{"id":"gen9nationaldex-1992149284","p1":"BoiledDrPepper","p2":"MMQZA7","format":"[Gen 9] National Dex","log":"|j|\u2606BoiledDrPepper\n|j|\u2606MMQZA7\n|t:|1700159107\n|gametype|singles\n|player|p1|BoiledDrPepper|dawn-gen4pt|1301\n|player|p2|MMQZA7|266|1402\n|teamsize|p1|6\n|teamsize|p2|6\n|gen|9\n|tier|[Gen 9] National Dex\n|rated|\n|rule|HP Percentage Mod: HP is shown in percentages\n|rule|Endless Battle Clause: Forcing endless battles is banned\n|rule|OHKO Clause: OHKO moves are banned\n|rule|Evasion Clause: Evasion abilities, items, and moves are banned\n|rule|Evasion Abilities Clause: Evasion abilities are banned\n|rule|Evasion Items Clause: Evasion items are banned\n|rule|Evasion Moves Clause: Evasion moves are banned\n|rule|Species Clause: Limit one of each Pok\u00e9mon\n|rule|Sleep Clause Mod: Limit one foe put to sleep\n|clearpoke\n|poke|p1|Porygon-Z|\n|poke|p1|Tyranitar, M|\n|poke|p1|Aggron, M|\n|poke|p1|Hatterene, F|\n|poke|p1|Lopunny, M|\n|poke|p1|Milotic, M|\n|poke|p2|Swellow, F|\n|poke|p2|Lopunny, F|\n|poke|p2|Garchomp, M|\n|poke|p2|Corviknight, M|\n|poke|p2|Clodsire, M|\n|poke|p2|Ogerpon-Cornerstone, F|\n|teampreview\n|\n|t:|1700159116\n|start\n|switch|p1a: IM TWEAKING RAAHH|Porygon-Z|100\/100\n|switch|p2a: Lopunny|Lopunny, F|100\/100\n|turn|1\n|\n|t:|1700159125\n|switch|p1a: *!#%*gron|Aggron, M|100\/100\n|detailschange|p2a: Lopunny|Lopunny-Mega, F\n|-mega|p2a: Lopunny|Lopunny|Lopunnite\n|move|p2a: Lopunny|Fake Out|p1a: *!#%*gron\n|-resisted|p1a: *!#%*gron\n|-damage|p1a: *!#%*gron|98\/100\n|\n|upkeep\n|turn|2\n|\n|t:|1700159131\n|detailschange|p1a: *!#%*gron|Aggron-Mega, M\n|-mega|p1a: *!#%*gron|Aggron|Aggronite\n|move|p2a: Lopunny|U-turn|p1a: *!#%*gron\n|-resisted|p1a: *!#%*gron\n|-damage|p1a: *!#%*gron|93\/100\n|\n|t:|1700159138\n|switch|p2a: Corviknight|Corviknight, M|100\/100|[from] U-turn\n|-ability|p2a: Corviknight|Pressure\n|move|p1a: *!#%*gron|Iron Defense|p1a: *!#%*gron\n|-boost|p1a: *!#%*gron|def|2\n|\n|upkeep\n|turn|3\n|\n|t:|1700159146\n|move|p2a: Corviknight|U-turn|p1a: *!#%*gron\n|-resisted|p1a: *!#%*gron\n|-damage|p1a: *!#%*gron|91\/100\n|\n|t:|1700159152\n|switch|p2a: Ogerpon|Ogerpon-Cornerstone, F|100\/100|[from] U-turn\n|move|p1a: *!#%*gron|Iron Defense|p1a: *!#%*gron\n|-boost|p1a: *!#%*gron|def|2\n|\n|upkeep\n|turn|4\n|\n|t:|1700159156\n|move|p2a: Ogerpon|Encore|p1a: *!#%*gron\n|-start|p1a: *!#%*gron|Encore\n|move|p1a: *!#%*gron|Iron Defense|p1a: *!#%*gron\n|-boost|p1a: *!#%*gron|def|2\n|\n|upkeep\n|turn|5\n|\n|t:|1700159159\n|move|p2a: Ogerpon|Ivy Cudgel|p1a: *!#%*gron|[anim] Ivy Cudgel Rock\n|-resisted|p1a: *!#%*gron\n|-damage|p1a: *!#%*gron|88\/100\n|move|p1a: *!#%*gron|Iron Defense|p1a: *!#%*gron\n|-boost|p1a: *!#%*gron|def|0\n|\n|upkeep\n|turn|6\n|\n|t:|1700159163\n|move|p2a: Ogerpon|Ivy Cudgel|p1a: *!#%*gron|[anim] Ivy Cudgel Rock\n|-resisted|p1a: *!#%*gron\n|-crit|p1a: *!#%*gron\n|-damage|p1a: *!#%*gron|71\/100\n|move|p1a: *!#%*gron|Iron Defense|p1a: *!#%*gron\n|-boost|p1a: *!#%*gron|def|0\n|\n|-end|p1a: *!#%*gron|Encore\n|upkeep\n|turn|7\n|\n|t:|1700159165\n|move|p2a: Ogerpon|Encore|p1a: *!#%*gron\n|-start|p1a: *!#%*gron|Encore\n|move|p1a: *!#%*gron|Iron Defense|p1a: *!#%*gron\n|-boost|p1a: *!#%*gron|def|0\n|\n|upkeep\n|turn|8\n|\n|t:|1700159170\n|switch|p2a: Swellow|Swellow, F|100\/100\n|move|p1a: *!#%*gron|Iron Defense|p1a: *!#%*gron\n|-boost|p1a: *!#%*gron|def|0\n|\n|upkeep\n|turn|9\n|\n|t:|1700159185\n|move|p2a: Swellow|Heat Wave|p1a: *!#%*gron\n|-supereffective|p1a: *!#%*gron\n|-damage|p1a: *!#%*gron|12\/100\n|move|p1a: *!#%*gron|Iron Defense|p1a: *!#%*gron\n|-boost|p1a: *!#%*gron|def|0\n|\n|-end|p1a: *!#%*gron|Encore\n|upkeep\n|turn|10\n|\n|t:|1700159196\n|switch|p1a: T-Tar|Tyranitar, M|100\/100\n|-weather|Sandstorm|[from] ability: Sand Stream|[of] p1a: T-Tar\n|move|p2a: Swellow|Heat Wave|p1a: T-Tar\n|-resisted|p1a: T-Tar\n|-damage|p1a: T-Tar|94\/100\n|\n|-weather|Sandstorm|[upkeep]\n|-damage|p2a: Swellow|94\/100|[from] Sandstorm\n|upkeep\n|turn|11\n|\n|t:|1700159202\n|-activate|p2a: Swellow|move: Pursuit\n|move|p1a: T-Tar|Pursuit|p2a: Swellow|[from]Pursuit\n|-damage|p2a: Swellow|0 fnt\n|faint|p2a: Swellow\n|-hint|A Pokemon can't switch between when it runs out of HP and when it faints\n|\n|-weather|Sandstorm|[upkeep]\n|upkeep\n|\n|t:|1700159217\n|switch|p2a: Lopunny|Lopunny-Mega, F|100\/100\n|turn|12\n|\n|t:|1700159219\n|switch|p1a: *!#%*gron|Aggron-Mega, M|12\/100\n|move|p2a: Lopunny|Close Combat|p1a: *!#%*gron\n|-supereffective|p1a: *!#%*gron\n|-damage|p1a: *!#%*gron|0 fnt\n|-unboost|p2a: Lopunny|def|1\n|-unboost|p2a: Lopunny|spd|1\n|faint|p1a: *!#%*gron\n|\n|-weather|Sandstorm|[upkeep]\n|-damage|p2a: Lopunny|95\/100|[from] Sandstorm\n|upkeep\n|\n|t:|1700159231\n|switch|p1a: Majic|Hatterene, F|100\/100\n|turn|13\n|\n|t:|1700159236\n|move|p2a: Lopunny|U-turn|p1a: Majic\n|-damage|p1a: Majic|72\/100\n|l|\u2606MMQZA7\n|player|p2|\n|j|\u2606MMQZA7\n|player|p2|MMQZA7|266\n|inactive|Battle timer is ON: inactive players will automatically lose when time's up. (requested by BoiledDrPepper)\n|\n|t:|1700159280\n|switch|p2a: Clodsire|Clodsire, M|100\/100|[from] U-turn\n|move|p1a: Majic|Nuzzle|p2a: Clodsire\n|-immune|p2a: Clodsire\n|\n|-weather|Sandstorm|[upkeep]\n|-damage|p1a: Majic|66\/100|[from] Sandstorm\n|-heal|p1a: Majic|72\/100|[from] item: Leftovers\n|upkeep\n|turn|14\n|\n|t:|1700159300\n|switch|p1a: T-Tar|Tyranitar, M|94\/100\n|move|p2a: Clodsire|Earthquake|p1a: T-Tar\n|-supereffective|p1a: T-Tar\n|-damage|p1a: T-Tar|50\/100\n|\n|-weather|none\n|upkeep\n|turn|15\n|\n|t:|1700159313\n|-terastallize|p1a: T-Tar|Flying\n|move|p1a: T-Tar|Earthquake|p2a: Clodsire\n|-supereffective|p2a: Clodsire\n|-damage|p2a: Clodsire|12\/100\n|move|p2a: Clodsire|Toxic|p1a: T-Tar\n|-status|p1a: T-Tar|tox\n|\n|-heal|p2a: Clodsire|18\/100|[from] item: Leftovers\n|-damage|p1a: T-Tar|43\/100 tox|[from] psn\n|upkeep\n|turn|16\n|\n|t:|1700159330\n|-terastallize|p2a: Clodsire|Dark\n|move|p1a: T-Tar|Knock Off|p2a: Clodsire\n|-resisted|p2a: Clodsire\n|-damage|p2a: Clodsire|0 fnt\n|-enditem|p2a: Clodsire|Leftovers|[from] move: Knock Off|[of] p1a: T-Tar\n|faint|p2a: Clodsire\n|\n|-damage|p1a: T-Tar|31\/100 tox|[from] psn\n|upkeep\n|\n|t:|1700159338\n|switch|p2a: Ogerpon|Ogerpon-Cornerstone, F|100\/100\n|turn|17\n|\n|t:|1700159344\n|switch|p1a: Charidard|Lopunny, M|100\/100\n|move|p2a: Ogerpon|Ivy Cudgel|p1a: Charidard|[anim] Ivy Cudgel Rock\n|-damage|p1a: Charidard|18\/100\n|\n|upkeep\n|turn|18\n|\n|t:|1700159348\n|switch|p2a: Corviknight|Corviknight, M|100\/100\n|-ability|p2a: Corviknight|Pressure\n|move|p1a: Charidard|Fake Out|p2a: Corviknight\n|-resisted|p2a: Corviknight\n|-crit|p2a: Corviknight\n|-damage|p2a: Corviknight|93\/100\n|-damage|p1a: Charidard|1\/100|[from] item: Rocky Helmet|[of] p2a: Corviknight\n|\n|upkeep\n|turn|19\n|\n|t:|1700159354\n|switch|p1a: T-Tar|Tyranitar, M, tera:Flying|31\/100 tox\n|-weather|Sandstorm|[from] ability: Sand Stream|[of] p1a: T-Tar\n|move|p2a: Corviknight|U-turn|p1a: T-Tar\n|-resisted|p1a: T-Tar\n|-damage|p1a: T-Tar|25\/100 tox\n|\n|t:|1700159357\n|switch|p2a: Ogerpon|Ogerpon-Cornerstone, F|100\/100|[from] U-turn\n|\n|-weather|Sandstorm|[upkeep]\n|-damage|p1a: T-Tar|19\/100 tox|[from] Sandstorm\n|-damage|p1a: T-Tar|13\/100 tox|[from] psn\n|upkeep\n|turn|20\n|\n|t:|1700159361\n|move|p2a: Ogerpon|Ivy Cudgel|p1a: T-Tar|[anim] Ivy Cudgel Rock\n|-supereffective|p1a: T-Tar\n|-crit|p1a: T-Tar\n|-damage|p1a: T-Tar|0 fnt\n|faint|p1a: T-Tar\n|\n|-weather|Sandstorm|[upkeep]\n|upkeep\n|\n|t:|1700159363\n|switch|p1a: Charidard|Lopunny, M|1\/100\n|turn|21\n|\n|t:|1700159368\n|switch|p2a: Corviknight|Corviknight, M|93\/100\n|-ability|p2a: Corviknight|Pressure\n|move|p1a: Charidard|Triple Axel|p2a: Corviknight\n|-damage|p2a: Corviknight|90\/100\n|-damage|p1a: Charidard|0 fnt|[from] item: Rocky Helmet|[of] p2a: Corviknight\n|faint|p1a: Charidard\n|-hitcount|p2a: Corviknight|1\n|\n|-weather|Sandstorm|[upkeep]\n|upkeep\n|\n|t:|1700159371\n|switch|p1a: IM TWEAKING RAAHH|Porygon-Z|100\/100\n|turn|22\n|\n|t:|1700159377\n|move|p1a: IM TWEAKING RAAHH|Ice Beam|p2a: Corviknight\n|-damage|p2a: Corviknight|42\/100\n|move|p2a: Corviknight|Body Press|p1a: IM TWEAKING RAAHH\n|-supereffective|p1a: IM TWEAKING RAAHH\n|-damage|p1a: IM TWEAKING RAAHH|20\/100\n|\n|-weather|Sandstorm|[upkeep]\n|-damage|p1a: IM TWEAKING RAAHH|14\/100|[from] Sandstorm\n|upkeep\n|turn|23\n|\n|t:|1700159386\n|move|p1a: IM TWEAKING RAAHH|Ice Beam|p2a: Corviknight\n|-damage|p2a: Corviknight|0 fnt\n|faint|p2a: Corviknight\n|\n|-weather|none\n|upkeep\n|l|\u2606MMQZA7\n|inactive|MMQZA7 disconnected and has a minute to reconnect!\n|player|p2|\n|j|\u2606MMQZA7\n|inactive|MMQZA7 reconnected and has 125 seconds left.\n|player|p2|MMQZA7|266\n|inactive|MMQZA7 has 120 seconds left.\n|\n|t:|1700159419\n|switch|p2a: Garchomp|Garchomp, M|100\/100\n|turn|24\n|\n|t:|1700159423\n|move|p2a: Garchomp|Earthquake|p1a: IM TWEAKING RAAHH\n|-damage|p1a: IM TWEAKING RAAHH|0 fnt\n|faint|p1a: IM TWEAKING RAAHH\n|\n|upkeep\n|\n|t:|1700159429\n|switch|p1a: Majic|Hatterene, F|72\/100\n|turn|25\n|\n|t:|1700159434\n|move|p2a: Garchomp|Earthquake|p1a: Majic\n|-damage|p1a: Majic|16\/100\n|move|p1a: Majic|Draining Kiss|p2a: Garchomp\n|-supereffective|p2a: Garchomp\n|-damage|p2a: Garchomp|50\/100\n|-heal|p1a: Majic|58\/100|[from] drain|[of] p2a: Garchomp\n|-damage|p1a: Majic|46\/100|[from] ability: Rough Skin|[of] p2a: Garchomp\n|\n|-heal|p1a: Majic|52\/100|[from] item: Leftovers\n|upkeep\n|turn|26\n|\n|t:|1700159438\n|move|p2a: Garchomp|Earthquake|p1a: Majic\n|-damage|p1a: Majic|0 fnt\n|faint|p1a: Majic\n|\n|upkeep\n|\n|t:|1700159442\n|switch|p1a: Feesh|Milotic, M|100\/100\n|turn|27\n|\n|t:|1700159445\n|move|p2a: Garchomp|Earthquake|p1a: Feesh\n|-damage|p1a: Feesh|49\/100\n|move|p1a: Feesh|Scald|p2a: Garchomp\n|-damage|p2a: Garchomp|16\/100\n|-status|p2a: Garchomp|brn\n|\n|-heal|p1a: Feesh|55\/100|[from] item: Leftovers\n|-damage|p2a: Garchomp|10\/100 brn|[from] brn\n|upkeep\n|turn|28\n|\n|t:|1700159448\n|move|p2a: Garchomp|Earthquake|p1a: Feesh\n|-damage|p1a: Feesh|26\/100\n|move|p1a: Feesh|Recover|p1a: Feesh\n|-heal|p1a: Feesh|76\/100\n|\n|-heal|p1a: Feesh|82\/100|[from] item: Leftovers\n|-damage|p2a: Garchomp|4\/100 brn|[from] brn\n|upkeep\n|turn|29\n|\n|t:|1700159453\n|switch|p2a: Lopunny|Lopunny-Mega, F|95\/100\n|move|p1a: Feesh|Recover|p1a: Feesh\n|-heal|p1a: Feesh|100\/100\n|\n|upkeep\n|turn|30\n|\n|t:|1700159455\n|move|p2a: Lopunny|Fake Out|p1a: Feesh\n|-damage|p1a: Feesh|78\/100\n|cant|p1a: Feesh|flinch\n|\n|-heal|p1a: Feesh|84\/100|[from] item: Leftovers\n|upkeep\n|turn|31\n|\n|t:|1700159458\n|move|p2a: Lopunny|U-turn|p1a: Feesh\n|-damage|p1a: Feesh|59\/100\n|\n|t:|1700159460\n|switch|p2a: Garchomp|Garchomp, M|4\/100 brn|[from] U-turn\n|move|p1a: Feesh|Toxic||[still]\n|-fail|p1a: Feesh\n|\n|-heal|p1a: Feesh|65\/100|[from] item: Leftovers\n|-damage|p2a: Garchomp|0 fnt|[from] brn\n|faint|p2a: Garchomp\n|upkeep\n|\n|t:|1700159466\n|switch|p2a: Ogerpon|Ogerpon-Cornerstone, F|100\/100\n|turn|32\n|\n|t:|1700159469\n|move|p2a: Ogerpon|Encore|p1a: Feesh\n|-start|p1a: Feesh|Encore\n|move|p1a: Feesh|Toxic|p2a: Ogerpon\n|-status|p2a: Ogerpon|tox\n|\n|-heal|p1a: Feesh|71\/100|[from] item: Leftovers\n|-damage|p2a: Ogerpon|95\/100 tox|[from] psn\n|upkeep\n|turn|33\n|\n|t:|1700159473\n|move|p2a: Ogerpon|Horn Leech|p1a: Feesh\n|-supereffective|p1a: Feesh\n|-damage|p1a: Feesh|0 fnt\n|-heal|p2a: Ogerpon|100\/100 tox|[from] drain|[of] p1a: Feesh\n|faint|p1a: Feesh\n|\n|win|MMQZA7\n|raw|BoiledDrPepper's rating: 1301 &rarr; <strong>1287<\/strong><br \/>(-14 for losing)\n|raw|MMQZA7's rating: 1402 &rarr; <strong>1416<\/strong><br \/>(+14 for winning)\n|c|\u2606BoiledDrPepper|Gg wp\n|c|\u2606MMQZA7|gg\n|l|\u2606BoiledDrPepper\n","uploadtime":1700159484,"views":7,"p1id":"boileddrpepper","p2id":"mmqza7","formatid":"gen9nationaldex","rating":1287,"private":0,"password":""}