{"id":"gen9nationaldex-1987532547","p1":"Mapdan","p2":"sdsslsy","format":"[Gen 9] National Dex","log":"|j|\u2606Mapdan\n|j|\u2606sdsslsy\n|t:|1699607778\n|gametype|singles\n|player|p1|Mapdan|265|1837\n|player|p2|sdsslsy|265|1728\n|teamsize|p1|6\n|teamsize|p2|6\n|gen|9\n|tier|[Gen 9] National Dex\n|rated|\n|rule|HP Percentage Mod: HP is shown in percentages\n|rule|Endless Battle Clause: Forcing endless battles is banned\n|rule|OHKO Clause: OHKO moves are banned\n|rule|Evasion Clause: Evasion abilities, items, and moves are banned\n|rule|Evasion Abilities Clause: Evasion abilities are banned\n|rule|Evasion Items Clause: Evasion items are banned\n|rule|Evasion Moves Clause: Evasion moves are banned\n|rule|Species Clause: Limit one of each Pok\u00e9mon\n|rule|Sleep Clause Mod: Limit one foe put to sleep\n|clearpoke\n|poke|p1|Entei|\n|poke|p1|Zapdos|\n|poke|p1|Latias, F|\n|poke|p1|Dragonite, M|\n|poke|p1|Iron Valiant|\n|poke|p1|Greninja-*, M|\n|poke|p2|Zeraora|\n|poke|p2|Dragonite, M|\n|poke|p2|Diancie|\n|poke|p2|Chansey, F|\n|poke|p2|Tapu Fini|\n|poke|p2|Hoopa-Unbound|\n|teampreview\n|inactive|Battle timer is ON: inactive players will automatically lose when time's up. (requested by sdsslsy)\n|\n|t:|1699607789\n|start\n|switch|p1a: Entei|Entei|100\/100\n|switch|p2a: Tapu Fini|Tapu Fini|100\/100\n|-fieldstart|move: Misty Terrain|[from] ability: Misty Surge|[of] p2a: Tapu Fini\n|turn|1\n|\n|t:|1699607794\n|switch|p1a: Zapdos|Zapdos|100\/100\n|move|p2a: Tapu Fini|Nature's Madness|p1a: Zapdos\n|-damage|p1a: Zapdos|51\/100\n|\n|upkeep\n|turn|2\n|j| YJLF2\n|\n|t:|1699607811\n|switch|p2a: Zeraora|Zeraora|100\/100\n|move|p1a: Zapdos|Heat Wave|p2a: Zeraora\n|-damage|p2a: Zeraora|59\/100\n|\n|upkeep\n|turn|3\n|\n|t:|1699607817\n|move|p2a: Zeraora|Plasma Fists|p1a: Zapdos\n|-damage|p1a: Zapdos|0 fnt\n|-fieldactivate|move: Ion Deluge\n|-hint|Normal-type moves become Electric-type after using Plasma Fists.\n|faint|p1a: Zapdos\n|\n|upkeep\n|\n|t:|1699607827\n|switch|p1a: Iron Valiant|Iron Valiant|100\/100\n|-enditem|p1a: Iron Valiant|Booster Energy\n|-activate|p1a: Iron Valiant|ability: Quark Drive|[fromitem]\n|-start|p1a: Iron Valiant|quarkdrivespe\n|turn|4\n|\n|t:|1699607838\n|switch|p2a: Tapu Fini|Tapu Fini|100\/100\n|move|p1a: Iron Valiant|Moonblast|p2a: Tapu Fini\n|-damage|p2a: Tapu Fini|68\/100\n|-unboost|p2a: Tapu Fini|spa|1\n|\n|-heal|p2a: Tapu Fini|74\/100|[from] item: Leftovers\n|upkeep\n|turn|5\n|\n|t:|1699607846\n|move|p1a: Iron Valiant|Thunderbolt|p2a: Tapu Fini\n|-supereffective|p2a: Tapu Fini\n|-damage|p2a: Tapu Fini|37\/100\n|move|p2a: Tapu Fini|Draining Kiss|p1a: Iron Valiant\n|-supereffective|p1a: Iron Valiant\n|-crit|p1a: Iron Valiant\n|-damage|p1a: Iron Valiant|0 fnt\n|-heal|p2a: Tapu Fini|99\/100|[from] drain|[of] p1a: Iron Valiant\n|faint|p1a: Iron Valiant\n|-end|p1a: Iron Valiant|Quark Drive|[silent]\n|\n|-heal|p2a: Tapu Fini|100\/100|[from] item: Leftovers\n|-fieldend|Misty Terrain\n|upkeep\n|\n|t:|1699607860\n|switch|p1a: Latias|Latias, F|100\/100\n|turn|6\n|\n|t:|1699607865\n|switch|p2a: Diancie|Diancie|100\/100\n|detailschange|p1a: Latias|Latias-Mega, F\n|-mega|p1a: Latias|Latias|Latiasite\n|move|p1a: Latias|Calm Mind|p1a: Latias\n|-boost|p1a: Latias|spa|1\n|-boost|p1a: Latias|spd|1\n|\n|upkeep\n|turn|7\n|\n|t:|1699607870\n|detailschange|p2a: Diancie|Diancie-Mega\n|-mega|p2a: Diancie|Diancie|Diancite\n|move|p2a: Diancie|Encore|p1a: Latias\n|-start|p1a: Latias|Encore\n|move|p1a: Latias|Calm Mind|p1a: Latias\n|-boost|p1a: Latias|spa|1\n|-boost|p1a: Latias|spd|1\n|\n|upkeep\n|turn|8\n|\n|t:|1699607876\n|move|p2a: Diancie|Stealth Rock|p1a: Latias\n|-sidestart|p1: Mapdan|move: Stealth Rock\n|move|p1a: Latias|Calm Mind|p1a: Latias\n|-boost|p1a: Latias|spa|1\n|-boost|p1a: Latias|spd|1\n|\n|upkeep\n|turn|9\n|\n|t:|1699607887\n|move|p2a: Diancie|Moonblast|p1a: Latias\n|-supereffective|p1a: Latias\n|-damage|p1a: Latias|67\/100\n|move|p1a: Latias|Calm Mind|p1a: Latias\n|-boost|p1a: Latias|spa|1\n|-boost|p1a: Latias|spd|1\n|\n|-end|p1a: Latias|Encore\n|upkeep\n|turn|10\n|\n|t:|1699607892\n|move|p2a: Diancie|Encore|p1a: Latias\n|-start|p1a: Latias|Encore\n|move|p1a: Latias|Calm Mind|p1a: Latias\n|-boost|p1a: Latias|spa|1\n|-boost|p1a: Latias|spd|1\n|\n|upkeep\n|turn|11\n|\n|t:|1699607896\n|switch|p2a: Hoopa|Hoopa-Unbound|100\/100\n|move|p1a: Latias|Calm Mind|p1a: Latias\n|-boost|p1a: Latias|spa|1\n|-boost|p1a: Latias|spd|1\n|\n|upkeep\n|turn|12\n|\n|t:|1699607901\n|switch|p1a: Greninja|Greninja, M|100\/100\n|-damage|p1a: Greninja|88\/100|[from] Stealth Rock\n|move|p2a: Hoopa|Hyperspace Fury|p1a: Greninja\n|-resisted|p1a: Greninja\n|-damage|p1a: Greninja|8\/100\n|-unboost|p2a: Hoopa|def|1\n|\n|upkeep\n|turn|13\n|\n|t:|1699607906\n|move|p1a: Greninja|Dark Pulse|p2a: Hoopa\n|-damage|p2a: Hoopa|48\/100\n|move|p2a: Hoopa|Hyperspace Fury|p1a: Greninja\n|-resisted|p1a: Greninja\n|-damage|p1a: Greninja|0 fnt\n|-unboost|p2a: Hoopa|def|1\n|faint|p1a: Greninja\n|\n|upkeep\n|\n|t:|1699607912\n|switch|p1a: Entei|Entei|100\/100\n|-damage|p1a: Entei|76\/100|[from] Stealth Rock\n|turn|14\n|\n|t:|1699607915\n|switch|p2a: Tapu Fini|Tapu Fini|100\/100\n|-fieldstart|move: Misty Terrain|[from] ability: Misty Surge|[of] p2a: Tapu Fini\n|move|p1a: Entei|Stone Edge|p2a: Tapu Fini\n|-damage|p2a: Tapu Fini|73\/100\n|-damage|p1a: Entei|66\/100|[from] item: Life Orb\n|\n|-heal|p2a: Tapu Fini|79\/100|[from] item: Leftovers\n|upkeep\n|turn|15\n|\n|t:|1699607919\n|move|p1a: Entei|Stone Edge|p2a: Tapu Fini\n|-damage|p2a: Tapu Fini|53\/100\n|-damage|p1a: Entei|56\/100|[from] item: Life Orb\n|move|p2a: Tapu Fini|Nature's Madness|p1a: Entei\n|-damage|p1a: Entei|28\/100\n|\n|-heal|p2a: Tapu Fini|59\/100|[from] item: Leftovers\n|upkeep\n|turn|16\n|\n|t:|1699607923\n|switch|p2a: Diancie|Diancie-Mega|100\/100\n|move|p1a: Entei|Stone Edge|p2a: Diancie|[miss]\n|-miss|p1a: Entei|p2a: Diancie\n|\n|upkeep\n|turn|17\n|\n|t:|1699607928\n|move|p2a: Diancie|Earth Power|p1a: Entei\n|-supereffective|p1a: Entei\n|-damage|p1a: Entei|0 fnt\n|faint|p1a: Entei\n|\n|upkeep\n|\n|t:|1699607931\n|switch|p1a: Dragonite|Dragonite, M|100\/100\n|-damage|p1a: Dragonite|76\/100|[from] Stealth Rock\n|turn|18\n|\n|t:|1699607935\n|-terastallize|p1a: Dragonite|Normal\n|move|p2a: Diancie|Moonblast|p1a: Dragonite\n|-damage|p1a: Dragonite|14\/100\n|move|p1a: Dragonite|Dragon Dance|p1a: Dragonite\n|-boost|p1a: Dragonite|atk|1\n|-boost|p1a: Dragonite|spe|1\n|\n|-fieldend|Misty Terrain\n|upkeep\n|turn|19\n|\n|t:|1699607947\n|move|p1a: Dragonite|Earthquake|p2a: Diancie\n|-supereffective|p2a: Diancie\n|-damage|p2a: Diancie|0 fnt\n|faint|p2a: Diancie\n|\n|upkeep\n|\n|t:|1699607949\n|switch|p2a: Tapu Fini|Tapu Fini|59\/100\n|-fieldstart|move: Misty Terrain|[from] ability: Misty Surge|[of] p2a: Tapu Fini\n|turn|20\n|\n|t:|1699607953\n|move|p1a: Dragonite|Extreme Speed|p2a: Tapu Fini\n|-damage|p2a: Tapu Fini|13\/100\n|move|p2a: Tapu Fini|Draining Kiss|p1a: Dragonite\n|-damage|p1a: Dragonite|0 fnt\n|-heal|p2a: Tapu Fini|23\/100|[from] drain|[of] p1a: Dragonite\n|faint|p1a: Dragonite\n|\n|-heal|p2a: Tapu Fini|29\/100|[from] item: Leftovers\n|upkeep\n|\n|t:|1699607956\n|switch|p1a: Latias|Latias-Mega, F|67\/100\n|-damage|p1a: Latias|55\/100|[from] Stealth Rock\n|turn|21\n|\n|t:|1699607961\n|move|p1a: Latias|Calm Mind|p1a: Latias\n|-boost|p1a: Latias|spa|1\n|-boost|p1a: Latias|spd|1\n|move|p2a: Tapu Fini|Draining Kiss|p1a: Latias\n|-supereffective|p1a: Latias\n|-damage|p1a: Latias|39\/100\n|-heal|p2a: Tapu Fini|41\/100|[from] drain|[of] p1a: Latias\n|\n|-heal|p2a: Tapu Fini|47\/100|[from] item: Leftovers\n|upkeep\n|turn|22\n|\n|t:|1699607965\n|move|p1a: Latias|Roost|p1a: Latias\n|-heal|p1a: Latias|89\/100\n|-singleturn|p1a: Latias|move: Roost\n|move|p2a: Tapu Fini|Haze|p2a: Tapu Fini\n|-clearallboost\n|\n|-heal|p2a: Tapu Fini|53\/100|[from] item: Leftovers\n|upkeep\n|turn|23\n|\n|t:|1699607967\n|move|p1a: Latias|Calm Mind|p1a: Latias\n|-boost|p1a: Latias|spa|1\n|-boost|p1a: Latias|spd|1\n|move|p2a: Tapu Fini|Nature's Madness|p1a: Latias\n|-damage|p1a: Latias|45\/100\n|\n|-heal|p2a: Tapu Fini|59\/100|[from] item: Leftovers\n|upkeep\n|turn|24\n|\n|t:|1699607970\n|move|p1a: Latias|Calm Mind|p1a: Latias\n|-boost|p1a: Latias|spa|1\n|-boost|p1a: Latias|spd|1\n|move|p2a: Tapu Fini|Haze|p2a: Tapu Fini\n|-clearallboost\n|\n|-heal|p2a: Tapu Fini|65\/100|[from] item: Leftovers\n|-fieldend|Misty Terrain\n|upkeep\n|turn|25\n|\n|t:|1699607973\n|move|p1a: Latias|Roost|p1a: Latias\n|-heal|p1a: Latias|95\/100\n|-singleturn|p1a: Latias|move: Roost\n|move|p2a: Tapu Fini|Nature's Madness|p1a: Latias\n|-damage|p1a: Latias|48\/100\n|\n|-heal|p2a: Tapu Fini|71\/100|[from] item: Leftovers\n|upkeep\n|turn|26\n|\n|t:|1699607978\n|move|p1a: Latias|Calm Mind|p1a: Latias\n|-boost|p1a: Latias|spa|1\n|-boost|p1a: Latias|spd|1\n|move|p2a: Tapu Fini|Draining Kiss|p1a: Latias\n|-supereffective|p1a: Latias\n|-damage|p1a: Latias|34\/100\n|-heal|p2a: Tapu Fini|82\/100|[from] drain|[of] p1a: Latias\n|\n|-heal|p2a: Tapu Fini|89\/100|[from] item: Leftovers\n|upkeep\n|turn|27\n|\n|t:|1699607981\n|move|p1a: Latias|Calm Mind|p1a: Latias\n|-boost|p1a: Latias|spa|1\n|-boost|p1a: Latias|spd|1\n|move|p2a: Tapu Fini|Haze|p2a: Tapu Fini\n|-clearallboost\n|\n|-heal|p2a: Tapu Fini|95\/100|[from] item: Leftovers\n|upkeep\n|turn|28\n|\n|t:|1699607984\n|move|p1a: Latias|Calm Mind|p1a: Latias\n|-boost|p1a: Latias|spa|1\n|-boost|p1a: Latias|spd|1\n|move|p2a: Tapu Fini|Draining Kiss|p1a: Latias\n|-supereffective|p1a: Latias\n|-damage|p1a: Latias|19\/100\n|-heal|p2a: Tapu Fini|100\/100|[from] drain|[of] p1a: Latias\n|\n|upkeep\n|turn|29\n|\n|t:|1699607989\n|move|p1a: Latias|Roost|p1a: Latias\n|-heal|p1a: Latias|69\/100\n|-singleturn|p1a: Latias|move: Roost\n|move|p2a: Tapu Fini|Haze|p2a: Tapu Fini\n|-clearallboost\n|\n|upkeep\n|turn|30\n|\n|t:|1699607993\n|move|p1a: Latias|Calm Mind|p1a: Latias\n|-boost|p1a: Latias|spa|1\n|-boost|p1a: Latias|spd|1\n|move|p2a: Tapu Fini|Nature's Madness|p1a: Latias\n|-damage|p1a: Latias|35\/100\n|\n|upkeep\n|turn|31\n|\n|t:|1699607999\n|move|p1a: Latias|Stored Power|p2a: Tapu Fini\n|-damage|p2a: Tapu Fini|65\/100\n|move|p2a: Tapu Fini|Draining Kiss|p1a: Latias\n|-supereffective|p1a: Latias\n|-damage|p1a: Latias|21\/100\n|-heal|p2a: Tapu Fini|76\/100|[from] drain|[of] p1a: Latias\n|\n|-heal|p2a: Tapu Fini|82\/100|[from] item: Leftovers\n|upkeep\n|turn|32\n|\n|t:|1699608003\n|move|p1a: Latias|Roost|p1a: Latias\n|-heal|p1a: Latias|71\/100\n|-singleturn|p1a: Latias|move: Roost\n|move|p2a: Tapu Fini|Haze|p2a: Tapu Fini\n|-clearallboost\n|\n|-heal|p2a: Tapu Fini|89\/100|[from] item: Leftovers\n|upkeep\n|turn|33\n|\n|t:|1699608006\n|move|p1a: Latias|Calm Mind|p1a: Latias\n|-boost|p1a: Latias|spa|1\n|-boost|p1a: Latias|spd|1\n|move|p2a: Tapu Fini|Nature's Madness|p1a: Latias\n|-damage|p1a: Latias|36\/100\n|\n|-heal|p2a: Tapu Fini|95\/100|[from] item: Leftovers\n|upkeep\n|turn|34\n|\n|t:|1699608013\n|move|p1a: Latias|Stored Power|p2a: Tapu Fini\n|-damage|p2a: Tapu Fini|61\/100\n|move|p2a: Tapu Fini|Haze|p2a: Tapu Fini\n|-clearallboost\n|\n|-heal|p2a: Tapu Fini|67\/100|[from] item: Leftovers\n|upkeep\n|turn|35\n|\n|t:|1699608016\n|move|p1a: Latias|Calm Mind|p1a: Latias\n|-boost|p1a: Latias|spa|1\n|-boost|p1a: Latias|spd|1\n|move|p2a: Tapu Fini|Draining Kiss|p1a: Latias\n|-supereffective|p1a: Latias\n|-crit|p1a: Latias\n|-damage|p1a: Latias|0 fnt\n|-heal|p2a: Tapu Fini|95\/100|[from] drain|[of] p1a: Latias\n|faint|p1a: Latias\n|\n|win|sdsslsy\n|raw|Mapdan's rating: 1837 &rarr; <strong>1811<\/strong><br \/>(-26 for losing)\n|raw|sdsslsy's rating: 1728 &rarr; <strong>1754<\/strong><br \/>(+26 for winning)\n","uploadtime":1699608024,"views":11,"p1id":"mapdan","p2id":"sdsslsy","formatid":"gen9nationaldex","rating":1754,"private":0,"password":""}