{"id":"gen9nationaldex-1995806549","p1":"H4RC0L0","p2":"hackilla15","format":"[Gen 9] National Dex","log":"|html|<div class=\"broadcast-blue\"><strong>[Gen 9] National Dex is currently suspecting Sneasler! For information on how to participate check out the <a href=\"https:\/\/www.smogon.com\/forums\/threads\/sv-national-dex-suspect-8-just-dance.3731534\/\">suspect thread<\/a>.<\/strong><\/div>\n|j|\u2606H4RC0L0\n|j|\u2606hackilla15\n|t:|1700604995\n|gametype|singles\n|player|p1|H4RC0L0|cyrus|1369\n|player|p2|hackilla15|ethan|1379\n|teamsize|p1|6\n|teamsize|p2|6\n|gen|9\n|tier|[Gen 9] National Dex\n|rated|\n|rule|HP Percentage Mod: HP is shown in percentages\n|rule|Endless Battle Clause: Forcing endless battles is banned\n|rule|OHKO Clause: OHKO moves are banned\n|rule|Evasion Clause: Evasion abilities, items, and moves are banned\n|rule|Evasion Abilities Clause: Evasion abilities are banned\n|rule|Evasion Items Clause: Evasion items are banned\n|rule|Evasion Moves Clause: Evasion moves are banned\n|rule|Species Clause: Limit one of each Pok\u00e9mon\n|rule|Sleep Clause Mod: Limit one foe put to sleep\n|clearpoke\n|poke|p1|Banette, F|\n|poke|p1|Electrode-Hisui|\n|poke|p1|Toxapex, F|\n|poke|p1|Landorus-Therian, M|\n|poke|p1|Zapdos-Galar|\n|poke|p1|Tyranitar, M|\n|poke|p2|Zoroark-Hisui, F|\n|poke|p2|Venusaur, F|\n|poke|p2|Ceruledge, M|\n|poke|p2|Muk-Alola, F|\n|poke|p2|Corviknight, M|\n|poke|p2|Dragonite, M|\n|teampreview\n|inactive|Battle timer is ON: inactive players will automatically lose when time's up. (requested by H4RC0L0)\n|\n|t:|1700605009\n|start\n|switch|p1a: Landorus|Landorus-Therian, M, shiny|100\/100\n|switch|p2a: Alduin|Dragonite, M|100\/100\n|-ability|p1a: Landorus|Intimidate|boost\n|-unboost|p2a: Alduin|atk|1\n|turn|1\n|\n|t:|1700605017\n|move|p2a: Alduin|Bitter Malice|p1a: Landorus\n|-damage|p1a: Landorus|44\/100\n|-unboost|p1a: Landorus|atk|1\n|move|p1a: Landorus|Knock Off|p2a: Alduin\n|-supereffective|p2a: Alduin\n|-damage|p2a: Alduin|20\/100\n|replace|p2a: Amaterasu|Zoroark-Hisui, F, shiny\n|-end|p2a: Amaterasu|Illusion\n|-enditem|p2a: Amaterasu|Choice Scarf|[from] move: Knock Off|[of] p1a: Landorus\n|\n|upkeep\n|turn|2\n|\n|t:|1700605026\n|switch|p1a: Tyranitar|Tyranitar, M, shiny|100\/100\n|-weather|Sandstorm|[from] ability: Sand Stream|[of] p1a: Tyranitar\n|move|p2a: Amaterasu|Bitter Malice|p1a: Tyranitar\n|-resisted|p1a: Tyranitar\n|-damage|p1a: Tyranitar|93\/100\n|-unboost|p1a: Tyranitar|atk|1\n|\n|-weather|Sandstorm|[upkeep]\n|-damage|p2a: Amaterasu|14\/100|[from] Sandstorm\n|upkeep\n|turn|3\n|\n|t:|1700605035\n|move|p2a: Amaterasu|Bitter Malice|p1a: Tyranitar\n|-resisted|p1a: Tyranitar\n|-damage|p1a: Tyranitar|85\/100\n|-unboost|p1a: Tyranitar|atk|1\n|move|p1a: Tyranitar|Earthquake|p2a: Amaterasu\n|-damage|p2a: Amaterasu|0 fnt\n|faint|p2a: Amaterasu\n|\n|-weather|Sandstorm|[upkeep]\n|upkeep\n|\n|t:|1700605039\n|switch|p2a: Lancelot|Corviknight, M, shiny|100\/100\n|turn|4\n|\n|t:|1700605046\n|switch|p1a: Banette|Banette, F, shiny|100\/100\n|-item|p2a: Lancelot|Light Clay|[from] ability: Frisk|[of] p1a: Banette|[identify]\n|move|p2a: Lancelot|Light Screen|p2a: Lancelot\n|-sidestart|p2: hackilla15|move: Light Screen\n|\n|-weather|Sandstorm|[upkeep]\n|-damage|p1a: Banette|94\/100|[from] Sandstorm\n|upkeep\n|turn|5\n|\n|t:|1700605054\n|detailschange|p1a: Banette|Banette-Mega, F, shiny\n|-mega|p1a: Banette|Banette|Banettite\n|move|p1a: Banette|Will-O-Wisp|p2a: Lancelot\n|-status|p2a: Lancelot|brn\n|move|p2a: Lancelot|Reflect|p2a: Lancelot\n|-sidestart|p2: hackilla15|Reflect\n|\n|-weather|Sandstorm|[upkeep]\n|-damage|p1a: Banette|88\/100|[from] Sandstorm\n|-damage|p2a: Lancelot|94\/100 brn|[from] brn\n|upkeep\n|turn|6\n|\n|t:|1700605062\n|move|p1a: Banette|Swords Dance|p1a: Banette\n|-boost|p1a: Banette|atk|2\n|move|p2a: Lancelot|Iron Head|p1a: Banette\n|-damage|p1a: Banette|73\/100\n|\n|-weather|none\n|-damage|p2a: Lancelot|88\/100 brn|[from] brn\n|upkeep\n|turn|7\n|\n|t:|1700605068\n|switch|p2a: BIG BERTHA|Muk-Alola, F|100\/100\n|move|p1a: Banette|Swords Dance|p1a: Banette\n|-boost|p1a: Banette|atk|2\n|\n|upkeep\n|turn|8\n|\n|t:|1700605077\n|switch|p1a: Tyranitar|Tyranitar, M, shiny|85\/100\n|-weather|Sandstorm|[from] ability: Sand Stream|[of] p1a: Tyranitar\n|move|p2a: BIG BERTHA|Haze|p2a: BIG BERTHA\n|-clearallboost\n|\n|-weather|Sandstorm|[upkeep]\n|-damage|p2a: BIG BERTHA|94\/100|[from] Sandstorm\n|upkeep\n|turn|9\n|\n|t:|1700605087\n|move|p1a: Tyranitar|Rock Tomb|p2a: BIG BERTHA\n|-damage|p2a: BIG BERTHA|76\/100\n|-unboost|p2a: BIG BERTHA|spe|1\n|move|p2a: BIG BERTHA|Drain Punch|p1a: Tyranitar\n|-supereffective|p1a: Tyranitar\n|-damage|p1a: Tyranitar|16\/100\n|-heal|p2a: BIG BERTHA|100\/100|[from] drain|[of] p1a: Tyranitar\n|\n|-weather|Sandstorm|[upkeep]\n|-damage|p2a: BIG BERTHA|94\/100|[from] Sandstorm\n|upkeep\n|turn|10\n|\n|t:|1700605095\n|move|p1a: Tyranitar|Earthquake|p2a: BIG BERTHA\n|-supereffective|p2a: BIG BERTHA\n|-damage|p2a: BIG BERTHA|52\/100\n|move|p2a: BIG BERTHA|Knock Off|p1a: Tyranitar\n|-resisted|p1a: Tyranitar\n|-damage|p1a: Tyranitar|0 fnt\n|-enditem|p1a: Tyranitar|Assault Vest|[from] move: Knock Off|[of] p2a: BIG BERTHA\n|faint|p1a: Tyranitar\n|\n|-weather|Sandstorm|[upkeep]\n|-damage|p2a: BIG BERTHA|46\/100|[from] Sandstorm\n|-enditem|p2a: BIG BERTHA|Iapapa Berry|[eat]\n|-heal|p2a: BIG BERTHA|79\/100|[from] item: Iapapa Berry\n|upkeep\n|\n|t:|1700605103\n|switch|p1a: Zapdos|Zapdos-Galar|100\/100\n|turn|11\n|\n|t:|1700605108\n|move|p1a: Zapdos|Thunderous Kick|p2a: BIG BERTHA\n|-damage|p2a: BIG BERTHA|54\/100\n|-unboost|p2a: BIG BERTHA|def|1\n|move|p2a: BIG BERTHA|Knock Off|p1a: Zapdos\n|-resisted|p1a: Zapdos\n|-damage|p1a: Zapdos|72\/100\n|-enditem|p1a: Zapdos|Choice Scarf|[from] move: Knock Off|[of] p2a: BIG BERTHA\n|\n|-weather|Sandstorm|[upkeep]\n|-damage|p1a: Zapdos|66\/100|[from] Sandstorm\n|-damage|p2a: BIG BERTHA|47\/100|[from] Sandstorm\n|-sideend|p2: hackilla15|move: Light Screen\n|upkeep\n|turn|12\n|\n|t:|1700605115\n|switch|p2a: Lancelot|Corviknight, M, shiny|88\/100 brn\n|move|p1a: Zapdos|Thunderous Kick|p2a: Lancelot\n|-damage|p2a: Lancelot|70\/100 brn\n|-ability|p2a: Lancelot|Mirror Armor\n|-unboost|p1a: Zapdos|def|1\n|-ability|p1a: Zapdos|Defiant|boost\n|-boost|p1a: Zapdos|atk|2\n|\n|-weather|none\n|-damage|p2a: Lancelot|64\/100 brn|[from] brn\n|-sideend|p2: hackilla15|Reflect\n|upkeep\n|turn|13\n|\n|t:|1700605124\n|move|p1a: Zapdos|Knock Off|p2a: Lancelot\n|-crit|p2a: Lancelot\n|-damage|p2a: Lancelot|0 fnt\n|-enditem|p2a: Lancelot|Light Clay|[from] move: Knock Off|[of] p1a: Zapdos\n|faint|p2a: Lancelot\n|\n|upkeep\n|\n|t:|1700605137\n|switch|p2a: Moody Edge|Ceruledge, M, shiny|100\/100\n|turn|14\n|\n|t:|1700605140\n|move|p1a: Zapdos|Knock Off|p2a: Moody Edge\n|-supereffective|p2a: Moody Edge\n|-enditem|p2a: Moody Edge|Focus Sash\n|-damage|p2a: Moody Edge|1\/100\n|-ability|p2a: Moody Edge|Weak Armor|boost\n|-unboost|p2a: Moody Edge|def|1\n|-boost|p2a: Moody Edge|spe|2\n|move|p2a: Moody Edge|Swords Dance|p2a: Moody Edge\n|-boost|p2a: Moody Edge|atk|2\n|\n|upkeep\n|turn|15\n|\n|t:|1700605150\n|move|p2a: Moody Edge|Bitter Blade|p1a: Zapdos\n|-damage|p1a: Zapdos|0 fnt\n|-heal|p2a: Moody Edge|37\/100|[from] drain|[of] p1a: Zapdos\n|faint|p1a: Zapdos\n|\n|upkeep\n|\n|t:|1700605155\n|switch|p1a: Banette|Banette-Mega, F, shiny|73\/100\n|turn|16\n|\n|t:|1700605159\n|move|p1a: Banette|Shadow Sneak|p2a: Moody Edge\n|-supereffective|p2a: Moody Edge\n|-damage|p2a: Moody Edge|0 fnt\n|faint|p2a: Moody Edge\n|\n|upkeep\n|\n|t:|1700605163\n|switch|p2a: BIG BERTHA|Muk-Alola, F|47\/100\n|turn|17\n|\n|t:|1700605168\n|move|p1a: Banette|Will-O-Wisp|p2a: BIG BERTHA\n|-hint|Since gen 7, Dark is immune to Prankster moves.\n|-immune|p2a: BIG BERTHA\n|move|p2a: BIG BERTHA|Knock Off|p1a: Banette\n|-supereffective|p1a: Banette\n|-damage|p1a: Banette|0 fnt\n|faint|p1a: Banette\n|\n|upkeep\n|\n|t:|1700605178\n|switch|p1a: Landorus|Landorus-Therian, M, shiny|44\/100\n|-ability|p1a: Landorus|Intimidate|boost\n|-unboost|p2a: BIG BERTHA|atk|1\n|turn|18\n|\n|t:|1700605190\n|switch|p2a: Alduin|Dragonite, M|100\/100\n|move|p1a: Landorus|Earthquake|p2a: Alduin\n|-immune|p2a: Alduin\n|\n|upkeep\n|turn|19\n|inactive|hackilla15 has 120 seconds left.\n|\n|t:|1700605224\n|move|p1a: Landorus|Knock Off|p2a: Alduin\n|-crit|p2a: Alduin\n|-damage|p2a: Alduin|76\/100\n|-enditem|p2a: Alduin|Weakness Policy|[from] move: Knock Off|[of] p1a: Landorus\n|move|p2a: Alduin|Curse|p2a: Alduin\n|-unboost|p2a: Alduin|spe|1\n|-boost|p2a: Alduin|atk|1\n|-boost|p2a: Alduin|def|1\n|\n|upkeep\n|turn|20\n|\n|t:|1700605233\n|switch|p1a: Toxapex|Toxapex, F, shiny|100\/100\n|move|p2a: Alduin|Curse|p2a: Alduin\n|-unboost|p2a: Alduin|spe|1\n|-boost|p2a: Alduin|atk|1\n|-boost|p2a: Alduin|def|1\n|\n|upkeep\n|turn|21\n|\n|t:|1700605242\n|move|p1a: Toxapex|Haze|p1a: Toxapex\n|-clearallboost\n|move|p2a: Alduin|Earthquake|p1a: Toxapex\n|-supereffective|p1a: Toxapex\n|-damage|p1a: Toxapex|56\/100\n|\n|-heal|p1a: Toxapex|63\/100|[from] item: Leftovers\n|upkeep\n|turn|22\n|\n|t:|1700605262\n|switch|p2a: BIG BERTHA|Muk-Alola, F|47\/100\n|move|p1a: Toxapex|Baneful Bunker||[still]\n|-fail|p1a: Toxapex\n|\n|-heal|p1a: Toxapex|69\/100|[from] item: Leftovers\n|upkeep\n|turn|23\n|\n|t:|1700605268\n|move|p2a: BIG BERTHA|Knock Off|p1a: Toxapex\n|-damage|p1a: Toxapex|33\/100\n|-enditem|p1a: Toxapex|Leftovers|[from] move: Knock Off|[of] p2a: BIG BERTHA\n|move|p1a: Toxapex|Scald|p2a: BIG BERTHA\n|-damage|p2a: BIG BERTHA|34\/100\n|-status|p2a: BIG BERTHA|brn\n|\n|-damage|p2a: BIG BERTHA|28\/100 brn|[from] brn\n|upkeep\n|turn|24\n|\n|t:|1700605277\n|move|p1a: Toxapex|Baneful Bunker|p1a: Toxapex\n|-singleturn|p1a: Toxapex|move: Protect\n|move|p2a: BIG BERTHA|Knock Off|p1a: Toxapex\n|-activate|p1a: Toxapex|move: Protect\n|\n|-damage|p2a: BIG BERTHA|22\/100 brn|[from] brn\n|upkeep\n|turn|25\n|\n|t:|1700605286\n|switch|p1a: Landorus|Landorus-Therian, M, shiny|44\/100\n|-ability|p1a: Landorus|Intimidate|boost\n|-unboost|p2a: BIG BERTHA|atk|1\n|move|p2a: BIG BERTHA|Knock Off|p1a: Landorus\n|-damage|p1a: Landorus|26\/100\n|-enditem|p1a: Landorus|Heavy-Duty Boots|[from] move: Knock Off|[of] p2a: BIG BERTHA\n|\n|-damage|p2a: BIG BERTHA|16\/100 brn|[from] brn\n|upkeep\n|turn|26\n|inactive|hackilla15 has 120 seconds left.\n|\n|t:|1700605322\n|move|p1a: Landorus|U-turn|p2a: BIG BERTHA\n|-damage|p2a: BIG BERTHA|0 fnt\n|faint|p2a: BIG BERTHA\n|\n|t:|1700605328\n|switch|p1a: Toxapex|Toxapex, F, shiny|66\/100|[from] U-turn\n|\n|upkeep\n|\n|t:|1700605330\n|switch|p2a: M.J. Watson|Venusaur, F, shiny|100\/100\n|turn|27\n|\n|t:|1700605335\n|detailschange|p2a: M.J. Watson|Venusaur-Mega, F, shiny\n|-mega|p2a: M.J. Watson|Venusaur|Venusaurite\n|move|p1a: Toxapex|Baneful Bunker|p1a: Toxapex\n|-singleturn|p1a: Toxapex|move: Protect\n|move|p2a: M.J. Watson|Earth Power|p1a: Toxapex\n|-activate|p1a: Toxapex|move: Protect\n|\n|upkeep\n|turn|28\n|\n|t:|1700605341\n|switch|p1a: Landorus|Landorus-Therian, M, shiny|26\/100\n|-ability|p1a: Landorus|Intimidate|boost\n|-unboost|p2a: M.J. Watson|atk|1\n|move|p2a: M.J. Watson|Leech Seed|p1a: Landorus\n|-start|p1a: Landorus|move: Leech Seed\n|\n|-damage|p1a: Landorus|14\/100|[from] Leech Seed|[of] p2a: M.J. Watson\n|upkeep\n|turn|29\n|\n|t:|1700605348\n|switch|p2a: Alduin|Dragonite, M|76\/100\n|move|p1a: Landorus|U-turn|p2a: Alduin\n|-resisted|p2a: Alduin\n|-damage|p2a: Alduin|65\/100\n|\n|t:|1700605350\n|switch|p1a: Electrode|Electrode-Hisui, shiny|100\/100|[from] U-turn\n|\n|upkeep\n|turn|30\n|\n|t:|1700605360\n|-terastallize|p2a: Alduin|Normal\n|move|p1a: Electrode|Thunderbolt|p2a: Alduin\n|-crit|p2a: Alduin\n|-damage|p2a: Alduin|5\/100\n|move|p2a: Alduin|Roost|p2a: Alduin\n|-heal|p2a: Alduin|55\/100\n|\n|upkeep\n|turn|31\n|\n|t:|1700605366\n|move|p2a: Alduin|Extreme Speed|p1a: Electrode\n|-damage|p1a: Electrode|41\/100\n|move|p1a: Electrode|Thunderbolt|p2a: Alduin\n|-damage|p2a: Alduin|16\/100\n|\n|upkeep\n|turn|32\n|\n|t:|1700605371\n|switch|p1a: Toxapex|Toxapex, F, shiny|99\/100\n|move|p2a: Alduin|Roost|p2a: Alduin\n|-heal|p2a: Alduin|66\/100\n|\n|upkeep\n|turn|33\n|\n|t:|1700605379\n|switch|p2a: M.J. Watson|Venusaur-Mega, F, shiny|100\/100\n|move|p1a: Toxapex|Scald|p2a: M.J. Watson\n|-resisted|p2a: M.J. Watson\n|-damage|p2a: M.J. Watson|95\/100\n|\n|upkeep\n|turn|34\n|\n|t:|1700605383\n|move|p1a: Toxapex|Baneful Bunker|p1a: Toxapex\n|-singleturn|p1a: Toxapex|move: Protect\n|move|p2a: M.J. Watson|Sludge Bomb|p1a: Toxapex\n|-activate|p1a: Toxapex|move: Protect\n|\n|upkeep\n|turn|35\n|\n|t:|1700605390\n|move|p2a: M.J. Watson|Giga Drain|p1a: Toxapex\n|-damage|p1a: Toxapex|75\/100\n|-heal|p2a: M.J. Watson|100\/100|[from] drain|[of] p1a: Toxapex\n|move|p1a: Toxapex|Scald|p2a: M.J. Watson\n|-resisted|p2a: M.J. Watson\n|-damage|p2a: M.J. Watson|95\/100\n|\n|upkeep\n|turn|36\n|\n|t:|1700605396\n|move|p1a: Toxapex|Baneful Bunker|p1a: Toxapex\n|-singleturn|p1a: Toxapex|move: Protect\n|move|p2a: M.J. Watson|Leech Seed|p1a: Toxapex\n|-activate|p1a: Toxapex|move: Protect\n|\n|upkeep\n|turn|37\n|\n|t:|1700605400\n|switch|p1a: Landorus|Landorus-Therian, M, shiny|14\/100\n|-ability|p1a: Landorus|Intimidate|boost\n|-unboost|p2a: M.J. Watson|atk|1\n|move|p2a: M.J. Watson|Sludge Bomb|p1a: Landorus\n|-resisted|p1a: Landorus\n|-damage|p1a: Landorus|0 fnt\n|faint|p1a: Landorus\n|\n|upkeep\n|\n|t:|1700605404\n|switch|p1a: Electrode|Electrode-Hisui, shiny|41\/100\n|turn|38\n|\n|t:|1700605406\n|move|p1a: Electrode|Volt Switch|p2a: M.J. Watson\n|-resisted|p2a: M.J. Watson\n|-damage|p2a: M.J. Watson|79\/100\n|\n|t:|1700605408\n|switch|p1a: Toxapex|Toxapex, F, shiny|100\/100|[from] Volt Switch\n|move|p2a: M.J. Watson|Sludge Bomb|p1a: Toxapex\n|-resisted|p1a: Toxapex\n|-damage|p1a: Toxapex|86\/100\n|\n|upkeep\n|turn|39\n|\n|t:|1700605411\n|move|p1a: Toxapex|Baneful Bunker|p1a: Toxapex\n|-singleturn|p1a: Toxapex|move: Protect\n|move|p2a: M.J. Watson|Leech Seed|p1a: Toxapex\n|-activate|p1a: Toxapex|move: Protect\n|\n|upkeep\n|turn|40\n|\n|t:|1700605414\n|move|p2a: M.J. Watson|Leech Seed|p1a: Toxapex\n|-start|p1a: Toxapex|move: Leech Seed\n|move|p1a: Toxapex|Scald|p2a: M.J. Watson\n|-resisted|p2a: M.J. Watson\n|-damage|p2a: M.J. Watson|73\/100\n|\n|-damage|p1a: Toxapex|74\/100|[from] Leech Seed|[of] p2a: M.J. Watson\n|-heal|p2a: M.J. Watson|84\/100|[silent]\n|upkeep\n|turn|41\n|\n|t:|1700605417\n|switch|p1a: Electrode|Electrode-Hisui, shiny|41\/100\n|move|p2a: M.J. Watson|Sludge Bomb|p1a: Electrode\n|-supereffective|p1a: Electrode\n|-damage|p1a: Electrode|0 fnt\n|faint|p1a: Electrode\n|\n|upkeep\n|\n|t:|1700605420\n|switch|p1a: Toxapex|Toxapex, F, shiny|100\/100\n|turn|42\n|-message|H4RC0L0 forfeited.\n|\n|win|hackilla15\n|raw|H4RC0L0's rating: 1369 &rarr; <strong>1350<\/strong><br \/>(-19 for losing)\n|raw|hackilla15's rating: 1379 &rarr; <strong>1398<\/strong><br \/>(+19 for winning)\n|l|\u2606H4RC0L0\n","uploadtime":1700605436,"views":1,"p1id":"h4rc0l0","p2id":"hackilla15","formatid":"gen9nationaldex","rating":1350,"private":0,"password":""}