{"id":"gen9nationaldex-1987678963","p1":"Soccsito","p2":"Victory Brewing","format":"[Gen 9] National Dex","log":"|j|\u2606Soccsito\n|j|\u2606Victory Brewing\n|t:|1699626894\n|gametype|singles\n|player|p1|Soccsito|scubadiver|1536\n|player|p2|Victory Brewing|punkguy-gen7|1497\n|teamsize|p1|6\n|teamsize|p2|6\n|gen|9\n|tier|[Gen 9] National Dex\n|rated|\n|rule|HP Percentage Mod: HP is shown in percentages\n|rule|Endless Battle Clause: Forcing endless battles is banned\n|rule|OHKO Clause: OHKO moves are banned\n|rule|Evasion Clause: Evasion abilities, items, and moves are banned\n|rule|Evasion Abilities Clause: Evasion abilities are banned\n|rule|Evasion Items Clause: Evasion items are banned\n|rule|Evasion Moves Clause: Evasion moves are banned\n|rule|Species Clause: Limit one of each Pok\u00e9mon\n|rule|Sleep Clause Mod: Limit one foe put to sleep\n|clearpoke\n|poke|p1|Clefable, F|\n|poke|p1|Ferrothorn, F|\n|poke|p1|Chansey, F|\n|poke|p1|Sneasler, F|\n|poke|p1|Garganacl, F|\n|poke|p1|Goodra-Hisui, F|\n|poke|p2|Alomomola, M|\n|poke|p2|Sneasler, M|\n|poke|p2|Corviknight, F|\n|poke|p2|Tyranitar, F|\n|poke|p2|Gliscor, F|\n|poke|p2|Tapu Lele|\n|teampreview\n|inactive|Battle timer is ON: inactive players will automatically lose when time's up. (requested by Soccsito)\n|\n|t:|1699626913\n|start\n|switch|p1a: Ferrothorn|Ferrothorn, F|100\/100\n|switch|p2a: Alomomola|Alomomola, M|100\/100\n|turn|1\n|\n|t:|1699626924\n|move|p2a: Alomomola|Wish|p2a: Alomomola\n|move|p1a: Ferrothorn|Stealth Rock|p2a: Alomomola\n|-sidestart|p2: Victory Brewing|move: Stealth Rock\n|\n|upkeep\n|turn|2\n|\n|t:|1699626929\n|move|p2a: Alomomola|Scald|p1a: Ferrothorn\n|-resisted|p1a: Ferrothorn\n|-damage|p1a: Ferrothorn|95\/100\n|move|p1a: Ferrothorn|Leech Seed|p2a: Alomomola\n|-start|p2a: Alomomola|move: Leech Seed\n|\n|-damage|p2a: Alomomola|88\/100|[from] Leech Seed|[of] p1a: Ferrothorn\n|-heal|p1a: Ferrothorn|100\/100|[silent]\n|upkeep\n|turn|3\n|\n|t:|1699626938\n|switch|p1a: Chansey|Chansey, F|100\/100\n|move|p2a: Alomomola|Scald|p1a: Chansey\n|-damage|p1a: Chansey|96\/100\n|-status|p1a: Chansey|brn\n|\n|-damage|p2a: Alomomola|76\/100|[from] Leech Seed|[of] p1a: Chansey\n|-heal|p1a: Chansey|100\/100 brn|[silent]\n|-damage|p1a: Chansey|94\/100 brn|[from] brn\n|upkeep\n|turn|4\n|\n|t:|1699626942\n|move|p2a: Alomomola|Flip Turn|p1a: Chansey\n|-damage|p1a: Chansey|84\/100 brn\n|\n|t:|1699626944\n|switch|p2a: Gliscor|Gliscor, F|100\/100|[from] Flip Turn\n|-damage|p2a: Gliscor|88\/100|[from] Stealth Rock\n|move|p1a: Chansey|Toxic|p2a: Gliscor\n|-status|p2a: Gliscor|tox\n|\n|-heal|p2a: Gliscor|100\/100 tox|[from] ability: Poison Heal\n|-damage|p1a: Chansey|78\/100 brn|[from] brn\n|upkeep\n|turn|5\n|\n|t:|1699626950\n|-curestatus|p1a: Chansey|brn|[from] ability: Natural Cure\n|switch|p1a: Ferrothorn|Ferrothorn, F|100\/100\n|move|p2a: Gliscor|Spikes|p1a: Ferrothorn\n|-sidestart|p1: Soccsito|Spikes\n|\n|upkeep\n|turn|6\n|\n|t:|1699626954\n|move|p2a: Gliscor|Spikes|p1a: Ferrothorn\n|-sidestart|p1: Soccsito|Spikes\n|move|p1a: Ferrothorn|Leech Seed|p2a: Gliscor\n|-start|p2a: Gliscor|move: Leech Seed\n|\n|-damage|p2a: Gliscor|88\/100 tox|[from] Leech Seed|[of] p1a: Ferrothorn\n|-heal|p2a: Gliscor|100\/100 tox|[from] ability: Poison Heal\n|upkeep\n|turn|7\n|\n|t:|1699626959\n|move|p2a: Gliscor|Spikes|p1a: Ferrothorn\n|-sidestart|p1: Soccsito|Spikes\n|move|p1a: Ferrothorn|Iron Head|p2a: Gliscor\n|-damage|p2a: Gliscor|80\/100 tox\n|\n|-damage|p2a: Gliscor|68\/100 tox|[from] Leech Seed|[of] p1a: Ferrothorn\n|-heal|p2a: Gliscor|80\/100 tox|[from] ability: Poison Heal\n|upkeep\n|turn|8\n|\n|t:|1699626965\n|move|p2a: Gliscor|Earthquake|p1a: Ferrothorn\n|-damage|p1a: Ferrothorn|79\/100\n|move|p1a: Ferrothorn|Iron Head|p2a: Gliscor\n|-damage|p2a: Gliscor|61\/100 tox\n|\n|-damage|p2a: Gliscor|49\/100 tox|[from] Leech Seed|[of] p1a: Ferrothorn\n|-heal|p1a: Ferrothorn|91\/100|[silent]\n|-heal|p2a: Gliscor|61\/100 tox|[from] ability: Poison Heal\n|upkeep\n|turn|9\n|\n|t:|1699626975\n|switch|p2a: Snoopy|Corviknight, F|100\/100\n|-damage|p2a: Snoopy|88\/100|[from] Stealth Rock\n|-ability|p2a: Snoopy|Pressure\n|move|p1a: Ferrothorn|Iron Head|p2a: Snoopy\n|-resisted|p2a: Snoopy\n|-damage|p2a: Snoopy|80\/100\n|-damage|p1a: Ferrothorn|75\/100|[from] item: Rocky Helmet|[of] p2a: Snoopy\n|\n|upkeep\n|turn|10\n|\n|t:|1699626980\n|switch|p2a: Gliscor|Gliscor, F|61\/100 tox\n|-damage|p2a: Gliscor|49\/100 tox|[from] Stealth Rock\n|move|p1a: Ferrothorn|Thunder Wave|p2a: Gliscor\n|-immune|p2a: Gliscor\n|\n|-heal|p2a: Gliscor|61\/100 tox|[from] ability: Poison Heal\n|upkeep\n|turn|11\n|\n|t:|1699626985\n|move|p2a: Gliscor|Earthquake|p1a: Ferrothorn\n|-damage|p1a: Ferrothorn|54\/100\n|move|p1a: Ferrothorn|Leech Seed|p2a: Gliscor\n|-start|p2a: Gliscor|move: Leech Seed\n|\n|-damage|p2a: Gliscor|49\/100 tox|[from] Leech Seed|[of] p1a: Ferrothorn\n|-heal|p1a: Ferrothorn|67\/100|[silent]\n|-heal|p2a: Gliscor|61\/100 tox|[from] ability: Poison Heal\n|upkeep\n|turn|12\n|\n|t:|1699626989\n|switch|p2a: Snoopy|Corviknight, F|80\/100\n|-damage|p2a: Snoopy|67\/100|[from] Stealth Rock\n|-ability|p2a: Snoopy|Pressure\n|move|p1a: Ferrothorn|Thunder Wave|p2a: Snoopy\n|-status|p2a: Snoopy|par\n|\n|upkeep\n|turn|13\n|\n|t:|1699626992\n|switch|p2a: Gliscor|Gliscor, F|61\/100 tox\n|-damage|p2a: Gliscor|49\/100 tox|[from] Stealth Rock\n|move|p1a: Ferrothorn|Leech Seed|p2a: Gliscor\n|-start|p2a: Gliscor|move: Leech Seed\n|\n|-damage|p2a: Gliscor|36\/100 tox|[from] Leech Seed|[of] p1a: Ferrothorn\n|-heal|p1a: Ferrothorn|80\/100|[silent]\n|-heal|p2a: Gliscor|49\/100 tox|[from] ability: Poison Heal\n|upkeep\n|turn|14\n|\n|t:|1699627000\n|move|p2a: Gliscor|Earthquake|p1a: Ferrothorn\n|-damage|p1a: Ferrothorn|57\/100\n|move|p1a: Ferrothorn|Iron Head|p2a: Gliscor\n|-damage|p2a: Gliscor|26\/100 tox\n|\n|-damage|p2a: Gliscor|14\/100 tox|[from] Leech Seed|[of] p1a: Ferrothorn\n|-heal|p1a: Ferrothorn|70\/100|[silent]\n|-heal|p2a: Gliscor|26\/100 tox|[from] ability: Poison Heal\n|upkeep\n|turn|15\n|\n|t:|1699627011\n|move|p2a: Gliscor|Earthquake|p1a: Ferrothorn\n|-damage|p1a: Ferrothorn|48\/100\n|move|p1a: Ferrothorn|Leech Seed|p2a: Gliscor|[miss]\n|-miss|p1a: Ferrothorn|p2a: Gliscor\n|\n|-damage|p2a: Gliscor|14\/100 tox|[from] Leech Seed|[of] p1a: Ferrothorn\n|-heal|p1a: Ferrothorn|60\/100|[silent]\n|-heal|p2a: Gliscor|26\/100 tox|[from] ability: Poison Heal\n|upkeep\n|turn|16\n|\n|t:|1699627015\n|switch|p2a: Snoopy|Corviknight, F|67\/100 par\n|-damage|p2a: Snoopy|55\/100 par|[from] Stealth Rock\n|-ability|p2a: Snoopy|Pressure\n|move|p1a: Ferrothorn|Iron Head|p2a: Snoopy\n|-resisted|p2a: Snoopy\n|-damage|p2a: Snoopy|46\/100 par\n|-damage|p1a: Ferrothorn|44\/100|[from] item: Rocky Helmet|[of] p2a: Snoopy\n|\n|upkeep\n|turn|17\n|\n|t:|1699627021\n|cant|p2a: Snoopy|par\n|move|p1a: Ferrothorn|Leech Seed|p2a: Snoopy\n|-start|p2a: Snoopy|move: Leech Seed\n|\n|-damage|p2a: Snoopy|34\/100 par|[from] Leech Seed|[of] p1a: Ferrothorn\n|-heal|p1a: Ferrothorn|58\/100|[silent]\n|upkeep\n|turn|18\n|\n|t:|1699627025\n|move|p2a: Snoopy|Roost|p2a: Snoopy\n|-heal|p2a: Snoopy|84\/100 par\n|-singleturn|p2a: Snoopy|move: Roost\n|move|p1a: Ferrothorn|Stealth Rock||[still]\n|-fail|p1a: Ferrothorn\n|\n|-damage|p2a: Snoopy|71\/100 par|[from] Leech Seed|[of] p1a: Ferrothorn\n|-heal|p1a: Ferrothorn|73\/100|[silent]\n|upkeep\n|turn|19\n|\n|t:|1699627028\n|switch|p2a: Alomomola|Alomomola, M|100\/100\n|-damage|p2a: Alomomola|88\/100|[from] Stealth Rock\n|move|p1a: Ferrothorn|Stealth Rock||[still]\n|-fail|p1a: Ferrothorn\n|\n|upkeep\n|turn|20\n|\n|t:|1699627032\n|move|p2a: Alomomola|Wish|p2a: Alomomola\n|move|p1a: Ferrothorn|Leech Seed|p2a: Alomomola\n|-start|p2a: Alomomola|move: Leech Seed\n|\n|-damage|p2a: Alomomola|76\/100|[from] Leech Seed|[of] p1a: Ferrothorn\n|-heal|p1a: Ferrothorn|92\/100|[silent]\n|upkeep\n|turn|21\n|\n|t:|1699627035\n|switch|p2a: Gliscor|Gliscor, F|26\/100 tox\n|-damage|p2a: Gliscor|14\/100 tox|[from] Stealth Rock\n|move|p1a: Ferrothorn|Thunder Wave|p2a: Gliscor\n|-immune|p2a: Gliscor\n|\n|-heal|p2a: Gliscor|89\/100 tox|[from] move: Wish|[wisher] Alomomola\n|-heal|p2a: Gliscor|100\/100 tox|[from] ability: Poison Heal\n|upkeep\n|turn|22\n|\n|t:|1699627040\n|switch|p2a: Snoopy|Corviknight, F|71\/100 par\n|-damage|p2a: Snoopy|59\/100 par|[from] Stealth Rock\n|-ability|p2a: Snoopy|Pressure\n|move|p1a: Ferrothorn|Iron Head|p2a: Snoopy\n|-resisted|p2a: Snoopy\n|-crit|p2a: Snoopy\n|-damage|p2a: Snoopy|47\/100 par\n|-damage|p1a: Ferrothorn|75\/100|[from] item: Rocky Helmet|[of] p2a: Snoopy\n|\n|upkeep\n|turn|23\n|\n|t:|1699627043\n|switch|p2a: Alomomola|Alomomola, M|100\/100\n|-damage|p2a: Alomomola|88\/100|[from] Stealth Rock\n|move|p1a: Ferrothorn|Leech Seed|p2a: Alomomola\n|-start|p2a: Alomomola|move: Leech Seed\n|\n|-damage|p2a: Alomomola|76\/100|[from] Leech Seed|[of] p1a: Ferrothorn\n|-heal|p1a: Ferrothorn|95\/100|[silent]\n|upkeep\n|turn|24\n|\n|t:|1699627049\n|switch|p2a: Snoopy|Corviknight, F|47\/100 par\n|-damage|p2a: Snoopy|34\/100 par|[from] Stealth Rock\n|-ability|p2a: Snoopy|Pressure\n|move|p1a: Ferrothorn|Thunder Wave|p2a: Snoopy\n|-fail|p2a: Snoopy|par\n|\n|upkeep\n|turn|25\n|\n|t:|1699627057\n|move|p2a: Snoopy|Roost|p2a: Snoopy\n|-heal|p2a: Snoopy|84\/100 par\n|-singleturn|p2a: Snoopy|move: Roost\n|move|p1a: Ferrothorn|Thunder Wave|p2a: Snoopy\n|-fail|p2a: Snoopy|par\n|\n|upkeep\n|turn|26\n|\n|t:|1699627066\n|cant|p2a: Snoopy|par\n|move|p1a: Ferrothorn|Leech Seed|p2a: Snoopy\n|-start|p2a: Snoopy|move: Leech Seed\n|\n|-damage|p2a: Snoopy|72\/100 par|[from] Leech Seed|[of] p1a: Ferrothorn\n|-heal|p1a: Ferrothorn|100\/100|[silent]\n|upkeep\n|turn|27\n|\n|t:|1699627081\n|switch|p2a: Gliscor|Gliscor, F|100\/100 tox\n|-damage|p2a: Gliscor|88\/100 tox|[from] Stealth Rock\n|move|p1a: Ferrothorn|Thunder Wave|p2a: Gliscor\n|-immune|p2a: Gliscor\n|\n|-heal|p2a: Gliscor|100\/100 tox|[from] ability: Poison Heal\n|upkeep\n|turn|28\n|\n|t:|1699627085\n|switch|p2a: Snoopy|Corviknight, F|72\/100 par\n|-damage|p2a: Snoopy|59\/100 par|[from] Stealth Rock\n|-ability|p2a: Snoopy|Pressure\n|move|p1a: Ferrothorn|Iron Head|p2a: Snoopy\n|-resisted|p2a: Snoopy\n|-damage|p2a: Snoopy|52\/100 par\n|-damage|p1a: Ferrothorn|84\/100|[from] item: Rocky Helmet|[of] p2a: Snoopy\n|\n|upkeep\n|turn|29\n|\n|t:|1699627093\n|switch|p2a: Alomomola|Alomomola, M|100\/100\n|-damage|p2a: Alomomola|88\/100|[from] Stealth Rock\n|move|p1a: Ferrothorn|Stealth Rock||[still]\n|-fail|p1a: Ferrothorn\n|\n|upkeep\n|turn|30\n|\n|t:|1699627098\n|switch|p2a: Snoopy|Corviknight, F|52\/100 par\n|-damage|p2a: Snoopy|39\/100 par|[from] Stealth Rock\n|-ability|p2a: Snoopy|Pressure\n|switch|p1a: Garganacl|Garganacl, F|100\/100\n|-damage|p1a: Garganacl|75\/100|[from] Spikes\n|\n|-heal|p1a: Garganacl|82\/100|[from] item: Leftovers\n|upkeep\n|turn|31\n|\n|t:|1699627103\n|move|p1a: Garganacl|Salt Cure|p2a: Snoopy\n|-damage|p2a: Snoopy|31\/100 par\n|-start|p2a: Snoopy|Salt Cure\n|move|p2a: Snoopy|U-turn|p1a: Garganacl\n|-damage|p1a: Garganacl|74\/100\n|\n|t:|1699627111\n|switch|p2a: Gliscor|Gliscor, F|100\/100 tox|[from] U-turn\n|-damage|p2a: Gliscor|88\/100 tox|[from] Stealth Rock\n|\n|-heal|p1a: Garganacl|80\/100|[from] item: Leftovers\n|-heal|p2a: Gliscor|100\/100 tox|[from] ability: Poison Heal\n|upkeep\n|turn|32\n|\n|t:|1699627119\n|-terastallize|p1a: Garganacl|Ghost\n|move|p2a: Gliscor|Earthquake|p1a: Garganacl\n|-damage|p1a: Garganacl|62\/100\n|move|p1a: Garganacl|Salt Cure|p2a: Gliscor\n|-damage|p2a: Gliscor|90\/100 tox\n|-start|p2a: Gliscor|Salt Cure\n|\n|-heal|p1a: Garganacl|68\/100|[from] item: Leftovers\n|-heal|p2a: Gliscor|100\/100 tox|[from] ability: Poison Heal\n|-damage|p2a: Gliscor|88\/100 tox|[from] Salt Cure\n|upkeep\n|turn|33\n|\n|t:|1699627127\n|switch|p2a: Tyranitar|Tyranitar, F|100\/100\n|-damage|p2a: Tyranitar|88\/100|[from] Stealth Rock\n|-weather|Sandstorm|[from] ability: Sand Stream|[of] p2a: Tyranitar\n|move|p1a: Garganacl|Salt Cure|p2a: Tyranitar\n|-damage|p2a: Tyranitar|75\/100\n|-start|p2a: Tyranitar|Salt Cure\n|\n|-weather|Sandstorm|[upkeep]\n|-damage|p1a: Garganacl|62\/100|[from] Sandstorm\n|-heal|p1a: Garganacl|68\/100|[from] item: Leftovers\n|-damage|p2a: Tyranitar|63\/100|[from] Salt Cure\n|upkeep\n|turn|34\n|\n|t:|1699627132\n|detailschange|p2a: Tyranitar|Tyranitar-Mega, F\n|-mega|p2a: Tyranitar|Tyranitar|Tyranitarite\n|move|p2a: Tyranitar|Knock Off|p1a: Garganacl\n|-supereffective|p1a: Garganacl\n|-damage|p1a: Garganacl|4\/100\n|-enditem|p1a: Garganacl|Leftovers|[from] move: Knock Off|[of] p2a: Tyranitar\n|move|p1a: Garganacl|Recover|p1a: Garganacl\n|-heal|p1a: Garganacl|54\/100\n|\n|-weather|Sandstorm|[upkeep]\n|-damage|p1a: Garganacl|48\/100|[from] Sandstorm\n|-damage|p2a: Tyranitar|50\/100|[from] Salt Cure\n|upkeep\n|turn|35\n|\n|t:|1699627141\n|move|p2a: Tyranitar|Knock Off|p1a: Garganacl\n|-supereffective|p1a: Garganacl\n|-damage|p1a: Garganacl|3\/100\n|move|p1a: Garganacl|Recover|p1a: Garganacl\n|-heal|p1a: Garganacl|53\/100\n|\n|-weather|Sandstorm|[upkeep]\n|-damage|p1a: Garganacl|47\/100|[from] Sandstorm\n|-damage|p2a: Tyranitar|38\/100|[from] Salt Cure\n|upkeep\n|turn|36\n|\n|t:|1699627149\n|switch|p2a: Alomomola|Alomomola, M|100\/100\n|-damage|p2a: Alomomola|88\/100|[from] Stealth Rock\n|move|p1a: Garganacl|Recover|p1a: Garganacl\n|-heal|p1a: Garganacl|97\/100\n|\n|-weather|Sandstorm|[upkeep]\n|-damage|p2a: Alomomola|82\/100|[from] Sandstorm\n|-damage|p1a: Garganacl|91\/100|[from] Sandstorm\n|upkeep\n|turn|37\n|\n|t:|1699627153\n|move|p2a: Alomomola|Wish|p2a: Alomomola\n|move|p1a: Garganacl|Salt Cure|p2a: Alomomola\n|-damage|p2a: Alomomola|74\/100\n|-start|p2a: Alomomola|Salt Cure\n|-enditem|p2a: Alomomola|Red Card|[of] p1a: Garganacl\n|drag|p1a: Ferrothorn|Ferrothorn, F|84\/100\n|-damage|p1a: Ferrothorn|59\/100|[from] Spikes\n|\n|-weather|none\n|-damage|p2a: Alomomola|49\/100|[from] Salt Cure\n|upkeep\n|turn|38\n|\n|t:|1699627158\n|switch|p2a: Snoopy|Corviknight, F|31\/100 par\n|-damage|p2a: Snoopy|18\/100 par|[from] Stealth Rock\n|-ability|p2a: Snoopy|Pressure\n|move|p1a: Ferrothorn|Thunder Wave|p2a: Snoopy|[miss]\n|-miss|p1a: Ferrothorn|p2a: Snoopy\n|\n|-heal|p2a: Snoopy|85\/100 par|[from] move: Wish|[wisher] Alomomola\n|upkeep\n|turn|39\n|\n|t:|1699627167\n|move|p2a: Snoopy|U-turn|p1a: Ferrothorn\n|-damage|p1a: Ferrothorn|50\/100\n|-damage|p2a: Snoopy|72\/100 par|[from] ability: Iron Barbs|[of] p1a: Ferrothorn\n|-damage|p2a: Snoopy|56\/100 par|[from] item: Rocky Helmet|[of] p1a: Ferrothorn\n|\n|t:|1699627169\n|switch|p2a: Sneasler|Sneasler, M|100\/100|[from] U-turn\n|-damage|p2a: Sneasler|95\/100|[from] Stealth Rock\n|move|p1a: Ferrothorn|Leech Seed|p2a: Sneasler\n|-start|p2a: Sneasler|move: Leech Seed\n|\n|-damage|p2a: Sneasler|82\/100|[from] Leech Seed|[of] p1a: Ferrothorn\n|-heal|p1a: Ferrothorn|61\/100|[silent]\n|upkeep\n|turn|40\n|\n|t:|1699627177\n|switch|p1a: Garganacl|Garganacl, F, tera:Ghost|91\/100\n|-damage|p1a: Garganacl|66\/100|[from] Spikes\n|move|p2a: Sneasler|Close Combat|p1a: Garganacl\n|-immune|p1a: Garganacl\n|\n|-damage|p2a: Sneasler|70\/100|[from] Leech Seed|[of] p1a: Garganacl\n|-heal|p1a: Garganacl|75\/100|[silent]\n|upkeep\n|turn|41\n|\n|t:|1699627184\n|switch|p2a: Gliscor|Gliscor, F|88\/100 tox\n|-damage|p2a: Gliscor|75\/100 tox|[from] Stealth Rock\n|move|p1a: Garganacl|Salt Cure|p2a: Gliscor\n|-damage|p2a: Gliscor|65\/100 tox\n|-start|p2a: Gliscor|Salt Cure\n|\n|-heal|p2a: Gliscor|77\/100 tox|[from] ability: Poison Heal\n|-damage|p2a: Gliscor|65\/100 tox|[from] Salt Cure\n|upkeep\n|turn|42\n|\n|t:|1699627194\n|switch|p2a: Alomomola|Alomomola, M|83\/100\n|-damage|p2a: Alomomola|70\/100|[from] Stealth Rock\n|move|p1a: Garganacl|Salt Cure|p2a: Alomomola\n|-damage|p2a: Alomomola|63\/100\n|-start|p2a: Alomomola|Salt Cure\n|\n|-damage|p2a: Alomomola|38\/100|[from] Salt Cure\n|upkeep\n|turn|43\n|\n|t:|1699627202\n|move|p2a: Alomomola|Flip Turn|p1a: Garganacl\n|-damage|p1a: Garganacl|67\/100\n|\n|t:|1699627204\n|switch|p2a: Gliscor|Gliscor, F|65\/100 tox|[from] Flip Turn\n|-damage|p2a: Gliscor|52\/100 tox|[from] Stealth Rock\n|move|p1a: Garganacl|Body Press|p2a: Gliscor\n|-resisted|p2a: Gliscor\n|-damage|p2a: Gliscor|41\/100 tox\n|\n|-heal|p2a: Gliscor|53\/100 tox|[from] ability: Poison Heal\n|upkeep\n|turn|44\n|\n|t:|1699627208\n|switch|p2a: Alomomola|Alomomola, M|71\/100\n|-damage|p2a: Alomomola|59\/100|[from] Stealth Rock\n|move|p1a: Garganacl|Salt Cure|p2a: Alomomola\n|-damage|p2a: Alomomola|51\/100\n|-start|p2a: Alomomola|Salt Cure\n|\n|-damage|p2a: Alomomola|27\/100|[from] Salt Cure\n|upkeep\n|turn|45\n|\n|t:|1699627211\n|switch|p2a: Gliscor|Gliscor, F|53\/100 tox\n|-damage|p2a: Gliscor|41\/100 tox|[from] Stealth Rock\n|move|p1a: Garganacl|Salt Cure|p2a: Gliscor\n|-damage|p2a: Gliscor|29\/100 tox\n|-start|p2a: Gliscor|Salt Cure\n|\n|-heal|p2a: Gliscor|41\/100 tox|[from] ability: Poison Heal\n|-damage|p2a: Gliscor|29\/100 tox|[from] Salt Cure\n|upkeep\n|turn|46\n|\n|t:|1699627214\n|move|p2a: Gliscor|Roost|p2a: Gliscor\n|-heal|p2a: Gliscor|79\/100 tox\n|-singleturn|p2a: Gliscor|move: Roost\n|move|p1a: Garganacl|Recover|p1a: Garganacl\n|-heal|p1a: Garganacl|100\/100\n|\n|-heal|p2a: Gliscor|91\/100 tox|[from] ability: Poison Heal\n|-damage|p2a: Gliscor|79\/100 tox|[from] Salt Cure\n|upkeep\n|turn|47\n|\n|t:|1699627218\n|move|p2a: Gliscor|Earthquake|p1a: Garganacl\n|-damage|p1a: Garganacl|83\/100\n|move|p1a: Garganacl|Body Press|p2a: Gliscor\n|-resisted|p2a: Gliscor\n|-damage|p2a: Gliscor|67\/100 tox\n|\n|-heal|p2a: Gliscor|79\/100 tox|[from] ability: Poison Heal\n|-damage|p2a: Gliscor|67\/100 tox|[from] Salt Cure\n|upkeep\n|turn|48\n|\n|t:|1699627221\n|switch|p2a: Alomomola|Alomomola, M|60\/100\n|-damage|p2a: Alomomola|48\/100|[from] Stealth Rock\n|move|p1a: Garganacl|Body Press|p2a: Alomomola\n|-damage|p2a: Alomomola|31\/100\n|\n|upkeep\n|turn|49\n|\n|t:|1699627224\n|move|p2a: Alomomola|Wish|p2a: Alomomola\n|move|p1a: Garganacl|Body Press|p2a: Alomomola\n|-damage|p2a: Alomomola|14\/100\n|\n|upkeep\n|turn|50\n|\n|t:|1699627230\n|move|p2a: Alomomola|Flip Turn|p1a: Garganacl\n|-damage|p1a: Garganacl|75\/100\n|\n|t:|1699627233\n|switch|p2a: Tyranitar|Tyranitar-Mega, F|38\/100|[from] Flip Turn\n|-damage|p2a: Tyranitar|25\/100|[from] Stealth Rock\n|-weather|Sandstorm|[from] ability: Sand Stream|[of] p2a: Tyranitar\n|move|p1a: Garganacl|Salt Cure|p2a: Tyranitar\n|-damage|p2a: Tyranitar|17\/100\n|-start|p2a: Tyranitar|Salt Cure\n|\n|-weather|Sandstorm|[upkeep]\n|-damage|p1a: Garganacl|69\/100|[from] Sandstorm\n|-heal|p2a: Tyranitar|89\/100|[from] move: Wish|[wisher] Alomomola\n|-damage|p2a: Tyranitar|77\/100|[from] Salt Cure\n|upkeep\n|turn|51\n|\n|t:|1699627238\n|switch|p2a: Gliscor|Gliscor, F|67\/100 tox\n|-damage|p2a: Gliscor|54\/100 tox|[from] Stealth Rock\n|move|p1a: Garganacl|Recover|p1a: Garganacl\n|-heal|p1a: Garganacl|100\/100\n|\n|-weather|Sandstorm|[upkeep]\n|-damage|p1a: Garganacl|94\/100|[from] Sandstorm\n|-heal|p2a: Gliscor|67\/100 tox|[from] ability: Poison Heal\n|upkeep\n|turn|52\n|\n|t:|1699627242\n|move|p2a: Gliscor|Earthquake|p1a: Garganacl\n|-damage|p1a: Garganacl|77\/100\n|move|p1a: Garganacl|Salt Cure|p2a: Gliscor\n|-damage|p2a: Gliscor|54\/100 tox\n|-start|p2a: Gliscor|Salt Cure\n|\n|-weather|Sandstorm|[upkeep]\n|-damage|p1a: Garganacl|71\/100|[from] Sandstorm\n|-heal|p2a: Gliscor|67\/100 tox|[from] ability: Poison Heal\n|-damage|p2a: Gliscor|54\/100 tox|[from] Salt Cure\n|upkeep\n|turn|53\n|\n|t:|1699627248\n|move|p2a: Gliscor|Roost|p2a: Gliscor\n|-heal|p2a: Gliscor|100\/100 tox\n|-singleturn|p2a: Gliscor|move: Roost\n|move|p1a: Garganacl|Body Press|p2a: Gliscor\n|-damage|p2a: Gliscor|74\/100 tox\n|\n|-weather|Sandstorm|[upkeep]\n|-damage|p1a: Garganacl|65\/100|[from] Sandstorm\n|-heal|p2a: Gliscor|87\/100 tox|[from] ability: Poison Heal\n|-damage|p2a: Gliscor|74\/100 tox|[from] Salt Cure\n|upkeep\n|turn|54\n|\n|t:|1699627255\n|switch|p2a: Snoopy|Corviknight, F|56\/100 par\n|-damage|p2a: Snoopy|43\/100 par|[from] Stealth Rock\n|-ability|p2a: Snoopy|Pressure\n|move|p1a: Garganacl|Recover|p1a: Garganacl\n|-heal|p1a: Garganacl|100\/100\n|\n|-weather|none\n|upkeep\n|turn|55\n|\n|t:|1699627259\n|move|p1a: Garganacl|Salt Cure|p2a: Snoopy\n|-damage|p2a: Snoopy|34\/100 par\n|-start|p2a: Snoopy|Salt Cure\n|cant|p2a: Snoopy|par\n|\n|-damage|p2a: Snoopy|9\/100 par|[from] Salt Cure\n|upkeep\n|turn|56\n|\n|t:|1699627272\n|move|p1a: Garganacl|Body Press|p2a: Snoopy\n|-damage|p2a: Snoopy|0 fnt\n|-damage|p1a: Garganacl|84\/100|[from] item: Rocky Helmet|[of] p2a: Snoopy\n|faint|p2a: Snoopy\n|\n|upkeep\n|\n|t:|1699627284\n|switch|p2a: Tapu Lele|Tapu Lele|100\/100\n|-damage|p2a: Tapu Lele|88\/100|[from] Stealth Rock\n|-fieldstart|move: Psychic Terrain|[from] ability: Psychic Surge|[of] p2a: Tapu Lele\n|turn|57\n|\n|t:|1699627293\n|switch|p1a: Goodra|Goodra-Hisui, F|100\/100\n|-damage|p1a: Goodra|75\/100|[from] Spikes\n|-terastallize|p2a: Tapu Lele|Psychic\n|move|p2a: Tapu Lele|Psychic|p1a: Goodra\n|-resisted|p1a: Goodra\n|-damage|p1a: Goodra|58\/100\n|\n|upkeep\n|turn|58\n|\n|t:|1699627300\n|switch|p2a: Gliscor|Gliscor, F|74\/100 tox\n|-damage|p2a: Gliscor|62\/100 tox|[from] Stealth Rock\n|move|p1a: Goodra|Ice Beam|p2a: Gliscor\n|-supereffective|p2a: Gliscor\n|-damage|p2a: Gliscor|0 fnt\n|faint|p2a: Gliscor\n|\n|upkeep\n|\n|t:|1699627304\n|switch|p2a: Sneasler|Sneasler, M|70\/100\n|-damage|p2a: Sneasler|64\/100|[from] Stealth Rock\n|-enditem|p2a: Sneasler|Psychic Seed\n|-boost|p2a: Sneasler|spd|1|[from] item: Psychic Seed\n|turn|59\n|\n|t:|1699627310\n|move|p2a: Sneasler|Swords Dance|p2a: Sneasler\n|-boost|p2a: Sneasler|atk|2\n|move|p1a: Goodra|Earthquake|p2a: Sneasler\n|-supereffective|p2a: Sneasler\n|-damage|p2a: Sneasler|0 fnt\n|faint|p2a: Sneasler\n|\n|upkeep\n|-message|Victory Brewing forfeited.\n|\n|win|Soccsito\n|raw|Soccsito's rating: 1536 &rarr; <strong>1554<\/strong><br \/>(+18 for winning)\n|raw|Victory Brewing's rating: 1497 &rarr; <strong>1479<\/strong><br \/>(-18 for losing)\n|l|\u2606Victory Brewing\n","uploadtime":1699627321,"views":15,"p1id":"soccsito","p2id":"victorybrewing","formatid":"gen9nationaldex","rating":1479,"private":0,"password":""}