{"id":"gen9nationaldex-1993445076","p1":"A HeLpFuL RayQuazA","p2":"1Mechstarofp.s.","format":"[Gen 9] National Dex","log":"|j|\u2606A HeLpFuL RayQuazA\n|j|\u26061Mechstarofp.s.\n|inactive|Battle timer is ON: inactive players will automatically lose when time's up.\n|t:|1700318788\n|gametype|singles\n|player|p1|A HeLpFuL RayQuazA|raifort|\n|player|p2|1Mechstarofp.s.|emmet|\n|teamsize|p1|3\n|teamsize|p2|2\n|gen|9\n|tier|[Gen 9] National Dex\n|rated|Tournament battle\n|rule|HP Percentage Mod: HP is shown in percentages\n|rule|Endless Battle Clause: Forcing endless battles is banned\n|rule|OHKO Clause: OHKO moves are banned\n|rule|Evasion Clause: Evasion abilities, items, and moves are banned\n|rule|Evasion Abilities Clause: Evasion abilities are banned\n|rule|Evasion Items Clause: Evasion items are banned\n|rule|Evasion Moves Clause: Evasion moves are banned\n|rule|Species Clause: Limit one of each Pok\u00e9mon\n|rule|Sleep Clause Mod: Limit one foe put to sleep\n|clearpoke\n|poke|p1|Deoxys-Defense|\n|poke|p1|Swellow, M|\n|poke|p1|Vileplume, F|\n|poke|p2|Victini|\n|poke|p2|Shiinotic, F|\n|teampreview\n|j|*PartBot\n|c|*PartBot|G'luck!\n|l|*PartBot\n|c|\u2606A HeLpFuL RayQuazA|glhf\n|j|%Faaagamer@!\n|j|%Aurora (oz)\u2726\n|\n|t:|1700318801\n|start\n|switch|p1a: Deoxys|Deoxys-Defense|100\/100\n|switch|p2a: Victini|Victini|100\/100\n|-ability|p1a: Deoxys|Pressure\n|turn|1\n|j|@sundaysnsundaes\n|\n|t:|1700318816\n|switch|p2a: Shiinotic|Shiinotic, F|100\/100\n|move|p1a: Deoxys|Cosmic Power|p1a: Deoxys\n|-boost|p1a: Deoxys|def|1\n|-boost|p1a: Deoxys|spd|1\n|\n|upkeep\n|turn|2\n|l|@sundaysnsundaes\n|\n|t:|1700318838\n|move|p1a: Deoxys|Toxic|p2a: Shiinotic\n|-status|p2a: Shiinotic|tox\n|move|p2a: Shiinotic|Spore|p1a: Deoxys\n|-status|p1a: Deoxys|slp|[from] move: Spore\n|\n|-damage|p2a: Shiinotic|94\/100 tox|[from] psn\n|upkeep\n|turn|3\n|j|#Arsenal\n|l|%Aurora (oz)\u2726\n|l|#Arsenal\n|inactive|A HeLpFuL RayQuazA has 120 seconds left.\n|\n|t:|1700318864\n|switch|p2a: Victini|Victini|100\/100\n|cant|p1a: Deoxys|slp\n|\n|upkeep\n|turn|4\n|l|%Faaagamer\n|\n|t:|1700318874\n|move|p2a: Victini|V-create|p1a: Deoxys\n|-damage|p1a: Deoxys|62\/100 slp\n|-unboost|p2a: Victini|spe|1\n|-unboost|p2a: Victini|def|1\n|-unboost|p2a: Victini|spd|1\n|-damage|p2a: Victini|84\/100|[from] item: Rocky Helmet|[of] p1a: Deoxys\n|cant|p1a: Deoxys|slp\n|\n|upkeep\n|turn|5\n|\n|t:|1700318881\n|-curestatus|p1a: Deoxys|slp|[msg]\n|move|p1a: Deoxys|Recover|p1a: Deoxys\n|-heal|p1a: Deoxys|100\/100\n|move|p2a: Victini|V-create|p1a: Deoxys\n|-damage|p1a: Deoxys|57\/100\n|-unboost|p2a: Victini|spe|1\n|-unboost|p2a: Victini|def|1\n|-unboost|p2a: Victini|spd|1\n|-damage|p2a: Victini|68\/100|[from] item: Rocky Helmet|[of] p1a: Deoxys\n|\n|upkeep\n|turn|6\n|j|#Arsenal\n|\n|t:|1700318895\n|move|p1a: Deoxys|Cosmic Power|p1a: Deoxys\n|-boost|p1a: Deoxys|def|1\n|-boost|p1a: Deoxys|spd|1\n|move|p2a: Victini|V-create|p1a: Deoxys\n|-damage|p1a: Deoxys|27\/100\n|-unboost|p2a: Victini|spe|1\n|-unboost|p2a: Victini|def|1\n|-unboost|p2a: Victini|spd|1\n|-damage|p2a: Victini|51\/100|[from] item: Rocky Helmet|[of] p1a: Deoxys\n|\n|upkeep\n|turn|7\n|j|@sundaysnsundaes\n|j|%Aurora (oz)\u2726\n|\n|t:|1700318901\n|move|p1a: Deoxys|Recover|p1a: Deoxys\n|-heal|p1a: Deoxys|77\/100\n|move|p2a: Victini|V-create|p1a: Deoxys\n|-damage|p1a: Deoxys|46\/100\n|-unboost|p2a: Victini|spe|1\n|-unboost|p2a: Victini|def|1\n|-unboost|p2a: Victini|spd|1\n|-damage|p2a: Victini|35\/100|[from] item: Rocky Helmet|[of] p1a: Deoxys\n|\n|upkeep\n|turn|8\n|l|%Aurora (oz)\u2726\n|\n|t:|1700318906\n|switch|p2a: Shiinotic|Shiinotic, F|94\/100 tox\n|move|p1a: Deoxys|Recover|p1a: Deoxys\n|-heal|p1a: Deoxys|96\/100\n|\n|-heal|p2a: Shiinotic|100\/100 tox|[from] item: Leftovers\n|-damage|p2a: Shiinotic|94\/100 tox|[from] psn\n|upkeep\n|turn|9\n|\n|t:|1700318920\n|move|p1a: Deoxys|Night Shade|p2a: Shiinotic\n|-damage|p2a: Shiinotic|63\/100 tox\n|move|p2a: Shiinotic|Toxic|p1a: Deoxys|[miss]\n|-miss|p2a: Shiinotic|p1a: Deoxys\n|\n|-heal|p2a: Shiinotic|70\/100 tox|[from] item: Leftovers\n|-damage|p2a: Shiinotic|57\/100 tox|[from] psn\n|upkeep\n|turn|10\n|\n|t:|1700318926\n|move|p1a: Deoxys|Night Shade|p2a: Shiinotic\n|-damage|p2a: Shiinotic|26\/100 tox\n|move|p2a: Shiinotic|Toxic|p1a: Deoxys\n|-status|p1a: Deoxys|tox\n|\n|-heal|p2a: Shiinotic|33\/100 tox|[from] item: Leftovers\n|-damage|p1a: Deoxys|90\/100 tox|[from] psn\n|-damage|p2a: Shiinotic|14\/100 tox|[from] psn\n|upkeep\n|turn|11\n|\n|t:|1700318937\n|switch|p2a: Victini|Victini|35\/100\n|move|p1a: Deoxys|Night Shade|p2a: Victini\n|-damage|p2a: Victini|5\/100\n|\n|-damage|p1a: Deoxys|77\/100 tox|[from] psn\n|upkeep\n|turn|12\n|\n|t:|1700318944\n|move|p2a: Victini|Bolt Strike|p1a: Deoxys\n|-damage|p1a: Deoxys|61\/100 tox\n|-damage|p2a: Victini|0 fnt|[from] item: Rocky Helmet|[of] p1a: Deoxys\n|faint|p2a: Victini\n|move|p1a: Deoxys|Night Shade|p2: Victini|[notarget]\n|-fail|p1a: Deoxys\n|\n|-damage|p1a: Deoxys|43\/100 tox|[from] psn\n|upkeep\n|\n|t:|1700318951\n|switch|p2a: Shiinotic|Shiinotic, F|14\/100 tox\n|turn|13\n|\n|t:|1700318957\n|move|p1a: Deoxys|Night Shade|p2a: Shiinotic\n|-damage|p2a: Shiinotic|0 fnt\n|faint|p2a: Shiinotic\n|\n|win|A HeLpFuL RayQuazA\n|n|\u2606A HeLpFuL RayQuazA|ahelpfulrayquaza\n|n|\u26061Mechstarofp.s.|1mechstarofps\n|n|@Arsenal|arsenal\n|n|+sundaysnsundaes|sundaysnsundaes\n|c|\u2606A HeLpFuL RayQuazA|ggwp\n|l|\u2606A HeLpFuL RayQuazA\n|l|@Arsenal\n|c|\u26061Mechstarofp.s.|Gg\n|l|\u26061Mechstarofp.s.\n","uploadtime":1700319028,"views":7,"p1id":"ahelpfulrayquaza","p2id":"1mechstarofps","formatid":"gen9nationaldex","rating":0,"private":0,"password":""}