{"id":"gen9nationaldex-1988021957","p1":"Joaonissan12833","p2":"mr Deuzp","format":"[Gen 9] National Dex","log":"|j|\u2606Joaonissan12833\n|j|\u2606mr Deuzp\n|t:|1699660141\n|gametype|singles\n|player|p1|Joaonissan12833|preschooler|1159\n|player|p2|mr Deuzp|shadowtriad|1267\n|teamsize|p1|6\n|teamsize|p2|6\n|gen|9\n|tier|[Gen 9] National Dex\n|rated|\n|rule|HP Percentage Mod: HP is shown in percentages\n|rule|Endless Battle Clause: Forcing endless battles is banned\n|rule|OHKO Clause: OHKO moves are banned\n|rule|Evasion Clause: Evasion abilities, items, and moves are banned\n|rule|Evasion Abilities Clause: Evasion abilities are banned\n|rule|Evasion Items Clause: Evasion items are banned\n|rule|Evasion Moves Clause: Evasion moves are banned\n|rule|Species Clause: Limit one of each Pok\u00e9mon\n|rule|Sleep Clause Mod: Limit one foe put to sleep\n|clearpoke\n|poke|p1|Zoroark-Hisui, M|\n|poke|p1|Charizard, M|\n|poke|p1|Sinistcha-Masterpiece|\n|poke|p1|Articuno-Galar|\n|poke|p1|Revavroom, M|\n|poke|p1|Appletun, M|\n|poke|p2|Jirachi|\n|poke|p2|Grimmsnarl, M|\n|poke|p2|Venusaur, M|\n|poke|p2|Kleavor, M|\n|poke|p2|Great Tusk|\n|poke|p2|Zoroark-Hisui, F|\n|teampreview\n|\n|t:|1699660159\n|start\n|switch|p1a: Sinistcha|Sinistcha-Masterpiece|100\/100\n|switch|p2a: Kleavor|Kleavor, M, shiny|100\/100\n|turn|1\n|\n|t:|1699660165\n|switch|p1a: Revavroom|Revavroom, M|100\/100\n|-item|p1a: Revavroom|Air Balloon\n|move|p2a: Kleavor|Agility|p2a: Kleavor\n|-boost|p2a: Kleavor|spe|2\n|\n|upkeep\n|turn|2\n|\n|t:|1699660170\n|move|p2a: Kleavor|Stone Axe|p1a: Revavroom\n|-resisted|p1a: Revavroom\n|-damage|p1a: Revavroom|67\/100\n|-enditem|p1a: Revavroom|Air Balloon\n|-sidestart|p1: Joaonissan12833|move: Stealth Rock\n|move|p1a: Revavroom|Shift Gear|p1a: Revavroom\n|-boost|p1a: Revavroom|spe|2\n|-boost|p1a: Revavroom|atk|1\n|\n|upkeep\n|turn|3\n|\n|t:|1699660177\n|move|p1a: Revavroom|Gunk Shot|p2a: Kleavor|[miss]\n|-miss|p1a: Revavroom|p2a: Kleavor\n|move|p2a: Kleavor|Psycho Cut|p1a: Revavroom\n|-damage|p1a: Revavroom|19\/100\n|\n|upkeep\n|turn|4\n|\n|t:|1699660185\n|move|p1a: Revavroom|Gunk Shot|p2a: Kleavor\n|-resisted|p2a: Kleavor\n|-damage|p2a: Kleavor|34\/100\n|move|p2a: Kleavor|Psycho Cut|p1a: Revavroom\n|-crit|p1a: Revavroom\n|-damage|p1a: Revavroom|0 fnt\n|faint|p1a: Revavroom\n|\n|upkeep\n|\n|t:|1699660200\n|switch|p1a: Appletun|Appletun, M, shiny|100\/100\n|-damage|p1a: Appletun|88\/100|[from] Stealth Rock\n|turn|5\n|\n|t:|1699660211\n|move|p2a: Kleavor|X-Scissor|p1a: Appletun\n|-supereffective|p1a: Appletun\n|-damage|p1a: Appletun|0 fnt\n|faint|p1a: Appletun\n|\n|upkeep\n|\n|t:|1699660216\n|switch|p1a: Charizard|Charizard, M|100\/100\n|-damage|p1a: Charizard|51\/100|[from] Stealth Rock\n|turn|6\n|\n|t:|1699660240\n|detailschange|p1a: Charizard|Charizard-Mega-X, M\n|-mega|p1a: Charizard|Charizard|Charizardite X\n|move|p2a: Kleavor|Stone Axe|p1a: Charizard\n|-supereffective|p1a: Charizard\n|-damage|p1a: Charizard|0 fnt\n|faint|p1a: Charizard\n|\n|upkeep\n|\n|t:|1699660247\n|switch|p1a: Articuno|Articuno-Galar, shiny|100\/100\n|-damage|p1a: Articuno|88\/100|[from] Stealth Rock\n|turn|7\n|\n|t:|1699660251\n|move|p2a: Kleavor|Stone Axe|p1a: Articuno\n|-damage|p1a: Articuno|0 fnt\n|replace|p1a: Zoroark|Zoroark-Hisui, M, shiny\n|-end|p1a: Zoroark|Illusion\n|faint|p1a: Zoroark\n|\n|upkeep\n|\n|t:|1699660254\n|switch|p1a: Articuno|Articuno-Galar, shiny|100\/100\n|-damage|p1a: Articuno|76\/100|[from] Stealth Rock\n|turn|8\n|\n|t:|1699660260\n|-terastallize|p1a: Articuno|Psychic\n|move|p2a: Kleavor|Stone Axe|p1a: Articuno\n|-damage|p1a: Articuno|14\/100\n|move|p1a: Articuno|Freezing Glare|p2a: Kleavor\n|-damage|p2a: Kleavor|0 fnt\n|faint|p2a: Kleavor\n|\n|-heal|p1a: Articuno|20\/100|[from] item: Leftovers\n|upkeep\n|\n|t:|1699660269\n|switch|p2a: Jirachi|Jirachi, shiny|100\/100\n|turn|9\n|\n|t:|1699660272\n|move|p2a: Jirachi|Nasty Plot|p2a: Jirachi\n|-boost|p2a: Jirachi|spa|2\n|move|p1a: Articuno|Recover|p1a: Articuno\n|-heal|p1a: Articuno|70\/100\n|\n|-heal|p1a: Articuno|76\/100|[from] item: Leftovers\n|upkeep\n|turn|10\n|\n|t:|1699660276\n|move|p2a: Jirachi|Nasty Plot|p2a: Jirachi\n|-boost|p2a: Jirachi|spa|2\n|move|p1a: Articuno|Air Slash|p2a: Jirachi\n|-damage|p2a: Jirachi|10\/100\n|replace|p2a: Zoroark|Zoroark-Hisui, F, shiny\n|-end|p2a: Zoroark|Illusion\n|\n|-heal|p1a: Articuno|82\/100|[from] item: Leftovers\n|upkeep\n|turn|11\n|\n|t:|1699660283\n|move|p2a: Zoroark|Bitter Malice|p1a: Articuno\n|-supereffective|p1a: Articuno\n|-damage|p1a: Articuno|0 fnt\n|faint|p1a: Articuno\n|\n|upkeep\n|\n|t:|1699660286\n|switch|p1a: Sinistcha|Sinistcha-Masterpiece|100\/100\n|-damage|p1a: Sinistcha|88\/100|[from] Stealth Rock\n|turn|12\n|\n|t:|1699660290\n|move|p2a: Zoroark|Bitter Malice|p1a: Sinistcha\n|-supereffective|p1a: Sinistcha\n|-damage|p1a: Sinistcha|0 fnt\n|faint|p1a: Sinistcha\n|\n|win|mr Deuzp\n|raw|Joaonissan12833's rating: 1159 &rarr; <strong>1142<\/strong><br \/>(-17 for losing)\n|raw|mr Deuzp's rating: 1267 &rarr; <strong>1284<\/strong><br \/>(+17 for winning)\n|l|\u2606Joaonissan12833\n","uploadtime":1699660298,"views":7,"p1id":"joaonissan12833","p2id":"mrdeuzp","formatid":"gen9nationaldex","rating":1142,"private":0,"password":""}