{"id":"gen9nationaldex-1987444146","p1":"Sirrawrzy","p2":"What to do in Gen9","format":"[Gen 9] National Dex","log":"|j|\u2606Sirrawrzy\n|j|\u2606What to do in Gen9\n|t:|1699592437\n|gametype|singles\n|player|p1|Sirrawrzy|emmet|1477\n|player|p2|What to do in Gen9|preschooler|1545\n|teamsize|p1|6\n|teamsize|p2|6\n|gen|9\n|tier|[Gen 9] National Dex\n|rated|\n|rule|HP Percentage Mod: HP is shown in percentages\n|rule|Endless Battle Clause: Forcing endless battles is banned\n|rule|OHKO Clause: OHKO moves are banned\n|rule|Evasion Clause: Evasion abilities, items, and moves are banned\n|rule|Evasion Abilities Clause: Evasion abilities are banned\n|rule|Evasion Items Clause: Evasion items are banned\n|rule|Evasion Moves Clause: Evasion moves are banned\n|rule|Species Clause: Limit one of each Pok\u00e9mon\n|rule|Sleep Clause Mod: Limit one foe put to sleep\n|clearpoke\n|poke|p1|Ninetales, M|\n|poke|p1|Venusaur, M|\n|poke|p1|Jolteon, F|\n|poke|p1|Blastoise, F|\n|poke|p1|Rhydon, M|\n|poke|p1|Dragonite, F|\n|poke|p2|Urshifu-*, F|\n|poke|p2|Kleavor, F|\n|poke|p2|Inteleon, F|\n|poke|p2|Grimmsnarl, M|\n|poke|p2|Ariados, F|\n|poke|p2|Meowscarada, F|\n|teampreview\n|inactive|Battle timer is ON: inactive players will automatically lose when time's up. (requested by What to do in Gen9)\n|\n|t:|1699592451\n|start\n|switch|p1a: Blastoise|Blastoise, F, shiny|100\/100\n|switch|p2a: Kleavor|Kleavor, F|100\/100\n|turn|1\n|\n|t:|1699592455\n|move|p2a: Kleavor|Stone Axe|p1a: Blastoise\n|-crit|p1a: Blastoise\n|-damage|p1a: Blastoise|48\/100\n|-sidestart|p1: Sirrawrzy|move: Stealth Rock\n|move|p1a: Blastoise|Body Press|p2a: Kleavor\n|-damage|p2a: Kleavor|70\/100\n|\n|upkeep\n|turn|2\n|\n|t:|1699592462\n|move|p2a: Kleavor|Stone Axe|p1a: Blastoise\n|-damage|p1a: Blastoise|16\/100\n|move|p1a: Blastoise|Rapid Spin|p2a: Kleavor\n|-resisted|p2a: Kleavor\n|-damage|p2a: Kleavor|64\/100\n|-boost|p1a: Blastoise|spe|1\n|-sideend|p1: Sirrawrzy|Stealth Rock|[from] move: Rapid Spin|[of] p1a: Blastoise\n|\n|upkeep\n|turn|3\n|\n|t:|1699592469\n|switch|p1a: Rhydon|Rhydon, M, shiny|100\/100\n|move|p2a: Kleavor|Stone Axe|p1a: Rhydon|[miss]\n|-miss|p2a: Kleavor|p1a: Rhydon\n|\n|upkeep\n|turn|4\n|\n|t:|1699592475\n|move|p2a: Kleavor|Stone Axe|p1a: Rhydon\n|-resisted|p1a: Rhydon\n|-crit|p1a: Rhydon\n|-damage|p1a: Rhydon|83\/100\n|-sidestart|p1: Sirrawrzy|move: Stealth Rock\n|move|p1a: Rhydon|Earthquake|p2a: Kleavor\n|-damage|p2a: Kleavor|8\/100\n|\n|upkeep\n|turn|5\n|\n|t:|1699592492\n|switch|p2a: Meowscarada|Meowscarada, F|100\/100\n|move|p1a: Rhydon|Stealth Rock|p2a: Meowscarada\n|-sidestart|p2: What to do in Gen9|move: Stealth Rock\n|\n|upkeep\n|turn|6\n|\n|t:|1699592497\n|switch|p1a: Blastoise|Blastoise, F, shiny|16\/100\n|-damage|p1a: Blastoise|3\/100|[from] Stealth Rock\n|move|p2a: Meowscarada|Flower Trick|p1a: Blastoise\n|-start|p2a: Meowscarada|typechange|Grass|[from] ability: Protean\n|-supereffective|p1a: Blastoise\n|-crit|p1a: Blastoise\n|-damage|p1a: Blastoise|0 fnt\n|faint|p1a: Blastoise\n|-damage|p2a: Meowscarada|91\/100|[from] item: Life Orb\n|\n|upkeep\n|\n|t:|1699592509\n|switch|p1a: Ninetales|Ninetales, M, shiny|100\/100\n|-damage|p1a: Ninetales|76\/100|[from] Stealth Rock\n|-weather|SunnyDay|[from] ability: Drought|[of] p1a: Ninetales\n|turn|7\n|\n|t:|1699592516\n|move|p1a: Ninetales|Weather Ball|p2a: Meowscarada\n|-supereffective|p2a: Meowscarada\n|-damage|p2a: Meowscarada|0 fnt\n|faint|p2a: Meowscarada\n|\n|-weather|SunnyDay|[upkeep]\n|upkeep\n|\n|t:|1699592521\n|switch|p2a: Grimmsnarl|Grimmsnarl, M|100\/100\n|-damage|p2a: Grimmsnarl|88\/100|[from] Stealth Rock\n|turn|8\n|\n|t:|1699592524\n|switch|p1a: Jolteon|Jolteon, F, shiny|100\/100\n|-damage|p1a: Jolteon|88\/100|[from] Stealth Rock\n|move|p2a: Grimmsnarl|Light Screen|p2a: Grimmsnarl\n|-sidestart|p2: What to do in Gen9|move: Light Screen\n|\n|-weather|SunnyDay|[upkeep]\n|-status|p1a: Jolteon|brn|[from] item: Flame Orb\n|upkeep\n|turn|9\n|\n|t:|1699592528\n|move|p2a: Grimmsnarl|Taunt|p1a: Jolteon\n|-start|p1a: Jolteon|move: Taunt\n|cant|p1a: Jolteon|move: Taunt|Copycat\n|\n|-weather|SunnyDay|[upkeep]\n|-damage|p1a: Jolteon|82\/100 brn|[from] brn\n|upkeep\n|turn|10\n|\n|t:|1699592531\n|move|p2a: Grimmsnarl|Reflect|p2a: Grimmsnarl\n|-sidestart|p2: What to do in Gen9|Reflect\n|move|p1a: Jolteon|Volt Switch|p2a: Grimmsnarl\n|-damage|p2a: Grimmsnarl|71\/100\n|\n|t:|1699592540\n|switch|p1a: Rhydon|Rhydon, M, shiny|83\/100|[from] Volt Switch\n|-damage|p1a: Rhydon|77\/100|[from] Stealth Rock\n|\n|-weather|SunnyDay|[upkeep]\n|upkeep\n|turn|11\n|\n|t:|1699592546\n|switch|p1a: Jolteon|Jolteon, F, shiny|82\/100 brn\n|-damage|p1a: Jolteon|69\/100 brn|[from] Stealth Rock\n|move|p2a: Grimmsnarl|Parting Shot|p1a: Jolteon\n|-unboost|p1a: Jolteon|atk|1\n|-unboost|p1a: Jolteon|spa|1\n|\n|t:|1699592550\n|switch|p2a: Ariados|Ariados, F|100\/100|[from] Parting Shot\n|-damage|p2a: Ariados|76\/100|[from] Stealth Rock\n|\n|-weather|none\n|-damage|p1a: Jolteon|63\/100 brn|[from] brn\n|upkeep\n|turn|12\n|\n|t:|1699592560\n|move|p1a: Jolteon|Tera Blast|p2a: Ariados\n|-damage|p2a: Ariados|65\/100\n|move|p2a: Ariados|Sticky Web|p1a: Jolteon\n|-sidestart|p1: Sirrawrzy|move: Sticky Web\n|\n|-damage|p1a: Jolteon|57\/100 brn|[from] brn\n|upkeep\n|turn|13\n|\n|t:|1699592566\n|move|p1a: Jolteon|Copycat|p1a: Jolteon\n|move|p1a: Jolteon|Sticky Web|p2a: Ariados|[from]move: Copycat\n|-sidestart|p2: What to do in Gen9|move: Sticky Web\n|move|p2a: Ariados|Knock Off|p1a: Jolteon\n|-crit|p1a: Jolteon\n|-damage|p1a: Jolteon|0 fnt\n|-enditem|p1a: Jolteon|Flame Orb|[from] move: Knock Off|[of] p2a: Ariados\n|faint|p1a: Jolteon\n|\n|upkeep\n|\n|t:|1699592579\n|switch|p1a: Ninetales|Ninetales, M, shiny|76\/100\n|-damage|p1a: Ninetales|51\/100|[from] Stealth Rock\n|-activate|p1a: Ninetales|move: Sticky Web\n|-unboost|p1a: Ninetales|spe|1\n|-weather|SunnyDay|[from] ability: Drought|[of] p1a: Ninetales\n|turn|14\n|\n|t:|1699592585\n|move|p2a: Ariados|Sucker Punch||[still]\n|-fail|p2a: Ariados\n|move|p1a: Ninetales|Healing Wish|p1a: Ninetales\n|faint|p1a: Ninetales\n|\n|-weather|SunnyDay|[upkeep]\n|upkeep\n|\n|t:|1699592593\n|switch|p1a: Venusaur|Venusaur, M, shiny|100\/100\n|-damage|p1a: Venusaur|88\/100|[from] Stealth Rock\n|-activate|p1a: Venusaur|move: Sticky Web\n|-unboost|p1a: Venusaur|spe|1\n|turn|15\n|\n|t:|1699592601\n|move|p1a: Venusaur|Weather Ball|p2a: Ariados\n|-supereffective|p2a: Ariados\n|-damage|p2a: Ariados|0 fnt\n|faint|p2a: Ariados\n|-damage|p1a: Venusaur|78\/100|[from] item: Life Orb\n|\n|-weather|SunnyDay|[upkeep]\n|-sideend|p2: What to do in Gen9|move: Light Screen\n|upkeep\n|\n|t:|1699592606\n|switch|p2a: Grimmsnarl|Grimmsnarl, M|71\/100\n|-damage|p2a: Grimmsnarl|58\/100|[from] Stealth Rock\n|-activate|p2a: Grimmsnarl|move: Sticky Web\n|-unboost|p2a: Grimmsnarl|spe|1\n|turn|16\n|\n|t:|1699592608\n|move|p2a: Grimmsnarl|Light Screen|p2a: Grimmsnarl\n|-sidestart|p2: What to do in Gen9|move: Light Screen\n|move|p1a: Venusaur|Sludge Bomb|p2a: Grimmsnarl\n|-supereffective|p2a: Grimmsnarl\n|-damage|p2a: Grimmsnarl|0 fnt\n|faint|p2a: Grimmsnarl\n|-damage|p1a: Venusaur|68\/100|[from] item: Life Orb\n|\n|-weather|SunnyDay|[upkeep]\n|upkeep\n|\n|t:|1699592616\n|switch|p2a: Inteleon|Inteleon, F|100\/100\n|-damage|p2a: Inteleon|88\/100|[from] Stealth Rock\n|-activate|p2a: Inteleon|move: Sticky Web\n|-unboost|p2a: Inteleon|spe|1\n|turn|17\n|\n|t:|1699592622\n|move|p1a: Venusaur|Giga Drain|p2a: Inteleon\n|-supereffective|p2a: Inteleon\n|-damage|p2a: Inteleon|14\/100\n|-heal|p1a: Venusaur|100\/100|[from] drain|[of] p2a: Inteleon\n|-damage|p1a: Venusaur|91\/100|[from] item: Life Orb\n|move|p2a: Inteleon|Ice Beam|p1a: Venusaur\n|-supereffective|p1a: Venusaur\n|-damage|p1a: Venusaur|21\/100\n|\n|-weather|SunnyDay|[upkeep]\n|-heal|p2a: Inteleon|20\/100|[from] item: Leftovers\n|-sideend|p2: What to do in Gen9|Reflect\n|upkeep\n|turn|18\n|\n|t:|1699592630\n|move|p1a: Venusaur|Giga Drain|p2a: Inteleon\n|-supereffective|p2a: Inteleon\n|-damage|p2a: Inteleon|0 fnt\n|-heal|p1a: Venusaur|30\/100|[from] drain|[of] p2a: Inteleon\n|faint|p2a: Inteleon\n|-damage|p1a: Venusaur|20\/100|[from] item: Life Orb\n|\n|-weather|none\n|upkeep\n|\n|t:|1699592635\n|switch|p2a: Urshifu|Urshifu-Rapid-Strike, F|100\/100\n|-damage|p2a: Urshifu|94\/100|[from] Stealth Rock\n|-activate|p2a: Urshifu|move: Sticky Web\n|-unboost|p2a: Urshifu|spe|1\n|turn|19\n|\n|t:|1699592641\n|switch|p1a: Dragonite|Dragonite, F, shiny|100\/100\n|-damage|p1a: Dragonite|76\/100|[from] Stealth Rock\n|move|p2a: Urshifu|Trailblaze|p1a: Dragonite\n|-resisted|p1a: Dragonite\n|-damage|p1a: Dragonite|71\/100\n|-boost|p2a: Urshifu|spe|1\n|\n|upkeep\n|turn|20\n|\n|t:|1699592651\n|-terastallize|p1a: Dragonite|Normal\n|move|p2a: Urshifu|Swords Dance|p2a: Urshifu\n|-boost|p2a: Urshifu|atk|2\n|move|p1a: Dragonite|Dual Wingbeat|p2a: Urshifu\n|-supereffective|p2a: Urshifu\n|-damage|p2a: Urshifu|50\/100\n|-supereffective|p2a: Urshifu\n|-damage|p2a: Urshifu|0 fnt\n|faint|p2a: Urshifu\n|-hitcount|p2: Urshifu|2\n|-heal|p1a: Dragonite|82\/100|[from] item: Shell Bell|[of] p2: Urshifu\n|\n|upkeep\n|\n|t:|1699592656\n|switch|p2a: Kleavor|Kleavor, F|8\/100\n|-damage|p2a: Kleavor|0 fnt|[from] Stealth Rock\n|-activate|p2a: Kleavor|move: Sticky Web\n|faint|p2a: Kleavor\n|\n|win|Sirrawrzy\n|raw|Sirrawrzy's rating: 1477 &rarr; <strong>1501<\/strong><br \/>(+24 for winning)\n|raw|What to do in Gen9's rating: 1545 &rarr; <strong>1521<\/strong><br \/>(-24 for losing)\n|l|\u2606What to do in Gen9\n","uploadtime":1699592668,"views":4,"p1id":"sirrawrzy","p2id":"whattodoingen9","formatid":"gen9nationaldex","rating":1501,"private":0,"password":""}