{"id":"gen9nationaldex-1998635242","p1":"baigu2","p2":"not_kastadiva","format":"[Gen 9] National Dex","log":"|html|<div class=\"broadcast-blue\"><strong>[Gen 9] National Dex is currently suspecting Sneasler! For information on how to participate check out the <a href=\"https:\/\/www.smogon.com\/forums\/threads\/sv-national-dex-suspect-8-just-dance.3731534\/\">suspect thread<\/a>.<\/strong><\/div>\n|j|\u2606baigu2\n|j|\u2606not_kastadiva\n|t:|1700965736\n|gametype|singles\n|player|p1|baigu2|170|1779\n|player|p2|not_kastadiva|266|1710\n|teamsize|p1|6\n|teamsize|p2|6\n|gen|9\n|tier|[Gen 9] National Dex\n|rated|\n|rule|HP Percentage Mod: HP is shown in percentages\n|rule|Endless Battle Clause: Forcing endless battles is banned\n|rule|OHKO Clause: OHKO moves are banned\n|rule|Evasion Clause: Evasion abilities, items, and moves are banned\n|rule|Evasion Abilities Clause: Evasion abilities are banned\n|rule|Evasion Items Clause: Evasion items are banned\n|rule|Evasion Moves Clause: Evasion moves are banned\n|rule|Species Clause: Limit one of each Pok\u00e9mon\n|rule|Sleep Clause Mod: Limit one foe put to sleep\n|clearpoke\n|poke|p1|Ursaluna, M|\n|poke|p1|Slowking, F|\n|poke|p1|Corviknight, M|\n|poke|p1|Hoopa-Unbound|\n|poke|p1|Dragonite, M|\n|poke|p1|Tapu Koko|\n|poke|p2|Ursaluna, M|\n|poke|p2|Hatterene, F|\n|poke|p2|Hoopa-Unbound|\n|poke|p2|Sinistcha-Masterpiece|\n|poke|p2|Iron Hands|\n|poke|p2|Mawile, F|\n|teampreview\n|\n|t:|1700965747\n|start\n|switch|p1a: Tapu Koko|Tapu Koko|100\/100\n|switch|p2a: Hoopa|Hoopa-Unbound|100\/100\n|-fieldstart|move: Electric Terrain|[from] ability: Electric Surge|[of] p1a: Tapu Koko\n|turn|1\n|inactive|Battle timer is ON: inactive players will automatically lose when time's up. (requested by not_kastadiva)\n|\n|t:|1700965752\n|move|p2a: Hoopa|Protect|p2a: Hoopa\n|-singleturn|p2a: Hoopa|Protect\n|move|p1a: Tapu Koko|U-turn|p2a: Hoopa\n|-activate|p2a: Hoopa|move: Protect\n|\n|upkeep\n|turn|2\n|j| NicksRokaya\n|\n|t:|1700965761\n|switch|p2a: Mawile|Mawile, F|100\/100\n|-ability|p2a: Mawile|Intimidate|boost\n|-unboost|p1a: Tapu Koko|atk|1\n|move|p1a: Tapu Koko|U-turn|p2a: Mawile\n|-resisted|p2a: Mawile\n|-damage|p2a: Mawile|97\/100\n|\n|t:|1700965764\n|switch|p1a: \u718a\u5927|Ursaluna, M|100\/100|[from] U-turn\n|\n|-status|p1a: \u718a\u5927|brn|[from] item: Flame Orb\n|upkeep\n|turn|3\n|j| yumya233\n|\n|t:|1700965776\n|switch|p2a: Sinistcha|Sinistcha-Masterpiece|100\/100\n|move|p1a: \u718a\u5927|Headlong Rush|p2a: Sinistcha\n|-resisted|p2a: Sinistcha\n|-damage|p2a: Sinistcha|66\/100\n|-unboost|p1a: \u718a\u5927|def|1\n|-unboost|p1a: \u718a\u5927|spd|1\n|-damage|p1a: \u718a\u5927|84\/100 brn|[from] item: Rocky Helmet|[of] p2a: Sinistcha\n|\n|-damage|p1a: \u718a\u5927|78\/100 brn|[from] brn\n|upkeep\n|turn|4\n|j| cdx\n|\n|t:|1700965785\n|move|p1a: \u718a\u5927|Throat Chop|p2a: Sinistcha\n|-supereffective|p2a: Sinistcha\n|-damage|p2a: Sinistcha|0 fnt\n|-damage|p1a: \u718a\u5927|61\/100 brn|[from] item: Rocky Helmet|[of] p2a: Sinistcha\n|faint|p2a: Sinistcha\n|\n|-damage|p1a: \u718a\u5927|55\/100 brn|[from] brn\n|upkeep\n|\n|t:|1700965800\n|switch|p2a: Hatterene|Hatterene, F|100\/100\n|turn|5\n|\n|t:|1700965805\n|switch|p1a: Slowking|Slowking, F|100\/100\n|move|p2a: Hatterene|Trick Room|p2a: Hatterene\n|-fieldstart|move: Trick Room|[of] p2a: Hatterene\n|\n|-fieldend|move: Electric Terrain\n|upkeep\n|turn|6\n|\n|t:|1700965808\n|move|p2a: Hatterene|Healing Wish|p2a: Hatterene\n|faint|p2a: Hatterene\n|move|p1a: Slowking|Trick Room|p1a: Slowking\n|-fieldend|move: Trick Room\n|\n|upkeep\n|\n|t:|1700965815\n|switch|p2a: Hoopa|Hoopa-Unbound|100\/100\n|turn|7\n|\n|t:|1700965823\n|switch|p1a: Tapu Koko|Tapu Koko|100\/100\n|-fieldstart|move: Electric Terrain|[from] ability: Electric Surge|[of] p1a: Tapu Koko\n|move|p2a: Hoopa|Hyperspace Fury|p1a: Tapu Koko\n|-resisted|p1a: Tapu Koko\n|-crit|p1a: Tapu Koko\n|-damage|p1a: Tapu Koko|43\/100\n|-unboost|p2a: Hoopa|def|1\n|-enditem|p2a: Hoopa|Eject Pack\n|\n|t:|1700965830\n|switch|p2a: Mawile|Mawile, F|97\/100\n|-heal|p2a: Mawile|100\/100|[from] move: Healing Wish\n|-ability|p2a: Mawile|Intimidate|boost\n|-unboost|p1a: Tapu Koko|atk|1\n|\n|upkeep\n|turn|8\n|\n|t:|1700965840\n|detailschange|p2a: Mawile|Mawile-Mega, F\n|-mega|p2a: Mawile|Mawile|Mawilite\n|move|p1a: Tapu Koko|Volt Switch|p2a: Mawile\n|-damage|p2a: Mawile|37\/100\n|\n|t:|1700965845\n|switch|p1a: Corviknight|Corviknight, M|100\/100|[from] Volt Switch\n|-ability|p1a: Corviknight|Pressure\n|move|p2a: Mawile|Knock Off|p1a: Corviknight\n|-damage|p1a: Corviknight|60\/100\n|-damage|p2a: Mawile|20\/100|[from] item: Rocky Helmet|[of] p1a: Corviknight\n|-enditem|p1a: Corviknight|Rocky Helmet|[from] move: Knock Off|[of] p2a: Mawile\n|\n|upkeep\n|turn|9\n|\n|t:|1700965854\n|switch|p2a: Iron Hands|Iron Hands|100\/100\n|-activate|p2a: Iron Hands|ability: Quark Drive\n|-start|p2a: Iron Hands|quarkdriveatk\n|move|p1a: Corviknight|Roost|p1a: Corviknight\n|-heal|p1a: Corviknight|100\/100\n|-singleturn|p1a: Corviknight|move: Roost\n|\n|upkeep\n|turn|10\n|\n|t:|1700965878\n|move|p1a: Corviknight|U-turn|p2a: Iron Hands\n|-resisted|p2a: Iron Hands\n|-crit|p2a: Iron Hands\n|-damage|p2a: Iron Hands|93\/100\n|\n|t:|1700965882\n|switch|p1a: Slowking|Slowking, F|100\/100|[from] U-turn\n|move|p2a: Iron Hands|Swords Dance|p2a: Iron Hands\n|-boost|p2a: Iron Hands|atk|2\n|\n|upkeep\n|turn|11\n|\n|t:|1700965887\n|move|p2a: Iron Hands|Wild Charge|p1a: Slowking\n|-supereffective|p1a: Slowking\n|-damage|p1a: Slowking|0 fnt\n|faint|p1a: Slowking\n|-damage|p2a: Iron Hands|74\/100|[from] Recoil\n|\n|-fieldend|move: Electric Terrain\n|-end|p2a: Iron Hands|Quark Drive\n|upkeep\n|-enditem|p2a: Iron Hands|Booster Energy\n|-activate|p2a: Iron Hands|ability: Quark Drive|[fromitem]\n|-start|p2a: Iron Hands|quarkdriveatk\n|\n|t:|1700965895\n|switch|p1a: Hoopa|Hoopa-Unbound|100\/100\n|turn|12\n|\n|t:|1700965898\n|move|p1a: Hoopa|Psychic|p2a: Iron Hands\n|-supereffective|p2a: Iron Hands\n|-damage|p2a: Iron Hands|0 fnt\n|faint|p2a: Iron Hands\n|-end|p2a: Iron Hands|Quark Drive|[silent]\n|\n|upkeep\n|\n|t:|1700965902\n|switch|p2a: Hoopa|Hoopa-Unbound|100\/100\n|turn|13\n|\n|t:|1700965923\n|-zpower|p1a: Hoopa\n|move|p1a: Hoopa|All-Out Pummeling|p2a: Hoopa|[zeffect]\n|-damage|p2a: Hoopa|45\/100\n|move|p2a: Hoopa|Hyperspace Fury|p1a: Hoopa\n|-damage|p1a: Hoopa|9\/100\n|-unboost|p2a: Hoopa|def|1\n|\n|upkeep\n|turn|14\n|\n|t:|1700965938\n|move|p2a: Hoopa|Protect|p2a: Hoopa\n|-singleturn|p2a: Hoopa|Protect\n|move|p1a: Hoopa|Dark Pulse|p2a: Hoopa\n|-activate|p2a: Hoopa|move: Protect\n|\n|upkeep\n|turn|15\n|\n|t:|1700965943\n|move|p1a: Hoopa|Dark Pulse|p2a: Hoopa\n|-damage|p2a: Hoopa|9\/100\n|cant|p2a: Hoopa|flinch\n|\n|upkeep\n|turn|16\n|\n|t:|1700965947\n|move|p1a: Hoopa|Dark Pulse|p2a: Hoopa\n|-crit|p2a: Hoopa\n|-damage|p2a: Hoopa|0 fnt\n|faint|p2a: Hoopa\n|\n|upkeep\n|\n|t:|1700965949\n|switch|p2a: Mawile|Mawile-Mega, F|20\/100\n|turn|17\n|\n|t:|1700965952\n|switch|p1a: Corviknight|Corviknight, M|100\/100\n|-ability|p1a: Corviknight|Pressure\n|move|p2a: Mawile|Sucker Punch||[still]\n|-fail|p2a: Mawile\n|\n|upkeep\n|turn|18\n|\n|t:|1700965958\n|switch|p2a: Ursaluna|Ursaluna, M|100\/100\n|move|p1a: Corviknight|Brave Bird|p2a: Ursaluna\n|-damage|p2a: Ursaluna|74\/100\n|-damage|p1a: Corviknight|90\/100|[from] Recoil\n|\n|-status|p2a: Ursaluna|brn|[from] item: Flame Orb\n|upkeep\n|turn|19\n|\n|t:|1700965965\n|move|p1a: Corviknight|Brave Bird|p2a: Ursaluna\n|-damage|p2a: Ursaluna|45\/100 brn\n|-damage|p1a: Corviknight|79\/100|[from] Recoil\n|move|p2a: Ursaluna|Fire Punch|p1a: Corviknight\n|-supereffective|p1a: Corviknight\n|-damage|p1a: Corviknight|27\/100\n|\n|-damage|p2a: Ursaluna|39\/100 brn|[from] brn\n|upkeep\n|turn|20\n|\n|t:|1700965968\n|move|p1a: Corviknight|Brave Bird|p2a: Ursaluna\n|-damage|p2a: Ursaluna|12\/100 brn\n|-damage|p1a: Corviknight|17\/100|[from] Recoil\n|move|p2a: Ursaluna|Fire Punch|p1a: Corviknight\n|-supereffective|p1a: Corviknight\n|-damage|p1a: Corviknight|0 fnt\n|faint|p1a: Corviknight\n|\n|-damage|p2a: Ursaluna|6\/100 brn|[from] brn\n|upkeep\n|\n|t:|1700965973\n|switch|p1a: Dragonite|Dragonite, M|100\/100\n|turn|21\n|\n|t:|1700965976\n|-terastallize|p1a: Dragonite|Normal\n|move|p1a: Dragonite|Extreme Speed|p2a: Ursaluna\n|-crit|p2a: Ursaluna\n|-damage|p2a: Ursaluna|0 fnt\n|faint|p2a: Ursaluna\n|\n|upkeep\n|\n|t:|1700965979\n|switch|p2a: Mawile|Mawile-Mega, F|20\/100\n|turn|22\n|\n|t:|1700965981\n|move|p1a: Dragonite|Extreme Speed|p2a: Mawile\n|-resisted|p2a: Mawile\n|-damage|p2a: Mawile|0 fnt\n|faint|p2a: Mawile\n|\n|win|baigu2\n|raw|baigu2's rating: 1779 &rarr; <strong>1795<\/strong><br \/>(+16 for winning)\n|raw|not_kastadiva's rating: 1710 &rarr; <strong>1694<\/strong><br \/>(-16 for losing)\n","uploadtime":1700965984,"views":1,"p1id":"baigu2","p2id":"notkastadiva","formatid":"gen9nationaldex","rating":1694,"private":0,"password":""}