{"id":"gen9nationaldex-1998558419","p1":"Kingcheetah009","p2":"MarcusTalks","format":"[Gen 9] National Dex","log":"|html|<div class=\"broadcast-blue\"><strong>[Gen 9] National Dex is currently suspecting Sneasler! For information on how to participate check out the <a href=\"https:\/\/www.smogon.com\/forums\/threads\/sv-national-dex-suspect-8-just-dance.3731534\/\">suspect thread<\/a>.<\/strong><\/div>\n|j|\u2606Kingcheetah009\n|j|\u2606MarcusTalks\n|t:|1700956180\n|gametype|singles\n|player|p1|Kingcheetah009|2|\n|player|p2|MarcusTalks|steven|\n|teamsize|p1|6\n|teamsize|p2|6\n|gen|9\n|tier|[Gen 9] National Dex\n|rule|HP Percentage Mod: HP is shown in percentages\n|rule|Endless Battle Clause: Forcing endless battles is banned\n|rule|OHKO Clause: OHKO moves are banned\n|rule|Evasion Clause: Evasion abilities, items, and moves are banned\n|rule|Evasion Abilities Clause: Evasion abilities are banned\n|rule|Evasion Items Clause: Evasion items are banned\n|rule|Evasion Moves Clause: Evasion moves are banned\n|rule|Species Clause: Limit one of each Pok\u00e9mon\n|rule|Sleep Clause Mod: Limit one foe put to sleep\n|clearpoke\n|poke|p1|Jolteon, M|\n|poke|p1|Umbreon, M|\n|poke|p1|Espeon, F|\n|poke|p1|Vaporeon, F|\n|poke|p1|Leafeon, F|\n|poke|p1|Sylveon, F|\n|poke|p2|Aegislash, M|\n|poke|p2|Ceruledge, M|\n|poke|p2|Sinistcha-Masterpiece|\n|poke|p2|Cofagrigus, M|\n|poke|p2|Rotom|\n|poke|p2|Lopunny, F|\n|teampreview\n|c|\u2606Kingcheetah009|Gl\n|\n|t:|1700956192\n|start\n|switch|p1a: Coeus|Espeon, F, shiny|100\/100\n|switch|p2a: Cofagrigus|Cofagrigus, M|100\/100\n|turn|1\n|\n|t:|1700956200\n|move|p2a: Cofagrigus|Substitute|p2a: Cofagrigus\n|-start|p2a: Cofagrigus|Substitute\n|-damage|p2a: Cofagrigus|76\/100\n|move|p1a: Coeus|Trick Room|p1a: Coeus\n|-fieldstart|move: Trick Room|[of] p1a: Coeus\n|\n|-heal|p2a: Cofagrigus|82\/100|[from] item: Leftovers\n|upkeep\n|turn|2\n|\n|t:|1700956209\n|move|p2a: Cofagrigus|Knock Off|p1a: Coeus\n|-supereffective|p1a: Coeus\n|-damage|p1a: Coeus|51\/100\n|-enditem|p1a: Coeus|Leppa Berry|[from] move: Knock Off|[of] p2a: Cofagrigus\n|move|p1a: Coeus|Shadow Ball|p2a: Cofagrigus\n|-supereffective|p2a: Cofagrigus\n|-end|p2a: Cofagrigus|Substitute\n|\n|-heal|p2a: Cofagrigus|88\/100|[from] item: Leftovers\n|upkeep\n|turn|3\n|\n|t:|1700956227\n|move|p2a: Cofagrigus|Substitute|p2a: Cofagrigus\n|-start|p2a: Cofagrigus|Substitute\n|-damage|p2a: Cofagrigus|63\/100\n|move|p1a: Coeus|Shadow Ball|p2a: Cofagrigus\n|-supereffective|p2a: Cofagrigus\n|-end|p2a: Cofagrigus|Substitute\n|\n|-heal|p2a: Cofagrigus|69\/100|[from] item: Leftovers\n|upkeep\n|turn|4\n|\n|t:|1700956255\n|switch|p2a: Lopunny|Lopunny, F, shiny|100\/100\n|switch|p1a: Sylveon|Sylveon, F, shiny|100\/100\n|\n|upkeep\n|turn|5\n|\n|t:|1700956265\n|detailschange|p2a: Lopunny|Lopunny-Mega, F, shiny\n|-mega|p2a: Lopunny|Lopunny|Lopunnite\n|move|p2a: Lopunny|Fake Out|p1a: Sylveon\n|-damage|p1a: Sylveon|72\/100\n|cant|p1a: Sylveon|flinch\n|\n|-fieldend|move: Trick Room\n|upkeep\n|turn|6\n|\n|t:|1700956274\n|move|p2a: Lopunny|Return|p1a: Sylveon\n|-crit|p1a: Sylveon\n|-damage|p1a: Sylveon|0 fnt\n|faint|p1a: Sylveon\n|\n|upkeep\n|\n|t:|1700956291\n|switch|p1a: Calyspo|Vaporeon, F, shiny|100\/100\n|turn|7\n|c|\u2606MarcusTalks|I hope crit didn\u2019t mattered there\n|\n|t:|1700956304\n|switch|p2a: Cofagrigus|Cofagrigus, M|69\/100\n|-terastallize|p1a: Calyspo|Psychic\n|move|p1a: Calyspo|Tera Blast|p2a: Cofagrigus|[anim] Tera Blast Psychic\n|-damage|p2a: Cofagrigus|40\/100\n|\n|-heal|p2a: Cofagrigus|46\/100|[from] item: Leftovers\n|upkeep\n|turn|8\n|c|\u2606Kingcheetah009|Crit go brr\n|\n|t:|1700956323\n|switch|p1a: Erebus|Umbreon, M, shiny|100\/100\n|move|p2a: Cofagrigus|Pain Split|p1a: Erebus\n|-sethp|p1a: Erebus|69\/100|[from] move: Pain Split|[silent]\n|-sethp|p2a: Cofagrigus|85\/100|[from] move: Pain Split\n|\n|-heal|p1a: Erebus|75\/100|[from] item: Leftovers\n|-heal|p2a: Cofagrigus|91\/100|[from] item: Leftovers\n|upkeep\n|turn|9\n|\n|t:|1700956334\n|move|p1a: Erebus|Taunt|p2a: Cofagrigus\n|-start|p2a: Cofagrigus|move: Taunt\n|cant|p2a: Cofagrigus|move: Taunt|Toxic Spikes\n|\n|-heal|p1a: Erebus|81\/100|[from] item: Leftovers\n|-heal|p2a: Cofagrigus|97\/100|[from] item: Leftovers\n|upkeep\n|turn|10\n|\n|t:|1700956344\n|move|p1a: Erebus|Foul Play|p2a: Cofagrigus\n|-supereffective|p2a: Cofagrigus\n|-damage|p2a: Cofagrigus|74\/100\n|-activate|p2a: Cofagrigus|ability: Mummy|Synchronize|[of] p1a: Erebus\n|move|p2a: Cofagrigus|Knock Off|p1a: Erebus\n|-resisted|p1a: Erebus\n|-damage|p1a: Erebus|76\/100\n|-enditem|p1a: Erebus|Leftovers|[from] move: Knock Off|[of] p2a: Cofagrigus\n|\n|-heal|p2a: Cofagrigus|80\/100|[from] item: Leftovers\n|upkeep\n|turn|11\n|\n|t:|1700956359\n|move|p1a: Erebus|Detect|p1a: Erebus\n|-singleturn|p1a: Erebus|Protect\n|move|p2a: Cofagrigus|Knock Off|p1a: Erebus\n|-activate|p1a: Erebus|move: Protect\n|\n|-heal|p2a: Cofagrigus|86\/100|[from] item: Leftovers\n|-end|p2a: Cofagrigus|move: Taunt\n|upkeep\n|turn|12\n|\n|t:|1700956369\n|switch|p2a: Lopunny|Lopunny-Mega, F, shiny|100\/100\n|move|p1a: Erebus|Taunt|p2a: Lopunny\n|-start|p2a: Lopunny|move: Taunt\n|\n|upkeep\n|turn|13\n|\n|t:|1700956376\n|move|p1a: Erebus|Detect|p1a: Erebus\n|-singleturn|p1a: Erebus|Protect\n|move|p2a: Lopunny|Fake Out|p1a: Erebus\n|-activate|p1a: Erebus|move: Protect\n|\n|upkeep\n|turn|14\n|\n|t:|1700956391\n|move|p2a: Lopunny|Return|p1a: Erebus\n|-damage|p1a: Erebus|32\/100\n|-activate|p1a: Erebus|ability: Mummy|Scrappy|[of] p2a: Lopunny\n|move|p1a: Erebus|Foul Play|p2a: Lopunny\n|-resisted|p2a: Lopunny\n|-damage|p2a: Lopunny|64\/100\n|\n|-end|p2a: Lopunny|move: Taunt\n|upkeep\n|turn|15\n|\n|t:|1700956404\n|move|p2a: Lopunny|Return|p1a: Erebus\n|-damage|p1a: Erebus|0 fnt\n|faint|p1a: Erebus\n|\n|upkeep\n|\n|t:|1700956410\n|switch|p1a: Lectra|Jolteon, M, shiny|100\/100\n|turn|16\n|\n|t:|1700956433\n|switch|p2a: Sinistcha|Sinistcha-Masterpiece, shiny|100\/100\n|-zpower|p1a: Lectra\n|move|p1a: Lectra|Gigavolt Havoc|p2a: Sinistcha|[zeffect]\n|-resisted|p2a: Sinistcha\n|-damage|p2a: Sinistcha|49\/100\n|\n|-heal|p2a: Sinistcha|55\/100|[from] item: Leftovers\n|upkeep\n|turn|17\n|\n|t:|1700956447\n|move|p1a: Lectra|Shadow Ball|p2a: Sinistcha\n|-supereffective|p2a: Sinistcha\n|-damage|p2a: Sinistcha|0 fnt\n|faint|p2a: Sinistcha\n|\n|upkeep\n|\n|t:|1700956456\n|switch|p2a: Lopunny|Lopunny-Mega, F, shiny|64\/100\n|turn|18\n|\n|t:|1700956459\n|move|p1a: Lectra|Detect|p1a: Lectra\n|-singleturn|p1a: Lectra|Protect\n|move|p2a: Lopunny|Fake Out|p1a: Lectra\n|-activate|p1a: Lectra|move: Protect\n|\n|upkeep\n|turn|19\n|\n|t:|1700956483\n|move|p2a: Lopunny|High Jump Kick|p1a: Lectra\n|-damage|p1a: Lectra|0 fnt\n|faint|p1a: Lectra\n|\n|upkeep\n|\n|t:|1700956504\n|switch|p1a: Gaia|Leafeon, F, shiny|100\/100\n|turn|20\n|\n|t:|1700956511\n|move|p2a: Lopunny|Ice Punch|p1a: Gaia\n|-supereffective|p1a: Gaia\n|-damage|p1a: Gaia|50\/100\n|move|p1a: Gaia|Leaf Blade|p2a: Lopunny\n|-damage|p2a: Lopunny|0 fnt\n|faint|p2a: Lopunny\n|\n|upkeep\n|\n|t:|1700956520\n|switch|p2a: Ceruledge|Ceruledge, M|100\/100\n|turn|21\n|\n|t:|1700956524\n|switch|p1a: Calyspo|Vaporeon, F, shiny, tera:Psychic|100\/100\n|move|p2a: Ceruledge|Swords Dance|p2a: Ceruledge\n|-boost|p2a: Ceruledge|atk|2\n|\n|upkeep\n|turn|22\n|\n|t:|1700956535\n|move|p2a: Ceruledge|Shadow Sneak|p1a: Calyspo\n|-supereffective|p1a: Calyspo\n|-damage|p1a: Calyspo|15\/100\n|move|p1a: Calyspo|Scald|p2a: Ceruledge\n|-supereffective|p2a: Ceruledge\n|-damage|p2a: Ceruledge|28\/100\n|\n|-heal|p1a: Calyspo|21\/100|[from] item: Leftovers\n|upkeep\n|turn|23\n|\n|t:|1700956547\n|-terastallize|p2a: Ceruledge|Fire\n|move|p1a: Calyspo|Detect|p1a: Calyspo\n|-singleturn|p1a: Calyspo|Protect\n|move|p2a: Ceruledge|Bitter Blade|p1a: Calyspo\n|-activate|p1a: Calyspo|move: Protect\n|\n|-heal|p1a: Calyspo|27\/100|[from] item: Leftovers\n|upkeep\n|turn|24\n|\n|t:|1700956559\n|move|p2a: Ceruledge|Shadow Sneak|p1a: Calyspo\n|-supereffective|p1a: Calyspo\n|-damage|p1a: Calyspo|0 fnt\n|faint|p1a: Calyspo\n|\n|upkeep\n|\n|t:|1700956573\n|switch|p1a: Gaia|Leafeon, F, shiny|50\/100\n|turn|25\n|\n|t:|1700956584\n|move|p1a: Gaia|Quick Attack|p2a: Ceruledge\n|-damage|p2a: Ceruledge|0 fnt\n|faint|p2a: Ceruledge\n|\n|upkeep\n|\n|t:|1700956597\n|switch|p2a: Cofagrigus|Cofagrigus, M|86\/100\n|turn|26\n|\n|t:|1700956601\n|switch|p1a: Coeus|Espeon, F, shiny|51\/100\n|move|p2a: Cofagrigus|Knock Off|p1a: Coeus\n|-supereffective|p1a: Coeus\n|-damage|p1a: Coeus|16\/100\n|\n|-heal|p2a: Cofagrigus|92\/100|[from] item: Leftovers\n|upkeep\n|turn|27\n|\n|t:|1700956615\n|move|p1a: Coeus|Shadow Ball|p2a: Cofagrigus\n|-supereffective|p2a: Cofagrigus\n|-damage|p2a: Cofagrigus|31\/100\n|move|p2a: Cofagrigus|Knock Off|p1a: Coeus\n|-supereffective|p1a: Coeus\n|-damage|p1a: Coeus|0 fnt\n|faint|p1a: Coeus\n|\n|-heal|p2a: Cofagrigus|37\/100|[from] item: Leftovers\n|upkeep\n|\n|t:|1700956625\n|switch|p1a: Gaia|Leafeon, F, shiny|50\/100\n|turn|28\n|\n|t:|1700956641\n|move|p1a: Gaia|Knock Off|p2a: Cofagrigus\n|-supereffective|p2a: Cofagrigus\n|-damage|p2a: Cofagrigus|0 fnt\n|-activate|p2a: Cofagrigus|ability: Mummy|Leaf Guard|[of] p1a: Gaia\n|-enditem|p2a: Cofagrigus|Leftovers|[from] move: Knock Off|[of] p1a: Gaia\n|faint|p2a: Cofagrigus\n|\n|upkeep\n|\n|t:|1700956649\n|switch|p2a: Aegislash|Aegislash, M, shiny|100\/100\n|turn|29\n|\n|t:|1700956657\n|move|p2a: Aegislash|King's Shield|p2a: Aegislash\n|-singleturn|p2a: Aegislash|Protect\n|move|p1a: Gaia|Knock Off|p2a: Aegislash\n|-activate|p2a: Aegislash|move: Protect\n|-unboost|p1a: Gaia|atk|1\n|\n|upkeep\n|turn|30\n|\n|t:|1700956665\n|move|p1a: Gaia|Knock Off|p2a: Aegislash\n|-supereffective|p2a: Aegislash\n|-damage|p2a: Aegislash|51\/100\n|-enditem|p2a: Aegislash|Leftovers|[from] move: Knock Off|[of] p1a: Gaia\n|-formechange|p2a: Aegislash|Aegislash-Blade||[from] ability: Stance Change\n|move|p2a: Aegislash|Shadow Ball|p1a: Gaia\n|-damage|p1a: Gaia|0 fnt\n|faint|p1a: Gaia\n|\n|win|MarcusTalks\n|c|\u2606Kingcheetah009|Gg\n|c|\u2606MarcusTalks|Gg\n","uploadtime":1700956681,"views":12,"p1id":"kingcheetah009","p2id":"marcustalks","formatid":"gen9nationaldex","rating":0,"private":0,"password":""}