{"id":"gen9nationaldex-1993866057","p1":"monsterapper","p2":"wwwkp","format":"[Gen 9] National Dex","log":"|j|\u2606monsterapper\n|j|\u2606wwwkp\n|t:|1700367251\n|gametype|singles\n|player|p1|monsterapper|veteran|1366\n|player|p2|wwwkp|bugcatcher-gen4dp|1298\n|teamsize|p1|6\n|teamsize|p2|6\n|gen|9\n|tier|[Gen 9] National Dex\n|rated|\n|rule|HP Percentage Mod: HP is shown in percentages\n|rule|Endless Battle Clause: Forcing endless battles is banned\n|rule|OHKO Clause: OHKO moves are banned\n|rule|Evasion Clause: Evasion abilities, items, and moves are banned\n|rule|Evasion Abilities Clause: Evasion abilities are banned\n|rule|Evasion Items Clause: Evasion items are banned\n|rule|Evasion Moves Clause: Evasion moves are banned\n|rule|Species Clause: Limit one of each Pok\u00e9mon\n|rule|Sleep Clause Mod: Limit one foe put to sleep\n|clearpoke\n|poke|p1|Lopunny, F|\n|poke|p1|Zoroark-Hisui, F|\n|poke|p1|Blissey, F|\n|poke|p1|Ditto|\n|poke|p1|Staraptor, F|\n|poke|p1|Ursaluna, M|\n|poke|p2|Toxapex, F|\n|poke|p2|Dondozo, F|\n|poke|p2|Garganacl, M|\n|poke|p2|Sableye, F|\n|poke|p2|Gliscor, F|\n|poke|p2|Blissey, F|\n|teampreview\n|\n|t:|1700367277\n|start\n|switch|p1a: Miruko|Lopunny, F|100\/100\n|switch|p2a: Garganacl|Garganacl, M|100\/100\n|turn|1\n|inactive|Battle timer is ON: inactive players will automatically lose when time's up. (requested by wwwkp)\n|\n|t:|1700367285\n|switch|p2a: Sableye|Sableye, F|100\/100\n|detailschange|p1a: Miruko|Lopunny-Mega, F\n|-mega|p1a: Miruko|Lopunny|Lopunnite\n|move|p1a: Miruko|Fake Out|p2a: Sableye\n|-damage|p2a: Sableye|81\/100\n|\n|upkeep\n|turn|2\n|\n|t:|1700367298\n|switch|p1a: Tamago|Blissey, F|100\/100\n|move|p2a: Sableye|Will-O-Wisp|p1a: Tamago\n|-status|p1a: Tamago|brn\n|\n|-damage|p1a: Tamago|94\/100 brn|[from] brn\n|upkeep\n|turn|3\n|\n|t:|1700367310\n|detailschange|p2a: Sableye|Sableye-Mega, F\n|-mega|p2a: Sableye|Sableye|Sablenite\n|move|p2a: Sableye|Knock Off|p1a: Tamago\n|-damage|p1a: Tamago|67\/100 brn\n|-enditem|p1a: Tamago|Heavy-Duty Boots|[from] move: Knock Off|[of] p2a: Sableye\n|move|p1a: Tamago|Teleport|p1a: Tamago\n|\n|t:|1700367318\n|-curestatus|p1a: Tamago|brn|[from] ability: Natural Cure\n|switch|p1a: Miruko|Lopunny-Mega, F|100\/100|[from] Teleport\n|\n|upkeep\n|turn|4\n|\n|t:|1700367325\n|move|p2a: Sableye|Protect|p2a: Sableye\n|-singleturn|p2a: Sableye|Protect\n|move|p1a: Miruko|Fake Out|p2a: Sableye\n|-activate|p2a: Sableye|move: Protect\n|\n|upkeep\n|turn|5\n|\n|t:|1700367336\n|move|p1a: Miruko|U-turn|p2a: Sableye\n|-damage|p2a: Sableye|64\/100\n|\n|t:|1700367344\n|switch|p1a: Tamago|Blissey, F|67\/100|[from] U-turn\n|move|p2a: Sableye|Recover|p2a: Sableye\n|-heal|p2a: Sableye|100\/100\n|\n|upkeep\n|turn|6\n|\n|t:|1700367351\n|move|p1a: Tamago|Soft-Boiled|p1a: Tamago\n|-heal|p1a: Tamago|100\/100\n|move|p2a: Sableye|Knock Off|p1a: Tamago\n|-damage|p1a: Tamago|84\/100\n|\n|upkeep\n|turn|7\n|\n|t:|1700367357\n|move|p2a: Sableye|Knock Off|p1a: Tamago\n|-damage|p1a: Tamago|69\/100\n|move|p1a: Tamago|Teleport|p1a: Tamago\n|\n|t:|1700367365\n|switch|p1a: Oliver|Ursaluna, M|100\/100|[from] Teleport\n|\n|-status|p1a: Oliver|brn|[from] item: Flame Orb\n|upkeep\n|turn|8\n|\n|t:|1700367380\n|move|p2a: Sableye|Protect|p2a: Sableye\n|-singleturn|p2a: Sableye|Protect\n|move|p1a: Oliver|Swords Dance|p1a: Oliver\n|-boost|p1a: Oliver|atk|2\n|\n|-damage|p1a: Oliver|94\/100 brn|[from] brn\n|upkeep\n|turn|9\n|\n|t:|1700367387\n|switch|p2a: Dondozo|Dondozo, F|100\/100\n|move|p1a: Oliver|Earthquake|p2a: Dondozo\n|-damage|p2a: Dondozo|63\/100\n|\n|-heal|p2a: Dondozo|69\/100|[from] item: Leftovers\n|-damage|p1a: Oliver|88\/100 brn|[from] brn\n|upkeep\n|turn|10\n|\n|t:|1700367396\n|move|p1a: Oliver|Facade|p2a: Dondozo\n|-damage|p2a: Dondozo|11\/100\n|move|p2a: Dondozo|Curse|p2a: Dondozo\n|-unboost|p2a: Dondozo|spe|1\n|-boost|p2a: Dondozo|atk|1\n|-boost|p2a: Dondozo|def|1\n|\n|-heal|p2a: Dondozo|18\/100|[from] item: Leftovers\n|-damage|p1a: Oliver|82\/100 brn|[from] brn\n|upkeep\n|turn|11\n|\n|t:|1700367410\n|move|p1a: Oliver|Facade|p2a: Dondozo\n|-crit|p2a: Dondozo\n|-damage|p2a: Dondozo|0 fnt\n|faint|p2a: Dondozo\n|\n|-damage|p1a: Oliver|76\/100 brn|[from] brn\n|upkeep\n|\n|t:|1700367420\n|switch|p2a: Sableye|Sableye-Mega, F|100\/100\n|turn|12\n|\n|t:|1700367425\n|move|p1a: Oliver|Earthquake|p2a: Sableye\n|-damage|p2a: Sableye|0 fnt\n|faint|p2a: Sableye\n|\n|-damage|p1a: Oliver|70\/100 brn|[from] brn\n|upkeep\n|-message|wwwkp forfeited.\n|\n|win|monsterapper\n|raw|monsterapper's rating: 1366 &rarr; <strong>1382<\/strong><br \/>(+16 for winning)\n|raw|wwwkp's rating: 1298 &rarr; <strong>1278<\/strong><br \/>(-20 for losing)\n|l|\u2606wwwkp\n","uploadtime":1700367437,"views":8,"p1id":"monsterapper","p2id":"wwwkp","formatid":"gen9nationaldex","rating":1278,"private":0,"password":""}