{"id":"gen9nationaldex-1998220336","p1":"Heroadrix","p2":"kupkoko","format":"[Gen 9] National Dex","log":"|html|<div class=\"broadcast-blue\"><strong>[Gen 9] National Dex is currently suspecting Sneasler! For information on how to participate check out the <a href=\"https:\/\/www.smogon.com\/forums\/threads\/sv-national-dex-suspect-8-just-dance.3731534\/\">suspect thread<\/a>.<\/strong><\/div>\n|j|\u2606Heroadrix\n|j|\u2606kupkoko\n|t:|1700915003\n|gametype|singles\n|player|p1|Heroadrix|102|1191\n|player|p2|kupkoko|2|1272\n|teamsize|p1|6\n|teamsize|p2|6\n|gen|9\n|tier|[Gen 9] National Dex\n|rated|\n|rule|HP Percentage Mod: HP is shown in percentages\n|rule|Endless Battle Clause: Forcing endless battles is banned\n|rule|OHKO Clause: OHKO moves are banned\n|rule|Evasion Clause: Evasion abilities, items, and moves are banned\n|rule|Evasion Abilities Clause: Evasion abilities are banned\n|rule|Evasion Items Clause: Evasion items are banned\n|rule|Evasion Moves Clause: Evasion moves are banned\n|rule|Species Clause: Limit one of each Pok\u00e9mon\n|rule|Sleep Clause Mod: Limit one foe put to sleep\n|clearpoke\n|poke|p1|Shuckle, M|\n|poke|p1|Breloom, M|\n|poke|p1|Omastar, F|\n|poke|p1|Tsareena, F|\n|poke|p1|Aerodactyl, F|\n|poke|p1|Serperior, M|\n|poke|p2|Alomomola, M|\n|poke|p2|Slowbro-Galar, F|\n|poke|p2|Banette, F|\n|poke|p2|Comfey, F|\n|poke|p2|Kommo-o, F|\n|poke|p2|Urshifu-*, M|\n|teampreview\n|inactive|Battle timer is ON: inactive players will automatically lose when time's up. (requested by Heroadrix)\n|\n|t:|1700915032\n|start\n|switch|p1a: Shuckle|Shuckle, M|100\/100\n|switch|p2a: Kommo-o|Kommo-o, F|100\/100\n|turn|1\n|\n|t:|1700915038\n|-zpower|p2a: Kommo-o\n|move|p2a: Kommo-o|Clangorous Soulblaze|p1a: Shuckle|[zeffect]\n|-damage|p1a: Shuckle|35\/100\n|-enditem|p1a: Shuckle|Red Card|[of] p2a: Kommo-o\n|-boost|p2a: Kommo-o|atk|1\n|-boost|p2a: Kommo-o|def|1\n|-boost|p2a: Kommo-o|spa|1\n|-boost|p2a: Kommo-o|spd|1\n|-boost|p2a: Kommo-o|spe|1\n|drag|p2a: Comfey|Comfey, F|100\/100\n|move|p1a: Shuckle|Sticky Web|p2a: Comfey\n|-sidestart|p2: kupkoko|move: Sticky Web\n|\n|upkeep\n|turn|2\n|\n|t:|1700915058\n|move|p2a: Comfey|Leech Seed|p1a: Shuckle\n|-start|p1a: Shuckle|move: Leech Seed\n|move|p1a: Shuckle|Toxic|p2a: Comfey\n|-status|p2a: Comfey|tox\n|\n|-damage|p1a: Shuckle|22\/100|[from] Leech Seed|[of] p2a: Comfey\n|-damage|p2a: Comfey|94\/100 tox|[from] psn\n|upkeep\n|turn|3\n|\n|t:|1700915062\n|move|p2a: Comfey|Calm Mind|p2a: Comfey\n|-boost|p2a: Comfey|spa|1\n|-boost|p2a: Comfey|spd|1\n|move|p1a: Shuckle|Stealth Rock|p2a: Comfey\n|-sidestart|p2: kupkoko|move: Stealth Rock\n|\n|-damage|p1a: Shuckle|10\/100|[from] Leech Seed|[of] p2a: Comfey\n|-heal|p2a: Comfey|100\/100 tox|[silent]\n|-damage|p2a: Comfey|88\/100 tox|[from] psn\n|upkeep\n|turn|4\n|\n|t:|1700915077\n|move|p2a: Comfey|Draining Kiss|p1a: Shuckle\n|-damage|p1a: Shuckle|0 fnt\n|-heal|p2a: Comfey|94\/100 tox|[from] drain|[of] p1a: Shuckle\n|faint|p1a: Shuckle\n|\n|-damage|p2a: Comfey|75\/100 tox|[from] psn\n|upkeep\n|\n|t:|1700915081\n|switch|p1a: Tsareena|Tsareena, F|100\/100\n|turn|5\n|\n|t:|1700915093\n|switch|p2a: Alomomola|Alomomola, M|100\/100\n|move|p1a: Tsareena|Rapid Spin|p2a: Alomomola\n|-damage|p2a: Alomomola|91\/100\n|-boost|p1a: Tsareena|spe|1\n|\n|upkeep\n|turn|6\n|\n|t:|1700915107\n|switch|p1a: Aerodactyl|Aerodactyl, F|100\/100\n|-ability|p1a: Aerodactyl|Pressure\n|move|p2a: Alomomola|Wish|p2a: Alomomola\n|\n|upkeep\n|turn|7\n|\n|t:|1700915121\n|detailschange|p1a: Aerodactyl|Aerodactyl-Mega, F\n|-mega|p1a: Aerodactyl|Aerodactyl|Aerodactylite\n|move|p1a: Aerodactyl|Hone Claws|p1a: Aerodactyl\n|-boost|p1a: Aerodactyl|atk|1\n|-boost|p1a: Aerodactyl|accuracy|1\n|move|p2a: Alomomola|Knock Off|p1a: Aerodactyl\n|-damage|p1a: Aerodactyl|86\/100\n|\n|-heal|p2a: Alomomola|100\/100|[from] move: Wish|[wisher] Alomomola\n|upkeep\n|turn|8\n|\n|t:|1700915127\n|move|p1a: Aerodactyl|Hone Claws|p1a: Aerodactyl\n|-boost|p1a: Aerodactyl|atk|1\n|-boost|p1a: Aerodactyl|accuracy|1\n|move|p2a: Alomomola|Wish|p2a: Alomomola\n|\n|upkeep\n|turn|9\n|\n|t:|1700915132\n|move|p1a: Aerodactyl|Stone Edge|p2a: Alomomola\n|-damage|p2a: Alomomola|42\/100\n|move|p2a: Alomomola|Flip Turn|p1a: Aerodactyl\n|-supereffective|p1a: Aerodactyl\n|-damage|p1a: Aerodactyl|42\/100\n|\n|t:|1700915148\n|switch|p2a: Banette|Banette, F|100\/100|[from] Flip Turn\n|-activate|p2a: Banette|move: Sticky Web\n|-unboost|p2a: Banette|spe|1\n|-damage|p2a: Banette|88\/100|[from] Stealth Rock\n|-item|p1a: Aerodactyl|Aerodactylite|[from] ability: Frisk|[of] p2a: Banette|[identify]\n|\n|-heal|p2a: Banette|100\/100|[from] move: Wish|[wisher] Alomomola\n|upkeep\n|turn|10\n|\n|t:|1700915154\n|detailschange|p2a: Banette|Banette-Mega, F\n|-mega|p2a: Banette|Banette|Banettite\n|move|p2a: Banette|Sucker Punch|p1a: Aerodactyl\n|-damage|p1a: Aerodactyl|0 fnt\n|faint|p1a: Aerodactyl\n|\n|upkeep\n|\n|t:|1700915160\n|switch|p1a: Serperior|Serperior, M|100\/100\n|turn|11\n|\n|t:|1700915167\n|move|p1a: Serperior|Leaf Storm|p2a: Banette\n|-damage|p2a: Banette|28\/100\n|-boost|p1a: Serperior|spa|2\n|move|p2a: Banette|Poltergeist|p1a: Serperior\n|-activate|p1a: Serperior|move: Poltergeist|Assault Vest\n|-damage|p1a: Serperior|16\/100\n|\n|upkeep\n|turn|12\n|\n|t:|1700915186\n|switch|p1a: Breloom|Breloom, M|100\/100\n|move|p2a: Banette|Shadow Sneak|p1a: Breloom\n|-damage|p1a: Breloom|60\/100\n|\n|upkeep\n|turn|13\n|inactive|kupkoko has 120 seconds left.\n|\n|t:|1700915211\n|move|p2a: Banette|Shadow Sneak|p1a: Breloom\n|-crit|p1a: Breloom\n|-damage|p1a: Breloom|0 fnt\n|faint|p1a: Breloom\n|\n|upkeep\n|\n|t:|1700915215\n|switch|p1a: Tsareena|Tsareena, F|100\/100\n|turn|14\n|\n|t:|1700915221\n|move|p2a: Banette|Destiny Bond|p2a: Banette\n|-singlemove|p2a: Banette|Destiny Bond\n|move|p1a: Tsareena|Trop Kick|p2a: Banette\n|-damage|p2a: Banette|0 fnt\n|faint|p2a: Banette\n|-activate|p2a: Banette|move: Destiny Bond\n|faint|p1a: Tsareena\n|\n|upkeep\n|\n|t:|1700915234\n|switch|p1a: Serperior|Serperior, M|16\/100\n|switch|p2a: Slowbro|Slowbro-Galar, F|100\/100\n|-activate|p2a: Slowbro|move: Sticky Web\n|-unboost|p2a: Slowbro|spe|1\n|-damage|p2a: Slowbro|88\/100|[from] Stealth Rock\n|turn|15\n|\n|t:|1700915248\n|move|p1a: Serperior|Leaf Storm|p2a: Slowbro\n|-resisted|p2a: Slowbro\n|-damage|p2a: Slowbro|75\/100\n|-boost|p1a: Serperior|spa|2\n|move|p2a: Slowbro|Shell Side Arm|p1a: Serperior|[anim] Shell Side Arm Special\n|-supereffective|p1a: Serperior\n|-damage|p1a: Serperior|0 fnt\n|-hint|Special Shell Side Arm\n|faint|p1a: Serperior\n|\n|upkeep\n|\n|t:|1700915251\n|switch|p1a: Omastar|Omastar, F|100\/100\n|turn|16\n|\n|t:|1700915265\n|move|p1a: Omastar|Shell Smash|p1a: Omastar\n|-unboost|p1a: Omastar|def|1\n|-unboost|p1a: Omastar|spd|1\n|-boost|p1a: Omastar|atk|2\n|-boost|p1a: Omastar|spa|2\n|-boost|p1a: Omastar|spe|2\n|move|p2a: Slowbro|Shell Side Arm|p1a: Omastar|[anim] Shell Side Arm Special\n|-resisted|p1a: Omastar\n|-damage|p1a: Omastar|62\/100\n|-hint|Special Shell Side Arm\n|\n|upkeep\n|turn|17\n|\n|t:|1700915280\n|move|p1a: Omastar|Earth Power|p2a: Slowbro\n|-supereffective|p2a: Slowbro\n|-damage|p2a: Slowbro|13\/100\n|move|p2a: Slowbro|Shell Side Arm|p1a: Omastar|[anim] Shell Side Arm Special\n|-resisted|p1a: Omastar\n|-damage|p1a: Omastar|25\/100\n|-hint|Special Shell Side Arm\n|\n|upkeep\n|turn|18\n|\n|t:|1700915285\n|move|p1a: Omastar|Ancient Power|p2a: Slowbro\n|-damage|p2a: Slowbro|0 fnt\n|faint|p2a: Slowbro\n|\n|upkeep\n|\n|t:|1700915288\n|switch|p2a: Comfey|Comfey, F|75\/100 tox\n|-activate|p2a: Comfey|move: Sticky Web\n|-unboost|p2a: Comfey|spe|1\n|-damage|p2a: Comfey|63\/100 tox|[from] Stealth Rock\n|turn|19\n|\n|t:|1700915294\n|-terastallize|p1a: Omastar|Grass\n|move|p2a: Comfey|Giga Drain|p1a: Omastar\n|-resisted|p1a: Omastar\n|-damage|p1a: Omastar|0 fnt\n|-heal|p2a: Comfey|78\/100 tox|[from] drain|[of] p1a: Omastar\n|faint|p1a: Omastar\n|\n|win|kupkoko\n|raw|Heroadrix's rating: 1191 &rarr; <strong>1172<\/strong><br \/>(-19 for losing)\n|raw|kupkoko's rating: 1272 &rarr; <strong>1291<\/strong><br \/>(+19 for winning)\n","uploadtime":1700915300,"views":1,"p1id":"heroadrix","p2id":"kupkoko","formatid":"gen9nationaldex","rating":1172,"private":0,"password":""}