{"id":"gen9nationaldex-1990224319","p1":"TenoTTV","p2":"wwwkp","format":"[Gen 9] National Dex","log":"|j|\u2606TenoTTV\n|j|\u2606wwwkp\n|t:|1699940059\n|gametype|singles\n|player|p1|TenoTTV|artist|1212\n|player|p2|wwwkp|bugcatcher-gen4dp|1213\n|teamsize|p1|6\n|teamsize|p2|6\n|gen|9\n|tier|[Gen 9] National Dex\n|rated|\n|rule|HP Percentage Mod: HP is shown in percentages\n|rule|Endless Battle Clause: Forcing endless battles is banned\n|rule|OHKO Clause: OHKO moves are banned\n|rule|Evasion Clause: Evasion abilities, items, and moves are banned\n|rule|Evasion Abilities Clause: Evasion abilities are banned\n|rule|Evasion Items Clause: Evasion items are banned\n|rule|Evasion Moves Clause: Evasion moves are banned\n|rule|Species Clause: Limit one of each Pok\u00e9mon\n|rule|Sleep Clause Mod: Limit one foe put to sleep\n|clearpoke\n|poke|p1|Darmanitan, M|\n|poke|p1|Buzzwole|\n|poke|p1|Articuno-Galar|\n|poke|p1|Tapu Koko|\n|poke|p1|Sinistcha|\n|poke|p1|Xurkitree|\n|poke|p2|Tapu Koko|\n|poke|p2|Iron Moth|\n|poke|p2|Landorus-Therian, M|\n|poke|p2|Iron Valiant|\n|poke|p2|Sneasler, F|\n|poke|p2|Scizor, M|\n|teampreview\n|\n|t:|1699940085\n|start\n|switch|p1a: Tapu Koko|Tapu Koko|100\/100\n|switch|p2a: Landorus|Landorus-Therian, M|100\/100\n|-fieldstart|move: Electric Terrain|[from] ability: Electric Surge|[of] p1a: Tapu Koko\n|-ability|p2a: Landorus|Intimidate|boost\n|-unboost|p1a: Tapu Koko|atk|1\n|turn|1\n|\n|t:|1699940104\n|move|p1a: Tapu Koko|Taunt|p2a: Landorus\n|-start|p2a: Landorus|move: Taunt\n|cant|p2a: Landorus|move: Taunt|Stealth Rock\n|\n|upkeep\n|turn|2\n|\n|t:|1699940130\n|move|p1a: Tapu Koko|U-turn|p2a: Landorus\n|-resisted|p2a: Landorus\n|-damage|p2a: Landorus|97\/100\n|-damage|p1a: Tapu Koko|84\/100|[from] item: Rocky Helmet|[of] p2a: Landorus\n|\n|t:|1699940146\n|switch|p1a: Articuno|Articuno-Galar|100\/100|[from] U-turn\n|move|p2a: Landorus|Earthquake|p1a: Articuno\n|-immune|p1a: Articuno\n|\n|upkeep\n|turn|3\n|inactive|Battle timer is ON: inactive players will automatically lose when time's up. (requested by wwwkp)\n|\n|t:|1699940193\n|switch|p2a: Scizor|Scizor, M|100\/100\n|move|p1a: Articuno|Hurricane|p2a: Scizor\n|-damage|p2a: Scizor|11\/100\n|-start|p2a: Scizor|confusion\n|\n|upkeep\n|turn|4\n|\n|t:|1699940208\n|switch|p1a: Darmanitan|Darmanitan, M, shiny|100\/100\n|detailschange|p2a: Scizor|Scizor-Mega, M\n|-mega|p2a: Scizor|Scizor|Scizorite\n|-activate|p2a: Scizor|confusion\n|-damage|p2a: Scizor|3\/100|[from] confusion\n|\n|upkeep\n|turn|5\n|\n|t:|1699940220\n|switch|p2a: Landorus|Landorus-Therian, M|97\/100\n|-ability|p2a: Landorus|Intimidate|boost\n|-unboost|p1a: Darmanitan|atk|1\n|-singleturn|p1a: Darmanitan|move: Focus Punch\n|move|p1a: Darmanitan|Focus Punch|p2a: Landorus\n|-resisted|p2a: Landorus\n|-damage|p2a: Landorus|77\/100\n|-damage|p1a: Darmanitan|84\/100|[from] item: Rocky Helmet|[of] p2a: Landorus\n|\n|upkeep\n|turn|6\n|\n|t:|1699940249\n|switch|p1a: Sinistcha|Sinistcha, shiny|100\/100\n|move|p2a: Landorus|Stealth Rock|p1a: Sinistcha\n|-sidestart|p1: TenoTTV|move: Stealth Rock\n|\n|upkeep\n|turn|7\n|inactive|TenoTTV has 120 seconds left.\n|\n|t:|1699940267\n|switch|p2a: Tapu Koko|Tapu Koko|100\/100\n|move|p1a: Sinistcha|Nasty Plot|p1a: Sinistcha\n|-boost|p1a: Sinistcha|spa|2\n|\n|upkeep\n|turn|8\n|\n|t:|1699940276\n|move|p2a: Tapu Koko|Thunderbolt|p1a: Sinistcha\n|-resisted|p1a: Sinistcha\n|-damage|p1a: Sinistcha|70\/100\n|move|p1a: Sinistcha|Giga Drain|p2a: Tapu Koko\n|-damage|p2a: Tapu Koko|0 fnt\n|-heal|p1a: Sinistcha|100\/100|[from] drain|[of] p2a: Tapu Koko\n|faint|p2a: Tapu Koko\n|\n|-fieldend|move: Electric Terrain\n|upkeep\n|-message|wwwkp forfeited.\n|\n|win|TenoTTV\n|raw|TenoTTV's rating: 1212 &rarr; <strong>1237<\/strong><br \/>(+25 for winning)\n|raw|wwwkp's rating: 1213 &rarr; <strong>1188<\/strong><br \/>(-25 for losing)\n|l|\u2606wwwkp\n|c|\u2606TenoTTV|?\n","uploadtime":1699940294,"views":5,"p1id":"tenottv","p2id":"wwwkp","formatid":"gen9nationaldex","rating":1188,"private":0,"password":""}