{"id":"gen9nationaldex-2000117488","p1":"mtyqjltz7","p2":"lil prostate","format":"[Gen 9] National Dex","log":"|html|<div class=\"broadcast-blue\"><strong>[Gen 9] National Dex is currently suspecting Sneasler! For information on how to participate check out the <a href=\"https:\/\/www.smogon.com\/forums\/threads\/sv-national-dex-suspect-8-just-dance.3731534\/\">suspect thread<\/a>.<\/strong><\/div>\n|j|\u2606mtyqjltz7\n|j|\u2606lil prostate\n|t:|1701157965\n|gametype|singles\n|player|p1|mtyqjltz7|elesa|1100\n|player|p2|lil prostate|hiker-gen4|1142\n|teamsize|p1|6\n|teamsize|p2|6\n|gen|9\n|tier|[Gen 9] National Dex\n|rated|\n|rule|HP Percentage Mod: HP is shown in percentages\n|rule|Endless Battle Clause: Forcing endless battles is banned\n|rule|OHKO Clause: OHKO moves are banned\n|rule|Evasion Clause: Evasion abilities, items, and moves are banned\n|rule|Evasion Abilities Clause: Evasion abilities are banned\n|rule|Evasion Items Clause: Evasion items are banned\n|rule|Evasion Moves Clause: Evasion moves are banned\n|rule|Species Clause: Limit one of each Pok\u00e9mon\n|rule|Sleep Clause Mod: Limit one foe put to sleep\n|clearpoke\n|poke|p1|Raticate-Alola, M|\n|poke|p1|Nidoking, M|\n|poke|p1|Araquanid, M|\n|poke|p1|Corviknight, M|\n|poke|p1|Banette, M|\n|poke|p1|Zamazenta-*|\n|poke|p2|Ogerpon-Wellspring, F|\n|poke|p2|Tyranitar, M|\n|poke|p2|Heatran, M|\n|poke|p2|Slowking-Galar, M|\n|poke|p2|Gliscor, M|\n|poke|p2|Tornadus-Therian, M|\n|teampreview\n|inactive|Battle timer is ON: inactive players will automatically lose when time's up. (requested by mtyqjltz7)\n|\n|t:|1701157988\n|start\n|switch|p1a: Araquanid|Araquanid, M, shiny|100\/100\n|switch|p2a: Heatran|Heatran, M|100\/100\n|turn|1\n|\n|t:|1701157995\n|move|p2a: Heatran|Stealth Rock|p1a: Araquanid\n|-sidestart|p1: mtyqjltz7|move: Stealth Rock\n|move|p1a: Araquanid|Sticky Web|p2a: Heatran\n|-sidestart|p2: lil prostate|move: Sticky Web\n|\n|upkeep\n|turn|2\n|\n|t:|1701158001\n|switch|p2a: Ogerpon|Ogerpon-Wellspring, F|100\/100\n|-activate|p2a: Ogerpon|move: Sticky Web\n|-unboost|p2a: Ogerpon|spe|1\n|move|p1a: Araquanid|Liquidation|p2a: Ogerpon\n|-immune|p2a: Ogerpon|[from] ability: Water Absorb\n|\n|upkeep\n|turn|3\n|\n|t:|1701158016\n|switch|p2a: Tornadus|Tornadus-Therian, M|100\/100\n|switch|p1a: Corviknight|Corviknight, M, shiny|100\/100\n|-damage|p1a: Corviknight|88\/100|[from] Stealth Rock\n|\n|upkeep\n|turn|4\n|\n|t:|1701158022\n|move|p2a: Tornadus|Defog|p1a: Corviknight\n|-ability|p1a: Corviknight|Mirror Armor\n|-unboost|p2a: Tornadus|evasion|1\n|-sideend|p1: mtyqjltz7|Stealth Rock|[from] move: Defog|[of] p2a: Tornadus\n|-sideend|p2: lil prostate|Sticky Web|[from] move: Defog|[of] p2a: Tornadus\n|move|p1a: Corviknight|U-turn|p2a: Tornadus\n|-resisted|p2a: Tornadus\n|-damage|p2a: Tornadus|92\/100\n|\n|t:|1701158025\n|switch|p1a: Araquanid|Araquanid, M, shiny|100\/100|[from] U-turn\n|\n|upkeep\n|turn|5\n|\n|t:|1701158031\n|move|p2a: Tornadus|Hurricane|p1a: Araquanid\n|-supereffective|p1a: Araquanid\n|-damage|p1a: Araquanid|40\/100\n|move|p1a: Araquanid|Sticky Web|p2a: Tornadus\n|-sidestart|p2: lil prostate|move: Sticky Web\n|\n|upkeep\n|turn|6\n|\n|t:|1701158055\n|move|p2a: Tornadus|Defog|p1a: Araquanid\n|-unboost|p1a: Araquanid|evasion|1\n|-sideend|p2: lil prostate|Sticky Web|[from] move: Defog|[of] p2a: Tornadus\n|move|p1a: Araquanid|Liquidation|p2a: Tornadus\n|-damage|p2a: Tornadus|37\/100\n|\n|upkeep\n|turn|7\n|\n|t:|1701158066\n|-terastallize|p1a: Araquanid|Steel\n|move|p2a: Tornadus|Hurricane|p1a: Araquanid\n|-resisted|p1a: Araquanid\n|-damage|p1a: Araquanid|27\/100\n|move|p1a: Araquanid|Sticky Web|p2a: Tornadus\n|-sidestart|p2: lil prostate|move: Sticky Web\n|\n|upkeep\n|turn|8\n|\n|t:|1701158076\n|move|p2a: Tornadus|Focus Blast|p1a: Araquanid\n|-supereffective|p1a: Araquanid\n|-damage|p1a: Araquanid|0 fnt\n|faint|p1a: Araquanid\n|\n|upkeep\n|\n|t:|1701158082\n|switch|p1a: Zamazenta|Zamazenta|100\/100\n|-ability|p1a: Zamazenta|Dauntless Shield|boost\n|-boost|p1a: Zamazenta|def|1\n|turn|9\n|\n|t:|1701158094\n|switch|p2a: Gliscor|Gliscor, M, shiny|100\/100\n|move|p1a: Zamazenta|Crunch|p2a: Gliscor\n|-damage|p2a: Gliscor|81\/100\n|-unboost|p2a: Gliscor|def|1\n|\n|-status|p2a: Gliscor|tox|[from] item: Toxic Orb\n|upkeep\n|turn|10\n|\n|t:|1701158107\n|switch|p1a: Nidoking|Nidoking, M|100\/100\n|switch|p2a: Tornadus|Tornadus-Therian, M|70\/100\n|\n|upkeep\n|turn|11\n|\n|t:|1701158112\n|move|p2a: Tornadus|Defog|p1a: Nidoking\n|-unboost|p1a: Nidoking|evasion|1\n|-sideend|p2: lil prostate|Sticky Web|[from] move: Defog|[of] p2a: Tornadus\n|move|p1a: Nidoking|Ice Beam|p2a: Tornadus\n|-supereffective|p2a: Tornadus\n|-damage|p2a: Tornadus|0 fnt\n|faint|p2a: Tornadus\n|\n|upkeep\n|\n|t:|1701158117\n|switch|p2a: Ogerpon|Ogerpon-Wellspring, F|100\/100\n|turn|12\n|\n|t:|1701158124\n|switch|p1a: Corviknight|Corviknight, M, shiny|88\/100\n|move|p2a: Ogerpon|Ivy Cudgel|p1a: Corviknight|[anim] Ivy Cudgel Water\n|-damage|p1a: Corviknight|52\/100\n|\n|upkeep\n|turn|13\n|\n|t:|1701158131\n|move|p2a: Ogerpon|Swords Dance|p2a: Ogerpon\n|-boost|p2a: Ogerpon|atk|2\n|move|p1a: Corviknight|Roost|p1a: Corviknight\n|-heal|p1a: Corviknight|100\/100\n|-singleturn|p1a: Corviknight|move: Roost\n|\n|upkeep\n|turn|14\n|\n|t:|1701158134\n|move|p2a: Ogerpon|Ivy Cudgel|p1a: Corviknight|[anim] Ivy Cudgel Water\n|-damage|p1a: Corviknight|29\/100\n|move|p1a: Corviknight|Brave Bird|p2a: Ogerpon\n|-supereffective|p2a: Ogerpon\n|-damage|p2a: Ogerpon|0 fnt\n|faint|p2a: Ogerpon\n|-damage|p1a: Corviknight|4\/100|[from] Recoil\n|\n|upkeep\n|c|\u2606lil prostate|are you fucking max atk\n|\n|t:|1701158149\n|switch|p2a: Heatran|Heatran, M|100\/100\n|turn|15\n|\n|t:|1701158162\n|move|p2a: Heatran|Magma Storm|p1a: Corviknight\n|-supereffective|p1a: Corviknight\n|-damage|p1a: Corviknight|0 fnt\n|faint|p1a: Corviknight\n|\n|upkeep\n|inactive|mtyqjltz7 has 120 seconds left.\n|\n|t:|1701158201\n|switch|p1a: Zamazenta|Zamazenta|100\/100\n|turn|16\n|\n|t:|1701158225\n|switch|p2a: Gliscor|Gliscor, M, shiny|81\/100 tox\n|move|p1a: Zamazenta|Crunch|p2a: Gliscor\n|-damage|p2a: Gliscor|64\/100 tox\n|\n|-heal|p2a: Gliscor|77\/100 tox|[from] ability: Poison Heal\n|upkeep\n|turn|17\n|inactive|mtyqjltz7 has 90 seconds left.\n|\n|t:|1701158270\n|switch|p1a: Banette|Banette, M, shiny|100\/100\n|move|p2a: Gliscor|Spikes|p1a: Banette\n|-sidestart|p1: mtyqjltz7|Spikes\n|\n|-heal|p2a: Gliscor|89\/100 tox|[from] ability: Poison Heal\n|upkeep\n|turn|18\n|inactive|mtyqjltz7 has 60 seconds left.\n|\n|t:|1701158287\n|switch|p2a: Tyranitar|Tyranitar, M|100\/100\n|-weather|Sandstorm|[from] ability: Sand Stream|[of] p2a: Tyranitar\n|detailschange|p1a: Banette|Banette-Mega, M, shiny\n|-mega|p1a: Banette|Banette|Banettite\n|move|p1a: Banette|Poltergeist|p2a: Tyranitar\n|-activate|p2a: Tyranitar|move: Poltergeist|Tyranitarite\n|-resisted|p2a: Tyranitar\n|-damage|p2a: Tyranitar|69\/100\n|\n|-weather|Sandstorm|[upkeep]\n|-damage|p1a: Banette|94\/100|[from] Sandstorm\n|upkeep\n|turn|19\n|inactive|mtyqjltz7 has 60 seconds left.\n|\n|t:|1701158298\n|detailschange|p2a: Tyranitar|Tyranitar-Mega, M\n|-mega|p2a: Tyranitar|Tyranitar|Tyranitarite\n|move|p1a: Banette|Destiny Bond|p1a: Banette\n|-singlemove|p1a: Banette|Destiny Bond\n|move|p2a: Tyranitar|Pursuit|p1a: Banette\n|-supereffective|p1a: Banette\n|-damage|p1a: Banette|7\/100\n|\n|-weather|Sandstorm|[upkeep]\n|-damage|p1a: Banette|1\/100|[from] Sandstorm\n|upkeep\n|turn|20\n|inactive|mtyqjltz7 has 60 seconds left.\n|\n|t:|1701158330\n|switch|p2a: Gliscor|Gliscor, M, shiny|89\/100 tox\n|move|p1a: Banette|Poltergeist|p2a: Gliscor\n|-activate|p2a: Gliscor|move: Poltergeist|Toxic Orb\n|-damage|p2a: Gliscor|40\/100 tox\n|\n|-weather|Sandstorm|[upkeep]\n|-damage|p1a: Banette|0 fnt|[from] Sandstorm\n|faint|p1a: Banette\n|-heal|p2a: Gliscor|52\/100 tox|[from] ability: Poison Heal\n|upkeep\n|\n|t:|1701158341\n|switch|p1a: Nidoking|Nidoking, M|100\/100\n|-damage|p1a: Nidoking|88\/100|[from] Spikes\n|turn|21\n|\n|t:|1701158346\n|switch|p2a: Slowking|Slowking-Galar, M, shiny|100\/100\n|move|p1a: Nidoking|Ice Beam|p2a: Slowking\n|-damage|p2a: Slowking|67\/100\n|\n|-weather|Sandstorm|[upkeep]\n|-damage|p2a: Slowking|61\/100|[from] Sandstorm\n|upkeep\n|turn|22\n|\n|t:|1701158355\n|-terastallize|p2a: Slowking|Dragon\n|move|p1a: Nidoking|Earth Power|p2a: Slowking\n|-damage|p2a: Slowking|17\/100\n|move|p2a: Slowking|Future Sight|p1a: Nidoking\n|-start|p2a: Slowking|move: Future Sight\n|\n|-weather|none\n|upkeep\n|turn|23\n|inactive|mtyqjltz7 has 60 seconds left.\n|\n|t:|1701158373\n|switch|p1a: Raticate|Raticate-Alola, M, shiny|100\/100\n|-damage|p1a: Raticate|88\/100|[from] Spikes\n|switch|p2a: Gliscor|Gliscor, M, shiny|52\/100 tox\n|\n|-heal|p2a: Gliscor|65\/100 tox|[from] ability: Poison Heal\n|upkeep\n|turn|24\n|\n|t:|1701158383\n|move|p1a: Raticate|Swords Dance|p1a: Raticate\n|-boost|p1a: Raticate|atk|2\n|move|p2a: Gliscor|Toxic|p1a: Raticate\n|-status|p1a: Raticate|tox\n|\n|-end|p1a: Raticate|move: Future Sight\n|-immune|p1a: Raticate\n|-damage|p1a: Raticate|82\/100 tox|[from] psn\n|-heal|p2a: Gliscor|77\/100 tox|[from] ability: Poison Heal\n|upkeep\n|turn|25\n|inactive|mtyqjltz7 has 60 seconds left.\n|\n|t:|1701158389\n|-zpower|p1a: Raticate\n|move|p1a: Raticate|Breakneck Blitz|p2a: Gliscor|[zeffect]\n|-damage|p2a: Gliscor|0 fnt\n|faint|p2a: Gliscor\n|\n|-damage|p1a: Raticate|70\/100 tox|[from] psn\n|upkeep\n|\n|t:|1701158394\n|switch|p2a: Tyranitar|Tyranitar-Mega, M|69\/100\n|-weather|Sandstorm|[from] ability: Sand Stream|[of] p2a: Tyranitar\n|turn|26\n|\n|t:|1701158406\n|move|p1a: Raticate|Double-Edge|p2a: Tyranitar\n|-resisted|p2a: Tyranitar\n|-damage|p2a: Tyranitar|29\/100\n|-damage|p1a: Raticate|53\/100 tox|[from] Recoil\n|move|p2a: Tyranitar|Superpower|p1a: Raticate\n|-supereffective|p1a: Raticate\n|-damage|p1a: Raticate|0 fnt\n|-unboost|p2a: Tyranitar|atk|1\n|-unboost|p2a: Tyranitar|def|1\n|faint|p1a: Raticate\n|\n|-weather|Sandstorm|[upkeep]\n|upkeep\n|c|\u2606lil prostate|im gonna lose to a team of shitmons\n|inactive|mtyqjltz7 has 60 seconds left.\n|c|\u2606lil prostate|its so over\n|\n|t:|1701158424\n|switch|p1a: Nidoking|Nidoking, M|88\/100\n|-damage|p1a: Nidoking|76\/100|[from] Spikes\n|turn|27\n|\n|t:|1701158428\n|move|p1a: Nidoking|Earth Power|p2a: Tyranitar\n|-supereffective|p2a: Tyranitar\n|-damage|p2a: Tyranitar|0 fnt\n|faint|p2a: Tyranitar\n|\n|-weather|Sandstorm|[upkeep]\n|upkeep\n|\n|t:|1701158431\n|switch|p2a: Slowking|Slowking-Galar, M, shiny, tera:Dragon|50\/100\n|turn|28\n|c|\u2606lil prostate|yeah its over\n|c|\u2606lil prostate|burn in hell\n|c|\u2606lil prostate|rat bastards\n|-message|lil prostate forfeited.\n|\n|win|mtyqjltz7\n|raw|mtyqjltz7's rating: 1100 &rarr; <strong>1128<\/strong><br \/>(+28 for winning)\n|raw|lil prostate's rating: 1142 &rarr; <strong>1114<\/strong><br \/>(-28 for losing)\n|l|\u2606lil prostate\n","uploadtime":1701158450,"views":1,"p1id":"mtyqjltz7","p2id":"lilprostate","formatid":"gen9nationaldex","rating":1114,"private":0,"password":""}