{"id":"gen9nationaldex-1998780211","p1":"Greedy Monarch","p2":"doulgass","format":"[Gen 9] National Dex","log":"|html|<div class=\"broadcast-blue\"><strong>[Gen 9] National Dex is currently suspecting Sneasler! For information on how to participate check out the <a href=\"https:\/\/www.smogon.com\/forums\/threads\/sv-national-dex-suspect-8-just-dance.3731534\/\">suspect thread<\/a>.<\/strong><\/div>\n|j|\u2606Greedy Monarch\n|j|\u2606doulgass\n|t:|1700989310\n|gametype|singles\n|player|p1|Greedy Monarch|265|1173\n|player|p2|doulgass|veteran|1259\n|teamsize|p1|6\n|teamsize|p2|6\n|gen|9\n|tier|[Gen 9] National Dex\n|rated|\n|rule|HP Percentage Mod: HP is shown in percentages\n|rule|Endless Battle Clause: Forcing endless battles is banned\n|rule|OHKO Clause: OHKO moves are banned\n|rule|Evasion Clause: Evasion abilities, items, and moves are banned\n|rule|Evasion Abilities Clause: Evasion abilities are banned\n|rule|Evasion Items Clause: Evasion items are banned\n|rule|Evasion Moves Clause: Evasion moves are banned\n|rule|Species Clause: Limit one of each Pok\u00e9mon\n|rule|Sleep Clause Mod: Limit one foe put to sleep\n|clearpoke\n|poke|p1|Kleavor, M|\n|poke|p1|Scolipede, M|\n|poke|p1|Scizor, M|\n|poke|p1|Volcarona, F|\n|poke|p1|Buzzwole|\n|poke|p1|Vikavolt, M|\n|poke|p2|Corsola-Galar, M|\n|poke|p2|Tapu Lele|\n|poke|p2|Blaziken, F|\n|poke|p2|Inteleon, F|\n|poke|p2|Corviknight, F|\n|poke|p2|Roserade, M|\n|teampreview\n|\n|t:|1700989337\n|start\n|switch|p1a: Power-Trip|Vikavolt, M|100\/100\n|switch|p2a: Corsola|Corsola-Galar, M|100\/100\n|turn|1\n|\n|t:|1700989348\n|move|p1a: Power-Trip|Thunderbolt|p2a: Corsola\n|-damage|p2a: Corsola|73\/100\n|-status|p2a: Corsola|par\n|move|p2a: Corsola|Stealth Rock|p1a: Power-Trip\n|-sidestart|p1: Greedy Monarch|move: Stealth Rock\n|\n|upkeep\n|turn|2\n|\n|t:|1700989355\n|move|p1a: Power-Trip|Thunderbolt|p2a: Corsola\n|-damage|p2a: Corsola|45\/100 par\n|-start|p1a: Power-Trip|Disable|Thunderbolt|[from] ability: Cursed Body|[of] p2a: Corsola\n|move|p2a: Corsola|Night Shade|p1a: Power-Trip\n|-damage|p1a: Power-Trip|67\/100\n|\n|upkeep\n|turn|3\n|\n|t:|1700989362\n|switch|p2a: Corviknight|Corviknight, F|100\/100\n|-ability|p2a: Corviknight|Pressure\n|move|p1a: Power-Trip|Energy Ball|p2a: Corviknight\n|-resisted|p2a: Corviknight\n|-damage|p2a: Corviknight|91\/100\n|\n|upkeep\n|turn|4\n|\n|t:|1700989369\n|move|p2a: Corviknight|Roost|p2a: Corviknight\n|-heal|p2a: Corviknight|100\/100\n|-singleturn|p2a: Corviknight|move: Roost\n|move|p1a: Power-Trip|Hidden Power|p2a: Corviknight\n|-resisted|p2a: Corviknight\n|-damage|p2a: Corviknight|90\/100\n|\n|upkeep\n|turn|5\n|\n|t:|1700989374\n|move|p2a: Corviknight|Brave Bird|p1a: Power-Trip\n|-damage|p1a: Power-Trip|28\/100\n|-damage|p2a: Corviknight|81\/100|[from] Recoil\n|move|p1a: Power-Trip|Hidden Power|p2a: Corviknight\n|-damage|p2a: Corviknight|57\/100\n|\n|-end|p1a: Power-Trip|Disable\n|upkeep\n|turn|6\n|\n|t:|1700989378\n|move|p2a: Corviknight|Brave Bird|p1a: Power-Trip\n|-damage|p1a: Power-Trip|0 fnt\n|faint|p1a: Power-Trip\n|-damage|p2a: Corviknight|50\/100|[from] Recoil\n|\n|upkeep\n|\n|t:|1700989393\n|switch|p1a: Kharn|Kleavor, M|100\/100\n|-damage|p1a: Kharn|76\/100|[from] Stealth Rock\n|turn|7\n|\n|t:|1700989396\n|move|p1a: Kharn|Stone Axe|p2a: Corviknight\n|-damage|p2a: Corviknight|19\/100\n|-sidestart|p2: doulgass|move: Stealth Rock\n|move|p2a: Corviknight|Roost|p2a: Corviknight\n|-heal|p2a: Corviknight|69\/100\n|-singleturn|p2a: Corviknight|move: Roost\n|\n|upkeep\n|turn|8\n|\n|t:|1700989399\n|move|p1a: Kharn|Agility|p1a: Kharn\n|-boost|p1a: Kharn|spe|2\n|move|p2a: Corviknight|Roost|p2a: Corviknight\n|-heal|p2a: Corviknight|100\/100\n|-singleturn|p2a: Corviknight|move: Roost\n|\n|upkeep\n|turn|9\n|\n|t:|1700989402\n|move|p1a: Kharn|Stone Axe|p2a: Corviknight\n|-damage|p2a: Corviknight|65\/100\n|move|p2a: Corviknight|Defog|p1a: Kharn\n|-unboost|p1a: Kharn|evasion|1\n|-sideend|p1: Greedy Monarch|Stealth Rock|[from] move: Defog|[of] p2a: Corviknight\n|-sideend|p2: doulgass|Stealth Rock|[from] move: Defog|[of] p2a: Corviknight\n|\n|upkeep\n|turn|10\n|\n|t:|1700989405\n|move|p1a: Kharn|Stone Axe|p2a: Corviknight\n|-damage|p2a: Corviknight|32\/100\n|-sidestart|p2: doulgass|move: Stealth Rock\n|move|p2a: Corviknight|Roost|p2a: Corviknight\n|-heal|p2a: Corviknight|82\/100\n|-singleturn|p2a: Corviknight|move: Roost\n|\n|upkeep\n|turn|11\n|\n|t:|1700989408\n|move|p1a: Kharn|Stone Axe|p2a: Corviknight\n|-crit|p2a: Corviknight\n|-damage|p2a: Corviknight|31\/100\n|move|p2a: Corviknight|Roost|p2a: Corviknight\n|-heal|p2a: Corviknight|81\/100\n|-singleturn|p2a: Corviknight|move: Roost\n|\n|upkeep\n|turn|12\n|\n|t:|1700989409\n|move|p1a: Kharn|Stone Axe|p2a: Corviknight\n|-damage|p2a: Corviknight|48\/100\n|move|p2a: Corviknight|Brave Bird|p1a: Kharn\n|-damage|p1a: Kharn|28\/100\n|-damage|p2a: Corviknight|37\/100|[from] Recoil\n|\n|upkeep\n|turn|13\n|\n|t:|1700989412\n|move|p1a: Kharn|Stone Axe|p2a: Corviknight\n|-damage|p2a: Corviknight|1\/100\n|move|p2a: Corviknight|Brave Bird|p1a: Kharn\n|-damage|p1a: Kharn|0 fnt\n|faint|p1a: Kharn\n|-damage|p2a: Corviknight|0 fnt|[from] Recoil\n|faint|p2a: Corviknight\n|\n|upkeep\n|\n|t:|1700989421\n|switch|p1a: Vesta|Volcarona, F|100\/100\n|switch|p2a: Inteleon|Inteleon, F|100\/100\n|-damage|p2a: Inteleon|88\/100|[from] Stealth Rock\n|turn|14\n|\n|t:|1700989426\n|-terastallize|p2a: Inteleon|Water\n|move|p2a: Inteleon|Snipe Shot|p1a: Vesta\n|-supereffective|p1a: Vesta\n|-enditem|p1a: Vesta|Focus Sash\n|-damage|p1a: Vesta|1\/100\n|move|p1a: Vesta|Quiver Dance|p1a: Vesta\n|-boost|p1a: Vesta|spa|1\n|-boost|p1a: Vesta|spd|1\n|-boost|p1a: Vesta|spe|1\n|\n|upkeep\n|turn|15\n|\n|t:|1700989430\n|move|p1a: Vesta|Bug Buzz|p2a: Inteleon\n|-damage|p2a: Inteleon|0 fnt\n|faint|p2a: Inteleon\n|\n|upkeep\n|\n|t:|1700989436\n|switch|p2a: Tapu Lele|Tapu Lele|100\/100\n|-damage|p2a: Tapu Lele|88\/100|[from] Stealth Rock\n|-fieldstart|move: Psychic Terrain|[from] ability: Psychic Surge|[of] p2a: Tapu Lele\n|turn|16\n|\n|t:|1700989438\n|move|p2a: Tapu Lele|Psychic|p1a: Vesta\n|-damage|p1a: Vesta|0 fnt\n|faint|p1a: Vesta\n|\n|upkeep\n|\n|t:|1700989455\n|switch|p1a: Sector|Scizor, M|100\/100\n|turn|17\n|\n|t:|1700989482\n|switch|p2a: Corsola|Corsola-Galar, M|45\/100 par\n|-damage|p2a: Corsola|33\/100 par|[from] Stealth Rock\n|detailschange|p1a: Sector|Scizor-Mega, M\n|-mega|p1a: Sector|Scizor|Scizorite\n|move|p1a: Sector|Brutal Swing|p2a: Corsola\n|-supereffective|p2a: Corsola\n|-damage|p2a: Corsola|0 fnt\n|faint|p2a: Corsola\n|\n|upkeep\n|\n|t:|1700989488\n|switch|p2a: Blaziken|Blaziken, F|100\/100\n|-damage|p2a: Blaziken|88\/100|[from] Stealth Rock\n|turn|18\n|\n|t:|1700989492\n|switch|p1a: Scorn|Scolipede, M|100\/100\n|move|p2a: Blaziken|Swords Dance|p2a: Blaziken\n|-boost|p2a: Blaziken|atk|2\n|\n|-ability|p2a: Blaziken|Speed Boost|boost\n|-boost|p2a: Blaziken|spe|1\n|upkeep\n|turn|19\n|\n|t:|1700989497\n|move|p1a: Scorn|Protect|p1a: Scorn\n|-singleturn|p1a: Scorn|Protect\n|move|p2a: Blaziken|Fire Punch|p1a: Scorn\n|-activate|p1a: Scorn|move: Protect\n|\n|-ability|p2a: Blaziken|Speed Boost|boost\n|-boost|p2a: Blaziken|spe|1\n|-ability|p1a: Scorn|Speed Boost|boost\n|-boost|p1a: Scorn|spe|1\n|upkeep\n|turn|20\n|\n|t:|1700989503\n|-terastallize|p1a: Scorn|Rock\n|move|p2a: Blaziken|Fire Punch|p1a: Scorn\n|-resisted|p1a: Scorn\n|-damage|p1a: Scorn|51\/100\n|move|p1a: Scorn|Earthquake|p2a: Blaziken\n|-supereffective|p2a: Blaziken\n|-damage|p2a: Blaziken|0 fnt\n|faint|p2a: Blaziken\n|\n|-fieldend|move: Psychic Terrain\n|-ability|p1a: Scorn|Speed Boost|boost\n|-boost|p1a: Scorn|spe|1\n|upkeep\n|\n|t:|1700989511\n|switch|p2a: Tapu Lele|Tapu Lele|88\/100\n|-damage|p2a: Tapu Lele|76\/100|[from] Stealth Rock\n|-fieldstart|move: Psychic Terrain|[from] ability: Psychic Surge|[of] p2a: Tapu Lele\n|turn|21\n|\n|t:|1700989519\n|move|p1a: Scorn|Protect|p1a: Scorn\n|-singleturn|p1a: Scorn|Protect\n|move|p2a: Tapu Lele|Psychic|p1a: Scorn\n|-activate|p1a: Scorn|move: Protect\n|\n|-ability|p1a: Scorn|Speed Boost|boost\n|-boost|p1a: Scorn|spe|1\n|upkeep\n|turn|22\n|\n|t:|1700989525\n|move|p1a: Scorn|Rock Slide|p2a: Tapu Lele\n|-damage|p2a: Tapu Lele|26\/100\n|cant|p2a: Tapu Lele|flinch\n|\n|-ability|p1a: Scorn|Speed Boost|boost\n|-boost|p1a: Scorn|spe|1\n|upkeep\n|turn|23\n|-message|doulgass forfeited.\n|\n|win|Greedy Monarch\n|raw|Greedy Monarch's rating: 1151 &rarr; <strong>1184<\/strong><br \/>(+33 for winning)\n|raw|doulgass's rating: 1259 &rarr; <strong>1226<\/strong><br \/>(-33 for losing)\n|l|\u2606doulgass\n","uploadtime":1700989546,"views":15,"p1id":"greedymonarch","p2id":"doulgass","formatid":"gen9nationaldex","rating":1184,"private":0,"password":""}