{"id":"gen9nationaldex-1999763782","p1":"emilianoo50","p2":"eltrenblun","format":"[Gen 9] National Dex","log":"|html|<div class=\"broadcast-blue\"><strong>[Gen 9] National Dex is currently suspecting Sneasler! For information on how to participate check out the <a href=\"https:\/\/www.smogon.com\/forums\/threads\/sv-national-dex-suspect-8-just-dance.3731534\/\">suspect thread<\/a>.<\/strong><\/div>\n|j|\u2606emilianoo50\n|j|\u2606eltrenblun\n|t:|1701114537\n|gametype|singles\n|player|p1|emilianoo50|169|\n|player|p2|eltrenblun|shadowtriad|\n|teamsize|p1|6\n|teamsize|p2|6\n|gen|9\n|tier|[Gen 9] National Dex\n|rule|HP Percentage Mod: HP is shown in percentages\n|rule|Endless Battle Clause: Forcing endless battles is banned\n|rule|OHKO Clause: OHKO moves are banned\n|rule|Evasion Clause: Evasion abilities, items, and moves are banned\n|rule|Evasion Abilities Clause: Evasion abilities are banned\n|rule|Evasion Items Clause: Evasion items are banned\n|rule|Evasion Moves Clause: Evasion moves are banned\n|rule|Species Clause: Limit one of each Pok\u00e9mon\n|rule|Sleep Clause Mod: Limit one foe put to sleep\n|clearpoke\n|poke|p1|Aerodactyl, M|\n|poke|p1|Great Tusk|\n|poke|p1|Sandy Shocks|\n|poke|p1|Scream Tail|\n|poke|p1|Kleavor, M|\n|poke|p1|Slither Wing|\n|poke|p2|Weavile, M|\n|poke|p2|Iron Valiant|\n|poke|p2|Iron Moth|\n|poke|p2|Iron Hands|\n|poke|p2|Guzzlord|\n|poke|p2|Scizor, M|\n|teampreview\n|\n|t:|1701114627\n|start\n|switch|p1a: Great Tusk|Great Tusk|100\/100\n|switch|p2a: Ibai|Iron Hands, shiny|100\/100\n|turn|1\n|\n|t:|1701114637\n|-terastallize|p2a: Ibai|Water\n|move|p1a: Great Tusk|Earthquake|p2a: Ibai\n|-damage|p2a: Ibai|69\/100\n|move|p2a: Ibai|Ice Punch|p1a: Great Tusk\n|-supereffective|p1a: Great Tusk\n|-damage|p1a: Great Tusk|68\/100\n|\n|-heal|p2a: Ibai|75\/100|[from] item: Leftovers\n|upkeep\n|turn|2\n|\n|t:|1701114649\n|move|p1a: Great Tusk|Stealth Rock|p2a: Ibai\n|-sidestart|p2: eltrenblun|move: Stealth Rock\n|move|p2a: Ibai|Drain Punch|p1a: Great Tusk\n|-damage|p1a: Great Tusk|44\/100\n|-heal|p2a: Ibai|84\/100|[from] drain|[of] p1a: Great Tusk\n|\n|-heal|p2a: Ibai|90\/100|[from] item: Leftovers\n|upkeep\n|turn|3\n|\n|t:|1701114664\n|-end|p1a: Great Tusk|Protosynthesis|[silent]\n|switch|p1a: Sandy Shocks|Sandy Shocks|100\/100\n|move|p2a: Ibai|Swords Dance|p2a: Ibai\n|-boost|p2a: Ibai|atk|2\n|\n|-heal|p2a: Ibai|96\/100|[from] item: Leftovers\n|upkeep\n|turn|4\n|\n|t:|1701114673\n|move|p1a: Sandy Shocks|Thunderbolt|p2a: Ibai\n|-supereffective|p2a: Ibai\n|-damage|p2a: Ibai|48\/100\n|move|p2a: Ibai|Ice Punch|p1a: Sandy Shocks\n|-supereffective|p1a: Sandy Shocks\n|-damage|p1a: Sandy Shocks|12\/100\n|\n|-heal|p2a: Ibai|54\/100|[from] item: Leftovers\n|upkeep\n|turn|5\n|\n|t:|1701114684\n|move|p1a: Sandy Shocks|Thunderbolt|p2a: Ibai\n|-supereffective|p2a: Ibai\n|-damage|p2a: Ibai|12\/100\n|move|p2a: Ibai|Ice Punch|p1a: Sandy Shocks\n|-supereffective|p1a: Sandy Shocks\n|-damage|p1a: Sandy Shocks|0 fnt\n|faint|p1a: Sandy Shocks\n|-end|p1a: Sandy Shocks|Protosynthesis|[silent]\n|\n|-heal|p2a: Ibai|18\/100|[from] item: Leftovers\n|upkeep\n|\n|t:|1701114716\n|switch|p1a: Scream Tail|Scream Tail|100\/100\n|turn|6\n|l|\u2606emilianoo50\n|player|p1|\n|j|\u2606emilianoo50\n|player|p1|emilianoo50|169\n|\n|t:|1701114739\n|move|p1a: Scream Tail|Psybeam|p2a: Ibai\n|-damage|p2a: Ibai|8\/100\n|move|p2a: Ibai|Thunder Punch|p1a: Scream Tail\n|-damage|p1a: Scream Tail|42\/100\n|\n|-heal|p2a: Ibai|14\/100|[from] item: Leftovers\n|upkeep\n|turn|7\n|\n|t:|1701114756\n|move|p1a: Scream Tail|Dazzling Gleam|p2a: Ibai\n|-damage|p2a: Ibai|0 fnt\n|faint|p2a: Ibai\n|-end|p2a: Ibai|Quark Drive|[silent]\n|\n|upkeep\n|\n|t:|1701114764\n|switch|p2a: Red|Scizor, M|100\/100\n|-damage|p2a: Red|88\/100|[from] Stealth Rock\n|turn|8\n|\n|t:|1701114769\n|detailschange|p2a: Red|Scizor-Mega, M\n|-mega|p2a: Red|Scizor|Scizorite\n|move|p2a: Red|Bullet Punch|p1a: Scream Tail\n|-supereffective|p1a: Scream Tail\n|-damage|p1a: Scream Tail|0 fnt\n|faint|p1a: Scream Tail\n|-end|p1a: Scream Tail|Protosynthesis|[silent]\n|\n|upkeep\n|j| Brrunoth\n|\n|t:|1701114779\n|switch|p1a: Aerodactyl|Aerodactyl, M|100\/100\n|turn|9\n|\n|t:|1701114784\n|detailschange|p1a: Aerodactyl|Aerodactyl-Mega, M\n|-mega|p1a: Aerodactyl|Aerodactyl|Aerodactylite\n|move|p2a: Red|Bullet Punch|p1a: Aerodactyl\n|-supereffective|p1a: Aerodactyl\n|-damage|p1a: Aerodactyl|11\/100\n|move|p1a: Aerodactyl|Flamethrower|p2a: Red\n|-supereffective|p2a: Red\n|-damage|p2a: Red|30\/100\n|\n|upkeep\n|turn|10\n|\n|t:|1701114793\n|move|p2a: Red|Bullet Punch|p1a: Aerodactyl\n|-supereffective|p1a: Aerodactyl\n|-damage|p1a: Aerodactyl|0 fnt\n|faint|p1a: Aerodactyl\n|\n|upkeep\n|\n|t:|1701114799\n|switch|p1a: Slither Wing|Slither Wing|100\/100\n|turn|11\n|\n|t:|1701114811\n|switch|p2a: Gulor|Guzzlord|100\/100\n|-damage|p2a: Gulor|88\/100|[from] Stealth Rock\n|-terastallize|p1a: Slither Wing|Bug\n|move|p1a: Slither Wing|Heat Wave|p2a: Gulor\n|-resisted|p2a: Gulor\n|-damage|p2a: Gulor|83\/100\n|\n|-heal|p2a: Gulor|89\/100|[from] item: Leftovers\n|upkeep\n|turn|12\n|\n|t:|1701114824\n|move|p1a: Slither Wing|Leech Life|p2a: Gulor\n|-supereffective|p2a: Gulor\n|-damage|p2a: Gulor|0 fnt\n|faint|p2a: Gulor\n|\n|upkeep\n|\n|t:|1701114835\n|switch|p2a: Mirai Trunks|Iron Valiant, shiny|100\/100\n|-damage|p2a: Mirai Trunks|94\/100|[from] Stealth Rock\n|turn|13\n|\n|t:|1701114845\n|move|p2a: Mirai Trunks|Moonblast|p1a: Slither Wing\n|-damage|p1a: Slither Wing|50\/100\n|move|p1a: Slither Wing|Leech Life|p2a: Mirai Trunks\n|-resisted|p2a: Mirai Trunks\n|-damage|p2a: Mirai Trunks|74\/100\n|-heal|p1a: Slither Wing|59\/100|[from] drain|[of] p2a: Mirai Trunks\n|\n|-heal|p1a: Slither Wing|65\/100|[from] item: Leftovers\n|upkeep\n|turn|14\n|\n|t:|1701114865\n|move|p2a: Mirai Trunks|Psyshock|p1a: Slither Wing\n|-damage|p1a: Slither Wing|28\/100\n|move|p1a: Slither Wing|Heat Wave|p2a: Mirai Trunks\n|-damage|p2a: Mirai Trunks|35\/100\n|\n|-heal|p1a: Slither Wing|34\/100|[from] item: Leftovers\n|upkeep\n|turn|15\n|\n|t:|1701114877\n|move|p2a: Mirai Trunks|Moonblast|p1a: Slither Wing\n|-damage|p1a: Slither Wing|0 fnt\n|faint|p1a: Slither Wing\n|-end|p1a: Slither Wing|Protosynthesis|[silent]\n|\n|upkeep\n|\n|t:|1701114884\n|switch|p1a: Great Tusk|Great Tusk|44\/100\n|turn|16\n|\n|t:|1701114888\n|move|p2a: Mirai Trunks|Moonblast|p1a: Great Tusk\n|-supereffective|p1a: Great Tusk\n|-damage|p1a: Great Tusk|0 fnt\n|faint|p1a: Great Tusk\n|-end|p1a: Great Tusk|Protosynthesis|[silent]\n|\n|upkeep\n|\n|t:|1701114894\n|switch|p1a: Kleavor|Kleavor, M|100\/100\n|turn|17\n|\n|t:|1701114903\n|move|p2a: Mirai Trunks|Moonblast|p1a: Kleavor\n|-damage|p1a: Kleavor|15\/100\n|move|p1a: Kleavor|Bug Buzz|p2a: Mirai Trunks\n|-resisted|p2a: Mirai Trunks\n|-damage|p2a: Mirai Trunks|23\/100\n|\n|upkeep\n|turn|18\n|c|\u2606eltrenblun|gg\n|\n|t:|1701114911\n|move|p2a: Mirai Trunks|Close Combat|p1a: Kleavor\n|-damage|p1a: Kleavor|0 fnt\n|-unboost|p2a: Mirai Trunks|def|1\n|-unboost|p2a: Mirai Trunks|spd|1\n|faint|p1a: Kleavor\n|\n|win|eltrenblun\n","uploadtime":1701114919,"views":3,"p1id":"emilianoo50","p2id":"eltrenblun","formatid":"gen9nationaldex","rating":0,"private":0,"password":""}