{"id":"gen9nationaldex-1995225820","p1":"LazuIi","p2":"Myrgetabrakke","format":"[Gen 9] National Dex","log":"|html|<div class=\"broadcast-blue\"><strong>[Gen 9] National Dex is currently suspecting Sneasler! For information on how to participate check out the <a href=\"https:\/\/www.smogon.com\/forums\/threads\/sv-national-dex-suspect-8-just-dance.3731534\/\">suspect thread<\/a>.<\/strong><\/div>\n|j|\u2606LazuIi\n|j|\u2606Myrgetabrakke\n|t:|1700536889\n|gametype|singles\n|player|p1|LazuIi|karen|\n|player|p2|Myrgetabrakke|cynthia|\n|teamsize|p1|6\n|teamsize|p2|6\n|gen|9\n|tier|[Gen 9] National Dex\n|rule|HP Percentage Mod: HP is shown in percentages\n|rule|Endless Battle Clause: Forcing endless battles is banned\n|rule|OHKO Clause: OHKO moves are banned\n|rule|Evasion Clause: Evasion abilities, items, and moves are banned\n|rule|Evasion Abilities Clause: Evasion abilities are banned\n|rule|Evasion Items Clause: Evasion items are banned\n|rule|Evasion Moves Clause: Evasion moves are banned\n|rule|Species Clause: Limit one of each Pok\u00e9mon\n|rule|Sleep Clause Mod: Limit one foe put to sleep\n|clearpoke\n|poke|p1|Tinkaton, F|\n|poke|p1|Corviknight, M|\n|poke|p1|Iron Treads|\n|poke|p1|Bronzong|\n|poke|p1|Bisharp, M|\n|poke|p1|Empoleon, M|\n|poke|p2|Shuckle, F|\n|poke|p2|Tyranitar, F|\n|poke|p2|Cradily, F|\n|poke|p2|Glimmora, M|\n|poke|p2|Arcanine-Hisui, F|\n|poke|p2|Garganacl, F|\n|teampreview\n|\n|t:|1700536929\n|start\n|switch|p1a: Corviknight|Corviknight, M|100\/100\n|switch|p2a: BIG GUY|Garganacl, F|100\/100\n|-ability|p1a: Corviknight|Pressure\n|turn|1\n|\n|t:|1700536939\n|move|p1a: Corviknight|U-turn|p2a: BIG GUY\n|-damage|p2a: BIG GUY|93\/100\n|-damage|p1a: Corviknight|84\/100|[from] item: Rocky Helmet|[of] p2a: BIG GUY\n|\n|t:|1700536962\n|switch|p1a: Iron Treads|Iron Treads|100\/100|[from] U-turn\n|move|p2a: BIG GUY|Salt Cure|p1a: Iron Treads\n|-resisted|p1a: Iron Treads\n|-damage|p1a: Iron Treads|98\/100\n|-start|p1a: Iron Treads|Salt Cure\n|\n|-damage|p1a: Iron Treads|73\/100|[from] Salt Cure\n|upkeep\n|turn|2\n|\n|t:|1700536978\n|-terastallize|p1a: Iron Treads|Ground\n|-terastallize|p2a: BIG GUY|Water\n|move|p1a: Iron Treads|Earthquake|p2a: BIG GUY\n|-damage|p2a: BIG GUY|58\/100\n|move|p2a: BIG GUY|Body Press|p1a: Iron Treads\n|-damage|p1a: Iron Treads|45\/100\n|\n|-damage|p1a: Iron Treads|33\/100|[from] Salt Cure\n|upkeep\n|turn|3\n|\n|t:|1700537004\n|-end|p1a: Iron Treads|Quark Drive|[silent]\n|switch|p1a: Bronzong|Bronzong|100\/100\n|move|p2a: BIG GUY|Recover|p2a: BIG GUY\n|-heal|p2a: BIG GUY|100\/100\n|\n|upkeep\n|turn|4\n|\n|t:|1700537012\n|move|p2a: BIG GUY|Salt Cure|p1a: Bronzong\n|-resisted|p1a: Bronzong\n|-damage|p1a: Bronzong|95\/100\n|-start|p1a: Bronzong|Salt Cure\n|move|p1a: Bronzong|Reflect|p1a: Bronzong\n|-sidestart|p1: LazuIi|Reflect\n|\n|-damage|p1a: Bronzong|70\/100|[from] Salt Cure\n|upkeep\n|turn|5\n|\n|t:|1700537022\n|switch|p1a: Bisharp|Bisharp, M, shiny|100\/100\n|move|p2a: BIG GUY|Body Press|p1a: Bisharp\n|-supereffective|p1a: Bisharp\n|-damage|p1a: Bisharp|60\/100\n|\n|upkeep\n|turn|6\n|\n|t:|1700537030\n|move|p1a: Bisharp|Knock Off|p2a: BIG GUY\n|-damage|p2a: BIG GUY|75\/100\n|-damage|p1a: Bisharp|43\/100|[from] item: Rocky Helmet|[of] p2a: BIG GUY\n|-enditem|p2a: BIG GUY|Rocky Helmet|[from] move: Knock Off|[of] p1a: Bisharp\n|move|p2a: BIG GUY|Salt Cure|p1a: Bisharp\n|-resisted|p1a: Bisharp\n|-damage|p1a: Bisharp|41\/100\n|-start|p1a: Bisharp|Salt Cure\n|\n|-damage|p1a: Bisharp|16\/100|[from] Salt Cure\n|upkeep\n|turn|7\n|\n|t:|1700537060\n|switch|p1a: Tinkaton|Tinkaton, F|100\/100\n|-ability|p1a: Tinkaton|Mold Breaker\n|move|p2a: BIG GUY|Recover|p2a: BIG GUY\n|-heal|p2a: BIG GUY|100\/100\n|\n|upkeep\n|turn|8\n|\n|t:|1700537070\n|move|p1a: Tinkaton|Play Rough|p2a: BIG GUY\n|-damage|p2a: BIG GUY|86\/100\n|-unboost|p2a: BIG GUY|atk|1\n|move|p2a: BIG GUY|Salt Cure|p1a: Tinkaton\n|-resisted|p1a: Tinkaton\n|-damage|p1a: Tinkaton|98\/100\n|-start|p1a: Tinkaton|Salt Cure\n|\n|-heal|p1a: Tinkaton|100\/100|[from] item: Leftovers\n|-damage|p1a: Tinkaton|76\/100|[from] Salt Cure\n|upkeep\n|turn|9\n|\n|t:|1700537090\n|switch|p1a: Corviknight|Corviknight, M|84\/100\n|-ability|p1a: Corviknight|Pressure\n|move|p2a: BIG GUY|Body Press|p1a: Corviknight\n|-damage|p1a: Corviknight|75\/100\n|-damage|p2a: BIG GUY|69\/100|[from] item: Rocky Helmet|[of] p1a: Corviknight\n|\n|upkeep\n|turn|10\n|\n|t:|1700537099\n|move|p1a: Corviknight|Drill Peck|p2a: BIG GUY\n|-damage|p2a: BIG GUY|56\/100\n|move|p2a: BIG GUY|Salt Cure|p1a: Corviknight\n|-damage|p1a: Corviknight|72\/100\n|-start|p1a: Corviknight|Salt Cure\n|\n|-damage|p1a: Corviknight|47\/100|[from] Salt Cure\n|upkeep\n|turn|11\n|\n|t:|1700537106\n|move|p1a: Corviknight|Roost|p1a: Corviknight\n|-heal|p1a: Corviknight|97\/100\n|-singleturn|p1a: Corviknight|move: Roost\n|move|p2a: BIG GUY|Recover|p2a: BIG GUY\n|-heal|p2a: BIG GUY|100\/100\n|\n|-damage|p1a: Corviknight|73\/100|[from] Salt Cure\n|-sideend|p1: LazuIi|Reflect\n|upkeep\n|turn|12\n|\n|t:|1700537117\n|move|p2a: BIG GUY|Protect|p2a: BIG GUY\n|-singleturn|p2a: BIG GUY|Protect\n|move|p1a: Corviknight|Drill Peck|p2a: BIG GUY\n|-activate|p2a: BIG GUY|move: Protect\n|\n|-damage|p1a: Corviknight|48\/100|[from] Salt Cure\n|upkeep\n|turn|13\n|\n|t:|1700537124\n|move|p1a: Corviknight|Roost|p1a: Corviknight\n|-heal|p1a: Corviknight|98\/100\n|-singleturn|p1a: Corviknight|move: Roost\n|move|p2a: BIG GUY|Body Press|p1a: Corviknight\n|-supereffective|p1a: Corviknight\n|-damage|p1a: Corviknight|60\/100\n|-damage|p2a: BIG GUY|84\/100|[from] item: Rocky Helmet|[of] p1a: Corviknight\n|\n|-damage|p1a: Corviknight|35\/100|[from] Salt Cure\n|upkeep\n|turn|14\n|\n|t:|1700537134\n|move|p1a: Corviknight|Roost|p1a: Corviknight\n|-heal|p1a: Corviknight|85\/100\n|-singleturn|p1a: Corviknight|move: Roost\n|move|p2a: BIG GUY|Body Press|p1a: Corviknight\n|-supereffective|p1a: Corviknight\n|-damage|p1a: Corviknight|49\/100\n|-damage|p2a: BIG GUY|67\/100|[from] item: Rocky Helmet|[of] p1a: Corviknight\n|\n|-damage|p1a: Corviknight|24\/100|[from] Salt Cure\n|upkeep\n|turn|15\n|j| ringuwu\n|\n|t:|1700537144\n|move|p1a: Corviknight|Roost|p1a: Corviknight\n|-heal|p1a: Corviknight|74\/100\n|-singleturn|p1a: Corviknight|move: Roost\n|move|p2a: BIG GUY|Body Press|p1a: Corviknight\n|-supereffective|p1a: Corviknight\n|-damage|p1a: Corviknight|38\/100\n|-damage|p2a: BIG GUY|51\/100|[from] item: Rocky Helmet|[of] p1a: Corviknight\n|\n|-damage|p1a: Corviknight|13\/100|[from] Salt Cure\n|upkeep\n|turn|16\n|\n|t:|1700537155\n|move|p1a: Corviknight|Roost|p1a: Corviknight\n|-heal|p1a: Corviknight|63\/100\n|-singleturn|p1a: Corviknight|move: Roost\n|move|p2a: BIG GUY|Recover|p2a: BIG GUY\n|-heal|p2a: BIG GUY|100\/100\n|\n|-damage|p1a: Corviknight|38\/100|[from] Salt Cure\n|upkeep\n|turn|17\n|\n|t:|1700537164\n|move|p1a: Corviknight|Roost|p1a: Corviknight\n|-heal|p1a: Corviknight|88\/100\n|-singleturn|p1a: Corviknight|move: Roost\n|move|p2a: BIG GUY|Body Press|p1a: Corviknight\n|-supereffective|p1a: Corviknight\n|-damage|p1a: Corviknight|49\/100\n|-damage|p2a: BIG GUY|84\/100|[from] item: Rocky Helmet|[of] p1a: Corviknight\n|\n|-damage|p1a: Corviknight|25\/100|[from] Salt Cure\n|upkeep\n|turn|18\n|\n|t:|1700537188\n|move|p1a: Corviknight|U-turn|p2a: BIG GUY\n|-damage|p2a: BIG GUY|76\/100\n|\n|t:|1700537196\n|switch|p1a: Iron Treads|Iron Treads, tera:Ground|33\/100|[from] U-turn\n|move|p2a: BIG GUY|Body Press|p1a: Iron Treads\n|-damage|p1a: Iron Treads|7\/100\n|\n|upkeep\n|turn|19\n|\n|t:|1700537212\n|move|p1a: Iron Treads|Earthquake|p2a: BIG GUY\n|-damage|p2a: BIG GUY|39\/100\n|move|p2a: BIG GUY|Salt Cure|p1a: Iron Treads\n|-resisted|p1a: Iron Treads\n|-damage|p1a: Iron Treads|2\/100\n|-start|p1a: Iron Treads|Salt Cure\n|\n|-damage|p1a: Iron Treads|0 fnt|[from] Salt Cure\n|faint|p1a: Iron Treads\n|-end|p1a: Iron Treads|Quark Drive|[silent]\n|upkeep\n|\n|t:|1700537226\n|switch|p1a: Bronzong|Bronzong|70\/100\n|turn|20\n|\n|t:|1700537241\n|move|p2a: BIG GUY|Recover|p2a: BIG GUY\n|-heal|p2a: BIG GUY|89\/100\n|move|p1a: Bronzong|Zen Headbutt|p2a: BIG GUY\n|-damage|p2a: BIG GUY|76\/100\n|\n|upkeep\n|turn|21\n|\n|t:|1700537270\n|move|p2a: BIG GUY|Salt Cure|p1a: Bronzong\n|-resisted|p1a: Bronzong\n|-damage|p1a: Bronzong|66\/100\n|-start|p1a: Bronzong|Salt Cure\n|move|p1a: Bronzong|Zen Headbutt|p2a: BIG GUY\n|-damage|p2a: BIG GUY|63\/100\n|\n|-damage|p1a: Bronzong|42\/100|[from] Salt Cure\n|upkeep\n|turn|22\n|\n|t:|1700537287\n|move|p2a: BIG GUY|Protect|p2a: BIG GUY\n|-singleturn|p2a: BIG GUY|Protect\n|move|p1a: Bronzong|Zen Headbutt|p2a: BIG GUY\n|-activate|p2a: BIG GUY|move: Protect\n|\n|-damage|p1a: Bronzong|17\/100|[from] Salt Cure\n|upkeep\n|turn|23\n|\n|t:|1700537325\n|move|p2a: BIG GUY|Recover|p2a: BIG GUY\n|-heal|p2a: BIG GUY|100\/100\n|move|p1a: Bronzong|Zen Headbutt|p2a: BIG GUY\n|-damage|p2a: BIG GUY|88\/100\n|\n|-damage|p1a: Bronzong|0 fnt|[from] Salt Cure\n|faint|p1a: Bronzong\n|upkeep\n|\n|t:|1700537347\n|switch|p1a: Tinkaton|Tinkaton, F|76\/100\n|-ability|p1a: Tinkaton|Mold Breaker\n|turn|24\n|\n|t:|1700537355\n|move|p1a: Tinkaton|Play Rough|p2a: BIG GUY\n|-damage|p2a: BIG GUY|75\/100\n|move|p2a: BIG GUY|Salt Cure|p1a: Tinkaton\n|-resisted|p1a: Tinkaton\n|-damage|p1a: Tinkaton|71\/100\n|-start|p1a: Tinkaton|Salt Cure\n|\n|-heal|p1a: Tinkaton|77\/100|[from] item: Leftovers\n|-damage|p1a: Tinkaton|52\/100|[from] Salt Cure\n|upkeep\n|turn|25\n|\n|t:|1700537367\n|move|p1a: Tinkaton|Play Rough|p2a: BIG GUY\n|-damage|p2a: BIG GUY|61\/100\n|-unboost|p2a: BIG GUY|atk|1\n|move|p2a: BIG GUY|Salt Cure|p1a: Tinkaton\n|-resisted|p1a: Tinkaton\n|-damage|p1a: Tinkaton|48\/100\n|\n|-heal|p1a: Tinkaton|54\/100|[from] item: Leftovers\n|-damage|p1a: Tinkaton|29\/100|[from] Salt Cure\n|upkeep\n|turn|26\n|\n|t:|1700537381\n|move|p1a: Tinkaton|Gigaton Hammer|p2a: BIG GUY\n|-resisted|p2a: BIG GUY\n|-damage|p2a: BIG GUY|50\/100\n|move|p2a: BIG GUY|Body Press|p1a: Tinkaton\n|-damage|p1a: Tinkaton|0 fnt\n|faint|p1a: Tinkaton\n|\n|upkeep\n|\n|t:|1700537394\n|switch|p1a: Bisharp|Bisharp, M, shiny|16\/100\n|turn|27\n|\n|t:|1700537403\n|move|p1a: Bisharp|Sucker Punch|p2a: BIG GUY\n|-damage|p2a: BIG GUY|33\/100\n|move|p2a: BIG GUY|Salt Cure|p1a: Bisharp\n|-resisted|p1a: Bisharp\n|-damage|p1a: Bisharp|14\/100\n|-start|p1a: Bisharp|Salt Cure\n|\n|-damage|p1a: Bisharp|0 fnt|[from] Salt Cure\n|faint|p1a: Bisharp\n|upkeep\n|\n|t:|1700537425\n|switch|p1a: Corviknight|Corviknight, M|25\/100\n|-ability|p1a: Corviknight|Pressure\n|turn|28\n|\n|t:|1700537429\n|move|p1a: Corviknight|Roost|p1a: Corviknight\n|-heal|p1a: Corviknight|75\/100\n|-singleturn|p1a: Corviknight|move: Roost\n|move|p2a: BIG GUY|Recover|p2a: BIG GUY\n|-heal|p2a: BIG GUY|83\/100\n|\n|upkeep\n|turn|29\n|\n|t:|1700537435\n|move|p1a: Corviknight|Drill Peck|p2a: BIG GUY\n|-damage|p2a: BIG GUY|71\/100\n|move|p2a: BIG GUY|Salt Cure|p1a: Corviknight\n|-damage|p1a: Corviknight|71\/100\n|-start|p1a: Corviknight|Salt Cure\n|\n|-damage|p1a: Corviknight|46\/100|[from] Salt Cure\n|upkeep\n|turn|30\n|\n|t:|1700537443\n|move|p1a: Corviknight|Drill Peck|p2a: BIG GUY\n|-damage|p2a: BIG GUY|58\/100\n|move|p2a: BIG GUY|Salt Cure|p1a: Corviknight\n|-damage|p1a: Corviknight|41\/100\n|\n|-damage|p1a: Corviknight|16\/100|[from] Salt Cure\n|upkeep\n|turn|31\n|\n|t:|1700537455\n|move|p1a: Corviknight|Roost|p1a: Corviknight\n|-heal|p1a: Corviknight|66\/100\n|-singleturn|p1a: Corviknight|move: Roost\n|move|p2a: BIG GUY|Salt Cure|p1a: Corviknight\n|-resisted|p1a: Corviknight\n|-damage|p1a: Corviknight|64\/100\n|\n|-damage|p1a: Corviknight|40\/100|[from] Salt Cure\n|upkeep\n|turn|32\n|\n|t:|1700537467\n|move|p2a: BIG GUY|Protect|p2a: BIG GUY\n|-singleturn|p2a: BIG GUY|Protect\n|move|p1a: Corviknight|Drill Peck|p2a: BIG GUY\n|-activate|p2a: BIG GUY|move: Protect\n|\n|-damage|p1a: Corviknight|15\/100|[from] Salt Cure\n|upkeep\n|turn|33\n|\n|t:|1700537483\n|move|p1a: Corviknight|Drill Peck|p2a: BIG GUY\n|-damage|p2a: BIG GUY|46\/100\n|move|p2a: BIG GUY|Recover|p2a: BIG GUY\n|-heal|p2a: BIG GUY|96\/100\n|\n|-damage|p1a: Corviknight|0 fnt|[from] Salt Cure\n|faint|p1a: Corviknight\n|upkeep\n|\n|t:|1700537490\n|switch|p1a: Empoleon|Empoleon, M|100\/100\n|turn|34\n|\n|t:|1700537495\n|move|p1a: Empoleon|Tera Blast|p2a: BIG GUY\n|-damage|p2a: BIG GUY|71\/100\n|move|p2a: BIG GUY|Salt Cure|p1a: Empoleon\n|-resisted|p1a: Empoleon\n|-damage|p1a: Empoleon|97\/100\n|-start|p1a: Empoleon|Salt Cure\n|\n|-damage|p1a: Empoleon|72\/100|[from] Salt Cure\n|upkeep\n|turn|35\n|\n|t:|1700537504\n|move|p1a: Empoleon|Tera Blast|p2a: BIG GUY\n|-damage|p2a: BIG GUY|47\/100\n|move|p2a: BIG GUY|Body Press|p1a: Empoleon\n|-supereffective|p1a: Empoleon\n|-damage|p1a: Empoleon|10\/100\n|\n|-damage|p1a: Empoleon|0 fnt|[from] Salt Cure\n|faint|p1a: Empoleon\n|\n|win|Myrgetabrakke\n|upkeep\n","uploadtime":1700537524,"views":9,"p1id":"lazuii","p2id":"myrgetabrakke","formatid":"gen9nationaldex","rating":0,"private":0,"password":""}