{"id":"gen9nationaldex-1993324485","p1":"Kartik thats it","p2":"yaokai233","format":"[Gen 9] National Dex","log":"|j|\u2606Kartik thats it\n|j|\u2606yaokai233\n|t:|1700298512\n|gametype|singles\n|player|p1|Kartik thats it|volkner|1196\n|player|p2|yaokai233|wattson|1156\n|teamsize|p1|6\n|teamsize|p2|6\n|gen|9\n|tier|[Gen 9] National Dex\n|rated|\n|rule|HP Percentage Mod: HP is shown in percentages\n|rule|Endless Battle Clause: Forcing endless battles is banned\n|rule|OHKO Clause: OHKO moves are banned\n|rule|Evasion Clause: Evasion abilities, items, and moves are banned\n|rule|Evasion Abilities Clause: Evasion abilities are banned\n|rule|Evasion Items Clause: Evasion items are banned\n|rule|Evasion Moves Clause: Evasion moves are banned\n|rule|Species Clause: Limit one of each Pok\u00e9mon\n|rule|Sleep Clause Mod: Limit one foe put to sleep\n|clearpoke\n|poke|p1|Polteageist|\n|poke|p1|Latias, F|\n|poke|p1|Zapdos|\n|poke|p1|Sneasler, F|\n|poke|p1|Tapu Lele|\n|poke|p1|Garganacl, M|\n|poke|p2|Garganacl, F|\n|poke|p2|Pelipper, F|\n|poke|p2|Swampert, F|\n|poke|p2|Heatran, M|\n|poke|p2|Barraskewda, M|\n|poke|p2|Greninja-*, M|\n|teampreview\n|inactive|Battle timer is ON: inactive players will automatically lose when time's up. (requested by yaokai233)\n|\n|t:|1700298528\n|start\n|switch|p1a: Polteageist|Polteageist, shiny|100\/100\n|switch|p2a: Pelipper|Pelipper, F|100\/100\n|-weather|RainDance|[from] ability: Drizzle|[of] p2a: Pelipper\n|turn|1\n|\n|t:|1700298539\n|-terastallize|p1a: Polteageist|Psychic\n|move|p2a: Pelipper|U-turn|p1a: Polteageist\n|-supereffective|p1a: Polteageist\n|-damage|p1a: Polteageist|67\/100\n|-ability|p1a: Polteageist|Weak Armor|boost\n|-unboost|p1a: Polteageist|def|1\n|-boost|p1a: Polteageist|spe|2\n|-enditem|p1a: Polteageist|Weakness Policy\n|-boost|p1a: Polteageist|atk|2|[from] item: Weakness Policy\n|-boost|p1a: Polteageist|spa|2|[from] item: Weakness Policy\n|\n|t:|1700298549\n|switch|p2a: Heatran|Heatran, M|100\/100|[from] U-turn\n|move|p1a: Polteageist|Shell Smash|p1a: Polteageist\n|-unboost|p1a: Polteageist|def|1\n|-unboost|p1a: Polteageist|spd|1\n|-boost|p1a: Polteageist|atk|2\n|-boost|p1a: Polteageist|spa|2\n|-boost|p1a: Polteageist|spe|2\n|\n|-weather|RainDance|[upkeep]\n|upkeep\n|turn|2\n|\n|t:|1700298567\n|move|p1a: Polteageist|Stored Power|p2a: Heatran\n|-resisted|p2a: Heatran\n|-damage|p2a: Heatran|0 fnt\n|faint|p2a: Heatran\n|\n|-weather|RainDance|[upkeep]\n|upkeep\n|\n|t:|1700298580\n|switch|p2a: Barraskewda|Barraskewda, M|100\/100\n|turn|3\n|\n|t:|1700298589\n|-terastallize|p2a: Barraskewda|Water\n|move|p2a: Barraskewda|Liquidation|p1a: Polteageist\n|-damage|p1a: Polteageist|0 fnt\n|faint|p1a: Polteageist\n|-damage|p2a: Barraskewda|91\/100|[from] item: Life Orb\n|\n|-weather|RainDance|[upkeep]\n|upkeep\n|\n|t:|1700298602\n|switch|p1a: Harry|Zapdos, shiny|100\/100\n|turn|4\n|\n|t:|1700298608\n|switch|p2a: Swampert|Swampert, F|100\/100\n|-zpower|p1a: Harry\n|move|p1a: Harry|Supersonic Skystrike|p2a: Swampert|[zeffect]\n|-damage|p2a: Swampert|0 fnt\n|faint|p2a: Swampert\n|\n|-weather|RainDance|[upkeep]\n|upkeep\n|\n|t:|1700298624\n|switch|p2a: Garganacl|Garganacl, F, shiny|100\/100\n|turn|5\n|\n|t:|1700298632\n|move|p1a: Harry|Thunderbolt|p2a: Garganacl\n|-damage|p2a: Garganacl|60\/100\n|move|p2a: Garganacl|Salt Cure|p1a: Harry\n|-supereffective|p1a: Harry\n|-damage|p1a: Harry|69\/100\n|-start|p1a: Harry|Salt Cure\n|\n|-weather|RainDance|[upkeep]\n|-heal|p2a: Garganacl|66\/100|[from] item: Leftovers\n|-damage|p1a: Harry|56\/100|[from] Salt Cure\n|upkeep\n|turn|6\n|\n|t:|1700298645\n|move|p1a: Harry|Thunderbolt|p2a: Garganacl\n|-damage|p2a: Garganacl|23\/100\n|move|p2a: Garganacl|Recover|p2a: Garganacl\n|-heal|p2a: Garganacl|73\/100\n|\n|-weather|RainDance|[upkeep]\n|-heal|p2a: Garganacl|79\/100|[from] item: Leftovers\n|-damage|p1a: Harry|44\/100|[from] Salt Cure\n|upkeep\n|turn|7\n|\n|t:|1700298665\n|switch|p1a: Latias|Latias, F, shiny|100\/100\n|move|p2a: Garganacl|Body Press|p1a: Latias\n|-resisted|p1a: Latias\n|-damage|p1a: Latias|81\/100\n|\n|-weather|RainDance|[upkeep]\n|-heal|p2a: Garganacl|85\/100|[from] item: Leftovers\n|upkeep\n|turn|8\n|\n|t:|1700298679\n|detailschange|p1a: Latias|Latias-Mega, F, shiny\n|-mega|p1a: Latias|Latias|Latiasite\n|move|p1a: Latias|Psychic|p2a: Garganacl\n|-damage|p2a: Garganacl|43\/100\n|move|p2a: Garganacl|Salt Cure|p1a: Latias\n|-damage|p1a: Latias|68\/100\n|-start|p1a: Latias|Salt Cure\n|\n|-weather|none\n|-heal|p2a: Garganacl|49\/100|[from] item: Leftovers\n|-damage|p1a: Latias|56\/100|[from] Salt Cure\n|upkeep\n|turn|9\n|\n|t:|1700298691\n|move|p1a: Latias|Draco Meteor|p2a: Garganacl\n|-damage|p2a: Garganacl|0 fnt\n|-unboost|p1a: Latias|spa|2\n|faint|p2a: Garganacl\n|\n|-damage|p1a: Latias|43\/100|[from] Salt Cure\n|upkeep\n|\n|t:|1700298699\n|switch|p2a: Pelipper|Pelipper, F|100\/100\n|-weather|RainDance|[from] ability: Drizzle|[of] p2a: Pelipper\n|turn|10\n|\n|t:|1700298706\n|move|p1a: Latias|Draco Meteor|p2a: Pelipper|[miss]\n|-miss|p1a: Latias|p2a: Pelipper\n|move|p2a: Pelipper|U-turn|p1a: Latias\n|-supereffective|p1a: Latias\n|-crit|p1a: Latias\n|-damage|p1a: Latias|19\/100\n|\n|t:|1700298712\n|switch|p2a: Greninja|Greninja, M|100\/100|[from] U-turn\n|\n|-weather|RainDance|[upkeep]\n|-damage|p1a: Latias|7\/100|[from] Salt Cure\n|upkeep\n|turn|11\n|\n|t:|1700298720\n|move|p2a: Greninja|Water Shuriken|p1a: Latias\n|-resisted|p1a: Latias\n|-damage|p1a: Latias|2\/100\n|-resisted|p1a: Latias\n|-damage|p1a: Latias|0 fnt\n|faint|p1a: Latias\n|-ability|p2a: Greninja|Battle Bond|boost\n|-boost|p2a: Greninja|atk|1\n|-boost|p2a: Greninja|spa|1\n|-boost|p2a: Greninja|spe|1\n|-activate|p2a: Greninja|ability: Battle Bond\n|-hitcount|p1: Latias|2\n|-damage|p2a: Greninja|91\/100|[from] item: Life Orb\n|\n|-weather|RainDance|[upkeep]\n|upkeep\n|\n|t:|1700298740\n|switch|p1a: Harry|Zapdos, shiny|44\/100\n|turn|12\n|\n|t:|1700298745\n|move|p2a: Greninja|Dark Pulse|p1a: Harry\n|-damage|p1a: Harry|0 fnt\n|faint|p1a: Harry\n|-damage|p2a: Greninja|81\/100|[from] item: Life Orb\n|\n|-weather|RainDance|[upkeep]\n|upkeep\n|\n|t:|1700298755\n|switch|p1a: Tapu Lele|Tapu Lele, shiny|100\/100\n|-fieldstart|move: Psychic Terrain|[from] ability: Psychic Surge|[of] p1a: Tapu Lele\n|turn|13\n|\n|t:|1700298762\n|move|p2a: Greninja|Dark Pulse|p1a: Tapu Lele\n|-crit|p1a: Tapu Lele\n|-damage|p1a: Tapu Lele|21\/100\n|-damage|p2a: Greninja|71\/100|[from] item: Life Orb\n|move|p1a: Tapu Lele|Energy Ball|p2a: Greninja\n|-supereffective|p2a: Greninja\n|-damage|p2a: Greninja|0 fnt\n|faint|p2a: Greninja\n|\n|-weather|RainDance|[upkeep]\n|upkeep\n|\n|t:|1700298774\n|switch|p2a: Barraskewda|Barraskewda, M, tera:Water|91\/100\n|turn|14\n|\n|t:|1700298779\n|move|p2a: Barraskewda|Flip Turn|p1a: Tapu Lele\n|-damage|p1a: Tapu Lele|0 fnt\n|faint|p1a: Tapu Lele\n|-damage|p2a: Barraskewda|81\/100|[from] item: Life Orb\n|\n|t:|1700298784\n|switch|p2a: Pelipper|Pelipper, F|100\/100|[from] Flip Turn\n|\n|-weather|RainDance|[upkeep]\n|upkeep\n|\n|t:|1700298791\n|switch|p1a: Zayn|Sneasler, F, shiny|100\/100\n|-enditem|p1a: Zayn|Psychic Seed\n|-boost|p1a: Zayn|spd|1|[from] item: Psychic Seed\n|turn|15\n|\n|t:|1700298804\n|move|p1a: Zayn|Dire Claw|p2a: Pelipper\n|-damage|p2a: Pelipper|42\/100\n|move|p2a: Pelipper|Hurricane|p1a: Zayn\n|-supereffective|p1a: Zayn\n|-damage|p1a: Zayn|9\/100\n|-start|p1a: Zayn|confusion\n|\n|-weather|RainDance|[upkeep]\n|upkeep\n|turn|16\n|\n|t:|1700298815\n|-activate|p1a: Zayn|confusion\n|move|p1a: Zayn|Dire Claw|p2a: Pelipper\n|-damage|p2a: Pelipper|0 fnt\n|faint|p2a: Pelipper\n|\n|-weather|RainDance|[upkeep]\n|upkeep\n|\n|t:|1700298821\n|switch|p2a: Barraskewda|Barraskewda, M, tera:Water|81\/100\n|turn|17\n|\n|t:|1700298828\n|move|p2a: Barraskewda|Psychic Fangs|p1a: Zayn\n|-supereffective|p1a: Zayn\n|-damage|p1a: Zayn|0 fnt\n|faint|p1a: Zayn\n|-damage|p2a: Barraskewda|71\/100|[from] item: Life Orb\n|\n|-weather|none\n|-fieldend|move: Psychic Terrain\n|upkeep\n|\n|t:|1700298836\n|switch|p1a: Garganacl|Garganacl, M|100\/100\n|turn|18\n|\n|t:|1700298846\n|move|p2a: Barraskewda|Liquidation|p1a: Garganacl\n|-supereffective|p1a: Garganacl\n|-damage|p1a: Garganacl|0 fnt\n|faint|p1a: Garganacl\n|-damage|p2a: Barraskewda|61\/100|[from] item: Life Orb\n|\n|win|yaokai233\n|raw|Kartik thats it's rating: 1167 &rarr; <strong>1141<\/strong><br \/>(-26 for losing)\n|raw|yaokai233's rating: 1156 &rarr; <strong>1182<\/strong><br \/>(+26 for winning)\n|c|\u2606Kartik thats it|Gg\n|c|\u2606yaokai233|gg\n","uploadtime":1700298861,"views":8,"p1id":"kartikthatsit","p2id":"yaokai233","formatid":"gen9nationaldex","rating":1141,"private":0,"password":""}