{"id":"gen9nationaldex-1991814212","p1":"GoodbyeFuture","p2":"zaizaipo","format":"[Gen 9] National Dex","log":"|j|\u2606GoodbyeFuture\n|j|\u2606zaizaipo\n|t:|1700122215\n|gametype|singles\n|player|p1|GoodbyeFuture|cynthia|1289\n|player|p2|zaizaipo|101|1237\n|teamsize|p1|6\n|teamsize|p2|6\n|gen|9\n|tier|[Gen 9] National Dex\n|rated|\n|rule|HP Percentage Mod: HP is shown in percentages\n|rule|Endless Battle Clause: Forcing endless battles is banned\n|rule|OHKO Clause: OHKO moves are banned\n|rule|Evasion Clause: Evasion abilities, items, and moves are banned\n|rule|Evasion Abilities Clause: Evasion abilities are banned\n|rule|Evasion Items Clause: Evasion items are banned\n|rule|Evasion Moves Clause: Evasion moves are banned\n|rule|Species Clause: Limit one of each Pok\u00e9mon\n|rule|Sleep Clause Mod: Limit one foe put to sleep\n|clearpoke\n|poke|p1|Arcanine-Hisui, M|\n|poke|p1|Salamence, F|\n|poke|p1|Corviknight, M|\n|poke|p1|Zapdos|\n|poke|p1|Swampert, M|\n|poke|p1|Pelipper, F|\n|poke|p2|Sudowoodo, M|\n|poke|p2|Shiftry, F|\n|poke|p2|Corviknight, M|\n|poke|p2|Swampert, M|\n|poke|p2|Pelipper, F|\n|poke|p2|Ogerpon, F|\n|teampreview\n|inactive|Battle timer is ON: inactive players will automatically lose when time's up. (requested by GoodbyeFuture)\n|\n|t:|1700122224\n|start\n|switch|p1a: Swampert|Swampert, M|100\/100\n|switch|p2a: Sudowoodo|Sudowoodo, M, shiny|100\/100\n|turn|1\n|\n|t:|1700122231\n|detailschange|p1a: Swampert|Swampert-Mega, M\n|-mega|p1a: Swampert|Swampert|Swampertite\n|move|p1a: Swampert|Stealth Rock|p2a: Sudowoodo\n|-sidestart|p2: zaizaipo|move: Stealth Rock\n|move|p2a: Sudowoodo|Stealth Rock|p1a: Swampert\n|-sidestart|p1: GoodbyeFuture|move: Stealth Rock\n|\n|upkeep\n|turn|2\n|\n|t:|1700122237\n|move|p1a: Swampert|Earthquake|p2a: Sudowoodo\n|-supereffective|p2a: Sudowoodo\n|-ability|p2a: Sudowoodo|Sturdy\n|-damage|p2a: Sudowoodo|1\/100\n|move|p2a: Sudowoodo|Counter|p1a: Swampert\n|-damage|p1a: Swampert|0 fnt\n|faint|p1a: Swampert\n|\n|upkeep\n|\n|t:|1700122245\n|switch|p1a: Fast Wolf|Arcanine-Hisui, M|100\/100\n|-damage|p1a: Fast Wolf|75\/100|[from] Stealth Rock\n|turn|3\n|-enditem|p2a: Sudowoodo|Custap Berry|[eat]\n|-activate|p2a: Sudowoodo|item: Custap Berry|[consumed]\n|\n|t:|1700122250\n|move|p2a: Sudowoodo|Explosion|p1a: Fast Wolf\n|-resisted|p1a: Fast Wolf\n|-damage|p1a: Fast Wolf|25\/100\n|faint|p2a: Sudowoodo\n|move|p1a: Fast Wolf|Agility|p1a: Fast Wolf\n|-boost|p1a: Fast Wolf|spe|2\n|\n|upkeep\n|\n|t:|1700122260\n|switch|p2a: Pelipper|Pelipper, F|100\/100\n|-weather|RainDance|[from] ability: Drizzle|[of] p2a: Pelipper\n|turn|4\n|\n|t:|1700122275\n|-terastallize|p1a: Fast Wolf|Grass\n|-terastallize|p2a: Pelipper|Ground\n|move|p1a: Fast Wolf|Head Smash|p2a: Pelipper\n|-resisted|p2a: Pelipper\n|-damage|p2a: Pelipper|70\/100\n|move|p2a: Pelipper|Weather Ball|p1a: Fast Wolf\n|-resisted|p1a: Fast Wolf\n|-damage|p1a: Fast Wolf|0 fnt\n|faint|p1a: Fast Wolf\n|\n|-weather|RainDance|[upkeep]\n|upkeep\n|\n|t:|1700122284\n|switch|p1a: Pelipper|Pelipper, F|100\/100\n|-damage|p1a: Pelipper|76\/100|[from] Stealth Rock\n|turn|5\n|\n|t:|1700122291\n|switch|p2a: Shiftry|Shiftry, F, shiny|100\/100\n|-damage|p2a: Shiftry|88\/100|[from] Stealth Rock\n|move|p1a: Pelipper|Weather Ball|p2a: Shiftry\n|-resisted|p2a: Shiftry\n|-damage|p2a: Shiftry|29\/100\n|\n|-weather|RainDance|[upkeep]\n|upkeep\n|turn|6\n|\n|t:|1700122301\n|move|p2a: Shiftry|Explosion|p1a: Pelipper\n|-damage|p1a: Pelipper|0 fnt\n|faint|p2a: Shiftry\n|faint|p1a: Pelipper\n|\n|-weather|RainDance|[upkeep]\n|upkeep\n|\n|t:|1700122318\n|switch|p2a: Ogerpon|Ogerpon, F|100\/100\n|switch|p1a: Zapdos|Zapdos|100\/100\n|-damage|p2a: Ogerpon|88\/100|[from] Stealth Rock\n|turn|7\n|\n|t:|1700122330\n|-zpower|p2a: Ogerpon\n|move|p2a: Ogerpon|Bloom Doom|p1a: Zapdos|[zeffect]\n|-resisted|p1a: Zapdos\n|-damage|p1a: Zapdos|36\/100\n|move|p1a: Zapdos|Hurricane|p2a: Ogerpon\n|-supereffective|p2a: Ogerpon\n|-damage|p2a: Ogerpon|0 fnt\n|faint|p2a: Ogerpon\n|\n|-weather|RainDance|[upkeep]\n|upkeep\n|\n|t:|1700122340\n|switch|p2a: Swampert|Swampert, M|100\/100\n|-damage|p2a: Swampert|94\/100|[from] Stealth Rock\n|turn|8\n|\n|t:|1700122346\n|detailschange|p2a: Swampert|Swampert-Mega, M\n|-mega|p2a: Swampert|Swampert|Swampertite\n|move|p2a: Swampert|Liquidation|p1a: Zapdos\n|-damage|p1a: Zapdos|0 fnt\n|-status|p2a: Swampert|par|[from] ability: Static|[of] p1a: Zapdos\n|faint|p1a: Zapdos\n|\n|-weather|none\n|upkeep\n|\n|t:|1700122364\n|switch|p1a: Corviknight|Corviknight, M|100\/100\n|-damage|p1a: Corviknight|88\/100|[from] Stealth Rock\n|turn|9\n|\n|t:|1700122368\n|switch|p2a: Pelipper|Pelipper, F, tera:Ground|70\/100\n|-weather|RainDance|[from] ability: Drizzle|[of] p2a: Pelipper\n|move|p1a: Corviknight|Iron Defense|p1a: Corviknight\n|-boost|p1a: Corviknight|def|2\n|\n|-weather|RainDance|[upkeep]\n|upkeep\n|turn|10\n|\n|t:|1700122377\n|move|p1a: Corviknight|Iron Defense|p1a: Corviknight\n|-boost|p1a: Corviknight|def|2\n|move|p2a: Pelipper|Weather Ball|p1a: Corviknight\n|-damage|p1a: Corviknight|33\/100\n|\n|-weather|RainDance|[upkeep]\n|upkeep\n|turn|11\n|\n|t:|1700122385\n|move|p1a: Corviknight|Body Press|p2a: Pelipper\n|-damage|p2a: Pelipper|11\/100\n|move|p2a: Pelipper|Weather Ball|p1a: Corviknight\n|-damage|p1a: Corviknight|0 fnt\n|faint|p1a: Corviknight\n|\n|-weather|RainDance|[upkeep]\n|upkeep\n|\n|t:|1700122388\n|switch|p1a: Salamence|Salamence, F|100\/100\n|-damage|p1a: Salamence|76\/100|[from] Stealth Rock\n|turn|12\n|\n|t:|1700122397\n|move|p1a: Salamence|Dragon Dance|p1a: Salamence\n|-boost|p1a: Salamence|atk|1\n|-boost|p1a: Salamence|spe|1\n|move|p2a: Pelipper|Hurricane|p1a: Salamence\n|-damage|p1a: Salamence|45\/100\n|-start|p1a: Salamence|confusion\n|\n|-weather|RainDance|[upkeep]\n|-heal|p1a: Salamence|51\/100|[from] item: Leftovers\n|upkeep\n|turn|13\n|\n|t:|1700122405\n|-activate|p1a: Salamence|confusion\n|-damage|p1a: Salamence|35\/100|[from] confusion\n|move|p2a: Pelipper|Hurricane|p1a: Salamence\n|-damage|p1a: Salamence|0 fnt\n|faint|p1a: Salamence\n|\n|win|zaizaipo\n|raw|GoodbyeFuture's rating: 1289 &rarr; <strong>1260<\/strong><br \/>(-29 for losing)\n|raw|zaizaipo's rating: 1237 &rarr; <strong>1266<\/strong><br \/>(+29 for winning)\n|l|\u2606GoodbyeFuture\n","uploadtime":1700122413,"views":4,"p1id":"goodbyefuture","p2id":"zaizaipo","formatid":"gen9nationaldex","rating":1260,"private":0,"password":""}