{"id":"gen9nationaldex-1992679247","p1":"DeathRayKPK","p2":"Najirs","format":"[Gen 9] National Dex","log":"|j|\u2606DeathRayKPK\n|j|\u2606Najirs\n|t:|1700224320\n|gametype|singles\n|player|p1|DeathRayKPK|101|\n|player|p2|Najirs|grimsley-masters|\n|teamsize|p1|6\n|teamsize|p2|6\n|gen|9\n|tier|[Gen 9] National Dex\n|rule|HP Percentage Mod: HP is shown in percentages\n|rule|Endless Battle Clause: Forcing endless battles is banned\n|rule|OHKO Clause: OHKO moves are banned\n|rule|Evasion Clause: Evasion abilities, items, and moves are banned\n|rule|Evasion Abilities Clause: Evasion abilities are banned\n|rule|Evasion Items Clause: Evasion items are banned\n|rule|Evasion Moves Clause: Evasion moves are banned\n|rule|Species Clause: Limit one of each Pok\u00e9mon\n|rule|Sleep Clause Mod: Limit one foe put to sleep\n|clearpoke\n|poke|p1|Clefable, M|\n|poke|p1|Ogerpon-Wellspring, F|\n|poke|p1|Heatran, M|\n|poke|p1|Zapdos|\n|poke|p1|Volcarona, F|\n|poke|p1|Garganacl, M|\n|poke|p2|Chansey, F|\n|poke|p2|Zoroark-Hisui, M|\n|poke|p2|Arboliva, M|\n|poke|p2|Ditto|\n|poke|p2|Dudunsparce-*, F|\n|poke|p2|Maushold|\n|teampreview\n|c|\u2606DeathRayKPK|glhf\n|\n|t:|1700224353\n|start\n|switch|p1a: Volcarona|Volcarona, F|100\/100\n|switch|p2a: Ditto|Ditto|100\/100\n|turn|1\n|c|\u2606DeathRayKPK|I'm mostly doomed but cool\n|c|\u2606Najirs|Bruh lmao\n|\n|t:|1700224373\n|move|p2a: Ditto|Bitter Malice|p1a: Volcarona\n|-damage|p1a: Volcarona|49\/100\n|-unboost|p1a: Volcarona|atk|1\n|move|p1a: Volcarona|Quiver Dance|p1a: Volcarona\n|-boost|p1a: Volcarona|spa|1\n|-boost|p1a: Volcarona|spd|1\n|-boost|p1a: Volcarona|spe|1\n|\n|upkeep\n|turn|2\n|c|\u2606DeathRayKPK|oh why didn't I catch that F\n|\n|t:|1700224395\n|switch|p2a: Chansey|Chansey, F|100\/100\n|move|p1a: Volcarona|Roost|p1a: Volcarona\n|-heal|p1a: Volcarona|99\/100\n|-singleturn|p1a: Volcarona|move: Roost\n|\n|upkeep\n|turn|3\n|\n|t:|1700224414\n|switch|p1a: Garganacl|Garganacl, M|100\/100\n|move|p2a: Chansey|Toxic|p1a: Garganacl\n|-immune|p1a: Garganacl|[from] ability: Purifying Salt\n|\n|upkeep\n|turn|4\n|\n|t:|1700224427\n|move|p2a: Chansey|Seismic Toss|p1a: Garganacl\n|-damage|p1a: Garganacl|76\/100\n|move|p1a: Garganacl|Iron Defense|p1a: Garganacl\n|-boost|p1a: Garganacl|def|2\n|\n|-heal|p1a: Garganacl|82\/100|[from] item: Leftovers\n|upkeep\n|turn|5\n|\n|t:|1700224441\n|move|p2a: Chansey|Seismic Toss|p1a: Garganacl\n|-damage|p1a: Garganacl|57\/100\n|move|p1a: Garganacl|Iron Defense|p1a: Garganacl\n|-boost|p1a: Garganacl|def|2\n|\n|-heal|p1a: Garganacl|63\/100|[from] item: Leftovers\n|upkeep\n|turn|6\n|\n|t:|1700224459\n|move|p2a: Chansey|Seismic Toss|p1a: Garganacl\n|-damage|p1a: Garganacl|38\/100\n|move|p1a: Garganacl|Recover|p1a: Garganacl\n|-heal|p1a: Garganacl|89\/100\n|\n|-heal|p1a: Garganacl|95\/100|[from] item: Leftovers\n|upkeep\n|turn|7\n|\n|t:|1700224529\n|move|p2a: Chansey|Seismic Toss|p1a: Garganacl\n|-damage|p1a: Garganacl|70\/100\n|move|p1a: Garganacl|Body Press|p2a: Chansey\n|-supereffective|p2a: Chansey\n|-damage|p2a: Chansey|6\/100\n|\n|-heal|p1a: Garganacl|76\/100|[from] item: Leftovers\n|upkeep\n|turn|8\n|\n|t:|1700224558\n|switch|p2a: Ditto|Ditto|100\/100\n|move|p1a: Garganacl|Body Press|p2a: Ditto\n|-immune|p2a: Ditto\n|\n|-heal|p1a: Garganacl|82\/100|[from] item: Leftovers\n|upkeep\n|turn|9\n|inactive|Battle timer is ON: inactive players will automatically lose when time's up. (requested by Najirs)\n|c|\u2606DeathRayKPK|wow timer gets turned on now huh\n|c|\u2606DeathRayKPK|when you took so long with chansey lol\n|j| plasma_fistem\n|inactive|DeathRayKPK has 270 seconds left.\n|\n|t:|1700224633\n|-terastallize|p1a: Garganacl|Dragon\n|move|p2a: Ditto|Grass Knot|p1a: Garganacl\n|-resisted|p1a: Garganacl\n|-damage|p1a: Garganacl|62\/100\n|move|p1a: Garganacl|Salt Cure|p2a: Ditto\n|-damage|p2a: Ditto|69\/100\n|-start|p2a: Ditto|Salt Cure\n|replace|p2a: Zoroark|Zoroark-Hisui, M\n|-end|p2a: Zoroark|Illusion\n|\n|-heal|p1a: Garganacl|68\/100|[from] item: Leftovers\n|-damage|p2a: Zoroark|57\/100|[from] Salt Cure\n|upkeep\n|turn|10\n|\n|t:|1700224649\n|switch|p2a: Ditto|Ditto|100\/100\n|-transform|p2a: Ditto|p1a: Garganacl|[from] ability: Imposter\n|move|p1a: Garganacl|Recover|p1a: Garganacl\n|-heal|p1a: Garganacl|100\/100\n|\n|upkeep\n|-start|p2a: Ditto|typechange|Rock|[silent]\n|turn|11\n|\n|t:|1700224666\n|-terastallize|p2a: Ditto|Poison\n|move|p2a: Ditto|Body Press|p1a: Garganacl\n|-crit|p1a: Garganacl\n|-damage|p1a: Garganacl|31\/100\n|move|p1a: Garganacl|Body Press|p2a: Ditto\n|-resisted|p2a: Ditto\n|-damage|p2a: Ditto|90\/100\n|\n|-heal|p1a: Garganacl|37\/100|[from] item: Leftovers\n|upkeep\n|turn|12\n|c|\u2606Najirs|Lessgoo\n|c| plasma_fistem|Ouch thats a bad crit\n|c|\u2606DeathRayKPK|correct\n|inactive|DeathRayKPK has 270 seconds left.\n|c|\u2606DeathRayKPK|okay\n|c|\u2606DeathRayKPK|quick math quesstion\n|c|\u2606DeathRayKPK|cause of a crit\n|c|\u2606DeathRayKPK|I lose 70% for a 3x def\n|inactive|DeathRayKPK has 240 seconds left.\n|c|\u2606DeathRayKPK|does it mean without a crit I'd take 20%?\n|c|\u2606Najirs|No\n|c|\u2606Najirs|Even less\n|\n|t:|1700224741\n|move|p2a: Ditto|Body Press|p1a: Garganacl\n|-damage|p1a: Garganacl|22\/100\n|move|p1a: Garganacl|Recover|p1a: Garganacl\n|-heal|p1a: Garganacl|72\/100\n|\n|-heal|p1a: Garganacl|78\/100|[from] item: Leftovers\n|upkeep\n|turn|13\n|\n|t:|1700224750\n|move|p2a: Ditto|Body Press|p1a: Garganacl\n|-damage|p1a: Garganacl|63\/100\n|move|p1a: Garganacl|Salt Cure|p2a: Ditto\n|-damage|p2a: Ditto|86\/100\n|-start|p2a: Ditto|Salt Cure\n|\n|-heal|p1a: Garganacl|69\/100|[from] item: Leftovers\n|-damage|p2a: Ditto|73\/100|[from] Salt Cure\n|upkeep\n|turn|14\n|inactive|DeathRayKPK has 240 seconds left.\n|\n|t:|1700224765\n|move|p2a: Ditto|Body Press|p1a: Garganacl\n|-damage|p1a: Garganacl|54\/100\n|move|p1a: Garganacl|Recover|p1a: Garganacl\n|-heal|p1a: Garganacl|100\/100\n|\n|-damage|p2a: Ditto|61\/100|[from] Salt Cure\n|upkeep\n|turn|15\n|inactive|DeathRayKPK has 240 seconds left.\n|\n|t:|1700224774\n|switch|p1a: Clefable-Hisui|Clefable, M, shiny|100\/100\n|move|p2a: Ditto|Body Press|p1a: Clefable-Hisui\n|-resisted|p1a: Clefable-Hisui\n|-crit|p1a: Clefable-Hisui\n|-damage|p1a: Clefable-Hisui|88\/100\n|\n|-heal|p1a: Clefable-Hisui|94\/100|[from] item: Leftovers\n|-damage|p2a: Ditto|49\/100|[from] Salt Cure\n|upkeep\n|turn|16\n|inactive|DeathRayKPK has 240 seconds left.\n|\n|t:|1700224789\n|switch|p2a: Chansey|Chansey, F|6\/100\n|move|p1a: Clefable-Hisui|Protect||[still]\n|-fail|p1a: Clefable-Hisui\n|\n|-heal|p1a: Clefable-Hisui|99\/100|[from] item: Leftovers\n|upkeep\n|turn|17\n|inactive|DeathRayKPK has 240 seconds left.\n|\n|t:|1700224806\n|switch|p1a: Garganacl|Garganacl, M, tera:Dragon|100\/100\n|move|p2a: Chansey|Soft-Boiled|p2a: Chansey\n|-heal|p2a: Chansey|56\/100\n|\n|upkeep\n|turn|18\n|\n|t:|1700224830\n|move|p1a: Garganacl|Body Press|p2a: Chansey\n|-supereffective|p2a: Chansey\n|-damage|p2a: Chansey|25\/100\n|move|p2a: Chansey|Teleport|p2a: Chansey\n|\n|t:|1700224841\n|switch|p2a: Arboliva|Arboliva, M|100\/100|[from] Teleport\n|\n|upkeep\n|turn|19\n|inactive|DeathRayKPK has 210 seconds left.\n|c|\u2606DeathRayKPK|oh no\n|\n|t:|1700224876\n|switch|p1a: Ogerpon|Ogerpon-Wellspring, F|100\/100\n|move|p2a: Arboliva|Leech Seed|p1a: Ogerpon\n|-immune|p1a: Ogerpon\n|\n|upkeep\n|turn|20\n|inactive|DeathRayKPK has 210 seconds left.\n|\n|t:|1700224886\n|move|p1a: Ogerpon|Swords Dance|p1a: Ogerpon\n|-boost|p1a: Ogerpon|atk|2\n|move|p2a: Arboliva|Dazzling Gleam|p1a: Ogerpon\n|-damage|p1a: Ogerpon|73\/100\n|\n|upkeep\n|turn|21\n|inactive|DeathRayKPK has 210 seconds left.\n|l| plasma_fistem\n|\n|t:|1700224906\n|move|p1a: Ogerpon|Swords Dance|p1a: Ogerpon\n|-boost|p1a: Ogerpon|atk|2\n|move|p2a: Arboliva|Dazzling Gleam|p1a: Ogerpon\n|-damage|p1a: Ogerpon|48\/100\n|\n|upkeep\n|turn|22\n|\n|t:|1700224916\n|move|p1a: Ogerpon|Horn Leech|p2a: Arboliva\n|-resisted|p2a: Arboliva\n|-damage|p2a: Arboliva|36\/100\n|-heal|p1a: Ogerpon|87\/100|[from] drain|[of] p2a: Arboliva\n|-damage|p1a: Ogerpon|70\/100|[from] item: Rocky Helmet|[of] p2a: Arboliva\n|-fieldstart|move: Grassy Terrain|[from] ability: Seed Sower|[of] p2a: Arboliva\n|move|p2a: Arboliva|Dazzling Gleam|p1a: Ogerpon\n|-damage|p1a: Ogerpon|44\/100\n|\n|-heal|p1a: Ogerpon|50\/100|[from] Grassy Terrain\n|-heal|p2a: Arboliva|43\/100|[from] Grassy Terrain\n|upkeep\n|turn|23\n|j| plasma_fistem\n|\n|t:|1700224937\n|move|p1a: Ogerpon|Horn Leech|p2a: Arboliva\n|-resisted|p2a: Arboliva\n|-damage|p2a: Arboliva|0 fnt\n|-heal|p1a: Ogerpon|75\/100|[from] drain|[of] p2a: Arboliva\n|-damage|p1a: Ogerpon|58\/100|[from] item: Rocky Helmet|[of] p2a: Arboliva\n|faint|p2a: Arboliva\n|\n|-heal|p1a: Ogerpon|64\/100|[from] Grassy Terrain\n|upkeep\n|l| plasma_fistem\n|\n|t:|1700224950\n|switch|p2a: Maushold|Maushold|100\/100\n|turn|24\n|c|\u2606DeathRayKPK|wait I wanna understand one thing\n|inactive|DeathRayKPK has 210 seconds left.\n|c|\u2606DeathRayKPK|why is Horn Leech a contact move\n|c|\u2606Najirs|Physical\n|c|\u2606DeathRayKPK|ik\n|c|\u2606Najirs|You touch your horn\n|c|\u2606DeathRayKPK|ah\n|c|\u2606DeathRayKPK|that's the idea\n|inactive|DeathRayKPK has 180 seconds left.\n|j| DracoShivam\n|inactive|DeathRayKPK has 150 seconds left.\n|c|\u2606DeathRayKPK|okay\n|c|\u2606DeathRayKPK|I'mma do something risky now\n|\n|t:|1700225037\n|switch|p1a: Zapdos|Zapdos|100\/100\n|move|p2a: Maushold|Population Bomb|p1a: Zapdos\n|-damage|p1a: Zapdos|91\/100\n|-status|p2a: Maushold|par|[from] ability: Static|[of] p1a: Zapdos\n|-damage|p1a: Zapdos|83\/100\n|-damage|p1a: Zapdos|74\/100\n|-damage|p1a: Zapdos|66\/100\n|-damage|p1a: Zapdos|57\/100\n|-damage|p1a: Zapdos|48\/100\n|-damage|p1a: Zapdos|39\/100\n|-crit|p1a: Zapdos\n|-damage|p1a: Zapdos|26\/100\n|-damage|p1a: Zapdos|17\/100\n|-damage|p1a: Zapdos|8\/100\n|-hitcount|p1a: Zapdos|10\n|\n|upkeep\n|turn|25\n|j| plasma_fistem\n|c|\u2606Najirs|Lmao nice\n|c|\u2606DeathRayKPK|ah good\n|c|\u2606Najirs|Sexy\n|inactive|DeathRayKPK has 120 seconds left.\n|inactive|Najirs has 270 seconds left.\n|\n|t:|1700225073\n|move|p1a: Zapdos|Hurricane|p2a: Maushold\n|-damage|p2a: Maushold|35\/100 par\n|-start|p2a: Maushold|confusion\n|-activate|p2a: Maushold|confusion\n|move|p2a: Maushold|Tidy Up|p2a: Maushold\n|-boost|p2a: Maushold|atk|1\n|-boost|p2a: Maushold|spe|1\n|\n|-heal|p2a: Maushold|41\/100 par|[from] Grassy Terrain\n|upkeep\n|turn|26\n|inactive|Najirs has 270 seconds left.\n|\n|t:|1700225087\n|-activate|p2a: Maushold|confusion\n|cant|p2a: Maushold|par\n|move|p1a: Zapdos|Volt Switch|p2a: Maushold\n|-crit|p2a: Maushold\n|-damage|p2a: Maushold|0 fnt\n|faint|p2a: Maushold\n|c| plasma_fistem|What is bro cooking\n|\n|t:|1700225097\n|switch|p1a: Ogerpon|Ogerpon-Wellspring, F|64\/100|[from] Volt Switch\n|\n|-heal|p1a: Ogerpon|70\/100|[from] Grassy Terrain\n|-fieldend|move: Grassy Terrain\n|upkeep\n|\n|t:|1700225105\n|switch|p2a: Dudunsparce|Dudunsparce-Three-Segment, F|100\/100\n|turn|27\n|l| DracoShivam\n|j| DracoShivam\n|inactive|DeathRayKPK has 90 seconds left.\n|\n|t:|1700225148\n|switch|p1a: Garganacl|Garganacl, M, tera:Dragon|100\/100\n|move|p2a: Dudunsparce|Coil|p2a: Dudunsparce\n|-boost|p2a: Dudunsparce|atk|1\n|-boost|p2a: Dudunsparce|def|1\n|-boost|p2a: Dudunsparce|accuracy|1\n|\n|upkeep\n|turn|28\n|\n|t:|1700225166\n|move|p2a: Dudunsparce|Coil|p2a: Dudunsparce\n|-boost|p2a: Dudunsparce|atk|1\n|-boost|p2a: Dudunsparce|def|1\n|-boost|p2a: Dudunsparce|accuracy|1\n|move|p1a: Garganacl|Iron Defense|p1a: Garganacl\n|-boost|p1a: Garganacl|def|2\n|\n|upkeep\n|turn|29\n|c| plasma_fistem|Stop being so greedy lmfao\n|\n|t:|1700225188\n|move|p2a: Dudunsparce|Coil|p2a: Dudunsparce\n|-boost|p2a: Dudunsparce|atk|1\n|-boost|p2a: Dudunsparce|def|1\n|-boost|p2a: Dudunsparce|accuracy|1\n|move|p1a: Garganacl|Body Press|p2a: Dudunsparce\n|-supereffective|p2a: Dudunsparce\n|-damage|p2a: Dudunsparce|64\/100\n|\n|-heal|p2a: Dudunsparce|71\/100|[from] item: Leftovers\n|upkeep\n|turn|30\n|inactive|DeathRayKPK has 60 seconds left.\n|c|\u2606Najirs|Istg if you crit I'll kms\n|\n|t:|1700225222\n|switch|p1a: Clefable-Hisui|Clefable, M, shiny|99\/100\n|move|p2a: Dudunsparce|Coil|p2a: Dudunsparce\n|-boost|p2a: Dudunsparce|atk|1\n|-boost|p2a: Dudunsparce|def|1\n|-boost|p2a: Dudunsparce|accuracy|1\n|\n|-heal|p1a: Clefable-Hisui|100\/100|[from] item: Leftovers\n|-heal|p2a: Dudunsparce|77\/100|[from] item: Leftovers\n|upkeep\n|turn|31\n|c| plasma_fistem|Brother\n|c| DracoShivam|Wait why did he switch\n|c|\u2606Najirs|Unaware\n|inactive|DeathRayKPK has 30 seconds left.\n|\n|t:|1700225252\n|move|p1a: Clefable-Hisui|Protect|p1a: Clefable-Hisui\n|-singleturn|p1a: Clefable-Hisui|Protect\n|move|p2a: Dudunsparce|Rock Slide|p1a: Clefable-Hisui\n|-activate|p1a: Clefable-Hisui|move: Protect\n|\n|-heal|p2a: Dudunsparce|83\/100|[from] item: Leftovers\n|upkeep\n|turn|32\n|\n|t:|1700225261\n|move|p1a: Clefable-Hisui|Calm Mind|p1a: Clefable-Hisui\n|-boost|p1a: Clefable-Hisui|spa|1\n|-boost|p1a: Clefable-Hisui|spd|1\n|move|p2a: Dudunsparce|Rock Slide|p1a: Clefable-Hisui\n|-damage|p1a: Clefable-Hisui|88\/100\n|\n|-heal|p1a: Clefable-Hisui|94\/100|[from] item: Leftovers\n|-heal|p2a: Dudunsparce|89\/100|[from] item: Leftovers\n|upkeep\n|turn|33\n|c| plasma_fistem|Lmfao wha\n|c| DracoShivam|....\n|c| plasma_fistem|....\n|inactive|DeathRayKPK has 30 seconds left.\n|\n|t:|1700225277\n|move|p1a: Clefable-Hisui|Moonblast|p2a: Dudunsparce\n|-damage|p2a: Dudunsparce|60\/100\n|move|p2a: Dudunsparce|Glare|p1a: Clefable-Hisui\n|-status|p1a: Clefable-Hisui|par\n|\n|-heal|p2a: Dudunsparce|66\/100|[from] item: Leftovers\n|-heal|p1a: Clefable-Hisui|99\/100 par|[from] item: Leftovers\n|upkeep\n|turn|34\n|c| DracoShivam|Atleast he could've salt cured and gone\n|c|\u2606Najirs|Hoo boy\n|c|\u2606Najirs|Here we go\n|\n|t:|1700225295\n|move|p2a: Dudunsparce|Rock Slide|p1a: Clefable-Hisui\n|-damage|p1a: Clefable-Hisui|87\/100 par\n|cant|p1a: Clefable-Hisui|flinch\n|\n|-heal|p2a: Dudunsparce|72\/100|[from] item: Leftovers\n|-heal|p1a: Clefable-Hisui|93\/100 par|[from] item: Leftovers\n|upkeep\n|turn|35\n|c| plasma_fistem|1\n|\n|t:|1700225304\n|move|p2a: Dudunsparce|Rock Slide|p1a: Clefable-Hisui\n|-damage|p1a: Clefable-Hisui|80\/100 par\n|move|p1a: Clefable-Hisui|Calm Mind|p1a: Clefable-Hisui\n|-boost|p1a: Clefable-Hisui|spa|1\n|-boost|p1a: Clefable-Hisui|spd|1\n|\n|-heal|p2a: Dudunsparce|78\/100|[from] item: Leftovers\n|-heal|p1a: Clefable-Hisui|87\/100 par|[from] item: Leftovers\n|upkeep\n|turn|36\n|c| plasma_fistem|0\n|\n|t:|1700225320\n|move|p2a: Dudunsparce|Rock Slide|p1a: Clefable-Hisui|[miss]\n|-miss|p2a: Dudunsparce|p1a: Clefable-Hisui\n|move|p1a: Clefable-Hisui|Calm Mind|p1a: Clefable-Hisui\n|-boost|p1a: Clefable-Hisui|spa|1\n|-boost|p1a: Clefable-Hisui|spd|1\n|\n|-heal|p2a: Dudunsparce|84\/100|[from] item: Leftovers\n|-heal|p1a: Clefable-Hisui|93\/100 par|[from] item: Leftovers\n|upkeep\n|turn|37\n|c| plasma_fistem|0\n|\n|t:|1700225333\n|cant|p1a: Clefable-Hisui|par\n|move|p2a: Dudunsparce|Rock Slide|p1a: Clefable-Hisui\n|-damage|p1a: Clefable-Hisui|79\/100 par\n|\n|-heal|p2a: Dudunsparce|91\/100|[from] item: Leftovers\n|-heal|p1a: Clefable-Hisui|85\/100 par|[from] item: Leftovers\n|upkeep\n|turn|38\n|c| plasma_fistem|0\n|\n|t:|1700225344\n|move|p2a: Dudunsparce|Coil|p2a: Dudunsparce\n|-boost|p2a: Dudunsparce|atk|1\n|-boost|p2a: Dudunsparce|def|1\n|-boost|p2a: Dudunsparce|accuracy|1\n|cant|p1a: Clefable-Hisui|par\n|\n|-heal|p2a: Dudunsparce|97\/100|[from] item: Leftovers\n|-heal|p1a: Clefable-Hisui|91\/100 par|[from] item: Leftovers\n|upkeep\n|turn|39\n|\n|t:|1700225354\n|move|p2a: Dudunsparce|Coil|p2a: Dudunsparce\n|-boost|p2a: Dudunsparce|atk|1\n|-boost|p2a: Dudunsparce|def|1\n|-boost|p2a: Dudunsparce|accuracy|1\n|move|p1a: Clefable-Hisui|Moonblast|p2a: Dudunsparce\n|-damage|p2a: Dudunsparce|42\/100\n|\n|-heal|p2a: Dudunsparce|48\/100|[from] item: Leftovers\n|-heal|p1a: Clefable-Hisui|97\/100 par|[from] item: Leftovers\n|upkeep\n|turn|40\n|\n|t:|1700225364\n|move|p2a: Dudunsparce|Roost|p2a: Dudunsparce\n|-heal|p2a: Dudunsparce|98\/100\n|-singleturn|p2a: Dudunsparce|move: Roost\n|cant|p1a: Clefable-Hisui|par\n|\n|-heal|p2a: Dudunsparce|100\/100|[from] item: Leftovers\n|-heal|p1a: Clefable-Hisui|100\/100 par|[from] item: Leftovers\n|upkeep\n|turn|41\n|c| plasma_fistem|Brother crit doesnt ignore abilities\n|inactive|DeathRayKPK has 30 seconds left.\n|c|\u2606DeathRayKPK|dudunsparce learns roost uh nice\n|\n|t:|1700225389\n|move|p2a: Dudunsparce|Rock Slide|p1a: Clefable-Hisui\n|-damage|p1a: Clefable-Hisui|88\/100 par\n|cant|p1a: Clefable-Hisui|flinch\n|\n|-heal|p1a: Clefable-Hisui|94\/100 par|[from] item: Leftovers\n|upkeep\n|turn|42\n|c|\u2606Najirs|Very nice\n|c| plasma_fistem|1\n|c|\u2606Najirs|We gonna be here a while\n|\n|t:|1700225399\n|move|p2a: Dudunsparce|Rock Slide|p1a: Clefable-Hisui\n|-damage|p1a: Clefable-Hisui|81\/100 par\n|cant|p1a: Clefable-Hisui|flinch\n|\n|-heal|p1a: Clefable-Hisui|87\/100 par|[from] item: Leftovers\n|upkeep\n|turn|43\n|c| plasma_fistem|2\n|\n|t:|1700225408\n|move|p2a: Dudunsparce|Rock Slide|p1a: Clefable-Hisui\n|-damage|p1a: Clefable-Hisui|75\/100 par\n|cant|p1a: Clefable-Hisui|flinch\n|\n|-heal|p1a: Clefable-Hisui|81\/100 par|[from] item: Leftovers\n|upkeep\n|turn|44\n|c| plasma_fistem|3\n|\n|t:|1700225416\n|move|p2a: Dudunsparce|Rock Slide|p1a: Clefable-Hisui\n|-damage|p1a: Clefable-Hisui|67\/100 par\n|move|p1a: Clefable-Hisui|Calm Mind|p1a: Clefable-Hisui\n|-boost|p1a: Clefable-Hisui|spa|1\n|-boost|p1a: Clefable-Hisui|spd|1\n|\n|-heal|p1a: Clefable-Hisui|73\/100 par|[from] item: Leftovers\n|upkeep\n|turn|45\n|c| plasma_fistem|0\n|c| DracoShivam|You physically do not have enough rock slides to kill\n|\n|t:|1700225429\n|cant|p1a: Clefable-Hisui|par\n|move|p2a: Dudunsparce|Rock Slide|p1a: Clefable-Hisui\n|-damage|p1a: Clefable-Hisui|60\/100 par\n|\n|-heal|p1a: Clefable-Hisui|66\/100 par|[from] item: Leftovers\n|upkeep\n|turn|46\n|c| plasma_fistem|Exactly\n|c|\u2606Najirs|True\n|c| DracoShivam|Even if every hit flinched\n|\n|t:|1700225437\n|move|p1a: Clefable-Hisui|Protect|p1a: Clefable-Hisui\n|-singleturn|p1a: Clefable-Hisui|Protect\n|move|p2a: Dudunsparce|Rock Slide|p1a: Clefable-Hisui\n|-activate|p1a: Clefable-Hisui|move: Protect\n|\n|-heal|p1a: Clefable-Hisui|72\/100 par|[from] item: Leftovers\n|upkeep\n|turn|47\n|\n|t:|1700225447\n|move|p2a: Dudunsparce|Rock Slide|p1a: Clefable-Hisui|[miss]\n|-miss|p2a: Dudunsparce|p1a: Clefable-Hisui\n|move|p1a: Clefable-Hisui|Moonblast|p2a: Dudunsparce\n|-damage|p2a: Dudunsparce|37\/100\n|\n|-heal|p2a: Dudunsparce|43\/100|[from] item: Leftovers\n|-heal|p1a: Clefable-Hisui|78\/100 par|[from] item: Leftovers\n|upkeep\n|turn|48\n|inactive|DeathRayKPK has 60 seconds left.\n|\n|t:|1700225458\n|move|p2a: Dudunsparce|Roost|p2a: Dudunsparce\n|-heal|p2a: Dudunsparce|93\/100\n|-singleturn|p2a: Dudunsparce|move: Roost\n|cant|p1a: Clefable-Hisui|par\n|\n|-heal|p2a: Dudunsparce|99\/100|[from] item: Leftovers\n|-heal|p1a: Clefable-Hisui|84\/100 par|[from] item: Leftovers\n|upkeep\n|turn|49\n|inactive|DeathRayKPK has 60 seconds left.\n|\n|t:|1700225469\n|switch|p2a: Ditto|Ditto, tera:Poison|49\/100\n|-transform|p2a: Ditto|p1a: Clefable-Hisui|[from] ability: Imposter\n|move|p1a: Clefable-Hisui|Calm Mind|p1a: Clefable-Hisui\n|-boost|p1a: Clefable-Hisui|spa|1\n|-boost|p1a: Clefable-Hisui|spd|1\n|\n|-heal|p1a: Clefable-Hisui|90\/100 par|[from] item: Leftovers\n|upkeep\n|turn|50\n|inactive|DeathRayKPK has 60 seconds left.\n|\n|t:|1700225486\n|move|p2a: Ditto|Moonblast|p1a: Clefable-Hisui\n|-damage|p1a: Clefable-Hisui|63\/100 par\n|move|p1a: Clefable-Hisui|Moonblast|p2a: Ditto\n|-resisted|p2a: Ditto\n|-damage|p2a: Ditto|31\/100\n|\n|-heal|p1a: Clefable-Hisui|69\/100 par|[from] item: Leftovers\n|upkeep\n|turn|51\n|inactive|DeathRayKPK has 60 seconds left.\n|\n|t:|1700225497\n|move|p2a: Ditto|Moonblast|p1a: Clefable-Hisui\n|-damage|p1a: Clefable-Hisui|39\/100 par\n|cant|p1a: Clefable-Hisui|par\n|\n|-heal|p1a: Clefable-Hisui|45\/100 par|[from] item: Leftovers\n|upkeep\n|turn|52\n|inactive|DeathRayKPK has 60 seconds left.\n|\n|t:|1700225505\n|move|p2a: Ditto|Moonblast|p1a: Clefable-Hisui\n|-damage|p1a: Clefable-Hisui|15\/100 par\n|cant|p1a: Clefable-Hisui|par\n|\n|-heal|p1a: Clefable-Hisui|22\/100 par|[from] item: Leftovers\n|upkeep\n|turn|53\n|c| plasma_fistem|Ono\n|\n|t:|1700225513\n|move|p1a: Clefable-Hisui|Protect|p1a: Clefable-Hisui\n|-singleturn|p1a: Clefable-Hisui|Protect\n|move|p2a: Ditto|Moonblast|p1a: Clefable-Hisui\n|-activate|p1a: Clefable-Hisui|move: Protect\n|\n|-heal|p1a: Clefable-Hisui|28\/100 par|[from] item: Leftovers\n|upkeep\n|turn|54\n|c| DracoShivam|Wow\n|c| plasma_fistem|This is sad\n|inactive|DeathRayKPK has 60 seconds left.\n|c| plasma_fistem|Not joever tho\n|\n|t:|1700225535\n|move|p2a: Ditto|Moonblast|p1a: Clefable-Hisui\n|-damage|p1a: Clefable-Hisui|0 fnt\n|faint|p1a: Clefable-Hisui\n|\n|upkeep\n|c| DracoShivam|Yea\n|c| plasma_fistem|Oof\n|c|\u2606Najirs|Tragic\n|inactive|DeathRayKPK has 30 seconds left.\n|\n|t:|1700225568\n|switch|p1a: Ogerpon|Ogerpon-Wellspring, F|70\/100\n|turn|55\n|\n|t:|1700225578\n|switch|p2a: Dudunsparce|Dudunsparce-Three-Segment, F|99\/100\n|move|p1a: Ogerpon|Ivy Cudgel|p2a: Dudunsparce|[anim] Ivy Cudgel Water\n|-crit|p2a: Dudunsparce\n|-damage|p2a: Dudunsparce|16\/100\n|\n|-heal|p2a: Dudunsparce|22\/100|[from] item: Leftovers\n|upkeep\n|turn|56\n|c|\u2606Najirs|Oof\n|\n|t:|1700225590\n|move|p1a: Ogerpon|Ivy Cudgel|p2a: Dudunsparce|[anim] Ivy Cudgel Water\n|-damage|p2a: Dudunsparce|0 fnt\n|faint|p2a: Dudunsparce\n|\n|upkeep\n|c|\u2606DeathRayKPK|goodbye\n|c| plasma_fistem|Owo\n|\n|t:|1700225603\n|switch|p2a: Chansey|Chansey, F|25\/100\n|turn|57\n|c|\u2606Najirs|Gg\n|\n|t:|1700225616\n|move|p1a: Ogerpon|Trailblaze|p2a: Chansey\n|-damage|p2a: Chansey|4\/100\n|-boost|p1a: Ogerpon|spe|1\n|move|p2a: Chansey|Toxic|p1a: Ogerpon|[miss]\n|-miss|p2a: Chansey|p1a: Ogerpon\n|\n|upkeep\n|turn|58\n|c|\u2606Najirs|Wow lol\n|\n|t:|1700225631\n|move|p1a: Ogerpon|Ivy Cudgel|p2a: Chansey|[anim] Ivy Cudgel Water\n|-damage|p2a: Chansey|0 fnt\n|faint|p2a: Chansey\n|\n|upkeep\n|\n|t:|1700225636\n|switch|p2a: Ditto|Ditto|57\/100\n|-start|p2a: Ditto|typechange|Poison|[silent]\n|turn|59\n|\n|t:|1700225642\n|move|p1a: Ogerpon|Ivy Cudgel|p2a: Ditto|[anim] Ivy Cudgel Water\n|-damage|p2a: Ditto|0 fnt\n|replace|p2a: Zoroark|Zoroark-Hisui, M\n|-end|p2a: Zoroark|Illusion\n|faint|p2a: Zoroark\n|\n|upkeep\n|\n|t:|1700225650\n|switch|p2a: Ditto|Ditto, tera:Poison|31\/100\n|turn|60\n|c|\u2606DeathRayKPK|wait why didn't it transform\n|c| plasma_fistem|Why cant ditto transform here\n|c|\u2606Najirs|Oh yeah\n|c|\u2606Najirs|Ogerpon\n|c|\u2606Najirs|It's a bug\n|c|\u2606Najirs|Ditto can't transform into ogerpon\n|c|\u2606DeathRayKPK|so is it ogerpon now or what?\n|c|\u2606Najirs|Only ogerpon\n|inactive|DeathRayKPK has 60 seconds left.\n|inactive|Najirs has 270 seconds left.\n|c|\u2606Najirs|Not ogerpon\n|c|\u2606DeathRayKPK|like I'm about to click ivy cudgel\n|c|\u2606DeathRayKPK|but will it 4x resist that\n|\n|t:|1700225692\n|move|p1a: Ogerpon|Ivy Cudgel|p2a: Ditto|[anim] Ivy Cudgel Water\n|-damage|p2a: Ditto|0 fnt\n|faint|p2a: Ditto\n|\n|win|DeathRayKPK\n|c|\u2606DeathRayKPK|oh okay lol\n|c|\u2606DeathRayKPK|gg\n|c|\u2606Najirs|Gg\n","uploadtime":1700225705,"views":16,"p1id":"deathraykpk","p2id":"najirs","formatid":"gen9nationaldex","rating":0,"private":0,"password":""}