{"id":"gen9nationaldex-1990106711","p1":"ALostSoul123","p2":"Ju143","format":"[Gen 9] National Dex","log":"|j|\u2606ALostSoul123\n|j|\u2606Ju143\n|t:|1699925232\n|gametype|singles\n|player|p1|ALostSoul123|iris-gen5bw2|1171\n|player|p2|Ju143|palmer|1167\n|teamsize|p1|6\n|teamsize|p2|6\n|gen|9\n|tier|[Gen 9] National Dex\n|rated|\n|rule|HP Percentage Mod: HP is shown in percentages\n|rule|Endless Battle Clause: Forcing endless battles is banned\n|rule|OHKO Clause: OHKO moves are banned\n|rule|Evasion Clause: Evasion abilities, items, and moves are banned\n|rule|Evasion Abilities Clause: Evasion abilities are banned\n|rule|Evasion Items Clause: Evasion items are banned\n|rule|Evasion Moves Clause: Evasion moves are banned\n|rule|Species Clause: Limit one of each Pok\u00e9mon\n|rule|Sleep Clause Mod: Limit one foe put to sleep\n|clearpoke\n|poke|p1|Azumarill, F|\n|poke|p1|Greninja-*, M|\n|poke|p1|Jolteon, M|\n|poke|p1|Urshifu-*, M|\n|poke|p1|Talonflame, M|\n|poke|p1|Weavile, M|\n|poke|p2|Thundurus, M|\n|poke|p2|Ting-Lu|\n|poke|p2|Houndoom, M|\n|poke|p2|Deoxys-Defense|\n|poke|p2|Golurk|\n|poke|p2|Klinklang|\n|teampreview\n|j| Failingfiat\n|inactive|Battle timer is ON: inactive players will automatically lose when time's up. (requested by Ju143)\n|\n|t:|1699925239\n|start\n|switch|p1a: Jolteon|Jolteon, M|100\/100\n|switch|p2a: Klinklang|Klinklang|100\/100\n|turn|1\n|\n|t:|1699925244\n|move|p1a: Jolteon|Calm Mind|p1a: Jolteon\n|-boost|p1a: Jolteon|spa|1\n|-boost|p1a: Jolteon|spd|1\n|move|p2a: Klinklang|Shift Gear|p2a: Klinklang\n|-boost|p2a: Klinklang|spe|2\n|-boost|p2a: Klinklang|atk|1\n|\n|upkeep\n|turn|2\n|\n|t:|1699925256\n|-zpower|p2a: Klinklang\n|move|p2a: Klinklang|Corkscrew Crash|p1a: Jolteon|[zeffect]\n|-resisted|p1a: Jolteon\n|-enditem|p1a: Jolteon|Focus Sash\n|-damage|p1a: Jolteon|1\/100\n|move|p1a: Jolteon|Thunderbolt|p2a: Klinklang\n|-damage|p2a: Klinklang|14\/100\n|\n|upkeep\n|turn|3\n|\n|t:|1699925267\n|move|p2a: Klinklang|Gear Grind|p1a: Jolteon\n|-resisted|p1a: Jolteon\n|-damage|p1a: Jolteon|0 fnt\n|faint|p1a: Jolteon\n|-hitcount|p1: Jolteon|1\n|\n|upkeep\n|\n|t:|1699925271\n|switch|p1a: Greninja|Greninja, M|100\/100\n|turn|4\n|\n|t:|1699925287\n|switch|p2a: Deoxys|Deoxys-Defense|100\/100\n|-ability|p2a: Deoxys|Pressure\n|move|p1a: Greninja|Water Shuriken|p2a: Deoxys\n|-damage|p2a: Deoxys|96\/100\n|-damage|p2a: Deoxys|92\/100\n|-crit|p2a: Deoxys\n|-damage|p2a: Deoxys|86\/100\n|-damage|p2a: Deoxys|81\/100\n|-damage|p2a: Deoxys|77\/100\n|-hitcount|p2a: Deoxys|5\n|\n|upkeep\n|turn|5\n|\n|t:|1699925293\n|move|p1a: Greninja|Dark Pulse|p2a: Deoxys\n|-supereffective|p2a: Deoxys\n|-crit|p2a: Deoxys\n|-damage|p2a: Deoxys|18\/100\n|cant|p2a: Deoxys|flinch\n|\n|upkeep\n|turn|6\n|\n|t:|1699925299\n|switch|p2a: Thundurus|Thundurus, M|100\/100\n|move|p1a: Greninja|Dark Pulse|p2a: Thundurus\n|-damage|p2a: Thundurus|55\/100\n|\n|-heal|p2a: Thundurus|61\/100|[from] item: Leftovers\n|upkeep\n|turn|7\n|\n|t:|1699925305\n|move|p1a: Greninja|Ice Beam|p2a: Thundurus\n|-supereffective|p2a: Thundurus\n|-damage|p2a: Thundurus|0 fnt\n|faint|p2a: Thundurus\n|-ability|p1a: Greninja|Battle Bond|boost\n|-boost|p1a: Greninja|atk|1\n|-boost|p1a: Greninja|spa|1\n|-boost|p1a: Greninja|spe|1\n|-activate|p1a: Greninja|ability: Battle Bond\n|\n|upkeep\n|\n|t:|1699925315\n|switch|p2a: Golurk|Golurk|100\/100\n|turn|8\n|\n|t:|1699925321\n|-terastallize|p1a: Greninja|Water\n|move|p1a: Greninja|Water Shuriken|p2a: Golurk\n|-supereffective|p2a: Golurk\n|-damage|p2a: Golurk|84\/100\n|-supereffective|p2a: Golurk\n|-damage|p2a: Golurk|65\/100\n|-supereffective|p2a: Golurk\n|-damage|p2a: Golurk|47\/100\n|-supereffective|p2a: Golurk\n|-damage|p2a: Golurk|29\/100\n|-supereffective|p2a: Golurk\n|-damage|p2a: Golurk|11\/100\n|-hitcount|p2a: Golurk|5\n|move|p2a: Golurk|Dynamic Punch|p1a: Greninja\n|-damage|p1a: Greninja|46\/100\n|-start|p1a: Greninja|confusion\n|\n|upkeep\n|turn|9\n|\n|t:|1699925331\n|-activate|p1a: Greninja|confusion\n|move|p1a: Greninja|Water Shuriken|p2a: Golurk\n|-supereffective|p2a: Golurk\n|-damage|p2a: Golurk|0 fnt\n|faint|p2a: Golurk\n|-hitcount|p2: Golurk|1\n|\n|upkeep\n|\n|t:|1699925340\n|switch|p2a: Ting-Lu|Ting-Lu|100\/100\n|-ability|p2a: Ting-Lu|Vessel of Ruin\n|turn|10\n|\n|t:|1699925349\n|-activate|p1a: Greninja|confusion\n|move|p1a: Greninja|Brick Break|p2a: Ting-Lu\n|-supereffective|p2a: Ting-Lu\n|-damage|p2a: Ting-Lu|72\/100\n|move|p2a: Ting-Lu|Throat Chop|p1a: Greninja\n|-damage|p1a: Greninja|0 fnt\n|faint|p1a: Greninja\n|\n|upkeep\n|\n|t:|1699925355\n|switch|p1a: Weavile|Weavile, M|100\/100\n|-ability|p1a: Weavile|Pressure\n|turn|11\n|\n|t:|1699925387\n|move|p1a: Weavile|Hone Claws|p1a: Weavile\n|-boost|p1a: Weavile|atk|1\n|-boost|p1a: Weavile|accuracy|1\n|move|p2a: Ting-Lu|Heavy Slam|p1a: Weavile\n|-supereffective|p1a: Weavile\n|-damage|p1a: Weavile|0 fnt\n|faint|p1a: Weavile\n|\n|upkeep\n|\n|t:|1699925392\n|switch|p1a: Azumarill|Azumarill, F|100\/100\n|turn|12\n|\n|t:|1699925396\n|move|p1a: Azumarill|Belly Drum|p1a: Azumarill\n|-damage|p1a: Azumarill|50\/100\n|-setboost|p1a: Azumarill|atk|6|[from] move: Belly Drum\n|-enditem|p1a: Azumarill|Sitrus Berry|[eat]\n|-heal|p1a: Azumarill|75\/100|[from] item: Sitrus Berry\n|move|p2a: Ting-Lu|Heavy Slam|p1a: Azumarill\n|-damage|p1a: Azumarill|34\/100\n|\n|upkeep\n|turn|13\n|\n|t:|1699925406\n|move|p1a: Azumarill|Aqua Jet|p2a: Ting-Lu\n|-supereffective|p2a: Ting-Lu\n|-damage|p2a: Ting-Lu|0 fnt\n|faint|p2a: Ting-Lu\n|\n|upkeep\n|\n|t:|1699925414\n|switch|p2a: Deoxys|Deoxys-Defense|18\/100\n|-ability|p2a: Deoxys|Pressure\n|turn|14\n|\n|t:|1699925417\n|-terastallize|p2a: Deoxys|Normal\n|move|p2a: Deoxys|Extreme Speed|p1a: Azumarill\n|-damage|p1a: Azumarill|5\/100\n|move|p1a: Azumarill|Aqua Jet|p2a: Deoxys\n|-damage|p2a: Deoxys|0 fnt\n|faint|p2a: Deoxys\n|\n|upkeep\n|\n|t:|1699925422\n|switch|p2a: Houndoom|Houndoom, M|100\/100\n|turn|15\n|\n|t:|1699925430\n|detailschange|p2a: Houndoom|Houndoom-Mega, M\n|-mega|p2a: Houndoom|Houndoom|Houndoominite\n|move|p1a: Azumarill|Aqua Jet|p2a: Houndoom\n|-supereffective|p2a: Houndoom\n|-damage|p2a: Houndoom|0 fnt\n|faint|p2a: Houndoom\n|\n|upkeep\n|\n|t:|1699925432\n|switch|p2a: Klinklang|Klinklang|14\/100\n|turn|16\n|\n|t:|1699925435\n|move|p1a: Azumarill|Aqua Jet|p2a: Klinklang\n|-damage|p2a: Klinklang|0 fnt\n|faint|p2a: Klinklang\n|\n|win|ALostSoul123\n|raw|ALostSoul123's rating: 1171 &rarr; <strong>1196<\/strong><br \/>(+25 for winning)\n|raw|Ju143's rating: 1167 &rarr; <strong>1142<\/strong><br \/>(-25 for losing)\n|l|\u2606Ju143\n","uploadtime":1699925442,"views":11,"p1id":"alostsoul123","p2id":"ju143","formatid":"gen9nationaldex","rating":1142,"private":0,"password":""}