{"id":"gen9nationaldex-1993501993","p1":"rarre","p2":"Kinzo Ketchum","format":"[Gen 9] National Dex","log":"|j|\u2606rarre\n|j|\u2606Kinzo Ketchum\n|t:|1700325436\n|gametype|singles\n|player|p1|rarre|anthea|\n|player|p2|Kinzo Ketchum|hiker-gen4|\n|teamsize|p1|6\n|teamsize|p2|6\n|gen|9\n|tier|[Gen 9] National Dex\n|rule|HP Percentage Mod: HP is shown in percentages\n|rule|Endless Battle Clause: Forcing endless battles is banned\n|rule|OHKO Clause: OHKO moves are banned\n|rule|Evasion Clause: Evasion abilities, items, and moves are banned\n|rule|Evasion Abilities Clause: Evasion abilities are banned\n|rule|Evasion Items Clause: Evasion items are banned\n|rule|Evasion Moves Clause: Evasion moves are banned\n|rule|Species Clause: Limit one of each Pok\u00e9mon\n|rule|Sleep Clause Mod: Limit one foe put to sleep\n|clearpoke\n|poke|p1|Diglett, L5, F|\n|poke|p1|Vulpix-Alola, L5, F|\n|poke|p1|Clamperl, L5, M|\n|poke|p1|Zigzagoon, L5, F|\n|poke|p1|Spritzee, L5, M|\n|poke|p1|Vullaby, L5, F|\n|poke|p2|Mienfoo, L5, M|\n|poke|p2|Abra, L5, M|\n|poke|p2|Snubbull, L5, M|\n|poke|p2|Pawniard, L5, F|\n|poke|p2|Koffing, L5, F|\n|poke|p2|Onix, L5, M|\n|teampreview\n|inactive|Battle timer is ON: inactive players will automatically lose when time's up. (requested by rarre)\n|inactive|Kinzo Ketchum also wants the timer to be on.\n|\n|t:|1700325447\n|start\n|switch|p1a: Diglett|Diglett, L5, F|100\/100\n|switch|p2a: Pawniard|Pawniard, L5, F|100\/100\n|turn|1\n|c|\u2606Kinzo Ketchum|F\n|c|\u2606Kinzo Ketchum|Hf\n|c|\u2606Kinzo Ketchum|*\n|\n|t:|1700325467\n|move|p2a: Pawniard|Knock Off|p1a: Diglett\n|-enditem|p1a: Diglett|Focus Sash\n|-damage|p1a: Diglett|6\/100\n|move|p1a: Diglett|Stealth Rock|p2a: Pawniard\n|-sidestart|p2: Kinzo Ketchum|move: Stealth Rock\n|\n|upkeep\n|turn|2\n|\n|t:|1700325470\n|move|p2a: Pawniard|Knock Off|p1a: Diglett\n|-crit|p1a: Diglett\n|-damage|p1a: Diglett|0 fnt\n|faint|p1a: Diglett\n|\n|upkeep\n|\n|t:|1700325473\n|switch|p1a: Vullaby|Vullaby, L5, F|100\/100\n|turn|3\n|\n|t:|1700325477\n|switch|p2a: Snubbull|Snubbull, L5, M|100\/100\n|-damage|p2a: Snubbull|92\/100|[from] Stealth Rock\n|-ability|p2a: Snubbull|Intimidate|boost\n|-unboost|p1a: Vullaby|atk|1\n|move|p1a: Vullaby|Nasty Plot|p1a: Vullaby\n|-boost|p1a: Vullaby|spa|2\n|\n|upkeep\n|turn|4\n|\n|t:|1700325502\n|move|p1a: Vullaby|Air Slash|p2a: Snubbull\n|-damage|p2a: Snubbull|0 fnt\n|faint|p2a: Snubbull\n|\n|upkeep\n|\n|t:|1700325515\n|switch|p2a: Abra|Abra, L5, M|100\/100\n|turn|5\n|\n|t:|1700325521\n|move|p2a: Abra|Dazzling Gleam|p1a: Vullaby\n|-supereffective|p1a: Vullaby\n|-damage|p1a: Vullaby|22\/100\n|-enditem|p1a: Vullaby|Berry Juice\n|-heal|p1a: Vullaby|100\/100|[from] item: Berry Juice\n|move|p1a: Vullaby|Dark Pulse|p2a: Abra\n|-supereffective|p2a: Abra\n|-enditem|p2a: Abra|Focus Sash\n|-damage|p2a: Abra|6\/100\n|\n|upkeep\n|turn|6\n|\n|t:|1700325530\n|-terastallize|p2a: Abra|Fairy\n|move|p2a: Abra|Dazzling Gleam|p1a: Vullaby\n|-supereffective|p1a: Vullaby\n|-damage|p1a: Vullaby|0 fnt\n|faint|p1a: Vullaby\n|\n|upkeep\n|\n|t:|1700325537\n|switch|p1a: Spritzee|Spritzee, L5, M|100\/100\n|turn|7\n|\n|t:|1700325548\n|switch|p2a: Koffing|Koffing, L5, F|100\/100\n|-ability|p2a: Koffing|Neutralizing Gas\n|-damage|p2a: Koffing|90\/100|[from] Stealth Rock\n|move|p1a: Spritzee|Nasty Plot|p1a: Spritzee\n|-boost|p1a: Spritzee|spa|2\n|\n|upkeep\n|turn|8\n|\n|t:|1700325574\n|move|p2a: Koffing|Sludge Bomb|p1a: Spritzee\n|-supereffective|p1a: Spritzee\n|-damage|p1a: Spritzee|4\/100\n|-enditem|p1a: Spritzee|Berry Juice\n|-heal|p1a: Spritzee|84\/100|[from] item: Berry Juice\n|move|p1a: Spritzee|Trick Room|p1a: Spritzee\n|-fieldstart|move: Trick Room|[of] p1a: Spritzee\n|\n|upkeep\n|turn|9\n|\n|t:|1700325593\n|move|p1a: Spritzee|Psychic|p2a: Koffing\n|-supereffective|p2a: Koffing\n|-crit|p2a: Koffing\n|-damage|p2a: Koffing|0 fnt\n|faint|p2a: Koffing\n|-end|p2a: Koffing|ability: Neutralizing Gas\n|\n|upkeep\n|\n|t:|1700325598\n|switch|p2a: Pawniard|Pawniard, L5, F|100\/100\n|-damage|p2a: Pawniard|96\/100|[from] Stealth Rock\n|turn|10\n|\n|t:|1700325618\n|move|p1a: Spritzee|Moonblast|p2a: Pawniard\n|-damage|p2a: Pawniard|0 fnt\n|faint|p2a: Pawniard\n|\n|upkeep\n|\n|t:|1700325624\n|switch|p2a: Abra|Abra, L5, M, tera:Fairy|6\/100\n|turn|11\n|\n|t:|1700325626\n|move|p2a: Abra|Protect|p2a: Abra\n|-singleturn|p2a: Abra|Protect\n|move|p1a: Spritzee|Moonblast|p2a: Abra\n|-activate|p2a: Abra|move: Protect\n|\n|upkeep\n|turn|12\n|\n|t:|1700325629\n|move|p1a: Spritzee|Moonblast|p2a: Abra\n|-damage|p2a: Abra|0 fnt\n|faint|p2a: Abra\n|\n|-fieldend|move: Trick Room\n|upkeep\n|\n|t:|1700325644\n|switch|p2a: Mienfoo|Mienfoo, L5, M|100\/100\n|-damage|p2a: Mienfoo|96\/100|[from] Stealth Rock\n|turn|13\n|\n|t:|1700325654\n|move|p2a: Mienfoo|Fake Out|p1a: Spritzee\n|-damage|p1a: Spritzee|68\/100\n|cant|p1a: Spritzee|flinch\n|\n|upkeep\n|turn|14\n|\n|t:|1700325657\n|-zpower|p2a: Mienfoo\n|move|p2a: Mienfoo|Supersonic Skystrike|p1a: Spritzee|[zeffect]\n|-damage|p1a: Spritzee|4\/100\n|move|p1a: Spritzee|Trick Room|p1a: Spritzee\n|-fieldstart|move: Trick Room|[of] p1a: Spritzee\n|\n|upkeep\n|turn|15\n|\n|t:|1700325670\n|switch|p2a: Onix|Onix, L5, M|100\/100\n|-damage|p2a: Onix|96\/100|[from] Stealth Rock\n|move|p1a: Spritzee|Moonblast|p2a: Onix\n|-damage|p2a: Onix|0 fnt\n|faint|p2a: Onix\n|\n|upkeep\n|\n|t:|1700325675\n|switch|p2a: Mienfoo|Mienfoo, L5, M|100\/100\n|-damage|p2a: Mienfoo|96\/100|[from] Stealth Rock\n|turn|16\n|\n|t:|1700325686\n|move|p2a: Mienfoo|Fake Out|p1a: Spritzee\n|-damage|p1a: Spritzee|0 fnt\n|faint|p1a: Spritzee\n|\n|upkeep\n|\n|t:|1700325687\n|switch|p1a: Clamperl|Clamperl, L5, M|100\/100\n|turn|17\n|\n|t:|1700325694\n|-terastallize|p1a: Clamperl|Water\n|move|p1a: Clamperl|Surf|p2a: Mienfoo\n|-damage|p2a: Mienfoo|0 fnt\n|faint|p2a: Mienfoo\n|\n|win|rarre\n|c|\u2606Kinzo Ketchum|Gg\n","uploadtime":1700325701,"views":24,"p1id":"rarre","p2id":"kinzoketchum","formatid":"gen9nationaldex","rating":0,"private":0,"password":""}