{"id":"gen9nationaldex-1993990751","p1":"Thehonored1","p2":"are you jesus?","format":"[Gen 9] National Dex","log":"|j|\u2606Thehonored1\n|j|\u2606are you jesus?\n|t:|1700389424\n|gametype|singles\n|player|p1|Thehonored1|102|1058\n|player|p2|are you jesus?|170|1132\n|teamsize|p1|6\n|teamsize|p2|6\n|gen|9\n|tier|[Gen 9] National Dex\n|rated|\n|rule|HP Percentage Mod: HP is shown in percentages\n|rule|Endless Battle Clause: Forcing endless battles is banned\n|rule|OHKO Clause: OHKO moves are banned\n|rule|Evasion Clause: Evasion abilities, items, and moves are banned\n|rule|Evasion Abilities Clause: Evasion abilities are banned\n|rule|Evasion Items Clause: Evasion items are banned\n|rule|Evasion Moves Clause: Evasion moves are banned\n|rule|Species Clause: Limit one of each Pok\u00e9mon\n|rule|Sleep Clause Mod: Limit one foe put to sleep\n|clearpoke\n|poke|p1|Talonflame, M|\n|poke|p1|Volcanion|\n|poke|p1|Manectric, F|\n|poke|p1|Lilligant-Hisui, F|\n|poke|p1|Goodra-Hisui, F|\n|poke|p1|Dragonite, F|\n|poke|p2|Chansey, F|\n|poke|p2|Clawitzer, M|\n|poke|p2|Arcanine-Hisui, M|\n|poke|p2|Raikou|\n|poke|p2|Beedrill, F|\n|poke|p2|Donphan, M|\n|teampreview\n|inactive|Battle timer is ON: inactive players will automatically lose when time's up. (requested by Thehonored1)\n|c|\u2606are you jesus?|hi\n|\n|t:|1700389443\n|start\n|switch|p1a: Lilligant|Lilligant-Hisui, F|100\/100\n|switch|p2a: Beedrill|Beedrill, F|100\/100\n|turn|1\n|\n|t:|1700389454\n|detailschange|p2a: Beedrill|Beedrill-Mega, F\n|-mega|p2a: Beedrill|Beedrill|Beedrillite\n|move|p2a: Beedrill|U-turn|p1a: Lilligant\n|-damage|p1a: Lilligant|23\/100\n|\n|t:|1700389459\n|switch|p2a: Donphan|Donphan, M|100\/100|[from] U-turn\n|move|p1a: Lilligant|Leech Seed|p2a: Donphan\n|-start|p2a: Donphan|move: Leech Seed\n|\n|-damage|p2a: Donphan|88\/100|[from] Leech Seed|[of] p1a: Lilligant\n|-heal|p1a: Lilligant|38\/100|[silent]\n|upkeep\n|turn|2\n|\n|t:|1700389482\n|move|p1a: Lilligant|Axe Kick|p2a: Donphan|[miss]\n|-miss|p1a: Lilligant|p2a: Donphan\n|-damage|p1a: Lilligant|0 fnt|[from] highjumpkick\n|faint|p1a: Lilligant\n|move|p2a: Donphan|Knock Off|p1: Lilligant|[notarget]\n|-fail|p2a: Donphan\n|\n|upkeep\n|c|\u2606are you jesus?|:(\n|c|\u2606are you jesus?|that's unfortunate\n|\n|t:|1700389511\n|switch|p1a: Dragonite|Dragonite, F|100\/100\n|turn|3\n|\n|t:|1700389524\n|move|p1a: Dragonite|Earthquake|p2a: Donphan\n|-crit|p2a: Donphan\n|-damage|p2a: Donphan|60\/100\n|move|p2a: Donphan|Knock Off|p1a: Dragonite\n|-damage|p1a: Dragonite|89\/100\n|-enditem|p1a: Dragonite|Normal Gem|[from] move: Knock Off|[of] p2a: Donphan\n|\n|-damage|p2a: Donphan|48\/100|[from] Leech Seed|[of] p1a: Dragonite\n|-heal|p1a: Dragonite|100\/100|[silent]\n|upkeep\n|turn|4\n|\n|t:|1700389535\n|move|p1a: Dragonite|Dragon Dance|p1a: Dragonite\n|-boost|p1a: Dragonite|atk|1\n|-boost|p1a: Dragonite|spe|1\n|move|p2a: Donphan|Stealth Rock|p1a: Dragonite\n|-sidestart|p1: Thehonored1|move: Stealth Rock\n|\n|-damage|p2a: Donphan|35\/100|[from] Leech Seed|[of] p1a: Dragonite\n|upkeep\n|turn|5\n|\n|t:|1700389551\n|move|p1a: Dragonite|Extreme Speed|p2a: Donphan\n|-damage|p2a: Donphan|15\/100\n|-damage|p1a: Dragonite|84\/100|[from] item: Rocky Helmet|[of] p2a: Donphan\n|move|p2a: Donphan|Earthquake|p1a: Dragonite\n|-immune|p1a: Dragonite\n|\n|-damage|p2a: Donphan|3\/100|[from] Leech Seed|[of] p1a: Dragonite\n|-heal|p1a: Dragonite|97\/100|[silent]\n|upkeep\n|turn|6\n|\n|t:|1700389560\n|move|p1a: Dragonite|Extreme Speed|p2a: Donphan\n|-damage|p2a: Donphan|0 fnt\n|-damage|p1a: Dragonite|80\/100|[from] item: Rocky Helmet|[of] p2a: Donphan\n|faint|p2a: Donphan\n|\n|upkeep\n|\n|t:|1700389568\n|switch|p2a: Clawitzer|Clawitzer, M|100\/100\n|turn|7\n|\n|t:|1700389584\n|-terastallize|p1a: Dragonite|Normal\n|move|p1a: Dragonite|Extreme Speed|p2a: Clawitzer\n|-damage|p2a: Clawitzer|27\/100\n|move|p2a: Clawitzer|Ice Beam|p1a: Dragonite\n|-damage|p1a: Dragonite|55\/100\n|\n|upkeep\n|turn|8\n|inactive|Thehonored1 has 120 seconds left.\n|\n|t:|1700389613\n|move|p1a: Dragonite|Extreme Speed|p2a: Clawitzer\n|-damage|p2a: Clawitzer|0 fnt\n|faint|p2a: Clawitzer\n|\n|upkeep\n|\n|t:|1700389616\n|switch|p2a: Arcanine|Arcanine-Hisui, M|100\/100\n|turn|9\n|\n|t:|1700389622\n|-terastallize|p2a: Arcanine|Normal\n|move|p2a: Arcanine|Extreme Speed|p1a: Dragonite\n|-damage|p1a: Dragonite|7\/100\n|-damage|p2a: Arcanine|91\/100|[from] item: Life Orb\n|move|p1a: Dragonite|Earthquake|p2a: Arcanine\n|-crit|p2a: Arcanine\n|-damage|p2a: Arcanine|0 fnt\n|faint|p2a: Arcanine\n|\n|upkeep\n|\n|t:|1700389631\n|switch|p2a: Beedrill|Beedrill-Mega, F|100\/100\n|turn|10\n|inactive|Thehonored1 has 120 seconds left.\n|\n|t:|1700389655\n|move|p1a: Dragonite|Extreme Speed|p2a: Beedrill\n|-crit|p2a: Beedrill\n|-damage|p2a: Beedrill|0 fnt\n|faint|p2a: Beedrill\n|\n|upkeep\n|-message|are you jesus? forfeited.\n|\n|win|Thehonored1\n|raw|Thehonored1's rating: 1058 &rarr; <strong>1097<\/strong><br \/>(+39 for winning)\n|raw|are you jesus?'s rating: 1148 &rarr; <strong>1117<\/strong><br \/>(-31 for losing)\n|l|\u2606are you jesus?\n","uploadtime":1700389664,"views":6,"p1id":"thehonored1","p2id":"areyoujesus","formatid":"gen9nationaldex","rating":1097,"private":0,"password":""}