{"id":"gen9nationaldex-1989891695","p1":"KyosukeKamijou","p2":"Alteraxia","format":"[Gen 9] National Dex","log":"|j|\u2606KyosukeKamijou\n|j|\u2606Alteraxia\n|t:|1699904378\n|gametype|singles\n|player|p1|KyosukeKamijou|ghetsis|1276\n|player|p2|Alteraxia|heroine2-conquest|1293\n|teamsize|p1|6\n|teamsize|p2|6\n|gen|9\n|tier|[Gen 9] National Dex\n|rated|\n|rule|HP Percentage Mod: HP is shown in percentages\n|rule|Endless Battle Clause: Forcing endless battles is banned\n|rule|OHKO Clause: OHKO moves are banned\n|rule|Evasion Clause: Evasion abilities, items, and moves are banned\n|rule|Evasion Abilities Clause: Evasion abilities are banned\n|rule|Evasion Items Clause: Evasion items are banned\n|rule|Evasion Moves Clause: Evasion moves are banned\n|rule|Species Clause: Limit one of each Pok\u00e9mon\n|rule|Sleep Clause Mod: Limit one foe put to sleep\n|clearpoke\n|poke|p1|Kommo-o, M|\n|poke|p1|Great Tusk|\n|poke|p1|Ogerpon-Cornerstone, F|\n|poke|p1|Charizard, M|\n|poke|p1|Greninja-*, M|\n|poke|p1|Volcarona, F|\n|poke|p2|Latias, F|\n|poke|p2|Clodsire, M|\n|poke|p2|Volcarona, F|\n|poke|p2|Noivern, M|\n|poke|p2|Excadrill, F|\n|poke|p2|Tapu Koko|\n|teampreview\n|\n|t:|1699904391\n|start\n|switch|p1a: Ninja Black|Greninja, M, shiny|100\/100\n|switch|p2a: Excadrill|Excadrill, F|100\/100\n|-ability|p2a: Excadrill|Mold Breaker\n|turn|1\n|\n|t:|1699904398\n|move|p1a: Ninja Black|Water Shuriken|p2a: Excadrill\n|-start|p1a: Ninja Black|typechange|Water|[from] ability: Protean\n|-supereffective|p2a: Excadrill\n|-damage|p2a: Excadrill|82\/100\n|-supereffective|p2a: Excadrill\n|-damage|p2a: Excadrill|63\/100\n|-supereffective|p2a: Excadrill\n|-damage|p2a: Excadrill|43\/100\n|-supereffective|p2a: Excadrill\n|-damage|p2a: Excadrill|24\/100\n|-hitcount|p2a: Excadrill|4\n|move|p2a: Excadrill|Stealth Rock|p1a: Ninja Black\n|-sidestart|p1: KyosukeKamijou|move: Stealth Rock\n|\n|upkeep\n|turn|2\n|\n|t:|1699904410\n|switch|p2a: Tapu Koko|Tapu Koko|100\/100\n|-fieldstart|move: Electric Terrain|[from] ability: Electric Surge|[of] p2a: Tapu Koko\n|move|p1a: Ninja Black|Water Shuriken|p2a: Tapu Koko\n|-damage|p2a: Tapu Koko|89\/100\n|-damage|p2a: Tapu Koko|79\/100\n|-damage|p2a: Tapu Koko|69\/100\n|-damage|p2a: Tapu Koko|59\/100\n|-damage|p2a: Tapu Koko|47\/100\n|-hitcount|p2a: Tapu Koko|5\n|\n|upkeep\n|turn|3\n|\n|t:|1699904423\n|move|p1a: Ninja Black|Water Shuriken|p2a: Tapu Koko\n|-damage|p2a: Tapu Koko|36\/100\n|-damage|p2a: Tapu Koko|26\/100\n|-hitcount|p2a: Tapu Koko|2\n|move|p2a: Tapu Koko|Grass Knot|p1a: Ninja Black\n|-supereffective|p1a: Ninja Black\n|-damage|p1a: Ninja Black|25\/100\n|\n|upkeep\n|turn|4\n|\n|t:|1699904430\n|switch|p2a: Latias|Latias, F|100\/100\n|move|p1a: Ninja Black|Water Shuriken|p2a: Latias\n|-resisted|p2a: Latias\n|-damage|p2a: Latias|98\/100\n|-resisted|p2a: Latias\n|-damage|p2a: Latias|95\/100\n|-resisted|p2a: Latias\n|-damage|p2a: Latias|92\/100\n|-hitcount|p2a: Latias|3\n|\n|upkeep\n|turn|5\n|\n|t:|1699904440\n|switch|p1a: PapillonOhger|Volcarona, F, shiny|100\/100\n|move|p2a: Latias|Psyshock|p1a: PapillonOhger\n|-damage|p1a: PapillonOhger|41\/100\n|\n|upkeep\n|turn|6\n|\n|t:|1699904445\n|move|p2a: Latias|Psyshock|p1a: PapillonOhger\n|-damage|p1a: PapillonOhger|0 fnt\n|faint|p1a: PapillonOhger\n|\n|-fieldend|move: Electric Terrain\n|upkeep\n|\n|t:|1699904451\n|switch|p1a: Ryuranger|Kommo-o, M|100\/100\n|-damage|p1a: Ryuranger|94\/100|[from] Stealth Rock\n|turn|7\n|\n|t:|1699904459\n|move|p2a: Latias|Psyshock|p1a: Ryuranger\n|-supereffective|p1a: Ryuranger\n|-damage|p1a: Ryuranger|28\/100\n|-zpower|p1a: Ryuranger\n|move|p1a: Ryuranger|Clangorous Soulblaze|p2a: Latias|[zeffect]\n|-supereffective|p2a: Latias\n|-damage|p2a: Latias|0 fnt\n|faint|p2a: Latias\n|-boost|p1a: Ryuranger|atk|1\n|-boost|p1a: Ryuranger|def|1\n|-boost|p1a: Ryuranger|spa|1\n|-boost|p1a: Ryuranger|spd|1\n|-boost|p1a: Ryuranger|spe|1\n|\n|upkeep\n|\n|t:|1699904469\n|switch|p2a: Volcarona|Volcarona, F|100\/100\n|turn|8\n|\n|t:|1699904475\n|move|p2a: Volcarona|Psychic|p1a: Ryuranger\n|-supereffective|p1a: Ryuranger\n|-damage|p1a: Ryuranger|0 fnt\n|faint|p1a: Ryuranger\n|\n|upkeep\n|\n|t:|1699904483\n|switch|p1a: Change Dragon|Charizard, M|100\/100\n|-damage|p1a: Change Dragon|51\/100|[from] Stealth Rock\n|turn|9\n|\n|t:|1699904488\n|detailschange|p1a: Change Dragon|Charizard-Mega-Y, M\n|-mega|p1a: Change Dragon|Charizard|Charizardite Y\n|-weather|SunnyDay|[from] ability: Drought|[of] p1a: Change Dragon\n|move|p2a: Volcarona|Psychic|p1a: Change Dragon\n|-damage|p1a: Change Dragon|15\/100\n|move|p1a: Change Dragon|Defog|p2a: Volcarona\n|-unboost|p2a: Volcarona|evasion|1\n|-sideend|p1: KyosukeKamijou|Stealth Rock|[from] move: Defog|[of] p1a: Change Dragon\n|\n|-weather|SunnyDay|[upkeep]\n|upkeep\n|turn|10\n|\n|t:|1699904497\n|move|p2a: Volcarona|Psychic|p1a: Change Dragon\n|-damage|p1a: Change Dragon|0 fnt\n|faint|p1a: Change Dragon\n|\n|-weather|SunnyDay|[upkeep]\n|upkeep\n|\n|t:|1699904502\n|switch|p1a: Onisister|Ogerpon-Cornerstone, F|100\/100\n|turn|11\n|\n|t:|1699904509\n|switch|p2a: Clodsire|Clodsire, M|100\/100\n|move|p1a: Onisister|Ivy Cudgel|p2a: Clodsire\n|-resisted|p2a: Clodsire\n|-damage|p2a: Clodsire|80\/100\n|\n|-weather|SunnyDay|[upkeep]\n|-heal|p2a: Clodsire|86\/100|[from] item: Black Sludge\n|upkeep\n|turn|12\n|\n|t:|1699904517\n|move|p1a: Onisister|Spiky Shield|p1a: Onisister\n|-singleturn|p1a: Onisister|move: Protect\n|move|p2a: Clodsire|Toxic|p1a: Onisister\n|-activate|p1a: Onisister|move: Protect\n|\n|-weather|SunnyDay|[upkeep]\n|-heal|p2a: Clodsire|92\/100|[from] item: Black Sludge\n|upkeep\n|turn|13\n|\n|t:|1699904526\n|switch|p1a: Mammothranger|Great Tusk|100\/100\n|-activate|p1a: Mammothranger|ability: Protosynthesis\n|-start|p1a: Mammothranger|protosynthesisatk\n|move|p2a: Clodsire|Toxic|p1a: Mammothranger\n|-status|p1a: Mammothranger|tox\n|\n|-weather|none\n|-end|p1a: Mammothranger|Protosynthesis\n|-heal|p2a: Clodsire|99\/100|[from] item: Black Sludge\n|-damage|p1a: Mammothranger|94\/100 tox|[from] psn\n|upkeep\n|turn|14\n|\n|t:|1699904539\n|switch|p2a: Excadrill|Excadrill, F|24\/100\n|-ability|p2a: Excadrill|Mold Breaker\n|move|p1a: Mammothranger|Headlong Rush|p2a: Excadrill\n|-supereffective|p2a: Excadrill\n|-damage|p2a: Excadrill|0 fnt\n|-unboost|p1a: Mammothranger|def|1\n|-unboost|p1a: Mammothranger|spd|1\n|faint|p2a: Excadrill\n|\n|-damage|p1a: Mammothranger|82\/100 tox|[from] psn\n|upkeep\n|\n|t:|1699904551\n|switch|p2a: Tapu Koko|Tapu Koko|26\/100\n|-fieldstart|move: Electric Terrain|[from] ability: Electric Surge|[of] p2a: Tapu Koko\n|turn|15\n|\n|t:|1699904556\n|move|p1a: Mammothranger|Headlong Rush|p2a: Tapu Koko\n|-supereffective|p2a: Tapu Koko\n|-damage|p2a: Tapu Koko|0 fnt\n|-unboost|p1a: Mammothranger|def|1\n|-unboost|p1a: Mammothranger|spd|1\n|faint|p2a: Tapu Koko\n|\n|-damage|p1a: Mammothranger|63\/100 tox|[from] psn\n|upkeep\n|\n|t:|1699904562\n|switch|p2a: Noivern|Noivern, M|100\/100\n|turn|16\n|\n|t:|1699904566\n|-end|p1a: Mammothranger|Protosynthesis|[silent]\n|switch|p1a: Onisister|Ogerpon-Cornerstone, F|100\/100\n|-terastallize|p2a: Noivern|Normal\n|move|p2a: Noivern|Boomburst|p1a: Onisister\n|-resisted|p1a: Onisister\n|-damage|p1a: Onisister|52\/100\n|\n|upkeep\n|turn|17\n|\n|t:|1699904573\n|move|p1a: Onisister|Horn Leech|p2a: Noivern\n|-damage|p2a: Noivern|54\/100\n|-heal|p1a: Onisister|71\/100|[from] drain|[of] p2a: Noivern\n|move|p2a: Noivern|Boomburst|p1a: Onisister\n|-resisted|p1a: Onisister\n|-damage|p1a: Onisister|25\/100\n|\n|upkeep\n|turn|18\n|\n|t:|1699904581\n|move|p1a: Onisister|Horn Leech|p2a: Noivern\n|-crit|p2a: Noivern\n|-damage|p2a: Noivern|0 fnt\n|-heal|p1a: Onisister|48\/100|[from] drain|[of] p2a: Noivern\n|faint|p2a: Noivern\n|\n|upkeep\n|\n|t:|1699904585\n|switch|p2a: Clodsire|Clodsire, M|99\/100\n|turn|19\n|\n|t:|1699904588\n|move|p1a: Onisister|Horn Leech|p2a: Clodsire\n|-damage|p2a: Clodsire|66\/100\n|-heal|p1a: Onisister|69\/100|[from] drain|[of] p2a: Clodsire\n|move|p2a: Clodsire|Toxic|p1a: Onisister\n|-status|p1a: Onisister|tox\n|\n|-heal|p2a: Clodsire|72\/100|[from] item: Black Sludge\n|-damage|p1a: Onisister|63\/100 tox|[from] psn\n|-fieldend|move: Electric Terrain\n|upkeep\n|turn|20\n|\n|t:|1699904598\n|move|p1a: Onisister|Leech Seed|p2a: Clodsire\n|-start|p2a: Clodsire|move: Leech Seed\n|move|p2a: Clodsire|Recover|p2a: Clodsire\n|-heal|p2a: Clodsire|100\/100\n|\n|-damage|p2a: Clodsire|88\/100|[from] Leech Seed|[of] p1a: Onisister\n|-heal|p1a: Onisister|79\/100 tox|[silent]\n|-damage|p1a: Onisister|67\/100 tox|[from] psn\n|upkeep\n|turn|21\n|\n|t:|1699904606\n|move|p1a: Onisister|Horn Leech|p2a: Clodsire\n|-damage|p2a: Clodsire|58\/100\n|-heal|p1a: Onisister|86\/100 tox|[from] drain|[of] p2a: Clodsire\n|move|p2a: Clodsire|Earthquake|p1a: Onisister\n|-damage|p1a: Onisister|59\/100 tox\n|\n|-heal|p2a: Clodsire|64\/100|[from] item: Black Sludge\n|-damage|p2a: Clodsire|52\/100|[from] Leech Seed|[of] p1a: Onisister\n|-heal|p1a: Onisister|75\/100 tox|[silent]\n|-damage|p1a: Onisister|57\/100 tox|[from] psn\n|upkeep\n|turn|22\n|\n|t:|1699904617\n|switch|p1a: Mammothranger|Great Tusk|63\/100 tox\n|move|p2a: Clodsire|Recover|p2a: Clodsire\n|-heal|p2a: Clodsire|100\/100\n|\n|-damage|p2a: Clodsire|88\/100|[from] Leech Seed|[of] p1a: Mammothranger\n|-heal|p1a: Mammothranger|79\/100 tox|[silent]\n|-damage|p1a: Mammothranger|73\/100 tox|[from] psn\n|upkeep\n|turn|23\n|\n|t:|1699904628\n|move|p1a: Mammothranger|Headlong Rush|p2a: Clodsire\n|-supereffective|p2a: Clodsire\n|-damage|p2a: Clodsire|0 fnt\n|-unboost|p1a: Mammothranger|def|1\n|-unboost|p1a: Mammothranger|spd|1\n|faint|p2a: Clodsire\n|\n|-damage|p1a: Mammothranger|60\/100 tox|[from] psn\n|upkeep\n|\n|t:|1699904631\n|switch|p2a: Volcarona|Volcarona, F|100\/100\n|turn|24\n|\n|t:|1699904639\n|move|p1a: Mammothranger|Headlong Rush|p2a: Volcarona\n|-damage|p2a: Volcarona|4\/100\n|-unboost|p1a: Mammothranger|def|1\n|-unboost|p1a: Mammothranger|spd|1\n|move|p2a: Volcarona|Fiery Dance|p1a: Mammothranger\n|-damage|p1a: Mammothranger|0 fnt\n|-boost|p2a: Volcarona|spa|1\n|faint|p1a: Mammothranger\n|-end|p1a: Mammothranger|Protosynthesis|[silent]\n|\n|upkeep\n|\n|t:|1699904649\n|switch|p1a: Ninja Black|Greninja, M, shiny|25\/100\n|turn|25\n|\n|t:|1699904651\n|move|p1a: Ninja Black|Water Shuriken|p2a: Volcarona\n|-start|p1a: Ninja Black|typechange|Water|[from] ability: Protean\n|-supereffective|p2a: Volcarona\n|-damage|p2a: Volcarona|0 fnt\n|faint|p2a: Volcarona\n|-hitcount|p2: Volcarona|1\n|\n|win|KyosukeKamijou\n|raw|KyosukeKamijou's rating: 1276 &rarr; <strong>1302<\/strong><br \/>(+26 for winning)\n|raw|Alteraxia's rating: 1293 &rarr; <strong>1267<\/strong><br \/>(-26 for losing)\n|l|\u2606Alteraxia\n","uploadtime":1699904659,"views":5,"p1id":"kyosukekamijou","p2id":"alteraxia","formatid":"gen9nationaldex","rating":1267,"private":0,"password":""}