{"id":"gen9nationaldex-1994659749","p1":"h0t water","p2":"hdhhbggdc","format":"[Gen 9] National Dex","log":"|html|<div class=\"broadcast-blue\"><strong>[Gen 9] National Dex is currently suspecting Sneasler! For information on how to participate check out the <a href=\"https:\/\/www.smogon.com\/forums\/threads\/sv-national-dex-suspect-8-just-dance.3731534\/\">suspect thread<\/a>.<\/strong><\/div>\n|j|\u2606h0t water\n|j|\u2606hdhhbggdc\n|t:|1700476991\n|gametype|singles\n|player|p1|h0t water|265|1000\n|player|p2|hdhhbggdc|101|1000\n|teamsize|p1|6\n|teamsize|p2|6\n|gen|9\n|tier|[Gen 9] National Dex\n|rated|\n|rule|HP Percentage Mod: HP is shown in percentages\n|rule|Endless Battle Clause: Forcing endless battles is banned\n|rule|OHKO Clause: OHKO moves are banned\n|rule|Evasion Clause: Evasion abilities, items, and moves are banned\n|rule|Evasion Abilities Clause: Evasion abilities are banned\n|rule|Evasion Items Clause: Evasion items are banned\n|rule|Evasion Moves Clause: Evasion moves are banned\n|rule|Species Clause: Limit one of each Pok\u00e9mon\n|rule|Sleep Clause Mod: Limit one foe put to sleep\n|clearpoke\n|poke|p1|Iron Valiant|\n|poke|p1|Galvantula, M|\n|poke|p1|Grimmsnarl, M|\n|poke|p1|Blaziken, M|\n|poke|p1|Inteleon, M|\n|poke|p1|Haxorus, F|\n|poke|p2|Sableye, F|\n|poke|p2|Rillaboom, M|\n|poke|p2|Great Tusk|\n|poke|p2|Tornadus-Therian, M|\n|poke|p2|Kommo-o, F|\n|poke|p2|Clefable, F|\n|teampreview\n|inactive|Battle timer is ON: inactive players will automatically lose when time's up. (requested by h0t water)\n|\n|t:|1700477004\n|start\n|switch|p1a: Galvantula|Galvantula, M|100\/100\n|switch|p2a: Clefable|Clefable, F|100\/100\n|turn|1\n|\n|t:|1700477007\n|move|p1a: Galvantula|Sticky Web|p2a: Clefable\n|-sidestart|p2: hdhhbggdc|move: Sticky Web\n|move|p2a: Clefable|Calm Mind|p2a: Clefable\n|-boost|p2a: Clefable|spa|1\n|-boost|p2a: Clefable|spd|1\n|\n|upkeep\n|turn|2\n|\n|t:|1700477011\n|move|p1a: Galvantula|Thunder Wave|p2a: Clefable\n|-status|p2a: Clefable|par\n|cant|p2a: Clefable|par\n|\n|upkeep\n|turn|3\n|\n|t:|1700477015\n|move|p1a: Galvantula|Thunder|p2a: Clefable\n|-damage|p2a: Clefable|78\/100 par\n|cant|p2a: Clefable|par\n|\n|-heal|p2a: Clefable|85\/100 par|[from] item: Leftovers\n|upkeep\n|turn|4\n|\n|t:|1700477019\n|move|p1a: Galvantula|Thunder|p2a: Clefable\n|-damage|p2a: Clefable|63\/100 par\n|move|p2a: Clefable|Calm Mind|p2a: Clefable\n|-boost|p2a: Clefable|spa|1\n|-boost|p2a: Clefable|spd|1\n|\n|-heal|p2a: Clefable|69\/100 par|[from] item: Leftovers\n|upkeep\n|turn|5\n|\n|t:|1700477022\n|move|p1a: Galvantula|Thunder|p2a: Clefable\n|-damage|p2a: Clefable|53\/100 par\n|cant|p2a: Clefable|par\n|\n|-heal|p2a: Clefable|59\/100 par|[from] item: Leftovers\n|upkeep\n|turn|6\n|\n|t:|1700477025\n|move|p1a: Galvantula|Thunder|p2a: Clefable\n|-damage|p2a: Clefable|41\/100 par\n|move|p2a: Clefable|Soft-Boiled|p2a: Clefable\n|-heal|p2a: Clefable|91\/100 par\n|\n|-heal|p2a: Clefable|97\/100 par|[from] item: Leftovers\n|upkeep\n|turn|7\n|\n|t:|1700477029\n|move|p1a: Galvantula|Thunder|p2a: Clefable\n|-damage|p2a: Clefable|82\/100 par\n|cant|p2a: Clefable|par\n|\n|-heal|p2a: Clefable|89\/100 par|[from] item: Leftovers\n|upkeep\n|turn|8\n|\n|t:|1700477033\n|move|p1a: Galvantula|Thunder|p2a: Clefable\n|-damage|p2a: Clefable|73\/100 par\n|move|p2a: Clefable|Moonblast|p1a: Galvantula\n|-enditem|p1a: Galvantula|Focus Sash\n|-damage|p1a: Galvantula|1\/100\n|-unboost|p1a: Galvantula|spa|1\n|\n|-heal|p2a: Clefable|79\/100 par|[from] item: Leftovers\n|upkeep\n|turn|9\n|\n|t:|1700477041\n|move|p1a: Galvantula|Thunder|p2a: Clefable\n|-damage|p2a: Clefable|63\/100 par\n|cant|p2a: Clefable|par\n|\n|-heal|p2a: Clefable|69\/100 par|[from] item: Leftovers\n|upkeep\n|turn|10\n|\n|t:|1700477046\n|move|p1a: Galvantula|Thunder|p2a: Clefable\n|-damage|p2a: Clefable|53\/100 par\n|move|p2a: Clefable|Moonblast|p1a: Galvantula\n|-damage|p1a: Galvantula|0 fnt\n|faint|p1a: Galvantula\n|\n|-heal|p2a: Clefable|59\/100 par|[from] item: Leftovers\n|upkeep\n|\n|t:|1700477051\n|switch|p1a: Inteleon|Inteleon, M|100\/100\n|turn|11\n|\n|t:|1700477055\n|move|p1a: Inteleon|Snipe Shot|p2a: Clefable\n|-crit|p2a: Clefable\n|-damage|p2a: Clefable|0 fnt\n|faint|p2a: Clefable\n|\n|upkeep\n|\n|t:|1700477058\n|switch|p2a: Rillaboom|Rillaboom, M|100\/100\n|-activate|p2a: Rillaboom|move: Sticky Web\n|-unboost|p2a: Rillaboom|spe|1\n|-fieldstart|move: Grassy Terrain|[from] ability: Grassy Surge|[of] p2a: Rillaboom\n|turn|12\n|\n|t:|1700477063\n|switch|p1a: Blaziken|Blaziken, M|100\/100\n|move|p2a: Rillaboom|Bulk Up|p2a: Rillaboom\n|-boost|p2a: Rillaboom|atk|1\n|-boost|p2a: Rillaboom|def|1\n|\n|upkeep\n|turn|13\n|\n|t:|1700477068\n|move|p1a: Blaziken|Blaze Kick|p2a: Rillaboom\n|-supereffective|p2a: Rillaboom\n|-damage|p2a: Rillaboom|25\/100\n|-damage|p1a: Blaziken|91\/100|[from] item: Life Orb\n|move|p2a: Rillaboom|Earthquake|p1a: Blaziken\n|-supereffective|p1a: Blaziken\n|-damage|p1a: Blaziken|0 fnt\n|faint|p1a: Blaziken\n|-damage|p2a: Rillaboom|15\/100|[from] item: Life Orb\n|\n|-heal|p2a: Rillaboom|22\/100|[from] Grassy Terrain\n|upkeep\n|\n|t:|1700477075\n|switch|p1a: Grimmsnarl|Grimmsnarl, M|100\/100\n|turn|14\n|\n|t:|1700477084\n|-terastallize|p2a: Rillaboom|Grass\n|move|p1a: Grimmsnarl|Reflect|p1a: Grimmsnarl\n|-sidestart|p1: h0t water|Reflect\n|move|p2a: Rillaboom|Grassy Glide|p1a: Grimmsnarl\n|-damage|p1a: Grimmsnarl|37\/100\n|-damage|p2a: Rillaboom|12\/100|[from] item: Life Orb\n|\n|-heal|p1a: Grimmsnarl|43\/100|[from] Grassy Terrain\n|-heal|p2a: Rillaboom|18\/100|[from] Grassy Terrain\n|upkeep\n|turn|15\n|\n|t:|1700477091\n|move|p1a: Grimmsnarl|Thunder Wave|p2a: Rillaboom\n|-status|p2a: Rillaboom|par\n|cant|p2a: Rillaboom|par\n|\n|-heal|p1a: Grimmsnarl|49\/100|[from] Grassy Terrain\n|-heal|p2a: Rillaboom|24\/100 par|[from] Grassy Terrain\n|upkeep\n|turn|16\n|\n|t:|1700477095\n|move|p1a: Grimmsnarl|Light Screen|p1a: Grimmsnarl\n|-sidestart|p1: h0t water|move: Light Screen\n|cant|p2a: Rillaboom|par\n|\n|-heal|p1a: Grimmsnarl|55\/100|[from] Grassy Terrain\n|-heal|p2a: Rillaboom|30\/100 par|[from] Grassy Terrain\n|-fieldend|move: Grassy Terrain\n|upkeep\n|turn|17\n|\n|t:|1700477105\n|switch|p2a: Great Tusk|Great Tusk|100\/100\n|-activate|p2a: Great Tusk|move: Sticky Web\n|-unboost|p2a: Great Tusk|spe|1\n|move|p1a: Grimmsnarl|Parting Shot|p2a: Great Tusk\n|-unboost|p2a: Great Tusk|atk|1\n|-unboost|p2a: Great Tusk|spa|1\n|\n|t:|1700477109\n|switch|p1a: Haxorus|Haxorus, F|100\/100|[from] Parting Shot\n|-ability|p1a: Haxorus|Mold Breaker\n|\n|upkeep\n|turn|18\n|\n|t:|1700477119\n|move|p1a: Haxorus|Swords Dance|p1a: Haxorus\n|-boost|p1a: Haxorus|atk|2\n|move|p2a: Great Tusk|Rapid Spin|p1a: Haxorus\n|-damage|p1a: Haxorus|94\/100\n|-boost|p2a: Great Tusk|spe|1\n|-sideend|p2: hdhhbggdc|Sticky Web|[from] move: Rapid Spin|[of] p2a: Great Tusk\n|\n|upkeep\n|turn|19\n|\n|t:|1700477127\n|move|p1a: Haxorus|Earthquake|p2a: Great Tusk\n|-damage|p2a: Great Tusk|60\/100\n|move|p2a: Great Tusk|Knock Off|p1a: Haxorus\n|-damage|p1a: Haxorus|83\/100\n|-enditem|p1a: Haxorus|Loaded Dice|[from] move: Knock Off|[of] p2a: Great Tusk\n|\n|-heal|p2a: Great Tusk|67\/100|[from] item: Leftovers\n|upkeep\n|turn|20\n|\n|t:|1700477133\n|-end|p2a: Great Tusk|Protosynthesis|[silent]\n|switch|p2a: Tornadus|Tornadus-Therian, M|100\/100\n|move|p1a: Haxorus|Scale Shot|p2a: Tornadus|[miss]\n|-miss|p1a: Haxorus|p2a: Tornadus\n|\n|upkeep\n|turn|21\n|\n|t:|1700477142\n|move|p2a: Tornadus|Bleakwind Storm|p1a: Haxorus\n|-damage|p1a: Haxorus|48\/100\n|-unboost|p1a: Haxorus|spe|1\n|move|p1a: Haxorus|Scale Shot|p2a: Tornadus\n|-damage|p2a: Tornadus|60\/100\n|-damage|p2a: Tornadus|24\/100\n|-damage|p2a: Tornadus|0 fnt\n|faint|p2a: Tornadus\n|-hitcount|p2: Tornadus|3\n|-unboost|p1a: Haxorus|def|1\n|-boost|p1a: Haxorus|spe|1\n|\n|-sideend|p1: h0t water|Reflect\n|upkeep\n|\n|t:|1700477151\n|switch|p2a: Kommo-o|Kommo-o, F|100\/100\n|turn|22\n|\n|t:|1700477155\n|move|p1a: Haxorus|Scale Shot|p2a: Kommo-o\n|-supereffective|p2a: Kommo-o\n|-damage|p2a: Kommo-o|43\/100\n|-supereffective|p2a: Kommo-o\n|-damage|p2a: Kommo-o|0 fnt\n|faint|p2a: Kommo-o\n|-hitcount|p2: Kommo-o|2\n|-unboost|p1a: Haxorus|def|1\n|-boost|p1a: Haxorus|spe|1\n|\n|upkeep\n|\n|t:|1700477170\n|switch|p2a: Sableye|Sableye, F|100\/100\n|turn|23\n|\n|t:|1700477174\n|move|p2a: Sableye|Will-O-Wisp|p1a: Haxorus\n|-status|p1a: Haxorus|brn\n|move|p1a: Haxorus|Scale Shot|p2a: Sableye\n|-damage|p2a: Sableye|81\/100\n|-damage|p2a: Sableye|61\/100\n|-damage|p2a: Sableye|42\/100\n|-damage|p2a: Sableye|21\/100\n|-hitcount|p2a: Sableye|4\n|-unboost|p1a: Haxorus|def|1\n|-boost|p1a: Haxorus|spe|1\n|\n|-damage|p1a: Haxorus|42\/100 brn|[from] brn\n|-sideend|p1: h0t water|move: Light Screen\n|upkeep\n|turn|24\n|\n|t:|1700477185\n|move|p2a: Sableye|Recover|p2a: Sableye\n|-heal|p2a: Sableye|71\/100\n|move|p1a: Haxorus|Scale Shot|p2a: Sableye\n|-damage|p2a: Sableye|52\/100\n|-damage|p2a: Sableye|32\/100\n|-damage|p2a: Sableye|13\/100\n|-hitcount|p2a: Sableye|3\n|-unboost|p1a: Haxorus|def|1\n|-boost|p1a: Haxorus|spe|1\n|\n|-damage|p1a: Haxorus|36\/100 brn|[from] brn\n|upkeep\n|turn|25\n|\n|t:|1700477192\n|switch|p2a: Great Tusk|Great Tusk|67\/100\n|move|p1a: Haxorus|Scale Shot|p2a: Great Tusk\n|-damage|p2a: Great Tusk|59\/100\n|-damage|p2a: Great Tusk|52\/100\n|-damage|p2a: Great Tusk|44\/100\n|-damage|p2a: Great Tusk|36\/100\n|-damage|p2a: Great Tusk|28\/100\n|-hitcount|p2a: Great Tusk|5\n|-unboost|p1a: Haxorus|def|1\n|-boost|p1a: Haxorus|spe|1\n|\n|-heal|p2a: Great Tusk|35\/100|[from] item: Leftovers\n|-damage|p1a: Haxorus|30\/100 brn|[from] brn\n|upkeep\n|turn|26\n|\n|t:|1700477201\n|move|p1a: Haxorus|Scale Shot|p2a: Great Tusk\n|-damage|p2a: Great Tusk|27\/100\n|-damage|p2a: Great Tusk|19\/100\n|-damage|p2a: Great Tusk|12\/100\n|-damage|p2a: Great Tusk|4\/100\n|-damage|p2a: Great Tusk|0 fnt\n|faint|p2a: Great Tusk\n|-end|p2a: Great Tusk|Protosynthesis|[silent]\n|-hitcount|p2: Great Tusk|5\n|-unboost|p1a: Haxorus|def|1\n|-boost|p1a: Haxorus|spe|1\n|\n|-damage|p1a: Haxorus|24\/100 brn|[from] brn\n|upkeep\n|\n|t:|1700477206\n|switch|p2a: Rillaboom|Rillaboom, M, tera:Grass|30\/100 par\n|-fieldstart|move: Grassy Terrain|[from] ability: Grassy Surge|[of] p2a: Rillaboom\n|turn|27\n|\n|t:|1700477210\n|cant|p2a: Rillaboom|par\n|move|p1a: Haxorus|Scale Shot|p2a: Rillaboom\n|-damage|p2a: Rillaboom|18\/100 par\n|-damage|p2a: Rillaboom|5\/100 par\n|-damage|p2a: Rillaboom|0 fnt\n|faint|p2a: Rillaboom\n|-hitcount|p2: Rillaboom|3\n|-boost|p1a: Haxorus|spe|1\n|\n|-heal|p1a: Haxorus|30\/100 brn|[from] Grassy Terrain\n|-damage|p1a: Haxorus|24\/100 brn|[from] brn\n|upkeep\n|-message|hdhhbggdc forfeited.\n|\n|win|h0t water\n|raw|h0t water's rating: 1000 &rarr; <strong>1040<\/strong><br \/>(+40 for winning)\n|raw|hdhhbggdc's rating: 1000 &rarr; <strong>1000<\/strong><br \/>(+0 for losing)\n|l|\u2606hdhhbggdc\n","uploadtime":1700477220,"views":29,"p1id":"h0twater","p2id":"hdhhbggdc","formatid":"gen9nationaldex","rating":1000,"private":0,"password":""}