{"id":"gen9nationaldex-1998881311","p1":"beoneko111","p2":"Kaegun","format":"[Gen 9] National Dex","log":"|html|<div class=\"broadcast-blue\"><strong>[Gen 9] National Dex is currently suspecting Sneasler! For information on how to participate check out the <a href=\"https:\/\/www.smogon.com\/forums\/threads\/sv-national-dex-suspect-8-just-dance.3731534\/\">suspect thread<\/a>.<\/strong><\/div>\n|j|\u2606beoneko111\n|j|\u2606Kaegun\n|t:|1701007912\n|gametype|singles\n|player|p1|beoneko111|pilot|1256\n|player|p2|Kaegun|266|1349\n|teamsize|p1|6\n|teamsize|p2|6\n|gen|9\n|tier|[Gen 9] National Dex\n|rated|\n|rule|HP Percentage Mod: HP is shown in percentages\n|rule|Endless Battle Clause: Forcing endless battles is banned\n|rule|OHKO Clause: OHKO moves are banned\n|rule|Evasion Clause: Evasion abilities, items, and moves are banned\n|rule|Evasion Abilities Clause: Evasion abilities are banned\n|rule|Evasion Items Clause: Evasion items are banned\n|rule|Evasion Moves Clause: Evasion moves are banned\n|rule|Species Clause: Limit one of each Pok\u00e9mon\n|rule|Sleep Clause Mod: Limit one foe put to sleep\n|clearpoke\n|poke|p1|Corviknight, F|\n|poke|p1|Banette, F|\n|poke|p1|Tapu Koko|\n|poke|p1|Kleavor, F|\n|poke|p1|Great Tusk|\n|poke|p1|Sneasler, F|\n|poke|p2|Tapu Koko|\n|poke|p2|Urshifu-*, F|\n|poke|p2|Iron Valiant|\n|poke|p2|Iron Moth|\n|poke|p2|Sneasler, F|\n|poke|p2|Ting-Lu|\n|teampreview\n|inactive|Battle timer is ON: inactive players will automatically lose when time's up. (requested by beoneko111)\n|\n|t:|1701007925\n|start\n|switch|p1a: Banette|Banette, F|100\/100\n|switch|p2a: Ting-Lu|Ting-Lu|100\/100\n|-item|p2a: Ting-Lu|Red Card|[from] ability: Frisk|[of] p1a: Banette|[identify]\n|-ability|p2a: Ting-Lu|Vessel of Ruin\n|turn|1\n|\n|t:|1701007934\n|detailschange|p1a: Banette|Banette-Mega, F\n|-mega|p1a: Banette|Banette|Banettite\n|move|p1a: Banette|Will-O-Wisp|p2a: Ting-Lu\n|-hint|Since gen 7, Dark is immune to Prankster moves.\n|-immune|p2a: Ting-Lu\n|move|p2a: Ting-Lu|Stealth Rock|p1a: Banette\n|-sidestart|p1: beoneko111|move: Stealth Rock\n|\n|upkeep\n|turn|2\n|\n|t:|1701007941\n|switch|p1a: Great Tusk|Great Tusk|100\/100\n|-damage|p1a: Great Tusk|98\/100|[from] Stealth Rock\n|move|p2a: Ting-Lu|Spikes|p1a: Great Tusk\n|-sidestart|p1: beoneko111|Spikes\n|\n|upkeep\n|turn|3\n|\n|t:|1701007949\n|-terastallize|p2a: Ting-Lu|Ghost\n|move|p1a: Great Tusk|Rapid Spin|p2a: Ting-Lu\n|-immune|p2a: Ting-Lu\n|move|p2a: Ting-Lu|Spikes|p1a: Great Tusk\n|-sidestart|p1: beoneko111|Spikes\n|\n|upkeep\n|turn|4\n|\n|t:|1701007957\n|move|p1a: Great Tusk|Rapid Spin|p2a: Ting-Lu\n|-immune|p2a: Ting-Lu\n|move|p2a: Ting-Lu|Whirlwind|p1a: Great Tusk\n|-end|p1a: Great Tusk|Protosynthesis|[silent]\n|drag|p1a: Kleavor|Kleavor, F|100\/100\n|-damage|p1a: Kleavor|76\/100|[from] Stealth Rock\n|-damage|p1a: Kleavor|59\/100|[from] Spikes\n|\n|upkeep\n|turn|5\n|\n|t:|1701007963\n|move|p1a: Kleavor|Stone Axe|p2a: Ting-Lu\n|-damage|p2a: Ting-Lu|77\/100\n|-sidestart|p2: Kaegun|move: Stealth Rock\n|-enditem|p2a: Ting-Lu|Red Card|[of] p1a: Kleavor\n|drag|p1a: Tapu Koko|Tapu Koko|100\/100\n|-damage|p1a: Tapu Koko|88\/100|[from] Stealth Rock\n|-damage|p1a: Tapu Koko|71\/100|[from] Spikes\n|-fieldstart|move: Electric Terrain|[from] ability: Electric Surge|[of] p1a: Tapu Koko\n|move|p2a: Ting-Lu|Spikes|p1a: Tapu Koko\n|-sidestart|p1: beoneko111|Spikes\n|\n|upkeep\n|turn|6\n|\n|t:|1701007971\n|move|p1a: Tapu Koko|Volt Switch|p2a: Ting-Lu\n|-damage|p2a: Ting-Lu|47\/100\n|\n|t:|1701007986\n|switch|p1a: Great Tusk|Great Tusk|98\/100|[from] Volt Switch\n|-damage|p1a: Great Tusk|95\/100|[from] Stealth Rock\n|-damage|p1a: Great Tusk|70\/100|[from] Spikes\n|move|p2a: Ting-Lu|Whirlwind|p1a: Great Tusk\n|-end|p1a: Great Tusk|Protosynthesis|[silent]\n|drag|p1a: Sneasler|Sneasler, F|100\/100\n|-damage|p1a: Sneasler|94\/100|[from] Stealth Rock\n|-damage|p1a: Sneasler|69\/100|[from] Spikes\n|-enditem|p1a: Sneasler|Electric Seed\n|-boost|p1a: Sneasler|def|1|[from] item: Electric Seed\n|\n|upkeep\n|turn|7\n|\n|t:|1701007994\n|move|p1a: Sneasler|Acrobatics|p2a: Ting-Lu\n|-damage|p2a: Ting-Lu|28\/100\n|move|p2a: Ting-Lu|Whirlwind|p1a: Sneasler\n|drag|p1a: Great Tusk|Great Tusk|70\/100\n|-damage|p1a: Great Tusk|67\/100|[from] Stealth Rock\n|-damage|p1a: Great Tusk|42\/100|[from] Spikes\n|\n|upkeep\n|turn|8\n|\n|t:|1701008012\n|switch|p2a: Urshifu|Urshifu-Rapid-Strike, F|100\/100\n|-damage|p2a: Urshifu|94\/100|[from] Stealth Rock\n|move|p1a: Great Tusk|Headlong Rush|p2a: Urshifu\n|-damage|p2a: Urshifu|30\/100\n|-unboost|p1a: Great Tusk|def|1\n|-unboost|p1a: Great Tusk|spd|1\n|\n|upkeep\n|turn|9\n|\n|t:|1701008023\n|-end|p1a: Great Tusk|Protosynthesis|[silent]\n|switch|p1a: Kleavor|Kleavor, F|59\/100\n|-damage|p1a: Kleavor|34\/100|[from] Stealth Rock\n|-damage|p1a: Kleavor|9\/100|[from] Spikes\n|move|p2a: Urshifu|Surging Strikes|p1a: Kleavor\n|-supereffective|p1a: Kleavor\n|-crit|p1a: Kleavor\n|-damage|p1a: Kleavor|0 fnt\n|faint|p1a: Kleavor\n|-hitcount|p1: Kleavor|1\n|\n|-fieldend|move: Electric Terrain\n|upkeep\n|\n|t:|1701008029\n|switch|p1a: Banette|Banette-Mega, F|100\/100\n|-damage|p1a: Banette|88\/100|[from] Stealth Rock\n|-damage|p1a: Banette|63\/100|[from] Spikes\n|turn|10\n|\n|t:|1701008036\n|switch|p2a: Tapu Koko|Tapu Koko|100\/100\n|-fieldstart|move: Electric Terrain|[from] ability: Electric Surge|[of] p2a: Tapu Koko\n|move|p1a: Banette|Poltergeist|p2a: Tapu Koko\n|-activate|p2a: Tapu Koko|move: Poltergeist|Heavy-Duty Boots\n|-damage|p2a: Tapu Koko|19\/100\n|\n|upkeep\n|turn|11\n|\n|t:|1701008051\n|switch|p1a: Great Tusk|Great Tusk|42\/100\n|-damage|p1a: Great Tusk|39\/100|[from] Stealth Rock\n|-damage|p1a: Great Tusk|14\/100|[from] Spikes\n|move|p2a: Tapu Koko|Volt Switch|p1a: Great Tusk\n|-immune|p1a: Great Tusk\n|\n|upkeep\n|turn|12\n|\n|t:|1701008056\n|move|p2a: Tapu Koko|Dazzling Gleam|p1a: Great Tusk\n|-supereffective|p1a: Great Tusk\n|-damage|p1a: Great Tusk|0 fnt\n|faint|p1a: Great Tusk\n|-end|p1a: Great Tusk|Protosynthesis|[silent]\n|\n|upkeep\n|\n|t:|1701008059\n|switch|p1a: Corviknight|Corviknight, F|100\/100\n|-damage|p1a: Corviknight|88\/100|[from] Stealth Rock\n|turn|13\n|\n|t:|1701008069\n|-terastallize|p1a: Corviknight|Dragon\n|move|p2a: Tapu Koko|Volt Switch|p1a: Corviknight\n|-resisted|p1a: Corviknight\n|-damage|p1a: Corviknight|73\/100\n|\n|t:|1701008079\n|switch|p2a: Iron Valiant|Iron Valiant|100\/100|[from] Volt Switch\n|-damage|p2a: Iron Valiant|94\/100|[from] Stealth Rock\n|-activate|p2a: Iron Valiant|ability: Quark Drive\n|-start|p2a: Iron Valiant|quarkdrivespe\n|move|p1a: Corviknight|Agility|p1a: Corviknight\n|-boost|p1a: Corviknight|spe|2\n|\n|-heal|p1a: Corviknight|79\/100|[from] item: Leftovers\n|upkeep\n|turn|14\n|\n|t:|1701008099\n|move|p2a: Iron Valiant|Moonblast|p1a: Corviknight\n|-supereffective|p1a: Corviknight\n|-damage|p1a: Corviknight|0 fnt\n|faint|p1a: Corviknight\n|\n|-fieldend|move: Electric Terrain\n|-end|p2a: Iron Valiant|Quark Drive\n|upkeep\n|-message|beoneko111 forfeited.\n|\n|win|Kaegun\n|raw|beoneko111's rating: 1256 &rarr; <strong>1238<\/strong><br \/>(-18 for losing)\n|raw|Kaegun's rating: 1349 &rarr; <strong>1364<\/strong><br \/>(+15 for winning)\n|l|\u2606beoneko111\n","uploadtime":1701008106,"views":12,"p1id":"beoneko111","p2id":"kaegun","formatid":"gen9nationaldex","rating":1238,"private":0,"password":""}