{"id":"gen9nationaldex-1997922576","p1":"butislayer69","p2":"D.wolf94","format":"[Gen 9] National Dex","log":"|html|<div class=\"broadcast-blue\"><strong>[Gen 9] National Dex is currently suspecting Sneasler! For information on how to participate check out the <a href=\"https:\/\/www.smogon.com\/forums\/threads\/sv-national-dex-suspect-8-just-dance.3731534\/\">suspect thread<\/a>.<\/strong><\/div>\n|j|\u2606butislayer69\n|j|\u2606D.wolf94\n|t:|1700867832\n|gametype|singles\n|player|p1|butislayer69|266|1000\n|player|p2|D.wolf94|265|1086\n|teamsize|p1|6\n|teamsize|p2|6\n|gen|9\n|tier|[Gen 9] National Dex\n|rated|\n|rule|HP Percentage Mod: HP is shown in percentages\n|rule|Endless Battle Clause: Forcing endless battles is banned\n|rule|OHKO Clause: OHKO moves are banned\n|rule|Evasion Clause: Evasion abilities, items, and moves are banned\n|rule|Evasion Abilities Clause: Evasion abilities are banned\n|rule|Evasion Items Clause: Evasion items are banned\n|rule|Evasion Moves Clause: Evasion moves are banned\n|rule|Species Clause: Limit one of each Pok\u00e9mon\n|rule|Sleep Clause Mod: Limit one foe put to sleep\n|clearpoke\n|poke|p1|Garchomp, M|\n|poke|p1|Dragonite, M|\n|poke|p1|Tyranitar, M|\n|poke|p1|Ninetales-Alola, F|\n|poke|p1|Charizard, M|\n|poke|p1|Zapdos|\n|poke|p2|Sableye, F|\n|poke|p2|Arcanine, F|\n|poke|p2|Mimikyu, F|\n|poke|p2|Ferrothorn, M|\n|poke|p2|Smeargle, M|\n|poke|p2|Shuckle, M|\n|teampreview\n|\n|t:|1700867845\n|start\n|switch|p1a: \u0413\u0418\u0413\u0410 \u041d\u0415\u0413\u0410|Garchomp, M|100\/100\n|switch|p2a: Shovel|Shuckle, M|100\/100\n|turn|1\n|\n|t:|1700867863\n|move|p1a: \u0413\u0418\u0413\u0410 \u041d\u0415\u0413\u0410|Brick Break|p2a: Shovel\n|-damage|p2a: Shovel|81\/100\n|move|p2a: Shovel|Power Split|p1a: \u0413\u0418\u0413\u0410 \u041d\u0415\u0413\u0410\n|-activate|p2a: Shovel|move: Power Split|[of] p1a: \u0413\u0418\u0413\u0410 \u041d\u0415\u0413\u0410\n|\n|-heal|p2a: Shovel|87\/100|[from] item: Leftovers\n|upkeep\n|turn|2\n|inactive|Battle timer is ON: inactive players will automatically lose when time's up. (requested by D.wolf94)\n|\n|t:|1700867879\n|move|p1a: \u0413\u0418\u0413\u0410 \u041d\u0415\u0413\u0410|Earthquake|p2a: Shovel\n|-damage|p2a: Shovel|66\/100\n|move|p2a: Shovel|Acupressure|p2a: Shovel\n|-boost|p2a: Shovel|spa|2\n|\n|-heal|p2a: Shovel|72\/100|[from] item: Leftovers\n|upkeep\n|turn|3\n|\n|t:|1700867888\n|switch|p1a: Ari|Ninetales-Alola, F|100\/100\n|-weather|Snow|[from] ability: Snow Warning|[of] p1a: Ari\n|move|p2a: Shovel|Acupressure|p2a: Shovel\n|-boost|p2a: Shovel|spa|2\n|\n|-weather|Snow|[upkeep]\n|-heal|p2a: Shovel|78\/100|[from] item: Leftovers\n|upkeep\n|turn|4\n|\n|t:|1700867900\n|move|p1a: Ari|Ice Beam|p2a: Shovel\n|-damage|p2a: Shovel|51\/100\n|move|p2a: Shovel|Power Split|p1a: Ari\n|-activate|p2a: Shovel|move: Power Split|[of] p1a: Ari\n|\n|-weather|Snow|[upkeep]\n|-heal|p2a: Shovel|57\/100|[from] item: Leftovers\n|upkeep\n|turn|5\n|\n|t:|1700867907\n|move|p1a: Ari|Blizzard|p2a: Shovel\n|-damage|p2a: Shovel|31\/100\n|move|p2a: Shovel|Acupressure|p2a: Shovel\n|-boost|p2a: Shovel|spe|2\n|\n|-weather|Snow|[upkeep]\n|-heal|p2a: Shovel|37\/100|[from] item: Leftovers\n|upkeep\n|turn|6\n|\n|t:|1700867918\n|move|p1a: Ari|Blizzard|p2a: Shovel\n|-damage|p2a: Shovel|11\/100\n|-status|p2a: Shovel|frz\n|cant|p2a: Shovel|frz\n|\n|-weather|Snow|[upkeep]\n|-heal|p2a: Shovel|17\/100 frz|[from] item: Leftovers\n|upkeep\n|turn|7\n|\n|t:|1700867928\n|move|p1a: Ari|Blizzard|p2a: Shovel\n|-damage|p2a: Shovel|0 fnt\n|faint|p2a: Shovel\n|\n|-weather|none\n|upkeep\n|\n|t:|1700867937\n|switch|p2a: Arcanine|Arcanine, F|100\/100\n|-ability|p2a: Arcanine|Intimidate|boost\n|-unboost|p1a: Ari|atk|1\n|turn|8\n|\n|t:|1700867953\n|switch|p1a: \u0413\u0418\u0413\u0410 \u041d\u0415\u0413\u0410|Garchomp, M|100\/100\n|move|p2a: Arcanine|Close Combat|p1a: \u0413\u0418\u0413\u0410 \u041d\u0415\u0413\u0410\n|-damage|p1a: \u0413\u0418\u0413\u0410 \u041d\u0415\u0413\u0410|51\/100\n|-unboost|p2a: Arcanine|def|1\n|-unboost|p2a: Arcanine|spd|1\n|-damage|p2a: Arcanine|88\/100|[from] ability: Rough Skin|[of] p1a: \u0413\u0418\u0413\u0410 \u041d\u0415\u0413\u0410\n|-damage|p2a: Arcanine|78\/100|[from] item: Life Orb\n|\n|upkeep\n|turn|9\n|\n|t:|1700867969\n|switch|p2a: Smeargle|Smeargle, M|100\/100\n|move|p1a: \u0413\u0418\u0413\u0410 \u041d\u0415\u0413\u0410|Earthquake|p2a: Smeargle\n|-enditem|p2a: Smeargle|Focus Sash\n|-damage|p2a: Smeargle|1\/100\n|\n|upkeep\n|turn|10\n|\n|t:|1700867982\n|move|p1a: \u0413\u0418\u0413\u0410 \u041d\u0415\u0413\u0410|Earthquake|p2a: Smeargle\n|-damage|p2a: Smeargle|0 fnt\n|faint|p2a: Smeargle\n|\n|upkeep\n|c|\u2606butislayer69|uwu\n|inactive|D.wolf94 has 120 seconds left.\n|\n|t:|1700868022\n|switch|p2a: Ferrothorn|Ferrothorn, M|100\/100\n|turn|11\n|\n|t:|1700868034\n|move|p1a: \u0413\u0418\u0413\u0410 \u041d\u0415\u0413\u0410|Earthquake|p2a: Ferrothorn\n|-damage|p2a: Ferrothorn|63\/100\n|move|p2a: Ferrothorn|Gyro Ball|p1a: \u0413\u0418\u0413\u0410 \u041d\u0415\u0413\u0410\n|-damage|p1a: \u0413\u0418\u0413\u0410 \u041d\u0415\u0413\u0410|4\/100\n|-damage|p2a: Ferrothorn|50\/100|[from] ability: Rough Skin|[of] p1a: \u0413\u0418\u0413\u0410 \u041d\u0415\u0413\u0410\n|\n|-heal|p2a: Ferrothorn|57\/100|[from] item: Leftovers\n|upkeep\n|turn|12\n|c|\u2606D.wolf94|Lol\n|\n|t:|1700868062\n|switch|p1a: Donovan|Charizard, M, shiny|100\/100\n|move|p2a: Ferrothorn|Power Whip|p1a: Donovan\n|-resisted|p1a: Donovan\n|-damage|p1a: Donovan|86\/100\n|\n|-heal|p2a: Ferrothorn|63\/100|[from] item: Leftovers\n|upkeep\n|turn|13\n|\n|t:|1700868075\n|switch|p2a: Arcanine|Arcanine, F|78\/100\n|-ability|p2a: Arcanine|Intimidate|boost\n|-unboost|p1a: Donovan|atk|1\n|move|p1a: Donovan|Fire Blast|p2a: Arcanine\n|-resisted|p2a: Arcanine\n|-damage|p2a: Arcanine|47\/100\n|\n|upkeep\n|turn|14\n|inactive|butislayer69 has 120 seconds left.\n|\n|t:|1700868093\n|switch|p1a: piss|Tyranitar, M, shiny|100\/100\n|-weather|Sandstorm|[from] ability: Sand Stream|[of] p1a: piss\n|move|p2a: Arcanine|Wild Charge|p1a: piss\n|-crit|p1a: piss\n|-damage|p1a: piss|56\/100\n|-damage|p2a: Arcanine|33\/100|[from] Recoil\n|-damage|p2a: Arcanine|23\/100|[from] item: Life Orb\n|\n|-weather|Sandstorm|[upkeep]\n|-damage|p2a: Arcanine|16\/100|[from] Sandstorm\n|upkeep\n|turn|15\n|inactive|D.wolf94 has 120 seconds left.\n|\n|t:|1700868124\n|move|p2a: Arcanine|Close Combat|p1a: piss\n|-supereffective|p1a: piss\n|-damage|p1a: piss|0 fnt\n|-unboost|p2a: Arcanine|def|1\n|-unboost|p2a: Arcanine|spd|1\n|faint|p1a: piss\n|-damage|p2a: Arcanine|6\/100|[from] item: Life Orb\n|\n|-weather|Sandstorm|[upkeep]\n|-damage|p2a: Arcanine|0 fnt|[from] Sandstorm\n|faint|p2a: Arcanine\n|upkeep\n|inactive|D.wolf94 has 90 seconds left.\n|\n|t:|1700868145\n|switch|p2a: Ferrothorn|Ferrothorn, M|63\/100\n|switch|p1a: \u0413\u0418\u0413\u0410 \u041d\u0415\u0413\u0410|Garchomp, M|4\/100\n|turn|16\n|inactive|D.wolf94 has 90 seconds left.\n|\n|t:|1700868151\n|switch|p1a: Donovan|Charizard, M, shiny|86\/100\n|move|p2a: Ferrothorn|Leech Seed|p1a: Donovan\n|-start|p1a: Donovan|move: Leech Seed\n|\n|-weather|Sandstorm|[upkeep]\n|-damage|p1a: Donovan|80\/100|[from] Sandstorm\n|-heal|p2a: Ferrothorn|69\/100|[from] item: Leftovers\n|-damage|p1a: Donovan|67\/100|[from] Leech Seed|[of] p2a: Ferrothorn\n|-heal|p2a: Ferrothorn|80\/100|[silent]\n|upkeep\n|turn|17\n|inactive|D.wolf94 has 90 seconds left.\n|\n|t:|1700868164\n|switch|p2a: R u disabled?|Sableye, F|100\/100\n|move|p1a: Donovan|Fire Blast|p2a: R u disabled?\n|-damage|p2a: R u disabled?|42\/100\n|\n|-weather|Sandstorm|[upkeep]\n|-damage|p1a: Donovan|61\/100|[from] Sandstorm\n|-damage|p2a: R u disabled?|36\/100|[from] Sandstorm\n|-damage|p1a: Donovan|49\/100|[from] Leech Seed|[of] p2a: R u disabled?\n|-heal|p2a: R u disabled?|48\/100|[silent]\n|upkeep\n|turn|18\n|inactive|D.wolf94 has 90 seconds left.\n|\n|t:|1700868178\n|detailschange|p2a: R u disabled?|Sableye-Mega, F\n|-mega|p2a: R u disabled?|Sableye|Sablenite\n|move|p1a: Donovan|Fire Blast|p2a: R u disabled?\n|-damage|p2a: R u disabled?|4\/100\n|move|p2a: R u disabled?|Night Shade|p1a: Donovan\n|-damage|p1a: Donovan|15\/100\n|\n|-weather|none\n|-damage|p1a: Donovan|3\/100|[from] Leech Seed|[of] p2a: R u disabled?\n|-heal|p2a: R u disabled?|17\/100|[silent]\n|upkeep\n|turn|19\n|inactive|D.wolf94 has 90 seconds left.\n|\n|t:|1700868202\n|switch|p1a: Ari|Ninetales-Alola, F|100\/100\n|-weather|Snow|[from] ability: Snow Warning|[of] p1a: Ari\n|move|p2a: R u disabled?|Protect||[still]\n|-fail|p2a: R u disabled?\n|\n|-weather|Snow|[upkeep]\n|upkeep\n|turn|20\n|inactive|D.wolf94 has 90 seconds left.\n|\n|t:|1700868211\n|move|p2a: R u disabled?|Protect|p2a: R u disabled?\n|-singleturn|p2a: R u disabled?|Protect\n|move|p1a: Ari|Draining Kiss|p2a: R u disabled?\n|-activate|p2a: R u disabled?|move: Protect\n|\n|-weather|Snow|[upkeep]\n|upkeep\n|turn|21\n|inactive|D.wolf94 has 90 seconds left.\n|\n|t:|1700868224\n|switch|p2a: Ferrothorn|Ferrothorn, M|80\/100\n|move|p1a: Ari|Dazzling Gleam|p2a: Ferrothorn\n|-resisted|p2a: Ferrothorn\n|-damage|p2a: Ferrothorn|70\/100\n|\n|-weather|Snow|[upkeep]\n|-heal|p2a: Ferrothorn|76\/100|[from] item: Leftovers\n|upkeep\n|turn|22\n|inactive|D.wolf94 has 90 seconds left.\n|\n|t:|1700868247\n|move|p1a: Ari|Ice Beam|p2a: Ferrothorn\n|-damage|p2a: Ferrothorn|55\/100\n|move|p2a: Ferrothorn|Power Whip|p1a: Ari\n|-damage|p1a: Ari|60\/100\n|\n|-weather|Snow|[upkeep]\n|-heal|p2a: Ferrothorn|61\/100|[from] item: Leftovers\n|upkeep\n|turn|23\n|\n|t:|1700868254\n|move|p1a: Ari|Blizzard|p2a: Ferrothorn\n|-damage|p2a: Ferrothorn|33\/100\n|move|p2a: Ferrothorn|Leech Seed|p1a: Ari\n|-start|p1a: Ari|move: Leech Seed\n|\n|-weather|none\n|-heal|p2a: Ferrothorn|39\/100|[from] item: Leftovers\n|-damage|p1a: Ari|48\/100|[from] Leech Seed|[of] p2a: Ferrothorn\n|-heal|p2a: Ferrothorn|49\/100|[silent]\n|upkeep\n|turn|24\n|inactive|D.wolf94 has 90 seconds left.\n|\n|t:|1700868262\n|move|p1a: Ari|Blizzard|p2a: Ferrothorn\n|-damage|p2a: Ferrothorn|24\/100\n|move|p2a: Ferrothorn|Power Whip|p1a: Ari\n|-damage|p1a: Ari|0 fnt\n|faint|p1a: Ari\n|\n|-heal|p2a: Ferrothorn|31\/100|[from] item: Leftovers\n|upkeep\n|\n|t:|1700868267\n|switch|p1a: Donovan|Charizard, M, shiny|3\/100\n|turn|25\n|inactive|D.wolf94 has 90 seconds left.\n|inactive|D.wolf94 has 60 seconds left.\n|\n|t:|1700868314\n|switch|p2a: R u disabled?|Sableye-Mega, F|17\/100\n|move|p1a: Donovan|Fire Blast|p2a: R u disabled?\n|-damage|p2a: R u disabled?|0 fnt\n|faint|p2a: R u disabled?\n|\n|upkeep\n|inactive|D.wolf94 has 60 seconds left.\n|\n|t:|1700868322\n|switch|p2a: Mimikyu|Mimikyu, F|100\/100\n|turn|26\n|\n|t:|1700868348\n|move|p2a: Mimikyu|Shadow Sneak|p1a: Donovan\n|-damage|p1a: Donovan|0 fnt\n|faint|p1a: Donovan\n|-damage|p2a: Mimikyu|91\/100|[from] item: Life Orb\n|\n|upkeep\n|\n|t:|1700868356\n|switch|p1a: Zeus|Zapdos, shiny|100\/100\n|turn|27\n|\n|t:|1700868364\n|-terastallize|p2a: Mimikyu|Ghost\n|move|p1a: Zeus|Thunder|p2a: Mimikyu\n|-activate|p2a: Mimikyu|ability: Disguise\n|-damage|p2a: Mimikyu|91\/100\n|-status|p2a: Mimikyu|par\n|detailschange|p2a: Mimikyu|Mimikyu-Busted, F, tera:Ghost\n|-damage|p2a: Mimikyu|78\/100 par|[from] pokemon: Mimikyu-Busted\n|move|p2a: Mimikyu|Swords Dance|p2a: Mimikyu\n|-boost|p2a: Mimikyu|atk|2\n|\n|upkeep\n|turn|28\n|\n|t:|1700868384\n|move|p1a: Zeus|Hurricane|p2a: Mimikyu\n|-damage|p2a: Mimikyu|1\/100 par\n|move|p2a: Mimikyu|Play Rough|p1a: Zeus\n|-damage|p1a: Zeus|0 fnt\n|faint|p1a: Zeus\n|-damage|p2a: Mimikyu|0 fnt|[from] item: Life Orb\n|faint|p2a: Mimikyu\n|\n|upkeep\n|\n|t:|1700868396\n|switch|p1a: \u0413\u0418\u0413\u0410 \u041d\u0415\u0413\u0410|Garchomp, M|4\/100\n|switch|p2a: Ferrothorn|Ferrothorn, M|31\/100\n|turn|29\n|\n|t:|1700868408\n|move|p1a: \u0413\u0418\u0413\u0410 \u041d\u0415\u0413\u0410|Earthquake|p2a: Ferrothorn\n|-damage|p2a: Ferrothorn|0 fnt\n|faint|p2a: Ferrothorn\n|\n|win|butislayer69\n|raw|butislayer69's rating: 1000 &rarr; <strong>1050<\/strong><br \/>(+50 for winning)\n|raw|D.wolf94's rating: 1086 &rarr; <strong>1058<\/strong><br \/>(-28 for losing)\n|c|\u2606butislayer69|gg\n|l|\u2606D.wolf94\n","uploadtime":1700869146,"views":2,"p1id":"butislayer69","p2id":"dwolf94","formatid":"gen9nationaldex","rating":1050,"private":0,"password":""}