{"id":"smogtours-gen9nationaldex-732090","p1":"JesterArtisticBoi","p2":"Demonlord_001","format":"[Gen 9] National Dex","log":"|inactive|Battle timer is ON: inactive players will automatically lose when time's up.\n|t:|1700716291\n|gametype|singles\n|player|p1|JesterArtisticBoi|rocketgrunt|\n|player|p2|Demonlord_001|n|\n|teamsize|p1|6\n|teamsize|p2|6\n|gen|9\n|tier|[Gen 9] National Dex\n|rule|HP Percentage Mod: HP is shown in percentages\n|rule|Endless Battle Clause: Forcing endless battles is banned\n|rule|OHKO Clause: OHKO moves are banned\n|rule|Evasion Clause: Evasion abilities, items, and moves are banned\n|rule|Evasion Abilities Clause: Evasion abilities are banned\n|rule|Evasion Items Clause: Evasion items are banned\n|rule|Evasion Moves Clause: Evasion moves are banned\n|rule|Species Clause: Limit one of each Pok\u00e9mon\n|rule|Sleep Clause Mod: Limit one foe put to sleep\n|clearpoke\n|poke|p1|Ursaluna, M|\n|poke|p1|Skeledirge, M|\n|poke|p1|Flapple, M|\n|poke|p1|Mabosstiff, M|\n|poke|p1|Metagross|\n|poke|p1|Dragalge, M|\n|poke|p2|Chandelure, F|\n|poke|p2|Gardevoir, F|\n|poke|p2|Walrein, M|\n|poke|p2|Salamence, F|\n|poke|p2|Steelix, M|\n|poke|p2|Tauros, M|\n|teampreview\n|\n|t:|1700716298\n|start\n|switch|p1a: Dragalge|Dragalge, M|100\/100\n|switch|p2a: Night Light|Chandelure, F|100\/100\n|turn|1\n|\n|t:|1700716322\n|move|p2a: Night Light|Shadow Ball|p1a: Dragalge\n|-damage|p1a: Dragalge|52\/100\n|move|p1a: Dragalge|Surf|p2a: Night Light\n|-supereffective|p2a: Night Light\n|-damage|p2a: Night Light|25\/100\n|-enditem|p2a: Night Light|Wiki Berry|[eat]\n|-heal|p2a: Night Light|58\/100|[from] item: Wiki Berry\n|\n|-heal|p1a: Dragalge|58\/100|[from] item: Leftovers\n|upkeep\n|turn|2\n|\n|t:|1700716337\n|switch|p2a: Blubby|Walrein, M|100\/100\n|move|p1a: Dragalge|Surf|p2a: Blubby\n|-resisted|p2a: Blubby\n|-crit|p2a: Blubby\n|-damage|p2a: Blubby|89\/100\n|\n|-heal|p1a: Dragalge|64\/100|[from] item: Leftovers\n|upkeep\n|turn|3\n|\n|t:|1700716348\n|move|p1a: Dragalge|Draco Meteor|p2a: Blubby\n|-damage|p2a: Blubby|40\/100\n|-unboost|p1a: Dragalge|spa|2\n|move|p2a: Blubby|Avalanche|p1a: Dragalge\n|-supereffective|p1a: Dragalge\n|-damage|p1a: Dragalge|0 fnt\n|faint|p1a: Dragalge\n|\n|upkeep\n|\n|t:|1700716360\n|switch|p1a: Flapple|Flapple, M|100\/100\n|turn|4\n|\n|t:|1700716365\n|move|p1a: Flapple|Grav Apple|p2a: Blubby\n|-supereffective|p2a: Blubby\n|-damage|p2a: Blubby|0 fnt\n|faint|p2a: Blubby\n|\n|upkeep\n|\n|t:|1700716372\n|switch|p2a: Queen|Salamence, F|100\/100\n|-ability|p2a: Queen|Intimidate|boost\n|-unboost|p1a: Flapple|atk|1\n|turn|5\n|\n|t:|1700716378\n|move|p2a: Queen|Fly||[still]\n|-prepare|p2a: Queen|Fly\n|move|p1a: Flapple|Outrage|p2a: Queen|[miss]\n|-miss|p1a: Flapple|p2a: Queen\n|\n|upkeep\n|turn|6\n|\n|t:|1700716385\n|move|p2a: Queen|Fly|p1a: Flapple|[from]lockedmove\n|-supereffective|p1a: Flapple\n|-damage|p1a: Flapple|0 fnt\n|faint|p1a: Flapple\n|-damage|p2a: Queen|91\/100|[from] item: Life Orb\n|\n|upkeep\n|\n|t:|1700716393\n|switch|p1a: Metagross|Metagross, shiny|100\/100\n|turn|7\n|\n|t:|1700716400\n|switch|p1a: Ursaluna|Ursaluna, M|100\/100\n|move|p2a: Queen|Brick Break|p1a: Ursaluna\n|-supereffective|p1a: Ursaluna\n|-damage|p1a: Ursaluna|28\/100\n|-damage|p2a: Queen|81\/100|[from] item: Life Orb\n|\n|-status|p1a: Ursaluna|brn|[from] item: Flame Orb\n|upkeep\n|turn|8\n|\n|t:|1700716413\n|move|p2a: Queen|Dragon Claw|p1a: Ursaluna\n|-damage|p1a: Ursaluna|0 fnt\n|faint|p1a: Ursaluna\n|-damage|p2a: Queen|71\/100|[from] item: Life Orb\n|\n|upkeep\n|\n|t:|1700716420\n|switch|p1a: Mabosstiff|Mabosstiff, M|100\/100\n|turn|9\n|\n|t:|1700716428\n|move|p2a: Queen|Brick Break|p1a: Mabosstiff\n|-supereffective|p1a: Mabosstiff\n|-damage|p1a: Mabosstiff|13\/100\n|-damage|p2a: Queen|61\/100|[from] item: Life Orb\n|move|p1a: Mabosstiff|Outrage|p2a: Queen\n|-supereffective|p2a: Queen\n|-damage|p2a: Queen|0 fnt\n|faint|p2a: Queen\n|\n|upkeep\n|\n|t:|1700716446\n|switch|p2a: Levi|Steelix, M|100\/100\n|turn|10\n|\n|t:|1700716450\n|move|p1a: Mabosstiff|Outrage|p2a: Levi|[from]lockedmove\n|-resisted|p2a: Levi\n|-damage|p2a: Levi|91\/100\n|move|p2a: Levi|Crunch|p1a: Mabosstiff\n|-resisted|p1a: Mabosstiff\n|-damage|p1a: Mabosstiff|0 fnt\n|faint|p1a: Mabosstiff\n|\n|-heal|p2a: Levi|97\/100|[from] item: Leftovers\n|upkeep\n|\n|t:|1700716461\n|switch|p1a: Skeledirge|Skeledirge, M|100\/100\n|turn|11\n|\n|t:|1700716465\n|move|p1a: Skeledirge|Will-O-Wisp|p2a: Levi\n|-status|p2a: Levi|brn\n|move|p2a: Levi|Earthquake|p1a: Skeledirge\n|-supereffective|p1a: Skeledirge\n|-damage|p1a: Skeledirge|60\/100\n|\n|-heal|p2a: Levi|100\/100 brn|[from] item: Leftovers\n|-damage|p2a: Levi|94\/100 brn|[from] brn\n|upkeep\n|turn|12\n|\n|t:|1700716482\n|move|p1a: Skeledirge|Shadow Ball|p2a: Levi\n|-damage|p2a: Levi|42\/100 brn\n|move|p2a: Levi|Earthquake|p1a: Skeledirge\n|-supereffective|p1a: Skeledirge\n|-damage|p1a: Skeledirge|19\/100\n|\n|-heal|p2a: Levi|48\/100 brn|[from] item: Leftovers\n|-damage|p2a: Levi|42\/100 brn|[from] brn\n|upkeep\n|turn|13\n|\n|t:|1700716492\n|move|p1a: Skeledirge|Shadow Ball|p2a: Levi\n|-damage|p2a: Levi|0 fnt\n|faint|p2a: Levi\n|\n|upkeep\n|\n|t:|1700716500\n|switch|p2a: Rampant|Tauros, M|100\/100\n|turn|14\n|\n|t:|1700716503\n|move|p2a: Rampant|Throat Chop|p1a: Skeledirge\n|-supereffective|p1a: Skeledirge\n|-crit|p1a: Skeledirge\n|-damage|p1a: Skeledirge|0 fnt\n|faint|p1a: Skeledirge\n|\n|upkeep\n|\n|t:|1700716509\n|switch|p1a: Metagross|Metagross, shiny|100\/100\n|turn|15\n|\n|t:|1700716517\n|move|p2a: Rampant|Throat Chop|p1a: Metagross\n|-supereffective|p1a: Metagross\n|-damage|p1a: Metagross|9\/100\n|move|p1a: Metagross|Flash Cannon|p2a: Rampant\n|-damage|p2a: Rampant|40\/100\n|-unboost|p2a: Rampant|spd|1\n|\n|upkeep\n|turn|16\n|\n|t:|1700716525\n|move|p2a: Rampant|Throat Chop|p1a: Metagross\n|-supereffective|p1a: Metagross\n|-damage|p1a: Metagross|0 fnt\n|faint|p1a: Metagross\n|\n|win|Demonlord_001\n","uploadtime":1700716526,"views":3,"p1id":"jesterartisticboi","p2id":"demonlord001","formatid":"gen9nationaldex","rating":0,"private":0,"password":""}