{"id":"smogtours-gen9nationaldex-729953","p1":"Ryuji","p2":"Luna's Bann3d Now","format":"[Gen 9] National Dex","log":"|inactive|Battle timer is ON: inactive players will automatically lose when time's up.\n|t:|1699729193\n|gametype|singles\n|player|p1|Ryuji|#ndpliiigalarianphoenix|\n|player|p2|Luna's Bann3d Now|#agplvivoryimpalers|\n|teamsize|p1|6\n|teamsize|p2|6\n|gen|9\n|tier|[Gen 9] National Dex\n|rule|HP Percentage Mod: HP is shown in percentages\n|rule|Endless Battle Clause: Forcing endless battles is banned\n|rule|OHKO Clause: OHKO moves are banned\n|rule|Evasion Clause: Evasion abilities, items, and moves are banned\n|rule|Evasion Abilities Clause: Evasion abilities are banned\n|rule|Evasion Items Clause: Evasion items are banned\n|rule|Evasion Moves Clause: Evasion moves are banned\n|rule|Species Clause: Limit one of each Pok\u00e9mon\n|rule|Sleep Clause Mod: Limit one foe put to sleep\n|clearpoke\n|poke|p1|Diancie|\n|poke|p1|Ferrothorn, M|\n|poke|p1|Volcarona, M|\n|poke|p1|Landorus-Therian, M|\n|poke|p1|Iron Hands|\n|poke|p1|Dragonite, F|\n|poke|p2|Tyranitar, M|\n|poke|p2|Gliscor, F|\n|poke|p2|Garganacl, M|\n|poke|p2|Alomomola, F|\n|poke|p2|Skeledirge, F|\n|poke|p2|Ferrothorn, M|\n|teampreview\n|c|\u2606Ryuji|hf\n|c|\u2606Luna's Bann3d Now|u2\n|inactive|Ryuji has 270 seconds left.\n|inactive|Luna's Bann3d Now has 270 seconds left.\n|\n|t:|1699729249\n|start\n|switch|p1a: Ferrothorn|Ferrothorn, M|100\/100\n|switch|p2a: Garganacl|Garganacl, M|100\/100\n|turn|1\n|\n|t:|1699729254\n|move|p2a: Garganacl|Salt Cure|p1a: Ferrothorn\n|-resisted|p1a: Ferrothorn\n|-damage|p1a: Ferrothorn|95\/100\n|move|p1a: Ferrothorn|Knock Off|p2a: Garganacl\n|-damage|p2a: Garganacl|87\/100\n|-enditem|p2a: Garganacl|Covert Cloak|[from] move: Knock Off|[of] p1a: Ferrothorn\n|\n|upkeep\n|turn|2\n|\n|t:|1699729264\n|move|p2a: Garganacl|Iron Defense|p2a: Garganacl\n|-boost|p2a: Garganacl|def|2\n|move|p1a: Ferrothorn|Knock Off|p2a: Garganacl\n|-damage|p2a: Garganacl|83\/100\n|\n|upkeep\n|turn|3\n|c|+Inder|RYUJI\n|\n|t:|1699729283\n|switch|p1a: Iron Hands|Iron Hands|100\/100\n|move|p2a: Garganacl|Salt Cure|p1a: Iron Hands\n|-resisted|p1a: Iron Hands\n|-damage|p1a: Iron Hands|97\/100\n|-start|p1a: Iron Hands|Salt Cure\n|\n|-heal|p1a: Iron Hands|100\/100|[from] item: Leftovers\n|-damage|p1a: Iron Hands|88\/100|[from] Salt Cure\n|upkeep\n|turn|4\n|\n|t:|1699729289\n|-end|p1a: Iron Hands|Quark Drive|[silent]\n|switch|p1a: Ferrothorn|Ferrothorn, M|95\/100\n|switch|p2a: Skeledirge|Skeledirge, F|100\/100\n|\n|upkeep\n|turn|5\n|\n|t:|1699729311\n|switch|p1a: Diancie|Diancie|100\/100\n|move|p2a: Skeledirge|Will-O-Wisp|p1a: Diancie|[miss]\n|-miss|p2a: Skeledirge|p1a: Diancie\n|\n|upkeep\n|turn|6\n|\n|t:|1699729320\n|switch|p2a: Ferrothorn|Ferrothorn, M|100\/100\n|detailschange|p1a: Diancie|Diancie-Mega\n|-mega|p1a: Diancie|Diancie|Diancite\n|move|p1a: Diancie|Moonblast|p2a: Ferrothorn\n|-resisted|p2a: Ferrothorn\n|-damage|p2a: Ferrothorn|81\/100\n|\n|-heal|p2a: Ferrothorn|87\/100|[from] item: Leftovers\n|upkeep\n|turn|7\n|\n|t:|1699729340\n|switch|p1a: Ferrothorn|Ferrothorn, M|95\/100\n|move|p2a: Ferrothorn|Power Whip|p1a: Ferrothorn\n|-resisted|p1a: Ferrothorn\n|-damage|p1a: Ferrothorn|89\/100\n|-damage|p2a: Ferrothorn|75\/100|[from] ability: Iron Barbs|[of] p1a: Ferrothorn\n|\n|-heal|p2a: Ferrothorn|81\/100|[from] item: Leftovers\n|upkeep\n|turn|8\n|\n|t:|1699729354\n|switch|p2a: Garganacl|Garganacl, M|83\/100\n|move|p1a: Ferrothorn|Stealth Rock|p2a: Garganacl\n|-sidestart|p2: Luna's Bann3d Now|move: Stealth Rock\n|\n|upkeep\n|turn|9\n|\n|t:|1699729359\n|switch|p1a: Diancie|Diancie-Mega|100\/100\n|move|p2a: Garganacl|Iron Defense|p2a: Garganacl\n|-boost|p2a: Garganacl|def|2\n|\n|upkeep\n|turn|10\n|\n|t:|1699729378\n|move|p1a: Diancie|Encore|p2a: Garganacl\n|-start|p2a: Garganacl|Encore\n|move|p2a: Garganacl|Iron Defense|p2a: Garganacl\n|-boost|p2a: Garganacl|def|2\n|\n|upkeep\n|turn|11\n|\n|t:|1699729383\n|switch|p2a: Ferrothorn|Ferrothorn, M|81\/100\n|-damage|p2a: Ferrothorn|75\/100|[from] Stealth Rock\n|move|p1a: Diancie|Earth Power|p2a: Ferrothorn\n|-damage|p2a: Ferrothorn|50\/100\n|\n|-heal|p2a: Ferrothorn|56\/100|[from] item: Leftovers\n|upkeep\n|turn|12\n|\n|t:|1699729400\n|switch|p1a: Iron Hands|Iron Hands|88\/100\n|switch|p2a: Gliscor|Gliscor, F|100\/100\n|-damage|p2a: Gliscor|88\/100|[from] Stealth Rock\n|\n|-heal|p1a: Iron Hands|94\/100|[from] item: Leftovers\n|-status|p2a: Gliscor|tox|[from] item: Toxic Orb\n|upkeep\n|turn|13\n|\n|t:|1699729406\n|-end|p1a: Iron Hands|Quark Drive|[silent]\n|switch|p1a: Ferrothorn|Ferrothorn, M|89\/100\n|move|p2a: Gliscor|Toxic|p1a: Ferrothorn\n|-immune|p1a: Ferrothorn\n|\n|-heal|p2a: Gliscor|100\/100 tox|[from] ability: Poison Heal\n|upkeep\n|turn|14\n|\n|t:|1699729410\n|switch|p1a: Diancie|Diancie-Mega|100\/100\n|move|p2a: Gliscor|Defog|p1a: Diancie\n|move|p1a: Diancie|Defog|p2a: Gliscor|[from]ability: Magic Bounce\n|-unboost|p2a: Gliscor|evasion|1\n|-sideend|p2: Luna's Bann3d Now|Stealth Rock|[from] move: Defog|[of] p1a: Diancie\n|\n|upkeep\n|turn|15\n|\n|t:|1699729418\n|switch|p1a: Ferrothorn|Ferrothorn, M|89\/100\n|switch|p2a: Ferrothorn|Ferrothorn, M|56\/100\n|\n|-heal|p2a: Ferrothorn|62\/100|[from] item: Leftovers\n|upkeep\n|turn|16\n|\n|t:|1699729422\n|switch|p2a: Skeledirge|Skeledirge, F|100\/100\n|move|p1a: Ferrothorn|Knock Off|p2a: Skeledirge\n|-supereffective|p2a: Skeledirge\n|-damage|p2a: Skeledirge|74\/100\n|-enditem|p2a: Skeledirge|Heavy-Duty Boots|[from] move: Knock Off|[of] p1a: Ferrothorn\n|\n|upkeep\n|turn|17\n|\n|t:|1699729427\n|switch|p1a: Diancie|Diancie-Mega|100\/100\n|move|p2a: Skeledirge|Torch Song|p1a: Diancie\n|-resisted|p1a: Diancie\n|-damage|p1a: Diancie|82\/100\n|-boost|p2a: Skeledirge|spa|1\n|\n|upkeep\n|turn|18\n|\n|t:|1699729436\n|switch|p2a: Gliscor|Gliscor, F|100\/100 tox\n|move|p1a: Diancie|Earth Power|p2a: Gliscor\n|-immune|p2a: Gliscor\n|\n|upkeep\n|turn|19\n|\n|t:|1699729440\n|switch|p1a: Ferrothorn|Ferrothorn, M|89\/100\n|move|p2a: Gliscor|Earthquake|p1a: Ferrothorn\n|-damage|p1a: Ferrothorn|68\/100\n|\n|upkeep\n|turn|20\n|\n|t:|1699729445\n|move|p2a: Gliscor|Earthquake|p1a: Ferrothorn\n|-damage|p1a: Ferrothorn|46\/100\n|move|p1a: Ferrothorn|Stealth Rock|p2a: Gliscor\n|-sidestart|p2: Luna's Bann3d Now|move: Stealth Rock\n|\n|upkeep\n|turn|21\n|\n|t:|1699729449\n|move|p2a: Gliscor|Earthquake|p1a: Ferrothorn\n|-damage|p1a: Ferrothorn|25\/100\n|move|p1a: Ferrothorn|Leech Seed|p2a: Gliscor\n|-start|p2a: Gliscor|move: Leech Seed\n|\n|-damage|p2a: Gliscor|88\/100 tox|[from] Leech Seed|[of] p1a: Ferrothorn\n|-heal|p1a: Ferrothorn|38\/100|[silent]\n|-heal|p2a: Gliscor|100\/100 tox|[from] ability: Poison Heal\n|upkeep\n|turn|22\n|\n|t:|1699729455\n|switch|p2a: Ferrothorn|Ferrothorn, M|62\/100\n|-damage|p2a: Ferrothorn|56\/100|[from] Stealth Rock\n|move|p1a: Ferrothorn|Leech Seed|p2a: Ferrothorn\n|-immune|p2a: Ferrothorn\n|\n|-heal|p2a: Ferrothorn|62\/100|[from] item: Leftovers\n|upkeep\n|turn|23\n|\n|t:|1699729460\n|switch|p2a: Gliscor|Gliscor, F|100\/100 tox\n|-damage|p2a: Gliscor|88\/100 tox|[from] Stealth Rock\n|switch|p1a: Iron Hands|Iron Hands|94\/100\n|\n|-heal|p1a: Iron Hands|100\/100|[from] item: Leftovers\n|-heal|p2a: Gliscor|100\/100 tox|[from] ability: Poison Heal\n|upkeep\n|turn|24\n|\n|t:|1699729465\n|move|p2a: Gliscor|Toxic|p1a: Iron Hands\n|-status|p1a: Iron Hands|tox\n|move|p1a: Iron Hands|Substitute|p1a: Iron Hands\n|-start|p1a: Iron Hands|Substitute\n|-damage|p1a: Iron Hands|76\/100 tox\n|\n|-heal|p1a: Iron Hands|82\/100 tox|[from] item: Leftovers\n|-damage|p1a: Iron Hands|76\/100 tox|[from] psn\n|upkeep\n|turn|25\n|\n|t:|1699729470\n|-end|p1a: Iron Hands|Quark Drive|[silent]\n|switch|p1a: Ferrothorn|Ferrothorn, M|38\/100\n|move|p2a: Gliscor|Earthquake|p1a: Ferrothorn\n|-damage|p1a: Ferrothorn|17\/100\n|\n|upkeep\n|turn|26\n|\n|t:|1699729486\n|switch|p1a: Landorus|Landorus-Therian, M|100\/100\n|-ability|p1a: Landorus|Intimidate|boost\n|-unboost|p2a: Gliscor|atk|1\n|move|p2a: Gliscor|Earthquake|p1a: Landorus\n|-immune|p1a: Landorus\n|\n|upkeep\n|turn|27\n|\n|t:|1699729490\n|switch|p2a: Alomomola|Alomomola, F|100\/100\n|-damage|p2a: Alomomola|88\/100|[from] Stealth Rock\n|move|p1a: Landorus|Explosion|p2a: Alomomola\n|-damage|p2a: Alomomola|43\/100\n|faint|p1a: Landorus\n|\n|upkeep\n|\n|t:|1699729492\n|switch|p1a: Diancie|Diancie-Mega|82\/100\n|turn|28\n|\n|t:|1699729513\n|switch|p2a: Ferrothorn|Ferrothorn, M|62\/100\n|-damage|p2a: Ferrothorn|56\/100|[from] Stealth Rock\n|move|p1a: Diancie|Moonblast|p2a: Ferrothorn\n|-resisted|p2a: Ferrothorn\n|-damage|p2a: Ferrothorn|36\/100\n|-unboost|p2a: Ferrothorn|spa|1\n|\n|-heal|p2a: Ferrothorn|42\/100|[from] item: Leftovers\n|upkeep\n|turn|29\n|\n|t:|1699729522\n|switch|p1a: Ferrothorn|Ferrothorn, M|17\/100\n|move|p2a: Ferrothorn|Power Whip|p1a: Ferrothorn|[miss]\n|-miss|p2a: Ferrothorn|p1a: Ferrothorn\n|\n|-heal|p2a: Ferrothorn|48\/100|[from] item: Leftovers\n|upkeep\n|turn|30\n|\n|t:|1699729529\n|move|p1a: Ferrothorn|Leech Seed|p2a: Ferrothorn\n|-immune|p2a: Ferrothorn\n|move|p2a: Ferrothorn|Spikes|p1a: Ferrothorn\n|-sidestart|p1: Ryuji|Spikes\n|\n|-heal|p2a: Ferrothorn|54\/100|[from] item: Leftovers\n|upkeep\n|turn|31\n|\n|t:|1699729534\n|switch|p2a: Skeledirge|Skeledirge, F|74\/100\n|-damage|p2a: Skeledirge|49\/100|[from] Stealth Rock\n|move|p1a: Ferrothorn|Knock Off|p2a: Skeledirge\n|-supereffective|p2a: Skeledirge\n|-damage|p2a: Skeledirge|31\/100\n|\n|upkeep\n|turn|32\n|\n|t:|1699729538\n|move|p2a: Skeledirge|Slack Off|p2a: Skeledirge\n|-heal|p2a: Skeledirge|82\/100\n|move|p1a: Ferrothorn|Leech Seed|p2a: Skeledirge\n|-start|p2a: Skeledirge|move: Leech Seed\n|\n|-damage|p2a: Skeledirge|69\/100|[from] Leech Seed|[of] p1a: Ferrothorn\n|-heal|p1a: Ferrothorn|32\/100|[silent]\n|upkeep\n|turn|33\n|\n|t:|1699729549\n|switch|p2a: Gliscor|Gliscor, F|100\/100 tox\n|-damage|p2a: Gliscor|88\/100 tox|[from] Stealth Rock\n|switch|p1a: Diancie|Diancie-Mega|82\/100\n|-damage|p1a: Diancie|69\/100|[from] Spikes\n|\n|-heal|p2a: Gliscor|100\/100 tox|[from] ability: Poison Heal\n|upkeep\n|turn|34\n|\n|t:|1699729558\n|switch|p1a: Iron Hands|Iron Hands|76\/100 tox\n|-damage|p1a: Iron Hands|63\/100 tox|[from] Spikes\n|move|p2a: Gliscor|Earthquake|p1a: Iron Hands\n|-supereffective|p1a: Iron Hands\n|-damage|p1a: Iron Hands|24\/100 tox\n|\n|-heal|p1a: Iron Hands|31\/100 tox|[from] item: Leftovers\n|-damage|p1a: Iron Hands|24\/100 tox|[from] psn\n|upkeep\n|turn|35\n|\n|t:|1699729561\n|move|p2a: Gliscor|Earthquake|p1a: Iron Hands\n|-supereffective|p1a: Iron Hands\n|-damage|p1a: Iron Hands|0 fnt\n|faint|p1a: Iron Hands\n|-end|p1a: Iron Hands|Quark Drive|[silent]\n|\n|upkeep\n|\n|t:|1699729563\n|switch|p1a: Dragonite|Dragonite, F|100\/100\n|turn|36\n|\n|t:|1699729567\n|move|p1a: Dragonite|Dragon Dance|p1a: Dragonite\n|-boost|p1a: Dragonite|atk|1\n|-boost|p1a: Dragonite|spe|1\n|move|p2a: Gliscor|Toxic|p1a: Dragonite\n|-status|p1a: Dragonite|tox\n|\n|-damage|p1a: Dragonite|94\/100 tox|[from] psn\n|upkeep\n|turn|37\n|\n|t:|1699729571\n|switch|p2a: Alomomola|Alomomola, F|76\/100\n|-damage|p2a: Alomomola|64\/100|[from] Stealth Rock\n|move|p1a: Dragonite|Earthquake|p2a: Alomomola\n|-damage|p2a: Alomomola|36\/100\n|\n|-damage|p1a: Dragonite|82\/100 tox|[from] psn\n|upkeep\n|turn|38\n|\n|t:|1699729575\n|move|p1a: Dragonite|Earthquake|p2a: Alomomola\n|-damage|p2a: Alomomola|10\/100\n|move|p2a: Alomomola|Wish|p2a: Alomomola\n|\n|-damage|p1a: Dragonite|64\/100 tox|[from] psn\n|upkeep\n|turn|39\n|\n|t:|1699729581\n|move|p2a: Alomomola|Protect|p2a: Alomomola\n|-singleturn|p2a: Alomomola|Protect\n|move|p1a: Dragonite|Roost|p1a: Dragonite\n|-heal|p1a: Dragonite|100\/100 tox\n|-singleturn|p1a: Dragonite|move: Roost\n|\n|-heal|p2a: Alomomola|60\/100|[from] move: Wish|[wisher] Alomomola\n|-damage|p1a: Dragonite|76\/100 tox|[from] psn\n|upkeep\n|turn|40\n|\n|t:|1699729584\n|switch|p1a: Ferrothorn|Ferrothorn, M|32\/100\n|-damage|p1a: Ferrothorn|19\/100|[from] Spikes\n|move|p2a: Alomomola|Wish|p2a: Alomomola\n|\n|upkeep\n|turn|41\n|-message|Ryuji forfeited.\n|\n|win|Luna's Bann3d Now\n|c|\u2606Luna's Bann3d Now|gg\n","uploadtime":1699729591,"views":311,"p1id":"ryuji","p2id":"lunasbann3dnow","formatid":"gen9nationaldex","rating":0,"private":0,"password":""}