{"id":"smogtours-gen9nationaldex-732089","p1":"JesterArtisticBoi","p2":"Demonlord_001","format":"[Gen 9] National Dex","log":"|inactive|Battle timer is ON: inactive players will automatically lose when time's up.\n|t:|1700716006\n|gametype|singles\n|player|p1|JesterArtisticBoi|rocketgrunt|\n|player|p2|Demonlord_001|n|\n|teamsize|p1|6\n|teamsize|p2|6\n|gen|9\n|tier|[Gen 9] National Dex\n|rule|HP Percentage Mod: HP is shown in percentages\n|rule|Endless Battle Clause: Forcing endless battles is banned\n|rule|OHKO Clause: OHKO moves are banned\n|rule|Evasion Clause: Evasion abilities, items, and moves are banned\n|rule|Evasion Abilities Clause: Evasion abilities are banned\n|rule|Evasion Items Clause: Evasion items are banned\n|rule|Evasion Moves Clause: Evasion moves are banned\n|rule|Species Clause: Limit one of each Pok\u00e9mon\n|rule|Sleep Clause Mod: Limit one foe put to sleep\n|clearpoke\n|poke|p1|Ursaluna, M|\n|poke|p1|Skeledirge, M|\n|poke|p1|Flapple, M|\n|poke|p1|Mabosstiff, M|\n|poke|p1|Metagross|\n|poke|p1|Dragalge, M|\n|poke|p2|Chandelure, F|\n|poke|p2|Gardevoir, F|\n|poke|p2|Walrein, M|\n|poke|p2|Salamence, F|\n|poke|p2|Steelix, M|\n|poke|p2|Tauros, M|\n|teampreview\n|\n|t:|1700716011\n|start\n|switch|p1a: Dragalge|Dragalge, M|100\/100\n|switch|p2a: Mistress|Gardevoir, F, shiny|100\/100\n|turn|1\n|\n|t:|1700716019\n|move|p2a: Mistress|Psychic|p1a: Dragalge\n|-supereffective|p1a: Dragalge\n|-damage|p1a: Dragalge|1\/100\n|move|p1a: Dragalge|Gunk Shot|p2a: Mistress\n|-supereffective|p2a: Mistress\n|-damage|p2a: Mistress|0 fnt\n|faint|p2a: Mistress\n|\n|-heal|p1a: Dragalge|7\/100|[from] item: Leftovers\n|upkeep\n|\n|t:|1700716036\n|switch|p2a: Levi|Steelix, M|100\/100\n|turn|2\n|\n|t:|1700716040\n|move|p1a: Dragalge|Surf|p2a: Levi\n|-supereffective|p2a: Levi\n|-damage|p2a: Levi|26\/100\n|move|p2a: Levi|Earthquake|p1a: Dragalge\n|-supereffective|p1a: Dragalge\n|-damage|p1a: Dragalge|0 fnt\n|faint|p1a: Dragalge\n|\n|-heal|p2a: Levi|32\/100|[from] item: Leftovers\n|upkeep\n|\n|t:|1700716063\n|switch|p1a: Flapple|Flapple, M|100\/100\n|turn|3\n|\n|t:|1700716079\n|move|p1a: Flapple|Outrage|p2a: Levi\n|-resisted|p2a: Levi\n|-damage|p2a: Levi|17\/100\n|move|p2a: Levi|Crunch|p1a: Flapple\n|-damage|p1a: Flapple|66\/100\n|\n|-heal|p2a: Levi|24\/100|[from] item: Leftovers\n|upkeep\n|turn|4\n|\n|t:|1700716089\n|move|p1a: Flapple|Outrage|p2a: Levi|[from]lockedmove\n|-resisted|p2a: Levi\n|-damage|p2a: Levi|8\/100\n|-start|p1a: Flapple|confusion|[fatigue]\n|move|p2a: Levi|Crunch|p1a: Flapple\n|-damage|p1a: Flapple|32\/100\n|\n|-heal|p2a: Levi|15\/100|[from] item: Leftovers\n|upkeep\n|turn|5\n|\n|t:|1700716100\n|-activate|p1a: Flapple|confusion\n|move|p1a: Flapple|Giga Drain|p2a: Levi\n|-damage|p2a: Levi|0 fnt\n|-heal|p1a: Flapple|41\/100|[from] drain|[of] p2a: Levi\n|faint|p2a: Levi\n|\n|upkeep\n|\n|t:|1700716106\n|switch|p2a: Queen|Salamence, F|100\/100\n|-ability|p2a: Queen|Intimidate|boost\n|-unboost|p1a: Flapple|atk|1\n|turn|6\n|\n|t:|1700716114\n|move|p2a: Queen|Fly||[still]\n|-prepare|p2a: Queen|Fly\n|-end|p1a: Flapple|confusion\n|move|p1a: Flapple|Grav Apple|p2a: Queen|[miss]\n|-miss|p1a: Flapple|p2a: Queen\n|\n|upkeep\n|turn|7\n|\n|t:|1700716121\n|move|p2a: Queen|Fly|p1a: Flapple|[from]lockedmove\n|-supereffective|p1a: Flapple\n|-crit|p1a: Flapple\n|-damage|p1a: Flapple|0 fnt\n|faint|p1a: Flapple\n|-damage|p2a: Queen|91\/100|[from] item: Life Orb\n|\n|upkeep\n|\n|t:|1700716129\n|switch|p1a: Metagross|Metagross, shiny|100\/100\n|turn|8\n|\n|t:|1700716140\n|move|p2a: Queen|Dragon Dance|p2a: Queen\n|-boost|p2a: Queen|atk|1\n|-boost|p2a: Queen|spe|1\n|move|p1a: Metagross|Sludge Bomb|p2a: Queen\n|-damage|p2a: Queen|56\/100\n|\n|upkeep\n|turn|9\n|\n|t:|1700716148\n|move|p2a: Queen|Dragon Claw|p1a: Metagross\n|-resisted|p1a: Metagross\n|-damage|p1a: Metagross|51\/100\n|-damage|p2a: Queen|46\/100|[from] item: Life Orb\n|move|p1a: Metagross|Psychic|p2a: Queen\n|-damage|p2a: Queen|0 fnt\n|faint|p2a: Queen\n|\n|upkeep\n|inactive|Demonlord_001 has 270 seconds left.\n|\n|t:|1700716179\n|switch|p2a: Night Light|Chandelure, F|100\/100\n|turn|10\n|\n|t:|1700716185\n|move|p2a: Night Light|Shadow Ball|p1a: Metagross\n|-supereffective|p1a: Metagross\n|-damage|p1a: Metagross|0 fnt\n|faint|p1a: Metagross\n|\n|upkeep\n|\n|t:|1700716194\n|switch|p1a: Mabosstiff|Mabosstiff, M|100\/100\n|turn|11\n|\n|t:|1700716199\n|switch|p2a: Rampant|Tauros, M|100\/100\n|move|p1a: Mabosstiff|Lash Out|p2a: Rampant\n|-damage|p2a: Rampant|4\/100\n|\n|upkeep\n|turn|12\n|\n|t:|1700716207\n|move|p2a: Rampant|Close Combat|p1a: Mabosstiff\n|-supereffective|p1a: Mabosstiff\n|-damage|p1a: Mabosstiff|0 fnt\n|-unboost|p2a: Rampant|def|1\n|-unboost|p2a: Rampant|spd|1\n|faint|p1a: Mabosstiff\n|\n|upkeep\n|\n|t:|1700716214\n|switch|p1a: Skeledirge|Skeledirge, M|100\/100\n|turn|13\n|\n|t:|1700716221\n|switch|p2a: Blubby|Walrein, M|100\/100\n|move|p1a: Skeledirge|Torch Song|p2a: Blubby\n|-damage|p2a: Blubby|88\/100\n|-boost|p1a: Skeledirge|spa|1\n|-enditem|p1a: Skeledirge|Throat Spray\n|-boost|p1a: Skeledirge|spa|1|[from] item: Throat Spray\n|\n|upkeep\n|turn|14\n|\n|t:|1700716231\n|move|p1a: Skeledirge|Earth Power|p2a: Blubby\n|-damage|p2a: Blubby|53\/100\n|move|p2a: Blubby|Earthquake|p1a: Skeledirge\n|-supereffective|p1a: Skeledirge\n|-damage|p1a: Skeledirge|44\/100\n|\n|upkeep\n|turn|15\n|\n|t:|1700716241\n|move|p1a: Skeledirge|Shadow Ball|p2a: Blubby\n|-damage|p2a: Blubby|8\/100\n|move|p2a: Blubby|Earthquake|p1a: Skeledirge\n|-supereffective|p1a: Skeledirge\n|-damage|p1a: Skeledirge|0 fnt\n|faint|p1a: Skeledirge\n|\n|upkeep\n|\n|t:|1700716250\n|switch|p1a: Ursaluna|Ursaluna, M|100\/100\n|turn|16\n|\n|t:|1700716255\n|move|p1a: Ursaluna|Thunder Punch|p2a: Blubby\n|-supereffective|p2a: Blubby\n|-damage|p2a: Blubby|0 fnt\n|faint|p2a: Blubby\n|\n|-status|p1a: Ursaluna|brn|[from] item: Flame Orb\n|upkeep\n|\n|t:|1700716262\n|switch|p2a: Rampant|Tauros, M|4\/100\n|turn|17\n|\n|t:|1700716269\n|move|p2a: Rampant|Close Combat|p1a: Ursaluna\n|-supereffective|p1a: Ursaluna\n|-damage|p1a: Ursaluna|1\/100 brn\n|-unboost|p2a: Rampant|def|1\n|-unboost|p2a: Rampant|spd|1\n|move|p1a: Ursaluna|Facade|p2a: Rampant\n|-damage|p2a: Rampant|0 fnt\n|faint|p2a: Rampant\n|\n|-damage|p1a: Ursaluna|0 fnt|[from] brn\n|faint|p1a: Ursaluna\n|\n|win|Demonlord_001\n|upkeep\n","uploadtime":1700716270,"views":2,"p1id":"jesterartisticboi","p2id":"demonlord001","formatid":"gen9nationaldex","rating":0,"private":0,"password":""}