{"id":"smogtours-gen9nationaldex-732092","p1":"JesterArtisticBoi","p2":"Demonlord_001","format":"[Gen 9] National Dex","log":"|inactive|Battle timer is ON: inactive players will automatically lose when time's up.\n|t:|1700716679\n|gametype|singles\n|player|p1|JesterArtisticBoi|rocketgrunt|\n|player|p2|Demonlord_001|n|\n|teamsize|p1|6\n|teamsize|p2|6\n|gen|9\n|tier|[Gen 9] National Dex\n|rule|HP Percentage Mod: HP is shown in percentages\n|rule|Endless Battle Clause: Forcing endless battles is banned\n|rule|OHKO Clause: OHKO moves are banned\n|rule|Evasion Clause: Evasion abilities, items, and moves are banned\n|rule|Evasion Abilities Clause: Evasion abilities are banned\n|rule|Evasion Items Clause: Evasion items are banned\n|rule|Evasion Moves Clause: Evasion moves are banned\n|rule|Species Clause: Limit one of each Pok\u00e9mon\n|rule|Sleep Clause Mod: Limit one foe put to sleep\n|clearpoke\n|poke|p1|Ursaluna, M|\n|poke|p1|Skeledirge, M|\n|poke|p1|Flapple, M|\n|poke|p1|Mabosstiff, M|\n|poke|p1|Metagross|\n|poke|p1|Dragalge, M|\n|poke|p2|Chandelure, F|\n|poke|p2|Gardevoir, F|\n|poke|p2|Walrein, M|\n|poke|p2|Salamence, F|\n|poke|p2|Steelix, M|\n|poke|p2|Tauros, M|\n|teampreview\n|\n|t:|1700716703\n|start\n|switch|p1a: Skeledirge|Skeledirge, M|100\/100\n|switch|p2a: Rampant|Tauros, M|100\/100\n|turn|1\n|\n|t:|1700716710\n|move|p2a: Rampant|Throat Chop|p1a: Skeledirge\n|-supereffective|p1a: Skeledirge\n|-damage|p1a: Skeledirge|7\/100\n|move|p1a: Skeledirge|Will-O-Wisp|p2a: Rampant\n|-status|p2a: Rampant|brn\n|\n|-damage|p2a: Rampant|94\/100 brn|[from] brn\n|upkeep\n|turn|2\n|\n|t:|1700716720\n|move|p2a: Rampant|Throat Chop|p1a: Skeledirge\n|-supereffective|p1a: Skeledirge\n|-damage|p1a: Skeledirge|0 fnt\n|faint|p1a: Skeledirge\n|\n|-damage|p2a: Rampant|88\/100 brn|[from] brn\n|upkeep\n|\n|t:|1700716732\n|switch|p1a: Ursaluna|Ursaluna, M|100\/100\n|turn|3\n|\n|t:|1700716741\n|move|p2a: Rampant|Throat Chop|p1a: Ursaluna\n|-damage|p1a: Ursaluna|81\/100\n|move|p1a: Ursaluna|Bulk Up|p1a: Ursaluna\n|-boost|p1a: Ursaluna|atk|1\n|-boost|p1a: Ursaluna|def|1\n|\n|-damage|p2a: Rampant|82\/100 brn|[from] brn\n|-status|p1a: Ursaluna|brn|[from] item: Flame Orb\n|upkeep\n|turn|4\n|\n|t:|1700716752\n|move|p2a: Rampant|Throat Chop|p1a: Ursaluna\n|-damage|p1a: Ursaluna|67\/100 brn\n|move|p1a: Ursaluna|Bulk Up|p1a: Ursaluna\n|-boost|p1a: Ursaluna|atk|1\n|-boost|p1a: Ursaluna|def|1\n|\n|-damage|p2a: Rampant|76\/100 brn|[from] brn\n|-damage|p1a: Ursaluna|61\/100 brn|[from] brn\n|upkeep\n|turn|5\n|\n|t:|1700716768\n|move|p2a: Rampant|Throat Chop|p1a: Ursaluna\n|-damage|p1a: Ursaluna|51\/100 brn\n|move|p1a: Ursaluna|Body Press|p2a: Rampant\n|-supereffective|p2a: Rampant\n|-damage|p2a: Rampant|0 fnt\n|faint|p2a: Rampant\n|\n|-damage|p1a: Ursaluna|45\/100 brn|[from] brn\n|upkeep\n|\n|t:|1700716783\n|switch|p2a: Mistress|Gardevoir, F, shiny|100\/100\n|turn|6\n|\n|t:|1700716788\n|move|p2a: Mistress|Psychic|p1a: Ursaluna\n|-damage|p1a: Ursaluna|0 fnt\n|faint|p1a: Ursaluna\n|\n|upkeep\n|\n|t:|1700716797\n|switch|p1a: Dragalge|Dragalge, M|100\/100\n|turn|7\n|\n|t:|1700716805\n|move|p2a: Mistress|Calm Mind|p2a: Mistress\n|-boost|p2a: Mistress|spa|1\n|-boost|p2a: Mistress|spd|1\n|move|p1a: Dragalge|Gunk Shot|p2a: Mistress|[miss]\n|-miss|p1a: Dragalge|p2a: Mistress\n|\n|upkeep\n|turn|8\n|\n|t:|1700716812\n|move|p2a: Mistress|Psychic|p1a: Dragalge\n|-supereffective|p1a: Dragalge\n|-crit|p1a: Dragalge\n|-damage|p1a: Dragalge|0 fnt\n|faint|p1a: Dragalge\n|\n|upkeep\n|\n|t:|1700716819\n|switch|p1a: Metagross|Metagross, shiny|100\/100\n|turn|9\n|\n|t:|1700716826\n|move|p2a: Mistress|Shadow Ball|p1a: Metagross\n|-supereffective|p1a: Metagross\n|-damage|p1a: Metagross|3\/100\n|move|p1a: Metagross|Sludge Bomb|p2a: Mistress\n|-supereffective|p2a: Mistress\n|-damage|p2a: Mistress|60\/100\n|\n|upkeep\n|turn|10\n|\n|t:|1700716836\n|move|p2a: Mistress|Dazzling Gleam|p1a: Metagross\n|-resisted|p1a: Metagross\n|-damage|p1a: Metagross|0 fnt\n|faint|p1a: Metagross\n|\n|upkeep\n|\n|t:|1700716843\n|switch|p1a: Flapple|Flapple, M|100\/100\n|turn|11\n|\n|t:|1700716846\n|move|p2a: Mistress|Dazzling Gleam|p1a: Flapple\n|-supereffective|p1a: Flapple\n|-damage|p1a: Flapple|0 fnt\n|faint|p1a: Flapple\n|\n|upkeep\n|\n|t:|1700716852\n|switch|p1a: Mabosstiff|Mabosstiff, M|100\/100\n|turn|12\n|\n|t:|1700716863\n|move|p1a: Mabosstiff|Lash Out|p2a: Mistress\n|-damage|p2a: Mistress|0 fnt\n|faint|p2a: Mistress\n|\n|upkeep\n|\n|t:|1700716880\n|switch|p2a: Queen|Salamence, F|100\/100\n|-ability|p2a: Queen|Intimidate|boost\n|-unboost|p1a: Mabosstiff|atk|1\n|turn|13\n|\n|t:|1700716885\n|move|p2a: Queen|Brick Break|p1a: Mabosstiff\n|-supereffective|p1a: Mabosstiff\n|-damage|p1a: Mabosstiff|7\/100\n|-damage|p2a: Queen|91\/100|[from] item: Life Orb\n|move|p1a: Mabosstiff|Lash Out|p2a: Queen\n|-damage|p2a: Queen|62\/100\n|\n|upkeep\n|turn|14\n|\n|t:|1700716894\n|move|p2a: Queen|Brick Break|p1a: Mabosstiff\n|-supereffective|p1a: Mabosstiff\n|-damage|p1a: Mabosstiff|0 fnt\n|faint|p1a: Mabosstiff\n|-damage|p2a: Queen|52\/100|[from] item: Life Orb\n|\n|win|Demonlord_001\n","uploadtime":1700716895,"views":1,"p1id":"jesterartisticboi","p2id":"demonlord001","formatid":"gen9nationaldex","rating":0,"private":0,"password":""}