{"id":"smogtours-gen9nationaldex-732094","p1":"JesterArtisticBoi","p2":"Demonlord_001","format":"[Gen 9] National Dex","log":"|inactive|Battle timer is ON: inactive players will automatically lose when time's up.\n|t:|1700717346\n|gametype|singles\n|player|p1|JesterArtisticBoi|rocketgrunt|\n|player|p2|Demonlord_001|n|\n|teamsize|p1|6\n|teamsize|p2|6\n|gen|9\n|tier|[Gen 9] National Dex\n|rule|HP Percentage Mod: HP is shown in percentages\n|rule|Endless Battle Clause: Forcing endless battles is banned\n|rule|OHKO Clause: OHKO moves are banned\n|rule|Evasion Clause: Evasion abilities, items, and moves are banned\n|rule|Evasion Abilities Clause: Evasion abilities are banned\n|rule|Evasion Items Clause: Evasion items are banned\n|rule|Evasion Moves Clause: Evasion moves are banned\n|rule|Species Clause: Limit one of each Pok\u00e9mon\n|rule|Sleep Clause Mod: Limit one foe put to sleep\n|clearpoke\n|poke|p1|Ursaluna, M|\n|poke|p1|Skeledirge, M|\n|poke|p1|Flapple, M|\n|poke|p1|Mabosstiff, M|\n|poke|p1|Metagross|\n|poke|p1|Tentacruel, M|\n|poke|p2|Chandelure, F|\n|poke|p2|Gardevoir, F|\n|poke|p2|Walrein, M|\n|poke|p2|Salamence, F|\n|poke|p2|Steelix, M|\n|poke|p2|Tauros, M|\n|teampreview\n|\n|t:|1700717353\n|start\n|switch|p1a: Tentacruel|Tentacruel, M|100\/100\n|switch|p2a: Night Light|Chandelure, F|100\/100\n|turn|1\n|\n|t:|1700717368\n|switch|p2a: Blubby|Walrein, M|100\/100\n|move|p1a: Tentacruel|Sludge Bomb|p2a: Blubby\n|-damage|p2a: Blubby|80\/100\n|\n|upkeep\n|turn|2\n|\n|t:|1700717375\n|move|p1a: Tentacruel|Sludge Bomb|p2a: Blubby\n|-damage|p2a: Blubby|61\/100\n|move|p2a: Blubby|Earthquake|p1a: Tentacruel\n|-supereffective|p1a: Tentacruel\n|-damage|p1a: Tentacruel|40\/100\n|\n|-heal|p1a: Tentacruel|46\/100|[from] item: Black Sludge\n|upkeep\n|turn|3\n|\n|t:|1700717386\n|switch|p2a: Levi|Steelix, M|100\/100\n|move|p1a: Tentacruel|Rest|p1a: Tentacruel\n|-status|p1a: Tentacruel|slp|[from] move: Rest\n|-heal|p1a: Tentacruel|100\/100 slp|[silent]\n|\n|upkeep\n|turn|4\n|\n|t:|1700717395\n|cant|p1a: Tentacruel|slp\n|move|p1a: Tentacruel|Sleep Talk|p1a: Tentacruel\n|move|p1a: Tentacruel|Rest||[from]move: Sleep Talk|[still]\n|-fail|p1a: Tentacruel\n|move|p2a: Levi|Earthquake|p1a: Tentacruel\n|-supereffective|p1a: Tentacruel\n|-damage|p1a: Tentacruel|0 fnt\n|faint|p1a: Tentacruel\n|\n|upkeep\n|\n|t:|1700717421\n|switch|p1a: Flapple|Flapple, M|100\/100\n|turn|5\n|\n|t:|1700717434\n|switch|p2a: Queen|Salamence, F|100\/100\n|-ability|p2a: Queen|Intimidate|boost\n|-unboost|p1a: Flapple|atk|1\n|move|p1a: Flapple|Grav Apple|p2a: Queen\n|-resisted|p2a: Queen\n|-damage|p2a: Queen|92\/100\n|-unboost|p2a: Queen|def|1\n|\n|upkeep\n|turn|6\n|\n|t:|1700717448\n|switch|p1a: Metagross|Metagross, shiny|100\/100\n|move|p2a: Queen|Fly||[still]\n|-prepare|p2a: Queen|Fly\n|\n|upkeep\n|turn|7\n|\n|t:|1700717467\n|move|p2a: Queen|Fly|p1a: Metagross|[from]lockedmove\n|-resisted|p1a: Metagross\n|-damage|p1a: Metagross|67\/100\n|-damage|p2a: Queen|82\/100|[from] item: Life Orb\n|move|p1a: Metagross|Psychic|p2a: Queen\n|-damage|p2a: Queen|28\/100\n|\n|upkeep\n|turn|8\n|\n|t:|1700717478\n|move|p2a: Queen|Brick Break|p1a: Metagross\n|-damage|p1a: Metagross|27\/100\n|-damage|p2a: Queen|18\/100|[from] item: Life Orb\n|move|p1a: Metagross|Sludge Bomb|p2a: Queen\n|-damage|p2a: Queen|0 fnt\n|faint|p2a: Queen\n|\n|upkeep\n|\n|t:|1700717489\n|switch|p2a: Night Light|Chandelure, F|100\/100\n|turn|9\n|\n|t:|1700717501\n|move|p2a: Night Light|Shadow Ball|p1a: Metagross\n|-supereffective|p1a: Metagross\n|-damage|p1a: Metagross|0 fnt\n|faint|p1a: Metagross\n|\n|upkeep\n|\n|t:|1700717512\n|switch|p1a: Ursaluna|Ursaluna, M|100\/100\n|turn|10\n|\n|t:|1700717521\n|move|p2a: Night Light|Flamethrower|p1a: Ursaluna\n|-damage|p1a: Ursaluna|47\/100\n|move|p1a: Ursaluna|Bulk Up|p1a: Ursaluna\n|-boost|p1a: Ursaluna|atk|1\n|-boost|p1a: Ursaluna|def|1\n|\n|-status|p1a: Ursaluna|brn|[from] item: Flame Orb\n|upkeep\n|turn|11\n|\n|t:|1700717539\n|move|p2a: Night Light|Flamethrower|p1a: Ursaluna\n|-damage|p1a: Ursaluna|0 fnt\n|faint|p1a: Ursaluna\n|\n|upkeep\n|\n|t:|1700717550\n|switch|p1a: Flapple|Flapple, M|100\/100\n|turn|12\n|\n|t:|1700717557\n|move|p2a: Night Light|Toxic|p1a: Flapple\n|-status|p1a: Flapple|tox\n|move|p1a: Flapple|Outrage|p2a: Night Light\n|-damage|p2a: Night Light|17\/100\n|-enditem|p2a: Night Light|Wiki Berry|[eat]\n|-heal|p2a: Night Light|50\/100|[from] item: Wiki Berry\n|\n|-damage|p1a: Flapple|94\/100 tox|[from] psn\n|upkeep\n|turn|13\n|\n|t:|1700717572\n|switch|p2a: Mistress|Gardevoir, F, shiny|100\/100\n|move|p1a: Flapple|Outrage|p2a: Mistress|[from]lockedmove\n|-immune|p2a: Mistress\n|-start|p1a: Flapple|confusion|[fatigue]\n|\n|-damage|p1a: Flapple|82\/100 tox|[from] psn\n|upkeep\n|turn|14\n|\n|t:|1700717585\n|move|p2a: Mistress|Dazzling Gleam|p1a: Flapple\n|-supereffective|p1a: Flapple\n|-damage|p1a: Flapple|0 fnt\n|faint|p1a: Flapple\n|\n|upkeep\n|\n|t:|1700717591\n|switch|p1a: Skeledirge|Skeledirge, M|100\/100\n|turn|15\n|\n|t:|1700717597\n|move|p2a: Mistress|Calm Mind|p2a: Mistress\n|-boost|p2a: Mistress|spa|1\n|-boost|p2a: Mistress|spd|1\n|move|p1a: Skeledirge|Will-O-Wisp|p2a: Mistress|[miss]\n|-miss|p1a: Skeledirge|p2a: Mistress\n|\n|upkeep\n|turn|16\n|\n|t:|1700717604\n|move|p2a: Mistress|Shadow Ball|p1a: Skeledirge\n|-supereffective|p1a: Skeledirge\n|-damage|p1a: Skeledirge|36\/100\n|move|p1a: Skeledirge|Will-O-Wisp|p2a: Mistress\n|-status|p2a: Mistress|brn\n|-activate|p2a: Mistress|ability: Synchronize\n|-immune|p1a: Skeledirge\n|\n|-damage|p2a: Mistress|94\/100 brn|[from] brn\n|upkeep\n|turn|17\n|\n|t:|1700717617\n|move|p2a: Mistress|Shadow Ball|p1a: Skeledirge\n|-supereffective|p1a: Skeledirge\n|-damage|p1a: Skeledirge|0 fnt\n|faint|p1a: Skeledirge\n|\n|-damage|p2a: Mistress|88\/100 brn|[from] brn\n|upkeep\n|\n|t:|1700717625\n|switch|p1a: Mabosstiff|Mabosstiff, M|100\/100\n|turn|18\n|\n|t:|1700717628\n|move|p1a: Mabosstiff|Lash Out|p2a: Mistress\n|-damage|p2a: Mistress|7\/100 brn\n|-enditem|p2a: Mistress|Iapapa Berry|[eat]\n|-heal|p2a: Mistress|41\/100 brn|[from] item: Iapapa Berry\n|-damage|p1a: Mabosstiff|91\/100|[from] item: Life Orb\n|move|p2a: Mistress|Dazzling Gleam|p1a: Mabosstiff\n|-supereffective|p1a: Mabosstiff\n|-damage|p1a: Mabosstiff|0 fnt\n|faint|p1a: Mabosstiff\n|\n|win|Demonlord_001\n","uploadtime":1700717629,"views":1,"p1id":"jesterartisticboi","p2id":"demonlord001","formatid":"gen9nationaldex","rating":0,"private":0,"password":""}