{"id":"smogtours-gen9nationaldex-729816","p1":"Soul king0","p2":"red fintans","format":"[Gen 9] National Dex","log":"|inactive|Battle timer is ON: inactive players will automatically lose when time's up.\n|t:|1699686542\n|gametype|singles\n|player|p1|Soul king0|1|\n|player|p2|red fintans|depotagent|\n|teamsize|p1|6\n|teamsize|p2|6\n|gen|9\n|tier|[Gen 9] National Dex\n|rule|HP Percentage Mod: HP is shown in percentages\n|rule|Endless Battle Clause: Forcing endless battles is banned\n|rule|OHKO Clause: OHKO moves are banned\n|rule|Evasion Clause: Evasion abilities, items, and moves are banned\n|rule|Evasion Abilities Clause: Evasion abilities are banned\n|rule|Evasion Items Clause: Evasion items are banned\n|rule|Evasion Moves Clause: Evasion moves are banned\n|rule|Species Clause: Limit one of each Pok\u00e9mon\n|rule|Sleep Clause Mod: Limit one foe put to sleep\n|clearpoke\n|poke|p1|Ursaluna-Bloodmoon, M|\n|poke|p1|Slowbro, F|\n|poke|p1|Baxcalibur, F|\n|poke|p1|Garchomp, M|\n|poke|p1|Moltres|\n|poke|p1|Scizor, M|\n|poke|p2|Salamence, M|\n|poke|p2|Ogerpon-Cornerstone, F|\n|poke|p2|Landorus-Therian, M|\n|poke|p2|Heatran, M|\n|poke|p2|Lopunny, F|\n|poke|p2|Corviknight, F|\n|teampreview\n|inactive|red fintans also wants the timer to be on.\n|c|\u2606red fintans|oh crap i forgot u can still use bloodmoon and bax\n|c|\u2606red fintans|glhf\n|inactive|Soul king0 has 270 seconds left.\n|\n|t:|1699686576\n|start\n|switch|p1a: Scizor|Scizor, M, shiny|100\/100\n|switch|p2a: salamanca|Salamence, M|100\/100\n|-ability|p2a: salamanca|Intimidate|boost\n|-unboost|p1a: Scizor|atk|1\n|turn|1\n|\n|t:|1699686591\n|detailschange|p1a: Scizor|Scizor-Mega, M, shiny\n|-mega|p1a: Scizor|Scizor|Scizorite\n|move|p2a: salamanca|Fire Blast|p1a: Scizor\n|-supereffective|p1a: Scizor\n|-damage|p1a: Scizor|21\/100\n|move|p1a: Scizor|U-turn|p2a: salamanca\n|-resisted|p2a: salamanca\n|-damage|p2a: salamanca|91\/100\n|\n|t:|1699686604\n|switch|p1a: Ursaluna|Ursaluna-Bloodmoon, M|100\/100|[from] U-turn\n|\n|upkeep\n|turn|2\n|\n|t:|1699686609\n|move|p2a: salamanca|Hydro Pump|p1a: Ursaluna\n|-supereffective|p1a: Ursaluna\n|-damage|p1a: Ursaluna|61\/100\n|move|p1a: Ursaluna|Blood Moon|p2a: salamanca\n|-damage|p2a: salamanca|18\/100\n|\n|upkeep\n|turn|3\n|\n|t:|1699686633\n|move|p2a: salamanca|Hydro Pump|p1a: Ursaluna\n|-supereffective|p1a: Ursaluna\n|-damage|p1a: Ursaluna|24\/100\n|move|p1a: Ursaluna|Hyper Voice|p2a: salamanca\n|-damage|p2a: salamanca|0 fnt\n|faint|p2a: salamanca\n|\n|upkeep\n|\n|t:|1699686638\n|switch|p2a: bunny wabbit|Lopunny, F|100\/100\n|turn|4\n|\n|t:|1699686644\n|switch|p2a: \ud83d\uddff|Ogerpon-Cornerstone, F|100\/100\n|switch|p1a: Slowbro|Slowbro, F|100\/100\n|\n|upkeep\n|turn|5\n|\n|t:|1699686656\n|move|p2a: \ud83d\uddff|Power Whip|p1a: Slowbro\n|-supereffective|p1a: Slowbro\n|-damage|p1a: Slowbro|21\/100\n|-damage|p2a: \ud83d\uddff|84\/100|[from] item: Rocky Helmet|[of] p1a: Slowbro\n|move|p1a: Slowbro|Scald|p2a: \ud83d\uddff\n|-damage|p2a: \ud83d\uddff|49\/100\n|\n|upkeep\n|turn|6\n|\n|t:|1699686666\n|switch|p1a: Ursaluna|Ursaluna-Bloodmoon, M|24\/100\n|move|p2a: \ud83d\uddff|Ivy Cudgel|p1a: Ursaluna\n|-resisted|p1a: Ursaluna\n|-crit|p1a: Ursaluna\n|-damage|p1a: Ursaluna|0 fnt\n|faint|p1a: Ursaluna\n|\n|upkeep\n|\n|t:|1699686671\n|switch|p1a: Scizor|Scizor-Mega, M, shiny|21\/100\n|turn|7\n|\n|t:|1699686675\n|switch|p2a: no hazards?|Corviknight, F|100\/100\n|-ability|p2a: no hazards?|Pressure\n|move|p1a: Scizor|Bullet Punch|p2a: no hazards?\n|-resisted|p2a: no hazards?\n|-damage|p2a: no hazards?|91\/100\n|-damage|p1a: Scizor|5\/100|[from] item: Rocky Helmet|[of] p2a: no hazards?\n|\n|upkeep\n|turn|8\n|\n|t:|1699686680\n|move|p1a: Scizor|Roost|p1a: Scizor\n|-heal|p1a: Scizor|55\/100\n|-singleturn|p1a: Scizor|move: Roost\n|move|p2a: no hazards?|U-turn|p1a: Scizor\n|-resisted|p1a: Scizor\n|-damage|p1a: Scizor|49\/100\n|\n|t:|1699686683\n|switch|p2a: heaty mc. heatface|Heatran, M|100\/100|[from] U-turn\n|\n|upkeep\n|turn|9\n|\n|t:|1699686692\n|switch|p1a: Garchomp|Garchomp, M, shiny|100\/100\n|move|p2a: heaty mc. heatface|Taunt|p1a: Garchomp\n|-start|p1a: Garchomp|move: Taunt\n|\n|upkeep\n|turn|10\n|\n|t:|1699686698\n|switch|p1a: Baxcalibur|Baxcalibur, F|100\/100\n|switch|p2a: face of smogon|Landorus-Therian, M|100\/100\n|-ability|p2a: face of smogon|Intimidate|boost\n|-unboost|p1a: Baxcalibur|atk|1\n|\n|upkeep\n|turn|11\n|\n|t:|1699686707\n|move|p2a: face of smogon|Stone Edge|p1a: Baxcalibur\n|-supereffective|p1a: Baxcalibur\n|-damage|p1a: Baxcalibur|31\/100\n|move|p1a: Baxcalibur|Icicle Spear|p2a: face of smogon\n|-supereffective|p2a: face of smogon\n|-damage|p2a: face of smogon|42\/100\n|-supereffective|p2a: face of smogon\n|-damage|p2a: face of smogon|0 fnt\n|faint|p2a: face of smogon\n|-hitcount|p2: face of smogon|2\n|-damage|p1a: Baxcalibur|21\/100|[from] item: Life Orb\n|\n|upkeep\n|\n|t:|1699686713\n|switch|p2a: bunny wabbit|Lopunny, F|100\/100\n|turn|12\n|\n|t:|1699686723\n|switch|p2a: no hazards?|Corviknight, F|91\/100\n|-ability|p2a: no hazards?|Pressure\n|switch|p1a: Slowbro|Slowbro, F|54\/100\n|\n|upkeep\n|turn|13\n|\n|t:|1699686732\n|move|p2a: no hazards?|Brave Bird|p1a: Slowbro\n|-crit|p1a: Slowbro\n|-damage|p1a: Slowbro|21\/100\n|-damage|p2a: no hazards?|74\/100|[from] item: Rocky Helmet|[of] p1a: Slowbro\n|-damage|p2a: no hazards?|63\/100|[from] Recoil\n|move|p1a: Slowbro|Scald|p2a: no hazards?\n|-damage|p2a: no hazards?|41\/100\n|-status|p2a: no hazards?|brn\n|\n|-damage|p2a: no hazards?|34\/100 brn|[from] brn\n|upkeep\n|turn|14\n|\n|t:|1699686740\n|move|p2a: no hazards?|Roost|p2a: no hazards?\n|-heal|p2a: no hazards?|84\/100 brn\n|-singleturn|p2a: no hazards?|move: Roost\n|move|p1a: Slowbro|Trick Room|p1a: Slowbro\n|-fieldstart|move: Trick Room|[of] p1a: Slowbro\n|\n|-damage|p2a: no hazards?|78\/100 brn|[from] brn\n|upkeep\n|turn|15\n|\n|t:|1699686746\n|move|p1a: Slowbro|Slack Off|p1a: Slowbro\n|-heal|p1a: Slowbro|71\/100\n|move|p2a: no hazards?|U-turn|p1a: Slowbro\n|-supereffective|p1a: Slowbro\n|-damage|p1a: Slowbro|62\/100\n|-damage|p2a: no hazards?|62\/100 brn|[from] item: Rocky Helmet|[of] p1a: Slowbro\n|\n|t:|1699686755\n|switch|p2a: heaty mc. heatface|Heatran, M|100\/100|[from] U-turn\n|\n|upkeep\n|turn|16\n|\n|t:|1699686762\n|switch|p1a: Garchomp|Garchomp, M, shiny|100\/100\n|switch|p2a: no hazards?|Corviknight, F|62\/100 brn\n|-ability|p2a: no hazards?|Pressure\n|\n|-damage|p2a: no hazards?|56\/100 brn|[from] brn\n|upkeep\n|turn|17\n|\n|t:|1699686765\n|move|p2a: no hazards?|Roost|p2a: no hazards?\n|-heal|p2a: no hazards?|100\/100 brn\n|-singleturn|p2a: no hazards?|move: Roost\n|move|p1a: Garchomp|Stealth Rock|p2a: no hazards?\n|-sidestart|p2: red fintans|move: Stealth Rock\n|\n|-damage|p2a: no hazards?|94\/100 brn|[from] brn\n|upkeep\n|turn|18\n|\n|t:|1699686772\n|switch|p1a: Moltres|Moltres|100\/100\n|move|p2a: no hazards?|Defog|p1a: Moltres\n|-unboost|p1a: Moltres|evasion|1\n|-sideend|p2: red fintans|Stealth Rock|[from] move: Defog|[of] p2a: no hazards?\n|\n|-damage|p2a: no hazards?|88\/100 brn|[from] brn\n|-fieldend|move: Trick Room\n|upkeep\n|turn|19\n|\n|t:|1699686776\n|switch|p2a: heaty mc. heatface|Heatran, M|100\/100\n|move|p1a: Moltres|U-turn|p2a: heaty mc. heatface\n|-resisted|p2a: heaty mc. heatface\n|-damage|p2a: heaty mc. heatface|97\/100\n|\n|t:|1699686780\n|switch|p1a: Garchomp|Garchomp, M, shiny|100\/100|[from] U-turn\n|\n|-heal|p2a: heaty mc. heatface|100\/100|[from] item: Leftovers\n|upkeep\n|turn|20\n|\n|t:|1699686786\n|switch|p2a: no hazards?|Corviknight, F|88\/100 brn\n|-ability|p2a: no hazards?|Pressure\n|move|p1a: Garchomp|Stealth Rock|p2a: no hazards?\n|-sidestart|p2: red fintans|move: Stealth Rock\n|\n|-damage|p2a: no hazards?|82\/100 brn|[from] brn\n|upkeep\n|turn|21\n|\n|t:|1699686790\n|move|p1a: Garchomp|Swords Dance|p1a: Garchomp\n|-boost|p1a: Garchomp|atk|2\n|move|p2a: no hazards?|Defog|p1a: Garchomp\n|-unboost|p1a: Garchomp|evasion|1\n|-sideend|p2: red fintans|Stealth Rock|[from] move: Defog|[of] p2a: no hazards?\n|\n|-damage|p2a: no hazards?|75\/100 brn|[from] brn\n|upkeep\n|turn|22\n|\n|t:|1699686795\n|move|p1a: Garchomp|Stealth Rock|p2a: no hazards?\n|-sidestart|p2: red fintans|move: Stealth Rock\n|move|p2a: no hazards?|U-turn|p1a: Garchomp\n|-damage|p1a: Garchomp|93\/100\n|-damage|p2a: no hazards?|63\/100 brn|[from] ability: Rough Skin|[of] p1a: Garchomp\n|\n|t:|1699686797\n|switch|p2a: bunny wabbit|Lopunny, F|100\/100|[from] U-turn\n|-damage|p2a: bunny wabbit|88\/100|[from] Stealth Rock\n|\n|upkeep\n|turn|23\n|\n|t:|1699686800\n|switch|p1a: Slowbro|Slowbro, F|95\/100\n|detailschange|p2a: bunny wabbit|Lopunny-Mega, F\n|-mega|p2a: bunny wabbit|Lopunny|Lopunnite\n|move|p2a: bunny wabbit|Fake Out|p1a: Slowbro\n|-damage|p1a: Slowbro|84\/100\n|-damage|p2a: bunny wabbit|72\/100|[from] item: Rocky Helmet|[of] p1a: Slowbro\n|\n|upkeep\n|turn|24\n|\n|t:|1699686808\n|switch|p2a: no hazards?|Corviknight, F|63\/100 brn\n|-damage|p2a: no hazards?|50\/100 brn|[from] Stealth Rock\n|-ability|p2a: no hazards?|Pressure\n|move|p1a: Slowbro|Teleport|p1a: Slowbro\n|\n|t:|1699686820\n|switch|p1a: Moltres|Moltres|100\/100|[from] Teleport\n|\n|-damage|p2a: no hazards?|44\/100 brn|[from] brn\n|upkeep\n|turn|25\n|\n|t:|1699686824\n|switch|p2a: heaty mc. heatface|Heatran, M|100\/100\n|-damage|p2a: heaty mc. heatface|88\/100|[from] Stealth Rock\n|move|p1a: Moltres|U-turn|p2a: heaty mc. heatface\n|-resisted|p2a: heaty mc. heatface\n|-damage|p2a: heaty mc. heatface|85\/100\n|\n|t:|1699686826\n|switch|p1a: Garchomp|Garchomp, M, shiny|93\/100|[from] U-turn\n|\n|-heal|p2a: heaty mc. heatface|91\/100|[from] item: Leftovers\n|upkeep\n|turn|26\n|\n|t:|1699686841\n|-terastallize|p2a: heaty mc. heatface|Grass\n|move|p1a: Garchomp|Earthquake|p2a: heaty mc. heatface\n|-resisted|p2a: heaty mc. heatface\n|-damage|p2a: heaty mc. heatface|69\/100\n|move|p2a: heaty mc. heatface|Magma Storm|p1a: Garchomp\n|-resisted|p1a: Garchomp\n|-damage|p1a: Garchomp|71\/100\n|-activate|p1a: Garchomp|move: Magma Storm|[of] p2a: heaty mc. heatface\n|\n|-heal|p2a: heaty mc. heatface|75\/100|[from] item: Leftovers\n|-damage|p1a: Garchomp|58\/100|[from] move: Magma Storm|[partiallytrapped]\n|upkeep\n|turn|27\n|\n|t:|1699686848\n|-zpower|p1a: Garchomp\n|move|p1a: Garchomp|Devastating Drake|p2a: heaty mc. heatface|[zeffect]\n|-damage|p2a: heaty mc. heatface|0 fnt\n|faint|p2a: heaty mc. heatface\n|\n|-end|p1a: Garchomp|Magma Storm|[partiallytrapped]|[silent]\n|upkeep\n|\n|t:|1699686855\n|switch|p2a: \ud83d\uddff|Ogerpon-Cornerstone, F|49\/100\n|-damage|p2a: \ud83d\uddff|37\/100|[from] Stealth Rock\n|turn|28\n|\n|t:|1699686862\n|move|p2a: \ud83d\uddff|Ivy Cudgel|p1a: Garchomp\n|-resisted|p1a: Garchomp\n|-damage|p1a: Garchomp|27\/100\n|move|p1a: Garchomp|Earthquake|p2a: \ud83d\uddff\n|-damage|p2a: \ud83d\uddff|0 fnt\n|faint|p2a: \ud83d\uddff\n|\n|upkeep\n|c|\u2606red fintans|gg\n|\n|t:|1699686869\n|switch|p2a: bunny wabbit|Lopunny-Mega, F|72\/100\n|-damage|p2a: bunny wabbit|66\/100|[from] Stealth Rock\n|turn|29\n|\n|t:|1699686875\n|switch|p1a: Slowbro|Slowbro, F|100\/100\n|move|p2a: bunny wabbit|Frustration|p1a: Slowbro\n|-damage|p1a: Slowbro|67\/100\n|-damage|p2a: bunny wabbit|49\/100|[from] item: Rocky Helmet|[of] p1a: Slowbro\n|\n|upkeep\n|turn|30\n|\n|t:|1699686879\n|move|p2a: bunny wabbit|U-turn|p1a: Slowbro\n|-supereffective|p1a: Slowbro\n|-crit|p1a: Slowbro\n|-damage|p1a: Slowbro|23\/100\n|-damage|p2a: bunny wabbit|33\/100|[from] item: Rocky Helmet|[of] p1a: Slowbro\n|\n|t:|1699686881\n|switch|p2a: no hazards?|Corviknight, F|44\/100 brn|[from] U-turn\n|-damage|p2a: no hazards?|32\/100 brn|[from] Stealth Rock\n|-ability|p2a: no hazards?|Pressure\n|move|p1a: Slowbro|Teleport|p1a: Slowbro\n|\n|t:|1699686884\n|switch|p1a: Baxcalibur|Baxcalibur, F|21\/100|[from] Teleport\n|\n|-damage|p2a: no hazards?|25\/100 brn|[from] brn\n|upkeep\n|turn|31\n|\n|t:|1699686888\n|move|p1a: Baxcalibur|Icicle Spear|p2a: no hazards?\n|-damage|p2a: no hazards?|13\/100 brn\n|-damage|p2a: no hazards?|0 fnt\n|faint|p2a: no hazards?\n|-hitcount|p2: no hazards?|2\n|-damage|p1a: Baxcalibur|11\/100|[from] item: Life Orb\n|\n|upkeep\n|\n|t:|1699686889\n|switch|p2a: bunny wabbit|Lopunny-Mega, F|33\/100\n|-damage|p2a: bunny wabbit|27\/100|[from] Stealth Rock\n|turn|32\n|\n|t:|1699686891\n|switch|p1a: Slowbro|Slowbro, F|56\/100\n|move|p2a: bunny wabbit|Fake Out|p1a: Slowbro\n|-damage|p1a: Slowbro|42\/100\n|-damage|p2a: bunny wabbit|10\/100|[from] item: Rocky Helmet|[of] p1a: Slowbro\n|\n|upkeep\n|turn|33\n|\n|t:|1699686894\n|move|p2a: bunny wabbit|U-turn|p1a: Slowbro\n|-supereffective|p1a: Slowbro\n|-damage|p1a: Slowbro|12\/100\n|-damage|p2a: bunny wabbit|0 fnt|[from] item: Rocky Helmet|[of] p1a: Slowbro\n|faint|p2a: bunny wabbit\n|\n|win|Soul king0\n|c|\u2606Soul king0|gg\n|player|p2|red fintans|depotagent\n|c|\u2606red fintans|gg\n|player|p2|\n|player|p2|red fintans|depotagent\n","uploadtime":1699686902,"views":43,"p1id":"soulking0","p2id":"redfintans","formatid":"gen9nationaldex","rating":0,"private":0,"password":""}