{"id":"smogtours-gen9nationaldex-732086","p1":"Demonlord_001","p2":"JesterArtisticBoi","format":"[Gen 9] National Dex","log":"|inactive|Battle timer is ON: inactive players will automatically lose when time's up.\n|t:|1700715094\n|gametype|singles\n|player|p1|Demonlord_001|n|\n|player|p2|JesterArtisticBoi|rocketgrunt|\n|teamsize|p1|6\n|teamsize|p2|6\n|gen|9\n|tier|[Gen 9] National Dex\n|rule|HP Percentage Mod: HP is shown in percentages\n|rule|Endless Battle Clause: Forcing endless battles is banned\n|rule|OHKO Clause: OHKO moves are banned\n|rule|Evasion Clause: Evasion abilities, items, and moves are banned\n|rule|Evasion Abilities Clause: Evasion abilities are banned\n|rule|Evasion Items Clause: Evasion items are banned\n|rule|Evasion Moves Clause: Evasion moves are banned\n|rule|Species Clause: Limit one of each Pok\u00e9mon\n|rule|Sleep Clause Mod: Limit one foe put to sleep\n|clearpoke\n|poke|p1|Chandelure, F|\n|poke|p1|Gardevoir, F|\n|poke|p1|Walrein, M|\n|poke|p1|Salamence, F|\n|poke|p1|Steelix, M|\n|poke|p1|Tauros, M|\n|poke|p2|Ursaluna, M|\n|poke|p2|Skeledirge, M|\n|poke|p2|Flapple, M|\n|poke|p2|Mabosstiff, M|\n|poke|p2|Jellicent, M|\n|poke|p2|Metagross|\n|teampreview\n|\n|t:|1700715105\n|start\n|switch|p1a: Levi|Steelix, M|100\/100\n|switch|p2a: Metagross|Metagross, shiny|100\/100\n|turn|1\n|\n|t:|1700715112\n|move|p2a: Metagross|Hammer Arm|p1a: Levi|[miss]\n|-miss|p2a: Metagross|p1a: Levi\n|move|p1a: Levi|Crunch|p2a: Metagross\n|-supereffective|p2a: Metagross\n|-damage|p2a: Metagross|57\/100\n|\n|upkeep\n|turn|2\n|\n|t:|1700715119\n|move|p2a: Metagross|Hammer Arm|p1a: Levi\n|-supereffective|p1a: Levi\n|-damage|p1a: Levi|69\/100\n|-unboost|p2a: Metagross|spe|1\n|move|p1a: Levi|Crunch|p2a: Metagross\n|-supereffective|p2a: Metagross\n|-damage|p2a: Metagross|12\/100\n|\n|-heal|p1a: Levi|76\/100|[from] item: Leftovers\n|upkeep\n|turn|3\n|\n|t:|1700715131\n|move|p2a: Metagross|Psychic|p1a: Levi\n|-resisted|p1a: Levi\n|-damage|p1a: Levi|45\/100\n|move|p1a: Levi|Crunch|p2a: Metagross\n|-supereffective|p2a: Metagross\n|-crit|p2a: Metagross\n|-damage|p2a: Metagross|0 fnt\n|faint|p2a: Metagross\n|\n|-heal|p1a: Levi|52\/100|[from] item: Leftovers\n|upkeep\n|\n|t:|1700715145\n|switch|p2a: Jellicent|Jellicent, M|100\/100\n|turn|4\n|\n|t:|1700715151\n|move|p2a: Jellicent|Will-O-Wisp|p1a: Levi\n|-status|p1a: Levi|brn\n|move|p1a: Levi|Crunch|p2a: Jellicent\n|-supereffective|p2a: Jellicent\n|-damage|p2a: Jellicent|67\/100\n|\n|-heal|p2a: Jellicent|73\/100|[from] item: Leftovers\n|-heal|p1a: Levi|58\/100 brn|[from] item: Leftovers\n|-damage|p1a: Levi|52\/100 brn|[from] brn\n|upkeep\n|turn|5\n|\n|t:|1700715164\n|move|p2a: Jellicent|Hex|p1a: Levi\n|-damage|p1a: Levi|0 fnt\n|faint|p1a: Levi\n|\n|-heal|p2a: Jellicent|79\/100|[from] item: Leftovers\n|upkeep\n|\n|t:|1700715179\n|switch|p1a: Mistress|Gardevoir, F, shiny|100\/100\n|turn|6\n|\n|t:|1700715194\n|move|p1a: Mistress|Shadow Ball|p2a: Jellicent\n|-supereffective|p2a: Jellicent\n|-damage|p2a: Jellicent|18\/100\n|move|p2a: Jellicent|Surf|p1a: Mistress\n|-damage|p1a: Mistress|56\/100\n|\n|-heal|p2a: Jellicent|24\/100|[from] item: Leftovers\n|upkeep\n|turn|7\n|\n|t:|1700715204\n|move|p1a: Mistress|Shadow Ball|p2a: Jellicent\n|-supereffective|p2a: Jellicent\n|-damage|p2a: Jellicent|0 fnt\n|faint|p2a: Jellicent\n|\n|upkeep\n|inactive|JesterArtisticBoi has 270 seconds left.\n|\n|t:|1700715240\n|switch|p2a: Mabosstiff|Mabosstiff, M|100\/100\n|turn|8\n|inactive|JesterArtisticBoi has 270 seconds left.\n|\n|t:|1700715245\n|move|p2a: Mabosstiff|Fire Fang|p1a: Mistress\n|-damage|p1a: Mistress|21\/100\n|-enditem|p1a: Mistress|Iapapa Berry|[eat]\n|-heal|p1a: Mistress|54\/100|[from] item: Iapapa Berry\n|cant|p1a: Mistress|flinch\n|\n|upkeep\n|turn|9\n|\n|t:|1700715253\n|move|p2a: Mabosstiff|Fire Fang|p1a: Mistress\n|-damage|p1a: Mistress|19\/100\n|move|p1a: Mistress|Dazzling Gleam|p2a: Mabosstiff\n|-supereffective|p2a: Mabosstiff\n|-damage|p2a: Mabosstiff|0 fnt\n|faint|p2a: Mabosstiff\n|\n|upkeep\n|\n|t:|1700715263\n|switch|p2a: Ursaluna|Ursaluna, M|100\/100\n|turn|10\n|\n|t:|1700715268\n|move|p1a: Mistress|Psychic|p2a: Ursaluna\n|-damage|p2a: Ursaluna|51\/100\n|-unboost|p2a: Ursaluna|spd|1\n|move|p2a: Ursaluna|Bulk Up|p2a: Ursaluna\n|-boost|p2a: Ursaluna|atk|1\n|-boost|p2a: Ursaluna|def|1\n|\n|-status|p2a: Ursaluna|brn|[from] item: Flame Orb\n|upkeep\n|turn|11\n|\n|t:|1700715281\n|move|p1a: Mistress|Psychic|p2a: Ursaluna\n|-damage|p2a: Ursaluna|0 fnt\n|faint|p2a: Ursaluna\n|\n|upkeep\n|\n|t:|1700715286\n|switch|p2a: Flapple|Flapple, M|100\/100\n|turn|12\n|\n|t:|1700715293\n|move|p1a: Mistress|Dazzling Gleam|p2a: Flapple\n|-supereffective|p2a: Flapple\n|-damage|p2a: Flapple|0 fnt\n|faint|p2a: Flapple\n|\n|upkeep\n|\n|t:|1700715299\n|switch|p2a: Skeledirge|Skeledirge, M|100\/100\n|turn|13\n|\n|t:|1700715308\n|move|p1a: Mistress|Shadow Ball|p2a: Skeledirge\n|-supereffective|p2a: Skeledirge\n|-damage|p2a: Skeledirge|31\/100\n|move|p2a: Skeledirge|Torch Song|p1a: Mistress\n|-damage|p1a: Mistress|0 fnt\n|-boost|p2a: Skeledirge|spa|1\n|faint|p1a: Mistress\n|-enditem|p2a: Skeledirge|Throat Spray\n|-boost|p2a: Skeledirge|spa|1|[from] item: Throat Spray\n|\n|upkeep\n|\n|t:|1700715322\n|switch|p1a: Night Light|Chandelure, F|100\/100\n|turn|14\n|\n|t:|1700715326\n|move|p1a: Night Light|Shadow Ball|p2a: Skeledirge\n|-supereffective|p2a: Skeledirge\n|-damage|p2a: Skeledirge|0 fnt\n|faint|p2a: Skeledirge\n|\n|win|Demonlord_001\n","uploadtime":1700715327,"views":2,"p1id":"demonlord001","p2id":"jesterartisticboi","formatid":"gen9nationaldex","rating":0,"private":0,"password":""}