{"id":"smogtours-gen9nationaldex-732079","p1":"JesterArtisticBoi","p2":"Demonlord_001","format":"[Gen 9] National Dex","log":"|inactive|Battle timer is ON: inactive players will automatically lose when time's up.\n|t:|1700713178\n|gametype|singles\n|player|p1|JesterArtisticBoi|rocketgrunt|\n|player|p2|Demonlord_001|n|\n|teamsize|p1|6\n|teamsize|p2|6\n|gen|9\n|tier|[Gen 9] National Dex\n|rule|HP Percentage Mod: HP is shown in percentages\n|rule|Endless Battle Clause: Forcing endless battles is banned\n|rule|OHKO Clause: OHKO moves are banned\n|rule|Evasion Clause: Evasion abilities, items, and moves are banned\n|rule|Evasion Abilities Clause: Evasion abilities are banned\n|rule|Evasion Items Clause: Evasion items are banned\n|rule|Evasion Moves Clause: Evasion moves are banned\n|rule|Species Clause: Limit one of each Pok\u00e9mon\n|rule|Sleep Clause Mod: Limit one foe put to sleep\n|clearpoke\n|poke|p1|Ursaluna, M|\n|poke|p1|Skeledirge, M|\n|poke|p1|Flapple, M|\n|poke|p1|Mabosstiff, M|\n|poke|p1|Jellicent, M|\n|poke|p1|Metagross|\n|poke|p2|Chandelure, F|\n|poke|p2|Gardevoir, F|\n|poke|p2|Walrein, M|\n|poke|p2|Salamence, F|\n|poke|p2|Steelix, M|\n|poke|p2|Tauros, M|\n|teampreview\n|\n|t:|1700713190\n|start\n|switch|p1a: Jellicent|Jellicent, M|100\/100\n|switch|p2a: Night Light|Chandelure, F|100\/100\n|turn|1\n|\n|t:|1700713205\n|switch|p2a: Rampant|Tauros, M|100\/100\n|move|p1a: Jellicent|Will-O-Wisp|p2a: Rampant\n|-status|p2a: Rampant|brn\n|\n|-damage|p2a: Rampant|94\/100 brn|[from] brn\n|upkeep\n|turn|2\n|\n|t:|1700713216\n|move|p2a: Rampant|Throat Chop|p1a: Jellicent\n|-supereffective|p1a: Jellicent\n|-damage|p1a: Jellicent|40\/100\n|move|p1a: Jellicent|Surf|p2a: Rampant\n|-damage|p2a: Rampant|32\/100 brn\n|\n|-heal|p1a: Jellicent|46\/100|[from] item: Leftovers\n|-damage|p2a: Rampant|26\/100 brn|[from] brn\n|upkeep\n|turn|3\n|\n|t:|1700713227\n|move|p2a: Rampant|Throat Chop|p1a: Jellicent\n|-supereffective|p1a: Jellicent\n|-damage|p1a: Jellicent|0 fnt\n|faint|p1a: Jellicent\n|\n|-damage|p2a: Rampant|20\/100 brn|[from] brn\n|upkeep\n|\n|t:|1700713236\n|switch|p1a: Skeledirge|Skeledirge, M|100\/100\n|turn|4\n|\n|t:|1700713244\n|move|p2a: Rampant|Throat Chop|p1a: Skeledirge\n|-supereffective|p1a: Skeledirge\n|-damage|p1a: Skeledirge|58\/100\n|move|p1a: Skeledirge|Torch Song|p2a: Rampant\n|-damage|p2a: Rampant|0 fnt\n|-boost|p1a: Skeledirge|spa|1\n|faint|p2a: Rampant\n|-enditem|p1a: Skeledirge|Throat Spray\n|-boost|p1a: Skeledirge|spa|1|[from] item: Throat Spray\n|\n|upkeep\n|\n|t:|1700713257\n|switch|p2a: Night Light|Chandelure, F|100\/100\n|turn|5\n|\n|t:|1700713263\n|move|p2a: Night Light|Shadow Ball|p1a: Skeledirge\n|-supereffective|p1a: Skeledirge\n|-damage|p1a: Skeledirge|0 fnt\n|faint|p1a: Skeledirge\n|\n|upkeep\n|\n|t:|1700713271\n|switch|p1a: Ursaluna|Ursaluna, M|100\/100\n|turn|6\n|\n|t:|1700713280\n|move|p2a: Night Light|Energy Ball|p1a: Ursaluna\n|-supereffective|p1a: Ursaluna\n|-damage|p1a: Ursaluna|32\/100\n|move|p1a: Ursaluna|Thunder Punch|p2a: Night Light\n|-damage|p2a: Night Light|54\/100\n|\n|-status|p1a: Ursaluna|brn|[from] item: Flame Orb\n|upkeep\n|turn|7\n|\n|t:|1700713290\n|move|p2a: Night Light|Energy Ball|p1a: Ursaluna\n|-supereffective|p1a: Ursaluna\n|-damage|p1a: Ursaluna|0 fnt\n|faint|p1a: Ursaluna\n|\n|upkeep\n|\n|t:|1700713296\n|switch|p1a: Mabosstiff|Mabosstiff, M|100\/100\n|turn|8\n|\n|t:|1700713305\n|move|p1a: Mabosstiff|Outrage|p2a: Night Light\n|-damage|p2a: Night Light|0 fnt\n|faint|p2a: Night Light\n|\n|upkeep\n|\n|t:|1700713318\n|switch|p2a: Queen|Salamence, F|100\/100\n|-ability|p2a: Queen|Intimidate|boost\n|-unboost|p1a: Mabosstiff|atk|1\n|turn|9\n|\n|t:|1700713333\n|move|p2a: Queen|Brick Break|p1a: Mabosstiff\n|-supereffective|p1a: Mabosstiff\n|-damage|p1a: Mabosstiff|4\/100\n|-damage|p2a: Queen|91\/100|[from] item: Life Orb\n|move|p1a: Mabosstiff|Outrage|p2a: Queen|[from]lockedmove\n|-supereffective|p2a: Queen\n|-damage|p2a: Queen|25\/100\n|\n|upkeep\n|turn|10\n|\n|t:|1700713342\n|move|p2a: Queen|Brick Break|p1a: Mabosstiff\n|-supereffective|p1a: Mabosstiff\n|-crit|p1a: Mabosstiff\n|-damage|p1a: Mabosstiff|0 fnt\n|faint|p1a: Mabosstiff\n|-damage|p2a: Queen|15\/100|[from] item: Life Orb\n|\n|upkeep\n|\n|t:|1700713354\n|switch|p1a: Flapple|Flapple, M|100\/100\n|turn|11\n|\n|t:|1700713362\n|move|p2a: Queen|Dragon Claw|p1a: Flapple\n|-supereffective|p1a: Flapple\n|-damage|p1a: Flapple|0 fnt\n|faint|p1a: Flapple\n|-damage|p2a: Queen|5\/100|[from] item: Life Orb\n|\n|upkeep\n|\n|t:|1700713369\n|switch|p1a: Metagross|Metagross, shiny|100\/100\n|turn|12\n|\n|t:|1700713380\n|move|p2a: Queen|Brick Break|p1a: Metagross\n|-damage|p1a: Metagross|60\/100\n|-damage|p2a: Queen|0 fnt|[from] item: Life Orb\n|faint|p2a: Queen\n|move|p1a: Metagross|Hammer Arm|p2: Queen|[notarget]\n|-fail|p1a: Metagross\n|\n|upkeep\n|\n|t:|1700713390\n|switch|p2a: Mistress|Gardevoir, F, shiny|100\/100\n|turn|13\n|\n|t:|1700713395\n|move|p2a: Mistress|Shadow Ball|p1a: Metagross\n|-supereffective|p1a: Metagross\n|-damage|p1a: Metagross|0 fnt\n|faint|p1a: Metagross\n|\n|win|Demonlord_001\n","uploadtime":1700713396,"views":1,"p1id":"jesterartisticboi","p2id":"demonlord001","formatid":"gen9nationaldex","rating":0,"private":0,"password":""}