{"id":"smogtours-gen9nationaldex-732425","p1":"dracul mihawk","p2":"bea fangirl 3","format":"[Gen 9] National Dex","log":"|inactive|Battle timer is ON: inactive players will automatically lose when time's up.\n|t:|1700939194\n|gametype|singles\n|player|p1|dracul mihawk|leaf-masters|\n|player|p2|bea fangirl 3|#delemon|\n|teamsize|p1|6\n|teamsize|p2|6\n|gen|9\n|tier|[Gen 9] National Dex\n|rule|HP Percentage Mod: HP is shown in percentages\n|rule|Endless Battle Clause: Forcing endless battles is banned\n|rule|OHKO Clause: OHKO moves are banned\n|rule|Evasion Clause: Evasion abilities, items, and moves are banned\n|rule|Evasion Abilities Clause: Evasion abilities are banned\n|rule|Evasion Items Clause: Evasion items are banned\n|rule|Evasion Moves Clause: Evasion moves are banned\n|rule|Species Clause: Limit one of each Pok\u00e9mon\n|rule|Sleep Clause Mod: Limit one foe put to sleep\n|clearpoke\n|poke|p1|Ogerpon-Wellspring, F|\n|poke|p1|Landorus-Therian, M|\n|poke|p1|Iron Moth|\n|poke|p1|Iron Valiant|\n|poke|p1|Jirachi|\n|poke|p1|Scizor, F|\n|poke|p2|Samurott-Hisui, F|\n|poke|p2|Slowking-Galar, F|\n|poke|p2|Tornadus-Therian, M|\n|poke|p2|Kartana|\n|poke|p2|Medicham, M|\n|poke|p2|Landorus-Therian, M|\n|teampreview\n|inactive|dracul mihawk also wants the timer to be on.\n|inactive|bea fangirl 3 also wants the timer to be on.\n|c|\u2606dracul mihawk|hf\n|c|\u2606bea fangirl 3|glhf\n|c|%Vertigo|u2\n|c|+Waylaid|good luck dracul mihawk \n|inactive|dracul mihawk has 270 seconds left.\n|inactive|bea fangirl 3 has 270 seconds left.\n|c|\u2606dracul mihawk|thank you waylaid\n|inactive|dracul mihawk has 240 seconds left.\n|inactive|bea fangirl 3 has 240 seconds left.\n|\n|t:|1700939270\n|start\n|switch|p1a: Scizor|Scizor, F|100\/100\n|switch|p2a: Medicham|Medicham, M|100\/100\n|turn|1\n|\n|t:|1700939290\n|switch|p1a: Landorus|Landorus-Therian, M|100\/100\n|-ability|p1a: Landorus|Intimidate|boost\n|-unboost|p2a: Medicham|atk|1\n|detailschange|p2a: Medicham|Medicham-Mega, M\n|-mega|p2a: Medicham|Medicham|Medichamite\n|move|p2a: Medicham|Fake Out|p1a: Landorus\n|-damage|p1a: Landorus|89\/100\n|-damage|p2a: Medicham|84\/100|[from] item: Rocky Helmet|[of] p1a: Landorus\n|\n|upkeep\n|turn|2\n|\n|t:|1700939301\n|switch|p2a: Landorus|Landorus-Therian, M|100\/100\n|-ability|p2a: Landorus|Intimidate|boost\n|-unboost|p1a: Landorus|atk|1\n|switch|p1a: Scizor|Scizor, F|100\/100\n|\n|upkeep\n|turn|3\n|\n|t:|1700939325\n|switch|p1a: Landorus|Landorus-Therian, M|89\/100\n|-ability|p1a: Landorus|Intimidate|boost\n|-unboost|p2a: Landorus|atk|1\n|move|p2a: Landorus|Stealth Rock|p1a: Landorus\n|-sidestart|p1: dracul mihawk|move: Stealth Rock\n|\n|upkeep\n|turn|4\n|\n|t:|1700939331\n|switch|p2a: Tornadus|Tornadus-Therian, M|100\/100\n|move|p1a: Landorus|Stealth Rock|p2a: Tornadus\n|-sidestart|p2: bea fangirl 3|move: Stealth Rock\n|\n|upkeep\n|turn|5\n|\n|t:|1700939338\n|switch|p1a: Iron Moth|Iron Moth|100\/100\n|-damage|p1a: Iron Moth|76\/100|[from] Stealth Rock\n|-enditem|p1a: Iron Moth|Booster Energy\n|-activate|p1a: Iron Moth|ability: Quark Drive|[fromitem]\n|-start|p1a: Iron Moth|quarkdrivespe\n|move|p2a: Tornadus|Knock Off|p1a: Iron Moth\n|-damage|p1a: Iron Moth|55\/100\n|\n|upkeep\n|turn|6\n|\n|t:|1700939345\n|move|p1a: Iron Moth|Fiery Dance|p2a: Tornadus\n|-damage|p2a: Tornadus|58\/100\n|move|p2a: Tornadus|U-turn|p1a: Iron Moth\n|-resisted|p1a: Iron Moth\n|-damage|p1a: Iron Moth|50\/100\n|\n|t:|1700939351\n|switch|p2a: Samurott|Samurott-Hisui, F|100\/100|[from] U-turn\n|-damage|p2a: Samurott|88\/100|[from] Stealth Rock\n|\n|upkeep\n|turn|7\n|\n|t:|1700939359\n|move|p2a: Samurott|Sucker Punch|p1a: Iron Moth\n|-damage|p1a: Iron Moth|0 fnt\n|faint|p1a: Iron Moth\n|-end|p1a: Iron Moth|Quark Drive|[silent]\n|\n|upkeep\n|\n|t:|1700939365\n|switch|p1a: Ogerpon|Ogerpon-Wellspring, F|100\/100\n|-damage|p1a: Ogerpon|88\/100|[from] Stealth Rock\n|turn|8\n|\n|t:|1700939388\n|switch|p2a: Tornadus|Tornadus-Therian, M|91\/100\n|move|p1a: Ogerpon|Ivy Cudgel|p2a: Tornadus|[anim] Ivy Cudgel Water\n|-crit|p2a: Tornadus\n|-damage|p2a: Tornadus|0 fnt\n|faint|p2a: Tornadus\n|\n|upkeep\n|\n|t:|1700939402\n|switch|p2a: Kartana|Kartana|100\/100\n|-damage|p2a: Kartana|94\/100|[from] Stealth Rock\n|turn|9\n|c|+setset77|go omar\n|inactive|dracul mihawk has 270 seconds left.\n|inactive|bea fangirl 3 has 270 seconds left.\n|\n|t:|1700939444\n|switch|p1a: Scizor|Scizor, F|100\/100\n|-damage|p1a: Scizor|88\/100|[from] Stealth Rock\n|move|p2a: Kartana|Leaf Blade|p1a: Scizor\n|-resisted|p1a: Scizor\n|-damage|p1a: Scizor|72\/100\n|\n|upkeep\n|turn|10\n|\n|t:|1700939462\n|switch|p2a: Landorus|Landorus-Therian, M|100\/100\n|-damage|p2a: Landorus|88\/100|[from] Stealth Rock\n|-ability|p2a: Landorus|Intimidate|boost\n|-unboost|p1a: Scizor|atk|1\n|switch|p1a: Ogerpon|Ogerpon-Wellspring, F|88\/100\n|-damage|p1a: Ogerpon|76\/100|[from] Stealth Rock\n|\n|upkeep\n|turn|11\n|\n|t:|1700939480\n|switch|p2a: Kartana|Kartana|94\/100\n|-damage|p2a: Kartana|88\/100|[from] Stealth Rock\n|move|p1a: Ogerpon|Ivy Cudgel|p2a: Kartana|[anim] Ivy Cudgel Water\n|-resisted|p2a: Kartana\n|-damage|p2a: Kartana|59\/100\n|\n|upkeep\n|turn|12\n|inactive|bea fangirl 3 has 270 seconds left.\n|inactive|dracul mihawk has 240 seconds left.\n|inactive|bea fangirl 3 has 240 seconds left.\n|\n|t:|1700939538\n|switch|p1a: Landorus|Landorus-Therian, M|89\/100\n|-damage|p1a: Landorus|77\/100|[from] Stealth Rock\n|-ability|p1a: Landorus|Intimidate|boost\n|-unboost|p2a: Kartana|atk|1\n|move|p2a: Kartana|Leaf Blade|p1a: Landorus\n|-damage|p1a: Landorus|47\/100\n|-damage|p2a: Kartana|42\/100|[from] item: Rocky Helmet|[of] p1a: Landorus\n|\n|upkeep\n|turn|13\n|inactive|bea fangirl 3 has 240 seconds left.\n|inactive|dracul mihawk has 240 seconds left.\n|inactive|bea fangirl 3 has 210 seconds left.\n|\n|t:|1700939574\n|switch|p2a: Medicham|Medicham-Mega, M|84\/100\n|-damage|p2a: Medicham|78\/100|[from] Stealth Rock\n|move|p1a: Landorus|Toxic|p2a: Medicham|[miss]\n|-miss|p1a: Landorus|p2a: Medicham\n|\n|upkeep\n|turn|14\n|\n|t:|1700939580\n|move|p2a: Medicham|Close Combat|p1a: Landorus\n|-resisted|p1a: Landorus\n|-damage|p1a: Landorus|10\/100\n|-unboost|p2a: Medicham|def|1\n|-unboost|p2a: Medicham|spd|1\n|-damage|p2a: Medicham|61\/100|[from] item: Rocky Helmet|[of] p1a: Landorus\n|move|p1a: Landorus|U-turn|p2a: Medicham\n|-damage|p2a: Medicham|11\/100\n|\n|t:|1700939583\n|switch|p1a: Scizor|Scizor, F|72\/100|[from] U-turn\n|-damage|p1a: Scizor|60\/100|[from] Stealth Rock\n|\n|upkeep\n|turn|15\n|inactive|dracul mihawk has 240 seconds left.\n|inactive|bea fangirl 3 has 210 seconds left.\n|inactive|bea fangirl 3 has 180 seconds left.\n|\n|t:|1700939639\n|detailschange|p1a: Scizor|Scizor-Mega, F\n|-mega|p1a: Scizor|Scizor|Scizorite\n|move|p1a: Scizor|Bullet Punch|p2a: Medicham\n|-damage|p2a: Medicham|0 fnt\n|faint|p2a: Medicham\n|\n|upkeep\n|\n|t:|1700939643\n|switch|p2a: Samurott|Samurott-Hisui, F|88\/100\n|-damage|p2a: Samurott|76\/100|[from] Stealth Rock\n|turn|16\n|inactive|dracul mihawk has 240 seconds left.\n|inactive|bea fangirl 3 has 180 seconds left.\n|inactive|dracul mihawk has 210 seconds left.\n|\n|t:|1700939693\n|-terastallize|p2a: Samurott|Water\n|move|p2a: Samurott|Ceaseless Edge|p1a: Scizor|[miss]\n|-miss|p2a: Samurott|p1a: Scizor\n|move|p1a: Scizor|Close Combat|p2a: Samurott\n|-damage|p2a: Samurott|25\/100\n|-unboost|p1a: Scizor|def|1\n|-unboost|p1a: Scizor|spd|1\n|\n|upkeep\n|turn|17\n|\n|t:|1700939699\n|switch|p1a: Landorus|Landorus-Therian, M|10\/100\n|-damage|p1a: Landorus|0 fnt|[from] Stealth Rock\n|faint|p1a: Landorus\n|move|p2a: Samurott|Aqua Cutter|p1: Landorus|[notarget]\n|-fail|p2a: Samurott\n|\n|upkeep\n|\n|t:|1700939705\n|switch|p1a: Ogerpon|Ogerpon-Wellspring, F|76\/100\n|-damage|p1a: Ogerpon|64\/100|[from] Stealth Rock\n|turn|18\n|\n|t:|1700939712\n|switch|p2a: Slowking|Slowking-Galar, F|100\/100\n|move|p1a: Ogerpon|Ivy Cudgel|p2a: Slowking|[anim] Ivy Cudgel Water\n|-damage|p2a: Slowking|56\/100\n|\n|upkeep\n|turn|19\n|\n|t:|1700939719\n|-terastallize|p1a: Ogerpon|Water\n|detailschange|p1a: Ogerpon|Ogerpon-Wellspring-Tera, F, tera:Water\n|-ability|p1a: Ogerpon|Embody Aspect (Wellspring)|boost\n|-boost|p1a: Ogerpon|spd|1\n|move|p1a: Ogerpon|Ivy Cudgel|p2a: Slowking|[anim] Ivy Cudgel Water\n|-damage|p2a: Slowking|0 fnt\n|faint|p2a: Slowking\n|\n|upkeep\n|\n|t:|1700939721\n|switch|p2a: Kartana|Kartana|42\/100\n|-damage|p2a: Kartana|36\/100|[from] Stealth Rock\n|turn|20\n|inactive|dracul mihawk has 240 seconds left.\n|\n|t:|1700939726\n|switch|p1a: Scizor|Scizor-Mega, F|60\/100\n|-damage|p1a: Scizor|47\/100|[from] Stealth Rock\n|move|p2a: Kartana|Sacred Sword|p1a: Scizor\n|-damage|p1a: Scizor|17\/100\n|\n|upkeep\n|turn|21\n|\n|t:|1700939729\n|move|p1a: Scizor|Bullet Punch|p2a: Kartana\n|-resisted|p2a: Kartana\n|-damage|p2a: Kartana|21\/100\n|move|p2a: Kartana|Sacred Sword|p1a: Scizor\n|-crit|p1a: Scizor\n|-damage|p1a: Scizor|0 fnt\n|faint|p1a: Scizor\n|-ability|p2a: Kartana|Beast Boost|boost\n|-boost|p2a: Kartana|atk|1\n|\n|upkeep\n|inactive|dracul mihawk has 240 seconds left.\n|\n|t:|1700939748\n|switch|p1a: Jirachi|Jirachi, shiny|100\/100\n|-damage|p1a: Jirachi|94\/100|[from] Stealth Rock\n|turn|22\n|\n|t:|1700939758\n|switch|p2a: Landorus|Landorus-Therian, M|88\/100\n|-damage|p2a: Landorus|76\/100|[from] Stealth Rock\n|-ability|p2a: Landorus|Intimidate|boost\n|-unboost|p1a: Jirachi|atk|1\n|-zpower|p1a: Jirachi\n|move|p1a: Jirachi|Z-Happy Hour|p1a: Jirachi|[anim]Happy Hour\n|-boost|p1a: Jirachi|atk|1|[zeffect]\n|-boost|p1a: Jirachi|def|1|[zeffect]\n|-boost|p1a: Jirachi|spa|1|[zeffect]\n|-boost|p1a: Jirachi|spd|1|[zeffect]\n|-boost|p1a: Jirachi|spe|1|[zeffect]\n|\n|upkeep\n|turn|23\n|\n|t:|1700939761\n|move|p1a: Jirachi|Stored Power|p2a: Landorus\n|-crit|p2a: Landorus\n|-damage|p2a: Landorus|0 fnt\n|faint|p2a: Landorus\n|\n|upkeep\n|\n|t:|1700939765\n|switch|p2a: Samurott|Samurott-Hisui, F, tera:Water|25\/100\n|-damage|p2a: Samurott|12\/100|[from] Stealth Rock\n|turn|24\n|\n|t:|1700939769\n|move|p2a: Samurott|Sucker Punch|p1a: Jirachi\n|-supereffective|p1a: Jirachi\n|-damage|p1a: Jirachi|39\/100\n|move|p1a: Jirachi|Stored Power|p2a: Samurott\n|-damage|p2a: Samurott|0 fnt\n|faint|p2a: Samurott\n|\n|upkeep\n|c|\u2606bea fangirl 3|gg\n|\n|t:|1700939773\n|switch|p2a: Kartana|Kartana|21\/100\n|-damage|p2a: Kartana|15\/100|[from] Stealth Rock\n|turn|25\n|c|\u2606dracul mihawk|gg\n|c|\u2606dracul mihawk|srry for hax\n|\n|t:|1700939779\n|move|p2a: Kartana|Leaf Blade|p1a: Jirachi\n|-resisted|p1a: Jirachi\n|-damage|p1a: Jirachi|20\/100\n|move|p1a: Jirachi|Stored Power|p2a: Kartana\n|-resisted|p2a: Kartana\n|-damage|p2a: Kartana|0 fnt\n|faint|p2a: Kartana\n|\n|win|dracul mihawk\n","uploadtime":1700939780,"views":133,"p1id":"draculmihawk","p2id":"beafangirl3","formatid":"gen9nationaldex","rating":0,"private":0,"password":""}