{"id":"smogtours-gen9nationaldex-732096","p1":"fohen","p2":"rnmbj","format":"[Gen 9] National Dex","log":"|inactive|Battle timer is ON: inactive players will automatically lose when time's up.\n|t:|1700722344\n|gametype|singles\n|player|p1|fohen|169|\n|player|p2|rnmbj|1|\n|teamsize|p1|6\n|teamsize|p2|6\n|gen|9\n|tier|[Gen 9] National Dex\n|rule|HP Percentage Mod: HP is shown in percentages\n|rule|Endless Battle Clause: Forcing endless battles is banned\n|rule|OHKO Clause: OHKO moves are banned\n|rule|Evasion Clause: Evasion abilities, items, and moves are banned\n|rule|Evasion Abilities Clause: Evasion abilities are banned\n|rule|Evasion Items Clause: Evasion items are banned\n|rule|Evasion Moves Clause: Evasion moves are banned\n|rule|Species Clause: Limit one of each Pok\u00e9mon\n|rule|Sleep Clause Mod: Limit one foe put to sleep\n|clearpoke\n|poke|p1|Stakataka|\n|poke|p1|Drampa, M|\n|poke|p1|Serperior, F|\n|poke|p1|Klawf, M|\n|poke|p1|Victreebel, M|\n|poke|p1|Tropius, F|\n|poke|p2|Drampa, F|\n|poke|p2|Mismagius, F|\n|poke|p2|Scovillain, M|\n|poke|p2|Barraskewda, F|\n|poke|p2|Gorebyss, M|\n|poke|p2|Gastrodon, M|\n|teampreview\n|\n|t:|1700722362\n|start\n|switch|p1a: Klawf|Klawf, M|100\/100\n|switch|p2a: Gastrodon|Gastrodon, M|100\/100\n|turn|1\n|\n|t:|1700722373\n|move|p1a: Klawf|Stealth Rock|p2a: Gastrodon\n|-sidestart|p2: rnmbj|move: Stealth Rock\n|move|p2a: Gastrodon|Rain Dance|p2a: Gastrodon\n|-weather|RainDance\n|\n|-weather|RainDance|[upkeep]\n|upkeep\n|turn|2\n|\n|t:|1700722388\n|switch|p1a: Stakataka|Stakataka|100\/100\n|switch|p2a: Barraskewda|Barraskewda, F|100\/100\n|-damage|p2a: Barraskewda|88\/100|[from] Stealth Rock\n|\n|-weather|RainDance|[upkeep]\n|upkeep\n|turn|3\n|\n|t:|1700722397\n|-terastallize|p2a: Barraskewda|Water\n|move|p2a: Barraskewda|Liquidation|p1a: Stakataka\n|-supereffective|p1a: Stakataka\n|-damage|p1a: Stakataka|4\/100\n|move|p1a: Stakataka|Trick Room|p1a: Stakataka\n|-fieldstart|move: Trick Room|[of] p1a: Stakataka\n|\n|-weather|RainDance|[upkeep]\n|upkeep\n|turn|4\n|\n|t:|1700722409\n|move|p1a: Stakataka|Body Press|p2a: Barraskewda\n|-damage|p2a: Barraskewda|0 fnt\n|faint|p2a: Barraskewda\n|-ability|p1a: Stakataka|Beast Boost|boost\n|-boost|p1a: Stakataka|def|1\n|-damage|p1a: Stakataka|0 fnt|[from] item: Life Orb\n|faint|p1a: Stakataka\n|\n|-weather|RainDance|[upkeep]\n|upkeep\n|inactive|fohen has 270 seconds left.\n|inactive|fohen has 240 seconds left.\n|inactive|fohen has 210 seconds left.\n|inactive|fohen has 180 seconds left.\n|\n|t:|1700722533\n|switch|p1a: Serperior|Serperior, F|100\/100\n|switch|p2a: Drampa|Drampa, F|100\/100\n|-damage|p2a: Drampa|88\/100|[from] Stealth Rock\n|turn|5\n|\n|t:|1700722543\n|move|p2a: Drampa|Draco Meteor|p1a: Serperior\n|-damage|p1a: Serperior|0 fnt\n|-unboost|p2a: Drampa|spa|2\n|faint|p1a: Serperior\n|\n|-weather|none\n|upkeep\n|\n|t:|1700722550\n|switch|p1a: Klawf|Klawf, M|100\/100\n|turn|6\n|\n|t:|1700722560\n|switch|p2a: Gastrodon|Gastrodon, M|100\/100\n|-damage|p2a: Gastrodon|94\/100|[from] Stealth Rock\n|move|p1a: Klawf|Knock Off|p2a: Gastrodon\n|-damage|p2a: Gastrodon|69\/100\n|-enditem|p2a: Gastrodon|Leftovers|[from] move: Knock Off|[of] p1a: Klawf\n|\n|upkeep\n|turn|7\n|\n|t:|1700722573\n|switch|p1a: Tropius|Tropius, F|100\/100\n|move|p2a: Gastrodon|Hydro Pump|p1a: Tropius\n|-resisted|p1a: Tropius\n|-damage|p1a: Tropius|89\/100\n|\n|-fieldend|move: Trick Room\n|upkeep\n|turn|8\n|inactive|fohen has 210 seconds left.\n|\n|t:|1700722585\n|switch|p2a: Scovillain|Scovillain, M|100\/100\n|-damage|p2a: Scovillain|76\/100|[from] Stealth Rock\n|move|p1a: Tropius|Substitute|p1a: Tropius\n|-start|p1a: Tropius|Substitute\n|-damage|p1a: Tropius|64\/100\n|\n|upkeep\n|turn|9\n|inactive|fohen has 210 seconds left.\n|\n|t:|1700722603\n|move|p2a: Scovillain|Fire Blast|p1a: Tropius\n|-supereffective|p1a: Tropius\n|-end|p1a: Tropius|Substitute\n|-damage|p2a: Scovillain|66\/100|[from] item: Life Orb\n|move|p1a: Tropius|Air Slash|p2a: Scovillain\n|-supereffective|p2a: Scovillain\n|-damage|p2a: Scovillain|0 fnt\n|faint|p2a: Scovillain\n|\n|upkeep\n|\n|t:|1700722620\n|switch|p2a: Drampa|Drampa, F|88\/100\n|-damage|p2a: Drampa|76\/100|[from] Stealth Rock\n|turn|10\n|inactive|fohen has 210 seconds left.\n|\n|t:|1700722640\n|move|p1a: Tropius|Substitute|p1a: Tropius\n|-start|p1a: Tropius|Substitute\n|-damage|p1a: Tropius|40\/100\n|move|p2a: Drampa|Flamethrower|p1a: Tropius\n|-supereffective|p1a: Tropius\n|-end|p1a: Tropius|Substitute\n|\n|upkeep\n|turn|11\n|inactive|fohen has 210 seconds left.\n|\n|t:|1700722647\n|move|p1a: Tropius|Substitute|p1a: Tropius\n|-start|p1a: Tropius|Substitute\n|-damage|p1a: Tropius|15\/100\n|-enditem|p1a: Tropius|Aguav Berry|[eat]\n|-heal|p1a: Tropius|48\/100|[from] item: Aguav Berry\n|move|p2a: Drampa|Flamethrower|p1a: Tropius\n|-supereffective|p1a: Tropius\n|-end|p1a: Tropius|Substitute\n|\n|upkeep\n|turn|12\n|\n|t:|1700722655\n|move|p1a: Tropius|Substitute|p1a: Tropius\n|-start|p1a: Tropius|Substitute\n|-damage|p1a: Tropius|23\/100\n|move|p2a: Drampa|Flamethrower|p1a: Tropius\n|-supereffective|p1a: Tropius\n|-end|p1a: Tropius|Substitute\n|\n|upkeep\n|turn|13\n|\n|t:|1700722663\n|switch|p1a: Klawf|Klawf, M|100\/100\n|move|p2a: Drampa|Flamethrower|p1a: Klawf\n|-resisted|p1a: Klawf\n|-damage|p1a: Klawf|69\/100\n|\n|-heal|p1a: Klawf|75\/100|[from] item: Leftovers\n|upkeep\n|turn|14\n|\n|t:|1700722677\n|switch|p2a: Gastrodon|Gastrodon, M|69\/100\n|-damage|p2a: Gastrodon|63\/100|[from] Stealth Rock\n|move|p1a: Klawf|Stone Edge|p2a: Gastrodon\n|-resisted|p2a: Gastrodon\n|-damage|p2a: Gastrodon|46\/100\n|\n|-heal|p1a: Klawf|82\/100|[from] item: Leftovers\n|upkeep\n|turn|15\n|\n|t:|1700722689\n|switch|p1a: Tropius|Tropius, F|23\/100\n|move|p2a: Gastrodon|Recover|p2a: Gastrodon\n|-heal|p2a: Gastrodon|96\/100\n|\n|upkeep\n|turn|16\n|inactive|fohen has 210 seconds left.\n|\n|t:|1700722710\n|move|p1a: Tropius|Leech Seed|p2a: Gastrodon\n|-start|p2a: Gastrodon|move: Leech Seed\n|move|p2a: Gastrodon|Hydro Pump|p1a: Tropius\n|-resisted|p1a: Tropius\n|-damage|p1a: Tropius|11\/100\n|\n|-damage|p2a: Gastrodon|83\/100|[from] Leech Seed|[of] p1a: Tropius\n|-heal|p1a: Tropius|24\/100|[silent]\n|-item|p1a: Tropius|Aguav Berry|[from] ability: Harvest\n|upkeep\n|-enditem|p1a: Tropius|Aguav Berry|[eat]\n|-heal|p1a: Tropius|58\/100|[from] item: Aguav Berry\n|turn|17\n|\n|t:|1700722721\n|switch|p2a: Drampa|Drampa, F|76\/100\n|-damage|p2a: Drampa|64\/100|[from] Stealth Rock\n|move|p1a: Tropius|Substitute|p1a: Tropius\n|-start|p1a: Tropius|Substitute\n|-damage|p1a: Tropius|33\/100\n|\n|-item|p1a: Tropius|Aguav Berry|[from] ability: Harvest\n|upkeep\n|turn|18\n|inactive|fohen has 210 seconds left.\n|\n|t:|1700722737\n|move|p1a: Tropius|Leech Seed|p2a: Drampa\n|-start|p2a: Drampa|move: Leech Seed\n|move|p2a: Drampa|Flamethrower|p1a: Tropius\n|-supereffective|p1a: Tropius\n|-end|p1a: Tropius|Substitute\n|\n|-damage|p2a: Drampa|51\/100|[from] Leech Seed|[of] p1a: Tropius\n|-heal|p1a: Tropius|44\/100|[silent]\n|upkeep\n|turn|19\n|\n|t:|1700722746\n|move|p1a: Tropius|Substitute|p1a: Tropius\n|-start|p1a: Tropius|Substitute\n|-damage|p1a: Tropius|19\/100\n|-enditem|p1a: Tropius|Aguav Berry|[eat]\n|-heal|p1a: Tropius|52\/100|[from] item: Aguav Berry\n|move|p2a: Drampa|Flamethrower|p1a: Tropius\n|-supereffective|p1a: Tropius\n|-end|p1a: Tropius|Substitute\n|\n|-damage|p2a: Drampa|39\/100|[from] Leech Seed|[of] p1a: Tropius\n|-heal|p1a: Tropius|63\/100|[silent]\n|-item|p1a: Tropius|Aguav Berry|[from] ability: Harvest\n|upkeep\n|turn|20\n|\n|t:|1700722759\n|switch|p2a: Mismagius|Mismagius, F|100\/100\n|-damage|p2a: Mismagius|88\/100|[from] Stealth Rock\n|move|p1a: Tropius|Substitute|p1a: Tropius\n|-start|p1a: Tropius|Substitute\n|-damage|p1a: Tropius|38\/100\n|\n|upkeep\n|turn|21\n|\n|t:|1700722770\n|move|p2a: Mismagius|Shadow Ball|p1a: Tropius\n|-activate|p1a: Tropius|move: Substitute|[damage]\n|move|p1a: Tropius|Leech Seed|p2a: Mismagius\n|-start|p2a: Mismagius|move: Leech Seed\n|\n|-damage|p2a: Mismagius|76\/100|[from] Leech Seed|[of] p1a: Tropius\n|-heal|p1a: Tropius|46\/100|[silent]\n|upkeep\n|turn|22\n|inactive|fohen has 210 seconds left.\n|\n|t:|1700722805\n|move|p2a: Mismagius|Shadow Ball|p1a: Tropius\n|-end|p1a: Tropius|Substitute\n|move|p1a: Tropius|Substitute|p1a: Tropius\n|-start|p1a: Tropius|Substitute\n|-damage|p1a: Tropius|21\/100\n|-enditem|p1a: Tropius|Aguav Berry|[eat]\n|-heal|p1a: Tropius|55\/100|[from] item: Aguav Berry\n|\n|-damage|p2a: Mismagius|64\/100|[from] Leech Seed|[of] p1a: Tropius\n|-heal|p1a: Tropius|63\/100|[silent]\n|upkeep\n|turn|23\n|\n|t:|1700722816\n|move|p1a: Tropius|Protect|p1a: Tropius\n|-singleturn|p1a: Tropius|Protect\n|move|p2a: Mismagius|Dazzling Gleam|p1a: Tropius\n|-activate|p1a: Tropius|move: Protect\n|\n|-damage|p2a: Mismagius|51\/100|[from] Leech Seed|[of] p1a: Tropius\n|-heal|p1a: Tropius|71\/100|[silent]\n|upkeep\n|turn|24\n|inactive|fohen has 210 seconds left.\n|\n|t:|1700722824\n|move|p2a: Mismagius|Calm Mind|p2a: Mismagius\n|-boost|p2a: Mismagius|spa|1\n|-boost|p2a: Mismagius|spd|1\n|move|p1a: Tropius|Air Slash|p2a: Mismagius\n|-damage|p2a: Mismagius|34\/100\n|\n|-damage|p2a: Mismagius|22\/100|[from] Leech Seed|[of] p1a: Tropius\n|-heal|p1a: Tropius|79\/100|[silent]\n|upkeep\n|turn|25\n|\n|t:|1700722832\n|move|p2a: Mismagius|Destiny Bond|p2a: Mismagius\n|-singlemove|p2a: Mismagius|Destiny Bond\n|move|p1a: Tropius|Air Slash|p2a: Mismagius\n|-damage|p2a: Mismagius|6\/100\n|\n|-damage|p2a: Mismagius|0 fnt|[from] Leech Seed|[of] p1a: Tropius\n|-heal|p1a: Tropius|82\/100|[silent]\n|faint|p2a: Mismagius\n|upkeep\n|\n|t:|1700722843\n|switch|p2a: Drampa|Drampa, F|39\/100\n|-damage|p2a: Drampa|27\/100|[from] Stealth Rock\n|turn|26\n|\n|t:|1700722849\n|move|p1a: Tropius|Leech Seed|p2a: Drampa\n|-start|p2a: Drampa|move: Leech Seed\n|move|p2a: Drampa|Flamethrower|p1a: Tropius\n|-supereffective|p1a: Tropius\n|-end|p1a: Tropius|Substitute\n|\n|-damage|p2a: Drampa|15\/100|[from] Leech Seed|[of] p1a: Tropius\n|-heal|p1a: Tropius|93\/100|[silent]\n|-item|p1a: Tropius|Aguav Berry|[from] ability: Harvest\n|upkeep\n|turn|27\n|\n|t:|1700722858\n|move|p1a: Tropius|Protect|p1a: Tropius\n|-singleturn|p1a: Tropius|Protect\n|move|p2a: Drampa|Flamethrower|p1a: Tropius\n|-activate|p1a: Tropius|move: Protect\n|\n|-damage|p2a: Drampa|2\/100|[from] Leech Seed|[of] p1a: Tropius\n|-heal|p1a: Tropius|100\/100|[silent]\n|upkeep\n|turn|28\n|\n|t:|1700722867\n|move|p1a: Tropius|Substitute|p1a: Tropius\n|-start|p1a: Tropius|Substitute\n|-damage|p1a: Tropius|76\/100\n|move|p2a: Drampa|Flamethrower|p1a: Tropius\n|-supereffective|p1a: Tropius\n|-end|p1a: Tropius|Substitute\n|\n|-damage|p2a: Drampa|0 fnt|[from] Leech Seed|[of] p1a: Tropius\n|-heal|p1a: Tropius|77\/100|[silent]\n|faint|p2a: Drampa\n|upkeep\n|\n|t:|1700722879\n|switch|p2a: Gorebyss|Gorebyss, M|100\/100\n|-damage|p2a: Gorebyss|88\/100|[from] Stealth Rock\n|turn|29\n|\n|t:|1700722892\n|move|p1a: Tropius|Protect|p1a: Tropius\n|-singleturn|p1a: Tropius|Protect\n|move|p2a: Gorebyss|Shell Smash|p2a: Gorebyss\n|-unboost|p2a: Gorebyss|def|1\n|-unboost|p2a: Gorebyss|spd|1\n|-boost|p2a: Gorebyss|atk|2\n|-boost|p2a: Gorebyss|spa|2\n|-boost|p2a: Gorebyss|spe|2\n|\n|upkeep\n|turn|30\n|-message|rnmbj forfeited.\n|\n|win|fohen\n","uploadtime":1700722901,"views":1,"p1id":"fohen","p2id":"rnmbj","formatid":"gen9nationaldex","rating":0,"private":0,"password":""}