{"id":"smogtours-gen9nationaldex-732078","p1":"JesterArtisticBoi","p2":"Demonlord_001","format":"[Gen 9] National Dex","log":"|inactive|Battle timer is ON: inactive players will automatically lose when time's up.\n|t:|1700712827\n|gametype|singles\n|player|p1|JesterArtisticBoi|rocketgrunt|\n|player|p2|Demonlord_001|n|\n|teamsize|p1|6\n|teamsize|p2|6\n|gen|9\n|tier|[Gen 9] National Dex\n|rule|HP Percentage Mod: HP is shown in percentages\n|rule|Endless Battle Clause: Forcing endless battles is banned\n|rule|OHKO Clause: OHKO moves are banned\n|rule|Evasion Clause: Evasion abilities, items, and moves are banned\n|rule|Evasion Abilities Clause: Evasion abilities are banned\n|rule|Evasion Items Clause: Evasion items are banned\n|rule|Evasion Moves Clause: Evasion moves are banned\n|rule|Species Clause: Limit one of each Pok\u00e9mon\n|rule|Sleep Clause Mod: Limit one foe put to sleep\n|clearpoke\n|poke|p1|Ursaluna, M|\n|poke|p1|Skeledirge, M|\n|poke|p1|Flapple, M|\n|poke|p1|Mabosstiff, M|\n|poke|p1|Jellicent, M|\n|poke|p1|Metagross|\n|poke|p2|Chandelure, F|\n|poke|p2|Gardevoir, F|\n|poke|p2|Walrein, M|\n|poke|p2|Salamence, F|\n|poke|p2|Steelix, M|\n|poke|p2|Tauros, M|\n|teampreview\n|\n|t:|1700712850\n|start\n|switch|p1a: Flapple|Flapple, M|100\/100\n|switch|p2a: Night Light|Chandelure, F|100\/100\n|turn|1\n|\n|t:|1700712871\n|switch|p1a: Jellicent|Jellicent, M|100\/100\n|move|p2a: Night Light|Toxic|p1a: Jellicent\n|-status|p1a: Jellicent|tox\n|\n|-damage|p1a: Jellicent|94\/100 tox|[from] psn\n|upkeep\n|turn|2\n|\n|t:|1700712888\n|switch|p2a: Rampant|Tauros, M|100\/100\n|move|p1a: Jellicent|Hex|p2a: Rampant\n|-immune|p2a: Rampant\n|\n|-heal|p1a: Jellicent|100\/100 tox|[from] item: Leftovers\n|-damage|p1a: Jellicent|88\/100 tox|[from] psn\n|upkeep\n|turn|3\n|\n|t:|1700712898\n|move|p2a: Rampant|Throat Chop|p1a: Jellicent\n|-supereffective|p1a: Jellicent\n|-damage|p1a: Jellicent|0 fnt\n|faint|p1a: Jellicent\n|\n|upkeep\n|\n|t:|1700712916\n|switch|p1a: Metagross|Metagross, shiny|100\/100\n|turn|4\n|\n|t:|1700712920\n|move|p2a: Rampant|Throat Chop|p1a: Metagross\n|-supereffective|p1a: Metagross\n|-damage|p1a: Metagross|4\/100\n|move|p1a: Metagross|Hammer Arm|p2a: Rampant\n|-supereffective|p2a: Rampant\n|-damage|p2a: Rampant|29\/100\n|-unboost|p1a: Metagross|spe|1\n|\n|upkeep\n|turn|5\n|\n|t:|1700712929\n|move|p2a: Rampant|Throat Chop|p1a: Metagross\n|-supereffective|p1a: Metagross\n|-damage|p1a: Metagross|0 fnt\n|faint|p1a: Metagross\n|\n|upkeep\n|\n|t:|1700712942\n|switch|p1a: Ursaluna|Ursaluna, M|100\/100\n|turn|6\n|\n|t:|1700712957\n|switch|p2a: Queen|Salamence, F|100\/100\n|-ability|p2a: Queen|Intimidate|boost\n|-unboost|p1a: Ursaluna|atk|1\n|move|p1a: Ursaluna|Body Press|p2a: Queen\n|-resisted|p2a: Queen\n|-damage|p2a: Queen|90\/100\n|\n|-status|p1a: Ursaluna|brn|[from] item: Flame Orb\n|upkeep\n|turn|7\n|\n|t:|1700712976\n|move|p2a: Queen|Brick Break|p1a: Ursaluna\n|-supereffective|p1a: Ursaluna\n|-damage|p1a: Ursaluna|30\/100 brn\n|-damage|p2a: Queen|80\/100|[from] item: Life Orb\n|move|p1a: Ursaluna|Thunder Punch|p2a: Queen\n|-damage|p2a: Queen|42\/100\n|\n|-damage|p1a: Ursaluna|24\/100 brn|[from] brn\n|upkeep\n|turn|8\n|\n|t:|1700712998\n|move|p2a: Queen|Brick Break|p1a: Ursaluna\n|-supereffective|p1a: Ursaluna\n|-damage|p1a: Ursaluna|0 fnt\n|faint|p1a: Ursaluna\n|-damage|p2a: Queen|33\/100|[from] item: Life Orb\n|\n|upkeep\n|\n|t:|1700713006\n|switch|p1a: Skeledirge|Skeledirge, M|100\/100\n|turn|9\n|\n|t:|1700713015\n|switch|p2a: Night Light|Chandelure, F|100\/100\n|move|p1a: Skeledirge|Shadow Ball|p2a: Night Light\n|-supereffective|p2a: Night Light\n|-damage|p2a: Night Light|0 fnt\n|faint|p2a: Night Light\n|\n|upkeep\n|\n|t:|1700713025\n|switch|p2a: Rampant|Tauros, M|29\/100\n|turn|10\n|\n|t:|1700713029\n|move|p2a: Rampant|Throat Chop|p1a: Skeledirge\n|-supereffective|p1a: Skeledirge\n|-damage|p1a: Skeledirge|6\/100\n|move|p1a: Skeledirge|Earth Power|p2a: Rampant\n|-damage|p2a: Rampant|0 fnt\n|faint|p2a: Rampant\n|\n|upkeep\n|\n|t:|1700713038\n|switch|p2a: Blubby|Walrein, M|100\/100\n|turn|11\n|\n|t:|1700713046\n|switch|p1a: Mabosstiff|Mabosstiff, M|100\/100\n|move|p2a: Blubby|Surf|p1a: Mabosstiff\n|-damage|p1a: Mabosstiff|54\/100\n|\n|upkeep\n|turn|12\n|\n|t:|1700713057\n|move|p1a: Mabosstiff|Lash Out|p2a: Blubby\n|-damage|p2a: Blubby|69\/100\n|move|p2a: Blubby|Avalanche|p1a: Mabosstiff\n|-damage|p1a: Mabosstiff|0 fnt\n|faint|p1a: Mabosstiff\n|\n|upkeep\n|\n|t:|1700713066\n|switch|p1a: Flapple|Flapple, M|100\/100\n|turn|13\n|\n|t:|1700713074\n|move|p1a: Flapple|Grav Apple|p2a: Blubby\n|-supereffective|p2a: Blubby\n|-damage|p2a: Blubby|2\/100\n|-unboost|p2a: Blubby|def|1\n|move|p2a: Blubby|Avalanche|p1a: Flapple\n|-supereffective|p1a: Flapple\n|-damage|p1a: Flapple|0 fnt\n|faint|p1a: Flapple\n|\n|upkeep\n|\n|t:|1700713084\n|switch|p1a: Skeledirge|Skeledirge, M|6\/100\n|turn|14\n|\n|t:|1700713091\n|move|p1a: Skeledirge|Shadow Ball|p2a: Blubby\n|-damage|p2a: Blubby|0 fnt\n|faint|p2a: Blubby\n|\n|upkeep\n|\n|t:|1700713101\n|switch|p2a: Mistress|Gardevoir, F, shiny|100\/100\n|turn|15\n|\n|t:|1700713108\n|move|p2a: Mistress|Shadow Ball|p1a: Skeledirge\n|-supereffective|p1a: Skeledirge\n|-damage|p1a: Skeledirge|0 fnt\n|faint|p1a: Skeledirge\n|\n|win|Demonlord_001\n","uploadtime":1700713109,"views":1,"p1id":"jesterartisticboi","p2id":"demonlord001","formatid":"gen9nationaldex","rating":0,"private":0,"password":""}