{"id":"smogtours-gen9nationaldex-732093","p1":"JesterArtisticBoi","p2":"Demonlord_001","format":"[Gen 9] National Dex","log":"|inactive|Battle timer is ON: inactive players will automatically lose when time's up.\n|t:|1700717171\n|gametype|singles\n|player|p1|JesterArtisticBoi|rocketgrunt|\n|player|p2|Demonlord_001|n|\n|teamsize|p1|6\n|teamsize|p2|6\n|gen|9\n|tier|[Gen 9] National Dex\n|rule|HP Percentage Mod: HP is shown in percentages\n|rule|Endless Battle Clause: Forcing endless battles is banned\n|rule|OHKO Clause: OHKO moves are banned\n|rule|Evasion Clause: Evasion abilities, items, and moves are banned\n|rule|Evasion Abilities Clause: Evasion abilities are banned\n|rule|Evasion Items Clause: Evasion items are banned\n|rule|Evasion Moves Clause: Evasion moves are banned\n|rule|Species Clause: Limit one of each Pok\u00e9mon\n|rule|Sleep Clause Mod: Limit one foe put to sleep\n|clearpoke\n|poke|p1|Ursaluna, M|\n|poke|p1|Skeledirge, M|\n|poke|p1|Flapple, M|\n|poke|p1|Mabosstiff, M|\n|poke|p1|Metagross|\n|poke|p1|Tentacruel, M|\n|poke|p2|Chandelure, F|\n|poke|p2|Gardevoir, F|\n|poke|p2|Walrein, M|\n|poke|p2|Salamence, F|\n|poke|p2|Steelix, M|\n|poke|p2|Tauros, M|\n|teampreview\n|\n|t:|1700717189\n|start\n|switch|p1a: Flapple|Flapple, M|100\/100\n|switch|p2a: Mistress|Gardevoir, F, shiny|100\/100\n|turn|1\n|\n|t:|1700717201\n|move|p2a: Mistress|Dazzling Gleam|p1a: Flapple\n|-supereffective|p1a: Flapple\n|-damage|p1a: Flapple|0 fnt\n|faint|p1a: Flapple\n|\n|upkeep\n|\n|t:|1700717206\n|switch|p1a: Tentacruel|Tentacruel, M|100\/100\n|turn|2\n|\n|t:|1700717213\n|move|p2a: Mistress|Calm Mind|p2a: Mistress\n|-boost|p2a: Mistress|spa|1\n|-boost|p2a: Mistress|spd|1\n|move|p1a: Tentacruel|Sludge Bomb|p2a: Mistress\n|-supereffective|p2a: Mistress\n|-damage|p2a: Mistress|50\/100\n|\n|upkeep\n|turn|3\n|\n|t:|1700717222\n|move|p2a: Mistress|Psychic|p1a: Tentacruel\n|-supereffective|p1a: Tentacruel\n|-damage|p1a: Tentacruel|0 fnt\n|faint|p1a: Tentacruel\n|\n|upkeep\n|\n|t:|1700717229\n|switch|p1a: Mabosstiff|Mabosstiff, M|100\/100\n|turn|4\n|\n|t:|1700717234\n|move|p1a: Mabosstiff|Lash Out|p2a: Mistress\n|-damage|p2a: Mistress|0 fnt\n|faint|p2a: Mistress\n|-damage|p1a: Mabosstiff|91\/100|[from] item: Life Orb\n|\n|upkeep\n|\n|t:|1700717241\n|switch|p2a: Rampant|Tauros, M|100\/100\n|turn|5\n|\n|t:|1700717247\n|move|p2a: Rampant|Close Combat|p1a: Mabosstiff\n|-supereffective|p1a: Mabosstiff\n|-damage|p1a: Mabosstiff|0 fnt\n|-unboost|p2a: Rampant|def|1\n|-unboost|p2a: Rampant|spd|1\n|faint|p1a: Mabosstiff\n|\n|upkeep\n|\n|t:|1700717255\n|switch|p1a: Ursaluna|Ursaluna, M|100\/100\n|turn|6\n|\n|t:|1700717263\n|move|p2a: Rampant|Close Combat|p1a: Ursaluna\n|-supereffective|p1a: Ursaluna\n|-damage|p1a: Ursaluna|7\/100\n|-unboost|p2a: Rampant|def|1\n|-unboost|p2a: Rampant|spd|1\n|move|p1a: Ursaluna|Bulk Up|p1a: Ursaluna\n|-boost|p1a: Ursaluna|atk|1\n|-boost|p1a: Ursaluna|def|1\n|\n|-status|p1a: Ursaluna|brn|[from] item: Flame Orb\n|upkeep\n|turn|7\n|\n|t:|1700717275\n|move|p2a: Rampant|Close Combat|p1a: Ursaluna\n|-supereffective|p1a: Ursaluna\n|-damage|p1a: Ursaluna|0 fnt\n|-unboost|p2a: Rampant|def|1\n|-unboost|p2a: Rampant|spd|1\n|faint|p1a: Ursaluna\n|\n|upkeep\n|\n|t:|1700717283\n|switch|p1a: Skeledirge|Skeledirge, M|100\/100\n|turn|8\n|\n|t:|1700717288\n|switch|p2a: Night Light|Chandelure, F|100\/100\n|move|p1a: Skeledirge|Earth Power|p2a: Night Light\n|-supereffective|p2a: Night Light\n|-damage|p2a: Night Light|19\/100\n|-enditem|p2a: Night Light|Wiki Berry|[eat]\n|-heal|p2a: Night Light|52\/100|[from] item: Wiki Berry\n|\n|upkeep\n|turn|9\n|\n|t:|1700717297\n|move|p2a: Night Light|Flamethrower|p1a: Skeledirge\n|-resisted|p1a: Skeledirge\n|-damage|p1a: Skeledirge|69\/100\n|move|p1a: Skeledirge|Earth Power|p2a: Night Light\n|-supereffective|p2a: Night Light\n|-damage|p2a: Night Light|0 fnt\n|faint|p2a: Night Light\n|\n|upkeep\n|\n|t:|1700717308\n|switch|p2a: Rampant|Tauros, M|100\/100\n|turn|10\n|\n|t:|1700717313\n|move|p2a: Rampant|Throat Chop|p1a: Skeledirge\n|-supereffective|p1a: Skeledirge\n|-damage|p1a: Skeledirge|0 fnt\n|faint|p1a: Skeledirge\n|\n|upkeep\n|\n|t:|1700717318\n|switch|p1a: Metagross|Metagross, shiny|100\/100\n|turn|11\n|\n|t:|1700717325\n|move|p2a: Rampant|Throat Chop|p1a: Metagross\n|-supereffective|p1a: Metagross\n|-damage|p1a: Metagross|5\/100\n|move|p1a: Metagross|Hammer Arm|p2a: Rampant\n|-supereffective|p2a: Rampant\n|-damage|p2a: Rampant|28\/100\n|-unboost|p1a: Metagross|spe|1\n|\n|upkeep\n|turn|12\n|\n|t:|1700717334\n|move|p2a: Rampant|Throat Chop|p1a: Metagross\n|-supereffective|p1a: Metagross\n|-crit|p1a: Metagross\n|-damage|p1a: Metagross|0 fnt\n|faint|p1a: Metagross\n|\n|win|Demonlord_001\n","uploadtime":1700717335,"views":1,"p1id":"jesterartisticboi","p2id":"demonlord001","formatid":"gen9nationaldex","rating":0,"private":0,"password":""}