{"id":"smogtours-gen9nationaldex-732084","p1":"Demonlord_001","p2":"JesterArtisticBoi","format":"[Gen 9] National Dex","log":"|inactive|Battle timer is ON: inactive players will automatically lose when time's up.\n|t:|1700714650\n|gametype|singles\n|player|p1|Demonlord_001|n|\n|player|p2|JesterArtisticBoi|rocketgrunt|\n|teamsize|p1|6\n|teamsize|p2|6\n|gen|9\n|tier|[Gen 9] National Dex\n|rule|HP Percentage Mod: HP is shown in percentages\n|rule|Endless Battle Clause: Forcing endless battles is banned\n|rule|OHKO Clause: OHKO moves are banned\n|rule|Evasion Clause: Evasion abilities, items, and moves are banned\n|rule|Evasion Abilities Clause: Evasion abilities are banned\n|rule|Evasion Items Clause: Evasion items are banned\n|rule|Evasion Moves Clause: Evasion moves are banned\n|rule|Species Clause: Limit one of each Pok\u00e9mon\n|rule|Sleep Clause Mod: Limit one foe put to sleep\n|clearpoke\n|poke|p1|Chandelure, F|\n|poke|p1|Gardevoir, F|\n|poke|p1|Walrein, M|\n|poke|p1|Salamence, F|\n|poke|p1|Steelix, M|\n|poke|p1|Tauros, M|\n|poke|p2|Ursaluna, M|\n|poke|p2|Skeledirge, M|\n|poke|p2|Flapple, M|\n|poke|p2|Mabosstiff, M|\n|poke|p2|Jellicent, M|\n|poke|p2|Metagross|\n|teampreview\n|\n|t:|1700714660\n|start\n|switch|p1a: Levi|Steelix, M|100\/100\n|switch|p2a: Skeledirge|Skeledirge, M|100\/100\n|turn|1\n|\n|t:|1700714668\n|move|p2a: Skeledirge|Will-O-Wisp|p1a: Levi|[miss]\n|-miss|p2a: Skeledirge|p1a: Levi\n|move|p1a: Levi|Earthquake|p2a: Skeledirge\n|-supereffective|p2a: Skeledirge\n|-damage|p2a: Skeledirge|15\/100\n|\n|upkeep\n|turn|2\n|\n|t:|1700714677\n|switch|p1a: Night Light|Chandelure, F|100\/100\n|move|p2a: Skeledirge|Will-O-Wisp|p1a: Night Light\n|-start|p1a: Night Light|ability: Flash Fire\n|\n|upkeep\n|turn|3\n|\n|t:|1700714684\n|move|p1a: Night Light|Shadow Ball|p2a: Skeledirge\n|-supereffective|p2a: Skeledirge\n|-damage|p2a: Skeledirge|0 fnt\n|faint|p2a: Skeledirge\n|\n|upkeep\n|\n|t:|1700714692\n|switch|p2a: Jellicent|Jellicent, M|100\/100\n|turn|4\n|\n|t:|1700714696\n|move|p1a: Night Light|Shadow Ball|p2a: Jellicent\n|-supereffective|p2a: Jellicent\n|-damage|p2a: Jellicent|0 fnt\n|faint|p2a: Jellicent\n|\n|upkeep\n|\n|t:|1700714706\n|switch|p2a: Metagross|Metagross, shiny|100\/100\n|turn|5\n|\n|t:|1700714713\n|move|p1a: Night Light|Shadow Ball|p2a: Metagross\n|-supereffective|p2a: Metagross\n|-enditem|p2a: Metagross|Focus Sash\n|-damage|p2a: Metagross|1\/100\n|move|p2a: Metagross|Psychic|p1a: Night Light\n|-damage|p1a: Night Light|38\/100\n|\n|upkeep\n|turn|6\n|\n|t:|1700714725\n|move|p1a: Night Light|Flamethrower|p2a: Metagross\n|-supereffective|p2a: Metagross\n|-damage|p2a: Metagross|0 fnt\n|faint|p2a: Metagross\n|\n|upkeep\n|\n|t:|1700714731\n|switch|p2a: Ursaluna|Ursaluna, M|100\/100\n|turn|7\n|\n|t:|1700714736\n|move|p1a: Night Light|Flamethrower|p2a: Ursaluna\n|-damage|p2a: Ursaluna|16\/100\n|move|p2a: Ursaluna|Bulk Up|p2a: Ursaluna\n|-boost|p2a: Ursaluna|atk|1\n|-boost|p2a: Ursaluna|def|1\n|\n|-status|p2a: Ursaluna|brn|[from] item: Flame Orb\n|upkeep\n|turn|8\n|\n|t:|1700714745\n|move|p1a: Night Light|Flamethrower|p2a: Ursaluna\n|-crit|p2a: Ursaluna\n|-damage|p2a: Ursaluna|0 fnt\n|faint|p2a: Ursaluna\n|\n|upkeep\n|\n|t:|1700714756\n|switch|p2a: Mabosstiff|Mabosstiff, M|100\/100\n|turn|9\n|\n|t:|1700714763\n|move|p2a: Mabosstiff|Crunch|p1a: Night Light\n|-supereffective|p1a: Night Light\n|-damage|p1a: Night Light|0 fnt\n|faint|p1a: Night Light\n|\n|upkeep\n|\n|t:|1700714782\n|switch|p1a: Rampant|Tauros, M|100\/100\n|turn|10\n|\n|t:|1700714785\n|move|p1a: Rampant|Close Combat|p2a: Mabosstiff\n|-supereffective|p2a: Mabosstiff\n|-damage|p2a: Mabosstiff|0 fnt\n|-unboost|p1a: Rampant|def|1\n|-unboost|p1a: Rampant|spd|1\n|faint|p2a: Mabosstiff\n|\n|upkeep\n|\n|t:|1700714792\n|switch|p2a: Flapple|Flapple, M|100\/100\n|turn|11\n|\n|t:|1700714798\n|move|p1a: Rampant|Close Combat|p2a: Flapple\n|-damage|p2a: Flapple|21\/100\n|-unboost|p1a: Rampant|def|1\n|-unboost|p1a: Rampant|spd|1\n|move|p2a: Flapple|Giga Drain|p1a: Rampant\n|-damage|p1a: Rampant|36\/100\n|-heal|p2a: Flapple|54\/100|[from] drain|[of] p1a: Rampant\n|\n|upkeep\n|turn|12\n|\n|t:|1700714807\n|move|p1a: Rampant|Close Combat|p2a: Flapple\n|-damage|p2a: Flapple|0 fnt\n|-unboost|p1a: Rampant|def|1\n|-unboost|p1a: Rampant|spd|1\n|faint|p2a: Flapple\n|\n|win|Demonlord_001\n","uploadtime":1700714809,"views":5,"p1id":"demonlord001","p2id":"jesterartisticboi","formatid":"gen9nationaldex","rating":0,"private":0,"password":""}