{"id":"smogtours-gen9nationaldex-732087","p1":"JesterArtisticBoi","p2":"Demonlord_001","format":"[Gen 9] National Dex","log":"|inactive|Battle timer is ON: inactive players will automatically lose when time's up.\n|t:|1700715493\n|gametype|singles\n|player|p1|JesterArtisticBoi|rocketgrunt|\n|player|p2|Demonlord_001|n|\n|teamsize|p1|6\n|teamsize|p2|6\n|gen|9\n|tier|[Gen 9] National Dex\n|rule|HP Percentage Mod: HP is shown in percentages\n|rule|Endless Battle Clause: Forcing endless battles is banned\n|rule|OHKO Clause: OHKO moves are banned\n|rule|Evasion Clause: Evasion abilities, items, and moves are banned\n|rule|Evasion Abilities Clause: Evasion abilities are banned\n|rule|Evasion Items Clause: Evasion items are banned\n|rule|Evasion Moves Clause: Evasion moves are banned\n|rule|Species Clause: Limit one of each Pok\u00e9mon\n|rule|Sleep Clause Mod: Limit one foe put to sleep\n|clearpoke\n|poke|p1|Ursaluna, M|\n|poke|p1|Skeledirge, M|\n|poke|p1|Flapple, M|\n|poke|p1|Mabosstiff, M|\n|poke|p1|Metagross|\n|poke|p1|Dragalge, F|\n|poke|p2|Chandelure, F|\n|poke|p2|Gardevoir, F|\n|poke|p2|Walrein, M|\n|poke|p2|Salamence, F|\n|poke|p2|Steelix, M|\n|poke|p2|Tauros, M|\n|teampreview\n|\n|t:|1700715504\n|start\n|switch|p1a: Flapple|Flapple, M|100\/100\n|switch|p2a: Queen|Salamence, F|100\/100\n|-ability|p2a: Queen|Intimidate|boost\n|-unboost|p1a: Flapple|atk|1\n|turn|1\n|\n|t:|1700715513\n|move|p2a: Queen|Dragon Claw|p1a: Flapple\n|-supereffective|p1a: Flapple\n|-activate|p1a: Flapple|ability: Ripen\n|-enditem|p1a: Flapple|Haban Berry|[eat]\n|-enditem|p1a: Flapple|Haban Berry|[weaken]\n|-damage|p1a: Flapple|55\/100\n|-damage|p2a: Queen|91\/100|[from] item: Life Orb\n|move|p1a: Flapple|Grav Apple|p2a: Queen\n|-resisted|p2a: Queen\n|-damage|p2a: Queen|82\/100\n|-unboost|p2a: Queen|def|1\n|\n|upkeep\n|turn|2\n|\n|t:|1700715526\n|move|p2a: Queen|Fly||[still]\n|-prepare|p2a: Queen|Fly\n|move|p1a: Flapple|Outrage|p2a: Queen|[miss]\n|-miss|p1a: Flapple|p2a: Queen\n|\n|upkeep\n|turn|3\n|\n|t:|1700715534\n|move|p2a: Queen|Fly|p1a: Flapple|[from]lockedmove|[miss]\n|-miss|p2a: Queen|p1a: Flapple\n|move|p1a: Flapple|Dual Wingbeat|p2a: Queen\n|-damage|p2a: Queen|65\/100\n|-damage|p2a: Queen|49\/100\n|-hitcount|p2a: Queen|2\n|\n|upkeep\n|turn|4\n|\n|t:|1700715549\n|move|p2a: Queen|Fly||[still]\n|-prepare|p2a: Queen|Fly\n|move|p1a: Flapple|Giga Drain|p2a: Queen|[miss]\n|-miss|p1a: Flapple|p2a: Queen\n|\n|upkeep\n|turn|5\n|\n|t:|1700715555\n|move|p2a: Queen|Fly|p1a: Flapple|[from]lockedmove\n|-supereffective|p1a: Flapple\n|-damage|p1a: Flapple|0 fnt\n|faint|p1a: Flapple\n|-damage|p2a: Queen|39\/100|[from] item: Life Orb\n|\n|upkeep\n|\n|t:|1700715562\n|switch|p1a: Dragalge|Dragalge, F|100\/100\n|turn|6\n|\n|t:|1700715569\n|move|p2a: Queen|Dragon Claw|p1a: Dragalge\n|-supereffective|p1a: Dragalge\n|-damage|p1a: Dragalge|0 fnt\n|faint|p1a: Dragalge\n|-damage|p2a: Queen|29\/100|[from] item: Life Orb\n|\n|upkeep\n|\n|t:|1700715581\n|switch|p1a: Mabosstiff|Mabosstiff, M|100\/100\n|turn|7\n|\n|t:|1700715586\n|move|p2a: Queen|Brick Break|p1a: Mabosstiff\n|-supereffective|p1a: Mabosstiff\n|-damage|p1a: Mabosstiff|13\/100\n|-damage|p2a: Queen|19\/100|[from] item: Life Orb\n|move|p1a: Mabosstiff|Outrage|p2a: Queen\n|-supereffective|p2a: Queen\n|-damage|p2a: Queen|0 fnt\n|faint|p2a: Queen\n|\n|upkeep\n|\n|t:|1700715595\n|switch|p2a: Mistress|Gardevoir, F, shiny|100\/100\n|turn|8\n|\n|t:|1700715599\n|move|p1a: Mabosstiff|Outrage|p2a: Mistress|[from]lockedmove\n|-immune|p2a: Mistress\n|-start|p1a: Mabosstiff|confusion|[fatigue]\n|move|p2a: Mistress|Dazzling Gleam|p1a: Mabosstiff\n|-supereffective|p1a: Mabosstiff\n|-damage|p1a: Mabosstiff|0 fnt\n|faint|p1a: Mabosstiff\n|\n|upkeep\n|\n|t:|1700715611\n|switch|p1a: Metagross|Metagross, shiny|100\/100\n|turn|9\n|\n|t:|1700715621\n|switch|p2a: Levi|Steelix, M|100\/100\n|move|p1a: Metagross|Hammer Arm|p2a: Levi\n|-supereffective|p2a: Levi\n|-damage|p2a: Levi|68\/100\n|-unboost|p1a: Metagross|spe|1\n|\n|-heal|p2a: Levi|74\/100|[from] item: Leftovers\n|upkeep\n|turn|10\n|\n|t:|1700715632\n|move|p1a: Metagross|Psychic|p2a: Levi\n|-resisted|p2a: Levi\n|-damage|p2a: Levi|43\/100\n|-unboost|p2a: Levi|spd|1\n|move|p2a: Levi|Crunch|p1a: Metagross\n|-supereffective|p1a: Metagross\n|-damage|p1a: Metagross|53\/100\n|\n|-heal|p2a: Levi|50\/100|[from] item: Leftovers\n|upkeep\n|turn|11\n|\n|t:|1700715653\n|move|p1a: Metagross|Hammer Arm|p2a: Levi\n|-supereffective|p2a: Levi\n|-damage|p2a: Levi|21\/100\n|-unboost|p1a: Metagross|spe|1\n|move|p2a: Levi|Crunch|p1a: Metagross\n|-supereffective|p1a: Metagross\n|-damage|p1a: Metagross|10\/100\n|\n|-heal|p2a: Levi|27\/100|[from] item: Leftovers\n|upkeep\n|turn|12\n|\n|t:|1700715664\n|move|p1a: Metagross|Psychic|p2a: Levi\n|-resisted|p2a: Levi\n|-damage|p2a: Levi|0 fnt\n|faint|p2a: Levi\n|\n|upkeep\n|\n|t:|1700715669\n|switch|p2a: Rampant|Tauros, M|100\/100\n|turn|13\n|\n|t:|1700715672\n|move|p2a: Rampant|Throat Chop|p1a: Metagross\n|-supereffective|p1a: Metagross\n|-damage|p1a: Metagross|0 fnt\n|faint|p1a: Metagross\n|\n|upkeep\n|\n|t:|1700715679\n|switch|p1a: Ursaluna|Ursaluna, M|100\/100\n|turn|14\n|\n|t:|1700715683\n|move|p2a: Rampant|Throat Chop|p1a: Ursaluna\n|-damage|p1a: Ursaluna|58\/100\n|move|p1a: Ursaluna|Body Press|p2a: Rampant\n|-supereffective|p2a: Rampant\n|-damage|p2a: Rampant|59\/100\n|\n|-status|p1a: Ursaluna|brn|[from] item: Flame Orb\n|upkeep\n|turn|15\n|\n|t:|1700715697\n|move|p2a: Rampant|Throat Chop|p1a: Ursaluna\n|-damage|p1a: Ursaluna|18\/100 brn\n|move|p1a: Ursaluna|Facade|p2a: Rampant\n|-damage|p2a: Rampant|0 fnt\n|faint|p2a: Rampant\n|\n|-damage|p1a: Ursaluna|12\/100 brn|[from] brn\n|upkeep\n|\n|t:|1700715707\n|switch|p2a: Night Light|Chandelure, F|100\/100\n|turn|16\n|\n|t:|1700715716\n|move|p2a: Night Light|Flamethrower|p1a: Ursaluna\n|-damage|p1a: Ursaluna|0 fnt\n|faint|p1a: Ursaluna\n|\n|upkeep\n|\n|t:|1700715722\n|switch|p1a: Skeledirge|Skeledirge, M|100\/100\n|turn|17\n|\n|t:|1700715735\n|move|p2a: Night Light|Shadow Ball|p1a: Skeledirge\n|-supereffective|p1a: Skeledirge\n|-damage|p1a: Skeledirge|0 fnt\n|faint|p1a: Skeledirge\n|\n|win|Demonlord_001\n","uploadtime":1700715736,"views":3,"p1id":"jesterartisticboi","p2id":"demonlord001","formatid":"gen9nationaldex","rating":0,"private":0,"password":""}