{"id":"smogtours-gen9nationaldex-732098","p1":"fohen","p2":"rnmbj","format":"[Gen 9] National Dex","log":"|inactive|Battle timer is ON: inactive players will automatically lose when time's up.\n|t:|1700724255\n|gametype|singles\n|player|p1|fohen|169|\n|player|p2|rnmbj|1|\n|teamsize|p1|6\n|teamsize|p2|6\n|gen|9\n|tier|[Gen 9] National Dex\n|rule|HP Percentage Mod: HP is shown in percentages\n|rule|Endless Battle Clause: Forcing endless battles is banned\n|rule|OHKO Clause: OHKO moves are banned\n|rule|Evasion Clause: Evasion abilities, items, and moves are banned\n|rule|Evasion Abilities Clause: Evasion abilities are banned\n|rule|Evasion Items Clause: Evasion items are banned\n|rule|Evasion Moves Clause: Evasion moves are banned\n|rule|Species Clause: Limit one of each Pok\u00e9mon\n|rule|Sleep Clause Mod: Limit one foe put to sleep\n|clearpoke\n|poke|p1|Stakataka|\n|poke|p1|Drampa, F|\n|poke|p1|Serperior, M|\n|poke|p1|Tropius, F|\n|poke|p1|Venusaur, F|\n|poke|p1|Quaquaval, M|\n|poke|p2|Drampa, F|\n|poke|p2|Scovillain, F|\n|poke|p2|Barraskewda, M|\n|poke|p2|Gastrodon, M|\n|poke|p2|Lanturn, M|\n|poke|p2|Spiritomb, F|\n|teampreview\n|\n|t:|1700724267\n|start\n|switch|p1a: Stakataka|Stakataka|100\/100\n|switch|p2a: Lanturn|Lanturn, M|100\/100\n|turn|1\n|\n|t:|1700724276\n|move|p2a: Lanturn|Hydro Pump|p1a: Stakataka\n|-supereffective|p1a: Stakataka\n|-damage|p1a: Stakataka|1\/100\n|move|p1a: Stakataka|Stealth Rock|p2a: Lanturn\n|-sidestart|p2: rnmbj|move: Stealth Rock\n|\n|upkeep\n|turn|2\n|\n|t:|1700724284\n|move|p2a: Lanturn|Hydro Pump|p1a: Stakataka\n|-supereffective|p1a: Stakataka\n|-damage|p1a: Stakataka|0 fnt\n|faint|p1a: Stakataka\n|\n|upkeep\n|\n|t:|1700724292\n|switch|p1a: Quaquaval|Quaquaval, M|100\/100\n|turn|3\n|\n|t:|1700724298\n|move|p1a: Quaquaval|Bulk Up|p1a: Quaquaval\n|-boost|p1a: Quaquaval|atk|1\n|-boost|p1a: Quaquaval|def|1\n|move|p2a: Lanturn|Discharge|p1a: Quaquaval\n|-supereffective|p1a: Quaquaval\n|-damage|p1a: Quaquaval|5\/100\n|\n|-heal|p1a: Quaquaval|11\/100|[from] item: Leftovers\n|upkeep\n|turn|4\n|\n|t:|1700724307\n|move|p1a: Quaquaval|Close Combat|p2a: Lanturn\n|-damage|p2a: Lanturn|0 fnt\n|-unboost|p1a: Quaquaval|def|1\n|-unboost|p1a: Quaquaval|spd|1\n|faint|p2a: Lanturn\n|-ability|p1a: Quaquaval|Moxie|boost\n|-boost|p1a: Quaquaval|atk|1\n|\n|-heal|p1a: Quaquaval|18\/100|[from] item: Leftovers\n|upkeep\n|\n|t:|1700724330\n|switch|p2a: Barraskewda|Barraskewda, M|100\/100\n|-damage|p2a: Barraskewda|88\/100|[from] Stealth Rock\n|turn|5\n|\n|t:|1700724354\n|switch|p1a: Venusaur|Venusaur, F|100\/100\n|move|p2a: Barraskewda|Close Combat|p1a: Venusaur\n|-resisted|p1a: Venusaur\n|-damage|p1a: Venusaur|76\/100\n|-unboost|p2a: Barraskewda|def|1\n|-unboost|p2a: Barraskewda|spd|1\n|\n|upkeep\n|turn|6\n|inactive|rnmbj has 270 seconds left.\n|\n|t:|1700724388\n|switch|p2a: Scovillain|Scovillain, F|100\/100\n|-damage|p2a: Scovillain|76\/100|[from] Stealth Rock\n|detailschange|p1a: Venusaur|Venusaur-Mega, F\n|-mega|p1a: Venusaur|Venusaur|Venusaurite\n|move|p1a: Venusaur|Sludge Bomb|p2a: Scovillain\n|-supereffective|p2a: Scovillain\n|-damage|p2a: Scovillain|0 fnt\n|faint|p2a: Scovillain\n|\n|upkeep\n|\n|t:|1700724398\n|switch|p2a: Drampa|Drampa, F|100\/100\n|-damage|p2a: Drampa|88\/100|[from] Stealth Rock\n|turn|7\n|\n|t:|1700724404\n|move|p1a: Venusaur|Giga Drain|p2a: Drampa\n|-resisted|p2a: Drampa\n|-crit|p2a: Drampa\n|-damage|p2a: Drampa|57\/100\n|-heal|p1a: Venusaur|92\/100|[from] drain|[of] p2a: Drampa\n|move|p2a: Drampa|Flamethrower|p1a: Venusaur\n|-supereffective|p1a: Venusaur\n|-damage|p1a: Venusaur|49\/100\n|\n|upkeep\n|turn|8\n|inactive|rnmbj has 270 seconds left.\n|inactive|fohen has 270 seconds left.\n|\n|t:|1700724459\n|move|p1a: Venusaur|Leech Seed|p2a: Drampa\n|-start|p2a: Drampa|move: Leech Seed\n|move|p2a: Drampa|Flamethrower|p1a: Venusaur\n|-supereffective|p1a: Venusaur\n|-damage|p1a: Venusaur|7\/100\n|\n|-damage|p2a: Drampa|45\/100|[from] Leech Seed|[of] p1a: Venusaur\n|-heal|p1a: Venusaur|19\/100|[silent]\n|upkeep\n|turn|9\n|inactive|rnmbj has 270 seconds left.\n|inactive|rnmbj has 240 seconds left.\n|\n|t:|1700724516\n|move|p1a: Venusaur|Giga Drain|p2a: Drampa\n|-resisted|p2a: Drampa\n|-damage|p2a: Drampa|23\/100\n|-heal|p1a: Venusaur|30\/100|[from] drain|[of] p2a: Drampa\n|move|p2a: Drampa|Flamethrower|p1a: Venusaur\n|-supereffective|p1a: Venusaur\n|-damage|p1a: Venusaur|0 fnt\n|faint|p1a: Venusaur\n|\n|upkeep\n|\n|t:|1700724525\n|switch|p1a: Quaquaval|Quaquaval, M|18\/100\n|turn|10\n|\n|t:|1700724529\n|move|p1a: Quaquaval|Aqua Step|p2a: Drampa\n|-resisted|p2a: Drampa\n|-damage|p2a: Drampa|2\/100\n|-boost|p1a: Quaquaval|spe|1\n|move|p2a: Drampa|Flamethrower|p1a: Quaquaval\n|-resisted|p1a: Quaquaval\n|-damage|p1a: Quaquaval|0 fnt\n|faint|p1a: Quaquaval\n|\n|upkeep\n|\n|t:|1700724538\n|switch|p1a: Serperior|Serperior, M|100\/100\n|turn|11\n|\n|t:|1700724544\n|move|p1a: Serperior|Leaf Storm|p2a: Drampa\n|-resisted|p2a: Drampa\n|-damage|p2a: Drampa|0 fnt\n|-boost|p1a: Serperior|spa|2\n|faint|p2a: Drampa\n|\n|upkeep\n|\n|t:|1700724554\n|switch|p2a: Spiritomb|Spiritomb, F|100\/100\n|-damage|p2a: Spiritomb|88\/100|[from] Stealth Rock\n|-ability|p2a: Spiritomb|Pressure\n|turn|12\n|\n|t:|1700724563\n|move|p1a: Serperior|Substitute|p1a: Serperior\n|-start|p1a: Serperior|Substitute\n|-damage|p1a: Serperior|76\/100\n|move|p2a: Spiritomb|Pain Split||[still]\n|-fail|p2a: Spiritomb\n|\n|-heal|p1a: Serperior|82\/100|[from] item: Leftovers\n|upkeep\n|turn|13\n|\n|t:|1700724573\n|-terastallize|p1a: Serperior|Grass\n|move|p1a: Serperior|Leaf Storm|p2a: Spiritomb\n|-crit|p2a: Spiritomb\n|-damage|p2a: Spiritomb|0 fnt\n|-boost|p1a: Serperior|spa|2\n|faint|p2a: Spiritomb\n|\n|-heal|p1a: Serperior|88\/100|[from] item: Leftovers\n|upkeep\n|-message|rnmbj forfeited.\n|\n|win|fohen\n","uploadtime":1700724581,"views":1,"p1id":"fohen","p2id":"rnmbj","formatid":"gen9nationaldex","rating":0,"private":0,"password":""}