{"id":"smogtours-gen9nationaldex-732080","p1":"Demonlord_001","p2":"JesterArtisticBoi","format":"[Gen 9] National Dex","log":"|inactive|Battle timer is ON: inactive players will automatically lose when time's up.\n|t:|1700713475\n|gametype|singles\n|player|p1|Demonlord_001|n|\n|player|p2|JesterArtisticBoi|rocketgrunt|\n|teamsize|p1|6\n|teamsize|p2|6\n|gen|9\n|tier|[Gen 9] National Dex\n|rule|HP Percentage Mod: HP is shown in percentages\n|rule|Endless Battle Clause: Forcing endless battles is banned\n|rule|OHKO Clause: OHKO moves are banned\n|rule|Evasion Clause: Evasion abilities, items, and moves are banned\n|rule|Evasion Abilities Clause: Evasion abilities are banned\n|rule|Evasion Items Clause: Evasion items are banned\n|rule|Evasion Moves Clause: Evasion moves are banned\n|rule|Species Clause: Limit one of each Pok\u00e9mon\n|rule|Sleep Clause Mod: Limit one foe put to sleep\n|clearpoke\n|poke|p1|Chandelure, F|\n|poke|p1|Gardevoir, F|\n|poke|p1|Walrein, M|\n|poke|p1|Salamence, F|\n|poke|p1|Steelix, M|\n|poke|p1|Tauros, M|\n|poke|p2|Ursaluna, M|\n|poke|p2|Skeledirge, M|\n|poke|p2|Flapple, M|\n|poke|p2|Mabosstiff, M|\n|poke|p2|Jellicent, M|\n|poke|p2|Metagross|\n|teampreview\n|\n|t:|1700713485\n|start\n|switch|p1a: Levi|Steelix, M|100\/100\n|switch|p2a: Mabosstiff|Mabosstiff, M|100\/100\n|turn|1\n|\n|t:|1700713501\n|move|p2a: Mabosstiff|Fire Fang|p1a: Levi\n|-supereffective|p1a: Levi\n|-damage|p1a: Levi|76\/100\n|move|p1a: Levi|Earthquake|p2a: Mabosstiff\n|-damage|p2a: Mabosstiff|51\/100\n|\n|-heal|p1a: Levi|82\/100|[from] item: Leftovers\n|upkeep\n|turn|2\n|\n|t:|1700713511\n|move|p2a: Mabosstiff|Fire Fang|p1a: Levi\n|-supereffective|p1a: Levi\n|-damage|p1a: Levi|60\/100\n|move|p1a: Levi|Earthquake|p2a: Mabosstiff\n|-damage|p2a: Mabosstiff|0 fnt\n|faint|p2a: Mabosstiff\n|\n|-heal|p1a: Levi|67\/100|[from] item: Leftovers\n|upkeep\n|\n|t:|1700713521\n|switch|p2a: Jellicent|Jellicent, M|100\/100\n|turn|3\n|\n|t:|1700713534\n|switch|p1a: Night Light|Chandelure, F|100\/100\n|move|p2a: Jellicent|Hex|p1a: Night Light\n|-supereffective|p1a: Night Light\n|-damage|p1a: Night Light|27\/100\n|\n|upkeep\n|turn|4\n|\n|t:|1700713542\n|move|p1a: Night Light|Shadow Ball|p2a: Jellicent\n|-supereffective|p2a: Jellicent\n|-damage|p2a: Jellicent|9\/100\n|-unboost|p2a: Jellicent|spd|1\n|move|p2a: Jellicent|Hex|p1a: Night Light\n|-supereffective|p1a: Night Light\n|-damage|p1a: Night Light|0 fnt\n|faint|p1a: Night Light\n|\n|-heal|p2a: Jellicent|15\/100|[from] item: Leftovers\n|upkeep\n|\n|t:|1700713556\n|switch|p1a: Rampant|Tauros, M|100\/100\n|turn|5\n|\n|t:|1700713561\n|move|p1a: Rampant|Throat Chop|p2a: Jellicent\n|-supereffective|p2a: Jellicent\n|-damage|p2a: Jellicent|0 fnt\n|faint|p2a: Jellicent\n|\n|upkeep\n|\n|t:|1700713571\n|switch|p2a: Ursaluna|Ursaluna, M|100\/100\n|turn|6\n|\n|t:|1700713596\n|switch|p1a: Levi|Steelix, M|67\/100\n|move|p2a: Ursaluna|Thunder Punch|p1a: Levi\n|-immune|p1a: Levi\n|\n|-heal|p1a: Levi|73\/100|[from] item: Leftovers\n|-status|p2a: Ursaluna|brn|[from] item: Flame Orb\n|upkeep\n|turn|7\n|\n|t:|1700713607\n|move|p2a: Ursaluna|Facade|p1a: Levi\n|-resisted|p1a: Levi\n|-damage|p1a: Levi|41\/100\n|move|p1a: Levi|Crunch|p2a: Ursaluna\n|-damage|p2a: Ursaluna|80\/100 brn\n|\n|-heal|p1a: Levi|47\/100|[from] item: Leftovers\n|-damage|p2a: Ursaluna|73\/100 brn|[from] brn\n|upkeep\n|turn|8\n|\n|t:|1700713617\n|move|p2a: Ursaluna|Body Press|p1a: Levi\n|-supereffective|p1a: Levi\n|-damage|p1a: Levi|17\/100\n|move|p1a: Levi|Crunch|p2a: Ursaluna\n|-damage|p2a: Ursaluna|54\/100 brn\n|\n|-heal|p1a: Levi|24\/100|[from] item: Leftovers\n|-damage|p2a: Ursaluna|48\/100 brn|[from] brn\n|upkeep\n|turn|9\n|\n|t:|1700713633\n|move|p2a: Ursaluna|Bulk Up|p2a: Ursaluna\n|-boost|p2a: Ursaluna|atk|1\n|-boost|p2a: Ursaluna|def|1\n|move|p1a: Levi|Iron Head|p2a: Ursaluna\n|-damage|p2a: Ursaluna|26\/100 brn\n|\n|-heal|p1a: Levi|30\/100|[from] item: Leftovers\n|-damage|p2a: Ursaluna|19\/100 brn|[from] brn\n|upkeep\n|turn|10\n|\n|t:|1700713650\n|move|p2a: Ursaluna|Facade|p1a: Levi\n|-resisted|p1a: Levi\n|-damage|p1a: Levi|0 fnt\n|faint|p1a: Levi\n|\n|-damage|p2a: Ursaluna|13\/100 brn|[from] brn\n|upkeep\n|inactive|Demonlord_001 has 270 seconds left.\n|\n|t:|1700713663\n|switch|p1a: Rampant|Tauros, M|100\/100\n|turn|11\n|inactive|Demonlord_001 has 270 seconds left.\n|\n|t:|1700713676\n|move|p1a: Rampant|Double-Edge|p2a: Ursaluna\n|-damage|p2a: Ursaluna|0 fnt\n|faint|p2a: Ursaluna\n|-damage|p1a: Rampant|95\/100|[from] Recoil\n|\n|upkeep\n|\n|t:|1700713687\n|switch|p2a: Skeledirge|Skeledirge, M|100\/100\n|turn|12\n|\n|t:|1700713702\n|switch|p1a: Blubby|Walrein, M|100\/100\n|move|p2a: Skeledirge|Torch Song|p1a: Blubby\n|-damage|p1a: Blubby|87\/100\n|-boost|p2a: Skeledirge|spa|1\n|-enditem|p2a: Skeledirge|Throat Spray\n|-boost|p2a: Skeledirge|spa|1|[from] item: Throat Spray\n|\n|upkeep\n|turn|13\n|\n|t:|1700713712\n|move|p2a: Skeledirge|Torch Song|p1a: Blubby\n|-damage|p1a: Blubby|62\/100\n|-boost|p2a: Skeledirge|spa|1\n|move|p1a: Blubby|Surf|p2a: Skeledirge\n|-supereffective|p2a: Skeledirge\n|-damage|p2a: Skeledirge|28\/100\n|\n|upkeep\n|turn|14\n|\n|t:|1700713724\n|move|p2a: Skeledirge|Shadow Ball|p1a: Blubby\n|-damage|p1a: Blubby|1\/100\n|move|p1a: Blubby|Surf|p2a: Skeledirge\n|-supereffective|p2a: Skeledirge\n|-damage|p2a: Skeledirge|0 fnt\n|faint|p2a: Skeledirge\n|\n|upkeep\n|\n|t:|1700713734\n|switch|p2a: Flapple|Flapple, M|100\/100\n|turn|15\n|\n|t:|1700713739\n|move|p2a: Flapple|Giga Drain|p1a: Blubby\n|-supereffective|p1a: Blubby\n|-crit|p1a: Blubby\n|-damage|p1a: Blubby|0 fnt\n|faint|p1a: Blubby\n|\n|upkeep\n|\n|t:|1700713746\n|switch|p1a: Queen|Salamence, F|100\/100\n|-ability|p1a: Queen|Intimidate|boost\n|-unboost|p2a: Flapple|atk|1\n|turn|16\n|\n|t:|1700713753\n|move|p1a: Queen|Dragon Claw|p2a: Flapple\n|-supereffective|p2a: Flapple\n|-activate|p2a: Flapple|ability: Ripen\n|-enditem|p2a: Flapple|Haban Berry|[eat]\n|-enditem|p2a: Flapple|Haban Berry|[weaken]\n|-damage|p2a: Flapple|54\/100\n|-damage|p1a: Queen|91\/100|[from] item: Life Orb\n|move|p2a: Flapple|Outrage|p1a: Queen\n|-supereffective|p1a: Queen\n|-damage|p1a: Queen|0 fnt\n|faint|p1a: Queen\n|\n|upkeep\n|\n|t:|1700713768\n|switch|p1a: Mistress|Gardevoir, F, shiny|100\/100\n|turn|17\n|\n|t:|1700713775\n|move|p1a: Mistress|Calm Mind|p1a: Mistress\n|-boost|p1a: Mistress|spa|1\n|-boost|p1a: Mistress|spd|1\n|move|p2a: Flapple|Outrage|p1a: Mistress|[from]lockedmove\n|-immune|p1a: Mistress\n|\n|upkeep\n|turn|18\n|\n|t:|1700713784\n|move|p1a: Mistress|Calm Mind|p1a: Mistress\n|-boost|p1a: Mistress|spa|1\n|-boost|p1a: Mistress|spd|1\n|move|p2a: Flapple|Dual Wingbeat|p1a: Mistress\n|-damage|p1a: Mistress|85\/100\n|-damage|p1a: Mistress|70\/100\n|-hitcount|p1a: Mistress|2\n|\n|upkeep\n|turn|19\n|\n|t:|1700713793\n|move|p1a: Mistress|Dazzling Gleam|p2a: Flapple\n|-supereffective|p2a: Flapple\n|-damage|p2a: Flapple|0 fnt\n|faint|p2a: Flapple\n|\n|upkeep\n|\n|t:|1700713798\n|switch|p2a: Metagross|Metagross, shiny|100\/100\n|turn|20\n|\n|t:|1700713804\n|move|p1a: Mistress|Shadow Ball|p2a: Metagross\n|-supereffective|p2a: Metagross\n|-enditem|p2a: Metagross|Focus Sash\n|-damage|p2a: Metagross|1\/100\n|move|p2a: Metagross|Sludge Bomb|p1a: Mistress\n|-supereffective|p1a: Mistress\n|-damage|p1a: Mistress|39\/100\n|\n|upkeep\n|turn|21\n|\n|t:|1700713822\n|move|p1a: Mistress|Psychic|p2a: Metagross\n|-resisted|p2a: Metagross\n|-damage|p2a: Metagross|0 fnt\n|faint|p2a: Metagross\n|\n|win|Demonlord_001\n","uploadtime":1700713823,"views":1,"p1id":"demonlord001","p2id":"jesterartisticboi","formatid":"gen9nationaldex","rating":0,"private":0,"password":""}