{"id":"smogtours-gen9nationaldex-729817","p1":"red fintans","p2":"Soul king0","format":"[Gen 9] National Dex","log":"|inactive|Battle timer is ON: inactive players will automatically lose when time's up.\n|t:|1699686931\n|gametype|singles\n|player|p1|red fintans|depotagent|\n|player|p2|Soul king0|1|\n|teamsize|p1|6\n|teamsize|p2|6\n|gen|9\n|tier|[Gen 9] National Dex\n|rule|HP Percentage Mod: HP is shown in percentages\n|rule|Endless Battle Clause: Forcing endless battles is banned\n|rule|OHKO Clause: OHKO moves are banned\n|rule|Evasion Clause: Evasion abilities, items, and moves are banned\n|rule|Evasion Abilities Clause: Evasion abilities are banned\n|rule|Evasion Items Clause: Evasion items are banned\n|rule|Evasion Moves Clause: Evasion moves are banned\n|rule|Species Clause: Limit one of each Pok\u00e9mon\n|rule|Sleep Clause Mod: Limit one foe put to sleep\n|clearpoke\n|poke|p1|Dragalge, M|\n|poke|p1|Alomomola, M|\n|poke|p1|Iron Valiant|\n|poke|p1|Ferrothorn, F|\n|poke|p1|Lopunny, M|\n|poke|p1|Landorus-Therian, M|\n|poke|p2|Baxcalibur, M|\n|poke|p2|Ninetales-Alola, M|\n|poke|p2|Dragonite, M|\n|poke|p2|Glimmora, M|\n|poke|p2|Scizor, F|\n|poke|p2|Sinistcha-Masterpiece|\n|teampreview\n|inactive|red fintans also wants the timer to be on.\n|\n|t:|1699686940\n|start\n|switch|p1a: on the RADAR??|Iron Valiant|100\/100\n|switch|p2a: Spin Me Around|Glimmora, M|100\/100\n|turn|1\n|\n|t:|1699686945\n|-end|p1a: on the RADAR??|Quark Drive|[silent]\n|switch|p1a: not edible|Dragalge, M|100\/100\n|move|p2a: Spin Me Around|Stealth Rock|p1a: not edible\n|-sidestart|p1: red fintans|move: Stealth Rock\n|\n|upkeep\n|turn|2\n|\n|t:|1699686950\n|move|p2a: Spin Me Around|Power Gem|p1a: not edible\n|-damage|p1a: not edible|78\/100\n|move|p1a: not edible|Draco Meteor|p2a: Spin Me Around\n|-damage|p2a: Spin Me Around|17\/100\n|-unboost|p1a: not edible|spa|2\n|\n|upkeep\n|turn|3\n|\n|t:|1699686962\n|switch|p2a: Hopeful Warrior|Scizor, F|100\/100\n|move|p1a: not edible|Sludge Bomb|p2a: Hopeful Warrior\n|-immune|p2a: Hopeful Warrior\n|\n|upkeep\n|turn|4\n|\n|t:|1699686968\n|switch|p1a: dont touch dis|Ferrothorn, F|100\/100\n|-damage|p1a: dont touch dis|95\/100|[from] Stealth Rock\n|detailschange|p2a: Hopeful Warrior|Scizor-Mega, F\n|-mega|p2a: Hopeful Warrior|Scizor|Scizorite\n|move|p2a: Hopeful Warrior|Swords Dance|p2a: Hopeful Warrior\n|-boost|p2a: Hopeful Warrior|atk|2\n|\n|upkeep\n|turn|5\n|\n|t:|1699686977\n|move|p2a: Hopeful Warrior|Close Combat|p1a: dont touch dis\n|-supereffective|p1a: dont touch dis\n|-damage|p1a: dont touch dis|0 fnt\n|-unboost|p2a: Hopeful Warrior|def|1\n|-unboost|p2a: Hopeful Warrior|spd|1\n|-damage|p2a: Hopeful Warrior|88\/100|[from] ability: Iron Barbs|[of] p1a: dont touch dis\n|-damage|p2a: Hopeful Warrior|72\/100|[from] item: Rocky Helmet|[of] p1a: dont touch dis\n|faint|p1a: dont touch dis\n|\n|upkeep\n|\n|t:|1699686986\n|switch|p1a: face of smogon|Landorus-Therian, M|100\/100\n|-damage|p1a: face of smogon|88\/100|[from] Stealth Rock\n|-ability|p1a: face of smogon|Intimidate|boost\n|-unboost|p2a: Hopeful Warrior|atk|1\n|turn|6\n|\n|t:|1699686991\n|switch|p2a: Ice Chandelier|Ninetales-Alola, M|100\/100\n|-weather|Snow|[from] ability: Snow Warning|[of] p2a: Ice Chandelier\n|move|p1a: face of smogon|Earthquake|p2a: Ice Chandelier\n|-damage|p2a: Ice Chandelier|63\/100\n|\n|-weather|Snow|[upkeep]\n|upkeep\n|turn|7\n|\n|t:|1699686996\n|switch|p1a: midground: the mon|Alomomola, M|100\/100\n|move|p2a: Ice Chandelier|Freeze-Dry|p1a: midground: the mon\n|-supereffective|p1a: midground: the mon\n|-damage|p1a: midground: the mon|62\/100\n|\n|-weather|Snow|[upkeep]\n|upkeep\n|turn|8\n|\n|t:|1699687004\n|move|p2a: Ice Chandelier|Freeze-Dry|p1a: midground: the mon\n|-supereffective|p1a: midground: the mon\n|-damage|p1a: midground: the mon|26\/100\n|-status|p1a: midground: the mon|frz\n|cant|p1a: midground: the mon|frz\n|\n|-weather|Snow|[upkeep]\n|upkeep\n|turn|9\n|c|\u2606Soul king0|sry\n|c|\u2606Soul king0|mb\n|c|\u2606red fintans|ack\n|c|\u2606red fintans|watch me thaw turn1 \n|c|\u2606red fintans|gooo\n|\n|t:|1699687030\n|cant|p1a: midground: the mon|frz\n|move|p2a: Ice Chandelier|Freeze-Dry|p1a: midground: the mon\n|-supereffective|p1a: midground: the mon\n|-damage|p1a: midground: the mon|0 fnt\n|faint|p1a: midground: the mon\n|\n|-weather|Snow|[upkeep]\n|upkeep\n|c|\u2606red fintans|nope\n|\n|t:|1699687035\n|switch|p1a: on the RADAR??|Iron Valiant|100\/100\n|-damage|p1a: on the RADAR??|94\/100|[from] Stealth Rock\n|turn|10\n|\n|t:|1699687043\n|-terastallize|p1a: on the RADAR??|Fairy\n|move|p1a: on the RADAR??|Moonblast|p2a: Ice Chandelier\n|-damage|p2a: Ice Chandelier|0 fnt\n|faint|p2a: Ice Chandelier\n|\n|-weather|none\n|upkeep\n|\n|t:|1699687047\n|switch|p2a: Hopeful Warrior|Scizor-Mega, F|72\/100\n|turn|11\n|\n|t:|1699687052\n|-end|p1a: on the RADAR??|Quark Drive|[silent]\n|switch|p1a: face of smogon|Landorus-Therian, M|88\/100\n|-damage|p1a: face of smogon|76\/100|[from] Stealth Rock\n|-ability|p1a: face of smogon|Intimidate|boost\n|-unboost|p2a: Hopeful Warrior|atk|1\n|move|p2a: Hopeful Warrior|Bullet Punch|p1a: face of smogon\n|-damage|p1a: face of smogon|58\/100\n|-damage|p2a: Hopeful Warrior|55\/100|[from] item: Rocky Helmet|[of] p1a: face of smogon\n|\n|upkeep\n|turn|12\n|\n|t:|1699687057\n|switch|p2a: Spin Me Around|Glimmora, M|17\/100\n|move|p1a: face of smogon|Toxic|p2a: Spin Me Around\n|-immune|p2a: Spin Me Around\n|\n|upkeep\n|turn|13\n|\n|t:|1699687063\n|move|p2a: Spin Me Around|Power Gem|p1a: face of smogon\n|-damage|p1a: face of smogon|9\/100\n|move|p1a: face of smogon|Earthquake|p2a: Spin Me Around\n|-supereffective|p2a: Spin Me Around\n|-damage|p2a: Spin Me Around|0 fnt\n|-activate|p2a: Spin Me Around|ability: Toxic Debris\n|-sidestart|p1: red fintans|move: Toxic Spikes\n|faint|p2a: Spin Me Around\n|\n|upkeep\n|\n|t:|1699687068\n|switch|p2a: DECOMPOSITION|Baxcalibur, M|100\/100\n|turn|14\n|\n|t:|1699687076\n|move|p2a: DECOMPOSITION|Icicle Spear|p1a: face of smogon\n|-supereffective|p1a: face of smogon\n|-damage|p1a: face of smogon|0 fnt\n|faint|p1a: face of smogon\n|-hitcount|p1: face of smogon|1\n|\n|upkeep\n|\n|t:|1699687080\n|switch|p1a: bunny wabbit|Lopunny, M|100\/100\n|-damage|p1a: bunny wabbit|88\/100|[from] Stealth Rock\n|-status|p1a: bunny wabbit|psn\n|turn|15\n|\n|t:|1699687092\n|switch|p2a: Riverside Teacup|Sinistcha-Masterpiece|100\/100\n|detailschange|p1a: bunny wabbit|Lopunny-Mega, M\n|-mega|p1a: bunny wabbit|Lopunny|Lopunnite\n|move|p1a: bunny wabbit|Fake Out|p2a: Riverside Teacup\n|-damage|p2a: Riverside Teacup|87\/100\n|\n|-heal|p2a: Riverside Teacup|93\/100|[from] item: Leftovers\n|-damage|p1a: bunny wabbit|76\/100 psn|[from] psn\n|upkeep\n|turn|16\n|\n|t:|1699687099\n|switch|p1a: not edible|Dragalge, M|78\/100\n|-damage|p1a: not edible|65\/100|[from] Stealth Rock\n|-sideend|p1: red fintans|move: Toxic Spikes|[of] p1a: not edible\n|move|p2a: Riverside Teacup|Matcha Gotcha|p1a: not edible\n|-resisted|p1a: not edible\n|-damage|p1a: not edible|61\/100\n|-heal|p2a: Riverside Teacup|95\/100|[from] drain|[of] p1a: not edible\n|\n|-heal|p2a: Riverside Teacup|100\/100|[from] item: Leftovers\n|upkeep\n|turn|17\n|\n|t:|1699687109\n|move|p2a: Riverside Teacup|Shadow Ball|p1a: not edible\n|-damage|p1a: not edible|44\/100\n|move|p1a: not edible|Flip Turn|p2a: Riverside Teacup\n|-resisted|p2a: Riverside Teacup\n|-damage|p2a: Riverside Teacup|97\/100\n|\n|t:|1699687112\n|switch|p1a: on the RADAR??|Iron Valiant, tera:Fairy|94\/100|[from] Flip Turn\n|-damage|p1a: on the RADAR??|82\/100|[from] Stealth Rock\n|\n|-heal|p2a: Riverside Teacup|100\/100|[from] item: Leftovers\n|upkeep\n|turn|18\n|\n|t:|1699687116\n|move|p1a: on the RADAR??|Moonblast|p2a: Riverside Teacup\n|-damage|p2a: Riverside Teacup|0 fnt\n|faint|p2a: Riverside Teacup\n|\n|upkeep\n|\n|t:|1699687118\n|switch|p2a: Hopeful Warrior|Scizor-Mega, F|55\/100\n|turn|19\n|\n|t:|1699687124\n|-end|p1a: on the RADAR??|Quark Drive|[silent]\n|switch|p1a: not edible|Dragalge, M|44\/100\n|-damage|p1a: not edible|32\/100|[from] Stealth Rock\n|move|p2a: Hopeful Warrior|Bullet Punch|p1a: not edible\n|-crit|p1a: not edible\n|-damage|p1a: not edible|0 fnt\n|faint|p1a: not edible\n|\n|upkeep\n|\n|t:|1699687127\n|switch|p1a: bunny wabbit|Lopunny-Mega, M|76\/100 psn\n|-damage|p1a: bunny wabbit|70\/100 psn|[from] Stealth Rock\n|turn|20\n|\n|t:|1699687132\n|switch|p2a: DECOMPOSITION|Baxcalibur, M|100\/100\n|move|p1a: bunny wabbit|Close Combat|p2a: DECOMPOSITION\n|-supereffective|p2a: DECOMPOSITION\n|-damage|p2a: DECOMPOSITION|0 fnt\n|-unboost|p1a: bunny wabbit|def|1\n|-unboost|p1a: bunny wabbit|spd|1\n|faint|p2a: DECOMPOSITION\n|\n|-damage|p1a: bunny wabbit|58\/100 psn|[from] psn\n|upkeep\n|\n|t:|1699687135\n|switch|p2a: Dot 2|Dragonite, M|100\/100\n|turn|21\n|c|\u2606red fintans|gg\n|\n|t:|1699687151\n|move|p1a: bunny wabbit|Return|p2a: Dot 2\n|-damage|p2a: Dot 2|71\/100\n|move|p2a: Dot 2|Dragon Dance|p2a: Dot 2\n|-boost|p2a: Dot 2|atk|1\n|-boost|p2a: Dot 2|spe|1\n|\n|-damage|p1a: bunny wabbit|46\/100 psn|[from] psn\n|upkeep\n|turn|22\n|\n|t:|1699687157\n|move|p1a: bunny wabbit|Return|p2a: Dot 2\n|-damage|p2a: Dot 2|12\/100\n|move|p2a: Dot 2|Earthquake|p1a: bunny wabbit\n|-damage|p1a: bunny wabbit|0 fnt\n|faint|p1a: bunny wabbit\n|\n|upkeep\n|\n|t:|1699687160\n|switch|p1a: on the RADAR??|Iron Valiant, tera:Fairy|82\/100\n|-damage|p1a: on the RADAR??|69\/100|[from] Stealth Rock\n|turn|23\n|c|\u2606Soul king0|gg\n|c|\u2606red fintans|wp\n|\n|t:|1699687167\n|move|p2a: Dot 2|Earthquake|p1a: on the RADAR??\n|-damage|p1a: on the RADAR??|0 fnt\n|faint|p1a: on the RADAR??\n|-end|p1a: on the RADAR??|Quark Drive|[silent]\n|\n|win|Soul king0\n|c|\u2606Soul king0|wp\n|player|p1|red fintans|depotagent\n|player|p1|\n|player|p1|red fintans|depotagent\n|player|p1|\n|player|p1|red fintans|depotagent\n","uploadtime":1699687175,"views":44,"p1id":"redfintans","p2id":"soulking0","formatid":"gen9nationaldex","rating":0,"private":0,"password":""}