{"id":"smogtours-gen9nationaldex-731676","p1":"Mada","p2":"bea fangirl 3","format":"[Gen 9] National Dex","log":"|inactive|Battle timer is ON: inactive players will automatically lose when time's up.\n|t:|1700425018\n|gametype|singles\n|player|p1|Mada|#wcop2023belgium2|\n|player|p2|bea fangirl 3|#delemon|\n|teamsize|p1|6\n|teamsize|p2|6\n|gen|9\n|tier|[Gen 9] National Dex\n|rule|HP Percentage Mod: HP is shown in percentages\n|rule|Endless Battle Clause: Forcing endless battles is banned\n|rule|OHKO Clause: OHKO moves are banned\n|rule|Evasion Clause: Evasion abilities, items, and moves are banned\n|rule|Evasion Abilities Clause: Evasion abilities are banned\n|rule|Evasion Items Clause: Evasion items are banned\n|rule|Evasion Moves Clause: Evasion moves are banned\n|rule|Species Clause: Limit one of each Pok\u00e9mon\n|rule|Sleep Clause Mod: Limit one foe put to sleep\n|clearpoke\n|poke|p1|Volcarona, F|\n|poke|p1|Ogerpon-Wellspring, F|\n|poke|p1|Iron Valiant|\n|poke|p1|Gyarados, M|\n|poke|p1|Dragonite, F|\n|poke|p1|Glimmora, F|\n|poke|p2|Ursaluna, M|\n|poke|p2|Diancie|\n|poke|p2|Kartana|\n|poke|p2|Alomomola, F|\n|poke|p2|Zapdos|\n|poke|p2|Aegislash, M|\n|teampreview\n|inactive|bea fangirl 3 also wants the timer to be on.\n|c|\u2606Mada|hf\n|c|\u2606bea fangirl 3|hf\n|c|+ciro napoli|ciao bea\n|inactive|Mada has 270 seconds left.\n|inactive|bea fangirl 3 has 270 seconds left.\n|c|+adem|Good Luck Team.\n|inactive|Mada has 240 seconds left.\n|inactive|bea fangirl 3 has 240 seconds left.\n|c|+adem|mada ur ca is really cool\n|c|+adem|whrre is the girl character from\n|c|\u2606Mada|i think its\n|c|\u2606Mada|cynthia\n|c|\u2606Mada|from masters\n|inactive|Mada has 210 seconds left.\n|inactive|bea fangirl 3 has 210 seconds left.\n|c|+adem|O\n|c|+adem|Ic\n|inactive|Mada has 180 seconds left.\n|inactive|bea fangirl 3 has 180 seconds left.\n|c|+Slash death|ye its available as a hidden avatar aswell\n|c|+Slash death|The trainer i mean\n|inactive|bea fangirl 3 has 150 seconds left.\n|c|+adem|with the sword?\n|c|+adem|or is that an add on\n|c|\u2606Mada|without\n|c|+adem|ah unfort\n|inactive|bea fangirl 3 has 120 seconds left.\n|c|+Slash death|Yea its an addon\n|\n|t:|1700425222\n|start\n|switch|p1a: Ogerpon|Ogerpon-Wellspring, F|100\/100\n|switch|p2a: Diancie|Diancie|100\/100\n|turn|1\n|\n|t:|1700425228\n|switch|p2a: Zapdos|Zapdos|100\/100\n|move|p1a: Ogerpon|Ivy Cudgel|p2a: Zapdos\n|-damage|p2a: Zapdos|54\/100\n|\n|upkeep\n|turn|2\n|\n|t:|1700425234\n|move|p1a: Ogerpon|Swords Dance|p1a: Ogerpon\n|-boost|p1a: Ogerpon|atk|2\n|move|p2a: Zapdos|Volt Switch|p1a: Ogerpon\n|-damage|p1a: Ogerpon|68\/100\n|\n|t:|1700425237\n|switch|p2a: Kartana|Kartana|100\/100|[from] Volt Switch\n|\n|upkeep\n|turn|3\n|\n|t:|1700425241\n|switch|p1a: Dragonite|Dragonite, F|100\/100\n|move|p2a: Kartana|Leaf Blade|p1a: Dragonite\n|-resisted|p1a: Dragonite\n|-damage|p1a: Dragonite|92\/100\n|\n|upkeep\n|turn|4\n|\n|t:|1700425244\n|switch|p2a: Alomomola|Alomomola, F|100\/100\n|switch|p1a: Glimmora|Glimmora, F|100\/100\n|\n|upkeep\n|turn|5\n|\n|t:|1700425249\n|switch|p2a: Diancie|Diancie|100\/100\n|move|p1a: Glimmora|Stealth Rock|p2a: Diancie\n|-sidestart|p2: bea fangirl 3|move: Stealth Rock\n|\n|upkeep\n|turn|6\n|inactive|bea fangirl 3 has 210 seconds left.\n|inactive|bea fangirl 3 has 180 seconds left.\n|\n|t:|1700425289\n|detailschange|p2a: Diancie|Diancie-Mega\n|-mega|p2a: Diancie|Diancie|Diancite\n|move|p2a: Diancie|Earth Power|p1a: Glimmora\n|-supereffective|p1a: Glimmora\n|-enditem|p1a: Glimmora|Focus Sash\n|-damage|p1a: Glimmora|1\/100\n|move|p1a: Glimmora|Energy Ball|p2a: Diancie\n|-supereffective|p2a: Diancie\n|-crit|p2a: Diancie\n|-damage|p2a: Diancie|0 fnt\n|faint|p2a: Diancie\n|\n|upkeep\n|\n|t:|1700425298\n|switch|p2a: Kartana|Kartana|100\/100\n|-damage|p2a: Kartana|94\/100|[from] Stealth Rock\n|turn|7\n|inactive|bea fangirl 3 has 180 seconds left.\n|\n|t:|1700425308\n|move|p2a: Kartana|Leaf Blade|p1a: Glimmora\n|-damage|p1a: Glimmora|0 fnt\n|-activate|p1a: Glimmora|ability: Toxic Debris\n|-sidestart|p2: bea fangirl 3|move: Toxic Spikes\n|faint|p1a: Glimmora\n|-ability|p2a: Kartana|Beast Boost|boost\n|-boost|p2a: Kartana|atk|1\n|\n|upkeep\n|\n|t:|1700425315\n|switch|p1a: Dragonite|Dragonite, F|92\/100\n|turn|8\n|\n|t:|1700425318\n|switch|p2a: Alomomola|Alomomola, F|100\/100\n|move|p1a: Dragonite|Dragon Dance|p1a: Dragonite\n|-boost|p1a: Dragonite|atk|1\n|-boost|p1a: Dragonite|spe|1\n|\n|upkeep\n|turn|9\n|\n|t:|1700425327\n|move|p1a: Dragonite|Dragon Dance|p1a: Dragonite\n|-boost|p1a: Dragonite|atk|1\n|-boost|p1a: Dragonite|spe|1\n|move|p2a: Alomomola|Toxic|p1a: Dragonite\n|-status|p1a: Dragonite|tox\n|\n|-damage|p1a: Dragonite|85\/100 tox|[from] psn\n|upkeep\n|turn|10\n|\n|t:|1700425330\n|move|p1a: Dragonite|Dual Wingbeat|p2a: Alomomola\n|-damage|p2a: Alomomola|74\/100\n|-damage|p2a: Alomomola|45\/100\n|-hitcount|p2a: Alomomola|2\n|move|p2a: Alomomola|Wish|p2a: Alomomola\n|\n|-damage|p1a: Dragonite|73\/100 tox|[from] psn\n|upkeep\n|turn|11\n|\n|t:|1700425335\n|move|p2a: Alomomola|Protect|p2a: Alomomola\n|-singleturn|p2a: Alomomola|Protect\n|move|p1a: Dragonite|Fire Punch|p2a: Alomomola\n|-activate|p2a: Alomomola|move: Protect\n|\n|-heal|p2a: Alomomola|95\/100|[from] move: Wish|[wisher] Alomomola\n|-damage|p1a: Dragonite|54\/100 tox|[from] psn\n|upkeep\n|turn|12\n|\n|t:|1700425340\n|switch|p1a: Ogerpon|Ogerpon-Wellspring, F|68\/100\n|move|p2a: Alomomola|Wish|p2a: Alomomola\n|\n|upkeep\n|turn|13\n|\n|t:|1700425343\n|switch|p2a: Zapdos|Zapdos|54\/100\n|move|p1a: Ogerpon|Encore||[still]\n|-fail|p1a: Ogerpon\n|\n|-heal|p2a: Zapdos|100\/100|[from] move: Wish|[wisher] Alomomola\n|upkeep\n|turn|14\n|\n|t:|1700425347\n|move|p1a: Ogerpon|Ivy Cudgel|p2a: Zapdos\n|-damage|p2a: Zapdos|57\/100\n|move|p2a: Zapdos|Volt Switch|p1a: Ogerpon\n|-crit|p1a: Ogerpon\n|-damage|p1a: Ogerpon|14\/100\n|inactive|bea fangirl 3 has 240 seconds left.\n|\n|t:|1700425381\n|switch|p2a: Kartana|Kartana|94\/100|[from] Volt Switch\n|-damage|p2a: Kartana|88\/100|[from] Stealth Rock\n|\n|upkeep\n|turn|15\n|\n|t:|1700425395\n|switch|p1a: Dragonite|Dragonite, F|54\/100 tox\n|move|p2a: Kartana|Knock Off|p1a: Dragonite\n|-damage|p1a: Dragonite|6\/100 tox\n|-enditem|p1a: Dragonite|Heavy-Duty Boots|[from] move: Knock Off|[of] p2a: Kartana\n|\n|-damage|p1a: Dragonite|0 fnt|[from] psn\n|faint|p1a: Dragonite\n|upkeep\n|\n|t:|1700425398\n|switch|p1a: Iron Valiant|Iron Valiant|100\/100\n|-enditem|p1a: Iron Valiant|Booster Energy\n|-activate|p1a: Iron Valiant|ability: Quark Drive|[fromitem]\n|-start|p1a: Iron Valiant|quarkdrivespe\n|turn|16\n|inactive|bea fangirl 3 has 240 seconds left.\n|\n|t:|1700425404\n|switch|p2a: Aegislash|Aegislash, M|100\/100\n|-damage|p2a: Aegislash|94\/100|[from] Stealth Rock\n|move|p1a: Iron Valiant|Thunderbolt|p2a: Aegislash\n|-damage|p2a: Aegislash|76\/100\n|\n|-heal|p2a: Aegislash|83\/100|[from] item: Leftovers\n|upkeep\n|turn|17\n|inactive|bea fangirl 3 has 240 seconds left.\n|\n|t:|1700425433\n|move|p1a: Iron Valiant|Calm Mind|p1a: Iron Valiant\n|-boost|p1a: Iron Valiant|spa|1\n|-boost|p1a: Iron Valiant|spd|1\n|-formechange|p2a: Aegislash|Aegislash-Blade||[from] ability: Stance Change\n|move|p2a: Aegislash|Shadow Ball|p1a: Iron Valiant\n|-damage|p1a: Iron Valiant|44\/100\n|\n|-heal|p2a: Aegislash|89\/100|[from] item: Leftovers\n|upkeep\n|turn|18\n|\n|t:|1700425436\n|-formechange|p2a: Aegislash|Aegislash||[from] ability: Stance Change\n|move|p2a: Aegislash|King's Shield|p2a: Aegislash\n|-singleturn|p2a: Aegislash|Protect\n|move|p1a: Iron Valiant|Thunderbolt|p2a: Aegislash\n|-activate|p2a: Aegislash|move: Protect\n|\n|-heal|p2a: Aegislash|95\/100|[from] item: Leftovers\n|upkeep\n|turn|19\n|\n|t:|1700425439\n|move|p1a: Iron Valiant|Thunderbolt|p2a: Aegislash\n|-damage|p2a: Aegislash|67\/100\n|-formechange|p2a: Aegislash|Aegislash-Blade||[from] ability: Stance Change\n|move|p2a: Aegislash|Shadow Ball|p1a: Iron Valiant\n|-damage|p1a: Iron Valiant|0 fnt\n|faint|p1a: Iron Valiant\n|-end|p1a: Iron Valiant|Quark Drive|[silent]\n|\n|-heal|p2a: Aegislash|73\/100|[from] item: Leftovers\n|upkeep\n|\n|t:|1700425445\n|switch|p1a: Volcarona|Volcarona, F|100\/100\n|turn|20\n|\n|t:|1700425448\n|move|p1a: Volcarona|Quiver Dance|p1a: Volcarona\n|-boost|p1a: Volcarona|spa|1\n|-boost|p1a: Volcarona|spd|1\n|-boost|p1a: Volcarona|spe|1\n|move|p2a: Aegislash|Toxic|p1a: Volcarona\n|-status|p1a: Volcarona|tox\n|\n|-heal|p2a: Aegislash|79\/100|[from] item: Leftovers\n|-damage|p1a: Volcarona|94\/100 tox|[from] psn\n|upkeep\n|turn|21\n|\n|t:|1700425453\n|-formechange|p2a: Aegislash|Aegislash||[from] ability: Stance Change\n|move|p2a: Aegislash|King's Shield|p2a: Aegislash\n|-singleturn|p2a: Aegislash|Protect\n|move|p1a: Volcarona|Quiver Dance|p1a: Volcarona\n|-boost|p1a: Volcarona|spa|1\n|-boost|p1a: Volcarona|spd|1\n|-boost|p1a: Volcarona|spe|1\n|\n|-heal|p2a: Aegislash|85\/100|[from] item: Leftovers\n|-damage|p1a: Volcarona|82\/100 tox|[from] psn\n|upkeep\n|turn|22\n|\n|t:|1700425456\n|move|p2a: Aegislash|King's Shield||[still]\n|-fail|p2a: Aegislash\n|move|p1a: Volcarona|Flamethrower|p2a: Aegislash\n|-supereffective|p2a: Aegislash\n|-damage|p2a: Aegislash|0 fnt\n|faint|p2a: Aegislash\n|\n|-damage|p1a: Volcarona|64\/100 tox|[from] psn\n|upkeep\n|\n|t:|1700425460\n|switch|p2a: Alomomola|Alomomola, F|100\/100\n|turn|23\n|\n|t:|1700425465\n|move|p2a: Alomomola|Protect|p2a: Alomomola\n|-singleturn|p2a: Alomomola|Protect\n|move|p1a: Volcarona|Giga Drain|p2a: Alomomola\n|-activate|p2a: Alomomola|move: Protect\n|\n|-damage|p1a: Volcarona|39\/100 tox|[from] psn\n|upkeep\n|turn|24\n|\n|t:|1700425475\n|-terastallize|p2a: Alomomola|Poison\n|move|p1a: Volcarona|Giga Drain|p2a: Alomomola\n|-resisted|p2a: Alomomola\n|-damage|p2a: Alomomola|77\/100\n|-heal|p1a: Volcarona|57\/100 tox|[from] drain|[of] p2a: Alomomola\n|move|p2a: Alomomola|Flip Turn|p1a: Volcarona\n|-supereffective|p1a: Volcarona\n|-damage|p1a: Volcarona|2\/100 tox\n|-status|p2a: Alomomola|brn|[from] ability: Flame Body|[of] p1a: Volcarona\n|\n|t:|1700425487\n|switch|p2a: Ursaluna|Ursaluna, M|100\/100|[from] Flip Turn\n|-damage|p2a: Ursaluna|94\/100|[from] Stealth Rock\n|-status|p2a: Ursaluna|psn\n|\n|-damage|p1a: Volcarona|0 fnt|[from] psn\n|faint|p1a: Volcarona\n|-damage|p2a: Ursaluna|82\/100 psn|[from] psn\n|upkeep\n|\n|t:|1700425489\n|switch|p1a: Ogerpon|Ogerpon-Wellspring, F|14\/100\n|turn|25\n|\n|t:|1700425495\n|-terastallize|p1a: Ogerpon|Water\n|detailschange|p1a: Ogerpon|Ogerpon-Wellspring-Tera, F, tera:Water\n|-ability|p1a: Ogerpon|Embody Aspect (Wellspring)|boost\n|-boost|p1a: Ogerpon|spd|1\n|move|p1a: Ogerpon|Ivy Cudgel|p2a: Ursaluna\n|-supereffective|p2a: Ursaluna\n|-damage|p2a: Ursaluna|0 fnt\n|faint|p2a: Ursaluna\n|\n|upkeep\n|\n|t:|1700425497\n|switch|p2a: Kartana|Kartana|88\/100\n|-damage|p2a: Kartana|82\/100|[from] Stealth Rock\n|turn|26\n|\n|t:|1700425504\n|move|p2a: Kartana|Leaf Blade|p1a: Ogerpon\n|-supereffective|p1a: Ogerpon\n|-damage|p1a: Ogerpon|0 fnt\n|faint|p1a: Ogerpon\n|-ability|p2a: Kartana|Beast Boost|boost\n|-boost|p2a: Kartana|atk|1\n|\n|upkeep\n|\n|t:|1700425505\n|switch|p1a: Gyarados|Gyarados, M|100\/100\n|-ability|p1a: Gyarados|Intimidate|boost\n|-unboost|p2a: Kartana|atk|1\n|turn|27\n|\n|t:|1700425511\n|move|p2a: Kartana|Leaf Blade|p1a: Gyarados\n|-damage|p1a: Gyarados|26\/100\n|move|p1a: Gyarados|Dragon Dance|p1a: Gyarados\n|-boost|p1a: Gyarados|atk|1\n|-boost|p1a: Gyarados|spe|1\n|\n|upkeep\n|turn|28\n|\n|t:|1700425515\n|move|p2a: Kartana|Leaf Blade|p1a: Gyarados\n|-damage|p1a: Gyarados|0 fnt\n|faint|p1a: Gyarados\n|\n|win|bea fangirl 3\n|c|\u2606bea fangirl 3|gg\n|c|\u2606Mada|gg\n","uploadtime":1700425516,"views":135,"p1id":"mada","p2id":"beafangirl3","formatid":"gen9nationaldex","rating":0,"private":0,"password":""}