{"id":"smogtours-gen9nationaldex-732088","p1":"Demonlord_001","p2":"JesterArtisticBoi","format":"[Gen 9] National Dex","log":"|inactive|Battle timer is ON: inactive players will automatically lose when time's up.\n|t:|1700715747\n|gametype|singles\n|player|p1|Demonlord_001|n|\n|player|p2|JesterArtisticBoi|rocketgrunt|\n|teamsize|p1|6\n|teamsize|p2|6\n|gen|9\n|tier|[Gen 9] National Dex\n|rule|HP Percentage Mod: HP is shown in percentages\n|rule|Endless Battle Clause: Forcing endless battles is banned\n|rule|OHKO Clause: OHKO moves are banned\n|rule|Evasion Clause: Evasion abilities, items, and moves are banned\n|rule|Evasion Abilities Clause: Evasion abilities are banned\n|rule|Evasion Items Clause: Evasion items are banned\n|rule|Evasion Moves Clause: Evasion moves are banned\n|rule|Species Clause: Limit one of each Pok\u00e9mon\n|rule|Sleep Clause Mod: Limit one foe put to sleep\n|clearpoke\n|poke|p1|Chandelure, F|\n|poke|p1|Gardevoir, F|\n|poke|p1|Walrein, M|\n|poke|p1|Salamence, F|\n|poke|p1|Steelix, M|\n|poke|p1|Tauros, M|\n|poke|p2|Ursaluna, M|\n|poke|p2|Skeledirge, M|\n|poke|p2|Flapple, M|\n|poke|p2|Mabosstiff, M|\n|poke|p2|Metagross|\n|poke|p2|Dragalge, M|\n|teampreview\n|\n|t:|1700715762\n|start\n|switch|p1a: Rampant|Tauros, M|100\/100\n|switch|p2a: Mabosstiff|Mabosstiff, M|100\/100\n|turn|1\n|\n|t:|1700715769\n|move|p1a: Rampant|Close Combat|p2a: Mabosstiff\n|-supereffective|p2a: Mabosstiff\n|-damage|p2a: Mabosstiff|0 fnt\n|-unboost|p1a: Rampant|def|1\n|-unboost|p1a: Rampant|spd|1\n|faint|p2a: Mabosstiff\n|\n|upkeep\n|\n|t:|1700715782\n|switch|p2a: Flapple|Flapple, M|100\/100\n|turn|2\n|\n|t:|1700715796\n|switch|p1a: Levi|Steelix, M|100\/100\n|move|p2a: Flapple|Giga Drain|p1a: Levi\n|-damage|p1a: Levi|71\/100\n|\n|-heal|p1a: Levi|77\/100|[from] item: Leftovers\n|upkeep\n|turn|3\n|\n|t:|1700715809\n|move|p2a: Flapple|Grav Apple|p1a: Levi\n|-damage|p1a: Levi|58\/100\n|-unboost|p1a: Levi|def|1\n|move|p1a: Levi|Iron Head|p2a: Flapple\n|-damage|p2a: Flapple|52\/100\n|\n|-heal|p1a: Levi|64\/100|[from] item: Leftovers\n|upkeep\n|turn|4\n|\n|t:|1700715819\n|move|p2a: Flapple|Giga Drain|p1a: Levi\n|-damage|p1a: Levi|33\/100\n|-heal|p2a: Flapple|71\/100|[from] drain|[of] p1a: Levi\n|move|p1a: Levi|Iron Head|p2a: Flapple\n|-damage|p2a: Flapple|25\/100\n|\n|-heal|p1a: Levi|39\/100|[from] item: Leftovers\n|upkeep\n|turn|5\n|\n|t:|1700715829\n|move|p2a: Flapple|Giga Drain|p1a: Levi\n|-crit|p1a: Levi\n|-damage|p1a: Levi|0 fnt\n|-heal|p2a: Flapple|49\/100|[from] drain|[of] p1a: Levi\n|faint|p1a: Levi\n|\n|upkeep\n|\n|t:|1700715836\n|switch|p1a: Rampant|Tauros, M|100\/100\n|turn|6\n|\n|t:|1700715841\n|move|p1a: Rampant|Throat Chop|p2a: Flapple\n|-damage|p2a: Flapple|0 fnt\n|faint|p2a: Flapple\n|\n|upkeep\n|\n|t:|1700715847\n|switch|p2a: Dragalge|Dragalge, M|100\/100\n|turn|7\n|\n|t:|1700715862\n|switch|p1a: Blubby|Walrein, M|100\/100\n|move|p2a: Dragalge|Surf|p1a: Blubby\n|-resisted|p1a: Blubby\n|-damage|p1a: Blubby|92\/100\n|\n|upkeep\n|turn|8\n|\n|t:|1700715869\n|move|p2a: Dragalge|Gunk Shot|p1a: Blubby\n|-damage|p1a: Blubby|54\/100\n|move|p1a: Blubby|Avalanche|p2a: Dragalge\n|-supereffective|p2a: Dragalge\n|-damage|p2a: Dragalge|0 fnt\n|faint|p2a: Dragalge\n|\n|upkeep\n|\n|t:|1700715879\n|switch|p2a: Ursaluna|Ursaluna, M|100\/100\n|turn|9\n|\n|t:|1700715883\n|move|p2a: Ursaluna|Bulk Up|p2a: Ursaluna\n|-boost|p2a: Ursaluna|atk|1\n|-boost|p2a: Ursaluna|def|1\n|move|p1a: Blubby|Avalanche|p2a: Ursaluna\n|-supereffective|p2a: Ursaluna\n|-damage|p2a: Ursaluna|69\/100\n|\n|-status|p2a: Ursaluna|brn|[from] item: Flame Orb\n|upkeep\n|turn|10\n|\n|t:|1700715903\n|switch|p1a: Night Light|Chandelure, F|100\/100\n|move|p2a: Ursaluna|Bulk Up|p2a: Ursaluna\n|-boost|p2a: Ursaluna|atk|1\n|-boost|p2a: Ursaluna|def|1\n|\n|-damage|p2a: Ursaluna|63\/100 brn|[from] brn\n|upkeep\n|turn|11\n|\n|t:|1700715914\n|move|p1a: Night Light|Flamethrower|p2a: Ursaluna\n|-damage|p2a: Ursaluna|9\/100 brn\n|move|p2a: Ursaluna|Thunder Punch|p1a: Night Light\n|-damage|p1a: Night Light|0 fnt\n|faint|p1a: Night Light\n|\n|-damage|p2a: Ursaluna|3\/100 brn|[from] brn\n|upkeep\n|\n|t:|1700715926\n|switch|p1a: Rampant|Tauros, M|100\/100\n|turn|12\n|\n|t:|1700715930\n|move|p1a: Rampant|Throat Chop|p2a: Ursaluna\n|-damage|p2a: Ursaluna|0 fnt\n|faint|p2a: Ursaluna\n|\n|upkeep\n|\n|t:|1700715936\n|switch|p2a: Metagross|Metagross, shiny|100\/100\n|turn|13\n|\n|t:|1700715943\n|move|p1a: Rampant|Throat Chop|p2a: Metagross\n|-supereffective|p2a: Metagross\n|-crit|p2a: Metagross\n|-enditem|p2a: Metagross|Focus Sash\n|-damage|p2a: Metagross|1\/100\n|move|p2a: Metagross|Sludge Bomb|p1a: Rampant\n|-damage|p1a: Rampant|55\/100\n|-status|p1a: Rampant|psn\n|\n|-damage|p1a: Rampant|43\/100 psn|[from] psn\n|upkeep\n|turn|14\n|\n|t:|1700715957\n|move|p1a: Rampant|Throat Chop|p2a: Metagross\n|-supereffective|p2a: Metagross\n|-damage|p2a: Metagross|0 fnt\n|faint|p2a: Metagross\n|\n|-damage|p1a: Rampant|31\/100 psn|[from] psn\n|upkeep\n|\n|t:|1700715964\n|switch|p2a: Skeledirge|Skeledirge, M|100\/100\n|turn|15\n|\n|t:|1700715971\n|move|p1a: Rampant|Throat Chop|p2a: Skeledirge\n|-supereffective|p2a: Skeledirge\n|-damage|p2a: Skeledirge|11\/100\n|move|p2a: Skeledirge|Earth Power|p1a: Rampant\n|-damage|p1a: Rampant|0 fnt\n|faint|p1a: Rampant\n|\n|upkeep\n|\n|t:|1700715983\n|switch|p1a: Blubby|Walrein, M|54\/100\n|turn|16\n|\n|t:|1700715987\n|move|p2a: Skeledirge|Shadow Ball|p1a: Blubby\n|-damage|p1a: Blubby|29\/100\n|move|p1a: Blubby|Surf|p2a: Skeledirge\n|-supereffective|p2a: Skeledirge\n|-damage|p2a: Skeledirge|0 fnt\n|faint|p2a: Skeledirge\n|\n|win|Demonlord_001\n","uploadtime":1700715988,"views":1,"p1id":"demonlord001","p2id":"jesterartisticboi","formatid":"gen9nationaldex","rating":0,"private":0,"password":""}