{"id":"smogtours-gen9nationaldex-732081","p1":"Demonlord_001","p2":"JesterArtisticBoi","format":"[Gen 9] National Dex","log":"|inactive|Battle timer is ON: inactive players will automatically lose when time's up.\n|t:|1700713863\n|gametype|singles\n|player|p1|Demonlord_001|n|\n|player|p2|JesterArtisticBoi|rocketgrunt|\n|teamsize|p1|6\n|teamsize|p2|6\n|gen|9\n|tier|[Gen 9] National Dex\n|rule|HP Percentage Mod: HP is shown in percentages\n|rule|Endless Battle Clause: Forcing endless battles is banned\n|rule|OHKO Clause: OHKO moves are banned\n|rule|Evasion Clause: Evasion abilities, items, and moves are banned\n|rule|Evasion Abilities Clause: Evasion abilities are banned\n|rule|Evasion Items Clause: Evasion items are banned\n|rule|Evasion Moves Clause: Evasion moves are banned\n|rule|Species Clause: Limit one of each Pok\u00e9mon\n|rule|Sleep Clause Mod: Limit one foe put to sleep\n|clearpoke\n|poke|p1|Chandelure, F|\n|poke|p1|Gardevoir, F|\n|poke|p1|Walrein, M|\n|poke|p1|Salamence, F|\n|poke|p1|Steelix, M|\n|poke|p1|Tauros, M|\n|poke|p2|Ursaluna, M|\n|poke|p2|Skeledirge, M|\n|poke|p2|Flapple, M|\n|poke|p2|Mabosstiff, M|\n|poke|p2|Jellicent, M|\n|poke|p2|Metagross|\n|teampreview\n|\n|t:|1700713875\n|start\n|switch|p1a: Mistress|Gardevoir, F, shiny|100\/100\n|switch|p2a: Flapple|Flapple, M|100\/100\n|turn|1\n|\n|t:|1700713884\n|move|p1a: Mistress|Calm Mind|p1a: Mistress\n|-boost|p1a: Mistress|spa|1\n|-boost|p1a: Mistress|spd|1\n|move|p2a: Flapple|Grav Apple|p1a: Mistress\n|-damage|p1a: Mistress|28\/100\n|-unboost|p1a: Mistress|def|1\n|\n|upkeep\n|turn|2\n|\n|t:|1700713894\n|move|p1a: Mistress|Dazzling Gleam|p2a: Flapple\n|-supereffective|p2a: Flapple\n|-damage|p2a: Flapple|0 fnt\n|faint|p2a: Flapple\n|\n|upkeep\n|\n|t:|1700713900\n|switch|p2a: Metagross|Metagross, shiny|100\/100\n|turn|3\n|\n|t:|1700713906\n|move|p1a: Mistress|Shadow Ball|p2a: Metagross\n|-supereffective|p2a: Metagross\n|-damage|p2a: Metagross|8\/100\n|move|p2a: Metagross|Sludge Bomb|p1a: Mistress\n|-supereffective|p1a: Mistress\n|-damage|p1a: Mistress|0 fnt\n|faint|p1a: Mistress\n|\n|upkeep\n|\n|t:|1700713917\n|switch|p1a: Night Light|Chandelure, F|100\/100\n|turn|4\n|\n|t:|1700713924\n|move|p1a: Night Light|Shadow Ball|p2a: Metagross\n|-supereffective|p2a: Metagross\n|-damage|p2a: Metagross|0 fnt\n|faint|p2a: Metagross\n|\n|upkeep\n|\n|t:|1700713931\n|switch|p2a: Mabosstiff|Mabosstiff, M|100\/100\n|turn|5\n|\n|t:|1700713938\n|move|p2a: Mabosstiff|Outrage|p1a: Night Light\n|-damage|p1a: Night Light|42\/100\n|move|p1a: Night Light|Toxic|p2a: Mabosstiff\n|-status|p2a: Mabosstiff|tox\n|\n|-damage|p2a: Mabosstiff|95\/100 tox|[from] psn\n|upkeep\n|turn|6\n|\n|t:|1700713953\n|switch|p1a: Levi|Steelix, M|100\/100\n|move|p2a: Mabosstiff|Outrage|p1a: Levi|[from]lockedmove\n|-resisted|p1a: Levi\n|-damage|p1a: Levi|78\/100\n|-start|p2a: Mabosstiff|confusion|[fatigue]\n|\n|-heal|p1a: Levi|85\/100|[from] item: Leftovers\n|-damage|p2a: Mabosstiff|83\/100 tox|[from] psn\n|upkeep\n|turn|7\n|\n|t:|1700713966\n|-activate|p2a: Mabosstiff|confusion\n|-damage|p2a: Mabosstiff|66\/100 tox|[from] confusion\n|move|p1a: Levi|Earthquake|p2a: Mabosstiff\n|-damage|p2a: Mabosstiff|18\/100 tox\n|\n|-heal|p1a: Levi|91\/100|[from] item: Leftovers\n|-damage|p2a: Mabosstiff|0 fnt|[from] psn\n|faint|p2a: Mabosstiff\n|upkeep\n|\n|t:|1700713976\n|switch|p2a: Jellicent|Jellicent, M|100\/100\n|turn|8\n|\n|t:|1700713981\n|move|p2a: Jellicent|Will-O-Wisp|p1a: Levi\n|-status|p1a: Levi|brn\n|move|p1a: Levi|Crunch|p2a: Jellicent\n|-supereffective|p2a: Jellicent\n|-damage|p2a: Jellicent|72\/100\n|\n|-heal|p2a: Jellicent|78\/100|[from] item: Leftovers\n|-heal|p1a: Levi|97\/100 brn|[from] item: Leftovers\n|-damage|p1a: Levi|91\/100 brn|[from] brn\n|upkeep\n|turn|9\n|\n|t:|1700713996\n|move|p2a: Jellicent|Hex|p1a: Levi\n|-damage|p1a: Levi|10\/100 brn\n|move|p1a: Levi|Crunch|p2a: Jellicent\n|-supereffective|p2a: Jellicent\n|-damage|p2a: Jellicent|47\/100\n|-unboost|p2a: Jellicent|def|1\n|\n|-heal|p2a: Jellicent|53\/100|[from] item: Leftovers\n|-heal|p1a: Levi|16\/100 brn|[from] item: Leftovers\n|-damage|p1a: Levi|10\/100 brn|[from] brn\n|upkeep\n|turn|10\n|\n|t:|1700714009\n|move|p2a: Jellicent|Recover|p2a: Jellicent\n|-heal|p2a: Jellicent|100\/100\n|move|p1a: Levi|Crunch|p2a: Jellicent\n|-supereffective|p2a: Jellicent\n|-damage|p2a: Jellicent|50\/100\n|\n|-heal|p2a: Jellicent|57\/100|[from] item: Leftovers\n|-heal|p1a: Levi|16\/100 brn|[from] item: Leftovers\n|-damage|p1a: Levi|10\/100 brn|[from] brn\n|upkeep\n|turn|11\n|\n|t:|1700714020\n|move|p2a: Jellicent|Hex|p1a: Levi\n|-damage|p1a: Levi|0 fnt\n|faint|p1a: Levi\n|\n|-heal|p2a: Jellicent|63\/100|[from] item: Leftovers\n|upkeep\n|\n|t:|1700714026\n|switch|p1a: Rampant|Tauros, M|100\/100\n|turn|12\n|\n|t:|1700714030\n|move|p1a: Rampant|Throat Chop|p2a: Jellicent\n|-supereffective|p2a: Jellicent\n|-damage|p2a: Jellicent|0 fnt\n|faint|p2a: Jellicent\n|\n|upkeep\n|\n|t:|1700714037\n|switch|p2a: Ursaluna|Ursaluna, M|100\/100\n|turn|13\n|\n|t:|1700714043\n|switch|p1a: Night Light|Chandelure, F|42\/100\n|move|p2a: Ursaluna|Bulk Up|p2a: Ursaluna\n|-boost|p2a: Ursaluna|atk|1\n|-boost|p2a: Ursaluna|def|1\n|\n|-status|p2a: Ursaluna|brn|[from] item: Flame Orb\n|upkeep\n|turn|14\n|\n|t:|1700714071\n|move|p1a: Night Light|Energy Ball|p2a: Ursaluna\n|-supereffective|p2a: Ursaluna\n|-damage|p2a: Ursaluna|35\/100 brn\n|move|p2a: Ursaluna|Thunder Punch|p1a: Night Light\n|-damage|p1a: Night Light|0 fnt\n|faint|p1a: Night Light\n|\n|-damage|p2a: Ursaluna|28\/100 brn|[from] brn\n|upkeep\n|inactive|Demonlord_001 has 270 seconds left.\n|\n|t:|1700714084\n|switch|p1a: Blubby|Walrein, M|100\/100\n|turn|15\n|\n|t:|1700714091\n|move|p2a: Ursaluna|Facade|p1a: Blubby\n|-damage|p1a: Blubby|0 fnt\n|faint|p1a: Blubby\n|\n|-damage|p2a: Ursaluna|22\/100 brn|[from] brn\n|upkeep\n|inactive|Demonlord_001 has 270 seconds left.\n|\n|t:|1700714107\n|switch|p1a: Queen|Salamence, F|100\/100\n|-ability|p1a: Queen|Intimidate|boost\n|-unboost|p2a: Ursaluna|atk|1\n|turn|16\n|inactive|Demonlord_001 has 270 seconds left.\n|\n|t:|1700714113\n|move|p1a: Queen|Brick Break|p2a: Ursaluna\n|-supereffective|p2a: Ursaluna\n|-damage|p2a: Ursaluna|0 fnt\n|faint|p2a: Ursaluna\n|-damage|p1a: Queen|91\/100|[from] item: Life Orb\n|\n|upkeep\n|\n|t:|1700714120\n|switch|p2a: Skeledirge|Skeledirge, M|100\/100\n|turn|17\n|\n|t:|1700714127\n|move|p1a: Queen|Dragon Dance|p1a: Queen\n|-boost|p1a: Queen|atk|1\n|-boost|p1a: Queen|spe|1\n|move|p2a: Skeledirge|Torch Song|p1a: Queen\n|-resisted|p1a: Queen\n|-damage|p1a: Queen|64\/100\n|-boost|p2a: Skeledirge|spa|1\n|-enditem|p2a: Skeledirge|Throat Spray\n|-boost|p2a: Skeledirge|spa|1|[from] item: Throat Spray\n|\n|upkeep\n|turn|18\n|\n|t:|1700714137\n|move|p1a: Queen|Fly||[still]\n|-prepare|p1a: Queen|Fly\n|move|p2a: Skeledirge|Shadow Ball|p1a: Queen|[miss]\n|-miss|p2a: Skeledirge|p1a: Queen\n|\n|upkeep\n|turn|19\n|\n|t:|1700714148\n|move|p1a: Queen|Fly|p2a: Skeledirge|[from]lockedmove\n|-damage|p2a: Skeledirge|34\/100\n|-damage|p1a: Queen|54\/100|[from] item: Life Orb\n|move|p2a: Skeledirge|Shadow Ball|p1a: Queen\n|-damage|p1a: Queen|0 fnt\n|faint|p1a: Queen\n|\n|upkeep\n|\n|t:|1700714156\n|switch|p1a: Rampant|Tauros, M|100\/100\n|turn|20\n|\n|t:|1700714164\n|move|p1a: Rampant|Throat Chop|p2a: Skeledirge\n|-supereffective|p2a: Skeledirge\n|-damage|p2a: Skeledirge|0 fnt\n|faint|p2a: Skeledirge\n|\n|win|Demonlord_001\n","uploadtime":1700714165,"views":2,"p1id":"demonlord001","p2id":"jesterartisticboi","formatid":"gen9nationaldex","rating":0,"private":0,"password":""}