{"id":"smogtours-gen9nationaldex-732097","p1":"fohen","p2":"rnmbj","format":"[Gen 9] National Dex","log":"|inactive|Battle timer is ON: inactive players will automatically lose when time's up.\n|t:|1700723475\n|gametype|singles\n|player|p1|fohen|169|\n|player|p2|rnmbj|1|\n|teamsize|p1|6\n|teamsize|p2|6\n|gen|9\n|tier|[Gen 9] National Dex\n|rule|HP Percentage Mod: HP is shown in percentages\n|rule|Endless Battle Clause: Forcing endless battles is banned\n|rule|OHKO Clause: OHKO moves are banned\n|rule|Evasion Clause: Evasion abilities, items, and moves are banned\n|rule|Evasion Abilities Clause: Evasion abilities are banned\n|rule|Evasion Items Clause: Evasion items are banned\n|rule|Evasion Moves Clause: Evasion moves are banned\n|rule|Species Clause: Limit one of each Pok\u00e9mon\n|rule|Sleep Clause Mod: Limit one foe put to sleep\n|clearpoke\n|poke|p1|Stakataka|\n|poke|p1|Drampa, F|\n|poke|p1|Serperior, M|\n|poke|p1|Klawf, M|\n|poke|p1|Tropius, M|\n|poke|p1|Venusaur, F|\n|poke|p2|Drampa, F|\n|poke|p2|Mismagius, M|\n|poke|p2|Scovillain, F|\n|poke|p2|Barraskewda, M|\n|poke|p2|Gastrodon, M|\n|poke|p2|Lanturn, F|\n|teampreview\n|inactive|fohen has 270 seconds left.\n|\n|t:|1700723517\n|start\n|switch|p1a: Stakataka|Stakataka|100\/100\n|switch|p2a: Drampa|Drampa, F|100\/100\n|turn|1\n|\n|t:|1700723541\n|move|p2a: Drampa|Energy Ball|p1a: Stakataka\n|-damage|p1a: Stakataka|48\/100\n|move|p1a: Stakataka|Stealth Rock|p2a: Drampa\n|-sidestart|p2: rnmbj|move: Stealth Rock\n|\n|upkeep\n|turn|2\n|c|\u2606fohen|\u539f\u795e\uff0c\u542f\u52a8\uff01\n|\n|t:|1700723557\n|switch|p1a: Venusaur|Venusaur, F|100\/100\n|move|p2a: Drampa|Energy Ball|p1a: Venusaur\n|-resisted|p1a: Venusaur\n|-damage|p1a: Venusaur|89\/100\n|\n|upkeep\n|turn|3\n|\n|t:|1700723565\n|switch|p2a: Scovillain|Scovillain, F|100\/100\n|-damage|p2a: Scovillain|76\/100|[from] Stealth Rock\n|detailschange|p1a: Venusaur|Venusaur-Mega, F\n|-mega|p1a: Venusaur|Venusaur|Venusaurite\n|move|p1a: Venusaur|Leech Seed|p2a: Scovillain\n|-immune|p2a: Scovillain\n|\n|upkeep\n|turn|4\n|\n|t:|1700723584\n|-terastallize|p2a: Scovillain|Steel\n|move|p2a: Scovillain|Fire Blast|p1a: Venusaur\n|-supereffective|p1a: Venusaur\n|-damage|p1a: Venusaur|38\/100\n|-damage|p2a: Scovillain|66\/100|[from] item: Life Orb\n|move|p1a: Venusaur|Sludge Bomb|p2a: Scovillain\n|-immune|p2a: Scovillain\n|\n|upkeep\n|turn|5\n|\n|t:|1700723596\n|switch|p1a: Klawf|Klawf, M|100\/100\n|move|p2a: Scovillain|Fire Blast|p1a: Klawf\n|-resisted|p1a: Klawf\n|-damage|p1a: Klawf|64\/100\n|-damage|p2a: Scovillain|56\/100|[from] item: Life Orb\n|\n|-heal|p1a: Klawf|70\/100|[from] item: Leftovers\n|upkeep\n|turn|6\n|c|\u2606fohen|66666666666666\n|\n|t:|1700723606\n|move|p2a: Scovillain|Energy Ball|p1a: Klawf\n|-supereffective|p1a: Klawf\n|-damage|p1a: Klawf|0 fnt\n|faint|p1a: Klawf\n|-damage|p2a: Scovillain|46\/100|[from] item: Life Orb\n|\n|upkeep\n|\n|t:|1700723625\n|switch|p1a: Tropius|Tropius, M|100\/100\n|turn|7\n|\n|t:|1700723631\n|move|p2a: Scovillain|Fire Blast|p1a: Tropius\n|-supereffective|p1a: Tropius\n|-damage|p1a: Tropius|19\/100\n|-enditem|p1a: Tropius|Aguav Berry|[eat]\n|-heal|p1a: Tropius|52\/100|[from] item: Aguav Berry\n|-damage|p2a: Scovillain|36\/100|[from] item: Life Orb\n|move|p1a: Tropius|Substitute|p1a: Tropius\n|-start|p1a: Tropius|Substitute\n|-damage|p1a: Tropius|27\/100\n|\n|upkeep\n|turn|8\n|\n|t:|1700723642\n|move|p2a: Scovillain|Fire Blast|p1a: Tropius\n|-supereffective|p1a: Tropius\n|-end|p1a: Tropius|Substitute\n|-damage|p2a: Scovillain|26\/100|[from] item: Life Orb\n|move|p1a: Tropius|Leech Seed|p2a: Scovillain\n|-start|p2a: Scovillain|move: Leech Seed\n|\n|-damage|p2a: Scovillain|14\/100|[from] Leech Seed|[of] p1a: Tropius\n|-heal|p1a: Tropius|36\/100|[silent]\n|upkeep\n|turn|9\n|\n|t:|1700723651\n|move|p1a: Tropius|Protect|p1a: Tropius\n|-singleturn|p1a: Tropius|Protect\n|move|p2a: Scovillain|Fire Blast|p1a: Tropius\n|-activate|p1a: Tropius|move: Protect\n|\n|-damage|p2a: Scovillain|2\/100|[from] Leech Seed|[of] p1a: Tropius\n|-heal|p1a: Tropius|44\/100|[silent]\n|-item|p1a: Tropius|Aguav Berry|[from] ability: Harvest\n|upkeep\n|turn|10\n|\n|t:|1700723674\n|move|p2a: Scovillain|Fire Blast|p1a: Tropius\n|-supereffective|p1a: Tropius\n|-damage|p1a: Tropius|0 fnt\n|faint|p1a: Tropius\n|-damage|p2a: Scovillain|0 fnt|[from] item: Life Orb\n|faint|p2a: Scovillain\n|\n|upkeep\n|\n|t:|1700723685\n|switch|p2a: Gastrodon|Gastrodon, M|100\/100\n|switch|p1a: Serperior|Serperior, M|100\/100\n|-damage|p2a: Gastrodon|94\/100|[from] Stealth Rock\n|turn|11\n|\n|t:|1700723698\n|move|p1a: Serperior|Substitute|p1a: Serperior\n|-start|p1a: Serperior|Substitute\n|-damage|p1a: Serperior|76\/100\n|move|p2a: Gastrodon|Rain Dance|p2a: Gastrodon\n|-weather|RainDance\n|\n|-weather|RainDance|[upkeep]\n|-heal|p1a: Serperior|82\/100|[from] item: Leftovers\n|-heal|p2a: Gastrodon|100\/100|[from] item: Leftovers\n|upkeep\n|turn|12\n|\n|t:|1700723712\n|switch|p2a: Barraskewda|Barraskewda, M|100\/100\n|-damage|p2a: Barraskewda|88\/100|[from] Stealth Rock\n|move|p1a: Serperior|Leaf Storm|p2a: Barraskewda\n|-supereffective|p2a: Barraskewda\n|-damage|p2a: Barraskewda|0 fnt\n|-boost|p1a: Serperior|spa|2\n|faint|p2a: Barraskewda\n|\n|-weather|RainDance|[upkeep]\n|-heal|p1a: Serperior|88\/100|[from] item: Leftovers\n|upkeep\n|\n|t:|1700723726\n|switch|p2a: Drampa|Drampa, F|100\/100\n|-damage|p2a: Drampa|88\/100|[from] Stealth Rock\n|turn|13\n|\n|t:|1700723730\n|-terastallize|p1a: Serperior|Grass\n|move|p1a: Serperior|Leaf Storm|p2a: Drampa\n|-resisted|p2a: Drampa\n|-damage|p2a: Drampa|21\/100\n|-boost|p1a: Serperior|spa|2\n|-ability|p2a: Drampa|Berserk|boost\n|-boost|p2a: Drampa|spa|1\n|move|p2a: Drampa|Flamethrower|p1a: Serperior\n|-supereffective|p1a: Serperior\n|-end|p1a: Serperior|Substitute\n|\n|-weather|RainDance|[upkeep]\n|-heal|p1a: Serperior|94\/100|[from] item: Leftovers\n|upkeep\n|turn|14\n|\n|t:|1700723742\n|move|p1a: Serperior|Leaf Storm|p2a: Drampa\n|-resisted|p2a: Drampa\n|-damage|p2a: Drampa|0 fnt\n|-boost|p1a: Serperior|spa|2\n|faint|p2a: Drampa\n|\n|-weather|RainDance|[upkeep]\n|-heal|p1a: Serperior|100\/100|[from] item: Leftovers\n|upkeep\n|\n|t:|1700723754\n|switch|p2a: Mismagius|Mismagius, M|100\/100\n|-damage|p2a: Mismagius|88\/100|[from] Stealth Rock\n|turn|15\n|\n|t:|1700723762\n|move|p2a: Mismagius|Destiny Bond|p2a: Mismagius\n|-singlemove|p2a: Mismagius|Destiny Bond\n|move|p1a: Serperior|Substitute|p1a: Serperior\n|-start|p1a: Serperior|Substitute\n|-damage|p1a: Serperior|76\/100\n|\n|-weather|none\n|-heal|p1a: Serperior|82\/100|[from] item: Leftovers\n|upkeep\n|turn|16\n|\n|t:|1700723771\n|move|p2a: Mismagius|Shadow Ball|p1a: Serperior\n|-end|p1a: Serperior|Substitute\n|move|p1a: Serperior|Leaf Storm|p2a: Mismagius\n|-damage|p2a: Mismagius|0 fnt\n|faint|p2a: Mismagius\n|\n|-heal|p1a: Serperior|88\/100|[from] item: Leftovers\n|upkeep\n|-message|rnmbj forfeited.\n|\n|win|fohen\n","uploadtime":1700723781,"views":2,"p1id":"fohen","p2id":"rnmbj","formatid":"gen9nationaldex","rating":0,"private":0,"password":""}