{"id":"smogtours-gen9nationaldex-732082","p1":"JesterArtisticBoi","p2":"Demonlord_001","format":"[Gen 9] National Dex","log":"|inactive|Battle timer is ON: inactive players will automatically lose when time's up.\n|t:|1700714174\n|gametype|singles\n|player|p1|JesterArtisticBoi|rocketgrunt|\n|player|p2|Demonlord_001|n|\n|teamsize|p1|6\n|teamsize|p2|6\n|gen|9\n|tier|[Gen 9] National Dex\n|rule|HP Percentage Mod: HP is shown in percentages\n|rule|Endless Battle Clause: Forcing endless battles is banned\n|rule|OHKO Clause: OHKO moves are banned\n|rule|Evasion Clause: Evasion abilities, items, and moves are banned\n|rule|Evasion Abilities Clause: Evasion abilities are banned\n|rule|Evasion Items Clause: Evasion items are banned\n|rule|Evasion Moves Clause: Evasion moves are banned\n|rule|Species Clause: Limit one of each Pok\u00e9mon\n|rule|Sleep Clause Mod: Limit one foe put to sleep\n|clearpoke\n|poke|p1|Ursaluna, M|\n|poke|p1|Skeledirge, M|\n|poke|p1|Flapple, M|\n|poke|p1|Mabosstiff, M|\n|poke|p1|Jellicent, M|\n|poke|p1|Metagross|\n|poke|p2|Chandelure, F|\n|poke|p2|Gardevoir, F|\n|poke|p2|Walrein, M|\n|poke|p2|Salamence, F|\n|poke|p2|Steelix, M|\n|poke|p2|Tauros, M|\n|teampreview\n|\n|t:|1700714186\n|start\n|switch|p1a: Flapple|Flapple, M|100\/100\n|switch|p2a: Blubby|Walrein, M|100\/100\n|turn|1\n|\n|t:|1700714199\n|move|p1a: Flapple|Grav Apple|p2a: Blubby\n|-supereffective|p2a: Blubby\n|-damage|p2a: Blubby|25\/100\n|-unboost|p2a: Blubby|def|1\n|move|p2a: Blubby|Avalanche|p1a: Flapple\n|-supereffective|p1a: Flapple\n|-crit|p1a: Flapple\n|-damage|p1a: Flapple|0 fnt\n|faint|p1a: Flapple\n|\n|upkeep\n|\n|t:|1700714217\n|switch|p1a: Mabosstiff|Mabosstiff, M|100\/100\n|turn|2\n|inactive|Demonlord_001 has 270 seconds left.\n|\n|t:|1700714256\n|move|p1a: Mabosstiff|Crunch|p2a: Blubby\n|-crit|p2a: Blubby\n|-damage|p2a: Blubby|0 fnt\n|faint|p2a: Blubby\n|\n|upkeep\n|\n|t:|1700714262\n|switch|p2a: Queen|Salamence, F|100\/100\n|-ability|p2a: Queen|Intimidate|boost\n|-unboost|p1a: Mabosstiff|atk|1\n|turn|3\n|\n|t:|1700714269\n|move|p2a: Queen|Dragon Dance|p2a: Queen\n|-boost|p2a: Queen|atk|1\n|-boost|p2a: Queen|spe|1\n|move|p1a: Mabosstiff|Crunch|p2a: Queen\n|-damage|p2a: Queen|67\/100\n|\n|upkeep\n|turn|4\n|\n|t:|1700714278\n|move|p2a: Queen|Dragon Dance|p2a: Queen\n|-boost|p2a: Queen|atk|1\n|-boost|p2a: Queen|spe|1\n|move|p1a: Mabosstiff|Crunch|p2a: Queen\n|-damage|p2a: Queen|34\/100\n|\n|upkeep\n|turn|5\n|\n|t:|1700714286\n|move|p2a: Queen|Brick Break|p1a: Mabosstiff\n|-supereffective|p1a: Mabosstiff\n|-damage|p1a: Mabosstiff|0 fnt\n|faint|p1a: Mabosstiff\n|-damage|p2a: Queen|24\/100|[from] item: Life Orb\n|\n|upkeep\n|\n|t:|1700714295\n|switch|p1a: Metagross|Metagross, shiny|100\/100\n|turn|6\n|\n|t:|1700714304\n|move|p2a: Queen|Dragon Claw|p1a: Metagross\n|-resisted|p1a: Metagross\n|-damage|p1a: Metagross|38\/100\n|-damage|p2a: Queen|14\/100|[from] item: Life Orb\n|move|p1a: Metagross|Psychic|p2a: Queen\n|-damage|p2a: Queen|0 fnt\n|faint|p2a: Queen\n|\n|upkeep\n|\n|t:|1700714321\n|switch|p2a: Night Light|Chandelure, F|100\/100\n|turn|7\n|\n|t:|1700714327\n|move|p2a: Night Light|Flamethrower|p1a: Metagross\n|-supereffective|p1a: Metagross\n|-damage|p1a: Metagross|0 fnt\n|faint|p1a: Metagross\n|\n|upkeep\n|\n|t:|1700714333\n|switch|p1a: Jellicent|Jellicent, M|100\/100\n|turn|8\n|\n|t:|1700714342\n|move|p2a: Night Light|Shadow Ball|p1a: Jellicent\n|-supereffective|p1a: Jellicent\n|-damage|p1a: Jellicent|0 fnt\n|faint|p1a: Jellicent\n|\n|upkeep\n|\n|t:|1700714354\n|switch|p1a: Ursaluna|Ursaluna, M|100\/100\n|turn|9\n|\n|t:|1700714359\n|move|p2a: Night Light|Toxic|p1a: Ursaluna\n|-status|p1a: Ursaluna|tox\n|move|p1a: Ursaluna|Bulk Up|p1a: Ursaluna\n|-boost|p1a: Ursaluna|atk|1\n|-boost|p1a: Ursaluna|def|1\n|\n|-damage|p1a: Ursaluna|94\/100 tox|[from] psn\n|upkeep\n|turn|10\n|inactive|Demonlord_001 has 270 seconds left.\n|\n|t:|1700714391\n|move|p2a: Night Light|Energy Ball|p1a: Ursaluna\n|-supereffective|p1a: Ursaluna\n|-damage|p1a: Ursaluna|18\/100 tox\n|move|p1a: Ursaluna|Thunder Punch|p2a: Night Light\n|-damage|p2a: Night Light|2\/100\n|-enditem|p2a: Night Light|Wiki Berry|[eat]\n|-heal|p2a: Night Light|35\/100|[from] item: Wiki Berry\n|\n|-damage|p1a: Ursaluna|6\/100 tox|[from] psn\n|upkeep\n|turn|11\n|inactive|Demonlord_001 has 270 seconds left.\n|\n|t:|1700714406\n|move|p2a: Night Light|Energy Ball|p1a: Ursaluna\n|-supereffective|p1a: Ursaluna\n|-damage|p1a: Ursaluna|0 fnt\n|faint|p1a: Ursaluna\n|\n|upkeep\n|\n|t:|1700714412\n|switch|p1a: Skeledirge|Skeledirge, M|100\/100\n|turn|12\n|\n|t:|1700714417\n|move|p2a: Night Light|Shadow Ball|p1a: Skeledirge\n|-supereffective|p1a: Skeledirge\n|-damage|p1a: Skeledirge|0 fnt\n|faint|p1a: Skeledirge\n|\n|win|Demonlord_001\n","uploadtime":1700714418,"views":2,"p1id":"jesterartisticboi","p2id":"demonlord001","formatid":"gen9nationaldex","rating":0,"private":0,"password":""}