{"id":"smogtours-gen9nationaldex-732083","p1":"JesterArtisticBoi","p2":"Demonlord_001","format":"[Gen 9] National Dex","log":"|inactive|Battle timer is ON: inactive players will automatically lose when time's up.\n|t:|1700714430\n|gametype|singles\n|player|p1|JesterArtisticBoi|rocketgrunt|\n|player|p2|Demonlord_001|n|\n|teamsize|p1|6\n|teamsize|p2|6\n|gen|9\n|tier|[Gen 9] National Dex\n|rule|HP Percentage Mod: HP is shown in percentages\n|rule|Endless Battle Clause: Forcing endless battles is banned\n|rule|OHKO Clause: OHKO moves are banned\n|rule|Evasion Clause: Evasion abilities, items, and moves are banned\n|rule|Evasion Abilities Clause: Evasion abilities are banned\n|rule|Evasion Items Clause: Evasion items are banned\n|rule|Evasion Moves Clause: Evasion moves are banned\n|rule|Species Clause: Limit one of each Pok\u00e9mon\n|rule|Sleep Clause Mod: Limit one foe put to sleep\n|clearpoke\n|poke|p1|Ursaluna, M|\n|poke|p1|Skeledirge, M|\n|poke|p1|Flapple, M|\n|poke|p1|Mabosstiff, M|\n|poke|p1|Jellicent, M|\n|poke|p1|Metagross|\n|poke|p2|Chandelure, F|\n|poke|p2|Gardevoir, F|\n|poke|p2|Walrein, M|\n|poke|p2|Salamence, F|\n|poke|p2|Steelix, M|\n|poke|p2|Tauros, M|\n|teampreview\n|\n|t:|1700714437\n|start\n|switch|p1a: Jellicent|Jellicent, M|100\/100\n|switch|p2a: Queen|Salamence, F|100\/100\n|-ability|p2a: Queen|Intimidate|boost\n|-unboost|p1a: Jellicent|atk|1\n|turn|1\n|\n|t:|1700714460\n|switch|p2a: Night Light|Chandelure, F|100\/100\n|move|p1a: Jellicent|Will-O-Wisp|p2a: Night Light\n|-start|p2a: Night Light|ability: Flash Fire\n|\n|upkeep\n|turn|2\n|\n|t:|1700714468\n|move|p2a: Night Light|Shadow Ball|p1a: Jellicent\n|-supereffective|p1a: Jellicent\n|-damage|p1a: Jellicent|0 fnt\n|faint|p1a: Jellicent\n|\n|upkeep\n|\n|t:|1700714478\n|switch|p1a: Mabosstiff|Mabosstiff, M|100\/100\n|turn|3\n|\n|t:|1700714486\n|move|p1a: Mabosstiff|Lash Out|p2a: Night Light\n|-supereffective|p2a: Night Light\n|-crit|p2a: Night Light\n|-damage|p2a: Night Light|0 fnt\n|faint|p2a: Night Light\n|\n|upkeep\n|\n|t:|1700714496\n|switch|p2a: Rampant|Tauros, M|100\/100\n|turn|4\n|\n|t:|1700714499\n|move|p2a: Rampant|Close Combat|p1a: Mabosstiff\n|-supereffective|p1a: Mabosstiff\n|-damage|p1a: Mabosstiff|0 fnt\n|-unboost|p2a: Rampant|def|1\n|-unboost|p2a: Rampant|spd|1\n|faint|p1a: Mabosstiff\n|\n|upkeep\n|\n|t:|1700714508\n|switch|p1a: Ursaluna|Ursaluna, M|100\/100\n|turn|5\n|\n|t:|1700714512\n|move|p2a: Rampant|Close Combat|p1a: Ursaluna\n|-supereffective|p1a: Ursaluna\n|-damage|p1a: Ursaluna|4\/100\n|-unboost|p2a: Rampant|def|1\n|-unboost|p2a: Rampant|spd|1\n|move|p1a: Ursaluna|Bulk Up|p1a: Ursaluna\n|-boost|p1a: Ursaluna|atk|1\n|-boost|p1a: Ursaluna|def|1\n|\n|-status|p1a: Ursaluna|brn|[from] item: Flame Orb\n|upkeep\n|turn|6\n|\n|t:|1700714537\n|switch|p2a: Blubby|Walrein, M|100\/100\n|move|p1a: Ursaluna|Facade|p2a: Blubby\n|-damage|p2a: Blubby|0 fnt\n|faint|p2a: Blubby\n|\n|-damage|p1a: Ursaluna|0 fnt|[from] brn\n|faint|p1a: Ursaluna\n|upkeep\n|inactive|Demonlord_001 has 270 seconds left.\n|\n|t:|1700714556\n|switch|p1a: Flapple|Flapple, M|100\/100\n|switch|p2a: Rampant|Tauros, M|100\/100\n|turn|7\n|\n|t:|1700714565\n|move|p2a: Rampant|Throat Chop|p1a: Flapple\n|-damage|p1a: Flapple|37\/100\n|move|p1a: Flapple|Grav Apple|p2a: Rampant\n|-damage|p2a: Rampant|50\/100\n|-unboost|p2a: Rampant|def|1\n|\n|upkeep\n|turn|8\n|\n|t:|1700714573\n|move|p2a: Rampant|Throat Chop|p1a: Flapple\n|-damage|p1a: Flapple|0 fnt\n|faint|p1a: Flapple\n|\n|upkeep\n|\n|t:|1700714580\n|switch|p1a: Metagross|Metagross, shiny|100\/100\n|turn|9\n|\n|t:|1700714586\n|move|p2a: Rampant|Throat Chop|p1a: Metagross\n|-supereffective|p1a: Metagross\n|-damage|p1a: Metagross|3\/100\n|move|p1a: Metagross|Hammer Arm|p2a: Rampant\n|-supereffective|p2a: Rampant\n|-damage|p2a: Rampant|0 fnt\n|-unboost|p1a: Metagross|spe|1\n|faint|p2a: Rampant\n|\n|upkeep\n|\n|t:|1700714596\n|switch|p2a: Mistress|Gardevoir, F, shiny|100\/100\n|turn|10\n|\n|t:|1700714600\n|move|p2a: Mistress|Calm Mind|p2a: Mistress\n|-boost|p2a: Mistress|spa|1\n|-boost|p2a: Mistress|spd|1\n|move|p1a: Metagross|Sludge Bomb|p2a: Mistress\n|-supereffective|p2a: Mistress\n|-damage|p2a: Mistress|56\/100\n|\n|upkeep\n|turn|11\n|\n|t:|1700714608\n|move|p2a: Mistress|Shadow Ball|p1a: Metagross\n|-supereffective|p1a: Metagross\n|-damage|p1a: Metagross|0 fnt\n|faint|p1a: Metagross\n|\n|upkeep\n|\n|t:|1700714614\n|switch|p1a: Skeledirge|Skeledirge, M|100\/100\n|turn|12\n|\n|t:|1700714619\n|move|p2a: Mistress|Shadow Ball|p1a: Skeledirge\n|-supereffective|p1a: Skeledirge\n|-damage|p1a: Skeledirge|34\/100\n|move|p1a: Skeledirge|Will-O-Wisp|p2a: Mistress\n|-status|p2a: Mistress|brn\n|-activate|p2a: Mistress|ability: Synchronize\n|-immune|p1a: Skeledirge\n|\n|-damage|p2a: Mistress|50\/100 brn|[from] brn\n|upkeep\n|turn|13\n|\n|t:|1700714636\n|move|p2a: Mistress|Shadow Ball|p1a: Skeledirge\n|-supereffective|p1a: Skeledirge\n|-damage|p1a: Skeledirge|0 fnt\n|faint|p1a: Skeledirge\n|\n|win|Demonlord_001\n","uploadtime":1700714637,"views":1,"p1id":"jesterartisticboi","p2id":"demonlord001","formatid":"gen9nationaldex","rating":0,"private":0,"password":""}