{"id":"smogtours-gen9nationaldex-729980","p1":"Ainzcrad","p2":"Inder","format":"[Gen 9] National Dex","log":"|inactive|Battle timer is ON: inactive players will automatically lose when time's up.\n|t:|1699732530\n|gametype|singles\n|player|p1|Ainzcrad|winona-gen6|\n|player|p2|Inder|#scl3terrors2|\n|teamsize|p1|6\n|teamsize|p2|6\n|gen|9\n|tier|[Gen 9] National Dex\n|rule|HP Percentage Mod: HP is shown in percentages\n|rule|Endless Battle Clause: Forcing endless battles is banned\n|rule|OHKO Clause: OHKO moves are banned\n|rule|Evasion Clause: Evasion abilities, items, and moves are banned\n|rule|Evasion Abilities Clause: Evasion abilities are banned\n|rule|Evasion Items Clause: Evasion items are banned\n|rule|Evasion Moves Clause: Evasion moves are banned\n|rule|Species Clause: Limit one of each Pok\u00e9mon\n|rule|Sleep Clause Mod: Limit one foe put to sleep\n|clearpoke\n|poke|p1|Zapdos|\n|poke|p1|Gliscor, M|\n|poke|p1|Lopunny, M|\n|poke|p1|Aegislash, F|\n|poke|p1|Greninja-*, M|\n|poke|p1|Toxapex, F|\n|poke|p2|Sneasler, F|\n|poke|p2|Ting-Lu|\n|poke|p2|Latias, F|\n|poke|p2|Heatran, M|\n|poke|p2|Kartana|\n|poke|p2|Rotom-Wash|\n|teampreview\n|c|\u2606Inder|HF\n|c|\u2606Ainzcrad|HF\n|inactive|Ainzcrad has 270 seconds left.\n|inactive|Inder has 270 seconds left.\n|inactive|Inder has 240 seconds left.\n|\n|t:|1699732620\n|start\n|switch|p1a: Zapdos|Zapdos|100\/100\n|switch|p2a: FAVELA|Rotom-Wash|100\/100\n|turn|1\n|\n|t:|1699732632\n|switch|p2a: DERNIERE CHANCE|Ting-Lu|100\/100\n|-ability|p2a: DERNIERE CHANCE|Vessel of Ruin\n|move|p1a: Zapdos|Thunderbolt|p2a: DERNIERE CHANCE\n|-immune|p2a: DERNIERE CHANCE\n|\n|upkeep\n|turn|2\n|\n|t:|1699732641\n|switch|p1a: Lopunny|Lopunny, M|100\/100\n|move|p2a: DERNIERE CHANCE|Stealth Rock|p1a: Lopunny\n|-sidestart|p1: Ainzcrad|move: Stealth Rock\n|\n|upkeep\n|turn|3\n|\n|t:|1699732653\n|switch|p2a: SIPER FAVE 3D|Latias, F|100\/100\n|detailschange|p1a: Lopunny|Lopunny-Mega, M\n|-mega|p1a: Lopunny|Lopunny|Lopunnite\n|move|p1a: Lopunny|Triple Axel|p2a: SIPER FAVE 3D\n|-supereffective|p2a: SIPER FAVE 3D\n|-damage|p2a: SIPER FAVE 3D|85\/100\n|-supereffective|p2a: SIPER FAVE 3D\n|-damage|p2a: SIPER FAVE 3D|50\/100\n|-supereffective|p2a: SIPER FAVE 3D\n|-damage|p2a: SIPER FAVE 3D|4\/100\n|-hitcount|p2a: SIPER FAVE 3D|3\n|\n|upkeep\n|turn|4\n|inactive|Inder has 270 seconds left.\n|\n|t:|1699732698\n|detailschange|p2a: SIPER FAVE 3D|Latias-Mega, F\n|-mega|p2a: SIPER FAVE 3D|Latias|Latiasite\n|move|p1a: Lopunny|Close Combat|p2a: SIPER FAVE 3D\n|-resisted|p2a: SIPER FAVE 3D\n|-damage|p2a: SIPER FAVE 3D|0 fnt\n|-unboost|p1a: Lopunny|def|1\n|-unboost|p1a: Lopunny|spd|1\n|faint|p2a: SIPER FAVE 3D\n|\n|upkeep\n|\n|t:|1699732707\n|switch|p2a: GMAIL|Kartana|100\/100\n|turn|5\n|inactive|Inder has 270 seconds left.\n|\n|t:|1699732717\n|switch|p1a: Toxapex|Toxapex, F|100\/100\n|-damage|p1a: Toxapex|88\/100|[from] Stealth Rock\n|move|p2a: GMAIL|Knock Off|p1a: Toxapex\n|-damage|p1a: Toxapex|61\/100\n|-enditem|p1a: Toxapex|Covert Cloak|[from] move: Knock Off|[of] p2a: GMAIL\n|\n|upkeep\n|turn|6\n|inactive|Inder has 270 seconds left.\n|\n|t:|1699732725\n|switch|p2a: FLASHBACK|Heatran, M|100\/100\n|move|p1a: Toxapex|Scald|p2a: FLASHBACK\n|-supereffective|p2a: FLASHBACK\n|-damage|p2a: FLASHBACK|80\/100\n|\n|-heal|p2a: FLASHBACK|86\/100|[from] item: Leftovers\n|upkeep\n|turn|7\n|\n|t:|1699732728\n|switch|p1a: Gliscor|Gliscor, M|100\/100\n|-damage|p1a: Gliscor|88\/100|[from] Stealth Rock\n|move|p2a: FLASHBACK|Magma Storm|p1a: Gliscor\n|-damage|p1a: Gliscor|53\/100\n|-activate|p1a: Gliscor|move: Magma Storm|[of] p2a: FLASHBACK\n|\n|-heal|p2a: FLASHBACK|93\/100|[from] item: Leftovers\n|-damage|p1a: Gliscor|40\/100|[from] move: Magma Storm|[partiallytrapped]\n|-status|p1a: Gliscor|tox|[from] item: Toxic Orb\n|upkeep\n|turn|8\n|\n|t:|1699732736\n|move|p1a: Gliscor|Stealth Rock|p2a: FLASHBACK\n|-sidestart|p2: Inder|move: Stealth Rock\n|move|p2a: FLASHBACK|Heavy Slam|p1a: Gliscor\n|-damage|p1a: Gliscor|12\/100 tox\n|\n|-heal|p2a: FLASHBACK|99\/100|[from] item: Leftovers\n|-heal|p1a: Gliscor|25\/100 tox|[from] ability: Poison Heal\n|-damage|p1a: Gliscor|12\/100 tox|[from] move: Magma Storm|[partiallytrapped]\n|upkeep\n|turn|9\n|\n|t:|1699732741\n|switch|p2a: FAVELA|Rotom-Wash|100\/100\n|-damage|p2a: FAVELA|88\/100|[from] Stealth Rock\n|move|p1a: Gliscor|Earthquake|p2a: FAVELA\n|-immune|p2a: FAVELA|[from] ability: Levitate\n|\n|-heal|p2a: FAVELA|94\/100|[from] item: Leftovers\n|-heal|p1a: Gliscor|25\/100 tox|[from] ability: Poison Heal\n|-end|p1a: Gliscor|Magma Storm|[partiallytrapped]|[silent]\n|upkeep\n|turn|10\n|\n|t:|1699732744\n|move|p1a: Gliscor|Roost|p1a: Gliscor\n|-heal|p1a: Gliscor|75\/100 tox\n|-singleturn|p1a: Gliscor|move: Roost\n|move|p2a: FAVELA|Hydro Pump|p1a: Gliscor\n|-supereffective|p1a: Gliscor\n|-damage|p1a: Gliscor|2\/100 tox\n|\n|-heal|p2a: FAVELA|99\/100|[from] item: Leftovers\n|-heal|p1a: Gliscor|15\/100 tox|[from] ability: Poison Heal\n|upkeep\n|turn|11\n|\n|t:|1699732747\n|move|p1a: Gliscor|Roost|p1a: Gliscor\n|-heal|p1a: Gliscor|65\/100 tox\n|-singleturn|p1a: Gliscor|move: Roost\n|move|p2a: FAVELA|Hydro Pump|p1a: Gliscor\n|-supereffective|p1a: Gliscor\n|-damage|p1a: Gliscor|0 fnt\n|faint|p1a: Gliscor\n|\n|-heal|p2a: FAVELA|100\/100|[from] item: Leftovers\n|upkeep\n|\n|t:|1699732750\n|switch|p1a: Zapdos|Zapdos|100\/100\n|turn|12\n|\n|t:|1699732760\n|switch|p2a: DERNIERE CHANCE|Ting-Lu|100\/100\n|-damage|p2a: DERNIERE CHANCE|94\/100|[from] Stealth Rock\n|-ability|p2a: DERNIERE CHANCE|Vessel of Ruin\n|move|p1a: Zapdos|Hurricane|p2a: DERNIERE CHANCE|[miss]\n|-miss|p1a: Zapdos|p2a: DERNIERE CHANCE\n|\n|-heal|p2a: DERNIERE CHANCE|100\/100|[from] item: Leftovers\n|upkeep\n|turn|13\n|\n|t:|1699732764\n|move|p1a: Zapdos|Hurricane|p2a: DERNIERE CHANCE\n|-damage|p2a: DERNIERE CHANCE|77\/100\n|move|p2a: DERNIERE CHANCE|Stone Edge|p1a: Zapdos\n|-supereffective|p1a: Zapdos\n|-damage|p1a: Zapdos|41\/100\n|\n|-heal|p2a: DERNIERE CHANCE|83\/100|[from] item: Leftovers\n|upkeep\n|turn|14\n|\n|t:|1699732770\n|move|p1a: Zapdos|Roost|p1a: Zapdos\n|-heal|p1a: Zapdos|91\/100\n|-singleturn|p1a: Zapdos|move: Roost\n|move|p2a: DERNIERE CHANCE|Earthquake|p1a: Zapdos\n|-supereffective|p1a: Zapdos\n|-damage|p1a: Zapdos|0 fnt\n|faint|p1a: Zapdos\n|\n|-heal|p2a: DERNIERE CHANCE|89\/100|[from] item: Leftovers\n|upkeep\n|\n|t:|1699732773\n|switch|p1a: Lopunny|Lopunny-Mega, M|100\/100\n|-damage|p1a: Lopunny|94\/100|[from] Stealth Rock\n|turn|15\n|inactive|Inder has 270 seconds left.\n|\n|t:|1699732820\n|-terastallize|p2a: DERNIERE CHANCE|Poison\n|move|p1a: Lopunny|Return|p2a: DERNIERE CHANCE\n|-damage|p2a: DERNIERE CHANCE|57\/100\n|move|p2a: DERNIERE CHANCE|Earthquake|p1a: Lopunny\n|-damage|p1a: Lopunny|46\/100\n|\n|-heal|p2a: DERNIERE CHANCE|64\/100|[from] item: Leftovers\n|upkeep\n|turn|16\n|inactive|Inder has 270 seconds left.\n|\n|t:|1699732834\n|move|p1a: Lopunny|U-turn|p2a: DERNIERE CHANCE\n|-resisted|p2a: DERNIERE CHANCE\n|-damage|p2a: DERNIERE CHANCE|55\/100\n|\n|t:|1699732837\n|switch|p1a: Aegislash|Aegislash, F|100\/100|[from] U-turn\n|-damage|p1a: Aegislash|94\/100|[from] Stealth Rock\n|move|p2a: DERNIERE CHANCE|Earthquake|p1a: Aegislash\n|-supereffective|p1a: Aegislash\n|-crit|p1a: Aegislash\n|-damage|p1a: Aegislash|11\/100\n|\n|-heal|p1a: Aegislash|18\/100|[from] item: Leftovers\n|-heal|p2a: DERNIERE CHANCE|62\/100|[from] item: Leftovers\n|upkeep\n|turn|17\n|c|\u2606Ainzcrad|asd\n|c|\u2606Ainzcrad|misclick ffs\n|inactive|Inder has 270 seconds left.\n|\n|t:|1699732856\n|move|p1a: Aegislash|King's Shield|p1a: Aegislash\n|-singleturn|p1a: Aegislash|Protect\n|move|p2a: DERNIERE CHANCE|Earthquake|p1a: Aegislash\n|-activate|p1a: Aegislash|move: Protect\n|\n|-heal|p1a: Aegislash|24\/100|[from] item: Leftovers\n|-heal|p2a: DERNIERE CHANCE|68\/100|[from] item: Leftovers\n|upkeep\n|turn|18\n|\n|t:|1699732860\n|switch|p1a: Toxapex|Toxapex, F|94\/100\n|-damage|p1a: Toxapex|82\/100|[from] Stealth Rock\n|move|p2a: DERNIERE CHANCE|Earthquake|p1a: Toxapex\n|-supereffective|p1a: Toxapex\n|-damage|p1a: Toxapex|39\/100\n|\n|-heal|p2a: DERNIERE CHANCE|74\/100|[from] item: Leftovers\n|upkeep\n|turn|19\n|\n|t:|1699732864\n|-terastallize|p1a: Toxapex|Fairy\n|move|p2a: DERNIERE CHANCE|Earthquake|p1a: Toxapex\n|-damage|p1a: Toxapex|18\/100\n|move|p1a: Toxapex|Recover|p1a: Toxapex\n|-heal|p1a: Toxapex|68\/100\n|\n|-heal|p2a: DERNIERE CHANCE|80\/100|[from] item: Leftovers\n|upkeep\n|turn|20\n|\n|t:|1699732875\n|switch|p2a: FLASHBACK|Heatran, M|99\/100\n|-damage|p2a: FLASHBACK|86\/100|[from] Stealth Rock\n|move|p1a: Toxapex|Scald|p2a: FLASHBACK\n|-supereffective|p2a: FLASHBACK\n|-damage|p2a: FLASHBACK|68\/100\n|\n|-heal|p2a: FLASHBACK|74\/100|[from] item: Leftovers\n|upkeep\n|turn|21\n|\n|t:|1699732881\n|switch|p1a: Greninja|Greninja, M|100\/100\n|-damage|p1a: Greninja|88\/100|[from] Stealth Rock\n|move|p2a: FLASHBACK|Magma Storm|p1a: Greninja\n|-resisted|p1a: Greninja\n|-damage|p1a: Greninja|50\/100\n|-activate|p1a: Greninja|move: Magma Storm|[of] p2a: FLASHBACK\n|\n|-heal|p2a: FLASHBACK|80\/100|[from] item: Leftovers\n|-damage|p1a: Greninja|38\/100|[from] move: Magma Storm|[partiallytrapped]\n|upkeep\n|turn|22\n|\n|t:|1699732898\n|switch|p2a: DERNIERE CHANCE|Ting-Lu, tera:Poison|80\/100\n|-damage|p2a: DERNIERE CHANCE|68\/100|[from] Stealth Rock\n|-ability|p2a: DERNIERE CHANCE|Vessel of Ruin\n|move|p1a: Greninja|Switcheroo|p2a: DERNIERE CHANCE\n|-start|p1a: Greninja|typechange|Dark|[from] ability: Protean\n|-activate|p1a: Greninja|move: Trick|[of] p2a: DERNIERE CHANCE\n|-item|p2a: DERNIERE CHANCE|Choice Scarf|[from] move: Switcheroo\n|-item|p1a: Greninja|Leftovers|[from] move: Switcheroo\n|\n|-heal|p1a: Greninja|44\/100|[from] item: Leftovers\n|-end|p1a: Greninja|Magma Storm|[partiallytrapped]|[silent]\n|upkeep\n|turn|23\n|\n|t:|1699732903\n|move|p1a: Greninja|U-turn|p2a: DERNIERE CHANCE\n|-resisted|p2a: DERNIERE CHANCE\n|-damage|p2a: DERNIERE CHANCE|64\/100\n|\n|t:|1699732905\n|switch|p1a: Toxapex|Toxapex, F, tera:Fairy|100\/100|[from] U-turn\n|-damage|p1a: Toxapex|88\/100|[from] Stealth Rock\n|move|p2a: DERNIERE CHANCE|Earthquake|p1a: Toxapex\n|-damage|p1a: Toxapex|67\/100\n|\n|upkeep\n|turn|24\n|\n|t:|1699732912\n|move|p2a: DERNIERE CHANCE|Earthquake|p1a: Toxapex\n|-damage|p1a: Toxapex|45\/100\n|move|p1a: Toxapex|Scald|p2a: DERNIERE CHANCE\n|-damage|p2a: DERNIERE CHANCE|57\/100\n|\n|upkeep\n|turn|25\n|\n|t:|1699732917\n|switch|p1a: Lopunny|Lopunny-Mega, M|46\/100\n|-damage|p1a: Lopunny|40\/100|[from] Stealth Rock\n|move|p2a: DERNIERE CHANCE|Earthquake|p1a: Lopunny\n|-damage|p1a: Lopunny|0 fnt\n|faint|p1a: Lopunny\n|\n|upkeep\n|\n|t:|1699732923\n|switch|p1a: Toxapex|Toxapex, F, tera:Fairy|79\/100\n|-damage|p1a: Toxapex|67\/100|[from] Stealth Rock\n|turn|26\n|\n|t:|1699732931\n|switch|p2a: FLASHBACK|Heatran, M|80\/100\n|-damage|p2a: FLASHBACK|68\/100|[from] Stealth Rock\n|move|p1a: Toxapex|Scald|p2a: FLASHBACK\n|-supereffective|p2a: FLASHBACK\n|-damage|p2a: FLASHBACK|48\/100\n|\n|-heal|p2a: FLASHBACK|54\/100|[from] item: Leftovers\n|upkeep\n|turn|27\n|\n|t:|1699732936\n|move|p2a: FLASHBACK|Heavy Slam|p1a: Toxapex\n|-supereffective|p1a: Toxapex\n|-damage|p1a: Toxapex|18\/100\n|move|p1a: Toxapex|Recover|p1a: Toxapex\n|-heal|p1a: Toxapex|68\/100\n|\n|-heal|p2a: FLASHBACK|60\/100|[from] item: Leftovers\n|upkeep\n|turn|28\n|\n|t:|1699732940\n|move|p2a: FLASHBACK|Heavy Slam|p1a: Toxapex\n|-supereffective|p1a: Toxapex\n|-damage|p1a: Toxapex|26\/100\n|move|p1a: Toxapex|Recover|p1a: Toxapex\n|-heal|p1a: Toxapex|76\/100\n|\n|-heal|p2a: FLASHBACK|66\/100|[from] item: Leftovers\n|upkeep\n|turn|29\n|\n|t:|1699732944\n|move|p2a: FLASHBACK|Magma Storm|p1a: Toxapex\n|-damage|p1a: Toxapex|42\/100\n|-activate|p1a: Toxapex|move: Magma Storm|[of] p2a: FLASHBACK\n|move|p1a: Toxapex|Scald|p2a: FLASHBACK\n|-supereffective|p2a: FLASHBACK\n|-damage|p2a: FLASHBACK|46\/100\n|\n|-heal|p2a: FLASHBACK|52\/100|[from] item: Leftovers\n|-damage|p1a: Toxapex|30\/100|[from] move: Magma Storm|[partiallytrapped]\n|upkeep\n|turn|30\n|c|\u2606Ainzcrad|yah ggs sorry team\n|-message|Ainzcrad forfeited.\n|\n|win|Inder\n|c|\u2606Inder|gg\n","uploadtime":1699732950,"views":172,"p1id":"ainzcrad","p2id":"inder","formatid":"gen9nationaldex","rating":0,"private":0,"password":""}