{"id":"smogtours-gen9nationaldex-732085","p1":"JesterArtisticBoi","p2":"Demonlord_001","format":"[Gen 9] National Dex","log":"|inactive|Battle timer is ON: inactive players will automatically lose when time's up.\n|t:|1700714817\n|gametype|singles\n|player|p1|JesterArtisticBoi|rocketgrunt|\n|player|p2|Demonlord_001|n|\n|teamsize|p1|6\n|teamsize|p2|6\n|gen|9\n|tier|[Gen 9] National Dex\n|rule|HP Percentage Mod: HP is shown in percentages\n|rule|Endless Battle Clause: Forcing endless battles is banned\n|rule|OHKO Clause: OHKO moves are banned\n|rule|Evasion Clause: Evasion abilities, items, and moves are banned\n|rule|Evasion Abilities Clause: Evasion abilities are banned\n|rule|Evasion Items Clause: Evasion items are banned\n|rule|Evasion Moves Clause: Evasion moves are banned\n|rule|Species Clause: Limit one of each Pok\u00e9mon\n|rule|Sleep Clause Mod: Limit one foe put to sleep\n|clearpoke\n|poke|p1|Ursaluna, M|\n|poke|p1|Skeledirge, M|\n|poke|p1|Flapple, M|\n|poke|p1|Mabosstiff, M|\n|poke|p1|Jellicent, M|\n|poke|p1|Metagross|\n|poke|p2|Chandelure, F|\n|poke|p2|Gardevoir, F|\n|poke|p2|Walrein, M|\n|poke|p2|Salamence, F|\n|poke|p2|Steelix, M|\n|poke|p2|Tauros, M|\n|teampreview\n|inactive|JesterArtisticBoi has 270 seconds left.\n|\n|t:|1700714871\n|start\n|switch|p1a: Flapple|Flapple, M|100\/100\n|switch|p2a: Mistress|Gardevoir, F, shiny|100\/100\n|turn|1\n|\n|t:|1700714888\n|switch|p2a: Queen|Salamence, F|100\/100\n|-ability|p2a: Queen|Intimidate|boost\n|-unboost|p1a: Flapple|atk|1\n|move|p1a: Flapple|Grav Apple|p2a: Queen\n|-resisted|p2a: Queen\n|-damage|p2a: Queen|92\/100\n|-unboost|p2a: Queen|def|1\n|\n|upkeep\n|turn|2\n|\n|t:|1700714900\n|move|p2a: Queen|Dragon Dance|p2a: Queen\n|-boost|p2a: Queen|atk|1\n|-boost|p2a: Queen|spe|1\n|move|p1a: Flapple|Outrage|p2a: Queen\n|-supereffective|p2a: Queen\n|-damage|p2a: Queen|0 fnt\n|faint|p2a: Queen\n|\n|upkeep\n|\n|t:|1700714917\n|switch|p2a: Blubby|Walrein, M|100\/100\n|turn|3\n|\n|t:|1700714921\n|move|p1a: Flapple|Outrage|p2a: Blubby|[from]lockedmove\n|-damage|p2a: Blubby|62\/100\n|move|p2a: Blubby|Avalanche|p1a: Flapple\n|-supereffective|p1a: Flapple\n|-damage|p1a: Flapple|0 fnt\n|faint|p1a: Flapple\n|\n|upkeep\n|\n|t:|1700714933\n|switch|p1a: Ursaluna|Ursaluna, M|100\/100\n|turn|4\n|\n|t:|1700714939\n|move|p1a: Ursaluna|Thunder Punch|p2a: Blubby\n|-supereffective|p2a: Blubby\n|-damage|p2a: Blubby|11\/100\n|move|p2a: Blubby|Avalanche|p1a: Ursaluna\n|-supereffective|p1a: Ursaluna\n|-damage|p1a: Ursaluna|8\/100\n|\n|-status|p1a: Ursaluna|brn|[from] item: Flame Orb\n|upkeep\n|turn|5\n|\n|t:|1700714951\n|move|p1a: Ursaluna|Thunder Punch|p2a: Blubby\n|-supereffective|p2a: Blubby\n|-damage|p2a: Blubby|0 fnt\n|faint|p2a: Blubby\n|\n|-damage|p1a: Ursaluna|1\/100 brn|[from] brn\n|upkeep\n|\n|t:|1700714973\n|switch|p2a: Rampant|Tauros, M|100\/100\n|turn|6\n|\n|t:|1700714977\n|move|p2a: Rampant|Throat Chop|p1a: Ursaluna\n|-damage|p1a: Ursaluna|0 fnt\n|faint|p1a: Ursaluna\n|\n|upkeep\n|\n|t:|1700714985\n|switch|p1a: Metagross|Metagross, shiny|100\/100\n|turn|7\n|\n|t:|1700714989\n|move|p2a: Rampant|Throat Chop|p1a: Metagross\n|-supereffective|p1a: Metagross\n|-damage|p1a: Metagross|9\/100\n|move|p1a: Metagross|Hammer Arm|p2a: Rampant\n|-supereffective|p2a: Rampant\n|-damage|p2a: Rampant|24\/100\n|-unboost|p1a: Metagross|spe|1\n|\n|upkeep\n|turn|8\n|\n|t:|1700714998\n|move|p2a: Rampant|Throat Chop|p1a: Metagross\n|-supereffective|p1a: Metagross\n|-damage|p1a: Metagross|0 fnt\n|faint|p1a: Metagross\n|\n|upkeep\n|\n|t:|1700715005\n|switch|p1a: Jellicent|Jellicent, M|100\/100\n|turn|9\n|\n|t:|1700715011\n|move|p2a: Rampant|Throat Chop|p1a: Jellicent\n|-supereffective|p1a: Jellicent\n|-damage|p1a: Jellicent|0 fnt\n|faint|p1a: Jellicent\n|\n|upkeep\n|\n|t:|1700715016\n|switch|p1a: Skeledirge|Skeledirge, M|100\/100\n|turn|10\n|\n|t:|1700715020\n|move|p2a: Rampant|Throat Chop|p1a: Skeledirge\n|-supereffective|p1a: Skeledirge\n|-damage|p1a: Skeledirge|6\/100\n|move|p1a: Skeledirge|Torch Song|p2a: Rampant\n|-damage|p2a: Rampant|0 fnt\n|-boost|p1a: Skeledirge|spa|1\n|faint|p2a: Rampant\n|-enditem|p1a: Skeledirge|Throat Spray\n|-boost|p1a: Skeledirge|spa|1|[from] item: Throat Spray\n|\n|upkeep\n|\n|t:|1700715038\n|switch|p2a: Night Light|Chandelure, F|100\/100\n|turn|11\n|\n|t:|1700715042\n|move|p2a: Night Light|Shadow Ball|p1a: Skeledirge\n|-supereffective|p1a: Skeledirge\n|-damage|p1a: Skeledirge|0 fnt\n|faint|p1a: Skeledirge\n|\n|upkeep\n|\n|t:|1700715049\n|switch|p1a: Mabosstiff|Mabosstiff, M|100\/100\n|turn|12\n|\n|t:|1700715059\n|switch|p2a: Levi|Steelix, M|100\/100\n|move|p1a: Mabosstiff|Lash Out|p2a: Levi\n|-damage|p2a: Levi|59\/100\n|\n|-heal|p2a: Levi|65\/100|[from] item: Leftovers\n|upkeep\n|turn|13\n|\n|t:|1700715069\n|move|p1a: Mabosstiff|Lash Out|p2a: Levi\n|-damage|p2a: Levi|47\/100\n|move|p2a: Levi|Earthquake|p1a: Mabosstiff\n|-damage|p1a: Mabosstiff|49\/100\n|\n|-heal|p2a: Levi|53\/100|[from] item: Leftovers\n|upkeep\n|turn|14\n|\n|t:|1700715078\n|move|p1a: Mabosstiff|Lash Out|p2a: Levi\n|-damage|p2a: Levi|33\/100\n|move|p2a: Levi|Earthquake|p1a: Mabosstiff\n|-damage|p1a: Mabosstiff|0 fnt\n|faint|p1a: Mabosstiff\n|\n|win|Demonlord_001\n","uploadtime":1700715079,"views":6,"p1id":"jesterartisticboi","p2id":"demonlord001","formatid":"gen9nationaldex","rating":0,"private":0,"password":""}