{"id":"china-gen9vgc2023regulatione-11133344","p1":"latiasatoshi","p2":"UMR_50","format":"[Gen 9] VGC 2023 Regulation E","log":"|j|\u2606latiasatoshi\n|j|\u2606UMR_50\n|t:|1699706099\n|gametype|doubles\n|player|p1|latiasatoshi|266|\n|player|p2|UMR_50|266|\n|teamsize|p1|6\n|teamsize|p2|6\n|gen|9\n|tier|[Gen 9] VGC 2023 Regulation E\n|rule|Species Clause: Limit one of each Pok\u00e9mon\n|rule|Item Clause: Limit one of each item\n|clearpoke\n|poke|p1|Roaring Moon, L50|\n|poke|p1|Weezing-Galar, L50, M|\n|poke|p1|Perrserker, L50, F|\n|poke|p1|Foongus, L50, M|\n|poke|p1|Rotom-Mow, L50|\n|poke|p1|Landorus, L50, M|\n|poke|p2|Cleffa, L50, M|\n|poke|p2|Misdreavus, L50, M|\n|poke|p2|Alomomola, L50, F|\n|poke|p2|Gothitelle, L50, F|\n|poke|p2|Arcanine, L50, M|\n|poke|p2|Ursaluna-Bloodmoon, L50, M|\n|teampreview|4\nlatiasatoshi rejected open team sheets.\n|\n|t:|1699706266\n|start\n|switch|p1a: Perrserker|Perrserker, L50, F|100\/100\n|switch|p1b: Landorus|Landorus, L50, M|100\/100\n|switch|p2a: Misdreavus|Misdreavus, L50, M|100\/100\n|switch|p2b: Ursaluna|Ursaluna-Bloodmoon, L50, M|100\/100\n|turn|1\n|\n|t:|1699706301\n|move|p2b: Ursaluna|Protect|p2b: Ursaluna\n|-singleturn|p2b: Ursaluna|Protect\n|move|p1a: Perrserker|Fake Out|p2b: Ursaluna\n|-activate|p2b: Ursaluna|move: Protect\n|move|p1b: Landorus|Calm Mind|p1b: Landorus\n|-boost|p1b: Landorus|spa|1\n|-boost|p1b: Landorus|spd|1\n|move|p2a: Misdreavus|Trick Room|p2a: Misdreavus\n|-fieldstart|move: Trick Room|[of] p2a: Misdreavus\n|\n|upkeep\n|turn|2\n|\n|t:|1699706393\n|-terastallize|p2b: Ursaluna|Normal\n|-terastallize|p1a: Perrserker|Fighting\n|move|p2a: Misdreavus|Helping Hand|p2b: Ursaluna\n|-singleturn|p2b: Ursaluna|Helping Hand|[of] p2a: Misdreavus\n|move|p2b: Ursaluna|Blood Moon|p1b: Landorus\n|-damage|p1b: Landorus|0 fnt\n|faint|p1b: Landorus\n|move|p1a: Perrserker|Close Combat|p2b: Ursaluna\n|-supereffective|p2b: Ursaluna\n|-damage|p2b: Ursaluna|10\/100\n|-unboost|p1a: Perrserker|def|1\n|-unboost|p1a: Perrserker|spd|1\n|\n|upkeep\n|\n|t:|1699706407\n|switch|p1b: Roaring Moon|Roaring Moon, L50|100\/100\n|-enditem|p1b: Roaring Moon|Booster Energy\n|-activate|p1b: Roaring Moon|ability: Protosynthesis|[fromitem]\n|-start|p1b: Roaring Moon|protosynthesisspe\n|turn|3\n|\n|t:|1699706453\n|switch|p2b: Arcanine|Arcanine, L50, M|100\/100\n|-ability|p2b: Arcanine|Intimidate|boost\n|-unboost|p1a: Perrserker|atk|1\n|-unboost|p1b: Roaring Moon|atk|1\n|switch|p1a: Rotom|Rotom-Mow, L50|100\/100\n|move|p2a: Misdreavus|Perish Song|p2a: Misdreavus\n|-start|p1a: Rotom|perish3|[silent]\n|-start|p1b: Roaring Moon|perish3|[silent]\n|-start|p2a: Misdreavus|perish3|[silent]\n|-start|p2b: Arcanine|perish3|[silent]\n|-fieldactivate|move: Perish Song\n|move|p1b: Roaring Moon|Knock Off|p2b: Arcanine\n|-damage|p2b: Arcanine|65\/100\n|-enditem|p2b: Arcanine|Eject Button|[from] move: Knock Off|[of] p1b: Roaring Moon\n|\n|-start|p2a: Misdreavus|perish3\n|-start|p1a: Rotom|perish3\n|-start|p2b: Arcanine|perish3\n|-start|p1b: Roaring Moon|perish3\n|upkeep\n|turn|4\n|\n|t:|1699706545\n|-end|p1b: Roaring Moon|Protosynthesis|[silent]\n|switch|p1b: Perrserker|Perrserker, L50, F, tera:Fighting|100\/100\n|move|p2a: Misdreavus|Helping Hand|p2b: Arcanine\n|-singleturn|p2b: Arcanine|Helping Hand|[of] p2a: Misdreavus\n|move|p1a: Rotom|Thunderbolt|p2b: Arcanine\n|-damage|p2b: Arcanine|0 fnt\n|faint|p2b: Arcanine\n|\n|-start|p2a: Misdreavus|perish2\n|-start|p1a: Rotom|perish2\n|upkeep\n|\n|t:|1699706586\n|switch|p2b: Gothitelle|Gothitelle, L50, F|100\/100\n|turn|5\n|\n|t:|1699706665\n|move|p2a: Misdreavus|Protect|p2a: Misdreavus\n|-singleturn|p2a: Misdreavus|Protect\n|move|p2b: Gothitelle|Fake Out|p1b: Perrserker\n|-damage|p1b: Perrserker|94\/100\n|cant|p1b: Perrserker|flinch\n|move|p1a: Rotom|Thunderbolt|p2b: Gothitelle\n|-damage|p2b: Gothitelle|53\/100\n|\n|-start|p2a: Misdreavus|perish1\n|-start|p1a: Rotom|perish1\n|-fieldend|move: Trick Room\n|upkeep\n|turn|6\n|\n|t:|1699706750\n|switch|p2b: Ursaluna|Ursaluna-Bloodmoon, L50, M, tera:Normal|10\/100\n|move|p1a: Rotom|Thunderbolt|p2b: Ursaluna\n|-damage|p2b: Ursaluna|0 fnt\n|faint|p2b: Ursaluna\n|move|p1b: Perrserker|U-turn|p2a: Misdreavus\n|-resisted|p2a: Misdreavus\n|-damage|p2a: Misdreavus|89\/100\n|\n|t:|1699706756\n|switch|p1b: Roaring Moon|Roaring Moon, L50|100\/100|[from] U-turn\n|move|p2a: Misdreavus|Trick Room|p2a: Misdreavus\n|-fieldstart|move: Trick Room|[of] p2a: Misdreavus\n|\n|-start|p2a: Misdreavus|perish0\n|-start|p1a: Rotom|perish0\n|faint|p2a: Misdreavus\n|faint|p1a: Rotom\n|upkeep\n|\n|t:|1699706774\n|switch|p2a: Gothitelle|Gothitelle, L50, F|53\/100\n|switch|p1a: Perrserker|Perrserker, L50, F, tera:Fighting|94\/100\n|turn|7\n|-message|UMR_50 forfeited.\n|\n|win|latiasatoshi\n|l|\u2606latiasatoshi\n|l|\u2606UMR_50\n","uploadtime":1699706852,"views":20,"p1id":"latiasatoshi","p2id":"umr50","formatid":"gen9vgc2023regulatione","rating":0,"private":0,"password":""}