{"id":"china-gen9vgc2023regulatione-11133382","p1":"latiasatoshi","p2":"UMR_50","format":"[Gen 9] VGC 2023 Regulation E","log":"|j|\u2606latiasatoshi\n|j|\u2606UMR_50\n|t:|1699706846\n|gametype|doubles\n|player|p1|latiasatoshi|266|\n|player|p2|UMR_50|266|\n|teamsize|p1|6\n|teamsize|p2|6\n|gen|9\n|tier|[Gen 9] VGC 2023 Regulation E\n|rule|Species Clause: Limit one of each Pok\u00e9mon\n|rule|Item Clause: Limit one of each item\n|clearpoke\n|poke|p1|Roaring Moon, L50|\n|poke|p1|Weezing-Galar, L50, M|\n|poke|p1|Perrserker, L50, M|\n|poke|p1|Foongus, L50, M|\n|poke|p1|Rotom-Mow, L50|\n|poke|p1|Landorus, L50, M|\n|poke|p2|Cleffa, L50, M|\n|poke|p2|Misdreavus, L50, M|\n|poke|p2|Alomomola, L50, F|\n|poke|p2|Gothitelle, L50, F|\n|poke|p2|Arcanine, L50, M|\n|poke|p2|Ursaluna-Bloodmoon, L50, M|\n|teampreview|4\nlatiasatoshi rejected open team sheets.\n|\n|t:|1699706879\n|start\n|switch|p1a: Perrserker|Perrserker, L50, M|100\/100\n|switch|p1b: Landorus|Landorus, L50, M|100\/100\n|switch|p2a: Arcanine|Arcanine, L50, M|100\/100\n|switch|p2b: Misdreavus|Misdreavus, L50, M|100\/100\n|-ability|p2a: Arcanine|Intimidate|boost\n|-unboost|p1a: Perrserker|atk|1\n|-unboost|p1b: Landorus|atk|1\n|turn|1\n|\n|t:|1699706943\n|-terastallize|p2a: Arcanine|Grass\n|move|p2a: Arcanine|Snarl|p1b: Landorus|[spread] p1a\n|-miss|p2a: Arcanine|p1b: Landorus\n|-damage|p1a: Perrserker|93\/100\n|-unboost|p1a: Perrserker|spa|1\n|move|p1b: Landorus|Earth Power|p2a: Arcanine\n|-resisted|p2a: Arcanine\n|-damage|p2a: Arcanine|67\/100\n|move|p1a: Perrserker|U-turn|p2a: Arcanine\n|-supereffective|p2a: Arcanine\n|-damage|p2a: Arcanine|30\/100\n|-enditem|p2a: Arcanine|Eject Button\n|\n|t:|1699706981\n|switch|p2a: Gothitelle|Gothitelle, L50, F|100\/100\n|move|p2b: Misdreavus|Perish Song|p2b: Misdreavus\n|-start|p1a: Perrserker|perish3|[silent]\n|-start|p1b: Landorus|perish3|[silent]\n|-start|p2a: Gothitelle|perish3|[silent]\n|-start|p2b: Misdreavus|perish3|[silent]\n|-fieldactivate|move: Perish Song\n|\n|-start|p1b: Landorus|perish3\n|-start|p1a: Perrserker|perish3\n|-start|p2b: Misdreavus|perish3\n|-start|p2a: Gothitelle|perish3\n|upkeep\n|turn|2\n|\n|t:|1699707038\n|move|p2a: Gothitelle|Fake Out|p1b: Landorus\n|-damage|p1b: Landorus|94\/100\n|cant|p1b: Landorus|flinch\n|move|p1a: Perrserker|U-turn|p2a: Gothitelle\n|-supereffective|p2a: Gothitelle\n|-damage|p2a: Gothitelle|64\/100\n|\n|t:|1699707046\n|switch|p1a: Roaring Moon|Roaring Moon, L50|100\/100|[from] U-turn\n|-enditem|p1a: Roaring Moon|Booster Energy\n|-activate|p1a: Roaring Moon|ability: Protosynthesis|[fromitem]\n|-start|p1a: Roaring Moon|protosynthesisspe\n|move|p2b: Misdreavus|Trick Room|p2b: Misdreavus\n|-fieldstart|move: Trick Room|[of] p2b: Misdreavus\n|\n|-start|p2a: Gothitelle|perish2\n|-start|p2b: Misdreavus|perish2\n|-start|p1b: Landorus|perish2\n|upkeep\n|turn|3\n|\n|t:|1699707188\n|switch|p2a: Arcanine|Arcanine, L50, M, tera:Grass|30\/100\n|-ability|p2a: Arcanine|Intimidate|boost\n|-unboost|p1a: Roaring Moon|atk|1\n|-unboost|p1b: Landorus|atk|1\n|move|p2b: Misdreavus|Protect|p2b: Misdreavus\n|-singleturn|p2b: Misdreavus|Protect\n|move|p1b: Landorus|Sludge Bomb|p2b: Misdreavus\n|-activate|p2b: Misdreavus|move: Protect\n|move|p1a: Roaring Moon|Knock Off|p2b: Misdreavus\n|-activate|p2b: Misdreavus|move: Protect\n|\n|-start|p2b: Misdreavus|perish1\n|-start|p1b: Landorus|perish1\n|upkeep\n|turn|4\n|\n|t:|1699707272\n|switch|p2b: Ursaluna|Ursaluna-Bloodmoon, L50, M|100\/100\n|switch|p1b: Perrserker|Perrserker, L50, M|93\/100\n|move|p2a: Arcanine|Flare Blitz|p1b: Perrserker\n|-supereffective|p1b: Perrserker\n|-damage|p1b: Perrserker|0 fnt\n|faint|p1b: Perrserker\n|-damage|p2a: Arcanine|3\/100|[from] Recoil\n|move|p1a: Roaring Moon|Knock Off|p2b: Ursaluna\n|-damage|p2b: Ursaluna|75\/100\n|-enditem|p2b: Ursaluna|Silk Scarf|[from] move: Knock Off|[of] p1a: Roaring Moon\n|\n|upkeep\n|\n|t:|1699707295\n|switch|p1b: Rotom|Rotom-Mow, L50|100\/100\n|turn|5\n|\n|t:|1699707370\n|-terastallize|p1b: Rotom|Fire\n|move|p2b: Ursaluna|Blood Moon|p1b: Rotom\n|-damage|p1b: Rotom|11\/100\n|move|p1b: Rotom|Leaf Storm|p2b: Ursaluna\n|-supereffective|p2b: Ursaluna\n|-damage|p2b: Ursaluna|0 fnt\n|-unboost|p1b: Rotom|spa|2\n|faint|p2b: Ursaluna\n|move|p2a: Arcanine|Will-O-Wisp|p1a: Roaring Moon\n|-status|p1a: Roaring Moon|brn\n|move|p1a: Roaring Moon|Knock Off|p2a: Arcanine\n|-damage|p2a: Arcanine|0 fnt\n|faint|p2a: Arcanine\n|\n|-damage|p1a: Roaring Moon|95\/100 brn|[from] brn\n|upkeep\n|\n|t:|1699707386\n|switch|p2b: Misdreavus|Misdreavus, L50, M|100\/100\n|switch|p2a: Gothitelle|Gothitelle, L50, F|64\/100\n|turn|6\n|\n|t:|1699707469\n|move|p2b: Misdreavus|Protect|p2b: Misdreavus\n|-singleturn|p2b: Misdreavus|Protect\n|move|p2a: Gothitelle|Psychic|p1b: Rotom\n|-damage|p1b: Rotom|0 fnt\n|faint|p1b: Rotom\n|move|p1a: Roaring Moon|Knock Off|p2a: Gothitelle\n|-supereffective|p2a: Gothitelle\n|-damage|p2a: Gothitelle|32\/100\n|-enditem|p2a: Gothitelle|Sitrus Berry|[from] move: Knock Off|[of] p1a: Roaring Moon\n|\n|-damage|p1a: Roaring Moon|89\/100 brn|[from] brn\n|-fieldend|move: Trick Room\n|upkeep\n|\n|t:|1699707478\n|switch|p1b: Landorus|Landorus, L50, M|94\/100\n|turn|7\n|\n|t:|1699707526\n|move|p2a: Gothitelle|Protect|p2a: Gothitelle\n|-singleturn|p2a: Gothitelle|Protect\n|move|p1a: Roaring Moon|Knock Off|p2b: Misdreavus\n|-supereffective|p2b: Misdreavus\n|-damage|p2b: Misdreavus|72\/100\n|-enditem|p2b: Misdreavus|Eviolite|[from] move: Knock Off|[of] p1a: Roaring Moon\n|move|p1b: Landorus|Sludge Bomb|p2b: Misdreavus\n|-resisted|p2b: Misdreavus\n|-damage|p2b: Misdreavus|48\/100\n|move|p2b: Misdreavus|Perish Song|p2b: Misdreavus\n|-start|p1a: Roaring Moon|perish3|[silent]\n|-start|p1b: Landorus|perish3|[silent]\n|-start|p2a: Gothitelle|perish3|[silent]\n|-start|p2b: Misdreavus|perish3|[silent]\n|-fieldactivate|move: Perish Song\n|\n|-damage|p1a: Roaring Moon|83\/100 brn|[from] brn\n|-start|p1a: Roaring Moon|perish3\n|-start|p1b: Landorus|perish3\n|-start|p2b: Misdreavus|perish3\n|-start|p2a: Gothitelle|perish3\n|upkeep\n|turn|8\n|\n|t:|1699707587\n|move|p2b: Misdreavus|Protect|p2b: Misdreavus\n|-singleturn|p2b: Misdreavus|Protect\n|move|p2a: Gothitelle|Protect||[still]\n|-fail|p2a: Gothitelle\n|move|p1a: Roaring Moon|Knock Off|p2b: Misdreavus\n|-activate|p2b: Misdreavus|move: Protect\n|move|p1b: Landorus|Earth Power|p2a: Gothitelle\n|-damage|p2a: Gothitelle|0 fnt\n|faint|p2a: Gothitelle\n|\n|-damage|p1a: Roaring Moon|77\/100 brn|[from] brn\n|-start|p1a: Roaring Moon|perish2\n|-start|p1b: Landorus|perish2\n|-start|p2b: Misdreavus|perish2\n|upkeep\n|turn|9\n|\n|t:|1699707602\n|move|p2b: Misdreavus|Protect||[still]\n|-fail|p2b: Misdreavus\n|move|p1a: Roaring Moon|Knock Off|p2b: Misdreavus\n|-supereffective|p2b: Misdreavus\n|-damage|p2b: Misdreavus|18\/100\n|move|p1b: Landorus|Sludge Bomb|p2b: Misdreavus\n|-resisted|p2b: Misdreavus\n|-damage|p2b: Misdreavus|0 fnt\n|faint|p2b: Misdreavus\n|\n|win|latiasatoshi\n","uploadtime":1699707615,"views":18,"p1id":"latiasatoshi","p2id":"umr50","formatid":"gen9vgc2023regulatione","rating":0,"private":0,"password":""}