{"id":"gen9vgc2023regulatione-1992748954","p1":"superseriousboi","p2":"wiidoo","format":"[Gen 9] VGC 2023 Regulation E","log":"|j|\u2606superseriousboi\n|j|\u2606wiidoo\n|t:|1700231896\n|gametype|doubles\n|player|p1|superseriousboi|drayden|1359\n|player|p2|wiidoo|101|1423\n|teamsize|p1|6\n|teamsize|p2|6\n|gen|9\n|tier|[Gen 9] VGC 2023 Regulation E\n|rated|\n|rule|Species Clause: Limit one of each Pok\u00e9mon\n|rule|Item Clause: Limit one of each item\n|clearpoke\n|poke|p1|Sinistcha-Masterpiece, L50|\n|poke|p1|Ursaluna-Bloodmoon, L50, M|\n|poke|p1|Iron Hands, L50|\n|poke|p1|Farigiraf, L50, M|\n|poke|p1|Kommo-o, L50, F|\n|poke|p1|Ogerpon-Cornerstone, L50, F|\n|poke|p2|Roaring Moon, L50|\n|poke|p2|Gholdengo, L50|\n|poke|p2|Ogerpon-Wellspring, L50, F|\n|poke|p2|Weezing, L50, M|\n|poke|p2|Landorus-Therian, L50, M|\n|poke|p2|Chien-Pao, L50|\n|teampreview|4\n|inactive|Battle timer is ON: inactive players will automatically lose when time's up. (requested by wiidoo)\n|inactive|superseriousboi has 60 seconds left.\n|inactive|wiidoo has 60 seconds left.\n|\n|t:|1700231948\n|start\n|switch|p1a: Sinistcha|Sinistcha-Masterpiece, L50|100\/100\n|switch|p1b: Kommo-o|Kommo-o, L50, F|100\/100\n|switch|p2a: Weezing|Weezing, L50, M|100\/100\n|switch|p2b: Roaring Moon|Roaring Moon, L50|100\/100\n|-ability|p2a: Weezing|Neutralizing Gas\n|-enditem|p2b: Roaring Moon|Booster Energy\n|-activate|p2b: Roaring Moon|ability: Protosynthesis|[fromitem]\n|-start|p2b: Roaring Moon|protosynthesisspe\n|turn|1\n|inactive|superseriousboi has 30 seconds left.\n|\n|t:|1700231974\n|-terastallize|p2b: Roaring Moon|Flying\n|move|p2b: Roaring Moon|Acrobatics|p1a: Sinistcha\n|-supereffective|p1a: Sinistcha\n|-damage|p1a: Sinistcha|9\/100\n|move|p1b: Kommo-o|Clangorous Soul|p1b: Kommo-o\n|-boost|p1b: Kommo-o|atk|1\n|-boost|p1b: Kommo-o|def|1\n|-boost|p1b: Kommo-o|spa|1\n|-boost|p1b: Kommo-o|spd|1\n|-boost|p1b: Kommo-o|spe|1\n|-damage|p1b: Kommo-o|68\/100\n|move|p2a: Weezing|Taunt|p1b: Kommo-o\n|-start|p1b: Kommo-o|move: Taunt\n|move|p1a: Sinistcha|Trick Room|p1a: Sinistcha\n|-fieldstart|move: Trick Room|[of] p1a: Sinistcha\n|\n|-heal|p1b: Kommo-o|74\/100|[from] item: Leftovers\n|upkeep\n|turn|2\n|inactive|superseriousboi has 30 seconds left.\n|inactive|wiidoo has 30 seconds left.\n|inactive|superseriousboi has 20 seconds left.\n|\n|t:|1700232010\n|switch|p1a: Iron Hands|Iron Hands, L50|100\/100\n|-terastallize|p1b: Kommo-o|Steel\n|move|p2a: Weezing|Protect|p2a: Weezing\n|-singleturn|p2a: Weezing|Protect\n|move|p1b: Kommo-o|Flash Cannon|p2b: Roaring Moon\n|-damage|p2b: Roaring Moon|54\/100\n|move|p2b: Roaring Moon|Acrobatics|p1b: Kommo-o\n|-resisted|p1b: Kommo-o\n|-damage|p1b: Kommo-o|59\/100\n|\n|-heal|p1b: Kommo-o|65\/100|[from] item: Leftovers\n|upkeep\n|turn|3\n|inactive|superseriousboi has 30 seconds left.\n|\n|t:|1700232038\n|move|p2b: Roaring Moon|Protect|p2b: Roaring Moon\n|-singleturn|p2b: Roaring Moon|Protect\n|move|p1a: Iron Hands|Belly Drum|p1a: Iron Hands\n|-damage|p1a: Iron Hands|51\/100\n|-setboost|p1a: Iron Hands|atk|6|[from] move: Belly Drum\n|move|p2a: Weezing|Will-O-Wisp|p1a: Iron Hands|[miss]\n|-miss|p2a: Weezing|p1a: Iron Hands\n|move|p1b: Kommo-o|Flash Cannon|p2a: Weezing\n|-damage|p2a: Weezing|51\/100\n|-unboost|p2a: Weezing|spd|1\n|\n|-heal|p1b: Kommo-o|71\/100|[from] item: Leftovers\n|upkeep\n|turn|4\n|inactive|wiidoo has 30 seconds left.\n|inactive|wiidoo has 20 seconds left.\n|\n|t:|1700232076\n|move|p2a: Weezing|Protect|p2a: Weezing\n|-singleturn|p2a: Weezing|Protect\n|move|p1a: Iron Hands|Thunder Punch|p2b: Roaring Moon\n|-supereffective|p2b: Roaring Moon\n|-damage|p2b: Roaring Moon|0 fnt\n|faint|p2b: Roaring Moon\n|-end|p2b: Roaring Moon|Protosynthesis|[silent]\n|move|p1b: Kommo-o|Flash Cannon|p2a: Weezing\n|-activate|p2a: Weezing|move: Protect\n|\n|-heal|p1b: Kommo-o|77\/100|[from] item: Leftovers\n|-end|p1b: Kommo-o|move: Taunt\n|upkeep\n|\n|t:|1700232088\n|switch|p2b: Landorus|Landorus-Therian, L50, M|100\/100\n|turn|5\n|\n|t:|1700232103\n|-end|p2a: Weezing|ability: Neutralizing Gas\n|-ability|p2b: Landorus|Intimidate|boost\n|-unboost|p1a: Iron Hands|atk|1\n|-unboost|p1b: Kommo-o|atk|1\n|switch|p2a: Ogerpon|Ogerpon-Wellspring, L50, F|100\/100\n|move|p1a: Iron Hands|Drain Punch|p2b: Landorus\n|-resisted|p2b: Landorus\n|-damage|p2b: Landorus|36\/100\n|-heal|p1a: Iron Hands|78\/100|[from] drain|[of] p2b: Landorus\n|move|p2b: Landorus|Stomping Tantrum|p1b: Kommo-o\n|-supereffective|p1b: Kommo-o\n|-damage|p1b: Kommo-o|31\/100\n|move|p1b: Kommo-o|Flash Cannon|p2a: Ogerpon\n|-resisted|p2a: Ogerpon\n|-damage|p2a: Ogerpon|78\/100\n|\n|-heal|p1b: Kommo-o|37\/100|[from] item: Leftovers\n|-fieldend|move: Trick Room\n|upkeep\n|turn|6\n|inactive|superseriousboi has 30 seconds left.\n|inactive|superseriousboi has 20 seconds left.\n|\n|t:|1700232143\n|move|p1b: Kommo-o|Clanging Scales|p2b: Landorus|[spread] p2a,p2b\n|-damage|p2a: Ogerpon|28\/100\n|-damage|p2b: Landorus|0 fnt\n|faint|p2b: Landorus\n|-unboost|p1b: Kommo-o|def|1\n|move|p2a: Ogerpon|Ivy Cudgel|p1a: Iron Hands|[anim] Ivy Cudgel Water\n|-damage|p1a: Iron Hands|44\/100\n|-enditem|p1a: Iron Hands|Sitrus Berry|[eat]\n|-heal|p1a: Iron Hands|69\/100|[from] item: Sitrus Berry\n|move|p1a: Iron Hands|Drain Punch|p2a: Ogerpon\n|-damage|p2a: Ogerpon|0 fnt\n|-heal|p1a: Iron Hands|80\/100|[from] drain|[of] p2a: Ogerpon\n|faint|p2a: Ogerpon\n|\n|-heal|p1b: Kommo-o|43\/100|[from] item: Leftovers\n|upkeep\n|-message|wiidoo forfeited.\n|\n|win|superseriousboi\n|raw|superseriousboi's rating: 1359 &rarr; <strong>1383<\/strong><br \/>(+24 for winning)\n|raw|wiidoo's rating: 1423 &rarr; <strong>1399<\/strong><br \/>(-24 for losing)\n|l|\u2606wiidoo\n","uploadtime":1700232163,"views":24,"p1id":"superseriousboi","p2id":"wiidoo","formatid":"gen9vgc2023regulatione","rating":1383,"private":0,"password":""}