{"id":"gen9vgc2023regulatione-1999207384","p1":"jema2347968","p2":"IDKWHATTODOANYMORE","format":"[Gen 9] VGC 2023 Regulation E","log":"|j|\u2606jema2347968\n|j|\u2606IDKWHATTODOANYMORE\n|t:|1701045469\n|gametype|doubles\n|player|p1|jema2347968|akari|1311\n|player|p2|IDKWHATTODOANYMORE|steven|1315\n|teamsize|p1|6\n|teamsize|p2|6\n|gen|9\n|tier|[Gen 9] VGC 2023 Regulation E\n|rated|\n|rule|Species Clause: Limit one of each Pok\u00e9mon\n|rule|Item Clause: Limit one of each item\n|clearpoke\n|poke|p1|Ursaluna-Bloodmoon, L50, M|\n|poke|p1|Dusclops, L50, F|\n|poke|p1|Ogerpon-Wellspring, L50, F|\n|poke|p1|Iron Hands, L50|\n|poke|p1|Flutter Mane, L50|\n|poke|p1|Chi-Yu, L50|\n|poke|p2|Ninetales-Alola, L50, M|\n|poke|p2|Chien-Pao, L50|\n|poke|p2|Scizor, L50, M|\n|poke|p2|Iron Bundle, L50|\n|poke|p2|Iron Hands, L50|\n|poke|p2|Farigiraf, L50, F|\n|teampreview|4\n|inactive|Battle timer is ON: inactive players will automatically lose when time's up. (requested by IDKWHATTODOANYMORE)\njema2347968 has agreed to open team sheets.\nIDKWHATTODOANYMORE rejected open team sheets.\n|inactive|jema2347968 has 60 seconds left.\n|\n|t:|1701045517\n|start\n|switch|p1a: Ursaluna|Ursaluna-Bloodmoon, L50, M|100\/100\n|switch|p1b: Dusclops|Dusclops, L50, F|100\/100\n|switch|p2a: kurama but white|Ninetales-Alola, L50, M|100\/100\n|switch|p2b: robot bird thing|Iron Bundle, L50|100\/100\n|-weather|Snow|[from] ability: Snow Warning|[of] p2a: kurama but white\n|-ability|p1b: Dusclops|Pressure\n|-enditem|p2b: robot bird thing|Booster Energy\n|-activate|p2b: robot bird thing|ability: Quark Drive|[fromitem]\n|-start|p2b: robot bird thing|quarkdrivespe\n|turn|1\n|\n|t:|1701045531\n|move|p1a: Ursaluna|Protect|p1a: Ursaluna\n|-singleturn|p1a: Ursaluna|Protect\n|move|p2b: robot bird thing|Hydro Pump|p1a: Ursaluna\n|-activate|p1a: Ursaluna|move: Protect\n|move|p2a: kurama but white|Aurora Veil|p2a: kurama but white\n|-sidestart|p2: IDKWHATTODOANYMORE|move: Aurora Veil\n|move|p1b: Dusclops|Trick Room|p1b: Dusclops\n|-fieldstart|move: Trick Room|[of] p1b: Dusclops\n|\n|-weather|Snow|[upkeep]\n|upkeep\n|turn|2\n|\n|t:|1701045545\n|-terastallize|p1a: Ursaluna|Normal\n|move|p1b: Dusclops|Brick Break|p2b: robot bird thing\n|-sideend|p2: IDKWHATTODOANYMORE|move: Aurora Veil\n|-supereffective|p2b: robot bird thing\n|-damage|p2b: robot bird thing|81\/100\n|move|p1a: Ursaluna|Hyper Voice|p2b: robot bird thing|[spread] p2a,p2b\n|-crit|p2a: kurama but white\n|-damage|p2a: kurama but white|0 fnt\n|-damage|p2b: robot bird thing|0 fnt\n|faint|p2a: kurama but white\n|faint|p2b: robot bird thing\n|-end|p2b: robot bird thing|Quark Drive|[silent]\n|\n|-weather|Snow|[upkeep]\n|upkeep\n|\n|t:|1701045553\n|switch|p2a: pawnch|Scizor, L50, M, shiny|100\/100\n|switch|p2b: steven|Farigiraf, L50, F|100\/100\n|turn|3\n|\n|t:|1701045575\n|move|p1b: Dusclops|Brick Break|p1a: Ursaluna\n|-supereffective|p1a: Ursaluna\n|-damage|p1a: Ursaluna|85\/100\n|-enditem|p1a: Ursaluna|Weakness Policy\n|-boost|p1a: Ursaluna|atk|2|[from] item: Weakness Policy\n|-boost|p1a: Ursaluna|spa|2|[from] item: Weakness Policy\n|move|p1a: Ursaluna|Hyper Voice|p2a: pawnch|[spread] p2a,p2b\n|-resisted|p2a: pawnch\n|-damage|p2a: pawnch|34\/100\n|-damage|p2b: steven|22\/100\n|-enditem|p2b: steven|Sitrus Berry|[eat]\n|-heal|p2b: steven|47\/100|[from] item: Sitrus Berry\n|move|p2a: pawnch|Close Combat|p1a: Ursaluna\n|-supereffective|p1a: Ursaluna\n|-crit|p1a: Ursaluna\n|-damage|p1a: Ursaluna|0 fnt\n|-unboost|p2a: pawnch|def|1\n|-unboost|p2a: pawnch|spd|1\n|faint|p1a: Ursaluna\n|-damage|p2a: pawnch|24\/100|[from] item: Life Orb\n|move|p2b: steven|Trick Room|p2b: steven\n|-fieldend|move: Trick Room\n|\n|-weather|Snow|[upkeep]\n|upkeep\n|\n|t:|1701045592\n|switch|p1a: Flutter Mane|Flutter Mane, L50|100\/100\n|turn|4\n|\n|t:|1701045604\n|move|p2a: pawnch|Bullet Punch|p1a: Flutter Mane\n|-supereffective|p1a: Flutter Mane\n|-enditem|p1a: Flutter Mane|Focus Sash\n|-damage|p1a: Flutter Mane|1\/100\n|-damage|p2a: pawnch|15\/100|[from] item: Life Orb\n|move|p1a: Flutter Mane|Dazzling Gleam|p2b: steven|[spread] p2a,p2b\n|-resisted|p2a: pawnch\n|-damage|p2a: pawnch|0 fnt\n|-damage|p2b: steven|25\/100\n|faint|p2a: pawnch\n|move|p2b: steven|Thunder Wave|p1b: Dusclops\n|-status|p1b: Dusclops|par\n|cant|p1b: Dusclops|par\n|\n|-weather|Snow|[upkeep]\n|upkeep\n|turn|5\n|-message|IDKWHATTODOANYMORE forfeited.\n|\n|win|jema2347968\n|raw|jema2347968's rating: 1311 &rarr; <strong>1331<\/strong><br \/>(+20 for winning)\n|raw|IDKWHATTODOANYMORE's rating: 1315 &rarr; <strong>1295<\/strong><br \/>(-20 for losing)\n|l|\u2606IDKWHATTODOANYMORE\n","uploadtime":1701045664,"views":3,"p1id":"jema2347968","p2id":"idkwhattodoanymore","formatid":"gen9vgc2023regulatione","rating":1295,"private":0,"password":""}