{"id":"gen9vgc2023regulatione-1991581233","p1":"Greed_escarlata","p2":"SummerWind29807","format":"[Gen 9] VGC 2023 Regulation E","log":"|j|\u2606Greed_escarlata\n|j|\u2606SummerWind29807\n|t:|1700090678\n|gametype|doubles\n|player|p1|Greed_escarlata|shadowtriad|1104\n|player|p2|SummerWind29807|dragontamer|1040\n|teamsize|p1|6\n|teamsize|p2|6\n|gen|9\n|tier|[Gen 9] VGC 2023 Regulation E\n|rated|\n|rule|Species Clause: Limit one of each Pok\u00e9mon\n|rule|Item Clause: Limit one of each item\n|clearpoke\n|poke|p1|Dudunsparce-*, L50, M|\n|poke|p1|Flutter Mane, L50|\n|poke|p1|Zoroark-Hisui, L50, M|\n|poke|p1|Ogerpon-Hearthflame, L50, F|\n|poke|p1|Goodra-Hisui, L50, F|\n|poke|p1|Urshifu-*, L50, M|\n|poke|p2|Ceruledge, L50, F|\n|poke|p2|Zoroark-Hisui, L50, M|\n|poke|p2|Iron Valiant, L50|\n|poke|p2|Sinistcha, L50|\n|poke|p2|Kingambit, L50, F|\n|poke|p2|Tornadus, L50, M|\n|teampreview|4\n|\n|t:|1700090712\n|start\n|switch|p1a: Dudunsparce|Dudunsparce-Three-Segment, L50, M|100\/100\n|switch|p1b: Flutter Mane|Flutter Mane, L50|100\/100\n|switch|p2a: Ceruledge|Ceruledge, L50, F|100\/100\n|switch|p2b: Iron Valiant|Iron Valiant, L50|100\/100\n|turn|1\n|\n|t:|1700090741\n|-terastallize|p2a: Ceruledge|Fairy\n|move|p1b: Flutter Mane|Icy Wind|p2b: Iron Valiant|[spread] p2a\n|-miss|p1b: Flutter Mane|p2b: Iron Valiant\n|-damage|p2a: Ceruledge|74\/100\n|move|p2b: Iron Valiant|Will-O-Wisp|p2a: Ceruledge\n|-start|p2a: Ceruledge|ability: Flash Fire\n|move|p2a: Ceruledge|Phantom Force||[still]\n|-prepare|p2a: Ceruledge|Phantom Force\n|move|p1a: Dudunsparce|Rock Slide|p2a: Ceruledge|[spread] p2b\n|-miss|p1a: Dudunsparce|p2a: Ceruledge\n|-damage|p2b: Iron Valiant|77\/100\n|replace|p2b: Zoroark|Zoroark-Hisui, L50, M\n|-end|p2b: Zoroark|Illusion\n|\n|upkeep\n|turn|2\n|\n|t:|1700090761\n|-end|p1b: Flutter Mane|Protosynthesis|[silent]\n|switch|p1b: Urshifu|Urshifu, L50, M|100\/100\n|move|p2b: Zoroark|Protect|p2b: Zoroark\n|-singleturn|p2b: Zoroark|Protect\n|move|p2a: Ceruledge|Phantom Force|p1b: Urshifu|[from]lockedmove\n|-immune|p1b: Urshifu\n|move|p1a: Dudunsparce|Tailwind|p1a: Dudunsparce\n|-sidestart|p1: Greed_escarlata|move: Tailwind\n|\n|upkeep\n|turn|3\n|\n|t:|1700090794\n|switch|p2b: Iron Valiant|Iron Valiant, L50|100\/100\n|-enditem|p2b: Iron Valiant|Booster Energy\n|-activate|p2b: Iron Valiant|ability: Quark Drive|[fromitem]\n|-start|p2b: Iron Valiant|quarkdrivespe\n|move|p1b: Urshifu|Nasty Plot|p1b: Urshifu\n|-boost|p1b: Urshifu|spa|2\n|move|p1a: Dudunsparce|Rock Slide|p2b: Iron Valiant|[spread] p2a,p2b\n|-resisted|p2b: Iron Valiant\n|-damage|p2a: Ceruledge|55\/100\n|-damage|p2b: Iron Valiant|92\/100\n|move|p2a: Ceruledge|Bitter Blade|p1b: Urshifu\n|-enditem|p1b: Urshifu|Focus Sash\n|-damage|p1b: Urshifu|1\/100\n|-heal|p2a: Ceruledge|100\/100|[from] drain|[of] p1b: Urshifu\n|replace|p1b: Zoroark|Zoroark-Hisui, L50, M\n|-end|p1b: Zoroark|Illusion\n|\n|upkeep\n|turn|4\n|\n|t:|1700090836\n|-terastallize|p1b: Zoroark|Normal\n|move|p1a: Dudunsparce|Helping Hand|p1b: Zoroark\n|-singleturn|p1b: Zoroark|Helping Hand|[of] p1a: Dudunsparce\n|move|p1b: Zoroark|Hyper Voice|p2a: Ceruledge|[spread] p2a,p2b\n|-damage|p2a: Ceruledge|0 fnt\n|-damage|p2b: Iron Valiant|0 fnt\n|faint|p2a: Ceruledge\n|faint|p2b: Iron Valiant\n|-end|p2b: Iron Valiant|Quark Drive|[silent]\n|\n|upkeep\n|\n|t:|1700090847\n|switch|p2b: Tornadus|Tornadus, L50, M|100\/100\n|switch|p2a: Tornadus|Tornadus, L50, M|77\/100\n|turn|5\n|\n|t:|1700090866\n|move|p2b: Tornadus|Tailwind|p2b: Tornadus\n|-sidestart|p2: SummerWind29807|move: Tailwind\n|move|p2a: Tornadus|Icy Wind|p1b: Zoroark|[spread] p1a,p1b\n|-damage|p1a: Dudunsparce|90\/100\n|-damage|p1b: Zoroark|0 fnt\n|-unboost|p1a: Dudunsparce|spe|1\n|faint|p1b: Zoroark\n|move|p1a: Dudunsparce|Rock Slide|p2a: Tornadus|[spread] p2a,p2b\n|-supereffective|p2b: Tornadus\n|-damage|p2a: Tornadus|57\/100\n|-damage|p2b: Tornadus|56\/100\n|replace|p2a: Zoroark|Zoroark-Hisui, L50, M\n|-end|p2a: Zoroark|Illusion\n|\n|-sideend|p1: Greed_escarlata|move: Tailwind\n|upkeep\n|\n|t:|1700090881\n|switch|p1b: Urshifu|Urshifu, L50, M|100\/100\n|turn|6\n|\n|t:|1700090894\n|move|p1b: Urshifu|Protect|p1b: Urshifu\n|-singleturn|p1b: Urshifu|Protect\n|move|p2b: Tornadus|Bleakwind Storm|p1a: Dudunsparce|[spread] p1a\n|-activate|p1b: Urshifu|move: Protect\n|-damage|p1a: Dudunsparce|58\/100\n|-unboost|p1a: Dudunsparce|spe|1\n|move|p2a: Zoroark|Will-O-Wisp|p1b: Urshifu\n|-activate|p1b: Urshifu|move: Protect\n|move|p1a: Dudunsparce|Body Slam|p2b: Tornadus\n|-damage|p2b: Tornadus|11\/100\n|-status|p2b: Tornadus|par\n|\n|upkeep\n|turn|7\n|\n|t:|1700090932\n|move|p1b: Urshifu|Sucker Punch|p2b: Tornadus\n|-damage|p2b: Tornadus|0 fnt\n|faint|p2b: Tornadus\n|-damage|p1b: Urshifu|91\/100|[from] item: Life Orb\n|move|p2a: Zoroark|Icy Wind|p1a: Dudunsparce|[spread] p1a,p1b\n|-damage|p1a: Dudunsparce|48\/100\n|-damage|p1b: Urshifu|72\/100\n|-unboost|p1a: Dudunsparce|spe|1\n|-unboost|p1b: Urshifu|spe|1\n|move|p1a: Dudunsparce|Tailwind|p1a: Dudunsparce\n|-sidestart|p1: Greed_escarlata|move: Tailwind\n|\n|upkeep\n|turn|8\n|\n|t:|1700090948\n|move|p1a: Dudunsparce|Helping Hand|p1b: Urshifu\n|-singleturn|p1b: Urshifu|Helping Hand|[of] p1a: Dudunsparce\n|move|p1b: Urshifu|Sucker Punch|p2a: Zoroark\n|-supereffective|p2a: Zoroark\n|-damage|p2a: Zoroark|0 fnt\n|faint|p2a: Zoroark\n|-damage|p1b: Urshifu|63\/100|[from] item: Life Orb\n|\n|win|Greed_escarlata\n|raw|Greed_escarlata's rating: 1104 &rarr; <strong>1124<\/strong><br \/>(+20 for winning)\n|raw|SummerWind29807's rating: 1040 &rarr; <strong>1027<\/strong><br \/>(-13 for losing)\n|c|\u2606SummerWind29807|gg\n|l|\u2606SummerWind29807\n|c|\u2606Greed_escarlata|gg\n","uploadtime":1700090963,"views":17,"p1id":"greedescarlata","p2id":"summerwind29807","formatid":"gen9vgc2023regulatione","rating":1027,"private":0,"password":""}