{"id":"gen9vgc2023regulatione-1993776420","p1":"Berrybeans","p2":"LackieLackey","format":"[Gen 9] VGC 2023 Regulation E","log":"|j|\u2606Berrybeans\n|j|\u2606LackieLackey\n|n|\u2606Berrybeans|berrybeans\n|n|\u2606LackieLackey|lackielackey\n|html|View the match progress at <a href=\"\/game-bestof3-gen9vgc2023regulatione-1993776419\">game-bestof3-gen9vgc2023regulatione-1993776419<\/a>\n|t:|1700355914\n|gametype|doubles\n|player|p1|Berrybeans|benga|\n|player|p2|LackieLackey|102|\n|teamsize|p1|6\n|teamsize|p2|6\n|gen|9\n|tier|[Gen 9] VGC 2023 Regulation E\n|rule|Species Clause: Limit one of each Pok\u00e9mon\n|rule|Item Clause: Limit one of each item\n|clearpoke\n|poke|p1|Tauros-Paldea-Aqua, L50, M|\n|poke|p1|Cryogonal, L50|\n|poke|p1|Rotom-Heat, L50|\n|poke|p1|Sinistcha, L50|\n|poke|p1|Morgrem, L50, M|\n|poke|p1|Kommo-o, L50, M|\n|poke|p2|Ninetales, L50, M|\n|poke|p2|Victreebel, L50, M|\n|poke|p2|Thundurus-Therian, L50, M|\n|poke|p2|Houndstone, L50, M|\n|poke|p2|Murkrow, L50, F|\n|poke|p2|Heatran, L50, F|\n|teampreview|4\n|l|\u2606LackieLackey\n|player|p2|\n|c|\u2606Berrybeans|glhf\n|j| Stryke Out\n|j| ryanogiggs11\n|j| kodiedunn\n|j|\u2606LackieLackey\n|player|p2|LackieLackey|102\n|j| LiluziHit\n|\n|t:|1700356041\n|start\n|switch|p1a: EZ bake|Rotom-Heat, L50|100\/100\n|switch|p1b: Just Dance|Kommo-o, L50, M|100\/100\n|switch|p2a: Ninetales|Ninetales, L50, M|100\/100\n|switch|p2b: Victreebel|Victreebel, L50, M|100\/100\n|-weather|SunnyDay|[from] ability: Drought|[of] p2a: Ninetales\n|turn|1\n|\n|t:|1700356057\n|-terastallize|p2a: Ninetales|Fairy\n|move|p1b: Just Dance|Protect|p1b: Just Dance\n|-singleturn|p1b: Just Dance|Protect\n|move|p2b: Victreebel|Sleep Powder|p1a: EZ bake|[miss]\n|-miss|p2b: Victreebel|p1a: EZ bake\n|move|p2a: Ninetales|Tera Blast|p1b: Just Dance|[anim] Tera Blast Fairy\n|-activate|p1b: Just Dance|move: Protect\n|move|p1a: EZ bake|Overheat|p2b: Victreebel\n|-supereffective|p2b: Victreebel\n|-damage|p2b: Victreebel|0 fnt\n|-unboost|p1a: EZ bake|spa|2\n|faint|p2b: Victreebel\n|\n|-weather|SunnyDay|[upkeep]\n|upkeep\n|\n|t:|1700356071\n|switch|p2b: Thundurus|Thundurus-Therian, L50, M|100\/100\n|turn|2\n|c|\u2606LackieLackey|Love that\n|c|\u2606LackieLackey|lmao\n|\n|t:|1700356093\n|switch|p1b: Fancy a cuppa|Sinistcha, L50|100\/100\n|move|p2a: Ninetales|Tera Blast|p1b: Fancy a cuppa|[anim] Tera Blast Fairy\n|-damage|p1b: Fancy a cuppa|73\/100\n|move|p2b: Thundurus|Wildbolt Storm|p1a: EZ bake|[spread] p1a\n|-miss|p2b: Thundurus|p1b: Fancy a cuppa\n|-resisted|p1a: EZ bake\n|-damage|p1a: EZ bake|77\/100\n|move|p1a: EZ bake|Overheat|p2b: Thundurus\n|-damage|p2b: Thundurus|4\/100\n|-unboost|p1a: EZ bake|spa|2\n|\n|-weather|SunnyDay|[upkeep]\n|upkeep\n|turn|3\n|\n|t:|1700356109\n|switch|p1a: Tuxmux|Morgrem, L50, M|100\/100\n|move|p2a: Ninetales|Tera Blast|p1a: Tuxmux|[anim] Tera Blast Fairy\n|-supereffective|p1a: Tuxmux\n|-damage|p1a: Tuxmux|55\/100\n|move|p2b: Thundurus|Weather Ball|p1b: Fancy a cuppa\n|-supereffective|p1b: Fancy a cuppa\n|-damage|p1b: Fancy a cuppa|0 fnt\n|faint|p1b: Fancy a cuppa\n|\n|-weather|SunnyDay|[upkeep]\n|upkeep\n|\n|t:|1700356120\n|switch|p1b: EZ bake|Rotom-Heat, L50|77\/100\n|turn|4\n|\n|t:|1700356133\n|move|p1a: Tuxmux|Fake Out|p2b: Thundurus\n|-damage|p2b: Thundurus|0 fnt\n|faint|p2b: Thundurus\n|move|p2a: Ninetales|Tera Blast|p1a: Tuxmux|[anim] Tera Blast Fairy\n|-supereffective|p1a: Tuxmux\n|-damage|p1a: Tuxmux|5\/100\n|move|p1b: EZ bake|Thunderbolt|p2a: Ninetales\n|-damage|p2a: Ninetales|13\/100\n|-status|p2a: Ninetales|par\n|\n|-weather|SunnyDay|[upkeep]\n|upkeep\n|\n|t:|1700356136\n|switch|p2b: Heatran|Heatran, L50, F|100\/100\n|turn|5\n|\n|t:|1700356151\n|move|p1a: Tuxmux|Fake Tears|p2b: Heatran\n|-unboost|p2b: Heatran|spd|2\n|cant|p2a: Ninetales|par\n|move|p1b: EZ bake|Thunderbolt|p2b: Heatran\n|-damage|p2b: Heatran|0 fnt\n|faint|p2b: Heatran\n|\n|-weather|none\n|upkeep\n|turn|6\n|\n|t:|1700356166\n|move|p1a: Tuxmux|Fake Tears|p2a: Ninetales\n|-unboost|p2a: Ninetales|spd|2\n|move|p2a: Ninetales|Tera Blast|p1a: Tuxmux|[anim] Tera Blast Fairy\n|-supereffective|p1a: Tuxmux\n|-damage|p1a: Tuxmux|0 fnt\n|faint|p1a: Tuxmux\n|move|p1b: EZ bake|Thunderbolt|p2a: Ninetales\n|-damage|p2a: Ninetales|0 fnt\n|faint|p2a: Ninetales\n|\n|win|Berrybeans\n|inactive|Berrybeans has 50 seconds to confirm battle start!\n|inactive|LackieLackey has 50 seconds to confirm battle start!\n|c|\u2606LackieLackey|Gg\n|l| LiluziHit\n|c|&|\/uhtml prompt-lackielackey,LackieLackey is ready for game 2!\n|c|\u2606Berrybeans|gg\n|j| LiluziHit\n|c|&|\/uhtml prompt-berrybeans,Berrybeans is ready for game 2!\nBoth players are ready! Starting next match!\n|l| LiluziHit\n|l| Stryke Out\n|l|\u2606LackieLackey\n","uploadtime":1700356868,"views":32,"p1id":"berrybeans","p2id":"lackielackey","formatid":"gen9vgc2023regulatione","rating":0,"private":0,"password":""}