{"id":"gen9vgc2023regulatione-1990733027","p1":"diegodm2694","p2":"MCsquidzy","format":"[Gen 9] VGC 2023 Regulation E","log":"|j|\u2606diegodm2694\n|j|\u2606MCsquidzy\n|t:|1699995762\n|gametype|doubles\n|player|p1|diegodm2694|170|1412\n|player|p2|MCsquidzy|wattson|1388\n|teamsize|p1|6\n|teamsize|p2|6\n|gen|9\n|tier|[Gen 9] VGC 2023 Regulation E\n|rated|\n|rule|Species Clause: Limit one of each Pok\u00e9mon\n|rule|Item Clause: Limit one of each item\n|clearpoke\n|poke|p1|Clefairy, L50, M|\n|poke|p1|Roaring Moon, L50|\n|poke|p1|Flutter Mane, L50|\n|poke|p1|Heatran, L50, F|\n|poke|p1|Ogerpon-Hearthflame, L50, F|\n|poke|p1|Urshifu-*, L50, M|\n|poke|p2|Milotic, L50, M|\n|poke|p2|Arcanine-Hisui, L50, M|\n|poke|p2|Flutter Mane, L50|\n|poke|p2|Iron Hands, L50|\n|poke|p2|Farigiraf, L50, F|\n|poke|p2|Rillaboom, L50, M|\n|teampreview|4\n|j| timmpah\n|\n|t:|1699995815\n|start\n|switch|p1a: Roaring Moon|Roaring Moon, L50|100\/100\n|switch|p1b: Urshifu|Urshifu-Rapid-Strike, L50, M|100\/100\n|switch|p2a: Farigiraf|Farigiraf, L50, F|100\/100\n|switch|p2b: Iron Hands|Iron Hands, L50, shiny|100\/100\n|-enditem|p1a: Roaring Moon|Booster Energy\n|-activate|p1a: Roaring Moon|ability: Protosynthesis|[fromitem]\n|-start|p1a: Roaring Moon|protosynthesisspe\n|turn|1\n|inactive|Battle timer is ON: inactive players will automatically lose when time's up. (requested by diegodm2694)\n|\n|t:|1699995827\n|switch|p1b: Clefairy|Clefairy, L50, M|100\/100\n|move|p1a: Roaring Moon|Protect|p1a: Roaring Moon\n|-singleturn|p1a: Roaring Moon|Protect\n|move|p2b: Iron Hands|Fake Out|p1a: Roaring Moon\n|-activate|p1a: Roaring Moon|move: Protect\n|move|p2a: Farigiraf|Trick Room|p2a: Farigiraf\n|-fieldstart|move: Trick Room|[of] p2a: Farigiraf\n|\n|upkeep\n|turn|2\n|\n|t:|1699995849\n|move|p1b: Clefairy|Encore|p2b: Iron Hands\n|-start|p2b: Iron Hands|Encore\n|move|p2b: Iron Hands|Fake Out||[still]\n|-hint|Fake Out only works on your first turn out.\n|-fail|p2b: Iron Hands\n|move|p2a: Farigiraf|Dazzling Gleam|p1a: Roaring Moon|[spread] p1a,p1b\n|-supereffective|p1a: Roaring Moon\n|-damage|p1a: Roaring Moon|53\/100\n|-damage|p1b: Clefairy|86\/100\n|move|p1a: Roaring Moon|Knock Off|p2a: Farigiraf\n|-supereffective|p2a: Farigiraf\n|-damage|p2a: Farigiraf|4\/100\n|-enditem|p2a: Farigiraf|Sitrus Berry|[from] move: Knock Off|[of] p1a: Roaring Moon\n|\n|upkeep\n|turn|3\n|inactive|diegodm2694 has 30 seconds left.\n|inactive|MCsquidzy has 30 seconds left.\n|inactive|diegodm2694 has 20 seconds left.\n|\n|t:|1699995887\n|-end|p2b: Iron Hands|Quark Drive|[silent]\n|switch|p2b: Milotic|Milotic, L50, M|100\/100\n|switch|p2a: Arcanine|Arcanine-Hisui, L50, M|100\/100\n|-ability|p2a: Arcanine|Intimidate|boost\n|-unboost|p1a: Roaring Moon|atk|1\n|-unboost|p1b: Clefairy|atk|1\n|move|p1b: Clefairy|Follow Me|p1b: Clefairy\n|-singleturn|p1b: Clefairy|move: Follow Me\n|move|p1a: Roaring Moon|Acrobatics|p2a: Arcanine\n|-resisted|p2a: Arcanine\n|-damage|p2a: Arcanine|87\/100\n|\n|upkeep\n|turn|4\n|\n|t:|1699995910\n|move|p1b: Clefairy|Protect|p1b: Clefairy\n|-singleturn|p1b: Clefairy|Protect\n|move|p2b: Milotic|Ice Beam|p1a: Roaring Moon\n|-supereffective|p1a: Roaring Moon\n|-damage|p1a: Roaring Moon|12\/100\n|move|p2a: Arcanine|Rock Slide|p1a: Roaring Moon|[spread] \n|-activate|p1b: Clefairy|move: Protect\n|-miss|p2a: Arcanine|p1a: Roaring Moon\n|move|p1a: Roaring Moon|Knock Off|p2a: Arcanine\n|-damage|p2a: Arcanine|46\/100\n|-enditem|p2a: Arcanine|Safety Goggles|[from] move: Knock Off|[of] p1a: Roaring Moon\n|\n|upkeep\n|turn|5\n|inactive|diegodm2694 has 30 seconds left.\n|\n|t:|1699995936\n|move|p2a: Arcanine|Extreme Speed|p1a: Roaring Moon\n|-damage|p1a: Roaring Moon|0 fnt\n|faint|p1a: Roaring Moon\n|-end|p1a: Roaring Moon|Protosynthesis|[silent]\n|move|p1b: Clefairy|Encore|p2b: Milotic\n|-start|p2b: Milotic|Encore\n|move|p2b: Milotic|Ice Beam|p1b: Clefairy\n|-damage|p1b: Clefairy|62\/100\n|\n|-fieldend|move: Trick Room\n|upkeep\n|\n|t:|1699995946\n|switch|p1a: Urshifu|Urshifu-Rapid-Strike, L50, M|100\/100\n|turn|6\n|\n|t:|1699995970\n|switch|p1b: Ogerpon|Ogerpon-Hearthflame, L50, F|100\/100\n|-ability|p1b: Ogerpon|Mold Breaker\n|move|p2a: Arcanine|Extreme Speed|p1b: Ogerpon\n|-damage|p1b: Ogerpon|62\/100\n|move|p1a: Urshifu|Surging Strikes|p2a: Arcanine\n|-supereffective|p2a: Arcanine\n|-crit|p2a: Arcanine\n|-damage|p2a: Arcanine|0 fnt\n|faint|p2a: Arcanine\n|-hitcount|p2: Arcanine|1\n|move|p2b: Milotic|Ice Beam|p1b: Ogerpon\n|-damage|p1b: Ogerpon|30\/100\n|\n|upkeep\n|\n|t:|1699995985\n|switch|p2a: Iron Hands|Iron Hands, L50, shiny|100\/100\n|turn|7\n|\n|t:|1699995992\n|switch|p1a: Clefairy|Clefairy, L50, M|62\/100\n|-terastallize|p2b: Milotic|Dragon\n|move|p1b: Ogerpon|Spiky Shield|p1b: Ogerpon\n|-singleturn|p1b: Ogerpon|move: Protect\n|move|p2a: Iron Hands|Fake Out|p1a: Clefairy\n|-damage|p1a: Clefairy|49\/100\n|move|p2b: Milotic|Ice Beam|p1b: Ogerpon\n|-activate|p1b: Ogerpon|move: Protect\n|\n|-end|p2b: Milotic|Encore\n|upkeep\n|turn|8\n|\n|t:|1699996007\n|move|p1a: Clefairy|Follow Me|p1a: Clefairy\n|-singleturn|p1a: Clefairy|move: Follow Me\n|move|p1b: Ogerpon|Swords Dance|p1b: Ogerpon\n|-boost|p1b: Ogerpon|atk|2\n|move|p2b: Milotic|Scald|p1a: Clefairy\n|-damage|p1a: Clefairy|13\/100\n|move|p2a: Iron Hands|Heavy Slam|p1a: Clefairy\n|-supereffective|p1a: Clefairy\n|-damage|p1a: Clefairy|0 fnt\n|faint|p1a: Clefairy\n|\n|upkeep\n|\n|t:|1699996018\n|switch|p1a: Urshifu|Urshifu-Rapid-Strike, L50, M|100\/100\n|turn|9\n|inactive|diegodm2694 has 30 seconds left.\n|inactive|MCsquidzy has 30 seconds left.\n|\n|t:|1699996049\n|switch|p2b: Farigiraf|Farigiraf, L50, F|4\/100\n|-terastallize|p1b: Ogerpon|Fire\n|detailschange|p1b: Ogerpon|Ogerpon-Hearthflame-Tera, L50, F, tera:Fire\n|-ability|p1b: Ogerpon|Embody Aspect (Hearthflame)|boost\n|-boost|p1b: Ogerpon|atk|1\n|move|p1b: Ogerpon|Ivy Cudgel|p2a: Iron Hands|[anim] Ivy Cudgel Fire\n|-damage|p2a: Iron Hands|0 fnt\n|faint|p2a: Iron Hands\n|-end|p2a: Iron Hands|Quark Drive|[silent]\n|move|p1a: Urshifu|Close Combat|p2b: Farigiraf\n|-damage|p2b: Farigiraf|0 fnt\n|-unboost|p1a: Urshifu|def|1\n|-unboost|p1a: Urshifu|spd|1\n|faint|p2b: Farigiraf\n|\n|upkeep\n|\n|t:|1699996060\n|switch|p2a: Milotic|Milotic, L50, M, tera:Dragon|100\/100\n|turn|10\n|\n|t:|1699996067\n|move|p1b: Ogerpon|Ivy Cudgel|p2a: Milotic|[anim] Ivy Cudgel Fire\n|-resisted|p2a: Milotic\n|-damage|p2a: Milotic|1\/100\n|move|p1a: Urshifu|Close Combat|p2a: Milotic\n|-damage|p2a: Milotic|0 fnt\n|-unboost|p1a: Urshifu|def|1\n|-unboost|p1a: Urshifu|spd|1\n|faint|p2a: Milotic\n|\n|win|diegodm2694\n|raw|diegodm2694's rating: 1412 &rarr; <strong>1431<\/strong><br \/>(+19 for winning)\n|raw|MCsquidzy's rating: 1388 &rarr; <strong>1369<\/strong><br \/>(-19 for losing)\n|l|\u2606MCsquidzy\n","uploadtime":1699996079,"views":8,"p1id":"diegodm2694","p2id":"mcsquidzy","formatid":"gen9vgc2023regulatione","rating":1369,"private":0,"password":""}