{"id":"gen9vgc2023regulatione-1997441446","p1":"giuev0","p2":"FinalL0Y","format":"[Gen 9] VGC 2023 Regulation E","log":"|j|\u2606giuev0\n|j|\u203dFinalL0Y\n|t:|1700805761\n|gametype|doubles\n|player|p1|giuev0|marley|1218\n|player|p2|FinalL0Y|265|1156\n|teamsize|p1|6\n|teamsize|p2|6\n|gen|9\n|tier|[Gen 9] VGC 2023 Regulation E\n|rated|\n|rule|Species Clause: Limit one of each Pok\u00e9mon\n|rule|Item Clause: Limit one of each item\n|clearpoke\n|poke|p1|Tornadus, L50, M|\n|poke|p1|Flutter Mane, L50|\n|poke|p1|Rillaboom, L50, F|\n|poke|p1|Arcanine-Hisui, L50, F|\n|poke|p1|Gholdengo, L50|\n|poke|p1|Urshifu-*, L50, F|\n|poke|p2|Clodsire, L50, M|\n|poke|p2|Landorus-Therian, L50, M|\n|poke|p2|Ogerpon-Wellspring, L50, F|\n|poke|p2|Basculegion, L50, M|\n|poke|p2|Rillaboom, L50, M|\n|poke|p2|Tornadus, L50, M|\n|teampreview|4\n|\n|t:|1700805790\n|start\n|switch|p1a: Tornadus|Tornadus, L50, M|100\/100\n|switch|p1b: Flutter Mane|Flutter Mane, L50|100\/100\n|switch|p2a: Tornadus|Tornadus, L50, M|100\/100\n|switch|p2b: Rillaboom|Rillaboom, L50, M|100\/100\n|-fieldstart|move: Grassy Terrain|[from] ability: Grassy Surge|[of] p2b: Rillaboom\n|-enditem|p1b: Flutter Mane|Booster Energy\n|-activate|p1b: Flutter Mane|ability: Protosynthesis|[fromitem]\n|-start|p1b: Flutter Mane|protosynthesisspa\n|turn|1\n|\n|t:|1700805838\n|switch|p2b: Clodsire|Clodsire, L50, M|100\/100\n|-terastallize|p1b: Flutter Mane|Fairy\n|move|p2a: Tornadus|Rain Dance|p2a: Tornadus\n|-weather|RainDance\n|move|p1a: Tornadus|Taunt|p2a: Tornadus\n|-start|p2a: Tornadus|move: Taunt\n|move|p1b: Flutter Mane|Moonblast|p2a: Tornadus\n|-damage|p2a: Tornadus|4\/100\n|\n|-weather|RainDance|[upkeep]\n|upkeep\n|turn|2\n|\n|t:|1700805865\n|switch|p2a: Rillaboom|Rillaboom, L50, M|100\/100\n|move|p1a: Tornadus|Tailwind|p1a: Tornadus\n|-sidestart|p1: giuev0|move: Tailwind\n|move|p1b: Flutter Mane|Dazzling Gleam|p2b: Clodsire|[spread] p2a,p2b\n|-resisted|p2b: Clodsire\n|-damage|p2a: Rillaboom|62\/100\n|-damage|p2b: Clodsire|84\/100\n|move|p2b: Clodsire|Poison Jab|p1a: Tornadus\n|-damage|p1a: Tornadus|74\/100\n|\n|-weather|RainDance|[upkeep]\n|-heal|p2a: Rillaboom|67\/100|[from] Grassy Terrain\n|-heal|p2b: Clodsire|90\/100|[from] Grassy Terrain\n|-heal|p2b: Clodsire|95\/100|[from] item: Leftovers\n|upkeep\n|turn|3\n|\n|t:|1700805906\n|-end|p1b: Flutter Mane|Protosynthesis|[silent]\n|switch|p1b: Urshifu|Urshifu-Rapid-Strike, L50, F|100\/100\n|switch|p1a: Rillaboom|Rillaboom, L50, F|100\/100\n|move|p2a: Rillaboom|Fake Out|p1a: Rillaboom\n|-damage|p1a: Rillaboom|86\/100\n|move|p2b: Clodsire|Poison Jab|p1b: Urshifu\n|-damage|p1b: Urshifu|77\/100\n|\n|-weather|RainDance|[upkeep]\n|-heal|p1b: Urshifu|83\/100|[from] Grassy Terrain\n|-heal|p1a: Rillaboom|92\/100|[from] Grassy Terrain\n|-heal|p2a: Rillaboom|73\/100|[from] Grassy Terrain\n|-heal|p2b: Clodsire|100\/100|[from] Grassy Terrain\n|upkeep\n|turn|4\n|\n|t:|1700805925\n|switch|p2a: Tornadus|Tornadus, L50, M|4\/100\n|move|p1a: Rillaboom|Fake Out|p2a: Tornadus\n|-damage|p2a: Tornadus|0 fnt\n|faint|p2a: Tornadus\n|move|p1b: Urshifu|Surging Strikes|p2b: Clodsire\n|-immune|p2b: Clodsire|[from] ability: Water Absorb\n|move|p2b: Clodsire|Poison Jab|p1a: Rillaboom\n|-supereffective|p1a: Rillaboom\n|-damage|p1a: Rillaboom|47\/100\n|\n|-weather|RainDance|[upkeep]\n|-heal|p1b: Urshifu|89\/100|[from] Grassy Terrain\n|-heal|p1a: Rillaboom|53\/100|[from] Grassy Terrain\n|upkeep\n|\n|t:|1700805932\n|switch|p2a: Basculegion|Basculegion, L50, M|100\/100\n|turn|5\n|inactive|Battle timer is ON: inactive players will automatically lose when time's up. (requested by giuev0)\n|\n|t:|1700805992\n|switch|p1b: Flutter Mane|Flutter Mane, L50, tera:Fairy|100\/100\n|-terastallize|p2a: Basculegion|Water\n|move|p2a: Basculegion|Wave Crash|p1b: Flutter Mane\n|-damage|p1b: Flutter Mane|0 fnt\n|faint|p1b: Flutter Mane\n|-end|p1b: Flutter Mane|Protosynthesis|[silent]\n|-damage|p2a: Basculegion|76\/100|[from] Recoil\n|move|p1a: Rillaboom|Wood Hammer|p2b: Clodsire\n|-damage|p2b: Clodsire|28\/100\n|-damage|p1a: Rillaboom|25\/100|[from] Recoil\n|move|p2b: Clodsire|Poison Jab|p1a: Rillaboom\n|-supereffective|p1a: Rillaboom\n|-damage|p1a: Rillaboom|0 fnt\n|faint|p1a: Rillaboom\n|\n|-weather|RainDance|[upkeep]\n|-heal|p2a: Basculegion|83\/100|[from] Grassy Terrain\n|-heal|p2b: Clodsire|34\/100|[from] Grassy Terrain\n|-heal|p2b: Clodsire|40\/100|[from] item: Leftovers\n|-sideend|p1: giuev0|move: Tailwind\n|-fieldend|move: Grassy Terrain\n|upkeep\n|\n|t:|1700806006\n|switch|p1b: Urshifu|Urshifu-Rapid-Strike, L50, F|89\/100\n|switch|p1a: Tornadus|Tornadus, L50, M|74\/100\n|turn|6\n|\n|t:|1700806017\n|move|p1a: Tornadus|Tailwind|p1a: Tornadus\n|-sidestart|p1: giuev0|move: Tailwind\n|move|p2a: Basculegion|Wave Crash|p2b: Clodsire\n|-heal|p2b: Clodsire|65\/100|[from] ability: Water Absorb|[of] p2a: Basculegion\n|move|p1b: Urshifu|Close Combat|p2a: Basculegion\n|-damage|p2a: Basculegion|0 fnt\n|-unboost|p1b: Urshifu|def|1\n|-unboost|p1b: Urshifu|spd|1\n|faint|p2a: Basculegion\n|move|p2b: Clodsire|Poison Jab|p1a: Tornadus\n|-damage|p1a: Tornadus|45\/100\n|\n|-weather|RainDance|[upkeep]\n|-heal|p2b: Clodsire|71\/100|[from] item: Leftovers\n|upkeep\n|\n|t:|1700806029\n|switch|p2a: Rillaboom|Rillaboom, L50, M|73\/100\n|-fieldstart|move: Grassy Terrain|[from] ability: Grassy Surge|[of] p2a: Rillaboom\n|turn|7\n|\n|t:|1700806041\n|move|p1b: Urshifu|Detect|p1b: Urshifu\n|-singleturn|p1b: Urshifu|Protect\n|move|p2a: Rillaboom|Fake Out|p1a: Tornadus\n|-crit|p1a: Tornadus\n|-damage|p1a: Tornadus|17\/100\n|move|p1a: Tornadus|Bleakwind Storm|p2b: Clodsire|[spread] p2a,p2b\n|-supereffective|p2a: Rillaboom\n|-crit|p2a: Rillaboom\n|-damage|p2a: Rillaboom|0 fnt\n|-damage|p2b: Clodsire|44\/100\n|faint|p2a: Rillaboom\n|move|p2b: Clodsire|Poison Jab|p1a: Tornadus\n|-damage|p1a: Tornadus|0 fnt\n|faint|p1a: Tornadus\n|\n|-weather|RainDance|[upkeep]\n|-heal|p1b: Urshifu|95\/100|[from] Grassy Terrain\n|-heal|p2b: Clodsire|50\/100|[from] Grassy Terrain\n|-heal|p2b: Clodsire|56\/100|[from] item: Leftovers\n|upkeep\n|turn|8\n|\n|t:|1700806058\n|move|p1b: Urshifu|Close Combat|p2b: Clodsire\n|-resisted|p2b: Clodsire\n|-damage|p2b: Clodsire|27\/100\n|-unboost|p1b: Urshifu|def|1\n|-unboost|p1b: Urshifu|spd|1\n|move|p2b: Clodsire|Recover|p2b: Clodsire\n|-heal|p2b: Clodsire|77\/100\n|\n|-weather|none\n|-heal|p1b: Urshifu|100\/100|[from] Grassy Terrain\n|-heal|p2b: Clodsire|83\/100|[from] Grassy Terrain\n|-heal|p2b: Clodsire|89\/100|[from] item: Leftovers\n|upkeep\n|turn|9\n|\n|t:|1700806071\n|move|p1b: Urshifu|Close Combat|p2b: Clodsire\n|-resisted|p2b: Clodsire\n|-damage|p2b: Clodsire|58\/100\n|-unboost|p1b: Urshifu|def|1\n|-unboost|p1b: Urshifu|spd|1\n|move|p2b: Clodsire|Poison Jab|p1b: Urshifu\n|-damage|p1b: Urshifu|46\/100\n|\n|-heal|p1b: Urshifu|52\/100|[from] Grassy Terrain\n|-heal|p2b: Clodsire|64\/100|[from] Grassy Terrain\n|-heal|p2b: Clodsire|70\/100|[from] item: Leftovers\n|-sideend|p1: giuev0|move: Tailwind\n|upkeep\n|turn|10\n|-message|giuev0 forfeited.\n|\n|win|FinalL0Y\n|raw|giuev0's rating: 1218 &rarr; <strong>1189<\/strong><br \/>(-29 for losing)\n|raw|FinalL0Y's rating: 1156 &rarr; <strong>1185<\/strong><br \/>(+29 for winning)\n|l|\u2606giuev0\n","uploadtime":1700806091,"views":4,"p1id":"giuev0","p2id":"finall0y","formatid":"gen9vgc2023regulatione","rating":1185,"private":0,"password":""}