{"id":"gen9vgc2023regulatione-1993166632","p1":"pinapplehead","p2":"onassi2","format":"[Gen 9] VGC 2023 Regulation E","log":"|j|\u2606pinapplehead\n|j|\u2606onassi2\n|t:|1700272888\n|gametype|doubles\n|player|p1|pinapplehead|janitor|\n|player|p2|onassi2|lance|\n|teamsize|p1|6\n|teamsize|p2|6\n|gen|9\n|tier|[Gen 9] VGC 2023 Regulation E\n|rule|Species Clause: Limit one of each Pok\u00e9mon\n|rule|Item Clause: Limit one of each item\n|clearpoke\n|poke|p1|Farigiraf, L50, F|\n|poke|p1|Great Tusk, L50|\n|poke|p1|Scream Tail, L50|\n|poke|p1|Iron Jugulis, L50|\n|poke|p1|Salamence, L50, F|\n|poke|p1|Bisharp, L50, F|\n|poke|p2|Thundurus, L50, M|\n|poke|p2|Enamorus, L50, F|\n|poke|p2|Ting-Lu, L50|\n|poke|p2|Tyranitar, L50, M|\n|poke|p2|Corviknight, L50, F|\n|poke|p2|Gothorita, L50, M|\n|teampreview|4\n|j| smelio\n|j| JNEWMZ\npinapplehead rejected open team sheets.\n|c|\u2606onassi2|glhf big game 3\n|c|\u2606onassi2|couldn't be anyone else :')\n|\n|t:|1700273153\n|start\n|switch|p1a: wanker|Iron Jugulis, L50|100\/100\n|switch|p1b: Palmala handerson|Great Tusk, L50|100\/100\n|switch|p2a: Ting-Pao|Tyranitar, L50, M, shiny|100\/100\n|switch|p2b: Pao-Yu|Corviknight, L50, F, shiny|100\/100\n|-weather|Sandstorm|[from] ability: Sand Stream|[of] p2a: Ting-Pao\n|-enditem|p1a: wanker|Booster Energy\n|-activate|p1a: wanker|ability: Quark Drive|[fromitem]\n|-start|p1a: wanker|quarkdrivespe\n|turn|1\n|\n|t:|1700273262\n|-terastallize|p2a: Ting-Pao|Flying\n|move|p1a: wanker|Hydro Pump|p2b: Pao-Yu\n|-damage|p2b: Pao-Yu|71\/100\n|move|p1b: Palmala handerson|Close Combat|p2b: Pao-Yu\n|-damage|p2b: Pao-Yu|21\/100\n|-unboost|p1b: Palmala handerson|def|1\n|-unboost|p1b: Palmala handerson|spd|1\n|-enditem|p2b: Pao-Yu|Sitrus Berry|[eat]\n|-heal|p2b: Pao-Yu|46\/100|[from] item: Sitrus Berry\n|move|p2a: Ting-Pao|Rock Slide|p1b: Palmala handerson|[spread] p1a,p1b\n|-supereffective|p1a: wanker\n|-resisted|p1b: Palmala handerson\n|-crit|p1b: Palmala handerson\n|-damage|p1a: wanker|25\/100\n|-damage|p1b: Palmala handerson|87\/100\n|move|p2b: Pao-Yu|Tailwind|p2b: Pao-Yu\n|-sidestart|p2: onassi2|move: Tailwind\n|\n|-weather|Sandstorm|[upkeep]\n|-damage|p1a: wanker|19\/100|[from] Sandstorm\n|-damage|p2a: Ting-Pao|95\/100|[from] Sandstorm\n|upkeep\n|turn|2\n|\n|t:|1700273306\n|move|p2b: Pao-Yu|Protect|p2b: Pao-Yu\n|-singleturn|p2b: Pao-Yu|Protect\n|move|p1a: wanker|Tailwind|p1a: wanker\n|-sidestart|p1: pinapplehead|move: Tailwind\n|move|p1b: Palmala handerson|Ice Spinner|p2a: Ting-Pao\n|-supereffective|p2a: Ting-Pao\n|-damage|p2a: Ting-Pao|44\/100\n|move|p2a: Ting-Pao|Tera Blast|p1b: Palmala handerson|[anim] Tera Blast Flying\n|-supereffective|p1b: Palmala handerson\n|-damage|p1b: Palmala handerson|0 fnt\n|faint|p1b: Palmala handerson\n|-end|p1b: Palmala handerson|Protosynthesis|[silent]\n|\n|-weather|Sandstorm|[upkeep]\n|-damage|p1a: wanker|13\/100|[from] Sandstorm\n|-damage|p2a: Ting-Pao|39\/100|[from] Sandstorm\n|upkeep\n|\n|t:|1700273319\n|switch|p1b: Sitonlefthand|Bisharp, L50, F|100\/100\n|turn|3\n|\n|t:|1700273396\n|switch|p2a: Wo-Pao|Thundurus, L50, M, shiny|100\/100\n|switch|p2b: Yu-Chien|Enamorus, L50, F|100\/100\n|move|p1a: wanker|Hydro Pump|p2b: Yu-Chien\n|-damage|p2b: Yu-Chien|43\/100\n|move|p1b: Sitonlefthand|Iron Head|p2a: Wo-Pao\n|-resisted|p2a: Wo-Pao\n|-damage|p2a: Wo-Pao|74\/100\n|\n|-weather|Sandstorm|[upkeep]\n|-damage|p1a: wanker|8\/100|[from] Sandstorm\n|-damage|p2a: Wo-Pao|68\/100|[from] Sandstorm\n|upkeep\n|turn|4\n|\n|t:|1700273431\n|move|p2a: Wo-Pao|Scary Face|p2b: Yu-Chien\n|-boost|p2b: Yu-Chien|spe|2\n|move|p1b: Sitonlefthand|Sucker Punch|p2b: Yu-Chien\n|-resisted|p2b: Yu-Chien\n|-damage|p2b: Yu-Chien|23\/100\n|move|p2b: Yu-Chien|Dazzling Gleam|p1a: wanker|[spread] p1a,p1b\n|-supereffective|p1a: wanker\n|-damage|p1a: wanker|0 fnt\n|-damage|p1b: Sitonlefthand|71\/100\n|faint|p1a: wanker\n|-end|p1a: wanker|Quark Drive|[silent]\n|\n|-weather|Sandstorm|[upkeep]\n|-damage|p2a: Wo-Pao|62\/100|[from] Sandstorm\n|-sideend|p2: onassi2|move: Tailwind\n|upkeep\n|\n|t:|1700273442\n|switch|p1a: Jer Koff|Farigiraf, L50, F|100\/100\n|turn|5\n|\n|t:|1700273467\n|-terastallize|p1b: Sitonlefthand|Flying\n|move|p2a: Wo-Pao|Eerie Impulse|p2b: Yu-Chien\n|-boost|p2b: Yu-Chien|spa|2\n|move|p2b: Yu-Chien|Draining Kiss|p1b: Sitonlefthand\n|-damage|p1b: Sitonlefthand|25\/100\n|-heal|p2b: Yu-Chien|56\/100|[from] drain|[of] p1b: Sitonlefthand\n|move|p1b: Sitonlefthand|Iron Head|p2a: Wo-Pao\n|-resisted|p2a: Wo-Pao\n|-damage|p2a: Wo-Pao|39\/100\n|move|p1a: Jer Koff|Shadow Ball|p2a: Wo-Pao\n|-damage|p2a: Wo-Pao|22\/100\n|\n|-weather|none\n|-sideend|p1: pinapplehead|move: Tailwind\n|upkeep\n|turn|6\n|\n|t:|1700273497\n|move|p2a: Wo-Pao|Eerie Impulse|p2b: Yu-Chien\n|-boost|p2b: Yu-Chien|spa|2\n|move|p1b: Sitonlefthand|Sucker Punch|p2b: Yu-Chien\n|-resisted|p2b: Yu-Chien\n|-damage|p2b: Yu-Chien|32\/100\n|move|p2b: Yu-Chien|Dazzling Gleam|p1a: Jer Koff|[spread] p1a,p1b\n|-damage|p1a: Jer Koff|16\/100\n|-damage|p1b: Sitonlefthand|0 fnt\n|-enditem|p1a: Jer Koff|Sitrus Berry|[eat]\n|-heal|p1a: Jer Koff|41\/100|[from] item: Sitrus Berry\n|faint|p1b: Sitonlefthand\n|move|p1a: Jer Koff|Shadow Ball|p2a: Wo-Pao\n|-damage|p2a: Wo-Pao|4\/100\n|\n|upkeep\n|turn|7\n|\n|t:|1700273511\n|move|p2a: Wo-Pao|Eerie Impulse|p2b: Yu-Chien\n|-boost|p2b: Yu-Chien|spa|2\n|move|p2b: Yu-Chien|Draining Kiss|p1a: Jer Koff\n|-damage|p1a: Jer Koff|0 fnt\n|-heal|p2b: Yu-Chien|77\/100|[from] drain|[of] p1a: Jer Koff\n|faint|p1a: Jer Koff\n|\n|win|onassi2\n|c|\u2606onassi2|gg buddy\n|c|\u2606pinapplehead|gg\n|c|\u2606onassi2|close games\n","uploadtime":1700273524,"views":37,"p1id":"pinapplehead","p2id":"onassi2","formatid":"gen9vgc2023regulatione","rating":0,"private":0,"password":""}