{"id":"gen9vgc2023regulatione-1998726882","p1":"tyl8","p2":"Zakmancho","format":"[Gen 9] VGC 2023 Regulation E","log":"|j|\u2606tyl8\n|j|\u2606Zakmancho\n|t:|1700978687\n|gametype|doubles\n|player|p1|tyl8|dawn|1578\n|player|p2|Zakmancho|102|1506\n|teamsize|p1|6\n|teamsize|p2|6\n|gen|9\n|tier|[Gen 9] VGC 2023 Regulation E\n|rated|\n|rule|Species Clause: Limit one of each Pok\u00e9mon\n|rule|Item Clause: Limit one of each item\n|clearpoke\n|poke|p1|Ninetales-Alola, L50, F|\n|poke|p1|Glastrier, L50|\n|poke|p1|Farigiraf, L50, M|\n|poke|p1|Rillaboom, L50, F|\n|poke|p1|Ting-Lu, L50|\n|poke|p1|Arcanine-Hisui, L50, M|\n|poke|p2|Tyranitar, L50, F|\n|poke|p2|Ogerpon-Wellspring, L50, F|\n|poke|p2|Ursaluna-Bloodmoon, L50, M|\n|poke|p2|Rillaboom, L50, M|\n|poke|p2|Flutter Mane, L50|\n|poke|p2|Iron Hands, L50|\n|teampreview|4\n|inactive|Battle timer is ON: inactive players will automatically lose when time's up. (requested by tyl8)\n|inactive|tyl8 has 60 seconds left.\n|\n|t:|1700978723\n|start\n|switch|p1a: Glastrier|Glastrier, L50|100\/100\n|switch|p1b: Arcanine|Arcanine-Hisui, L50, M|100\/100\n|switch|p2a: Rillaboom|Rillaboom, L50, M|100\/100\n|switch|p2b: Iron Hands|Iron Hands, L50|100\/100\n|-ability|p1b: Arcanine|Intimidate|boost\n|-unboost|p2a: Rillaboom|atk|1\n|-fail|p2b: Iron Hands|unboost|[from] item: Clear Amulet|[of] p2b: Iron Hands\n|-fieldstart|move: Grassy Terrain|[from] ability: Grassy Surge|[of] p2a: Rillaboom\n|turn|1\n|inactive|Zakmancho has 30 seconds left.\n|\n|t:|1700978753\n|-terastallize|p2b: Iron Hands|Fire\n|-terastallize|p1a: Glastrier|Dragon\n|move|p2a: Rillaboom|Fake Out|p1b: Arcanine\n|-resisted|p1b: Arcanine\n|-damage|p1b: Arcanine|95\/100\n|cant|p1b: Arcanine|flinch\n|move|p2b: Iron Hands|Drain Punch|p1b: Arcanine\n|-supereffective|p1b: Arcanine\n|-damage|p1b: Arcanine|7\/100\n|move|p1a: Glastrier|Iron Defense|p1a: Glastrier\n|-boost|p1a: Glastrier|def|2\n|\n|-heal|p1b: Arcanine|13\/100|[from] Grassy Terrain\n|upkeep\n|turn|2\n|\n|t:|1700978777\n|move|p2a: Rillaboom|Grassy Glide|p1b: Arcanine\n|-damage|p1b: Arcanine|0 fnt\n|faint|p1b: Arcanine\n|move|p2b: Iron Hands|Swords Dance|p2b: Iron Hands\n|-boost|p2b: Iron Hands|atk|2\n|move|p1a: Glastrier|Iron Defense|p1a: Glastrier\n|-boost|p1a: Glastrier|def|2\n|\n|upkeep\n|\n|t:|1700978785\n|switch|p1b: Rillaboom|Rillaboom, L50, F|100\/100\n|turn|3\n|\n|t:|1700978794\n|move|p1b: Rillaboom|Fake Out|p2b: Iron Hands\n|-damage|p2b: Iron Hands|91\/100\n|move|p2a: Rillaboom|U-turn|p1b: Rillaboom\n|-supereffective|p1b: Rillaboom\n|-damage|p1b: Rillaboom|68\/100\n|\n|t:|1700978804\n|switch|p2a: Tyranitar|Tyranitar, L50, F|100\/100|[from] U-turn\n|-weather|Sandstorm|[from] ability: Sand Stream|[of] p2a: Tyranitar\n|cant|p2b: Iron Hands|flinch\n|move|p1a: Glastrier|Iron Defense|p1a: Glastrier\n|-boost|p1a: Glastrier|def|2\n|\n|-weather|Sandstorm|[upkeep]\n|-damage|p1b: Rillaboom|62\/100|[from] Sandstorm\n|-damage|p2b: Iron Hands|85\/100|[from] Sandstorm\n|-damage|p1a: Glastrier|94\/100|[from] Sandstorm\n|-heal|p1b: Rillaboom|68\/100|[from] Grassy Terrain\n|-heal|p2b: Iron Hands|91\/100|[from] Grassy Terrain\n|-heal|p1a: Glastrier|100\/100|[from] Grassy Terrain\n|upkeep\n|turn|4\n|\n|t:|1700978820\n|move|p1b: Rillaboom|Protect|p1b: Rillaboom\n|-singleturn|p1b: Rillaboom|Protect\n|move|p2a: Tyranitar|Knock Off|p1a: Glastrier\n|-damage|p1a: Glastrier|91\/100\n|-enditem|p1a: Glastrier|Leftovers|[from] move: Knock Off|[of] p2a: Tyranitar\n|move|p2b: Iron Hands|Drain Punch|p1b: Rillaboom\n|-activate|p1b: Rillaboom|move: Protect\n|move|p1a: Glastrier|Body Press|p2a: Tyranitar\n|-supereffective|p2a: Tyranitar\n|-damage|p2a: Tyranitar|0 fnt\n|faint|p2a: Tyranitar\n|-ability|p1a: Glastrier|Chilling Neigh|boost\n|-boost|p1a: Glastrier|atk|1\n|\n|-weather|Sandstorm|[upkeep]\n|-damage|p1b: Rillaboom|62\/100|[from] Sandstorm\n|-damage|p2b: Iron Hands|85\/100|[from] Sandstorm\n|-damage|p1a: Glastrier|85\/100|[from] Sandstorm\n|-heal|p1b: Rillaboom|68\/100|[from] Grassy Terrain\n|-heal|p2b: Iron Hands|91\/100|[from] Grassy Terrain\n|-heal|p1a: Glastrier|91\/100|[from] Grassy Terrain\n|upkeep\n|\n|t:|1700978842\n|switch|p2a: Flutter Mane|Flutter Mane, L50|100\/100\n|-enditem|p2a: Flutter Mane|Booster Energy\n|-activate|p2a: Flutter Mane|ability: Protosynthesis|[fromitem]\n|-start|p2a: Flutter Mane|protosynthesisspa\n|turn|5\n|\n|t:|1700978849\n|move|p2a: Flutter Mane|Protect|p2a: Flutter Mane\n|-singleturn|p2a: Flutter Mane|Protect\n|move|p1a: Glastrier|Protect|p1a: Glastrier\n|-singleturn|p1a: Glastrier|Protect\n|move|p1b: Rillaboom|Grassy Glide|p2a: Flutter Mane\n|-activate|p2a: Flutter Mane|move: Protect\n|move|p2b: Iron Hands|Drain Punch|p1b: Rillaboom\n|-damage|p1b: Rillaboom|0 fnt\n|-heal|p2b: Iron Hands|100\/100|[from] drain|[of] p1b: Rillaboom\n|faint|p1b: Rillaboom\n|\n|-weather|Sandstorm|[upkeep]\n|-damage|p2a: Flutter Mane|94\/100|[from] Sandstorm\n|-damage|p2b: Iron Hands|94\/100|[from] Sandstorm\n|-damage|p1a: Glastrier|85\/100|[from] Sandstorm\n|-heal|p2a: Flutter Mane|100\/100|[from] Grassy Terrain\n|-heal|p2b: Iron Hands|100\/100|[from] Grassy Terrain\n|-heal|p1a: Glastrier|91\/100|[from] Grassy Terrain\n|-fieldend|move: Grassy Terrain\n|upkeep\n|\n|t:|1700978852\n|switch|p1b: Ting-Lu|Ting-Lu, L50|100\/100\n|-ability|p1b: Ting-Lu|Vessel of Ruin\n|turn|6\n|\n|t:|1700978874\n|move|p2a: Flutter Mane|Substitute|p2a: Flutter Mane\n|-start|p2a: Flutter Mane|Substitute\n|-damage|p2a: Flutter Mane|76\/100\n|move|p2b: Iron Hands|Drain Punch|p1b: Ting-Lu\n|-supereffective|p1b: Ting-Lu\n|-damage|p1b: Ting-Lu|5\/100\n|move|p1b: Ting-Lu|Heavy Slam|p2a: Flutter Mane\n|-supereffective|p2a: Flutter Mane\n|-end|p2a: Flutter Mane|Substitute\n|move|p1a: Glastrier|Body Press|p2b: Iron Hands\n|-damage|p2b: Iron Hands|36\/100\n|\n|-weather|Sandstorm|[upkeep]\n|-damage|p2a: Flutter Mane|70\/100|[from] Sandstorm\n|-damage|p2b: Iron Hands|30\/100|[from] Sandstorm\n|-damage|p1a: Glastrier|85\/100|[from] Sandstorm\n|upkeep\n|turn|7\n|inactive|Zakmancho has 30 seconds left.\n|\n|t:|1700978902\n|move|p2a: Flutter Mane|Dazzling Gleam|p1a: Glastrier|[spread] p1a,p1b\n|-supereffective|p1a: Glastrier\n|-supereffective|p1b: Ting-Lu\n|-damage|p1a: Glastrier|40\/100\n|-damage|p1b: Ting-Lu|0 fnt\n|faint|p1b: Ting-Lu\n|move|p2b: Iron Hands|Ice Punch|p1a: Glastrier\n|-supereffective|p1a: Glastrier\n|-damage|p1a: Glastrier|22\/100\n|move|p1a: Glastrier|Icicle Crash|p2a: Flutter Mane\n|-crit|p2a: Flutter Mane\n|-damage|p2a: Flutter Mane|0 fnt\n|faint|p2a: Flutter Mane\n|-end|p2a: Flutter Mane|Protosynthesis|[silent]\n|-ability|p1a: Glastrier|Chilling Neigh|boost\n|-boost|p1a: Glastrier|atk|1\n|\n|-weather|none\n|upkeep\n|\n|t:|1700978912\n|switch|p2a: Rillaboom|Rillaboom, L50, M|100\/100\n|-fieldstart|move: Grassy Terrain|[from] ability: Grassy Surge|[of] p2a: Rillaboom\n|turn|8\n|\n|t:|1700978921\n|move|p1a: Glastrier|Protect|p1a: Glastrier\n|-singleturn|p1a: Glastrier|Protect\n|move|p2a: Rillaboom|Fake Out|p1a: Glastrier\n|-activate|p1a: Glastrier|move: Protect\n|move|p2b: Iron Hands|Swords Dance|p2b: Iron Hands\n|-boost|p2b: Iron Hands|atk|2\n|\n|-heal|p2b: Iron Hands|36\/100|[from] Grassy Terrain\n|-heal|p1a: Glastrier|29\/100|[from] Grassy Terrain\n|upkeep\n|turn|9\n|c|\u2606tyl8|Ggwp\n|\n|t:|1700978938\n|move|p2a: Rillaboom|Grassy Glide|p1a: Glastrier\n|-resisted|p1a: Glastrier\n|-damage|p1a: Glastrier|24\/100\n|move|p2b: Iron Hands|Drain Punch|p1a: Glastrier\n|-damage|p1a: Glastrier|4\/100\n|-heal|p2b: Iron Hands|44\/100|[from] drain|[of] p1a: Glastrier\n|move|p1a: Glastrier|Body Press|p2b: Iron Hands\n|-damage|p2b: Iron Hands|0 fnt\n|faint|p2b: Iron Hands\n|-end|p2b: Iron Hands|Quark Drive|[silent]\n|-ability|p1a: Glastrier|Chilling Neigh|boost\n|-boost|p1a: Glastrier|atk|1\n|\n|-heal|p1a: Glastrier|10\/100|[from] Grassy Terrain\n|upkeep\n|turn|10\n|inactive|Zakmancho has 30 seconds left.\n|c|\u2606tyl8|I didnt expect to survive\n|\n|t:|1700978965\n|move|p1a: Glastrier|Protect|p1a: Glastrier\n|-singleturn|p1a: Glastrier|Protect\n|move|p2a: Rillaboom|High Horsepower|p1a: Glastrier\n|-activate|p1a: Glastrier|move: Protect\n|\n|-heal|p1a: Glastrier|16\/100|[from] Grassy Terrain\n|upkeep\n|turn|11\n|\n|t:|1700978969\n|move|p2a: Rillaboom|High Horsepower|p1a: Glastrier\n|-damage|p1a: Glastrier|10\/100\n|move|p1a: Glastrier|Icicle Crash|p2a: Rillaboom\n|-supereffective|p2a: Rillaboom\n|-damage|p2a: Rillaboom|0 fnt\n|faint|p2a: Rillaboom\n|\n|win|tyl8\n|raw|tyl8's rating: 1578 &rarr; <strong>1594<\/strong><br \/>(+16 for winning)\n|raw|Zakmancho's rating: 1506 &rarr; <strong>1490<\/strong><br \/>(-16 for losing)\n|c|\u2606tyl8|Wow gg\n","uploadtime":1700978983,"views":7,"p1id":"tyl8","p2id":"zakmancho","formatid":"gen9vgc2023regulatione","rating":1490,"private":0,"password":""}