{"id":"gen9vgc2023regulatione-1989201934","p1":"Willis98","p2":"mjclay","format":"[Gen 9] VGC 2023 Regulation E","log":"|j|\u2606Willis98\n|j|\u2606mjclay\n|t:|1699822891\n|gametype|doubles\n|player|p1|Willis98|ninjaboy|1323\n|player|p2|mjclay|102|1450\n|teamsize|p1|6\n|teamsize|p2|6\n|gen|9\n|tier|[Gen 9] VGC 2023 Regulation E\n|rated|\n|rule|Species Clause: Limit one of each Pok\u00e9mon\n|rule|Item Clause: Limit one of each item\n|clearpoke\n|poke|p1|Urshifu-*, L50, M|\n|poke|p1|Flutter Mane, L50|\n|poke|p1|Ursaluna-Bloodmoon, L50, M|\n|poke|p1|Ogerpon-Wellspring, L50, F|\n|poke|p1|Arcanine-Hisui, L50, M|\n|poke|p1|Chien-Pao, L50|\n|poke|p2|Slowbro, L50, F|\n|poke|p2|Clefairy, L50, M|\n|poke|p2|Sinistcha-Masterpiece, L50|\n|poke|p2|Torkoal, L50, F|\n|poke|p2|Armarouge, L50, F|\n|poke|p2|Hariyama, L50, M|\n|teampreview|4\n|inactive|Battle timer is ON: inactive players will automatically lose when time's up. (requested by mjclay)\n|j| buckmatic\n|c|\u2606Willis98|glhf ya fackn\n|c|\u2606Willis98|cheeky basterd\n|inactive|Willis98 has 60 seconds left.\n|inactive|mjclay has 60 seconds left.\n|c| buckmatic|oi do you have a pokaymun foigten license ya kunt\n|inactive|Willis98 has 30 seconds left.\n|c|\u2606Willis98|yeah nah nah yeah nah m8\n|c| buckmatic|lol\n|inactive|Willis98 has 20 seconds left.\n|inactive|Willis98 has 15 seconds left.\n|inactive|Willis98 has 10 seconds left.\n|\n|t:|1699822972\n|start\n|switch|p1a: Ursaluna|Ursaluna-Bloodmoon, L50, M|100\/100\n|switch|p1b: Urshifu|Urshifu-Rapid-Strike, L50, M|100\/100\n|switch|p2a: Clefairy|Clefairy, L50, M|100\/100\n|switch|p2b: Sinistcha|Sinistcha-Masterpiece, L50|100\/100\n|turn|1\n|c|\u2606Willis98|the fack is a vehale resuscitation\n|inactive|Willis98 has 30 seconds left.\n|inactive|Willis98 has 20 seconds left.\n|inactive|Willis98 has 15 seconds left.\n|inactive|Willis98 has 10 seconds left.\n|\n|t:|1699823022\n|-terastallize|p1a: Ursaluna|Normal\n|move|p2a: Clefairy|Follow Me|p2a: Clefairy\n|-singleturn|p2a: Clefairy|move: Follow Me\n|move|p1b: Urshifu|Surging Strikes|p2a: Clefairy\n|-crit|p2a: Clefairy\n|-damage|p2a: Clefairy|80\/100\n|-crit|p2a: Clefairy\n|-damage|p2a: Clefairy|63\/100\n|-crit|p2a: Clefairy\n|-damage|p2a: Clefairy|43\/100\n|-hitcount|p2a: Clefairy|3\n|move|p1a: Ursaluna|Hyper Voice|p2b: Sinistcha|[spread] p2a,p2b\n|-damage|p2a: Clefairy|3\/100\n|-damage|p2b: Sinistcha|59\/100\n|move|p2b: Sinistcha|Matcha Gotcha|p1b: Urshifu|[spread] p1b\n|-miss|p2b: Sinistcha|p1a: Ursaluna\n|-supereffective|p1b: Urshifu\n|-damage|p1b: Urshifu|8\/100\n|-heal|p2b: Sinistcha|100\/100|[from] drain|[of] p1b: Urshifu\n|\n|upkeep\n|turn|2\n|inactive|Willis98 has 30 seconds left.\n|\n|t:|1699823047\n|move|p2a: Clefairy|Follow Me|p2a: Clefairy\n|-singleturn|p2a: Clefairy|move: Follow Me\n|move|p1b: Urshifu|Surging Strikes|p2a: Clefairy\n|-crit|p2a: Clefairy\n|-damage|p2a: Clefairy|0 fnt\n|faint|p2a: Clefairy\n|-hitcount|p2: Clefairy|1\n|move|p1a: Ursaluna|Hyper Voice|p2b: Sinistcha\n|-damage|p2b: Sinistcha|36\/100\n|move|p2b: Sinistcha|Trick Room|p2b: Sinistcha\n|-fieldstart|move: Trick Room|[of] p2b: Sinistcha\n|\n|-heal|p2b: Sinistcha|43\/100|[from] item: Leftovers\n|upkeep\n|\n|t:|1699823056\n|switch|p2a: Torkoal|Torkoal, L50, F|100\/100\n|-weather|SunnyDay|[from] ability: Drought|[of] p2a: Torkoal\n|turn|3\n|\n|t:|1699823067\n|-terastallize|p2a: Torkoal|Fire\n|move|p2a: Torkoal|Eruption|p1b: Urshifu|[spread] p1a,p1b\n|-resisted|p1b: Urshifu\n|-damage|p1a: Ursaluna|0 fnt\n|-damage|p1b: Urshifu|0 fnt\n|faint|p1a: Ursaluna\n|faint|p1b: Urshifu\n|move|p2b: Sinistcha|Matcha Gotcha|p1: Ursaluna|[notarget]\n|-fail|p2b: Sinistcha\n|\n|-weather|SunnyDay|[upkeep]\n|-heal|p2b: Sinistcha|49\/100|[from] item: Leftovers\n|upkeep\n|\n|t:|1699823077\n|switch|p1a: Arcanine|Arcanine-Hisui, L50, M|100\/100\n|switch|p1b: Flutter Mane|Flutter Mane, L50|100\/100\n|-ability|p1a: Arcanine|Intimidate|boost\n|-unboost|p2a: Torkoal|atk|1\n|-unboost|p2b: Sinistcha|atk|1\n|-activate|p1b: Flutter Mane|ability: Protosynthesis\n|-start|p1b: Flutter Mane|protosynthesisspe\n|turn|4\n|\n|t:|1699823100\n|move|p2a: Torkoal|Protect|p2a: Torkoal\n|-singleturn|p2a: Torkoal|Protect\n|move|p1b: Flutter Mane|Protect|p1b: Flutter Mane\n|-singleturn|p1b: Flutter Mane|Protect\n|move|p1a: Arcanine|Extreme Speed|p2a: Torkoal\n|-activate|p2a: Torkoal|move: Protect\n|move|p2b: Sinistcha|Matcha Gotcha|p1a: Arcanine|[spread] p1a\n|-activate|p1b: Flutter Mane|move: Protect\n|-damage|p1a: Arcanine|63\/100\n|-heal|p2b: Sinistcha|67\/100|[from] drain|[of] p1a: Arcanine\n|\n|-weather|SunnyDay|[upkeep]\n|-heal|p2b: Sinistcha|73\/100|[from] item: Leftovers\n|upkeep\n|turn|5\n|inactive|mjclay has 30 seconds left.\n|\n|t:|1699823134\n|move|p1a: Arcanine|Extreme Speed|p2a: Torkoal\n|-damage|p2a: Torkoal|69\/100\n|move|p2a: Torkoal|Eruption|p1a: Arcanine|[spread] p1a,p1b\n|-resisted|p1a: Arcanine\n|-damage|p1a: Arcanine|40\/100\n|-damage|p1b: Flutter Mane|16\/100\n|move|p2b: Sinistcha|Shadow Ball|p1b: Flutter Mane\n|-supereffective|p1b: Flutter Mane\n|-damage|p1b: Flutter Mane|0 fnt\n|faint|p1b: Flutter Mane\n|-end|p1b: Flutter Mane|Protosynthesis|[silent]\n|\n|-weather|SunnyDay|[upkeep]\n|-heal|p2b: Sinistcha|79\/100|[from] item: Leftovers\n|upkeep\n|turn|6\n|-message|Willis98 forfeited.\n|\n|win|mjclay\n|raw|Willis98's rating: 1323 &rarr; <strong>1310<\/strong><br \/>(-13 for losing)\n|raw|mjclay's rating: 1450 &rarr; <strong>1463<\/strong><br \/>(+13 for winning)\n","uploadtime":1699822926,"views":13,"p1id":"willis98","p2id":"mjclay","formatid":"gen9vgc2023regulatione","rating":1310,"private":0,"password":""}