{"id":"gen9vgc2023regulatione-1988146060","p1":"LasermanZ11","p2":"Monkima","format":"[Gen 9] VGC 2023 Regulation E","log":"|j|\u2606LasermanZ11\n|j|\u2606Monkima\n|n|\u2606LasermanZ11|lasermanz11\n|n|\u2606Monkima|monkima\n|html|View the match progress at <a href=\"\/game-bestof3-gen9vgc2023regulatione-1988142907\">game-bestof3-gen9vgc2023regulatione-1988142907<\/a>\n|t:|1699675419\n|gametype|doubles\n|player|p1|LasermanZ11|ash|\n|player|p2|Monkima|170|\n|teamsize|p1|6\n|teamsize|p2|6\n|gen|9\n|tier|[Gen 9] VGC 2023 Regulation E\n|rated|Tournament battle\n|rule|Species Clause: Limit one of each Pok\u00e9mon\n|rule|Item Clause: Limit one of each item\n|clearpoke\n|poke|p1|Mamoswine, L50, M|\n|poke|p1|Roaring Moon, L50|\n|poke|p1|Heatran, L50, M|\n|poke|p1|Flutter Mane, L50|\n|poke|p1|Rillaboom, L50, M|\n|poke|p1|Gyarados, L50, M|\n|poke|p2|Cresselia, L50, F|\n|poke|p2|Ursaluna-Bloodmoon, L50, M|\n|poke|p2|Iron Hands, L50|\n|poke|p2|Ogerpon-Wellspring, L50, F|\n|poke|p2|Arcanine-Hisui, L50, M|\n|poke|p2|Flutter Mane, L50|\n|teampreview|4\n|showteam|p1|Mamoswine||ExpertBelt|Oblivious|IceShard,HighHorsepower,IcicleCrash,Protect|||M|||50|,,,,,Dragon]Roaring Moon||BoosterEnergy|Protosynthesis|Acrobatics,KnockOff,Protect,Tailwind||||||50|,,,,,Flying]Heatran||LifeOrb|FlashFire|HeatWave,FlashCannon,EarthPower,Protect|||M|||50|,,,,,Fairy]Flutter Mane||ChoiceSpecs|Protosynthesis|ShadowBall,Moonblast,DazzlingGleam,Thunderbolt||||||50|,,,,,Fairy]Rillaboom||AssaultVest|GrassySurge|FakeOut,GrassyGlide,Uturn,DrumBeating|||M|||50|,,,,,Water]Gyarados||SafetyGoggles|Intimidate|Waterfall,Taunt,Protect,ThunderWave|||M|||50|,,,,,Steel\n|showteam|p2|Cresselia||MentalHerb|Levitate|Psychic,HelpingHand,LunarBlessing,TrickRoom|||F|||50|,,,,,Fire]Ursaluna-Bloodmoon||ThroatSpray|MindsEye|BloodMoon,EarthPower,HyperVoice,Protect|||M|||50|,,,,,Grass]Iron Hands||AssaultVest|QuarkDrive|FakeOut,DrainPunch,WildCharge,HeavySlam||||||50|,,,,,Fire]Ogerpon-Wellspring||WellspringMask|WaterAbsorb|IvyCudgel,FollowMe,HornLeech,SpikyShield|||F|||50|,,,,,Water]Arcanine-Hisui||SitrusBerry|Intimidate|RockSlide,FlareBlitz,ExtremeSpeed,Protect|||M|||50|,,,,,Grass]Flutter Mane||BoosterEnergy|Protosynthesis|Moonblast,ShadowBall,DazzlingGleam,Protect||||||50|,,,,,Fairy\n|j| sweedish man\n|j| Luke111192\n|j| MasterofMetapods5\n|l| sweedish man\n|j|#DaWoblefet\n|\n|t:|1699675507\n|start\n|switch|p1a: Roaring Moon|Roaring Moon, L50|100\/100\n|switch|p1b: Mamoswine|Mamoswine, L50, M|100\/100\n|switch|p2a: Iron Hands|Iron Hands, L50|100\/100\n|switch|p2b: Arcanine|Arcanine-Hisui, L50, M|100\/100\n|-ability|p2b: Arcanine|Intimidate|boost\n|-unboost|p1a: Roaring Moon|atk|1\n|-fail|p1b: Mamoswine|unboost|Attack|[from] ability: Oblivious|[of] p1b: Mamoswine\n|-enditem|p1a: Roaring Moon|Booster Energy\n|-activate|p1a: Roaring Moon|ability: Protosynthesis|[fromitem]\n|-start|p1a: Roaring Moon|protosynthesisspe\n|turn|1\n|\n|t:|1699675534\n|move|p1a: Roaring Moon|Protect|p1a: Roaring Moon\n|-singleturn|p1a: Roaring Moon|Protect\n|move|p1b: Mamoswine|Protect|p1b: Mamoswine\n|-singleturn|p1b: Mamoswine|Protect\n|move|p2a: Iron Hands|Fake Out|p1b: Mamoswine\n|-activate|p1b: Mamoswine|move: Protect\n|move|p2b: Arcanine|Rock Slide|p1b: Mamoswine|[spread] \n|-activate|p1a: Roaring Moon|move: Protect\n|-activate|p1b: Mamoswine|move: Protect\n|\n|upkeep\n|turn|2\n|\n|t:|1699675556\n|move|p2b: Arcanine|Protect|p2b: Arcanine\n|-singleturn|p2b: Arcanine|Protect\n|move|p1a: Roaring Moon|Acrobatics|p2a: Iron Hands\n|-damage|p2a: Iron Hands|80\/100\n|move|p1b: Mamoswine|High Horsepower|p2a: Iron Hands|[miss]\n|-miss|p1b: Mamoswine|p2a: Iron Hands\n|move|p2a: Iron Hands|Drain Punch|p1a: Roaring Moon\n|-supereffective|p1a: Roaring Moon\n|-damage|p1a: Roaring Moon|0 fnt\n|-heal|p2a: Iron Hands|100\/100|[from] drain|[of] p1a: Roaring Moon\n|faint|p1a: Roaring Moon\n|-end|p1a: Roaring Moon|Protosynthesis|[silent]\n|\n|upkeep\n|\n|t:|1699675572\n|switch|p1a: Flutter Mane|Flutter Mane, L50|100\/100\n|turn|3\n|\n|t:|1699675590\n|switch|p2b: Ursaluna|Ursaluna-Bloodmoon, L50, M|100\/100\n|-terastallize|p1a: Flutter Mane|Fairy\n|move|p1a: Flutter Mane|Moonblast|p2a: Iron Hands\n|-supereffective|p2a: Iron Hands\n|-damage|p2a: Iron Hands|0 fnt\n|faint|p2a: Iron Hands\n|-end|p2a: Iron Hands|Quark Drive|[silent]\n|move|p1b: Mamoswine|High Horsepower|p2b: Ursaluna\n|-damage|p2b: Ursaluna|58\/100\n|\n|upkeep\n|\n|t:|1699675599\n|switch|p2a: Ogerpon|Ogerpon-Wellspring, L50, F|100\/100\n|turn|4\n|\n|t:|1699675614\n|move|p1b: Mamoswine|Protect|p1b: Mamoswine\n|-singleturn|p1b: Mamoswine|Protect\n|move|p2a: Ogerpon|Follow Me|p2a: Ogerpon\n|-singleturn|p2a: Ogerpon|move: Follow Me\n|move|p1a: Flutter Mane|Moonblast|p2a: Ogerpon\n|-damage|p2a: Ogerpon|15\/100\n|move|p2b: Ursaluna|Blood Moon|p1a: Flutter Mane\n|-damage|p1a: Flutter Mane|23\/100\n|\n|upkeep\n|turn|5\n|\n|t:|1699675632\n|move|p2a: Ogerpon|Spiky Shield|p2a: Ogerpon\n|-singleturn|p2a: Ogerpon|move: Protect\n|move|p1a: Flutter Mane|Moonblast|p2a: Ogerpon\n|-activate|p2a: Ogerpon|move: Protect\n|move|p1b: Mamoswine|Icicle Crash|p2b: Ursaluna\n|-supereffective|p2b: Ursaluna\n|-damage|p2b: Ursaluna|0 fnt\n|faint|p2b: Ursaluna\n|\n|upkeep\n|\n|t:|1699675638\n|switch|p2b: Arcanine|Arcanine-Hisui, L50, M|100\/100\n|-ability|p2b: Arcanine|Intimidate|boost\n|-unboost|p1a: Flutter Mane|atk|1\n|-fail|p1b: Mamoswine|unboost|Attack|[from] ability: Oblivious|[of] p1b: Mamoswine\n|turn|6\n|\n|t:|1699675648\n|move|p2b: Arcanine|Extreme Speed|p1a: Flutter Mane\n|-crit|p1a: Flutter Mane\n|-damage|p1a: Flutter Mane|0 fnt\n|faint|p1a: Flutter Mane\n|-end|p1a: Flutter Mane|Protosynthesis|[silent]\n|move|p2a: Ogerpon|Ivy Cudgel|p1b: Mamoswine\n|-supereffective|p1b: Mamoswine\n|-damage|p1b: Mamoswine|0 fnt\n|faint|p1b: Mamoswine\n|\n|upkeep\n|\n|t:|1699675657\n|switch|p1a: Rillaboom|Rillaboom, L50, M|100\/100\n|-fieldstart|move: Grassy Terrain|[from] ability: Grassy Surge|[of] p1a: Rillaboom\n|turn|7\n|\n|t:|1699675670\n|move|p2a: Ogerpon|Spiky Shield|p2a: Ogerpon\n|-singleturn|p2a: Ogerpon|move: Protect\n|move|p2b: Arcanine|Protect|p2b: Arcanine\n|-singleturn|p2b: Arcanine|Protect\n|move|p1a: Rillaboom|Grassy Glide|p2a: Ogerpon\n|-activate|p2a: Ogerpon|move: Protect\n|-damage|p1a: Rillaboom|88\/100|[from] Spiky Shield|[of] p2a: Ogerpon\n|\n|-heal|p2a: Ogerpon|21\/100|[from] Grassy Terrain\n|-heal|p1a: Rillaboom|94\/100|[from] Grassy Terrain\n|upkeep\n|turn|8\n|\n|t:|1699675687\n|move|p2a: Ogerpon|Follow Me|p2a: Ogerpon\n|-singleturn|p2a: Ogerpon|move: Follow Me\n|move|p1a: Rillaboom|Grassy Glide|p2a: Ogerpon\n|-damage|p2a: Ogerpon|0 fnt\n|faint|p2a: Ogerpon\n|move|p2b: Arcanine|Flare Blitz|p1a: Rillaboom\n|-supereffective|p1a: Rillaboom\n|-damage|p1a: Rillaboom|0 fnt\n|faint|p1a: Rillaboom\n|-damage|p2b: Arcanine|68\/100|[from] Recoil\n|\n|win|Monkima\n|c|&|\/uhtml prompt-monkima,Monkima is ready for game 3!\n|inactive|LasermanZ11 has 50 seconds to confirm battle start!\n|c|&|\/uhtml prompt-lasermanz11,LasermanZ11 is ready for game 3!\nBoth players are ready! Starting next match!\n|l| MasterofMetapods5\n|l| Luke111192\n|l|#DaWoblefet\n|l|\u2606Monkima\n","uploadtime":1699675697,"views":22,"p1id":"lasermanz11","p2id":"monkima","formatid":"gen9vgc2023regulatione","rating":0,"private":0,"password":""}