{"id":"gen9vgc2023regulatione-1992993918","p1":"MrNiceguyVGC","p2":"lvargas01","format":"[Gen 9] VGC 2023 Regulation E","log":"|j|\u2606MrNiceguyVGC\n|j|\u2606lvargas01\n|t:|1700253623\n|gametype|doubles\n|player|p1|MrNiceguyVGC|bruno|1093\n|player|p2|lvargas01|gambler|1000\n|teamsize|p1|6\n|teamsize|p2|5\n|gen|9\n|tier|[Gen 9] VGC 2023 Regulation E\n|rated|\n|rule|Species Clause: Limit one of each Pok\u00e9mon\n|rule|Item Clause: Limit one of each item\n|clearpoke\n|poke|p1|Dusclops, L50, F|\n|poke|p1|Ursaluna-Bloodmoon, L50, M|\n|poke|p1|Iron Hands, L50|\n|poke|p1|Landorus-Therian, L50, M|\n|poke|p1|Iron Bundle, L50|\n|poke|p1|Cresselia, L50, F|\n|poke|p2|Dondozo, L50, M|\n|poke|p2|Sinistcha, L50|\n|poke|p2|Volcarona, L50, M|\n|poke|p2|Landorus-Therian, L50, M|\n|poke|p2|Tinkaton, L50, F|\n|teampreview|4\n|inactive|Battle timer is ON: inactive players will automatically lose when time's up. (requested by lvargas01)\n|inactive|MrNiceguyVGC has 60 seconds left.\n|inactive|lvargas01 has 60 seconds left.\n|inactive|lvargas01 has 30 seconds left.\n|inactive|lvargas01 has 20 seconds left.\n|\n|t:|1700253698\n|start\n|switch|p1a: Iron Hands|Iron Hands, L50, shiny|100\/100\n|switch|p1b: Iron Bundle|Iron Bundle, L50, shiny|100\/100\n|switch|p2a: Tinkaton|Tinkaton, L50, F|100\/100\n|switch|p2b: Volcarona|Volcarona, L50, M|100\/100\n|-ability|p2a: Tinkaton|Mold Breaker\n|-enditem|p1b: Iron Bundle|Booster Energy\n|-activate|p1b: Iron Bundle|ability: Quark Drive|[fromitem]\n|-start|p1b: Iron Bundle|quarkdrivespe\n|turn|1\n|inactive|MrNiceguyVGC has 30 seconds left.\n|\n|t:|1700253724\n|move|p2a: Tinkaton|Fake Out|p1b: Iron Bundle\n|-damage|p1b: Iron Bundle|91\/100\n|move|p1a: Iron Hands|Fake Out|p2b: Volcarona\n|-crit|p2b: Volcarona\n|-damage|p2b: Volcarona|77\/100\n|cant|p1b: Iron Bundle|flinch\n|cant|p2b: Volcarona|flinch\n|\n|upkeep\n|turn|2\n|inactive|MrNiceguyVGC has 30 seconds left.\n|\n|t:|1700253756\n|move|p1b: Iron Bundle|Protect|p1b: Iron Bundle\n|-singleturn|p1b: Iron Bundle|Protect\n|move|p2b: Volcarona|Protect|p2b: Volcarona\n|-singleturn|p2b: Volcarona|Protect\n|move|p2a: Tinkaton|Encore|p1a: Iron Hands\n|-start|p1a: Iron Hands|Encore\n|move|p1a: Iron Hands|Fake Out||[still]\n|-hint|Fake Out only works on your first turn out.\n|-fail|p1a: Iron Hands\n|\n|upkeep\n|turn|3\n|\n|t:|1700253779\n|-end|p1a: Iron Hands|Quark Drive|[silent]\n|switch|p1a: Ursaluna|Ursaluna-Bloodmoon, L50, M|100\/100\n|move|p1b: Iron Bundle|Hydro Pump|p2b: Volcarona\n|-supereffective|p2b: Volcarona\n|-damage|p2b: Volcarona|0 fnt\n|faint|p2b: Volcarona\n|move|p2a: Tinkaton|Knock Off|p1a: Ursaluna\n|-damage|p1a: Ursaluna|87\/100\n|-enditem|p1a: Ursaluna|Throat Spray|[from] move: Knock Off|[of] p2a: Tinkaton\n|\n|upkeep\n|\n|t:|1700253790\n|switch|p2b: Dondozo|Dondozo, L50, M|100\/100\n|turn|4\n|\n|t:|1700253814\n|switch|p1a: Landorus|Landorus-Therian, L50, M|100\/100\n|-ability|p1a: Landorus|Intimidate|boost\n|-unboost|p2a: Tinkaton|atk|1\n|-fail|p2b: Dondozo|unboost|Attack|[from] ability: Oblivious|[of] p2b: Dondozo\n|-terastallize|p2b: Dondozo|Poison\n|move|p1b: Iron Bundle|Protect|p1b: Iron Bundle\n|-singleturn|p1b: Iron Bundle|Protect\n|move|p2a: Tinkaton|Feint|p1a: Landorus\n|-damage|p1a: Landorus|96\/100\n|move|p2b: Dondozo|Wave Crash|p1a: Landorus\n|-supereffective|p1a: Landorus\n|-damage|p1a: Landorus|0 fnt\n|faint|p1a: Landorus\n|-damage|p2b: Dondozo|79\/100|[from] Recoil\n|\n|-heal|p2b: Dondozo|85\/100|[from] item: Leftovers\n|upkeep\n|inactive|MrNiceguyVGC has 30 seconds left.\n|\n|t:|1700253839\n|switch|p1a: Iron Hands|Iron Hands, L50, shiny|100\/100\n|turn|5\n|inactive|MrNiceguyVGC has 30 seconds left.\n|\n|t:|1700253867\n|switch|p2a: Sinistcha|Sinistcha, L50|100\/100\n|-heal|p2b: Dondozo|100\/100|[from] ability: Hospitality|[of] p2a: Sinistcha\n|move|p1b: Iron Bundle|Hydro Pump|p2a: Sinistcha|[miss]\n|-miss|p1b: Iron Bundle|p2a: Sinistcha\n|move|p1a: Iron Hands|Drain Punch|p2a: Sinistcha\n|-immune|p2a: Sinistcha\n|move|p2b: Dondozo|Heavy Slam|p1b: Iron Bundle\n|-damage|p1b: Iron Bundle|46\/100\n|\n|upkeep\n|turn|6\n|\n|t:|1700253892\n|move|p2a: Sinistcha|Rage Powder|p2a: Sinistcha\n|-singleturn|p2a: Sinistcha|move: Rage Powder\n|move|p1b: Iron Bundle|Freeze-Dry|p2a: Sinistcha\n|-supereffective|p2a: Sinistcha\n|-damage|p2a: Sinistcha|35\/100\n|move|p1a: Iron Hands|Thunder Punch|p2a: Sinistcha\n|-resisted|p2a: Sinistcha\n|-damage|p2a: Sinistcha|18\/100\n|move|p2b: Dondozo|Yawn|p1a: Iron Hands\n|-start|p1a: Iron Hands|move: Yawn|[of] p2b: Dondozo\n|\n|upkeep\n|turn|7\n|\n|t:|1700253914\n|switch|p2a: Tinkaton|Tinkaton, L50, F|100\/100\n|-ability|p2a: Tinkaton|Mold Breaker\n|-end|p1a: Iron Hands|Quark Drive|[silent]\n|switch|p1a: Ursaluna|Ursaluna-Bloodmoon, L50, M|87\/100\n|move|p1b: Iron Bundle|Freeze-Dry|p2a: Tinkaton\n|-resisted|p2a: Tinkaton\n|-damage|p2a: Tinkaton|82\/100\n|-status|p2a: Tinkaton|frz\n|move|p2b: Dondozo|Heavy Slam|p1b: Iron Bundle\n|-damage|p1b: Iron Bundle|1\/100\n|\n|upkeep\n|turn|8\n|inactive|lvargas01 has 30 seconds left.\n|\n|t:|1700253939\n|-terastallize|p1a: Ursaluna|Normal\n|move|p1b: Iron Bundle|Protect|p1b: Iron Bundle\n|-singleturn|p1b: Iron Bundle|Protect\n|cant|p2a: Tinkaton|frz\n|move|p1a: Ursaluna|Blood Moon|p2b: Dondozo\n|-damage|p2b: Dondozo|19\/100\n|move|p2b: Dondozo|Wave Crash|p1a: Ursaluna\n|-damage|p1a: Ursaluna|45\/100\n|-damage|p2b: Dondozo|8\/100|[from] Recoil\n|\n|-heal|p2b: Dondozo|14\/100|[from] item: Leftovers\n|upkeep\n|turn|9\n|inactive|MrNiceguyVGC has 30 seconds left.\n|\n|t:|1700253964\n|move|p2b: Dondozo|Protect|p2b: Dondozo\n|-singleturn|p2b: Dondozo|Protect\n|move|p1b: Iron Bundle|Hydro Pump|p2a: Tinkaton\n|-damage|p2a: Tinkaton|25\/100 frz\n|cant|p2a: Tinkaton|frz\n|move|p1a: Ursaluna|Hyper Voice|p2b: Dondozo|[spread] p2a\n|-activate|p2b: Dondozo|move: Protect\n|-resisted|p2a: Tinkaton\n|-damage|p2a: Tinkaton|1\/100 frz\n|\n|-heal|p2b: Dondozo|20\/100|[from] item: Leftovers\n|upkeep\n|turn|10\n|-message|lvargas01 forfeited.\n|\n|win|MrNiceguyVGC\n|raw|MrNiceguyVGC's rating: 1093 &rarr; <strong>1112<\/strong><br \/>(+19 for winning)\n|raw|lvargas01's rating: 1000 &rarr; <strong>1000<\/strong><br \/>(+0 for losing)\n|l|\u2606lvargas01\n","uploadtime":1700253983,"views":9,"p1id":"mrniceguyvgc","p2id":"lvargas01","formatid":"gen9vgc2023regulatione","rating":1000,"private":0,"password":""}