{"id":"gen9vgc2023regulatione-1989701477","p1":"Legion1412","p2":"DeAndreRicketts","format":"[Gen 9] VGC 2023 Regulation E","log":"|j|\u2606Legion1412\n|j|\u203dDeAndreRicketts\n|t:|1699888240\n|gametype|doubles\n|player|p1|Legion1412|jasmine|1079\n|player|p2|DeAndreRicketts|2|1168\n|teamsize|p1|6\n|teamsize|p2|6\n|gen|9\n|tier|[Gen 9] VGC 2023 Regulation E\n|rated|\n|rule|Species Clause: Limit one of each Pok\u00e9mon\n|rule|Item Clause: Limit one of each item\n|clearpoke\n|poke|p1|Scovillain, L50, F|\n|poke|p1|Gastrodon, L50, M|\n|poke|p1|Ninetales, L50, F|\n|poke|p1|Roaring Moon, L50|\n|poke|p1|Trevenant, L50, M|\n|poke|p1|Clefable, L50, F|\n|poke|p2|Armarouge, L50, F|\n|poke|p2|Torkoal, L50, F|\n|poke|p2|Indeedee-F, L50, F|\n|poke|p2|Urshifu-*, L50, M|\n|poke|p2|Ursaluna, L50, F|\n|poke|p2|Hatterene, L50, F|\n|teampreview|4\n|inactive|Battle timer is ON: inactive players will automatically lose when time's up. (requested by Legion1412)\n|inactive|DeAndreRicketts has 60 seconds left.\n|\n|t:|1699888287\n|start\n|switch|p1a: Ninetales|Ninetales, L50, F|100\/100\n|switch|p1b: Scovillain|Scovillain, L50, F|100\/100\n|switch|p2a: Urshifu|Urshifu, L50, M|100\/100\n|switch|p2b: Ursaluna|Ursaluna, L50, F|100\/100\n|-weather|SunnyDay|[from] ability: Drought|[of] p1a: Ninetales\n|turn|1\n|inactive|Legion1412 has 30 seconds left.\n|inactive|DeAndreRicketts has 30 seconds left.\n|inactive|Legion1412 has 20 seconds left.\n|inactive|Legion1412 has 15 seconds left.\n|\n|t:|1699888330\n|-terastallize|p2b: Ursaluna|Normal\n|move|p1b: Scovillain|Super Fang|p2a: Urshifu\n|-damage|p2a: Urshifu|51\/100\n|move|p2a: Urshifu|Close Combat|p1a: Ninetales\n|-damage|p1a: Ninetales|17\/100\n|-unboost|p2a: Urshifu|def|1\n|-unboost|p2a: Urshifu|spd|1\n|move|p1a: Ninetales|Heat Wave|p2b: Ursaluna|[spread] p2a\n|-miss|p1a: Ninetales|p2b: Ursaluna\n|-damage|p2a: Urshifu|0 fnt\n|faint|p2a: Urshifu\n|move|p2b: Ursaluna|Swords Dance|p2b: Ursaluna\n|-boost|p2b: Ursaluna|atk|2\n|\n|-weather|SunnyDay|[upkeep]\n|-status|p2b: Ursaluna|brn|[from] item: Flame Orb\n|upkeep\n|inactive|DeAndreRicketts has 30 seconds left.\n|\n|t:|1699888362\n|switch|p2a: Indeedee|Indeedee-F, L50, F|100\/100\n|-fieldstart|move: Psychic Terrain|[from] ability: Psychic Surge|[of] p2a: Indeedee\n|-enditem|p2a: Indeedee|Psychic Seed\n|-boost|p2a: Indeedee|spd|1|[from] item: Psychic Seed\n|turn|2\n|inactive|DeAndreRicketts has 30 seconds left.\n|\n|t:|1699888391\n|move|p2b: Ursaluna|Protect|p2b: Ursaluna\n|-singleturn|p2b: Ursaluna|Protect\n|move|p1b: Scovillain|Solar Beam||[still]\n|-prepare|p1b: Scovillain|Solar Beam\n|-anim|p1b: Scovillain|Solar Beam|p2a: Indeedee\n|-damage|p2a: Indeedee|69\/100\n|move|p1a: Ninetales|Snarl|p2b: Ursaluna|[spread] p2a\n|-activate|p2b: Ursaluna|move: Protect\n|-supereffective|p2a: Indeedee\n|-damage|p2a: Indeedee|62\/100\n|-unboost|p2a: Indeedee|spa|1\n|move|p2a: Indeedee|Trick Room|p2a: Indeedee\n|-fieldstart|move: Trick Room|[of] p2a: Indeedee\n|\n|-weather|SunnyDay|[upkeep]\n|-damage|p2b: Ursaluna|95\/100 brn|[from] brn\n|upkeep\n|turn|3\n|inactive|DeAndreRicketts has 30 seconds left.\n|\n|t:|1699888418\n|move|p2a: Indeedee|Helping Hand|p2b: Ursaluna\n|-singleturn|p2b: Ursaluna|Helping Hand|[of] p2a: Indeedee\n|move|p2b: Ursaluna|Facade|p1b: Scovillain\n|-damage|p1b: Scovillain|0 fnt\n|faint|p1b: Scovillain\n|move|p1a: Ninetales|Memento|p2b: Ursaluna\n|-unboost|p2b: Ursaluna|atk|2\n|-unboost|p2b: Ursaluna|spa|2\n|faint|p1a: Ninetales\n|\n|-weather|SunnyDay|[upkeep]\n|-damage|p2b: Ursaluna|89\/100 brn|[from] brn\n|upkeep\n|\n|t:|1699888430\n|switch|p1b: Trevenant|Trevenant, L50, M, shiny|100\/100\n|switch|p1a: Roaring Moon|Roaring Moon, L50|100\/100\n|-activate|p1a: Roaring Moon|ability: Protosynthesis\n|-start|p1a: Roaring Moon|protosynthesisspe\n|turn|4\n|inactive|Legion1412 has 30 seconds left.\n|inactive|Legion1412 has 20 seconds left.\n|\n|t:|1699888469\n|-terastallize|p1a: Roaring Moon|Steel\n|move|p2a: Indeedee|Follow Me|p2a: Indeedee\n|-singleturn|p2a: Indeedee|move: Follow Me\n|move|p2b: Ursaluna|Facade|p1a: Roaring Moon\n|-resisted|p1a: Roaring Moon\n|-damage|p1a: Roaring Moon|0 fnt\n|faint|p1a: Roaring Moon\n|-end|p1a: Roaring Moon|Protosynthesis|[silent]\n|move|p1b: Trevenant|Horn Leech|p2a: Indeedee\n|-damage|p2a: Indeedee|7\/100\n|\n|-weather|SunnyDay|[upkeep]\n|-damage|p2b: Ursaluna|83\/100 brn|[from] brn\n|upkeep\n|turn|5\n|inactive|DeAndreRicketts has 30 seconds left.\n|\n|t:|1699888500\n|move|p2a: Indeedee|Helping Hand|p2b: Ursaluna\n|-singleturn|p2b: Ursaluna|Helping Hand|[of] p2a: Indeedee\n|move|p2b: Ursaluna|Headlong Rush|p1b: Trevenant\n|-resisted|p1b: Trevenant\n|-damage|p1b: Trevenant|10\/100\n|-unboost|p2b: Ursaluna|def|1\n|-unboost|p2b: Ursaluna|spd|1\n|-enditem|p1b: Trevenant|Sitrus Berry|[eat]\n|-heal|p1b: Trevenant|35\/100|[from] item: Sitrus Berry\n|move|p1b: Trevenant|Horn Leech|p2a: Indeedee\n|-damage|p2a: Indeedee|0 fnt\n|-heal|p1b: Trevenant|39\/100|[from] drain|[of] p2a: Indeedee\n|faint|p2a: Indeedee\n|\n|-weather|SunnyDay|[upkeep]\n|-damage|p2b: Ursaluna|77\/100 brn|[from] brn\n|-item|p1b: Trevenant|Sitrus Berry|[from] ability: Harvest\n|upkeep\n|-enditem|p1b: Trevenant|Sitrus Berry|[eat]\n|-heal|p1b: Trevenant|64\/100|[from] item: Sitrus Berry\n|\n|t:|1699888519\n|switch|p2a: Armarouge|Armarouge, L50, F|100\/100\n|turn|6\n|\n|t:|1699888528\n|move|p2b: Ursaluna|Headlong Rush|p1b: Trevenant\n|-resisted|p1b: Trevenant\n|-damage|p1b: Trevenant|2\/100\n|-unboost|p2b: Ursaluna|def|1\n|-unboost|p2b: Ursaluna|spd|1\n|move|p1b: Trevenant|Poltergeist|p2a: Armarouge\n|-activate|p2a: Armarouge|move: Poltergeist|Twisted Spoon\n|-supereffective|p2a: Armarouge\n|-damage|p2a: Armarouge|0 fnt\n|faint|p2a: Armarouge\n|\n|-weather|SunnyDay|[upkeep]\n|-damage|p2b: Ursaluna|71\/100 brn|[from] brn\n|-fieldend|move: Trick Room\n|-fieldend|move: Psychic Terrain\n|-item|p1b: Trevenant|Sitrus Berry|[from] ability: Harvest\n|upkeep\n|-enditem|p1b: Trevenant|Sitrus Berry|[eat]\n|-heal|p1b: Trevenant|27\/100|[from] item: Sitrus Berry\n|turn|7\n|\n|t:|1699888547\n|move|p1b: Trevenant|Horn Leech|p2b: Ursaluna\n|-damage|p2b: Ursaluna|15\/100 brn\n|-heal|p1b: Trevenant|69\/100|[from] drain|[of] p2b: Ursaluna\n|move|p2b: Ursaluna|Headlong Rush|p1b: Trevenant\n|-resisted|p1b: Trevenant\n|-crit|p1b: Trevenant\n|-damage|p1b: Trevenant|0 fnt\n|-unboost|p2b: Ursaluna|def|1\n|-unboost|p2b: Ursaluna|spd|1\n|faint|p1b: Trevenant\n|\n|win|DeAndreRicketts\n|raw|Legion1412's rating: 1079 &rarr; <strong>1063<\/strong><br \/>(-16 for losing)\n|raw|DeAndreRicketts's rating: 1168 &rarr; <strong>1187<\/strong><br \/>(+19 for winning)\n|l|\u2606Legion1412\n","uploadtime":1699888561,"views":25,"p1id":"legion1412","p2id":"deandrericketts","formatid":"gen9vgc2023regulatione","rating":1063,"private":0,"password":""}