{"id":"gen9vgc2023regulatione-1991640691","p1":"tu es tu","p2":"LegacyShowden","format":"[Gen 9] VGC 2023 Regulation E","log":"|j|\u2606tu es tu\n|j|\u2606LegacyShowden\n|t:|1700097366\n|gametype|doubles\n|player|p1|tu es tu|brycen|1218\n|player|p2|LegacyShowden|rosa|1186\n|teamsize|p1|6\n|teamsize|p2|6\n|gen|9\n|tier|[Gen 9] VGC 2023 Regulation E\n|rated|\n|rule|Species Clause: Limit one of each Pok\u00e9mon\n|rule|Item Clause: Limit one of each item\n|clearpoke\n|poke|p1|Rillaboom, L50, M|\n|poke|p1|Urshifu-*, L50, M|\n|poke|p1|Weezing, L50, M|\n|poke|p1|Flutter Mane, L50|\n|poke|p1|Iron Hands, L50|\n|poke|p1|Hatterene, L50, F|\n|poke|p2|Landorus-Therian, L50, M|\n|poke|p2|Samurott-Hisui, L50, M|\n|poke|p2|Ogerpon-Hearthflame, L50, F|\n|poke|p2|Kommo-o, L50, M|\n|poke|p2|Gholdengo, L50|\n|poke|p2|Thundurus, L50, M|\n|teampreview|4\n|inactive|Battle timer is ON: inactive players will automatically lose when time's up. (requested by LegacyShowden)\n|inactive|tu es tu also wants the timer to be on.\n|inactive|LegacyShowden has 60 seconds left.\n|inactive|LegacyShowden has 30 seconds left.\n|\n|t:|1700097429\n|start\n|switch|p1a: Hatterene|Hatterene, L50, F|100\/100\n|switch|p1b: Rillaboom|Rillaboom, L50, M|100\/100\n|switch|p2a: Landorus|Landorus-Therian, L50, M|100\/100\n|switch|p2b: Ogerpon|Ogerpon-Hearthflame, L50, F|100\/100\n|-ability|p2a: Landorus|Intimidate|boost\n|-unboost|p1a: Hatterene|atk|1\n|-fail|p1b: Rillaboom|unboost|[from] item: Clear Amulet|[of] p1b: Rillaboom\n|-ability|p2b: Ogerpon|Mold Breaker\n|-fieldstart|move: Grassy Terrain|[from] ability: Grassy Surge|[of] p1b: Rillaboom\n|turn|1\n|\n|t:|1700097440\n|switch|p2a: Gholdengo|Gholdengo, L50|100\/100\n|move|p2b: Ogerpon|Spiky Shield|p2b: Ogerpon\n|-singleturn|p2b: Ogerpon|move: Protect\n|move|p1b: Rillaboom|Fake Out|p2a: Gholdengo\n|-immune|p2a: Gholdengo\n|move|p1a: Hatterene|Trick Room|p1a: Hatterene\n|-fieldstart|move: Trick Room|[of] p1a: Hatterene\n|\n|upkeep\n|turn|2\n|\n|t:|1700097453\n|move|p1a: Hatterene|Magic Powder|p2a: Gholdengo\n|-immune|p2a: Gholdengo|[from] ability: Good as Gold\n|move|p1b: Rillaboom|Swords Dance|p1b: Rillaboom\n|-boost|p1b: Rillaboom|atk|2\n|move|p2a: Gholdengo|Make It Rain|p1a: Hatterene|[spread] p1a,p1b\n|-supereffective|p1a: Hatterene\n|-damage|p1a: Hatterene|0 fnt\n|-damage|p1b: Rillaboom|27\/100\n|-unboost|p2a: Gholdengo|spa|1\n|faint|p1a: Hatterene\n|-damage|p2a: Gholdengo|91\/100|[from] item: Life Orb\n|move|p2b: Ogerpon|Horn Leech|p1b: Rillaboom\n|-resisted|p1b: Rillaboom\n|-damage|p1b: Rillaboom|0 fnt\n|faint|p1b: Rillaboom\n|\n|-heal|p2a: Gholdengo|97\/100|[from] Grassy Terrain\n|upkeep\n|\n|t:|1700097463\n|switch|p1a: Urshifu|Urshifu, L50, M|100\/100\n|switch|p1b: Iron Hands|Iron Hands, L50|100\/100\n|turn|3\n|\n|t:|1700097479\n|switch|p2a: Landorus|Landorus-Therian, L50, M|100\/100\n|-ability|p2a: Landorus|Intimidate|boost\n|-unboost|p1a: Urshifu|atk|1\n|-unboost|p1b: Iron Hands|atk|1\n|move|p2b: Ogerpon|Spiky Shield|p2b: Ogerpon\n|-singleturn|p2b: Ogerpon|move: Protect\n|move|p1b: Iron Hands|Heavy Slam|p2a: Landorus\n|-damage|p2a: Landorus|62\/100\n|move|p1a: Urshifu|Wicked Blow|p2a: Landorus\n|-crit|p2a: Landorus\n|-damage|p2a: Landorus|0 fnt\n|faint|p2a: Landorus\n|\n|upkeep\n|\n|t:|1700097490\n|switch|p2a: Kommo-o|Kommo-o, L50, M|100\/100\n|turn|4\n|\n|t:|1700097502\n|move|p1b: Iron Hands|Drain Punch|p2a: Kommo-o\n|-damage|p2a: Kommo-o|80\/100\n|move|p1a: Urshifu|Wicked Blow|p2b: Ogerpon\n|-crit|p2b: Ogerpon\n|-damage|p2b: Ogerpon|19\/100\n|move|p2a: Kommo-o|Iron Defense|p2a: Kommo-o\n|-boost|p2a: Kommo-o|def|2\n|move|p2b: Ogerpon|Ivy Cudgel|p1a: Urshifu|[anim] Ivy Cudgel Fire\n|-damage|p1a: Urshifu|48\/100\n|\n|-heal|p1a: Urshifu|54\/100|[from] Grassy Terrain\n|-heal|p2a: Kommo-o|87\/100|[from] Grassy Terrain\n|-heal|p2b: Ogerpon|24\/100|[from] Grassy Terrain\n|upkeep\n|turn|5\n|\n|t:|1700097522\n|move|p1b: Iron Hands|Heavy Slam|p2a: Kommo-o\n|-damage|p2a: Kommo-o|77\/100\n|move|p1a: Urshifu|Wicked Blow|p2b: Ogerpon\n|-crit|p2b: Ogerpon\n|-damage|p2b: Ogerpon|0 fnt\n|faint|p2b: Ogerpon\n|move|p2a: Kommo-o|Iron Defense|p2a: Kommo-o\n|-boost|p2a: Kommo-o|def|2\n|\n|-heal|p1a: Urshifu|59\/100|[from] Grassy Terrain\n|-heal|p2a: Kommo-o|83\/100|[from] Grassy Terrain\n|-fieldend|move: Trick Room\n|-fieldend|move: Grassy Terrain\n|upkeep\n|\n|t:|1700097528\n|switch|p2b: Gholdengo|Gholdengo, L50|97\/100\n|turn|6\n|\n|t:|1700097538\n|move|p2a: Kommo-o|Body Press|p1a: Urshifu\n|-supereffective|p1a: Urshifu\n|-damage|p1a: Urshifu|0 fnt\n|faint|p1a: Urshifu\n|move|p2b: Gholdengo|Shadow Ball|p1b: Iron Hands\n|-damage|p1b: Iron Hands|60\/100\n|-damage|p2b: Gholdengo|87\/100|[from] item: Life Orb\n|move|p1b: Iron Hands|Heavy Slam|p2a: Kommo-o\n|-damage|p2a: Kommo-o|77\/100\n|\n|upkeep\n|turn|7\n|-message|tu es tu forfeited.\n|\n|win|LegacyShowden\n|raw|tu es tu's rating: 1218 &rarr; <strong>1191<\/strong><br \/>(-27 for losing)\n|raw|LegacyShowden's rating: 1186 &rarr; <strong>1213<\/strong><br \/>(+27 for winning)\n|l|\u2606tu es tu\n","uploadtime":1700097552,"views":18,"p1id":"tuestu","p2id":"legacyshowden","formatid":"gen9vgc2023regulatione","rating":1191,"private":0,"password":""}