{"id":"gen9vgc2023regulatione-2000290514","p1":"CaltonD","p2":"NOVVANGLD","format":"[Gen 9] VGC 2023 Regulation E","log":"|j|\u2606CaltonD\n|j|\u203dNOVVANGLD\n|t:|1701181847\n|gametype|doubles\n|player|p1|CaltonD|170|1101\n|player|p2|NOVVANGLD|2|1079\n|teamsize|p1|6\n|teamsize|p2|6\n|gen|9\n|tier|[Gen 9] VGC 2023 Regulation E\n|rated|\n|rule|Species Clause: Limit one of each Pok\u00e9mon\n|rule|Item Clause: Limit one of each item\n|clearpoke\n|poke|p1|Arcanine, L50, F|\n|poke|p1|Ogerpon-Wellspring, L50, F|\n|poke|p1|Iron Hands, L50|\n|poke|p1|Dusclops, L50, F|\n|poke|p1|Weezing-Galar, L50, M|\n|poke|p1|Cresselia, L50, F|\n|poke|p2|Lilligant-Hisui, L50, F|\n|poke|p2|Grimmsnarl, L50, M|\n|poke|p2|Tauros-Paldea-Blaze, L50, M|\n|poke|p2|Sylveon, L50, F|\n|poke|p2|Garchomp, L50, M|\n|poke|p2|Ursaluna-Bloodmoon, L50, M|\n|teampreview|4\n|\n|t:|1701181902\n|start\n|switch|p1a: Arcanine|Arcanine, L50, F|100\/100\n|switch|p1b: Weezing|Weezing-Galar, L50, M|100\/100\n|switch|p2a: Tauros|Tauros-Paldea-Blaze, L50, M|100\/100\n|switch|p2b: Sylveon|Sylveon, L50, F|100\/100\n|-ability|p1b: Weezing|Neutralizing Gas\n|turn|1\n|\n|t:|1701181937\n|move|p2a: Tauros|Bulk Up|p2a: Tauros\n|-boost|p2a: Tauros|atk|1\n|-boost|p2a: Tauros|def|1\n|move|p1a: Arcanine|Snarl|p2a: Tauros|[spread] p2a,p2b\n|-resisted|p2a: Tauros\n|-resisted|p2b: Sylveon\n|-damage|p2a: Tauros|94\/100\n|-damage|p2b: Sylveon|98\/100\n|-unboost|p2a: Tauros|spa|1\n|-unboost|p2b: Sylveon|spa|1\n|move|p2b: Sylveon|Psychic|p1b: Weezing\n|-supereffective|p1b: Weezing\n|-damage|p1b: Weezing|42\/100\n|move|p1b: Weezing|Dazzling Gleam|p2a: Tauros|[spread] p2a,p2b\n|-damage|p2a: Tauros|57\/100\n|-damage|p2b: Sylveon|82\/100\n|\n|upkeep\n|turn|2\n|\n|t:|1701181985\n|move|p1b: Weezing|Protect|p1b: Weezing\n|-singleturn|p1b: Weezing|Protect\n|move|p2a: Tauros|Close Combat|p1a: Arcanine\n|-damage|p1a: Arcanine|13\/100\n|-unboost|p2a: Tauros|def|1\n|-unboost|p2a: Tauros|spd|1\n|move|p1a: Arcanine|Snarl|p2b: Sylveon|[spread] p2a\n|-miss|p1a: Arcanine|p2b: Sylveon\n|-resisted|p2a: Tauros\n|-damage|p2a: Tauros|47\/100\n|-unboost|p2a: Tauros|spa|1\n|move|p2b: Sylveon|Psychic|p1b: Weezing\n|-activate|p1b: Weezing|move: Protect\n|\n|upkeep\n|turn|3\n|\n|t:|1701182009\n|move|p1a: Arcanine|Protect|p1a: Arcanine\n|-singleturn|p1a: Arcanine|Protect\n|move|p2a: Tauros|Trailblaze|p1a: Arcanine\n|-activate|p1a: Arcanine|move: Protect\n|move|p2b: Sylveon|Hyper Voice|p1b: Weezing|[spread] p1b\n|-activate|p1a: Arcanine|move: Protect\n|-damage|p1b: Weezing|22\/100\n|move|p1b: Weezing|Dazzling Gleam|p2a: Tauros|[spread] p2a,p2b\n|-damage|p2a: Tauros|0 fnt\n|-damage|p2b: Sylveon|67\/100\n|faint|p2a: Tauros\n|\n|upkeep\n|\n|t:|1701182014\n|switch|p2a: Garchomp|Garchomp, L50, M|100\/100\n|turn|4\n|\n|t:|1701182049\n|switch|p1a: Dusclops|Dusclops, L50, F, shiny|100\/100\n|move|p1b: Weezing|Protect|p1b: Weezing\n|-singleturn|p1b: Weezing|Protect\n|move|p2a: Garchomp|Earthquake|p1a: Dusclops|[spread] p2b,p1a\n|-activate|p1b: Weezing|move: Protect\n|-damage|p2b: Sylveon|18\/100\n|-damage|p1a: Dusclops|77\/100\n|move|p2b: Sylveon|Hyper Voice|p1b: Weezing|[spread] \n|-activate|p1b: Weezing|move: Protect\n|-immune|p1a: Dusclops\n|\n|upkeep\n|turn|5\n|\n|t:|1701182070\n|move|p2a: Garchomp|Stealth Rock|p1b: Weezing\n|-sidestart|p1: CaltonD|move: Stealth Rock\n|move|p1b: Weezing|Will-O-Wisp|p2a: Garchomp\n|-status|p2a: Garchomp|brn\n|move|p2b: Sylveon|Psychic|p1b: Weezing\n|-supereffective|p1b: Weezing\n|-damage|p1b: Weezing|0 fnt\n|faint|p1b: Weezing\n|-end|p1b: Weezing|ability: Neutralizing Gas\n|-ability|p1a: Dusclops|Pressure\n|move|p1a: Dusclops|Trick Room|p1a: Dusclops\n|-fieldstart|move: Trick Room|[of] p1a: Dusclops\n|\n|-damage|p2a: Garchomp|94\/100 brn|[from] brn\n|upkeep\n|\n|t:|1701182088\n|switch|p1b: Arcanine|Arcanine, L50, F|13\/100\n|-damage|p1b: Arcanine|0 fnt|[from] Stealth Rock\n|faint|p1b: Arcanine\n|\n|t:|1701182093\n|switch|p1b: Iron Hands|Iron Hands, L50|100\/100\n|-damage|p1b: Iron Hands|94\/100|[from] Stealth Rock\n|-enditem|p1b: Iron Hands|Booster Energy\n|-activate|p1b: Iron Hands|ability: Quark Drive|[fromitem]\n|-start|p1b: Iron Hands|quarkdriveatk\n|turn|6\n|\n|t:|1701182115\n|move|p1b: Iron Hands|Fake Out|p2a: Garchomp\n|-crit|p2a: Garchomp\n|-damage|p2a: Garchomp|63\/100 brn\n|-damage|p1b: Iron Hands|82\/100|[from] ability: Rough Skin|[of] p2a: Garchomp\n|move|p1a: Dusclops|Night Shade|p2b: Sylveon\n|-damage|p2b: Sylveon|0 fnt\n|faint|p2b: Sylveon\n|cant|p2a: Garchomp|flinch\n|\n|-damage|p2a: Garchomp|57\/100 brn|[from] brn\n|upkeep\n|\n|t:|1701182122\n|switch|p2b: Grimmsnarl|Grimmsnarl, L50, M|100\/100\n|turn|7\n|\n|t:|1701182138\n|-terastallize|p1b: Iron Hands|Grass\n|move|p2a: Garchomp|Protect|p2a: Garchomp\n|-singleturn|p2a: Garchomp|Protect\n|move|p2b: Grimmsnarl|Trick|p1a: Dusclops\n|-activate|p2b: Grimmsnarl|move: Trick|[of] p1a: Dusclops\n|-item|p1a: Dusclops|Lagging Tail|[from] move: Trick\n|-item|p2b: Grimmsnarl|Eviolite|[from] move: Trick\n|move|p1a: Dusclops|Night Shade|p2a: Garchomp\n|-activate|p2a: Garchomp|move: Protect\n|move|p1b: Iron Hands|Drain Punch|p2b: Grimmsnarl\n|-damage|p2b: Grimmsnarl|26\/100\n|-heal|p1b: Iron Hands|100\/100|[from] drain|[of] p2b: Grimmsnarl\n|\n|-damage|p2a: Garchomp|51\/100 brn|[from] brn\n|upkeep\n|turn|8\n|\n|t:|1701182169\n|-terastallize|p2b: Grimmsnarl|Fire\n|move|p1b: Iron Hands|Ice Punch|p2a: Garchomp\n|-supereffective|p2a: Garchomp\n|-damage|p2a: Garchomp|0 fnt\n|-damage|p1b: Iron Hands|88\/100|[from] ability: Rough Skin|[of] p2a: Garchomp\n|faint|p2a: Garchomp\n|move|p2b: Grimmsnarl|Tera Blast|p1b: Iron Hands|[anim] Tera Blast Fire\n|-supereffective|p1b: Iron Hands\n|-damage|p1b: Iron Hands|49\/100\n|move|p1a: Dusclops|Night Shade|p2b: Grimmsnarl\n|-damage|p2b: Grimmsnarl|1\/100\n|\n|upkeep\n|turn|9\n|\n|t:|1701182188\n|move|p1b: Iron Hands|Drain Punch|p2b: Grimmsnarl\n|-damage|p2b: Grimmsnarl|0 fnt\n|-heal|p1b: Iron Hands|50\/100|[from] drain|[of] p2b: Grimmsnarl\n|faint|p2b: Grimmsnarl\n|\n|win|CaltonD\n|raw|CaltonD's rating: 1101 &rarr; <strong>1124<\/strong><br \/>(+23 for winning)\n|raw|NOVVANGLD's rating: 1079 &rarr; <strong>1059<\/strong><br \/>(-20 for losing)\n","uploadtime":1701182205,"views":4,"p1id":"caltond","p2id":"novvangld","formatid":"gen9vgc2023regulatione","rating":1059,"private":0,"password":""}