{"id":"gen9vgc2023regulatione-1998187056","p1":"vlopes777","p2":"Torbijorn","format":"[Gen 9] VGC 2023 Regulation E","log":"|j|\u2606vlopes777\n|j|\u2606Torbijorn\n|t:|1700908865\n|gametype|doubles\n|player|p1|vlopes777|pokekid|1189\n|player|p2|Torbijorn|preschooler|1111\n|teamsize|p1|6\n|teamsize|p2|6\n|gen|9\n|tier|[Gen 9] VGC 2023 Regulation E\n|rated|\n|rule|Species Clause: Limit one of each Pok\u00e9mon\n|rule|Item Clause: Limit one of each item\n|clearpoke\n|poke|p1|Landorus-Therian, L50, M|\n|poke|p1|Tornadus, L50, M|\n|poke|p1|Iron Hands, L50|\n|poke|p1|Amoonguss, L50, M|\n|poke|p1|Heatran, L50, M|\n|poke|p1|Flutter Mane, L50|\n|poke|p2|Ogerpon-Hearthflame, L50, F|\n|poke|p2|Urshifu-*, L50, M|\n|poke|p2|Tornadus, L50, M|\n|poke|p2|Landorus-Therian, L50, M|\n|poke|p2|Flutter Mane, L50|\n|poke|p2|Kingambit, L50, M|\n|teampreview|4\n|inactive|Battle timer is ON: inactive players will automatically lose when time's up. (requested by vlopes777)\nvlopes777 has agreed to open team sheets.\n|inactive|vlopes777 has 60 seconds left.\n|inactive|Torbijorn has 60 seconds left.\n|\n|t:|1700908923\n|start\n|switch|p1a: Iron Hands|Iron Hands, L50|100\/100\n|switch|p1b: Flutter Mane|Flutter Mane, L50|100\/100\n|switch|p2a: Urshifu|Urshifu-Rapid-Strike, L50, M|100\/100\n|switch|p2b: Tornadus|Tornadus, L50, M|100\/100\n|turn|1\n|\n|t:|1700908937\n|-end|p1b: Flutter Mane|Protosynthesis|[silent]\n|switch|p1b: Amoonguss|Amoonguss, L50, M|100\/100\n|move|p2a: Urshifu|Protect|p2a: Urshifu\n|-singleturn|p2a: Urshifu|Protect\n|move|p2b: Tornadus|Tailwind|p2b: Tornadus\n|-sidestart|p2: Torbijorn|move: Tailwind\n|move|p1a: Iron Hands|Wild Charge|p2b: Tornadus\n|-supereffective|p2b: Tornadus\n|-damage|p2b: Tornadus|0 fnt\n|faint|p2b: Tornadus\n|-damage|p1a: Iron Hands|81\/100|[from] Recoil\n|\n|upkeep\n|\n|t:|1700908951\n|switch|p2b: Ogerpon|Ogerpon-Hearthflame, L50, F|100\/100\n|-ability|p2b: Ogerpon|Mold Breaker\n|turn|2\n|inactive|vlopes777 has 30 seconds left.\n|inactive|vlopes777 has 20 seconds left.\n|inactive|vlopes777 has 15 seconds left.\n|inactive|vlopes777 has 10 seconds left.\n|inactive|vlopes777 has 5 seconds left.\n|\n|t:|1700909003\n|-terastallize|p1b: Amoonguss|Water\n|move|p2a: Urshifu|Surging Strikes|p1a: Iron Hands\n|-crit|p1a: Iron Hands\n|-damage|p1a: Iron Hands|66\/100\n|-crit|p1a: Iron Hands\n|-damage|p1a: Iron Hands|53\/100\n|-crit|p1a: Iron Hands\n|-damage|p1a: Iron Hands|39\/100\n|-hitcount|p1a: Iron Hands|3\n|move|p2b: Ogerpon|Ivy Cudgel|p1b: Amoonguss|[anim] Ivy Cudgel Fire\n|-resisted|p1b: Amoonguss\n|-damage|p1b: Amoonguss|76\/100\n|move|p1a: Iron Hands|Wild Charge|p2a: Urshifu\n|-supereffective|p2a: Urshifu\n|-damage|p2a: Urshifu|12\/100\n|-damage|p1a: Iron Hands|23\/100|[from] Recoil\n|move|p1b: Amoonguss|Spore|p2a: Urshifu\n|-status|p2a: Urshifu|slp|[from] move: Spore\n|\n|upkeep\n|turn|3\n|inactive|vlopes777 has 30 seconds left.\n|inactive|Torbijorn has 30 seconds left.\n|inactive|vlopes777 has 20 seconds left.\n|inactive|vlopes777 has 15 seconds left.\n|\n|t:|1700909044\n|-end|p1a: Iron Hands|Quark Drive|[silent]\n|switch|p1a: Heatran|Heatran, L50, M|100\/100\n|cant|p2a: Urshifu|slp\n|move|p2b: Ogerpon|Horn Leech|p1b: Amoonguss\n|-supereffective|p1b: Amoonguss\n|-damage|p1b: Amoonguss|10\/100\n|-enditem|p1b: Amoonguss|Sitrus Berry|[eat]\n|-heal|p1b: Amoonguss|35\/100|[from] item: Sitrus Berry\n|move|p1b: Amoonguss|Pollen Puff|p2b: Ogerpon\n|-damage|p2b: Ogerpon|81\/100\n|\n|upkeep\n|turn|4\n|inactive|vlopes777 has 30 seconds left.\n|\n|t:|1700909069\n|-terastallize|p2b: Ogerpon|Fire\n|detailschange|p2b: Ogerpon|Ogerpon-Hearthflame-Tera, L50, F, tera:Fire\n|-ability|p2b: Ogerpon|Embody Aspect (Hearthflame)|boost\n|-boost|p2b: Ogerpon|atk|1\n|move|p1b: Amoonguss|Rage Powder|p1b: Amoonguss\n|-singleturn|p1b: Amoonguss|move: Rage Powder\n|cant|p2a: Urshifu|slp\n|move|p2b: Ogerpon|Horn Leech|p1b: Amoonguss\n|-supereffective|p1b: Amoonguss\n|-damage|p1b: Amoonguss|0 fnt\n|-heal|p2b: Ogerpon|100\/100|[from] drain|[of] p1b: Amoonguss\n|faint|p1b: Amoonguss\n|move|p1a: Heatran|Heat Wave|p2a: Urshifu|[spread] p2a,p2b\n|-resisted|p2a: Urshifu\n|-resisted|p2b: Ogerpon\n|-damage|p2a: Urshifu|0 fnt\n|-damage|p2b: Ogerpon|79\/100\n|faint|p2a: Urshifu\n|-damage|p1a: Heatran|91\/100|[from] item: Life Orb\n|\n|-sideend|p2: Torbijorn|move: Tailwind\n|upkeep\n|inactive|vlopes777 has 30 seconds left.\n|\n|t:|1700909095\n|switch|p2a: Flutter Mane|Flutter Mane, L50|100\/100\n|switch|p1b: Iron Hands|Iron Hands, L50|23\/100\n|turn|5\n|inactive|Torbijorn has 30 seconds left.\n|\n|t:|1700909125\n|move|p1b: Iron Hands|Fake Out|p2b: Ogerpon\n|-damage|p2b: Ogerpon|66\/100\n|move|p2a: Flutter Mane|Shadow Ball|p1a: Heatran\n|-damage|p1a: Heatran|51\/100\n|cant|p2b: Ogerpon|flinch\n|move|p1a: Heatran|Flash Cannon|p2a: Flutter Mane\n|-supereffective|p2a: Flutter Mane\n|-damage|p2a: Flutter Mane|5\/100\n|-damage|p1a: Heatran|41\/100|[from] item: Life Orb\n|\n|upkeep\n|turn|6\n|\n|t:|1700909147\n|move|p2a: Flutter Mane|Shadow Ball|p1a: Heatran\n|-damage|p1a: Heatran|0 fnt\n|faint|p1a: Heatran\n|move|p2b: Ogerpon|Horn Leech|p1b: Iron Hands\n|-damage|p1b: Iron Hands|0 fnt\n|-heal|p2b: Ogerpon|81\/100|[from] drain|[of] p1b: Iron Hands\n|faint|p1b: Iron Hands\n|-end|p1b: Iron Hands|Quark Drive|[silent]\n|\n|upkeep\n|\n|t:|1700909162\n|switch|p1a: Flutter Mane|Flutter Mane, L50|100\/100\n|turn|7\n|\n|t:|1700909169\n|move|p2a: Flutter Mane|Shadow Ball|p1a: Flutter Mane\n|-supereffective|p1a: Flutter Mane\n|-damage|p1a: Flutter Mane|0 fnt\n|faint|p1a: Flutter Mane\n|-end|p1a: Flutter Mane|Protosynthesis|[silent]\n|\n|win|Torbijorn\n|raw|vlopes777's rating: 1189 &rarr; <strong>1158<\/strong><br \/>(-31 for losing)\n|raw|Torbijorn's rating: 1111 &rarr; <strong>1142<\/strong><br \/>(+31 for winning)\n|l|\u2606Torbijorn\n","uploadtime":1700909180,"views":6,"p1id":"vlopes777","p2id":"torbijorn","formatid":"gen9vgc2023regulatione","rating":1142,"private":0,"password":""}