{"id":"gen9vgc2023regulatione-1996683381","p1":"HEARSWHOS","p2":"feelinbuggy","format":"[Gen 9] VGC 2023 Regulation E","log":"|j|\u2606HEARSWHOS\n|j|\u2606feelinbuggy\n|t:|1700709278\n|gametype|doubles\n|player|p1|HEARSWHOS|dancer|1102\n|player|p2|feelinbuggy|bugcatcher|1000\n|teamsize|p1|6\n|teamsize|p2|6\n|gen|9\n|tier|[Gen 9] VGC 2023 Regulation E\n|rated|\n|rule|Species Clause: Limit one of each Pok\u00e9mon\n|rule|Item Clause: Limit one of each item\n|clearpoke\n|poke|p1|Moltres-Galar, L50|\n|poke|p1|Golem, L50, M|\n|poke|p1|Oranguru, L50, M|\n|poke|p1|Lurantis, L50, M|\n|poke|p1|Slowbro, L50, F|\n|poke|p1|Chandelure, L50, F|\n|poke|p2|Amoonguss, L50, F|\n|poke|p2|Heatran, L50, F|\n|poke|p2|Roaring Moon, L50|\n|poke|p2|Iron Hands, L50|\n|poke|p2|Flutter Mane, L50|\n|poke|p2|Landorus-Therian, L50, M|\n|teampreview|4\nfeelinbuggy has agreed to open team sheets.\n|c|\u2606feelinbuggy|glhf\n|c|\u2606HEARSWHOS|glhf\n|\n|t:|1700709326\n|start\n|switch|p1a: Chandelure|Chandelure, L50, F|100\/100\n|switch|p1b: Slowbro|Slowbro, L50, F|100\/100\n|switch|p2a: Amoonguss|Amoonguss, L50, F|100\/100\n|switch|p2b: Roaring Moon|Roaring Moon, L50|100\/100\n|-enditem|p2b: Roaring Moon|Booster Energy\n|-activate|p2b: Roaring Moon|ability: Protosynthesis|[fromitem]\n|-start|p2b: Roaring Moon|protosynthesisspe\n|turn|1\n|\n|t:|1700709341\n|-terastallize|p1a: Chandelure|Normal\n|move|p2b: Roaring Moon|Knock Off|p1a: Chandelure\n|-damage|p1a: Chandelure|41\/100\n|-enditem|p1a: Chandelure|Choice Specs|[from] move: Knock Off|[of] p2b: Roaring Moon\n|move|p1a: Chandelure|Heat Wave|p2b: Roaring Moon|[spread] p2a,p2b\n|-supereffective|p2a: Amoonguss\n|-resisted|p2b: Roaring Moon\n|-damage|p2a: Amoonguss|28\/100\n|-damage|p2b: Roaring Moon|79\/100\n|move|p2a: Amoonguss|Spore|p1b: Slowbro\n|-status|p1b: Slowbro|slp|[from] move: Spore\n|cant|p1b: Slowbro|slp\n|\n|upkeep\n|turn|2\n|\n|t:|1700709364\n|switch|p1b: Golem|Golem, L50, M|100\/100\n|move|p2a: Amoonguss|Protect|p2a: Amoonguss\n|-singleturn|p2a: Amoonguss|Protect\n|move|p2b: Roaring Moon|Knock Off|p1b: Golem\n|-damage|p1b: Golem|57\/100\n|-damage|p2b: Roaring Moon|63\/100|[from] item: Rocky Helmet|[of] p1b: Golem\n|-enditem|p1b: Golem|Rocky Helmet|[from] move: Knock Off|[of] p2b: Roaring Moon\n|move|p1a: Chandelure|Hyper Beam|p2b: Roaring Moon\n|-damage|p2b: Roaring Moon|0 fnt\n|-mustrecharge|p1a: Chandelure\n|faint|p2b: Roaring Moon\n|-end|p2b: Roaring Moon|Protosynthesis|[silent]\n|\n|upkeep\n|\n|t:|1700709379\n|switch|p2b: Flutter Mane|Flutter Mane, L50|100\/100\n|turn|3\n|\n|t:|1700709389\n|switch|p2a: Iron Hands|Iron Hands, L50|100\/100\n|-terastallize|p2b: Flutter Mane|Fairy\n|move|p1b: Golem|Protect|p1b: Golem\n|-singleturn|p1b: Golem|Protect\n|move|p2b: Flutter Mane|Moonblast|p1b: Golem\n|-activate|p1b: Golem|move: Protect\n|cant|p1a: Chandelure|recharge\n|\n|upkeep\n|turn|4\n|\n|t:|1700709404\n|move|p2a: Iron Hands|Fake Out|p1a: Chandelure\n|-damage|p1a: Chandelure|21\/100\n|move|p2b: Flutter Mane|Moonblast|p1b: Golem\n|-damage|p1b: Golem|0 fnt\n|faint|p1b: Golem\n|cant|p1a: Chandelure|flinch\n|\n|upkeep\n|\n|t:|1700709411\n|switch|p1b: Slowbro|Slowbro, L50, F|100\/100 slp\n|turn|5\n|\n|t:|1700709432\n|move|p2b: Flutter Mane|Moonblast|p1a: Chandelure\n|-damage|p1a: Chandelure|0 fnt\n|faint|p1a: Chandelure\n|move|p2a: Iron Hands|Wild Charge|p1b: Slowbro\n|-supereffective|p1b: Slowbro\n|-crit|p1b: Slowbro\n|-damage|p1b: Slowbro|0 fnt\n|faint|p1b: Slowbro\n|-damage|p2a: Iron Hands|78\/100|[from] Recoil\n|\n|upkeep\n|-message|HEARSWHOS forfeited.\n|\n|win|feelinbuggy\n|raw|HEARSWHOS's rating: 1102 &rarr; <strong>1070<\/strong><br \/>(-32 for losing)\n|raw|feelinbuggy's rating: 1000 &rarr; <strong>1051<\/strong><br \/>(+51 for winning)\n|l|\u2606HEARSWHOS\n","uploadtime":1700709448,"views":14,"p1id":"hearswhos","p2id":"feelinbuggy","formatid":"gen9vgc2023regulatione","rating":1051,"private":0,"password":""}