{"id":"gen9vgc2023regulatione-1994433416","p1":"Teh Umby","p2":"donmitchie","format":"[Gen 9] VGC 2023 Regulation E","log":"|j|\u2606Teh Umby\n|j|\u2606donmitchie\n|n|\u2606Teh Umby|tehumby\n|n|\u2606donmitchie|donmitchie\n|html|View the match progress at <a href=\"\/game-bestof3-gen9vgc2023regulatione-1994433415\">game-bestof3-gen9vgc2023regulatione-1994433415<\/a>\n|t:|1700443412\n|gametype|doubles\n|player|p1|Teh Umby|clair|\n|player|p2|donmitchie|169|\n|teamsize|p1|6\n|teamsize|p2|6\n|gen|9\n|tier|[Gen 9] VGC 2023 Regulation E\n|rule|Species Clause: Limit one of each Pok\u00e9mon\n|rule|Item Clause: Limit one of each item\n|clearpoke\n|poke|p1|Roaring Moon, L50|\n|poke|p1|Sinistcha, L50|\n|poke|p1|Politoed, L50, M|\n|poke|p1|Thundurus-Therian, L50, M|\n|poke|p1|Tinkaton, L50, F|\n|poke|p1|Inteleon, L50, F|\n|poke|p2|Fletchinder, L50, F|\n|poke|p2|Urshifu-*, L50, M|\n|poke|p2|Amoonguss, L50, M|\n|poke|p2|Pelipper, L50, M|\n|poke|p2|Farigiraf, L50, M|\n|poke|p2|Dragalge, L50, F|\n|teampreview|4\n|inactive|Battle timer is ON: inactive players will automatically lose when time's up. (requested by donmitchie)\n|inactiveoff|Battle timer is now OFF.\n|c|\u2606donmitchie|https:\/\/pokepast.es\/c627b175dd9676d0\n|c|\u2606Teh Umby|Teras: https:\/\/pokepast.es\/cda4c281badc2e63\n|c|\u2606donmitchie|GLHF\n|c|\u2606Teh Umby|You too\n|\n|t:|1700443492\n|start\n|switch|p1a: Tinkaton|Tinkaton, L50, F|100\/100\n|switch|p1b: Roaring Moon|Roaring Moon, L50|100\/100\n|switch|p2a: Urshifu|Urshifu-Rapid-Strike, L50, M|100\/100\n|switch|p2b: Fletchinder|Fletchinder, L50, F|100\/100\n|-ability|p1a: Tinkaton|Mold Breaker\n|-enditem|p1b: Roaring Moon|Booster Energy\n|-activate|p1b: Roaring Moon|ability: Protosynthesis|[fromitem]\n|-start|p1b: Roaring Moon|protosynthesisspe\n|turn|1\n|\n|t:|1700443517\n|move|p2a: Urshifu|Detect|p2a: Urshifu\n|-singleturn|p2a: Urshifu|Protect\n|move|p1a: Tinkaton|Fake Out|p2a: Urshifu\n|-activate|p2a: Urshifu|move: Protect\n|move|p1b: Roaring Moon|Substitute|p1b: Roaring Moon\n|-start|p1b: Roaring Moon|Substitute\n|-damage|p1b: Roaring Moon|75\/100\n|move|p2b: Fletchinder|Will-O-Wisp|p1b: Roaring Moon|[miss]\n|-miss|p2b: Fletchinder|p1b: Roaring Moon\n|\n|upkeep\n|turn|2\n|\n|t:|1700443560\n|-terastallize|p2a: Urshifu|Water\n|move|p2b: Fletchinder|Tailwind|p2b: Fletchinder\n|-sidestart|p2: donmitchie|move: Tailwind\n|move|p2a: Urshifu|Surging Strikes|p1a: Tinkaton\n|-crit|p1a: Tinkaton\n|-damage|p1a: Tinkaton|56\/100\n|-crit|p1a: Tinkaton\n|-damage|p1a: Tinkaton|10\/100\n|-crit|p1a: Tinkaton\n|-damage|p1a: Tinkaton|0 fnt\n|faint|p1a: Tinkaton\n|-hitcount|p1: Tinkaton|3\n|move|p1b: Roaring Moon|Acrobatics|p2a: Urshifu\n|-damage|p2a: Urshifu|62\/100\n|\n|upkeep\n|\n|t:|1700443574\n|switch|p1a: Sinistcha|Sinistcha, L50|100\/100\n|-heal|p1b: Roaring Moon|100\/100|[from] ability: Hospitality|[of] p1a: Sinistcha\n|turn|3\n|\n|t:|1700443600\n|move|p1a: Sinistcha|Protect|p1a: Sinistcha\n|-singleturn|p1a: Sinistcha|Protect\n|move|p2b: Fletchinder|Brave Bird|p1b: Roaring Moon\n|-end|p1b: Roaring Moon|Substitute\n|-damage|p2b: Fletchinder|90\/100|[from] Recoil|[of] p1b: Roaring Moon\n|move|p2a: Urshifu|Close Combat|p1b: Roaring Moon\n|-supereffective|p1b: Roaring Moon\n|-damage|p1b: Roaring Moon|0 fnt\n|-unboost|p2a: Urshifu|def|1\n|-unboost|p2a: Urshifu|spd|1\n|faint|p1b: Roaring Moon\n|-end|p1b: Roaring Moon|Protosynthesis|[silent]\n|\n|upkeep\n|\n|t:|1700443611\n|switch|p1b: Politoed|Politoed, L50, M|100\/100\n|turn|4\n|\n|t:|1700443646\n|-terastallize|p1b: Politoed|Psychic\n|move|p2b: Fletchinder|Brave Bird|p1a: Sinistcha\n|-supereffective|p1a: Sinistcha\n|-damage|p1a: Sinistcha|18\/100\n|-damage|p2b: Fletchinder|55\/100|[from] Recoil\n|move|p2a: Urshifu|Surging Strikes|p1a: Sinistcha\n|-resisted|p1a: Sinistcha\n|-crit|p1a: Sinistcha\n|-damage|p1a: Sinistcha|2\/100\n|-resisted|p1a: Sinistcha\n|-crit|p1a: Sinistcha\n|-damage|p1a: Sinistcha|0 fnt\n|faint|p1a: Sinistcha\n|-hitcount|p1: Sinistcha|2\n|move|p1b: Politoed|Muddy Water|p2a: Urshifu|[spread] \n|-miss|p1b: Politoed|p2a: Urshifu\n|-miss|p1b: Politoed|p2b: Fletchinder\n|\n|upkeep\n|turn|5\n|c|\u2606donmitchie|gg\n|\n|t:|1700443661\n|move|p2b: Fletchinder|Brave Bird|p1b: Politoed\n|-damage|p1b: Politoed|48\/100\n|-damage|p2b: Fletchinder|33\/100|[from] Recoil\n|move|p2a: Urshifu|Surging Strikes|p1b: Politoed\n|-heal|p1b: Politoed|73\/100|[from] ability: Water Absorb|[of] p2a: Urshifu\n|move|p1b: Politoed|Muddy Water|p2b: Fletchinder|[spread] p2a,p2b\n|-resisted|p2a: Urshifu\n|-supereffective|p2b: Fletchinder\n|-crit|p2b: Fletchinder\n|-damage|p2a: Urshifu|12\/100\n|-damage|p2b: Fletchinder|0 fnt\n|faint|p2b: Fletchinder\n|\n|-sideend|p2: donmitchie|move: Tailwind\n|upkeep\n|\n|t:|1700443669\n|switch|p2b: Dragalge|Dragalge, L50, F|100\/100\n|turn|6\n|\n|t:|1700443679\n|move|p2a: Urshifu|Detect|p2a: Urshifu\n|-singleturn|p2a: Urshifu|Protect\n|move|p1b: Politoed|Muddy Water|p2b: Dragalge|[spread] p2b\n|-activate|p2a: Urshifu|move: Protect\n|-resisted|p2b: Dragalge\n|-damage|p2b: Dragalge|78\/100\n|move|p2b: Dragalge|Sludge Bomb|p1b: Politoed\n|-damage|p1b: Politoed|0 fnt\n|faint|p1b: Politoed\n|-damage|p2b: Dragalge|68\/100|[from] item: Life Orb\n|\n|win|donmitchie\n|c|\u2606Teh Umby|gg\n|inactive|Teh Umby has 50 seconds to confirm battle start!\n|inactive|donmitchie has 50 seconds to confirm battle start!\n","uploadtime":1700443691,"views":18,"p1id":"tehumby","p2id":"donmitchie","formatid":"gen9vgc2023regulatione","rating":0,"private":0,"password":""}