{"id":"gen9vgc2023regulatione-1993909821","p1":"BraddingtonWA","p2":"croix-mer","format":"[Gen 9] VGC 2023 Regulation E","log":"|j|\u2606BraddingtonWA\n|j|\u2606croix-mer\n|t:|1700373823\n|gametype|doubles\n|player|p1|BraddingtonWA|hilda|1020\n|player|p2|croix-mer|flannery|1053\n|teamsize|p1|6\n|teamsize|p2|6\n|gen|9\n|tier|[Gen 9] VGC 2023 Regulation E\n|rated|\n|rule|Species Clause: Limit one of each Pok\u00e9mon\n|rule|Item Clause: Limit one of each item\n|clearpoke\n|poke|p1|Urshifu-*, L50, M|\n|poke|p1|Farigiraf, L50, F|\n|poke|p1|Clefairy, L50, M|\n|poke|p1|Ogerpon-Hearthflame, L50, F|\n|poke|p1|Ursaluna-Bloodmoon, L50, M|\n|poke|p1|Okidogi, L50, M|\n|poke|p2|Gholdengo, L50|\n|poke|p2|Iron Hands, L50|\n|poke|p2|Amoonguss, L50, F|\n|poke|p2|Iron Bundle, L50|\n|poke|p2|Pelipper, L50, M|\n|poke|p2|Salamence, L50, F|\n|teampreview|4\n|inactive|Battle timer is ON: inactive players will automatically lose when time's up. (requested by BraddingtonWA)\n|\n|t:|1700373873\n|start\n|switch|p1a: Farigiraf|Farigiraf, L50, F|100\/100\n|switch|p1b: Ursaluna|Ursaluna-Bloodmoon, L50, M|100\/100\n|switch|p2a: Pepino|Pelipper, L50, M|100\/100\n|switch|p2b: Salamence|Salamence, L50, F|100\/100\n|-ability|p2b: Salamence|Intimidate|boost\n|-unboost|p1a: Farigiraf|atk|1\n|-unboost|p1b: Ursaluna|atk|1\n|-weather|RainDance|[from] ability: Drizzle|[of] p2a: Pepino\n|turn|1\n|inactive|BraddingtonWA has 30 seconds left.\n|inactive|croix-mer has 30 seconds left.\n|\n|t:|1700373901\n|move|p2b: Salamence|Hurricane|p1b: Ursaluna\n|-damage|p1b: Ursaluna|40\/100\n|move|p2a: Pepino|Hurricane|p1b: Ursaluna\n|-damage|p1b: Ursaluna|0 fnt\n|faint|p1b: Ursaluna\n|move|p1a: Farigiraf|Trick Room|p1a: Farigiraf\n|-fieldstart|move: Trick Room|[of] p1a: Farigiraf\n|\n|-weather|RainDance|[upkeep]\n|upkeep\n|\n|t:|1700373911\n|switch|p1b: Okidogi|Okidogi, L50, M|100\/100\n|turn|2\n|\n|t:|1700373931\n|-terastallize|p1b: Okidogi|Water\n|-terastallize|p2b: Salamence|Flying\n|move|p2a: Pepino|Protect|p2a: Pepino\n|-singleturn|p2a: Pepino|Protect\n|move|p1a: Farigiraf|Dazzling Gleam|p2a: Pepino|[spread] p2b\n|-activate|p2a: Pepino|move: Protect\n|-damage|p2b: Salamence|80\/100\n|move|p1b: Okidogi|Ice Punch|p2b: Salamence\n|-supereffective|p2b: Salamence\n|-damage|p2b: Salamence|8\/100\n|move|p2b: Salamence|Hurricane|p1b: Okidogi\n|-damage|p1b: Okidogi|59\/100\n|\n|-weather|RainDance|[upkeep]\n|upkeep\n|turn|3\n|inactive|croix-mer has 30 seconds left.\n|inactive|croix-mer has 20 seconds left.\n|inactive|croix-mer has 15 seconds left.\n|\n|t:|1700373972\n|switch|p2b: Iron Bundle|Iron Bundle, L50|100\/100\n|-enditem|p2b: Iron Bundle|Booster Energy\n|-activate|p2b: Iron Bundle|ability: Quark Drive|[fromitem]\n|-start|p2b: Iron Bundle|quarkdrivespe\n|move|p2a: Pepino|Wide Guard|p2a: Pepino\n|-singleturn|p2a: Pepino|Wide Guard\n|move|p1a: Farigiraf|Psychic|p2b: Iron Bundle\n|-damage|p2b: Iron Bundle|42\/100\n|move|p1b: Okidogi|Ice Punch|p2a: Pepino\n|-damage|p2a: Pepino|67\/100\n|\n|-weather|RainDance|[upkeep]\n|upkeep\n|turn|4\n|inactive|BraddingtonWA has 30 seconds left.\n|inactive|croix-mer has 30 seconds left.\n|\n|t:|1700374000\n|move|p2b: Iron Bundle|Protect|p2b: Iron Bundle\n|-singleturn|p2b: Iron Bundle|Protect\n|move|p1a: Farigiraf|Psychic|p2b: Iron Bundle\n|-activate|p2b: Iron Bundle|move: Protect\n|move|p1b: Okidogi|Ice Punch|p2a: Pepino\n|-damage|p2a: Pepino|36\/100\n|move|p2a: Pepino|Hurricane|p1b: Okidogi\n|-damage|p1b: Okidogi|34\/100\n|\n|-weather|RainDance|[upkeep]\n|upkeep\n|turn|5\n|inactive|croix-mer has 30 seconds left.\n|\n|t:|1700374027\n|-end|p2b: Iron Bundle|Quark Drive|[silent]\n|switch|p2b: Amoonguss|Amoonguss, L50, F|100\/100\n|move|p2a: Pepino|Protect|p2a: Pepino\n|-singleturn|p2a: Pepino|Protect\n|move|p1a: Farigiraf|Nasty Plot|p1a: Farigiraf\n|-boost|p1a: Farigiraf|spa|2\n|move|p1b: Okidogi|Brick Break|p2b: Amoonguss\n|-resisted|p2b: Amoonguss\n|-damage|p2b: Amoonguss|86\/100\n|\n|-weather|none\n|-fieldend|move: Trick Room\n|upkeep\n|turn|6\n|\n|t:|1700374048\n|switch|p2a: Iron Bundle|Iron Bundle, L50|42\/100\n|move|p1b: Okidogi|Ice Punch|p2a: Iron Bundle\n|-resisted|p2a: Iron Bundle\n|-damage|p2a: Iron Bundle|35\/100\n|move|p1a: Farigiraf|Psychic|p2b: Amoonguss\n|-supereffective|p2b: Amoonguss\n|-damage|p2b: Amoonguss|0 fnt\n|faint|p2b: Amoonguss\n|\n|upkeep\n|\n|t:|1700374058\n|switch|p2b: Pepino|Pelipper, L50, M|36\/100\n|-weather|RainDance|[from] ability: Drizzle|[of] p2b: Pepino\n|turn|7\n|\n|t:|1700374079\n|move|p2a: Iron Bundle|Freeze-Dry|p1a: Farigiraf\n|-damage|p1a: Farigiraf|72\/100\n|move|p2b: Pepino|Hurricane|p1a: Farigiraf\n|-damage|p1a: Farigiraf|34\/100\n|-start|p1a: Farigiraf|confusion\n|-enditem|p1a: Farigiraf|Sitrus Berry|[eat]\n|-heal|p1a: Farigiraf|59\/100|[from] item: Sitrus Berry\n|move|p1b: Okidogi|Poison Jab|p2b: Pepino\n|-damage|p2b: Pepino|0 fnt\n|faint|p2b: Pepino\n|-activate|p1a: Farigiraf|confusion\n|move|p1a: Farigiraf|Trick Room|p1a: Farigiraf\n|-fieldstart|move: Trick Room|[of] p1a: Farigiraf\n|\n|-weather|RainDance|[upkeep]\n|upkeep\n|\n|t:|1700374092\n|switch|p2b: Salamence|Salamence, L50, F, tera:Flying|8\/100\n|-ability|p2b: Salamence|Intimidate|boost\n|-unboost|p1a: Farigiraf|atk|1\n|-ability|p1b: Okidogi|Guard Dog|boost\n|-boost|p1b: Okidogi|atk|1\n|turn|8\n|\n|t:|1700374105\n|-activate|p1a: Farigiraf|confusion\n|-damage|p1a: Farigiraf|56\/100|[from] confusion\n|move|p1b: Okidogi|Ice Punch|p2b: Salamence\n|-supereffective|p2b: Salamence\n|-damage|p2b: Salamence|0 fnt\n|faint|p2b: Salamence\n|move|p2a: Iron Bundle|Icy Wind|p1a: Farigiraf|[spread] p1a\n|-miss|p2a: Iron Bundle|p1b: Okidogi\n|-damage|p1a: Farigiraf|39\/100\n|-unboost|p1a: Farigiraf|spe|1\n|\n|-weather|RainDance|[upkeep]\n|upkeep\n|turn|9\n|\n|t:|1700374123\n|-activate|p1a: Farigiraf|confusion\n|move|p1a: Farigiraf|Psychic|p2a: Iron Bundle\n|-damage|p2a: Iron Bundle|0 fnt\n|faint|p2a: Iron Bundle\n|-end|p2a: Iron Bundle|Quark Drive|[silent]\n|\n|win|BraddingtonWA\n|raw|BraddingtonWA's rating: 1020 &rarr; <strong>1061<\/strong><br \/>(+41 for winning)\n|raw|croix-mer's rating: 1053 &rarr; <strong>1033<\/strong><br \/>(-20 for losing)\n|l|\u2606croix-mer\n","uploadtime":1700374135,"views":7,"p1id":"braddingtonwa","p2id":"croixmer","formatid":"gen9vgc2023regulatione","rating":1033,"private":0,"password":""}