{"id":"gen9vgc2023regulatione-1989060630","p1":"samo00001","p2":"rennui-","format":"[Gen 9] VGC 2023 Regulation E","log":"|j|\u2606samo00001\n|j|\u2606rennui-\n|t:|1699807820\n|gametype|doubles\n|player|p1|samo00001|265|1170\n|player|p2|rennui-|erika|1255\n|teamsize|p1|6\n|teamsize|p2|6\n|gen|9\n|tier|[Gen 9] VGC 2023 Regulation E\n|rated|\n|rule|Species Clause: Limit one of each Pok\u00e9mon\n|rule|Item Clause: Limit one of each item\n|clearpoke\n|poke|p1|Breloom, L50, M|\n|poke|p1|Tornadus, L50, M|\n|poke|p1|Sylveon, L50, M|\n|poke|p1|Ogerpon-Wellspring, L50, F|\n|poke|p1|Iron Hands, L50|\n|poke|p1|Gyarados, L50, F|\n|poke|p2|Flutter Mane, L50|\n|poke|p2|Chi-Yu, L50|\n|poke|p2|Torkoal, L50, M|\n|poke|p2|Ogerpon-Wellspring, L50, F|\n|poke|p2|Farigiraf, L50, M|\n|poke|p2|Iron Hands, L50|\n|teampreview|4\nrennui- has agreed to open team sheets.\n|\n|t:|1699807851\n|start\n|switch|p1a: Tornadus|Tornadus, L50, M|100\/100\n|switch|p1b: Sylveon|Sylveon, L50, M, shiny|100\/100\n|switch|p2a: Ogerpon|Ogerpon-Wellspring, L50, F|100\/100\n|switch|p2b: Farigiraf|Farigiraf, L50, M, shiny|100\/100\n|turn|1\n|\n|t:|1699807886\n|-terastallize|p2a: Ogerpon|Water\n|detailschange|p2a: Ogerpon|Ogerpon-Wellspring-Tera, L50, F, tera:Water\n|-ability|p2a: Ogerpon|Embody Aspect (Wellspring)|boost\n|-boost|p2a: Ogerpon|spd|1\n|move|p1a: Tornadus|Bleakwind Storm|p2b: Farigiraf|[spread] p2b\n|-miss|p1a: Tornadus|p2a: Ogerpon\n|-damage|p2b: Farigiraf|70\/100\n|move|p2a: Ogerpon|Ivy Cudgel|p1b: Sylveon\n|-damage|p1b: Sylveon|26\/100\n|move|p1b: Sylveon|Hyper Voice|p2a: Ogerpon|[spread] p2a,p2b\n|-damage|p2a: Ogerpon|78\/100\n|-damage|p2b: Farigiraf|34\/100\n|-enditem|p2b: Farigiraf|Sitrus Berry|[eat]\n|-heal|p2b: Farigiraf|58\/100|[from] item: Sitrus Berry\n|-enditem|p1b: Sylveon|Throat Spray\n|-boost|p1b: Sylveon|spa|1|[from] item: Throat Spray\n|move|p2b: Farigiraf|Trick Room|p2b: Farigiraf\n|-fieldstart|move: Trick Room|[of] p2b: Farigiraf\n|\n|upkeep\n|turn|2\n|\n|t:|1699807927\n|switch|p1a: Ogerpon|Ogerpon-Wellspring, L50, F|100\/100\n|move|p1b: Sylveon|Protect|p1b: Sylveon\n|-singleturn|p1b: Sylveon|Protect\n|move|p2b: Farigiraf|Psychic|p1b: Sylveon\n|-activate|p1b: Sylveon|move: Protect\n|move|p2a: Ogerpon|Ivy Cudgel|p1a: Ogerpon\n|-immune|p1a: Ogerpon|[from] ability: Water Absorb\n|\n|upkeep\n|turn|3\n|\n|t:|1699807979\n|move|p2a: Ogerpon|Follow Me|p2a: Ogerpon\n|-singleturn|p2a: Ogerpon|move: Follow Me\n|move|p1b: Sylveon|Hyper Voice|p2a: Ogerpon|[spread] p2a,p2b\n|-damage|p2a: Ogerpon|45\/100\n|-damage|p2b: Farigiraf|7\/100\n|move|p2b: Farigiraf|Nasty Plot|p2b: Farigiraf\n|-boost|p2b: Farigiraf|spa|2\n|move|p1a: Ogerpon|Ivy Cudgel|p2a: Ogerpon\n|-resisted|p2a: Ogerpon\n|-crit|p2a: Ogerpon\n|-damage|p2a: Ogerpon|2\/100\n|\n|upkeep\n|turn|4\n|\n|t:|1699808014\n|move|p1b: Sylveon|Hyper Voice|p2b: Farigiraf|[spread] p2a,p2b\n|-crit|p2b: Farigiraf\n|-damage|p2a: Ogerpon|0 fnt\n|-damage|p2b: Farigiraf|0 fnt\n|faint|p2a: Ogerpon\n|faint|p2b: Farigiraf\n|move|p1a: Ogerpon|Horn Leech|p2: Ogerpon|[notarget]\n|-fail|p1a: Ogerpon\n|\n|upkeep\n|\n|t:|1699808017\n|switch|p2b: Iron Hands|Iron Hands, L50|100\/100\n|switch|p2a: Torkoal|Torkoal, L50, M, shiny|100\/100\n|-weather|SunnyDay|[from] ability: Drought|[of] p2a: Torkoal\n|turn|5\n|\n|t:|1699808042\n|move|p1b: Sylveon|Protect|p1b: Sylveon\n|-singleturn|p1b: Sylveon|Protect\n|move|p1a: Ogerpon|Spiky Shield|p1a: Ogerpon\n|-singleturn|p1a: Ogerpon|move: Protect\n|move|p2a: Torkoal|Eruption|p1a: Ogerpon|[spread] \n|-activate|p1a: Ogerpon|move: Protect\n|-activate|p1b: Sylveon|move: Protect\n|move|p2b: Iron Hands|Wild Charge|p1a: Ogerpon\n|-activate|p1a: Ogerpon|move: Protect\n|-damage|p2b: Iron Hands|88\/100|[from] Spiky Shield|[of] p1a: Ogerpon\n|\n|-weather|SunnyDay|[upkeep]\n|-fieldend|move: Trick Room\n|upkeep\n|turn|6\n|\n|t:|1699808061\n|move|p1a: Ogerpon|Ivy Cudgel|p2a: Torkoal\n|-supereffective|p2a: Torkoal\n|-damage|p2a: Torkoal|59\/100\n|move|p2b: Iron Hands|Wild Charge|p1a: Ogerpon\n|-damage|p1a: Ogerpon|46\/100\n|-damage|p2b: Iron Hands|77\/100|[from] Recoil\n|move|p1b: Sylveon|Hyper Voice|p2b: Iron Hands|[spread] p2a,p2b\n|-resisted|p2a: Torkoal\n|-supereffective|p2b: Iron Hands\n|-damage|p2a: Torkoal|21\/100\n|-damage|p2b: Iron Hands|17\/100\n|move|p2a: Torkoal|Eruption|p1b: Sylveon|[spread] p1a,p1b\n|-damage|p1a: Ogerpon|27\/100\n|-damage|p1b: Sylveon|12\/100\n|\n|-weather|SunnyDay|[upkeep]\n|upkeep\n|turn|7\n|-message|rennui- forfeited.\n|\n|win|samo00001\n|raw|samo00001's rating: 1170 &rarr; <strong>1201<\/strong><br \/>(+31 for winning)\n|raw|rennui-'s rating: 1255 &rarr; <strong>1224<\/strong><br \/>(-31 for losing)\n","uploadtime":1699808073,"views":29,"p1id":"samo00001","p2id":"rennui","formatid":"gen9vgc2023regulatione","rating":1201,"private":0,"password":""}