{"id":"gen9vgc2023regulatione-1998657000","p1":"Tomisatonanae","p2":"Jop 37 in a row","format":"[Gen 9] VGC 2023 Regulation E","log":"|j|\u2606Tomisatonanae\n|j|\u2606Jop 37 in a row\n|t:|1700968493\n|gametype|doubles\n|player|p1|Tomisatonanae|benga|1000\n|player|p2|Jop 37 in a row|lillie|1000\n|teamsize|p1|6\n|teamsize|p2|6\n|gen|9\n|tier|[Gen 9] VGC 2023 Regulation E\n|rated|\n|rule|Species Clause: Limit one of each Pok\u00e9mon\n|rule|Item Clause: Limit one of each item\n|clearpoke\n|poke|p1|Dragapult, L50, F|\n|poke|p1|Landorus-Therian, L50, M|\n|poke|p1|Rillaboom, L50, M|\n|poke|p1|Ninetales-Alola, L50, M|\n|poke|p1|Sneasler, L50, M|\n|poke|p1|Farigiraf, L50, F|\n|poke|p2|Iron Hands, L50|\n|poke|p2|Landorus-Therian, L50, M|\n|poke|p2|Sinistcha, L50|\n|poke|p2|Grimmsnarl, L50, M|\n|poke|p2|Goodra-Hisui, L50, F|\n|poke|p2|Toxapex, L50, M|\n|teampreview|4\n|\n|t:|1700968543\n|start\n|switch|p1a: Ninetales|Ninetales-Alola, L50, M|100\/100\n|switch|p1b: Dragapult|Dragapult, L50, F|100\/100\n|switch|p2a: Goodra|Goodra-Hisui, L50, F|100\/100\n|switch|p2b: Grimmsnarl|Grimmsnarl, L50, M|100\/100\n|-weather|Snow|[from] ability: Snow Warning|[of] p1a: Ninetales\n|turn|1\n|\n|t:|1700968573\n|move|p2b: Grimmsnarl|Light Screen|p2b: Grimmsnarl\n|-sidestart|p2: Jop 37 in a row|move: Light Screen\n|move|p1b: Dragapult|Phantom Force||[still]\n|-prepare|p1b: Dragapult|Phantom Force\n|move|p1a: Ninetales|Aurora Veil|p1a: Ninetales\n|-sidestart|p1: Tomisatonanae|move: Aurora Veil\n|move|p2a: Goodra|Shelter|p2a: Goodra\n|-boost|p2a: Goodra|def|2\n|\n|-weather|Snow|[upkeep]\n|upkeep\n|turn|2\n|\n|t:|1700968613\n|move|p1b: Dragapult|Phantom Force|p2a: Goodra|[from]lockedmove\n|-damage|p2a: Goodra|81\/100\n|-damage|p1b: Dragapult|91\/100|[from] item: Life Orb\n|move|p1a: Ninetales|Encore|p2a: Goodra\n|-start|p2a: Goodra|Encore\n|move|p2a: Goodra|Shelter|p2a: Goodra\n|-boost|p2a: Goodra|def|2\n|move|p2b: Grimmsnarl|Spirit Break|p1b: Dragapult\n|-supereffective|p1b: Dragapult\n|-damage|p1b: Dragapult|40\/100\n|\n|-weather|Snow|[upkeep]\n|-heal|p2a: Goodra|87\/100|[from] item: Leftovers\n|upkeep\n|turn|3\n|\n|t:|1700968651\n|move|p1b: Dragapult|U-turn|p2b: Grimmsnarl\n|-damage|p2b: Grimmsnarl|70\/100\n|-damage|p1b: Dragapult|31\/100|[from] item: Life Orb\n|inactive|Battle timer is ON: inactive players will automatically lose when time's up. (requested by Jop 37 in a row)\n|\n|t:|1700968658\n|switch|p1b: Landorus|Landorus-Therian, L50, M|100\/100|[from] U-turn\n|-ability|p1b: Landorus|Intimidate|boost\n|-unboost|p2a: Goodra|atk|1\n|-unboost|p2b: Grimmsnarl|atk|1\n|move|p1a: Ninetales|Dazzling Gleam|p2a: Goodra|[spread] p2a,p2b\n|-supereffective|p2b: Grimmsnarl\n|-damage|p2a: Goodra|76\/100\n|-damage|p2b: Grimmsnarl|42\/100\n|move|p2a: Goodra|Shelter|p2a: Goodra\n|-boost|p2a: Goodra|def|2\n|move|p2b: Grimmsnarl|Spirit Break|p1a: Ninetales\n|-damage|p1a: Ninetales|87\/100\n|-unboost|p1a: Ninetales|spa|1\n|\n|-weather|Snow|[upkeep]\n|-heal|p2a: Goodra|82\/100|[from] item: Leftovers\n|upkeep\n|turn|4\n|inactive|Tomisatonanae has 30 seconds left.\n|inactive|Jop 37 in a row has 30 seconds left.\n|\n|t:|1700968693\n|move|p2b: Grimmsnarl|Parting Shot|p1b: Landorus\n|-unboost|p1b: Landorus|atk|1\n|-unboost|p1b: Landorus|spa|1\n|\n|t:|1700968700\n|switch|p2b: Toxapex|Toxapex, L50, M|100\/100|[from] Parting Shot\n|move|p1b: Landorus|Stomping Tantrum|p2b: Toxapex\n|-supereffective|p2b: Toxapex\n|-damage|p2b: Toxapex|65\/100\n|move|p1a: Ninetales|Encore||[still]\n|-fail|p1a: Ninetales\n|move|p2a: Goodra|Shelter|p2a: Goodra\n|-boost|p2a: Goodra|def|0\n|\n|-weather|Snow|[upkeep]\n|-heal|p2a: Goodra|88\/100|[from] item: Leftovers\n|-end|p2a: Goodra|Encore\n|upkeep\n|turn|5\n|\n|t:|1700968720\n|switch|p1b: Farigiraf|Farigiraf, L50, F|100\/100\n|move|p2b: Toxapex|Baneful Bunker|p2b: Toxapex\n|-singleturn|p2b: Toxapex|move: Protect\n|move|p1a: Ninetales|Encore|p2a: Goodra\n|-start|p2a: Goodra|Encore\n|move|p2a: Goodra|Shelter|p2a: Goodra\n|-boost|p2a: Goodra|def|0\n|\n|-weather|none\n|-heal|p2a: Goodra|94\/100|[from] item: Leftovers\n|-sideend|p2: Jop 37 in a row|move: Light Screen\n|upkeep\n|turn|6\n|\n|t:|1700968740\n|switch|p2b: Grimmsnarl|Grimmsnarl, L50, M|42\/100\n|move|p1a: Ninetales|Dazzling Gleam|p2a: Goodra|[spread] p2a,p2b\n|-supereffective|p2b: Grimmsnarl\n|-damage|p2a: Goodra|84\/100\n|-damage|p2b: Grimmsnarl|14\/100\n|move|p2a: Goodra|Shelter|p2a: Goodra\n|-boost|p2a: Goodra|def|0\n|move|p1b: Farigiraf|Dazzling Gleam|p2b: Grimmsnarl|[spread] p2a,p2b\n|-supereffective|p2b: Grimmsnarl\n|-damage|p2a: Goodra|75\/100\n|-damage|p2b: Grimmsnarl|0 fnt\n|faint|p2b: Grimmsnarl\n|\n|-heal|p2a: Goodra|81\/100|[from] item: Leftovers\n|upkeep\n|\n|t:|1700968748\n|switch|p2b: Landorus|Landorus-Therian, L50, M|100\/100\n|-ability|p2b: Landorus|Intimidate|boost\n|-unboost|p1a: Ninetales|atk|1\n|-unboost|p1b: Farigiraf|atk|1\n|turn|7\n|\n|t:|1700968765\n|switch|p1b: Landorus|Landorus-Therian, L50, M|100\/100\n|-ability|p1b: Landorus|Intimidate|boost\n|-unboost|p2a: Goodra|atk|1\n|-unboost|p2b: Landorus|atk|1\n|move|p2b: Landorus|Rock Slide|p1b: Landorus|[spread] p1a,p1b\n|-supereffective|p1a: Ninetales\n|-damage|p1a: Ninetales|58\/100\n|-damage|p1b: Landorus|88\/100\n|cant|p1a: Ninetales|flinch\n|move|p2a: Goodra|Shelter|p2a: Goodra\n|-boost|p2a: Goodra|def|0\n|\n|-heal|p2a: Goodra|87\/100|[from] item: Leftovers\n|-end|p2a: Goodra|Encore\n|upkeep\n|turn|8\n|\n|t:|1700968785\n|switch|p2b: Toxapex|Toxapex, L50, M|98\/100\n|move|p1b: Landorus|U-turn|p2b: Toxapex\n|-resisted|p2b: Toxapex\n|-crit|p2b: Toxapex\n|-damage|p2b: Toxapex|84\/100\n|\n|t:|1700968792\n|switch|p1b: Farigiraf|Farigiraf, L50, F|100\/100|[from] U-turn\n|move|p1a: Ninetales|Encore|p2a: Goodra\n|-start|p2a: Goodra|Encore\n|move|p2a: Goodra|Shelter|p2a: Goodra\n|-boost|p2a: Goodra|def|0\n|\n|-heal|p2a: Goodra|92\/100|[from] item: Leftovers\n|-sideend|p1: Tomisatonanae|move: Aurora Veil\n|upkeep\n|turn|9\n|inactive|Tomisatonanae has 30 seconds left.\n|inactive|Tomisatonanae has 20 seconds left.\n|\n|t:|1700968830\n|switch|p1a: Dragapult|Dragapult, L50, F|31\/100\n|move|p2a: Goodra|Shelter|p2a: Goodra\n|-boost|p2a: Goodra|def|0\n|move|p1b: Farigiraf|Psychic|p2b: Toxapex\n|-supereffective|p2b: Toxapex\n|-damage|p2b: Toxapex|29\/100\n|move|p2b: Toxapex|Infestation|p1a: Dragapult\n|-resisted|p1a: Dragapult\n|-damage|p1a: Dragapult|28\/100\n|-activate|p1a: Dragapult|move: Infestation|[of] p2b: Toxapex\n|\n|-heal|p2a: Goodra|98\/100|[from] item: Leftovers\n|-damage|p1a: Dragapult|12\/100|[from] move: Infestation|[partiallytrapped]\n|upkeep\n|turn|10\n|inactive|Jop 37 in a row has 30 seconds left.\n|\n|t:|1700968857\n|switch|p2b: Landorus|Landorus-Therian, L50, M|100\/100\n|-ability|p2b: Landorus|Intimidate|boost\n|-fail|p1a: Dragapult|unboost|[from] ability: Clear Body|[of] p1a: Dragapult\n|-unboost|p1b: Farigiraf|atk|1\n|move|p1a: Dragapult|U-turn|p2a: Goodra\n|-resisted|p2a: Goodra\n|-damage|p2a: Goodra|96\/100\n|-damage|p1a: Dragapult|2\/100|[from] item: Life Orb\n|\n|t:|1700968872\n|switch|p1a: Ninetales|Ninetales-Alola, L50, M|58\/100|[from] U-turn\n|-weather|Snow|[from] ability: Snow Warning|[of] p1a: Ninetales\n|move|p2a: Goodra|Shelter|p2a: Goodra\n|-boost|p2a: Goodra|def|0\n|move|p1b: Farigiraf|Psychic|p2b: Landorus\n|-damage|p2b: Landorus|62\/100\n|\n|-weather|Snow|[upkeep]\n|-heal|p2a: Goodra|100\/100|[from] item: Leftovers\n|-end|p2a: Goodra|Encore\n|upkeep\n|turn|11\n|\n|t:|1700968892\n|switch|p1b: Landorus|Landorus-Therian, L50, M|88\/100\n|-ability|p1b: Landorus|Intimidate|boost\n|-unboost|p2a: Goodra|atk|1\n|-unboost|p2b: Landorus|atk|1\n|move|p2b: Landorus|Rock Slide|p1a: Ninetales|[spread] p1a,p1b\n|-supereffective|p1a: Ninetales\n|-damage|p1a: Ninetales|31\/100\n|-damage|p1b: Landorus|71\/100\n|move|p1a: Ninetales|Encore|p2a: Goodra\n|-start|p2a: Goodra|Encore\n|move|p2a: Goodra|Shelter|p2a: Goodra\n|-boost|p2a: Goodra|def|0\n|\n|-weather|Snow|[upkeep]\n|upkeep\n|turn|12\n|inactive|Tomisatonanae has 30 seconds left.\n|\n|t:|1700968919\n|-terastallize|p1b: Landorus|Water\n|move|p1b: Landorus|Tera Blast|p2b: Landorus|[anim] Tera Blast Water\n|-supereffective|p2b: Landorus\n|-damage|p2b: Landorus|0 fnt\n|faint|p2b: Landorus\n|move|p1a: Ninetales|Aurora Veil|p1a: Ninetales\n|-sidestart|p1: Tomisatonanae|move: Aurora Veil\n|move|p2a: Goodra|Shelter|p2a: Goodra\n|-boost|p2a: Goodra|def|0\n|\n|-weather|Snow|[upkeep]\n|upkeep\n|\n|t:|1700968932\n|switch|p2b: Toxapex|Toxapex, L50, M|62\/100\n|turn|13\n|\n|t:|1700968943\n|switch|p1b: Farigiraf|Farigiraf, L50, F|100\/100\n|switch|p1a: Dragapult|Dragapult, L50, F|2\/100\n|move|p2b: Toxapex|Baneful Bunker|p2b: Toxapex\n|-singleturn|p2b: Toxapex|move: Protect\n|move|p2a: Goodra|Shelter|p2a: Goodra\n|-boost|p2a: Goodra|def|0\n|\n|-weather|Snow|[upkeep]\n|-end|p2a: Goodra|Encore\n|upkeep\n|turn|14\n|inactive|Tomisatonanae has 30 seconds left.\n|inactive|Tomisatonanae has 20 seconds left.\n|\n|t:|1700968982\n|move|p2b: Toxapex|Baneful Bunker||[still]\n|-fail|p2b: Toxapex\n|move|p1a: Dragapult|Dragon Darts|p2b: Toxapex\n|-damage|p2b: Toxapex|40\/100\n|-anim|p1a: Dragapult|Dragon Darts|p2a: Goodra\n|-damage|p2a: Goodra|94\/100\n|-damage|p1a: Dragapult|0 fnt|[from] item: Life Orb\n|faint|p1a: Dragapult\n|move|p2a: Goodra|Body Press|p1b: Farigiraf\n|-damage|p1b: Farigiraf|55\/100\n|-damage|p2a: Goodra|78\/100|[from] item: Rocky Helmet|[of] p1b: Farigiraf\n|move|p1b: Farigiraf|Psychic|p2b: Toxapex\n|-supereffective|p2b: Toxapex\n|-damage|p2b: Toxapex|0 fnt\n|faint|p2b: Toxapex\n|\n|-weather|none\n|-heal|p2a: Goodra|83\/100|[from] item: Leftovers\n|upkeep\n|\n|t:|1700969001\n|switch|p1a: Landorus|Landorus-Therian, L50, M, tera:Water|71\/100\n|-ability|p1a: Landorus|Intimidate|boost\n|-unboost|p2a: Goodra|atk|1\n|turn|15\n|\n|t:|1700969011\n|-terastallize|p2a: Goodra|Water\n|move|p1a: Landorus|Stomping Tantrum|p2a: Goodra\n|-damage|p2a: Goodra|75\/100\n|move|p2a: Goodra|Body Press|p1a: Landorus\n|-crit|p1a: Landorus\n|-damage|p1a: Landorus|0 fnt\n|faint|p1a: Landorus\n|move|p1b: Farigiraf|Psychic|p2a: Goodra\n|-damage|p2a: Goodra|54\/100\n|\n|-heal|p2a: Goodra|60\/100|[from] item: Leftovers\n|upkeep\n|\n|t:|1700969024\n|switch|p1a: Ninetales|Ninetales-Alola, L50, M|31\/100\n|-weather|Snow|[from] ability: Snow Warning|[of] p1a: Ninetales\n|turn|16\n|\n|t:|1700969035\n|move|p1a: Ninetales|Dazzling Gleam|p2a: Goodra\n|-damage|p2a: Goodra|37\/100\n|move|p2a: Goodra|Body Press|p1a: Ninetales\n|-damage|p1a: Ninetales|0 fnt\n|faint|p1a: Ninetales\n|move|p1b: Farigiraf|Psychic|p2a: Goodra\n|-damage|p2a: Goodra|12\/100\n|\n|-weather|Snow|[upkeep]\n|-heal|p2a: Goodra|18\/100|[from] item: Leftovers\n|upkeep\n|turn|17\n|\n|t:|1700969048\n|move|p2a: Goodra|Life Dew|p2a: Goodra\n|-heal|p2a: Goodra|43\/100\n|move|p1b: Farigiraf|Psychic|p2a: Goodra\n|-damage|p2a: Goodra|19\/100\n|\n|-weather|Snow|[upkeep]\n|-heal|p2a: Goodra|25\/100|[from] item: Leftovers\n|upkeep\n|turn|18\n|\n|t:|1700969072\n|move|p2a: Goodra|Life Dew|p2a: Goodra\n|-heal|p2a: Goodra|50\/100\n|move|p1b: Farigiraf|Psychic|p2a: Goodra\n|-damage|p2a: Goodra|27\/100\n|\n|-weather|Snow|[upkeep]\n|-heal|p2a: Goodra|33\/100|[from] item: Leftovers\n|upkeep\n|turn|19\n|\n|t:|1700969082\n|move|p2a: Goodra|Life Dew|p2a: Goodra\n|-heal|p2a: Goodra|58\/100\n|move|p1b: Farigiraf|Psychic|p2a: Goodra\n|-damage|p2a: Goodra|34\/100\n|\n|-weather|Snow|[upkeep]\n|-heal|p2a: Goodra|40\/100|[from] item: Leftovers\n|-sideend|p1: Tomisatonanae|move: Aurora Veil\n|upkeep\n|turn|20\n|\n|t:|1700969096\n|move|p2a: Goodra|Body Press|p1b: Farigiraf\n|-damage|p1b: Farigiraf|0 fnt\n|-damage|p2a: Goodra|23\/100|[from] item: Rocky Helmet|[of] p1b: Farigiraf\n|faint|p1b: Farigiraf\n|\n|win|Jop 37 in a row\n|raw|Tomisatonanae's rating: 1000 &rarr; <strong>1000<\/strong><br \/>(+0 for losing)\n|raw|Jop 37 in a row's rating: 1000 &rarr; <strong>1040<\/strong><br \/>(+40 for winning)\n","uploadtime":1700969105,"views":3,"p1id":"tomisatonanae","p2id":"jop37inarow","formatid":"gen9vgc2023regulatione","rating":1000,"private":0,"password":""}