{"id":"gen9vgc2023regulatione-1998727459","p1":"finalitymuk","p2":"KnighLt","format":"[Gen 9] VGC 2023 Regulation E","log":"|j|\u2606finalitymuk\n|j|\u2606KnighLt\n|t:|1700978790\n|gametype|doubles\n|player|p1|finalitymuk|janitor|\n|player|p2|KnighLt|supernerd|\n|teamsize|p1|6\n|teamsize|p2|6\n|gen|9\n|tier|[Gen 9] VGC 2023 Regulation E\n|rated|Tournament battle\n|rule|Species Clause: Limit one of each Pok\u00e9mon\n|rule|Item Clause: Limit one of each item\n|clearpoke\n|poke|p1|Landorus-Therian, L50, M|\n|poke|p1|Ogerpon-Wellspring, L50, F|\n|poke|p1|Flutter Mane, L50|\n|poke|p1|Chien-Pao, L50|\n|poke|p1|Amoonguss, L50, M|\n|poke|p1|Iron Hands, L50|\n|poke|p2|Zapdos, L50|\n|poke|p2|Pelipper, L50, F|\n|poke|p2|Moltres-Galar, L50|\n|poke|p2|Basculegion, L50, M|\n|poke|p2|Goodra-Hisui, L50, F|\n|poke|p2|Landorus-Therian, L50, M|\n|teampreview|4\n|showteam|p1|Landorus-Therian||SafetyGoggles|Intimidate|StompingTantrum,TeraBlast,Uturn,Protect|||M|||50|,,,,,Flying]Ogerpon-Wellspring||WellspringMask|WaterAbsorb|IvyCudgel,HornLeech,SwordsDance,SpikyShield|||F|||50|,,,,,Water]Flutter Mane||ChoiceSpecs|Protosynthesis|ShadowBall,DazzlingGleam,Moonblast,EnergyBall||||||50|,,,,,Grass]Chien-Pao||FocusSash|SwordofRuin|IcicleCrash,SacredSword,SuckerPunch,Protect||||||50|,,,,,Ghost]Amoonguss||SitrusBerry|Regenerator|PollenPuff,Spore,RagePowder,Protect|||M|||50|,,,,,Water]Iron Hands||AssaultVest|QuarkDrive|WildCharge,VoltSwitch,DrainPunch,FakeOut||||||50|,,,,,Water\n|showteam|p2|Zapdos||LifeOrb|Static|Thunder,Hurricane,WeatherBall,Protect||||||50|,,,,,Water]Pelipper||DampRock|Drizzle|Hurricane,WeatherBall,HelpingHand,Protect|||F|||50|,,,,,Ground]Moltres-Galar||ChoiceSpecs|Berserk|FieryWrath,DarkPulse,SuckerPunch,Hurricane||||||50|,,,,,Dark]Basculegion||ChoiceBand|SwiftSwim|WaveCrash,AquaJet,LastRespects,Outrage|||M|||50|,,,,,Dragon]Goodra-Hisui||Leftovers|ShellArmor|BodyPress,HeavySlam,AcidArmor,Protect|||F|||50|,,,,,Fairy]Landorus-Therian||ChoiceScarf|Intimidate|TeraBlast,StompingTantrum,RockSlide,Uturn|||M|||50|,,,,,Flying\n|j| kdnsjfq\n|c|\u2606finalitymuk|glhf\n|j|%Radio Free C-Side\n|c|\u2606KnighLt|glhf\n|j| bloodcurseuk\n|\n|t:|1700978864\n|start\n|switch|p1a: Iron Hands|Iron Hands, L50|100\/100\n|switch|p1b: Flutter Mane|Flutter Mane, L50|100\/100\n|switch|p2a: Mr. Jowls|Pelipper, L50, F|100\/100\n|switch|p2b: Sparky|Zapdos, L50|100\/100\n|-weather|RainDance|[from] ability: Drizzle|[of] p2a: Mr. Jowls\n|turn|1\n|j| pokeveteran04\n|\n|t:|1700978880\n|-terastallize|p1a: Iron Hands|Water\n|move|p2b: Sparky|Protect|p2b: Sparky\n|-singleturn|p2b: Sparky|Protect\n|move|p2a: Mr. Jowls|Protect|p2a: Mr. Jowls\n|-singleturn|p2a: Mr. Jowls|Protect\n|move|p1b: Flutter Mane|Dazzling Gleam|p2b: Sparky|[spread] \n|-activate|p2a: Mr. Jowls|move: Protect\n|-activate|p2b: Sparky|move: Protect\n|move|p1a: Iron Hands|Wild Charge|p2a: Mr. Jowls\n|-activate|p2a: Mr. Jowls|move: Protect\n|\n|-weather|RainDance|[upkeep]\n|upkeep\n|turn|2\n|\n|t:|1700978907\n|move|p1b: Flutter Mane|Dazzling Gleam|p2a: Mr. Jowls|[spread] p2a,p2b\n|-damage|p2a: Mr. Jowls|48\/100\n|-damage|p2b: Sparky|59\/100\n|move|p2b: Sparky|Thunder|p1a: Iron Hands\n|-supereffective|p1a: Iron Hands\n|-damage|p1a: Iron Hands|13\/100\n|-damage|p2b: Sparky|49\/100|[from] item: Life Orb\n|move|p2a: Mr. Jowls|Hurricane|p1a: Iron Hands\n|-damage|p1a: Iron Hands|0 fnt\n|faint|p1a: Iron Hands\n|-end|p1a: Iron Hands|Quark Drive|[silent]\n|\n|-weather|RainDance|[upkeep]\n|upkeep\n|\n|t:|1700978927\n|switch|p1a: Chien-Pao|Chien-Pao, L50|100\/100\n|-ability|p1a: Chien-Pao|Sword of Ruin\n|turn|3\n|\n|t:|1700978958\n|move|p2a: Mr. Jowls|Protect|p2a: Mr. Jowls\n|-singleturn|p2a: Mr. Jowls|Protect\n|move|p1b: Flutter Mane|Dazzling Gleam|p2a: Mr. Jowls|[spread] p2b\n|-activate|p2a: Mr. Jowls|move: Protect\n|-damage|p2b: Sparky|3\/100\n|move|p1a: Chien-Pao|Icicle Crash|p2b: Sparky\n|-supereffective|p2b: Sparky\n|-damage|p2b: Sparky|0 fnt\n|faint|p2b: Sparky\n|\n|-weather|RainDance|[upkeep]\n|upkeep\n|c|\u2606KnighLt|Ah, was kinda hoping you'd miss\n|\n|t:|1700978974\n|switch|p2b: Snailien|Goodra-Hisui, L50, F|100\/100\n|turn|4\n|l|%Radio Free C-Side\n|c|\u2606finalitymuk|Welp sorry things didn't work there lol\n|\n|t:|1700979010\n|-terastallize|p2b: Snailien|Fairy\n|move|p1b: Flutter Mane|Dazzling Gleam|p2a: Mr. Jowls|[spread] p2a,p2b\n|-damage|p2a: Mr. Jowls|0 fnt\n|-damage|p2b: Snailien|69\/100\n|faint|p2a: Mr. Jowls\n|move|p1a: Chien-Pao|Sacred Sword|p2b: Snailien\n|-resisted|p2b: Snailien\n|-damage|p2b: Snailien|54\/100\n|move|p2b: Snailien|Heavy Slam|p1b: Flutter Mane\n|-supereffective|p1b: Flutter Mane\n|-damage|p1b: Flutter Mane|0 fnt\n|faint|p1b: Flutter Mane\n|-end|p1b: Flutter Mane|Protosynthesis|[silent]\n|\n|-weather|RainDance|[upkeep]\n|-heal|p2b: Snailien|60\/100|[from] item: Leftovers\n|upkeep\n|\n|t:|1700979024\n|switch|p1b: Ogerpon|Ogerpon-Wellspring, L50, F|100\/100\n|switch|p2a: Fang Feesh|Basculegion, L50, M|100\/100\n|turn|5\n|\n|t:|1700979047\n|move|p1a: Chien-Pao|Sucker Punch|p2a: Fang Feesh\n|-supereffective|p2a: Fang Feesh\n|-damage|p2a: Fang Feesh|0 fnt\n|faint|p2a: Fang Feesh\n|move|p1b: Ogerpon|Horn Leech|p2b: Snailien\n|-damage|p2b: Snailien|15\/100\n|move|p2b: Snailien|Acid Armor|p2b: Snailien\n|-boost|p2b: Snailien|def|2\n|\n|-weather|RainDance|[upkeep]\n|-heal|p2b: Snailien|21\/100|[from] item: Leftovers\n|upkeep\n|turn|6\n|c|\u2606KnighLt|Woah\n|c|\u2606KnighLt|That did more than I was expecting\n|c|\u2606KnighLt|gg\n|\n|t:|1700979062\n|move|p2b: Snailien|Protect|p2b: Snailien\n|-singleturn|p2b: Snailien|Protect\n|move|p1a: Chien-Pao|Sacred Sword|p2b: Snailien\n|-activate|p2b: Snailien|move: Protect\n|move|p1b: Ogerpon|Horn Leech|p2b: Snailien\n|-activate|p2b: Snailien|move: Protect\n|\n|-weather|RainDance|[upkeep]\n|-heal|p2b: Snailien|27\/100|[from] item: Leftovers\n|upkeep\n|turn|7\n|c|\u2606finalitymuk|gg\n|\n|t:|1700979072\n|move|p1a: Chien-Pao|Sacred Sword|p2b: Snailien\n|-resisted|p2b: Snailien\n|-damage|p2b: Snailien|13\/100\n|move|p1b: Ogerpon|Ivy Cudgel|p2b: Snailien|[anim] Ivy Cudgel Water\n|-damage|p2b: Snailien|0 fnt\n|faint|p2b: Snailien\n|\n|win|finalitymuk\n|n|\u2606finalitymuk|finalitymuk\n|n|\u2606KnighLt|knighlt\n|n| kdnsjfq|kdnsjfq\n|n| bloodcurseuk|bloodcurseuk\n|n| pokeveteran04|pokeveteran04\n","uploadtime":1700979073,"views":8,"p1id":"finalitymuk","p2id":"knighlt","formatid":"gen9vgc2023regulatione","rating":0,"private":0,"password":""}