{"id":"gen9vgc2023regulatione-1991648756","p1":"shadowclause","p2":"demeep","format":"[Gen 9] VGC 2023 Regulation E","log":"|j|\u2606shadowclause\n|j|\u2606demeep\n|t:|1700098283\n|gametype|doubles\n|player|p1|shadowclause|101|1102\n|player|p2|demeep|lucas|1142\n|teamsize|p1|6\n|teamsize|p2|6\n|gen|9\n|tier|[Gen 9] VGC 2023 Regulation E\n|rated|\n|rule|Species Clause: Limit one of each Pok\u00e9mon\n|rule|Item Clause: Limit one of each item\n|clearpoke\n|poke|p1|Dipplin, L50, F|\n|poke|p1|Torkoal, L50, M|\n|poke|p1|Sawsbuck-Autumn, L50, F|\n|poke|p1|Scovillain, L50, F|\n|poke|p1|Lilligant-Hisui, L50, F|\n|poke|p1|Gastrodon-East, L50, M|\n|poke|p2|Politoed, L50, M|\n|poke|p2|Sinistcha-Masterpiece, L50|\n|poke|p2|Basculegion, L50, M|\n|poke|p2|Gothitelle, L50, F|\n|poke|p2|Klefki, L50, M|\n|poke|p2|Flutter Mane, L50|\n|teampreview|4\n|inactive|Battle timer is ON: inactive players will automatically lose when time's up. (requested by demeep)\nshadowclause has agreed to open team sheets.\n|inactive|shadowclause has 60 seconds left.\n|\n|t:|1700098325\n|start\n|switch|p1a: Torkoal|Torkoal, L50, M|100\/100\n|switch|p1b: Sawsbuck|Sawsbuck-Autumn, L50, F|100\/100\n|switch|p2a: Klefki|Klefki, L50, M|100\/100\n|switch|p2b: Flutter Mane|Flutter Mane, L50|100\/100\n|-weather|SunnyDay|[from] ability: Drought|[of] p1a: Torkoal\n|-activate|p2b: Flutter Mane|ability: Protosynthesis\n|-start|p2b: Flutter Mane|protosynthesisspe\n|turn|1\n|inactive|shadowclause has 30 seconds left.\n|\n|t:|1700098358\n|switch|p2a: Politoed|Politoed, L50, M|100\/100\n|-weather|RainDance|[from] ability: Drizzle|[of] p2a: Politoed\n|-end|p2b: Flutter Mane|Protosynthesis\n|-enditem|p2b: Flutter Mane|Booster Energy\n|-activate|p2b: Flutter Mane|ability: Protosynthesis|[fromitem]\n|-start|p2b: Flutter Mane|protosynthesisspe\n|move|p2b: Flutter Mane|Dazzling Gleam|p1a: Torkoal|[spread] p1a,p1b\n|-resisted|p1a: Torkoal\n|-damage|p1a: Torkoal|81\/100\n|-damage|p1b: Sawsbuck|52\/100\n|move|p1b: Sawsbuck|Tera Blast|p2a: Politoed\n|-damage|p2a: Politoed|85\/100\n|move|p1a: Torkoal|Stealth Rock|p2b: Flutter Mane\n|-sidestart|p2: demeep|move: Stealth Rock\n|\n|-weather|RainDance|[upkeep]\n|-heal|p2a: Politoed|91\/100|[from] item: Leftovers\n|upkeep\n|turn|2\n|\n|t:|1700098382\n|switch|p1a: Gastrodon|Gastrodon-East, L50, M|100\/100\n|-terastallize|p2b: Flutter Mane|Fairy\n|move|p2b: Flutter Mane|Dazzling Gleam|p1a: Gastrodon|[spread] p1a,p1b\n|-damage|p1a: Gastrodon|65\/100\n|-damage|p1b: Sawsbuck|0 fnt\n|faint|p1b: Sawsbuck\n|move|p2a: Politoed|Weather Ball|p1a: Gastrodon\n|-ability|p1a: Gastrodon|Storm Drain|boost\n|-boost|p1a: Gastrodon|spa|1\n|\n|-weather|RainDance|[upkeep]\n|-heal|p2a: Politoed|97\/100|[from] item: Leftovers\n|-heal|p1a: Gastrodon|71\/100|[from] item: Leftovers\n|upkeep\n|\n|t:|1700098397\n|switch|p1b: Torkoal|Torkoal, L50, M|81\/100\n|-weather|SunnyDay|[from] ability: Drought|[of] p1b: Torkoal\n|turn|3\n|inactive|shadowclause has 30 seconds left.\n|\n|t:|1700098427\n|move|p2b: Flutter Mane|Dazzling Gleam|p1b: Torkoal|[spread] p1a,p1b\n|-resisted|p1b: Torkoal\n|-damage|p1a: Gastrodon|34\/100\n|-damage|p1b: Torkoal|53\/100\n|move|p2a: Politoed|Earth Power|p1b: Torkoal\n|-supereffective|p1b: Torkoal\n|-damage|p1b: Torkoal|0 fnt\n|faint|p1b: Torkoal\n|move|p1a: Gastrodon|Muddy Water|p2b: Flutter Mane|[spread] p2a,p2b\n|-resisted|p2a: Politoed\n|-damage|p2a: Politoed|87\/100\n|-damage|p2b: Flutter Mane|76\/100\n|\n|-weather|SunnyDay|[upkeep]\n|-heal|p2a: Politoed|93\/100|[from] item: Leftovers\n|-heal|p1a: Gastrodon|40\/100|[from] item: Leftovers\n|upkeep\n|\n|t:|1700098440\n|switch|p1b: Scovillain|Scovillain, L50, F|100\/100\n|turn|4\n|\n|t:|1700098461\n|switch|p2a: Klefki|Klefki, L50, M|100\/100\n|-damage|p2a: Klefki|94\/100|[from] Stealth Rock\n|-terastallize|p1b: Scovillain|Fire\n|move|p2b: Flutter Mane|Protect|p2b: Flutter Mane\n|-singleturn|p2b: Flutter Mane|Protect\n|move|p1b: Scovillain|Burning Jealousy|p2b: Flutter Mane|[spread] p2a\n|-activate|p2b: Flutter Mane|move: Protect\n|-supereffective|p2a: Klefki\n|-damage|p2a: Klefki|0 fnt\n|faint|p2a: Klefki\n|move|p1a: Gastrodon|Ice Beam|p2b: Flutter Mane\n|-activate|p2b: Flutter Mane|move: Protect\n|\n|-weather|SunnyDay|[upkeep]\n|-heal|p1a: Gastrodon|46\/100|[from] item: Leftovers\n|upkeep\n|\n|t:|1700098471\n|switch|p2a: Politoed|Politoed, L50, M|93\/100\n|-damage|p2a: Politoed|81\/100|[from] Stealth Rock\n|-weather|RainDance|[from] ability: Drizzle|[of] p2a: Politoed\n|turn|5\n|inactive|shadowclause has 30 seconds left.\n|inactive|demeep has 30 seconds left.\n|inactive|shadowclause has 20 seconds left.\n|inactive|shadowclause has 15 seconds left.\n|\n|t:|1700098513\n|move|p2a: Politoed|Protect|p2a: Politoed\n|-singleturn|p2a: Politoed|Protect\n|move|p2b: Flutter Mane|Perish Song|p2b: Flutter Mane\n|-start|p1a: Gastrodon|perish3|[silent]\n|-start|p1b: Scovillain|perish3|[silent]\n|-start|p2a: Politoed|perish3|[silent]\n|-start|p2b: Flutter Mane|perish3|[silent]\n|-fieldactivate|move: Perish Song\n|move|p1b: Scovillain|Solar Beam||[still]\n|-prepare|p1b: Scovillain|Solar Beam\n|move|p1a: Gastrodon|Muddy Water|p2b: Flutter Mane|[spread] p2b\n|-activate|p2a: Politoed|move: Protect\n|-damage|p2b: Flutter Mane|9\/100\n|-unboost|p2b: Flutter Mane|accuracy|1\n|\n|-weather|RainDance|[upkeep]\n|-heal|p2a: Politoed|87\/100|[from] item: Leftovers\n|-heal|p1a: Gastrodon|52\/100|[from] item: Leftovers\n|-start|p2b: Flutter Mane|perish3\n|-start|p1b: Scovillain|perish3\n|-start|p2a: Politoed|perish3\n|-start|p1a: Gastrodon|perish3\n|upkeep\n|turn|6\n|inactive|demeep has 30 seconds left.\n|\n|t:|1700098546\n|switch|p2a: Gothitelle|Gothitelle, L50, F|100\/100\n|-damage|p2a: Gothitelle|88\/100|[from] Stealth Rock\n|move|p2b: Flutter Mane|Protect|p2b: Flutter Mane\n|-singleturn|p2b: Flutter Mane|Protect\n|move|p1b: Scovillain|Solar Beam|p2a: Gothitelle|[from]lockedmove\n|-damage|p2a: Gothitelle|65\/100\n|move|p1a: Gastrodon|Muddy Water|p2b: Flutter Mane|[spread] p2a\n|-activate|p2b: Flutter Mane|move: Protect\n|-crit|p2a: Gothitelle\n|-damage|p2a: Gothitelle|0 fnt\n|faint|p2a: Gothitelle\n|\n|-weather|RainDance|[upkeep]\n|-heal|p1a: Gastrodon|58\/100|[from] item: Leftovers\n|-start|p2b: Flutter Mane|perish2\n|-start|p1b: Scovillain|perish2\n|-start|p1a: Gastrodon|perish2\n|upkeep\n|\n|t:|1700098561\n|switch|p2a: Politoed|Politoed, L50, M|87\/100\n|-damage|p2a: Politoed|75\/100|[from] Stealth Rock\n|turn|7\n|\n|t:|1700098571\n|move|p2a: Politoed|Protect|p2a: Politoed\n|-singleturn|p2a: Politoed|Protect\n|move|p2b: Flutter Mane|Shadow Ball|p1b: Scovillain\n|-damage|p1b: Scovillain|24\/100\n|move|p1b: Scovillain|Solar Beam||[still]\n|-prepare|p1b: Scovillain|Solar Beam\n|move|p1a: Gastrodon|Muddy Water|p2b: Flutter Mane|[spread] p2b\n|-activate|p2a: Politoed|move: Protect\n|-damage|p2b: Flutter Mane|0 fnt\n|faint|p2b: Flutter Mane\n|-end|p2b: Flutter Mane|Protosynthesis|[silent]\n|\n|-weather|RainDance|[upkeep]\n|-heal|p2a: Politoed|81\/100|[from] item: Leftovers\n|-heal|p1a: Gastrodon|64\/100|[from] item: Leftovers\n|-start|p1b: Scovillain|perish1\n|-start|p1a: Gastrodon|perish1\n|upkeep\n|turn|8\n|\n|t:|1700098593\n|move|p2a: Politoed|Protect||[still]\n|-fail|p2a: Politoed\n|move|p1b: Scovillain|Solar Beam|p2a: Politoed|[from]lockedmove\n|-supereffective|p2a: Politoed\n|-damage|p2a: Politoed|23\/100\n|move|p1a: Gastrodon|Ice Beam|p2a: Politoed\n|-resisted|p2a: Politoed\n|-damage|p2a: Politoed|6\/100\n|\n|-weather|RainDance|[upkeep]\n|-heal|p2a: Politoed|12\/100|[from] item: Leftovers\n|-heal|p1a: Gastrodon|70\/100|[from] item: Leftovers\n|-start|p1b: Scovillain|perish0\n|-start|p1a: Gastrodon|perish0\n|upkeep\n|faint|p1b: Scovillain\n|faint|p1a: Gastrodon\n|\n|win|demeep\n|raw|shadowclause's rating: 1102 &rarr; <strong>1080<\/strong><br \/>(-22 for losing)\n|raw|demeep's rating: 1142 &rarr; <strong>1164<\/strong><br \/>(+22 for winning)\n|l|\u2606demeep\n|c|\u2606shadowclause|gg!\n","uploadtime":1700098619,"views":16,"p1id":"shadowclause","p2id":"demeep","formatid":"gen9vgc2023regulatione","rating":1080,"private":0,"password":""}