{"id":"gen9vgc2023regulatione-1994583833","p1":"That_Leek","p2":"haviy","format":"[Gen 9] VGC 2023 Regulation E","log":"|j|\u2606That_Leek\n|j|\u2606haviy\n|t:|1700464194\n|gametype|doubles\n|player|p1|That_Leek|blue|1594\n|player|p2|haviy|steven|1520\n|teamsize|p1|6\n|teamsize|p2|6\n|gen|9\n|tier|[Gen 9] VGC 2023 Regulation E\n|rated|\n|rule|Species Clause: Limit one of each Pok\u00e9mon\n|rule|Item Clause: Limit one of each item\n|clearpoke\n|poke|p1|Gholdengo, L50|\n|poke|p1|Ogerpon-Wellspring, L50, F|\n|poke|p1|Arcanine-Hisui, L50, M|\n|poke|p1|Chien-Pao, L50|\n|poke|p1|Scream Tail, L50|\n|poke|p1|Dragonite, L50, F|\n|poke|p2|Gholdengo, L50|\n|poke|p2|Rillaboom, L50, F|\n|poke|p2|Tornadus, L50, M|\n|poke|p2|Flutter Mane, L50|\n|poke|p2|Urshifu-*, L50, M|\n|poke|p2|Arcanine-Hisui, L50, M|\n|teampreview|4\nThat_Leek has agreed to open team sheets.\n|inactive|Battle timer is ON: inactive players will automatically lose when time's up. (requested by That_Leek)\n|\n|t:|1700464229\n|start\n|switch|p1a: Scream Tail|Scream Tail, L50|100\/100\n|switch|p1b: Ogerpon|Ogerpon-Wellspring, L50, F|100\/100\n|switch|p2a: Tornadus|Tornadus, L50, M, shiny|100\/100\n|switch|p2b: Flutter Mane|Flutter Mane, L50|100\/100\n|-enditem|p2b: Flutter Mane|Booster Energy\n|-activate|p2b: Flutter Mane|ability: Protosynthesis|[fromitem]\n|-start|p2b: Flutter Mane|protosynthesisspa\n|-enditem|p1a: Scream Tail|Booster Energy\n|-activate|p1a: Scream Tail|ability: Protosynthesis|[fromitem]\n|-start|p1a: Scream Tail|protosynthesisspe\n|turn|1\n|\n|t:|1700464251\n|move|p1b: Ogerpon|Spiky Shield|p1b: Ogerpon\n|-singleturn|p1b: Ogerpon|move: Protect\n|move|p2a: Tornadus|Tailwind|p2a: Tornadus\n|-sidestart|p2: haviy|move: Tailwind\n|move|p2b: Flutter Mane|Dazzling Gleam|p1a: Scream Tail|[spread] p1a\n|-activate|p1b: Ogerpon|move: Protect\n|-damage|p1a: Scream Tail|69\/100\n|move|p1a: Scream Tail|Thunder Wave|p2b: Flutter Mane\n|-status|p2b: Flutter Mane|par\n|\n|upkeep\n|turn|2\n|\n|t:|1700464264\n|-terastallize|p1b: Ogerpon|Water\n|detailschange|p1b: Ogerpon|Ogerpon-Wellspring-Tera, L50, F, tera:Water\n|-ability|p1b: Ogerpon|Embody Aspect (Wellspring)|boost\n|-boost|p1b: Ogerpon|spd|1\n|move|p2a: Tornadus|Bleakwind Storm|p1a: Scream Tail|[spread] p1a,p1b\n|-damage|p1a: Scream Tail|45\/100\n|-damage|p1b: Ogerpon|78\/100\n|-unboost|p1b: Ogerpon|spe|1\n|move|p1a: Scream Tail|Howl|p1a: Scream Tail|[spread] p1a,p1b\n|-boost|p1a: Scream Tail|atk|1\n|-boost|p1b: Ogerpon|atk|1\n|cant|p2b: Flutter Mane|par\n|move|p1b: Ogerpon|Ivy Cudgel|p2a: Tornadus|[anim] Ivy Cudgel Water\n|-damage|p2a: Tornadus|0 fnt\n|faint|p2a: Tornadus\n|\n|upkeep\n|\n|t:|1700464283\n|switch|p2a: Arcanine|Arcanine-Hisui, L50, M, shiny|100\/100\n|-ability|p2a: Arcanine|Intimidate|boost\n|-unboost|p1a: Scream Tail|atk|1\n|-unboost|p1b: Ogerpon|atk|1\n|turn|3\n|c|\u2606That_Leek|everytime I see a cretin not accept teamsheets\n|\n|t:|1700464299\n|-terastallize|p2a: Arcanine|Normal\n|move|p1b: Ogerpon|Spiky Shield|p1b: Ogerpon\n|-singleturn|p1b: Ogerpon|move: Protect\n|move|p2a: Arcanine|Extreme Speed|p1b: Ogerpon\n|-activate|p1b: Ogerpon|move: Protect\n|-damage|p2a: Arcanine|88\/100|[from] Spiky Shield|[of] p1b: Ogerpon\n|move|p1a: Scream Tail|Thunder Wave|p2a: Arcanine\n|-status|p2a: Arcanine|par\n|move|p2b: Flutter Mane|Dazzling Gleam|p1a: Scream Tail|[spread] p1a\n|-activate|p1b: Ogerpon|move: Protect\n|-damage|p1a: Scream Tail|14\/100\n|\n|upkeep\n|turn|4\n|c|\u2606That_Leek|I want to hit them with a cudgel\n|c|\u2606That_Leek|in real life\n|inactive|haviy has 30 seconds left.\n|\n|t:|1700464326\n|move|p2a: Arcanine|Extreme Speed|p1b: Ogerpon\n|-damage|p1b: Ogerpon|23\/100\n|move|p1a: Scream Tail|Howl|p1a: Scream Tail|[spread] p1a,p1b\n|-boost|p1a: Scream Tail|atk|1\n|-boost|p1b: Ogerpon|atk|1\n|cant|p2b: Flutter Mane|par\n|move|p1b: Ogerpon|Horn Leech|p2b: Flutter Mane\n|-damage|p2b: Flutter Mane|0 fnt\n|-heal|p1b: Ogerpon|61\/100|[from] drain|[of] p2b: Flutter Mane\n|faint|p2b: Flutter Mane\n|-end|p2b: Flutter Mane|Protosynthesis|[silent]\n|\n|-sideend|p2: haviy|move: Tailwind\n|upkeep\n|\n|t:|1700464338\n|switch|p2b: Gholdengo|Gholdengo, L50, shiny|100\/100\n|turn|5\n|\n|t:|1700464348\n|move|p1b: Ogerpon|Spiky Shield|p1b: Ogerpon\n|-singleturn|p1b: Ogerpon|move: Protect\n|move|p2a: Arcanine|Extreme Speed|p1b: Ogerpon\n|-activate|p1b: Ogerpon|move: Protect\n|-damage|p2a: Arcanine|76\/100 par|[from] Spiky Shield|[of] p1b: Ogerpon\n|move|p1a: Scream Tail|Disable|p2a: Arcanine\n|-start|p2a: Arcanine|Disable|Extreme Speed\n|move|p2b: Gholdengo|Make It Rain|p1a: Scream Tail|[spread] p1a\n|-activate|p1b: Ogerpon|move: Protect\n|-supereffective|p1a: Scream Tail\n|-damage|p1a: Scream Tail|0 fnt\n|-unboost|p2b: Gholdengo|spa|1\n|faint|p1a: Scream Tail\n|-end|p1a: Scream Tail|Protosynthesis|[silent]\n|\n|upkeep\n|\n|t:|1700464353\n|switch|p1a: Arcanine|Arcanine-Hisui, L50, M|100\/100\n|-ability|p1a: Arcanine|Intimidate|boost\n|-unboost|p2a: Arcanine|atk|1\n|-unboost|p2b: Gholdengo|atk|1\n|turn|6\n|c|\u2606haviy|\u597d\u5389\u5bb3\u7684\u543c\u53eb\u5c3e\n|inactive|haviy has 30 seconds left.\n|\n|t:|1700464380\n|move|p1a: Arcanine|Flare Blitz|p2b: Gholdengo\n|-supereffective|p2b: Gholdengo\n|-damage|p2b: Gholdengo|0 fnt\n|faint|p2b: Gholdengo\n|-damage|p1a: Arcanine|65\/100|[from] Recoil\n|move|p1b: Ogerpon|Ivy Cudgel|p2a: Arcanine|[anim] Ivy Cudgel Water\n|-damage|p2a: Arcanine|0 fnt\n|faint|p2a: Arcanine\n|\n|win|That_Leek\n|raw|That_Leek's rating: 1594 &rarr; <strong>1610<\/strong><br \/>(+16 for winning)\n|raw|haviy's rating: 1520 &rarr; <strong>1504<\/strong><br \/>(-16 for losing)\n","uploadtime":1700464402,"views":7,"p1id":"thatleek","p2id":"haviy","formatid":"gen9vgc2023regulatione","rating":1504,"private":0,"password":""}