{"id":"gen9vgc2023regulatione-1990915728","p1":"Jaj1992","p2":"Qwano","format":"[Gen 9] VGC 2023 Regulation E","log":"|j|\u2606Jaj1992\n|j|\u2606Qwano\n|t:|1700014729\n|gametype|doubles\n|player|p1|Jaj1992|170|1062\n|player|p2|Qwano|1|1146\n|teamsize|p1|6\n|teamsize|p2|6\n|gen|9\n|tier|[Gen 9] VGC 2023 Regulation E\n|rated|\n|rule|Species Clause: Limit one of each Pok\u00e9mon\n|rule|Item Clause: Limit one of each item\n|clearpoke\n|poke|p1|Politoed, L50, M|\n|poke|p1|Palafin, L50, M|\n|poke|p1|Urshifu-*, L50, M|\n|poke|p1|Tornadus, L50, M|\n|poke|p1|Regieleki, L50|\n|poke|p1|Amoonguss, L50, F|\n|poke|p2|Glimmora, L50, M|\n|poke|p2|Articuno-Galar, L50|\n|poke|p2|Kommo-o, L50, F|\n|poke|p2|Fezandipiti, L50, M|\n|poke|p2|Sinistcha, L50|\n|poke|p2|Mimikyu, L50, M|\n|teampreview|4\n|\n|t:|1700014780\n|start\n|switch|p1a: Regieleki|Regieleki, L50|100\/100\n|switch|p1b: Tornadus|Tornadus, L50, M|100\/100\n|switch|p2a: Fezandipiti|Fezandipiti, L50, M|100\/100\n|switch|p2b: Sinistcha|Sinistcha, L50|100\/100\n|turn|1\n|inactive|Battle timer is ON: inactive players will automatically lose when time's up. (requested by Jaj1992)\n|inactive|Qwano has 60 seconds left.\n|\n|t:|1700014818\n|switch|p1a: Politoed|Politoed, L50, M|100\/100\n|-weather|RainDance|[from] ability: Drizzle|[of] p1a: Politoed\n|switch|p2b: Kommo-o|Kommo-o, L50, F|100\/100\n|move|p2a: Fezandipiti|Tailwind|p2a: Fezandipiti\n|-sidestart|p2: Qwano|move: Tailwind\n|move|p1b: Tornadus|Bleakwind Storm|p2a: Fezandipiti|[spread] p2a,p2b\n|-crit|p2a: Fezandipiti\n|-supereffective|p2b: Kommo-o\n|-damage|p2a: Fezandipiti|60\/100\n|-damage|p2b: Kommo-o|45\/100\n|\n|-weather|RainDance|[upkeep]\n|-heal|p2b: Kommo-o|51\/100|[from] item: Leftovers\n|upkeep\n|turn|2\n|inactive|Jaj1992 has 30 seconds left.\n|inactive|Qwano has 30 seconds left.\n|\n|t:|1700014851\n|switch|p2a: Sinistcha|Sinistcha, L50|100\/100\n|-heal|p2b: Kommo-o|76\/100|[from] ability: Hospitality|[of] p2a: Sinistcha\n|-terastallize|p2b: Kommo-o|Steel\n|move|p1a: Politoed|Protect|p1a: Politoed\n|-singleturn|p1a: Politoed|Protect\n|move|p1b: Tornadus|Tailwind|p1b: Tornadus\n|-sidestart|p1: Jaj1992|move: Tailwind\n|move|p2b: Kommo-o|Iron Defense|p2b: Kommo-o\n|-boost|p2b: Kommo-o|def|2\n|\n|-weather|RainDance|[upkeep]\n|-heal|p2b: Kommo-o|82\/100|[from] item: Leftovers\n|upkeep\n|turn|3\n|inactive|Qwano has 30 seconds left.\n|\n|t:|1700014879\n|move|p1b: Tornadus|Bleakwind Storm|p2a: Sinistcha|[spread] p2a,p2b\n|-supereffective|p2a: Sinistcha\n|-resisted|p2b: Kommo-o\n|-crit|p2b: Kommo-o\n|-damage|p2a: Sinistcha|20\/100\n|-damage|p2b: Kommo-o|62\/100\n|move|p2b: Kommo-o|Body Press|p1a: Politoed\n|-enditem|p1a: Politoed|Focus Sash\n|-damage|p1a: Politoed|1\/100\n|move|p1a: Politoed|Weather Ball|p2b: Kommo-o\n|-immune|p2b: Kommo-o|[from] ability: Bulletproof\n|move|p2a: Sinistcha|Matcha Gotcha|p1a: Politoed|[spread] p1a,p1b\n|-supereffective|p1a: Politoed\n|-resisted|p1b: Tornadus\n|-damage|p1a: Politoed|0 fnt\n|-heal|p2a: Sinistcha|21\/100|[from] drain|[of] p1a: Politoed\n|-damage|p1b: Tornadus|87\/100\n|-heal|p2a: Sinistcha|29\/100|[from] drain|[of] p1b: Tornadus\n|faint|p1a: Politoed\n|\n|-weather|RainDance|[upkeep]\n|-heal|p2b: Kommo-o|68\/100|[from] item: Leftovers\n|upkeep\n|inactive|Jaj1992 has 30 seconds left.\n|\n|t:|1700014904\n|switch|p1a: Regieleki|Regieleki, L50|100\/100\n|turn|4\n|\n|t:|1700014923\n|move|p1a: Regieleki|Electroweb|p2a: Sinistcha|[spread] p2b\n|-miss|p1a: Regieleki|p2a: Sinistcha\n|-damage|p2b: Kommo-o|49\/100\n|-unboost|p2b: Kommo-o|spe|1\n|move|p1b: Tornadus|Bleakwind Storm|p2a: Sinistcha|[spread] p2a,p2b\n|-supereffective|p2a: Sinistcha\n|-resisted|p2b: Kommo-o\n|-damage|p2a: Sinistcha|0 fnt\n|-damage|p2b: Kommo-o|34\/100\n|faint|p2a: Sinistcha\n|move|p2b: Kommo-o|Body Press|p1a: Regieleki\n|-damage|p1a: Regieleki|0 fnt\n|faint|p1a: Regieleki\n|\n|-weather|RainDance|[upkeep]\n|-heal|p2b: Kommo-o|40\/100|[from] item: Leftovers\n|-sideend|p2: Qwano|move: Tailwind\n|upkeep\n|\n|t:|1700014939\n|switch|p1a: Urshifu|Urshifu-Rapid-Strike, L50, M|100\/100\n|switch|p2a: Fezandipiti|Fezandipiti, L50, M|60\/100\n|turn|5\n|inactive|Qwano has 30 seconds left.\n|\n|t:|1700014965\n|move|p2b: Kommo-o|Protect|p2b: Kommo-o\n|-singleturn|p2b: Kommo-o|Protect\n|move|p1b: Tornadus|Bleakwind Storm|p2a: Fezandipiti|[spread] p2a\n|-activate|p2b: Kommo-o|move: Protect\n|-damage|p2a: Fezandipiti|37\/100\n|move|p1a: Urshifu|Surging Strikes|p2b: Kommo-o\n|-crit|p2b: Kommo-o\n|-damage|p2b: Kommo-o|20\/100\n|-crit|p2b: Kommo-o\n|-damage|p2b: Kommo-o|0 fnt\n|faint|p2b: Kommo-o\n|-hitcount|p2: Kommo-o|2\n|move|p2a: Fezandipiti|Icy Wind|p1b: Tornadus|[spread] p1a,p1b\n|-resisted|p1a: Urshifu\n|-supereffective|p1b: Tornadus\n|-damage|p1a: Urshifu|97\/100\n|-damage|p1b: Tornadus|71\/100\n|-unboost|p1a: Urshifu|spe|1\n|-unboost|p1b: Tornadus|spe|1\n|\n|-weather|none\n|-sideend|p1: Jaj1992|move: Tailwind\n|upkeep\n|\n|t:|1700014982\n|switch|p2b: Articuno|Articuno-Galar, L50|100\/100\n|turn|6\n|\n|t:|1700014995\n|-terastallize|p1a: Urshifu|Fire\n|move|p1b: Tornadus|Tailwind|p1b: Tornadus\n|-sidestart|p1: Jaj1992|move: Tailwind\n|move|p1a: Urshifu|Surging Strikes|p2a: Fezandipiti\n|-crit|p2a: Fezandipiti\n|-damage|p2a: Fezandipiti|12\/100\n|-crit|p2a: Fezandipiti\n|-damage|p2a: Fezandipiti|0 fnt\n|faint|p2a: Fezandipiti\n|-hitcount|p2: Fezandipiti|2\n|move|p2b: Articuno|Freezing Glare|p1a: Urshifu\n|-damage|p1a: Urshifu|50\/100\n|\n|upkeep\n|turn|7\n|inactive|Jaj1992 has 30 seconds left.\n|\n|t:|1700015021\n|move|p1b: Tornadus|Swagger|p2b: Articuno\n|-boost|p2b: Articuno|atk|2\n|-start|p2b: Articuno|confusion\n|move|p1a: Urshifu|Surging Strikes|p2b: Articuno\n|-crit|p2b: Articuno\n|-damage|p2b: Articuno|73\/100\n|-crit|p2b: Articuno\n|-damage|p2b: Articuno|45\/100\n|-crit|p2b: Articuno\n|-damage|p2b: Articuno|19\/100\n|-hitcount|p2b: Articuno|3\n|-activate|p2b: Articuno|confusion\n|move|p2b: Articuno|Freezing Glare|p1a: Urshifu\n|-damage|p1a: Urshifu|3\/100\n|-status|p1a: Urshifu|frz\n|\n|upkeep\n|turn|8\n|\n|t:|1700015042\n|move|p1b: Tornadus|Bleakwind Storm|p2b: Articuno|[miss]\n|-miss|p1b: Tornadus|p2b: Articuno\n|cant|p1a: Urshifu|frz\n|-activate|p2b: Articuno|confusion\n|move|p2b: Articuno|Freezing Glare|p1b: Tornadus\n|-damage|p1b: Tornadus|24\/100\n|-enditem|p1b: Tornadus|Sitrus Berry|[eat]\n|-heal|p1b: Tornadus|49\/100|[from] item: Sitrus Berry\n|\n|upkeep\n|turn|9\n|\n|t:|1700015054\n|move|p1b: Tornadus|Bleakwind Storm|p2b: Articuno|[miss]\n|-miss|p1b: Tornadus|p2b: Articuno\n|cant|p1a: Urshifu|frz\n|-activate|p2b: Articuno|confusion\n|move|p2b: Articuno|Freezing Glare|p1b: Tornadus\n|-damage|p1b: Tornadus|5\/100\n|\n|-sideend|p1: Jaj1992|move: Tailwind\n|upkeep\n|turn|10\n|\n|t:|1700015071\n|move|p1b: Tornadus|Tailwind|p1b: Tornadus\n|-sidestart|p1: Jaj1992|move: Tailwind\n|cant|p1a: Urshifu|frz\n|-end|p2b: Articuno|confusion\n|move|p2b: Articuno|Freezing Glare|p1b: Tornadus\n|-damage|p1b: Tornadus|0 fnt\n|faint|p1b: Tornadus\n|\n|upkeep\n|turn|11\n|\n|t:|1700015087\n|cant|p1a: Urshifu|frz\n|move|p2b: Articuno|Freezing Glare|p1a: Urshifu\n|-damage|p1a: Urshifu|0 fnt\n|faint|p1a: Urshifu\n|\n|win|Qwano\n|raw|Jaj1992's rating: 1062 &rarr; <strong>1047<\/strong><br \/>(-15 for losing)\n|raw|Qwano's rating: 1146 &rarr; <strong>1165<\/strong><br \/>(+19 for winning)\n|l|\u2606Jaj1992\n","uploadtime":1700015096,"views":12,"p1id":"jaj1992","p2id":"qwano","formatid":"gen9vgc2023regulatione","rating":1047,"private":0,"password":""}