{"id":"gen9vgc2023regulatione-1991329490","p1":"bobw_1213","p2":"Nightwind Husky","format":"[Gen 9] VGC 2023 Regulation E","log":"|j|\u2606bobw_1213\n|j|\u2606Nightwind Husky\n|t:|1700068090\n|gametype|doubles\n|player|p1|bobw_1213|265|1479\n|player|p2|Nightwind Husky|266|1441\n|teamsize|p1|6\n|teamsize|p2|6\n|gen|9\n|tier|[Gen 9] VGC 2023 Regulation E\n|rated|\n|rule|Species Clause: Limit one of each Pok\u00e9mon\n|rule|Item Clause: Limit one of each item\n|clearpoke\n|poke|p1|Annihilape, L50, F|\n|poke|p1|Maushold-Four, L50|\n|poke|p1|Iron Bundle, L50|\n|poke|p1|Chi-Yu, L50|\n|poke|p1|Sinistcha, L50|\n|poke|p1|Landorus-Therian, L50, M|\n|poke|p2|Heatran, L50, F|\n|poke|p2|Farigiraf, L50, F|\n|poke|p2|Dragonite, L50, M|\n|poke|p2|Chien-Pao, L50|\n|poke|p2|Rillaboom, L50, F|\n|poke|p2|Urshifu-*, L50, M|\n|teampreview|4\n|inactive|Battle timer is ON: inactive players will automatically lose when time's up. (requested by bobw_1213)\n|j| Playsterco\n|\n|t:|1700068141\n|start\n|switch|p1a: Annihilape|Annihilape, L50, F|100\/100\n|switch|p1b: Chi-Yu|Chi-Yu, L50|100\/100\n|switch|p2a: Rillaboom|Rillaboom, L50, F|100\/100\n|switch|p2b: Urshifu|Urshifu-Rapid-Strike, L50, M|100\/100\n|-ability|p1b: Chi-Yu|Beads of Ruin\n|-fieldstart|move: Grassy Terrain|[from] ability: Grassy Surge|[of] p2a: Rillaboom\n|turn|1\n|inactive|bobw_1213 has 30 seconds left.\n|inactive|Nightwind Husky has 30 seconds left.\n|inactive|bobw_1213 has 20 seconds left.\n|inactive|Nightwind Husky has 20 seconds left.\n|inactive|bobw_1213 has 15 seconds left.\n|inactive|bobw_1213 has 10 seconds left.\n|inactive|bobw_1213 has 5 seconds left.\n|\n|t:|1700068193\n|switch|p1b: Sinistcha|Sinistcha, L50|100\/100\n|move|p2b: Urshifu|Surging Strikes|p1b: Sinistcha\n|-resisted|p1b: Sinistcha\n|-crit|p1b: Sinistcha\n|-damage|p1b: Sinistcha|92\/100\n|-resisted|p1b: Sinistcha\n|-crit|p1b: Sinistcha\n|-damage|p1b: Sinistcha|83\/100\n|-resisted|p1b: Sinistcha\n|-crit|p1b: Sinistcha\n|-damage|p1b: Sinistcha|74\/100\n|-hitcount|p1b: Sinistcha|3\n|move|p1a: Annihilape|Drain Punch|p2b: Urshifu\n|-crit|p2b: Urshifu\n|-damage|p2b: Urshifu|58\/100\n|move|p2a: Rillaboom|Wood Hammer|p1b: Sinistcha\n|-resisted|p1b: Sinistcha\n|-damage|p1b: Sinistcha|27\/100\n|-damage|p2a: Rillaboom|87\/100|[from] Recoil\n|\n|-heal|p2b: Urshifu|64\/100|[from] Grassy Terrain\n|-heal|p2a: Rillaboom|93\/100|[from] Grassy Terrain\n|-heal|p1b: Sinistcha|33\/100|[from] Grassy Terrain\n|upkeep\n|turn|2\n|inactive|Nightwind Husky has 30 seconds left.\n|inactive|Nightwind Husky has 20 seconds left.\n|inactive|Nightwind Husky has 15 seconds left.\n|inactive|Nightwind Husky has 10 seconds left.\n|inactive|Nightwind Husky has 5 seconds left.\n|\n|t:|1700068244\n|move|p2a: Rillaboom|Grassy Glide|p1b: Sinistcha\n|-resisted|p1b: Sinistcha\n|-crit|p1b: Sinistcha\n|-damage|p1b: Sinistcha|3\/100\n|-enditem|p1b: Sinistcha|Aguav Berry|[eat]\n|-heal|p1b: Sinistcha|36\/100|[from] item: Aguav Berry\n|move|p2b: Urshifu|Surging Strikes|p1b: Sinistcha\n|-resisted|p1b: Sinistcha\n|-crit|p1b: Sinistcha\n|-damage|p1b: Sinistcha|27\/100\n|-resisted|p1b: Sinistcha\n|-crit|p1b: Sinistcha\n|-damage|p1b: Sinistcha|17\/100\n|-resisted|p1b: Sinistcha\n|-crit|p1b: Sinistcha\n|-damage|p1b: Sinistcha|8\/100\n|-hitcount|p1b: Sinistcha|3\n|move|p1a: Annihilape|Drain Punch|p2a: Rillaboom\n|-damage|p2a: Rillaboom|66\/100\n|move|p1b: Sinistcha|Matcha Gotcha|p2b: Urshifu|[spread] p2a,p2b\n|-resisted|p2a: Rillaboom\n|-supereffective|p2b: Urshifu\n|-damage|p2a: Rillaboom|46\/100\n|-heal|p1b: Sinistcha|20\/100|[from] drain|[of] p2a: Rillaboom\n|-damage|p2b: Urshifu|0 fnt\n|-heal|p1b: Sinistcha|52\/100|[from] drain|[of] p2b: Urshifu\n|faint|p2b: Urshifu\n|\n|-heal|p2a: Rillaboom|52\/100|[from] Grassy Terrain\n|-heal|p1b: Sinistcha|58\/100|[from] Grassy Terrain\n|upkeep\n|\n|t:|1700068260\n|switch|p2b: Heatran|Heatran, L50, F|100\/100\n|turn|3\n|inactive|bobw_1213 has 30 seconds left.\n|\n|t:|1700068287\n|switch|p1b: Landorus|Landorus-Therian, L50, M|100\/100\n|-ability|p1b: Landorus|Intimidate|boost\n|-unboost|p2a: Rillaboom|atk|1\n|-unboost|p2b: Heatran|atk|1\n|-terastallize|p2b: Heatran|Fairy\n|move|p1a: Annihilape|Bulk Up|p1a: Annihilape\n|-boost|p1a: Annihilape|atk|1\n|-boost|p1a: Annihilape|def|1\n|move|p2a: Rillaboom|Wood Hammer|p1a: Annihilape\n|-damage|p1a: Annihilape|58\/100\n|-damage|p2a: Rillaboom|38\/100|[from] Recoil\n|move|p2b: Heatran|Heat Wave|p1a: Annihilape|[spread] p1b\n|-miss|p2b: Heatran|p1a: Annihilape\n|-damage|p1b: Landorus|44\/100\n|\n|-heal|p1a: Annihilape|64\/100|[from] Grassy Terrain\n|-heal|p1a: Annihilape|70\/100|[from] item: Leftovers\n|-heal|p2a: Rillaboom|44\/100|[from] Grassy Terrain\n|upkeep\n|turn|4\n|inactive|bobw_1213 has 30 seconds left.\n|inactive|Nightwind Husky has 30 seconds left.\n|inactive|Nightwind Husky has 20 seconds left.\n|\n|t:|1700068322\n|switch|p2a: Dragonite|Dragonite, L50, M|100\/100\n|move|p1b: Landorus|U-turn|p2a: Dragonite\n|-resisted|p2a: Dragonite\n|-damage|p2a: Dragonite|88\/100\n|\n|t:|1700068336\n|switch|p1b: Sinistcha|Sinistcha, L50|58\/100|[from] U-turn\n|-heal|p1a: Annihilape|94\/100|[from] ability: Hospitality|[of] p1b: Sinistcha\n|move|p1a: Annihilape|Rage Fist|p2b: Heatran\n|-crit|p2b: Heatran\n|-damage|p2b: Heatran|23\/100\n|move|p2b: Heatran|Heat Wave|p1a: Annihilape|[spread] p1b\n|-miss|p2b: Heatran|p1a: Annihilape\n|-supereffective|p1b: Sinistcha\n|-damage|p1b: Sinistcha|0 fnt\n|faint|p1b: Sinistcha\n|\n|-heal|p1a: Annihilape|100\/100|[from] Grassy Terrain\n|-heal|p2b: Heatran|29\/100|[from] Grassy Terrain\n|upkeep\n|inactive|bobw_1213 has 30 seconds left.\n|\n|t:|1700068364\n|switch|p1b: Landorus|Landorus-Therian, L50, M|44\/100\n|-ability|p1b: Landorus|Intimidate|boost\n|-fail|p2a: Dragonite|unboost|Attack|[from] ability: Inner Focus|[of] p2a: Dragonite\n|-unboost|p2b: Heatran|atk|1\n|turn|5\n|\n|t:|1700068380\n|-terastallize|p1a: Annihilape|Fire\n|move|p1b: Landorus|Rock Slide|p2a: Dragonite|[spread] p2a,p2b\n|-supereffective|p2a: Dragonite\n|-damage|p2a: Dragonite|44\/100\n|-damage|p2b: Heatran|10\/100\n|move|p1a: Annihilape|Rage Fist|p2a: Dragonite\n|-crit|p2a: Dragonite\n|-damage|p2a: Dragonite|0 fnt\n|faint|p2a: Dragonite\n|move|p2b: Heatran|Heat Wave|p1a: Annihilape|[spread] p1a,p1b\n|-resisted|p1a: Annihilape\n|-damage|p1a: Annihilape|85\/100\n|-damage|p1b: Landorus|0 fnt\n|faint|p1b: Landorus\n|\n|-heal|p1a: Annihilape|91\/100|[from] Grassy Terrain\n|-heal|p1a: Annihilape|97\/100|[from] item: Leftovers\n|-heal|p2b: Heatran|16\/100|[from] Grassy Terrain\n|-fieldend|move: Grassy Terrain\n|upkeep\n|\n|t:|1700068400\n|switch|p1b: Chi-Yu|Chi-Yu, L50|100\/100\n|switch|p2a: Rillaboom|Rillaboom, L50, F|44\/100\n|-ability|p1b: Chi-Yu|Beads of Ruin\n|-fieldstart|move: Grassy Terrain|[from] ability: Grassy Surge|[of] p2a: Rillaboom\n|turn|6\n|\n|t:|1700068414\n|move|p1b: Chi-Yu|Protect|p1b: Chi-Yu\n|-singleturn|p1b: Chi-Yu|Protect\n|move|p1a: Annihilape|Protect|p1a: Annihilape\n|-singleturn|p1a: Annihilape|Protect\n|move|p2a: Rillaboom|Fake Out|p1a: Annihilape\n|-activate|p1a: Annihilape|move: Protect\n|move|p2b: Heatran|Earth Power|p1b: Chi-Yu\n|-activate|p1b: Chi-Yu|move: Protect\n|\n|-heal|p1a: Annihilape|100\/100|[from] Grassy Terrain\n|-heal|p2a: Rillaboom|50\/100|[from] Grassy Terrain\n|-heal|p2b: Heatran|22\/100|[from] Grassy Terrain\n|upkeep\n|turn|7\n|-message|Nightwind Husky forfeited.\n|\n|win|bobw_1213\n|raw|bobw_1213's rating: 1479 &rarr; <strong>1497<\/strong><br \/>(+18 for winning)\n|raw|Nightwind Husky's rating: 1441 &rarr; <strong>1423<\/strong><br \/>(-18 for losing)\n|l|\u2606Nightwind Husky\n|l|\u2606bobw_1213\n","uploadtime":1700068618,"views":16,"p1id":"bobw1213","p2id":"nightwindhusky","formatid":"gen9vgc2023regulatione","rating":1423,"private":0,"password":""}