{"id":"gen9vgc2023regulatione-1999104682","p1":"PensiDiFarRidere?","p2":"mafav2","format":"[Gen 9] VGC 2023 Regulation E","log":"|j|\u2606PensiDiFarRidere?\n|j|\u2606mafav2\n|n|\u2606PensiDiFarRidere?|pensidifarridere\n|n|\u2606mafav2|mafav2\n|html|View the match progress at <a href=\"\/game-bestof3-gen9vgc2023regulatione-1999096776\">game-bestof3-gen9vgc2023regulatione-1999096776<\/a>\n|t:|1701033618\n|gametype|doubles\n|player|p1|PensiDiFarRidere?|steven|\n|player|p2|mafav2|hilbert|\n|teamsize|p1|6\n|teamsize|p2|6\n|gen|9\n|tier|[Gen 9] VGC 2023 Regulation E\n|rule|Species Clause: Limit one of each Pok\u00e9mon\n|rule|Item Clause: Limit one of each item\n|clearpoke\n|poke|p1|Urshifu-*, L50, M|\n|poke|p1|Iron Hands, L50|\n|poke|p1|Rillaboom, L50, F|\n|poke|p1|Heatran, L50, F|\n|poke|p1|Iron Bundle, L50|\n|poke|p1|Flutter Mane, L50|\n|poke|p2|Urshifu-*, L50, M|\n|poke|p2|Arcanine-Hisui, L50, M|\n|poke|p2|Tornadus, L50, M|\n|poke|p2|Gholdengo, L50|\n|poke|p2|Amoonguss, L50, M|\n|poke|p2|Iron Hands, L50|\n|teampreview|4\n|j| HH mEMA\nPensiDiFarRidere? has agreed to open team sheets.\n|\n|t:|1701033678\n|start\n|switch|p1a: Iron Hands|Iron Hands, L50|100\/100\n|switch|p1b: Heatran|Heatran, L50, F|100\/100\n|switch|p2a: Tornadus|Tornadus, L50, M|100\/100\n|switch|p2b: Arcanine|Arcanine-Hisui, L50, M|100\/100\n|-ability|p2b: Arcanine|Intimidate|boost\n|-unboost|p1a: Iron Hands|atk|1\n|-unboost|p1b: Heatran|atk|1\n|turn|1\n|j| Crudo de fava\n|\n|t:|1701033696\n|switch|p2b: Iron Hands|Iron Hands, L50|100\/100\n|move|p2a: Tornadus|Protect|p2a: Tornadus\n|-singleturn|p2a: Tornadus|Protect\n|move|p1a: Iron Hands|Fake Out|p2b: Iron Hands\n|-damage|p2b: Iron Hands|94\/100\n|move|p1b: Heatran|Earth Power|p2b: Iron Hands\n|-supereffective|p2b: Iron Hands\n|-damage|p2b: Iron Hands|52\/100\n|-unboost|p2b: Iron Hands|spd|1\n|-damage|p1b: Heatran|91\/100|[from] item: Life Orb\n|\n|upkeep\n|turn|2\n|l| Crudo de fava\n|\n|t:|1701033737\n|switch|p1b: Flutter Mane|Flutter Mane, L50|100\/100\n|move|p2b: Iron Hands|Fake Out|p1b: Flutter Mane\n|-immune|p1b: Flutter Mane\n|move|p2a: Tornadus|Tailwind|p2a: Tornadus\n|-sidestart|p2: mafav2|move: Tailwind\n|move|p1a: Iron Hands|Drain Punch|p2b: Iron Hands\n|-damage|p2b: Iron Hands|32\/100\n|\n|upkeep\n|turn|3\n|\n|t:|1701033764\n|-end|p1a: Iron Hands|Quark Drive|[silent]\n|switch|p1a: Heatran|Heatran, L50, F|91\/100\n|move|p2a: Tornadus|Protect|p2a: Tornadus\n|-singleturn|p2a: Tornadus|Protect\n|move|p1b: Flutter Mane|Dazzling Gleam|p2b: Iron Hands|[spread] p2b\n|-activate|p2a: Tornadus|move: Protect\n|-supereffective|p2b: Iron Hands\n|-damage|p2b: Iron Hands|0 fnt\n|faint|p2b: Iron Hands\n|-end|p2b: Iron Hands|Quark Drive|[silent]\n|\n|upkeep\n|\n|t:|1701033771\n|switch|p2b: Arcanine|Arcanine-Hisui, L50, M|100\/100\n|-ability|p2b: Arcanine|Intimidate|boost\n|-unboost|p1a: Heatran|atk|1\n|-unboost|p1b: Flutter Mane|atk|1\n|turn|4\n|j| Crudo de fava\n|\n|t:|1701033801\n|-end|p1b: Flutter Mane|Protosynthesis|[silent]\n|switch|p1b: Iron Hands|Iron Hands, L50|100\/100\n|move|p2b: Arcanine|Flare Blitz|p1b: Iron Hands\n|-crit|p1b: Iron Hands\n|-damage|p1b: Iron Hands|14\/100\n|-damage|p2b: Arcanine|62\/100|[from] Recoil\n|move|p2a: Tornadus|Bleakwind Storm|p1b: Iron Hands|[spread] p1a,p1b\n|-resisted|p1a: Heatran\n|-damage|p1a: Heatran|77\/100\n|-damage|p1b: Iron Hands|0 fnt\n|faint|p1b: Iron Hands\n|-end|p1b: Iron Hands|Quark Drive|[silent]\n|move|p1a: Heatran|Earth Power|p2b: Arcanine\n|-supereffective|p2b: Arcanine\n|-damage|p2b: Arcanine|0 fnt\n|faint|p2b: Arcanine\n|-damage|p1a: Heatran|67\/100|[from] item: Life Orb\n|\n|upkeep\n|l|\u2606mafav2\n|player|p2|\n|\n|t:|1701033822\n|switch|p2b: Gholdengo|Gholdengo, L50|100\/100\n|switch|p1b: Urshifu|Urshifu, L50, M|100\/100\n|turn|5\n|j| DubiousVGC\n|j| stecca\n|j| Ryugami0\n|j|\u2606mafav2\n|player|p2|mafav2|hilbert\n|c| DubiousVGC|dai lenzao\n|j| macumba play\n|c| DubiousVGC|vedi di non buttarla\n|\n|t:|1701033868\n|-terastallize|p2b: Gholdengo|Dragon\n|move|p1b: Urshifu|Detect|p1b: Urshifu\n|-singleturn|p1b: Urshifu|Protect\n|move|p2a: Tornadus|Bleakwind Storm|p1a: Heatran|[spread] p1a\n|-activate|p1b: Urshifu|move: Protect\n|-resisted|p1a: Heatran\n|-damage|p1a: Heatran|53\/100\n|-unboost|p1a: Heatran|spe|1\n|move|p2b: Gholdengo|Make It Rain|p1b: Urshifu|[spread] p1a\n|-activate|p1b: Urshifu|move: Protect\n|-resisted|p1a: Heatran\n|-damage|p1a: Heatran|43\/100\n|-unboost|p2b: Gholdengo|spa|1\n|move|p1a: Heatran|Flash Cannon|p2a: Tornadus\n|-damage|p2a: Tornadus|43\/100\n|-damage|p1a: Heatran|33\/100|[from] item: Life Orb\n|\n|-sideend|p2: mafav2|move: Tailwind\n|upkeep\n|turn|6\n|j| nightcoreee\n|\n|t:|1701033917\n|-terastallize|p1b: Urshifu|Dark\n|move|p2a: Tornadus|Tailwind|p2a: Tornadus\n|-sidestart|p2: mafav2|move: Tailwind\n|move|p2b: Gholdengo|Nasty Plot|p2b: Gholdengo\n|-boost|p2b: Gholdengo|spa|2\n|move|p1b: Urshifu|Wicked Blow|p2b: Gholdengo\n|-crit|p2b: Gholdengo\n|-damage|p2b: Gholdengo|15\/100\n|move|p1a: Heatran|Flash Cannon|p2a: Tornadus\n|-damage|p2a: Tornadus|0 fnt\n|faint|p2a: Tornadus\n|-damage|p1a: Heatran|24\/100|[from] item: Life Orb\n|\n|-heal|p2b: Gholdengo|21\/100|[from] item: Leftovers\n|upkeep\n|turn|7\n|c|\u2606mafav2|gg\n|c|\u2606PensiDiFarRidere?|Odio danetty\n|c|\u2606PensiDiFarRidere?|Porco dio\n|c| DubiousVGC|per fortuna\n|\n|t:|1701033942\n|move|p1b: Urshifu|Sucker Punch|p2b: Gholdengo\n|-damage|p2b: Gholdengo|0 fnt\n|faint|p2b: Gholdengo\n|\n|win|PensiDiFarRidere?\n|c|\u2606PensiDiFarRidere?|Odio\n|c|\u2606PensiDiFarRidere?|Danetty\n|l| nightcoreee\n|c|\u2606PensiDiFarRidere?|Porco dio\n|l|\u2606mafav2\n|l| Crudo de fava\n|l| macumba play\n|l| stecca\n|j| Mastrota89\n|l| DubiousVGC\n|l| Ryugami0\n|l| HH mEMA\n|l| Mastrota89\n|j| Ryugami0\n|j| Mastrota89\n|l| Mastrota89\n|l| Ryugami0\n","uploadtime":1701036644,"views":10,"p1id":"pensidifarridere","p2id":"mafav2","formatid":"gen9vgc2023regulatione","rating":0,"private":0,"password":""}