{"id":"gen9vgc2023regulatione-1993624654","p1":"mil0battles","p2":"tycocs","format":"[Gen 9] VGC 2023 Regulation E","log":"|j|\u2606mil0battles\n|j|\u2606tycocs\n|t:|1700338775\n|gametype|doubles\n|player|p1|mil0battles|pokemonranger-gen4|1514\n|player|p2|tycocs|265|1536\n|teamsize|p1|6\n|teamsize|p2|6\n|gen|9\n|tier|[Gen 9] VGC 2023 Regulation E\n|rated|\n|rule|Species Clause: Limit one of each Pok\u00e9mon\n|rule|Item Clause: Limit one of each item\n|clearpoke\n|poke|p1|Roaring Moon, L50|\n|poke|p1|Tornadus, L50, M|\n|poke|p1|Iron Bundle, L50|\n|poke|p1|Landorus-Therian, L50, M|\n|poke|p1|Rillaboom, L50, M|\n|poke|p1|Ogerpon-Hearthflame, L50, F|\n|poke|p2|Arcanine-Hisui, L50, F|\n|poke|p2|Chien-Pao, L50|\n|poke|p2|Flutter Mane, L50|\n|poke|p2|Rillaboom, L50, M|\n|poke|p2|Tornadus, L50, M|\n|poke|p2|Urshifu-*, L50, F|\n|teampreview|4\n|\n|t:|1700338800\n|start\n|switch|p1a: Tornadus|Tornadus, L50, M|100\/100\n|switch|p1b: Landorus|Landorus-Therian, L50, M|100\/100\n|switch|p2a: Tornadus|Tornadus, L50, M|100\/100\n|switch|p2b: Flutter Mane|Flutter Mane, L50|100\/100\n|-ability|p1b: Landorus|Intimidate|boost\n|-unboost|p2a: Tornadus|atk|1\n|-unboost|p2b: Flutter Mane|atk|1\n|-enditem|p2b: Flutter Mane|Booster Energy\n|-activate|p2b: Flutter Mane|ability: Protosynthesis|[fromitem]\n|-start|p2b: Flutter Mane|protosynthesisspa\n|turn|1\n|inactive|Battle timer is ON: inactive players will automatically lose when time's up. (requested by tycocs)\n|j| zanethrillseek\n|\n|t:|1700338821\n|-terastallize|p1b: Landorus|Flying\n|move|p2a: Tornadus|Tailwind|p2a: Tornadus\n|-sidestart|p2: tycocs|move: Tailwind\n|move|p1a: Tornadus|Tailwind|p1a: Tornadus\n|-sidestart|p1: mil0battles|move: Tailwind\n|move|p2b: Flutter Mane|Dazzling Gleam|p1b: Landorus|[spread] p1a,p1b\n|-damage|p1a: Tornadus|44\/100\n|-damage|p1b: Landorus|66\/100\n|move|p1b: Landorus|Tera Blast|p2b: Flutter Mane|[anim] Tera Blast Flying\n|-crit|p2b: Flutter Mane\n|-damage|p2b: Flutter Mane|0 fnt\n|faint|p2b: Flutter Mane\n|-end|p2b: Flutter Mane|Protosynthesis|[silent]\n|\n|upkeep\n|\n|t:|1700338841\n|switch|p2b: Chien-Pao|Chien-Pao, L50|100\/100\n|-ability|p2b: Chien-Pao|Sword of Ruin\n|turn|2\n|\n|t:|1700338851\n|move|p2b: Chien-Pao|Protect|p2b: Chien-Pao\n|-singleturn|p2b: Chien-Pao|Protect\n|move|p2a: Tornadus|Bleakwind Storm|p1a: Tornadus|[spread] p1a,p1b\n|-damage|p1a: Tornadus|1\/100\n|-damage|p1b: Landorus|41\/100\n|move|p1a: Tornadus|Bleakwind Storm|p2a: Tornadus|[spread] \n|-activate|p2b: Chien-Pao|move: Protect\n|-miss|p1a: Tornadus|p2a: Tornadus\n|move|p1b: Landorus|Rock Slide|p2b: Chien-Pao|[spread] p2a\n|-activate|p2b: Chien-Pao|move: Protect\n|-supereffective|p2a: Tornadus\n|-damage|p2a: Tornadus|36\/100\n|\n|upkeep\n|turn|3\n|\n|t:|1700338869\n|move|p2b: Chien-Pao|Sucker Punch|p1b: Landorus\n|-damage|p1b: Landorus|0 fnt\n|faint|p1b: Landorus\n|move|p1a: Tornadus|Bleakwind Storm|p2b: Chien-Pao|[spread] p2a,p2b\n|-damage|p2a: Tornadus|0 fnt\n|-damage|p2b: Chien-Pao|46\/100\n|faint|p2a: Tornadus\n|\n|upkeep\n|\n|t:|1700338877\n|switch|p2a: Arcanine|Arcanine-Hisui, L50, F|100\/100\n|switch|p1b: Rillaboom|Rillaboom, L50, M|100\/100\n|-fieldstart|move: Grassy Terrain|[from] ability: Grassy Surge|[of] p1b: Rillaboom\n|-ability|p2a: Arcanine|Intimidate|boost\n|-unboost|p1a: Tornadus|atk|1\n|-unboost|p1b: Rillaboom|atk|1\n|turn|4\n|\n|t:|1700338890\n|-terastallize|p2b: Chien-Pao|Ghost\n|move|p1a: Tornadus|Protect|p1a: Tornadus\n|-singleturn|p1a: Tornadus|Protect\n|move|p2a: Arcanine|Extreme Speed|p1a: Tornadus\n|-activate|p1a: Tornadus|move: Protect\n|move|p1b: Rillaboom|Grassy Glide|p2b: Chien-Pao\n|-damage|p2b: Chien-Pao|3\/100\n|move|p2b: Chien-Pao|Icicle Crash|p1b: Rillaboom\n|-supereffective|p1b: Rillaboom\n|-damage|p1b: Rillaboom|0 fnt\n|faint|p1b: Rillaboom\n|\n|-heal|p2b: Chien-Pao|9\/100|[from] Grassy Terrain\n|-sideend|p2: tycocs|move: Tailwind\n|-sideend|p1: mil0battles|move: Tailwind\n|upkeep\n|\n|t:|1700338899\n|switch|p1b: Ogerpon|Ogerpon-Hearthflame, L50, F|100\/100\n|-ability|p1b: Ogerpon|Mold Breaker\n|turn|5\n|\n|t:|1700338917\n|move|p2b: Chien-Pao|Protect|p2b: Chien-Pao\n|-singleturn|p2b: Chien-Pao|Protect\n|move|p2a: Arcanine|Extreme Speed|p1a: Tornadus\n|-damage|p1a: Tornadus|0 fnt\n|faint|p1a: Tornadus\n|move|p1b: Ogerpon|Grassy Glide|p2b: Chien-Pao\n|-activate|p2b: Chien-Pao|move: Protect\n|\n|-heal|p2b: Chien-Pao|15\/100|[from] Grassy Terrain\n|upkeep\n|turn|6\n|\n|t:|1700338930\n|move|p2a: Arcanine|Extreme Speed|p1b: Ogerpon\n|-damage|p1b: Ogerpon|36\/100\n|move|p2b: Chien-Pao|Sucker Punch|p1b: Ogerpon\n|-damage|p1b: Ogerpon|0 fnt\n|faint|p1b: Ogerpon\n|\n|win|tycocs\n|raw|mil0battles's rating: 1514 &rarr; <strong>1495<\/strong><br \/>(-19 for losing)\n|raw|tycocs's rating: 1536 &rarr; <strong>1555<\/strong><br \/>(+19 for winning)\n|l|\u2606mil0battles\n|l|\u2606tycocs\n","uploadtime":1700339085,"views":7,"p1id":"mil0battles","p2id":"tycocs","formatid":"gen9vgc2023regulatione","rating":1495,"private":0,"password":""}