{"id":"gen9vgc2023regulatione-1988760395","p1":"prophetblack","p2":"atschoolwhatsup","format":"[Gen 9] VGC 2023 Regulation E","log":"|j|\u2606prophetblack\n|j|\u2606atschoolwhatsup\n|t:|1699759630\n|gametype|doubles\n|player|p1|prophetblack|hilda|1193\n|player|p2|atschoolwhatsup|emma|1156\n|teamsize|p1|6\n|teamsize|p2|6\n|gen|9\n|tier|[Gen 9] VGC 2023 Regulation E\n|rated|\n|rule|Species Clause: Limit one of each Pok\u00e9mon\n|rule|Item Clause: Limit one of each item\n|clearpoke\n|poke|p1|Dragapult, L50, M|\n|poke|p1|Chien-Pao, L50|\n|poke|p1|Urshifu-*, L50, F|\n|poke|p1|Rillaboom, L50, M|\n|poke|p1|Farigiraf, L50, M|\n|poke|p1|Clefairy, L50, F|\n|poke|p2|Slowking-Galar, L50, F|\n|poke|p2|Gholdengo, L50|\n|poke|p2|Iron Hands, L50|\n|poke|p2|Grimmsnarl, L50, M|\n|poke|p2|Mudsdale, L50, M|\n|poke|p2|Sinistcha, L50|\n|teampreview|4\n|inactive|Battle timer is ON: inactive players will automatically lose when time's up. (requested by prophetblack)\n|\n|t:|1699759649\n|start\n|switch|p1a: Urshifu|Urshifu-Rapid-Strike, L50, F|100\/100\n|switch|p1b: Clefairy|Clefairy, L50, F|100\/100\n|switch|p2a: Slowqueen|Slowking-Galar, L50, F|100\/100\n|switch|p2b: Mane Flutter|Grimmsnarl, L50, M|100\/100\n|turn|1\n|\n|t:|1699759673\n|move|p1b: Clefairy|Follow Me|p1b: Clefairy\n|-singleturn|p1b: Clefairy|move: Follow Me\n|move|p1a: Urshifu|Surging Strikes|p2b: Mane Flutter\n|-crit|p2b: Mane Flutter\n|-damage|p2b: Mane Flutter|78\/100\n|-crit|p2b: Mane Flutter\n|-damage|p2b: Mane Flutter|56\/100\n|-crit|p2b: Mane Flutter\n|-damage|p2b: Mane Flutter|34\/100\n|-hitcount|p2b: Mane Flutter|3\n|move|p2b: Mane Flutter|Spirit Break|p1b: Clefairy\n|-damage|p1b: Clefairy|75\/100\n|-unboost|p1b: Clefairy|spa|1\n|move|p2a: Slowqueen|Trick Room|p2a: Slowqueen\n|-fieldstart|move: Trick Room|[of] p2a: Slowqueen\n|\n|upkeep\n|turn|2\n|inactive|prophetblack has 30 seconds left.\n|\n|t:|1699759701\n|-terastallize|p1a: Urshifu|Water\n|move|p2b: Mane Flutter|Parting Shot|p1a: Urshifu\n|-unboost|p1a: Urshifu|atk|1\n|-unboost|p1a: Urshifu|spa|1\n|c|\u2606atschoolwhatsup|evil you are\n|\n|t:|1699759708\n|switch|p2b: Hands Iron|Iron Hands, L50|100\/100|[from] Parting Shot\n|move|p2a: Slowqueen|Bulldoze|p1b: Clefairy|[spread] p2b,p1a,p1b\n|-supereffective|p2b: Hands Iron\n|-damage|p2b: Hands Iron|93\/100\n|-damage|p1a: Urshifu|94\/100\n|-damage|p1b: Clefairy|69\/100\n|-unboost|p2b: Hands Iron|spe|1\n|-unboost|p1a: Urshifu|spe|1\n|-unboost|p1b: Clefairy|spe|1\n|-enditem|p2b: Hands Iron|Weakness Policy\n|-boost|p2b: Hands Iron|atk|2|[from] item: Weakness Policy\n|-boost|p2b: Hands Iron|spa|2|[from] item: Weakness Policy\n|move|p1b: Clefairy|Dazzling Gleam|p2a: Slowqueen|[spread] p2a,p2b\n|-resisted|p2a: Slowqueen\n|-supereffective|p2b: Hands Iron\n|-damage|p2a: Slowqueen|97\/100\n|-damage|p2b: Hands Iron|75\/100\n|move|p1a: Urshifu|Surging Strikes|p2a: Slowqueen\n|-crit|p2a: Slowqueen\n|-damage|p2a: Slowqueen|75\/100\n|-crit|p2a: Slowqueen\n|-damage|p2a: Slowqueen|53\/100\n|-crit|p2a: Slowqueen\n|-damage|p2a: Slowqueen|31\/100\n|-hitcount|p2a: Slowqueen|3\n|\n|upkeep\n|turn|3\n|inactive|prophetblack has 30 seconds left.\n|\n|t:|1699759734\n|switch|p2a: matchagotchacore|Sinistcha, L50|100\/100\n|-heal|p2b: Hands Iron|99\/100|[from] ability: Hospitality|[of] p2a: matchagotchacore\n|switch|p1a: Farigiraf|Farigiraf, L50, M, shiny|100\/100\n|-terastallize|p2b: Hands Iron|Grass\n|move|p2b: Hands Iron|Tera Blast|p1a: Farigiraf|[anim] Tera Blast Grass\n|-damage|p1a: Farigiraf|27\/100\n|move|p1b: Clefairy|Life Dew|p1b: Clefairy|[spread] p1a,p1b\n|-heal|p1a: Farigiraf|52\/100\n|-heal|p1b: Clefairy|94\/100\n|\n|upkeep\n|turn|4\n|inactive|prophetblack has 30 seconds left.\n|\n|t:|1699759760\n|move|p1b: Clefairy|Protect|p1b: Clefairy\n|-singleturn|p1b: Clefairy|Protect\n|move|p1a: Farigiraf|Protect|p1a: Farigiraf\n|-singleturn|p1a: Farigiraf|Protect\n|move|p2b: Hands Iron|Drain Punch|p1a: Farigiraf\n|-activate|p1a: Farigiraf|move: Protect\n|move|p2a: matchagotchacore|Matcha Gotcha|p1a: Farigiraf|[spread] \n|-activate|p1a: Farigiraf|move: Protect\n|-activate|p1b: Clefairy|move: Protect\n|\n|upkeep\n|turn|5\n|\n|t:|1699759783\n|move|p1b: Clefairy|Follow Me|p1b: Clefairy\n|-singleturn|p1b: Clefairy|move: Follow Me\n|move|p2b: Hands Iron|Drain Punch|p1b: Clefairy\n|-resisted|p1b: Clefairy\n|-damage|p1b: Clefairy|57\/100\n|-heal|p2b: Hands Iron|100\/100|[from] drain|[of] p1b: Clefairy\n|move|p1a: Farigiraf|Psychic|p2b: Hands Iron\n|-damage|p2b: Hands Iron|73\/100\n|move|p2a: matchagotchacore|Matcha Gotcha|p1a: Farigiraf|[spread] p1a,p1b\n|-damage|p1a: Farigiraf|24\/100\n|-damage|p1b: Clefairy|33\/100\n|\n|-fieldend|move: Trick Room\n|upkeep\n|turn|6\n|\n|t:|1699759801\n|move|p2b: Hands Iron|Protect|p2b: Hands Iron\n|-singleturn|p2b: Hands Iron|Protect\n|move|p1a: Farigiraf|Psychic|p2a: matchagotchacore\n|-damage|p2a: matchagotchacore|66\/100\n|move|p1b: Clefairy|Life Dew|p1b: Clefairy|[spread] p1a,p1b\n|-heal|p1a: Farigiraf|49\/100\n|-heal|p1b: Clefairy|58\/100\n|move|p2a: matchagotchacore|Trick Room|p2a: matchagotchacore\n|-fieldstart|move: Trick Room|[of] p2a: matchagotchacore\n|\n|upkeep\n|turn|7\n|\n|t:|1699759823\n|move|p1a: Farigiraf|Protect|p1a: Farigiraf\n|-singleturn|p1a: Farigiraf|Protect\n|move|p2b: Hands Iron|Tera Blast|p1a: Farigiraf|[anim] Tera Blast Grass\n|-activate|p1a: Farigiraf|move: Protect\n|move|p1b: Clefairy|Life Dew|p1b: Clefairy|[spread] p1a,p1b\n|-heal|p1a: Farigiraf|75\/100\n|-heal|p1b: Clefairy|82\/100\n|move|p2a: matchagotchacore|Matcha Gotcha|p1a: Farigiraf|[spread] p1b\n|-activate|p1a: Farigiraf|move: Protect\n|-damage|p1b: Clefairy|62\/100\n|-heal|p2a: matchagotchacore|78\/100|[from] drain|[of] p1b: Clefairy\n|\n|upkeep\n|turn|8\n|c|\u2606atschoolwhatsup|erm ok\n|\n|t:|1699759842\n|move|p2b: Hands Iron|Tera Blast|p1a: Farigiraf|[anim] Tera Blast Grass\n|-damage|p1a: Farigiraf|4\/100\n|move|p1b: Clefairy|Dazzling Gleam|p2a: matchagotchacore|[spread] p2a,p2b\n|-damage|p2a: matchagotchacore|69\/100\n|-damage|p2b: Hands Iron|65\/100\n|move|p1a: Farigiraf|Psychic|p2a: matchagotchacore\n|-damage|p2a: matchagotchacore|38\/100\n|-enditem|p2a: matchagotchacore|Sitrus Berry|[eat]\n|-heal|p2a: matchagotchacore|63\/100|[from] item: Sitrus Berry\n|move|p2a: matchagotchacore|Matcha Gotcha|p1b: Clefairy|[spread] p1a,p1b\n|-damage|p1a: Farigiraf|0 fnt\n|-heal|p2a: matchagotchacore|65\/100|[from] drain|[of] p1a: Farigiraf\n|-damage|p1b: Clefairy|39\/100\n|-heal|p2a: matchagotchacore|77\/100|[from] drain|[of] p1b: Clefairy\n|faint|p1a: Farigiraf\n|\n|upkeep\n|\n|t:|1699759863\n|switch|p1a: Chien-Pao|Chien-Pao, L50|100\/100\n|-ability|p1a: Chien-Pao|Sword of Ruin\n|turn|9\n|\n|t:|1699759871\n|move|p2b: Hands Iron|Protect|p2b: Hands Iron\n|-singleturn|p2b: Hands Iron|Protect\n|move|p1b: Clefairy|Follow Me|p1b: Clefairy\n|-singleturn|p1b: Clefairy|move: Follow Me\n|move|p1a: Chien-Pao|Sucker Punch|p2a: matchagotchacore\n|-supereffective|p2a: matchagotchacore\n|-crit|p2a: matchagotchacore\n|-damage|p2a: matchagotchacore|0 fnt\n|faint|p2a: matchagotchacore\n|\n|upkeep\n|\n|t:|1699759881\n|switch|p2a: Mane Flutter|Grimmsnarl, L50, M|34\/100\n|turn|10\n|\n|t:|1699759893\n|move|p1a: Chien-Pao|Protect|p1a: Chien-Pao\n|-singleturn|p1a: Chien-Pao|Protect\n|move|p2a: Mane Flutter|Reflect|p2a: Mane Flutter\n|-sidestart|p2: atschoolwhatsup|Reflect\n|move|p2b: Hands Iron|Tera Blast|p1a: Chien-Pao|[anim] Tera Blast Grass\n|-activate|p1a: Chien-Pao|move: Protect\n|move|p1b: Clefairy|Life Dew||[still]|[spread] p1a,p1b\n|-fail|p1a: Chien-Pao|heal\n|-heal|p1b: Clefairy|64\/100\n|\n|-fieldend|move: Trick Room\n|upkeep\n|turn|11\n|\n|t:|1699759909\n|move|p2b: Hands Iron|Protect|p2b: Hands Iron\n|-singleturn|p2b: Hands Iron|Protect\n|move|p1b: Clefairy|Follow Me|p1b: Clefairy\n|-singleturn|p1b: Clefairy|move: Follow Me\n|move|p1a: Chien-Pao|Icicle Crash|p2b: Hands Iron\n|-activate|p2b: Hands Iron|move: Protect\n|move|p2a: Mane Flutter|Spirit Break|p1b: Clefairy\n|-damage|p1b: Clefairy|29\/100\n|-unboost|p1b: Clefairy|spa|1\n|\n|upkeep\n|turn|12\n|\n|t:|1699759923\n|-end|p2b: Hands Iron|Quark Drive|[silent]\n|switch|p2b: Slowqueen|Slowking-Galar, L50, F|64\/100\n|move|p1b: Clefairy|Follow Me|p1b: Clefairy\n|-singleturn|p1b: Clefairy|move: Follow Me\n|move|p1a: Chien-Pao|Icicle Crash|p2b: Slowqueen\n|-damage|p2b: Slowqueen|36\/100\n|move|p2a: Mane Flutter|Spirit Break|p1b: Clefairy\n|-damage|p1b: Clefairy|0 fnt\n|faint|p1b: Clefairy\n|\n|upkeep\n|\n|t:|1699759933\n|switch|p1b: Urshifu|Urshifu-Rapid-Strike, L50, F, tera:Water|94\/100\n|turn|13\n|\n|t:|1699759947\n|move|p2a: Mane Flutter|Parting Shot|p1b: Urshifu\n|-unboost|p1b: Urshifu|atk|1\n|-unboost|p1b: Urshifu|spa|1\n|\n|t:|1699759950\n|switch|p2a: Hands Iron|Iron Hands, L50, tera:Grass|65\/100|[from] Parting Shot\n|move|p1b: Urshifu|Surging Strikes|p2a: Hands Iron\n|-resisted|p2a: Hands Iron\n|-crit|p2a: Hands Iron\n|-damage|p2a: Hands Iron|54\/100\n|-resisted|p2a: Hands Iron\n|-crit|p2a: Hands Iron\n|-damage|p2a: Hands Iron|41\/100\n|-resisted|p2a: Hands Iron\n|-crit|p2a: Hands Iron\n|-damage|p2a: Hands Iron|30\/100\n|-hitcount|p2a: Hands Iron|3\n|move|p1a: Chien-Pao|Icicle Crash|p2b: Slowqueen\n|-damage|p2b: Slowqueen|5\/100\n|move|p2b: Slowqueen|Trick Room|p2b: Slowqueen\n|-fieldstart|move: Trick Room|[of] p2b: Slowqueen\n|\n|upkeep\n|turn|14\n|inactive|atschoolwhatsup has 30 seconds left.\n|\n|t:|1699759977\n|move|p1a: Chien-Pao|Sucker Punch|p2a: Hands Iron\n|-damage|p2a: Hands Iron|9\/100\n|move|p2b: Slowqueen|Heal Pulse|p2a: Hands Iron\n|-heal|p2a: Hands Iron|59\/100\n|move|p2a: Hands Iron|Drain Punch|p1b: Urshifu\n|-damage|p1b: Urshifu|38\/100\n|-heal|p2a: Hands Iron|79\/100|[from] drain|[of] p1b: Urshifu\n|move|p1b: Urshifu|Surging Strikes|p2b: Slowqueen\n|-crit|p2b: Slowqueen\n|-damage|p2b: Slowqueen|0 fnt\n|faint|p2b: Slowqueen\n|-hitcount|p2: Slowqueen|1\n|\n|-sideend|p2: atschoolwhatsup|Reflect\n|upkeep\n|\n|t:|1699759988\n|switch|p2b: Mane Flutter|Grimmsnarl, L50, M|34\/100\n|turn|15\n|\n|t:|1699760006\n|move|p2b: Mane Flutter|Reflect|p2b: Mane Flutter\n|-sidestart|p2: atschoolwhatsup|Reflect\n|move|p2a: Hands Iron|Drain Punch|p1a: Chien-Pao\n|-supereffective|p1a: Chien-Pao\n|-enditem|p1a: Chien-Pao|Focus Sash\n|-damage|p1a: Chien-Pao|1\/100\n|-heal|p2a: Hands Iron|100\/100|[from] drain|[of] p1a: Chien-Pao\n|move|p1a: Chien-Pao|Icicle Crash|p2a: Hands Iron\n|-supereffective|p2a: Hands Iron\n|-damage|p2a: Hands Iron|50\/100\n|move|p1b: Urshifu|Surging Strikes|p2b: Mane Flutter\n|-crit|p2b: Mane Flutter\n|-damage|p2b: Mane Flutter|0 fnt\n|faint|p2b: Mane Flutter\n|-hitcount|p2: Mane Flutter|1\n|\n|upkeep\n|turn|16\n|\n|t:|1699760024\n|move|p2a: Hands Iron|Protect|p2a: Hands Iron\n|-singleturn|p2a: Hands Iron|Protect\n|move|p1a: Chien-Pao|Icicle Crash|p2a: Hands Iron\n|-activate|p2a: Hands Iron|move: Protect\n|move|p1b: Urshifu|Surging Strikes|p2a: Hands Iron\n|-resisted|p2a: Hands Iron\n|-crit|p2a: Hands Iron\n|-damage|p2a: Hands Iron|38\/100\n|-resisted|p2a: Hands Iron\n|-crit|p2a: Hands Iron\n|-damage|p2a: Hands Iron|27\/100\n|-resisted|p2a: Hands Iron\n|-crit|p2a: Hands Iron\n|-damage|p2a: Hands Iron|14\/100\n|-hitcount|p2a: Hands Iron|3\n|\n|upkeep\n|turn|17\n|\n|t:|1699760045\n|move|p1a: Chien-Pao|Sucker Punch|p2a: Hands Iron\n|-damage|p2a: Hands Iron|0 fnt\n|faint|p2a: Hands Iron\n|-end|p2a: Hands Iron|Quark Drive|[silent]\n|\n|win|prophetblack\n|raw|prophetblack's rating: 1193 &rarr; <strong>1215<\/strong><br \/>(+22 for winning)\n|raw|atschoolwhatsup's rating: 1156 &rarr; <strong>1134<\/strong><br \/>(-22 for losing)\n|l|\u2606atschoolwhatsup\n","uploadtime":1699760054,"views":14,"p1id":"prophetblack","p2id":"atschoolwhatsup","formatid":"gen9vgc2023regulatione","rating":1134,"private":0,"password":""}