{"id":"gen9vgc2023regulatione-1999669929","p1":"Horuskoria","p2":"Tehiyok09","format":"[Gen 9] VGC 2023 Regulation E","log":"|j|\u2606Horuskoria\n|j|\u2606Tehiyok09\n|n|\u2606Horuskoria|horuskoria\n|n|\u2606Tehiyok09|tehiyok09\n|html|View the match progress at <a href=\"\/game-bestof3-gen9vgc2023regulatione-1999666199\">game-bestof3-gen9vgc2023regulatione-1999666199<\/a>\n|t:|1701106329\n|gametype|doubles\n|player|p1|Horuskoria|102|\n|player|p2|Tehiyok09|benga|\n|teamsize|p1|6\n|teamsize|p2|6\n|gen|9\n|tier|[Gen 9] VGC 2023 Regulation E\n|rule|Species Clause: Limit one of each Pok\u00e9mon\n|rule|Item Clause: Limit one of each item\n|clearpoke\n|poke|p1|Hariyama, L50, M|\n|poke|p1|Gastrodon-East, L50, F|\n|poke|p1|Talonflame, L50, F|\n|poke|p1|Brambleghast, L50, F|\n|poke|p1|Flutter Mane, L50|\n|poke|p1|Salamence, L50, M|\n|poke|p2|Iron Bundle, L50|\n|poke|p2|Fezandipiti, L50, M|\n|poke|p2|Lucario, L50, M|\n|poke|p2|Stonjourner, L50, M|\n|poke|p2|Brute Bonnet, L50|\n|poke|p2|Dragapult, L50, M|\n|teampreview|4\nHoruskoria rejected open team sheets.\n|\n|t:|1701106393\n|start\n|switch|p1a: Hariyama|Hariyama, L50, M|100\/100\n|switch|p1b: Salamence|Salamence, L50, M|100\/100\n|switch|p2a: Toshiro|Iron Bundle, L50|100\/100\n|switch|p2b: Gorone|Stonjourner, L50, M|100\/100\n|-ability|p1b: Salamence|Intimidate|boost\n|-unboost|p2a: Toshiro|atk|1\n|-unboost|p2b: Gorone|atk|1\n|turn|1\n|\n|t:|1701106422\n|-end|p2a: Toshiro|Quark Drive|[silent]\n|switch|p2a: Kaido|Dragapult, L50, M, shiny|100\/100\n|move|p1a: Hariyama|Fake Out|p2a: Kaido\n|-immune|p2a: Kaido\n|move|p1b: Salamence|Draco Meteor|p2a: Kaido\n|-supereffective|p2a: Kaido\n|-damage|p2a: Kaido|0 fnt\n|-unboost|p1b: Salamence|spa|2\n|faint|p2a: Kaido\n|move|p2b: Gorone|Iron Defense|p2b: Gorone\n|-boost|p2b: Gorone|def|2\n|\n|upkeep\n|\n|t:|1701106434\n|switch|p2a: Toshiro|Iron Bundle, L50|100\/100\n|turn|2\n|\n|t:|1701106464\n|move|p1b: Salamence|Draco Meteor|p2a: Toshiro\n|-damage|p2a: Toshiro|26\/100\n|-unboost|p1b: Salamence|spa|2\n|move|p2a: Toshiro|Icy Wind|p1a: Hariyama|[spread] p1a,p1b\n|-supereffective|p1b: Salamence\n|-damage|p1a: Hariyama|94\/100\n|-damage|p1b: Salamence|0 fnt\n|-unboost|p1a: Hariyama|spe|1\n|faint|p1b: Salamence\n|move|p2b: Gorone|Body Press|p1a: Hariyama\n|-damage|p1a: Hariyama|25\/100\n|move|p1a: Hariyama|Close Combat|p2a: Toshiro\n|-supereffective|p2a: Toshiro\n|-damage|p2a: Toshiro|0 fnt\n|-unboost|p1a: Hariyama|def|1\n|-unboost|p1a: Hariyama|spd|1\n|faint|p2a: Toshiro\n|-end|p2a: Toshiro|Quark Drive|[silent]\n|\n|upkeep\n|\n|t:|1701106481\n|switch|p2a: Toad|Brute Bonnet, L50|100\/100\n|switch|p1b: Gastrodon|Gastrodon-East, L50, F|100\/100\n|-enditem|p2a: Toad|Booster Energy\n|-activate|p2a: Toad|ability: Protosynthesis|[fromitem]\n|-start|p2a: Toad|protosynthesisspd\n|turn|3\n|\n|t:|1701106511\n|switch|p1a: Flutter Mane|Flutter Mane, L50|100\/100\n|-terastallize|p2b: Gorone|Fighting\n|move|p1b: Gastrodon|Protect|p1b: Gastrodon\n|-singleturn|p1b: Gastrodon|Protect\n|move|p2a: Toad|Rage Powder|p2a: Toad\n|-singleturn|p2a: Toad|move: Rage Powder\n|move|p2b: Gorone|Body Press|p1a: Flutter Mane\n|-immune|p1a: Flutter Mane\n|\n|upkeep\n|turn|4\n|\n|t:|1701106533\n|-terastallize|p1b: Gastrodon|Fire\n|move|p2b: Gorone|Wide Guard|p2b: Gorone\n|-singleturn|p2b: Gorone|Wide Guard\n|move|p2a: Toad|Sucker Punch|p1a: Flutter Mane\n|-damage|p1a: Flutter Mane|40\/100\n|move|p1a: Flutter Mane|Dazzling Gleam|p2a: Toad|[spread] \n|-activate|p2a: Toad|move: Wide Guard\n|-activate|p2b: Gorone|move: Wide Guard\n|move|p1b: Gastrodon|Icy Wind|p2b: Gorone|[spread] \n|-activate|p2a: Toad|move: Wide Guard\n|-activate|p2b: Gorone|move: Wide Guard\n|\n|upkeep\n|turn|5\n|\n|t:|1701106559\n|-end|p1a: Flutter Mane|Protosynthesis|[silent]\n|switch|p1a: Hariyama|Hariyama, L50, M|25\/100\n|move|p2b: Gorone|Protect|p2b: Gorone\n|-singleturn|p2b: Gorone|Protect\n|move|p1b: Gastrodon|Protect|p1b: Gastrodon\n|-singleturn|p1b: Gastrodon|Protect\n|move|p2a: Toad|Sucker Punch||[still]\n|-fail|p2a: Toad\n|\n|upkeep\n|turn|6\n|\n|t:|1701106583\n|move|p1a: Hariyama|Fake Out|p2b: Gorone\n|-damage|p2b: Gorone|97\/100\n|move|p2a: Toad|Rage Powder|p2a: Toad\n|-singleturn|p2a: Toad|move: Rage Powder\n|cant|p2b: Gorone|flinch\n|move|p1b: Gastrodon|Earth Power|p2a: Toad\n|-resisted|p2a: Toad\n|-damage|p2a: Toad|94\/100\n|\n|-heal|p2b: Gorone|100\/100|[from] item: Leftovers\n|upkeep\n|turn|7\n|\n|t:|1701106609\n|move|p2a: Toad|Rage Powder|p2a: Toad\n|-singleturn|p2a: Toad|move: Rage Powder\n|move|p2b: Gorone|Body Press|p1a: Hariyama\n|-damage|p1a: Hariyama|0 fnt\n|faint|p1a: Hariyama\n|move|p1b: Gastrodon|Icy Wind|p2a: Toad|[spread] p2a,p2b\n|-supereffective|p2a: Toad\n|-damage|p2a: Toad|85\/100\n|-damage|p2b: Gorone|77\/100\n|-unboost|p2a: Toad|spe|1\n|-unboost|p2b: Gorone|spe|1\n|\n|-heal|p2b: Gorone|83\/100|[from] item: Leftovers\n|upkeep\n|\n|t:|1701106620\n|switch|p1a: Flutter Mane|Flutter Mane, L50|40\/100\n|turn|8\n|\n|t:|1701106634\n|move|p2b: Gorone|Wide Guard|p2b: Gorone\n|-singleturn|p2b: Gorone|Wide Guard\n|move|p2a: Toad|Sucker Punch|p1a: Flutter Mane\n|-damage|p1a: Flutter Mane|0 fnt\n|faint|p1a: Flutter Mane\n|-end|p1a: Flutter Mane|Protosynthesis|[silent]\n|move|p1b: Gastrodon|Icy Wind|p2b: Gorone|[spread] \n|-activate|p2a: Toad|move: Wide Guard\n|-activate|p2b: Gorone|move: Wide Guard\n|\n|-heal|p2b: Gorone|89\/100|[from] item: Leftovers\n|upkeep\n|turn|9\n|\n|t:|1701106655\n|move|p2b: Gorone|Body Press|p1b: Gastrodon\n|-damage|p1b: Gastrodon|17\/100\n|-enditem|p1b: Gastrodon|Sitrus Berry|[eat]\n|-heal|p1b: Gastrodon|42\/100|[from] item: Sitrus Berry\n|move|p1b: Gastrodon|Icy Wind|p2b: Gorone|[spread] p2a,p2b\n|-supereffective|p2a: Toad\n|-damage|p2a: Toad|77\/100\n|-damage|p2b: Gorone|65\/100\n|-unboost|p2a: Toad|spe|1\n|-unboost|p2b: Gorone|spe|1\n|move|p2a: Toad|Pollen Puff|p2b: Gorone\n|-heal|p2b: Gorone|100\/100\n|\n|upkeep\n|turn|10\n|\n|t:|1701106672\n|move|p2a: Toad|Sucker Punch|p1b: Gastrodon\n|-damage|p1b: Gastrodon|3\/100\n|move|p1b: Gastrodon|Earth Power|p2b: Gorone\n|-damage|p2b: Gorone|30\/100\n|move|p2b: Gorone|Body Press|p1b: Gastrodon\n|-damage|p1b: Gastrodon|0 fnt\n|faint|p1b: Gastrodon\n|\n|win|Tehiyok09\n|c|&|\/uhtml prompt-tehiyok09,Tehiyok09 is ready for game 3!\n|inactive|Horuskoria has 50 seconds to confirm battle start!\n","uploadtime":1701106683,"views":3,"p1id":"horuskoria","p2id":"tehiyok09","formatid":"gen9vgc2023regulatione","rating":0,"private":0,"password":""}