{"id":"gen9vgc2023regulatione-1997919353","p1":"LuixenS","p2":"champ149","format":"[Gen 9] VGC 2023 Regulation E","log":"|j|\u2606LuixenS\n|j|\u2606champ149\n|t:|1700867459\n|gametype|doubles\n|player|p1|LuixenS|guitarist|1109\n|player|p2|champ149|265|1060\n|teamsize|p1|6\n|teamsize|p2|6\n|gen|9\n|tier|[Gen 9] VGC 2023 Regulation E\n|rated|\n|rule|Species Clause: Limit one of each Pok\u00e9mon\n|rule|Item Clause: Limit one of each item\n|clearpoke\n|poke|p1|Ceruledge, L50, M|\n|poke|p1|Clodsire, L50, M|\n|poke|p1|Toxtricity, L50, M|\n|poke|p1|Dragapult, L50, M|\n|poke|p1|Meowscarada, L50, M|\n|poke|p1|Hatterene, L50, F|\n|poke|p2|Cresselia, L50, F|\n|poke|p2|Ting-Lu, L50|\n|poke|p2|Arcanine-Hisui, L50, M|\n|poke|p2|Urshifu-*, L50, M|\n|poke|p2|Rillaboom, L50, M|\n|poke|p2|Regieleki, L50|\n|teampreview|4\nchamp149 has agreed to open team sheets.\n|inactive|Battle timer is ON: inactive players will automatically lose when time's up. (requested by LuixenS)\n|\n|t:|1700867495\n|start\n|switch|p1a: Clodsire|Clodsire, L50, M|100\/100\n|switch|p1b: Hatterene|Hatterene, L50, F|100\/100\n|switch|p2a: Regieleki|Regieleki, L50|100\/100\n|switch|p2b: Ting-Lu|Ting-Lu, L50|100\/100\n|-ability|p2b: Ting-Lu|Vessel of Ruin\n|turn|1\n|\n|t:|1700867513\n|switch|p2a: Rillaboom|Rillaboom, L50, M|100\/100\n|-fieldstart|move: Grassy Terrain|[from] ability: Grassy Surge|[of] p2a: Rillaboom\n|-terastallize|p2b: Ting-Lu|Fairy\n|move|p2b: Ting-Lu|Snarl|p1a: Clodsire|[spread] p1a,p1b\n|-damage|p1a: Clodsire|96\/100\n|-damage|p1b: Hatterene|91\/100\n|-unboost|p1a: Clodsire|spa|1\n|-unboost|p1b: Hatterene|spa|1\n|move|p1b: Hatterene|Draining Kiss|p2b: Ting-Lu\n|-damage|p2b: Ting-Lu|95\/100\n|-heal|p1b: Hatterene|97\/100|[from] drain|[of] p2b: Ting-Lu\n|move|p1a: Clodsire|Toxic|p2a: Rillaboom\n|-status|p2a: Rillaboom|tox\n|\n|-heal|p2b: Ting-Lu|100\/100|[from] Grassy Terrain\n|-heal|p1b: Hatterene|100\/100|[from] Grassy Terrain\n|-heal|p1a: Clodsire|100\/100|[from] Grassy Terrain\n|-damage|p2a: Rillaboom|94\/100 tox|[from] psn\n|upkeep\n|turn|2\n|\n|t:|1700867536\n|move|p2a: Rillaboom|Wood Hammer|p1b: Hatterene\n|-damage|p1b: Hatterene|30\/100\n|-damage|p2a: Rillaboom|78\/100 tox|[from] item: Rocky Helmet|[of] p1b: Hatterene\n|-damage|p2a: Rillaboom|58\/100 tox|[from] Recoil\n|move|p2b: Ting-Lu|Stomping Tantrum|p1a: Clodsire\n|-supereffective|p1a: Clodsire\n|-damage|p1a: Clodsire|17\/100\n|move|p1b: Hatterene|Calm Mind|p1b: Hatterene\n|-boost|p1b: Hatterene|spa|1\n|-boost|p1b: Hatterene|spd|1\n|move|p1a: Clodsire|Toxic|p2b: Ting-Lu\n|-status|p2b: Ting-Lu|tox\n|\n|-heal|p2a: Rillaboom|64\/100 tox|[from] Grassy Terrain\n|-heal|p1b: Hatterene|36\/100|[from] Grassy Terrain\n|-heal|p1a: Clodsire|23\/100|[from] Grassy Terrain\n|-heal|p1a: Clodsire|28\/100|[from] item: Leftovers\n|-damage|p2a: Rillaboom|52\/100 tox|[from] psn\n|-damage|p2b: Ting-Lu|94\/100 tox|[from] psn\n|upkeep\n|turn|3\n|inactive|LuixenS has 30 seconds left.\n|\n|t:|1700867565\n|move|p2a: Rillaboom|Grassy Glide|p1b: Hatterene\n|-damage|p1b: Hatterene|8\/100\n|-damage|p2a: Rillaboom|35\/100 tox|[from] item: Rocky Helmet|[of] p1b: Hatterene\n|move|p2b: Ting-Lu|Stomping Tantrum|p1a: Clodsire\n|-supereffective|p1a: Clodsire\n|-damage|p1a: Clodsire|0 fnt\n|faint|p1a: Clodsire\n|move|p1b: Hatterene|Calm Mind|p1b: Hatterene\n|-boost|p1b: Hatterene|spa|1\n|-boost|p1b: Hatterene|spd|1\n|\n|-heal|p2a: Rillaboom|41\/100 tox|[from] Grassy Terrain\n|-heal|p2b: Ting-Lu|100\/100 tox|[from] Grassy Terrain\n|-heal|p1b: Hatterene|15\/100|[from] Grassy Terrain\n|-damage|p2a: Rillaboom|23\/100 tox|[from] psn\n|-damage|p2b: Ting-Lu|88\/100 tox|[from] psn\n|upkeep\n|-enditem|p2a: Rillaboom|Aguav Berry|[eat]\n|-heal|p2a: Rillaboom|56\/100 tox|[from] item: Aguav Berry\n|\n|t:|1700867585\n|switch|p1a: Toxtricity|Toxtricity, L50, M|100\/100\n|turn|4\n|\n|t:|1700867601\n|-terastallize|p1a: Toxtricity|Normal\n|move|p2a: Rillaboom|Grassy Glide|p1b: Hatterene\n|-damage|p1b: Hatterene|0 fnt\n|-damage|p2a: Rillaboom|39\/100 tox|[from] item: Rocky Helmet|[of] p1b: Hatterene\n|faint|p1b: Hatterene\n|move|p1a: Toxtricity|Boomburst|p2b: Ting-Lu|[spread] p2a,p2b\n|-damage|p2a: Rillaboom|0 fnt\n|-damage|p2b: Ting-Lu|59\/100 tox\n|faint|p2a: Rillaboom\n|-enditem|p1a: Toxtricity|Throat Spray\n|-boost|p1a: Toxtricity|spa|1|[from] item: Throat Spray\n|move|p2b: Ting-Lu|Stomping Tantrum|p1a: Toxtricity\n|-damage|p1a: Toxtricity|34\/100\n|\n|-heal|p1a: Toxtricity|40\/100|[from] Grassy Terrain\n|-heal|p2b: Ting-Lu|65\/100 tox|[from] Grassy Terrain\n|-damage|p2b: Ting-Lu|46\/100 tox|[from] psn\n|upkeep\n|\n|t:|1700867617\n|switch|p2a: Regieleki|Regieleki, L50|100\/100\n|switch|p1b: Dragapult|Dragapult, L50, M|100\/100\n|turn|5\n|\n|t:|1700867628\n|move|p2a: Regieleki|Thunderbolt|p1a: Toxtricity\n|-damage|p1a: Toxtricity|0 fnt\n|faint|p1a: Toxtricity\n|move|p1b: Dragapult|Dragon Darts|p2a: Regieleki\n|-damage|p2a: Regieleki|26\/100\n|-anim|p1b: Dragapult|Dragon Darts|p2a: Regieleki\n|-damage|p2a: Regieleki|0 fnt\n|faint|p2a: Regieleki\n|move|p2b: Ting-Lu|Tera Blast|p1b: Dragapult|[anim] Tera Blast Fairy\n|-supereffective|p1b: Dragapult\n|-damage|p1b: Dragapult|0 fnt\n|faint|p1b: Dragapult\n|\n|win|champ149\n|raw|LuixenS's rating: 1109 &rarr; <strong>1080<\/strong><br \/>(-29 for losing)\n|raw|champ149's rating: 1060 &rarr; <strong>1095<\/strong><br \/>(+35 for winning)\n|l|\u2606LuixenS\n","uploadtime":1700867640,"views":2,"p1id":"luixens","p2id":"champ149","formatid":"gen9vgc2023regulatione","rating":1080,"private":0,"password":""}