{"id":"gen9vgc2023regulatione-1995647678","p1":"currieman59","p2":"opxqo","format":"[Gen 9] VGC 2023 Regulation E","log":"|j|\u2606currieman59\n|j|\u2606opxqo\n|t:|1700590558\n|gametype|doubles\n|player|p1|currieman59|lucas|1126\n|player|p2|opxqo|clair|1108\n|teamsize|p1|6\n|teamsize|p2|6\n|gen|9\n|tier|[Gen 9] VGC 2023 Regulation E\n|rated|\n|rule|Species Clause: Limit one of each Pok\u00e9mon\n|rule|Item Clause: Limit one of each item\n|clearpoke\n|poke|p1|Snorlax, L50, M|\n|poke|p1|Sinistcha-Masterpiece, L50|\n|poke|p1|Landorus-Therian, L50, M|\n|poke|p1|Iron Hands, L50|\n|poke|p1|Clefairy, L50, F|\n|poke|p1|Kommo-o, L50, F|\n|poke|p2|Cresselia, L50, F|\n|poke|p2|Ursaluna-Bloodmoon, L50, M|\n|poke|p2|Iron Hands, L50|\n|poke|p2|Flutter Mane, L50|\n|poke|p2|Chi-Yu, L50|\n|poke|p2|Amoonguss, L50, F|\n|teampreview|4\n|inactive|Battle timer is ON: inactive players will automatically lose when time's up. (requested by opxqo)\n|inactive|currieman59 has 60 seconds left.\n|\n|t:|1700590604\n|start\n|switch|p1a: Sinistcha|Sinistcha-Masterpiece, L50, shiny|100\/100\n|switch|p1b: Kommo-o|Kommo-o, L50, F, shiny|100\/100\n|switch|p2a: Flutter Mane|Flutter Mane, L50|100\/100\n|switch|p2b: Amoonguss|Amoonguss, L50, F|100\/100\n|-enditem|p2a: Flutter Mane|Booster Energy\n|-activate|p2a: Flutter Mane|ability: Protosynthesis|[fromitem]\n|-start|p2a: Flutter Mane|protosynthesisspe\n|turn|1\n|inactive|currieman59 has 30 seconds left.\n|inactive|opxqo has 30 seconds left.\n|\n|t:|1700590637\n|switch|p1a: Landorus|Landorus-Therian, L50, M, shiny|100\/100\n|-ability|p1a: Landorus|Intimidate|boost\n|-unboost|p2a: Flutter Mane|atk|1\n|-unboost|p2b: Amoonguss|atk|1\n|move|p2a: Flutter Mane|Protect|p2a: Flutter Mane\n|-singleturn|p2a: Flutter Mane|Protect\n|move|p1b: Kommo-o|Protect|p1b: Kommo-o\n|-singleturn|p1b: Kommo-o|Protect\n|move|p2b: Amoonguss|Spore|p1b: Kommo-o\n|-activate|p1b: Kommo-o|move: Protect\n|\n|upkeep\n|turn|2\n|inactive|currieman59 has 30 seconds left.\n|inactive|currieman59 has 20 seconds left.\n|inactive|currieman59 has 15 seconds left.\n|inactive|currieman59 has 10 seconds left.\n|\n|t:|1700590684\n|switch|p1b: Sinistcha|Sinistcha-Masterpiece, L50, shiny|100\/100\n|move|p2b: Amoonguss|Rage Powder|p2b: Amoonguss\n|-singleturn|p2b: Amoonguss|move: Rage Powder\n|move|p2a: Flutter Mane|Moonblast|p1b: Sinistcha\n|-damage|p1b: Sinistcha|57\/100\n|move|p1a: Landorus|Stomping Tantrum|p2b: Amoonguss\n|-damage|p2b: Amoonguss|70\/100\n|\n|upkeep\n|turn|3\n|\n|t:|1700590708\n|move|p1b: Sinistcha|Rage Powder|p1b: Sinistcha\n|-singleturn|p1b: Sinistcha|move: Rage Powder\n|move|p2b: Amoonguss|Rage Powder|p2b: Amoonguss\n|-singleturn|p2b: Amoonguss|move: Rage Powder\n|move|p2a: Flutter Mane|Icy Wind|p1a: Landorus|[spread] p1a,p1b\n|-supereffective|p1a: Landorus\n|-supereffective|p1b: Sinistcha\n|-damage|p1a: Landorus|33\/100\n|-damage|p1b: Sinistcha|32\/100\n|-unboost|p1a: Landorus|spe|1\n|-unboost|p1b: Sinistcha|spe|1\n|move|p1a: Landorus|Stomping Tantrum|p2b: Amoonguss\n|-crit|p2b: Amoonguss\n|-damage|p2b: Amoonguss|16\/100\n|-enditem|p2b: Amoonguss|Sitrus Berry|[eat]\n|-heal|p2b: Amoonguss|41\/100|[from] item: Sitrus Berry\n|\n|upkeep\n|turn|4\n|inactive|opxqo has 30 seconds left.\n|inactive|opxqo has 20 seconds left.\n|inactive|opxqo has 15 seconds left.\n|\n|t:|1700590750\n|move|p2b: Amoonguss|Rage Powder|p2b: Amoonguss\n|-singleturn|p2b: Amoonguss|move: Rage Powder\n|move|p2a: Flutter Mane|Icy Wind|p1b: Sinistcha|[spread] p1a,p1b\n|-supereffective|p1a: Landorus\n|-supereffective|p1b: Sinistcha\n|-damage|p1a: Landorus|0 fnt\n|-damage|p1b: Sinistcha|7\/100\n|-unboost|p1b: Sinistcha|spe|1\n|faint|p1a: Landorus\n|move|p1b: Sinistcha|Matcha Gotcha|p2a: Flutter Mane|[spread] p2a,p2b\n|-resisted|p2b: Amoonguss\n|-damage|p2a: Flutter Mane|76\/100\n|-heal|p1b: Sinistcha|17\/100|[from] drain|[of] p2a: Flutter Mane\n|-damage|p2b: Amoonguss|35\/100\n|-heal|p1b: Sinistcha|20\/100|[from] drain|[of] p2b: Amoonguss\n|-status|p2a: Flutter Mane|brn\n|\n|-damage|p2a: Flutter Mane|70\/100 brn|[from] brn\n|upkeep\n|\n|t:|1700590770\n|switch|p1a: Snorlax|Snorlax, L50, M, shiny|100\/100\n|turn|5\n|\n|t:|1700590790\n|move|p1b: Sinistcha|Rage Powder|p1b: Sinistcha\n|-singleturn|p1b: Sinistcha|move: Rage Powder\n|move|p2a: Flutter Mane|Icy Wind|p1b: Sinistcha|[spread] p1a,p1b\n|-supereffective|p1b: Sinistcha\n|-damage|p1a: Snorlax|96\/100\n|-damage|p1b: Sinistcha|0 fnt\n|-unboost|p1a: Snorlax|spe|1\n|faint|p1b: Sinistcha\n|move|p2b: Amoonguss|Spore|p1a: Snorlax\n|-status|p1a: Snorlax|slp|[from] move: Spore\n|cant|p1a: Snorlax|slp\n|\n|-damage|p2a: Flutter Mane|64\/100 brn|[from] brn\n|upkeep\n|\n|t:|1700590805\n|switch|p1b: Kommo-o|Kommo-o, L50, F, shiny|100\/100\n|turn|6\n|\n|t:|1700590812\n|-terastallize|p1b: Kommo-o|Steel\n|move|p2b: Amoonguss|Rage Powder|p2b: Amoonguss\n|-singleturn|p2b: Amoonguss|move: Rage Powder\n|move|p2a: Flutter Mane|Moonblast|p1b: Kommo-o\n|-resisted|p1b: Kommo-o\n|-damage|p1b: Kommo-o|81\/100\n|-unboost|p1b: Kommo-o|spa|1\n|move|p1b: Kommo-o|Flash Cannon|p2b: Amoonguss\n|-damage|p2b: Amoonguss|12\/100\n|cant|p1a: Snorlax|slp\n|\n|-damage|p2a: Flutter Mane|58\/100 brn|[from] brn\n|upkeep\n|turn|7\n|\n|t:|1700590832\n|move|p2a: Flutter Mane|Shadow Ball|p1b: Kommo-o\n|-immune|p1b: Kommo-o|[from] ability: Bulletproof\n|move|p1b: Kommo-o|Flash Cannon|p2b: Amoonguss\n|-damage|p2b: Amoonguss|0 fnt\n|faint|p2b: Amoonguss\n|cant|p1a: Snorlax|slp\n|\n|-damage|p2a: Flutter Mane|52\/100 brn|[from] brn\n|upkeep\n|\n|t:|1700590845\n|switch|p2b: Cresselia|Cresselia, L50, F|100\/100\n|turn|8\n|\n|t:|1700590851\n|-end|p2a: Flutter Mane|Protosynthesis|[silent]\n|switch|p2a: Ursaluna|Ursaluna-Bloodmoon, L50, M|100\/100\n|move|p1b: Kommo-o|Flash Cannon|p2a: Ursaluna\n|-damage|p2a: Ursaluna|72\/100\n|-curestatus|p1a: Snorlax|slp|[msg]\n|move|p1a: Snorlax|Belly Drum|p1a: Snorlax\n|-damage|p1a: Snorlax|46\/100\n|-setboost|p1a: Snorlax|atk|6|[from] move: Belly Drum\n|-enditem|p1a: Snorlax|Sitrus Berry|[eat]\n|-heal|p1a: Snorlax|71\/100|[from] item: Sitrus Berry\n|move|p2b: Cresselia|Trick Room|p2b: Cresselia\n|-fieldstart|move: Trick Room|[of] p2b: Cresselia\n|\n|upkeep\n|turn|9\n|\n|t:|1700590872\n|-terastallize|p2a: Ursaluna|Ghost\n|move|p2b: Cresselia|Helping Hand|p2a: Ursaluna\n|-singleturn|p2a: Ursaluna|Helping Hand|[of] p2b: Cresselia\n|move|p1b: Kommo-o|Protect|p1b: Kommo-o\n|-singleturn|p1b: Kommo-o|Protect\n|move|p1a: Snorlax|Facade|p2a: Ursaluna\n|-immune|p2a: Ursaluna\n|move|p2a: Ursaluna|Blood Moon|p1a: Snorlax\n|-damage|p1a: Snorlax|0 fnt\n|faint|p1a: Snorlax\n|\n|upkeep\n|turn|10\n|\n|t:|1700590892\n|move|p2b: Cresselia|Helping Hand|p2a: Ursaluna\n|-singleturn|p2a: Ursaluna|Helping Hand|[of] p2b: Cresselia\n|move|p2a: Ursaluna|Earth Power|p1b: Kommo-o\n|-supereffective|p1b: Kommo-o\n|-damage|p1b: Kommo-o|0 fnt\n|faint|p1b: Kommo-o\n|\n|win|opxqo\n|raw|currieman59's rating: 1126 &rarr; <strong>1100<\/strong><br \/>(-26 for losing)\n|raw|opxqo's rating: 1108 &rarr; <strong>1134<\/strong><br \/>(+26 for winning)\n|l|\u2606currieman59\n","uploadtime":1700590907,"views":3,"p1id":"currieman59","p2id":"opxqo","formatid":"gen9vgc2023regulatione","rating":1100,"private":0,"password":""}