{"id":"gen9vgc2023regulatione-2000249833","p1":"MrEggPie","p2":"Xhdoysoudoysf","format":"[Gen 9] VGC 2023 Regulation E","log":"|j|\u2606MrEggPie\n|j|\u2606Xhdoysoudoysf\n|t:|1701177498\n|gametype|doubles\n|player|p1|MrEggPie|101|1355\n|player|p2|Xhdoysoudoysf|ingo|1373\n|teamsize|p1|6\n|teamsize|p2|6\n|gen|9\n|tier|[Gen 9] VGC 2023 Regulation E\n|rated|\n|rule|Species Clause: Limit one of each Pok\u00e9mon\n|rule|Item Clause: Limit one of each item\n|clearpoke\n|poke|p1|Arcanine-Hisui, L50, M|\n|poke|p1|Gholdengo, L50|\n|poke|p1|Tornadus, L50, M|\n|poke|p1|Ogerpon-Wellspring, L50, F|\n|poke|p1|Iron Hands, L50|\n|poke|p1|Chi-Yu, L50|\n|poke|p2|Chien-Pao, L50|\n|poke|p2|Dragonite, L50, F|\n|poke|p2|Heatran, L50, M|\n|poke|p2|Urshifu-*, L50, M|\n|poke|p2|Rillaboom, L50, M|\n|poke|p2|Farigiraf, L50, F|\n|teampreview|4\n|inactive|Battle timer is ON: inactive players will automatically lose when time's up. (requested by Xhdoysoudoysf)\nMrEggPie has agreed to open team sheets.\n|inactive|MrEggPie has 60 seconds left.\n|\n|t:|1701177551\n|start\n|switch|p1a: Arcanine|Arcanine-Hisui, L50, M|100\/100\n|switch|p1b: Gholdengo|Gholdengo, L50|100\/100\n|switch|p2a: Clown|Farigiraf, L50, F, shiny|100\/100\n|switch|p2b: MONKE|Rillaboom, L50, M|100\/100\n|-ability|p1a: Arcanine|Intimidate|boost\n|-unboost|p2a: Clown|atk|1\n|-unboost|p2b: MONKE|atk|1\n|-fieldstart|move: Grassy Terrain|[from] ability: Grassy Surge|[of] p2b: MONKE\n|turn|1\n|inactive|MrEggPie has 30 seconds left.\n|\n|t:|1701177581\n|switch|p2b: OH NO! Ground|Heatran, L50, M|100\/100\n|-terastallize|p1b: Gholdengo|Steel\n|move|p1a: Arcanine|Flare Blitz|p2b: OH NO! Ground\n|-start|p2b: OH NO! Ground|ability: Flash Fire\n|move|p1b: Gholdengo|Make It Rain|p2b: OH NO! Ground|[spread] p2a,p2b\n|-resisted|p2b: OH NO! Ground\n|-damage|p2a: Clown|9\/100\n|-damage|p2b: OH NO! Ground|86\/100\n|-unboost|p1b: Gholdengo|spa|1\n|move|p2a: Clown|Trick Room|p2a: Clown\n|-fieldstart|move: Trick Room|[of] p2a: Clown\n|\n|-heal|p2a: Clown|15\/100|[from] Grassy Terrain\n|-heal|p2b: OH NO! Ground|92\/100|[from] Grassy Terrain\n|upkeep\n|turn|2\n|\n|t:|1701177603\n|switch|p1b: Ogerpon|Ogerpon-Wellspring, L50, F|100\/100\n|switch|p1a: Iron Hands|Iron Hands, L50|100\/100\n|move|p2a: Clown|Helping Hand|p2b: OH NO! Ground\n|-singleturn|p2b: OH NO! Ground|Helping Hand|[of] p2a: Clown\n|move|p2b: OH NO! Ground|Heat Wave|p1b: Ogerpon|[spread] p1a,p1b\n|-damage|p1a: Iron Hands|52\/100\n|-damage|p1b: Ogerpon|9\/100\n|\n|-heal|p2a: Clown|21\/100|[from] Grassy Terrain\n|-heal|p1a: Iron Hands|58\/100|[from] Grassy Terrain\n|-heal|p2b: OH NO! Ground|98\/100|[from] Grassy Terrain\n|-heal|p1b: Ogerpon|15\/100|[from] Grassy Terrain\n|upkeep\n|turn|3\n|\n|t:|1701177624\n|move|p1b: Ogerpon|Spiky Shield|p1b: Ogerpon\n|-singleturn|p1b: Ogerpon|move: Protect\n|move|p2a: Clown|Psychic|p1a: Iron Hands\n|-supereffective|p1a: Iron Hands\n|-damage|p1a: Iron Hands|21\/100\n|move|p1a: Iron Hands|Drain Punch|p2b: OH NO! Ground\n|-supereffective|p2b: OH NO! Ground\n|-damage|p2b: OH NO! Ground|21\/100\n|-heal|p1a: Iron Hands|54\/100|[from] drain|[of] p2b: OH NO! Ground\n|move|p2b: OH NO! Ground|Heat Wave|p1b: Ogerpon|[spread] p1a\n|-activate|p1b: Ogerpon|move: Protect\n|-damage|p1a: Iron Hands|22\/100\n|\n|-heal|p2a: Clown|27\/100|[from] Grassy Terrain\n|-heal|p1a: Iron Hands|28\/100|[from] Grassy Terrain\n|-heal|p2b: OH NO! Ground|27\/100|[from] Grassy Terrain\n|-heal|p1b: Ogerpon|21\/100|[from] Grassy Terrain\n|upkeep\n|turn|4\n|\n|t:|1701177642\n|move|p1b: Ogerpon|Follow Me|p1b: Ogerpon\n|-singleturn|p1b: Ogerpon|move: Follow Me\n|move|p2a: Clown|Psychic|p1b: Ogerpon\n|-damage|p1b: Ogerpon|0 fnt\n|faint|p1b: Ogerpon\n|move|p1a: Iron Hands|Drain Punch|p2b: OH NO! Ground\n|-supereffective|p2b: OH NO! Ground\n|-damage|p2b: OH NO! Ground|0 fnt\n|-heal|p1a: Iron Hands|40\/100|[from] drain|[of] p2b: OH NO! Ground\n|faint|p2b: OH NO! Ground\n|\n|-heal|p2a: Clown|34\/100|[from] Grassy Terrain\n|-heal|p1a: Iron Hands|46\/100|[from] Grassy Terrain\n|upkeep\n|\n|t:|1701177656\n|switch|p2b: MONKE|Rillaboom, L50, M|100\/100\n|switch|p1b: Arcanine|Arcanine-Hisui, L50, M|100\/100\n|-ability|p1b: Arcanine|Intimidate|boost\n|-unboost|p2a: Clown|atk|1\n|-unboost|p2b: MONKE|atk|1\n|turn|5\n|\n|t:|1701177670\n|-end|p1a: Iron Hands|Quark Drive|[silent]\n|switch|p1a: Gholdengo|Gholdengo, L50, tera:Steel|100\/100\n|move|p2b: MONKE|Fake Out|p1b: Arcanine\n|-resisted|p1b: Arcanine\n|-damage|p1b: Arcanine|95\/100\n|move|p2a: Clown|Psychic|p1a: Gholdengo\n|-resisted|p1a: Gholdengo\n|-damage|p1a: Gholdengo|82\/100\n|cant|p1b: Arcanine|flinch\n|\n|-heal|p2a: Clown|40\/100|[from] Grassy Terrain\n|-heal|p1a: Gholdengo|88\/100|[from] Grassy Terrain\n|-heal|p1b: Arcanine|100\/100|[from] Grassy Terrain\n|-fieldend|move: Trick Room\n|-fieldend|move: Grassy Terrain\n|upkeep\n|turn|6\n|inactive|MrEggPie has 30 seconds left.\n|inactive|MrEggPie has 20 seconds left.\n|inactive|MrEggPie has 15 seconds left.\n|inactive|MrEggPie has 10 seconds left.\n|inactive|MrEggPie has 5 seconds left.\n|\n|t:|1701177722\n|move|p1b: Arcanine|Rock Slide|p2a: Clown|[spread] \n|-miss|p1b: Arcanine|p2a: Clown\n|-miss|p1b: Arcanine|p2b: MONKE\n|move|p1a: Gholdengo|Trick|p2b: MONKE\n|-activate|p1a: Gholdengo|move: Trick|[of] p2b: MONKE\n|-item|p2b: MONKE|Choice Specs|[from] move: Trick\n|-item|p1a: Gholdengo|Miracle Seed|[from] move: Trick\n|move|p2b: MONKE|Wood Hammer|p1a: Gholdengo\n|-resisted|p1a: Gholdengo\n|-damage|p1a: Gholdengo|70\/100\n|-damage|p2b: MONKE|95\/100|[from] Recoil\n|move|p2a: Clown|Dazzling Gleam|p1a: Gholdengo|[spread] p1a,p1b\n|-resisted|p1a: Gholdengo\n|-resisted|p1b: Arcanine\n|-damage|p1a: Gholdengo|61\/100\n|-damage|p1b: Arcanine|89\/100\n|\n|upkeep\n|turn|7\n|\n|t:|1701177745\n|move|p1b: Arcanine|Rock Slide|p2b: MONKE|[spread] \n|-miss|p1b: Arcanine|p2a: Clown\n|-miss|p1b: Arcanine|p2b: MONKE\n|move|p1a: Gholdengo|Shadow Ball|p2b: MONKE\n|-damage|p2b: MONKE|50\/100\n|move|p2b: MONKE|Wood Hammer|p1b: Arcanine\n|-damage|p1b: Arcanine|35\/100\n|-damage|p2b: MONKE|35\/100|[from] Recoil\n|move|p2a: Clown|Psychic|p1a: Gholdengo\n|-resisted|p1a: Gholdengo\n|-damage|p1a: Gholdengo|41\/100\n|\n|upkeep\n|turn|8\n|\n|t:|1701177761\n|move|p1b: Arcanine|Rock Slide|p2b: MONKE|[spread] p2a,p2b\n|-damage|p2a: Clown|8\/100\n|-damage|p2b: MONKE|2\/100\n|move|p1a: Gholdengo|Make It Rain|p2b: MONKE|[spread] p2a,p2b\n|-damage|p2a: Clown|0 fnt\n|-damage|p2b: MONKE|0 fnt\n|-unboost|p1a: Gholdengo|spa|1\n|faint|p2a: Clown\n|faint|p2b: MONKE\n|\n|upkeep\n|inactive|Xhdoysoudoysf has 30 seconds left.\n|\n|t:|1701177792\n|switch|p2b: Po|Urshifu-Rapid-Strike, L50, M|100\/100\n|turn|9\n|inactive|MrEggPie has 30 seconds left.\n|inactive|MrEggPie has 20 seconds left.\n|\n|t:|1701177828\n|switch|p1b: Iron Hands|Iron Hands, L50|46\/100\n|-terastallize|p2b: Po|Water\n|move|p2b: Po|Surging Strikes|p1a: Gholdengo\n|-crit|p1a: Gholdengo\n|-damage|p1a: Gholdengo|15\/100\n|-crit|p1a: Gholdengo\n|-damage|p1a: Gholdengo|0 fnt\n|faint|p1a: Gholdengo\n|-hitcount|p1: Gholdengo|2\n|\n|upkeep\n|\n|t:|1701177837\n|switch|p1a: Arcanine|Arcanine-Hisui, L50, M|35\/100\n|-ability|p1a: Arcanine|Intimidate|boost\n|-unboost|p2b: Po|atk|1\n|turn|10\n|\n|t:|1701177849\n|move|p1b: Iron Hands|Fake Out|p2b: Po\n|-damage|p2b: Po|84\/100\n|move|p1a: Arcanine|Extreme Speed|p2b: Po\n|-damage|p2b: Po|47\/100\n|cant|p2b: Po|flinch\n|\n|upkeep\n|turn|11\n|\n|t:|1701177858\n|move|p1a: Arcanine|Extreme Speed|p2b: Po\n|-damage|p2b: Po|9\/100\n|move|p2b: Po|Surging Strikes|p1b: Iron Hands\n|-crit|p1b: Iron Hands\n|-damage|p1b: Iron Hands|24\/100\n|-crit|p1b: Iron Hands\n|-damage|p1b: Iron Hands|5\/100\n|-crit|p1b: Iron Hands\n|-damage|p1b: Iron Hands|0 fnt\n|faint|p1b: Iron Hands\n|-end|p1b: Iron Hands|Quark Drive|[silent]\n|-hitcount|p1: Iron Hands|3\n|\n|upkeep\n|turn|12\n|\n|t:|1701177880\n|move|p1a: Arcanine|Extreme Speed|p2b: Po\n|-damage|p2b: Po|0 fnt\n|faint|p2b: Po\n|\n|win|MrEggPie\n|raw|MrEggPie's rating: 1355 &rarr; <strong>1376<\/strong><br \/>(+21 for winning)\n|raw|Xhdoysoudoysf's rating: 1373 &rarr; <strong>1352<\/strong><br \/>(-21 for losing)\n|l|\u2606Xhdoysoudoysf\n","uploadtime":1701178013,"views":11,"p1id":"mreggpie","p2id":"xhdoysoudoysf","formatid":"gen9vgc2023regulatione","rating":1352,"private":0,"password":""}