{"id":"gen9vgc2023regulatione-1994375903","p1":"Yahar","p2":"L0L>3","format":"[Gen 9] VGC 2023 Regulation E","log":"|j|\u2606Yahar\n|j|\u2606L0L>3\n|t:|1700436807\n|gametype|doubles\n|player|p1|Yahar|shauntal|1240\n|player|p2|L0L>3|n|1142\n|teamsize|p1|6\n|teamsize|p2|6\n|gen|9\n|tier|[Gen 9] VGC 2023 Regulation E\n|rated|\n|rule|Species Clause: Limit one of each Pok\u00e9mon\n|rule|Item Clause: Limit one of each item\n|clearpoke\n|poke|p1|Zapdos, L50|\n|poke|p1|Iron Bundle, L50|\n|poke|p1|Heatran, L50, F|\n|poke|p1|Ogerpon-Wellspring, L50, F|\n|poke|p1|Rillaboom, L50, M|\n|poke|p1|Urshifu-*, L50, F|\n|poke|p2|Grimmsnarl, L50, M|\n|poke|p2|Volcarona, L50, F|\n|poke|p2|Chi-Yu, L50|\n|poke|p2|Cetitan, L50, M|\n|poke|p2|Sinistcha, L50|\n|poke|p2|Gyarados, L50, M|\n|teampreview|4\n|inactive|Battle timer is ON: inactive players will automatically lose when time's up. (requested by Yahar)\nYahar has agreed to open team sheets.\n|inactive|Yahar has 60 seconds left.\n|\n|t:|1700436839\n|start\n|switch|p1a: Zapdos|Zapdos, L50|100\/100\n|switch|p1b: Urshifu|Urshifu, L50, F|100\/100\n|switch|p2a: Grimmsnarl|Grimmsnarl, L50, M, shiny|100\/100\n|switch|p2b: Cetitan|Cetitan, L50, M|100\/100\n|turn|1\n|\n|t:|1700436859\n|-terastallize|p1b: Urshifu|Poison\n|move|p2a: Grimmsnarl|Reflect|p2a: Grimmsnarl\n|-sidestart|p2: L0L>3|Reflect\n|move|p1b: Urshifu|Close Combat|p2b: Cetitan\n|-supereffective|p2b: Cetitan\n|-damage|p2b: Cetitan|19\/100\n|-unboost|p1b: Urshifu|def|1\n|-unboost|p1b: Urshifu|spd|1\n|-enditem|p2b: Cetitan|Sitrus Berry|[eat]\n|-heal|p2b: Cetitan|44\/100|[from] item: Sitrus Berry\n|move|p1a: Zapdos|Tailwind|p1a: Zapdos\n|-sidestart|p1: Yahar|move: Tailwind\n|move|p2b: Cetitan|Belly Drum||[still]\n|-fail|p2b: Cetitan\n|\n|upkeep\n|turn|2\n|inactive|Yahar has 30 seconds left.\n|\n|t:|1700436887\n|move|p2b: Cetitan|Ice Shard|p1a: Zapdos\n|-supereffective|p1a: Zapdos\n|-damage|p1a: Zapdos|63\/100\n|move|p2a: Grimmsnarl|Parting Shot|p1b: Urshifu\n|-unboost|p1b: Urshifu|atk|1\n|-unboost|p1b: Urshifu|spa|1\n|\n|t:|1700436894\n|switch|p2a: Sinistcha|Sinistcha, L50|100\/100|[from] Parting Shot\n|-heal|p2b: Cetitan|69\/100|[from] ability: Hospitality|[of] p2a: Sinistcha\n|move|p1b: Urshifu|Close Combat|p2b: Cetitan\n|-supereffective|p2b: Cetitan\n|-damage|p2b: Cetitan|21\/100\n|-unboost|p1b: Urshifu|def|1\n|-unboost|p1b: Urshifu|spd|1\n|move|p1a: Zapdos|Hurricane|p2a: Sinistcha\n|-supereffective|p2a: Sinistcha\n|-damage|p2a: Sinistcha|9\/100\n|-start|p2a: Sinistcha|confusion\n|\n|upkeep\n|turn|3\n|\n|t:|1700436911\n|move|p1b: Urshifu|Sucker Punch|p2b: Cetitan\n|-damage|p2b: Cetitan|6\/100\n|move|p2b: Cetitan|Ice Shard|p1b: Urshifu\n|-damage|p1b: Urshifu|59\/100\n|move|p1a: Zapdos|Thunderbolt|p2a: Sinistcha\n|-resisted|p2a: Sinistcha\n|-damage|p2a: Sinistcha|0 fnt\n|faint|p2a: Sinistcha\n|\n|upkeep\n|\n|t:|1700436922\n|switch|p2a: Grimmsnarl|Grimmsnarl, L50, M, shiny|100\/100\n|turn|4\n|\n|t:|1700436937\n|move|p2b: Cetitan|Ice Shard|p1a: Zapdos\n|-supereffective|p1a: Zapdos\n|-damage|p1a: Zapdos|29\/100\n|move|p2a: Grimmsnarl|Light Screen|p2a: Grimmsnarl\n|-sidestart|p2: L0L>3|move: Light Screen\n|move|p1b: Urshifu|Wicked Blow|p2a: Grimmsnarl\n|-resisted|p2a: Grimmsnarl\n|-crit|p2a: Grimmsnarl\n|-damage|p2a: Grimmsnarl|85\/100\n|move|p1a: Zapdos|Thunderbolt|p2b: Cetitan\n|-crit|p2b: Cetitan\n|-damage|p2b: Cetitan|0 fnt\n|faint|p2b: Cetitan\n|\n|-sideend|p1: Yahar|move: Tailwind\n|upkeep\n|\n|t:|1700436947\n|switch|p2b: Chi-Yu|Chi-Yu, L50|100\/100\n|-ability|p2b: Chi-Yu|Beads of Ruin\n|turn|5\n|\n|t:|1700436957\n|switch|p1a: Heatran|Heatran, L50, F, shiny|100\/100\n|move|p1b: Urshifu|Protect|p1b: Urshifu\n|-singleturn|p1b: Urshifu|Protect\n|move|p2b: Chi-Yu|Heat Wave|p1a: Heatran|[spread] \n|-activate|p1b: Urshifu|move: Protect\n|-start|p1a: Heatran|ability: Flash Fire\n|move|p2a: Grimmsnarl|Foul Play|p1b: Urshifu\n|-activate|p1b: Urshifu|move: Protect\n|\n|upkeep\n|turn|6\n|\n|t:|1700436977\n|switch|p1b: Zapdos|Zapdos, L50|29\/100\n|-terastallize|p2b: Chi-Yu|Water\n|move|p2a: Grimmsnarl|Parting Shot|p1a: Heatran\n|-unboost|p1a: Heatran|atk|1\n|-unboost|p1a: Heatran|spa|1\n|move|p2b: Chi-Yu|Heat Wave|p1a: Heatran|[spread] p1b\n|-immune|p1a: Heatran|[from] ability: Flash Fire\n|-damage|p1b: Zapdos|0 fnt\n|faint|p1b: Zapdos\n|move|p1a: Heatran|Earth Power|p2b: Chi-Yu\n|-damage|p2b: Chi-Yu|84\/100\n|\n|upkeep\n|\n|t:|1700436993\n|switch|p1b: Urshifu|Urshifu, L50, F, tera:Poison|59\/100\n|turn|7\n|\n|t:|1700437008\n|move|p1b: Urshifu|Sucker Punch|p1a: Heatran\n|-damage|p1a: Heatran|69\/100\n|move|p2b: Chi-Yu|Heat Wave|p1a: Heatran|[spread] p1b\n|-immune|p1a: Heatran|[from] ability: Flash Fire\n|-damage|p1b: Urshifu|0 fnt\n|faint|p1b: Urshifu\n|move|p1a: Heatran|Heat Wave|p2b: Chi-Yu|[spread] p2a,p2b\n|-resisted|p2b: Chi-Yu\n|-damage|p2a: Grimmsnarl|54\/100\n|-damage|p2b: Chi-Yu|70\/100\n|move|p2a: Grimmsnarl|Foul Play|p1a: Heatran\n|-damage|p1a: Heatran|56\/100\n|\n|upkeep\n|\n|t:|1700437011\n|switch|p1b: Iron Bundle|Iron Bundle, L50|100\/100\n|-enditem|p1b: Iron Bundle|Booster Energy\n|-activate|p1b: Iron Bundle|ability: Quark Drive|[fromitem]\n|-start|p1b: Iron Bundle|quarkdrivespe\n|turn|8\n|\n|t:|1700437028\n|move|p2a: Grimmsnarl|Parting Shot|p1b: Iron Bundle\n|-unboost|p1b: Iron Bundle|atk|1\n|-unboost|p1b: Iron Bundle|spa|1\n|move|p1b: Iron Bundle|Hydro Pump|p2b: Chi-Yu\n|-resisted|p2b: Chi-Yu\n|-damage|p2b: Chi-Yu|56\/100\n|move|p2b: Chi-Yu|Heat Wave|p1a: Heatran|[spread] p1b\n|-immune|p1a: Heatran|[from] ability: Flash Fire\n|-damage|p1b: Iron Bundle|0 fnt\n|faint|p1b: Iron Bundle\n|-end|p1b: Iron Bundle|Quark Drive|[silent]\n|move|p1a: Heatran|Flash Cannon|p2a: Grimmsnarl\n|-supereffective|p2a: Grimmsnarl\n|-damage|p2a: Grimmsnarl|8\/100\n|\n|-sideend|p2: L0L>3|Reflect\n|upkeep\n|turn|9\n|\n|t:|1700437044\n|move|p2b: Chi-Yu|Heat Wave|p1a: Heatran\n|-immune|p1a: Heatran|[from] ability: Flash Fire\n|move|p1a: Heatran|Heat Wave|p2a: Grimmsnarl|[spread] p2a\n|-miss|p1a: Heatran|p2b: Chi-Yu\n|-crit|p2a: Grimmsnarl\n|-damage|p2a: Grimmsnarl|0 fnt\n|faint|p2a: Grimmsnarl\n|\n|upkeep\n|turn|10\n|-message|L0L>3 forfeited.\n|\n|win|Yahar\n|raw|Yahar's rating: 1240 &rarr; <strong>1258<\/strong><br \/>(+18 for winning)\n|raw|L0L&gt;3's rating: 1142 &rarr; <strong>1124<\/strong><br \/>(-18 for losing)\n|l|\u2606L0L>3\n","uploadtime":1700437060,"views":22,"p1id":"yahar","p2id":"l0l3","formatid":"gen9vgc2023regulatione","rating":1124,"private":0,"password":""}