{"id":"gen9vgc2023regulatione-1996799986","p1":"saifung","p2":"Toni Testoni","format":"[Gen 9] VGC 2023 Regulation E","log":"|j|\u2606saifung\n|j|\u2606Toni Testoni\n|t:|1700727352\n|gametype|doubles\n|player|p1|saifung|1|1258\n|player|p2|Toni Testoni|preschooler|1378\n|teamsize|p1|6\n|teamsize|p2|6\n|gen|9\n|tier|[Gen 9] VGC 2023 Regulation E\n|rated|\n|rule|Species Clause: Limit one of each Pok\u00e9mon\n|rule|Item Clause: Limit one of each item\n|clearpoke\n|poke|p1|Infernape, L50, F|\n|poke|p1|Kilowattrel, L50, M|\n|poke|p1|Iron Bundle, L50|\n|poke|p1|Krookodile, L50, F|\n|poke|p1|Scizor, L50, F|\n|poke|p1|Amoonguss, L50, M|\n|poke|p2|Ninetales-Alola, L50, F|\n|poke|p2|Iron Hands, L50|\n|poke|p2|Landorus-Therian, L50, M|\n|poke|p2|Heatran, L50, M|\n|poke|p2|Ogerpon-Wellspring, L50, F|\n|poke|p2|Kingambit, L50, F|\n|teampreview|4\n|inactive|Battle timer is ON: inactive players will automatically lose when time's up. (requested by Toni Testoni)\n|inactive|saifung also wants the timer to be on.\n|inactive|Toni Testoni has 60 seconds left.\n|\n|t:|1700727389\n|start\n|switch|p1a: Kilowattrel|Kilowattrel, L50, M|100\/100\n|switch|p1b: Infernape|Infernape, L50, F|100\/100\n|switch|p2a: Ninetales|Ninetales-Alola, L50, F|100\/100\n|switch|p2b: Heatran|Heatran, L50, M|100\/100\n|-weather|Snow|[from] ability: Snow Warning|[of] p2a: Ninetales\n|turn|1\n|\n|t:|1700727410\n|-terastallize|p2b: Heatran|Fairy\n|move|p1b: Infernape|Fake Out|p2b: Heatran\n|-damage|p2b: Heatran|91\/100\n|move|p1a: Kilowattrel|Volt Switch|p2a: Ninetales\n|-damage|p2a: Ninetales|68\/100\n|\n|t:|1700727416\n|switch|p1a: Scizor|Scizor, L50, F|100\/100|[from] Volt Switch\n|move|p2a: Ninetales|Aurora Veil|p2a: Ninetales\n|-sidestart|p2: Toni Testoni|move: Aurora Veil\n|cant|p2b: Heatran|flinch\n|\n|-weather|Snow|[upkeep]\n|-heal|p2b: Heatran|97\/100|[from] item: Leftovers\n|upkeep\n|turn|2\n|\n|t:|1700727433\n|switch|p2a: Iron Hands|Iron Hands, L50|100\/100\n|-terastallize|p1a: Scizor|Rock\n|move|p1a: Scizor|Bullet Punch|p2a: Iron Hands\n|-resisted|p2a: Iron Hands\n|-damage|p2a: Iron Hands|89\/100\n|move|p1b: Infernape|Heat Wave|p2a: Iron Hands|[spread] p2a\n|-start|p2b: Heatran|ability: Flash Fire\n|-damage|p2a: Iron Hands|80\/100\n|move|p2b: Heatran|Heat Wave|p1a: Scizor|[spread] p1a,p1b\n|-resisted|p1a: Scizor\n|-resisted|p1b: Infernape\n|-damage|p1a: Scizor|68\/100\n|-damage|p1b: Infernape|59\/100\n|\n|-weather|Snow|[upkeep]\n|-heal|p2b: Heatran|100\/100|[from] item: Leftovers\n|upkeep\n|turn|3\n|\n|t:|1700727450\n|move|p1a: Scizor|Bullet Punch|p2b: Heatran\n|-supereffective|p2b: Heatran\n|-damage|p2b: Heatran|53\/100\n|move|p1b: Infernape|Close Combat|p2a: Iron Hands\n|-damage|p2a: Iron Hands|56\/100\n|-unboost|p1b: Infernape|def|1\n|-unboost|p1b: Infernape|spd|1\n|move|p2b: Heatran|Heat Wave|p1a: Scizor|[spread] p1a\n|-miss|p2b: Heatran|p1b: Infernape\n|-resisted|p1a: Scizor\n|-damage|p1a: Scizor|39\/100\n|-status|p1a: Scizor|brn\n|move|p2a: Iron Hands|Drain Punch|p1a: Scizor\n|-supereffective|p1a: Scizor\n|-damage|p1a: Scizor|0 fnt\n|-heal|p2a: Iron Hands|70\/100|[from] drain|[of] p1a: Scizor\n|faint|p1a: Scizor\n|\n|-weather|Snow|[upkeep]\n|-heal|p2b: Heatran|59\/100|[from] item: Leftovers\n|upkeep\n|\n|t:|1700727459\n|switch|p1a: Krookodile|Krookodile, L50, F|100\/100\n|-ability|p1a: Krookodile|Intimidate|boost\n|-unboost|p2a: Iron Hands|atk|1\n|-unboost|p2b: Heatran|atk|1\n|turn|4\n|\n|t:|1700727469\n|-end|p2a: Iron Hands|Quark Drive|[silent]\n|switch|p2a: Ninetales|Ninetales-Alola, L50, F|68\/100\n|move|p1b: Infernape|Close Combat|p2a: Ninetales\n|-damage|p2a: Ninetales|37\/100\n|-unboost|p1b: Infernape|def|1\n|-unboost|p1b: Infernape|spd|1\n|move|p1a: Krookodile|Earthquake|p2b: Heatran|[spread] p1b,p2a,p2b\n|-supereffective|p1b: Infernape\n|-damage|p1b: Infernape|0 fnt\n|-damage|p2a: Ninetales|18\/100\n|-damage|p2b: Heatran|42\/100\n|faint|p1b: Infernape\n|move|p2b: Heatran|Heat Wave|p1a: Krookodile\n|-damage|p1a: Krookodile|11\/100\n|-enditem|p1a: Krookodile|Aguav Berry|[eat]\n|-heal|p1a: Krookodile|44\/100|[from] item: Aguav Berry\n|\n|-weather|Snow|[upkeep]\n|-heal|p2b: Heatran|48\/100|[from] item: Leftovers\n|upkeep\n|\n|t:|1700727478\n|switch|p1b: Kilowattrel|Kilowattrel, L50, M|100\/100\n|turn|5\n|\n|t:|1700727483\n|move|p1b: Kilowattrel|Discharge|p2a: Ninetales|[spread] p2a,p2b\n|-immune|p1a: Krookodile\n|-damage|p2a: Ninetales|2\/100\n|-damage|p2b: Heatran|31\/100\n|move|p2a: Ninetales|Icy Wind|p1a: Krookodile|[spread] p1b\n|-miss|p2a: Ninetales|p1a: Krookodile\n|-supereffective|p1b: Kilowattrel\n|-damage|p1b: Kilowattrel|58\/100\n|-unboost|p1b: Kilowattrel|spe|1\n|-ability|p1b: Kilowattrel|Competitive|boost\n|-boost|p1b: Kilowattrel|spa|2\n|move|p1a: Krookodile|Earthquake|p2b: Heatran|[spread] p2a,p2b\n|-immune|p1b: Kilowattrel\n|-damage|p2a: Ninetales|0 fnt\n|-damage|p2b: Heatran|14\/100\n|faint|p2a: Ninetales\n|move|p2b: Heatran|Heat Wave|p1a: Krookodile|[spread] p1a,p1b\n|-crit|p1b: Kilowattrel\n|-damage|p1a: Krookodile|0 fnt\n|-damage|p1b: Kilowattrel|0 fnt\n|faint|p1a: Krookodile\n|faint|p1b: Kilowattrel\n|\n|win|Toni Testoni\n|raw|saifung's rating: 1258 &rarr; <strong>1241<\/strong><br \/>(-17 for losing)\n|raw|Toni Testoni's rating: 1378 &rarr; <strong>1391<\/strong><br \/>(+13 for winning)\n","uploadtime":1700727489,"views":3,"p1id":"saifung","p2id":"tonitestoni","formatid":"gen9vgc2023regulatione","rating":1241,"private":0,"password":""}