{"id":"gen9vgc2023regulatione-1998650250","p1":"Conchoboar3","p2":"InfectedWolf1170","format":"[Gen 9] VGC 2023 Regulation E","log":"|j|\u2606Conchoboar3\n|j|\u2606InfectedWolf1170\n|t:|1700967617\n|gametype|doubles\n|player|p1|Conchoboar3|102|1330\n|player|p2|InfectedWolf1170|koga|1329\n|teamsize|p1|6\n|teamsize|p2|6\n|gen|9\n|tier|[Gen 9] VGC 2023 Regulation E\n|rated|\n|rule|Species Clause: Limit one of each Pok\u00e9mon\n|rule|Item Clause: Limit one of each item\n|clearpoke\n|poke|p1|Mamoswine, L50, M|\n|poke|p1|Iron Hands, L50|\n|poke|p1|Grimmsnarl, L50, M|\n|poke|p1|Heatran, L50, F|\n|poke|p1|Sinistcha, L50|\n|poke|p1|Urshifu-*, L50, F|\n|poke|p2|Tornadus, L50, M|\n|poke|p2|Landorus-Therian, L50, M|\n|poke|p2|Annihilape, L50, M|\n|poke|p2|Revavroom, L50, M|\n|poke|p2|Ogerpon-Wellspring, L50, F|\n|poke|p2|Pelipper, L50, F|\n|teampreview|4\n|\n|t:|1700967645\n|start\n|switch|p1a: Iron Hands|Iron Hands, L50|100\/100\n|switch|p1b: Grimmsnarl|Grimmsnarl, L50, M|100\/100\n|switch|p2a: Tornadus|Tornadus, L50, M|100\/100\n|switch|p2b: Landorus|Landorus-Therian, L50, M|100\/100\n|-ability|p2b: Landorus|Intimidate|boost\n|-unboost|p1a: Iron Hands|atk|1\n|-unboost|p1b: Grimmsnarl|atk|1\n|turn|1\n|inactive|Battle timer is ON: inactive players will automatically lose when time's up. (requested by InfectedWolf1170)\n|\n|t:|1700967663\n|move|p1b: Grimmsnarl|Reflect|p1b: Grimmsnarl\n|-sidestart|p1: Conchoboar3|Reflect\n|move|p2a: Tornadus|Bleakwind Storm|p1a: Iron Hands|[spread] p1a,p1b\n|-damage|p1a: Iron Hands|79\/100\n|-damage|p1b: Grimmsnarl|60\/100\n|move|p2b: Landorus|Earthquake|p1b: Grimmsnarl|[spread] p1a,p1b\n|-immune|p2a: Tornadus\n|-supereffective|p1a: Iron Hands\n|-damage|p1a: Iron Hands|13\/100\n|-damage|p1b: Grimmsnarl|25\/100\n|move|p1a: Iron Hands|Volt Switch|p2a: Tornadus\n|-supereffective|p2a: Tornadus\n|-damage|p2a: Tornadus|70\/100\n|\n|t:|1700967672\n|-end|p1a: Iron Hands|Quark Drive|[silent]\n|switch|p1a: Mamoswine|Mamoswine, L50, M|100\/100|[from] Volt Switch\n|\n|upkeep\n|turn|2\n|\n|t:|1700967689\n|switch|p2b: Revavroom|Revavroom, L50, M|100\/100\n|move|p1a: Mamoswine|Ice Shard|p2a: Tornadus\n|-supereffective|p2a: Tornadus\n|-damage|p2a: Tornadus|1\/100\n|move|p1b: Grimmsnarl|Light Screen|p1b: Grimmsnarl\n|-sidestart|p1: Conchoboar3|move: Light Screen\n|move|p2a: Tornadus|Bleakwind Storm|p1a: Mamoswine|[spread] p1a,p1b\n|-damage|p1a: Mamoswine|71\/100\n|-damage|p1b: Grimmsnarl|1\/100\n|-unboost|p1a: Mamoswine|spe|1\n|-unboost|p1b: Grimmsnarl|spe|1\n|\n|upkeep\n|turn|3\n|\n|t:|1700967706\n|move|p1a: Mamoswine|Protect|p1a: Mamoswine\n|-singleturn|p1a: Mamoswine|Protect\n|move|p2a: Tornadus|Tailwind|p2a: Tornadus\n|-sidestart|p2: InfectedWolf1170|move: Tailwind\n|move|p2b: Revavroom|Magnet Rise|p2b: Revavroom\n|-start|p2b: Revavroom|Magnet Rise\n|move|p1b: Grimmsnarl|Spirit Break|p2a: Tornadus\n|-damage|p2a: Tornadus|0 fnt\n|faint|p2a: Tornadus\n|\n|upkeep\n|\n|t:|1700967717\n|switch|p2a: Landorus|Landorus-Therian, L50, M|100\/100\n|-ability|p2a: Landorus|Intimidate|boost\n|-fail|p1a: Mamoswine|unboost|Attack|[from] ability: Oblivious|[of] p1a: Mamoswine\n|-unboost|p1b: Grimmsnarl|atk|1\n|turn|4\n|\n|t:|1700967722\n|move|p1a: Mamoswine|Ice Shard|p2a: Landorus\n|-supereffective|p2a: Landorus\n|-damage|p2a: Landorus|0 fnt\n|faint|p2a: Landorus\n|move|p1b: Grimmsnarl|Parting Shot|p2b: Revavroom\n|-fail|p2b: Revavroom|unboost|[from] item: Clear Amulet|[of] p2b: Revavroom\n|move|p2b: Revavroom|Shift Gear|p2b: Revavroom\n|-boost|p2b: Revavroom|spe|2\n|-boost|p2b: Revavroom|atk|1\n|\n|upkeep\n|\n|t:|1700967729\n|switch|p2a: Ogerpon|Ogerpon-Wellspring, L50, F|100\/100\n|turn|5\n|\n|t:|1700967755\n|-terastallize|p2a: Ogerpon|Water\n|detailschange|p2a: Ogerpon|Ogerpon-Wellspring-Tera, L50, F, tera:Water\n|-ability|p2a: Ogerpon|Embody Aspect (Wellspring)|boost\n|-boost|p2a: Ogerpon|spd|1\n|-terastallize|p1a: Mamoswine|Dragon\n|move|p1b: Grimmsnarl|Parting Shot|p2a: Ogerpon\n|-unboost|p2a: Ogerpon|atk|1\n|-unboost|p2a: Ogerpon|spa|1\n|\n|t:|1700967765\n|switch|p1b: Iron Hands|Iron Hands, L50|13\/100|[from] Parting Shot\n|move|p2b: Revavroom|Poison Jab|p1b: Iron Hands\n|-damage|p1b: Iron Hands|0 fnt\n|faint|p1b: Iron Hands\n|-end|p1b: Iron Hands|Quark Drive|[silent]\n|move|p2a: Ogerpon|Ivy Cudgel|p1a: Mamoswine|[anim] Ivy Cudgel Water\n|-resisted|p1a: Mamoswine\n|-damage|p1a: Mamoswine|52\/100\n|move|p1a: Mamoswine|Icicle Crash|p2a: Ogerpon|[miss]\n|-miss|p1a: Mamoswine|p2a: Ogerpon\n|\n|upkeep\n|\n|t:|1700967772\n|switch|p1b: Sinistcha|Sinistcha, L50|100\/100\n|-heal|p1a: Mamoswine|76\/100|[from] ability: Hospitality|[of] p1b: Sinistcha\n|turn|6\n|\n|t:|1700967791\n|move|p2a: Ogerpon|Spiky Shield|p2a: Ogerpon\n|-singleturn|p2a: Ogerpon|move: Protect\n|move|p1a: Mamoswine|Protect|p1a: Mamoswine\n|-singleturn|p1a: Mamoswine|Protect\n|move|p2b: Revavroom|Shift Gear|p2b: Revavroom\n|-boost|p2b: Revavroom|spe|2\n|-boost|p2b: Revavroom|atk|1\n|move|p1b: Sinistcha|Trick Room|p1b: Sinistcha\n|-fieldstart|move: Trick Room|[of] p1b: Sinistcha\n|\n|-sideend|p2: InfectedWolf1170|move: Tailwind\n|upkeep\n|turn|7\n|\n|t:|1700967810\n|move|p1a: Mamoswine|High Horsepower|p2a: Ogerpon\n|-damage|p2a: Ogerpon|38\/100\n|move|p1b: Sinistcha|Matcha Gotcha|p2b: Revavroom|[spread] p2a,p2b\n|-supereffective|p2a: Ogerpon\n|-resisted|p2b: Revavroom\n|-damage|p2a: Ogerpon|0 fnt\n|-damage|p2b: Revavroom|94\/100\n|faint|p2a: Ogerpon\n|move|p2b: Revavroom|Poison Jab|p1b: Sinistcha\n|-damage|p1b: Sinistcha|61\/100\n|\n|-end|p2b: Revavroom|Magnet Rise\n|upkeep\n|turn|8\n|\n|t:|1700967825\n|move|p1a: Mamoswine|High Horsepower|p2b: Revavroom\n|-supereffective|p2b: Revavroom\n|-damage|p2b: Revavroom|0 fnt\n|faint|p2b: Revavroom\n|\n|win|Conchoboar3\n|raw|Conchoboar3's rating: 1330 &rarr; <strong>1350<\/strong><br \/>(+20 for winning)\n|raw|InfectedWolf1170's rating: 1329 &rarr; <strong>1309<\/strong><br \/>(-20 for losing)\n|l|\u2606InfectedWolf1170\n","uploadtime":1700967834,"views":1,"p1id":"conchoboar3","p2id":"infectedwolf1170","formatid":"gen9vgc2023regulatione","rating":1309,"private":0,"password":""}