{"id":"gen9vgc2023regulatione-1990649983","p1":"DominikMysterioVGC","p2":"bwahacough","format":"[Gen 9] VGC 2023 Regulation E","log":"|j|\u2606DominikMysterioVGC\n|j|\u2606bwahacough\n|t:|1699988731\n|gametype|doubles\n|player|p1|DominikMysterioVGC|rocketgrunt|1660\n|player|p2|bwahacough|medium|1767\n|teamsize|p1|6\n|teamsize|p2|6\n|gen|9\n|tier|[Gen 9] VGC 2023 Regulation E\n|rated|\n|rule|Species Clause: Limit one of each Pok\u00e9mon\n|rule|Item Clause: Limit one of each item\n|clearpoke\n|poke|p1|Iron Hands, L50|\n|poke|p1|Landorus-Therian, L50, M|\n|poke|p1|Chi-Yu, L50|\n|poke|p1|Flutter Mane, L50|\n|poke|p1|Cresselia, L50, F|\n|poke|p1|Amoonguss, L50, M|\n|poke|p2|Lycanroc-Dusk, L50, M|\n|poke|p2|Tornadus, L50, M|\n|poke|p2|Urshifu-*, L50, F|\n|poke|p2|Farigiraf, L50, F|\n|poke|p2|Sinistcha, L50|\n|poke|p2|Iron Bundle, L50|\n|teampreview|4\n|inactive|Battle timer is ON: inactive players will automatically lose when time's up. (requested by DominikMysterioVGC)\nDominikMysterioVGC has agreed to open team sheets.\n|inactive|DominikMysterioVGC has 60 seconds left.\n|\n|t:|1699988766\n|start\n|switch|p1a: Chi-Yu|Chi-Yu, L50|100\/100\n|switch|p1b: Iron Hands|Iron Hands, L50|100\/100\n|switch|p2a: Tornadus|Tornadus, L50, M, shiny|100\/100\n|switch|p2b: Urshifu|Urshifu-Rapid-Strike, L50, F|100\/100\n|-ability|p1a: Chi-Yu|Beads of Ruin\n|turn|1\n|\n|t:|1699988781\n|move|p1b: Iron Hands|Fake Out|p2b: Urshifu\n|-damage|p2b: Urshifu|87\/100\n|move|p2a: Tornadus|Rain Dance|p2a: Tornadus\n|-weather|RainDance\n|move|p1a: Chi-Yu|Dark Pulse|p2a: Tornadus\n|-damage|p2a: Tornadus|0 fnt\n|faint|p2a: Tornadus\n|cant|p2b: Urshifu|flinch\n|\n|-weather|RainDance|[upkeep]\n|upkeep\n|\n|t:|1699988792\n|switch|p2a: Lycanroc|Lycanroc-Dusk, L50, M|100\/100\n|turn|2\n|inactive|DominikMysterioVGC has 30 seconds left.\n|\n|t:|1699988826\n|switch|p1a: Cresselia|Cresselia, L50, F|100\/100\n|move|p2a: Lycanroc|Rock Slide|p1b: Iron Hands|[spread] p1a,p1b\n|-resisted|p1b: Iron Hands\n|-damage|p1a: Cresselia|83\/100\n|-damage|p1b: Iron Hands|91\/100\n|move|p2b: Urshifu|Surging Strikes|p1b: Iron Hands\n|-crit|p1b: Iron Hands\n|-damage|p1b: Iron Hands|59\/100\n|-crit|p1b: Iron Hands\n|-damage|p1b: Iron Hands|27\/100\n|-crit|p1b: Iron Hands\n|-damage|p1b: Iron Hands|0 fnt\n|faint|p1b: Iron Hands\n|-end|p1b: Iron Hands|Quark Drive|[silent]\n|-hitcount|p1: Iron Hands|3\n|\n|-weather|RainDance|[upkeep]\n|upkeep\n|\n|t:|1699988834\n|switch|p1b: Flutter Mane|Flutter Mane, L50|100\/100\n|-enditem|p1b: Flutter Mane|Booster Energy\n|-activate|p1b: Flutter Mane|ability: Protosynthesis|[fromitem]\n|-start|p1b: Flutter Mane|protosynthesisspe\n|turn|3\n|\n|t:|1699988856\n|-terastallize|p2b: Urshifu|Steel\n|move|p1b: Flutter Mane|Moonblast|p2b: Urshifu\n|-resisted|p2b: Urshifu\n|-damage|p2b: Urshifu|54\/100\n|move|p2a: Lycanroc|Rock Slide|p1a: Cresselia|[spread] p1a\n|-miss|p2a: Lycanroc|p1b: Flutter Mane\n|-damage|p1a: Cresselia|64\/100\n|move|p2b: Urshifu|Surging Strikes|p1b: Flutter Mane\n|-crit|p1b: Flutter Mane\n|-damage|p1b: Flutter Mane|17\/100\n|-crit|p1b: Flutter Mane\n|-damage|p1b: Flutter Mane|0 fnt\n|faint|p1b: Flutter Mane\n|-end|p1b: Flutter Mane|Protosynthesis|[silent]\n|-hitcount|p1: Flutter Mane|2\n|cant|p1a: Cresselia|flinch\n|\n|-weather|RainDance|[upkeep]\n|upkeep\n|\n|t:|1699988867\n|switch|p1b: Chi-Yu|Chi-Yu, L50|100\/100\n|-ability|p1b: Chi-Yu|Beads of Ruin\n|turn|4\n|\n|t:|1699988873\n|-terastallize|p1b: Chi-Yu|Ghost\n|move|p2a: Lycanroc|Rock Slide|p1a: Cresselia|[spread] p1b\n|-miss|p2a: Lycanroc|p1a: Cresselia\n|-damage|p1b: Chi-Yu|61\/100\n|move|p1b: Chi-Yu|Heat Wave|p2b: Urshifu|[spread] p2a,p2b\n|-resisted|p2a: Lycanroc\n|-supereffective|p2b: Urshifu\n|-damage|p2a: Lycanroc|72\/100\n|-damage|p2b: Urshifu|0 fnt\n|faint|p2b: Urshifu\n|move|p1a: Cresselia|Trick Room|p1a: Cresselia\n|-fieldstart|move: Trick Room|[of] p1a: Cresselia\n|\n|-weather|RainDance|[upkeep]\n|upkeep\n|\n|t:|1699988875\n|switch|p2b: Sinistcha|Sinistcha, L50, shiny|100\/100\n|turn|5\n|\n|t:|1699988885\n|move|p2b: Sinistcha|Shadow Ball|p1b: Chi-Yu\n|-supereffective|p1b: Chi-Yu\n|-damage|p1b: Chi-Yu|0 fnt\n|faint|p1b: Chi-Yu\n|move|p1a: Cresselia|Lunar Blessing|p1a: Cresselia\n|-heal|p1a: Cresselia|89\/100\n|move|p2a: Lycanroc|Rock Slide|p1a: Cresselia\n|-damage|p1a: Cresselia|66\/100\n|\n|-weather|none\n|upkeep\n|turn|6\n|\n|t:|1699988899\n|move|p2b: Sinistcha|Shadow Ball|p1a: Cresselia\n|-supereffective|p1a: Cresselia\n|-crit|p1a: Cresselia\n|-damage|p1a: Cresselia|0 fnt\n|faint|p1a: Cresselia\n|\n|win|bwahacough\n|raw|DominikMysterioVGC's rating: 1660 &rarr; <strong>1645<\/strong><br \/>(-15 for losing)\n|raw|bwahacough's rating: 1748 &rarr; <strong>1763<\/strong><br \/>(+15 for winning)\n","uploadtime":1699988906,"views":11,"p1id":"dominikmysteriovgc","p2id":"bwahacough","formatid":"gen9vgc2023regulatione","rating":1645,"private":0,"password":""}