{"id":"gen9vgc2023regulatione-1994308355","p1":"Buff FlutterMane","p2":"Pete8738","format":"[Gen 9] VGC 2023 Regulation E","log":"|j|\u2606Buff FlutterMane\n|j|\u2606Pete8738\n|t:|1700429480\n|gametype|doubles\n|player|p1|Buff FlutterMane|turo|1400\n|player|p2|Pete8738|170|1362\n|teamsize|p1|6\n|teamsize|p2|6\n|gen|9\n|tier|[Gen 9] VGC 2023 Regulation E\n|rated|\n|rule|Species Clause: Limit one of each Pok\u00e9mon\n|rule|Item Clause: Limit one of each item\n|clearpoke\n|poke|p1|Dragapult, L50, M|\n|poke|p1|Chien-Pao, L50|\n|poke|p1|Ogerpon-Wellspring, L50, F|\n|poke|p1|Arcanine-Hisui, L50, M|\n|poke|p1|Farigiraf, L50, F|\n|poke|p1|Enamorus, L50, F|\n|poke|p2|Gholdengo, L50|\n|poke|p2|Amoonguss, L50, F|\n|poke|p2|Roaring Moon, L50|\n|poke|p2|Sinistcha-Masterpiece, L50|\n|poke|p2|Tornadus, L50, M|\n|poke|p2|Iron Bundle, L50|\n|teampreview|4\n|inactive|Battle timer is ON: inactive players will automatically lose when time's up. (requested by Pete8738)\n|inactive|Buff FlutterMane also wants the timer to be on.\n|inactive|Buff FlutterMane has 60 seconds left.\n|\n|t:|1700429517\n|start\n|switch|p1a: Enamorus|Enamorus, L50, F|100\/100\n|switch|p1b: \ud83d\ude39|Chien-Pao, L50|100\/100\n|switch|p2a: Iron Bundle|Iron Bundle, L50|100\/100\n|switch|p2b: Sinistcha|Sinistcha-Masterpiece, L50|100\/100\n|-ability|p1b: \ud83d\ude39|Sword of Ruin\n|turn|1\n|\n|t:|1700429540\n|-terastallize|p2b: Sinistcha|Steel\n|move|p1a: Enamorus|Superpower|p2a: Iron Bundle\n|-supereffective|p2a: Iron Bundle\n|-enditem|p2a: Iron Bundle|Focus Sash\n|-damage|p2a: Iron Bundle|1\/100\n|-boost|p1a: Enamorus|atk|1\n|-boost|p1a: Enamorus|def|1\n|move|p2a: Iron Bundle|Icy Wind|p1b: \ud83d\ude39|[spread] p1a,p1b\n|-supereffective|p1a: Enamorus\n|-resisted|p1b: \ud83d\ude39\n|-damage|p1a: Enamorus|44\/100\n|-damage|p1b: \ud83d\ude39|85\/100\n|-boost|p1a: Enamorus|spe|1\n|-unboost|p1b: \ud83d\ude39|spe|1\n|move|p1b: \ud83d\ude39|Icicle Crash|p2b: Sinistcha\n|-resisted|p2b: Sinistcha\n|-damage|p2b: Sinistcha|72\/100\n|move|p2b: Sinistcha|Nasty Plot|p2b: Sinistcha\n|-boost|p2b: Sinistcha|spa|2\n|\n|upkeep\n|turn|2\n|inactive|Pete8738 has 30 seconds left.\n|\n|t:|1700429580\n|switch|p2b: Gholdengo|Gholdengo, L50|100\/100\n|move|p1b: \ud83d\ude39|Sucker Punch|p2a: Iron Bundle\n|-damage|p2a: Iron Bundle|0 fnt\n|faint|p2a: Iron Bundle\n|-end|p2a: Iron Bundle|Quark Drive|[silent]\n|move|p1a: Enamorus|Superpower|p2b: Gholdengo\n|-immune|p2b: Gholdengo\n|\n|upkeep\n|\n|t:|1700429585\n|switch|p2a: Sinistcha|Sinistcha-Masterpiece, L50, tera:Steel|72\/100\n|turn|3\n|\n|t:|1700429603\n|switch|p1a: \ud83d\udc15\u200d\ud83e\uddba|Arcanine-Hisui, L50, M, shiny|100\/100\n|-ability|p1a: \ud83d\udc15\u200d\ud83e\uddba|Intimidate|boost\n|-unboost|p2a: Sinistcha|atk|1\n|-unboost|p2b: Gholdengo|atk|1\n|switch|p1b: \ud83e\udddd\ud83c\udffc\u200d\u2640\ufe0f|Ogerpon-Wellspring, L50, F|100\/100\n|move|p2a: Sinistcha|Rage Powder|p2a: Sinistcha\n|-singleturn|p2a: Sinistcha|move: Rage Powder\n|move|p2b: Gholdengo|Make It Rain|p1b: \ud83e\udddd\ud83c\udffc\u200d\u2640\ufe0f|[spread] p1a,p1b\n|-resisted|p1b: \ud83e\udddd\ud83c\udffc\u200d\u2640\ufe0f\n|-damage|p1a: \ud83d\udc15\u200d\ud83e\uddba|72\/100\n|-damage|p1b: \ud83e\udddd\ud83c\udffc\u200d\u2640\ufe0f|76\/100\n|-unboost|p2b: Gholdengo|spa|1\n|\n|upkeep\n|turn|4\n|\n|t:|1700429618\n|move|p1b: \ud83e\udddd\ud83c\udffc\u200d\u2640\ufe0f|Ivy Cudgel|p2b: Gholdengo|[anim] Ivy Cudgel Water\n|-damage|p2b: Gholdengo|42\/100\n|move|p2b: Gholdengo|Nasty Plot|p2b: Gholdengo\n|-boost|p2b: Gholdengo|spa|2\n|move|p1a: \ud83d\udc15\u200d\ud83e\uddba|Flare Blitz|p2a: Sinistcha\n|-supereffective|p2a: Sinistcha\n|-damage|p2a: Sinistcha|22\/100\n|-enditem|p2a: Sinistcha|Sitrus Berry|[eat]\n|-heal|p2a: Sinistcha|46\/100|[from] item: Sitrus Berry\n|-damage|p1a: \ud83d\udc15\u200d\ud83e\uddba|59\/100|[from] Recoil\n|move|p2a: Sinistcha|Nasty Plot|p2a: Sinistcha\n|-boost|p2a: Sinistcha|spa|2\n|\n|upkeep\n|turn|5\n|\n|t:|1700429635\n|move|p1b: \ud83e\udddd\ud83c\udffc\u200d\u2640\ufe0f|Ivy Cudgel|p2b: Gholdengo|[anim] Ivy Cudgel Water\n|-damage|p2b: Gholdengo|0 fnt\n|faint|p2b: Gholdengo\n|move|p1a: \ud83d\udc15\u200d\ud83e\uddba|Flare Blitz|p2a: Sinistcha\n|-supereffective|p2a: Sinistcha\n|-damage|p2a: Sinistcha|0 fnt\n|faint|p2a: Sinistcha\n|-damage|p1a: \ud83d\udc15\u200d\ud83e\uddba|47\/100|[from] Recoil\n|\n|upkeep\n|\n|t:|1700429643\n|switch|p2b: Roaring Moon|Roaring Moon, L50|100\/100\n|-enditem|p2b: Roaring Moon|Booster Energy\n|-activate|p2b: Roaring Moon|ability: Protosynthesis|[fromitem]\n|-start|p2b: Roaring Moon|protosynthesisatk\n|turn|6\n|\n|t:|1700429651\n|switch|p1a: Enamorus|Enamorus, L50, F|44\/100\n|move|p1b: \ud83e\udddd\ud83c\udffc\u200d\u2640\ufe0f|Follow Me|p1b: \ud83e\udddd\ud83c\udffc\u200d\u2640\ufe0f\n|-singleturn|p1b: \ud83e\udddd\ud83c\udffc\u200d\u2640\ufe0f|move: Follow Me\n|move|p2b: Roaring Moon|Dragon Dance|p2b: Roaring Moon\n|-boost|p2b: Roaring Moon|atk|1\n|-boost|p2b: Roaring Moon|spe|1\n|\n|upkeep\n|turn|7\n|\n|t:|1700429661\n|-terastallize|p1a: Enamorus|Fairy\n|move|p1b: \ud83e\udddd\ud83c\udffc\u200d\u2640\ufe0f|Follow Me|p1b: \ud83e\udddd\ud83c\udffc\u200d\u2640\ufe0f\n|-singleturn|p1b: \ud83e\udddd\ud83c\udffc\u200d\u2640\ufe0f|move: Follow Me\n|move|p1a: Enamorus|Play Rough|p2b: Roaring Moon\n|-supereffective|p2b: Roaring Moon\n|-damage|p2b: Roaring Moon|0 fnt\n|faint|p2b: Roaring Moon\n|-end|p2b: Roaring Moon|Protosynthesis|[silent]\n|\n|win|Buff FlutterMane\n|raw|Buff FlutterMane's rating: 1400 &rarr; <strong>1418<\/strong><br \/>(+18 for winning)\n|raw|Pete8738's rating: 1362 &rarr; <strong>1344<\/strong><br \/>(-18 for losing)\n|l|\u2606Pete8738\n","uploadtime":1700429678,"views":4,"p1id":"bufffluttermane","p2id":"pete8738","formatid":"gen9vgc2023regulatione","rating":1344,"private":0,"password":""}