{"id":"gen9vgc2023regulatione-1992132018","p1":"Tjgrif54321","p2":"tomachovgc","format":"[Gen 9] VGC 2023 Regulation E","log":"|j|\u2606Tjgrif54321\n|j|\u2606tomachovgc\n|t:|1700157691\n|gametype|doubles\n|player|p1|Tjgrif54321|pokemaniac|1225\n|player|p2|tomachovgc|2|1293\n|teamsize|p1|6\n|teamsize|p2|6\n|gen|9\n|tier|[Gen 9] VGC 2023 Regulation E\n|rated|\n|rule|Species Clause: Limit one of each Pok\u00e9mon\n|rule|Item Clause: Limit one of each item\n|clearpoke\n|poke|p1|Ogerpon-Wellspring, L50, F|\n|poke|p1|Flutter Mane, L50|\n|poke|p1|Landorus-Therian, L50, M|\n|poke|p1|Iron Hands, L50|\n|poke|p1|Farigiraf, L50, M|\n|poke|p1|Chi-Yu, L50|\n|poke|p2|Weezing, L50, F|\n|poke|p2|Arcanine, L50, M|\n|poke|p2|Roaring Moon, L50|\n|poke|p2|Rillaboom, L50, M|\n|poke|p2|Urshifu-*, L50, F|\n|poke|p2|Cresselia, L50, F|\n|teampreview|4\n|inactive|Battle timer is ON: inactive players will automatically lose when time's up. (requested by Tjgrif54321)\n|\n|t:|1700157708\n|start\n|switch|p1a: Ogerpon|Ogerpon-Wellspring, L50, F|100\/100\n|switch|p1b: Chi-Yu|Chi-Yu, L50|100\/100\n|switch|p2a: Weezing|Weezing, L50, F|100\/100\n|switch|p2b: Urshifu|Urshifu-Rapid-Strike, L50, F|100\/100\n|-ability|p2a: Weezing|Neutralizing Gas\n|turn|1\n|inactive|Tjgrif54321 has 30 seconds left.\n|\n|t:|1700157733\n|-terastallize|p1b: Chi-Yu|Ghost\n|move|p1a: Ogerpon|Follow Me|p1a: Ogerpon\n|-singleturn|p1a: Ogerpon|move: Follow Me\n|move|p2b: Urshifu|U-turn|p1a: Ogerpon\n|-supereffective|p1a: Ogerpon\n|-damage|p1a: Ogerpon|43\/100\n|\n|t:|1700157739\n|switch|p2b: Arcanine|Arcanine, L50, M|100\/100|[from] U-turn\n|move|p1b: Chi-Yu|Tera Blast|p2b: Arcanine|[anim] Tera Blast Ghost\n|-damage|p2b: Arcanine|48\/100\n|move|p2a: Weezing|Will-O-Wisp|p1a: Ogerpon\n|-status|p1a: Ogerpon|brn\n|\n|-damage|p1a: Ogerpon|37\/100 brn|[from] brn\n|upkeep\n|turn|2\n|\n|t:|1700157754\n|switch|p2b: Roaring Moon|Roaring Moon, L50|100\/100\n|-enditem|p2b: Roaring Moon|Booster Energy\n|-activate|p2b: Roaring Moon|ability: Protosynthesis|[fromitem]\n|-start|p2b: Roaring Moon|protosynthesisspe\n|move|p2a: Weezing|Protect|p2a: Weezing\n|-singleturn|p2a: Weezing|Protect\n|move|p1b: Chi-Yu|Tera Blast|p2a: Weezing|[anim] Tera Blast Ghost\n|-activate|p2a: Weezing|move: Protect\n|move|p1a: Ogerpon|Ivy Cudgel|p2b: Roaring Moon|[anim] Ivy Cudgel Water\n|-resisted|p2b: Roaring Moon\n|-damage|p2b: Roaring Moon|85\/100\n|\n|-damage|p1a: Ogerpon|31\/100 brn|[from] brn\n|upkeep\n|turn|3\n|inactive|tomachovgc has 30 seconds left.\n|\n|t:|1700157782\n|move|p1a: Ogerpon|Follow Me|p1a: Ogerpon\n|-singleturn|p1a: Ogerpon|move: Follow Me\n|move|p2b: Roaring Moon|Knock Off|p1a: Ogerpon\n|-damage|p1a: Ogerpon|0 fnt\n|faint|p1a: Ogerpon\n|move|p1b: Chi-Yu|Tera Blast|p2a: Weezing|[anim] Tera Blast Ghost\n|-damage|p2a: Weezing|15\/100\n|move|p2a: Weezing|Sludge Bomb|p1b: Chi-Yu\n|-resisted|p1b: Chi-Yu\n|-damage|p1b: Chi-Yu|86\/100\n|-status|p1b: Chi-Yu|psn\n|\n|-heal|p2a: Weezing|21\/100|[from] item: Leftovers\n|-damage|p1b: Chi-Yu|74\/100 psn|[from] psn\n|upkeep\n|\n|t:|1700157792\n|switch|p1a: Landorus|Landorus-Therian, L50, M|100\/100\n|turn|4\n|\n|t:|1700157801\n|-terastallize|p2b: Roaring Moon|Flying\n|move|p2b: Roaring Moon|Knock Off|p1b: Chi-Yu\n|-supereffective|p1b: Chi-Yu\n|-damage|p1b: Chi-Yu|0 fnt\n|-enditem|p1b: Chi-Yu|Choice Specs|[from] move: Knock Off|[of] p2b: Roaring Moon\n|faint|p1b: Chi-Yu\n|move|p1a: Landorus|Rock Slide|p2a: Weezing|[spread] p2a,p2b\n|-supereffective|p2b: Roaring Moon\n|-damage|p2a: Weezing|5\/100\n|-damage|p2b: Roaring Moon|34\/100\n|move|p2a: Weezing|Will-O-Wisp|p1a: Landorus\n|-status|p1a: Landorus|brn\n|\n|-heal|p2a: Weezing|11\/100|[from] item: Leftovers\n|-damage|p1a: Landorus|94\/100 brn|[from] brn\n|upkeep\n|\n|t:|1700157805\n|switch|p1b: Flutter Mane|Flutter Mane, L50|100\/100\n|-enditem|p1b: Flutter Mane|Booster Energy\n|-activate|p1b: Flutter Mane|ability: Protosynthesis|[fromitem]\n|-start|p1b: Flutter Mane|protosynthesisspe\n|turn|5\n|inactive|tomachovgc has 30 seconds left.\n|\n|t:|1700157833\n|move|p1b: Flutter Mane|Moonblast|p2a: Weezing\n|-resisted|p2a: Weezing\n|-damage|p2a: Weezing|0 fnt\n|faint|p2a: Weezing\n|-end|p2a: Weezing|ability: Neutralizing Gas\n|-ability|p1a: Landorus|Intimidate|boost\n|-unboost|p2b: Roaring Moon|atk|1\n|move|p2b: Roaring Moon|Acrobatics|p1b: Flutter Mane\n|-damage|p1b: Flutter Mane|12\/100\n|move|p1a: Landorus|Rock Slide|p2b: Roaring Moon\n|-supereffective|p2b: Roaring Moon\n|-damage|p2b: Roaring Moon|0 fnt\n|faint|p2b: Roaring Moon\n|-end|p2b: Roaring Moon|Protosynthesis|[silent]\n|\n|-damage|p1a: Landorus|88\/100 brn|[from] brn\n|upkeep\n|\n|t:|1700157842\n|switch|p2b: Arcanine|Arcanine, L50, M|48\/100\n|switch|p2a: Urshifu|Urshifu-Rapid-Strike, L50, F|100\/100\n|turn|6\n|\n|t:|1700157855\n|move|p1b: Flutter Mane|Energy Ball|p2a: Urshifu\n|-supereffective|p2a: Urshifu\n|-damage|p2a: Urshifu|6\/100\n|-unboost|p2a: Urshifu|spd|1\n|move|p1a: Landorus|Rock Slide|p2b: Arcanine|[spread] p2a\n|-miss|p1a: Landorus|p2b: Arcanine\n|-resisted|p2a: Urshifu\n|-damage|p2a: Urshifu|0 fnt\n|faint|p2a: Urshifu\n|move|p2b: Arcanine|Morning Sun|p2b: Arcanine\n|-heal|p2b: Arcanine|98\/100\n|\n|-damage|p1a: Landorus|82\/100 brn|[from] brn\n|upkeep\n|turn|7\n|\n|t:|1700157870\n|move|p1b: Flutter Mane|Moonblast|p2b: Arcanine\n|-resisted|p2b: Arcanine\n|-damage|p2b: Arcanine|79\/100\n|move|p1a: Landorus|Rock Slide|p2b: Arcanine\n|-supereffective|p2b: Arcanine\n|-damage|p2b: Arcanine|48\/100\n|move|p2b: Arcanine|Flare Blitz|p1b: Flutter Mane\n|-damage|p1b: Flutter Mane|0 fnt\n|faint|p1b: Flutter Mane\n|-end|p1b: Flutter Mane|Protosynthesis|[silent]\n|-damage|p2b: Arcanine|45\/100|[from] Recoil\n|\n|-damage|p1a: Landorus|76\/100 brn|[from] brn\n|upkeep\n|turn|8\n|\n|t:|1700157875\n|move|p1a: Landorus|Rock Slide|p2b: Arcanine\n|-supereffective|p2b: Arcanine\n|-damage|p2b: Arcanine|11\/100\n|move|p2b: Arcanine|Morning Sun|p2b: Arcanine\n|-heal|p2b: Arcanine|61\/100\n|\n|-damage|p1a: Landorus|70\/100 brn|[from] brn\n|upkeep\n|turn|9\n|\n|t:|1700157890\n|move|p1a: Landorus|Rock Slide|p2b: Arcanine\n|-supereffective|p2b: Arcanine\n|-damage|p2b: Arcanine|28\/100\n|move|p2b: Arcanine|Morning Sun|p2b: Arcanine\n|-heal|p2b: Arcanine|78\/100\n|\n|-damage|p1a: Landorus|64\/100 brn|[from] brn\n|upkeep\n|turn|10\n|\n|t:|1700157905\n|move|p1a: Landorus|Rock Slide|p2b: Arcanine\n|-supereffective|p2b: Arcanine\n|-damage|p2b: Arcanine|44\/100\n|move|p2b: Arcanine|Morning Sun|p2b: Arcanine\n|-heal|p2b: Arcanine|93\/100\n|\n|-damage|p1a: Landorus|58\/100 brn|[from] brn\n|upkeep\n|turn|11\n|\n|t:|1700157923\n|move|p1a: Landorus|Rock Slide|p2b: Arcanine\n|-supereffective|p2b: Arcanine\n|-damage|p2b: Arcanine|62\/100\n|move|p2b: Arcanine|Flare Blitz|p1a: Landorus\n|-damage|p1a: Landorus|1\/100 brn\n|-damage|p2b: Arcanine|47\/100|[from] Recoil\n|\n|-damage|p1a: Landorus|0 fnt|[from] brn\n|faint|p1a: Landorus\n|\n|win|tomachovgc\n|upkeep\n|raw|Tjgrif54321's rating: 1225 &rarr; <strong>1205<\/strong><br \/>(-20 for losing)\n|raw|tomachovgc's rating: 1293 &rarr; <strong>1313<\/strong><br \/>(+20 for winning)\n","uploadtime":1700157934,"views":20,"p1id":"tjgrif54321","p2id":"tomachovgc","formatid":"gen9vgc2023regulatione","rating":1205,"private":0,"password":""}