{"id":"gen9vgc2023regulatione-1999019293","p1":"NoahDaGr81","p2":"Big round man","format":"[Gen 9] VGC 2023 Regulation E","log":"|j|\u2606NoahDaGr81\n|j|\u2606Big round man\n|t:|1701024519\n|gametype|doubles\n|player|p1|NoahDaGr81|pokemonbreeder|1136\n|player|p2|Big round man|crasherwake|1181\n|teamsize|p1|6\n|teamsize|p2|6\n|gen|9\n|tier|[Gen 9] VGC 2023 Regulation E\n|rated|\n|rule|Species Clause: Limit one of each Pok\u00e9mon\n|rule|Item Clause: Limit one of each item\n|clearpoke\n|poke|p1|Meowscarada, L50, F|\n|poke|p1|Flutter Mane, L50|\n|poke|p1|Chi-Yu, L50|\n|poke|p1|Ninetales, L50, M|\n|poke|p1|Espeon, L50, M|\n|poke|p1|Roaring Moon, L50|\n|poke|p2|Cresselia, L50, F|\n|poke|p2|Snorlax, L50, F|\n|poke|p2|Goodra-Hisui, L50, M|\n|poke|p2|Ogerpon-Hearthflame, L50, F|\n|poke|p2|Scyther, L50, M|\n|poke|p2|Palafin, L50, F|\n|teampreview|4\n|c|\u2606Big round man|Glhf\n|\n|t:|1701024569\n|start\n|switch|p1a: Lanayru|Espeon, L50, M|100\/100\n|switch|p1b: Meowscarada|Meowscarada, L50, F|100\/100\n|switch|p2a: Palafin|Palafin, L50, F|100\/100\n|switch|p2b: Snorlax|Snorlax, L50, F, shiny|100\/100\n|turn|1\n|\n|t:|1701024592\n|move|p2a: Palafin|Flip Turn|p1a: Lanayru\n|-damage|p1a: Lanayru|67\/100\n|\n|t:|1701024598\n|detailschange|p2a: Palafin|Palafin-Hero, L50, F\n|switch|p2a: Goodra|Goodra-Hisui, L50, M|100\/100|[from] Flip Turn\n|move|p1b: Meowscarada|U-turn|p2b: Snorlax\n|-start|p1b: Meowscarada|typechange|Bug|[from] ability: Protean\n|-damage|p2b: Snorlax|75\/100\n|\n|t:|1701024606\n|switch|p1b: Ancalagan|Roaring Moon, L50, shiny|100\/100|[from] U-turn\n|move|p1a: Lanayru|Gravity|p1a: Lanayru\n|-fieldstart|move: Gravity\n|move|p2b: Snorlax|Heat Crash|p1b: Ancalagan\n|-resisted|p1b: Ancalagan\n|-damage|p1b: Ancalagan|93\/100\n|\n|upkeep\n|turn|2\n|\n|t:|1701024631\n|move|p1b: Ancalagan|Tailwind|p1b: Ancalagan\n|-sidestart|p1: NoahDaGr81|move: Tailwind\n|move|p1a: Lanayru|Thunder Wave|p2a: Goodra\n|-status|p2a: Goodra|par\n|move|p2b: Snorlax|Body Slam|p1a: Lanayru\n|-damage|p1a: Lanayru|4\/100\n|-status|p1a: Lanayru|par\n|move|p2a: Goodra|Acid Armor|p2a: Goodra\n|-boost|p2a: Goodra|def|2\n|\n|upkeep\n|turn|3\n|\n|t:|1701024664\n|move|p1b: Ancalagan|Knock Off|p2b: Snorlax\n|-damage|p2b: Snorlax|32\/100\n|-enditem|p2b: Snorlax|Assault Vest|[from] move: Knock Off|[of] p1b: Ancalagan\n|move|p1a: Lanayru|Skill Swap|p2b: Snorlax\n|-activate|p1a: Lanayru|move: Skill Swap|Thick Fat|Magic Bounce|[of] p2b: Snorlax\n|move|p2a: Goodra|Heavy Slam|p1a: Lanayru\n|-damage|p1a: Lanayru|0 fnt\n|faint|p1a: Lanayru\n|move|p2b: Snorlax|Counter|p1b: Ancalagan\n|-damage|p1b: Ancalagan|0 fnt\n|faint|p1b: Ancalagan\n|-end|p1b: Ancalagan|Protosynthesis|[silent]\n|\n|upkeep\n|\n|t:|1701024679\n|switch|p1b: Meowscarada|Meowscarada, L50, F|100\/100\n|switch|p1a: Mercurius|Chi-Yu, L50|100\/100\n|-ability|p1a: Mercurius|Beads of Ruin\n|turn|4\n|\n|t:|1701024692\n|-terastallize|p1a: Mercurius|Fire\n|move|p1b: Meowscarada|Helping Hand|p1a: Mercurius\n|-start|p1b: Meowscarada|typechange|Normal|[from] ability: Protean\n|-singleturn|p1a: Mercurius|Helping Hand|[of] p1b: Meowscarada\n|move|p1a: Mercurius|Heat Wave|p2b: Snorlax|[spread] p2a,p2b\n|-damage|p2a: Goodra|14\/100 par\n|-damage|p2b: Snorlax|0 fnt\n|faint|p2b: Snorlax\n|move|p2a: Goodra|Body Press|p1a: Mercurius\n|-damage|p1a: Mercurius|26\/100\n|\n|-heal|p2a: Goodra|20\/100 par|[from] item: Leftovers\n|upkeep\n|\n|t:|1701024703\n|switch|p2b: Palafin|Palafin-Hero, L50, F|100\/100\n|-activate|p2b: Palafin|ability: Zero to Hero\n|turn|5\n|\n|t:|1701024715\n|move|p1b: Meowscarada|Flower Trick|p2b: Palafin\n|-supereffective|p2b: Palafin\n|-crit|p2b: Palafin\n|-damage|p2b: Palafin|46\/100\n|move|p1a: Mercurius|Heat Wave|p2a: Goodra|[spread] p2a,p2b\n|-resisted|p2b: Palafin\n|-damage|p2a: Goodra|0 fnt\n|-damage|p2b: Palafin|0 fnt\n|faint|p2a: Goodra\n|faint|p2b: Palafin\n|\n|-sideend|p1: NoahDaGr81|move: Tailwind\n|-fieldend|move: Gravity\n|upkeep\n|\n|t:|1701024719\n|switch|p2b: Ogerpon|Ogerpon-Hearthflame, L50, F|100\/100\n|-ability|p2b: Ogerpon|Mold Breaker\n|turn|6\n|\n|t:|1701024742\n|move|p2b: Ogerpon|Spiky Shield|p2b: Ogerpon\n|-singleturn|p2b: Ogerpon|move: Protect\n|move|p1b: Meowscarada|U-turn|p2b: Ogerpon\n|-activate|p2b: Ogerpon|move: Protect\n|-damage|p1b: Meowscarada|88\/100|[from] Spiky Shield|[of] p2b: Ogerpon\n|move|p1a: Mercurius|Heat Wave|p2b: Ogerpon\n|-activate|p2b: Ogerpon|move: Protect\n|\n|upkeep\n|turn|7\n|\n|t:|1701024754\n|-terastallize|p2b: Ogerpon|Fire\n|detailschange|p2b: Ogerpon|Ogerpon-Hearthflame-Tera, L50, F, tera:Fire\n|-ability|p2b: Ogerpon|Embody Aspect (Hearthflame)|boost\n|-boost|p2b: Ogerpon|atk|1\n|move|p1b: Meowscarada|U-turn|p2b: Ogerpon\n|-resisted|p2b: Ogerpon\n|-crit|p2b: Ogerpon\n|-damage|p2b: Ogerpon|84\/100\n|move|p2b: Ogerpon|Ivy Cudgel|p1b: Meowscarada|[anim] Ivy Cudgel Fire\n|-damage|p1b: Meowscarada|0 fnt\n|faint|p1b: Meowscarada\n|move|p1a: Mercurius|Heat Wave|p2b: Ogerpon\n|-resisted|p2b: Ogerpon\n|-damage|p2b: Ogerpon|0 fnt\n|faint|p2b: Ogerpon\n|\n|win|NoahDaGr81\n|raw|NoahDaGr81's rating: 1136 &rarr; <strong>1164<\/strong><br \/>(+28 for winning)\n|raw|Big round man's rating: 1181 &rarr; <strong>1153<\/strong><br \/>(-28 for losing)\n|c|\u2606Big round man|Gg\n|l|\u2606Big round man\n","uploadtime":1701024785,"views":13,"p1id":"noahdagr81","p2id":"bigroundman","formatid":"gen9vgc2023regulatione","rating":1153,"private":0,"password":""}