{"id":"gen9vgc2023regulatione-1999709520","p1":"Ciq108","p2":"Jadedragon61","format":"[Gen 9] VGC 2023 Regulation E","log":"|j|\u2606Ciq108\n|j|\u2606Jadedragon61\n|n|\u2606Ciq108|ciq108\n|n|\u2606Jadedragon61|jadedragon61\n|html|View the match progress at <a href=\"\/game-bestof3-gen9vgc2023regulatione-1999706292\">game-bestof3-gen9vgc2023regulatione-1999706292<\/a>\n|t:|1701109801\n|gametype|doubles\n|player|p1|Ciq108|2|\n|player|p2|Jadedragon61|colress|\n|teamsize|p1|6\n|teamsize|p2|6\n|gen|9\n|tier|[Gen 9] VGC 2023 Regulation E\n|rule|Species Clause: Limit one of each Pok\u00e9mon\n|rule|Item Clause: Limit one of each item\n|clearpoke\n|poke|p1|Iron Hands, L50|\n|poke|p1|Dondozo, L50, M|\n|poke|p1|Tatsugiri, L50, M|\n|poke|p1|Glimmora, L50, F|\n|poke|p1|Mandibuzz, L50, F|\n|poke|p1|Espathra, L50, M|\n|poke|p2|Amoonguss, L50, M|\n|poke|p2|Tyranitar, L50, F|\n|poke|p2|Lycanroc, L50, F|\n|poke|p2|Toxapex, L50, M|\n|poke|p2|Salamence, L50, F|\n|poke|p2|Zapdos-Galar, L50|\n|teampreview|4\n|inactive|Battle timer is ON: inactive players will automatically lose when time's up. (requested by Ciq108)\n|c|\u2606Ciq108|Glhf\n|\n|t:|1701109825\n|start\n|switch|p1a: Espathra|Espathra, L50, M|100\/100\n|switch|p1b: Glimmora|Glimmora, L50, F|100\/100\n|switch|p2a: Tyranitar|Tyranitar, L50, F|100\/100\n|switch|p2b: Lycanroc|Lycanroc, L50, F|100\/100\n|-weather|Sandstorm|[from] ability: Sand Stream|[of] p2a: Tyranitar\n|turn|1\n|\n|t:|1701109843\n|move|p1b: Glimmora|Spiky Shield|p1b: Glimmora\n|-singleturn|p1b: Glimmora|move: Protect\n|move|p1a: Espathra|Protect|p1a: Espathra\n|-singleturn|p1a: Espathra|Protect\n|move|p2b: Lycanroc|Drill Run|p1b: Glimmora\n|-activate|p1b: Glimmora|move: Protect\n|-damage|p2b: Lycanroc|88\/100|[from] Spiky Shield|[of] p1b: Glimmora\n|move|p2a: Tyranitar|Knock Off|p1a: Espathra\n|-activate|p1a: Espathra|move: Protect\n|\n|-weather|Sandstorm|[upkeep]\n|-damage|p1a: Espathra|95\/100|[from] Sandstorm\n|-ability|p1a: Espathra|Speed Boost|boost\n|-boost|p1a: Espathra|spe|1\n|upkeep\n|turn|2\n|inactive|Ciq108 has 30 seconds left.\n|\n|t:|1701109872\n|-terastallize|p2a: Tyranitar|Psychic\n|move|p2b: Lycanroc|Drill Run|p1b: Glimmora\n|-supereffective|p1b: Glimmora\n|-enditem|p1b: Glimmora|Focus Sash\n|-damage|p1b: Glimmora|1\/100\n|-activate|p1b: Glimmora|ability: Toxic Debris\n|-sidestart|p2: Jadedragon61|move: Toxic Spikes\n|move|p1a: Espathra|Dazzling Gleam|p2b: Lycanroc|[spread] p2a,p2b\n|-damage|p2a: Tyranitar|86\/100\n|-damage|p2b: Lycanroc|60\/100\n|-damage|p1a: Espathra|85\/100|[from] item: Life Orb\n|move|p1b: Glimmora|Earth Power|p2b: Lycanroc\n|-supereffective|p2b: Lycanroc\n|-damage|p2b: Lycanroc|0 fnt\n|faint|p2b: Lycanroc\n|move|p2a: Tyranitar|Tera Blast|p1a: Espathra|[anim] Tera Blast Psychic\n|-resisted|p1a: Espathra\n|-damage|p1a: Espathra|50\/100\n|\n|-weather|Sandstorm|[upkeep]\n|-damage|p1a: Espathra|44\/100|[from] Sandstorm\n|-damage|p2a: Tyranitar|80\/100|[from] Sandstorm\n|-ability|p1a: Espathra|Speed Boost|boost\n|-boost|p1a: Espathra|spe|1\n|upkeep\n|\n|t:|1701109883\n|switch|p2b: Amoonguss|Amoonguss, L50, M, shiny|100\/100\n|-sideend|p2: Jadedragon61|move: Toxic Spikes|[of] p2b: Amoonguss\n|turn|3\n|\n|t:|1701109903\n|move|p1a: Espathra|Lumina Crash|p2a: Tyranitar\n|-resisted|p2a: Tyranitar\n|-damage|p2a: Tyranitar|66\/100\n|-unboost|p2a: Tyranitar|spd|2\n|-damage|p1a: Espathra|35\/100|[from] item: Life Orb\n|move|p1b: Glimmora|Power Gem|p2a: Tyranitar\n|-damage|p2a: Tyranitar|15\/100\n|move|p2a: Tyranitar|Rock Slide|p1a: Espathra|[spread] p1a,p1b\n|-damage|p1a: Espathra|0 fnt\n|-damage|p1b: Glimmora|0 fnt\n|-activate|p1b: Glimmora|ability: Toxic Debris\n|-sidestart|p2: Jadedragon61|move: Toxic Spikes\n|faint|p1a: Espathra\n|faint|p1b: Glimmora\n|move|p2b: Amoonguss|Clear Smog|p1: Espathra|[notarget]\n|-fail|p2b: Amoonguss\n|\n|-weather|Sandstorm|[upkeep]\n|-damage|p2a: Tyranitar|9\/100|[from] Sandstorm\n|-damage|p2b: Amoonguss|95\/100|[from] Sandstorm\n|upkeep\n|\n|t:|1701109909\n|switch|p1b: Tatsugiri|Tatsugiri, L50, M|100\/100\n|switch|p1a: Dondozo|Dondozo, L50, M|100\/100\n|-activate|p1b: Tatsugiri|ability: Commander|[of] p1a: Dondozo\n|-boost|p1a: Dondozo|atk|2\n|-boost|p1a: Dondozo|spa|2\n|-boost|p1a: Dondozo|spe|2\n|-boost|p1a: Dondozo|def|2\n|-boost|p1a: Dondozo|spd|2\n|turn|4\n|\n|t:|1701109924\n|switch|p2a: Toxapex|Toxapex, L50, M|100\/100\n|-sideend|p2: Jadedragon61|move: Toxic Spikes|[of] p2a: Toxapex\n|-terastallize|p1a: Dondozo|Dragon\n|move|p1a: Dondozo|Substitute|p1a: Dondozo\n|-start|p1a: Dondozo|Substitute\n|-damage|p1a: Dondozo|75\/100\n|move|p2b: Amoonguss|Clear Smog|p1a: Dondozo\n|-activate|p1a: Dondozo|move: Substitute|[damage]\n|\n|-weather|Sandstorm|[upkeep]\n|-damage|p1a: Dondozo|69\/100|[from] Sandstorm\n|-damage|p2a: Toxapex|95\/100|[from] Sandstorm\n|-damage|p2b: Amoonguss|89\/100|[from] Sandstorm\n|-heal|p2a: Toxapex|100\/100|[from] item: Leftovers\n|upkeep\n|turn|5\n|\n|t:|1701109948\n|move|p1a: Dondozo|Earthquake|p2b: Amoonguss|[spread] p2a,p2b\n|-miss|p1a: Dondozo|p1b: Tatsugiri\n|-supereffective|p2a: Toxapex\n|-damage|p2a: Toxapex|43\/100\n|-damage|p2b: Amoonguss|55\/100\n|move|p2a: Toxapex|Haze|p2a: Toxapex\n|-clearallboost\n|move|p2b: Amoonguss|Clear Smog|p1a: Dondozo\n|-end|p1a: Dondozo|Substitute\n|\n|-weather|none\n|-heal|p2a: Toxapex|49\/100|[from] item: Leftovers\n|upkeep\n|turn|6\n|inactive|Jadedragon61 has 30 seconds left.\n|\n|t:|1701109977\n|move|p1a: Dondozo|Order Up|p2b: Amoonguss\n|-damage|p2b: Amoonguss|26\/100\n|-enditem|p2b: Amoonguss|Sitrus Berry|[eat]\n|-heal|p2b: Amoonguss|51\/100|[from] item: Sitrus Berry\n|-boost|p1a: Dondozo|atk|1\n|move|p2a: Toxapex|Toxic|p1a: Dondozo\n|-status|p1a: Dondozo|tox\n|move|p2b: Amoonguss|Clear Smog|p1a: Dondozo\n|-damage|p1a: Dondozo|54\/100 tox\n|-clearboost|p1a: Dondozo\n|\n|-heal|p2a: Toxapex|55\/100|[from] item: Leftovers\n|-damage|p1a: Dondozo|48\/100 tox|[from] psn\n|upkeep\n|turn|7\n|inactiveoff|Battle timer is now OFF.\n|c|\u2606Ciq108|Sry can u gimme 5\n|l|\u2606Ciq108\n|player|p1|\n|c|\u2606Jadedragon61|*jeopardy theme begins\n|j| OmegaAlpha01\n|l| OmegaAlpha01\n|j| downfall18\n|c|\u2606Jadedragon61|I\u2019m really confused\n|c|\u2606Jadedragon61|It\u2019s been more than 5 minutes\n|c|\u2606Jadedragon61|Almost 20 minutes now\n|c|\u2606Jadedragon61|And now it\u2019s almost 2\n|j|\u2606Ciq108\n|player|p1|Ciq108|2\n|inactive|Battle timer is ON: inactive players will automatically lose when time's up. (requested by Ciq108)\n|c|\u2606Ciq108|Sry\n|inactiveoff|Battle timer is now OFF.\n|c|\u2606Ciq108|Had to play my game\n|c|\u2606Ciq108|Lmk if ur good to start\n|\n|t:|1701111070\n|move|p1a: Dondozo|Order Up|p2b: Amoonguss\n|-damage|p2b: Amoonguss|24\/100\n|-boost|p1a: Dondozo|atk|1\n|move|p2a: Toxapex|Recover|p2a: Toxapex\n|-heal|p2a: Toxapex|100\/100\n|move|p2b: Amoonguss|Clear Smog|p1a: Dondozo\n|-damage|p1a: Dondozo|30\/100 tox\n|-clearboost|p1a: Dondozo\n|\n|-damage|p1a: Dondozo|18\/100 tox|[from] psn\n|upkeep\n|turn|8\n|c|\u2606Jadedragon61|I\u2019m good\n|c|\u2606Ciq108|Sry again\n|\n|t:|1701111086\n|switch|p2b: Tyranitar|Tyranitar, L50, F, tera:Psychic|9\/100\n|-weather|Sandstorm|[from] ability: Sand Stream|[of] p2b: Tyranitar\n|move|p1a: Dondozo|Order Up|p2b: Tyranitar\n|-damage|p2b: Tyranitar|0 fnt\n|faint|p2b: Tyranitar\n|-boost|p1a: Dondozo|atk|1\n|move|p2a: Toxapex|Liquidation|p1a: Dondozo\n|-resisted|p1a: Dondozo\n|-damage|p1a: Dondozo|12\/100 tox\n|\n|-weather|Sandstorm|[upkeep]\n|-damage|p1a: Dondozo|5\/100 tox|[from] Sandstorm\n|-damage|p2a: Toxapex|95\/100|[from] Sandstorm\n|-heal|p2a: Toxapex|100\/100|[from] item: Leftovers\n|-damage|p1a: Dondozo|0 fnt|[from] psn\n|faint|p1a: Dondozo\n|upkeep\n|\n|t:|1701111102\n|switch|p2b: Amoonguss|Amoonguss, L50, M, shiny|57\/100\n|turn|9\n|j| OmegaAlpha01\n|\n|t:|1701111112\n|move|p1b: Tatsugiri|Taunt|p2a: Toxapex\n|-start|p2a: Toxapex|move: Taunt\n|cant|p2a: Toxapex|move: Taunt|Toxic\n|move|p2b: Amoonguss|Pollen Puff|p1b: Tatsugiri\n|-damage|p1b: Tatsugiri|78\/100\n|\n|-weather|Sandstorm|[upkeep]\n|-damage|p2a: Toxapex|95\/100|[from] Sandstorm\n|-damage|p2b: Amoonguss|51\/100|[from] Sandstorm\n|-heal|p2a: Toxapex|100\/100|[from] item: Leftovers\n|upkeep\n|turn|10\n|\n|t:|1701111126\n|move|p1b: Tatsugiri|Muddy Water|p2b: Amoonguss|[spread] p2b\n|-miss|p1b: Tatsugiri|p2a: Toxapex\n|-resisted|p2b: Amoonguss\n|-damage|p2b: Amoonguss|34\/100\n|move|p2a: Toxapex|Liquidation|p1b: Tatsugiri\n|-resisted|p1b: Tatsugiri\n|-damage|p1b: Tatsugiri|68\/100\n|-unboost|p1b: Tatsugiri|def|1\n|move|p2b: Amoonguss|Pollen Puff|p1b: Tatsugiri\n|-damage|p1b: Tatsugiri|43\/100\n|\n|-weather|Sandstorm|[upkeep]\n|-damage|p2a: Toxapex|95\/100|[from] Sandstorm\n|-damage|p2b: Amoonguss|28\/100|[from] Sandstorm\n|-heal|p2a: Toxapex|100\/100|[from] item: Leftovers\n|upkeep\n|turn|11\n|\n|t:|1701111140\n|move|p1b: Tatsugiri|Draco Meteor|p2b: Amoonguss\n|-damage|p2b: Amoonguss|0 fnt\n|-unboost|p1b: Tatsugiri|spa|2\n|faint|p2b: Amoonguss\n|move|p2a: Toxapex|Liquidation|p1b: Tatsugiri\n|-resisted|p1b: Tatsugiri\n|-damage|p1b: Tatsugiri|28\/100\n|-unboost|p1b: Tatsugiri|def|1\n|\n|-weather|Sandstorm|[upkeep]\n|-damage|p2a: Toxapex|95\/100|[from] Sandstorm\n|-heal|p2a: Toxapex|100\/100|[from] item: Leftovers\n|-end|p2a: Toxapex|move: Taunt\n|upkeep\n|turn|12\n|\n|t:|1701111149\n|move|p1b: Tatsugiri|Draco Meteor|p2a: Toxapex\n|-damage|p2a: Toxapex|71\/100\n|-unboost|p1b: Tatsugiri|spa|2\n|move|p2a: Toxapex|Liquidation|p1b: Tatsugiri\n|-resisted|p1b: Tatsugiri\n|-damage|p1b: Tatsugiri|10\/100\n|\n|-weather|none\n|-heal|p2a: Toxapex|77\/100|[from] item: Leftovers\n|upkeep\n|turn|13\n|c|\u2606Ciq108|Gg\n|c| OmegaAlpha01|Jade since y\u2019all are playing already you can finish\n|\n|t:|1701111158\n|move|p1b: Tatsugiri|Draco Meteor|p2a: Toxapex\n|-damage|p2a: Toxapex|56\/100\n|-unboost|p1b: Tatsugiri|spa|2\n|move|p2a: Toxapex|Liquidation|p1b: Tatsugiri\n|-resisted|p1b: Tatsugiri\n|-damage|p1b: Tatsugiri|0 fnt\n|faint|p1b: Tatsugiri\n|\n|win|Jadedragon61\n|inactive|Ciq108 has 50 seconds to confirm battle start!\n|inactive|Jadedragon61 has 50 seconds to confirm battle start!\n|c|&|\/uhtml prompt-jadedragon61,Jadedragon61 is ready for game 3!\n|c|&|\/uhtml prompt-jadedragon61,Jadedragon61 is ready for game 3!\n|c|&|\/uhtml prompt-ciq108,Ciq108 is ready for game 3!\nBoth players are ready! Starting next match!\n|j| amlosmurf\n|l|\u2606Ciq108\n|l| OmegaAlpha01\n|l| amlosmurf\n|l|\u2606Jadedragon61\n|l| downfall18\n|j|\u2606Jadedragon61\n|player|p2|Jadedragon61|colress\n","uploadtime":1701111481,"views":22,"p1id":"ciq108","p2id":"jadedragon61","formatid":"gen9vgc2023regulatione","rating":0,"private":0,"password":""}