{"id":"gen9vgc2023regulatione-1999414408","p1":"Gato_can","p2":"Shinoz","format":"[Gen 9] VGC 2023 Regulation E","log":"|j|\u2606Gato_can\n|j|\u2606Shinoz\n|t:|1701076557\n|gametype|doubles\n|player|p1|Gato_can|1|1380\n|player|p2|Shinoz|169|1474\n|teamsize|p1|6\n|teamsize|p2|6\n|gen|9\n|tier|[Gen 9] VGC 2023 Regulation E\n|rated|\n|rule|Species Clause: Limit one of each Pok\u00e9mon\n|rule|Item Clause: Limit one of each item\n|clearpoke\n|poke|p1|Tornadus, L50, M|\n|poke|p1|Flutter Mane, L50|\n|poke|p1|Iron Hands, L50|\n|poke|p1|Landorus-Therian, L50, M|\n|poke|p1|Garganacl, L50, F|\n|poke|p1|Amoonguss, L50, F|\n|poke|p2|Iron Bundle, L50|\n|poke|p2|Landorus-Therian, L50, M|\n|poke|p2|Rillaboom, L50, F|\n|poke|p2|Kingambit, L50, M|\n|poke|p2|Heatran, L50, M|\n|poke|p2|Iron Hands, L50|\n|teampreview|4\n|inactive|Battle timer is ON: inactive players will automatically lose when time's up. (requested by Gato_can)\n|\n|t:|1701076607\n|start\n|switch|p1a: Tornadus|Tornadus, L50, M|100\/100\n|switch|p1b: Iron Hands|Iron Hands, L50|100\/100\n|switch|p2a: Iron Bundle|Iron Bundle, L50|100\/100\n|switch|p2b: Iron Hands|Iron Hands, L50, shiny|100\/100\n|-enditem|p2a: Iron Bundle|Booster Energy\n|-activate|p2a: Iron Bundle|ability: Quark Drive|[fromitem]\n|-start|p2a: Iron Bundle|quarkdrivespe\n|turn|1\n|j| bloodcurseuk\n|inactive|Shinoz has 30 seconds left.\n|\n|t:|1701076641\n|move|p2b: Iron Hands|Fake Out|p1b: Iron Hands\n|-damage|p1b: Iron Hands|90\/100\n|cant|p1b: Iron Hands|flinch\n|move|p1a: Tornadus|Tailwind|p1a: Tornadus\n|-sidestart|p1: Gato_can|move: Tailwind\n|move|p2a: Iron Bundle|Freeze-Dry|p1a: Tornadus\n|-supereffective|p1a: Tornadus\n|-damage|p1a: Tornadus|26\/100\n|-enditem|p1a: Tornadus|Sitrus Berry|[eat]\n|-heal|p1a: Tornadus|51\/100|[from] item: Sitrus Berry\n|\n|upkeep\n|turn|2\n|inactive|Shinoz has 30 seconds left.\n|inactive|Shinoz has 20 seconds left.\n|inactive|Shinoz has 15 seconds left.\n|inactive|Shinoz has 10 seconds left.\n|\n|t:|1701076687\n|-end|p2a: Iron Bundle|Quark Drive|[silent]\n|switch|p2a: Landorus|Landorus-Therian, L50, M|100\/100\n|-ability|p2a: Landorus|Intimidate|boost\n|-unboost|p1a: Tornadus|atk|1\n|-unboost|p1b: Iron Hands|atk|1\n|move|p1a: Tornadus|Bleakwind Storm|p2a: Landorus|[spread] \n|-miss|p1a: Tornadus|p2a: Landorus\n|-miss|p1a: Tornadus|p2b: Iron Hands\n|move|p1b: Iron Hands|Drain Punch|p2a: Landorus\n|-resisted|p2a: Landorus\n|-damage|p2a: Landorus|84\/100\n|-heal|p1b: Iron Hands|95\/100|[from] drain|[of] p2a: Landorus\n|move|p2b: Iron Hands|Drain Punch|p1b: Iron Hands\n|-damage|p1b: Iron Hands|68\/100\n|\n|upkeep\n|turn|3\n|inactive|Shinoz has 30 seconds left.\n|\n|t:|1701076717\n|move|p1a: Tornadus|Heat Wave|p2a: Landorus|[spread] p2a,p2b\n|-damage|p2a: Landorus|58\/100\n|-damage|p2b: Iron Hands|88\/100\n|-status|p2b: Iron Hands|brn\n|move|p2a: Landorus|Stomping Tantrum|p1b: Iron Hands\n|-supereffective|p1b: Iron Hands\n|-damage|p1b: Iron Hands|13\/100\n|move|p1b: Iron Hands|Drain Punch|p2b: Iron Hands\n|-damage|p2b: Iron Hands|69\/100 brn\n|-heal|p1b: Iron Hands|22\/100|[from] drain|[of] p2b: Iron Hands\n|move|p2b: Iron Hands|Wild Charge|p1a: Tornadus\n|-supereffective|p1a: Tornadus\n|-damage|p1a: Tornadus|0 fnt\n|faint|p1a: Tornadus\n|-damage|p2b: Iron Hands|59\/100 brn|[from] Recoil\n|\n|-damage|p2b: Iron Hands|53\/100 brn|[from] brn\n|upkeep\n|\n|t:|1701076730\n|switch|p1a: Flutter Mane|Flutter Mane, L50|100\/100\n|-enditem|p1a: Flutter Mane|Booster Energy\n|-activate|p1a: Flutter Mane|ability: Protosynthesis|[fromitem]\n|-start|p1a: Flutter Mane|protosynthesisspa\n|turn|4\n|inactive|Shinoz has 30 seconds left.\n|\n|t:|1701076757\n|-terastallize|p1a: Flutter Mane|Fairy\n|-terastallize|p2b: Iron Hands|Water\n|move|p1a: Flutter Mane|Dazzling Gleam|p2b: Iron Hands|[spread] p2a,p2b\n|-damage|p2a: Landorus|0 fnt\n|-damage|p2b: Iron Hands|20\/100 brn\n|faint|p2a: Landorus\n|move|p1b: Iron Hands|Close Combat|p2b: Iron Hands\n|-damage|p2b: Iron Hands|0 fnt\n|-unboost|p1b: Iron Hands|def|1\n|-unboost|p1b: Iron Hands|spd|1\n|faint|p2b: Iron Hands\n|-end|p2b: Iron Hands|Quark Drive|[silent]\n|\n|-sideend|p1: Gato_can|move: Tailwind\n|upkeep\n|\n|t:|1701076774\n|switch|p2a: Iron Bundle|Iron Bundle, L50|100\/100\n|switch|p2b: Kingambit|Kingambit, L50, M, shiny|100\/100\n|turn|5\n|inactive|Shinoz has 30 seconds left.\n|inactive|Shinoz has 20 seconds left.\n|inactive|Shinoz has 15 seconds left.\n|\n|t:|1701076817\n|move|p1a: Flutter Mane|Protect|p1a: Flutter Mane\n|-singleturn|p1a: Flutter Mane|Protect\n|move|p2a: Iron Bundle|Icy Wind|p1b: Iron Hands|[spread] p1b\n|-activate|p1a: Flutter Mane|move: Protect\n|-crit|p1b: Iron Hands\n|-damage|p1b: Iron Hands|0 fnt\n|faint|p1b: Iron Hands\n|-end|p1b: Iron Hands|Quark Drive|[silent]\n|move|p2b: Kingambit|Swords Dance|p2b: Kingambit\n|-boost|p2b: Kingambit|atk|2\n|\n|upkeep\n|\n|t:|1701076825\n|switch|p1b: Landorus|Landorus-Therian, L50, M|100\/100\n|-ability|p1b: Landorus|Intimidate|boost\n|-unboost|p2a: Iron Bundle|atk|1\n|-unboost|p2b: Kingambit|atk|1\n|-ability|p2b: Kingambit|Defiant|boost\n|-boost|p2b: Kingambit|atk|2\n|turn|6\n|\n|t:|1701076843\n|move|p2b: Kingambit|Sucker Punch|p1b: Landorus\n|-damage|p1b: Landorus|0 fnt\n|faint|p1b: Landorus\n|move|p2a: Iron Bundle|Freeze-Dry|p1a: Flutter Mane\n|-damage|p1a: Flutter Mane|67\/100\n|move|p1a: Flutter Mane|Moonblast|p2b: Kingambit\n|-damage|p2b: Kingambit|1\/100\n|\n|upkeep\n|turn|7\n|\n|t:|1701076858\n|move|p2b: Kingambit|Sucker Punch|p1a: Flutter Mane\n|-resisted|p1a: Flutter Mane\n|-damage|p1a: Flutter Mane|0 fnt\n|faint|p1a: Flutter Mane\n|-end|p1a: Flutter Mane|Protosynthesis|[silent]\n|\n|win|Shinoz\n|raw|Gato_can's rating: 1380 &rarr; <strong>1365<\/strong><br \/>(-15 for losing)\n|raw|Shinoz's rating: 1474 &rarr; <strong>1489<\/strong><br \/>(+15 for winning)\n|j| haamgamer07\n|l|\u2606Gato_can\n|l| bloodcurseuk\n","uploadtime":1701076914,"views":4,"p1id":"gatocan","p2id":"shinoz","formatid":"gen9vgc2023regulatione","rating":1365,"private":0,"password":""}