{"id":"gen9vgc2023regulatione-1995354838","p1":"miquel17","p2":"modestanimal","format":"[Gen 9] VGC 2023 Regulation E","log":"|j|\u2606miquel17\n|j|\u2606modestanimal\n|t:|1700558876\n|gametype|doubles\n|player|p1|miquel17|marlon|1298\n|player|p2|modestanimal|2|1398\n|teamsize|p1|6\n|teamsize|p2|6\n|gen|9\n|tier|[Gen 9] VGC 2023 Regulation E\n|rated|\n|rule|Species Clause: Limit one of each Pok\u00e9mon\n|rule|Item Clause: Limit one of each item\n|clearpoke\n|poke|p1|Landorus, L50, M|\n|poke|p1|Politoed, L50, F|\n|poke|p1|Basculegion, L50, M|\n|poke|p1|Farigiraf, L50, M|\n|poke|p1|Vikavolt, L50, F|\n|poke|p1|Tornadus, L50, M|\n|poke|p2|Farigiraf, L50, F|\n|poke|p2|Landorus, L50, M|\n|poke|p2|Urshifu-*, L50, M|\n|poke|p2|Heatran, L50, F|\n|poke|p2|Iron Bundle, L50|\n|poke|p2|Rillaboom, L50, M|\n|teampreview|4\n|\n|t:|1700558910\n|start\n|switch|p1a: Farigiraf|Farigiraf, L50, M|100\/100\n|switch|p1b: Politoed|Politoed, L50, F|100\/100\n|switch|p2a: Iron Bundle|Iron Bundle, L50|100\/100\n|switch|p2b: Rillaboom|Rillaboom, L50, M|100\/100\n|-fieldstart|move: Grassy Terrain|[from] ability: Grassy Surge|[of] p2b: Rillaboom\n|-weather|RainDance|[from] ability: Drizzle|[of] p1b: Politoed\n|-enditem|p2a: Iron Bundle|Booster Energy\n|-activate|p2a: Iron Bundle|ability: Quark Drive|[fromitem]\n|-start|p2a: Iron Bundle|quarkdrivespe\n|turn|1\n|inactive|Battle timer is ON: inactive players will automatically lose when time's up. (requested by modestanimal)\n|\n|t:|1700558930\n|move|p2a: Iron Bundle|Freeze-Dry|p1a: Farigiraf\n|-damage|p1a: Farigiraf|71\/100\n|move|p2b: Rillaboom|Wood Hammer|p1a: Farigiraf\n|-ability|p1a: Farigiraf|Sap Sipper|boost\n|-boost|p1a: Farigiraf|atk|1\n|move|p1b: Politoed|Icy Wind|p2b: Rillaboom|[spread] p2a,p2b\n|-resisted|p2a: Iron Bundle\n|-supereffective|p2b: Rillaboom\n|-damage|p2a: Iron Bundle|98\/100\n|-damage|p2b: Rillaboom|82\/100\n|-unboost|p2a: Iron Bundle|spe|1\n|-unboost|p2b: Rillaboom|spe|1\n|move|p1a: Farigiraf|Trick Room|p1a: Farigiraf\n|-fieldstart|move: Trick Room|[of] p1a: Farigiraf\n|\n|-weather|RainDance|[upkeep]\n|-heal|p1a: Farigiraf|77\/100|[from] Grassy Terrain\n|-heal|p2b: Rillaboom|88\/100|[from] Grassy Terrain\n|-heal|p2a: Iron Bundle|100\/100|[from] Grassy Terrain\n|upkeep\n|turn|2\n|\n|t:|1700558951\n|switch|p1b: Vikavolt|Vikavolt, L50, F|100\/100\n|move|p2b: Rillaboom|Grassy Glide|p1b: Vikavolt\n|-resisted|p1b: Vikavolt\n|-damage|p1b: Vikavolt|76\/100\n|move|p1a: Farigiraf|Thunder|p2a: Iron Bundle\n|-supereffective|p2a: Iron Bundle\n|-crit|p2a: Iron Bundle\n|-damage|p2a: Iron Bundle|0 fnt\n|faint|p2a: Iron Bundle\n|-end|p2a: Iron Bundle|Quark Drive|[silent]\n|\n|-weather|RainDance|[upkeep]\n|-heal|p1a: Farigiraf|83\/100|[from] Grassy Terrain\n|-heal|p2b: Rillaboom|94\/100|[from] Grassy Terrain\n|upkeep\n|\n|t:|1700558969\n|switch|p2a: Urshifu|Urshifu, L50, M|100\/100\n|turn|3\n|inactive|modestanimal has 30 seconds left.\n|\n|t:|1700558994\n|move|p1b: Vikavolt|Thunder|p2a: Urshifu\n|-enditem|p2a: Urshifu|Focus Sash\n|-damage|p2a: Urshifu|1\/100\n|move|p1a: Farigiraf|Hyper Voice|p2b: Rillaboom|[spread] p2a,p2b\n|-damage|p2a: Urshifu|0 fnt\n|-damage|p2b: Rillaboom|59\/100\n|faint|p2a: Urshifu\n|move|p2b: Rillaboom|Wood Hammer|p1b: Vikavolt\n|-resisted|p1b: Vikavolt\n|-damage|p1b: Vikavolt|24\/100\n|-damage|p2b: Rillaboom|44\/100|[from] Recoil\n|\n|-weather|RainDance|[upkeep]\n|-heal|p1a: Farigiraf|89\/100|[from] Grassy Terrain\n|-heal|p2b: Rillaboom|50\/100|[from] Grassy Terrain\n|upkeep\n|\n|t:|1700559011\n|switch|p2a: Farigiraf|Farigiraf, L50, F|100\/100\n|turn|4\n|\n|t:|1700559024\n|move|p2b: Rillaboom|Grassy Glide|p1b: Vikavolt\n|-resisted|p1b: Vikavolt\n|-damage|p1b: Vikavolt|0 fnt\n|faint|p1b: Vikavolt\n|move|p1a: Farigiraf|Hyper Voice|p2b: Rillaboom|[spread] p2a,p2b\n|-damage|p2a: Farigiraf|64\/100\n|-damage|p2b: Rillaboom|13\/100\n|move|p2a: Farigiraf|Hyper Voice|p1a: Farigiraf\n|-crit|p1a: Farigiraf\n|-damage|p1a: Farigiraf|24\/100\n|-enditem|p2a: Farigiraf|Throat Spray\n|-boost|p2a: Farigiraf|spa|1|[from] item: Throat Spray\n|\n|-weather|RainDance|[upkeep]\n|-heal|p1a: Farigiraf|30\/100|[from] Grassy Terrain\n|-heal|p2b: Rillaboom|19\/100|[from] Grassy Terrain\n|-heal|p2a: Farigiraf|70\/100|[from] Grassy Terrain\n|upkeep\n|\n|t:|1700559038\n|switch|p1b: Basculegion|Basculegion, L50, M|100\/100\n|turn|5\n|\n|t:|1700559055\n|move|p1a: Farigiraf|Ally Switch|p1a: Farigiraf\n|swap|p1a: Farigiraf|1|[from] move: Ally Switch\n|move|p2b: Rillaboom|Grassy Glide|p1b: Farigiraf\n|-ability|p1b: Farigiraf|Sap Sipper|boost\n|-boost|p1b: Farigiraf|atk|1\n|move|p2a: Farigiraf|Hyper Voice|p1b: Farigiraf|[spread] p1b\n|-immune|p1a: Basculegion\n|-damage|p1b: Farigiraf|0 fnt\n|faint|p1b: Farigiraf\n|move|p1a: Basculegion|Wave Crash|p2a: Farigiraf\n|-damage|p2a: Farigiraf|0 fnt\n|faint|p2a: Farigiraf\n|-damage|p1a: Basculegion|76\/100|[from] Recoil\n|\n|-weather|none\n|-heal|p2b: Rillaboom|25\/100|[from] Grassy Terrain\n|-heal|p1a: Basculegion|82\/100|[from] Grassy Terrain\n|-fieldend|move: Trick Room\n|-fieldend|move: Grassy Terrain\n|upkeep\n|\n|t:|1700559066\n|switch|p1b: Politoed|Politoed, L50, F|100\/100\n|-weather|RainDance|[from] ability: Drizzle|[of] p1b: Politoed\n|turn|6\n|\n|t:|1700559079\n|move|p1a: Basculegion|Last Respects|p2b: Rillaboom\n|-damage|p2b: Rillaboom|0 fnt\n|faint|p2b: Rillaboom\n|\n|win|miquel17\n|raw|miquel17's rating: 1298 &rarr; <strong>1330<\/strong><br \/>(+32 for winning)\n|raw|modestanimal's rating: 1398 &rarr; <strong>1372<\/strong><br \/>(-26 for losing)\n","uploadtime":1700559090,"views":2,"p1id":"miquel17","p2id":"modestanimal","formatid":"gen9vgc2023regulatione","rating":1330,"private":0,"password":""}