{"id":"gen9vgc2023regulatione-1999554849","p1":"ShockucA","p2":"violinperfumer","format":"[Gen 9] VGC 2023 Regulation E","log":"|j|\u2606ShockucA\n|j|\u2606violinperfumer\n|t:|1701095653\n|gametype|doubles\n|player|p1|ShockucA|scientistf|1497\n|player|p2|violinperfumer|102|1654\n|teamsize|p1|6\n|teamsize|p2|6\n|gen|9\n|tier|[Gen 9] VGC 2023 Regulation E\n|rated|\n|rule|Species Clause: Limit one of each Pok\u00e9mon\n|rule|Item Clause: Limit one of each item\n|clearpoke\n|poke|p1|Tornadus, L50, M|\n|poke|p1|Landorus-Therian, L50, M|\n|poke|p1|Gholdengo, L50|\n|poke|p1|Flutter Mane, L50|\n|poke|p1|Chi-Yu, L50|\n|poke|p1|Ogerpon, L50, F|\n|poke|p2|Armarouge, L50, M|\n|poke|p2|Indeedee-F, L50, F|\n|poke|p2|Ursaluna-Bloodmoon, L50, M|\n|poke|p2|Iron Bundle, L50|\n|poke|p2|Ogerpon-Wellspring, L50, F|\n|poke|p2|Zapdos-Galar, L50|\n|teampreview|4\n|inactive|Battle timer is ON: inactive players will automatically lose when time's up. (requested by violinperfumer)\n|\n|t:|1701095687\n|start\n|switch|p1a: Flutter Mane|Flutter Mane, L50|100\/100\n|switch|p1b: Chi-Yu|Chi-Yu, L50|100\/100\n|switch|p2a: Iron Bundle|Iron Bundle, L50|100\/100\n|switch|p2b: Zapdos|Zapdos-Galar, L50|100\/100\n|-ability|p1b: Chi-Yu|Beads of Ruin\n|-enditem|p1a: Flutter Mane|Booster Energy\n|-activate|p1a: Flutter Mane|ability: Protosynthesis|[fromitem]\n|-start|p1a: Flutter Mane|protosynthesisspe\n|turn|1\n|\n|t:|1701095709\n|-terastallize|p2b: Zapdos|Steel\n|-terastallize|p1b: Chi-Yu|Ghost\n|move|p1a: Flutter Mane|Dazzling Gleam|p2a: Iron Bundle|[spread] p2a,p2b\n|-resisted|p2b: Zapdos\n|-damage|p2a: Iron Bundle|20\/100\n|-damage|p2b: Zapdos|76\/100\n|move|p2b: Zapdos|Brave Bird|p1a: Flutter Mane\n|-damage|p1a: Flutter Mane|4\/100\n|-damage|p2b: Zapdos|48\/100|[from] Recoil\n|move|p2a: Iron Bundle|Hydro Pump|p1b: Chi-Yu\n|-damage|p1b: Chi-Yu|40\/100\n|move|p1b: Chi-Yu|Heat Wave|p2b: Zapdos|[spread] p2a,p2b\n|-supereffective|p2b: Zapdos\n|-damage|p2a: Iron Bundle|0 fnt\n|-damage|p2b: Zapdos|0 fnt\n|faint|p2a: Iron Bundle\n|-end|p2a: Iron Bundle|Quark Drive|[silent]\n|faint|p2b: Zapdos\n|\n|upkeep\n|\n|t:|1701095723\n|switch|p2a: Armarouge|Armarouge, L50, M|100\/100\n|switch|p2b: Indeedee|Indeedee-F, L50, F|100\/100\n|-fieldstart|move: Psychic Terrain|[from] ability: Psychic Surge|[of] p2b: Indeedee\n|turn|2\n|inactive|ShockucA has 30 seconds left.\n|inactive|ShockucA has 20 seconds left.\n|inactive|ShockucA has 15 seconds left.\n|inactive|ShockucA has 10 seconds left.\n|inactive|ShockucA has 5 seconds left.\n|\n|t:|1701095775\n|move|p2a: Armarouge|Wide Guard|p2a: Armarouge\n|-singleturn|p2a: Armarouge|Wide Guard\n|move|p1a: Flutter Mane|Dazzling Gleam|p2b: Indeedee|[spread] \n|-activate|p2a: Armarouge|move: Wide Guard\n|-activate|p2b: Indeedee|move: Wide Guard\n|move|p1b: Chi-Yu|Heat Wave|p2b: Indeedee|[spread] \n|-activate|p2a: Armarouge|move: Wide Guard\n|-activate|p2b: Indeedee|move: Wide Guard\n|move|p2b: Indeedee|Trick Room|p2b: Indeedee\n|-fieldstart|move: Trick Room|[of] p2b: Indeedee\n|\n|upkeep\n|turn|3\n|inactive|ShockucA has 30 seconds left.\n|inactive|ShockucA has 20 seconds left.\n|\n|t:|1701095813\n|move|p1a: Flutter Mane|Protect|p1a: Flutter Mane\n|-singleturn|p1a: Flutter Mane|Protect\n|move|p2b: Indeedee|Psyshock|p1b: Chi-Yu\n|-damage|p1b: Chi-Yu|0 fnt\n|faint|p1b: Chi-Yu\n|move|p2a: Armarouge|Expanding Force|p1a: Flutter Mane\n|-activate|p1a: Flutter Mane|move: Protect\n|\n|upkeep\n|\n|t:|1701095833\n|switch|p1b: Gholdengo|Gholdengo, L50|100\/100\n|turn|4\n|\n|t:|1701095841\n|move|p1b: Gholdengo|Protect|p1b: Gholdengo\n|-singleturn|p1b: Gholdengo|Protect\n|move|p1a: Flutter Mane|Protect||[still]\n|-fail|p1a: Flutter Mane\n|move|p2b: Indeedee|Follow Me|p2b: Indeedee\n|-singleturn|p2b: Indeedee|move: Follow Me\n|move|p2a: Armarouge|Heat Wave|p1a: Flutter Mane|[spread] p1a\n|-activate|p1b: Gholdengo|move: Protect\n|-damage|p1a: Flutter Mane|0 fnt\n|faint|p1a: Flutter Mane\n|-end|p1a: Flutter Mane|Protosynthesis|[silent]\n|\n|upkeep\n|\n|t:|1701095849\n|switch|p1a: Tornadus|Tornadus, L50, M|100\/100\n|turn|5\n|\n|t:|1701095872\n|move|p2b: Indeedee|Helping Hand|p2a: Armarouge\n|-singleturn|p2a: Armarouge|Helping Hand|[of] p2b: Indeedee\n|move|p1a: Tornadus|Rain Dance|p1a: Tornadus\n|-weather|RainDance\n|move|p2a: Armarouge|Heat Wave|p1b: Gholdengo|[spread] p1a\n|-miss|p2a: Armarouge|p1b: Gholdengo\n|-damage|p1a: Tornadus|69\/100\n|move|p1b: Gholdengo|Nasty Plot|p1b: Gholdengo\n|-boost|p1b: Gholdengo|spa|2\n|\n|-weather|RainDance|[upkeep]\n|upkeep\n|turn|6\n|inactive|ShockucA has 30 seconds left.\n|\n|t:|1701095898\n|move|p2b: Indeedee|Psyshock|p1a: Tornadus\n|-damage|p1a: Tornadus|24\/100\n|move|p2a: Armarouge|Expanding Force|p1b: Gholdengo|[spread] p1a,p1b\n|-resisted|p1b: Gholdengo\n|-damage|p1a: Tornadus|0 fnt\n|-damage|p1b: Gholdengo|69\/100\n|faint|p1a: Tornadus\n|move|p1b: Gholdengo|Make It Rain|p2a: Armarouge|[spread] p2a,p2b\n|-resisted|p2a: Armarouge\n|-damage|p2a: Armarouge|46\/100\n|-damage|p2b: Indeedee|4\/100\n|-unboost|p1b: Gholdengo|spa|1\n|\n|-weather|RainDance|[upkeep]\n|-heal|p1b: Gholdengo|75\/100|[from] item: Leftovers\n|-fieldend|move: Trick Room\n|-fieldend|move: Psychic Terrain\n|upkeep\n|turn|7\n|\n|t:|1701095921\n|move|p2a: Armarouge|Wide Guard|p2a: Armarouge\n|-singleturn|p2a: Armarouge|Wide Guard\n|move|p1b: Gholdengo|Make It Rain|p2a: Armarouge|[spread] \n|-activate|p2a: Armarouge|move: Wide Guard\n|-activate|p2b: Indeedee|move: Wide Guard\n|move|p2b: Indeedee|Psyshock|p1b: Gholdengo\n|-resisted|p1b: Gholdengo\n|-damage|p1b: Gholdengo|61\/100\n|\n|-weather|RainDance|[upkeep]\n|-heal|p1b: Gholdengo|67\/100|[from] item: Leftovers\n|upkeep\n|turn|8\n|\n|t:|1701095941\n|move|p2a: Armarouge|Endure||[still]\n|-fail|p2a: Armarouge\n|move|p1b: Gholdengo|Make It Rain|p2b: Indeedee|[spread] p2a,p2b\n|-resisted|p2a: Armarouge\n|-damage|p2a: Armarouge|3\/100\n|-damage|p2b: Indeedee|0 fnt\n|-unboost|p1b: Gholdengo|spa|1\n|faint|p2b: Indeedee\n|\n|-weather|RainDance|[upkeep]\n|-heal|p1b: Gholdengo|73\/100|[from] item: Leftovers\n|upkeep\n|turn|9\n|\n|t:|1701095951\n|move|p2a: Armarouge|Wide Guard|p2a: Armarouge\n|-singleturn|p2a: Armarouge|Wide Guard\n|move|p1b: Gholdengo|Shadow Ball|p2a: Armarouge\n|-supereffective|p2a: Armarouge\n|-damage|p2a: Armarouge|0 fnt\n|faint|p2a: Armarouge\n|\n|win|ShockucA\n|raw|ShockucA's rating: 1497 &rarr; <strong>1525<\/strong><br \/>(+28 for winning)\n|raw|violinperfumer's rating: 1654 &rarr; <strong>1626<\/strong><br \/>(-28 for losing)\n|l|\u2606violinperfumer\n|c|\u2606ShockucA|gg\n","uploadtime":1701095988,"views":2,"p1id":"shockuca","p2id":"violinperfumer","formatid":"gen9vgc2023regulatione","rating":1525,"private":0,"password":""}