{"id":"gen9vgc2023regulatione-1989708343","p1":"anotherhito","p2":"Bass12","format":"[Gen 9] VGC 2023 Regulation E","log":"|j|\u2606anotherhito\n|j|\u2606Bass12\n|t:|1699888863\n|gametype|doubles\n|player|p1|anotherhito|1|1053\n|player|p2|Bass12|266|1059\n|teamsize|p1|6\n|teamsize|p2|6\n|gen|9\n|tier|[Gen 9] VGC 2023 Regulation E\n|rated|\n|rule|Species Clause: Limit one of each Pok\u00e9mon\n|rule|Item Clause: Limit one of each item\n|clearpoke\n|poke|p1|Braviary-Hisui, L50, M|\n|poke|p1|Farigiraf, L50, F|\n|poke|p1|Jumpluff, L50, M|\n|poke|p1|Scizor, L50, M|\n|poke|p1|Pachirisu, L50, F|\n|poke|p1|Azumarill, L50, F|\n|poke|p2|Corviknight, L50, M|\n|poke|p2|Garganacl, L50, M|\n|poke|p2|Armarouge, L50, M|\n|poke|p2|Indeedee-F, L50, F|\n|poke|p2|Landorus-Therian, L50, M|\n|poke|p2|Iron Hands, L50|\n|teampreview|4\n|\n|t:|1699888886\n|start\n|switch|p1a: Braviary|Braviary-Hisui, L50, M, shiny|100\/100\n|switch|p1b: Farigiraf|Farigiraf, L50, F|100\/100\n|switch|p2a: Armarouge|Armarouge, L50, M|100\/100\n|switch|p2b: Indeedee|Indeedee-F, L50, F|100\/100\n|-fieldstart|move: Psychic Terrain|[from] ability: Psychic Surge|[of] p2b: Indeedee\n|-enditem|p2b: Indeedee|Psychic Seed\n|-boost|p2b: Indeedee|spd|1|[from] item: Psychic Seed\n|turn|1\n|\n|t:|1699888917\n|move|p2a: Armarouge|Endure|p2a: Armarouge\n|-singleturn|p2a: Armarouge|move: Endure\n|move|p1a: Braviary|Protect|p1a: Braviary\n|-singleturn|p1a: Braviary|Protect\n|move|p2b: Indeedee|Psyshock|p1b: Farigiraf\n|-resisted|p1b: Farigiraf\n|-damage|p1b: Farigiraf|81\/100\n|move|p1b: Farigiraf|Trick Room|p1b: Farigiraf\n|-fieldstart|move: Trick Room|[of] p1b: Farigiraf\n|\n|upkeep\n|turn|2\n|\n|t:|1699888934\n|move|p2b: Indeedee|Follow Me|p2b: Indeedee\n|-singleturn|p2b: Indeedee|move: Follow Me\n|move|p1b: Farigiraf|Dazzling Gleam|p2a: Armarouge|[spread] p2a,p2b\n|-resisted|p2a: Armarouge\n|-damage|p2a: Armarouge|87\/100\n|-damage|p2b: Indeedee|88\/100\n|move|p1a: Braviary|Shadow Ball|p2b: Indeedee\n|-immune|p2b: Indeedee\n|move|p2a: Armarouge|Heat Wave|p1a: Braviary|[spread] p1a,p1b\n|-damage|p1a: Braviary|63\/100\n|-damage|p1b: Farigiraf|45\/100\n|\n|upkeep\n|turn|3\n|\n|t:|1699888962\n|move|p1b: Farigiraf|Shadow Ball|p2a: Armarouge\n|-supereffective|p2a: Armarouge\n|-damage|p2a: Armarouge|18\/100\n|-enditem|p2a: Armarouge|Weakness Policy\n|-boost|p2a: Armarouge|atk|2|[from] item: Weakness Policy\n|-boost|p2a: Armarouge|spa|2|[from] item: Weakness Policy\n|move|p1a: Braviary|Shadow Ball|p2a: Armarouge\n|-supereffective|p2a: Armarouge\n|-damage|p2a: Armarouge|0 fnt\n|faint|p2a: Armarouge\n|move|p2b: Indeedee|Heal Pulse|p2: Armarouge|[notarget]\n|-fail|p2b: Indeedee\n|\n|upkeep\n|\n|t:|1699888972\n|switch|p2a: Corviknight|Corviknight, L50, M|100\/100\n|turn|4\n|\n|t:|1699888982\n|move|p2b: Indeedee|Follow Me|p2b: Indeedee\n|-singleturn|p2b: Indeedee|move: Follow Me\n|move|p1b: Farigiraf|Psychic|p2b: Indeedee\n|-resisted|p2b: Indeedee\n|-damage|p2b: Indeedee|68\/100\n|move|p1a: Braviary|Heat Wave|p2a: Corviknight|[spread] p2a,p2b\n|-supereffective|p2a: Corviknight\n|-crit|p2a: Corviknight\n|-damage|p2a: Corviknight|0 fnt\n|-damage|p2b: Indeedee|40\/100\n|faint|p2a: Corviknight\n|\n|upkeep\n|\n|t:|1699888988\n|switch|p2a: Landorus|Landorus-Therian, L50, M|100\/100\n|-ability|p2a: Landorus|Intimidate|boost\n|-unboost|p1a: Braviary|atk|1\n|-unboost|p1b: Farigiraf|atk|1\n|turn|5\n|\n|t:|1699889004\n|move|p2b: Indeedee|Protect|p2b: Indeedee\n|-singleturn|p2b: Indeedee|Protect\n|move|p1b: Farigiraf|Psychic|p2a: Landorus\n|-damage|p2a: Landorus|32\/100\n|move|p1a: Braviary|Psychic|p2a: Landorus\n|-damage|p2a: Landorus|0 fnt\n|faint|p2a: Landorus\n|\n|-fieldend|move: Trick Room\n|-fieldend|move: Psychic Terrain\n|upkeep\n|turn|6\n|\n|t:|1699889017\n|move|p2b: Indeedee|Heal Pulse|p1b: Farigiraf\n|-heal|p1b: Farigiraf|96\/100\n|move|p1a: Braviary|Psychic|p2b: Indeedee\n|-resisted|p2b: Indeedee\n|-damage|p2b: Indeedee|13\/100\n|move|p1b: Farigiraf|Psychic|p2b: Indeedee\n|-resisted|p2b: Indeedee\n|-damage|p2b: Indeedee|0 fnt\n|faint|p2b: Indeedee\n|\n|win|anotherhito\n|raw|anotherhito's rating: 1053 &rarr; <strong>1086<\/strong><br \/>(+33 for winning)\n|raw|Bass12's rating: 1059 &rarr; <strong>1040<\/strong><br \/>(-19 for losing)\n","uploadtime":1699889032,"views":22,"p1id":"anotherhito","p2id":"bass12","formatid":"gen9vgc2023regulatione","rating":1040,"private":0,"password":""}