{"id":"gen9vgc2023regulatione-1999096777","p1":"PensiDiFarRidere?","p2":"mafav2","format":"[Gen 9] VGC 2023 Regulation E","log":"|j|\u2606PensiDiFarRidere?\n|j|\u2606mafav2\n|n|\u2606PensiDiFarRidere?|pensidifarridere\n|n|\u2606mafav2|mafav2\n|html|View the match progress at <a href=\"\/game-bestof3-gen9vgc2023regulatione-1999096776\">game-bestof3-gen9vgc2023regulatione-1999096776<\/a>\n|t:|1701032780\n|gametype|doubles\n|player|p1|PensiDiFarRidere?|steven|\n|player|p2|mafav2|hilbert|\n|teamsize|p1|6\n|teamsize|p2|6\n|gen|9\n|tier|[Gen 9] VGC 2023 Regulation E\n|rule|Species Clause: Limit one of each Pok\u00e9mon\n|rule|Item Clause: Limit one of each item\n|clearpoke\n|poke|p1|Urshifu-*, L50, M|\n|poke|p1|Iron Hands, L50|\n|poke|p1|Rillaboom, L50, F|\n|poke|p1|Heatran, L50, F|\n|poke|p1|Iron Bundle, L50|\n|poke|p1|Flutter Mane, L50|\n|poke|p2|Urshifu-*, L50, M|\n|poke|p2|Arcanine-Hisui, L50, M|\n|poke|p2|Tornadus, L50, M|\n|poke|p2|Gholdengo, L50|\n|poke|p2|Amoonguss, L50, M|\n|poke|p2|Iron Hands, L50|\n|teampreview|4\n|c|\u2606mafav2|g1\nmafav2 has agreed to open team sheets.\nPensiDiFarRidere? has agreed to open team sheets.\n|showteam|p1|Urshifu||FocusSash|UnseenFist|Detect,WickedBlow,CloseCombat,SuckerPunch|||M|||50|,,,,,Dark]Iron Hands||AssaultVest|QuarkDrive|FakeOut,WildCharge,DrainPunch,HeavySlam||||||50|,,,,,Fire]Rillaboom||MiracleSeed|GrassySurge|FakeOut,GrassyGlide,WoodHammer,HighHorsepower|||F|||50|,,,,,Fire]Heatran||LifeOrb|FlashFire|HeatWave,EarthPower,FlashCannon,Protect|||F|||50|,,,,,Grass]Iron Bundle||BoosterEnergy|QuarkDrive|FreezeDry,IcyWind,HydroPump,Protect||||||50|,,,,,Ghost]Flutter Mane||ChoiceSpecs|Protosynthesis|DazzlingGleam,IcyWind,ShadowBall,Moonblast||||||50|,,,,,Fairy\n|showteam|p2|Urshifu-Rapid-Strike||MysticWater|UnseenFist|SurgingStrikes,AquaJet,CloseCombat,Protect|||M|||50|,,,,,Water]Arcanine-Hisui||ChoiceBand|Intimidate|RockSlide,FlareBlitz,ExtremeSpeed,TeraBlast|||M|||50|,,,,,Fairy]Tornadus||RockyHelmet|Prankster|BleakwindStorm,Tailwind,RainDance,Protect|||M|||50|,,,,,Dragon]Gholdengo||Leftovers|GoodasGold|MakeItRain,ShadowBall,NastyPlot,Protect||||||50|,,,,,Dragon]Amoonguss||SitrusBerry|Regenerator|PollenPuff,Spore,RagePowder,Protect|||M|||50|,,,,,Water]Iron Hands||AssaultVest|QuarkDrive|DrainPunch,WildCharge,VoltSwitch,FakeOut||||||50|,,,,,Water\n|c|\u2606PensiDiFarRidere?|gl hf\n|c|\u2606mafav2|glhf\n|\n|t:|1701032857\n|start\n|switch|p1a: Urshifu|Urshifu, L50, M|100\/100\n|switch|p1b: Iron Hands|Iron Hands, L50|100\/100\n|switch|p2a: Tornadus|Tornadus, L50, M|100\/100\n|switch|p2b: Arcanine|Arcanine-Hisui, L50, M|100\/100\n|-ability|p2b: Arcanine|Intimidate|boost\n|-unboost|p1a: Urshifu|atk|1\n|-unboost|p1b: Iron Hands|atk|1\n|turn|1\n|j| Tapububu4\n|\n|t:|1701032910\n|switch|p1a: Heatran|Heatran, L50, F|100\/100\n|-terastallize|p2b: Arcanine|Fairy\n|move|p1b: Iron Hands|Fake Out|p2b: Arcanine\n|-damage|p2b: Arcanine|88\/100\n|move|p2a: Tornadus|Tailwind|p2a: Tornadus\n|-sidestart|p2: mafav2|move: Tailwind\n|cant|p2b: Arcanine|flinch\n|\n|upkeep\n|turn|2\n|l| Tapububu4\n|\n|t:|1701032949\n|switch|p2b: Iron Hands|Iron Hands, L50|100\/100\n|move|p2a: Tornadus|Protect|p2a: Tornadus\n|-singleturn|p2a: Tornadus|Protect\n|move|p1a: Heatran|Flash Cannon|p2b: Iron Hands\n|-resisted|p2b: Iron Hands\n|-damage|p2b: Iron Hands|86\/100\n|-damage|p1a: Heatran|91\/100|[from] item: Life Orb\n|move|p1b: Iron Hands|Wild Charge|p2b: Iron Hands\n|-resisted|p2b: Iron Hands\n|-damage|p2b: Iron Hands|74\/100\n|-damage|p1b: Iron Hands|97\/100|[from] Recoil\n|\n|upkeep\n|turn|3\n|j| Tapububu4\n|j| i piedini di Gojo\n|l| i piedini di Gojo\n|\n|t:|1701032989\n|move|p2b: Iron Hands|Fake Out|p1b: Iron Hands\n|-damage|p1b: Iron Hands|88\/100\n|move|p2a: Tornadus|Rain Dance|p2a: Tornadus\n|-weather|RainDance\n|move|p1a: Heatran|Heat Wave|p2a: Tornadus|[spread] p2a,p2b\n|-damage|p2a: Tornadus|73\/100\n|-damage|p2b: Iron Hands|62\/100\n|-damage|p1a: Heatran|81\/100|[from] item: Life Orb\n|cant|p1b: Iron Hands|flinch\n|\n|-weather|RainDance|[upkeep]\n|upkeep\n|turn|4\n|\n|t:|1701033014\n|move|p1a: Heatran|Protect|p1a: Heatran\n|-singleturn|p1a: Heatran|Protect\n|move|p2a: Tornadus|Bleakwind Storm|p1b: Iron Hands|[spread] p1b\n|-activate|p1a: Heatran|move: Protect\n|-damage|p1b: Iron Hands|70\/100\n|move|p2b: Iron Hands|Drain Punch|p1b: Iron Hands\n|-damage|p1b: Iron Hands|45\/100\n|-heal|p2b: Iron Hands|75\/100|[from] drain|[of] p1b: Iron Hands\n|move|p1b: Iron Hands|Wild Charge|p2a: Tornadus\n|-supereffective|p2a: Tornadus\n|-damage|p2a: Tornadus|18\/100\n|-damage|p1b: Iron Hands|28\/100|[from] item: Rocky Helmet|[of] p2a: Tornadus\n|-damage|p1b: Iron Hands|18\/100|[from] Recoil\n|\n|-weather|RainDance|[upkeep]\n|-sideend|p2: mafav2|move: Tailwind\n|upkeep\n|turn|5\n|l| Tapububu4\n|\n|t:|1701033059\n|move|p2a: Tornadus|Tailwind|p2a: Tornadus\n|-sidestart|p2: mafav2|move: Tailwind\n|move|p2b: Iron Hands|Drain Punch|p1a: Heatran\n|-supereffective|p1a: Heatran\n|-damage|p1a: Heatran|11\/100\n|-heal|p2b: Iron Hands|100\/100|[from] drain|[of] p1a: Heatran\n|move|p1a: Heatran|Flash Cannon|p2a: Tornadus\n|-damage|p2a: Tornadus|0 fnt\n|faint|p2a: Tornadus\n|-damage|p1a: Heatran|1\/100|[from] item: Life Orb\n|move|p1b: Iron Hands|Drain Punch|p2b: Iron Hands\n|-damage|p2b: Iron Hands|83\/100\n|-heal|p1b: Iron Hands|27\/100|[from] drain|[of] p2b: Iron Hands\n|\n|-weather|RainDance|[upkeep]\n|upkeep\n|\n|t:|1701033067\n|switch|p2a: Arcanine|Arcanine-Hisui, L50, M, tera:Fairy|88\/100\n|-ability|p2a: Arcanine|Intimidate|boost\n|-unboost|p1a: Heatran|atk|1\n|-unboost|p1b: Iron Hands|atk|1\n|turn|6\n|\n|t:|1701033097\n|move|p1a: Heatran|Protect|p1a: Heatran\n|-singleturn|p1a: Heatran|Protect\n|move|p2a: Arcanine|Tera Blast|p1b: Iron Hands|[anim] Tera Blast Fairy\n|-supereffective|p1b: Iron Hands\n|-damage|p1b: Iron Hands|0 fnt\n|faint|p1b: Iron Hands\n|-end|p1b: Iron Hands|Quark Drive|[silent]\n|move|p2b: Iron Hands|Drain Punch|p1a: Heatran\n|-activate|p1a: Heatran|move: Protect\n|\n|-weather|RainDance|[upkeep]\n|upkeep\n|\n|t:|1701033115\n|switch|p1b: Rillaboom|Rillaboom, L50, F|100\/100\n|-fieldstart|move: Grassy Terrain|[from] ability: Grassy Surge|[of] p1b: Rillaboom\n|turn|7\n|\n|t:|1701033135\n|switch|p2a: Gholdengo|Gholdengo, L50|100\/100\n|move|p1b: Rillaboom|Fake Out|p2a: Gholdengo\n|-immune|p2a: Gholdengo\n|move|p2b: Iron Hands|Drain Punch|p1b: Rillaboom\n|-damage|p1b: Rillaboom|61\/100\n|-heal|p2b: Iron Hands|98\/100|[from] drain|[of] p1b: Rillaboom\n|move|p1a: Heatran|Flash Cannon|p2a: Gholdengo\n|-resisted|p2a: Gholdengo\n|-damage|p2a: Gholdengo|73\/100\n|-unboost|p2a: Gholdengo|spd|1\n|-damage|p1a: Heatran|0 fnt|[from] item: Life Orb\n|faint|p1a: Heatran\n|\n|-weather|none\n|-heal|p2a: Gholdengo|79\/100|[from] Grassy Terrain\n|-heal|p2a: Gholdengo|85\/100|[from] item: Leftovers\n|-heal|p2b: Iron Hands|100\/100|[from] Grassy Terrain\n|-heal|p1b: Rillaboom|67\/100|[from] Grassy Terrain\n|upkeep\n|\n|t:|1701033154\n|switch|p1a: Urshifu|Urshifu, L50, M|100\/100\n|turn|8\n|\n|t:|1701033190\n|switch|p2a: Arcanine|Arcanine-Hisui, L50, M, tera:Fairy|88\/100\n|-ability|p2a: Arcanine|Intimidate|boost\n|-unboost|p1a: Urshifu|atk|1\n|-unboost|p1b: Rillaboom|atk|1\n|-terastallize|p1a: Urshifu|Dark\n|move|p2b: Iron Hands|Drain Punch|p1a: Urshifu\n|-supereffective|p1a: Urshifu\n|-crit|p1a: Urshifu\n|-enditem|p1a: Urshifu|Focus Sash\n|-damage|p1a: Urshifu|1\/100\n|move|p1a: Urshifu|Wicked Blow|p2b: Iron Hands\n|-resisted|p2b: Iron Hands\n|-crit|p2b: Iron Hands\n|-damage|p2b: Iron Hands|73\/100\n|move|p1b: Rillaboom|Wood Hammer|p2b: Iron Hands\n|-damage|p2b: Iron Hands|30\/100\n|-damage|p1b: Rillaboom|49\/100|[from] Recoil\n|\n|-heal|p2a: Arcanine|94\/100|[from] Grassy Terrain\n|-heal|p2b: Iron Hands|36\/100|[from] Grassy Terrain\n|-heal|p1a: Urshifu|7\/100|[from] Grassy Terrain\n|-heal|p1b: Rillaboom|55\/100|[from] Grassy Terrain\n|-sideend|p2: mafav2|move: Tailwind\n|upkeep\n|turn|9\n|\n|t:|1701033231\n|-end|p2b: Iron Hands|Quark Drive|[silent]\n|switch|p2b: Gholdengo|Gholdengo, L50|85\/100\n|move|p1a: Urshifu|Detect|p1a: Urshifu\n|-singleturn|p1a: Urshifu|Protect\n|move|p2a: Arcanine|Flare Blitz|p1b: Rillaboom\n|-supereffective|p1b: Rillaboom\n|-damage|p1b: Rillaboom|0 fnt\n|faint|p1b: Rillaboom\n|-damage|p2a: Arcanine|74\/100|[from] Recoil\n|\n|-heal|p1a: Urshifu|12\/100|[from] Grassy Terrain\n|-heal|p2a: Arcanine|79\/100|[from] Grassy Terrain\n|-heal|p2b: Gholdengo|91\/100|[from] Grassy Terrain\n|-heal|p2b: Gholdengo|97\/100|[from] item: Leftovers\n|upkeep\n|turn|10\n|\n|t:|1701033240\n|switch|p2b: Iron Hands|Iron Hands, L50|36\/100\n|move|p1a: Urshifu|Wicked Blow|p2b: Iron Hands\n|-resisted|p2b: Iron Hands\n|-crit|p2b: Iron Hands\n|-damage|p2b: Iron Hands|8\/100\n|move|p2a: Arcanine|Flare Blitz|p1a: Urshifu\n|-damage|p1a: Urshifu|0 fnt\n|faint|p1a: Urshifu\n|-damage|p2a: Arcanine|75\/100|[from] Recoil\n|\n|win|mafav2\n|c|&|\/uhtml prompt-mafav2,mafav2 is ready for game 2!\n|c|&|\/uhtml prompt-pensidifarridere,PensiDiFarRidere? is ready for game 2!\nBoth players are ready! Starting next match!\n|j| 2016 Hypebeast\n|j| HH mEMA\n|l|\u2606mafav2\n|l| HH mEMA\n|j| 2016 Hypebeast\n","uploadtime":1701036732,"views":3,"p1id":"pensidifarridere","p2id":"mafav2","formatid":"gen9vgc2023regulatione","rating":0,"private":0,"password":""}