{"id":"gen9vgc2023regulatione-1989858069","p1":"Jippt351","p2":"CALAMELLA","format":"[Gen 9] VGC 2023 Regulation E","log":"|j|\u2606Jippt351\n|j|\u2606CALAMELLA\n|t:|1699901589\n|gametype|doubles\n|player|p1|Jippt351|2|1153\n|player|p2|CALAMELLA|drayden|1220\n|teamsize|p1|6\n|teamsize|p2|6\n|gen|9\n|tier|[Gen 9] VGC 2023 Regulation E\n|rated|\n|rule|Species Clause: Limit one of each Pok\u00e9mon\n|rule|Item Clause: Limit one of each item\n|clearpoke\n|poke|p1|Landorus-Therian, L50, M|\n|poke|p1|Flutter Mane, L50|\n|poke|p1|Weezing, L50, M|\n|poke|p1|Roaring Moon, L50|\n|poke|p1|Iron Hands, L50|\n|poke|p1|Ogerpon-Wellspring, L50, F|\n|poke|p2|Heatran, L50, F|\n|poke|p2|Rillaboom, L50, M|\n|poke|p2|Landorus-Therian, L50, M|\n|poke|p2|Ogerpon-Hearthflame, L50, F|\n|poke|p2|Tornadus, L50, M|\n|poke|p2|Flutter Mane, L50|\n|teampreview|4\n|inactive|Battle timer is ON: inactive players will automatically lose when time's up. (requested by Jippt351)\n|l|\u2606Jippt351\n|inactive|Jippt351 disconnected and has a minute to reconnect!\n|player|p1|\n|j|\u2606Jippt351\n|inactive|Jippt351 reconnected and has 70 seconds left.\n|player|p1|Jippt351|2\n|inactive|Jippt351 has 60 seconds left.\n|\n|t:|1699901627\n|start\n|switch|p1a: Roaring Moon|Roaring Moon, L50|100\/100\n|switch|p1b: Landorus|Landorus-Therian, L50, M|100\/100\n|switch|p2a: Heatran|Heatran, L50, F|100\/100\n|switch|p2b: Rillaboom|Rillaboom, L50, M|100\/100\n|-ability|p1b: Landorus|Intimidate|boost\n|-unboost|p2a: Heatran|atk|1\n|-unboost|p2b: Rillaboom|atk|1\n|-fieldstart|move: Grassy Terrain|[from] ability: Grassy Surge|[of] p2b: Rillaboom\n|-enditem|p1a: Roaring Moon|Booster Energy\n|-activate|p1a: Roaring Moon|ability: Protosynthesis|[fromitem]\n|-start|p1a: Roaring Moon|protosynthesisspe\n|turn|1\n|inactive|CALAMELLA has 30 seconds left.\n|\n|t:|1699901658\n|switch|p2a: Landorus|Landorus-Therian, L50, M|100\/100\n|-ability|p2a: Landorus|Intimidate|boost\n|-unboost|p1a: Roaring Moon|atk|1\n|-unboost|p1b: Landorus|atk|1\n|-terastallize|p2b: Rillaboom|Fire\n|move|p1a: Roaring Moon|Tailwind|p1a: Roaring Moon\n|-sidestart|p1: Jippt351|move: Tailwind\n|move|p1b: Landorus|Stomping Tantrum|p2a: Landorus\n|-immune|p2a: Landorus\n|move|p2b: Rillaboom|Wood Hammer|p1b: Landorus\n|-crit|p1b: Landorus\n|-damage|p1b: Landorus|0 fnt\n|faint|p1b: Landorus\n|-damage|p2b: Rillaboom|73\/100|[from] Recoil\n|\n|-heal|p2b: Rillaboom|79\/100|[from] Grassy Terrain\n|upkeep\n|\n|t:|1699901663\n|switch|p1b: Ogerpon|Ogerpon-Wellspring, L50, F|100\/100\n|turn|2\n|inactive|CALAMELLA has 30 seconds left.\n|inactive|CALAMELLA has 20 seconds left.\n|inactive|CALAMELLA has 15 seconds left.\n|\n|t:|1699901706\n|switch|p2b: Ogerpon|Ogerpon-Hearthflame, L50, F|100\/100\n|-ability|p2b: Ogerpon|Mold Breaker\n|move|p1a: Roaring Moon|Acrobatics|p2a: Landorus\n|-crit|p2a: Landorus\n|-damage|p2a: Landorus|34\/100\n|move|p1b: Ogerpon|Ivy Cudgel|p2b: Ogerpon\n|-crit|p2b: Ogerpon\n|-damage|p2b: Ogerpon|0 fnt\n|faint|p2b: Ogerpon\n|move|p2a: Landorus|U-turn|p1b: Ogerpon\n|-supereffective|p1b: Ogerpon\n|-damage|p1b: Ogerpon|44\/100\n|c|\u2606CALAMELLA|oooook\n|\n|t:|1699901727\n|switch|p2a: Rillaboom|Rillaboom, L50, M, tera:Fire|79\/100|[from] U-turn\n|\n|-heal|p1b: Ogerpon|49\/100|[from] Grassy Terrain\n|-heal|p2a: Rillaboom|85\/100|[from] Grassy Terrain\n|upkeep\n|\n|t:|1699901734\n|switch|p2b: Heatran|Heatran, L50, F|100\/100\n|turn|3\n|l|\u2606Jippt351\n|inactive|Jippt351 disconnected and has a minute to reconnect!\n|player|p1|\n|j|\u2606Jippt351\n|inactive|Jippt351 reconnected and has 35 seconds left.\n|player|p1|Jippt351|2\n|inactive|Jippt351 has 30 seconds left.\n|\n|t:|1699901764\n|move|p1a: Roaring Moon|Protect|p1a: Roaring Moon\n|-singleturn|p1a: Roaring Moon|Protect\n|move|p1b: Ogerpon|Spiky Shield|p1b: Ogerpon\n|-singleturn|p1b: Ogerpon|move: Protect\n|move|p2a: Rillaboom|Fake Out|p1a: Roaring Moon\n|-activate|p1a: Roaring Moon|move: Protect\n|move|p2b: Heatran|Earth Power|p1a: Roaring Moon\n|-activate|p1a: Roaring Moon|move: Protect\n|\n|-heal|p1b: Ogerpon|55\/100|[from] Grassy Terrain\n|-heal|p2a: Rillaboom|91\/100|[from] Grassy Terrain\n|upkeep\n|turn|4\n|\n|t:|1699901776\n|switch|p2a: Landorus|Landorus-Therian, L50, M|34\/100\n|-ability|p2a: Landorus|Intimidate|boost\n|-unboost|p1a: Roaring Moon|atk|1\n|-unboost|p1b: Ogerpon|atk|1\n|move|p2b: Heatran|Protect|p2b: Heatran\n|-singleturn|p2b: Heatran|Protect\n|move|p1a: Roaring Moon|Acrobatics|p2b: Heatran\n|-activate|p2b: Heatran|move: Protect\n|move|p1b: Ogerpon|Ivy Cudgel|p2a: Landorus\n|-supereffective|p2a: Landorus\n|-damage|p2a: Landorus|0 fnt\n|faint|p2a: Landorus\n|\n|-heal|p1b: Ogerpon|61\/100|[from] Grassy Terrain\n|-sideend|p1: Jippt351|move: Tailwind\n|upkeep\n|\n|t:|1699901792\n|switch|p2a: Rillaboom|Rillaboom, L50, M, tera:Fire|91\/100\n|turn|5\n|\n|t:|1699901798\n|move|p1a: Roaring Moon|Protect|p1a: Roaring Moon\n|-singleturn|p1a: Roaring Moon|Protect\n|move|p1b: Ogerpon|Spiky Shield|p1b: Ogerpon\n|-singleturn|p1b: Ogerpon|move: Protect\n|move|p2a: Rillaboom|Wood Hammer|p1a: Roaring Moon\n|-activate|p1a: Roaring Moon|move: Protect\n|move|p2b: Heatran|Flash Cannon|p1a: Roaring Moon\n|-activate|p1a: Roaring Moon|move: Protect\n|\n|-heal|p1b: Ogerpon|67\/100|[from] Grassy Terrain\n|-heal|p2a: Rillaboom|97\/100|[from] Grassy Terrain\n|-fieldend|move: Grassy Terrain\n|upkeep\n|turn|6\n|l|\u2606Jippt351\n|inactive|Jippt351 disconnected and has a minute to reconnect!\n|player|p1|\n|inactive|Jippt351 has 30 seconds left.\n|j|\u2606Jippt351\n|inactive|Jippt351 reconnected and has 30 seconds left.\n|player|p1|Jippt351|2\n|inactive|Jippt351 has 20 seconds left.\n|\n|t:|1699901833\n|move|p1a: Roaring Moon|Acrobatics|p2b: Heatran\n|-resisted|p2b: Heatran\n|-damage|p2b: Heatran|93\/100\n|move|p1b: Ogerpon|Ivy Cudgel|p2a: Rillaboom\n|-supereffective|p2a: Rillaboom\n|-crit|p2a: Rillaboom\n|-damage|p2a: Rillaboom|0 fnt\n|faint|p2a: Rillaboom\n|move|p2b: Heatran|Heat Wave|p1a: Roaring Moon|[spread] p1a,p1b\n|-resisted|p1a: Roaring Moon\n|-damage|p1a: Roaring Moon|83\/100\n|-damage|p1b: Ogerpon|28\/100\n|-status|p1a: Roaring Moon|brn\n|\n|-heal|p2b: Heatran|99\/100|[from] item: Leftovers\n|-damage|p1a: Roaring Moon|77\/100 brn|[from] brn\n|upkeep\n|turn|7\n|c|\u2606CALAMELLA|only crit\n|inactive|CALAMELLA has 30 seconds left.\n|\n|t:|1699901861\n|move|p1a: Roaring Moon|Tailwind|p1a: Roaring Moon\n|-sidestart|p1: Jippt351|move: Tailwind\n|move|p1b: Ogerpon|Ivy Cudgel|p2b: Heatran\n|-supereffective|p2b: Heatran\n|-damage|p2b: Heatran|32\/100\n|move|p2b: Heatran|Flash Cannon|p1b: Ogerpon\n|-resisted|p1b: Ogerpon\n|-damage|p1b: Ogerpon|9\/100\n|\n|-heal|p2b: Heatran|38\/100|[from] item: Leftovers\n|-damage|p1a: Roaring Moon|71\/100 brn|[from] brn\n|upkeep\n|turn|8\n|\n|t:|1699901872\n|move|p1a: Roaring Moon|Protect|p1a: Roaring Moon\n|-singleturn|p1a: Roaring Moon|Protect\n|move|p1b: Ogerpon|Ivy Cudgel|p2b: Heatran\n|-supereffective|p2b: Heatran\n|-damage|p2b: Heatran|0 fnt\n|faint|p2b: Heatran\n|\n|win|Jippt351\n|raw|Jippt351's rating: 1153 &rarr; <strong>1183<\/strong><br \/>(+30 for winning)\n|raw|CALAMELLA's rating: 1220 &rarr; <strong>1190<\/strong><br \/>(-30 for losing)\n|c|\u2606Jippt351|Gg\n|l|\u2606CALAMELLA\n","uploadtime":1699901890,"views":10,"p1id":"jippt351","p2id":"calamella","formatid":"gen9vgc2023regulatione","rating":1183,"private":0,"password":""}