{"id":"gen9vgc2023regulatione-1994479302","p1":"Llort365","p2":"Blastwalker","format":"[Gen 9] VGC 2023 Regulation E","log":"|j|\u2606Llort365\n|j|\u2606Blastwalker\n|t:|1700448701\n|gametype|doubles\n|player|p1|Llort365|hilbert-wonderlauncher|1051\n|player|p2|Blastwalker|2|1013\n|teamsize|p1|6\n|teamsize|p2|6\n|gen|9\n|tier|[Gen 9] VGC 2023 Regulation E\n|rated|\n|rule|Species Clause: Limit one of each Pok\u00e9mon\n|rule|Item Clause: Limit one of each item\n|clearpoke\n|poke|p1|Tinkaton, L50, F|\n|poke|p1|Amoonguss, L50, F|\n|poke|p1|Ceruledge, L50, M|\n|poke|p1|Iron Bundle, L50|\n|poke|p1|Flutter Mane, L50|\n|poke|p1|Kingambit, L50, M|\n|poke|p2|Cresselia, L50, F|\n|poke|p2|Zapdos, L50|\n|poke|p2|Empoleon, L50, M|\n|poke|p2|Staraptor, L50, M|\n|poke|p2|Ampharos, L50, M|\n|poke|p2|Snorlax, L50, M|\n|teampreview|4\nLlort365 has agreed to open team sheets.\nBlastwalker has agreed to open team sheets.\n|inactive|Battle timer is ON: inactive players will automatically lose when time's up. (requested by Blastwalker)\n|inactive|Llort365 has 60 seconds left.\n|\n|t:|1700448864\n|start\n|switch|p1a: Ceruledge|Ceruledge, L50, M|100\/100\n|switch|p1b: Iron Bundle|Iron Bundle, L50|100\/100\n|switch|p2a: Jinbei|Empoleon, L50, M, shiny|100\/100\n|switch|p2b: Staraptor|Staraptor, L50, M|100\/100\n|-ability|p2b: Staraptor|Intimidate|boost\n|-fail|p1a: Ceruledge|unboost|[from] item: Clear Amulet|[of] p1a: Ceruledge\n|-unboost|p1b: Iron Bundle|atk|1\n|-enditem|p1b: Iron Bundle|Booster Energy\n|-activate|p1b: Iron Bundle|ability: Quark Drive|[fromitem]\n|-start|p1b: Iron Bundle|quarkdrivespe\n|turn|1\n|inactive|Llort365 has 30 seconds left.\n|inactive|Blastwalker has 30 seconds left.\n|inactive|Llort365 has 20 seconds left.\n|\n|t:|1700448902\n|-terastallize|p1b: Iron Bundle|Ghost\n|-terastallize|p2a: Jinbei|Electric\n|move|p1b: Iron Bundle|Icy Wind|p2b: Staraptor|[spread] p2a,p2b\n|-supereffective|p2b: Staraptor\n|-damage|p2a: Jinbei|79\/100\n|-damage|p2b: Staraptor|33\/100\n|-unboost|p2a: Jinbei|spe|1\n|-ability|p2a: Jinbei|Competitive|boost\n|-boost|p2a: Jinbei|spa|2\n|-unboost|p2b: Staraptor|spe|1\n|move|p2b: Staraptor|Tailwind|p2b: Staraptor\n|-sidestart|p2: Blastwalker|move: Tailwind\n|move|p2a: Jinbei|Tera Blast|p1b: Iron Bundle|[anim] Tera Blast Electric\n|-damage|p1b: Iron Bundle|0 fnt\n|faint|p1b: Iron Bundle\n|-end|p1b: Iron Bundle|Quark Drive|[silent]\n|move|p1a: Ceruledge|Bulk Up|p1a: Ceruledge\n|-boost|p1a: Ceruledge|atk|1\n|-boost|p1a: Ceruledge|def|1\n|-enditem|p2a: Jinbei|Mirror Herb\n|-boost|p2a: Jinbei|atk|1|[from] item: Mirror Herb\n|-boost|p2a: Jinbei|def|1|[from] item: Mirror Herb\n|\n|upkeep\n|inactive|Llort365 has 30 seconds left.\n|\n|t:|1700448930\n|switch|p1b: Kingambit|Kingambit, L50, M|100\/100\n|turn|2\n|\n|t:|1700448947\n|move|p1a: Ceruledge|Shadow Sneak|p2a: Jinbei\n|-damage|p2a: Jinbei|58\/100\n|move|p1b: Kingambit|Sucker Punch|p2b: Staraptor\n|-damage|p2b: Staraptor|0 fnt\n|faint|p2b: Staraptor\n|move|p2a: Jinbei|Flash Cannon|p1a: Ceruledge\n|-resisted|p1a: Ceruledge\n|-damage|p1a: Ceruledge|63\/100\n|\n|upkeep\n|\n|t:|1700448954\n|switch|p2b: Doctorine|Cresselia, L50, F|100\/100\n|turn|3\n|\n|t:|1700448971\n|move|p2b: Doctorine|Ally Switch|p2b: Doctorine\n|swap|p2b: Doctorine|0|[from] move: Ally Switch\n|move|p2b: Jinbei|Vacuum Wave|p1b: Kingambit\n|-supereffective|p1b: Kingambit\n|-crit|p1b: Kingambit\n|-damage|p1b: Kingambit|0 fnt\n|faint|p1b: Kingambit\n|move|p1a: Ceruledge|Bulk Up|p1a: Ceruledge\n|-boost|p1a: Ceruledge|atk|1\n|-boost|p1a: Ceruledge|def|1\n|\n|upkeep\n|\n|t:|1700448978\n|switch|p1b: Amoonguss|Amoonguss, L50, F|100\/100\n|turn|4\n|\n|t:|1700448999\n|move|p2a: Doctorine|Lunar Blessing|p2a: Doctorine|[spread] p2a,p2b\n|-heal|p2b: Jinbei|83\/100\n|move|p2b: Jinbei|Ice Beam|p1b: Amoonguss\n|-supereffective|p1b: Amoonguss\n|-damage|p1b: Amoonguss|0 fnt\n|faint|p1b: Amoonguss\n|move|p1a: Ceruledge|Bitter Blade|p2b: Jinbei\n|-damage|p2b: Jinbei|23\/100\n|-heal|p1a: Ceruledge|92\/100|[from] drain|[of] p2b: Jinbei\n|\n|-sideend|p2: Blastwalker|move: Tailwind\n|upkeep\n|turn|5\n|inactive|Blastwalker has 30 seconds left.\n|inactive|Blastwalker has 20 seconds left.\n|inactive|Blastwalker has 15 seconds left.\n|\n|t:|1700449041\n|move|p1a: Ceruledge|Bitter Blade|p2a: Doctorine\n|-crit|p2a: Doctorine\n|-damage|p2a: Doctorine|7\/100\n|-heal|p1a: Ceruledge|100\/100|[from] drain|[of] p2a: Doctorine\n|-enditem|p2a: Doctorine|Sitrus Berry|[eat]\n|-heal|p2a: Doctorine|31\/100|[from] item: Sitrus Berry\n|move|p2b: Jinbei|Tera Blast|p1a: Ceruledge|[anim] Tera Blast Electric\n|-damage|p1a: Ceruledge|31\/100\n|move|p2a: Doctorine|Trick Room|p2a: Doctorine\n|-fieldstart|move: Trick Room|[of] p2a: Doctorine\n|\n|upkeep\n|turn|6\n|\n|t:|1700449064\n|move|p2b: Jinbei|Tera Blast|p1a: Ceruledge|[anim] Tera Blast Electric\n|-damage|p1a: Ceruledge|0 fnt\n|faint|p1a: Ceruledge\n|\n|win|Blastwalker\n|raw|Llort365's rating: 1051 &rarr; <strong>1031<\/strong><br \/>(-20 for losing)\n|raw|Blastwalker's rating: 1013 &rarr; <strong>1055<\/strong><br \/>(+42 for winning)\n|c|\u2606Blastwalker|gg\n|c|\u2606Llort365|gg\n|l|\u2606Blastwalker\n","uploadtime":1700449069,"views":13,"p1id":"llort365","p2id":"blastwalker","formatid":"gen9vgc2023regulatione","rating":1031,"private":0,"password":""}