{"id":"gen9vgc2023regulatione-1993176464","p1":"TorinBlackheart","p2":"Dat1Nedyak","format":"[Gen 9] VGC 2023 Regulation E","log":"|j|\u2606TorinBlackheart\n|j|\u2606Dat1Nedyak\n|n|\u2606TorinBlackheart|torinblackheart\n|n|\u2606Dat1Nedyak|dat1nedyak\n|html|View the match progress at <a href=\"\/game-bestof3-gen9vgc2023regulatione-1993174214\">game-bestof3-gen9vgc2023regulatione-1993174214<\/a>\n|t:|1700274131\n|gametype|doubles\n|player|p1|TorinBlackheart|102|\n|player|p2|Dat1Nedyak|ninjaboy|\n|teamsize|p1|6\n|teamsize|p2|6\n|gen|9\n|tier|[Gen 9] VGC 2023 Regulation E\n|rule|Species Clause: Limit one of each Pok\u00e9mon\n|rule|Item Clause: Limit one of each item\n|clearpoke\n|poke|p1|Kommo-o, L50, M|\n|poke|p1|Scream Tail, L50|\n|poke|p1|Snorlax, L50, M|\n|poke|p1|Gothitelle, L50, F|\n|poke|p1|Dipplin, L50, F|\n|poke|p1|Torterra, L50, F|\n|poke|p2|Mimikyu, L50, M|\n|poke|p2|Chesnaught, L50, M|\n|poke|p2|Cloyster, L50, F|\n|poke|p2|Ursaluna, L50, M|\n|poke|p2|Garganacl, L50, F|\n|poke|p2|Heatran, L50, M|\n|teampreview|4\nTorinBlackheart rejected open team sheets.\n|\n|t:|1700274160\n|start\n|switch|p1a: Kommo-o|Kommo-o, L50, M, shiny|100\/100\n|switch|p1b: Dipplin|Dipplin, L50, F|100\/100\n|switch|p2a: Thorns|Chesnaught, L50, M|100\/100\n|switch|p2b: Mimi|Mimikyu, L50, M, shiny|100\/100\n|-ability|p1b: Dipplin|Supersweet Syrup\n|-ability|p1b: Dipplin|Supersweet Syrup|boost\n|-unboost|p2a: Thorns|evasion|1\n|-unboost|p2b: Mimi|evasion|1\n|turn|1\n|\n|t:|1700274189\n|-terastallize|p1a: Kommo-o|Normal\n|-terastallize|p2a: Thorns|Dragon\n|move|p1b: Dipplin|Protect|p1b: Dipplin\n|-singleturn|p1b: Dipplin|Protect\n|move|p2b: Mimi|Swords Dance|p2b: Mimi\n|-boost|p2b: Mimi|atk|2\n|move|p1a: Kommo-o|Boomburst|p2b: Mimi|[spread] p2a\n|-activate|p1b: Dipplin|move: Protect\n|-immune|p2b: Mimi\n|-damage|p2a: Thorns|68\/100\n|-enditem|p1a: Kommo-o|Throat Spray\n|-boost|p1a: Kommo-o|spa|1|[from] item: Throat Spray\n|move|p2a: Thorns|Dragon Claw|p1a: Kommo-o\n|-crit|p1a: Kommo-o\n|-damage|p1a: Kommo-o|44\/100\n|\n|upkeep\n|turn|2\n|\n|t:|1700274222\n|switch|p1a: Scream Tail|Scream Tail, L50|100\/100\n|-enditem|p1a: Scream Tail|Booster Energy\n|-activate|p1a: Scream Tail|ability: Protosynthesis|[fromitem]\n|-start|p1a: Scream Tail|protosynthesisspd\n|move|p2b: Mimi|Swords Dance|p2b: Mimi\n|-boost|p2b: Mimi|atk|2\n|move|p2a: Thorns|Dragon Claw|p1a: Scream Tail\n|-immune|p1a: Scream Tail\n|move|p1b: Dipplin|Syrup Bomb|p2b: Mimi\n|-activate|p2b: Mimi|ability: Disguise\n|-damage|p2b: Mimi|100\/100\n|-start|p2b: Mimi|Syrup Bomb\n|detailschange|p2b: Mimi|Mimikyu-Busted, L50, M, shiny\n|-damage|p2b: Mimi|88\/100|[from] pokemon: Mimikyu-Busted\n|\n|-unboost|p2b: Mimi|spe|1\n|upkeep\n|turn|3\n|\n|t:|1700274255\n|move|p1b: Dipplin|Protect|p1b: Dipplin\n|-singleturn|p1b: Dipplin|Protect\n|move|p1a: Scream Tail|Dazzling Gleam|p2a: Thorns|[spread] p2a,p2b\n|-supereffective|p2a: Thorns\n|-damage|p2a: Thorns|45\/100\n|-damage|p2b: Mimi|70\/100\n|move|p2b: Mimi|Shadow Claw|p1a: Scream Tail\n|-supereffective|p1a: Scream Tail\n|-damage|p1a: Scream Tail|0 fnt\n|faint|p1a: Scream Tail\n|-end|p1a: Scream Tail|Protosynthesis|[silent]\n|move|p2a: Thorns|Dragon Claw|p1b: Dipplin\n|-activate|p1b: Dipplin|move: Protect\n|\n|-unboost|p2b: Mimi|spe|1\n|upkeep\n|\n|t:|1700274268\n|switch|p1a: Gothitelle|Gothitelle, L50, F, shiny|100\/100\n|turn|4\n|\n|t:|1700274280\n|move|p1a: Gothitelle|Fake Out|p2a: Thorns\n|-damage|p2a: Thorns|40\/100\n|move|p2b: Mimi|Shadow Sneak|p1a: Gothitelle\n|-supereffective|p1a: Gothitelle\n|-damage|p1a: Gothitelle|2\/100\n|cant|p2a: Thorns|flinch\n|move|p1b: Dipplin|Pollen Puff|p2b: Mimi\n|-resisted|p2b: Mimi\n|-damage|p2b: Mimi|60\/100\n|\n|-heal|p1a: Gothitelle|8\/100|[from] item: Leftovers\n|-unboost|p2b: Mimi|spe|1\n|upkeep\n|turn|5\n|\n|t:|1700274298\n|move|p1a: Gothitelle|Protect|p1a: Gothitelle\n|-singleturn|p1a: Gothitelle|Protect\n|move|p2b: Mimi|Shadow Sneak|p1a: Gothitelle\n|-activate|p1a: Gothitelle|move: Protect\n|move|p2a: Thorns|Dragon Claw|p1b: Dipplin\n|-supereffective|p1b: Dipplin\n|-damage|p1b: Dipplin|51\/100\n|move|p1b: Dipplin|Syrup Bomb|p2b: Mimi\n|-damage|p2b: Mimi|21\/100\n|\n|-heal|p1a: Gothitelle|15\/100|[from] item: Leftovers\n|-end|p2b: Mimi|Syrup Bomb|[silent]\n|upkeep\n|turn|6\n|\n|t:|1700274319\n|move|p2b: Mimi|Shadow Sneak|p1a: Gothitelle\n|-supereffective|p1a: Gothitelle\n|-damage|p1a: Gothitelle|0 fnt\n|faint|p1a: Gothitelle\n|move|p2a: Thorns|Dragon Claw|p1b: Dipplin\n|-supereffective|p1b: Dipplin\n|-damage|p1b: Dipplin|5\/100\n|move|p1b: Dipplin|Draco Meteor|p2a: Thorns\n|-supereffective|p2a: Thorns\n|-damage|p2a: Thorns|0 fnt\n|-unboost|p1b: Dipplin|spa|2\n|faint|p2a: Thorns\n|\n|upkeep\n|\n|t:|1700274333\n|switch|p2a: Wall|Ursaluna, L50, M|100\/100\n|switch|p1a: Kommo-o|Kommo-o, L50, M, shiny, tera:Normal|44\/100\n|turn|7\n|\n|t:|1700274359\n|move|p1a: Kommo-o|Aura Sphere|p2a: Wall\n|-supereffective|p2a: Wall\n|-damage|p2a: Wall|42\/100\n|move|p2a: Wall|Headlong Rush|p1a: Kommo-o\n|-damage|p1a: Kommo-o|0 fnt\n|-unboost|p2a: Wall|def|1\n|-unboost|p2a: Wall|spd|1\n|faint|p1a: Kommo-o\n|move|p2b: Mimi|Play Rough|p1b: Dipplin\n|-supereffective|p1b: Dipplin\n|-damage|p1b: Dipplin|0 fnt\n|faint|p1b: Dipplin\n|\n|win|Dat1Nedyak\n|c|\u2606TorinBlackheart|gg\n|l|\u2606TorinBlackheart\n|c|\u2606Dat1Nedyak|gg\n","uploadtime":1700274450,"views":16,"p1id":"torinblackheart","p2id":"dat1nedyak","formatid":"gen9vgc2023regulatione","rating":0,"private":0,"password":""}