{"id":"gen9vgc2023regulatione-1997863083","p1":"ydyang99","p2":"FloridaParkingLot","format":"[Gen 9] VGC 2023 Regulation E","log":"|j|\u2606ydyang99\n|j|\u2606FloridaParkingLot\n|t:|1700861039\n|gametype|doubles\n|player|p1|ydyang99|cynthia|1392\n|player|p2|FloridaParkingLot|169|1371\n|teamsize|p1|6\n|teamsize|p2|6\n|gen|9\n|tier|[Gen 9] VGC 2023 Regulation E\n|rated|\n|rule|Species Clause: Limit one of each Pok\u00e9mon\n|rule|Item Clause: Limit one of each item\n|clearpoke\n|poke|p1|Illumise, L50, F|\n|poke|p1|Landorus-Therian, L50, M|\n|poke|p1|Kingambit, L50, M|\n|poke|p1|Ogerpon-Hearthflame, L50, F|\n|poke|p1|Rillaboom, L50, M|\n|poke|p1|Iron Bundle, L50|\n|poke|p2|Iron Hands, L50|\n|poke|p2|Chi-Yu, L50|\n|poke|p2|Flutter Mane, L50|\n|poke|p2|Tornadus, L50, M|\n|poke|p2|Landorus-Therian, L50, M|\n|poke|p2|Urshifu-*, L50, M|\n|teampreview|4\n|inactive|Battle timer is ON: inactive players will automatically lose when time's up. (requested by ydyang99)\n|inactive|FloridaParkingLot has 60 seconds left.\n|inactive|FloridaParkingLot has 30 seconds left.\n|\n|t:|1700861104\n|start\n|switch|p1a: Illumise|Illumise, L50, F, shiny|100\/100\n|switch|p1b: Landorus|Landorus-Therian, L50, M, shiny|100\/100\n|switch|p2a: Chi-Yu|Chi-Yu, L50|100\/100\n|switch|p2b: Iron Hands|Iron Hands, L50|100\/100\n|-ability|p2a: Chi-Yu|Beads of Ruin\n|-ability|p1b: Landorus|Intimidate|boost\n|-unboost|p2a: Chi-Yu|atk|1\n|-unboost|p2b: Iron Hands|atk|1\n|turn|1\n|inactive|ydyang99 has 30 seconds left.\n|\n|t:|1700861130\n|move|p1b: Landorus|Protect|p1b: Landorus\n|-singleturn|p1b: Landorus|Protect\n|move|p2b: Iron Hands|Fake Out|p1b: Landorus\n|-activate|p1b: Landorus|move: Protect\n|move|p1a: Illumise|Rain Dance|p1a: Illumise\n|-weather|RainDance\n|move|p2a: Chi-Yu|Heat Wave|p1b: Landorus|[spread] p1a\n|-activate|p1b: Landorus|move: Protect\n|-supereffective|p1a: Illumise\n|-damage|p1a: Illumise|23\/100\n|-enditem|p1a: Illumise|Sitrus Berry|[eat]\n|-heal|p1a: Illumise|48\/100|[from] item: Sitrus Berry\n|-damage|p2a: Chi-Yu|90\/100|[from] item: Life Orb\n|\n|-weather|RainDance|[upkeep]\n|upkeep\n|turn|2\n|\n|t:|1700861153\n|switch|p2a: Tornadus|Tornadus, L50, M|100\/100\n|move|p1a: Illumise|Encore|p2b: Iron Hands\n|-start|p2b: Iron Hands|Encore\n|move|p1b: Landorus|Stomping Tantrum|p2a: Tornadus\n|-immune|p2a: Tornadus\n|move|p2b: Iron Hands|Fake Out||[still]\n|-hint|Fake Out only works on your first turn out.\n|-fail|p2b: Iron Hands\n|\n|-weather|RainDance|[upkeep]\n|upkeep\n|turn|3\n|\n|t:|1700861162\n|move|p2b: Iron Hands|Fake Out||[still]\n|-hint|Fake Out only works on your first turn out.\n|-fail|p2b: Iron Hands\n|move|p1a: Illumise|Tailwind|p1a: Illumise\n|-sidestart|p1: ydyang99|move: Tailwind\n|move|p1b: Landorus|Rock Slide|p2a: Tornadus|[spread] p2a,p2b\n|-supereffective|p2a: Tornadus\n|-resisted|p2b: Iron Hands\n|-damage|p2a: Tornadus|41\/100\n|-damage|p2b: Iron Hands|94\/100\n|move|p2a: Tornadus|Bleakwind Storm|p1a: Illumise|[spread] p1a,p1b\n|-supereffective|p1a: Illumise\n|-damage|p1a: Illumise|0 fnt\n|-damage|p1b: Landorus|56\/100\n|faint|p1a: Illumise\n|\n|-weather|RainDance|[upkeep]\n|upkeep\n|\n|t:|1700861170\n|switch|p1a: Rillaboom|Rillaboom, L50, M, shiny|100\/100\n|-fieldstart|move: Grassy Terrain|[from] ability: Grassy Surge|[of] p1a: Rillaboom\n|turn|4\n|\n|t:|1700861190\n|move|p2b: Iron Hands|Fake Out||[still]\n|-hint|Fake Out only works on your first turn out.\n|-fail|p2b: Iron Hands\n|move|p2a: Tornadus|Sunny Day|p2a: Tornadus\n|-weather|SunnyDay\n|move|p1b: Landorus|Rock Slide|p2a: Tornadus|[spread] p2a,p2b\n|-supereffective|p2a: Tornadus\n|-resisted|p2b: Iron Hands\n|-damage|p2a: Tornadus|0 fnt\n|-damage|p2b: Iron Hands|88\/100\n|faint|p2a: Tornadus\n|move|p1a: Rillaboom|Knock Off|p2b: Iron Hands\n|-resisted|p2b: Iron Hands\n|-damage|p2b: Iron Hands|79\/100\n|-enditem|p2b: Iron Hands|Assault Vest|[from] move: Knock Off|[of] p1a: Rillaboom\n|\n|-weather|SunnyDay|[upkeep]\n|-heal|p2b: Iron Hands|85\/100|[from] Grassy Terrain\n|-end|p2b: Iron Hands|Encore\n|upkeep\n|\n|t:|1700861198\n|switch|p2a: Urshifu|Urshifu, L50, M|100\/100\n|turn|5\n|\n|t:|1700861219\n|switch|p1b: Kingambit|Kingambit, L50, M, shiny|100\/100\n|move|p2a: Urshifu|Detect|p2a: Urshifu\n|-singleturn|p2a: Urshifu|Protect\n|move|p1a: Rillaboom|Knock Off|p2a: Urshifu\n|-activate|p2a: Urshifu|move: Protect\n|move|p2b: Iron Hands|Drain Punch|p1a: Rillaboom\n|-damage|p1a: Rillaboom|79\/100\n|-heal|p2b: Iron Hands|94\/100|[from] drain|[of] p1a: Rillaboom\n|\n|-weather|SunnyDay|[upkeep]\n|-heal|p1a: Rillaboom|85\/100|[from] Grassy Terrain\n|-heal|p2b: Iron Hands|99\/100|[from] Grassy Terrain\n|upkeep\n|turn|6\n|\n|t:|1700861234\n|-terastallize|p1b: Kingambit|Fairy\n|move|p1a: Rillaboom|Knock Off|p2a: Urshifu\n|-resisted|p2a: Urshifu\n|-damage|p2a: Urshifu|93\/100\n|-enditem|p2a: Urshifu|Black Glasses|[from] move: Knock Off|[of] p1a: Rillaboom\n|move|p2a: Urshifu|Close Combat|p1b: Kingambit\n|-resisted|p1b: Kingambit\n|-damage|p1b: Kingambit|75\/100\n|-unboost|p2a: Urshifu|def|1\n|-unboost|p2a: Urshifu|spd|1\n|move|p1b: Kingambit|Swords Dance|p1b: Kingambit\n|-boost|p1b: Kingambit|atk|2\n|move|p2b: Iron Hands|Wild Charge|p1b: Kingambit\n|-damage|p1b: Kingambit|51\/100\n|-damage|p2b: Iron Hands|95\/100|[from] Recoil\n|\n|-weather|SunnyDay|[upkeep]\n|-heal|p1a: Rillaboom|91\/100|[from] Grassy Terrain\n|-heal|p2a: Urshifu|99\/100|[from] Grassy Terrain\n|-heal|p1b: Kingambit|57\/100|[from] Grassy Terrain\n|-heal|p2b: Iron Hands|100\/100|[from] Grassy Terrain\n|-sideend|p1: ydyang99|move: Tailwind\n|upkeep\n|turn|7\n|\n|t:|1700861258\n|switch|p1a: Landorus|Landorus-Therian, L50, M, shiny|56\/100\n|-ability|p1a: Landorus|Intimidate|boost\n|-unboost|p2a: Urshifu|atk|1\n|-unboost|p2b: Iron Hands|atk|1\n|move|p2a: Urshifu|Detect|p2a: Urshifu\n|-singleturn|p2a: Urshifu|Protect\n|move|p1b: Kingambit|Protect|p1b: Kingambit\n|-singleturn|p1b: Kingambit|Protect\n|move|p2b: Iron Hands|Heavy Slam|p1b: Kingambit\n|-activate|p1b: Kingambit|move: Protect\n|\n|-weather|SunnyDay|[upkeep]\n|-heal|p2a: Urshifu|100\/100|[from] Grassy Terrain\n|-heal|p1b: Kingambit|63\/100|[from] Grassy Terrain\n|upkeep\n|turn|8\n|\n|t:|1700861278\n|move|p1b: Kingambit|Sucker Punch|p2b: Iron Hands\n|-resisted|p2b: Iron Hands\n|-damage|p2b: Iron Hands|66\/100\n|-damage|p1b: Kingambit|53\/100|[from] item: Life Orb\n|move|p1a: Landorus|Stomping Tantrum|p2b: Iron Hands\n|-supereffective|p2b: Iron Hands\n|-crit|p2b: Iron Hands\n|-damage|p2b: Iron Hands|0 fnt\n|faint|p2b: Iron Hands\n|-end|p2b: Iron Hands|Quark Drive|[silent]\n|move|p2a: Urshifu|Wicked Blow|p1a: Landorus\n|-crit|p1a: Landorus\n|-damage|p1a: Landorus|0 fnt\n|faint|p1a: Landorus\n|\n|-weather|none\n|-heal|p1b: Kingambit|59\/100|[from] Grassy Terrain\n|-fieldend|move: Grassy Terrain\n|upkeep\n|\n|t:|1700861288\n|switch|p1a: Rillaboom|Rillaboom, L50, M, shiny|91\/100\n|switch|p2b: Chi-Yu|Chi-Yu, L50|90\/100\n|-ability|p2b: Chi-Yu|Beads of Ruin\n|-fieldstart|move: Grassy Terrain|[from] ability: Grassy Surge|[of] p1a: Rillaboom\n|turn|9\n|\n|t:|1700861307\n|-terastallize|p2a: Urshifu|Dark\n|move|p2b: Chi-Yu|Protect|p2b: Chi-Yu\n|-singleturn|p2b: Chi-Yu|Protect\n|move|p1a: Rillaboom|Fake Out|p2b: Chi-Yu\n|-activate|p2b: Chi-Yu|move: Protect\n|move|p2a: Urshifu|Wicked Blow|p1a: Rillaboom\n|-crit|p1a: Rillaboom\n|-damage|p1a: Rillaboom|24\/100\n|move|p1b: Kingambit|Kowtow Cleave|p2b: Chi-Yu\n|-activate|p2b: Chi-Yu|move: Protect\n|\n|-heal|p2b: Chi-Yu|97\/100|[from] Grassy Terrain\n|-heal|p1a: Rillaboom|30\/100|[from] Grassy Terrain\n|-heal|p1b: Kingambit|65\/100|[from] Grassy Terrain\n|upkeep\n|turn|10\n|\n|t:|1700861328\n|move|p1a: Rillaboom|Grassy Glide|p2a: Urshifu\n|-damage|p2a: Urshifu|53\/100\n|move|p1b: Kingambit|Sucker Punch|p2b: Chi-Yu\n|-resisted|p2b: Chi-Yu\n|-damage|p2b: Chi-Yu|14\/100\n|-damage|p1b: Kingambit|56\/100|[from] item: Life Orb\n|move|p2b: Chi-Yu|Overheat|p1b: Kingambit\n|-damage|p1b: Kingambit|0 fnt\n|-unboost|p2b: Chi-Yu|spa|2\n|faint|p1b: Kingambit\n|-damage|p2b: Chi-Yu|4\/100|[from] item: Life Orb\n|move|p2a: Urshifu|Wicked Blow|p1a: Rillaboom\n|-crit|p1a: Rillaboom\n|-damage|p1a: Rillaboom|0 fnt\n|faint|p1a: Rillaboom\n|\n|win|FloridaParkingLot\n|raw|ydyang99's rating: 1392 &rarr; <strong>1371<\/strong><br \/>(-21 for losing)\n|raw|FloridaParkingLot's rating: 1371 &rarr; <strong>1392<\/strong><br \/>(+21 for winning)\n|l|\u2606ydyang99\n","uploadtime":1700861343,"views":1,"p1id":"ydyang99","p2id":"floridaparkinglot","formatid":"gen9vgc2023regulatione","rating":1371,"private":0,"password":""}