{"id":"gen9vgc2023regulatione-1995857716","p1":"GDK9THWARX504","p2":"qwedddd","format":"[Gen 9] VGC 2023 Regulation E","log":"|j|\u2606GDK9THWARX504\n|j|\u2606qwedddd\n|t:|1700610337\n|gametype|doubles\n|player|p1|GDK9THWARX504|linebacker|1032\n|player|p2|qwedddd|266|1119\n|teamsize|p1|6\n|teamsize|p2|6\n|gen|9\n|tier|[Gen 9] VGC 2023 Regulation E\n|rated|\n|rule|Species Clause: Limit one of each Pok\u00e9mon\n|rule|Item Clause: Limit one of each item\n|clearpoke\n|poke|p1|Maushold-Four, L50|\n|poke|p1|Dondozo, L50, M|\n|poke|p1|Tatsugiri, L50, M|\n|poke|p1|Cetitan, L50, M|\n|poke|p1|Flamigo, L50, M|\n|poke|p1|Annihilape, L50, F|\n|poke|p2|Espathra, L50, M|\n|poke|p2|Sandy Shocks, L50|\n|poke|p2|Maushold-Four, L50|\n|poke|p2|Chien-Pao, L50|\n|poke|p2|Ogerpon-Wellspring, L50, F|\n|poke|p2|Annihilape, L50, M|\n|teampreview|4\n|\n|t:|1700610347\n|start\n|switch|p1a: Tatsugiri|Tatsugiri, L50, M, shiny|100\/100\n|switch|p1b: Annihilape|Annihilape, L50, F|100\/100\n|switch|p2a: Espathra|Espathra, L50, M|100\/100\n|switch|p2b: Annihilape|Annihilape, L50, M|100\/100\n|turn|1\n|\n|t:|1700610361\n|move|p1a: Tatsugiri|Endure|p1a: Tatsugiri\n|-singleturn|p1a: Tatsugiri|move: Endure\n|move|p2a: Espathra|Protect|p2a: Espathra\n|-singleturn|p2a: Espathra|Protect\n|move|p2b: Annihilape|Final Gambit|p1a: Tatsugiri\n|-activate|p1a: Tatsugiri|move: Endure\n|-damage|p1a: Tatsugiri|1\/100\n|faint|p2b: Annihilape\n|move|p1b: Annihilape|Final Gambit|p1a: Tatsugiri\n|-activate|p1a: Tatsugiri|move: Endure\n|-damage|p1a: Tatsugiri|1\/100\n|faint|p1b: Annihilape\n|\n|-status|p1a: Tatsugiri|tox|[from] item: Toxic Orb\n|-ability|p2a: Espathra|Speed Boost|boost\n|-boost|p2a: Espathra|spe|1\n|upkeep\n|c|\u2606qwedddd|no way\n|c|\u2606qwedddd|bro is using toxic commander\n|\n|t:|1700610394\n|switch|p1b: Dondozo|Dondozo, L50, M, shiny|100\/100\n|switch|p2b: Sandy Shocks|Sandy Shocks, L50|100\/100\n|-activate|p1a: Tatsugiri|ability: Commander|[of] p1b: Dondozo\n|-boost|p1b: Dondozo|atk|2\n|-boost|p1b: Dondozo|spa|2\n|-boost|p1b: Dondozo|spe|2\n|-boost|p1b: Dondozo|def|2\n|-boost|p1b: Dondozo|spd|2\n|-enditem|p2b: Sandy Shocks|Booster Energy\n|-activate|p2b: Sandy Shocks|ability: Protosynthesis|[fromitem]\n|-start|p2b: Sandy Shocks|protosynthesisspe\n|turn|2\n|\n|t:|1700610423\n|-terastallize|p1b: Dondozo|Dragon\n|move|p2b: Sandy Shocks|Gravity|p2b: Sandy Shocks\n|-fieldstart|move: Gravity\n|move|p2a: Espathra|Hypnosis|p1b: Dondozo\n|-status|p1b: Dondozo|slp|[from] move: Hypnosis\n|cant|p1b: Dondozo|slp\n|\n|-damage|p1a: Tatsugiri|0 fnt|[from] psn\n|faint|p1a: Tatsugiri\n|-ability|p2a: Espathra|Speed Boost|boost\n|-boost|p2a: Espathra|spe|1\n|upkeep\n|c|\u2606qwedddd|lol\n|\n|t:|1700610436\n|switch|p1a: Flamigo|Flamigo, L50, M, shiny|100\/100\n|-copyboost|p1a: Flamigo|p1b: Dondozo|[from] ability: Costar\n|turn|3\n|\n|t:|1700610450\n|move|p1a: Flamigo|Brave Bird|p2a: Espathra\n|-damage|p2a: Espathra|2\/100\n|-damage|p1a: Flamigo|62\/100|[from] Recoil\n|move|p2a: Espathra|Hypnosis|p1a: Flamigo\n|-status|p1a: Flamigo|slp|[from] move: Hypnosis\n|move|p2b: Sandy Shocks|Zap Cannon|p1a: Flamigo\n|-supereffective|p1a: Flamigo\n|-damage|p1a: Flamigo|0 fnt\n|faint|p1a: Flamigo\n|cant|p1b: Dondozo|slp\n|\n|-heal|p2a: Espathra|8\/100|[from] item: Leftovers\n|-ability|p2a: Espathra|Speed Boost|boost\n|-boost|p2a: Espathra|spe|1\n|upkeep\n|turn|4\n|\n|t:|1700610468\n|move|p2a: Espathra|Calm Mind|p2a: Espathra\n|-boost|p2a: Espathra|spa|1\n|-boost|p2a: Espathra|spd|1\n|move|p2b: Sandy Shocks|Zap Cannon|p1b: Dondozo\n|-resisted|p1b: Dondozo\n|-damage|p1b: Dondozo|83\/100 slp\n|cant|p1b: Dondozo|slp\n|\n|-heal|p2a: Espathra|14\/100|[from] item: Leftovers\n|-heal|p1b: Dondozo|89\/100 slp|[from] item: Leftovers\n|-ability|p2a: Espathra|Speed Boost|boost\n|-boost|p2a: Espathra|spe|1\n|upkeep\n|turn|5\n|\n|t:|1700610483\n|move|p2a: Espathra|Protect|p2a: Espathra\n|-singleturn|p2a: Espathra|Protect\n|move|p2b: Sandy Shocks|Earth Power|p1b: Dondozo\n|-damage|p1b: Dondozo|64\/100 slp\n|-curestatus|p1b: Dondozo|slp|[msg]\n|move|p1b: Dondozo|Wave Crash|p2a: Espathra\n|-activate|p2a: Espathra|move: Protect\n|\n|-heal|p2a: Espathra|20\/100|[from] item: Leftovers\n|-heal|p1b: Dondozo|70\/100|[from] item: Leftovers\n|-ability|p2a: Espathra|Speed Boost|boost\n|-boost|p2a: Espathra|spe|1\n|upkeep\n|turn|6\n|\n|t:|1700610511\n|move|p2a: Espathra|Hypnosis|p1b: Dondozo\n|-status|p1b: Dondozo|slp|[from] move: Hypnosis\n|move|p2b: Sandy Shocks|Earth Power|p1b: Dondozo\n|-damage|p1b: Dondozo|46\/100 slp\n|cant|p1b: Dondozo|slp\n|\n|-heal|p2a: Espathra|25\/100|[from] item: Leftovers\n|-heal|p1b: Dondozo|52\/100 slp|[from] item: Leftovers\n|-fieldend|move: Gravity\n|-ability|p2a: Espathra|Speed Boost|boost\n|-boost|p2a: Espathra|spe|1\n|upkeep\n|turn|7\n|\n|t:|1700610530\n|move|p2a: Espathra|Stored Power|p1b: Dondozo\n|-damage|p1b: Dondozo|14\/100 slp\n|move|p2b: Sandy Shocks|Earth Power|p1b: Dondozo\n|-damage|p1b: Dondozo|0 fnt\n|faint|p1b: Dondozo\n|\n|win|qwedddd\n|raw|GDK9THWARX504's rating: 1032 &rarr; <strong>1021<\/strong><br \/>(-11 for losing)\n|raw|qwedddd's rating: 1119 &rarr; <strong>1138<\/strong><br \/>(+19 for winning)\n|c|\u2606qwedddd|gg\n|l|\u2606GDK9THWARX504\n","uploadtime":1700610539,"views":7,"p1id":"gdk9thwarx504","p2id":"qwedddd","formatid":"gen9vgc2023regulatione","rating":1021,"private":0,"password":""}