{"id":"gen9vgc2023regulatione-1999082580","p1":"jigawoho","p2":"appeljuice28","format":"[Gen 9] VGC 2023 Regulation E","log":"|j|\u2606jigawoho\n|j|\u2606appeljuice28\n|t:|1701031285\n|gametype|doubles\n|player|p1|jigawoho|169|1129\n|player|p2|appeljuice28|265|1216\n|teamsize|p1|6\n|teamsize|p2|6\n|gen|9\n|tier|[Gen 9] VGC 2023 Regulation E\n|rated|\n|rule|Species Clause: Limit one of each Pok\u00e9mon\n|rule|Item Clause: Limit one of each item\n|clearpoke\n|poke|p1|Enamorus-Therian, L50, F|\n|poke|p1|Armarouge, L50, F|\n|poke|p1|Indeedee-F, L50, F|\n|poke|p1|Amoonguss, L50, M|\n|poke|p1|Dragapult, L50, M|\n|poke|p1|Iron Hands, L50|\n|poke|p2|Regidrago, L50|\n|poke|p2|Tornadus, L50, M|\n|poke|p2|Gholdengo, L50|\n|poke|p2|Rillaboom, L50, F|\n|poke|p2|Brute Bonnet, L50|\n|poke|p2|Garchomp, L50, M|\n|teampreview|4\n|inactive|Battle timer is ON: inactive players will automatically lose when time's up. (requested by appeljuice28)\n|\n|t:|1701031334\n|start\n|switch|p1a: Enamorus|Enamorus-Therian, L50, F|100\/100\n|switch|p1b: Indeedee|Indeedee-F, L50, F|100\/100\n|switch|p2a: Brute Bonnet|Brute Bonnet, L50|100\/100\n|switch|p2b: Gholdengo|Gholdengo, L50|100\/100\n|-fieldstart|move: Psychic Terrain|[from] ability: Psychic Surge|[of] p1b: Indeedee\n|turn|1\n|\n|t:|1701031354\n|move|p2b: Gholdengo|Make It Rain|p1a: Enamorus|[spread] p1a,p1b\n|-supereffective|p1a: Enamorus\n|-damage|p1a: Enamorus|0 fnt\n|-damage|p1b: Indeedee|54\/100\n|-unboost|p2b: Gholdengo|spa|1\n|faint|p1a: Enamorus\n|-damage|p2b: Gholdengo|91\/100|[from] item: Life Orb\n|move|p2a: Brute Bonnet|Spore|p1b: Indeedee\n|-status|p1b: Indeedee|slp|[from] move: Spore\n|cant|p1b: Indeedee|slp\n|\n|upkeep\n|\n|t:|1701031368\n|switch|p1a: Iron Hands|Iron Hands, L50|100\/100\n|turn|2\n|\n|t:|1701031380\n|move|p2b: Gholdengo|Dazzling Gleam|p1b: Indeedee|[spread] p1a,p1b\n|-supereffective|p1a: Iron Hands\n|-damage|p1a: Iron Hands|66\/100\n|-damage|p1b: Indeedee|39\/100 slp\n|-enditem|p1b: Indeedee|Sitrus Berry|[eat]\n|-heal|p1b: Indeedee|64\/100 slp|[from] item: Sitrus Berry\n|-damage|p2b: Gholdengo|81\/100|[from] item: Life Orb\n|move|p1a: Iron Hands|Drain Punch|p2a: Brute Bonnet\n|-supereffective|p2a: Brute Bonnet\n|-damage|p2a: Brute Bonnet|23\/100\n|-heal|p1a: Iron Hands|98\/100|[from] drain|[of] p2a: Brute Bonnet\n|move|p2a: Brute Bonnet|Spore|p1a: Iron Hands\n|-status|p1a: Iron Hands|slp|[from] move: Spore\n|-curestatus|p1b: Indeedee|slp|[msg]\n|move|p1b: Indeedee|Trick Room|p1b: Indeedee\n|-fieldstart|move: Trick Room|[of] p1b: Indeedee\n|\n|-heal|p1a: Iron Hands|100\/100 slp|[from] item: Leftovers\n|upkeep\n|turn|3\n|\n|t:|1701031404\n|switch|p1b: Armarouge|Armarouge, L50, F|100\/100\n|move|p2a: Brute Bonnet|Spore|p1b: Armarouge\n|-status|p1b: Armarouge|slp|[from] move: Spore\n|cant|p1a: Iron Hands|slp\n|move|p2b: Gholdengo|Dazzling Gleam|p1a: Iron Hands|[spread] p1a,p1b\n|-supereffective|p1a: Iron Hands\n|-resisted|p1b: Armarouge\n|-damage|p1a: Iron Hands|66\/100 slp\n|-damage|p1b: Armarouge|91\/100 slp\n|-damage|p2b: Gholdengo|71\/100|[from] item: Life Orb\n|\n|-heal|p1a: Iron Hands|72\/100 slp|[from] item: Leftovers\n|upkeep\n|turn|4\n|\n|t:|1701031423\n|move|p2a: Brute Bonnet|Stomping Tantrum|p1b: Armarouge\n|-supereffective|p1b: Armarouge\n|-crit|p1b: Armarouge\n|-damage|p1b: Armarouge|13\/100 slp\n|cant|p1a: Iron Hands|slp\n|cant|p1b: Armarouge|slp\n|move|p2b: Gholdengo|Dazzling Gleam|p1b: Armarouge|[spread] p1a,p1b\n|-supereffective|p1a: Iron Hands\n|-resisted|p1b: Armarouge\n|-crit|p1b: Armarouge\n|-damage|p1a: Iron Hands|39\/100 slp\n|-damage|p1b: Armarouge|0 fnt\n|faint|p1b: Armarouge\n|-damage|p2b: Gholdengo|61\/100|[from] item: Life Orb\n|\n|-heal|p1a: Iron Hands|45\/100 slp|[from] item: Leftovers\n|upkeep\n|\n|t:|1701031429\n|switch|p1b: Indeedee|Indeedee-F, L50, F|64\/100\n|turn|5\n|\n|t:|1701031452\n|move|p1b: Indeedee|Helping Hand|p1a: Iron Hands\n|-singleturn|p1a: Iron Hands|Helping Hand|[of] p1b: Indeedee\n|move|p2a: Brute Bonnet|Spore|p1b: Indeedee\n|-status|p1b: Indeedee|slp|[from] move: Spore\n|cant|p1a: Iron Hands|slp\n|move|p2b: Gholdengo|Make It Rain|p1a: Iron Hands|[spread] p1a,p1b\n|-resisted|p1a: Iron Hands\n|-damage|p1a: Iron Hands|25\/100 slp\n|-damage|p1b: Indeedee|35\/100 slp\n|-unboost|p2b: Gholdengo|spa|1\n|-damage|p2b: Gholdengo|51\/100|[from] item: Life Orb\n|\n|-heal|p1a: Iron Hands|32\/100 slp|[from] item: Leftovers\n|-fieldend|move: Psychic Terrain\n|upkeep\n|turn|6\n|\n|t:|1701031472\n|cant|p1b: Indeedee|slp\n|move|p2a: Brute Bonnet|Stomping Tantrum|p1a: Iron Hands\n|-supereffective|p1a: Iron Hands\n|-damage|p1a: Iron Hands|0 fnt\n|faint|p1a: Iron Hands\n|-end|p1a: Iron Hands|Quark Drive|[silent]\n|move|p2b: Gholdengo|Make It Rain|p1b: Indeedee\n|-damage|p1b: Indeedee|4\/100 slp\n|-unboost|p2b: Gholdengo|spa|1\n|-damage|p2b: Gholdengo|42\/100|[from] item: Life Orb\n|\n|-fieldend|move: Trick Room\n|upkeep\n|turn|7\n|n|!jigawoho|jigawoho\n|\n|t:|1701031484\n|move|p2a: Brute Bonnet|Sucker Punch||[still]\n|-fail|p2a: Brute Bonnet\n|move|p2b: Gholdengo|Shadow Ball|p1b: Indeedee\n|-immune|p1b: Indeedee\n|cant|p1b: Indeedee|slp\n|\n|upkeep\n|turn|8\n|\n|t:|1701031494\n|move|p2a: Brute Bonnet|Sucker Punch||[still]\n|-fail|p2a: Brute Bonnet\n|move|p2b: Gholdengo|Thunderbolt|p1b: Indeedee\n|-damage|p1b: Indeedee|0 fnt\n|faint|p1b: Indeedee\n|-damage|p2b: Gholdengo|32\/100|[from] item: Life Orb\n|\n|win|appeljuice28\n|raw|jigawoho's rating: 1129 &rarr; <strong>1110<\/strong><br \/>(-19 for losing)\n|raw|appeljuice28's rating: 1216 &rarr; <strong>1235<\/strong><br \/>(+19 for winning)\n","uploadtime":1701031483,"views":3,"p1id":"jigawoho","p2id":"appeljuice28","formatid":"gen9vgc2023regulatione","rating":1110,"private":0,"password":""}