{"id":"gen9vgc2023regulatione-1998899209","p1":"asianbabygirl53","p2":"xingshen","format":"[Gen 9] VGC 2023 Regulation E","log":"|j|\u2606asianbabygirl53\n|j|\u2606xingshen\n|t:|1701010456\n|gametype|doubles\n|player|p1|asianbabygirl53|rosa|1164\n|player|p2|xingshen|1|1249\n|teamsize|p1|6\n|teamsize|p2|6\n|gen|9\n|tier|[Gen 9] VGC 2023 Regulation E\n|rated|\n|rule|Species Clause: Limit one of each Pok\u00e9mon\n|rule|Item Clause: Limit one of each item\n|clearpoke\n|poke|p1|Iron Hands, L50|\n|poke|p1|Landorus-Therian, L50, M|\n|poke|p1|Sinistcha, L50|\n|poke|p1|Grimmsnarl, L50, M|\n|poke|p1|Goodra-Hisui, L50, M|\n|poke|p1|Toxapex, L50, F|\n|poke|p2|Indeedee-F, L50, F|\n|poke|p2|Ting-Lu, L50|\n|poke|p2|Sinistcha-Masterpiece, L50|\n|poke|p2|Gallade, L50, M|\n|poke|p2|Avalugg-Hisui, L50, M|\n|poke|p2|Ursaluna-Bloodmoon, L50, M|\n|teampreview|4\n|inactive|Battle timer is ON: inactive players will automatically lose when time's up. (requested by asianbabygirl53)\n|\n|t:|1701010486\n|start\n|switch|p1a: Grimmsnarl|Grimmsnarl, L50, M|100\/100\n|switch|p1b: Goodra|Goodra-Hisui, L50, M|100\/100\n|switch|p2a: Indeedee|Indeedee-F, L50, F|100\/100\n|switch|p2b: Sinistcha|Sinistcha-Masterpiece, L50|100\/100\n|-fieldstart|move: Psychic Terrain|[from] ability: Psychic Surge|[of] p2a: Indeedee\n|turn|1\n|\n|t:|1701010507\n|switch|p2b: Gallade|Gallade, L50, M|100\/100\n|move|p1a: Grimmsnarl|Light Screen|p1a: Grimmsnarl\n|-sidestart|p1: asianbabygirl53|move: Light Screen\n|move|p1b: Goodra|Shelter|p1b: Goodra\n|-boost|p1b: Goodra|def|2\n|move|p2a: Indeedee|Trick Room|p2a: Indeedee\n|-fieldstart|move: Trick Room|[of] p2a: Indeedee\n|\n|upkeep\n|turn|2\n|inactive|xingshen has 30 seconds left.\n|\n|t:|1701010540\n|move|p2a: Indeedee|Helping Hand|p2b: Gallade\n|-singleturn|p2b: Gallade|Helping Hand|[of] p2a: Indeedee\n|move|p2b: Gallade|Sacred Sword|p1b: Goodra\n|-supereffective|p1b: Goodra\n|-damage|p1b: Goodra|0 fnt\n|faint|p1b: Goodra\n|move|p1a: Grimmsnarl|Spirit Break|p2b: Gallade\n|-supereffective|p2b: Gallade\n|-damage|p2b: Gallade|21\/100\n|-unboost|p2b: Gallade|spa|1\n|\n|upkeep\n|\n|t:|1701010550\n|switch|p1b: Toxapex|Toxapex, L50, F|100\/100\n|turn|3\n|inactive|asianbabygirl53 has 30 seconds left.\n|\n|t:|1701010582\n|move|p2a: Indeedee|Follow Me|p2a: Indeedee\n|-singleturn|p2a: Indeedee|move: Follow Me\n|move|p1b: Toxapex|Infestation|p2a: Indeedee\n|-supereffective|p2a: Indeedee\n|-damage|p2a: Indeedee|94\/100\n|-activate|p2a: Indeedee|move: Infestation|[of] p1b: Toxapex\n|-damage|p1b: Toxapex|84\/100|[from] item: Rocky Helmet|[of] p2a: Indeedee\n|move|p2b: Gallade|Sacred Sword|p1a: Grimmsnarl\n|-damage|p1a: Grimmsnarl|29\/100\n|move|p1a: Grimmsnarl|Spirit Break|p2a: Indeedee\n|-damage|p2a: Indeedee|67\/100\n|-unboost|p2a: Indeedee|spa|1\n|-damage|p1a: Grimmsnarl|13\/100|[from] item: Rocky Helmet|[of] p2a: Indeedee\n|\n|-damage|p2a: Indeedee|50\/100|[from] move: Infestation|[partiallytrapped]\n|upkeep\n|turn|4\n|inactive|xingshen has 30 seconds left.\n|\n|t:|1701010607\n|switch|p1a: Sinistcha|Sinistcha, L50|100\/100\n|-heal|p1b: Toxapex|100\/100|[from] ability: Hospitality|[of] p1a: Sinistcha\n|move|p1b: Toxapex|Baneful Bunker|p1b: Toxapex\n|-singleturn|p1b: Toxapex|move: Protect\n|move|p2a: Indeedee|Follow Me|p2a: Indeedee\n|-singleturn|p2a: Indeedee|move: Follow Me\n|move|p2b: Gallade|Aqua Cutter|p1a: Sinistcha\n|-resisted|p1a: Sinistcha\n|-damage|p1a: Sinistcha|83\/100\n|\n|-damage|p2a: Indeedee|34\/100|[from] move: Infestation|[partiallytrapped]\n|upkeep\n|turn|5\n|inactive|xingshen has 30 seconds left.\n|\n|t:|1701010637\n|move|p2a: Indeedee|Helping Hand|p2b: Gallade\n|-singleturn|p2b: Gallade|Helping Hand|[of] p2a: Indeedee\n|move|p1b: Toxapex|Infestation|p2b: Gallade\n|-damage|p2b: Gallade|18\/100\n|-activate|p2b: Gallade|move: Infestation|[of] p1b: Toxapex\n|move|p2b: Gallade|Leaf Blade|p1b: Toxapex\n|-damage|p1b: Toxapex|50\/100\n|move|p1a: Sinistcha|Matcha Gotcha|p2b: Gallade|[spread] p2a,p2b\n|-damage|p2a: Indeedee|11\/100\n|-heal|p1a: Sinistcha|94\/100|[from] drain|[of] p2a: Indeedee\n|-damage|p2b: Gallade|0 fnt\n|-heal|p1a: Sinistcha|100\/100|[from] drain|[of] p2b: Gallade\n|faint|p2b: Gallade\n|\n|-damage|p2a: Indeedee|0 fnt|[from] move: Infestation|[partiallytrapped]\n|faint|p2a: Indeedee\n|-sideend|p1: asianbabygirl53|move: Light Screen\n|-fieldend|move: Trick Room\n|-fieldend|move: Psychic Terrain\n|upkeep\n|inactive|xingshen has 30 seconds left.\n|\n|t:|1701010662\n|switch|p2a: Ursaluna|Ursaluna-Bloodmoon, L50, M|100\/100\n|switch|p2b: Sinistcha|Sinistcha-Masterpiece, L50|100\/100\n|turn|6\n|\n|t:|1701010680\n|switch|p1a: Grimmsnarl|Grimmsnarl, L50, M|13\/100\n|move|p1b: Toxapex|Baneful Bunker|p1b: Toxapex\n|-singleturn|p1b: Toxapex|move: Protect\n|move|p2b: Sinistcha|Calm Mind|p2b: Sinistcha\n|-boost|p2b: Sinistcha|spa|1\n|-boost|p2b: Sinistcha|spd|1\n|move|p2a: Ursaluna|Hyper Voice|p1b: Toxapex|[spread] p1a\n|-activate|p1b: Toxapex|move: Protect\n|-damage|p1a: Grimmsnarl|0 fnt\n|faint|p1a: Grimmsnarl\n|-enditem|p2a: Ursaluna|Throat Spray\n|-boost|p2a: Ursaluna|spa|1|[from] item: Throat Spray\n|\n|upkeep\n|\n|t:|1701010693\n|switch|p1a: Sinistcha|Sinistcha, L50|100\/100\n|-heal|p1b: Toxapex|74\/100|[from] ability: Hospitality|[of] p1a: Sinistcha\n|turn|7\n|\n|t:|1701010715\n|-terastallize|p1b: Toxapex|Dragon\n|move|p2b: Sinistcha|Matcha Gotcha|p1a: Sinistcha|[spread] p1a,p1b\n|-resisted|p1a: Sinistcha\n|-resisted|p1b: Toxapex\n|-damage|p1a: Sinistcha|84\/100\n|-damage|p1b: Toxapex|60\/100\n|move|p1a: Sinistcha|Matcha Gotcha|p2a: Ursaluna|[spread] p2b\n|-miss|p1a: Sinistcha|p2a: Ursaluna\n|-resisted|p2b: Sinistcha\n|-damage|p2b: Sinistcha|90\/100\n|-heal|p1a: Sinistcha|89\/100|[from] drain|[of] p2b: Sinistcha\n|move|p1b: Toxapex|Infestation|p2b: Sinistcha\n|-damage|p2b: Sinistcha|88\/100\n|-activate|p2b: Sinistcha|move: Infestation|[of] p1b: Toxapex\n|move|p2a: Ursaluna|Earth Power|p1b: Toxapex\n|-damage|p1b: Toxapex|0 fnt\n|faint|p1b: Toxapex\n|\n|-end|p2b: Sinistcha|Infestation|[partiallytrapped]|[silent]\n|upkeep\n|turn|8\n|-message|asianbabygirl53 forfeited.\n|\n|win|xingshen\n|raw|asianbabygirl53's rating: 1164 &rarr; <strong>1145<\/strong><br \/>(-19 for losing)\n|raw|xingshen's rating: 1249 &rarr; <strong>1268<\/strong><br \/>(+19 for winning)\n|l|\u2606asianbabygirl53\n","uploadtime":1701010741,"views":7,"p1id":"asianbabygirl53","p2id":"xingshen","formatid":"gen9vgc2023regulatione","rating":1145,"private":0,"password":""}