{"id":"gen9vgc2023regulatione-1992748179","p1":"TestJay","p2":"Pistone75","format":"[Gen 9] VGC 2023 Regulation E","log":"|j|\u2606TestJay\n|j|\u2606Pistone75\n|t:|1700231821\n|gametype|doubles\n|player|p1|TestJay|pokemonranger-gen4|1425\n|player|p2|Pistone75|101|1444\n|teamsize|p1|6\n|teamsize|p2|6\n|gen|9\n|tier|[Gen 9] VGC 2023 Regulation E\n|rated|\n|rule|Species Clause: Limit one of each Pok\u00e9mon\n|rule|Item Clause: Limit one of each item\n|clearpoke\n|poke|p1|Dusclops, L50, M|\n|poke|p1|Ursaluna-Bloodmoon, L50, M|\n|poke|p1|Kommo-o, L50, M|\n|poke|p1|Landorus-Therian, L50, M|\n|poke|p1|Iron Hands, L50|\n|poke|p1|Sinistcha-Masterpiece, L50|\n|poke|p2|Kommo-o, L50, M|\n|poke|p2|Tyranitar, L50, F|\n|poke|p2|Rillaboom, L50, F|\n|poke|p2|Flutter Mane, L50|\n|poke|p2|Arcanine-Hisui, L50, M|\n|poke|p2|Iron Bundle, L50|\n|teampreview|4\n|c|\u2606TestJay|gl hf\n|inactive|Battle timer is ON: inactive players will automatically lose when time's up. (requested by TestJay)\n|\n|t:|1700231865\n|start\n|switch|p1a: Dusclops|Dusclops, L50, M, shiny|100\/100\n|switch|p1b: Iron Hands|Iron Hands, L50|100\/100\n|switch|p2a: Rillaboom|Rillaboom, L50, F|100\/100\n|switch|p2b: Tyranitar|Tyranitar, L50, F|100\/100\n|-weather|Sandstorm|[from] ability: Sand Stream|[of] p2b: Tyranitar\n|-fieldstart|move: Grassy Terrain|[from] ability: Grassy Surge|[of] p2a: Rillaboom\n|-ability|p1a: Dusclops|Pressure\n|turn|1\n|\n|t:|1700231883\n|move|p1b: Iron Hands|Fake Out|p2b: Tyranitar\n|-resisted|p2b: Tyranitar\n|-damage|p2b: Tyranitar|93\/100\n|cant|p2b: Tyranitar|flinch\n|move|p2a: Rillaboom|Taunt|p1a: Dusclops\n|-start|p1a: Dusclops|move: Taunt\n|cant|p1a: Dusclops|move: Taunt|Trick Room\n|\n|-weather|Sandstorm|[upkeep]\n|-damage|p2a: Rillaboom|95\/100|[from] Sandstorm\n|-damage|p1b: Iron Hands|94\/100|[from] Sandstorm\n|-damage|p1a: Dusclops|94\/100|[from] Sandstorm\n|-heal|p2b: Tyranitar|99\/100|[from] Grassy Terrain\n|-heal|p2a: Rillaboom|100\/100|[from] Grassy Terrain\n|-heal|p1b: Iron Hands|100\/100|[from] Grassy Terrain\n|-heal|p1a: Dusclops|100\/100|[from] Grassy Terrain\n|upkeep\n|turn|2\n|inactive|Pistone75 has 30 seconds left.\n|\n|t:|1700231912\n|-terastallize|p2b: Tyranitar|Psychic\n|move|p2b: Tyranitar|Knock Off|p1a: Dusclops\n|-supereffective|p1a: Dusclops\n|-damage|p1a: Dusclops|35\/100\n|-enditem|p1a: Dusclops|Eviolite|[from] move: Knock Off|[of] p2b: Tyranitar\n|move|p2a: Rillaboom|Wood Hammer|p1a: Dusclops\n|-damage|p1a: Dusclops|0 fnt\n|faint|p1a: Dusclops\n|-damage|p2a: Rillaboom|92\/100|[from] Recoil\n|move|p1b: Iron Hands|Volt Switch|p2a: Rillaboom\n|-resisted|p2a: Rillaboom\n|-damage|p2a: Rillaboom|85\/100\n|\n|t:|1700231924\n|-end|p1b: Iron Hands|Quark Drive|[silent]\n|switch|p1b: Sinistcha|Sinistcha-Masterpiece, L50|100\/100|[from] Volt Switch\n|\n|-weather|Sandstorm|[upkeep]\n|-damage|p2b: Tyranitar|93\/100|[from] Sandstorm\n|-damage|p2a: Rillaboom|79\/100|[from] Sandstorm\n|-damage|p1b: Sinistcha|94\/100|[from] Sandstorm\n|-heal|p2b: Tyranitar|99\/100|[from] Grassy Terrain\n|-heal|p2a: Rillaboom|85\/100|[from] Grassy Terrain\n|-heal|p1b: Sinistcha|100\/100|[from] Grassy Terrain\n|upkeep\n|\n|t:|1700231927\n|switch|p1a: Ursaluna|Ursaluna-Bloodmoon, L50, M|100\/100\n|turn|3\n|\n|t:|1700231945\n|-terastallize|p1b: Sinistcha|Fire\n|move|p1a: Ursaluna|Protect|p1a: Ursaluna\n|-singleturn|p1a: Ursaluna|Protect\n|move|p2b: Tyranitar|Knock Off|p1a: Ursaluna\n|-activate|p1a: Ursaluna|move: Protect\n|move|p2a: Rillaboom|Taunt|p1b: Sinistcha\n|-start|p1b: Sinistcha|move: Taunt\n|-enditem|p1b: Sinistcha|Mental Herb\n|-end|p1b: Sinistcha|move: Taunt\n|move|p1b: Sinistcha|Trick Room|p1b: Sinistcha\n|-fieldstart|move: Trick Room|[of] p1b: Sinistcha\n|\n|-weather|Sandstorm|[upkeep]\n|-damage|p1b: Sinistcha|94\/100|[from] Sandstorm\n|-damage|p2a: Rillaboom|79\/100|[from] Sandstorm\n|-damage|p2b: Tyranitar|93\/100|[from] Sandstorm\n|-heal|p1b: Sinistcha|100\/100|[from] Grassy Terrain\n|-heal|p2a: Rillaboom|85\/100|[from] Grassy Terrain\n|-heal|p2b: Tyranitar|99\/100|[from] Grassy Terrain\n|upkeep\n|turn|4\n|inactive|Pistone75 has 30 seconds left.\n|inactive|Pistone75 has 20 seconds left.\n|\n|t:|1700231984\n|switch|p1b: Iron Hands|Iron Hands, L50|100\/100\n|move|p1a: Ursaluna|Blood Moon|p2a: Rillaboom\n|-damage|p2a: Rillaboom|0 fnt\n|faint|p2a: Rillaboom\n|move|p2b: Tyranitar|Rock Slide|p1a: Ursaluna|[spread] p1a,p1b\n|-resisted|p1a: Ursaluna\n|-resisted|p1b: Iron Hands\n|-crit|p1b: Iron Hands\n|-damage|p1a: Ursaluna|89\/100\n|-damage|p1b: Iron Hands|85\/100\n|\n|-weather|Sandstorm|[upkeep]\n|-damage|p1b: Iron Hands|79\/100|[from] Sandstorm\n|-damage|p2b: Tyranitar|93\/100|[from] Sandstorm\n|-heal|p1a: Ursaluna|95\/100|[from] Grassy Terrain\n|-heal|p1b: Iron Hands|85\/100|[from] Grassy Terrain\n|-heal|p2b: Tyranitar|99\/100|[from] Grassy Terrain\n|upkeep\n|\n|t:|1700232000\n|switch|p2a: Arcanine|Arcanine-Hisui, L50, M|100\/100\n|-ability|p2a: Arcanine|Intimidate|boost\n|-unboost|p1a: Ursaluna|atk|1\n|-unboost|p1b: Iron Hands|atk|1\n|turn|5\n|\n|t:|1700232024\n|move|p1b: Iron Hands|Fake Out|p2a: Arcanine\n|-resisted|p2a: Arcanine\n|-damage|p2a: Arcanine|95\/100\n|move|p1a: Ursaluna|Earth Power|p2a: Arcanine\n|-supereffective|p2a: Arcanine\n|-damage|p2a: Arcanine|0 fnt\n|faint|p2a: Arcanine\n|move|p2b: Tyranitar|Rock Slide|p1a: Ursaluna|[spread] p1a,p1b\n|-resisted|p1a: Ursaluna\n|-resisted|p1b: Iron Hands\n|-damage|p1a: Ursaluna|83\/100\n|-damage|p1b: Iron Hands|74\/100\n|\n|-weather|none\n|-heal|p1a: Ursaluna|89\/100|[from] Grassy Terrain\n|-heal|p1b: Iron Hands|81\/100|[from] Grassy Terrain\n|-heal|p2b: Tyranitar|100\/100|[from] Grassy Terrain\n|-fieldend|move: Grassy Terrain\n|upkeep\n|\n|t:|1700232028\n|switch|p2a: Iron Bundle|Iron Bundle, L50|100\/100\n|-enditem|p2a: Iron Bundle|Booster Energy\n|-activate|p2a: Iron Bundle|ability: Quark Drive|[fromitem]\n|-start|p2a: Iron Bundle|quarkdrivespe\n|turn|6\n|inactive|Pistone75 has 30 seconds left.\n|\n|t:|1700232061\n|move|p2a: Iron Bundle|Protect|p2a: Iron Bundle\n|-singleturn|p2a: Iron Bundle|Protect\n|move|p1a: Ursaluna|Blood Moon|p2b: Tyranitar\n|-damage|p2b: Tyranitar|48\/100\n|move|p1b: Iron Hands|Drain Punch|p2a: Iron Bundle\n|-activate|p2a: Iron Bundle|move: Protect\n|move|p2b: Tyranitar|Tera Blast|p1b: Iron Hands|[anim] Tera Blast Psychic\n|-supereffective|p1b: Iron Hands\n|-damage|p1b: Iron Hands|25\/100\n|\n|upkeep\n|turn|7\n|\n|t:|1700232083\n|-end|p1b: Iron Hands|Quark Drive|[silent]\n|switch|p1b: Sinistcha|Sinistcha-Masterpiece, L50, tera:Fire|100\/100\n|-heal|p1a: Ursaluna|100\/100|[from] ability: Hospitality|[of] p1b: Sinistcha\n|move|p2a: Iron Bundle|Protect||[still]\n|-fail|p2a: Iron Bundle\n|move|p1a: Ursaluna|Hyper Voice|p2b: Tyranitar|[spread] p2a,p2b\n|-damage|p2a: Iron Bundle|18\/100\n|-damage|p2b: Tyranitar|22\/100\n|move|p2b: Tyranitar|Low Kick|p1a: Ursaluna\n|-supereffective|p1a: Ursaluna\n|-damage|p1a: Ursaluna|33\/100\n|-enditem|p1a: Ursaluna|Weakness Policy\n|-boost|p1a: Ursaluna|atk|2|[from] item: Weakness Policy\n|-boost|p1a: Ursaluna|spa|2|[from] item: Weakness Policy\n|\n|-fieldend|move: Trick Room\n|upkeep\n|turn|8\n|\n|t:|1700232103\n|move|p1b: Sinistcha|Rage Powder|p1b: Sinistcha\n|-singleturn|p1b: Sinistcha|move: Rage Powder\n|move|p2a: Iron Bundle|Hydro Pump|p1b: Sinistcha|[miss]\n|-miss|p2a: Iron Bundle|p1b: Sinistcha\n|move|p2b: Tyranitar|Rock Slide|p1a: Ursaluna|[spread] p1a,p1b\n|-resisted|p1a: Ursaluna\n|-supereffective|p1b: Sinistcha\n|-damage|p1a: Ursaluna|21\/100\n|-damage|p1b: Sinistcha|49\/100\n|move|p1a: Ursaluna|Hyper Voice|p2a: Iron Bundle|[spread] p2a,p2b\n|-damage|p2a: Iron Bundle|0 fnt\n|-damage|p2b: Tyranitar|0 fnt\n|faint|p2a: Iron Bundle\n|-end|p2a: Iron Bundle|Quark Drive|[silent]\n|faint|p2b: Tyranitar\n|\n|win|TestJay\n|raw|TestJay's rating: 1425 &rarr; <strong>1446<\/strong><br \/>(+21 for winning)\n|raw|Pistone75's rating: 1444 &rarr; <strong>1423<\/strong><br \/>(-21 for losing)\n|c|\u2606TestJay|hh\n|c|\u2606TestJay|A*gg\n","uploadtime":1700232113,"views":26,"p1id":"testjay","p2id":"pistone75","formatid":"gen9vgc2023regulatione","rating":1423,"private":0,"password":""}