{"id":"gen9vgc2023regulatione-1995990103","p1":"RotovicVGC","p2":"Natrox1998","format":"[Gen 9] VGC 2023 Regulation E","log":"|j|\u2606RotovicVGC\n|j|\u2606Natrox1998\n|n|\u2606RotovicVGC|rotovicvgc\n|n|\u2606Natrox1998|natrox1998\n|html|View the match progress at <a href=\"\/game-bestof3-gen9vgc2023regulatione-1995986473\">game-bestof3-gen9vgc2023regulatione-1995986473<\/a>\n|t:|1700626099\n|gametype|doubles\n|player|p1|RotovicVGC|266|\n|player|p2|Natrox1998|2|\n|teamsize|p1|6\n|teamsize|p2|6\n|gen|9\n|tier|[Gen 9] VGC 2023 Regulation E\n|rule|Species Clause: Limit one of each Pok\u00e9mon\n|rule|Item Clause: Limit one of each item\n|clearpoke\n|poke|p1|Tornadus, L50, M|\n|poke|p1|Urshifu-*, L50, M|\n|poke|p1|Chien-Pao, L50|\n|poke|p1|Arcanine-Hisui, L50, F|\n|poke|p1|Rillaboom, L50, M|\n|poke|p1|Flutter Mane, L50|\n|poke|p2|Armarouge, L50, F|\n|poke|p2|Iron Hands, L50|\n|poke|p2|Indeedee-F, L50, F|\n|poke|p2|Ursaluna-Bloodmoon, L50, M|\n|poke|p2|Enamorus-Therian, L50, F|\n|poke|p2|Ogerpon-Wellspring, L50, F|\n|teampreview|4\nRotovicVGC has agreed to open team sheets.\n|j| Fancy Cucudrula\n|j| Tenken11\n|c| Fancy Cucudrula|una mas mi buen Vic!\n|\n|t:|1700626169\n|start\n|switch|p1a: Tornadus|Tornadus, L50, M|100\/100\n|switch|p1b: Rillaboom|Rillaboom, L50, M|100\/100\n|switch|p2a: Ursaluna|Ursaluna-Bloodmoon, L50, M|100\/100\n|switch|p2b: Iron Hands|Iron Hands, L50|100\/100\n|-fieldstart|move: Grassy Terrain|[from] ability: Grassy Surge|[of] p1b: Rillaboom\n|turn|1\n|c| Tenken11|timer xD\n|c| Fancy Cucudrula|chiques y el timer?\n|\n|t:|1700626221\n|switch|p1b: Mi Kokoro|Arcanine-Hisui, L50, F|100\/100\n|-ability|p1b: Mi Kokoro|Intimidate|boost\n|-unboost|p2a: Ursaluna|atk|1\n|-unboost|p2b: Iron Hands|atk|1\n|-end|p2b: Iron Hands|Quark Drive|[silent]\n|switch|p2b: Indeedee|Indeedee-F, L50, F|100\/100\n|-fieldstart|move: Psychic Terrain|[from] ability: Psychic Surge|[of] p2b: Indeedee\n|-terastallize|p2a: Ursaluna|Normal\n|move|p1a: Tornadus|Bleakwind Storm|p2b: Indeedee|[spread] \n|-miss|p1a: Tornadus|p2a: Ursaluna\n|-miss|p1a: Tornadus|p2b: Indeedee\n|move|p2a: Ursaluna|Hyper Voice|p1a: Tornadus|[spread] p1a,p1b\n|-resisted|p1b: Mi Kokoro\n|-damage|p1a: Tornadus|44\/100\n|-damage|p1b: Mi Kokoro|72\/100\n|-enditem|p2a: Ursaluna|Throat Spray\n|-boost|p2a: Ursaluna|spa|1|[from] item: Throat Spray\n|\n|upkeep\n|turn|2\n|inactive|Battle timer is ON: inactive players will automatically lose when time's up. (requested by RotovicVGC)\n|\n|t:|1700626265\n|switch|p1b: Rillaboom|Rillaboom, L50, M|100\/100\n|-fieldstart|move: Grassy Terrain|[from] ability: Grassy Surge|[of] p1b: Rillaboom\n|move|p1a: Tornadus|Taunt|p2b: Indeedee\n|-start|p2b: Indeedee|move: Taunt\n|move|p2a: Ursaluna|Hyper Voice|p1a: Tornadus|[spread] p1a,p1b\n|-damage|p1a: Tornadus|0 fnt\n|-damage|p1b: Rillaboom|41\/100\n|faint|p1a: Tornadus\n|cant|p2b: Indeedee|move: Taunt|Trick Room\n|\n|-heal|p1b: Rillaboom|47\/100|[from] Grassy Terrain\n|upkeep\n|\n|t:|1700626286\n|switch|p1a: Chien-Pao|Chien-Pao, L50|100\/100\n|-ability|p1a: Chien-Pao|Sword of Ruin\n|turn|3\n|inactive|RotovicVGC has 30 seconds left.\n|inactive|RotovicVGC has 20 seconds left.\n|inactive|RotovicVGC has 15 seconds left.\n|inactive|RotovicVGC has 10 seconds left.\n|\n|t:|1700626335\n|switch|p2b: Iron Hands|Iron Hands, L50|100\/100\n|move|p2a: Ursaluna|Protect|p2a: Ursaluna\n|-singleturn|p2a: Ursaluna|Protect\n|move|p1a: Chien-Pao|Sacred Sword|p2b: Iron Hands\n|-damage|p2b: Iron Hands|69\/100\n|move|p1b: Rillaboom|Wood Hammer|p2a: Ursaluna\n|-activate|p2a: Ursaluna|move: Protect\n|\n|-heal|p1b: Rillaboom|53\/100|[from] Grassy Terrain\n|-heal|p2b: Iron Hands|75\/100|[from] Grassy Terrain\n|upkeep\n|turn|4\n|inactive|RotovicVGC has 30 seconds left.\n|inactive|Natrox1998 has 30 seconds left.\n|inactive|Natrox1998 has 20 seconds left.\n|inactive|Natrox1998 has 15 seconds left.\n|inactive|Natrox1998 has 10 seconds left.\n|inactive|Natrox1998 has 5 seconds left.\n|\n|t:|1700626386\n|switch|p1b: Mi Kokoro|Arcanine-Hisui, L50, F|72\/100\n|-ability|p1b: Mi Kokoro|Intimidate|boost\n|-unboost|p2a: Ursaluna|atk|1\n|-unboost|p2b: Iron Hands|atk|1\n|move|p1a: Chien-Pao|Protect|p1a: Chien-Pao\n|-singleturn|p1a: Chien-Pao|Protect\n|move|p2b: Iron Hands|Fake Out|p1a: Chien-Pao\n|-activate|p1a: Chien-Pao|move: Protect\n|move|p2a: Ursaluna|Hyper Voice|p1a: Chien-Pao|[spread] p1b\n|-activate|p1a: Chien-Pao|move: Protect\n|-resisted|p1b: Mi Kokoro\n|-damage|p1b: Mi Kokoro|23\/100\n|\n|-heal|p1b: Mi Kokoro|29\/100|[from] Grassy Terrain\n|-heal|p2b: Iron Hands|81\/100|[from] Grassy Terrain\n|upkeep\n|turn|5\n|inactive|Natrox1998 has 30 seconds left.\n|inactive|Natrox1998 has 20 seconds left.\n|\n|t:|1700626421\n|-terastallize|p1b: Mi Kokoro|Fairy\n|move|p2a: Ursaluna|Protect|p2a: Ursaluna\n|-singleturn|p2a: Ursaluna|Protect\n|move|p1a: Chien-Pao|Sacred Sword|p2a: Ursaluna\n|-activate|p2a: Ursaluna|move: Protect\n|move|p1b: Mi Kokoro|Tera Blast|p2b: Iron Hands|[anim] Tera Blast Fairy\n|-supereffective|p2b: Iron Hands\n|-crit|p2b: Iron Hands\n|-damage|p2b: Iron Hands|0 fnt\n|faint|p2b: Iron Hands\n|-end|p2b: Iron Hands|Quark Drive|[silent]\n|\n|-heal|p1b: Mi Kokoro|35\/100|[from] Grassy Terrain\n|upkeep\n|\n|t:|1700626442\n|switch|p2b: Indeedee|Indeedee-F, L50, F|100\/100\n|-fieldstart|move: Psychic Terrain|[from] ability: Psychic Surge|[of] p2b: Indeedee\n|turn|6\n|inactive|RotovicVGC has 30 seconds left.\n|inactive|Natrox1998 has 30 seconds left.\n|inactive|RotovicVGC has 20 seconds left.\n|inactive|Natrox1998 has 20 seconds left.\n|inactive|Natrox1998 has 15 seconds left.\n|inactive|Natrox1998 has 10 seconds left.\n|\n|t:|1700626497\n|move|p2b: Indeedee|Follow Me|p2b: Indeedee\n|-singleturn|p2b: Indeedee|move: Follow Me\n|move|p1a: Chien-Pao|Sacred Sword|p2b: Indeedee\n|-damage|p2b: Indeedee|58\/100\n|-damage|p1a: Chien-Pao|84\/100|[from] item: Rocky Helmet|[of] p2b: Indeedee\n|move|p1b: Mi Kokoro|Tera Blast|p2b: Indeedee|[anim] Tera Blast Fairy\n|-damage|p2b: Indeedee|0 fnt\n|faint|p2b: Indeedee\n|move|p2a: Ursaluna|Hyper Voice|p1b: Mi Kokoro|[spread] p1a,p1b\n|-damage|p1a: Chien-Pao|0 fnt\n|-damage|p1b: Mi Kokoro|0 fnt\n|faint|p1a: Chien-Pao\n|faint|p1b: Mi Kokoro\n|\n|upkeep\n|\n|t:|1700626510\n|switch|p1b: Rillaboom|Rillaboom, L50, M|53\/100\n|switch|p2b: Armarouge|Armarouge, L50, F|100\/100\n|-fieldstart|move: Grassy Terrain|[from] ability: Grassy Surge|[of] p1b: Rillaboom\n|turn|7\n|\n|t:|1700626535\n|move|p1b: Rillaboom|Wood Hammer|p2a: Ursaluna\n|-damage|p2a: Ursaluna|43\/100\n|-damage|p1b: Rillaboom|34\/100|[from] Recoil\n|move|p2a: Ursaluna|Blood Moon|p1b: Rillaboom\n|-damage|p1b: Rillaboom|0 fnt\n|faint|p1b: Rillaboom\n|\n|win|Natrox1998\n|c|&|\/uhtml prompt-rotovicvgc,RotovicVGC is ready for game 3!\n|j| Tampico11\n|inactive|Natrox1998 has 50 seconds to confirm battle start!\n|c|&|\/uhtml prompt-natrox1998,Natrox1998 is ready for game 3!\nBoth players are ready! Starting next match!\n","uploadtime":1700626562,"views":3,"p1id":"rotovicvgc","p2id":"natrox1998","formatid":"gen9vgc2023regulatione","rating":0,"private":0,"password":""}