{"id":"gen9vgc2023regulatione-1999795601","p1":"s150004","p2":"Edgo2834","format":"[Gen 9] VGC 2023 Regulation E","log":"|j|\u2606s150004\n|j|\u2606Edgo2834\n|t:|1701117423\n|gametype|doubles\n|player|p1|s150004|102|1523\n|player|p2|Edgo2834|red|1613\n|teamsize|p1|6\n|teamsize|p2|6\n|gen|9\n|tier|[Gen 9] VGC 2023 Regulation E\n|rated|\n|rule|Species Clause: Limit one of each Pok\u00e9mon\n|rule|Item Clause: Limit one of each item\n|clearpoke\n|poke|p1|Weezing, L50, M|\n|poke|p1|Flutter Mane, L50|\n|poke|p1|Roaring Moon, L50|\n|poke|p1|Empoleon, L50, M|\n|poke|p1|Landorus-Therian, L50, M|\n|poke|p1|Iron Hands, L50|\n|poke|p2|Tornadus, L50, M|\n|poke|p2|Urshifu-*, L50, M|\n|poke|p2|Arcanine-Hisui, L50, M|\n|poke|p2|Flutter Mane, L50|\n|poke|p2|Amoonguss, L50, M|\n|poke|p2|Iron Hands, L50|\n|teampreview|4\ns150004 has agreed to open team sheets.\n|j| Asacado\n|\n|t:|1701117492\n|start\n|switch|p1a: Flutter Mane|Flutter Mane, L50|100\/100\n|switch|p1b: Landorus|Landorus-Therian, L50, M|100\/100\n|switch|p2a: Iron Hands|Iron Hands, L50|100\/100\n|switch|p2b: Flutter Mane|Flutter Mane, L50|100\/100\n|-ability|p1b: Landorus|Intimidate|boost\n|-unboost|p2a: Iron Hands|atk|1\n|-unboost|p2b: Flutter Mane|atk|1\n|turn|1\n|inactive|Battle timer is ON: inactive players will automatically lose when time's up. (requested by Edgo2834)\n|inactive|s150004 has 60 seconds left.\n|\n|t:|1701117544\n|-end|p1a: Flutter Mane|Protosynthesis|[silent]\n|switch|p1a: Weezing|Weezing, L50, M|100\/100\n|-ability|p1a: Weezing|Neutralizing Gas\n|-block|p1b: Landorus|item: Ability Shield\n|-terastallize|p2a: Iron Hands|Grass\n|move|p2b: Flutter Mane|Moonblast|p1b: Landorus\n|-damage|p1b: Landorus|8\/100\n|-unboost|p1b: Landorus|spa|1\n|move|p1b: Landorus|U-turn|p2b: Flutter Mane\n|-resisted|p2b: Flutter Mane\n|-damage|p2b: Flutter Mane|90\/100\n|\n|t:|1701117556\n|switch|p1b: Iron Hands|Iron Hands, L50|100\/100|[from] U-turn\n|move|p2a: Iron Hands|Heavy Slam|p1a: Weezing\n|-damage|p1a: Weezing|74\/100\n|\n|upkeep\n|turn|2\n|\n|t:|1701117567\n|-end|p2a: Iron Hands|Quark Drive|[silent]\n|switch|p2a: Tornadus|Tornadus, L50, M|100\/100\n|move|p2b: Flutter Mane|Moonblast|p1b: Iron Hands\n|-supereffective|p1b: Iron Hands\n|-damage|p1b: Iron Hands|27\/100\n|-unboost|p1b: Iron Hands|spa|1\n|move|p1a: Weezing|Will-O-Wisp|p2a: Tornadus|[miss]\n|-miss|p1a: Weezing|p2a: Tornadus\n|move|p1b: Iron Hands|Heavy Slam|p2b: Flutter Mane\n|-supereffective|p2b: Flutter Mane\n|-damage|p2b: Flutter Mane|0 fnt\n|faint|p2b: Flutter Mane\n|-end|p2b: Flutter Mane|Protosynthesis|[silent]\n|\n|upkeep\n|inactive|Edgo2834 has 30 seconds left.\n|inactive|Edgo2834 has 20 seconds left.\n|inactive|Edgo2834 has 15 seconds left.\n|\n|t:|1701117609\n|switch|p2b: Urshifu|Urshifu-Rapid-Strike, L50, M|100\/100\n|turn|3\n|\n|t:|1701117621\n|move|p2b: Urshifu|Surging Strikes|p1b: Iron Hands\n|-crit|p1b: Iron Hands\n|-damage|p1b: Iron Hands|11\/100\n|-crit|p1b: Iron Hands\n|-damage|p1b: Iron Hands|0 fnt\n|faint|p1b: Iron Hands\n|-end|p1b: Iron Hands|Quark Drive|[silent]\n|-hitcount|p1: Iron Hands|2\n|move|p2a: Tornadus|Bleakwind Storm|p1a: Weezing\n|-damage|p1a: Weezing|34\/100\n|-enditem|p1a: Weezing|Sitrus Berry|[eat]\n|-heal|p1a: Weezing|59\/100|[from] item: Sitrus Berry\n|move|p1a: Weezing|Will-O-Wisp|p2b: Urshifu|[miss]\n|-miss|p1a: Weezing|p2b: Urshifu\n|\n|upkeep\n|\n|t:|1701117634\n|switch|p1b: Flutter Mane|Flutter Mane, L50|100\/100\n|turn|4\n|inactive|s150004 has 30 seconds left.\n|\n|t:|1701117666\n|move|p1a: Weezing|Protect|p1a: Weezing\n|-singleturn|p1a: Weezing|Protect\n|move|p2b: Urshifu|Surging Strikes|p1b: Flutter Mane\n|-crit|p1b: Flutter Mane\n|-damage|p1b: Flutter Mane|56\/100\n|-crit|p1b: Flutter Mane\n|-damage|p1b: Flutter Mane|6\/100\n|-crit|p1b: Flutter Mane\n|-damage|p1b: Flutter Mane|0 fnt\n|faint|p1b: Flutter Mane\n|-end|p1b: Flutter Mane|Protosynthesis|[silent]\n|-hitcount|p1: Flutter Mane|3\n|move|p2a: Tornadus|Rain Dance|p2a: Tornadus\n|-weather|RainDance\n|\n|-weather|RainDance|[upkeep]\n|upkeep\n|\n|t:|1701117672\n|switch|p1b: Landorus|Landorus-Therian, L50, M|8\/100\n|-ability|p1b: Landorus|Intimidate|boost\n|-unboost|p2a: Tornadus|atk|1\n|-unboost|p2b: Urshifu|atk|1\n|turn|5\n|-message|s150004 forfeited.\n|\n|win|Edgo2834\n|raw|s150004's rating: 1523 &rarr; <strong>1508<\/strong><br \/>(-15 for losing)\n|raw|Edgo2834's rating: 1613 &rarr; <strong>1628<\/strong><br \/>(+15 for winning)\n|l|\u2606s150004\n","uploadtime":1701117708,"views":3,"p1id":"s150004","p2id":"edgo2834","formatid":"gen9vgc2023regulatione","rating":1508,"private":0,"password":""}