{"id":"gen9vgc2023regulatione-1999498472","p1":"magicalarcher57","p2":"MattC (Banned)","format":"[Gen 9] VGC 2023 Regulation E","log":"|j|\u2606magicalarcher57\n|j|\u2606MattC (Banned)\n|t:|1701089313\n|gametype|doubles\n|player|p1|magicalarcher57|cynthia-gen4|\n|player|p2|MattC (Banned)|gladion|\n|teamsize|p1|6\n|teamsize|p2|6\n|gen|9\n|tier|[Gen 9] VGC 2023 Regulation E\n|rated|Tournament battle\n|rule|Species Clause: Limit one of each Pok\u00e9mon\n|rule|Item Clause: Limit one of each item\n|clearpoke\n|poke|p1|Tornadus, L50, M|\n|poke|p1|Sinistcha, L50|\n|poke|p1|Basculegion, L50, M|\n|poke|p1|Iron Hands, L50|\n|poke|p1|Arcanine-Hisui, L50, F|\n|poke|p1|Ninetales-Alola, L50, M|\n|poke|p2|Tornadus, L50, M|\n|poke|p2|Scream Tail, L50|\n|poke|p2|Iron Hands, L50|\n|poke|p2|Gholdengo, L50|\n|poke|p2|Landorus-Therian, L50, M|\n|poke|p2|Ogerpon-Wellspring, L50, F|\n|teampreview|4\n|showteam|p1|Tornadus||MentalHerb|Prankster|BleakwindStorm,Tailwind,Taunt,ScaryFace|||M|||50|,,,,,Ghost]Sinistcha||SitrusBerry|Heatproof|MatchaGotcha,ShadowBall,NastyPlot,TrickRoom||||||50|,,,,,Dark]Basculegion||AssaultVest|Adaptability|WaveCrash,LastRespects,AquaJet,ZenHeadbutt|||M|||50|,,,,,Dragon]Iron Hands||BoosterEnergy|QuarkDrive|FakeOut,CloseCombat,WildCharge,IcePunch||||||50|,,,,,Grass]Arcanine-Hisui||ChoiceBand|Intimidate|FlareBlitz,RockSlide,ExtremeSpeed,TeraBlast|||F|||50|,,,,,Fairy]Ninetales-Alola||LightClay|SnowWarning|Blizzard,Moonblast,IcyWind,AuroraVeil|||M|||50|,,,,,Ice\n|showteam|p2|Tornadus||MentalHerb|Prankster|BleakwindStorm,ScaryFace,Tailwind,Protect|||M|||50|,,,,,Ghost]Scream Tail||BoosterEnergy|Protosynthesis|PsychicFangs,Disable,Encore,Protect||||||50|,,,,,Grass]Iron Hands||AssaultVest|QuarkDrive|DrainPunch,HeavySlam,VoltSwitch,FakeOut||||||50|,,,,,Fire]Gholdengo||Leftovers|GoodasGold|MakeItRain,ShadowBall,NastyPlot,Protect||||||50|,,,,,Dragon]Landorus-Therian||ChoiceScarf|Intimidate|StompingTantrum,RockSlide,TeraBlast,Uturn|||M|||50|,,,,,Flying]Ogerpon-Wellspring||WellspringMask|WaterAbsorb|IvyCudgel,HornLeech,FollowMe,SpikyShield|||F|||50|,,,,,Water\n|inactive|Battle timer is ON: inactive players will automatically lose when time's up. (requested by MattC (Banned))\n|c|\u2606MattC (Banned)|SERIOUSLY??!\n|c|\u2606MattC (Banned)|Glhf\n|c|\u2606magicalarcher57|gl\n|j| 4KuserVGC\n|c| 4KuserVGC|lmao\n|inactive|MattC (Banned) has 60 seconds left.\n|c|\u2606magicalarcher57|teafish\n|c|\u2606magicalarcher57|in the finals meme team is coming out\n|c|\u2606magicalarcher57|dipplin action\n|\n|t:|1701089371\n|start\n|switch|p1a: Maestro|Tornadus, L50, M|100\/100\n|switch|p1b: Scrapper|Iron Hands, L50, shiny|100\/100\n|switch|p2a: Gholdengo|Gholdengo, L50|100\/100\n|switch|p2b: Iron Hands|Iron Hands, L50|100\/100\n|-enditem|p1b: Scrapper|Booster Energy\n|-activate|p1b: Scrapper|ability: Quark Drive|[fromitem]\n|-start|p1b: Scrapper|quarkdriveatk\n|turn|1\n|c|\u2606MattC (Banned)|Bait\n|inactive|magicalarcher57 has 30 seconds left.\n|\n|t:|1701089400\n|move|p2b: Iron Hands|Fake Out|p1b: Scrapper\n|-damage|p1b: Scrapper|90\/100\n|move|p1a: Maestro|Tailwind|p1a: Maestro\n|-sidestart|p1: magicalarcher57|move: Tailwind\n|cant|p1b: Scrapper|flinch\n|move|p2a: Gholdengo|Nasty Plot|p2a: Gholdengo\n|-boost|p2a: Gholdengo|spa|2\n|\n|upkeep\n|turn|2\n|c|\u2606magicalarcher57|me\n|c|\u2606magicalarcher57|not clicking\n|c|\u2606magicalarcher57|fake out\n|\n|t:|1701089423\n|move|p1a: Maestro|Bleakwind Storm|p2b: Iron Hands|[spread] \n|-miss|p1a: Maestro|p2a: Gholdengo\n|-miss|p1a: Maestro|p2b: Iron Hands\n|move|p1b: Scrapper|Wild Charge|p2a: Gholdengo\n|-damage|p2a: Gholdengo|43\/100\n|-damage|p1b: Scrapper|79\/100|[from] Recoil\n|move|p2a: Gholdengo|Shadow Ball|p1b: Scrapper\n|-damage|p1b: Scrapper|16\/100\n|-unboost|p1b: Scrapper|spd|1\n|move|p2b: Iron Hands|Volt Switch|p1a: Maestro\n|-supereffective|p1a: Maestro\n|-damage|p1a: Maestro|74\/100\n|c|\u2606magicalarcher57|becuase expected swap lmao\n|c|\u2606magicalarcher57|DOUBLE MISS\n|c|\u2606magicalarcher57|!!!!!\n|\n|t:|1701089444\n|-end|p2b: Iron Hands|Quark Drive|[silent]\n|switch|p2b: Landorus|Landorus-Therian, L50, M|100\/100|[from] Volt Switch\n|-ability|p2b: Landorus|Intimidate|boost\n|-unboost|p1a: Maestro|atk|1\n|-unboost|p1b: Scrapper|atk|1\n|\n|-heal|p2a: Gholdengo|49\/100|[from] item: Leftovers\n|upkeep\n|turn|3\n|\n|t:|1701089456\n|move|p1a: Maestro|Bleakwind Storm|p2b: Landorus|[spread] p2b\n|-miss|p1a: Maestro|p2a: Gholdengo\n|-damage|p2b: Landorus|65\/100\n|-unboost|p2b: Landorus|spe|1\n|move|p1b: Scrapper|Wild Charge|p2a: Gholdengo\n|-damage|p2a: Gholdengo|14\/100\n|-damage|p1b: Scrapper|9\/100|[from] Recoil\n|move|p2b: Landorus|Rock Slide|p1a: Maestro|[spread] p1a,p1b\n|-supereffective|p1a: Maestro\n|-resisted|p1b: Scrapper\n|-damage|p1a: Maestro|34\/100\n|-damage|p1b: Scrapper|3\/100\n|move|p2a: Gholdengo|Make It Rain|p1b: Scrapper|[spread] p1a,p1b\n|-resisted|p1b: Scrapper\n|-damage|p1a: Maestro|0 fnt\n|-damage|p1b: Scrapper|0 fnt\n|-unboost|p2a: Gholdengo|spa|1\n|faint|p1a: Maestro\n|faint|p1b: Scrapper\n|-end|p1b: Scrapper|Quark Drive|[silent]\n|\n|-heal|p2a: Gholdengo|21\/100|[from] item: Leftovers\n|upkeep\n|c|\u2606MattC (Banned)|Shit\n|c|\u2606magicalarcher57|and miss again\n|c|\u2606magicalarcher57|but o speed speed rop\n|c|\u2606magicalarcher57|mattered\n|c|\u2606MattC (Banned)|WHAT\n|\n|t:|1701089472\n|switch|p1a: HarcOfTheCovenant|Arcanine-Hisui, L50, F|100\/100\n|switch|p1b: Houndfish|Basculegion, L50, M|100\/100\n|-ability|p1a: HarcOfTheCovenant|Intimidate|boost\n|-unboost|p2a: Gholdengo|atk|1\n|-unboost|p2b: Landorus|atk|1\n|turn|4\n|\n|t:|1701089496\n|switch|p2b: Iron Hands|Iron Hands, L50|100\/100\n|move|p2a: Gholdengo|Protect|p2a: Gholdengo\n|-singleturn|p2a: Gholdengo|Protect\n|move|p1a: HarcOfTheCovenant|Flare Blitz|p2b: Iron Hands\n|-damage|p2b: Iron Hands|44\/100\n|-damage|p1a: HarcOfTheCovenant|75\/100|[from] Recoil\n|move|p1b: Houndfish|Last Respects|p2a: Gholdengo\n|-activate|p2a: Gholdengo|move: Protect\n|\n|-heal|p2a: Gholdengo|27\/100|[from] item: Leftovers\n|-sideend|p1: magicalarcher57|move: Tailwind\n|upkeep\n|turn|5\n|c|\u2606magicalarcher57|i hope\n|c|\u2606magicalarcher57|this is enough\n|c|\u2606magicalarcher57|on the gholendgo\n|c|\u2606magicalarcher57|spread move\n|\n|t:|1701089520\n|-terastallize|p1a: HarcOfTheCovenant|Fairy\n|move|p2b: Iron Hands|Fake Out|p1a: HarcOfTheCovenant\n|-damage|p1a: HarcOfTheCovenant|56\/100\n|move|p1b: Houndfish|Aqua Jet|p2a: Gholdengo\n|-damage|p2a: Gholdengo|0 fnt\n|faint|p2a: Gholdengo\n|cant|p1a: HarcOfTheCovenant|flinch\n|\n|upkeep\n|c|\u2606magicalarcher57|or is ita spread move\n|c|\u2606magicalarcher57|o aqua jet was enough\n|\n|t:|1701089530\n|switch|p2a: Landorus|Landorus-Therian, L50, M|65\/100\n|-ability|p2a: Landorus|Intimidate|boost\n|-unboost|p1a: HarcOfTheCovenant|atk|1\n|-unboost|p1b: Houndfish|atk|1\n|turn|6\n|\n|t:|1701089540\n|-terastallize|p2a: Landorus|Flying\n|move|p2a: Landorus|Tera Blast|p1b: Houndfish|[anim] Tera Blast Flying\n|-damage|p1b: Houndfish|28\/100\n|move|p1a: HarcOfTheCovenant|Flare Blitz|p2b: Iron Hands\n|-damage|p2b: Iron Hands|6\/100\n|-damage|p1a: HarcOfTheCovenant|39\/100|[from] Recoil\n|move|p1b: Houndfish|Wave Crash|p2a: Landorus\n|-damage|p2a: Landorus|3\/100\n|-damage|p1b: Houndfish|9\/100|[from] Recoil\n|move|p2b: Iron Hands|Heavy Slam|p1a: HarcOfTheCovenant\n|-supereffective|p1a: HarcOfTheCovenant\n|-damage|p1a: HarcOfTheCovenant|0 fnt\n|faint|p1a: HarcOfTheCovenant\n|\n|upkeep\n|turn|7\n|c|\u2606magicalarcher57|6 PERCENT!!!!\n|c|\u2606magicalarcher57|NOT AGAIn\n|c|\u2606magicalarcher57|I KEEP LOSING BECUASE OF LOW PERCENT ROLLS\n|c|\u2606MattC (Banned)|Gg\n|\n|t:|1701089564\n|move|p1b: Houndfish|Aqua Jet|p2a: Landorus\n|-damage|p2a: Landorus|0 fnt\n|faint|p2a: Landorus\n|move|p2b: Iron Hands|Heavy Slam|p1b: Houndfish\n|-resisted|p1b: Houndfish\n|-damage|p1b: Houndfish|0 fnt\n|faint|p1b: Houndfish\n|\n|win|MattC (Banned)\n|n|\u2606magicalarcher57|magicalarcher57\n|n|\u2606MattC (Banned)|mattcbanned\n|n| 4KuserVGC|4kuservgc\n|c|\u2606MattC (Banned)|Haha\n|l|\u2606magicalarcher57\n|c|\u2606MattC (Banned)|Kekw\n|l| 4KuserVGC\n","uploadtime":1701089907,"views":1,"p1id":"magicalarcher57","p2id":"mattcbanned","formatid":"gen9vgc2023regulatione","rating":0,"private":0,"password":""}