{"id":"gen9vgc2023regulatione-1988770012","p1":"eeqwer","p2":"InfectedWolf1170","format":"[Gen 9] VGC 2023 Regulation E","log":"|j|\u2606eeqwer\n|j|\u2606InfectedWolf1170\n|t:|1699760844\n|gametype|doubles\n|player|p1|eeqwer|lady|1369\n|player|p2|InfectedWolf1170|koga|1259\n|teamsize|p1|6\n|teamsize|p2|6\n|gen|9\n|tier|[Gen 9] VGC 2023 Regulation E\n|rated|\n|rule|Species Clause: Limit one of each Pok\u00e9mon\n|rule|Item Clause: Limit one of each item\n|clearpoke\n|poke|p1|Ogerpon-Wellspring, L50, F|\n|poke|p1|Roaring Moon, L50|\n|poke|p1|Farigiraf, L50, M|\n|poke|p1|Ursaluna-Bloodmoon, L50, M|\n|poke|p1|Indeedee-F, L50, F|\n|poke|p1|Armarouge, L50, F|\n|poke|p2|Charjabug, L50, F|\n|poke|p2|Flutter Mane, L50|\n|poke|p2|Ursaluna-Bloodmoon, L50, M|\n|poke|p2|Gholdengo, L50|\n|poke|p2|Heatran, L50, M|\n|poke|p2|Sinistcha, L50|\n|teampreview|4\n|inactive|Battle timer is ON: inactive players will automatically lose when time's up. (requested by eeqwer)\n|inactive|InfectedWolf1170 has 60 seconds left.\n|\n|t:|1699760891\n|start\n|switch|p1a: Roaring Moon|Roaring Moon, L50|100\/100\n|switch|p1b: Armarouge|Armarouge, L50, F|100\/100\n|switch|p2a: Charjabug|Charjabug, L50, F|100\/100\n|switch|p2b: Flutter Mane|Flutter Mane, L50|100\/100\n|-enditem|p2b: Flutter Mane|Booster Energy\n|-activate|p2b: Flutter Mane|ability: Protosynthesis|[fromitem]\n|-start|p2b: Flutter Mane|protosynthesisspe\n|-enditem|p1a: Roaring Moon|Booster Energy\n|-activate|p1a: Roaring Moon|ability: Protosynthesis|[fromitem]\n|-start|p1a: Roaring Moon|protosynthesisspe\n|turn|1\n|\n|t:|1699760909\n|move|p2b: Flutter Mane|Protect|p2b: Flutter Mane\n|-singleturn|p2b: Flutter Mane|Protect\n|move|p1b: Armarouge|Endure|p1b: Armarouge\n|-singleturn|p1b: Armarouge|move: Endure\n|move|p1a: Roaring Moon|Earthquake|p2a: Charjabug|[spread] p1b,p2a\n|-activate|p2b: Flutter Mane|move: Protect\n|-supereffective|p1b: Armarouge\n|-damage|p1b: Armarouge|50\/100\n|-damage|p2a: Charjabug|85\/100\n|-ability|p1b: Armarouge|Weak Armor|boost\n|-unboost|p1b: Armarouge|def|1\n|-boost|p1b: Armarouge|spe|2\n|-enditem|p1b: Armarouge|Weakness Policy\n|-boost|p1b: Armarouge|atk|2|[from] item: Weakness Policy\n|-boost|p1b: Armarouge|spa|2|[from] item: Weakness Policy\n|move|p2a: Charjabug|Eerie Impulse|p1b: Armarouge\n|-unboost|p1b: Armarouge|spa|2\n|\n|upkeep\n|turn|2\n|\n|t:|1699760934\n|-end|p2b: Flutter Mane|Protosynthesis|[silent]\n|switch|p2b: Heatran|Heatran, L50, M|100\/100\n|-terastallize|p1a: Roaring Moon|Flying\n|move|p1a: Roaring Moon|Acrobatics|p2b: Heatran\n|-resisted|p2b: Heatran\n|-damage|p2b: Heatran|81\/100\n|move|p1b: Armarouge|Heat Wave|p2b: Heatran|[spread] p2a\n|-start|p2b: Heatran|ability: Flash Fire\n|-supereffective|p2a: Charjabug\n|-damage|p2a: Charjabug|17\/100\n|move|p2a: Charjabug|Eerie Impulse|p1b: Armarouge\n|-unboost|p1b: Armarouge|spa|2\n|\n|-heal|p2b: Heatran|87\/100|[from] item: Leftovers\n|upkeep\n|turn|3\n|\n|t:|1699760955\n|move|p1b: Armarouge|Wide Guard|p1b: Armarouge\n|-singleturn|p1b: Armarouge|Wide Guard\n|move|p1a: Roaring Moon|Earthquake|p2b: Heatran|[spread] p2a,p2b\n|-activate|p1b: Armarouge|move: Wide Guard\n|-crit|p2a: Charjabug\n|-supereffective|p2b: Heatran\n|-damage|p2a: Charjabug|0 fnt\n|-damage|p2b: Heatran|15\/100\n|faint|p2a: Charjabug\n|move|p2b: Heatran|Heat Wave|p1a: Roaring Moon|[spread] \n|-activate|p1a: Roaring Moon|move: Wide Guard\n|-activate|p1b: Armarouge|move: Wide Guard\n|\n|-heal|p2b: Heatran|21\/100|[from] item: Leftovers\n|upkeep\n|\n|t:|1699760963\n|switch|p2a: Ursaluna|Ursaluna-Bloodmoon, L50, M|100\/100\n|turn|4\n|\n|t:|1699760981\n|move|p1b: Armarouge|Wide Guard|p1b: Armarouge\n|-singleturn|p1b: Armarouge|Wide Guard\n|move|p1a: Roaring Moon|Earthquake|p2a: Ursaluna|[spread] p2a,p2b\n|-activate|p1b: Armarouge|move: Wide Guard\n|-supereffective|p2b: Heatran\n|-damage|p2a: Ursaluna|83\/100\n|-damage|p2b: Heatran|0 fnt\n|faint|p2b: Heatran\n|move|p2a: Ursaluna|Earth Power|p1b: Armarouge\n|-supereffective|p1b: Armarouge\n|-damage|p1b: Armarouge|0 fnt\n|faint|p1b: Armarouge\n|\n|upkeep\n|\n|t:|1699760996\n|switch|p1b: Ogerpon|Ogerpon-Wellspring, L50, F|100\/100\n|switch|p2b: Flutter Mane|Flutter Mane, L50|100\/100\n|turn|5\n|inactive|eeqwer has 30 seconds left.\n|\n|t:|1699761022\n|-terastallize|p2a: Ursaluna|Normal\n|move|p1a: Roaring Moon|Knock Off|p2a: Ursaluna\n|-damage|p2a: Ursaluna|50\/100\n|-enditem|p2a: Ursaluna|Throat Spray|[from] move: Knock Off|[of] p1a: Roaring Moon\n|move|p2b: Flutter Mane|Dazzling Gleam|p1b: Ogerpon|[spread] p1a,p1b\n|-damage|p1a: Roaring Moon|72\/100\n|-damage|p1b: Ogerpon|68\/100\n|move|p1b: Ogerpon|Ivy Cudgel|p2a: Ursaluna\n|-damage|p2a: Ursaluna|10\/100\n|move|p2a: Ursaluna|Hyper Voice|p1b: Ogerpon|[spread] p1a,p1b\n|-damage|p1a: Roaring Moon|33\/100\n|-damage|p1b: Ogerpon|21\/100\n|\n|upkeep\n|turn|6\n|inactive|eeqwer has 30 seconds left.\n|inactive|eeqwer has 20 seconds left.\n|inactive|eeqwer has 15 seconds left.\n|inactive|eeqwer has 10 seconds left.\n|inactive|eeqwer has 5 seconds left.\n|\n|t:|1699761072\n|move|p1b: Ogerpon|Spiky Shield|p1b: Ogerpon\n|-singleturn|p1b: Ogerpon|move: Protect\n|move|p2a: Ursaluna|Protect|p2a: Ursaluna\n|-singleturn|p2a: Ursaluna|Protect\n|move|p1a: Roaring Moon|Acrobatics|p2a: Ursaluna\n|-activate|p2a: Ursaluna|move: Protect\n|move|p2b: Flutter Mane|Dazzling Gleam|p1a: Roaring Moon|[spread] p1a\n|-activate|p1b: Ogerpon|move: Protect\n|-damage|p1a: Roaring Moon|6\/100\n|\n|upkeep\n|turn|7\n|\n|t:|1699761089\n|switch|p1b: Indeedee|Indeedee-F, L50, F|100\/100\n|-fieldstart|move: Psychic Terrain|[from] ability: Psychic Surge|[of] p1b: Indeedee\n|move|p1a: Roaring Moon|Acrobatics|p2a: Ursaluna\n|-damage|p2a: Ursaluna|0 fnt\n|faint|p2a: Ursaluna\n|move|p2b: Flutter Mane|Dazzling Gleam|p1b: Indeedee|[spread] p1a,p1b\n|-damage|p1a: Roaring Moon|0 fnt\n|-damage|p1b: Indeedee|75\/100\n|faint|p1a: Roaring Moon\n|-end|p1a: Roaring Moon|Protosynthesis|[silent]\n|\n|upkeep\n|\n|t:|1699761093\n|switch|p1a: Ogerpon|Ogerpon-Wellspring, L50, F|21\/100\n|turn|8\n|\n|t:|1699761102\n|move|p1a: Ogerpon|Spiky Shield|p1a: Ogerpon\n|-singleturn|p1a: Ogerpon|move: Protect\n|move|p2b: Flutter Mane|Dazzling Gleam|p1b: Indeedee|[spread] p1b\n|-activate|p1a: Ogerpon|move: Protect\n|-damage|p1b: Indeedee|47\/100\n|move|p1b: Indeedee|Trick Room|p1b: Indeedee\n|-fieldstart|move: Trick Room|[of] p1b: Indeedee\n|\n|upkeep\n|turn|9\n|\n|t:|1699761118\n|move|p1b: Indeedee|Helping Hand|p1a: Ogerpon\n|-singleturn|p1a: Ogerpon|Helping Hand|[of] p1b: Indeedee\n|move|p2b: Flutter Mane|Protect|p2b: Flutter Mane\n|-singleturn|p2b: Flutter Mane|Protect\n|move|p1a: Ogerpon|Horn Leech|p2b: Flutter Mane\n|-activate|p2b: Flutter Mane|move: Protect\n|\n|upkeep\n|turn|10\n|\n|t:|1699761124\n|move|p1b: Indeedee|Helping Hand|p1a: Ogerpon\n|-singleturn|p1a: Ogerpon|Helping Hand|[of] p1b: Indeedee\n|move|p1a: Ogerpon|Horn Leech|p2b: Flutter Mane\n|-damage|p2b: Flutter Mane|0 fnt\n|-heal|p1a: Ogerpon|57\/100|[from] drain|[of] p2b: Flutter Mane\n|faint|p2b: Flutter Mane\n|-end|p2b: Flutter Mane|Protosynthesis|[silent]\n|\n|win|eeqwer\n|raw|eeqwer's rating: 1369 &rarr; <strong>1383<\/strong><br \/>(+14 for winning)\n|raw|InfectedWolf1170's rating: 1259 &rarr; <strong>1242<\/strong><br \/>(-17 for losing)\n|l|\u2606InfectedWolf1170\n","uploadtime":1699761132,"views":9,"p1id":"eeqwer","p2id":"infectedwolf1170","formatid":"gen9vgc2023regulatione","rating":1242,"private":0,"password":""}