{"id":"gen9vgc2023regulatione-2000222593","p1":"prophetblack","p2":"AxTheb","format":"[Gen 9] VGC 2023 Regulation E","log":"|j|\u2606prophetblack\n|j|\u2606AxTheb\n|t:|1701174180\n|gametype|doubles\n|player|p1|prophetblack|hilda|1240\n|player|p2|AxTheb|169|1205\n|teamsize|p1|6\n|teamsize|p2|6\n|gen|9\n|tier|[Gen 9] VGC 2023 Regulation E\n|rated|\n|rule|Species Clause: Limit one of each Pok\u00e9mon\n|rule|Item Clause: Limit one of each item\n|clearpoke\n|poke|p1|Rillaboom, L50, F|\n|poke|p1|Urshifu-*, L50, M|\n|poke|p1|Heatran, L50, F|\n|poke|p1|Landorus-Therian, L50, M|\n|poke|p1|Roaring Moon, L50|\n|poke|p1|Weezing, L50, F|\n|poke|p2|Roaring Moon, L50|\n|poke|p2|Weezing, L50, M|\n|poke|p2|Flutter Mane, L50|\n|poke|p2|Ogerpon-Hearthflame, L50, F|\n|poke|p2|Rillaboom, L50, M|\n|poke|p2|Urshifu-*, L50, M|\n|teampreview|4\n|inactive|Battle timer is ON: inactive players will automatically lose when time's up. (requested by prophetblack)\n|inactive|prophetblack has 60 seconds left.\n|inactive|AxTheb has 60 seconds left.\n|\n|t:|1701174234\n|start\n|switch|p1a: Rillaboom|Rillaboom, L50, F|100\/100\n|switch|p1b: Landorus|Landorus-Therian, L50, M|100\/100\n|switch|p2a: Roaring Moon|Roaring Moon, L50|100\/100\n|switch|p2b: Weezing|Weezing, L50, M|100\/100\n|-ability|p2b: Weezing|Neutralizing Gas\n|-enditem|p2a: Roaring Moon|Booster Energy\n|-activate|p2a: Roaring Moon|ability: Protosynthesis|[fromitem]\n|-start|p2a: Roaring Moon|protosynthesisspe\n|turn|1\n|inactive|AxTheb has 30 seconds left.\n|\n|t:|1701174268\n|-terastallize|p2a: Roaring Moon|Poison\n|move|p2a: Roaring Moon|Protect|p2a: Roaring Moon\n|-singleturn|p2a: Roaring Moon|Protect\n|move|p1a: Rillaboom|Fake Out|p2b: Weezing\n|-damage|p2b: Weezing|90\/100\n|move|p1b: Landorus|U-turn|p2a: Roaring Moon\n|-activate|p2a: Roaring Moon|move: Protect\n|cant|p2b: Weezing|flinch\n|\n|upkeep\n|turn|2\n|inactive|prophetblack has 30 seconds left.\n|\n|t:|1701174302\n|move|p2a: Roaring Moon|Tailwind|p2a: Roaring Moon\n|-sidestart|p2: AxTheb|move: Tailwind\n|move|p1b: Landorus|U-turn|p2a: Roaring Moon\n|-resisted|p2a: Roaring Moon\n|-damage|p2a: Roaring Moon|89\/100\n|\n|t:|1701174306\n|switch|p1b: Heatran|Heatran, L50, F|100\/100|[from] U-turn\n|move|p2b: Weezing|Will-O-Wisp|p1b: Heatran\n|-immune|p1b: Heatran\n|move|p1a: Rillaboom|U-turn|p2a: Roaring Moon\n|-resisted|p2a: Roaring Moon\n|-damage|p2a: Roaring Moon|78\/100\n|\n|t:|1701174316\n|switch|p1a: Landorus|Landorus-Therian, L50, M|100\/100|[from] U-turn\n|\n|upkeep\n|turn|3\n|\n|t:|1701174335\n|move|p2a: Roaring Moon|Protect|p2a: Roaring Moon\n|-singleturn|p2a: Roaring Moon|Protect\n|move|p1a: Landorus|Stomping Tantrum|p2b: Weezing\n|-supereffective|p2b: Weezing\n|-damage|p2b: Weezing|16\/100\n|-enditem|p2b: Weezing|Sitrus Berry|[eat]\n|-heal|p2b: Weezing|41\/100|[from] item: Sitrus Berry\n|move|p2b: Weezing|Will-O-Wisp|p1a: Landorus\n|-status|p1a: Landorus|brn\n|move|p1b: Heatran|Heat Wave|p2a: Roaring Moon|[spread] p2b\n|-activate|p2a: Roaring Moon|move: Protect\n|-damage|p2b: Weezing|0 fnt\n|faint|p2b: Weezing\n|-end|p2b: Weezing|ability: Neutralizing Gas\n|-ability|p1a: Landorus|Intimidate|boost\n|-unboost|p2a: Roaring Moon|atk|1\n|\n|-damage|p1a: Landorus|94\/100 brn|[from] brn\n|upkeep\n|\n|t:|1701174351\n|switch|p2b: Urshifu|Urshifu-Rapid-Strike, L50, M|100\/100\n|turn|4\n|\n|t:|1701174371\n|-terastallize|p1b: Heatran|Fairy\n|move|p2a: Roaring Moon|Knock Off|p1b: Heatran\n|-resisted|p1b: Heatran\n|-damage|p1b: Heatran|88\/100\n|-enditem|p1b: Heatran|Leftovers|[from] move: Knock Off|[of] p2a: Roaring Moon\n|move|p2b: Urshifu|Surging Strikes|p1b: Heatran\n|-crit|p1b: Heatran\n|-damage|p1b: Heatran|69\/100\n|-crit|p1b: Heatran\n|-damage|p1b: Heatran|47\/100\n|-crit|p1b: Heatran\n|-damage|p1b: Heatran|28\/100\n|-hitcount|p1b: Heatran|3\n|move|p1a: Landorus|Stomping Tantrum|p2a: Roaring Moon\n|-supereffective|p2a: Roaring Moon\n|-damage|p2a: Roaring Moon|38\/100\n|move|p1b: Heatran|Heat Wave|p2b: Urshifu|[spread] p2a,p2b\n|-resisted|p2b: Urshifu\n|-damage|p2a: Roaring Moon|7\/100\n|-damage|p2b: Urshifu|73\/100\n|\n|-damage|p1a: Landorus|88\/100 brn|[from] brn\n|upkeep\n|turn|5\n|inactive|AxTheb has 30 seconds left.\n|inactive|AxTheb has 20 seconds left.\n|\n|t:|1701174408\n|switch|p1a: Rillaboom|Rillaboom, L50, F|100\/100\n|-fieldstart|move: Grassy Terrain|[from] ability: Grassy Surge|[of] p1a: Rillaboom\n|move|p2a: Roaring Moon|Protect|p2a: Roaring Moon\n|-singleturn|p2a: Roaring Moon|Protect\n|move|p1b: Heatran|Protect|p1b: Heatran\n|-singleturn|p1b: Heatran|Protect\n|move|p2b: Urshifu|Aqua Jet|p1b: Heatran\n|-damage|p1b: Heatran|8\/100\n|\n|-heal|p2a: Roaring Moon|13\/100|[from] Grassy Terrain\n|-heal|p2b: Urshifu|80\/100|[from] Grassy Terrain\n|-heal|p1b: Heatran|14\/100|[from] Grassy Terrain\n|-sideend|p2: AxTheb|move: Tailwind\n|upkeep\n|turn|6\n|inactive|AxTheb has 30 seconds left.\n|\n|t:|1701174443\n|move|p2b: Urshifu|Detect|p2b: Urshifu\n|-singleturn|p2b: Urshifu|Protect\n|move|p1a: Rillaboom|Fake Out|p2a: Roaring Moon\n|-damage|p2a: Roaring Moon|0 fnt\n|faint|p2a: Roaring Moon\n|-end|p2a: Roaring Moon|Protosynthesis|[silent]\n|move|p1b: Heatran|Heat Wave|p2b: Urshifu\n|-activate|p2b: Urshifu|move: Protect\n|\n|-heal|p2b: Urshifu|86\/100|[from] Grassy Terrain\n|-heal|p1b: Heatran|20\/100|[from] Grassy Terrain\n|upkeep\n|\n|t:|1701174454\n|switch|p2a: Flutter Mane|Flutter Mane, L50|100\/100\n|turn|7\n|\n|t:|1701174474\n|move|p2a: Flutter Mane|Shadow Ball|p1b: Heatran\n|-damage|p1b: Heatran|0 fnt\n|faint|p1b: Heatran\n|move|p2b: Urshifu|Close Combat|p1a: Rillaboom\n|-crit|p1a: Rillaboom\n|-damage|p1a: Rillaboom|22\/100\n|-unboost|p2b: Urshifu|def|1\n|-unboost|p2b: Urshifu|spd|1\n|move|p1a: Rillaboom|U-turn|p2b: Urshifu\n|-resisted|p2b: Urshifu\n|-damage|p2b: Urshifu|71\/100\n|\n|t:|1701174484\n|switch|p1a: Landorus|Landorus-Therian, L50, M|88\/100 brn|[from] U-turn\n|-ability|p1a: Landorus|Intimidate|boost\n|-unboost|p2a: Flutter Mane|atk|1\n|-unboost|p2b: Urshifu|atk|1\n|\n|-heal|p2b: Urshifu|78\/100|[from] Grassy Terrain\n|-damage|p1a: Landorus|82\/100 brn|[from] brn\n|upkeep\n|\n|t:|1701174492\n|switch|p1b: Rillaboom|Rillaboom, L50, F|22\/100\n|turn|8\n|\n|t:|1701174513\n|move|p2b: Urshifu|Detect|p2b: Urshifu\n|-singleturn|p2b: Urshifu|Protect\n|move|p1b: Rillaboom|Fake Out|p2b: Urshifu\n|-activate|p2b: Urshifu|move: Protect\n|move|p1a: Landorus|U-turn|p2a: Flutter Mane\n|-resisted|p2a: Flutter Mane\n|-damage|p2a: Flutter Mane|96\/100\n|\n|t:|1701174520\n|switch|p1a: Urshifu|Urshifu-Rapid-Strike, L50, M|100\/100|[from] U-turn\n|move|p2a: Flutter Mane|Shadow Ball|p1b: Rillaboom\n|-damage|p1b: Rillaboom|0 fnt\n|faint|p1b: Rillaboom\n|\n|-heal|p2a: Flutter Mane|100\/100|[from] Grassy Terrain\n|-heal|p2b: Urshifu|84\/100|[from] Grassy Terrain\n|upkeep\n|\n|t:|1701174529\n|switch|p1b: Landorus|Landorus-Therian, L50, M|82\/100 brn\n|-ability|p1b: Landorus|Intimidate|boost\n|-unboost|p2a: Flutter Mane|atk|1\n|-unboost|p2b: Urshifu|atk|1\n|turn|9\n|\n|t:|1701174541\n|move|p1b: Landorus|Rock Slide|p2b: Urshifu|[spread] p2b\n|-miss|p1b: Landorus|p2a: Flutter Mane\n|-resisted|p2b: Urshifu\n|-damage|p2b: Urshifu|77\/100\n|move|p2a: Flutter Mane|Shadow Ball|p1b: Landorus\n|-damage|p1b: Landorus|12\/100 brn\n|move|p1a: Urshifu|Surging Strikes|p2a: Flutter Mane\n|-crit|p2a: Flutter Mane\n|-damage|p2a: Flutter Mane|64\/100\n|-crit|p2a: Flutter Mane\n|-damage|p2a: Flutter Mane|23\/100\n|-crit|p2a: Flutter Mane\n|-damage|p2a: Flutter Mane|0 fnt\n|faint|p2a: Flutter Mane\n|-end|p2a: Flutter Mane|Protosynthesis|[silent]\n|-hitcount|p2: Flutter Mane|3\n|cant|p2b: Urshifu|flinch\n|\n|-heal|p2b: Urshifu|83\/100|[from] Grassy Terrain\n|-damage|p1b: Landorus|6\/100 brn|[from] brn\n|-fieldend|move: Grassy Terrain\n|upkeep\n|turn|10\n|\n|t:|1701174563\n|move|p1b: Landorus|Rock Slide|p2b: Urshifu\n|-resisted|p2b: Urshifu\n|-damage|p2b: Urshifu|73\/100\n|move|p1a: Urshifu|Surging Strikes|p2b: Urshifu\n|-resisted|p2b: Urshifu\n|-crit|p2b: Urshifu\n|-damage|p2b: Urshifu|56\/100\n|-resisted|p2b: Urshifu\n|-crit|p2b: Urshifu\n|-damage|p2b: Urshifu|40\/100\n|-resisted|p2b: Urshifu\n|-crit|p2b: Urshifu\n|-damage|p2b: Urshifu|24\/100\n|-hitcount|p2b: Urshifu|3\n|cant|p2b: Urshifu|flinch\n|\n|-damage|p1b: Landorus|0 fnt|[from] brn\n|faint|p1b: Landorus\n|upkeep\n|turn|11\n|-message|AxTheb forfeited.\n|\n|win|prophetblack\n|raw|prophetblack's rating: 1240 &rarr; <strong>1262<\/strong><br \/>(+22 for winning)\n|raw|AxTheb's rating: 1205 &rarr; <strong>1183<\/strong><br \/>(-22 for losing)\n|l|\u2606AxTheb\n","uploadtime":1701174589,"views":9,"p1id":"prophetblack","p2id":"axtheb","formatid":"gen9vgc2023regulatione","rating":1183,"private":0,"password":""}