{"id":"gen9vgc2023regulatione-1996695353","p1":"bananas4breakfast","p2":"AceofJades39","format":"[Gen 9] VGC 2023 Regulation E","log":"|j|\u2606bananas4breakfast\n|j|\u2606AceofJades39\n|t:|1700710811\n|gametype|doubles\n|player|p1|bananas4breakfast|backersf|1268\n|player|p2|AceofJades39|acetrainerf-gen4dp|1329\n|teamsize|p1|6\n|teamsize|p2|6\n|gen|9\n|tier|[Gen 9] VGC 2023 Regulation E\n|rated|\n|rule|Species Clause: Limit one of each Pok\u00e9mon\n|rule|Item Clause: Limit one of each item\n|clearpoke\n|poke|p1|Tornadus, L50, M|\n|poke|p1|Roaring Moon, L50|\n|poke|p1|Heatran, L50, M|\n|poke|p1|Ogerpon-Wellspring, L50, F|\n|poke|p1|Flutter Mane, L50|\n|poke|p1|Landorus-Therian, L50, M|\n|poke|p2|Weezing, L50, F|\n|poke|p2|Slaking, L50, F|\n|poke|p2|Landorus-Therian, L50, M|\n|poke|p2|Toedscruel, L50, F|\n|poke|p2|Iron Hands, L50|\n|poke|p2|Ninetales-Alola, L50, M|\n|teampreview|4\n|\n|t:|1700710851\n|start\n|switch|p1a: Heatran|Heatran, L50, M|100\/100\n|switch|p1b: Tornadus|Tornadus, L50, M|100\/100\n|switch|p2a: Strife|Weezing, L50, F, shiny|100\/100\n|switch|p2b: Mushroom Man|Toedscruel, L50, F|100\/100\n|-ability|p2a: Strife|Neutralizing Gas\n|turn|1\n|\n|t:|1700710869\n|move|p2a: Strife|Protect|p2a: Strife\n|-singleturn|p2a: Strife|Protect\n|move|p2b: Mushroom Man|Spore|p1a: Heatran\n|-status|p1a: Heatran|slp|[from] move: Spore\n|move|p1b: Tornadus|Bleakwind Storm|p2a: Strife|[spread] p2b\n|-activate|p2a: Strife|move: Protect\n|-supereffective|p2b: Mushroom Man\n|-damage|p2b: Mushroom Man|38\/100\n|cant|p1a: Heatran|slp\n|\n|upkeep\n|turn|2\n|\n|t:|1700710889\n|switch|p1b: Ogerpon|Ogerpon-Wellspring, L50, F|100\/100\n|move|p2b: Mushroom Man|Earth Power|p1a: Heatran\n|-supereffective|p1a: Heatran\n|-damage|p1a: Heatran|0 fnt\n|faint|p1a: Heatran\n|move|p2a: Strife|Sludge Bomb|p1b: Ogerpon\n|-supereffective|p1b: Ogerpon\n|-damage|p1b: Ogerpon|49\/100\n|\n|upkeep\n|\n|t:|1700710896\n|switch|p1a: Landorus|Landorus-Therian, L50, M|100\/100\n|turn|3\n|\n|t:|1700710907\n|move|p1b: Ogerpon|Follow Me|p1b: Ogerpon\n|-singleturn|p1b: Ogerpon|move: Follow Me\n|move|p1a: Landorus|Stomping Tantrum|p2a: Strife\n|-supereffective|p2a: Strife\n|-damage|p2a: Strife|30\/100\n|move|p2b: Mushroom Man|Spore|p1b: Ogerpon\n|-immune|p1b: Ogerpon\n|move|p2a: Strife|Sludge Bomb|p1b: Ogerpon\n|-supereffective|p1b: Ogerpon\n|-damage|p1b: Ogerpon|0 fnt\n|faint|p1b: Ogerpon\n|\n|-heal|p2a: Strife|35\/100|[from] item: Leftovers\n|upkeep\n|\n|t:|1700710915\n|switch|p1b: Tornadus|Tornadus, L50, M|100\/100\n|turn|4\n|\n|t:|1700710930\n|move|p2a: Strife|Protect|p2a: Strife\n|-singleturn|p2a: Strife|Protect\n|move|p1a: Landorus|Stomping Tantrum|p2b: Mushroom Man\n|-resisted|p2b: Mushroom Man\n|-damage|p2b: Mushroom Man|17\/100\n|-damage|p1a: Landorus|84\/100|[from] item: Rocky Helmet|[of] p2b: Mushroom Man\n|move|p2b: Mushroom Man|Spore|p1a: Landorus\n|-status|p1a: Landorus|slp|[from] move: Spore\n|move|p1b: Tornadus|Bleakwind Storm|p2a: Strife|[spread] \n|-activate|p2a: Strife|move: Protect\n|-miss|p1b: Tornadus|p2b: Mushroom Man\n|\n|-heal|p2a: Strife|41\/100|[from] item: Leftovers\n|upkeep\n|turn|5\n|\n|t:|1700710949\n|move|p1b: Tornadus|Protect|p1b: Tornadus\n|-singleturn|p1b: Tornadus|Protect\n|move|p2b: Mushroom Man|Rage Powder|p2b: Mushroom Man\n|-singleturn|p2b: Mushroom Man|move: Rage Powder\n|cant|p1a: Landorus|slp\n|move|p2a: Strife|Sludge Bomb|p1b: Tornadus\n|-activate|p1b: Tornadus|move: Protect\n|\n|-heal|p2a: Strife|47\/100|[from] item: Leftovers\n|upkeep\n|turn|6\n|\n|t:|1700710969\n|cant|p1a: Landorus|slp\n|move|p2b: Mushroom Man|Leaf Storm|p1a: Landorus\n|-damage|p1a: Landorus|36\/100 slp\n|-unboost|p2b: Mushroom Man|spa|2\n|move|p1b: Tornadus|Bleakwind Storm|p2a: Strife|[spread] p2a,p2b\n|-supereffective|p2b: Mushroom Man\n|-damage|p2a: Strife|17\/100\n|-damage|p2b: Mushroom Man|0 fnt\n|-unboost|p2a: Strife|spe|1\n|faint|p2b: Mushroom Man\n|move|p2a: Strife|Sludge Bomb|p1b: Tornadus\n|-damage|p1b: Tornadus|68\/100\n|\n|-heal|p2a: Strife|23\/100|[from] item: Leftovers\n|upkeep\n|\n|t:|1700710984\n|switch|p2b: Hugo|Iron Hands, L50|100\/100\n|turn|7\n|\n|t:|1700710996\n|move|p2a: Strife|Protect|p2a: Strife\n|-singleturn|p2a: Strife|Protect\n|move|p2b: Hugo|Fake Out|p1a: Landorus\n|-damage|p1a: Landorus|21\/100 slp\n|cant|p1a: Landorus|slp\n|move|p1b: Tornadus|Bleakwind Storm|p2b: Hugo|[spread] \n|-activate|p2a: Strife|move: Protect\n|-miss|p1b: Tornadus|p2b: Hugo\n|\n|-heal|p2a: Strife|29\/100|[from] item: Leftovers\n|upkeep\n|turn|8\n|\n|t:|1700711012\n|-curestatus|p1a: Landorus|slp|[msg]\n|move|p1a: Landorus|Stomping Tantrum|p2b: Hugo\n|-supereffective|p2b: Hugo\n|-damage|p2b: Hugo|0 fnt\n|faint|p2b: Hugo\n|-end|p2b: Hugo|Quark Drive|[silent]\n|move|p1b: Tornadus|Bleakwind Storm|p2a: Strife\n|-damage|p2a: Strife|0 fnt\n|faint|p2a: Strife\n|-end|p2a: Strife|ability: Neutralizing Gas\n|\n|upkeep\n|\n|t:|1700711020\n|switch|p2b: Harpsichord|Landorus-Therian, L50, M|100\/100\n|-ability|p2b: Harpsichord|Intimidate|boost\n|-unboost|p1a: Landorus|atk|1\n|-unboost|p1b: Tornadus|atk|1\n|turn|9\n|\n|t:|1700711031\n|move|p2b: Harpsichord|Rock Slide|p1b: Tornadus|[spread] p1a\n|-miss|p2b: Harpsichord|p1b: Tornadus\n|-damage|p1a: Landorus|0 fnt\n|faint|p1a: Landorus\n|move|p1b: Tornadus|Bleakwind Storm|p2b: Harpsichord\n|-damage|p2b: Harpsichord|46\/100\n|\n|upkeep\n|turn|10\n|\n|t:|1700711042\n|-terastallize|p1b: Tornadus|Ghost\n|move|p2b: Harpsichord|Rock Slide|p1b: Tornadus\n|-damage|p1b: Tornadus|37\/100\n|cant|p1b: Tornadus|flinch\n|\n|upkeep\n|turn|11\n|\n|t:|1700711048\n|move|p2b: Harpsichord|Rock Slide|p1b: Tornadus\n|-damage|p1b: Tornadus|9\/100\n|cant|p1b: Tornadus|flinch\n|\n|upkeep\n|turn|12\n|\n|t:|1700711053\n|move|p1b: Tornadus|Protect|p1b: Tornadus\n|-singleturn|p1b: Tornadus|Protect\n|move|p2b: Harpsichord|Rock Slide|p1b: Tornadus\n|-activate|p1b: Tornadus|move: Protect\n|\n|upkeep\n|turn|13\n|\n|t:|1700711058\n|move|p2b: Harpsichord|Rock Slide|p1b: Tornadus\n|-damage|p1b: Tornadus|0 fnt\n|faint|p1b: Tornadus\n|\n|win|AceofJades39\n|raw|bananas4breakfast's rating: 1268 &rarr; <strong>1247<\/strong><br \/>(-21 for losing)\n|raw|AceofJades39's rating: 1329 &rarr; <strong>1346<\/strong><br \/>(+17 for winning)\n|l|\u2606bananas4breakfast\n","uploadtime":1700711065,"views":3,"p1id":"bananas4breakfast","p2id":"aceofjades39","formatid":"gen9vgc2023regulatione","rating":1247,"private":0,"password":""}