{"id":"gen9vgc2023regulatione-1991903784","p1":"EllAkuro","p2":"vberrocal","format":"[Gen 9] VGC 2023 Regulation E","log":"|j|\u2606EllAkuro\n|j|\u2606vberrocal\n|t:|1700136128\n|gametype|doubles\n|player|p1|EllAkuro|266|1400\n|player|p2|vberrocal|2|1370\n|teamsize|p1|6\n|teamsize|p2|6\n|gen|9\n|tier|[Gen 9] VGC 2023 Regulation E\n|rated|\n|rule|Species Clause: Limit one of each Pok\u00e9mon\n|rule|Item Clause: Limit one of each item\n|clearpoke\n|poke|p1|Moltres-Galar, L50|\n|poke|p1|Mimikyu, L50, M|\n|poke|p1|Farigiraf, L50, F|\n|poke|p1|Kingambit, L50, F|\n|poke|p1|Iron Hands, L50|\n|poke|p1|Ogerpon-Cornerstone, L50, F|\n|poke|p2|Tornadus, L50, M|\n|poke|p2|Arcanine-Hisui, L50, F|\n|poke|p2|Gholdengo, L50|\n|poke|p2|Iron Hands, L50|\n|poke|p2|Urshifu-*, L50, M|\n|poke|p2|Ogerpon-Wellspring, L50, F|\n|teampreview|4\n|\n|t:|1700136176\n|start\n|switch|p1a: Farigiraf|Farigiraf, L50, F|100\/100\n|switch|p1b: Ogerpon|Ogerpon-Cornerstone, L50, F|100\/100\n|switch|p2a: Tornadus|Tornadus, L50, M|100\/100\n|switch|p2b: Iron Hands|Iron Hands, L50|100\/100\n|turn|1\n|inactive|Battle timer is ON: inactive players will automatically lose when time's up. (requested by vberrocal)\n|\n|t:|1700136208\n|move|p2b: Iron Hands|Fake Out||[still]\n|cant|p1a: Farigiraf|ability: Armor Tail|Fake Out|[of] p2b: Iron Hands\n|move|p2a: Tornadus|Tailwind|p2a: Tornadus\n|-sidestart|p2: vberrocal|move: Tailwind\n|move|p1b: Ogerpon|Ivy Cudgel|p2a: Tornadus|[anim] Ivy Cudgel Rock\n|-supereffective|p2a: Tornadus\n|-damage|p2a: Tornadus|0 fnt\n|faint|p2a: Tornadus\n|move|p1a: Farigiraf|Trick Room|p1a: Farigiraf\n|-fieldstart|move: Trick Room|[of] p1a: Farigiraf\n|\n|upkeep\n|\n|t:|1700136222\n|switch|p2a: Gholdengo|Gholdengo, L50|100\/100\n|turn|2\n|\n|t:|1700136235\n|move|p1a: Farigiraf|Psyshock|p2b: Iron Hands\n|-supereffective|p2b: Iron Hands\n|-damage|p2b: Iron Hands|58\/100\n|move|p1b: Ogerpon|Horn Leech|p2b: Iron Hands\n|-damage|p2b: Iron Hands|28\/100\n|move|p2b: Iron Hands|Heavy Slam|p1b: Ogerpon\n|-supereffective|p1b: Ogerpon\n|-damage|p1b: Ogerpon|3\/100\n|move|p2a: Gholdengo|Nasty Plot|p2a: Gholdengo\n|-boost|p2a: Gholdengo|spa|2\n|\n|upkeep\n|turn|3\n|\n|t:|1700136253\n|-terastallize|p2a: Gholdengo|Dragon\n|move|p1b: Ogerpon|Spiky Shield|p1b: Ogerpon\n|-singleturn|p1b: Ogerpon|move: Protect\n|move|p1a: Farigiraf|Psyshock|p2b: Iron Hands\n|-supereffective|p2b: Iron Hands\n|-damage|p2b: Iron Hands|0 fnt\n|faint|p2b: Iron Hands\n|-end|p2b: Iron Hands|Quark Drive|[silent]\n|move|p2a: Gholdengo|Make It Rain|p1b: Ogerpon|[spread] p1a\n|-activate|p1b: Ogerpon|move: Protect\n|-damage|p1a: Farigiraf|44\/100\n|-unboost|p2a: Gholdengo|spa|1\n|\n|upkeep\n|\n|t:|1700136267\n|switch|p2b: Arcanine|Arcanine-Hisui, L50, F|100\/100\n|-ability|p2b: Arcanine|Intimidate|boost\n|-unboost|p1a: Farigiraf|atk|1\n|-unboost|p1b: Ogerpon|atk|1\n|turn|4\n|\n|t:|1700136281\n|move|p2b: Arcanine|Extreme Speed||[still]\n|cant|p1a: Farigiraf|ability: Armor Tail|Extreme Speed|[of] p2b: Arcanine\n|move|p1a: Farigiraf|Dazzling Gleam|p2b: Arcanine|[spread] p2a,p2b\n|-supereffective|p2a: Gholdengo\n|-resisted|p2b: Arcanine\n|-damage|p2a: Gholdengo|71\/100\n|-damage|p2b: Arcanine|91\/100\n|move|p1b: Ogerpon|Ivy Cudgel|p2b: Arcanine|[anim] Ivy Cudgel Rock\n|-supereffective|p2b: Arcanine\n|-damage|p2b: Arcanine|0 fnt\n|faint|p2b: Arcanine\n|move|p2a: Gholdengo|Nasty Plot|p2a: Gholdengo\n|-boost|p2a: Gholdengo|spa|2\n|\n|-heal|p2a: Gholdengo|78\/100|[from] item: Leftovers\n|-sideend|p2: vberrocal|move: Tailwind\n|upkeep\n|turn|5\n|\n|t:|1700136299\n|move|p2a: Gholdengo|Protect|p2a: Gholdengo\n|-singleturn|p2a: Gholdengo|Protect\n|move|p1a: Farigiraf|Dazzling Gleam|p2a: Gholdengo\n|-activate|p2a: Gholdengo|move: Protect\n|move|p1b: Ogerpon|Ivy Cudgel|p2a: Gholdengo|[anim] Ivy Cudgel Rock\n|-activate|p2a: Gholdengo|move: Protect\n|\n|-heal|p2a: Gholdengo|84\/100|[from] item: Leftovers\n|-fieldend|move: Trick Room\n|upkeep\n|turn|6\n|\n|t:|1700136309\n|move|p1b: Ogerpon|Ivy Cudgel|p2a: Gholdengo|[anim] Ivy Cudgel Rock\n|-damage|p2a: Gholdengo|47\/100\n|move|p2a: Gholdengo|Make It Rain|p1a: Farigiraf|[spread] p1a,p1b\n|-supereffective|p1b: Ogerpon\n|-damage|p1a: Farigiraf|0 fnt\n|-damage|p1b: Ogerpon|0 fnt\n|-unboost|p2a: Gholdengo|spa|1\n|faint|p1a: Farigiraf\n|faint|p1b: Ogerpon\n|\n|-heal|p2a: Gholdengo|53\/100|[from] item: Leftovers\n|upkeep\n|\n|t:|1700136314\n|switch|p1b: Iron Hands|Iron Hands, L50|100\/100\n|switch|p1a: Kingambit|Kingambit, L50, F|100\/100\n|turn|7\n|\n|t:|1700136323\n|move|p1b: Iron Hands|Fake Out|p2a: Gholdengo\n|-damage|p2a: Gholdengo|39\/100\n|cant|p2a: Gholdengo|flinch\n|move|p1a: Kingambit|Swords Dance|p1a: Kingambit\n|-boost|p1a: Kingambit|atk|2\n|\n|-heal|p2a: Gholdengo|45\/100|[from] item: Leftovers\n|upkeep\n|turn|8\n|\n|t:|1700136334\n|-terastallize|p1a: Kingambit|Dark\n|move|p1a: Kingambit|Sucker Punch|p2a: Gholdengo\n|-damage|p2a: Gholdengo|0 fnt\n|faint|p2a: Gholdengo\n|\n|win|EllAkuro\n|raw|EllAkuro's rating: 1400 &rarr; <strong>1418<\/strong><br \/>(+18 for winning)\n|raw|vberrocal's rating: 1370 &rarr; <strong>1352<\/strong><br \/>(-18 for losing)\n|l|\u2606vberrocal\n","uploadtime":1700136401,"views":18,"p1id":"ellakuro","p2id":"vberrocal","formatid":"gen9vgc2023regulatione","rating":1352,"private":0,"password":""}