{"id":"gen9vgc2023regulatione-1995075386","p1":"wolfenite","p2":"KitchenIsInFlames","format":"[Gen 9] VGC 2023 Regulation E","log":"|j|\u2606wolfenite\n|j|\u2606KitchenIsInFlames\n|n|\u2606wolfenite|wolfenite\n|n|\u2606KitchenIsInFlames|kitchenisinflames\n|html|View the match progress at <a href=\"\/game-bestof3-gen9vgc2023regulatione-1995072931\">game-bestof3-gen9vgc2023regulatione-1995072931<\/a>\n|t:|1700519847\n|gametype|doubles\n|player|p1|wolfenite|pokemonranger-gen4|\n|player|p2|KitchenIsInFlames|blue|\n|teamsize|p1|6\n|teamsize|p2|6\n|gen|9\n|tier|[Gen 9] VGC 2023 Regulation E\n|rated|Tournament battle\n|rule|Species Clause: Limit one of each Pok\u00e9mon\n|rule|Item Clause: Limit one of each item\n|clearpoke\n|poke|p1|Ogerpon, L50, F|\n|poke|p1|Garchomp, L50, M|\n|poke|p1|Rotom-Wash, L50|\n|poke|p1|Chien-Pao, L50|\n|poke|p1|Orthworm, L50, F|\n|poke|p1|Chandelure, L50, M|\n|poke|p2|Landorus-Therian, L50, M|\n|poke|p2|Flutter Mane, L50|\n|poke|p2|Heatran, L50, M|\n|poke|p2|Iron Hands, L50|\n|poke|p2|Amoonguss, L50, M|\n|poke|p2|Tornadus, L50, M|\n|teampreview|4\n|showteam|p1|Ogerpon||ChoiceBand|Defiant|IvyCudgel,Uturn,BrickBreak,StompingTantrum|||F|||50|,,,,,Grass]Garchomp||ClearAmulet|RoughSkin|Earthquake,RockSlide,ScaleShot,Protect|||M|||50|,,,,,Water]Rotom-Wash||SitrusBerry|Levitate|Protect,Thunderbolt,WillOWisp,HydroPump||||||50|,,,,,Fire]Chien-Pao||FocusSash|SwordofRuin|Protect,SuckerPunch,SacredSword,IceSpinner||||||50|,,,,,Poison]Orthworm||Leftovers|EarthEater|Bulldoze,IronHead,BodyPress,IronDefense|||F|||50|,,,,,Fire]Chandelure||WikiBerry|FlashFire|HeatWave,TrickRoom,ShadowBall,EnergyBall|||M|||50|,,,,,Grass\n|showteam|p2|Landorus-Therian||ChoiceScarf|Intimidate|StompingTantrum,TeraBlast,Uturn,RockSlide|||M|||50|,,,,,Flying]Flutter Mane||ChoiceSpecs|Protosynthesis|Moonblast,DazzlingGleam,ShadowBall,PerishSong||||||50|,,,,,Fairy]Heatran||LifeOrb|FlashFire|HeatWave,EarthPower,FlashCannon,Protect|||M|||50|,,,,,Fairy]Iron Hands||AssaultVest|QuarkDrive|FakeOut,DrainPunch,WildCharge,HeavySlam||||||50|,,,,,Grass]Amoonguss||RockyHelmet|Regenerator|Spore,RagePowder,PollenPuff,Protect|||M|||50|,,,,,Water]Tornadus||CovertCloak|Prankster|IcyWind,Tailwind,SunnyDay,BleakwindStorm|||M|||50|,,,,,Ghost\n|inactive|Battle timer is ON: inactive players will automatically lose when time's up. (requested by wolfenite)\n|\n|t:|1700519877\n|start\n|switch|p1a: Ogerpon|Ogerpon, L50, F|100\/100\n|switch|p1b: Chien-Pao|Chien-Pao, L50|100\/100\n|switch|p2a: Iron Hands|Iron Hands, L50|100\/100\n|switch|p2b: Flutter Mane|Flutter Mane, L50|100\/100\n|-ability|p1b: Chien-Pao|Sword of Ruin\n|turn|1\n|j| randomuser0000\n|j| lukankuro\n|inactive|KitchenIsInFlames has 30 seconds left.\n|inactive|KitchenIsInFlames has 20 seconds left.\n|\n|t:|1700519915\n|-terastallize|p1a: Ogerpon|Grass\n|detailschange|p1a: Ogerpon|Ogerpon-Teal-Tera, L50, F, tera:Grass\n|-ability|p1a: Ogerpon|Embody Aspect (Teal)|boost\n|-boost|p1a: Ogerpon|spe|1\n|move|p2a: Iron Hands|Fake Out|p1b: Chien-Pao\n|-damage|p1b: Chien-Pao|79\/100\n|move|p1a: Ogerpon|Ivy Cudgel|p2b: Flutter Mane\n|-damage|p2b: Flutter Mane|0 fnt\n|faint|p2b: Flutter Mane\n|-end|p2b: Flutter Mane|Protosynthesis|[silent]\n|cant|p1b: Chien-Pao|flinch\n|\n|upkeep\n|\n|t:|1700519924\n|switch|p2b: Heatran|Heatran, L50, M|100\/100\n|turn|2\n|inactive|KitchenIsInFlames has 30 seconds left.\n|\n|t:|1700519955\n|-end|p2a: Iron Hands|Quark Drive|[silent]\n|switch|p2a: Amoonguss|Amoonguss, L50, M|100\/100\n|-terastallize|p2b: Heatran|Fairy\n|move|p1a: Ogerpon|Ivy Cudgel|p2a: Amoonguss\n|-resisted|p2a: Amoonguss\n|-damage|p2a: Amoonguss|72\/100\n|move|p1b: Chien-Pao|Ice Spinner|p2a: Amoonguss\n|-supereffective|p2a: Amoonguss\n|-damage|p2a: Amoonguss|0 fnt\n|-damage|p1b: Chien-Pao|62\/100|[from] item: Rocky Helmet|[of] p2a: Amoonguss\n|faint|p2a: Amoonguss\n|move|p2b: Heatran|Heat Wave|p1a: Ogerpon|[spread] p1a,p1b\n|-supereffective|p1a: Ogerpon\n|-supereffective|p1b: Chien-Pao\n|-damage|p1a: Ogerpon|0 fnt\n|-damage|p1b: Chien-Pao|0 fnt\n|faint|p1a: Ogerpon\n|faint|p1b: Chien-Pao\n|-damage|p2b: Heatran|91\/100|[from] item: Life Orb\n|\n|upkeep\n|\n|t:|1700519978\n|switch|p1b: Orthworm|Orthworm, L50, F|100\/100\n|switch|p1a: Rotom|Rotom-Wash, L50|100\/100\n|switch|p2a: Iron Hands|Iron Hands, L50|100\/100\n|turn|3\n|j| tovar_pk\n|inactive|KitchenIsInFlames has 30 seconds left.\n|\n|t:|1700520007\n|move|p2a: Iron Hands|Fake Out|p1a: Rotom\n|-damage|p1a: Rotom|87\/100\n|cant|p1a: Rotom|flinch\n|move|p2b: Heatran|Heat Wave|p1b: Orthworm|[spread] p1b\n|-miss|p2b: Heatran|p1a: Rotom\n|-supereffective|p1b: Orthworm\n|-damage|p1b: Orthworm|0 fnt\n|faint|p1b: Orthworm\n|-damage|p2b: Heatran|81\/100|[from] item: Life Orb\n|\n|upkeep\n|turn|4\n|\n|t:|1700520031\n|move|p1a: Rotom|Will-O-Wisp|p2a: Iron Hands\n|-status|p2a: Iron Hands|brn\n|move|p2b: Heatran|Flash Cannon|p1a: Rotom\n|-resisted|p1a: Rotom\n|-damage|p1a: Rotom|75\/100\n|-damage|p2b: Heatran|72\/100|[from] item: Life Orb\n|move|p2a: Iron Hands|Wild Charge|p1a: Rotom\n|-damage|p1a: Rotom|52\/100\n|-damage|p2a: Iron Hands|97\/100 brn|[from] Recoil\n|\n|-damage|p2a: Iron Hands|91\/100 brn|[from] brn\n|upkeep\n|turn|5\n|\n|t:|1700520050\n|move|p1a: Rotom|Hydro Pump|p2b: Heatran\n|-damage|p2b: Heatran|35\/100\n|move|p2b: Heatran|Heat Wave|p1a: Rotom\n|-resisted|p1a: Rotom\n|-damage|p1a: Rotom|20\/100\n|-enditem|p1a: Rotom|Sitrus Berry|[eat]\n|-heal|p1a: Rotom|45\/100|[from] item: Sitrus Berry\n|-damage|p2b: Heatran|25\/100|[from] item: Life Orb\n|move|p2a: Iron Hands|Wild Charge|p1a: Rotom\n|-damage|p1a: Rotom|22\/100\n|-damage|p2a: Iron Hands|87\/100 brn|[from] Recoil\n|\n|-damage|p2a: Iron Hands|81\/100 brn|[from] brn\n|upkeep\n|turn|6\n|\n|t:|1700520059\n|move|p1a: Rotom|Protect|p1a: Rotom\n|-singleturn|p1a: Rotom|Protect\n|move|p2b: Heatran|Protect|p2b: Heatran\n|-singleturn|p2b: Heatran|Protect\n|move|p2a: Iron Hands|Wild Charge|p1a: Rotom\n|-activate|p1a: Rotom|move: Protect\n|\n|-damage|p2a: Iron Hands|75\/100 brn|[from] brn\n|upkeep\n|turn|7\n|l| randomuser0000\n|\n|t:|1700520075\n|move|p1a: Rotom|Hydro Pump|p2b: Heatran|[miss]\n|-miss|p1a: Rotom|p2b: Heatran\n|move|p2b: Heatran|Heat Wave|p1a: Rotom|[miss]\n|-miss|p2b: Heatran|p1a: Rotom\n|move|p2a: Iron Hands|Wild Charge|p1a: Rotom\n|-damage|p1a: Rotom|1\/100\n|-damage|p2a: Iron Hands|71\/100 brn|[from] Recoil\n|\n|-damage|p2a: Iron Hands|65\/100 brn|[from] brn\n|upkeep\n|turn|8\n|\n|t:|1700520094\n|move|p1a: Rotom|Hydro Pump|p2b: Heatran\n|-crit|p2b: Heatran\n|-damage|p2b: Heatran|0 fnt\n|faint|p2b: Heatran\n|move|p2a: Iron Hands|Drain Punch|p1a: Rotom\n|-damage|p1a: Rotom|0 fnt\n|-heal|p2a: Iron Hands|66\/100 brn|[from] drain|[of] p1a: Rotom\n|faint|p1a: Rotom\n|\n|win|KitchenIsInFlames\n","uploadtime":1700520114,"views":1,"p1id":"wolfenite","p2id":"kitchenisinflames","formatid":"gen9vgc2023regulatione","rating":0,"private":0,"password":""}