{"id":"gen9vgc2023regulatione-1995512563","p1":"Astr0Striden","p2":"Sir 252","format":"[Gen 9] VGC 2023 Regulation E","log":"|j|\u2606Astr0Striden\n|j|\u2606Sir 252\n|t:|1700578625\n|gametype|doubles\n|player|p1|Astr0Striden|102|1136\n|player|p2|Sir 252|giovanni|1183\n|teamsize|p1|6\n|teamsize|p2|6\n|gen|9\n|tier|[Gen 9] VGC 2023 Regulation E\n|rated|\n|rule|Species Clause: Limit one of each Pok\u00e9mon\n|rule|Item Clause: Limit one of each item\n|clearpoke\n|poke|p1|Ceruledge, L50, M|\n|poke|p1|Sinistcha, L50|\n|poke|p1|Dondozo, L50, F|\n|poke|p1|Tatsugiri, L50, M|\n|poke|p1|Iron Hands, L50|\n|poke|p1|Landorus-Therian, L50, M|\n|poke|p2|Gholdengo, L50|\n|poke|p2|Iron Hands, L50|\n|poke|p2|Amoonguss, L50, F|\n|poke|p2|Iron Bundle, L50|\n|poke|p2|Pelipper, L50, M|\n|poke|p2|Salamence, L50, M|\n|teampreview|4\nSir 252 has agreed to open team sheets.\n|\n|t:|1700578650\n|start\n|switch|p1a: Ceruledge|Ceruledge, L50, M, shiny|100\/100\n|switch|p1b: Iron Hands|Iron Hands, L50|100\/100\n|switch|p2a: Gholdengo|Gholdengo, L50|100\/100\n|switch|p2b: Iron Hands|Iron Hands, L50|100\/100\n|turn|1\n|\n|t:|1700578663\n|-terastallize|p2a: Gholdengo|Dragon\n|move|p2b: Iron Hands|Fake Out|p1b: Iron Hands\n|-damage|p1b: Iron Hands|90\/100\n|move|p1a: Ceruledge|Bitter Blade|p2a: Gholdengo\n|-resisted|p2a: Gholdengo\n|-damage|p2a: Gholdengo|78\/100\n|move|p2a: Gholdengo|Shadow Ball|p1a: Ceruledge\n|-supereffective|p1a: Ceruledge\n|-damage|p1a: Ceruledge|0 fnt\n|faint|p1a: Ceruledge\n|cant|p1b: Iron Hands|flinch\n|\n|-heal|p2a: Gholdengo|84\/100|[from] item: Leftovers\n|upkeep\n|\n|t:|1700578670\n|switch|p1a: Tatsugiri|Tatsugiri, L50, M|100\/100\n|turn|2\n|\n|t:|1700578690\n|switch|p2a: Pelipper|Pelipper, L50, M|100\/100\n|-weather|RainDance|[from] ability: Drizzle|[of] p2a: Pelipper\n|move|p1a: Tatsugiri|Icy Wind|p2b: Iron Hands|[spread] p2a,p2b\n|-damage|p2a: Pelipper|70\/100\n|-damage|p2b: Iron Hands|90\/100\n|-unboost|p2a: Pelipper|spe|1\n|-unboost|p2b: Iron Hands|spe|1\n|move|p1b: Iron Hands|Volt Switch|p2a: Pelipper\n|-supereffective|p2a: Pelipper\n|-damage|p2a: Pelipper|0 fnt\n|faint|p2a: Pelipper\n|\n|t:|1700578701\n|-end|p1b: Iron Hands|Quark Drive|[silent]\n|switch|p1b: Dondozo|Dondozo, L50, F, shiny|100\/100|[from] Volt Switch\n|-activate|p1a: Tatsugiri|ability: Commander|[of] p1b: Dondozo\n|-boost|p1b: Dondozo|atk|2\n|-boost|p1b: Dondozo|spa|2\n|-boost|p1b: Dondozo|spe|2\n|-boost|p1b: Dondozo|def|2\n|-boost|p1b: Dondozo|spd|2\n|move|p2b: Iron Hands|Wild Charge|p1a: Tatsugiri|[miss]\n|-miss|p2b: Iron Hands|p1a: Tatsugiri\n|\n|-weather|RainDance|[upkeep]\n|upkeep\n|\n|t:|1700578707\n|switch|p2a: Iron Bundle|Iron Bundle, L50|100\/100\n|-enditem|p2a: Iron Bundle|Booster Energy\n|-activate|p2a: Iron Bundle|ability: Quark Drive|[fromitem]\n|-start|p2a: Iron Bundle|quarkdrivespe\n|turn|3\n|\n|t:|1700578714\n|-terastallize|p1b: Dondozo|Ground\n|move|p2a: Iron Bundle|Freeze-Dry|p1b: Dondozo\n|-supereffective|p1b: Dondozo\n|-damage|p1b: Dondozo|69\/100\n|move|p1b: Dondozo|Earthquake|p2a: Iron Bundle|[spread] p2a,p2b\n|-miss|p1b: Dondozo|p1a: Tatsugiri\n|-supereffective|p2b: Iron Hands\n|-damage|p2a: Iron Bundle|35\/100\n|-damage|p2b: Iron Hands|0 fnt\n|faint|p2b: Iron Hands\n|-end|p2b: Iron Hands|Quark Drive|[silent]\n|\n|-weather|RainDance|[upkeep]\n|-heal|p1b: Dondozo|76\/100|[from] item: Leftovers\n|upkeep\n|\n|t:|1700578721\n|switch|p2b: Gholdengo|Gholdengo, L50, tera:Dragon|84\/100\n|turn|4\n|\n|t:|1700578733\n|move|p2a: Iron Bundle|Hydro Pump|p1b: Dondozo|[miss]\n|-miss|p2a: Iron Bundle|p1b: Dondozo\n|move|p2b: Gholdengo|Nasty Plot|p2b: Gholdengo\n|-boost|p2b: Gholdengo|spa|2\n|move|p1b: Dondozo|Earthquake|p2a: Iron Bundle|[spread] p2a,p2b\n|-miss|p1b: Dondozo|p1a: Tatsugiri\n|-damage|p2a: Iron Bundle|0 fnt\n|-damage|p2b: Gholdengo|10\/100\n|faint|p2a: Iron Bundle\n|-end|p2a: Iron Bundle|Quark Drive|[silent]\n|\n|-weather|RainDance|[upkeep]\n|-heal|p2b: Gholdengo|16\/100|[from] item: Leftovers\n|-heal|p1b: Dondozo|82\/100|[from] item: Leftovers\n|upkeep\n|turn|5\n|\n|t:|1700578745\n|move|p2b: Gholdengo|Shadow Ball|p1b: Dondozo\n|-damage|p1b: Dondozo|60\/100\n|move|p1b: Dondozo|Wave Crash|p2b: Gholdengo\n|-resisted|p2b: Gholdengo\n|-damage|p2b: Gholdengo|0 fnt\n|faint|p2b: Gholdengo\n|-damage|p1b: Dondozo|56\/100|[from] Recoil\n|\n|win|Astr0Striden\n|raw|Astr0Striden's rating: 1136 &rarr; <strong>1164<\/strong><br \/>(+28 for winning)\n|raw|Sir 252's rating: 1183 &rarr; <strong>1155<\/strong><br \/>(-28 for losing)\n|l|\u2606Sir 252\n|c|\u2606Astr0Striden|Recked\n","uploadtime":1700578767,"views":6,"p1id":"astr0striden","p2id":"sir252","formatid":"gen9vgc2023regulatione","rating":1155,"private":0,"password":""}