{"id":"gen9vgc2023regulatione-2000338892","p1":"Dummy Sauce","p2":"ManuPKMN","format":"[Gen 9] VGC 2023 Regulation E","log":"|j|\u2606Dummy Sauce\n|j|\u2606ManuPKMN\n|t:|1701186322\n|gametype|doubles\n|player|p1|Dummy Sauce|waiter|1336\n|player|p2|ManuPKMN|2|1323\n|teamsize|p1|6\n|teamsize|p2|6\n|gen|9\n|tier|[Gen 9] VGC 2023 Regulation E\n|rated|\n|rule|Species Clause: Limit one of each Pok\u00e9mon\n|rule|Item Clause: Limit one of each item\n|clearpoke\n|poke|p1|Kingambit, L50, M|\n|poke|p1|Ogerpon-Wellspring, L50, F|\n|poke|p1|Rillaboom, L50, M|\n|poke|p1|Tornadus, L50, M|\n|poke|p1|Chien-Pao, L50|\n|poke|p1|Landorus-Therian, L50, M|\n|poke|p2|Roaring Moon, L50|\n|poke|p2|Weezing, L50, M|\n|poke|p2|Flutter Mane, L50|\n|poke|p2|Ogerpon-Hearthflame, L50, F|\n|poke|p2|Rillaboom, L50, F|\n|poke|p2|Urshifu-*, L50, M|\n|teampreview|4\n|inactive|Battle timer is ON: inactive players will automatically lose when time's up. (requested by Dummy Sauce)\n|inactive|Dummy Sauce has 60 seconds left.\n|\n|t:|1701186362\n|start\n|switch|p1a: Rillaboom|Rillaboom, L50, M|100\/100\n|switch|p1b: Tornadus|Tornadus, L50, M|100\/100\n|switch|p2a: Roaring Moon|Roaring Moon, L50, shiny|100\/100\n|switch|p2b: Weezing|Weezing, L50, M, shiny|100\/100\n|-ability|p2b: Weezing|Neutralizing Gas\n|-enditem|p2a: Roaring Moon|Booster Energy\n|-activate|p2a: Roaring Moon|ability: Protosynthesis|[fromitem]\n|-start|p2a: Roaring Moon|protosynthesisspe\n|turn|1\n|inactive|ManuPKMN has 30 seconds left.\n|\n|t:|1701186387\n|-terastallize|p2b: Weezing|Ghost\n|move|p2a: Roaring Moon|Protect|p2a: Roaring Moon\n|-singleturn|p2a: Roaring Moon|Protect\n|move|p1a: Rillaboom|Fake Out|p2a: Roaring Moon\n|-activate|p2a: Roaring Moon|move: Protect\n|move|p1b: Tornadus|Tailwind|p1b: Tornadus\n|-sidestart|p1: Dummy Sauce|move: Tailwind\n|move|p2b: Weezing|Will-O-Wisp|p1a: Rillaboom\n|-status|p1a: Rillaboom|brn\n|\n|-damage|p1a: Rillaboom|95\/100 brn|[from] brn\n|upkeep\n|turn|2\n|inactive|ManuPKMN has 30 seconds left.\n|inactive|ManuPKMN has 20 seconds left.\n|inactive|ManuPKMN has 15 seconds left.\n|inactive|ManuPKMN has 10 seconds left.\n|inactive|ManuPKMN has 5 seconds left.\n|\n|t:|1701186441\n|move|p2b: Weezing|Protect|p2b: Weezing\n|-singleturn|p2b: Weezing|Protect\n|move|p1b: Tornadus|Bleakwind Storm|p2a: Roaring Moon|[spread] p2a\n|-activate|p2b: Weezing|move: Protect\n|-damage|p2a: Roaring Moon|74\/100\n|move|p2a: Roaring Moon|Tailwind|p2a: Roaring Moon\n|-sidestart|p2: ManuPKMN|move: Tailwind\n|move|p1a: Rillaboom|U-turn|p2a: Roaring Moon\n|-supereffective|p2a: Roaring Moon\n|-damage|p2a: Roaring Moon|50\/100\n|\n|t:|1701186454\n|switch|p1a: Chien-Pao|Chien-Pao, L50|100\/100|[from] U-turn\n|\n|upkeep\n|turn|3\n|\n|t:|1701186471\n|move|p2a: Roaring Moon|Protect|p2a: Roaring Moon\n|-singleturn|p2a: Roaring Moon|Protect\n|move|p1a: Chien-Pao|Protect|p1a: Chien-Pao\n|-singleturn|p1a: Chien-Pao|Protect\n|move|p1b: Tornadus|Taunt|p2b: Weezing\n|-start|p2b: Weezing|move: Taunt\n|cant|p2b: Weezing|move: Taunt|Will-O-Wisp\n|\n|upkeep\n|turn|4\n|\n|t:|1701186494\n|-end|p2a: Roaring Moon|Protosynthesis|[silent]\n|switch|p2a: Urshifu|Urshifu-Rapid-Strike, L50, M|100\/100\n|move|p1a: Chien-Pao|Ice Spinner|p2a: Urshifu\n|-resisted|p2a: Urshifu\n|-damage|p2a: Urshifu|80\/100\n|move|p1b: Tornadus|Bleakwind Storm|p2b: Weezing|[spread] p2a,p2b\n|-supereffective|p2a: Urshifu\n|-damage|p2a: Urshifu|0 fnt\n|-damage|p2b: Weezing|66\/100\n|-unboost|p2b: Weezing|spe|1\n|faint|p2a: Urshifu\n|move|p2b: Weezing|Sludge Bomb|p1a: Chien-Pao\n|-damage|p1a: Chien-Pao|54\/100\n|-status|p1a: Chien-Pao|psn\n|\n|-damage|p1a: Chien-Pao|42\/100 psn|[from] psn\n|-sideend|p1: Dummy Sauce|move: Tailwind\n|upkeep\n|inactive|ManuPKMN has 30 seconds left.\n|\n|t:|1701186524\n|switch|p2a: Ogerpon|Ogerpon-Hearthflame, L50, F|100\/100\n|turn|5\n|\n|t:|1701186534\n|move|p1a: Chien-Pao|Protect|p1a: Chien-Pao\n|-singleturn|p1a: Chien-Pao|Protect\n|move|p2a: Ogerpon|Ivy Cudgel|p1b: Tornadus|[anim] Ivy Cudgel Fire\n|-damage|p1b: Tornadus|45\/100\n|move|p2b: Weezing|Sludge Bomb|p1a: Chien-Pao\n|-activate|p1a: Chien-Pao|move: Protect\n|move|p1b: Tornadus|Tailwind|p1b: Tornadus\n|-sidestart|p1: Dummy Sauce|move: Tailwind\n|\n|-damage|p1a: Chien-Pao|30\/100 psn|[from] psn\n|-end|p2b: Weezing|move: Taunt\n|-sideend|p2: ManuPKMN|move: Tailwind\n|upkeep\n|turn|6\n|inactive|ManuPKMN has 30 seconds left.\n|\n|t:|1701186568\n|move|p2a: Ogerpon|Spiky Shield|p2a: Ogerpon\n|-singleturn|p2a: Ogerpon|move: Protect\n|move|p1a: Chien-Pao|Ice Spinner|p2a: Ogerpon\n|-activate|p2a: Ogerpon|move: Protect\n|-damage|p1a: Chien-Pao|17\/100 psn|[from] Spiky Shield|[of] p2a: Ogerpon\n|move|p1b: Tornadus|Taunt|p2b: Weezing\n|-start|p2b: Weezing|move: Taunt\n|move|p2b: Weezing|Sludge Bomb|p1a: Chien-Pao\n|-damage|p1a: Chien-Pao|0 fnt\n|faint|p1a: Chien-Pao\n|\n|upkeep\n|\n|t:|1701186578\n|switch|p1a: Ogerpon|Ogerpon-Wellspring, L50, F|100\/100\n|turn|7\n|inactive|ManuPKMN has 30 seconds left.\n|inactive|ManuPKMN has 20 seconds left.\n|\n|t:|1701186616\n|switch|p2a: Roaring Moon|Roaring Moon, L50, shiny|50\/100\n|-terastallize|p1a: Ogerpon|Water\n|detailschange|p1a: Ogerpon|Ogerpon-Wellspring-Tera, L50, F, tera:Water\n|move|p1a: Ogerpon|Ivy Cudgel|p2a: Roaring Moon|[anim] Ivy Cudgel Water\n|-resisted|p2a: Roaring Moon\n|-crit|p2a: Roaring Moon\n|-damage|p2a: Roaring Moon|0 fnt\n|faint|p2a: Roaring Moon\n|-end|p2a: Roaring Moon|Protosynthesis|[silent]\n|move|p1b: Tornadus|Rain Dance|p1b: Tornadus\n|-weather|RainDance\n|move|p2b: Weezing|Sludge Bomb|p1b: Tornadus\n|-damage|p1b: Tornadus|17\/100\n|\n|-weather|RainDance|[upkeep]\n|upkeep\n|\n|t:|1701186633\n|switch|p2a: Ogerpon|Ogerpon-Hearthflame, L50, F|100\/100\n|turn|8\n|inactive|ManuPKMN has 30 seconds left.\n|\n|t:|1701186659\n|move|p1a: Ogerpon|Spiky Shield|p1a: Ogerpon\n|-singleturn|p1a: Ogerpon|move: Protect\n|move|p2a: Ogerpon|Spiky Shield|p2a: Ogerpon\n|-singleturn|p2a: Ogerpon|move: Protect\n|move|p1b: Tornadus|Bleakwind Storm|p2a: Ogerpon|[spread] p2b\n|-activate|p2a: Ogerpon|move: Protect\n|-damage|p2b: Weezing|27\/100\n|-enditem|p2b: Weezing|Sitrus Berry|[eat]\n|-heal|p2b: Weezing|52\/100|[from] item: Sitrus Berry\n|move|p2b: Weezing|Sludge Bomb|p1b: Tornadus\n|-damage|p1b: Tornadus|0 fnt\n|faint|p1b: Tornadus\n|\n|-weather|RainDance|[upkeep]\n|-end|p2b: Weezing|move: Taunt\n|-sideend|p1: Dummy Sauce|move: Tailwind\n|upkeep\n|\n|t:|1701186672\n|switch|p1b: Rillaboom|Rillaboom, L50, M|95\/100 brn\n|turn|9\n|inactive|ManuPKMN has 30 seconds left.\n|\n|t:|1701186701\n|move|p2a: Ogerpon|Spiky Shield|p2a: Ogerpon\n|-singleturn|p2a: Ogerpon|move: Protect\n|move|p1b: Rillaboom|Fake Out|p2a: Ogerpon\n|-activate|p2a: Ogerpon|move: Protect\n|-damage|p1b: Rillaboom|83\/100 brn|[from] Spiky Shield|[of] p2a: Ogerpon\n|move|p1a: Ogerpon|Ivy Cudgel|p2a: Ogerpon|[anim] Ivy Cudgel Water\n|-activate|p2a: Ogerpon|move: Protect\n|move|p2b: Weezing|Will-O-Wisp|p1a: Ogerpon\n|-status|p1a: Ogerpon|brn\n|\n|-weather|RainDance|[upkeep]\n|-damage|p1a: Ogerpon|95\/100 brn|[from] brn\n|-damage|p1b: Rillaboom|77\/100 brn|[from] brn\n|upkeep\n|turn|10\n|inactive|ManuPKMN has 30 seconds left.\n|c|\u2606Dummy Sauce|bruh\n|\n|t:|1701186735\n|move|p1a: Ogerpon|Ivy Cudgel|p2a: Ogerpon|[anim] Ivy Cudgel Water\n|-damage|p2a: Ogerpon|28\/100\n|move|p2a: Ogerpon|Wood Hammer|p1a: Ogerpon\n|-supereffective|p1a: Ogerpon\n|-damage|p1a: Ogerpon|0 fnt\n|faint|p1a: Ogerpon\n|-damage|p2a: Ogerpon|0 fnt|[from] Recoil\n|faint|p2a: Ogerpon\n|move|p1b: Rillaboom|U-turn|p2b: Weezing\n|-resisted|p2b: Weezing\n|-damage|p2b: Weezing|47\/100\n|move|p2b: Weezing|Sludge Bomb|p1b: Rillaboom\n|-supereffective|p1b: Rillaboom\n|-damage|p1b: Rillaboom|41\/100 brn\n|\n|-weather|RainDance|[upkeep]\n|-damage|p1b: Rillaboom|35\/100 brn|[from] brn\n|upkeep\n|turn|11\n|\n|t:|1701186754\n|move|p2b: Weezing|Protect|p2b: Weezing\n|-singleturn|p2b: Weezing|Protect\n|move|p1b: Rillaboom|Wood Hammer|p2b: Weezing\n|-activate|p2b: Weezing|move: Protect\n|\n|-weather|none\n|-damage|p1b: Rillaboom|29\/100 brn|[from] brn\n|upkeep\n|turn|12\n|\n|t:|1701186765\n|move|p1b: Rillaboom|Wood Hammer|p2b: Weezing\n|-damage|p2b: Weezing|20\/100\n|-damage|p1b: Rillaboom|22\/100 brn|[from] Recoil\n|move|p2b: Weezing|Sludge Bomb|p1b: Rillaboom\n|-supereffective|p1b: Rillaboom\n|-crit|p1b: Rillaboom\n|-damage|p1b: Rillaboom|0 fnt\n|faint|p1b: Rillaboom\n|\n|win|ManuPKMN\n|raw|Dummy Sauce's rating: 1336 &rarr; <strong>1315<\/strong><br \/>(-21 for losing)\n|raw|ManuPKMN's rating: 1323 &rarr; <strong>1344<\/strong><br \/>(+21 for winning)\n|l|\u2606Dummy Sauce\n","uploadtime":1701186784,"views":6,"p1id":"dummysauce","p2id":"manupkmn","formatid":"gen9vgc2023regulatione","rating":1315,"private":0,"password":""}