{"id":"gen9vgc2023regulatione-1990566673","p1":"Turnips-suck","p2":"Ginge-JMD","format":"[Gen 9] VGC 2023 Regulation E","log":"|j|\u2606Turnips-suck\n|j|\u2606Ginge-JMD\n|n|\u2606Turnips-suck|turnipssuck\n|n|\u2606Ginge-JMD|gingejmd\n|html|View the match progress at <a href=\"\/game-bestof3-gen9vgc2023regulatione-1990566672\">game-bestof3-gen9vgc2023regulatione-1990566672<\/a>\n|t:|1699981994\n|gametype|doubles\n|player|p1|Turnips-suck|elesa|\n|player|p2|Ginge-JMD|1|\n|teamsize|p1|6\n|teamsize|p2|6\n|gen|9\n|tier|[Gen 9] VGC 2023 Regulation E\n|rule|Species Clause: Limit one of each Pok\u00e9mon\n|rule|Item Clause: Limit one of each item\n|clearpoke\n|poke|p1|Noivern, L50, M|\n|poke|p1|Ogerpon-Wellspring, L50, F|\n|poke|p1|Tinkaton, L50, F|\n|poke|p1|Stantler, L50, M|\n|poke|p1|Crabominable, L50, M|\n|poke|p1|Rotom-Heat, L50|\n|poke|p2|Goodra, L50, M|\n|poke|p2|Iron Jugulis, L50|\n|poke|p2|Brambleghast, L50, M|\n|poke|p2|Slowking, L50, M|\n|poke|p2|Copperajah, L50, M|\n|poke|p2|Clefable, L50, F|\n|teampreview|4\n|inactive|Battle timer is ON: inactive players will automatically lose when time's up. (requested by Turnips-suck)\n|inactiveoff|Battle timer is now OFF.\n|c|\u2606Turnips-suck|glhf\n|c|\u2606Ginge-JMD|glhf!\n|\n|t:|1699982031\n|start\n|switch|p1a: Hammered|Tinkaton, L50, F|100\/100\n|switch|p1b: Stereo-type|Noivern, L50, M|100\/100\n|switch|p2a: Steve|Slowking, L50, M|100\/100\n|switch|p2b: Carl|Copperajah, L50, M|100\/100\n|-item|p2a: Steve|Leftovers|[from] ability: Frisk|[of] p1b: Stereo-type|[identify]\n|-item|p2b: Carl|Life Orb|[from] ability: Frisk|[of] p1b: Stereo-type|[identify]\n|-ability|p1a: Hammered|Mold Breaker\n|turn|1\n|j| Cathybara\n|\n|t:|1699982070\n|move|p1a: Hammered|Fake Out|p2a: Steve\n|-damage|p2a: Steve|92\/100\n|move|p1b: Stereo-type|Dark Pulse|p2a: Steve\n|-supereffective|p2a: Steve\n|-damage|p2a: Steve|66\/100\n|move|p2b: Carl|Play Rough|p1b: Stereo-type\n|-supereffective|p1b: Stereo-type\n|-enditem|p1b: Stereo-type|Focus Sash\n|-damage|p1b: Stereo-type|1\/100\n|cant|p2a: Steve|flinch\n|\n|-heal|p2a: Steve|72\/100|[from] item: Leftovers\n|upkeep\n|turn|2\n|c|\u2606Turnips-suck|I should have brought my slowking in order to have a battle of the slow lads\n|c|\u2606Ginge-JMD|lmaoooo\n|c| Cathybara|you couldve said the slow bros\n|c|\u2606Ginge-JMD|the potential\n|c| Cathybara|cmon\n|c| Cathybara|ur pun game is lacking\n|\n|t:|1699982139\n|move|p1b: Stereo-type|Tailwind|p1b: Stereo-type\n|-sidestart|p1: Turnips-suck|move: Tailwind\n|move|p1a: Hammered|Knock Off|p2a: Steve\n|-supereffective|p2a: Steve\n|-damage|p2a: Steve|29\/100\n|-enditem|p2a: Steve|Leftovers|[from] move: Knock Off|[of] p1a: Hammered\n|move|p2a: Steve|Icy Wind|p1a: Hammered|[spread] p1a,p1b\n|-resisted|p1a: Hammered\n|-supereffective|p1b: Stereo-type\n|-damage|p1a: Hammered|96\/100\n|-damage|p1b: Stereo-type|0 fnt\n|faint|p1b: Stereo-type\n|move|p2b: Carl|Iron Head|p1a: Hammered\n|-damage|p1a: Hammered|38\/100\n|\n|upkeep\n|\n|t:|1699982150\n|switch|p1b: Easy Bake|Rotom-Heat, L50, shiny|100\/100\n|turn|3\n|c|\u2606Turnips-suck|Smh my head you're right, I missed a prime pun opportunity\n|\n|t:|1699982227\n|switch|p2b: Gary|Goodra, L50, M|100\/100\n|move|p1a: Hammered|Knock Off|p2a: Steve\n|-supereffective|p2a: Steve\n|-damage|p2a: Steve|1\/100\n|move|p1b: Easy Bake|Will-O-Wisp|p2b: Gary\n|-status|p2b: Gary|brn\n|move|p2a: Steve|Scald|p1b: Easy Bake\n|-supereffective|p1b: Easy Bake\n|-damage|p1b: Easy Bake|37\/100\n|\n|-damage|p2b: Gary|94\/100 brn|[from] brn\n|upkeep\n|turn|4\n|\n|t:|1699982303\n|switch|p2a: Isabelle|Iron Jugulis, L50|100\/100\n|move|p1a: Hammered|Gigaton Hammer|p2b: Gary\n|-damage|p2b: Gary|42\/100 brn\n|move|p1b: Easy Bake|Volt Switch|p2a: Isabelle\n|-supereffective|p2a: Isabelle\n|-damage|p2a: Isabelle|33\/100\n|\n|t:|1699982312\n|switch|p1b: Pool Noodle|Ogerpon-Wellspring, L50, F|100\/100|[from] Volt Switch\n|move|p2b: Gary|Dragon Pulse|p1b: Pool Noodle\n|-damage|p1b: Pool Noodle|65\/100\n|\n|-damage|p2b: Gary|36\/100 brn|[from] brn\n|upkeep\n|turn|5\n|\n|t:|1699982387\n|-end|p2a: Isabelle|Quark Drive|[silent]\n|switch|p2a: Steve|Slowking, L50, M|35\/100\n|move|p1b: Pool Noodle|Ivy Cudgel|p2a: Steve|[anim] Ivy Cudgel Water\n|-resisted|p2a: Steve\n|-damage|p2a: Steve|2\/100\n|move|p1a: Hammered|Knock Off|p2b: Gary\n|-damage|p2b: Gary|13\/100 brn\n|-enditem|p2b: Gary|Assault Vest|[from] move: Knock Off|[of] p1a: Hammered\n|move|p2b: Gary|Sludge Bomb|p1b: Pool Noodle\n|-supereffective|p1b: Pool Noodle\n|-damage|p1b: Pool Noodle|13\/100\n|\n|-damage|p2b: Gary|7\/100 brn|[from] brn\n|-sideend|p1: Turnips-suck|move: Tailwind\n|upkeep\n|turn|6\n|\n|t:|1699982445\n|move|p1b: Pool Noodle|Ivy Cudgel|p2a: Steve|[anim] Ivy Cudgel Water\n|-resisted|p2a: Steve\n|-damage|p2a: Steve|0 fnt\n|faint|p2a: Steve\n|move|p1a: Hammered|Knock Off|p2b: Gary\n|-damage|p2b: Gary|0 fnt\n|faint|p2b: Gary\n|\n|upkeep\n|\n|t:|1699982454\n|switch|p2b: Isabelle|Iron Jugulis, L50|33\/100\n|switch|p2a: Carl|Copperajah, L50, M|100\/100\n|turn|7\n|\n|t:|1699982543\n|move|p1b: Pool Noodle|Spiky Shield|p1b: Pool Noodle\n|-singleturn|p1b: Pool Noodle|move: Protect\n|move|p2b: Isabelle|Dark Pulse|p1a: Hammered\n|-resisted|p1a: Hammered\n|-damage|p1a: Hammered|9\/100\n|move|p1a: Hammered|Gigaton Hammer|p2b: Isabelle\n|-damage|p2b: Isabelle|0 fnt\n|faint|p2b: Isabelle\n|-end|p2b: Isabelle|Quark Drive|[silent]\n|move|p2a: Carl|Iron Head|p1b: Pool Noodle\n|-activate|p1b: Pool Noodle|move: Protect\n|-damage|p2a: Carl|88\/100|[from] Spiky Shield|[of] p1b: Pool Noodle\n|\n|upkeep\n|turn|8\n|\n|t:|1699982559\n|move|p1b: Pool Noodle|Ivy Cudgel|p2a: Carl|[anim] Ivy Cudgel Water\n|-damage|p2a: Carl|28\/100\n|move|p1a: Hammered|Knock Off|p2a: Carl\n|-damage|p2a: Carl|9\/100\n|-enditem|p2a: Carl|Life Orb|[from] move: Knock Off|[of] p1a: Hammered\n|move|p2a: Carl|Iron Head|p1b: Pool Noodle\n|-resisted|p1b: Pool Noodle\n|-damage|p1b: Pool Noodle|0 fnt\n|faint|p1b: Pool Noodle\n|\n|upkeep\n|\n|t:|1699982562\n|switch|p1b: Easy Bake|Rotom-Heat, L50, shiny|37\/100\n|turn|9\n|\n|t:|1699982571\n|move|p1a: Hammered|Knock Off|p2a: Carl\n|-damage|p2a: Carl|0 fnt\n|faint|p2a: Carl\n|\n|win|Turnips-suck\n|c|\u2606Turnips-suck|gg\n|c|\u2606Ginge-JMD|gg\n|c|&|\/uhtml prompt-gingejmd,Ginge-JMD is ready for game 2!\n","uploadtime":1699982577,"views":29,"p1id":"turnipssuck","p2id":"gingejmd","formatid":"gen9vgc2023regulatione","rating":0,"private":0,"password":""}