{"id":"gen9vgc2023regulatione-1998488372","p1":"ICYoyo","p2":"Atlat","format":"[Gen 9] VGC 2023 Regulation E","log":"|j|\u2606ICYoyo\n|j|\u2606Atlat\n|t:|1700948002\n|gametype|doubles\n|player|p1|ICYoyo|102|\n|player|p2|Atlat|169|\n|teamsize|p1|6\n|teamsize|p2|6\n|gen|9\n|tier|[Gen 9] VGC 2023 Regulation E\n|rule|Species Clause: Limit one of each Pok\u00e9mon\n|rule|Item Clause: Limit one of each item\n|clearpoke\n|poke|p1|Gholdengo, L50|\n|poke|p1|Pelipper, L50, M|\n|poke|p1|Zapdos, L50|\n|poke|p1|Scizor, L50, M|\n|poke|p1|Ludicolo, L50, F|\n|poke|p1|Chien-Pao, L50|\n|poke|p2|Cryogonal, L50|\n|poke|p2|Sableye, L50, F|\n|poke|p2|Heatran, L50, F|\n|poke|p2|Weezing, L50, M|\n|poke|p2|Stantler, L50, M|\n|poke|p2|Toedscruel, L50, M|\n|teampreview|4\nICYoyo rejected open team sheets.\n|inactive|Battle timer is ON: inactive players will automatically lose when time's up. (requested by ICYoyo)\n|\n|t:|1700948066\n|start\n|switch|p1a: Pelipper|Pelipper, L50, M|100\/100\n|switch|p1b: Scizor|Scizor, L50, M|100\/100\n|switch|p2a: Toedscruel|Toedscruel, L50, M|100\/100\n|switch|p2b: Weezing|Weezing, L50, M, shiny|100\/100\n|-ability|p2b: Weezing|Neutralizing Gas\n|turn|1\n|inactive|Atlat has 30 seconds left.\n|\n|t:|1700948095\n|move|p1a: Pelipper|Hurricane|p2a: Toedscruel\n|-supereffective|p2a: Toedscruel\n|-crit|p2a: Toedscruel\n|-damage|p2a: Toedscruel|1\/100\n|move|p1b: Scizor|Swords Dance|p1b: Scizor\n|-boost|p1b: Scizor|atk|2\n|move|p2b: Weezing|Heat Wave|p1b: Scizor|[spread] p1b\n|-miss|p2b: Weezing|p1a: Pelipper\n|-supereffective|p1b: Scizor\n|-damage|p1b: Scizor|19\/100\n|move|p2a: Toedscruel|Trick Room|p2a: Toedscruel\n|-fieldstart|move: Trick Room|[of] p2a: Toedscruel\n|\n|upkeep\n|turn|2\n|inactive|ICYoyo has 30 seconds left.\n|inactive|Atlat has 30 seconds left.\n|inactive|ICYoyo has 20 seconds left.\n|inactive|ICYoyo has 15 seconds left.\n|inactive|ICYoyo has 10 seconds left.\n|\n|t:|1700948144\n|move|p2a: Toedscruel|Rage Powder|p2a: Toedscruel\n|-singleturn|p2a: Toedscruel|move: Rage Powder\n|move|p1b: Scizor|Bullet Punch|p2a: Toedscruel\n|-damage|p2a: Toedscruel|0 fnt\n|-damage|p1b: Scizor|3\/100|[from] item: Rocky Helmet|[of] p2a: Toedscruel\n|faint|p2a: Toedscruel\n|-damage|p1b: Scizor|0 fnt|[from] item: Life Orb\n|faint|p1b: Scizor\n|move|p2b: Weezing|Sunny Day|p2b: Weezing\n|-weather|SunnyDay\n|move|p1a: Pelipper|Hydro Pump|p2b: Weezing\n|-damage|p2b: Weezing|74\/100\n|\n|-weather|SunnyDay|[upkeep]\n|upkeep\n|\n|t:|1700948162\n|switch|p1b: Zapdos|Zapdos, L50|100\/100\n|switch|p2a: Heatran|Heatran, L50, F|100\/100\n|turn|3\n|inactive|ICYoyo has 30 seconds left.\n|inactive|ICYoyo has 20 seconds left.\n|\n|t:|1700948199\n|switch|p1a: Gholdengo|Gholdengo, L50|100\/100\n|-terastallize|p1b: Zapdos|Ground\n|move|p2b: Weezing|Sludge Bomb|p1b: Zapdos\n|-resisted|p1b: Zapdos\n|-damage|p1b: Zapdos|89\/100\n|-status|p1b: Zapdos|psn\n|move|p2a: Heatran|Heat Wave|p1a: Gholdengo|[spread] p1a,p1b\n|-supereffective|p1a: Gholdengo\n|-damage|p1a: Gholdengo|7\/100\n|-damage|p1b: Zapdos|46\/100 psn\n|move|p1b: Zapdos|Tera Blast|p2b: Weezing|[anim] Tera Blast Ground\n|-supereffective|p2b: Weezing\n|-damage|p2b: Weezing|0 fnt\n|faint|p2b: Weezing\n|-end|p2b: Weezing|ability: Neutralizing Gas\n|\n|-weather|SunnyDay|[upkeep]\n|-heal|p1a: Gholdengo|13\/100|[from] item: Leftovers\n|-damage|p1b: Zapdos|34\/100 psn|[from] psn\n|upkeep\n|\n|t:|1700948216\n|switch|p2b: Cryogonal|Cryogonal, L50|100\/100\n|-enditem|p2b: Cryogonal|Room Service\n|-unboost|p2b: Cryogonal|spe|1|[from] item: Room Service\n|turn|4\n|\n|t:|1700948235\n|switch|p1a: Pelipper|Pelipper, L50, M|100\/100\n|-weather|RainDance|[from] ability: Drizzle|[of] p1a: Pelipper\n|move|p2a: Heatran|Heat Wave|p1b: Zapdos|[spread] p1a,p1b\n|-resisted|p1a: Pelipper\n|-damage|p1a: Pelipper|90\/100\n|-damage|p1b: Zapdos|19\/100 psn\n|move|p2b: Cryogonal|Light Screen|p2b: Cryogonal\n|-sidestart|p2: Atlat|move: Light Screen\n|move|p1b: Zapdos|Tera Blast|p2a: Heatran|[anim] Tera Blast Ground\n|-supereffective|p2a: Heatran\n|-damage|p2a: Heatran|2\/100\n|\n|-weather|RainDance|[upkeep]\n|-damage|p1b: Zapdos|7\/100 psn|[from] psn\n|upkeep\n|turn|5\n|inactive|ICYoyo has 30 seconds left.\n|inactive|Atlat has 30 seconds left.\n|inactive|Atlat has 20 seconds left.\n|inactive|Atlat has 15 seconds left.\n|\n|t:|1700948277\n|move|p1a: Pelipper|Hurricane|p2a: Heatran\n|-resisted|p2a: Heatran\n|-damage|p2a: Heatran|0 fnt\n|faint|p2a: Heatran\n|move|p2b: Cryogonal|Freeze-Dry|p1a: Pelipper\n|-supereffective|p1a: Pelipper\n|-damage|p1a: Pelipper|0 fnt\n|faint|p1a: Pelipper\n|move|p1b: Zapdos|Thunder|p2b: Cryogonal\n|-damage|p2b: Cryogonal|64\/100\n|\n|-weather|RainDance|[upkeep]\n|-damage|p1b: Zapdos|0 fnt|[from] psn\n|faint|p1b: Zapdos\n|-fieldend|move: Trick Room\n|upkeep\n|\n|t:|1700948296\n|switch|p1a: Gholdengo|Gholdengo, L50|13\/100\n|turn|6\n|\n|t:|1700948306\n|-terastallize|p2b: Cryogonal|Fire\n|move|p2b: Cryogonal|Tera Blast|p1a: Gholdengo|[anim] Tera Blast Fire\n|-supereffective|p1a: Gholdengo\n|-damage|p1a: Gholdengo|0 fnt\n|faint|p1a: Gholdengo\n|\n|win|Atlat\n","uploadtime":1700948315,"views":34,"p1id":"icyoyo","p2id":"atlat","formatid":"gen9vgc2023regulatione","rating":0,"private":0,"password":""}