{"id":"gen9vgc2023regulatione-1994930000","p1":"Tilzy","p2":"gjjkjhjgg","format":"[Gen 9] VGC 2023 Regulation E","log":"|j|\u2606Tilzy\n|j|\u2606gjjkjhjgg\n|n|\u2606Tilzy|tilzy\n|n|\u2606gjjkjhjgg|gjjkjhjgg\n|html|View the match progress at <a href=\"\/game-bestof3-gen9vgc2023regulatione-1994929999\">game-bestof3-gen9vgc2023regulatione-1994929999<\/a>\n|t:|1700505624\n|gametype|doubles\n|player|p1|Tilzy|265|\n|player|p2|gjjkjhjgg|hilbert|\n|teamsize|p1|6\n|teamsize|p2|6\n|gen|9\n|tier|[Gen 9] VGC 2023 Regulation E\n|rated|Tournament battle\n|rule|Species Clause: Limit one of each Pok\u00e9mon\n|rule|Item Clause: Limit one of each item\n|clearpoke\n|poke|p1|Regidrago, L50|\n|poke|p1|Tornadus, L50, M|\n|poke|p1|Urshifu-*, L50, M|\n|poke|p1|Rillaboom, L50, M|\n|poke|p1|Gholdengo, L50|\n|poke|p1|Ogerpon-Hearthflame, L50, F|\n|poke|p2|Ninetales-Alola, L50, F|\n|poke|p2|Sinistcha-Masterpiece, L50|\n|poke|p2|Iron Hands, L50|\n|poke|p2|Ursaluna-Bloodmoon, L50, M|\n|poke|p2|Cetitan, L50, F|\n|poke|p2|Staraptor, L50, F|\n|teampreview|4\n|showteam|p1|Regidrago||DragonFang|DragonsMaw|DragonEnergy,DragonPulse,EarthPower,Protect||||||50|,,,,,Steel]Tornadus||FocusSash|Prankster|IcyWind,Protect,BleakwindStorm,Tailwind|||M|||50|,,,,,Ghost]Urshifu-Rapid-Strike||ChoiceScarf|UnseenFist|SurgingStrikes,CloseCombat,AquaJet,RockSlide|||M|||50|,,,,,Water]Rillaboom||AssaultVest|GrassySurge|GrassyGlide,HighHorsepower,WoodHammer,FakeOut|||M|||50|,,,,,Fire]Gholdengo||ChoiceSpecs|GoodasGold|MakeItRain,ShadowBall,Thunderbolt,PowerGem||||||50|,,,,,Steel]Ogerpon-Hearthflame||HearthflameMask|MoldBreaker|IvyCudgel,GrassyGlide,FollowMe,SpikyShield|||F|||50|,,,,,Fire\n|showteam|p2|Ninetales-Alola||LightClay|SnowWarning|Protect,AuroraVeil,Blizzard,Moonblast|||F|||50|,,,,,Steel]Sinistcha-Masterpiece||RockyHelmet|Hospitality|TrickRoom,MatchaGotcha,RagePowder,LifeDew||||||50|,,,,,Water]Iron Hands||AssaultVest|QuarkDrive|FakeOut,HeavySlam,WildCharge,DrainPunch||||||50|,,,,,Steel]Ursaluna-Bloodmoon||SafetyGoggles|MindsEye|Protect,CalmMind,BloodMoon,EarthPower|||M|||50|,,,,,Poison]Cetitan||SitrusBerry|SlushRush|Protect,BellyDrum,IceSpinner,Liquidation|||F|||50|,,,,,Water]Staraptor||ChoiceScarf|Intimidate|FinalGambit,BraveBird,Uturn,Tailwind|||F|||50|,,,,,Normal\n|\n|t:|1700505678\n|start\n|switch|p1a: Tornadus|Tornadus, L50, M, shiny|100\/100\n|switch|p1b: Gholdengo|Gholdengo, L50, shiny|100\/100\n|switch|p2a: Iron Hands|Iron Hands, L50|100\/100\n|switch|p2b: Sinistcha|Sinistcha-Masterpiece, L50|100\/100\n|turn|1\n|inactive|Battle timer is ON: inactive players will automatically lose when time's up. (requested by gjjkjhjgg)\n|inactive|gjjkjhjgg has 60 seconds left.\n|\n|t:|1700505727\n|switch|p2b: Staraptor|Staraptor, L50, F|100\/100\n|-ability|p2b: Staraptor|Intimidate|boost\n|-unboost|p1a: Tornadus|atk|1\n|-unboost|p1b: Gholdengo|atk|1\n|-end|p2a: Iron Hands|Quark Drive|[silent]\n|switch|p2a: Ursaluna|Ursaluna-Bloodmoon, L50, M|100\/100\n|-terastallize|p1a: Tornadus|Ghost\n|move|p1a: Tornadus|Bleakwind Storm|p2a: Ursaluna|[spread] p2a\n|-miss|p1a: Tornadus|p2b: Staraptor\n|-damage|p2a: Ursaluna|62\/100\n|-unboost|p2a: Ursaluna|spe|1\n|move|p1b: Gholdengo|Shadow Ball|p2b: Staraptor\n|-immune|p2b: Staraptor\n|\n|upkeep\n|turn|2\n|inactive|gjjkjhjgg has 30 seconds left.\n|\n|t:|1700505752\n|switch|p1b: Rillaboom|Rillaboom, L50, M, shiny|100\/100\n|-fieldstart|move: Grassy Terrain|[from] ability: Grassy Surge|[of] p1b: Rillaboom\n|move|p1a: Tornadus|Tailwind|p1a: Tornadus\n|-sidestart|p1: Tilzy|move: Tailwind\n|move|p2b: Staraptor|U-turn|p1a: Tornadus\n|-resisted|p1a: Tornadus\n|-damage|p1a: Tornadus|84\/100\n|\n|t:|1700505760\n|switch|p2b: Sinistcha|Sinistcha-Masterpiece, L50|100\/100|[from] U-turn\n|-heal|p2a: Ursaluna|87\/100|[from] ability: Hospitality|[of] p2b: Sinistcha\n|move|p2a: Ursaluna|Blood Moon|p1a: Tornadus\n|-damage|p1a: Tornadus|0 fnt\n|faint|p1a: Tornadus\n|\n|-heal|p2a: Ursaluna|93\/100|[from] Grassy Terrain\n|upkeep\n|\n|t:|1700505769\n|switch|p1a: Ogerpon|Ogerpon-Hearthflame, L50, F|100\/100\n|-ability|p1a: Ogerpon|Mold Breaker\n|turn|3\n|inactive|gjjkjhjgg has 30 seconds left.\n|inactive|gjjkjhjgg has 20 seconds left.\n|inactive|gjjkjhjgg has 15 seconds left.\n|\n|t:|1700505813\n|switch|p2b: Staraptor|Staraptor, L50, F|100\/100\n|-ability|p2b: Staraptor|Intimidate|boost\n|-unboost|p1a: Ogerpon|atk|1\n|-unboost|p1b: Rillaboom|atk|1\n|-terastallize|p2a: Ursaluna|Poison\n|move|p1a: Ogerpon|Ivy Cudgel|p2b: Staraptor|[anim] Ivy Cudgel Fire\n|-damage|p2b: Staraptor|47\/100\n|move|p1b: Rillaboom|Wood Hammer|p2b: Staraptor\n|-resisted|p2b: Staraptor\n|-damage|p2b: Staraptor|14\/100\n|-damage|p1b: Rillaboom|90\/100|[from] Recoil\n|move|p2a: Ursaluna|Earth Power|p1a: Ogerpon\n|-damage|p1a: Ogerpon|52\/100\n|\n|-heal|p1a: Ogerpon|58\/100|[from] Grassy Terrain\n|-heal|p1b: Rillaboom|96\/100|[from] Grassy Terrain\n|-heal|p2a: Ursaluna|99\/100|[from] Grassy Terrain\n|upkeep\n|turn|4\n|\n|t:|1700505834\n|move|p1a: Ogerpon|Grassy Glide|p2b: Staraptor\n|-resisted|p2b: Staraptor\n|-damage|p2b: Staraptor|0 fnt\n|faint|p2b: Staraptor\n|move|p1b: Rillaboom|High Horsepower|p2a: Ursaluna|[miss]\n|-miss|p1b: Rillaboom|p2a: Ursaluna\n|move|p2a: Ursaluna|Calm Mind|p2a: Ursaluna\n|-boost|p2a: Ursaluna|spa|1\n|-boost|p2a: Ursaluna|spd|1\n|\n|-heal|p1a: Ogerpon|64\/100|[from] Grassy Terrain\n|-heal|p1b: Rillaboom|100\/100|[from] Grassy Terrain\n|-heal|p2a: Ursaluna|100\/100|[from] Grassy Terrain\n|upkeep\n|\n|t:|1700505852\n|switch|p2b: Iron Hands|Iron Hands, L50|100\/100\n|turn|5\n|\n|t:|1700505860\n|move|p1a: Ogerpon|Spiky Shield|p1a: Ogerpon\n|-singleturn|p1a: Ogerpon|move: Protect\n|move|p2b: Iron Hands|Fake Out|p1b: Rillaboom\n|-damage|p1b: Rillaboom|84\/100\n|cant|p1b: Rillaboom|flinch\n|move|p2a: Ursaluna|Blood Moon|p1b: Rillaboom\n|-damage|p1b: Rillaboom|0 fnt\n|faint|p1b: Rillaboom\n|\n|-heal|p1a: Ogerpon|70\/100|[from] Grassy Terrain\n|-sideend|p1: Tilzy|move: Tailwind\n|upkeep\n|\n|t:|1700505864\n|switch|p1b: Gholdengo|Gholdengo, L50, shiny|100\/100\n|turn|6\n|\n|t:|1700505888\n|move|p1a: Ogerpon|Ivy Cudgel|p2b: Iron Hands|[anim] Ivy Cudgel Fire\n|-damage|p2b: Iron Hands|75\/100\n|move|p1b: Gholdengo|Make It Rain|p2a: Ursaluna|[spread] p2a,p2b\n|-resisted|p2b: Iron Hands\n|-damage|p2a: Ursaluna|47\/100\n|-damage|p2b: Iron Hands|52\/100\n|-unboost|p1b: Gholdengo|spa|1\n|move|p2b: Iron Hands|Drain Punch|p1a: Ogerpon\n|-damage|p1a: Ogerpon|23\/100\n|-heal|p2b: Iron Hands|71\/100|[from] drain|[of] p1a: Ogerpon\n|move|p2a: Ursaluna|Earth Power|p1b: Gholdengo\n|-supereffective|p1b: Gholdengo\n|-damage|p1b: Gholdengo|0 fnt\n|faint|p1b: Gholdengo\n|\n|-heal|p1a: Ogerpon|29\/100|[from] Grassy Terrain\n|-heal|p2b: Iron Hands|77\/100|[from] Grassy Terrain\n|-heal|p2a: Ursaluna|53\/100|[from] Grassy Terrain\n|-fieldend|move: Grassy Terrain\n|upkeep\n|turn|7\n|-message|Tilzy forfeited.\n|\n|win|gjjkjhjgg\n|l|\u2606Tilzy\n|c|&|\/uhtml prompt-tilzy,Tilzy is ready for game 2!\n|c|&|\/uhtml prompt-tilzy,Tilzy is ready for game 2!\n|j|\u2606Tilzy\n|player|p1|Tilzy|265\n|inactive|gjjkjhjgg has 50 seconds to confirm battle start!\n|c|&|\/uhtml prompt-gjjkjhjgg,gjjkjhjgg is ready for game 2!\nBoth players are ready! Starting next match!\n|l|\u2606gjjkjhjgg\n","uploadtime":1700506237,"views":8,"p1id":"tilzy","p2id":"gjjkjhjgg","formatid":"gen9vgc2023regulatione","rating":0,"private":0,"password":""}