{"id":"gen9vgc2023regulatione-1998106273","p1":"ashnansnsn","p2":"Zeus_Swerve","format":"[Gen 9] VGC 2023 Regulation E","log":"|j|\u2606ashnansnsn\n|j|\u2606Zeus_Swerve\n|t:|1700892345\n|gametype|doubles\n|player|p1|ashnansnsn|266|1000\n|player|p2|Zeus_Swerve|266|1014\n|teamsize|p1|6\n|teamsize|p2|6\n|gen|9\n|tier|[Gen 9] VGC 2023 Regulation E\n|rated|\n|rule|Species Clause: Limit one of each Pok\u00e9mon\n|rule|Item Clause: Limit one of each item\n|clearpoke\n|poke|p1|Tornadus, L50, M|\n|poke|p1|Ludicolo, L50, M|\n|poke|p1|Pelipper, L50, F|\n|poke|p1|Thundurus-Therian, L50, M|\n|poke|p1|Urshifu-*, L50, F|\n|poke|p1|Iron Hands, L50|\n|poke|p2|Iron Valiant, L50|\n|poke|p2|Tinkaton, L50, F|\n|poke|p2|Tatsugiri, L50, M|\n|poke|p2|Dondozo, L50, F|\n|poke|p2|Glimmora, L50, M|\n|poke|p2|Infernape, L50, M|\n|teampreview|4\n|inactive|Battle timer is ON: inactive players will automatically lose when time's up. (requested by ashnansnsn)\n|inactive|ashnansnsn has 60 seconds left.\n|\n|t:|1700892383\n|start\n|switch|p1a: Pelipper|Pelipper, L50, F|100\/100\n|switch|p1b: Urshifu|Urshifu-Rapid-Strike, L50, F|100\/100\n|switch|p2a: Infernape|Infernape, L50, M, shiny|100\/100\n|switch|p2b: Glimmora|Glimmora, L50, M|100\/100\n|-weather|RainDance|[from] ability: Drizzle|[of] p1a: Pelipper\n|turn|1\n|\n|t:|1700892405\n|-terastallize|p2b: Glimmora|Grass\n|move|p2a: Infernape|Fake Out|p1b: Urshifu\n|-damage|p1b: Urshifu|87\/100\n|cant|p1b: Urshifu|flinch\n|move|p2b: Glimmora|Energy Ball|p1a: Pelipper\n|-damage|p1a: Pelipper|28\/100\n|move|p1a: Pelipper|Chilling Water|p2a: Infernape\n|-supereffective|p2a: Infernape\n|-damage|p2a: Infernape|44\/100\n|-unboost|p2a: Infernape|atk|1\n|\n|-weather|RainDance|[upkeep]\n|upkeep\n|turn|2\n|\n|t:|1700892430\n|move|p2a: Infernape|Close Combat|p1b: Urshifu\n|-damage|p1b: Urshifu|50\/100\n|-unboost|p2a: Infernape|def|1\n|-unboost|p2a: Infernape|spd|1\n|move|p1b: Urshifu|Surging Strikes|p2a: Infernape\n|-supereffective|p2a: Infernape\n|-crit|p2a: Infernape\n|-damage|p2a: Infernape|0 fnt\n|faint|p2a: Infernape\n|-hitcount|p2: Infernape|1\n|move|p2b: Glimmora|Mortal Spin|p1a: Pelipper|[spread] p1a,p1b\n|-damage|p1a: Pelipper|24\/100\n|-damage|p1b: Urshifu|44\/100\n|-status|p1a: Pelipper|psn\n|-status|p1b: Urshifu|psn\n|move|p1a: Pelipper|Ice Beam|p2b: Glimmora\n|-supereffective|p2b: Glimmora\n|-damage|p2b: Glimmora|41\/100\n|-status|p2b: Glimmora|frz\n|\n|-weather|RainDance|[upkeep]\n|-damage|p1b: Urshifu|32\/100 psn|[from] psn\n|-damage|p1a: Pelipper|12\/100 psn|[from] psn\n|upkeep\n|\n|t:|1700892451\n|switch|p2a: Dondozo|Dondozo, L50, F|100\/100\n|turn|3\n|\n|t:|1700892468\n|switch|p2b: Tatsugiri|Tatsugiri, L50, M|100\/100\n|-activate|p2b: Tatsugiri|ability: Commander|[of] p2a: Dondozo\n|-boost|p2a: Dondozo|atk|2\n|-boost|p2a: Dondozo|spa|2\n|-boost|p2a: Dondozo|spe|2\n|-boost|p2a: Dondozo|def|2\n|-boost|p2a: Dondozo|spd|2\n|move|p2a: Dondozo|Protect|p2a: Dondozo\n|-singleturn|p2a: Dondozo|Protect\n|move|p1b: Urshifu|Surging Strikes|p2a: Dondozo\n|-resisted|p2a: Dondozo\n|-crit|p2a: Dondozo\n|-damage|p2a: Dondozo|88\/100\n|-resisted|p2a: Dondozo\n|-crit|p2a: Dondozo\n|-damage|p2a: Dondozo|75\/100\n|-resisted|p2a: Dondozo\n|-crit|p2a: Dondozo\n|-damage|p2a: Dondozo|63\/100\n|-hitcount|p2a: Dondozo|3\n|move|p1a: Pelipper|Chilling Water|p2a: Dondozo\n|-activate|p2a: Dondozo|move: Protect\n|\n|-weather|RainDance|[upkeep]\n|-damage|p1b: Urshifu|20\/100 psn|[from] psn\n|-damage|p1a: Pelipper|0 fnt|[from] psn\n|faint|p1a: Pelipper\n|upkeep\n|\n|t:|1700892487\n|switch|p1a: Iron Hands|Iron Hands, L50|100\/100\n|turn|4\n|\n|t:|1700892495\n|move|p2a: Dondozo|Order Up|p1a: Iron Hands\n|-damage|p1a: Iron Hands|70\/100\n|-boost|p2a: Dondozo|atk|1\n|move|p1b: Urshifu|Surging Strikes|p2a: Dondozo\n|-resisted|p2a: Dondozo\n|-crit|p2a: Dondozo\n|-damage|p2a: Dondozo|50\/100\n|-enditem|p2a: Dondozo|Sitrus Berry|[eat]\n|-heal|p2a: Dondozo|75\/100|[from] item: Sitrus Berry\n|-resisted|p2a: Dondozo\n|-crit|p2a: Dondozo\n|-damage|p2a: Dondozo|63\/100\n|-resisted|p2a: Dondozo\n|-crit|p2a: Dondozo\n|-damage|p2a: Dondozo|50\/100\n|-hitcount|p2a: Dondozo|3\n|move|p1a: Iron Hands|Belly Drum|p1a: Iron Hands\n|-damage|p1a: Iron Hands|20\/100\n|-setboost|p1a: Iron Hands|atk|6|[from] move: Belly Drum\n|-enditem|p1a: Iron Hands|Sitrus Berry|[eat]\n|-heal|p1a: Iron Hands|45\/100|[from] item: Sitrus Berry\n|\n|-weather|RainDance|[upkeep]\n|-damage|p1b: Urshifu|8\/100 psn|[from] psn\n|upkeep\n|turn|5\n|inactive|ashnansnsn has 30 seconds left.\n|inactive|Zeus_Swerve has 30 seconds left.\n|\n|t:|1700892522\n|move|p2a: Dondozo|Order Up|p1a: Iron Hands\n|-damage|p1a: Iron Hands|10\/100\n|-boost|p2a: Dondozo|atk|1\n|move|p1b: Urshifu|Surging Strikes|p2a: Dondozo\n|-resisted|p2a: Dondozo\n|-crit|p2a: Dondozo\n|-damage|p2a: Dondozo|39\/100\n|-resisted|p2a: Dondozo\n|-crit|p2a: Dondozo\n|-damage|p2a: Dondozo|27\/100\n|-resisted|p2a: Dondozo\n|-crit|p2a: Dondozo\n|-damage|p2a: Dondozo|15\/100\n|-hitcount|p2a: Dondozo|3\n|move|p1a: Iron Hands|Drain Punch|p2a: Dondozo\n|-damage|p2a: Dondozo|0 fnt\n|-heal|p1a: Iron Hands|17\/100|[from] drain|[of] p2a: Dondozo\n|faint|p2a: Dondozo\n|\n|-weather|RainDance|[upkeep]\n|-damage|p1b: Urshifu|0 fnt|[from] psn\n|faint|p1b: Urshifu\n|upkeep\n|\n|t:|1700892539\n|switch|p1b: Ludicolo|Ludicolo, L50, M, shiny|100\/100\n|switch|p2a: Glimmora|Glimmora, L50, M, tera:Grass|41\/100 frz\n|turn|6\n|\n|t:|1700892554\n|move|p1b: Ludicolo|Fake Out|p2b: Tatsugiri\n|-damage|p2b: Tatsugiri|88\/100\n|cant|p2a: Glimmora|frz\n|move|p1a: Iron Hands|Drain Punch|p2b: Tatsugiri\n|-damage|p2b: Tatsugiri|0 fnt\n|-heal|p1a: Iron Hands|41\/100|[from] drain|[of] p2b: Tatsugiri\n|faint|p2b: Tatsugiri\n|\n|-weather|RainDance|[upkeep]\n|upkeep\n|turn|7\n|\n|t:|1700892569\n|move|p1b: Ludicolo|Icy Wind|p2a: Glimmora\n|-supereffective|p2a: Glimmora\n|-damage|p2a: Glimmora|0 fnt\n|faint|p2a: Glimmora\n|\n|win|ashnansnsn\n|raw|ashnansnsn's rating: 1000 &rarr; <strong>1042<\/strong><br \/>(+42 for winning)\n|raw|Zeus_Swerve's rating: 1014 &rarr; <strong>1001<\/strong><br \/>(-13 for losing)\n|l|\u2606ashnansnsn\n","uploadtime":1700892576,"views":16,"p1id":"ashnansnsn","p2id":"zeusswerve","formatid":"gen9vgc2023regulatione","rating":1001,"private":0,"password":""}