{"id":"gen9vgc2023regulatione-1998230605","p1":"Hikawari","p2":"BlindMagneton","format":"[Gen 9] VGC 2023 Regulation E","log":"|j|\u2606Hikawari\n|j|\u2606BlindMagneton\n|t:|1700916704\n|gametype|doubles\n|player|p1|Hikawari|169|1452\n|player|p2|BlindMagneton|wattson|1547\n|teamsize|p1|6\n|teamsize|p2|6\n|gen|9\n|tier|[Gen 9] VGC 2023 Regulation E\n|rated|\n|rule|Species Clause: Limit one of each Pok\u00e9mon\n|rule|Item Clause: Limit one of each item\n|clearpoke\n|poke|p1|Cresselia, L50, F|\n|poke|p1|Ursaluna-Bloodmoon, L50, M|\n|poke|p1|Sinistcha, L50|\n|poke|p1|Iron Hands, L50|\n|poke|p1|Ogerpon-Wellspring, L50, F|\n|poke|p1|Chien-Pao, L50|\n|poke|p2|Mandibuzz, L50, F|\n|poke|p2|Abomasnow, L50, F|\n|poke|p2|Roaring Moon, L50|\n|poke|p2|Brambleghast, L50, M|\n|poke|p2|Farigiraf, L50, F|\n|poke|p2|Hydreigon, L50, M|\n|teampreview|4\nHikawari has agreed to open team sheets.\n|inactive|Battle timer is ON: inactive players will automatically lose when time's up. (requested by Hikawari)\n|inactive|Hikawari has 60 seconds left.\n|\n|t:|1700916754\n|start\n|switch|p1a: Cresselia|Cresselia, L50, F|100\/100\n|switch|p1b: Iron Hands|Iron Hands, L50|100\/100\n|switch|p2a: Mandibuzz|Mandibuzz, L50, F|100\/100\n|switch|p2b: Abomasnow|Abomasnow, L50, F|100\/100\n|-weather|Snow|[from] ability: Snow Warning|[of] p2b: Abomasnow\n|turn|1\n|inactive|BlindMagneton has 30 seconds left.\n|\n|t:|1700916782\n|move|p2b: Abomasnow|Ice Shard|p2a: Mandibuzz\n|-supereffective|p2a: Mandibuzz\n|-damage|p2a: Mandibuzz|80\/100\n|-ability|p2a: Mandibuzz|Weak Armor|boost\n|-unboost|p2a: Mandibuzz|def|1\n|-boost|p2a: Mandibuzz|spe|2\n|-enditem|p2a: Mandibuzz|Weakness Policy\n|-boost|p2a: Mandibuzz|atk|2|[from] item: Weakness Policy\n|-boost|p2a: Mandibuzz|spa|2|[from] item: Weakness Policy\n|move|p2a: Mandibuzz|Lash Out|p1a: Cresselia\n|-supereffective|p1a: Cresselia\n|-damage|p1a: Cresselia|0 fnt\n|faint|p1a: Cresselia\n|move|p1b: Iron Hands|Wild Charge|p2a: Mandibuzz\n|-supereffective|p2a: Mandibuzz\n|-damage|p2a: Mandibuzz|0 fnt\n|faint|p2a: Mandibuzz\n|-damage|p1b: Iron Hands|86\/100|[from] Recoil\n|\n|-weather|Snow|[upkeep]\n|upkeep\n|inactive|Hikawari has 30 seconds left.\n|inactive|Hikawari has 20 seconds left.\n|inactive|Hikawari has 15 seconds left.\n|\n|t:|1700916826\n|switch|p2a: Farigiraf|Farigiraf, L50, F|100\/100\n|switch|p1a: Ogerpon|Ogerpon-Wellspring, L50, F|100\/100\n|turn|2\n|inactive|Hikawari has 30 seconds left.\n|inactive|BlindMagneton has 30 seconds left.\n|inactive|BlindMagneton has 20 seconds left.\n|inactive|BlindMagneton has 15 seconds left.\n|inactive|BlindMagneton has 10 seconds left.\n|inactive|BlindMagneton has 5 seconds left.\n|\n|t:|1700916879\n|switch|p2a: Brambleghast|Brambleghast, L50, M|100\/100\n|-terastallize|p2b: Abomasnow|Ghost\n|-terastallize|p1b: Iron Hands|Fire\n|move|p1a: Ogerpon|Spiky Shield|p1a: Ogerpon\n|-singleturn|p1a: Ogerpon|move: Protect\n|move|p2b: Abomasnow|Energy Ball|p1a: Ogerpon\n|-activate|p1a: Ogerpon|move: Protect\n|move|p1b: Iron Hands|Drain Punch|p2b: Abomasnow\n|-immune|p2b: Abomasnow\n|\n|-weather|Snow|[upkeep]\n|upkeep\n|turn|3\n|\n|t:|1700916900\n|move|p2b: Abomasnow|Protect|p2b: Abomasnow\n|-singleturn|p2b: Abomasnow|Protect\n|move|p1a: Ogerpon|Ivy Cudgel|p2b: Abomasnow|[anim] Ivy Cudgel Water\n|-activate|p2b: Abomasnow|move: Protect\n|move|p2a: Brambleghast|Strength Sap|p1a: Ogerpon\n|-unboost|p1a: Ogerpon|atk|1\n|move|p1b: Iron Hands|Wild Charge|p2b: Abomasnow\n|-activate|p2b: Abomasnow|move: Protect\n|\n|-weather|Snow|[upkeep]\n|upkeep\n|turn|4\n|inactive|BlindMagneton has 30 seconds left.\n|\n|t:|1700916927\n|switch|p1a: Ursaluna|Ursaluna-Bloodmoon, L50, M|100\/100\n|move|p2b: Abomasnow|Energy Ball|p1a: Ursaluna\n|-supereffective|p1a: Ursaluna\n|-damage|p1a: Ursaluna|15\/100\n|move|p2a: Brambleghast|Strength Sap|p1b: Iron Hands\n|-unboost|p1b: Iron Hands|atk|1\n|move|p1b: Iron Hands|Wild Charge|p2b: Abomasnow\n|-damage|p2b: Abomasnow|48\/100\n|-damage|p1b: Iron Hands|78\/100|[from] Recoil\n|\n|-weather|Snow|[upkeep]\n|upkeep\n|turn|5\n|\n|t:|1700916950\n|move|p2b: Abomasnow|Blizzard|p1b: Iron Hands|[spread] p1a,p1b\n|-supereffective|p1a: Ursaluna\n|-resisted|p1b: Iron Hands\n|-damage|p1a: Ursaluna|0 fnt\n|-damage|p1b: Iron Hands|67\/100\n|faint|p1a: Ursaluna\n|move|p2a: Brambleghast|Strength Sap|p1b: Iron Hands\n|-unboost|p1b: Iron Hands|atk|1\n|move|p1b: Iron Hands|Wild Charge|p2b: Abomasnow\n|-damage|p2b: Abomasnow|11\/100\n|-damage|p1b: Iron Hands|61\/100|[from] Recoil\n|\n|-weather|none\n|upkeep\n|\n|t:|1700916960\n|switch|p1a: Ogerpon|Ogerpon-Wellspring, L50, F|100\/100\n|turn|6\n|\n|t:|1700916973\n|move|p2b: Abomasnow|Protect|p2b: Abomasnow\n|-singleturn|p2b: Abomasnow|Protect\n|move|p2a: Brambleghast|Protect|p2a: Brambleghast\n|-singleturn|p2a: Brambleghast|Protect\n|move|p1a: Ogerpon|Ivy Cudgel|p2a: Brambleghast|[anim] Ivy Cudgel Water\n|-activate|p2a: Brambleghast|move: Protect\n|move|p1b: Iron Hands|Heavy Slam|p2a: Brambleghast\n|-activate|p2a: Brambleghast|move: Protect\n|\n|upkeep\n|turn|7\n|\n|t:|1700916997\n|move|p1a: Ogerpon|Ivy Cudgel|p2b: Abomasnow|[anim] Ivy Cudgel Water\n|-damage|p2b: Abomasnow|0 fnt\n|faint|p2b: Abomasnow\n|move|p2a: Brambleghast|Strength Sap|p1b: Iron Hands\n|-unboost|p1b: Iron Hands|atk|1\n|move|p1b: Iron Hands|Wild Charge|p2a: Brambleghast\n|-resisted|p2a: Brambleghast\n|-damage|p2a: Brambleghast|89\/100\n|-damage|p1b: Iron Hands|45\/100|[from] item: Rocky Helmet|[of] p2a: Brambleghast\n|-damage|p1b: Iron Hands|43\/100|[from] Recoil\n|\n|upkeep\n|\n|t:|1700917004\n|switch|p2b: Farigiraf|Farigiraf, L50, F|100\/100\n|turn|8\n|\n|t:|1700917014\n|move|p1a: Ogerpon|Ivy Cudgel|p2b: Farigiraf|[anim] Ivy Cudgel Water\n|-crit|p2b: Farigiraf\n|-damage|p2b: Farigiraf|15\/100\n|move|p2a: Brambleghast|Strength Sap|p1a: Ogerpon\n|-unboost|p1a: Ogerpon|atk|1\n|-heal|p2a: Brambleghast|100\/100\n|move|p2b: Farigiraf|Hyper Voice|p1b: Iron Hands|[spread] p1a,p1b\n|-damage|p1a: Ogerpon|71\/100\n|-damage|p1b: Iron Hands|21\/100\n|-enditem|p2b: Farigiraf|Throat Spray\n|-boost|p2b: Farigiraf|spa|1|[from] item: Throat Spray\n|move|p1b: Iron Hands|Drain Punch|p2b: Farigiraf\n|-damage|p2b: Farigiraf|0 fnt\n|-heal|p1b: Iron Hands|28\/100|[from] drain|[of] p2b: Farigiraf\n|faint|p2b: Farigiraf\n|\n|upkeep\n|turn|9\n|inactive|Hikawari has 30 seconds left.\n|inactive|Hikawari has 20 seconds left.\n|inactive|Hikawari has 15 seconds left.\n|inactive|Hikawari has 10 seconds left.\n|inactive|Hikawari has 5 seconds left.\n|\n|t:|1700917066\n|move|p1a: Ogerpon|Ivy Cudgel|p2a: Brambleghast|[anim] Ivy Cudgel Water\n|-resisted|p2a: Brambleghast\n|-damage|p2a: Brambleghast|80\/100\n|move|p2a: Brambleghast|Power Whip|p1a: Ogerpon|[miss]\n|-miss|p2a: Brambleghast|p1a: Ogerpon\n|move|p1b: Iron Hands|Heavy Slam|p2a: Brambleghast\n|-damage|p2a: Brambleghast|60\/100\n|-damage|p1b: Iron Hands|11\/100|[from] item: Rocky Helmet|[of] p2a: Brambleghast\n|\n|upkeep\n|turn|10\n|\n|t:|1700917078\n|move|p1a: Ogerpon|Ivy Cudgel|p2a: Brambleghast|[anim] Ivy Cudgel Water\n|-resisted|p2a: Brambleghast\n|-damage|p2a: Brambleghast|41\/100\n|move|p2a: Brambleghast|Strength Sap|p1a: Ogerpon\n|-unboost|p1a: Ogerpon|atk|1\n|-heal|p2a: Brambleghast|100\/100\n|move|p1b: Iron Hands|Heavy Slam|p2a: Brambleghast\n|-damage|p2a: Brambleghast|83\/100\n|-damage|p1b: Iron Hands|0 fnt|[from] item: Rocky Helmet|[of] p2a: Brambleghast\n|faint|p1b: Iron Hands\n|-end|p1b: Iron Hands|Quark Drive|[silent]\n|\n|upkeep\n|turn|11\n|-message|Hikawari forfeited.\n|\n|win|BlindMagneton\n|raw|Hikawari's rating: 1452 &rarr; <strong>1437<\/strong><br \/>(-15 for losing)\n|raw|BlindMagneton's rating: 1547 &rarr; <strong>1562<\/strong><br \/>(+15 for winning)\n|l|\u2606Hikawari\n","uploadtime":1700917091,"views":4,"p1id":"hikawari","p2id":"blindmagneton","formatid":"gen9vgc2023regulatione","rating":1437,"private":0,"password":""}