{"id":"gen9vgc2023regulatione-1994173710","p1":"LaRedPanda","p2":"huntaaahr","format":"[Gen 9] VGC 2023 Regulation E","log":"|j|\u2606LaRedPanda\n|j|\u2606huntaaahr\n|t:|1700415324\n|gametype|doubles\n|player|p1|LaRedPanda|roxie|1072\n|player|p2|huntaaahr|101|1173\n|teamsize|p1|6\n|teamsize|p2|6\n|gen|9\n|tier|[Gen 9] VGC 2023 Regulation E\n|rated|\n|rule|Species Clause: Limit one of each Pok\u00e9mon\n|rule|Item Clause: Limit one of each item\n|clearpoke\n|poke|p1|Greninja-*, L50, F|\n|poke|p1|Azelf, L50|\n|poke|p1|Skeledirge, L50, F|\n|poke|p1|Grimmsnarl, L50, M|\n|poke|p1|Iron Hands, L50|\n|poke|p1|Landorus-Therian, L50, M|\n|poke|p2|Dusclops, L50, F|\n|poke|p2|Farigiraf, L50, F|\n|poke|p2|Torkoal, L50, M|\n|poke|p2|Conkeldurr, L50, F|\n|poke|p2|Lilligant-Hisui, L50, F|\n|poke|p2|Goodra-Hisui, L50, M|\n|teampreview|4\n|\n|t:|1700415347\n|start\n|switch|p1a: Grimmsnarl|Grimmsnarl, L50, M|100\/100\n|switch|p1b: Azelf|Azelf, L50|100\/100\n|switch|p2a: Lilligant|Lilligant-Hisui, L50, F|100\/100\n|switch|p2b: Torkoal|Torkoal, L50, M|100\/100\n|-weather|SunnyDay|[from] ability: Drought|[of] p2b: Torkoal\n|turn|1\n|\n|t:|1700415385\n|move|p2a: Lilligant|Protect|p2a: Lilligant\n|-singleturn|p2a: Lilligant|Protect\n|move|p1b: Azelf|Protect|p1b: Azelf\n|-singleturn|p1b: Azelf|Protect\n|move|p2b: Torkoal|Protect|p2b: Torkoal\n|-singleturn|p2b: Torkoal|Protect\n|move|p1a: Grimmsnarl|Light Screen|p1a: Grimmsnarl\n|-sidestart|p1: LaRedPanda|move: Light Screen\n|\n|-weather|SunnyDay|[upkeep]\n|upkeep\n|turn|2\n|\n|t:|1700415406\n|-terastallize|p2b: Torkoal|Fire\n|move|p1a: Grimmsnarl|Parting Shot|p2b: Torkoal\n|-unboost|p2b: Torkoal|atk|1\n|-unboost|p2b: Torkoal|spa|1\n|\n|t:|1700415413\n|switch|p1a: Greninja|Greninja, L50, F|100\/100|[from] Parting Shot\n|move|p2a: Lilligant|After You|p2b: Torkoal\n|-activate|p2b: Torkoal|move: After You\n|move|p2b: Torkoal|Eruption|p1b: Azelf|[spread] p1a,p1b\n|-resisted|p1a: Greninja\n|-damage|p1a: Greninja|66\/100\n|-damage|p1b: Azelf|52\/100\n|move|p1b: Azelf|Nasty Plot|p1b: Azelf\n|-boost|p1b: Azelf|spa|2\n|\n|-weather|SunnyDay|[upkeep]\n|upkeep\n|turn|3\n|\n|t:|1700415450\n|move|p2a: Lilligant|After You|p2b: Torkoal\n|-activate|p2b: Torkoal|move: After You\n|move|p2b: Torkoal|Eruption|p1b: Azelf|[spread] p1a,p1b\n|-resisted|p1a: Greninja\n|-damage|p1a: Greninja|31\/100\n|-damage|p1b: Azelf|2\/100\n|move|p1a: Greninja|Round|p2b: Torkoal\n|-start|p1a: Greninja|typechange|Normal|[from] ability: Protean\n|-damage|p2b: Torkoal|57\/100\n|move|p1b: Azelf|Round|p2a: Lilligant|[from]move: Round\n|-damage|p2a: Lilligant|3\/100\n|-enditem|p1b: Azelf|Throat Spray\n|-boost|p1b: Azelf|spa|1|[from] item: Throat Spray\n|\n|-weather|SunnyDay|[upkeep]\n|upkeep\n|turn|4\n|\n|t:|1700415478\n|move|p1b: Azelf|Protect|p1b: Azelf\n|-singleturn|p1b: Azelf|Protect\n|move|p2a: Lilligant|Close Combat|p1a: Greninja\n|-supereffective|p1a: Greninja\n|-damage|p1a: Greninja|0 fnt\n|-unboost|p2a: Lilligant|def|1\n|-unboost|p2a: Lilligant|spd|1\n|faint|p1a: Greninja\n|move|p2b: Torkoal|Body Press|p1b: Azelf\n|-activate|p1b: Azelf|move: Protect\n|\n|-weather|SunnyDay|[upkeep]\n|upkeep\n|\n|t:|1700415486\n|switch|p1a: Iron Hands|Iron Hands, L50|100\/100\n|turn|5\n|\n|t:|1700415499\n|move|p2a: Lilligant|Protect|p2a: Lilligant\n|-singleturn|p2a: Lilligant|Protect\n|move|p2b: Torkoal|Protect|p2b: Torkoal\n|-singleturn|p2b: Torkoal|Protect\n|move|p1a: Iron Hands|Fake Out|p2a: Lilligant\n|-activate|p2a: Lilligant|move: Protect\n|move|p1b: Azelf|Psyshock|p2b: Torkoal\n|-activate|p2b: Torkoal|move: Protect\n|\n|-weather|none\n|upkeep\n|turn|6\n|\n|t:|1700415526\n|switch|p1b: Grimmsnarl|Grimmsnarl, L50, M|100\/100\n|move|p2a: Lilligant|Leaf Blade|p1b: Grimmsnarl\n|-crit|p1b: Grimmsnarl\n|-damage|p1b: Grimmsnarl|15\/100\n|move|p1a: Iron Hands|Drain Punch|p2b: Torkoal\n|-damage|p2b: Torkoal|32\/100\n|move|p2b: Torkoal|Heat Wave|p1a: Iron Hands|[spread] p1a\n|-miss|p2b: Torkoal|p1b: Grimmsnarl\n|-damage|p1a: Iron Hands|91\/100\n|\n|upkeep\n|turn|7\n|\n|t:|1700415548\n|move|p1b: Grimmsnarl|Reflect|p1b: Grimmsnarl\n|-sidestart|p1: LaRedPanda|Reflect\n|move|p2a: Lilligant|Leaf Blade|p1b: Grimmsnarl\n|-damage|p1b: Grimmsnarl|0 fnt\n|faint|p1b: Grimmsnarl\n|move|p1a: Iron Hands|Drain Punch|p2a: Lilligant\n|-damage|p2a: Lilligant|0 fnt\n|-heal|p1a: Iron Hands|92\/100|[from] drain|[of] p2a: Lilligant\n|faint|p2a: Lilligant\n|move|p2b: Torkoal|Heat Wave|p1a: Iron Hands|[miss]\n|-miss|p2b: Torkoal|p1a: Iron Hands\n|\n|upkeep\n|\n|t:|1700415558\n|switch|p2a: Conkeldurr|Conkeldurr, L50, F|100\/100\n|switch|p1b: Azelf|Azelf, L50|2\/100\n|turn|8\n|\n|t:|1700415576\n|move|p2a: Conkeldurr|Protect|p2a: Conkeldurr\n|-singleturn|p2a: Conkeldurr|Protect\n|move|p1b: Azelf|Psyshock|p2b: Torkoal\n|-damage|p2b: Torkoal|7\/100\n|move|p1a: Iron Hands|Drain Punch|p2b: Torkoal\n|-damage|p2b: Torkoal|0 fnt\n|-heal|p1a: Iron Hands|94\/100|[from] drain|[of] p2b: Torkoal\n|faint|p2b: Torkoal\n|\n|-sideend|p1: LaRedPanda|move: Light Screen\n|-status|p2a: Conkeldurr|brn|[from] item: Flame Orb\n|upkeep\n|\n|t:|1700415582\n|switch|p2b: Dusclops|Dusclops, L50, F|100\/100\n|-ability|p2b: Dusclops|Pressure\n|turn|9\n|\n|t:|1700415597\n|move|p1b: Azelf|Protect|p1b: Azelf\n|-singleturn|p1b: Azelf|Protect\n|move|p2a: Conkeldurr|Mach Punch|p1b: Azelf\n|-activate|p1b: Azelf|move: Protect\n|move|p1a: Iron Hands|Drain Punch|p2a: Conkeldurr\n|-damage|p2a: Conkeldurr|68\/100 brn\n|-heal|p1a: Iron Hands|100\/100|[from] drain|[of] p2a: Conkeldurr\n|move|p2b: Dusclops|Trick Room|p2b: Dusclops\n|-fieldstart|move: Trick Room|[of] p2b: Dusclops\n|\n|-damage|p2a: Conkeldurr|62\/100 brn|[from] brn\n|upkeep\n|turn|10\n|\n|t:|1700415623\n|-terastallize|p1a: Iron Hands|Fighting\n|move|p1b: Azelf|Protect||[still]\n|-fail|p1b: Azelf\n|move|p2a: Conkeldurr|Mach Punch|p1b: Azelf\n|-resisted|p1b: Azelf\n|-damage|p1b: Azelf|0 fnt\n|faint|p1b: Azelf\n|move|p2b: Dusclops|Night Shade|p1a: Iron Hands\n|-damage|p1a: Iron Hands|81\/100\n|move|p1a: Iron Hands|Drain Punch|p2a: Conkeldurr\n|-crit|p2a: Conkeldurr\n|-damage|p2a: Conkeldurr|0 fnt\n|-heal|p1a: Iron Hands|100\/100|[from] drain|[of] p2a: Conkeldurr\n|faint|p2a: Conkeldurr\n|\n|upkeep\n|turn|11\n|\n|t:|1700415649\n|move|p2b: Dusclops|Night Shade|p1a: Iron Hands\n|-damage|p1a: Iron Hands|81\/100\n|move|p1a: Iron Hands|Heavy Slam|p2b: Dusclops\n|-damage|p2b: Dusclops|77\/100\n|\n|upkeep\n|turn|12\n|\n|t:|1700415661\n|move|p2b: Dusclops|Night Shade|p1a: Iron Hands\n|-damage|p1a: Iron Hands|62\/100\n|move|p1a: Iron Hands|Heavy Slam|p2b: Dusclops\n|-damage|p2b: Dusclops|54\/100\n|\n|upkeep\n|turn|13\n|\n|t:|1700415668\n|move|p2b: Dusclops|Pain Split|p1a: Iron Hands\n|-sethp|p1a: Iron Hands|44\/100|[from] move: Pain Split|[silent]\n|-sethp|p2b: Dusclops|90\/100|[from] move: Pain Split\n|move|p1a: Iron Hands|Heavy Slam|p2b: Dusclops\n|-damage|p2b: Dusclops|67\/100\n|\n|-fieldend|move: Trick Room\n|upkeep\n|turn|14\n|\n|t:|1700415683\n|move|p1a: Iron Hands|Heavy Slam|p2b: Dusclops\n|-damage|p2b: Dusclops|43\/100\n|move|p2b: Dusclops|Pain Split|p1a: Iron Hands\n|-sethp|p1a: Iron Hands|33\/100|[from] move: Pain Split|[silent]\n|-sethp|p2b: Dusclops|67\/100|[from] move: Pain Split\n|\n|-sideend|p1: LaRedPanda|Reflect\n|upkeep\n|turn|15\n|\n|t:|1700415696\n|move|p1a: Iron Hands|Heavy Slam|p2b: Dusclops\n|-damage|p2b: Dusclops|43\/100\n|move|p2b: Dusclops|Pain Split|p1a: Iron Hands\n|-sethp|p1a: Iron Hands|27\/100|[from] move: Pain Split|[silent]\n|-sethp|p2b: Dusclops|55\/100|[from] move: Pain Split\n|\n|upkeep\n|turn|16\n|\n|t:|1700415704\n|move|p1a: Iron Hands|Heavy Slam|p2b: Dusclops\n|-damage|p2b: Dusclops|31\/100\n|move|p2b: Dusclops|Pain Split|p1a: Iron Hands\n|-sethp|p1a: Iron Hands|21\/100|[from] move: Pain Split|[silent]\n|-sethp|p2b: Dusclops|43\/100|[from] move: Pain Split\n|\n|upkeep\n|turn|17\n|\n|t:|1700415711\n|move|p1a: Iron Hands|Heavy Slam|p2b: Dusclops\n|-damage|p2b: Dusclops|20\/100\n|move|p2b: Dusclops|Pain Split|p1a: Iron Hands\n|-sethp|p1a: Iron Hands|15\/100|[from] move: Pain Split|[silent]\n|-sethp|p2b: Dusclops|31\/100|[from] move: Pain Split\n|\n|upkeep\n|turn|18\n|\n|t:|1700415718\n|move|p1a: Iron Hands|Wild Charge|p2b: Dusclops\n|-damage|p2b: Dusclops|4\/100\n|-damage|p1a: Iron Hands|12\/100|[from] Recoil\n|move|p2b: Dusclops|Night Shade|p1a: Iron Hands\n|-damage|p1a: Iron Hands|0 fnt\n|faint|p1a: Iron Hands\n|-end|p1a: Iron Hands|Quark Drive|[silent]\n|\n|win|huntaaahr\n|raw|LaRedPanda's rating: 1072 &rarr; <strong>1057<\/strong><br \/>(-15 for losing)\n|raw|huntaaahr's rating: 1173 &rarr; <strong>1191<\/strong><br \/>(+18 for winning)\n","uploadtime":1700415728,"views":6,"p1id":"laredpanda","p2id":"huntaaahr","formatid":"gen9vgc2023regulatione","rating":1057,"private":0,"password":""}