{"id":"gen9vgc2023regulatione-1997437494","p1":"Cjpremo","p2":"OlivineSio","format":"[Gen 9] VGC 2023 Regulation E","log":"|j|\u2606Cjpremo\n|j|\u2606OlivineSio\n|t:|1700805091\n|gametype|doubles\n|player|p1|Cjpremo|1|1228\n|player|p2|OlivineSio|dawn-gen4pt|1308\n|teamsize|p1|6\n|teamsize|p2|6\n|gen|9\n|tier|[Gen 9] VGC 2023 Regulation E\n|rated|\n|rule|Species Clause: Limit one of each Pok\u00e9mon\n|rule|Item Clause: Limit one of each item\n|clearpoke\n|poke|p1|Landorus-Therian, L50, M|\n|poke|p1|Flutter Mane, L50|\n|poke|p1|Weezing, L50, M|\n|poke|p1|Roaring Moon, L50|\n|poke|p1|Ogerpon-Wellspring, L50, F|\n|poke|p1|Iron Hands, L50|\n|poke|p2|Urshifu-*, L50, M|\n|poke|p2|Ogerpon-Wellspring, L50, F|\n|poke|p2|Landorus, L50, M|\n|poke|p2|Roaring Moon, L50|\n|poke|p2|Amoonguss, L50, F|\n|poke|p2|Chien-Pao, L50|\n|teampreview|4\n|inactive|Battle timer is ON: inactive players will automatically lose when time's up. (requested by OlivineSio)\n|inactive|Cjpremo has 60 seconds left.\n|\n|t:|1700805213\n|start\n|switch|p1a: Iron Hands|Iron Hands, L50|100\/100\n|switch|p1b: Weezing|Weezing, L50, M|100\/100\n|switch|p2a: Landorus|Landorus, L50, M|100\/100\n|switch|p2b: Roaring Moon|Roaring Moon, L50|100\/100\n|-ability|p1b: Weezing|Neutralizing Gas\n|-enditem|p2b: Roaring Moon|Booster Energy\n|-activate|p2b: Roaring Moon|ability: Protosynthesis|[fromitem]\n|-start|p2b: Roaring Moon|protosynthesisspe\n|turn|1\n|inactive|OlivineSio has 30 seconds left.\n|\n|t:|1700805242\n|move|p2b: Roaring Moon|Protect|p2b: Roaring Moon\n|-singleturn|p2b: Roaring Moon|Protect\n|move|p1a: Iron Hands|Fake Out|p2b: Roaring Moon\n|-activate|p2b: Roaring Moon|move: Protect\n|move|p2a: Landorus|Earth Power|p1b: Weezing\n|-supereffective|p1b: Weezing\n|-damage|p1b: Weezing|0 fnt\n|faint|p1b: Weezing\n|-end|p1b: Weezing|ability: Neutralizing Gas\n|-damage|p2a: Landorus|91\/100|[from] item: Life Orb\n|\n|upkeep\n|\n|t:|1700805251\n|switch|p1b: Roaring Moon|Roaring Moon, L50|100\/100\n|-enditem|p1b: Roaring Moon|Booster Energy\n|-activate|p1b: Roaring Moon|ability: Protosynthesis|[fromitem]\n|-start|p1b: Roaring Moon|protosynthesisspe\n|turn|2\n|\n|t:|1700805270\n|-terastallize|p2b: Roaring Moon|Flying\n|-terastallize|p1a: Iron Hands|Water\n|move|p1b: Roaring Moon|Tailwind|p1b: Roaring Moon\n|-sidestart|p1: Cjpremo|move: Tailwind\n|move|p2b: Roaring Moon|Tailwind|p2b: Roaring Moon\n|-sidestart|p2: OlivineSio|move: Tailwind\n|move|p2a: Landorus|Earth Power|p1a: Iron Hands\n|-damage|p1a: Iron Hands|63\/100\n|move|p1a: Iron Hands|Drain Punch|p2b: Roaring Moon\n|-resisted|p2b: Roaring Moon\n|-crit|p2b: Roaring Moon\n|-damage|p2b: Roaring Moon|55\/100\n|-heal|p1a: Iron Hands|81\/100|[from] drain|[of] p2b: Roaring Moon\n|\n|upkeep\n|turn|3\n|inactive|Cjpremo has 30 seconds left.\n|inactive|OlivineSio has 30 seconds left.\n|inactive|OlivineSio has 20 seconds left.\n|\n|t:|1700805306\n|move|p1b: Roaring Moon|Knock Off|p2a: Landorus\n|-damage|p2a: Landorus|38\/100\n|-enditem|p2a: Landorus|Life Orb|[from] move: Knock Off|[of] p1b: Roaring Moon\n|move|p2b: Roaring Moon|Knock Off|p1a: Iron Hands\n|-damage|p1a: Iron Hands|44\/100\n|-enditem|p1a: Iron Hands|Assault Vest|[from] move: Knock Off|[of] p2b: Roaring Moon\n|move|p2a: Landorus|Earth Power|p1a: Iron Hands\n|-damage|p1a: Iron Hands|4\/100\n|move|p1a: Iron Hands|Wild Charge|p2b: Roaring Moon\n|-supereffective|p2b: Roaring Moon\n|-damage|p2b: Roaring Moon|0 fnt\n|faint|p2b: Roaring Moon\n|-end|p2b: Roaring Moon|Protosynthesis|[silent]\n|-damage|p1a: Iron Hands|0 fnt|[from] Recoil\n|faint|p1a: Iron Hands\n|-end|p1a: Iron Hands|Quark Drive|[silent]\n|\n|upkeep\n|\n|t:|1700805323\n|switch|p2b: Amoonguss|Amoonguss, L50, F|100\/100\n|switch|p1a: Ogerpon|Ogerpon-Wellspring, L50, F|100\/100\n|turn|4\n|inactive|Cjpremo has 30 seconds left.\n|\n|t:|1700805357\n|switch|p2a: Ogerpon|Ogerpon-Wellspring, L50, F|100\/100\n|move|p1b: Roaring Moon|Protect|p1b: Roaring Moon\n|-singleturn|p1b: Roaring Moon|Protect\n|move|p1a: Ogerpon|Swords Dance|p1a: Ogerpon\n|-boost|p1a: Ogerpon|atk|2\n|move|p2b: Amoonguss|Spore|p1b: Roaring Moon\n|-activate|p1b: Roaring Moon|move: Protect\n|\n|upkeep\n|turn|5\n|\n|t:|1700805377\n|move|p2a: Ogerpon|Spiky Shield|p2a: Ogerpon\n|-singleturn|p2a: Ogerpon|move: Protect\n|move|p1b: Roaring Moon|Acrobatics|p2b: Amoonguss\n|-supereffective|p2b: Amoonguss\n|-damage|p2b: Amoonguss|47\/100\n|-enditem|p2b: Amoonguss|Sitrus Berry|[eat]\n|-heal|p2b: Amoonguss|72\/100|[from] item: Sitrus Berry\n|move|p1a: Ogerpon|Horn Leech|p2a: Ogerpon\n|-activate|p2a: Ogerpon|move: Protect\n|-damage|p1a: Ogerpon|88\/100|[from] Spiky Shield|[of] p2a: Ogerpon\n|move|p2b: Amoonguss|Spore|p1b: Roaring Moon\n|-status|p1b: Roaring Moon|slp|[from] move: Spore\n|\n|-sideend|p1: Cjpremo|move: Tailwind\n|-sideend|p2: OlivineSio|move: Tailwind\n|upkeep\n|turn|6\n|inactive|Cjpremo has 30 seconds left.\n|inactive|Cjpremo has 20 seconds left.\n|inactive|OlivineSio has 30 seconds left.\n|inactive|Cjpremo has 15 seconds left.\n|\n|t:|1700805418\n|cant|p1b: Roaring Moon|slp\n|move|p1a: Ogerpon|Ivy Cudgel|p2b: Amoonguss|[anim] Ivy Cudgel Water\n|-resisted|p2b: Amoonguss\n|-damage|p2b: Amoonguss|30\/100\n|move|p2a: Ogerpon|Horn Leech|p1a: Ogerpon\n|-damage|p1a: Ogerpon|45\/100\n|move|p2b: Amoonguss|Pollen Puff|p1a: Ogerpon\n|-supereffective|p1a: Ogerpon\n|-damage|p1a: Ogerpon|8\/100\n|\n|upkeep\n|turn|7\n|inactive|OlivineSio has 30 seconds left.\n|\n|t:|1700805454\n|move|p2a: Ogerpon|Spiky Shield|p2a: Ogerpon\n|-singleturn|p2a: Ogerpon|move: Protect\n|cant|p1b: Roaring Moon|slp\n|move|p1a: Ogerpon|Horn Leech|p2a: Ogerpon\n|-activate|p2a: Ogerpon|move: Protect\n|-damage|p1a: Ogerpon|0 fnt|[from] Spiky Shield|[of] p2a: Ogerpon\n|faint|p1a: Ogerpon\n|move|p2b: Amoonguss|Pollen Puff|p1b: Roaring Moon\n|-supereffective|p1b: Roaring Moon\n|-damage|p1b: Roaring Moon|65\/100 slp\n|\n|upkeep\n|turn|8\n|\n|t:|1700805475\n|-curestatus|p1b: Roaring Moon|slp|[msg]\n|move|p1b: Roaring Moon|Acrobatics|p2a: Ogerpon\n|-supereffective|p2a: Ogerpon\n|-damage|p2a: Ogerpon|39\/100\n|move|p2a: Ogerpon|Swords Dance|p2a: Ogerpon\n|-boost|p2a: Ogerpon|atk|2\n|move|p2b: Amoonguss|Spore|p1b: Roaring Moon\n|-status|p1b: Roaring Moon|slp|[from] move: Spore\n|\n|upkeep\n|turn|9\n|\n|t:|1700805488\n|cant|p1b: Roaring Moon|slp\n|move|p2a: Ogerpon|Ivy Cudgel|p1b: Roaring Moon|[anim] Ivy Cudgel Water\n|-resisted|p1b: Roaring Moon\n|-damage|p1b: Roaring Moon|9\/100 slp\n|move|p2b: Amoonguss|Pollen Puff|p1b: Roaring Moon\n|-supereffective|p1b: Roaring Moon\n|-damage|p1b: Roaring Moon|0 fnt\n|faint|p1b: Roaring Moon\n|-end|p1b: Roaring Moon|Protosynthesis|[silent]\n|\n|win|OlivineSio\n|raw|Cjpremo's rating: 1228 &rarr; <strong>1209<\/strong><br \/>(-19 for losing)\n|raw|OlivineSio's rating: 1308 &rarr; <strong>1323<\/strong><br \/>(+15 for winning)\n|l|\u2606Cjpremo\n","uploadtime":1700805506,"views":5,"p1id":"cjpremo","p2id":"olivinesio","formatid":"gen9vgc2023regulatione","rating":1209,"private":0,"password":""}