{"id":"gen9vgc2023regulatione-1999238873","p1":"TheRicoSuave","p2":"cardojtv","format":"[Gen 9] VGC 2023 Regulation E","log":"|j|\u2606TheRicoSuave\n|j|\u2606cardojtv\n|t:|1701049347\n|gametype|doubles\n|player|p1|TheRicoSuave|1|1212\n|player|p2|cardojtv|acetrainersnow|1230\n|teamsize|p1|6\n|teamsize|p2|6\n|gen|9\n|tier|[Gen 9] VGC 2023 Regulation E\n|rated|\n|rule|Species Clause: Limit one of each Pok\u00e9mon\n|rule|Item Clause: Limit one of each item\n|clearpoke\n|poke|p1|Grimmsnarl, L50, M|\n|poke|p1|Moltres-Galar, L50|\n|poke|p1|Sinistcha-Masterpiece, L50|\n|poke|p1|Arcanine-Hisui, L50, M|\n|poke|p1|Gholdengo, L50|\n|poke|p1|Kommo-o, L50, M|\n|poke|p2|Chien-Pao, L50|\n|poke|p2|Heatran, L50, F|\n|poke|p2|Ursaluna, L50, F|\n|poke|p2|Roaring Moon, L50|\n|poke|p2|Iron Hands, L50|\n|poke|p2|Flutter Mane, L50|\n|teampreview|4\n|inactive|Battle timer is ON: inactive players will automatically lose when time's up. (requested by TheRicoSuave)\n|\n|t:|1701049369\n|start\n|switch|p1a: Grimmsnarl|Grimmsnarl, L50, M|100\/100\n|switch|p1b: Kommo-o|Kommo-o, L50, M|100\/100\n|switch|p2a: Heatran|Heatran, L50, F|100\/100\n|switch|p2b: Flutter Mane|Flutter Mane, L50|100\/100\n|turn|1\n|inactive|cardojtv has 30 seconds left.\n|\n|t:|1701049399\n|-terastallize|p1b: Kommo-o|Steel\n|move|p1a: Grimmsnarl|Fake Out|p2a: Heatran\n|-resisted|p2a: Heatran\n|-damage|p2a: Heatran|96\/100\n|move|p2b: Flutter Mane|Psyshock|p1b: Kommo-o\n|-resisted|p1b: Kommo-o\n|-damage|p1b: Kommo-o|86\/100\n|move|p1b: Kommo-o|Iron Defense|p1b: Kommo-o\n|-boost|p1b: Kommo-o|def|2\n|cant|p2a: Heatran|flinch\n|\n|-heal|p2a: Heatran|100\/100|[from] item: Leftovers\n|upkeep\n|turn|2\n|\n|t:|1701049411\n|-end|p2b: Flutter Mane|Protosynthesis|[silent]\n|switch|p2b: Iron Hands|Iron Hands, L50|100\/100\n|move|p1b: Kommo-o|Protect|p1b: Kommo-o\n|-singleturn|p1b: Kommo-o|Protect\n|move|p1a: Grimmsnarl|Light Screen|p1a: Grimmsnarl\n|-sidestart|p1: TheRicoSuave|move: Light Screen\n|move|p2a: Heatran|Heat Wave|p1a: Grimmsnarl|[spread] p1a\n|-activate|p1b: Kommo-o|move: Protect\n|-damage|p1a: Grimmsnarl|77\/100\n|\n|upkeep\n|turn|3\n|\n|t:|1701049423\n|move|p1a: Grimmsnarl|Reflect|p1a: Grimmsnarl\n|-sidestart|p1: TheRicoSuave|Reflect\n|move|p1b: Kommo-o|Iron Defense|p1b: Kommo-o\n|-boost|p1b: Kommo-o|def|2\n|move|p2a: Heatran|Heat Wave|p1a: Grimmsnarl|[spread] p1a,p1b\n|-supereffective|p1b: Kommo-o\n|-damage|p1a: Grimmsnarl|54\/100\n|-damage|p1b: Kommo-o|42\/100\n|move|p2b: Iron Hands|Drain Punch|p1b: Kommo-o\n|-supereffective|p1b: Kommo-o\n|-damage|p1b: Kommo-o|29\/100\n|\n|upkeep\n|turn|4\n|\n|t:|1701049436\n|-terastallize|p2a: Heatran|Grass\n|move|p1b: Kommo-o|Protect|p1b: Kommo-o\n|-singleturn|p1b: Kommo-o|Protect\n|move|p1a: Grimmsnarl|Parting Shot|p2a: Heatran\n|-unboost|p2a: Heatran|atk|1\n|-unboost|p2a: Heatran|spa|1\n|\n|t:|1701049445\n|switch|p1a: Sinistcha|Sinistcha-Masterpiece, L50|100\/100|[from] Parting Shot\n|-heal|p1b: Kommo-o|53\/100|[from] ability: Hospitality|[of] p1a: Sinistcha\n|move|p2a: Heatran|Heat Wave|p1b: Kommo-o|[spread] p1a\n|-activate|p1b: Kommo-o|move: Protect\n|-supereffective|p1a: Sinistcha\n|-damage|p1a: Sinistcha|62\/100\n|move|p2b: Iron Hands|Drain Punch|p1b: Kommo-o\n|-activate|p1b: Kommo-o|move: Protect\n|\n|upkeep\n|turn|5\n|\n|t:|1701049462\n|switch|p1a: Arcanine|Arcanine-Hisui, L50, M|100\/100\n|-ability|p1a: Arcanine|Intimidate|boost\n|-unboost|p2a: Heatran|atk|1\n|-unboost|p2b: Iron Hands|atk|1\n|move|p1b: Kommo-o|Body Press|p2a: Heatran\n|-damage|p2a: Heatran|0 fnt\n|faint|p2a: Heatran\n|move|p2b: Iron Hands|Drain Punch|p1b: Kommo-o\n|-supereffective|p1b: Kommo-o\n|-damage|p1b: Kommo-o|44\/100\n|\n|upkeep\n|\n|t:|1701049482\n|switch|p2a: Roaring Moon|Roaring Moon, L50|100\/100\n|-enditem|p2a: Roaring Moon|Booster Energy\n|-activate|p2a: Roaring Moon|ability: Protosynthesis|[fromitem]\n|-start|p2a: Roaring Moon|protosynthesisspe\n|turn|6\n|\n|t:|1701049492\n|switch|p1a: Sinistcha|Sinistcha-Masterpiece, L50|62\/100\n|-heal|p1b: Kommo-o|69\/100|[from] ability: Hospitality|[of] p1a: Sinistcha\n|move|p1b: Kommo-o|Protect|p1b: Kommo-o\n|-singleturn|p1b: Kommo-o|Protect\n|move|p2a: Roaring Moon|Knock Off|p1b: Kommo-o\n|-activate|p1b: Kommo-o|move: Protect\n|move|p2b: Iron Hands|Drain Punch|p1b: Kommo-o\n|-activate|p1b: Kommo-o|move: Protect\n|\n|upkeep\n|turn|7\n|\n|t:|1701049501\n|switch|p1a: Arcanine|Arcanine-Hisui, L50, M|100\/100\n|-ability|p1a: Arcanine|Intimidate|boost\n|-unboost|p2a: Roaring Moon|atk|1\n|-unboost|p2b: Iron Hands|atk|1\n|move|p2a: Roaring Moon|Knock Off|p1a: Arcanine\n|-damage|p1a: Arcanine|78\/100\n|-enditem|p1a: Arcanine|Aguav Berry|[from] move: Knock Off|[of] p2a: Roaring Moon\n|move|p1b: Kommo-o|Body Press|p2a: Roaring Moon\n|-supereffective|p2a: Roaring Moon\n|-damage|p2a: Roaring Moon|0 fnt\n|faint|p2a: Roaring Moon\n|-end|p2a: Roaring Moon|Protosynthesis|[silent]\n|move|p2b: Iron Hands|Drain Punch|p1b: Kommo-o\n|-supereffective|p1b: Kommo-o\n|-damage|p1b: Kommo-o|62\/100\n|\n|upkeep\n|-message|cardojtv forfeited.\n|\n|win|TheRicoSuave\n|raw|TheRicoSuave's rating: 1212 &rarr; <strong>1238<\/strong><br \/>(+26 for winning)\n|raw|cardojtv's rating: 1230 &rarr; <strong>1204<\/strong><br \/>(-26 for losing)\n|l|\u2606cardojtv\n","uploadtime":1701049522,"views":1,"p1id":"thericosuave","p2id":"cardojtv","formatid":"gen9vgc2023regulatione","rating":1204,"private":0,"password":""}