{"id":"gen9vgc2023regulatione-1991998900","p1":"Illthinkofitlater","p2":"PleaseStopCritting","format":"[Gen 9] VGC 2023 Regulation E","log":"|j|\u2606Illthinkofitlater\n|j|\u2606PleaseStopCritting\n|t:|1700146435\n|gametype|doubles\n|player|p1|Illthinkofitlater|boarder|1138\n|player|p2|PleaseStopCritting|1|1195\n|teamsize|p1|6\n|teamsize|p2|6\n|gen|9\n|tier|[Gen 9] VGC 2023 Regulation E\n|rated|\n|rule|Species Clause: Limit one of each Pok\u00e9mon\n|rule|Item Clause: Limit one of each item\n|clearpoke\n|poke|p1|Gholdengo, L50|\n|poke|p1|Iron Hands, L50|\n|poke|p1|Amoonguss, L50, M|\n|poke|p1|Iron Bundle, L50|\n|poke|p1|Pelipper, L50, F|\n|poke|p1|Salamence, L50, M|\n|poke|p2|Camerupt, L50, M|\n|poke|p2|Torkoal, L50, M|\n|poke|p2|Oranguru, L50, M|\n|poke|p2|Iron Hands, L50|\n|poke|p2|Farigiraf, L50, M|\n|poke|p2|Amoonguss, L50, M|\n|teampreview|4\n|\n|t:|1700146472\n|start\n|switch|p1a: Pelipper|Pelipper, L50, F|100\/100\n|switch|p1b: Salamence|Salamence, L50, M|100\/100\n|switch|p2a: Torkoal|Torkoal, L50, M|100\/100\n|switch|p2b: Oranguru|Oranguru, L50, M|100\/100\n|-ability|p1b: Salamence|Intimidate|boost\n|-unboost|p2a: Torkoal|atk|1\n|-fail|p2b: Oranguru|unboost|Attack|[from] ability: Inner Focus|[of] p2b: Oranguru\n|-weather|RainDance|[from] ability: Drizzle|[of] p1a: Pelipper\n|-weather|SunnyDay|[from] ability: Drought|[of] p2a: Torkoal\n|turn|1\n|\n|t:|1700146493\n|move|p2a: Torkoal|Protect|p2a: Torkoal\n|-singleturn|p2a: Torkoal|Protect\n|move|p1a: Pelipper|Wide Guard|p1a: Pelipper\n|-singleturn|p1a: Pelipper|Wide Guard\n|move|p1b: Salamence|Tailwind|p1b: Salamence\n|-sidestart|p1: Illthinkofitlater|move: Tailwind\n|move|p2b: Oranguru|Trick Room|p2b: Oranguru\n|-fieldstart|move: Trick Room|[of] p2b: Oranguru\n|\n|-weather|SunnyDay|[upkeep]\n|upkeep\n|turn|2\n|inactive|Battle timer is ON: inactive players will automatically lose when time's up. (requested by PleaseStopCritting)\n|\n|t:|1700146527\n|switch|p1b: Amoonguss|Amoonguss, L50, M|100\/100\n|move|p1a: Pelipper|Wide Guard|p1a: Pelipper\n|-singleturn|p1a: Pelipper|Wide Guard\n|move|p2a: Torkoal|Solar Beam||[still]\n|-prepare|p2a: Torkoal|Solar Beam\n|-anim|p2a: Torkoal|Solar Beam|p1a: Pelipper\n|-damage|p1a: Pelipper|40\/100\n|move|p2b: Oranguru|Instruct||[still]\n|-fail|p2b: Oranguru\n|\n|-weather|SunnyDay|[upkeep]\n|upkeep\n|turn|3\n|\n|t:|1700146543\n|switch|p1a: Salamence|Salamence, L50, M|100\/100\n|-ability|p1a: Salamence|Intimidate|boost\n|-unboost|p2a: Torkoal|atk|1\n|-fail|p2b: Oranguru|unboost|Attack|[from] ability: Inner Focus|[of] p2b: Oranguru\n|move|p2a: Torkoal|Protect|p2a: Torkoal\n|-singleturn|p2a: Torkoal|Protect\n|move|p2b: Oranguru|Psychic|p1a: Salamence\n|-damage|p1a: Salamence|62\/100\n|-unboost|p1a: Salamence|spd|1\n|move|p1b: Amoonguss|Spore|p2a: Torkoal\n|-activate|p2a: Torkoal|move: Protect\n|\n|-weather|SunnyDay|[upkeep]\n|upkeep\n|turn|4\n|\n|t:|1700146561\n|switch|p1b: Pelipper|Pelipper, L50, F|40\/100\n|-weather|RainDance|[from] ability: Drizzle|[of] p1b: Pelipper\n|-terastallize|p2a: Torkoal|Fire\n|move|p2a: Torkoal|Eruption|p1b: Pelipper|[spread] p1a,p1b\n|-resisted|p1a: Salamence\n|-resisted|p1b: Pelipper\n|-crit|p1b: Pelipper\n|-damage|p1a: Salamence|26\/100\n|-damage|p1b: Pelipper|0 fnt\n|faint|p1b: Pelipper\n|move|p2b: Oranguru|Instruct|p2a: Torkoal\n|-singleturn|p2a: Torkoal|move: Instruct|[of] p2b: Oranguru\n|move|p2a: Torkoal|Eruption|p1a: Salamence\n|-resisted|p1a: Salamence\n|-damage|p1a: Salamence|0 fnt\n|faint|p1a: Salamence\n|\n|-weather|RainDance|[upkeep]\n|-sideend|p1: Illthinkofitlater|move: Tailwind\n|upkeep\n|\n|t:|1700146578\n|switch|p1b: Amoonguss|Amoonguss, L50, M|100\/100\n|switch|p1a: Gholdengo|Gholdengo, L50|100\/100\n|turn|5\n|\n|t:|1700146596\n|-terastallize|p1b: Amoonguss|Water\n|move|p1a: Gholdengo|Protect|p1a: Gholdengo\n|-singleturn|p1a: Gholdengo|Protect\n|move|p2a: Torkoal|Eruption|p1b: Amoonguss|[spread] p1b\n|-activate|p1a: Gholdengo|move: Protect\n|-resisted|p1b: Amoonguss\n|-damage|p1b: Amoonguss|82\/100\n|move|p1b: Amoonguss|Spore|p2a: Torkoal\n|-status|p2a: Torkoal|slp|[from] move: Spore\n|move|p2b: Oranguru|Instruct|p2a: Torkoal\n|-singleturn|p2a: Torkoal|move: Instruct|[of] p2b: Oranguru\n|cant|p2a: Torkoal|slp\n|\n|-weather|RainDance|[upkeep]\n|-fieldend|move: Trick Room\n|upkeep\n|turn|6\n|\n|t:|1700146616\n|switch|p2a: Iron Hands|Iron Hands, L50|100\/100\n|move|p1a: Gholdengo|Nasty Plot|p1a: Gholdengo\n|-boost|p1a: Gholdengo|spa|2\n|move|p1b: Amoonguss|Spore|p2b: Oranguru\n|-status|p2b: Oranguru|slp|[from] move: Spore\n|cant|p2b: Oranguru|slp\n|\n|-weather|RainDance|[upkeep]\n|upkeep\n|turn|7\n|inactive|PleaseStopCritting has 30 seconds left.\n|\n|t:|1700146644\n|move|p2a: Iron Hands|Protect|p2a: Iron Hands\n|-singleturn|p2a: Iron Hands|Protect\n|move|p1a: Gholdengo|Make It Rain|p2a: Iron Hands|[spread] p2b\n|-activate|p2a: Iron Hands|move: Protect\n|-damage|p2b: Oranguru|41\/100 slp\n|-unboost|p1a: Gholdengo|spa|1\n|move|p1b: Amoonguss|Spore|p2a: Iron Hands\n|-activate|p2a: Iron Hands|move: Protect\n|cant|p2b: Oranguru|slp\n|\n|-weather|RainDance|[upkeep]\n|upkeep\n|turn|8\n|\n|t:|1700146661\n|switch|p2b: Amoonguss|Amoonguss, L50, M|100\/100\n|-end|p2a: Iron Hands|Quark Drive|[silent]\n|switch|p2a: Torkoal|Torkoal, L50, M, tera:Fire|100\/100 slp\n|-weather|SunnyDay|[from] ability: Drought|[of] p2a: Torkoal\n|move|p1a: Gholdengo|Nasty Plot|p1a: Gholdengo\n|-boost|p1a: Gholdengo|spa|2\n|move|p1b: Amoonguss|Spore|p2a: Torkoal\n|-fail|p2a: Torkoal|slp\n|\n|-weather|SunnyDay|[upkeep]\n|upkeep\n|turn|9\n|\n|t:|1700146680\n|move|p1a: Gholdengo|Make It Rain|p2b: Amoonguss|[spread] p2a,p2b\n|-resisted|p2a: Torkoal\n|-damage|p2a: Torkoal|16\/100 slp\n|-damage|p2b: Amoonguss|0 fnt\n|-unboost|p1a: Gholdengo|spa|1\n|faint|p2b: Amoonguss\n|move|p1b: Amoonguss|Pollen Puff|p2a: Torkoal\n|-resisted|p2a: Torkoal\n|-damage|p2a: Torkoal|4\/100 slp\n|cant|p2a: Torkoal|slp\n|\n|-weather|SunnyDay|[upkeep]\n|upkeep\n|\n|t:|1700146692\n|switch|p2b: Iron Hands|Iron Hands, L50|100\/100\n|turn|10\n|\n|t:|1700146713\n|move|p1a: Gholdengo|Shadow Ball|p2a: Torkoal\n|-damage|p2a: Torkoal|0 fnt\n|faint|p2a: Torkoal\n|move|p1b: Amoonguss|Spore|p2b: Iron Hands\n|-status|p2b: Iron Hands|slp|[from] move: Spore\n|cant|p2b: Iron Hands|slp\n|\n|-weather|SunnyDay|[upkeep]\n|upkeep\n|\n|t:|1700146719\n|switch|p2a: Oranguru|Oranguru, L50, M|41\/100 slp\n|turn|11\n|\n|t:|1700146730\n|-curestatus|p2a: Oranguru|slp|[msg]\n|move|p2a: Oranguru|Protect|p2a: Oranguru\n|-singleturn|p2a: Oranguru|Protect\n|-curestatus|p2b: Iron Hands|slp|[msg]\n|move|p2b: Iron Hands|Protect|p2b: Iron Hands\n|-singleturn|p2b: Iron Hands|Protect\n|move|p1a: Gholdengo|Make It Rain|p2a: Oranguru|[spread] \n|-activate|p2a: Oranguru|move: Protect\n|-activate|p2b: Iron Hands|move: Protect\n|move|p1b: Amoonguss|Pollen Puff|p2b: Iron Hands\n|-activate|p2b: Iron Hands|move: Protect\n|\n|-weather|SunnyDay|[upkeep]\n|upkeep\n|turn|12\n|\n|t:|1700146749\n|move|p2a: Oranguru|Protect||[still]\n|-fail|p2a: Oranguru\n|move|p1a: Gholdengo|Make It Rain|p2a: Oranguru|[spread] p2a,p2b\n|-resisted|p2b: Iron Hands\n|-damage|p2a: Oranguru|0 fnt\n|-damage|p2b: Iron Hands|63\/100\n|-unboost|p1a: Gholdengo|spa|1\n|faint|p2a: Oranguru\n|move|p1b: Amoonguss|Spore|p2b: Iron Hands\n|-status|p2b: Iron Hands|slp|[from] move: Spore\n|cant|p2b: Iron Hands|slp\n|\n|-weather|none\n|-heal|p2b: Iron Hands|69\/100 slp|[from] item: Leftovers\n|upkeep\n|turn|13\n|\n|t:|1700146766\n|move|p1a: Gholdengo|Shadow Ball|p2b: Iron Hands\n|-damage|p2b: Iron Hands|19\/100 slp\n|move|p1b: Amoonguss|Pollen Puff|p2b: Iron Hands\n|-resisted|p2b: Iron Hands\n|-damage|p2b: Iron Hands|12\/100 slp\n|cant|p2b: Iron Hands|slp\n|\n|-heal|p2b: Iron Hands|18\/100 slp|[from] item: Leftovers\n|upkeep\n|turn|14\n|-message|PleaseStopCritting forfeited.\n|\n|win|Illthinkofitlater\n|raw|Illthinkofitlater's rating: 1138 &rarr; <strong>1167<\/strong><br \/>(+29 for winning)\n|raw|PleaseStopCritting's rating: 1195 &rarr; <strong>1166<\/strong><br \/>(-29 for losing)\n|l|\u2606PleaseStopCritting\n","uploadtime":1700146785,"views":30,"p1id":"illthinkofitlater","p2id":"pleasestopcritting","formatid":"gen9vgc2023regulatione","rating":1166,"private":0,"password":""}