{"id":"gen9vgc2023regulatione-1990315858","p1":"pokeveteran04","p2":"Tilzy","format":"[Gen 9] VGC 2023 Regulation E","log":"|j|\u2606pokeveteran04\n|j|\u2606Tilzy\n|t:|1699955579\n|gametype|doubles\n|player|p1|pokeveteran04|red|\n|player|p2|Tilzy|102|\n|teamsize|p1|6\n|teamsize|p2|6\n|gen|9\n|tier|[Gen 9] VGC 2023 Regulation E\n|rated|Tournament battle\n|rule|Species Clause: Limit one of each Pok\u00e9mon\n|rule|Item Clause: Limit one of each item\n|clearpoke\n|poke|p1|Tornadus, L50, M|\n|poke|p1|Amoonguss, L50, F|\n|poke|p1|Thundurus-Therian, L50, M|\n|poke|p1|Urshifu-*, L50, F|\n|poke|p1|Garchomp, L50, F|\n|poke|p1|Arcanine-Hisui, L50, M|\n|poke|p2|Regidrago, L50|\n|poke|p2|Tornadus, L50, M|\n|poke|p2|Urshifu-*, L50, M|\n|poke|p2|Rillaboom, L50, M|\n|poke|p2|Gholdengo, L50|\n|poke|p2|Ogerpon-Hearthflame, L50, F|\n|teampreview|4\n|showteam|p1|Tornadus||DampRock|Prankster|Tailwind,BleakwindStorm,RainDance,Protect|||M|||50|,,,,,Steel]Amoonguss||Leftovers|Regenerator|Spore,RagePowder,PollenPuff,Protect|||F|||50|,,,,,Water]Thundurus-Therian||ChoiceSpecs|VoltAbsorb|Thunder,VoltSwitch,WeatherBall,WildboltStorm|||M|||50|,,,,,Electric]Urshifu-Rapid-Strike||MysticWater|UnseenFist|SurgingStrikes,AquaJet,CloseCombat,Protect|||F|||50|,,,,,Steel]Garchomp||LoadedDice|RoughSkin|Earthquake,ScaleShot,SwordsDance,Protect|||F|||50|,,,,,Dragon]Arcanine-Hisui||SitrusBerry|Intimidate|ExtremeSpeed,RockSlide,WillOWisp,Protect|||M|||50|,,,,,Fire\n|showteam|p2|Regidrago||DragonFang|DragonsMaw|DragonEnergy,DragonPulse,EarthPower,Protect||||||50|,,,,,Steel]Tornadus||FocusSash|Prankster|IcyWind,Protect,BleakwindStorm,Tailwind|||M|||50|,,,,,Ghost]Urshifu-Rapid-Strike||ChoiceScarf|UnseenFist|SurgingStrikes,CloseCombat,AquaJet,RockSlide|||M|||50|,,,,,Water]Rillaboom||AssaultVest|GrassySurge|GrassyGlide,HighHorsepower,WoodHammer,FakeOut|||M|||50|,,,,,Fire]Gholdengo||ChoiceSpecs|GoodasGold|MakeItRain,ShadowBall,Thunderbolt,PowerGem||||||50|,,,,,Steel]Ogerpon-Hearthflame||HearthflameMask|MoldBreaker|IvyCudgel,GrassyGlide,FollowMe,SpikyShield|||F|||50|,,,,,Fire\n|c|\u2606Tilzy|gl hf\n|j| ADJms\n|inactive|Battle timer is ON: inactive players will automatically lose when time's up. (requested by Tilzy)\n|j|%Therazer456\n|\n|t:|1699955623\n|start\n|switch|p1a: Tornadus|Tornadus, L50, M|100\/100\n|switch|p1b: Urshifu|Urshifu-Rapid-Strike, L50, F|100\/100\n|switch|p2a: Gholdengo|Gholdengo, L50, shiny|100\/100\n|switch|p2b: Tornadus|Tornadus, L50, M, shiny|100\/100\n|turn|1\n|j| hellothere56\n|\n|t:|1699955644\n|move|p2b: Tornadus|Tailwind|p2b: Tornadus\n|-sidestart|p2: Tilzy|move: Tailwind\n|move|p1a: Tornadus|Rain Dance|p1a: Tornadus\n|-weather|RainDance\n|move|p2a: Gholdengo|Thunderbolt|p1b: Urshifu\n|-supereffective|p1b: Urshifu\n|-damage|p1b: Urshifu|0 fnt\n|faint|p1b: Urshifu\n|\n|-weather|RainDance|[upkeep]\n|upkeep\n|l| hellothere56\n|c|\u2606pokeveteran04|oh i missread ots\n|c|\u2606pokeveteran04|no\n|\n|t:|1699955666\n|switch|p1b: GOD OF THUNDER!|Thundurus-Therian, L50, M|100\/100\n|turn|2\n|c|\u2606Tilzy|rip\n|inactive|pokeveteran04 has 30 seconds left.\n|c|\u2606pokeveteran04|there isnt much left\n|\n|t:|1699955698\n|switch|p2a: Rillaboom|Rillaboom, L50, M, shiny|100\/100\n|-fieldstart|move: Grassy Terrain|[from] ability: Grassy Surge|[of] p2a: Rillaboom\n|-terastallize|p1b: GOD OF THUNDER!|Electric\n|move|p1a: Tornadus|Tailwind|p1a: Tornadus\n|-sidestart|p1: pokeveteran04|move: Tailwind\n|move|p2b: Tornadus|Icy Wind|p1b: GOD OF THUNDER!|[spread] p1a,p1b\n|-supereffective|p1a: Tornadus\n|-damage|p1a: Tornadus|69\/100\n|-damage|p1b: GOD OF THUNDER!|83\/100\n|-unboost|p1a: Tornadus|spe|1\n|-unboost|p1b: GOD OF THUNDER!|spe|1\n|move|p1b: GOD OF THUNDER!|Wildbolt Storm|p2b: Tornadus|[spread] p2a,p2b\n|-resisted|p2a: Rillaboom\n|-supereffective|p2b: Tornadus\n|-damage|p2a: Rillaboom|67\/100\n|-enditem|p2b: Tornadus|Focus Sash\n|-damage|p2b: Tornadus|1\/100\n|\n|-weather|RainDance|[upkeep]\n|-heal|p2a: Rillaboom|73\/100|[from] Grassy Terrain\n|-heal|p1b: GOD OF THUNDER!|89\/100|[from] Grassy Terrain\n|upkeep\n|turn|3\n|\n|t:|1699955722\n|switch|p1b: Garchomp|Garchomp, L50, F|100\/100\n|move|p2b: Tornadus|Icy Wind|p1a: Tornadus|[spread] p1a,p1b\n|-supereffective|p1a: Tornadus\n|-supereffective|p1b: Garchomp\n|-damage|p1a: Tornadus|33\/100\n|-damage|p1b: Garchomp|50\/100\n|-unboost|p1a: Tornadus|spe|1\n|-unboost|p1b: Garchomp|spe|1\n|move|p2a: Rillaboom|Wood Hammer|p1b: Garchomp\n|-damage|p1b: Garchomp|0 fnt\n|-damage|p2a: Rillaboom|60\/100|[from] ability: Rough Skin|[of] p1b: Garchomp\n|faint|p1b: Garchomp\n|-damage|p2a: Rillaboom|44\/100|[from] Recoil\n|move|p1a: Tornadus|Bleakwind Storm|p2a: Rillaboom|[spread] p2a,p2b\n|-supereffective|p2a: Rillaboom\n|-damage|p2a: Rillaboom|0 fnt\n|-damage|p2b: Tornadus|0 fnt\n|faint|p2a: Rillaboom\n|faint|p2b: Tornadus\n|\n|-weather|RainDance|[upkeep]\n|upkeep\n|\n|t:|1699955741\n|switch|p2b: Ogerpon|Ogerpon-Hearthflame, L50, F|100\/100\n|switch|p1b: GOD OF THUNDER!|Thundurus-Therian, L50, M, tera:Electric|89\/100\n|switch|p2a: Gholdengo|Gholdengo, L50, shiny|100\/100\n|-ability|p2b: Ogerpon|Mold Breaker\n|turn|4\n|inactive|pokeveteran04 has 30 seconds left.\n|inactive|Tilzy has 30 seconds left.\n|inactive|pokeveteran04 has 20 seconds left.\n|inactive|pokeveteran04 has 15 seconds left.\n|inactive|Tilzy has 20 seconds left.\n|inactive|pokeveteran04 has 10 seconds left.\n|inactive|Tilzy has 15 seconds left.\n|inactive|pokeveteran04 has 5 seconds left.\n|\n|t:|1699955792\n|move|p2b: Ogerpon|Spiky Shield|p2b: Ogerpon\n|-singleturn|p2b: Ogerpon|move: Protect\n|move|p1b: GOD OF THUNDER!|Weather Ball|p2b: Ogerpon\n|-activate|p2b: Ogerpon|move: Protect\n|move|p2a: Gholdengo|Power Gem|p1b: GOD OF THUNDER!\n|-damage|p1b: GOD OF THUNDER!|33\/100\n|move|p1a: Tornadus|Bleakwind Storm|p2a: Gholdengo|[spread] p2a\n|-activate|p2b: Ogerpon|move: Protect\n|-resisted|p2a: Gholdengo\n|-damage|p2a: Gholdengo|79\/100\n|\n|-weather|RainDance|[upkeep]\n|-heal|p1b: GOD OF THUNDER!|39\/100|[from] Grassy Terrain\n|-heal|p2a: Gholdengo|85\/100|[from] Grassy Terrain\n|-sideend|p2: Tilzy|move: Tailwind\n|upkeep\n|turn|5\n|c|\u2606pokeveteran04|nooo\n|\n|t:|1699955813\n|move|p2b: Ogerpon|Grassy Glide|p1b: GOD OF THUNDER!\n|-damage|p1b: GOD OF THUNDER!|0 fnt\n|faint|p1b: GOD OF THUNDER!\n|move|p1a: Tornadus|Bleakwind Storm|p2b: Ogerpon|[spread] p2a,p2b\n|-resisted|p2a: Gholdengo\n|-supereffective|p2b: Ogerpon\n|-damage|p2a: Gholdengo|63\/100\n|-damage|p2b: Ogerpon|17\/100\n|-unboost|p2b: Ogerpon|spe|1\n|move|p2a: Gholdengo|Power Gem|p1a: Tornadus\n|-supereffective|p1a: Tornadus\n|-crit|p1a: Tornadus\n|-damage|p1a: Tornadus|0 fnt\n|faint|p1a: Tornadus\n|\n|win|Tilzy\n|n|\u2606pokeveteran04|pokeveteran04\n|n|\u2606Tilzy|tilzy\n|n| ADJms|adjms\n|n| Therazer456|therazer456\n","uploadtime":1699955814,"views":9,"p1id":"pokeveteran04","p2id":"tilzy","formatid":"gen9vgc2023regulatione","rating":0,"private":0,"password":""}