{"id":"gen9vgc2023regulatione-1993183637","p1":"sammy324","p2":"SoaringInStyle","format":"[Gen 9] VGC 2023 Regulation E","log":"|j|\u2606sammy324\n|j|\u2606SoaringInStyle\n|t:|1700275043\n|gametype|doubles\n|player|p1|sammy324|169|1151\n|player|p2|SoaringInStyle|170|1096\n|teamsize|p1|6\n|teamsize|p2|6\n|gen|9\n|tier|[Gen 9] VGC 2023 Regulation E\n|rated|\n|rule|Species Clause: Limit one of each Pok\u00e9mon\n|rule|Item Clause: Limit one of each item\n|clearpoke\n|poke|p1|Kingambit, L50, F|\n|poke|p1|Clefairy, L50, F|\n|poke|p1|Heatran, L50, M|\n|poke|p1|Rillaboom, L50, M|\n|poke|p1|Landorus-Therian, L50, M|\n|poke|p1|Pelipper, L50, M|\n|poke|p2|Annihilape, L50, F|\n|poke|p2|Maushold-Four, L50|\n|poke|p2|Landorus-Therian, L50, M|\n|poke|p2|Roaring Moon, L50|\n|poke|p2|Urshifu-*, L50, F|\n|poke|p2|Iron Hands, L50|\n|teampreview|4\n|j| polytee\n|\n|t:|1700275083\n|start\n|switch|p1a: Kingambit|Kingambit, L50, F|100\/100\n|switch|p1b: Clefairy|Clefairy, L50, F|100\/100\n|switch|p2a: Annihilape|Annihilape, L50, F, shiny|100\/100\n|switch|p2b: Maushold|Maushold-Four, L50|100\/100\n|turn|1\n|\n|t:|1700275111\n|switch|p1b: Pelipper|Pelipper, L50, M|100\/100\n|-weather|RainDance|[from] ability: Drizzle|[of] p1b: Pelipper\n|move|p2b: Maushold|Beat Up|p2a: Annihilape\n|-damage|p2a: Annihilape|99\/100\n|-damage|p2a: Annihilape|97\/100\n|-damage|p2a: Annihilape|94\/100\n|-damage|p2a: Annihilape|92\/100\n|-hitcount|p2a: Annihilape|4\n|move|p2a: Annihilape|Bulk Up|p2a: Annihilape\n|-boost|p2a: Annihilape|atk|1\n|-boost|p2a: Annihilape|def|1\n|move|p1a: Kingambit|Swords Dance|p1a: Kingambit\n|-boost|p1a: Kingambit|atk|2\n|\n|-weather|RainDance|[upkeep]\n|-heal|p2a: Annihilape|98\/100|[from] item: Leftovers\n|upkeep\n|turn|2\n|l| polytee\n|\n|t:|1700275134\n|-terastallize|p2a: Annihilape|Fire\n|move|p1a: Kingambit|Protect|p1a: Kingambit\n|-singleturn|p1a: Kingambit|Protect\n|move|p2b: Maushold|Follow Me|p2b: Maushold\n|-singleturn|p2b: Maushold|move: Follow Me\n|move|p2a: Annihilape|Rage Fist|p1b: Pelipper\n|-damage|p1b: Pelipper|0 fnt\n|faint|p1b: Pelipper\n|\n|-weather|RainDance|[upkeep]\n|-heal|p2a: Annihilape|100\/100|[from] item: Leftovers\n|upkeep\n|\n|t:|1700275154\n|switch|p1b: Clefairy|Clefairy, L50, F|100\/100\n|turn|3\n|\n|t:|1700275163\n|-terastallize|p1a: Kingambit|Dark\n|move|p2b: Maushold|Follow Me|p2b: Maushold\n|-singleturn|p2b: Maushold|move: Follow Me\n|move|p1b: Clefairy|Follow Me|p1b: Clefairy\n|-singleturn|p1b: Clefairy|move: Follow Me\n|move|p2a: Annihilape|Rage Fist|p1b: Clefairy\n|-damage|p1b: Clefairy|0 fnt\n|faint|p1b: Clefairy\n|move|p1a: Kingambit|Kowtow Cleave|p2b: Maushold\n|-enditem|p2b: Maushold|Focus Sash\n|-damage|p2b: Maushold|1\/100\n|\n|-weather|RainDance|[upkeep]\n|upkeep\n|c|\u2606sammy324|borther come on\n|c|\u2606sammy324|this shit is cringe\n|c|\u2606SoaringInStyle|wdym?\n|\n|t:|1700275185\n|switch|p1b: Rillaboom|Rillaboom, L50, M|100\/100\n|-fieldstart|move: Grassy Terrain|[from] ability: Grassy Surge|[of] p1b: Rillaboom\n|turn|4\n|\n|t:|1700275193\n|move|p1b: Rillaboom|Fake Out|p2b: Maushold\n|-damage|p2b: Maushold|0 fnt\n|faint|p2b: Maushold\n|move|p1a: Kingambit|Sucker Punch|p2a: Annihilape\n|-damage|p2a: Annihilape|24\/100\n|move|p2a: Annihilape|Rage Fist|p1b: Rillaboom\n|-damage|p1b: Rillaboom|0 fnt\n|faint|p1b: Rillaboom\n|\n|-weather|RainDance|[upkeep]\n|-heal|p2a: Annihilape|30\/100|[from] Grassy Terrain\n|-heal|p2a: Annihilape|36\/100|[from] item: Leftovers\n|upkeep\n|c|\u2606sammy324|beat up annihilape\n|c|\u2606sammy324|so stupid\n|c|\u2606SoaringInStyle|and?\n|c|\u2606SoaringInStyle|just kill him\n|\n|t:|1700275216\n|switch|p2b: Roaring Moon|Roaring Moon, L50|100\/100\n|-enditem|p2b: Roaring Moon|Booster Energy\n|-activate|p2b: Roaring Moon|ability: Protosynthesis|[fromitem]\n|-start|p2b: Roaring Moon|protosynthesisatk\n|turn|5\n|c|\u2606sammy324|and? what bitch shut your mouth\n|\n|t:|1700275229\n|move|p2a: Annihilape|Protect|p2a: Annihilape\n|-singleturn|p2a: Annihilape|Protect\n|move|p1a: Kingambit|Sucker Punch||[still]\n|-fail|p1a: Kingambit\n|move|p2b: Roaring Moon|Tailwind|p2b: Roaring Moon\n|-sidestart|p2: SoaringInStyle|move: Tailwind\n|\n|-weather|RainDance|[upkeep]\n|-heal|p2a: Annihilape|42\/100|[from] Grassy Terrain\n|-heal|p2a: Annihilape|49\/100|[from] item: Leftovers\n|upkeep\n|turn|6\n|inactive|Battle timer is ON: inactive players will automatically lose when time's up. (requested by sammy324)\n|\n|t:|1700275252\n|move|p1a: Kingambit|Sucker Punch||[still]\n|-fail|p1a: Kingambit\n|move|p2b: Roaring Moon|Knock Off|p1a: Kingambit\n|-resisted|p1a: Kingambit\n|-damage|p1a: Kingambit|70\/100\n|-enditem|p1a: Kingambit|Black Glasses|[from] move: Knock Off|[of] p2b: Roaring Moon\n|move|p2a: Annihilape|Bulk Up|p2a: Annihilape\n|-boost|p2a: Annihilape|atk|1\n|-boost|p2a: Annihilape|def|1\n|\n|-weather|RainDance|[upkeep]\n|-heal|p2a: Annihilape|55\/100|[from] Grassy Terrain\n|-heal|p2a: Annihilape|61\/100|[from] item: Leftovers\n|-heal|p1a: Kingambit|77\/100|[from] Grassy Terrain\n|upkeep\n|turn|7\n|-message|sammy324 forfeited.\n|\n|win|SoaringInStyle\n|raw|sammy324's rating: 1151 &rarr; <strong>1122<\/strong><br \/>(-29 for losing)\n|raw|SoaringInStyle's rating: 1096 &rarr; <strong>1126<\/strong><br \/>(+30 for winning)\n|l|\u2606sammy324\n","uploadtime":1700275225,"views":13,"p1id":"sammy324","p2id":"soaringinstyle","formatid":"gen9vgc2023regulatione","rating":1122,"private":0,"password":""}