{"id":"gen9vgc2023regulatione-1996437462","p1":"iPetBigfoot","p2":"Kerthwack","format":"[Gen 9] VGC 2023 Regulation E","log":"|j|\u2606iPetBigfoot\n|j|\u2606Kerthwack\n|n|\u2606iPetBigfoot|ipetbigfoot\n|n|\u2606Kerthwack|kerthwack\n|html|View the match progress at <a href=\"\/game-bestof3-gen9vgc2023regulatione-1996437461\">game-bestof3-gen9vgc2023regulatione-1996437461<\/a>\n|t:|1700681947\n|gametype|doubles\n|player|p1|iPetBigfoot|carmine-festival|\n|player|p2|Kerthwack|blue-gen3two|\n|teamsize|p1|6\n|teamsize|p2|6\n|gen|9\n|tier|[Gen 9] VGC 2023 Regulation E\n|rule|Species Clause: Limit one of each Pok\u00e9mon\n|rule|Item Clause: Limit one of each item\n|clearpoke\n|poke|p1|Iron Hands, L50|\n|poke|p1|Hatterene, L50, F|\n|poke|p1|Ogerpon-Cornerstone, L50, F|\n|poke|p1|Ursaluna-Bloodmoon, L50, M|\n|poke|p1|Murkrow, L50, M|\n|poke|p1|Pincurchin, L50, M|\n|poke|p2|Heatran, L50, M|\n|poke|p2|Garchomp, L50, M|\n|poke|p2|Azelf, L50|\n|poke|p2|Palafin, L50, M|\n|poke|p2|Regieleki, L50|\n|poke|p2|Ogerpon, L50, F|\n|teampreview|4\n|c|\u2606iPetBigfoot|yippee no lumineon\niPetBigfoot rejected open team sheets.\n|c|\u2606Kerthwack|Apologie\n|\n|t:|1700682016\n|start\n|switch|p1a: Iron Hands|Iron Hands, L50|100\/100\n|switch|p1b: Hatterene|Hatterene, L50, F|100\/100\n|switch|p2a: Garchomp|Garchomp, L50, M|100\/100\n|switch|p2b: Azelf|Azelf, L50|100\/100\n|-enditem|p1a: Iron Hands|Booster Energy\n|-activate|p1a: Iron Hands|ability: Quark Drive|[fromitem]\n|-start|p1a: Iron Hands|quarkdriveatk\n|turn|1\n|\n|t:|1700682036\n|-terastallize|p1a: Iron Hands|Grass\n|move|p2b: Azelf|Protect|p2b: Azelf\n|-singleturn|p2b: Azelf|Protect\n|move|p2a: Garchomp|Protect|p2a: Garchomp\n|-singleturn|p2a: Garchomp|Protect\n|move|p1a: Iron Hands|Fake Out|p2b: Azelf\n|-activate|p2b: Azelf|move: Protect\n|move|p1b: Hatterene|Trick Room|p1b: Hatterene\n|-fieldstart|move: Trick Room|[of] p1b: Hatterene\n|\n|upkeep\n|turn|2\n|\n|t:|1700682057\n|switch|p1b: Ursaluna|Ursaluna-Bloodmoon, L50, M|100\/100\n|switch|p2b: Heatran|Heatran, L50, M|100\/100\n|-item|p2b: Heatran|Air Balloon\n|-terastallize|p2a: Garchomp|Steel\n|move|p1a: Iron Hands|Ice Punch|p2a: Garchomp\n|-resisted|p2a: Garchomp\n|-damage|p2a: Garchomp|83\/100\n|-damage|p1a: Iron Hands|88\/100|[from] ability: Rough Skin|[of] p2a: Garchomp\n|move|p2a: Garchomp|Iron Head|p1b: Ursaluna\n|-damage|p1b: Ursaluna|66\/100\n|-damage|p2a: Garchomp|73\/100|[from] item: Life Orb\n|\n|upkeep\n|turn|3\n|\n|t:|1700682082\n|move|p1a: Iron Hands|Protect|p1a: Iron Hands\n|-singleturn|p1a: Iron Hands|Protect\n|move|p2b: Heatran|Protect|p2b: Heatran\n|-singleturn|p2b: Heatran|Protect\n|move|p2a: Garchomp|Protect|p2a: Garchomp\n|-singleturn|p2a: Garchomp|Protect\n|move|p1b: Ursaluna|Hyper Voice|p2b: Heatran|[spread] \n|-activate|p2a: Garchomp|move: Protect\n|-activate|p2b: Heatran|move: Protect\n|\n|upkeep\n|turn|4\n|\n|t:|1700682110\n|switch|p2a: Azelf|Azelf, L50|100\/100\n|move|p1a: Iron Hands|Drain Punch|p2b: Heatran\n|-supereffective|p2b: Heatran\n|-damage|p2b: Heatran|25\/100\n|-heal|p1a: Iron Hands|100\/100|[from] drain|[of] p2b: Heatran\n|-enditem|p2b: Heatran|Air Balloon\n|move|p1b: Ursaluna|Earth Power|p2a: Azelf\n|-immune|p2a: Azelf|[from] ability: Levitate\n|move|p2b: Heatran|Will-O-Wisp|p1a: Iron Hands|[miss]\n|-miss|p2b: Heatran|p1a: Iron Hands\n|\n|upkeep\n|turn|5\n|c|\u2606Kerthwack|Rude\n|c|\u2606iPetBigfoot|mb\n|c|\u2606iPetBigfoot|wont happen agian\n|\n|t:|1700682141\n|switch|p1b: Ogerpon|Ogerpon-Cornerstone, L50, F|100\/100\n|move|p2b: Heatran|Protect|p2b: Heatran\n|-singleturn|p2b: Heatran|Protect\n|move|p2a: Azelf|Protect|p2a: Azelf\n|-singleturn|p2a: Azelf|Protect\n|move|p1a: Iron Hands|Drain Punch|p2b: Heatran\n|-activate|p2b: Heatran|move: Protect\n|\n|-fieldend|move: Trick Room\n|upkeep\n|turn|6\n|\n|t:|1700682160\n|switch|p2b: Garchomp|Garchomp, L50, M, tera:Steel|73\/100\n|move|p2a: Azelf|Dazzling Gleam|p1a: Iron Hands|[spread] p1a,p1b\n|-damage|p1a: Iron Hands|84\/100\n|-damage|p1b: Ogerpon|81\/100\n|move|p1b: Ogerpon|Wood Hammer|p2a: Azelf\n|-enditem|p2a: Azelf|Focus Sash\n|-damage|p2a: Azelf|1\/100\n|-damage|p1b: Ogerpon|55\/100|[from] Recoil\n|move|p1a: Iron Hands|Drain Punch|p2b: Garchomp\n|-supereffective|p2b: Garchomp\n|-damage|p2b: Garchomp|0 fnt\n|-heal|p1a: Iron Hands|100\/100|[from] drain|[of] p2b: Garchomp\n|-damage|p1a: Iron Hands|88\/100|[from] ability: Rough Skin|[of] p2b: Garchomp\n|faint|p2b: Garchomp\n|\n|upkeep\n|\n|t:|1700682171\n|switch|p2b: Ogerpon|Ogerpon, L50, F|100\/100\n|turn|7\n|\n|t:|1700682199\n|move|p1b: Ogerpon|Follow Me|p1b: Ogerpon\n|-singleturn|p1b: Ogerpon|move: Follow Me\n|move|p2a: Azelf|Psychic|p1b: Ogerpon\n|-damage|p1b: Ogerpon|7\/100\n|move|p2b: Ogerpon|Ivy Cudgel|p1b: Ogerpon\n|-damage|p1b: Ogerpon|0 fnt\n|faint|p1b: Ogerpon\n|move|p1a: Iron Hands|Ice Punch|p2b: Ogerpon\n|-supereffective|p2b: Ogerpon\n|-damage|p2b: Ogerpon|4\/100\n|-enditem|p2b: Ogerpon|Sitrus Berry|[eat]\n|-heal|p2b: Ogerpon|28\/100|[from] item: Sitrus Berry\n|\n|upkeep\n|\n|t:|1700682216\n|switch|p1b: Hatterene|Hatterene, L50, F|100\/100\n|turn|8\n|j| The Carkol Rider\n|\n|t:|1700682231\n|move|p2a: Azelf|Dazzling Gleam|p1a: Iron Hands|[spread] p1a,p1b\n|-damage|p1a: Iron Hands|71\/100\n|-damage|p1b: Hatterene|80\/100\n|move|p2b: Ogerpon|Ivy Cudgel|p1b: Hatterene\n|-damage|p1b: Hatterene|19\/100\n|move|p1a: Iron Hands|Ice Punch|p2b: Ogerpon\n|-supereffective|p2b: Ogerpon\n|-damage|p2b: Ogerpon|0 fnt\n|faint|p2b: Ogerpon\n|move|p1b: Hatterene|Trick Room|p1b: Hatterene\n|-fieldstart|move: Trick Room|[of] p1b: Hatterene\n|\n|upkeep\n|\n|t:|1700682234\n|switch|p2b: Heatran|Heatran, L50, M|25\/100\n|turn|9\n|\n|t:|1700682240\n|move|p1b: Hatterene|Psychic|p2a: Azelf\n|-resisted|p2a: Azelf\n|-damage|p2a: Azelf|0 fnt\n|faint|p2a: Azelf\n|-damage|p1b: Hatterene|10\/100|[from] item: Life Orb\n|move|p1a: Iron Hands|Drain Punch|p2b: Heatran\n|-supereffective|p2b: Heatran\n|-damage|p2b: Heatran|0 fnt\n|-heal|p1a: Iron Hands|80\/100|[from] drain|[of] p2b: Heatran\n|-status|p1a: Iron Hands|brn|[from] ability: Flame Body|[of] p2b: Heatran\n|faint|p2b: Heatran\n|\n|win|iPetBigfoot\n|c|&|\/uhtml prompt-kerthwack,Kerthwack is ready for game 2!\n|c|&|\/uhtml prompt-ipetbigfoot,iPetBigfoot is ready for game 2!\nBoth players are ready! Starting next match!\n","uploadtime":1700682748,"views":3,"p1id":"ipetbigfoot","p2id":"kerthwack","formatid":"gen9vgc2023regulatione","rating":0,"private":0,"password":""}