{"id":"gen9vgc2023regulatione-1998677783","p1":"HuiruHuiru","p2":"MentalSyndrome","format":"[Gen 9] VGC 2023 Regulation E","log":"|j|\u2606HuiruHuiru\n|j|\u2606MentalSyndrome\n|t:|1700971247\n|gametype|doubles\n|player|p1|HuiruHuiru|aromalady|1184\n|player|p2|MentalSyndrome|byron|1145\n|teamsize|p1|6\n|teamsize|p2|6\n|gen|9\n|tier|[Gen 9] VGC 2023 Regulation E\n|rated|\n|rule|Species Clause: Limit one of each Pok\u00e9mon\n|rule|Item Clause: Limit one of each item\n|clearpoke\n|poke|p1|Leafeon, L50, F|\n|poke|p1|Torkoal, L50, M|\n|poke|p1|Landorus-Therian, L50, M|\n|poke|p1|Armarouge, L50, M|\n|poke|p1|Indeedee-F, L50, F|\n|poke|p1|Cresselia, L50, F|\n|poke|p2|Tornadus, L50, M|\n|poke|p2|Zapdos, L50|\n|poke|p2|Lucario, L50, F|\n|poke|p2|Arbok, L50, M|\n|poke|p2|Breloom, L50, M|\n|poke|p2|Tinkaton, L50, F|\n|teampreview|4\n|\n|t:|1700971293\n|start\n|switch|p1a: Cresselia|Cresselia, L50, F|100\/100\n|switch|p1b: Landorus|Landorus-Therian, L50, M|100\/100\n|switch|p2a: Tinkaton|Tinkaton, L50, F|100\/100\n|switch|p2b: Breloom|Breloom, L50, M|100\/100\n|-ability|p1b: Landorus|Intimidate|boost\n|-unboost|p2a: Tinkaton|atk|1\n|-unboost|p2b: Breloom|atk|1\n|-ability|p2a: Tinkaton|Mold Breaker\n|turn|1\n|\n|t:|1700971321\n|move|p2a: Tinkaton|Fake Out|p1b: Landorus\n|-damage|p1b: Landorus|95\/100\n|-damage|p2a: Tinkaton|84\/100|[from] item: Rocky Helmet|[of] p1b: Landorus\n|cant|p1b: Landorus|flinch\n|move|p2b: Breloom|Spore|p1a: Cresselia\n|-status|p1a: Cresselia|slp|[from] move: Spore\n|cant|p1a: Cresselia|slp\n|\n|upkeep\n|turn|2\n|\n|t:|1700971335\n|move|p1b: Landorus|Stomping Tantrum|p2a: Tinkaton\n|-supereffective|p2a: Tinkaton\n|-damage|p2a: Tinkaton|0 fnt\n|faint|p2a: Tinkaton\n|move|p2b: Breloom|Spore|p1b: Landorus\n|-status|p1b: Landorus|slp|[from] move: Spore\n|cant|p1a: Cresselia|slp\n|\n|upkeep\n|\n|t:|1700971339\n|switch|p2a: Tornadus|Tornadus, L50, M|100\/100\n|turn|3\n|\n|t:|1700971349\n|cant|p1b: Landorus|slp\n|move|p2a: Tornadus|Rain Dance|p2a: Tornadus\n|-weather|RainDance\n|move|p2b: Breloom|Seed Bomb|p1a: Cresselia\n|-damage|p1a: Cresselia|76\/100 slp\n|cant|p1a: Cresselia|slp\n|\n|-weather|RainDance|[upkeep]\n|-heal|p1a: Cresselia|82\/100 slp|[from] item: Leftovers\n|upkeep\n|turn|4\n|\n|t:|1700971360\n|switch|p2b: Zapdos|Zapdos, L50|100\/100\n|cant|p1b: Landorus|slp\n|move|p2a: Tornadus|Bleakwind Storm|p1b: Landorus|[spread] p1a,p1b\n|-damage|p1a: Cresselia|63\/100 slp\n|-damage|p1b: Landorus|54\/100 slp\n|-curestatus|p1a: Cresselia|slp|[msg]\n|move|p1a: Cresselia|Moonblast|p2b: Zapdos\n|-damage|p2b: Zapdos|84\/100\n|\n|-weather|RainDance|[upkeep]\n|-heal|p1a: Cresselia|69\/100|[from] item: Leftovers\n|upkeep\n|turn|5\n|\n|t:|1700971382\n|switch|p1b: Torkoal|Torkoal, L50, M|100\/100\n|-weather|SunnyDay|[from] ability: Drought|[of] p1b: Torkoal\n|move|p2a: Tornadus|Bleakwind Storm|p1a: Cresselia|[spread] p1a,p1b\n|-damage|p1a: Cresselia|46\/100\n|-damage|p1b: Torkoal|59\/100\n|-unboost|p1a: Cresselia|spe|1\n|-unboost|p1b: Torkoal|spe|1\n|move|p2b: Zapdos|Weather Ball|p1b: Torkoal\n|-resisted|p1b: Torkoal\n|-damage|p1b: Torkoal|24\/100\n|move|p1a: Cresselia|Calm Mind|p1a: Cresselia\n|-boost|p1a: Cresselia|spa|1\n|-boost|p1a: Cresselia|spd|1\n|\n|-weather|SunnyDay|[upkeep]\n|-heal|p1a: Cresselia|52\/100|[from] item: Leftovers\n|upkeep\n|turn|6\n|\n|t:|1700971401\n|move|p1b: Torkoal|Protect|p1b: Torkoal\n|-singleturn|p1b: Torkoal|Protect\n|move|p2a: Tornadus|Rain Dance|p2a: Tornadus\n|-weather|RainDance\n|move|p2b: Zapdos|Thunder|p1a: Cresselia\n|-damage|p1a: Cresselia|26\/100\n|-status|p1a: Cresselia|par\n|move|p1a: Cresselia|Trick Room|p1a: Cresselia\n|-fieldstart|move: Trick Room|[of] p1a: Cresselia\n|\n|-weather|RainDance|[upkeep]\n|-heal|p1a: Cresselia|32\/100 par|[from] item: Leftovers\n|upkeep\n|turn|7\n|\n|t:|1700971433\n|switch|p1b: Indeedee|Indeedee-F, L50, F|100\/100\n|-fieldstart|move: Psychic Terrain|[from] ability: Psychic Surge|[of] p1b: Indeedee\n|-enditem|p1b: Indeedee|Psychic Seed\n|-boost|p1b: Indeedee|spd|1|[from] item: Psychic Seed\n|move|p2a: Tornadus|Protect|p2a: Tornadus\n|-singleturn|p2a: Tornadus|Protect\n|cant|p1a: Cresselia|par\n|move|p2b: Zapdos|Volt Switch|p1a: Cresselia\n|-damage|p1a: Cresselia|14\/100 par\n|\n|t:|1700971439\n|switch|p2b: Breloom|Breloom, L50, M|100\/100|[from] Volt Switch\n|\n|-weather|RainDance|[upkeep]\n|-heal|p1a: Cresselia|20\/100 par|[from] item: Leftovers\n|upkeep\n|turn|8\n|\n|t:|1700971457\n|move|p1a: Cresselia|Moonlight|p1a: Cresselia\n|-heal|p1a: Cresselia|45\/100 par\n|move|p1b: Indeedee|Psychic|p2b: Breloom\n|-supereffective|p2b: Breloom\n|-enditem|p2b: Breloom|Focus Sash\n|-damage|p2b: Breloom|1\/100\n|move|p2b: Breloom|Spore|p1b: Indeedee\n|-status|p1b: Indeedee|slp|[from] move: Spore\n|move|p2a: Tornadus|Bleakwind Storm|p1b: Indeedee|[spread] p1a,p1b\n|-damage|p1a: Cresselia|32\/100 par\n|-damage|p1b: Indeedee|80\/100 slp\n|-unboost|p1b: Indeedee|spe|1\n|\n|-weather|RainDance|[upkeep]\n|-heal|p1a: Cresselia|38\/100 par|[from] item: Leftovers\n|upkeep\n|turn|9\n|\n|t:|1700971473\n|switch|p1b: Torkoal|Torkoal, L50, M|24\/100\n|-weather|SunnyDay|[from] ability: Drought|[of] p1b: Torkoal\n|cant|p1a: Cresselia|par\n|move|p2b: Breloom|Seed Bomb|p1a: Cresselia\n|-damage|p1a: Cresselia|8\/100 par\n|move|p2a: Tornadus|Bleakwind Storm|p1a: Cresselia|[spread] p1a\n|-miss|p2a: Tornadus|p1b: Torkoal\n|-damage|p1a: Cresselia|0 fnt\n|faint|p1a: Cresselia\n|\n|-weather|SunnyDay|[upkeep]\n|upkeep\n|\n|t:|1700971486\n|switch|p1a: Indeedee|Indeedee-F, L50, F|80\/100 slp\n|turn|10\n|\n|t:|1700971495\n|move|p2a: Tornadus|Rain Dance|p2a: Tornadus\n|-weather|RainDance\n|move|p1b: Torkoal|Eruption|p2b: Breloom|[spread] p2a,p2b\n|-supereffective|p2b: Breloom\n|-damage|p2a: Tornadus|94\/100\n|-damage|p2b: Breloom|0 fnt\n|faint|p2b: Breloom\n|cant|p1a: Indeedee|slp\n|\n|-weather|RainDance|[upkeep]\n|-fieldend|move: Trick Room\n|upkeep\n|\n|t:|1700971499\n|switch|p2b: Zapdos|Zapdos, L50|84\/100\n|turn|11\n|\n|t:|1700971514\n|switch|p1b: Landorus|Landorus-Therian, L50, M|54\/100 slp\n|-ability|p1b: Landorus|Intimidate|boost\n|-unboost|p2a: Tornadus|atk|1\n|-unboost|p2b: Zapdos|atk|1\n|cant|p1a: Indeedee|slp\n|move|p2a: Tornadus|Bleakwind Storm|p1b: Landorus|[spread] p1a,p1b\n|-damage|p1a: Indeedee|52\/100 slp\n|-damage|p1b: Landorus|14\/100 slp\n|move|p2b: Zapdos|Thunder|p1a: Indeedee\n|-damage|p1a: Indeedee|0 fnt\n|faint|p1a: Indeedee\n|\n|-weather|RainDance|[upkeep]\n|-fieldend|move: Psychic Terrain\n|upkeep\n|\n|t:|1700971527\n|switch|p1a: Torkoal|Torkoal, L50, M|24\/100\n|-weather|SunnyDay|[from] ability: Drought|[of] p1a: Torkoal\n|turn|12\n|-message|HuiruHuiru forfeited.\n|\n|win|MentalSyndrome\n|raw|HuiruHuiru's rating: 1184 &rarr; <strong>1156<\/strong><br \/>(-28 for losing)\n|raw|MentalSyndrome's rating: 1145 &rarr; <strong>1173<\/strong><br \/>(+28 for winning)\n|l|\u2606HuiruHuiru\n","uploadtime":1700971540,"views":9,"p1id":"huiruhuiru","p2id":"mentalsyndrome","formatid":"gen9vgc2023regulatione","rating":1156,"private":0,"password":""}