{"id":"gen9vgc2023regulatione-1990118367","p1":"Matcha Man Savage","p2":"jenzz2","format":"[Gen 9] VGC 2023 Regulation E","log":"|j|\u2606Matcha Man Savage\n|j|\u2606jenzz2\n|t:|1699926502\n|gametype|doubles\n|player|p1|Matcha Man Savage|pokemaniac|\n|player|p2|jenzz2|169|\n|teamsize|p1|6\n|teamsize|p2|6\n|gen|9\n|tier|[Gen 9] VGC 2023 Regulation E\n|rule|Species Clause: Limit one of each Pok\u00e9mon\n|rule|Item Clause: Limit one of each item\n|clearpoke\n|poke|p1|Iron Hands, L50|\n|poke|p1|Chi-Yu, L50|\n|poke|p1|Flutter Mane, L50|\n|poke|p1|Torkoal, L50, F|\n|poke|p1|Lilligant-Hisui, L50, F|\n|poke|p1|Dusclops, L50, M|\n|poke|p2|Flutter Mane, L50|\n|poke|p2|Indeedee-F, L50, F|\n|poke|p2|Landorus-Therian, L50, M|\n|poke|p2|Iron Hands, L50|\n|poke|p2|Sinistcha-Masterpiece, L50|\n|poke|p2|Moltres-Galar, L50|\n|teampreview|4\n|inactive|Battle timer is ON: inactive players will automatically lose when time's up. (requested by Matcha Man Savage)\n|inactive|jenzz2 has 60 seconds left.\n|\n|t:|1699926536\n|start\n|switch|p1a: Fat Tony|Iron Hands, L50, shiny|100\/100\n|switch|p1b: Dusclops|Dusclops, L50, M, shiny|100\/100\n|switch|p2a: Sinistcha|Sinistcha-Masterpiece, L50|100\/100\n|switch|p2b: Landorus|Landorus-Therian, L50, M|100\/100\n|-ability|p2b: Landorus|Intimidate|boost\n|-unboost|p1a: Fat Tony|atk|1\n|-unboost|p1b: Dusclops|atk|1\n|-ability|p1b: Dusclops|Pressure\n|turn|1\n|\n|t:|1699926558\n|-terastallize|p1a: Fat Tony|Grass\n|move|p2b: Landorus|Earthquake|p1b: Dusclops|[spread] p2a,p1a,p1b\n|-resisted|p2a: Sinistcha\n|-resisted|p1a: Fat Tony\n|-crit|p1a: Fat Tony\n|-damage|p2a: Sinistcha|79\/100\n|-damage|p1a: Fat Tony|80\/100\n|-damage|p1b: Dusclops|78\/100\n|move|p2a: Sinistcha|Calm Mind|p2a: Sinistcha\n|-boost|p2a: Sinistcha|spa|1\n|-boost|p2a: Sinistcha|spd|1\n|move|p1a: Fat Tony|Belly Drum|p1a: Fat Tony\n|-damage|p1a: Fat Tony|30\/100\n|-setboost|p1a: Fat Tony|atk|6|[from] move: Belly Drum\n|-enditem|p1a: Fat Tony|Sitrus Berry|[eat]\n|-heal|p1a: Fat Tony|55\/100|[from] item: Sitrus Berry\n|move|p1b: Dusclops|Trick Room|p1b: Dusclops\n|-fieldstart|move: Trick Room|[of] p1b: Dusclops\n|\n|-heal|p2a: Sinistcha|85\/100|[from] item: Leftovers\n|upkeep\n|turn|2\n|inactive|Matcha Man Savage has 30 seconds left.\n|inactive|jenzz2 has 30 seconds left.\n|inactive|jenzz2 has 20 seconds left.\n|inactive|jenzz2 has 15 seconds left.\n|\n|t:|1699926598\n|move|p1b: Dusclops|Will-O-Wisp|p2b: Landorus\n|-status|p2b: Landorus|brn\n|move|p1a: Fat Tony|Thunder Punch|p2a: Sinistcha\n|-resisted|p2a: Sinistcha\n|-damage|p2a: Sinistcha|7\/100\n|move|p2b: Landorus|U-turn|p1a: Fat Tony\n|-supereffective|p1a: Fat Tony\n|-damage|p1a: Fat Tony|37\/100\n|\n|t:|1699926608\n|switch|p2b: Moltres|Moltres-Galar, L50|100\/100|[from] U-turn\n|move|p2a: Sinistcha|Trick Room|p2a: Sinistcha\n|-fieldend|move: Trick Room\n|\n|-heal|p2a: Sinistcha|13\/100|[from] item: Leftovers\n|upkeep\n|turn|3\n|inactive|Matcha Man Savage has 30 seconds left.\n|inactive|jenzz2 has 30 seconds left.\n|inactive|jenzz2 has 20 seconds left.\n|inactive|jenzz2 has 15 seconds left.\n|inactive|jenzz2 has 10 seconds left.\n|\n|t:|1699926658\n|switch|p2b: Landorus|Landorus-Therian, L50, M|100\/100 brn\n|-ability|p2b: Landorus|Intimidate|boost\n|-unboost|p1a: Fat Tony|atk|1\n|-unboost|p1b: Dusclops|atk|1\n|move|p2a: Sinistcha|Strength Sap|p1a: Fat Tony\n|-unboost|p1a: Fat Tony|atk|1\n|-heal|p2a: Sinistcha|100\/100\n|move|p1a: Fat Tony|Thunder Punch|p2a: Sinistcha\n|-resisted|p2a: Sinistcha\n|-damage|p2a: Sinistcha|39\/100\n|move|p1b: Dusclops|Trick Room|p1b: Dusclops\n|-fieldstart|move: Trick Room|[of] p1b: Dusclops\n|\n|-heal|p2a: Sinistcha|45\/100|[from] item: Leftovers\n|-damage|p2b: Landorus|94\/100 brn|[from] brn\n|upkeep\n|turn|4\n|inactive|jenzz2 has 30 seconds left.\n|inactive|jenzz2 has 20 seconds left.\n|inactive|jenzz2 has 15 seconds left.\n|inactive|jenzz2 has 10 seconds left.\n|\n|t:|1699926706\n|move|p1b: Dusclops|Night Shade|p2a: Sinistcha\n|-damage|p2a: Sinistcha|15\/100\n|move|p1a: Fat Tony|Thunder Punch|p2a: Sinistcha\n|-resisted|p2a: Sinistcha\n|-damage|p2a: Sinistcha|0 fnt\n|faint|p2a: Sinistcha\n|move|p2b: Landorus|U-turn|p1a: Fat Tony\n|-supereffective|p1a: Fat Tony\n|-damage|p1a: Fat Tony|19\/100\n|\n|t:|1699926716\n|switch|p2b: Iron Hands|Iron Hands, L50, shiny|100\/100|[from] U-turn\n|\n|upkeep\n|\n|t:|1699926725\n|switch|p2a: Landorus|Landorus-Therian, L50, M|94\/100 brn\n|-ability|p2a: Landorus|Intimidate|boost\n|-unboost|p1a: Fat Tony|atk|1\n|-unboost|p1b: Dusclops|atk|1\n|turn|5\n|\n|t:|1699926741\n|move|p2b: Iron Hands|Fake Out|p1a: Fat Tony\n|-damage|p1a: Fat Tony|9\/100\n|move|p1b: Dusclops|Will-O-Wisp|p2b: Iron Hands\n|-status|p2b: Iron Hands|brn\n|cant|p1a: Fat Tony|flinch\n|move|p2a: Landorus|U-turn|p1a: Fat Tony\n|-supereffective|p1a: Fat Tony\n|-damage|p1a: Fat Tony|0 fnt\n|faint|p1a: Fat Tony\n|-end|p1a: Fat Tony|Quark Drive|[silent]\n|\n|t:|1699926751\n|switch|p2a: Moltres|Moltres-Galar, L50|100\/100|[from] U-turn\n|\n|-damage|p2b: Iron Hands|95\/100 brn|[from] brn\n|upkeep\n|\n|t:|1699926756\n|switch|p1a: Torque|Torkoal, L50, F|100\/100\n|-weather|SunnyDay|[from] ability: Drought|[of] p1a: Torque\n|turn|6\n|inactive|jenzz2 has 30 seconds left.\n|\n|t:|1699926786\n|move|p2a: Moltres|Protect|p2a: Moltres\n|-singleturn|p2a: Moltres|Protect\n|move|p1a: Torque|Eruption|p2b: Iron Hands|[spread] p2b\n|-activate|p2a: Moltres|move: Protect\n|-damage|p2b: Iron Hands|45\/100 brn\n|-enditem|p2b: Iron Hands|Sitrus Berry|[eat]\n|-heal|p2b: Iron Hands|70\/100 brn|[from] item: Sitrus Berry\n|move|p1b: Dusclops|Night Shade|p2a: Moltres\n|-activate|p2a: Moltres|move: Protect\n|move|p2b: Iron Hands|Drain Punch|p1a: Torque\n|-damage|p1a: Torque|85\/100\n|-heal|p2b: Iron Hands|75\/100 brn|[from] drain|[of] p1a: Torque\n|\n|-weather|SunnyDay|[upkeep]\n|-damage|p2b: Iron Hands|69\/100 brn|[from] brn\n|upkeep\n|turn|7\n|\n|t:|1699926816\n|-end|p2b: Iron Hands|Quark Drive|[silent]\n|switch|p2b: Landorus|Landorus-Therian, L50, M|94\/100 brn\n|-ability|p2b: Landorus|Intimidate|boost\n|-unboost|p1a: Torque|atk|1\n|-enditem|p1a: Torque|Eject Pack\n|-unboost|p1b: Dusclops|atk|1\n|\n|t:|1699926822\n|switch|p1a: Chi-Yu|Chi-Yu, L50|100\/100\n|-ability|p1a: Chi-Yu|Beads of Ruin\n|move|p1b: Dusclops|Night Shade|p2a: Moltres\n|-damage|p2a: Moltres|73\/100\n|move|p2a: Moltres|Fiery Wrath|p1b: Dusclops|[spread] p1a,p1b\n|-resisted|p1a: Chi-Yu\n|-supereffective|p1b: Dusclops\n|-damage|p1a: Chi-Yu|85\/100\n|-damage|p1b: Dusclops|28\/100\n|\n|-weather|SunnyDay|[upkeep]\n|-damage|p2b: Landorus|88\/100 brn|[from] brn\n|-fieldend|move: Trick Room\n|upkeep\n|turn|8\n|\n|t:|1699926844\n|move|p2a: Moltres|Protect|p2a: Moltres\n|-singleturn|p2a: Moltres|Protect\n|move|p1a: Chi-Yu|Snarl|p2a: Moltres|[spread] p2b\n|-activate|p2a: Moltres|move: Protect\n|-damage|p2b: Landorus|60\/100 brn\n|-unboost|p2b: Landorus|spa|1\n|-damage|p1a: Chi-Yu|76\/100|[from] item: Life Orb\n|move|p2b: Landorus|Earthquake|p1b: Dusclops|[spread] p1a,p1b\n|-activate|p2a: Moltres|move: Protect\n|-supereffective|p1a: Chi-Yu\n|-damage|p1a: Chi-Yu|15\/100\n|-damage|p1b: Dusclops|15\/100\n|move|p1b: Dusclops|Trick Room|p1b: Dusclops\n|-fieldstart|move: Trick Room|[of] p1b: Dusclops\n|\n|-weather|SunnyDay|[upkeep]\n|-damage|p2b: Landorus|54\/100 brn|[from] brn\n|upkeep\n|turn|9\n|inactive|jenzz2 has 30 seconds left.\n|inactive|jenzz2 has 20 seconds left.\n|inactive|jenzz2 has 15 seconds left.\n|\n|t:|1699926886\n|move|p1b: Dusclops|Night Shade|p2a: Moltres\n|-damage|p2a: Moltres|45\/100\n|-ability|p2a: Moltres|Berserk|boost\n|-boost|p2a: Moltres|spa|1\n|move|p2a: Moltres|Fiery Wrath|p1b: Dusclops|[spread] p1a,p1b\n|-resisted|p1a: Chi-Yu\n|-supereffective|p1b: Dusclops\n|-damage|p1a: Chi-Yu|0 fnt\n|-damage|p1b: Dusclops|0 fnt\n|faint|p1a: Chi-Yu\n|faint|p1b: Dusclops\n|move|p2b: Landorus|Earthquake|p2a: Moltres\n|-immune|p2a: Moltres\n|\n|-weather|SunnyDay|[upkeep]\n|-damage|p2b: Landorus|47\/100 brn|[from] brn\n|upkeep\n|\n|t:|1699926894\n|switch|p1b: Torque|Torkoal, L50, F|85\/100\n|turn|10\n|\n|t:|1699926902\n|move|p2a: Moltres|Protect|p2a: Moltres\n|-singleturn|p2a: Moltres|Protect\n|move|p1b: Torque|Eruption|p2b: Landorus|[spread] p2b\n|-activate|p2a: Moltres|move: Protect\n|-damage|p2b: Landorus|7\/100 brn\n|move|p2b: Landorus|Earthquake|p1b: Torque|[spread] p1b\n|-activate|p2a: Moltres|move: Protect\n|-supereffective|p1b: Torque\n|-damage|p1b: Torque|53\/100\n|\n|-weather|none\n|-damage|p2b: Landorus|1\/100 brn|[from] brn\n|upkeep\n|turn|11\n|\n|t:|1699926920\n|move|p1b: Torque|Overheat|p2a: Moltres\n|-damage|p2a: Moltres|0 fnt\n|-unboost|p1b: Torque|spa|2\n|faint|p2a: Moltres\n|move|p2b: Landorus|Earthquake|p1b: Torque\n|-supereffective|p1b: Torque\n|-damage|p1b: Torque|5\/100\n|\n|-damage|p2b: Landorus|0 fnt|[from] brn\n|faint|p2b: Landorus\n|upkeep\n|\n|t:|1699926930\n|switch|p2b: Iron Hands|Iron Hands, L50, shiny|69\/100 brn\n|turn|12\n|\n|t:|1699926936\n|move|p2b: Iron Hands|Fake Out|p1b: Torque\n|-damage|p1b: Torque|0 fnt\n|faint|p1b: Torque\n|\n|win|jenzz2\n|l|\u2606Matcha Man Savage\n|j|\u2606Matcha Man Savage\n|player|p1|Matcha Man Savage|pokemaniac\n|l|\u2606jenzz2\n","uploadtime":1699926984,"views":17,"p1id":"matchamansavage","p2id":"jenzz2","formatid":"gen9vgc2023regulatione","rating":0,"private":0,"password":""}