{"id":"gen9vgc2023regulatione-1996484001","p1":"MyriadRivers","p2":"PGH_Anubis","format":"[Gen 9] VGC 2023 Regulation E","log":"|j|\u2606MyriadRivers\n|j|\u2606PGH_Anubis\n|t:|1700686461\n|gametype|doubles\n|player|p1|MyriadRivers|lusamine-masters|1309\n|player|p2|PGH_Anubis|medium|1238\n|teamsize|p1|6\n|teamsize|p2|6\n|gen|9\n|tier|[Gen 9] VGC 2023 Regulation E\n|rated|\n|rule|Species Clause: Limit one of each Pok\u00e9mon\n|rule|Item Clause: Limit one of each item\n|clearpoke\n|poke|p1|Goodra-Hisui, L50, M|\n|poke|p1|Ninetales-Alola, L50, F|\n|poke|p1|Ogerpon-Wellspring, L50, F|\n|poke|p1|Sinistcha-Masterpiece, L50|\n|poke|p1|Iron Hands, L50|\n|poke|p1|Flutter Mane, L50|\n|poke|p2|Landorus-Therian, L50, M|\n|poke|p2|Chi-Yu, L50|\n|poke|p2|Iron Bundle, L50|\n|poke|p2|Iron Hands, L50|\n|poke|p2|Tornadus, L50, M|\n|poke|p2|Gholdengo, L50|\n|teampreview|4\n|inactive|Battle timer is ON: inactive players will automatically lose when time's up. (requested by PGH_Anubis)\nMyriadRivers has agreed to open team sheets.\nPGH_Anubis has agreed to open team sheets.\n|inactive|MyriadRivers has 30 seconds left.\n|inactive|PGH_Anubis has 30 seconds left.\n|inactive|MyriadRivers has 20 seconds left.\n|inactive|PGH_Anubis has 20 seconds left.\n|inactive|PGH_Anubis has 15 seconds left.\n|inactive|PGH_Anubis has 10 seconds left.\n|\n|t:|1700686520\n|start\n|switch|p1a: Goodra|Goodra-Hisui, L50, M|100\/100\n|switch|p1b: Ninetales|Ninetales-Alola, L50, F|100\/100\n|switch|p2a: Iron Bundle|Iron Bundle, L50|100\/100\n|switch|p2b: Landorus|Landorus-Therian, L50, M|100\/100\n|-ability|p2b: Landorus|Intimidate|boost\n|-unboost|p1a: Goodra|atk|1\n|-unboost|p1b: Ninetales|atk|1\n|-weather|Snow|[from] ability: Snow Warning|[of] p1b: Ninetales\n|-enditem|p2a: Iron Bundle|Booster Energy\n|-activate|p2a: Iron Bundle|ability: Quark Drive|[fromitem]\n|-start|p2a: Iron Bundle|quarkdrivespe\n|turn|1\n|inactive|MyriadRivers has 30 seconds left.\n|inactive|PGH_Anubis has 30 seconds left.\n|inactive|MyriadRivers has 20 seconds left.\n|inactive|PGH_Anubis has 20 seconds left.\n|inactive|MyriadRivers has 15 seconds left.\n|inactive|PGH_Anubis has 15 seconds left.\n|inactive|PGH_Anubis has 10 seconds left.\n|\n|t:|1700686565\n|move|p2a: Iron Bundle|Freeze-Dry|p1a: Goodra\n|-damage|p1a: Goodra|80\/100\n|-status|p1a: Goodra|frz\n|move|p2b: Landorus|U-turn|p1b: Ninetales\n|-resisted|p1b: Ninetales\n|-damage|p1b: Ninetales|87\/100\n|\n|t:|1700686572\n|switch|p2b: Iron Hands|Iron Hands, L50|100\/100|[from] U-turn\n|move|p1b: Ninetales|Aurora Veil|p1b: Ninetales\n|-sidestart|p1: MyriadRivers|move: Aurora Veil\n|cant|p1a: Goodra|frz\n|\n|-weather|Snow|[upkeep]\n|-heal|p1a: Goodra|86\/100 frz|[from] item: Leftovers\n|upkeep\n|turn|2\n|\n|t:|1700686590\n|switch|p1b: Iron Hands|Iron Hands, L50|100\/100\n|move|p2a: Iron Bundle|Encore||[still]\n|-fail|p2a: Iron Bundle\n|cant|p1a: Goodra|frz\n|move|p2b: Iron Hands|Heavy Slam|p1b: Iron Hands\n|-resisted|p1b: Iron Hands\n|-damage|p1b: Iron Hands|97\/100\n|\n|-weather|Snow|[upkeep]\n|-heal|p1a: Goodra|91\/100 frz|[from] item: Leftovers\n|upkeep\n|turn|3\n|\n|t:|1700686615\n|move|p2a: Iron Bundle|Protect|p2a: Iron Bundle\n|-singleturn|p2a: Iron Bundle|Protect\n|move|p1b: Iron Hands|Wild Charge|p2a: Iron Bundle\n|-activate|p2a: Iron Bundle|move: Protect\n|cant|p1a: Goodra|frz\n|move|p2b: Iron Hands|Drain Punch|p1a: Goodra\n|-supereffective|p1a: Goodra\n|-damage|p1a: Goodra|49\/100 frz\n|\n|-weather|Snow|[upkeep]\n|-heal|p1a: Goodra|55\/100 frz|[from] item: Leftovers\n|upkeep\n|turn|4\n|inactive|MyriadRivers has 30 seconds left.\n|inactive|PGH_Anubis has 30 seconds left.\n|inactive|PGH_Anubis has 20 seconds left.\n|\n|t:|1700686652\n|-end|p2a: Iron Bundle|Quark Drive|[silent]\n|switch|p2a: Landorus|Landorus-Therian, L50, M|100\/100\n|-ability|p2a: Landorus|Intimidate|boost\n|-unboost|p1a: Goodra|atk|1\n|-unboost|p1b: Iron Hands|atk|1\n|move|p1b: Iron Hands|Wild Charge|p2a: Landorus\n|-immune|p2a: Landorus\n|cant|p1a: Goodra|frz\n|move|p2b: Iron Hands|Drain Punch|p1a: Goodra\n|-supereffective|p1a: Goodra\n|-damage|p1a: Goodra|12\/100 frz\n|\n|-weather|Snow|[upkeep]\n|-heal|p1a: Goodra|18\/100 frz|[from] item: Leftovers\n|upkeep\n|turn|5\n|inactive|MyriadRivers has 30 seconds left.\n|inactive|MyriadRivers has 20 seconds left.\n|\n|t:|1700686690\n|switch|p1a: Ninetales|Ninetales-Alola, L50, F|87\/100\n|move|p2a: Landorus|U-turn|p1b: Iron Hands\n|-resisted|p1b: Iron Hands\n|-damage|p1b: Iron Hands|90\/100\n|\n|t:|1700686707\n|switch|p2a: Iron Bundle|Iron Bundle, L50|100\/100|[from] U-turn\n|move|p1b: Iron Hands|Drain Punch|p2b: Iron Hands\n|-damage|p2b: Iron Hands|82\/100\n|-heal|p1b: Iron Hands|99\/100|[from] drain|[of] p2b: Iron Hands\n|move|p2b: Iron Hands|Drain Punch|p1a: Ninetales\n|-damage|p1a: Ninetales|58\/100\n|-heal|p2b: Iron Hands|91\/100|[from] drain|[of] p1a: Ninetales\n|\n|-weather|none\n|upkeep\n|turn|6\n|inactive|MyriadRivers has 30 seconds left.\n|inactive|PGH_Anubis has 30 seconds left.\n|inactive|MyriadRivers has 20 seconds left.\n|inactive|MyriadRivers has 15 seconds left.\n|\n|t:|1700686751\n|-end|p1b: Iron Hands|Quark Drive|[silent]\n|switch|p1b: Goodra|Goodra-Hisui, L50, M|18\/100 frz\n|-terastallize|p1a: Ninetales|Water\n|-terastallize|p2b: Iron Hands|Grass\n|move|p2a: Iron Bundle|Hydro Pump|p1a: Ninetales\n|-resisted|p1a: Ninetales\n|-damage|p1a: Ninetales|39\/100\n|move|p1a: Ninetales|Moonblast|p2b: Iron Hands\n|-damage|p2b: Iron Hands|71\/100\n|move|p2b: Iron Hands|Heavy Slam|p1a: Ninetales\n|-resisted|p1a: Ninetales\n|-damage|p1a: Ninetales|18\/100\n|\n|-heal|p1b: Goodra|23\/100 frz|[from] item: Leftovers\n|upkeep\n|turn|7\n|inactive|MyriadRivers has 30 seconds left.\n|\n|t:|1700686777\n|switch|p1a: Iron Hands|Iron Hands, L50|99\/100\n|move|p2a: Iron Bundle|Freeze-Dry|p1a: Iron Hands\n|-damage|p1a: Iron Hands|88\/100\n|cant|p1b: Goodra|frz\n|move|p2b: Iron Hands|Drain Punch|p1b: Goodra\n|-supereffective|p1b: Goodra\n|-damage|p1b: Goodra|0 fnt\n|-heal|p2b: Iron Hands|80\/100|[from] drain|[of] p1b: Goodra\n|faint|p1b: Goodra\n|\n|upkeep\n|inactive|MyriadRivers has 30 seconds left.\n|\n|t:|1700686805\n|switch|p1b: Ogerpon|Ogerpon-Wellspring, L50, F|100\/100\n|turn|8\n|\n|t:|1700686819\n|-end|p2b: Iron Hands|Quark Drive|[silent]\n|switch|p2b: Landorus|Landorus-Therian, L50, M|100\/100\n|-ability|p2b: Landorus|Intimidate|boost\n|-unboost|p1a: Iron Hands|atk|1\n|-unboost|p1b: Ogerpon|atk|1\n|move|p2a: Iron Bundle|Protect|p2a: Iron Bundle\n|-singleturn|p2a: Iron Bundle|Protect\n|move|p1b: Ogerpon|Knock Off|p2b: Landorus\n|-damage|p2b: Landorus|72\/100\n|-enditem|p2b: Landorus|Choice Scarf|[from] move: Knock Off|[of] p1b: Ogerpon\n|move|p1a: Iron Hands|Wild Charge|p2a: Iron Bundle\n|-activate|p2a: Iron Bundle|move: Protect\n|\n|-sideend|p1: MyriadRivers|move: Aurora Veil\n|upkeep\n|turn|9\n|inactive|MyriadRivers has 30 seconds left.\n|inactive|PGH_Anubis has 30 seconds left.\n|inactive|MyriadRivers has 20 seconds left.\n|\n|t:|1700686855\n|-end|p2a: Iron Bundle|Quark Drive|[silent]\n|switch|p2a: Iron Hands|Iron Hands, L50, tera:Grass|80\/100\n|move|p1b: Ogerpon|Wood Hammer|p2a: Iron Hands\n|-resisted|p2a: Iron Hands\n|-crit|p2a: Iron Hands\n|-damage|p2a: Iron Hands|45\/100\n|-damage|p1b: Ogerpon|82\/100|[from] Recoil\n|move|p2b: Landorus|U-turn|p1a: Iron Hands\n|-resisted|p1a: Iron Hands\n|-damage|p1a: Iron Hands|78\/100\n|\n|t:|1700686864\n|switch|p2b: Iron Bundle|Iron Bundle, L50|100\/100|[from] U-turn\n|move|p1a: Iron Hands|Wild Charge|p2a: Iron Hands\n|-resisted|p2a: Iron Hands\n|-damage|p2a: Iron Hands|33\/100\n|-damage|p1a: Iron Hands|75\/100|[from] Recoil\n|\n|upkeep\n|turn|10\n|inactive|MyriadRivers has 30 seconds left.\n|\n|t:|1700686895\n|move|p2a: Iron Hands|Fake Out|p1a: Iron Hands\n|-damage|p1a: Iron Hands|64\/100\n|move|p2b: Iron Bundle|Freeze-Dry|p1b: Ogerpon\n|-supereffective|p1b: Ogerpon\n|-damage|p1b: Ogerpon|0 fnt\n|faint|p1b: Ogerpon\n|cant|p1a: Iron Hands|flinch\n|\n|upkeep\n|\n|t:|1700686902\n|switch|p1b: Ninetales|Ninetales-Alola, L50, F, tera:Water|18\/100\n|-weather|Snow|[from] ability: Snow Warning|[of] p1b: Ninetales\n|turn|11\n|\n|t:|1700686917\n|-end|p2b: Iron Bundle|Quark Drive|[silent]\n|switch|p2b: Landorus|Landorus-Therian, L50, M|72\/100\n|-ability|p2b: Landorus|Intimidate|boost\n|-unboost|p1a: Iron Hands|atk|1\n|-unboost|p1b: Ninetales|atk|1\n|move|p1b: Ninetales|Blizzard|p2a: Iron Hands|[spread] p2a,p2b\n|-supereffective|p2a: Iron Hands\n|-supereffective|p2b: Landorus\n|-damage|p2a: Iron Hands|0 fnt\n|-damage|p2b: Landorus|0 fnt\n|faint|p2a: Iron Hands\n|-end|p2a: Iron Hands|Quark Drive|[silent]\n|faint|p2b: Landorus\n|move|p1a: Iron Hands|Wild Charge|p2: Iron Hands|[notarget]\n|-fail|p1a: Iron Hands\n|\n|-weather|Snow|[upkeep]\n|upkeep\n|\n|t:|1700686926\n|switch|p2b: Iron Bundle|Iron Bundle, L50|100\/100\n|switch|p2a: Chi-Yu|Chi-Yu, L50|100\/100\n|-ability|p2a: Chi-Yu|Beads of Ruin\n|turn|12\n|\n|t:|1700686948\n|move|p2b: Iron Bundle|Freeze-Dry|p1b: Ninetales\n|-supereffective|p1b: Ninetales\n|-damage|p1b: Ninetales|0 fnt\n|faint|p1b: Ninetales\n|move|p2a: Chi-Yu|Heat Wave|p1a: Iron Hands|[miss]\n|-miss|p2a: Chi-Yu|p1a: Iron Hands\n|move|p1a: Iron Hands|Drain Punch|p2a: Chi-Yu\n|-supereffective|p2a: Chi-Yu\n|-damage|p2a: Chi-Yu|30\/100\n|-heal|p1a: Iron Hands|84\/100|[from] drain|[of] p2a: Chi-Yu\n|\n|-weather|Snow|[upkeep]\n|upkeep\n|turn|13\n|inactive|MyriadRivers has 30 seconds left.\n|\n|t:|1700686962\n|move|p2b: Iron Bundle|Hydro Pump|p1a: Iron Hands|[miss]\n|-miss|p2b: Iron Bundle|p1a: Iron Hands\n|move|p2a: Chi-Yu|Overheat|p1a: Iron Hands\n|-damage|p1a: Iron Hands|35\/100\n|-unboost|p2a: Chi-Yu|spa|2\n|move|p1a: Iron Hands|Drain Punch|p2a: Chi-Yu\n|-supereffective|p2a: Chi-Yu\n|-damage|p2a: Chi-Yu|0 fnt\n|-heal|p1a: Iron Hands|44\/100|[from] drain|[of] p2a: Chi-Yu\n|faint|p2a: Chi-Yu\n|\n|-weather|Snow|[upkeep]\n|upkeep\n|turn|14\n|inactive|MyriadRivers has 30 seconds left this turn.\n|inactive|MyriadRivers has 20 seconds left.\n|\n|t:|1700686977\n|move|p2b: Iron Bundle|Hydro Pump|p1a: Iron Hands\n|-damage|p1a: Iron Hands|12\/100\n|move|p1a: Iron Hands|Drain Punch|p2b: Iron Bundle\n|-supereffective|p2b: Iron Bundle\n|-damage|p2b: Iron Bundle|64\/100\n|-heal|p1a: Iron Hands|23\/100|[from] drain|[of] p2b: Iron Bundle\n|\n|-weather|Snow|[upkeep]\n|upkeep\n|turn|15\n|inactive|MyriadRivers has 20 seconds left this turn.\n|inactive|MyriadRivers has 15 seconds left.\n|\n|t:|1700686986\n|move|p2b: Iron Bundle|Hydro Pump|p1a: Iron Hands|[miss]\n|-miss|p2b: Iron Bundle|p1a: Iron Hands\n|move|p1a: Iron Hands|Drain Punch|p2b: Iron Bundle\n|-supereffective|p2b: Iron Bundle\n|-damage|p2b: Iron Bundle|26\/100\n|-heal|p1a: Iron Hands|34\/100|[from] drain|[of] p2b: Iron Bundle\n|\n|-weather|none\n|upkeep\n|turn|16\n|inactive|MyriadRivers has 15 seconds left this turn.\n|inactive|MyriadRivers has 10 seconds left.\n|\n|t:|1700686996\n|move|p2b: Iron Bundle|Hydro Pump|p1a: Iron Hands\n|-damage|p1a: Iron Hands|2\/100\n|move|p1a: Iron Hands|Drain Punch|p2b: Iron Bundle\n|-supereffective|p2b: Iron Bundle\n|-damage|p2b: Iron Bundle|0 fnt\n|-heal|p1a: Iron Hands|10\/100|[from] drain|[of] p2b: Iron Bundle\n|faint|p2b: Iron Bundle\n|-end|p2b: Iron Bundle|Quark Drive|[silent]\n|\n|win|MyriadRivers\n|inactive|MyriadRivers has 10 seconds left this turn.\n|raw|MyriadRivers's rating: 1309 &rarr; <strong>1325<\/strong><br \/>(+16 for winning)\n|raw|PGH_Anubis's rating: 1238 &rarr; <strong>1218<\/strong><br \/>(-20 for losing)\n|l|\u2606PGH_Anubis\n","uploadtime":1700687006,"views":5,"p1id":"myriadrivers","p2id":"pghanubis","formatid":"gen9vgc2023regulatione","rating":1218,"private":0,"password":""}