{"id":"gen9vgc2023regulatione-1995719986","p1":"RENANBERNARDO","p2":"TobiYume","format":"[Gen 9] VGC 2023 Regulation E","log":"|j|\u2606RENANBERNARDO\n|j|\u2606TobiYume\n|n|\u2606RENANBERNARDO|renanbernardo\n|n|\u2606TobiYume|tobiyume\n|html|View the match progress at <a href=\"\/game-bestof3-gen9vgc2023regulatione-1995719985\">game-bestof3-gen9vgc2023regulatione-1995719985<\/a>\n|t:|1700596876\n|gametype|doubles\n|player|p1|RENANBERNARDO|iris-gen5bw2|\n|player|p2|TobiYume|n|\n|teamsize|p1|6\n|teamsize|p2|6\n|gen|9\n|tier|[Gen 9] VGC 2023 Regulation E\n|rule|Species Clause: Limit one of each Pok\u00e9mon\n|rule|Item Clause: Limit one of each item\n|clearpoke\n|poke|p1|Gholdengo, L50|\n|poke|p1|Ogerpon-Wellspring, L50, F|\n|poke|p1|Landorus-Therian, L50, M|\n|poke|p1|Urshifu-*, L50, F|\n|poke|p1|Farigiraf, L50, F|\n|poke|p1|Flutter Mane, L50|\n|poke|p2|Kommo-o, L50, F|\n|poke|p2|Arcanine-Hisui, L50, M|\n|poke|p2|Rillaboom, L50, M|\n|poke|p2|Moltres-Galar, L50|\n|poke|p2|Ninetales-Alola, L50, F|\n|poke|p2|Sinistcha, L50|\n|teampreview|4\nTobiYume has agreed to open team sheets.\nRENANBERNARDO has agreed to open team sheets.\n|showteam|p1|Gholdengo||ChoiceSpecs|GoodasGold|MakeItRain,ShadowBall,Thunderbolt,Trick||||||50|,,,,,Water]Ogerpon-Wellspring||WellspringMask|WaterAbsorb|SpikyShield,HornLeech,IvyCudgel,FollowMe|||F|||50|,,,,,Water]Landorus-Therian||ChoiceScarf|Intimidate|StompingTantrum,RockSlide,TeraBlast,Uturn|||M|||50|,,,,,Flying]Urshifu||ChoiceBand|UnseenFist|SuckerPunch,WickedBlow,CloseCombat,Uturn|||F|||50|,,,,,Poison]Farigiraf||RockyHelmet|ArmorTail|DazzlingGleam,TrickRoom,Psychic,Imprison|||F|||50|,,,,,Fairy]Flutter Mane||FocusSash|Protosynthesis|Moonblast,ShadowBall,DazzlingGleam,Protect||||||50|,,,,,Fairy\n|showteam|p2|Kommo-o||Leftovers|Bulletproof|IronDefense,BodyPress,IronHead,Protect|||F|||50|,,,,,Steel]Arcanine-Hisui||SafetyGoggles|Intimidate|FlareBlitz,RockSlide,ExtremeSpeed,WillOWisp|||M|||50|,,,,,Water]Rillaboom||AssaultVest|GrassySurge|FakeOut,GrassyGlide,WoodHammer,Uturn|||M|||50|,,,,,Fire]Moltres-Galar||SitrusBerry|Berserk|FieryWrath,AirSlash,NastyPlot,Protect||||||50|,,,,,Poison]Ninetales-Alola||LightClay|SnowWarning|AuroraVeil,IcyWind,Moonblast,HelpingHand|||F|||50|,,,,,Water]Sinistcha||RockyHelmet|Hospitality|MatchaGotcha,LifeDew,TrickRoom,RagePowder||||||50|,,,,,Fairy\n|c|\u2606TobiYume|glhf\n|c|\u2606RENANBERNARDO|gl\n|\n|t:|1700596912\n|start\n|switch|p1a: Farigiraf|Farigiraf, L50, F|100\/100\n|switch|p1b: Landorus|Landorus-Therian, L50, M|100\/100\n|switch|p2a: Rillaboom|Rillaboom, L50, M|100\/100\n|switch|p2b: Arcanine|Arcanine-Hisui, L50, M|100\/100\n|-ability|p1b: Landorus|Intimidate|boost\n|-unboost|p2a: Rillaboom|atk|1\n|-unboost|p2b: Arcanine|atk|1\n|-ability|p2b: Arcanine|Intimidate|boost\n|-unboost|p1a: Farigiraf|atk|1\n|-unboost|p1b: Landorus|atk|1\n|-fieldstart|move: Grassy Terrain|[from] ability: Grassy Surge|[of] p2a: Rillaboom\n|turn|1\n|inactive|Battle timer is ON: inactive players will automatically lose when time's up. (requested by RENANBERNARDO)\n|inactive|RENANBERNARDO has 60 seconds left.\n|\n|t:|1700596956\n|switch|p2b: Sinistcha|Sinistcha, L50|100\/100\n|move|p1b: Landorus|Rock Slide|p2b: Sinistcha|[spread] \n|-miss|p1b: Landorus|p2a: Rillaboom\n|-miss|p1b: Landorus|p2b: Sinistcha\n|move|p2a: Rillaboom|Wood Hammer|p1a: Farigiraf\n|-damage|p1a: Farigiraf|52\/100\n|-damage|p2a: Rillaboom|84\/100|[from] item: Rocky Helmet|[of] p1a: Farigiraf\n|-damage|p2a: Rillaboom|66\/100|[from] Recoil\n|move|p1a: Farigiraf|Dazzling Gleam|p2a: Rillaboom|[spread] p2a,p2b\n|-damage|p2a: Rillaboom|54\/100\n|-damage|p2b: Sinistcha|86\/100\n|\n|-heal|p2a: Rillaboom|60\/100|[from] Grassy Terrain\n|-heal|p2b: Sinistcha|92\/100|[from] Grassy Terrain\n|-heal|p1a: Farigiraf|58\/100|[from] Grassy Terrain\n|upkeep\n|turn|2\n|inactive|RENANBERNARDO has 30 seconds left.\n|\n|t:|1700596985\n|switch|p1b: Urshifu|Urshifu, L50, F|100\/100\n|switch|p2b: Arcanine|Arcanine-Hisui, L50, M|100\/100\n|-ability|p2b: Arcanine|Intimidate|boost\n|-unboost|p1a: Farigiraf|atk|1\n|-unboost|p1b: Urshifu|atk|1\n|move|p2a: Rillaboom|U-turn|p1a: Farigiraf\n|-supereffective|p1a: Farigiraf\n|-damage|p1a: Farigiraf|32\/100\n|-damage|p2a: Rillaboom|44\/100|[from] item: Rocky Helmet|[of] p1a: Farigiraf\n|\n|t:|1700596998\n|switch|p2a: Moltres|Moltres-Galar, L50|100\/100|[from] U-turn\n|move|p1a: Farigiraf|Imprison|p1a: Farigiraf\n|-start|p1a: Farigiraf|move: Imprison\n|\n|-heal|p1a: Farigiraf|38\/100|[from] Grassy Terrain\n|upkeep\n|turn|3\n|inactive|RENANBERNARDO has 30 seconds left.\n|inactive|RENANBERNARDO has 20 seconds left.\n|\n|t:|1700597035\n|move|p2b: Arcanine|Will-O-Wisp|p1b: Urshifu\n|-status|p1b: Urshifu|brn\n|move|p1b: Urshifu|Close Combat|p2a: Moltres\n|-damage|p2a: Moltres|75\/100\n|-unboost|p1b: Urshifu|def|1\n|-unboost|p1b: Urshifu|spd|1\n|move|p2a: Moltres|Fiery Wrath|p1a: Farigiraf|[spread] p1a,p1b\n|-supereffective|p1a: Farigiraf\n|-resisted|p1b: Urshifu\n|-crit|p1b: Urshifu\n|-damage|p1a: Farigiraf|0 fnt\n|-damage|p1b: Urshifu|82\/100 brn\n|faint|p1a: Farigiraf\n|\n|-heal|p1b: Urshifu|87\/100 brn|[from] Grassy Terrain\n|-damage|p1b: Urshifu|82\/100 brn|[from] brn\n|upkeep\n|\n|t:|1700597054\n|switch|p1a: Landorus|Landorus-Therian, L50, M|100\/100\n|-ability|p1a: Landorus|Intimidate|boost\n|-unboost|p2a: Moltres|atk|1\n|-unboost|p2b: Arcanine|atk|1\n|turn|4\n|inactive|RENANBERNARDO has 30 seconds left.\n|\n|t:|1700597087\n|move|p1a: Landorus|Rock Slide|p2a: Moltres|[spread] p2a,p2b\n|-supereffective|p2a: Moltres\n|-supereffective|p2b: Arcanine\n|-damage|p2a: Moltres|40\/100\n|-damage|p2b: Arcanine|55\/100\n|-ability|p2a: Moltres|Berserk|boost\n|-boost|p2a: Moltres|spa|1\n|-enditem|p2a: Moltres|Sitrus Berry|[eat]\n|-heal|p2a: Moltres|65\/100|[from] item: Sitrus Berry\n|move|p2b: Arcanine|Will-O-Wisp|p1a: Landorus\n|-status|p1a: Landorus|brn\n|move|p1b: Urshifu|Close Combat|p2b: Arcanine\n|-supereffective|p2b: Arcanine\n|-damage|p2b: Arcanine|0 fnt\n|-unboost|p1b: Urshifu|def|1\n|-unboost|p1b: Urshifu|spd|1\n|faint|p2b: Arcanine\n|move|p2a: Moltres|Air Slash|p1b: Urshifu\n|-supereffective|p1b: Urshifu\n|-damage|p1b: Urshifu|0 fnt\n|faint|p1b: Urshifu\n|\n|-damage|p1a: Landorus|95\/100 brn|[from] brn\n|upkeep\n|\n|t:|1700597106\n|switch|p2b: Sinistcha|Sinistcha, L50|92\/100\n|switch|p1b: Gholdengo|Gholdengo, L50|100\/100\n|-heal|p2a: Moltres|90\/100|[from] ability: Hospitality|[of] p2b: Sinistcha\n|turn|5\n|inactive|RENANBERNARDO has 30 seconds left.\n|inactive|RENANBERNARDO has 20 seconds left.\n|inactive|RENANBERNARDO has 15 seconds left.\n|inactive|RENANBERNARDO has 10 seconds left.\n|inactive|RENANBERNARDO has 5 seconds left.\n|\n|t:|1700597159\n|-terastallize|p1a: Landorus|Flying\n|move|p1a: Landorus|Rock Slide|p2a: Moltres|[spread] p2b\n|-miss|p1a: Landorus|p2a: Moltres\n|-damage|p2b: Sinistcha|82\/100\n|move|p2a: Moltres|Fiery Wrath|p1a: Landorus|[spread] p1a,p1b\n|-supereffective|p1b: Gholdengo\n|-damage|p1a: Landorus|50\/100 brn\n|-damage|p1b: Gholdengo|20\/100\n|move|p1b: Gholdengo|Make It Rain|p2b: Sinistcha|[spread] p2a,p2b\n|-damage|p2a: Moltres|37\/100\n|-damage|p2b: Sinistcha|13\/100\n|-unboost|p1b: Gholdengo|spa|1\n|-ability|p2a: Moltres|Berserk|boost\n|-boost|p2a: Moltres|spa|1\n|move|p2b: Sinistcha|Matcha Gotcha|p1a: Landorus|[spread] p1a,p1b\n|-resisted|p1a: Landorus\n|-resisted|p1b: Gholdengo\n|-damage|p1a: Landorus|32\/100 brn\n|-heal|p2b: Sinistcha|21\/100|[from] drain|[of] p1a: Landorus\n|-damage|p1b: Gholdengo|4\/100\n|-heal|p2b: Sinistcha|30\/100|[from] drain|[of] p1b: Gholdengo\n|\n|-heal|p1b: Gholdengo|10\/100|[from] Grassy Terrain\n|-heal|p2b: Sinistcha|36\/100|[from] Grassy Terrain\n|-damage|p1a: Landorus|27\/100 brn|[from] brn\n|-fieldend|move: Grassy Terrain\n|upkeep\n|turn|6\n|inactive|RENANBERNARDO has 30 seconds left.\n|inactive|TobiYume has 30 seconds left.\n|\n|t:|1700597189\n|switch|p2b: Rillaboom|Rillaboom, L50, M|44\/100\n|-fieldstart|move: Grassy Terrain|[from] ability: Grassy Surge|[of] p2b: Rillaboom\n|move|p2a: Moltres|Protect|p2a: Moltres\n|-singleturn|p2a: Moltres|Protect\n|move|p1a: Landorus|Rock Slide|p2b: Rillaboom|[spread] p2b\n|-activate|p2a: Moltres|move: Protect\n|-damage|p2b: Rillaboom|35\/100\n|move|p1b: Gholdengo|Make It Rain|p2b: Rillaboom|[spread] p2b\n|-activate|p2a: Moltres|move: Protect\n|-damage|p2b: Rillaboom|0 fnt\n|-unboost|p1b: Gholdengo|spa|1\n|faint|p2b: Rillaboom\n|\n|-heal|p1b: Gholdengo|17\/100|[from] Grassy Terrain\n|-damage|p1a: Landorus|21\/100 brn|[from] brn\n|upkeep\n|\n|t:|1700597206\n|switch|p2b: Sinistcha|Sinistcha, L50|36\/100\n|-heal|p2a: Moltres|62\/100|[from] ability: Hospitality|[of] p2b: Sinistcha\n|turn|7\n|\n|t:|1700597212\n|move|p1a: Landorus|Rock Slide|p2a: Moltres|[spread] p2a,p2b\n|-supereffective|p2a: Moltres\n|-damage|p2a: Moltres|44\/100\n|-damage|p2b: Sinistcha|27\/100\n|-ability|p2a: Moltres|Berserk|boost\n|-boost|p2a: Moltres|spa|1\n|move|p2a: Moltres|Fiery Wrath|p1a: Landorus|[spread] p1a,p1b\n|-supereffective|p1b: Gholdengo\n|-damage|p1a: Landorus|0 fnt\n|-damage|p1b: Gholdengo|0 fnt\n|faint|p1a: Landorus\n|faint|p1b: Gholdengo\n|\n|win|TobiYume\n|c|&|\/uhtml prompt-renanbernardo,RENANBERNARDO is ready for game 2!\n|inactive|TobiYume has 50 seconds to confirm battle start!\n|c|&|\/uhtml prompt-renanbernardo,RENANBERNARDO is ready for game 2!\n|c|&|\/uhtml prompt-tobiyume,TobiYume is ready for game 2!\nBoth players are ready! Starting next match!\n|l|\u2606RENANBERNARDO\n","uploadtime":1700597490,"views":0,"p1id":"renanbernardo","p2id":"tobiyume","formatid":"gen9vgc2023regulatione","rating":0,"private":0,"password":""}