{"id":"gen9vgc2023regulatione-1998287157","p1":"captainttotodile","p2":"poppo9090","format":"[Gen 9] VGC 2023 Regulation E","log":"|j|\u2606captainttotodile\n|j|\u2606poppo9090\n|t:|1700924939\n|gametype|doubles\n|player|p1|captainttotodile|ballguy|1308\n|player|p2|poppo9090|lucas|1265\n|teamsize|p1|6\n|teamsize|p2|6\n|gen|9\n|tier|[Gen 9] VGC 2023 Regulation E\n|rated|\n|rule|Species Clause: Limit one of each Pok\u00e9mon\n|rule|Item Clause: Limit one of each item\n|clearpoke\n|poke|p1|Zapdos-Galar, L50|\n|poke|p1|Chien-Pao, L50|\n|poke|p1|Farigiraf, L50, F|\n|poke|p1|Heatran, L50, F|\n|poke|p1|Rillaboom, L50, F|\n|poke|p1|Dragapult, L50, F|\n|poke|p2|Torterra, L50, F|\n|poke|p2|Ogerpon-Wellspring, L50, F|\n|poke|p2|Grimmsnarl, L50, M|\n|poke|p2|Flutter Mane, L50|\n|poke|p2|Urshifu-*, L50, M|\n|poke|p2|Cresselia, L50, F|\n|teampreview|4\n|j| OppaiDragon1\n|\n|t:|1700924972\n|start\n|switch|p1a: Zapdos|Zapdos-Galar, L50, shiny|100\/100\n|switch|p1b: Rillaboom|Rillaboom, L50, F|100\/100\n|switch|p2a: Torterra|Torterra, L50, F|100\/100\n|switch|p2b: Grimmsnarl|Grimmsnarl, L50, M, shiny|100\/100\n|-fieldstart|move: Grassy Terrain|[from] ability: Grassy Surge|[of] p1b: Rillaboom\n|turn|1\n|inactive|Battle timer is ON: inactive players will automatically lose when time's up. (requested by captainttotodile)\n|inactive|captainttotodile has 60 seconds left.\n|\n|t:|1700925007\n|move|p1b: Rillaboom|Fake Out|p2a: Torterra\n|-damage|p2a: Torterra|90\/100\n|move|p2b: Grimmsnarl|Reflect|p2b: Grimmsnarl\n|-sidestart|p2: poppo9090|Reflect\n|move|p1a: Zapdos|U-turn|p2a: Torterra\n|-supereffective|p2a: Torterra\n|-damage|p2a: Torterra|67\/100\n|\n|t:|1700925015\n|switch|p1a: Chien-Pao|Chien-Pao, L50|100\/100|[from] U-turn\n|-ability|p1a: Chien-Pao|Sword of Ruin\n|cant|p2a: Torterra|flinch\n|\n|-heal|p2a: Torterra|73\/100|[from] Grassy Terrain\n|upkeep\n|turn|2\n|\n|t:|1700925030\n|-terastallize|p2a: Torterra|Fairy\n|move|p2b: Grimmsnarl|Light Screen|p2b: Grimmsnarl\n|-sidestart|p2: poppo9090|move: Light Screen\n|move|p1a: Chien-Pao|Icicle Crash|p2a: Torterra\n|-damage|p2a: Torterra|47\/100\n|-enditem|p2a: Torterra|Sitrus Berry|[eat]\n|-heal|p2a: Torterra|72\/100|[from] item: Sitrus Berry\n|move|p1b: Rillaboom|Wood Hammer|p2a: Torterra\n|-damage|p2a: Torterra|9\/100\n|-damage|p1b: Rillaboom|79\/100|[from] Recoil\n|cant|p2a: Torterra|flinch\n|\n|-heal|p1b: Rillaboom|85\/100|[from] Grassy Terrain\n|-heal|p2a: Torterra|15\/100|[from] Grassy Terrain\n|upkeep\n|turn|3\n|inactive|captainttotodile has 30 seconds left.\n|inactive|poppo9090 has 30 seconds left.\n|\n|t:|1700925056\n|move|p1a: Chien-Pao|Icicle Crash|p2a: Torterra\n|-damage|p2a: Torterra|0 fnt\n|faint|p2a: Torterra\n|move|p1b: Rillaboom|Wood Hammer|p2b: Grimmsnarl\n|-crit|p2b: Grimmsnarl\n|-damage|p2b: Grimmsnarl|0 fnt\n|faint|p2b: Grimmsnarl\n|-damage|p1b: Rillaboom|50\/100|[from] Recoil\n|\n|-heal|p1b: Rillaboom|56\/100|[from] Grassy Terrain\n|upkeep\n|\n|t:|1700925064\n|switch|p2b: Cresselia|Cresselia, L50, F, shiny|100\/100\n|switch|p2a: Flutter Mane|Flutter Mane, L50, shiny|100\/100\n|turn|4\n|\n|t:|1700925087\n|move|p1b: Rillaboom|Grassy Glide|p2a: Flutter Mane\n|-damage|p2a: Flutter Mane|6\/100\n|move|p1a: Chien-Pao|Icicle Crash|p2a: Flutter Mane\n|-damage|p2a: Flutter Mane|0 fnt\n|faint|p2a: Flutter Mane\n|-end|p2a: Flutter Mane|Protosynthesis|[silent]\n|move|p2b: Cresselia|Calm Mind|p2b: Cresselia\n|-boost|p2b: Cresselia|spa|1\n|-boost|p2b: Cresselia|spd|1\n|\n|-heal|p1b: Rillaboom|62\/100|[from] Grassy Terrain\n|upkeep\n|turn|5\n|-message|poppo9090 forfeited.\n|\n|win|captainttotodile\n|raw|captainttotodile's rating: 1308 &rarr; <strong>1326<\/strong><br \/>(+18 for winning)\n|raw|poppo9090's rating: 1265 &rarr; <strong>1243<\/strong><br \/>(-22 for losing)\n|l|\u2606poppo9090\n|l|\u2606captainttotodile\n","uploadtime":1700925119,"views":5,"p1id":"captainttotodile","p2id":"poppo9090","formatid":"gen9vgc2023regulatione","rating":1243,"private":0,"password":""}