{"id":"gen9vgc2023regulatione-1992217175","p1":"izagamii","p2":"Nosirplease","format":"[Gen 9] VGC 2023 Regulation E","log":"|j|\u2606izagamii\n|j|\u2606Nosirplease\n|t:|1700164750\n|gametype|doubles\n|player|p1|izagamii|102|1254\n|player|p2|Nosirplease|101|1348\n|teamsize|p1|6\n|teamsize|p2|6\n|gen|9\n|tier|[Gen 9] VGC 2023 Regulation E\n|rated|\n|rule|Species Clause: Limit one of each Pok\u00e9mon\n|rule|Item Clause: Limit one of each item\n|clearpoke\n|poke|p1|Tornadus, L50, M|\n|poke|p1|Arcanine-Hisui, L50, M|\n|poke|p1|Iron Hands, L50|\n|poke|p1|Gholdengo, L50|\n|poke|p1|Urshifu-*, L50, M|\n|poke|p1|Ogerpon-Wellspring, L50, F|\n|poke|p2|Ninetales-Alola, L50, M|\n|poke|p2|Heatran, L50, M|\n|poke|p2|Mamoswine, L50, M|\n|poke|p2|Sinistcha-Masterpiece, L50|\n|poke|p2|Roaring Moon, L50|\n|poke|p2|Milotic, L50, F|\n|teampreview|4\n|inactive|Battle timer is ON: inactive players will automatically lose when time's up. (requested by Nosirplease)\n|\n|t:|1700164778\n|start\n|switch|p1a: Tornadus|Tornadus, L50, M|100\/100\n|switch|p1b: Iron Hands|Iron Hands, L50|100\/100\n|switch|p2a: Ninetales|Ninetales-Alola, L50, M|100\/100\n|switch|p2b: Milotic|Milotic, L50, F, shiny|100\/100\n|-weather|Snow|[from] ability: Snow Warning|[of] p2a: Ninetales\n|turn|1\n|\n|t:|1700164794\n|move|p1b: Iron Hands|Fake Out|p2b: Milotic\n|-damage|p2b: Milotic|88\/100\n|move|p1a: Tornadus|Tailwind|p1a: Tornadus\n|-sidestart|p1: izagamii|move: Tailwind\n|move|p2a: Ninetales|Encore|p1a: Tornadus\n|-start|p1a: Tornadus|Encore\n|cant|p2b: Milotic|flinch\n|\n|-weather|Snow|[upkeep]\n|upkeep\n|turn|2\n|\n|t:|1700164810\n|switch|p1a: Arcanine|Arcanine-Hisui, L50, M|100\/100\n|-ability|p1a: Arcanine|Intimidate|boost\n|-unboost|p2a: Ninetales|atk|1\n|-unboost|p2b: Milotic|atk|1\n|-ability|p2b: Milotic|Competitive|boost\n|-boost|p2b: Milotic|spa|2\n|move|p2a: Ninetales|Encore|p1b: Iron Hands\n|-start|p1b: Iron Hands|Encore\n|move|p1b: Iron Hands|Fake Out||[still]\n|-hint|Fake Out only works on your first turn out.\n|-fail|p1b: Iron Hands\n|move|p2b: Milotic|Scald|p1a: Arcanine\n|-supereffective|p1a: Arcanine\n|-damage|p1a: Arcanine|0 fnt\n|faint|p1a: Arcanine\n|\n|-weather|Snow|[upkeep]\n|upkeep\n|\n|t:|1700164822\n|switch|p1a: Ogerpon|Ogerpon-Wellspring, L50, F|100\/100\n|turn|3\n|\n|t:|1700164840\n|switch|p2a: Sinistcha|Sinistcha-Masterpiece, L50|100\/100\n|-heal|p2b: Milotic|100\/100|[from] ability: Hospitality|[of] p2a: Sinistcha\n|-end|p1b: Iron Hands|Quark Drive|[silent]\n|switch|p1b: Tornadus|Tornadus, L50, M|100\/100\n|move|p1a: Ogerpon|Horn Leech|p2b: Milotic\n|-supereffective|p2b: Milotic\n|-damage|p2b: Milotic|25\/100\n|-enditem|p2b: Milotic|Sitrus Berry|[eat]\n|-heal|p2b: Milotic|50\/100|[from] item: Sitrus Berry\n|move|p2b: Milotic|Ice Beam|p1b: Tornadus\n|-supereffective|p1b: Tornadus\n|-damage|p1b: Tornadus|30\/100\n|\n|-weather|Snow|[upkeep]\n|upkeep\n|turn|4\n|\n|t:|1700164864\n|switch|p2a: Ninetales|Ninetales-Alola, L50, M|100\/100\n|move|p2b: Milotic|Protect|p2b: Milotic\n|-singleturn|p2b: Milotic|Protect\n|move|p1a: Ogerpon|Horn Leech|p2b: Milotic\n|-activate|p2b: Milotic|move: Protect\n|move|p1b: Tornadus|Bleakwind Storm|p2b: Milotic|[spread] p2a\n|-activate|p2b: Milotic|move: Protect\n|-damage|p2a: Ninetales|69\/100\n|-unboost|p2a: Ninetales|spe|1\n|\n|-weather|Snow|[upkeep]\n|-sideend|p1: izagamii|move: Tailwind\n|upkeep\n|turn|5\n|\n|t:|1700164882\n|switch|p2a: Sinistcha|Sinistcha-Masterpiece, L50|100\/100\n|-heal|p2b: Milotic|74\/100|[from] ability: Hospitality|[of] p2a: Sinistcha\n|-terastallize|p2b: Milotic|Dragon\n|move|p1b: Tornadus|Taunt|p2a: Sinistcha\n|-start|p2a: Sinistcha|move: Taunt\n|move|p1a: Ogerpon|Horn Leech|p2b: Milotic\n|-resisted|p2b: Milotic\n|-damage|p2b: Milotic|56\/100\n|move|p2b: Milotic|Ice Beam|p1b: Tornadus\n|-supereffective|p1b: Tornadus\n|-damage|p1b: Tornadus|0 fnt\n|faint|p1b: Tornadus\n|\n|-weather|none\n|upkeep\n|\n|t:|1700164892\n|switch|p1b: Iron Hands|Iron Hands, L50|100\/100\n|turn|6\n|inactive|izagamii has 30 seconds left.\n|inactive|izagamii has 20 seconds left.\n|inactive|izagamii has 15 seconds left.\n|\n|t:|1700164937\n|switch|p2a: Ninetales|Ninetales-Alola, L50, M|69\/100\n|-weather|Snow|[from] ability: Snow Warning|[of] p2a: Ninetales\n|move|p1a: Ogerpon|Follow Me|p1a: Ogerpon\n|-singleturn|p1a: Ogerpon|move: Follow Me\n|move|p2b: Milotic|Recover|p2b: Milotic\n|-heal|p2b: Milotic|100\/100\n|move|p1b: Iron Hands|Heavy Slam|p2b: Milotic\n|-damage|p2b: Milotic|83\/100\n|\n|-weather|Snow|[upkeep]\n|upkeep\n|turn|7\n|\n|t:|1700164957\n|-terastallize|p1a: Ogerpon|Water\n|detailschange|p1a: Ogerpon|Ogerpon-Wellspring-Tera, L50, F, tera:Water\n|-ability|p1a: Ogerpon|Embody Aspect (Wellspring)|boost\n|-boost|p1a: Ogerpon|spd|1\n|move|p2a: Ninetales|Aurora Veil|p2a: Ninetales\n|-sidestart|p2: Nosirplease|move: Aurora Veil\n|move|p1a: Ogerpon|Ivy Cudgel|p2a: Ninetales|[anim] Ivy Cudgel Water\n|-damage|p2a: Ninetales|32\/100\n|move|p2b: Milotic|Ice Beam|p1b: Iron Hands\n|-damage|p1b: Iron Hands|78\/100\n|move|p1b: Iron Hands|Heavy Slam|p2a: Ninetales\n|-supereffective|p2a: Ninetales\n|-damage|p2a: Ninetales|0 fnt\n|faint|p2a: Ninetales\n|\n|-weather|Snow|[upkeep]\n|upkeep\n|\n|t:|1700164974\n|switch|p2a: Sinistcha|Sinistcha-Masterpiece, L50|100\/100\n|-heal|p2b: Milotic|100\/100|[from] ability: Hospitality|[of] p2a: Sinistcha\n|turn|8\n|\n|t:|1700164992\n|move|p1a: Ogerpon|Follow Me|p1a: Ogerpon\n|-singleturn|p1a: Ogerpon|move: Follow Me\n|move|p2b: Milotic|Ice Beam|p1a: Ogerpon\n|-resisted|p1a: Ogerpon\n|-damage|p1a: Ogerpon|87\/100\n|move|p2a: Sinistcha|Calm Mind|p2a: Sinistcha\n|-boost|p2a: Sinistcha|spa|1\n|-boost|p2a: Sinistcha|spd|1\n|move|p1b: Iron Hands|Wild Charge|p2a: Sinistcha\n|-resisted|p2a: Sinistcha\n|-damage|p2a: Sinistcha|88\/100\n|-damage|p1b: Iron Hands|61\/100|[from] item: Rocky Helmet|[of] p2a: Sinistcha\n|-damage|p1b: Iron Hands|59\/100|[from] Recoil\n|\n|-weather|Snow|[upkeep]\n|upkeep\n|turn|9\n|inactive|izagamii has 30 seconds left.\n|\n|t:|1700165018\n|move|p1a: Ogerpon|Ivy Cudgel|p2b: Milotic|[anim] Ivy Cudgel Water\n|-resisted|p2b: Milotic\n|-crit|p2b: Milotic\n|-damage|p2b: Milotic|52\/100\n|move|p2b: Milotic|Scald|p1b: Iron Hands\n|-damage|p1b: Iron Hands|32\/100\n|-status|p1b: Iron Hands|brn\n|move|p2a: Sinistcha|Calm Mind|p2a: Sinistcha\n|-boost|p2a: Sinistcha|spa|1\n|-boost|p2a: Sinistcha|spd|1\n|move|p1b: Iron Hands|Heavy Slam|p2a: Sinistcha\n|-damage|p2a: Sinistcha|77\/100\n|-damage|p1b: Iron Hands|15\/100 brn|[from] item: Rocky Helmet|[of] p2a: Sinistcha\n|\n|-weather|Snow|[upkeep]\n|-damage|p1b: Iron Hands|9\/100 brn|[from] brn\n|upkeep\n|turn|10\n|c|\u2606Nosirplease|GG\n|\n|t:|1700165039\n|move|p1a: Ogerpon|Ivy Cudgel|p2b: Milotic|[anim] Ivy Cudgel Water\n|-resisted|p2b: Milotic\n|-damage|p2b: Milotic|31\/100\n|move|p2b: Milotic|Recover|p2b: Milotic\n|-heal|p2b: Milotic|82\/100\n|move|p2a: Sinistcha|Matcha Gotcha|p1a: Ogerpon|[spread] p1a,p1b\n|-supereffective|p1a: Ogerpon\n|-damage|p1a: Ogerpon|29\/100\n|-heal|p2a: Sinistcha|100\/100|[from] drain|[of] p1a: Ogerpon\n|-damage|p1b: Iron Hands|0 fnt\n|-status|p1a: Ogerpon|brn\n|faint|p1b: Iron Hands\n|-end|p1b: Iron Hands|Quark Drive|[silent]\n|\n|-weather|none\n|-damage|p1a: Ogerpon|23\/100 brn|[from] brn\n|upkeep\n|turn|11\n|-message|izagamii forfeited.\n|\n|win|Nosirplease\n|raw|izagamii's rating: 1254 &rarr; <strong>1236<\/strong><br \/>(-18 for losing)\n|raw|Nosirplease's rating: 1348 &rarr; <strong>1363<\/strong><br \/>(+15 for winning)\n|l|\u2606izagamii\n","uploadtime":1700165064,"views":19,"p1id":"izagamii","p2id":"nosirplease","formatid":"gen9vgc2023regulatione","rating":1236,"private":0,"password":""}