{"id":"gen9vgc2023regulatione-1993667661","p1":"Arcaa9","p2":"DerpyBronze117","format":"[Gen 9] VGC 2023 Regulation E","log":"|j|\u2606Arcaa9\n|j|\u2606DerpyBronze117\n|n|\u2606Arcaa9|arcaa9\n|n|\u2606DerpyBronze117|derpybronze117\n|html|View the match progress at <a href=\"\/game-bestof3-gen9vgc2023regulatione-1993665797\">game-bestof3-gen9vgc2023regulatione-1993665797<\/a>\n|t:|1700343461\n|gametype|doubles\n|player|p1|Arcaa9|brycenman|\n|player|p2|DerpyBronze117|hilbert|\n|teamsize|p1|6\n|teamsize|p2|6\n|gen|9\n|tier|[Gen 9] VGC 2023 Regulation E\n|rule|Species Clause: Limit one of each Pok\u00e9mon\n|rule|Item Clause: Limit one of each item\n|clearpoke\n|poke|p1|Snorlax, L50, F|\n|poke|p1|Munkidori, L50, M|\n|poke|p1|Arcanine, L50, M|\n|poke|p1|Dragonite, L50, F|\n|poke|p1|Iron Bundle, L50|\n|poke|p1|Stonjourner, L50, F|\n|poke|p2|Thundurus, L50, M|\n|poke|p2|Indeedee-F, L50, F|\n|poke|p2|Amoonguss, L50, F|\n|poke|p2|Ursaluna-Bloodmoon, L50, M|\n|poke|p2|Leafeon, L50, F|\n|poke|p2|Mightyena, L50, M|\n|teampreview|4\n|\n|t:|1700343491\n|start\n|switch|p1a: Munkidori|Munkidori, L50, M|100\/100\n|switch|p1b: Snorlax|Snorlax, L50, F|100\/100\n|switch|p2a: Ursaluna|Ursaluna-Bloodmoon, L50, M|100\/100\n|switch|p2b: Indeedee|Indeedee-F, L50, F|100\/100\n|-fieldstart|move: Psychic Terrain|[from] ability: Psychic Surge|[of] p2b: Indeedee\n|turn|1\n|\n|t:|1700343508\n|move|p1b: Snorlax|Helping Hand|p1a: Munkidori\n|-singleturn|p1a: Munkidori|Helping Hand|[of] p1b: Snorlax\n|move|p2a: Ursaluna|Protect|p2a: Ursaluna\n|-singleturn|p2a: Ursaluna|Protect\n|move|p1a: Munkidori|Psychic|p2a: Ursaluna\n|-activate|p2a: Ursaluna|move: Protect\n|move|p2b: Indeedee|Trick Room|p2b: Indeedee\n|-fieldstart|move: Trick Room|[of] p2b: Indeedee\n|\n|upkeep\n|turn|2\n|\n|t:|1700343522\n|move|p2b: Indeedee|Follow Me|p2b: Indeedee\n|-singleturn|p2b: Indeedee|move: Follow Me\n|move|p1b: Snorlax|Ice Punch|p2b: Indeedee\n|-crit|p2b: Indeedee\n|-damage|p2b: Indeedee|60\/100\n|move|p2a: Ursaluna|Blood Moon|p1a: Munkidori\n|-enditem|p1a: Munkidori|Focus Sash\n|-damage|p1a: Munkidori|1\/100\n|-damage|p2a: Ursaluna|90\/100|[from] item: Life Orb\n|move|p1a: Munkidori|Psychic|p2b: Indeedee\n|-resisted|p2b: Indeedee\n|-damage|p2b: Indeedee|31\/100\n|\n|upkeep\n|turn|3\n|\n|t:|1700343543\n|move|p1a: Munkidori|Protect|p1a: Munkidori\n|-singleturn|p1a: Munkidori|Protect\n|move|p1b: Snorlax|Ice Punch|p2a: Ursaluna\n|-supereffective|p2a: Ursaluna\n|-damage|p2a: Ursaluna|57\/100\n|move|p2a: Ursaluna|Hyper Voice|p1a: Munkidori|[spread] p1b\n|-activate|p1a: Munkidori|move: Protect\n|-crit|p1b: Snorlax\n|-damage|p1b: Snorlax|48\/100\n|-damage|p2a: Ursaluna|47\/100|[from] item: Life Orb\n|move|p2b: Indeedee|Dazzling Gleam|p1b: Snorlax|[spread] p1b\n|-activate|p1a: Munkidori|move: Protect\n|-damage|p1b: Snorlax|39\/100\n|\n|upkeep\n|turn|4\n|\n|t:|1700343570\n|-terastallize|p2a: Ursaluna|Normal\n|move|p1b: Snorlax|Ice Punch|p2a: Ursaluna\n|-damage|p2a: Ursaluna|27\/100\n|move|p2a: Ursaluna|Hyper Voice|p1a: Munkidori|[spread] p1a,p1b\n|-damage|p1a: Munkidori|0 fnt\n|-damage|p1b: Snorlax|0 fnt\n|faint|p1a: Munkidori\n|faint|p1b: Snorlax\n|-damage|p2a: Ursaluna|17\/100|[from] item: Life Orb\n|move|p2b: Indeedee|Dazzling Gleam|p1: Munkidori|[notarget]\n|-fail|p2b: Indeedee\n|\n|upkeep\n|\n|t:|1700343588\n|switch|p1b: Arcanine|Arcanine, L50, M|100\/100\n|switch|p1a: Iron Bundle|Iron Bundle, L50|100\/100\n|-ability|p1b: Arcanine|Intimidate|boost\n|-unboost|p2a: Ursaluna|atk|1\n|-unboost|p2b: Indeedee|atk|1\n|-enditem|p1a: Iron Bundle|Booster Energy\n|-activate|p1a: Iron Bundle|ability: Quark Drive|[fromitem]\n|-start|p1a: Iron Bundle|quarkdrivespe\n|turn|5\n|\n|t:|1700343609\n|-terastallize|p1b: Arcanine|Normal\n|move|p2a: Ursaluna|Hyper Voice|p1a: Iron Bundle|[spread] p1a,p1b\n|-damage|p1a: Iron Bundle|0 fnt\n|-damage|p1b: Arcanine|12\/100\n|faint|p1a: Iron Bundle\n|-end|p1a: Iron Bundle|Quark Drive|[silent]\n|-damage|p2a: Ursaluna|7\/100|[from] item: Life Orb\n|move|p2b: Indeedee|Dazzling Gleam|p1b: Arcanine\n|-damage|p1b: Arcanine|0 fnt\n|faint|p1b: Arcanine\n|\n|win|DerpyBronze117\n|inactive|Arcaa9 has 50 seconds to confirm battle start!\n|inactive|DerpyBronze117 has 50 seconds to confirm battle start!\n|c|&|\/uhtml prompt-arcaa9,Arcaa9 is ready for game 3!\n|inactive|DerpyBronze117 has 40 seconds to confirm battle start!\n|c|&|\/uhtml prompt-derpybronze117,DerpyBronze117 is ready for game 3!\nBoth players are ready! Starting next match!\n|l|\u2606Arcaa9\n|l|\u2606DerpyBronze117\n|j| jakersmc\n","uploadtime":1700344141,"views":20,"p1id":"arcaa9","p2id":"derpybronze117","formatid":"gen9vgc2023regulatione","rating":0,"private":0,"password":""}