{"id":"gen9vgc2023regulatione-1989156505","p1":"Granny Pie","p2":"ToastedArt","format":"[Gen 9] VGC 2023 Regulation E","log":"|j|\u2606Granny Pie\n|j|\u2606ToastedArt\n|n|\u2606Granny Pie|grannypie\n|n|\u2606ToastedArt|toastedart\n|html|View the match progress at <a href=\"\/game-bestof3-gen9vgc2023regulatione-1989154243\">game-bestof3-gen9vgc2023regulatione-1989154243<\/a>\n|t:|1699818226\n|gametype|doubles\n|player|p1|Granny Pie|zinnia|\n|player|p2|ToastedArt|iris|\n|teamsize|p1|6\n|teamsize|p2|6\n|gen|9\n|tier|[Gen 9] VGC 2023 Regulation E\n|rule|Species Clause: Limit one of each Pok\u00e9mon\n|rule|Item Clause: Limit one of each item\n|clearpoke\n|poke|p1|Snorlax, L50, M|\n|poke|p1|Sinistcha, L50|\n|poke|p1|Landorus-Therian, L50, M|\n|poke|p1|Iron Hands, L50|\n|poke|p1|Clefairy, L50, F|\n|poke|p1|Kommo-o, L50, F|\n|poke|p2|Weezing, L50, M|\n|poke|p2|Landorus-Therian, L50, M|\n|poke|p2|Ogerpon, L50, F|\n|poke|p2|Roaring Moon, L50|\n|poke|p2|Gholdengo, L50|\n|poke|p2|Iron Hands, L50|\n|teampreview|4\n|\n|t:|1699818233\n|start\n|switch|p1a: Cat of Health|Landorus-Therian, L50, M|100\/100\n|switch|p1b: Dancing Queen|Kommo-o, L50, F|100\/100\n|switch|p2a: Ogerpon|Ogerpon, L50, F|100\/100\n|switch|p2b: Roaring Moon|Roaring Moon, L50|100\/100\n|-ability|p1a: Cat of Health|Intimidate|boost\n|-unboost|p2a: Ogerpon|atk|1\n|-ability|p2a: Ogerpon|Defiant|boost\n|-boost|p2a: Ogerpon|atk|2\n|-unboost|p2b: Roaring Moon|atk|1\n|-enditem|p2b: Roaring Moon|Booster Energy\n|-activate|p2b: Roaring Moon|ability: Protosynthesis|[fromitem]\n|-start|p2b: Roaring Moon|protosynthesisspe\n|turn|1\n|c|\u2606ToastedArt|oh\n|c|\u2606ToastedArt|we are both dumb\n|\n|t:|1699818259\n|-terastallize|p1a: Cat of Health|Flying\n|move|p2a: Ogerpon|Spiky Shield|p2a: Ogerpon\n|-singleturn|p2a: Ogerpon|move: Protect\n|move|p2b: Roaring Moon|Tailwind|p2b: Roaring Moon\n|-sidestart|p2: ToastedArt|move: Tailwind\n|move|p1a: Cat of Health|Tera Blast|p2a: Ogerpon|[anim] Tera Blast Flying\n|-activate|p2a: Ogerpon|move: Protect\n|move|p1b: Dancing Queen|Clangorous Soul|p1b: Dancing Queen\n|-boost|p1b: Dancing Queen|atk|1\n|-boost|p1b: Dancing Queen|def|1\n|-boost|p1b: Dancing Queen|spa|1\n|-boost|p1b: Dancing Queen|spd|1\n|-boost|p1b: Dancing Queen|spe|1\n|-damage|p1b: Dancing Queen|68\/100\n|-enditem|p1b: Dancing Queen|Throat Spray\n|-boost|p1b: Dancing Queen|spa|1|[from] item: Throat Spray\n|\n|upkeep\n|turn|2\n|\n|t:|1699818285\n|-terastallize|p2a: Ogerpon|Grass\n|detailschange|p2a: Ogerpon|Ogerpon-Teal-Tera, L50, F, tera:Grass\n|-ability|p2a: Ogerpon|Embody Aspect (Teal)|boost\n|-boost|p2a: Ogerpon|spe|1\n|move|p2b: Roaring Moon|Knock Off|p1a: Cat of Health\n|-damage|p1a: Cat of Health|65\/100\n|-enditem|p1a: Cat of Health|Choice Scarf|[from] move: Knock Off|[of] p2b: Roaring Moon\n|move|p2a: Ogerpon|Ivy Cudgel|p1a: Cat of Health\n|-resisted|p1a: Cat of Health\n|-crit|p1a: Cat of Health\n|-damage|p1a: Cat of Health|0 fnt\n|faint|p1a: Cat of Health\n|move|p1b: Dancing Queen|Clanging Scales|p2b: Roaring Moon|[spread] p2a,p2b\n|-supereffective|p2b: Roaring Moon\n|-damage|p2a: Ogerpon|27\/100\n|-damage|p2b: Roaring Moon|0 fnt\n|faint|p2b: Roaring Moon\n|-end|p2b: Roaring Moon|Protosynthesis|[silent]\n|-unboost|p1b: Dancing Queen|def|1\n|\n|upkeep\n|\n|t:|1699818301\n|switch|p2b: Iron Hands|Iron Hands, L50|100\/100\n|switch|p1a: Pipi|Clefairy, L50, F|100\/100\n|turn|3\n|\n|t:|1699818312\n|move|p1b: Dancing Queen|Protect|p1b: Dancing Queen\n|-singleturn|p1b: Dancing Queen|Protect\n|move|p1a: Pipi|Protect|p1a: Pipi\n|-singleturn|p1a: Pipi|Protect\n|move|p2b: Iron Hands|Fake Out|p1b: Dancing Queen\n|-activate|p1b: Dancing Queen|move: Protect\n|move|p2a: Ogerpon|Ivy Cudgel|p1a: Pipi\n|-activate|p1a: Pipi|move: Protect\n|\n|upkeep\n|turn|4\n|\n|t:|1699818327\n|-end|p2b: Iron Hands|Quark Drive|[silent]\n|switch|p2b: Weezing|Weezing, L50, M|100\/100\n|-ability|p2b: Weezing|Neutralizing Gas\n|move|p1a: Pipi|Follow Me|p1a: Pipi\n|-singleturn|p1a: Pipi|move: Follow Me\n|move|p2a: Ogerpon|Ivy Cudgel|p1a: Pipi\n|-damage|p1a: Pipi|6\/100\n|move|p1b: Dancing Queen|Clanging Scales|p2a: Ogerpon|[spread] p2a,p2b\n|-damage|p2a: Ogerpon|0 fnt\n|-damage|p2b: Weezing|19\/100\n|-enditem|p2b: Weezing|Sitrus Berry|[eat]\n|-heal|p2b: Weezing|44\/100|[from] item: Sitrus Berry\n|faint|p2a: Ogerpon\n|-unboost|p1b: Dancing Queen|def|1\n|\n|-sideend|p2: ToastedArt|move: Tailwind\n|upkeep\n|\n|t:|1699818341\n|switch|p2a: Iron Hands|Iron Hands, L50|100\/100\n|turn|5\n|\n|t:|1699818350\n|move|p1b: Dancing Queen|Protect|p1b: Dancing Queen\n|-singleturn|p1b: Dancing Queen|Protect\n|move|p1a: Pipi|Protect|p1a: Pipi\n|-singleturn|p1a: Pipi|Protect\n|move|p2a: Iron Hands|Fake Out|p1a: Pipi\n|-activate|p1a: Pipi|move: Protect\n|move|p2b: Weezing|Gunk Shot|p1b: Dancing Queen\n|-activate|p1b: Dancing Queen|move: Protect\n|\n|upkeep\n|turn|6\n|\n|t:|1699818367\n|move|p1a: Pipi|Helping Hand|p1b: Dancing Queen\n|-singleturn|p1b: Dancing Queen|Helping Hand|[of] p1a: Pipi\n|move|p1b: Dancing Queen|Clanging Scales|p2b: Weezing|[spread] p2a,p2b\n|-damage|p2a: Iron Hands|42\/100\n|-damage|p2b: Weezing|0 fnt\n|faint|p2b: Weezing\n|-end|p2b: Weezing|ability: Neutralizing Gas\n|-unboost|p1b: Dancing Queen|def|1\n|move|p2a: Iron Hands|Drain Punch|p1b: Dancing Queen\n|-damage|p1b: Dancing Queen|12\/100\n|-heal|p2a: Iron Hands|62\/100|[from] drain|[of] p1b: Dancing Queen\n|\n|upkeep\n|turn|7\n|\n|t:|1699818382\n|move|p1a: Pipi|Helping Hand|p1b: Dancing Queen\n|-singleturn|p1b: Dancing Queen|Helping Hand|[of] p1a: Pipi\n|move|p1b: Dancing Queen|Clanging Scales|p2a: Iron Hands\n|-damage|p2a: Iron Hands|0 fnt\n|faint|p2a: Iron Hands\n|-end|p2a: Iron Hands|Quark Drive|[silent]\n|\n|win|Granny Pie\n|l|\u2606ToastedArt\n","uploadtime":1699818390,"views":8,"p1id":"grannypie","p2id":"toastedart","formatid":"gen9vgc2023regulatione","rating":0,"private":0,"password":""}