{"id":"gen9vgc2023regulatione-1994354156","p1":"hippiepeppers","p2":"TrainerDylan24","format":"[Gen 9] VGC 2023 Regulation E","log":"|j|\u2606hippiepeppers\n|j|\u2606TrainerDylan24\n|t:|1700434380\n|gametype|doubles\n|player|p1|hippiepeppers|barry|1209\n|player|p2|TrainerDylan24|swimmerf|1186\n|teamsize|p1|6\n|teamsize|p2|6\n|gen|9\n|tier|[Gen 9] VGC 2023 Regulation E\n|rated|\n|rule|Species Clause: Limit one of each Pok\u00e9mon\n|rule|Item Clause: Limit one of each item\n|clearpoke\n|poke|p1|Regieleki, L50|\n|poke|p1|Arcanine-Hisui, L50, F|\n|poke|p1|Ursaluna-Bloodmoon, L50, M|\n|poke|p1|Indeedee-F, L50, F|\n|poke|p1|Flutter Mane, L50|\n|poke|p1|Iron Hands, L50|\n|poke|p2|Torkoal, L50, M|\n|poke|p2|Lilligant-Hisui, L50, F|\n|poke|p2|Sandy Shocks, L50|\n|poke|p2|Flutter Mane, L50|\n|poke|p2|Garganacl, L50, M|\n|poke|p2|Ursaluna-Bloodmoon, L50, M|\n|teampreview|4\n|\n|t:|1700434417\n|start\n|switch|p1a: Regieleki|Regieleki, L50|100\/100\n|switch|p1b: Flutter Mane|Flutter Mane, L50|100\/100\n|switch|p2a: Garganacl|Garganacl, L50, M|100\/100\n|switch|p2b: Ursaluna|Ursaluna-Bloodmoon, L50, M|100\/100\n|turn|1\n|\n|t:|1700434452\n|-terastallize|p1a: Regieleki|Ice\n|move|p1a: Regieleki|Tera Blast|p2b: Ursaluna|[anim] Tera Blast Ice\n|-supereffective|p2b: Ursaluna\n|-damage|p2b: Ursaluna|0 fnt\n|faint|p2b: Ursaluna\n|move|p1b: Flutter Mane|Shadow Ball|p2a: Garganacl\n|-damage|p2a: Garganacl|82\/100\n|move|p2a: Garganacl|Salt Cure|p1b: Flutter Mane\n|-damage|p1b: Flutter Mane|59\/100\n|-start|p1b: Flutter Mane|Salt Cure\n|\n|-heal|p2a: Garganacl|88\/100|[from] item: Leftovers\n|-damage|p1b: Flutter Mane|47\/100|[from] Salt Cure\n|upkeep\n|\n|t:|1700434462\n|switch|p2b: Torkoal|Torkoal, L50, M, shiny|100\/100\n|-weather|SunnyDay|[from] ability: Drought|[of] p2b: Torkoal\n|-activate|p1b: Flutter Mane|ability: Protosynthesis\n|-start|p1b: Flutter Mane|protosynthesisspe\n|turn|2\n|\n|t:|1700434491\n|switch|p1a: Iron Hands|Iron Hands, L50|100\/100\n|move|p2a: Garganacl|Protect|p2a: Garganacl\n|-singleturn|p2a: Garganacl|Protect\n|move|p1b: Flutter Mane|Shadow Ball|p2b: Torkoal\n|-damage|p2b: Torkoal|59\/100\n|move|p2b: Torkoal|Heat Wave|p1a: Iron Hands|[spread] p1a,p1b\n|-damage|p1a: Iron Hands|73\/100\n|-damage|p1b: Flutter Mane|0 fnt\n|faint|p1b: Flutter Mane\n|-end|p1b: Flutter Mane|Protosynthesis|[silent]\n|\n|-weather|SunnyDay|[upkeep]\n|-heal|p2a: Garganacl|94\/100|[from] item: Leftovers\n|upkeep\n|\n|t:|1700434511\n|switch|p1b: Ursaluna|Ursaluna-Bloodmoon, L50, M|100\/100\n|turn|3\n|\n|t:|1700434524\n|move|p1a: Iron Hands|Fake Out|p2a: Garganacl\n|-resisted|p2a: Garganacl\n|-damage|p2a: Garganacl|88\/100\n|move|p1b: Ursaluna|Hyper Voice|p2a: Garganacl|[spread] p2a,p2b\n|-resisted|p2a: Garganacl\n|-damage|p2a: Garganacl|72\/100\n|-damage|p2b: Torkoal|26\/100\n|cant|p2a: Garganacl|flinch\n|move|p2b: Torkoal|Heat Wave|p1a: Iron Hands|[spread] p1a,p1b\n|-damage|p1a: Iron Hands|43\/100\n|-damage|p1b: Ursaluna|50\/100\n|-status|p1a: Iron Hands|brn\n|\n|-weather|SunnyDay|[upkeep]\n|-heal|p1b: Ursaluna|56\/100|[from] item: Leftovers\n|-heal|p2a: Garganacl|78\/100|[from] item: Leftovers\n|-damage|p1a: Iron Hands|37\/100 brn|[from] brn\n|upkeep\n|turn|4\n|\n|t:|1700434547\n|move|p1b: Ursaluna|Protect|p1b: Ursaluna\n|-singleturn|p1b: Ursaluna|Protect\n|move|p1a: Iron Hands|Drain Punch|p2b: Torkoal\n|-damage|p2b: Torkoal|5\/100\n|-heal|p1a: Iron Hands|43\/100 brn|[from] drain|[of] p2b: Torkoal\n|move|p2a: Garganacl|Body Press|p1b: Ursaluna\n|-activate|p1b: Ursaluna|move: Protect\n|move|p2b: Torkoal|Heat Wave|p1b: Ursaluna|[spread] p1a\n|-activate|p1b: Ursaluna|move: Protect\n|-damage|p1a: Iron Hands|15\/100 brn\n|\n|-weather|SunnyDay|[upkeep]\n|-heal|p1b: Ursaluna|61\/100|[from] item: Leftovers\n|-heal|p2a: Garganacl|84\/100|[from] item: Leftovers\n|-damage|p1a: Iron Hands|9\/100 brn|[from] brn\n|upkeep\n|turn|5\n|\n|t:|1700434579\n|move|p2a: Garganacl|Protect|p2a: Garganacl\n|-singleturn|p2a: Garganacl|Protect\n|move|p1a: Iron Hands|Drain Punch|p2a: Garganacl\n|-activate|p2a: Garganacl|move: Protect\n|move|p1b: Ursaluna|Hyper Voice|p2a: Garganacl|[spread] p2b\n|-activate|p2a: Garganacl|move: Protect\n|-damage|p2b: Torkoal|0 fnt\n|faint|p2b: Torkoal\n|\n|-weather|SunnyDay|[upkeep]\n|-heal|p1b: Ursaluna|67\/100|[from] item: Leftovers\n|-heal|p2a: Garganacl|91\/100|[from] item: Leftovers\n|-damage|p1a: Iron Hands|3\/100 brn|[from] brn\n|upkeep\n|\n|t:|1700434597\n|switch|p2b: Sandy Shocks|Sandy Shocks, L50|100\/100\n|-activate|p2b: Sandy Shocks|ability: Protosynthesis\n|-start|p2b: Sandy Shocks|protosynthesisspe\n|turn|6\n|\n|t:|1700434613\n|move|p2b: Sandy Shocks|Earth Power|p1b: Ursaluna\n|-damage|p1b: Ursaluna|4\/100\n|-damage|p2b: Sandy Shocks|90\/100|[from] item: Life Orb\n|move|p1a: Iron Hands|Heavy Slam|p2a: Garganacl\n|-supereffective|p2a: Garganacl\n|-damage|p2a: Garganacl|77\/100\n|move|p1b: Ursaluna|Earth Power|p2b: Sandy Shocks\n|-supereffective|p2b: Sandy Shocks\n|-damage|p2b: Sandy Shocks|0 fnt\n|faint|p2b: Sandy Shocks\n|-end|p2b: Sandy Shocks|Protosynthesis|[silent]\n|move|p2a: Garganacl|Salt Cure|p1b: Ursaluna\n|-resisted|p1b: Ursaluna\n|-damage|p1b: Ursaluna|0 fnt\n|faint|p1b: Ursaluna\n|\n|-weather|none\n|-heal|p2a: Garganacl|83\/100|[from] item: Leftovers\n|-damage|p1a: Iron Hands|0 fnt|[from] brn\n|faint|p1a: Iron Hands\n|-end|p1a: Iron Hands|Quark Drive|[silent]\n|upkeep\n|\n|t:|1700434632\n|switch|p1b: Regieleki|Regieleki, L50, tera:Ice|100\/100\n|turn|7\n|\n|t:|1700434640\n|-terastallize|p2a: Garganacl|Rock\n|move|p1b: Regieleki|Tera Blast|p2a: Garganacl|[anim] Tera Blast Ice\n|-damage|p2a: Garganacl|38\/100\n|move|p2a: Garganacl|Salt Cure|p1b: Regieleki\n|-supereffective|p1b: Regieleki\n|-damage|p1b: Regieleki|0 fnt\n|faint|p1b: Regieleki\n|\n|win|TrainerDylan24\n|raw|hippiepeppers's rating: 1209 &rarr; <strong>1182<\/strong><br \/>(-27 for losing)\n|raw|TrainerDylan24's rating: 1186 &rarr; <strong>1213<\/strong><br \/>(+27 for winning)\n","uploadtime":1700434650,"views":5,"p1id":"hippiepeppers","p2id":"trainerdylan24","formatid":"gen9vgc2023regulatione","rating":1182,"private":0,"password":""}