{"id":"gen9vgc2023regulatione-1996159313","p1":"brunikolas","p2":"Pino_Ggiolo","format":"[Gen 9] VGC 2023 Regulation E","log":"|j|\u2606brunikolas\n|j|\u2606Pino_Ggiolo\n|t:|1700652966\n|gametype|doubles\n|player|p1|brunikolas|101|1065\n|player|p2|Pino_Ggiolo|169|1149\n|teamsize|p1|6\n|teamsize|p2|5\n|gen|9\n|tier|[Gen 9] VGC 2023 Regulation E\n|rated|\n|rule|Species Clause: Limit one of each Pok\u00e9mon\n|rule|Item Clause: Limit one of each item\n|clearpoke\n|poke|p1|Slaking, L50, M|\n|poke|p1|Weezing-Galar, L50, M|\n|poke|p1|Zoroark-Hisui, L50, F|\n|poke|p1|Iron Hands, L50|\n|poke|p1|Flutter Mane, L50|\n|poke|p1|Roaring Moon, L50|\n|poke|p2|Dusknoir, L50, F|\n|poke|p2|Pachirisu, L50, F|\n|poke|p2|Typhlosion-Hisui, L50, F|\n|poke|p2|Iron Thorns, L50|\n|poke|p2|Enamorus-Therian, L50, F|\n|teampreview|4\n|\n|t:|1700653003\n|start\n|switch|p1a: Slaking|Slaking, L50, M|100\/100\n|switch|p1b: Roaring Moon|Roaring Moon, L50|100\/100\n|switch|p2a: Dusknoir|Dusknoir, L50, F|100\/100\n|switch|p2b: Pachirisu|Pachirisu, L50, F|100\/100\n|-ability|p2a: Dusknoir|Pressure\n|-enditem|p1b: Roaring Moon|Booster Energy\n|-activate|p1b: Roaring Moon|ability: Protosynthesis|[fromitem]\n|-start|p1b: Roaring Moon|protosynthesisatk\n|turn|1\n|\n|t:|1700653049\n|switch|p1a: Iron Hands|Iron Hands, L50|100\/100\n|move|p2b: Pachirisu|Follow Me|p2b: Pachirisu\n|-singleturn|p2b: Pachirisu|move: Follow Me\n|move|p1b: Roaring Moon|Knock Off|p2b: Pachirisu\n|-damage|p2b: Pachirisu|0 fnt\n|-enditem|p2b: Pachirisu|Aguav Berry|[from] move: Knock Off|[of] p1b: Roaring Moon\n|faint|p2b: Pachirisu\n|move|p2a: Dusknoir|Trick Room|p2a: Dusknoir\n|-fieldstart|move: Trick Room|[of] p2a: Dusknoir\n|\n|upkeep\n|\n|t:|1700653065\n|switch|p2b: Iron Thorns|Iron Thorns, L50|100\/100\n|turn|2\n|\n|t:|1700653079\n|-terastallize|p2b: Iron Thorns|Rock\n|move|p2a: Dusknoir|Will-O-Wisp|p1b: Roaring Moon\n|-status|p1b: Roaring Moon|brn\n|move|p1a: Iron Hands|Drain Punch|p2b: Iron Thorns\n|-supereffective|p2b: Iron Thorns\n|-damage|p2b: Iron Thorns|31\/100\n|move|p2b: Iron Thorns|Rock Slide|p1b: Roaring Moon|[spread] p1a\n|-miss|p2b: Iron Thorns|p1b: Roaring Moon\n|-resisted|p1a: Iron Hands\n|-damage|p1a: Iron Hands|85\/100\n|move|p1b: Roaring Moon|Knock Off|p2a: Dusknoir\n|-supereffective|p2a: Dusknoir\n|-damage|p2a: Dusknoir|30\/100\n|-enditem|p2a: Dusknoir|Leftovers|[from] move: Knock Off|[of] p1b: Roaring Moon\n|\n|-damage|p1b: Roaring Moon|94\/100 brn|[from] brn\n|upkeep\n|turn|3\n|\n|t:|1700653116\n|move|p2a: Dusknoir|Will-O-Wisp|p1a: Iron Hands\n|-status|p1a: Iron Hands|brn\n|move|p1a: Iron Hands|Drain Punch|p2b: Iron Thorns\n|-supereffective|p2b: Iron Thorns\n|-damage|p2b: Iron Thorns|0 fnt\n|-heal|p1a: Iron Hands|98\/100 brn|[from] drain|[of] p2b: Iron Thorns\n|faint|p2b: Iron Thorns\n|-end|p2b: Iron Thorns|Quark Drive|[silent]\n|move|p1b: Roaring Moon|Acrobatics|p2a: Dusknoir\n|-damage|p2a: Dusknoir|3\/100\n|\n|-damage|p1a: Iron Hands|92\/100 brn|[from] brn\n|-damage|p1b: Roaring Moon|88\/100 brn|[from] brn\n|upkeep\n|\n|t:|1700653128\n|switch|p2b: Typhlosion|Typhlosion-Hisui, L50, F|100\/100\n|-item|p1a: Iron Hands|Assault Vest|[from] ability: Frisk|[of] p2b: Typhlosion|[identify]\n|turn|4\n|\n|t:|1700653151\n|move|p2a: Dusknoir|Poltergeist|p1a: Iron Hands|[miss]\n|-miss|p2a: Dusknoir|p1a: Iron Hands\n|move|p1a: Iron Hands|Wild Charge|p2b: Typhlosion\n|-damage|p2b: Typhlosion|69\/100\n|-damage|p1a: Iron Hands|87\/100 brn|[from] Recoil\n|move|p2b: Typhlosion|Eruption|p1a: Iron Hands|[spread] p1a,p1b\n|-resisted|p1b: Roaring Moon\n|-damage|p1a: Iron Hands|58\/100 brn\n|-damage|p1b: Roaring Moon|63\/100 brn\n|move|p1b: Roaring Moon|Acrobatics|p2a: Dusknoir\n|-damage|p2a: Dusknoir|0 fnt\n|faint|p2a: Dusknoir\n|\n|-damage|p1a: Iron Hands|52\/100 brn|[from] brn\n|-damage|p1b: Roaring Moon|57\/100 brn|[from] brn\n|upkeep\n|turn|5\n|-message|Pino_Ggiolo forfeited.\n|\n|win|brunikolas\n|raw|brunikolas's rating: 1065 &rarr; <strong>1102<\/strong><br \/>(+37 for winning)\n|raw|Pino_Ggiolo's rating: 1149 &rarr; <strong>1118<\/strong><br \/>(-31 for losing)\n|l|\u2606Pino_Ggiolo\n","uploadtime":1700653177,"views":6,"p1id":"brunikolas","p2id":"pinoggiolo","formatid":"gen9vgc2023regulatione","rating":1102,"private":0,"password":""}