{"id":"gen9vgc2023regulatione-1998997654","p1":"Tay23","p2":"CannorVGC","format":"[Gen 9] VGC 2023 Regulation E","log":"|j|\u2606Tay23\n|j|\u2606CannorVGC\n|n|\u2606Tay23|tay23\n|n|\u2606CannorVGC|cannorvgc\n|html|View the match progress at <a href=\"\/game-bestof3-gen9vgc2023regulatione-1998992162\">game-bestof3-gen9vgc2023regulatione-1998992162<\/a>\n|t:|1701022198\n|gametype|doubles\n|player|p1|Tay23|n|\n|player|p2|CannorVGC|skier|\n|teamsize|p1|6\n|teamsize|p2|6\n|gen|9\n|tier|[Gen 9] VGC 2023 Regulation E\n|rule|Species Clause: Limit one of each Pok\u00e9mon\n|rule|Item Clause: Limit one of each item\n|clearpoke\n|poke|p1|Scream Tail, L50|\n|poke|p1|Infernape, L50, M|\n|poke|p1|Thundurus-Therian, L50, M|\n|poke|p1|Mamoswine, L50, M|\n|poke|p1|Hydreigon, L50, M|\n|poke|p1|Clawitzer, L50, M|\n|poke|p2|Dondozo, L50, F|\n|poke|p2|Tatsugiri, L50, M|\n|poke|p2|Ribombee, L50, F|\n|poke|p2|Bisharp, L50, M|\n|poke|p2|Wyrdeer, L50, F|\n|poke|p2|Heracross, L50, F|\n|teampreview|4\n|c|\u2606CannorVGC|glhf\n|c|\u2606Tay23|g;hf\n|\n|t:|1701022235\n|start\n|switch|p1a: Infernape|Infernape, L50, M|100\/100\n|switch|p1b: Thundurus|Thundurus-Therian, L50, M|100\/100\n|switch|p2a: Dondozo|Dondozo, L50, F|100\/100\n|switch|p2b: Ribombee|Ribombee, L50, F|100\/100\n|turn|1\n|\n|t:|1701022358\n|switch|p2b: Tatsugiri|Tatsugiri, L50, M|100\/100\n|-activate|p2b: Tatsugiri|ability: Commander|[of] p2a: Dondozo\n|-boost|p2a: Dondozo|atk|2\n|-boost|p2a: Dondozo|spa|2\n|-boost|p2a: Dondozo|spe|2\n|-boost|p2a: Dondozo|def|2\n|-boost|p2a: Dondozo|spd|2\n|switch|p1a: Scream Tail|Scream Tail, L50|100\/100\n|-enditem|p1a: Scream Tail|Booster Energy\n|-activate|p1a: Scream Tail|ability: Protosynthesis|[fromitem]\n|-start|p1a: Scream Tail|protosynthesisspe\n|-terastallize|p2a: Dondozo|Steel\n|move|p2a: Dondozo|Wave Crash|p1b: Thundurus\n|-damage|p1b: Thundurus|0 fnt\n|faint|p1b: Thundurus\n|-damage|p2a: Dondozo|75\/100|[from] Recoil\n|\n|upkeep\n|\n|t:|1701022374\n|switch|p1b: Infernape|Infernape, L50, M|100\/100\n|turn|2\n|\n|t:|1701022389\n|move|p1b: Infernape|Fake Out|p2a: Dondozo\n|-resisted|p2a: Dondozo\n|-crit|p2a: Dondozo\n|-damage|p2a: Dondozo|68\/100\n|cant|p2a: Dondozo|flinch\n|move|p1a: Scream Tail|Disable|p2a: Dondozo\n|-start|p2a: Dondozo|Disable|Wave Crash\n|\n|upkeep\n|turn|3\n|\n|t:|1701022409\n|-activate|p2a: Dondozo|move: Struggle\n|move|p2a: Dondozo|Struggle|p1a: Scream Tail\n|-damage|p1a: Scream Tail|79\/100\n|-damage|p2a: Dondozo|43\/100|[from] recoil\n|move|p1a: Scream Tail|Thunder Wave|p2a: Dondozo\n|-status|p2a: Dondozo|par\n|move|p1b: Infernape|Close Combat|p2a: Dondozo\n|-supereffective|p2a: Dondozo\n|-damage|p2a: Dondozo|0 fnt\n|-unboost|p1b: Infernape|def|1\n|-unboost|p1b: Infernape|spd|1\n|faint|p2a: Dondozo\n|\n|upkeep\n|\n|t:|1701022419\n|switch|p2a: Ribombee|Ribombee, L50, F|100\/100\n|turn|4\n|\n|t:|1701022448\n|move|p1a: Scream Tail|Thunder Wave|p2a: Ribombee\n|-status|p2a: Ribombee|par\n|move|p1b: Infernape|Fire Punch|p2a: Ribombee\n|-supereffective|p2a: Ribombee\n|-damage|p2a: Ribombee|0 fnt\n|faint|p2a: Ribombee\n|move|p2b: Tatsugiri|Hydro Pump|p1b: Infernape\n|-supereffective|p1b: Infernape\n|-enditem|p1b: Infernape|Focus Sash\n|-damage|p1b: Infernape|1\/100\n|\n|upkeep\n|\n|t:|1701022453\n|switch|p2a: Heracross|Heracross, L50, F|100\/100\n|turn|5\n|\n|t:|1701022481\n|move|p1a: Scream Tail|Disable|p2b: Tatsugiri\n|-start|p2b: Tatsugiri|Disable|Hydro Pump\n|move|p1b: Infernape|Fire Punch|p2a: Heracross\n|-supereffective|p2a: Heracross\n|-damage|p2a: Heracross|0 fnt\n|faint|p2a: Heracross\n|cant|p2b: Tatsugiri|Disable|Hydro Pump\n|\n|upkeep\n|turn|6\n|\n|t:|1701022493\n|move|p1a: Scream Tail|Dazzling Gleam|p2b: Tatsugiri\n|-supereffective|p2b: Tatsugiri\n|-damage|p2b: Tatsugiri|50\/100\n|move|p1b: Infernape|Close Combat|p2b: Tatsugiri\n|-damage|p2b: Tatsugiri|0 fnt\n|-unboost|p1b: Infernape|def|1\n|-unboost|p1b: Infernape|spd|1\n|faint|p2b: Tatsugiri\n|\n|win|Tay23\n|c|\u2606CannorVGC|gg\n|c|\u2606Tay23|gg\n","uploadtime":1701022551,"views":45,"p1id":"tay23","p2id":"cannorvgc","formatid":"gen9vgc2023regulatione","rating":0,"private":0,"password":""}