{"id":"gen9vgc2023regulatione-1989417008","p1":"zac5224666","p2":"Bigsoccerman24","format":"[Gen 9] VGC 2023 Regulation E","log":"|j|\u2606zac5224666\n|j|\u2606Bigsoccerman24\n|t:|1699847529\n|gametype|doubles\n|player|p1|zac5224666|265|1423\n|player|p2|Bigsoccerman24|101|1458\n|teamsize|p1|6\n|teamsize|p2|6\n|gen|9\n|tier|[Gen 9] VGC 2023 Regulation E\n|rated|\n|rule|Species Clause: Limit one of each Pok\u00e9mon\n|rule|Item Clause: Limit one of each item\n|clearpoke\n|poke|p1|Moltres-Galar, L50|\n|poke|p1|Grimmsnarl, L50, M|\n|poke|p1|Landorus-Therian, L50, M|\n|poke|p1|Iron Hands, L50|\n|poke|p1|Annihilape, L50, F|\n|poke|p1|Maushold-Four, L50|\n|poke|p2|Enamorus-Therian, L50, F|\n|poke|p2|Ursaluna, L50, M|\n|poke|p2|Urshifu-*, L50, M|\n|poke|p2|Cresselia, L50, F|\n|poke|p2|Sinistcha, L50|\n|poke|p2|Maushold, L50|\n|teampreview|4\n|inactive|Battle timer is ON: inactive players will automatically lose when time's up. (requested by Bigsoccerman24)\n|inactive|zac5224666 has 60 seconds left.\n|l|\u2606Bigsoccerman24\n|inactive|Bigsoccerman24 disconnected and has a minute to reconnect!\n|player|p2|\n|inactive|zac5224666 has 30 seconds left.\n|\n|t:|1699847594\n|start\n|switch|p1a: Annihilape|Annihilape, L50, F|100\/100\n|switch|p1b: Maushold|Maushold-Four, L50|100\/100\n|switch|p2a: Sinistcha|Sinistcha, L50|100\/100\n|switch|p2b: Maushold|Maushold, L50|100\/100\n|turn|1\n|j|\u2606Bigsoccerman24\n|inactive|Bigsoccerman24 reconnected and has 55 seconds left.\n|player|p2|Bigsoccerman24|101\n|inactive|zac5224666 has 30 seconds left.\n|\n|t:|1699847624\n|-terastallize|p1b: Maushold|Ghost\n|move|p2b: Maushold|Follow Me|p2b: Maushold\n|-singleturn|p2b: Maushold|move: Follow Me\n|move|p1b: Maushold|Beat Up|p2b: Maushold\n|-damage|p2b: Maushold|97\/100\n|-damage|p2b: Maushold|94\/100\n|-damage|p2b: Maushold|91\/100\n|-damage|p2b: Maushold|87\/100\n|-hitcount|p2b: Maushold|4\n|move|p1a: Annihilape|Rage Fist|p2b: Maushold\n|-immune|p2b: Maushold\n|move|p2a: Sinistcha|Trick Room|p2a: Sinistcha\n|-fieldstart|move: Trick Room|[of] p2a: Sinistcha\n|\n|upkeep\n|turn|2\n|inactive|zac5224666 has 30 seconds left.\n|inactive|Bigsoccerman24 has 30 seconds left.\n|\n|t:|1699847652\n|switch|p2a: Urshifu|Urshifu, L50, M|100\/100\n|move|p1a: Annihilape|Drain Punch|p2b: Maushold\n|-supereffective|p2b: Maushold\n|-damage|p2b: Maushold|19\/100\n|-damage|p1a: Annihilape|84\/100|[from] item: Rocky Helmet|[of] p2b: Maushold\n|move|p2b: Maushold|Encore|p1a: Annihilape\n|-start|p1a: Annihilape|Encore\n|move|p1b: Maushold|Taunt|p2b: Maushold\n|-start|p2b: Maushold|move: Taunt\n|\n|-heal|p1a: Annihilape|90\/100|[from] item: Leftovers\n|upkeep\n|turn|3\n|inactive|zac5224666 has 30 seconds left.\n|inactive|zac5224666 has 20 seconds left.\n|\n|t:|1699847690\n|switch|p2b: Sinistcha|Sinistcha, L50|100\/100\n|move|p2a: Urshifu|Wicked Blow|p1a: Annihilape\n|-crit|p1a: Annihilape\n|-damage|p1a: Annihilape|47\/100\n|move|p1a: Annihilape|Drain Punch|p2a: Urshifu\n|-supereffective|p2a: Urshifu\n|-damage|p2a: Urshifu|42\/100\n|-heal|p1a: Annihilape|76\/100|[from] drain|[of] p2a: Urshifu\n|move|p1b: Maushold|Population Bomb|p2a: Urshifu\n|-damage|p2a: Urshifu|36\/100\n|-damage|p2a: Urshifu|30\/100\n|-damage|p2a: Urshifu|24\/100\n|-hitcount|p2a: Urshifu|3\n|\n|-heal|p1a: Annihilape|83\/100|[from] item: Leftovers\n|upkeep\n|turn|4\n|inactive|zac5224666 has 30 seconds left.\n|j| PcistaMasterRace\n|\n|t:|1699847720\n|switch|p1a: Iron Hands|Iron Hands, L50|100\/100\n|move|p2a: Urshifu|Wicked Blow|p1b: Maushold\n|-supereffective|p1b: Maushold\n|-crit|p1b: Maushold\n|-damage|p1b: Maushold|0 fnt\n|faint|p1b: Maushold\n|move|p2b: Sinistcha|Matcha Gotcha|p1a: Iron Hands\n|-damage|p1a: Iron Hands|81\/100\n|\n|upkeep\n|\n|t:|1699847732\n|switch|p1b: Annihilape|Annihilape, L50, F|83\/100\n|turn|5\n|\n|t:|1699847742\n|switch|p2a: Maushold|Maushold, L50|19\/100\n|move|p1a: Iron Hands|Fake Out|p2a: Maushold\n|-damage|p2a: Maushold|5\/100\n|-damage|p1a: Iron Hands|65\/100|[from] item: Rocky Helmet|[of] p2a: Maushold\n|move|p2b: Sinistcha|Matcha Gotcha|p1a: Iron Hands|[spread] p1a,p1b\n|-damage|p1a: Iron Hands|51\/100\n|-damage|p1b: Annihilape|63\/100\n|move|p1b: Annihilape|Rage Fist|p2b: Sinistcha\n|-supereffective|p2b: Sinistcha\n|-damage|p2b: Sinistcha|20\/100\n|\n|-heal|p1b: Annihilape|69\/100|[from] item: Leftovers\n|-fieldend|move: Trick Room\n|upkeep\n|turn|6\n|inactive|zac5224666 has 30 seconds left.\n|inactive|zac5224666 has 20 seconds left.\n|\n|t:|1699847779\n|move|p2a: Maushold|Encore|p1a: Iron Hands\n|-start|p1a: Iron Hands|Encore\n|move|p1b: Annihilape|Drain Punch|p2a: Maushold\n|-supereffective|p2a: Maushold\n|-damage|p2a: Maushold|0 fnt\n|-heal|p1b: Annihilape|71\/100|[from] drain|[of] p2a: Maushold\n|-damage|p1b: Annihilape|55\/100|[from] item: Rocky Helmet|[of] p2a: Maushold\n|faint|p2a: Maushold\n|move|p1a: Iron Hands|Fake Out||[still]\n|-hint|Fake Out only works on your first turn out.\n|-fail|p1a: Iron Hands\n|move|p2b: Sinistcha|Strength Sap|p1a: Iron Hands\n|-unboost|p1a: Iron Hands|atk|1\n|-heal|p2b: Sinistcha|100\/100\n|\n|-heal|p1b: Annihilape|61\/100|[from] item: Leftovers\n|upkeep\n|\n|t:|1699847784\n|switch|p2a: Enamorus|Enamorus-Therian, L50, F|100\/100\n|turn|7\n|\n|t:|1699847804\n|-end|p1a: Iron Hands|Quark Drive|[silent]\n|switch|p1a: Landorus|Landorus-Therian, L50, M, shiny|100\/100\n|-ability|p1a: Landorus|Intimidate|boost\n|-unboost|p2a: Enamorus|atk|1\n|-unboost|p2b: Sinistcha|atk|1\n|move|p1b: Annihilape|Rage Fist|p2b: Sinistcha\n|-supereffective|p2b: Sinistcha\n|-damage|p2b: Sinistcha|0 fnt\n|faint|p2b: Sinistcha\n|move|p2a: Enamorus|Dazzling Gleam|p1a: Landorus|[spread] p1a,p1b\n|-supereffective|p1b: Annihilape\n|-damage|p1a: Landorus|42\/100\n|-damage|p1b: Annihilape|0 fnt\n|faint|p1b: Annihilape\n|\n|upkeep\n|\n|t:|1699847816\n|switch|p1b: Iron Hands|Iron Hands, L50|51\/100\n|switch|p2b: Urshifu|Urshifu, L50, M|24\/100\n|turn|8\n|\n|t:|1699847833\n|move|p1b: Iron Hands|Fake Out|p2b: Urshifu\n|-damage|p2b: Urshifu|12\/100\n|cant|p2b: Urshifu|flinch\n|move|p1a: Landorus|Rock Slide|p2b: Urshifu|[spread] p2a,p2b\n|-supereffective|p2a: Enamorus\n|-resisted|p2b: Urshifu\n|-damage|p2a: Enamorus|60\/100\n|-damage|p2b: Urshifu|2\/100\n|move|p2a: Enamorus|Dazzling Gleam|p1b: Iron Hands|[spread] p1a,p1b\n|-supereffective|p1b: Iron Hands\n|-damage|p1a: Landorus|0 fnt\n|-damage|p1b: Iron Hands|0 fnt\n|faint|p1a: Landorus\n|faint|p1b: Iron Hands\n|-end|p1b: Iron Hands|Quark Drive|[silent]\n|\n|win|Bigsoccerman24\n|raw|zac5224666's rating: 1423 &rarr; <strong>1405<\/strong><br \/>(-18 for losing)\n|raw|Bigsoccerman24's rating: 1458 &rarr; <strong>1476<\/strong><br \/>(+18 for winning)\n|l|\u2606zac5224666\n|l|\u2606Bigsoccerman24\n","uploadtime":1699848115,"views":16,"p1id":"zac5224666","p2id":"bigsoccerman24","formatid":"gen9vgc2023regulatione","rating":1405,"private":0,"password":""}