{"id":"gen9vgc2023regulatione-1996392387","p1":"4EverAfter","p2":"AJB0000","format":"[Gen 9] VGC 2023 Regulation E","log":"|j|\u26064EverAfter\n|j|\u2606AJB0000\n|t:|1700677682\n|gametype|doubles\n|player|p1|4EverAfter|265|1078\n|player|p2|AJB0000|1|1160\n|teamsize|p1|6\n|teamsize|p2|6\n|gen|9\n|tier|[Gen 9] VGC 2023 Regulation E\n|rated|\n|rule|Species Clause: Limit one of each Pok\u00e9mon\n|rule|Item Clause: Limit one of each item\n|clearpoke\n|poke|p1|Kommo-o, L50, F|\n|poke|p1|Tyranitar, L50, F|\n|poke|p1|Rillaboom, L50, M|\n|poke|p1|Flutter Mane, L50|\n|poke|p1|Arcanine-Hisui, L50, F|\n|poke|p1|Iron Bundle, L50|\n|poke|p2|Sinistcha, L50|\n|poke|p2|Indeedee-F, L50, F|\n|poke|p2|Sylveon, L50, F|\n|poke|p2|Palafin, L50, M|\n|poke|p2|Iron Hands, L50|\n|poke|p2|Heatran, L50, F|\n|teampreview|4\nAJB0000 has agreed to open team sheets.\n|inactive|Battle timer is ON: inactive players will automatically lose when time's up. (requested by AJB0000)\n|inactive|AJB0000 has 60 seconds left.\n|\n|t:|1700677720\n|start\n|switch|p1a: Rillaboom|Rillaboom, L50, M|100\/100\n|switch|p1b: Tyranitar|Tyranitar, L50, F|100\/100\n|switch|p2a: Indeedee|Indeedee-F, L50, F, shiny|100\/100\n|switch|p2b: Sylveon|Sylveon, L50, F, shiny|100\/100\n|-weather|Sandstorm|[from] ability: Sand Stream|[of] p1b: Tyranitar\n|-fieldstart|move: Grassy Terrain|[from] ability: Grassy Surge|[of] p1a: Rillaboom\n|-fieldstart|move: Psychic Terrain|[from] ability: Psychic Surge|[of] p2a: Indeedee\n|turn|1\n|inactive|4EverAfter has 30 seconds left.\n|\n|t:|1700677748\n|switch|p1b: Flutter Mane|Flutter Mane, L50|100\/100\n|move|p2b: Sylveon|Protect|p2b: Sylveon\n|-singleturn|p2b: Sylveon|Protect\n|move|p1a: Rillaboom|Wood Hammer|p2b: Sylveon\n|-activate|p2b: Sylveon|move: Protect\n|move|p2a: Indeedee|Trick Room|p2a: Indeedee\n|-fieldstart|move: Trick Room|[of] p2a: Indeedee\n|\n|-weather|Sandstorm|[upkeep]\n|-damage|p2b: Sylveon|94\/100|[from] Sandstorm\n|-damage|p2a: Indeedee|95\/100|[from] Sandstorm\n|-damage|p1a: Rillaboom|95\/100|[from] Sandstorm\n|-damage|p1b: Flutter Mane|94\/100|[from] Sandstorm\n|upkeep\n|turn|2\n|\n|t:|1700677768\n|-terastallize|p2b: Sylveon|Fire\n|move|p2a: Indeedee|Helping Hand|p2b: Sylveon\n|-singleturn|p2b: Sylveon|Helping Hand|[of] p2a: Indeedee\n|move|p2b: Sylveon|Hyper Voice|p1b: Flutter Mane|[spread] p1a,p1b\n|-damage|p1a: Rillaboom|15\/100\n|-damage|p1b: Flutter Mane|28\/100\n|move|p1a: Rillaboom|Wood Hammer|p2b: Sylveon\n|-resisted|p2b: Sylveon\n|-damage|p2b: Sylveon|46\/100\n|-damage|p1a: Rillaboom|0 fnt|[from] Recoil\n|faint|p1a: Rillaboom\n|move|p1b: Flutter Mane|Trick Room|p1b: Flutter Mane\n|-fieldend|move: Trick Room\n|\n|-weather|Sandstorm|[upkeep]\n|-damage|p1b: Flutter Mane|22\/100|[from] Sandstorm\n|-damage|p2a: Indeedee|89\/100|[from] Sandstorm\n|-damage|p2b: Sylveon|40\/100|[from] Sandstorm\n|upkeep\n|\n|t:|1700677785\n|switch|p1a: Tyranitar|Tyranitar, L50, F|100\/100\n|turn|3\n|\n|t:|1700677809\n|-end|p1b: Flutter Mane|Protosynthesis|[silent]\n|switch|p1b: Kommo-o|Kommo-o, L50, F|100\/100\n|switch|p2b: Nessie|Heatran, L50, F|100\/100\n|move|p1a: Tyranitar|Rock Slide|p2b: Nessie|[spread] p2a\n|-miss|p1a: Tyranitar|p2b: Nessie\n|-crit|p2a: Indeedee\n|-damage|p2a: Indeedee|31\/100\n|move|p2a: Indeedee|Trick Room|p2a: Indeedee\n|-fieldstart|move: Trick Room|[of] p2a: Indeedee\n|\n|-weather|Sandstorm|[upkeep]\n|-damage|p2a: Indeedee|25\/100|[from] Sandstorm\n|-damage|p1b: Kommo-o|94\/100|[from] Sandstorm\n|-heal|p1b: Kommo-o|100\/100|[from] item: Leftovers\n|upkeep\n|turn|4\n|inactive|4EverAfter has 30 seconds left.\n|\n|t:|1700677839\n|move|p1b: Kommo-o|Protect|p1b: Kommo-o\n|-singleturn|p1b: Kommo-o|Protect\n|move|p2a: Indeedee|Follow Me|p2a: Indeedee\n|-singleturn|p2a: Indeedee|move: Follow Me\n|move|p2b: Nessie|Heat Wave|p1b: Kommo-o|[spread] \n|-activate|p1b: Kommo-o|move: Protect\n|-miss|p2b: Nessie|p1a: Tyranitar\n|move|p1a: Tyranitar|Low Kick|p2a: Indeedee\n|-damage|p2a: Indeedee|0 fnt\n|-damage|p1a: Tyranitar|84\/100|[from] item: Rocky Helmet|[of] p2a: Indeedee\n|faint|p2a: Indeedee\n|\n|-weather|Sandstorm|[upkeep]\n|-damage|p1b: Kommo-o|94\/100|[from] Sandstorm\n|-heal|p1b: Kommo-o|100\/100|[from] item: Leftovers\n|upkeep\n|\n|t:|1700677853\n|switch|p2a: Sylveon|Sylveon, L50, F, shiny, tera:Fire|40\/100\n|turn|5\n|\n|t:|1700677878\n|switch|p1b: Flutter Mane|Flutter Mane, L50|22\/100\n|-terastallize|p1a: Tyranitar|Psychic\n|move|p2a: Sylveon|Hyper Voice|p1a: Tyranitar|[spread] p1a,p1b\n|-damage|p1a: Tyranitar|53\/100\n|-damage|p1b: Flutter Mane|0 fnt\n|faint|p1b: Flutter Mane\n|-end|p1b: Flutter Mane|Protosynthesis|[silent]\n|move|p2b: Nessie|Earth Power|p1a: Tyranitar\n|-damage|p1a: Tyranitar|32\/100\n|move|p1a: Tyranitar|Low Kick|p2b: Nessie\n|-supereffective|p2b: Nessie\n|-damage|p2b: Nessie|19\/100\n|\n|-weather|none\n|-fieldend|move: Psychic Terrain\n|upkeep\n|\n|t:|1700677895\n|switch|p1b: Kommo-o|Kommo-o, L50, F|100\/100\n|turn|6\n|\n|t:|1700677908\n|move|p1b: Kommo-o|Protect|p1b: Kommo-o\n|-singleturn|p1b: Kommo-o|Protect\n|move|p2a: Sylveon|Hyper Voice|p1b: Kommo-o|[spread] p1a\n|-activate|p1b: Kommo-o|move: Protect\n|-damage|p1a: Tyranitar|0 fnt\n|faint|p1a: Tyranitar\n|move|p2b: Nessie|Heat Wave|p1b: Kommo-o\n|-activate|p1b: Kommo-o|move: Protect\n|\n|upkeep\n|turn|7\n|\n|t:|1700677922\n|move|p1b: Kommo-o|Protect|p1b: Kommo-o\n|-singleturn|p1b: Kommo-o|Protect\n|move|p2a: Sylveon|Hyper Voice|p1b: Kommo-o\n|-activate|p1b: Kommo-o|move: Protect\n|move|p2b: Nessie|Earth Power|p1b: Kommo-o\n|-activate|p1b: Kommo-o|move: Protect\n|\n|-fieldend|move: Trick Room\n|upkeep\n|turn|8\n|c|\u2606AJB0000|Nice double protect\n|\n|t:|1700677938\n|move|p1b: Kommo-o|Body Press|p2b: Nessie\n|-supereffective|p2b: Nessie\n|-damage|p2b: Nessie|0 fnt\n|faint|p2b: Nessie\n|move|p2a: Sylveon|Hyper Voice|p1b: Kommo-o\n|-supereffective|p1b: Kommo-o\n|-damage|p1b: Kommo-o|0 fnt\n|faint|p1b: Kommo-o\n|\n|win|AJB0000\n|raw|4EverAfter's rating: 1078 &rarr; <strong>1061<\/strong><br \/>(-17 for losing)\n|raw|AJB0000's rating: 1160 &rarr; <strong>1179<\/strong><br \/>(+19 for winning)\n|l|\u26064EverAfter\n","uploadtime":1700678052,"views":7,"p1id":"4everafter","p2id":"ajb0000","formatid":"gen9vgc2023regulatione","rating":1061,"private":0,"password":""}