{"id":"gen9vgc2023regulatione-1993501420","p1":"infernape339","p2":"folovolo","format":"[Gen 9] VGC 2023 Regulation E","log":"|j|\u2606infernape339\n|j|\u2606folovolo\n|n|\u2606infernape339|infernape339\n|n|\u2606folovolo|folovolo\n|html|View the match progress at <a href=\"\/game-bestof3-gen9vgc2023regulatione-1993497182\">game-bestof3-gen9vgc2023regulatione-1993497182<\/a>\n|t:|1700325375\n|gametype|doubles\n|player|p1|infernape339|101|\n|player|p2|folovolo|pokemonranger-gen4|\n|teamsize|p1|6\n|teamsize|p2|6\n|gen|9\n|tier|[Gen 9] VGC 2023 Regulation E\n|rated|Tournament battle\n|rule|Species Clause: Limit one of each Pok\u00e9mon\n|rule|Item Clause: Limit one of each item\n|clearpoke\n|poke|p1|Dusclops, L50, M|\n|poke|p1|Ursaluna-Bloodmoon, L50, M|\n|poke|p1|Iron Hands, L50|\n|poke|p1|Flutter Mane, L50|\n|poke|p1|Chi-Yu, L50|\n|poke|p1|Landorus-Therian, L50, M|\n|poke|p2|Tornadus, L50, M|\n|poke|p2|Roaring Moon, L50|\n|poke|p2|Landorus-Therian, L50, M|\n|poke|p2|Heatran, L50, M|\n|poke|p2|Iron Hands, L50|\n|poke|p2|Wo-Chien, L50|\n|teampreview|4\n|showteam|p1|Dusclops||Eviolite|Pressure|PainSplit,WillOWisp,TrickRoom,Protect|||M|||50|,,,,,Dark]Ursaluna-Bloodmoon||LifeOrb|MindsEye|HyperVoice,Protect,BloodMoon,EarthPower|||M|||50|,,,,,Normal]Iron Hands||AssaultVest|QuarkDrive|FakeOut,WildCharge,HeavySlam,DrainPunch||||||50|,,,,,Grass]Flutter Mane||BoosterEnergy|Protosynthesis|IcyWind,Moonblast,ShadowBall,Protect||||||50|,,,,,Fairy]Chi-Yu||FocusSash|BeadsofRuin|Snarl,DarkPulse,Overheat,Protect||||||50|,,,,,Ghost]Landorus-Therian||ChoiceScarf|Intimidate|Uturn,StompingTantrum,RockSlide,TeraBlast|||M|||50|,,,,,Flying\n|showteam|p2|Tornadus||CovertCloak|Prankster|SunnyDay,Taunt,Tailwind,BleakwindStorm|||M|||50|,,,,,Dark]Roaring Moon||BoosterEnergy|Protosynthesis|DragonDance,Acrobatics,KnockOff,Protect||||||50|,,,,,Flying]Landorus-Therian||ChoiceScarf|Intimidate|TeraBlast,StompingTantrum,RockSlide,Uturn|||M|||50|,,,,,Flying]Heatran||ShucaBerry|FlashFire|FlashCannon,HeatWave,EarthPower,Protect|||M|||50|,,,,,Fairy]Iron Hands||AssaultVest|QuarkDrive|FakeOut,DrainPunch,HeavySlam,WildCharge||||||50|,,,,,Grass]Wo-Chien||Leftovers|TabletsofRuin|FoulPlay,LeechSeed,GigaDrain,Protect||||||50|,,,,,Poison\n|j| Red Fang X\n|\n|t:|1700325405\n|start\n|switch|p1a: Dusclops|Dusclops, L50, M|100\/100\n|switch|p1b: Iron Hands|Iron Hands, L50|100\/100\n|switch|p2a: Roaring Moon|Roaring Moon, L50|100\/100\n|switch|p2b: Tornadus|Tornadus, L50, M|100\/100\n|-ability|p1a: Dusclops|Pressure\n|-enditem|p2a: Roaring Moon|Booster Energy\n|-activate|p2a: Roaring Moon|ability: Protosynthesis|[fromitem]\n|-start|p2a: Roaring Moon|protosynthesisatk\n|turn|1\n|\n|t:|1700325448\n|switch|p2b: Iron Hands|Iron Hands, L50|100\/100\n|-terastallize|p2a: Roaring Moon|Flying\n|-terastallize|p1a: Dusclops|Dark\n|move|p1b: Iron Hands|Fake Out|p2a: Roaring Moon\n|-damage|p2a: Roaring Moon|81\/100\n|cant|p2a: Roaring Moon|flinch\n|move|p1a: Dusclops|Trick Room|p1a: Dusclops\n|-fieldstart|move: Trick Room|[of] p1a: Dusclops\n|\n|upkeep\n|turn|2\n|l| Red Fang X\n|j| Red Fang X\n|\n|t:|1700325469\n|-end|p2b: Iron Hands|Quark Drive|[silent]\n|switch|p2b: Heatran|Heatran, L50, M|100\/100\n|move|p2a: Roaring Moon|Protect|p2a: Roaring Moon\n|-singleturn|p2a: Roaring Moon|Protect\n|move|p1a: Dusclops|Will-O-Wisp|p2a: Roaring Moon\n|-activate|p2a: Roaring Moon|move: Protect\n|move|p1b: Iron Hands|Wild Charge|p2a: Roaring Moon\n|-activate|p2a: Roaring Moon|move: Protect\n|\n|upkeep\n|turn|3\n|\n|t:|1700325494\n|move|p1a: Dusclops|Will-O-Wisp|p2a: Roaring Moon|[miss]\n|-miss|p1a: Dusclops|p2a: Roaring Moon\n|move|p1b: Iron Hands|Drain Punch|p2b: Heatran\n|-supereffective|p2b: Heatran\n|-damage|p2b: Heatran|19\/100\n|move|p2b: Heatran|Heat Wave|p1a: Dusclops|[spread] p1a\n|-miss|p2b: Heatran|p1b: Iron Hands\n|-damage|p1a: Dusclops|81\/100\n|move|p2a: Roaring Moon|Acrobatics|p1b: Iron Hands\n|-damage|p1b: Iron Hands|46\/100\n|\n|upkeep\n|turn|4\n|\n|t:|1700325516\n|switch|p2b: Iron Hands|Iron Hands, L50|100\/100\n|move|p2a: Roaring Moon|Protect|p2a: Roaring Moon\n|-singleturn|p2a: Roaring Moon|Protect\n|move|p1a: Dusclops|Will-O-Wisp|p2a: Roaring Moon\n|-activate|p2a: Roaring Moon|move: Protect\n|move|p1b: Iron Hands|Drain Punch|p2b: Iron Hands\n|-crit|p2b: Iron Hands\n|-damage|p2b: Iron Hands|50\/100\n|-heal|p1b: Iron Hands|70\/100|[from] drain|[of] p2b: Iron Hands\n|\n|upkeep\n|turn|5\n|\n|t:|1700325536\n|move|p2a: Roaring Moon|Protect|p2a: Roaring Moon\n|-singleturn|p2a: Roaring Moon|Protect\n|move|p2b: Iron Hands|Fake Out|p1b: Iron Hands\n|-damage|p1b: Iron Hands|61\/100\n|move|p1a: Dusclops|Will-O-Wisp|p2a: Roaring Moon\n|-activate|p2a: Roaring Moon|move: Protect\n|cant|p1b: Iron Hands|flinch\n|\n|-fieldend|move: Trick Room\n|upkeep\n|turn|6\n|\n|t:|1700325551\n|move|p2a: Roaring Moon|Acrobatics|p1a: Dusclops\n|-damage|p1a: Dusclops|24\/100\n|move|p2b: Iron Hands|Drain Punch|p1a: Dusclops\n|-supereffective|p1a: Dusclops\n|-damage|p1a: Dusclops|0 fnt\n|-heal|p2b: Iron Hands|57\/100|[from] drain|[of] p1a: Dusclops\n|faint|p1a: Dusclops\n|move|p1b: Iron Hands|Wild Charge|p2a: Roaring Moon\n|-supereffective|p2a: Roaring Moon\n|-damage|p2a: Roaring Moon|0 fnt\n|faint|p2a: Roaring Moon\n|-end|p2a: Roaring Moon|Protosynthesis|[silent]\n|-damage|p1b: Iron Hands|45\/100|[from] Recoil\n|\n|upkeep\n|\n|t:|1700325562\n|switch|p2a: Tornadus|Tornadus, L50, M|100\/100\n|switch|p1a: Chi-Yu|Chi-Yu, L50|100\/100\n|-ability|p1a: Chi-Yu|Beads of Ruin\n|turn|7\n|\n|t:|1700325573\n|move|p2a: Tornadus|Tailwind|p2a: Tornadus\n|-sidestart|p2: folovolo|move: Tailwind\n|move|p2b: Iron Hands|Drain Punch|p1a: Chi-Yu\n|-supereffective|p1a: Chi-Yu\n|-enditem|p1a: Chi-Yu|Focus Sash\n|-damage|p1a: Chi-Yu|1\/100\n|-heal|p2b: Iron Hands|84\/100|[from] drain|[of] p1a: Chi-Yu\n|move|p1a: Chi-Yu|Overheat|p2b: Iron Hands|[miss]\n|-miss|p1a: Chi-Yu|p2b: Iron Hands\n|move|p1b: Iron Hands|Wild Charge|p2a: Tornadus\n|-supereffective|p2a: Tornadus\n|-damage|p2a: Tornadus|7\/100\n|-damage|p1b: Iron Hands|28\/100|[from] Recoil\n|\n|upkeep\n|turn|8\n|\n|t:|1700325588\n|move|p1a: Chi-Yu|Protect|p1a: Chi-Yu\n|-singleturn|p1a: Chi-Yu|Protect\n|move|p2a: Tornadus|Bleakwind Storm|p1a: Chi-Yu|[spread] p1b\n|-activate|p1a: Chi-Yu|move: Protect\n|-damage|p1b: Iron Hands|0 fnt\n|faint|p1b: Iron Hands\n|-end|p1b: Iron Hands|Quark Drive|[silent]\n|move|p2b: Iron Hands|Drain Punch|p1a: Chi-Yu\n|-activate|p1a: Chi-Yu|move: Protect\n|\n|upkeep\n|\n|t:|1700325593\n|switch|p1b: Ursaluna|Ursaluna-Bloodmoon, L50, M|100\/100\n|turn|9\n|c|\u2606folovolo|I got lucky\n|c|\u2606infernape339|too much\n|c|\u2606infernape339|gg\n|\n|t:|1700325607\n|move|p1a: Chi-Yu|Protect||[still]\n|-fail|p1a: Chi-Yu\n|move|p2a: Tornadus|Bleakwind Storm|p1a: Chi-Yu|[spread] p1a\n|-miss|p2a: Tornadus|p1b: Ursaluna\n|-damage|p1a: Chi-Yu|0 fnt\n|faint|p1a: Chi-Yu\n|move|p2b: Iron Hands|Drain Punch|p1b: Ursaluna\n|-supereffective|p1b: Ursaluna\n|-damage|p1b: Ursaluna|40\/100\n|-heal|p2b: Iron Hands|100\/100|[from] drain|[of] p1b: Ursaluna\n|move|p1b: Ursaluna|Hyper Voice|p2a: Tornadus|[spread] p2a,p2b\n|-damage|p2a: Tornadus|0 fnt\n|-damage|p2b: Iron Hands|76\/100\n|faint|p2a: Tornadus\n|-damage|p1b: Ursaluna|30\/100|[from] item: Life Orb\n|\n|upkeep\n|c|\u2606folovolo|you miss some attack as well\n|c|\u2606folovolo|but mine more crucial\n|\n|t:|1700325626\n|switch|p2a: Heatran|Heatran, L50, M|19\/100\n|turn|10\n|c|\u2606infernape339|2 misses, a double protect\n|\n|t:|1700325640\n|move|p2a: Heatran|Flash Cannon|p1b: Ursaluna\n|-damage|p1b: Ursaluna|0 fnt\n|faint|p1b: Ursaluna\n|\n|win|folovolo\n|c|\u2606infernape339|thats a lot of luck\n|l| Red Fang X\n|c|\u2606folovolo|ik\n|c|\u2606folovolo|not denying that\n","uploadtime":1700325664,"views":10,"p1id":"infernape339","p2id":"folovolo","formatid":"gen9vgc2023regulatione","rating":0,"private":0,"password":""}