{"id":"gen9vgc2023regulatione-1992495098","p1":"Tawn","p2":"The pickled artist","format":"[Gen 9] VGC 2023 Regulation E","log":"|j|\u2606Tawn\n|j|\u2606The pickled artist\n|t:|1700194869\n|gametype|doubles\n|player|p1|Tawn|red|1218\n|player|p2|The pickled artist|red|1332\n|teamsize|p1|6\n|teamsize|p2|6\n|gen|9\n|tier|[Gen 9] VGC 2023 Regulation E\n|rated|\n|rule|Species Clause: Limit one of each Pok\u00e9mon\n|rule|Item Clause: Limit one of each item\n|clearpoke\n|poke|p1|Inteleon, L50, M|\n|poke|p1|Torkoal, L50, M|\n|poke|p1|Lilligant-Hisui, L50, F|\n|poke|p1|Cresselia, L50, F|\n|poke|p1|Okidogi, L50, M|\n|poke|p1|Gholdengo, L50|\n|poke|p2|Gastrodon-East, L50, M|\n|poke|p2|Kingambit, L50, M|\n|poke|p2|Tinkaton, L50, F|\n|poke|p2|Ogerpon, L50, F|\n|poke|p2|Ribombee, L50, F|\n|poke|p2|Iron Moth, L50|\n|teampreview|4\n|\n|t:|1700194902\n|start\n|switch|p1a: Cresselia|Cresselia, L50, F|100\/100\n|switch|p1b: Okidogi|Okidogi, L50, M|100\/100\n|switch|p2a: Scraps|Tinkaton, L50, F|100\/100\n|switch|p2b: Blazing sun|Iron Moth, L50|100\/100\n|-enditem|p2b: Blazing sun|Booster Energy\n|-activate|p2b: Blazing sun|ability: Quark Drive|[fromitem]\n|-start|p2b: Blazing sun|quarkdrivespa\n|turn|1\n|\n|t:|1700194919\n|move|p2a: Scraps|Fake Out|p1b: Okidogi\n|-damage|p1b: Okidogi|92\/100\n|move|p2b: Blazing sun|Heat Wave|p1a: Cresselia|[spread] p1a,p1b\n|-damage|p1a: Cresselia|75\/100\n|-damage|p1b: Okidogi|37\/100\n|cant|p1b: Okidogi|flinch\n|move|p1a: Cresselia|Trick Room|p1a: Cresselia\n|-fieldstart|move: Trick Room|[of] p1a: Cresselia\n|\n|-heal|p1a: Cresselia|81\/100|[from] item: Leftovers\n|upkeep\n|turn|2\n|\n|t:|1700194934\n|move|p1a: Cresselia|Lunar Blessing|p1a: Cresselia|[spread] p1a,p1b\n|-heal|p1a: Cresselia|100\/100\n|-heal|p1b: Okidogi|63\/100\n|move|p1b: Okidogi|High Horsepower|p2b: Blazing sun\n|-supereffective|p2b: Blazing sun\n|-crit|p2b: Blazing sun\n|-damage|p2b: Blazing sun|0 fnt\n|faint|p2b: Blazing sun\n|-end|p2b: Blazing sun|Quark Drive|[silent]\n|move|p2a: Scraps|Gigaton Hammer|p1b: Okidogi\n|-damage|p1b: Okidogi|11\/100\n|-enditem|p1b: Okidogi|Iapapa Berry|[eat]\n|-heal|p1b: Okidogi|45\/100|[from] item: Iapapa Berry\n|\n|upkeep\n|\n|t:|1700194948\n|switch|p2b: Stab Mcgee|Kingambit, L50, M|100\/100\n|turn|3\n|\n|t:|1700194963\n|-terastallize|p2b: Stab Mcgee|Flying\n|move|p1a: Cresselia|Helping Hand|p1b: Okidogi\n|-singleturn|p1b: Okidogi|Helping Hand|[of] p1a: Cresselia\n|move|p2b: Stab Mcgee|Kowtow Cleave|p1b: Okidogi\n|-resisted|p1b: Okidogi\n|-crit|p1b: Okidogi\n|-damage|p1b: Okidogi|5\/100\n|move|p1b: Okidogi|Drain Punch|p2b: Stab Mcgee\n|-resisted|p2b: Stab Mcgee\n|-damage|p2b: Stab Mcgee|79\/100\n|-heal|p1b: Okidogi|16\/100|[from] drain|[of] p2b: Stab Mcgee\n|move|p2a: Scraps|Play Rough|p1b: Okidogi\n|-damage|p1b: Okidogi|0 fnt\n|faint|p1b: Okidogi\n|\n|upkeep\n|\n|t:|1700194972\n|switch|p1b: Torkoal|Torkoal, L50, M|100\/100\n|-weather|SunnyDay|[from] ability: Drought|[of] p1b: Torkoal\n|turn|4\n|\n|t:|1700194989\n|move|p1a: Cresselia|Helping Hand|p1b: Torkoal\n|-singleturn|p1b: Torkoal|Helping Hand|[of] p1a: Cresselia\n|move|p2b: Stab Mcgee|Sucker Punch|p1b: Torkoal\n|-damage|p1b: Torkoal|64\/100\n|move|p1b: Torkoal|Eruption|p2b: Stab Mcgee|[spread] p2a,p2b\n|-supereffective|p2a: Scraps\n|-crit|p2a: Scraps\n|-damage|p2a: Scraps|0 fnt\n|-damage|p2b: Stab Mcgee|3\/100\n|faint|p2a: Scraps\n|\n|-weather|SunnyDay|[upkeep]\n|upkeep\n|\n|t:|1700194999\n|switch|p2a: Ivy|Ogerpon, L50, F|100\/100\n|turn|5\n|\n|t:|1700195012\n|move|p1b: Torkoal|Protect|p1b: Torkoal\n|-singleturn|p1b: Torkoal|Protect\n|move|p2a: Ivy|Spiky Shield|p2a: Ivy\n|-singleturn|p2a: Ivy|move: Protect\n|move|p2b: Stab Mcgee|Sucker Punch||[still]\n|-fail|p2b: Stab Mcgee\n|move|p1a: Cresselia|Lunar Blessing|p1a: Cresselia|[spread] p1a,p1b\n|-heal|p1b: Torkoal|89\/100\n|\n|-weather|SunnyDay|[upkeep]\n|-fieldend|move: Trick Room\n|upkeep\n|turn|6\n|\n|t:|1700195029\n|switch|p1b: Lilligant|Lilligant-Hisui, L50, F|100\/100\n|move|p2a: Ivy|Taunt|p1a: Cresselia\n|-start|p1a: Cresselia|move: Taunt\n|move|p2b: Stab Mcgee|Kowtow Cleave|p1b: Lilligant\n|-resisted|p1b: Lilligant\n|-damage|p1b: Lilligant|58\/100\n|cant|p1a: Cresselia|move: Taunt|Trick Room\n|\n|-weather|SunnyDay|[upkeep]\n|upkeep\n|turn|7\n|\n|t:|1700195048\n|move|p1b: Lilligant|Close Combat|p2a: Ivy\n|-damage|p2a: Ivy|32\/100\n|-unboost|p1b: Lilligant|def|1\n|-unboost|p1b: Lilligant|spd|1\n|move|p2a: Ivy|Ivy Cudgel|p1b: Lilligant\n|-resisted|p1b: Lilligant\n|-crit|p1b: Lilligant\n|-damage|p1b: Lilligant|0 fnt\n|faint|p1b: Lilligant\n|move|p1a: Cresselia|Moonblast|p2b: Stab Mcgee\n|-damage|p2b: Stab Mcgee|0 fnt\n|faint|p2b: Stab Mcgee\n|\n|-weather|SunnyDay|[upkeep]\n|upkeep\n|\n|t:|1700195054\n|switch|p1b: Torkoal|Torkoal, L50, M|89\/100\n|turn|8\n|\n|t:|1700195063\n|-terastallize|p1b: Torkoal|Fire\n|move|p2a: Ivy|Stomping Tantrum|p1b: Torkoal\n|-supereffective|p1b: Torkoal\n|-damage|p1b: Torkoal|50\/100\n|move|p1a: Cresselia|Moonblast|p2a: Ivy\n|-damage|p2a: Ivy|11\/100\n|move|p1b: Torkoal|Flamethrower|p2a: Ivy\n|-supereffective|p2a: Ivy\n|-damage|p2a: Ivy|0 fnt\n|faint|p2a: Ivy\n|\n|win|Tawn\n|raw|Tawn's rating: 1218 &rarr; <strong>1251<\/strong><br \/>(+33 for winning)\n|raw|The pickled artist's rating: 1332 &rarr; <strong>1306<\/strong><br \/>(-26 for losing)\n|l|\u2606The pickled artist\n","uploadtime":1700195078,"views":15,"p1id":"tawn","p2id":"thepickledartist","formatid":"gen9vgc2023regulatione","rating":1251,"private":0,"password":""}