{"id":"gen9vgc2023regulatione-1998238176","p1":"Copper05","p2":"E4Mence","format":"[Gen 9] VGC 2023 Regulation E","log":"|j|\u2606Copper05\n|j|\u2606E4Mence\n|t:|1700917952\n|gametype|doubles\n|player|p1|Copper05|wallace|1141\n|player|p2|E4Mence|265|1221\n|teamsize|p1|6\n|teamsize|p2|6\n|gen|9\n|tier|[Gen 9] VGC 2023 Regulation E\n|rated|\n|rule|Species Clause: Limit one of each Pok\u00e9mon\n|rule|Item Clause: Limit one of each item\n|clearpoke\n|poke|p1|Grimmsnarl, L50, M|\n|poke|p1|Zapdos, L50|\n|poke|p1|Rillaboom, L50, M|\n|poke|p1|Flutter Mane, L50|\n|poke|p1|Tatsugiri, L50, M|\n|poke|p1|Dondozo, L50, F|\n|poke|p2|Infernape, L50, M|\n|poke|p2|Chien-Pao, L50|\n|poke|p2|Regieleki, L50|\n|poke|p2|Ogerpon-Wellspring, L50, F|\n|poke|p2|Chi-Yu, L50|\n|poke|p2|Roaring Moon, L50|\n|teampreview|4\n|\n|t:|1700917976\n|start\n|switch|p1a: Rillaboom|Rillaboom, L50, M|100\/100\n|switch|p1b: Zapdos|Zapdos, L50|100\/100\n|switch|p2a: Regieleki|Regieleki, L50|100\/100\n|switch|p2b: Chi-Yu|Chi-Yu, L50|100\/100\n|-ability|p2b: Chi-Yu|Beads of Ruin\n|-fieldstart|move: Grassy Terrain|[from] ability: Grassy Surge|[of] p1a: Rillaboom\n|turn|1\n|\n|t:|1700917992\n|-terastallize|p2a: Regieleki|Ice\n|move|p1a: Rillaboom|Fake Out|p2b: Chi-Yu\n|-damage|p2b: Chi-Yu|75\/100\n|move|p2a: Regieleki|Tera Blast|p1a: Rillaboom|[anim] Tera Blast Ice\n|-supereffective|p1a: Rillaboom\n|-damage|p1a: Rillaboom|2\/100\n|cant|p2b: Chi-Yu|flinch\n|move|p1b: Zapdos|Thunderbolt|p2b: Chi-Yu\n|-damage|p2b: Chi-Yu|26\/100\n|\n|-heal|p2b: Chi-Yu|32\/100|[from] Grassy Terrain\n|-heal|p1a: Rillaboom|8\/100|[from] Grassy Terrain\n|upkeep\n|turn|2\n|\n|t:|1700918006\n|move|p1a: Rillaboom|Grassy Glide|p2a: Regieleki\n|-damage|p2a: Regieleki|11\/100\n|move|p2a: Regieleki|Tera Blast|p1b: Zapdos|[anim] Tera Blast Ice\n|-supereffective|p1b: Zapdos\n|-damage|p1b: Zapdos|0 fnt\n|faint|p1b: Zapdos\n|move|p2b: Chi-Yu|Heat Wave|p1a: Rillaboom|[miss]\n|-miss|p2b: Chi-Yu|p1a: Rillaboom\n|\n|-heal|p2a: Regieleki|17\/100|[from] Grassy Terrain\n|-heal|p2b: Chi-Yu|38\/100|[from] Grassy Terrain\n|-heal|p1a: Rillaboom|14\/100|[from] Grassy Terrain\n|upkeep\n|\n|t:|1700918017\n|switch|p1b: Dondozo|Dondozo, L50, F|100\/100\n|turn|3\n|\n|t:|1700918029\n|-terastallize|p1b: Dondozo|Steel\n|move|p1a: Rillaboom|Grassy Glide|p2a: Regieleki\n|-damage|p2a: Regieleki|0 fnt\n|faint|p2a: Regieleki\n|move|p2b: Chi-Yu|Heat Wave|p1b: Dondozo|[spread] p1a,p1b\n|-supereffective|p1a: Rillaboom\n|-supereffective|p1b: Dondozo\n|-damage|p1a: Rillaboom|0 fnt\n|-damage|p1b: Dondozo|0 fnt\n|faint|p1a: Rillaboom\n|faint|p1b: Dondozo\n|\n|-heal|p2b: Chi-Yu|44\/100|[from] Grassy Terrain\n|upkeep\n|\n|t:|1700918037\n|switch|p2a: Chien-Pao|Chien-Pao, L50|100\/100\n|switch|p1b: Tatsugiri|Tatsugiri, L50, M|100\/100\n|-ability|p2a: Chien-Pao|Sword of Ruin\n|turn|4\n|\n|t:|1700918044\n|move|p1b: Tatsugiri|Muddy Water|p2a: Chien-Pao|[spread] p2a,p2b\n|-supereffective|p2b: Chi-Yu\n|-damage|p2a: Chien-Pao|34\/100\n|-damage|p2b: Chi-Yu|0 fnt\n|faint|p2b: Chi-Yu\n|move|p2a: Chien-Pao|Ice Spinner|p1b: Tatsugiri\n|-damage|p1b: Tatsugiri|21\/100\n|-fieldend|move: Grassy Terrain\n|\n|upkeep\n|\n|t:|1700918047\n|switch|p2b: Ogerpon|Ogerpon-Wellspring, L50, F|100\/100\n|turn|5\n|-message|Copper05 forfeited.\n|\n|win|E4Mence\n|raw|Copper05's rating: 1141 &rarr; <strong>1122<\/strong><br \/>(-19 for losing)\n|raw|E4Mence's rating: 1221 &rarr; <strong>1240<\/strong><br \/>(+19 for winning)\n|l|\u2606Copper05\n","uploadtime":1700918061,"views":1,"p1id":"copper05","p2id":"e4mence","formatid":"gen9vgc2023regulatione","rating":1122,"private":0,"password":""}