{"id":"gen9vgc2023regulatione-1991339441","p1":"DizzyAsh93","p2":"An7iix","format":"[Gen 9] VGC 2023 Regulation E","log":"|j|\u2606DizzyAsh93\n|j|\u2606An7iix\n|t:|1700068929\n|gametype|doubles\n|player|p1|DizzyAsh93|pokekid|1114\n|player|p2|An7iix|hilbert|1143\n|teamsize|p1|6\n|teamsize|p2|6\n|gen|9\n|tier|[Gen 9] VGC 2023 Regulation E\n|rated|\n|rule|Species Clause: Limit one of each Pok\u00e9mon\n|rule|Item Clause: Limit one of each item\n|clearpoke\n|poke|p1|Gholdengo, L50|\n|poke|p1|Iron Hands, L50|\n|poke|p1|Amoonguss, L50, M|\n|poke|p1|Iron Bundle, L50|\n|poke|p1|Pelipper, L50, M|\n|poke|p1|Salamence, L50, M|\n|poke|p2|Gholdengo, L50|\n|poke|p2|Roaring Moon, L50|\n|poke|p2|Maushold, L50|\n|poke|p2|Tornadus, L50, M|\n|poke|p2|Volcarona, L50, F|\n|poke|p2|Great Tusk, L50|\n|teampreview|4\n|j| TheGodMouse\n|\n|t:|1700068979\n|start\n|switch|p1a: Salamence|Salamence, L50, M|100\/100\n|switch|p1b: Iron Hands|Iron Hands, L50|100\/100\n|switch|p2a: Tornadus|Tornadus, L50, M, shiny|100\/100\n|switch|p2b: Gholdengo|Gholdengo, L50|100\/100\n|-ability|p1a: Salamence|Intimidate|boost\n|-unboost|p2a: Tornadus|atk|1\n|-unboost|p2b: Gholdengo|atk|1\n|turn|1\n|\n|t:|1700069024\n|move|p1b: Iron Hands|Fake Out|p2a: Tornadus\n|-damage|p2a: Tornadus|76\/100\n|cant|p2a: Tornadus|flinch\n|move|p1a: Salamence|Tailwind|p1a: Salamence\n|-sidestart|p1: DizzyAsh93|move: Tailwind\n|move|p2b: Gholdengo|Nasty Plot|p2b: Gholdengo\n|-boost|p2b: Gholdengo|spa|2\n|\n|upkeep\n|turn|2\n|\n|t:|1700069063\n|switch|p1a: Pelipper|Pelipper, L50, M|100\/100\n|-weather|RainDance|[from] ability: Drizzle|[of] p1a: Pelipper\n|move|p2a: Tornadus|Tailwind|p2a: Tornadus\n|-sidestart|p2: An7iix|move: Tailwind\n|move|p2b: Gholdengo|Shadow Ball|p1b: Iron Hands\n|-damage|p1b: Iron Hands|58\/100\n|move|p1b: Iron Hands|Drain Punch|p2b: Gholdengo\n|-immune|p2b: Gholdengo\n|\n|-weather|RainDance|[upkeep]\n|upkeep\n|turn|3\n|l| TheGodMouse\n|\n|t:|1700069093\n|move|p2a: Tornadus|Bleakwind Storm|p1a: Pelipper|[spread] p1a,p1b\n|-damage|p1a: Pelipper|40\/100\n|-damage|p1b: Iron Hands|38\/100\n|-unboost|p1a: Pelipper|spe|1\n|-unboost|p1b: Iron Hands|spe|1\n|move|p2b: Gholdengo|Shadow Ball|p1a: Pelipper\n|-damage|p1a: Pelipper|0 fnt\n|faint|p1a: Pelipper\n|move|p1b: Iron Hands|Wild Charge|p2a: Tornadus\n|-supereffective|p2a: Tornadus\n|-damage|p2a: Tornadus|0 fnt\n|faint|p2a: Tornadus\n|-damage|p1b: Iron Hands|26\/100|[from] Recoil\n|\n|-weather|RainDance|[upkeep]\n|upkeep\n|\n|t:|1700069120\n|switch|p2a: Roaring Moon|Roaring Moon, L50|100\/100\n|switch|p1a: Salamence|Salamence, L50, M|100\/100\n|-ability|p1a: Salamence|Intimidate|boost\n|-unboost|p2a: Roaring Moon|atk|1\n|-unboost|p2b: Gholdengo|atk|1\n|-enditem|p2a: Roaring Moon|Booster Energy\n|-activate|p2a: Roaring Moon|ability: Protosynthesis|[fromitem]\n|-start|p2a: Roaring Moon|protosynthesisspe\n|turn|4\n|\n|t:|1700069134\n|-terastallize|p2a: Roaring Moon|Fairy\n|move|p2a: Roaring Moon|Dragon Dance|p2a: Roaring Moon\n|-boost|p2a: Roaring Moon|atk|1\n|-boost|p2a: Roaring Moon|spe|1\n|move|p1a: Salamence|Draco Meteor|p2a: Roaring Moon\n|-immune|p2a: Roaring Moon\n|move|p2b: Gholdengo|Shadow Ball|p1a: Salamence\n|-damage|p1a: Salamence|0 fnt\n|faint|p1a: Salamence\n|move|p1b: Iron Hands|Wild Charge|p2b: Gholdengo\n|-damage|p2b: Gholdengo|49\/100\n|-damage|p1b: Iron Hands|16\/100|[from] Recoil\n|\n|-weather|RainDance|[upkeep]\n|-heal|p2b: Gholdengo|55\/100|[from] item: Leftovers\n|-sideend|p1: DizzyAsh93|move: Tailwind\n|upkeep\n|\n|t:|1700069152\n|switch|p1a: Iron Bundle|Iron Bundle, L50|100\/100\n|-enditem|p1a: Iron Bundle|Booster Energy\n|-activate|p1a: Iron Bundle|ability: Quark Drive|[fromitem]\n|-start|p1a: Iron Bundle|quarkdrivespe\n|turn|5\n|\n|t:|1700069180\n|move|p2a: Roaring Moon|Acrobatics|p1a: Iron Bundle\n|-damage|p1a: Iron Bundle|69\/100\n|move|p2b: Gholdengo|Make It Rain|p1b: Iron Hands|[spread] p1a,p1b\n|-resisted|p1b: Iron Hands\n|-damage|p1a: Iron Bundle|0 fnt\n|-damage|p1b: Iron Hands|0 fnt\n|-unboost|p2b: Gholdengo|spa|1\n|faint|p1a: Iron Bundle\n|-end|p1a: Iron Bundle|Quark Drive|[silent]\n|faint|p1b: Iron Hands\n|-end|p1b: Iron Hands|Quark Drive|[silent]\n|\n|win|An7iix\n|raw|DizzyAsh93's rating: 1114 &rarr; <strong>1091<\/strong><br \/>(-23 for losing)\n|raw|An7iix's rating: 1143 &rarr; <strong>1166<\/strong><br \/>(+23 for winning)\n|c|\u2606An7iix|gg\n|l|\u2606DizzyAsh93\n","uploadtime":1700069194,"views":9,"p1id":"dizzyash93","p2id":"an7iix","formatid":"gen9vgc2023regulatione","rating":1091,"private":0,"password":""}