{"id":"gen9vgc2023regulatione-1999163083","p1":"Mortal1","p2":"TheOrthwormJim","format":"[Gen 9] VGC 2023 Regulation E","log":"|j|\u2606Mortal1\n|j|\u2606TheOrthwormJim\n|t:|1701040125\n|gametype|doubles\n|player|p1|Mortal1|alder|\n|player|p2|TheOrthwormJim|larry|\n|teamsize|p1|6\n|teamsize|p2|6\n|gen|9\n|tier|[Gen 9] VGC 2023 Regulation E\n|rated|Tournament battle\n|rule|Species Clause: Limit one of each Pok\u00e9mon\n|rule|Item Clause: Limit one of each item\n|clearpoke\n|poke|p1|Ninetales-Alola, L50, F|\n|poke|p1|Baxcalibur, L50, F|\n|poke|p1|Iron Hands, L50|\n|poke|p1|Heatran, L50, F|\n|poke|p1|Ogerpon-Wellspring, L50, F|\n|poke|p1|Landorus-Therian, L50, M|\n|poke|p2|Indeedee-F, L50, F|\n|poke|p2|Hatterene, L50, F|\n|poke|p2|Hoothoot, L50, M|\n|poke|p2|Torkoal, L50, M|\n|poke|p2|Lilligant-Hisui, L50, F|\n|poke|p2|Flutter Mane, L50|\n|teampreview|4\n|showteam|p1|Ninetales-Alola||FocusSash|SnowWarning|Moonblast,Blizzard,AuroraVeil,Protect|||F|||50|,,,,,Ghost]Baxcalibur||LoadedDice|ThermalExchange|IcicleSpear,IceShard,GlaiveRush,Protect|||F|||50|,,,,,Poison]Iron Hands||AssaultVest|QuarkDrive|DrainPunch,WildCharge,FakeOut,HeavySlam||||||50|,,,,,Water]Heatran||Leftovers|FlashFire|HeatWave,FlashCannon,EarthPower,Protect|||F|||50|,,,,,Grass]Ogerpon-Wellspring||WellspringMask|WaterAbsorb|IvyCudgel,SpikyShield,HornLeech,FollowMe|||F|||50|,,,,,Water]Landorus-Therian||ChoiceScarf|Intimidate|StompingTantrum,TeraBlast,Uturn,RockSlide|||M|||50|,,,,,Flying\n|showteam|p2|Indeedee-F||RockyHelmet|PsychicSurge|FollowMe,DazzlingGleam,HelpingHand,HealPulse|||F|||50|,,,,,Fairy]Hatterene||SitrusBerry|MagicBounce|TrickRoom,MistyExplosion,DazzlingGleam,Psychic|||F|||50|,,,,,Water]Hoothoot||IronBall|TintedLens|SkillSwap,AirCutter,Hypnosis,Protect|||M|||50|,,,,,Ghost]Torkoal||ChoiceSpecs|Drought|Eruption,EarthPower,HeatWave,SolarBeam|||M|||50|,,,,,Fire]Lilligant-Hisui||FocusSash|Chlorophyll|SleepPowder,CloseCombat,SolarBlade,AfterYou|||F|||50|,,,,,Ghost]Flutter Mane||BoosterEnergy|Protosynthesis|SunnyDay,TeraBlast,DazzlingGleam,TrickRoom||||||50|,,,,,Psychic\n|inactive|Battle timer is ON: inactive players will automatically lose when time's up. (requested by TheOrthwormJim)\n|j| FrostKartana13\n|j| kdnsjfq\n|j| jema2347968\n|j|%Radio Free C-Side\n|c|\u2606TheOrthwormJim|Oh fuck\n|j| fgc irongod\n|j| PsyJoe\n|c|\u2606TheOrthwormJim|glhf\n|c| fgc irongod|Wtf hoot hoot\n|\n|t:|1701040142\n|start\n|switch|p1a: Heatran|Heatran, L50, F|100\/100\n|switch|p1b: Ogerpon|Ogerpon-Wellspring, L50, F|100\/100\n|switch|p2a: Indeedee|Indeedee-F, L50, F|100\/100\n|switch|p2b: Hatterene|Hatterene, L50, F|100\/100\n|-fieldstart|move: Psychic Terrain|[from] ability: Psychic Surge|[of] p2a: Indeedee\n|turn|1\n|c|\u2606Mortal1|u2\n|c|%Radio Free C-Side|fgc you're about to be enlightened about the funniest team comp\n|\n|t:|1701040161\n|-terastallize|p2b: Hatterene|Water\n|move|p2a: Indeedee|Follow Me|p2a: Indeedee\n|-singleturn|p2a: Indeedee|move: Follow Me\n|move|p1b: Ogerpon|Ivy Cudgel|p2a: Indeedee|[anim] Ivy Cudgel Water\n|-crit|p2a: Indeedee\n|-damage|p2a: Indeedee|1\/100\n|move|p1a: Heatran|Heat Wave|p2a: Indeedee|[spread] p2a,p2b\n|-resisted|p2b: Hatterene\n|-damage|p2a: Indeedee|0 fnt\n|-damage|p2b: Hatterene|73\/100\n|faint|p2a: Indeedee\n|move|p2b: Hatterene|Trick Room|p2b: Hatterene\n|-fieldstart|move: Trick Room|[of] p2b: Hatterene\n|\n|upkeep\n|\n|t:|1701040180\n|switch|p2a: Hoothoot|Hoothoot, L50, M, shiny|100\/100\n|turn|2\n|\n|t:|1701040201\n|switch|p1a: Iron Hands|Iron Hands, L50|100\/100\n|move|p1b: Ogerpon|Spiky Shield|p1b: Ogerpon\n|-singleturn|p1b: Ogerpon|move: Protect\n|move|p2a: Hoothoot|Skill Swap||[still]\n|-fail|p2a: Hoothoot\n|move|p2b: Hatterene|Misty Explosion|p1a: Iron Hands|[spread] p2a,p1a\n|-activate|p1b: Ogerpon|move: Protect\n|-supereffective|p1a: Iron Hands\n|-crit|p1a: Iron Hands\n|-damage|p2a: Hoothoot|54\/100\n|-damage|p1a: Iron Hands|19\/100\n|faint|p2b: Hatterene\n|\n|upkeep\n|\n|t:|1701040211\n|switch|p2b: Torkoal|Torkoal, L50, M|100\/100\n|-weather|SunnyDay|[from] ability: Drought|[of] p2b: Torkoal\n|turn|3\n|c|\u2606TheOrthwormJim|I have a wincon\n|\n|t:|1701040222\n|switch|p1b: Ninetales|Ninetales-Alola, L50, F|100\/100\n|-weather|Snow|[from] ability: Snow Warning|[of] p1b: Ninetales\n|move|p2a: Hoothoot|Skill Swap|p2b: Torkoal\n|-activate|p2a: Hoothoot|move: Skill Swap|||[of] p2b: Torkoal\n|-weather|SunnyDay|[from] ability: Drought|[of] p2a: Hoothoot\n|move|p2b: Torkoal|Eruption|p1a: Iron Hands|[spread] p1a,p1b\n|-supereffective|p1b: Ninetales\n|-damage|p1a: Iron Hands|0 fnt\n|-enditem|p1b: Ninetales|Focus Sash\n|-damage|p1b: Ninetales|1\/100\n|faint|p1a: Iron Hands\n|-end|p1a: Iron Hands|Quark Drive|[silent]\n|\n|-weather|SunnyDay|[upkeep]\n|upkeep\n|\n|t:|1701040230\n|switch|p1a: Ogerpon|Ogerpon-Wellspring, L50, F|100\/100\n|turn|4\n|\n|t:|1701040236\n|switch|p1b: Heatran|Heatran, L50, F|100\/100\n|-terastallize|p1a: Ogerpon|Water\n|detailschange|p1a: Ogerpon|Ogerpon-Wellspring-Tera, L50, F, tera:Water\n|-ability|p1a: Ogerpon|Embody Aspect (Wellspring)|boost\n|-boost|p1a: Ogerpon|spd|1\n|move|p2a: Hoothoot|Hypnosis|p1a: Ogerpon\n|-status|p1a: Ogerpon|slp|[from] move: Hypnosis\n|move|p2b: Torkoal|Eruption|p1a: Ogerpon|[spread] p1a\n|-start|p1b: Heatran|ability: Flash Fire\n|-resisted|p1a: Ogerpon\n|-damage|p1a: Ogerpon|18\/100 slp\n|cant|p1a: Ogerpon|slp\n|\n|-weather|SunnyDay|[upkeep]\n|upkeep\n|turn|5\n|\n|t:|1701040249\n|move|p2a: Hoothoot|Skill Swap|p1b: Heatran\n|-activate|p2a: Hoothoot|move: Skill Swap|Flash Fire|Drought|[of] p1b: Heatran\n|-end|p1b: Heatran|ability: Flash Fire|[silent]\n|move|p2b: Torkoal|Eruption|p1a: Ogerpon|[spread] p1a,p1b\n|-resisted|p1a: Ogerpon\n|-damage|p1a: Ogerpon|0 fnt\n|-damage|p1b: Heatran|8\/100\n|faint|p1a: Ogerpon\n|move|p1b: Heatran|Earth Power|p2b: Torkoal\n|-supereffective|p2b: Torkoal\n|-damage|p2b: Torkoal|3\/100\n|\n|-weather|SunnyDay|[upkeep]\n|-heal|p1b: Heatran|14\/100|[from] item: Leftovers\n|-fieldend|move: Trick Room\n|-fieldend|move: Psychic Terrain\n|upkeep\n|\n|t:|1701040255\n|switch|p1a: Ninetales|Ninetales-Alola, L50, F|1\/100\n|-weather|Snow|[from] ability: Snow Warning|[of] p1a: Ninetales\n|turn|6\n|\n|t:|1701040270\n|move|p1a: Ninetales|Moonblast|p2b: Torkoal\n|-resisted|p2b: Torkoal\n|-damage|p2b: Torkoal|0 fnt\n|faint|p2b: Torkoal\n|move|p1b: Heatran|Heat Wave|p2a: Hoothoot\n|-start|p2a: Hoothoot|ability: Flash Fire\n|move|p2a: Hoothoot|Air Cutter|p1a: Ninetales|[spread] p1a,p1b\n|-crit|p1a: Ninetales\n|-resisted|p1b: Heatran\n|-damage|p1a: Ninetales|0 fnt\n|-damage|p1b: Heatran|11\/100\n|faint|p1a: Ninetales\n|\n|-weather|Snow|[upkeep]\n|-heal|p1b: Heatran|17\/100|[from] item: Leftovers\n|upkeep\n|turn|7\n|j| Azula Hotstuf\n|\n|t:|1701040281\n|move|p1b: Heatran|Flash Cannon|p2a: Hoothoot\n|-damage|p2a: Hoothoot|5\/100\n|move|p2a: Hoothoot|Hypnosis|p1b: Heatran\n|-status|p1b: Heatran|slp|[from] move: Hypnosis\n|\n|-weather|Snow|[upkeep]\n|-heal|p1b: Heatran|23\/100 slp|[from] item: Leftovers\n|upkeep\n|turn|8\n|c|\u2606TheOrthwormJim|Lmao\n|\n|t:|1701040288\n|cant|p1b: Heatran|slp\n|move|p2a: Hoothoot|Air Cutter|p1b: Heatran\n|-resisted|p1b: Heatran\n|-crit|p1b: Heatran\n|-damage|p1b: Heatran|17\/100 slp\n|\n|-weather|Snow|[upkeep]\n|-heal|p1b: Heatran|23\/100 slp|[from] item: Leftovers\n|upkeep\n|turn|9\n|c|\u2606Mortal1|air cutter or sleep which will end it first\n|\n|t:|1701040305\n|-curestatus|p1b: Heatran|slp|[msg]\n|move|p1b: Heatran|Flash Cannon|p2a: Hoothoot\n|-damage|p2a: Hoothoot|0 fnt\n|faint|p2a: Hoothoot\n|\n|win|Mortal1\n|n|\u2606Mortal1|mortal1\n|n|\u2606TheOrthwormJim|theorthwormjim\n|n| FrostKartana13|frostkartana13\n|n| kdnsjfq|kdnsjfq\n|n| jema2347968|jema2347968\n|n| Radio Free C-Side|radiofreecside\n|n| fgc irongod|fgcirongod\n|n| PsyJoe|psyjoe\n|n| Azula Hotstuf|azulahotstuf\n","uploadtime":1701040307,"views":1,"p1id":"mortal1","p2id":"theorthwormjim","formatid":"gen9vgc2023regulatione","rating":0,"private":0,"password":""}