{"id":"gen9vgc2023regulatione-1989752589","p1":"randomacctest","p2":"snjbreb","format":"[Gen 9] VGC 2023 Regulation E","log":"|j|\u2606randomacctest\n|j|\u2606snjbreb\n|t:|1699892762\n|gametype|doubles\n|player|p1|randomacctest|101|1145\n|player|p2|snjbreb|lucas|1129\n|teamsize|p1|6\n|teamsize|p2|6\n|gen|9\n|tier|[Gen 9] VGC 2023 Regulation E\n|rated|\n|rule|Species Clause: Limit one of each Pok\u00e9mon\n|rule|Item Clause: Limit one of each item\n|clearpoke\n|poke|p1|Ninetales-Alola, L50, M|\n|poke|p1|Baxcalibur, L50, F|\n|poke|p1|Heatran, L50, F|\n|poke|p1|Rillaboom, L50, M|\n|poke|p1|Ogerpon-Wellspring, L50, F|\n|poke|p1|Chi-Yu, L50|\n|poke|p2|Ogerpon-Hearthflame, L50, F|\n|poke|p2|Tornadus, L50, M|\n|poke|p2|Chien-Pao, L50|\n|poke|p2|Flutter Mane, L50|\n|poke|p2|Regieleki, L50|\n|poke|p2|Kleavor, L50, M|\n|teampreview|4\n|inactive|Battle timer is ON: inactive players will automatically lose when time's up. (requested by randomacctest)\n|\n|t:|1699892819\n|start\n|switch|p1a: Ninetales|Ninetales-Alola, L50, M, shiny|100\/100\n|switch|p1b: Baxcalibur|Baxcalibur, L50, F, shiny|100\/100\n|switch|p2a: Ogerpon|Ogerpon-Hearthflame, L50, F|100\/100\n|switch|p2b: Tornadus|Tornadus, L50, M|100\/100\n|-ability|p2a: Ogerpon|Mold Breaker\n|-weather|Snow|[from] ability: Snow Warning|[of] p1a: Ninetales\n|turn|1\n|\n|t:|1699892839\n|-terastallize|p2a: Ogerpon|Fire\n|detailschange|p2a: Ogerpon|Ogerpon-Hearthflame-Tera, L50, F, tera:Fire\n|-ability|p2a: Ogerpon|Embody Aspect (Hearthflame)|boost\n|-boost|p2a: Ogerpon|atk|1\n|move|p2b: Tornadus|Sunny Day|p2b: Tornadus\n|-weather|SunnyDay\n|move|p2a: Ogerpon|Ivy Cudgel|p1a: Ninetales\n|-supereffective|p1a: Ninetales\n|-crit|p1a: Ninetales\n|-damage|p1a: Ninetales|0 fnt\n|faint|p1a: Ninetales\n|move|p1b: Baxcalibur|Swords Dance|p1b: Baxcalibur\n|-boost|p1b: Baxcalibur|atk|2\n|\n|-weather|SunnyDay|[upkeep]\n|upkeep\n|\n|t:|1699892851\n|switch|p1a: Rillaboom|Rillaboom, L50, M, shiny|100\/100\n|-fieldstart|move: Grassy Terrain|[from] ability: Grassy Surge|[of] p1a: Rillaboom\n|turn|2\n|\n|t:|1699892860\n|move|p1a: Rillaboom|Fake Out|p2a: Ogerpon\n|-damage|p2a: Ogerpon|82\/100\n|cant|p2a: Ogerpon|flinch\n|move|p2b: Tornadus|Bleakwind Storm|p1b: Baxcalibur|[spread] p1a,p1b\n|-supereffective|p1a: Rillaboom\n|-damage|p1a: Rillaboom|63\/100\n|-damage|p1b: Baxcalibur|70\/100\n|move|p1b: Baxcalibur|Scale Shot|p2b: Tornadus\n|-damage|p2b: Tornadus|65\/100\n|-crit|p2b: Tornadus\n|-damage|p2b: Tornadus|9\/100\n|-damage|p2b: Tornadus|0 fnt\n|faint|p2b: Tornadus\n|-hitcount|p2: Tornadus|3\n|-unboost|p1b: Baxcalibur|def|1\n|-boost|p1b: Baxcalibur|spe|1\n|\n|-weather|SunnyDay|[upkeep]\n|-heal|p1b: Baxcalibur|76\/100|[from] Grassy Terrain\n|-heal|p2a: Ogerpon|88\/100|[from] Grassy Terrain\n|-heal|p1a: Rillaboom|68\/100|[from] Grassy Terrain\n|upkeep\n|\n|t:|1699892883\n|switch|p2b: Kleavor|Kleavor, L50, M|100\/100\n|turn|3\n|\n|t:|1699892899\n|move|p1b: Baxcalibur|Scale Shot|p2a: Ogerpon\n|-damage|p2a: Ogerpon|49\/100\n|-damage|p2a: Ogerpon|8\/100\n|-damage|p2a: Ogerpon|0 fnt\n|faint|p2a: Ogerpon\n|-hitcount|p2: Ogerpon|3\n|-unboost|p1b: Baxcalibur|def|1\n|-boost|p1b: Baxcalibur|spe|1\n|move|p2b: Kleavor|X-Scissor|p1a: Rillaboom\n|-supereffective|p1a: Rillaboom\n|-damage|p1a: Rillaboom|0 fnt\n|faint|p1a: Rillaboom\n|\n|-weather|SunnyDay|[upkeep]\n|-heal|p1b: Baxcalibur|83\/100|[from] Grassy Terrain\n|upkeep\n|\n|t:|1699892916\n|switch|p2a: Regieleki|Regieleki, L50|100\/100\n|switch|p1a: Ogerpon|Ogerpon-Wellspring, L50, F|100\/100\n|turn|4\n|\n|t:|1699892940\n|move|p1a: Ogerpon|Follow Me|p1a: Ogerpon\n|-singleturn|p1a: Ogerpon|move: Follow Me\n|move|p2a: Regieleki|Thunderbolt|p1a: Ogerpon\n|-damage|p1a: Ogerpon|36\/100\n|-damage|p2a: Regieleki|91\/100|[from] item: Life Orb\n|move|p1b: Baxcalibur|Scale Shot|p2b: Kleavor\n|-damage|p2b: Kleavor|63\/100\n|-damage|p2b: Kleavor|24\/100\n|-damage|p2b: Kleavor|0 fnt\n|faint|p2b: Kleavor\n|-hitcount|p2: Kleavor|3\n|-unboost|p1b: Baxcalibur|def|1\n|-boost|p1b: Baxcalibur|spe|1\n|\n|-weather|SunnyDay|[upkeep]\n|-heal|p1b: Baxcalibur|89\/100|[from] Grassy Terrain\n|-heal|p2a: Regieleki|97\/100|[from] Grassy Terrain\n|-heal|p1a: Ogerpon|42\/100|[from] Grassy Terrain\n|upkeep\n|turn|5\n|\n|t:|1699892960\n|move|p1a: Ogerpon|Grassy Glide|p2a: Regieleki\n|-damage|p2a: Regieleki|9\/100\n|move|p1b: Baxcalibur|Icicle Spear|p2a: Regieleki\n|-damage|p2a: Regieleki|0 fnt\n|faint|p2a: Regieleki\n|-hitcount|p2: Regieleki|1\n|\n|win|randomacctest\n|raw|randomacctest's rating: 1145 &rarr; <strong>1169<\/strong><br \/>(+24 for winning)\n|raw|snjbreb's rating: 1129 &rarr; <strong>1105<\/strong><br \/>(-24 for losing)\n|l|\u2606snjbreb\n","uploadtime":1699892982,"views":14,"p1id":"randomacctest","p2id":"snjbreb","formatid":"gen9vgc2023regulatione","rating":1105,"private":0,"password":""}