{"id":"gen9vgc2023regulatione-1994451583","p1":"SpadesHS","p2":"lurkingSombres","format":"[Gen 9] VGC 2023 Regulation E","log":"|j|\u2606SpadesHS\n|j|\u2606lurkingSombres\n|t:|1700445455\n|gametype|doubles\n|player|p1|SpadesHS|n|\n|player|p2|lurkingSombres|candice|\n|teamsize|p1|6\n|teamsize|p2|6\n|gen|9\n|tier|[Gen 9] VGC 2023 Regulation E\n|rated|Tournament battle\n|rule|Species Clause: Limit one of each Pok\u00e9mon\n|rule|Item Clause: Limit one of each item\n|clearpoke\n|poke|p1|Ogerpon, L50, F|\n|poke|p1|Roaring Moon, L50|\n|poke|p1|Arcanine-Hisui, L50, M|\n|poke|p1|Gholdengo, L50|\n|poke|p1|Urshifu-*, L50, F|\n|poke|p1|Thundurus-Therian, L50, M|\n|poke|p2|Milotic, L50, F|\n|poke|p2|Sinistcha, L50|\n|poke|p2|Ogerpon-Hearthflame, L50, F|\n|poke|p2|Iron Hands, L50|\n|poke|p2|Flutter Mane, L50|\n|poke|p2|Tyranitar, L50, F|\n|teampreview|4\n|showteam|p1|Ogerpon||LifeOrb|Defiant|SpikyShield,IvyCudgel,StompingTantrum,SwordsDance|||F|||50|,,,,,Grass]Roaring Moon||BoosterEnergy|Protosynthesis|BreakingSwipe,KnockOff,Tailwind,Protect||||||50|,,,,,Poison]Arcanine-Hisui||ChoiceBand|Intimidate|FlareBlitz,RockSlide,ExtremeSpeed,TeraBlast|||M|||50|,,,,,Fairy]Gholdengo||Leftovers|GoodasGold|MakeItRain,ShadowBall,NastyPlot,Protect||||||50|,,,,,Dragon]Urshifu-Rapid-Strike||MysticWater|UnseenFist|SurgingStrikes,CloseCombat,Detect,AquaJet|||F|||50|,,,,,Water]Thundurus-Therian||AssaultVest|VoltAbsorb|Thunderbolt,TeraBlast,GrassKnot,WildboltStorm|||M|||50|,,,,,Flying\n|showteam|p2|Milotic||Leftovers|Competitive|Scald,IcyWind,Protect,Haze|||F|||50|,,,,,Dragon]Sinistcha||SitrusBerry|Hospitality|StrengthSap,MatchaGotcha,ShadowBall,RagePowder||||||50|,,,,,Fire]Ogerpon-Hearthflame||HearthflameMask|MoldBreaker|IvyCudgel,StompingTantrum,HornLeech,SpikyShield|||F|||50|,,,,,Fire]Iron Hands||AssaultVest|QuarkDrive|FakeOut,DrainPunch,WildCharge,HeavySlam||||||50|,,,,,Grass]Flutter Mane||BoosterEnergy|Protosynthesis|Moonblast,DazzlingGleam,ShadowBall,Protect||||||50|,,,,,Ghost]Tyranitar||WideLens|SandStream|RockSlide,KnockOff,TeraBlast,Taunt|||F|||50|,,,,,Poison\n|j| FatalEspresso\n|j| Luke111192\n|j|%Radio Free C-Side\n|j| Draxolotl\n|j| IcicleStorm13\n|c| Draxolotl|This is a goated mu\n|l| IcicleStorm13\n|\n|t:|1700445497\n|start\n|switch|p1a: Laet|Ogerpon, L50, F|100\/100\n|switch|p1b: Atarka|Roaring Moon, L50|100\/100\n|switch|p2a: Iron Hands|Iron Hands, L50|100\/100\n|switch|p2b: Milotic|Milotic, L50, F|100\/100\n|-enditem|p1b: Atarka|Booster Energy\n|-activate|p1b: Atarka|ability: Protosynthesis|[fromitem]\n|-start|p1b: Atarka|protosynthesisspe\n|turn|1\n|\n|t:|1700445527\n|-terastallize|p1b: Atarka|Poison\n|-terastallize|p2b: Milotic|Dragon\n|move|p2a: Iron Hands|Fake Out|p1a: Laet\n|-damage|p1a: Laet|80\/100\n|move|p1b: Atarka|Knock Off|p2b: Milotic\n|-damage|p2b: Milotic|66\/100\n|-enditem|p2b: Milotic|Leftovers|[from] move: Knock Off|[of] p1b: Atarka\n|cant|p1a: Laet|flinch\n|move|p2b: Milotic|Scald|p1b: Atarka\n|-damage|p1b: Atarka|76\/100\n|\n|upkeep\n|turn|2\n|\n|t:|1700445554\n|move|p1b: Atarka|Breaking Swipe|p2a: Iron Hands|[spread] p2a,p2b\n|-supereffective|p2b: Milotic\n|-damage|p2a: Iron Hands|83\/100\n|-damage|p2b: Milotic|30\/100\n|-unboost|p2a: Iron Hands|atk|1\n|-unboost|p2b: Milotic|atk|1\n|-ability|p2b: Milotic|Competitive|boost\n|-boost|p2b: Milotic|spa|2\n|move|p1a: Laet|Stomping Tantrum|p2b: Milotic\n|-damage|p2b: Milotic|0 fnt\n|faint|p2b: Milotic\n|-damage|p1a: Laet|70\/100|[from] item: Life Orb\n|move|p2a: Iron Hands|Drain Punch|p1a: Laet\n|-damage|p1a: Laet|29\/100\n|-heal|p2a: Iron Hands|98\/100|[from] drain|[of] p1a: Laet\n|\n|upkeep\n|\n|t:|1700445570\n|switch|p2b: Flutter Mane|Flutter Mane, L50|100\/100\n|-enditem|p2b: Flutter Mane|Booster Energy\n|-activate|p2b: Flutter Mane|ability: Protosynthesis|[fromitem]\n|-start|p2b: Flutter Mane|protosynthesisspe\n|turn|3\n|\n|t:|1700445576\n|-end|p2a: Iron Hands|Quark Drive|[silent]\n|switch|p2a: Tyranitar|Tyranitar, L50, F|100\/100\n|-weather|Sandstorm|[from] ability: Sand Stream|[of] p2a: Tyranitar\n|move|p1a: Laet|Spiky Shield|p1a: Laet\n|-singleturn|p1a: Laet|move: Protect\n|move|p2b: Flutter Mane|Dazzling Gleam|p1a: Laet|[spread] p1b\n|-activate|p1a: Laet|move: Protect\n|-resisted|p1b: Atarka\n|-damage|p1b: Atarka|62\/100\n|move|p1b: Atarka|Tailwind|p1b: Atarka\n|-sidestart|p1: SpadesHS|move: Tailwind\n|\n|-weather|Sandstorm|[upkeep]\n|-damage|p1b: Atarka|56\/100|[from] Sandstorm\n|-damage|p1a: Laet|23\/100|[from] Sandstorm\n|-damage|p2b: Flutter Mane|94\/100|[from] Sandstorm\n|upkeep\n|turn|4\n|\n|t:|1700445597\n|switch|p2a: Iron Hands|Iron Hands, L50|98\/100\n|move|p1b: Atarka|Breaking Swipe|p2b: Flutter Mane|[spread] p2a\n|-immune|p2b: Flutter Mane\n|-damage|p2a: Iron Hands|81\/100\n|-unboost|p2a: Iron Hands|atk|1\n|move|p1a: Laet|Ivy Cudgel|p2a: Iron Hands\n|-damage|p2a: Iron Hands|29\/100\n|-damage|p1a: Laet|13\/100|[from] item: Life Orb\n|move|p2b: Flutter Mane|Dazzling Gleam|p1a: Laet|[spread] p1a,p1b\n|-resisted|p1b: Atarka\n|-damage|p1a: Laet|0 fnt\n|-damage|p1b: Atarka|41\/100\n|faint|p1a: Laet\n|\n|-weather|Sandstorm|[upkeep]\n|-damage|p1b: Atarka|35\/100|[from] Sandstorm\n|-damage|p2b: Flutter Mane|88\/100|[from] Sandstorm\n|-damage|p2a: Iron Hands|23\/100|[from] Sandstorm\n|upkeep\n|\n|t:|1700445622\n|switch|p1a: Zeus|Thundurus-Therian, L50, M|100\/100\n|turn|5\n|j| IcicleStorm13\n|\n|t:|1700445629\n|move|p2a: Iron Hands|Fake Out|p1b: Atarka\n|-damage|p1b: Atarka|23\/100\n|cant|p1b: Atarka|flinch\n|move|p1a: Zeus|Thunderbolt|p2b: Flutter Mane\n|-damage|p2b: Flutter Mane|30\/100\n|move|p2b: Flutter Mane|Shadow Ball|p1b: Atarka\n|-damage|p1b: Atarka|0 fnt\n|faint|p1b: Atarka\n|-end|p1b: Atarka|Protosynthesis|[silent]\n|\n|-weather|Sandstorm|[upkeep]\n|-damage|p1a: Zeus|95\/100|[from] Sandstorm\n|-damage|p2b: Flutter Mane|24\/100|[from] Sandstorm\n|-damage|p2a: Iron Hands|17\/100|[from] Sandstorm\n|upkeep\n|\n|t:|1700445638\n|switch|p1b: Fun Police|Arcanine-Hisui, L50, M|100\/100\n|-ability|p1b: Fun Police|Intimidate|boost\n|-unboost|p2a: Iron Hands|atk|1\n|-unboost|p2b: Flutter Mane|atk|1\n|turn|6\n|\n|t:|1700445658\n|-end|p2a: Iron Hands|Quark Drive|[silent]\n|switch|p2a: Tyranitar|Tyranitar, L50, F|100\/100\n|move|p2b: Flutter Mane|Protect|p2b: Flutter Mane\n|-singleturn|p2b: Flutter Mane|Protect\n|move|p1a: Zeus|Grass Knot|p2a: Tyranitar\n|-supereffective|p2a: Tyranitar\n|-damage|p2a: Tyranitar|48\/100\n|move|p1b: Fun Police|Rock Slide|p2b: Flutter Mane|[spread] p2a\n|-activate|p2b: Flutter Mane|move: Protect\n|-damage|p2a: Tyranitar|13\/100\n|\n|-weather|Sandstorm|[upkeep]\n|-damage|p1a: Zeus|89\/100|[from] Sandstorm\n|-damage|p2b: Flutter Mane|18\/100|[from] Sandstorm\n|-sideend|p1: SpadesHS|move: Tailwind\n|upkeep\n|turn|7\n|\n|t:|1700445676\n|move|p2b: Flutter Mane|Moonblast|p1a: Zeus\n|-damage|p1a: Zeus|40\/100\n|move|p1a: Zeus|Thunderbolt|p2b: Flutter Mane\n|-damage|p2b: Flutter Mane|0 fnt\n|faint|p2b: Flutter Mane\n|-end|p2b: Flutter Mane|Protosynthesis|[silent]\n|move|p1b: Fun Police|Rock Slide|p2a: Tyranitar\n|-damage|p2a: Tyranitar|0 fnt\n|faint|p2a: Tyranitar\n|\n|-weather|none\n|upkeep\n|\n|t:|1700445681\n|switch|p2b: Iron Hands|Iron Hands, L50|17\/100\n|turn|8\n|\n|t:|1700445685\n|move|p2b: Iron Hands|Fake Out|p1a: Zeus\n|-damage|p1a: Zeus|15\/100\n|cant|p1a: Zeus|flinch\n|move|p1b: Fun Police|Rock Slide|p2b: Iron Hands\n|-resisted|p2b: Iron Hands\n|-damage|p2b: Iron Hands|0 fnt\n|faint|p2b: Iron Hands\n|-end|p2b: Iron Hands|Quark Drive|[silent]\n|\n|win|SpadesHS\n|n|\u2606SpadesHS|spadeshs\n|n|\u2606lurkingSombres|lurkingsombres\n|n| FatalEspresso|fatalespresso\n|n| Luke111192|luke111192\n|n| Radio Free C-Side|radiofreecside\n|n| Draxolotl|draxolotl\n|n| IcicleStorm13|iciclestorm13\n|c|\u2606SpadesHS|gg\n|c|\u2606lurkingSombres|gg\n|l| Draxolotl\n|l| IcicleStorm13\n|l| FatalEspresso\n|l| Luke111192\n|l| Radio Free C-Side\n|l|\u2606lurkingSombres\n","uploadtime":1700445687,"views":7,"p1id":"spadeshs","p2id":"lurkingsombres","formatid":"gen9vgc2023regulatione","rating":0,"private":0,"password":""}