{"id":"gen9vgc2023regulatione-1999760949","p1":"superinsaiyan18","p2":"Sondowner","format":"[Gen 9] VGC 2023 Regulation E","log":"|j|\u2606superinsaiyan18\n|j|\u2606Sondowner\n|t:|1701114291\n|gametype|doubles\n|player|p1|superinsaiyan18|guitarist|1440\n|player|p2|Sondowner|alec-anime|1459\n|teamsize|p1|6\n|teamsize|p2|6\n|gen|9\n|tier|[Gen 9] VGC 2023 Regulation E\n|rated|\n|rule|Species Clause: Limit one of each Pok\u00e9mon\n|rule|Item Clause: Limit one of each item\n|clearpoke\n|poke|p1|Goodra-Hisui, L50, M|\n|poke|p1|Ting-Lu, L50|\n|poke|p1|Sinistcha-Masterpiece, L50|\n|poke|p1|Urshifu-*, L50, M|\n|poke|p1|Tornadus, L50, M|\n|poke|p1|Arcanine-Hisui, L50, M|\n|poke|p2|Gholdengo, L50|\n|poke|p2|Ogerpon-Wellspring, L50, F|\n|poke|p2|Baxcalibur, L50, M|\n|poke|p2|Arcanine-Hisui, L50, M|\n|poke|p2|Flutter Mane, L50|\n|poke|p2|Iron Hands, L50|\n|teampreview|4\nSondowner has agreed to open team sheets.\n|inactive|Battle timer is ON: inactive players will automatically lose when time's up. (requested by superinsaiyan18)\n|\n|t:|1701114321\n|start\n|switch|p1a: Goodra|Goodra-Hisui, L50, M|100\/100\n|switch|p1b: Ting-Lu|Ting-Lu, L50|100\/100\n|switch|p2a: Iron Hands|Iron Hands, L50|100\/100\n|switch|p2b: Flutter Mane|Flutter Mane, L50|100\/100\n|-ability|p1b: Ting-Lu|Vessel of Ruin\n|turn|1\n|\n|t:|1701114344\n|move|p2a: Iron Hands|Fake Out|p1a: Goodra\n|-resisted|p1a: Goodra\n|-damage|p1a: Goodra|94\/100\n|move|p2b: Flutter Mane|Shadow Ball|p1a: Goodra\n|-damage|p1a: Goodra|72\/100\n|cant|p1a: Goodra|flinch\n|move|p1b: Ting-Lu|Fissure|p2a: Iron Hands|[miss]\n|-miss|p1b: Ting-Lu|p2a: Iron Hands\n|\n|-heal|p1a: Goodra|78\/100|[from] item: Leftovers\n|upkeep\n|turn|2\n|\n|t:|1701114360\n|move|p2b: Flutter Mane|Shadow Ball|p1a: Goodra\n|-damage|p1a: Goodra|56\/100\n|-unboost|p1a: Goodra|spd|1\n|move|p1a: Goodra|Heavy Slam|p2b: Flutter Mane\n|-supereffective|p2b: Flutter Mane\n|-enditem|p2b: Flutter Mane|Focus Sash\n|-damage|p2b: Flutter Mane|1\/100\n|move|p2a: Iron Hands|Drain Punch|p1a: Goodra\n|-supereffective|p1a: Goodra\n|-damage|p1a: Goodra|0 fnt\n|faint|p1a: Goodra\n|move|p1b: Ting-Lu|Stomping Tantrum|p2a: Iron Hands\n|-supereffective|p2a: Iron Hands\n|-damage|p2a: Iron Hands|17\/100\n|\n|upkeep\n|\n|t:|1701114377\n|switch|p1a: Arcanine|Arcanine-Hisui, L50, M|100\/100\n|-ability|p1a: Arcanine|Intimidate|boost\n|-unboost|p2a: Iron Hands|atk|1\n|-unboost|p2b: Flutter Mane|atk|1\n|turn|3\n|\n|t:|1701114397\n|-terastallize|p1b: Ting-Lu|Poison\n|move|p2b: Flutter Mane|Shadow Ball|p1a: Arcanine\n|-damage|p1a: Arcanine|62\/100\n|move|p1a: Arcanine|Rock Slide|p2b: Flutter Mane|[spread] p2a,p2b\n|-resisted|p2a: Iron Hands\n|-damage|p2a: Iron Hands|3\/100\n|-damage|p2b: Flutter Mane|0 fnt\n|faint|p2b: Flutter Mane\n|-end|p2b: Flutter Mane|Protosynthesis|[silent]\n|move|p2a: Iron Hands|Drain Punch|p1a: Arcanine\n|-supereffective|p1a: Arcanine\n|-damage|p1a: Arcanine|0 fnt\n|-heal|p2a: Iron Hands|24\/100|[from] drain|[of] p1a: Arcanine\n|faint|p1a: Arcanine\n|move|p1b: Ting-Lu|Stomping Tantrum|p2a: Iron Hands\n|-supereffective|p2a: Iron Hands\n|-damage|p2a: Iron Hands|0 fnt\n|faint|p2a: Iron Hands\n|-end|p2a: Iron Hands|Quark Drive|[silent]\n|\n|upkeep\n|\n|t:|1701114414\n|switch|p2b: Gholdengo|Gholdengo, L50|100\/100\n|switch|p1a: Sinistcha|Sinistcha-Masterpiece, L50|100\/100\n|switch|p2a: Ogerpon|Ogerpon-Wellspring, L50, F|100\/100\n|turn|4\n|\n|t:|1701114431\n|-terastallize|p2b: Gholdengo|Dragon\n|move|p1a: Sinistcha|Protect|p1a: Sinistcha\n|-singleturn|p1a: Sinistcha|Protect\n|move|p2a: Ogerpon|Ivy Cudgel|p1b: Ting-Lu|[anim] Ivy Cudgel Water\n|-damage|p1b: Ting-Lu|60\/100\n|move|p2b: Gholdengo|Nasty Plot|p2b: Gholdengo\n|-boost|p2b: Gholdengo|spa|2\n|move|p1b: Ting-Lu|Fissure|p2b: Gholdengo\n|-damage|p2b: Gholdengo|0 fnt\n|faint|p2b: Gholdengo\n|-ohko\n|\n|upkeep\n|turn|5\n|c|\u2606Sondowner|gg\n|c|\u2606superinsaiyan18|gg\n|-message|Sondowner forfeited.\n|\n|win|superinsaiyan18\n|raw|superinsaiyan18's rating: 1440 &rarr; <strong>1461<\/strong><br \/>(+21 for winning)\n|raw|Sondowner's rating: 1459 &rarr; <strong>1438<\/strong><br \/>(-21 for losing)\n|l|\u2606Sondowner\n","uploadtime":1701114472,"views":14,"p1id":"superinsaiyan18","p2id":"sondowner","formatid":"gen9vgc2023regulatione","rating":1438,"private":0,"password":""}