{"id":"gen9vgc2023regulatione-1989705028","p1":"Vaain","p2":"kidturtle","format":"[Gen 9] VGC 2023 Regulation E","log":"|j|\u2606Vaain\n|j|\u2606kidturtle\n|n|\u2606Vaain|vaain\n|n|\u2606kidturtle|kidturtle\n|html|View the match progress at <a href=\"\/game-bestof3-gen9vgc2023regulatione-1989702138\">game-bestof3-gen9vgc2023regulatione-1989702138<\/a>\n|t:|1699888563\n|gametype|doubles\n|player|p1|Vaain|101|\n|player|p2|kidturtle|hoopster|\n|teamsize|p1|6\n|teamsize|p2|6\n|gen|9\n|tier|[Gen 9] VGC 2023 Regulation E\n|rated|Tournament battle\n|rule|Species Clause: Limit one of each Pok\u00e9mon\n|rule|Item Clause: Limit one of each item\n|clearpoke\n|poke|p1|Iron Hands, L50|\n|poke|p1|Roaring Moon, L50|\n|poke|p1|Iron Bundle, L50|\n|poke|p1|Arcanine-Hisui, L50, F|\n|poke|p1|Ninetales-Alola, L50, M|\n|poke|p1|Landorus-Therian, L50, M|\n|poke|p2|Ursaluna, L50, M|\n|poke|p2|Cresselia, L50, F|\n|poke|p2|Flutter Mane, L50|\n|poke|p2|Chi-Yu, L50|\n|poke|p2|Iron Hands, L50|\n|poke|p2|Urshifu-*, L50, M|\n|teampreview|4\n|showteam|p1|Iron Hands||AssaultVest|QuarkDrive|HeavySlam,DrainPunch,WildCharge,FakeOut||||||50|,,,,,Steel]Roaring Moon||LifeOrb|Protosynthesis|Crunch,DragonClaw,IronHead,Protect||||||50|,,,,,Steel]Iron Bundle||BoosterEnergy|QuarkDrive|FlipTurn,FreezeDry,HydroPump,IcyWind||||||50|,,,,,Water]Arcanine-Hisui||SafetyGoggles|Intimidate|Protect,FlareBlitz,ExtremeSpeed,WillOWisp|||F|||50|,,,,,Flying]Ninetales-Alola||LightClay|SnowWarning|AuroraVeil,Blizzard,Protect,DazzlingGleam|||M|||50|,,,,,Ice]Landorus-Therian||ChoiceScarf|Intimidate|Uturn,RockSlide,StompingTantrum,TeraBlast|||M|||50|,,,,,Flying\n|showteam|p2|Ursaluna||FlameOrb|Guts|Facade,Earthquake,SwordsDance,Protect|||M|||50|,,,,,Ghost]Cresselia||MentalHerb|Levitate|IceBeam,AllySwitch,LunarBlessing,TrickRoom|||F|||50|,,,,,Fairy]Flutter Mane||BoosterEnergy|Protosynthesis|IcyWind,ShadowBall,Moonblast,Protect||||||50|,,,,,Fairy]Chi-Yu||ChoiceSpecs|BeadsofRuin|BurningJealousy,DarkPulse,Overheat,Snarl||||||50|,,,,,Ghost]Iron Hands||SitrusBerry|QuarkDrive|DrainPunch,WildCharge,FakeOut,SwordsDance||||||50|,,,,,Fire]Urshifu||FocusSash|UnseenFist|Detect,WickedBlow,CloseCombat,SuckerPunch|||M|||50|,,,,,Dark\n|inactive|Battle timer is ON: inactive players will automatically lose when time's up. (requested by Vaain)\n|inactive|Vaain has 60 seconds left.\n|\n|t:|1699888617\n|start\n|switch|p1a: Shady|Iron Bundle, L50, shiny|100\/100\n|switch|p1b: Them Hands|Iron Hands, L50, shiny|100\/100\n|switch|p2a: Iron Hands|Iron Hands, L50|100\/100\n|switch|p2b: Cresselia|Cresselia, L50, F|100\/100\n|-enditem|p1a: Shady|Booster Energy\n|-activate|p1a: Shady|ability: Quark Drive|[fromitem]\n|-start|p1a: Shady|quarkdrivespe\n|turn|1\n|inactive|Vaain has 30 seconds left.\n|\n|t:|1699888653\n|-end|p1a: Shady|Quark Drive|[silent]\n|switch|p1a: Meowscles|Landorus-Therian, L50, M|100\/100\n|-ability|p1a: Meowscles|Intimidate|boost\n|-unboost|p2a: Iron Hands|atk|1\n|-unboost|p2b: Cresselia|atk|1\n|move|p1b: Them Hands|Heavy Slam|p2b: Cresselia\n|-damage|p2b: Cresselia|84\/100\n|move|p2a: Iron Hands|Swords Dance|p2a: Iron Hands\n|-boost|p2a: Iron Hands|atk|2\n|move|p2b: Cresselia|Trick Room|p2b: Cresselia\n|-fieldstart|move: Trick Room|[of] p2b: Cresselia\n|\n|upkeep\n|turn|2\n|\n|t:|1699888676\n|move|p2a: Iron Hands|Drain Punch|p1a: Meowscles\n|-resisted|p1a: Meowscles\n|-damage|p1a: Meowscles|62\/100\n|move|p1b: Them Hands|Drain Punch|p2a: Iron Hands\n|-damage|p2a: Iron Hands|77\/100\n|move|p2b: Cresselia|Ice Beam|p1a: Meowscles\n|-supereffective|p1a: Meowscles\n|-damage|p1a: Meowscles|0 fnt\n|faint|p1a: Meowscles\n|\n|upkeep\n|\n|t:|1699888688\n|switch|p1a: Good Boi|Arcanine-Hisui, L50, F, shiny|100\/100\n|-ability|p1a: Good Boi|Intimidate|boost\n|-unboost|p2a: Iron Hands|atk|1\n|-unboost|p2b: Cresselia|atk|1\n|turn|3\n|\n|t:|1699888702\n|switch|p2b: Ursaluna|Ursaluna, L50, M|100\/100\n|-terastallize|p1a: Good Boi|Flying\n|move|p2a: Iron Hands|Wild Charge|p1a: Good Boi\n|-supereffective|p1a: Good Boi\n|-damage|p1a: Good Boi|0 fnt\n|faint|p1a: Good Boi\n|-damage|p2a: Iron Hands|59\/100|[from] Recoil\n|move|p1b: Them Hands|Drain Punch|p2a: Iron Hands\n|-damage|p2a: Iron Hands|37\/100\n|-enditem|p2a: Iron Hands|Sitrus Berry|[eat]\n|-heal|p2a: Iron Hands|62\/100|[from] item: Sitrus Berry\n|\n|-status|p2b: Ursaluna|brn|[from] item: Flame Orb\n|upkeep\n|\n|t:|1699888712\n|switch|p1a: Shady|Iron Bundle, L50, shiny|100\/100\n|turn|4\n|c|\u2606kidturtle|gg\n|c|\u2606Vaain|gg\n|\n|t:|1699888726\n|-end|p2a: Iron Hands|Quark Drive|[silent]\n|switch|p2a: Cresselia|Cresselia, L50, F|84\/100\n|-terastallize|p2b: Ursaluna|Ghost\n|move|p2b: Ursaluna|Earthquake|p1b: Them Hands|[spread] p1a,p1b\n|-immune|p2a: Cresselia|[from] ability: Levitate\n|-supereffective|p1b: Them Hands\n|-damage|p1a: Shady|18\/100\n|-damage|p1b: Them Hands|22\/100\n|move|p1b: Them Hands|Drain Punch|p2b: Ursaluna\n|-immune|p2b: Ursaluna\n|move|p1a: Shady|Hydro Pump|p2b: Ursaluna\n|-damage|p2b: Ursaluna|48\/100 brn\n|\n|-damage|p2b: Ursaluna|42\/100 brn|[from] brn\n|upkeep\n|turn|5\n|\n|t:|1699888741\n|move|p2b: Ursaluna|Earthquake|p1b: Them Hands|[spread] p1a,p1b\n|-immune|p2a: Cresselia|[from] ability: Levitate\n|-supereffective|p1b: Them Hands\n|-damage|p1a: Shady|0 fnt\n|-damage|p1b: Them Hands|0 fnt\n|faint|p1a: Shady\n|-end|p1a: Shady|Quark Drive|[silent]\n|faint|p1b: Them Hands\n|-end|p1b: Them Hands|Quark Drive|[silent]\n|\n|win|kidturtle\n|l|\u2606Vaain\n","uploadtime":1699888751,"views":24,"p1id":"vaain","p2id":"kidturtle","formatid":"gen9vgc2023regulatione","rating":0,"private":0,"password":""}