{"id":"gen9vgc2023regulatione-1994789166","p1":"christianfinity2","p2":"bwahacough","format":"[Gen 9] VGC 2023 Regulation E","log":"|j|\u2606christianfinity2\n|j|\u2606bwahacough\n|t:|1700492916\n|gametype|doubles\n|player|p1|christianfinity2|youngathlete|1633\n|player|p2|bwahacough|medium|1770\n|teamsize|p1|6\n|teamsize|p2|6\n|gen|9\n|tier|[Gen 9] VGC 2023 Regulation E\n|rated|\n|rule|Species Clause: Limit one of each Pok\u00e9mon\n|rule|Item Clause: Limit one of each item\n|clearpoke\n|poke|p1|Ninetales-Alola, L50, F|\n|poke|p1|Ogerpon-Wellspring, L50, F|\n|poke|p1|Baxcalibur, L50, M|\n|poke|p1|Arcanine-Hisui, L50, M|\n|poke|p1|Gholdengo, L50|\n|poke|p1|Rillaboom, L50, F|\n|poke|p2|Lycanroc-Dusk, L50, M|\n|poke|p2|Tornadus, L50, M|\n|poke|p2|Urshifu-*, L50, F|\n|poke|p2|Farigiraf, L50, M|\n|poke|p2|Sinistcha, L50|\n|poke|p2|Iron Bundle, L50|\n|teampreview|4\n|\n|t:|1700492977\n|start\n|switch|p1a: Serendipity|Ninetales-Alola, L50, F, shiny|100\/100\n|switch|p1b: Child Of The Loam|Arcanine-Hisui, L50, M, shiny|100\/100\n|switch|p2a: Tornadus|Tornadus, L50, M, shiny|100\/100\n|switch|p2b: Urshifu|Urshifu-Rapid-Strike, L50, F|100\/100\n|-weather|Snow|[from] ability: Snow Warning|[of] p1a: Serendipity\n|-ability|p1b: Child Of The Loam|Intimidate|boost\n|-unboost|p2a: Tornadus|atk|1\n|-unboost|p2b: Urshifu|atk|1\n|turn|1\n|\n|t:|1700492988\n|-terastallize|p1b: Child Of The Loam|Fairy\n|move|p2a: Tornadus|Rain Dance|p2a: Tornadus\n|-weather|RainDance\n|move|p1a: Serendipity|Icy Wind|p2b: Urshifu|[spread] p2a,p2b\n|-supereffective|p2a: Tornadus\n|-resisted|p2b: Urshifu\n|-damage|p2a: Tornadus|71\/100\n|-damage|p2b: Urshifu|92\/100\n|-unboost|p2b: Urshifu|spe|1\n|move|p1b: Child Of The Loam|Rock Slide|p2b: Urshifu|[spread] p2a,p2b\n|-supereffective|p2a: Tornadus\n|-resisted|p2b: Urshifu\n|-damage|p2a: Tornadus|0 fnt\n|-damage|p2b: Urshifu|74\/100\n|faint|p2a: Tornadus\n|move|p2b: Urshifu|Surging Strikes|p1a: Serendipity\n|-crit|p1a: Serendipity\n|-damage|p1a: Serendipity|45\/100\n|-crit|p1a: Serendipity\n|-damage|p1a: Serendipity|0 fnt\n|faint|p1a: Serendipity\n|-hitcount|p1: Serendipity|2\n|\n|-weather|RainDance|[upkeep]\n|upkeep\n|\n|t:|1700493001\n|switch|p1a: Vacuole|Ogerpon-Wellspring, L50, F|100\/100\n|switch|p2a: Farigiraf|Farigiraf, L50, M, shiny|100\/100\n|turn|2\n|\n|t:|1700493022\n|-terastallize|p2b: Urshifu|Steel\n|move|p1a: Vacuole|Ivy Cudgel|p2a: Farigiraf|[anim] Ivy Cudgel Water\n|-damage|p2a: Farigiraf|36\/100\n|-enditem|p2a: Farigiraf|Sitrus Berry|[eat]\n|-heal|p2a: Farigiraf|61\/100|[from] item: Sitrus Berry\n|move|p1b: Child Of The Loam|Rock Slide|p2b: Urshifu|[spread] p2a,p2b\n|-resisted|p2b: Urshifu\n|-damage|p2a: Farigiraf|31\/100\n|-damage|p2b: Urshifu|57\/100\n|move|p2b: Urshifu|Surging Strikes|p1b: Child Of The Loam\n|-crit|p1b: Child Of The Loam\n|-damage|p1b: Child Of The Loam|50\/100\n|-crit|p1b: Child Of The Loam\n|-damage|p1b: Child Of The Loam|0 fnt\n|faint|p1b: Child Of The Loam\n|-hitcount|p1: Child Of The Loam|2\n|move|p2a: Farigiraf|Psychic|p1a: Vacuole\n|-damage|p1a: Vacuole|65\/100\n|\n|-weather|RainDance|[upkeep]\n|upkeep\n|\n|t:|1700493035\n|switch|p1b: 50 Cent|Gholdengo, L50, shiny|100\/100\n|turn|3\n|\n|t:|1700493055\n|move|p1a: Vacuole|Ivy Cudgel|p2b: Urshifu|[anim] Ivy Cudgel Water\n|-damage|p2b: Urshifu|0 fnt\n|faint|p2b: Urshifu\n|move|p1b: 50 Cent|Nasty Plot|p1b: 50 Cent\n|-boost|p1b: 50 Cent|spa|2\n|move|p2a: Farigiraf|Psychic|p1a: Vacuole\n|-damage|p1a: Vacuole|29\/100\n|\n|-weather|RainDance|[upkeep]\n|upkeep\n|\n|t:|1700493057\n|switch|p2b: Lycanroc|Lycanroc-Dusk, L50, M|100\/100\n|turn|4\n|\n|t:|1700493062\n|move|p2a: Farigiraf|Helping Hand|p2b: Lycanroc\n|-singleturn|p2b: Lycanroc|Helping Hand|[of] p2a: Farigiraf\n|move|p2b: Lycanroc|Rock Slide|p1a: Vacuole|[spread] p1a,p1b\n|-resisted|p1b: 50 Cent\n|-damage|p1a: Vacuole|0 fnt\n|-damage|p1b: 50 Cent|82\/100\n|faint|p1a: Vacuole\n|move|p1b: 50 Cent|Make It Rain|p2b: Lycanroc|[spread] p2a,p2b\n|-supereffective|p2b: Lycanroc\n|-damage|p2a: Farigiraf|0 fnt\n|-enditem|p2b: Lycanroc|Focus Sash\n|-damage|p2b: Lycanroc|1\/100\n|-unboost|p1b: 50 Cent|spa|1\n|faint|p2a: Farigiraf\n|\n|-weather|RainDance|[upkeep]\n|-heal|p1b: 50 Cent|88\/100|[from] item: Leftovers\n|upkeep\n|turn|5\n|\n|t:|1700493074\n|move|p1b: 50 Cent|Protect|p1b: 50 Cent\n|-singleturn|p1b: 50 Cent|Protect\n|move|p2b: Lycanroc|Rock Slide|p1b: 50 Cent\n|-activate|p1b: 50 Cent|move: Protect\n|\n|-weather|none\n|-heal|p1b: 50 Cent|94\/100|[from] item: Leftovers\n|upkeep\n|turn|6\n|\n|t:|1700493077\n|move|p2b: Lycanroc|Rock Slide|p1b: 50 Cent\n|-resisted|p1b: 50 Cent\n|-crit|p1b: 50 Cent\n|-damage|p1b: 50 Cent|65\/100\n|move|p1b: 50 Cent|Make It Rain|p2b: Lycanroc\n|-supereffective|p2b: Lycanroc\n|-damage|p2b: Lycanroc|0 fnt\n|-unboost|p1b: 50 Cent|spa|1\n|faint|p2b: Lycanroc\n|\n|win|christianfinity2\n|raw|christianfinity2's rating: 1633 &rarr; <strong>1661<\/strong><br \/>(+28 for winning)\n|raw|bwahacough's rating: 1782 &rarr; <strong>1754<\/strong><br \/>(-28 for losing)\n|l|\u2606bwahacough\n","uploadtime":1700493439,"views":1,"p1id":"christianfinity2","p2id":"bwahacough","formatid":"gen9vgc2023regulatione","rating":1661,"private":0,"password":""}