{"id":"gen9vgc2023regulatione-1990393274","p1":"puddingss","p2":"Buff FlutterMane","format":"[Gen 9] VGC 2023 Regulation E","log":"|j|\u2606puddingss\n|j|\u2606Buff FlutterMane\n|t:|1699966212\n|gametype|doubles\n|player|p1|puddingss|steven|1104\n|player|p2|Buff FlutterMane|turo|1191\n|teamsize|p1|6\n|teamsize|p2|6\n|gen|9\n|tier|[Gen 9] VGC 2023 Regulation E\n|rated|\n|rule|Species Clause: Limit one of each Pok\u00e9mon\n|rule|Item Clause: Limit one of each item\n|clearpoke\n|poke|p1|Glimmora, L50, M|\n|poke|p1|Landorus, L50, M|\n|poke|p1|Dondozo, L50, M|\n|poke|p1|Tatsugiri, L50, M|\n|poke|p1|Flutter Mane, L50|\n|poke|p1|Arcanine-Hisui, L50, F|\n|poke|p2|Kingambit, L50, M|\n|poke|p2|Sneasler, L50, F|\n|poke|p2|Flutter Mane, L50|\n|poke|p2|Sinistcha-Masterpiece, L50|\n|poke|p2|Dragonite, L50, M|\n|poke|p2|Chien-Pao, L50|\n|teampreview|4\n|inactive|Battle timer is ON: inactive players will automatically lose when time's up. (requested by Buff FlutterMane)\n|inactive|puddingss also wants the timer to be on.\n|\n|t:|1699966238\n|start\n|switch|p1a: \u6211\u662f\u653b\u6bd43\u53f7|Glimmora, L50, M|100\/100\n|switch|p1b: Arcanine|Arcanine-Hisui, L50, F|100\/100\n|switch|p2a: Flutter Mane|Flutter Mane, L50, shiny|100\/100\n|switch|p2b: Dragonite|Dragonite, L50, M, shiny|100\/100\n|-ability|p1b: Arcanine|Intimidate|boost\n|-unboost|p2a: Flutter Mane|atk|1\n|-fail|p2b: Dragonite|unboost|Attack|[from] ability: Inner Focus|[of] p2b: Dragonite\n|turn|1\n|\n|t:|1699966255\n|move|p2a: Flutter Mane|Shadow Ball|p1b: Arcanine\n|-damage|p1b: Arcanine|57\/100\n|move|p1a: \u6211\u662f\u653b\u6bd43\u53f7|Mortal Spin|p2b: Dragonite|[spread] p2a,p2b\n|-damage|p2a: Flutter Mane|92\/100\n|-damage|p2b: Dragonite|95\/100\n|-status|p2a: Flutter Mane|psn\n|-status|p2b: Dragonite|psn\n|move|p1b: Arcanine|Rock Slide|p2a: Flutter Mane|[spread] p2a,p2b\n|-supereffective|p2b: Dragonite\n|-damage|p2a: Flutter Mane|45\/100 psn\n|-damage|p2b: Dragonite|45\/100 psn\n|move|p2b: Dragonite|Stomping Tantrum|p1a: \u6211\u662f\u653b\u6bd43\u53f7\n|-supereffective|p1a: \u6211\u662f\u653b\u6bd43\u53f7\n|-enditem|p1a: \u6211\u662f\u653b\u6bd43\u53f7|Focus Sash\n|-damage|p1a: \u6211\u662f\u653b\u6bd43\u53f7|1\/100\n|-activate|p1a: \u6211\u662f\u653b\u6bd43\u53f7|ability: Toxic Debris\n|-sidestart|p2: Buff FlutterMane|move: Toxic Spikes\n|\n|-damage|p2a: Flutter Mane|33\/100 psn|[from] psn\n|-damage|p2b: Dragonite|33\/100 psn|[from] psn\n|upkeep\n|turn|2\n|\n|t:|1699966275\n|move|p2b: Dragonite|Extreme Speed|p1b: Arcanine\n|-resisted|p1b: Arcanine\n|-damage|p1b: Arcanine|38\/100\n|move|p2a: Flutter Mane|Shadow Ball|p1b: Arcanine\n|-crit|p1b: Arcanine\n|-damage|p1b: Arcanine|0 fnt\n|faint|p1b: Arcanine\n|move|p1a: \u6211\u662f\u653b\u6bd43\u53f7|Power Gem|p2b: Dragonite\n|-supereffective|p2b: Dragonite\n|-damage|p2b: Dragonite|0 fnt\n|faint|p2b: Dragonite\n|\n|-damage|p2a: Flutter Mane|20\/100 psn|[from] psn\n|upkeep\n|\n|t:|1699966288\n|switch|p1b: Tatsugiri|Tatsugiri, L50, M|100\/100\n|switch|p2b: Sneasler|Sneasler, L50, F, shiny|100\/100\n|-sideend|p2: Buff FlutterMane|move: Toxic Spikes|[of] p2b: Sneasler\n|turn|3\n|\n|t:|1699966303\n|move|p2b: Sneasler|Fake Out|p1b: Tatsugiri\n|-damage|p1b: Tatsugiri|75\/100\n|-status|p1b: Tatsugiri|psn|[from] ability: Poison Touch|[of] p2b: Sneasler\n|cant|p1b: Tatsugiri|flinch\n|move|p2a: Flutter Mane|Shadow Ball|p1a: \u6211\u662f\u653b\u6bd43\u53f7\n|-damage|p1a: \u6211\u662f\u653b\u6bd43\u53f7|0 fnt\n|faint|p1a: \u6211\u662f\u653b\u6bd43\u53f7\n|\n|-damage|p1b: Tatsugiri|63\/100 psn|[from] psn\n|-damage|p2a: Flutter Mane|8\/100 psn|[from] psn\n|upkeep\n|\n|t:|1699966312\n|switch|p1a: \u6211\u662f\u653b\u6bd4|Dondozo, L50, M|100\/100\n|-activate|p1b: Tatsugiri|ability: Commander|[of] p1a: \u6211\u662f\u653b\u6bd4\n|-boost|p1a: \u6211\u662f\u653b\u6bd4|atk|2\n|-boost|p1a: \u6211\u662f\u653b\u6bd4|spa|2\n|-boost|p1a: \u6211\u662f\u653b\u6bd4|spe|2\n|-boost|p1a: \u6211\u662f\u653b\u6bd4|def|2\n|-boost|p1a: \u6211\u662f\u653b\u6bd4|spd|2\n|turn|4\n|\n|t:|1699966325\n|switch|p2b: Sinistcha|Sinistcha-Masterpiece, L50, shiny|100\/100\n|-heal|p2a: Flutter Mane|33\/100 psn|[from] ability: Hospitality|[of] p2b: Sinistcha\n|move|p2a: Flutter Mane|Shadow Ball|p1a: \u6211\u662f\u653b\u6bd4\n|-damage|p1a: \u6211\u662f\u653b\u6bd4|78\/100\n|move|p1a: \u6211\u662f\u653b\u6bd4|Wave Crash|p2b: Sinistcha\n|-resisted|p2b: Sinistcha\n|-damage|p2b: Sinistcha|53\/100\n|-damage|p1a: \u6211\u662f\u653b\u6bd4|66\/100|[from] Recoil\n|\n|-damage|p1b: Tatsugiri|51\/100 psn|[from] psn\n|-damage|p2a: Flutter Mane|21\/100 psn|[from] psn\n|upkeep\n|turn|5\n|\n|t:|1699966336\n|move|p2a: Flutter Mane|Shadow Ball|p1a: \u6211\u662f\u653b\u6bd4\n|-damage|p1a: \u6211\u662f\u653b\u6bd4|43\/100\n|move|p1a: \u6211\u662f\u653b\u6bd4|Wave Crash|p2a: Flutter Mane\n|-damage|p2a: Flutter Mane|0 fnt\n|faint|p2a: Flutter Mane\n|-end|p2a: Flutter Mane|Protosynthesis|[silent]\n|-damage|p1a: \u6211\u662f\u653b\u6bd4|39\/100|[from] Recoil\n|move|p2b: Sinistcha|Matcha Gotcha|p1b: Tatsugiri|[spread] p1a\n|-miss|p2b: Sinistcha|p1b: Tatsugiri\n|-supereffective|p1a: \u6211\u662f\u653b\u6bd4\n|-damage|p1a: \u6211\u662f\u653b\u6bd4|20\/100\n|-heal|p2b: Sinistcha|65\/100|[from] drain|[of] p1a: \u6211\u662f\u653b\u6bd4\n|\n|-damage|p1b: Tatsugiri|39\/100 psn|[from] psn\n|upkeep\n|\n|t:|1699966351\n|switch|p2a: Sneasler|Sneasler, L50, F, shiny|100\/100\n|turn|6\n|\n|t:|1699966355\n|move|p2a: Sneasler|Fake Out|p1a: \u6211\u662f\u653b\u6bd4\n|-damage|p1a: \u6211\u662f\u653b\u6bd4|15\/100\n|-damage|p2a: Sneasler|84\/100|[from] item: Rocky Helmet|[of] p1a: \u6211\u662f\u653b\u6bd4\n|-status|p1a: \u6211\u662f\u653b\u6bd4|psn|[from] ability: Poison Touch|[of] p2a: Sneasler\n|cant|p1a: \u6211\u662f\u653b\u6bd4|flinch\n|move|p2b: Sinistcha|Matcha Gotcha|p1b: Tatsugiri|[spread] p1a\n|-miss|p2b: Sinistcha|p1b: Tatsugiri\n|-supereffective|p1a: \u6211\u662f\u653b\u6bd4\n|-damage|p1a: \u6211\u662f\u653b\u6bd4|0 fnt\n|-heal|p2b: Sinistcha|75\/100|[from] drain|[of] p1a: \u6211\u662f\u653b\u6bd4\n|faint|p1a: \u6211\u662f\u653b\u6bd4\n|\n|-damage|p1b: Tatsugiri|27\/100 psn|[from] psn\n|upkeep\n|turn|7\n|\n|t:|1699966373\n|move|p2b: Sinistcha|Rage Powder|p2b: Sinistcha\n|-singleturn|p2b: Sinistcha|move: Rage Powder\n|move|p1b: Tatsugiri|Icy Wind|p2b: Sinistcha|[spread] p2a,p2b\n|-supereffective|p2b: Sinistcha\n|-damage|p2a: Sneasler|66\/100\n|-damage|p2b: Sinistcha|48\/100\n|-unboost|p2b: Sinistcha|spe|1\n|-enditem|p2b: Sinistcha|Sitrus Berry|[eat]\n|-heal|p2b: Sinistcha|72\/100|[from] item: Sitrus Berry\n|move|p2a: Sneasler|Dire Claw|p1b: Tatsugiri\n|-damage|p1b: Tatsugiri|0 fnt\n|faint|p1b: Tatsugiri\n|\n|win|Buff FlutterMane\n|raw|puddingss's rating: 1104 &rarr; <strong>1085<\/strong><br \/>(-19 for losing)\n|raw|Buff FlutterMane's rating: 1191 &rarr; <strong>1210<\/strong><br \/>(+19 for winning)\n","uploadtime":1699966521,"views":12,"p1id":"puddingss","p2id":"bufffluttermane","formatid":"gen9vgc2023regulatione","rating":1085,"private":0,"password":""}