{"id":"gen9vgc2023regulatione-1993846478","p1":"Sword of ?","p2":"McSpheal VGC","format":"[Gen 9] VGC 2023 Regulation E","log":"|j|\u2606Sword of ?\n|j|\u2606McSpheal VGC\n|t:|1700364628\n|gametype|doubles\n|player|p1|Sword of ?|acetrainer-gen6xy|1381\n|player|p2|McSpheal VGC|caitlin|1407\n|teamsize|p1|6\n|teamsize|p2|6\n|gen|9\n|tier|[Gen 9] VGC 2023 Regulation E\n|rated|\n|rule|Species Clause: Limit one of each Pok\u00e9mon\n|rule|Item Clause: Limit one of each item\n|clearpoke\n|poke|p1|Kingambit, L50, F|\n|poke|p1|Sinistcha, L50|\n|poke|p1|Flutter Mane, L50|\n|poke|p1|Landorus-Therian, L50, M|\n|poke|p1|Iron Hands, L50|\n|poke|p1|Volcarona, L50, F|\n|poke|p2|Chandelure, L50, M|\n|poke|p2|Milotic, L50, M|\n|poke|p2|Sinistcha-Masterpiece, L50|\n|poke|p2|Ogerpon-Wellspring, L50, F|\n|poke|p2|Flutter Mane, L50|\n|poke|p2|Iron Hands, L50|\n|teampreview|4\n|inactive|Battle timer is ON: inactive players will automatically lose when time's up. (requested by Sword of ?)\n|inactive|Sword of ? has 60 seconds left.\n|inactive|McSpheal VGC has 60 seconds left.\n|\n|t:|1700364686\n|start\n|switch|p1a: Kingambit|Kingambit, L50, F|100\/100\n|switch|p1b: Iron Hands|Iron Hands, L50|100\/100\n|switch|p2a: Iron Hands|Iron Hands, L50|100\/100\n|switch|p2b: Flutter Mane|Flutter Mane, L50|100\/100\n|turn|1\n|inactive|Sword of ? has 30 seconds left.\n|inactive|McSpheal VGC has 30 seconds left.\n|inactive|Sword of ? has 20 seconds left.\n|\n|t:|1700364723\n|-end|p2b: Flutter Mane|Protosynthesis|[silent]\n|switch|p2b: BamBOO|Sinistcha-Masterpiece, L50, shiny|100\/100\n|switch|p1a: Landorus|Landorus-Therian, L50, M|100\/100\n|-ability|p1a: Landorus|Intimidate|boost\n|-unboost|p2a: Iron Hands|atk|1\n|-unboost|p2b: BamBOO|atk|1\n|-terastallize|p1b: Iron Hands|Fire\n|move|p2a: Iron Hands|Drain Punch|p1a: Landorus\n|-resisted|p1a: Landorus\n|-damage|p1a: Landorus|86\/100\n|move|p1b: Iron Hands|Heavy Slam|p2b: BamBOO\n|-damage|p2b: BamBOO|57\/100\n|-damage|p1b: Iron Hands|84\/100|[from] item: Rocky Helmet|[of] p2b: BamBOO\n|\n|upkeep\n|turn|2\n|inactive|Sword of ? has 30 seconds left.\n|inactive|McSpheal VGC has 30 seconds left.\n|inactive|Sword of ? has 20 seconds left.\n|\n|t:|1700364760\n|-end|p2a: Iron Hands|Quark Drive|[silent]\n|switch|p2a: Ponyo|Ogerpon-Wellspring, L50, F|100\/100\n|move|p1a: Landorus|Stomping Tantrum|p2a: Ponyo\n|-resisted|p2a: Ponyo\n|-damage|p2a: Ponyo|79\/100\n|move|p2b: BamBOO|Strength Sap|p1b: Iron Hands\n|-unboost|p1b: Iron Hands|atk|1\n|-heal|p2b: BamBOO|100\/100\n|move|p1b: Iron Hands|Wild Charge|p2a: Ponyo\n|-damage|p2a: Ponyo|43\/100\n|-damage|p1b: Iron Hands|77\/100|[from] Recoil\n|\n|upkeep\n|turn|3\n|inactive|Sword of ? has 30 seconds left.\n|inactive|McSpheal VGC has 30 seconds left.\n|\n|t:|1700364789\n|switch|p1a: Flutter Mane|Flutter Mane, L50|100\/100\n|-end|p1b: Iron Hands|Quark Drive|[silent]\n|switch|p1b: Kingambit|Kingambit, L50, F|100\/100\n|move|p2a: Ponyo|Spiky Shield|p2a: Ponyo\n|-singleturn|p2a: Ponyo|move: Protect\n|move|p2b: BamBOO|Trick Room|p2b: BamBOO\n|-fieldstart|move: Trick Room|[of] p2b: BamBOO\n|\n|upkeep\n|turn|4\n|\n|t:|1700364811\n|-end|p1a: Flutter Mane|Protosynthesis|[silent]\n|switch|p1a: Landorus|Landorus-Therian, L50, M|86\/100\n|-ability|p1a: Landorus|Intimidate|boost\n|-unboost|p2a: Ponyo|atk|1\n|-unboost|p2b: BamBOO|atk|1\n|-terastallize|p2a: Ponyo|Water\n|detailschange|p2a: Ponyo|Ogerpon-Wellspring-Tera, L50, F, tera:Water\n|-ability|p2a: Ponyo|Embody Aspect (Wellspring)|boost\n|-boost|p2a: Ponyo|spd|1\n|move|p2b: BamBOO|Rage Powder|p2b: BamBOO\n|-singleturn|p2b: BamBOO|move: Rage Powder\n|move|p1b: Kingambit|Kowtow Cleave|p2b: BamBOO\n|-supereffective|p2b: BamBOO\n|-damage|p2b: BamBOO|0 fnt\n|-damage|p1b: Kingambit|84\/100|[from] item: Rocky Helmet|[of] p2b: BamBOO\n|faint|p2b: BamBOO\n|move|p2a: Ponyo|Ivy Cudgel|p1a: Landorus|[anim] Ivy Cudgel Water\n|-supereffective|p1a: Landorus\n|-crit|p1a: Landorus\n|-damage|p1a: Landorus|0 fnt\n|faint|p1a: Landorus\n|\n|upkeep\n|\n|t:|1700364832\n|switch|p2b: Iron Hands|Iron Hands, L50|100\/100\n|switch|p1a: Iron Hands|Iron Hands, L50, tera:Fire|77\/100\n|turn|5\n|inactive|Sword of ? has 30 seconds left.\n|\n|t:|1700364858\n|move|p2a: Ponyo|Spiky Shield|p2a: Ponyo\n|-singleturn|p2a: Ponyo|move: Protect\n|move|p1b: Kingambit|Kowtow Cleave|p2a: Ponyo\n|-activate|p2a: Ponyo|move: Protect\n|-damage|p1b: Kingambit|72\/100|[from] Spiky Shield|[of] p2a: Ponyo\n|move|p1a: Iron Hands|Drain Punch|p2b: Iron Hands\n|-damage|p2b: Iron Hands|69\/100\n|-heal|p1a: Iron Hands|92\/100|[from] drain|[of] p2b: Iron Hands\n|move|p2b: Iron Hands|Heavy Slam|p1b: Kingambit\n|-resisted|p1b: Kingambit\n|-damage|p1b: Kingambit|60\/100\n|\n|upkeep\n|turn|6\n|inactive|Sword of ? has 30 seconds left.\n|\n|t:|1700364884\n|switch|p1b: Flutter Mane|Flutter Mane, L50|100\/100\n|switch|p2a: Flutter Mane|Flutter Mane, L50|100\/100\n|move|p1a: Iron Hands|Wild Charge|p2a: Flutter Mane\n|-damage|p2a: Flutter Mane|21\/100\n|-damage|p1a: Iron Hands|78\/100|[from] Recoil\n|move|p2b: Iron Hands|Drain Punch|p1b: Flutter Mane\n|-immune|p1b: Flutter Mane\n|\n|upkeep\n|turn|7\n|inactive|Sword of ? has 30 seconds left.\n|\n|t:|1700364914\n|move|p1a: Iron Hands|Wild Charge|p2a: Flutter Mane\n|-damage|p2a: Flutter Mane|0 fnt\n|faint|p2a: Flutter Mane\n|-end|p2a: Flutter Mane|Protosynthesis|[silent]\n|-damage|p1a: Iron Hands|75\/100|[from] Recoil\n|move|p2b: Iron Hands|Drain Punch|p1b: Flutter Mane\n|-immune|p1b: Flutter Mane\n|move|p1b: Flutter Mane|Moonblast|p2b: Iron Hands\n|-supereffective|p2b: Iron Hands\n|-damage|p2b: Iron Hands|0 fnt\n|faint|p2b: Iron Hands\n|-end|p2b: Iron Hands|Quark Drive|[silent]\n|\n|-fieldend|move: Trick Room\n|upkeep\n|\n|t:|1700364917\n|switch|p2b: Ponyo|Ogerpon-Wellspring-Tera, L50, F, tera:Water|43\/100\n|-ability|p2b: Ponyo|Embody Aspect (Wellspring)|boost\n|-boost|p2b: Ponyo|spd|1\n|turn|8\n|\n|t:|1700364934\n|move|p2b: Ponyo|Spiky Shield|p2b: Ponyo\n|-singleturn|p2b: Ponyo|move: Protect\n|move|p1b: Flutter Mane|Moonblast|p2b: Ponyo\n|-activate|p2b: Ponyo|move: Protect\n|move|p1a: Iron Hands|Wild Charge|p2b: Ponyo\n|-activate|p2b: Ponyo|move: Protect\n|-damage|p1a: Iron Hands|63\/100|[from] Spiky Shield|[of] p2b: Ponyo\n|\n|upkeep\n|turn|9\n|\n|t:|1700364945\n|move|p1b: Flutter Mane|Moonblast|p2b: Ponyo\n|-damage|p2b: Ponyo|1\/100\n|move|p2b: Ponyo|Ivy Cudgel|p1a: Iron Hands|[anim] Ivy Cudgel Water\n|-supereffective|p1a: Iron Hands\n|-damage|p1a: Iron Hands|0 fnt\n|faint|p1a: Iron Hands\n|-end|p1a: Iron Hands|Quark Drive|[silent]\n|\n|upkeep\n|\n|t:|1700364954\n|switch|p1a: Kingambit|Kingambit, L50, F|60\/100\n|turn|10\n|\n|t:|1700364957\n|move|p2b: Ponyo|Spiky Shield|p2b: Ponyo\n|-singleturn|p2b: Ponyo|move: Protect\n|move|p1a: Kingambit|Sucker Punch||[still]\n|-fail|p1a: Kingambit\n|move|p1b: Flutter Mane|Moonblast|p2b: Ponyo\n|-activate|p2b: Ponyo|move: Protect\n|\n|upkeep\n|turn|11\n|\n|t:|1700364966\n|move|p2b: Ponyo|Spiky Shield||[still]\n|-fail|p2b: Ponyo\n|move|p1a: Kingambit|Sucker Punch||[still]\n|-fail|p1a: Kingambit\n|move|p1b: Flutter Mane|Moonblast|p2b: Ponyo\n|-damage|p2b: Ponyo|0 fnt\n|faint|p2b: Ponyo\n|\n|win|Sword of ?\n|raw|Sword of ?'s rating: 1381 &rarr; <strong>1402<\/strong><br \/>(+21 for winning)\n|raw|McSpheal VGC's rating: 1407 &rarr; <strong>1386<\/strong><br \/>(-21 for losing)\n|l|\u2606McSpheal VGC\n","uploadtime":1700364978,"views":27,"p1id":"swordof","p2id":"mcsphealvgc","formatid":"gen9vgc2023regulatione","rating":1386,"private":0,"password":""}