{"id":"gen9vgc2023regulatione-1993108431","p1":"Jop 32 in a row","p2":"Salted Johnson","format":"[Gen 9] VGC 2023 Regulation E","log":"|j|\u2606Jop 32 in a row\n|j|\u2606Salted Johnson\n|t:|1700265728\n|gametype|doubles\n|player|p1|Jop 32 in a row|lillie|1011\n|player|p2|Salted Johnson|palmer|1015\n|teamsize|p1|6\n|teamsize|p2|6\n|gen|9\n|tier|[Gen 9] VGC 2023 Regulation E\n|rated|\n|rule|Species Clause: Limit one of each Pok\u00e9mon\n|rule|Item Clause: Limit one of each item\n|clearpoke\n|poke|p1|Gholdengo, L50|\n|poke|p1|Iron Hands, L50|\n|poke|p1|Amoonguss, L50, M|\n|poke|p1|Iron Bundle, L50|\n|poke|p1|Pelipper, L50, M|\n|poke|p1|Salamence, L50, M|\n|poke|p2|Armarouge, L50, F|\n|poke|p2|Indeedee-F, L50, F|\n|poke|p2|Flamigo, L50, F|\n|poke|p2|Gliscor, L50, F|\n|poke|p2|Appletun, L50, M|\n|poke|p2|Cresselia, L50, F|\n|teampreview|4\n|inactive|Battle timer is ON: inactive players will automatically lose when time's up. (requested by Salted Johnson)\n|\n|t:|1700265790\n|start\n|switch|p1a: Iron Bundle|Iron Bundle, L50|100\/100\n|switch|p1b: Gholdengo|Gholdengo, L50|100\/100\n|switch|p2a: Armarouge|Armarouge, L50, F|100\/100\n|switch|p2b: Gliscor|Gliscor, L50, F|100\/100\n|-enditem|p1a: Iron Bundle|Booster Energy\n|-activate|p1a: Iron Bundle|ability: Quark Drive|[fromitem]\n|-start|p1a: Iron Bundle|quarkdrivespe\n|turn|1\n|\n|t:|1700265813\n|-terastallize|p1b: Gholdengo|Dragon\n|-terastallize|p2a: Armarouge|Grass\n|move|p2b: Gliscor|Protect|p2b: Gliscor\n|-singleturn|p2b: Gliscor|Protect\n|move|p1a: Iron Bundle|Icy Wind|p2b: Gliscor|[spread] p2a\n|-activate|p2b: Gliscor|move: Protect\n|-supereffective|p2a: Armarouge\n|-damage|p2a: Armarouge|62\/100\n|-unboost|p2a: Armarouge|spe|1\n|-enditem|p2a: Armarouge|Weakness Policy\n|-boost|p2a: Armarouge|atk|2|[from] item: Weakness Policy\n|-boost|p2a: Armarouge|spa|2|[from] item: Weakness Policy\n|move|p1b: Gholdengo|Nasty Plot|p1b: Gholdengo\n|-boost|p1b: Gholdengo|spa|2\n|move|p2a: Armarouge|Heat Wave|p1b: Gholdengo|[spread] p1a,p1b\n|-resisted|p1b: Gholdengo\n|-damage|p1a: Iron Bundle|0 fnt\n|-damage|p1b: Gholdengo|57\/100\n|faint|p1a: Iron Bundle\n|-end|p1a: Iron Bundle|Quark Drive|[silent]\n|\n|-heal|p1b: Gholdengo|63\/100|[from] item: Leftovers\n|-status|p2b: Gliscor|tox|[from] item: Toxic Orb\n|upkeep\n|inactive|Jop 32 in a row has 30 seconds left.\n|\n|t:|1700265841\n|switch|p1a: Pelipper|Pelipper, L50, M|100\/100\n|-weather|RainDance|[from] ability: Drizzle|[of] p1a: Pelipper\n|turn|2\n|inactive|Salted Johnson has 30 seconds left.\n|\n|t:|1700265869\n|switch|p2a: Indeedee|Indeedee-F, L50, F|100\/100\n|-fieldstart|move: Psychic Terrain|[from] ability: Psychic Surge|[of] p2a: Indeedee\n|move|p1a: Pelipper|Wide Guard|p1a: Pelipper\n|-singleturn|p1a: Pelipper|Wide Guard\n|move|p1b: Gholdengo|Shadow Ball|p2a: Indeedee\n|-immune|p2a: Indeedee\n|move|p2b: Gliscor|Knock Off|p1a: Pelipper\n|-damage|p1a: Pelipper|75\/100\n|-enditem|p1a: Pelipper|Focus Sash|[from] move: Knock Off|[of] p2b: Gliscor\n|\n|-weather|RainDance|[upkeep]\n|-heal|p1b: Gholdengo|69\/100|[from] item: Leftovers\n|upkeep\n|turn|3\n|\n|t:|1700265889\n|move|p1b: Gholdengo|Nasty Plot|p1b: Gholdengo\n|-boost|p1b: Gholdengo|spa|2\n|move|p1a: Pelipper|Weather Ball|p2b: Gliscor\n|-supereffective|p2b: Gliscor\n|-damage|p2b: Gliscor|0 fnt\n|faint|p2b: Gliscor\n|move|p2a: Indeedee|Light Screen|p2a: Indeedee\n|-sidestart|p2: Salted Johnson|move: Light Screen\n|\n|-weather|RainDance|[upkeep]\n|-heal|p1b: Gholdengo|75\/100|[from] item: Leftovers\n|upkeep\n|\n|t:|1700265899\n|switch|p2b: Appletun|Appletun, L50, M|100\/100\n|turn|4\n|\n|t:|1700265906\n|move|p2a: Indeedee|Follow Me|p2a: Indeedee\n|-singleturn|p2a: Indeedee|move: Follow Me\n|move|p1b: Gholdengo|Nasty Plot|p1b: Gholdengo\n|-boost|p1b: Gholdengo|spa|2\n|move|p1a: Pelipper|Hurricane|p2a: Indeedee\n|-damage|p2a: Indeedee|76\/100\n|move|p2b: Appletun|Leech Seed|p1b: Gholdengo\n|-immune|p1b: Gholdengo|[from] ability: Good as Gold\n|\n|-weather|RainDance|[upkeep]\n|-heal|p1b: Gholdengo|81\/100|[from] item: Leftovers\n|upkeep\n|turn|5\n|\n|t:|1700265918\n|move|p1b: Gholdengo|Make It Rain|p2b: Appletun|[spread] p2a,p2b\n|-damage|p2a: Indeedee|0 fnt\n|-damage|p2b: Appletun|19\/100\n|-unboost|p1b: Gholdengo|spa|1\n|-activate|p2b: Appletun|ability: Ripen\n|-enditem|p2b: Appletun|Aguav Berry|[eat]\n|-heal|p2b: Appletun|86\/100|[from] item: Aguav Berry\n|faint|p2a: Indeedee\n|move|p1a: Pelipper|Hurricane|p2b: Appletun\n|-supereffective|p2b: Appletun\n|-damage|p2b: Appletun|48\/100\n|move|p2b: Appletun|Leech Seed|p1a: Pelipper|[miss]\n|-miss|p2b: Appletun|p1a: Pelipper\n|\n|-weather|RainDance|[upkeep]\n|-heal|p1b: Gholdengo|87\/100|[from] item: Leftovers\n|upkeep\n|\n|t:|1700265921\n|switch|p2a: Armarouge|Armarouge, L50, F, tera:Grass|62\/100\n|turn|6\n|-message|Salted Johnson forfeited.\n|\n|win|Jop 32 in a row\n|raw|Jop 32 in a row's rating: 1011 &rarr; <strong>1050<\/strong><br \/>(+39 for winning)\n|raw|Salted Johnson's rating: 1015 &rarr; <strong>1003<\/strong><br \/>(-12 for losing)\n|l|\u2606Salted Johnson\n","uploadtime":1700265948,"views":10,"p1id":"jop32inarow","p2id":"saltedjohnson","formatid":"gen9vgc2023regulatione","rating":1003,"private":0,"password":""}