{"id":"gen9vgc2023regulatione-1993060261","p1":"BunnyWarrior","p2":"MrDrProfEssional","format":"[Gen 9] VGC 2023 Regulation E","log":"|j|\u2606BunnyWarrior\n|j|\u2606MrDrProfEssional\n|n|\u2606BunnyWarrior|bunnywarrior\n|n|\u2606MrDrProfEssional|mrdrprofessional\n|html|View the match progress at <a href=\"\/game-bestof3-gen9vgc2023regulatione-1993060260\">game-bestof3-gen9vgc2023regulatione-1993060260<\/a>\n|t:|1700260300\n|gametype|doubles\n|player|p1|BunnyWarrior|skyla|\n|player|p2|MrDrProfEssional|266|\n|teamsize|p1|6\n|teamsize|p2|6\n|gen|9\n|tier|[Gen 9] VGC 2023 Regulation E\n|rule|Species Clause: Limit one of each Pok\u00e9mon\n|rule|Item Clause: Limit one of each item\n|clearpoke\n|poke|p1|Tyranitar, L50, F|\n|poke|p1|Kommo-o, L50, M|\n|poke|p1|Clefable, L50, F|\n|poke|p1|Rotom-Wash, L50|\n|poke|p1|Tauros-Paldea-Blaze, L50, M|\n|poke|p1|Bisharp, L50, F|\n|poke|p2|Urshifu-*, L50, M|\n|poke|p2|Pelipper, L50, M|\n|poke|p2|Poliwrath, L50, M|\n|poke|p2|Sinistcha-Masterpiece, L50|\n|poke|p2|Avalugg, L50, M|\n|poke|p2|Yanmega, L50, M|\n|teampreview|4\nBunnyWarrior rejected open team sheets.\n|c|\u2606MrDrProfEssional|https:\/\/pokepast.es\/62939f508c6b2f75\n|c|\u2606BunnyWarrior|https:\/\/pokepast.es\/66971843784d5f8b\n|\n|t:|1700260459\n|start\n|switch|p1a: bad|Tyranitar, L50, F|100\/100\n|switch|p1b: bad2|Clefable, L50, F|100\/100\n|switch|p2a: Urshifu|Urshifu-Rapid-Strike, L50, M|100\/100\n|switch|p2b: Yanmega|Yanmega, L50, M, shiny|100\/100\n|-weather|Sandstorm|[from] ability: Sand Stream|[of] p1a: bad\n|turn|1\n|\n|t:|1700260543\n|switch|p2b: Pelipper|Pelipper, L50, M|100\/100\n|-weather|RainDance|[from] ability: Drizzle|[of] p2b: Pelipper\n|-terastallize|p2a: Urshifu|Poison\n|move|p1b: bad2|Follow Me|p1b: bad2\n|-singleturn|p1b: bad2|move: Follow Me\n|move|p2a: Urshifu|Surging Strikes|p1b: bad2\n|-crit|p1b: bad2\n|-damage|p1b: bad2|73\/100\n|-damage|p2a: Urshifu|84\/100|[from] item: Rocky Helmet|[of] p1b: bad2\n|-crit|p1b: bad2\n|-damage|p1b: bad2|46\/100\n|-damage|p2a: Urshifu|67\/100|[from] item: Rocky Helmet|[of] p1b: bad2\n|-crit|p1b: bad2\n|-damage|p1b: bad2|17\/100\n|-damage|p2a: Urshifu|51\/100|[from] item: Rocky Helmet|[of] p1b: bad2\n|-hitcount|p1b: bad2|3\n|move|p1a: bad|Rock Slide|p2a: Urshifu|[spread] p2a,p2b\n|-supereffective|p2b: Pelipper\n|-damage|p2a: Urshifu|19\/100\n|-damage|p2b: Pelipper|25\/100\n|-enditem|p2b: Pelipper|Iapapa Berry|[eat]\n|-heal|p2b: Pelipper|58\/100|[from] item: Iapapa Berry\n|\n|-weather|RainDance|[upkeep]\n|upkeep\n|turn|2\n|\n|t:|1700260629\n|switch|p2a: Sinistcha|Sinistcha-Masterpiece, L50|100\/100\n|-heal|p2b: Pelipper|83\/100|[from] ability: Hospitality|[of] p2a: Sinistcha\n|-terastallize|p1a: bad|Flying\n|move|p1b: bad2|Follow Me|p1b: bad2\n|-singleturn|p1b: bad2|move: Follow Me\n|move|p1a: bad|Rock Slide|p2a: Sinistcha|[spread] p2a,p2b\n|-supereffective|p2b: Pelipper\n|-damage|p2a: Sinistcha|77\/100\n|-damage|p2b: Pelipper|13\/100\n|move|p2b: Pelipper|Hurricane|p1b: bad2\n|-damage|p1b: bad2|0 fnt\n|faint|p1b: bad2\n|\n|-weather|RainDance|[upkeep]\n|upkeep\n|\n|t:|1700260646\n|switch|p1b: bad4|Tauros-Paldea-Blaze, L50, M|100\/100\n|-ability|p1b: bad4|Intimidate|boost\n|-unboost|p2a: Sinistcha|atk|1\n|-unboost|p2b: Pelipper|atk|1\n|turn|3\n|\n|t:|1700260708\n|move|p1b: bad4|Protect|p1b: bad4\n|-singleturn|p1b: bad4|Protect\n|move|p1a: bad|Tera Blast|p2a: Sinistcha|[anim] Tera Blast Flying\n|-supereffective|p2a: Sinistcha\n|-damage|p2a: Sinistcha|12\/100\n|-enditem|p2a: Sinistcha|Mago Berry|[eat]\n|-heal|p2a: Sinistcha|45\/100|[from] item: Mago Berry\n|move|p2b: Pelipper|Tailwind|p2b: Pelipper\n|-sidestart|p2: MrDrProfEssional|move: Tailwind\n|move|p2a: Sinistcha|Strength Sap|p1a: bad\n|-unboost|p1a: bad|atk|1\n|-heal|p2a: Sinistcha|100\/100\n|\n|-weather|RainDance|[upkeep]\n|upkeep\n|turn|4\n|\n|t:|1700260756\n|switch|p2a: Yanmega|Yanmega, L50, M, shiny|100\/100\n|switch|p1b: bad3|Rotom-Wash, L50|100\/100\n|move|p2b: Pelipper|Hurricane|p1a: bad\n|-damage|p1a: bad|70\/100\n|-start|p1a: bad|confusion\n|-activate|p1a: bad|confusion\n|move|p1a: bad|Rock Slide|p2a: Yanmega|[spread] p2a\n|-miss|p1a: bad|p2b: Pelipper\n|-supereffective|p2a: Yanmega\n|-damage|p2a: Yanmega|0 fnt\n|faint|p2a: Yanmega\n|\n|-weather|RainDance|[upkeep]\n|upkeep\n|\n|t:|1700260776\n|switch|p2a: Urshifu|Urshifu-Rapid-Strike, L50, M, tera:Poison|19\/100\n|turn|5\n|\n|t:|1700260844\n|switch|p2b: Sinistcha|Sinistcha-Masterpiece, L50|100\/100\n|-heal|p2a: Urshifu|43\/100|[from] ability: Hospitality|[of] p2b: Sinistcha\n|move|p2a: Urshifu|Close Combat|p1b: bad3\n|-damage|p1b: bad3|16\/100\n|-unboost|p2a: Urshifu|def|1\n|-unboost|p2a: Urshifu|spd|1\n|move|p1b: bad3|Volt Switch|p2a: Urshifu\n|-damage|p2a: Urshifu|0 fnt\n|faint|p2a: Urshifu\n|\n|t:|1700260857\n|switch|p1b: bad4|Tauros-Paldea-Blaze, L50, M|100\/100|[from] Volt Switch\n|-ability|p1b: bad4|Intimidate|boost\n|-unboost|p2b: Sinistcha|atk|1\n|-activate|p1a: bad|confusion\n|move|p1a: bad|Rock Slide|p2b: Sinistcha\n|-damage|p2b: Sinistcha|77\/100\n|\n|-weather|none\n|upkeep\n|\n|t:|1700260865\n|switch|p2a: Pelipper|Pelipper, L50, M|13\/100\n|-weather|RainDance|[from] ability: Drizzle|[of] p2a: Pelipper\n|turn|6\n|\n|t:|1700260893\n|switch|p1a: bad3|Rotom-Wash, L50|16\/100\n|move|p1b: bad4|Protect|p1b: bad4\n|-singleturn|p1b: bad4|Protect\n|move|p2a: Pelipper|Icy Wind|p1a: bad3|[spread] p1a\n|-activate|p1b: bad4|move: Protect\n|-resisted|p1a: bad3\n|-damage|p1a: bad3|9\/100\n|-unboost|p1a: bad3|spe|1\n|move|p2b: Sinistcha|Matcha Gotcha|p1a: bad3|[spread] p1a\n|-activate|p1b: bad4|move: Protect\n|-supereffective|p1a: bad3\n|-damage|p1a: bad3|0 fnt\n|-heal|p2b: Sinistcha|80\/100|[from] drain|[of] p1a: bad3\n|faint|p1a: bad3\n|\n|-weather|RainDance|[upkeep]\n|-sideend|p2: MrDrProfEssional|move: Tailwind\n|upkeep\n|\n|t:|1700260913\n|switch|p1a: bad|Tyranitar, L50, F, tera:Flying|70\/100\n|-weather|Sandstorm|[from] ability: Sand Stream|[of] p1a: bad\n|turn|7\n|\n|t:|1700260946\n|move|p1b: bad4|Raging Bull|p2b: Sinistcha\n|-supereffective|p2b: Sinistcha\n|-damage|p2b: Sinistcha|23\/100\n|move|p1a: bad|Tera Blast|p2b: Sinistcha|[anim] Tera Blast Flying\n|-supereffective|p2b: Sinistcha\n|-damage|p2b: Sinistcha|0 fnt\n|faint|p2b: Sinistcha\n|move|p2a: Pelipper|Icy Wind|p1a: bad|[spread] p1a,p1b\n|-supereffective|p1a: bad\n|-resisted|p1b: bad4\n|-damage|p1a: bad|55\/100\n|-damage|p1b: bad4|94\/100\n|-unboost|p1a: bad|spe|1\n|-unboost|p1b: bad4|spe|1\n|\n|-weather|Sandstorm|[upkeep]\n|-damage|p2a: Pelipper|7\/100|[from] Sandstorm\n|-damage|p1b: bad4|88\/100|[from] Sandstorm\n|-damage|p1a: bad|49\/100|[from] Sandstorm\n|upkeep\n|turn|8\n|\n|t:|1700260964\n|move|p2a: Pelipper|Hurricane|p1b: bad4\n|-supereffective|p1b: bad4\n|-damage|p1b: bad4|0 fnt\n|faint|p1b: bad4\n|move|p1a: bad|Tera Blast|p2a: Pelipper|[anim] Tera Blast Flying\n|-crit|p2a: Pelipper\n|-damage|p2a: Pelipper|0 fnt\n|faint|p2a: Pelipper\n|\n|win|BunnyWarrior\n|inactive|BunnyWarrior has 50 seconds to confirm battle start!\n|inactive|MrDrProfEssional has 50 seconds to confirm battle start!\n|c|&|\/uhtml prompt-mrdrprofessional,MrDrProfEssional is ready for game 2!\n|c|&|\/uhtml prompt-bunnywarrior,BunnyWarrior is ready for game 2!\nBoth players are ready! Starting next match!\n|l|\u2606MrDrProfEssional\n","uploadtime":1700261450,"views":24,"p1id":"bunnywarrior","p2id":"mrdrprofessional","formatid":"gen9vgc2023regulatione","rating":0,"private":0,"password":""}