{"id":"gen9vgc2023regulatione-1990194796","p1":"Kzrkrzov","p2":"TheFreshPrints","format":"[Gen 9] VGC 2023 Regulation E","log":"|j|\u2606Kzrkrzov\n|j|\u2606TheFreshPrints\n|t:|1699935624\n|gametype|doubles\n|player|p1|Kzrkrzov|lance|1239\n|player|p2|TheFreshPrints|266|1320\n|teamsize|p1|6\n|teamsize|p2|6\n|gen|9\n|tier|[Gen 9] VGC 2023 Regulation E\n|rated|\n|rule|Species Clause: Limit one of each Pok\u00e9mon\n|rule|Item Clause: Limit one of each item\n|clearpoke\n|poke|p1|Flutter Mane, L50|\n|poke|p1|Tornadus, L50, M|\n|poke|p1|Rillaboom, L50, M|\n|poke|p1|Garganacl, L50, M|\n|poke|p1|Arcanine-Hisui, L50, M|\n|poke|p1|Chien-Pao, L50|\n|poke|p2|Typhlosion-Hisui, L50, M|\n|poke|p2|Sylveon, L50, M|\n|poke|p2|Sableye, L50, M|\n|poke|p2|Landorus-Therian, L50, M|\n|poke|p2|Basculegion, L50, M|\n|poke|p2|Iron Hands, L50|\n|teampreview|4\n|inactive|Battle timer is ON: inactive players will automatically lose when time's up. (requested by TheFreshPrints)\n|\n|t:|1699935645\n|start\n|switch|p1a: Tornadus|Tornadus, L50, M|100\/100\n|switch|p1b: Garganacl|Garganacl, L50, M|100\/100\n|switch|p2a: Sableye|Sableye, L50, M|100\/100\n|switch|p2b: Sylveon|Sylveon, L50, M|100\/100\n|turn|1\n|\n|t:|1699935662\n|-terastallize|p2b: Sylveon|Fairy\n|-terastallize|p1b: Garganacl|Ghost\n|move|p2a: Sableye|Will-O-Wisp|p1b: Garganacl\n|-immune|p1b: Garganacl|[from] ability: Purifying Salt\n|move|p1a: Tornadus|Bleakwind Storm|p2b: Sylveon|[spread] p2a,p2b\n|-damage|p2a: Sableye|59\/100\n|-damage|p2b: Sylveon|78\/100\n|-unboost|p2a: Sableye|spe|1\n|move|p2b: Sylveon|Hyper Voice|p1a: Tornadus|[spread] p1a,p1b\n|-damage|p1a: Tornadus|55\/100\n|-damage|p1b: Garganacl|66\/100\n|-enditem|p2b: Sylveon|Throat Spray\n|-boost|p2b: Sylveon|spa|1|[from] item: Throat Spray\n|move|p1b: Garganacl|Salt Cure|p2b: Sylveon\n|-crit|p2b: Sylveon\n|-damage|p2b: Sylveon|52\/100\n|-start|p2b: Sylveon|Salt Cure\n|\n|-damage|p2b: Sylveon|40\/100|[from] Salt Cure\n|upkeep\n|turn|2\n|\n|t:|1699935685\n|move|p1b: Garganacl|Protect|p1b: Garganacl\n|-singleturn|p1b: Garganacl|Protect\n|move|p1a: Tornadus|Tailwind|p1a: Tornadus\n|-sidestart|p1: Kzrkrzov|move: Tailwind\n|move|p2a: Sableye|Disable|p1b: Garganacl\n|-activate|p1b: Garganacl|move: Protect\n|move|p2b: Sylveon|Hyper Voice|p1b: Garganacl|[spread] p1a\n|-activate|p1b: Garganacl|move: Protect\n|-damage|p1a: Tornadus|0 fnt\n|faint|p1a: Tornadus\n|\n|-damage|p2b: Sylveon|28\/100|[from] Salt Cure\n|upkeep\n|\n|t:|1699935697\n|switch|p1a: Arcanine|Arcanine-Hisui, L50, M|100\/100\n|-ability|p1a: Arcanine|Intimidate|boost\n|-unboost|p2a: Sableye|atk|1\n|-unboost|p2b: Sylveon|atk|1\n|turn|3\n|\n|t:|1699935707\n|move|p2b: Sylveon|Quick Attack|p1a: Arcanine\n|-resisted|p1a: Arcanine\n|-damage|p1a: Arcanine|93\/100\n|move|p2a: Sableye|Encore|p2b: Sylveon\n|-start|p2b: Sylveon|Encore\n|move|p1a: Arcanine|Rock Slide|p2a: Sableye|[spread] p2a\n|-miss|p1a: Arcanine|p2b: Sylveon\n|-damage|p2a: Sableye|7\/100\n|-enditem|p2a: Sableye|Aguav Berry|[eat]\n|-heal|p2a: Sableye|40\/100|[from] item: Aguav Berry\n|move|p1b: Garganacl|Iron Defense|p1b: Garganacl\n|-boost|p1b: Garganacl|def|2\n|\n|-damage|p2b: Sylveon|16\/100|[from] Salt Cure\n|upkeep\n|turn|4\n|\n|t:|1699935723\n|switch|p2b: Iron Hands|Iron Hands, L50|100\/100\n|-enditem|p2b: Iron Hands|Booster Energy\n|-activate|p2b: Iron Hands|ability: Quark Drive|[fromitem]\n|-start|p2b: Iron Hands|quarkdriveatk\n|move|p1b: Garganacl|Protect|p1b: Garganacl\n|-singleturn|p1b: Garganacl|Protect\n|move|p2a: Sableye|Encore|p1b: Garganacl\n|-activate|p1b: Garganacl|move: Protect\n|move|p1a: Arcanine|Rock Slide|p2a: Sableye|[spread] p2a,p2b\n|-resisted|p2b: Iron Hands\n|-damage|p2a: Sableye|0 fnt\n|-damage|p2b: Iron Hands|87\/100\n|faint|p2a: Sableye\n|\n|upkeep\n|\n|t:|1699935733\n|switch|p2a: Sylveon|Sylveon, L50, M, tera:Fairy|16\/100\n|turn|5\n|\n|t:|1699935755\n|move|p2a: Sylveon|Protect|p2a: Sylveon\n|-singleturn|p2a: Sylveon|Protect\n|move|p1a: Arcanine|Rock Slide|p2a: Sylveon|[spread] p2b\n|-activate|p2a: Sylveon|move: Protect\n|-resisted|p2b: Iron Hands\n|-damage|p2b: Iron Hands|74\/100\n|move|p1b: Garganacl|Salt Cure|p2a: Sylveon\n|-activate|p2a: Sylveon|move: Protect\n|move|p2b: Iron Hands|Drain Punch|p1a: Arcanine\n|-supereffective|p1a: Arcanine\n|-damage|p1a: Arcanine|0 fnt\n|-heal|p2b: Iron Hands|100\/100|[from] drain|[of] p1a: Arcanine\n|faint|p1a: Arcanine\n|\n|-sideend|p1: Kzrkrzov|move: Tailwind\n|upkeep\n|\n|t:|1699935757\n|switch|p1a: Rillaboom|Rillaboom, L50, M|100\/100\n|-fieldstart|move: Grassy Terrain|[from] ability: Grassy Surge|[of] p1a: Rillaboom\n|turn|6\n|\n|t:|1699935778\n|move|p1a: Rillaboom|Fake Out|p2b: Iron Hands\n|-damage|p2b: Iron Hands|90\/100\n|move|p2a: Sylveon|Yawn|p1a: Rillaboom\n|-start|p1a: Rillaboom|move: Yawn|[of] p2a: Sylveon\n|cant|p2b: Iron Hands|flinch\n|move|p1b: Garganacl|Salt Cure|p2a: Sylveon\n|-damage|p2a: Sylveon|0 fnt\n|faint|p2a: Sylveon\n|\n|-heal|p2b: Iron Hands|96\/100|[from] Grassy Terrain\n|-heal|p1b: Garganacl|72\/100|[from] Grassy Terrain\n|upkeep\n|\n|t:|1699935787\n|switch|p2a: Basculegion|Basculegion, L50, M|100\/100\n|turn|7\n|\n|t:|1699935800\n|move|p1a: Rillaboom|Grassy Glide|p2a: Basculegion\n|-supereffective|p2a: Basculegion\n|-damage|p2a: Basculegion|8\/100\n|move|p2a: Basculegion|Last Respects|p1b: Garganacl\n|-supereffective|p1b: Garganacl\n|-damage|p1b: Garganacl|35\/100\n|-enditem|p1b: Garganacl|Sitrus Berry|[eat]\n|-heal|p1b: Garganacl|59\/100|[from] item: Sitrus Berry\n|move|p2b: Iron Hands|Swords Dance|p2b: Iron Hands\n|-boost|p2b: Iron Hands|atk|2\n|move|p1b: Garganacl|Iron Defense|p1b: Garganacl\n|-boost|p1b: Garganacl|def|2\n|\n|-heal|p2a: Basculegion|14\/100|[from] Grassy Terrain\n|-heal|p2b: Iron Hands|100\/100|[from] Grassy Terrain\n|-heal|p1b: Garganacl|65\/100|[from] Grassy Terrain\n|-end|p1a: Rillaboom|move: Yawn|[silent]\n|-status|p1a: Rillaboom|slp\n|upkeep\n|turn|8\n|inactive|TheFreshPrints has 30 seconds left.\n|\n|t:|1699935831\n|move|p1b: Garganacl|Protect|p1b: Garganacl\n|-singleturn|p1b: Garganacl|Protect\n|cant|p1a: Rillaboom|slp\n|move|p2a: Basculegion|Last Respects|p1b: Garganacl\n|-activate|p1b: Garganacl|move: Protect\n|move|p2b: Iron Hands|Thunder Punch|p1a: Rillaboom\n|-resisted|p1a: Rillaboom\n|-damage|p1a: Rillaboom|48\/100 slp\n|\n|-heal|p2a: Basculegion|20\/100|[from] Grassy Terrain\n|-heal|p1a: Rillaboom|54\/100 slp|[from] Grassy Terrain\n|-heal|p1b: Garganacl|71\/100|[from] Grassy Terrain\n|upkeep\n|turn|9\n|\n|t:|1699935839\n|-curestatus|p1a: Rillaboom|slp|[msg]\n|move|p1a: Rillaboom|Grassy Glide|p2a: Basculegion\n|-supereffective|p2a: Basculegion\n|-damage|p2a: Basculegion|0 fnt\n|faint|p2a: Basculegion\n|move|p2b: Iron Hands|Thunder Punch|p1a: Rillaboom\n|-resisted|p1a: Rillaboom\n|-crit|p1a: Rillaboom\n|-damage|p1a: Rillaboom|0 fnt\n|faint|p1a: Rillaboom\n|move|p1b: Garganacl|Recover|p1b: Garganacl\n|-heal|p1b: Garganacl|100\/100\n|\n|upkeep\n|turn|10\n|\n|t:|1699935847\n|move|p2b: Iron Hands|Swords Dance|p2b: Iron Hands\n|-boost|p2b: Iron Hands|atk|2\n|move|p1b: Garganacl|Salt Cure|p2b: Iron Hands\n|-resisted|p2b: Iron Hands\n|-damage|p2b: Iron Hands|96\/100\n|-start|p2b: Iron Hands|Salt Cure\n|\n|-heal|p2b: Iron Hands|100\/100|[from] Grassy Terrain\n|-damage|p2b: Iron Hands|88\/100|[from] Salt Cure\n|-fieldend|move: Grassy Terrain\n|upkeep\n|turn|11\n|\n|t:|1699935850\n|move|p2b: Iron Hands|Swords Dance|p2b: Iron Hands\n|-boost|p2b: Iron Hands|atk|2\n|move|p1b: Garganacl|Iron Defense|p1b: Garganacl\n|-boost|p1b: Garganacl|def|2\n|\n|-damage|p2b: Iron Hands|76\/100|[from] Salt Cure\n|upkeep\n|turn|12\n|\n|t:|1699935854\n|move|p1b: Garganacl|Protect|p1b: Garganacl\n|-singleturn|p1b: Garganacl|Protect\n|move|p2b: Iron Hands|Thunder Punch|p1b: Garganacl\n|-activate|p1b: Garganacl|move: Protect\n|\n|-damage|p2b: Iron Hands|64\/100|[from] Salt Cure\n|upkeep\n|turn|13\n|\n|t:|1699935860\n|move|p2b: Iron Hands|Thunder Punch|p1b: Garganacl\n|-damage|p1b: Garganacl|60\/100\n|move|p1b: Garganacl|Recover|p1b: Garganacl\n|-heal|p1b: Garganacl|100\/100\n|\n|-damage|p2b: Iron Hands|52\/100|[from] Salt Cure\n|upkeep\n|turn|14\n|\n|t:|1699935865\n|move|p2b: Iron Hands|Thunder Punch|p1b: Garganacl\n|-damage|p1b: Garganacl|58\/100\n|move|p1b: Garganacl|Salt Cure|p2b: Iron Hands\n|-resisted|p2b: Iron Hands\n|-damage|p2b: Iron Hands|47\/100\n|\n|-damage|p2b: Iron Hands|35\/100|[from] Salt Cure\n|upkeep\n|turn|15\n|\n|t:|1699935869\n|move|p1b: Garganacl|Protect|p1b: Garganacl\n|-singleturn|p1b: Garganacl|Protect\n|move|p2b: Iron Hands|Thunder Punch|p1b: Garganacl\n|-activate|p1b: Garganacl|move: Protect\n|\n|-damage|p2b: Iron Hands|23\/100|[from] Salt Cure\n|upkeep\n|turn|16\n|\n|t:|1699935872\n|move|p2b: Iron Hands|Thunder Punch|p1b: Garganacl\n|-damage|p1b: Garganacl|15\/100\n|move|p1b: Garganacl|Recover|p1b: Garganacl\n|-heal|p1b: Garganacl|65\/100\n|\n|-damage|p2b: Iron Hands|11\/100|[from] Salt Cure\n|upkeep\n|turn|17\n|\n|t:|1699935876\n|move|p1b: Garganacl|Protect|p1b: Garganacl\n|-singleturn|p1b: Garganacl|Protect\n|move|p2b: Iron Hands|Thunder Punch|p1b: Garganacl\n|-activate|p1b: Garganacl|move: Protect\n|\n|-damage|p2b: Iron Hands|0 fnt|[from] Salt Cure\n|faint|p2b: Iron Hands\n|-end|p2b: Iron Hands|Quark Drive|[silent]\n|\n|win|Kzrkrzov\n|upkeep\n|raw|Kzrkrzov's rating: 1239 &rarr; <strong>1270<\/strong><br \/>(+31 for winning)\n|raw|TheFreshPrints's rating: 1320 &rarr; <strong>1295<\/strong><br \/>(-25 for losing)\n","uploadtime":1699935880,"views":7,"p1id":"kzrkrzov","p2id":"thefreshprints","formatid":"gen9vgc2023regulatione","rating":1270,"private":0,"password":""}