{"id":"gen9vgc2023regulatione-1998804528","p1":"Kaizer45","p2":"Jippt351","format":"[Gen 9] VGC 2023 Regulation E","log":"|j|\u2606Kaizer45\n|j|\u2606Jippt351\n|t:|1700994420\n|gametype|doubles\n|player|p1|Kaizer45|gambler|1098\n|player|p2|Jippt351|102|1193\n|teamsize|p1|6\n|teamsize|p2|6\n|gen|9\n|tier|[Gen 9] VGC 2023 Regulation E\n|rated|\n|rule|Species Clause: Limit one of each Pok\u00e9mon\n|rule|Item Clause: Limit one of each item\n|clearpoke\n|poke|p1|Meowscarada, L50, F|\n|poke|p1|Gyarados, L50, F|\n|poke|p1|Cinderace, L50, F|\n|poke|p1|Kleavor, L50, F|\n|poke|p1|Fezandipiti, L50, M|\n|poke|p1|Gallade, L50, M|\n|poke|p2|Armarouge, L50, M|\n|poke|p2|Indeedee-F, L50, F|\n|poke|p2|Torkoal, L50, F|\n|poke|p2|Weezing-Galar, L50, M|\n|poke|p2|Flutter Mane, L50|\n|poke|p2|Gallade, L50, M|\n|teampreview|4\n|inactive|Battle timer is ON: inactive players will automatically lose when time's up. (requested by Jippt351)\n|inactive|Kaizer45 has 60 seconds left.\n|l|\u2606Jippt351\n|inactive|Jippt351 disconnected and has a minute to reconnect!\n|player|p2|\n|\n|t:|1700994473\n|start\n|switch|p1a: Meowscarada|Meowscarada, L50, F|100\/100\n|switch|p1b: Gyarados|Gyarados, L50, F|100\/100\n|switch|p2a: Armarouge|Armarouge, L50, M|100\/100\n|switch|p2b: Indeedee|Indeedee-F, L50, F|100\/100\n|-fieldstart|move: Psychic Terrain|[from] ability: Psychic Surge|[of] p2b: Indeedee\n|-ability|p1b: Gyarados|Intimidate|boost\n|-unboost|p2a: Armarouge|atk|1\n|-unboost|p2b: Indeedee|atk|1\n|turn|1\n|j|\u2606Jippt351\n|inactive|Jippt351 reconnected and has 50 seconds left.\n|player|p2|Jippt351|102\n|\n|t:|1700994489\n|move|p2b: Indeedee|Follow Me|p2b: Indeedee\n|-singleturn|p2b: Indeedee|move: Follow Me\n|move|p1a: Meowscarada|Lash Out|p2b: Indeedee\n|-start|p1a: Meowscarada|typechange|Dark|[from] ability: Protean\n|-supereffective|p2b: Indeedee\n|-damage|p2b: Indeedee|0 fnt\n|faint|p2b: Indeedee\n|move|p1b: Gyarados|Taunt|p2a: Armarouge\n|-start|p2a: Armarouge|move: Taunt\n|cant|p2a: Armarouge|move: Taunt|Trick Room\n|\n|upkeep\n|\n|t:|1700994498\n|switch|p2b: Torkoal|Torkoal, L50, F|100\/100\n|-weather|SunnyDay|[from] ability: Drought|[of] p2b: Torkoal\n|turn|2\n|\n|t:|1700994516\n|-terastallize|p2b: Torkoal|Fire\n|move|p1a: Meowscarada|Lash Out|p2a: Armarouge\n|-supereffective|p2a: Armarouge\n|-damage|p2a: Armarouge|5\/100\n|move|p1b: Gyarados|Thunder Wave|p2b: Torkoal\n|-status|p2b: Torkoal|par\n|move|p2a: Armarouge|Expanding Force|p1b: Gyarados|[spread] p1b\n|-immune|p1a: Meowscarada\n|-damage|p1b: Gyarados|39\/100\n|-enditem|p1b: Gyarados|Sitrus Berry|[eat]\n|-heal|p1b: Gyarados|63\/100|[from] item: Sitrus Berry\n|-damage|p2a: Armarouge|0 fnt|[from] item: Life Orb\n|faint|p2a: Armarouge\n|move|p2b: Torkoal|Eruption|p1a: Meowscarada|[spread] p1a,p1b\n|-resisted|p1b: Gyarados\n|-damage|p1a: Meowscarada|0 fnt\n|-damage|p1b: Gyarados|21\/100\n|faint|p1a: Meowscarada\n|\n|-weather|SunnyDay|[upkeep]\n|upkeep\n|inactive|Kaizer45 has 30 seconds left.\n|inactive|Kaizer45 has 20 seconds left.\n|\n|t:|1700994551\n|switch|p1a: Kleavor|Kleavor, L50, F|100\/100\n|switch|p2a: Flutter Mane|Flutter Mane, L50|100\/100\n|-activate|p2a: Flutter Mane|ability: Protosynthesis\n|-start|p2a: Flutter Mane|protosynthesisspa\n|turn|3\n|\n|t:|1700994573\n|-terastallize|p1a: Kleavor|Fire\n|move|p2b: Torkoal|Protect|p2b: Torkoal\n|-singleturn|p2b: Torkoal|Protect\n|move|p1a: Kleavor|Stone Axe|p2b: Torkoal\n|-activate|p2b: Torkoal|move: Protect\n|move|p1b: Gyarados|Thunder Wave|p2a: Flutter Mane\n|-status|p2a: Flutter Mane|par\n|move|p2a: Flutter Mane|Trick Room|p2a: Flutter Mane\n|-fieldstart|move: Trick Room|[of] p2a: Flutter Mane\n|\n|-weather|SunnyDay|[upkeep]\n|upkeep\n|turn|4\n|l|\u2606Jippt351\n|inactive|Jippt351 disconnected and has a minute to reconnect!\n|player|p2|\n|inactive|Kaizer45 has 30 seconds left.\n|inactive|Jippt351 has 30 seconds left.\n|j|\u2606Jippt351\n|inactive|Jippt351 reconnected and has 30 seconds left.\n|player|p2|Jippt351|102\n|inactive|Jippt351 has 20 seconds left.\n|\n|t:|1700994611\n|move|p2b: Torkoal|Eruption|p1a: Kleavor|[spread] p1a,p1b\n|-resisted|p1a: Kleavor\n|-resisted|p1b: Gyarados\n|-damage|p1a: Kleavor|24\/100\n|-damage|p1b: Gyarados|0 fnt\n|faint|p1b: Gyarados\n|move|p1a: Kleavor|Stone Axe|p2b: Torkoal|[miss]\n|-miss|p1a: Kleavor|p2b: Torkoal\n|cant|p2a: Flutter Mane|par\n|\n|-weather|SunnyDay|[upkeep]\n|upkeep\n|\n|t:|1700994623\n|switch|p1b: Fezandipiti|Fezandipiti, L50, M|100\/100\n|turn|5\n|\n|t:|1700994631\n|move|p2b: Torkoal|Eruption|p1a: Kleavor|[spread] p1a,p1b\n|-resisted|p1a: Kleavor\n|-damage|p1a: Kleavor|0 fnt\n|-damage|p1b: Fezandipiti|31\/100\n|faint|p1a: Kleavor\n|move|p1b: Fezandipiti|Gunk Shot|p2a: Flutter Mane\n|-damage|p2a: Flutter Mane|16\/100 par\n|cant|p2a: Flutter Mane|par\n|\n|-weather|SunnyDay|[upkeep]\n|-fieldend|move: Psychic Terrain\n|upkeep\n|turn|6\n|-message|Kaizer45 forfeited.\n|\n|win|Jippt351\n|raw|Kaizer45's rating: 1098 &rarr; <strong>1080<\/strong><br \/>(-18 for losing)\n|raw|Jippt351's rating: 1193 &rarr; <strong>1211<\/strong><br \/>(+18 for winning)\n|l|\u2606Kaizer45\n","uploadtime":1700994642,"views":7,"p1id":"kaizer45","p2id":"jippt351","formatid":"gen9vgc2023regulatione","rating":1080,"private":0,"password":""}