{"id":"gen9vgc2023regulatione-1991508026","p1":"megamandropsjan7","p2":"R33DSY","format":"[Gen 9] VGC 2023 Regulation E","log":"|j|\u2606megamandropsjan7\n|j|\u2606R33DSY\n|t:|1700083347\n|gametype|doubles\n|player|p1|megamandropsjan7|pokemaniac|1182\n|player|p2|R33DSY|blue|1236\n|teamsize|p1|6\n|teamsize|p2|6\n|gen|9\n|tier|[Gen 9] VGC 2023 Regulation E\n|rated|\n|rule|Species Clause: Limit one of each Pok\u00e9mon\n|rule|Item Clause: Limit one of each item\n|clearpoke\n|poke|p1|Golem-Alola, L50, M|\n|poke|p1|Sinistcha, L50|\n|poke|p1|Dondozo, L50, F|\n|poke|p1|Iron Hands, L50|\n|poke|p1|Maushold, L50|\n|poke|p1|Rabsca, L50, M|\n|poke|p2|Dusclops, L50, M|\n|poke|p2|Iron Hands, L50|\n|poke|p2|Kingambit, L50, M|\n|poke|p2|Ursaluna-Bloodmoon, L50, M|\n|poke|p2|Sylveon, L50, F|\n|poke|p2|Sinistcha-Masterpiece, L50|\n|teampreview|4\n|\n|t:|1700083379\n|start\n|switch|p1a: Dondozo|Dondozo, L50, F|100\/100\n|switch|p1b: Sinistcha|Sinistcha, L50|100\/100\n|switch|p2a: Dusclops|Dusclops, L50, M|100\/100\n|switch|p2b: Iron Hands|Iron Hands, L50|100\/100\n|-item|p1a: Dondozo|Leftovers|[from] ability: Frisk|[of] p2a: Dusclops|[identify]\n|-item|p1b: Sinistcha|Mental Herb|[from] ability: Frisk|[of] p2a: Dusclops|[identify]\n|turn|1\n|inactive|Battle timer is ON: inactive players will automatically lose when time's up. (requested by R33DSY)\n|\n|t:|1700083409\n|move|p2b: Iron Hands|Fake Out|p1a: Dondozo\n|-damage|p1a: Dondozo|91\/100\n|move|p1b: Sinistcha|Matcha Gotcha|p2a: Dusclops|[spread] p2a,p2b\n|-damage|p2a: Dusclops|88\/100\n|-damage|p2b: Iron Hands|79\/100\n|move|p2a: Dusclops|Will-O-Wisp|p1a: Dondozo\n|-status|p1a: Dondozo|brn\n|cant|p1a: Dondozo|flinch\n|\n|-heal|p1a: Dondozo|97\/100 brn|[from] item: Leftovers\n|-damage|p1a: Dondozo|91\/100 brn|[from] brn\n|upkeep\n|turn|2\n|inactive|megamandropsjan7 has 30 seconds left.\n|\n|t:|1700083435\n|move|p1b: Sinistcha|Matcha Gotcha|p2b: Iron Hands|[spread] p2a,p2b\n|-damage|p2a: Dusclops|75\/100\n|-damage|p2b: Iron Hands|58\/100\n|move|p2b: Iron Hands|Wild Charge|p1a: Dondozo\n|-supereffective|p1a: Dondozo\n|-damage|p1a: Dondozo|23\/100 brn\n|-damage|p2b: Iron Hands|43\/100|[from] Recoil\n|-enditem|p2b: Iron Hands|Sitrus Berry|[eat]\n|-heal|p2b: Iron Hands|68\/100|[from] item: Sitrus Berry\n|move|p1a: Dondozo|Soak|p2b: Iron Hands\n|-start|p2b: Iron Hands|typechange|Water\n|move|p2a: Dusclops|Trick Room|p2a: Dusclops\n|-fieldstart|move: Trick Room|[of] p2a: Dusclops\n|\n|-heal|p1a: Dondozo|30\/100 brn|[from] item: Leftovers\n|-damage|p1a: Dondozo|23\/100 brn|[from] brn\n|upkeep\n|turn|3\n|inactive|megamandropsjan7 has 30 seconds left.\n|\n|t:|1700083466\n|switch|p2a: Kingambit|Kingambit, L50, M|100\/100\n|move|p1a: Dondozo|Wave Crash|p2a: Kingambit\n|-damage|p2a: Kingambit|84\/100\n|-damage|p1a: Dondozo|18\/100 brn|[from] Recoil\n|move|p2b: Iron Hands|Wild Charge|p1a: Dondozo\n|-supereffective|p1a: Dondozo\n|-damage|p1a: Dondozo|0 fnt\n|faint|p1a: Dondozo\n|-damage|p2b: Iron Hands|63\/100|[from] Recoil\n|move|p1b: Sinistcha|Matcha Gotcha|p2a: Kingambit|[spread] p2a,p2b\n|-resisted|p2a: Kingambit\n|-crit|p2a: Kingambit\n|-supereffective|p2b: Iron Hands\n|-damage|p2a: Kingambit|66\/100\n|-damage|p2b: Iron Hands|19\/100\n|-status|p2a: Kingambit|brn\n|\n|-damage|p2a: Kingambit|60\/100 brn|[from] brn\n|upkeep\n|\n|t:|1700083485\n|switch|p1a: Golem|Golem-Alola, L50, M|100\/100\n|turn|4\n|\n|t:|1700083508\n|-terastallize|p1a: Golem|Electric\n|move|p1a: Golem|Body Slam|p2b: Iron Hands\n|-supereffective|p2b: Iron Hands\n|-damage|p2b: Iron Hands|0 fnt\n|faint|p2b: Iron Hands\n|-end|p2b: Iron Hands|Quark Drive|[silent]\n|move|p2a: Kingambit|Kowtow Cleave|p1b: Sinistcha\n|-supereffective|p1b: Sinistcha\n|-damage|p1b: Sinistcha|44\/100\n|-damage|p2a: Kingambit|51\/100 brn|[from] item: Life Orb\n|move|p1b: Sinistcha|Nasty Plot|p1b: Sinistcha\n|-boost|p1b: Sinistcha|spa|2\n|\n|-damage|p2a: Kingambit|45\/100 brn|[from] brn\n|upkeep\n|\n|t:|1700083522\n|switch|p2b: Ursaluna|Ursaluna-Bloodmoon, L50, M|100\/100\n|turn|5\n|\n|t:|1700083532\n|move|p1a: Golem|Protect|p1a: Golem\n|-singleturn|p1a: Golem|Protect\n|move|p2b: Ursaluna|Earth Power|p1a: Golem\n|-activate|p1a: Golem|move: Protect\n|move|p2a: Kingambit|Kowtow Cleave|p1b: Sinistcha\n|-supereffective|p1b: Sinistcha\n|-damage|p1b: Sinistcha|0 fnt\n|faint|p1b: Sinistcha\n|-damage|p2a: Kingambit|35\/100 brn|[from] item: Life Orb\n|\n|-damage|p2a: Kingambit|29\/100 brn|[from] brn\n|upkeep\n|\n|t:|1700083543\n|switch|p1b: Rabsca|Rabsca, L50, M|100\/100\n|turn|6\n|\n|t:|1700083553\n|move|p1a: Golem|Body Slam|p2a: Kingambit\n|-damage|p2a: Kingambit|0 fnt\n|faint|p2a: Kingambit\n|move|p1b: Rabsca|Revival Blessing|p1b: Rabsca\n|-enditem|p1b: Rabsca|Leppa Berry|[eat]\n|-activate|p1b: Rabsca|item: Leppa Berry|Revival Blessing|[consumed]\n|\n|t:|1700083558\n|-heal|p1: Dondozo|50\/100|[from] move: Revival Blessing\n|move|p2b: Ursaluna|Earth Power|p1a: Golem\n|-supereffective|p1a: Golem\n|-damage|p1a: Golem|0 fnt\n|faint|p1a: Golem\n|\n|-fieldend|move: Trick Room\n|upkeep\n|\n|t:|1700083566\n|switch|p2a: Dusclops|Dusclops, L50, M|75\/100\n|switch|p1a: Dondozo|Dondozo, L50, F|50\/100\n|-item|p1a: Dondozo|Leftovers|[from] ability: Frisk|[of] p2a: Dusclops|[identify]\n|turn|7\n|\n|t:|1700083589\n|-terastallize|p2b: Ursaluna|Normal\n|move|p2b: Ursaluna|Blood Moon|p1a: Dondozo\n|-damage|p1a: Dondozo|0 fnt\n|faint|p1a: Dondozo\n|move|p1b: Rabsca|Psychic|p2b: Ursaluna\n|-damage|p2b: Ursaluna|74\/100\n|-unboost|p2b: Ursaluna|spd|1\n|move|p2a: Dusclops|Trick Room|p2a: Dusclops\n|-fieldstart|move: Trick Room|[of] p2a: Dusclops\n|\n|upkeep\n|turn|8\n|inactive|R33DSY has 30 seconds left.\n|\n|t:|1700083621\n|move|p2a: Dusclops|Night Shade|p1b: Rabsca\n|-damage|p1b: Rabsca|73\/100\n|move|p1b: Rabsca|Revival Blessing|p1b: Rabsca\n|\n|t:|1700083625\n|-heal|p1: Golem|50\/100|[from] move: Revival Blessing\n|move|p2b: Ursaluna|Hyper Voice|p1b: Rabsca\n|-damage|p1b: Rabsca|18\/100\n|\n|upkeep\n|\n|t:|1700083630\n|switch|p1a: Golem|Golem-Alola, L50, M|50\/100\n|turn|9\n|\n|t:|1700083640\n|move|p1b: Rabsca|Protect|p1b: Rabsca\n|-singleturn|p1b: Rabsca|Protect\n|move|p2a: Dusclops|Night Shade|p1b: Rabsca\n|-activate|p1b: Rabsca|move: Protect\n|move|p1a: Golem|Explosion|p2a: Dusclops|[spread] p2a,p2b\n|-activate|p1b: Rabsca|move: Protect\n|-damage|p2a: Dusclops|0 fnt\n|-damage|p2b: Ursaluna|0 fnt\n|faint|p1a: Golem\n|faint|p2a: Dusclops\n|faint|p2b: Ursaluna\n|\n|win|megamandropsjan7\n|raw|megamandropsjan7's rating: 1182 &rarr; <strong>1211<\/strong><br \/>(+29 for winning)\n|raw|R33DSY's rating: 1236 &rarr; <strong>1207<\/strong><br \/>(-29 for losing)\n|l|\u2606R33DSY\n","uploadtime":1700083655,"views":25,"p1id":"megamandropsjan7","p2id":"r33dsy","formatid":"gen9vgc2023regulatione","rating":1207,"private":0,"password":""}