{"id":"gen9vgc2023regulatione-1993702586","p1":"anotherhito","p2":"JaydinoKamado","format":"[Gen 9] VGC 2023 Regulation E","log":"|j|\u2606anotherhito\n|j|\u2606JaydinoKamado\n|t:|1700347296\n|gametype|doubles\n|player|p1|anotherhito|169|1054\n|player|p2|JaydinoKamado|101|1000\n|teamsize|p1|6\n|teamsize|p2|6\n|gen|9\n|tier|[Gen 9] VGC 2023 Regulation E\n|rated|\n|rule|Species Clause: Limit one of each Pok\u00e9mon\n|rule|Item Clause: Limit one of each item\n|clearpoke\n|poke|p1|Braviary-Hisui, L50, M|\n|poke|p1|Farigiraf, L50, M|\n|poke|p1|Azumarill, L50, M|\n|poke|p1|Jumpluff, L50, F|\n|poke|p1|Murkrow, L50, F|\n|poke|p1|Sneasel, L50, F|\n|poke|p2|Sinistcha, L50|\n|poke|p2|Clefairy, L50, M|\n|poke|p2|Chi-Yu, L50|\n|poke|p2|Kommo-o, L50, M|\n|poke|p2|Landorus-Therian, L50, M|\n|poke|p2|Iron Hands, L50|\n|teampreview|4\n|\n|t:|1700347334\n|start\n|switch|p1a: Murkrow|Murkrow, L50, F|100\/100\n|switch|p1b: Azumarill|Azumarill, L50, M|100\/100\n|switch|p2a: Iron Hands|Iron Hands, L50|100\/100\n|switch|p2b: Sinistcha|Sinistcha, L50|100\/100\n|turn|1\n|\n|t:|1700347372\n|move|p2a: Iron Hands|Fake Out|p1a: Murkrow\n|-damage|p1a: Murkrow|79\/100\n|cant|p1a: Murkrow|flinch\n|move|p2b: Sinistcha|Matcha Gotcha|p1b: Azumarill|[spread] \n|-ability|p1b: Azumarill|Sap Sipper|boost\n|-boost|p1b: Azumarill|atk|1\n|-miss|p2b: Sinistcha|p1a: Murkrow\n|move|p1b: Azumarill|Belly Drum|p1b: Azumarill\n|-damage|p1b: Azumarill|50\/100\n|-setboost|p1b: Azumarill|atk|6|[from] move: Belly Drum\n|-enditem|p1b: Azumarill|Sitrus Berry|[eat]\n|-heal|p1b: Azumarill|75\/100|[from] item: Sitrus Berry\n|\n|upkeep\n|turn|2\n|\n|t:|1700347414\n|-terastallize|p1b: Azumarill|Ground\n|move|p1a: Murkrow|Taunt|p2b: Sinistcha\n|-start|p2b: Sinistcha|move: Taunt\n|move|p2b: Sinistcha|Matcha Gotcha|p1a: Murkrow|[spread] p1a\n|-immune|p1b: Azumarill|[from] ability: Sap Sipper\n|-resisted|p1a: Murkrow\n|-damage|p1a: Murkrow|68\/100\n|move|p1b: Azumarill|Play Rough|p2a: Iron Hands\n|-supereffective|p2a: Iron Hands\n|-damage|p2a: Iron Hands|0 fnt\n|-damage|p1b: Azumarill|59\/100|[from] item: Rocky Helmet|[of] p2a: Iron Hands\n|faint|p2a: Iron Hands\n|-end|p2a: Iron Hands|Quark Drive|[silent]\n|\n|upkeep\n|\n|t:|1700347438\n|switch|p2a: Kommo-o|Kommo-o, L50, M|100\/100\n|turn|3\n|\n|t:|1700347454\n|switch|p2b: Clefairy|Clefairy, L50, M|100\/100\n|-terastallize|p2a: Kommo-o|Steel\n|move|p1a: Murkrow|Quash|p2a: Kommo-o\n|-activate|p2a: Kommo-o|move: Quash\n|move|p1b: Azumarill|Play Rough|p2a: Kommo-o\n|-resisted|p2a: Kommo-o\n|-damage|p2a: Kommo-o|56\/100\n|move|p2a: Kommo-o|Clangorous Soul|p2a: Kommo-o\n|-boost|p2a: Kommo-o|atk|1\n|-boost|p2a: Kommo-o|def|1\n|-boost|p2a: Kommo-o|spa|1\n|-boost|p2a: Kommo-o|spd|1\n|-boost|p2a: Kommo-o|spe|1\n|-damage|p2a: Kommo-o|23\/100\n|-enditem|p2a: Kommo-o|Throat Spray\n|-boost|p2a: Kommo-o|spa|1|[from] item: Throat Spray\n|\n|upkeep\n|turn|4\n|\n|t:|1700347492\n|move|p2a: Kommo-o|Protect|p2a: Kommo-o\n|-singleturn|p2a: Kommo-o|Protect\n|move|p1b: Azumarill|Protect|p1b: Azumarill\n|-singleturn|p1b: Azumarill|Protect\n|move|p1a: Murkrow|Taunt|p2b: Clefairy\n|-start|p2b: Clefairy|move: Taunt\n|cant|p2b: Clefairy|move: Taunt|Heal Pulse\n|\n|upkeep\n|turn|5\n|\n|t:|1700347508\n|switch|p2b: Sinistcha|Sinistcha, L50|100\/100\n|-heal|p2a: Kommo-o|48\/100|[from] ability: Hospitality|[of] p2b: Sinistcha\n|move|p1a: Murkrow|Quash|p2a: Kommo-o\n|-activate|p2a: Kommo-o|move: Quash\n|move|p1b: Azumarill|Play Rough|p2a: Kommo-o\n|-resisted|p2a: Kommo-o\n|-damage|p2a: Kommo-o|6\/100\n|move|p2a: Kommo-o|Clanging Scales|p1b: Azumarill|[spread] p1a,p1b\n|-damage|p1a: Murkrow|1\/100\n|-damage|p1b: Azumarill|0 fnt\n|faint|p1b: Azumarill\n|-unboost|p2a: Kommo-o|def|1\n|\n|upkeep\n|\n|t:|1700347523\n|switch|p1b: Sneasel|Sneasel, L50, F|100\/100\n|turn|6\n|\n|t:|1700347546\n|move|p2a: Kommo-o|Protect|p2a: Kommo-o\n|-singleturn|p2a: Kommo-o|Protect\n|move|p2b: Sinistcha|Protect|p2b: Sinistcha\n|-singleturn|p2b: Sinistcha|Protect\n|move|p1a: Murkrow|Haze|p1a: Murkrow\n|-clearallboost\n|move|p1b: Sneasel|Icicle Crash|p2b: Sinistcha\n|-activate|p2b: Sinistcha|move: Protect\n|\n|upkeep\n|turn|7\n|\n|t:|1700347585\n|move|p2b: Sinistcha|Rage Powder|p2b: Sinistcha\n|-singleturn|p2b: Sinistcha|move: Rage Powder\n|move|p1a: Murkrow|Taunt|p2b: Sinistcha\n|-start|p2b: Sinistcha|move: Taunt\n|move|p1b: Sneasel|Knock Off|p2b: Sinistcha\n|-supereffective|p2b: Sinistcha\n|-damage|p2b: Sinistcha|45\/100\n|-enditem|p2b: Sinistcha|Leftovers|[from] move: Knock Off|[of] p1b: Sneasel\n|move|p2a: Kommo-o|Clanging Scales|p1a: Murkrow|[spread] p1a,p1b\n|-damage|p1a: Murkrow|0 fnt\n|-damage|p1b: Sneasel|36\/100\n|faint|p1a: Murkrow\n|-unboost|p2a: Kommo-o|def|1\n|\n|upkeep\n|\n|t:|1700347597\n|switch|p1a: Jumpluff|Jumpluff, L50, F|100\/100\n|turn|8\n|\n|t:|1700347607\n|switch|p2b: Clefairy|Clefairy, L50, M|100\/100\n|move|p2a: Kommo-o|Protect|p2a: Kommo-o\n|-singleturn|p2a: Kommo-o|Protect\n|move|p1b: Sneasel|Knock Off|p2a: Kommo-o\n|-activate|p2a: Kommo-o|move: Protect\n|move|p1a: Jumpluff|Pollen Puff|p1b: Sneasel\n|-heal|p1b: Sneasel|86\/100\n|\n|upkeep\n|turn|9\n|\n|t:|1700347650\n|switch|p2b: Sinistcha|Sinistcha, L50|45\/100\n|-heal|p2a: Kommo-o|31\/100|[from] ability: Hospitality|[of] p2b: Sinistcha\n|move|p1b: Sneasel|Knock Off|p2a: Kommo-o\n|-damage|p2a: Kommo-o|0 fnt\n|faint|p2a: Kommo-o\n|move|p1a: Jumpluff|Sleep Powder|p2b: Sinistcha\n|-immune|p2b: Sinistcha\n|\n|upkeep\n|\n|t:|1700347660\n|switch|p2a: Clefairy|Clefairy, L50, M|100\/100\n|turn|10\n|\n|t:|1700347675\n|move|p1a: Jumpluff|Rage Powder|p1a: Jumpluff\n|-singleturn|p1a: Jumpluff|move: Rage Powder\n|move|p1b: Sneasel|Knock Off|p2a: Clefairy\n|-resisted|p2a: Clefairy\n|-damage|p2a: Clefairy|79\/100\n|-enditem|p2a: Clefairy|Eviolite|[from] move: Knock Off|[of] p1b: Sneasel\n|move|p2b: Sinistcha|Strength Sap|p1b: Sneasel\n|-unboost|p1b: Sneasel|atk|1\n|-heal|p2b: Sinistcha|100\/100\n|move|p2a: Clefairy|Heal Pulse|p1a: Jumpluff\n|-fail|p1a: Jumpluff|heal\n|\n|upkeep\n|turn|11\n|\n|t:|1700347696\n|move|p2a: Clefairy|Helping Hand|p2b: Sinistcha\n|-singleturn|p2b: Sinistcha|Helping Hand|[of] p2a: Clefairy\n|move|p1b: Sneasel|Icicle Crash|p2b: Sinistcha\n|-supereffective|p2b: Sinistcha\n|-damage|p2b: Sinistcha|75\/100\n|move|p1a: Jumpluff|Sleep Powder|p2a: Clefairy\n|-status|p2a: Clefairy|slp|[from] move: Sleep Powder\n|cant|p2b: Sinistcha|flinch\n|\n|upkeep\n|turn|12\n|\n|t:|1700347725\n|move|p2b: Sinistcha|Protect|p2b: Sinistcha\n|-singleturn|p2b: Sinistcha|Protect\n|move|p1b: Sneasel|Swords Dance|p1b: Sneasel\n|-boost|p1b: Sneasel|atk|2\n|move|p1a: Jumpluff|Encore|p2b: Sinistcha\n|-activate|p2b: Sinistcha|move: Protect\n|cant|p2a: Clefairy|slp\n|\n|upkeep\n|turn|13\n|\n|t:|1700347742\n|-curestatus|p2a: Clefairy|slp|[msg]\n|move|p2a: Clefairy|Helping Hand|p2b: Sinistcha\n|-singleturn|p2b: Sinistcha|Helping Hand|[of] p2a: Clefairy\n|move|p1b: Sneasel|Icicle Crash|p2b: Sinistcha|[miss]\n|-miss|p1b: Sneasel|p2b: Sinistcha\n|move|p1a: Jumpluff|Encore|p2b: Sinistcha\n|-start|p2b: Sinistcha|Encore\n|move|p2b: Sinistcha|Protect||[still]\n|-fail|p2b: Sinistcha\n|\n|upkeep\n|turn|14\n|\n|t:|1700347764\n|move|p2b: Sinistcha|Protect|p2b: Sinistcha\n|-singleturn|p2b: Sinistcha|Protect\n|move|p1b: Sneasel|Swords Dance|p1b: Sneasel\n|-boost|p1b: Sneasel|atk|2\n|move|p1a: Jumpluff|Encore|p2a: Clefairy\n|-start|p2a: Clefairy|Encore\n|move|p2a: Clefairy|Helping Hand||[still]\n|-fail|p2a: Clefairy\n|\n|upkeep\n|turn|15\n|\n|t:|1700347786\n|move|p2a: Clefairy|Helping Hand|p2b: Sinistcha\n|-singleturn|p2b: Sinistcha|Helping Hand|[of] p2a: Clefairy\n|move|p2b: Sinistcha|Protect|p2b: Sinistcha\n|-singleturn|p2b: Sinistcha|Protect\n|move|p1b: Sneasel|Icicle Crash|p2b: Sinistcha\n|-activate|p2b: Sinistcha|move: Protect\n|move|p1a: Jumpluff|Pollen Puff|p2b: Sinistcha\n|-activate|p2b: Sinistcha|move: Protect\n|\n|-end|p2b: Sinistcha|Encore\n|upkeep\n|turn|16\n|\n|t:|1700347802\n|move|p2a: Clefairy|Helping Hand|p2b: Sinistcha\n|-singleturn|p2b: Sinistcha|Helping Hand|[of] p2a: Clefairy\n|move|p1b: Sneasel|Icicle Crash|p2b: Sinistcha\n|-supereffective|p2b: Sinistcha\n|-damage|p2b: Sinistcha|0 fnt\n|faint|p2b: Sinistcha\n|move|p1a: Jumpluff|Encore||[still]\n|-fail|p1a: Jumpluff\n|\n|-end|p2a: Clefairy|Encore\n|upkeep\n|turn|17\n|l|\u2606JaydinoKamado\n|player|p2|\n|inactive|Battle timer is ON: inactive players will automatically lose when time's up. (requested by anotherhito)\n|inactive|JaydinoKamado has 30 seconds to reconnect!\n|inactive|JaydinoKamado has 20 seconds to reconnect!\n|inactive|JaydinoKamado has 15 seconds to reconnect!\n|inactive|JaydinoKamado has 10 seconds to reconnect!\n|inactive|JaydinoKamado has 5 seconds to reconnect!\n|-message|JaydinoKamado lost due to inactivity.\n|\n|win|anotherhito\n|raw|anotherhito's rating: 1054 &rarr; <strong>1081<\/strong><br \/>(+27 for winning)\n|raw|JaydinoKamado's rating: 1000 &rarr; <strong>1000<\/strong><br \/>(+0 for losing)\n|c|\u2606anotherhito|:)\n","uploadtime":1700347919,"views":15,"p1id":"anotherhito","p2id":"jaydinokamado","formatid":"gen9vgc2023regulatione","rating":1000,"private":0,"password":""}