{"id":"gen9vgc2023regulatione-1994805732","p1":"Kaiser33VGC","p2":"atworkyolo","format":"[Gen 9] VGC 2023 Regulation E","log":"|j|\u2606Kaiser33VGC\n|j|\u2606atworkyolo\n|t:|1700494501\n|gametype|doubles\n|player|p1|Kaiser33VGC|102|1424\n|player|p2|atworkyolo|102|1539\n|teamsize|p1|6\n|teamsize|p2|6\n|gen|9\n|tier|[Gen 9] VGC 2023 Regulation E\n|rated|\n|rule|Species Clause: Limit one of each Pok\u00e9mon\n|rule|Item Clause: Limit one of each item\n|clearpoke\n|poke|p1|Empoleon, L50, M|\n|poke|p1|Dragonite, L50, F|\n|poke|p1|Ninetales-Alola, L50, F|\n|poke|p1|Regieleki, L50|\n|poke|p1|Ogerpon-Hearthflame, L50, F|\n|poke|p1|Landorus-Therian, L50, M|\n|poke|p2|Weezing, L50, M|\n|poke|p2|Tornadus, L50, M|\n|poke|p2|Iron Hands, L50|\n|poke|p2|Ogerpon-Wellspring, L50, F|\n|poke|p2|Gholdengo, L50|\n|poke|p2|Kommo-o, L50, M|\n|teampreview|4\n|inactive|Battle timer is ON: inactive players will automatically lose when time's up. (requested by atworkyolo)\n|inactive|Kaiser33VGC has 60 seconds left.\n|\n|t:|1700494544\n|start\n|switch|p1a: Regieleki|Regieleki, L50|100\/100\n|switch|p1b: Empoleon|Empoleon, L50, M|100\/100\n|switch|p2a: Iron Hands|Iron Hands, L50|100\/100\n|switch|p2b: Gholdengo|Gholdengo, L50|100\/100\n|turn|1\n|\n|t:|1700494568\n|switch|p1a: Ogerpon|Ogerpon-Hearthflame, L50, F|100\/100\n|-ability|p1a: Ogerpon|Mold Breaker\n|move|p2a: Iron Hands|Fake Out|p1a: Ogerpon\n|-damage|p1a: Ogerpon|84\/100\n|move|p2b: Gholdengo|Nasty Plot|p2b: Gholdengo\n|-boost|p2b: Gholdengo|spa|2\n|move|p1b: Empoleon|Yawn|p2b: Gholdengo\n|-immune|p2b: Gholdengo|[from] ability: Good as Gold\n|\n|upkeep\n|turn|2\n|inactive|Kaiser33VGC has 30 seconds left.\n|\n|t:|1700494598\n|switch|p1b: Dragonite|Dragonite, L50, F|100\/100\n|-end|p2a: Iron Hands|Quark Drive|[silent]\n|switch|p2a: Tornadus|Tornadus, L50, M|100\/100\n|move|p2b: Gholdengo|Protect|p2b: Gholdengo\n|-singleturn|p2b: Gholdengo|Protect\n|move|p1a: Ogerpon|Swords Dance|p1a: Ogerpon\n|-boost|p1a: Ogerpon|atk|2\n|\n|upkeep\n|turn|3\n|\n|t:|1700494624\n|-terastallize|p1a: Ogerpon|Fire\n|detailschange|p1a: Ogerpon|Ogerpon-Hearthflame-Tera, L50, F, tera:Fire\n|-ability|p1a: Ogerpon|Embody Aspect (Hearthflame)|boost\n|-boost|p1a: Ogerpon|atk|1\n|-terastallize|p2b: Gholdengo|Dragon\n|move|p2a: Tornadus|Rain Dance|p2a: Tornadus\n|-weather|RainDance\n|move|p1a: Ogerpon|Ivy Cudgel|p2b: Gholdengo|[anim] Ivy Cudgel Fire\n|-resisted|p2b: Gholdengo\n|-damage|p2b: Gholdengo|61\/100\n|move|p2b: Gholdengo|Make It Rain|p1a: Ogerpon|[spread] p1a,p1b\n|-resisted|p1a: Ogerpon\n|-damage|p1a: Ogerpon|44\/100\n|-damage|p1b: Dragonite|74\/100\n|-unboost|p2b: Gholdengo|spa|1\n|move|p1b: Dragonite|Ice Spinner|p2a: Tornadus\n|-supereffective|p2a: Tornadus\n|-damage|p2a: Tornadus|29\/100\n|\n|-weather|RainDance|[upkeep]\n|-heal|p2b: Gholdengo|67\/100|[from] item: Leftovers\n|upkeep\n|turn|4\n|inactive|Kaiser33VGC has 30 seconds left.\n|\n|t:|1700494653\n|move|p1a: Ogerpon|Spiky Shield|p1a: Ogerpon\n|-singleturn|p1a: Ogerpon|move: Protect\n|move|p2a: Tornadus|Tailwind|p2a: Tornadus\n|-sidestart|p2: atworkyolo|move: Tailwind\n|move|p2b: Gholdengo|Shadow Ball|p1a: Ogerpon\n|-activate|p1a: Ogerpon|move: Protect\n|move|p1b: Dragonite|Ice Spinner|p2b: Gholdengo\n|-supereffective|p2b: Gholdengo\n|-damage|p2b: Gholdengo|9\/100\n|\n|-weather|RainDance|[upkeep]\n|-heal|p2b: Gholdengo|16\/100|[from] item: Leftovers\n|upkeep\n|turn|5\n|inactive|atworkyolo has 30 seconds left.\n|\n|t:|1700494685\n|move|p1b: Dragonite|Extreme Speed|p2b: Gholdengo\n|-damage|p2b: Gholdengo|0 fnt\n|faint|p2b: Gholdengo\n|move|p2a: Tornadus|Bleakwind Storm|p1b: Dragonite|[spread] p1a,p1b\n|-damage|p1a: Ogerpon|8\/100\n|-damage|p1b: Dragonite|54\/100\n|move|p1a: Ogerpon|Ivy Cudgel|p2a: Tornadus|[anim] Ivy Cudgel Fire\n|-damage|p2a: Tornadus|0 fnt\n|faint|p2a: Tornadus\n|\n|-weather|RainDance|[upkeep]\n|upkeep\n|\n|t:|1700494689\n|switch|p2a: Iron Hands|Iron Hands, L50|100\/100\n|switch|p2b: Ogerpon|Ogerpon-Wellspring, L50, F|100\/100\n|turn|6\n|inactive|Kaiser33VGC has 30 seconds left.\n|inactive|Kaiser33VGC has 20 seconds left.\n|inactive|Kaiser33VGC has 15 seconds left.\n|inactive|Kaiser33VGC has 10 seconds left.\n|\n|t:|1700494737\n|switch|p1b: Regieleki|Regieleki, L50|100\/100\n|move|p1a: Ogerpon|Spiky Shield|p1a: Ogerpon\n|-singleturn|p1a: Ogerpon|move: Protect\n|move|p2a: Iron Hands|Fake Out|p1b: Regieleki\n|-damage|p1b: Regieleki|81\/100\n|move|p2b: Ogerpon|Swords Dance|p2b: Ogerpon\n|-boost|p2b: Ogerpon|atk|2\n|\n|-weather|RainDance|[upkeep]\n|upkeep\n|turn|7\n|\n|t:|1700494757\n|move|p1b: Regieleki|Protect|p1b: Regieleki\n|-singleturn|p1b: Regieleki|Protect\n|move|p2b: Ogerpon|Ivy Cudgel|p1a: Ogerpon|[anim] Ivy Cudgel Water\n|-supereffective|p1a: Ogerpon\n|-damage|p1a: Ogerpon|0 fnt\n|faint|p1a: Ogerpon\n|move|p2a: Iron Hands|Drain Punch|p1b: Regieleki\n|-activate|p1b: Regieleki|move: Protect\n|\n|-weather|none\n|-sideend|p2: atworkyolo|move: Tailwind\n|upkeep\n|\n|t:|1700494767\n|switch|p1a: Empoleon|Empoleon, L50, M|100\/100\n|turn|8\n|\n|t:|1700494785\n|move|p1b: Regieleki|Electroweb|p2b: Ogerpon|[spread] p2a,p2b\n|-resisted|p2a: Iron Hands\n|-damage|p2a: Iron Hands|95\/100\n|-damage|p2b: Ogerpon|79\/100\n|-unboost|p2a: Iron Hands|spe|1\n|-unboost|p2b: Ogerpon|spe|1\n|move|p2b: Ogerpon|Horn Leech|p1a: Empoleon\n|-damage|p1a: Empoleon|28\/100\n|-heal|p2b: Ogerpon|100\/100|[from] drain|[of] p1a: Empoleon\n|-enditem|p1a: Empoleon|Sitrus Berry|[eat]\n|-heal|p1a: Empoleon|52\/100|[from] item: Sitrus Berry\n|move|p1a: Empoleon|Yawn|p2a: Iron Hands\n|-start|p2a: Iron Hands|move: Yawn|[of] p1a: Empoleon\n|move|p2a: Iron Hands|Drain Punch|p1a: Empoleon\n|-supereffective|p1a: Empoleon\n|-damage|p1a: Empoleon|0 fnt\n|-heal|p2a: Iron Hands|100\/100|[from] drain|[of] p1a: Empoleon\n|faint|p1a: Empoleon\n|\n|upkeep\n|\n|t:|1700494799\n|switch|p1a: Dragonite|Dragonite, L50, F|54\/100\n|turn|9\n|\n|t:|1700494818\n|move|p1b: Regieleki|Protect|p1b: Regieleki\n|-singleturn|p1b: Regieleki|Protect\n|move|p2b: Ogerpon|Ivy Cudgel|p1a: Dragonite|[anim] Ivy Cudgel Water\n|-resisted|p1a: Dragonite\n|-damage|p1a: Dragonite|3\/100\n|move|p1a: Dragonite|Stomping Tantrum|p2a: Iron Hands\n|-supereffective|p2a: Iron Hands\n|-damage|p2a: Iron Hands|63\/100\n|move|p2a: Iron Hands|Wild Charge|p1a: Dragonite\n|-damage|p1a: Dragonite|0 fnt\n|faint|p1a: Dragonite\n|-damage|p2a: Iron Hands|62\/100|[from] Recoil\n|\n|-end|p2a: Iron Hands|move: Yawn|[silent]\n|-status|p2a: Iron Hands|slp\n|upkeep\n|turn|10\n|\n|t:|1700494835\n|move|p2b: Ogerpon|Spiky Shield|p2b: Ogerpon\n|-singleturn|p2b: Ogerpon|move: Protect\n|move|p1b: Regieleki|Thunderbolt|p2a: Iron Hands\n|-resisted|p2a: Iron Hands\n|-damage|p2a: Iron Hands|52\/100 slp\n|cant|p2a: Iron Hands|slp\n|\n|upkeep\n|turn|11\n|\n|t:|1700494842\n|move|p1b: Regieleki|Thunderbolt|p2b: Ogerpon\n|-damage|p2b: Ogerpon|48\/100\n|-status|p2b: Ogerpon|par\n|move|p2b: Ogerpon|Ivy Cudgel|p1b: Regieleki|[anim] Ivy Cudgel Water\n|-damage|p1b: Regieleki|0 fnt\n|faint|p1b: Regieleki\n|\n|win|atworkyolo\n|raw|Kaiser33VGC's rating: 1424 &rarr; <strong>1410<\/strong><br \/>(-14 for losing)\n|raw|atworkyolo's rating: 1539 &rarr; <strong>1553<\/strong><br \/>(+14 for winning)\n|l|\u2606Kaiser33VGC\n","uploadtime":1700494855,"views":3,"p1id":"kaiser33vgc","p2id":"atworkyolo","formatid":"gen9vgc2023regulatione","rating":1410,"private":0,"password":""}