{"id":"gen9vgc2023regulatione-1997981493","p1":"Moris1","p2":"Snog2273","format":"[Gen 9] VGC 2023 Regulation E","log":"|j|\u2606Moris1\n|j|\u2606Snog2273\n|t:|1700875013\n|gametype|doubles\n|player|p1|Moris1|worker-gen4|1069\n|player|p2|Snog2273|supernerd|1130\n|teamsize|p1|6\n|teamsize|p2|6\n|gen|9\n|tier|[Gen 9] VGC 2023 Regulation E\n|rated|\n|rule|Species Clause: Limit one of each Pok\u00e9mon\n|rule|Item Clause: Limit one of each item\n|clearpoke\n|poke|p1|Weezing, L50, F|\n|poke|p1|Landorus-Therian, L50, M|\n|poke|p1|Slaking, L50, M|\n|poke|p1|Iron Hands, L50|\n|poke|p1|Palafin, L50, F|\n|poke|p1|Dragapult, L50, M|\n|poke|p2|Maushold-Four, L50|\n|poke|p2|Annihilape, L50, F|\n|poke|p2|Iron Hands, L50|\n|poke|p2|Landorus-Therian, L50, M|\n|poke|p2|Ogerpon-Hearthflame, L50, F|\n|poke|p2|Chien-Pao, L50|\n|teampreview|4\n|inactive|Battle timer is ON: inactive players will automatically lose when time's up. (requested by Snog2273)\nSnog2273 has agreed to open team sheets.\nMoris1 has agreed to open team sheets.\n|inactive|Snog2273 has 30 seconds left.\n|inactive|Snog2273 has 20 seconds left.\n|\n|t:|1700875077\n|start\n|switch|p1a: Landorus|Landorus-Therian, L50, M|100\/100\n|switch|p1b: Palafin|Palafin, L50, F|100\/100\n|switch|p2a: Maushold|Maushold-Four, L50|100\/100\n|switch|p2b: Annihilape|Annihilape, L50, F|100\/100\n|-ability|p1a: Landorus|Intimidate|boost\n|-unboost|p2a: Maushold|atk|1\n|-unboost|p2b: Annihilape|atk|1\n|-ability|p2b: Annihilape|Defiant|boost\n|-boost|p2b: Annihilape|atk|2\n|turn|1\n|inactive|Moris1 has 30 seconds left.\n|inactive|Moris1 has 20 seconds left.\n|inactive|Moris1 has 15 seconds left.\n|\n|t:|1700875121\n|move|p1b: Palafin|Protect|p1b: Palafin\n|-singleturn|p1b: Palafin|Protect\n|move|p2a: Maushold|Beat Up|p2b: Annihilape\n|-damage|p2b: Annihilape|99\/100\n|-damage|p2b: Annihilape|98\/100\n|-damage|p2b: Annihilape|96\/100\n|-damage|p2b: Annihilape|95\/100\n|-hitcount|p2b: Annihilape|4\n|-enditem|p2b: Annihilape|Kee Berry|[eat]\n|-boost|p2b: Annihilape|def|1|[from] item: Kee Berry\n|move|p1a: Landorus|Stomping Tantrum|p2b: Annihilape\n|-damage|p2b: Annihilape|75\/100\n|move|p2b: Annihilape|Rage Fist|p1a: Landorus\n|-damage|p1a: Landorus|0 fnt\n|faint|p1a: Landorus\n|\n|upkeep\n|\n|t:|1700875139\n|switch|p1a: Slaking|Slaking, L50, M|100\/100\n|turn|2\n|\n|t:|1700875163\n|-terastallize|p1a: Slaking|Ghost\n|move|p2a: Maushold|Follow Me|p2a: Maushold\n|-singleturn|p2a: Maushold|move: Follow Me\n|move|p1b: Palafin|Flip Turn|p2a: Maushold\n|-damage|p2a: Maushold|74\/100\n|\n|t:|1700875169\n|detailschange|p1b: Palafin|Palafin-Hero, L50, F\n|switch|p1b: Weezing|Weezing, L50, F|100\/100|[from] Flip Turn\n|-ability|p1b: Weezing|Neutralizing Gas\n|move|p1a: Slaking|Shadow Claw|p2a: Maushold\n|-immune|p2a: Maushold\n|move|p2b: Annihilape|Bulk Up|p2b: Annihilape\n|-boost|p2b: Annihilape|atk|1\n|-boost|p2b: Annihilape|def|1\n|\n|upkeep\n|turn|3\n|inactive|Moris1 has 30 seconds left.\n|\n|t:|1700875196\n|move|p2a: Maushold|Follow Me|p2a: Maushold\n|-singleturn|p2a: Maushold|move: Follow Me\n|move|p1a: Slaking|Fire Punch|p2a: Maushold\n|-damage|p2a: Maushold|30\/100\n|move|p2b: Annihilape|Rage Fist|p1a: Slaking\n|-supereffective|p1a: Slaking\n|-damage|p1a: Slaking|0 fnt\n|faint|p1a: Slaking\n|move|p1b: Weezing|Will-O-Wisp|p2a: Maushold\n|-status|p2a: Maushold|brn\n|\n|-damage|p2a: Maushold|24\/100 brn|[from] brn\n|upkeep\n|\n|t:|1700875204\n|switch|p1a: Palafin|Palafin-Hero, L50, F|100\/100\n|-activate|p1a: Palafin|ability: Zero to Hero\n|turn|4\n|\n|t:|1700875221\n|move|p1a: Palafin|Protect|p1a: Palafin\n|-singleturn|p1a: Palafin|Protect\n|move|p2a: Maushold|Super Fang|p1b: Weezing\n|-damage|p1b: Weezing|50\/100\n|-enditem|p1b: Weezing|Sitrus Berry|[eat]\n|-heal|p1b: Weezing|75\/100|[from] item: Sitrus Berry\n|move|p2b: Annihilape|Rage Fist|p1a: Palafin\n|-activate|p1a: Palafin|move: Protect\n|move|p1b: Weezing|Gunk Shot|p2b: Annihilape\n|-resisted|p2b: Annihilape\n|-damage|p2b: Annihilape|65\/100\n|-status|p2b: Annihilape|psn\n|\n|-damage|p2b: Annihilape|52\/100 psn|[from] psn\n|-damage|p2a: Maushold|18\/100 brn|[from] brn\n|upkeep\n|turn|5\n|inactive|Moris1 has 30 seconds left.\n|inactive|Snog2273 has 30 seconds left.\n|\n|t:|1700875249\n|move|p1a: Palafin|Jet Punch|p2b: Annihilape\n|-damage|p2b: Annihilape|33\/100 psn\n|move|p2a: Maushold|Super Fang|p1b: Weezing\n|-damage|p1b: Weezing|38\/100\n|move|p2b: Annihilape|Rage Fist|p1a: Palafin\n|-damage|p1a: Palafin|0 fnt\n|faint|p1a: Palafin\n|move|p1b: Weezing|Gunk Shot|p2a: Maushold\n|-damage|p2a: Maushold|0 fnt\n|faint|p2a: Maushold\n|\n|-damage|p2b: Annihilape|20\/100 psn|[from] psn\n|upkeep\n|\n|t:|1700875262\n|switch|p2a: Iron Hands|Iron Hands, L50|100\/100\n|turn|6\n|\n|t:|1700875270\n|move|p2a: Iron Hands|Fake Out|p1b: Weezing\n|-damage|p1b: Weezing|26\/100\n|move|p2b: Annihilape|Rage Fist|p1b: Weezing\n|-damage|p1b: Weezing|0 fnt\n|faint|p1b: Weezing\n|-end|p1b: Weezing|ability: Neutralizing Gas\n|\n|win|Snog2273\n|raw|Moris1's rating: 1069 &rarr; <strong>1052<\/strong><br \/>(-17 for losing)\n|raw|Snog2273's rating: 1130 &rarr; <strong>1151<\/strong><br \/>(+21 for winning)\n","uploadtime":1700875277,"views":7,"p1id":"moris1","p2id":"snog2273","formatid":"gen9vgc2023regulatione","rating":1052,"private":0,"password":""}