{"id":"gen9vgc2023regulatione-1997514332","p1":"omempoderoso","p2":"It\u2019sJustKen VGC","format":"[Gen 9] VGC 2023 Regulation E","log":"|j|\u203domempoderoso\n|j|\u2606It\u2019sJustKen VGC\n|t:|1700818394\n|gametype|doubles\n|player|p1|omempoderoso|265|1372\n|player|p2|It\u2019sJustKen VGC|turo|1445\n|teamsize|p1|6\n|teamsize|p2|6\n|gen|9\n|tier|[Gen 9] VGC 2023 Regulation E\n|rated|\n|rule|Species Clause: Limit one of each Pok\u00e9mon\n|rule|Item Clause: Limit one of each item\n|clearpoke\n|poke|p1|Weezing, L50, F|\n|poke|p1|Roaring Moon, L50|\n|poke|p1|Landorus-Therian, L50, M|\n|poke|p1|Gholdengo, L50|\n|poke|p1|Arcanine-Hisui, L50, F|\n|poke|p1|Ogerpon-Wellspring, L50, F|\n|poke|p2|Ting-Lu, L50|\n|poke|p2|Dondozo, L50, F|\n|poke|p2|Cresselia, L50, F|\n|poke|p2|Iron Hands, L50|\n|poke|p2|Dragonite, L50, M|\n|poke|p2|Gholdengo, L50|\n|teampreview|4\n|inactive|Battle timer is ON: inactive players will automatically lose when time's up. (requested by It\u2019sJustKen VGC)\n|\n|t:|1700818416\n|start\n|switch|p1a: Weezing|Weezing, L50, F|100\/100\n|switch|p1b: Roaring Moon|Roaring Moon, L50|100\/100\n|switch|p2a: Iron Hands|Iron Hands, L50, shiny|100\/100\n|switch|p2b: Cresselia|Cresselia, L50, F|100\/100\n|-ability|p1a: Weezing|Neutralizing Gas\n|-enditem|p1b: Roaring Moon|Booster Energy\n|-activate|p1b: Roaring Moon|ability: Protosynthesis|[fromitem]\n|-start|p1b: Roaring Moon|protosynthesisspe\n|turn|1\n|\n|t:|1700818432\n|move|p1b: Roaring Moon|Protect|p1b: Roaring Moon\n|-singleturn|p1b: Roaring Moon|Protect\n|move|p2a: Iron Hands|Fake Out|p1a: Weezing\n|-damage|p1a: Weezing|89\/100\n|cant|p1a: Weezing|flinch\n|move|p2b: Cresselia|Trick Room|p2b: Cresselia\n|-fieldstart|move: Trick Room|[of] p2b: Cresselia\n|\n|upkeep\n|turn|2\n|\n|t:|1700818457\n|move|p2a: Iron Hands|Drain Punch|p1b: Roaring Moon\n|-supereffective|p1b: Roaring Moon\n|-damage|p1b: Roaring Moon|0 fnt\n|faint|p1b: Roaring Moon\n|-end|p1b: Roaring Moon|Protosynthesis|[silent]\n|move|p1a: Weezing|Taunt|p2b: Cresselia\n|-start|p2b: Cresselia|move: Taunt\n|move|p2b: Cresselia|Ice Beam|p1a: Weezing\n|-crit|p1a: Weezing\n|-damage|p1a: Weezing|56\/100\n|-status|p1a: Weezing|frz\n|\n|upkeep\n|\n|t:|1700818472\n|switch|p1b: Ogerpon|Ogerpon-Wellspring, L50, F|100\/100\n|turn|3\n|\n|t:|1700818487\n|switch|p1b: Landorus|Landorus-Therian, L50, M|100\/100\n|move|p2a: Iron Hands|Wild Charge|p1b: Landorus\n|-immune|p1b: Landorus\n|cant|p1a: Weezing|frz\n|move|p2b: Cresselia|Psychic|p1b: Landorus\n|-damage|p1b: Landorus|69\/100\n|\n|upkeep\n|turn|4\n|\n|t:|1700818503\n|-end|p1a: Weezing|ability: Neutralizing Gas\n|-ability|p1b: Landorus|Intimidate|boost\n|-unboost|p2a: Iron Hands|atk|1\n|-unboost|p2b: Cresselia|atk|1\n|switch|p1a: Ogerpon|Ogerpon-Wellspring, L50, F|100\/100\n|move|p2a: Iron Hands|Wild Charge|p1a: Ogerpon\n|-damage|p1a: Ogerpon|65\/100\n|-damage|p2a: Iron Hands|93\/100|[from] Recoil\n|move|p2b: Cresselia|Ice Beam|p1b: Landorus\n|-supereffective|p1b: Landorus\n|-damage|p1b: Landorus|0 fnt\n|faint|p1b: Landorus\n|\n|-end|p2b: Cresselia|move: Taunt\n|upkeep\n|\n|t:|1700818519\n|switch|p1b: Weezing|Weezing, L50, F|56\/100 frz\n|-ability|p1b: Weezing|Neutralizing Gas\n|turn|5\n|\n|t:|1700818535\n|-end|p2a: Iron Hands|Quark Drive|[silent]\n|switch|p2a: Dragonite|Dragonite, L50, M|100\/100\n|-terastallize|p1a: Ogerpon|Water\n|detailschange|p1a: Ogerpon|Ogerpon-Wellspring-Tera, L50, F, tera:Water\n|cant|p1b: Weezing|frz\n|move|p2b: Cresselia|Psychic|p1b: Weezing\n|-supereffective|p1b: Weezing\n|-crit|p1b: Weezing\n|-damage|p1b: Weezing|0 fnt\n|faint|p1b: Weezing\n|-end|p1b: Weezing|ability: Neutralizing Gas\n|-ability|p1a: Ogerpon|Embody Aspect (Wellspring)|boost\n|-boost|p1a: Ogerpon|spd|1\n|move|p1a: Ogerpon|Horn Leech|p2a: Dragonite\n|-resisted|p2a: Dragonite\n|-damage|p2a: Dragonite|90\/100\n|-heal|p1a: Ogerpon|70\/100|[from] drain|[of] p2a: Dragonite\n|\n|-fieldend|move: Trick Room\n|upkeep\n|turn|6\n|\n|t:|1700818555\n|move|p1a: Ogerpon|Ivy Cudgel|p2b: Cresselia|[anim] Ivy Cudgel Water\n|-crit|p2b: Cresselia\n|-damage|p2b: Cresselia|25\/100\n|move|p2a: Dragonite|Outrage|p1a: Ogerpon\n|-damage|p1a: Ogerpon|0 fnt\n|faint|p1a: Ogerpon\n|\n|win|It\u2019sJustKen VGC\n|raw|omempoderoso's rating: 1372 &rarr; <strong>1356<\/strong><br \/>(-16 for losing)\n|raw|It\u2019sJustKen VGC's rating: 1445 &rarr; <strong>1461<\/strong><br \/>(+16 for winning)\n|l|\u203domempoderoso\n","uploadtime":1700818565,"views":5,"p1id":"omempoderoso","p2id":"itsjustkenvgc","formatid":"gen9vgc2023regulatione","rating":1356,"private":0,"password":""}