{"id":"gen9vgc2023regulatione-1999558393","p1":"BenGetsWeird","p2":"grecnarl","format":"[Gen 9] VGC 2023 Regulation E","log":"|j|\u2606BenGetsWeird\n|j|\u2606grecnarl\n|t:|1701096007\n|gametype|doubles\n|player|p1|BenGetsWeird|candice|1369\n|player|p2|grecnarl|clair|1435\n|teamsize|p1|6\n|teamsize|p2|6\n|gen|9\n|tier|[Gen 9] VGC 2023 Regulation E\n|rated|\n|rule|Species Clause: Limit one of each Pok\u00e9mon\n|rule|Item Clause: Limit one of each item\n|clearpoke\n|poke|p1|Regieleki, L50|\n|poke|p1|Regidrago, L50|\n|poke|p1|Heatran, L50, M|\n|poke|p1|Flutter Mane, L50|\n|poke|p1|Kingambit, L50, F|\n|poke|p1|Indeedee-F, L50, F|\n|poke|p2|Annihilape, L50, M|\n|poke|p2|Ogerpon-Wellspring, L50, F|\n|poke|p2|Tornadus, L50, M|\n|poke|p2|Landorus-Therian, L50, M|\n|poke|p2|Chien-Pao, L50|\n|poke|p2|Scream Tail, L50|\n|teampreview|4\n|inactive|Battle timer is ON: inactive players will automatically lose when time's up. (requested by BenGetsWeird)\n|inactive|BenGetsWeird has 60 seconds left.\n|inactive|grecnarl has 60 seconds left.\nBenGetsWeird rejected open team sheets.\n|\n|t:|1701096061\n|start\n|switch|p1a: Regieleki|Regieleki, L50|100\/100\n|switch|p1b: Migraine|Regidrago, L50, shiny|100\/100\n|switch|p2a: Tornadus|Tornadus, L50, M|100\/100\n|switch|p2b: Landorus|Landorus-Therian, L50, M|100\/100\n|-ability|p2b: Landorus|Intimidate|boost\n|-unboost|p1a: Regieleki|atk|1\n|-unboost|p1b: Migraine|atk|1\n|turn|1\n|inactive|BenGetsWeird has 30 seconds left.\n|inactive|grecnarl has 30 seconds left.\n|\n|t:|1701096093\n|switch|p2b: Scream Tail|Scream Tail, L50|100\/100\n|-enditem|p2b: Scream Tail|Booster Energy\n|-activate|p2b: Scream Tail|ability: Protosynthesis|[fromitem]\n|-start|p2b: Scream Tail|protosynthesisspe\n|-terastallize|p1a: Regieleki|Ice\n|move|p2a: Tornadus|Protect|p2a: Tornadus\n|-singleturn|p2a: Tornadus|Protect\n|move|p1b: Migraine|Protect|p1b: Migraine\n|-singleturn|p1b: Migraine|Protect\n|move|p1a: Regieleki|Tera Blast|p2b: Scream Tail|[anim] Tera Blast Ice\n|-damage|p2b: Scream Tail|74\/100\n|\n|upkeep\n|turn|2\n|inactive|BenGetsWeird has 30 seconds left.\n|inactive|grecnarl has 30 seconds left.\n|\n|t:|1701096122\n|switch|p1b: Heatran|Heatran, L50, M|100\/100\n|-terastallize|p2a: Tornadus|Steel\n|move|p2a: Tornadus|Tailwind|p2a: Tornadus\n|-sidestart|p2: grecnarl|move: Tailwind\n|move|p2b: Scream Tail|Encore||[still]\n|-fail|p2b: Scream Tail\n|move|p1a: Regieleki|Electroweb|p2b: Scream Tail|[spread] p2a,p2b\n|-damage|p2a: Tornadus|67\/100\n|-damage|p2b: Scream Tail|51\/100\n|-unboost|p2b: Scream Tail|spe|1\n|\n|upkeep\n|turn|3\n|inactive|BenGetsWeird has 30 seconds left.\n|inactive|grecnarl has 30 seconds left.\n|inactive|BenGetsWeird has 20 seconds left.\n|\n|t:|1701096159\n|switch|p2a: Landorus|Landorus-Therian, L50, M|100\/100\n|-ability|p2a: Landorus|Intimidate|boost\n|-unboost|p1a: Regieleki|atk|1\n|-unboost|p1b: Heatran|atk|1\n|move|p2b: Scream Tail|Encore|p1a: Regieleki\n|-start|p1a: Regieleki|Encore\n|move|p1a: Regieleki|Electroweb|p2a: Landorus|[spread] p2b\n|-immune|p2a: Landorus\n|-damage|p2b: Scream Tail|30\/100\n|-unboost|p2b: Scream Tail|spe|1\n|move|p1b: Heatran|Flash Cannon|p2b: Scream Tail\n|-supereffective|p2b: Scream Tail\n|-damage|p2b: Scream Tail|0 fnt\n|faint|p2b: Scream Tail\n|-end|p2b: Scream Tail|Protosynthesis|[silent]\n|\n|upkeep\n|\n|t:|1701096166\n|switch|p2b: Annihilape|Annihilape, L50, M|100\/100\n|turn|4\n|\n|t:|1701096185\n|switch|p1a: Pepper|Indeedee-F, L50, F, shiny|100\/100\n|-fieldstart|move: Psychic Terrain|[from] ability: Psychic Surge|[of] p1a: Pepper\n|move|p2b: Annihilape|Protect|p2b: Annihilape\n|-singleturn|p2b: Annihilape|Protect\n|move|p2a: Landorus|Earthquake|p1b: Heatran|[spread] p1a,p1b\n|-activate|p2b: Annihilape|move: Protect\n|-supereffective|p1b: Heatran\n|-damage|p1a: Pepper|58\/100\n|-damage|p1b: Heatran|0 fnt\n|faint|p1b: Heatran\n|\n|upkeep\n|\n|t:|1701096203\n|switch|p1b: Regieleki|Regieleki, L50, tera:Ice|100\/100\n|turn|5\n|\n|t:|1701096220\n|switch|p2a: Tornadus|Tornadus, L50, M, tera:Steel|67\/100\n|move|p1a: Pepper|Follow Me|p1a: Pepper\n|-singleturn|p1a: Pepper|move: Follow Me\n|move|p2b: Annihilape|Bulk Up|p2b: Annihilape\n|-boost|p2b: Annihilape|atk|1\n|-boost|p2b: Annihilape|def|1\n|move|p1b: Regieleki|Tera Blast|p2a: Tornadus|[anim] Tera Blast Ice\n|-resisted|p2a: Tornadus\n|-damage|p2a: Tornadus|46\/100\n|\n|-sideend|p2: grecnarl|move: Tailwind\n|upkeep\n|turn|6\n|inactive|BenGetsWeird has 30 seconds left.\n|inactive|grecnarl has 30 seconds left.\n|\n|t:|1701096253\n|move|p1b: Regieleki|Thunderbolt|p2a: Tornadus\n|-damage|p2a: Tornadus|0 fnt\n|faint|p2a: Tornadus\n|move|p2b: Annihilape|Drain Punch|p1a: Pepper\n|-damage|p1a: Pepper|8\/100\n|move|p1a: Pepper|Trick Room|p1a: Pepper\n|-fieldstart|move: Trick Room|[of] p1a: Pepper\n|\n|upkeep\n|\n|t:|1701096262\n|switch|p2a: Landorus|Landorus-Therian, L50, M|100\/100\n|-ability|p2a: Landorus|Intimidate|boost\n|-unboost|p1a: Pepper|atk|1\n|-unboost|p1b: Regieleki|atk|1\n|turn|7\n|\n|t:|1701096277\n|move|p1a: Pepper|Psychic|p2b: Annihilape\n|-supereffective|p2b: Annihilape\n|-damage|p2b: Annihilape|45\/100\n|move|p2a: Landorus|Earthquake|p1b: Regieleki|[spread] p2b,p1a,p1b\n|-damage|p2b: Annihilape|20\/100\n|-damage|p1a: Pepper|0 fnt\n|-damage|p1b: Regieleki|4\/100\n|faint|p1a: Pepper\n|move|p2b: Annihilape|Drain Punch|p1b: Regieleki\n|-supereffective|p1b: Regieleki\n|-damage|p1b: Regieleki|0 fnt\n|-heal|p2b: Annihilape|21\/100|[from] drain|[of] p1b: Regieleki\n|faint|p1b: Regieleki\n|\n|-heal|p2b: Annihilape|27\/100|[from] item: Leftovers\n|upkeep\n|\n|t:|1701096287\n|switch|p1a: Migraine|Regidrago, L50, shiny|100\/100\n|turn|8\n|\n|t:|1701096308\n|move|p2b: Annihilape|Protect|p2b: Annihilape\n|-singleturn|p2b: Annihilape|Protect\n|move|p2a: Landorus|Earthquake|p1a: Migraine|[spread] p1a\n|-activate|p2b: Annihilape|move: Protect\n|-damage|p1a: Migraine|54\/100\n|move|p1a: Migraine|Dragon Energy|p2b: Annihilape|[spread] p2a\n|-activate|p2b: Annihilape|move: Protect\n|-damage|p2a: Landorus|69\/100\n|\n|-heal|p2b: Annihilape|34\/100|[from] item: Leftovers\n|-fieldend|move: Psychic Terrain\n|upkeep\n|turn|9\n|\n|t:|1701096327\n|move|p1a: Migraine|Protect|p1a: Migraine\n|-singleturn|p1a: Migraine|Protect\n|move|p2a: Landorus|Earthquake|p1a: Migraine|[spread] p2b\n|-activate|p1a: Migraine|move: Protect\n|-damage|p2b: Annihilape|9\/100\n|move|p2b: Annihilape|Rage Fist|p1a: Migraine\n|-activate|p1a: Migraine|move: Protect\n|\n|-heal|p2b: Annihilape|15\/100|[from] item: Leftovers\n|upkeep\n|turn|10\n|\n|t:|1701096349\n|move|p1a: Migraine|Protect|p1a: Migraine\n|-singleturn|p1a: Migraine|Protect\n|move|p2a: Landorus|U-turn|p1a: Migraine\n|-activate|p1a: Migraine|move: Protect\n|move|p2b: Annihilape|Rage Fist|p1a: Migraine\n|-activate|p1a: Migraine|move: Protect\n|\n|-heal|p2b: Annihilape|22\/100|[from] item: Leftovers\n|-fieldend|move: Trick Room\n|upkeep\n|turn|11\n|\n|t:|1701096359\n|move|p2b: Annihilape|Protect|p2b: Annihilape\n|-singleturn|p2b: Annihilape|Protect\n|move|p1a: Migraine|Dragon Energy|p2b: Annihilape|[spread] p2a\n|-activate|p2b: Annihilape|move: Protect\n|-damage|p2a: Landorus|40\/100\n|move|p2a: Landorus|Earthquake|p1a: Migraine|[spread] p1a\n|-activate|p2b: Annihilape|move: Protect\n|-damage|p1a: Migraine|6\/100\n|\n|-heal|p2b: Annihilape|28\/100|[from] item: Leftovers\n|upkeep\n|turn|12\n|\n|t:|1701096369\n|move|p1a: Migraine|Draco Meteor|p2a: Landorus\n|-damage|p2a: Landorus|0 fnt\n|-unboost|p1a: Migraine|spa|2\n|faint|p2a: Landorus\n|move|p2b: Annihilape|Rage Fist|p1a: Migraine\n|-damage|p1a: Migraine|0 fnt\n|faint|p1a: Migraine\n|\n|win|grecnarl\n|raw|BenGetsWeird's rating: 1369 &rarr; <strong>1353<\/strong><br \/>(-16 for losing)\n|raw|grecnarl's rating: 1435 &rarr; <strong>1451<\/strong><br \/>(+16 for winning)\n|l|\u2606grecnarl\n","uploadtime":1701096381,"views":8,"p1id":"bengetsweird","p2id":"grecnarl","formatid":"gen9vgc2023regulatione","rating":1353,"private":0,"password":""}