{"id":"gen9vgc2023regulatione-1992174960","p1":"afonsinho321","p2":"Yoyoforce","format":"[Gen 9] VGC 2023 Regulation E","log":"|j|\u2606afonsinho321\n|j|\u2606Yoyoforce\n|t:|1700161214\n|gametype|doubles\n|player|p1|afonsinho321|guitarist-gen4|1000\n|player|p2|Yoyoforce|alder|1000\n|teamsize|p1|6\n|teamsize|p2|6\n|gen|9\n|tier|[Gen 9] VGC 2023 Regulation E\n|rated|\n|rule|Species Clause: Limit one of each Pok\u00e9mon\n|rule|Item Clause: Limit one of each item\n|clearpoke\n|poke|p1|Amoonguss, L50, M|\n|poke|p1|Goodra-Hisui, L50, F|\n|poke|p1|Ting-Lu, L50|\n|poke|p1|Arcanine, L50, M|\n|poke|p1|Palafin, L50, F|\n|poke|p1|Roaring Moon, L50|\n|poke|p2|Chi-Yu, L50|\n|poke|p2|Tornadus, L50, M|\n|poke|p2|Landorus-Therian, L50, M|\n|poke|p2|Flutter Mane, L50|\n|poke|p2|Iron Hands, L50|\n|poke|p2|Ogerpon-Wellspring, L50, F|\n|teampreview|4\nYoyoforce rejected open team sheets.\n|inactive|Battle timer is ON: inactive players will automatically lose when time's up. (requested by afonsinho321)\n|\n|t:|1700161277\n|start\n|switch|p1a: Amoonguss|Amoonguss, L50, M|100\/100\n|switch|p1b: Palafin|Palafin, L50, F|100\/100\n|switch|p2a: Huo Yan|Chi-Yu, L50|100\/100\n|switch|p2b: Hariken|Tornadus, L50, M|100\/100\n|-ability|p2a: Huo Yan|Beads of Ruin\n|turn|1\n|\n|t:|1700161294\n|-terastallize|p1b: Palafin|Water\n|move|p2b: Hariken|Protect|p2b: Hariken\n|-singleturn|p2b: Hariken|Protect\n|move|p2a: Huo Yan|Protect|p2a: Huo Yan\n|-singleturn|p2a: Huo Yan|Protect\n|move|p1b: Palafin|Jet Punch|p2a: Huo Yan\n|-activate|p2a: Huo Yan|move: Protect\n|move|p1a: Amoonguss|Spore|p2b: Hariken\n|-activate|p2b: Hariken|move: Protect\n|\n|upkeep\n|turn|2\n|inactive|Yoyoforce has 30 seconds left.\n|\n|t:|1700161321\n|switch|p1a: Arcanine|Arcanine, L50, M|100\/100\n|-ability|p1a: Arcanine|Intimidate|boost\n|-unboost|p2a: Huo Yan|atk|1\n|-unboost|p2b: Hariken|atk|1\n|-terastallize|p2a: Huo Yan|Grass\n|move|p1b: Palafin|Jet Punch|p2b: Hariken\n|-damage|p2b: Hariken|57\/100\n|-damage|p1b: Palafin|84\/100|[from] item: Rocky Helmet|[of] p2b: Hariken\n|move|p2b: Hariken|Tailwind|p2b: Hariken\n|-sidestart|p2: Yoyoforce|move: Tailwind\n|move|p2a: Huo Yan|Tera Blast|p1b: Palafin|[anim] Tera Blast Grass\n|-supereffective|p1b: Palafin\n|-damage|p1b: Palafin|0 fnt\n|faint|p1b: Palafin\n|-damage|p2a: Huo Yan|91\/100|[from] item: Life Orb\n|\n|upkeep\n|c|\u2606Yoyoforce|HAHA\n|\n|t:|1700161340\n|switch|p1b: Roaring Moon|Roaring Moon, L50|100\/100\n|-enditem|p1b: Roaring Moon|Booster Energy\n|-activate|p1b: Roaring Moon|ability: Protosynthesis|[fromitem]\n|-start|p1b: Roaring Moon|protosynthesisspe\n|turn|3\n|\n|t:|1700161355\n|move|p2a: Huo Yan|Protect|p2a: Huo Yan\n|-singleturn|p2a: Huo Yan|Protect\n|move|p2b: Hariken|Sunny Day|p2b: Hariken\n|-weather|SunnyDay\n|move|p1b: Roaring Moon|Dragon Dance|p1b: Roaring Moon\n|-boost|p1b: Roaring Moon|atk|1\n|-boost|p1b: Roaring Moon|spe|1\n|move|p1a: Arcanine|Snarl|p2a: Huo Yan|[spread] p2b\n|-activate|p2a: Huo Yan|move: Protect\n|-damage|p2b: Hariken|42\/100\n|-unboost|p2b: Hariken|spa|1\n|\n|-weather|SunnyDay|[upkeep]\n|upkeep\n|turn|4\n|inactive|afonsinho321 has 30 seconds left.\n|\n|t:|1700161383\n|switch|p2a: Ame|Ogerpon-Wellspring, L50, F|100\/100\n|move|p1b: Roaring Moon|Crunch|p2a: Ame\n|-damage|p2a: Ame|35\/100\n|-unboost|p2a: Ame|def|1\n|move|p2b: Hariken|Bleakwind Storm|p1a: Arcanine|[spread] p1a,p1b\n|-damage|p1a: Arcanine|78\/100\n|-damage|p1b: Roaring Moon|82\/100\n|move|p1a: Arcanine|Snarl|p2b: Hariken|[spread] p2a,p2b\n|-damage|p2a: Ame|26\/100\n|-damage|p2b: Hariken|31\/100\n|-unboost|p2a: Ame|spa|1\n|-unboost|p2b: Hariken|spa|1\n|\n|-weather|SunnyDay|[upkeep]\n|upkeep\n|turn|5\n|inactive|afonsinho321 has 30 seconds left.\n|\n|t:|1700161409\n|switch|p1a: Amoonguss|Amoonguss, L50, M|100\/100\n|move|p2b: Hariken|Protect|p2b: Hariken\n|-singleturn|p2b: Hariken|Protect\n|move|p1b: Roaring Moon|Crunch|p2a: Ame\n|-damage|p2a: Ame|0 fnt\n|faint|p2a: Ame\n|\n|-weather|SunnyDay|[upkeep]\n|-sideend|p2: Yoyoforce|move: Tailwind\n|upkeep\n|\n|t:|1700161419\n|switch|p2a: Misdreamus|Flutter Mane, L50, shiny|100\/100\n|-activate|p2a: Misdreamus|ability: Protosynthesis\n|-start|p2a: Misdreamus|protosynthesisspe\n|turn|6\n|inactive|afonsinho321 has 30 seconds left.\n|inactive|afonsinho321 has 20 seconds left.\n|inactive|Yoyoforce has 30 seconds left.\n|inactive|afonsinho321 has 15 seconds left.\n|\n|t:|1700161464\n|move|p1a: Amoonguss|Rage Powder|p1a: Amoonguss\n|-singleturn|p1a: Amoonguss|move: Rage Powder\n|move|p2b: Hariken|Tailwind|p2b: Hariken\n|-sidestart|p2: Yoyoforce|move: Tailwind\n|move|p2a: Misdreamus|Moonblast|p1a: Amoonguss\n|-resisted|p1a: Amoonguss\n|-damage|p1a: Amoonguss|74\/100\n|move|p1b: Roaring Moon|Dragon Claw|p2a: Misdreamus\n|-immune|p2a: Misdreamus\n|\n|-weather|SunnyDay|[upkeep]\n|-heal|p1a: Amoonguss|80\/100|[from] item: Leftovers\n|upkeep\n|turn|7\n|c|\u2606Yoyoforce|dumbass\n|\n|t:|1700161484\n|-end|p1b: Roaring Moon|Protosynthesis|[silent]\n|switch|p1b: Arcanine|Arcanine, L50, M|78\/100\n|-ability|p1b: Arcanine|Intimidate|boost\n|-unboost|p2a: Misdreamus|atk|1\n|-unboost|p2b: Hariken|atk|1\n|move|p2a: Misdreamus|Moonblast|p1b: Arcanine\n|-resisted|p1b: Arcanine\n|-damage|p1b: Arcanine|42\/100\n|-unboost|p1b: Arcanine|spa|1\n|move|p2b: Hariken|Bleakwind Storm|p1a: Amoonguss|[spread] p1a,p1b\n|-supereffective|p1a: Amoonguss\n|-crit|p1b: Arcanine\n|-damage|p1a: Amoonguss|53\/100\n|-damage|p1b: Arcanine|0 fnt\n|-unboost|p1a: Amoonguss|spe|1\n|faint|p1b: Arcanine\n|move|p1a: Amoonguss|Spore|p2a: Misdreamus\n|-status|p2a: Misdreamus|slp|[from] move: Spore\n|\n|-weather|none\n|-end|p2a: Misdreamus|Protosynthesis\n|-heal|p1a: Amoonguss|59\/100|[from] item: Leftovers\n|upkeep\n|\n|t:|1700161502\n|switch|p1b: Roaring Moon|Roaring Moon, L50|82\/100\n|turn|8\n|inactive|Yoyoforce has 30 seconds left.\n|\n|t:|1700161537\n|cant|p2a: Misdreamus|slp\n|move|p2b: Hariken|Bleakwind Storm|p1b: Roaring Moon|[spread] p1a\n|-miss|p2b: Hariken|p1b: Roaring Moon\n|-supereffective|p1a: Amoonguss\n|-damage|p1a: Amoonguss|31\/100\n|-unboost|p1a: Amoonguss|spe|1\n|move|p1b: Roaring Moon|Dragon Dance|p1b: Roaring Moon\n|-boost|p1b: Roaring Moon|atk|1\n|-boost|p1b: Roaring Moon|spe|1\n|move|p1a: Amoonguss|Pollen Puff|p1b: Roaring Moon\n|-heal|p1b: Roaring Moon|100\/100\n|\n|-heal|p1a: Amoonguss|37\/100|[from] item: Leftovers\n|upkeep\n|turn|9\n|inactive|Yoyoforce has 30 seconds left.\n|inactive|Yoyoforce has 20 seconds left.\n|\n|t:|1700161572\n|move|p2b: Hariken|Sunny Day|p2b: Hariken\n|-weather|SunnyDay\n|-activate|p2a: Misdreamus|ability: Protosynthesis\n|-start|p2a: Misdreamus|protosynthesisspe\n|-activate|p1b: Roaring Moon|ability: Protosynthesis\n|-start|p1b: Roaring Moon|protosynthesisspe\n|-curestatus|p2a: Misdreamus|slp|[msg]\n|move|p2a: Misdreamus|Moonblast|p1b: Roaring Moon\n|-supereffective|p1b: Roaring Moon\n|-damage|p1b: Roaring Moon|0 fnt\n|faint|p1b: Roaring Moon\n|-end|p1b: Roaring Moon|Protosynthesis|[silent]\n|move|p1a: Amoonguss|Spore|p2b: Hariken\n|-status|p2b: Hariken|slp|[from] move: Spore\n|\n|-weather|SunnyDay|[upkeep]\n|-heal|p1a: Amoonguss|43\/100|[from] item: Leftovers\n|-sideend|p2: Yoyoforce|move: Tailwind\n|upkeep\n|turn|10\n|-message|afonsinho321 forfeited.\n|\n|win|Yoyoforce\n|raw|afonsinho321's rating: 1000 &rarr; <strong>1000<\/strong><br \/>(+0 for losing)\n|raw|Yoyoforce's rating: 1000 &rarr; <strong>1040<\/strong><br \/>(+40 for winning)\n|l|\u2606afonsinho321\n","uploadtime":1700161588,"views":47,"p1id":"afonsinho321","p2id":"yoyoforce","formatid":"gen9vgc2023regulatione","rating":1000,"private":0,"password":""}