{"id":"gen9vgc2023regulatione-1994669752","p1":"GAPDH","p2":"ZakyVGC","format":"[Gen 9] VGC 2023 Regulation E","log":"|j|\u2606GAPDH\n|j|\u2606ZakyVGC\n|t:|1700478550\n|gametype|doubles\n|player|p1|GAPDH|ruinmaniac|1404\n|player|p2|ZakyVGC|101|1486\n|teamsize|p1|6\n|teamsize|p2|6\n|gen|9\n|tier|[Gen 9] VGC 2023 Regulation E\n|rated|\n|rule|Species Clause: Limit one of each Pok\u00e9mon\n|rule|Item Clause: Limit one of each item\n|clearpoke\n|poke|p1|Ninetales-Alola, L50, M|\n|poke|p1|Iron Bundle, L50|\n|poke|p1|Chi-Yu, L50|\n|poke|p1|Dachsbun, L50, M|\n|poke|p1|Fezandipiti, L50, M|\n|poke|p1|Cresselia, L50, F|\n|poke|p2|Urshifu-*, L50, M|\n|poke|p2|Arcanine-Hisui, L50, F|\n|poke|p2|Rillaboom, L50, M|\n|poke|p2|Flutter Mane, L50|\n|poke|p2|Tornadus, L50, M|\n|poke|p2|Chien-Pao, L50|\n|teampreview|4\n|inactive|Battle timer is ON: inactive players will automatically lose when time's up. (requested by ZakyVGC)\nGAPDH has agreed to open team sheets.\n|\n|t:|1700478571\n|start\n|switch|p1a: Fezandipiti|Fezandipiti, L50, M|100\/100\n|switch|p1b: Iron Bundle|Iron Bundle, L50|100\/100\n|switch|p2a: Tornadus|Tornadus, L50, M|100\/100\n|switch|p2b: Arcanine|Arcanine-Hisui, L50, F|100\/100\n|-ability|p2b: Arcanine|Intimidate|boost\n|-unboost|p1a: Fezandipiti|atk|1\n|-unboost|p1b: Iron Bundle|atk|1\n|-enditem|p1b: Iron Bundle|Booster Energy\n|-activate|p1b: Iron Bundle|ability: Quark Drive|[fromitem]\n|-start|p1b: Iron Bundle|quarkdrivespe\n|turn|1\n|inactive|ZakyVGC has 30 seconds left.\n|inactive|ZakyVGC has 20 seconds left.\n|inactive|ZakyVGC has 15 seconds left.\n|\n|t:|1700478614\n|-terastallize|p2a: Tornadus|Ghost\n|move|p1b: Iron Bundle|Protect|p1b: Iron Bundle\n|-singleturn|p1b: Iron Bundle|Protect\n|move|p2a: Tornadus|Tailwind|p2a: Tornadus\n|-sidestart|p2: ZakyVGC|move: Tailwind\n|move|p2b: Arcanine|Head Smash|p1a: Fezandipiti\n|-damage|p1a: Fezandipiti|14\/100\n|-enditem|p1a: Fezandipiti|Sitrus Berry|[eat]\n|-heal|p1a: Fezandipiti|38\/100|[from] item: Sitrus Berry\n|-damage|p2b: Arcanine|53\/100|[from] Recoil\n|move|p1a: Fezandipiti|Tailwind|p1a: Fezandipiti\n|-sidestart|p1: GAPDH|move: Tailwind\n|\n|upkeep\n|turn|2\n|\n|t:|1700478634\n|move|p1b: Iron Bundle|Hydro Pump|p2b: Arcanine|[miss]\n|-miss|p1b: Iron Bundle|p2b: Arcanine\n|move|p2b: Arcanine|Head Smash|p1b: Iron Bundle\n|-supereffective|p1b: Iron Bundle\n|-damage|p1b: Iron Bundle|0 fnt\n|faint|p1b: Iron Bundle\n|-end|p1b: Iron Bundle|Quark Drive|[silent]\n|-damage|p2b: Arcanine|16\/100|[from] Recoil\n|move|p2a: Tornadus|Bleakwind Storm|p1a: Fezandipiti\n|-damage|p1a: Fezandipiti|4\/100\n|-unboost|p1a: Fezandipiti|spe|1\n|move|p1a: Fezandipiti|Icy Wind|p2b: Arcanine|[spread] p2a,p2b\n|-crit|p2a: Tornadus\n|-resisted|p2b: Arcanine\n|-damage|p2a: Tornadus|91\/100\n|-damage|p2b: Arcanine|12\/100\n|-unboost|p2a: Tornadus|spe|1\n|-unboost|p2b: Arcanine|spe|1\n|-status|p2a: Tornadus|tox|[from] ability: Toxic Chain|[of] p1a: Fezandipiti\n|\n|-damage|p2a: Tornadus|85\/100 tox|[from] psn\n|upkeep\n|\n|t:|1700478654\n|switch|p1b: Chi-Yu|Chi-Yu, L50|100\/100\n|-ability|p1b: Chi-Yu|Beads of Ruin\n|turn|3\n|\n|t:|1700478665\n|switch|p1a: Dachsbun|Dachsbun, L50, M, shiny|100\/100\n|move|p2a: Tornadus|Rain Dance|p2a: Tornadus\n|-weather|RainDance\n|move|p1b: Chi-Yu|Lava Plume|p2b: Arcanine|[spread] p2a,p2b\n|-ability|p1a: Dachsbun|Well-Baked Body|boost\n|-boost|p1a: Dachsbun|def|2\n|-resisted|p2b: Arcanine\n|-damage|p2a: Tornadus|66\/100 tox\n|-damage|p2b: Arcanine|6\/100\n|move|p2b: Arcanine|Head Smash|p1b: Chi-Yu\n|-supereffective|p1b: Chi-Yu\n|-damage|p1b: Chi-Yu|0 fnt\n|faint|p1b: Chi-Yu\n|-damage|p2b: Arcanine|0 fnt|[from] Recoil\n|faint|p2b: Arcanine\n|\n|-weather|RainDance|[upkeep]\n|-damage|p2a: Tornadus|54\/100 tox|[from] psn\n|upkeep\n|\n|t:|1700478681\n|switch|p1b: Fezandipiti|Fezandipiti, L50, M|4\/100\n|switch|p2b: Urshifu|Urshifu-Rapid-Strike, L50, M|100\/100\n|turn|4\n|\n|t:|1700478699\n|-terastallize|p1a: Dachsbun|Water\n|move|p2b: Urshifu|Detect|p2b: Urshifu\n|-singleturn|p2b: Urshifu|Protect\n|move|p1b: Fezandipiti|Roost|p1b: Fezandipiti\n|-heal|p1b: Fezandipiti|54\/100\n|-singleturn|p1b: Fezandipiti|move: Roost\n|move|p1a: Dachsbun|Body Press|p2b: Urshifu\n|-activate|p2b: Urshifu|move: Protect\n|move|p2a: Tornadus|Bleakwind Storm|p1b: Fezandipiti|[spread] p1a,p1b\n|-damage|p1a: Dachsbun|69\/100\n|-damage|p1b: Fezandipiti|29\/100\n|-unboost|p1a: Dachsbun|spe|1\n|\n|-weather|RainDance|[upkeep]\n|-heal|p1a: Dachsbun|75\/100|[from] item: Leftovers\n|-damage|p2a: Tornadus|37\/100 tox|[from] psn\n|-sideend|p1: GAPDH|move: Tailwind\n|-sideend|p2: ZakyVGC|move: Tailwind\n|upkeep\n|turn|5\n|\n|t:|1700478723\n|move|p2b: Urshifu|Close Combat|p1a: Dachsbun\n|-damage|p1a: Dachsbun|46\/100\n|-unboost|p2b: Urshifu|def|1\n|-unboost|p2b: Urshifu|spd|1\n|move|p1b: Fezandipiti|Tailwind|p1b: Fezandipiti\n|-sidestart|p1: GAPDH|move: Tailwind\n|move|p1a: Dachsbun|Body Press|p2b: Urshifu\n|-damage|p2b: Urshifu|27\/100\n|move|p2a: Tornadus|Bleakwind Storm|p1b: Fezandipiti|[spread] p1a,p1b\n|-damage|p1a: Dachsbun|16\/100\n|-damage|p1b: Fezandipiti|5\/100\n|\n|-weather|RainDance|[upkeep]\n|-heal|p1a: Dachsbun|22\/100|[from] item: Leftovers\n|-damage|p2a: Tornadus|13\/100 tox|[from] psn\n|upkeep\n|turn|6\n|\n|t:|1700478747\n|move|p1b: Fezandipiti|Dazzling Gleam|p2b: Urshifu|[spread] p2a,p2b\n|-supereffective|p2b: Urshifu\n|-damage|p2a: Tornadus|0 fnt\n|-damage|p2b: Urshifu|0 fnt\n|faint|p2a: Tornadus\n|faint|p2b: Urshifu\n|move|p1a: Dachsbun|Body Press|p2: Tornadus|[notarget]\n|-fail|p1a: Dachsbun\n|\n|-weather|RainDance|[upkeep]\n|-heal|p1a: Dachsbun|28\/100|[from] item: Leftovers\n|upkeep\n|\n|t:|1700478751\n|switch|p2b: Chien-Pao|Chien-Pao, L50|100\/100\n|-ability|p2b: Chien-Pao|Sword of Ruin\n|turn|7\n|\n|t:|1700478769\n|move|p2b: Chien-Pao|Protect|p2b: Chien-Pao\n|-singleturn|p2b: Chien-Pao|Protect\n|move|p1b: Fezandipiti|Roost|p1b: Fezandipiti\n|-heal|p1b: Fezandipiti|55\/100\n|-singleturn|p1b: Fezandipiti|move: Roost\n|move|p1a: Dachsbun|Body Press|p2b: Chien-Pao\n|-activate|p2b: Chien-Pao|move: Protect\n|\n|-weather|none\n|-heal|p1a: Dachsbun|34\/100|[from] item: Leftovers\n|upkeep\n|turn|8\n|\n|t:|1700478780\n|move|p2b: Chien-Pao|Protect||[still]\n|-fail|p2b: Chien-Pao\n|move|p1b: Fezandipiti|Icy Wind|p2b: Chien-Pao\n|-resisted|p2b: Chien-Pao\n|-damage|p2b: Chien-Pao|93\/100\n|-unboost|p2b: Chien-Pao|spe|1\n|move|p1a: Dachsbun|Body Press|p2b: Chien-Pao\n|-supereffective|p2b: Chien-Pao\n|-damage|p2b: Chien-Pao|0 fnt\n|faint|p2b: Chien-Pao\n|\n|win|GAPDH\n|raw|GAPDH's rating: 1404 &rarr; <strong>1429<\/strong><br \/>(+25 for winning)\n|raw|ZakyVGC's rating: 1486 &rarr; <strong>1461<\/strong><br \/>(-25 for losing)\n|l|\u2606ZakyVGC\n","uploadtime":1700478799,"views":5,"p1id":"gapdh","p2id":"zakyvgc","formatid":"gen9vgc2023regulatione","rating":1429,"private":0,"password":""}