{"id":"gen9vgc2023regulatione-1993225280","p1":"batterytestingzone","p2":"Some Chump","format":"[Gen 9] VGC 2023 Regulation E","log":"|j|\u2606batterytestingzone\n|j|\u2606Some Chump\n|t:|1700280523\n|gametype|doubles\n|player|p1|batterytestingzone|169|1132\n|player|p2|Some Chump|youngster-gen4dp|1093\n|teamsize|p1|6\n|teamsize|p2|6\n|gen|9\n|tier|[Gen 9] VGC 2023 Regulation E\n|rated|\n|rule|Species Clause: Limit one of each Pok\u00e9mon\n|rule|Item Clause: Limit one of each item\n|clearpoke\n|poke|p1|Arcanine-Hisui, L50, F|\n|poke|p1|Maushold-Four, L50|\n|poke|p1|Iron Hands, L50|\n|poke|p1|Zoroark-Hisui, L50, M|\n|poke|p1|Ogerpon-Wellspring, L50, F|\n|poke|p1|Annihilape, L50, F|\n|poke|p2|Ting-Lu, L50|\n|poke|p2|Goodra-Hisui, L50, F|\n|poke|p2|Kommo-o, L50, M|\n|poke|p2|Gliscor, L50, F|\n|poke|p2|Sinistcha-Masterpiece, L50|\n|poke|p2|Cyclizar, L50, F|\n|teampreview|4\n|\n|t:|1700280548\n|start\n|switch|p1a: Arcanine|Arcanine-Hisui, L50, F|100\/100\n|switch|p1b: Iron Hands|Iron Hands, L50|100\/100\n|switch|p2a: Cyclizar|Cyclizar, L50, F|100\/100\n|switch|p2b: Sinistcha|Sinistcha-Masterpiece, L50|100\/100\n|-ability|p1a: Arcanine|Intimidate|boost\n|-unboost|p2a: Cyclizar|atk|1\n|-unboost|p2b: Sinistcha|atk|1\n|turn|1\n|\n|t:|1700280583\n|switch|p1b: Ogerpon|Ogerpon-Wellspring, L50, F|100\/100\n|move|p2b: Sinistcha|Rage Powder|p2b: Sinistcha\n|-singleturn|p2b: Sinistcha|move: Rage Powder\n|move|p2a: Cyclizar|Shed Tail|p2a: Cyclizar\n|-start|p2a: Cyclizar|Substitute|[from] move: Shed Tail\n|-damage|p2a: Cyclizar|50\/100\n|-enditem|p2a: Cyclizar|Sitrus Berry|[eat]\n|-heal|p2a: Cyclizar|75\/100|[from] item: Sitrus Berry\n|\n|t:|1700280600\n|switch|p2a: Kommo-o|Kommo-o, L50, M|100\/100|[from] Shed Tail\n|move|p1a: Arcanine|Flare Blitz|p2b: Sinistcha\n|-supereffective|p2b: Sinistcha\n|-enditem|p2b: Sinistcha|Focus Sash\n|-damage|p2b: Sinistcha|1\/100\n|-damage|p1a: Arcanine|68\/100|[from] Recoil\n|\n|upkeep\n|turn|2\n|\n|t:|1700280614\n|move|p2b: Sinistcha|Rage Powder|p2b: Sinistcha\n|-singleturn|p2b: Sinistcha|move: Rage Powder\n|move|p1b: Ogerpon|Substitute|p1b: Ogerpon\n|-start|p1b: Ogerpon|Substitute\n|-damage|p1b: Ogerpon|75\/100\n|move|p2a: Kommo-o|Belly Drum|p2a: Kommo-o\n|-damage|p2a: Kommo-o|50\/100\n|-setboost|p2a: Kommo-o|atk|6|[from] move: Belly Drum\n|move|p1a: Arcanine|Flare Blitz|p2b: Sinistcha\n|-supereffective|p2b: Sinistcha\n|-damage|p2b: Sinistcha|0 fnt\n|faint|p2b: Sinistcha\n|-damage|p1a: Arcanine|68\/100|[from] Recoil\n|\n|upkeep\n|\n|t:|1700280628\n|switch|p2b: Cyclizar|Cyclizar, L50, F|100\/100\n|turn|3\n|\n|t:|1700280646\n|move|p1b: Ogerpon|Ivy Cudgel|p2a: Kommo-o|[anim] Ivy Cudgel Water\n|-resisted|p2a: Kommo-o\n|-crit|p2a: Kommo-o\n|-end|p2a: Kommo-o|Substitute\n|move|p2b: Cyclizar|Shed Tail|p2b: Cyclizar\n|-start|p2b: Cyclizar|Substitute|[from] move: Shed Tail\n|-damage|p2b: Cyclizar|50\/100\n|\n|t:|1700280652\n|switch|p2b: Gliscor|Gliscor, L50, F|100\/100|[from] Shed Tail\n|move|p2a: Kommo-o|Rock Slide|p1a: Arcanine|[spread] p1a,p1b\n|-end|p1b: Ogerpon|Substitute\n|-supereffective|p1a: Arcanine\n|-damage|p1a: Arcanine|0 fnt\n|faint|p1a: Arcanine\n|\n|-status|p2b: Gliscor|tox|[from] item: Toxic Orb\n|upkeep\n|\n|t:|1700280661\n|switch|p1a: Iron Hands|Iron Hands, L50|100\/100\n|turn|4\n|\n|t:|1700280670\n|move|p1a: Iron Hands|Icy Wind|p2a: Kommo-o|[spread] p2a,p2b\n|-supereffective|p2b: Gliscor\n|-end|p2b: Gliscor|Substitute\n|-supereffective|p2a: Kommo-o\n|-damage|p2a: Kommo-o|18\/100\n|-unboost|p2a: Kommo-o|spe|1\n|-enditem|p2a: Kommo-o|Aguav Berry|[eat]\n|-heal|p2a: Kommo-o|52\/100|[from] item: Aguav Berry\n|move|p1b: Ogerpon|Ivy Cudgel|p2b: Gliscor|[anim] Ivy Cudgel Water\n|-supereffective|p2b: Gliscor\n|-damage|p2b: Gliscor|0 fnt\n|faint|p2b: Gliscor\n|move|p2a: Kommo-o|Drain Punch|p1a: Iron Hands\n|-immune|p1a: Iron Hands\n|\n|upkeep\n|\n|t:|1700280686\n|switch|p2b: Cyclizar|Cyclizar, L50, F|83\/100\n|turn|5\n|\n|t:|1700280702\n|-terastallize|p1a: Iron Hands|Normal\n|move|p1b: Ogerpon|Spiky Shield|p1b: Ogerpon\n|-singleturn|p1b: Ogerpon|move: Protect\n|move|p1a: Iron Hands|Hyper Voice|p2b: Cyclizar|[spread] p2a,p2b\n|-damage|p2a: Kommo-o|0 fnt\n|-damage|p2b: Cyclizar|3\/100\n|faint|p2a: Kommo-o\n|-enditem|p1a: Iron Hands|Throat Spray\n|-boost|p1a: Iron Hands|spa|1|[from] item: Throat Spray\n|move|p2b: Cyclizar|Breaking Swipe|p1b: Ogerpon|[spread] p1a\n|-activate|p1b: Ogerpon|move: Protect\n|-damage|p2b: Cyclizar|0 fnt|[from] Spiky Shield|[of] p1b: Ogerpon\n|-damage|p1a: Iron Hands|57\/100\n|-unboost|p1a: Iron Hands|atk|1\n|replace|p1a: Zoroark|Zoroark-Hisui, L50, M\n|-end|p1a: Zoroark|Illusion\n|faint|p2b: Cyclizar\n|\n|win|batterytestingzone\n|raw|batterytestingzone's rating: 1132 &rarr; <strong>1154<\/strong><br \/>(+22 for winning)\n|raw|Some Chump's rating: 1093 &rarr; <strong>1072<\/strong><br \/>(-21 for losing)\n|l|\u2606Some Chump\n","uploadtime":1700280723,"views":11,"p1id":"batterytestingzone","p2id":"somechump","formatid":"gen9vgc2023regulatione","rating":1072,"private":0,"password":""}