{"id":"gen9vgc2023regulatione-1997029028","p1":"MonsieurLeChonk","p2":"Jadedragon61","format":"[Gen 9] VGC 2023 Regulation E","log":"|j|\u2606MonsieurLeChonk\n|j|\u2606Jadedragon61\n|t:|1700757322\n|gametype|doubles\n|player|p1|MonsieurLeChonk|artist-gen4|1437\n|player|p2|Jadedragon61|colress|1396\n|teamsize|p1|6\n|teamsize|p2|6\n|gen|9\n|tier|[Gen 9] VGC 2023 Regulation E\n|rated|\n|rule|Species Clause: Limit one of each Pok\u00e9mon\n|rule|Item Clause: Limit one of each item\n|clearpoke\n|poke|p1|Ting-Lu, L50|\n|poke|p1|Corviknight, L50, M|\n|poke|p1|Flutter Mane, L50|\n|poke|p1|Arcanine, L50, F|\n|poke|p1|Amoonguss, L50, M|\n|poke|p1|Rotom-Wash, L50|\n|poke|p2|Tyranitar, L50, M|\n|poke|p2|Rillaboom, L50, F|\n|poke|p2|Kommo-o, L50, F|\n|poke|p2|Iron Bundle, L50|\n|poke|p2|Flutter Mane, L50|\n|poke|p2|Landorus-Therian, L50, M|\n|teampreview|4\n|\n|t:|1700757365\n|start\n|switch|p1a: Corviknight|Corviknight, L50, M|100\/100\n|switch|p1b: Arcanine|Arcanine, L50, F|100\/100\n|switch|p2a: Monke|Rillaboom, L50, F, shiny|100\/100\n|switch|p2b: Haitatsu!|Iron Bundle, L50, shiny|100\/100\n|-ability|p1b: Arcanine|Intimidate|boost\n|-unboost|p2a: Monke|atk|1\n|-unboost|p2b: Haitatsu!|atk|1\n|-fieldstart|move: Grassy Terrain|[from] ability: Grassy Surge|[of] p2a: Monke\n|-enditem|p2b: Haitatsu!|Booster Energy\n|-activate|p2b: Haitatsu!|ability: Quark Drive|[fromitem]\n|-start|p2b: Haitatsu!|quarkdrivespe\n|turn|1\n|\n|t:|1700757391\n|move|p1b: Arcanine|Protect|p1b: Arcanine\n|-singleturn|p1b: Arcanine|Protect\n|move|p2a: Monke|Fake Out|p1b: Arcanine\n|-activate|p1b: Arcanine|move: Protect\n|move|p2b: Haitatsu!|Hydro Pump|p1a: Corviknight\n|-damage|p1a: Corviknight|52\/100\n|move|p1a: Corviknight|Brave Bird|p2b: Haitatsu!\n|-damage|p2b: Haitatsu!|47\/100\n|-damage|p1a: Corviknight|40\/100|[from] Recoil\n|\n|-heal|p2b: Haitatsu!|54\/100|[from] Grassy Terrain\n|upkeep\n|turn|2\n|\n|t:|1700757420\n|switch|p2a: Creamed corn|Landorus-Therian, L50, M, shiny|100\/100\n|-ability|p2a: Creamed corn|Intimidate|boost\n|-ability|p1a: Corviknight|Mirror Armor\n|-unboost|p2a: Creamed corn|atk|1\n|-unboost|p1b: Arcanine|atk|1\n|switch|p1a: Ting-Lu|Ting-Lu, L50|100\/100\n|-ability|p1a: Ting-Lu|Vessel of Ruin\n|-terastallize|p1b: Arcanine|Flying\n|move|p2b: Haitatsu!|Hydro Pump|p1a: Ting-Lu|[miss]\n|-miss|p2b: Haitatsu!|p1a: Ting-Lu\n|move|p1b: Arcanine|Flare Blitz|p2b: Haitatsu!\n|-damage|p2b: Haitatsu!|17\/100\n|-damage|p1b: Arcanine|92\/100|[from] Recoil\n|\n|-heal|p2b: Haitatsu!|23\/100|[from] Grassy Terrain\n|upkeep\n|turn|3\n|\n|t:|1700757452\n|switch|p1b: Corviknight|Corviknight, L50, M|40\/100\n|move|p2b: Haitatsu!|Icy Wind|p1a: Ting-Lu|[spread] p1a,p1b\n|-supereffective|p1a: Ting-Lu\n|-damage|p1a: Ting-Lu|84\/100\n|-damage|p1b: Corviknight|25\/100\n|-unboost|p1a: Ting-Lu|spe|1\n|-ability|p1b: Corviknight|Mirror Armor\n|-unboost|p2b: Haitatsu!|spe|1\n|move|p2a: Creamed corn|U-turn|p1a: Ting-Lu\n|-supereffective|p1a: Ting-Lu\n|-damage|p1a: Ting-Lu|63\/100\n|\n|t:|1700757467\n|switch|p2a: Monke|Rillaboom, L50, F, shiny|100\/100|[from] U-turn\n|move|p1a: Ting-Lu|Payback|p2b: Haitatsu!\n|-damage|p2b: Haitatsu!|0 fnt\n|faint|p2b: Haitatsu!\n|-end|p2b: Haitatsu!|Quark Drive|[silent]\n|\n|-heal|p1a: Ting-Lu|69\/100|[from] Grassy Terrain\n|upkeep\n|\n|t:|1700757475\n|switch|p2b: Jadedragon|Tyranitar, L50, M, shiny|100\/100\n|-weather|Sandstorm|[from] ability: Sand Stream|[of] p2b: Jadedragon\n|turn|4\n|\n|t:|1700757488\n|move|p2a: Monke|Wood Hammer|p1a: Ting-Lu\n|-supereffective|p1a: Ting-Lu\n|-damage|p1a: Ting-Lu|0 fnt\n|faint|p1a: Ting-Lu\n|-damage|p2a: Monke|75\/100|[from] Recoil\n|move|p1b: Corviknight|Roost|p1b: Corviknight\n|-heal|p1b: Corviknight|75\/100\n|-singleturn|p1b: Corviknight|move: Roost\n|move|p2b: Jadedragon|Knock Off|p1b: Corviknight\n|-damage|p1b: Corviknight|33\/100\n|-enditem|p1b: Corviknight|Lum Berry|[from] move: Knock Off|[of] p2b: Jadedragon\n|\n|-weather|Sandstorm|[upkeep]\n|-damage|p2a: Monke|69\/100|[from] Sandstorm\n|-heal|p2a: Monke|75\/100|[from] Grassy Terrain\n|-heal|p1b: Corviknight|39\/100|[from] Grassy Terrain\n|upkeep\n|\n|t:|1700757505\n|switch|p1a: Arcanine|Arcanine, L50, F, tera:Flying|92\/100\n|-ability|p1a: Arcanine|Intimidate|boost\n|-unboost|p2a: Monke|atk|1\n|-unboost|p2b: Jadedragon|atk|1\n|turn|5\n|\n|t:|1700757518\n|move|p2a: Monke|Protect|p2a: Monke\n|-singleturn|p2a: Monke|Protect\n|move|p1a: Arcanine|Will-O-Wisp|p2b: Jadedragon\n|-status|p2b: Jadedragon|brn\n|move|p1b: Corviknight|Roost|p1b: Corviknight\n|-heal|p1b: Corviknight|89\/100\n|-singleturn|p1b: Corviknight|move: Roost\n|move|p2b: Jadedragon|Rock Slide|p1b: Corviknight|[spread] p1a\n|-miss|p2b: Jadedragon|p1b: Corviknight\n|-supereffective|p1a: Arcanine\n|-damage|p1a: Arcanine|70\/100\n|\n|-weather|Sandstorm|[upkeep]\n|-damage|p2a: Monke|69\/100|[from] Sandstorm\n|-heal|p2a: Monke|75\/100|[from] Grassy Terrain\n|-heal|p1b: Corviknight|95\/100|[from] Grassy Terrain\n|-damage|p2b: Jadedragon|95\/100 brn|[from] brn\n|-fieldend|move: Grassy Terrain\n|upkeep\n|turn|6\n|\n|t:|1700757544\n|move|p1a: Arcanine|Will-O-Wisp|p2a: Monke\n|-status|p2a: Monke|brn\n|move|p2a: Monke|Wood Hammer|p1a: Arcanine\n|-resisted|p1a: Arcanine\n|-damage|p1a: Arcanine|57\/100\n|-damage|p2a: Monke|71\/100 brn|[from] Recoil\n|move|p1b: Corviknight|Brave Bird|p2a: Monke\n|-supereffective|p2a: Monke\n|-damage|p2a: Monke|0 fnt\n|faint|p2a: Monke\n|-damage|p1b: Corviknight|70\/100|[from] Recoil\n|move|p2b: Jadedragon|Knock Off|p1a: Arcanine\n|-damage|p1a: Arcanine|38\/100\n|-enditem|p1a: Arcanine|Safety Goggles|[from] move: Knock Off|[of] p2b: Jadedragon\n|\n|-weather|Sandstorm|[upkeep]\n|-damage|p1a: Arcanine|32\/100|[from] Sandstorm\n|-damage|p2b: Jadedragon|89\/100 brn|[from] brn\n|upkeep\n|\n|t:|1700757561\n|switch|p2a: Creamed corn|Landorus-Therian, L50, M, shiny|100\/100\n|-ability|p2a: Creamed corn|Intimidate|boost\n|-unboost|p1a: Arcanine|atk|1\n|-ability|p1b: Corviknight|Mirror Armor\n|-unboost|p2a: Creamed corn|atk|1\n|turn|7\n|\n|t:|1700757585\n|switch|p1a: Flutter Mane|Flutter Mane, L50|100\/100\n|move|p2a: Creamed corn|Rock Slide|p1a: Flutter Mane|[spread] p1a,p1b\n|-damage|p1a: Flutter Mane|69\/100\n|-damage|p1b: Corviknight|58\/100\n|move|p1b: Corviknight|Tailwind|p1b: Corviknight\n|-sidestart|p1: MonsieurLeChonk|move: Tailwind\n|move|p2b: Jadedragon|Rock Slide|p1b: Corviknight|[spread] p1a,p1b\n|-crit|p1b: Corviknight\n|-damage|p1a: Flutter Mane|48\/100\n|-damage|p1b: Corviknight|41\/100\n|\n|-weather|Sandstorm|[upkeep]\n|-damage|p1a: Flutter Mane|42\/100|[from] Sandstorm\n|-damage|p2b: Jadedragon|83\/100 brn|[from] brn\n|upkeep\n|turn|8\n|\n|t:|1700757607\n|move|p1a: Flutter Mane|Perish Song|p1a: Flutter Mane\n|-start|p1a: Flutter Mane|perish3|[silent]\n|-start|p1b: Corviknight|perish3|[silent]\n|-start|p2a: Creamed corn|perish3|[silent]\n|-start|p2b: Jadedragon|perish3|[silent]\n|-fieldactivate|move: Perish Song\n|move|p2a: Creamed corn|Rock Slide|p1a: Flutter Mane|[spread] p1a,p1b\n|-damage|p1a: Flutter Mane|9\/100\n|-damage|p1b: Corviknight|29\/100\n|move|p1b: Corviknight|Roost|p1b: Corviknight\n|-heal|p1b: Corviknight|79\/100\n|-singleturn|p1b: Corviknight|move: Roost\n|move|p2b: Jadedragon|Rock Slide|p1a: Flutter Mane|[spread] p1a,p1b\n|-resisted|p1b: Corviknight\n|-damage|p1a: Flutter Mane|0 fnt\n|-damage|p1b: Corviknight|75\/100\n|faint|p1a: Flutter Mane\n|-end|p1a: Flutter Mane|Protosynthesis|[silent]\n|\n|-weather|none\n|-damage|p2b: Jadedragon|77\/100 brn|[from] brn\n|-start|p2a: Creamed corn|perish3\n|-start|p1b: Corviknight|perish3\n|-start|p2b: Jadedragon|perish3\n|upkeep\n|\n|t:|1700757626\n|switch|p1a: Arcanine|Arcanine, L50, F, tera:Flying|32\/100\n|-ability|p1a: Arcanine|Intimidate|boost\n|-unboost|p2a: Creamed corn|atk|1\n|-unboost|p2b: Jadedragon|atk|1\n|turn|9\n|\n|t:|1700757638\n|move|p1a: Arcanine|Protect|p1a: Arcanine\n|-singleturn|p1a: Arcanine|Protect\n|move|p2a: Creamed corn|Rock Slide|p1b: Corviknight|[spread] p1b\n|-activate|p1a: Arcanine|move: Protect\n|-damage|p1b: Corviknight|67\/100\n|move|p1b: Corviknight|Iron Head|p2b: Jadedragon\n|-supereffective|p2b: Jadedragon\n|-damage|p2b: Jadedragon|30\/100 brn\n|move|p2b: Jadedragon|Rock Slide|p1b: Corviknight|[spread] p1b\n|-activate|p1a: Arcanine|move: Protect\n|-damage|p1b: Corviknight|60\/100\n|\n|-damage|p2b: Jadedragon|24\/100 brn|[from] brn\n|-start|p2a: Creamed corn|perish2\n|-start|p1b: Corviknight|perish2\n|-start|p2b: Jadedragon|perish2\n|upkeep\n|turn|10\n|\n|t:|1700757665\n|-terastallize|p2b: Jadedragon|Psychic\n|move|p1a: Arcanine|Will-O-Wisp|p2a: Creamed corn\n|-status|p2a: Creamed corn|brn\n|move|p2a: Creamed corn|Rock Slide|p1b: Corviknight|[spread] p1a\n|-miss|p2a: Creamed corn|p1b: Corviknight\n|-supereffective|p1a: Arcanine\n|-damage|p1a: Arcanine|19\/100\n|move|p1b: Corviknight|Iron Head|p2b: Jadedragon\n|-damage|p2b: Jadedragon|2\/100 brn\n|move|p2b: Jadedragon|Rock Slide|p1a: Arcanine|[spread] p1a,p1b\n|-supereffective|p1a: Arcanine\n|-damage|p1a: Arcanine|1\/100\n|-damage|p1b: Corviknight|54\/100\n|\n|-damage|p2a: Creamed corn|94\/100 brn|[from] brn\n|-damage|p2b: Jadedragon|0 fnt|[from] brn\n|faint|p2b: Jadedragon\n|-start|p2a: Creamed corn|perish1\n|-start|p1b: Corviknight|perish1\n|-sideend|p1: MonsieurLeChonk|move: Tailwind\n|upkeep\n|turn|11\n|\n|t:|1700757690\n|move|p1a: Arcanine|Protect|p1a: Arcanine\n|-singleturn|p1a: Arcanine|Protect\n|move|p2a: Creamed corn|Rock Slide|p1b: Corviknight|[spread] p1b\n|-activate|p1a: Arcanine|move: Protect\n|-damage|p1b: Corviknight|50\/100\n|cant|p1b: Corviknight|flinch\n|\n|-damage|p2a: Creamed corn|88\/100 brn|[from] brn\n|-start|p2a: Creamed corn|perish0\n|-start|p1b: Corviknight|perish0\n|faint|p2a: Creamed corn\n|faint|p1b: Corviknight\n|\n|win|MonsieurLeChonk\n|upkeep\n|raw|MonsieurLeChonk's rating: 1437 &rarr; <strong>1455<\/strong><br \/>(+18 for winning)\n|raw|Jadedragon61's rating: 1396 &rarr; <strong>1378<\/strong><br \/>(-18 for losing)\n","uploadtime":1700757828,"views":1,"p1id":"monsieurlechonk","p2id":"jadedragon61","formatid":"gen9vgc2023regulatione","rating":1378,"private":0,"password":""}