{"id":"gen9vgc2023regulatione-1994318352","p1":"DrRom_TV","p2":"bigpika95","format":"[Gen 9] VGC 2023 Regulation E","log":"|j|\u2606DrRom_TV\n|j|\u2606bigpika95\n|t:|1700430543\n|gametype|doubles\n|player|p1|DrRom_TV|101|1457\n|player|p2|bigpika95|bellepa|1362\n|teamsize|p1|6\n|teamsize|p2|6\n|gen|9\n|tier|[Gen 9] VGC 2023 Regulation E\n|rated|\n|rule|Species Clause: Limit one of each Pok\u00e9mon\n|rule|Item Clause: Limit one of each item\n|clearpoke\n|poke|p1|Ogerpon-Hearthflame, L50, F|\n|poke|p1|Landorus-Therian, L50, M|\n|poke|p1|Chien-Pao, L50|\n|poke|p1|Empoleon, L50, M|\n|poke|p1|Dusclops, L50, F|\n|poke|p1|Torkoal, L50, M|\n|poke|p2|Salamence, L50, F|\n|poke|p2|Volcarona, L50, F|\n|poke|p2|Rillaboom, L50, M|\n|poke|p2|Scizor, L50, F|\n|poke|p2|Iron Bundle, L50|\n|poke|p2|Politoed, L50, M|\n|teampreview|4\n|\n|t:|1700430561\n|start\n|switch|p1a: Dusclops|Dusclops, L50, F|100\/100\n|switch|p1b: Empoleon|Empoleon, L50, M|100\/100\n|switch|p2a: Rillaboom|Rillaboom, L50, M|100\/100\n|switch|p2b: Volcarona|Volcarona, L50, F|100\/100\n|-fieldstart|move: Grassy Terrain|[from] ability: Grassy Surge|[of] p2a: Rillaboom\n|-enditem|p2b: Volcarona|Grassy Seed\n|-boost|p2b: Volcarona|def|1|[from] item: Grassy Seed\n|-item|p2a: Rillaboom|Assault Vest|[from] ability: Frisk|[of] p1a: Dusclops|[identify]\n|turn|1\n|\n|t:|1700430573\n|-terastallize|p2b: Volcarona|Flying\n|move|p2b: Volcarona|Heat Wave|p1b: Empoleon|[spread] p1a,p1b\n|-damage|p1a: Dusclops|76\/100\n|-damage|p1b: Empoleon|77\/100\n|move|p2a: Rillaboom|Knock Off|p1a: Dusclops\n|-supereffective|p1a: Dusclops\n|-damage|p1a: Dusclops|35\/100\n|-enditem|p1a: Dusclops|Eviolite|[from] move: Knock Off|[of] p2a: Rillaboom\n|move|p1b: Empoleon|Air Slash|p2b: Volcarona\n|-damage|p2b: Volcarona|73\/100\n|move|p1a: Dusclops|Trick Room|p1a: Dusclops\n|-fieldstart|move: Trick Room|[of] p1a: Dusclops\n|\n|-heal|p1a: Dusclops|41\/100|[from] Grassy Terrain\n|-heal|p1b: Empoleon|83\/100|[from] Grassy Terrain\n|upkeep\n|turn|2\n|\n|t:|1700430597\n|move|p1a: Dusclops|Will-O-Wisp|p2a: Rillaboom\n|-status|p2a: Rillaboom|brn\n|move|p1b: Empoleon|Icy Wind|p2a: Rillaboom|[spread] p2a,p2b\n|-supereffective|p2a: Rillaboom\n|-supereffective|p2b: Volcarona\n|-damage|p2a: Rillaboom|78\/100 brn\n|-damage|p2b: Volcarona|41\/100\n|-unboost|p2a: Rillaboom|spe|1\n|-unboost|p2b: Volcarona|spe|1\n|move|p2a: Rillaboom|Wood Hammer|p1b: Empoleon\n|-damage|p1b: Empoleon|41\/100\n|-damage|p2a: Rillaboom|64\/100 brn|[from] Recoil\n|move|p2b: Volcarona|Heat Wave|p1a: Dusclops|[spread] p1a,p1b\n|-damage|p1a: Dusclops|10\/100\n|-damage|p1b: Empoleon|17\/100\n|-status|p1a: Dusclops|brn\n|\n|-heal|p1a: Dusclops|16\/100 brn|[from] Grassy Terrain\n|-heal|p2a: Rillaboom|70\/100 brn|[from] Grassy Terrain\n|-heal|p1b: Empoleon|22\/100|[from] Grassy Terrain\n|-damage|p1a: Dusclops|10\/100 brn|[from] brn\n|-damage|p2a: Rillaboom|64\/100 brn|[from] brn\n|upkeep\n|turn|3\n|\n|t:|1700430623\n|move|p2a: Rillaboom|Grassy Glide|p1b: Empoleon\n|-damage|p1b: Empoleon|4\/100\n|move|p1a: Dusclops|Night Shade|p2b: Volcarona\n|-damage|p2b: Volcarona|10\/100\n|move|p1b: Empoleon|Flash Cannon|p2b: Volcarona\n|-damage|p2b: Volcarona|0 fnt\n|faint|p2b: Volcarona\n|\n|-heal|p1a: Dusclops|16\/100 brn|[from] Grassy Terrain\n|-heal|p2a: Rillaboom|70\/100 brn|[from] Grassy Terrain\n|-heal|p1b: Empoleon|9\/100|[from] Grassy Terrain\n|-damage|p1a: Dusclops|10\/100 brn|[from] brn\n|-damage|p2a: Rillaboom|64\/100 brn|[from] brn\n|upkeep\n|\n|t:|1700430630\n|switch|p2b: Politoed|Politoed, L50, M|100\/100\n|-weather|RainDance|[from] ability: Drizzle|[of] p2b: Politoed\n|turn|4\n|\n|t:|1700430656\n|move|p2a: Rillaboom|Grassy Glide|p1a: Dusclops\n|-damage|p1a: Dusclops|0 fnt\n|faint|p1a: Dusclops\n|move|p1b: Empoleon|Chilling Water|p2b: Politoed\n|-resisted|p2b: Politoed\n|-damage|p2b: Politoed|83\/100\n|-unboost|p2b: Politoed|atk|1\n|move|p2b: Politoed|Muddy Water|p1b: Empoleon\n|-resisted|p1b: Empoleon\n|-damage|p1b: Empoleon|0 fnt\n|faint|p1b: Empoleon\n|\n|-weather|RainDance|[upkeep]\n|-heal|p2a: Rillaboom|70\/100 brn|[from] Grassy Terrain\n|-heal|p2b: Politoed|89\/100|[from] Grassy Terrain\n|-damage|p2a: Rillaboom|64\/100 brn|[from] brn\n|upkeep\n|\n|t:|1700430673\n|switch|p1a: Ogerpon|Ogerpon-Hearthflame, L50, F|100\/100\n|switch|p1b: Torkoal|Torkoal, L50, M|100\/100\n|-weather|SunnyDay|[from] ability: Drought|[of] p1b: Torkoal\n|-ability|p1a: Ogerpon|Mold Breaker\n|turn|5\n|\n|t:|1700430692\n|switch|p2b: Iron Bundle|Iron Bundle, L50|100\/100\n|-enditem|p2b: Iron Bundle|Booster Energy\n|-activate|p2b: Iron Bundle|ability: Quark Drive|[fromitem]\n|-start|p2b: Iron Bundle|quarkdrivespe\n|move|p1b: Torkoal|Eruption|p2a: Rillaboom|[spread] p2a,p2b\n|-supereffective|p2a: Rillaboom\n|-damage|p2a: Rillaboom|0 fnt\n|-damage|p2b: Iron Bundle|0 fnt\n|faint|p2a: Rillaboom\n|faint|p2b: Iron Bundle\n|-end|p2b: Iron Bundle|Quark Drive|[silent]\n|move|p1a: Ogerpon|Horn Leech|p2: Rillaboom|[notarget]\n|-fail|p1a: Ogerpon\n|\n|-weather|SunnyDay|[upkeep]\n|-fieldend|move: Trick Room\n|-fieldend|move: Grassy Terrain\n|upkeep\n|\n|t:|1700430700\n|switch|p2b: Politoed|Politoed, L50, M|89\/100\n|-weather|RainDance|[from] ability: Drizzle|[of] p2b: Politoed\n|turn|6\n|\n|t:|1700430713\n|move|p1a: Ogerpon|Horn Leech|p2b: Politoed\n|-supereffective|p2b: Politoed\n|-damage|p2b: Politoed|0 fnt\n|-damage|p1a: Ogerpon|84\/100|[from] item: Rocky Helmet|[of] p2b: Politoed\n|faint|p2b: Politoed\n|\n|win|DrRom_TV\n|raw|DrRom_TV's rating: 1457 &rarr; <strong>1472<\/strong><br \/>(+15 for winning)\n|raw|bigpika95's rating: 1362 &rarr; <strong>1347<\/strong><br \/>(-15 for losing)\n|l|\u2606bigpika95\n","uploadtime":1700430723,"views":4,"p1id":"drromtv","p2id":"bigpika95","formatid":"gen9vgc2023regulatione","rating":1347,"private":0,"password":""}