{"id":"gen9vgc2023regulatione-1996742001","p1":"Legend273","p2":"xingshen","format":"[Gen 9] VGC 2023 Regulation E","log":"|j|\u2606Legend273\n|j|\u2606xingshen\n|t:|1700717544\n|gametype|doubles\n|player|p1|Legend273|266|1077\n|player|p2|xingshen|dawn|1040\n|teamsize|p1|6\n|teamsize|p2|6\n|gen|9\n|tier|[Gen 9] VGC 2023 Regulation E\n|rated|\n|rule|Species Clause: Limit one of each Pok\u00e9mon\n|rule|Item Clause: Limit one of each item\n|clearpoke\n|poke|p1|Sableye, L50, M|\n|poke|p1|Overqwil, L50, M|\n|poke|p1|Arcanine-Hisui, L50, F|\n|poke|p1|Landorus, L50, M|\n|poke|p1|Chien-Pao, L50|\n|poke|p1|Amoonguss, L50, M|\n|poke|p2|Arcanine-Hisui, L50, M|\n|poke|p2|Ogerpon-Cornerstone, L50, F|\n|poke|p2|Heatran, L50, M|\n|poke|p2|Lycanroc, L50, M|\n|poke|p2|Tyranitar, L50, F|\n|poke|p2|Tornadus, L50, M|\n|teampreview|4\n|j| Den1\nLegend273 rejected open team sheets.\n|inactive|Battle timer is ON: inactive players will automatically lose when time's up. (requested by Legend273)\n|\n|t:|1700717591\n|start\n|switch|p1a: Sableye|Sableye, L50, M|100\/100\n|switch|p1b: Landorus|Landorus, L50, M|100\/100\n|switch|p2a: Tornadus|Tornadus, L50, M, shiny|100\/100\n|switch|p2b: Arcanine|Arcanine-Hisui, L50, M|100\/100\n|-ability|p2b: Arcanine|Intimidate|boost\n|-unboost|p1a: Sableye|atk|1\n|-unboost|p1b: Landorus|atk|1\n|turn|1\n|inactive|xingshen has 30 seconds left.\n|inactive|xingshen has 20 seconds left.\n|l| Den1\n|inactive|xingshen has 15 seconds left.\n|\n|t:|1700717631\n|-terastallize|p1b: Landorus|Ground\n|move|p2a: Tornadus|Tailwind|p2a: Tornadus\n|-sidestart|p2: xingshen|move: Tailwind\n|move|p1a: Sableye|Gravity|p1a: Sableye\n|-fieldstart|move: Gravity\n|move|p2b: Arcanine|Flare Blitz|p1b: Landorus\n|-damage|p1b: Landorus|0 fnt\n|faint|p1b: Landorus\n|-damage|p2b: Arcanine|71\/100|[from] Recoil\n|\n|upkeep\n|\n|t:|1700717643\n|switch|p1b: Chien-Pao|Chien-Pao, L50|100\/100\n|-ability|p1b: Chien-Pao|Sword of Ruin\n|turn|2\n|\n|t:|1700717657\n|move|p2a: Tornadus|Sandstorm|p2a: Tornadus\n|-weather|Sandstorm\n|move|p1a: Sableye|Thunder Wave|p2b: Arcanine\n|-status|p2b: Arcanine|par\n|move|p1b: Chien-Pao|Sacred Sword|p2b: Arcanine\n|-supereffective|p2b: Arcanine\n|-damage|p2b: Arcanine|0 fnt\n|faint|p2b: Arcanine\n|\n|-weather|Sandstorm|[upkeep]\n|-damage|p1b: Chien-Pao|95\/100|[from] Sandstorm\n|-damage|p1a: Sableye|95\/100|[from] Sandstorm\n|upkeep\n|\n|t:|1700717672\n|switch|p2b: Ogerpon|Ogerpon-Cornerstone, L50, F|100\/100\n|turn|3\n|\n|t:|1700717685\n|switch|p1b: Arcanine|Arcanine-Hisui, L50, F|100\/100\n|move|p2b: Ogerpon|Spiky Shield|p2b: Ogerpon\n|-singleturn|p2b: Ogerpon|move: Protect\n|move|p2a: Tornadus|Taunt|p1a: Sableye\n|-hint|Since gen 7, Dark is immune to Prankster moves.\n|-immune|p1a: Sableye\n|move|p1a: Sableye|Thunder Wave|p2a: Tornadus\n|-status|p2a: Tornadus|par\n|\n|-weather|Sandstorm|[upkeep]\n|-damage|p1a: Sableye|89\/100|[from] Sandstorm\n|upkeep\n|turn|4\n|inactive|xingshen has 30 seconds left.\n|\n|t:|1700717711\n|-terastallize|p2b: Ogerpon|Rock\n|detailschange|p2b: Ogerpon|Ogerpon-Cornerstone-Tera, L50, F, tera:Rock\n|-ability|p2b: Ogerpon|Embody Aspect (Cornerstone)|boost\n|-boost|p2b: Ogerpon|def|1\n|move|p1a: Sableye|Thunder Wave|p2b: Ogerpon\n|-status|p2b: Ogerpon|par\n|move|p1b: Arcanine|Flare Blitz|p2b: Ogerpon\n|-resisted|p2b: Ogerpon\n|-damage|p2b: Ogerpon|77\/100 par\n|move|p2b: Ogerpon|Ivy Cudgel|p1b: Arcanine|[anim] Ivy Cudgel Rock\n|-supereffective|p1b: Arcanine\n|-damage|p1b: Arcanine|0 fnt\n|faint|p1b: Arcanine\n|move|p2a: Tornadus|Bleakwind Storm|p1a: Sableye\n|-damage|p1a: Sableye|35\/100\n|-unboost|p1a: Sableye|spe|1\n|-enditem|p1a: Sableye|Eject Button\n|\n|t:|1700717729\n|switch|p1a: Chien-Pao|Chien-Pao, L50|95\/100\n|-ability|p1a: Chien-Pao|Sword of Ruin\n|\n|-weather|Sandstorm|[upkeep]\n|-damage|p1a: Chien-Pao|89\/100|[from] Sandstorm\n|-sideend|p2: xingshen|move: Tailwind\n|upkeep\n|\n|t:|1700717737\n|switch|p1b: Sableye|Sableye, L50, M|35\/100\n|turn|5\n|\n|t:|1700717750\n|move|p1b: Sableye|Protect|p1b: Sableye\n|-singleturn|p1b: Sableye|Protect\n|move|p1a: Chien-Pao|Sacred Sword|p2b: Ogerpon\n|-supereffective|p2b: Ogerpon\n|-damage|p2b: Ogerpon|0 fnt\n|faint|p2b: Ogerpon\n|move|p2a: Tornadus|Bleakwind Storm|p1b: Sableye|[spread] p1a\n|-activate|p1b: Sableye|move: Protect\n|-damage|p1a: Chien-Pao|32\/100\n|\n|-weather|Sandstorm|[upkeep]\n|-damage|p1a: Chien-Pao|26\/100|[from] Sandstorm\n|-damage|p1b: Sableye|29\/100|[from] Sandstorm\n|-fieldend|move: Gravity\n|upkeep\n|\n|t:|1700717768\n|switch|p2b: Lycanroc|Lycanroc, L50, M|100\/100\n|turn|6\n|\n|t:|1700717782\n|move|p1a: Chien-Pao|Protect|p1a: Chien-Pao\n|-singleturn|p1a: Chien-Pao|Protect\n|move|p2b: Lycanroc|Accelerock|p1a: Chien-Pao\n|-activate|p1a: Chien-Pao|move: Protect\n|move|p2a: Tornadus|Tailwind|p2a: Tornadus\n|-sidestart|p2: xingshen|move: Tailwind\n|move|p1b: Sableye|Skill Swap|p2b: Lycanroc\n|-activate|p1b: Sableye|move: Skill Swap|Sand Rush|Prankster|[of] p2b: Lycanroc\n|\n|-weather|none\n|upkeep\n|turn|7\n|\n|t:|1700717804\n|move|p2a: Tornadus|Sandstorm|p2a: Tornadus\n|-weather|Sandstorm\n|move|p2b: Lycanroc|Rock Slide|p1b: Sableye|[spread] p1b\n|-miss|p2b: Lycanroc|p1a: Chien-Pao\n|-damage|p1b: Sableye|0 fnt\n|faint|p1b: Sableye\n|move|p1a: Chien-Pao|Icicle Crash|p2a: Tornadus\n|-supereffective|p2a: Tornadus\n|-damage|p2a: Tornadus|0 fnt\n|faint|p2a: Tornadus\n|\n|-weather|Sandstorm|[upkeep]\n|-damage|p1a: Chien-Pao|20\/100|[from] Sandstorm\n|upkeep\n|turn|8\n|\n|t:|1700717820\n|move|p1a: Chien-Pao|Protect|p1a: Chien-Pao\n|-singleturn|p1a: Chien-Pao|Protect\n|move|p2b: Lycanroc|Accelerock|p1a: Chien-Pao\n|-activate|p1a: Chien-Pao|move: Protect\n|\n|-weather|Sandstorm|[upkeep]\n|-damage|p1a: Chien-Pao|15\/100|[from] Sandstorm\n|upkeep\n|turn|9\n|-message|Legend273 forfeited.\n|\n|win|xingshen\n|raw|Legend273's rating: 1077 &rarr; <strong>1053<\/strong><br \/>(-24 for losing)\n|raw|xingshen's rating: 1040 &rarr; <strong>1078<\/strong><br \/>(+38 for winning)\n|l|\u2606Legend273\n","uploadtime":1700717834,"views":2,"p1id":"legend273","p2id":"xingshen","formatid":"gen9vgc2023regulatione","rating":1053,"private":0,"password":""}