{"id":"gen9vgc2023regulatione-1990137268","p1":"VigVigFan64","p2":"Staraval","format":"[Gen 9] VGC 2023 Regulation E","log":"|j|\u2606VigVigFan64\n|j|\u2606Staraval\n|t:|1699928583\n|gametype|doubles\n|player|p1|VigVigFan64|swimmerf-gen4|\n|player|p2|Staraval|parasollady|\n|teamsize|p1|6\n|teamsize|p2|6\n|gen|9\n|tier|[Gen 9] VGC 2023 Regulation E\n|rule|Species Clause: Limit one of each Pok\u00e9mon\n|rule|Item Clause: Limit one of each item\n|clearpoke\n|poke|p1|Slaking, L50, F|\n|poke|p1|Weezing-Galar, L50, F|\n|poke|p1|Dusclops, L50, F|\n|poke|p1|Slowking-Galar, L50, M|\n|poke|p1|Meowscarada, L50, M|\n|poke|p1|Dragonite, L50, F|\n|poke|p2|Clefairy, L50, F|\n|poke|p2|Kommo-o, L50, M|\n|poke|p2|Gastrodon, L50, F|\n|poke|p2|Ambipom, L50, M|\n|poke|p2|Hatterene, L50, F|\n|poke|p2|Conkeldurr, L50, M|\n|teampreview|4\nStaraval has agreed to open team sheets.\nVigVigFan64 has agreed to open team sheets.\n|showteam|p1|Slaking||AguavBerry|Truant|BodySlam,Earthquake,BulkUp,HeavySlam|||F|||50|,,,,,Ghost]Weezing-Galar||SitrusBerry|NeutralizingGas|WillOWisp,Protect,SludgeBomb,DazzlingGleam|||F|||50|,,,,,Flying]Dusclops||Eviolite|Pressure|SkillSwap,PainSplit,Haze,BrickBreak|||F|||50|,,,,,Normal]Slowking-Galar||BlackSludge|Regenerator|TrickRoom,SludgeBomb,Psychic,IceBeam|||M|||50|,,,,,Dark]Meowscarada||ChoiceBand|Protean|FlowerTrick,SuckerPunch,Uturn,KnockOff|||M|||50|,,,,,Grass]Dragonite||LifeOrb|Multiscale|ExtremeSpeed,AerialAce,DragonClaw,TeraBlast|||F|||50|,,,,,Normal\n|showteam|p2|Clefairy||Eviolite|FriendGuard|FollowMe,HelpingHand,IcyWind,HealPulse|||F|||50|,,,,,Grass]Kommo-o||ThroatSpray|Bulletproof|ClangorousSoul,FlashCannon,ClangingScales,Protect|||M|||50|,,,,,Steel]Gastrodon||SitrusBerry|StormDrain|Yawn,Protect,EarthPower,IceBeam|||F|||50|,,,,,Dragon]Ambipom||FocusSash|Technician|FakeOut,Taunt,KnockOff,Uturn|||M|||50|,,,,,Ghost]Hatterene||LifeOrb|MagicBounce|TrickRoom,MysticalFire,Psychic,DazzlingGleam|||F|||50|,,,,,Fire]Conkeldurr||AssaultVest|IronFist|MachPunch,DrainPunch,IcePunch,ThunderPunch|||M|||50|,,,,,Steel\n|\n|t:|1699928599\n|start\n|switch|p1a: yo mama|Slaking, L50, F|100\/100\n|switch|p1b: fart|Weezing-Galar, L50, F|100\/100\n|switch|p2a: Gastrodon|Gastrodon, L50, F|100\/100\n|switch|p2b: Hatterene|Hatterene, L50, F|100\/100\n|-ability|p1b: fart|Neutralizing Gas\n|turn|1\n|c|\u2606Staraval|put yo mama AWAY\n|c|\u2606VigVigFan64|LOL\n|\n|t:|1699928644\n|-terastallize|p1b: fart|Flying\n|move|p2a: Gastrodon|Protect|p2a: Gastrodon\n|-singleturn|p2a: Gastrodon|Protect\n|move|p1a: yo mama|Bulk Up|p1a: yo mama\n|-boost|p1a: yo mama|atk|1\n|-boost|p1a: yo mama|def|1\n|move|p1b: fart|Sludge Bomb|p2b: Hatterene\n|-supereffective|p2b: Hatterene\n|-damage|p2b: Hatterene|35\/100\n|move|p2b: Hatterene|Trick Room|p2b: Hatterene\n|-fieldstart|move: Trick Room|[of] p2b: Hatterene\n|\n|upkeep\n|turn|2\n|\n|t:|1699928673\n|move|p2b: Hatterene|Dazzling Gleam|p1a: yo mama|[spread] p1a,p1b\n|-damage|p1a: yo mama|58\/100\n|-damage|p1b: fart|59\/100\n|-damage|p2b: Hatterene|25\/100|[from] item: Life Orb\n|move|p2a: Gastrodon|Earth Power|p1b: fart\n|-immune|p1b: fart\n|move|p1b: fart|Sludge Bomb|p2b: Hatterene\n|-supereffective|p2b: Hatterene\n|-damage|p2b: Hatterene|0 fnt\n|faint|p2b: Hatterene\n|move|p1a: yo mama|Body Slam|p2a: Gastrodon\n|-damage|p2a: Gastrodon|11\/100\n|-enditem|p2a: Gastrodon|Sitrus Berry|[eat]\n|-heal|p2a: Gastrodon|36\/100|[from] item: Sitrus Berry\n|\n|upkeep\n|c|\u2606Staraval|yo mama is actually trying to eat my guys for lunch\n|\n|t:|1699928696\n|switch|p2b: Ambipom|Ambipom, L50, M, shiny|100\/100\n|turn|3\n|\n|t:|1699928721\n|move|p2b: Ambipom|Fake Out|p1b: fart\n|-damage|p1b: fart|44\/100\n|-enditem|p1b: fart|Sitrus Berry|[eat]\n|-heal|p1b: fart|69\/100|[from] item: Sitrus Berry\n|move|p2a: Gastrodon|Ice Beam|p1b: fart\n|-supereffective|p1b: fart\n|-damage|p1b: fart|17\/100\n|cant|p1b: fart|flinch\n|move|p1a: yo mama|Earthquake|p2a: Gastrodon|[spread] p2a,p2b\n|-immune|p1b: fart\n|-damage|p2a: Gastrodon|0 fnt\n|-damage|p2b: Ambipom|14\/100\n|faint|p2a: Gastrodon\n|\n|upkeep\n|c|\u2606VigVigFan64|yo mama is hungry\n|\n|t:|1699928752\n|switch|p2a: Conkeldurr|Conkeldurr, L50, M|100\/100\n|turn|4\n|\n|t:|1699928771\n|move|p2a: Conkeldurr|Ice Punch|p1b: fart\n|-supereffective|p1b: fart\n|-damage|p1b: fart|0 fnt\n|faint|p1b: fart\n|-end|p1b: fart|ability: Neutralizing Gas\n|move|p1a: yo mama|Body Slam|p2a: Conkeldurr\n|-damage|p2a: Conkeldurr|27\/100\n|-status|p2a: Conkeldurr|par\n|move|p2b: Ambipom|Taunt|p1a: yo mama\n|-start|p1a: yo mama|move: Taunt\n|\n|upkeep\n|\n|t:|1699928785\n|switch|p1b: epicfh husband|Meowscarada, L50, M|100\/100\n|turn|5\n|c|\u2606Staraval|your pokemons NAMES\n|c|\u2606VigVigFan64|they're great wdym\n|\n|t:|1699928809\n|switch|p1a: mmfmhfmnh|Slowking-Galar, L50, M|100\/100\n|move|p2a: Conkeldurr|Thunder Punch|p1b: epicfh husband\n|-resisted|p1b: epicfh husband\n|-damage|p1b: epicfh husband|73\/100\n|move|p2b: Ambipom|Knock Off|p1a: mmfmhfmnh\n|-supereffective|p1a: mmfmhfmnh\n|-damage|p1a: mmfmhfmnh|37\/100\n|-enditem|p1a: mmfmhfmnh|Black Sludge|[from] move: Knock Off|[of] p2b: Ambipom\n|move|p1b: epicfh husband|Flower Trick|p2a: Conkeldurr\n|-start|p1b: epicfh husband|typechange|Grass|[from] ability: Protean\n|-crit|p2a: Conkeldurr\n|-damage|p2a: Conkeldurr|0 fnt\n|faint|p2a: Conkeldurr\n|\n|-fieldend|move: Trick Room\n|upkeep\n|turn|6\n|c|\u2606Staraval|im actually scared\n|\n|t:|1699928827\n|move|p1b: epicfh husband|Flower Trick|p2b: Ambipom\n|-crit|p2b: Ambipom\n|-damage|p2b: Ambipom|0 fnt\n|faint|p2b: Ambipom\n|\n|win|VigVigFan64\n|c|\u2606VigVigFan64|gg\n|c|\u2606Staraval|gg\n","uploadtime":1699928839,"views":24,"p1id":"vigvigfan64","p2id":"staraval","formatid":"gen9vgc2023regulatione","rating":0,"private":0,"password":""}