{"id":"gen9vgc2023regulatione-1998636019","p1":"Prf.Anu","p2":"roydabest87","format":"[Gen 9] VGC 2023 Regulation E","log":"|j|\u2606Prf.Anu\n|j|\u2606roydabest87\n|t:|1700965833\n|gametype|doubles\n|player|p1|Prf.Anu|unknown|1139\n|player|p2|roydabest87|169|1043\n|teamsize|p1|6\n|teamsize|p2|6\n|gen|9\n|tier|[Gen 9] VGC 2023 Regulation E\n|rated|\n|rule|Species Clause: Limit one of each Pok\u00e9mon\n|rule|Item Clause: Limit one of each item\n|clearpoke\n|poke|p1|Ogerpon-Wellspring, L50, F|\n|poke|p1|Heatran, L50, F|\n|poke|p1|Armarouge, L50, M|\n|poke|p1|Flutter Mane, L50|\n|poke|p1|Indeedee-F, L50, F|\n|poke|p1|Tornadus, L50, M|\n|poke|p2|Wo-Chien, L50|\n|poke|p2|Ogerpon-Wellspring, L50, F|\n|poke|p2|Samurott-Hisui, L50, M|\n|poke|p2|Kommo-o, L50, M|\n|poke|p2|Tornadus, L50, M|\n|poke|p2|Urshifu-*, L50, M|\n|teampreview|4\n|inactive|Battle timer is ON: inactive players will automatically lose when time's up. (requested by Prf.Anu)\nPrf.Anu rejected open team sheets.\n|\n|t:|1700965867\n|start\n|switch|p1a: Armarouge|Armarouge, L50, M, shiny|100\/100\n|switch|p1b: Tornadus|Tornadus, L50, M, shiny|100\/100\n|switch|p2a: Samurott|Samurott-Hisui, L50, M, shiny|100\/100\n|switch|p2b: Tornadus|Tornadus, L50, M|100\/100\n|turn|1\n|inactive|roydabest87 has 30 seconds left.\n|\n|t:|1700965894\n|switch|p1a: Flutter Mane|Flutter Mane, L50, shiny|100\/100\n|-enditem|p1a: Flutter Mane|Booster Energy\n|-activate|p1a: Flutter Mane|ability: Protosynthesis|[fromitem]\n|-start|p1a: Flutter Mane|protosynthesisspa\n|move|p1b: Tornadus|Tailwind|p1b: Tornadus\n|-sidestart|p1: Prf.Anu|move: Tailwind\n|move|p2b: Tornadus|Taunt|p1b: Tornadus\n|-start|p1b: Tornadus|move: Taunt\n|move|p2a: Samurott|Ceaseless Edge|p1a: Flutter Mane\n|-damage|p1a: Flutter Mane|30\/100\n|-sidestart|p1: Prf.Anu|Spikes\n|\n|upkeep\n|turn|2\n|inactive|Prf.Anu has 30 seconds left.\n|inactive|roydabest87 has 30 seconds left.\n|\n|t:|1700965928\n|switch|p1b: Indeedee|Indeedee-F, L50, F, shiny|100\/100\n|-damage|p1b: Indeedee|88\/100|[from] Spikes\n|-fieldstart|move: Psychic Terrain|[from] ability: Psychic Surge|[of] p1b: Indeedee\n|-terastallize|p1a: Flutter Mane|Fairy\n|-terastallize|p2a: Samurott|Water\n|move|p2a: Samurott|Aqua Jet|p1a: Flutter Mane\n|-activate|p1a: Flutter Mane|move: Psychic Terrain\n|move|p1a: Flutter Mane|Dazzling Gleam|p2b: Tornadus|[spread] p2a,p2b\n|-damage|p2a: Samurott|5\/100\n|-damage|p2b: Tornadus|54\/100\n|move|p2b: Tornadus|Bleakwind Storm|p1a: Flutter Mane|[spread] p1a,p1b\n|-crit|p1b: Indeedee\n|-damage|p1a: Flutter Mane|0 fnt\n|-damage|p1b: Indeedee|50\/100\n|-unboost|p1b: Indeedee|spe|1\n|faint|p1a: Flutter Mane\n|-end|p1a: Flutter Mane|Protosynthesis|[silent]\n|\n|-heal|p1b: Indeedee|56\/100|[from] item: Leftovers\n|upkeep\n|\n|t:|1700965950\n|switch|p1a: Armarouge|Armarouge, L50, M, shiny|100\/100\n|-damage|p1a: Armarouge|88\/100|[from] Spikes\n|turn|3\n|\n|t:|1700965967\n|move|p1b: Indeedee|Follow Me|p1b: Indeedee\n|-singleturn|p1b: Indeedee|move: Follow Me\n|move|p2b: Tornadus|Tailwind|p2b: Tornadus\n|-sidestart|p2: roydabest87|move: Tailwind\n|move|p1a: Armarouge|Heat Wave|p2a: Samurott|[spread] p2a,p2b\n|-resisted|p2a: Samurott\n|-damage|p2a: Samurott|0 fnt\n|-damage|p2b: Tornadus|10\/100\n|faint|p2a: Samurott\n|\n|-heal|p1b: Indeedee|62\/100|[from] item: Leftovers\n|upkeep\n|\n|t:|1700965980\n|switch|p2a: Ogerpon|Ogerpon-Wellspring, L50, F|100\/100\n|turn|4\n|\n|t:|1700966002\n|switch|p1a: Tornadus|Tornadus, L50, M, shiny|100\/100\n|move|p1b: Indeedee|Follow Me|p1b: Indeedee\n|-singleturn|p1b: Indeedee|move: Follow Me\n|move|p2b: Tornadus|Rain Dance|p2b: Tornadus\n|-weather|RainDance\n|move|p2a: Ogerpon|Ivy Cudgel|p1b: Indeedee|[anim] Ivy Cudgel Water\n|-damage|p1b: Indeedee|0 fnt\n|faint|p1b: Indeedee\n|\n|-weather|RainDance|[upkeep]\n|-sideend|p1: Prf.Anu|move: Tailwind\n|upkeep\n|\n|t:|1700966015\n|switch|p1b: Armarouge|Armarouge, L50, M, shiny|88\/100\n|-damage|p1b: Armarouge|76\/100|[from] Spikes\n|turn|5\n|\n|t:|1700966030\n|move|p2a: Ogerpon|Spiky Shield|p2a: Ogerpon\n|-singleturn|p2a: Ogerpon|move: Protect\n|move|p1a: Tornadus|Tailwind|p1a: Tornadus\n|-sidestart|p1: Prf.Anu|move: Tailwind\n|move|p1b: Armarouge|Expanding Force|p2b: Tornadus|[spread] p2b\n|-activate|p2a: Ogerpon|move: Protect\n|-damage|p2b: Tornadus|0 fnt\n|faint|p2b: Tornadus\n|\n|-weather|RainDance|[upkeep]\n|upkeep\n|\n|t:|1700966041\n|switch|p2b: Wo-Chien|Wo-Chien, L50|100\/100\n|-ability|p2b: Wo-Chien|Tablets of Ruin\n|turn|6\n|\n|t:|1700966055\n|move|p2a: Ogerpon|Ivy Cudgel|p1b: Armarouge|[anim] Ivy Cudgel Water\n|-supereffective|p1b: Armarouge\n|-damage|p1b: Armarouge|0 fnt\n|faint|p1b: Armarouge\n|move|p1a: Tornadus|Bleakwind Storm|p2b: Wo-Chien|[spread] p2a,p2b\n|-supereffective|p2a: Ogerpon\n|-supereffective|p2b: Wo-Chien\n|-damage|p2a: Ogerpon|15\/100\n|-damage|p2b: Wo-Chien|57\/100\n|move|p2b: Wo-Chien|Ruination|p1a: Tornadus\n|-damage|p1a: Tornadus|51\/100\n|\n|-weather|RainDance|[upkeep]\n|-heal|p2b: Wo-Chien|63\/100|[from] item: Leftovers\n|-sideend|p2: roydabest87|move: Tailwind\n|-fieldend|move: Psychic Terrain\n|upkeep\n|turn|7\n|\n|t:|1700966077\n|move|p2a: Ogerpon|Spiky Shield|p2a: Ogerpon\n|-singleturn|p2a: Ogerpon|move: Protect\n|move|p1a: Tornadus|Bleakwind Storm|p2a: Ogerpon|[spread] p2b\n|-activate|p2a: Ogerpon|move: Protect\n|-supereffective|p2b: Wo-Chien\n|-damage|p2b: Wo-Chien|17\/100\n|move|p2b: Wo-Chien|Leech Seed|p1a: Tornadus|[miss]\n|-miss|p2b: Wo-Chien|p1a: Tornadus\n|\n|-weather|RainDance|[upkeep]\n|-heal|p2b: Wo-Chien|23\/100|[from] item: Leftovers\n|upkeep\n|turn|8\n|\n|t:|1700966095\n|move|p1a: Tornadus|Bleakwind Storm|p2a: Ogerpon|[spread] p2a,p2b\n|-supereffective|p2a: Ogerpon\n|-supereffective|p2b: Wo-Chien\n|-damage|p2a: Ogerpon|0 fnt\n|-damage|p2b: Wo-Chien|0 fnt\n|faint|p2a: Ogerpon\n|faint|p2b: Wo-Chien\n|\n|win|Prf.Anu\n|raw|Prf.Anu's rating: 1139 &rarr; <strong>1157<\/strong><br \/>(+18 for winning)\n|raw|roydabest87's rating: 1043 &rarr; <strong>1031<\/strong><br \/>(-12 for losing)\n|l|\u2606roydabest87\n","uploadtime":1700966106,"views":1,"p1id":"prfanu","p2id":"roydabest87","formatid":"gen9vgc2023regulatione","rating":1031,"private":0,"password":""}