{"id":"gen9vgc2023regulatione-1998283321","p1":"A.B.E Swift","p2":"Yungsmitty","format":"[Gen 9] VGC 2023 Regulation E","log":"|j|\u2606A.B.E Swift\n|j|\u2606Yungsmitty\n|t:|1700924439\n|gametype|doubles\n|player|p1|A.B.E Swift|2|1182\n|player|p2|Yungsmitty|266|1250\n|teamsize|p1|6\n|teamsize|p2|6\n|gen|9\n|tier|[Gen 9] VGC 2023 Regulation E\n|rated|\n|rule|Species Clause: Limit one of each Pok\u00e9mon\n|rule|Item Clause: Limit one of each item\n|clearpoke\n|poke|p1|Weavile, L50, M|\n|poke|p1|Ursaluna-Bloodmoon, L50, M|\n|poke|p1|Flutter Mane, L50|\n|poke|p1|Toxtricity-Low-Key, L50, M|\n|poke|p1|Gyarados, L50, F|\n|poke|p1|Ogerpon-Hearthflame, L50, F|\n|poke|p2|Politoed, L50, F|\n|poke|p2|Landorus, L50, M|\n|poke|p2|Zapdos, L50|\n|poke|p2|Basculegion, L50, M|\n|poke|p2|Rillaboom, L50, F|\n|poke|p2|Sneasler, L50, F|\n|teampreview|4\n|inactive|Battle timer is ON: inactive players will automatically lose when time's up. (requested by Yungsmitty)\n|\n|t:|1700924503\n|start\n|switch|p1a: Flutter Mane|Flutter Mane, L50|100\/100\n|switch|p1b: Weavile|Weavile, L50, M|100\/100\n|switch|p2a: Zapdos|Zapdos, L50|100\/100\n|switch|p2b: Politoed|Politoed, L50, F|100\/100\n|-weather|RainDance|[from] ability: Drizzle|[of] p2b: Politoed\n|-ability|p1b: Weavile|Pressure\n|turn|1\n|inactive|Yungsmitty has 30 seconds left.\n|\n|t:|1700924532\n|-terastallize|p2a: Zapdos|Electric\n|move|p1b: Weavile|Fake Out|p2b: Politoed\n|-damage|p2b: Politoed|89\/100\n|move|p2a: Zapdos|Tailwind|p2a: Zapdos\n|-sidestart|p2: Yungsmitty|move: Tailwind\n|cant|p2b: Politoed|flinch\n|move|p1a: Flutter Mane|Trick Room|p1a: Flutter Mane\n|-fieldstart|move: Trick Room|[of] p1a: Flutter Mane\n|\n|-weather|RainDance|[upkeep]\n|upkeep\n|turn|2\n|inactive|Yungsmitty has 30 seconds left.\n|inactive|Yungsmitty has 20 seconds left.\n|\n|t:|1700924570\n|move|p1b: Weavile|Knock Off|p2b: Politoed\n|-damage|p2b: Politoed|47\/100\n|-enditem|p2b: Politoed|Aguav Berry|[from] move: Knock Off|[of] p1b: Weavile\n|move|p2b: Politoed|Muddy Water|p1a: Flutter Mane|[spread] p1a,p1b\n|-damage|p1a: Flutter Mane|68\/100\n|-damage|p1b: Weavile|61\/100\n|move|p1a: Flutter Mane|Moonblast|p2a: Zapdos\n|-damage|p2a: Zapdos|36\/100\n|move|p2a: Zapdos|Thunderbolt|p1b: Weavile\n|-damage|p1b: Weavile|0 fnt\n|faint|p1b: Weavile\n|\n|-weather|RainDance|[upkeep]\n|upkeep\n|\n|t:|1700924584\n|switch|p1b: Toxtricity|Toxtricity-Low-Key, L50, M|100\/100\n|turn|3\n|\n|t:|1700924603\n|-terastallize|p1b: Toxtricity|Normal\n|move|p2b: Politoed|Protect|p2b: Politoed\n|-singleturn|p2b: Politoed|Protect\n|move|p1b: Toxtricity|Boomburst|p2b: Politoed|[spread] p2a\n|-activate|p2b: Politoed|move: Protect\n|-immune|p1a: Flutter Mane\n|-damage|p2a: Zapdos|0 fnt\n|faint|p2a: Zapdos\n|move|p1a: Flutter Mane|Moonblast|p2b: Politoed\n|-activate|p2b: Politoed|move: Protect\n|\n|-weather|RainDance|[upkeep]\n|upkeep\n|\n|t:|1700924619\n|switch|p2a: Rillaboom|Rillaboom, L50, F|100\/100\n|-fieldstart|move: Grassy Terrain|[from] ability: Grassy Surge|[of] p2a: Rillaboom\n|turn|4\n|\n|t:|1700924654\n|switch|p1b: Gyarados|Gyarados, L50, F|100\/100\n|-ability|p1b: Gyarados|Intimidate|boost\n|-unboost|p2a: Rillaboom|atk|1\n|-unboost|p2b: Politoed|atk|1\n|move|p1a: Flutter Mane|Protect|p1a: Flutter Mane\n|-singleturn|p1a: Flutter Mane|Protect\n|move|p2a: Rillaboom|Fake Out|p1b: Gyarados\n|-damage|p1b: Gyarados|91\/100\n|move|p2b: Politoed|Muddy Water|p1b: Gyarados|[spread] p1b\n|-activate|p1a: Flutter Mane|move: Protect\n|-resisted|p1b: Gyarados\n|-damage|p1b: Gyarados|81\/100\n|\n|-weather|RainDance|[upkeep]\n|-heal|p2b: Politoed|53\/100|[from] Grassy Terrain\n|-heal|p1a: Flutter Mane|74\/100|[from] Grassy Terrain\n|-sideend|p2: Yungsmitty|move: Tailwind\n|upkeep\n|turn|5\n|inactive|A.B.E Swift has 30 seconds left.\n|inactive|Yungsmitty has 30 seconds left.\n|inactive|Yungsmitty has 20 seconds left.\n|inactive|Yungsmitty has 15 seconds left.\n|\n|t:|1700924696\n|switch|p2b: Sneasler|Sneasler, L50, F|100\/100\n|-enditem|p2b: Sneasler|Grassy Seed\n|-boost|p2b: Sneasler|def|1|[from] item: Grassy Seed\n|-end|p1a: Flutter Mane|Protosynthesis|[silent]\n|switch|p1a: Toxtricity|Toxtricity-Low-Key, L50, M, tera:Normal|100\/100\n|move|p1b: Gyarados|Thunder Wave|p2b: Sneasler\n|-status|p2b: Sneasler|par\n|move|p2a: Rillaboom|Wood Hammer|p1a: Toxtricity\n|-damage|p1a: Toxtricity|37\/100\n|-damage|p2a: Rillaboom|82\/100|[from] Recoil\n|\n|-weather|none\n|-heal|p2a: Rillaboom|88\/100|[from] Grassy Terrain\n|-heal|p1a: Toxtricity|43\/100|[from] Grassy Terrain\n|-fieldend|move: Trick Room\n|upkeep\n|turn|6\n|inactive|A.B.E Swift has 30 seconds left.\n|inactive|Yungsmitty has 30 seconds left.\n|inactive|Yungsmitty has 20 seconds left.\n|inactive|Yungsmitty has 15 seconds left.\n|inactive|Yungsmitty has 10 seconds left.\n|\n|t:|1700924742\n|move|p2b: Sneasler|Dire Claw|p1b: Gyarados\n|-damage|p1b: Gyarados|35\/100\n|-enditem|p1b: Gyarados|Sitrus Berry|[eat]\n|-heal|p1b: Gyarados|59\/100|[from] item: Sitrus Berry\n|move|p1a: Toxtricity|Sludge Bomb|p2a: Rillaboom\n|-supereffective|p2a: Rillaboom\n|-damage|p2a: Rillaboom|12\/100\n|move|p2a: Rillaboom|Wood Hammer|p1a: Toxtricity\n|-damage|p1a: Toxtricity|0 fnt\n|faint|p1a: Toxtricity\n|-damage|p2a: Rillaboom|0 fnt|[from] Recoil\n|faint|p2a: Rillaboom\n|move|p1b: Gyarados|Waterfall|p2b: Sneasler\n|-damage|p2b: Sneasler|54\/100 par\n|\n|-heal|p2b: Sneasler|60\/100 par|[from] Grassy Terrain\n|upkeep\n|\n|t:|1700924765\n|switch|p1a: Flutter Mane|Flutter Mane, L50|74\/100\n|switch|p2a: Politoed|Politoed, L50, F|53\/100\n|-weather|RainDance|[from] ability: Drizzle|[of] p2a: Politoed\n|turn|7\n|inactive|A.B.E Swift has 30 seconds left.\n|\n|t:|1700924792\n|move|p2a: Politoed|Helping Hand|p2b: Sneasler\n|-singleturn|p2b: Sneasler|Helping Hand|[of] p2a: Politoed\n|move|p1a: Flutter Mane|Protect|p1a: Flutter Mane\n|-singleturn|p1a: Flutter Mane|Protect\n|move|p2b: Sneasler|Dire Claw|p1b: Gyarados\n|-damage|p1b: Gyarados|0 fnt\n|faint|p1b: Gyarados\n|\n|-weather|RainDance|[upkeep]\n|-heal|p2b: Sneasler|66\/100 par|[from] Grassy Terrain\n|-heal|p1a: Flutter Mane|80\/100|[from] Grassy Terrain\n|-heal|p2a: Politoed|58\/100|[from] Grassy Terrain\n|upkeep\n|turn|8\n|\n|t:|1700924810\n|move|p2b: Sneasler|Dire Claw|p1a: Flutter Mane\n|-damage|p1a: Flutter Mane|0 fnt\n|faint|p1a: Flutter Mane\n|-end|p1a: Flutter Mane|Protosynthesis|[silent]\n|\n|win|Yungsmitty\n|raw|A.B.E Swift's rating: 1182 &rarr; <strong>1162<\/strong><br \/>(-20 for losing)\n|raw|Yungsmitty's rating: 1250 &rarr; <strong>1270<\/strong><br \/>(+20 for winning)\n|l|\u2606A.B.E Swift\n","uploadtime":1700924825,"views":4,"p1id":"abeswift","p2id":"yungsmitty","formatid":"gen9vgc2023regulatione","rating":1162,"private":0,"password":""}