{"id":"gen9vgc2023regulatione-1998991915","p1":"ML Lacius","p2":"TreeDolphin","format":"[Gen 9] VGC 2023 Regulation E","log":"|j|\u2606ML Lacius\n|j|\u2606TreeDolphin\n|n|\u2606ML Lacius|mllacius\n|n|\u2606TreeDolphin|treedolphin\n|html|View the match progress at <a href=\"\/game-bestof3-gen9vgc2023regulatione-1998991914\">game-bestof3-gen9vgc2023regulatione-1998991914<\/a>\n|t:|1701021569\n|gametype|doubles\n|player|p1|ML Lacius|102|\n|player|p2|TreeDolphin|ingo|\n|teamsize|p1|6\n|teamsize|p2|6\n|gen|9\n|tier|[Gen 9] VGC 2023 Regulation E\n|rule|Species Clause: Limit one of each Pok\u00e9mon\n|rule|Item Clause: Limit one of each item\n|clearpoke\n|poke|p1|Krookodile, L50, F|\n|poke|p1|Greninja-*, L50, F|\n|poke|p1|Rillaboom, L50, M|\n|poke|p1|Rotom-Wash, L50|\n|poke|p1|Tornadus, L50, M|\n|poke|p1|Koffing, L50, M|\n|poke|p2|Kommo-o, L50, M|\n|poke|p2|Volbeat, L50, M|\n|poke|p2|Tyranitar, L50, F|\n|poke|p2|Clefairy, L50, M|\n|poke|p2|Houndstone, L50, F|\n|poke|p2|Arcanine, L50, M|\n|teampreview|4\n|c|\u2606TreeDolphin|https:\/\/pokepast.es\/200955d06bdba7d5\nTreeDolphin rejected open team sheets.\n|c|\u2606ML Lacius|https:\/\/pokepast.es\/121aff3bde247a57\n|c|\u2606ML Lacius|glhf\n|j| Huxley187\n|j| deathbane98\n|j| Raikia\n|c|\u2606TreeDolphin|Glhf\n|c| Huxley187|Let tree cook\n|\n|t:|1701021697\n|start\n|switch|p1a: Koffing|Koffing, L50, M|100\/100\n|switch|p1b: Krookodile|Krookodile, L50, F|100\/100\n|switch|p2a: Hisui|Arcanine, L50, M, shiny|100\/100\n|switch|p2b: Clefairy|Clefairy, L50, M|100\/100\n|-ability|p1a: Koffing|Neutralizing Gas\n|turn|1\n|\n|t:|1701021748\n|-terastallize|p1b: Krookodile|Rock\n|move|p1b: Krookodile|Rock Slide|p2b: Clefairy|[spread] p2b\n|-miss|p1b: Krookodile|p2a: Hisui\n|-damage|p2b: Clefairy|78\/100\n|move|p2a: Hisui|Will-O-Wisp|p1b: Krookodile\n|-status|p1b: Krookodile|brn\n|move|p1a: Koffing|Stockpile|p1a: Koffing\n|-start|p1a: Koffing|stockpile1\n|-boost|p1a: Koffing|def|1\n|-boost|p1a: Koffing|spd|1\n|move|p2b: Clefairy|Icy Wind|p1a: Koffing|[spread] p1a,p1b\n|-damage|p1a: Koffing|94\/100\n|-damage|p1b: Krookodile|92\/100 brn\n|-unboost|p1a: Koffing|spe|1\n|-unboost|p1b: Krookodile|spe|1\n|\n|-damage|p1b: Krookodile|86\/100 brn|[from] brn\n|upkeep\n|turn|2\n|\n|t:|1701021783\n|move|p1b: Krookodile|Rock Slide|p2b: Clefairy|[spread] p2a,p2b\n|-supereffective|p2a: Hisui\n|-damage|p2a: Hisui|65\/100\n|-damage|p2b: Clefairy|67\/100\n|cant|p2a: Hisui|flinch\n|move|p2b: Clefairy|Life Dew|p2b: Clefairy|[spread] p2a,p2b\n|-heal|p2a: Hisui|90\/100\n|-heal|p2b: Clefairy|92\/100\n|move|p1a: Koffing|Gunk Shot|p2b: Clefairy\n|-supereffective|p2b: Clefairy\n|-damage|p2b: Clefairy|54\/100\n|-status|p2b: Clefairy|psn\n|\n|-damage|p2b: Clefairy|41\/100 psn|[from] psn\n|-damage|p1b: Krookodile|80\/100 brn|[from] brn\n|upkeep\n|turn|3\n|\n|t:|1701021805\n|move|p1b: Krookodile|Rock Slide|p2a: Hisui|[spread] p2a,p2b\n|-supereffective|p2a: Hisui\n|-damage|p2a: Hisui|61\/100\n|-damage|p2b: Clefairy|29\/100 psn\n|move|p2a: Hisui|Flare Blitz|p1a: Koffing\n|-damage|p1a: Koffing|73\/100\n|-damage|p2a: Hisui|56\/100|[from] Recoil\n|cant|p2b: Clefairy|flinch\n|move|p1a: Koffing|Stockpile|p1a: Koffing\n|-start|p1a: Koffing|stockpile2\n|-boost|p1a: Koffing|def|1\n|-boost|p1a: Koffing|spd|1\n|\n|-damage|p2b: Clefairy|17\/100 psn|[from] psn\n|-damage|p1b: Krookodile|75\/100 brn|[from] brn\n|upkeep\n|turn|4\n|\n|t:|1701021826\n|move|p2a: Hisui|Protect|p2a: Hisui\n|-singleturn|p2a: Hisui|Protect\n|move|p1b: Krookodile|Rock Slide|p2b: Clefairy|[spread] p2b\n|-activate|p2a: Hisui|move: Protect\n|-damage|p2b: Clefairy|5\/100 psn\n|move|p2b: Clefairy|Life Dew|p2b: Clefairy|[spread] p2a,p2b\n|-heal|p2a: Hisui|81\/100\n|-heal|p2b: Clefairy|30\/100 psn\n|move|p1a: Koffing|Stockpile|p1a: Koffing\n|-start|p1a: Koffing|stockpile3\n|-boost|p1a: Koffing|def|1\n|-boost|p1a: Koffing|spd|1\n|\n|-damage|p2b: Clefairy|17\/100 psn|[from] psn\n|-damage|p1b: Krookodile|69\/100 brn|[from] brn\n|upkeep\n|turn|5\n|\n|t:|1701021845\n|move|p1b: Krookodile|Rock Slide|p2a: Hisui|[spread] p2a,p2b\n|-supereffective|p2a: Hisui\n|-crit|p2a: Hisui\n|-damage|p2a: Hisui|28\/100\n|-damage|p2b: Clefairy|6\/100 psn\n|-enditem|p2a: Hisui|Sitrus Berry|[eat]\n|-heal|p2a: Hisui|53\/100|[from] item: Sitrus Berry\n|cant|p2a: Hisui|flinch\n|move|p2b: Clefairy|Life Dew|p2b: Clefairy|[spread] p2a,p2b\n|-heal|p2a: Hisui|78\/100\n|-heal|p2b: Clefairy|31\/100 psn\n|move|p1a: Koffing|Gunk Shot|p2a: Hisui\n|-damage|p2a: Hisui|49\/100\n|\n|-damage|p2b: Clefairy|19\/100 psn|[from] psn\n|-damage|p1b: Krookodile|63\/100 brn|[from] brn\n|upkeep\n|turn|6\n|\n|t:|1701021873\n|switch|p2a: Keanu|Tyranitar, L50, F|100\/100\n|move|p1b: Krookodile|Rock Slide|p2a: Keanu|[spread] p2a,p2b\n|-damage|p2a: Keanu|91\/100\n|-damage|p2b: Clefairy|7\/100 psn\n|cant|p2b: Clefairy|flinch\n|move|p1a: Koffing|Gunk Shot|p2b: Clefairy\n|-supereffective|p2b: Clefairy\n|-damage|p2b: Clefairy|0 fnt\n|faint|p2b: Clefairy\n|\n|-damage|p1b: Krookodile|57\/100 brn|[from] brn\n|upkeep\n|\n|t:|1701021884\n|switch|p2b: Hisui|Arcanine, L50, M, shiny|49\/100\n|turn|7\n|\n|t:|1701021900\n|switch|p1b: Rillaboom|Rillaboom, L50, M|100\/100\n|move|p1a: Koffing|Protect|p1a: Koffing\n|-singleturn|p1a: Koffing|Protect\n|move|p2b: Hisui|Flare Blitz|p1a: Koffing\n|-activate|p1a: Koffing|move: Protect\n|move|p2a: Keanu|Knock Off|p1a: Koffing\n|-activate|p1a: Koffing|move: Protect\n|\n|upkeep\n|turn|8\n|\n|t:|1701021929\n|switch|p1b: Krookodile|Krookodile, L50, F, tera:Rock|57\/100 brn\n|move|p2b: Hisui|Will-O-Wisp|p1b: Krookodile\n|-fail|p1b: Krookodile|brn\n|move|p2a: Keanu|Knock Off|p1a: Koffing\n|-damage|p1a: Koffing|58\/100\n|-enditem|p1a: Koffing|Eviolite|[from] move: Knock Off|[of] p2a: Keanu\n|move|p1a: Koffing|Will-O-Wisp|p2a: Keanu\n|-status|p2a: Keanu|brn\n|\n|-damage|p1b: Krookodile|51\/100 brn|[from] brn\n|-damage|p2a: Keanu|85\/100 brn|[from] brn\n|upkeep\n|turn|9\n|j| JabsGR\n|\n|t:|1701021971\n|switch|p2a: Houndstone|Houndstone, L50, F|100\/100\n|move|p1a: Koffing|Protect|p1a: Koffing\n|-singleturn|p1a: Koffing|Protect\n|move|p1b: Krookodile|Earthquake|p2b: Hisui|[spread] p2a,p2b\n|-activate|p1a: Koffing|move: Protect\n|-supereffective|p2b: Hisui\n|-damage|p2a: Houndstone|76\/100\n|-damage|p2b: Hisui|6\/100\n|move|p2b: Hisui|Flare Blitz|p1a: Koffing\n|-activate|p1a: Koffing|move: Protect\n|\n|-damage|p1b: Krookodile|45\/100 brn|[from] brn\n|upkeep\n|turn|10\n|\n|t:|1701022001\n|move|p1b: Krookodile|Earthquake|p2a: Houndstone|[spread] p1a,p2a,p2b\n|-supereffective|p1a: Koffing\n|-supereffective|p2b: Hisui\n|-damage|p1a: Koffing|42\/100\n|-damage|p2a: Houndstone|52\/100\n|-damage|p2b: Hisui|0 fnt\n|faint|p2b: Hisui\n|move|p2a: Houndstone|Poltergeist|p1b: Krookodile\n|-activate|p1b: Krookodile|move: Poltergeist|Choice Scarf\n|-damage|p1b: Krookodile|0 fnt\n|faint|p1b: Krookodile\n|-damage|p2a: Houndstone|42\/100|[from] item: Life Orb\n|move|p1a: Koffing|Will-O-Wisp|p2a: Houndstone\n|-status|p2a: Houndstone|brn\n|\n|-damage|p2a: Houndstone|36\/100 brn|[from] brn\n|upkeep\n|\n|t:|1701022030\n|switch|p1b: Rillaboom|Rillaboom, L50, M|100\/100\n|switch|p2b: Keanu|Tyranitar, L50, F|85\/100 brn\n|turn|11\n|\n|t:|1701022046\n|move|p1a: Koffing|Protect|p1a: Koffing\n|-singleturn|p1a: Koffing|Protect\n|move|p1b: Rillaboom|Wood Hammer|p2a: Houndstone\n|-damage|p2a: Houndstone|0 fnt\n|faint|p2a: Houndstone\n|-damage|p1b: Rillaboom|91\/100|[from] Recoil\n|move|p2b: Keanu|Rock Slide|p1b: Rillaboom|[spread] p1b\n|-activate|p1a: Koffing|move: Protect\n|-damage|p1b: Rillaboom|76\/100\n|\n|-damage|p2b: Keanu|79\/100 brn|[from] brn\n|upkeep\n|turn|12\n|\n|t:|1701022064\n|move|p1b: Rillaboom|Wood Hammer|p2b: Keanu\n|-supereffective|p2b: Keanu\n|-damage|p2b: Keanu|0 fnt\n|faint|p2b: Keanu\n|-damage|p1b: Rillaboom|47\/100|[from] Recoil\n|-enditem|p1b: Rillaboom|Sitrus Berry|[eat]\n|-heal|p1b: Rillaboom|72\/100|[from] item: Sitrus Berry\n|\n|win|ML Lacius\n|j| GreeeenGator\n|c|&|\/uhtml prompt-treedolphin,TreeDolphin is ready for game 2!\n|j| KeanuVGC\n|c|\u2606ML Lacius|ggs\n|c|&|\/uhtml prompt-mllacius,ML Lacius is ready for game 2!\nBoth players are ready! Starting next match!\n|l| GreeeenGator\n|l| KeanuVGC\n|l| Huxley187\n|j| Lkynmbr24\n|l| Raikia\n|l| JabsGR\n|l|\u2606TreeDolphin\n|j| Huxley187\n|l| Huxley187\n","uploadtime":1701023229,"views":14,"p1id":"mllacius","p2id":"treedolphin","formatid":"gen9vgc2023regulatione","rating":0,"private":0,"password":""}