{"id":"gen9vgc2023regulatione-1991260305","p1":"huntaaahr","p2":"Hanou143","format":"[Gen 9] VGC 2023 Regulation E","log":"|j|\u2606huntaaahr\n|j|\u2606Hanou143\n|t:|1700062150\n|gametype|doubles\n|player|p1|huntaaahr|170|1190\n|player|p2|Hanou143|265|1187\n|teamsize|p1|6\n|teamsize|p2|6\n|gen|9\n|tier|[Gen 9] VGC 2023 Regulation E\n|rated|\n|rule|Species Clause: Limit one of each Pok\u00e9mon\n|rule|Item Clause: Limit one of each item\n|clearpoke\n|poke|p1|Sinistcha-Masterpiece, L50|\n|poke|p1|Iron Hands, L50|\n|poke|p1|Volcarona, L50, M|\n|poke|p1|Ogerpon-Wellspring, L50, F|\n|poke|p1|Ursaluna-Bloodmoon, L50, M|\n|poke|p1|Grimmsnarl, L50, M|\n|poke|p2|Ogerpon, L50, F|\n|poke|p2|Rillaboom, L50, F|\n|poke|p2|Weezing, L50, M|\n|poke|p2|Tornadus, L50, M|\n|poke|p2|Rotom-Heat, L50|\n|poke|p2|Flutter Mane, L50|\n|teampreview|4\nHanou143 has agreed to open team sheets.\n|inactive|Battle timer is ON: inactive players will automatically lose when time's up. (requested by Hanou143)\n|inactive|huntaaahr has 60 seconds left.\n|\n|t:|1700062189\n|start\n|switch|p1a: Grimmsnarl|Grimmsnarl, L50, M|100\/100\n|switch|p1b: Volcarona|Volcarona, L50, M|100\/100\n|switch|p2a: Rillaboom|Rillaboom, L50, F|100\/100\n|switch|p2b: Weezing|Weezing, L50, M|100\/100\n|-ability|p2b: Weezing|Neutralizing Gas\n|turn|1\n|\n|t:|1700062213\n|move|p1b: Volcarona|Quiver Dance|p1b: Volcarona\n|-boost|p1b: Volcarona|spa|1\n|-boost|p1b: Volcarona|spd|1\n|-boost|p1b: Volcarona|spe|1\n|move|p2a: Rillaboom|Swords Dance|p2a: Rillaboom\n|-boost|p2a: Rillaboom|atk|2\n|move|p1a: Grimmsnarl|Reflect|p1a: Grimmsnarl\n|-sidestart|p1: huntaaahr|Reflect\n|move|p2b: Weezing|Body Slam|p1b: Volcarona\n|-damage|p1b: Volcarona|87\/100\n|\n|upkeep\n|turn|2\n|inactive|huntaaahr has 30 seconds left.\n|\n|t:|1700062239\n|-terastallize|p2a: Rillaboom|Fire\n|move|p1b: Volcarona|Quiver Dance|p1b: Volcarona\n|-boost|p1b: Volcarona|spa|1\n|-boost|p1b: Volcarona|spd|1\n|-boost|p1b: Volcarona|spe|1\n|move|p2a: Rillaboom|Snarl|p1a: Grimmsnarl|[spread] p1a,p1b\n|-resisted|p1a: Grimmsnarl\n|-damage|p1a: Grimmsnarl|99\/100\n|-damage|p1b: Volcarona|84\/100\n|-unboost|p1a: Grimmsnarl|spa|1\n|-unboost|p1b: Volcarona|spa|1\n|move|p1a: Grimmsnarl|Foul Play|p2a: Rillaboom\n|-damage|p2a: Rillaboom|27\/100\n|move|p2b: Weezing|Clear Smog|p1b: Volcarona\n|-damage|p1b: Volcarona|76\/100\n|-clearboost|p1b: Volcarona\n|\n|upkeep\n|turn|3\n|inactive|huntaaahr has 30 seconds left.\n|inactive|huntaaahr has 20 seconds left.\n|inactive|huntaaahr has 15 seconds left.\n|\n|t:|1700062280\n|switch|p2a: Flutter Mane|Flutter Mane, L50|100\/100\n|move|p1b: Volcarona|Heat Wave|p2a: Flutter Mane|[spread] p2a,p2b\n|-damage|p2a: Flutter Mane|64\/100\n|-damage|p2b: Weezing|71\/100\n|move|p1a: Grimmsnarl|Foul Play|p2a: Flutter Mane\n|-damage|p2a: Flutter Mane|28\/100\n|move|p2b: Weezing|Will-O-Wisp|p1a: Grimmsnarl\n|-status|p1a: Grimmsnarl|brn\n|\n|-heal|p2b: Weezing|77\/100|[from] item: Black Sludge\n|-damage|p1a: Grimmsnarl|93\/100 brn|[from] brn\n|upkeep\n|turn|4\n|inactive|huntaaahr has 30 seconds left.\n|inactive|Hanou143 has 30 seconds left.\n|inactive|huntaaahr has 20 seconds left.\n|inactive|huntaaahr has 15 seconds left.\n|\n|t:|1700062321\n|switch|p1a: Sinistcha|Sinistcha-Masterpiece, L50|100\/100\n|move|p2a: Flutter Mane|Moonblast|p1a: Sinistcha\n|-damage|p1a: Sinistcha|48\/100\n|-unboost|p1a: Sinistcha|spa|1\n|-enditem|p1a: Sinistcha|Sitrus Berry|[eat]\n|-heal|p1a: Sinistcha|73\/100|[from] item: Sitrus Berry\n|move|p1b: Volcarona|Heat Wave|p2b: Weezing|[spread] p2a,p2b\n|-crit|p2b: Weezing\n|-damage|p2a: Flutter Mane|0 fnt\n|-damage|p2b: Weezing|27\/100\n|faint|p2a: Flutter Mane\n|-end|p2a: Flutter Mane|Protosynthesis|[silent]\n|move|p2b: Weezing|Body Slam|p1b: Volcarona\n|-crit|p1b: Volcarona\n|-damage|p1b: Volcarona|45\/100\n|\n|-heal|p2b: Weezing|33\/100|[from] item: Black Sludge\n|upkeep\n|\n|t:|1700062339\n|switch|p2a: Ogerpon|Ogerpon, L50, F|100\/100\n|turn|5\n|\n|t:|1700062356\n|move|p2b: Weezing|Protect|p2b: Weezing\n|-singleturn|p2b: Weezing|Protect\n|move|p2a: Ogerpon|Stomping Tantrum|p1b: Volcarona\n|-damage|p1b: Volcarona|24\/100\n|-enditem|p1b: Volcarona|Wiki Berry|[eat]\n|-heal|p1b: Volcarona|58\/100|[from] item: Wiki Berry\n|move|p1b: Volcarona|Quiver Dance|p1b: Volcarona\n|-boost|p1b: Volcarona|spa|1\n|-boost|p1b: Volcarona|spd|1\n|-boost|p1b: Volcarona|spe|1\n|move|p1a: Sinistcha|Shadow Ball|p2b: Weezing\n|-activate|p2b: Weezing|move: Protect\n|\n|-heal|p2b: Weezing|39\/100|[from] item: Black Sludge\n|upkeep\n|turn|6\n|\n|t:|1700062378\n|move|p1b: Volcarona|Heat Wave|p2a: Ogerpon|[spread] p2a,p2b\n|-supereffective|p2a: Ogerpon\n|-damage|p2a: Ogerpon|22\/100\n|-damage|p2b: Weezing|0 fnt\n|faint|p2b: Weezing\n|-end|p2b: Weezing|ability: Neutralizing Gas\n|-heal|p1b: Volcarona|83\/100|[from] ability: Hospitality|[of] p1a: Sinistcha\n|move|p2a: Ogerpon|Stomping Tantrum|p1b: Volcarona\n|-damage|p1b: Volcarona|60\/100\n|move|p1a: Sinistcha|Shadow Ball|p2a: Ogerpon\n|-damage|p2a: Ogerpon|0 fnt\n|faint|p2a: Ogerpon\n|\n|upkeep\n|-message|Hanou143 forfeited.\n|\n|win|huntaaahr\n|raw|huntaaahr's rating: 1190 &rarr; <strong>1215<\/strong><br \/>(+25 for winning)\n|raw|Hanou143's rating: 1187 &rarr; <strong>1162<\/strong><br \/>(-25 for losing)\n|l|\u2606Hanou143\n","uploadtime":1700062390,"views":13,"p1id":"huntaaahr","p2id":"hanou143","formatid":"gen9vgc2023regulatione","rating":1162,"private":0,"password":""}