{"id":"gen9vgc2023regulatione-1997990498","p1":"Duck duty alt","p2":"Garfeldlasang","format":"[Gen 9] VGC 2023 Regulation E","log":"|j|\u2606Duck duty alt\n|j|\u2606Garfeldlasang\n|t:|1700876122\n|gametype|doubles\n|player|p1|Duck duty alt|pokekid|1036\n|player|p2|Garfeldlasang|102|1043\n|teamsize|p1|6\n|teamsize|p2|6\n|gen|9\n|tier|[Gen 9] VGC 2023 Regulation E\n|rated|\n|rule|Species Clause: Limit one of each Pok\u00e9mon\n|rule|Item Clause: Limit one of each item\n|clearpoke\n|poke|p1|Bronzong, L50|\n|poke|p1|Kricketune, L50, M|\n|poke|p1|Kommo-o, L50, F|\n|poke|p1|Toxtricity, L50, F|\n|poke|p1|Rillaboom, L50, M|\n|poke|p1|Ursaluna-Bloodmoon, L50, M|\n|poke|p2|Scizor, L50, M|\n|poke|p2|Dragonite, L50, F|\n|poke|p2|Talonflame, L50, M|\n|poke|p2|Annihilape, L50, M|\n|poke|p2|Gastrodon-East, L50, F|\n|poke|p2|Maushold-Four, L50|\n|teampreview|4\n|inactive|Battle timer is ON: inactive players will automatically lose when time's up. (requested by Duck duty alt)\n|inactive|Duck duty alt has 60 seconds left.\n|inactive|Garfeldlasang has 60 seconds left.\n|\n|t:|1700876155\n|start\n|switch|p1a: Bronzong|Bronzong, L50|100\/100\n|switch|p1b: Rillaboom|Rillaboom, L50, M|100\/100\n|switch|p2a: Maushold|Maushold-Four, L50|100\/100\n|switch|p2b: Annihilape|Annihilape, L50, M|100\/100\n|-fieldstart|move: Grassy Terrain|[from] ability: Grassy Surge|[of] p1b: Rillaboom\n|turn|1\n|\n|t:|1700876166\n|move|p1b: Rillaboom|Fake Out|p2a: Maushold\n|-damage|p2a: Maushold|84\/100\n|move|p2b: Annihilape|Rage Fist|p1a: Bronzong\n|-supereffective|p1a: Bronzong\n|-damage|p1a: Bronzong|59\/100\n|cant|p2a: Maushold|flinch\n|move|p1a: Bronzong|Trick Room|p1a: Bronzong\n|-fieldstart|move: Trick Room|[of] p1a: Bronzong\n|\n|-heal|p2a: Maushold|90\/100|[from] Grassy Terrain\n|upkeep\n|turn|2\n|inactive|Duck duty alt has 30 seconds left.\n|\n|t:|1700876193\n|move|p1a: Bronzong|Gyro Ball|p2b: Annihilape\n|-damage|p2b: Annihilape|70\/100\n|move|p1b: Rillaboom|Wood Hammer|p2b: Annihilape\n|-damage|p2b: Annihilape|0 fnt\n|faint|p2b: Annihilape\n|-damage|p1b: Rillaboom|76\/100|[from] Recoil\n|move|p2a: Maushold|Beat Up|p2: Annihilape|[notarget]\n|-fail|p2a: Maushold\n|\n|-heal|p1b: Rillaboom|82\/100|[from] Grassy Terrain\n|-heal|p2a: Maushold|96\/100|[from] Grassy Terrain\n|upkeep\n|\n|t:|1700876203\n|switch|p2b: Dragonite|Dragonite, L50, F|100\/100\n|turn|3\n|\n|t:|1700876216\n|move|p2a: Maushold|Follow Me|p2a: Maushold\n|-singleturn|p2a: Maushold|move: Follow Me\n|move|p1a: Bronzong|Gyro Ball|p2a: Maushold\n|-damage|p2a: Maushold|65\/100\n|move|p1b: Rillaboom|Wood Hammer|p2a: Maushold\n|-damage|p2a: Maushold|0 fnt\n|faint|p2a: Maushold\n|-damage|p1b: Rillaboom|64\/100|[from] Recoil\n|move|p2b: Dragonite|Ice Spinner|p1b: Rillaboom\n|-supereffective|p1b: Rillaboom\n|-damage|p1b: Rillaboom|15\/100\n|-fieldend|move: Grassy Terrain\n|\n|upkeep\n|l|\u2606Garfeldlasang\n|inactive|Garfeldlasang disconnected and has a minute to reconnect!\n|player|p2|\n|j|\u2606Garfeldlasang\n|inactive|Garfeldlasang reconnected and has 50 seconds left.\n|player|p2|Garfeldlasang|102\n|\n|t:|1700876228\n|switch|p2a: Gastrodon|Gastrodon-East, L50, F|100\/100\n|turn|4\n|\n|t:|1700876243\n|switch|p1b: Ursaluna|Ursaluna-Bloodmoon, L50, M|100\/100\n|move|p2b: Dragonite|Extreme Speed|p1b: Ursaluna\n|-damage|p1b: Ursaluna|85\/100\n|move|p1a: Bronzong|Gyro Ball|p2b: Dragonite\n|-crit|p2b: Dragonite\n|-damage|p2b: Dragonite|70\/100\n|move|p2a: Gastrodon|Earth Power|p1a: Bronzong\n|-immune|p1a: Bronzong|[from] ability: Levitate\n|\n|upkeep\n|turn|5\n|inactive|Garfeldlasang has 30 seconds left.\n|\n|t:|1700876272\n|move|p1a: Bronzong|Skill Swap|p2a: Gastrodon\n|-activate|p1a: Bronzong|move: Skill Swap|Storm Drain|Levitate|[of] p2a: Gastrodon\n|move|p2a: Gastrodon|Hydro Pump|p1a: Bronzong\n|-activate|p1a: Bronzong|ability: Storm Drain\n|-ability|p1a: Bronzong|Storm Drain|boost\n|-boost|p1a: Bronzong|spa|1\n|move|p1b: Ursaluna|Blood Moon|p2b: Dragonite\n|-damage|p2b: Dragonite|0 fnt\n|faint|p2b: Dragonite\n|-damage|p1b: Ursaluna|75\/100|[from] item: Life Orb\n|\n|-fieldend|move: Trick Room\n|upkeep\n|turn|6\n|-message|Garfeldlasang forfeited.\n|\n|win|Duck duty alt\n|raw|Duck duty alt's rating: 1036 &rarr; <strong>1071<\/strong><br \/>(+35 for winning)\n|raw|Garfeldlasang's rating: 1043 &rarr; <strong>1026<\/strong><br \/>(-17 for losing)\n|l|\u2606Garfeldlasang\n","uploadtime":1700876298,"views":2,"p1id":"duckdutyalt","p2id":"garfeldlasang","formatid":"gen9vgc2023regulatione","rating":1026,"private":0,"password":""}