{"id":"gen9vgc2023regulatione-1995722997","p1":"Capn Neo","p2":"Halotowers","format":"[Gen 9] VGC 2023 Regulation E","log":"|j|\u2606Capn Neo\n|j|\u2606Halotowers\n|t:|1700597149\n|gametype|doubles\n|player|p1|Capn Neo|red|\n|player|p2|Halotowers|schoolkid-gen4|\n|teamsize|p1|6\n|teamsize|p2|6\n|gen|9\n|tier|[Gen 9] VGC 2023 Regulation E\n|rule|Species Clause: Limit one of each Pok\u00e9mon\n|rule|Item Clause: Limit one of each item\n|clearpoke\n|poke|p1|Urshifu-*, L50, F|\n|poke|p1|Iron Bundle, L50|\n|poke|p1|Slowking-Galar, L50, M|\n|poke|p1|Dipplin, L50, F|\n|poke|p1|Illumise, L50, F|\n|poke|p1|Zoroark-Hisui, L50, F|\n|poke|p2|Uxie, L50|\n|poke|p2|Clefable, L50, M|\n|poke|p2|Decidueye-Hisui, L50, F|\n|poke|p2|Spectrier, L50|\n|poke|p2|Umbreon, L50, F|\n|poke|p2|Clodsire, L50, F|\n|teampreview|4\n|\n|t:|1700597187\n|start\n|switch|p1a: Peach|Illumise, L50, F|100\/100\n|switch|p1b: Bowser|Slowking-Galar, L50, M|100\/100\n|switch|p2a: Axem Black|Spectrier, L50|100\/100\n|switch|p2b: Axem Pink|Clefable, L50, M|100\/100\n|turn|1\n|\n|t:|1700597222\n|-terastallize|p2b: Axem Pink|Steel\n|move|p2b: Axem Pink|Follow Me|p2b: Axem Pink\n|-singleturn|p2b: Axem Pink|move: Follow Me\n|move|p1a: Peach|Light Screen|p1a: Peach\n|-sidestart|p1: Capn Neo|move: Light Screen\n|move|p2a: Axem Black|Shadow Ball|p1b: Bowser\n|-supereffective|p1b: Bowser\n|-damage|p1b: Bowser|49\/100\n|move|p1b: Bowser|Sludge Bomb|p2b: Axem Pink\n|-immune|p2b: Axem Pink\n|\n|-heal|p1b: Bowser|55\/100|[from] item: Leftovers\n|upkeep\n|turn|2\n|j| MikeTitan\n|\n|t:|1700597246\n|switch|p1b: Mario|Urshifu, L50, F|100\/100\n|move|p2b: Axem Pink|Follow Me|p2b: Axem Pink\n|-singleturn|p2b: Axem Pink|move: Follow Me\n|move|p1a: Peach|Tailwind|p1a: Peach\n|-sidestart|p1: Capn Neo|move: Tailwind\n|move|p2a: Axem Black|Shadow Ball|p1b: Mario\n|-resisted|p1b: Mario\n|-damage|p1b: Mario|81\/100\n|\n|upkeep\n|turn|3\n|\n|t:|1700597272\n|switch|p2a: Axem Yellow|Clodsire, L50, F|100\/100\n|move|p2b: Axem Pink|Protect|p2b: Axem Pink\n|-singleturn|p2b: Axem Pink|Protect\n|move|p1b: Mario|Close Combat|p2b: Axem Pink\n|-supereffective|p2b: Axem Pink\n|-damage|p2b: Axem Pink|0 fnt\n|-unboost|p1b: Mario|def|1\n|-unboost|p1b: Mario|spd|1\n|faint|p2b: Axem Pink\n|move|p1a: Peach|Bug Buzz|p2a: Axem Yellow\n|-resisted|p2a: Axem Yellow\n|-damage|p2a: Axem Yellow|90\/100\n|\n|-heal|p2a: Axem Yellow|96\/100|[from] item: Leftovers\n|upkeep\n|\n|t:|1700597285\n|switch|p2b: Axem Green|Umbreon, L50, F|100\/100\n|turn|4\n|\n|t:|1700597316\n|move|p1b: Mario|Close Combat|p2b: Axem Green\n|-supereffective|p2b: Axem Green\n|-damage|p2b: Axem Green|0 fnt\n|-unboost|p1b: Mario|def|1\n|-unboost|p1b: Mario|spd|1\n|faint|p2b: Axem Green\n|move|p1a: Peach|Bug Buzz|p2a: Axem Yellow\n|-resisted|p2a: Axem Yellow\n|-damage|p2a: Axem Yellow|85\/100\n|move|p2a: Axem Yellow|Stockpile|p2a: Axem Yellow\n|-start|p2a: Axem Yellow|stockpile1\n|-boost|p2a: Axem Yellow|def|1\n|-boost|p2a: Axem Yellow|spd|1\n|\n|-heal|p2a: Axem Yellow|91\/100|[from] item: Leftovers\n|upkeep\n|\n|t:|1700597329\n|switch|p2b: Axem Black|Spectrier, L50|100\/100\n|turn|5\n|\n|t:|1700597357\n|move|p1a: Peach|Fake Tears|p2a: Axem Yellow\n|-unboost|p2a: Axem Yellow|spd|2\n|move|p1b: Mario|Wicked Blow|p2b: Axem Black\n|-supereffective|p2b: Axem Black\n|-crit|p2b: Axem Black\n|-damage|p2b: Axem Black|0 fnt\n|faint|p2b: Axem Black\n|move|p2a: Axem Yellow|Stomping Tantrum|p1b: Mario\n|-damage|p1b: Mario|63\/100\n|\n|-heal|p2a: Axem Yellow|97\/100|[from] item: Leftovers\n|-sideend|p1: Capn Neo|move: Light Screen\n|-sideend|p1: Capn Neo|move: Tailwind\n|upkeep\n|turn|6\n|\n|t:|1700597379\n|switch|p1b: Geno|Iron Bundle, L50|100\/100\n|-enditem|p1b: Geno|Booster Energy\n|-activate|p1b: Geno|ability: Quark Drive|[fromitem]\n|-start|p1b: Geno|quarkdrivespa\n|move|p1a: Peach|Tailwind|p1a: Peach\n|-sidestart|p1: Capn Neo|move: Tailwind\n|move|p2a: Axem Yellow|Stomping Tantrum|p1b: Geno\n|-damage|p1b: Geno|75\/100\n|\n|-heal|p2a: Axem Yellow|100\/100|[from] item: Leftovers\n|upkeep\n|turn|7\n|\n|t:|1700597412\n|move|p2a: Axem Yellow|Protect|p2a: Axem Yellow\n|-singleturn|p2a: Axem Yellow|Protect\n|move|p1a: Peach|Fake Tears|p2a: Axem Yellow\n|-activate|p2a: Axem Yellow|move: Protect\n|move|p1b: Geno|Hydro Pump|p2a: Axem Yellow\n|-activate|p2a: Axem Yellow|move: Protect\n|\n|upkeep\n|turn|8\n|\n|t:|1700597514\n|move|p1a: Peach|Light Screen|p1a: Peach\n|-sidestart|p1: Capn Neo|move: Light Screen\n|move|p1b: Geno|Hydro Pump|p2a: Axem Yellow\n|-supereffective|p2a: Axem Yellow\n|-damage|p2a: Axem Yellow|0 fnt\n|faint|p2a: Axem Yellow\n|\n|win|Capn Neo\n","uploadtime":1700597521,"views":21,"p1id":"capnneo","p2id":"halotowers","formatid":"gen9vgc2023regulatione","rating":0,"private":0,"password":""}