{"id":"gen9vgc2023regulatione-1997438400","p1":"yyfyyfyyf","p2":"olivermaul","format":"[Gen 9] VGC 2023 Regulation E","log":"|j|\u2606yyfyyfyyf\n|j|\u2606olivermaul\n|t:|1700805239\n|gametype|doubles\n|player|p1|yyfyyfyyf|1|1183\n|player|p2|olivermaul|brawly|1165\n|teamsize|p1|6\n|teamsize|p2|6\n|gen|9\n|tier|[Gen 9] VGC 2023 Regulation E\n|rated|\n|rule|Species Clause: Limit one of each Pok\u00e9mon\n|rule|Item Clause: Limit one of each item\n|clearpoke\n|poke|p1|Armarouge, L50, F|\n|poke|p1|Bruxish, L50, F|\n|poke|p1|Lilligant-Hisui, L50, F|\n|poke|p1|Torkoal, L50, F|\n|poke|p1|Indeedee-F, L50, F|\n|poke|p1|Golem-Alola, L50, F|\n|poke|p2|Samurott-Hisui, L50, M|\n|poke|p2|Amoonguss, L50, M|\n|poke|p2|Arcanine-Hisui, L50, F|\n|poke|p2|Chien-Pao, L50|\n|poke|p2|Glimmora, L50, F|\n|poke|p2|Gallade, L50, M|\n|teampreview|4\n|inactive|Battle timer is ON: inactive players will automatically lose when time's up. (requested by olivermaul)\n|\n|t:|1700805273\n|start\n|switch|p1a: Lilligant|Lilligant-Hisui, L50, F|100\/100\n|switch|p1b: Torkoal|Torkoal, L50, F|100\/100\n|switch|p2a: Samurott|Samurott-Hisui, L50, M|100\/100\n|switch|p2b: Gallade|Gallade, L50, M|100\/100\n|-weather|SunnyDay|[from] ability: Drought|[of] p1b: Torkoal\n|turn|1\n|inactive|yyfyyfyyf has 30 seconds left.\n|inactive|olivermaul has 30 seconds left.\n|inactive|yyfyyfyyf has 20 seconds left.\n|inactive|yyfyyfyyf has 15 seconds left.\n|\n|t:|1700805313\n|move|p2b: Gallade|Wide Guard|p2b: Gallade\n|-singleturn|p2b: Gallade|Wide Guard\n|move|p1a: Lilligant|Sleep Powder|p2a: Samurott\n|-status|p2a: Samurott|slp|[from] move: Sleep Powder\n|cant|p2a: Samurott|slp\n|move|p1b: Torkoal|Heat Wave|p2a: Samurott|[spread] \n|-activate|p2a: Samurott|move: Wide Guard\n|-activate|p2b: Gallade|move: Wide Guard\n|\n|-weather|SunnyDay|[upkeep]\n|upkeep\n|turn|2\n|inactive|olivermaul has 30 seconds left.\n|\n|t:|1700805340\n|move|p1a: Lilligant|Sleep Powder|p2b: Gallade\n|-status|p2b: Gallade|slp|[from] move: Sleep Powder\n|cant|p2a: Samurott|slp\n|cant|p2b: Gallade|slp\n|move|p1b: Torkoal|Solar Beam||[still]\n|-prepare|p1b: Torkoal|Solar Beam\n|-anim|p1b: Torkoal|Solar Beam|p2a: Samurott\n|-supereffective|p2a: Samurott\n|-damage|p2a: Samurott|39\/100 slp\n|\n|-weather|SunnyDay|[upkeep]\n|upkeep\n|turn|3\n|\n|t:|1700805361\n|switch|p2a: Arcanine|Arcanine-Hisui, L50, F|100\/100\n|-ability|p2a: Arcanine|Intimidate|boost\n|-unboost|p1a: Lilligant|atk|1\n|-unboost|p1b: Torkoal|atk|1\n|-terastallize|p2b: Gallade|Dragon\n|move|p1a: Lilligant|After You|p1b: Torkoal\n|-activate|p1b: Torkoal|move: After You\n|move|p1b: Torkoal|Eruption|p2a: Arcanine|[spread] p2a,p2b\n|-resisted|p2a: Arcanine\n|-resisted|p2b: Gallade\n|-damage|p2a: Arcanine|75\/100\n|-damage|p2b: Gallade|60\/100 slp\n|cant|p2b: Gallade|slp\n|\n|-weather|SunnyDay|[upkeep]\n|upkeep\n|turn|4\n|\n|t:|1700805381\n|switch|p1b: Indeedee|Indeedee-F, L50, F|100\/100\n|-fieldstart|move: Psychic Terrain|[from] ability: Psychic Surge|[of] p1b: Indeedee\n|move|p1a: Lilligant|Sleep Powder|p2a: Arcanine\n|-status|p2a: Arcanine|slp|[from] move: Sleep Powder\n|cant|p2a: Arcanine|slp\n|-curestatus|p2b: Gallade|slp|[msg]\n|move|p2b: Gallade|Psycho Cut|p1a: Lilligant\n|-supereffective|p1a: Lilligant\n|-enditem|p1a: Lilligant|Focus Sash\n|-damage|p1a: Lilligant|1\/100\n|\n|-weather|SunnyDay|[upkeep]\n|upkeep\n|turn|5\n|inactive|yyfyyfyyf has 30 seconds left.\n|\n|t:|1700805410\n|-curestatus|p2a: Arcanine|slp|[msg]\n|move|p2a: Arcanine|Extreme Speed|p1a: Lilligant\n|-activate|p1a: Lilligant|move: Psychic Terrain\n|move|p1a: Lilligant|Sleep Powder|p2b: Gallade|[miss]\n|-miss|p1a: Lilligant|p2b: Gallade\n|move|p2b: Gallade|Psycho Cut|p1a: Lilligant\n|-supereffective|p1a: Lilligant\n|-damage|p1a: Lilligant|0 fnt\n|faint|p1a: Lilligant\n|move|p1b: Indeedee|Trick Room|p1b: Indeedee\n|-fieldstart|move: Trick Room|[of] p1b: Indeedee\n|\n|-weather|none\n|upkeep\n|\n|t:|1700805426\n|switch|p1a: Golem|Golem-Alola, L50, F|100\/100\n|-item|p1a: Golem|Air Balloon\n|turn|6\n|\n|t:|1700805446\n|move|p2b: Gallade|Wide Guard|p2b: Gallade\n|-singleturn|p2b: Gallade|Wide Guard\n|move|p1b: Indeedee|Follow Me|p1b: Indeedee\n|-singleturn|p1b: Indeedee|move: Follow Me\n|move|p1a: Golem|Rock Slide|p2b: Gallade|[spread] \n|-activate|p2a: Arcanine|move: Wide Guard\n|-activate|p2b: Gallade|move: Wide Guard\n|move|p2a: Arcanine|Rock Slide|p1a: Golem|[spread] p1a,p1b\n|-damage|p1a: Golem|78\/100\n|-damage|p1b: Indeedee|77\/100\n|-enditem|p1a: Golem|Air Balloon\n|\n|upkeep\n|turn|7\n|inactive|yyfyyfyyf has 30 seconds left.\n|inactive|olivermaul has 30 seconds left.\n|\n|t:|1700805477\n|switch|p1b: Torkoal|Torkoal, L50, F|100\/100\n|-weather|SunnyDay|[from] ability: Drought|[of] p1b: Torkoal\n|move|p1a: Golem|Wide Guard|p1a: Golem\n|-singleturn|p1a: Golem|Wide Guard\n|move|p2a: Arcanine|Snarl|p1b: Torkoal|[spread] \n|-activate|p1a: Golem|move: Wide Guard\n|-activate|p1b: Torkoal|move: Wide Guard\n|move|p2b: Gallade|Trick Room|p2b: Gallade\n|-fieldend|move: Trick Room\n|\n|-weather|SunnyDay|[upkeep]\n|upkeep\n|turn|8\n|-message|yyfyyfyyf forfeited.\n|\n|win|olivermaul\n|raw|yyfyyfyyf's rating: 1183 &rarr; <strong>1157<\/strong><br \/>(-26 for losing)\n|raw|olivermaul's rating: 1165 &rarr; <strong>1191<\/strong><br \/>(+26 for winning)\n|l|\u2606yyfyyfyyf\n","uploadtime":1700805509,"views":5,"p1id":"yyfyyfyyf","p2id":"olivermaul","formatid":"gen9vgc2023regulatione","rating":1157,"private":0,"password":""}