{"id":"gen9vgc2023regulatione-1992172573","p1":"SinnRay","p2":"HangryMunchlax","format":"[Gen 9] VGC 2023 Regulation E","log":"|j|\u2606SinnRay\n|j|\u2606HangryMunchlax\n|n|\u2606SinnRay|sinnray\n|n|\u2606HangryMunchlax|hangrymunchlax\n|html|View the match progress at <a href=\"\/game-bestof3-gen9vgc2023regulatione-1992172572\">game-bestof3-gen9vgc2023regulatione-1992172572<\/a>\n|t:|1700161020\n|gametype|doubles\n|player|p1|SinnRay|2|\n|player|p2|HangryMunchlax|101|\n|teamsize|p1|6\n|teamsize|p2|6\n|gen|9\n|tier|[Gen 9] VGC 2023 Regulation E\n|rule|Species Clause: Limit one of each Pok\u00e9mon\n|rule|Item Clause: Limit one of each item\n|clearpoke\n|poke|p1|Gholdengo, L50|\n|poke|p1|Iron Hands, L50|\n|poke|p1|Amoonguss, L50, M|\n|poke|p1|Iron Bundle, L50|\n|poke|p1|Pelipper, L50, M|\n|poke|p1|Salamence, L50, M|\n|poke|p2|Landorus-Therian, L50, M|\n|poke|p2|Ogerpon-Hearthflame, L50, F|\n|poke|p2|Flutter Mane, L50|\n|poke|p2|Tornadus, L50, M|\n|poke|p2|Urshifu-*, L50, M|\n|poke|p2|Iron Hands, L50|\n|teampreview|4\n|c|\u2606HangryMunchlax|Open team sheets?\n|c|\u2606HangryMunchlax|Or nah?\n|c|\u2606SinnRay|nah\nHangryMunchlax rejected open team sheets.\n|\n|t:|1700161106\n|start\n|switch|p1a: Gholdengo|Gholdengo, L50|100\/100\n|switch|p1b: Salamence|Salamence, L50, M|100\/100\n|switch|p2a: Tornadus|Tornadus, L50, M|100\/100\n|switch|p2b: Landorus|Landorus-Therian, L50, M|100\/100\n|-ability|p1b: Salamence|Intimidate|boost\n|-unboost|p2a: Tornadus|atk|1\n|-unboost|p2b: Landorus|atk|1\n|-ability|p2b: Landorus|Intimidate|boost\n|-unboost|p1a: Gholdengo|atk|1\n|-unboost|p1b: Salamence|atk|1\n|turn|1\n|c|\u2606HangryMunchlax|whoa\n|c|\u2606HangryMunchlax|I did not expect that\n|\n|t:|1700161165\n|-terastallize|p1a: Gholdengo|Dragon\n|move|p2a: Tornadus|Tailwind|p2a: Tornadus\n|-sidestart|p2: HangryMunchlax|move: Tailwind\n|move|p2b: Landorus|Stomping Tantrum|p1a: Gholdengo\n|-damage|p1a: Gholdengo|71\/100\n|move|p1b: Salamence|Tailwind|p1b: Salamence\n|-sidestart|p1: SinnRay|move: Tailwind\n|move|p1a: Gholdengo|Nasty Plot|p1a: Gholdengo\n|-boost|p1a: Gholdengo|spa|2\n|\n|-heal|p1a: Gholdengo|77\/100|[from] item: Leftovers\n|upkeep\n|turn|2\n|\n|t:|1700161225\n|switch|p1b: Iron Hands|Iron Hands, L50|100\/100\n|move|p2b: Landorus|Stomping Tantrum|p1a: Gholdengo\n|-damage|p1a: Gholdengo|47\/100\n|move|p2a: Tornadus|Bleakwind Storm|p1b: Iron Hands|[spread] p1b\n|-miss|p2a: Tornadus|p1a: Gholdengo\n|-damage|p1b: Iron Hands|82\/100\n|move|p1a: Gholdengo|Shadow Ball|p2a: Tornadus\n|-damage|p2a: Tornadus|3\/100\n|-enditem|p2a: Tornadus|Sitrus Berry|[eat]\n|-heal|p2a: Tornadus|28\/100|[from] item: Sitrus Berry\n|\n|-heal|p1a: Gholdengo|54\/100|[from] item: Leftovers\n|upkeep\n|turn|3\n|\n|t:|1700161273\n|move|p2a: Tornadus|Protect|p2a: Tornadus\n|-singleturn|p2a: Tornadus|Protect\n|move|p1b: Iron Hands|Fake Out|p2b: Landorus\n|-damage|p2b: Landorus|84\/100\n|cant|p2b: Landorus|flinch\n|move|p1a: Gholdengo|Nasty Plot|p1a: Gholdengo\n|-boost|p1a: Gholdengo|spa|2\n|\n|-heal|p1a: Gholdengo|60\/100|[from] item: Leftovers\n|upkeep\n|turn|4\n|c|\u2606HangryMunchlax|ouch\n|c|\u2606SinnRay|yyye\n|\n|t:|1700161301\n|-end|p1b: Iron Hands|Quark Drive|[silent]\n|switch|p1b: Salamence|Salamence, L50, M|100\/100\n|-ability|p1b: Salamence|Intimidate|boost\n|-unboost|p2a: Tornadus|atk|1\n|-unboost|p2b: Landorus|atk|1\n|move|p2b: Landorus|Stomping Tantrum|p1a: Gholdengo\n|-damage|p1a: Gholdengo|17\/100\n|move|p2a: Tornadus|Bleakwind Storm|p1a: Gholdengo|[spread] p1b\n|-miss|p2a: Tornadus|p1a: Gholdengo\n|-damage|p1b: Salamence|51\/100\n|-unboost|p1b: Salamence|spe|1\n|move|p1a: Gholdengo|Make It Rain|p2a: Tornadus|[spread] p2a,p2b\n|-damage|p2a: Tornadus|0 fnt\n|-damage|p2b: Landorus|0 fnt\n|-unboost|p1a: Gholdengo|spa|1\n|faint|p2a: Tornadus\n|faint|p2b: Landorus\n|\n|-heal|p1a: Gholdengo|23\/100|[from] item: Leftovers\n|-sideend|p2: HangryMunchlax|move: Tailwind\n|-sideend|p1: SinnRay|move: Tailwind\n|upkeep\n|c|\u2606HangryMunchlax|omg\n|c|\u2606SinnRay|oof\n|\n|t:|1700161322\n|switch|p2a: Iron Hands|Iron Hands, L50|100\/100\n|switch|p2b: Ogerpon|Ogerpon-Hearthflame, L50, F|100\/100\n|-ability|p2b: Ogerpon|Mold Breaker\n|turn|5\n|\n|t:|1700161350\n|-terastallize|p2b: Ogerpon|Fire\n|detailschange|p2b: Ogerpon|Ogerpon-Hearthflame-Tera, L50, F, tera:Fire\n|-ability|p2b: Ogerpon|Embody Aspect (Hearthflame)|boost\n|-boost|p2b: Ogerpon|atk|1\n|move|p1a: Gholdengo|Protect|p1a: Gholdengo\n|-singleturn|p1a: Gholdengo|Protect\n|move|p2a: Iron Hands|Fake Out|p1b: Salamence\n|-damage|p1b: Salamence|34\/100\n|cant|p1b: Salamence|flinch\n|move|p2b: Ogerpon|Ivy Cudgel|p1a: Gholdengo|[anim] Ivy Cudgel Fire\n|-activate|p1a: Gholdengo|move: Protect\n|\n|-heal|p1a: Gholdengo|29\/100|[from] item: Leftovers\n|upkeep\n|turn|6\n|\n|t:|1700161389\n|move|p1b: Salamence|Tailwind|p1b: Salamence\n|-sidestart|p1: SinnRay|move: Tailwind\n|move|p1a: Gholdengo|Shadow Ball|p2a: Iron Hands\n|-damage|p2a: Iron Hands|24\/100\n|move|p2b: Ogerpon|Ivy Cudgel|p1a: Gholdengo|[anim] Ivy Cudgel Fire\n|-resisted|p1a: Gholdengo\n|-damage|p1a: Gholdengo|0 fnt\n|faint|p1a: Gholdengo\n|move|p2a: Iron Hands|Drain Punch|p1b: Salamence\n|-resisted|p1b: Salamence\n|-damage|p1b: Salamence|10\/100\n|-heal|p2a: Iron Hands|32\/100|[from] drain|[of] p1b: Salamence\n|\n|upkeep\n|\n|t:|1700161406\n|switch|p1a: Iron Bundle|Iron Bundle, L50|100\/100\n|-enditem|p1a: Iron Bundle|Booster Energy\n|-activate|p1a: Iron Bundle|ability: Quark Drive|[fromitem]\n|-start|p1a: Iron Bundle|quarkdrivespe\n|turn|7\n|\n|t:|1700161437\n|switch|p1b: Iron Hands|Iron Hands, L50|82\/100\n|move|p1a: Iron Bundle|Protect|p1a: Iron Bundle\n|-singleturn|p1a: Iron Bundle|Protect\n|move|p2b: Ogerpon|Follow Me|p2b: Ogerpon\n|-singleturn|p2b: Ogerpon|move: Follow Me\n|move|p2a: Iron Hands|Wild Charge|p1a: Iron Bundle\n|-activate|p1a: Iron Bundle|move: Protect\n|\n|upkeep\n|turn|8\n|\n|t:|1700161466\n|move|p1b: Iron Hands|Fake Out|p2a: Iron Hands\n|-crit|p2a: Iron Hands\n|-damage|p2a: Iron Hands|16\/100\n|move|p2b: Ogerpon|Follow Me|p2b: Ogerpon\n|-singleturn|p2b: Ogerpon|move: Follow Me\n|move|p1a: Iron Bundle|Hydro Pump|p2b: Ogerpon\n|-supereffective|p2b: Ogerpon\n|-damage|p2b: Ogerpon|0 fnt\n|faint|p2b: Ogerpon\n|cant|p2a: Iron Hands|flinch\n|\n|upkeep\n|turn|9\n|c|\u2606HangryMunchlax|gg\n|c|\u2606SinnRay|gg\n|c|\u2606HangryMunchlax|i played terribly\n|c|\u2606HangryMunchlax|wow\n|\n|t:|1700161486\n|move|p1a: Iron Bundle|Freeze-Dry|p2a: Iron Hands\n|-damage|p2a: Iron Hands|0 fnt\n|faint|p2a: Iron Hands\n|-end|p2a: Iron Hands|Quark Drive|[silent]\n|\n|win|SinnRay\n|c|&|\/uhtml prompt-sinnray,SinnRay is ready for game 2!\n|c|&|\/uhtml prompt-hangrymunchlax,HangryMunchlax is ready for game 2!\nBoth players are ready! Starting next match!\n|l|\u2606HangryMunchlax\n","uploadtime":1700162471,"views":14,"p1id":"sinnray","p2id":"hangrymunchlax","formatid":"gen9vgc2023regulatione","rating":0,"private":0,"password":""}