{"id":"gen9vgc2023regulatione-2000477889","p1":"charlesgamer13","p2":"kauemagrao","format":"[Gen 9] VGC 2023 Regulation E","log":"|j|\u2606charlesgamer13\n|j|\u2606kauemagrao\n|t:|1701198136\n|gametype|doubles\n|player|p1|charlesgamer13|265|1255\n|player|p2|kauemagrao|norman|1306\n|teamsize|p1|6\n|teamsize|p2|6\n|gen|9\n|tier|[Gen 9] VGC 2023 Regulation E\n|rated|\n|rule|Species Clause: Limit one of each Pok\u00e9mon\n|rule|Item Clause: Limit one of each item\n|clearpoke\n|poke|p1|Empoleon, L50, M|\n|poke|p1|Sinistcha, L50|\n|poke|p1|Weezing-Galar, L50, F|\n|poke|p1|Scizor, L50, F|\n|poke|p1|Roaring Moon, L50|\n|poke|p1|Landorus-Therian, L50, M|\n|poke|p2|Amoonguss, L50, F|\n|poke|p2|Tornadus, L50, M|\n|poke|p2|Articuno-Galar, L50|\n|poke|p2|Iron Hands, L50|\n|poke|p2|Gholdengo, L50|\n|poke|p2|Arcanine-Hisui, L50, M|\n|teampreview|4\n|inactive|Battle timer is ON: inactive players will automatically lose when time's up. (requested by kauemagrao)\n|inactive|kauemagrao has 60 seconds left.\n|\n|t:|1701198171\n|start\n|switch|p1a: Weezing|Weezing-Galar, L50, F, shiny|100\/100\n|switch|p1b: Roaring Moon|Roaring Moon, L50, shiny|100\/100\n|switch|p2a: Amoonguss|Amoonguss, L50, F|100\/100\n|switch|p2b: Articuno|Articuno-Galar, L50|100\/100\n|-ability|p1a: Weezing|Neutralizing Gas\n|-enditem|p1b: Roaring Moon|Booster Energy\n|-activate|p1b: Roaring Moon|ability: Protosynthesis|[fromitem]\n|-start|p1b: Roaring Moon|protosynthesisspe\n|turn|1\n|inactive|charlesgamer13 has 30 seconds left.\n|\n|t:|1701198203\n|-terastallize|p2b: Articuno|Fighting\n|move|p1a: Weezing|Protect|p1a: Weezing\n|-singleturn|p1a: Weezing|Protect\n|move|p2a: Amoonguss|Rage Powder|p2a: Amoonguss\n|-singleturn|p2a: Amoonguss|move: Rage Powder\n|move|p1b: Roaring Moon|Dragon Dance|p1b: Roaring Moon\n|-boost|p1b: Roaring Moon|atk|1\n|-boost|p1b: Roaring Moon|spe|1\n|move|p2b: Articuno|Tera Blast|p1b: Roaring Moon|[anim] Tera Blast Fighting\n|-supereffective|p1b: Roaring Moon\n|-damage|p1b: Roaring Moon|30\/100\n|\n|upkeep\n|turn|2\n|inactive|charlesgamer13 has 30 seconds left.\n|\n|t:|1701198229\n|move|p1b: Roaring Moon|Protect|p1b: Roaring Moon\n|-singleturn|p1b: Roaring Moon|Protect\n|move|p2a: Amoonguss|Rage Powder|p2a: Amoonguss\n|-singleturn|p2a: Amoonguss|move: Rage Powder\n|move|p2b: Articuno|Tera Blast|p1b: Roaring Moon|[anim] Tera Blast Fighting\n|-activate|p1b: Roaring Moon|move: Protect\n|move|p1a: Weezing|Strange Steam|p2a: Amoonguss\n|-resisted|p2a: Amoonguss\n|-damage|p2a: Amoonguss|85\/100\n|\n|upkeep\n|turn|3\n|\n|t:|1701198253\n|move|p2a: Amoonguss|Rage Powder|p2a: Amoonguss\n|-singleturn|p2a: Amoonguss|move: Rage Powder\n|move|p1b: Roaring Moon|Knock Off|p2a: Amoonguss\n|-damage|p2a: Amoonguss|29\/100\n|-enditem|p2a: Amoonguss|Sitrus Berry|[from] move: Knock Off|[of] p1b: Roaring Moon\n|move|p2b: Articuno|Tera Blast|p1b: Roaring Moon|[anim] Tera Blast Fighting\n|-supereffective|p1b: Roaring Moon\n|-damage|p1b: Roaring Moon|0 fnt\n|faint|p1b: Roaring Moon\n|-end|p1b: Roaring Moon|Protosynthesis|[silent]\n|move|p1a: Weezing|Will-O-Wisp|p2a: Amoonguss\n|-status|p2a: Amoonguss|brn\n|\n|-damage|p2a: Amoonguss|23\/100 brn|[from] brn\n|upkeep\n|\n|t:|1701198270\n|switch|p1b: Empoleon|Empoleon, L50, M, shiny|100\/100\n|turn|4\n|\n|t:|1701198291\n|move|p2b: Articuno|Tera Blast|p1b: Empoleon|[anim] Tera Blast Fighting\n|-supereffective|p1b: Empoleon\n|-damage|p1b: Empoleon|24\/100\n|move|p1a: Weezing|Strange Steam|p2b: Articuno\n|-supereffective|p2b: Articuno\n|-damage|p2b: Articuno|31\/100\n|-start|p2b: Articuno|confusion\n|move|p1b: Empoleon|Ice Beam|p2a: Amoonguss\n|-supereffective|p2a: Amoonguss\n|-damage|p2a: Amoonguss|0 fnt\n|faint|p2a: Amoonguss\n|\n|upkeep\n|\n|t:|1701198304\n|switch|p2a: Iron Hands|Iron Hands, L50|100\/100\n|turn|5\n|\n|t:|1701198313\n|switch|p2b: Tornadus|Tornadus, L50, M|100\/100\n|switch|p1b: Sinistcha|Sinistcha, L50, shiny|100\/100\n|move|p2a: Iron Hands|Fake Out|p1b: Sinistcha\n|-immune|p1b: Sinistcha\n|move|p1a: Weezing|Strange Steam|p2b: Tornadus\n|-damage|p2b: Tornadus|65\/100\n|\n|upkeep\n|turn|6\n|\n|t:|1701198336\n|move|p2b: Tornadus|Tailwind|p2b: Tornadus\n|-sidestart|p2: kauemagrao|move: Tailwind\n|move|p2a: Iron Hands|Heavy Slam|p1a: Weezing\n|-supereffective|p1a: Weezing\n|-damage|p1a: Weezing|27\/100\n|move|p1a: Weezing|Will-O-Wisp|p2a: Iron Hands\n|-status|p2a: Iron Hands|brn\n|move|p1b: Sinistcha|Strength Sap|p2a: Iron Hands\n|-unboost|p2a: Iron Hands|atk|1\n|\n|-heal|p1a: Weezing|33\/100|[from] item: Leftovers\n|-damage|p2a: Iron Hands|95\/100 brn|[from] brn\n|upkeep\n|turn|7\n|inactive|charlesgamer13 has 30 seconds left.\n|\n|t:|1701198366\n|-terastallize|p1b: Sinistcha|Fire\n|move|p1a: Weezing|Protect|p1a: Weezing\n|-singleturn|p1a: Weezing|Protect\n|move|p2b: Tornadus|Bleakwind Storm|p1a: Weezing|[spread] p1b\n|-activate|p1a: Weezing|move: Protect\n|-damage|p1b: Sinistcha|56\/100\n|move|p2a: Iron Hands|Heavy Slam|p1a: Weezing\n|-activate|p1a: Weezing|move: Protect\n|move|p1b: Sinistcha|Matcha Gotcha|p2b: Tornadus|[spread] p2a,p2b\n|-resisted|p2b: Tornadus\n|-damage|p2a: Iron Hands|83\/100 brn\n|-heal|p1b: Sinistcha|64\/100|[from] drain|[of] p2a: Iron Hands\n|-damage|p2b: Tornadus|54\/100\n|-heal|p1b: Sinistcha|71\/100|[from] drain|[of] p2b: Tornadus\n|\n|-heal|p1a: Weezing|39\/100|[from] item: Leftovers\n|-damage|p2a: Iron Hands|77\/100 brn|[from] brn\n|upkeep\n|turn|8\n|inactive|charlesgamer13 has 30 seconds left.\n|\n|t:|1701198393\n|move|p2b: Tornadus|Bleakwind Storm|p1a: Weezing|[spread] p1a,p1b\n|-damage|p1a: Weezing|0 fnt\n|-damage|p1b: Sinistcha|33\/100\n|faint|p1a: Weezing\n|-end|p1a: Weezing|ability: Neutralizing Gas\n|move|p2a: Iron Hands|Heavy Slam|p1b: Sinistcha\n|-resisted|p1b: Sinistcha\n|-crit|p1b: Sinistcha\n|-damage|p1b: Sinistcha|20\/100\n|-damage|p2a: Iron Hands|60\/100 brn|[from] item: Rocky Helmet|[of] p1b: Sinistcha\n|move|p1b: Sinistcha|Matcha Gotcha|p2b: Tornadus|[spread] p2a,p2b\n|-resisted|p2b: Tornadus\n|-damage|p2a: Iron Hands|49\/100 brn\n|-heal|p1b: Sinistcha|28\/100|[from] drain|[of] p2a: Iron Hands\n|-damage|p2b: Tornadus|41\/100\n|-heal|p1b: Sinistcha|35\/100|[from] drain|[of] p2b: Tornadus\n|\n|-damage|p2a: Iron Hands|43\/100 brn|[from] brn\n|upkeep\n|\n|t:|1701198412\n|switch|p1a: Empoleon|Empoleon, L50, M, shiny|24\/100\n|turn|9\n|\n|t:|1701198424\n|move|p2b: Tornadus|Protect|p2b: Tornadus\n|-singleturn|p2b: Tornadus|Protect\n|move|p1a: Empoleon|Protect|p1a: Empoleon\n|-singleturn|p1a: Empoleon|Protect\n|move|p2a: Iron Hands|Drain Punch|p1a: Empoleon\n|-activate|p1a: Empoleon|move: Protect\n|move|p1b: Sinistcha|Strength Sap|p2a: Iron Hands\n|-unboost|p2a: Iron Hands|atk|1\n|-heal|p1b: Sinistcha|100\/100\n|\n|-damage|p2a: Iron Hands|37\/100 brn|[from] brn\n|-sideend|p2: kauemagrao|move: Tailwind\n|upkeep\n|turn|10\n|\n|t:|1701198447\n|move|p2b: Tornadus|Tailwind|p2b: Tornadus\n|-sidestart|p2: kauemagrao|move: Tailwind\n|move|p2a: Iron Hands|Drain Punch|p1a: Empoleon\n|-supereffective|p1a: Empoleon\n|-damage|p1a: Empoleon|1\/100\n|-heal|p2a: Iron Hands|45\/100 brn|[from] drain|[of] p1a: Empoleon\n|move|p1b: Sinistcha|Matcha Gotcha|p2b: Tornadus|[spread] p2a,p2b\n|-resisted|p2b: Tornadus\n|-damage|p2a: Iron Hands|32\/100 brn\n|-damage|p2b: Tornadus|30\/100\n|move|p1a: Empoleon|Ice Beam|p2b: Tornadus\n|-supereffective|p2b: Tornadus\n|-damage|p2b: Tornadus|0 fnt\n|faint|p2b: Tornadus\n|\n|-damage|p2a: Iron Hands|26\/100 brn|[from] brn\n|upkeep\n|\n|t:|1701198451\n|switch|p2b: Articuno|Articuno-Galar, L50, tera:Fighting|31\/100\n|turn|11\n|inactive|kauemagrao has 30 seconds left.\n|\n|t:|1701198485\n|move|p1a: Empoleon|Protect|p1a: Empoleon\n|-singleturn|p1a: Empoleon|Protect\n|move|p2b: Articuno|Freezing Glare|p1b: Sinistcha\n|-damage|p1b: Sinistcha|43\/100\n|move|p2a: Iron Hands|Drain Punch|p1a: Empoleon\n|-activate|p1a: Empoleon|move: Protect\n|move|p1b: Sinistcha|Matcha Gotcha|p2b: Articuno|[spread] p2a,p2b\n|-damage|p2a: Iron Hands|14\/100 brn\n|-heal|p1b: Sinistcha|51\/100|[from] drain|[of] p2a: Iron Hands\n|-damage|p2b: Articuno|6\/100\n|-heal|p1b: Sinistcha|63\/100|[from] drain|[of] p2b: Articuno\n|\n|-damage|p2a: Iron Hands|9\/100 brn|[from] brn\n|upkeep\n|turn|12\n|\n|t:|1701198509\n|move|p2b: Articuno|Freezing Glare|p1b: Sinistcha\n|-damage|p1b: Sinistcha|4\/100\n|move|p2a: Iron Hands|Drain Punch|p1a: Empoleon\n|-supereffective|p1a: Empoleon\n|-damage|p1a: Empoleon|0 fnt\n|-heal|p2a: Iron Hands|9\/100 brn|[from] drain|[of] p1a: Empoleon\n|faint|p1a: Empoleon\n|move|p1b: Sinistcha|Matcha Gotcha|p2a: Iron Hands|[spread] p2a,p2b\n|-damage|p2a: Iron Hands|0 fnt\n|-heal|p1b: Sinistcha|10\/100|[from] drain|[of] p2a: Iron Hands\n|-damage|p2b: Articuno|0 fnt\n|-heal|p1b: Sinistcha|13\/100|[from] drain|[of] p2b: Articuno\n|faint|p2a: Iron Hands\n|-end|p2a: Iron Hands|Quark Drive|[silent]\n|faint|p2b: Articuno\n|\n|win|charlesgamer13\n|raw|charlesgamer13's rating: 1255 &rarr; <strong>1284<\/strong><br \/>(+29 for winning)\n|raw|kauemagrao's rating: 1306 &rarr; <strong>1283<\/strong><br \/>(-23 for losing)\n|l|\u2606kauemagrao\n","uploadtime":1701198539,"views":1,"p1id":"charlesgamer13","p2id":"kauemagrao","formatid":"gen9vgc2023regulatione","rating":1283,"private":0,"password":""}