{"id":"gen9vgc2023regulatione-1994692615","p1":"Gaboswampert","p2":"crace1345","format":"[Gen 9] VGC 2023 Regulation E","log":"|j|\u2606Gaboswampert\n|j|\u2606crace1345\n|t:|1700481866\n|gametype|doubles\n|player|p1|Gaboswampert|psychic-lgpe|\n|player|p2|crace1345|dawn|\n|teamsize|p1|6\n|teamsize|p2|6\n|gen|9\n|tier|[Gen 9] VGC 2023 Regulation E\n|rule|Species Clause: Limit one of each Pok\u00e9mon\n|rule|Item Clause: Limit one of each item\n|clearpoke\n|poke|p1|Ogerpon-Wellspring, L50, F|\n|poke|p1|Tornadus, L50, M|\n|poke|p1|Salamence, L50, M|\n|poke|p1|Flutter Mane, L50|\n|poke|p1|Iron Hands, L50|\n|poke|p1|Kingambit, L50, F|\n|poke|p2|Rillaboom, L50, F|\n|poke|p2|Ogerpon-Wellspring, L50, F|\n|poke|p2|Chien-Pao, L50|\n|poke|p2|Flutter Mane, L50|\n|poke|p2|Zapdos-Galar, L50|\n|poke|p2|Arcanine-Hisui, L50, F|\n|teampreview|4\nGaboswampert has agreed to open team sheets.\ncrace1345 has agreed to open team sheets.\n|showteam|p1|Ogerpon-Wellspring||WellspringMask|WaterAbsorb|SwordsDance,IvyCudgel,HornLeech,SpikyShield|||F|||50|,,,,,Water]Tornadus||CovertCloak|Prankster|Tailwind,Taunt,BleakwindStorm,Protect|||M|||50|,,,,,Grass]Salamence||Leftovers|Intimidate|DracoMeteor,Hurricane,Roost,Protect|||M|||50|,,,,,Poison]Flutter Mane||ChoiceScarf|Protosynthesis|DazzlingGleam,Moonblast,ShadowBall,Psyshock||||||50|,,,,,Fairy]Iron Hands||AssaultVest|QuarkDrive|WildCharge,FakeOut,HeavySlam,VoltSwitch||||||50|,,,,,Flying]Kingambit||LumBerry|Defiant|Protect,KowtowCleave,SuckerPunch,IronHead|||F|||50|,,,,,Flying\n|showteam|p2|Rillaboom||MeadowPlate|GrassySurge|GrassyGlide,FakeOut,WoodHammer,Taunt|||F|||50|,,,,,Steel]Ogerpon-Wellspring||WellspringMask|WaterAbsorb|IvyCudgel,HornLeech,FollowMe,SpikyShield|||F|||50|,,,,,Water]Chien-Pao||FocusSash|SwordofRuin|SuckerPunch,IcicleCrash,SacredSword,Protect||||||50|,,,,,Ghost]Flutter Mane||ChoiceSpecs|Protosynthesis|ShadowBall,DazzlingGleam,Moonblast,PowerGem||||||50|,,,,,Fairy]Zapdos-Galar||ChoiceScarf|Defiant|BraveBird,ThunderousKick,KnockOff,CloseCombat||||||50|,,,,,Ghost]Arcanine-Hisui||SitrusBerry|Intimidate|RockSlide,FlareBlitz,ExtremeSpeed,WillOWisp|||F|||50|,,,,,Water\n|c|\u2606crace1345|Ogerpon water sin follow me???\n|\n|t:|1700481962\n|start\n|switch|p1a: Tornadus|Tornadus, L50, M|100\/100\n|switch|p1b: Iron Hands|Iron Hands, L50|100\/100\n|switch|p2a: Zapdos|Zapdos-Galar, L50|100\/100\n|switch|p2b: Maxichango|Rillaboom, L50, F|100\/100\n|-fieldstart|move: Grassy Terrain|[from] ability: Grassy Surge|[of] p2b: Maxichango\n|turn|1\n|\n|t:|1700481992\n|-terastallize|p2a: Zapdos|Ghost\n|move|p1b: Iron Hands|Fake Out|p2a: Zapdos\n|-immune|p2a: Zapdos\n|move|p1a: Tornadus|Tailwind|p1a: Tornadus\n|-sidestart|p1: Gaboswampert|move: Tailwind\n|move|p2a: Zapdos|Brave Bird|p1a: Tornadus\n|-damage|p1a: Tornadus|40\/100\n|-damage|p2a: Zapdos|78\/100|[from] Recoil\n|move|p2b: Maxichango|Wood Hammer|p1b: Iron Hands\n|-damage|p1b: Iron Hands|20\/100\n|-damage|p2b: Maxichango|70\/100|[from] Recoil\n|\n|-heal|p2a: Zapdos|84\/100|[from] Grassy Terrain\n|-heal|p1b: Iron Hands|26\/100|[from] Grassy Terrain\n|-heal|p2b: Maxichango|76\/100|[from] Grassy Terrain\n|upkeep\n|turn|2\n|\n|t:|1700482031\n|switch|p2a: Arcanine|Arcanine-Hisui, L50, F|100\/100\n|-ability|p2a: Arcanine|Intimidate|boost\n|-unboost|p1a: Tornadus|atk|1\n|-unboost|p1b: Iron Hands|atk|1\n|move|p2b: Maxichango|Grassy Glide|p1b: Iron Hands\n|-damage|p1b: Iron Hands|0 fnt\n|faint|p1b: Iron Hands\n|-end|p1b: Iron Hands|Quark Drive|[silent]\n|move|p1a: Tornadus|Bleakwind Storm|p2b: Maxichango|[spread] \n|-miss|p1a: Tornadus|p2a: Arcanine\n|-miss|p1a: Tornadus|p2b: Maxichango\n|\n|-heal|p2b: Maxichango|82\/100|[from] Grassy Terrain\n|upkeep\n|\n|t:|1700482046\n|switch|p1b: Ogerpon|Ogerpon-Wellspring, L50, F|100\/100\n|turn|3\n|\n|t:|1700482089\n|switch|p2b: Flutter Mane|Flutter Mane, L50|100\/100\n|move|p2a: Arcanine|Extreme Speed|p1a: Tornadus\n|-damage|p1a: Tornadus|18\/100\n|move|p1b: Ogerpon|Ivy Cudgel|p2a: Arcanine|[anim] Ivy Cudgel Water\n|-supereffective|p2a: Arcanine\n|-crit|p2a: Arcanine\n|-damage|p2a: Arcanine|0 fnt\n|faint|p2a: Arcanine\n|move|p1a: Tornadus|Bleakwind Storm|p2b: Flutter Mane\n|-damage|p2b: Flutter Mane|57\/100\n|\n|-heal|p2b: Flutter Mane|63\/100|[from] Grassy Terrain\n|upkeep\n|\n|t:|1700482102\n|switch|p2a: Maxichango|Rillaboom, L50, F|82\/100\n|turn|4\n|\n|t:|1700482128\n|move|p1a: Tornadus|Protect|p1a: Tornadus\n|-singleturn|p1a: Tornadus|Protect\n|move|p2a: Maxichango|Grassy Glide|p1a: Tornadus\n|-activate|p1a: Tornadus|move: Protect\n|move|p1b: Ogerpon|Ivy Cudgel|p2b: Flutter Mane|[anim] Ivy Cudgel Water\n|-damage|p2b: Flutter Mane|0 fnt\n|faint|p2b: Flutter Mane\n|-end|p2b: Flutter Mane|Protosynthesis|[silent]\n|\n|-heal|p2a: Maxichango|88\/100|[from] Grassy Terrain\n|-sideend|p1: Gaboswampert|move: Tailwind\n|upkeep\n|\n|t:|1700482136\n|switch|p2b: Zapdos|Zapdos-Galar, L50, tera:Ghost|84\/100\n|turn|5\n|\n|t:|1700482164\n|move|p1b: Ogerpon|Spiky Shield|p1b: Ogerpon\n|-singleturn|p1b: Ogerpon|move: Protect\n|move|p1a: Tornadus|Tailwind|p1a: Tornadus\n|-sidestart|p1: Gaboswampert|move: Tailwind\n|move|p2a: Maxichango|Grassy Glide|p1a: Tornadus\n|-resisted|p1a: Tornadus\n|-damage|p1a: Tornadus|0 fnt\n|faint|p1a: Tornadus\n|move|p2b: Zapdos|Close Combat|p1b: Ogerpon\n|-activate|p1b: Ogerpon|move: Protect\n|-damage|p2b: Zapdos|72\/100|[from] Spiky Shield|[of] p1b: Ogerpon\n|\n|-heal|p2b: Zapdos|78\/100|[from] Grassy Terrain\n|-heal|p2a: Maxichango|94\/100|[from] Grassy Terrain\n|-fieldend|move: Grassy Terrain\n|upkeep\n|\n|t:|1700482180\n|switch|p1a: Flutter Mane|Flutter Mane, L50|100\/100\n|turn|6\n|\n|t:|1700482231\n|move|p1a: Flutter Mane|Shadow Ball|p2b: Zapdos\n|-supereffective|p2b: Zapdos\n|-damage|p2b: Zapdos|0 fnt\n|faint|p2b: Zapdos\n|move|p1b: Ogerpon|Swords Dance|p1b: Ogerpon\n|-boost|p1b: Ogerpon|atk|2\n|move|p2a: Maxichango|Wood Hammer|p1a: Flutter Mane\n|-damage|p1a: Flutter Mane|0 fnt\n|faint|p1a: Flutter Mane\n|-end|p1a: Flutter Mane|Protosynthesis|[silent]\n|-damage|p2a: Maxichango|72\/100|[from] Recoil\n|\n|upkeep\n|turn|7\n|\n|t:|1700482250\n|move|p1b: Ogerpon|Spiky Shield|p1b: Ogerpon\n|-singleturn|p1b: Ogerpon|move: Protect\n|move|p2a: Maxichango|Taunt|p1b: Ogerpon\n|-activate|p1b: Ogerpon|move: Protect\n|\n|upkeep\n|turn|8\n|\n|t:|1700482263\n|move|p1b: Ogerpon|Ivy Cudgel|p2a: Maxichango|[anim] Ivy Cudgel Water\n|-resisted|p2a: Maxichango\n|-crit|p2a: Maxichango\n|-damage|p2a: Maxichango|0 fnt\n|faint|p2a: Maxichango\n|\n|win|Gaboswampert\n|c|\u2606Gaboswampert|Jaja\n","uploadtime":1700482285,"views":4,"p1id":"gaboswampert","p2id":"crace1345","formatid":"gen9vgc2023regulatione","rating":0,"private":0,"password":""}