{"id":"gen9vgc2023regulatione-1994581633","p1":"pokeveteran04","p2":"sahabatGOMBA\u2714\ufe0f","format":"[Gen 9] VGC 2023 Regulation E","log":"|j|\u2606pokeveteran04\n|j|\u2606sahabatGOMBA\u2714\ufe0f\n|t:|1700463790\n|gametype|doubles\n|player|p1|pokeveteran04|red|\n|player|p2|sahabatGOMBA\u2714\ufe0f|acetrainercouple|\n|teamsize|p1|6\n|teamsize|p2|6\n|gen|9\n|tier|[Gen 9] VGC 2023 Regulation E\n|rated|Tournament battle\n|rule|Species Clause: Limit one of each Pok\u00e9mon\n|rule|Item Clause: Limit one of each item\n|clearpoke\n|poke|p1|Tornadus, L50, M|\n|poke|p1|Amoonguss, L50, F|\n|poke|p1|Thundurus-Therian, L50, M|\n|poke|p1|Urshifu-*, L50, M|\n|poke|p1|Arcanine-Hisui, L50, M|\n|poke|p1|Ogerpon-Wellspring, L50, F|\n|poke|p2|Indeedee-F, L50, F|\n|poke|p2|Ursaluna-Bloodmoon, L50, M|\n|poke|p2|Lilligant-Hisui, L50, F|\n|poke|p2|Torkoal, L50, F|\n|poke|p2|Flutter Mane, L50|\n|poke|p2|Urshifu-*, L50, M|\n|teampreview|4\n|showteam|p1|Tornadus||FocusSash|Prankster|Tailwind,BleakwindStorm,RainDance,Protect|||M|||50|,,,,,Steel]Amoonguss||Leftovers|Regenerator|Spore,RagePowder,PollenPuff,Protect|||F|||50|,,,,,Water]Thundurus-Therian||ChoiceSpecs|VoltAbsorb|Thunder,VoltSwitch,WeatherBall,WildboltStorm|||M|||50|,,,,,Electric]Urshifu-Rapid-Strike||MysticWater|UnseenFist|SurgingStrikes,AquaJet,CloseCombat,Protect|||M|||50|,,,,,Steel]Arcanine-Hisui||SitrusBerry|Intimidate|ExtremeSpeed,RockSlide,WillOWisp,Protect|||M|||50|,,,,,Water]Ogerpon-Wellspring||WellspringMask|WaterAbsorb|IvyCudgel,HornLeech,Taunt,SpikyShield|||F|||50|,,,,,Water\n|showteam|p2|Indeedee-F||PsychicSeed|PsychicSurge|FollowMe,DazzlingGleam,TrickRoom,HelpingHand|||F|||50|,,,,,Fairy]Ursaluna-Bloodmoon||ThroatSpray|MindsEye|BloodMoon,EarthPower,HyperVoice,Protect|||M|||50|,,,,,Normal]Lilligant-Hisui||WideLens|Chlorophyll|SolarBlade,CloseCombat,SleepPowder,AfterYou|||F|||50|,,,,,Ghost]Torkoal||ChoiceSpecs|Drought|Eruption,HeatWave,EarthPower,SolarBeam|||F|||50|,,,,,Fire]Flutter Mane||LifeOrb|Protosynthesis|ShadowBall,DazzlingGleam,IcyWind,Protect||||||50|,,,,,Fairy]Urshifu-Rapid-Strike||ChoiceScarf|UnseenFist|SurgingStrikes,CloseCombat,AquaJet,Uturn|||M|||50|,,,,,Water\n|j| Tempest brute\n|j| Tilzy\n|c| Tilzy|GOMBA!\n|l| Tempest brute\n|c|\u2606pokeveteran04|i hate tr\n|c|\u2606pokeveteran04|i might as well forfiet\n|c|\u2606sahabatGOMBA\u2714\ufe0f|me 2\n|j| FatalEspresso\n|\n|t:|1700463852\n|start\n|switch|p1a: Tornadus|Tornadus, L50, M|100\/100\n|switch|p1b: Ogerpon|Ogerpon-Wellspring, L50, F|100\/100\n|switch|p2a: Torkoal|Torkoal, L50, F|100\/100\n|switch|p2b: Lilligant|Lilligant-Hisui, L50, F|100\/100\n|-weather|SunnyDay|[from] ability: Drought|[of] p2a: Torkoal\n|turn|1\n|inactive|Battle timer is ON: inactive players will automatically lose when time's up. (requested by sahabatGOMBA\u2714\ufe0f)\n|\n|t:|1700463901\n|switch|p2a: Indeedee|Indeedee-F, L50, F|100\/100\n|-fieldstart|move: Psychic Terrain|[from] ability: Psychic Surge|[of] p2a: Indeedee\n|-enditem|p2a: Indeedee|Psychic Seed\n|-boost|p2a: Indeedee|spd|1|[from] item: Psychic Seed\n|move|p1a: Tornadus|Rain Dance|p1a: Tornadus\n|-weather|RainDance\n|move|p2b: Lilligant|Sleep Powder|p1a: Tornadus\n|-status|p1a: Tornadus|slp|[from] move: Sleep Powder\n|move|p1b: Ogerpon|Ivy Cudgel|p2a: Indeedee|[anim] Ivy Cudgel Water\n|-damage|p2a: Indeedee|0 fnt\n|faint|p2a: Indeedee\n|\n|-weather|RainDance|[upkeep]\n|upkeep\n|c|\u2606sahabatGOMBA\u2714\ufe0f|how fast ur ogerpond\n|\n|t:|1700463915\n|switch|p2a: Torkoal|Torkoal, L50, F|100\/100\n|-weather|SunnyDay|[from] ability: Drought|[of] p2a: Torkoal\n|turn|2\n|\n|t:|1700463935\n|cant|p1a: Tornadus|slp\n|move|p1b: Ogerpon|Spiky Shield|p1b: Ogerpon\n|-singleturn|p1b: Ogerpon|move: Protect\n|move|p2b: Lilligant|Sleep Powder|p1b: Ogerpon\n|-activate|p1b: Ogerpon|move: Protect\n|move|p2a: Torkoal|Eruption|p1a: Tornadus|[spread] p1a\n|-activate|p1b: Ogerpon|move: Protect\n|-enditem|p1a: Tornadus|Focus Sash\n|-damage|p1a: Tornadus|1\/100 slp\n|\n|-weather|SunnyDay|[upkeep]\n|upkeep\n|turn|3\n|\n|t:|1700463956\n|switch|p1a: Urshifu|Urshifu-Rapid-Strike, L50, M|100\/100\n|-terastallize|p1b: Ogerpon|Water\n|detailschange|p1b: Ogerpon|Ogerpon-Wellspring-Tera, L50, F, tera:Water\n|-ability|p1b: Ogerpon|Embody Aspect (Wellspring)|boost\n|-boost|p1b: Ogerpon|spd|1\n|-terastallize|p2a: Torkoal|Fire\n|move|p2b: Lilligant|After You|p2a: Torkoal\n|-activate|p2a: Torkoal|move: After You\n|move|p2a: Torkoal|Eruption|p1b: Ogerpon|[spread] p1a,p1b\n|-resisted|p1a: Urshifu\n|-resisted|p1b: Ogerpon\n|-damage|p1a: Urshifu|18\/100\n|-damage|p1b: Ogerpon|55\/100\n|move|p1b: Ogerpon|Ivy Cudgel|p2a: Torkoal|[anim] Ivy Cudgel Water\n|-supereffective|p2a: Torkoal\n|-damage|p2a: Torkoal|35\/100\n|\n|-weather|SunnyDay|[upkeep]\n|upkeep\n|turn|4\n|j| kidturtle\n|inactive|sahabatGOMBA\u2714\ufe0f has 30 seconds left.\n|\n|t:|1700463983\n|move|p1b: Ogerpon|Spiky Shield|p1b: Ogerpon\n|-singleturn|p1b: Ogerpon|move: Protect\n|move|p1a: Urshifu|Protect|p1a: Urshifu\n|-singleturn|p1a: Urshifu|Protect\n|move|p2b: Lilligant|Sleep Powder|p1a: Urshifu\n|-activate|p1a: Urshifu|move: Protect\n|move|p2a: Torkoal|Eruption|p1a: Urshifu|[spread] \n|-activate|p1a: Urshifu|move: Protect\n|-activate|p1b: Ogerpon|move: Protect\n|\n|-weather|SunnyDay|[upkeep]\n|upkeep\n|turn|5\n|inactive|pokeveteran04 has 30 seconds left.\n|c|\u2606sahabatGOMBA\u2714\ufe0f|i h8 urshifu\n|inactive|pokeveteran04 has 20 seconds left.\n|inactive|pokeveteran04 has 15 seconds left.\n|\n|t:|1700464026\n|switch|p1b: Amoonguss|Amoonguss, L50, F|100\/100\n|move|p2b: Lilligant|Solar Blade||[still]\n|-prepare|p2b: Lilligant|Solar Blade\n|-anim|p2b: Lilligant|Solar Blade|p1b: Amoonguss\n|-resisted|p1b: Amoonguss\n|-damage|p1b: Amoonguss|89\/100\n|move|p1a: Urshifu|Surging Strikes|p2a: Torkoal\n|-supereffective|p2a: Torkoal\n|-crit|p2a: Torkoal\n|-damage|p2a: Torkoal|17\/100\n|-supereffective|p2a: Torkoal\n|-crit|p2a: Torkoal\n|-damage|p2a: Torkoal|0 fnt\n|faint|p2a: Torkoal\n|-hitcount|p2: Torkoal|2\n|\n|-weather|SunnyDay|[upkeep]\n|-heal|p1b: Amoonguss|95\/100|[from] item: Leftovers\n|-fieldend|move: Psychic Terrain\n|upkeep\n|l| FatalEspresso\n|c| kidturtle|blud is running lilikoal complaining about shifu\n|\n|t:|1700464035\n|switch|p2a: Ursaluna|Ursaluna-Bloodmoon, L50, M|100\/100\n|turn|6\n|j| FatalEspresso\n|c|\u2606sahabatGOMBA\u2714\ufe0f|yes kid\n|\n|t:|1700464057\n|move|p1a: Urshifu|Protect|p1a: Urshifu\n|-singleturn|p1a: Urshifu|Protect\n|move|p2b: Lilligant|Close Combat|p1b: Amoonguss\n|-resisted|p1b: Amoonguss\n|-damage|p1b: Amoonguss|71\/100\n|-unboost|p2b: Lilligant|def|1\n|-unboost|p2b: Lilligant|spd|1\n|move|p2a: Ursaluna|Blood Moon|p1b: Amoonguss\n|-damage|p1b: Amoonguss|8\/100\n|move|p1b: Amoonguss|Spore|p2a: Ursaluna\n|-status|p2a: Ursaluna|slp|[from] move: Spore\n|\n|-weather|none\n|-heal|p1b: Amoonguss|14\/100|[from] item: Leftovers\n|upkeep\n|turn|7\n|c| FatalEspresso|May the best gimmick win.\n|c|\u2606sahabatGOMBA\u2714\ufe0f|yes fatal\n|inactive|pokeveteran04 has 30 seconds left.\n|inactive|pokeveteran04 has 20 seconds left.\n|inactive|pokeveteran04 has 15 seconds left.\n|\n|t:|1700464097\n|switch|p1b: Tornadus|Tornadus, L50, M|1\/100 slp\n|move|p1a: Urshifu|Aqua Jet|p2a: Ursaluna\n|-supereffective|p2a: Ursaluna\n|-damage|p2a: Ursaluna|62\/100 slp\n|move|p2b: Lilligant|Close Combat|p1a: Urshifu\n|-damage|p1a: Urshifu|0 fnt\n|-unboost|p2b: Lilligant|def|1\n|-unboost|p2b: Lilligant|spd|1\n|faint|p1a: Urshifu\n|cant|p2a: Ursaluna|slp\n|\n|upkeep\n|inactive|pokeveteran04 has 30 seconds left.\n|\n|t:|1700464123\n|switch|p1a: Ogerpon|Ogerpon-Wellspring-Tera, L50, F, tera:Water|55\/100\n|-ability|p1a: Ogerpon|Embody Aspect (Wellspring)|boost\n|-boost|p1a: Ogerpon|spd|1\n|turn|8\n|\n|t:|1700464135\n|move|p1a: Ogerpon|Spiky Shield|p1a: Ogerpon\n|-singleturn|p1a: Ogerpon|move: Protect\n|-curestatus|p1b: Tornadus|slp|[msg]\n|move|p1b: Tornadus|Bleakwind Storm|p2a: Ursaluna|[spread] p2a,p2b\n|-supereffective|p2b: Lilligant\n|-damage|p2a: Ursaluna|21\/100 slp\n|-damage|p2b: Lilligant|0 fnt\n|faint|p2b: Lilligant\n|-curestatus|p2a: Ursaluna|slp|[msg]\n|move|p2a: Ursaluna|Hyper Voice|p1a: Ogerpon|[spread] p1b\n|-activate|p1a: Ogerpon|move: Protect\n|-damage|p1b: Tornadus|0 fnt\n|faint|p1b: Tornadus\n|-enditem|p2a: Ursaluna|Throat Spray\n|-boost|p2a: Ursaluna|spa|1|[from] item: Throat Spray\n|\n|upkeep\n|\n|t:|1700464149\n|switch|p1b: Amoonguss|Amoonguss, L50, F|47\/100\n|turn|9\n|c|\u2606sahabatGOMBA\u2714\ufe0f|gg poke\n|\n|t:|1700464158\n|move|p1a: Ogerpon|Ivy Cudgel|p2a: Ursaluna|[anim] Ivy Cudgel Water\n|-supereffective|p2a: Ursaluna\n|-damage|p2a: Ursaluna|0 fnt\n|faint|p2a: Ursaluna\n|\n|win|pokeveteran04\n|n|\u2606pokeveteran04|pokeveteran04\n|n|\u2606sahabatGOMBA\u2714\ufe0f|sahabatgomba\n|n| Tilzy|tilzy\n|n| kidturtle|kidturtle\n|n| FatalEspresso|fatalespresso\n","uploadtime":1700464164,"views":6,"p1id":"pokeveteran04","p2id":"sahabatgomba","formatid":"gen9vgc2023regulatione","rating":0,"private":0,"password":""}