{"id":"gen9vgc2023regulatione-1995116869","p1":"chriscanway","p2":"kennymaker64","format":"[Gen 9] VGC 2023 Regulation E","log":"|j|\u2606chriscanway\n|j|\u2606kennymaker64\n|t:|1700524409\n|gametype|doubles\n|player|p1|chriscanway|ethan|\n|player|p2|kennymaker64|169|\n|teamsize|p1|6\n|teamsize|p2|6\n|gen|9\n|tier|[Gen 9] VGC 2023 Regulation E\n|rule|Species Clause: Limit one of each Pok\u00e9mon\n|rule|Item Clause: Limit one of each item\n|clearpoke\n|poke|p1|Tornadus, L50, M|\n|poke|p1|Ogerpon-Wellspring, L50, F|\n|poke|p1|Iron Hands, L50|\n|poke|p1|Arcanine-Hisui, L50, M|\n|poke|p1|Urshifu-*, L50, F|\n|poke|p1|Landorus-Therian, L50, M|\n|poke|p2|Sinistcha-Masterpiece, L50|\n|poke|p2|Torkoal, L50, F|\n|poke|p2|Slowking-Galar, L50, M|\n|poke|p2|Iron Hands, L50|\n|poke|p2|Grimmsnarl, L50, M|\n|poke|p2|Ursaluna-Bloodmoon, L50, M|\n|teampreview|4\nkennymaker64 has agreed to open team sheets.\n|c|\u2606kennymaker64|glhf\nchriscanway has agreed to open team sheets.\n|showteam|p1|Tornadus||CovertCloak|Prankster|Taunt,IcyWind,BleakwindStorm,Tailwind|||M|||50|,,,,,Dark]Ogerpon-Wellspring||WellspringMask|WaterAbsorb|IvyCudgel,HornLeech,FollowMe,SpikyShield|||F|||50|,,,,,Water]Iron Hands||AssaultVest|QuarkDrive|FakeOut,WildCharge,DrainPunch,VoltSwitch||||||50|,,,,,Grass]Arcanine-Hisui||ChoiceBand|Intimidate|FlareBlitz,RockSlide,CloseCombat,ExtremeSpeed|||M|||50|,,,,,Normal]Urshifu||FocusSash|UnseenFist|WickedBlow,SuckerPunch,CloseCombat,Detect|||F|||50|,,,,,Dark]Landorus-Therian||ChoiceScarf|Intimidate|TeraBlast,RockSlide,Uturn,StompingTantrum|||M|||50|,,,,,Flying\n|showteam|p2|Sinistcha-Masterpiece||SitrusBerry|Hospitality|MatchaGotcha,StrengthSap,TrickRoom,CalmMind||||||50|,,,,,Fairy]Torkoal||Charcoal|Drought|Eruption,SolarBeam,EarthPower,Protect|||F|||50|,,,,,Fire]Slowking-Galar||CovertCloak|OwnTempo|TrickRoom,SludgeBomb,Psychic,SlackOff|||M|||50|,,,,,Fairy]Iron Hands||AssaultVest|QuarkDrive|FakeOut,WildCharge,DrainPunch,HeavySlam||||||50|,,,,,Fire]Grimmsnarl||LightClay|Prankster|FoulPlay,Imprison,LightScreen,Taunt|||M|||50|,,,,,Dark]Ursaluna-Bloodmoon||LifeOrb|MindsEye|BloodMoon,EarthPower,Protect,CalmMind|||M|||50|,,,,,Normal\n|c|\u2606chriscanway|U2\n|\n|t:|1700524496\n|start\n|switch|p1a: Tornadus|Tornadus, L50, M|100\/100\n|switch|p1b: Landorus|Landorus-Therian, L50, M|100\/100\n|switch|p2a: Iroh|Sinistcha-Masterpiece, L50|100\/100\n|switch|p2b: Will Smith|Iron Hands, L50|100\/100\n|-ability|p1b: Landorus|Intimidate|boost\n|-unboost|p2a: Iroh|atk|1\n|-unboost|p2b: Will Smith|atk|1\n|turn|1\n|\n|t:|1700524515\n|move|p2b: Will Smith|Fake Out|p1a: Tornadus\n|-damage|p1a: Tornadus|87\/100\n|move|p1a: Tornadus|Taunt|p2a: Iroh\n|-start|p2a: Iroh|move: Taunt\n|move|p1b: Landorus|Stomping Tantrum|p2b: Will Smith\n|-supereffective|p2b: Will Smith\n|-crit|p2b: Will Smith\n|-damage|p2b: Will Smith|18\/100\n|cant|p2a: Iroh|move: Taunt|Trick Room\n|\n|upkeep\n|turn|2\n|\n|t:|1700524530\n|move|p1b: Landorus|Stomping Tantrum|p2b: Will Smith\n|-supereffective|p2b: Will Smith\n|-damage|p2b: Will Smith|0 fnt\n|faint|p2b: Will Smith\n|-end|p2b: Will Smith|Quark Drive|[silent]\n|move|p1a: Tornadus|Bleakwind Storm|p2a: Iroh\n|-supereffective|p2a: Iroh\n|-damage|p2a: Iroh|0 fnt\n|faint|p2a: Iroh\n|\n|upkeep\n|\n|t:|1700524533\n|switch|p2a: Da Oven|Torkoal, L50, F|100\/100\n|switch|p2b: Brainwash|Slowking-Galar, L50, M|100\/100\n|-weather|SunnyDay|[from] ability: Drought|[of] p2a: Da Oven\n|turn|3\n|\n|t:|1700524543\n|-terastallize|p2b: Brainwash|Fairy\n|move|p2a: Da Oven|Protect|p2a: Da Oven\n|-singleturn|p2a: Da Oven|Protect\n|move|p1a: Tornadus|Taunt|p2b: Brainwash\n|-start|p2b: Brainwash|move: Taunt\n|move|p1b: Landorus|Stomping Tantrum|p2a: Da Oven\n|-activate|p2a: Da Oven|move: Protect\n|cant|p2b: Brainwash|move: Taunt|Trick Room\n|\n|-weather|SunnyDay|[upkeep]\n|upkeep\n|turn|4\n|\n|t:|1700524555\n|move|p1b: Landorus|Stomping Tantrum|p2a: Da Oven\n|-supereffective|p2a: Da Oven\n|-damage|p2a: Da Oven|29\/100\n|move|p1a: Tornadus|Bleakwind Storm|p2a: Da Oven|[spread] \n|-miss|p1a: Tornadus|p2a: Da Oven\n|-miss|p1a: Tornadus|p2b: Brainwash\n|move|p2b: Brainwash|Psychic|p1b: Landorus\n|-damage|p1b: Landorus|54\/100\n|move|p2a: Da Oven|Eruption|p1b: Landorus|[spread] p1a,p1b\n|-damage|p1a: Tornadus|51\/100\n|-damage|p1b: Landorus|19\/100\n|\n|-weather|SunnyDay|[upkeep]\n|upkeep\n|turn|5\n|\n|t:|1700524573\n|move|p1b: Landorus|Stomping Tantrum|p2a: Da Oven\n|-supereffective|p2a: Da Oven\n|-damage|p2a: Da Oven|0 fnt\n|faint|p2a: Da Oven\n|move|p1a: Tornadus|Bleakwind Storm|p2b: Brainwash\n|-damage|p2b: Brainwash|63\/100\n|move|p2b: Brainwash|Psychic|p1a: Tornadus\n|-damage|p1a: Tornadus|7\/100\n|\n|-weather|SunnyDay|[upkeep]\n|-end|p2b: Brainwash|move: Taunt\n|upkeep\n|turn|6\n|\n|t:|1700524584\n|move|p1b: Landorus|Stomping Tantrum|p2b: Brainwash\n|-damage|p2b: Brainwash|34\/100\n|move|p1a: Tornadus|Bleakwind Storm|p2b: Brainwash|[miss]\n|-miss|p1a: Tornadus|p2b: Brainwash\n|move|p2b: Brainwash|Trick Room|p2b: Brainwash\n|-fieldstart|move: Trick Room|[of] p2b: Brainwash\n|\n|-weather|SunnyDay|[upkeep]\n|upkeep\n|turn|7\n|\n|t:|1700524594\n|switch|p1a: Arcanine|Arcanine-Hisui, L50, M|100\/100\n|-ability|p1a: Arcanine|Intimidate|boost\n|-fail|p2b: Brainwash|unboost|Attack|[from] ability: Own Tempo|[of] p2b: Brainwash\n|switch|p1b: Urshifu|Urshifu, L50, F|100\/100\n|move|p2b: Brainwash|Slack Off|p2b: Brainwash\n|-heal|p2b: Brainwash|84\/100\n|\n|-weather|none\n|upkeep\n|turn|8\n|\n|t:|1700524601\n|move|p2b: Brainwash|Psychic|p1b: Urshifu\n|-immune|p1b: Urshifu\n|move|p1b: Urshifu|Wicked Blow|p2b: Brainwash\n|-resisted|p2b: Brainwash\n|-crit|p2b: Brainwash\n|-damage|p2b: Brainwash|61\/100\n|move|p1a: Arcanine|Flare Blitz|p2b: Brainwash\n|-damage|p2b: Brainwash|1\/100\n|-damage|p1a: Arcanine|77\/100|[from] Recoil\n|\n|upkeep\n|turn|9\n|\n|t:|1700524607\n|move|p1b: Urshifu|Sucker Punch|p2b: Brainwash\n|-resisted|p2b: Brainwash\n|-damage|p2b: Brainwash|0 fnt\n|faint|p2b: Brainwash\n|\n|win|chriscanway\n|l|\u2606kennymaker64\n","uploadtime":1700524611,"views":2,"p1id":"chriscanway","p2id":"kennymaker64","formatid":"gen9vgc2023regulatione","rating":0,"private":0,"password":""}