{"id":"gen9vgc2023regulatione-1990722518","p1":"tonino810","p2":"Zeprikan","format":"[Gen 9] VGC 2023 Regulation E","log":"|j|\u2606tonino810\n|j|\u2606Zeprikan\n|n|\u2606tonino810|tonino810\n|n|\u2606Zeprikan|zeprikan\n|html|View the match progress at <a href=\"\/game-bestof3-gen9vgc2023regulatione-1990722517\">game-bestof3-gen9vgc2023regulatione-1990722517<\/a>\n|t:|1699994836\n|gametype|doubles\n|player|p1|tonino810|170|\n|player|p2|Zeprikan|acetrainer-gen4dp|\n|teamsize|p1|6\n|teamsize|p2|6\n|gen|9\n|tier|[Gen 9] VGC 2023 Regulation E\n|rule|Species Clause: Limit one of each Pok\u00e9mon\n|rule|Item Clause: Limit one of each item\n|clearpoke\n|poke|p1|Charizard, L50, M|\n|poke|p1|Tornadus, L50, M|\n|poke|p1|Ninetales, L50, M|\n|poke|p1|Gastrodon, L50, M|\n|poke|p1|Iron Hands, L50|\n|poke|p1|Rillaboom, L50, F|\n|poke|p2|Iron Hands, L50|\n|poke|p2|Flutter Mane, L50|\n|poke|p2|Tornadus, L50, M|\n|poke|p2|Heatran, L50, F|\n|poke|p2|Urshifu-*, L50, F|\n|poke|p2|Landorus-Therian, L50, M|\n|teampreview|4\nZeprikan has agreed to open team sheets.\ntonino810 has agreed to open team sheets.\n|showteam|p1|Charizard||Charcoal|SolarPower|Flamethrower,HeatWave,AirSlash,Protect|||M|||50|,,,,,Fire]Tornadus||SharpBeak|Prankster|BleakwindStorm,Tailwind,Protect,SunnyDay|||M|||50|,,,,,Ghost]Ninetales||EjectPack|Drought|Overheat,HeatWave,Protect,SolarBeam|||M|||50|,,,,,Grass]Gastrodon||Leftovers|StormDrain|MuddyWater,Recover,Yawn,IcyWind|||M|||50|,,,,,Fire]Iron Hands||AssaultVest|QuarkDrive|FakeOut,DrainPunch,WildCharge,HeavySlam||||||50|,,,,,Water]Rillaboom||MiracleSeed|GrassySurge|FakeOut,GrassyGlide,HighHorsepower,Protect|||F|||50|,,,,,Fire\n|showteam|p2|Iron Hands||AssaultVest|QuarkDrive|DrainPunch,WildCharge,IronHead,FakeOut||||||50|,,,,,Fire]Flutter Mane||ChoiceSpecs|Protosynthesis|Moonblast,DazzlingGleam,ShadowBall,PerishSong||||||50|,,,,,Fairy]Tornadus||CovertCloak|Prankster|BleakwindStorm,Tailwind,Taunt,SunnyDay|||M|||50|,,,,,Steel]Heatran||LifeOrb|FlashFire|Protect,EarthPower,FlashCannon,HeatWave|||F|||50|,,,,,Grass]Urshifu||BlackGlasses|UnseenFist|WickedBlow,SuckerPunch,CloseCombat,Detect|||F|||50|,,,,,Poison]Landorus-Therian||ChoiceBand|Intimidate|Uturn,RockSlide,StompingTantrum,Earthquake|||M|||50|,,,,,Water\n|c|\u2606Zeprikan|Ciao\n|c|\u2606Zeprikan|Buona partita\n|inactive|Battle timer is ON: inactive players will automatically lose when time's up. (requested by tonino810)\n|\n|t:|1699994943\n|start\n|switch|p1a: Tornadus|Tornadus, L50, M|100\/100\n|switch|p1b: Iron Hands|Iron Hands, L50|100\/100\n|switch|p2a: Iron Hands|Iron Hands, L50|100\/100\n|switch|p2b: Heatran|Heatran, L50, F|100\/100\n|turn|1\n|inactive|tonino810 has 30 seconds left.\n|inactive|Zeprikan has 30 seconds left.\n|inactive|Zeprikan has 20 seconds left.\n|inactive|Zeprikan has 15 seconds left.\n|inactive|Zeprikan has 10 seconds left.\n|\n|t:|1699994991\n|move|p2b: Heatran|Protect|p2b: Heatran\n|-singleturn|p2b: Heatran|Protect\n|move|p1b: Iron Hands|Fake Out|p2b: Heatran\n|-activate|p2b: Heatran|move: Protect\n|move|p1a: Tornadus|Tailwind|p1a: Tornadus\n|-sidestart|p1: tonino810|move: Tailwind\n|move|p2a: Iron Hands|Wild Charge|p1a: Tornadus\n|-supereffective|p1a: Tornadus\n|-damage|p1a: Tornadus|0 fnt\n|faint|p1a: Tornadus\n|-damage|p2a: Iron Hands|80\/100|[from] Recoil\n|\n|upkeep\n|\n|t:|1699995006\n|switch|p1a: Rillaboom|Rillaboom, L50, F|100\/100\n|-fieldstart|move: Grassy Terrain|[from] ability: Grassy Surge|[of] p1a: Rillaboom\n|turn|2\n|inactive|Zeprikan has 30 seconds left.\n|\n|t:|1699995034\n|switch|p2b: Flutter Mane|Flutter Mane, L50|100\/100\n|-end|p2a: Iron Hands|Quark Drive|[silent]\n|switch|p2a: Tornadus|Tornadus, L50, M|100\/100\n|move|p1a: Rillaboom|Fake Out|p2b: Flutter Mane\n|-immune|p2b: Flutter Mane\n|move|p1b: Iron Hands|Drain Punch|p2a: Tornadus\n|-resisted|p2a: Tornadus\n|-damage|p2a: Tornadus|78\/100\n|\n|upkeep\n|turn|3\n|inactive|tonino810 has 30 seconds left.\n|inactive|Zeprikan has 30 seconds left.\n|inactive|Zeprikan has 20 seconds left.\n|inactive|tonino810 has 20 seconds left.\n|inactive|Zeprikan has 15 seconds left.\n|inactive|tonino810 has 15 seconds left.\n|inactive|Zeprikan has 10 seconds left.\n|\n|t:|1699995080\n|-terastallize|p2b: Flutter Mane|Fairy\n|-terastallize|p1b: Iron Hands|Water\n|move|p1a: Rillaboom|Protect|p1a: Rillaboom\n|-singleturn|p1a: Rillaboom|Protect\n|move|p2b: Flutter Mane|Moonblast|p1b: Iron Hands\n|-damage|p1b: Iron Hands|39\/100\n|move|p2a: Tornadus|Bleakwind Storm|p1a: Rillaboom|[spread] p1b\n|-activate|p1a: Rillaboom|move: Protect\n|-damage|p1b: Iron Hands|21\/100\n|-unboost|p1b: Iron Hands|spe|1\n|move|p1b: Iron Hands|Heavy Slam|p2b: Flutter Mane\n|-supereffective|p2b: Flutter Mane\n|-damage|p2b: Flutter Mane|0 fnt\n|faint|p2b: Flutter Mane\n|-end|p2b: Flutter Mane|Protosynthesis|[silent]\n|\n|-heal|p1b: Iron Hands|27\/100|[from] Grassy Terrain\n|upkeep\n|\n|t:|1699995097\n|switch|p2b: Iron Hands|Iron Hands, L50|80\/100\n|turn|4\n|\n|t:|1699995122\n|-end|p1b: Iron Hands|Quark Drive|[silent]\n|switch|p1b: Gastrodon|Gastrodon, L50, M|100\/100\n|move|p2b: Iron Hands|Fake Out|p1b: Gastrodon\n|-damage|p1b: Gastrodon|88\/100\n|move|p1a: Rillaboom|High Horsepower|p2b: Iron Hands\n|-supereffective|p2b: Iron Hands\n|-damage|p2b: Iron Hands|30\/100\n|move|p2a: Tornadus|Bleakwind Storm|p1a: Rillaboom|[spread] p1a,p1b\n|-supereffective|p1a: Rillaboom\n|-damage|p1a: Rillaboom|33\/100\n|-damage|p1b: Gastrodon|59\/100\n|-unboost|p1a: Rillaboom|spe|1\n|-unboost|p1b: Gastrodon|spe|1\n|\n|-heal|p1a: Rillaboom|39\/100|[from] Grassy Terrain\n|-heal|p1b: Gastrodon|65\/100|[from] Grassy Terrain\n|-heal|p1b: Gastrodon|71\/100|[from] item: Leftovers\n|-heal|p2b: Iron Hands|36\/100|[from] Grassy Terrain\n|-sideend|p1: tonino810|move: Tailwind\n|upkeep\n|turn|5\n|inactive|Zeprikan has 30 seconds left.\n|\n|t:|1699995153\n|move|p1a: Rillaboom|Protect|p1a: Rillaboom\n|-singleturn|p1a: Rillaboom|Protect\n|move|p2a: Tornadus|Taunt|p1b: Gastrodon\n|-start|p1b: Gastrodon|move: Taunt\n|move|p2b: Iron Hands|Drain Punch|p1a: Rillaboom\n|-activate|p1a: Rillaboom|move: Protect\n|cant|p1b: Gastrodon|move: Taunt|Yawn\n|\n|-heal|p2b: Iron Hands|42\/100|[from] Grassy Terrain\n|-heal|p1a: Rillaboom|44\/100|[from] Grassy Terrain\n|-heal|p1b: Gastrodon|77\/100|[from] Grassy Terrain\n|-heal|p1b: Gastrodon|83\/100|[from] item: Leftovers\n|upkeep\n|turn|6\n|inactive|tonino810 has 30 seconds left.\n|inactive|tonino810 has 20 seconds left.\n|\n|t:|1699995191\n|switch|p1a: Iron Hands|Iron Hands, L50, tera:Water|27\/100\n|move|p2a: Tornadus|Bleakwind Storm|p1a: Iron Hands|[spread] p1a,p1b\n|-damage|p1a: Iron Hands|9\/100\n|-damage|p1b: Gastrodon|57\/100\n|move|p2b: Iron Hands|Drain Punch|p1b: Gastrodon\n|-damage|p1b: Gastrodon|21\/100\n|-heal|p2b: Iron Hands|59\/100|[from] drain|[of] p1b: Gastrodon\n|move|p1b: Gastrodon|Icy Wind|p2a: Tornadus|[spread] p2b\n|-miss|p1b: Gastrodon|p2a: Tornadus\n|-damage|p2b: Iron Hands|54\/100\n|-unboost|p2b: Iron Hands|spe|1\n|\n|-heal|p1a: Iron Hands|15\/100|[from] Grassy Terrain\n|-heal|p2b: Iron Hands|60\/100|[from] Grassy Terrain\n|-heal|p1b: Gastrodon|27\/100|[from] Grassy Terrain\n|-heal|p1b: Gastrodon|33\/100|[from] item: Leftovers\n|-fieldend|move: Grassy Terrain\n|upkeep\n|turn|7\n|inactive|Zeprikan has 30 seconds left.\n|\n|t:|1699995221\n|move|p1a: Iron Hands|Fake Out|p2b: Iron Hands\n|-damage|p2b: Iron Hands|48\/100\n|move|p2a: Tornadus|Bleakwind Storm|p1a: Iron Hands|[spread] p1a,p1b\n|-damage|p1a: Iron Hands|0 fnt\n|-damage|p1b: Gastrodon|8\/100\n|faint|p1a: Iron Hands\n|-end|p1a: Iron Hands|Quark Drive|[silent]\n|cant|p2b: Iron Hands|flinch\n|move|p1b: Gastrodon|Icy Wind|p2b: Iron Hands|[spread] p2a,p2b\n|-supereffective|p2a: Tornadus\n|-damage|p2a: Tornadus|58\/100\n|-damage|p2b: Iron Hands|43\/100\n|-unboost|p2b: Iron Hands|spe|1\n|\n|-heal|p1b: Gastrodon|14\/100|[from] item: Leftovers\n|-end|p1b: Gastrodon|move: Taunt\n|upkeep\n|\n|t:|1699995236\n|switch|p1a: Rillaboom|Rillaboom, L50, F|44\/100\n|-fieldstart|move: Grassy Terrain|[from] ability: Grassy Surge|[of] p1a: Rillaboom\n|turn|8\n|\n|t:|1699995254\n|move|p1a: Rillaboom|Protect|p1a: Rillaboom\n|-singleturn|p1a: Rillaboom|Protect\n|move|p2a: Tornadus|Tailwind|p2a: Tornadus\n|-sidestart|p2: Zeprikan|move: Tailwind\n|move|p2b: Iron Hands|Drain Punch|p1b: Gastrodon\n|-damage|p1b: Gastrodon|0 fnt\n|-heal|p2b: Iron Hands|49\/100|[from] drain|[of] p1b: Gastrodon\n|faint|p1b: Gastrodon\n|\n|-heal|p1a: Rillaboom|50\/100|[from] Grassy Terrain\n|-heal|p2b: Iron Hands|55\/100|[from] Grassy Terrain\n|upkeep\n|turn|9\n|\n|t:|1699995267\n|move|p2a: Tornadus|Bleakwind Storm|p1a: Rillaboom|[miss]\n|-miss|p2a: Tornadus|p1a: Rillaboom\n|move|p1a: Rillaboom|High Horsepower|p2b: Iron Hands|[miss]\n|-miss|p1a: Rillaboom|p2b: Iron Hands\n|move|p2b: Iron Hands|Drain Punch|p1a: Rillaboom\n|-damage|p1a: Rillaboom|7\/100\n|-heal|p2b: Iron Hands|75\/100|[from] drain|[of] p1a: Rillaboom\n|\n|-heal|p1a: Rillaboom|13\/100|[from] Grassy Terrain\n|-heal|p2b: Iron Hands|81\/100|[from] Grassy Terrain\n|upkeep\n|turn|10\n|-message|tonino810 forfeited.\n|\n|win|Zeprikan\n|l|\u2606tonino810\n|c|&|\/uhtml prompt-zeprikan,Zeprikan is ready for game 2!\n|c|&|\/uhtml prompt-tonino810,tonino810 is ready for game 2!\nBoth players are ready! Starting next match!\n","uploadtime":1699995507,"views":34,"p1id":"tonino810","p2id":"zeprikan","formatid":"gen9vgc2023regulatione","rating":0,"private":0,"password":""}