{"id":"gen9vgc2023regulatione-1996763575","p1":"xingshen","p2":"Skyking17","format":"[Gen 9] VGC 2023 Regulation E","log":"|j|\u2606xingshen\n|j|\u2606Skyking17\n|t:|1700721181\n|gametype|doubles\n|player|p1|xingshen|dawn|1104\n|player|p2|Skyking17|ethan|1189\n|teamsize|p1|6\n|teamsize|p2|6\n|gen|9\n|tier|[Gen 9] VGC 2023 Regulation E\n|rated|\n|rule|Species Clause: Limit one of each Pok\u00e9mon\n|rule|Item Clause: Limit one of each item\n|clearpoke\n|poke|p1|Landorus-Therian, L50, M|\n|poke|p1|Ogerpon-Cornerstone, L50, F|\n|poke|p1|Heatran, L50, M|\n|poke|p1|Lycanroc, L50, M|\n|poke|p1|Tyranitar, L50, M|\n|poke|p1|Tornadus, L50, M|\n|poke|p2|Zoroark-Hisui, L50, M|\n|poke|p2|Ninetales, L50, F|\n|poke|p2|Tornadus, L50, M|\n|poke|p2|Heatran, L50, M|\n|poke|p2|Roaring Moon, L50|\n|poke|p2|Typhlosion, L50, M|\n|teampreview|4\n|inactive|Battle timer is ON: inactive players will automatically lose when time's up. (requested by Skyking17)\n|\n|t:|1700721217\n|start\n|switch|p1a: Tyranitar|Tyranitar, L50, M, shiny|100\/100\n|switch|p1b: Lycanroc|Lycanroc, L50, M|100\/100\n|switch|p2a: Tornadus|Tornadus, L50, M|100\/100\n|switch|p2b: Heatran|Heatran, L50, M|100\/100\n|-weather|Sandstorm|[from] ability: Sand Stream|[of] p1a: Tyranitar\n|turn|1\n|\n|t:|1700721239\n|move|p2a: Tornadus|Sunny Day|p2a: Tornadus\n|-weather|SunnyDay\n|move|p1b: Lycanroc|Rock Slide|p2a: Tornadus|[spread] p2b\n|-miss|p1b: Lycanroc|p2a: Tornadus\n|-damage|p2b: Heatran|76\/100\n|cant|p2b: Heatran|flinch\n|move|p1a: Tyranitar|Knock Off|p2b: Heatran\n|-damage|p2b: Heatran|29\/100\n|-enditem|p2b: Heatran|Leftovers|[from] move: Knock Off|[of] p1a: Tyranitar\n|\n|-weather|SunnyDay|[upkeep]\n|upkeep\n|turn|2\n|inactive|xingshen has 30 seconds left.\n|\n|t:|1700721269\n|switch|p1a: Landorus|Landorus-Therian, L50, M|100\/100\n|-ability|p1a: Landorus|Intimidate|boost\n|-unboost|p2a: Tornadus|atk|1\n|-unboost|p2b: Heatran|atk|1\n|move|p2a: Tornadus|Tailwind|p2a: Tornadus\n|-sidestart|p2: Skyking17|move: Tailwind\n|move|p1b: Lycanroc|Accelerock|p2a: Tornadus\n|-supereffective|p2a: Tornadus\n|-damage|p2a: Tornadus|47\/100\n|move|p2b: Heatran|Flash Cannon|p1a: Landorus\n|-damage|p1a: Landorus|38\/100\n|\n|-weather|SunnyDay|[upkeep]\n|upkeep\n|turn|3\n|\n|t:|1700721290\n|switch|p1a: Tyranitar|Tyranitar, L50, M, shiny|100\/100\n|-weather|Sandstorm|[from] ability: Sand Stream|[of] p1a: Tyranitar\n|move|p2a: Tornadus|Bleakwind Storm|p1b: Lycanroc|[spread] p1a,p1b\n|-resisted|p1a: Tyranitar\n|-resisted|p1b: Lycanroc\n|-damage|p1a: Tyranitar|91\/100\n|-damage|p1b: Lycanroc|82\/100\n|move|p1b: Lycanroc|Rock Slide|p2a: Tornadus|[spread] p2a,p2b\n|-supereffective|p2a: Tornadus\n|-damage|p2a: Tornadus|0 fnt\n|-damage|p2b: Heatran|5\/100\n|faint|p2a: Tornadus\n|move|p2b: Heatran|Heat Wave|p1a: Tyranitar|[spread] p1a,p1b\n|-resisted|p1a: Tyranitar\n|-resisted|p1b: Lycanroc\n|-damage|p1a: Tyranitar|78\/100\n|-damage|p1b: Lycanroc|58\/100\n|\n|-weather|Sandstorm|[upkeep]\n|upkeep\n|\n|t:|1700721293\n|switch|p2a: Ninetales|Ninetales, L50, F|100\/100\n|-weather|SunnyDay|[from] ability: Drought|[of] p2a: Ninetales\n|turn|4\n|\n|t:|1700721317\n|move|p2b: Heatran|Protect|p2b: Heatran\n|-singleturn|p2b: Heatran|Protect\n|move|p1b: Lycanroc|Accelerock|p2a: Ninetales\n|-supereffective|p2a: Ninetales\n|-damage|p2a: Ninetales|60\/100\n|move|p2a: Ninetales|Will-O-Wisp|p1a: Tyranitar\n|-status|p1a: Tyranitar|brn\n|move|p1a: Tyranitar|Rock Slide|p2a: Ninetales|[spread] p2a\n|-activate|p2b: Heatran|move: Protect\n|-supereffective|p2a: Ninetales\n|-damage|p2a: Ninetales|30\/100\n|\n|-weather|SunnyDay|[upkeep]\n|-damage|p1a: Tyranitar|72\/100 brn|[from] brn\n|upkeep\n|turn|5\n|inactive|xingshen has 30 seconds left.\n|\n|t:|1700721347\n|move|p1b: Lycanroc|Accelerock|p2a: Ninetales\n|-supereffective|p2a: Ninetales\n|-damage|p2a: Ninetales|0 fnt\n|faint|p2a: Ninetales\n|move|p2b: Heatran|Flash Cannon|p1b: Lycanroc\n|-supereffective|p1b: Lycanroc\n|-damage|p1b: Lycanroc|0 fnt\n|faint|p1b: Lycanroc\n|move|p1a: Tyranitar|Rock Slide|p2b: Heatran\n|-damage|p2b: Heatran|0 fnt\n|faint|p2b: Heatran\n|\n|-weather|SunnyDay|[upkeep]\n|-damage|p1a: Tyranitar|66\/100 brn|[from] brn\n|-sideend|p2: Skyking17|move: Tailwind\n|upkeep\n|\n|t:|1700721364\n|switch|p1b: Ogerpon|Ogerpon-Cornerstone, L50, F|100\/100\n|switch|p2a: Typhlosion|Typhlosion, L50, M|100\/100\n|turn|6\n|\n|t:|1700721375\n|switch|p1a: Landorus|Landorus-Therian, L50, M|38\/100\n|-ability|p1a: Landorus|Intimidate|boost\n|-unboost|p2a: Typhlosion|atk|1\n|-terastallize|p2a: Typhlosion|Fire\n|move|p1b: Ogerpon|Spiky Shield|p1b: Ogerpon\n|-singleturn|p1b: Ogerpon|move: Protect\n|move|p2a: Typhlosion|Eruption|p1a: Landorus|[spread] p1a\n|-activate|p1b: Ogerpon|move: Protect\n|-damage|p1a: Landorus|0 fnt\n|faint|p1a: Landorus\n|\n|-weather|SunnyDay|[upkeep]\n|upkeep\n|\n|t:|1700721391\n|switch|p1a: Tyranitar|Tyranitar, L50, M, shiny|66\/100 brn\n|-weather|Sandstorm|[from] ability: Sand Stream|[of] p1a: Tyranitar\n|turn|7\n|\n|t:|1700721403\n|move|p1a: Tyranitar|Protect|p1a: Tyranitar\n|-singleturn|p1a: Tyranitar|Protect\n|move|p2a: Typhlosion|Eruption|p1a: Tyranitar|[spread] p1b\n|-activate|p1a: Tyranitar|move: Protect\n|-damage|p1b: Ogerpon|38\/100\n|move|p1b: Ogerpon|Ivy Cudgel|p2a: Typhlosion|[anim] Ivy Cudgel Rock\n|-supereffective|p2a: Typhlosion\n|-damage|p2a: Typhlosion|0 fnt\n|faint|p2a: Typhlosion\n|\n|win|xingshen\n|raw|xingshen's rating: 1104 &rarr; <strong>1135<\/strong><br \/>(+31 for winning)\n|raw|Skyking17's rating: 1189 &rarr; <strong>1158<\/strong><br \/>(-31 for losing)\n|l|\u2606Skyking17\n","uploadtime":1700721419,"views":7,"p1id":"xingshen","p2id":"skyking17","formatid":"gen9vgc2023regulatione","rating":1135,"private":0,"password":""}