{"id":"gen9vgc2023regulatione-1995212209","p1":"Smak Talk","p2":"LegacyKiwi","format":"[Gen 9] VGC 2023 Regulation E","log":"|j|\u2606Smak Talk\n|j|\u2606LegacyKiwi\n|t:|1700535224\n|gametype|doubles\n|player|p1|Smak Talk|170|1143\n|player|p2|LegacyKiwi|265|1055\n|teamsize|p1|6\n|teamsize|p2|6\n|gen|9\n|tier|[Gen 9] VGC 2023 Regulation E\n|rated|\n|rule|Species Clause: Limit one of each Pok\u00e9mon\n|rule|Item Clause: Limit one of each item\n|clearpoke\n|poke|p1|Chien-Pao, L50|\n|poke|p1|Toxapex, L50, M|\n|poke|p1|Brute Bonnet, L50|\n|poke|p1|Scizor, L50, M|\n|poke|p1|Spectrier, L50|\n|poke|p1|Armarouge, L50, F|\n|poke|p2|Altaria, L50, F|\n|poke|p2|Azumarill, L50, F|\n|poke|p2|Toxapex, L50, F|\n|poke|p2|Koffing, L50, M|\n|poke|p2|Decidueye, L50, F|\n|poke|p2|Kommo-o, L50, M|\n|teampreview|4\n|inactive|Battle timer is ON: inactive players will automatically lose when time's up. (requested by LegacyKiwi)\n|\n|t:|1700535268\n|start\n|switch|p1a: Scizor|Scizor, L50, M|100\/100\n|switch|p1b: Chien-Pao|Chien-Pao, L50|100\/100\n|switch|p2a: Azumarill|Azumarill, L50, F|100\/100\n|switch|p2b: Decidueye|Decidueye, L50, F|100\/100\n|-ability|p1b: Chien-Pao|Sword of Ruin\n|turn|1\n|\n|t:|1700535289\n|-terastallize|p2b: Decidueye|Fire\n|move|p1b: Chien-Pao|Protect|p1b: Chien-Pao\n|-singleturn|p1b: Chien-Pao|Protect\n|move|p1a: Scizor|Tailwind|p1a: Scizor\n|-sidestart|p1: Smak Talk|move: Tailwind\n|move|p2b: Decidueye|Spirit Shackle|p1b: Chien-Pao\n|-activate|p1b: Chien-Pao|move: Protect\n|move|p2a: Azumarill|Perish Song|p2a: Azumarill\n|-start|p1a: Scizor|perish3|[silent]\n|-start|p1b: Chien-Pao|perish3|[silent]\n|-start|p2a: Azumarill|perish3|[silent]\n|-start|p2b: Decidueye|perish3|[silent]\n|-fieldactivate|move: Perish Song\n|\n|-start|p1b: Chien-Pao|perish3\n|-start|p1a: Scizor|perish3\n|-start|p2b: Decidueye|perish3\n|-start|p2a: Azumarill|perish3\n|upkeep\n|turn|2\n|inactive|Smak Talk has 30 seconds left.\n|inactive|Smak Talk has 20 seconds left.\n|\n|t:|1700535328\n|move|p1a: Scizor|Bullet Punch|p2a: Azumarill\n|-damage|p2a: Azumarill|59\/100\n|move|p1b: Chien-Pao|Sacred Sword|p2b: Decidueye\n|-damage|p2b: Decidueye|46\/100\n|move|p2b: Decidueye|Spirit Shackle|p1b: Chien-Pao\n|-resisted|p1b: Chien-Pao\n|-damage|p1b: Chien-Pao|80\/100\n|-activate|p1b: Chien-Pao|trapped\n|move|p2a: Azumarill|Dig||[still]\n|-prepare|p2a: Azumarill|Dig\n|\n|-start|p1b: Chien-Pao|perish2\n|-start|p1a: Scizor|perish2\n|-start|p2b: Decidueye|perish2\n|-start|p2a: Azumarill|perish2\n|upkeep\n|turn|3\n|\n|t:|1700535350\n|move|p2b: Decidueye|Protect|p2b: Decidueye\n|-singleturn|p2b: Decidueye|Protect\n|move|p1b: Chien-Pao|Psychic Fangs|p2b: Decidueye\n|-activate|p2b: Decidueye|move: Protect\n|move|p1a: Scizor|Wing Attack|p2b: Decidueye\n|-activate|p2b: Decidueye|move: Protect\n|move|p2a: Azumarill|Dig|p1a: Scizor|[from]lockedmove\n|-damage|p1a: Scizor|87\/100\n|\n|-start|p1b: Chien-Pao|perish1\n|-start|p1a: Scizor|perish1\n|-start|p2b: Decidueye|perish1\n|-start|p2a: Azumarill|perish1\n|upkeep\n|turn|4\n|inactive|LegacyKiwi has 30 seconds left.\n|\n|t:|1700535380\n|switch|p1a: Armarouge|Armarouge, L50, F|100\/100\n|switch|p2b: Toxapex|Toxapex, L50, F|100\/100\n|switch|p2a: Altaria|Altaria, L50, F|100\/100\n|-ability|p2a: Altaria|Cloud Nine\n|move|p1b: Chien-Pao|Psychic Fangs|p2b: Toxapex\n|-supereffective|p2b: Toxapex\n|-damage|p2b: Toxapex|33\/100\n|\n|-heal|p2b: Toxapex|39\/100|[from] item: Black Sludge\n|-start|p1b: Chien-Pao|perish0\n|-sideend|p1: Smak Talk|move: Tailwind\n|upkeep\n|faint|p1b: Chien-Pao\n|\n|t:|1700535389\n|switch|p1b: Brute Bonnet|Brute Bonnet, L50|100\/100\n|turn|5\n|\n|t:|1700535405\n|switch|p2b: Azumarill|Azumarill, L50, F|59\/100\n|move|p1a: Armarouge|Psyshock|p2b: Azumarill\n|-damage|p2b: Azumarill|21\/100\n|move|p1b: Brute Bonnet|Spore|p2a: Altaria\n|-status|p2a: Altaria|slp|[from] move: Spore\n|cant|p2a: Altaria|slp\n|\n|upkeep\n|turn|6\n|\n|t:|1700535423\n|move|p2b: Azumarill|Protect|p2b: Azumarill\n|-singleturn|p2b: Azumarill|Protect\n|move|p1a: Armarouge|Psyshock|p2a: Altaria\n|-damage|p2a: Altaria|55\/100 slp\n|move|p1b: Brute Bonnet|Seed Bomb|p2b: Azumarill\n|-activate|p2b: Azumarill|move: Protect\n|cant|p2a: Altaria|slp\n|\n|upkeep\n|turn|7\n|\n|t:|1700535437\n|move|p1a: Armarouge|Psyshock|p2a: Altaria\n|-damage|p2a: Altaria|13\/100 slp\n|-enditem|p2a: Altaria|Aguav Berry|[eat]\n|-heal|p2a: Altaria|46\/100 slp|[from] item: Aguav Berry\n|move|p1b: Brute Bonnet|Seed Bomb|p2b: Azumarill\n|-ability|p2b: Azumarill|Sap Sipper|boost\n|-boost|p2b: Azumarill|atk|1\n|cant|p2a: Altaria|slp\n|move|p2b: Azumarill|Rest|p2b: Azumarill\n|-status|p2b: Azumarill|slp|[from] move: Rest\n|-enditem|p2b: Azumarill|Lum Berry|[eat]\n|-curestatus|p2b: Azumarill|slp|[msg]\n|-heal|p2b: Azumarill|100\/100|[silent]\n|\n|upkeep\n|turn|8\n|\n|t:|1700535455\n|move|p1b: Brute Bonnet|Sucker Punch||[still]\n|-fail|p1b: Brute Bonnet\n|move|p1a: Armarouge|Psyshock|p2b: Azumarill\n|-damage|p2b: Azumarill|66\/100\n|-curestatus|p2a: Altaria|slp|[msg]\n|move|p2a: Altaria|Roost|p2a: Altaria\n|-heal|p2a: Altaria|96\/100\n|-singleturn|p2a: Altaria|move: Roost\n|move|p2b: Azumarill|Perish Song|p2b: Azumarill\n|-start|p1a: Armarouge|perish3|[silent]\n|-start|p1b: Brute Bonnet|perish3|[silent]\n|-start|p2a: Altaria|perish3|[silent]\n|-start|p2b: Azumarill|perish3|[silent]\n|-fieldactivate|move: Perish Song\n|\n|-start|p1a: Armarouge|perish3\n|-start|p1b: Brute Bonnet|perish3\n|-start|p2a: Altaria|perish3\n|-start|p2b: Azumarill|perish3\n|upkeep\n|turn|9\n|\n|t:|1700535480\n|switch|p1a: Scizor|Scizor, L50, M|87\/100\n|move|p1b: Brute Bonnet|Spore|p2a: Altaria\n|-status|p2a: Altaria|slp|[from] move: Spore\n|cant|p2a: Altaria|slp\n|move|p2b: Azumarill|Dig||[still]\n|-prepare|p2b: Azumarill|Dig\n|\n|-start|p1b: Brute Bonnet|perish2\n|-start|p2a: Altaria|perish2\n|-start|p2b: Azumarill|perish2\n|upkeep\n|turn|10\n|\n|t:|1700535497\n|switch|p2a: Toxapex|Toxapex, L50, F|72\/100\n|move|p1b: Brute Bonnet|Sucker Punch|p2b: Azumarill|[miss]\n|-miss|p1b: Brute Bonnet|p2b: Azumarill\n|move|p1a: Scizor|Wing Attack|p2b: Azumarill|[miss]\n|-miss|p1a: Scizor|p2b: Azumarill\n|move|p2b: Azumarill|Dig|p1a: Scizor|[from]lockedmove\n|-damage|p1a: Scizor|72\/100\n|\n|-heal|p2a: Toxapex|78\/100|[from] item: Black Sludge\n|-start|p1b: Brute Bonnet|perish1\n|-start|p2b: Azumarill|perish1\n|upkeep\n|turn|11\n|\n|t:|1700535519\n|-end|p1b: Brute Bonnet|Protosynthesis|[silent]\n|switch|p1b: Armarouge|Armarouge, L50, F|100\/100\n|switch|p2b: Altaria|Altaria, L50, F|96\/100 slp\n|-ability|p2b: Altaria|Cloud Nine\n|move|p1a: Scizor|Wing Attack|p2a: Toxapex\n|-damage|p2a: Toxapex|49\/100\n|move|p2a: Toxapex|Infestation|p1b: Armarouge\n|-damage|p1b: Armarouge|96\/100\n|-activate|p1b: Armarouge|move: Infestation|[of] p2a: Toxapex\n|\n|-heal|p2a: Toxapex|55\/100|[from] item: Black Sludge\n|-damage|p1b: Armarouge|84\/100|[from] move: Infestation|[partiallytrapped]\n|upkeep\n|turn|12\n|inactive|Smak Talk has 30 seconds left.\n|\n|t:|1700535551\n|move|p2a: Toxapex|Baneful Bunker|p2a: Toxapex\n|-singleturn|p2a: Toxapex|move: Protect\n|move|p1b: Armarouge|Psyshock|p2a: Toxapex\n|-activate|p2a: Toxapex|move: Protect\n|move|p1a: Scizor|Bug Bite|p2a: Toxapex\n|-activate|p2a: Toxapex|move: Protect\n|cant|p2b: Altaria|slp\n|\n|-heal|p2a: Toxapex|60\/100|[from] item: Black Sludge\n|-damage|p1b: Armarouge|71\/100|[from] move: Infestation|[partiallytrapped]\n|upkeep\n|turn|13\n|\n|t:|1700535572\n|move|p1a: Scizor|Bullet Punch|p2a: Toxapex\n|-resisted|p2a: Toxapex\n|-damage|p2a: Toxapex|48\/100\n|move|p1b: Armarouge|Psyshock|p2a: Toxapex\n|-supereffective|p2a: Toxapex\n|-damage|p2a: Toxapex|0 fnt\n|faint|p2a: Toxapex\n|-curestatus|p2b: Altaria|slp|[msg]\n|move|p2b: Altaria|Perish Song|p2b: Altaria\n|-start|p1a: Scizor|perish3|[silent]\n|-start|p1b: Armarouge|perish3|[silent]\n|-start|p2b: Altaria|perish3|[silent]\n|-fieldactivate|move: Perish Song\n|\n|-end|p1b: Armarouge|Infestation|[partiallytrapped]|[silent]\n|-start|p1b: Armarouge|perish3\n|-start|p1a: Scizor|perish3\n|-start|p2b: Altaria|perish3\n|upkeep\n|\n|t:|1700535588\n|switch|p2a: Decidueye|Decidueye, L50, F, tera:Fire|46\/100\n|turn|14\n|\n|t:|1700535595\n|move|p2a: Decidueye|Protect|p2a: Decidueye\n|-singleturn|p2a: Decidueye|Protect\n|move|p1b: Armarouge|Psyshock|p2a: Decidueye\n|-activate|p2a: Decidueye|move: Protect\n|move|p1a: Scizor|Bug Bite|p2b: Altaria\n|-resisted|p2b: Altaria\n|-damage|p2b: Altaria|68\/100\n|move|p2b: Altaria|Fire Spin|p1a: Scizor\n|-supereffective|p1a: Scizor\n|-damage|p1a: Scizor|39\/100\n|-activate|p1a: Scizor|move: Fire Spin|[of] p2b: Altaria\n|\n|-damage|p1a: Scizor|27\/100|[from] move: Fire Spin|[partiallytrapped]\n|-start|p1b: Armarouge|perish2\n|-start|p1a: Scizor|perish2\n|-start|p2b: Altaria|perish2\n|upkeep\n|turn|15\n|inactive|LegacyKiwi has 30 seconds left.\n|\n|t:|1700535622\n|move|p1b: Armarouge|Psyshock|p2a: Decidueye\n|-crit|p2a: Decidueye\n|-damage|p2a: Decidueye|0 fnt\n|faint|p2a: Decidueye\n|move|p1a: Scizor|Wing Attack|p2b: Altaria\n|-damage|p2b: Altaria|31\/100\n|move|p2b: Altaria|Roost|p2b: Altaria\n|-heal|p2b: Altaria|81\/100\n|-singleturn|p2b: Altaria|move: Roost\n|\n|-damage|p1a: Scizor|14\/100|[from] move: Fire Spin|[partiallytrapped]\n|-start|p1b: Armarouge|perish1\n|-start|p1a: Scizor|perish1\n|-start|p2b: Altaria|perish1\n|upkeep\n|\n|t:|1700535638\n|switch|p2a: Azumarill|Azumarill, L50, F|66\/100\n|turn|16\n|\n|t:|1700535651\n|switch|p1b: Brute Bonnet|Brute Bonnet, L50|100\/100\n|move|p2a: Azumarill|Protect|p2a: Azumarill\n|-singleturn|p2a: Azumarill|Protect\n|move|p1a: Scizor|Bug Bite|p2b: Altaria\n|-resisted|p2b: Altaria\n|-damage|p2b: Altaria|55\/100\n|move|p2b: Altaria|Fire Spin|p1b: Brute Bonnet\n|-supereffective|p1b: Brute Bonnet\n|-damage|p1b: Brute Bonnet|89\/100\n|-activate|p1b: Brute Bonnet|move: Fire Spin|[of] p2b: Altaria\n|\n|-damage|p1b: Brute Bonnet|76\/100|[from] move: Fire Spin|[partiallytrapped]\n|-damage|p1a: Scizor|2\/100|[from] move: Fire Spin|[partiallytrapped]\n|-start|p1a: Scizor|perish0\n|-start|p2b: Altaria|perish0\n|faint|p1a: Scizor\n|faint|p2b: Altaria\n|upkeep\n|\n|t:|1700535653\n|switch|p1a: Armarouge|Armarouge, L50, F|71\/100\n|turn|17\n|\n|t:|1700535674\n|-terastallize|p1a: Armarouge|Poison\n|move|p1b: Brute Bonnet|Sucker Punch||[still]\n|-fail|p1b: Brute Bonnet\n|move|p1a: Armarouge|Tera Blast|p2a: Azumarill|[anim] Tera Blast Poison\n|-supereffective|p2a: Azumarill\n|-damage|p2a: Azumarill|0 fnt\n|faint|p2a: Azumarill\n|\n|win|Smak Talk\n|raw|Smak Talk's rating: 1143 &rarr; <strong>1162<\/strong><br \/>(+19 for winning)\n|raw|LegacyKiwi's rating: 1055 &rarr; <strong>1041<\/strong><br \/>(-14 for losing)\n|l|\u2606Smak Talk\n|c|\u2606LegacyKiwi|gg\n","uploadtime":1700535686,"views":4,"p1id":"smaktalk","p2id":"legacykiwi","formatid":"gen9vgc2023regulatione","rating":1041,"private":0,"password":""}