{"id":"gen9vgc2023regulatione-1993526233","p1":"verylonelysole","p2":"ObscureLink","format":"[Gen 9] VGC 2023 Regulation E","log":"|j|\u2606verylonelysole\n|j|\u2606ObscureLink\n|t:|1700328106\n|gametype|doubles\n|player|p1|verylonelysole|bruno|1240\n|player|p2|ObscureLink|wallace|1251\n|teamsize|p1|6\n|teamsize|p2|6\n|gen|9\n|tier|[Gen 9] VGC 2023 Regulation E\n|rated|\n|rule|Species Clause: Limit one of each Pok\u00e9mon\n|rule|Item Clause: Limit one of each item\n|clearpoke\n|poke|p1|Dusclops, L50, F|\n|poke|p1|Ursaluna-Bloodmoon, L50, M|\n|poke|p1|Iron Hands, L50|\n|poke|p1|Landorus-Therian, L50, M|\n|poke|p1|Iron Bundle, L50|\n|poke|p1|Cresselia, L50, F|\n|poke|p2|Tornadus, L50, M|\n|poke|p2|Arcanine-Hisui, L50, M|\n|poke|p2|Iron Hands, L50|\n|poke|p2|Gholdengo, L50|\n|poke|p2|Urshifu-*, L50, M|\n|poke|p2|Ogerpon-Wellspring, L50, F|\n|teampreview|4\n|\n|t:|1700328142\n|start\n|switch|p1a: Dusclops|Dusclops, L50, F, shiny|100\/100\n|switch|p1b: Iron Hands|Iron Hands, L50, shiny|100\/100\n|switch|p2a: Tornadus|Tornadus, L50, M|100\/100\n|switch|p2b: Iron Hands|Iron Hands, L50|100\/100\n|-ability|p1a: Dusclops|Pressure\n|turn|1\n|\n|t:|1700328172\n|move|p2b: Iron Hands|Fake Out|p1b: Iron Hands\n|-damage|p1b: Iron Hands|90\/100\n|cant|p1b: Iron Hands|flinch\n|move|p2a: Tornadus|Taunt|p1a: Dusclops\n|-start|p1a: Dusclops|move: Taunt\n|cant|p1a: Dusclops|move: Taunt|Will-O-Wisp\n|\n|upkeep\n|turn|2\n|\n|t:|1700328193\n|move|p2a: Tornadus|Tailwind|p2a: Tornadus\n|-sidestart|p2: ObscureLink|move: Tailwind\n|move|p2b: Iron Hands|Drain Punch|p1b: Iron Hands\n|-damage|p1b: Iron Hands|65\/100\n|move|p1b: Iron Hands|Swords Dance|p1b: Iron Hands\n|-boost|p1b: Iron Hands|atk|2\n|move|p1a: Dusclops|Night Shade|p2a: Tornadus\n|-damage|p2a: Tornadus|74\/100\n|\n|upkeep\n|turn|3\n|\n|t:|1700328229\n|move|p2a: Tornadus|Rain Dance|p2a: Tornadus\n|-weather|RainDance\n|move|p2b: Iron Hands|Heavy Slam|p1a: Dusclops\n|-damage|p1a: Dusclops|72\/100\n|move|p1b: Iron Hands|Drain Punch|p2b: Iron Hands\n|-damage|p2b: Iron Hands|53\/100\n|-heal|p1b: Iron Hands|90\/100|[from] drain|[of] p2b: Iron Hands\n|move|p1a: Dusclops|Night Shade|p2b: Iron Hands\n|-damage|p2b: Iron Hands|32\/100\n|\n|-weather|RainDance|[upkeep]\n|-end|p1a: Dusclops|move: Taunt\n|upkeep\n|turn|4\n|\n|t:|1700328265\n|switch|p1a: Landorus|Landorus-Therian, L50, M|100\/100\n|-ability|p1a: Landorus|Intimidate|boost\n|-unboost|p2a: Tornadus|atk|1\n|-unboost|p2b: Iron Hands|atk|1\n|move|p2a: Tornadus|Taunt|p1a: Landorus\n|-start|p1a: Landorus|move: Taunt\n|move|p2b: Iron Hands|Drain Punch|p1b: Iron Hands\n|-damage|p1b: Iron Hands|72\/100\n|-heal|p2b: Iron Hands|41\/100|[from] drain|[of] p1b: Iron Hands\n|move|p1b: Iron Hands|Thunder Punch|p2a: Tornadus\n|-supereffective|p2a: Tornadus\n|-damage|p2a: Tornadus|0 fnt\n|faint|p2a: Tornadus\n|\n|-weather|RainDance|[upkeep]\n|upkeep\n|\n|t:|1700328273\n|switch|p2a: Ogerpon|Ogerpon-Wellspring, L50, F|100\/100\n|turn|5\n|\n|t:|1700328305\n|switch|p1a: Dusclops|Dusclops, L50, F, shiny|72\/100\n|-ability|p1a: Dusclops|Pressure\n|move|p2a: Ogerpon|Ivy Cudgel|p1a: Dusclops|[anim] Ivy Cudgel Water\n|-damage|p1a: Dusclops|18\/100\n|move|p2b: Iron Hands|Drain Punch|p1b: Iron Hands\n|-damage|p1b: Iron Hands|54\/100\n|-heal|p2b: Iron Hands|50\/100|[from] drain|[of] p1b: Iron Hands\n|move|p1b: Iron Hands|Drain Punch|p2a: Ogerpon\n|-damage|p2a: Ogerpon|23\/100\n|-heal|p1b: Iron Hands|85\/100|[from] drain|[of] p2a: Ogerpon\n|\n|-weather|RainDance|[upkeep]\n|-sideend|p2: ObscureLink|move: Tailwind\n|upkeep\n|turn|6\n|\n|t:|1700328376\n|move|p2a: Ogerpon|Horn Leech|p1b: Iron Hands\n|-damage|p1b: Iron Hands|57\/100\n|-heal|p2a: Ogerpon|40\/100|[from] drain|[of] p1b: Iron Hands\n|move|p2b: Iron Hands|Wild Charge|p1a: Dusclops\n|-damage|p1a: Dusclops|0 fnt\n|faint|p1a: Dusclops\n|-damage|p2b: Iron Hands|48\/100|[from] Recoil\n|move|p1b: Iron Hands|Drain Punch|p2a: Ogerpon\n|-damage|p2a: Ogerpon|0 fnt\n|-heal|p1b: Iron Hands|74\/100|[from] drain|[of] p2a: Ogerpon\n|faint|p2a: Ogerpon\n|\n|-weather|RainDance|[upkeep]\n|upkeep\n|\n|t:|1700328394\n|switch|p2a: Gholdengo|Gholdengo, L50|100\/100\n|switch|p1a: Landorus|Landorus-Therian, L50, M|100\/100\n|-ability|p1a: Landorus|Intimidate|boost\n|-unboost|p2a: Gholdengo|atk|1\n|-unboost|p2b: Iron Hands|atk|1\n|turn|7\n|\n|t:|1700328424\n|-terastallize|p2a: Gholdengo|Dragon\n|move|p1a: Landorus|Stomping Tantrum|p2a: Gholdengo\n|-damage|p2a: Gholdengo|62\/100\n|move|p2a: Gholdengo|Nasty Plot|p2a: Gholdengo\n|-boost|p2a: Gholdengo|spa|2\n|move|p2b: Iron Hands|Heavy Slam|p1a: Landorus\n|-damage|p1a: Landorus|74\/100\n|move|p1b: Iron Hands|Thunder Punch|p2a: Gholdengo\n|-resisted|p2a: Gholdengo\n|-damage|p2a: Gholdengo|29\/100\n|\n|-weather|none\n|-heal|p2a: Gholdengo|35\/100|[from] item: Leftovers\n|upkeep\n|turn|8\n|\n|t:|1700328453\n|move|p1a: Landorus|Stomping Tantrum|p2a: Gholdengo\n|-damage|p2a: Gholdengo|0 fnt\n|faint|p2a: Gholdengo\n|move|p2b: Iron Hands|Drain Punch|p1b: Iron Hands\n|-damage|p1b: Iron Hands|60\/100\n|-heal|p2b: Iron Hands|54\/100|[from] drain|[of] p1b: Iron Hands\n|move|p1b: Iron Hands|Drain Punch|p2b: Iron Hands\n|-damage|p2b: Iron Hands|10\/100\n|-heal|p1b: Iron Hands|84\/100|[from] drain|[of] p2b: Iron Hands\n|\n|upkeep\n|turn|9\n|-message|ObscureLink forfeited.\n|\n|win|verylonelysole\n|raw|verylonelysole's rating: 1240 &rarr; <strong>1266<\/strong><br \/>(+26 for winning)\n|raw|ObscureLink's rating: 1251 &rarr; <strong>1225<\/strong><br \/>(-26 for losing)\n","uploadtime":1700328468,"views":8,"p1id":"verylonelysole","p2id":"obscurelink","formatid":"gen9vgc2023regulatione","rating":1225,"private":0,"password":""}