{"id":"gen9vgc2023regulatione-1999449796","p1":"TEEJMCNIFTY","p2":"BraddingtonWA","format":"[Gen 9] VGC 2023 Regulation E","log":"|j|\u2606TEEJMCNIFTY\n|j|\u2606BraddingtonWA\n|t:|1701082383\n|gametype|doubles\n|player|p1|TEEJMCNIFTY|101|1131\n|player|p2|BraddingtonWA|hilda|1161\n|teamsize|p1|6\n|teamsize|p2|6\n|gen|9\n|tier|[Gen 9] VGC 2023 Regulation E\n|rated|\n|rule|Species Clause: Limit one of each Pok\u00e9mon\n|rule|Item Clause: Limit one of each item\n|clearpoke\n|poke|p1|Iron Bundle, L50|\n|poke|p1|Dondozo, L50, F|\n|poke|p1|Tatsugiri-Stretchy, L50, F|\n|poke|p1|Grimmsnarl, L50, M|\n|poke|p1|Flutter Mane, L50|\n|poke|p1|Kingambit, L50, F|\n|poke|p2|Roaring Moon, L50|\n|poke|p2|Armarouge, L50, F|\n|poke|p2|Indeedee-F, L50, F|\n|poke|p2|Landorus-Therian, L50, M|\n|poke|p2|Torkoal, L50, F|\n|poke|p2|Ogerpon-Wellspring, L50, F|\n|teampreview|4\n|inactive|Battle timer is ON: inactive players will automatically lose when time's up. (requested by TEEJMCNIFTY)\n|inactive|BraddingtonWA has 60 seconds left.\n|\n|t:|1701082434\n|start\n|switch|p1a: Slip n Slide|Iron Bundle, L50|100\/100\n|switch|p1b: Premium Bozo|Dondozo, L50, F|100\/100\n|switch|p2a: Indeedee|Indeedee-F, L50, F|100\/100\n|switch|p2b: Ogerpon|Ogerpon-Wellspring, L50, F|100\/100\n|-fieldstart|move: Psychic Terrain|[from] ability: Psychic Surge|[of] p2a: Indeedee\n|-enditem|p1a: Slip n Slide|Booster Energy\n|-activate|p1a: Slip n Slide|ability: Quark Drive|[fromitem]\n|-start|p1a: Slip n Slide|quarkdrivespe\n|turn|1\n|\n|t:|1701082456\n|-terastallize|p1b: Premium Bozo|Ground\n|move|p2a: Indeedee|Follow Me|p2a: Indeedee\n|-singleturn|p2a: Indeedee|move: Follow Me\n|move|p1a: Slip n Slide|Flip Turn|p2a: Indeedee\n|-damage|p2a: Indeedee|86\/100\n|\n|t:|1701082462\n|-end|p1a: Slip n Slide|Quark Drive|[silent]\n|switch|p1a: Weak Chin|Tatsugiri-Stretchy, L50, F|100\/100|[from] Flip Turn\n|-activate|p1a: Weak Chin|ability: Commander|[of] p1b: Premium Bozo\n|-boost|p1b: Premium Bozo|atk|2\n|-boost|p1b: Premium Bozo|spa|2\n|-boost|p1b: Premium Bozo|spe|2\n|-boost|p1b: Premium Bozo|def|2\n|-boost|p1b: Premium Bozo|spd|2\n|move|p1b: Premium Bozo|Rock Slide|p2b: Ogerpon|[spread] p2a,p2b\n|-damage|p2a: Indeedee|52\/100\n|-damage|p2b: Ogerpon|60\/100\n|move|p2b: Ogerpon|Swords Dance|p2b: Ogerpon\n|-boost|p2b: Ogerpon|atk|2\n|\n|upkeep\n|turn|2\n|\n|t:|1701082485\n|move|p2b: Ogerpon|Spiky Shield|p2b: Ogerpon\n|-singleturn|p2b: Ogerpon|move: Protect\n|move|p1b: Premium Bozo|Rock Slide|p2b: Ogerpon|[spread] p2a\n|-activate|p2b: Ogerpon|move: Protect\n|-damage|p2a: Indeedee|22\/100\n|move|p2a: Indeedee|Trick Room|p2a: Indeedee\n|-fieldstart|move: Trick Room|[of] p2a: Indeedee\n|\n|upkeep\n|turn|3\n|\n|t:|1701082498\n|move|p2a: Indeedee|Helping Hand|p2b: Ogerpon\n|-singleturn|p2b: Ogerpon|Helping Hand|[of] p2a: Indeedee\n|move|p2b: Ogerpon|Horn Leech|p1b: Premium Bozo\n|-supereffective|p1b: Premium Bozo\n|-damage|p1b: Premium Bozo|7\/100\n|-heal|p2b: Ogerpon|100\/100|[from] drain|[of] p1b: Premium Bozo\n|-enditem|p1b: Premium Bozo|Weakness Policy\n|-boost|p1b: Premium Bozo|atk|2|[from] item: Weakness Policy\n|-boost|p1b: Premium Bozo|spa|2|[from] item: Weakness Policy\n|move|p1b: Premium Bozo|Rock Slide|p2a: Indeedee|[spread] p2b\n|-miss|p1b: Premium Bozo|p2a: Indeedee\n|-damage|p2b: Ogerpon|40\/100\n|\n|upkeep\n|turn|4\n|inactive|BraddingtonWA has 30 seconds left.\n|\n|t:|1701082530\n|move|p2a: Indeedee|Dazzling Gleam|p1a: Weak Chin|[spread] p1b\n|-miss|p2a: Indeedee|p1a: Weak Chin\n|-damage|p1b: Premium Bozo|0 fnt\n|faint|p1b: Premium Bozo\n|move|p2b: Ogerpon|Horn Leech|p1a: Weak Chin\n|-damage|p1a: Weak Chin|0 fnt\n|-heal|p2b: Ogerpon|85\/100|[from] drain|[of] p1a: Weak Chin\n|faint|p1a: Weak Chin\n|\n|upkeep\n|\n|t:|1701082540\n|switch|p1b: Gimli|Kingambit, L50, F|100\/100\n|switch|p1a: Slip n Slide|Iron Bundle, L50|100\/100\n|turn|5\n|\n|t:|1701082560\n|move|p1a: Slip n Slide|Protect|p1a: Slip n Slide\n|-singleturn|p1a: Slip n Slide|Protect\n|move|p1b: Gimli|Assurance|p2b: Ogerpon\n|-damage|p2b: Ogerpon|45\/100\n|move|p2a: Indeedee|Dazzling Gleam|p1a: Slip n Slide|[spread] p1b\n|-activate|p1a: Slip n Slide|move: Protect\n|-damage|p1b: Gimli|90\/100\n|move|p2b: Ogerpon|Ivy Cudgel|p1b: Gimli|[anim] Ivy Cudgel Water\n|-damage|p1b: Gimli|0 fnt\n|faint|p1b: Gimli\n|\n|-fieldend|move: Psychic Terrain\n|upkeep\n|turn|6\n|-message|TEEJMCNIFTY forfeited.\n|\n|win|BraddingtonWA\n|raw|TEEJMCNIFTY's rating: 1131 &rarr; <strong>1108<\/strong><br \/>(-23 for losing)\n|raw|BraddingtonWA's rating: 1161 &rarr; <strong>1184<\/strong><br \/>(+23 for winning)\n|l|\u2606TEEJMCNIFTY\n","uploadtime":1701082579,"views":14,"p1id":"teejmcnifty","p2id":"braddingtonwa","formatid":"gen9vgc2023regulatione","rating":1108,"private":0,"password":""}