{"id":"gen9vgc2023regulatione-1999883723","p1":"tiiibbs","p2":"TheblackGotenks","format":"[Gen 9] VGC 2023 Regulation E","log":"|j|\u2606tiiibbs\n|j|\u2606TheblackGotenks\n|n|\u2606tiiibbs|tiiibbs\n|n|\u2606TheblackGotenks|theblackgotenks\n|html|View the match progress at <a href=\"\/game-bestof3-gen9vgc2023regulatione-1999877073\">game-bestof3-gen9vgc2023regulatione-1999877073<\/a>\n|t:|1701126101\n|gametype|doubles\n|player|p1|tiiibbs|clay|\n|player|p2|TheblackGotenks|ghetsis-gen5bw|\n|teamsize|p1|6\n|teamsize|p2|6\n|gen|9\n|tier|[Gen 9] VGC 2023 Regulation E\n|rule|Species Clause: Limit one of each Pok\u00e9mon\n|rule|Item Clause: Limit one of each item\n|clearpoke\n|poke|p1|Persian-Alola, L50, F|\n|poke|p1|Urshifu-*, L50, F|\n|poke|p1|Zapdos, L50|\n|poke|p1|Tauros, L50, M|\n|poke|p1|Hawlucha, L50, F|\n|poke|p1|Rillaboom, L50, F|\n|poke|p2|Tornadus, L50, M|\n|poke|p2|Ogerpon-Hearthflame, L50, F|\n|poke|p2|Foongus, L50, M|\n|poke|p2|Salamence, L50, F|\n|poke|p2|Palafin, L50, M|\n|poke|p2|Kingambit, L50, F|\n|teampreview|4\n|j| Fernanch\n|c| Fernanch|Showdown could very well just post the link to the match instead of saying \"both players are ready\"\n|\n|t:|1701126195\n|start\n|switch|p1a: Persian|Persian-Alola, L50, F|100\/100\n|switch|p1b: Urshifu|Urshifu-Rapid-Strike, L50, F|100\/100\n|switch|p2a: Tornadus|Tornadus, L50, M|100\/100\n|switch|p2b: Palafin|Palafin, L50, M|100\/100\n|turn|1\n|\n|t:|1701126229\n|detailschange|p2b: Palafin|Palafin-Hero, L50, M\n|switch|p2b: Salamence|Salamence, L50, F|100\/100\n|-ability|p2b: Salamence|Intimidate|boost\n|-unboost|p1a: Persian|atk|1\n|-fail|p1b: Urshifu|unboost|[from] item: Clear Amulet|[of] p1b: Urshifu\n|-terastallize|p1b: Urshifu|Dragon\n|move|p2a: Tornadus|Sunny Day|p2a: Tornadus\n|-weather|SunnyDay\n|move|p1a: Persian|Switcheroo|p2a: Tornadus\n|-activate|p1a: Persian|move: Trick|[of] p2a: Tornadus\n|-item|p2a: Tornadus|Choice Scarf|[from] move: Switcheroo\n|-item|p1a: Persian|Covert Cloak|[from] move: Switcheroo\n|move|p1b: Urshifu|Surging Strikes|p2a: Tornadus\n|-crit|p2a: Tornadus\n|-damage|p2a: Tornadus|83\/100\n|-crit|p2a: Tornadus\n|-damage|p2a: Tornadus|68\/100\n|-crit|p2a: Tornadus\n|-damage|p2a: Tornadus|52\/100\n|-hitcount|p2a: Tornadus|3\n|\n|-weather|SunnyDay|[upkeep]\n|upkeep\n|turn|2\n|\n|t:|1701126259\n|move|p2a: Tornadus|Bleakwind Storm|p1a: Persian|[spread] p1a,p1b\n|-crit|p1a: Persian\n|-damage|p1a: Persian|0 fnt\n|-damage|p1b: Urshifu|45\/100\n|faint|p1a: Persian\n|move|p2b: Salamence|Dragon Dance|p2b: Salamence\n|-boost|p2b: Salamence|atk|1\n|-boost|p2b: Salamence|spe|1\n|move|p1b: Urshifu|Tera Blast|p2b: Salamence|[anim] Tera Blast Dragon\n|-supereffective|p2b: Salamence\n|-damage|p2b: Salamence|0 fnt\n|faint|p2b: Salamence\n|\n|-weather|SunnyDay|[upkeep]\n|upkeep\n|c|\u2606TheblackGotenks|My fault\n|c|\u2606tiiibbs|it happens\n|\n|t:|1701126272\n|switch|p1a: Rillaboom|Rillaboom, L50, F|100\/100\n|switch|p2b: Ogerpon|Ogerpon-Hearthflame, L50, F|100\/100\n|-ability|p2b: Ogerpon|Mold Breaker\n|-fieldstart|move: Grassy Terrain|[from] ability: Grassy Surge|[of] p1a: Rillaboom\n|turn|3\n|\n|t:|1701126300\n|switch|p2a: Palafin|Palafin-Hero, L50, M|100\/100\n|-activate|p2a: Palafin|ability: Zero to Hero\n|move|p1a: Rillaboom|Fake Out|p2a: Palafin\n|-damage|p2a: Palafin|84\/100\n|move|p2b: Ogerpon|Ivy Cudgel|p1a: Rillaboom|[anim] Ivy Cudgel Fire\n|-supereffective|p1a: Rillaboom\n|-enditem|p1a: Rillaboom|Focus Sash\n|-damage|p1a: Rillaboom|1\/100\n|move|p1b: Urshifu|Surging Strikes|p2a: Palafin\n|-resisted|p2a: Palafin\n|-crit|p2a: Palafin\n|-damage|p2a: Palafin|79\/100\n|-resisted|p2a: Palafin\n|-crit|p2a: Palafin\n|-damage|p2a: Palafin|74\/100\n|-resisted|p2a: Palafin\n|-crit|p2a: Palafin\n|-damage|p2a: Palafin|69\/100\n|-hitcount|p2a: Palafin|3\n|\n|-weather|SunnyDay|[upkeep]\n|-heal|p2a: Palafin|75\/100|[from] Grassy Terrain\n|-heal|p1b: Urshifu|52\/100|[from] Grassy Terrain\n|-heal|p1a: Rillaboom|7\/100|[from] Grassy Terrain\n|upkeep\n|turn|4\n|\n|t:|1701126320\n|move|p2a: Palafin|Jet Punch|p1a: Rillaboom\n|-resisted|p1a: Rillaboom\n|-damage|p1a: Rillaboom|0 fnt\n|faint|p1a: Rillaboom\n|move|p2b: Ogerpon|Swords Dance|p2b: Ogerpon\n|-boost|p2b: Ogerpon|atk|2\n|move|p1b: Urshifu|Surging Strikes|p2b: Ogerpon\n|-crit|p2b: Ogerpon\n|-damage|p2b: Ogerpon|87\/100\n|-crit|p2b: Ogerpon\n|-damage|p2b: Ogerpon|73\/100\n|-crit|p2b: Ogerpon\n|-damage|p2b: Ogerpon|59\/100\n|-hitcount|p2b: Ogerpon|3\n|\n|-weather|SunnyDay|[upkeep]\n|-heal|p2b: Ogerpon|64\/100|[from] Grassy Terrain\n|-heal|p2a: Palafin|80\/100|[from] Grassy Terrain\n|-heal|p1b: Urshifu|58\/100|[from] Grassy Terrain\n|upkeep\n|\n|t:|1701126325\n|switch|p1a: Hawlucha|Hawlucha, L50, F|100\/100\n|-enditem|p1a: Hawlucha|Grassy Seed\n|-boost|p1a: Hawlucha|def|1|[from] item: Grassy Seed\n|turn|5\n|\n|t:|1701126353\n|switch|p2a: Tornadus|Tornadus, L50, M|52\/100\n|-terastallize|p2b: Ogerpon|Fire\n|detailschange|p2b: Ogerpon|Ogerpon-Hearthflame-Tera, L50, F, tera:Fire\n|-ability|p2b: Ogerpon|Embody Aspect (Hearthflame)|boost\n|-boost|p2b: Ogerpon|atk|1\n|move|p1a: Hawlucha|Swords Dance|p1a: Hawlucha\n|-boost|p1a: Hawlucha|atk|2\n|move|p2b: Ogerpon|Ivy Cudgel|p1a: Hawlucha|[anim] Ivy Cudgel Fire\n|-damage|p1a: Hawlucha|0 fnt\n|faint|p1a: Hawlucha\n|move|p1b: Urshifu|Tera Blast|p2a: Tornadus|[anim] Tera Blast Dragon\n|-damage|p2a: Tornadus|0 fnt\n|faint|p2a: Tornadus\n|\n|-weather|none\n|-heal|p2b: Ogerpon|70\/100|[from] Grassy Terrain\n|-heal|p1b: Urshifu|64\/100|[from] Grassy Terrain\n|upkeep\n|j| The Carkol Rider\n|\n|t:|1701126368\n|switch|p2a: Palafin|Palafin-Hero, L50, M|80\/100\n|turn|6\n|\n|t:|1701126373\n|move|p2b: Ogerpon|Ivy Cudgel|p1b: Urshifu|[anim] Ivy Cudgel Fire\n|-resisted|p1b: Urshifu\n|-damage|p1b: Urshifu|0 fnt\n|faint|p1b: Urshifu\n|\n|win|TheblackGotenks\n|c|\u2606TheblackGotenks|Gg\n|c|\u2606tiiibbs|gg\n|l| Fernanch\n|l| The Carkol Rider\n|l|\u2606TheblackGotenks\n","uploadtime":1701126380,"views":10,"p1id":"tiiibbs","p2id":"theblackgotenks","formatid":"gen9vgc2023regulatione","rating":0,"private":0,"password":""}