{"id":"gen9vgc2023regulatione-1999566910","p1":"LowEloGrind","p2":"Misha-Red","format":"[Gen 9] VGC 2023 Regulation E","log":"|j|\u2606LowEloGrind\n|j|\u2606Misha-Red\n|t:|1701096854\n|gametype|doubles\n|player|p1|LowEloGrind|1|1131\n|player|p2|Misha-Red|li|1104\n|teamsize|p1|6\n|teamsize|p2|6\n|gen|9\n|tier|[Gen 9] VGC 2023 Regulation E\n|rated|\n|rule|Species Clause: Limit one of each Pok\u00e9mon\n|rule|Item Clause: Limit one of each item\n|clearpoke\n|poke|p1|Iron Hands, L50|\n|poke|p1|Sinistcha, L50|\n|poke|p1|Arcanine-Hisui, L50, F|\n|poke|p1|Moltres-Galar, L50|\n|poke|p1|Iron Bundle, L50|\n|poke|p1|Ninetales-Alola, L50, M|\n|poke|p2|Magcargo, L50, F|\n|poke|p2|Flutter Mane, L50|\n|poke|p2|Fezandipiti, L50, M|\n|poke|p2|Amoonguss, L50, M|\n|poke|p2|Ogerpon, L50, F|\n|poke|p2|Gastrodon, L50, F|\n|teampreview|4\nLowEloGrind has agreed to open team sheets.\n|inactive|Battle timer is ON: inactive players will automatically lose when time's up. (requested by Misha-Red)\n|\n|t:|1701096911\n|start\n|switch|p1a: Under the Tree|Iron Bundle, L50|100\/100\n|switch|p1b: Snowing!!!!!|Ninetales-Alola, L50, M|100\/100\n|switch|p2a: Fezandipiti|Fezandipiti, L50, M|100\/100\n|switch|p2b: Flutter Mane|Flutter Mane, L50|100\/100\n|-weather|Snow|[from] ability: Snow Warning|[of] p1b: Snowing!!!!!\n|-enditem|p1a: Under the Tree|Booster Energy\n|-activate|p1a: Under the Tree|ability: Quark Drive|[fromitem]\n|-start|p1a: Under the Tree|quarkdrivespe\n|turn|1\n|\n|t:|1701096933\n|move|p1a: Under the Tree|Hydro Pump|p2b: Flutter Mane\n|-crit|p2b: Flutter Mane\n|-damage|p2b: Flutter Mane|20\/100\n|move|p2b: Flutter Mane|Energy Ball|p1a: Under the Tree\n|-supereffective|p1a: Under the Tree\n|-damage|p1a: Under the Tree|0 fnt\n|faint|p1a: Under the Tree\n|-end|p1a: Under the Tree|Quark Drive|[silent]\n|move|p1b: Snowing!!!!!|Aurora Veil|p1b: Snowing!!!!!\n|-sidestart|p1: LowEloGrind|move: Aurora Veil\n|move|p2a: Fezandipiti|Sludge Bomb|p1b: Snowing!!!!!\n|-supereffective|p1b: Snowing!!!!!\n|-damage|p1b: Snowing!!!!!|59\/100\n|\n|-weather|Snow|[upkeep]\n|upkeep\n|\n|t:|1701096945\n|switch|p1a: Sanitized|Iron Hands, L50|100\/100\n|turn|2\n|\n|t:|1701096967\n|move|p2b: Flutter Mane|Energy Ball|p1b: Snowing!!!!!\n|-damage|p1b: Snowing!!!!!|29\/100\n|move|p1b: Snowing!!!!!|Blizzard|p2a: Fezandipiti|[spread] p2a,p2b\n|-damage|p2a: Fezandipiti|85\/100\n|-damage|p2b: Flutter Mane|0 fnt\n|faint|p2b: Flutter Mane\n|-end|p2b: Flutter Mane|Protosynthesis|[silent]\n|move|p2a: Fezandipiti|Dazzling Gleam|p1b: Snowing!!!!!|[spread] p1a,p1b\n|-supereffective|p1a: Sanitized\n|-damage|p1a: Sanitized|80\/100\n|-damage|p1b: Snowing!!!!!|16\/100\n|move|p1a: Sanitized|Swords Dance|p1a: Sanitized\n|-boost|p1a: Sanitized|atk|2\n|\n|-weather|Snow|[upkeep]\n|upkeep\n|\n|t:|1701096980\n|switch|p2b: Magcargo|Magcargo, L50, F|100\/100\n|turn|3\n|\n|t:|1701096992\n|-terastallize|p2b: Magcargo|Ghost\n|move|p1b: Snowing!!!!!|Blizzard|p2b: Magcargo|[spread] p2a,p2b\n|-damage|p2a: Fezandipiti|70\/100\n|-damage|p2b: Magcargo|60\/100\n|move|p2a: Fezandipiti|Heat Wave|p1a: Sanitized|[spread] p1a,p1b\n|-supereffective|p1b: Snowing!!!!!\n|-damage|p1a: Sanitized|72\/100\n|-damage|p1b: Snowing!!!!!|0 fnt\n|faint|p1b: Snowing!!!!!\n|move|p2b: Magcargo|Shell Smash|p2b: Magcargo\n|-unboost|p2b: Magcargo|def|1\n|-unboost|p2b: Magcargo|spd|1\n|-boost|p2b: Magcargo|atk|2\n|-boost|p2b: Magcargo|spa|2\n|-boost|p2b: Magcargo|spe|2\n|-enditem|p2b: Magcargo|White Herb\n|-clearnegativeboost|p2b: Magcargo|[silent]\n|move|p1a: Sanitized|Thunder Punch|p2a: Fezandipiti\n|-damage|p2a: Fezandipiti|0 fnt\n|faint|p2a: Fezandipiti\n|\n|-weather|Snow|[upkeep]\n|upkeep\n|\n|t:|1701097009\n|switch|p1b: Mint Hot Chocolate|Sinistcha, L50|100\/100\n|switch|p2a: Gastrodon|Gastrodon, L50, F|100\/100\n|-heal|p1a: Sanitized|97\/100|[from] ability: Hospitality|[of] p1b: Mint Hot Chocolate\n|turn|4\n|\n|t:|1701097030\n|-terastallize|p1b: Mint Hot Chocolate|Fire\n|move|p2b: Magcargo|Flamethrower|p1b: Mint Hot Chocolate\n|-resisted|p1b: Mint Hot Chocolate\n|-damage|p1b: Mint Hot Chocolate|77\/100\n|move|p1b: Mint Hot Chocolate|Matcha Gotcha|p2a: Gastrodon|[spread] p2a,p2b\n|-supereffective|p2a: Gastrodon\n|-damage|p2a: Gastrodon|7\/100\n|-heal|p1b: Mint Hot Chocolate|100\/100|[from] drain|[of] p2a: Gastrodon\n|-damage|p2b: Magcargo|18\/100\n|move|p1a: Sanitized|Thunder Punch|p2b: Magcargo\n|-damage|p2b: Magcargo|0 fnt\n|faint|p2b: Magcargo\n|move|p2a: Gastrodon|Earth Power|p1a: Sanitized\n|-supereffective|p1a: Sanitized\n|-damage|p1a: Sanitized|57\/100\n|\n|-weather|Snow|[upkeep]\n|-heal|p2a: Gastrodon|13\/100|[from] item: Leftovers\n|upkeep\n|turn|5\n|-message|Misha-Red forfeited.\n|\n|win|LowEloGrind\n|raw|LowEloGrind's rating: 1131 &rarr; <strong>1154<\/strong><br \/>(+23 for winning)\n|raw|Misha-Red's rating: 1104 &rarr; <strong>1081<\/strong><br \/>(-23 for losing)\n|l|\u2606Misha-Red\n","uploadtime":1701097052,"views":6,"p1id":"lowelogrind","p2id":"mishared","formatid":"gen9vgc2023regulatione","rating":1081,"private":0,"password":""}