{"id":"gen9vgc2023regulatione-1987908221","p1":"LionCrossbow","p2":"Rajeshqls","format":"[Gen 9] VGC 2023 Regulation E","log":"|j|\u2606LionCrossbow\n|j|\u2606Rajeshqls\n|t:|1699648069\n|gametype|doubles\n|player|p1|LionCrossbow|benga|\n|player|p2|Rajeshqls|2|\n|teamsize|p1|6\n|teamsize|p2|6\n|gen|9\n|tier|[Gen 9] VGC 2023 Regulation E\n|rule|Species Clause: Limit one of each Pok\u00e9mon\n|rule|Item Clause: Limit one of each item\n|clearpoke\n|poke|p1|Umbreon, L50, F|\n|poke|p1|Arcanine, L50, M|\n|poke|p1|Milotic, L50, F|\n|poke|p1|Ogerpon, L50, F|\n|poke|p1|Mienshao, L50, F|\n|poke|p1|Azelf, L50|\n|poke|p2|Umbreon, L50, M|\n|poke|p2|Arcanine, L50, M|\n|poke|p2|Milotic, L50, F|\n|poke|p2|Ogerpon, L50, F|\n|poke|p2|Mienshao, L50, F|\n|poke|p2|Azelf, L50|\n|teampreview|4\n|\n|t:|1699648085\n|start\n|switch|p1a: Ogerpon|Ogerpon, L50, F|100\/100\n|switch|p1b: Mienshao|Mienshao, L50, F, shiny|100\/100\n|switch|p2a: Umbreon|Umbreon, L50, M|100\/100\n|switch|p2b: Mienshao|Mienshao, L50, F|100\/100\n|turn|1\n|\n|t:|1699648103\n|move|p1b: Mienshao|Fake Out|p2a: Umbreon\n|-damage|p2a: Umbreon|92\/100\n|-damage|p1b: Mienshao|84\/100|[from] item: Rocky Helmet|[of] p2a: Umbreon\n|move|p1a: Ogerpon|Knock Off|p2b: Mienshao\n|-resisted|p2b: Mienshao\n|-damage|p2b: Mienshao|74\/100\n|-enditem|p2b: Mienshao|Assault Vest|[from] move: Knock Off|[of] p1a: Ogerpon\n|move|p2b: Mienshao|Knock Off|p1b: Mienshao\n|-resisted|p1b: Mienshao\n|-crit|p1b: Mienshao\n|-damage|p1b: Mienshao|46\/100\n|-enditem|p1b: Mienshao|Assault Vest|[from] move: Knock Off|[of] p2b: Mienshao\n|cant|p2a: Umbreon|flinch\n|\n|upkeep\n|turn|2\n|\n|t:|1699648142\n|move|p1a: Ogerpon|Stomping Tantrum|p2b: Mienshao\n|-damage|p2b: Mienshao|37\/100\n|move|p2b: Mienshao|Drain Punch|p1a: Ogerpon\n|-damage|p1a: Ogerpon|58\/100\n|-heal|p2b: Mienshao|61\/100|[from] drain|[of] p1a: Ogerpon\n|move|p1b: Mienshao|Drain Punch|p2a: Umbreon\n|-supereffective|p2a: Umbreon\n|-damage|p2a: Umbreon|44\/100\n|-heal|p1b: Mienshao|78\/100|[from] drain|[of] p2a: Umbreon\n|-damage|p1b: Mienshao|62\/100|[from] item: Rocky Helmet|[of] p2a: Umbreon\n|move|p2a: Umbreon|Thunder Wave|p1a: Ogerpon\n|-status|p1a: Ogerpon|par\n|\n|upkeep\n|turn|3\n|\n|t:|1699648163\n|move|p2a: Umbreon|Protect|p2a: Umbreon\n|-singleturn|p2a: Umbreon|Protect\n|move|p1b: Mienshao|Drain Punch|p2a: Umbreon\n|-activate|p2a: Umbreon|move: Protect\n|move|p2b: Mienshao|Knock Off|p1a: Ogerpon\n|-damage|p1a: Ogerpon|18\/100 par\n|-enditem|p1a: Ogerpon|Miracle Seed|[from] move: Knock Off|[of] p2b: Mienshao\n|move|p1a: Ogerpon|Stomping Tantrum|p2b: Mienshao\n|-damage|p2b: Mienshao|23\/100\n|\n|upkeep\n|turn|4\n|\n|t:|1699648186\n|move|p1b: Mienshao|Drain Punch|p2a: Umbreon\n|-supereffective|p2a: Umbreon\n|-damage|p2a: Umbreon|0 fnt\n|-heal|p1b: Mienshao|91\/100|[from] drain|[of] p2a: Umbreon\n|-damage|p1b: Mienshao|74\/100|[from] item: Rocky Helmet|[of] p2a: Umbreon\n|faint|p2a: Umbreon\n|move|p2b: Mienshao|Drain Punch|p1a: Ogerpon\n|-damage|p1a: Ogerpon|0 fnt\n|-heal|p2b: Mienshao|33\/100|[from] drain|[of] p1a: Ogerpon\n|faint|p1a: Ogerpon\n|\n|upkeep\n|\n|t:|1699648204\n|switch|p1a: Azelf|Azelf, L50, shiny|100\/100\n|switch|p2a: Milotic|Milotic, L50, F|100\/100\n|turn|5\n|\n|t:|1699648221\n|move|p2a: Milotic|Helping Hand|p2b: Mienshao\n|-singleturn|p2b: Mienshao|Helping Hand|[of] p2a: Milotic\n|move|p1a: Azelf|Psychic|p2b: Mienshao\n|-supereffective|p2b: Mienshao\n|-damage|p2b: Mienshao|0 fnt\n|faint|p2b: Mienshao\n|move|p1b: Mienshao|Knock Off|p2a: Milotic\n|-damage|p2a: Milotic|74\/100\n|-enditem|p2a: Milotic|Leftovers|[from] move: Knock Off|[of] p1b: Mienshao\n|\n|upkeep\n|\n|t:|1699648234\n|switch|p2b: Ogerpon|Ogerpon, L50, F|100\/100\n|turn|6\n|\n|t:|1699648275\n|-terastallize|p2b: Ogerpon|Grass\n|detailschange|p2b: Ogerpon|Ogerpon-Teal-Tera, L50, F, tera:Grass\n|-ability|p2b: Ogerpon|Embody Aspect (Teal)|boost\n|-boost|p2b: Ogerpon|spe|1\n|move|p2a: Milotic|Protect|p2a: Milotic\n|-singleturn|p2a: Milotic|Protect\n|move|p2b: Ogerpon|Horn Leech|p1a: Azelf\n|-damage|p1a: Azelf|27\/100\n|move|p1a: Azelf|Dazzling Gleam|p2a: Milotic|[spread] p2b\n|-activate|p2a: Milotic|move: Protect\n|-damage|p2b: Ogerpon|79\/100\n|move|p1b: Mienshao|Knock Off|p2b: Ogerpon\n|-damage|p2b: Ogerpon|39\/100\n|-enditem|p2b: Ogerpon|Miracle Seed|[from] move: Knock Off|[of] p1b: Mienshao\n|\n|upkeep\n|turn|7\n|\n|t:|1699648298\n|move|p2a: Milotic|Helping Hand|p2b: Ogerpon\n|-singleturn|p2b: Ogerpon|Helping Hand|[of] p2a: Milotic\n|move|p1a: Azelf|Protect|p1a: Azelf\n|-singleturn|p1a: Azelf|Protect\n|move|p2b: Ogerpon|Horn Leech|p1b: Mienshao\n|-damage|p1b: Mienshao|0 fnt\n|-heal|p2b: Ogerpon|73\/100|[from] drain|[of] p1b: Mienshao\n|faint|p1b: Mienshao\n|\n|upkeep\n|\n|t:|1699648307\n|switch|p1b: Milotic|Milotic, L50, F, shiny|100\/100\n|turn|8\n|\n|t:|1699648326\n|move|p1b: Milotic|Helping Hand|p1a: Azelf\n|-singleturn|p1a: Azelf|Helping Hand|[of] p1b: Milotic\n|move|p2a: Milotic|Helping Hand|p2b: Ogerpon\n|-singleturn|p2b: Ogerpon|Helping Hand|[of] p2a: Milotic\n|move|p2b: Ogerpon|Horn Leech|p1a: Azelf\n|-damage|p1a: Azelf|0 fnt\n|-heal|p2b: Ogerpon|86\/100|[from] drain|[of] p1a: Azelf\n|faint|p1a: Azelf\n|\n|upkeep\n|turn|9\n|\n|t:|1699648345\n|move|p2a: Milotic|Helping Hand|p2b: Ogerpon\n|-singleturn|p2b: Ogerpon|Helping Hand|[of] p2a: Milotic\n|move|p2b: Ogerpon|Horn Leech|p1b: Milotic\n|-supereffective|p1b: Milotic\n|-damage|p1b: Milotic|0 fnt\n|-heal|p2b: Ogerpon|100\/100|[from] drain|[of] p1b: Milotic\n|faint|p1b: Milotic\n|\n|win|Rajeshqls\n","uploadtime":1699648357,"views":21,"p1id":"lioncrossbow","p2id":"rajeshqls","formatid":"gen9vgc2023regulatione","rating":0,"private":0,"password":""}