{"id":"gen9vgc2023regulatione-1995715056","p1":"eljokersamasito","p2":"pepito135","format":"[Gen 9] VGC 2023 Regulation E","log":"|j|\u2606eljokersamasito\n|j|\u2606pepito135\n|t:|1700596421\n|gametype|doubles\n|player|p1|eljokersamasito|buck|1161\n|player|p2|pepito135|266|1159\n|teamsize|p1|6\n|teamsize|p2|6\n|gen|9\n|tier|[Gen 9] VGC 2023 Regulation E\n|rated|\n|rule|Species Clause: Limit one of each Pok\u00e9mon\n|rule|Item Clause: Limit one of each item\n|clearpoke\n|poke|p1|Moltres-Galar, L50|\n|poke|p1|Ninetales-Alola, L50, M|\n|poke|p1|Cresselia, L50, F|\n|poke|p1|Urshifu-*, L50, F|\n|poke|p1|Iron Hands, L50|\n|poke|p1|Ursaluna-Bloodmoon, L50, M|\n|poke|p2|Iron Treads, L50|\n|poke|p2|Baxcalibur, L50, M|\n|poke|p2|Arcanine-Hisui, L50, M|\n|poke|p2|Brambleghast, L50, M|\n|poke|p2|Zapdos, L50|\n|poke|p2|Okidogi, L50, M|\n|teampreview|4\n|\n|t:|1700596493\n|start\n|switch|p1a: Cresselia|Cresselia, L50, F|100\/100\n|switch|p1b: Urshifu|Urshifu-Rapid-Strike, L50, F|100\/100\n|switch|p2a: Okidogi|Okidogi, L50, M|100\/100\n|switch|p2b: Zapdos|Zapdos, L50|100\/100\n|turn|1\n|\n|t:|1700596520\n|move|p1b: Urshifu|U-turn|p2b: Zapdos\n|-resisted|p2b: Zapdos\n|-damage|p2b: Zapdos|87\/100\n|\n|t:|1700596528\n|switch|p1b: Moltres|Moltres-Galar, L50|100\/100|[from] U-turn\n|move|p2b: Zapdos|Thunderbolt|p1b: Moltres\n|-supereffective|p1b: Moltres\n|-damage|p1b: Moltres|23\/100\n|-ability|p1b: Moltres|Berserk|boost\n|-boost|p1b: Moltres|spa|1\n|-enditem|p1b: Moltres|Sitrus Berry|[eat]\n|-heal|p1b: Moltres|47\/100|[from] item: Sitrus Berry\n|move|p2a: Okidogi|Knock Off|p1a: Cresselia\n|-supereffective|p1a: Cresselia\n|-damage|p1a: Cresselia|64\/100\n|-enditem|p1a: Cresselia|Mental Herb|[from] move: Knock Off|[of] p2a: Okidogi\n|move|p1a: Cresselia|Trick Room|p1a: Cresselia\n|-fieldstart|move: Trick Room|[of] p1a: Cresselia\n|\n|upkeep\n|turn|2\n|\n|t:|1700596572\n|-terastallize|p2a: Okidogi|Dark\n|move|p1b: Moltres|Protect|p1b: Moltres\n|-singleturn|p1b: Moltres|Protect\n|move|p1a: Cresselia|Lunar Blessing|p1a: Cresselia|[spread] p1a,p1b\n|-heal|p1a: Cresselia|89\/100\n|-heal|p1b: Moltres|72\/100\n|move|p2a: Okidogi|Drain Punch|p1b: Moltres\n|-activate|p1b: Moltres|move: Protect\n|move|p2b: Zapdos|Thunderbolt|p1b: Moltres\n|-activate|p1b: Moltres|move: Protect\n|\n|upkeep\n|turn|3\n|\n|t:|1700596599\n|-terastallize|p1b: Moltres|Fairy\n|move|p1a: Cresselia|Protect|p1a: Cresselia\n|-singleturn|p1a: Cresselia|Protect\n|move|p1b: Moltres|Fiery Wrath|p2a: Okidogi|[spread] p2a,p2b\n|-resisted|p2a: Okidogi\n|-damage|p2a: Okidogi|77\/100\n|-damage|p2b: Zapdos|38\/100\n|move|p2a: Okidogi|Drain Punch|p1b: Moltres\n|-resisted|p1b: Moltres\n|-damage|p1b: Moltres|55\/100\n|-heal|p2a: Okidogi|85\/100|[from] drain|[of] p1b: Moltres\n|move|p2b: Zapdos|Thunderbolt|p1b: Moltres\n|-damage|p1b: Moltres|19\/100\n|-ability|p1b: Moltres|Berserk|boost\n|-boost|p1b: Moltres|spa|1\n|\n|-heal|p2a: Okidogi|92\/100|[from] item: Leftovers\n|upkeep\n|turn|4\n|\n|t:|1700596627\n|move|p2b: Zapdos|Protect|p2b: Zapdos\n|-singleturn|p2b: Zapdos|Protect\n|move|p1a: Cresselia|Lunar Blessing|p1a: Cresselia|[spread] p1a,p1b\n|-heal|p1a: Cresselia|100\/100\n|-heal|p1b: Moltres|43\/100\n|move|p1b: Moltres|Fiery Wrath|p2a: Okidogi|[spread] p2a\n|-activate|p2b: Zapdos|move: Protect\n|-resisted|p2a: Okidogi\n|-damage|p2a: Okidogi|58\/100\n|move|p2a: Okidogi|Poison Jab|p1a: Cresselia\n|-damage|p1a: Cresselia|78\/100\n|\n|-heal|p2a: Okidogi|65\/100|[from] item: Leftovers\n|upkeep\n|turn|5\n|\n|t:|1700596647\n|move|p1a: Cresselia|Lunar Blessing|p1a: Cresselia|[spread] p1a,p1b\n|-heal|p1a: Cresselia|100\/100\n|-heal|p1b: Moltres|68\/100\n|move|p1b: Moltres|Fiery Wrath|p2b: Zapdos|[spread] p2a,p2b\n|-resisted|p2a: Okidogi\n|-damage|p2a: Okidogi|31\/100\n|-damage|p2b: Zapdos|0 fnt\n|faint|p2b: Zapdos\n|move|p2a: Okidogi|Poison Jab|p1b: Moltres\n|-supereffective|p1b: Moltres\n|-damage|p1b: Moltres|0 fnt\n|faint|p1b: Moltres\n|\n|-heal|p2a: Okidogi|37\/100|[from] item: Leftovers\n|-fieldend|move: Trick Room\n|upkeep\n|\n|t:|1700596663\n|switch|p2b: Brambleghast|Brambleghast, L50, M|100\/100\n|switch|p1b: Urshifu|Urshifu-Rapid-Strike, L50, F|100\/100\n|turn|6\n|\n|t:|1700596677\n|move|p1b: Urshifu|U-turn|p2a: Okidogi\n|-supereffective|p2a: Okidogi\n|-damage|p2a: Okidogi|0 fnt\n|faint|p2a: Okidogi\n|\n|t:|1700596681\n|switch|p1b: Ursaluna|Ursaluna-Bloodmoon, L50, M|100\/100|[from] U-turn\n|move|p2b: Brambleghast|Phantom Force||[still]\n|-prepare|p2b: Brambleghast|Phantom Force\n|move|p1a: Cresselia|Trick Room|p1a: Cresselia\n|-fieldstart|move: Trick Room|[of] p1a: Cresselia\n|\n|upkeep\n|\n|t:|1700596686\n|switch|p2a: Baxcalibur|Baxcalibur, L50, M|100\/100\n|turn|7\n|\n|t:|1700596699\n|move|p1a: Cresselia|Protect|p1a: Cresselia\n|-singleturn|p1a: Cresselia|Protect\n|move|p1b: Ursaluna|Earth Power|p2a: Baxcalibur\n|-damage|p2a: Baxcalibur|56\/100\n|move|p2a: Baxcalibur|Icicle Spear|p1b: Ursaluna\n|-supereffective|p1b: Ursaluna\n|-damage|p1b: Ursaluna|79\/100\n|-supereffective|p1b: Ursaluna\n|-damage|p1b: Ursaluna|53\/100\n|-supereffective|p1b: Ursaluna\n|-damage|p1b: Ursaluna|32\/100\n|-supereffective|p1b: Ursaluna\n|-damage|p1b: Ursaluna|9\/100\n|-hitcount|p1b: Ursaluna|4\n|move|p2b: Brambleghast|Phantom Force|p1a: Cresselia|[from]lockedmove\n|-activate|p1a: Cresselia|move: Phantom Force|[broken]\n|-supereffective|p1a: Cresselia\n|-damage|p1a: Cresselia|25\/100\n|-damage|p2b: Brambleghast|91\/100|[from] item: Life Orb\n|\n|upkeep\n|turn|8\n|\n|t:|1700596726\n|move|p2b: Brambleghast|Shadow Sneak|p1a: Cresselia\n|-supereffective|p1a: Cresselia\n|-damage|p1a: Cresselia|0 fnt\n|faint|p1a: Cresselia\n|-damage|p2b: Brambleghast|82\/100|[from] item: Life Orb\n|move|p1b: Ursaluna|Blood Moon|p2a: Baxcalibur\n|-damage|p2a: Baxcalibur|0 fnt\n|faint|p2a: Baxcalibur\n|\n|upkeep\n|\n|t:|1700596738\n|switch|p1a: Urshifu|Urshifu-Rapid-Strike, L50, F|100\/100\n|turn|9\n|\n|t:|1700596754\n|move|p1b: Ursaluna|Moonblast|p2b: Brambleghast\n|-damage|p2b: Brambleghast|24\/100\n|move|p2b: Brambleghast|Seed Bomb|p1a: Urshifu\n|-supereffective|p1a: Urshifu\n|-damage|p1a: Urshifu|0 fnt\n|faint|p1a: Urshifu\n|-damage|p2b: Brambleghast|15\/100|[from] item: Life Orb\n|\n|upkeep\n|turn|10\n|\n|t:|1700596764\n|move|p2b: Brambleghast|Protect|p2b: Brambleghast\n|-singleturn|p2b: Brambleghast|Protect\n|move|p1b: Ursaluna|Moonblast|p2b: Brambleghast\n|-activate|p2b: Brambleghast|move: Protect\n|\n|-fieldend|move: Trick Room\n|upkeep\n|turn|11\n|\n|t:|1700596777\n|move|p2b: Brambleghast|Seed Bomb|p1b: Ursaluna\n|-supereffective|p1b: Ursaluna\n|-damage|p1b: Ursaluna|0 fnt\n|faint|p1b: Ursaluna\n|-damage|p2b: Brambleghast|6\/100|[from] item: Life Orb\n|\n|win|pepito135\n|raw|eljokersamasito's rating: 1161 &rarr; <strong>1136<\/strong><br \/>(-25 for losing)\n|raw|pepito135's rating: 1159 &rarr; <strong>1184<\/strong><br \/>(+25 for winning)\n|l|\u2606eljokersamasito\n","uploadtime":1700596803,"views":11,"p1id":"eljokersamasito","p2id":"pepito135","formatid":"gen9vgc2023regulatione","rating":1136,"private":0,"password":""}