{"id":"gen9vgc2023regulatione-1997457269","p1":"Diego3007","p2":"Skyking17","format":"[Gen 9] VGC 2023 Regulation E","log":"|j|\u2606Diego3007\n|j|\u2606Skyking17\n|t:|1700808647\n|gametype|doubles\n|player|p1|Diego3007|sabrina|1209\n|player|p2|Skyking17|ethan|1217\n|teamsize|p1|6\n|teamsize|p2|6\n|gen|9\n|tier|[Gen 9] VGC 2023 Regulation E\n|rated|\n|rule|Species Clause: Limit one of each Pok\u00e9mon\n|rule|Item Clause: Limit one of each item\n|clearpoke\n|poke|p1|Gholdengo, L50|\n|poke|p1|Iron Hands, L50|\n|poke|p1|Roaring Moon, L50|\n|poke|p1|Arcanine-Hisui, L50, M|\n|poke|p1|Flutter Mane, L50|\n|poke|p1|Urshifu-*, L50, F|\n|poke|p2|Baxcalibur, L50, F|\n|poke|p2|Ninetales-Alola, L50, M|\n|poke|p2|Tornadus, L50, M|\n|poke|p2|Articuno, L50|\n|poke|p2|Urshifu-*, L50, M|\n|poke|p2|Heatran, L50, M|\n|teampreview|4\n|inactive|Battle timer is ON: inactive players will automatically lose when time's up. (requested by Diego3007)\n|inactive|Skyking17 has 60 seconds left.\n|\n|t:|1700808691\n|start\n|switch|p1a: Gholdengo|Gholdengo, L50|100\/100\n|switch|p1b: Roaring Moon|Roaring Moon, L50|100\/100\n|switch|p2a: Tornadus|Tornadus, L50, M|100\/100\n|switch|p2b: Urshifu|Urshifu-Rapid-Strike, L50, M|100\/100\n|-enditem|p1b: Roaring Moon|Booster Energy\n|-activate|p1b: Roaring Moon|ability: Protosynthesis|[fromitem]\n|-start|p1b: Roaring Moon|protosynthesisspe\n|turn|1\n|\n|t:|1700808704\n|move|p2b: Urshifu|Detect|p2b: Urshifu\n|-singleturn|p2b: Urshifu|Protect\n|move|p2a: Tornadus|Tailwind|p2a: Tornadus\n|-sidestart|p2: Skyking17|move: Tailwind\n|move|p1b: Roaring Moon|Tailwind|p1b: Roaring Moon\n|-sidestart|p1: Diego3007|move: Tailwind\n|move|p1a: Gholdengo|Trick|p2b: Urshifu\n|-activate|p2b: Urshifu|move: Protect\n|\n|upkeep\n|turn|2\n|inactive|Skyking17 has 30 seconds left.\n|\n|t:|1700808734\n|move|p1b: Roaring Moon|Breaking Swipe|p2a: Tornadus|[spread] p2a,p2b\n|-damage|p2a: Tornadus|68\/100\n|-damage|p2b: Urshifu|79\/100\n|-unboost|p2b: Urshifu|atk|1\n|move|p2a: Tornadus|Bleakwind Storm|p1a: Gholdengo|[spread] p1b\n|-miss|p2a: Tornadus|p1a: Gholdengo\n|-damage|p1b: Roaring Moon|66\/100\n|move|p2b: Urshifu|Surging Strikes|p1a: Gholdengo\n|-crit|p1a: Gholdengo\n|-damage|p1a: Gholdengo|76\/100\n|-crit|p1a: Gholdengo\n|-damage|p1a: Gholdengo|55\/100\n|-crit|p1a: Gholdengo\n|-damage|p1a: Gholdengo|34\/100\n|-hitcount|p1a: Gholdengo|3\n|move|p1a: Gholdengo|Trick|p2b: Urshifu\n|-activate|p1a: Gholdengo|move: Trick|[of] p2b: Urshifu\n|-item|p2b: Urshifu|Choice Specs|[from] move: Trick\n|-item|p1a: Gholdengo|Mystic Water|[from] move: Trick\n|\n|upkeep\n|turn|3\n|inactive|Diego3007 has 30 seconds left.\n|inactive|Skyking17 has 30 seconds left.\n|\n|t:|1700808764\n|switch|p1a: Urshifu|Urshifu-Rapid-Strike, L50, F|100\/100\n|move|p1b: Roaring Moon|Breaking Swipe|p2b: Urshifu|[spread] p2a,p2b\n|-crit|p2b: Urshifu\n|-damage|p2a: Tornadus|32\/100\n|-damage|p2b: Urshifu|47\/100\n|-unboost|p2b: Urshifu|atk|1\n|move|p2a: Tornadus|Bleakwind Storm|p1a: Urshifu|[spread] p1a,p1b\n|-supereffective|p1a: Urshifu\n|-damage|p1a: Urshifu|16\/100\n|-damage|p1b: Roaring Moon|35\/100\n|-unboost|p1a: Urshifu|spe|1\n|-unboost|p1b: Roaring Moon|spe|1\n|move|p2b: Urshifu|Surging Strikes|p1a: Urshifu\n|-resisted|p1a: Urshifu\n|-crit|p1a: Urshifu\n|-damage|p1a: Urshifu|7\/100\n|-resisted|p1a: Urshifu\n|-crit|p1a: Urshifu\n|-damage|p1a: Urshifu|0 fnt\n|faint|p1a: Urshifu\n|-hitcount|p1: Urshifu|2\n|\n|upkeep\n|\n|t:|1700808783\n|switch|p1a: Flutter Mane|Flutter Mane, L50|100\/100\n|turn|4\n|inactive|Skyking17 has 30 seconds left.\n|\n|t:|1700808814\n|switch|p2a: Heatran|Heatran, L50, M|100\/100\n|switch|p2b: Baxcalibur|Baxcalibur, L50, F|100\/100\n|move|p1b: Roaring Moon|Breaking Swipe|p2b: Baxcalibur|[spread] p2a,p2b\n|-resisted|p2a: Heatran\n|-supereffective|p2b: Baxcalibur\n|-damage|p2a: Heatran|91\/100\n|-damage|p2b: Baxcalibur|59\/100\n|-unboost|p2a: Heatran|atk|1\n|-unboost|p2b: Baxcalibur|atk|1\n|move|p1a: Flutter Mane|Dazzling Gleam|p2b: Baxcalibur|[spread] p2a,p2b\n|-resisted|p2a: Heatran\n|-supereffective|p2b: Baxcalibur\n|-damage|p2a: Heatran|85\/100\n|-damage|p2b: Baxcalibur|0 fnt\n|faint|p2b: Baxcalibur\n|\n|-heal|p2a: Heatran|91\/100|[from] item: Leftovers\n|-sideend|p2: Skyking17|move: Tailwind\n|-sideend|p1: Diego3007|move: Tailwind\n|upkeep\n|\n|t:|1700808827\n|switch|p2b: Urshifu|Urshifu-Rapid-Strike, L50, M|47\/100\n|turn|5\n|inactive|Diego3007 has 30 seconds left.\n|\n|t:|1700808857\n|-terastallize|p1b: Roaring Moon|Flying\n|move|p2b: Urshifu|Aqua Jet|p1a: Flutter Mane\n|-damage|p1a: Flutter Mane|54\/100\n|move|p1b: Roaring Moon|Acrobatics|p2b: Urshifu\n|-supereffective|p2b: Urshifu\n|-damage|p2b: Urshifu|0 fnt\n|faint|p2b: Urshifu\n|move|p1a: Flutter Mane|Shadow Ball|p2a: Heatran\n|-damage|p2a: Heatran|51\/100\n|-unboost|p2a: Heatran|spd|1\n|move|p2a: Heatran|Substitute|p2a: Heatran\n|-start|p2a: Heatran|Substitute\n|-damage|p2a: Heatran|26\/100\n|\n|-heal|p2a: Heatran|32\/100|[from] item: Leftovers\n|upkeep\n|\n|t:|1700808864\n|switch|p2b: Tornadus|Tornadus, L50, M|32\/100\n|turn|6\n|\n|t:|1700808884\n|move|p2b: Tornadus|Tailwind|p2b: Tornadus\n|-sidestart|p2: Skyking17|move: Tailwind\n|move|p2a: Heatran|Heat Wave|p1a: Flutter Mane|[spread] p1a,p1b\n|-damage|p1a: Flutter Mane|17\/100\n|-damage|p1b: Roaring Moon|3\/100\n|move|p1b: Roaring Moon|Acrobatics|p2a: Heatran\n|-resisted|p2a: Heatran\n|-activate|p2a: Heatran|move: Substitute|[damage]\n|move|p1a: Flutter Mane|Shadow Ball|p2a: Heatran\n|-end|p2a: Heatran|Substitute\n|\n|-heal|p2a: Heatran|38\/100|[from] item: Leftovers\n|upkeep\n|turn|7\n|inactive|Diego3007 has 30 seconds left.\n|\n|t:|1700808912\n|move|p2b: Tornadus|Bleakwind Storm|p1a: Flutter Mane|[spread] p1a,p1b\n|-damage|p1a: Flutter Mane|0 fnt\n|-damage|p1b: Roaring Moon|0 fnt\n|faint|p1a: Flutter Mane\n|-end|p1a: Flutter Mane|Protosynthesis|[silent]\n|faint|p1b: Roaring Moon\n|-end|p1b: Roaring Moon|Protosynthesis|[silent]\n|move|p2a: Heatran|Heat Wave|p1: Flutter Mane|[notarget]\n|-fail|p2a: Heatran\n|\n|-heal|p2a: Heatran|44\/100|[from] item: Leftovers\n|upkeep\n|\n|t:|1700808922\n|switch|p1b: Gholdengo|Gholdengo, L50|34\/100\n|turn|8\n|\n|t:|1700808931\n|move|p2b: Tornadus|Bleakwind Storm|p1b: Gholdengo\n|-resisted|p1b: Gholdengo\n|-damage|p1b: Gholdengo|10\/100\n|move|p2a: Heatran|Heat Wave|p1b: Gholdengo\n|-supereffective|p1b: Gholdengo\n|-damage|p1b: Gholdengo|0 fnt\n|faint|p1b: Gholdengo\n|\n|win|Skyking17\n|raw|Diego3007's rating: 1209 &rarr; <strong>1185<\/strong><br \/>(-24 for losing)\n|raw|Skyking17's rating: 1217 &rarr; <strong>1241<\/strong><br \/>(+24 for winning)\n|l|\u2606Diego3007\n","uploadtime":1700808980,"views":7,"p1id":"diego3007","p2id":"skyking17","formatid":"gen9vgc2023regulatione","rating":1185,"private":0,"password":""}