{"id":"gen9vgc2023regulatione-1996820787","p1":"JabsGR","p2":"somechips","format":"[Gen 9] VGC 2023 Regulation E","log":"|j|\u2606JabsGR\n|j|\u2606somechips\n|t:|1700730719\n|gametype|doubles\n|player|p1|JabsGR|2|1392\n|player|p2|somechips|cynthia-gen4|1424\n|teamsize|p1|6\n|teamsize|p2|6\n|gen|9\n|tier|[Gen 9] VGC 2023 Regulation E\n|rated|\n|rule|Species Clause: Limit one of each Pok\u00e9mon\n|rule|Item Clause: Limit one of each item\n|clearpoke\n|poke|p1|Slither Wing, L50|\n|poke|p1|Volbeat, L50, M|\n|poke|p1|Volcarona, L50, F|\n|poke|p1|Scizor, L50, F|\n|poke|p1|Kleavor, L50, M|\n|poke|p1|Vivillon, L50, F|\n|poke|p2|Annihilape, L50, F|\n|poke|p2|Maushold-Four, L50|\n|poke|p2|Grimmsnarl, L50, M|\n|poke|p2|Heatran, L50, M|\n|poke|p2|Gyarados, L50, F|\n|poke|p2|Rillaboom, L50, M|\n|teampreview|4\n|inactive|Battle timer is ON: inactive players will automatically lose when time's up. (requested by JabsGR)\n|inactive|somechips has 60 seconds left.\n|\n|t:|1700730750\n|start\n|switch|p1a: Volbeat|Volbeat, L50, M|100\/100\n|switch|p1b: Kleavor|Kleavor, L50, M|100\/100\n|switch|p2a: Heatran|Heatran, L50, M|100\/100\n|switch|p2b: Grimmsnarl|Grimmsnarl, L50, M|100\/100\n|turn|1\n|inactive|JabsGR has 30 seconds left.\n|\n|t:|1700730777\n|move|p1b: Kleavor|Protect|p1b: Kleavor\n|-singleturn|p1b: Kleavor|Protect\n|move|p2a: Heatran|Protect|p2a: Heatran\n|-singleturn|p2a: Heatran|Protect\n|move|p1a: Volbeat|Tailwind|p1a: Volbeat\n|-sidestart|p1: JabsGR|move: Tailwind\n|move|p2b: Grimmsnarl|Reflect|p2b: Grimmsnarl\n|-sidestart|p2: somechips|Reflect\n|\n|upkeep\n|turn|2\n|\n|t:|1700730787\n|move|p1a: Volbeat|Encore|p2a: Heatran\n|-start|p2a: Heatran|Encore\n|move|p2b: Grimmsnarl|Parting Shot|p1b: Kleavor\n|-unboost|p1b: Kleavor|atk|1\n|-unboost|p1b: Kleavor|spa|1\n|\n|t:|1700730791\n|switch|p2b: Annihilape|Annihilape, L50, F|100\/100|[from] Parting Shot\n|move|p1b: Kleavor|Focus Energy|p1b: Kleavor\n|-start|p1b: Kleavor|move: Focus Energy\n|move|p2a: Heatran|Protect||[still]\n|-fail|p2a: Heatran\n|\n|upkeep\n|turn|3\n|inactive|JabsGR has 30 seconds left.\n|inactive|somechips has 30 seconds left.\n|inactive|JabsGR has 20 seconds left.\n|\n|t:|1700730829\n|move|p2a: Heatran|Protect|p2a: Heatran\n|-singleturn|p2a: Heatran|Protect\n|move|p1a: Volbeat|Seismic Toss|p2a: Heatran\n|-activate|p2a: Heatran|move: Protect\n|move|p1b: Kleavor|Stone Axe|p2a: Heatran\n|-activate|p2a: Heatran|move: Protect\n|move|p2b: Annihilape|Drain Punch|p1b: Kleavor\n|-crit|p1b: Kleavor\n|-damage|p1b: Kleavor|31\/100\n|\n|upkeep\n|turn|4\n|\n|t:|1700730847\n|move|p2a: Heatran|Protect|p2a: Heatran\n|-singleturn|p2a: Heatran|Protect\n|move|p1a: Volbeat|Seismic Toss|p2a: Heatran\n|-activate|p2a: Heatran|move: Protect\n|move|p1b: Kleavor|Stone Axe|p2a: Heatran\n|-activate|p2a: Heatran|move: Protect\n|move|p2b: Annihilape|Drain Punch|p1b: Kleavor\n|-damage|p1b: Kleavor|0 fnt\n|faint|p1b: Kleavor\n|\n|-end|p2a: Heatran|Encore\n|-sideend|p1: JabsGR|move: Tailwind\n|upkeep\n|c|\u2606somechips|my guy\n|c|\u2606JabsGR|too lucky\n|\n|t:|1700730869\n|switch|p1b: Slither Wing|Slither Wing, L50|100\/100\n|-enditem|p1b: Slither Wing|Booster Energy\n|-activate|p1b: Slither Wing|ability: Protosynthesis|[fromitem]\n|-start|p1b: Slither Wing|protosynthesisatk\n|turn|5\n|c|\u2606somechips|tbh idk why you would double into that\n|\n|t:|1700730889\n|-terastallize|p1b: Slither Wing|Flying\n|move|p1a: Volbeat|Encore|p2a: Heatran\n|-start|p2a: Heatran|Encore\n|move|p1b: Slither Wing|Acrobatics|p2b: Annihilape\n|-supereffective|p2b: Annihilape\n|-damage|p2b: Annihilape|0 fnt\n|faint|p2b: Annihilape\n|move|p2a: Heatran|Protect||[still]\n|-fail|p2a: Heatran\n|\n|upkeep\n|\n|t:|1700730898\n|switch|p2b: Grimmsnarl|Grimmsnarl, L50, M|100\/100\n|turn|6\n|c|\u2606JabsGR|because i can't touch annihilape with volbeat and don't want to give you higher rage fist\n|inactive|JabsGR has 30 seconds left.\n|c|\u2606somechips|understanable\n|\n|t:|1700730929\n|switch|p2a: Maushold|Maushold-Four, L50|100\/100\n|move|p1a: Volbeat|Tailwind|p1a: Volbeat\n|-sidestart|p1: JabsGR|move: Tailwind\n|move|p2b: Grimmsnarl|Parting Shot|p1b: Slither Wing\n|-unboost|p1b: Slither Wing|atk|1\n|-unboost|p1b: Slither Wing|spa|1\n|\n|t:|1700730935\n|switch|p2b: Heatran|Heatran, L50, M|100\/100|[from] Parting Shot\n|move|p1b: Slither Wing|Acrobatics|p2b: Heatran\n|-resisted|p2b: Heatran\n|-damage|p2b: Heatran|90\/100\n|\n|-heal|p2b: Heatran|96\/100|[from] item: Leftovers\n|upkeep\n|turn|7\n|c|\u2606JabsGR|that double protect actually handed you the game\n|inactive|JabsGR has 30 seconds left.\n|\n|t:|1700730966\n|-terastallize|p2a: Maushold|Ghost\n|move|p2a: Maushold|Follow Me|p2a: Maushold\n|-singleturn|p2a: Maushold|move: Follow Me\n|move|p1a: Volbeat|Seismic Toss|p2a: Maushold\n|-immune|p2a: Maushold\n|move|p1b: Slither Wing|Close Combat|p2a: Maushold\n|-immune|p2a: Maushold\n|move|p2b: Heatran|Substitute|p2b: Heatran\n|-start|p2b: Heatran|Substitute\n|-damage|p2b: Heatran|71\/100\n|\n|-heal|p2b: Heatran|77\/100|[from] item: Leftovers\n|upkeep\n|turn|8\n|\n|t:|1700730990\n|move|p2a: Maushold|Follow Me|p2a: Maushold\n|-singleturn|p2a: Maushold|move: Follow Me\n|move|p1a: Volbeat|Seismic Toss|p2a: Maushold\n|-immune|p2a: Maushold\n|move|p2b: Heatran|Heat Wave|p1b: Slither Wing|[spread] p1a,p1b\n|-supereffective|p1a: Volbeat\n|-damage|p1a: Volbeat|16\/100\n|-damage|p1b: Slither Wing|57\/100\n|move|p1b: Slither Wing|Whirlwind|p2a: Maushold\n|drag|p2a: Grimmsnarl|Grimmsnarl, L50, M|100\/100\n|\n|-heal|p2b: Heatran|82\/100|[from] item: Leftovers\n|-sideend|p2: somechips|Reflect\n|upkeep\n|turn|9\n|c|\u2606somechips|no\n|c|\u2606somechips|because you just told me\n|c|\u2606somechips|volbeat cant hit ghosts\n|c|\u2606somechips|you threw twice\n|c|\u2606JabsGR|that doesn't matter man\n|inactive|JabsGR has 30 seconds left.\n|inactive|somechips has 30 seconds left.\n|c|\u2606JabsGR|who runs more than i attack on a prankster\n|inactive|JabsGR has 20 seconds left.\n|\n|t:|1700731030\n|move|p2a: Grimmsnarl|Reflect|p2a: Grimmsnarl\n|-sidestart|p2: somechips|Reflect\n|move|p1a: Volbeat|Seismic Toss|p2b: Heatran\n|-end|p2b: Heatran|Substitute\n|move|p2b: Heatran|Heat Wave|p1b: Slither Wing|[spread] p1b\n|-miss|p2b: Heatran|p1a: Volbeat\n|-damage|p1b: Slither Wing|19\/100\n|move|p1b: Slither Wing|Whirlwind|p2b: Heatran\n|drag|p2b: Maushold|Maushold-Four, L50, tera:Ghost|100\/100\n|\n|-sideend|p1: JabsGR|move: Tailwind\n|upkeep\n|turn|10\n|inactive|JabsGR has 30 seconds left.\n|\n|t:|1700731057\n|-end|p1b: Slither Wing|Protosynthesis|[silent]\n|switch|p1b: Volcarona|Volcarona, L50, F|100\/100\n|move|p2b: Maushold|Follow Me|p2b: Maushold\n|-singleturn|p2b: Maushold|move: Follow Me\n|move|p1a: Volbeat|Tailwind|p1a: Volbeat\n|-sidestart|p1: JabsGR|move: Tailwind\n|move|p2a: Grimmsnarl|Spirit Break|p1b: Volcarona\n|-resisted|p1b: Volcarona\n|-damage|p1b: Volcarona|84\/100\n|-unboost|p1b: Volcarona|spa|1\n|-damage|p2a: Grimmsnarl|84\/100|[from] item: Rocky Helmet|[of] p1b: Volcarona\n|\n|upkeep\n|turn|11\n|c|\u2606somechips|idk i guess you can fix ur team if annihilape counters u that hard\n|c|\u2606JabsGR|Are you serious?\n|inactive|JabsGR has 30 seconds left.\n|c|\u2606JabsGR|Do you see I am fooling around with bug monotype?\n|inactive|JabsGR has 20 seconds left.\n|inactive|JabsGR has 15 seconds left.\n|c|\u2606JabsGR|or did you not even get it till now?\n|inactive|JabsGR has 10 seconds left.\n|\n|t:|1700731105\n|move|p2b: Maushold|Protect|p2b: Maushold\n|-singleturn|p2b: Maushold|Protect\n|move|p1a: Volbeat|Encore|p2b: Maushold\n|-activate|p2b: Maushold|move: Protect\n|move|p2a: Grimmsnarl|Light Screen|p2a: Grimmsnarl\n|-sidestart|p2: somechips|move: Light Screen\n|move|p1b: Volcarona|Quiver Dance|p1b: Volcarona\n|-boost|p1b: Volcarona|spa|1\n|-boost|p1b: Volcarona|spd|1\n|-boost|p1b: Volcarona|spe|1\n|\n|upkeep\n|turn|12\n|c|\u2606somechips|be less mad\n|c|\u2606somechips|its a game\n|c|\u2606JabsGR|i am not mad man\n|c|\u2606JabsGR|you are just being weird about this\n|c|\u2606somechips|why complain about double protect to begin w if u dont care about winning\n|inactive|JabsGR has 30 seconds left.\n|inactive|somechips has 30 seconds left.\n|inactive|JabsGR has 20 seconds left.\n|inactive|somechips has 20 seconds left.\n|\n|t:|1700731145\n|move|p1a: Volbeat|Sunny Day|p1a: Volbeat\n|-weather|SunnyDay\n|move|p2a: Grimmsnarl|Parting Shot|p1b: Volcarona\n|-unboost|p1b: Volcarona|atk|1\n|-unboost|p1b: Volcarona|spa|1\n|\n|t:|1700731150\n|switch|p2a: Heatran|Heatran, L50, M|82\/100|[from] Parting Shot\n|move|p1b: Volcarona|Fiery Dance|p2b: Maushold\n|-damage|p2b: Maushold|63\/100\n|move|p2b: Maushold|Super Fang|p1b: Volcarona|[miss]\n|-miss|p2b: Maushold|p1b: Volcarona\n|\n|-weather|SunnyDay|[upkeep]\n|-heal|p2a: Heatran|88\/100|[from] item: Leftovers\n|upkeep\n|turn|13\n|\n|t:|1700731166\n|move|p2b: Maushold|Follow Me|p2b: Maushold\n|-singleturn|p2b: Maushold|move: Follow Me\n|move|p1a: Volbeat|Encore|p2b: Maushold\n|-start|p2b: Maushold|Encore\n|move|p1b: Volcarona|Fiery Dance|p2b: Maushold\n|-damage|p2b: Maushold|25\/100\n|-boost|p1b: Volcarona|spa|1\n|move|p2a: Heatran|Heat Wave|p1b: Volcarona|[spread] p1a\n|-miss|p2a: Heatran|p1b: Volcarona\n|-supereffective|p1a: Volbeat\n|-damage|p1a: Volbeat|0 fnt\n|faint|p1a: Volbeat\n|\n|-weather|SunnyDay|[upkeep]\n|-heal|p2a: Heatran|94\/100|[from] item: Leftovers\n|-sideend|p1: JabsGR|move: Tailwind\n|upkeep\n|\n|t:|1700731180\n|switch|p1a: Slither Wing|Slither Wing, L50, tera:Flying|19\/100\n|-activate|p1a: Slither Wing|ability: Protosynthesis\n|-start|p1a: Slither Wing|protosynthesisatk\n|turn|14\n|\n|t:|1700731186\n|move|p2b: Maushold|Follow Me|p2b: Maushold\n|-singleturn|p2b: Maushold|move: Follow Me\n|move|p1b: Volcarona|Fiery Dance|p2b: Maushold\n|-damage|p2b: Maushold|0 fnt\n|faint|p2b: Maushold\n|move|p1a: Slither Wing|Close Combat|p2a: Heatran\n|-supereffective|p2a: Heatran\n|-damage|p2a: Heatran|0 fnt\n|-unboost|p1a: Slither Wing|def|1\n|-unboost|p1a: Slither Wing|spd|1\n|faint|p2a: Heatran\n|\n|-weather|SunnyDay|[upkeep]\n|upkeep\n|\n|t:|1700731198\n|switch|p2b: Grimmsnarl|Grimmsnarl, L50, M|84\/100\n|turn|15\n|-message|somechips forfeited.\n|\n|win|JabsGR\n|raw|JabsGR's rating: 1392 &rarr; <strong>1414<\/strong><br \/>(+22 for winning)\n|raw|somechips's rating: 1424 &rarr; <strong>1402<\/strong><br \/>(-22 for losing)\n|l|\u2606somechips\n|c|\u2606JabsGR|oh you left?\n|c|\u2606JabsGR|oopsie\n","uploadtime":1700731221,"views":8,"p1id":"jabsgr","p2id":"somechips","formatid":"gen9vgc2023regulatione","rating":1402,"private":0,"password":""}