{"id":"gen9vgc2023regulatione-1999184743","p1":"Matcha Man Savage","p2":"jenzz2","format":"[Gen 9] VGC 2023 Regulation E","log":"|j|\u2606Matcha Man Savage\n|j|\u2606jenzz2\n|n|\u2606Matcha Man Savage|matchamansavage\n|n|\u2606jenzz2|jenzz2\n|html|View the match progress at <a href=\"\/game-bestof3-gen9vgc2023regulatione-1999184741\">game-bestof3-gen9vgc2023regulatione-1999184741<\/a>\n|t:|1701042707\n|gametype|doubles\n|player|p1|Matcha Man Savage|pokemaniac|\n|player|p2|jenzz2|265|\n|teamsize|p1|6\n|teamsize|p2|5\n|gen|9\n|tier|[Gen 9] VGC 2023 Regulation E\n|rule|Species Clause: Limit one of each Pok\u00e9mon\n|rule|Item Clause: Limit one of each item\n|clearpoke\n|poke|p1|Baxcalibur, L50, M|\n|poke|p1|Landorus-Therian, L50, M|\n|poke|p1|Goodra-Hisui, L50, F|\n|poke|p1|Scream Tail, L50|\n|poke|p1|Moltres-Galar, L50|\n|poke|p1|Ninetales-Alola, L50, F|\n|poke|p2|Tornadus, L50, M|\n|poke|p2|Landorus-Therian, L50, M|\n|poke|p2|Urshifu-*, L50, F|\n|poke|p2|Gothitelle, L50, F|\n|poke|p2|Ogerpon, L50, F|\n|teampreview|4\n|inactive|Battle timer is ON: inactive players will automatically lose when time's up. (requested by Matcha Man Savage)\n|inactive|Matcha Man Savage has 60 seconds left.\n|inactive|jenzz2 has 60 seconds left.\n|\n|t:|1701042764\n|start\n|switch|p1a: Antarctica|Ninetales-Alola, L50, F|100\/100\n|switch|p1b: GOJIRA|Baxcalibur, L50, M|100\/100\n|switch|p2a: Tornadus|Tornadus, L50, M|100\/100\n|switch|p2b: Urshifu|Urshifu-Rapid-Strike, L50, F|100\/100\n|-weather|Snow|[from] ability: Snow Warning|[of] p1a: Antarctica\n|turn|1\n|\n|t:|1701042777\n|-terastallize|p1b: GOJIRA|Water\n|move|p2a: Tornadus|Rain Dance|p2a: Tornadus\n|-weather|RainDance\n|move|p2b: Urshifu|Surging Strikes|p1a: Antarctica\n|-crit|p1a: Antarctica\n|-damage|p1a: Antarctica|57\/100\n|-crit|p1a: Antarctica\n|-damage|p1a: Antarctica|14\/100\n|-crit|p1a: Antarctica\n|-damage|p1a: Antarctica|0 fnt\n|faint|p1a: Antarctica\n|-hitcount|p1: Antarctica|3\n|move|p1b: GOJIRA|Swords Dance|p1b: GOJIRA\n|-boost|p1b: GOJIRA|atk|2\n|\n|-weather|RainDance|[upkeep]\n|upkeep\n|\n|t:|1701042790\n|switch|p1a: Rosa Tubsman|Goodra-Hisui, L50, F|100\/100\n|turn|2\n|\n|t:|1701042810\n|switch|p2b: Landorus|Landorus-Therian, L50, M|100\/100\n|-ability|p2b: Landorus|Intimidate|boost\n|-unboost|p1a: Rosa Tubsman|atk|1\n|-fail|p1b: GOJIRA|unboost|[from] item: Clear Amulet|[of] p1b: GOJIRA\n|-terastallize|p2a: Tornadus|Flying\n|move|p1b: GOJIRA|Ice Shard|p2a: Tornadus\n|-supereffective|p2a: Tornadus\n|-damage|p2a: Tornadus|0 fnt\n|faint|p2a: Tornadus\n|move|p1a: Rosa Tubsman|Shelter|p1a: Rosa Tubsman\n|-boost|p1a: Rosa Tubsman|def|2\n|\n|-weather|RainDance|[upkeep]\n|upkeep\n|inactive|jenzz2 has 30 seconds left.\n|inactive|jenzz2 has 20 seconds left.\n|\n|t:|1701042849\n|switch|p2a: Urshifu|Urshifu-Rapid-Strike, L50, F|100\/100\n|turn|3\n|\n|t:|1701042858\n|move|p1b: GOJIRA|Ice Shard|p2b: Landorus\n|-supereffective|p2b: Landorus\n|-damage|p2b: Landorus|0 fnt\n|faint|p2b: Landorus\n|move|p2a: Urshifu|Drain Punch|p1b: GOJIRA\n|-damage|p1b: GOJIRA|64\/100\n|move|p1a: Rosa Tubsman|Life Dew||[still]|[spread] p1a,p1b\n|-fail|p1a: Rosa Tubsman|heal\n|-heal|p1b: GOJIRA|89\/100\n|\n|-weather|RainDance|[upkeep]\n|upkeep\n|\n|t:|1701042868\n|switch|p2b: Ogerpon|Ogerpon, L50, F|100\/100\n|turn|4\n|\n|t:|1701042880\n|move|p1b: GOJIRA|Ice Shard|p2b: Ogerpon\n|-supereffective|p2b: Ogerpon\n|-damage|p2b: Ogerpon|4\/100\n|move|p2a: Urshifu|Drain Punch|p1b: GOJIRA\n|-damage|p1b: GOJIRA|49\/100\n|move|p2b: Ogerpon|Ivy Cudgel|p1b: GOJIRA\n|-supereffective|p1b: GOJIRA\n|-damage|p1b: GOJIRA|0 fnt\n|faint|p1b: GOJIRA\n|move|p1a: Rosa Tubsman|Shelter|p1a: Rosa Tubsman\n|-boost|p1a: Rosa Tubsman|def|2\n|\n|-weather|RainDance|[upkeep]\n|upkeep\n|\n|t:|1701042892\n|switch|p1b: Mufasa|Moltres-Galar, L50|100\/100\n|turn|5\n|\n|t:|1701042900\n|move|p2a: Urshifu|Drain Punch|p1a: Rosa Tubsman\n|-supereffective|p1a: Rosa Tubsman\n|-damage|p1a: Rosa Tubsman|80\/100\n|-damage|p2a: Urshifu|84\/100|[from] item: Rocky Helmet|[of] p1a: Rosa Tubsman\n|move|p2b: Ogerpon|Stomping Tantrum|p1a: Rosa Tubsman\n|-supereffective|p1a: Rosa Tubsman\n|-damage|p1a: Rosa Tubsman|65\/100\n|-damage|p2b: Ogerpon|0 fnt|[from] item: Rocky Helmet|[of] p1a: Rosa Tubsman\n|faint|p2b: Ogerpon\n|move|p1b: Mufasa|Fiery Wrath|p2a: Urshifu\n|-resisted|p2a: Urshifu\n|-damage|p2a: Urshifu|58\/100\n|move|p1a: Rosa Tubsman|Shelter|p1a: Rosa Tubsman\n|-boost|p1a: Rosa Tubsman|def|2\n|\n|-weather|none\n|upkeep\n|turn|6\n|-message|jenzz2 forfeited.\n|\n|win|Matcha Man Savage\n|l|\u2606jenzz2\n","uploadtime":1701042923,"views":13,"p1id":"matchamansavage","p2id":"jenzz2","formatid":"gen9vgc2023regulatione","rating":0,"private":0,"password":""}