{"id":"gen9vgc2023regulatione-1995351423","p1":"Tempest brute","p2":"Ringocc","format":"[Gen 9] VGC 2023 Regulation E","log":"|j|\u2606Tempest brute\n|j|\u2606Ringocc\n|t:|1700558327\n|gametype|doubles\n|player|p1|Tempest brute|veteran|1791\n|player|p2|Ringocc|swimmerf-gen4dp|1727\n|teamsize|p1|6\n|teamsize|p2|6\n|gen|9\n|tier|[Gen 9] VGC 2023 Regulation E\n|rated|\n|rule|Species Clause: Limit one of each Pok\u00e9mon\n|rule|Item Clause: Limit one of each item\n|clearpoke\n|poke|p1|Iron Valiant, L50|\n|poke|p1|Ting-Lu, L50|\n|poke|p1|Ogerpon-Hearthflame, L50, F|\n|poke|p1|Rotom-Wash, L50|\n|poke|p1|Gholdengo, L50|\n|poke|p1|Dragonite, L50, F|\n|poke|p2|Flutter Mane, L50|\n|poke|p2|Urshifu-*, L50, M|\n|poke|p2|Landorus-Therian, L50, M|\n|poke|p2|Tornadus, L50, M|\n|poke|p2|Rillaboom, L50, F|\n|poke|p2|Iron Hands, L50|\n|teampreview|4\n|j| Choruto\n|j| fyfyyalt1\n|j| 74zlfh\n|\n|t:|1700558411\n|start\n|switch|p1a: Mimi \"Incen\" Rotom|Rotom-Wash, L50|100\/100\n|switch|p1b: Gholdengo|Gholdengo, L50|100\/100\n|switch|p2a: Iron Hands|Iron Hands, L50|100\/100\n|switch|p2b: Flutter Mane|Flutter Mane, L50|100\/100\n|turn|1\n|\n|t:|1700558432\n|move|p1a: Mimi \"Incen\" Rotom|Protect|p1a: Mimi \"Incen\" Rotom\n|-singleturn|p1a: Mimi \"Incen\" Rotom|Protect\n|move|p1b: Gholdengo|Protect|p1b: Gholdengo\n|-singleturn|p1b: Gholdengo|Protect\n|move|p2a: Iron Hands|Fake Out|p1a: Mimi \"Incen\" Rotom\n|-activate|p1a: Mimi \"Incen\" Rotom|move: Protect\n|move|p2b: Flutter Mane|Shadow Ball|p1b: Gholdengo\n|-activate|p1b: Gholdengo|move: Protect\n|\n|upkeep\n|turn|2\n|j| la_bombuh\n|j| C-CC-CCC-4C\n|l| fyfyyalt1\n|\n|t:|1700558490\n|switch|p1b: Klefki Lu|Ting-Lu, L50|100\/100\n|-ability|p1b: Klefki Lu|Vessel of Ruin\n|move|p2b: Flutter Mane|Shadow Ball|p1b: Klefki Lu\n|-resisted|p1b: Klefki Lu\n|-damage|p1b: Klefki Lu|86\/100\n|move|p1a: Mimi \"Incen\" Rotom|Will-O-Wisp|p2a: Iron Hands\n|-status|p2a: Iron Hands|brn\n|move|p2a: Iron Hands|Wild Charge|p1a: Mimi \"Incen\" Rotom\n|-damage|p1a: Mimi \"Incen\" Rotom|76\/100\n|-damage|p2a: Iron Hands|96\/100 brn|[from] Recoil\n|\n|-heal|p1b: Klefki Lu|92\/100|[from] item: Leftovers\n|-damage|p2a: Iron Hands|90\/100 brn|[from] brn\n|upkeep\n|turn|3\n|j| Therazer456\n|\n|t:|1700558525\n|-end|p2b: Flutter Mane|Protosynthesis|[silent]\n|switch|p2b: Rillaboom|Rillaboom, L50, F|100\/100\n|-fieldstart|move: Grassy Terrain|[from] ability: Grassy Surge|[of] p2b: Rillaboom\n|move|p1a: Mimi \"Incen\" Rotom|Will-O-Wisp|p2b: Rillaboom\n|-status|p2b: Rillaboom|brn\n|move|p2a: Iron Hands|Drain Punch|p1b: Klefki Lu\n|-supereffective|p1b: Klefki Lu\n|-damage|p1b: Klefki Lu|71\/100\n|-heal|p2a: Iron Hands|100\/100 brn|[from] drain|[of] p1b: Klefki Lu\n|move|p1b: Klefki Lu|Throat Chop|p2b: Rillaboom\n|-damage|p2b: Rillaboom|70\/100 brn\n|-start|p2b: Rillaboom|Throat Chop|[silent]\n|\n|-heal|p2b: Rillaboom|77\/100 brn|[from] Grassy Terrain\n|-heal|p1b: Klefki Lu|77\/100|[from] Grassy Terrain\n|-heal|p1b: Klefki Lu|83\/100|[from] item: Leftovers\n|-damage|p2b: Rillaboom|70\/100 brn|[from] brn\n|-damage|p2a: Iron Hands|94\/100 brn|[from] brn\n|upkeep\n|turn|4\n|\n|t:|1700558562\n|switch|p1a: Dynapult|Dragonite, L50, F|100\/100\n|move|p2b: Rillaboom|Protect|p2b: Rillaboom\n|-singleturn|p2b: Rillaboom|Protect\n|move|p1b: Klefki Lu|Protect|p1b: Klefki Lu\n|-singleturn|p1b: Klefki Lu|Protect\n|move|p2a: Iron Hands|Wild Charge|p1a: Dynapult\n|-damage|p1a: Dynapult|90\/100\n|-damage|p2a: Iron Hands|92\/100 brn|[from] Recoil\n|\n|-heal|p2b: Rillaboom|77\/100 brn|[from] Grassy Terrain\n|-heal|p2a: Iron Hands|98\/100 brn|[from] Grassy Terrain\n|-heal|p1b: Klefki Lu|89\/100|[from] Grassy Terrain\n|-heal|p1b: Klefki Lu|95\/100|[from] item: Leftovers\n|-damage|p2b: Rillaboom|70\/100 brn|[from] brn\n|-damage|p2a: Iron Hands|92\/100 brn|[from] brn\n|-end|p2b: Rillaboom|Throat Chop|[silent]\n|upkeep\n|turn|5\n|\n|t:|1700558588\n|switch|p2b: Landorus|Landorus-Therian, L50, M|100\/100\n|-ability|p2b: Landorus|Intimidate|boost\n|-unboost|p1a: Dynapult|atk|1\n|-unboost|p1b: Klefki Lu|atk|1\n|switch|p1b: Gholdengo|Gholdengo, L50|100\/100\n|move|p1a: Dynapult|Aerial Ace|p2b: Landorus\n|-damage|p2b: Landorus|83\/100\n|move|p2a: Iron Hands|Wild Charge|p1a: Dynapult\n|-damage|p1a: Dynapult|66\/100\n|-damage|p2a: Iron Hands|88\/100 brn|[from] Recoil\n|\n|-heal|p2a: Iron Hands|94\/100 brn|[from] Grassy Terrain\n|-damage|p2a: Iron Hands|88\/100 brn|[from] brn\n|upkeep\n|turn|6\n|j| fyfyyalt1\n|\n|t:|1700558622\n|switch|p1a: Mimi \"Incen\" Rotom|Rotom-Wash, L50|76\/100\n|move|p1b: Gholdengo|Protect|p1b: Gholdengo\n|-singleturn|p1b: Gholdengo|Protect\n|move|p2b: Landorus|Stomping Tantrum|p1b: Gholdengo\n|-activate|p1b: Gholdengo|move: Protect\n|move|p2a: Iron Hands|Wild Charge|p1b: Gholdengo\n|-activate|p1b: Gholdengo|move: Protect\n|\n|-heal|p2a: Iron Hands|94\/100 brn|[from] Grassy Terrain\n|-damage|p2a: Iron Hands|88\/100 brn|[from] brn\n|upkeep\n|turn|7\n|\n|t:|1700558653\n|switch|p2b: Flutter Mane|Flutter Mane, L50|100\/100\n|move|p1a: Mimi \"Incen\" Rotom|Hydro Pump|p2b: Flutter Mane\n|-damage|p2b: Flutter Mane|64\/100\n|move|p1b: Gholdengo|Make It Rain|p2a: Iron Hands|[spread] p2a,p2b\n|-resisted|p2a: Iron Hands\n|-supereffective|p2b: Flutter Mane\n|-crit|p2b: Flutter Mane\n|-damage|p2a: Iron Hands|77\/100 brn\n|-damage|p2b: Flutter Mane|0 fnt\n|-unboost|p1b: Gholdengo|spa|1\n|faint|p2b: Flutter Mane\n|-end|p2b: Flutter Mane|Protosynthesis|[silent]\n|move|p2a: Iron Hands|Drain Punch|p1a: Mimi \"Incen\" Rotom\n|-damage|p1a: Mimi \"Incen\" Rotom|57\/100\n|-heal|p2a: Iron Hands|83\/100 brn|[from] drain|[of] p1a: Mimi \"Incen\" Rotom\n|\n|-heal|p2a: Iron Hands|89\/100 brn|[from] Grassy Terrain\n|-damage|p2a: Iron Hands|83\/100 brn|[from] brn\n|-fieldend|move: Grassy Terrain\n|upkeep\n|\n|t:|1700558675\n|switch|p2b: Rillaboom|Rillaboom, L50, F|70\/100 brn\n|-fieldstart|move: Grassy Terrain|[from] ability: Grassy Surge|[of] p2b: Rillaboom\n|turn|8\n|\n|t:|1700558695\n|switch|p1a: Dynapult|Dragonite, L50, F|66\/100\n|-terastallize|p2b: Rillaboom|Grass\n|move|p2b: Rillaboom|Wood Hammer|p1a: Dynapult\n|-resisted|p1a: Dynapult\n|-damage|p1a: Dynapult|53\/100\n|-damage|p2b: Rillaboom|66\/100 brn|[from] Recoil\n|move|p1b: Gholdengo|Make It Rain|p2b: Rillaboom|[spread] p2a,p2b\n|-resisted|p2a: Iron Hands\n|-damage|p2a: Iron Hands|75\/100 brn\n|-damage|p2b: Rillaboom|36\/100 brn\n|-unboost|p1b: Gholdengo|spa|1\n|move|p2a: Iron Hands|Wild Charge|p1b: Gholdengo\n|-damage|p1b: Gholdengo|77\/100\n|-damage|p2a: Iron Hands|58\/100 brn|[from] item: Rocky Helmet|[of] p1b: Gholdengo\n|-damage|p2a: Iron Hands|54\/100 brn|[from] Recoil\n|\n|-heal|p2b: Rillaboom|42\/100 brn|[from] Grassy Terrain\n|-heal|p1b: Gholdengo|83\/100|[from] Grassy Terrain\n|-heal|p2a: Iron Hands|60\/100 brn|[from] Grassy Terrain\n|-damage|p2b: Rillaboom|36\/100 brn|[from] brn\n|-damage|p2a: Iron Hands|54\/100 brn|[from] brn\n|upkeep\n|turn|9\n|\n|t:|1700558724\n|move|p2b: Rillaboom|Protect|p2b: Rillaboom\n|-singleturn|p2b: Rillaboom|Protect\n|move|p1b: Gholdengo|Make It Rain|p2b: Rillaboom|[spread] p2a\n|-activate|p2b: Rillaboom|move: Protect\n|-resisted|p2a: Iron Hands\n|-damage|p2a: Iron Hands|48\/100 brn\n|-unboost|p1b: Gholdengo|spa|1\n|move|p1a: Dynapult|Aerial Ace|p2a: Iron Hands\n|-damage|p2a: Iron Hands|29\/100 brn\n|move|p2a: Iron Hands|Wild Charge|p1a: Dynapult\n|-damage|p1a: Dynapult|31\/100\n|-damage|p2a: Iron Hands|25\/100 brn|[from] Recoil\n|\n|-heal|p2b: Rillaboom|42\/100 brn|[from] Grassy Terrain\n|-heal|p1b: Gholdengo|88\/100|[from] Grassy Terrain\n|-heal|p2a: Iron Hands|31\/100 brn|[from] Grassy Terrain\n|-damage|p2b: Rillaboom|36\/100 brn|[from] brn\n|-damage|p2a: Iron Hands|25\/100 brn|[from] brn\n|upkeep\n|turn|10\n|l| fyfyyalt1\n|\n|t:|1700558762\n|switch|p2b: Landorus|Landorus-Therian, L50, M|83\/100\n|-ability|p2b: Landorus|Intimidate|boost\n|-unboost|p1a: Dynapult|atk|1\n|-unboost|p1b: Gholdengo|atk|1\n|move|p1b: Gholdengo|Make It Rain|p2b: Landorus|[spread] p2a,p2b\n|-resisted|p2a: Iron Hands\n|-damage|p2a: Iron Hands|20\/100 brn\n|-damage|p2b: Landorus|64\/100\n|-unboost|p1b: Gholdengo|spa|1\n|move|p1a: Dynapult|Aerial Ace|p2b: Landorus\n|-damage|p2b: Landorus|48\/100\n|move|p2a: Iron Hands|Wild Charge|p1b: Gholdengo\n|-damage|p1b: Gholdengo|64\/100\n|-damage|p2a: Iron Hands|4\/100 brn|[from] item: Rocky Helmet|[of] p1b: Gholdengo\n|-damage|p2a: Iron Hands|0 fnt|[from] Recoil\n|faint|p2a: Iron Hands\n|-end|p2a: Iron Hands|Quark Drive|[silent]\n|\n|-heal|p1b: Gholdengo|69\/100|[from] Grassy Terrain\n|upkeep\n|\n|t:|1700558783\n|switch|p2a: Rillaboom|Rillaboom, L50, F, tera:Grass|36\/100 brn\n|turn|11\n|\n|t:|1700558793\n|switch|p1b: Mimi \"Incen\" Rotom|Rotom-Wash, L50|57\/100\n|switch|p1a: Klefki Lu|Ting-Lu, L50|95\/100\n|-ability|p1a: Klefki Lu|Vessel of Ruin\n|move|p2b: Landorus|Rock Slide|p1b: Mimi \"Incen\" Rotom|[spread] p1a,p1b\n|-resisted|p1a: Klefki Lu\n|-damage|p1a: Klefki Lu|91\/100\n|-damage|p1b: Mimi \"Incen\" Rotom|39\/100\n|-enditem|p1b: Mimi \"Incen\" Rotom|Sitrus Berry|[eat]\n|-heal|p1b: Mimi \"Incen\" Rotom|64\/100|[from] item: Sitrus Berry\n|move|p2a: Rillaboom|Wood Hammer|p1b: Mimi \"Incen\" Rotom\n|-supereffective|p1b: Mimi \"Incen\" Rotom\n|-damage|p1b: Mimi \"Incen\" Rotom|0 fnt\n|faint|p1b: Mimi \"Incen\" Rotom\n|-damage|p2a: Rillaboom|19\/100 brn|[from] Recoil\n|\n|-heal|p2a: Rillaboom|25\/100 brn|[from] Grassy Terrain\n|-heal|p1a: Klefki Lu|97\/100|[from] Grassy Terrain\n|-heal|p1a: Klefki Lu|100\/100|[from] item: Leftovers\n|-damage|p2a: Rillaboom|19\/100 brn|[from] brn\n|upkeep\n|\n|t:|1700558802\n|switch|p1b: Gholdengo|Gholdengo, L50|69\/100\n|turn|12\n|-message|Ringocc forfeited.\n|\n|win|Tempest brute\n|raw|Tempest brute's rating: 1791 &rarr; <strong>1807<\/strong><br \/>(+16 for winning)\n|raw|Ringocc's rating: 1727 &rarr; <strong>1711<\/strong><br \/>(-16 for losing)\n|l|\u2606Ringocc\n|l| la_bombuh\n|c|\u2606Tempest brute|1800\n|c|\u2606Tempest brute|for like\n|c|\u2606Tempest brute|the gabilltionth time\n|j| fyfyyalt1\n|l| Therazer456\n|l| fyfyyalt1\n|j| fyfyyalt1\n|l| fyfyyalt1\n|l| Choruto\n|l| C-CC-CCC-4C\n|l|\u2606Tempest brute\n","uploadtime":1700559142,"views":14,"p1id":"tempestbrute","p2id":"ringocc","formatid":"gen9vgc2023regulatione","rating":1711,"private":0,"password":""}