{"id":"gen9vgc2023regulatione-1993687147","p1":"Geronimo0078","p2":"aye44uje","format":"[Gen 9] VGC 2023 Regulation E","log":"|j|\u2606Geronimo0078\n|j|\u2606aye44uje\n|t:|1700345596\n|gametype|doubles\n|player|p1|Geronimo0078|cynthia|1075\n|player|p2|aye44uje|169|1042\n|teamsize|p1|6\n|teamsize|p2|6\n|gen|9\n|tier|[Gen 9] VGC 2023 Regulation E\n|rated|\n|rule|Species Clause: Limit one of each Pok\u00e9mon\n|rule|Item Clause: Limit one of each item\n|clearpoke\n|poke|p1|Talonflame, L50, F|\n|poke|p1|Heatran, L50, M|\n|poke|p1|Ninetales, L50, F|\n|poke|p1|Arcanine-Hisui, L50, M|\n|poke|p1|Chandelure, L50, M|\n|poke|p1|Ogerpon-Hearthflame, L50, F|\n|poke|p2|Regieleki, L50|\n|poke|p2|Regidrago, L50|\n|poke|p2|Tornadus, L50, M|\n|poke|p2|Urshifu-*, L50, M|\n|poke|p2|Flutter Mane, L50|\n|poke|p2|Farigiraf, L50, F|\n|teampreview|4\nGeronimo0078 rejected open team sheets.\n|\n|t:|1700345641\n|start\n|switch|p1a: Ninetales|Ninetales, L50, F, shiny|100\/100\n|switch|p1b: Talonflame|Talonflame, L50, F|100\/100\n|switch|p2a: Tornadus|Tornadus, L50, M|100\/100\n|switch|p2b: Regidrago|Regidrago, L50|100\/100\n|-weather|SunnyDay|[from] ability: Drought|[of] p1a: Ninetales\n|turn|1\n|inactive|Battle timer is ON: inactive players will automatically lose when time's up. (requested by Geronimo0078)\n|\n|t:|1700345657\n|switch|p1a: Make'mSuffr|Heatran, L50, M|100\/100\n|move|p1b: Talonflame|Tailwind|p1b: Talonflame\n|-sidestart|p1: Geronimo0078|move: Tailwind\n|move|p2a: Tornadus|Tailwind|p2a: Tornadus\n|-sidestart|p2: aye44uje|move: Tailwind\n|move|p2b: Regidrago|Dragon Energy|p1b: Talonflame|[spread] p1a,p1b\n|-resisted|p1a: Make'mSuffr\n|-damage|p1a: Make'mSuffr|72\/100\n|-damage|p1b: Talonflame|0 fnt\n|faint|p1b: Talonflame\n|\n|-weather|SunnyDay|[upkeep]\n|upkeep\n|\n|t:|1700345670\n|switch|p1b: Ogerpon|Ogerpon-Hearthflame, L50, F|100\/100\n|-ability|p1b: Ogerpon|Mold Breaker\n|turn|2\n|\n|t:|1700345694\n|move|p1b: Ogerpon|Spiky Shield|p1b: Ogerpon\n|-singleturn|p1b: Ogerpon|move: Protect\n|move|p2b: Regidrago|Protect|p2b: Regidrago\n|-singleturn|p2b: Regidrago|Protect\n|move|p2a: Tornadus|Rain Dance|p2a: Tornadus\n|-weather|RainDance\n|move|p1a: Make'mSuffr|Flash Cannon|p2b: Regidrago\n|-activate|p2b: Regidrago|move: Protect\n|\n|-weather|RainDance|[upkeep]\n|upkeep\n|turn|3\n|\n|t:|1700345717\n|switch|p1b: Ninetales|Ninetales, L50, F, shiny|100\/100\n|-weather|SunnyDay|[from] ability: Drought|[of] p1b: Ninetales\n|move|p2a: Tornadus|Scary Face|p1b: Ninetales\n|-unboost|p1b: Ninetales|spe|2\n|move|p1a: Make'mSuffr|Flash Cannon|p2b: Regidrago\n|-damage|p2b: Regidrago|61\/100\n|move|p2b: Regidrago|Dragon Energy|p1a: Make'mSuffr|[spread] p1a,p1b\n|-resisted|p1a: Make'mSuffr\n|-damage|p1a: Make'mSuffr|55\/100\n|-damage|p1b: Ninetales|34\/100\n|\n|-weather|SunnyDay|[upkeep]\n|upkeep\n|turn|4\n|\n|t:|1700345738\n|switch|p1b: Ogerpon|Ogerpon-Hearthflame, L50, F|100\/100\n|-ability|p1b: Ogerpon|Mold Breaker\n|move|p2a: Tornadus|Rain Dance|p2a: Tornadus\n|-weather|RainDance\n|move|p1a: Make'mSuffr|Magma Storm|p2a: Tornadus\n|-damage|p2a: Tornadus|68\/100\n|-activate|p2a: Tornadus|move: Magma Storm|[of] p1a: Make'mSuffr\n|move|p2b: Regidrago|Earth Power|p1a: Make'mSuffr\n|-supereffective|p1a: Make'mSuffr\n|-damage|p1a: Make'mSuffr|0 fnt\n|faint|p1a: Make'mSuffr\n|\n|-weather|RainDance|[upkeep]\n|-end|p2a: Tornadus|Magma Storm|[partiallytrapped]|[silent]\n|-sideend|p2: aye44uje|move: Tailwind\n|-sideend|p1: Geronimo0078|move: Tailwind\n|upkeep\n|\n|t:|1700345750\n|switch|p1a: Ninetales|Ninetales, L50, F, shiny|34\/100\n|-weather|SunnyDay|[from] ability: Drought|[of] p1a: Ninetales\n|turn|5\n|inactive|Geronimo0078 has 30 seconds left.\n|inactive|aye44uje has 30 seconds left.\n|\n|t:|1700345781\n|move|p2a: Tornadus|Rain Dance|p2a: Tornadus\n|-weather|RainDance\n|move|p1b: Ogerpon|Ivy Cudgel|p2a: Tornadus|[anim] Ivy Cudgel Fire\n|-damage|p2a: Tornadus|42\/100\n|-enditem|p2a: Tornadus|Sitrus Berry|[eat]\n|-heal|p2a: Tornadus|67\/100|[from] item: Sitrus Berry\n|move|p1a: Ninetales|Howl|p1a: Ninetales|[spread] p1a,p1b\n|-boost|p1a: Ninetales|atk|1\n|-boost|p1b: Ogerpon|atk|1\n|move|p2b: Regidrago|Dragon Pulse|p1b: Ogerpon\n|-damage|p1b: Ogerpon|13\/100\n|\n|-weather|RainDance|[upkeep]\n|upkeep\n|turn|6\n|inactive|Geronimo0078 has 30 seconds left.\n|inactive|Geronimo0078 has 20 seconds left.\n|\n|t:|1700345816\n|-terastallize|p1b: Ogerpon|Fire\n|detailschange|p1b: Ogerpon|Ogerpon-Hearthflame-Tera, L50, F, tera:Fire\n|-ability|p1b: Ogerpon|Embody Aspect (Hearthflame)|boost\n|-boost|p1b: Ogerpon|atk|1\n|move|p2a: Tornadus|Tailwind|p2a: Tornadus\n|-sidestart|p2: aye44uje|move: Tailwind\n|move|p2b: Regidrago|Dragon Pulse|p1b: Ogerpon\n|-damage|p1b: Ogerpon|0 fnt\n|faint|p1b: Ogerpon\n|move|p1a: Ninetales|Heat Wave|p2b: Regidrago|[spread] p2a,p2b\n|-resisted|p2b: Regidrago\n|-damage|p2a: Tornadus|52\/100\n|-damage|p2b: Regidrago|55\/100\n|\n|-weather|RainDance|[upkeep]\n|upkeep\n|turn|7\n|-message|Geronimo0078 forfeited.\n|\n|win|aye44uje\n|raw|Geronimo0078's rating: 1075 &rarr; <strong>1052<\/strong><br \/>(-23 for losing)\n|raw|aye44uje's rating: 1042 &rarr; <strong>1079<\/strong><br \/>(+37 for winning)\n|l|\u2606Geronimo0078\n","uploadtime":1700345837,"views":18,"p1id":"geronimo0078","p2id":"aye44uje","formatid":"gen9vgc2023regulatione","rating":1052,"private":0,"password":""}