{"id":"gen9vgc2023regulatione-1994182187","p1":"edboiVGC","p2":"PunkRockObstagoon","format":"[Gen 9] VGC 2023 Regulation E","log":"|j|\u2606edboiVGC\n|j|\u2606PunkRockObstagoon\n|t:|1700416221\n|gametype|doubles\n|player|p1|edboiVGC|guitarist|1341\n|player|p2|PunkRockObstagoon|hilbert|1458\n|teamsize|p1|6\n|teamsize|p2|6\n|gen|9\n|tier|[Gen 9] VGC 2023 Regulation E\n|rated|\n|rule|Species Clause: Limit one of each Pok\u00e9mon\n|rule|Item Clause: Limit one of each item\n|clearpoke\n|poke|p1|Landorus-Therian, L50, M|\n|poke|p1|Heatran, L50, M|\n|poke|p1|Roaring Moon, L50|\n|poke|p1|Urshifu-*, L50, F|\n|poke|p1|Cresselia, L50, F|\n|poke|p1|Rillaboom, L50, F|\n|poke|p2|Spinarak, L50, M|\n|poke|p2|Tatsugiri-Droopy, L50, M|\n|poke|p2|Lurantis, L50, F|\n|poke|p2|Armarouge, L50, M|\n|poke|p2|Farigiraf, L50, F|\n|poke|p2|Roaring Moon, L50|\n|teampreview|4\n|inactive|Battle timer is ON: inactive players will automatically lose when time's up. (requested by PunkRockObstagoon)\nedboiVGC has agreed to open team sheets.\n|inactive|edboiVGC has 60 seconds left.\n|inactive|PunkRockObstagoon has 60 seconds left.\n|\n|t:|1700416257\n|start\n|switch|p1a: Roaring Moon|Roaring Moon, L50|100\/100\n|switch|p1b: Mojo Jojo|Rillaboom, L50, F|100\/100\n|switch|p2a: Roaring Moon|Roaring Moon, L50|100\/100\n|switch|p2b: Lurantis|Lurantis, L50, F|100\/100\n|-fieldstart|move: Grassy Terrain|[from] ability: Grassy Surge|[of] p1b: Mojo Jojo\n|-enditem|p1a: Roaring Moon|Booster Energy\n|-activate|p1a: Roaring Moon|ability: Protosynthesis|[fromitem]\n|-start|p1a: Roaring Moon|protosynthesisspe\n|-enditem|p2a: Roaring Moon|Booster Energy\n|-activate|p2a: Roaring Moon|ability: Protosynthesis|[fromitem]\n|-start|p2a: Roaring Moon|protosynthesisspe\n|turn|1\n|\n|t:|1700416280\n|switch|p2b: Farigiraf|Farigiraf, L50, F|100\/100\n|move|p1b: Mojo Jojo|Fake Out||[still]\n|cant|p2b: Farigiraf|ability: Armor Tail|Fake Out|[of] p1b: Mojo Jojo\n|move|p1a: Roaring Moon|Acrobatics|p2b: Farigiraf\n|-damage|p2b: Farigiraf|51\/100\n|move|p2a: Roaring Moon|Breaking Swipe|p1a: Roaring Moon|[spread] p1a,p1b\n|-supereffective|p1a: Roaring Moon\n|-damage|p1a: Roaring Moon|41\/100\n|-damage|p1b: Mojo Jojo|81\/100\n|-unboost|p1a: Roaring Moon|atk|1\n|-unboost|p1b: Mojo Jojo|atk|1\n|\n|-heal|p1a: Roaring Moon|47\/100|[from] Grassy Terrain\n|-heal|p1b: Mojo Jojo|87\/100|[from] Grassy Terrain\n|-heal|p2b: Farigiraf|57\/100|[from] Grassy Terrain\n|upkeep\n|turn|2\n|\n|t:|1700416299\n|move|p1a: Roaring Moon|Protect|p1a: Roaring Moon\n|-singleturn|p1a: Roaring Moon|Protect\n|move|p2a: Roaring Moon|Breaking Swipe|p1b: Mojo Jojo|[spread] p1b\n|-activate|p1a: Roaring Moon|move: Protect\n|-damage|p1b: Mojo Jojo|70\/100\n|-unboost|p1b: Mojo Jojo|atk|1\n|move|p1b: Mojo Jojo|U-turn|p2a: Roaring Moon\n|-supereffective|p2a: Roaring Moon\n|-damage|p2a: Roaring Moon|72\/100\n|\n|t:|1700416310\n|switch|p1b: Cresselia|Cresselia, L50, F, shiny|100\/100|[from] U-turn\n|move|p2b: Farigiraf|Psychic|p1b: Cresselia\n|-resisted|p1b: Cresselia\n|-damage|p1b: Cresselia|85\/100\n|-unboost|p1b: Cresselia|spd|1\n|\n|-heal|p1a: Roaring Moon|53\/100|[from] Grassy Terrain\n|-heal|p2a: Roaring Moon|78\/100|[from] Grassy Terrain\n|-heal|p2b: Farigiraf|63\/100|[from] Grassy Terrain\n|upkeep\n|turn|3\n|inactive|edboiVGC has 30 seconds left.\n|\n|t:|1700416340\n|-terastallize|p1b: Cresselia|Fairy\n|move|p1a: Roaring Moon|Knock Off|p2b: Farigiraf\n|-supereffective|p2b: Farigiraf\n|-damage|p2b: Farigiraf|0 fnt\n|-enditem|p2b: Farigiraf|Focus Sash|[from] move: Knock Off|[of] p1a: Roaring Moon\n|faint|p2b: Farigiraf\n|move|p2a: Roaring Moon|Knock Off|p1b: Cresselia\n|-resisted|p1b: Cresselia\n|-damage|p1b: Cresselia|72\/100\n|-damage|p2a: Roaring Moon|61\/100|[from] item: Rocky Helmet|[of] p1b: Cresselia\n|-enditem|p1b: Cresselia|Rocky Helmet|[from] move: Knock Off|[of] p2a: Roaring Moon\n|move|p1b: Cresselia|Moonblast|p2a: Roaring Moon\n|-supereffective|p2a: Roaring Moon\n|-damage|p2a: Roaring Moon|0 fnt\n|faint|p2a: Roaring Moon\n|-end|p2a: Roaring Moon|Protosynthesis|[silent]\n|\n|-heal|p1a: Roaring Moon|59\/100|[from] Grassy Terrain\n|upkeep\n|\n|t:|1700416353\n|switch|p2a: Lurantis|Lurantis, L50, F|100\/100\n|switch|p2b: Tatsugiri|Tatsugiri-Droopy, L50, M|100\/100\n|turn|4\n|\n|t:|1700416370\n|move|p2b: Tatsugiri|Protect|p2b: Tatsugiri\n|-singleturn|p2b: Tatsugiri|Protect\n|move|p1a: Roaring Moon|Tailwind|p1a: Roaring Moon\n|-sidestart|p1: edboiVGC|move: Tailwind\n|move|p1b: Cresselia|Lunar Blessing|p1b: Cresselia|[spread] p1a,p1b\n|-heal|p1a: Roaring Moon|84\/100\n|-heal|p1b: Cresselia|97\/100\n|move|p2a: Lurantis|Superpower|p1a: Roaring Moon\n|-supereffective|p1a: Roaring Moon\n|-damage|p1a: Roaring Moon|0 fnt\n|-boost|p2a: Lurantis|atk|1\n|-boost|p2a: Lurantis|def|1\n|faint|p1a: Roaring Moon\n|-end|p1a: Roaring Moon|Protosynthesis|[silent]\n|\n|upkeep\n|\n|t:|1700416387\n|switch|p1a: Mojo Jojo|Rillaboom, L50, F|70\/100\n|turn|5\n|inactive|PunkRockObstagoon has 30 seconds left.\n|\n|t:|1700416420\n|-terastallize|p2b: Tatsugiri|Flying\n|move|p1a: Mojo Jojo|Fake Out|p2a: Lurantis\n|-damage|p2a: Lurantis|89\/100\n|move|p1b: Cresselia|Moonblast|p2b: Tatsugiri\n|-crit|p2b: Tatsugiri\n|-damage|p2b: Tatsugiri|57\/100\n|move|p2b: Tatsugiri|Tera Blast|p1a: Mojo Jojo|[anim] Tera Blast Flying\n|-supereffective|p1a: Mojo Jojo\n|-damage|p1a: Mojo Jojo|3\/100\n|cant|p2a: Lurantis|flinch\n|\n|-heal|p1a: Mojo Jojo|9\/100|[from] Grassy Terrain\n|-heal|p2b: Tatsugiri|63\/100|[from] item: Leftovers\n|-heal|p2a: Lurantis|95\/100|[from] Grassy Terrain\n|-fieldend|move: Grassy Terrain\n|upkeep\n|turn|6\n|\n|t:|1700416445\n|switch|p1a: Heatran|Heatran, L50, M|100\/100\n|move|p1b: Cresselia|Calm Mind|p1b: Cresselia\n|-boost|p1b: Cresselia|spa|1\n|-boost|p1b: Cresselia|spd|1\n|move|p2b: Tatsugiri|Substitute|p2b: Tatsugiri\n|-start|p2b: Tatsugiri|Substitute\n|-damage|p2b: Tatsugiri|38\/100\n|move|p2a: Lurantis|Superpower|p1a: Heatran\n|-supereffective|p1a: Heatran\n|-damage|p1a: Heatran|0 fnt\n|-boost|p2a: Lurantis|atk|1\n|-boost|p2a: Lurantis|def|1\n|faint|p1a: Heatran\n|\n|-heal|p2b: Tatsugiri|44\/100|[from] item: Leftovers\n|upkeep\n|\n|t:|1700416461\n|switch|p1a: Mojo Jojo|Rillaboom, L50, F|9\/100\n|-fieldstart|move: Grassy Terrain|[from] ability: Grassy Surge|[of] p1a: Mojo Jojo\n|turn|7\n|\n|t:|1700416472\n|move|p2b: Tatsugiri|Protect|p2b: Tatsugiri\n|-singleturn|p2b: Tatsugiri|Protect\n|move|p1a: Mojo Jojo|Fake Out|p2a: Lurantis\n|-damage|p2a: Lurantis|86\/100\n|move|p1b: Cresselia|Calm Mind|p1b: Cresselia\n|-boost|p1b: Cresselia|spa|1\n|-boost|p1b: Cresselia|spd|1\n|cant|p2a: Lurantis|flinch\n|\n|-heal|p1a: Mojo Jojo|16\/100|[from] Grassy Terrain\n|-heal|p2b: Tatsugiri|50\/100|[from] item: Leftovers\n|-heal|p2a: Lurantis|92\/100|[from] Grassy Terrain\n|-sideend|p1: edboiVGC|move: Tailwind\n|upkeep\n|turn|8\n|inactive|edboiVGC has 30 seconds left.\n|\n|t:|1700416499\n|move|p1a: Mojo Jojo|Grassy Glide|p2b: Tatsugiri\n|-resisted|p2b: Tatsugiri\n|-end|p2b: Tatsugiri|Substitute\n|move|p1b: Cresselia|Calm Mind|p1b: Cresselia\n|-boost|p1b: Cresselia|spa|1\n|-boost|p1b: Cresselia|spd|1\n|move|p2b: Tatsugiri|Tera Blast|p1a: Mojo Jojo|[anim] Tera Blast Flying\n|-supereffective|p1a: Mojo Jojo\n|-damage|p1a: Mojo Jojo|0 fnt\n|faint|p1a: Mojo Jojo\n|move|p2a: Lurantis|Superpower|p1b: Cresselia\n|-resisted|p1b: Cresselia\n|-damage|p1b: Cresselia|75\/100\n|-boost|p2a: Lurantis|atk|1\n|-boost|p2a: Lurantis|def|1\n|\n|-heal|p2b: Tatsugiri|55\/100|[from] item: Leftovers\n|-heal|p2a: Lurantis|98\/100|[from] Grassy Terrain\n|upkeep\n|turn|9\n|\n|t:|1700416523\n|move|p1b: Cresselia|Moonblast|p2b: Tatsugiri\n|-damage|p2b: Tatsugiri|0 fnt\n|faint|p2b: Tatsugiri\n|move|p2a: Lurantis|Leaf Blade|p1b: Cresselia\n|-damage|p1b: Cresselia|0 fnt\n|faint|p1b: Cresselia\n|\n|win|PunkRockObstagoon\n|raw|edboiVGC's rating: 1341 &rarr; <strong>1328<\/strong><br \/>(-13 for losing)\n|raw|PunkRockObstagoon's rating: 1475 &rarr; <strong>1488<\/strong><br \/>(+13 for winning)\n","uploadtime":1700416529,"views":5,"p1id":"edboivgc","p2id":"punkrockobstagoon","formatid":"gen9vgc2023regulatione","rating":1328,"private":0,"password":""}