{"id":"gen9vgc2023regulatione-1991546172","p1":"Sword3033","p2":"w0rkj0","format":"[Gen 9] VGC 2023 Regulation E","log":"|j|\u2606Sword3033\n|j|\u2606w0rkj0\n|t:|1700087006\n|gametype|doubles\n|player|p1|Sword3033|cynthia|1142\n|player|p2|w0rkj0|acetrainer-gen4|1179\n|teamsize|p1|6\n|teamsize|p2|6\n|gen|9\n|tier|[Gen 9] VGC 2023 Regulation E\n|rated|\n|rule|Species Clause: Limit one of each Pok\u00e9mon\n|rule|Item Clause: Limit one of each item\n|clearpoke\n|poke|p1|Ogerpon-Wellspring, L50, F|\n|poke|p1|Rillaboom, L50, M|\n|poke|p1|Heatran, L50, F|\n|poke|p1|Tornadus, L50, M|\n|poke|p1|Ninetales-Alola, L50, M|\n|poke|p1|Roaring Moon, L50|\n|poke|p2|Landorus, L50, M|\n|poke|p2|Clefairy, L50, F|\n|poke|p2|Arcanine-Hisui, L50, F|\n|poke|p2|Ogerpon-Wellspring, L50, F|\n|poke|p2|Roaring Moon, L50|\n|poke|p2|Iron Hands, L50|\n|teampreview|4\n|inactive|Battle timer is ON: inactive players will automatically lose when time's up. (requested by Sword3033)\n|inactive|Sword3033 has 60 seconds left.\n|inactive|w0rkj0 has 60 seconds left.\n|inactive|w0rkj0 has 30 seconds left.\n|inactive|w0rkj0 has 20 seconds left.\n|inactive|w0rkj0 has 15 seconds left.\n|\n|t:|1700087084\n|start\n|switch|p1a: Tornadus|Tornadus, L50, M, shiny|100\/100\n|switch|p1b: Ninetales|Ninetales-Alola, L50, M, shiny|100\/100\n|switch|p2a: Iron Hands|Iron Hands, L50|100\/100\n|switch|p2b: Arcanine|Arcanine-Hisui, L50, F|100\/100\n|-weather|Snow|[from] ability: Snow Warning|[of] p1b: Ninetales\n|-ability|p2b: Arcanine|Intimidate|boost\n|-unboost|p1a: Tornadus|atk|1\n|-unboost|p1b: Ninetales|atk|1\n|turn|1\n|inactive|Sword3033 has 30 seconds left.\n|\n|t:|1700087110\n|move|p1a: Tornadus|Tailwind|p1a: Tornadus\n|-sidestart|p1: Sword3033|move: Tailwind\n|move|p1b: Ninetales|Aurora Veil|p1b: Ninetales\n|-sidestart|p1: Sword3033|move: Aurora Veil\n|move|p2b: Arcanine|Rock Slide|p1a: Tornadus|[spread] p1a,p1b\n|-supereffective|p1a: Tornadus\n|-supereffective|p1b: Ninetales\n|-damage|p1a: Tornadus|17\/100\n|-damage|p1b: Ninetales|44\/100\n|move|p2a: Iron Hands|Heavy Slam|p1b: Ninetales\n|-supereffective|p1b: Ninetales\n|-damage|p1b: Ninetales|0 fnt\n|faint|p1b: Ninetales\n|\n|-weather|Snow|[upkeep]\n|upkeep\n|\n|t:|1700087125\n|switch|p1b: Ogerpon|Ogerpon-Wellspring, L50, F|100\/100\n|turn|2\n|inactive|w0rkj0 has 30 seconds left.\n|\n|t:|1700087151\n|switch|p2b: Ogerpon|Ogerpon-Wellspring, L50, F|100\/100\n|move|p1b: Ogerpon|Spiky Shield|p1b: Ogerpon\n|-singleturn|p1b: Ogerpon|move: Protect\n|move|p1a: Tornadus|Bleakwind Storm|p2a: Iron Hands|[spread] p2a,p2b\n|-supereffective|p2b: Ogerpon\n|-damage|p2a: Iron Hands|80\/100\n|-damage|p2b: Ogerpon|22\/100\n|move|p2a: Iron Hands|Wild Charge|p1a: Tornadus\n|-supereffective|p1a: Tornadus\n|-damage|p1a: Tornadus|0 fnt\n|faint|p1a: Tornadus\n|-damage|p2a: Iron Hands|77\/100|[from] Recoil\n|\n|-weather|Snow|[upkeep]\n|upkeep\n|\n|t:|1700087169\n|switch|p1a: Roaring Moon|Roaring Moon, L50, shiny|100\/100\n|-enditem|p1a: Roaring Moon|Booster Energy\n|-activate|p1a: Roaring Moon|ability: Protosynthesis|[fromitem]\n|-start|p1a: Roaring Moon|protosynthesisatk\n|turn|3\n|inactive|w0rkj0 has 30 seconds left.\n|\n|t:|1700087203\n|-end|p2a: Iron Hands|Quark Drive|[silent]\n|switch|p2a: Arcanine|Arcanine-Hisui, L50, F|100\/100\n|-ability|p2a: Arcanine|Intimidate|boost\n|-unboost|p1a: Roaring Moon|atk|1\n|-unboost|p1b: Ogerpon|atk|1\n|move|p2b: Ogerpon|Spiky Shield|p2b: Ogerpon\n|-singleturn|p2b: Ogerpon|move: Protect\n|move|p1a: Roaring Moon|Acrobatics|p2a: Arcanine\n|-resisted|p2a: Arcanine\n|-crit|p2a: Arcanine\n|-damage|p2a: Arcanine|54\/100\n|move|p1b: Ogerpon|Horn Leech|p2b: Ogerpon\n|-activate|p2b: Ogerpon|move: Protect\n|-damage|p1b: Ogerpon|88\/100|[from] Spiky Shield|[of] p2b: Ogerpon\n|\n|-weather|Snow|[upkeep]\n|upkeep\n|turn|4\n|\n|t:|1700087226\n|switch|p2b: Roaring Moon|Roaring Moon, L50|100\/100\n|-enditem|p2b: Roaring Moon|Booster Energy\n|-activate|p2b: Roaring Moon|ability: Protosynthesis|[fromitem]\n|-start|p2b: Roaring Moon|protosynthesisspe\n|switch|p2a: Iron Hands|Iron Hands, L50|77\/100\n|move|p1a: Roaring Moon|Acrobatics|p2b: Roaring Moon\n|-damage|p2b: Roaring Moon|58\/100\n|move|p1b: Ogerpon|Ivy Cudgel|p2a: Iron Hands|[anim] Ivy Cudgel Water\n|-crit|p2a: Iron Hands\n|-damage|p2a: Iron Hands|2\/100\n|\n|-weather|Snow|[upkeep]\n|-sideend|p1: Sword3033|move: Tailwind\n|upkeep\n|turn|5\n|inactive|w0rkj0 has 30 seconds left.\n|inactive|w0rkj0 has 20 seconds left.\n|inactive|w0rkj0 has 15 seconds left.\n|inactive|w0rkj0 has 10 seconds left.\n|\n|t:|1700087276\n|-terastallize|p1a: Roaring Moon|Flying\n|move|p2a: Iron Hands|Fake Out|p1a: Roaring Moon\n|-damage|p1a: Roaring Moon|87\/100\n|move|p2b: Roaring Moon|Tailwind|p2b: Roaring Moon\n|-sidestart|p2: w0rkj0|move: Tailwind\n|cant|p1a: Roaring Moon|flinch\n|move|p1b: Ogerpon|Ivy Cudgel|p2a: Iron Hands|[anim] Ivy Cudgel Water\n|-damage|p2a: Iron Hands|0 fnt\n|faint|p2a: Iron Hands\n|-end|p2a: Iron Hands|Quark Drive|[silent]\n|\n|-weather|none\n|upkeep\n|\n|t:|1700087288\n|switch|p2a: Arcanine|Arcanine-Hisui, L50, F|54\/100\n|-ability|p2a: Arcanine|Intimidate|boost\n|-unboost|p1a: Roaring Moon|atk|1\n|-unboost|p1b: Ogerpon|atk|1\n|turn|6\n|inactive|w0rkj0 has 30 seconds left.\n|\n|t:|1700087318\n|-terastallize|p2a: Arcanine|Fairy\n|move|p2b: Roaring Moon|Knock Off|p1a: Roaring Moon\n|-damage|p1a: Roaring Moon|59\/100\n|move|p2a: Arcanine|Rock Slide|p1b: Ogerpon|[spread] p1a,p1b\n|-supereffective|p1a: Roaring Moon\n|-damage|p1a: Roaring Moon|0 fnt\n|-damage|p1b: Ogerpon|47\/100\n|faint|p1a: Roaring Moon\n|-end|p1a: Roaring Moon|Protosynthesis|[silent]\n|move|p1b: Ogerpon|Ivy Cudgel|p2a: Arcanine|[anim] Ivy Cudgel Water\n|-crit|p2a: Arcanine\n|-damage|p2a: Arcanine|0 fnt\n|faint|p2a: Arcanine\n|\n|upkeep\n|\n|t:|1700087329\n|switch|p2a: Ogerpon|Ogerpon-Wellspring, L50, F|22\/100\n|turn|7\n|\n|t:|1700087336\n|move|p2b: Roaring Moon|Acrobatics|p1b: Ogerpon\n|-supereffective|p1b: Ogerpon\n|-damage|p1b: Ogerpon|0 fnt\n|faint|p1b: Ogerpon\n|\n|win|w0rkj0\n|raw|Sword3033's rating: 1142 &rarr; <strong>1120<\/strong><br \/>(-22 for losing)\n|raw|w0rkj0's rating: 1179 &rarr; <strong>1201<\/strong><br \/>(+22 for winning)\n|l|\u2606Sword3033\n","uploadtime":1700087345,"views":10,"p1id":"sword3033","p2id":"w0rkj0","formatid":"gen9vgc2023regulatione","rating":1120,"private":0,"password":""}