{"id":"gen9vgc2023regulatione-1995157398","p1":"Venefici","p2":"s4ikyo","format":"[Gen 9] VGC 2023 Regulation E","log":"|j|\u2606Venefici\n|j|\u2606s4ikyo\n|t:|1700528985\n|gametype|doubles\n|player|p1|Venefici|hugh|1115\n|player|p2|s4ikyo|2|1127\n|teamsize|p1|6\n|teamsize|p2|6\n|gen|9\n|tier|[Gen 9] VGC 2023 Regulation E\n|rated|\n|rule|Species Clause: Limit one of each Pok\u00e9mon\n|rule|Item Clause: Limit one of each item\n|clearpoke\n|poke|p1|Volcarona, L50, F|\n|poke|p1|Rillaboom, L50, F|\n|poke|p1|Palafin, L50, F|\n|poke|p1|Roaring Moon, L50|\n|poke|p1|Iron Hands, L50|\n|poke|p1|Farigiraf, L50, M|\n|poke|p2|Indeedee-F, L50, F|\n|poke|p2|Sneasler, L50, M|\n|poke|p2|Armarouge, L50, F|\n|poke|p2|Tornadus, L50, M|\n|poke|p2|Flutter Mane, L50|\n|poke|p2|Chi-Yu, L50|\n|teampreview|4\n|inactive|Battle timer is ON: inactive players will automatically lose when time's up. (requested by Venefici)\n|inactive|Venefici has 60 seconds left.\n|\n|t:|1700529026\n|start\n|switch|p1a: Farigiraf|Farigiraf, L50, M|100\/100\n|switch|p1b: Volcarona|Volcarona, L50, F|100\/100\n|switch|p2a: Indeedee|Indeedee-F, L50, F|100\/100\n|switch|p2b: Sneasler|Sneasler, L50, M|100\/100\n|-fieldstart|move: Psychic Terrain|[from] ability: Psychic Surge|[of] p2a: Indeedee\n|-enditem|p2b: Sneasler|Psychic Seed\n|-boost|p2b: Sneasler|spd|1|[from] item: Psychic Seed\n|turn|1\n|inactive|Venefici has 30 seconds left.\n|inactive|s4ikyo has 30 seconds left.\n|\n|t:|1700529057\n|-terastallize|p2b: Sneasler|Flying\n|move|p2a: Indeedee|Follow Me|p2a: Indeedee\n|-singleturn|p2a: Indeedee|move: Follow Me\n|move|p2b: Sneasler|Acrobatics|p1b: Volcarona\n|-supereffective|p1b: Volcarona\n|-damage|p1b: Volcarona|0 fnt\n|faint|p1b: Volcarona\n|move|p1a: Farigiraf|Imprison|p1a: Farigiraf\n|-start|p1a: Farigiraf|move: Imprison\n|\n|upkeep\n|\n|t:|1700529072\n|switch|p1b: Iron Hands|Iron Hands, L50|100\/100\n|turn|2\n|\n|t:|1700529092\n|-terastallize|p1b: Iron Hands|Fairy\n|move|p2a: Indeedee|Follow Me|p2a: Indeedee\n|-singleturn|p2a: Indeedee|move: Follow Me\n|move|p2b: Sneasler|Acrobatics|p1b: Iron Hands\n|-damage|p1b: Iron Hands|54\/100\n|move|p1a: Farigiraf|Psychic|p2a: Indeedee\n|-resisted|p2a: Indeedee\n|-damage|p2a: Indeedee|78\/100\n|move|p1b: Iron Hands|Heavy Slam|p2a: Indeedee\n|-damage|p2a: Indeedee|36\/100\n|\n|upkeep\n|turn|3\n|\n|t:|1700529114\n|move|p2a: Indeedee|Helping Hand|p2b: Sneasler\n|-singleturn|p2b: Sneasler|Helping Hand|[of] p2a: Indeedee\n|move|p2b: Sneasler|Acrobatics|p1b: Iron Hands\n|-damage|p1b: Iron Hands|0 fnt\n|faint|p1b: Iron Hands\n|-end|p1b: Iron Hands|Quark Drive|[silent]\n|move|p1a: Farigiraf|Dazzling Gleam|p2a: Indeedee|[spread] p2a,p2b\n|-damage|p2a: Indeedee|20\/100\n|-damage|p2b: Sneasler|86\/100\n|-enditem|p2a: Indeedee|Aguav Berry|[eat]\n|-heal|p2a: Indeedee|54\/100|[from] item: Aguav Berry\n|\n|upkeep\n|\n|t:|1700529124\n|switch|p1b: Rillaboom|Rillaboom, L50, F|100\/100\n|-fieldstart|move: Grassy Terrain|[from] ability: Grassy Surge|[of] p1b: Rillaboom\n|turn|4\n|\n|t:|1700529133\n|move|p1b: Rillaboom|Fake Out|p2b: Sneasler\n|-damage|p2b: Sneasler|64\/100\n|move|p2a: Indeedee|Follow Me|p2a: Indeedee\n|-singleturn|p2a: Indeedee|move: Follow Me\n|cant|p2b: Sneasler|flinch\n|move|p1a: Farigiraf|Dazzling Gleam|p2b: Sneasler|[spread] p2a,p2b\n|-damage|p2a: Indeedee|37\/100\n|-damage|p2b: Sneasler|48\/100\n|\n|-heal|p2a: Indeedee|43\/100|[from] Grassy Terrain\n|upkeep\n|turn|5\n|\n|t:|1700529156\n|move|p2a: Indeedee|Follow Me|p2a: Indeedee\n|-singleturn|p2a: Indeedee|move: Follow Me\n|move|p1b: Rillaboom|Grassy Glide|p2a: Indeedee\n|-damage|p2a: Indeedee|13\/100\n|move|p2b: Sneasler|Acrobatics|p1b: Rillaboom\n|-supereffective|p1b: Rillaboom\n|-damage|p1b: Rillaboom|0 fnt\n|-damage|p2b: Sneasler|32\/100|[from] item: Rocky Helmet|[of] p1b: Rillaboom\n|faint|p1b: Rillaboom\n|move|p1a: Farigiraf|Dazzling Gleam|p2b: Sneasler|[spread] p2a,p2b\n|-damage|p2a: Indeedee|0 fnt\n|-damage|p2b: Sneasler|17\/100\n|faint|p2a: Indeedee\n|\n|upkeep\n|\n|t:|1700529164\n|switch|p2a: Tornadus|Tornadus, L50, M|100\/100\n|turn|6\n|c|\u2606s4ikyo|gg\n|inactive|Venefici has 30 seconds left.\n|\n|t:|1700529196\n|move|p2b: Sneasler|Acrobatics|p1a: Farigiraf\n|-damage|p1a: Farigiraf|40\/100\n|move|p2a: Tornadus|U-turn|p1a: Farigiraf\n|-supereffective|p1a: Farigiraf\n|-damage|p1a: Farigiraf|11\/100\n|\n|t:|1700529202\n|switch|p2a: Flutter Mane|Flutter Mane, L50|100\/100|[from] U-turn\n|move|p1a: Farigiraf|Psychic|p2b: Sneasler\n|-damage|p2b: Sneasler|0 fnt\n|faint|p2b: Sneasler\n|\n|-heal|p1a: Farigiraf|17\/100|[from] Grassy Terrain\n|upkeep\n|\n|t:|1700529203\n|switch|p2b: Tornadus|Tornadus, L50, M|100\/100\n|turn|7\n|\n|t:|1700529211\n|move|p2a: Flutter Mane|Moonblast|p1a: Farigiraf\n|-damage|p1a: Farigiraf|0 fnt\n|faint|p1a: Farigiraf\n|-damage|p2a: Flutter Mane|90\/100|[from] item: Life Orb\n|\n|win|s4ikyo\n|raw|Venefici's rating: 1115 &rarr; <strong>1091<\/strong><br \/>(-24 for losing)\n|raw|s4ikyo's rating: 1127 &rarr; <strong>1151<\/strong><br \/>(+24 for winning)\n|l|\u2606s4ikyo\n","uploadtime":1700529234,"views":3,"p1id":"venefici","p2id":"s4ikyo","formatid":"gen9vgc2023regulatione","rating":1091,"private":0,"password":""}