{"id":"gen9vgc2023regulatione-1996528635","p1":"E.E.E Guzma","p2":"luzonvgc","format":"[Gen 9] VGC 2023 Regulation E","log":"|j|\u2606E.E.E Guzma\n|j|\u2606luzonvgc\n|t:|1700690954\n|gametype|doubles\n|player|p1|E.E.E Guzma|guzma|1472\n|player|p2|luzonvgc|1|1576\n|teamsize|p1|6\n|teamsize|p2|6\n|gen|9\n|tier|[Gen 9] VGC 2023 Regulation E\n|rated|\n|rule|Species Clause: Limit one of each Pok\u00e9mon\n|rule|Item Clause: Limit one of each item\n|clearpoke\n|poke|p1|Ogerpon-Hearthflame, L50, F|\n|poke|p1|Urshifu-*, L50, M|\n|poke|p1|Tornadus, L50, M|\n|poke|p1|Landorus-Therian, L50, M|\n|poke|p1|Flutter Mane, L50|\n|poke|p1|Kingambit, L50, M|\n|poke|p2|Iron Hands, L50|\n|poke|p2|Landorus-Therian, L50, M|\n|poke|p2|Ogerpon-Cornerstone, L50, F|\n|poke|p2|Chi-Yu, L50|\n|poke|p2|Dusclops, L50, M|\n|poke|p2|Ursaluna-Bloodmoon, L50, M|\n|teampreview|4\n|inactive|Battle timer is ON: inactive players will automatically lose when time's up. (requested by E.E.E Guzma)\n|inactive|E.E.E Guzma has 60 seconds left.\n|\n|t:|1700691002\n|start\n|switch|p1a: Kingambit|Kingambit, L50, M, shiny|100\/100\n|switch|p1b: Ogerpon|Ogerpon-Hearthflame, L50, F|100\/100\n|switch|p2a: Ogerpon|Ogerpon-Cornerstone, L50, F|100\/100\n|switch|p2b: Dusclops|Dusclops, L50, M|100\/100\n|-ability|p1b: Ogerpon|Mold Breaker\n|-ability|p2b: Dusclops|Pressure\n|turn|1\n|\n|t:|1700691015\n|move|p2a: Ogerpon|Ivy Cudgel|p1b: Ogerpon|[anim] Ivy Cudgel Rock\n|-supereffective|p1b: Ogerpon\n|-damage|p1b: Ogerpon|0 fnt\n|faint|p1b: Ogerpon\n|move|p1a: Kingambit|Swords Dance|p1a: Kingambit\n|-boost|p1a: Kingambit|atk|2\n|move|p2b: Dusclops|Trick Room|p2b: Dusclops\n|-fieldstart|move: Trick Room|[of] p2b: Dusclops\n|\n|upkeep\n|\n|t:|1700691026\n|switch|p1b: Urshifu|Urshifu-Rapid-Strike, L50, M|100\/100\n|turn|2\n|\n|t:|1700691036\n|-terastallize|p1a: Kingambit|Dark\n|move|p1b: Urshifu|Protect|p1b: Urshifu\n|-singleturn|p1b: Urshifu|Protect\n|move|p2b: Dusclops|Will-O-Wisp|p1a: Kingambit\n|-status|p1a: Kingambit|brn\n|move|p1a: Kingambit|Kowtow Cleave|p2b: Dusclops\n|-supereffective|p2b: Dusclops\n|-damage|p2b: Dusclops|18\/100\n|move|p2a: Ogerpon|Power Whip|p1b: Urshifu\n|-activate|p1b: Urshifu|move: Protect\n|\n|-damage|p1a: Kingambit|95\/100 brn|[from] brn\n|upkeep\n|turn|3\n|inactive|luzonvgc has 30 seconds left.\n|\n|t:|1700691061\n|switch|p1b: Tornadus|Tornadus, L50, M|100\/100\n|move|p2b: Dusclops|Pain Split|p1b: Tornadus\n|-sethp|p1b: Tornadus|57\/100|[from] move: Pain Split|[silent]\n|-sethp|p2b: Dusclops|72\/100|[from] move: Pain Split\n|move|p1a: Kingambit|Kowtow Cleave|p2b: Dusclops\n|-supereffective|p2b: Dusclops\n|-damage|p2b: Dusclops|0 fnt\n|faint|p2b: Dusclops\n|move|p2a: Ogerpon|Power Whip|p1b: Tornadus\n|-resisted|p1b: Tornadus\n|-damage|p1b: Tornadus|17\/100\n|-enditem|p1b: Tornadus|Sitrus Berry|[eat]\n|-heal|p1b: Tornadus|42\/100|[from] item: Sitrus Berry\n|\n|-damage|p1a: Kingambit|89\/100 brn|[from] brn\n|upkeep\n|\n|t:|1700691071\n|switch|p2b: Ursaluna|Ursaluna-Bloodmoon, L50, M|100\/100\n|turn|4\n|\n|t:|1700691084\n|-terastallize|p2b: Ursaluna|Normal\n|move|p1a: Kingambit|Protect|p1a: Kingambit\n|-singleturn|p1a: Kingambit|Protect\n|move|p1b: Tornadus|Rain Dance|p1b: Tornadus\n|-weather|RainDance\n|move|p2b: Ursaluna|Hyper Voice|p1a: Kingambit|[spread] p1b\n|-activate|p1a: Kingambit|move: Protect\n|-damage|p1b: Tornadus|0 fnt\n|faint|p1b: Tornadus\n|-damage|p2b: Ursaluna|91\/100|[from] item: Life Orb\n|move|p2a: Ogerpon|Power Whip|p1a: Kingambit\n|-activate|p1a: Kingambit|move: Protect\n|\n|-weather|RainDance|[upkeep]\n|-damage|p1a: Kingambit|83\/100 brn|[from] brn\n|upkeep\n|\n|t:|1700691098\n|switch|p1b: Urshifu|Urshifu-Rapid-Strike, L50, M|100\/100\n|turn|5\n|\n|t:|1700691107\n|move|p2a: Ogerpon|Follow Me|p2a: Ogerpon\n|-singleturn|p2a: Ogerpon|move: Follow Me\n|move|p1a: Kingambit|Sucker Punch||[still]\n|-fail|p1a: Kingambit\n|move|p1b: Urshifu|Aqua Jet|p2a: Ogerpon\n|-damage|p2a: Ogerpon|57\/100\n|move|p2b: Ursaluna|Blood Moon|p1a: Kingambit\n|-damage|p1a: Kingambit|0 fnt\n|faint|p1a: Kingambit\n|-damage|p2b: Ursaluna|81\/100|[from] item: Life Orb\n|\n|-weather|RainDance|[upkeep]\n|-fieldend|move: Trick Room\n|upkeep\n|turn|6\n|\n|t:|1700691121\n|move|p2a: Ogerpon|Power Whip|p1b: Urshifu\n|-supereffective|p1b: Urshifu\n|-crit|p1b: Urshifu\n|-enditem|p1b: Urshifu|Focus Sash\n|-damage|p1b: Urshifu|1\/100\n|move|p1b: Urshifu|Close Combat|p2b: Ursaluna\n|-supereffective|p2b: Ursaluna\n|-damage|p2b: Ursaluna|0 fnt\n|-unboost|p1b: Urshifu|def|1\n|-unboost|p1b: Urshifu|spd|1\n|faint|p2b: Ursaluna\n|\n|-weather|RainDance|[upkeep]\n|upkeep\n|\n|t:|1700691129\n|switch|p2b: Landorus|Landorus-Therian, L50, M|100\/100\n|-ability|p2b: Landorus|Intimidate|boost\n|-unboost|p1b: Urshifu|atk|1\n|turn|7\n|-message|E.E.E Guzma forfeited.\n|\n|win|luzonvgc\n|raw|E.E.E Guzma's rating: 1472 &rarr; <strong>1458<\/strong><br \/>(-14 for losing)\n|raw|luzonvgc's rating: 1576 &rarr; <strong>1590<\/strong><br \/>(+14 for winning)\n|l|\u2606E.E.E Guzma\n","uploadtime":1700691162,"views":18,"p1id":"eeeguzma","p2id":"luzonvgc","formatid":"gen9vgc2023regulatione","rating":1458,"private":0,"password":""}