{"id":"gen9vgc2023regulatione-1995501801","p1":"tjoahy","p2":"seanisgoo","format":"[Gen 9] VGC 2023 Regulation E","log":"|j|\u2606tjoahy\n|j|\u2606seanisgoo\n|t:|1700577616\n|gametype|doubles\n|player|p1|tjoahy|mira|1104\n|player|p2|seanisgoo|pokemaniac|1149\n|teamsize|p1|6\n|teamsize|p2|6\n|gen|9\n|tier|[Gen 9] VGC 2023 Regulation E\n|rated|\n|rule|Species Clause: Limit one of each Pok\u00e9mon\n|rule|Item Clause: Limit one of each item\n|clearpoke\n|poke|p1|Sinistcha, L50|\n|poke|p1|Sneasler, L50, M|\n|poke|p1|Shiftry, L50, F|\n|poke|p1|Milotic, L50, M|\n|poke|p1|Typhlosion-Hisui, L50, M|\n|poke|p1|Tornadus, L50, M|\n|poke|p2|Urshifu-*, L50, F|\n|poke|p2|Farigiraf, L50, M|\n|poke|p2|Clefairy, L50, M|\n|poke|p2|Ursaluna-Bloodmoon, L50, M|\n|poke|p2|Flutter Mane, L50|\n|poke|p2|Roaring Moon, L50|\n|teampreview|4\n|\n|t:|1700577658\n|start\n|switch|p1a: Tornadus|Tornadus, L50, M|100\/100\n|switch|p1b: Shiftry|Shiftry, L50, F|100\/100\n|switch|p2a: Farigiraf|Farigiraf, L50, M|100\/100\n|switch|p2b: Clefairy|Clefairy, L50, M|100\/100\n|turn|1\n|\n|t:|1700577699\n|switch|p1a: Sinistcha|Sinistcha, L50|100\/100\n|move|p2b: Clefairy|Follow Me|p2b: Clefairy\n|-singleturn|p2b: Clefairy|move: Follow Me\n|move|p1b: Shiftry|Night Slash|p2b: Clefairy\n|-resisted|p2b: Clefairy\n|-crit|p2b: Clefairy\n|-damage|p2b: Clefairy|80\/100\n|move|p2a: Farigiraf|Trick Room|p2a: Farigiraf\n|-fieldstart|move: Trick Room|[of] p2a: Farigiraf\n|\n|upkeep\n|turn|2\n|\n|t:|1700577731\n|move|p2b: Clefairy|Helping Hand|p2a: Farigiraf\n|-singleturn|p2a: Farigiraf|Helping Hand|[of] p2b: Clefairy\n|move|p2a: Farigiraf|Dazzling Gleam|p1a: Sinistcha|[spread] p1a,p1b\n|-supereffective|p1b: Shiftry\n|-damage|p1a: Sinistcha|72\/100\n|-damage|p1b: Shiftry|7\/100\n|move|p1b: Shiftry|Leaf Blade|p2b: Clefairy\n|-damage|p2b: Clefairy|40\/100\n|move|p1a: Sinistcha|Trick Room|p1a: Sinistcha\n|-fieldend|move: Trick Room\n|\n|upkeep\n|turn|3\n|\n|t:|1700577760\n|switch|p1a: Tornadus|Tornadus, L50, M|100\/100\n|move|p2b: Clefairy|Follow Me|p2b: Clefairy\n|-singleturn|p2b: Clefairy|move: Follow Me\n|move|p1b: Shiftry|Leaf Blade|p2b: Clefairy\n|-damage|p2b: Clefairy|5\/100\n|move|p2a: Farigiraf|Trick Room|p2a: Farigiraf\n|-fieldstart|move: Trick Room|[of] p2a: Farigiraf\n|\n|upkeep\n|turn|4\n|\n|t:|1700577795\n|move|p2b: Clefairy|Helping Hand|p2a: Farigiraf\n|-singleturn|p2a: Farigiraf|Helping Hand|[of] p2b: Clefairy\n|move|p1b: Shiftry|Protect|p1b: Shiftry\n|-singleturn|p1b: Shiftry|Protect\n|move|p2a: Farigiraf|Dazzling Gleam|p1a: Tornadus|[spread] p1a\n|-activate|p1b: Shiftry|move: Protect\n|-damage|p1a: Tornadus|69\/100\n|move|p1a: Tornadus|Bleakwind Storm|p2b: Clefairy|[spread] p2a\n|-miss|p1a: Tornadus|p2b: Clefairy\n|-damage|p2a: Farigiraf|75\/100\n|\n|upkeep\n|turn|5\n|\n|t:|1700577814\n|move|p1b: Shiftry|Protect|p1b: Shiftry\n|-singleturn|p1b: Shiftry|Protect\n|move|p2b: Clefairy|Follow Me|p2b: Clefairy\n|-singleturn|p2b: Clefairy|move: Follow Me\n|move|p2a: Farigiraf|Dazzling Gleam|p1b: Shiftry|[spread] p1a\n|-activate|p1b: Shiftry|move: Protect\n|-crit|p1a: Tornadus\n|-damage|p1a: Tornadus|38\/100\n|move|p1a: Tornadus|Bleakwind Storm|p2b: Clefairy|[spread] p2a,p2b\n|-damage|p2a: Farigiraf|48\/100\n|-damage|p2b: Clefairy|0 fnt\n|-unboost|p2a: Farigiraf|spe|1\n|-enditem|p2a: Farigiraf|Sitrus Berry|[eat]\n|-heal|p2a: Farigiraf|73\/100|[from] item: Sitrus Berry\n|faint|p2b: Clefairy\n|\n|upkeep\n|\n|t:|1700577828\n|switch|p2b: Urshifu|Urshifu-Rapid-Strike, L50, F|100\/100\n|turn|6\n|\n|t:|1700577864\n|switch|p1a: Sinistcha|Sinistcha, L50|72\/100\n|-heal|p1b: Shiftry|31\/100|[from] ability: Hospitality|[of] p1a: Sinistcha\n|move|p2b: Urshifu|Aqua Jet|p1b: Shiftry\n|-resisted|p1b: Shiftry\n|-damage|p1b: Shiftry|12\/100\n|move|p2a: Farigiraf|Psyshock|p1a: Sinistcha\n|-damage|p1a: Sinistcha|37\/100\n|move|p1b: Shiftry|Night Slash|p2a: Farigiraf\n|-supereffective|p2a: Farigiraf\n|-crit|p2a: Farigiraf\n|-damage|p2a: Farigiraf|0 fnt\n|faint|p2a: Farigiraf\n|\n|upkeep\n|\n|t:|1700577877\n|switch|p2a: Flutter Mane|Flutter Mane, L50|100\/100\n|turn|7\n|\n|t:|1700577892\n|move|p1a: Sinistcha|Rage Powder|p1a: Sinistcha\n|-singleturn|p1a: Sinistcha|move: Rage Powder\n|move|p2b: Urshifu|Drain Punch|p1a: Sinistcha\n|-immune|p1a: Sinistcha\n|move|p1b: Shiftry|Leaf Blade|p2b: Urshifu\n|-supereffective|p2b: Urshifu\n|-damage|p2b: Urshifu|22\/100\n|move|p2a: Flutter Mane|Shadow Ball|p1a: Sinistcha\n|-supereffective|p1a: Sinistcha\n|-damage|p1a: Sinistcha|0 fnt\n|faint|p1a: Sinistcha\n|\n|-fieldend|move: Trick Room\n|upkeep\n|\n|t:|1700577904\n|switch|p1a: Tornadus|Tornadus, L50, M|38\/100\n|turn|8\n|\n|t:|1700577915\n|move|p1a: Tornadus|Tailwind|p1a: Tornadus\n|-sidestart|p1: tjoahy|move: Tailwind\n|-ability|p1b: Shiftry|Wind Rider|boost\n|-boost|p1b: Shiftry|atk|1\n|move|p1b: Shiftry|Sucker Punch|p2b: Urshifu\n|-resisted|p2b: Urshifu\n|-damage|p2b: Urshifu|0 fnt\n|faint|p2b: Urshifu\n|move|p2a: Flutter Mane|Dazzling Gleam|p1a: Tornadus|[spread] p1a,p1b\n|-supereffective|p1b: Shiftry\n|-damage|p1a: Tornadus|0 fnt\n|-damage|p1b: Shiftry|0 fnt\n|faint|p1a: Tornadus\n|faint|p1b: Shiftry\n|\n|upkeep\n|\n|t:|1700577927\n|switch|p1b: Typhlosion|Typhlosion-Hisui, L50, M|100\/100\n|-item|p2a: Flutter Mane|Focus Sash|[from] ability: Frisk|[of] p1b: Typhlosion|[identify]\n|turn|9\n|\n|t:|1700577940\n|-terastallize|p1b: Typhlosion|Fire\n|move|p1b: Typhlosion|Eruption|p2a: Flutter Mane\n|-enditem|p2a: Flutter Mane|Focus Sash\n|-damage|p2a: Flutter Mane|1\/100\n|move|p2a: Flutter Mane|Shadow Ball|p1b: Typhlosion\n|-damage|p1b: Typhlosion|39\/100\n|\n|upkeep\n|turn|10\n|-message|seanisgoo forfeited.\n|\n|win|tjoahy\n|raw|tjoahy's rating: 1104 &rarr; <strong>1132<\/strong><br \/>(+28 for winning)\n|raw|seanisgoo's rating: 1149 &rarr; <strong>1121<\/strong><br \/>(-28 for losing)\n|l|\u2606seanisgoo\n","uploadtime":1700577983,"views":4,"p1id":"tjoahy","p2id":"seanisgoo","formatid":"gen9vgc2023regulatione","rating":1121,"private":0,"password":""}