{"id":"gen9vgc2023regulatione-1993528581","p1":"Conchoboar3","p2":"TatsuMushi","format":"[Gen 9] VGC 2023 Regulation E","log":"|j|\u2606Conchoboar3\n|j|\u2606TatsuMushi\n|t:|1700328360\n|gametype|doubles\n|player|p1|Conchoboar3|169|1314\n|player|p2|TatsuMushi|bugcatcher-gen4dp|1327\n|teamsize|p1|6\n|teamsize|p2|6\n|gen|9\n|tier|[Gen 9] VGC 2023 Regulation E\n|rated|\n|rule|Species Clause: Limit one of each Pok\u00e9mon\n|rule|Item Clause: Limit one of each item\n|clearpoke\n|poke|p1|Mamoswine, L50, M|\n|poke|p1|Iron Hands, L50|\n|poke|p1|Grimmsnarl, L50, M|\n|poke|p1|Flutter Mane, L50|\n|poke|p1|Sinistcha, L50|\n|poke|p1|Arcanine-Hisui, L50, M|\n|poke|p2|Dachsbun, L50, F|\n|poke|p2|Torkoal, L50, M|\n|poke|p2|Thundurus, L50, M|\n|poke|p2|Wo-Chien, L50|\n|poke|p2|Landorus-Therian, L50, M|\n|poke|p2|Iron Hands, L50|\n|teampreview|4\n|inactive|Battle timer is ON: inactive players will automatically lose when time's up. (requested by TatsuMushi)\n|inactive|TatsuMushi has 60 seconds left.\n|\n|t:|1700328413\n|start\n|switch|p1a: Mamoswine|Mamoswine, L50, M|100\/100\n|switch|p1b: Komanoto|Arcanine-Hisui, L50, M|100\/100\n|switch|p2a: Torkoal|Torkoal, L50, M|100\/100\n|switch|p2b: Landorus|Landorus-Therian, L50, M|100\/100\n|-ability|p2b: Landorus|Intimidate|boost\n|-fail|p1a: Mamoswine|unboost|Attack|[from] ability: Oblivious|[of] p1a: Mamoswine\n|-unboost|p1b: Komanoto|atk|1\n|-ability|p1b: Komanoto|Intimidate|boost\n|-unboost|p2a: Torkoal|atk|1\n|-unboost|p2b: Landorus|atk|1\n|-weather|SunnyDay|[from] ability: Drought|[of] p2a: Torkoal\n|turn|1\n|\n|t:|1700328428\n|-terastallize|p1a: Mamoswine|Dragon\n|move|p1a: Mamoswine|Ice Shard|p2b: Landorus\n|-supereffective|p2b: Landorus\n|-damage|p2b: Landorus|0 fnt\n|faint|p2b: Landorus\n|move|p1b: Komanoto|Howl|p1b: Komanoto|[spread] p1a,p1b\n|-boost|p1a: Mamoswine|atk|1\n|-boost|p1b: Komanoto|atk|1\n|move|p2a: Torkoal|Lava Plume|p1a: Mamoswine|[spread] p1a,p1b\n|-resisted|p1a: Mamoswine\n|-crit|p1a: Mamoswine\n|-resisted|p1b: Komanoto\n|-damage|p1a: Mamoswine|64\/100\n|-damage|p1b: Komanoto|91\/100\n|\n|-weather|SunnyDay|[upkeep]\n|upkeep\n|\n|t:|1700328443\n|switch|p2b: Maggie May|Dachsbun, L50, F|100\/100\n|turn|2\n|\n|t:|1700328450\n|move|p2b: Maggie May|Play Rough|p1a: Mamoswine\n|-supereffective|p1a: Mamoswine\n|-damage|p1a: Mamoswine|10\/100\n|move|p1b: Komanoto|Howl|p1b: Komanoto|[spread] p1a,p1b\n|-boost|p1a: Mamoswine|atk|1\n|-boost|p1b: Komanoto|atk|1\n|move|p1a: Mamoswine|High Horsepower|p2a: Torkoal\n|-supereffective|p2a: Torkoal\n|-damage|p2a: Torkoal|0 fnt\n|faint|p2a: Torkoal\n|\n|-weather|SunnyDay|[upkeep]\n|upkeep\n|\n|t:|1700328461\n|switch|p2a: Iron Hands|Iron Hands, L50|100\/100\n|turn|3\n|\n|t:|1700328471\n|move|p1a: Mamoswine|Protect|p1a: Mamoswine\n|-singleturn|p1a: Mamoswine|Protect\n|move|p2a: Iron Hands|Fake Out|p1a: Mamoswine\n|-activate|p1a: Mamoswine|move: Protect\n|move|p2b: Maggie May|Body Press|p1b: Komanoto\n|-supereffective|p1b: Komanoto\n|-damage|p1b: Komanoto|54\/100\n|move|p1b: Komanoto|Howl|p1b: Komanoto|[spread] p1a,p1b\n|-boost|p1a: Mamoswine|atk|1\n|-boost|p1b: Komanoto|atk|1\n|\n|-weather|SunnyDay|[upkeep]\n|upkeep\n|turn|4\n|\n|t:|1700328491\n|move|p1a: Mamoswine|Ice Shard|p2b: Maggie May\n|-damage|p2b: Maggie May|29\/100\n|move|p2b: Maggie May|Yawn|p1b: Komanoto\n|-start|p1b: Komanoto|move: Yawn|[of] p2b: Maggie May\n|move|p1b: Komanoto|Flare Blitz|p2a: Iron Hands\n|-damage|p2a: Iron Hands|0 fnt\n|faint|p2a: Iron Hands\n|-end|p2a: Iron Hands|Quark Drive|[silent]\n|-damage|p1b: Komanoto|13\/100|[from] Recoil\n|\n|-weather|SunnyDay|[upkeep]\n|-heal|p2b: Maggie May|35\/100|[from] item: Leftovers\n|upkeep\n|turn|5\n|-message|TatsuMushi forfeited.\n|\n|win|Conchoboar3\n|raw|Conchoboar3's rating: 1314 &rarr; <strong>1335<\/strong><br \/>(+21 for winning)\n|raw|TatsuMushi's rating: 1327 &rarr; <strong>1306<\/strong><br \/>(-21 for losing)\n","uploadtime":1700328515,"views":7,"p1id":"conchoboar3","p2id":"tatsumushi","formatid":"gen9vgc2023regulatione","rating":1306,"private":0,"password":""}