{"id":"gen9vgc2023regulatione-1998608604","p1":"PsychoR&R","p2":"TheAgatiSniper","format":"[Gen 9] VGC 2023 Regulation E","log":"|j|\u2606PsychoR&R\n|j|\u2606TheAgatiSniper\n|t:|1700962427\n|gametype|doubles\n|player|p1|PsychoR&R|170|1532\n|player|p2|TheAgatiSniper|rosa|1513\n|teamsize|p1|6\n|teamsize|p2|6\n|gen|9\n|tier|[Gen 9] VGC 2023 Regulation E\n|rated|\n|rule|Species Clause: Limit one of each Pok\u00e9mon\n|rule|Item Clause: Limit one of each item\n|clearpoke\n|poke|p1|Roaring Moon, L50|\n|poke|p1|Weezing, L50, F|\n|poke|p1|Landorus-Therian, L50, M|\n|poke|p1|Iron Hands, L50|\n|poke|p1|Flutter Mane, L50|\n|poke|p1|Ogerpon-Wellspring, L50, F|\n|poke|p2|Arcanine-Hisui, L50, F|\n|poke|p2|Tornadus, L50, M|\n|poke|p2|Regidrago, L50|\n|poke|p2|Rillaboom, L50, M|\n|poke|p2|Gholdengo, L50|\n|poke|p2|Urshifu-*, L50, F|\n|teampreview|4\nPsychoR&R has agreed to open team sheets.\nTheAgatiSniper has agreed to open team sheets.\n|inactive|Battle timer is ON: inactive players will automatically lose when time's up. (requested by TheAgatiSniper)\n|inactive|TheAgatiSniper has 60 seconds left.\n|inactive|TheAgatiSniper has 30 seconds left.\n|inactive|TheAgatiSniper has 20 seconds left.\n|inactive|TheAgatiSniper has 15 seconds left.\n|inactive|TheAgatiSniper has 10 seconds left.\n|\n|t:|1700962521\n|start\n|switch|p1a: Roaring Moon|Roaring Moon, L50|100\/100\n|switch|p1b: Weezing|Weezing, L50, F|100\/100\n|switch|p2a: Howlite|Tornadus, L50, M|100\/100\n|switch|p2b: Cinnabar|Arcanine-Hisui, L50, F|100\/100\n|-ability|p1b: Weezing|Neutralizing Gas\n|-enditem|p1a: Roaring Moon|Booster Energy\n|-activate|p1a: Roaring Moon|ability: Protosynthesis|[fromitem]\n|-start|p1a: Roaring Moon|protosynthesisspe\n|turn|1\n|inactive|TheAgatiSniper has 30 seconds left.\n|inactive|PsychoR&R has 30 seconds left.\n|inactive|TheAgatiSniper has 20 seconds left.\n|\n|t:|1700962565\n|-terastallize|p1a: Roaring Moon|Poison\n|move|p1a: Roaring Moon|Tailwind|p1a: Roaring Moon\n|-sidestart|p1: PsychoR&R|move: Tailwind\n|move|p1b: Weezing|Taunt|p2a: Howlite\n|-start|p2a: Howlite|move: Taunt\n|cant|p2a: Howlite|move: Taunt|Tailwind\n|move|p2b: Cinnabar|Rock Slide|p1a: Roaring Moon|[spread] p1b\n|-miss|p2b: Cinnabar|p1a: Roaring Moon\n|-crit|p1b: Weezing\n|-damage|p1b: Weezing|60\/100\n|\n|upkeep\n|turn|2\n|\n|t:|1700962587\n|move|p1a: Roaring Moon|Knock Off|p2b: Cinnabar\n|-damage|p2b: Cinnabar|48\/100\n|-enditem|p2b: Cinnabar|Assault Vest|[from] move: Knock Off|[of] p1a: Roaring Moon\n|move|p1b: Weezing|Will-O-Wisp|p2b: Cinnabar\n|-immune|p2b: Cinnabar\n|move|p2a: Howlite|Bleakwind Storm|p1b: Weezing|[spread] p1a,p1b\n|-damage|p1a: Roaring Moon|64\/100\n|-damage|p1b: Weezing|25\/100\n|-unboost|p1a: Roaring Moon|spe|1\n|-enditem|p1b: Weezing|Sitrus Berry|[eat]\n|-heal|p1b: Weezing|49\/100|[from] item: Sitrus Berry\n|move|p2b: Cinnabar|Rock Slide|p1b: Weezing|[spread] p1a,p1b\n|-damage|p1a: Roaring Moon|29\/100\n|-damage|p1b: Weezing|22\/100\n|\n|upkeep\n|turn|3\n|\n|t:|1700962607\n|move|p1b: Weezing|Protect|p1b: Weezing\n|-singleturn|p1b: Weezing|Protect\n|move|p2b: Cinnabar|Extreme Speed|p1a: Roaring Moon\n|-damage|p1a: Roaring Moon|0 fnt\n|faint|p1a: Roaring Moon\n|-end|p1a: Roaring Moon|Protosynthesis|[silent]\n|move|p2a: Howlite|Bleakwind Storm|p1b: Weezing\n|-activate|p1b: Weezing|move: Protect\n|\n|-end|p2a: Howlite|move: Taunt\n|upkeep\n|\n|t:|1700962617\n|switch|p1a: Iron Hands|Iron Hands, L50|100\/100\n|turn|4\n|\n|t:|1700962648\n|-end|p1a: Iron Hands|Quark Drive|[silent]\n|switch|p1a: Ogerpon|Ogerpon-Wellspring, L50, F|100\/100\n|switch|p2b: Amazonite|Rillaboom, L50, M|100\/100\n|move|p2a: Howlite|Protect|p2a: Howlite\n|-singleturn|p2a: Howlite|Protect\n|move|p1b: Weezing|Gunk Shot|p2b: Amazonite\n|-supereffective|p2b: Amazonite\n|-damage|p2b: Amazonite|33\/100\n|\n|-sideend|p1: PsychoR&R|move: Tailwind\n|upkeep\n|turn|5\n|inactive|PsychoR&R has 30 seconds left.\n|\n|t:|1700962677\n|-terastallize|p2b: Amazonite|Grass\n|move|p2a: Howlite|Bleakwind Storm|p1a: Ogerpon|[spread] p1a,p1b\n|-supereffective|p1a: Ogerpon\n|-damage|p1a: Ogerpon|22\/100\n|-damage|p1b: Weezing|0 fnt\n|-unboost|p1a: Ogerpon|spe|1\n|faint|p1b: Weezing\n|-end|p1b: Weezing|ability: Neutralizing Gas\n|-fieldstart|move: Grassy Terrain|[from] ability: Grassy Surge|[of] p2b: Amazonite\n|move|p2b: Amazonite|Grassy Glide|p1a: Ogerpon\n|-damage|p1a: Ogerpon|0 fnt\n|faint|p1a: Ogerpon\n|\n|-heal|p2b: Amazonite|39\/100|[from] Grassy Terrain\n|upkeep\n|-message|PsychoR&R forfeited.\n|\n|win|TheAgatiSniper\n|raw|PsychoR&amp;R's rating: 1532 &rarr; <strong>1511<\/strong><br \/>(-21 for losing)\n|raw|TheAgatiSniper's rating: 1513 &rarr; <strong>1534<\/strong><br \/>(+21 for winning)\n|l|\u2606PsychoR&R\n","uploadtime":1700962695,"views":7,"p1id":"psychorr","p2id":"theagatisniper","formatid":"gen9vgc2023regulatione","rating":1511,"private":0,"password":""}