{"id":"gen9vgc2023regulatione-1988139114","p1":"LasermanZ11","p2":"KingOfGreed64","format":"[Gen 9] VGC 2023 Regulation E","log":"|j|\u2606LasermanZ11\n|j|\u2606KingOfGreed64\n|n|\u2606LasermanZ11|lasermanz11\n|n|\u2606KingOfGreed64|kingofgreed64\n|html|View the match progress at <a href=\"\/game-bestof3-gen9vgc2023regulatione-1988135910\">game-bestof3-gen9vgc2023regulatione-1988135910<\/a>\n|t:|1699674487\n|gametype|doubles\n|player|p1|LasermanZ11|ash|\n|player|p2|KingOfGreed64|guzma|\n|teamsize|p1|6\n|teamsize|p2|6\n|gen|9\n|tier|[Gen 9] VGC 2023 Regulation E\n|rated|Tournament battle\n|rule|Species Clause: Limit one of each Pok\u00e9mon\n|rule|Item Clause: Limit one of each item\n|clearpoke\n|poke|p1|Mamoswine, L50, M|\n|poke|p1|Roaring Moon, L50|\n|poke|p1|Heatran, L50, M|\n|poke|p1|Flutter Mane, L50|\n|poke|p1|Rillaboom, L50, M|\n|poke|p1|Gyarados, L50, M|\n|poke|p2|Tropius, L50, M|\n|poke|p2|Torkoal, L50, F|\n|poke|p2|Grimmsnarl, L50, M|\n|poke|p2|Glimmora, L50, F|\n|poke|p2|Flutter Mane, L50|\n|poke|p2|Roaring Moon, L50|\n|teampreview|4\n|showteam|p1|Mamoswine||ExpertBelt|Oblivious|IceShard,HighHorsepower,IcicleCrash,Protect|||M|||50|,,,,,Dragon]Roaring Moon||BoosterEnergy|Protosynthesis|Acrobatics,KnockOff,Protect,Tailwind||||||50|,,,,,Flying]Heatran||LifeOrb|FlashFire|HeatWave,FlashCannon,EarthPower,Protect|||M|||50|,,,,,Fairy]Flutter Mane||ChoiceSpecs|Protosynthesis|ShadowBall,Moonblast,DazzlingGleam,Thunderbolt||||||50|,,,,,Fairy]Rillaboom||AssaultVest|GrassySurge|FakeOut,GrassyGlide,Uturn,DrumBeating|||M|||50|,,,,,Water]Gyarados||SafetyGoggles|Intimidate|Waterfall,Taunt,Protect,ThunderWave|||M|||50|,,,,,Steel\n|showteam|p2|Tropius||SitrusBerry|Harvest|Protect,Substitute,LeechSeed,AirCutter|||M|||50|,,,,,Fire]Torkoal||Leftovers|Drought|Protect,Eruption,EarthPower,Yawn|||F|||50|,,,,,Fire]Grimmsnarl||LightClay|Prankster|Reflect,LightScreen,SpiritBreak,PartingShot|||M|||50|,,,,,Ghost]Glimmora||AssaultVest|ToxicDebris|MortalSpin,PowerGem,EarthPower,Venoshock|||F|||50|,,,,,Flying]Flutter Mane||FocusSash|Protosynthesis|Protect,ShadowBall,Moonblast,DazzlingGleam||||||50|,,,,,Fairy]Roaring Moon||BoosterEnergy|Protosynthesis|Protect,Acrobatics,KnockOff,Tailwind||||||50|,,,,,Flying\n|\n|t:|1699674540\n|start\n|switch|p1a: Mamoswine|Mamoswine, L50, M|100\/100\n|switch|p1b: Gyarados|Gyarados, L50, M|100\/100\n|switch|p2a: moon|Roaring Moon, L50|100\/100\n|switch|p2b: a|Glimmora, L50, F|100\/100\n|-ability|p1b: Gyarados|Intimidate|boost\n|-unboost|p2a: moon|atk|1\n|-unboost|p2b: a|atk|1\n|-enditem|p2a: moon|Booster Energy\n|-activate|p2a: moon|ability: Protosynthesis|[fromitem]\n|-start|p2a: moon|protosynthesisspe\n|turn|1\n|\n|t:|1699674588\n|move|p2a: moon|Protect|p2a: moon\n|-singleturn|p2a: moon|Protect\n|move|p1a: Mamoswine|Protect|p1a: Mamoswine\n|-singleturn|p1a: Mamoswine|Protect\n|move|p2b: a|Power Gem|p1b: Gyarados\n|-supereffective|p1b: Gyarados\n|-damage|p1b: Gyarados|47\/100\n|move|p1b: Gyarados|Thunder Wave|p2b: a|[miss]\n|-miss|p1b: Gyarados|p2b: a\n|\n|upkeep\n|turn|2\n|\n|t:|1699674608\n|-end|p2a: moon|Protosynthesis|[silent]\n|switch|p2a: LA|Torkoal, L50, F, shiny|100\/100\n|-weather|SunnyDay|[from] ability: Drought|[of] p2a: LA\n|move|p1b: Gyarados|Protect|p1b: Gyarados\n|-singleturn|p1b: Gyarados|Protect\n|move|p2b: a|Power Gem|p1b: Gyarados\n|-activate|p1b: Gyarados|move: Protect\n|move|p1a: Mamoswine|High Horsepower|p2b: a\n|-supereffective|p2b: a\n|-damage|p2b: a|0 fnt\n|-activate|p2b: a|ability: Toxic Debris\n|-sidestart|p1: LasermanZ11|move: Toxic Spikes\n|faint|p2b: a\n|\n|-weather|SunnyDay|[upkeep]\n|upkeep\n|\n|t:|1699674614\n|switch|p2b: moon|Roaring Moon, L50|100\/100\n|-activate|p2b: moon|ability: Protosynthesis\n|-start|p2b: moon|protosynthesisatk\n|turn|3\n|\n|t:|1699674671\n|-terastallize|p1a: Mamoswine|Dragon\n|move|p2b: moon|Knock Off|p1b: Gyarados\n|-damage|p1b: Gyarados|0 fnt\n|-enditem|p1b: Gyarados|Safety Goggles|[from] move: Knock Off|[of] p2b: moon\n|faint|p1b: Gyarados\n|move|p1a: Mamoswine|Icicle Crash|p2b: moon|[miss]\n|-miss|p1a: Mamoswine|p2b: moon\n|move|p2a: LA|Eruption|p1a: Mamoswine\n|-resisted|p1a: Mamoswine\n|-damage|p1a: Mamoswine|50\/100\n|\n|-weather|SunnyDay|[upkeep]\n|upkeep\n|\n|t:|1699674685\n|switch|p1b: Heatran|Heatran, L50, M|100\/100\n|turn|4\n|\n|t:|1699674692\n|move|p2b: moon|Knock Off|p1a: Mamoswine\n|-damage|p1a: Mamoswine|0 fnt\n|-enditem|p1a: Mamoswine|Expert Belt|[from] move: Knock Off|[of] p2b: moon\n|faint|p1a: Mamoswine\n|move|p1b: Heatran|Earth Power|p2a: LA\n|-supereffective|p2a: LA\n|-damage|p2a: LA|15\/100\n|-damage|p1b: Heatran|91\/100|[from] item: Life Orb\n|move|p2a: LA|Earth Power|p1b: Heatran\n|-supereffective|p1b: Heatran\n|-damage|p1b: Heatran|28\/100\n|\n|-weather|SunnyDay|[upkeep]\n|-heal|p2a: LA|21\/100|[from] item: Leftovers\n|upkeep\n|\n|t:|1699674704\n|switch|p1a: Flutter Mane|Flutter Mane, L50|100\/100\n|-status|p1a: Flutter Mane|psn\n|-activate|p1a: Flutter Mane|ability: Protosynthesis\n|-start|p1a: Flutter Mane|protosynthesisspe\n|turn|5\n|\n|t:|1699674724\n|-terastallize|p2b: moon|Flying\n|move|p2a: LA|Protect|p2a: LA\n|-singleturn|p2a: LA|Protect\n|move|p1a: Flutter Mane|Moonblast|p2b: moon\n|-damage|p2b: moon|34\/100\n|move|p2b: moon|Acrobatics|p1a: Flutter Mane\n|-damage|p1a: Flutter Mane|0 fnt\n|faint|p1a: Flutter Mane\n|-end|p1a: Flutter Mane|Protosynthesis|[silent]\n|move|p1b: Heatran|Heat Wave|p2a: LA|[spread] p2b\n|-activate|p2a: LA|move: Protect\n|-damage|p2b: moon|0 fnt\n|faint|p2b: moon\n|-end|p2b: moon|Protosynthesis|[silent]\n|-damage|p1b: Heatran|18\/100|[from] item: Life Orb\n|\n|-weather|SunnyDay|[upkeep]\n|-heal|p2a: LA|28\/100|[from] item: Leftovers\n|upkeep\n|\n|t:|1699674737\n|switch|p2b: banana|Tropius, L50, M, shiny|100\/100\n|turn|6\n|\n|t:|1699674745\n|move|p2b: banana|Protect|p2b: banana\n|-singleturn|p2b: banana|Protect\n|move|p1b: Heatran|Heat Wave|p2b: banana|[spread] p2a\n|-activate|p2b: banana|move: Protect\n|-resisted|p2a: LA\n|-damage|p2a: LA|0 fnt\n|faint|p2a: LA\n|-damage|p1b: Heatran|8\/100|[from] item: Life Orb\n|\n|-weather|none\n|upkeep\n|turn|7\n|\n|t:|1699674765\n|move|p2b: banana|Protect||[still]\n|-fail|p2b: banana\n|move|p1b: Heatran|Heat Wave|p2b: banana|[miss]\n|-miss|p1b: Heatran|p2b: banana\n|\n|upkeep\n|turn|8\n|c|\u2606KingOfGreed64|lol\n|c|\u2606LasermanZ11|oh my god\n|\n|t:|1699674788\n|move|p1b: Heatran|Heat Wave|p2b: banana\n|-supereffective|p2b: banana\n|-damage|p2b: banana|0 fnt\n|faint|p2b: banana\n|-damage|p1b: Heatran|0 fnt|[from] item: Life Orb\n|faint|p1b: Heatran\n|\n|win|LasermanZ11\n|c|\u2606KingOfGreed64|gg\n|c|\u2606LasermanZ11|gg\n|l|\u2606KingOfGreed64\n","uploadtime":1699674801,"views":21,"p1id":"lasermanz11","p2id":"kingofgreed64","formatid":"gen9vgc2023regulatione","rating":0,"private":0,"password":""}