{"id":"gen9vgc2023regulatione-1998742068","p1":"Ryanfpokemon","p2":"GoodieTwoShoes","format":"[Gen 9] VGC 2023 Regulation E","log":"|j|\u2606Ryanfpokemon\n|j|\u2606GoodieTwoShoes\n|t:|1700981503\n|gametype|doubles\n|player|p1|Ryanfpokemon|1|1086\n|player|p2|GoodieTwoShoes|cynthia|1000\n|teamsize|p1|6\n|teamsize|p2|6\n|gen|9\n|tier|[Gen 9] VGC 2023 Regulation E\n|rated|\n|rule|Species Clause: Limit one of each Pok\u00e9mon\n|rule|Item Clause: Limit one of each item\n|clearpoke\n|poke|p1|Klefki, L50, M|\n|poke|p1|Braviary-Hisui, L50, M|\n|poke|p1|Brute Bonnet, L50|\n|poke|p1|Heatran, L50, F|\n|poke|p1|Breloom, L50, M|\n|poke|p1|Rillaboom, L50, F|\n|poke|p2|Amoonguss, L50, M|\n|poke|p2|Moltres-Galar, L50|\n|poke|p2|Politoed, L50, F|\n|poke|p2|Tornadus, L50, M|\n|poke|p2|Ogerpon-Wellspring, L50, F|\n|poke|p2|Landorus-Therian, L50, M|\n|teampreview|4\nGoodieTwoShoes has agreed to open team sheets.\nRyanfpokemon has agreed to open team sheets.\n|\n|t:|1700981537\n|start\n|switch|p1a: Klefki|Klefki, L50, M, shiny|100\/100\n|switch|p1b: Heatran|Heatran, L50, F, shiny|100\/100\n|switch|p2a: Tornadus|Tornadus, L50, M|100\/100\n|switch|p2b: Amoonguss|Amoonguss, L50, M|100\/100\n|turn|1\n|\n|t:|1700981560\n|move|p1b: Heatran|Protect|p1b: Heatran\n|-singleturn|p1b: Heatran|Protect\n|move|p2b: Amoonguss|Protect|p2b: Amoonguss\n|-singleturn|p2b: Amoonguss|Protect\n|move|p2a: Tornadus|Taunt|p1a: Klefki\n|-start|p1a: Klefki|move: Taunt\n|cant|p1a: Klefki|move: Taunt|Trick Room\n|\n|upkeep\n|turn|2\n|inactive|Battle timer is ON: inactive players will automatically lose when time's up. (requested by GoodieTwoShoes)\n|\n|t:|1700981578\n|switch|p2b: Landorus|Landorus-Therian, L50, M|100\/100\n|-ability|p2b: Landorus|Intimidate|boost\n|-unboost|p1a: Klefki|atk|1\n|-unboost|p1b: Heatran|atk|1\n|move|p2a: Tornadus|Tailwind|p2a: Tornadus\n|-sidestart|p2: GoodieTwoShoes|move: Tailwind\n|move|p1b: Heatran|Power Gem|p2a: Tornadus\n|-supereffective|p2a: Tornadus\n|-damage|p2a: Tornadus|51\/100\n|move|p1a: Klefki|Dazzling Gleam|p2b: Landorus|[spread] p2a,p2b\n|-damage|p2a: Tornadus|38\/100\n|-damage|p2b: Landorus|76\/100\n|\n|upkeep\n|turn|3\n|\n|t:|1700981595\n|move|p1b: Heatran|Protect|p1b: Heatran\n|-singleturn|p1b: Heatran|Protect\n|move|p2b: Landorus|Earthquake|p1b: Heatran|[spread] p1a\n|-activate|p1b: Heatran|move: Protect\n|-immune|p2a: Tornadus\n|-supereffective|p1a: Klefki\n|-damage|p1a: Klefki|33\/100\n|move|p2a: Tornadus|Bleakwind Storm|p1b: Heatran|[spread] \n|-activate|p1b: Heatran|move: Protect\n|-miss|p2a: Tornadus|p1a: Klefki\n|move|p1a: Klefki|Dazzling Gleam|p2b: Landorus|[spread] p2a,p2b\n|-damage|p2a: Tornadus|23\/100\n|-damage|p2b: Landorus|52\/100\n|\n|-end|p1a: Klefki|move: Taunt\n|upkeep\n|turn|4\n|inactive|Ryanfpokemon has 30 seconds left.\n|inactive|Ryanfpokemon has 20 seconds left.\n|inactive|Ryanfpokemon has 15 seconds left.\n|\n|t:|1700981639\n|switch|p1b: Breloom|Breloom, L50, M|100\/100\n|move|p2a: Tornadus|Taunt|p1a: Klefki\n|-start|p1a: Klefki|move: Taunt\n|cant|p1a: Klefki|move: Taunt|Reflect\n|move|p2b: Landorus|Earthquake|p1b: Breloom|[spread] p1a,p1b\n|-immune|p2a: Tornadus\n|-supereffective|p1a: Klefki\n|-resisted|p1b: Breloom\n|-damage|p1a: Klefki|0 fnt\n|-damage|p1b: Breloom|72\/100\n|faint|p1a: Klefki\n|\n|upkeep\n|\n|t:|1700981654\n|switch|p1a: Brute Bonnet|Brute Bonnet, L50, shiny|100\/100\n|-enditem|p1a: Brute Bonnet|Booster Energy\n|-activate|p1a: Brute Bonnet|ability: Protosynthesis|[fromitem]\n|-start|p1a: Brute Bonnet|protosynthesisatk\n|turn|5\n|inactive|Ryanfpokemon has 30 seconds left.\n|\n|t:|1700981688\n|switch|p2b: Amoonguss|Amoonguss, L50, M|100\/100\n|-terastallize|p1a: Brute Bonnet|Water\n|move|p2a: Tornadus|Bleakwind Storm|p1b: Breloom|[spread] p1a,p1b\n|-supereffective|p1b: Breloom\n|-damage|p1a: Brute Bonnet|75\/100\n|-damage|p1b: Breloom|0 fnt\n|-unboost|p1a: Brute Bonnet|spe|1\n|faint|p1b: Breloom\n|move|p1a: Brute Bonnet|Spore|p2b: Amoonguss\n|-immune|p2b: Amoonguss\n|\n|-sideend|p2: GoodieTwoShoes|move: Tailwind\n|upkeep\n|\n|t:|1700981695\n|switch|p1b: Heatran|Heatran, L50, F, shiny|100\/100\n|turn|6\n|\n|t:|1700981718\n|move|p2a: Tornadus|Tailwind|p2a: Tornadus\n|-sidestart|p2: GoodieTwoShoes|move: Tailwind\n|move|p2b: Amoonguss|Spore|p1a: Brute Bonnet\n|-status|p1a: Brute Bonnet|slp|[from] move: Spore\n|move|p1b: Heatran|Heat Wave|p2a: Tornadus|[spread] p2a,p2b\n|-supereffective|p2b: Amoonguss\n|-damage|p2a: Tornadus|0 fnt\n|-damage|p2b: Amoonguss|26\/100\n|faint|p2a: Tornadus\n|cant|p1a: Brute Bonnet|slp\n|\n|-heal|p2b: Amoonguss|32\/100|[from] item: Leftovers\n|upkeep\n|\n|t:|1700981727\n|switch|p2a: Landorus|Landorus-Therian, L50, M|52\/100\n|-ability|p2a: Landorus|Intimidate|boost\n|-unboost|p1a: Brute Bonnet|atk|1\n|-unboost|p1b: Heatran|atk|1\n|turn|7\n|\n|t:|1700981744\n|switch|p2b: Moltres|Moltres-Galar, L50|100\/100\n|move|p2a: Landorus|Earthquake|p1b: Heatran|[spread] p1a,p1b\n|-immune|p2b: Moltres\n|-supereffective|p1b: Heatran\n|-damage|p1a: Brute Bonnet|38\/100 slp\n|-damage|p1b: Heatran|0 fnt\n|faint|p1b: Heatran\n|cant|p1a: Brute Bonnet|slp\n|\n|upkeep\n|turn|8\n|\n|t:|1700981756\n|move|p2a: Landorus|Earthquake|p1a: Brute Bonnet|[spread] p1a\n|-immune|p2b: Moltres\n|-damage|p1a: Brute Bonnet|6\/100 slp\n|move|p2b: Moltres|Fiery Wrath|p1a: Brute Bonnet\n|-damage|p1a: Brute Bonnet|0 fnt\n|faint|p1a: Brute Bonnet\n|-end|p1a: Brute Bonnet|Protosynthesis|[silent]\n|\n|win|GoodieTwoShoes\n|raw|Ryanfpokemon's rating: 1086 &rarr; <strong>1058<\/strong><br \/>(-28 for losing)\n|raw|GoodieTwoShoes's rating: 1000 &rarr; <strong>1050<\/strong><br \/>(+50 for winning)\n|l|\u2606Ryanfpokemon\n|c|\u2606GoodieTwoShoes|gg\n","uploadtime":1700981784,"views":6,"p1id":"ryanfpokemon","p2id":"goodietwoshoes","formatid":"gen9vgc2023regulatione","rating":1050,"private":0,"password":""}