{"id":"gen9vgc2023regulatione-1989174228","p1":"Tuxmux","p2":"LackieLackey","format":"[Gen 9] VGC 2023 Regulation E","log":"|j|\u2606Tuxmux\n|j|\u2606LackieLackey\n|n|\u2606Tuxmux|tuxmux\n|n|\u2606LackieLackey|lackielackey\n|html|View the match progress at <a href=\"\/game-bestof3-gen9vgc2023regulatione-1989174227\">game-bestof3-gen9vgc2023regulatione-1989174227<\/a>\n|t:|1699820052\n|gametype|doubles\n|player|p1|Tuxmux|266|\n|player|p2|LackieLackey|102|\n|teamsize|p1|6\n|teamsize|p2|6\n|gen|9\n|tier|[Gen 9] VGC 2023 Regulation E\n|rule|Species Clause: Limit one of each Pok\u00e9mon\n|rule|Item Clause: Limit one of each item\n|clearpoke\n|poke|p1|Breloom, L50, F|\n|poke|p1|Furret, L50, F|\n|poke|p1|Maushold, L50|\n|poke|p1|Talonflame, L50, F|\n|poke|p1|Jolteon, L50, M|\n|poke|p1|Clefairy, L50, F|\n|poke|p2|Maushold-Four, L50|\n|poke|p2|Garchomp, L50, M|\n|poke|p2|Phantump, L50, F|\n|poke|p2|Volbeat, L50, M|\n|poke|p2|Lucario, L50, F|\n|poke|p2|Zangoose, L50, M|\n|teampreview|4\n|c|\u2606Tuxmux|yooooooooooo\n|c|\u2606Tuxmux|good luck\n|c|\u2606Tuxmux|dont have fun tho\n|c|\u2606LackieLackey|Gl fy\n|\n|t:|1699820158\n|start\n|switch|p1a: Breloom|Breloom, L50, F|100\/100\n|switch|p1b: Talonflame|Talonflame, L50, F|100\/100\n|switch|p2a: Maushold|Maushold-Four, L50|100\/100\n|switch|p2b: Garchomp|Garchomp, L50, M|100\/100\n|turn|1\n|\n|t:|1699820211\n|move|p2a: Maushold|Follow Me|p2a: Maushold\n|-singleturn|p2a: Maushold|move: Follow Me\n|move|p1b: Talonflame|Tailwind|p1b: Talonflame\n|-sidestart|p1: Tuxmux|move: Tailwind\n|move|p1a: Breloom|Spore|p2a: Maushold\n|-status|p2a: Maushold|slp|[from] move: Spore\n|move|p2b: Garchomp|Take Down|p1b: Talonflame\n|-damage|p1b: Talonflame|39\/100\n|-damage|p2b: Garchomp|89\/100|[from] Recoil\n|\n|-status|p2b: Garchomp|brn|[from] item: Flame Orb\n|upkeep\n|turn|2\n|\n|t:|1699820236\n|switch|p2a: Zangoose|Zangoose, L50, M|100\/100\n|move|p1a: Breloom|Spore|p2a: Zangoose\n|-status|p2a: Zangoose|slp|[from] move: Spore\n|move|p1b: Talonflame|Flare Blitz|p1a: Breloom\n|-supereffective|p1a: Breloom\n|-damage|p1a: Breloom|0 fnt\n|faint|p1a: Breloom\n|-damage|p1b: Talonflame|6\/100|[from] Recoil\n|-damage|p1b: Talonflame|0 fnt|[from] item: Life Orb\n|faint|p1b: Talonflame\n|move|p2b: Garchomp|Take Down|p2a: Zangoose|[miss]\n|-miss|p2b: Garchomp|p2a: Zangoose\n|\n|-damage|p2b: Garchomp|83\/100 brn|[from] brn\n|upkeep\n|\n|t:|1699820240\n|switch|p1b: Clefairy|Clefairy, L50, F|100\/100\n|switch|p1a: Maushold|Maushold, L50|100\/100\n|turn|3\n|\n|t:|1699820257\n|move|p1a: Maushold|Follow Me|p1a: Maushold\n|-singleturn|p1a: Maushold|move: Follow Me\n|move|p1b: Clefairy|Metronome|p1b: Clefairy\n|move|p1b: Clefairy|Tailwind||[from]move: Metronome|[still]\n|-fail|p1b: Clefairy\n|move|p2b: Garchomp|Sand Tomb|p1a: Maushold\n|-damage|p1a: Maushold|84\/100\n|-activate|p1a: Maushold|move: Sand Tomb|[of] p2b: Garchomp\n|cant|p2a: Zangoose|slp\n|\n|-damage|p2b: Garchomp|77\/100 brn|[from] brn\n|-damage|p1a: Maushold|72\/100|[from] move: Sand Tomb|[partiallytrapped]\n|upkeep\n|turn|4\n|c|\u2606Tuxmux|mfer i get tailwind\n|\n|t:|1699820272\n|-terastallize|p1a: Maushold|Normal\n|move|p1b: Clefairy|Follow Me|p1b: Clefairy\n|-singleturn|p1b: Clefairy|move: Follow Me\n|move|p1a: Maushold|Population Bomb|p1b: Clefairy\n|-damage|p1b: Clefairy|51\/100\n|-damage|p1b: Clefairy|0 fnt\n|faint|p1b: Clefairy\n|-hitcount|p1: Clefairy|2\n|move|p2b: Garchomp|Take Down|p1a: Maushold\n|-damage|p1a: Maushold|44\/100\n|-damage|p2b: Garchomp|72\/100 brn|[from] Recoil\n|cant|p2a: Zangoose|slp\n|\n|-damage|p2b: Garchomp|66\/100 brn|[from] brn\n|-damage|p1a: Maushold|32\/100|[from] move: Sand Tomb|[partiallytrapped]\n|-sideend|p1: Tuxmux|move: Tailwind\n|upkeep\n|turn|5\n|c|\u2606Tuxmux|HOLY SHIT I TWO HIT THAT CLEFAIRY\n|\n|t:|1699820298\n|switch|p2b: Volbeat|Volbeat, L50, M|100\/100\n|move|p1a: Maushold|Follow Me|p1a: Maushold\n|-singleturn|p1a: Maushold|move: Follow Me\n|-curestatus|p2a: Zangoose|slp|[msg]\n|move|p2a: Zangoose|Belly Drum|p2a: Zangoose\n|-damage|p2a: Zangoose|50\/100\n|-setboost|p2a: Zangoose|atk|6|[from] move: Belly Drum\n|\n|-damage|p2b: Volbeat|88\/100|[from] item: Black Sludge\n|-end|p1a: Maushold|Sand Tomb|[partiallytrapped]|[silent]\n|-status|p2a: Zangoose|tox|[from] item: Toxic Orb\n|upkeep\n|turn|6\n|\n|t:|1699820349\n|switch|p2b: Garchomp|Garchomp, L50, M|66\/100 brn\n|move|p1a: Maushold|Taunt|p2b: Garchomp\n|-start|p2b: Garchomp|move: Taunt\n|move|p2a: Zangoose|Facade|p2b: Garchomp\n|-damage|p2b: Garchomp|0 fnt\n|-damage|p2a: Zangoose|38\/100 tox|[from] ability: Rough Skin|[of] p2b: Garchomp\n|faint|p2b: Garchomp\n|\n|-damage|p2a: Zangoose|32\/100 tox|[from] psn\n|upkeep\n|\n|t:|1699820366\n|switch|p2b: Maushold|Maushold-Four, L50|100\/100 slp\n|turn|7\n|\n|t:|1699820382\n|move|p1a: Maushold|Follow Me|p1a: Maushold\n|-singleturn|p1a: Maushold|move: Follow Me\n|cant|p2b: Maushold|slp\n|move|p2a: Zangoose|Facade|p1a: Maushold\n|-damage|p1a: Maushold|0 fnt\n|faint|p1a: Maushold\n|\n|win|LackieLackey\n|c|\u2606Tuxmux|gg\n|c|&|\/uhtml prompt-tuxmux,Tuxmux is ready for game 2!\n|inactive|LackieLackey has 50 seconds to confirm battle start!\n|c|\u2606LackieLackey|Oh right\n|c|\u2606LackieLackey|folow me\n|c|&|\/uhtml prompt-lackielackey,LackieLackey is ready for game 2!\nBoth players are ready! Starting next match!\n|l|\u2606LackieLackey\n","uploadtime":1699820610,"views":36,"p1id":"tuxmux","p2id":"lackielackey","formatid":"gen9vgc2023regulatione","rating":0,"private":0,"password":""}