{"id":"gen9vgc2023regulatione-1991645054","p1":"sunnyFPS","p2":"Pranag140","format":"[Gen 9] VGC 2023 Regulation E","log":"|j|\u2606sunnyFPS\n|j|\u2606Pranag140\n|t:|1700097860\n|gametype|doubles\n|player|p1|sunnyFPS|winona|1162\n|player|p2|Pranag140|266|1078\n|teamsize|p1|6\n|teamsize|p2|6\n|gen|9\n|tier|[Gen 9] VGC 2023 Regulation E\n|rated|\n|rule|Species Clause: Limit one of each Pok\u00e9mon\n|rule|Item Clause: Limit one of each item\n|clearpoke\n|poke|p1|Ogerpon-Hearthflame, L50, F|\n|poke|p1|Flutter Mane, L50|\n|poke|p1|Landorus-Therian, L50, M|\n|poke|p1|Dragonite, L50, F|\n|poke|p1|Thundurus, L50, M|\n|poke|p1|Sinistcha-Masterpiece, L50|\n|poke|p2|Urshifu-*, L50, M|\n|poke|p2|Tornadus, L50, M|\n|poke|p2|Kingambit, L50, M|\n|poke|p2|Iron Hands, L50|\n|poke|p2|Flutter Mane, L50|\n|poke|p2|Arcanine-Hisui, L50, M|\n|teampreview|4\n|inactive|Battle timer is ON: inactive players will automatically lose when time's up. (requested by sunnyFPS)\n|\n|t:|1700097884\n|start\n|switch|p1a: Dragonite|Dragonite, L50, F|100\/100\n|switch|p1b: Thundurus|Thundurus, L50, M|100\/100\n|switch|p2a: Tornadus|Tornadus, L50, M|100\/100\n|switch|p2b: Urshifu|Urshifu-Rapid-Strike, L50, M|100\/100\n|turn|1\n|inactive|sunnyFPS has 30 seconds left.\n|inactive|Pranag140 has 30 seconds left.\n|\n|t:|1700097913\n|-terastallize|p2b: Urshifu|Water\n|move|p2a: Tornadus|Tailwind|p2a: Tornadus\n|-sidestart|p2: Pranag140|move: Tailwind\n|move|p2b: Urshifu|Surging Strikes|p1a: Dragonite\n|-resisted|p1a: Dragonite\n|-crit|p1a: Dragonite\n|-damage|p1a: Dragonite|92\/100\n|-resisted|p1a: Dragonite\n|-crit|p1a: Dragonite\n|-damage|p1a: Dragonite|73\/100\n|-resisted|p1a: Dragonite\n|-crit|p1a: Dragonite\n|-damage|p1a: Dragonite|54\/100\n|-hitcount|p1a: Dragonite|3\n|move|p1b: Thundurus|Wildbolt Storm|p2a: Tornadus|[spread] p2a,p2b\n|-supereffective|p2a: Tornadus\n|-supereffective|p2b: Urshifu\n|-damage|p2a: Tornadus|16\/100\n|-damage|p2b: Urshifu|0 fnt\n|faint|p2b: Urshifu\n|move|p1a: Dragonite|Outrage|p2a: Tornadus\n|-damage|p2a: Tornadus|0 fnt\n|faint|p2a: Tornadus\n|\n|upkeep\n|\n|t:|1700097931\n|switch|p2b: Arcanine|Arcanine-Hisui, L50, M|100\/100\n|switch|p2a: Kingambit|Kingambit, L50, M|100\/100\n|-ability|p2b: Arcanine|Intimidate|boost\n|-unboost|p1a: Dragonite|atk|1\n|-unboost|p1b: Thundurus|atk|1\n|turn|2\n|\n|t:|1700097947\n|move|p1b: Thundurus|Thunder Wave|p2a: Kingambit\n|-hint|Since gen 7, Dark is immune to Prankster moves.\n|-immune|p2a: Kingambit\n|move|p2a: Kingambit|Sucker Punch|p1a: Dragonite\n|-crit|p1a: Dragonite\n|-damage|p1a: Dragonite|0 fnt\n|faint|p1a: Dragonite\n|move|p2b: Arcanine|Rock Slide|p1b: Thundurus\n|-supereffective|p1b: Thundurus\n|-damage|p1b: Thundurus|0 fnt\n|faint|p1b: Thundurus\n|\n|upkeep\n|\n|t:|1700097959\n|switch|p1b: Sinistcha|Sinistcha-Masterpiece, L50|100\/100\n|switch|p1a: Flutter Mane|Flutter Mane, L50|100\/100\n|turn|3\n|\n|t:|1700097977\n|move|p1a: Flutter Mane|Protect|p1a: Flutter Mane\n|-singleturn|p1a: Flutter Mane|Protect\n|move|p2a: Kingambit|Protect|p2a: Kingambit\n|-singleturn|p2a: Kingambit|Protect\n|move|p2b: Arcanine|Rock Slide|p1a: Flutter Mane|[spread] p1b\n|-activate|p1a: Flutter Mane|move: Protect\n|-damage|p1b: Sinistcha|63\/100\n|cant|p1b: Sinistcha|flinch\n|\n|upkeep\n|turn|4\n|\n|t:|1700097991\n|move|p1a: Flutter Mane|Protect||[still]\n|-fail|p1a: Flutter Mane\n|move|p2a: Kingambit|Sucker Punch||[still]\n|-fail|p2a: Kingambit\n|move|p2b: Arcanine|Rock Slide|p1b: Sinistcha|[spread] p1a\n|-miss|p2b: Arcanine|p1b: Sinistcha\n|-damage|p1a: Flutter Mane|13\/100\n|move|p1b: Sinistcha|Scald|p2b: Arcanine\n|-supereffective|p2b: Arcanine\n|-damage|p2b: Arcanine|0 fnt\n|faint|p2b: Arcanine\n|\n|-sideend|p2: Pranag140|move: Tailwind\n|upkeep\n|turn|5\n|\n|t:|1700098016\n|-terastallize|p1b: Sinistcha|Fire\n|move|p1a: Flutter Mane|Protect|p1a: Flutter Mane\n|-singleturn|p1a: Flutter Mane|Protect\n|move|p2a: Kingambit|Sucker Punch||[still]\n|-fail|p2a: Kingambit\n|move|p1b: Sinistcha|Life Dew|p1b: Sinistcha|[spread] p1a,p1b\n|-heal|p1a: Flutter Mane|38\/100\n|-heal|p1b: Sinistcha|89\/100\n|\n|upkeep\n|turn|6\n|\n|t:|1700098029\n|move|p1a: Flutter Mane|Protect||[still]\n|-fail|p1a: Flutter Mane\n|move|p2a: Kingambit|Sucker Punch||[still]\n|-fail|p2a: Kingambit\n|move|p1b: Sinistcha|Scald|p2a: Kingambit\n|-damage|p2a: Kingambit|78\/100\n|\n|upkeep\n|turn|7\n|\n|t:|1700098041\n|move|p1a: Flutter Mane|Protect|p1a: Flutter Mane\n|-singleturn|p1a: Flutter Mane|Protect\n|move|p2a: Kingambit|Kowtow Cleave|p1b: Sinistcha\n|-damage|p1b: Sinistcha|36\/100\n|move|p1b: Sinistcha|Scald|p2a: Kingambit\n|-crit|p2a: Kingambit\n|-damage|p2a: Kingambit|47\/100\n|-status|p2a: Kingambit|brn\n|\n|-damage|p2a: Kingambit|41\/100 brn|[from] brn\n|upkeep\n|turn|8\n|\n|t:|1700098064\n|move|p1a: Flutter Mane|Shadow Ball|p2a: Kingambit\n|-resisted|p2a: Kingambit\n|-damage|p2a: Kingambit|18\/100 brn\n|move|p2a: Kingambit|Kowtow Cleave|p1a: Flutter Mane\n|-crit|p1a: Flutter Mane\n|-damage|p1a: Flutter Mane|0 fnt\n|faint|p1a: Flutter Mane\n|-end|p1a: Flutter Mane|Protosynthesis|[silent]\n|move|p1b: Sinistcha|Scald|p2a: Kingambit\n|-damage|p2a: Kingambit|0 fnt\n|faint|p2a: Kingambit\n|\n|win|sunnyFPS\n|raw|sunnyFPS's rating: 1162 &rarr; <strong>1181<\/strong><br \/>(+19 for winning)\n|raw|Pranag140's rating: 1078 &rarr; <strong>1061<\/strong><br \/>(-17 for losing)\n|l|\u2606Pranag140\n","uploadtime":1700098082,"views":34,"p1id":"sunnyfps","p2id":"pranag140","formatid":"gen9vgc2023regulatione","rating":1061,"private":0,"password":""}