{"id":"gen9vgc2023regulatione-1989410960","p1":"mjclay","p2":"TyL8","format":"[Gen 9] VGC 2023 Regulation E","log":"|j|\u2606mjclay\n|j|\u203dTyL8\n|t:|1699846745\n|gametype|doubles\n|player|p1|mjclay|170|1380\n|player|p2|TyL8|dawn|1369\n|teamsize|p1|6\n|teamsize|p2|6\n|gen|9\n|tier|[Gen 9] VGC 2023 Regulation E\n|rated|\n|rule|Species Clause: Limit one of each Pok\u00e9mon\n|rule|Item Clause: Limit one of each item\n|clearpoke\n|poke|p1|Garganacl, L50, M|\n|poke|p1|Clefairy, L50, F|\n|poke|p1|Sinistcha-Masterpiece, L50|\n|poke|p1|Torkoal, L50, F|\n|poke|p1|Armarouge, L50, F|\n|poke|p1|Hariyama, L50, M|\n|poke|p2|Ursaluna-Bloodmoon, L50, M|\n|poke|p2|Sylveon, L50, F|\n|poke|p2|Oranguru, L50, M|\n|poke|p2|Amoonguss, L50, M|\n|poke|p2|Landorus-Therian, L50, M|\n|poke|p2|Clefairy, L50, F|\n|teampreview|4\n|inactive|Battle timer is ON: inactive players will automatically lose when time's up. (requested by TyL8)\n|inactive|mjclay also wants the timer to be on.\n|inactive|mjclay has 60 seconds left.\n|\n|t:|1699846781\n|start\n|switch|p1a: Clefairy|Clefairy, L50, F|100\/100\n|switch|p1b: Sinistcha|Sinistcha-Masterpiece, L50|100\/100\n|switch|p2a: Oranguru|Oranguru, L50, M, shiny|100\/100\n|switch|p2b: Ursaluna|Ursaluna-Bloodmoon, L50, M|100\/100\n|turn|1\n|\n|t:|1699846805\n|move|p1b: Sinistcha|Nasty Plot|p1b: Sinistcha\n|-boost|p1b: Sinistcha|spa|2\n|move|p2b: Ursaluna|Calm Mind|p2b: Ursaluna\n|-boost|p2b: Ursaluna|spa|1\n|-boost|p2b: Ursaluna|spd|1\n|move|p1a: Clefairy|Encore||[still]\n|-fail|p1a: Clefairy\n|move|p2a: Oranguru|Trick Room|p2a: Oranguru\n|-fieldstart|move: Trick Room|[of] p2a: Oranguru\n|\n|upkeep\n|turn|2\n|\n|t:|1699846827\n|switch|p2a: Sylveon|Sylveon, L50, F, shiny|100\/100\n|-terastallize|p2b: Ursaluna|Dragon\n|move|p1a: Clefairy|Encore|p2b: Ursaluna\n|-start|p2b: Ursaluna|Encore\n|move|p2b: Ursaluna|Calm Mind|p2b: Ursaluna\n|-boost|p2b: Ursaluna|spa|1\n|-boost|p2b: Ursaluna|spd|1\n|move|p1b: Sinistcha|Matcha Gotcha|p2a: Sylveon|[spread] p2a,p2b\n|-resisted|p2b: Ursaluna\n|-damage|p2a: Sylveon|55\/100\n|-damage|p2b: Ursaluna|85\/100\n|\n|-heal|p2b: Ursaluna|91\/100|[from] item: Leftovers\n|upkeep\n|turn|3\n|inactive|mjclay has 30 seconds left.\n|\n|t:|1699846860\n|move|p1a: Clefairy|Healing Wish|p1a: Clefairy\n|faint|p1a: Clefairy\n|move|p2b: Ursaluna|Calm Mind|p2b: Ursaluna\n|-boost|p2b: Ursaluna|spa|1\n|-boost|p2b: Ursaluna|spd|1\n|move|p2a: Sylveon|Hyper Voice|p1b: Sinistcha\n|-damage|p1b: Sinistcha|42\/100\n|-enditem|p1b: Sinistcha|Sitrus Berry|[eat]\n|-heal|p1b: Sinistcha|66\/100|[from] item: Sitrus Berry\n|move|p1b: Sinistcha|Shadow Ball|p2a: Sylveon\n|-damage|p2a: Sylveon|0 fnt\n|faint|p2a: Sylveon\n|\n|-heal|p2b: Ursaluna|98\/100|[from] item: Leftovers\n|upkeep\n|inactive|TyL8 has 30 seconds left.\n|\n|t:|1699846892\n|switch|p1a: Armarouge|Armarouge, L50, F|100\/100\n|switch|p2a: Landorus|Landorus-Therian, L50, M|100\/100\n|-ability|p2a: Landorus|Intimidate|boost\n|-unboost|p1a: Armarouge|atk|1\n|-unboost|p1b: Sinistcha|atk|1\n|turn|4\n|inactive|mjclay has 30 seconds left.\n|\n|t:|1699846919\n|-terastallize|p1a: Armarouge|Grass\n|move|p2b: Ursaluna|Calm Mind|p2b: Ursaluna\n|-boost|p2b: Ursaluna|spa|1\n|-boost|p2b: Ursaluna|spd|1\n|move|p1b: Sinistcha|Matcha Gotcha|p2b: Ursaluna|[spread] p2a,p2b\n|-resisted|p2b: Ursaluna\n|-damage|p2a: Landorus|57\/100\n|-heal|p1b: Sinistcha|90\/100|[from] drain|[of] p2a: Landorus\n|-damage|p2b: Ursaluna|87\/100\n|-heal|p1b: Sinistcha|97\/100|[from] drain|[of] p2b: Ursaluna\n|move|p1a: Armarouge|Clear Smog|p2b: Ursaluna\n|-damage|p2b: Ursaluna|77\/100\n|-clearboost|p2b: Ursaluna\n|-damage|p1a: Armarouge|91\/100|[from] item: Life Orb\n|move|p2a: Landorus|Stomping Tantrum|p1a: Armarouge\n|-resisted|p1a: Armarouge\n|-damage|p1a: Armarouge|70\/100\n|\n|-heal|p2b: Ursaluna|84\/100|[from] item: Leftovers\n|-end|p2b: Ursaluna|Encore\n|upkeep\n|turn|5\n|j| PcistaMasterRace\n|inactive|mjclay has 30 seconds left.\n|\n|t:|1699846944\n|move|p2b: Ursaluna|Hyper Voice|p1b: Sinistcha|[spread] p1a,p1b\n|-damage|p1a: Armarouge|32\/100\n|-damage|p1b: Sinistcha|64\/100\n|move|p1b: Sinistcha|Shadow Ball|p2b: Ursaluna\n|-damage|p2b: Ursaluna|6\/100\n|move|p1a: Armarouge|Psyshock|p2b: Ursaluna\n|-damage|p2b: Ursaluna|0 fnt\n|faint|p2b: Ursaluna\n|-damage|p1a: Armarouge|22\/100|[from] item: Life Orb\n|move|p2a: Landorus|U-turn|p1a: Armarouge\n|-supereffective|p1a: Armarouge\n|-damage|p1a: Armarouge|0 fnt\n|faint|p1a: Armarouge\n|\n|t:|1699846957\n|switch|p2a: Oranguru|Oranguru, L50, M, shiny|100\/100|[from] U-turn\n|\n|-fieldend|move: Trick Room\n|upkeep\n|\n|t:|1699846966\n|switch|p1a: Torkoal|Torkoal, L50, F|100\/100\n|switch|p2b: Landorus|Landorus-Therian, L50, M|57\/100\n|-ability|p2b: Landorus|Intimidate|boost\n|-unboost|p1a: Torkoal|atk|1\n|-unboost|p1b: Sinistcha|atk|1\n|-weather|SunnyDay|[from] ability: Drought|[of] p1a: Torkoal\n|turn|6\n|\n|t:|1699846980\n|move|p1a: Torkoal|Protect|p1a: Torkoal\n|-singleturn|p1a: Torkoal|Protect\n|move|p2b: Landorus|Rock Slide|p1b: Sinistcha|[spread] p1b\n|-activate|p1a: Torkoal|move: Protect\n|-damage|p1b: Sinistcha|44\/100\n|move|p2a: Oranguru|Instruct|p2b: Landorus\n|-singleturn|p2b: Landorus|move: Instruct|[of] p2a: Oranguru\n|move|p2b: Landorus|Rock Slide|p1b: Sinistcha|[spread] p1b\n|-activate|p1a: Torkoal|move: Protect\n|-damage|p1b: Sinistcha|25\/100\n|move|p1b: Sinistcha|Trick Room|p1b: Sinistcha\n|-fieldstart|move: Trick Room|[of] p1b: Sinistcha\n|\n|-weather|SunnyDay|[upkeep]\n|upkeep\n|turn|7\n|\n|t:|1699847000\n|move|p1a: Torkoal|Eruption|p2b: Landorus|[spread] p2a,p2b\n|-damage|p2a: Oranguru|32\/100\n|-damage|p2b: Landorus|0 fnt\n|faint|p2b: Landorus\n|move|p2a: Oranguru|Instruct|p2: Landorus|[notarget]\n|-fail|p2a: Oranguru\n|move|p1b: Sinistcha|Matcha Gotcha|p2a: Oranguru\n|-damage|p2a: Oranguru|0 fnt\n|-heal|p1b: Sinistcha|42\/100|[from] drain|[of] p2a: Oranguru\n|faint|p2a: Oranguru\n|\n|win|mjclay\n|raw|mjclay's rating: 1380 &rarr; <strong>1399<\/strong><br \/>(+19 for winning)\n|raw|TyL8's rating: 1369 &rarr; <strong>1350<\/strong><br \/>(-19 for losing)\n|l|\u2606mjclay\n|l|\u203dTyL8\n","uploadtime":1699847137,"views":16,"p1id":"mjclay","p2id":"tyl8","formatid":"gen9vgc2023regulatione","rating":1350,"private":0,"password":""}