{"id":"gen9vgc2023regulatione-1988133947","p1":"BROKE1TH","p2":"NickC_VGC","format":"[Gen 9] VGC 2023 Regulation E","log":"|j|\u2606BROKE1TH\n|j|\u2606NickC_VGC\n|t:|1699673812\n|gametype|doubles\n|player|p1|BROKE1TH|unknown|1482\n|player|p2|NickC_VGC|169|1374\n|teamsize|p1|6\n|teamsize|p2|6\n|gen|9\n|tier|[Gen 9] VGC 2023 Regulation E\n|rated|\n|rule|Species Clause: Limit one of each Pok\u00e9mon\n|rule|Item Clause: Limit one of each item\n|clearpoke\n|poke|p1|Murkrow, L50, M|\n|poke|p1|Gholdengo, L50|\n|poke|p1|Urshifu-*, L50, M|\n|poke|p1|Iron Valiant, L50|\n|poke|p1|Sableye, L50, M|\n|poke|p1|Farigiraf, L50, M|\n|poke|p2|Landorus-Therian, L50, M|\n|poke|p2|Ogerpon-Wellspring, L50, F|\n|poke|p2|Farigiraf, L50, M|\n|poke|p2|Sylveon, L50, M|\n|poke|p2|Kommo-o, L50, F|\n|poke|p2|Volcarona, L50, M|\n|teampreview|4\n|inactive|Battle timer is ON: inactive players will automatically lose when time's up. (requested by BROKE1TH)\n|inactive|NickC_VGC has 60 seconds left.\n|\n|t:|1699673845\n|start\n|switch|p1a: Itachi|Murkrow, L50, M|100\/100\n|switch|p1b: The FED|Gholdengo, L50|100\/100\n|switch|p2a: Landorus|Landorus-Therian, L50, M|100\/100\n|switch|p2b: Volcarona|Volcarona, L50, M|100\/100\n|-ability|p2a: Landorus|Intimidate|boost\n|-unboost|p1a: Itachi|atk|1\n|-unboost|p1b: The FED|atk|1\n|turn|1\n|inactive|NickC_VGC has 30 seconds left.\n|inactive|NickC_VGC has 20 seconds left.\n|\n|t:|1699673880\n|-terastallize|p1b: The FED|Steel\n|move|p1a: Itachi|Tailwind|p1a: Itachi\n|-sidestart|p1: BROKE1TH|move: Tailwind\n|move|p1b: The FED|Make It Rain|p2a: Landorus|[spread] p2a,p2b\n|-resisted|p2b: Volcarona\n|-damage|p2a: Landorus|0 fnt\n|-damage|p2b: Volcarona|52\/100\n|-unboost|p1b: The FED|spa|1\n|faint|p2a: Landorus\n|move|p2b: Volcarona|Fiery Dance|p1b: The FED\n|-supereffective|p1b: The FED\n|-damage|p1b: The FED|0 fnt\n|faint|p1b: The FED\n|\n|upkeep\n|inactive|BROKE1TH has 30 seconds left.\n|\n|t:|1699673906\n|switch|p2a: Farigiraf|Farigiraf, L50, M|100\/100\n|switch|p1b: XJ-9|Iron Valiant, L50, shiny|100\/100\n|-enditem|p1b: XJ-9|Booster Energy\n|-activate|p1b: XJ-9|ability: Quark Drive|[fromitem]\n|-start|p1b: XJ-9|quarkdrivespe\n|turn|2\n|j| nextgene\n|\n|t:|1699673930\n|move|p1b: XJ-9|Spirit Break|p2a: Farigiraf\n|-damage|p2a: Farigiraf|58\/100\n|-unboost|p2a: Farigiraf|spa|1\n|-damage|p1b: XJ-9|84\/100|[from] item: Rocky Helmet|[of] p2a: Farigiraf\n|move|p1a: Itachi|Foul Play|p2a: Farigiraf\n|-supereffective|p2a: Farigiraf\n|-damage|p2a: Farigiraf|13\/100\n|-damage|p1a: Itachi|84\/100|[from] item: Rocky Helmet|[of] p2a: Farigiraf\n|move|p2b: Volcarona|Fiery Dance|p1b: XJ-9\n|-damage|p1b: XJ-9|0 fnt\n|faint|p1b: XJ-9\n|-end|p1b: XJ-9|Quark Drive|[silent]\n|move|p2a: Farigiraf|Trick Room|p2a: Farigiraf\n|-fieldstart|move: Trick Room|[of] p2a: Farigiraf\n|\n|upkeep\n|\n|t:|1699673940\n|switch|p1b: Phantom|Sableye, L50, M|100\/100\n|turn|3\n|\n|t:|1699673960\n|move|p2a: Farigiraf|Dazzling Gleam|p1a: Itachi|[spread] p1a,p1b\n|-supereffective|p1a: Itachi\n|-supereffective|p1b: Phantom\n|-enditem|p1b: Phantom|Roseli Berry|[eat]\n|-enditem|p1b: Phantom|Roseli Berry|[weaken]\n|-damage|p1a: Itachi|56\/100\n|-damage|p1b: Phantom|83\/100\n|move|p2b: Volcarona|Fiery Dance|p1a: Itachi\n|-damage|p1a: Itachi|9\/100\n|move|p1b: Phantom|Foul Play|p2a: Farigiraf\n|-supereffective|p2a: Farigiraf\n|-damage|p2a: Farigiraf|0 fnt\n|-damage|p1b: Phantom|67\/100|[from] item: Rocky Helmet|[of] p2a: Farigiraf\n|faint|p2a: Farigiraf\n|move|p1a: Itachi|Foul Play|p2b: Volcarona\n|-damage|p2b: Volcarona|32\/100\n|-enditem|p2b: Volcarona|Sitrus Berry|[eat]\n|-heal|p2b: Volcarona|57\/100|[from] item: Sitrus Berry\n|\n|upkeep\n|\n|t:|1699673976\n|switch|p2a: Ogerpon|Ogerpon-Wellspring, L50, F|100\/100\n|turn|4\n|\n|t:|1699673993\n|move|p1b: Phantom|Disable|p2b: Volcarona\n|-start|p2b: Volcarona|Disable|Fiery Dance\n|cant|p2b: Volcarona|Disable|Fiery Dance\n|move|p2a: Ogerpon|Wood Hammer|p1b: Phantom\n|-damage|p1b: Phantom|0 fnt\n|faint|p1b: Phantom\n|-damage|p2a: Ogerpon|82\/100|[from] Recoil\n|move|p1a: Itachi|Foul Play|p2a: Ogerpon\n|-damage|p2a: Ogerpon|24\/100\n|\n|-sideend|p1: BROKE1TH|move: Tailwind\n|upkeep\n|turn|5\n|\n|t:|1699674012\n|-terastallize|p2b: Volcarona|Grass\n|move|p1a: Itachi|Foul Play|p2b: Volcarona\n|-crit|p2b: Volcarona\n|-damage|p2b: Volcarona|27\/100\n|move|p2b: Volcarona|Giga Drain|p1a: Itachi\n|-resisted|p1a: Itachi\n|-damage|p1a: Itachi|0 fnt\n|-heal|p2b: Volcarona|30\/100|[from] drain|[of] p1a: Itachi\n|faint|p1a: Itachi\n|\n|win|NickC_VGC\n|raw|BROKE1TH's rating: 1494 &rarr; <strong>1467<\/strong><br \/>(-27 for losing)\n|raw|NickC_VGC's rating: 1374 &rarr; <strong>1401<\/strong><br \/>(+27 for winning)\n|c|\u2606NickC_VGC|gg\n","uploadtime":1699674024,"views":27,"p1id":"broke1th","p2id":"nickcvgc","formatid":"gen9vgc2023regulatione","rating":1401,"private":0,"password":""}