{"id":"gen9vgc2023regulatione-1999293715","p1":"mikn233","p2":"L10n Escanor","format":"[Gen 9] VGC 2023 Regulation E","log":"|j|\u2606mikn233\n|j|\u2606L10n Escanor\n|t:|1701056165\n|gametype|doubles\n|player|p1|mikn233|roxie|1334\n|player|p2|L10n Escanor|steven|1263\n|teamsize|p1|6\n|teamsize|p2|6\n|gen|9\n|tier|[Gen 9] VGC 2023 Regulation E\n|rated|\n|rule|Species Clause: Limit one of each Pok\u00e9mon\n|rule|Item Clause: Limit one of each item\n|clearpoke\n|poke|p1|Wo-Chien, L50|\n|poke|p1|Landorus-Therian, L50, M|\n|poke|p1|Heatran, L50, F|\n|poke|p1|Dragapult, L50, M|\n|poke|p1|Ogerpon-Wellspring, L50, F|\n|poke|p1|Flutter Mane, L50|\n|poke|p2|Flutter Mane, L50|\n|poke|p2|Iron Hands, L50|\n|poke|p2|Ogerpon-Hearthflame, L50, F|\n|poke|p2|Urshifu-*, L50, F|\n|poke|p2|Amoonguss, L50, F|\n|poke|p2|Tornadus, L50, M|\n|teampreview|4\nL10n Escanor has agreed to open team sheets.\n|\n|t:|1701056218\n|start\n|switch|p1a: Landorus|Landorus-Therian, L50, M|100\/100\n|switch|p1b: Dragapult|Dragapult, L50, M|100\/100\n|switch|p2a: Tornadus|Tornadus, L50, M|100\/100\n|switch|p2b: Flutter Mane|Flutter Mane, L50|100\/100\n|-ability|p1a: Landorus|Intimidate|boost\n|-unboost|p2a: Tornadus|atk|1\n|-unboost|p2b: Flutter Mane|atk|1\n|-enditem|p2b: Flutter Mane|Booster Energy\n|-activate|p2b: Flutter Mane|ability: Protosynthesis|[fromitem]\n|-start|p2b: Flutter Mane|protosynthesisspa\n|turn|1\n|\n|t:|1701056241\n|switch|p1a: Heatran|Heatran, L50, F|100\/100\n|-terastallize|p2b: Flutter Mane|Fairy\n|move|p1b: Dragapult|Protect|p1b: Dragapult\n|-singleturn|p1b: Dragapult|Protect\n|move|p2a: Tornadus|Tailwind|p2a: Tornadus\n|-sidestart|p2: L10n Escanor|move: Tailwind\n|move|p2b: Flutter Mane|Moonblast|p1a: Heatran\n|-resisted|p1a: Heatran\n|-damage|p1a: Heatran|81\/100\n|\n|upkeep\n|turn|2\n|\n|t:|1701056271\n|switch|p1b: Ogerpon|Ogerpon-Wellspring, L50, F|100\/100\n|move|p2a: Tornadus|Rain Dance|p2a: Tornadus\n|-weather|RainDance\n|move|p2b: Flutter Mane|Moonblast|p1b: Ogerpon\n|-damage|p1b: Ogerpon|11\/100\n|move|p1a: Heatran|Flash Cannon|p2b: Flutter Mane\n|-supereffective|p2b: Flutter Mane\n|-damage|p2b: Flutter Mane|0 fnt\n|faint|p2b: Flutter Mane\n|-end|p2b: Flutter Mane|Protosynthesis|[silent]\n|-damage|p1a: Heatran|72\/100|[from] item: Life Orb\n|\n|-weather|RainDance|[upkeep]\n|upkeep\n|\n|t:|1701056290\n|switch|p2b: Urshifu|Urshifu-Rapid-Strike, L50, F|100\/100\n|turn|3\n|\n|t:|1701056301\n|move|p1b: Ogerpon|Follow Me|p1b: Ogerpon\n|-singleturn|p1b: Ogerpon|move: Follow Me\n|move|p2a: Tornadus|Bleakwind Storm|p1b: Ogerpon|[spread] p1a,p1b\n|-resisted|p1a: Heatran\n|-supereffective|p1b: Ogerpon\n|-damage|p1a: Heatran|59\/100\n|-damage|p1b: Ogerpon|0 fnt\n|-unboost|p1a: Heatran|spe|1\n|faint|p1b: Ogerpon\n|move|p2b: Urshifu|Surging Strikes|p1a: Heatran\n|-supereffective|p1a: Heatran\n|-crit|p1a: Heatran\n|-damage|p1a: Heatran|0 fnt\n|faint|p1a: Heatran\n|-hitcount|p1: Heatran|1\n|\n|-weather|RainDance|[upkeep]\n|upkeep\n|\n|t:|1701056307\n|switch|p1b: Landorus|Landorus-Therian, L50, M|100\/100\n|switch|p1a: Dragapult|Dragapult, L50, M|100\/100\n|-ability|p1b: Landorus|Intimidate|boost\n|-unboost|p2a: Tornadus|atk|1\n|-unboost|p2b: Urshifu|atk|1\n|turn|4\n|\n|t:|1701056333\n|-terastallize|p1b: Landorus|Flying\n|move|p2a: Tornadus|Bleakwind Storm|p1a: Dragapult|[spread] p1a,p1b\n|-damage|p1a: Dragapult|61\/100\n|-damage|p1b: Landorus|66\/100\n|-unboost|p1a: Dragapult|spe|1\n|-unboost|p1b: Landorus|spe|1\n|move|p2b: Urshifu|Surging Strikes|p1b: Landorus\n|-crit|p1b: Landorus\n|-damage|p1b: Landorus|27\/100\n|-crit|p1b: Landorus\n|-damage|p1b: Landorus|0 fnt\n|faint|p1b: Landorus\n|-hitcount|p1: Landorus|2\n|move|p1a: Dragapult|Light Screen|p1a: Dragapult\n|-sidestart|p1: mikn233|move: Light Screen\n|\n|-weather|RainDance|[upkeep]\n|-sideend|p2: L10n Escanor|move: Tailwind\n|upkeep\n|turn|5\n|-message|mikn233 forfeited.\n|\n|win|L10n Escanor\n|raw|mikn233's rating: 1334 &rarr; <strong>1310<\/strong><br \/>(-24 for losing)\n|raw|L10n Escanor's rating: 1263 &rarr; <strong>1293<\/strong><br \/>(+30 for winning)\n|l|\u2606mikn233\n","uploadtime":1701056363,"views":4,"p1id":"mikn233","p2id":"l10nescanor","formatid":"gen9vgc2023regulatione","rating":1293,"private":0,"password":""}