{"id":"gen9vgc2023regulatione-1989366913","p1":"HO4Fun","p2":"M1guelEsh","format":"[Gen 9] VGC 2023 Regulation E","log":"|j|\u2606HO4Fun\n|j|\u2606M1guelEsh\n|t:|1699841406\n|gametype|doubles\n|player|p1|HO4Fun|silver|1290\n|player|p2|M1guelEsh|hilbert|1353\n|teamsize|p1|6\n|teamsize|p2|6\n|gen|9\n|tier|[Gen 9] VGC 2023 Regulation E\n|rated|\n|rule|Species Clause: Limit one of each Pok\u00e9mon\n|rule|Item Clause: Limit one of each item\n|clearpoke\n|poke|p1|Ninetales-Alola, L50, F|\n|poke|p1|Ursaluna-Bloodmoon, L50, M|\n|poke|p1|Urshifu-*, L50, M|\n|poke|p1|Kingambit, L50, M|\n|poke|p1|Farigiraf, L50, M|\n|poke|p1|Ogerpon-Wellspring, L50, F|\n|poke|p2|Amoonguss, L50, F|\n|poke|p2|Landorus-Therian, L50, M|\n|poke|p2|Flutter Mane, L50|\n|poke|p2|Iron Hands, L50|\n|poke|p2|Roaring Moon, L50|\n|poke|p2|Heatran, L50, M|\n|teampreview|4\nHO4Fun has agreed to open team sheets.\nM1guelEsh has agreed to open team sheets.\n|\n|t:|1699841464\n|start\n|switch|p1a: Farigiraf|Farigiraf, L50, M|100\/100\n|switch|p1b: Ogerpon|Ogerpon-Wellspring, L50, F|100\/100\n|switch|p2a: Amoonguss|Amoonguss, L50, F|100\/100\n|switch|p2b: Iron Hands|Iron Hands, L50|100\/100\n|turn|1\n|\n|t:|1699841501\n|-terastallize|p1a: Farigiraf|Grass\n|move|p1b: Ogerpon|Power Whip|p2b: Iron Hands\n|-damage|p2b: Iron Hands|59\/100\n|move|p2b: Iron Hands|Wild Charge|p1a: Farigiraf\n|-resisted|p1a: Farigiraf\n|-damage|p1a: Farigiraf|76\/100\n|-damage|p2b: Iron Hands|54\/100|[from] Recoil\n|move|p1a: Farigiraf|Psychic|p2b: Iron Hands\n|-supereffective|p2b: Iron Hands\n|-damage|p2b: Iron Hands|6\/100\n|-unboost|p2b: Iron Hands|spd|1\n|move|p2a: Amoonguss|Pollen Puff|p1a: Farigiraf\n|-supereffective|p1a: Farigiraf\n|-damage|p1a: Farigiraf|38\/100\n|-enditem|p1a: Farigiraf|Sitrus Berry|[eat]\n|-heal|p1a: Farigiraf|63\/100|[from] item: Sitrus Berry\n|\n|upkeep\n|turn|2\n|\n|t:|1699841548\n|-end|p2b: Iron Hands|Quark Drive|[silent]\n|switch|p2b: Roaring Moon|Roaring Moon, L50|100\/100\n|-enditem|p2b: Roaring Moon|Booster Energy\n|-activate|p2b: Roaring Moon|ability: Protosynthesis|[fromitem]\n|-start|p2b: Roaring Moon|protosynthesisatk\n|move|p1b: Ogerpon|Ivy Cudgel|p2b: Roaring Moon\n|-resisted|p2b: Roaring Moon\n|-damage|p2b: Roaring Moon|73\/100\n|move|p1a: Farigiraf|Psychic|p2a: Amoonguss\n|-supereffective|p2a: Amoonguss\n|-damage|p2a: Amoonguss|26\/100\n|move|p2a: Amoonguss|Pollen Puff|p2b: Roaring Moon\n|-heal|p2b: Roaring Moon|100\/100\n|\n|upkeep\n|turn|3\n|\n|t:|1699841601\n|switch|p2a: Landorus|Landorus-Therian, L50, M|100\/100\n|-ability|p2a: Landorus|Intimidate|boost\n|-unboost|p1a: Farigiraf|atk|1\n|-unboost|p1b: Ogerpon|atk|1\n|-terastallize|p2b: Roaring Moon|Flying\n|move|p1b: Ogerpon|Follow Me|p1b: Ogerpon\n|-singleturn|p1b: Ogerpon|move: Follow Me\n|move|p2b: Roaring Moon|Dragon Dance|p2b: Roaring Moon\n|-boost|p2b: Roaring Moon|atk|1\n|-boost|p2b: Roaring Moon|spe|1\n|move|p1a: Farigiraf|Psychic|p2a: Landorus\n|-damage|p2a: Landorus|46\/100\n|\n|upkeep\n|turn|4\n|\n|t:|1699841636\n|move|p1b: Ogerpon|Follow Me|p1b: Ogerpon\n|-singleturn|p1b: Ogerpon|move: Follow Me\n|move|p2b: Roaring Moon|Acrobatics|p1b: Ogerpon\n|-supereffective|p1b: Ogerpon\n|-damage|p1b: Ogerpon|0 fnt\n|faint|p1b: Ogerpon\n|move|p2a: Landorus|U-turn|p1a: Farigiraf\n|-supereffective|p1a: Farigiraf\n|-damage|p1a: Farigiraf|15\/100\n|\n|t:|1699841644\n|switch|p2a: Amoonguss|Amoonguss, L50, F|59\/100|[from] U-turn\n|move|p1a: Farigiraf|Trick Room|p1a: Farigiraf\n|-fieldstart|move: Trick Room|[of] p1a: Farigiraf\n|\n|upkeep\n|\n|t:|1699841660\n|switch|p1b: Urshifu|Urshifu-Rapid-Strike, L50, M|100\/100\n|turn|5\n|\n|t:|1699841689\n|move|p2a: Amoonguss|Pollen Puff|p1a: Farigiraf\n|-supereffective|p1a: Farigiraf\n|-damage|p1a: Farigiraf|0 fnt\n|faint|p1a: Farigiraf\n|move|p1b: Urshifu|Surging Strikes|p2b: Roaring Moon\n|-crit|p2b: Roaring Moon\n|-damage|p2b: Roaring Moon|74\/100\n|-crit|p2b: Roaring Moon\n|-damage|p2b: Roaring Moon|48\/100\n|-crit|p2b: Roaring Moon\n|-damage|p2b: Roaring Moon|26\/100\n|-hitcount|p2b: Roaring Moon|3\n|move|p2b: Roaring Moon|Acrobatics|p1b: Urshifu\n|-supereffective|p1b: Urshifu\n|-damage|p1b: Urshifu|0 fnt\n|faint|p1b: Urshifu\n|\n|upkeep\n|c|\u2606HO4Fun|GG\n|\n|t:|1699841702\n|switch|p1b: Ursaluna|Ursaluna-Bloodmoon, L50, M|100\/100\n|turn|6\n|\n|t:|1699841711\n|move|p2b: Roaring Moon|Protect|p2b: Roaring Moon\n|-singleturn|p2b: Roaring Moon|Protect\n|move|p2a: Amoonguss|Spore|p1b: Ursaluna\n|-status|p1b: Ursaluna|slp|[from] move: Spore\n|cant|p1b: Ursaluna|slp\n|\n|upkeep\n|turn|7\n|\n|t:|1699841722\n|move|p2a: Amoonguss|Pollen Puff|p2b: Roaring Moon\n|-heal|p2b: Roaring Moon|75\/100\n|-curestatus|p1b: Ursaluna|slp|[msg]\n|move|p1b: Ursaluna|Hyper Voice|p2b: Roaring Moon|[spread] p2a,p2b\n|-damage|p2a: Amoonguss|22\/100\n|-damage|p2b: Roaring Moon|45\/100\n|move|p2b: Roaring Moon|Acrobatics|p1b: Ursaluna\n|-damage|p1b: Ursaluna|1\/100\n|\n|upkeep\n|turn|8\n|-message|HO4Fun forfeited.\n|\n|win|M1guelEsh\n|raw|HO4Fun's rating: 1290 &rarr; <strong>1269<\/strong><br \/>(-21 for losing)\n|raw|M1guelEsh's rating: 1353 &rarr; <strong>1369<\/strong><br \/>(+16 for winning)\n|l|\u2606HO4Fun\n","uploadtime":1699841747,"views":13,"p1id":"ho4fun","p2id":"m1guelesh","formatid":"gen9vgc2023regulatione","rating":1269,"private":0,"password":""}