{"id":"gen9vgc2023regulatione-1994430076","p1":"donteatmagikarps","p2":"electricboogaloo12","format":"[Gen 9] VGC 2023 Regulation E","log":"|j|\u2606donteatmagikarps\n|j|\u203delectricboogaloo12\n|t:|1700443035\n|gametype|doubles\n|player|p1|donteatmagikarps|palmer|1291\n|player|p2|electricboogaloo12|cynthia|1374\n|teamsize|p1|6\n|teamsize|p2|6\n|gen|9\n|tier|[Gen 9] VGC 2023 Regulation E\n|rated|\n|rule|Species Clause: Limit one of each Pok\u00e9mon\n|rule|Item Clause: Limit one of each item\n|clearpoke\n|poke|p1|Tornadus, L50, M|\n|poke|p1|Spectrier, L50|\n|poke|p1|Sandy Shocks, L50|\n|poke|p1|Slither Wing, L50|\n|poke|p1|Ogerpon-Hearthflame, L50, F|\n|poke|p1|Baxcalibur, L50, M|\n|poke|p2|Gastrodon, L50, F|\n|poke|p2|Grimmsnarl, L50, M|\n|poke|p2|Articuno-Galar, L50|\n|poke|p2|Heatran, L50, M|\n|poke|p2|Kleavor, L50, M|\n|poke|p2|Ninetales-Alola, L50, F|\n|teampreview|4\n|inactive|Battle timer is ON: inactive players will automatically lose when time's up. (requested by electricboogaloo12)\n|inactive|donteatmagikarps has 60 seconds left.\n|inactive|electricboogaloo12 has 60 seconds left.\n|\n|t:|1700443085\n|start\n|switch|p1a: Nadus|Tornadus, L50, M, shiny|100\/100\n|switch|p1b: Yujiro|Ogerpon-Hearthflame, L50, F|100\/100\n|switch|p2a: Grimmsnarl|Grimmsnarl, L50, M|100\/100\n|switch|p2b: Articuno|Articuno-Galar, L50|100\/100\n|-ability|p1b: Yujiro|Mold Breaker\n|turn|1\n|inactive|donteatmagikarps has 30 seconds left.\n|\n|t:|1700443114\n|-terastallize|p1b: Yujiro|Fire\n|detailschange|p1b: Yujiro|Ogerpon-Hearthflame-Tera, L50, F, tera:Fire\n|-ability|p1b: Yujiro|Embody Aspect (Hearthflame)|boost\n|-boost|p1b: Yujiro|atk|1\n|move|p2a: Grimmsnarl|Fake Out|p1b: Yujiro\n|-damage|p1b: Yujiro|89\/100\n|move|p1a: Nadus|Taunt|p2b: Articuno\n|-start|p2b: Articuno|move: Taunt\n|-enditem|p2b: Articuno|Mental Herb\n|-end|p2b: Articuno|move: Taunt\n|cant|p1b: Yujiro|flinch\n|move|p2b: Articuno|Trick Room|p2b: Articuno\n|-fieldstart|move: Trick Room|[of] p2b: Articuno\n|\n|upkeep\n|turn|2\n|inactive|electricboogaloo12 has 30 seconds left.\n|inactive|electricboogaloo12 has 20 seconds left.\n|\n|t:|1700443149\n|-terastallize|p2b: Articuno|Ground\n|move|p2a: Grimmsnarl|Parting Shot|p1a: Nadus\n|-unboost|p1a: Nadus|atk|1\n|-unboost|p1a: Nadus|spa|1\n|\n|t:|1700443154\n|switch|p2a: Kleavor|Kleavor, L50, M|100\/100|[from] Parting Shot\n|move|p1a: Nadus|Sunny Day|p1a: Nadus\n|-weather|SunnyDay\n|move|p2b: Articuno|Tera Blast|p1b: Yujiro|[anim] Tera Blast Ground\n|-supereffective|p1b: Yujiro\n|-damage|p1b: Yujiro|0 fnt\n|faint|p1b: Yujiro\n|\n|-weather|SunnyDay|[upkeep]\n|upkeep\n|\n|t:|1700443167\n|switch|p1b: Slither Wing|Slither Wing, L50, shiny|100\/100\n|-activate|p1b: Slither Wing|ability: Protosynthesis\n|-start|p1b: Slither Wing|protosynthesisatk\n|turn|3\n|\n|t:|1700443176\n|move|p1b: Slither Wing|First Impression|p2b: Articuno\n|-damage|p2b: Articuno|28\/100\n|move|p1a: Nadus|Taunt|p2a: Kleavor\n|-start|p2a: Kleavor|move: Taunt\n|move|p2a: Kleavor|Stone Axe|p1a: Nadus\n|-supereffective|p1a: Nadus\n|-enditem|p1a: Nadus|Focus Sash\n|-damage|p1a: Nadus|1\/100\n|-sidestart|p1: donteatmagikarps|move: Stealth Rock\n|move|p2b: Articuno|Freezing Glare|p1b: Slither Wing\n|-supereffective|p1b: Slither Wing\n|-damage|p1b: Slither Wing|45\/100\n|\n|-weather|SunnyDay|[upkeep]\n|upkeep\n|turn|4\n|\n|t:|1700443196\n|-end|p1b: Slither Wing|Protosynthesis|[silent]\n|switch|p1b: Magneto|Sandy Shocks, L50, shiny|100\/100\n|-damage|p1b: Magneto|95\/100|[from] Stealth Rock\n|-activate|p1b: Magneto|ability: Protosynthesis\n|-start|p1b: Magneto|protosynthesisspa\n|move|p2a: Kleavor|Stone Axe|p1b: Magneto\n|-resisted|p1b: Magneto\n|-damage|p1b: Magneto|72\/100\n|move|p2b: Articuno|Freezing Glare|p1b: Magneto\n|-damage|p1b: Magneto|29\/100\n|move|p1a: Nadus|Bleakwind Storm|p2a: Kleavor|[spread] p2a,p2b\n|-damage|p2a: Kleavor|66\/100\n|-damage|p2b: Articuno|8\/100\n|-unboost|p2a: Kleavor|spe|1\n|\n|-weather|SunnyDay|[upkeep]\n|upkeep\n|turn|5\n|\n|t:|1700443219\n|move|p1b: Magneto|Protect|p1b: Magneto\n|-singleturn|p1b: Magneto|Protect\n|move|p2a: Kleavor|Stone Axe|p1a: Nadus\n|-supereffective|p1a: Nadus\n|-damage|p1a: Nadus|0 fnt\n|faint|p1a: Nadus\n|move|p2b: Articuno|Tera Blast|p1b: Magneto|[anim] Tera Blast Ground\n|-activate|p1b: Magneto|move: Protect\n|\n|-weather|SunnyDay|[upkeep]\n|-end|p2a: Kleavor|move: Taunt\n|-fieldend|move: Trick Room\n|upkeep\n|\n|t:|1700443231\n|switch|p1a: Slither Wing|Slither Wing, L50, shiny|45\/100\n|-damage|p1a: Slither Wing|33\/100|[from] Stealth Rock\n|-activate|p1a: Slither Wing|ability: Protosynthesis\n|-start|p1a: Slither Wing|protosynthesisatk\n|turn|6\n|\n|t:|1700443249\n|move|p2b: Articuno|Protect|p2b: Articuno\n|-singleturn|p2b: Articuno|Protect\n|move|p2a: Kleavor|Protect|p2a: Kleavor\n|-singleturn|p2a: Kleavor|Protect\n|move|p1a: Slither Wing|First Impression|p2a: Kleavor\n|-activate|p2a: Kleavor|move: Protect\n|move|p1b: Magneto|Earth Power|p2b: Articuno\n|-activate|p2b: Articuno|move: Protect\n|\n|-weather|none\n|-end|p1b: Magneto|Protosynthesis\n|-end|p1a: Slither Wing|Protosynthesis\n|upkeep\n|-enditem|p1b: Magneto|Booster Energy\n|-activate|p1b: Magneto|ability: Protosynthesis|[fromitem]\n|-start|p1b: Magneto|protosynthesisspa\n|turn|7\n|\n|t:|1700443271\n|move|p1b: Magneto|Earth Power|p2b: Articuno\n|-damage|p2b: Articuno|0 fnt\n|faint|p2b: Articuno\n|move|p1a: Slither Wing|Brick Break|p2a: Kleavor\n|-damage|p2a: Kleavor|24\/100\n|move|p2a: Kleavor|Stone Axe|p1a: Slither Wing\n|-damage|p1a: Slither Wing|0 fnt\n|faint|p1a: Slither Wing\n|-end|p1a: Slither Wing|Protosynthesis|[silent]\n|\n|upkeep\n|\n|t:|1700443283\n|switch|p2b: Grimmsnarl|Grimmsnarl, L50, M|100\/100\n|turn|8\n|\n|t:|1700443292\n|move|p2b: Grimmsnarl|Fake Out|p1b: Magneto\n|-damage|p1b: Magneto|18\/100\n|cant|p1b: Magneto|flinch\n|move|p2a: Kleavor|Night Slash|p1b: Magneto\n|-damage|p1b: Magneto|0 fnt\n|faint|p1b: Magneto\n|-end|p1b: Magneto|Protosynthesis|[silent]\n|\n|win|electricboogaloo12\n|raw|donteatmagikarps's rating: 1291 &rarr; <strong>1272<\/strong><br \/>(-19 for losing)\n|raw|electricboogaloo12's rating: 1374 &rarr; <strong>1389<\/strong><br \/>(+15 for winning)\n|l|\u2606donteatmagikarps\n","uploadtime":1700443303,"views":4,"p1id":"donteatmagikarps","p2id":"electricboogaloo12","formatid":"gen9vgc2023regulatione","rating":1272,"private":0,"password":""}