{"id":"gen9vgc2023regulatione-1999136710","p1":"brunikolas","p2":"Rhosine","format":"[Gen 9] VGC 2023 Regulation E","log":"|j|\u2606brunikolas\n|j|\u2606Rhosine\n|t:|1701037129\n|gametype|doubles\n|player|p1|brunikolas|2|1087\n|player|p2|Rhosine|caitlin|1185\n|teamsize|p1|6\n|teamsize|p2|6\n|gen|9\n|tier|[Gen 9] VGC 2023 Regulation E\n|rated|\n|rule|Species Clause: Limit one of each Pok\u00e9mon\n|rule|Item Clause: Limit one of each item\n|clearpoke\n|poke|p1|Dragonite, L50, M|\n|poke|p1|Weezing-Galar, L50, F|\n|poke|p1|Zoroark-Hisui, L50, M|\n|poke|p1|Iron Hands, L50|\n|poke|p1|Flutter Mane, L50|\n|poke|p1|Roaring Moon, L50|\n|poke|p2|Ninetales-Alola, L50, M|\n|poke|p2|Glaceon, L50, M|\n|poke|p2|Cetitan, L50, M|\n|poke|p2|Braviary-Hisui, L50, M|\n|poke|p2|Bruxish, L50, M|\n|poke|p2|Abomasnow, L50, M|\n|teampreview|4\n|\n|t:|1701037206\n|start\n|switch|p1a: Weezing|Weezing-Galar, L50, F|100\/100\n|switch|p1b: Iron Hands|Iron Hands, L50|100\/100\n|switch|p2a: Ninetales|Ninetales-Alola, L50, M|100\/100\n|switch|p2b: Glaceon|Glaceon, L50, M|100\/100\n|-ability|p1a: Weezing|Neutralizing Gas\n|turn|1\n|\n|t:|1701037242\n|switch|p2b: Braviary|Braviary-Hisui, L50, M|100\/100\n|switch|p2a: Bruxish|Bruxish, L50, M|100\/100\n|move|p1a: Weezing|Dazzling Gleam|p2b: Braviary|[spread] p2a,p2b\n|-damage|p2a: Bruxish|73\/100\n|-damage|p2b: Braviary|80\/100\n|move|p1b: Iron Hands|Drain Punch|p2b: Braviary\n|-resisted|p2b: Braviary\n|-damage|p2b: Braviary|69\/100\n|\n|upkeep\n|turn|2\n|\n|t:|1701037265\n|-end|p1b: Iron Hands|Quark Drive|[silent]\n|switch|p1b: Roaring Moon|Roaring Moon, L50|100\/100\n|-enditem|p1b: Roaring Moon|Booster Energy\n|-activate|p1b: Roaring Moon|ability: Protosynthesis|[fromitem]\n|-start|p1b: Roaring Moon|protosynthesisspe\n|-terastallize|p2b: Braviary|Psychic\n|move|p2a: Bruxish|Psychic Fangs|p1b: Roaring Moon\n|-immune|p1b: Roaring Moon\n|move|p2b: Braviary|Esper Wing|p1b: Roaring Moon\n|-immune|p1b: Roaring Moon\n|move|p1a: Weezing|Dazzling Gleam|p2b: Braviary|[spread] p2a,p2b\n|-damage|p2a: Bruxish|44\/100\n|-damage|p2b: Braviary|49\/100\n|-enditem|p2b: Braviary|Sitrus Berry|[eat]\n|-heal|p2b: Braviary|74\/100|[from] item: Sitrus Berry\n|\n|upkeep\n|turn|3\n|\n|t:|1701037309\n|move|p1b: Roaring Moon|Dragon Dance|p1b: Roaring Moon\n|-boost|p1b: Roaring Moon|atk|1\n|-boost|p1b: Roaring Moon|spe|1\n|move|p2a: Bruxish|Taunt|p1b: Roaring Moon\n|-start|p1b: Roaring Moon|move: Taunt\n|move|p2b: Braviary|Esper Wing|p1a: Weezing\n|-supereffective|p1a: Weezing\n|-damage|p1a: Weezing|0 fnt\n|-boost|p2b: Braviary|spe|1\n|faint|p1a: Weezing\n|-end|p1a: Weezing|ability: Neutralizing Gas\n|\n|upkeep\n|\n|t:|1701037322\n|switch|p1a: Dragonite|Dragonite, L50, M|100\/100\n|turn|4\n|\n|t:|1701037350\n|move|p1b: Roaring Moon|Acrobatics|p2b: Braviary\n|-damage|p2b: Braviary|15\/100\n|move|p2a: Bruxish|Flip Turn|p1a: Dragonite\n|-resisted|p1a: Dragonite\n|-crit|p1a: Dragonite\n|-damage|p1a: Dragonite|82\/100\n|\n|t:|1701037357\n|switch|p2a: Ninetales|Ninetales-Alola, L50, M|100\/100|[from] Flip Turn\n|-weather|Snow|[from] ability: Snow Warning|[of] p2a: Ninetales\n|move|p2b: Braviary|Icy Wind|p1a: Dragonite|[spread] p1a,p1b\n|-supereffective|p1a: Dragonite\n|-supereffective|p1b: Roaring Moon\n|-damage|p1a: Dragonite|25\/100\n|-damage|p1b: Roaring Moon|73\/100\n|-unboost|p1a: Dragonite|spe|1\n|-unboost|p1b: Roaring Moon|spe|1\n|move|p1a: Dragonite|Outrage|p2b: Braviary\n|-damage|p2b: Braviary|0 fnt\n|faint|p2b: Braviary\n|\n|-weather|Snow|[upkeep]\n|upkeep\n|\n|t:|1701037370\n|switch|p2b: Glaceon|Glaceon, L50, M|100\/100\n|turn|5\n|\n|t:|1701037377\n|move|p1b: Roaring Moon|Acrobatics|p2a: Ninetales\n|-damage|p2a: Ninetales|40\/100\n|move|p2b: Glaceon|Blizzard|p1b: Roaring Moon|[spread] p1a,p1b\n|-supereffective|p1a: Dragonite\n|-supereffective|p1b: Roaring Moon\n|-damage|p1a: Dragonite|0 fnt\n|-damage|p1b: Roaring Moon|0 fnt\n|faint|p1a: Dragonite\n|faint|p1b: Roaring Moon\n|-end|p1b: Roaring Moon|Protosynthesis|[silent]\n|move|p2a: Ninetales|Aurora Veil|p2a: Ninetales\n|-sidestart|p2: Rhosine|move: Aurora Veil\n|\n|-weather|Snow|[upkeep]\n|upkeep\n|\n|t:|1701037390\n|switch|p1b: Iron Hands|Iron Hands, L50|100\/100\n|turn|6\n|\n|t:|1701037396\n|move|p2b: Glaceon|Blizzard|p1b: Iron Hands\n|-damage|p1b: Iron Hands|71\/100\n|move|p2a: Ninetales|Blizzard|p1b: Iron Hands\n|-damage|p1b: Iron Hands|48\/100\n|-status|p1b: Iron Hands|frz\n|cant|p1b: Iron Hands|frz\n|\n|-weather|Snow|[upkeep]\n|upkeep\n|turn|7\n|\n|t:|1701037407\n|move|p2b: Glaceon|Blizzard|p1b: Iron Hands\n|-damage|p1b: Iron Hands|18\/100 frz\n|move|p2a: Ninetales|Blizzard|p1b: Iron Hands\n|-damage|p1b: Iron Hands|0 fnt\n|faint|p1b: Iron Hands\n|-end|p1b: Iron Hands|Quark Drive|[silent]\n|\n|win|Rhosine\n|raw|brunikolas's rating: 1087 &rarr; <strong>1070<\/strong><br \/>(-17 for losing)\n|raw|Rhosine's rating: 1185 &rarr; <strong>1203<\/strong><br \/>(+18 for winning)\n","uploadtime":1701037417,"views":2,"p1id":"brunikolas","p2id":"rhosine","formatid":"gen9vgc2023regulatione","rating":1070,"private":0,"password":""}