{"id":"gen9vgc2023regulatione-1995736838","p1":"secretstudent","p2":"dobandoba","format":"[Gen 9] VGC 2023 Regulation E","log":"|j|\u2606secretstudent\n|j|\u2606dobandoba\n|t:|1700598418\n|gametype|doubles\n|player|p1|secretstudent|beauty|1064\n|player|p2|dobandoba|101|1000\n|teamsize|p1|6\n|teamsize|p2|6\n|gen|9\n|tier|[Gen 9] VGC 2023 Regulation E\n|rated|\n|rule|Species Clause: Limit one of each Pok\u00e9mon\n|rule|Item Clause: Limit one of each item\n|clearpoke\n|poke|p1|Chien-Pao, L50|\n|poke|p1|Amoonguss, L50, M|\n|poke|p1|Hatterene, L50, F|\n|poke|p1|Gyarados, L50, M|\n|poke|p1|Volcarona, L50, M|\n|poke|p1|Ogerpon, L50, F|\n|poke|p2|Arboliva, L50, F|\n|poke|p2|Dragapult, L50, M|\n|poke|p2|Enamorus, L50, F|\n|poke|p2|Meowscarada, L50, F|\n|poke|p2|Noivern, L50, M|\n|poke|p2|Ninetales-Alola, L50, F|\n|teampreview|4\n|\n|t:|1700598448\n|start\n|switch|p1a: Amoonguss|Amoonguss, L50, M|100\/100\n|switch|p1b: Hatterene|Hatterene, L50, F|100\/100\n|switch|p2a: Ninetales|Ninetales-Alola, L50, F|100\/100\n|switch|p2b: Noivern|Noivern, L50, M|100\/100\n|-weather|Snow|[from] ability: Snow Warning|[of] p2a: Ninetales\n|turn|1\n|\n|t:|1700598469\n|-terastallize|p1a: Amoonguss|Water\n|move|p2b: Noivern|Air Cutter|p1a: Amoonguss|[spread] p1a,p1b\n|-crit|p1b: Hatterene\n|-damage|p1a: Amoonguss|84\/100\n|-damage|p1b: Hatterene|75\/100\n|move|p2a: Ninetales|Aurora Veil|p2a: Ninetales\n|-sidestart|p2: dobandoba|move: Aurora Veil\n|move|p1a: Amoonguss|Spore|p2a: Ninetales\n|-status|p2a: Ninetales|slp|[from] move: Spore\n|move|p1b: Hatterene|Trick Room|p1b: Hatterene\n|-fieldstart|move: Trick Room|[of] p1b: Hatterene\n|\n|-weather|Snow|[upkeep]\n|upkeep\n|turn|2\n|\n|t:|1700598492\n|switch|p2b: Arboliva|Arboliva, L50, F|100\/100\n|move|p1b: Hatterene|Dazzling Gleam|p2b: Arboliva|[spread] p2a,p2b\n|-damage|p2a: Ninetales|74\/100 slp\n|-damage|p2b: Arboliva|82\/100\n|-fieldstart|move: Grassy Terrain|[from] ability: Seed Sower|[of] p2b: Arboliva\n|move|p1a: Amoonguss|Spore|p2b: Arboliva\n|-immune|p2b: Arboliva\n|cant|p2a: Ninetales|slp\n|\n|-weather|Snow|[upkeep]\n|-heal|p1b: Hatterene|81\/100|[from] Grassy Terrain\n|-heal|p1a: Amoonguss|90\/100|[from] Grassy Terrain\n|-heal|p2b: Arboliva|88\/100|[from] Grassy Terrain\n|-heal|p2b: Arboliva|94\/100|[from] item: Leftovers\n|-heal|p2a: Ninetales|80\/100 slp|[from] Grassy Terrain\n|upkeep\n|turn|3\n|\n|t:|1700598514\n|move|p1b: Hatterene|Dazzling Gleam|p2a: Ninetales|[spread] p2a,p2b\n|-damage|p2a: Ninetales|51\/100 slp\n|-damage|p2b: Arboliva|75\/100\n|move|p1a: Amoonguss|Pollen Puff|p2b: Arboliva\n|-supereffective|p2b: Arboliva\n|-damage|p2b: Arboliva|57\/100\n|move|p2b: Arboliva|Leech Seed|p1b: Hatterene\n|move|p1b: Hatterene|Leech Seed|p2b: Arboliva|[from]ability: Magic Bounce\n|-immune|p2b: Arboliva\n|-curestatus|p2a: Ninetales|slp|[msg]\n|move|p2a: Ninetales|Blizzard|p1a: Amoonguss|[spread] p1a,p1b\n|-resisted|p1a: Amoonguss\n|-damage|p1a: Amoonguss|75\/100\n|-damage|p1b: Hatterene|48\/100\n|\n|-weather|Snow|[upkeep]\n|-heal|p1b: Hatterene|54\/100|[from] Grassy Terrain\n|-heal|p1a: Amoonguss|81\/100|[from] Grassy Terrain\n|-heal|p2b: Arboliva|63\/100|[from] Grassy Terrain\n|-heal|p2b: Arboliva|68\/100|[from] item: Leftovers\n|-heal|p2a: Ninetales|57\/100|[from] Grassy Terrain\n|upkeep\n|turn|4\n|\n|t:|1700598545\n|move|p1b: Hatterene|Psychic|p2a: Ninetales\n|-damage|p2a: Ninetales|18\/100\n|move|p1a: Amoonguss|Spore|p2a: Ninetales\n|-status|p2a: Ninetales|slp|[from] move: Spore\n|move|p2b: Arboliva|Pollen Puff|p2a: Ninetales\n|-heal|p2a: Ninetales|68\/100 slp\n|cant|p2a: Ninetales|slp\n|\n|-weather|Snow|[upkeep]\n|-heal|p1b: Hatterene|60\/100|[from] Grassy Terrain\n|-heal|p1a: Amoonguss|87\/100|[from] Grassy Terrain\n|-heal|p2b: Arboliva|74\/100|[from] Grassy Terrain\n|-heal|p2b: Arboliva|80\/100|[from] item: Leftovers\n|-heal|p2a: Ninetales|74\/100 slp|[from] Grassy Terrain\n|upkeep\n|turn|5\n|\n|t:|1700598578\n|move|p1b: Hatterene|Psychic|p2a: Ninetales\n|-damage|p2a: Ninetales|30\/100 slp\n|move|p1a: Amoonguss|Pollen Puff|p1b: Hatterene\n|-heal|p1b: Hatterene|100\/100\n|move|p2b: Arboliva|Pollen Puff|p2a: Ninetales\n|-heal|p2a: Ninetales|80\/100 slp\n|-curestatus|p2a: Ninetales|slp|[msg]\n|move|p2a: Ninetales|Blizzard|p1b: Hatterene|[spread] p1a,p1b\n|-resisted|p1a: Amoonguss\n|-damage|p1a: Amoonguss|74\/100\n|-damage|p1b: Hatterene|69\/100\n|\n|-weather|none\n|-heal|p1b: Hatterene|75\/100|[from] Grassy Terrain\n|-heal|p1a: Amoonguss|80\/100|[from] Grassy Terrain\n|-heal|p2b: Arboliva|86\/100|[from] Grassy Terrain\n|-heal|p2b: Arboliva|92\/100|[from] item: Leftovers\n|-heal|p2a: Ninetales|86\/100|[from] Grassy Terrain\n|-fieldend|move: Trick Room\n|upkeep\n|turn|6\n|\n|t:|1700598617\n|switch|p2a: Noivern|Noivern, L50, M|100\/100\n|move|p2b: Arboliva|Pollen Puff|p1b: Hatterene\n|-damage|p1b: Hatterene|46\/100\n|move|p1a: Amoonguss|Spore|p2a: Noivern\n|-activate|p2a: Noivern|item: Safety Goggles|Spore\n|move|p1b: Hatterene|Trick Room|p1b: Hatterene\n|-fieldstart|move: Trick Room|[of] p1b: Hatterene\n|\n|-heal|p1b: Hatterene|52\/100|[from] Grassy Terrain\n|-heal|p1a: Amoonguss|85\/100|[from] Grassy Terrain\n|-heal|p2b: Arboliva|98\/100|[from] Grassy Terrain\n|-heal|p2b: Arboliva|100\/100|[from] item: Leftovers\n|-fieldend|move: Grassy Terrain\n|upkeep\n|turn|7\n|\n|t:|1700598638\n|switch|p2a: Ninetales|Ninetales-Alola, L50, F|86\/100\n|-weather|Snow|[from] ability: Snow Warning|[of] p2a: Ninetales\n|move|p1b: Hatterene|Dazzling Gleam|p2a: Ninetales|[spread] p2a,p2b\n|-damage|p2a: Ninetales|59\/100\n|-damage|p2b: Arboliva|84\/100\n|-fieldstart|move: Grassy Terrain|[from] ability: Seed Sower|[of] p2b: Arboliva\n|move|p1a: Amoonguss|Pollen Puff|p1b: Hatterene\n|-heal|p1b: Hatterene|100\/100\n|move|p2b: Arboliva|Pollen Puff|p1b: Hatterene\n|-damage|p1b: Hatterene|72\/100\n|\n|-weather|Snow|[upkeep]\n|-heal|p1b: Hatterene|79\/100|[from] Grassy Terrain\n|-heal|p1a: Amoonguss|91\/100|[from] Grassy Terrain\n|-heal|p2b: Arboliva|89\/100|[from] Grassy Terrain\n|-heal|p2b: Arboliva|95\/100|[from] item: Leftovers\n|-heal|p2a: Ninetales|65\/100|[from] Grassy Terrain\n|upkeep\n|turn|8\n|\n|t:|1700598667\n|-terastallize|p2a: Ninetales|Ice\n|move|p1b: Hatterene|Psychic|p2a: Ninetales\n|-damage|p2a: Ninetales|21\/100\n|move|p1a: Amoonguss|Spore|p2a: Ninetales\n|-status|p2a: Ninetales|slp|[from] move: Spore\n|move|p2b: Arboliva|Pollen Puff|p1b: Hatterene\n|-damage|p1b: Hatterene|52\/100\n|cant|p2a: Ninetales|slp\n|\n|-weather|Snow|[upkeep]\n|-heal|p1b: Hatterene|58\/100|[from] Grassy Terrain\n|-heal|p1a: Amoonguss|97\/100|[from] Grassy Terrain\n|-heal|p2b: Arboliva|100\/100|[from] Grassy Terrain\n|-heal|p2a: Ninetales|28\/100 slp|[from] Grassy Terrain\n|-sideend|p2: dobandoba|move: Aurora Veil\n|upkeep\n|turn|9\n|-message|dobandoba forfeited.\n|\n|win|secretstudent\n|raw|secretstudent's rating: 1064 &rarr; <strong>1089<\/strong><br \/>(+25 for winning)\n|raw|dobandoba's rating: 1000 &rarr; <strong>1000<\/strong><br \/>(+0 for losing)\n|l|\u2606dobandoba\n","uploadtime":1700598683,"views":0,"p1id":"secretstudent","p2id":"dobandoba","formatid":"gen9vgc2023regulatione","rating":1000,"private":0,"password":""}