{"id":"gen9vgc2023regulatione-1993731501","p1":"MiniBerg10","p2":"Pokenerd62","format":"[Gen 9] VGC 2023 Regulation E","log":"|j|\u2606MiniBerg10\n|j|\u2606Pokenerd62\n|t:|1700350595\n|gametype|doubles\n|player|p1|MiniBerg10|lucas-gen4pt|1236\n|player|p2|Pokenerd62|101|1265\n|teamsize|p1|6\n|teamsize|p2|6\n|gen|9\n|tier|[Gen 9] VGC 2023 Regulation E\n|rated|\n|rule|Species Clause: Limit one of each Pok\u00e9mon\n|rule|Item Clause: Limit one of each item\n|clearpoke\n|poke|p1|Palafin, L50, M|\n|poke|p1|Landorus-Therian, L50, M|\n|poke|p1|Weezing, L50, F|\n|poke|p1|Regieleki, L50|\n|poke|p1|Flutter Mane, L50|\n|poke|p1|Chi-Yu, L50|\n|poke|p2|Chi-Yu, L50|\n|poke|p2|Iron Hands, L50|\n|poke|p2|Flutter Mane, L50|\n|poke|p2|Ogerpon-Hearthflame, L50, F|\n|poke|p2|Tornadus, L50, M|\n|poke|p2|Dragonite, L50, F|\n|teampreview|4\n|inactive|Battle timer is ON: inactive players will automatically lose when time's up. (requested by MiniBerg10)\nMiniBerg10 has agreed to open team sheets.\n|inactive|MiniBerg10 has 60 seconds left.\nPokenerd62 has agreed to open team sheets.\n|inactive|MiniBerg10 has 30 seconds left.\n|\n|t:|1700350675\n|start\n|switch|p1a: Palafin|Palafin, L50, M|100\/100\n|switch|p1b: Regieleki|Regieleki, L50|100\/100\n|switch|p2a: Flutter Mane|Flutter Mane, L50|100\/100\n|switch|p2b: Chi-Yu|Chi-Yu, L50|100\/100\n|-ability|p2b: Chi-Yu|Beads of Ruin\n|-enditem|p2a: Flutter Mane|Booster Energy\n|-activate|p2a: Flutter Mane|ability: Protosynthesis|[fromitem]\n|-start|p2a: Flutter Mane|protosynthesisspe\n|turn|1\n|inactive|MiniBerg10 has 30 seconds left.\n|\n|t:|1700350707\n|detailschange|p1a: Palafin|Palafin-Hero, L50, M\n|switch|p1a: Weezing|Weezing, L50, F|100\/100\n|-ability|p1a: Weezing|Neutralizing Gas\n|-terastallize|p2b: Chi-Yu|Ghost\n|move|p2a: Flutter Mane|Icy Wind|p1b: Regieleki|[spread] p1a,p1b\n|-crit|p1b: Regieleki\n|-damage|p1a: Weezing|88\/100\n|-damage|p1b: Regieleki|60\/100\n|-unboost|p1a: Weezing|spe|1\n|-unboost|p1b: Regieleki|spe|1\n|move|p1b: Regieleki|Eerie Impulse|p2a: Flutter Mane\n|-unboost|p2a: Flutter Mane|spa|2\n|move|p2b: Chi-Yu|Dark Pulse|p1a: Weezing\n|-damage|p1a: Weezing|40\/100\n|-damage|p2b: Chi-Yu|91\/100|[from] item: Life Orb\n|\n|upkeep\n|turn|2\n|inactive|MiniBerg10 has 30 seconds left.\n|\n|t:|1700350734\n|move|p1a: Weezing|Protect|p1a: Weezing\n|-singleturn|p1a: Weezing|Protect\n|move|p2a: Flutter Mane|Icy Wind|p1b: Regieleki|[spread] p1b\n|-activate|p1a: Weezing|move: Protect\n|-damage|p1b: Regieleki|48\/100\n|-unboost|p1b: Regieleki|spe|1\n|move|p2b: Chi-Yu|Heat Wave|p1a: Weezing|[spread] p1b\n|-activate|p1a: Weezing|move: Protect\n|-damage|p1b: Regieleki|0 fnt\n|faint|p1b: Regieleki\n|-damage|p2b: Chi-Yu|82\/100|[from] item: Life Orb\n|\n|upkeep\n|\n|t:|1700350748\n|switch|p1b: Palafin|Palafin-Hero, L50, M|100\/100\n|-activate|p1b: Palafin|ability: Zero to Hero\n|turn|3\n|\n|t:|1700350767\n|move|p1b: Palafin|Jet Punch|p2a: Flutter Mane\n|-damage|p2a: Flutter Mane|30\/100\n|move|p2a: Flutter Mane|Moonblast|p1b: Palafin\n|-damage|p1b: Palafin|73\/100\n|-unboost|p1b: Palafin|spa|1\n|move|p2b: Chi-Yu|Heat Wave|p1a: Weezing|[spread] p1b\n|-miss|p2b: Chi-Yu|p1a: Weezing\n|-resisted|p1b: Palafin\n|-damage|p1b: Palafin|48\/100\n|-damage|p2b: Chi-Yu|72\/100|[from] item: Life Orb\n|move|p1a: Weezing|Sludge Bomb|p2b: Chi-Yu\n|-resisted|p2b: Chi-Yu\n|-damage|p2b: Chi-Yu|58\/100\n|\n|upkeep\n|turn|4\n|\n|t:|1700350793\n|switch|p2b: Iron Hands|Iron Hands, L50|100\/100\n|move|p2a: Flutter Mane|Protect|p2a: Flutter Mane\n|-singleturn|p2a: Flutter Mane|Protect\n|move|p1b: Palafin|Jet Punch|p2b: Iron Hands\n|-damage|p2b: Iron Hands|74\/100\n|move|p1a: Weezing|Sludge Bomb|p2b: Iron Hands\n|-damage|p2b: Iron Hands|58\/100\n|\n|upkeep\n|turn|5\n|inactive|Pokenerd62 has 30 seconds left.\n|\n|t:|1700350823\n|move|p1b: Palafin|Protect|p1b: Palafin\n|-singleturn|p1b: Palafin|Protect\n|move|p2b: Iron Hands|Fake Out|p1a: Weezing\n|-damage|p1a: Weezing|28\/100\n|move|p2a: Flutter Mane|Shadow Ball|p1b: Palafin\n|-activate|p1b: Palafin|move: Protect\n|cant|p1a: Weezing|flinch\n|\n|upkeep\n|turn|6\n|\n|t:|1700350835\n|switch|p1b: Landorus|Landorus-Therian, L50, M|100\/100\n|move|p2a: Flutter Mane|Icy Wind|p1b: Landorus|[spread] p1a,p1b\n|-supereffective|p1b: Landorus\n|-damage|p1a: Weezing|22\/100\n|-damage|p1b: Landorus|67\/100\n|-unboost|p1a: Weezing|spe|1\n|-unboost|p1b: Landorus|spe|1\n|move|p2b: Iron Hands|Wild Charge|p1a: Weezing\n|-damage|p1a: Weezing|0 fnt\n|faint|p1a: Weezing\n|-end|p1a: Weezing|ability: Neutralizing Gas\n|-ability|p1b: Landorus|Intimidate|boost\n|-unboost|p2a: Flutter Mane|atk|1\n|-unboost|p2b: Iron Hands|atk|1\n|-damage|p2b: Iron Hands|54\/100|[from] Recoil\n|\n|upkeep\n|\n|t:|1700350847\n|switch|p1a: Palafin|Palafin-Hero, L50, M|48\/100\n|turn|7\n|inactive|Pokenerd62 has 30 seconds left.\n|\n|t:|1700350879\n|-end|p2b: Iron Hands|Quark Drive|[silent]\n|switch|p2b: Chi-Yu|Chi-Yu, L50, tera:Ghost|58\/100\n|-ability|p2b: Chi-Yu|Beads of Ruin\n|move|p1a: Palafin|Jet Punch|p2a: Flutter Mane\n|-damage|p2a: Flutter Mane|0 fnt\n|faint|p2a: Flutter Mane\n|-end|p2a: Flutter Mane|Protosynthesis|[silent]\n|move|p1b: Landorus|Stomping Tantrum|p2b: Chi-Yu\n|-damage|p2b: Chi-Yu|1\/100\n|\n|upkeep\n|\n|t:|1700350886\n|switch|p2a: Iron Hands|Iron Hands, L50|54\/100\n|turn|8\n|\n|t:|1700350895\n|move|p2a: Iron Hands|Fake Out|p1a: Palafin\n|-damage|p1a: Palafin|33\/100\n|cant|p1a: Palafin|flinch\n|move|p2b: Chi-Yu|Dark Pulse|p1b: Landorus\n|-damage|p1b: Landorus|0 fnt\n|faint|p1b: Landorus\n|-damage|p2b: Chi-Yu|0 fnt|[from] item: Life Orb\n|faint|p2b: Chi-Yu\n|\n|upkeep\n|\n|t:|1700350914\n|switch|p2b: Dragonite|Dragonite, L50, F|100\/100\n|turn|9\n|\n|t:|1700350923\n|move|p1a: Palafin|Protect|p1a: Palafin\n|-singleturn|p1a: Palafin|Protect\n|move|p2b: Dragonite|Extreme Speed|p1a: Palafin\n|-activate|p1a: Palafin|move: Protect\n|move|p2a: Iron Hands|Wild Charge|p1a: Palafin\n|-activate|p1a: Palafin|move: Protect\n|\n|upkeep\n|turn|10\n|\n|t:|1700350939\n|-terastallize|p1a: Palafin|Ice\n|move|p2b: Dragonite|Extreme Speed|p1a: Palafin\n|-damage|p1a: Palafin|2\/100\n|move|p1a: Palafin|Drain Punch|p2a: Iron Hands\n|-damage|p2a: Iron Hands|31\/100\n|-heal|p1a: Palafin|18\/100|[from] drain|[of] p2a: Iron Hands\n|move|p2a: Iron Hands|Wild Charge|p1a: Palafin\n|-damage|p1a: Palafin|0 fnt\n|faint|p1a: Palafin\n|-damage|p2a: Iron Hands|27\/100|[from] Recoil\n|\n|win|Pokenerd62\n|raw|MiniBerg10's rating: 1236 &rarr; <strong>1213<\/strong><br \/>(-23 for losing)\n|raw|Pokenerd62's rating: 1265 &rarr; <strong>1288<\/strong><br \/>(+23 for winning)\n|l|\u2606MiniBerg10\n","uploadtime":1700350956,"views":18,"p1id":"miniberg10","p2id":"pokenerd62","formatid":"gen9vgc2023regulatione","rating":1213,"private":0,"password":""}