{"id":"gen9vgc2023regulatione-1990989617","p1":"Jop 30 in a row","p2":"YanYanwaa","format":"[Gen 9] VGC 2023 Regulation E","log":"|j|\u2606Jop 30 in a row\n|j|\u2606YanYanwaa\n|t:|1700024131\n|gametype|doubles\n|player|p1|Jop 30 in a row|lillie|1219\n|player|p2|YanYanwaa|clair|1180\n|teamsize|p1|6\n|teamsize|p2|6\n|gen|9\n|tier|[Gen 9] VGC 2023 Regulation E\n|rated|\n|rule|Species Clause: Limit one of each Pok\u00e9mon\n|rule|Item Clause: Limit one of each item\n|clearpoke\n|poke|p1|Moltres-Galar, L50|\n|poke|p1|Arcanine-Hisui, L50, M|\n|poke|p1|Munkidori, L50, M|\n|poke|p1|Sinistcha, L50|\n|poke|p1|Grimmsnarl, L50, M|\n|poke|p1|Milotic, L50, F|\n|poke|p2|Tornadus, L50, M|\n|poke|p2|Ninetales-Alola, L50, F|\n|poke|p2|Chi-Yu, L50|\n|poke|p2|Great Tusk, L50|\n|poke|p2|Urshifu-*, L50, M|\n|poke|p2|Grimmsnarl, L50, M|\n|teampreview|4\n|inactive|Battle timer is ON: inactive players will automatically lose when time's up. (requested by YanYanwaa)\n|\n|t:|1700024160\n|start\n|switch|p1a: Arcanine|Arcanine-Hisui, L50, M, shiny|100\/100\n|switch|p1b: Grimmsnarl|Grimmsnarl, L50, M, shiny|100\/100\n|switch|p2a: Grimmsnarl|Grimmsnarl, L50, M|100\/100\n|switch|p2b: Urshifu|Urshifu-Rapid-Strike, L50, M|100\/100\n|-ability|p1a: Arcanine|Intimidate|boost\n|-unboost|p2a: Grimmsnarl|atk|1\n|-unboost|p2b: Urshifu|atk|1\n|turn|1\n|\n|t:|1700024172\n|switch|p1a: Sinistcha|Sinistcha, L50, shiny|100\/100\n|move|p2a: Grimmsnarl|Fake Out|p1b: Grimmsnarl\n|-damage|p1b: Grimmsnarl|93\/100\n|cant|p1b: Grimmsnarl|flinch\n|move|p2b: Urshifu|Surging Strikes|p1a: Sinistcha\n|-resisted|p1a: Sinistcha\n|-crit|p1a: Sinistcha\n|-damage|p1a: Sinistcha|89\/100\n|-damage|p2b: Urshifu|84\/100|[from] item: Rocky Helmet|[of] p1a: Sinistcha\n|-resisted|p1a: Sinistcha\n|-crit|p1a: Sinistcha\n|-damage|p1a: Sinistcha|78\/100\n|-damage|p2b: Urshifu|68\/100|[from] item: Rocky Helmet|[of] p1a: Sinistcha\n|-resisted|p1a: Sinistcha\n|-crit|p1a: Sinistcha\n|-damage|p1a: Sinistcha|66\/100\n|-damage|p2b: Urshifu|51\/100|[from] item: Rocky Helmet|[of] p1a: Sinistcha\n|-hitcount|p1a: Sinistcha|3\n|\n|upkeep\n|turn|2\n|\n|t:|1700024192\n|move|p1b: Grimmsnarl|Reflect|p1b: Grimmsnarl\n|-sidestart|p1: Jop 30 in a row|Reflect\n|move|p2b: Urshifu|Poison Jab|p1b: Grimmsnarl\n|-supereffective|p1b: Grimmsnarl\n|-damage|p1b: Grimmsnarl|66\/100\n|-status|p1b: Grimmsnarl|psn\n|move|p2a: Grimmsnarl|Shadow Claw|p1a: Sinistcha\n|-supereffective|p1a: Sinistcha\n|-damage|p1a: Sinistcha|52\/100\n|-damage|p2a: Grimmsnarl|84\/100|[from] item: Rocky Helmet|[of] p1a: Sinistcha\n|move|p1a: Sinistcha|Matcha Gotcha|p2a: Grimmsnarl|[spread] p2a,p2b\n|-crit|p2a: Grimmsnarl\n|-supereffective|p2b: Urshifu\n|-damage|p2a: Grimmsnarl|47\/100\n|-heal|p1a: Sinistcha|72\/100|[from] drain|[of] p2a: Grimmsnarl\n|-damage|p2b: Urshifu|0 fnt\n|-heal|p1a: Sinistcha|98\/100|[from] drain|[of] p2b: Urshifu\n|faint|p2b: Urshifu\n|\n|-damage|p1b: Grimmsnarl|54\/100 psn|[from] psn\n|upkeep\n|\n|t:|1700024213\n|switch|p2b: Tornadus|Tornadus, L50, M|100\/100\n|turn|3\n|\n|t:|1700024223\n|switch|p1a: Arcanine|Arcanine-Hisui, L50, M, shiny|100\/100\n|-ability|p1a: Arcanine|Intimidate|boost\n|-unboost|p2a: Grimmsnarl|atk|1\n|-unboost|p2b: Tornadus|atk|1\n|move|p2b: Tornadus|Tailwind|p2b: Tornadus\n|-sidestart|p2: YanYanwaa|move: Tailwind\n|move|p2a: Grimmsnarl|Thunder Wave|p1a: Arcanine|[miss]\n|-miss|p2a: Grimmsnarl|p1a: Arcanine\n|move|p1b: Grimmsnarl|Light Screen|p1b: Grimmsnarl\n|-sidestart|p1: Jop 30 in a row|move: Light Screen\n|\n|-damage|p1b: Grimmsnarl|41\/100 psn|[from] psn\n|upkeep\n|turn|4\n|\n|t:|1700024244\n|switch|p2a: Ninetales|Ninetales-Alola, L50, F|100\/100\n|-weather|Snow|[from] ability: Snow Warning|[of] p2a: Ninetales\n|-terastallize|p2b: Tornadus|Electric\n|move|p1b: Grimmsnarl|Parting Shot|p2b: Tornadus\n|-unboost|p2b: Tornadus|atk|1\n|-unboost|p2b: Tornadus|spa|1\n|\n|t:|1700024253\n|switch|p1b: Moltres|Moltres-Galar, L50, shiny|100\/100|[from] Parting Shot\n|move|p2b: Tornadus|Bleakwind Storm|p1b: Moltres|[spread] p1a\n|-miss|p2b: Tornadus|p1b: Moltres\n|-resisted|p1a: Arcanine\n|-crit|p1a: Arcanine\n|-damage|p1a: Arcanine|82\/100\n|move|p1a: Arcanine|Rock Slide|p2b: Tornadus|[spread] p2a\n|-miss|p1a: Arcanine|p2b: Tornadus\n|-supereffective|p2a: Ninetales\n|-crit|p2a: Ninetales\n|-damage|p2a: Ninetales|7\/100\n|\n|-weather|Snow|[upkeep]\n|upkeep\n|turn|5\n|\n|t:|1700024271\n|move|p1a: Arcanine|Extreme Speed|p2a: Ninetales\n|-damage|p2a: Ninetales|0 fnt\n|faint|p2a: Ninetales\n|move|p2b: Tornadus|Tera Blast|p1b: Moltres|[anim] Tera Blast Electric\n|-supereffective|p1b: Moltres\n|-damage|p1b: Moltres|80\/100\n|move|p1b: Moltres|Nasty Plot|p1b: Moltres\n|-boost|p1b: Moltres|spa|2\n|\n|-weather|Snow|[upkeep]\n|upkeep\n|\n|t:|1700024274\n|switch|p2a: Grimmsnarl|Grimmsnarl, L50, M|47\/100\n|turn|6\n|\n|t:|1700024289\n|switch|p1a: Grimmsnarl|Grimmsnarl, L50, M, shiny|41\/100 psn\n|move|p1b: Moltres|Protect|p1b: Moltres\n|-singleturn|p1b: Moltres|Protect\n|move|p2a: Grimmsnarl|Fake Out|p1a: Grimmsnarl\n|-damage|p1a: Grimmsnarl|34\/100 psn\n|move|p2b: Tornadus|Tera Blast|p1b: Moltres|[anim] Tera Blast Electric\n|-activate|p1b: Moltres|move: Protect\n|\n|-weather|Snow|[upkeep]\n|-damage|p1a: Grimmsnarl|22\/100 psn|[from] psn\n|-sideend|p2: YanYanwaa|move: Tailwind\n|upkeep\n|turn|7\n|\n|t:|1700024311\n|move|p2a: Grimmsnarl|Thunder Wave|p1b: Moltres\n|-hint|Since gen 7, Dark is immune to Prankster moves.\n|-immune|p1b: Moltres\n|move|p1a: Grimmsnarl|Parting Shot|p2b: Tornadus\n|-unboost|p2b: Tornadus|atk|1\n|-unboost|p2b: Tornadus|spa|1\n|\n|t:|1700024316\n|switch|p1a: Arcanine|Arcanine-Hisui, L50, M, shiny|82\/100|[from] Parting Shot\n|-ability|p1a: Arcanine|Intimidate|boost\n|-unboost|p2a: Grimmsnarl|atk|1\n|-unboost|p2b: Tornadus|atk|1\n|move|p2b: Tornadus|Tera Blast|p1b: Moltres|[anim] Tera Blast Electric\n|-supereffective|p1b: Moltres\n|-damage|p1b: Moltres|63\/100\n|move|p1b: Moltres|Fiery Wrath|p2a: Grimmsnarl|[spread] p2a,p2b\n|-resisted|p2a: Grimmsnarl\n|-damage|p2a: Grimmsnarl|29\/100\n|-damage|p2b: Tornadus|30\/100\n|\n|-weather|Snow|[upkeep]\n|upkeep\n|turn|8\n|\n|t:|1700024332\n|move|p2a: Grimmsnarl|Thunder Wave|p1a: Arcanine\n|-status|p1a: Arcanine|par\n|move|p2b: Tornadus|Bleakwind Storm|p1a: Arcanine|[spread] p1a,p1b\n|-resisted|p1a: Arcanine\n|-damage|p1a: Arcanine|78\/100 par\n|-damage|p1b: Moltres|55\/100\n|move|p1b: Moltres|Fiery Wrath|p2b: Tornadus|[spread] p2a,p2b\n|-resisted|p2a: Grimmsnarl\n|-damage|p2a: Grimmsnarl|12\/100\n|-damage|p2b: Tornadus|0 fnt\n|faint|p2b: Tornadus\n|move|p1a: Arcanine|Rock Slide|p2a: Grimmsnarl\n|-damage|p2a: Grimmsnarl|0 fnt\n|faint|p2a: Grimmsnarl\n|\n|win|Jop 30 in a row\n|raw|Jop 30 in a row's rating: 1219 &rarr; <strong>1241<\/strong><br \/>(+22 for winning)\n|raw|YanYanwaa's rating: 1180 &rarr; <strong>1158<\/strong><br \/>(-22 for losing)\n","uploadtime":1700024345,"views":9,"p1id":"jop30inarow","p2id":"yanyanwaa","formatid":"gen9vgc2023regulatione","rating":1158,"private":0,"password":""}