{"id":"gen9vgc2023regulatione-1989490430","p1":"qz231113","p2":"Ross68","format":"[Gen 9] VGC 2023 Regulation E","log":"|j|\u2606qz231113\n|j|\u2606Ross68\n|t:|1699859415\n|gametype|doubles\n|player|p1|qz231113|1|1056\n|player|p2|Ross68|265|1141\n|teamsize|p1|6\n|teamsize|p2|6\n|gen|9\n|tier|[Gen 9] VGC 2023 Regulation E\n|rated|\n|rule|Species Clause: Limit one of each Pok\u00e9mon\n|rule|Item Clause: Limit one of each item\n|clearpoke\n|poke|p1|Ursaluna-Bloodmoon, L50, M|\n|poke|p1|Dusclops, L50, F|\n|poke|p1|Oricorio-Sensu, L50, F|\n|poke|p1|Volcarona, L50, M|\n|poke|p1|Kommo-o, L50, F|\n|poke|p1|Regieleki, L50|\n|poke|p2|Politoed, L50, M|\n|poke|p2|Ludicolo, L50, F|\n|poke|p2|Rillaboom, L50, M|\n|poke|p2|Scizor, L50, M|\n|poke|p2|Zapdos, L50|\n|poke|p2|Arcanine-Hisui, L50, M|\n|teampreview|4\n|inactive|Battle timer is ON: inactive players will automatically lose when time's up. (requested by qz231113)\nqz231113 rejected open team sheets.\n|inactive|Ross68 has 60 seconds left.\n|\n|t:|1699859517\n|start\n|switch|p1a: Hamas|Regieleki, L50|100\/100\n|switch|p1b: Kabuki|Oricorio-Sensu, L50, F|100\/100\n|switch|p2a: Politoed|Politoed, L50, M|100\/100\n|switch|p2b: Ludicolo|Ludicolo, L50, F|100\/100\n|-weather|RainDance|[from] ability: Drizzle|[of] p2a: Politoed\n|turn|1\n|inactive|Ross68 has 30 seconds left.\n|\n|t:|1699859543\n|switch|p2a: Scizor|Scizor, L50, M|100\/100\n|move|p1b: Kabuki|Helping Hand|p1a: Hamas\n|-singleturn|p1a: Hamas|Helping Hand|[of] p1b: Kabuki\n|move|p2b: Ludicolo|Fake Out|p1a: Hamas\n|-damage|p1a: Hamas|88\/100\n|cant|p1a: Hamas|flinch\n|\n|-weather|RainDance|[upkeep]\n|upkeep\n|turn|2\n|\n|t:|1699859567\n|-terastallize|p2a: Scizor|Steel\n|move|p2a: Scizor|Bullet Punch|p1a: Hamas\n|-resisted|p1a: Hamas\n|-damage|p1a: Hamas|17\/100\n|move|p1a: Hamas|Explosion|p2a: Scizor|[spread] p2a,p2b\n|-immune|p1b: Kabuki\n|-enditem|p1a: Hamas|Normal Gem|[from] gem\n|-resisted|p2a: Scizor\n|-damage|p2a: Scizor|60\/100\n|-damage|p2b: Ludicolo|12\/100\n|faint|p1a: Hamas\n|move|p2b: Ludicolo|Ice Beam|p1b: Kabuki\n|-supereffective|p1b: Kabuki\n|-damage|p1b: Kabuki|18\/100\n|move|p1b: Kabuki|Revelation Dance|p2a: Scizor\n|-damage|p2a: Scizor|7\/100\n|\n|-weather|RainDance|[upkeep]\n|-heal|p1b: Kabuki|24\/100|[from] item: Leftovers\n|upkeep\n|\n|t:|1699859579\n|switch|p1a: Apollo|Volcarona, L50, M|100\/100\n|turn|3\n|\n|t:|1699859599\n|switch|p2a: Politoed|Politoed, L50, M|100\/100\n|-terastallize|p1a: Apollo|Water\n|move|p1b: Kabuki|Protect|p1b: Kabuki\n|-singleturn|p1b: Kabuki|Protect\n|move|p2b: Ludicolo|Ice Beam|p1b: Kabuki\n|-activate|p1b: Kabuki|move: Protect\n|move|p1a: Apollo|Fiery Dance|p2a: Politoed\n|-resisted|p2a: Politoed\n|-damage|p2a: Politoed|94\/100\n|-boost|p1a: Apollo|spa|1\n|-activate|p1b: Kabuki|ability: Dancer\n|move|p1b: Kabuki|Fiery Dance|p2a: Politoed|[from]ability: Dancer\n|-resisted|p2a: Politoed\n|-damage|p2a: Politoed|89\/100\n|\n|-weather|RainDance|[upkeep]\n|-heal|p1b: Kabuki|30\/100|[from] item: Leftovers\n|-heal|p2a: Politoed|95\/100|[from] item: Leftovers\n|upkeep\n|turn|4\n|inactive|Ross68 has 30 seconds left.\n|\n|t:|1699859628\n|move|p2a: Politoed|Helping Hand|p2b: Ludicolo\n|-singleturn|p2b: Ludicolo|Helping Hand|[of] p2a: Politoed\n|move|p2b: Ludicolo|Giga Drain|p1a: Apollo\n|-supereffective|p1a: Apollo\n|-damage|p1a: Apollo|7\/100\n|-heal|p2b: Ludicolo|64\/100|[from] drain|[of] p1a: Apollo\n|move|p1b: Kabuki|Air Slash|p2b: Ludicolo\n|-supereffective|p2b: Ludicolo\n|-damage|p2b: Ludicolo|16\/100\n|move|p1a: Apollo|Quiver Dance|p1a: Apollo\n|-boost|p1a: Apollo|spa|1\n|-boost|p1a: Apollo|spd|1\n|-boost|p1a: Apollo|spe|1\n|-activate|p1b: Kabuki|ability: Dancer\n|move|p1b: Kabuki|Quiver Dance|p1b: Kabuki|[from]ability: Dancer\n|-boost|p1b: Kabuki|spa|1\n|-boost|p1b: Kabuki|spd|1\n|-boost|p1b: Kabuki|spe|1\n|\n|-weather|RainDance|[upkeep]\n|-heal|p1b: Kabuki|36\/100|[from] item: Leftovers\n|-heal|p2a: Politoed|100\/100|[from] item: Leftovers\n|upkeep\n|turn|5\n|inactive|Ross68 has 30 seconds left.\n|\n|t:|1699859658\n|move|p1a: Apollo|Protect|p1a: Apollo\n|-singleturn|p1a: Apollo|Protect\n|move|p1b: Kabuki|Air Slash|p2b: Ludicolo\n|-supereffective|p2b: Ludicolo\n|-damage|p2b: Ludicolo|0 fnt\n|faint|p2b: Ludicolo\n|move|p2a: Politoed|Icy Wind|p1b: Kabuki|[spread] p1b\n|-activate|p1a: Apollo|move: Protect\n|-supereffective|p1b: Kabuki\n|-damage|p1b: Kabuki|16\/100\n|-unboost|p1b: Kabuki|spe|1\n|\n|-weather|none\n|-heal|p1b: Kabuki|22\/100|[from] item: Leftovers\n|upkeep\n|\n|t:|1699859673\n|switch|p2b: Scizor|Scizor, L50, M, tera:Steel|7\/100\n|turn|6\n|\n|t:|1699859695\n|switch|p2a: Zapdos|Zapdos, L50|100\/100\n|move|p1b: Kabuki|Protect|p1b: Kabuki\n|-singleturn|p1b: Kabuki|Protect\n|move|p2b: Scizor|Bullet Punch|p1b: Kabuki\n|-activate|p1b: Kabuki|move: Protect\n|move|p1a: Apollo|Fiery Dance|p2b: Scizor\n|-supereffective|p2b: Scizor\n|-damage|p2b: Scizor|0 fnt\n|-boost|p1a: Apollo|spa|1\n|faint|p2b: Scizor\n|-activate|p1b: Kabuki|ability: Dancer\n|move|p1b: Kabuki|Fiery Dance|p2a: Zapdos|[from]ability: Dancer\n|-crit|p2a: Zapdos\n|-damage|p2a: Zapdos|39\/100\n|-boost|p1b: Kabuki|spa|1\n|-enditem|p2a: Zapdos|Sitrus Berry|[eat]\n|-heal|p2a: Zapdos|64\/100|[from] item: Sitrus Berry\n|\n|-heal|p1b: Kabuki|28\/100|[from] item: Leftovers\n|upkeep\n|\n|t:|1699859719\n|switch|p2b: Politoed|Politoed, L50, M|100\/100\n|-weather|RainDance|[from] ability: Drizzle|[of] p2b: Politoed\n|turn|7\n|\n|t:|1699859728\n|move|p1a: Apollo|Giga Drain|p2b: Politoed\n|-supereffective|p2b: Politoed\n|-damage|p2b: Politoed|6\/100\n|-heal|p1a: Apollo|55\/100|[from] drain|[of] p2b: Politoed\n|move|p1b: Kabuki|Revelation Dance|p2a: Zapdos\n|-damage|p2a: Zapdos|0 fnt\n|faint|p2a: Zapdos\n|move|p2b: Politoed|Muddy Water|p1b: Kabuki|[spread] p1a\n|-miss|p2b: Politoed|p1b: Kabuki\n|-resisted|p1a: Apollo\n|-damage|p1a: Apollo|46\/100\n|\n|-weather|RainDance|[upkeep]\n|-heal|p1b: Kabuki|34\/100|[from] item: Leftovers\n|-heal|p2b: Politoed|12\/100|[from] item: Leftovers\n|upkeep\n|turn|8\n|\n|t:|1699859747\n|move|p1b: Kabuki|Protect|p1b: Kabuki\n|-singleturn|p1b: Kabuki|Protect\n|move|p1a: Apollo|Fiery Dance|p2b: Politoed\n|-resisted|p2b: Politoed\n|-damage|p2b: Politoed|0 fnt\n|faint|p2b: Politoed\n|-activate|p1b: Kabuki|ability: Dancer\n|move|p1b: Kabuki|Fiery Dance|p2: Zapdos|[from]ability: Dancer|[notarget]\n|-fail|p1b: Kabuki\n|\n|win|qz231113\n|raw|qz231113's rating: 1056 &rarr; <strong>1095<\/strong><br \/>(+39 for winning)\n|raw|Ross68's rating: 1141 &rarr; <strong>1110<\/strong><br \/>(-31 for losing)\n","uploadtime":1699859756,"views":10,"p1id":"qz231113","p2id":"ross68","formatid":"gen9vgc2023regulatione","rating":1095,"private":0,"password":""}