{"id":"gen9vgc2023regulatione-1995138767","p1":"gooseiq","p2":"PureNeutral","format":"[Gen 9] VGC 2023 Regulation E","log":"|j|\u2606gooseiq\n|j|\u2606PureNeutral\n|n|\u2606gooseiq|gooseiq\n|n|\u2606PureNeutral|pureneutral\n|html|View the match progress at <a href=\"\/game-bestof3-gen9vgc2023regulatione-1995138766\">game-bestof3-gen9vgc2023regulatione-1995138766<\/a>\n|t:|1700526878\n|gametype|doubles\n|player|p1|gooseiq|harlequin|\n|player|p2|PureNeutral|elesa|\n|teamsize|p1|6\n|teamsize|p2|6\n|gen|9\n|tier|[Gen 9] VGC 2023 Regulation E\n|rule|Species Clause: Limit one of each Pok\u00e9mon\n|rule|Item Clause: Limit one of each item\n|clearpoke\n|poke|p1|Kilowattrel, L50, M|\n|poke|p1|Rillaboom, L50, F|\n|poke|p1|Cryogonal, L50|\n|poke|p1|Palossand, L50, F|\n|poke|p1|Rabsca, L50, M|\n|poke|p1|Iron Treads, L50|\n|poke|p2|Flutter Mane, L50|\n|poke|p2|Ninetales, L50, F|\n|poke|p2|Arcanine-Hisui, L50, M|\n|poke|p2|Brute Bonnet, L50|\n|poke|p2|Jumpluff, L50, F|\n|poke|p2|Samurott-Hisui, L50, F|\n|teampreview|4\n|inactive|Battle timer is ON: inactive players will automatically lose when time's up. (requested by gooseiq)\n|inactiveoff|Battle timer is now OFF.\n|j| Pokemon_and_beer\n|c|\u2606gooseiq|ok ok GL HF\n|c|\u2606PureNeutral|glhf\n|\n|t:|1700527057\n|start\n|switch|p1a: idkduud|Rabsca, L50, M, shiny|100\/100\n|switch|p1b: angy|Iron Treads, L50, shiny|100\/100\n|switch|p2a: Scotch Bonnet|Brute Bonnet, L50, shiny|100\/100\n|switch|p2b: Salmonrott|Samurott-Hisui, L50, F, shiny|100\/100\n|turn|1\n|l| Pokemon_and_beer\n|j| Pokemon_and_beer\n|j| MikeTitan\n|c| MikeTitan|TURN 1 GO\n|\n|t:|1700527179\n|move|p2b: Salmonrott|Night Slash|p1a: idkduud\n|-supereffective|p1a: idkduud\n|-damage|p1a: idkduud|20\/100\n|move|p1b: angy|Volt Switch|p2b: Salmonrott\n|-supereffective|p2b: Salmonrott\n|-damage|p2b: Salmonrott|69\/100\n|\n|t:|1700527190\n|-end|p1b: angy|Quark Drive|[silent]\n|switch|p1b: Crocodile|Palossand, L50, F, shiny|100\/100|[from] Volt Switch\n|move|p2a: Scotch Bonnet|Spore|p1b: Crocodile\n|-status|p1b: Crocodile|slp|[from] move: Spore\n|move|p1a: idkduud|Trick Room|p1a: idkduud\n|-fieldstart|move: Trick Room|[of] p1a: idkduud\n|\n|-heal|p1a: idkduud|26\/100|[from] item: Leftovers\n|upkeep\n|turn|2\n|\n|t:|1700527230\n|move|p2a: Scotch Bonnet|Sucker Punch|p1a: idkduud\n|-supereffective|p1a: idkduud\n|-damage|p1a: idkduud|0 fnt\n|faint|p1a: idkduud\n|cant|p1b: Crocodile|slp\n|move|p2b: Salmonrott|Night Slash|p1b: Crocodile\n|-supereffective|p1b: Crocodile\n|-damage|p1b: Crocodile|38\/100 slp\n|-damage|p2b: Salmonrott|53\/100|[from] item: Rocky Helmet|[of] p1b: Crocodile\n|\n|upkeep\n|\n|t:|1700527241\n|switch|p1a: IceAge|Cryogonal, L50, shiny|100\/100\n|-enditem|p1a: IceAge|Room Service\n|-unboost|p1a: IceAge|spe|1|[from] item: Room Service\n|turn|3\n|\n|t:|1700527295\n|-terastallize|p2a: Scotch Bonnet|Water\n|move|p2a: Scotch Bonnet|Sucker Punch||[still]\n|-fail|p2a: Scotch Bonnet\n|-curestatus|p1b: Crocodile|slp|[msg]\n|move|p1b: Crocodile|Shore Up|p1b: Crocodile\n|-heal|p1b: Crocodile|88\/100\n|move|p1a: IceAge|Ice Beam|p2a: Scotch Bonnet\n|-resisted|p2a: Scotch Bonnet\n|-crit|p2a: Scotch Bonnet\n|-damage|p2a: Scotch Bonnet|78\/100\n|move|p2b: Salmonrott|Night Slash|p1a: IceAge\n|-damage|p1a: IceAge|7\/100\n|\n|upkeep\n|turn|4\n|\n|t:|1700527315\n|move|p1a: IceAge|Protect|p1a: IceAge\n|-singleturn|p1a: IceAge|Protect\n|move|p2a: Scotch Bonnet|Sucker Punch||[still]\n|-fail|p2a: Scotch Bonnet\n|move|p1b: Crocodile|Stealth Rock|p2a: Scotch Bonnet\n|-sidestart|p2: PureNeutral|move: Stealth Rock\n|move|p2b: Salmonrott|Night Slash|p1b: Crocodile\n|-supereffective|p1b: Crocodile\n|-damage|p1b: Crocodile|29\/100\n|-damage|p2b: Salmonrott|36\/100|[from] item: Rocky Helmet|[of] p1b: Crocodile\n|\n|upkeep\n|turn|5\n|\n|t:|1700527328\n|switch|p1a: angy|Iron Treads, L50, shiny|100\/100\n|move|p2a: Scotch Bonnet|Sucker Punch||[still]\n|-fail|p2a: Scotch Bonnet\n|move|p1b: Crocodile|Shore Up|p1b: Crocodile\n|-heal|p1b: Crocodile|79\/100\n|move|p2b: Salmonrott|Night Slash|p1b: Crocodile\n|-supereffective|p1b: Crocodile\n|-damage|p1b: Crocodile|16\/100\n|-damage|p2b: Salmonrott|20\/100|[from] item: Rocky Helmet|[of] p1b: Crocodile\n|\n|-fieldend|move: Trick Room\n|upkeep\n|turn|6\n|\n|t:|1700527348\n|move|p2b: Salmonrott|Night Slash|p1b: Crocodile\n|-supereffective|p1b: Crocodile\n|-damage|p1b: Crocodile|0 fnt\n|-damage|p2b: Salmonrott|4\/100|[from] item: Rocky Helmet|[of] p1b: Crocodile\n|faint|p1b: Crocodile\n|move|p1a: angy|Volt Switch|p2b: Salmonrott\n|-supereffective|p2b: Salmonrott\n|-damage|p2b: Salmonrott|0 fnt\n|faint|p2b: Salmonrott\n|\n|t:|1700527357\n|-end|p1a: angy|Quark Drive|[silent]\n|switch|p1a: IceAge|Cryogonal, L50, shiny|7\/100|[from] Volt Switch\n|move|p2a: Scotch Bonnet|Seed Bomb|p1a: IceAge\n|-damage|p1a: IceAge|0 fnt\n|faint|p1a: IceAge\n|\n|upkeep\n|\n|t:|1700527372\n|switch|p2b: Arc & Fries|Arcanine-Hisui, L50, M, shiny|100\/100\n|switch|p1b: angy|Iron Treads, L50, shiny|100\/100\n|-damage|p2b: Arc & Fries|76\/100|[from] Stealth Rock\n|-ability|p2b: Arc & Fries|Intimidate|boost\n|-unboost|p1b: angy|atk|1\n|turn|7\n|\n|t:|1700527401\n|switch|p2b: Winetales|Ninetales, L50, F, shiny|100\/100\n|-damage|p2b: Winetales|76\/100|[from] Stealth Rock\n|-weather|SunnyDay|[from] ability: Drought|[of] p2b: Winetales\n|-activate|p2a: Scotch Bonnet|ability: Protosynthesis\n|-start|p2a: Scotch Bonnet|protosynthesisatk\n|move|p1b: angy|Earthquake|p2a: Scotch Bonnet|[spread] p2a,p2b\n|-supereffective|p2b: Winetales\n|-damage|p2a: Scotch Bonnet|56\/100\n|-damage|p2b: Winetales|25\/100\n|move|p2a: Scotch Bonnet|Spore|p1b: angy\n|-status|p1b: angy|slp|[from] move: Spore\n|\n|-weather|SunnyDay|[upkeep]\n|upkeep\n|turn|8\n|l| Pokemon_and_beer\n|j| Pokemon_and_beer\n|\n|t:|1700527419\n|move|p2b: Winetales|Overheat|p1b: angy\n|-supereffective|p1b: angy\n|-damage|p1b: angy|0 fnt\n|-unboost|p2b: Winetales|spa|2\n|faint|p1b: angy\n|-end|p1b: angy|Quark Drive|[silent]\n|\n|win|PureNeutral\n|c|&|\/uhtml prompt-pureneutral,PureNeutral is ready for game 2!\n|c|\u2606gooseiq|GG\n|inactive|gooseiq has 50 seconds to confirm battle start!\n","uploadtime":1700527430,"views":29,"p1id":"gooseiq","p2id":"pureneutral","formatid":"gen9vgc2023regulatione","rating":0,"private":0,"password":""}