{"id":"gen9vgc2023regulatione-1990458001","p1":"Syntex93","p2":"Matt142718","format":"[Gen 9] VGC 2023 Regulation E","log":"|j|\u2606Syntex93\n|j|\u2606Matt142718\n|n|\u2606Syntex93|syntex93\n|n|\u2606Matt142718|matt142718\n|html|View the match progress at <a href=\"\/game-bestof3-gen9vgc2023regulatione-1990458000\">game-bestof3-gen9vgc2023regulatione-1990458000<\/a>\n|t:|1699972838\n|gametype|doubles\n|player|p1|Syntex93|alec-anime|\n|player|p2|Matt142718|1|\n|teamsize|p1|6\n|teamsize|p2|6\n|gen|9\n|tier|[Gen 9] VGC 2023 Regulation E\n|rule|Species Clause: Limit one of each Pok\u00e9mon\n|rule|Item Clause: Limit one of each item\n|clearpoke\n|poke|p1|Roaring Moon, L50|\n|poke|p1|Urshifu-*, L50, F|\n|poke|p1|Weezing, L50, F|\n|poke|p1|Rillaboom, L50, M|\n|poke|p1|Ogerpon-Hearthflame, L50, F|\n|poke|p1|Flutter Mane, L50|\n|poke|p2|Dragonite, L50, M|\n|poke|p2|Chien-Pao, L50|\n|poke|p2|Rillaboom, L50, F|\n|poke|p2|Farigiraf, L50, F|\n|poke|p2|Urshifu-*, L50, F|\n|poke|p2|Heatran, L50, F|\n|teampreview|4\nMatt142718 has agreed to open team sheets.\nSyntex93 has agreed to open team sheets.\n|showteam|p1|Roaring Moon||BoosterEnergy|Protosynthesis|Acrobatics,KnockOff,Tailwind,Protect||||||50|,,,,,Flying]Urshifu-Rapid-Strike||ChoiceScarf|UnseenFist|SurgingStrikes,AquaJet,Uturn,CloseCombat|||F|||50|,,,,,Water]Weezing||SitrusBerry|NeutralizingGas|WillOWisp,GunkShot,Protect,Taunt|||F|||50|,,,,,Ghost]Rillaboom||AssaultVest|GrassySurge|FakeOut,WoodHammer,GrassyGlide,HighHorsepower|||M|||50|,,,,,Fire]Ogerpon-Hearthflame||HearthflameMask|MoldBreaker|IvyCudgel,WoodHammer,GrassyGlide,SpikyShield|||F|||50|,,,,,Fire]Flutter Mane||ChoiceSpecs|Protosynthesis|Moonblast,DazzlingGleam,ShadowBall,PowerGem||||||50|,,,,,Fairy\n|showteam|p2|Dragonite||ChoiceBand|InnerFocus|ExtremeSpeed,AerialAce,StompingTantrum,Outrage|||M|||50|,,,,,Normal]Chien-Pao||FocusSash|SwordofRuin|IcicleCrash,SuckerPunch,SacredSword,Protect||||||50|,,,,,Ghost]Rillaboom||MiracleSeed|GrassySurge|FakeOut,GrassyGlide,WoodHammer,Protect|||F|||50|,,,,,Grass]Farigiraf||SitrusBerry|ArmorTail|Psychic,TrickRoom,DazzlingGleam,HelpingHand|||F|||50|,,,,,Water]Urshifu-Rapid-Strike||ChoiceScarf|UnseenFist|SurgingStrikes,AquaJet,Uturn,CloseCombat|||F|||50|,,,,,Water]Heatran||AssaultVest|FlashFire|TeraBlast,HeatWave,EarthPower,FlashCannon|||F|||50|,,,,,Fairy\n|c|\u2606Syntex93|glhf\n|c|\u2606Matt142718|Glhf\n|\n|t:|1699972946\n|start\n|switch|p1a: Weezing|Weezing, L50, F|100\/100\n|switch|p1b: Flutter Mane|Flutter Mane, L50|100\/100\n|switch|p2a: Urshifu|Urshifu-Rapid-Strike, L50, F|100\/100\n|switch|p2b: Farigiraf|Farigiraf, L50, F|100\/100\n|-ability|p1a: Weezing|Neutralizing Gas\n|turn|1\n|\n|t:|1699973001\n|-end|p1b: Flutter Mane|Protosynthesis|[silent]\n|switch|p1b: Roaring Moon|Roaring Moon, L50|100\/100\n|-enditem|p1b: Roaring Moon|Booster Energy\n|-activate|p1b: Roaring Moon|ability: Protosynthesis|[fromitem]\n|-start|p1b: Roaring Moon|protosynthesisspe\n|-terastallize|p2a: Urshifu|Water\n|move|p2a: Urshifu|Surging Strikes|p1a: Weezing\n|-crit|p1a: Weezing\n|-damage|p1a: Weezing|73\/100\n|-crit|p1a: Weezing\n|-damage|p1a: Weezing|46\/100\n|-enditem|p1a: Weezing|Sitrus Berry|[eat]\n|-heal|p1a: Weezing|71\/100|[from] item: Sitrus Berry\n|-crit|p1a: Weezing\n|-damage|p1a: Weezing|44\/100\n|-hitcount|p1a: Weezing|3\n|move|p2b: Farigiraf|Psychic|p1a: Weezing\n|-supereffective|p1a: Weezing\n|-damage|p1a: Weezing|0 fnt\n|faint|p1a: Weezing\n|-end|p1a: Weezing|ability: Neutralizing Gas\n|\n|upkeep\n|\n|t:|1699973024\n|switch|p1a: Urshifu|Urshifu-Rapid-Strike, L50, F|100\/100\n|turn|2\n|\n|t:|1699973061\n|-terastallize|p1a: Urshifu|Water\n|move|p1b: Roaring Moon|Knock Off|p2b: Farigiraf\n|-supereffective|p2b: Farigiraf\n|-damage|p2b: Farigiraf|18\/100\n|-enditem|p2b: Farigiraf|Sitrus Berry|[from] move: Knock Off|[of] p1b: Roaring Moon\n|move|p1a: Urshifu|Surging Strikes|p2b: Farigiraf\n|-crit|p2b: Farigiraf\n|-damage|p2b: Farigiraf|0 fnt\n|faint|p2b: Farigiraf\n|-hitcount|p2: Farigiraf|1\n|move|p2a: Urshifu|Surging Strikes|p1b: Roaring Moon\n|-resisted|p1b: Roaring Moon\n|-crit|p1b: Roaring Moon\n|-damage|p1b: Roaring Moon|83\/100\n|-resisted|p1b: Roaring Moon\n|-crit|p1b: Roaring Moon\n|-damage|p1b: Roaring Moon|68\/100\n|-resisted|p1b: Roaring Moon\n|-crit|p1b: Roaring Moon\n|-damage|p1b: Roaring Moon|52\/100\n|-hitcount|p1b: Roaring Moon|3\n|\n|upkeep\n|\n|t:|1699973081\n|switch|p2b: Dragonite|Dragonite, L50, M|100\/100\n|turn|3\n|\n|t:|1699973118\n|move|p2b: Dragonite|Extreme Speed|p1a: Urshifu\n|-damage|p1a: Urshifu|55\/100\n|move|p1b: Roaring Moon|Knock Off|p2a: Urshifu\n|-damage|p2a: Urshifu|54\/100\n|-enditem|p2a: Urshifu|Choice Scarf|[from] move: Knock Off|[of] p1b: Roaring Moon\n|move|p1a: Urshifu|Surging Strikes|p2a: Urshifu\n|-resisted|p2a: Urshifu\n|-crit|p2a: Urshifu\n|-damage|p2a: Urshifu|41\/100\n|-resisted|p2a: Urshifu\n|-crit|p2a: Urshifu\n|-damage|p2a: Urshifu|27\/100\n|-resisted|p2a: Urshifu\n|-crit|p2a: Urshifu\n|-damage|p2a: Urshifu|14\/100\n|-hitcount|p2a: Urshifu|3\n|move|p2a: Urshifu|Surging Strikes|p1a: Urshifu\n|-resisted|p1a: Urshifu\n|-crit|p1a: Urshifu\n|-damage|p1a: Urshifu|39\/100\n|-resisted|p1a: Urshifu\n|-crit|p1a: Urshifu\n|-damage|p1a: Urshifu|23\/100\n|-resisted|p1a: Urshifu\n|-crit|p1a: Urshifu\n|-damage|p1a: Urshifu|6\/100\n|-hitcount|p1a: Urshifu|3\n|\n|upkeep\n|turn|4\n|\n|t:|1699973152\n|move|p2b: Dragonite|Extreme Speed|p1b: Roaring Moon\n|-damage|p1b: Roaring Moon|0 fnt\n|faint|p1b: Roaring Moon\n|-end|p1b: Roaring Moon|Protosynthesis|[silent]\n|move|p2a: Urshifu|Aqua Jet|p1a: Urshifu\n|-resisted|p1a: Urshifu\n|-damage|p1a: Urshifu|0 fnt\n|faint|p1a: Urshifu\n|\n|upkeep\n|\n|t:|1699973157\n|switch|p1a: Flutter Mane|Flutter Mane, L50|100\/100\n|turn|5\n|\n|t:|1699973179\n|switch|p2b: Chien-Pao|Chien-Pao, L50|100\/100\n|-ability|p2b: Chien-Pao|Sword of Ruin\n|move|p2a: Urshifu|Aqua Jet|p1a: Flutter Mane\n|-damage|p1a: Flutter Mane|46\/100\n|move|p1a: Flutter Mane|Dazzling Gleam|p2a: Urshifu|[spread] p2a,p2b\n|-supereffective|p2b: Chien-Pao\n|-damage|p2a: Urshifu|0 fnt\n|-enditem|p2b: Chien-Pao|Focus Sash\n|-damage|p2b: Chien-Pao|1\/100\n|faint|p2a: Urshifu\n|\n|upkeep\n|\n|t:|1699973189\n|switch|p2a: Dragonite|Dragonite, L50, M|100\/100\n|turn|6\n|\n|t:|1699973196\n|move|p2b: Chien-Pao|Sucker Punch|p1a: Flutter Mane\n|-damage|p1a: Flutter Mane|0 fnt\n|faint|p1a: Flutter Mane\n|-end|p1a: Flutter Mane|Protosynthesis|[silent]\n|\n|win|Matt142718\n|c|\u2606Syntex93|gg\n|c|&|\/uhtml prompt-syntex93,Syntex93 is ready for game 2!\n|c|\u2606Matt142718|Gg\n|inactive|Matt142718 has 50 seconds to confirm battle start!\n|c|&|\/uhtml prompt-matt142718,Matt142718 is ready for game 2!\nBoth players are ready! Starting next match!\n","uploadtime":1699974361,"views":10,"p1id":"syntex93","p2id":"matt142718","formatid":"gen9vgc2023regulatione","rating":0,"private":0,"password":""}