{"id":"gen9vgc2023regulatione-1995577774","p1":"zenekboys","p2":"hamila0071102","format":"[Gen 9] VGC 2023 Regulation E","log":"|j|\u2606zenekboys\n|j|\u2606hamila0071102\n|t:|1700584439\n|gametype|doubles\n|player|p1|zenekboys|265|1042\n|player|p2|hamila0071102|2|1000\n|teamsize|p1|6\n|teamsize|p2|6\n|gen|9\n|tier|[Gen 9] VGC 2023 Regulation E\n|rated|\n|rule|Species Clause: Limit one of each Pok\u00e9mon\n|rule|Item Clause: Limit one of each item\n|clearpoke\n|poke|p1|Flutter Mane, L50|\n|poke|p1|Lucario, L50, M|\n|poke|p1|Ogerpon-Wellspring, L50, F|\n|poke|p1|Dragapult, L50, F|\n|poke|p1|Iron Bundle, L50|\n|poke|p1|Kingambit, L50, F|\n|poke|p2|Chandelure, L50, F|\n|poke|p2|Arboliva, L50, F|\n|poke|p2|Urshifu-*, L50, M|\n|poke|p2|Sinistcha-Masterpiece, L50|\n|poke|p2|Tornadus, L50, M|\n|poke|p2|Arcanine-Hisui, L50, F|\n|teampreview|4\n|\n|t:|1700584506\n|start\n|switch|p1a: Iron Bundle|Iron Bundle, L50, shiny|100\/100\n|switch|p1b: Dragapult|Dragapult, L50, F, shiny|100\/100\n|switch|p2a: Tornadus|Tornadus, L50, M|100\/100\n|switch|p2b: Arcanine|Arcanine-Hisui, L50, F, shiny|100\/100\n|-ability|p2b: Arcanine|Intimidate|boost\n|-unboost|p1a: Iron Bundle|atk|1\n|-fail|p1b: Dragapult|unboost|[from] ability: Clear Body|[of] p1b: Dragapult\n|-enditem|p1a: Iron Bundle|Booster Energy\n|-activate|p1a: Iron Bundle|ability: Quark Drive|[fromitem]\n|-start|p1a: Iron Bundle|quarkdrivespe\n|turn|1\n|\n|t:|1700584540\n|-terastallize|p2b: Arcanine|Normal\n|move|p2a: Tornadus|Sunny Day|p2a: Tornadus\n|-weather|SunnyDay\n|move|p1a: Iron Bundle|Icy Wind|p2b: Arcanine|[spread] p2a,p2b\n|-supereffective|p2a: Tornadus\n|-damage|p2a: Tornadus|45\/100\n|-damage|p2b: Arcanine|75\/100\n|-unboost|p2a: Tornadus|spe|1\n|-unboost|p2b: Arcanine|spe|1\n|move|p1b: Dragapult|U-turn|p2a: Tornadus\n|-resisted|p2a: Tornadus\n|-damage|p2a: Tornadus|26\/100\n|\n|t:|1700584557\n|switch|p1b: Ogerpon|Ogerpon-Wellspring, L50, F|100\/100|[from] U-turn\n|move|p2b: Arcanine|Flare Blitz|p1a: Iron Bundle\n|-damage|p1a: Iron Bundle|0 fnt\n|faint|p1a: Iron Bundle\n|-end|p1a: Iron Bundle|Quark Drive|[silent]\n|-damage|p2b: Arcanine|50\/100|[from] Recoil\n|\n|-weather|SunnyDay|[upkeep]\n|upkeep\n|\n|t:|1700584570\n|switch|p1a: Dragapult|Dragapult, L50, F, shiny|100\/100\n|turn|2\n|\n|t:|1700584596\n|move|p1b: Ogerpon|Spiky Shield|p1b: Ogerpon\n|-singleturn|p1b: Ogerpon|move: Protect\n|move|p2a: Tornadus|Tailwind|p2a: Tornadus\n|-sidestart|p2: hamila0071102|move: Tailwind\n|move|p1a: Dragapult|Dragon Darts|p2a: Tornadus\n|-damage|p2a: Tornadus|0 fnt\n|-anim|p1a: Dragapult|Dragon Darts|p2b: Arcanine\n|-damage|p2b: Arcanine|3\/100\n|faint|p2a: Tornadus\n|move|p2b: Arcanine|Flare Blitz|p1b: Ogerpon\n|-activate|p1b: Ogerpon|move: Protect\n|-damage|p2b: Arcanine|0 fnt|[from] Spiky Shield|[of] p1b: Ogerpon\n|faint|p2b: Arcanine\n|\n|-weather|SunnyDay|[upkeep]\n|upkeep\n|\n|t:|1700584611\n|switch|p2a: Chandelure|Chandelure, L50, F|100\/100\n|switch|p2b: Arboliva|Arboliva, L50, F, shiny|100\/100\n|turn|3\n|\n|t:|1700584640\n|-terastallize|p1b: Ogerpon|Water\n|detailschange|p1b: Ogerpon|Ogerpon-Wellspring-Tera, L50, F, tera:Water\n|-ability|p1b: Ogerpon|Embody Aspect (Wellspring)|boost\n|-boost|p1b: Ogerpon|spd|1\n|move|p2a: Chandelure|Trick||[still]\n|-fail|p2a: Chandelure\n|move|p1a: Dragapult|Dragon Darts|p2a: Chandelure\n|-damage|p2a: Chandelure|42\/100\n|-anim|p1a: Dragapult|Dragon Darts|p2b: Arboliva\n|-damage|p2b: Arboliva|72\/100\n|-fieldstart|move: Grassy Terrain|[from] ability: Seed Sower|[of] p2b: Arboliva\n|move|p1b: Ogerpon|Ivy Cudgel|p2a: Chandelure|[anim] Ivy Cudgel Water\n|-supereffective|p2a: Chandelure\n|-crit|p2a: Chandelure\n|-damage|p2a: Chandelure|0 fnt\n|faint|p2a: Chandelure\n|move|p2b: Arboliva|Leech Seed|p1a: Dragapult\n|-start|p1a: Dragapult|move: Leech Seed\n|\n|-weather|SunnyDay|[upkeep]\n|-heal|p2b: Arboliva|78\/100|[from] Grassy Terrain\n|-heal|p2b: Arboliva|84\/100|[from] item: Leftovers\n|-damage|p1a: Dragapult|88\/100|[from] Leech Seed|[of] p2b: Arboliva\n|-heal|p2b: Arboliva|95\/100|[silent]\n|upkeep\n|turn|4\n|\n|t:|1700584676\n|switch|p1a: Flutter Mane|Flutter Mane, L50|100\/100\n|-activate|p1a: Flutter Mane|ability: Protosynthesis\n|-start|p1a: Flutter Mane|protosynthesisspa\n|move|p1b: Ogerpon|Spiky Shield|p1b: Ogerpon\n|-singleturn|p1b: Ogerpon|move: Protect\n|move|p2b: Arboliva|Weather Ball|p1a: Flutter Mane\n|-damage|p1a: Flutter Mane|57\/100\n|\n|-weather|SunnyDay|[upkeep]\n|-heal|p1a: Flutter Mane|63\/100|[from] Grassy Terrain\n|-heal|p2b: Arboliva|100\/100|[from] Grassy Terrain\n|upkeep\n|turn|5\n|\n|t:|1700584705\n|move|p1b: Ogerpon|Follow Me|p1b: Ogerpon\n|-singleturn|p1b: Ogerpon|move: Follow Me\n|move|p1a: Flutter Mane|Moonblast|p2b: Arboliva\n|-damage|p2b: Arboliva|37\/100\n|move|p2b: Arboliva|Weather Ball|p1b: Ogerpon\n|-resisted|p1b: Ogerpon\n|-damage|p1b: Ogerpon|87\/100\n|\n|-weather|none\n|-end|p1a: Flutter Mane|Protosynthesis\n|-heal|p1a: Flutter Mane|69\/100|[from] Grassy Terrain\n|-heal|p1b: Ogerpon|92\/100|[from] Grassy Terrain\n|-heal|p2b: Arboliva|43\/100|[from] Grassy Terrain\n|-heal|p2b: Arboliva|49\/100|[from] item: Leftovers\n|-sideend|p2: hamila0071102|move: Tailwind\n|upkeep\n|turn|6\n|-message|hamila0071102 forfeited.\n|\n|win|zenekboys\n|raw|zenekboys's rating: 1042 &rarr; <strong>1072<\/strong><br \/>(+30 for winning)\n|raw|hamila0071102's rating: 1000 &rarr; <strong>1000<\/strong><br \/>(+0 for losing)\n|l|\u2606hamila0071102\n|l|\u2606zenekboys\n","uploadtime":1700584870,"views":13,"p1id":"zenekboys","p2id":"hamila0071102","formatid":"gen9vgc2023regulatione","rating":1000,"private":0,"password":""}