{"id":"gen9vgc2023regulatione-1999371528","p1":"VortexTheGOAT","p2":"QUANGHAIDANGloghh","format":"[Gen 9] VGC 2023 Regulation E","log":"|j|\u2606VortexTheGOAT\n|j|\u2606QUANGHAIDANGloghh\n|t:|1701068753\n|gametype|doubles\n|player|p1|VortexTheGOAT|102|1104\n|player|p2|QUANGHAIDANGloghh|pokekid|1089\n|teamsize|p1|6\n|teamsize|p2|6\n|gen|9\n|tier|[Gen 9] VGC 2023 Regulation E\n|rated|\n|rule|Species Clause: Limit one of each Pok\u00e9mon\n|rule|Item Clause: Limit one of each item\n|clearpoke\n|poke|p1|Pelipper, L50, F|\n|poke|p1|Urshifu-*, L50, F|\n|poke|p1|Thundurus-Therian, L50, M|\n|poke|p1|Farigiraf, L50, F|\n|poke|p1|Weezing, L50, F|\n|poke|p1|Roaring Moon, L50|\n|poke|p2|Ogerpon-Hearthflame, L50, F|\n|poke|p2|Indeedee-F, L50, F|\n|poke|p2|Torkoal, L50, F|\n|poke|p2|Flutter Mane, L50|\n|poke|p2|Lilligant-Hisui, L50, F|\n|poke|p2|Chi-Yu, L50|\n|teampreview|4\n|\n|t:|1701068773\n|start\n|switch|p1a: Pelipper|Pelipper, L50, F|100\/100\n|switch|p1b: Urshifu|Urshifu-Rapid-Strike, L50, F|100\/100\n|switch|p2a: Indeedee|Indeedee-F, L50, F|100\/100\n|switch|p2b: Ogerpon|Ogerpon-Hearthflame, L50, F|100\/100\n|-ability|p2b: Ogerpon|Mold Breaker\n|-weather|RainDance|[from] ability: Drizzle|[of] p1a: Pelipper\n|-fieldstart|move: Psychic Terrain|[from] ability: Psychic Surge|[of] p2a: Indeedee\n|turn|1\n|\n|t:|1701068790\n|switch|p2b: Torkoal|Torkoal, L50, F|100\/100\n|-weather|SunnyDay|[from] ability: Drought|[of] p2b: Torkoal\n|switch|p1a: Weezing|Weezing, L50, F|100\/100\n|-ability|p1a: Weezing|Neutralizing Gas\n|move|p2a: Indeedee|Follow Me|p2a: Indeedee\n|-singleturn|p2a: Indeedee|move: Follow Me\n|move|p1b: Urshifu|Surging Strikes|p2a: Indeedee\n|-crit|p2a: Indeedee\n|-damage|p2a: Indeedee|87\/100\n|-damage|p1b: Urshifu|84\/100|[from] item: Rocky Helmet|[of] p2a: Indeedee\n|-crit|p2a: Indeedee\n|-damage|p2a: Indeedee|73\/100\n|-damage|p1b: Urshifu|67\/100|[from] item: Rocky Helmet|[of] p2a: Indeedee\n|-crit|p2a: Indeedee\n|-damage|p2a: Indeedee|60\/100\n|-damage|p1b: Urshifu|51\/100|[from] item: Rocky Helmet|[of] p2a: Indeedee\n|-hitcount|p2a: Indeedee|3\n|\n|-weather|SunnyDay|[upkeep]\n|upkeep\n|turn|2\n|\n|t:|1701068816\n|switch|p1b: Pelipper|Pelipper, L50, F|100\/100\n|move|p2a: Indeedee|Follow Me|p2a: Indeedee\n|-singleturn|p2a: Indeedee|move: Follow Me\n|move|p1a: Weezing|Gunk Shot|p2a: Indeedee\n|-damage|p2a: Indeedee|9\/100\n|move|p2b: Torkoal|Earth Power|p1a: Weezing\n|-supereffective|p1a: Weezing\n|-damage|p1a: Weezing|46\/100\n|-enditem|p1a: Weezing|Sitrus Berry|[eat]\n|-heal|p1a: Weezing|71\/100|[from] item: Sitrus Berry\n|\n|-weather|SunnyDay|[upkeep]\n|upkeep\n|turn|3\n|\n|t:|1701068841\n|-end|p1a: Weezing|ability: Neutralizing Gas\n|-weather|RainDance|[from] ability: Drizzle|[of] p1b: Pelipper\n|-weather|SunnyDay|[from] ability: Drought|[of] p2b: Torkoal\n|switch|p1a: Thundurus|Thundurus-Therian, L50, M|100\/100\n|move|p1b: Pelipper|Weather Ball|p2b: Torkoal\n|-resisted|p2b: Torkoal\n|-damage|p2b: Torkoal|64\/100\n|move|p2a: Indeedee|Psychic|p1a: Thundurus\n|-damage|p1a: Thundurus|45\/100\n|move|p2b: Torkoal|Eruption|p1b: Pelipper|[spread] p1a,p1b\n|-resisted|p1b: Pelipper\n|-damage|p1a: Thundurus|0 fnt\n|-damage|p1b: Pelipper|67\/100\n|faint|p1a: Thundurus\n|\n|-weather|SunnyDay|[upkeep]\n|upkeep\n|\n|t:|1701068857\n|switch|p1a: Weezing|Weezing, L50, F|71\/100\n|-ability|p1a: Weezing|Neutralizing Gas\n|turn|4\n|\n|t:|1701068880\n|move|p2a: Indeedee|Follow Me|p2a: Indeedee\n|-singleturn|p2a: Indeedee|move: Follow Me\n|move|p1b: Pelipper|Weather Ball|p2a: Indeedee\n|-damage|p2a: Indeedee|0 fnt\n|faint|p2a: Indeedee\n|move|p1a: Weezing|Gunk Shot|p2b: Torkoal\n|-damage|p2b: Torkoal|35\/100\n|move|p2b: Torkoal|Heat Wave|p1a: Weezing|[spread] p1a,p1b\n|-resisted|p1b: Pelipper\n|-damage|p1a: Weezing|27\/100\n|-damage|p1b: Pelipper|32\/100\n|\n|-weather|SunnyDay|[upkeep]\n|upkeep\n|\n|t:|1701068892\n|switch|p2a: Flutter Mane|Flutter Mane, L50|100\/100\n|-activate|p2a: Flutter Mane|ability: Protosynthesis\n|-start|p2a: Flutter Mane|protosynthesisspe\n|turn|5\n|\n|t:|1701068902\n|move|p1b: Pelipper|Wide Guard|p1b: Pelipper\n|-singleturn|p1b: Pelipper|Wide Guard\n|move|p2a: Flutter Mane|Shadow Ball|p1a: Weezing\n|-damage|p1a: Weezing|0 fnt\n|faint|p1a: Weezing\n|-end|p1a: Weezing|ability: Neutralizing Gas\n|-weather|RainDance|[from] ability: Drizzle|[of] p1b: Pelipper\n|-end|p2a: Flutter Mane|Protosynthesis\n|-weather|SunnyDay|[from] ability: Drought|[of] p2b: Torkoal\n|-activate|p2a: Flutter Mane|ability: Protosynthesis\n|-start|p2a: Flutter Mane|protosynthesisspe\n|move|p2b: Torkoal|Heat Wave|p1b: Pelipper\n|-activate|p1b: Pelipper|move: Wide Guard\n|\n|-weather|SunnyDay|[upkeep]\n|-fieldend|move: Psychic Terrain\n|upkeep\n|\n|t:|1701068916\n|switch|p1a: Urshifu|Urshifu-Rapid-Strike, L50, F|51\/100\n|turn|6\n|\n|t:|1701068937\n|-terastallize|p2a: Flutter Mane|Ghost\n|-terastallize|p1a: Urshifu|Water\n|move|p2a: Flutter Mane|Shadow Ball|p1a: Urshifu\n|-damage|p1a: Urshifu|0 fnt\n|faint|p1a: Urshifu\n|move|p1b: Pelipper|Hurricane|p2b: Torkoal\n|-damage|p2b: Torkoal|0 fnt\n|faint|p2b: Torkoal\n|\n|-weather|SunnyDay|[upkeep]\n|upkeep\n|\n|t:|1701068961\n|switch|p2b: Ogerpon|Ogerpon-Hearthflame, L50, F|100\/100\n|-ability|p2b: Ogerpon|Mold Breaker\n|turn|7\n|\n|t:|1701068970\n|move|p2a: Flutter Mane|Shadow Ball|p1b: Pelipper\n|-damage|p1b: Pelipper|0 fnt\n|faint|p1b: Pelipper\n|\n|win|QUANGHAIDANGloghh\n|raw|VortexTheGOAT's rating: 1104 &rarr; <strong>1078<\/strong><br \/>(-26 for losing)\n|raw|QUANGHAIDANGloghh's rating: 1089 &rarr; <strong>1117<\/strong><br \/>(+28 for winning)\n","uploadtime":1701068976,"views":5,"p1id":"vortexthegoat","p2id":"quanghaidangloghh","formatid":"gen9vgc2023regulatione","rating":1078,"private":0,"password":""}