{"id":"gen9vgc2023regulatione-1990919638","p1":"Qwano","p2":"BotGamer303","format":"[Gen 9] VGC 2023 Regulation E","log":"|j|\u2606Qwano\n|j|\u2606BotGamer303\n|t:|1700015173\n|gametype|doubles\n|player|p1|Qwano|1|1165\n|player|p2|BotGamer303|170|1158\n|teamsize|p1|6\n|teamsize|p2|6\n|gen|9\n|tier|[Gen 9] VGC 2023 Regulation E\n|rated|\n|rule|Species Clause: Limit one of each Pok\u00e9mon\n|rule|Item Clause: Limit one of each item\n|clearpoke\n|poke|p1|Glimmora, L50, M|\n|poke|p1|Articuno-Galar, L50|\n|poke|p1|Kommo-o, L50, F|\n|poke|p1|Fezandipiti, L50, M|\n|poke|p1|Sinistcha, L50|\n|poke|p1|Mimikyu, L50, M|\n|poke|p2|Ursaluna, L50, M|\n|poke|p2|Indeedee-F, L50, F|\n|poke|p2|Torkoal, L50, F|\n|poke|p2|Dragonite, L50, M|\n|poke|p2|Vikavolt, L50, F|\n|poke|p2|Gastrodon-East, L50, M|\n|teampreview|4\n|inactive|Battle timer is ON: inactive players will automatically lose when time's up. (requested by BotGamer303)\n|inactive|BotGamer303 has 60 seconds left.\n|\n|t:|1700015231\n|start\n|switch|p1a: Kommo-o|Kommo-o, L50, F|100\/100\n|switch|p1b: Sinistcha|Sinistcha, L50|100\/100\n|switch|p2a: Vikavolt|Vikavolt, L50, F|100\/100\n|switch|p2b: Torkoal|Torkoal, L50, F|100\/100\n|-weather|SunnyDay|[from] ability: Drought|[of] p2b: Torkoal\n|turn|1\n|inactive|Qwano has 30 seconds left.\n|inactive|BotGamer303 has 30 seconds left.\n|inactive|Qwano has 20 seconds left.\n|inactive|BotGamer303 has 20 seconds left.\n|inactive|Qwano has 15 seconds left.\n|inactive|BotGamer303 has 15 seconds left.\n|inactive|Qwano has 10 seconds left.\n|\n|t:|1700015277\n|-terastallize|p2a: Vikavolt|Flying\n|move|p1b: Sinistcha|Rage Powder|p1b: Sinistcha\n|-singleturn|p1b: Sinistcha|move: Rage Powder\n|move|p1a: Kommo-o|Iron Defense|p1a: Kommo-o\n|-boost|p1a: Kommo-o|def|2\n|move|p2a: Vikavolt|Tera Blast|p1b: Sinistcha|[anim] Tera Blast Flying\n|-supereffective|p1b: Sinistcha\n|-damage|p1b: Sinistcha|0 fnt\n|faint|p1b: Sinistcha\n|move|p2b: Torkoal|Heat Wave|p1a: Kommo-o\n|-resisted|p1a: Kommo-o\n|-damage|p1a: Kommo-o|66\/100\n|\n|-weather|SunnyDay|[upkeep]\n|-heal|p1a: Kommo-o|73\/100|[from] item: Leftovers\n|upkeep\n|\n|t:|1700015290\n|switch|p1b: Glimmora|Glimmora, L50, M|100\/100\n|turn|2\n|\n|t:|1700015306\n|switch|p2a: Ursaluna|Ursaluna, L50, M|100\/100\n|move|p1b: Glimmora|Power Gem|p2a: Ursaluna\n|-resisted|p2a: Ursaluna\n|-damage|p2a: Ursaluna|84\/100\n|move|p1a: Kommo-o|Body Press|p2b: Torkoal\n|-damage|p2b: Torkoal|39\/100\n|move|p2b: Torkoal|Eruption|p1a: Kommo-o|[spread] p1a,p1b\n|-resisted|p1a: Kommo-o\n|-resisted|p1b: Glimmora\n|-damage|p1a: Kommo-o|57\/100\n|-damage|p1b: Glimmora|80\/100\n|\n|-weather|SunnyDay|[upkeep]\n|-heal|p1a: Kommo-o|63\/100|[from] item: Leftovers\n|-status|p2a: Ursaluna|brn|[from] item: Flame Orb\n|upkeep\n|turn|3\n|inactive|Qwano has 30 seconds left.\n|\n|t:|1700015334\n|-terastallize|p1a: Kommo-o|Steel\n|move|p2a: Ursaluna|Protect|p2a: Ursaluna\n|-singleturn|p2a: Ursaluna|Protect\n|move|p1b: Glimmora|Power Gem|p2b: Torkoal\n|-supereffective|p2b: Torkoal\n|-damage|p2b: Torkoal|0 fnt\n|faint|p2b: Torkoal\n|move|p1a: Kommo-o|Body Press|p2a: Ursaluna\n|-activate|p2a: Ursaluna|move: Protect\n|\n|-weather|SunnyDay|[upkeep]\n|-heal|p1a: Kommo-o|69\/100|[from] item: Leftovers\n|-damage|p2a: Ursaluna|79\/100 brn|[from] brn\n|upkeep\n|\n|t:|1700015343\n|switch|p2b: Dragonite|Dragonite, L50, M|100\/100\n|turn|4\n|\n|t:|1700015357\n|move|p1b: Glimmora|Power Gem|p2b: Dragonite\n|-supereffective|p2b: Dragonite\n|-damage|p2b: Dragonite|49\/100\n|move|p1a: Kommo-o|Body Press|p2a: Ursaluna\n|-supereffective|p2a: Ursaluna\n|-damage|p2a: Ursaluna|0 fnt\n|faint|p2a: Ursaluna\n|move|p2b: Dragonite|Stomping Tantrum|p1a: Kommo-o\n|-supereffective|p1a: Kommo-o\n|-damage|p1a: Kommo-o|48\/100\n|\n|-weather|SunnyDay|[upkeep]\n|-heal|p1a: Kommo-o|54\/100|[from] item: Leftovers\n|upkeep\n|\n|t:|1700015363\n|switch|p2a: Vikavolt|Vikavolt, L50, F, tera:Flying|100\/100\n|turn|5\n|\n|t:|1700015375\n|move|p2b: Dragonite|Extreme Speed|p1b: Glimmora\n|-resisted|p1b: Glimmora\n|-damage|p1b: Glimmora|59\/100\n|-activate|p1b: Glimmora|ability: Toxic Debris\n|-sidestart|p2: BotGamer303|move: Toxic Spikes\n|move|p1b: Glimmora|Power Gem|p2a: Vikavolt\n|-supereffective|p2a: Vikavolt\n|-damage|p2a: Vikavolt|0 fnt\n|faint|p2a: Vikavolt\n|move|p1a: Kommo-o|Body Press|p2b: Dragonite\n|-resisted|p2b: Dragonite\n|-damage|p2b: Dragonite|6\/100\n|\n|-weather|none\n|-heal|p1a: Kommo-o|60\/100|[from] item: Leftovers\n|upkeep\n|turn|6\n|-message|BotGamer303 forfeited.\n|\n|win|Qwano\n|raw|Qwano's rating: 1165 &rarr; <strong>1189<\/strong><br \/>(+24 for winning)\n|raw|BotGamer303's rating: 1158 &rarr; <strong>1134<\/strong><br \/>(-24 for losing)\n|l|\u2606BotGamer303\n","uploadtime":1700015393,"views":27,"p1id":"qwano","p2id":"botgamer303","formatid":"gen9vgc2023regulatione","rating":1134,"private":0,"password":""}