{"id":"gen9vgc2023regulatione-1988662857","p1":"sentient_table","p2":"ThatPurpleGem","format":"[Gen 9] VGC 2023 Regulation E","log":"|j|\u2606sentient_table\n|j|\u2606ThatPurpleGem\n|t:|1699747729\n|gametype|doubles\n|player|p1|sentient_table|maid|1118\n|player|p2|ThatPurpleGem|grusha|1158\n|teamsize|p1|6\n|teamsize|p2|6\n|gen|9\n|tier|[Gen 9] VGC 2023 Regulation E\n|rated|\n|rule|Species Clause: Limit one of each Pok\u00e9mon\n|rule|Item Clause: Limit one of each item\n|clearpoke\n|poke|p1|Heatran, L50, F|\n|poke|p1|Grimmsnarl, L50, M|\n|poke|p1|Rillaboom, L50, M|\n|poke|p1|Flutter Mane, L50|\n|poke|p1|Uxie, L50|\n|poke|p1|Iron Hands, L50|\n|poke|p2|Ninetales-Alola, L50, M|\n|poke|p2|Baxcalibur, L50, F|\n|poke|p2|Ogerpon-Hearthflame, L50, F|\n|poke|p2|Ursaluna-Bloodmoon, L50, M|\n|poke|p2|Urshifu-*, L50, M|\n|poke|p2|Lokix, L50, M|\n|teampreview|4\n|inactive|Battle timer is ON: inactive players will automatically lose when time's up. (requested by ThatPurpleGem)\n|\n|t:|1699747756\n|start\n|switch|p1a: Heatran|Heatran, L50, F|100\/100\n|switch|p1b: Grimmsnarl|Grimmsnarl, L50, M|100\/100\n|switch|p2a: Ninetales|Ninetales-Alola, L50, M|100\/100\n|switch|p2b: Jasmine|Baxcalibur, L50, F|100\/100\n|-weather|Snow|[from] ability: Snow Warning|[of] p2a: Ninetales\n|turn|1\n|\n|t:|1699747773\n|move|p1b: Grimmsnarl|Fake Out|p2a: Ninetales\n|-crit|p2a: Ninetales\n|-damage|p2a: Ninetales|87\/100\n|cant|p2a: Ninetales|flinch\n|move|p2b: Jasmine|Earthquake|p1b: Grimmsnarl|[spread] p2a,p1a,p1b\n|-supereffective|p1a: Heatran\n|-damage|p2a: Ninetales|65\/100\n|-damage|p1a: Heatran|8\/100\n|-damage|p1b: Grimmsnarl|73\/100\n|move|p1a: Heatran|Flash Cannon|p2b: Jasmine\n|-supereffective|p2b: Jasmine\n|-damage|p2b: Jasmine|0 fnt\n|faint|p2b: Jasmine\n|\n|-weather|Snow|[upkeep]\n|-heal|p2a: Ninetales|71\/100|[from] item: Leftovers\n|upkeep\n|\n|t:|1699747787\n|switch|p2b: Ursaluna|Ursaluna-Bloodmoon, L50, M|100\/100\n|turn|2\n|c|\u2606sentient_table|Are you seeing this, vegeta?\n|inactive|sentient_table has 30 seconds left.\n|\n|t:|1699747815\n|move|p1b: Grimmsnarl|Light Screen|p1b: Grimmsnarl\n|-sidestart|p1: sentient_table|move: Light Screen\n|move|p2a: Ninetales|Aurora Veil|p2a: Ninetales\n|-sidestart|p2: ThatPurpleGem|move: Aurora Veil\n|move|p1a: Heatran|Flash Cannon|p2a: Ninetales\n|-supereffective|p2a: Ninetales\n|-damage|p2a: Ninetales|0 fnt\n|faint|p2a: Ninetales\n|move|p2b: Ursaluna|Hyper Voice|p1a: Heatran|[spread] p1a,p1b\n|-resisted|p1a: Heatran\n|-damage|p1a: Heatran|0 fnt\n|-damage|p1b: Grimmsnarl|49\/100\n|faint|p1a: Heatran\n|-enditem|p2b: Ursaluna|Throat Spray\n|-boost|p2b: Ursaluna|spa|1|[from] item: Throat Spray\n|\n|-weather|Snow|[upkeep]\n|upkeep\n|c|\u2606ThatPurpleGem|i haven't seen dragon ball\n|\n|t:|1699747833\n|switch|p2a: Lokix|Lokix, L50, M|100\/100\n|switch|p1a: Iron Hands|Iron Hands, L50|100\/100\n|turn|3\n|c|\u2606sentient_table|Ah. Don't worry. I know peiple who will get the context.\n|inactive|sentient_table has 30 seconds left.\n|c|\u2606sentient_table|*people\n|inactive|sentient_table has 20 seconds left.\n|\n|t:|1699747870\n|-terastallize|p2a: Lokix|Bug\n|move|p1b: Grimmsnarl|Reflect|p1b: Grimmsnarl\n|-sidestart|p1: sentient_table|Reflect\n|move|p2a: Lokix|Leech Life|p1b: Grimmsnarl\n|-damage|p1b: Grimmsnarl|18\/100\n|move|p2b: Ursaluna|Earth Power|p1a: Iron Hands\n|-supereffective|p1a: Iron Hands\n|-damage|p1a: Iron Hands|45\/100\n|move|p1a: Iron Hands|Close Combat|p2b: Ursaluna\n|-supereffective|p2b: Ursaluna\n|-damage|p2b: Ursaluna|44\/100\n|-unboost|p1a: Iron Hands|def|1\n|-unboost|p1a: Iron Hands|spd|1\n|\n|-weather|Snow|[upkeep]\n|upkeep\n|turn|4\n|\n|t:|1699747889\n|move|p2a: Lokix|Leech Life|p1b: Grimmsnarl\n|-damage|p1b: Grimmsnarl|0 fnt\n|faint|p1b: Grimmsnarl\n|move|p2b: Ursaluna|Hyper Voice|p1a: Iron Hands\n|-damage|p1a: Iron Hands|0 fnt\n|faint|p1a: Iron Hands\n|-end|p1a: Iron Hands|Quark Drive|[silent]\n|\n|-weather|Snow|[upkeep]\n|upkeep\n|\n|t:|1699747892\n|switch|p1a: Rillaboom|Rillaboom, L50, M|100\/100\n|-fieldstart|move: Grassy Terrain|[from] ability: Grassy Surge|[of] p1a: Rillaboom\n|turn|5\n|\n|t:|1699747903\n|-terastallize|p1a: Rillaboom|Flying\n|move|p2a: Lokix|Leech Life|p1a: Rillaboom\n|-resisted|p1a: Rillaboom\n|-damage|p1a: Rillaboom|85\/100\n|move|p1a: Rillaboom|Wood Hammer|p2b: Ursaluna\n|-supereffective|p2b: Ursaluna\n|-damage|p2b: Ursaluna|0 fnt\n|faint|p2b: Ursaluna\n|-damage|p1a: Rillaboom|69\/100|[from] Recoil\n|\n|-weather|none\n|upkeep\n|turn|6\n|\n|t:|1699747919\n|move|p2a: Lokix|Knock Off|p1a: Rillaboom\n|-damage|p1a: Rillaboom|43\/100\n|-enditem|p1a: Rillaboom|Clear Amulet|[from] move: Knock Off|[of] p2a: Lokix\n|move|p1a: Rillaboom|Swords Dance|p1a: Rillaboom\n|-boost|p1a: Rillaboom|atk|2\n|\n|-sideend|p1: sentient_table|move: Light Screen\n|-sideend|p2: ThatPurpleGem|move: Aurora Veil\n|upkeep\n|turn|7\n|\n|t:|1699747928\n|move|p2a: Lokix|Throat Chop|p1a: Rillaboom\n|-damage|p1a: Rillaboom|22\/100\n|-start|p1a: Rillaboom|Throat Chop|[silent]\n|move|p1a: Rillaboom|Drain Punch|p2a: Lokix\n|-resisted|p2a: Lokix\n|-damage|p2a: Lokix|62\/100\n|-heal|p1a: Rillaboom|35\/100|[from] drain|[of] p2a: Lokix\n|\n|-heal|p2a: Lokix|68\/100|[from] Grassy Terrain\n|-sideend|p1: sentient_table|Reflect\n|upkeep\n|turn|8\n|\n|t:|1699747941\n|move|p2a: Lokix|Throat Chop|p1a: Rillaboom\n|-damage|p1a: Rillaboom|3\/100\n|move|p1a: Rillaboom|Wood Hammer|p2a: Lokix\n|-resisted|p2a: Lokix\n|-damage|p2a: Lokix|0 fnt\n|faint|p2a: Lokix\n|-damage|p1a: Rillaboom|0 fnt|[from] Recoil\n|faint|p1a: Rillaboom\n|\n|win|sentient_table\n|raw|sentient_table's rating: 1118 &rarr; <strong>1146<\/strong><br \/>(+28 for winning)\n|raw|ThatPurpleGem's rating: 1158 &rarr; <strong>1130<\/strong><br \/>(-28 for losing)\n|c|\u2606sentient_table|gg\n|c|\u2606ThatPurpleGem|gg\n|l|\u2606ThatPurpleGem\n","uploadtime":1699747965,"views":12,"p1id":"sentienttable","p2id":"thatpurplegem","formatid":"gen9vgc2023regulatione","rating":1130,"private":0,"password":""}