{"id":"gen9vgc2023regulatione-1991326909","p1":"testling","p2":"Tjgrif54321","format":"[Gen 9] VGC 2023 Regulation E","log":"|j|\u2606testling\n|j|\u2606Tjgrif54321\n|t:|1700067871\n|gametype|doubles\n|player|p1|testling|2|1318\n|player|p2|Tjgrif54321|pokemaniac|1256\n|teamsize|p1|6\n|teamsize|p2|6\n|gen|9\n|tier|[Gen 9] VGC 2023 Regulation E\n|rated|\n|rule|Species Clause: Limit one of each Pok\u00e9mon\n|rule|Item Clause: Limit one of each item\n|clearpoke\n|poke|p1|Sinistcha, L50|\n|poke|p1|Ogerpon-Wellspring, L50, F|\n|poke|p1|Ninetales-Alola, L50, M|\n|poke|p1|Heatran, L50, M|\n|poke|p1|Tornadus, L50, M|\n|poke|p1|Iron Hands, L50|\n|poke|p2|Ogerpon-Wellspring, L50, F|\n|poke|p2|Flutter Mane, L50|\n|poke|p2|Landorus-Therian, L50, M|\n|poke|p2|Iron Hands, L50|\n|poke|p2|Farigiraf, L50, M|\n|poke|p2|Chi-Yu, L50|\n|teampreview|4\n|inactive|Battle timer is ON: inactive players will automatically lose when time's up. (requested by Tjgrif54321)\n|\n|t:|1700067889\n|start\n|switch|p1a: Ninetales|Ninetales-Alola, L50, M|100\/100\n|switch|p1b: Heatran|Heatran, L50, M|100\/100\n|switch|p2a: Chi-Yu|Chi-Yu, L50|100\/100\n|switch|p2b: Ogerpon|Ogerpon-Wellspring, L50, F|100\/100\n|-ability|p2a: Chi-Yu|Beads of Ruin\n|-weather|Snow|[from] ability: Snow Warning|[of] p1a: Ninetales\n|turn|1\n|inactive|testling has 30 seconds left.\n|inactive|testling has 20 seconds left.\n|\n|t:|1700067928\n|-terastallize|p1b: Heatran|Fairy\n|move|p1a: Ninetales|Protect|p1a: Ninetales\n|-singleturn|p1a: Ninetales|Protect\n|move|p2a: Chi-Yu|Heat Wave|p1a: Ninetales|[spread] \n|-activate|p1a: Ninetales|move: Protect\n|-start|p1b: Heatran|ability: Flash Fire\n|move|p2b: Ogerpon|Ivy Cudgel|p1b: Heatran|[anim] Ivy Cudgel Water\n|-damage|p1b: Heatran|59\/100\n|move|p1b: Heatran|Earth Power|p2a: Chi-Yu\n|-supereffective|p2a: Chi-Yu\n|-damage|p2a: Chi-Yu|0 fnt\n|faint|p2a: Chi-Yu\n|-damage|p1b: Heatran|49\/100|[from] item: Life Orb\n|\n|-weather|Snow|[upkeep]\n|upkeep\n|\n|t:|1700067935\n|switch|p2a: Iron Hands|Iron Hands, L50, shiny|100\/100\n|turn|2\n|\n|t:|1700067953\n|move|p1b: Heatran|Protect|p1b: Heatran\n|-singleturn|p1b: Heatran|Protect\n|move|p1a: Ninetales|Aurora Veil|p1a: Ninetales\n|-sidestart|p1: testling|move: Aurora Veil\n|move|p2b: Ogerpon|Ivy Cudgel|p1b: Heatran|[anim] Ivy Cudgel Water\n|-activate|p1b: Heatran|move: Protect\n|move|p2a: Iron Hands|Heavy Slam|p1a: Ninetales\n|-supereffective|p1a: Ninetales\n|-damage|p1a: Ninetales|19\/100\n|\n|-weather|Snow|[upkeep]\n|upkeep\n|turn|3\n|\n|t:|1700067969\n|switch|p1a: Sinistcha|Sinistcha, L50|100\/100\n|-heal|p1b: Heatran|74\/100|[from] ability: Hospitality|[of] p1a: Sinistcha\n|move|p2b: Ogerpon|Ivy Cudgel|p1a: Sinistcha|[anim] Ivy Cudgel Water\n|-resisted|p1a: Sinistcha\n|-damage|p1a: Sinistcha|88\/100\n|move|p1b: Heatran|Heat Wave|p2b: Ogerpon|[spread] p2a\n|-miss|p1b: Heatran|p2b: Ogerpon\n|-damage|p2a: Iron Hands|48\/100\n|-damage|p1b: Heatran|65\/100|[from] item: Life Orb\n|move|p2a: Iron Hands|Heavy Slam|p1b: Heatran\n|-supereffective|p1b: Heatran\n|-damage|p1b: Heatran|44\/100\n|\n|-weather|Snow|[upkeep]\n|-heal|p1a: Sinistcha|94\/100|[from] item: Leftovers\n|upkeep\n|turn|4\n|\n|t:|1700067992\n|move|p1b: Heatran|Protect|p1b: Heatran\n|-singleturn|p1b: Heatran|Protect\n|move|p2b: Ogerpon|Ivy Cudgel|p1b: Heatran|[anim] Ivy Cudgel Water\n|-activate|p1b: Heatran|move: Protect\n|move|p1a: Sinistcha|Matcha Gotcha|p2a: Iron Hands|[spread] p2a,p2b\n|-damage|p2a: Iron Hands|34\/100\n|-heal|p1a: Sinistcha|100\/100|[from] drain|[of] p2a: Iron Hands\n|-damage|p2b: Ogerpon|80\/100\n|-status|p2b: Ogerpon|brn\n|move|p2a: Iron Hands|Heavy Slam|p1b: Heatran\n|-activate|p1b: Heatran|move: Protect\n|\n|-weather|Snow|[upkeep]\n|-damage|p2b: Ogerpon|74\/100 brn|[from] brn\n|upkeep\n|turn|5\n|inactive|testling has 30 seconds left.\n|\n|t:|1700068024\n|move|p2b: Ogerpon|Horn Leech|p1b: Heatran\n|-damage|p1b: Heatran|34\/100\n|-heal|p2b: Ogerpon|80\/100 brn|[from] drain|[of] p1b: Heatran\n|move|p1b: Heatran|Heat Wave|p2b: Ogerpon|[spread] p2a,p2b\n|-damage|p2a: Iron Hands|0 fnt\n|-damage|p2b: Ogerpon|10\/100 brn\n|faint|p2a: Iron Hands\n|-end|p2a: Iron Hands|Quark Drive|[silent]\n|-damage|p1b: Heatran|24\/100|[from] item: Life Orb\n|move|p1a: Sinistcha|Life Dew||[still]|[spread] p1a,p1b\n|-fail|p1a: Sinistcha|heal\n|-heal|p1b: Heatran|49\/100\n|\n|-weather|none\n|-damage|p2b: Ogerpon|4\/100 brn|[from] brn\n|upkeep\n|\n|t:|1700068031\n|switch|p2a: Landorus|Landorus-Therian, L50, M|100\/100\n|-ability|p2a: Landorus|Intimidate|boost\n|-unboost|p1a: Sinistcha|atk|1\n|-unboost|p1b: Heatran|atk|1\n|turn|6\n|\n|t:|1700068047\n|-terastallize|p2a: Landorus|Flying\n|move|p1b: Heatran|Protect|p1b: Heatran\n|-singleturn|p1b: Heatran|Protect\n|move|p2a: Landorus|Tera Blast|p1a: Sinistcha|[anim] Tera Blast Flying\n|-supereffective|p1a: Sinistcha\n|-damage|p1a: Sinistcha|26\/100\n|move|p2b: Ogerpon|Horn Leech|p1b: Heatran\n|-activate|p1b: Heatran|move: Protect\n|move|p1a: Sinistcha|Matcha Gotcha|p2a: Landorus|[spread] p2a,p2b\n|-resisted|p2a: Landorus\n|-damage|p2a: Landorus|84\/100\n|-heal|p1a: Sinistcha|36\/100|[from] drain|[of] p2a: Landorus\n|-damage|p2b: Ogerpon|0 fnt\n|-heal|p1a: Sinistcha|38\/100|[from] drain|[of] p2b: Ogerpon\n|faint|p2b: Ogerpon\n|\n|-heal|p1a: Sinistcha|44\/100|[from] item: Leftovers\n|upkeep\n|turn|7\n|inactive|testling has 30 seconds left.\n|\n|t:|1700068077\n|move|p2a: Landorus|Tera Blast|p1a: Sinistcha|[anim] Tera Blast Flying\n|-supereffective|p1a: Sinistcha\n|-damage|p1a: Sinistcha|0 fnt\n|faint|p1a: Sinistcha\n|move|p1b: Heatran|Heat Wave|p2a: Landorus\n|-damage|p2a: Landorus|0 fnt\n|faint|p2a: Landorus\n|-damage|p1b: Heatran|40\/100|[from] item: Life Orb\n|\n|win|testling\n|raw|testling's rating: 1318 &rarr; <strong>1334<\/strong><br \/>(+16 for winning)\n|raw|Tjgrif54321's rating: 1256 &rarr; <strong>1235<\/strong><br \/>(-21 for losing)\n|l|\u2606Tjgrif54321\n","uploadtime":1700068099,"views":19,"p1id":"testling","p2id":"tjgrif54321","formatid":"gen9vgc2023regulatione","rating":1235,"private":0,"password":""}