{"id":"gen9vgc2023regulatione-1998238220","p1":"Sitoalcorba","p2":"BlindMagneton","format":"[Gen 9] VGC 2023 Regulation E","log":"|j|\u2606Sitoalcorba\n|j|\u2606BlindMagneton\n|t:|1700917961\n|gametype|doubles\n|player|p1|Sitoalcorba|266|1457\n|player|p2|BlindMagneton|wattson|1578\n|teamsize|p1|6\n|teamsize|p2|6\n|gen|9\n|tier|[Gen 9] VGC 2023 Regulation E\n|rated|\n|rule|Species Clause: Limit one of each Pok\u00e9mon\n|rule|Item Clause: Limit one of each item\n|clearpoke\n|poke|p1|Brambleghast, L50, M|\n|poke|p1|Tornadus, L50, M|\n|poke|p1|Urshifu-*, L50, F|\n|poke|p1|Chien-Pao, L50|\n|poke|p1|Heatran, L50, F|\n|poke|p1|Dragonite, L50, F|\n|poke|p2|Mandibuzz, L50, F|\n|poke|p2|Abomasnow, L50, M|\n|poke|p2|Roaring Moon, L50|\n|poke|p2|Brambleghast, L50, F|\n|poke|p2|Farigiraf, L50, M|\n|poke|p2|Hydreigon, L50, F|\n|teampreview|4\n|\n|t:|1700917991\n|start\n|switch|p1a: Brambleghast|Brambleghast, L50, M|100\/100\n|switch|p1b: Tornadus|Tornadus, L50, M|100\/100\n|switch|p2a: Mandibuzz|Mandibuzz, L50, F|100\/100\n|switch|p2b: Abomasnow|Abomasnow, L50, M|100\/100\n|-weather|Snow|[from] ability: Snow Warning|[of] p2b: Abomasnow\n|turn|1\n|inactive|Battle timer is ON: inactive players will automatically lose when time's up. (requested by Sitoalcorba)\n|\n|t:|1700918007\n|move|p1a: Brambleghast|Protect|p1a: Brambleghast\n|-singleturn|p1a: Brambleghast|Protect\n|move|p1b: Tornadus|Tailwind|p1b: Tornadus\n|-sidestart|p1: Sitoalcorba|move: Tailwind\n|-ability|p1a: Brambleghast|Wind Rider|boost\n|-boost|p1a: Brambleghast|atk|1\n|move|p2b: Abomasnow|Ice Shard|p2a: Mandibuzz\n|-supereffective|p2a: Mandibuzz\n|-damage|p2a: Mandibuzz|80\/100\n|-ability|p2a: Mandibuzz|Weak Armor|boost\n|-unboost|p2a: Mandibuzz|def|1\n|-boost|p2a: Mandibuzz|spe|2\n|-enditem|p2a: Mandibuzz|Weakness Policy\n|-boost|p2a: Mandibuzz|atk|2|[from] item: Weakness Policy\n|-boost|p2a: Mandibuzz|spa|2|[from] item: Weakness Policy\n|move|p2a: Mandibuzz|Lash Out|p1a: Brambleghast\n|-activate|p1a: Brambleghast|move: Protect\n|\n|-weather|Snow|[upkeep]\n|upkeep\n|turn|2\n|inactive|BlindMagneton has 30 seconds left.\n|\n|t:|1700918034\n|switch|p1a: Urshifu|Urshifu-Rapid-Strike, L50, F|100\/100\n|move|p2b: Abomasnow|Ice Shard|p2a: Mandibuzz\n|-supereffective|p2a: Mandibuzz\n|-damage|p2a: Mandibuzz|48\/100\n|-ability|p2a: Mandibuzz|Weak Armor|boost\n|-unboost|p2a: Mandibuzz|def|1\n|-boost|p2a: Mandibuzz|spe|2\n|move|p2a: Mandibuzz|Lash Out|p1a: Urshifu\n|-resisted|p1a: Urshifu\n|-damage|p1a: Urshifu|48\/100\n|move|p1b: Tornadus|Bleakwind Storm|p2b: Abomasnow|[spread] p2b\n|-miss|p1b: Tornadus|p2a: Mandibuzz\n|-supereffective|p2b: Abomasnow\n|-damage|p2b: Abomasnow|17\/100\n|\n|-weather|Snow|[upkeep]\n|upkeep\n|turn|3\n|inactive|BlindMagneton has 30 seconds left.\n|\n|t:|1700918067\n|switch|p2b: Farigiraf|Farigiraf, L50, M|100\/100\n|move|p1a: Urshifu|Aqua Jet||[still]\n|cant|p2b: Farigiraf|ability: Armor Tail|Aqua Jet|[of] p1a: Urshifu\n|move|p2a: Mandibuzz|Acrobatics|p1a: Urshifu\n|-supereffective|p1a: Urshifu\n|-damage|p1a: Urshifu|0 fnt\n|faint|p1a: Urshifu\n|move|p1b: Tornadus|Bleakwind Storm|p2b: Farigiraf|[spread] p2a,p2b\n|-damage|p2a: Mandibuzz|15\/100\n|-damage|p2b: Farigiraf|69\/100\n|\n|-weather|Snow|[upkeep]\n|upkeep\n|\n|t:|1700918079\n|switch|p1a: Heatran|Heatran, L50, F|100\/100\n|turn|4\n|\n|t:|1700918101\n|switch|p2b: Brambleghast|Brambleghast, L50, F|100\/100\n|move|p2a: Mandibuzz|Protect|p2a: Mandibuzz\n|-singleturn|p2a: Mandibuzz|Protect\n|move|p1b: Tornadus|Bleakwind Storm|p2b: Brambleghast|[spread] \n|-activate|p2a: Mandibuzz|move: Protect\n|-ability|p2b: Brambleghast|Wind Rider|boost\n|-boost|p2b: Brambleghast|atk|1\n|move|p1a: Heatran|Heat Wave|p2a: Mandibuzz|[spread] \n|-activate|p2a: Mandibuzz|move: Protect\n|-ability|p2b: Brambleghast|Wind Rider|boost\n|-boost|p2b: Brambleghast|atk|1\n|\n|-weather|Snow|[upkeep]\n|-sideend|p1: Sitoalcorba|move: Tailwind\n|upkeep\n|turn|5\n|-message|Sitoalcorba forfeited.\n|\n|win|BlindMagneton\n|raw|Sitoalcorba's rating: 1457 &rarr; <strong>1444<\/strong><br \/>(-13 for losing)\n|raw|BlindMagneton's rating: 1578 &rarr; <strong>1591<\/strong><br \/>(+13 for winning)\n|l|\u2606Sitoalcorba\n","uploadtime":1700918154,"views":4,"p1id":"sitoalcorba","p2id":"blindmagneton","formatid":"gen9vgc2023regulatione","rating":1444,"private":0,"password":""}