{"id":"gen9vgc2023regulatione-1998121154","p1":"leafyarrow","p2":"the only train","format":"[Gen 9] VGC 2023 Regulation E","log":"|j|\u2606leafyarrow\n|j|\u2606the only train\n|n|\u2606leafyarrow|leafyarrow\n|n|\u2606the only train|theonlytrain\n|html|View the match progress at <a href=\"\/game-bestof3-gen9vgc2023regulatione-1998119606\">game-bestof3-gen9vgc2023regulatione-1998119606<\/a>\n|t:|1700895127\n|gametype|doubles\n|player|p1|leafyarrow|selene|\n|player|p2|the only train|lucas|\n|teamsize|p1|6\n|teamsize|p2|6\n|gen|9\n|tier|[Gen 9] VGC 2023 Regulation E\n|rule|Species Clause: Limit one of each Pok\u00e9mon\n|rule|Item Clause: Limit one of each item\n|clearpoke\n|poke|p1|Farigiraf, L50, F|\n|poke|p1|Arcanine-Hisui, L50, F|\n|poke|p1|Landorus, L50, M|\n|poke|p1|Rillaboom, L50, M|\n|poke|p1|Urshifu-*, L50, F|\n|poke|p1|Regieleki, L50|\n|poke|p2|Iron Hands, L50|\n|poke|p2|Landorus-Therian, L50, M|\n|poke|p2|Heatran, L50, F|\n|poke|p2|Amoonguss, L50, M|\n|poke|p2|Flutter Mane, L50|\n|poke|p2|Roaring Moon, L50|\n|teampreview|4\nleafyarrow has agreed to open team sheets.\nthe only train has agreed to open team sheets.\n|showteam|p1|Farigiraf||RockyHelmet|ArmorTail|HelpingHand,DazzlingGleam,TrickRoom,Psychic|||F|||50|,,,,,Fairy]Arcanine-Hisui||ChoiceBand|Intimidate|TeraBlast,ExtremeSpeed,FlareBlitz,RockSlide|||F|||50|,,,,,Fairy]Landorus||LifeOrb|SheerForce|EarthPower,SludgeBomb,SandsearStorm,Protect|||M|||50|,,,,,Poison]Rillaboom||MiracleSeed|GrassySurge|GrassyGlide,Uturn,WoodHammer,FakeOut|||M|||50|,,,,,Grass]Urshifu-Rapid-Strike||MysticWater|UnseenFist|CloseCombat,SurgingStrikes,AquaJet,Protect|||F|||50|,,,,,Water]Regieleki||Magnet|Transistor|Electroweb,Thunderbolt,TeraBlast,Protect||||||50|,,,,,Ice\n|showteam|p2|Iron Hands||AssaultVest|QuarkDrive|HeavySlam,FakeOut,WildCharge,DrainPunch||||||50|,,,,,Water]Landorus-Therian||ChoiceScarf|Intimidate|StompingTantrum,TeraBlast,Uturn,RockSlide|||M|||50|,,,,,Flying]Heatran||Leftovers|FlashFire|FlashCannon,HeatWave,EarthPower,Protect|||F|||50|,,,,,Grass]Amoonguss||RockyHelmet|Regenerator|Protect,Spore,RagePowder,PollenPuff|||M|||50|,,,,,Water]Flutter Mane||ChoiceSpecs|Protosynthesis|DazzlingGleam,Moonblast,ShadowBall,Charm||||||50|,,,,,Fairy]Roaring Moon||BoosterEnergy|Protosynthesis|Acrobatics,KnockOff,Protect,DragonDance||||||50|,,,,,Flying\n|\n|t:|1700895152\n|start\n|switch|p1a: Rillaboom|Rillaboom, L50, M|100\/100\n|switch|p1b: Regieleki|Regieleki, L50|100\/100\n|switch|p2a: Amoonguss|Amoonguss, L50, M|100\/100\n|switch|p2b: Landorus|Landorus-Therian, L50, M|100\/100\n|-ability|p2b: Landorus|Intimidate|boost\n|-unboost|p1a: Rillaboom|atk|1\n|-unboost|p1b: Regieleki|atk|1\n|-fieldstart|move: Grassy Terrain|[from] ability: Grassy Surge|[of] p1a: Rillaboom\n|turn|1\n|\n|t:|1700895185\n|switch|p2b: Iron Hands|Iron Hands, L50|100\/100\n|move|p1b: Regieleki|Protect|p1b: Regieleki\n|-singleturn|p1b: Regieleki|Protect\n|move|p1a: Rillaboom|Wood Hammer|p2b: Iron Hands\n|-damage|p2b: Iron Hands|51\/100\n|-damage|p1a: Rillaboom|82\/100|[from] Recoil\n|move|p2a: Amoonguss|Spore|p1b: Regieleki\n|-activate|p1b: Regieleki|move: Protect\n|\n|-heal|p1a: Rillaboom|88\/100|[from] Grassy Terrain\n|-heal|p2b: Iron Hands|57\/100|[from] Grassy Terrain\n|upkeep\n|turn|2\n|\n|t:|1700895210\n|move|p2b: Iron Hands|Fake Out|p1a: Rillaboom\n|-damage|p1a: Rillaboom|73\/100\n|move|p1b: Regieleki|Thunderbolt|p2b: Iron Hands\n|-resisted|p2b: Iron Hands\n|-damage|p2b: Iron Hands|37\/100\n|cant|p1a: Rillaboom|flinch\n|move|p2a: Amoonguss|Spore|p1b: Regieleki\n|-status|p1b: Regieleki|slp|[from] move: Spore\n|\n|-heal|p1a: Rillaboom|79\/100|[from] Grassy Terrain\n|-heal|p2b: Iron Hands|44\/100|[from] Grassy Terrain\n|upkeep\n|turn|3\n|\n|t:|1700895230\n|switch|p2a: Landorus|Landorus-Therian, L50, M|100\/100\n|-ability|p2a: Landorus|Intimidate|boost\n|-unboost|p1a: Rillaboom|atk|1\n|-unboost|p1b: Regieleki|atk|1\n|cant|p1b: Regieleki|slp\n|move|p1a: Rillaboom|Wood Hammer|p2b: Iron Hands\n|-damage|p2b: Iron Hands|9\/100\n|-damage|p1a: Rillaboom|67\/100|[from] Recoil\n|move|p2b: Iron Hands|Drain Punch|p1b: Regieleki\n|-damage|p1b: Regieleki|18\/100 slp\n|-heal|p2b: Iron Hands|39\/100|[from] drain|[of] p1b: Regieleki\n|\n|-heal|p1b: Regieleki|24\/100 slp|[from] Grassy Terrain\n|-heal|p1a: Rillaboom|72\/100|[from] Grassy Terrain\n|-heal|p2b: Iron Hands|45\/100|[from] Grassy Terrain\n|upkeep\n|turn|4\n|\n|t:|1700895261\n|-end|p2b: Iron Hands|Quark Drive|[silent]\n|switch|p2b: Amoonguss|Amoonguss, L50, M|100\/100\n|cant|p1b: Regieleki|slp\n|move|p2a: Landorus|U-turn|p1b: Regieleki\n|-damage|p1b: Regieleki|0 fnt\n|faint|p1b: Regieleki\n|\n|t:|1700895266\n|switch|p2a: Iron Hands|Iron Hands, L50|45\/100|[from] U-turn\n|move|p1a: Rillaboom|U-turn|p2a: Iron Hands\n|-resisted|p2a: Iron Hands\n|-damage|p2a: Iron Hands|40\/100\n|\n|t:|1700895280\n|switch|p1a: Arcanine|Arcanine-Hisui, L50, F|100\/100|[from] U-turn\n|-ability|p1a: Arcanine|Intimidate|boost\n|-unboost|p2a: Iron Hands|atk|1\n|-unboost|p2b: Amoonguss|atk|1\n|\n|-heal|p2a: Iron Hands|47\/100|[from] Grassy Terrain\n|upkeep\n|\n|t:|1700895290\n|switch|p1b: Rillaboom|Rillaboom, L50, M|72\/100\n|turn|5\n|\n|t:|1700895313\n|-terastallize|p1b: Rillaboom|Grass\n|move|p2b: Amoonguss|Protect|p2b: Amoonguss\n|-singleturn|p2b: Amoonguss|Protect\n|move|p1b: Rillaboom|Grassy Glide|p2a: Iron Hands\n|-damage|p2a: Iron Hands|3\/100\n|move|p1a: Arcanine|Flare Blitz|p2a: Iron Hands\n|-damage|p2a: Iron Hands|0 fnt\n|faint|p2a: Iron Hands\n|-end|p2a: Iron Hands|Quark Drive|[silent]\n|-damage|p1a: Arcanine|99\/100|[from] Recoil\n|\n|-heal|p1a: Arcanine|100\/100|[from] Grassy Terrain\n|-heal|p1b: Rillaboom|78\/100|[from] Grassy Terrain\n|-fieldend|move: Grassy Terrain\n|upkeep\n|\n|t:|1700895320\n|switch|p2a: Landorus|Landorus-Therian, L50, M|100\/100\n|-ability|p2a: Landorus|Intimidate|boost\n|-unboost|p1a: Arcanine|atk|1\n|-unboost|p1b: Rillaboom|atk|1\n|turn|6\n|\n|t:|1700895335\n|switch|p1a: Urshifu|Urshifu-Rapid-Strike, L50, F|100\/100\n|-terastallize|p2a: Landorus|Flying\n|move|p2a: Landorus|Tera Blast|p1b: Rillaboom|[anim] Tera Blast Flying\n|-supereffective|p1b: Rillaboom\n|-damage|p1b: Rillaboom|0 fnt\n|faint|p1b: Rillaboom\n|move|p2b: Amoonguss|Spore|p1a: Urshifu\n|-status|p1a: Urshifu|slp|[from] move: Spore\n|\n|upkeep\n|\n|t:|1700895343\n|switch|p1b: Arcanine|Arcanine-Hisui, L50, F|100\/100\n|-ability|p1b: Arcanine|Intimidate|boost\n|-unboost|p2a: Landorus|atk|1\n|-unboost|p2b: Amoonguss|atk|1\n|turn|7\n|\n|t:|1700895355\n|switch|p2a: Roaring Moon|Roaring Moon, L50|100\/100\n|-enditem|p2a: Roaring Moon|Booster Energy\n|-activate|p2a: Roaring Moon|ability: Protosynthesis|[fromitem]\n|-start|p2a: Roaring Moon|protosynthesisatk\n|cant|p1a: Urshifu|slp\n|move|p2b: Amoonguss|Rage Powder|p2b: Amoonguss\n|-singleturn|p2b: Amoonguss|move: Rage Powder\n|move|p1b: Arcanine|Flare Blitz|p2b: Amoonguss\n|-supereffective|p2b: Amoonguss\n|-damage|p2b: Amoonguss|0 fnt\n|-damage|p1b: Arcanine|84\/100|[from] item: Rocky Helmet|[of] p2b: Amoonguss\n|faint|p2b: Amoonguss\n|-damage|p1b: Arcanine|48\/100|[from] Recoil\n|\n|upkeep\n|\n|t:|1700895357\n|switch|p2b: Landorus|Landorus-Therian, L50, M, tera:Flying|100\/100\n|-ability|p2b: Landorus|Intimidate|boost\n|-unboost|p1a: Urshifu|atk|1\n|-unboost|p1b: Arcanine|atk|1\n|turn|8\n|\n|t:|1700895373\n|move|p2b: Landorus|Tera Blast|p1a: Urshifu|[anim] Tera Blast Flying\n|-supereffective|p1a: Urshifu\n|-damage|p1a: Urshifu|0 fnt\n|faint|p1a: Urshifu\n|move|p2a: Roaring Moon|Knock Off|p1b: Arcanine\n|-damage|p1b: Arcanine|0 fnt\n|-enditem|p1b: Arcanine|Choice Band|[from] move: Knock Off|[of] p2a: Roaring Moon\n|faint|p1b: Arcanine\n|\n|win|the only train\n|c|\u2606the only train|ggs\n|c|\u2606leafyarrow|gg\n","uploadtime":1700895408,"views":17,"p1id":"leafyarrow","p2id":"theonlytrain","formatid":"gen9vgc2023regulatione","rating":0,"private":0,"password":""}