{"id":"gen9vgc2023regulatione-1999555419","p1":"Dajve","p2":"Subjectpumpkin","format":"[Gen 9] VGC 2023 Regulation E","log":"|j|\u2606Dajve\n|j|\u2606Subjectpumpkin\n|t:|1701095712\n|gametype|doubles\n|player|p1|Dajve|karen|1345\n|player|p2|Subjectpumpkin|1|1294\n|teamsize|p1|6\n|teamsize|p2|6\n|gen|9\n|tier|[Gen 9] VGC 2023 Regulation E\n|rated|\n|rule|Species Clause: Limit one of each Pok\u00e9mon\n|rule|Item Clause: Limit one of each item\n|clearpoke\n|poke|p1|Polteageist-Antique, L50|\n|poke|p1|Chi-Yu, L50|\n|poke|p1|Amoonguss, L50, M|\n|poke|p1|Indeedee-F, L50, F|\n|poke|p1|Armarouge, L50, F|\n|poke|p1|Zapdos-Galar, L50|\n|poke|p2|Armarouge, L50, M|\n|poke|p2|Indeedee-F, L50, F|\n|poke|p2|Chi-Yu, L50|\n|poke|p2|Flutter Mane, L50|\n|poke|p2|Azumarill, L50, F|\n|poke|p2|Baxcalibur, L50, M|\n|teampreview|4\n|inactive|Battle timer is ON: inactive players will automatically lose when time's up. (requested by Dajve)\n|inactive|Dajve has 60 seconds left.\n|inactive|Subjectpumpkin has 60 seconds left.\n|\n|t:|1701095771\n|start\n|switch|p1a: Chi-Yu|Chi-Yu, L50|100\/100\n|switch|p1b: Indeedee|Indeedee-F, L50, F|100\/100\n|switch|p2a: Chi-Yu|Chi-Yu, L50|100\/100\n|switch|p2b: Baxcalibur|Baxcalibur, L50, M|100\/100\n|-ability|p2a: Chi-Yu|Beads of Ruin\n|-ability|p1a: Chi-Yu|Beads of Ruin\n|-fieldstart|move: Psychic Terrain|[from] ability: Psychic Surge|[of] p1b: Indeedee\n|-enditem|p1b: Indeedee|Psychic Seed\n|-boost|p1b: Indeedee|spd|1|[from] item: Psychic Seed\n|turn|1\n|inactive|Dajve has 30 seconds left.\n|inactive|Dajve has 20 seconds left.\n|\n|t:|1701095808\n|-terastallize|p1a: Chi-Yu|Fairy\n|-terastallize|p2b: Baxcalibur|Water\n|move|p1b: Indeedee|Follow Me|p1b: Indeedee\n|-singleturn|p1b: Indeedee|move: Follow Me\n|move|p2a: Chi-Yu|Dark Pulse|p1b: Indeedee\n|-supereffective|p1b: Indeedee\n|-damage|p1b: Indeedee|26\/100\n|move|p1a: Chi-Yu|Tera Blast|p2b: Baxcalibur|[anim] Tera Blast Fairy\n|-damage|p2b: Baxcalibur|36\/100\n|move|p2b: Baxcalibur|Scale Shot|p1b: Indeedee|[miss]\n|-miss|p2b: Baxcalibur|p1b: Indeedee\n|\n|upkeep\n|turn|2\n|inactive|Dajve has 30 seconds left.\n|\n|t:|1701095838\n|switch|p2b: Armarouge|Armarouge, L50, M|100\/100\n|move|p1b: Indeedee|Helping Hand|p1a: Chi-Yu\n|-singleturn|p1a: Chi-Yu|Helping Hand|[of] p1b: Indeedee\n|move|p2a: Chi-Yu|Dark Pulse|p1b: Indeedee\n|-supereffective|p1b: Indeedee\n|-damage|p1b: Indeedee|0 fnt\n|faint|p1b: Indeedee\n|move|p1a: Chi-Yu|Tera Blast|p2a: Chi-Yu|[anim] Tera Blast Fairy\n|-damage|p2a: Chi-Yu|13\/100\n|\n|upkeep\n|\n|t:|1701095853\n|switch|p1b: Polteageist|Polteageist-Antique, L50|100\/100\n|turn|3\n|\n|t:|1701095864\n|move|p1b: Polteageist|Protect|p1b: Polteageist\n|-singleturn|p1b: Polteageist|Protect\n|move|p2a: Chi-Yu|Dark Pulse|p1b: Polteageist\n|-activate|p1b: Polteageist|move: Protect\n|move|p1a: Chi-Yu|Tera Blast|p2a: Chi-Yu|[anim] Tera Blast Fairy\n|-damage|p2a: Chi-Yu|0 fnt\n|faint|p2a: Chi-Yu\n|move|p2b: Armarouge|Expanding Force|p1b: Polteageist|[spread] p1a\n|-activate|p1b: Polteageist|move: Protect\n|-damage|p1a: Chi-Yu|10\/100\n|-damage|p2b: Armarouge|91\/100|[from] item: Life Orb\n|\n|upkeep\n|\n|t:|1701095878\n|switch|p2a: Azumarill|Azumarill, L50, F|100\/100\n|turn|4\n|\n|t:|1701095903\n|move|p1a: Chi-Yu|Tera Blast|p2a: Azumarill|[anim] Tera Blast Fairy\n|-damage|p2a: Azumarill|58\/100\n|move|p1b: Polteageist|Shadow Ball|p2b: Armarouge\n|-supereffective|p2b: Armarouge\n|-damage|p2b: Armarouge|0 fnt\n|faint|p2b: Armarouge\n|move|p2a: Azumarill|Liquidation|p1a: Chi-Yu\n|-damage|p1a: Chi-Yu|0 fnt\n|faint|p1a: Chi-Yu\n|\n|upkeep\n|\n|t:|1701095915\n|switch|p1a: Armarouge|Armarouge, L50, F|100\/100\n|switch|p2b: Baxcalibur|Baxcalibur, L50, M, tera:Water|36\/100\n|turn|5\n|\n|t:|1701095937\n|move|p2b: Baxcalibur|Scale Shot|p1b: Polteageist\n|-damage|p1b: Polteageist|71\/100\n|-ability|p1b: Polteageist|Weak Armor|boost\n|-unboost|p1b: Polteageist|def|1\n|-boost|p1b: Polteageist|spe|2\n|-damage|p1b: Polteageist|30\/100\n|-ability|p1b: Polteageist|Weak Armor|boost\n|-unboost|p1b: Polteageist|def|1\n|-boost|p1b: Polteageist|spe|2\n|-damage|p1b: Polteageist|0 fnt\n|faint|p1b: Polteageist\n|-hitcount|p1: Polteageist|3\n|-unboost|p2b: Baxcalibur|def|1\n|-boost|p2b: Baxcalibur|spe|1\n|move|p1a: Armarouge|Expanding Force|p2b: Baxcalibur|[spread] p2a,p2b\n|-damage|p2a: Azumarill|3\/100\n|-damage|p2b: Baxcalibur|0 fnt\n|faint|p2b: Baxcalibur\n|-damage|p1a: Armarouge|91\/100|[from] item: Life Orb\n|move|p2a: Azumarill|Liquidation|p1a: Armarouge\n|-supereffective|p1a: Armarouge\n|-damage|p1a: Armarouge|0 fnt\n|faint|p1a: Armarouge\n|\n|win|Subjectpumpkin\n|raw|Dajve's rating: 1345 &rarr; <strong>1322<\/strong><br \/>(-23 for losing)\n|raw|Subjectpumpkin's rating: 1294 &rarr; <strong>1323<\/strong><br \/>(+29 for winning)\n|l|\u2606Dajve\n","uploadtime":1701096110,"views":20,"p1id":"dajve","p2id":"subjectpumpkin","formatid":"gen9vgc2023regulatione","rating":1322,"private":0,"password":""}