{"id":"gen9vgc2023regulatione-1990706918","p1":"snype94","p2":"asfdgashg","format":"[Gen 9] VGC 2023 Regulation E","log":"|j|\u2606snype94\n|j|\u2606asfdgashg\n|t:|1699993499\n|gametype|doubles\n|player|p1|snype94|swimmerf|1093\n|player|p2|asfdgashg|169|1000\n|teamsize|p1|6\n|teamsize|p2|6\n|gen|9\n|tier|[Gen 9] VGC 2023 Regulation E\n|rated|\n|rule|Species Clause: Limit one of each Pok\u00e9mon\n|rule|Item Clause: Limit one of each item\n|clearpoke\n|poke|p1|Armarouge, L50, M|\n|poke|p1|Indeedee-F, L50, F|\n|poke|p1|Flutter Mane, L50|\n|poke|p1|Landorus-Therian, L50, M|\n|poke|p1|Iron Hands, L50|\n|poke|p1|Regieleki, L50|\n|poke|p2|Dragonite, L50, F|\n|poke|p2|Chien-Pao, L50|\n|poke|p2|Rillaboom, L50, M|\n|poke|p2|Heatran, L50, F|\n|poke|p2|Flutter Mane, L50|\n|poke|p2|Ogerpon-Wellspring, L50, F|\n|teampreview|4\n|inactive|Battle timer is ON: inactive players will automatically lose when time's up. (requested by snype94)\nasfdgashg has agreed to open team sheets.\n|\n|t:|1699993530\n|start\n|switch|p1a: Armarouge|Armarouge, L50, M|100\/100\n|switch|p1b: Indeedee|Indeedee-F, L50, F|100\/100\n|switch|p2a: Dragonite|Dragonite, L50, F|100\/100\n|switch|p2b: Chien-Pao|Chien-Pao, L50|100\/100\n|-ability|p2b: Chien-Pao|Sword of Ruin\n|-fieldstart|move: Psychic Terrain|[from] ability: Psychic Surge|[of] p1b: Indeedee\n|-enditem|p1b: Indeedee|Psychic Seed\n|-boost|p1b: Indeedee|spd|1|[from] item: Psychic Seed\n|turn|1\n|\n|t:|1699993538\n|switch|p2b: Rillaboom|Rillaboom, L50, M|100\/100\n|-fieldstart|move: Grassy Terrain|[from] ability: Grassy Surge|[of] p2b: Rillaboom\n|-terastallize|p2a: Dragonite|Normal\n|move|p2a: Dragonite|Extreme Speed|p1a: Armarouge\n|-damage|p1a: Armarouge|40\/100\n|move|p1b: Indeedee|Dazzling Gleam|p2b: Rillaboom|[spread] p2a,p2b\n|-damage|p2a: Dragonite|88\/100\n|-damage|p2b: Rillaboom|84\/100\n|move|p1a: Armarouge|Trick Room|p1a: Armarouge\n|-fieldstart|move: Trick Room|[of] p1a: Armarouge\n|\n|-heal|p1a: Armarouge|45\/100|[from] Grassy Terrain\n|-heal|p2b: Rillaboom|90\/100|[from] Grassy Terrain\n|-heal|p2a: Dragonite|94\/100|[from] Grassy Terrain\n|upkeep\n|turn|2\n|inactive|asfdgashg has 30 seconds left.\n|\n|t:|1699993565\n|move|p1a: Armarouge|Protect|p1a: Armarouge\n|-singleturn|p1a: Armarouge|Protect\n|move|p1b: Indeedee|Protect|p1b: Indeedee\n|-singleturn|p1b: Indeedee|Protect\n|move|p2b: Rillaboom|Fake Out|p1a: Armarouge\n|-activate|p1a: Armarouge|move: Protect\n|move|p2a: Dragonite|Extreme Speed|p1b: Indeedee\n|-activate|p1b: Indeedee|move: Protect\n|\n|-heal|p1a: Armarouge|51\/100|[from] Grassy Terrain\n|-heal|p2b: Rillaboom|96\/100|[from] Grassy Terrain\n|-heal|p2a: Dragonite|99\/100|[from] Grassy Terrain\n|upkeep\n|turn|3\n|\n|t:|1699993590\n|switch|p1a: Regieleki|Regieleki, L50|100\/100\n|-item|p1a: Regieleki|Air Balloon\n|switch|p1b: Flutter Mane|Flutter Mane, L50|100\/100\n|-enditem|p1b: Flutter Mane|Booster Energy\n|-activate|p1b: Flutter Mane|ability: Protosynthesis|[fromitem]\n|-start|p1b: Flutter Mane|protosynthesisspa\n|move|p2b: Rillaboom|Protect|p2b: Rillaboom\n|-singleturn|p2b: Rillaboom|Protect\n|move|p2a: Dragonite|Extreme Speed|p1a: Regieleki\n|-crit|p1a: Regieleki\n|-damage|p1a: Regieleki|0 fnt\n|-enditem|p1a: Regieleki|Air Balloon\n|faint|p1a: Regieleki\n|\n|-heal|p2b: Rillaboom|100\/100|[from] Grassy Terrain\n|-heal|p2a: Dragonite|100\/100|[from] Grassy Terrain\n|upkeep\n|\n|t:|1699993602\n|switch|p1a: Indeedee|Indeedee-F, L50, F|100\/100\n|-fieldstart|move: Psychic Terrain|[from] ability: Psychic Surge|[of] p1a: Indeedee\n|turn|4\n|\n|t:|1699993622\n|switch|p2a: Flutter Mane|Flutter Mane, L50|100\/100\n|move|p1a: Indeedee|Dazzling Gleam|p2b: Rillaboom|[spread] p2a,p2b\n|-damage|p2a: Flutter Mane|87\/100\n|-damage|p2b: Rillaboom|84\/100\n|move|p2b: Rillaboom|Wood Hammer|p1a: Indeedee\n|-damage|p1a: Indeedee|34\/100\n|-damage|p2b: Rillaboom|65\/100|[from] Recoil\n|move|p1b: Flutter Mane|Substitute|p1b: Flutter Mane\n|-start|p1b: Flutter Mane|Substitute\n|-damage|p1b: Flutter Mane|76\/100\n|\n|upkeep\n|turn|5\n|inactive|asfdgashg has 30 seconds left.\n|inactive|asfdgashg has 20 seconds left.\n|inactive|asfdgashg has 15 seconds left.\n|\n|t:|1699993664\n|switch|p1a: Armarouge|Armarouge, L50, M|51\/100\n|move|p2b: Rillaboom|Wood Hammer|p1a: Armarouge\n|-resisted|p1a: Armarouge\n|-damage|p1a: Armarouge|13\/100\n|-damage|p2b: Rillaboom|53\/100|[from] Recoil\n|move|p1b: Flutter Mane|Shadow Ball|p2a: Flutter Mane\n|-supereffective|p2a: Flutter Mane\n|-damage|p2a: Flutter Mane|0 fnt\n|faint|p2a: Flutter Mane\n|-end|p2a: Flutter Mane|Protosynthesis|[silent]\n|\n|-fieldend|move: Trick Room\n|upkeep\n|\n|t:|1699993678\n|switch|p2a: Chien-Pao|Chien-Pao, L50|100\/100\n|-ability|p2a: Chien-Pao|Sword of Ruin\n|turn|6\n|inactive|asfdgashg has 30 seconds left.\n|\n|t:|1699993711\n|move|p2a: Chien-Pao|Ice Spinner|p1a: Armarouge\n|-resisted|p1a: Armarouge\n|-damage|p1a: Armarouge|0 fnt\n|-fieldend|move: Psychic Terrain\n|faint|p1a: Armarouge\n|move|p1b: Flutter Mane|Moonblast|p2a: Chien-Pao\n|-supereffective|p2a: Chien-Pao\n|-enditem|p2a: Chien-Pao|Focus Sash\n|-damage|p2a: Chien-Pao|1\/100\n|move|p2b: Rillaboom|Wood Hammer|p1b: Flutter Mane\n|-end|p1b: Flutter Mane|Substitute\n|-damage|p2b: Rillaboom|48\/100|[from] Recoil|[of] p1b: Flutter Mane\n|\n|upkeep\n|\n|t:|1699993716\n|switch|p1a: Indeedee|Indeedee-F, L50, F|34\/100\n|-fieldstart|move: Psychic Terrain|[from] ability: Psychic Surge|[of] p1a: Indeedee\n|turn|7\n|\n|t:|1699993723\n|switch|p2b: Dragonite|Dragonite, L50, F, tera:Normal|100\/100\n|move|p2a: Chien-Pao|Protect|p2a: Chien-Pao\n|-singleturn|p2a: Chien-Pao|Protect\n|move|p1b: Flutter Mane|Moonblast|p2a: Chien-Pao\n|-activate|p2a: Chien-Pao|move: Protect\n|move|p1a: Indeedee|Dazzling Gleam|p2b: Dragonite|[spread] p2b\n|-activate|p2a: Chien-Pao|move: Protect\n|-damage|p2b: Dragonite|87\/100\n|\n|upkeep\n|turn|8\n|inactive|asfdgashg has 30 seconds left.\n|\n|t:|1699993754\n|switch|p2a: Rillaboom|Rillaboom, L50, M|48\/100\n|-fieldstart|move: Grassy Terrain|[from] ability: Grassy Surge|[of] p2a: Rillaboom\n|-terastallize|p1b: Flutter Mane|Fairy\n|move|p2b: Dragonite|Aqua Jet|p1b: Flutter Mane\n|-damage|p1b: Flutter Mane|41\/100\n|move|p1b: Flutter Mane|Moonblast|p2b: Dragonite\n|-damage|p2b: Dragonite|4\/100\n|move|p1a: Indeedee|Dazzling Gleam|p2b: Dragonite|[spread] p2a,p2b\n|-damage|p2a: Rillaboom|32\/100\n|-damage|p2b: Dragonite|0 fnt\n|faint|p2b: Dragonite\n|\n|-heal|p1b: Flutter Mane|47\/100|[from] Grassy Terrain\n|-heal|p2a: Rillaboom|38\/100|[from] Grassy Terrain\n|-heal|p1a: Indeedee|40\/100|[from] Grassy Terrain\n|upkeep\n|\n|t:|1699993764\n|switch|p2b: Chien-Pao|Chien-Pao, L50|1\/100\n|-ability|p2b: Chien-Pao|Sword of Ruin\n|turn|9\n|\n|t:|1699993778\n|move|p2a: Rillaboom|Fake Out|p1b: Flutter Mane\n|-damage|p1b: Flutter Mane|18\/100\n|move|p2b: Chien-Pao|Ice Spinner|p1a: Indeedee\n|-damage|p1a: Indeedee|0 fnt\n|-fieldend|move: Grassy Terrain\n|faint|p1a: Indeedee\n|cant|p1b: Flutter Mane|flinch\n|\n|upkeep\n|turn|10\n|\n|t:|1699993791\n|move|p2b: Chien-Pao|Sucker Punch|p1b: Flutter Mane\n|-resisted|p1b: Flutter Mane\n|-damage|p1b: Flutter Mane|0 fnt\n|faint|p1b: Flutter Mane\n|-end|p1b: Flutter Mane|Protosynthesis|[silent]\n|\n|win|asfdgashg\n|raw|snype94's rating: 1093 &rarr; <strong>1063<\/strong><br \/>(-30 for losing)\n|raw|asfdgashg's rating: 1000 &rarr; <strong>1050<\/strong><br \/>(+50 for winning)\n|l|\u2606snype94\n","uploadtime":1699993959,"views":10,"p1id":"snype94","p2id":"asfdgashg","formatid":"gen9vgc2023regulatione","rating":1050,"private":0,"password":""}