{"id":"gen9vgc2023regulatione-1992152914","p1":"Glitzky","p2":"I7 KEK","format":"[Gen 9] VGC 2023 Regulation E","log":"|j|\u2606Glitzky\n|j|\u2606I7 KEK\n|t:|1700159411\n|gametype|doubles\n|player|p1|Glitzky|fisherman-gen4|1442\n|player|p2|I7 KEK|roxie|1484\n|teamsize|p1|6\n|teamsize|p2|6\n|gen|9\n|tier|[Gen 9] VGC 2023 Regulation E\n|rated|\n|rule|Species Clause: Limit one of each Pok\u00e9mon\n|rule|Item Clause: Limit one of each item\n|clearpoke\n|poke|p1|Arcanine-Hisui, L50, F|\n|poke|p1|Tornadus, L50, M|\n|poke|p1|Urshifu-*, L50, F|\n|poke|p1|Iron Hands, L50|\n|poke|p1|Flutter Mane, L50|\n|poke|p1|Chien-Pao, L50|\n|poke|p2|Ninetales-Alola, L50, F|\n|poke|p2|Landorus-Therian, L50, M|\n|poke|p2|Iron Hands, L50|\n|poke|p2|Ogerpon-Wellspring, L50, F|\n|poke|p2|Chi-Yu, L50|\n|poke|p2|Flutter Mane, L50|\n|teampreview|4\n|inactive|Battle timer is ON: inactive players will automatically lose when time's up. (requested by I7 KEK)\n|inactive|Glitzky also wants the timer to be on.\n|j| Araf Zaman\n|inactive|Glitzky has 60 seconds left.\n|inactive|I7 KEK has 60 seconds left.\n|inactive|Glitzky has 30 seconds left.\n|inactive|Glitzky has 20 seconds left.\n|inactive|Glitzky has 15 seconds left.\n|inactive|Glitzky has 10 seconds left.\n|\n|t:|1700159496\n|start\n|switch|p1a: Tornadus|Tornadus, L50, M|100\/100\n|switch|p1b: Iron Hands|Iron Hands, L50|100\/100\n|switch|p2a: Ninetales|Ninetales-Alola, L50, F, shiny|100\/100\n|switch|p2b: Iron Hands|Iron Hands, L50, shiny|100\/100\n|-weather|Snow|[from] ability: Snow Warning|[of] p2a: Ninetales\n|turn|1\n|\n|t:|1700159509\n|move|p1b: Iron Hands|Fake Out|p2b: Iron Hands\n|-damage|p2b: Iron Hands|91\/100\n|cant|p2b: Iron Hands|flinch\n|move|p1a: Tornadus|Rain Dance|p1a: Tornadus\n|-weather|RainDance\n|move|p2a: Ninetales|Aurora Veil||[still]\n|-fail|p2a: Ninetales\n|\n|-weather|RainDance|[upkeep]\n|upkeep\n|turn|2\n|\n|t:|1700159531\n|switch|p1a: Arcanine|Arcanine-Hisui, L50, F|100\/100\n|-ability|p1a: Arcanine|Intimidate|boost\n|-unboost|p2a: Ninetales|atk|1\n|-unboost|p2b: Iron Hands|atk|1\n|move|p2a: Ninetales|Encore|p1b: Iron Hands\n|-start|p1b: Iron Hands|Encore\n|move|p1b: Iron Hands|Fake Out||[still]\n|-hint|Fake Out only works on your first turn out.\n|-fail|p1b: Iron Hands\n|move|p2b: Iron Hands|Swords Dance|p2b: Iron Hands\n|-boost|p2b: Iron Hands|atk|2\n|\n|-weather|RainDance|[upkeep]\n|upkeep\n|turn|3\n|\n|t:|1700159550\n|switch|p2a: Landorus|Landorus-Therian, L50, M, shiny|100\/100\n|-ability|p2a: Landorus|Intimidate|boost\n|-unboost|p1a: Arcanine|atk|1\n|-unboost|p1b: Iron Hands|atk|1\n|-end|p1b: Iron Hands|Quark Drive|[silent]\n|switch|p1b: Tornadus|Tornadus, L50, M|100\/100\n|-terastallize|p1a: Arcanine|Fairy\n|move|p1a: Arcanine|Tera Blast|p2b: Iron Hands|[anim] Tera Blast Fairy\n|-supereffective|p2b: Iron Hands\n|-damage|p2b: Iron Hands|40\/100\n|move|p2b: Iron Hands|Drain Punch|p1a: Arcanine\n|-resisted|p1a: Arcanine\n|-damage|p1a: Arcanine|72\/100\n|-heal|p2b: Iron Hands|50\/100|[from] drain|[of] p1a: Arcanine\n|\n|-weather|RainDance|[upkeep]\n|upkeep\n|turn|4\n|inactive|Glitzky has 30 seconds left.\n|inactive|I7 KEK has 30 seconds left.\n|\n|t:|1700159578\n|move|p1b: Tornadus|Tailwind|p1b: Tornadus\n|-sidestart|p1: Glitzky|move: Tailwind\n|move|p1a: Arcanine|Tera Blast|p2b: Iron Hands|[anim] Tera Blast Fairy\n|-supereffective|p2b: Iron Hands\n|-damage|p2b: Iron Hands|0 fnt\n|faint|p2b: Iron Hands\n|-end|p2b: Iron Hands|Quark Drive|[silent]\n|move|p2a: Landorus|Rock Slide|p1a: Arcanine|[spread] p1b\n|-miss|p2a: Landorus|p1a: Arcanine\n|-supereffective|p1b: Tornadus\n|-damage|p1b: Tornadus|54\/100\n|\n|-weather|RainDance|[upkeep]\n|upkeep\n|\n|t:|1700159585\n|switch|p2b: Ninetales|Ninetales-Alola, L50, F, shiny|100\/100\n|-weather|Snow|[from] ability: Snow Warning|[of] p2b: Ninetales\n|turn|5\n|\n|t:|1700159598\n|switch|p1a: Iron Hands|Iron Hands, L50|100\/100\n|switch|p2a: Flutter Mane|Flutter Mane, L50, shiny|100\/100\n|-enditem|p2a: Flutter Mane|Booster Energy\n|-activate|p2a: Flutter Mane|ability: Protosynthesis|[fromitem]\n|-start|p2a: Flutter Mane|protosynthesisspe\n|move|p2b: Ninetales|Protect|p2b: Ninetales\n|-singleturn|p2b: Ninetales|Protect\n|move|p1b: Tornadus|Taunt|p2b: Ninetales\n|-activate|p2b: Ninetales|move: Protect\n|\n|-weather|Snow|[upkeep]\n|upkeep\n|turn|6\n|\n|t:|1700159620\n|switch|p2b: Landorus|Landorus-Therian, L50, M, shiny|100\/100\n|-ability|p2b: Landorus|Intimidate|boost\n|-unboost|p1a: Iron Hands|atk|1\n|-unboost|p1b: Tornadus|atk|1\n|-terastallize|p2a: Flutter Mane|Fairy\n|move|p1b: Tornadus|Rain Dance|p1b: Tornadus\n|-weather|RainDance\n|move|p2a: Flutter Mane|Dazzling Gleam|p1b: Tornadus|[spread] p1a,p1b\n|-supereffective|p1a: Iron Hands\n|-damage|p1a: Iron Hands|65\/100\n|-damage|p1b: Tornadus|24\/100\n|move|p1a: Iron Hands|Heavy Slam|p2a: Flutter Mane\n|-supereffective|p2a: Flutter Mane\n|-damage|p2a: Flutter Mane|28\/100\n|\n|-weather|RainDance|[upkeep]\n|upkeep\n|turn|7\n|\n|t:|1700159644\n|-end|p1a: Iron Hands|Quark Drive|[silent]\n|switch|p1a: Arcanine|Arcanine-Hisui, L50, F, tera:Fairy|72\/100\n|-ability|p1a: Arcanine|Intimidate|boost\n|-unboost|p2a: Flutter Mane|atk|1\n|-unboost|p2b: Landorus|atk|1\n|move|p2a: Flutter Mane|Protect|p2a: Flutter Mane\n|-singleturn|p2a: Flutter Mane|Protect\n|move|p1b: Tornadus|Bleakwind Storm|p2a: Flutter Mane|[spread] p2b\n|-activate|p2a: Flutter Mane|move: Protect\n|-damage|p2b: Landorus|58\/100\n|move|p2b: Landorus|Rock Slide|p1b: Tornadus|[spread] p1a,p1b\n|-supereffective|p1b: Tornadus\n|-damage|p1a: Arcanine|54\/100\n|-damage|p1b: Tornadus|0 fnt\n|faint|p1b: Tornadus\n|\n|-weather|RainDance|[upkeep]\n|-sideend|p1: Glitzky|move: Tailwind\n|upkeep\n|\n|t:|1700159653\n|switch|p1b: Iron Hands|Iron Hands, L50|65\/100\n|turn|8\n|\n|t:|1700159675\n|-end|p2a: Flutter Mane|Protosynthesis|[silent]\n|switch|p2a: Ninetales|Ninetales-Alola, L50, F, shiny|100\/100\n|-weather|Snow|[from] ability: Snow Warning|[of] p2a: Ninetales\n|move|p1b: Iron Hands|Fake Out|p2b: Landorus\n|-damage|p2b: Landorus|43\/100\n|move|p1a: Arcanine|Extreme Speed|p2a: Ninetales\n|-damage|p2a: Ninetales|64\/100\n|cant|p2b: Landorus|flinch\n|\n|-weather|Snow|[upkeep]\n|upkeep\n|turn|9\n|\n|t:|1700159692\n|move|p1a: Arcanine|Extreme Speed|p2b: Landorus\n|-damage|p2b: Landorus|0 fnt\n|faint|p2b: Landorus\n|move|p2a: Ninetales|Aurora Veil|p2a: Ninetales\n|-sidestart|p2: I7 KEK|move: Aurora Veil\n|move|p1b: Iron Hands|Heavy Slam|p2a: Ninetales\n|-supereffective|p2a: Ninetales\n|-damage|p2a: Ninetales|0 fnt\n|faint|p2a: Ninetales\n|\n|-weather|Snow|[upkeep]\n|upkeep\n|-message|I7 KEK forfeited.\n|\n|win|Glitzky\n|raw|Glitzky's rating: 1442 &rarr; <strong>1464<\/strong><br \/>(+22 for winning)\n|raw|I7 KEK's rating: 1484 &rarr; <strong>1462<\/strong><br \/>(-22 for losing)\n|l|\u2606I7 KEK\n","uploadtime":1700159702,"views":17,"p1id":"glitzky","p2id":"i7kek","formatid":"gen9vgc2023regulatione","rating":1462,"private":0,"password":""}