{"id":"gen9vgc2023regulatione-1992371004","p1":"KumpelYD","p2":"Spottedwoot","format":"[Gen 9] VGC 2023 Regulation E","log":"|j|\u2606KumpelYD\n|j|\u2606Spottedwoot\n|t:|1700179816\n|gametype|doubles\n|player|p1|KumpelYD|volkner|1607\n|player|p2|Spottedwoot|265|1541\n|teamsize|p1|6\n|teamsize|p2|6\n|gen|9\n|tier|[Gen 9] VGC 2023 Regulation E\n|rated|\n|rule|Species Clause: Limit one of each Pok\u00e9mon\n|rule|Item Clause: Limit one of each item\n|clearpoke\n|poke|p1|Ting-Lu, L50|\n|poke|p1|Cresselia, L50, F|\n|poke|p1|Arcanine, L50, M|\n|poke|p1|Ogerpon-Wellspring, L50, F|\n|poke|p1|Kommo-o, L50, F|\n|poke|p1|Ninetales-Alola, L50, M|\n|poke|p2|Ogerpon-Wellspring, L50, F|\n|poke|p2|Iron Hands, L50|\n|poke|p2|Kingambit, L50, F|\n|poke|p2|Chi-Yu, L50|\n|poke|p2|Flutter Mane, L50|\n|poke|p2|Landorus-Therian, L50, M|\n|teampreview|4\n|inactive|Battle timer is ON: inactive players will automatically lose when time's up. (requested by KumpelYD)\n|inactive|KumpelYD has 60 seconds left.\n|\n|t:|1700179856\n|start\n|switch|p1a: Ting-Lu|Ting-Lu, L50|100\/100\n|switch|p1b: Kommo-o|Kommo-o, L50, F|100\/100\n|switch|p2a: Flutter Mane|Flutter Mane, L50|100\/100\n|switch|p2b: Kingambit|Kingambit, L50, F|100\/100\n|-ability|p1a: Ting-Lu|Vessel of Ruin\n|-enditem|p2a: Flutter Mane|Booster Energy\n|-activate|p2a: Flutter Mane|ability: Protosynthesis|[fromitem]\n|-start|p2a: Flutter Mane|protosynthesisspe\n|turn|1\n|\n|t:|1700179873\n|move|p1b: Kommo-o|Protect|p1b: Kommo-o\n|-singleturn|p1b: Kommo-o|Protect\n|move|p2a: Flutter Mane|Moonblast|p1b: Kommo-o\n|-activate|p1b: Kommo-o|move: Protect\n|move|p2b: Kingambit|Swords Dance|p2b: Kingambit\n|-boost|p2b: Kingambit|atk|2\n|move|p1a: Ting-Lu|Heavy Slam|p2a: Flutter Mane\n|-supereffective|p2a: Flutter Mane\n|-damage|p2a: Flutter Mane|0 fnt\n|faint|p2a: Flutter Mane\n|-end|p2a: Flutter Mane|Protosynthesis|[silent]\n|\n|upkeep\n|\n|t:|1700179878\n|switch|p2a: Iron Hands|Iron Hands, L50|100\/100\n|turn|2\n|inactive|KumpelYD has 30 seconds left.\n|inactive|KumpelYD has 20 seconds left.\n|inactive|KumpelYD has 15 seconds left.\n|\n|t:|1700179920\n|-terastallize|p1a: Ting-Lu|Poison\n|move|p2a: Iron Hands|Fake Out|p1b: Kommo-o\n|-damage|p1b: Kommo-o|90\/100\n|-damage|p2a: Iron Hands|84\/100|[from] item: Rocky Helmet|[of] p1b: Kommo-o\n|cant|p1b: Kommo-o|flinch\n|move|p2b: Kingambit|Kowtow Cleave|p1b: Kommo-o\n|-resisted|p1b: Kommo-o\n|-damage|p1b: Kommo-o|49\/100\n|-damage|p2b: Kingambit|84\/100|[from] item: Rocky Helmet|[of] p1b: Kommo-o\n|move|p1a: Ting-Lu|Fissure|p2b: Kingambit|[miss]\n|-miss|p1a: Ting-Lu|p2b: Kingambit\n|\n|upkeep\n|turn|3\n|\n|t:|1700179938\n|-terastallize|p2b: Kingambit|Fairy\n|move|p1b: Kommo-o|Body Press|p2b: Kingambit\n|-resisted|p2b: Kingambit\n|-damage|p2b: Kingambit|68\/100\n|move|p2a: Iron Hands|Drain Punch|p1b: Kommo-o\n|-damage|p1b: Kommo-o|18\/100\n|-heal|p2a: Iron Hands|95\/100|[from] drain|[of] p1b: Kommo-o\n|-damage|p2a: Iron Hands|78\/100|[from] item: Rocky Helmet|[of] p1b: Kommo-o\n|move|p2b: Kingambit|Kowtow Cleave|p1a: Ting-Lu\n|-damage|p1a: Ting-Lu|43\/100\n|move|p1a: Ting-Lu|Stomping Tantrum|p2a: Iron Hands\n|-supereffective|p2a: Iron Hands\n|-damage|p2a: Iron Hands|7\/100\n|\n|-heal|p1a: Ting-Lu|49\/100|[from] item: Leftovers\n|upkeep\n|turn|4\n|\n|t:|1700179958\n|move|p2b: Kingambit|Sucker Punch|p1a: Ting-Lu\n|-damage|p1a: Ting-Lu|2\/100\n|move|p1b: Kommo-o|Poison Jab|p2b: Kingambit\n|-supereffective|p2b: Kingambit\n|-damage|p2b: Kingambit|39\/100\n|move|p2a: Iron Hands|Drain Punch|p1b: Kommo-o\n|-damage|p1b: Kommo-o|0 fnt\n|-heal|p2a: Iron Hands|13\/100|[from] drain|[of] p1b: Kommo-o\n|-damage|p2a: Iron Hands|0 fnt|[from] item: Rocky Helmet|[of] p1b: Kommo-o\n|faint|p1b: Kommo-o\n|faint|p2a: Iron Hands\n|-end|p2a: Iron Hands|Quark Drive|[silent]\n|move|p1a: Ting-Lu|Fissure|p2b: Kingambit\n|-damage|p2b: Kingambit|0 fnt\n|faint|p2b: Kingambit\n|-ohko\n|\n|-heal|p1a: Ting-Lu|8\/100|[from] item: Leftovers\n|upkeep\n|\n|t:|1700179969\n|switch|p1b: Arcanine|Arcanine, L50, M|100\/100\n|switch|p2b: Chi-Yu|Chi-Yu, L50|100\/100\n|-ability|p2b: Chi-Yu|Beads of Ruin\n|-ability|p1b: Arcanine|Intimidate|boost\n|-unboost|p2b: Chi-Yu|atk|1\n|turn|5\n|\n|t:|1700179979\n|move|p2b: Chi-Yu|Protect|p2b: Chi-Yu\n|-singleturn|p2b: Chi-Yu|Protect\n|move|p1b: Arcanine|Extreme Speed|p2b: Chi-Yu\n|-activate|p2b: Chi-Yu|move: Protect\n|move|p1a: Ting-Lu|Stomping Tantrum|p2b: Chi-Yu\n|-activate|p2b: Chi-Yu|move: Protect\n|\n|-heal|p1a: Ting-Lu|14\/100|[from] item: Leftovers\n|upkeep\n|turn|6\n|\n|t:|1700179984\n|move|p1a: Ting-Lu|Protect|p1a: Ting-Lu\n|-singleturn|p1a: Ting-Lu|Protect\n|move|p1b: Arcanine|Extreme Speed|p2b: Chi-Yu\n|-damage|p2b: Chi-Yu|69\/100\n|move|p2b: Chi-Yu|Heat Wave|p1a: Ting-Lu|[spread] p1b\n|-activate|p1a: Ting-Lu|move: Protect\n|-resisted|p1b: Arcanine\n|-damage|p1b: Arcanine|75\/100\n|\n|-heal|p1a: Ting-Lu|20\/100|[from] item: Leftovers\n|upkeep\n|turn|7\n|-message|Spottedwoot forfeited.\n|\n|win|KumpelYD\n|raw|KumpelYD's rating: 1607 &rarr; <strong>1623<\/strong><br \/>(+16 for winning)\n|raw|Spottedwoot's rating: 1541 &rarr; <strong>1525<\/strong><br \/>(-16 for losing)\n","uploadtime":1700180002,"views":20,"p1id":"kumpelyd","p2id":"spottedwoot","formatid":"gen9vgc2023regulatione","rating":1525,"private":0,"password":""}