{"id":"gen9vgc2023regulatione-1997835204","p1":"SuspiciousGoober76","p2":"Giangy","format":"[Gen 9] VGC 2023 Regulation E","log":"|j|\u2606SuspiciousGoober76\n|j|\u203dGiangy\n|t:|1700857871\n|gametype|doubles\n|player|p1|SuspiciousGoober76|galacticgrunt|1251\n|player|p2|Giangy|170|1188\n|teamsize|p1|6\n|teamsize|p2|6\n|gen|9\n|tier|[Gen 9] VGC 2023 Regulation E\n|rated|\n|rule|Species Clause: Limit one of each Pok\u00e9mon\n|rule|Item Clause: Limit one of each item\n|clearpoke\n|poke|p1|Iron Hands, L50|\n|poke|p1|Sinistcha-Masterpiece, L50|\n|poke|p1|Landorus-Therian, L50, M|\n|poke|p1|Ninetales-Alola, L50, M|\n|poke|p1|Heatran, L50, F|\n|poke|p1|Milotic, L50, M|\n|poke|p2|Beartic, L50, F|\n|poke|p2|Tornadus, L50, M|\n|poke|p2|Ogerpon-Wellspring, L50, F|\n|poke|p2|Flutter Mane, L50|\n|poke|p2|Landorus-Therian, L50, M|\n|poke|p2|Heatran, L50, F|\n|teampreview|4\n|c|\u2606SuspiciousGoober76|beartic fans rise\u270a\ud83c\udfff\n|\n|t:|1700857918\n|start\n|switch|p1a: Ninetales|Ninetales-Alola, L50, M|100\/100\n|switch|p1b: Milotic|Milotic, L50, M|100\/100\n|switch|p2a: Landorus|Landorus-Therian, L50, M|100\/100\n|switch|p2b: Heatran|Heatran, L50, F|100\/100\n|-ability|p2a: Landorus|Intimidate|boost\n|-unboost|p1a: Ninetales|atk|1\n|-unboost|p1b: Milotic|atk|1\n|-ability|p1b: Milotic|Competitive|boost\n|-boost|p1b: Milotic|spa|2\n|-weather|Snow|[from] ability: Snow Warning|[of] p1a: Ninetales\n|turn|1\n|\n|t:|1700857943\n|move|p2a: Landorus|Rock Slide|p1a: Ninetales|[spread] p1a,p1b\n|-supereffective|p1a: Ninetales\n|-damage|p1a: Ninetales|63\/100\n|-damage|p1b: Milotic|77\/100\n|move|p1a: Ninetales|Aurora Veil|p1a: Ninetales\n|-sidestart|p1: SuspiciousGoober76|move: Aurora Veil\n|move|p1b: Milotic|Coil|p1b: Milotic\n|-boost|p1b: Milotic|atk|1\n|-boost|p1b: Milotic|def|1\n|-boost|p1b: Milotic|accuracy|1\n|move|p2b: Heatran|Flash Cannon|p1a: Ninetales\n|-supereffective|p1a: Ninetales\n|-damage|p1a: Ninetales|0 fnt\n|faint|p1a: Ninetales\n|-damage|p2b: Heatran|91\/100|[from] item: Life Orb\n|\n|-weather|Snow|[upkeep]\n|-heal|p1b: Milotic|83\/100|[from] item: Leftovers\n|upkeep\n|\n|t:|1700857955\n|switch|p1a: Iron Hands|Iron Hands, L50|100\/100\n|turn|2\n|\n|t:|1700857984\n|-terastallize|p2b: Heatran|Grass\n|move|p2a: Landorus|Rock Slide|p1b: Milotic|[spread] p1a,p1b\n|-resisted|p1a: Iron Hands\n|-damage|p1a: Iron Hands|95\/100\n|-damage|p1b: Milotic|74\/100\n|move|p1b: Milotic|Hypnosis|p2b: Heatran\n|-status|p2b: Heatran|slp|[from] move: Hypnosis\n|cant|p2b: Heatran|slp\n|cant|p1a: Iron Hands|flinch\n|\n|-weather|Snow|[upkeep]\n|-heal|p1b: Milotic|80\/100|[from] item: Leftovers\n|upkeep\n|turn|3\n|\n|t:|1700858024\n|move|p2a: Landorus|Rock Slide|p1a: Iron Hands|[spread] p1a,p1b\n|-resisted|p1a: Iron Hands\n|-damage|p1a: Iron Hands|90\/100\n|-damage|p1b: Milotic|68\/100\n|move|p1b: Milotic|Coil|p1b: Milotic\n|-boost|p1b: Milotic|atk|1\n|-boost|p1b: Milotic|def|1\n|-boost|p1b: Milotic|accuracy|1\n|-curestatus|p2b: Heatran|slp|[msg]\n|move|p2b: Heatran|Heat Wave|p1a: Iron Hands|[spread] p1a,p1b\n|-resisted|p1b: Milotic\n|-damage|p1a: Iron Hands|61\/100\n|-damage|p1b: Milotic|58\/100\n|-damage|p2b: Heatran|81\/100|[from] item: Life Orb\n|cant|p1a: Iron Hands|flinch\n|\n|-weather|Snow|[upkeep]\n|-heal|p1b: Milotic|64\/100|[from] item: Leftovers\n|upkeep\n|turn|4\n|c|\u2606SuspiciousGoober76|are you serious\n|\n|t:|1700858070\n|move|p2a: Landorus|Rock Slide|p1b: Milotic|[spread] p1a,p1b\n|-resisted|p1a: Iron Hands\n|-damage|p1a: Iron Hands|56\/100\n|-damage|p1b: Milotic|55\/100\n|cant|p1b: Milotic|flinch\n|move|p2b: Heatran|Heat Wave|p1a: Iron Hands|[spread] p1a,p1b\n|-resisted|p1b: Milotic\n|-damage|p1a: Iron Hands|27\/100\n|-damage|p1b: Milotic|45\/100\n|-damage|p2b: Heatran|72\/100|[from] item: Life Orb\n|cant|p1a: Iron Hands|flinch\n|\n|-weather|Snow|[upkeep]\n|-heal|p1b: Milotic|51\/100|[from] item: Leftovers\n|upkeep\n|turn|5\n|c|\u2606SuspiciousGoober76|\u2026\n|\n|t:|1700858098\n|move|p2a: Landorus|Rock Slide|p1b: Milotic|[spread] p1a,p1b\n|-resisted|p1a: Iron Hands\n|-damage|p1a: Iron Hands|22\/100\n|-damage|p1b: Milotic|42\/100\n|move|p1b: Milotic|Hypnosis|p2b: Heatran\n|-status|p2b: Heatran|slp|[from] move: Hypnosis\n|cant|p2b: Heatran|slp\n|move|p1a: Iron Hands|Swords Dance|p1a: Iron Hands\n|-boost|p1a: Iron Hands|atk|2\n|\n|-weather|none\n|-heal|p1b: Milotic|48\/100|[from] item: Leftovers\n|upkeep\n|turn|6\n|\n|t:|1700858124\n|move|p2a: Landorus|Rock Slide|p1a: Iron Hands|[spread] p1a,p1b\n|-resisted|p1a: Iron Hands\n|-damage|p1a: Iron Hands|17\/100\n|-damage|p1b: Milotic|40\/100\n|move|p1b: Milotic|Hypnosis|p2a: Landorus\n|-status|p2a: Landorus|slp|[from] move: Hypnosis\n|-curestatus|p2b: Heatran|slp|[msg]\n|move|p2b: Heatran|Heat Wave|p1a: Iron Hands|[spread] p1a,p1b\n|-resisted|p1b: Milotic\n|-damage|p1a: Iron Hands|0 fnt\n|-damage|p1b: Milotic|30\/100\n|faint|p1a: Iron Hands\n|-end|p1a: Iron Hands|Quark Drive|[silent]\n|-damage|p2b: Heatran|62\/100|[from] item: Life Orb\n|\n|-heal|p1b: Milotic|36\/100|[from] item: Leftovers\n|upkeep\n|\n|t:|1700858144\n|switch|p1a: Heatran|Heatran, L50, F|100\/100\n|turn|7\n|\n|t:|1700858162\n|cant|p2a: Landorus|slp\n|move|p1b: Milotic|Hypnosis|p2b: Heatran\n|-status|p2b: Heatran|slp|[from] move: Hypnosis\n|move|p1a: Heatran|Flash Cannon|p2b: Heatran\n|-damage|p2b: Heatran|27\/100 slp\n|cant|p2b: Heatran|slp\n|\n|-heal|p1b: Milotic|42\/100|[from] item: Leftovers\n|upkeep\n|turn|8\n|\n|t:|1700858180\n|-curestatus|p2a: Landorus|slp|[msg]\n|move|p2a: Landorus|Rock Slide|p1a: Heatran|[spread] p1a,p1b\n|-damage|p1a: Heatran|87\/100\n|-damage|p1b: Milotic|34\/100\n|move|p1b: Milotic|Hydro Pump|p2a: Landorus\n|-supereffective|p2a: Landorus\n|-damage|p2a: Landorus|0 fnt\n|faint|p2a: Landorus\n|move|p1a: Heatran|Flash Cannon|p2b: Heatran\n|-damage|p2b: Heatran|0 fnt\n|faint|p2b: Heatran\n|\n|-heal|p1b: Milotic|40\/100|[from] item: Leftovers\n|-sideend|p1: SuspiciousGoober76|move: Aurora Veil\n|upkeep\n|\n|t:|1700858193\n|switch|p2a: Ogerpon|Ogerpon-Wellspring, L50, F|100\/100\n|switch|p2b: Tornadus|Tornadus, L50, M|100\/100\n|turn|9\n|\n|t:|1700858210\n|-terastallize|p1b: Milotic|Dragon\n|move|p1a: Heatran|Protect|p1a: Heatran\n|-singleturn|p1a: Heatran|Protect\n|move|p2b: Tornadus|Bleakwind Storm|p1a: Heatran|[spread] p1b\n|-activate|p1a: Heatran|move: Protect\n|-damage|p1b: Milotic|18\/100\n|-unboost|p1b: Milotic|spe|1\n|-ability|p1b: Milotic|Competitive|boost\n|-boost|p1b: Milotic|spa|2\n|move|p2a: Ogerpon|Ivy Cudgel|p1a: Heatran|[anim] Ivy Cudgel Water\n|-activate|p1a: Heatran|move: Protect\n|move|p1b: Milotic|Hypnosis|p2a: Ogerpon\n|-status|p2a: Ogerpon|slp|[from] move: Hypnosis\n|\n|-heal|p1b: Milotic|24\/100|[from] item: Leftovers\n|upkeep\n|turn|10\n|\n|t:|1700858232\n|move|p2b: Tornadus|Bleakwind Storm|p1b: Milotic|[spread] p1a,p1b\n|-resisted|p1a: Heatran\n|-damage|p1a: Heatran|70\/100\n|-damage|p1b: Milotic|2\/100\n|-unboost|p1a: Heatran|spe|1\n|-unboost|p1b: Milotic|spe|1\n|-ability|p1b: Milotic|Competitive|boost\n|-boost|p1b: Milotic|spa|2\n|cant|p2a: Ogerpon|slp\n|move|p1a: Heatran|Heat Wave|p2b: Tornadus|[spread] p2a,p2b\n|-damage|p2a: Ogerpon|54\/100 slp\n|-damage|p2b: Tornadus|51\/100\n|move|p1b: Milotic|Hydro Pump|p2b: Tornadus\n|-damage|p2b: Tornadus|0 fnt\n|faint|p2b: Tornadus\n|\n|-heal|p1b: Milotic|8\/100|[from] item: Leftovers\n|upkeep\n|turn|11\n|inactive|Battle timer is ON: inactive players will automatically lose when time's up. (requested by SuspiciousGoober76)\n|l|\u2606SuspiciousGoober76\n|inactive|SuspiciousGoober76 disconnected and has a minute to reconnect!\n|player|p1|\n|j|\u2606SuspiciousGoober76\n|inactive|SuspiciousGoober76 reconnected.\n|player|p1|SuspiciousGoober76|galacticgrunt\n|c|\u2606SuspiciousGoober76|hurry up\n|inactive|Giangy has 60 seconds left.\n|l|\u203dGiangy\n|inactive|Giangy disconnected and has a minute to reconnect!\n|player|p2|\n|inactive|Giangy has 30 seconds left.\n|inactive|Giangy has 20 seconds left.\n|inactive|Giangy has 15 seconds left.\n|inactive|Giangy has 10 seconds left.\n|inactive|Giangy has 5 seconds left.\n|-message|Giangy lost due to inactivity.\n|\n|win|SuspiciousGoober76\n|raw|SuspiciousGoober76's rating: 1251 &rarr; <strong>1272<\/strong><br \/>(+21 for winning)\n|raw|Giangy's rating: 1188 &rarr; <strong>1167<\/strong><br \/>(-21 for losing)\n","uploadtime":1700858411,"views":12,"p1id":"suspiciousgoober76","p2id":"giangy","formatid":"gen9vgc2023regulatione","rating":1167,"private":0,"password":""}