{"id":"gen9vgc2023regulatione-1992378988","p1":"Moth die Motte","p2":"Bughello98","format":"[Gen 9] VGC 2023 Regulation E","log":"|j|\u2606Moth die Motte\n|j|\u2606Bughello98\n|t:|1700180735\n|gametype|doubles\n|player|p1|Moth die Motte|265|1346\n|player|p2|Bughello98|petrel|1426\n|teamsize|p1|6\n|teamsize|p2|6\n|gen|9\n|tier|[Gen 9] VGC 2023 Regulation E\n|rated|\n|rule|Species Clause: Limit one of each Pok\u00e9mon\n|rule|Item Clause: Limit one of each item\n|clearpoke\n|poke|p1|Heatran, L50, M|\n|poke|p1|Annihilape, L50, F|\n|poke|p1|Grimmsnarl, L50, M|\n|poke|p1|Zapdos, L50|\n|poke|p1|Clefable, L50, F|\n|poke|p1|Rillaboom, L50, M|\n|poke|p2|Kingambit, L50, F|\n|poke|p2|Rillaboom, L50, M|\n|poke|p2|Ogerpon-Wellspring, L50, F|\n|poke|p2|Cresselia, L50, F|\n|poke|p2|Flutter Mane, L50|\n|poke|p2|Heatran, L50, F|\n|teampreview|4\n|inactive|Battle timer is ON: inactive players will automatically lose when time's up. (requested by Moth die Motte)\n|\n|t:|1700180784\n|start\n|switch|p1a: Annihilape|Annihilape, L50, F|100\/100\n|switch|p1b: Grimmsnarl|Grimmsnarl, L50, M|100\/100\n|switch|p2a: Heatran|Heatran, L50, F, shiny|100\/100\n|switch|p2b: Cresselia|Cresselia, L50, F, shiny|100\/100\n|turn|1\n|inactive|Bughello98 has 30 seconds left.\n|\n|t:|1700180817\n|-terastallize|p2a: Heatran|Fairy\n|move|p2b: Cresselia|Helping Hand|p2a: Heatran\n|-singleturn|p2a: Heatran|Helping Hand|[of] p2b: Cresselia\n|move|p1b: Grimmsnarl|Light Screen|p1b: Grimmsnarl\n|-sidestart|p1: Moth die Motte|move: Light Screen\n|move|p1a: Annihilape|Bulk Up|p1a: Annihilape\n|-boost|p1a: Annihilape|atk|1\n|-boost|p1a: Annihilape|def|1\n|move|p2a: Heatran|Flash Cannon|p1b: Grimmsnarl\n|-supereffective|p1b: Grimmsnarl\n|-damage|p1b: Grimmsnarl|25\/100\n|\n|upkeep\n|turn|2\n|inactive|Bughello98 has 30 seconds left.\n|inactive|Moth die Motte has 30 seconds left.\n|\n|t:|1700180852\n|-terastallize|p1a: Annihilape|Fire\n|move|p2b: Cresselia|Helping Hand|p2a: Heatran\n|-singleturn|p2a: Heatran|Helping Hand|[of] p2b: Cresselia\n|move|p1b: Grimmsnarl|Parting Shot|p2a: Heatran\n|-unboost|p2a: Heatran|atk|1\n|-unboost|p2a: Heatran|spa|1\n|\n|t:|1700180858\n|switch|p1b: Clefable|Clefable, L50, F|100\/100|[from] Parting Shot\n|move|p1a: Annihilape|Bulk Up|p1a: Annihilape\n|-boost|p1a: Annihilape|atk|1\n|-boost|p1a: Annihilape|def|1\n|move|p2a: Heatran|Tera Blast|p1a: Annihilape|[anim] Tera Blast Fairy\n|-resisted|p1a: Annihilape\n|-damage|p1a: Annihilape|90\/100\n|\n|-heal|p1a: Annihilape|96\/100|[from] item: Leftovers\n|upkeep\n|turn|3\n|inactive|Moth die Motte has 30 seconds left.\n|inactive|Bughello98 has 30 seconds left.\n|inactive|Bughello98 has 20 seconds left.\n|\n|t:|1700180897\n|switch|p2a: Ogerpon|Ogerpon-Wellspring, L50, F|100\/100\n|switch|p2b: Flutter Mane|Flutter Mane, L50|100\/100\n|-enditem|p2b: Flutter Mane|Booster Energy\n|-activate|p2b: Flutter Mane|ability: Protosynthesis|[fromitem]\n|-start|p2b: Flutter Mane|protosynthesisspe\n|move|p1a: Annihilape|Rage Fist|p2a: Ogerpon\n|-damage|p2a: Ogerpon|14\/100\n|move|p1b: Clefable|Life Dew||[still]|[spread] p1a,p1b\n|-heal|p1a: Annihilape|100\/100\n|-fail|p1b: Clefable|heal\n|\n|upkeep\n|turn|4\n|inactive|Bughello98 has 30 seconds left.\n|inactive|Bughello98 has 20 seconds left.\n|\n|t:|1700180932\n|move|p1b: Clefable|Follow Me|p1b: Clefable\n|-singleturn|p1b: Clefable|move: Follow Me\n|move|p2b: Flutter Mane|Shadow Ball|p1b: Clefable\n|-damage|p1b: Clefable|75\/100\n|move|p2a: Ogerpon|Ivy Cudgel|p1b: Clefable|[anim] Ivy Cudgel Water\n|-crit|p1b: Clefable\n|-damage|p1b: Clefable|13\/100\n|move|p1a: Annihilape|Rage Fist|p2b: Flutter Mane\n|-supereffective|p2b: Flutter Mane\n|-damage|p2b: Flutter Mane|0 fnt\n|faint|p2b: Flutter Mane\n|-end|p2b: Flutter Mane|Protosynthesis|[silent]\n|\n|upkeep\n|\n|t:|1700180947\n|switch|p2b: Heatran|Heatran, L50, F, shiny, tera:Fairy|100\/100\n|turn|5\n|\n|t:|1700180955\n|move|p2a: Ogerpon|Spiky Shield|p2a: Ogerpon\n|-singleturn|p2a: Ogerpon|move: Protect\n|move|p1b: Clefable|Follow Me|p1b: Clefable\n|-singleturn|p1b: Clefable|move: Follow Me\n|move|p1a: Annihilape|Rage Fist|p2a: Ogerpon\n|-activate|p2a: Ogerpon|move: Protect\n|-damage|p1a: Annihilape|88\/100|[from] Spiky Shield|[of] p2a: Ogerpon\n|move|p2b: Heatran|Heat Wave|p1b: Clefable|[spread] p1b\n|-miss|p2b: Heatran|p1a: Annihilape\n|-damage|p1b: Clefable|0 fnt\n|faint|p1b: Clefable\n|\n|-heal|p1a: Annihilape|94\/100|[from] item: Leftovers\n|upkeep\n|\n|t:|1700180958\n|switch|p1b: Rillaboom|Rillaboom, L50, M|100\/100\n|-fieldstart|move: Grassy Terrain|[from] ability: Grassy Surge|[of] p1b: Rillaboom\n|turn|6\n|inactive|Bughello98 has 30 seconds left.\n|\n|t:|1700180991\n|switch|p2a: Cresselia|Cresselia, L50, F, shiny|100\/100\n|move|p1b: Rillaboom|Grassy Glide|p2a: Cresselia\n|-damage|p2a: Cresselia|74\/100\n|move|p1a: Annihilape|Rage Fist|p2b: Heatran\n|-damage|p2b: Heatran|30\/100\n|move|p2b: Heatran|Earth Power|p1a: Annihilape\n|-supereffective|p1a: Annihilape\n|-damage|p1a: Annihilape|63\/100\n|\n|-heal|p1a: Annihilape|70\/100|[from] Grassy Terrain\n|-heal|p1a: Annihilape|76\/100|[from] item: Leftovers\n|-heal|p2b: Heatran|36\/100|[from] Grassy Terrain\n|upkeep\n|turn|7\n|inactive|Bughello98 has 30 seconds left.\n|\n|t:|1700181021\n|move|p1a: Annihilape|Rage Fist|p2b: Heatran\n|-damage|p2b: Heatran|0 fnt\n|faint|p2b: Heatran\n|move|p1b: Rillaboom|Taunt|p2a: Cresselia\n|-start|p2a: Cresselia|move: Taunt\n|-enditem|p2a: Cresselia|Mental Herb\n|-end|p2a: Cresselia|move: Taunt\n|move|p2a: Cresselia|Psychic|p1b: Rillaboom\n|-damage|p1b: Rillaboom|82\/100\n|\n|-heal|p1a: Annihilape|82\/100|[from] Grassy Terrain\n|-heal|p1a: Annihilape|88\/100|[from] item: Leftovers\n|-heal|p1b: Rillaboom|88\/100|[from] Grassy Terrain\n|upkeep\n|\n|t:|1700181034\n|switch|p2b: Ogerpon|Ogerpon-Wellspring, L50, F|14\/100\n|turn|8\n|\n|t:|1700181041\n|move|p2a: Cresselia|Helping Hand|p2b: Ogerpon\n|-singleturn|p2b: Ogerpon|Helping Hand|[of] p2a: Cresselia\n|move|p1b: Rillaboom|Grassy Glide|p2b: Ogerpon\n|-damage|p2b: Ogerpon|0 fnt\n|faint|p2b: Ogerpon\n|move|p1a: Annihilape|Rage Fist|p2a: Cresselia\n|-supereffective|p2a: Cresselia\n|-damage|p2a: Cresselia|0 fnt\n|faint|p2a: Cresselia\n|\n|win|Moth die Motte\n|raw|Moth die Motte's rating: 1346 &rarr; <strong>1371<\/strong><br \/>(+25 for winning)\n|raw|Bughello98's rating: 1426 &rarr; <strong>1401<\/strong><br \/>(-25 for losing)\n|l|\u2606Bughello98\n","uploadtime":1700181059,"views":31,"p1id":"mothdiemotte","p2id":"bughello98","formatid":"gen9vgc2023regulatione","rating":1371,"private":0,"password":""}