{"id":"gen9vgc2023regulatione-1991690285","p1":"Chowdah","p2":"Kalickey","format":"[Gen 9] VGC 2023 Regulation E","log":"|j|\u2606Chowdah\n|j|\u2606Kalickey\n|t:|1700103054\n|gametype|doubles\n|player|p1|Chowdah|hiker-gen1rb|1390\n|player|p2|Kalickey|2|1323\n|teamsize|p1|6\n|teamsize|p2|6\n|gen|9\n|tier|[Gen 9] VGC 2023 Regulation E\n|rated|\n|rule|Species Clause: Limit one of each Pok\u00e9mon\n|rule|Item Clause: Limit one of each item\n|clearpoke\n|poke|p1|Wo-Chien, L50|\n|poke|p1|Dondozo, L50, F|\n|poke|p1|Tatsugiri-Droopy, L50, M|\n|poke|p1|Glimmora, L50, M|\n|poke|p1|Iron Hands, L50|\n|poke|p1|Grimmsnarl, L50, M|\n|poke|p2|Murkrow, L50, M|\n|poke|p2|Dragonite, L50, M|\n|poke|p2|Gholdengo, L50|\n|poke|p2|Scizor, L50, M|\n|poke|p2|Rillaboom, L50, M|\n|poke|p2|Heatran, L50, F|\n|teampreview|4\n|inactive|Battle timer is ON: inactive players will automatically lose when time's up. (requested by Kalickey)\nKalickey has agreed to open team sheets.\n|c|\u2606Chowdah|gl hf :)\nChowdah has agreed to open team sheets.\n|c|\u2606Kalickey|same same!\n|inactive|Chowdah has 30 seconds left.\n|inactive|Kalickey has 30 seconds left.\n|inactive|Kalickey has 20 seconds left.\n|inactive|Kalickey has 15 seconds left.\n|inactive|Kalickey has 10 seconds left.\n|\n|t:|1700103105\n|start\n|switch|p1a: Grimmsnarl|Grimmsnarl, L50, M|100\/100\n|switch|p1b: Iron Hands|Iron Hands, L50|100\/100\n|switch|p2a: Scizor|Scizor, L50, M, shiny|100\/100\n|switch|p2b: Heatran|Heatran, L50, F|100\/100\n|turn|1\n|\n|t:|1700103129\n|move|p1b: Iron Hands|Fake Out|p2b: Heatran\n|-resisted|p2b: Heatran\n|-damage|p2b: Heatran|93\/100\n|move|p1a: Grimmsnarl|Light Screen|p1a: Grimmsnarl\n|-sidestart|p1: Chowdah|move: Light Screen\n|move|p2a: Scizor|Bullet Punch|p1a: Grimmsnarl\n|-supereffective|p1a: Grimmsnarl\n|-damage|p1a: Grimmsnarl|20\/100\n|cant|p2b: Heatran|flinch\n|\n|upkeep\n|turn|2\n|inactive|Chowdah has 30 seconds left.\n|\n|t:|1700103156\n|-terastallize|p2b: Heatran|Grass\n|move|p1a: Grimmsnarl|Reflect|p1a: Grimmsnarl\n|-sidestart|p1: Chowdah|Reflect\n|move|p2a: Scizor|Bullet Punch|p1a: Grimmsnarl\n|-supereffective|p1a: Grimmsnarl\n|-damage|p1a: Grimmsnarl|0 fnt\n|faint|p1a: Grimmsnarl\n|move|p2b: Heatran|Earth Power|p1b: Iron Hands\n|-supereffective|p1b: Iron Hands\n|-damage|p1b: Iron Hands|59\/100\n|move|p1b: Iron Hands|Drain Punch|p2b: Heatran\n|-crit|p2b: Heatran\n|-damage|p2b: Heatran|31\/100\n|-heal|p1b: Iron Hands|83\/100|[from] drain|[of] p2b: Heatran\n|\n|upkeep\n|\n|t:|1700103174\n|switch|p1a: Dondozo|Dondozo, L50, F|100\/100\n|turn|3\n|inactive|Chowdah has 30 seconds left.\n|inactive|Chowdah has 20 seconds left.\n|inactive|Chowdah has 15 seconds left.\n|\n|t:|1700103219\n|switch|p2b: Gholdengo|Gholdengo, L50|100\/100\n|move|p1b: Iron Hands|Volt Switch|p2b: Gholdengo\n|-damage|p2b: Gholdengo|87\/100\n|\n|t:|1700103223\n|-end|p1b: Iron Hands|Quark Drive|[silent]\n|switch|p1b: Tatsugiri|Tatsugiri-Droopy, L50, M|100\/100|[from] Volt Switch\n|-activate|p1b: Tatsugiri|ability: Commander|[of] p1a: Dondozo\n|-boost|p1a: Dondozo|atk|2\n|-boost|p1a: Dondozo|spa|2\n|-boost|p1a: Dondozo|spe|2\n|-boost|p1a: Dondozo|def|2\n|-boost|p1a: Dondozo|spd|2\n|move|p1a: Dondozo|Order Up|p2b: Gholdengo\n|-resisted|p2b: Gholdengo\n|-damage|p2b: Gholdengo|69\/100\n|-boost|p1a: Dondozo|def|1\n|move|p2a: Scizor|U-turn|p1a: Dondozo\n|-damage|p1a: Dondozo|95\/100\n|\n|t:|1700103237\n|switch|p2a: Rillaboom|Rillaboom, L50, M|100\/100|[from] U-turn\n|-fieldstart|move: Grassy Terrain|[from] ability: Grassy Surge|[of] p2a: Rillaboom\n|\n|-heal|p1a: Dondozo|100\/100|[from] Grassy Terrain\n|-heal|p2b: Gholdengo|75\/100|[from] Grassy Terrain\n|upkeep\n|turn|4\n|inactive|Chowdah has 30 seconds left.\n|inactive|Kalickey has 30 seconds left.\n|\n|t:|1700103272\n|switch|p2b: Scizor|Scizor, L50, M, shiny|100\/100\n|move|p2a: Rillaboom|Fake Out|p1a: Dondozo\n|-damage|p1a: Dondozo|99\/100\n|cant|p1a: Dondozo|flinch\n|\n|-heal|p1a: Dondozo|100\/100|[from] Grassy Terrain\n|upkeep\n|turn|5\n|inactive|Kalickey has 30 seconds left.\n|inactive|Kalickey has 20 seconds left.\n|\n|t:|1700103311\n|switch|p2a: Gholdengo|Gholdengo, L50|75\/100\n|move|p1a: Dondozo|Order Up|p2a: Gholdengo\n|-resisted|p2a: Gholdengo\n|-damage|p2a: Gholdengo|57\/100\n|-boost|p1a: Dondozo|def|1\n|move|p2b: Scizor|U-turn|p1a: Dondozo\n|-damage|p1a: Dondozo|96\/100\n|\n|t:|1700103320\n|switch|p2b: Rillaboom|Rillaboom, L50, M|100\/100|[from] U-turn\n|\n|-heal|p1a: Dondozo|100\/100|[from] Grassy Terrain\n|-heal|p2a: Gholdengo|63\/100|[from] Grassy Terrain\n|upkeep\n|turn|6\n|\n|t:|1700103333\n|move|p2b: Rillaboom|Fake Out|p1a: Dondozo\n|-damage|p1a: Dondozo|99\/100\n|cant|p1a: Dondozo|flinch\n|move|p2a: Gholdengo|Shadow Ball|p1a: Dondozo\n|-damage|p1a: Dondozo|79\/100\n|-damage|p2a: Gholdengo|53\/100|[from] item: Life Orb\n|\n|-heal|p1a: Dondozo|85\/100|[from] Grassy Terrain\n|-heal|p2a: Gholdengo|59\/100|[from] Grassy Terrain\n|upkeep\n|turn|7\n|\n|t:|1700103355\n|move|p1a: Dondozo|Fissure|p2b: Rillaboom|[miss]\n|-miss|p1a: Dondozo|p2b: Rillaboom\n|move|p2a: Gholdengo|Shadow Ball|p1a: Dondozo\n|-damage|p1a: Dondozo|64\/100\n|-damage|p2a: Gholdengo|49\/100|[from] item: Life Orb\n|move|p2b: Rillaboom|Wood Hammer|p1a: Dondozo\n|-supereffective|p1a: Dondozo\n|-damage|p1a: Dondozo|47\/100\n|-damage|p2b: Rillaboom|93\/100|[from] Recoil\n|\n|-heal|p1a: Dondozo|53\/100|[from] Grassy Terrain\n|-heal|p2a: Gholdengo|56\/100|[from] Grassy Terrain\n|-heal|p2b: Rillaboom|99\/100|[from] Grassy Terrain\n|-fieldend|move: Grassy Terrain\n|upkeep\n|turn|8\n|\n|t:|1700103380\n|switch|p2b: Scizor|Scizor, L50, M, shiny|100\/100\n|move|p1a: Dondozo|Fissure|p2b: Scizor|[miss]\n|-miss|p1a: Dondozo|p2b: Scizor\n|move|p2a: Gholdengo|Shadow Ball|p1a: Dondozo\n|-damage|p1a: Dondozo|33\/100\n|-damage|p2a: Gholdengo|46\/100|[from] item: Life Orb\n|\n|-sideend|p1: Chowdah|move: Light Screen\n|upkeep\n|turn|9\n|inactive|Kalickey has 30 seconds left.\n|\n|t:|1700103412\n|move|p1a: Dondozo|Rest|p1a: Dondozo\n|-status|p1a: Dondozo|slp|[from] move: Rest\n|-enditem|p1a: Dondozo|Lum Berry|[eat]\n|-curestatus|p1a: Dondozo|slp|[msg]\n|-heal|p1a: Dondozo|100\/100|[silent]\n|move|p2a: Gholdengo|Shadow Ball|p1a: Dondozo\n|-damage|p1a: Dondozo|70\/100\n|-damage|p2a: Gholdengo|36\/100|[from] item: Life Orb\n|move|p2b: Scizor|U-turn|p1a: Dondozo\n|-damage|p1a: Dondozo|65\/100\n|\n|t:|1700103428\n|switch|p2b: Rillaboom|Rillaboom, L50, M|99\/100|[from] U-turn\n|-fieldstart|move: Grassy Terrain|[from] ability: Grassy Surge|[of] p2b: Rillaboom\n|\n|-heal|p1a: Dondozo|71\/100|[from] Grassy Terrain\n|-heal|p2a: Gholdengo|42\/100|[from] Grassy Terrain\n|-heal|p2b: Rillaboom|100\/100|[from] Grassy Terrain\n|-sideend|p1: Chowdah|Reflect\n|upkeep\n|turn|10\n|\n|t:|1700103440\n|move|p1a: Dondozo|Protect|p1a: Dondozo\n|-singleturn|p1a: Dondozo|Protect\n|move|p2b: Rillaboom|Fake Out|p1a: Dondozo\n|-activate|p1a: Dondozo|move: Protect\n|move|p2a: Gholdengo|Shadow Ball|p1a: Dondozo\n|-activate|p1a: Dondozo|move: Protect\n|\n|-heal|p1a: Dondozo|77\/100|[from] Grassy Terrain\n|-heal|p2a: Gholdengo|48\/100|[from] Grassy Terrain\n|upkeep\n|turn|11\n|\n|t:|1700103463\n|switch|p2b: Scizor|Scizor, L50, M, shiny|100\/100\n|move|p1a: Dondozo|Fissure|p2b: Scizor|[miss]\n|-miss|p1a: Dondozo|p2b: Scizor\n|move|p2a: Gholdengo|Shadow Ball|p1a: Dondozo\n|-damage|p1a: Dondozo|48\/100\n|-damage|p2a: Gholdengo|39\/100|[from] item: Life Orb\n|\n|-heal|p1a: Dondozo|54\/100|[from] Grassy Terrain\n|-heal|p2a: Gholdengo|45\/100|[from] Grassy Terrain\n|upkeep\n|turn|12\n|\n|t:|1700103480\n|move|p1a: Dondozo|Protect|p1a: Dondozo\n|-singleturn|p1a: Dondozo|Protect\n|move|p2a: Gholdengo|Shadow Ball|p1a: Dondozo\n|-activate|p1a: Dondozo|move: Protect\n|move|p2b: Scizor|U-turn|p1a: Dondozo\n|-activate|p1a: Dondozo|move: Protect\n|\n|-heal|p1a: Dondozo|61\/100|[from] Grassy Terrain\n|-heal|p2a: Gholdengo|51\/100|[from] Grassy Terrain\n|upkeep\n|turn|13\n|\n|t:|1700103499\n|move|p1a: Dondozo|Fissure|p2b: Scizor|[miss]\n|-miss|p1a: Dondozo|p2b: Scizor\n|move|p2a: Gholdengo|Shadow Ball|p1a: Dondozo\n|-damage|p1a: Dondozo|31\/100\n|-damage|p2a: Gholdengo|41\/100|[from] item: Life Orb\n|move|p2b: Scizor|U-turn|p1a: Dondozo\n|-damage|p1a: Dondozo|25\/100\n|\n|t:|1700103509\n|switch|p2b: Rillaboom|Rillaboom, L50, M|100\/100|[from] U-turn\n|\n|-heal|p1a: Dondozo|31\/100|[from] Grassy Terrain\n|-heal|p2a: Gholdengo|47\/100|[from] Grassy Terrain\n|-fieldend|move: Grassy Terrain\n|upkeep\n|turn|14\n|\n|t:|1700103528\n|switch|p2a: Heatran|Heatran, L50, F, tera:Grass|31\/100\n|move|p1a: Dondozo|Protect|p1a: Dondozo\n|-singleturn|p1a: Dondozo|Protect\n|move|p2b: Rillaboom|Fake Out|p1a: Dondozo\n|-activate|p1a: Dondozo|move: Protect\n|\n|upkeep\n|turn|15\n|\n|t:|1700103544\n|switch|p2b: Scizor|Scizor, L50, M, shiny|100\/100\n|-terastallize|p1a: Dondozo|Dragon\n|move|p1a: Dondozo|Rest|p1a: Dondozo\n|-status|p1a: Dondozo|slp|[from] move: Rest\n|-heal|p1a: Dondozo|100\/100 slp|[silent]\n|move|p2a: Heatran|Tera Blast|p1a: Dondozo|[anim] Tera Blast Grass\n|-resisted|p1a: Dondozo\n|-crit|p1a: Dondozo\n|-damage|p1a: Dondozo|48\/100 slp\n|\n|upkeep\n|turn|16\n|\n|t:|1700103561\n|switch|p2b: Gholdengo|Gholdengo, L50|47\/100\n|cant|p1a: Dondozo|slp\n|move|p2a: Heatran|Tera Blast|p1a: Dondozo|[anim] Tera Blast Grass\n|-resisted|p1a: Dondozo\n|-crit|p1a: Dondozo\n|-damage|p1a: Dondozo|1\/100 slp\n|\n|upkeep\n|turn|17\n|inactive|Kalickey has 30 seconds left.\n|\n|t:|1700103582\n|cant|p1a: Dondozo|slp\n|move|p2b: Gholdengo|Shadow Ball|p1a: Dondozo\n|-damage|p1a: Dondozo|0 fnt\n|faint|p1a: Dondozo\n|-damage|p2b: Gholdengo|38\/100|[from] item: Life Orb\n|move|p2a: Heatran|Tera Blast|p1b: Tatsugiri|[anim] Tera Blast Grass\n|-damage|p1b: Tatsugiri|12\/100\n|\n|upkeep\n|inactive|Kalickey has 30 seconds left this turn.\n|\n|t:|1700103591\n|switch|p1a: Iron Hands|Iron Hands, L50|83\/100\n|turn|18\n|inactive|Kalickey has 30 seconds left this turn.\n|\n|t:|1700103606\n|switch|p2a: Rillaboom|Rillaboom, L50, M|100\/100\n|-fieldstart|move: Grassy Terrain|[from] ability: Grassy Surge|[of] p2a: Rillaboom\n|move|p2b: Gholdengo|Protect|p2b: Gholdengo\n|-singleturn|p2b: Gholdengo|Protect\n|move|p1a: Iron Hands|Fake Out|p2a: Rillaboom\n|-damage|p2a: Rillaboom|85\/100\n|move|p1b: Tatsugiri|Hydro Pump|p2b: Gholdengo\n|-activate|p2b: Gholdengo|move: Protect\n|\n|-heal|p1b: Tatsugiri|17\/100|[from] Grassy Terrain\n|-heal|p2b: Gholdengo|44\/100|[from] Grassy Terrain\n|-heal|p2a: Rillaboom|91\/100|[from] Grassy Terrain\n|-heal|p1a: Iron Hands|89\/100|[from] Grassy Terrain\n|upkeep\n|turn|19\n|inactive|Kalickey has 25 seconds left this turn.\n|inactive|Kalickey has 20 seconds left.\n|inactive|Kalickey has 15 seconds left.\n|inactive|Kalickey has 10 seconds left.\n|\n|t:|1700103624\n|move|p2a: Rillaboom|Fake Out|p1a: Iron Hands\n|-damage|p1a: Iron Hands|80\/100\n|move|p1b: Tatsugiri|Hydro Pump|p2b: Gholdengo\n|-damage|p2b: Gholdengo|0 fnt\n|faint|p2b: Gholdengo\n|cant|p1a: Iron Hands|flinch\n|\n|-heal|p1b: Tatsugiri|23\/100|[from] Grassy Terrain\n|-heal|p2a: Rillaboom|97\/100|[from] Grassy Terrain\n|-heal|p1a: Iron Hands|86\/100|[from] Grassy Terrain\n|upkeep\n|inactive|Kalickey has 10 seconds left this turn.\n|inactive|Kalickey has 5 seconds left.\n|-message|Kalickey lost due to inactivity.\n|\n|win|Chowdah\n|raw|Chowdah's rating: 1390 &rarr; <strong>1406<\/strong><br \/>(+16 for winning)\n|raw|Kalickey's rating: 1323 &rarr; <strong>1307<\/strong><br \/>(-16 for losing)\n|c|\u2606Chowdah|gg\n|c|\u2606Kalickey|gg\n","uploadtime":1700103650,"views":32,"p1id":"chowdah","p2id":"kalickey","formatid":"gen9vgc2023regulatione","rating":1307,"private":0,"password":""}