{"id":"gen9vgc2023regulatione-1998933477","p1":"haamgamer07","p2":"sazzzy","format":"[Gen 9] VGC 2023 Regulation E","log":"|j|\u2606haamgamer07\n|j|\u2606sazzzy\n|t:|1701014808\n|gametype|doubles\n|player|p1|haamgamer07|169|1368\n|player|p2|sazzzy|101|1302\n|teamsize|p1|6\n|teamsize|p2|6\n|gen|9\n|tier|[Gen 9] VGC 2023 Regulation E\n|rated|\n|rule|Species Clause: Limit one of each Pok\u00e9mon\n|rule|Item Clause: Limit one of each item\n|clearpoke\n|poke|p1|Flutter Mane, L50|\n|poke|p1|Iron Hands, L50|\n|poke|p1|Ogerpon-Hearthflame, L50, F|\n|poke|p1|Cresselia, L50, F|\n|poke|p1|Ursaluna, L50, M|\n|poke|p1|Empoleon, L50, F|\n|poke|p2|Kommo-o, L50, F|\n|poke|p2|Tyranitar, L50, M|\n|poke|p2|Rillaboom, L50, M|\n|poke|p2|Flutter Mane, L50|\n|poke|p2|Arcanine-Hisui, L50, M|\n|poke|p2|Iron Bundle, L50|\n|teampreview|4\n|inactive|Battle timer is ON: inactive players will automatically lose when time's up. (requested by sazzzy)\n|\n|t:|1701014842\n|start\n|switch|p1a: Empoleon|Empoleon, L50, F|100\/100\n|switch|p1b: Flutter Mane|Flutter Mane, L50|100\/100\n|switch|p2a: Iron Bundle|Iron Bundle, L50|100\/100\n|switch|p2b: Flutter Mane|Flutter Mane, L50|100\/100\n|-enditem|p2a: Iron Bundle|Booster Energy\n|-activate|p2a: Iron Bundle|ability: Quark Drive|[fromitem]\n|-start|p2a: Iron Bundle|quarkdrivespe\n|turn|1\n|\n|t:|1701014866\n|move|p1b: Flutter Mane|Protect|p1b: Flutter Mane\n|-singleturn|p1b: Flutter Mane|Protect\n|move|p2a: Iron Bundle|Icy Wind|p1a: Empoleon|[spread] p1a\n|-activate|p1b: Flutter Mane|move: Protect\n|-resisted|p1a: Empoleon\n|-damage|p1a: Empoleon|97\/100\n|-unboost|p1a: Empoleon|spe|1\n|-ability|p1a: Empoleon|Competitive|boost\n|-boost|p1a: Empoleon|spa|2\n|move|p2b: Flutter Mane|Shadow Ball|p1a: Empoleon\n|-damage|p1a: Empoleon|57\/100\n|move|p1a: Empoleon|Flash Cannon|p2b: Flutter Mane\n|-supereffective|p2b: Flutter Mane\n|-crit|p2b: Flutter Mane\n|-damage|p2b: Flutter Mane|0 fnt\n|faint|p2b: Flutter Mane\n|-end|p2b: Flutter Mane|Protosynthesis|[silent]\n|\n|upkeep\n|\n|t:|1701014882\n|switch|p2b: Tyranitar|Tyranitar, L50, M|100\/100\n|-weather|Sandstorm|[from] ability: Sand Stream|[of] p2b: Tyranitar\n|turn|2\n|inactive|haamgamer07 has 30 seconds left.\n|inactive|haamgamer07 has 20 seconds left.\n|inactive|haamgamer07 has 15 seconds left.\n|\n|t:|1701014924\n|move|p2a: Iron Bundle|Protect|p2a: Iron Bundle\n|-singleturn|p2a: Iron Bundle|Protect\n|move|p1b: Flutter Mane|Dazzling Gleam|p2b: Tyranitar|[spread] p2b\n|-activate|p2a: Iron Bundle|move: Protect\n|-supereffective|p2b: Tyranitar\n|-damage|p2b: Tyranitar|72\/100\n|move|p2b: Tyranitar|Low Kick|p1a: Empoleon\n|-supereffective|p1a: Empoleon\n|-damage|p1a: Empoleon|0 fnt\n|faint|p1a: Empoleon\n|\n|-weather|Sandstorm|[upkeep]\n|-damage|p2a: Iron Bundle|94\/100|[from] Sandstorm\n|-damage|p1b: Flutter Mane|95\/100|[from] Sandstorm\n|upkeep\n|\n|t:|1701014943\n|switch|p1a: Iron Hands|Iron Hands, L50|100\/100\n|turn|3\n|inactive|haamgamer07 has 30 seconds left.\n|\n|t:|1701014973\n|switch|p2b: Arcanine|Arcanine-Hisui, L50, M|100\/100\n|-ability|p2b: Arcanine|Intimidate|boost\n|-unboost|p1a: Iron Hands|atk|1\n|-unboost|p1b: Flutter Mane|atk|1\n|move|p1a: Iron Hands|Fake Out|p2b: Arcanine\n|-resisted|p2b: Arcanine\n|-damage|p2b: Arcanine|95\/100\n|move|p2a: Iron Bundle|Icy Wind|p1a: Iron Hands|[spread] p1a,p1b\n|-damage|p1a: Iron Hands|84\/100\n|-damage|p1b: Flutter Mane|74\/100\n|-unboost|p1a: Iron Hands|spe|1\n|-unboost|p1b: Flutter Mane|spe|1\n|move|p1b: Flutter Mane|Trick Room|p1b: Flutter Mane\n|-fieldstart|move: Trick Room|[of] p1b: Flutter Mane\n|\n|-weather|Sandstorm|[upkeep]\n|-damage|p1a: Iron Hands|78\/100|[from] Sandstorm\n|-damage|p1b: Flutter Mane|68\/100|[from] Sandstorm\n|-damage|p2a: Iron Bundle|88\/100|[from] Sandstorm\n|upkeep\n|turn|4\n|inactive|haamgamer07 has 30 seconds left.\n|inactive|sazzzy has 30 seconds left.\n|inactive|haamgamer07 has 20 seconds left.\n|inactive|haamgamer07 has 15 seconds left.\n|\n|t:|1701015018\n|-end|p2a: Iron Bundle|Quark Drive|[silent]\n|switch|p2a: Tyranitar|Tyranitar, L50, M|72\/100\n|move|p1a: Iron Hands|Swords Dance|p1a: Iron Hands\n|-boost|p1a: Iron Hands|atk|2\n|move|p1b: Flutter Mane|Shadow Ball|p2b: Arcanine\n|-damage|p2b: Arcanine|62\/100\n|move|p2b: Arcanine|Howl|p2b: Arcanine|[spread] p2a,p2b\n|-boost|p2a: Tyranitar|atk|1\n|-boost|p2b: Arcanine|atk|1\n|\n|-weather|Sandstorm|[upkeep]\n|-damage|p1a: Iron Hands|72\/100|[from] Sandstorm\n|-damage|p1b: Flutter Mane|63\/100|[from] Sandstorm\n|upkeep\n|turn|5\n|inactive|haamgamer07 has 30 seconds left.\n|\n|t:|1701015046\n|-end|p1b: Flutter Mane|Protosynthesis|[silent]\n|switch|p1b: Ursaluna|Ursaluna, L50, M|100\/100\n|-terastallize|p1a: Iron Hands|Fire\n|-terastallize|p2a: Tyranitar|Psychic\n|move|p1a: Iron Hands|Drain Punch|p2b: Arcanine\n|-supereffective|p2b: Arcanine\n|-damage|p2b: Arcanine|0 fnt\n|-heal|p1a: Iron Hands|98\/100|[from] drain|[of] p2b: Arcanine\n|faint|p2b: Arcanine\n|move|p2a: Tyranitar|Tera Blast|p1a: Iron Hands|[anim] Tera Blast Psychic\n|-damage|p1a: Iron Hands|47\/100\n|-enditem|p1a: Iron Hands|Sitrus Berry|[eat]\n|-heal|p1a: Iron Hands|71\/100|[from] item: Sitrus Berry\n|\n|-weather|Sandstorm|[upkeep]\n|-damage|p1a: Iron Hands|65\/100|[from] Sandstorm\n|-damage|p2a: Tyranitar|66\/100|[from] Sandstorm\n|-status|p1b: Ursaluna|brn|[from] item: Flame Orb\n|upkeep\n|\n|t:|1701015063\n|switch|p2b: Iron Bundle|Iron Bundle, L50|88\/100\n|turn|6\n|\n|t:|1701015081\n|move|p2b: Iron Bundle|Protect|p2b: Iron Bundle\n|-singleturn|p2b: Iron Bundle|Protect\n|move|p1a: Iron Hands|Drain Punch|p2b: Iron Bundle\n|-activate|p2b: Iron Bundle|move: Protect\n|move|p1b: Ursaluna|Headlong Rush|p2a: Tyranitar\n|-damage|p2a: Tyranitar|0 fnt\n|-unboost|p1b: Ursaluna|def|1\n|-unboost|p1b: Ursaluna|spd|1\n|faint|p2a: Tyranitar\n|\n|-weather|none\n|-damage|p1b: Ursaluna|95\/100 brn|[from] brn\n|upkeep\n|turn|7\n|-message|sazzzy forfeited.\n|\n|win|haamgamer07\n|raw|haamgamer07's rating: 1368 &rarr; <strong>1384<\/strong><br \/>(+16 for winning)\n|raw|sazzzy's rating: 1302 &rarr; <strong>1286<\/strong><br \/>(-16 for losing)\n|l|\u2606sazzzy\n","uploadtime":1701015107,"views":14,"p1id":"haamgamer07","p2id":"sazzzy","formatid":"gen9vgc2023regulatione","rating":1286,"private":0,"password":""}