{"id":"gen9vgc2023regulatione-1996554273","p1":"Izzywooperstan","p2":"TyL8","format":"[Gen 9] VGC 2023 Regulation E","log":"|j|\u2606Izzywooperstan\n|j|\u2606TyL8\n|t:|1700693697\n|gametype|doubles\n|player|p1|Izzywooperstan|lady|1647\n|player|p2|TyL8|mallow-masters|1559\n|teamsize|p1|6\n|teamsize|p2|6\n|gen|9\n|tier|[Gen 9] VGC 2023 Regulation E\n|rated|\n|rule|Species Clause: Limit one of each Pok\u00e9mon\n|rule|Item Clause: Limit one of each item\n|clearpoke\n|poke|p1|Ting-Lu, L50|\n|poke|p1|Zapdos, L50|\n|poke|p1|Urshifu-*, L50, M|\n|poke|p1|Rillaboom, L50, F|\n|poke|p1|Arcanine-Hisui, L50, F|\n|poke|p1|Chien-Pao, L50|\n|poke|p2|Ninetales-Alola, L50, F|\n|poke|p2|Glastrier, L50|\n|poke|p2|Farigiraf, L50, F|\n|poke|p2|Rillaboom, L50, F|\n|poke|p2|Ting-Lu, L50|\n|poke|p2|Arcanine-Hisui, L50, M|\n|teampreview|4\n|inactive|Battle timer is ON: inactive players will automatically lose when time's up. (requested by TyL8)\nIzzywooperstan has agreed to open team sheets.\n|inactive|Izzywooperstan has 60 seconds left.\n|inactive|TyL8 has 60 seconds left.\nTyL8 has agreed to open team sheets.\n|\n|t:|1700693768\n|start\n|switch|p1a: Arcanine|Arcanine-Hisui, L50, F|100\/100\n|switch|p1b: Urshifu|Urshifu-Rapid-Strike, L50, M|100\/100\n|switch|p2a: Da Ice Horsie|Glastrier, L50|100\/100\n|switch|p2b: Just A Giraffe|Farigiraf, L50, F, shiny|100\/100\n|-ability|p1a: Arcanine|Intimidate|boost\n|-unboost|p2a: Da Ice Horsie|atk|1\n|-unboost|p2b: Just A Giraffe|atk|1\n|turn|1\n|inactive|TyL8 has 30 seconds left.\n|\n|t:|1700693793\n|-terastallize|p1b: Urshifu|Water\n|-terastallize|p2a: Da Ice Horsie|Dragon\n|move|p1b: Urshifu|Surging Strikes|p2a: Da Ice Horsie\n|-resisted|p2a: Da Ice Horsie\n|-crit|p2a: Da Ice Horsie\n|-damage|p2a: Da Ice Horsie|90\/100\n|-resisted|p2a: Da Ice Horsie\n|-crit|p2a: Da Ice Horsie\n|-damage|p2a: Da Ice Horsie|79\/100\n|-resisted|p2a: Da Ice Horsie\n|-crit|p2a: Da Ice Horsie\n|-damage|p2a: Da Ice Horsie|69\/100\n|-hitcount|p2a: Da Ice Horsie|3\n|move|p1a: Arcanine|Rock Slide|p2b: Just A Giraffe|[spread] \n|-miss|p1a: Arcanine|p2a: Da Ice Horsie\n|-miss|p1a: Arcanine|p2b: Just A Giraffe\n|move|p2a: Da Ice Horsie|Iron Defense|p2a: Da Ice Horsie\n|-boost|p2a: Da Ice Horsie|def|2\n|move|p2b: Just A Giraffe|Trick Room|p2b: Just A Giraffe\n|-fieldstart|move: Trick Room|[of] p2b: Just A Giraffe\n|\n|-heal|p2a: Da Ice Horsie|75\/100|[from] item: Leftovers\n|upkeep\n|turn|2\n|inactive|Izzywooperstan has 30 seconds left.\n|inactive|TyL8 has 30 seconds left.\n|j| oms110693\n|inactive|Izzywooperstan has 20 seconds left.\n|\n|t:|1700693829\n|move|p2a: Da Ice Horsie|Body Press|p1a: Arcanine\n|-supereffective|p1a: Arcanine\n|-damage|p1a: Arcanine|0 fnt\n|faint|p1a: Arcanine\n|-ability|p2a: Da Ice Horsie|Chilling Neigh|boost\n|-boost|p2a: Da Ice Horsie|atk|1\n|move|p2b: Just A Giraffe|Nasty Plot|p2b: Just A Giraffe\n|-boost|p2b: Just A Giraffe|spa|2\n|move|p1b: Urshifu|Surging Strikes|p2b: Just A Giraffe\n|-crit|p2b: Just A Giraffe\n|-damage|p2b: Just A Giraffe|76\/100\n|-crit|p2b: Just A Giraffe\n|-damage|p2b: Just A Giraffe|51\/100\n|-crit|p2b: Just A Giraffe\n|-damage|p2b: Just A Giraffe|24\/100\n|-enditem|p2b: Just A Giraffe|Sitrus Berry|[eat]\n|-heal|p2b: Just A Giraffe|49\/100|[from] item: Sitrus Berry\n|-hitcount|p2b: Just A Giraffe|3\n|\n|-heal|p2a: Da Ice Horsie|81\/100|[from] item: Leftovers\n|upkeep\n|\n|t:|1700693846\n|switch|p1a: Chien-Pao|Chien-Pao, L50|100\/100\n|-ability|p1a: Chien-Pao|Sword of Ruin\n|turn|3\n|\n|t:|1700693853\n|move|p1a: Chien-Pao|Protect|p1a: Chien-Pao\n|-singleturn|p1a: Chien-Pao|Protect\n|move|p2a: Da Ice Horsie|Body Press|p1a: Chien-Pao\n|-activate|p1a: Chien-Pao|move: Protect\n|move|p2b: Just A Giraffe|Dazzling Gleam|p1a: Chien-Pao|[spread] p1b\n|-activate|p1a: Chien-Pao|move: Protect\n|-damage|p1b: Urshifu|63\/100\n|move|p1b: Urshifu|Surging Strikes|p2b: Just A Giraffe\n|-crit|p2b: Just A Giraffe\n|-damage|p2b: Just A Giraffe|15\/100\n|-crit|p2b: Just A Giraffe\n|-damage|p2b: Just A Giraffe|0 fnt\n|faint|p2b: Just A Giraffe\n|-hitcount|p2: Just A Giraffe|2\n|\n|-heal|p2a: Da Ice Horsie|87\/100|[from] item: Leftovers\n|upkeep\n|\n|t:|1700693861\n|switch|p2b: Wannabe Incineroar|Arcanine-Hisui, L50, M|100\/100\n|-ability|p2b: Wannabe Incineroar|Intimidate|boost\n|-unboost|p1a: Chien-Pao|atk|1\n|-unboost|p1b: Urshifu|atk|1\n|turn|4\n|\n|t:|1700693871\n|move|p1b: Urshifu|Aqua Jet|p2b: Wannabe Incineroar\n|-supereffective|p2b: Wannabe Incineroar\n|-damage|p2b: Wannabe Incineroar|0 fnt\n|faint|p2b: Wannabe Incineroar\n|move|p2a: Da Ice Horsie|Body Press|p1a: Chien-Pao\n|-supereffective|p1a: Chien-Pao\n|-enditem|p1a: Chien-Pao|Focus Sash\n|-damage|p1a: Chien-Pao|1\/100\n|move|p1a: Chien-Pao|Icicle Crash|p2a: Da Ice Horsie\n|-supereffective|p2a: Da Ice Horsie\n|-damage|p2a: Da Ice Horsie|61\/100\n|\n|-heal|p2a: Da Ice Horsie|68\/100|[from] item: Leftovers\n|upkeep\n|\n|t:|1700693878\n|switch|p2b: Monkey|Rillaboom, L50, F, shiny|100\/100\n|-fieldstart|move: Grassy Terrain|[from] ability: Grassy Surge|[of] p2b: Monkey\n|turn|5\n|\n|t:|1700693890\n|move|p1b: Urshifu|Detect|p1b: Urshifu\n|-singleturn|p1b: Urshifu|Protect\n|move|p1a: Chien-Pao|Protect|p1a: Chien-Pao\n|-singleturn|p1a: Chien-Pao|Protect\n|move|p2a: Da Ice Horsie|Iron Defense|p2a: Da Ice Horsie\n|-boost|p2a: Da Ice Horsie|def|2\n|move|p2b: Monkey|Wood Hammer|p1b: Urshifu\n|-activate|p1b: Urshifu|move: Protect\n|\n|-heal|p2a: Da Ice Horsie|74\/100|[from] Grassy Terrain\n|-heal|p2a: Da Ice Horsie|80\/100|[from] item: Leftovers\n|-heal|p1b: Urshifu|69\/100|[from] Grassy Terrain\n|-heal|p1a: Chien-Pao|7\/100|[from] Grassy Terrain\n|-fieldend|move: Trick Room\n|upkeep\n|turn|6\n|\n|t:|1700693913\n|switch|p1a: Rillaboom|Rillaboom, L50, F|100\/100\n|move|p2b: Monkey|Protect|p2b: Monkey\n|-singleturn|p2b: Monkey|Protect\n|move|p1b: Urshifu|Close Combat|p2b: Monkey\n|-damage|p2b: Monkey|63\/100\n|-unboost|p1b: Urshifu|def|1\n|-unboost|p1b: Urshifu|spd|1\n|move|p2a: Da Ice Horsie|Body Press|p1a: Rillaboom\n|-damage|p1a: Rillaboom|26\/100\n|\n|-heal|p1b: Urshifu|75\/100|[from] Grassy Terrain\n|-heal|p1a: Rillaboom|32\/100|[from] Grassy Terrain\n|-heal|p2b: Monkey|69\/100|[from] Grassy Terrain\n|-heal|p2a: Da Ice Horsie|86\/100|[from] Grassy Terrain\n|-heal|p2a: Da Ice Horsie|93\/100|[from] item: Leftovers\n|upkeep\n|turn|7\n|\n|t:|1700693934\n|move|p1a: Rillaboom|Fake Out|p2a: Da Ice Horsie\n|-damage|p2a: Da Ice Horsie|89\/100\n|move|p1b: Urshifu|Close Combat|p2b: Monkey\n|-damage|p2b: Monkey|30\/100\n|-unboost|p1b: Urshifu|def|1\n|-unboost|p1b: Urshifu|spd|1\n|move|p2b: Monkey|U-turn|p1a: Rillaboom\n|-supereffective|p1a: Rillaboom\n|-damage|p1a: Rillaboom|0 fnt\n|faint|p1a: Rillaboom\n|cant|p2a: Da Ice Horsie|flinch\n|\n|-heal|p1b: Urshifu|81\/100|[from] Grassy Terrain\n|-heal|p2b: Monkey|36\/100|[from] Grassy Terrain\n|-heal|p2a: Da Ice Horsie|95\/100|[from] Grassy Terrain\n|-heal|p2a: Da Ice Horsie|100\/100|[from] item: Leftovers\n|upkeep\n|\n|t:|1700693940\n|switch|p1a: Chien-Pao|Chien-Pao, L50|7\/100\n|-ability|p1a: Chien-Pao|Sword of Ruin\n|turn|8\n|\n|t:|1700693957\n|move|p1a: Chien-Pao|Icicle Crash|p2a: Da Ice Horsie\n|-supereffective|p2a: Da Ice Horsie\n|-damage|p2a: Da Ice Horsie|71\/100\n|move|p1b: Urshifu|Close Combat|p2a: Da Ice Horsie\n|-damage|p2a: Da Ice Horsie|59\/100\n|-unboost|p1b: Urshifu|def|1\n|-unboost|p1b: Urshifu|spd|1\n|move|p2b: Monkey|U-turn|p1a: Chien-Pao\n|-supereffective|p1a: Chien-Pao\n|-damage|p1a: Chien-Pao|0 fnt\n|faint|p1a: Chien-Pao\n|move|p2a: Da Ice Horsie|Body Press|p1b: Urshifu\n|-damage|p1b: Urshifu|0 fnt\n|faint|p1b: Urshifu\n|\n|win|TyL8\n|raw|Izzywooperstan's rating: 1647 &rarr; <strong>1622<\/strong><br \/>(-25 for losing)\n|raw|TyL8's rating: 1559 &rarr; <strong>1584<\/strong><br \/>(+25 for winning)\n|c|\u2606TyL8|gg\n","uploadtime":1700693979,"views":14,"p1id":"izzywooperstan","p2id":"tyl8","formatid":"gen9vgc2023regulatione","rating":1584,"private":0,"password":""}