{"id":"gen9vgc2023regulatione-1998089740","p1":"Mimistew24","p2":"hangentori","format":"[Gen 9] VGC 2023 Regulation E","log":"|j|\u2606Mimistew24\n|j|\u2606hangentori\n|t:|1700889555\n|gametype|doubles\n|player|p1|Mimistew24|lucas|\n|player|p2|hangentori|101|\n|teamsize|p1|6\n|teamsize|p2|6\n|gen|9\n|tier|[Gen 9] VGC 2023 Regulation E\n|rule|Species Clause: Limit one of each Pok\u00e9mon\n|rule|Item Clause: Limit one of each item\n|clearpoke\n|poke|p1|Indeedee-F, L50, F|\n|poke|p1|Armarouge, L50, M|\n|poke|p1|Dondozo, L50, M|\n|poke|p1|Tatsugiri-Droopy, L50, F|\n|poke|p1|Torkoal, L50, M|\n|poke|p1|Lilligant-Hisui, L50, F|\n|poke|p2|Weezing, L50, M|\n|poke|p2|Roaring Moon, L50|\n|poke|p2|Chien-Pao, L50|\n|poke|p2|Dragonite, L50, M|\n|poke|p2|Chi-Yu, L50|\n|poke|p2|Flutter Mane, L50|\n|teampreview|4\nMimistew24 has agreed to open team sheets.\nhangentori has agreed to open team sheets.\n|showteam|p1|Indeedee-F||RockyHelmet|PsychicSurge|DazzlingGleam,TrickRoom,HelpingHand,FollowMe|||F|||50|,,,,,Fairy]Armarouge||LifeOrb|FlashFire|TrickRoom,HeatWave,ExpandingForce,Protect|||M|||50|,,,,,Grass]Dondozo||Leftovers|Oblivious|Earthquake,OrderUp,Protect,WaveCrash|||M|||50|,,,,,Dragon]Tatsugiri-Droopy||SitrusBerry|Commander|MuddyWater,Protect,DracoMeteor,DragonPulse|||F|||50|,,,,,Steel]Torkoal||Charcoal|Drought|Eruption,HeatWave,Protect,EarthPower|||M|||50|,,,,,Fire]Lilligant-Hisui||FocusSash|Chlorophyll|SleepPowder,SolarBlade,CloseCombat,AfterYou|||F|||50|,,,,,Ghost\n|showteam|p2|Weezing||Leftovers|NeutralizingGas|Taunt,WillOWisp,Protect,SludgeBomb|||M|||50|,,,,,Ghost]Roaring Moon||BoosterEnergy|Protosynthesis|Tailwind,BreakingSwipe,KnockOff,Protect||||||50|,,,,,Poison]Chien-Pao||FocusSash|SwordofRuin|IcicleCrash,SuckerPunch,Protect,SacredSword||||||50|,,,,,Ghost]Dragonite||ChoiceBand|InnerFocus|ExtremeSpeed,Outrage,IronHead,StompingTantrum|||M|||50|,,,,,Normal]Chi-Yu||ChoiceSpecs|BeadsofRuin|HeatWave,Overheat,DarkPulse,Snarl||||||50|,,,,,Ghost]Flutter Mane||FairyFeather|Protosynthesis|Moonblast,DazzlingGleam,ShadowBall,Protect||||||50|,,,,,Fairy\n|\n|t:|1700889661\n|start\n|switch|p1a: Torkoal|Torkoal, L50, M|100\/100\n|switch|p1b: Indeedee|Indeedee-F, L50, F, shiny|100\/100\n|switch|p2a: Weezing|Weezing, L50, M|100\/100\n|switch|p2b: Chi-Yu|Chi-Yu, L50|100\/100\n|-ability|p2a: Weezing|Neutralizing Gas\n|turn|1\n|\n|t:|1700889728\n|switch|p1a: Dondozo|Dondozo, L50, M|100\/100\n|move|p2b: Chi-Yu|Snarl|p1a: Dondozo|[spread] p1a,p1b\n|-supereffective|p1b: Indeedee\n|-damage|p1a: Dondozo|72\/100\n|-damage|p1b: Indeedee|42\/100\n|-unboost|p1a: Dondozo|spa|1\n|-unboost|p1b: Indeedee|spa|1\n|move|p2a: Weezing|Taunt|p1b: Indeedee\n|-start|p1b: Indeedee|move: Taunt\n|cant|p1b: Indeedee|move: Taunt|Trick Room\n|\n|-heal|p1a: Dondozo|78\/100|[from] item: Leftovers\n|upkeep\n|turn|2\n|\n|t:|1700889758\n|switch|p1b: Torkoal|Torkoal, L50, M|100\/100\n|-terastallize|p2b: Chi-Yu|Ghost\n|move|p2b: Chi-Yu|Snarl|p1a: Dondozo|[spread] p1a,p1b\n|-damage|p1a: Dondozo|49\/100\n|-damage|p1b: Torkoal|61\/100\n|-unboost|p1a: Dondozo|spa|1\n|-unboost|p1b: Torkoal|spa|1\n|move|p2a: Weezing|Will-O-Wisp|p1a: Dondozo\n|-status|p1a: Dondozo|brn\n|move|p1a: Dondozo|Earthquake|p2b: Chi-Yu|[spread] p1b,p2a,p2b\n|-supereffective|p1b: Torkoal\n|-supereffective|p2a: Weezing\n|-crit|p2b: Chi-Yu\n|-damage|p1b: Torkoal|45\/100\n|-damage|p2a: Weezing|80\/100\n|-damage|p2b: Chi-Yu|80\/100\n|\n|-heal|p2a: Weezing|86\/100|[from] item: Leftovers\n|-heal|p1a: Dondozo|55\/100 brn|[from] item: Leftovers\n|-damage|p1a: Dondozo|49\/100 brn|[from] brn\n|upkeep\n|turn|3\n|\n|t:|1700889786\n|move|p2b: Chi-Yu|Snarl|p1b: Torkoal|[spread] p1a,p1b\n|-damage|p1a: Dondozo|18\/100 brn\n|-damage|p1b: Torkoal|1\/100\n|-unboost|p1a: Dondozo|spa|1\n|-unboost|p1b: Torkoal|spa|1\n|move|p2a: Weezing|Sludge Bomb|p1a: Dondozo\n|-damage|p1a: Dondozo|0 fnt\n|faint|p1a: Dondozo\n|move|p1b: Torkoal|Heat Wave|p2a: Weezing|[spread] p2a,p2b\n|-damage|p2a: Weezing|67\/100\n|-damage|p2b: Chi-Yu|61\/100\n|\n|-heal|p2a: Weezing|73\/100|[from] item: Leftovers\n|upkeep\n|\n|t:|1700889800\n|switch|p1a: Indeedee|Indeedee-F, L50, F, shiny|42\/100\n|turn|4\n|\n|t:|1700889809\n|move|p1a: Indeedee|Helping Hand|p1b: Torkoal\n|-singleturn|p1b: Torkoal|Helping Hand|[of] p1a: Indeedee\n|move|p2b: Chi-Yu|Snarl|p1b: Torkoal|[spread] p1a,p1b\n|-supereffective|p1a: Indeedee\n|-damage|p1a: Indeedee|0 fnt\n|-damage|p1b: Torkoal|0 fnt\n|faint|p1a: Indeedee\n|faint|p1b: Torkoal\n|move|p2a: Weezing|Taunt|p1: Indeedee|[notarget]\n|-fail|p2a: Weezing\n|\n|-heal|p2a: Weezing|78\/100|[from] item: Leftovers\n|upkeep\n|\n|t:|1700889819\n|switch|p1b: Armarouge|Armarouge, L50, M|100\/100\n|turn|5\n|\n|t:|1700889826\n|move|p2b: Chi-Yu|Snarl|p1b: Armarouge\n|-supereffective|p1b: Armarouge\n|-damage|p1b: Armarouge|12\/100\n|-unboost|p1b: Armarouge|spa|1\n|move|p2a: Weezing|Taunt|p1b: Armarouge\n|-start|p1b: Armarouge|move: Taunt\n|move|p1b: Armarouge|Expanding Force|p2a: Weezing\n|-supereffective|p2a: Weezing\n|-damage|p2a: Weezing|1\/100\n|-damage|p1b: Armarouge|2\/100|[from] item: Life Orb\n|\n|-heal|p2a: Weezing|7\/100|[from] item: Leftovers\n|upkeep\n|turn|6\n|\n|t:|1700889858\n|move|p2b: Chi-Yu|Snarl|p1b: Armarouge\n|-supereffective|p1b: Armarouge\n|-damage|p1b: Armarouge|0 fnt\n|faint|p1b: Armarouge\n|\n|win|hangentori\n|l|\u2606Mimistew24\n","uploadtime":1700890404,"views":12,"p1id":"mimistew24","p2id":"hangentori","formatid":"gen9vgc2023regulatione","rating":0,"private":0,"password":""}