{"id":"gen9vgc2023regulatione-1991012353","p1":"BigBusted","p2":"Sea Noodles","format":"[Gen 9] VGC 2023 Regulation E","log":"|j|\u2606BigBusted\n|j|\u2606Sea Noodles\n|t:|1700027798\n|gametype|doubles\n|player|p1|BigBusted|unknown|1229\n|player|p2|Sea Noodles|palmer|1286\n|teamsize|p1|6\n|teamsize|p2|6\n|gen|9\n|tier|[Gen 9] VGC 2023 Regulation E\n|rated|\n|rule|Species Clause: Limit one of each Pok\u00e9mon\n|rule|Item Clause: Limit one of each item\n|clearpoke\n|poke|p1|Okidogi, L50, M|\n|poke|p1|Flutter Mane, L50|\n|poke|p1|Landorus-Therian, L50, M|\n|poke|p1|Zapdos, L50|\n|poke|p1|Tornadus, L50, M|\n|poke|p1|Gyarados, L50, M|\n|poke|p2|Sylveon, L50, F|\n|poke|p2|Landorus, L50, M|\n|poke|p2|Sableye, L50, F|\n|poke|p2|Farigiraf, L50, F|\n|poke|p2|Ogerpon-Wellspring, L50, F|\n|poke|p2|Chien-Pao, L50|\n|teampreview|4\n|inactive|Battle timer is ON: inactive players will automatically lose when time's up. (requested by BigBusted)\n|inactive|BigBusted has 60 seconds left.\n|inactive|Sea Noodles has 60 seconds left.\n|\n|t:|1700027844\n|start\n|switch|p1a: Okidogi|Okidogi, L50, M|100\/100\n|switch|p1b: Flutter Mane|Flutter Mane, L50|100\/100\n|switch|p2a: Sableye|Sableye, L50, F|100\/100\n|switch|p2b: Landorus|Landorus, L50, M|100\/100\n|-enditem|p1b: Flutter Mane|Booster Energy\n|-activate|p1b: Flutter Mane|ability: Protosynthesis|[fromitem]\n|-start|p1b: Flutter Mane|protosynthesisspa\n|turn|1\n|\n|t:|1700027864\n|move|p2a: Sableye|Gravity|p2a: Sableye\n|-fieldstart|move: Gravity\n|move|p1b: Flutter Mane|Moonblast|p2a: Sableye\n|-supereffective|p2a: Sableye\n|-enditem|p2a: Sableye|Roseli Berry|[eat]\n|-enditem|p2a: Sableye|Roseli Berry|[weaken]\n|-damage|p2a: Sableye|23\/100\n|move|p2b: Landorus|Sandsear Storm|p1b: Flutter Mane|[spread] p1a,p1b\n|-supereffective|p1a: Okidogi\n|-damage|p1a: Okidogi|26\/100\n|-damage|p1b: Flutter Mane|40\/100\n|move|p1a: Okidogi|Snarl|p2b: Landorus|[spread] p2a,p2b\n|-damage|p2a: Sableye|17\/100\n|-damage|p2b: Landorus|94\/100\n|-unboost|p2a: Sableye|spa|1\n|-unboost|p2b: Landorus|spa|1\n|\n|upkeep\n|turn|2\n|\n|t:|1700027882\n|switch|p1a: Landorus|Landorus-Therian, L50, M|100\/100\n|-ability|p1a: Landorus|Intimidate|boost\n|-unboost|p2a: Sableye|atk|1\n|-unboost|p2b: Landorus|atk|1\n|move|p1b: Flutter Mane|Protect|p1b: Flutter Mane\n|-singleturn|p1b: Flutter Mane|Protect\n|move|p2a: Sableye|Quash|p1b: Flutter Mane\n|-activate|p1b: Flutter Mane|move: Protect\n|move|p2b: Landorus|Sandsear Storm|p1b: Flutter Mane|[spread] p1a\n|-activate|p1b: Flutter Mane|move: Protect\n|-damage|p1a: Landorus|51\/100\n|\n|upkeep\n|turn|3\n|\n|t:|1700027901\n|-end|p1b: Flutter Mane|Protosynthesis|[silent]\n|switch|p1b: Okidogi|Okidogi, L50, M|26\/100\n|-terastallize|p2b: Landorus|Ground\n|move|p2a: Sableye|Quash||[still]\n|-fail|p2a: Sableye\n|move|p2b: Landorus|Sandsear Storm|p1b: Okidogi|[spread] p1a,p1b\n|-supereffective|p1b: Okidogi\n|-damage|p1a: Landorus|0 fnt\n|-damage|p1b: Okidogi|0 fnt\n|faint|p1a: Landorus\n|faint|p1b: Okidogi\n|\n|upkeep\n|\n|t:|1700027912\n|switch|p1a: Zapdos|Zapdos, L50|100\/100\n|switch|p1b: Flutter Mane|Flutter Mane, L50|40\/100\n|turn|4\n|\n|t:|1700027925\n|move|p1b: Flutter Mane|Protect|p1b: Flutter Mane\n|-singleturn|p1b: Flutter Mane|Protect\n|move|p2a: Sableye|Quash|p1b: Flutter Mane\n|-activate|p1b: Flutter Mane|move: Protect\n|move|p2b: Landorus|Sandsear Storm|p1b: Flutter Mane|[spread] p1a\n|-activate|p1b: Flutter Mane|move: Protect\n|-supereffective|p1a: Zapdos\n|-damage|p1a: Zapdos|0 fnt\n|faint|p1a: Zapdos\n|\n|upkeep\n|turn|5\n|-message|BigBusted forfeited.\n|\n|win|Sea Noodles\n|raw|BigBusted's rating: 1229 &rarr; <strong>1208<\/strong><br \/>(-21 for losing)\n|raw|Sea Noodles's rating: 1286 &rarr; <strong>1307<\/strong><br \/>(+21 for winning)\n|l|\u2606BigBusted\n","uploadtime":1700027960,"views":50,"p1id":"bigbusted","p2id":"seanoodles","formatid":"gen9vgc2023regulatione","rating":1208,"private":0,"password":""}