{"id":"gen9vgc2023regulatione-1989928117","p1":"Elias96\u262f","p2":"ScarsonaVGC","format":"[Gen 9] VGC 2023 Regulation E","log":"|j|\u2606Elias96\u262f\n|j|\u2606ScarsonaVGC\n|n|\u2606Elias96\u262f|elias96\n|n|\u2606ScarsonaVGC|scarsonavgc\n|html|View the match progress at <a href=\"\/game-bestof3-gen9vgc2023regulatione-1989928116\">game-bestof3-gen9vgc2023regulatione-1989928116<\/a>\n|t:|1699907496\n|gametype|doubles\n|player|p1|Elias96\u262f|lucas|\n|player|p2|ScarsonaVGC|266|\n|teamsize|p1|6\n|teamsize|p2|6\n|gen|9\n|tier|[Gen 9] VGC 2023 Regulation E\n|rule|Species Clause: Limit one of each Pok\u00e9mon\n|rule|Item Clause: Limit one of each item\n|clearpoke\n|poke|p1|Rillaboom, L50, M|\n|poke|p1|Tyranitar, L50, M|\n|poke|p1|Cresselia, L50, F|\n|poke|p1|Kommo-o, L50, F|\n|poke|p1|Flutter Mane, L50|\n|poke|p1|Arcanine-Hisui, L50, M|\n|poke|p2|Ninetales-Alola, L50, M|\n|poke|p2|Glimmora, L50, F|\n|poke|p2|Dondozo, L50, M|\n|poke|p2|Tatsugiri, L50, F|\n|poke|p2|Chien-Pao, L50|\n|poke|p2|Dragonite, L50, M|\n|teampreview|4\nElias96\u262f has agreed to open team sheets.\n|c|\u2606Elias96\u262f|Vediamo se mi ricordo ancora come si fa  cit.\n|c|\u2606ScarsonaVGC|eh pure io\n|c|\u2606ScarsonaVGC|hf :D\n|c|\u2606Elias96\u262f|Attiva la ots\n|c|\u2606Elias96\u262f|U2 \ud83d\ude01\nScarsonaVGC has agreed to open team sheets.\n|showteam|p1|Rillaboom||MiracleSeed|GrassySurge|GrassyGlide,WoodHammer,FakeOut,Taunt|||M|||50|,,,,,Grass]Tyranitar||AssaultVest|SandStream|RockSlide,KnockOff,TeraBlast,LowKick|||M|||50|,,,,,Psychic]Cresselia||MentalHerb|Levitate|LunarBlessing,TrickRoom,Psychic,IcyWind|||F|||50|,,,,,Poison]Kommo-o||Leftovers|Bulletproof|BodyPress,IronDefense,IronHead,Protect|||F|||50|,,,,,Steel]Flutter Mane||BoosterEnergy|Protosynthesis|Moonblast,ShadowBall,DazzlingGleam,Protect||||||50|,,,,,Fairy]Arcanine-Hisui||SitrusBerry|Intimidate|RockSlide,FlareBlitz,Protect,WillOWisp|||M|||50|,,,,,Water\n|showteam|p2|Ninetales-Alola||LightClay|SnowWarning|FreezeDry,IcyWind,AuroraVeil,Protect|||M|||50|,,,,,Ghost]Glimmora||FocusSash|ToxicDebris|PowerGem,EarthPower,SludgeBomb,SpikyShield|||F|||50|,,,,,Grass]Dondozo||Leftovers|Unaware|Earthquake,Protect,OrderUp,Substitute|||M|||50|,,,,,Dragon]Tatsugiri||ChoiceScarf|Commander|DracoMeteor,MuddyWater,IcyWind,DragonPulse|||F|||50|,,,,,Dragon]Chien-Pao||LifeOrb|SwordofRuin|IceSpinner,SacredSword,SuckerPunch,Protect||||||50|,,,,,Poison]Dragonite||ChoiceBand|Multiscale|ExtremeSpeed,AerialAce,Outrage,Earthquake|||M|||50|,,,,,Normal\n|c|\u2606Elias96\u262f|(nooo non sono da telefono)\n|c|\u2606ScarsonaVGC|nooo non sei a lavoro\n|\n|t:|1699907691\n|start\n|switch|p1a: Arcanine|Arcanine-Hisui, L50, M|100\/100\n|switch|p1b: Flutter Mane|Flutter Mane, L50|100\/100\n|switch|p2a: Chien-Pao|Chien-Pao, L50|100\/100\n|switch|p2b: Dragonite|Dragonite, L50, M|100\/100\n|-ability|p2a: Chien-Pao|Sword of Ruin\n|-ability|p1a: Arcanine|Intimidate|boost\n|-unboost|p2a: Chien-Pao|atk|1\n|-unboost|p2b: Dragonite|atk|1\n|-enditem|p1b: Flutter Mane|Booster Energy\n|-activate|p1b: Flutter Mane|ability: Protosynthesis|[fromitem]\n|-start|p1b: Flutter Mane|protosynthesisspa\n|turn|1\n|\n|t:|1699907763\n|-terastallize|p2a: Chien-Pao|Poison\n|move|p1b: Flutter Mane|Protect|p1b: Flutter Mane\n|-singleturn|p1b: Flutter Mane|Protect\n|move|p1a: Arcanine|Protect|p1a: Arcanine\n|-singleturn|p1a: Arcanine|Protect\n|move|p2a: Chien-Pao|Sacred Sword|p1a: Arcanine\n|-activate|p1a: Arcanine|move: Protect\n|move|p2b: Dragonite|Outrage|p1a: Arcanine\n|-activate|p1a: Arcanine|move: Protect\n|\n|upkeep\n|turn|2\n|\n|t:|1699907801\n|-terastallize|p1a: Arcanine|Water\n|move|p2a: Chien-Pao|Ice Spinner|p1a: Arcanine\n|-resisted|p1a: Arcanine\n|-damage|p1a: Arcanine|74\/100\n|-damage|p2a: Chien-Pao|91\/100|[from] item: Life Orb\n|move|p1b: Flutter Mane|Dazzling Gleam|p2a: Chien-Pao|[spread] p2a,p2b\n|-resisted|p2a: Chien-Pao\n|-supereffective|p2b: Dragonite\n|-damage|p2a: Chien-Pao|60\/100\n|-damage|p2b: Dragonite|67\/100\n|move|p1a: Arcanine|Will-O-Wisp|p2b: Dragonite\n|-status|p2b: Dragonite|brn\n|move|p2b: Dragonite|Outrage|p1a: Arcanine\n|-damage|p1a: Arcanine|21\/100\n|-enditem|p1a: Arcanine|Sitrus Berry|[eat]\n|-heal|p1a: Arcanine|46\/100|[from] item: Sitrus Berry\n|\n|-damage|p2b: Dragonite|61\/100 brn|[from] brn\n|upkeep\n|turn|3\n|\n|t:|1699907827\n|move|p2a: Chien-Pao|Ice Spinner|p1b: Flutter Mane\n|-damage|p1b: Flutter Mane|36\/100\n|-damage|p2a: Chien-Pao|50\/100|[from] item: Life Orb\n|move|p1b: Flutter Mane|Moonblast|p2b: Dragonite\n|-supereffective|p2b: Dragonite\n|-damage|p2b: Dragonite|0 fnt\n|faint|p2b: Dragonite\n|move|p1a: Arcanine|Flare Blitz|p2a: Chien-Pao\n|-damage|p2a: Chien-Pao|0 fnt\n|faint|p2a: Chien-Pao\n|-damage|p1a: Arcanine|33\/100|[from] Recoil\n|\n|upkeep\n|\n|t:|1699907840\n|switch|p2a: Dondoro|Dondozo, L50, M|100\/100\n|switch|p2b: Tatsugiri|Tatsugiri, L50, F|100\/100\n|-activate|p2b: Tatsugiri|ability: Commander|[of] p2a: Dondoro\n|-boost|p2a: Dondoro|atk|2\n|-boost|p2a: Dondoro|spa|2\n|-boost|p2a: Dondoro|spe|2\n|-boost|p2a: Dondoro|def|2\n|-boost|p2a: Dondoro|spd|2\n|turn|4\n|\n|t:|1699907863\n|move|p1a: Arcanine|Protect|p1a: Arcanine\n|-singleturn|p1a: Arcanine|Protect\n|move|p2a: Dondoro|Order Up|p1a: Arcanine\n|-activate|p1a: Arcanine|move: Protect\n|move|p1b: Flutter Mane|Moonblast|p2a: Dondoro\n|-damage|p2a: Dondoro|75\/100\n|-unboost|p2a: Dondoro|spa|1\n|\n|-heal|p2a: Dondoro|81\/100|[from] item: Leftovers\n|upkeep\n|turn|5\n|\n|t:|1699907881\n|move|p2a: Dondoro|Order Up|p1a: Arcanine\n|-damage|p1a: Arcanine|0 fnt\n|faint|p1a: Arcanine\n|-boost|p2a: Dondoro|atk|1\n|move|p1b: Flutter Mane|Moonblast|p2a: Dondoro\n|-damage|p2a: Dondoro|52\/100\n|-unboost|p2a: Dondoro|spa|1\n|\n|-heal|p2a: Dondoro|58\/100|[from] item: Leftovers\n|upkeep\n|\n|t:|1699907884\n|switch|p1a: Rillaboom|Rillaboom, L50, M|100\/100\n|-fieldstart|move: Grassy Terrain|[from] ability: Grassy Surge|[of] p1a: Rillaboom\n|turn|6\n|\n|t:|1699907901\n|move|p2a: Dondoro|Protect|p2a: Dondoro\n|-singleturn|p2a: Dondoro|Protect\n|move|p1a: Rillaboom|Fake Out|p2a: Dondoro\n|-activate|p2a: Dondoro|move: Protect\n|move|p1b: Flutter Mane|Moonblast|p2a: Dondoro\n|-activate|p2a: Dondoro|move: Protect\n|\n|-heal|p2a: Dondoro|64\/100|[from] Grassy Terrain\n|-heal|p2a: Dondoro|70\/100|[from] item: Leftovers\n|-heal|p1b: Flutter Mane|42\/100|[from] Grassy Terrain\n|upkeep\n|turn|7\n|\n|t:|1699907910\n|move|p2a: Dondoro|Substitute|p2a: Dondoro\n|-start|p2a: Dondoro|Substitute\n|-damage|p2a: Dondoro|45\/100\n|move|p1b: Flutter Mane|Moonblast|p2a: Dondoro\n|-end|p2a: Dondoro|Substitute\n|move|p1a: Rillaboom|Wood Hammer|p2a: Dondoro\n|-supereffective|p2a: Dondoro\n|-damage|p2a: Dondoro|0 fnt\n|faint|p2a: Dondoro\n|-damage|p1a: Rillaboom|83\/100|[from] Recoil\n|\n|-heal|p1b: Flutter Mane|48\/100|[from] Grassy Terrain\n|-heal|p1a: Rillaboom|89\/100|[from] Grassy Terrain\n|upkeep\n|turn|8\n|\n|t:|1699907920\n|move|p1a: Rillaboom|Grassy Glide|p2b: Tatsugiri\n|-damage|p2b: Tatsugiri|17\/100\n|move|p2b: Tatsugiri|Draco Meteor|p1a: Rillaboom\n|-damage|p1a: Rillaboom|25\/100\n|-unboost|p2b: Tatsugiri|spa|2\n|move|p1b: Flutter Mane|Moonblast|p2b: Tatsugiri\n|-supereffective|p2b: Tatsugiri\n|-damage|p2b: Tatsugiri|0 fnt\n|faint|p2b: Tatsugiri\n|\n|win|Elias96\u262f\n|c|\u2606Elias96\u262f|GG\n|inactive|Elias96\u262f has 50 seconds to confirm battle start!\n|inactive|ScarsonaVGC has 50 seconds to confirm battle start!\n|c|&|\/uhtml prompt-elias96,Elias96\u262f is ready for game 2!\n|inactive|ScarsonaVGC has 40 seconds to confirm battle start!\n|c|&|\/uhtml prompt-scarsonavgc,ScarsonaVGC is ready for game 2!\nBoth players are ready! Starting next match!\n","uploadtime":1699908632,"views":7,"p1id":"elias96","p2id":"scarsonavgc","formatid":"gen9vgc2023regulatione","rating":0,"private":0,"password":""}