{"id":"gen9vgc2023regulatione-1994156599","p1":"ChiaraVGC","p2":"Ryum","format":"[Gen 9] VGC 2023 Regulation E","log":"|j|\u2606ChiaraVGC\n|j|\u2606Ryum\n|n|\u2606ChiaraVGC|chiaravgc\n|n|\u2606Ryum|ryum\n|html|View the match progress at <a href=\"\/game-bestof3-gen9vgc2023regulatione-1994152813\">game-bestof3-gen9vgc2023regulatione-1994152813<\/a>\n|t:|1700413443\n|gametype|doubles\n|player|p1|ChiaraVGC|dawn-gen4pt|\n|player|p2|Ryum|cress|\n|teamsize|p1|6\n|teamsize|p2|6\n|gen|9\n|tier|[Gen 9] VGC 2023 Regulation E\n|rule|Species Clause: Limit one of each Pok\u00e9mon\n|rule|Item Clause: Limit one of each item\n|clearpoke\n|poke|p1|Dusclops, L50, F|\n|poke|p1|Rillaboom, L50, F|\n|poke|p1|Ursaluna-Bloodmoon, L50, M|\n|poke|p1|Ogerpon-Wellspring, L50, F|\n|poke|p1|Arcanine-Hisui, L50, M|\n|poke|p1|Flutter Mane, L50|\n|poke|p2|Heatran, L50, F|\n|poke|p2|Dragonite, L50, M|\n|poke|p2|Chien-Pao, L50|\n|poke|p2|Farigiraf, L50, M|\n|poke|p2|Rillaboom, L50, F|\n|poke|p2|Urshifu-*, L50, M|\n|teampreview|4\n|j| ilpalmi\nChiaraVGC has agreed to open team sheets.\n|j| PizzelVGC\nRyum has agreed to open team sheets.\n|showteam|p1|Dusclops||Eviolite|Pressure|NightShade,WillOWisp,PainSplit,TrickRoom|||F|||50|,,,,,Dark]Rillaboom||AssaultVest|GrassySurge|GrassyGlide,FakeOut,WoodHammer,Uturn|||F|||50|,,,,,Fire]Ursaluna-Bloodmoon||SilkScarf|MindsEye|BloodMoon,HyperVoice,EarthPower,Protect|||M|||50|,,,,,Normal]Ogerpon-Wellspring||WellspringMask|WaterAbsorb|IvyCudgel,WoodHammer,FollowMe,SpikyShield|||F|||50|,,,,,Water]Arcanine-Hisui||ChoiceBand|Intimidate|FlareBlitz,RockSlide,ExtremeSpeed,TeraBlast|||M|||50|,,,,,Fairy]Flutter Mane||ChoiceSpecs|Protosynthesis|Moonblast,ShadowBall,DazzlingGleam,IcyWind||||||50|,,,,,Fairy\n|showteam|p2|Heatran||AssaultVest|FlashFire|HeatWave,FlashCannon,TeraBlast,EarthPower|||F|||50|,,,,,Fairy]Dragonite||ChoiceBand|InnerFocus|ExtremeSpeed,Outrage,AerialAce,StompingTantrum|||M|||50|,,,,,Normal]Chien-Pao||FocusSash|SwordofRuin|IcicleCrash,SuckerPunch,SacredSword,Protect||||||50|,,,,,Ghost]Farigiraf||RockyHelmet|ArmorTail|Psychic,HelpingHand,Imprison,TrickRoom|||M|||50|,,,,,Fairy]Rillaboom||MiracleSeed|GrassySurge|Protect,WoodHammer,GrassyGlide,FakeOut|||F|||50|,,,,,Grass]Urshifu-Rapid-Strike||ChoiceScarf|UnseenFist|AquaJet,SurgingStrikes,CloseCombat,Uturn|||M|||50|,,,,,Water\n|j| PiaxVGC\n|j| HellVGC\n|j| DigioVGC\n|j| pakossrabanne\n|\n|t:|1700413541\n|start\n|switch|p1a: Ogerpon|Ogerpon-Wellspring, L50, F|100\/100\n|switch|p1b: Flutter Mane|Flutter Mane, L50|100\/100\n|switch|p2a: Rillaboom|Rillaboom, L50, F|100\/100\n|switch|p2b: Urshifu|Urshifu-Rapid-Strike, L50, M|100\/100\n|-fieldstart|move: Grassy Terrain|[from] ability: Grassy Surge|[of] p2a: Rillaboom\n|turn|1\n|\n|t:|1700413568\n|-end|p1b: Flutter Mane|Protosynthesis|[silent]\n|switch|p1b: Rillaboom|Rillaboom, L50, F|100\/100\n|switch|p1a: Arcanine|Arcanine-Hisui, L50, M|100\/100\n|-ability|p1a: Arcanine|Intimidate|boost\n|-unboost|p2a: Rillaboom|atk|1\n|-unboost|p2b: Urshifu|atk|1\n|-terastallize|p2a: Rillaboom|Grass\n|move|p2a: Rillaboom|Grassy Glide|p1b: Rillaboom\n|-resisted|p1b: Rillaboom\n|-damage|p1b: Rillaboom|79\/100\n|move|p2b: Urshifu|U-turn|p1a: Arcanine\n|-resisted|p1a: Arcanine\n|-damage|p1a: Arcanine|93\/100\n|\n|t:|1700413574\n|switch|p2b: Heatran|Heatran, L50, F|100\/100|[from] U-turn\n|\n|-heal|p1a: Arcanine|99\/100|[from] Grassy Terrain\n|-heal|p1b: Rillaboom|85\/100|[from] Grassy Terrain\n|upkeep\n|turn|2\n|\n|t:|1700413620\n|switch|p2a: Urshifu|Urshifu-Rapid-Strike, L50, M|100\/100\n|move|p1b: Rillaboom|Fake Out|p2b: Heatran\n|-resisted|p2b: Heatran\n|-damage|p2b: Heatran|94\/100\n|move|p1a: Arcanine|Flare Blitz|p2a: Urshifu\n|-resisted|p2a: Urshifu\n|-damage|p2a: Urshifu|63\/100\n|-damage|p1a: Arcanine|88\/100|[from] Recoil\n|cant|p2b: Heatran|flinch\n|\n|-heal|p2a: Urshifu|69\/100|[from] Grassy Terrain\n|-heal|p1a: Arcanine|94\/100|[from] Grassy Terrain\n|-heal|p1b: Rillaboom|91\/100|[from] Grassy Terrain\n|-heal|p2b: Heatran|100\/100|[from] Grassy Terrain\n|upkeep\n|turn|3\n|\n|t:|1700413679\n|switch|p2a: Dragonite|Dragonite, L50, M|100\/100\n|switch|p1a: Ogerpon|Ogerpon-Wellspring, L50, F|100\/100\n|move|p1b: Rillaboom|Grassy Glide|p2a: Dragonite\n|-resisted|p2a: Dragonite\n|-damage|p2a: Dragonite|92\/100\n|move|p2b: Heatran|Heat Wave|p1a: Ogerpon|[spread] p1a,p1b\n|-supereffective|p1b: Rillaboom\n|-damage|p1a: Ogerpon|60\/100\n|-damage|p1b: Rillaboom|35\/100\n|\n|-heal|p1a: Ogerpon|66\/100|[from] Grassy Terrain\n|-heal|p1b: Rillaboom|41\/100|[from] Grassy Terrain\n|upkeep\n|turn|4\n|\n|t:|1700413766\n|switch|p2b: Rillaboom|Rillaboom, L50, F, tera:Grass|100\/100\n|move|p1a: Ogerpon|Spiky Shield|p1a: Ogerpon\n|-singleturn|p1a: Ogerpon|move: Protect\n|move|p2a: Dragonite|Aerial Ace|p1b: Rillaboom\n|-supereffective|p1b: Rillaboom\n|-crit|p1b: Rillaboom\n|-damage|p1b: Rillaboom|0 fnt\n|faint|p1b: Rillaboom\n|\n|-heal|p1a: Ogerpon|72\/100|[from] Grassy Terrain\n|upkeep\n|j| pardicipio passato\n|\n|t:|1700413841\n|switch|p1b: Flutter Mane|Flutter Mane, L50|100\/100\n|turn|5\n|j| Triir\n|\n|t:|1700413901\n|switch|p1a: Arcanine|Arcanine-Hisui, L50, M|94\/100\n|-ability|p1a: Arcanine|Intimidate|boost\n|-fail|p2a: Dragonite|unboost|Attack|[from] ability: Inner Focus|[of] p2a: Dragonite\n|-unboost|p2b: Rillaboom|atk|1\n|switch|p2b: Heatran|Heatran, L50, F|100\/100\n|-terastallize|p1b: Flutter Mane|Fairy\n|move|p1b: Flutter Mane|Dazzling Gleam|p2b: Heatran|[spread] p2a,p2b\n|-supereffective|p2a: Dragonite\n|-resisted|p2b: Heatran\n|-damage|p2a: Dragonite|0 fnt\n|-damage|p2b: Heatran|92\/100\n|faint|p2a: Dragonite\n|\n|-heal|p1a: Arcanine|99\/100|[from] Grassy Terrain\n|-heal|p2b: Heatran|98\/100|[from] Grassy Terrain\n|-fieldend|move: Grassy Terrain\n|upkeep\n|\n|t:|1700413937\n|switch|p2a: Urshifu|Urshifu-Rapid-Strike, L50, M|69\/100\n|turn|6\n|\n|t:|1700414041\n|switch|p1a: Ogerpon|Ogerpon-Wellspring, L50, F|72\/100\n|move|p2a: Urshifu|U-turn|p1a: Ogerpon\n|-supereffective|p1a: Ogerpon\n|-damage|p1a: Ogerpon|16\/100\n|\n|t:|1700414046\n|switch|p2a: Rillaboom|Rillaboom, L50, F, tera:Grass|100\/100|[from] U-turn\n|-fieldstart|move: Grassy Terrain|[from] ability: Grassy Surge|[of] p2a: Rillaboom\n|move|p1b: Flutter Mane|Dazzling Gleam|p2b: Heatran|[spread] p2a,p2b\n|-resisted|p2b: Heatran\n|-damage|p2a: Rillaboom|29\/100\n|-damage|p2b: Heatran|90\/100\n|move|p2b: Heatran|Earth Power|p1a: Ogerpon\n|-resisted|p1a: Ogerpon\n|-damage|p1a: Ogerpon|0 fnt\n|faint|p1a: Ogerpon\n|\n|-heal|p2a: Rillaboom|35\/100|[from] Grassy Terrain\n|-heal|p2b: Heatran|96\/100|[from] Grassy Terrain\n|upkeep\n|\n|t:|1700414059\n|switch|p1a: Arcanine|Arcanine-Hisui, L50, M|99\/100\n|-ability|p1a: Arcanine|Intimidate|boost\n|-unboost|p2a: Rillaboom|atk|1\n|-unboost|p2b: Heatran|atk|1\n|turn|7\n|\n|t:|1700414080\n|move|p2a: Rillaboom|Grassy Glide|p1b: Flutter Mane\n|-damage|p1b: Flutter Mane|34\/100\n|move|p1b: Flutter Mane|Dazzling Gleam|p2b: Heatran|[spread] p2a,p2b\n|-resisted|p2b: Heatran\n|-damage|p2a: Rillaboom|0 fnt\n|-damage|p2b: Heatran|88\/100\n|faint|p2a: Rillaboom\n|move|p1a: Arcanine|Rock Slide|p2b: Heatran\n|-damage|p2b: Heatran|47\/100\n|cant|p2b: Heatran|flinch\n|\n|-heal|p1b: Flutter Mane|40\/100|[from] Grassy Terrain\n|-heal|p1a: Arcanine|100\/100|[from] Grassy Terrain\n|-heal|p2b: Heatran|54\/100|[from] Grassy Terrain\n|upkeep\n|\n|t:|1700414092\n|switch|p2a: Urshifu|Urshifu-Rapid-Strike, L50, M|69\/100\n|turn|8\n|\n|t:|1700414103\n|move|p2a: Urshifu|Surging Strikes|p1b: Flutter Mane\n|-crit|p1b: Flutter Mane\n|-damage|p1b: Flutter Mane|8\/100\n|-crit|p1b: Flutter Mane\n|-damage|p1b: Flutter Mane|0 fnt\n|faint|p1b: Flutter Mane\n|-end|p1b: Flutter Mane|Protosynthesis|[silent]\n|-hitcount|p1: Flutter Mane|2\n|move|p1a: Arcanine|Rock Slide|p2a: Urshifu|[spread] p2a,p2b\n|-resisted|p2a: Urshifu\n|-damage|p2a: Urshifu|49\/100\n|-damage|p2b: Heatran|19\/100\n|move|p2b: Heatran|Earth Power|p1a: Arcanine\n|-supereffective|p1a: Arcanine\n|-damage|p1a: Arcanine|0 fnt\n|faint|p1a: Arcanine\n|\n|win|Ryum\n|inactive|ChiaraVGC has 50 seconds to confirm battle start!\n|inactive|Ryum has 50 seconds to confirm battle start!\n|c|&|\/uhtml prompt-chiaravgc,ChiaraVGC is ready for game 3!\n|l| DigioVGC\n|inactive|Ryum has 40 seconds to confirm battle start!\n|c|&|\/uhtml prompt-ryum,Ryum is ready for game 3!\nBoth players are ready! Starting next match!\n|l| pakossrabanne\n|l| pardicipio passato\n|l| HellVGC\n|l|\u2606Ryum\n|l| ilpalmi\n|l| PiaxVGC\n","uploadtime":1700414839,"views":7,"p1id":"chiaravgc","p2id":"ryum","formatid":"gen9vgc2023regulatione","rating":0,"private":0,"password":""}