{"id":"gen9vgc2023regulatione-1998454741","p1":"CharlienoB","p2":"ArdoSnakes","format":"[Gen 9] VGC 2023 Regulation E","log":"|j|\u2606CharlienoB\n|j|\u2606ArdoSnakes\n|t:|1700944171\n|gametype|doubles\n|player|p1|CharlienoB|2|1193\n|player|p2|ArdoSnakes|boarder|1223\n|teamsize|p1|6\n|teamsize|p2|6\n|gen|9\n|tier|[Gen 9] VGC 2023 Regulation E\n|rated|\n|rule|Species Clause: Limit one of each Pok\u00e9mon\n|rule|Item Clause: Limit one of each item\n|clearpoke\n|poke|p1|Hippowdon, L50, F|\n|poke|p1|Arcanine-Hisui, L50, F|\n|poke|p1|Houndstone, L50, M|\n|poke|p1|Ogerpon-Wellspring, L50, F|\n|poke|p1|Sylveon, L50, M|\n|poke|p1|Glimmora, L50, M|\n|poke|p2|Ninetales-Alola, L50, M|\n|poke|p2|Chien-Pao, L50|\n|poke|p2|Dragonite, L50, M|\n|poke|p2|Ogerpon-Wellspring, L50, F|\n|poke|p2|Iron Hands, L50|\n|poke|p2|Heatran, L50, M|\n|teampreview|4\n|inactive|Battle timer is ON: inactive players will automatically lose when time's up. (requested by CharlienoB)\n|\n|t:|1700944224\n|start\n|switch|p1a: Glimmora|Glimmora, L50, M|100\/100\n|switch|p1b: Arcanine|Arcanine-Hisui, L50, F|100\/100\n|switch|p2a: Heatran|Heatran, L50, M|100\/100\n|switch|p2b: Ninetales|Ninetales-Alola, L50, M|100\/100\n|-weather|Snow|[from] ability: Snow Warning|[of] p2b: Ninetales\n|-ability|p1b: Arcanine|Intimidate|boost\n|-unboost|p2a: Heatran|atk|1\n|-unboost|p2b: Ninetales|atk|1\n|turn|1\n|\n|t:|1700944241\n|switch|p1b: Hippowdon|Hippowdon, L50, F|100\/100\n|-weather|Sandstorm|[from] ability: Sand Stream|[of] p1b: Hippowdon\n|-terastallize|p2a: Heatran|Grass\n|move|p2b: Ninetales|Aurora Veil||[still]\n|-fail|p2b: Ninetales\n|move|p1a: Glimmora|Sludge Bomb|p2b: Ninetales\n|-supereffective|p2b: Ninetales\n|-damage|p2b: Ninetales|3\/100\n|move|p2a: Heatran|Heavy Slam|p1a: Glimmora\n|-supereffective|p1a: Glimmora\n|-damage|p1a: Glimmora|44\/100\n|-activate|p1a: Glimmora|ability: Toxic Debris\n|-sidestart|p2: ArdoSnakes|move: Toxic Spikes\n|\n|-weather|Sandstorm|[upkeep]\n|-damage|p2b: Ninetales|0 fnt|[from] Sandstorm\n|-damage|p2a: Heatran|94\/100|[from] Sandstorm\n|faint|p2b: Ninetales\n|-heal|p2a: Heatran|100\/100|[from] item: Leftovers\n|upkeep\n|\n|t:|1700944260\n|switch|p2b: Ogerpon|Ogerpon-Wellspring, L50, F|100\/100\n|-status|p2b: Ogerpon|psn\n|turn|2\n|inactive|CharlienoB has 30 seconds left.\n|\n|t:|1700944289\n|switch|p1a: Arcanine|Arcanine-Hisui, L50, F|100\/100\n|-ability|p1a: Arcanine|Intimidate|boost\n|-unboost|p2a: Heatran|atk|1\n|-unboost|p2b: Ogerpon|atk|1\n|move|p2b: Ogerpon|Ivy Cudgel|p1b: Hippowdon|[anim] Ivy Cudgel Water\n|-supereffective|p1b: Hippowdon\n|-damage|p1b: Hippowdon|42\/100\n|move|p2a: Heatran|Heavy Slam|p1a: Arcanine\n|-damage|p1a: Arcanine|91\/100\n|move|p1b: Hippowdon|Substitute|p1b: Hippowdon\n|-start|p1b: Hippowdon|Substitute\n|-damage|p1b: Hippowdon|17\/100\n|\n|-weather|Sandstorm|[upkeep]\n|-damage|p2b: Ogerpon|95\/100 psn|[from] Sandstorm\n|-damage|p2a: Heatran|94\/100|[from] Sandstorm\n|-heal|p2a: Heatran|100\/100|[from] item: Leftovers\n|-heal|p1b: Hippowdon|23\/100|[from] item: Leftovers\n|-damage|p2b: Ogerpon|82\/100 psn|[from] psn\n|upkeep\n|turn|3\n|\n|t:|1700944309\n|switch|p1a: Glimmora|Glimmora, L50, M|44\/100\n|move|p1b: Hippowdon|Protect|p1b: Hippowdon\n|-singleturn|p1b: Hippowdon|Protect\n|move|p2b: Ogerpon|Ivy Cudgel|p1a: Glimmora|[anim] Ivy Cudgel Water\n|-supereffective|p1a: Glimmora\n|-damage|p1a: Glimmora|0 fnt\n|-activate|p1a: Glimmora|ability: Toxic Debris\n|-sidestart|p2: ArdoSnakes|move: Toxic Spikes\n|faint|p1a: Glimmora\n|move|p2a: Heatran|Heat Wave|p1b: Hippowdon\n|-activate|p1b: Hippowdon|move: Protect\n|\n|-weather|Sandstorm|[upkeep]\n|-damage|p2b: Ogerpon|76\/100 psn|[from] Sandstorm\n|-damage|p2a: Heatran|94\/100|[from] Sandstorm\n|-heal|p2a: Heatran|100\/100|[from] item: Leftovers\n|-heal|p1b: Hippowdon|29\/100|[from] item: Leftovers\n|-damage|p2b: Ogerpon|64\/100 psn|[from] psn\n|upkeep\n|\n|t:|1700944313\n|switch|p1a: Houndstone|Houndstone, L50, M|100\/100\n|turn|4\n|\n|t:|1700944331\n|-terastallize|p1a: Houndstone|Ghost\n|move|p2b: Ogerpon|Spiky Shield|p2b: Ogerpon\n|-singleturn|p2b: Ogerpon|move: Protect\n|move|p1a: Houndstone|Last Respects|p2a: Heatran\n|-damage|p2a: Heatran|26\/100\n|move|p2a: Heatran|Will-O-Wisp|p1a: Houndstone\n|-status|p1a: Houndstone|brn\n|move|p1b: Hippowdon|Heavy Slam|p2b: Ogerpon\n|-activate|p2b: Ogerpon|move: Protect\n|-damage|p1b: Hippowdon|17\/100|[from] Spiky Shield|[of] p2b: Ogerpon\n|\n|-weather|Sandstorm|[upkeep]\n|-damage|p2b: Ogerpon|58\/100 psn|[from] Sandstorm\n|-damage|p2a: Heatran|20\/100|[from] Sandstorm\n|-heal|p2a: Heatran|26\/100|[from] item: Leftovers\n|-heal|p1b: Hippowdon|23\/100|[from] item: Leftovers\n|-damage|p2b: Ogerpon|46\/100 psn|[from] psn\n|-damage|p1a: Houndstone|95\/100 brn|[from] brn\n|upkeep\n|turn|5\n|inactive|ArdoSnakes has 30 seconds left.\n|\n|t:|1700944363\n|move|p2a: Heatran|Protect|p2a: Heatran\n|-singleturn|p2a: Heatran|Protect\n|move|p1b: Hippowdon|Protect|p1b: Hippowdon\n|-singleturn|p1b: Hippowdon|Protect\n|move|p2b: Ogerpon|Follow Me|p2b: Ogerpon\n|-singleturn|p2b: Ogerpon|move: Follow Me\n|move|p1a: Houndstone|Last Respects|p2b: Ogerpon\n|-damage|p2b: Ogerpon|0 fnt\n|faint|p2b: Ogerpon\n|\n|-weather|none\n|-heal|p2a: Heatran|32\/100|[from] item: Leftovers\n|-heal|p1b: Hippowdon|29\/100|[from] item: Leftovers\n|-damage|p1a: Houndstone|89\/100 brn|[from] brn\n|upkeep\n|\n|t:|1700944378\n|switch|p2b: Iron Hands|Iron Hands, L50|100\/100\n|-status|p2b: Iron Hands|tox\n|turn|6\n|\n|t:|1700944395\n|move|p1a: Houndstone|Last Respects|p2a: Heatran\n|-crit|p2a: Heatran\n|-damage|p2a: Heatran|0 fnt\n|faint|p2a: Heatran\n|move|p2b: Iron Hands|Wild Charge|p1a: Houndstone\n|-damage|p1a: Houndstone|40\/100 brn\n|-damage|p2b: Iron Hands|92\/100 tox|[from] Recoil\n|move|p1b: Hippowdon|Earthquake|p2b: Iron Hands|[spread] p1a,p2b\n|-crit|p1a: Houndstone\n|-supereffective|p2b: Iron Hands\n|-damage|p1a: Houndstone|0 fnt\n|-damage|p2b: Iron Hands|45\/100 tox\n|faint|p1a: Houndstone\n|\n|-heal|p1b: Hippowdon|36\/100|[from] item: Leftovers\n|-damage|p2b: Iron Hands|39\/100 tox|[from] psn\n|upkeep\n|\n|t:|1700944399\n|switch|p1a: Arcanine|Arcanine-Hisui, L50, F|91\/100\n|-ability|p1a: Arcanine|Intimidate|boost\n|-unboost|p2b: Iron Hands|atk|1\n|turn|7\n|inactive|ArdoSnakes has 30 seconds left.\n|-message|ArdoSnakes forfeited.\n|\n|win|CharlienoB\n|raw|CharlienoB's rating: 1193 &rarr; <strong>1220<\/strong><br \/>(+27 for winning)\n|raw|ArdoSnakes's rating: 1223 &rarr; <strong>1196<\/strong><br \/>(-27 for losing)\n|l|\u2606ArdoSnakes\n","uploadtime":1700944431,"views":10,"p1id":"charlienob","p2id":"ardosnakes","formatid":"gen9vgc2023regulatione","rating":1196,"private":0,"password":""}