{"id":"gen9vgc2023regulatione-2000510892","p1":"newusernovice","p2":"sb203","format":"[Gen 9] VGC 2023 Regulation E","log":"|j|\u2606newusernovice\n|j|\u2606sb203\n|t:|1701200916\n|gametype|doubles\n|player|p1|newusernovice|brawly|1415\n|player|p2|sb203|169|1477\n|teamsize|p1|6\n|teamsize|p2|6\n|gen|9\n|tier|[Gen 9] VGC 2023 Regulation E\n|rated|\n|rule|Species Clause: Limit one of each Pok\u00e9mon\n|rule|Item Clause: Limit one of each item\n|clearpoke\n|poke|p1|Kingambit, L50, M|\n|poke|p1|Iron Hands, L50|\n|poke|p1|Tornadus, L50, M|\n|poke|p1|Amoonguss, L50, M|\n|poke|p1|Arcanine-Hisui, L50, M|\n|poke|p1|Landorus-Therian, L50, M|\n|poke|p2|Heatran, L50, M|\n|poke|p2|Ogerpon-Wellspring, L50, F|\n|poke|p2|Rillaboom, L50, M|\n|poke|p2|Iron Hands, L50|\n|poke|p2|Roaring Moon, L50|\n|poke|p2|Flutter Mane, L50|\n|teampreview|4\n|inactive|Battle timer is ON: inactive players will automatically lose when time's up. (requested by newusernovice)\nsb203 has agreed to open team sheets.\n|j| Suthoss\n|inactive|newusernovice has 60 seconds left.\n|inactive|sb203 has 60 seconds left.\n|inactive|newusernovice has 30 seconds left.\n|\n|t:|1701200978\n|start\n|switch|p1a: Tornadus|Tornadus, L50, M, shiny|100\/100\n|switch|p1b: Landorus|Landorus-Therian, L50, M|100\/100\n|switch|p2a: Roaring Moon|Roaring Moon, L50|100\/100\n|switch|p2b: Heatran|Heatran, L50, M|100\/100\n|-ability|p1b: Landorus|Intimidate|boost\n|-unboost|p2a: Roaring Moon|atk|1\n|-unboost|p2b: Heatran|atk|1\n|-enditem|p2a: Roaring Moon|Booster Energy\n|-activate|p2a: Roaring Moon|ability: Protosynthesis|[fromitem]\n|-start|p2a: Roaring Moon|protosynthesisspe\n|turn|1\n|inactive|sb203 has 30 seconds left.\n|\n|t:|1701201010\n|-terastallize|p2b: Heatran|Grass\n|move|p1a: Tornadus|Tailwind|p1a: Tornadus\n|-sidestart|p1: newusernovice|move: Tailwind\n|move|p2a: Roaring Moon|Tailwind|p2a: Roaring Moon\n|-sidestart|p2: sb203|move: Tailwind\n|move|p1b: Landorus|U-turn|p2a: Roaring Moon\n|-supereffective|p2a: Roaring Moon\n|-damage|p2a: Roaring Moon|2\/100\n|\n|t:|1701201021\n|switch|p1b: Iron Hands|Iron Hands, L50, shiny|100\/100|[from] U-turn\n|move|p2b: Heatran|Heat Wave|p1b: Iron Hands|[spread] p1a,p1b\n|-damage|p1a: Tornadus|37\/100\n|-damage|p1b: Iron Hands|51\/100\n|-damage|p2b: Heatran|91\/100|[from] item: Life Orb\n|\n|upkeep\n|turn|2\n|\n|t:|1701201041\n|move|p2a: Roaring Moon|Protect|p2a: Roaring Moon\n|-singleturn|p2a: Roaring Moon|Protect\n|move|p2b: Heatran|Protect|p2b: Heatran\n|-singleturn|p2b: Heatran|Protect\n|move|p1a: Tornadus|Bleakwind Storm|p2a: Roaring Moon|[spread] \n|-activate|p2a: Roaring Moon|move: Protect\n|-activate|p2b: Heatran|move: Protect\n|move|p1b: Iron Hands|Drain Punch|p2b: Heatran\n|-activate|p2b: Heatran|move: Protect\n|\n|upkeep\n|turn|3\n|\n|t:|1701201059\n|move|p2a: Roaring Moon|Knock Off|p1b: Iron Hands\n|-resisted|p1b: Iron Hands\n|-damage|p1b: Iron Hands|41\/100\n|-enditem|p1b: Iron Hands|Sitrus Berry|[from] move: Knock Off|[of] p2a: Roaring Moon\n|move|p1a: Tornadus|Bleakwind Storm|p2a: Roaring Moon|[spread] p2a,p2b\n|-supereffective|p2b: Heatran\n|-damage|p2a: Roaring Moon|0 fnt\n|-damage|p2b: Heatran|30\/100\n|-unboost|p2b: Heatran|spe|1\n|faint|p2a: Roaring Moon\n|-end|p2a: Roaring Moon|Protosynthesis|[silent]\n|move|p2b: Heatran|Heat Wave|p1b: Iron Hands|[spread] p1a,p1b\n|-damage|p1a: Tornadus|0 fnt\n|-damage|p1b: Iron Hands|0 fnt\n|faint|p1a: Tornadus\n|faint|p1b: Iron Hands\n|-end|p1b: Iron Hands|Quark Drive|[silent]\n|-damage|p2b: Heatran|21\/100|[from] item: Life Orb\n|\n|upkeep\n|\n|t:|1701201075\n|switch|p2a: Iron Hands|Iron Hands, L50|100\/100\n|switch|p1a: Landorus|Landorus-Therian, L50, M|100\/100\n|switch|p1b: Kingambit|Kingambit, L50, M, shiny|100\/100\n|-ability|p1a: Landorus|Intimidate|boost\n|-unboost|p2a: Iron Hands|atk|1\n|-unboost|p2b: Heatran|atk|1\n|turn|4\n|inactive|newusernovice has 30 seconds left.\n|\n|t:|1701201104\n|-terastallize|p1b: Kingambit|Fairy\n|move|p2a: Iron Hands|Fake Out|p1a: Landorus\n|-damage|p1a: Landorus|88\/100\n|cant|p1a: Landorus|flinch\n|move|p1b: Kingambit|Kowtow Cleave|p2b: Heatran\n|-damage|p2b: Heatran|0 fnt\n|faint|p2b: Heatran\n|-damage|p1b: Kingambit|91\/100|[from] item: Life Orb\n|\n|-sideend|p2: sb203|move: Tailwind\n|-sideend|p1: newusernovice|move: Tailwind\n|upkeep\n|\n|t:|1701201115\n|switch|p2b: Rillaboom|Rillaboom, L50, M|100\/100\n|-fieldstart|move: Grassy Terrain|[from] ability: Grassy Surge|[of] p2b: Rillaboom\n|turn|5\n|inactive|newusernovice has 30 seconds left.\n|inactive|newusernovice has 20 seconds left.\n|inactive|newusernovice has 15 seconds left.\n|inactive|newusernovice has 10 seconds left.\n|\n|t:|1701201161\n|move|p1a: Landorus|Stomping Tantrum|p2a: Iron Hands\n|-supereffective|p2a: Iron Hands\n|-damage|p2a: Iron Hands|0 fnt\n|faint|p2a: Iron Hands\n|-end|p2a: Iron Hands|Quark Drive|[silent]\n|move|p2b: Rillaboom|Wood Hammer|p1a: Landorus\n|-damage|p1a: Landorus|0 fnt\n|faint|p1a: Landorus\n|-damage|p2b: Rillaboom|71\/100|[from] Recoil\n|move|p1b: Kingambit|Tera Blast|p2b: Rillaboom|[anim] Tera Blast Fairy\n|-damage|p2b: Rillaboom|9\/100\n|-damage|p1b: Kingambit|81\/100|[from] item: Life Orb\n|\n|-heal|p2b: Rillaboom|15\/100|[from] Grassy Terrain\n|-heal|p1b: Kingambit|87\/100|[from] Grassy Terrain\n|upkeep\n|turn|6\n|\n|t:|1701201176\n|move|p2b: Rillaboom|Protect|p2b: Rillaboom\n|-singleturn|p2b: Rillaboom|Protect\n|move|p1b: Kingambit|Sucker Punch||[still]\n|-fail|p1b: Kingambit\n|\n|-heal|p2b: Rillaboom|21\/100|[from] Grassy Terrain\n|-heal|p1b: Kingambit|93\/100|[from] Grassy Terrain\n|upkeep\n|turn|7\n|\n|t:|1701201185\n|move|p2b: Rillaboom|Fake Out||[still]\n|-hint|Fake Out only works on your first turn out.\n|-fail|p2b: Rillaboom\n|move|p1b: Kingambit|Kowtow Cleave|p2b: Rillaboom\n|-damage|p2b: Rillaboom|0 fnt\n|faint|p2b: Rillaboom\n|-damage|p1b: Kingambit|83\/100|[from] item: Life Orb\n|\n|win|newusernovice\n|raw|newusernovice's rating: 1415 &rarr; <strong>1439<\/strong><br \/>(+24 for winning)\n|raw|sb203's rating: 1477 &rarr; <strong>1453<\/strong><br \/>(-24 for losing)\n|l|\u2606sb203\n","uploadtime":1701201203,"views":1,"p1id":"newusernovice","p2id":"sb203","formatid":"gen9vgc2023regulatione","rating":1439,"private":0,"password":""}