{"id":"gen9vgc2023regulatione-1996415201","p1":"BeckerVGC","p2":"Mortipherus","format":"[Gen 9] VGC 2023 Regulation E","log":"|j|\u2606BeckerVGC\n|j|\u2606Mortipherus\n|n|\u2606BeckerVGC|beckervgc\n|n|\u2606Mortipherus|mortipherus\n|html|View the match progress at <a href=\"\/game-bestof3-gen9vgc2023regulatione-1996410648\">game-bestof3-gen9vgc2023regulatione-1996410648<\/a>\n|t:|1700679813\n|gametype|doubles\n|player|p1|BeckerVGC|hiker-gen4|\n|player|p2|Mortipherus|biker-gen4|\n|teamsize|p1|6\n|teamsize|p2|6\n|gen|9\n|tier|[Gen 9] VGC 2023 Regulation E\n|rule|Species Clause: Limit one of each Pok\u00e9mon\n|rule|Item Clause: Limit one of each item\n|clearpoke\n|poke|p1|Urshifu-*, L50, F|\n|poke|p1|Iron Hands, L50|\n|poke|p1|Heatran, L50, F|\n|poke|p1|Flutter Mane, L50|\n|poke|p1|Tornadus, L50, M|\n|poke|p1|Amoonguss, L50, M|\n|poke|p2|Gholdengo, L50|\n|poke|p2|Roaring Moon, L50|\n|poke|p2|Iron Hands, L50|\n|poke|p2|Ogerpon-Hearthflame, L50, F|\n|poke|p2|Landorus-Therian, L50, M|\n|poke|p2|Flutter Mane, L50|\n|teampreview|4\nMortipherus has agreed to open team sheets.\n|\n|t:|1700679860\n|start\n|switch|p1a: Heatran|Heatran, L50, F|100\/100\n|switch|p1b: Tornadus|Tornadus, L50, M|100\/100\n|switch|p2a: Iron Hands|Iron Hands, L50|100\/100\n|switch|p2b: Roaring Moon|Roaring Moon, L50, shiny|100\/100\n|-enditem|p2b: Roaring Moon|Booster Energy\n|-activate|p2b: Roaring Moon|ability: Protosynthesis|[fromitem]\n|-start|p2b: Roaring Moon|protosynthesisspe\n|turn|1\n|\n|t:|1700679888\n|move|p1a: Heatran|Protect|p1a: Heatran\n|-singleturn|p1a: Heatran|Protect\n|move|p2a: Iron Hands|Fake Out|p1a: Heatran\n|-activate|p1a: Heatran|move: Protect\n|move|p1b: Tornadus|Tailwind|p1b: Tornadus\n|-sidestart|p1: BeckerVGC|move: Tailwind\n|move|p2b: Roaring Moon|Tailwind|p2b: Roaring Moon\n|-sidestart|p2: Mortipherus|move: Tailwind\n|\n|upkeep\n|turn|2\n|\n|t:|1700679911\n|switch|p1b: Iron Hands|Iron Hands, L50|100\/100\n|-end|p2a: Iron Hands|Quark Drive|[silent]\n|switch|p2a: Landorus|Landorus-Therian, L50, M|100\/100\n|-ability|p2a: Landorus|Intimidate|boost\n|-unboost|p1a: Heatran|atk|1\n|-unboost|p1b: Iron Hands|atk|1\n|-terastallize|p1a: Heatran|Fairy\n|move|p2b: Roaring Moon|Knock Off|p1b: Iron Hands\n|-resisted|p1b: Iron Hands\n|-damage|p1b: Iron Hands|83\/100\n|-enditem|p1b: Iron Hands|Assault Vest|[from] move: Knock Off|[of] p2b: Roaring Moon\n|move|p1a: Heatran|Heat Wave|p2b: Roaring Moon|[spread] p2a,p2b\n|-resisted|p2b: Roaring Moon\n|-damage|p2a: Landorus|43\/100\n|-damage|p2b: Roaring Moon|79\/100\n|-damage|p1a: Heatran|91\/100|[from] item: Life Orb\n|\n|upkeep\n|turn|3\n|\n|t:|1700679936\n|move|p1b: Iron Hands|Fake Out|p2a: Landorus\n|-damage|p2a: Landorus|33\/100\n|move|p2b: Roaring Moon|Knock Off|p1a: Heatran\n|-resisted|p1a: Heatran\n|-damage|p1a: Heatran|68\/100\n|-enditem|p1a: Heatran|Life Orb|[from] move: Knock Off|[of] p2b: Roaring Moon\n|cant|p2a: Landorus|flinch\n|move|p1a: Heatran|Heat Wave|p2a: Landorus|[spread] p2a,p2b\n|-resisted|p2b: Roaring Moon\n|-damage|p2a: Landorus|0 fnt\n|-damage|p2b: Roaring Moon|64\/100\n|faint|p2a: Landorus\n|\n|upkeep\n|\n|t:|1700679949\n|switch|p2a: Iron Hands|Iron Hands, L50|100\/100\n|turn|4\n|\n|t:|1700679982\n|-terastallize|p2a: Iron Hands|Fire\n|move|p1a: Heatran|Protect|p1a: Heatran\n|-singleturn|p1a: Heatran|Protect\n|move|p2b: Roaring Moon|Acrobatics|p1a: Heatran\n|-activate|p1a: Heatran|move: Protect\n|move|p1b: Iron Hands|Wild Charge|p2b: Roaring Moon\n|-resisted|p2b: Roaring Moon\n|-crit|p2b: Roaring Moon\n|-damage|p2b: Roaring Moon|24\/100\n|-damage|p1b: Iron Hands|74\/100|[from] Recoil\n|move|p2a: Iron Hands|Heavy Slam|p1a: Heatran\n|-activate|p1a: Heatran|move: Protect\n|\n|-sideend|p1: BeckerVGC|move: Tailwind\n|-sideend|p2: Mortipherus|move: Tailwind\n|upkeep\n|turn|5\n|\n|t:|1700680011\n|move|p2b: Roaring Moon|Tailwind|p2b: Roaring Moon\n|-sidestart|p2: Mortipherus|move: Tailwind\n|move|p2a: Iron Hands|Heavy Slam|p1a: Heatran\n|-supereffective|p1a: Heatran\n|-damage|p1a: Heatran|35\/100\n|move|p1a: Heatran|Earth Power|p2a: Iron Hands\n|-supereffective|p2a: Iron Hands\n|-damage|p2a: Iron Hands|66\/100\n|move|p1b: Iron Hands|Drain Punch|p2a: Iron Hands\n|-damage|p2a: Iron Hands|47\/100\n|-heal|p1b: Iron Hands|84\/100|[from] drain|[of] p2a: Iron Hands\n|\n|upkeep\n|turn|6\n|\n|t:|1700680040\n|move|p1a: Heatran|Protect|p1a: Heatran\n|-singleturn|p1a: Heatran|Protect\n|move|p2b: Roaring Moon|Acrobatics|p1a: Heatran\n|-activate|p1a: Heatran|move: Protect\n|move|p2a: Iron Hands|Heavy Slam|p1a: Heatran\n|-activate|p1a: Heatran|move: Protect\n|move|p1b: Iron Hands|Wild Charge|p2a: Iron Hands\n|-damage|p2a: Iron Hands|23\/100\n|-damage|p1b: Iron Hands|78\/100|[from] Recoil\n|\n|upkeep\n|turn|7\n|\n|t:|1700680059\n|-end|p2b: Roaring Moon|Protosynthesis|[silent]\n|switch|p2b: Flutter Mane|Flutter Mane, L50, shiny|100\/100\n|switch|p1a: Tornadus|Tornadus, L50, M|100\/100\n|move|p2a: Iron Hands|Heavy Slam|p1a: Tornadus\n|-damage|p1a: Tornadus|52\/100\n|move|p1b: Iron Hands|Drain Punch|p2b: Flutter Mane\n|-immune|p2b: Flutter Mane\n|\n|upkeep\n|turn|8\n|\n|t:|1700680079\n|move|p1a: Tornadus|Tailwind|p1a: Tornadus\n|-sidestart|p1: BeckerVGC|move: Tailwind\n|move|p2b: Flutter Mane|Moonblast|p1b: Iron Hands\n|-supereffective|p1b: Iron Hands\n|-damage|p1b: Iron Hands|0 fnt\n|faint|p1b: Iron Hands\n|-end|p1b: Iron Hands|Quark Drive|[silent]\n|move|p2a: Iron Hands|Wild Charge|p1a: Tornadus\n|-supereffective|p1a: Tornadus\n|-crit|p1a: Tornadus\n|-damage|p1a: Tornadus|0 fnt\n|faint|p1a: Tornadus\n|-damage|p2a: Iron Hands|13\/100|[from] Recoil\n|\n|-sideend|p2: Mortipherus|move: Tailwind\n|upkeep\n|\n|t:|1700680094\n|switch|p1a: Flutter Mane|Flutter Mane, L50|100\/100\n|switch|p1b: Heatran|Heatran, L50, F, tera:Fairy|35\/100\n|-enditem|p1a: Flutter Mane|Booster Energy\n|-activate|p1a: Flutter Mane|ability: Protosynthesis|[fromitem]\n|-start|p1a: Flutter Mane|protosynthesisspa\n|turn|9\n|\n|t:|1700680110\n|move|p2b: Flutter Mane|Protect|p2b: Flutter Mane\n|-singleturn|p2b: Flutter Mane|Protect\n|move|p1a: Flutter Mane|Dazzling Gleam|p2b: Flutter Mane|[spread] p2a\n|-activate|p2b: Flutter Mane|move: Protect\n|-resisted|p2a: Iron Hands\n|-damage|p2a: Iron Hands|4\/100\n|move|p1b: Heatran|Flash Cannon|p2b: Flutter Mane\n|-activate|p2b: Flutter Mane|move: Protect\n|move|p2a: Iron Hands|Heavy Slam|p1a: Flutter Mane\n|-supereffective|p1a: Flutter Mane\n|-damage|p1a: Flutter Mane|0 fnt\n|faint|p1a: Flutter Mane\n|-end|p1a: Flutter Mane|Protosynthesis|[silent]\n|\n|upkeep\n|turn|10\n|\n|t:|1700680126\n|move|p1b: Heatran|Heat Wave|p2a: Iron Hands|[spread] p2a,p2b\n|-resisted|p2a: Iron Hands\n|-damage|p2a: Iron Hands|0 fnt\n|-damage|p2b: Flutter Mane|65\/100\n|faint|p2a: Iron Hands\n|-end|p2a: Iron Hands|Quark Drive|[silent]\n|move|p2b: Flutter Mane|Moonblast|p1b: Heatran\n|-damage|p1b: Heatran|0 fnt\n|faint|p1b: Heatran\n|\n|win|Mortipherus\n|c|\u2606Mortipherus|ggs\n|c|\u2606BeckerVGC|Ggs\n|c|\u2606BeckerVGC|Postest du ?\n|c|\u2606Mortipherus|du hattest mich mehrfach fast gehabt\n|c|\u2606Mortipherus|klar mach ich\n|c|\u2606BeckerVGC|Ich wei\u00df\n","uploadtime":1700680281,"views":29,"p1id":"beckervgc","p2id":"mortipherus","formatid":"gen9vgc2023regulatione","rating":0,"private":0,"password":""}