{"id":"gen9vgc2023regulatione-1994621710","p1":"drmsang","p2":"JuanroSZ","format":"[Gen 9] VGC 2023 Regulation E","log":"|j|\u2606drmsang\n|j|\u2606JuanroSZ\n|t:|1700470846\n|gametype|doubles\n|player|p1|drmsang|266|1112\n|player|p2|JuanroSZ|1|1040\n|teamsize|p1|6\n|teamsize|p2|6\n|gen|9\n|tier|[Gen 9] VGC 2023 Regulation E\n|rated|\n|rule|Species Clause: Limit one of each Pok\u00e9mon\n|rule|Item Clause: Limit one of each item\n|clearpoke\n|poke|p1|Kilowattrel, L50, M|\n|poke|p1|Garganacl, L50, F|\n|poke|p1|Brambleghast, L50, F|\n|poke|p1|Ceruledge, L50, M|\n|poke|p1|Rabsca, L50, M|\n|poke|p1|Iron Valiant, L50|\n|poke|p2|Dondozo, L50, M|\n|poke|p2|Tatsugiri, L50, F|\n|poke|p2|Glimmora, L50, F|\n|poke|p2|Ninetales-Alola, L50, F|\n|poke|p2|Flutter Mane, L50|\n|poke|p2|Iron Hands, L50|\n|teampreview|4\n|inactive|Battle timer is ON: inactive players will automatically lose when time's up. (requested by JuanroSZ)\n|\n|t:|1700470881\n|start\n|switch|p1a: Garganacl|Garganacl, L50, F|100\/100\n|switch|p1b: Ceruledge|Ceruledge, L50, M|100\/100\n|switch|p2a: Ninetales|Ninetales-Alola, L50, F, shiny|100\/100\n|switch|p2b: Glimmora|Glimmora, L50, F|100\/100\n|-weather|Snow|[from] ability: Snow Warning|[of] p2a: Ninetales\n|turn|1\n|inactive|drmsang has 30 seconds left.\n|\n|t:|1700470912\n|move|p1b: Ceruledge|Protect|p1b: Ceruledge\n|-singleturn|p1b: Ceruledge|Protect\n|move|p2a: Ninetales|Aurora Veil|p2a: Ninetales\n|-sidestart|p2: JuanroSZ|move: Aurora Veil\n|move|p2b: Glimmora|Earth Power|p1b: Ceruledge\n|-activate|p1b: Ceruledge|move: Protect\n|move|p1a: Garganacl|Salt Cure|p2a: Ninetales\n|-supereffective|p2a: Ninetales\n|-damage|p2a: Ninetales|79\/100\n|-start|p2a: Ninetales|Salt Cure\n|\n|-weather|Snow|[upkeep]\n|-damage|p2a: Ninetales|67\/100|[from] Salt Cure\n|upkeep\n|turn|2\n|inactive|JuanroSZ has 30 seconds left.\n|inactive|drmsang has 30 seconds left.\n|inactive|JuanroSZ has 20 seconds left.\n|inactive|JuanroSZ has 15 seconds left.\n|\n|t:|1700470954\n|switch|p1b: Kilowattrel|Kilowattrel, L50, M|100\/100\n|-terastallize|p1a: Garganacl|Ghost\n|move|p2a: Ninetales|Icy Wind|p1a: Garganacl|[spread] p1a,p1b\n|-supereffective|p1b: Kilowattrel\n|-damage|p1a: Garganacl|86\/100\n|-damage|p1b: Kilowattrel|43\/100\n|-unboost|p1a: Garganacl|spe|1\n|-unboost|p1b: Kilowattrel|spe|1\n|-start|p1b: Kilowattrel|Charge|Icy Wind|[from] ability: Wind Power\n|move|p2b: Glimmora|Power Gem|p1b: Kilowattrel\n|-supereffective|p1b: Kilowattrel\n|-damage|p1b: Kilowattrel|0 fnt\n|faint|p1b: Kilowattrel\n|move|p1a: Garganacl|Salt Cure|p2b: Glimmora\n|-damage|p2b: Glimmora|89\/100\n|-start|p2b: Glimmora|Salt Cure\n|-activate|p2b: Glimmora|ability: Toxic Debris\n|-sidestart|p1: drmsang|move: Toxic Spikes\n|\n|-weather|Snow|[upkeep]\n|-heal|p1a: Garganacl|92\/100|[from] item: Leftovers\n|-damage|p2a: Ninetales|55\/100|[from] Salt Cure\n|-damage|p2b: Glimmora|77\/100|[from] Salt Cure\n|upkeep\n|inactive|drmsang has 30 seconds left.\n|inactive|drmsang has 20 seconds left.\n|\n|t:|1700470992\n|switch|p1b: Rabsca|Rabsca, L50, M|100\/100\n|-status|p1b: Rabsca|psn\n|turn|3\n|\n|t:|1700471010\n|move|p2a: Ninetales|Icy Wind|p1a: Garganacl|[spread] p1a,p1b\n|-damage|p1a: Garganacl|77\/100\n|-damage|p1b: Rabsca|88\/100 psn\n|-unboost|p1a: Garganacl|spe|1\n|-unboost|p1b: Rabsca|spe|1\n|move|p2b: Glimmora|Power Gem|p1b: Rabsca\n|-supereffective|p1b: Rabsca\n|-damage|p1b: Rabsca|29\/100 psn\n|move|p1b: Rabsca|Struggle Bug|p2a: Ninetales|[spread] p2a,p2b\n|-resisted|p2a: Ninetales\n|-resisted|p2b: Glimmora\n|-damage|p2a: Ninetales|49\/100\n|-damage|p2b: Glimmora|71\/100\n|-unboost|p2a: Ninetales|spa|1\n|-unboost|p2b: Glimmora|spa|1\n|move|p1a: Garganacl|Stomping Tantrum|p2b: Glimmora\n|-supereffective|p2b: Glimmora\n|-damage|p2b: Glimmora|14\/100\n|-activate|p2b: Glimmora|ability: Toxic Debris\n|-sidestart|p1: drmsang|move: Toxic Spikes\n|\n|-weather|Snow|[upkeep]\n|-heal|p1a: Garganacl|83\/100|[from] item: Leftovers\n|-damage|p1b: Rabsca|17\/100 psn|[from] psn\n|-damage|p2a: Ninetales|37\/100|[from] Salt Cure\n|-damage|p2b: Glimmora|2\/100|[from] Salt Cure\n|upkeep\n|turn|4\n|inactive|drmsang has 30 seconds left.\n|inactive|JuanroSZ has 30 seconds left.\n|inactive|drmsang has 20 seconds left.\n|inactive|drmsang has 15 seconds left.\n|inactive|drmsang has 10 seconds left.\n|-enditem|p1b: Rabsca|Custap Berry|[eat]\n|-activate|p1b: Rabsca|item: Custap Berry|[consumed]\n|\n|t:|1700471056\n|move|p1b: Rabsca|Revival Blessing|p1b: Rabsca\n|\n|t:|1700471060\n|-heal|p1: Kilowattrel|50\/100|[from] move: Revival Blessing\n|move|p2a: Ninetales|Icy Wind|p1a: Garganacl|[spread] p1a,p1b\n|-crit|p1b: Rabsca\n|-damage|p1a: Garganacl|73\/100\n|-damage|p1b: Rabsca|0 fnt\n|-unboost|p1a: Garganacl|spe|1\n|faint|p1b: Rabsca\n|move|p2b: Glimmora|Sludge Bomb|p1a: Garganacl\n|-resisted|p1a: Garganacl\n|-damage|p1a: Garganacl|59\/100\n|move|p1a: Garganacl|Salt Cure|p2a: Ninetales\n|-supereffective|p2a: Ninetales\n|-damage|p2a: Ninetales|17\/100\n|\n|-weather|Snow|[upkeep]\n|-heal|p1a: Garganacl|65\/100|[from] item: Leftovers\n|-damage|p2a: Ninetales|5\/100|[from] Salt Cure\n|-damage|p2b: Glimmora|0 fnt|[from] Salt Cure\n|faint|p2b: Glimmora\n|upkeep\n|\n|t:|1700471079\n|switch|p2b: Dondozo|Dondozo, L50, M, shiny|100\/100\n|switch|p1b: Ceruledge|Ceruledge, L50, M|100\/100\n|-status|p1b: Ceruledge|tox\n|turn|5\n|\n|t:|1700471089\n|move|p2b: Dondozo|Protect|p2b: Dondozo\n|-singleturn|p2b: Dondozo|Protect\n|move|p1b: Ceruledge|Shadow Sneak|p2a: Ninetales\n|-crit|p2a: Ninetales\n|-damage|p2a: Ninetales|0 fnt\n|faint|p2a: Ninetales\n|-damage|p1b: Ceruledge|90\/100 tox|[from] item: Life Orb\n|move|p1a: Garganacl|Salt Cure|p2b: Dondozo\n|-activate|p2b: Dondozo|move: Protect\n|\n|-weather|none\n|-heal|p1a: Garganacl|71\/100|[from] item: Leftovers\n|-damage|p1b: Ceruledge|84\/100 tox|[from] psn\n|upkeep\n|\n|t:|1700471099\n|switch|p2a: Tatsugiri|Tatsugiri, L50, F|100\/100\n|-activate|p2a: Tatsugiri|ability: Commander|[of] p2b: Dondozo\n|-boost|p2b: Dondozo|atk|2\n|-boost|p2b: Dondozo|spa|2\n|-boost|p2b: Dondozo|spe|2\n|-boost|p2b: Dondozo|def|2\n|-boost|p2b: Dondozo|spd|2\n|turn|6\n|inactive|drmsang has 30 seconds left.\n|\n|t:|1700471126\n|-terastallize|p2b: Dondozo|Dragon\n|move|p1b: Ceruledge|Bitter Blade|p2b: Dondozo\n|-resisted|p2b: Dondozo\n|-damage|p2b: Dondozo|94\/100\n|-heal|p1b: Ceruledge|90\/100 tox|[from] drain|[of] p2b: Dondozo\n|-damage|p1b: Ceruledge|80\/100 tox|[from] item: Life Orb\n|move|p2b: Dondozo|Earthquake|p1a: Garganacl|[spread] p1a,p1b\n|-miss|p2b: Dondozo|p2a: Tatsugiri\n|-supereffective|p1b: Ceruledge\n|-damage|p1a: Garganacl|48\/100\n|-damage|p1b: Ceruledge|0 fnt\n|faint|p1b: Ceruledge\n|move|p1a: Garganacl|Salt Cure|p2b: Dondozo\n|-damage|p2b: Dondozo|91\/100\n|-start|p2b: Dondozo|Salt Cure\n|\n|-heal|p2b: Dondozo|97\/100|[from] item: Leftovers\n|-heal|p1a: Garganacl|54\/100|[from] item: Leftovers\n|-damage|p2b: Dondozo|85\/100|[from] Salt Cure\n|upkeep\n|l|\u2606JuanroSZ\n|inactive|JuanroSZ disconnected and has a minute to reconnect!\n|player|p2|\n|\n|t:|1700471149\n|switch|p1b: Kilowattrel|Kilowattrel, L50, M|50\/100\n|turn|7\n|j|\u2606JuanroSZ\n|inactive|JuanroSZ reconnected and has 45 seconds left.\n|player|p2|JuanroSZ|1\n|\n|t:|1700471170\n|move|p1a: Garganacl|Protect|p1a: Garganacl\n|-singleturn|p1a: Garganacl|Protect\n|move|p1b: Kilowattrel|Discharge|p2a: Tatsugiri|[spread] p2b\n|-miss|p1b: Kilowattrel|p2a: Tatsugiri\n|-activate|p1a: Garganacl|move: Protect\n|-resisted|p2b: Dondozo\n|-damage|p2b: Dondozo|81\/100\n|-status|p2b: Dondozo|par\n|cant|p2b: Dondozo|par\n|\n|-heal|p2b: Dondozo|87\/100 par|[from] item: Leftovers\n|-heal|p1a: Garganacl|59\/100|[from] item: Leftovers\n|-damage|p2b: Dondozo|75\/100 par|[from] Salt Cure\n|upkeep\n|turn|8\n|\n|t:|1700471190\n|move|p1b: Kilowattrel|Air Slash|p2b: Dondozo\n|-damage|p2b: Dondozo|65\/100 par\n|cant|p2b: Dondozo|flinch\n|move|p1a: Garganacl|Recover|p1a: Garganacl\n|-heal|p1a: Garganacl|100\/100\n|\n|-heal|p2b: Dondozo|71\/100 par|[from] item: Leftovers\n|-damage|p2b: Dondozo|59\/100 par|[from] Salt Cure\n|-sideend|p2: JuanroSZ|move: Aurora Veil\n|upkeep\n|turn|9\n|\n|t:|1700471208\n|move|p1b: Kilowattrel|Air Slash|p2b: Dondozo\n|-damage|p2b: Dondozo|44\/100 par\n|cant|p2b: Dondozo|par\n|move|p1a: Garganacl|Stomping Tantrum|p2b: Dondozo\n|-damage|p2b: Dondozo|39\/100 par\n|\n|-heal|p2b: Dondozo|46\/100 par|[from] item: Leftovers\n|-damage|p2b: Dondozo|33\/100 par|[from] Salt Cure\n|upkeep\n|turn|10\n|\n|t:|1700471222\n|move|p1b: Kilowattrel|Air Slash|p2b: Dondozo\n|-damage|p2b: Dondozo|20\/100 par\n|cant|p2b: Dondozo|flinch\n|move|p1a: Garganacl|Salt Cure|p2b: Dondozo\n|-damage|p2b: Dondozo|16\/100 par\n|\n|-heal|p2b: Dondozo|22\/100 par|[from] item: Leftovers\n|-damage|p2b: Dondozo|10\/100 par|[from] Salt Cure\n|upkeep\n|turn|11\n|inactive|JuanroSZ has 30 seconds left.\n|\n|t:|1700471247\n|move|p1b: Kilowattrel|Air Slash|p2b: Dondozo\n|-damage|p2b: Dondozo|0 fnt\n|faint|p2b: Dondozo\n|move|p1a: Garganacl|Salt Cure|p2a: Tatsugiri\n|-damage|p2a: Tatsugiri|73\/100\n|-start|p2a: Tatsugiri|Salt Cure\n|\n|-damage|p2a: Tatsugiri|48\/100|[from] Salt Cure\n|upkeep\n|turn|12\n|-message|JuanroSZ forfeited.\n|\n|win|drmsang\n|raw|drmsang's rating: 1112 &rarr; <strong>1132<\/strong><br \/>(+20 for winning)\n|raw|JuanroSZ's rating: 1040 &rarr; <strong>1027<\/strong><br \/>(-13 for losing)\n|l|\u2606JuanroSZ\n","uploadtime":1700471261,"views":22,"p1id":"drmsang","p2id":"juanrosz","formatid":"gen9vgc2023regulatione","rating":1027,"private":0,"password":""}