{"id":"gen9vgc2023regulatione-1994307351","p1":"Jop 33 in a row","p2":"rbklmao","format":"[Gen 9] VGC 2023 Regulation E","log":"|j|\u2606Jop 33 in a row\n|j|\u2606rbklmao\n|t:|1700429373\n|gametype|doubles\n|player|p1|Jop 33 in a row|lillie|1071\n|player|p2|rbklmao|101|1145\n|teamsize|p1|6\n|teamsize|p2|6\n|gen|9\n|tier|[Gen 9] VGC 2023 Regulation E\n|rated|\n|rule|Species Clause: Limit one of each Pok\u00e9mon\n|rule|Item Clause: Limit one of each item\n|clearpoke\n|poke|p1|Moltres-Galar, L50|\n|poke|p1|Arcanine-Hisui, L50, M|\n|poke|p1|Munkidori, L50, M|\n|poke|p1|Sinistcha, L50|\n|poke|p1|Grimmsnarl, L50, M|\n|poke|p1|Milotic, L50, F|\n|poke|p2|Gholdengo, L50|\n|poke|p2|Tornadus, L50, M|\n|poke|p2|Arcanine-Hisui, L50, M|\n|poke|p2|Rillaboom, L50, F|\n|poke|p2|Urshifu-*, L50, F|\n|poke|p2|Chien-Pao, L50|\n|teampreview|4\n|j| lorenzoGarpez\nrbklmao has agreed to open team sheets.\nJop 33 in a row rejected open team sheets.\n|\n|t:|1700429421\n|start\n|switch|p1a: Grimmsnarl|Grimmsnarl, L50, M, shiny|100\/100\n|switch|p1b: Arcanine|Arcanine-Hisui, L50, M, shiny|100\/100\n|switch|p2a: Arcanine|Arcanine-Hisui, L50, M|100\/100\n|switch|p2b: Chien-Pao|Chien-Pao, L50|100\/100\n|-ability|p2b: Chien-Pao|Sword of Ruin\n|-ability|p2a: Arcanine|Intimidate|boost\n|-unboost|p1a: Grimmsnarl|atk|1\n|-unboost|p1b: Arcanine|atk|1\n|-ability|p1b: Arcanine|Intimidate|boost\n|-unboost|p2a: Arcanine|atk|1\n|-unboost|p2b: Chien-Pao|atk|1\n|turn|1\n|inactive|Battle timer is ON: inactive players will automatically lose when time's up. (requested by Jop 33 in a row)\n|\n|t:|1700429444\n|switch|p2b: Urshifu|Urshifu-Rapid-Strike, L50, F|100\/100\n|move|p1a: Grimmsnarl|Reflect|p1a: Grimmsnarl\n|-sidestart|p1: Jop 33 in a row|Reflect\n|move|p2a: Arcanine|Rock Slide|p1b: Arcanine|[spread] p1a,p1b\n|-supereffective|p1b: Arcanine\n|-damage|p1a: Grimmsnarl|83\/100\n|-damage|p1b: Arcanine|59\/100\n|move|p1b: Arcanine|Rock Slide|p2a: Arcanine|[spread] p2a,p2b\n|-supereffective|p2a: Arcanine\n|-resisted|p2b: Urshifu\n|-damage|p2a: Arcanine|57\/100\n|-damage|p2b: Urshifu|91\/100\n|\n|upkeep\n|turn|2\n|inactive|rbklmao has 30 seconds left.\n|\n|t:|1700429469\n|switch|p1b: Sinistcha|Sinistcha, L50, shiny|100\/100\n|-heal|p1a: Grimmsnarl|100\/100|[from] ability: Hospitality|[of] p1b: Sinistcha\n|move|p1a: Grimmsnarl|Parting Shot|p2a: Arcanine\n|-unboost|p2a: Arcanine|atk|1\n|-unboost|p2a: Arcanine|spa|1\n|\n|t:|1700429476\n|switch|p1a: Arcanine|Arcanine-Hisui, L50, M, shiny|59\/100|[from] Parting Shot\n|-ability|p1a: Arcanine|Intimidate|boost\n|-unboost|p2a: Arcanine|atk|1\n|-unboost|p2b: Urshifu|atk|1\n|move|p2b: Urshifu|U-turn|p1b: Sinistcha\n|-damage|p1b: Sinistcha|91\/100\n|-damage|p2b: Urshifu|74\/100|[from] item: Rocky Helmet|[of] p1b: Sinistcha\n|\n|t:|1700429485\n|switch|p2b: Chien-Pao|Chien-Pao, L50|100\/100|[from] U-turn\n|-ability|p2b: Chien-Pao|Sword of Ruin\n|move|p2a: Arcanine|Rock Slide|p1b: Sinistcha|[spread] p1a,p1b\n|-supereffective|p1a: Arcanine\n|-damage|p1a: Arcanine|25\/100\n|-damage|p1b: Sinistcha|78\/100\n|\n|upkeep\n|turn|3\n|inactive|Jop 33 in a row has 30 seconds left.\n|inactive|rbklmao has 30 seconds left.\n|\n|t:|1700429519\n|switch|p2a: Rillaboom|Rillaboom, L50, F|100\/100\n|-fieldstart|move: Grassy Terrain|[from] ability: Grassy Surge|[of] p2a: Rillaboom\n|move|p1a: Arcanine|Extreme Speed|p2b: Chien-Pao\n|-damage|p2b: Chien-Pao|59\/100\n|move|p2b: Chien-Pao|Ice Spinner|p1b: Sinistcha\n|-supereffective|p1b: Sinistcha\n|-damage|p1b: Sinistcha|23\/100\n|-damage|p2b: Chien-Pao|42\/100|[from] item: Rocky Helmet|[of] p1b: Sinistcha\n|-fieldend|move: Grassy Terrain\n|move|p1b: Sinistcha|Matcha Gotcha|p2a: Rillaboom|[spread] p2a,p2b\n|-resisted|p2a: Rillaboom\n|-damage|p2a: Rillaboom|92\/100\n|-heal|p1b: Sinistcha|28\/100|[from] drain|[of] p2a: Rillaboom\n|-damage|p2b: Chien-Pao|7\/100\n|-heal|p1b: Sinistcha|44\/100|[from] drain|[of] p2b: Chien-Pao\n|\n|upkeep\n|turn|4\n|inactive|Jop 33 in a row has 30 seconds left.\n|inactive|Jop 33 in a row has 20 seconds left.\n|inactive|Jop 33 in a row has 15 seconds left.\n|inactive|Jop 33 in a row has 10 seconds left.\n|\n|t:|1700429565\n|switch|p1b: Grimmsnarl|Grimmsnarl, L50, M, shiny|100\/100\n|move|p2a: Rillaboom|Fake Out|p1a: Arcanine\n|-resisted|p1a: Arcanine\n|-damage|p1a: Arcanine|18\/100\n|move|p2b: Chien-Pao|Sucker Punch||[still]\n|-fail|p2b: Chien-Pao\n|cant|p1a: Arcanine|flinch\n|\n|upkeep\n|turn|5\n|\n|t:|1700429584\n|switch|p2a: Arcanine|Arcanine-Hisui, L50, M|57\/100\n|-ability|p2a: Arcanine|Intimidate|boost\n|-unboost|p1a: Arcanine|atk|1\n|-unboost|p1b: Grimmsnarl|atk|1\n|move|p2b: Chien-Pao|Protect|p2b: Chien-Pao\n|-singleturn|p2b: Chien-Pao|Protect\n|move|p1a: Arcanine|Extreme Speed|p2b: Chien-Pao\n|-activate|p2b: Chien-Pao|move: Protect\n|move|p1b: Grimmsnarl|Parting Shot|p2a: Arcanine\n|-unboost|p2a: Arcanine|atk|1\n|-unboost|p2a: Arcanine|spa|1\n|\n|t:|1700429591\n|switch|p1b: Sinistcha|Sinistcha, L50, shiny|44\/100|[from] Parting Shot\n|-heal|p1a: Arcanine|43\/100|[from] ability: Hospitality|[of] p1b: Sinistcha\n|\n|upkeep\n|turn|6\n|\n|t:|1700429609\n|switch|p2b: Rillaboom|Rillaboom, L50, F|92\/100\n|-fieldstart|move: Grassy Terrain|[from] ability: Grassy Surge|[of] p2b: Rillaboom\n|move|p1a: Arcanine|Extreme Speed|p2b: Rillaboom\n|-damage|p2b: Rillaboom|75\/100\n|move|p2a: Arcanine|Rock Slide|p1b: Sinistcha|[spread] p1a,p1b\n|-supereffective|p1a: Arcanine\n|-damage|p1a: Arcanine|2\/100\n|-damage|p1b: Sinistcha|28\/100\n|move|p1b: Sinistcha|Trick Room|p1b: Sinistcha\n|-fieldstart|move: Trick Room|[of] p1b: Sinistcha\n|\n|-heal|p1b: Sinistcha|34\/100|[from] Grassy Terrain\n|-heal|p2b: Rillaboom|81\/100|[from] Grassy Terrain\n|-heal|p1a: Arcanine|8\/100|[from] Grassy Terrain\n|-heal|p2a: Arcanine|63\/100|[from] Grassy Terrain\n|upkeep\n|turn|7\n|\n|t:|1700429634\n|switch|p1a: Grimmsnarl|Grimmsnarl, L50, M, shiny|100\/100\n|move|p2b: Rillaboom|Fake Out|p1a: Grimmsnarl\n|-damage|p1a: Grimmsnarl|93\/100\n|move|p1b: Sinistcha|Matcha Gotcha|p2b: Rillaboom|[spread] p2a,p2b\n|-resisted|p2b: Rillaboom\n|-damage|p2a: Arcanine|24\/100\n|-heal|p1b: Sinistcha|54\/100|[from] drain|[of] p2a: Arcanine\n|-damage|p2b: Rillaboom|71\/100\n|-heal|p1b: Sinistcha|60\/100|[from] drain|[of] p2b: Rillaboom\n|move|p2a: Arcanine|Rock Slide|p1b: Sinistcha|[spread] \n|-miss|p2a: Arcanine|p1a: Grimmsnarl\n|-miss|p2a: Arcanine|p1b: Sinistcha\n|\n|-heal|p1a: Grimmsnarl|99\/100|[from] Grassy Terrain\n|-heal|p1b: Sinistcha|66\/100|[from] Grassy Terrain\n|-heal|p2b: Rillaboom|77\/100|[from] Grassy Terrain\n|-heal|p2a: Arcanine|30\/100|[from] Grassy Terrain\n|upkeep\n|turn|8\n|inactive|rbklmao has 30 seconds left.\n|\n|t:|1700429662\n|switch|p2a: Chien-Pao|Chien-Pao, L50|7\/100\n|-ability|p2a: Chien-Pao|Sword of Ruin\n|move|p1a: Grimmsnarl|Low Kick|p2a: Chien-Pao\n|-supereffective|p2a: Chien-Pao\n|-damage|p2a: Chien-Pao|0 fnt\n|faint|p2a: Chien-Pao\n|move|p1b: Sinistcha|Matcha Gotcha|p2b: Rillaboom\n|-resisted|p2b: Rillaboom\n|-damage|p2b: Rillaboom|61\/100\n|-heal|p1b: Sinistcha|75\/100|[from] drain|[of] p2b: Rillaboom\n|move|p2b: Rillaboom|Knock Off|p1b: Sinistcha\n|-supereffective|p1b: Sinistcha\n|-damage|p1b: Sinistcha|38\/100\n|-damage|p2b: Rillaboom|44\/100|[from] item: Rocky Helmet|[of] p1b: Sinistcha\n|-enditem|p1b: Sinistcha|Rocky Helmet|[from] move: Knock Off|[of] p2b: Rillaboom\n|\n|-heal|p1a: Grimmsnarl|100\/100|[from] Grassy Terrain\n|-heal|p1b: Sinistcha|44\/100|[from] Grassy Terrain\n|-heal|p2b: Rillaboom|50\/100|[from] Grassy Terrain\n|-sideend|p1: Jop 33 in a row|Reflect\n|upkeep\n|\n|t:|1700429685\n|switch|p2a: Urshifu|Urshifu-Rapid-Strike, L50, F|74\/100\n|turn|9\n|\n|t:|1700429693\n|-terastallize|p2a: Urshifu|Water\n|move|p1a: Grimmsnarl|Reflect|p1a: Grimmsnarl\n|-sidestart|p1: Jop 33 in a row|Reflect\n|move|p2b: Rillaboom|Grassy Glide|p1b: Sinistcha\n|-resisted|p1b: Sinistcha\n|-damage|p1b: Sinistcha|33\/100\n|move|p2a: Urshifu|Aqua Jet|p1b: Sinistcha\n|-resisted|p1b: Sinistcha\n|-damage|p1b: Sinistcha|23\/100\n|move|p1b: Sinistcha|Matcha Gotcha|p2a: Urshifu|[spread] p2a,p2b\n|-supereffective|p2a: Urshifu\n|-resisted|p2b: Rillaboom\n|-damage|p2a: Urshifu|0 fnt\n|-heal|p1b: Sinistcha|60\/100|[from] drain|[of] p2a: Urshifu\n|-damage|p2b: Rillaboom|38\/100\n|-heal|p1b: Sinistcha|67\/100|[from] drain|[of] p2b: Rillaboom\n|faint|p2a: Urshifu\n|\n|-heal|p1b: Sinistcha|73\/100|[from] Grassy Terrain\n|-heal|p2b: Rillaboom|44\/100|[from] Grassy Terrain\n|upkeep\n|c|\u2606rbklmao|:(\n|\n|t:|1700429711\n|switch|p2a: Arcanine|Arcanine-Hisui, L50, M|30\/100\n|-ability|p2a: Arcanine|Intimidate|boost\n|-unboost|p1a: Grimmsnarl|atk|1\n|-unboost|p1b: Sinistcha|atk|1\n|turn|10\n|c|\u2606Jop 33 in a row|:]\n|\n|t:|1700429724\n|move|p1a: Grimmsnarl|Low Kick|p2a: Arcanine\n|-supereffective|p2a: Arcanine\n|-damage|p2a: Arcanine|0 fnt\n|faint|p2a: Arcanine\n|move|p1b: Sinistcha|Matcha Gotcha|p2b: Rillaboom\n|-resisted|p2b: Rillaboom\n|-damage|p2b: Rillaboom|30\/100\n|-heal|p1b: Sinistcha|82\/100|[from] drain|[of] p2b: Rillaboom\n|-status|p2b: Rillaboom|brn\n|move|p2b: Rillaboom|Knock Off|p1b: Sinistcha\n|-supereffective|p1b: Sinistcha\n|-damage|p1b: Sinistcha|70\/100\n|\n|-heal|p1b: Sinistcha|75\/100|[from] Grassy Terrain\n|-heal|p2b: Rillaboom|35\/100 brn|[from] Grassy Terrain\n|-damage|p2b: Rillaboom|30\/100 brn|[from] brn\n|-fieldend|move: Trick Room\n|-fieldend|move: Grassy Terrain\n|upkeep\n|turn|11\n|c|\u2606rbklmao|i swear sinistcha wasnt this bulky bruh\n|c|\u2606rbklmao|gg\n|inactive|rbklmao has 30 seconds left.\n|-message|rbklmao forfeited.\n|\n|win|Jop 33 in a row\n|raw|Jop 33 in a row's rating: 1071 &rarr; <strong>1107<\/strong><br \/>(+36 for winning)\n|raw|rbklmao's rating: 1145 &rarr; <strong>1115<\/strong><br \/>(-30 for losing)\n|c|\u2606Jop 33 in a row|gg\n|l|\u2606rbklmao\n|l| lorenzoGarpez\n","uploadtime":1700429882,"views":6,"p1id":"jop33inarow","p2id":"rbklmao","formatid":"gen9vgc2023regulatione","rating":1107,"private":0,"password":""}