{"id":"gen9vgc2023regulatione-1999305542","p1":"ScreechPowers","p2":"bobforte22","format":"[Gen 9] VGC 2023 Regulation E","log":"|j|\u2606ScreechPowers\n|j|\u2606bobforte22\n|t:|1701057725\n|gametype|doubles\n|player|p1|ScreechPowers|169|1052\n|player|p2|bobforte22|pilot|1091\n|teamsize|p1|6\n|teamsize|p2|6\n|gen|9\n|tier|[Gen 9] VGC 2023 Regulation E\n|rated|\n|rule|Species Clause: Limit one of each Pok\u00e9mon\n|rule|Item Clause: Limit one of each item\n|clearpoke\n|poke|p1|Amoonguss, L50, M|\n|poke|p1|Arcanine-Hisui, L50, M|\n|poke|p1|Sinistcha, L50|\n|poke|p1|Flutter Mane, L50|\n|poke|p1|Iron Hands, L50|\n|poke|p1|Baxcalibur, L50, M|\n|poke|p2|Baxcalibur, L50, M|\n|poke|p2|Ninetales-Alola, L50, F|\n|poke|p2|Dragonite, L50, F|\n|poke|p2|Landorus-Therian, L50, M|\n|poke|p2|Ceruledge, L50, F|\n|poke|p2|Articuno, L50|\n|teampreview|4\n|\n|t:|1701057753\n|start\n|switch|p1a: Iron Hands|Iron Hands, L50|100\/100\n|switch|p1b: Baxcalibur|Baxcalibur, L50, M|100\/100\n|switch|p2a: Ninetales|Ninetales-Alola, L50, F|100\/100\n|switch|p2b: Articuno|Articuno, L50, shiny|100\/100\n|-weather|Snow|[from] ability: Snow Warning|[of] p2a: Ninetales\n|turn|1\n|\n|t:|1701057780\n|move|p1a: Iron Hands|Fake Out|p2a: Ninetales\n|-damage|p2a: Ninetales|88\/100\n|cant|p2a: Ninetales|flinch\n|move|p1b: Baxcalibur|Swords Dance|p1b: Baxcalibur\n|-boost|p1b: Baxcalibur|atk|2\n|move|p2b: Articuno|Hurricane|p1a: Iron Hands|[miss]\n|-miss|p2b: Articuno|p1a: Iron Hands\n|\n|-weather|Snow|[upkeep]\n|upkeep\n|turn|2\n|\n|t:|1701057798\n|move|p2a: Ninetales|Encore|p1b: Baxcalibur\n|-start|p1b: Baxcalibur|Encore\n|move|p1b: Baxcalibur|Swords Dance|p1b: Baxcalibur\n|-boost|p1b: Baxcalibur|atk|2\n|move|p2b: Articuno|Hurricane|p1a: Iron Hands\n|-damage|p1a: Iron Hands|82\/100\n|-start|p1a: Iron Hands|confusion\n|-activate|p1a: Iron Hands|confusion\n|-damage|p1a: Iron Hands|71\/100|[from] confusion\n|\n|-weather|Snow|[upkeep]\n|upkeep\n|turn|3\n|\n|t:|1701057821\n|switch|p2b: Ceruledge|Ceruledge, L50, F|100\/100\n|move|p2a: Ninetales|Aurora Veil|p2a: Ninetales\n|-sidestart|p2: bobforte22|move: Aurora Veil\n|move|p1b: Baxcalibur|Swords Dance|p1b: Baxcalibur\n|-boost|p1b: Baxcalibur|atk|2\n|-end|p1a: Iron Hands|confusion\n|move|p1a: Iron Hands|Wild Charge|p2b: Ceruledge\n|-crit|p2b: Ceruledge\n|-damage|p2b: Ceruledge|19\/100\n|-damage|p1a: Iron Hands|55\/100|[from] Recoil\n|\n|-weather|Snow|[upkeep]\n|upkeep\n|turn|4\n|\n|t:|1701057848\n|-end|p1a: Iron Hands|Quark Drive|[silent]\n|switch|p1a: Arcanine|Arcanine-Hisui, L50, M, shiny|100\/100\n|-ability|p1a: Arcanine|Intimidate|boost\n|-unboost|p2a: Ninetales|atk|1\n|-unboost|p2b: Ceruledge|atk|1\n|move|p2a: Ninetales|Moonblast|p1b: Baxcalibur\n|-supereffective|p1b: Baxcalibur\n|-damage|p1b: Baxcalibur|46\/100\n|move|p1b: Baxcalibur|Swords Dance|p1b: Baxcalibur\n|-boost|p1b: Baxcalibur|atk|0\n|move|p2b: Ceruledge|Bitter Blade|p1b: Baxcalibur\n|-damage|p1b: Baxcalibur|21\/100\n|-heal|p2b: Ceruledge|33\/100|[from] drain|[of] p1b: Baxcalibur\n|-damage|p2b: Ceruledge|24\/100|[from] item: Life Orb\n|\n|-weather|Snow|[upkeep]\n|-end|p1b: Baxcalibur|Encore\n|upkeep\n|turn|5\n|\n|t:|1701057886\n|switch|p2a: Articuno|Articuno, L50, shiny|100\/100\n|move|p1b: Baxcalibur|Protect|p1b: Baxcalibur\n|-singleturn|p1b: Baxcalibur|Protect\n|move|p1a: Arcanine|Flare Blitz|p2a: Articuno|[miss]\n|-miss|p1a: Arcanine|p2a: Articuno\n|move|p2b: Ceruledge|Bitter Blade|p1b: Baxcalibur\n|-activate|p1b: Baxcalibur|move: Protect\n|\n|-weather|none\n|upkeep\n|turn|6\n|\n|t:|1701057911\n|switch|p1a: Sinistcha|Sinistcha, L50|100\/100\n|-heal|p1b: Baxcalibur|46\/100|[from] ability: Hospitality|[of] p1a: Sinistcha\n|-terastallize|p1b: Baxcalibur|Poison\n|move|p2b: Ceruledge|Protect|p2b: Ceruledge\n|-singleturn|p2b: Ceruledge|Protect\n|move|p1b: Baxcalibur|Icicle Spear|p2b: Ceruledge\n|-activate|p2b: Ceruledge|move: Protect\n|move|p2a: Articuno|Tailwind|p2a: Articuno\n|-sidestart|p2: bobforte22|move: Tailwind\n|\n|upkeep\n|turn|7\n|\n|t:|1701057932\n|move|p1a: Sinistcha|Rage Powder|p1a: Sinistcha\n|-singleturn|p1a: Sinistcha|move: Rage Powder\n|move|p2a: Articuno|Blizzard|p1a: Sinistcha|[spread] p1a,p1b\n|-supereffective|p1a: Sinistcha\n|-damage|p1a: Sinistcha|43\/100\n|-damage|p1b: Baxcalibur|22\/100\n|-status|p1a: Sinistcha|frz\n|move|p2b: Ceruledge|Bitter Blade|p1a: Sinistcha\n|-supereffective|p1a: Sinistcha\n|-damage|p1a: Sinistcha|0 fnt\n|-heal|p2b: Ceruledge|44\/100|[from] drain|[of] p1a: Sinistcha\n|faint|p1a: Sinistcha\n|-damage|p2b: Ceruledge|35\/100|[from] item: Life Orb\n|move|p1b: Baxcalibur|Scale Shot|p2a: Articuno\n|-damage|p2a: Articuno|73\/100\n|-damage|p2a: Articuno|47\/100\n|-damage|p2a: Articuno|21\/100\n|-damage|p2a: Articuno|0 fnt\n|faint|p2a: Articuno\n|-hitcount|p2: Articuno|4\n|-unboost|p1b: Baxcalibur|def|1\n|-boost|p1b: Baxcalibur|spe|1\n|\n|-sideend|p2: bobforte22|move: Aurora Veil\n|upkeep\n|\n|t:|1701057958\n|switch|p2a: Dragonite|Dragonite, L50, F|100\/100\n|switch|p1a: Arcanine|Arcanine-Hisui, L50, M, shiny|100\/100\n|-ability|p1a: Arcanine|Intimidate|boost\n|-fail|p2a: Dragonite|unboost|Attack|[from] ability: Inner Focus|[of] p2a: Dragonite\n|-unboost|p2b: Ceruledge|atk|1\n|turn|8\n|\n|t:|1701057976\n|switch|p2b: Ninetales|Ninetales-Alola, L50, F|88\/100\n|-weather|Snow|[from] ability: Snow Warning|[of] p2b: Ninetales\n|move|p2a: Dragonite|Extreme Speed|p1b: Baxcalibur\n|-damage|p1b: Baxcalibur|0 fnt\n|faint|p1b: Baxcalibur\n|move|p1a: Arcanine|Rock Slide|p2a: Dragonite|[spread] p2b\n|-miss|p1a: Arcanine|p2a: Dragonite\n|-supereffective|p2b: Ninetales\n|-damage|p2b: Ninetales|16\/100\n|\n|-weather|Snow|[upkeep]\n|upkeep\n|\n|t:|1701057987\n|switch|p1b: Iron Hands|Iron Hands, L50|55\/100\n|turn|9\n|\n|t:|1701057998\n|switch|p2b: Ceruledge|Ceruledge, L50, F|35\/100\n|-terastallize|p2a: Dragonite|Normal\n|move|p1b: Iron Hands|Fake Out|p2a: Dragonite\n|-damage|p2a: Dragonite|87\/100\n|move|p2a: Dragonite|Extreme Speed|p1a: Arcanine\n|-resisted|p1a: Arcanine\n|-damage|p1a: Arcanine|62\/100\n|move|p1a: Arcanine|Rock Slide|p2b: Ceruledge|[spread] p2a,p2b\n|-supereffective|p2b: Ceruledge\n|-damage|p2a: Dragonite|51\/100\n|-damage|p2b: Ceruledge|0 fnt\n|faint|p2b: Ceruledge\n|\n|-weather|Snow|[upkeep]\n|-sideend|p2: bobforte22|move: Tailwind\n|upkeep\n|\n|t:|1701058012\n|switch|p2b: Ninetales|Ninetales-Alola, L50, F|16\/100\n|turn|10\n|\n|t:|1701058018\n|move|p2a: Dragonite|Extreme Speed|p1a: Arcanine\n|-resisted|p1a: Arcanine\n|-damage|p1a: Arcanine|20\/100\n|move|p2b: Ninetales|Encore|p1b: Iron Hands\n|-start|p1b: Iron Hands|Encore\n|move|p1a: Arcanine|Rock Slide|p2b: Ninetales|[spread] p2a,p2b\n|-supereffective|p2b: Ninetales\n|-damage|p2a: Dragonite|16\/100\n|-damage|p2b: Ninetales|0 fnt\n|faint|p2b: Ninetales\n|move|p1b: Iron Hands|Fake Out||[still]\n|-hint|Fake Out only works on your first turn out.\n|-fail|p1b: Iron Hands\n|\n|-weather|Snow|[upkeep]\n|upkeep\n|turn|11\n|\n|t:|1701058034\n|move|p1b: Iron Hands|Fake Out||[still]\n|-hint|Fake Out only works on your first turn out.\n|-fail|p1b: Iron Hands\n|move|p2a: Dragonite|Extreme Speed|p1a: Arcanine\n|-resisted|p1a: Arcanine\n|-damage|p1a: Arcanine|0 fnt\n|faint|p1a: Arcanine\n|\n|-weather|Snow|[upkeep]\n|upkeep\n|turn|12\n|\n|t:|1701058042\n|move|p1b: Iron Hands|Fake Out||[still]\n|-hint|Fake Out only works on your first turn out.\n|-fail|p1b: Iron Hands\n|move|p2a: Dragonite|Extreme Speed|p1b: Iron Hands\n|-damage|p1b: Iron Hands|11\/100\n|\n|-weather|none\n|-end|p1b: Iron Hands|Encore\n|upkeep\n|turn|13\n|\n|t:|1701058053\n|move|p2a: Dragonite|Extreme Speed|p1b: Iron Hands\n|-damage|p1b: Iron Hands|0 fnt\n|faint|p1b: Iron Hands\n|-end|p1b: Iron Hands|Quark Drive|[silent]\n|\n|win|bobforte22\n|raw|ScreechPowers's rating: 1052 &rarr; <strong>1036<\/strong><br \/>(-16 for losing)\n|raw|bobforte22's rating: 1091 &rarr; <strong>1114<\/strong><br \/>(+23 for winning)\n|l|\u2606ScreechPowers\n","uploadtime":1701058060,"views":12,"p1id":"screechpowers","p2id":"bobforte22","formatid":"gen9vgc2023regulatione","rating":1036,"private":0,"password":""}