{"id":"gen9vgc2023regulatione-1992691123","p1":"Blackflashzzzzz","p2":"notmortis","format":"[Gen 9] VGC 2023 Regulation E","log":"|j|\u2606Blackflashzzzzz\n|j|\u2606notmortis\n|t:|1700225731\n|gametype|doubles\n|player|p1|Blackflashzzzzz|169|1350\n|player|p2|notmortis|169|1265\n|teamsize|p1|6\n|teamsize|p2|6\n|gen|9\n|tier|[Gen 9] VGC 2023 Regulation E\n|rated|\n|rule|Species Clause: Limit one of each Pok\u00e9mon\n|rule|Item Clause: Limit one of each item\n|clearpoke\n|poke|p1|Iron Bundle, L50|\n|poke|p1|Ninetales-Alola, L50, M|\n|poke|p1|Baxcalibur, L50, F|\n|poke|p1|Urshifu-*, L50, M|\n|poke|p1|Amoonguss, L50, F|\n|poke|p1|Chien-Pao, L50|\n|poke|p2|Moltres-Galar, L50|\n|poke|p2|Sinistcha, L50|\n|poke|p2|Grimmsnarl, L50, M|\n|poke|p2|Iron Hands, L50|\n|poke|p2|Milotic, L50, F|\n|poke|p2|Arcanine-Hisui, L50, F|\n|teampreview|4\nnotmortis has agreed to open team sheets.\n|\n|t:|1700225792\n|start\n|switch|p1a: Urshifu|Urshifu-Rapid-Strike, L50, M|100\/100\n|switch|p1b: Amoonguss|Amoonguss, L50, F|100\/100\n|switch|p2a: Moltres|Moltres-Galar, L50|100\/100\n|switch|p2b: Grimmsnarl|Grimmsnarl, L50, M|100\/100\n|turn|1\n|\n|t:|1700225834\n|-terastallize|p1a: Urshifu|Water\n|move|p2b: Grimmsnarl|Fake Out|p1b: Amoonguss\n|-damage|p1b: Amoonguss|92\/100\n|move|p1a: Urshifu|Surging Strikes|p2b: Grimmsnarl\n|-crit|p2b: Grimmsnarl\n|-damage|p2b: Grimmsnarl|73\/100\n|-crit|p2b: Grimmsnarl\n|-damage|p2b: Grimmsnarl|43\/100\n|-crit|p2b: Grimmsnarl\n|-damage|p2b: Grimmsnarl|17\/100\n|-hitcount|p2b: Grimmsnarl|3\n|move|p2a: Moltres|Nasty Plot|p2a: Moltres\n|-boost|p2a: Moltres|spa|2\n|cant|p1b: Amoonguss|flinch\n|\n|-heal|p1b: Amoonguss|98\/100|[from] item: Leftovers\n|upkeep\n|turn|2\n|\n|t:|1700225862\n|move|p2b: Grimmsnarl|Reflect|p2b: Grimmsnarl\n|-sidestart|p2: notmortis|Reflect\n|move|p1a: Urshifu|Surging Strikes|p2a: Moltres\n|-crit|p2a: Moltres\n|-damage|p2a: Moltres|72\/100\n|-crit|p2a: Moltres\n|-damage|p2a: Moltres|43\/100\n|-enditem|p2a: Moltres|Sitrus Berry|[eat]\n|-heal|p2a: Moltres|68\/100|[from] item: Sitrus Berry\n|-crit|p2a: Moltres\n|-damage|p2a: Moltres|39\/100\n|-hitcount|p2a: Moltres|3\n|-ability|p2a: Moltres|Berserk|boost\n|-boost|p2a: Moltres|spa|1\n|move|p2a: Moltres|Air Slash|p1b: Amoonguss\n|-supereffective|p1b: Amoonguss\n|-damage|p1b: Amoonguss|0 fnt\n|faint|p1b: Amoonguss\n|\n|upkeep\n|\n|t:|1700225876\n|switch|p1b: Ninetales|Ninetales-Alola, L50, M|100\/100\n|-weather|Snow|[from] ability: Snow Warning|[of] p1b: Ninetales\n|turn|3\n|\n|t:|1700225901\n|move|p2a: Moltres|Protect|p2a: Moltres\n|-singleturn|p2a: Moltres|Protect\n|move|p2b: Grimmsnarl|Parting Shot|p1a: Urshifu\n|-unboost|p1a: Urshifu|atk|1\n|-unboost|p1a: Urshifu|spa|1\n|\n|t:|1700225908\n|switch|p2b: Sinistcha|Sinistcha, L50|100\/100|[from] Parting Shot\n|-heal|p2a: Moltres|64\/100|[from] ability: Hospitality|[of] p2b: Sinistcha\n|move|p1a: Urshifu|Surging Strikes|p2a: Moltres\n|-crit|p2a: Moltres\n|-damage|p2a: Moltres|33\/100\n|-crit|p2a: Moltres\n|-damage|p2a: Moltres|3\/100\n|-crit|p2a: Moltres\n|-damage|p2a: Moltres|0 fnt\n|faint|p2a: Moltres\n|-hitcount|p2: Moltres|3\n|move|p1b: Ninetales|Aurora Veil|p1b: Ninetales\n|-sidestart|p1: Blackflashzzzzz|move: Aurora Veil\n|\n|-weather|Snow|[upkeep]\n|upkeep\n|\n|t:|1700225913\n|switch|p2a: Iron Hands|Iron Hands, L50|100\/100\n|turn|4\n|\n|t:|1700225929\n|move|p2a: Iron Hands|Fake Out|p1a: Urshifu\n|-damage|p1a: Urshifu|91\/100\n|cant|p1a: Urshifu|flinch\n|move|p1b: Ninetales|Blizzard|p2b: Sinistcha|[spread] p2a,p2b\n|-supereffective|p2b: Sinistcha\n|-damage|p2a: Iron Hands|86\/100\n|-damage|p2b: Sinistcha|55\/100\n|move|p2b: Sinistcha|Matcha Gotcha|p1b: Ninetales|[spread] p1a,p1b\n|-supereffective|p1a: Urshifu\n|-damage|p1a: Urshifu|42\/100\n|-heal|p2b: Sinistcha|82\/100|[from] drain|[of] p1a: Urshifu\n|-damage|p1b: Ninetales|82\/100\n|-heal|p2b: Sinistcha|91\/100|[from] drain|[of] p1b: Ninetales\n|\n|-weather|Snow|[upkeep]\n|upkeep\n|turn|5\n|\n|t:|1700225943\n|move|p1a: Urshifu|Surging Strikes|p2b: Sinistcha\n|-resisted|p2b: Sinistcha\n|-crit|p2b: Sinistcha\n|-damage|p2b: Sinistcha|78\/100\n|-resisted|p2b: Sinistcha\n|-crit|p2b: Sinistcha\n|-damage|p2b: Sinistcha|64\/100\n|-resisted|p2b: Sinistcha\n|-crit|p2b: Sinistcha\n|-damage|p2b: Sinistcha|51\/100\n|-hitcount|p2b: Sinistcha|3\n|move|p1b: Ninetales|Blizzard|p2b: Sinistcha|[spread] p2a,p2b\n|-supereffective|p2b: Sinistcha\n|-damage|p2a: Iron Hands|71\/100\n|-damage|p2b: Sinistcha|0 fnt\n|faint|p2b: Sinistcha\n|move|p2a: Iron Hands|Heavy Slam|p1b: Ninetales\n|-supereffective|p1b: Ninetales\n|-crit|p1b: Ninetales\n|-damage|p1b: Ninetales|0 fnt\n|faint|p1b: Ninetales\n|\n|-weather|Snow|[upkeep]\n|upkeep\n|\n|t:|1700225953\n|switch|p1b: Baxcalibur|Baxcalibur, L50, F|100\/100\n|switch|p2b: Grimmsnarl|Grimmsnarl, L50, M|17\/100\n|turn|6\n|\n|t:|1700225969\n|move|p2b: Grimmsnarl|Parting Shot|p1a: Urshifu\n|-unboost|p1a: Urshifu|atk|1\n|-unboost|p1a: Urshifu|spa|1\n|move|p1a: Urshifu|Surging Strikes|p2b: Grimmsnarl\n|-crit|p2b: Grimmsnarl\n|-damage|p2b: Grimmsnarl|0 fnt\n|faint|p2b: Grimmsnarl\n|-hitcount|p2: Grimmsnarl|1\n|move|p1b: Baxcalibur|Dragon Dance|p1b: Baxcalibur\n|-boost|p1b: Baxcalibur|atk|1\n|-boost|p1b: Baxcalibur|spe|1\n|move|p2a: Iron Hands|Drain Punch|p1b: Baxcalibur\n|-supereffective|p1b: Baxcalibur\n|-damage|p1b: Baxcalibur|67\/100\n|-heal|p2a: Iron Hands|84\/100|[from] drain|[of] p1b: Baxcalibur\n|\n|-weather|Snow|[upkeep]\n|upkeep\n|turn|7\n|\n|t:|1700225979\n|move|p1a: Urshifu|Surging Strikes|p2a: Iron Hands\n|-crit|p2a: Iron Hands\n|-damage|p2a: Iron Hands|68\/100\n|-crit|p2a: Iron Hands\n|-damage|p2a: Iron Hands|49\/100\n|-crit|p2a: Iron Hands\n|-damage|p2a: Iron Hands|32\/100\n|-hitcount|p2a: Iron Hands|3\n|move|p1b: Baxcalibur|High Horsepower|p2a: Iron Hands\n|-supereffective|p2a: Iron Hands\n|-damage|p2a: Iron Hands|0 fnt\n|faint|p2a: Iron Hands\n|-end|p2a: Iron Hands|Quark Drive|[silent]\n|\n|win|Blackflashzzzzz\n|raw|Blackflashzzzzz's rating: 1350 &rarr; <strong>1365<\/strong><br \/>(+15 for winning)\n|raw|notmortis's rating: 1265 &rarr; <strong>1246<\/strong><br \/>(-19 for losing)\n|l|\u2606notmortis\n","uploadtime":1700225995,"views":15,"p1id":"blackflashzzzzz","p2id":"notmortis","formatid":"gen9vgc2023regulatione","rating":1246,"private":0,"password":""}