{"id":"gen9vgc2023regulatione-1996060405","p1":"here4loppy","p2":"jungle211","format":"[Gen 9] VGC 2023 Regulation E","log":"|j|\u2606here4loppy\n|j|\u2606jungle211\n|t:|1700637387\n|gametype|doubles\n|player|p1|here4loppy|dawn-gen4pt|1098\n|player|p2|jungle211|koga|1107\n|teamsize|p1|6\n|teamsize|p2|6\n|gen|9\n|tier|[Gen 9] VGC 2023 Regulation E\n|rated|\n|rule|Species Clause: Limit one of each Pok\u00e9mon\n|rule|Item Clause: Limit one of each item\n|clearpoke\n|poke|p1|Brambleghast, L50, F|\n|poke|p1|Tornadus, L50, M|\n|poke|p1|Arcanine, L50, M|\n|poke|p1|Amoonguss, L50, M|\n|poke|p1|Ursaluna-Bloodmoon, L50, M|\n|poke|p1|Azumarill, L50, F|\n|poke|p2|Tornadus, L50, M|\n|poke|p2|Chi-Yu, L50|\n|poke|p2|Ogerpon-Wellspring, L50, F|\n|poke|p2|Orthworm, L50, M|\n|poke|p2|Ursaluna, L50, F|\n|poke|p2|Indeedee-F, L50, F|\n|teampreview|4\n|\n|t:|1700637427\n|start\n|switch|p1a: Amoonguss|Amoonguss, L50, M|100\/100\n|switch|p1b: Arcanine|Arcanine, L50, M|100\/100\n|switch|p2a: Chi-Yu|Chi-Yu, L50|100\/100\n|switch|p2b: Indeedee|Indeedee-F, L50, F|100\/100\n|-ability|p2a: Chi-Yu|Beads of Ruin\n|-ability|p1b: Arcanine|Intimidate|boost\n|-unboost|p2a: Chi-Yu|atk|1\n|-unboost|p2b: Indeedee|atk|1\n|-fieldstart|move: Psychic Terrain|[from] ability: Psychic Surge|[of] p2b: Indeedee\n|turn|1\n|\n|t:|1700637452\n|switch|p2a: Ursaluna|Ursaluna, L50, F, shiny|100\/100\n|switch|p1b: Ursaluna|Ursaluna-Bloodmoon, L50, M|100\/100\n|move|p2b: Indeedee|Protect|p2b: Indeedee\n|-singleturn|p2b: Indeedee|Protect\n|move|p1a: Amoonguss|Protect||[still]\n|-fail|p1a: Amoonguss\n|\n|-status|p2a: Ursaluna|brn|[from] item: Flame Orb\n|upkeep\n|turn|2\n|\n|t:|1700637489\n|switch|p1b: Arcanine|Arcanine, L50, M|100\/100\n|-ability|p1b: Arcanine|Intimidate|boost\n|-unboost|p2a: Ursaluna|atk|1\n|-unboost|p2b: Indeedee|atk|1\n|move|p2b: Indeedee|Psychic|p1a: Amoonguss\n|-supereffective|p1a: Amoonguss\n|-damage|p1a: Amoonguss|11\/100\n|move|p2a: Ursaluna|Facade|p1a: Amoonguss\n|-damage|p1a: Amoonguss|0 fnt\n|faint|p1a: Amoonguss\n|\n|-damage|p2a: Ursaluna|94\/100 brn|[from] brn\n|upkeep\n|\n|t:|1700637504\n|switch|p1a: Azumarill|Azumarill, L50, F|100\/100\n|turn|3\n|\n|t:|1700637529\n|switch|p2a: Chi-Yu|Chi-Yu, L50|100\/100\n|-ability|p2a: Chi-Yu|Beads of Ruin\n|-terastallize|p1a: Azumarill|Steel\n|move|p1b: Arcanine|Close Combat|p2a: Chi-Yu\n|-supereffective|p2a: Chi-Yu\n|-enditem|p2a: Chi-Yu|Focus Sash\n|-damage|p2a: Chi-Yu|1\/100\n|-unboost|p1b: Arcanine|def|1\n|-unboost|p1b: Arcanine|spd|1\n|move|p1a: Azumarill|Liquidation|p2a: Chi-Yu\n|-supereffective|p2a: Chi-Yu\n|-damage|p2a: Chi-Yu|0 fnt\n|faint|p2a: Chi-Yu\n|move|p2b: Indeedee|Trick Room|p2b: Indeedee\n|-fieldstart|move: Trick Room|[of] p2b: Indeedee\n|\n|upkeep\n|\n|t:|1700637535\n|switch|p2a: Ursaluna|Ursaluna, L50, F, shiny|94\/100 brn\n|turn|4\n|\n|t:|1700637558\n|switch|p2b: Orthworm|Orthworm, L50, M|100\/100\n|-terastallize|p2a: Ursaluna|Ghost\n|move|p2a: Ursaluna|Earthquake|p1b: Arcanine|[spread] p1a,p1b\n|-immune|p2b: Orthworm|[from] ability: Earth Eater\n|-supereffective|p1a: Azumarill\n|-supereffective|p1b: Arcanine\n|-damage|p1a: Azumarill|0 fnt\n|-damage|p1b: Arcanine|0 fnt\n|faint|p1a: Azumarill\n|faint|p1b: Arcanine\n|\n|-damage|p2a: Ursaluna|88\/100 brn|[from] brn\n|upkeep\n|\n|t:|1700637572\n|switch|p1b: Ursaluna|Ursaluna-Bloodmoon, L50, M|100\/100\n|turn|5\n|\n|t:|1700637592\n|move|p2a: Ursaluna|Earthquake|p1b: Ursaluna|[spread] p1b\n|-immune|p2b: Orthworm|[from] ability: Earth Eater\n|-damage|p1b: Ursaluna|51\/100\n|move|p1b: Ursaluna|Moonblast|p2a: Ursaluna\n|-damage|p2a: Ursaluna|44\/100 brn\n|-unboost|p2a: Ursaluna|spa|1\n|-damage|p1b: Ursaluna|41\/100|[from] item: Life Orb\n|move|p2b: Orthworm|Body Press|p1b: Ursaluna\n|-supereffective|p1b: Ursaluna\n|-damage|p1b: Ursaluna|2\/100\n|\n|-damage|p2a: Ursaluna|38\/100 brn|[from] brn\n|-fieldend|move: Psychic Terrain\n|upkeep\n|turn|6\n|\n|t:|1700637608\n|move|p2a: Ursaluna|Earthquake|p1b: Ursaluna|[spread] p1b\n|-immune|p2b: Orthworm|[from] ability: Earth Eater\n|-damage|p1b: Ursaluna|0 fnt\n|faint|p1b: Ursaluna\n|\n|win|jungle211\n|raw|here4loppy's rating: 1098 &rarr; <strong>1074<\/strong><br \/>(-24 for losing)\n|raw|jungle211's rating: 1107 &rarr; <strong>1131<\/strong><br \/>(+24 for winning)\n","uploadtime":1700637616,"views":2,"p1id":"here4loppy","p2id":"jungle211","formatid":"gen9vgc2023regulatione","rating":1074,"private":0,"password":""}