{"id":"gen9vgc2023regulatione-1998944047","p1":"fsd879fsdfsd","p2":"Izumy_dk","format":"[Gen 9] VGC 2023 Regulation E","log":"|j|\u2606fsd879fsdfsd\n|j|\u2606Izumy_dk\n|t:|1701016092\n|gametype|doubles\n|player|p1|fsd879fsdfsd|pokemaniac|1112\n|player|p2|Izumy_dk|volkner|1124\n|teamsize|p1|6\n|teamsize|p2|6\n|gen|9\n|tier|[Gen 9] VGC 2023 Regulation E\n|rated|\n|rule|Species Clause: Limit one of each Pok\u00e9mon\n|rule|Item Clause: Limit one of each item\n|clearpoke\n|poke|p1|Tornadus, L50, M|\n|poke|p1|Urshifu-*, L50, M|\n|poke|p1|Gholdengo, L50|\n|poke|p1|Arcanine-Hisui, L50, M|\n|poke|p1|Rillaboom, L50, M|\n|poke|p1|Amoonguss, L50, M|\n|poke|p2|Gholdengo, L50|\n|poke|p2|Garchomp, L50, M|\n|poke|p2|Maushold, L50|\n|poke|p2|Annihilape, L50, F|\n|poke|p2|Murkrow, L50, F|\n|poke|p2|Hydreigon, L50, F|\n|teampreview|4\nfsd879fsdfsd rejected open team sheets.\n|inactive|Battle timer is ON: inactive players will automatically lose when time's up. (requested by fsd879fsdfsd)\n|inactive|fsd879fsdfsd has 60 seconds left.\n|inactive|Izumy_dk has 60 seconds left.\n|\n|t:|1701016135\n|start\n|switch|p1a: Amoonguss|Amoonguss, L50, M|100\/100\n|switch|p1b: Gholdengo|Gholdengo, L50|100\/100\n|switch|p2a: Murkrow|Murkrow, L50, F, shiny|100\/100\n|switch|p2b: Gholdengo|Gholdengo, L50|100\/100\n|turn|1\n|inactive|fsd879fsdfsd has 30 seconds left.\n|inactive|fsd879fsdfsd has 20 seconds left.\n|inactive|fsd879fsdfsd has 15 seconds left.\n|inactive|fsd879fsdfsd has 10 seconds left.\n|inactive|fsd879fsdfsd has 5 seconds left.\n|\n|t:|1701016189\n|move|p1a: Amoonguss|Rage Powder|p1a: Amoonguss\n|-singleturn|p1a: Amoonguss|move: Rage Powder\n|move|p2a: Murkrow|Taunt|p1a: Amoonguss\n|-start|p1a: Amoonguss|move: Taunt\n|move|p2b: Gholdengo|Psyshock|p1a: Amoonguss\n|-supereffective|p1a: Amoonguss\n|-damage|p1a: Amoonguss|38\/100\n|-enditem|p1a: Amoonguss|Sitrus Berry|[eat]\n|-heal|p1a: Amoonguss|63\/100|[from] item: Sitrus Berry\n|move|p1b: Gholdengo|Nasty Plot|p1b: Gholdengo\n|-boost|p1b: Gholdengo|spa|2\n|\n|upkeep\n|turn|2\n|inactive|fsd879fsdfsd has 30 seconds left.\n|inactive|fsd879fsdfsd has 20 seconds left.\n|inactive|fsd879fsdfsd has 15 seconds left.\n|inactive|fsd879fsdfsd has 10 seconds left.\n|\n|t:|1701016238\n|switch|p1a: Arcanine|Arcanine-Hisui, L50, M|100\/100\n|-ability|p1a: Arcanine|Intimidate|boost\n|-unboost|p2a: Murkrow|atk|1\n|-unboost|p2b: Gholdengo|atk|1\n|-terastallize|p1b: Gholdengo|Dragon\n|move|p2a: Murkrow|Haze|p2a: Murkrow\n|-clearallboost\n|move|p2b: Gholdengo|Psyshock|p1a: Arcanine\n|-damage|p1a: Arcanine|55\/100\n|move|p1b: Gholdengo|Shadow Ball|p2b: Gholdengo\n|-supereffective|p2b: Gholdengo\n|-crit|p2b: Gholdengo\n|-damage|p2b: Gholdengo|0 fnt\n|faint|p2b: Gholdengo\n|\n|upkeep\n|\n|t:|1701016257\n|switch|p2b: Garchomp|Garchomp, L50, M|100\/100\n|turn|3\n|\n|t:|1701016267\n|switch|p1a: Amoonguss|Amoonguss, L50, M|96\/100\n|move|p1b: Gholdengo|Protect|p1b: Gholdengo\n|-singleturn|p1b: Gholdengo|Protect\n|move|p2a: Murkrow|Tailwind|p2a: Murkrow\n|-sidestart|p2: Izumy_dk|move: Tailwind\n|move|p2b: Garchomp|Earthquake|p1b: Gholdengo|[spread] p1a\n|-activate|p1b: Gholdengo|move: Protect\n|-immune|p2a: Murkrow\n|-damage|p1a: Amoonguss|67\/100\n|\n|upkeep\n|turn|4\n|inactive|fsd879fsdfsd has 30 seconds left.\n|\n|t:|1701016297\n|move|p2a: Murkrow|Taunt|p1a: Amoonguss\n|-start|p1a: Amoonguss|move: Taunt\n|move|p2b: Garchomp|Swords Dance|p2b: Garchomp\n|-boost|p2b: Garchomp|atk|2\n|move|p1b: Gholdengo|Shadow Ball|p2b: Garchomp\n|-damage|p2b: Garchomp|60\/100\n|move|p1a: Amoonguss|Pollen Puff|p1b: Gholdengo\n|-immune|p1b: Gholdengo\n|\n|upkeep\n|turn|5\n|inactive|Izumy_dk has 30 seconds left.\n|\n|t:|1701016324\n|switch|p1a: Arcanine|Arcanine-Hisui, L50, M|55\/100\n|-ability|p1a: Arcanine|Intimidate|boost\n|-unboost|p2a: Murkrow|atk|1\n|-fail|p2b: Garchomp|unboost|[from] item: Clear Amulet|[of] p2b: Garchomp\n|move|p2a: Murkrow|Taunt|p1b: Gholdengo\n|-immune|p1b: Gholdengo|[from] ability: Good as Gold\n|move|p2b: Garchomp|Earthquake|p1b: Gholdengo|[spread] p1a,p1b\n|-immune|p2a: Murkrow\n|-supereffective|p1a: Arcanine\n|-damage|p1a: Arcanine|0 fnt\n|-damage|p1b: Gholdengo|30\/100\n|faint|p1a: Arcanine\n|move|p1b: Gholdengo|Shadow Ball|p2b: Garchomp\n|-damage|p2b: Garchomp|16\/100\n|\n|-heal|p1b: Gholdengo|36\/100|[from] item: Leftovers\n|upkeep\n|\n|t:|1701016344\n|switch|p1a: Urshifu|Urshifu-Rapid-Strike, L50, M|100\/100\n|turn|6\n|\n|t:|1701016368\n|move|p1a: Urshifu|Aqua Jet|p2b: Garchomp\n|-damage|p2b: Garchomp|0 fnt\n|-damage|p1a: Urshifu|88\/100|[from] ability: Rough Skin|[of] p2b: Garchomp\n|faint|p2b: Garchomp\n|move|p2a: Murkrow|Foul Play|p1b: Gholdengo\n|-damage|p1b: Gholdengo|21\/100\n|move|p1b: Gholdengo|Make It Rain|p2a: Murkrow\n|-damage|p2a: Murkrow|38\/100\n|-unboost|p1b: Gholdengo|spa|1\n|\n|-heal|p1b: Gholdengo|27\/100|[from] item: Leftovers\n|-sideend|p2: Izumy_dk|move: Tailwind\n|upkeep\n|\n|t:|1701016387\n|switch|p2b: Hydreigon|Hydreigon, L50, F, shiny|100\/100\n|turn|7\n|inactive|Izumy_dk has 30 seconds left.\n|\n|t:|1701016414\n|switch|p1b: Amoonguss|Amoonguss, L50, M|100\/100\n|move|p1a: Urshifu|Aqua Jet|p2a: Murkrow\n|-damage|p2a: Murkrow|18\/100\n|move|p2a: Murkrow|Tailwind|p2a: Murkrow\n|-sidestart|p2: Izumy_dk|move: Tailwind\n|move|p2b: Hydreigon|Draco Meteor|p1a: Urshifu\n|-damage|p1a: Urshifu|0 fnt\n|-unboost|p2b: Hydreigon|spa|2\n|faint|p1a: Urshifu\n|-damage|p2b: Hydreigon|91\/100|[from] item: Life Orb\n|\n|upkeep\n|\n|t:|1701016426\n|switch|p1a: Gholdengo|Gholdengo, L50, tera:Dragon|27\/100\n|turn|8\n|inactive|fsd879fsdfsd has 30 seconds left.\n|inactive|fsd879fsdfsd has 20 seconds left.\n|inactive|fsd879fsdfsd has 15 seconds left.\n|\n|t:|1701016467\n|-terastallize|p2b: Hydreigon|Steel\n|move|p1a: Gholdengo|Protect|p1a: Gholdengo\n|-singleturn|p1a: Gholdengo|Protect\n|move|p2a: Murkrow|Taunt|p1b: Amoonguss\n|-start|p1b: Amoonguss|move: Taunt\n|move|p2b: Hydreigon|Flash Cannon|p1a: Gholdengo\n|-activate|p1a: Gholdengo|move: Protect\n|move|p1b: Amoonguss|Pollen Puff|p2a: Murkrow\n|-damage|p2a: Murkrow|0 fnt\n|faint|p2a: Murkrow\n|\n|-heal|p1a: Gholdengo|32\/100|[from] item: Leftovers\n|upkeep\n|turn|9\n|inactive|fsd879fsdfsd has 30 seconds left.\n|inactive|Izumy_dk has 30 seconds left.\n|\n|t:|1701016494\n|move|p2b: Hydreigon|Dark Pulse|p1a: Gholdengo\n|-damage|p1a: Gholdengo|9\/100\n|-damage|p2b: Hydreigon|81\/100|[from] item: Life Orb\n|move|p1a: Gholdengo|Nasty Plot|p1a: Gholdengo\n|-boost|p1a: Gholdengo|spa|2\n|move|p1b: Amoonguss|Pollen Puff|p1a: Gholdengo\n|-heal|p1a: Gholdengo|59\/100\n|\n|-heal|p1a: Gholdengo|65\/100|[from] item: Leftovers\n|upkeep\n|turn|10\n|-message|Izumy_dk forfeited.\n|\n|win|fsd879fsdfsd\n|raw|fsd879fsdfsd's rating: 1112 &rarr; <strong>1138<\/strong><br \/>(+26 for winning)\n|raw|Izumy_dk's rating: 1124 &rarr; <strong>1098<\/strong><br \/>(-26 for losing)\n|l|\u2606Izumy_dk\n","uploadtime":1701016513,"views":1,"p1id":"fsd879fsdfsd","p2id":"izumydk","formatid":"gen9vgc2023regulatione","rating":1098,"private":0,"password":""}