{"id":"gen9vgc2023regulatione-1999192510","p1":"Wiilyam","p2":"JachiMalz","format":"[Gen 9] VGC 2023 Regulation E","log":"|j|\u2606Wiilyam\n|j|\u2606JachiMalz\n|t:|1701043657\n|gametype|doubles\n|player|p1|Wiilyam|ingo|1000\n|player|p2|JachiMalz|clerk|1001\n|teamsize|p1|6\n|teamsize|p2|6\n|gen|9\n|tier|[Gen 9] VGC 2023 Regulation E\n|rated|\n|rule|Species Clause: Limit one of each Pok\u00e9mon\n|rule|Item Clause: Limit one of each item\n|clearpoke\n|poke|p1|Arcanine-Hisui, L50, M|\n|poke|p1|Chien-Pao, L50|\n|poke|p1|Sableye, L50, F|\n|poke|p1|Ting-Lu, L50|\n|poke|p1|Urshifu-*, L50, M|\n|poke|p1|Dudunsparce-*, L50, M|\n|poke|p2|Enamorus, L50, F|\n|poke|p2|Sableye, L50, M|\n|poke|p2|Great Tusk, L50|\n|poke|p2|Torkoal, L50, M|\n|poke|p2|Indeedee-F, L50, F|\n|poke|p2|Armarouge, L50, F|\n|teampreview|4\n|inactive|Battle timer is ON: inactive players will automatically lose when time's up. (requested by Wiilyam)\nWiilyam has agreed to open team sheets.\n|\n|t:|1701043690\n|start\n|switch|p1a: Dudunsparce|Dudunsparce-Three-Segment, L50, M|100\/100\n|switch|p1b: Sableye|Sableye, L50, F|100\/100\n|switch|p2a: Enamorus|Enamorus, L50, F|100\/100\n|switch|p2b: Sableye|Sableye, L50, M|100\/100\n|turn|1\n|inactive|Wiilyam has 30 seconds left.\n|inactive|Wiilyam has 20 seconds left.\n|inactive|Wiilyam has 15 seconds left.\n|\n|t:|1701043731\n|move|p2a: Enamorus|Protect|p2a: Enamorus\n|-singleturn|p2a: Enamorus|Protect\n|move|p1b: Sableye|Taunt|p2b: Sableye\n|-hint|Since gen 7, Dark is immune to Prankster moves.\n|-immune|p2b: Sableye\n|move|p2b: Sableye|Will-O-Wisp|p1a: Dudunsparce\n|-status|p1a: Dudunsparce|brn\n|move|p1a: Dudunsparce|Rock Slide|p2a: Enamorus|[spread] p2b\n|-activate|p2a: Enamorus|move: Protect\n|-damage|p2b: Sableye|88\/100\n|\n|-damage|p1a: Dudunsparce|95\/100 brn|[from] brn\n|upkeep\n|turn|2\n|\n|t:|1701043755\n|move|p1b: Sableye|Taunt|p2a: Enamorus\n|-start|p2a: Enamorus|move: Taunt\n|move|p2b: Sableye|Skill Swap|p2a: Enamorus\n|-activate|p2b: Sableye|move: Skill Swap|||[of] p2a: Enamorus\n|move|p1a: Dudunsparce|Rock Slide|p2b: Sableye|[spread] p2a,p2b\n|-supereffective|p2a: Enamorus\n|-damage|p2a: Enamorus|74\/100\n|-damage|p2b: Sableye|77\/100\n|move|p2a: Enamorus|Superpower|p1a: Dudunsparce\n|-supereffective|p1a: Dudunsparce\n|-damage|p1a: Dudunsparce|25\/100 brn\n|-unboost|p2a: Enamorus|atk|1\n|-unboost|p2a: Enamorus|def|1\n|-enditem|p2a: Enamorus|Eject Pack\n|\n|t:|1701043772\n|switch|p2a: Armarouge|Armarouge, L50, F|100\/100\n|\n|-damage|p1a: Dudunsparce|19\/100 brn|[from] brn\n|upkeep\n|turn|3\n|\n|t:|1701043780\n|move|p1b: Sableye|Shadow Sneak|p2a: Armarouge\n|-supereffective|p2a: Armarouge\n|-damage|p2a: Armarouge|79\/100\n|move|p1a: Dudunsparce|Rock Slide|p2a: Armarouge|[spread] p2a,p2b\n|-supereffective|p2a: Armarouge\n|-damage|p2a: Armarouge|62\/100\n|-damage|p2b: Sableye|66\/100\n|move|p2b: Sableye|Skill Swap|p2a: Armarouge\n|-activate|p2b: Sableye|move: Skill Swap|||[of] p2a: Armarouge\n|cant|p2a: Armarouge|flinch\n|\n|-damage|p1a: Dudunsparce|13\/100 brn|[from] brn\n|upkeep\n|turn|4\n|inactive|Wiilyam has 30 seconds left.\n|inactive|Wiilyam has 20 seconds left.\n|inactive|Wiilyam has 15 seconds left.\n|inactive|Wiilyam has 10 seconds left.\n|inactive|Wiilyam has 5 seconds left.\n|\n|t:|1701043835\n|switch|p2b: Indeedee|Indeedee-F, L50, F|100\/100\n|-fieldstart|move: Psychic Terrain|[from] ability: Psychic Surge|[of] p2b: Indeedee\n|move|p1b: Sableye|Gravity|p1b: Sableye\n|-fieldstart|move: Gravity\n|move|p1a: Dudunsparce|Rock Slide|p2b: Indeedee|[spread] p2a,p2b\n|-supereffective|p2a: Armarouge\n|-damage|p2a: Armarouge|46\/100\n|-damage|p2b: Indeedee|87\/100\n|move|p2a: Armarouge|Trick Room|p2a: Armarouge\n|-fieldstart|move: Trick Room|[of] p2a: Armarouge\n|\n|-damage|p1a: Dudunsparce|7\/100 brn|[from] brn\n|upkeep\n|turn|5\n|inactive|Wiilyam has 30 seconds left.\n|inactive|Wiilyam has 20 seconds left.\n|inactive|Wiilyam has 15 seconds left.\n|inactive|Wiilyam has 10 seconds left.\n|inactive|Wiilyam has 5 seconds left.\n|\n|t:|1701043890\n|-terastallize|p2a: Armarouge|Fire\n|move|p1b: Sableye|Gravity||[still]\n|-fail|p1b: Sableye\n|move|p2a: Armarouge|Overheat|p1b: Sableye\n|-enditem|p1b: Sableye|Focus Sash\n|-damage|p1b: Sableye|1\/100\n|-boost|p2a: Armarouge|spa|2\n|move|p2b: Indeedee|Heal Pulse|p2a: Armarouge\n|-heal|p2a: Armarouge|96\/100\n|move|p1a: Dudunsparce|Rock Slide|p2a: Armarouge|[spread] p2a,p2b\n|-supereffective|p2a: Armarouge\n|-damage|p2a: Armarouge|80\/100\n|-damage|p2b: Indeedee|73\/100\n|\n|-damage|p1a: Dudunsparce|1\/100 brn|[from] brn\n|upkeep\n|turn|6\n|inactive|Wiilyam has 30 seconds left.\n|inactive|Wiilyam has 20 seconds left.\n|inactive|Wiilyam has 15 seconds left.\n|inactive|Wiilyam has 10 seconds left.\n|inactive|Wiilyam has 5 seconds left.\n|\n|t:|1701043945\n|move|p1b: Sableye|Gravity||[still]\n|-fail|p1b: Sableye\n|move|p2a: Armarouge|Armor Cannon|p1b: Sableye\n|-damage|p1b: Sableye|0 fnt\n|-boost|p2a: Armarouge|def|1\n|-boost|p2a: Armarouge|spd|1\n|faint|p1b: Sableye\n|move|p2b: Indeedee|Heal Pulse|p2a: Armarouge\n|-heal|p2a: Armarouge|100\/100\n|move|p1a: Dudunsparce|Rock Slide|p2a: Armarouge|[spread] p2a,p2b\n|-supereffective|p2a: Armarouge\n|-crit|p2a: Armarouge\n|-damage|p2a: Armarouge|76\/100\n|-damage|p2b: Indeedee|59\/100\n|\n|-damage|p1a: Dudunsparce|0 fnt|[from] brn\n|faint|p1a: Dudunsparce\n|upkeep\n|inactive|Wiilyam has 30 seconds left.\n|\n|t:|1701043979\n|switch|p1b: Chien-Pao|Chien-Pao, L50|100\/100\n|switch|p1a: Arcanine|Arcanine-Hisui, L50, M|100\/100\n|-ability|p1a: Arcanine|Intimidate|boost\n|-boost|p2a: Armarouge|atk|1\n|-unboost|p2b: Indeedee|atk|1\n|-ability|p1b: Chien-Pao|Sword of Ruin\n|turn|7\n|inactive|Wiilyam has 30 seconds left.\n|inactive|Wiilyam has 20 seconds left.\n|\n|t:|1701044014\n|-terastallize|p1a: Arcanine|Normal\n|move|p1a: Arcanine|Extreme Speed|p2a: Armarouge\n|-activate|p2a: Armarouge|move: Psychic Terrain\n|move|p2b: Indeedee|Follow Me|p2b: Indeedee\n|-singleturn|p2b: Indeedee|move: Follow Me\n|move|p2a: Armarouge|Armor Cannon|p1b: Chien-Pao\n|-supereffective|p1b: Chien-Pao\n|-damage|p1b: Chien-Pao|0 fnt\n|-boost|p2a: Armarouge|def|1\n|-boost|p2a: Armarouge|spd|1\n|faint|p1b: Chien-Pao\n|\n|upkeep\n|turn|8\n|inactive|Wiilyam has 30 seconds left.\n|\n|t:|1701044044\n|move|p2b: Indeedee|Helping Hand|p2a: Armarouge\n|-singleturn|p2a: Armarouge|Helping Hand|[of] p2b: Indeedee\n|move|p2a: Armarouge|Overheat|p1a: Arcanine\n|-damage|p1a: Arcanine|0 fnt\n|-boost|p2a: Armarouge|spa|2\n|faint|p1a: Arcanine\n|\n|win|JachiMalz\n|raw|Wiilyam's rating: 1000 &rarr; <strong>1000<\/strong><br \/>(+0 for losing)\n|raw|JachiMalz's rating: 1001 &rarr; <strong>1041<\/strong><br \/>(+40 for winning)\n","uploadtime":1701044051,"views":9,"p1id":"wiilyam","p2id":"jachimalz","formatid":"gen9vgc2023regulatione","rating":1000,"private":0,"password":""}