{"id":"gen9vgc2023regulatione-1993920248","p1":"Orionseas","p2":"Silverskar","format":"[Gen 9] VGC 2023 Regulation E","log":"|j|\u2606Orionseas\n|j|\u2606Silverskar\n|t:|1700375602\n|gametype|doubles\n|player|p1|Orionseas|101|1231\n|player|p2|Silverskar|169|1184\n|teamsize|p1|6\n|teamsize|p2|6\n|gen|9\n|tier|[Gen 9] VGC 2023 Regulation E\n|rated|\n|rule|Species Clause: Limit one of each Pok\u00e9mon\n|rule|Item Clause: Limit one of each item\n|clearpoke\n|poke|p1|Snorlax, L50, M|\n|poke|p1|Sinistcha-Masterpiece, L50|\n|poke|p1|Kingambit, L50, M|\n|poke|p1|Chandelure, L50, M|\n|poke|p1|Gyarados, L50, M|\n|poke|p1|Cresselia, L50, F|\n|poke|p2|Tornadus, L50, M|\n|poke|p2|Urshifu-*, L50, F|\n|poke|p2|Chien-Pao, L50|\n|poke|p2|Charizard, L50, M|\n|poke|p2|Indeedee-F, L50, F|\n|poke|p2|Spectrier, L50|\n|teampreview|4\n|inactive|Battle timer is ON: inactive players will automatically lose when time's up. (requested by Silverskar)\n|inactive|Orionseas has 60 seconds left.\nOrionseas has agreed to open team sheets.\n|\n|t:|1700375660\n|start\n|switch|p1a: Gyarados|Gyarados, L50, M|100\/100\n|switch|p1b: Kingambit|Kingambit, L50, M|100\/100\n|switch|p2a: Tornadus|Tornadus, L50, M, shiny|100\/100\n|switch|p2b: Spectrier|Spectrier, L50|100\/100\n|-ability|p1a: Gyarados|Intimidate|boost\n|-unboost|p2a: Tornadus|atk|1\n|-unboost|p2b: Spectrier|atk|1\n|turn|1\n|inactive|Orionseas has 30 seconds left.\n|inactive|Orionseas has 20 seconds left.\n|\n|t:|1700375699\n|move|p2b: Spectrier|Endure|p2b: Spectrier\n|-singleturn|p2b: Spectrier|move: Endure\n|move|p2a: Tornadus|Tailwind|p2a: Tornadus\n|-sidestart|p2: Silverskar|move: Tailwind\n|move|p1a: Gyarados|Taunt|p2a: Tornadus\n|-start|p2a: Tornadus|move: Taunt\n|-enditem|p2a: Tornadus|Mental Herb\n|-end|p2a: Tornadus|move: Taunt\n|move|p1b: Kingambit|Kowtow Cleave|p2b: Spectrier\n|-supereffective|p2b: Spectrier\n|-activate|p2b: Spectrier|move: Endure\n|-damage|p2b: Spectrier|1\/100\n|-enditem|p2b: Spectrier|Weakness Policy\n|-boost|p2b: Spectrier|atk|2|[from] item: Weakness Policy\n|-boost|p2b: Spectrier|spa|2|[from] item: Weakness Policy\n|\n|upkeep\n|turn|2\n|inactive|Silverskar has 30 seconds left.\n|inactive|Silverskar has 20 seconds left.\n|\n|t:|1700375736\n|switch|p2a: Indeedee|Indeedee-F, L50, F|100\/100\n|-fieldstart|move: Psychic Terrain|[from] ability: Psychic Surge|[of] p2a: Indeedee\n|-terastallize|p2b: Spectrier|Fairy\n|move|p1b: Kingambit|Sucker Punch|p2b: Spectrier\n|-activate|p2b: Spectrier|move: Psychic Terrain\n|move|p2b: Spectrier|Draining Kiss|p1a: Gyarados\n|-damage|p1a: Gyarados|39\/100\n|-heal|p2b: Spectrier|47\/100|[from] drain|[of] p1a: Gyarados\n|move|p1a: Gyarados|Waterfall|p2a: Indeedee\n|-crit|p2a: Indeedee\n|-damage|p2a: Indeedee|24\/100\n|-enditem|p2a: Indeedee|Sitrus Berry|[eat]\n|-heal|p2a: Indeedee|49\/100|[from] item: Sitrus Berry\n|\n|-heal|p1a: Gyarados|45\/100|[from] item: Leftovers\n|upkeep\n|turn|3\n|\n|t:|1700375758\n|move|p1a: Gyarados|Protect|p1a: Gyarados\n|-singleturn|p1a: Gyarados|Protect\n|move|p2a: Indeedee|Follow Me|p2a: Indeedee\n|-singleturn|p2a: Indeedee|move: Follow Me\n|move|p2b: Spectrier|Draining Kiss|p1a: Gyarados\n|-activate|p1a: Gyarados|move: Protect\n|move|p1b: Kingambit|Iron Head|p2a: Indeedee\n|-damage|p2a: Indeedee|0 fnt\n|faint|p2a: Indeedee\n|\n|-heal|p1a: Gyarados|52\/100|[from] item: Leftovers\n|upkeep\n|\n|t:|1700375763\n|switch|p2a: Urshifu|Urshifu-Rapid-Strike, L50, F|100\/100\n|turn|4\n|inactive|Orionseas has 30 seconds left.\n|\n|t:|1700375793\n|switch|p1a: Chandelure|Chandelure, L50, M|100\/100\n|switch|p1b: Sinistcha|Sinistcha-Masterpiece, L50|100\/100\n|move|p2b: Spectrier|Draining Kiss|p1a: Chandelure\n|-resisted|p1a: Chandelure\n|-damage|p1a: Chandelure|52\/100\n|-heal|p2b: Spectrier|76\/100|[from] drain|[of] p1a: Chandelure\n|move|p2a: Urshifu|Surging Strikes|p1b: Sinistcha\n|-resisted|p1b: Sinistcha\n|-crit|p1b: Sinistcha\n|-damage|p1b: Sinistcha|92\/100\n|-damage|p2a: Urshifu|84\/100|[from] item: Rocky Helmet|[of] p1b: Sinistcha\n|-resisted|p1b: Sinistcha\n|-crit|p1b: Sinistcha\n|-damage|p1b: Sinistcha|84\/100\n|-damage|p2a: Urshifu|67\/100|[from] item: Rocky Helmet|[of] p1b: Sinistcha\n|-resisted|p1b: Sinistcha\n|-crit|p1b: Sinistcha\n|-damage|p1b: Sinistcha|75\/100\n|-damage|p2a: Urshifu|51\/100|[from] item: Rocky Helmet|[of] p1b: Sinistcha\n|-hitcount|p1b: Sinistcha|3\n|\n|-sideend|p2: Silverskar|move: Tailwind\n|upkeep\n|turn|5\n|inactive|Orionseas has 30 seconds left.\n|\n|t:|1700375825\n|move|p1b: Sinistcha|Rage Powder|p1b: Sinistcha\n|-singleturn|p1b: Sinistcha|move: Rage Powder\n|move|p1a: Chandelure|Overheat|p2b: Spectrier\n|-damage|p2b: Spectrier|0 fnt\n|-unboost|p1a: Chandelure|spa|2\n|faint|p2b: Spectrier\n|move|p2a: Urshifu|Surging Strikes|p1b: Sinistcha\n|-resisted|p1b: Sinistcha\n|-crit|p1b: Sinistcha\n|-damage|p1b: Sinistcha|65\/100\n|-damage|p2a: Urshifu|34\/100|[from] item: Rocky Helmet|[of] p1b: Sinistcha\n|-resisted|p1b: Sinistcha\n|-crit|p1b: Sinistcha\n|-damage|p1b: Sinistcha|55\/100\n|-damage|p2a: Urshifu|18\/100|[from] item: Rocky Helmet|[of] p1b: Sinistcha\n|-resisted|p1b: Sinistcha\n|-crit|p1b: Sinistcha\n|-damage|p1b: Sinistcha|45\/100\n|-damage|p2a: Urshifu|1\/100|[from] item: Rocky Helmet|[of] p1b: Sinistcha\n|-hitcount|p1b: Sinistcha|3\n|\n|upkeep\n|\n|t:|1700375835\n|switch|p2b: Tornadus|Tornadus, L50, M, shiny|100\/100\n|turn|6\n|\n|t:|1700375854\n|switch|p1a: Gyarados|Gyarados, L50, M|52\/100\n|-ability|p1a: Gyarados|Intimidate|boost\n|-fail|p2a: Urshifu|unboost|[from] item: Clear Amulet|[of] p2a: Urshifu\n|-unboost|p2b: Tornadus|atk|1\n|move|p2b: Tornadus|Rain Dance|p2b: Tornadus\n|-weather|RainDance\n|move|p2a: Urshifu|Taunt|p1b: Sinistcha\n|-start|p1b: Sinistcha|move: Taunt\n|move|p1b: Sinistcha|Matcha Gotcha|p2b: Tornadus|[spread] p2a,p2b\n|-supereffective|p2a: Urshifu\n|-resisted|p2b: Tornadus\n|-damage|p2a: Urshifu|0 fnt\n|-heal|p1b: Sinistcha|45\/100|[from] drain|[of] p2a: Urshifu\n|-damage|p2b: Tornadus|88\/100\n|-heal|p1b: Sinistcha|52\/100|[from] drain|[of] p2b: Tornadus\n|-status|p2b: Tornadus|brn\n|faint|p2a: Urshifu\n|\n|-weather|RainDance|[upkeep]\n|-heal|p1a: Gyarados|58\/100|[from] item: Leftovers\n|-damage|p2b: Tornadus|82\/100 brn|[from] brn\n|-fieldend|move: Psychic Terrain\n|upkeep\n|turn|7\n|-message|Silverskar forfeited.\n|\n|win|Orionseas\n|raw|Orionseas's rating: 1231 &rarr; <strong>1253<\/strong><br \/>(+22 for winning)\n|raw|Silverskar's rating: 1184 &rarr; <strong>1162<\/strong><br \/>(-22 for losing)\n|l|\u2606Silverskar\n","uploadtime":1700375883,"views":13,"p1id":"orionseas","p2id":"silverskar","formatid":"gen9vgc2023regulatione","rating":1162,"private":0,"password":""}