{"id":"gen9vgc2023regulatione-1991628121","p1":"marc0021","p2":"gvn","format":"[Gen 9] VGC 2023 Regulation E","log":"|j|\u2606marc0021\n|j|\u2606gvn\n|t:|1700095939\n|gametype|doubles\n|player|p1|marc0021|266|1066\n|player|p2|gvn|101|1000\n|teamsize|p1|6\n|teamsize|p2|6\n|gen|9\n|tier|[Gen 9] VGC 2023 Regulation E\n|rated|\n|rule|Species Clause: Limit one of each Pok\u00e9mon\n|rule|Item Clause: Limit one of each item\n|clearpoke\n|poke|p1|Flutter Mane, L50|\n|poke|p1|Dragonite, L50, F|\n|poke|p1|Landorus-Therian, L50, M|\n|poke|p1|Iron Hands, L50|\n|poke|p1|Arcanine, L50, F|\n|poke|p1|Articuno, L50|\n|poke|p2|Heatran, L50, M|\n|poke|p2|Cresselia, L50, F|\n|poke|p2|Urshifu-*, L50, M|\n|poke|p2|Gliscor, L50, M|\n|poke|p2|Rillaboom, L50, M|\n|poke|p2|Amoonguss, L50, M|\n|teampreview|4\n|inactive|Battle timer is ON: inactive players will automatically lose when time's up. (requested by marc0021)\n|\n|t:|1700095964\n|start\n|switch|p1a: Iron Hands|Iron Hands, L50|100\/100\n|switch|p1b: Flutter Mane|Flutter Mane, L50|100\/100\n|switch|p2a: Cresselia|Cresselia, L50, F, shiny|100\/100\n|switch|p2b: Rillaboom|Rillaboom, L50, M|100\/100\n|-fieldstart|move: Grassy Terrain|[from] ability: Grassy Surge|[of] p2b: Rillaboom\n|turn|1\n|\n|t:|1700095984\n|-terastallize|p2a: Cresselia|Fairy\n|move|p2b: Rillaboom|Fake Out|p1a: Iron Hands\n|-damage|p1a: Iron Hands|93\/100\n|move|p1b: Flutter Mane|Shadow Ball|p2a: Cresselia\n|-damage|p2a: Cresselia|78\/100\n|cant|p1a: Iron Hands|flinch\n|move|p2a: Cresselia|Trick Room|p2a: Cresselia\n|-fieldstart|move: Trick Room|[of] p2a: Cresselia\n|\n|-heal|p1a: Iron Hands|99\/100|[from] Grassy Terrain\n|upkeep\n|turn|2\n|inactive|gvn has 30 seconds left.\n|inactive|gvn has 20 seconds left.\n|\n|t:|1700096019\n|move|p1a: Iron Hands|Belly Drum|p1a: Iron Hands\n|-damage|p1a: Iron Hands|49\/100\n|-setboost|p1a: Iron Hands|atk|6|[from] move: Belly Drum\n|move|p2b: Rillaboom|U-turn|p1b: Flutter Mane\n|-resisted|p1b: Flutter Mane\n|-damage|p1b: Flutter Mane|88\/100\n|\n|t:|1700096027\n|switch|p2b: Heatran|Heatran, L50, M|100\/100|[from] U-turn\n|move|p2a: Cresselia|Moonblast|p1a: Iron Hands\n|-supereffective|p1a: Iron Hands\n|-damage|p1a: Iron Hands|1\/100\n|-enditem|p1a: Iron Hands|Aguav Berry|[eat]\n|-heal|p1a: Iron Hands|34\/100|[from] item: Aguav Berry\n|move|p1b: Flutter Mane|Shadow Ball|p2a: Cresselia\n|-damage|p2a: Cresselia|54\/100\n|-unboost|p2a: Cresselia|spd|1\n|\n|-heal|p1a: Iron Hands|40\/100|[from] Grassy Terrain\n|-heal|p1b: Flutter Mane|94\/100|[from] Grassy Terrain\n|upkeep\n|turn|3\n|\n|t:|1700096051\n|move|p2b: Heatran|Protect|p2b: Heatran\n|-singleturn|p2b: Heatran|Protect\n|move|p1a: Iron Hands|Drain Punch|p2b: Heatran\n|-activate|p2b: Heatran|move: Protect\n|move|p2a: Cresselia|Moonblast|p1a: Iron Hands\n|-supereffective|p1a: Iron Hands\n|-damage|p1a: Iron Hands|0 fnt\n|faint|p1a: Iron Hands\n|-end|p1a: Iron Hands|Quark Drive|[silent]\n|move|p1b: Flutter Mane|Shadow Ball|p2a: Cresselia\n|-damage|p2a: Cresselia|16\/100\n|\n|-heal|p1b: Flutter Mane|100\/100|[from] Grassy Terrain\n|upkeep\n|\n|t:|1700096061\n|switch|p1a: Landorus|Landorus-Therian, L50, M|100\/100\n|-ability|p1a: Landorus|Intimidate|boost\n|-unboost|p2a: Cresselia|atk|1\n|-unboost|p2b: Heatran|atk|1\n|turn|4\n|\n|t:|1700096081\n|move|p2b: Heatran|Heat Wave|p1b: Flutter Mane|[spread] p1a\n|-miss|p2b: Heatran|p1b: Flutter Mane\n|-damage|p1a: Landorus|38\/100\n|-damage|p2b: Heatran|91\/100|[from] item: Life Orb\n|move|p2a: Cresselia|Skill Swap|p2b: Heatran\n|-activate|p2a: Cresselia|move: Skill Swap|||[of] p2b: Heatran\n|move|p1a: Landorus|Earthquake|p2b: Heatran|[spread] p1b,p2a\n|-immune|p2b: Heatran|[from] ability: Levitate\n|-damage|p1b: Flutter Mane|59\/100\n|-damage|p2a: Cresselia|4\/100\n|move|p1b: Flutter Mane|Shadow Ball|p2a: Cresselia\n|-damage|p2a: Cresselia|0 fnt\n|faint|p2a: Cresselia\n|\n|-heal|p1b: Flutter Mane|65\/100|[from] Grassy Terrain\n|upkeep\n|\n|t:|1700096101\n|switch|p2a: Rillaboom|Rillaboom, L50, M|100\/100\n|turn|5\n|\n|t:|1700096113\n|move|p2a: Rillaboom|Fake Out|p1a: Landorus\n|-damage|p1a: Landorus|24\/100\n|-damage|p2a: Rillaboom|84\/100|[from] item: Rocky Helmet|[of] p1a: Landorus\n|move|p2b: Heatran|Flash Cannon|p1b: Flutter Mane\n|-supereffective|p1b: Flutter Mane\n|-damage|p1b: Flutter Mane|0 fnt\n|faint|p1b: Flutter Mane\n|-end|p1b: Flutter Mane|Protosynthesis|[silent]\n|-damage|p2b: Heatran|81\/100|[from] item: Life Orb\n|cant|p1a: Landorus|flinch\n|\n|-heal|p2a: Rillaboom|90\/100|[from] Grassy Terrain\n|-fieldend|move: Trick Room\n|-fieldend|move: Grassy Terrain\n|upkeep\n|\n|t:|1700096126\n|switch|p1b: Dragonite|Dragonite, L50, F|100\/100\n|turn|6\n|\n|t:|1700096148\n|move|p1b: Dragonite|Extreme Speed|p2b: Heatran\n|-resisted|p2b: Heatran\n|-damage|p2b: Heatran|68\/100\n|move|p1a: Landorus|U-turn|p2a: Rillaboom\n|-supereffective|p2a: Rillaboom\n|-damage|p2a: Rillaboom|46\/100\n|-enditem|p2a: Rillaboom|Sitrus Berry|[eat]\n|-heal|p2a: Rillaboom|71\/100|[from] item: Sitrus Berry\n|move|p2a: Rillaboom|Taunt|p1b: Dragonite\n|-start|p1b: Dragonite|move: Taunt\n|move|p2b: Heatran|Heat Wave|p1a: Landorus|[spread] p1a,p1b\n|-resisted|p1b: Dragonite\n|-damage|p1a: Landorus|0 fnt\n|-damage|p1b: Dragonite|88\/100\n|faint|p1a: Landorus\n|-damage|p2b: Heatran|58\/100|[from] item: Life Orb\n|\n|upkeep\n|turn|7\n|-message|marc0021 forfeited.\n|\n|win|gvn\n|raw|marc0021's rating: 1066 &rarr; <strong>1042<\/strong><br \/>(-24 for losing)\n|raw|gvn's rating: 1000 &rarr; <strong>1048<\/strong><br \/>(+48 for winning)\n|l|\u2606marc0021\n","uploadtime":1700096290,"views":9,"p1id":"marc0021","p2id":"gvn","formatid":"gen9vgc2023regulatione","rating":1042,"private":0,"password":""}