{"id":"gen9vgc2023regulatione-1988600416","p1":"Stryke Out","p2":"Berrybeans","format":"[Gen 9] VGC 2023 Regulation E","log":"|j|\u2606Stryke Out\n|j|\u2606Berrybeans\n|n|\u2606Stryke Out|strykeout\n|n|\u2606Berrybeans|berrybeans\n|html|View the match progress at <a href=\"\/game-bestof3-gen9vgc2023regulatione-1988600415\">game-bestof3-gen9vgc2023regulatione-1988600415<\/a>\n|t:|1699740584\n|gametype|doubles\n|player|p1|Stryke Out|2|\n|player|p2|Berrybeans|candice|\n|teamsize|p1|6\n|teamsize|p2|6\n|gen|9\n|tier|[Gen 9] VGC 2023 Regulation E\n|rule|Species Clause: Limit one of each Pok\u00e9mon\n|rule|Item Clause: Limit one of each item\n|clearpoke\n|poke|p1|Salazzle, L50, F|\n|poke|p1|Copperajah, L50, M|\n|poke|p1|Clefable, L50, F|\n|poke|p1|Kilowattrel, L50, F|\n|poke|p1|Ting-Lu, L50|\n|poke|p1|Baxcalibur, L50, F|\n|poke|p2|Kommo-o, L50, M|\n|poke|p2|Tinkaton, L50, F|\n|poke|p2|Sinistcha, L50|\n|poke|p2|Moltres, L50|\n|poke|p2|Tauros-Paldea-Aqua, L50, M|\n|poke|p2|Magnezone, L50|\n|teampreview|4\n|inactive|Battle timer is ON: inactive players will automatically lose when time's up. (requested by Berrybeans)\n|inactiveoff|Battle timer is now OFF.\nBerrybeans rejected open team sheets.\n|c|\u2606Stryke Out|gl hf man\n|j| FuratBang\n|c|\u2606Berrybeans|ghlf\n|c|\u2606Berrybeans|im so nervous lol\n|\n|t:|1699740690\n|start\n|switch|p1a: Salazzle|Salazzle, L50, F, shiny|100\/100\n|switch|p1b: Kilowattrel|Kilowattrel, L50, F|100\/100\n|switch|p2a: Kommo-o|Kommo-o, L50, M, shiny|100\/100\n|switch|p2b: Magnezone|Magnezone, L50|100\/100\n|turn|1\n|\n|t:|1699740732\n|-terastallize|p2b: Magnezone|Rock\n|move|p2a: Kommo-o|Protect|p2a: Kommo-o\n|-singleturn|p2a: Kommo-o|Protect\n|move|p1a: Salazzle|Fake Out|p2a: Kommo-o\n|-activate|p2a: Kommo-o|move: Protect\n|move|p1b: Kilowattrel|Hurricane|p2a: Kommo-o\n|-activate|p2a: Kommo-o|move: Protect\n|move|p2b: Magnezone|Tera Blast|p1b: Kilowattrel|[anim] Tera Blast Rock\n|-supereffective|p1b: Kilowattrel\n|-crit|p1b: Kilowattrel\n|-enditem|p1b: Kilowattrel|Focus Sash\n|-damage|p1b: Kilowattrel|1\/100\n|\n|upkeep\n|turn|2\n|\n|t:|1699740767\n|switch|p2a: Sinistcha|Sinistcha, L50|100\/100\n|move|p1b: Kilowattrel|Protect|p1b: Kilowattrel\n|-singleturn|p1b: Kilowattrel|Protect\n|move|p1a: Salazzle|Taunt|p2a: Sinistcha\n|-start|p2a: Sinistcha|move: Taunt\n|-enditem|p2a: Sinistcha|Mental Herb\n|-end|p2a: Sinistcha|move: Taunt\n|move|p2b: Magnezone|Flash Cannon|p1b: Kilowattrel\n|-activate|p1b: Kilowattrel|move: Protect\n|\n|upkeep\n|turn|3\n|\n|t:|1699740821\n|move|p1b: Kilowattrel|Tailwind|p1b: Kilowattrel\n|-sidestart|p1: Stryke Out|move: Tailwind\n|move|p1a: Salazzle|Flamethrower|p2a: Sinistcha\n|-supereffective|p2a: Sinistcha\n|-damage|p2a: Sinistcha|11\/100\n|move|p2a: Sinistcha|Matcha Gotcha|p1a: Salazzle|[spread] p1a,p1b\n|-resisted|p1a: Salazzle\n|-resisted|p1b: Kilowattrel\n|-damage|p1a: Salazzle|90\/100\n|-heal|p2a: Sinistcha|16\/100|[from] drain|[of] p1a: Salazzle\n|-damage|p1b: Kilowattrel|0 fnt\n|-heal|p2a: Sinistcha|16\/100|[from] drain|[of] p1b: Kilowattrel\n|faint|p1b: Kilowattrel\n|move|p2b: Magnezone|Volt Switch|p1a: Salazzle\n|-damage|p1a: Salazzle|1\/100\n|c| FuratBang|\u00f4h lol\n|\n|t:|1699740841\n|switch|p2b: Tauros|Tauros-Paldea-Aqua, L50, M|100\/100|[from] Volt Switch\n|-ability|p2b: Tauros|Intimidate|boost\n|-fail|p1a: Salazzle|unboost|Attack|[from] ability: Oblivious|[of] p1a: Salazzle\n|\n|upkeep\n|\n|t:|1699740850\n|switch|p1b: Copperajah|Copperajah, L50, M, shiny|100\/100\n|turn|4\n|\n|t:|1699740875\n|-terastallize|p1b: Copperajah|Fairy\n|move|p2b: Tauros|Aqua Jet|p1a: Salazzle\n|-supereffective|p1a: Salazzle\n|-damage|p1a: Salazzle|0 fnt\n|faint|p1a: Salazzle\n|move|p1b: Copperajah|Play Rough|p2b: Tauros\n|-supereffective|p2b: Tauros\n|-damage|p2b: Tauros|0 fnt\n|faint|p2b: Tauros\n|move|p2a: Sinistcha|Strength Sap|p1b: Copperajah\n|-unboost|p1b: Copperajah|atk|1\n|-heal|p2a: Sinistcha|100\/100\n|\n|upkeep\n|c| FuratBang|big elephant\n|\n|t:|1699740891\n|switch|p1a: Clefable|Clefable, L50, F, shiny|100\/100\n|switch|p2b: Kommo-o|Kommo-o, L50, M, shiny|100\/100\n|turn|5\n|\n|t:|1699740915\n|switch|p2b: Magnezone|Magnezone, L50, tera:Rock|100\/100\n|move|p1a: Clefable|Moonblast|p2a: Sinistcha\n|-damage|p2a: Sinistcha|75\/100\n|move|p1b: Copperajah|Heat Crash|p2a: Sinistcha\n|-supereffective|p2a: Sinistcha\n|-damage|p2a: Sinistcha|2\/100\n|-damage|p1b: Copperajah|91\/100|[from] item: Life Orb\n|move|p2a: Sinistcha|Matcha Gotcha|p1b: Copperajah|[spread] p1a\n|-miss|p2a: Sinistcha|p1b: Copperajah\n|-damage|p1a: Clefable|75\/100\n|-heal|p2a: Sinistcha|16\/100|[from] drain|[of] p1a: Clefable\n|\n|-heal|p1a: Clefable|81\/100|[from] item: Leftovers\n|upkeep\n|turn|6\n|\n|t:|1699740949\n|move|p2a: Sinistcha|Rage Powder|p2a: Sinistcha\n|-singleturn|p2a: Sinistcha|move: Rage Powder\n|move|p1a: Clefable|Moonblast|p2a: Sinistcha\n|-damage|p2a: Sinistcha|0 fnt\n|faint|p2a: Sinistcha\n|move|p1b: Copperajah|Play Rough|p2b: Magnezone\n|-damage|p2b: Magnezone|50\/100\n|move|p2b: Magnezone|Flash Cannon|p1a: Clefable\n|-supereffective|p1a: Clefable\n|-damage|p1a: Clefable|0 fnt\n|faint|p1a: Clefable\n|\n|-sideend|p1: Stryke Out|move: Tailwind\n|upkeep\n|\n|t:|1699740964\n|switch|p2a: Kommo-o|Kommo-o, L50, M, shiny|100\/100\n|turn|7\n|\n|t:|1699740974\n|move|p2a: Kommo-o|Clangorous Soul|p2a: Kommo-o\n|-boost|p2a: Kommo-o|atk|1\n|-boost|p2a: Kommo-o|def|1\n|-boost|p2a: Kommo-o|spa|1\n|-boost|p2a: Kommo-o|spd|1\n|-boost|p2a: Kommo-o|spe|1\n|-damage|p2a: Kommo-o|68\/100\n|move|p2b: Magnezone|Flash Cannon|p1b: Copperajah\n|-supereffective|p1b: Copperajah\n|-crit|p1b: Copperajah\n|-damage|p1b: Copperajah|0 fnt\n|faint|p1b: Copperajah\n|\n|win|Berrybeans\n|c|&|\/uhtml prompt-strykeout,Stryke Out is ready for game 2!\n|inactive|Berrybeans has 50 seconds to confirm battle start!\n|c|\u2606Berrybeans|gg\n|c|&|\/uhtml prompt-berrybeans,Berrybeans is ready for game 2!\nBoth players are ready! Starting next match!\n|j| Jstardude\n|l| FuratBang\n","uploadtime":1699741710,"views":47,"p1id":"strykeout","p2id":"berrybeans","formatid":"gen9vgc2023regulatione","rating":0,"private":0,"password":""}