{"id":"gen9vgc2023regulatione-1996832296","p1":"Silralisk","p2":"FilippoViola0312","format":"[Gen 9] VGC 2023 Regulation E","log":"|j|\u2606Silralisk\n|j|\u2606FilippoViola0312\n|t:|1700732478\n|gametype|doubles\n|player|p1|Silralisk|dawn|1530\n|player|p2|FilippoViola0312|ethan|1555\n|teamsize|p1|6\n|teamsize|p2|6\n|gen|9\n|tier|[Gen 9] VGC 2023 Regulation E\n|rated|\n|rule|Species Clause: Limit one of each Pok\u00e9mon\n|rule|Item Clause: Limit one of each item\n|clearpoke\n|poke|p1|Landorus, L50, M|\n|poke|p1|Tornadus, L50, M|\n|poke|p1|Urshifu-*, L50, M|\n|poke|p1|Chien-Pao, L50|\n|poke|p1|Amoonguss, L50, M|\n|poke|p1|Gholdengo, L50|\n|poke|p2|Typhlosion-Hisui, L50, M|\n|poke|p2|Farigiraf, L50, M|\n|poke|p2|Tornadus, L50, M|\n|poke|p2|Iron Hands, L50|\n|poke|p2|Iron Bundle, L50|\n|poke|p2|Ogerpon-Wellspring, L50, F|\n|teampreview|4\n|inactive|Battle timer is ON: inactive players will automatically lose when time's up. (requested by Silralisk)\n|inactive|Silralisk has 60 seconds left.\n|j| Therazer456\n|inactive|Silralisk has 30 seconds left.\n|inactive|Silralisk has 20 seconds left.\n|\n|t:|1700732551\n|start\n|switch|p1a: Tornadus|Tornadus, L50, M|100\/100\n|switch|p1b: Landorus|Landorus, L50, M|100\/100\n|switch|p2a: Tornadus|Tornadus, L50, M|100\/100\n|switch|p2b: Iron Bundle|Iron Bundle, L50|100\/100\n|turn|1\n|inactive|FilippoViola0312 has 30 seconds left.\n|\n|t:|1700732576\n|move|p2b: Iron Bundle|Protect|p2b: Iron Bundle\n|-singleturn|p2b: Iron Bundle|Protect\n|move|p1b: Landorus|Protect|p1b: Landorus\n|-singleturn|p1b: Landorus|Protect\n|move|p1a: Tornadus|Taunt|p2a: Tornadus\n|-start|p2a: Tornadus|move: Taunt\n|cant|p2a: Tornadus|move: Taunt|Tailwind\n|\n|upkeep\n|turn|2\n|\n|t:|1700732601\n|switch|p2a: Farigiraf|Farigiraf, L50, M|100\/100\n|-terastallize|p1b: Landorus|Water\n|move|p1a: Tornadus|Tailwind|p1a: Tornadus\n|-sidestart|p1: Silralisk|move: Tailwind\n|move|p1b: Landorus|Sandsear Storm|p2a: Farigiraf|[spread] p2a,p2b\n|-damage|p2a: Farigiraf|37\/100\n|-enditem|p2b: Iron Bundle|Focus Sash\n|-damage|p2b: Iron Bundle|1\/100\n|-enditem|p2a: Farigiraf|Sitrus Berry|[eat]\n|-heal|p2a: Farigiraf|62\/100|[from] item: Sitrus Berry\n|move|p2b: Iron Bundle|Icy Wind|p1b: Landorus|[spread] p1a,p1b\n|-supereffective|p1a: Tornadus\n|-crit|p1a: Tornadus\n|-resisted|p1b: Landorus\n|-damage|p1a: Tornadus|22\/100\n|-damage|p1b: Landorus|87\/100\n|-unboost|p1b: Landorus|spe|1\n|\n|upkeep\n|turn|3\n|inactive|FilippoViola0312 has 30 seconds left.\n|\n|t:|1700732632\n|move|p2b: Iron Bundle|Protect|p2b: Iron Bundle\n|-singleturn|p2b: Iron Bundle|Protect\n|move|p2a: Farigiraf|Protect|p2a: Farigiraf\n|-singleturn|p2a: Farigiraf|Protect\n|move|p1a: Tornadus|Bleakwind Storm|p2a: Farigiraf|[spread] \n|-activate|p2a: Farigiraf|move: Protect\n|-activate|p2b: Iron Bundle|move: Protect\n|move|p1b: Landorus|Sandsear Storm|p2a: Farigiraf|[spread] \n|-activate|p2a: Farigiraf|move: Protect\n|-activate|p2b: Iron Bundle|move: Protect\n|\n|upkeep\n|turn|4\n|inactive|FilippoViola0312 has 30 seconds left.\n|\n|t:|1700732660\n|switch|p2a: Tornadus|Tornadus, L50, M|100\/100\n|move|p1a: Tornadus|Rain Dance|p1a: Tornadus\n|-weather|RainDance\n|move|p2b: Iron Bundle|Freeze-Dry|p1b: Landorus\n|-supereffective|p1b: Landorus\n|-damage|p1b: Landorus|0 fnt\n|faint|p1b: Landorus\n|\n|-weather|RainDance|[upkeep]\n|upkeep\n|\n|t:|1700732673\n|switch|p1b: Chien-Pao|Chien-Pao, L50|100\/100\n|-ability|p1b: Chien-Pao|Sword of Ruin\n|turn|5\n|\n|t:|1700732681\n|switch|p2a: Farigiraf|Farigiraf, L50, M|62\/100\n|move|p2b: Iron Bundle|Protect|p2b: Iron Bundle\n|-singleturn|p2b: Iron Bundle|Protect\n|move|p1b: Chien-Pao|Ice Spinner|p2a: Farigiraf\n|-damage|p2a: Farigiraf|21\/100\n|move|p1a: Tornadus|Bleakwind Storm|p2a: Farigiraf|[spread] p2a\n|-activate|p2b: Iron Bundle|move: Protect\n|-damage|p2a: Farigiraf|0 fnt\n|faint|p2a: Farigiraf\n|\n|-weather|RainDance|[upkeep]\n|-sideend|p1: Silralisk|move: Tailwind\n|upkeep\n|\n|t:|1700732698\n|switch|p2a: Tornadus|Tornadus, L50, M|100\/100\n|turn|6\n|inactive|Silralisk has 30 seconds left.\n|\n|t:|1700732728\n|move|p1a: Tornadus|Taunt|p2a: Tornadus\n|-start|p2a: Tornadus|move: Taunt\n|move|p2b: Iron Bundle|Hydro Pump|p1b: Chien-Pao|[miss]\n|-miss|p2b: Iron Bundle|p1b: Chien-Pao\n|move|p1b: Chien-Pao|Ice Spinner|p2a: Tornadus\n|-supereffective|p2a: Tornadus\n|-damage|p2a: Tornadus|0 fnt\n|faint|p2a: Tornadus\n|\n|-weather|RainDance|[upkeep]\n|upkeep\n|\n|t:|1700732741\n|switch|p2a: Typhlosion|Typhlosion-Hisui, L50, M|100\/100\n|-item|p1a: Tornadus|Covert Cloak|[from] ability: Frisk|[of] p2a: Typhlosion|[identify]\n|-item|p1b: Chien-Pao|Focus Sash|[from] ability: Frisk|[of] p2a: Typhlosion|[identify]\n|turn|7\n|inactive|FilippoViola0312 has 30 seconds left.\n|\n|t:|1700732768\n|-terastallize|p2a: Typhlosion|Fire\n|move|p1b: Chien-Pao|Sucker Punch|p2b: Iron Bundle\n|-damage|p2b: Iron Bundle|0 fnt\n|faint|p2b: Iron Bundle\n|-end|p2b: Iron Bundle|Quark Drive|[silent]\n|move|p1a: Tornadus|Bleakwind Storm|p2a: Typhlosion\n|-damage|p2a: Typhlosion|34\/100\n|-unboost|p2a: Typhlosion|spe|1\n|move|p2a: Typhlosion|Heat Wave|p1b: Chien-Pao|[spread] p1a,p1b\n|-supereffective|p1b: Chien-Pao\n|-damage|p1a: Tornadus|0 fnt\n|-damage|p1b: Chien-Pao|11\/100\n|faint|p1a: Tornadus\n|\n|-weather|RainDance|[upkeep]\n|upkeep\n|\n|t:|1700732785\n|switch|p1a: Amoonguss|Amoonguss, L50, M|100\/100\n|turn|8\n|\n|t:|1700732796\n|move|p2a: Typhlosion|Protect|p2a: Typhlosion\n|-singleturn|p2a: Typhlosion|Protect\n|move|p1b: Chien-Pao|Sucker Punch||[still]\n|-fail|p1b: Chien-Pao\n|move|p1a: Amoonguss|Spore|p2a: Typhlosion\n|-activate|p2a: Typhlosion|move: Protect\n|\n|-weather|none\n|upkeep\n|turn|9\n|\n|t:|1700732808\n|move|p1b: Chien-Pao|Sucker Punch|p2a: Typhlosion\n|-damage|p2a: Typhlosion|0 fnt\n|faint|p2a: Typhlosion\n|\n|win|Silralisk\n|raw|Silralisk's rating: 1530 &rarr; <strong>1551<\/strong><br \/>(+21 for winning)\n|raw|FilippoViola0312's rating: 1555 &rarr; <strong>1534<\/strong><br \/>(-21 for losing)\n|l|\u2606FilippoViola0312\n|l|\u2606Silralisk\n","uploadtime":1700732863,"views":3,"p1id":"silralisk","p2id":"filippoviola0312","formatid":"gen9vgc2023regulatione","rating":1534,"private":0,"password":""}