{"id":"gen9vgc2023regulatione-1993907328","p1":"Dannyzzin","p2":"Krjzhzk","format":"[Gen 9] VGC 2023 Regulation E","log":"|j|\u2606Dannyzzin\n|j|\u2606Krjzhzk\n|t:|1700373418\n|gametype|doubles\n|player|p1|Dannyzzin|265|1242\n|player|p2|Krjzhzk|lance|1231\n|teamsize|p1|6\n|teamsize|p2|6\n|gen|9\n|tier|[Gen 9] VGC 2023 Regulation E\n|rated|\n|rule|Species Clause: Limit one of each Pok\u00e9mon\n|rule|Item Clause: Limit one of each item\n|clearpoke\n|poke|p1|Torkoal, L50, M|\n|poke|p1|Flutter Mane, L50|\n|poke|p1|Indeedee-F, L50, F|\n|poke|p1|Chi-Yu, L50|\n|poke|p1|Urshifu-*, L50, M|\n|poke|p1|Dragapult, L50, M|\n|poke|p2|Flutter Mane, L50|\n|poke|p2|Tornadus, L50, M|\n|poke|p2|Rillaboom, L50, F|\n|poke|p2|Garganacl, L50, F|\n|poke|p2|Arcanine-Hisui, L50, F|\n|poke|p2|Chien-Pao, L50|\n|teampreview|4\n|inactive|Battle timer is ON: inactive players will automatically lose when time's up. (requested by Dannyzzin)\n|inactive|Dannyzzin has 60 seconds left.\n|\n|t:|1700373470\n|start\n|switch|p1a: Flutter Mane|Flutter Mane, L50, shiny|100\/100\n|switch|p1b: Torkoal|Torkoal, L50, M, shiny|100\/100\n|switch|p2a: Tornadus|Tornadus, L50, M|100\/100\n|switch|p2b: Garganacl|Garganacl, L50, F|100\/100\n|-weather|SunnyDay|[from] ability: Drought|[of] p1b: Torkoal\n|-activate|p1a: Flutter Mane|ability: Protosynthesis\n|-start|p1a: Flutter Mane|protosynthesisspa\n|turn|1\n|inactive|Dannyzzin has 30 seconds left.\n|inactive|Dannyzzin has 20 seconds left.\n|\n|t:|1700373507\n|-terastallize|p1a: Flutter Mane|Fairy\n|-terastallize|p2b: Garganacl|Ghost\n|move|p1b: Torkoal|Helping Hand|p1a: Flutter Mane\n|-singleturn|p1a: Flutter Mane|Helping Hand|[of] p1b: Torkoal\n|move|p1a: Flutter Mane|Dazzling Gleam|p2a: Tornadus|[spread] p2a,p2b\n|-damage|p2a: Tornadus|22\/100\n|-damage|p2b: Garganacl|39\/100\n|-enditem|p2b: Garganacl|Sitrus Berry|[eat]\n|-heal|p2b: Garganacl|63\/100|[from] item: Sitrus Berry\n|move|p2a: Tornadus|Bleakwind Storm|p1a: Flutter Mane|[spread] p1a\n|-miss|p2a: Tornadus|p1b: Torkoal\n|-damage|p1a: Flutter Mane|64\/100\n|-unboost|p1a: Flutter Mane|spe|1\n|move|p2b: Garganacl|Salt Cure|p1b: Torkoal\n|-supereffective|p1b: Torkoal\n|-damage|p1b: Torkoal|77\/100\n|-start|p1b: Torkoal|Salt Cure\n|\n|-weather|SunnyDay|[upkeep]\n|-damage|p1b: Torkoal|64\/100|[from] Salt Cure\n|upkeep\n|turn|2\n|\n|t:|1700373530\n|move|p2b: Garganacl|Protect|p2b: Garganacl\n|-singleturn|p2b: Garganacl|Protect\n|move|p2a: Tornadus|Tailwind|p2a: Tornadus\n|-sidestart|p2: Krjzhzk|move: Tailwind\n|move|p1a: Flutter Mane|Shadow Ball|p2b: Garganacl\n|-activate|p2b: Garganacl|move: Protect\n|move|p1b: Torkoal|Overheat|p2a: Tornadus\n|-damage|p2a: Tornadus|0 fnt\n|-unboost|p1b: Torkoal|spa|2\n|-enditem|p1b: Torkoal|Eject Pack\n|faint|p2a: Tornadus\n|\n|t:|1700373541\n|switch|p1b: Indeedee|Indeedee-F, L50, F|100\/100\n|-fieldstart|move: Psychic Terrain|[from] ability: Psychic Surge|[of] p1b: Indeedee\n|-enditem|p1b: Indeedee|Psychic Seed\n|-boost|p1b: Indeedee|spd|1|[from] item: Psychic Seed\n|\n|-weather|SunnyDay|[upkeep]\n|upkeep\n|\n|t:|1700373544\n|switch|p2a: Arcanine|Arcanine-Hisui, L50, F|100\/100\n|-ability|p2a: Arcanine|Intimidate|boost\n|-unboost|p1a: Flutter Mane|atk|1\n|-unboost|p1b: Indeedee|atk|1\n|turn|3\n|\n|t:|1700373565\n|switch|p2b: Rillaboom|Rillaboom, L50, F|100\/100\n|-fieldstart|move: Grassy Terrain|[from] ability: Grassy Surge|[of] p2b: Rillaboom\n|move|p1a: Flutter Mane|Protect|p1a: Flutter Mane\n|-singleturn|p1a: Flutter Mane|Protect\n|move|p2a: Arcanine|Rock Slide|p1b: Indeedee|[spread] p1b\n|-activate|p1a: Flutter Mane|move: Protect\n|-damage|p1b: Indeedee|61\/100\n|cant|p1b: Indeedee|flinch\n|\n|-weather|SunnyDay|[upkeep]\n|-heal|p1a: Flutter Mane|70\/100|[from] Grassy Terrain\n|-heal|p1b: Indeedee|67\/100|[from] Grassy Terrain\n|upkeep\n|turn|4\n|\n|t:|1700373583\n|-end|p1a: Flutter Mane|Protosynthesis|[silent]\n|switch|p1a: Torkoal|Torkoal, L50, M, shiny|64\/100\n|move|p1b: Indeedee|Follow Me|p1b: Indeedee\n|-singleturn|p1b: Indeedee|move: Follow Me\n|move|p2a: Arcanine|Rock Slide|p1b: Indeedee|[spread] p1a,p1b\n|-supereffective|p1a: Torkoal\n|-damage|p1a: Torkoal|7\/100\n|-damage|p1b: Indeedee|33\/100\n|move|p2b: Rillaboom|Wood Hammer|p1b: Indeedee\n|-damage|p1b: Indeedee|0 fnt\n|faint|p1b: Indeedee\n|-damage|p2b: Rillaboom|91\/100|[from] Recoil\n|\n|-weather|SunnyDay|[upkeep]\n|-heal|p2b: Rillaboom|97\/100|[from] Grassy Terrain\n|-heal|p1a: Torkoal|13\/100|[from] Grassy Terrain\n|upkeep\n|\n|t:|1700373600\n|switch|p1b: Chi-Yu|Chi-Yu, L50|100\/100\n|-ability|p1b: Chi-Yu|Beads of Ruin\n|turn|5\n|\n|t:|1700373617\n|move|p2a: Arcanine|Rock Slide|p1b: Chi-Yu|[spread] p1a,p1b\n|-supereffective|p1a: Torkoal\n|-supereffective|p1b: Chi-Yu\n|-damage|p1a: Torkoal|0 fnt\n|-damage|p1b: Chi-Yu|0 fnt\n|faint|p1a: Torkoal\n|faint|p1b: Chi-Yu\n|move|p2b: Rillaboom|Drain Punch|p1: Torkoal|[notarget]\n|-fail|p2b: Rillaboom\n|\n|-weather|none\n|-heal|p2b: Rillaboom|100\/100|[from] Grassy Terrain\n|-sideend|p2: Krjzhzk|move: Tailwind\n|upkeep\n|\n|t:|1700373629\n|switch|p1b: Flutter Mane|Flutter Mane, L50, shiny, tera:Fairy|70\/100\n|-enditem|p1b: Flutter Mane|Booster Energy\n|-activate|p1b: Flutter Mane|ability: Protosynthesis|[fromitem]\n|-start|p1b: Flutter Mane|protosynthesisspa\n|turn|6\n|\n|t:|1700373639\n|move|p2b: Rillaboom|Grassy Glide|p1b: Flutter Mane\n|-damage|p1b: Flutter Mane|0 fnt\n|faint|p1b: Flutter Mane\n|-end|p1b: Flutter Mane|Protosynthesis|[silent]\n|\n|win|Krjzhzk\n|raw|Dannyzzin's rating: 1242 &rarr; <strong>1216<\/strong><br \/>(-26 for losing)\n|raw|Krjzhzk's rating: 1231 &rarr; <strong>1257<\/strong><br \/>(+26 for winning)\n|l|\u2606Dannyzzin\n","uploadtime":1700373647,"views":7,"p1id":"dannyzzin","p2id":"krjzhzk","formatid":"gen9vgc2023regulatione","rating":1216,"private":0,"password":""}