{"id":"gen9vgc2023regulatione-1992242874","p1":"Boloinabox","p2":"Speedywide","format":"[Gen 9] VGC 2023 Regulation E","log":"|j|\u2606Boloinabox\n|j|\u2606Speedywide\n|t:|1700167024\n|gametype|doubles\n|player|p1|Boloinabox|flint|1446\n|player|p2|Speedywide|266|1318\n|teamsize|p1|6\n|teamsize|p2|6\n|gen|9\n|tier|[Gen 9] VGC 2023 Regulation E\n|rated|\n|rule|Species Clause: Limit one of each Pok\u00e9mon\n|rule|Item Clause: Limit one of each item\n|clearpoke\n|poke|p1|Vaporeon, L50, F|\n|poke|p1|Pelipper, L50, F|\n|poke|p1|Salamence, L50, M|\n|poke|p1|Iron Hands, L50|\n|poke|p1|Amoonguss, L50, M|\n|poke|p1|Weezing-Galar, L50, F|\n|poke|p2|Chien-Pao, L50|\n|poke|p2|Flutter Mane, L50|\n|poke|p2|Dragonite, L50, F|\n|poke|p2|Regieleki, L50|\n|poke|p2|Ogerpon-Hearthflame, L50, F|\n|poke|p2|Tornadus, L50, M|\n|teampreview|4\n|inactive|Battle timer is ON: inactive players will automatically lose when time's up. (requested by Boloinabox)\n|\n|t:|1700167053\n|start\n|switch|p1a: Vaporeon|Vaporeon, L50, F|100\/100\n|switch|p1b: Pelipper|Pelipper, L50, F|100\/100\n|switch|p2a: Tornadus|Tornadus, L50, M|100\/100\n|switch|p2b: Ogerpon|Ogerpon-Hearthflame, L50, F|100\/100\n|-ability|p2b: Ogerpon|Mold Breaker\n|-weather|RainDance|[from] ability: Drizzle|[of] p1b: Pelipper\n|turn|1\n|\n|t:|1700167074\n|switch|p1b: Salamence|Salamence, L50, M|100\/100\n|-ability|p1b: Salamence|Intimidate|boost\n|-unboost|p2a: Tornadus|atk|1\n|-unboost|p2b: Ogerpon|atk|1\n|-terastallize|p1a: Vaporeon|Fire\n|move|p2a: Tornadus|Sunny Day|p2a: Tornadus\n|-weather|SunnyDay\n|move|p2b: Ogerpon|Wood Hammer|p1a: Vaporeon\n|-resisted|p1a: Vaporeon\n|-damage|p1a: Vaporeon|74\/100\n|-damage|p2b: Ogerpon|89\/100|[from] Recoil\n|move|p1a: Vaporeon|Calm Mind|p1a: Vaporeon\n|-boost|p1a: Vaporeon|spa|1\n|-boost|p1a: Vaporeon|spd|1\n|\n|-weather|SunnyDay|[upkeep]\n|-heal|p1a: Vaporeon|80\/100|[from] item: Leftovers\n|upkeep\n|turn|2\n|\n|t:|1700167097\n|-terastallize|p2b: Ogerpon|Fire\n|detailschange|p2b: Ogerpon|Ogerpon-Hearthflame-Tera, L50, F, tera:Fire\n|-ability|p2b: Ogerpon|Embody Aspect (Hearthflame)|boost\n|-boost|p2b: Ogerpon|atk|1\n|move|p2a: Tornadus|Tailwind|p2a: Tornadus\n|-sidestart|p2: Speedywide|move: Tailwind\n|move|p2b: Ogerpon|Play Rough|p1b: Salamence\n|-supereffective|p1b: Salamence\n|-damage|p1b: Salamence|18\/100\n|move|p1b: Salamence|Air Slash|p2b: Ogerpon\n|-damage|p2b: Ogerpon|46\/100\n|move|p1a: Vaporeon|Ice Beam|p2a: Tornadus\n|-supereffective|p2a: Tornadus\n|-damage|p2a: Tornadus|0 fnt\n|faint|p2a: Tornadus\n|\n|-weather|SunnyDay|[upkeep]\n|-heal|p1a: Vaporeon|86\/100|[from] item: Leftovers\n|upkeep\n|\n|t:|1700167113\n|switch|p2a: Dragonite|Dragonite, L50, F|100\/100\n|turn|3\n|\n|t:|1700167126\n|switch|p1b: Pelipper|Pelipper, L50, F|100\/100\n|-weather|RainDance|[from] ability: Drizzle|[of] p1b: Pelipper\n|move|p1a: Vaporeon|Detect|p1a: Vaporeon\n|-singleturn|p1a: Vaporeon|Protect\n|move|p2b: Ogerpon|Ivy Cudgel|p1b: Pelipper|[anim] Ivy Cudgel Fire\n|-resisted|p1b: Pelipper\n|-crit|p1b: Pelipper\n|-damage|p1b: Pelipper|68\/100\n|move|p2a: Dragonite|Outrage|p1b: Pelipper\n|-damage|p1b: Pelipper|0 fnt\n|faint|p1b: Pelipper\n|\n|-weather|RainDance|[upkeep]\n|-heal|p1a: Vaporeon|92\/100|[from] item: Leftovers\n|upkeep\n|\n|t:|1700167146\n|switch|p1b: Iron Hands|Iron Hands, L50|100\/100\n|turn|4\n|\n|t:|1700167156\n|move|p2b: Ogerpon|Spiky Shield|p2b: Ogerpon\n|-singleturn|p2b: Ogerpon|move: Protect\n|move|p1b: Iron Hands|Fake Out|p2b: Ogerpon\n|-activate|p2b: Ogerpon|move: Protect\n|-damage|p1b: Iron Hands|88\/100|[from] Spiky Shield|[of] p2b: Ogerpon\n|move|p2a: Dragonite|Outrage|p1a: Vaporeon|[from]lockedmove\n|-damage|p1a: Vaporeon|0 fnt\n|faint|p1a: Vaporeon\n|-start|p2a: Dragonite|confusion|[fatigue]\n|\n|-weather|RainDance|[upkeep]\n|upkeep\n|\n|t:|1700167166\n|switch|p1a: Salamence|Salamence, L50, M|18\/100\n|-ability|p1a: Salamence|Intimidate|boost\n|-unboost|p2a: Dragonite|atk|1\n|-unboost|p2b: Ogerpon|atk|1\n|turn|5\n|c|\u2606Boloinabox|YOUR NOT INNER FOC aahhhhh that's GG fuck me l\n|inactive|Boloinabox has 30 seconds left.\n|c|\u2606Boloinabox|Lol\n|inactive|Boloinabox has 20 seconds left.\n|\n|t:|1700167204\n|move|p2b: Ogerpon|Play Rough|p1a: Salamence\n|-supereffective|p1a: Salamence\n|-damage|p1a: Salamence|0 fnt\n|faint|p1a: Salamence\n|-activate|p2a: Dragonite|confusion\n|move|p2a: Dragonite|Outrage|p1b: Iron Hands\n|-damage|p1b: Iron Hands|40\/100\n|move|p1b: Iron Hands|Drain Punch|p2b: Ogerpon\n|-damage|p2b: Ogerpon|0 fnt\n|-heal|p1b: Iron Hands|55\/100|[from] drain|[of] p2b: Ogerpon\n|faint|p2b: Ogerpon\n|\n|-weather|RainDance|[upkeep]\n|-sideend|p2: Speedywide|move: Tailwind\n|upkeep\n|\n|t:|1700167214\n|switch|p2b: Chien-Pao|Chien-Pao, L50|100\/100\n|-ability|p2b: Chien-Pao|Sword of Ruin\n|turn|6\n|-message|Boloinabox forfeited.\n|\n|win|Speedywide\n|raw|Boloinabox's rating: 1446 &rarr; <strong>1419<\/strong><br \/>(-27 for losing)\n|raw|Speedywide's rating: 1318 &rarr; <strong>1345<\/strong><br \/>(+27 for winning)\n","uploadtime":1700167196,"views":16,"p1id":"boloinabox","p2id":"speedywide","formatid":"gen9vgc2023regulatione","rating":1345,"private":0,"password":""}