{"id":"gen9vgc2023regulatione-1990503990","p1":"KnightPanda7","p2":"joemamafromjohto","format":"[Gen 9] VGC 2023 Regulation E","log":"|j|\u2606KnightPanda7\n|j|\u203djoemamafromjohto\n|t:|1699976850\n|gametype|doubles\n|player|p1|KnightPanda7|101|1060\n|player|p2|joemamafromjohto|2|1074\n|teamsize|p1|6\n|teamsize|p2|6\n|gen|9\n|tier|[Gen 9] VGC 2023 Regulation E\n|rated|\n|rule|Species Clause: Limit one of each Pok\u00e9mon\n|rule|Item Clause: Limit one of each item\n|clearpoke\n|poke|p1|Milotic, L50, F|\n|poke|p1|Ogerpon-Hearthflame, L50, F|\n|poke|p1|Gholdengo, L50|\n|poke|p1|Arcanine, L50, F|\n|poke|p1|Rillaboom, L50, M|\n|poke|p1|Flutter Mane, L50|\n|poke|p2|Iron Moth, L50|\n|poke|p2|Flutter Mane, L50|\n|poke|p2|Iron Hands, L50|\n|poke|p2|Landorus-Therian, L50, M|\n|poke|p2|Palafin, L50, F|\n|poke|p2|Amoonguss, L50, M|\n|teampreview|4\n|inactive|Battle timer is ON: inactive players will automatically lose when time's up. (requested by KnightPanda7)\n|\n|t:|1699976879\n|start\n|switch|p1a: Milotic|Milotic, L50, F, shiny|100\/100\n|switch|p1b: Rillaboom|Rillaboom, L50, M|100\/100\n|switch|p2a: Palafin|Palafin, L50, F|100\/100\n|switch|p2b: Iron Hands|Iron Hands, L50|100\/100\n|-fieldstart|move: Grassy Terrain|[from] ability: Grassy Surge|[of] p1b: Rillaboom\n|turn|1\n|inactive|KnightPanda7 has 30 seconds left.\n|\n|t:|1699976907\n|move|p1b: Rillaboom|Fake Out|p2b: Iron Hands\n|-damage|p2b: Iron Hands|92\/100\n|cant|p2b: Iron Hands|flinch\n|move|p2a: Palafin|Flip Turn|p1b: Rillaboom\n|-resisted|p1b: Rillaboom\n|-damage|p1b: Rillaboom|91\/100\n|\n|t:|1699976913\n|detailschange|p2a: Palafin|Palafin-Hero, L50, F\n|switch|p2a: Iron Moth|Iron Moth, L50|100\/100|[from] Flip Turn\n|-item|p2a: Iron Moth|Air Balloon\n|move|p1a: Milotic|Scald|p2a: Iron Moth\n|-supereffective|p2a: Iron Moth\n|-damage|p2a: Iron Moth|33\/100\n|-enditem|p2a: Iron Moth|Air Balloon\n|\n|-heal|p2a: Iron Moth|39\/100|[from] Grassy Terrain\n|-heal|p1b: Rillaboom|97\/100|[from] Grassy Terrain\n|-heal|p2b: Iron Hands|98\/100|[from] Grassy Terrain\n|upkeep\n|turn|2\n|inactive|KnightPanda7 has 30 seconds left.\n|inactive|KnightPanda7 has 20 seconds left.\n|\n|t:|1699976949\n|move|p2a: Iron Moth|Fiery Dance|p1b: Rillaboom\n|-supereffective|p1b: Rillaboom\n|-damage|p1b: Rillaboom|31\/100\n|move|p1a: Milotic|Scald|p2a: Iron Moth\n|-supereffective|p2a: Iron Moth\n|-damage|p2a: Iron Moth|0 fnt\n|faint|p2a: Iron Moth\n|-end|p2a: Iron Moth|Quark Drive|[silent]\n|move|p1b: Rillaboom|Wood Hammer|p2b: Iron Hands\n|-damage|p2b: Iron Hands|45\/100\n|-damage|p1b: Rillaboom|8\/100|[from] Recoil\n|move|p2b: Iron Hands|Wild Charge|p1a: Milotic\n|-supereffective|p1a: Milotic\n|-damage|p1a: Milotic|0 fnt\n|faint|p1a: Milotic\n|-damage|p2b: Iron Hands|25\/100|[from] Recoil\n|\n|-heal|p1b: Rillaboom|14\/100|[from] Grassy Terrain\n|-heal|p2b: Iron Hands|31\/100|[from] Grassy Terrain\n|upkeep\n|\n|t:|1699976970\n|switch|p2a: Landorus|Landorus-Therian, L50, M|100\/100\n|switch|p1a: Arcanine|Arcanine, L50, F|100\/100\n|-ability|p2a: Landorus|Intimidate|boost\n|-unboost|p1a: Arcanine|atk|1\n|-unboost|p1b: Rillaboom|atk|1\n|-ability|p1a: Arcanine|Intimidate|boost\n|-unboost|p2a: Landorus|atk|1\n|-unboost|p2b: Iron Hands|atk|1\n|turn|3\n|inactive|KnightPanda7 has 30 seconds left.\n|\n|t:|1699977001\n|-terastallize|p1a: Arcanine|Water\n|move|p1a: Arcanine|Extreme Speed|p2b: Iron Hands\n|-damage|p2b: Iron Hands|20\/100\n|move|p1b: Rillaboom|Grassy Glide|p2b: Iron Hands\n|-damage|p2b: Iron Hands|2\/100\n|move|p2a: Landorus|U-turn|p1b: Rillaboom\n|-supereffective|p1b: Rillaboom\n|-damage|p1b: Rillaboom|0 fnt\n|faint|p1b: Rillaboom\n|\n|t:|1699977011\n|switch|p2a: Palafin|Palafin-Hero, L50, F|100\/100|[from] U-turn\n|-activate|p2a: Palafin|ability: Zero to Hero\n|move|p2b: Iron Hands|Drain Punch|p1a: Arcanine\n|-damage|p1a: Arcanine|65\/100\n|-heal|p2b: Iron Hands|15\/100|[from] drain|[of] p1a: Arcanine\n|\n|-heal|p1a: Arcanine|71\/100|[from] Grassy Terrain\n|-heal|p2b: Iron Hands|21\/100|[from] Grassy Terrain\n|upkeep\n|\n|t:|1699977017\n|switch|p1b: Flutter Mane|Flutter Mane, L50|100\/100\n|turn|4\n|\n|t:|1699977031\n|move|p1a: Arcanine|Extreme Speed|p2a: Palafin\n|-damage|p2a: Palafin|82\/100\n|move|p1b: Flutter Mane|Dazzling Gleam|p2a: Palafin|[spread] p2a,p2b\n|-supereffective|p2b: Iron Hands\n|-damage|p2a: Palafin|47\/100\n|-damage|p2b: Iron Hands|0 fnt\n|faint|p2b: Iron Hands\n|-end|p2b: Iron Hands|Quark Drive|[silent]\n|move|p2a: Palafin|Iron Head|p1b: Flutter Mane\n|-supereffective|p1b: Flutter Mane\n|-enditem|p1b: Flutter Mane|Focus Sash\n|-damage|p1b: Flutter Mane|1\/100\n|\n|-heal|p1b: Flutter Mane|7\/100|[from] Grassy Terrain\n|-heal|p2a: Palafin|53\/100|[from] Grassy Terrain\n|-heal|p1a: Arcanine|78\/100|[from] Grassy Terrain\n|upkeep\n|\n|t:|1699977035\n|switch|p2b: Landorus|Landorus-Therian, L50, M|100\/100\n|-ability|p2b: Landorus|Intimidate|boost\n|-unboost|p1a: Arcanine|atk|1\n|-unboost|p1b: Flutter Mane|atk|1\n|turn|5\n|\n|t:|1699977051\n|move|p2b: Landorus|Rock Slide|p1b: Flutter Mane|[spread] p1a,p1b\n|-damage|p1a: Arcanine|54\/100\n|-damage|p1b: Flutter Mane|0 fnt\n|faint|p1b: Flutter Mane\n|-end|p1b: Flutter Mane|Protosynthesis|[silent]\n|move|p2a: Palafin|Waterfall|p1a: Arcanine\n|-resisted|p1a: Arcanine\n|-damage|p1a: Arcanine|27\/100\n|cant|p1a: Arcanine|flinch\n|\n|-heal|p2a: Palafin|59\/100|[from] Grassy Terrain\n|-heal|p1a: Arcanine|33\/100|[from] Grassy Terrain\n|-fieldend|move: Grassy Terrain\n|upkeep\n|turn|6\n|-message|KnightPanda7 forfeited.\n|\n|win|joemamafromjohto\n|raw|KnightPanda7's rating: 1060 &rarr; <strong>1042<\/strong><br \/>(-18 for losing)\n|raw|joemamafromjohto's rating: 1074 &rarr; <strong>1102<\/strong><br \/>(+28 for winning)\n|l|\u2606KnightPanda7\n|l|\u203djoemamafromjohto\n|j|\u203djoemamafromjohto\n|player|p2|joemamafromjohto|2\n|n|\u203djoemamafromjohto|joemamafromjohto\n","uploadtime":1699978233,"views":11,"p1id":"knightpanda7","p2id":"joemamafromjohto","formatid":"gen9vgc2023regulatione","rating":1042,"private":0,"password":""}