{"id":"gen9vgc2023regulatione-1992302976","p1":"TrendanBrendan","p2":"Losingwithbadteam","format":"[Gen 9] VGC 2023 Regulation E","log":"|j|\u2606TrendanBrendan\n|j|\u2606Losingwithbadteam\n|t:|1700172632\n|gametype|doubles\n|player|p1|TrendanBrendan|elio|1193\n|player|p2|Losingwithbadteam|266|1172\n|teamsize|p1|6\n|teamsize|p2|6\n|gen|9\n|tier|[Gen 9] VGC 2023 Regulation E\n|rated|\n|rule|Species Clause: Limit one of each Pok\u00e9mon\n|rule|Item Clause: Limit one of each item\n|clearpoke\n|poke|p1|Okidogi, L50, M|\n|poke|p1|Ogerpon-Hearthflame, L50, F|\n|poke|p1|Tornadus, L50, M|\n|poke|p1|Flutter Mane, L50|\n|poke|p1|Arcanine-Hisui, L50, M|\n|poke|p1|Urshifu-*, L50, M|\n|poke|p2|Tornadus, L50, M|\n|poke|p2|Politoed, L50, F|\n|poke|p2|Flutter Mane, L50|\n|poke|p2|Ogerpon-Hearthflame, L50, F|\n|poke|p2|Iron Hands, L50|\n|poke|p2|Landorus, L50, M|\n|teampreview|4\n|inactive|Battle timer is ON: inactive players will automatically lose when time's up. (requested by Losingwithbadteam)\nTrendanBrendan has agreed to open team sheets.\n|inactive|TrendanBrendan has 60 seconds left.\n|\n|t:|1700172681\n|start\n|switch|p1a: Veilstone|Arcanine-Hisui, L50, M, shiny|100\/100\n|switch|p1b: Urshifu|Urshifu-Rapid-Strike, L50, M|100\/100\n|switch|p2a: Politoed|Politoed, L50, F|100\/100\n|switch|p2b: Landorus|Landorus, L50, M|100\/100\n|-ability|p1a: Veilstone|Intimidate|boost\n|-unboost|p2a: Politoed|atk|1\n|-unboost|p2b: Landorus|atk|1\n|-weather|RainDance|[from] ability: Drizzle|[of] p2a: Politoed\n|turn|1\n|inactive|TrendanBrendan has 30 seconds left.\n|\n|t:|1700172714\n|-terastallize|p2b: Landorus|Flying\n|-terastallize|p1a: Veilstone|Fairy\n|move|p2a: Politoed|Helping Hand|p2b: Landorus\n|-singleturn|p2b: Landorus|Helping Hand|[of] p2a: Politoed\n|move|p1b: Urshifu|Surging Strikes|p2b: Landorus\n|-crit|p2b: Landorus\n|-damage|p2b: Landorus|60\/100\n|-crit|p2b: Landorus\n|-damage|p2b: Landorus|19\/100\n|-crit|p2b: Landorus\n|-damage|p2b: Landorus|0 fnt\n|faint|p2b: Landorus\n|-hitcount|p2: Landorus|3\n|move|p1a: Veilstone|Tera Blast|p2a: Politoed|[anim] Tera Blast Fairy\n|-damage|p2a: Politoed|66\/100\n|\n|-weather|RainDance|[upkeep]\n|upkeep\n|c|\u2606Losingwithbadteam|Ahhhh I was praying you weren't scarfed fuck\n|\n|t:|1700172734\n|switch|p2b: Flutter Mane|Flutter Mane, L50|100\/100\n|-enditem|p2b: Flutter Mane|Booster Energy\n|-activate|p2b: Flutter Mane|ability: Protosynthesis|[fromitem]\n|-start|p2b: Flutter Mane|protosynthesisspe\n|turn|2\n|inactive|TrendanBrendan has 30 seconds left.\n|\n|t:|1700172761\n|switch|p1b: Torn|Tornadus, L50, M|100\/100\n|move|p2b: Flutter Mane|Shadow Ball|p1b: Torn\n|-damage|p1b: Torn|46\/100\n|move|p1a: Veilstone|Rock Slide|p2b: Flutter Mane|[spread] p2a,p2b\n|-damage|p2a: Politoed|42\/100\n|-damage|p2b: Flutter Mane|38\/100\n|move|p2a: Politoed|Hypnosis|p1a: Veilstone|[miss]\n|-miss|p2a: Politoed|p1a: Veilstone\n|\n|-weather|RainDance|[upkeep]\n|upkeep\n|turn|3\n|\n|t:|1700172784\n|move|p2b: Flutter Mane|Protect|p2b: Flutter Mane\n|-singleturn|p2b: Flutter Mane|Protect\n|move|p1b: Torn|Bleakwind Storm|p2b: Flutter Mane|[spread] p2a\n|-activate|p2b: Flutter Mane|move: Protect\n|-damage|p2a: Politoed|11\/100\n|move|p1a: Veilstone|Rock Slide|p2a: Politoed|[spread] p2a\n|-activate|p2b: Flutter Mane|move: Protect\n|-damage|p2a: Politoed|0 fnt\n|faint|p2a: Politoed\n|\n|-weather|RainDance|[upkeep]\n|upkeep\n|\n|t:|1700172792\n|switch|p2a: Iron Hands|Iron Hands, L50|100\/100\n|turn|4\n|\n|t:|1700172805\n|switch|p1b: Dori|Flutter Mane, L50|100\/100\n|move|p2b: Flutter Mane|Dazzling Gleam|p1a: Veilstone|[spread] p1a,p1b\n|-damage|p1a: Veilstone|76\/100\n|-damage|p1b: Dori|72\/100\n|move|p1a: Veilstone|Tera Blast|p2a: Iron Hands|[anim] Tera Blast Fairy\n|-supereffective|p2a: Iron Hands\n|-damage|p2a: Iron Hands|43\/100\n|move|p2a: Iron Hands|Thunder Punch|p1a: Veilstone\n|-damage|p1a: Veilstone|31\/100\n|\n|-weather|RainDance|[upkeep]\n|upkeep\n|turn|5\n|-message|Losingwithbadteam forfeited.\n|\n|win|TrendanBrendan\n|raw|TrendanBrendan's rating: 1193 &rarr; <strong>1216<\/strong><br \/>(+23 for winning)\n|raw|Losingwithbadteam's rating: 1172 &rarr; <strong>1149<\/strong><br \/>(-23 for losing)\n|l|\u2606Losingwithbadteam\n","uploadtime":1700172869,"views":16,"p1id":"trendanbrendan","p2id":"losingwithbadteam","formatid":"gen9vgc2023regulatione","rating":1149,"private":0,"password":""}