{"id":"gen9vgc2023regulatione-1997953742","p1":"5ilver_F0x","p2":"Frozen_ATM","format":"[Gen 9] VGC 2023 Regulation E","log":"|j|\u26065ilver_F0x\n|j|\u2606Frozen_ATM\n|t:|1700871610\n|gametype|doubles\n|player|p1|5ilver_F0x|morty|\n|player|p2|Frozen_ATM|boarder|\n|teamsize|p1|6\n|teamsize|p2|6\n|gen|9\n|tier|[Gen 9] VGC 2023 Regulation E\n|rule|Species Clause: Limit one of each Pok\u00e9mon\n|rule|Item Clause: Limit one of each item\n|clearpoke\n|poke|p1|Urshifu-*, L50, F|\n|poke|p1|Ogerpon-Hearthflame, L50, F|\n|poke|p1|Klefki, L50, F|\n|poke|p1|Staraptor, L50, F|\n|poke|p1|Garganacl, L50, M|\n|poke|p1|Raichu-Alola, L50, F|\n|poke|p2|Lycanroc-Dusk, L50, M|\n|poke|p2|Pyroar, L50, F|\n|poke|p2|Fezandipiti, L50, M|\n|poke|p2|Sinistcha, L50|\n|poke|p2|Toxicroak, L50, F|\n|poke|p2|Camerupt, L50, F|\n|teampreview|4\n|c|\u2606Frozen_ATM|g1\n|c|\u2606Frozen_ATM|brb, gotta help my dad put drops in my dogs ear\n|c|\u2606Frozen_ATM|should be 2mins\n|c|\u26065ilver_F0x|no problem!\n|c|\u2606Frozen_ATM|I'm back\n|j| Jay Jingles\n|c| Jay Jingles|Thanks guys\n|c| Jay Jingles|Glhf!\n|c|\u26065ilver_F0x|welcome back\n|c|\u26065ilver_F0x|glhf\n|\n|t:|1700872028\n|start\n|switch|p1a: Urshifu|Urshifu-Rapid-Strike, L50, F|100\/100\n|switch|p1b: Staraptor|Staraptor, L50, F, shiny|100\/100\n|switch|p2a: Lycanroc|Lycanroc-Dusk, L50, M|100\/100\n|switch|p2b: Fezandipiti|Fezandipiti, L50, M|100\/100\n|-ability|p1b: Staraptor|Intimidate|boost\n|-unboost|p2a: Lycanroc|atk|1\n|-unboost|p2b: Fezandipiti|atk|1\n|turn|1\n|\n|t:|1700872091\n|move|p2a: Lycanroc|Protect|p2a: Lycanroc\n|-singleturn|p2a: Lycanroc|Protect\n|move|p1a: Urshifu|Protect|p1a: Urshifu\n|-singleturn|p1a: Urshifu|Protect\n|move|p1b: Staraptor|Final Gambit|p2b: Fezandipiti\n|-damage|p2b: Fezandipiti|2\/100\n|-enditem|p2b: Fezandipiti|Sitrus Berry|[eat]\n|-heal|p2b: Fezandipiti|27\/100|[from] item: Sitrus Berry\n|faint|p1b: Staraptor\n|move|p2b: Fezandipiti|Icy Wind|p1a: Urshifu\n|-activate|p1a: Urshifu|move: Protect\n|\n|upkeep\n|c|\u2606Frozen_ATM|ok then\n|c|\u2606Frozen_ATM|fun\n|\n|t:|1700872118\n|switch|p1b: Raichu|Raichu-Alola, L50, F, shiny|100\/100\n|turn|2\n|\n|t:|1700872143\n|move|p2b: Fezandipiti|Protect|p2b: Fezandipiti\n|-singleturn|p2b: Fezandipiti|Protect\n|move|p1b: Raichu|Fake Out|p2b: Fezandipiti\n|-activate|p2b: Fezandipiti|move: Protect\n|move|p2a: Lycanroc|Stomping Tantrum|p1b: Raichu\n|-supereffective|p1b: Raichu\n|-damage|p1b: Raichu|0 fnt\n|faint|p1b: Raichu\n|-damage|p2a: Lycanroc|90\/100|[from] item: Life Orb\n|move|p1a: Urshifu|Surging Strikes|p2a: Lycanroc\n|-supereffective|p2a: Lycanroc\n|-crit|p2a: Lycanroc\n|-damage|p2a: Lycanroc|18\/100\n|-supereffective|p2a: Lycanroc\n|-crit|p2a: Lycanroc\n|-damage|p2a: Lycanroc|0 fnt\n|faint|p2a: Lycanroc\n|-hitcount|p2: Lycanroc|2\n|\n|upkeep\n|\n|t:|1700872158\n|switch|p2a: Sinistcha|Sinistcha, L50|100\/100\n|switch|p1b: Ogerpon|Ogerpon-Hearthflame, L50, F|100\/100\n|-ability|p1b: Ogerpon|Mold Breaker\n|-heal|p2b: Fezandipiti|51\/100|[from] ability: Hospitality|[of] p2a: Sinistcha\n|turn|3\n|j| WaffleMoo\n|c| WaffleMoo|Let's go frozen\n|c|\u2606Frozen_ATM|thank you so much\n|\n|t:|1700872239\n|-terastallize|p1b: Ogerpon|Fire\n|detailschange|p1b: Ogerpon|Ogerpon-Hearthflame-Tera, L50, F, tera:Fire\n|-ability|p1b: Ogerpon|Embody Aspect (Hearthflame)|boost\n|-boost|p1b: Ogerpon|atk|1\n|-terastallize|p2a: Sinistcha|Fire\n|move|p2a: Sinistcha|Rage Powder|p2a: Sinistcha\n|-singleturn|p2a: Sinistcha|move: Rage Powder\n|move|p2b: Fezandipiti|Tailwind|p2b: Fezandipiti\n|-sidestart|p2: Frozen_ATM|move: Tailwind\n|move|p1b: Ogerpon|Ivy Cudgel|p2a: Sinistcha|[anim] Ivy Cudgel Fire\n|-resisted|p2a: Sinistcha\n|-crit|p2a: Sinistcha\n|-damage|p2a: Sinistcha|13\/100\n|move|p1a: Urshifu|Surging Strikes|p2b: Fezandipiti\n|-crit|p2b: Fezandipiti\n|-damage|p2b: Fezandipiti|27\/100\n|-crit|p2b: Fezandipiti\n|-damage|p2b: Fezandipiti|5\/100\n|-crit|p2b: Fezandipiti\n|-damage|p2b: Fezandipiti|0 fnt\n|faint|p2b: Fezandipiti\n|-hitcount|p2: Fezandipiti|3\n|\n|-heal|p2a: Sinistcha|20\/100|[from] item: Leftovers\n|upkeep\n|\n|t:|1700872254\n|switch|p2b: Camerupt|Camerupt, L50, F|100\/100\n|turn|4\n|c|\u2606Frozen_ATM|huh?\n|c|\u2606Frozen_ATM|why didn't it attack sinistcha?\n|c|\u26065ilver_F0x|safety goggles my guy\n|c|\u2606Frozen_ATM|bruh\n|j| bambichild\n|\n|t:|1700872299\n|move|p2a: Sinistcha|Matcha Gotcha|p1b: Ogerpon|[spread] p1a\n|-miss|p2a: Sinistcha|p1b: Ogerpon\n|-supereffective|p1a: Urshifu\n|-damage|p1a: Urshifu|6\/100\n|-heal|p2a: Sinistcha|68\/100|[from] drain|[of] p1a: Urshifu\n|move|p1b: Ogerpon|Ivy Cudgel|p2a: Sinistcha|[anim] Ivy Cudgel Fire\n|-resisted|p2a: Sinistcha\n|-damage|p2a: Sinistcha|9\/100\n|move|p1a: Urshifu|Surging Strikes|p2b: Camerupt\n|-supereffective|p2b: Camerupt\n|-crit|p2b: Camerupt\n|-damage|p2b: Camerupt|9\/100\n|-supereffective|p2b: Camerupt\n|-crit|p2b: Camerupt\n|-damage|p2b: Camerupt|0 fnt\n|faint|p2b: Camerupt\n|-hitcount|p2: Camerupt|2\n|\n|-heal|p2a: Sinistcha|16\/100|[from] item: Leftovers\n|upkeep\n|turn|5\n|c|\u2606Frozen_ATM|damn\n|l| WaffleMoo\n|c|\u2606Frozen_ATM|was so hoping i one shot\n|j| WaffleMoo\n|\n|t:|1700872329\n|move|p1a: Urshifu|Aqua Jet|p2a: Sinistcha\n|-supereffective|p2a: Sinistcha\n|-damage|p2a: Sinistcha|0 fnt\n|faint|p2a: Sinistcha\n|\n|win|5ilver_F0x\n|c|\u26065ilver_F0x|gg\n|c|\u2606Frozen_ATM|gg\n|l| Jay Jingles\n|j| Jay Jingles\n|l| Jay Jingles\n|l| WaffleMoo\n|l|\u2606Frozen_ATM\n","uploadtime":1700872348,"views":14,"p1id":"5ilverf0x","p2id":"frozenatm","formatid":"gen9vgc2023regulatione","rating":0,"private":0,"password":""}