{"id":"gen9vgc2023regulatione-1993879733","p1":"folovolo","p2":"Mambae2","format":"[Gen 9] VGC 2023 Regulation E","log":"|j|\u2606folovolo\n|j|\u2606Mambae2\n|n|\u2606folovolo|folovolo\n|n|\u2606Mambae2|mambae2\n|html|View the match progress at <a href=\"\/game-bestof3-gen9vgc2023regulatione-1993876286\">game-bestof3-gen9vgc2023regulatione-1993876286<\/a>\n|t:|1700369196\n|gametype|doubles\n|player|p1|folovolo|pokemonranger-gen4|\n|player|p2|Mambae2|169|\n|teamsize|p1|6\n|teamsize|p2|6\n|gen|9\n|tier|[Gen 9] VGC 2023 Regulation E\n|rated|Tournament battle\n|rule|Species Clause: Limit one of each Pok\u00e9mon\n|rule|Item Clause: Limit one of each item\n|clearpoke\n|poke|p1|Tornadus, L50, M|\n|poke|p1|Roaring Moon, L50|\n|poke|p1|Landorus-Therian, L50, M|\n|poke|p1|Heatran, L50, M|\n|poke|p1|Iron Hands, L50|\n|poke|p1|Amoonguss, L50, M|\n|poke|p2|Gholdengo, L50|\n|poke|p2|Iron Hands, L50|\n|poke|p2|Amoonguss, L50, F|\n|poke|p2|Urshifu-*, L50, F|\n|poke|p2|Tornadus, L50, M|\n|poke|p2|Arcanine-Hisui, L50, M|\n|teampreview|4\n|showteam|p1|Tornadus||CovertCloak|Prankster|SunnyDay,Taunt,Tailwind,BleakwindStorm|||M|||50|,,,,,Dark]Roaring Moon||BoosterEnergy|Protosynthesis|DragonDance,Acrobatics,KnockOff,Protect||||||50|,,,,,Flying]Landorus-Therian||ChoiceScarf|Intimidate|TeraBlast,StompingTantrum,RockSlide,Uturn|||M|||50|,,,,,Flying]Heatran||LifeOrb|FlashFire|FlashCannon,HeatWave,EarthPower,Protect|||M|||50|,,,,,Fairy]Iron Hands||AssaultVest|QuarkDrive|FakeOut,DrainPunch,HeavySlam,WildCharge||||||50|,,,,,Grass]Amoonguss||SitrusBerry|Regenerator|Spore,RagePowder,PollenPuff,Protect|||M|||50|,,,,,Water\n|showteam|p2|Gholdengo||Leftovers|GoodasGold|MakeItRain,NastyPlot,ShadowBall,Protect||||||50|,,,,,Dragon]Iron Hands||AssaultVest|QuarkDrive|FakeOut,VoltSwitch,WildCharge,DrainPunch||||||50|,,,,,Water]Amoonguss||SitrusBerry|Regenerator|Spore,RagePowder,PollenPuff,Protect|||F|||50|,,,,,Water]Urshifu-Rapid-Strike||MysticWater|UnseenFist|SurgingStrikes,CloseCombat,AquaJet,Detect|||F|||50|,,,,,Water]Tornadus||RockyHelmet|Prankster|BleakwindStorm,RainDance,Tailwind,Protect|||M|||50|,,,,,Steel]Arcanine-Hisui||ChoiceBand|Intimidate|ExtremeSpeed,FlareBlitz,RockSlide,HeadSmash|||M|||50|,,,,,Fairy\n|j|%Radio Free C-Side\n|inactive|Battle timer is ON: inactive players will automatically lose when time's up. (requested by folovolo)\n|\n|t:|1700369255\n|start\n|switch|p1a: Roaring Moon|Roaring Moon, L50|100\/100\n|switch|p1b: Tornadus|Tornadus, L50, M|100\/100\n|switch|p2a: Tornadus|Tornadus, L50, M|100\/100\n|switch|p2b: Urshifu|Urshifu-Rapid-Strike, L50, F|100\/100\n|-enditem|p1a: Roaring Moon|Booster Energy\n|-activate|p1a: Roaring Moon|ability: Protosynthesis|[fromitem]\n|-start|p1a: Roaring Moon|protosynthesisatk\n|turn|1\n|inactive|Mambae2 has 30 seconds left.\n|\n|t:|1700369288\n|-terastallize|p1a: Roaring Moon|Flying\n|-terastallize|p2b: Urshifu|Water\n|move|p1b: Tornadus|Sunny Day|p1b: Tornadus\n|-weather|SunnyDay\n|move|p2a: Tornadus|Tailwind|p2a: Tornadus\n|-sidestart|p2: Mambae2|move: Tailwind\n|move|p2b: Urshifu|Surging Strikes|p1a: Roaring Moon\n|-crit|p1a: Roaring Moon\n|-damage|p1a: Roaring Moon|81\/100\n|-crit|p1a: Roaring Moon\n|-damage|p1a: Roaring Moon|63\/100\n|-crit|p1a: Roaring Moon\n|-damage|p1a: Roaring Moon|44\/100\n|-hitcount|p1a: Roaring Moon|3\n|move|p1a: Roaring Moon|Acrobatics|p2b: Urshifu\n|-damage|p2b: Urshifu|21\/100\n|\n|-weather|SunnyDay|[upkeep]\n|upkeep\n|turn|2\n|j| Soccerdude26\n|\n|t:|1700369311\n|switch|p2b: Arcanine|Arcanine-Hisui, L50, M|100\/100\n|-ability|p2b: Arcanine|Intimidate|boost\n|-unboost|p1a: Roaring Moon|atk|1\n|-unboost|p1b: Tornadus|atk|1\n|-end|p1a: Roaring Moon|Protosynthesis|[silent]\n|switch|p1a: Iron Hands|Iron Hands, L50|100\/100\n|move|p2a: Tornadus|Rain Dance|p2a: Tornadus\n|-weather|RainDance\n|move|p1b: Tornadus|Bleakwind Storm|p2b: Arcanine|[spread] p2a,p2b\n|-resisted|p2b: Arcanine\n|-damage|p2a: Tornadus|65\/100\n|-damage|p2b: Arcanine|82\/100\n|\n|-weather|RainDance|[upkeep]\n|upkeep\n|turn|3\n|inactive|folovolo has 30 seconds left.\n|inactive|Mambae2 has 30 seconds left.\n|inactive|folovolo has 20 seconds left.\n|\n|t:|1700369351\n|switch|p2b: Gholdengo|Gholdengo, L50|100\/100\n|move|p2a: Tornadus|Protect|p2a: Tornadus\n|-singleturn|p2a: Tornadus|Protect\n|move|p1b: Tornadus|Tailwind|p1b: Tornadus\n|-sidestart|p1: folovolo|move: Tailwind\n|move|p1a: Iron Hands|Wild Charge|p2a: Tornadus\n|-activate|p2a: Tornadus|move: Protect\n|\n|-weather|RainDance|[upkeep]\n|upkeep\n|turn|4\n|\n|t:|1700369375\n|switch|p2a: Arcanine|Arcanine-Hisui, L50, M|82\/100\n|-ability|p2a: Arcanine|Intimidate|boost\n|-unboost|p1a: Iron Hands|atk|1\n|-unboost|p1b: Tornadus|atk|1\n|move|p1b: Tornadus|Bleakwind Storm|p2a: Arcanine|[spread] p2a,p2b\n|-resisted|p2a: Arcanine\n|-resisted|p2b: Gholdengo\n|-damage|p2a: Arcanine|62\/100\n|-damage|p2b: Gholdengo|83\/100\n|-unboost|p2b: Gholdengo|spe|1\n|move|p2b: Gholdengo|Nasty Plot|p2b: Gholdengo\n|-boost|p2b: Gholdengo|spa|2\n|move|p1a: Iron Hands|Wild Charge|p2b: Gholdengo\n|-damage|p2b: Gholdengo|48\/100\n|-damage|p1a: Iron Hands|94\/100|[from] Recoil\n|\n|-weather|RainDance|[upkeep]\n|-heal|p2b: Gholdengo|54\/100|[from] item: Leftovers\n|-sideend|p2: Mambae2|move: Tailwind\n|upkeep\n|turn|5\n|inactive|Mambae2 has 30 seconds left.\n|\n|t:|1700369403\n|switch|p1b: Heatran|Heatran, L50, M|100\/100\n|switch|p2a: Tornadus|Tornadus, L50, M|65\/100\n|move|p1a: Iron Hands|Drain Punch|p2a: Tornadus\n|-resisted|p2a: Tornadus\n|-damage|p2a: Tornadus|53\/100\n|-heal|p1a: Iron Hands|98\/100|[from] drain|[of] p2a: Tornadus\n|-damage|p1a: Iron Hands|82\/100|[from] item: Rocky Helmet|[of] p2a: Tornadus\n|move|p2b: Gholdengo|Shadow Ball|p1b: Heatran\n|-damage|p1b: Heatran|20\/100\n|\n|-weather|RainDance|[upkeep]\n|-heal|p2b: Gholdengo|60\/100|[from] item: Leftovers\n|upkeep\n|turn|6\n|\n|t:|1700369427\n|move|p2b: Gholdengo|Protect|p2b: Gholdengo\n|-singleturn|p2b: Gholdengo|Protect\n|move|p2a: Tornadus|Tailwind|p2a: Tornadus\n|-sidestart|p2: Mambae2|move: Tailwind\n|move|p1b: Heatran|Earth Power|p2b: Gholdengo\n|-activate|p2b: Gholdengo|move: Protect\n|move|p1a: Iron Hands|Wild Charge|p2a: Tornadus\n|-supereffective|p2a: Tornadus\n|-damage|p2a: Tornadus|0 fnt\n|-damage|p1a: Iron Hands|65\/100|[from] item: Rocky Helmet|[of] p2a: Tornadus\n|faint|p2a: Tornadus\n|-damage|p1a: Iron Hands|55\/100|[from] Recoil\n|\n|-weather|none\n|-heal|p2b: Gholdengo|66\/100|[from] item: Leftovers\n|-sideend|p1: folovolo|move: Tailwind\n|upkeep\n|\n|t:|1700369437\n|switch|p2a: Urshifu|Urshifu-Rapid-Strike, L50, F, tera:Water|21\/100\n|turn|7\n|\n|t:|1700369452\n|switch|p1b: Roaring Moon|Roaring Moon, L50, tera:Flying|44\/100\n|move|p2a: Urshifu|Surging Strikes|p1a: Iron Hands\n|-crit|p1a: Iron Hands\n|-damage|p1a: Iron Hands|32\/100\n|-crit|p1a: Iron Hands\n|-damage|p1a: Iron Hands|8\/100\n|-crit|p1a: Iron Hands\n|-damage|p1a: Iron Hands|0 fnt\n|faint|p1a: Iron Hands\n|-end|p1a: Iron Hands|Quark Drive|[silent]\n|-hitcount|p1: Iron Hands|3\n|move|p2b: Gholdengo|Shadow Ball|p1b: Roaring Moon\n|-damage|p1b: Roaring Moon|0 fnt\n|faint|p1b: Roaring Moon\n|-end|p1b: Roaring Moon|Protosynthesis|[silent]\n|\n|-heal|p2b: Gholdengo|72\/100|[from] item: Leftovers\n|upkeep\n|\n|t:|1700369457\n|switch|p1b: Heatran|Heatran, L50, M|20\/100\n|switch|p1a: Tornadus|Tornadus, L50, M|100\/100\n|turn|8\n|\n|t:|1700369475\n|move|p2b: Gholdengo|Protect|p2b: Gholdengo\n|-singleturn|p2b: Gholdengo|Protect\n|move|p2a: Urshifu|Aqua Jet|p1b: Heatran\n|-supereffective|p1b: Heatran\n|-damage|p1b: Heatran|0 fnt\n|faint|p1b: Heatran\n|move|p1a: Tornadus|Tailwind|p1a: Tornadus\n|-sidestart|p1: folovolo|move: Tailwind\n|\n|-heal|p2b: Gholdengo|78\/100|[from] item: Leftovers\n|upkeep\n|turn|9\n|\n|t:|1700369484\n|move|p1a: Tornadus|Bleakwind Storm|p2b: Gholdengo|[spread] p2a,p2b\n|-resisted|p2b: Gholdengo\n|-damage|p2a: Urshifu|0 fnt\n|-damage|p2b: Gholdengo|61\/100\n|faint|p2a: Urshifu\n|move|p2b: Gholdengo|Shadow Ball|p1a: Tornadus\n|-damage|p1a: Tornadus|3\/100\n|\n|-heal|p2b: Gholdengo|67\/100|[from] item: Leftovers\n|-sideend|p2: Mambae2|move: Tailwind\n|upkeep\n|\n|t:|1700369490\n|switch|p2a: Arcanine|Arcanine-Hisui, L50, M|62\/100\n|-ability|p2a: Arcanine|Intimidate|boost\n|-unboost|p1a: Tornadus|atk|1\n|turn|10\n|-message|folovolo forfeited.\n|\n|win|Mambae2\n|l|\u2606folovolo\n|l| Soccerdude26\n|l| Radio Free C-Side\n","uploadtime":1700369563,"views":8,"p1id":"folovolo","p2id":"mambae2","formatid":"gen9vgc2023regulatione","rating":0,"private":0,"password":""}