{"id":"gen9vgc2023regulatione-1997887514","p1":"FuzzThatWuzz","p2":"The Umpire","format":"[Gen 9] VGC 2023 Regulation E","log":"|j|\u2606FuzzThatWuzz\n|j|\u2606The Umpire\n|t:|1700863851\n|gametype|doubles\n|player|p1|FuzzThatWuzz|cynthia-gen4|1653\n|player|p2|The Umpire|volkner|1697\n|teamsize|p1|6\n|teamsize|p2|6\n|gen|9\n|tier|[Gen 9] VGC 2023 Regulation E\n|rated|\n|rule|Species Clause: Limit one of each Pok\u00e9mon\n|rule|Item Clause: Limit one of each item\n|clearpoke\n|poke|p1|Weezing, L50, M|\n|poke|p1|Landorus-Therian, L50, M|\n|poke|p1|Roaring Moon, L50|\n|poke|p1|Rillaboom, L50, M|\n|poke|p1|Heatran, L50, M|\n|poke|p1|Palafin, L50, M|\n|poke|p2|Tornadus, L50, M|\n|poke|p2|Urshifu-*, L50, M|\n|poke|p2|Gholdengo, L50|\n|poke|p2|Arcanine-Hisui, L50, F|\n|poke|p2|Iron Hands, L50|\n|poke|p2|Amoonguss, L50, F|\n|teampreview|4\nFuzzThatWuzz has agreed to open team sheets.\nThe Umpire has agreed to open team sheets.\n|\n|t:|1700863889\n|start\n|switch|p1a: Weezing|Weezing, L50, M|100\/100\n|switch|p1b: Roaring Moon|Roaring Moon, L50|100\/100\n|switch|p2a: Urshifu|Urshifu-Rapid-Strike, L50, M|100\/100\n|switch|p2b: Tornadus|Tornadus, L50, M|100\/100\n|-ability|p1a: Weezing|Neutralizing Gas\n|-enditem|p1b: Roaring Moon|Booster Energy\n|-activate|p1b: Roaring Moon|ability: Protosynthesis|[fromitem]\n|-start|p1b: Roaring Moon|protosynthesisspe\n|turn|1\n|\n|t:|1700863921\n|switch|p2a: Arcanine|Arcanine-Hisui, L50, F|100\/100\n|move|p1b: Roaring Moon|Tailwind|p1b: Roaring Moon\n|-sidestart|p1: FuzzThatWuzz|move: Tailwind\n|move|p1a: Weezing|Taunt|p2b: Tornadus\n|-start|p2b: Tornadus|move: Taunt\n|cant|p2b: Tornadus|move: Taunt|Tailwind\n|\n|upkeep\n|turn|2\n|\n|t:|1700863944\n|move|p1b: Roaring Moon|Knock Off|p2a: Arcanine\n|-damage|p2a: Arcanine|40\/100\n|-enditem|p2a: Arcanine|Choice Band|[from] move: Knock Off|[of] p1b: Roaring Moon\n|move|p1a: Weezing|Sludge Bomb|p2b: Tornadus\n|-damage|p2b: Tornadus|77\/100\n|move|p2b: Tornadus|Bleakwind Storm|p1a: Weezing|[spread] p1b\n|-miss|p2b: Tornadus|p1a: Weezing\n|-damage|p1b: Roaring Moon|72\/100\n|move|p2a: Arcanine|Rock Slide|p1b: Roaring Moon|[spread] p1a,p1b\n|-damage|p1a: Weezing|78\/100\n|-damage|p1b: Roaring Moon|33\/100\n|\n|-heal|p1a: Weezing|84\/100|[from] item: Leftovers\n|upkeep\n|turn|3\n|\n|t:|1700863969\n|-end|p1a: Weezing|ability: Neutralizing Gas\n|-ability|p2a: Arcanine|Intimidate|boost\n|-unboost|p1a: Weezing|atk|1\n|-unboost|p1b: Roaring Moon|atk|1\n|switch|p1a: Palafin|Palafin, L50, M|100\/100\n|switch|p2b: Urshifu|Urshifu-Rapid-Strike, L50, M|100\/100\n|move|p1b: Roaring Moon|Breaking Swipe|p2b: Urshifu|[spread] p2a,p2b\n|-damage|p2a: Arcanine|22\/100\n|-damage|p2b: Urshifu|83\/100\n|-unboost|p2a: Arcanine|atk|1\n|-unboost|p2b: Urshifu|atk|1\n|move|p2a: Arcanine|Rock Slide|p1a: Palafin|[spread] p1a,p1b\n|-damage|p1a: Palafin|80\/100\n|-damage|p1b: Roaring Moon|9\/100\n|\n|upkeep\n|turn|4\n|\n|t:|1700864007\n|detailschange|p1a: Palafin|Palafin-Hero, L50, M\n|switch|p1a: Weezing|Weezing, L50, M|84\/100\n|-ability|p1a: Weezing|Neutralizing Gas\n|move|p2a: Arcanine|Extreme Speed|p1b: Roaring Moon\n|-damage|p1b: Roaring Moon|0 fnt\n|faint|p1b: Roaring Moon\n|-end|p1b: Roaring Moon|Protosynthesis|[silent]\n|move|p2b: Urshifu|Surging Strikes|p1a: Weezing\n|-crit|p1a: Weezing\n|-damage|p1a: Weezing|64\/100\n|-crit|p1a: Weezing\n|-damage|p1a: Weezing|45\/100\n|-crit|p1a: Weezing\n|-damage|p1a: Weezing|25\/100\n|-hitcount|p1a: Weezing|3\n|\n|-heal|p1a: Weezing|31\/100|[from] item: Leftovers\n|-sideend|p1: FuzzThatWuzz|move: Tailwind\n|upkeep\n|\n|t:|1700864032\n|switch|p1b: Heatran|Heatran, L50, M|100\/100\n|turn|5\n|\n|t:|1700864054\n|-terastallize|p1b: Heatran|Fairy\n|move|p2b: Urshifu|Detect|p2b: Urshifu\n|-singleturn|p2b: Urshifu|Protect\n|move|p2a: Arcanine|Flare Blitz|p1a: Weezing\n|-damage|p1a: Weezing|0 fnt\n|faint|p1a: Weezing\n|-end|p1a: Weezing|ability: Neutralizing Gas\n|-ability|p2a: Arcanine|Intimidate|boost\n|-unboost|p1b: Heatran|atk|1\n|-damage|p2a: Arcanine|13\/100|[from] Recoil\n|move|p1b: Heatran|Flash Cannon|p2a: Arcanine\n|-damage|p2a: Arcanine|0 fnt\n|faint|p2a: Arcanine\n|-damage|p1b: Heatran|91\/100|[from] item: Life Orb\n|\n|upkeep\n|\n|t:|1700864069\n|switch|p2a: Tornadus|Tornadus, L50, M|77\/100\n|switch|p1a: Palafin|Palafin-Hero, L50, M|80\/100\n|-activate|p1a: Palafin|ability: Zero to Hero\n|turn|6\n|\n|t:|1700864087\n|-terastallize|p2b: Urshifu|Water\n|move|p2a: Tornadus|Tailwind|p2a: Tornadus\n|-sidestart|p2: The Umpire|move: Tailwind\n|move|p1a: Palafin|Jet Punch|p2a: Tornadus\n|-damage|p2a: Tornadus|19\/100\n|move|p2b: Urshifu|Surging Strikes|p1b: Heatran\n|-crit|p1b: Heatran\n|-damage|p1b: Heatran|60\/100\n|-crit|p1b: Heatran\n|-damage|p1b: Heatran|31\/100\n|-crit|p1b: Heatran\n|-damage|p1b: Heatran|4\/100\n|-hitcount|p1b: Heatran|3\n|move|p1b: Heatran|Heat Wave|p2a: Tornadus|[spread] p2a,p2b\n|-crit|p2a: Tornadus\n|-resisted|p2b: Urshifu\n|-damage|p2a: Tornadus|0 fnt\n|-damage|p2b: Urshifu|48\/100\n|faint|p2a: Tornadus\n|-damage|p1b: Heatran|0 fnt|[from] item: Life Orb\n|faint|p1b: Heatran\n|\n|upkeep\n|\n|t:|1700864100\n|switch|p2a: Gholdengo|Gholdengo, L50|100\/100\n|turn|7\n|\n|t:|1700864106\n|move|p2b: Urshifu|Surging Strikes|p1a: Palafin\n|-resisted|p1a: Palafin\n|-crit|p1a: Palafin\n|-damage|p1a: Palafin|66\/100\n|-resisted|p1a: Palafin\n|-crit|p1a: Palafin\n|-damage|p1a: Palafin|50\/100\n|-resisted|p1a: Palafin\n|-crit|p1a: Palafin\n|-damage|p1a: Palafin|36\/100\n|-hitcount|p1a: Palafin|3\n|move|p2a: Gholdengo|Thunderbolt|p1a: Palafin\n|-supereffective|p1a: Palafin\n|-damage|p1a: Palafin|0 fnt\n|faint|p1a: Palafin\n|\n|win|The Umpire\n|raw|FuzzThatWuzz's rating: 1653 &rarr; <strong>1637<\/strong><br \/>(-16 for losing)\n|raw|The Umpire's rating: 1717 &rarr; <strong>1733<\/strong><br \/>(+16 for winning)\n","uploadtime":1700864118,"views":4,"p1id":"fuzzthatwuzz","p2id":"theumpire","formatid":"gen9vgc2023regulatione","rating":1637,"private":0,"password":""}