{"id":"gen9vgc2023regulatione-1993462518","p1":"lgh925","p2":"Scepy72","format":"[Gen 9] VGC 2023 Regulation E","log":"|j|\u2606lgh925\n|j|\u2606Scepy72\n|t:|1700320885\n|gametype|doubles\n|player|p1|lgh925|dawn|1207\n|player|p2|Scepy72|dahlia|1315\n|teamsize|p1|6\n|teamsize|p2|6\n|gen|9\n|tier|[Gen 9] VGC 2023 Regulation E\n|rated|\n|rule|Species Clause: Limit one of each Pok\u00e9mon\n|rule|Item Clause: Limit one of each item\n|clearpoke\n|poke|p1|Weezing, L50, M|\n|poke|p1|Landorus-Therian, L50, M|\n|poke|p1|Iron Hands, L50|\n|poke|p1|Flutter Mane, L50|\n|poke|p1|Kommo-o, L50, F|\n|poke|p1|Roaring Moon, L50|\n|poke|p2|Espathra, L50, F|\n|poke|p2|Sandy Shocks, L50|\n|poke|p2|Flutter Mane, L50|\n|poke|p2|Ursaluna, L50, M|\n|poke|p2|Cresselia, L50, F|\n|poke|p2|Chi-Yu, L50|\n|teampreview|4\n|inactive|Battle timer is ON: inactive players will automatically lose when time's up. (requested by Scepy72)\n|inactive|lgh925 has 60 seconds left.\n|\n|t:|1700320916\n|start\n|switch|p1a: Weezing|Weezing, L50, M|100\/100\n|switch|p1b: Roaring Moon|Roaring Moon, L50|100\/100\n|switch|p2a: Espathra|Espathra, L50, F|100\/100\n|switch|p2b: Chi-Yu|Chi-Yu, L50|100\/100\n|-ability|p1a: Weezing|Neutralizing Gas\n|-enditem|p1b: Roaring Moon|Booster Energy\n|-activate|p1b: Roaring Moon|ability: Protosynthesis|[fromitem]\n|-start|p1b: Roaring Moon|protosynthesisspe\n|turn|1\n|\n|t:|1700320935\n|-terastallize|p2a: Espathra|Dark\n|move|p1a: Weezing|Protect|p1a: Weezing\n|-singleturn|p1a: Weezing|Protect\n|move|p1b: Roaring Moon|Knock Off|p2a: Espathra\n|-resisted|p2a: Espathra\n|-damage|p2a: Espathra|75\/100\n|-enditem|p2a: Espathra|Leftovers|[from] move: Knock Off|[of] p1b: Roaring Moon\n|move|p2a: Espathra|Dazzling Gleam|p1b: Roaring Moon|[spread] p1b\n|-activate|p1a: Weezing|move: Protect\n|-supereffective|p1b: Roaring Moon\n|-damage|p1b: Roaring Moon|52\/100\n|move|p2b: Chi-Yu|Overheat|p1a: Weezing\n|-activate|p1a: Weezing|move: Protect\n|\n|upkeep\n|turn|2\n|inactive|lgh925 has 30 seconds left.\n|\n|t:|1700320968\n|move|p1b: Roaring Moon|Tailwind|p1b: Roaring Moon\n|-sidestart|p1: lgh925|move: Tailwind\n|move|p2a: Espathra|Dazzling Gleam|p1a: Weezing|[spread] p1a,p1b\n|-resisted|p1a: Weezing\n|-supereffective|p1b: Roaring Moon\n|-damage|p1a: Weezing|92\/100\n|-damage|p1b: Roaring Moon|8\/100\n|move|p1a: Weezing|Taunt|p2a: Espathra\n|-start|p2a: Espathra|move: Taunt\n|move|p2b: Chi-Yu|Overheat|p1a: Weezing\n|-damage|p1a: Weezing|0 fnt\n|-unboost|p2b: Chi-Yu|spa|2\n|faint|p1a: Weezing\n|-end|p1a: Weezing|ability: Neutralizing Gas\n|-ability|p2b: Chi-Yu|Beads of Ruin\n|\n|-ability|p2a: Espathra|Speed Boost|boost\n|-boost|p2a: Espathra|spe|1\n|upkeep\n|\n|t:|1700320975\n|switch|p1a: Flutter Mane|Flutter Mane, L50|100\/100\n|turn|3\n|\n|t:|1700320998\n|switch|p2a: Cresselia|Cresselia, L50, F, shiny|100\/100\n|move|p1b: Roaring Moon|Knock Off|p2b: Chi-Yu\n|-resisted|p2b: Chi-Yu\n|-damage|p2b: Chi-Yu|59\/100\n|-enditem|p2b: Chi-Yu|Choice Specs|[from] move: Knock Off|[of] p1b: Roaring Moon\n|move|p1a: Flutter Mane|Dazzling Gleam|p2a: Cresselia|[spread] p2a,p2b\n|-damage|p2a: Cresselia|63\/100\n|-damage|p2b: Chi-Yu|1\/100\n|move|p2b: Chi-Yu|Overheat|p1a: Flutter Mane\n|-damage|p1a: Flutter Mane|58\/100\n|-unboost|p2b: Chi-Yu|spa|2\n|\n|upkeep\n|turn|4\n|inactive|Scepy72 has 30 seconds left.\n|inactive|Scepy72 has 20 seconds left.\n|inactive|Scepy72 has 15 seconds left.\n|\n|t:|1700321043\n|switch|p2b: Flutter Mane|Flutter Mane, L50|100\/100\n|move|p1b: Roaring Moon|Knock Off|p2a: Cresselia\n|-supereffective|p2a: Cresselia\n|-damage|p2a: Cresselia|0 fnt\n|-enditem|p2a: Cresselia|Bright Powder|[from] move: Knock Off|[of] p1b: Roaring Moon\n|faint|p2a: Cresselia\n|move|p1a: Flutter Mane|Dazzling Gleam|p2b: Flutter Mane\n|-damage|p2b: Flutter Mane|39\/100\n|\n|upkeep\n|\n|t:|1700321055\n|switch|p2a: Espathra|Espathra, L50, F, tera:Dark|75\/100\n|turn|5\n|\n|t:|1700321065\n|move|p2b: Flutter Mane|Protect|p2b: Flutter Mane\n|-singleturn|p2b: Flutter Mane|Protect\n|move|p2a: Espathra|Protect|p2a: Espathra\n|-singleturn|p2a: Espathra|Protect\n|move|p1b: Roaring Moon|Knock Off|p2b: Flutter Mane\n|-activate|p2b: Flutter Mane|move: Protect\n|move|p1a: Flutter Mane|Dazzling Gleam|p2a: Espathra|[spread] \n|-activate|p2a: Espathra|move: Protect\n|-activate|p2b: Flutter Mane|move: Protect\n|\n|-sideend|p1: lgh925|move: Tailwind\n|-ability|p2a: Espathra|Speed Boost|boost\n|-boost|p2a: Espathra|spe|1\n|upkeep\n|turn|6\n|\n|t:|1700321082\n|move|p1b: Roaring Moon|Tailwind|p1b: Roaring Moon\n|-sidestart|p1: lgh925|move: Tailwind\n|move|p1a: Flutter Mane|Dazzling Gleam|p2a: Espathra|[spread] p2a,p2b\n|-supereffective|p2a: Espathra\n|-damage|p2a: Espathra|0 fnt\n|-damage|p2b: Flutter Mane|0 fnt\n|faint|p2a: Espathra\n|faint|p2b: Flutter Mane\n|-end|p2b: Flutter Mane|Protosynthesis|[silent]\n|\n|upkeep\n|\n|t:|1700321091\n|switch|p2b: Chi-Yu|Chi-Yu, L50|1\/100\n|-ability|p2b: Chi-Yu|Beads of Ruin\n|turn|7\n|-message|Scepy72 forfeited.\n|\n|win|lgh925\n|raw|lgh925's rating: 1207 &rarr; <strong>1240<\/strong><br \/>(+33 for winning)\n|raw|Scepy72's rating: 1315 &rarr; <strong>1289<\/strong><br \/>(-26 for losing)\n|l|\u2606Scepy72\n","uploadtime":1700321100,"views":7,"p1id":"lgh925","p2id":"scepy72","formatid":"gen9vgc2023regulatione","rating":1240,"private":0,"password":""}