{"id":"gen9vgc2023regulatione-1995282050","p1":"Orb66623","p2":"briangriffinhands","format":"[Gen 9] VGC 2023 Regulation E","log":"|j|\u2606Orb66623\n|j|\u2606briangriffinhands\n|t:|1700546307\n|gametype|doubles\n|player|p1|Orb66623|1|1224\n|player|p2|briangriffinhands|peonia|1151\n|teamsize|p1|6\n|teamsize|p2|6\n|gen|9\n|tier|[Gen 9] VGC 2023 Regulation E\n|rated|\n|rule|Species Clause: Limit one of each Pok\u00e9mon\n|rule|Item Clause: Limit one of each item\n|clearpoke\n|poke|p1|Ogerpon-Wellspring, L50, F|\n|poke|p1|Armarouge, L50, F|\n|poke|p1|Torkoal, L50, F|\n|poke|p1|Indeedee-F, L50, F|\n|poke|p1|Iron Hands, L50|\n|poke|p1|Landorus-Therian, L50, M|\n|poke|p2|Kingambit, L50, M|\n|poke|p2|Chien-Pao, L50|\n|poke|p2|Amoonguss, L50, M|\n|poke|p2|Urshifu-*, L50, M|\n|poke|p2|Dragonite, L50, F|\n|poke|p2|Ogerpon-Hearthflame, L50, F|\n|teampreview|4\nbriangriffinhands has agreed to open team sheets.\n|inactive|Battle timer is ON: inactive players will automatically lose when time's up. (requested by Orb66623)\n|\n|t:|1700546332\n|start\n|switch|p1a: Armarouge|Armarouge, L50, F|100\/100\n|switch|p1b: Landorus|Landorus-Therian, L50, M|100\/100\n|switch|p2a: Kingambit|Kingambit, L50, M|100\/100\n|switch|p2b: Chien-Pao|Chien-Pao, L50|100\/100\n|-ability|p1b: Landorus|Intimidate|boost\n|-unboost|p2a: Kingambit|atk|1\n|-ability|p2a: Kingambit|Defiant|boost\n|-boost|p2a: Kingambit|atk|2\n|-unboost|p2b: Chien-Pao|atk|1\n|-ability|p2b: Chien-Pao|Sword of Ruin\n|turn|1\n|\n|t:|1700546357\n|-terastallize|p1a: Armarouge|Psychic\n|move|p2a: Kingambit|Sucker Punch|p1b: Landorus\n|-crit|p1b: Landorus\n|-damage|p1b: Landorus|0 fnt\n|faint|p1b: Landorus\n|move|p2b: Chien-Pao|Ice Spinner|p1a: Armarouge\n|-damage|p1a: Armarouge|59\/100\n|-ability|p1a: Armarouge|Weak Armor|boost\n|-unboost|p1a: Armarouge|def|1\n|-boost|p1a: Armarouge|spe|2\n|move|p1a: Armarouge|Heat Wave|p2a: Kingambit|[spread] p2a\n|-miss|p1a: Armarouge|p2b: Chien-Pao\n|-supereffective|p2a: Kingambit\n|-damage|p2a: Kingambit|36\/100\n|\n|upkeep\n|c|\u2606briangriffinhands|yeah nah\n|c|\u2606briangriffinhands|i know what you do\n|\n|t:|1700546369\n|switch|p1b: Indeedee|Indeedee-F, L50, F|100\/100\n|-fieldstart|move: Psychic Terrain|[from] ability: Psychic Surge|[of] p1b: Indeedee\n|-enditem|p1b: Indeedee|Psychic Seed\n|-boost|p1b: Indeedee|spd|1|[from] item: Psychic Seed\n|turn|2\n|\n|t:|1700546377\n|move|p2a: Kingambit|Protect|p2a: Kingambit\n|-singleturn|p2a: Kingambit|Protect\n|move|p1b: Indeedee|Follow Me|p1b: Indeedee\n|-singleturn|p1b: Indeedee|move: Follow Me\n|move|p1a: Armarouge|Heat Wave|p2a: Kingambit|[spread] p2b\n|-activate|p2a: Kingambit|move: Protect\n|-supereffective|p2b: Chien-Pao\n|-enditem|p2b: Chien-Pao|Focus Sash\n|-damage|p2b: Chien-Pao|1\/100\n|-status|p2b: Chien-Pao|brn\n|move|p2b: Chien-Pao|Ice Spinner|p1b: Indeedee\n|-damage|p1b: Indeedee|82\/100\n|-fieldend|move: Psychic Terrain\n|\n|-damage|p2b: Chien-Pao|0 fnt|[from] brn\n|faint|p2b: Chien-Pao\n|upkeep\n|\n|t:|1700546389\n|switch|p2b: Dragonite|Dragonite, L50, F|100\/100\n|turn|3\n|\n|t:|1700546403\n|switch|p1b: Ogerpon|Ogerpon-Wellspring, L50, F|100\/100\n|move|p1a: Armarouge|Endure|p1a: Armarouge\n|-singleturn|p1a: Armarouge|move: Endure\n|move|p2a: Kingambit|Sucker Punch||[still]\n|-fail|p2a: Kingambit\n|move|p2b: Dragonite|Stomping Tantrum|p1b: Ogerpon\n|-resisted|p1b: Ogerpon\n|-damage|p1b: Ogerpon|83\/100\n|\n|upkeep\n|turn|4\n|\n|t:|1700546417\n|switch|p1b: Indeedee|Indeedee-F, L50, F|82\/100\n|-fieldstart|move: Psychic Terrain|[from] ability: Psychic Surge|[of] p1b: Indeedee\n|move|p1a: Armarouge|Heat Wave|p2a: Kingambit|[spread] p2a,p2b\n|-supereffective|p2a: Kingambit\n|-resisted|p2b: Dragonite\n|-damage|p2a: Kingambit|0 fnt\n|-damage|p2b: Dragonite|90\/100\n|-status|p2b: Dragonite|brn\n|faint|p2a: Kingambit\n|move|p2b: Dragonite|Aerial Ace|p1b: Indeedee\n|-damage|p1b: Indeedee|64\/100\n|\n|-damage|p2b: Dragonite|84\/100 brn|[from] brn\n|upkeep\n|c|\u2606briangriffinhands|holy luck hahaha\n|\n|t:|1700546431\n|switch|p2a: Amoonguss|Amoonguss, L50, M|100\/100\n|turn|5\n|c|\u2606Orb66623|yeah\uff0ci think so\n|\n|t:|1700546455\n|-terastallize|p2a: Amoonguss|Water\n|move|p1b: Indeedee|Follow Me|p1b: Indeedee\n|-singleturn|p1b: Indeedee|move: Follow Me\n|move|p1a: Armarouge|Expanding Force|p2b: Dragonite|[spread] p2a,p2b\n|-damage|p2a: Amoonguss|32\/100\n|-damage|p2b: Dragonite|31\/100 brn\n|-enditem|p2a: Amoonguss|Sitrus Berry|[eat]\n|-heal|p2a: Amoonguss|57\/100|[from] item: Sitrus Berry\n|move|p2b: Dragonite|Aerial Ace|p1b: Indeedee\n|-damage|p1b: Indeedee|49\/100\n|move|p2a: Amoonguss|Spore|p1b: Indeedee\n|-status|p1b: Indeedee|slp|[from] move: Spore\n|\n|-damage|p2b: Dragonite|25\/100 brn|[from] brn\n|upkeep\n|turn|6\n|\n|t:|1700546477\n|move|p1a: Armarouge|Expanding Force|p2a: Amoonguss|[spread] p2a,p2b\n|-damage|p2a: Amoonguss|0 fnt\n|-damage|p2b: Dragonite|0 fnt\n|faint|p2a: Amoonguss\n|faint|p2b: Dragonite\n|\n|win|Orb66623\n|raw|Orb66623's rating: 1224 &rarr; <strong>1244<\/strong><br \/>(+20 for winning)\n|raw|briangriffinhands's rating: 1151 &rarr; <strong>1131<\/strong><br \/>(-20 for losing)\n|l|\u2606briangriffinhands\n","uploadtime":1700546483,"views":9,"p1id":"orb66623","p2id":"briangriffinhands","formatid":"gen9vgc2023regulatione","rating":1131,"private":0,"password":""}