{"id":"gen9vgc2023regulatione-1994242983","p1":"Jimothy1","p2":"Kzejzkz","format":"[Gen 9] VGC 2023 Regulation E","log":"|j|\u2606Jimothy1\n|j|\u2606Kzejzkz\n|t:|1700422685\n|gametype|doubles\n|player|p1|Jimothy1|102|1096\n|player|p2|Kzejzkz|lance|1142\n|teamsize|p1|6\n|teamsize|p2|6\n|gen|9\n|tier|[Gen 9] VGC 2023 Regulation E\n|rated|\n|rule|Species Clause: Limit one of each Pok\u00e9mon\n|rule|Item Clause: Limit one of each item\n|clearpoke\n|poke|p1|Flutter Mane, L50|\n|poke|p1|Iron Moth, L50|\n|poke|p1|Cyclizar, L50, M|\n|poke|p1|Mimikyu, L50, M|\n|poke|p1|Iron Hands, L50|\n|poke|p1|Gyarados, L50, M|\n|poke|p2|Flutter Mane, L50|\n|poke|p2|Tornadus, L50, M|\n|poke|p2|Rillaboom, L50, F|\n|poke|p2|Garganacl, L50, F|\n|poke|p2|Arcanine-Hisui, L50, M|\n|poke|p2|Chien-Pao, L50|\n|teampreview|4\n|\n|t:|1700422700\n|start\n|switch|p1a: Flutter Mane|Flutter Mane, L50|100\/100\n|switch|p1b: Iron Moth|Iron Moth, L50|100\/100\n|switch|p2a: Tornadus|Tornadus, L50, M|100\/100\n|switch|p2b: Garganacl|Garganacl, L50, F|100\/100\n|-enditem|p1b: Iron Moth|Booster Energy\n|-activate|p1b: Iron Moth|ability: Quark Drive|[fromitem]\n|-start|p1b: Iron Moth|quarkdrivespe\n|turn|1\n|\n|t:|1700422716\n|move|p2a: Tornadus|Tailwind|p2a: Tornadus\n|-sidestart|p2: Kzejzkz|move: Tailwind\n|move|p1b: Iron Moth|Energy Ball|p2b: Garganacl\n|-supereffective|p2b: Garganacl\n|-damage|p2b: Garganacl|58\/100\n|move|p1a: Flutter Mane|Power Gem|p2a: Tornadus\n|-supereffective|p2a: Tornadus\n|-damage|p2a: Tornadus|30\/100\n|move|p2b: Garganacl|Salt Cure|p1b: Iron Moth\n|-supereffective|p1b: Iron Moth\n|-damage|p1b: Iron Moth|58\/100\n|-start|p1b: Iron Moth|Salt Cure\n|\n|-damage|p1b: Iron Moth|46\/100|[from] Salt Cure\n|upkeep\n|turn|2\n|\n|t:|1700422730\n|move|p2b: Garganacl|Protect|p2b: Garganacl\n|-singleturn|p2b: Garganacl|Protect\n|move|p1b: Iron Moth|Energy Ball|p2b: Garganacl\n|-activate|p2b: Garganacl|move: Protect\n|move|p2a: Tornadus|Bleakwind Storm|p1a: Flutter Mane|[spread] p1a,p1b\n|-damage|p1a: Flutter Mane|67\/100\n|-damage|p1b: Iron Moth|13\/100\n|move|p1a: Flutter Mane|Power Gem|p2a: Tornadus\n|-supereffective|p2a: Tornadus\n|-damage|p2a: Tornadus|0 fnt\n|faint|p2a: Tornadus\n|\n|-damage|p1b: Iron Moth|1\/100|[from] Salt Cure\n|upkeep\n|inactive|Battle timer is ON: inactive players will automatically lose when time's up. (requested by Jimothy1)\n|\n|t:|1700422745\n|switch|p2a: Arcanine|Arcanine-Hisui, L50, M|100\/100\n|-ability|p2a: Arcanine|Intimidate|boost\n|-unboost|p1a: Flutter Mane|atk|1\n|-unboost|p1b: Iron Moth|atk|1\n|turn|3\n|\n|t:|1700422765\n|-end|p1a: Flutter Mane|Protosynthesis|[silent]\n|switch|p1a: Gyarados|Gyarados, L50, M|100\/100\n|-ability|p1a: Gyarados|Intimidate|boost\n|-unboost|p2a: Arcanine|atk|1\n|-unboost|p2b: Garganacl|atk|1\n|-terastallize|p2b: Garganacl|Ghost\n|move|p2a: Arcanine|Rock Slide|p1a: Gyarados|[spread] p1b\n|-miss|p2a: Arcanine|p1a: Gyarados\n|-supereffective|p1b: Iron Moth\n|-damage|p1b: Iron Moth|0 fnt\n|faint|p1b: Iron Moth\n|-end|p1b: Iron Moth|Quark Drive|[silent]\n|move|p2b: Garganacl|Recover|p2b: Garganacl\n|-heal|p2b: Garganacl|100\/100\n|\n|upkeep\n|\n|t:|1700422771\n|switch|p1b: Flutter Mane|Flutter Mane, L50|67\/100\n|turn|4\n|\n|t:|1700422784\n|switch|p2a: Rillaboom|Rillaboom, L50, F|100\/100\n|-fieldstart|move: Grassy Terrain|[from] ability: Grassy Surge|[of] p2a: Rillaboom\n|move|p1b: Flutter Mane|Shadow Ball|p2b: Garganacl\n|-supereffective|p2b: Garganacl\n|-damage|p2b: Garganacl|59\/100\n|move|p1a: Gyarados|Waterfall|p2a: Rillaboom\n|-resisted|p2a: Rillaboom\n|-damage|p2a: Rillaboom|84\/100\n|move|p2b: Garganacl|Salt Cure|p1b: Flutter Mane\n|-damage|p1b: Flutter Mane|48\/100\n|-start|p1b: Flutter Mane|Salt Cure\n|\n|-heal|p2a: Rillaboom|90\/100|[from] Grassy Terrain\n|-heal|p1b: Flutter Mane|54\/100|[from] Grassy Terrain\n|-heal|p2b: Garganacl|65\/100|[from] Grassy Terrain\n|-damage|p1b: Flutter Mane|42\/100|[from] Salt Cure\n|-sideend|p2: Kzejzkz|move: Tailwind\n|upkeep\n|turn|5\n|\n|t:|1700422800\n|-terastallize|p1a: Gyarados|Flying\n|move|p2a: Rillaboom|Grassy Glide|p1b: Flutter Mane\n|-damage|p1b: Flutter Mane|0 fnt\n|faint|p1b: Flutter Mane\n|-end|p1b: Flutter Mane|Protosynthesis|[silent]\n|move|p1a: Gyarados|Tera Blast|p2a: Rillaboom|[anim] Tera Blast Flying\n|-supereffective|p2a: Rillaboom\n|-damage|p2a: Rillaboom|3\/100\n|move|p2b: Garganacl|Iron Defense|p2b: Garganacl\n|-boost|p2b: Garganacl|def|2\n|\n|-heal|p2a: Rillaboom|9\/100|[from] Grassy Terrain\n|-heal|p2b: Garganacl|71\/100|[from] Grassy Terrain\n|upkeep\n|\n|t:|1700422811\n|switch|p1b: Iron Hands|Iron Hands, L50|100\/100\n|turn|6\n|\n|t:|1700422829\n|switch|p2a: Arcanine|Arcanine-Hisui, L50, M|100\/100\n|-ability|p2a: Arcanine|Intimidate|boost\n|-unboost|p1a: Gyarados|atk|1\n|-unboost|p1b: Iron Hands|atk|1\n|move|p1b: Iron Hands|Fake Out|p2a: Arcanine\n|-resisted|p2a: Arcanine\n|-damage|p2a: Arcanine|94\/100\n|move|p1a: Gyarados|Tera Blast|p2b: Garganacl|[anim] Tera Blast Flying\n|-damage|p2b: Garganacl|45\/100\n|-enditem|p2b: Garganacl|Sitrus Berry|[eat]\n|-heal|p2b: Garganacl|70\/100|[from] item: Sitrus Berry\n|move|p2b: Garganacl|Iron Defense|p2b: Garganacl\n|-boost|p2b: Garganacl|def|2\n|\n|-heal|p2a: Arcanine|99\/100|[from] Grassy Terrain\n|-heal|p2b: Garganacl|76\/100|[from] Grassy Terrain\n|upkeep\n|turn|7\n|\n|t:|1700422844\n|switch|p2a: Rillaboom|Rillaboom, L50, F|9\/100\n|move|p1a: Gyarados|Hydro Pump|p2a: Rillaboom\n|-resisted|p2a: Rillaboom\n|-damage|p2a: Rillaboom|0 fnt\n|faint|p2a: Rillaboom\n|move|p1b: Iron Hands|Drain Punch|p2b: Garganacl\n|-immune|p2b: Garganacl\n|move|p2b: Garganacl|Iron Defense|p2b: Garganacl\n|-boost|p2b: Garganacl|def|2\n|\n|-heal|p2b: Garganacl|82\/100|[from] Grassy Terrain\n|upkeep\n|\n|t:|1700422852\n|switch|p2a: Arcanine|Arcanine-Hisui, L50, M|99\/100\n|-ability|p2a: Arcanine|Intimidate|boost\n|-unboost|p1a: Gyarados|atk|1\n|-unboost|p1b: Iron Hands|atk|1\n|turn|8\n|\n|t:|1700422862\n|move|p2a: Arcanine|Rock Slide|p1b: Iron Hands|[spread] p1a,p1b\n|-supereffective|p1a: Gyarados\n|-crit|p1a: Gyarados\n|-resisted|p1b: Iron Hands\n|-damage|p1a: Gyarados|0 fnt\n|-damage|p1b: Iron Hands|88\/100\n|faint|p1a: Gyarados\n|cant|p1b: Iron Hands|flinch\n|move|p2b: Garganacl|Salt Cure|p1b: Iron Hands\n|-resisted|p1b: Iron Hands\n|-damage|p1b: Iron Hands|85\/100\n|-start|p1b: Iron Hands|Salt Cure\n|\n|-heal|p2a: Arcanine|100\/100|[from] Grassy Terrain\n|-heal|p1b: Iron Hands|91\/100|[from] Grassy Terrain\n|-heal|p2b: Garganacl|87\/100|[from] Grassy Terrain\n|-damage|p1b: Iron Hands|79\/100|[from] Salt Cure\n|-fieldend|move: Grassy Terrain\n|upkeep\n|turn|9\n|\n|t:|1700422872\n|move|p2a: Arcanine|Rock Slide|p1b: Iron Hands\n|-resisted|p1b: Iron Hands\n|-damage|p1b: Iron Hands|63\/100\n|move|p1b: Iron Hands|Drain Punch|p2a: Arcanine\n|-supereffective|p2a: Arcanine\n|-damage|p2a: Arcanine|43\/100\n|-heal|p1b: Iron Hands|81\/100|[from] drain|[of] p2a: Arcanine\n|move|p2b: Garganacl|Iron Defense|p2b: Garganacl\n|-boost|p2b: Garganacl|def|0\n|\n|-damage|p1b: Iron Hands|69\/100|[from] Salt Cure\n|upkeep\n|turn|10\n|\n|t:|1700422880\n|move|p2a: Arcanine|Rock Slide|p1b: Iron Hands\n|-resisted|p1b: Iron Hands\n|-damage|p1b: Iron Hands|52\/100\n|move|p1b: Iron Hands|Drain Punch|p2a: Arcanine\n|-supereffective|p2a: Arcanine\n|-damage|p2a: Arcanine|0 fnt\n|-heal|p1b: Iron Hands|66\/100|[from] drain|[of] p2a: Arcanine\n|faint|p2a: Arcanine\n|move|p2b: Garganacl|Iron Defense|p2b: Garganacl\n|-boost|p2b: Garganacl|def|0\n|\n|-damage|p1b: Iron Hands|54\/100|[from] Salt Cure\n|upkeep\n|turn|11\n|\n|t:|1700422885\n|move|p1b: Iron Hands|Wild Charge|p2b: Garganacl\n|-damage|p2b: Garganacl|83\/100\n|-damage|p1b: Iron Hands|53\/100|[from] Recoil\n|move|p2b: Garganacl|Salt Cure|p1b: Iron Hands\n|-resisted|p1b: Iron Hands\n|-crit|p1b: Iron Hands\n|-damage|p1b: Iron Hands|46\/100\n|\n|-damage|p1b: Iron Hands|34\/100|[from] Salt Cure\n|upkeep\n|turn|12\n|\n|t:|1700422892\n|move|p1b: Iron Hands|Wild Charge|p2b: Garganacl\n|-damage|p2b: Garganacl|78\/100\n|-damage|p1b: Iron Hands|33\/100|[from] Recoil\n|move|p2b: Garganacl|Recover|p2b: Garganacl\n|-heal|p2b: Garganacl|100\/100\n|\n|-damage|p1b: Iron Hands|21\/100|[from] Salt Cure\n|upkeep\n|turn|13\n|c|\u2606Jimothy1|Gg\n|n|\u2606Kzejzkz|kzejzkz\n|\n|t:|1700422917\n|move|p2b: Garganacl|Protect|p2b: Garganacl\n|-singleturn|p2b: Garganacl|Protect\n|move|p1b: Iron Hands|Wild Charge|p2b: Garganacl\n|-activate|p2b: Garganacl|move: Protect\n|\n|-damage|p1b: Iron Hands|9\/100|[from] Salt Cure\n|upkeep\n|turn|14\n|c|\u2606Kzejzkz|gg\n|\n|t:|1700422922\n|move|p1b: Iron Hands|Wild Charge|p2b: Garganacl\n|-damage|p2b: Garganacl|96\/100\n|-damage|p1b: Iron Hands|7\/100|[from] Recoil\n|move|p2b: Garganacl|Recover|p2b: Garganacl\n|-heal|p2b: Garganacl|100\/100\n|\n|-damage|p1b: Iron Hands|0 fnt|[from] Salt Cure\n|faint|p1b: Iron Hands\n|-end|p1b: Iron Hands|Quark Drive|[silent]\n|\n|win|Kzejzkz\n|upkeep\n|raw|Jimothy1's rating: 1096 &rarr; <strong>1075<\/strong><br \/>(-21 for losing)\n|raw|Kzejzkz's rating: 1142 &rarr; <strong>1164<\/strong><br \/>(+22 for winning)\n|l|\u2606Jimothy1\n","uploadtime":1700422930,"views":11,"p1id":"jimothy1","p2id":"kzejzkz","formatid":"gen9vgc2023regulatione","rating":1075,"private":0,"password":""}