{"id":"gen9vgc2023regulatione-1999616541","p1":"beelzebruno","p2":"pertote","format":"[Gen 9] VGC 2023 Regulation E","log":"|j|\u2606beelzebruno\n|j|\u2606pertote\n|t:|1701101537\n|gametype|doubles\n|player|p1|beelzebruno|169|1048\n|player|p2|pertote|plasmagrunt|1143\n|teamsize|p1|6\n|teamsize|p2|6\n|gen|9\n|tier|[Gen 9] VGC 2023 Regulation E\n|rated|\n|rule|Species Clause: Limit one of each Pok\u00e9mon\n|rule|Item Clause: Limit one of each item\n|clearpoke\n|poke|p1|Umbreon, L50, M|\n|poke|p1|Indeedee-F, L50, F|\n|poke|p1|Cresselia, L50, F|\n|poke|p1|Grimmsnarl, L50, M|\n|poke|p1|Glimmora, L50, M|\n|poke|p1|Arcanine-Hisui, L50, F|\n|poke|p2|Ogerpon-Wellspring, L50, F|\n|poke|p2|Tornadus, L50, M|\n|poke|p2|Arcanine-Hisui, L50, M|\n|poke|p2|Iron Hands, L50|\n|poke|p2|Flutter Mane, L50|\n|poke|p2|Gholdengo, L50|\n|teampreview|4\n|inactive|Battle timer is ON: inactive players will automatically lose when time's up. (requested by pertote)\n|\n|t:|1701101564\n|start\n|switch|p1a: Umbreon|Umbreon, L50, M|100\/100\n|switch|p1b: Grimmsnarl|Grimmsnarl, L50, M|100\/100\n|switch|p2a: Tornadus|Tornadus, L50, M|100\/100\n|switch|p2b: Arcanine|Arcanine-Hisui, L50, M|100\/100\n|turn|1\n|inactive|beelzebruno has 30 seconds left.\n|\n|t:|1701101590\n|move|p2a: Tornadus|Tailwind|p2a: Tornadus\n|-sidestart|p2: pertote|move: Tailwind\n|move|p1b: Grimmsnarl|Parting Shot|p2b: Arcanine\n|-unboost|p2b: Arcanine|atk|1\n|-unboost|p2b: Arcanine|spa|1\n|\n|t:|1701101596\n|switch|p1b: Indeedee|Indeedee-F, L50, F|100\/100|[from] Parting Shot\n|-fieldstart|move: Psychic Terrain|[from] ability: Psychic Surge|[of] p1b: Indeedee\n|-enditem|p1a: Umbreon|Psychic Seed\n|-boost|p1a: Umbreon|spd|1|[from] item: Psychic Seed\n|move|p2b: Arcanine|Head Smash|p1b: Indeedee|[miss]\n|-miss|p2b: Arcanine|p1b: Indeedee\n|move|p1a: Umbreon|Curse|p1a: Umbreon\n|-unboost|p1a: Umbreon|spe|1\n|-boost|p1a: Umbreon|atk|1\n|-boost|p1a: Umbreon|def|1\n|\n|upkeep\n|turn|2\n|inactive|beelzebruno has 30 seconds left.\n|\n|t:|1701101626\n|move|p2a: Tornadus|Bleakwind Storm|p1a: Umbreon|[spread] p1a,p1b\n|-damage|p1a: Umbreon|82\/100\n|-damage|p1b: Indeedee|66\/100\n|-unboost|p1a: Umbreon|spe|1\n|move|p2b: Arcanine|Head Smash|p1a: Umbreon\n|-damage|p1a: Umbreon|62\/100\n|move|p1b: Indeedee|Trick|p1a: Umbreon\n|-activate|p1b: Indeedee|move: Trick|[of] p1a: Umbreon\n|-item|p1a: Umbreon|Leftovers|[from] move: Trick\n|-enditem|p1b: Indeedee|Leftovers|[silent]|[from] move: Trick\n|move|p1a: Umbreon|Curse|p1a: Umbreon\n|-unboost|p1a: Umbreon|spe|1\n|-boost|p1a: Umbreon|atk|1\n|-boost|p1a: Umbreon|def|1\n|\n|-heal|p1a: Umbreon|68\/100|[from] item: Leftovers\n|upkeep\n|turn|3\n|\n|t:|1701101647\n|switch|p1b: Cresselia|Cresselia, L50, F|100\/100\n|move|p2a: Tornadus|Bleakwind Storm|p1b: Cresselia|[spread] p1a\n|-miss|p2a: Tornadus|p1b: Cresselia\n|-damage|p1a: Umbreon|51\/100\n|move|p2b: Arcanine|Flare Blitz|p1a: Umbreon\n|-damage|p1a: Umbreon|37\/100\n|move|p1a: Umbreon|Calm Mind|p1a: Umbreon\n|-boost|p1a: Umbreon|spa|1\n|-boost|p1a: Umbreon|spd|1\n|\n|-heal|p1a: Umbreon|43\/100|[from] item: Leftovers\n|upkeep\n|turn|4\n|inactive|beelzebruno has 30 seconds left.\n|inactive|pertote has 30 seconds left.\n|\n|t:|1701101680\n|-terastallize|p1a: Umbreon|Electric\n|move|p2a: Tornadus|Bleakwind Storm|p1a: Umbreon|[spread] p1a\n|-miss|p2a: Tornadus|p1b: Cresselia\n|-resisted|p1a: Umbreon\n|-damage|p1a: Umbreon|36\/100\n|move|p2b: Arcanine|Head Smash|p1a: Umbreon|[miss]\n|-miss|p2b: Arcanine|p1a: Umbreon\n|move|p1b: Cresselia|Skill Swap|p1a: Umbreon\n|-activate|p1b: Cresselia|move: Skill Swap|||[of] p1a: Umbreon\n|move|p1a: Umbreon|Curse|p1a: Umbreon\n|-unboost|p1a: Umbreon|spe|1\n|-boost|p1a: Umbreon|atk|1\n|-boost|p1a: Umbreon|def|1\n|\n|-heal|p1a: Umbreon|42\/100|[from] item: Leftovers\n|-sideend|p2: pertote|move: Tailwind\n|upkeep\n|turn|5\n|\n|t:|1701101699\n|-terastallize|p2a: Tornadus|Ground\n|move|p2a: Tornadus|Tera Blast|p1a: Umbreon|[anim] Tera Blast Ground\n|-immune|p1a: Umbreon|[from] ability: Levitate\n|move|p2b: Arcanine|Head Smash|p1a: Umbreon\n|-damage|p1a: Umbreon|29\/100\n|move|p1b: Cresselia|Lunar Blessing|p1b: Cresselia|[spread] p1a,p1b\n|-heal|p1a: Umbreon|54\/100\n|move|p1a: Umbreon|Snarl|p2b: Arcanine|[spread] p2a\n|-miss|p1a: Umbreon|p2b: Arcanine\n|-damage|p2a: Tornadus|80\/100\n|-unboost|p2a: Tornadus|spa|1\n|\n|-heal|p1a: Umbreon|60\/100|[from] item: Leftovers\n|-fieldend|move: Psychic Terrain\n|upkeep\n|turn|6\n|inactive|beelzebruno has 30 seconds left.\n|\n|t:|1701101728\n|switch|p1b: Grimmsnarl|Grimmsnarl, L50, M|100\/100\n|move|p2a: Tornadus|Bleakwind Storm|p1b: Grimmsnarl|[spread] p1b\n|-miss|p2a: Tornadus|p1a: Umbreon\n|-damage|p1b: Grimmsnarl|76\/100\n|move|p2b: Arcanine|Flare Blitz|p1a: Umbreon\n|-damage|p1a: Umbreon|48\/100\n|move|p1a: Umbreon|Snarl|p2a: Tornadus|[spread] p2a,p2b\n|-damage|p2a: Tornadus|61\/100\n|-damage|p2b: Arcanine|85\/100\n|-unboost|p2a: Tornadus|spa|1\n|-unboost|p2b: Arcanine|spa|1\n|\n|-heal|p1a: Umbreon|54\/100|[from] item: Leftovers\n|upkeep\n|turn|7\n|\n|t:|1701101749\n|move|p2a: Tornadus|Nasty Plot|p2a: Tornadus\n|-boost|p2a: Tornadus|spa|2\n|move|p1b: Grimmsnarl|Reflect|p1b: Grimmsnarl\n|-sidestart|p1: beelzebruno|Reflect\n|move|p2b: Arcanine|Head Smash|p1a: Umbreon\n|-damage|p1a: Umbreon|45\/100\n|move|p1a: Umbreon|Curse|p1a: Umbreon\n|-unboost|p1a: Umbreon|spe|1\n|-boost|p1a: Umbreon|atk|1\n|-boost|p1a: Umbreon|def|1\n|\n|-heal|p1a: Umbreon|51\/100|[from] item: Leftovers\n|upkeep\n|turn|8\n|\n|t:|1701101764\n|move|p1b: Grimmsnarl|Light Screen|p1b: Grimmsnarl\n|-sidestart|p1: beelzebruno|move: Light Screen\n|move|p2a: Tornadus|Bleakwind Storm|p1b: Grimmsnarl|[spread] p1a\n|-miss|p2a: Tornadus|p1b: Grimmsnarl\n|-resisted|p1a: Umbreon\n|-damage|p1a: Umbreon|47\/100\n|move|p2b: Arcanine|Head Smash|p1a: Umbreon\n|-damage|p1a: Umbreon|40\/100\n|move|p1a: Umbreon|Calm Mind|p1a: Umbreon\n|-boost|p1a: Umbreon|spa|1\n|-boost|p1a: Umbreon|spd|1\n|\n|-heal|p1a: Umbreon|46\/100|[from] item: Leftovers\n|upkeep\n|turn|9\n|\n|t:|1701101783\n|move|p1b: Grimmsnarl|Parting Shot|p2a: Tornadus\n|-unboost|p2a: Tornadus|atk|1\n|-unboost|p2a: Tornadus|spa|1\n|\n|t:|1701101787\n|switch|p1b: Indeedee|Indeedee-F, L50, F|66\/100|[from] Parting Shot\n|-fieldstart|move: Psychic Terrain|[from] ability: Psychic Surge|[of] p1b: Indeedee\n|move|p2a: Tornadus|Tera Blast|p1b: Indeedee|[anim] Tera Blast Ground\n|-damage|p1b: Indeedee|49\/100\n|move|p2b: Arcanine|Head Smash|p1b: Indeedee\n|-damage|p1b: Indeedee|16\/100\n|move|p1a: Umbreon|Calm Mind|p1a: Umbreon\n|-boost|p1a: Umbreon|spa|1\n|-boost|p1a: Umbreon|spd|1\n|\n|-heal|p1a: Umbreon|52\/100|[from] item: Leftovers\n|upkeep\n|turn|10\n|\n|t:|1701101812\n|move|p2a: Tornadus|Tera Blast|p1b: Indeedee|[anim] Tera Blast Ground\n|-damage|p1b: Indeedee|0 fnt\n|faint|p1b: Indeedee\n|move|p2b: Arcanine|Head Smash|p1a: Umbreon\n|-damage|p1a: Umbreon|45\/100\n|move|p1a: Umbreon|Toxic|p2a: Tornadus\n|-status|p2a: Tornadus|tox\n|\n|-heal|p1a: Umbreon|51\/100|[from] item: Leftovers\n|-damage|p2a: Tornadus|55\/100 tox|[from] psn\n|upkeep\n|\n|t:|1701101823\n|switch|p1b: Grimmsnarl|Grimmsnarl, L50, M|76\/100\n|turn|11\n|\n|t:|1701101842\n|move|p1b: Grimmsnarl|Parting Shot|p2a: Tornadus\n|-activate|p2a: Tornadus|move: Psychic Terrain\n|move|p2a: Tornadus|Tera Blast|p1b: Grimmsnarl|[anim] Tera Blast Ground\n|-damage|p1b: Grimmsnarl|58\/100\n|move|p2b: Arcanine|Flare Blitz|p1b: Grimmsnarl\n|-damage|p1b: Grimmsnarl|35\/100\n|move|p1a: Umbreon|Toxic|p2b: Arcanine\n|-status|p2b: Arcanine|tox\n|\n|-heal|p1a: Umbreon|57\/100|[from] item: Leftovers\n|-damage|p2a: Tornadus|43\/100 tox|[from] psn\n|-damage|p2b: Arcanine|79\/100 tox|[from] psn\n|-sideend|p1: beelzebruno|Reflect\n|upkeep\n|turn|12\n|inactive|pertote has 30 seconds left.\n|\n|t:|1701101869\n|move|p1b: Grimmsnarl|Reflect|p1b: Grimmsnarl\n|-sidestart|p1: beelzebruno|Reflect\n|move|p2a: Tornadus|Tera Blast|p1b: Grimmsnarl|[anim] Tera Blast Ground\n|-damage|p1b: Grimmsnarl|15\/100\n|move|p2b: Arcanine|Flare Blitz|p1b: Grimmsnarl\n|-damage|p1b: Grimmsnarl|0 fnt\n|faint|p1b: Grimmsnarl\n|move|p1a: Umbreon|Curse|p1a: Umbreon\n|-unboost|p1a: Umbreon|spe|1\n|-boost|p1a: Umbreon|atk|1\n|-boost|p1a: Umbreon|def|1\n|\n|-heal|p1a: Umbreon|63\/100|[from] item: Leftovers\n|-damage|p2a: Tornadus|26\/100 tox|[from] psn\n|-damage|p2b: Arcanine|67\/100 tox|[from] psn\n|-sideend|p1: beelzebruno|move: Light Screen\n|upkeep\n|\n|t:|1701101883\n|switch|p1b: Cresselia|Cresselia, L50, F|100\/100\n|turn|13\n|\n|t:|1701101902\n|move|p2a: Tornadus|Bleakwind Storm|p1a: Umbreon|[spread] p1a,p1b\n|-resisted|p1a: Umbreon\n|-damage|p1a: Umbreon|60\/100\n|-damage|p1b: Cresselia|85\/100\n|move|p2b: Arcanine|Flare Blitz|p1b: Cresselia\n|-damage|p1b: Cresselia|69\/100\n|move|p1b: Cresselia|Lunar Blessing|p1b: Cresselia|[spread] p1a,p1b\n|-heal|p1a: Umbreon|85\/100\n|-heal|p1b: Cresselia|94\/100\n|move|p1a: Umbreon|Calm Mind|p1a: Umbreon\n|-boost|p1a: Umbreon|spa|1\n|-boost|p1a: Umbreon|spd|1\n|\n|-heal|p1a: Umbreon|91\/100|[from] item: Leftovers\n|-damage|p2a: Tornadus|2\/100 tox|[from] psn\n|-damage|p2b: Arcanine|49\/100 tox|[from] psn\n|-fieldend|move: Psychic Terrain\n|upkeep\n|turn|14\n|inactive|pertote has 30 seconds left.\n|inactive|pertote has 20 seconds left.\n|inactive|pertote has 15 seconds left.\n|inactive|pertote has 10 seconds left.\n|inactive|pertote has 5 seconds left.\n|\n|t:|1701101957\n|move|p2a: Tornadus|Bleakwind Storm|p1b: Cresselia|[spread] p1a\n|-miss|p2a: Tornadus|p1b: Cresselia\n|-resisted|p1a: Umbreon\n|-damage|p1a: Umbreon|89\/100\n|move|p2b: Arcanine|Flare Blitz|p1a: Umbreon\n|-damage|p1a: Umbreon|84\/100\n|move|p1a: Umbreon|Calm Mind|p1a: Umbreon\n|-boost|p1a: Umbreon|spa|1\n|-boost|p1a: Umbreon|spd|1\n|move|p1b: Cresselia|Trick Room|p1b: Cresselia\n|-fieldstart|move: Trick Room|[of] p1b: Cresselia\n|\n|-heal|p1a: Umbreon|90\/100|[from] item: Leftovers\n|-damage|p2b: Arcanine|26\/100 tox|[from] psn\n|-damage|p2a: Tornadus|0 fnt|[from] psn\n|faint|p2a: Tornadus\n|upkeep\n|\n|t:|1701101975\n|switch|p2a: Iron Hands|Iron Hands, L50|100\/100\n|turn|15\n|\n|t:|1701101989\n|move|p2b: Arcanine|Extreme Speed|p1a: Umbreon\n|-damage|p1a: Umbreon|87\/100\n|move|p1a: Umbreon|Curse|p1a: Umbreon\n|-boost|p1a: Umbreon|atk|1\n|-boost|p1a: Umbreon|def|1\n|move|p2a: Iron Hands|Drain Punch|p1a: Umbreon\n|-damage|p1a: Umbreon|82\/100\n|move|p1b: Cresselia|Moonblast|p2a: Iron Hands\n|-supereffective|p2a: Iron Hands\n|-damage|p2a: Iron Hands|67\/100\n|\n|-heal|p1a: Umbreon|88\/100|[from] item: Leftovers\n|-heal|p2a: Iron Hands|73\/100|[from] item: Leftovers\n|-damage|p2b: Arcanine|0 fnt|[from] psn\n|faint|p2b: Arcanine\n|upkeep\n|\n|t:|1701101999\n|switch|p2b: Flutter Mane|Flutter Mane, L50|100\/100\n|-enditem|p2b: Flutter Mane|Booster Energy\n|-activate|p2b: Flutter Mane|ability: Protosynthesis|[fromitem]\n|-start|p2b: Flutter Mane|protosynthesisspe\n|turn|16\n|inactive|pertote has 30 seconds left.\n|inactive|pertote has 20 seconds left.\n|inactive|pertote has 15 seconds left.\n|inactive|pertote has 10 seconds left.\n|inactive|pertote has 5 seconds left.\n|\n|t:|1701102054\n|move|p1a: Umbreon|Snarl|p2b: Flutter Mane|[spread] p2a,p2b\n|-resisted|p2a: Iron Hands\n|-damage|p2a: Iron Hands|58\/100\n|-damage|p2b: Flutter Mane|68\/100\n|-unboost|p2a: Iron Hands|spa|1\n|-unboost|p2b: Flutter Mane|spa|1\n|move|p2a: Iron Hands|Thunder Punch|p1b: Cresselia\n|-damage|p1b: Cresselia|77\/100\n|move|p1b: Cresselia|Moonblast|p2a: Iron Hands\n|-supereffective|p2a: Iron Hands\n|-damage|p2a: Iron Hands|23\/100\n|move|p2b: Flutter Mane|Dazzling Gleam|p1a: Umbreon|[spread] p1a,p1b\n|-damage|p1a: Umbreon|85\/100\n|-damage|p1b: Cresselia|64\/100\n|\n|-heal|p1a: Umbreon|91\/100|[from] item: Leftovers\n|-heal|p2a: Iron Hands|29\/100|[from] item: Leftovers\n|-sideend|p1: beelzebruno|Reflect\n|upkeep\n|turn|17\n|c|\u2606beelzebruno|thats I call a real stall\n|-message|pertote forfeited.\n|\n|win|beelzebruno\n|raw|beelzebruno's rating: 1048 &rarr; <strong>1090<\/strong><br \/>(+42 for winning)\n|raw|pertote's rating: 1143 &rarr; <strong>1111<\/strong><br \/>(-32 for losing)\n|l|\u2606pertote\n","uploadtime":1701102078,"views":2,"p1id":"beelzebruno","p2id":"pertote","formatid":"gen9vgc2023regulatione","rating":1090,"private":0,"password":""}