{"id":"gen9vgc2023regulatione-1992049765","p1":"EnterTheMoanZone","p2":"FloridaParkingLot","format":"[Gen 9] VGC 2023 Regulation E","log":"|j|\u2606EnterTheMoanZone\n|j|\u2606FloridaParkingLot\n|t:|1700150861\n|gametype|doubles\n|player|p1|EnterTheMoanZone|caitlin|1273\n|player|p2|FloridaParkingLot|170|1404\n|teamsize|p1|6\n|teamsize|p2|6\n|gen|9\n|tier|[Gen 9] VGC 2023 Regulation E\n|rated|\n|rule|Species Clause: Limit one of each Pok\u00e9mon\n|rule|Item Clause: Limit one of each item\n|clearpoke\n|poke|p1|Ninetales-Alola, L50, M|\n|poke|p1|Sinistcha, L50|\n|poke|p1|Moltres-Galar, L50|\n|poke|p1|Arcanine-Hisui, L50, F|\n|poke|p1|Roaring Moon, L50|\n|poke|p1|Scizor, L50, M|\n|poke|p2|Iron Hands, L50|\n|poke|p2|Flutter Mane, L50|\n|poke|p2|Chi-Yu, L50|\n|poke|p2|Tornadus, L50, M|\n|poke|p2|Landorus-Therian, L50, M|\n|poke|p2|Urshifu-*, L50, F|\n|teampreview|4\n|inactive|Battle timer is ON: inactive players will automatically lose when time's up. (requested by EnterTheMoanZone)\n|inactive|EnterTheMoanZone has 60 seconds left.\n|inactive|FloridaParkingLot has 60 seconds left.\n|inactive|EnterTheMoanZone has 30 seconds left.\n|inactive|EnterTheMoanZone has 20 seconds left.\n|\n|t:|1700150939\n|start\n|switch|p1a: Roaring Moon|Roaring Moon, L50|100\/100\n|switch|p1b: Arcanine|Arcanine-Hisui, L50, F|100\/100\n|switch|p2a: Iron Hands|Iron Hands, L50|100\/100\n|switch|p2b: Tornadus|Tornadus, L50, M|100\/100\n|-ability|p1b: Arcanine|Intimidate|boost\n|-unboost|p2a: Iron Hands|atk|1\n|-unboost|p2b: Tornadus|atk|1\n|-enditem|p1a: Roaring Moon|Booster Energy\n|-activate|p1a: Roaring Moon|ability: Protosynthesis|[fromitem]\n|-start|p1a: Roaring Moon|protosynthesisspe\n|turn|1\n|inactive|EnterTheMoanZone has 30 seconds left.\n|inactive|EnterTheMoanZone has 20 seconds left.\n|inactive|EnterTheMoanZone has 15 seconds left.\n|inactive|EnterTheMoanZone has 10 seconds left.\n|\n|t:|1700150987\n|-terastallize|p1b: Arcanine|Fairy\n|move|p2b: Tornadus|Tailwind|p2b: Tornadus\n|-sidestart|p2: FloridaParkingLot|move: Tailwind\n|move|p1a: Roaring Moon|Tailwind|p1a: Roaring Moon\n|-sidestart|p1: EnterTheMoanZone|move: Tailwind\n|move|p1b: Arcanine|Tera Blast|p2a: Iron Hands|[anim] Tera Blast Fairy\n|-supereffective|p2a: Iron Hands\n|-damage|p2a: Iron Hands|25\/100\n|move|p2a: Iron Hands|Drain Punch|p1a: Roaring Moon\n|-supereffective|p1a: Roaring Moon\n|-damage|p1a: Roaring Moon|30\/100\n|-heal|p2a: Iron Hands|50\/100|[from] drain|[of] p1a: Roaring Moon\n|\n|upkeep\n|turn|2\n|inactive|EnterTheMoanZone has 30 seconds left.\n|\n|t:|1700151017\n|move|p1a: Roaring Moon|Protect|p1a: Roaring Moon\n|-singleturn|p1a: Roaring Moon|Protect\n|move|p2b: Tornadus|Scary Face|p1b: Arcanine\n|-unboost|p1b: Arcanine|spe|2\n|move|p1b: Arcanine|Tera Blast|p2a: Iron Hands|[anim] Tera Blast Fairy\n|-supereffective|p2a: Iron Hands\n|-damage|p2a: Iron Hands|0 fnt\n|faint|p2a: Iron Hands\n|-end|p2a: Iron Hands|Quark Drive|[silent]\n|\n|upkeep\n|\n|t:|1700151029\n|switch|p2a: Chi-Yu|Chi-Yu, L50|100\/100\n|-ability|p2a: Chi-Yu|Beads of Ruin\n|turn|3\n|inactive|EnterTheMoanZone has 30 seconds left.\n|inactive|EnterTheMoanZone has 20 seconds left.\n|\n|t:|1700151065\n|switch|p1b: Moltres|Moltres-Galar, L50|100\/100\n|move|p2a: Chi-Yu|Protect|p2a: Chi-Yu\n|-singleturn|p2a: Chi-Yu|Protect\n|move|p1a: Roaring Moon|Knock Off|p2a: Chi-Yu\n|-activate|p2a: Chi-Yu|move: Protect\n|move|p2b: Tornadus|Bleakwind Storm|p1a: Roaring Moon|[spread] p1a,p1b\n|-damage|p1a: Roaring Moon|0 fnt\n|-damage|p1b: Moltres|65\/100\n|faint|p1a: Roaring Moon\n|-end|p1a: Roaring Moon|Protosynthesis|[silent]\n|\n|upkeep\n|\n|t:|1700151080\n|switch|p1a: Arcanine|Arcanine-Hisui, L50, F, tera:Fairy|100\/100\n|-ability|p1a: Arcanine|Intimidate|boost\n|-unboost|p2a: Chi-Yu|atk|1\n|-unboost|p2b: Tornadus|atk|1\n|turn|4\n|inactive|EnterTheMoanZone has 30 seconds left.\n|\n|t:|1700151109\n|move|p2b: Tornadus|Sunny Day|p2b: Tornadus\n|-weather|SunnyDay\n|move|p2a: Chi-Yu|Heat Wave|p1b: Moltres|[spread] p1a,p1b\n|-damage|p1a: Arcanine|0 fnt\n|-damage|p1b: Moltres|0 fnt\n|faint|p1a: Arcanine\n|faint|p1b: Moltres\n|-damage|p2a: Chi-Yu|90\/100|[from] item: Life Orb\n|\n|-weather|SunnyDay|[upkeep]\n|-sideend|p1: EnterTheMoanZone|move: Tailwind\n|-sideend|p2: FloridaParkingLot|move: Tailwind\n|upkeep\n|\n|t:|1700151120\n|switch|p1a: Sinistcha|Sinistcha, L50|100\/100\n|turn|5\n|\n|t:|1700151127\n|move|p2b: Tornadus|Scary Face|p1a: Sinistcha\n|-unboost|p1a: Sinistcha|spe|2\n|move|p2a: Chi-Yu|Overheat|p1a: Sinistcha\n|-supereffective|p1a: Sinistcha\n|-damage|p1a: Sinistcha|0 fnt\n|-unboost|p2a: Chi-Yu|spa|2\n|faint|p1a: Sinistcha\n|-damage|p2a: Chi-Yu|80\/100|[from] item: Life Orb\n|\n|win|FloridaParkingLot\n|raw|EnterTheMoanZone's rating: 1273 &rarr; <strong>1255<\/strong><br \/>(-18 for losing)\n|raw|FloridaParkingLot's rating: 1380 &rarr; <strong>1394<\/strong><br \/>(+14 for winning)\n","uploadtime":1700151137,"views":8,"p1id":"enterthemoanzone","p2id":"floridaparkinglot","formatid":"gen9vgc2023regulatione","rating":1255,"private":0,"password":""}