{"id":"gen9vgc2023regulatione-1995360766","p1":"Lynx417","p2":"slow blade","format":"[Gen 9] VGC 2023 Regulation E","log":"|j|\u2606Lynx417\n|j|\u2606slow blade\n|t:|1700559811\n|gametype|doubles\n|player|p1|Lynx417|170|1079\n|player|p2|slow blade|red|1136\n|teamsize|p1|6\n|teamsize|p2|6\n|gen|9\n|tier|[Gen 9] VGC 2023 Regulation E\n|rated|\n|rule|Species Clause: Limit one of each Pok\u00e9mon\n|rule|Item Clause: Limit one of each item\n|clearpoke\n|poke|p1|Kingambit, L50, M|\n|poke|p1|Dragapult, L50, F|\n|poke|p1|Torkoal, L50, F|\n|poke|p1|Grimmsnarl, L50, M|\n|poke|p1|Jumpluff, L50, M|\n|poke|p1|Charizard, L50, F|\n|poke|p2|Pawmot, L50, F|\n|poke|p2|Rabsca, L50, F|\n|poke|p2|Golem-Alola, L50, F|\n|poke|p2|Grafaiai, L50, F|\n|poke|p2|Pelipper, L50, F|\n|poke|p2|Basculegion, L50, M|\n|teampreview|4\n|inactive|Battle timer is ON: inactive players will automatically lose when time's up. (requested by slow blade)\n|c|\u2606Lynx417|sun team vs rain team\n|inactive|Lynx417 has 60 seconds left.\n|inactive|slow blade has 60 seconds left.\n|inactive|Lynx417 has 30 seconds left.\n|\n|t:|1700559874\n|start\n|switch|p1a: Torkoal|Torkoal, L50, F|100\/100\n|switch|p1b: Jumpluff|Jumpluff, L50, M|100\/100\n|switch|p2a: Golem|Golem-Alola, L50, F, shiny|100\/100\n|switch|p2b: Pawmot|Pawmot, L50, F, shiny|100\/100\n|-weather|SunnyDay|[from] ability: Drought|[of] p1a: Torkoal\n|turn|1\n|inactive|Lynx417 has 30 seconds left.\n|inactive|Lynx417 has 20 seconds left.\n|inactive|Lynx417 has 15 seconds left.\n|\n|t:|1700559916\n|move|p2b: Pawmot|Fake Out|p1b: Jumpluff\n|-damage|p1b: Jumpluff|84\/100\n|cant|p1b: Jumpluff|flinch\n|move|p2a: Golem|Explosion|p1b: Jumpluff|[spread] p1a,p1b\n|-immune|p2b: Pawmot|[from] ability: Volt Absorb\n|-damage|p1a: Torkoal|10\/100\n|-damage|p1b: Jumpluff|0 fnt\n|faint|p2a: Golem\n|faint|p1b: Jumpluff\n|move|p1a: Torkoal|Earth Power|p2b: Pawmot\n|-supereffective|p2b: Pawmot\n|-damage|p2b: Pawmot|16\/100\n|\n|-weather|SunnyDay|[upkeep]\n|upkeep\n|\n|t:|1700559930\n|switch|p1b: Charizard|Charizard, L50, F|100\/100\n|switch|p2a: Grafaiai|Grafaiai, L50, F, shiny|100\/100\n|turn|2\n|inactive|Lynx417 has 30 seconds left.\n|inactive|slow blade has 30 seconds left.\n|\n|t:|1700559966\n|switch|p1a: Dragapult|Dragapult, L50, F|100\/100\n|move|p2a: Grafaiai|Gunk Shot|p1a: Dragapult\n|-resisted|p1a: Dragapult\n|-damage|p1a: Dragapult|39\/100\n|move|p2b: Pawmot|Revival Blessing|p2b: Pawmot\n|\n|t:|1700559972\n|-heal|p2: Golem|50\/100|[from] move: Revival Blessing\n|move|p1b: Charizard|Solar Beam||[still]\n|-prepare|p1b: Charizard|Solar Beam\n|-anim|p1b: Charizard|Solar Beam|p2a: Grafaiai\n|-resisted|p2a: Grafaiai\n|-damage|p2a: Grafaiai|71\/100\n|\n|-weather|SunnyDay|[upkeep]\n|upkeep\n|turn|3\n|\n|t:|1700559997\n|move|p1a: Dragapult|Dragon Darts|p2b: Pawmot\n|-damage|p2b: Pawmot|0 fnt\n|-anim|p1a: Dragapult|Dragon Darts|p2a: Grafaiai\n|-damage|p2a: Grafaiai|0 fnt\n|faint|p2b: Pawmot\n|faint|p2a: Grafaiai\n|move|p1b: Charizard|Ancient Power|p2: Grafaiai|[notarget]\n|-fail|p1b: Charizard\n|\n|-weather|SunnyDay|[upkeep]\n|upkeep\n|\n|t:|1700560003\n|switch|p2a: Golem|Golem-Alola, L50, F, shiny|50\/100\n|switch|p2b: Rabsca|Rabsca, L50, F, shiny|100\/100\n|turn|4\n|\n|t:|1700560025\n|-terastallize|p1a: Dragapult|Dragon\n|-terastallize|p2b: Rabsca|Dragon\n|move|p2a: Golem|Endure|p2a: Golem\n|-singleturn|p2a: Golem|move: Endure\n|move|p1a: Dragapult|Dragon Darts|p2b: Rabsca\n|-supereffective|p2b: Rabsca\n|-damage|p2b: Rabsca|17\/100\n|-anim|p1a: Dragapult|Dragon Darts|p2a: Golem\n|-damage|p2a: Golem|14\/100\n|move|p1b: Charizard|Ancient Power|p2a: Golem\n|-activate|p2a: Golem|move: Endure\n|-damage|p2a: Golem|1\/100\n|move|p2b: Rabsca|Revival Blessing|p2b: Rabsca\n|\n|t:|1700560043\n|-heal|p2: Grafaiai|50\/100|[from] move: Revival Blessing\n|\n|-weather|SunnyDay|[upkeep]\n|upkeep\n|turn|5\n|-enditem|p2a: Golem|Custap Berry|[eat]\n|-activate|p2a: Golem|item: Custap Berry|[consumed]\n|\n|t:|1700560062\n|move|p2a: Golem|Explosion|p1a: Dragapult|[spread] p1a,p1b\n|-activate|p2b: Rabsca|ability: Telepathy\n|-resisted|p1a: Dragapult\n|-supereffective|p1b: Charizard\n|-damage|p1a: Dragapult|0 fnt\n|-damage|p1b: Charizard|0 fnt\n|faint|p2a: Golem\n|faint|p1a: Dragapult\n|faint|p1b: Charizard\n|move|p2b: Rabsca|Psychic|p1: Dragapult|[notarget]\n|-fail|p2b: Rabsca\n|\n|-weather|none\n|upkeep\n|c|\u2606slow blade|lol\n|\n|t:|1700560074\n|switch|p1a: Torkoal|Torkoal, L50, F|10\/100\n|switch|p2a: Grafaiai|Grafaiai, L50, F, shiny|50\/100\n|-weather|SunnyDay|[from] ability: Drought|[of] p1a: Torkoal\n|turn|6\n|\n|t:|1700560089\n|move|p2a: Grafaiai|Gunk Shot|p1a: Torkoal\n|-damage|p1a: Torkoal|0 fnt\n|faint|p1a: Torkoal\n|\n|win|slow blade\n|raw|Lynx417's rating: 1079 &rarr; <strong>1061<\/strong><br \/>(-18 for losing)\n|raw|slow blade's rating: 1136 &rarr; <strong>1157<\/strong><br \/>(+21 for winning)\n|c|\u2606Lynx417|gg\n","uploadtime":1700560096,"views":0,"p1id":"lynx417","p2id":"slowblade","formatid":"gen9vgc2023regulatione","rating":1061,"private":0,"password":""}