{"id":"gen9vgc2023regulatione-1989201117","p1":"Pard Mafia","p2":"PiaxVGC","format":"[Gen 9] VGC 2023 Regulation E","log":"|j|\u2606Pard Mafia\n|j|\u2606PiaxVGC\n|n|\u2606Pard Mafia|pardmafia\n|n|\u2606PiaxVGC|piaxvgc\n|html|View the match progress at <a href=\"\/game-bestof3-gen9vgc2023regulatione-1989196628\">game-bestof3-gen9vgc2023regulatione-1989196628<\/a>\n|t:|1699822806\n|gametype|doubles\n|player|p1|Pard Mafia|petrel|\n|player|p2|PiaxVGC|dawn|\n|teamsize|p1|6\n|teamsize|p2|6\n|gen|9\n|tier|[Gen 9] VGC 2023 Regulation E\n|rule|Species Clause: Limit one of each Pok\u00e9mon\n|rule|Item Clause: Limit one of each item\n|clearpoke\n|poke|p1|Heatran, L50, M|\n|poke|p1|Tornadus, L50, M|\n|poke|p1|Urshifu-*, L50, M|\n|poke|p1|Iron Hands, L50|\n|poke|p1|Flutter Mane, L50|\n|poke|p1|Landorus-Therian, L50, M|\n|poke|p2|Tornadus, L50, M|\n|poke|p2|Rillaboom, L50, F|\n|poke|p2|Urshifu-*, L50, F|\n|poke|p2|Ogerpon-Hearthflame, L50, F|\n|poke|p2|Landorus-Therian, L50, M|\n|poke|p2|Gholdengo, L50|\n|teampreview|4\nPard Mafia has agreed to open team sheets.\n|j| Polpolpo\nPiaxVGC has agreed to open team sheets.\n|showteam|p1|Heatran||LifeOrb|FlashFire|HeatWave,EarthPower,FlashCannon,Protect|||M|||50|,,,,,Grass]Tornadus||MentalHerb|Prankster|BleakwindStorm,Tailwind,SunnyDay,Protect|||M|||50|,,,,,Ghost]Urshifu||BlackGlasses|UnseenFist|WickedBlow,CloseCombat,SuckerPunch,Protect|||M|||50|,,,,,Poison]Iron Hands||AssaultVest|QuarkDrive|FakeOut,DrainPunch,WildCharge,HeavySlam||||||50|,,,,,Electric]Flutter Mane||ChoiceSpecs|Protosynthesis|Moonblast,DazzlingGleam,ShadowBall,Taunt||||||50|,,,,,Fairy]Landorus-Therian||ChoiceBand|Intimidate|Earthquake,Uturn,RockSlide,StompingTantrum|||M|||50|,,,,,Water\n|showteam|p2|Tornadus||RockyHelmet|Prankster|BleakwindStorm,RainDance,Tailwind,Taunt|||M|||50|,,,,,Ghost]Rillaboom||AssaultVest|GrassySurge|WoodHammer,GrassyGlide,Uturn,FakeOut|||F|||50|,,,,,Fire]Urshifu-Rapid-Strike||MysticWater|UnseenFist|SurgingStrikes,CloseCombat,AquaJet,Detect|||F|||50|,,,,,Water]Ogerpon-Hearthflame||HearthflameMask|MoldBreaker|IvyCudgel,GrassyGlide,SwordsDance,SpikyShield|||F|||50|,,,,,Fire]Landorus-Therian||ChoiceScarf|Intimidate|StompingTantrum,TeraBlast,RockSlide,Uturn|||M|||50|,,,,,Flying]Gholdengo||ChoiceSpecs|GoodasGold|MakeItRain,ShadowBall,Thunderbolt,Trick||||||50|,,,,,Steel\n|c|\u2606Pard Mafia|Glhf\n|c|\u2606PiaxVGC|glhf anche a te!\n|\n|t:|1699822916\n|start\n|switch|p1a: Cosa Mia|Tornadus, L50, M|100\/100\n|switch|p1b: Quasi Amici|Iron Hands, L50|100\/100\n|switch|p2a: Tornadus|Tornadus, L50, M|100\/100\n|switch|p2b: Urshifu|Urshifu-Rapid-Strike, L50, F|100\/100\n|turn|1\n|\n|t:|1699822976\n|switch|p2b: Landorus|Landorus-Therian, L50, M|100\/100\n|-ability|p2b: Landorus|Intimidate|boost\n|-unboost|p1a: Cosa Mia|atk|1\n|-unboost|p1b: Quasi Amici|atk|1\n|move|p1b: Quasi Amici|Fake Out|p2b: Landorus\n|-damage|p2b: Landorus|90\/100\n|move|p2a: Tornadus|Bleakwind Storm|p1b: Quasi Amici|[spread] p1a\n|-miss|p2a: Tornadus|p1b: Quasi Amici\n|-damage|p1a: Cosa Mia|64\/100\n|-unboost|p1a: Cosa Mia|spe|1\n|move|p1a: Cosa Mia|Bleakwind Storm|p2b: Landorus|[spread] p2a,p2b\n|-damage|p2a: Tornadus|63\/100\n|-damage|p2b: Landorus|50\/100\n|\n|upkeep\n|turn|2\n|\n|t:|1699823041\n|move|p2a: Tornadus|Tailwind|p2a: Tornadus\n|-sidestart|p2: PiaxVGC|move: Tailwind\n|move|p2b: Landorus|U-turn|p1b: Quasi Amici\n|-resisted|p1b: Quasi Amici\n|-damage|p1b: Quasi Amici|92\/100\n|\n|t:|1699823045\n|switch|p2b: Rillaboom|Rillaboom, L50, F|100\/100|[from] U-turn\n|-fieldstart|move: Grassy Terrain|[from] ability: Grassy Surge|[of] p2b: Rillaboom\n|move|p1a: Cosa Mia|Bleakwind Storm|p2b: Rillaboom|[spread] p2a,p2b\n|-supereffective|p2b: Rillaboom\n|-damage|p2a: Tornadus|24\/100\n|-damage|p2b: Rillaboom|51\/100\n|-unboost|p2b: Rillaboom|spe|1\n|move|p1b: Quasi Amici|Wild Charge|p2a: Tornadus\n|-supereffective|p2a: Tornadus\n|-damage|p2a: Tornadus|0 fnt\n|-damage|p1b: Quasi Amici|75\/100|[from] item: Rocky Helmet|[of] p2a: Tornadus\n|faint|p2a: Tornadus\n|-damage|p1b: Quasi Amici|71\/100|[from] Recoil\n|\n|-heal|p2b: Rillaboom|57\/100|[from] Grassy Terrain\n|-heal|p1b: Quasi Amici|77\/100|[from] Grassy Terrain\n|upkeep\n|\n|t:|1699823056\n|switch|p2a: Urshifu|Urshifu-Rapid-Strike, L50, F|100\/100\n|turn|3\n|\n|t:|1699823095\n|switch|p1a: Purdi|Landorus-Therian, L50, M|100\/100\n|-ability|p1a: Purdi|Intimidate|boost\n|-unboost|p2a: Urshifu|atk|1\n|-unboost|p2b: Rillaboom|atk|1\n|-terastallize|p2a: Urshifu|Water\n|move|p2b: Rillaboom|Fake Out|p1a: Purdi\n|-damage|p1a: Purdi|92\/100\n|move|p2a: Urshifu|Surging Strikes|p1a: Purdi\n|-supereffective|p1a: Purdi\n|-crit|p1a: Purdi\n|-damage|p1a: Purdi|33\/100\n|-supereffective|p1a: Purdi\n|-crit|p1a: Purdi\n|-damage|p1a: Purdi|0 fnt\n|faint|p1a: Purdi\n|-hitcount|p1: Purdi|2\n|move|p1b: Quasi Amici|Wild Charge|p2a: Urshifu\n|-supereffective|p2a: Urshifu\n|-damage|p2a: Urshifu|44\/100\n|-damage|p1b: Quasi Amici|66\/100|[from] Recoil\n|\n|-heal|p2a: Urshifu|50\/100|[from] Grassy Terrain\n|-heal|p2b: Rillaboom|63\/100|[from] Grassy Terrain\n|-heal|p1b: Quasi Amici|72\/100|[from] Grassy Terrain\n|upkeep\n|\n|t:|1699823107\n|switch|p1a: Cosa Mia|Tornadus, L50, M|64\/100\n|turn|4\n|\n|t:|1699823167\n|switch|p2b: Landorus|Landorus-Therian, L50, M|50\/100\n|-ability|p2b: Landorus|Intimidate|boost\n|-unboost|p1a: Cosa Mia|atk|1\n|-unboost|p1b: Quasi Amici|atk|1\n|move|p1a: Cosa Mia|Tailwind|p1a: Cosa Mia\n|-sidestart|p1: Pard Mafia|move: Tailwind\n|move|p2a: Urshifu|Surging Strikes|p1a: Cosa Mia\n|-crit|p1a: Cosa Mia\n|-damage|p1a: Cosa Mia|34\/100\n|-crit|p1a: Cosa Mia\n|-damage|p1a: Cosa Mia|5\/100\n|-crit|p1a: Cosa Mia\n|-damage|p1a: Cosa Mia|0 fnt\n|faint|p1a: Cosa Mia\n|-hitcount|p1: Cosa Mia|3\n|move|p1b: Quasi Amici|Wild Charge|p2a: Urshifu\n|-supereffective|p2a: Urshifu\n|-damage|p2a: Urshifu|5\/100\n|-damage|p1b: Quasi Amici|63\/100|[from] Recoil\n|\n|-heal|p2a: Urshifu|11\/100|[from] Grassy Terrain\n|-heal|p1b: Quasi Amici|69\/100|[from] Grassy Terrain\n|upkeep\n|\n|t:|1699823171\n|switch|p1a: Tony|Urshifu, L50, M|100\/100\n|turn|5\n|\n|t:|1699823205\n|switch|p2a: Rillaboom|Rillaboom, L50, F|63\/100\n|move|p1a: Tony|Sucker Punch|p2b: Landorus\n|-damage|p2b: Landorus|1\/100\n|move|p2b: Landorus|Stomping Tantrum|p1b: Quasi Amici\n|-supereffective|p1b: Quasi Amici\n|-damage|p1b: Quasi Amici|8\/100\n|move|p1b: Quasi Amici|Drain Punch|p2a: Rillaboom\n|-damage|p2a: Rillaboom|43\/100\n|-heal|p1b: Quasi Amici|16\/100|[from] drain|[of] p2a: Rillaboom\n|\n|-heal|p2a: Rillaboom|49\/100|[from] Grassy Terrain\n|-heal|p1b: Quasi Amici|22\/100|[from] Grassy Terrain\n|-sideend|p2: PiaxVGC|move: Tailwind\n|upkeep\n|turn|6\n|c|\u2606Pard Mafia|Ecc\n|\n|t:|1699823231\n|move|p2a: Rillaboom|Fake Out|p1a: Tony\n|-damage|p1a: Tony|87\/100\n|cant|p1a: Tony|flinch\n|move|p2b: Landorus|Stomping Tantrum|p1b: Quasi Amici\n|-supereffective|p1b: Quasi Amici\n|-damage|p1b: Quasi Amici|0 fnt\n|faint|p1b: Quasi Amici\n|-end|p1b: Quasi Amici|Quark Drive|[silent]\n|\n|-heal|p1a: Tony|93\/100|[from] Grassy Terrain\n|-heal|p2a: Rillaboom|55\/100|[from] Grassy Terrain\n|-fieldend|move: Grassy Terrain\n|upkeep\n|turn|7\n|\n|t:|1699823244\n|move|p1a: Tony|Wicked Blow|p2a: Rillaboom\n|-crit|p2a: Rillaboom\n|-damage|p2a: Rillaboom|0 fnt\n|faint|p2a: Rillaboom\n|move|p2b: Landorus|Stomping Tantrum|p1a: Tony\n|-damage|p1a: Tony|50\/100\n|\n|-sideend|p1: Pard Mafia|move: Tailwind\n|upkeep\n|\n|t:|1699823250\n|switch|p2a: Urshifu|Urshifu-Rapid-Strike, L50, F, tera:Water|11\/100\n|turn|8\n|\n|t:|1699823291\n|move|p1a: Tony|Sucker Punch|p2a: Urshifu\n|-damage|p2a: Urshifu|0 fnt\n|faint|p2a: Urshifu\n|move|p2b: Landorus|Stomping Tantrum|p1a: Tony\n|-damage|p1a: Tony|6\/100\n|\n|upkeep\n|turn|9\n|\n|t:|1699823294\n|move|p1a: Tony|Sucker Punch|p2b: Landorus\n|-damage|p2b: Landorus|0 fnt\n|faint|p2b: Landorus\n|\n|win|Pard Mafia\n|c|&|\/uhtml prompt-piaxvgc,PiaxVGC is ready for game 3!\n|c|\u2606Pard Mafia|Gg\n|c|&|\/uhtml prompt-pardmafia,Pard Mafia is ready for game 3!\nBoth players are ready! Starting next match!\n|c|\u2606PiaxVGC|gg\n|l|\u2606Pard Mafia\n|l| Polpolpo\n|l|piaxvgc\n|j|\u2606Pard Mafia\n|player|p1|Pard Mafia|petrel\n","uploadtime":1699823312,"views":32,"p1id":"pardmafia","p2id":"piaxvgc","formatid":"gen9vgc2023regulatione","rating":0,"private":0,"password":""}