{"id":"gen9vgc2023regulatione-1999614115","p1":"gudister","p2":"squigsquag","format":"[Gen 9] VGC 2023 Regulation E","log":"|j|\u2606gudister\n|j|\u2606squigsquag\n|t:|1701101312\n|gametype|doubles\n|player|p1|gudister|266|1027\n|player|p2|squigsquag|101|1106\n|teamsize|p1|6\n|teamsize|p2|6\n|gen|9\n|tier|[Gen 9] VGC 2023 Regulation E\n|rated|\n|rule|Species Clause: Limit one of each Pok\u00e9mon\n|rule|Item Clause: Limit one of each item\n|clearpoke\n|poke|p1|Chi-Yu, L50|\n|poke|p1|Gastrodon, L50, F|\n|poke|p1|Iron Hands, L50|\n|poke|p1|Tornadus, L50, M|\n|poke|p1|Amoonguss, L50, M|\n|poke|p1|Gholdengo, L50|\n|poke|p2|Iron Bundle, L50|\n|poke|p2|Hawlucha, L50, F|\n|poke|p2|Garganacl, L50, F|\n|poke|p2|Sinistcha-Masterpiece, L50|\n|poke|p2|Toxapex, L50, F|\n|poke|p2|Goodra-Hisui, L50, M|\n|teampreview|4\n|inactive|Battle timer is ON: inactive players will automatically lose when time's up. (requested by gudister)\n|\n|t:|1701101369\n|start\n|switch|p1a: Tornadus|Tornadus, L50, M|100\/100\n|switch|p1b: Amoonguss|Amoonguss, L50, M|100\/100\n|switch|p2a: Iron Bundle|Iron Bundle, L50|100\/100\n|switch|p2b: Garganacl|Garganacl, L50, F|100\/100\n|-enditem|p2a: Iron Bundle|Booster Energy\n|-activate|p2a: Iron Bundle|ability: Quark Drive|[fromitem]\n|-start|p2a: Iron Bundle|quarkdrivespe\n|turn|1\n|inactive|gudister has 30 seconds left.\n|\n|t:|1701101402\n|-terastallize|p1b: Amoonguss|Water\n|move|p1a: Tornadus|Tailwind|p1a: Tornadus\n|-sidestart|p1: gudister|move: Tailwind\n|move|p2a: Iron Bundle|Freeze-Dry|p1b: Amoonguss\n|-supereffective|p1b: Amoonguss\n|-damage|p1b: Amoonguss|53\/100\n|move|p1b: Amoonguss|Spore|p2a: Iron Bundle\n|-status|p2a: Iron Bundle|slp|[from] move: Spore\n|move|p2b: Garganacl|Salt Cure|p1b: Amoonguss\n|-damage|p1b: Amoonguss|40\/100\n|-start|p1b: Amoonguss|Salt Cure\n|\n|-heal|p1b: Amoonguss|46\/100|[from] item: Leftovers\n|-damage|p1b: Amoonguss|22\/100|[from] Salt Cure\n|upkeep\n|turn|2\n|inactive|gudister has 30 seconds left.\n|inactive|squigsquag has 30 seconds left.\n|inactive|squigsquag has 20 seconds left.\n|inactive|squigsquag has 15 seconds left.\n|inactive|squigsquag has 10 seconds left.\n|inactive|squigsquag has 5 seconds left.\n|\n|t:|1701101455\n|switch|p1a: Iron Hands|Iron Hands, L50|100\/100\n|-enditem|p1a: Iron Hands|Booster Energy\n|-activate|p1a: Iron Hands|ability: Quark Drive|[fromitem]\n|-start|p1a: Iron Hands|quarkdriveatk\n|switch|p1b: Gholdengo|Gholdengo, L50|100\/100\n|-terastallize|p2b: Garganacl|Grass\n|cant|p2a: Iron Bundle|slp\n|move|p2b: Garganacl|Stone Edge|p1a: Iron Hands|[miss]\n|-miss|p2b: Garganacl|p1a: Iron Hands\n|\n|upkeep\n|turn|3\n|inactive|gudister has 30 seconds left.\n|inactive|squigsquag has 30 seconds left.\n|\n|t:|1701101489\n|cant|p2a: Iron Bundle|slp\n|move|p1a: Iron Hands|Fake Out|p2b: Garganacl\n|-damage|p2b: Garganacl|91\/100\n|move|p1b: Gholdengo|Psychic|p2a: Iron Bundle\n|-damage|p2a: Iron Bundle|29\/100 slp\n|-unboost|p2a: Iron Bundle|spd|1\n|-damage|p1b: Gholdengo|91\/100|[from] item: Life Orb\n|cant|p2b: Garganacl|flinch\n|\n|upkeep\n|turn|4\n|\n|t:|1701101506\n|-curestatus|p2a: Iron Bundle|slp|[msg]\n|move|p2a: Iron Bundle|Protect|p2a: Iron Bundle\n|-singleturn|p2a: Iron Bundle|Protect\n|move|p1b: Gholdengo|Make It Rain|p2a: Iron Bundle|[spread] p2b\n|-activate|p2a: Iron Bundle|move: Protect\n|-damage|p2b: Garganacl|40\/100\n|-unboost|p1b: Gholdengo|spa|1\n|-damage|p1b: Gholdengo|81\/100|[from] item: Life Orb\n|move|p1a: Iron Hands|Drain Punch|p2b: Garganacl\n|-damage|p2b: Garganacl|16\/100\n|move|p2b: Garganacl|Salt Cure|p1b: Gholdengo\n|-resisted|p1b: Gholdengo\n|-damage|p1b: Gholdengo|73\/100\n|-start|p1b: Gholdengo|Salt Cure\n|\n|-damage|p1b: Gholdengo|49\/100|[from] Salt Cure\n|-sideend|p1: gudister|move: Tailwind\n|upkeep\n|turn|5\n|inactive|squigsquag has 30 seconds left.\n|inactive|squigsquag has 20 seconds left.\n|inactive|squigsquag has 15 seconds left.\n|\n|t:|1701101549\n|-end|p1a: Iron Hands|Quark Drive|[silent]\n|switch|p1a: Amoonguss|Amoonguss, L50, M, tera:Water|55\/100\n|switch|p2b: Hawlucha|Hawlucha, L50, F|100\/100\n|move|p2a: Iron Bundle|Hydro Pump|p1b: Gholdengo|[miss]\n|-miss|p2a: Iron Bundle|p1b: Gholdengo\n|move|p1b: Gholdengo|Make It Rain|p2b: Hawlucha|[spread] p2a,p2b\n|-damage|p2a: Iron Bundle|0 fnt\n|-damage|p2b: Hawlucha|34\/100\n|-unboost|p1b: Gholdengo|spa|1\n|faint|p2a: Iron Bundle\n|-end|p2a: Iron Bundle|Quark Drive|[silent]\n|-enditem|p2b: Hawlucha|Red Card|[of] p1b: Gholdengo\n|drag|p1b: Tornadus|Tornadus, L50, M|100\/100\n|\n|-heal|p1a: Amoonguss|60\/100|[from] item: Leftovers\n|upkeep\n|\n|t:|1701101570\n|switch|p2a: Sinistcha|Sinistcha-Masterpiece, L50|100\/100\n|-heal|p2b: Hawlucha|59\/100|[from] ability: Hospitality|[of] p2a: Sinistcha\n|turn|6\n|inactive|gudister has 30 seconds left.\n|inactive|gudister has 20 seconds left.\n|inactive|gudister has 15 seconds left.\n|\n|t:|1701101611\n|switch|p1a: Iron Hands|Iron Hands, L50|100\/100\n|move|p1b: Tornadus|Tailwind|p1b: Tornadus\n|-sidestart|p1: gudister|move: Tailwind\n|move|p2b: Hawlucha|Acrobatics|p1b: Tornadus\n|-damage|p1b: Tornadus|48\/100\n|move|p2a: Sinistcha|Matcha Gotcha|p1a: Iron Hands|[spread] p1a,p1b\n|-resisted|p1b: Tornadus\n|-crit|p1b: Tornadus\n|-damage|p1a: Iron Hands|82\/100\n|-damage|p1b: Tornadus|30\/100\n|-status|p1a: Iron Hands|brn\n|\n|-damage|p1a: Iron Hands|76\/100 brn|[from] brn\n|upkeep\n|turn|7\n|inactive|gudister has 30 seconds left.\n|inactive|squigsquag has 30 seconds left.\n|inactive|squigsquag has 20 seconds left.\n|inactive|squigsquag has 15 seconds left.\n|\n|t:|1701101653\n|move|p2b: Hawlucha|Detect|p2b: Hawlucha\n|-singleturn|p2b: Hawlucha|Protect\n|move|p1a: Iron Hands|Fake Out|p2a: Sinistcha\n|-immune|p2a: Sinistcha\n|move|p1b: Tornadus|Bleakwind Storm|p2a: Sinistcha|[spread] p2a\n|-activate|p2b: Hawlucha|move: Protect\n|-supereffective|p2a: Sinistcha\n|-damage|p2a: Sinistcha|12\/100\n|move|p2a: Sinistcha|Shadow Ball|p1b: Tornadus\n|-damage|p1b: Tornadus|0 fnt\n|faint|p1b: Tornadus\n|\n|-damage|p1a: Iron Hands|70\/100 brn|[from] brn\n|upkeep\n|\n|t:|1701101674\n|switch|p1b: Gholdengo|Gholdengo, L50|49\/100\n|turn|8\n|\n|t:|1701101685\n|move|p2b: Hawlucha|Acrobatics|p1b: Gholdengo\n|-resisted|p1b: Gholdengo\n|-crit|p1b: Gholdengo\n|-damage|p1b: Gholdengo|4\/100\n|move|p1b: Gholdengo|Make It Rain|p2b: Hawlucha|[spread] p2a,p2b\n|-damage|p2a: Sinistcha|0 fnt\n|-damage|p2b: Hawlucha|0 fnt\n|-unboost|p1b: Gholdengo|spa|1\n|faint|p2a: Sinistcha\n|faint|p2b: Hawlucha\n|-damage|p1b: Gholdengo|0 fnt|[from] item: Life Orb\n|faint|p1b: Gholdengo\n|move|p1a: Iron Hands|Drain Punch|p2: Sinistcha|[notarget]\n|-fail|p1a: Iron Hands\n|\n|-damage|p1a: Iron Hands|64\/100 brn|[from] brn\n|upkeep\n|\n|t:|1701101700\n|switch|p1b: Amoonguss|Amoonguss, L50, M, tera:Water|94\/100\n|switch|p2a: Garganacl|Garganacl, L50, F, tera:Grass|16\/100\n|turn|9\n|\n|t:|1701101716\n|move|p1a: Iron Hands|Drain Punch|p2a: Garganacl\n|-damage|p2a: Garganacl|6\/100\n|-heal|p1a: Iron Hands|69\/100 brn|[from] drain|[of] p2a: Garganacl\n|move|p1b: Amoonguss|Pollen Puff|p1a: Iron Hands\n|-heal|p1a: Iron Hands|100\/100 brn\n|move|p2a: Garganacl|Recover|p2a: Garganacl\n|-heal|p2a: Garganacl|56\/100\n|\n|-heal|p1b: Amoonguss|99\/100|[from] item: Leftovers\n|-damage|p1a: Iron Hands|94\/100 brn|[from] brn\n|-sideend|p1: gudister|move: Tailwind\n|upkeep\n|turn|10\n|\n|t:|1701101733\n|move|p1b: Amoonguss|Protect|p1b: Amoonguss\n|-singleturn|p1b: Amoonguss|Protect\n|move|p1a: Iron Hands|Earthquake|p2a: Garganacl|[spread] p2a\n|-activate|p1b: Amoonguss|move: Protect\n|-resisted|p2a: Garganacl\n|-crit|p2a: Garganacl\n|-damage|p2a: Garganacl|51\/100\n|move|p2a: Garganacl|Recover|p2a: Garganacl\n|-heal|p2a: Garganacl|100\/100\n|\n|-heal|p1b: Amoonguss|100\/100|[from] item: Leftovers\n|-damage|p1a: Iron Hands|88\/100 brn|[from] brn\n|upkeep\n|turn|11\n|inactive|gudister has 30 seconds left.\n|\n|t:|1701101761\n|move|p1a: Iron Hands|Drain Punch|p2a: Garganacl\n|-damage|p2a: Garganacl|90\/100\n|-heal|p1a: Iron Hands|93\/100 brn|[from] drain|[of] p2a: Garganacl\n|move|p2a: Garganacl|Salt Cure|p1b: Amoonguss\n|-damage|p1b: Amoonguss|88\/100\n|-start|p1b: Amoonguss|Salt Cure\n|move|p1b: Amoonguss|Pollen Puff|p1a: Iron Hands\n|-heal|p1a: Iron Hands|100\/100 brn\n|\n|-heal|p1b: Amoonguss|94\/100|[from] item: Leftovers\n|-damage|p1a: Iron Hands|94\/100 brn|[from] brn\n|-damage|p1b: Amoonguss|69\/100|[from] Salt Cure\n|upkeep\n|turn|12\n|inactive|gudister has 30 seconds left.\n|inactive|gudister has 20 seconds left.\n|inactive|gudister has 15 seconds left.\n|inactive|gudister has 10 seconds left.\n|inactive|gudister has 5 seconds left.\n|\n|t:|1701101816\n|move|p1a: Iron Hands|Drain Punch|p2a: Garganacl\n|-damage|p2a: Garganacl|81\/100\n|-heal|p1a: Iron Hands|99\/100 brn|[from] drain|[of] p2a: Garganacl\n|move|p2a: Garganacl|Salt Cure|p1a: Iron Hands\n|-resisted|p1a: Iron Hands\n|-damage|p1a: Iron Hands|95\/100 brn\n|-start|p1a: Iron Hands|Salt Cure\n|move|p1b: Amoonguss|Pollen Puff|p2a: Garganacl\n|-supereffective|p2a: Garganacl\n|-damage|p2a: Garganacl|52\/100\n|\n|-heal|p1b: Amoonguss|75\/100|[from] item: Leftovers\n|-damage|p1a: Iron Hands|89\/100 brn|[from] brn\n|-damage|p1a: Iron Hands|77\/100 brn|[from] Salt Cure\n|-damage|p1b: Amoonguss|50\/100|[from] Salt Cure\n|upkeep\n|turn|13\n|\n|t:|1701101835\n|move|p1a: Iron Hands|Wild Charge|p2a: Garganacl\n|-resisted|p2a: Garganacl\n|-damage|p2a: Garganacl|45\/100\n|-damage|p1a: Iron Hands|75\/100 brn|[from] Recoil\n|move|p2a: Garganacl|Recover|p2a: Garganacl\n|-heal|p2a: Garganacl|96\/100\n|move|p1b: Amoonguss|Pollen Puff|p2a: Garganacl\n|-supereffective|p2a: Garganacl\n|-damage|p2a: Garganacl|67\/100\n|\n|-heal|p1b: Amoonguss|56\/100|[from] item: Leftovers\n|-damage|p1a: Iron Hands|69\/100 brn|[from] brn\n|-damage|p1a: Iron Hands|57\/100 brn|[from] Salt Cure\n|-damage|p1b: Amoonguss|31\/100|[from] Salt Cure\n|upkeep\n|turn|14\n|inactive|gudister has 30 seconds left.\n|inactive|gudister has 20 seconds left.\n|inactive|gudister has 15 seconds left.\n|inactive|gudister has 10 seconds left.\n|\n|t:|1701101882\n|move|p1a: Iron Hands|Drain Punch|p2a: Garganacl\n|-damage|p2a: Garganacl|58\/100\n|-heal|p1a: Iron Hands|62\/100 brn|[from] drain|[of] p2a: Garganacl\n|move|p2a: Garganacl|Recover|p2a: Garganacl\n|-heal|p2a: Garganacl|100\/100\n|move|p1b: Amoonguss|Pollen Puff|p1a: Iron Hands\n|-heal|p1a: Iron Hands|100\/100 brn\n|\n|-heal|p1b: Amoonguss|37\/100|[from] item: Leftovers\n|-damage|p1a: Iron Hands|94\/100 brn|[from] brn\n|-damage|p1a: Iron Hands|82\/100 brn|[from] Salt Cure\n|-damage|p1b: Amoonguss|12\/100|[from] Salt Cure\n|upkeep\n|turn|15\n|inactive|gudister has 30 seconds left this turn.\n|inactive|gudister has 20 seconds left.\n|inactive|gudister has 15 seconds left.\n|inactive|gudister has 10 seconds left.\n|inactive|squigsquag has 30 seconds left.\n|\n|t:|1701101915\n|move|p1b: Amoonguss|Rage Powder|p1b: Amoonguss\n|-singleturn|p1b: Amoonguss|move: Rage Powder\n|move|p1a: Iron Hands|Wild Charge|p2a: Garganacl\n|-resisted|p2a: Garganacl\n|-damage|p2a: Garganacl|95\/100\n|-damage|p1a: Iron Hands|81\/100 brn|[from] Recoil\n|move|p2a: Garganacl|Stone Edge|p1b: Amoonguss\n|-damage|p1b: Amoonguss|0 fnt\n|faint|p1b: Amoonguss\n|\n|-damage|p1a: Iron Hands|75\/100 brn|[from] brn\n|-damage|p1a: Iron Hands|63\/100 brn|[from] Salt Cure\n|upkeep\n|turn|16\n|inactive|gudister has 10 seconds left this turn.\n|inactive|gudister has 5 seconds left.\n|-message|gudister lost due to inactivity.\n|\n|win|squigsquag\n|raw|gudister's rating: 1027 &rarr; <strong>1016<\/strong><br \/>(-11 for losing)\n|raw|squigsquag's rating: 1106 &rarr; <strong>1125<\/strong><br \/>(+19 for winning)\n","uploadtime":1701101929,"views":14,"p1id":"gudister","p2id":"squigsquag","formatid":"gen9vgc2023regulatione","rating":1016,"private":0,"password":""}