{"id":"gen9vgc2023regulatione-1996221103","p1":"Frost314","p2":"CFSkyrunner","format":"[Gen 9] VGC 2023 Regulation E","log":"|j|\u2606Frost314\n|j|\u2606CFSkyrunner\n|t:|1700660804\n|gametype|doubles\n|player|p1|Frost314|backers|1046\n|player|p2|CFSkyrunner|falkner|1127\n|teamsize|p1|4\n|teamsize|p2|6\n|gen|9\n|tier|[Gen 9] VGC 2023 Regulation E\n|rated|\n|rule|Species Clause: Limit one of each Pok\u00e9mon\n|rule|Item Clause: Limit one of each item\n|clearpoke\n|poke|p1|Vikavolt, L50, M|\n|poke|p1|Indeedee-F, L50, F|\n|poke|p1|Beartic, L50, M|\n|poke|p1|Pelipper, L50, F|\n|poke|p2|Ursaluna-Bloodmoon, L50, M|\n|poke|p2|Sylveon, L50, F|\n|poke|p2|Iron Hands, L50|\n|poke|p2|Sinistcha, L50|\n|poke|p2|Flutter Mane, L50|\n|poke|p2|Urshifu-*, L50, M|\n|teampreview|4\n|inactive|Battle timer is ON: inactive players will automatically lose when time's up. (requested by Frost314)\n|\n|t:|1700660813\n|start\n|switch|p1a: Pelipper|Pelipper, L50, F|100\/100\n|switch|p1b: Indeedee|Indeedee-F, L50, F|100\/100\n|switch|p2a: Ursaluna|Ursaluna-Bloodmoon, L50, M|100\/100\n|switch|p2b: Sylveon|Sylveon, L50, F|100\/100\n|-fieldstart|move: Psychic Terrain|[from] ability: Psychic Surge|[of] p1b: Indeedee\n|-enditem|p1b: Indeedee|Psychic Seed\n|-boost|p1b: Indeedee|spd|1|[from] item: Psychic Seed\n|-weather|RainDance|[from] ability: Drizzle|[of] p1a: Pelipper\n|turn|1\n|\n|t:|1700660836\n|-terastallize|p2a: Ursaluna|Ghost\n|move|p1b: Indeedee|Calm Mind|p1b: Indeedee\n|-boost|p1b: Indeedee|spa|1\n|-boost|p1b: Indeedee|spd|1\n|move|p1a: Pelipper|Tailwind|p1a: Pelipper\n|-sidestart|p1: Frost314|move: Tailwind\n|move|p2a: Ursaluna|Blood Moon|p1a: Pelipper\n|-damage|p1a: Pelipper|19\/100\n|move|p2b: Sylveon|Copycat|p2b: Sylveon\n|move|p2b: Sylveon|Blood Moon|p1a: Pelipper|[from]move: Copycat\n|-damage|p1a: Pelipper|0 fnt\n|faint|p1a: Pelipper\n|\n|-weather|RainDance|[upkeep]\n|upkeep\n|\n|t:|1700660845\n|switch|p1a: Vikavolt|Vikavolt, L50, M|100\/100\n|turn|2\n|\n|t:|1700660861\n|move|p2a: Ursaluna|Protect|p2a: Ursaluna\n|-singleturn|p2a: Ursaluna|Protect\n|move|p1b: Indeedee|Follow Me|p1b: Indeedee\n|-singleturn|p1b: Indeedee|move: Follow Me\n|move|p1a: Vikavolt|Agility|p1a: Vikavolt\n|-boost|p1a: Vikavolt|spe|2\n|move|p2b: Sylveon|Hyper Voice|p1b: Indeedee|[spread] p1a,p1b\n|-crit|p1a: Vikavolt\n|-damage|p1a: Vikavolt|37\/100\n|-damage|p1b: Indeedee|87\/100\n|-enditem|p2b: Sylveon|Throat Spray\n|-boost|p2b: Sylveon|spa|1|[from] item: Throat Spray\n|\n|-weather|RainDance|[upkeep]\n|-heal|p1a: Vikavolt|43\/100|[from] item: Leftovers\n|upkeep\n|turn|3\n|\n|t:|1700660884\n|move|p1a: Vikavolt|Thunder|p2a: Ursaluna\n|-damage|p2a: Ursaluna|34\/100\n|move|p1b: Indeedee|Draining Kiss|p2a: Ursaluna\n|-damage|p2a: Ursaluna|14\/100\n|-heal|p1b: Indeedee|100\/100|[from] drain|[of] p2a: Ursaluna\n|move|p2a: Ursaluna|Blood Moon|p1b: Indeedee\n|-damage|p1b: Indeedee|68\/100\n|move|p2b: Sylveon|Copycat|p2b: Sylveon\n|move|p2b: Sylveon|Blood Moon|p1b: Indeedee|[from]move: Copycat\n|-damage|p1b: Indeedee|25\/100\n|\n|-weather|RainDance|[upkeep]\n|-heal|p1a: Vikavolt|49\/100|[from] item: Leftovers\n|-heal|p2a: Ursaluna|20\/100|[from] item: Leftovers\n|upkeep\n|turn|4\n|\n|t:|1700660906\n|move|p1a: Vikavolt|Thunder|p2b: Sylveon\n|-damage|p2b: Sylveon|63\/100\n|-status|p2b: Sylveon|par\n|move|p1b: Indeedee|Draining Kiss|p2a: Ursaluna\n|-damage|p2a: Ursaluna|0 fnt\n|-heal|p1b: Indeedee|42\/100|[from] drain|[of] p2a: Ursaluna\n|faint|p2a: Ursaluna\n|move|p2b: Sylveon|Hyper Voice|p1a: Vikavolt|[spread] p1a,p1b\n|-damage|p1a: Vikavolt|0 fnt\n|-damage|p1b: Indeedee|24\/100\n|faint|p1a: Vikavolt\n|\n|-weather|RainDance|[upkeep]\n|-sideend|p1: Frost314|move: Tailwind\n|upkeep\n|\n|t:|1700660920\n|switch|p1a: Beartic|Beartic, L50, M|100\/100\n|switch|p2a: Chimarro|Sinistcha, L50|100\/100\n|-heal|p2b: Sylveon|88\/100 par|[from] ability: Hospitality|[of] p2a: Chimarro\n|turn|5\n|\n|t:|1700660934\n|move|p2a: Chimarro|Rage Powder|p2a: Chimarro\n|-singleturn|p2a: Chimarro|move: Rage Powder\n|move|p1a: Beartic|Icicle Spear|p2a: Chimarro\n|-supereffective|p2a: Chimarro\n|-damage|p2a: Chimarro|76\/100\n|-supereffective|p2a: Chimarro\n|-damage|p2a: Chimarro|52\/100\n|-supereffective|p2a: Chimarro\n|-damage|p2a: Chimarro|29\/100\n|-supereffective|p2a: Chimarro\n|-damage|p2a: Chimarro|7\/100\n|-hitcount|p2a: Chimarro|4\n|move|p1b: Indeedee|Draining Kiss|p2a: Chimarro\n|-damage|p2a: Chimarro|0 fnt\n|-heal|p1b: Indeedee|28\/100|[from] drain|[of] p2a: Chimarro\n|-damage|p1b: Indeedee|12\/100|[from] item: Rocky Helmet|[of] p2a: Chimarro\n|faint|p2a: Chimarro\n|move|p2b: Sylveon|Hyper Voice|p1b: Indeedee|[spread] p1a,p1b\n|-damage|p1a: Beartic|33\/100\n|-damage|p1b: Indeedee|0 fnt\n|-enditem|p1a: Beartic|Sitrus Berry|[eat]\n|-heal|p1a: Beartic|58\/100|[from] item: Sitrus Berry\n|faint|p1b: Indeedee\n|\n|-weather|RainDance|[upkeep]\n|-fieldend|move: Psychic Terrain\n|upkeep\n|\n|t:|1700660954\n|switch|p2a: BeastSlap3|Iron Hands, L50|100\/100\n|turn|6\n|\n|t:|1700660960\n|move|p1a: Beartic|Protect|p1a: Beartic\n|-singleturn|p1a: Beartic|Protect\n|move|p2a: BeastSlap3|Fake Out|p1a: Beartic\n|-activate|p1a: Beartic|move: Protect\n|move|p2b: Sylveon|Hyper Voice|p1a: Beartic\n|-activate|p1a: Beartic|move: Protect\n|\n|-weather|RainDance|[upkeep]\n|upkeep\n|turn|7\n|\n|t:|1700660971\n|-terastallize|p1a: Beartic|Water\n|move|p1a: Beartic|Icicle Spear|p2b: Sylveon\n|-damage|p2b: Sylveon|71\/100 par\n|-damage|p2b: Sylveon|55\/100 par\n|-damage|p2b: Sylveon|39\/100 par\n|-damage|p2b: Sylveon|20\/100 par\n|-damage|p2b: Sylveon|5\/100 par\n|-hitcount|p2b: Sylveon|5\n|move|p2a: BeastSlap3|Drain Punch|p1a: Beartic\n|-damage|p1a: Beartic|5\/100\n|move|p2b: Sylveon|Hyper Voice|p1a: Beartic\n|-damage|p1a: Beartic|0 fnt\n|faint|p1a: Beartic\n|\n|win|CFSkyrunner\n|raw|Frost314's rating: 1046 &rarr; <strong>1033<\/strong><br \/>(-13 for losing)\n|raw|CFSkyrunner's rating: 1127 &rarr; <strong>1146<\/strong><br \/>(+19 for winning)\n|l|\u2606Frost314\n","uploadtime":1700661001,"views":16,"p1id":"frost314","p2id":"cfskyrunner","formatid":"gen9vgc2023regulatione","rating":1033,"private":0,"password":""}