{"id":"gen9vgc2023regulatione-1992099974","p1":"elkvicous","p2":"fang hider","format":"[Gen 9] VGC 2023 Regulation E","log":"|j|\u2606elkvicous\n|j|\u2606fang hider\n|t:|1700155079\n|gametype|doubles\n|player|p1|elkvicous|ltsurge|1144\n|player|p2|fang hider|266|1048\n|teamsize|p1|6\n|teamsize|p2|6\n|gen|9\n|tier|[Gen 9] VGC 2023 Regulation E\n|rated|\n|rule|Species Clause: Limit one of each Pok\u00e9mon\n|rule|Item Clause: Limit one of each item\n|clearpoke\n|poke|p1|Heatran, L50, F|\n|poke|p1|Lycanroc, L50, F|\n|poke|p1|Tyranitar, L50, M|\n|poke|p1|Sylveon, L50, M|\n|poke|p1|Cresselia, L50, F|\n|poke|p1|Gastrodon, L50, F|\n|poke|p2|Farigiraf, L50, M|\n|poke|p2|Iron Hands, L50|\n|poke|p2|Urshifu-*, L50, M|\n|poke|p2|Tornadus, L50, M|\n|poke|p2|Chien-Pao, L50|\n|poke|p2|Lokix, L50, M|\n|teampreview|4\n|\n|t:|1700155103\n|start\n|switch|p1a: Cresselia|Cresselia, L50, F|100\/100\n|switch|p1b: Lycanroc|Lycanroc, L50, F|100\/100\n|switch|p2a: Urshifu|Urshifu-Rapid-Strike, L50, M|100\/100\n|switch|p2b: Tornadus|Tornadus, L50, M|100\/100\n|turn|1\n|c|\u2606fang hider|hi\n|\n|t:|1700155118\n|switch|p1b: Gastrodon|Gastrodon, L50, F|100\/100\n|move|p2b: Tornadus|Taunt|p1a: Cresselia\n|-start|p1a: Cresselia|move: Taunt\n|-enditem|p1a: Cresselia|Mental Herb\n|-end|p1a: Cresselia|move: Taunt\n|move|p2a: Urshifu|Surging Strikes|p1b: Gastrodon\n|-ability|p1b: Gastrodon|Storm Drain|boost\n|-boost|p1b: Gastrodon|spa|1\n|move|p1a: Cresselia|Trick Room|p1a: Cresselia\n|-fieldstart|move: Trick Room|[of] p1a: Cresselia\n|\n|upkeep\n|turn|2\n|\n|t:|1700155146\n|switch|p2a: Lokix|Lokix, L50, M|100\/100\n|move|p2b: Tornadus|Taunt|p1a: Cresselia\n|-start|p1a: Cresselia|move: Taunt\n|move|p1b: Gastrodon|Yawn|p2b: Tornadus\n|-start|p2b: Tornadus|move: Yawn|[of] p1b: Gastrodon\n|move|p1a: Cresselia|Moonblast|p2a: Lokix\n|-supereffective|p2a: Lokix\n|-damage|p2a: Lokix|65\/100\n|\n|upkeep\n|turn|3\n|\n|t:|1700155178\n|switch|p1a: Tyranitar|Tyranitar, L50, M|100\/100\n|-weather|Sandstorm|[from] ability: Sand Stream|[of] p1a: Tyranitar\n|move|p2a: Lokix|First Impression|p1a: Tyranitar\n|-supereffective|p1a: Tyranitar\n|-damage|p1a: Tyranitar|39\/100\n|move|p2b: Tornadus|Rain Dance|p2b: Tornadus\n|-weather|RainDance\n|move|p1b: Gastrodon|Acid Armor|p1b: Gastrodon\n|-boost|p1b: Gastrodon|def|2\n|\n|-weather|RainDance|[upkeep]\n|-end|p2b: Tornadus|move: Yawn|[silent]\n|-status|p2b: Tornadus|slp\n|upkeep\n|turn|4\n|\n|t:|1700155202\n|switch|p1a: Cresselia|Cresselia, L50, F|100\/100\n|move|p1b: Gastrodon|Earth Power|p2a: Lokix\n|-resisted|p2a: Lokix\n|-damage|p2a: Lokix|41\/100\n|move|p2a: Lokix|Axe Kick|p1b: Gastrodon|[miss]\n|-miss|p2a: Lokix|p1b: Gastrodon\n|-damage|p2a: Lokix|0 fnt|[from] highjumpkick\n|faint|p2a: Lokix\n|cant|p2b: Tornadus|slp\n|\n|-weather|RainDance|[upkeep]\n|upkeep\n|\n|t:|1700155214\n|switch|p2a: Urshifu|Urshifu-Rapid-Strike, L50, M|100\/100\n|turn|5\n|\n|t:|1700155223\n|move|p1b: Gastrodon|Earth Power|p2a: Urshifu\n|-damage|p2a: Urshifu|45\/100\n|move|p1a: Cresselia|Moonblast|p2a: Urshifu\n|-supereffective|p2a: Urshifu\n|-damage|p2a: Urshifu|5\/100\n|cant|p2b: Tornadus|slp\n|move|p2a: Urshifu|Surging Strikes|p1b: Gastrodon\n|-activate|p1b: Gastrodon|ability: Storm Drain\n|-ability|p1b: Gastrodon|Storm Drain|boost\n|-boost|p1b: Gastrodon|spa|1\n|\n|-weather|RainDance|[upkeep]\n|-fieldend|move: Trick Room\n|upkeep\n|turn|6\n|c|\u2606fang hider|i targeted cressalia why did it attack gastrdon\n|\n|t:|1700155265\n|cant|p2b: Tornadus|slp\n|move|p2a: Urshifu|Surging Strikes|p1b: Gastrodon\n|-activate|p1b: Gastrodon|ability: Storm Drain\n|-ability|p1b: Gastrodon|Storm Drain|boost\n|-boost|p1b: Gastrodon|spa|1\n|move|p1a: Cresselia|Moonblast|p2b: Tornadus\n|-crit|p2b: Tornadus\n|-damage|p2b: Tornadus|73\/100 slp\n|move|p1b: Gastrodon|Earth Power|p2a: Urshifu\n|-crit|p2a: Urshifu\n|-damage|p2a: Urshifu|0 fnt\n|faint|p2a: Urshifu\n|\n|-weather|RainDance|[upkeep]\n|-heal|p2b: Tornadus|79\/100 slp|[from] item: Leftovers\n|upkeep\n|\n|t:|1700155275\n|switch|p2a: Chien-Pao|Chien-Pao, L50|100\/100\n|-ability|p2a: Chien-Pao|Sword of Ruin\n|turn|7\n|\n|t:|1700155291\n|move|p2a: Chien-Pao|Sacred Sword|p1b: Gastrodon\n|-damage|p1b: Gastrodon|59\/100\n|-damage|p2a: Chien-Pao|91\/100|[from] item: Life Orb\n|-curestatus|p2b: Tornadus|slp|[msg]\n|move|p2b: Tornadus|Bleakwind Storm|p1b: Gastrodon|[spread] p1a,p1b\n|-damage|p1a: Cresselia|79\/100\n|-damage|p1b: Gastrodon|29\/100\n|-unboost|p1a: Cresselia|spe|1\n|move|p1a: Cresselia|Moonblast|p2a: Chien-Pao\n|-supereffective|p2a: Chien-Pao\n|-damage|p2a: Chien-Pao|38\/100\n|move|p1b: Gastrodon|Earth Power|p2a: Chien-Pao\n|-damage|p2a: Chien-Pao|0 fnt\n|faint|p2a: Chien-Pao\n|\n|-weather|none\n|-heal|p2b: Tornadus|85\/100|[from] item: Leftovers\n|-heal|p1b: Gastrodon|35\/100|[from] item: Leftovers\n|upkeep\n|turn|8\n|-message|fang hider forfeited.\n|\n|win|elkvicous\n|raw|elkvicous's rating: 1144 &rarr; <strong>1162<\/strong><br \/>(+18 for winning)\n|raw|fang hider's rating: 1048 &rarr; <strong>1035<\/strong><br \/>(-13 for losing)\n|l|\u2606fang hider\n","uploadtime":1700155321,"views":19,"p1id":"elkvicous","p2id":"fanghider","formatid":"gen9vgc2023regulatione","rating":1035,"private":0,"password":""}