{"id":"gen9vgc2023regulatione-1992585475","p1":"AvianRoseline","p2":"Perrotttt","format":"[Gen 9] VGC 2023 Regulation E","log":"|j|\u2606AvianRoseline\n|j|\u2606Perrotttt\n|t:|1700210248\n|gametype|doubles\n|player|p1|AvianRoseline|cynthia-gen4|1055\n|player|p2|Perrotttt|lusamine-nihilego|1000\n|teamsize|p1|6\n|teamsize|p2|6\n|gen|9\n|tier|[Gen 9] VGC 2023 Regulation E\n|rated|\n|rule|Species Clause: Limit one of each Pok\u00e9mon\n|rule|Item Clause: Limit one of each item\n|clearpoke\n|poke|p1|Blissey, L50, F|\n|poke|p1|Snorlax, L50, F|\n|poke|p1|Flutter Mane, L50|\n|poke|p1|Cresselia, L50, F|\n|poke|p1|Baxcalibur, L50, F|\n|poke|p1|Glastrier, L50|\n|poke|p2|Cresselia, L50, F|\n|poke|p2|Lycanroc-Midnight, L50, F|\n|poke|p2|Cryogonal, L50|\n|poke|p2|Sinistcha-Masterpiece, L50|\n|poke|p2|Indeedee-F, L50, F|\n|poke|p2|Basculegion-F, L50, F|\n|teampreview|4\n|inactive|Battle timer is ON: inactive players will automatically lose when time's up. (requested by Perrotttt)\n|c|\u2606Perrotttt|glhf\n|\n|t:|1700210274\n|start\n|switch|p1a: Support Madness|Cresselia, L50, F, shiny|100\/100\n|switch|p1b: Absolute Tank|Blissey, L50, F, shiny|100\/100\n|switch|p2a: Lycanroc|Lycanroc-Midnight, L50, F|100\/100\n|switch|p2b: Cresselia|Cresselia, L50, F|100\/100\n|turn|1\n|\n|t:|1700210295\n|move|p1b: Absolute Tank|Sunny Day|p1b: Absolute Tank\n|-weather|SunnyDay\n|move|p2b: Cresselia|Skill Swap|p2a: Lycanroc\n|-activate|p2b: Cresselia|move: Skill Swap|||[of] p2a: Lycanroc\n|move|p2a: Lycanroc|Stealth Rock|p1a: Support Madness\n|-sidestart|p1: AvianRoseline|move: Stealth Rock\n|move|p1a: Support Madness|Trick Room|p1a: Support Madness\n|-fieldstart|move: Trick Room|[of] p1a: Support Madness\n|\n|-weather|SunnyDay|[upkeep]\n|upkeep\n|turn|2\n|\n|t:|1700210317\n|switch|p2a: Cryogonal|Cryogonal, L50|100\/100\n|switch|p1b: Chilling Bing|Glastrier, L50|100\/100\n|-damage|p1b: Chilling Bing|76\/100|[from] Stealth Rock\n|move|p1a: Support Madness|Psychic|p2b: Cresselia\n|-resisted|p2b: Cresselia\n|-damage|p2b: Cresselia|89\/100\n|-unboost|p2b: Cresselia|spd|1\n|move|p2b: Cresselia|Skill Swap|p2a: Cryogonal\n|-activate|p2b: Cresselia|move: Skill Swap|||[of] p2a: Cryogonal\n|\n|-weather|SunnyDay|[upkeep]\n|-heal|p2b: Cresselia|95\/100|[from] item: Leftovers\n|upkeep\n|turn|3\n|inactive|AvianRoseline has 30 seconds left.\n|inactive|AvianRoseline has 20 seconds left.\n|inactive|AvianRoseline has 15 seconds left.\n|inactive|AvianRoseline has 10 seconds left.\n|\n|t:|1700210364\n|move|p1b: Chilling Bing|Close Combat|p2b: Cresselia\n|-resisted|p2b: Cresselia\n|-damage|p2b: Cresselia|77\/100\n|-unboost|p1b: Chilling Bing|def|1\n|-unboost|p1b: Chilling Bing|spd|1\n|move|p1a: Support Madness|Lunar Blessing|p1a: Support Madness|[spread] p1a,p1b\n|-heal|p1b: Chilling Bing|100\/100\n|move|p2b: Cresselia|Psychic|p1b: Chilling Bing\n|-damage|p1b: Chilling Bing|80\/100\n|-unboost|p1b: Chilling Bing|spd|1\n|move|p2a: Cryogonal|Sheer Cold|p1a: Support Madness\n|-damage|p1a: Support Madness|0 fnt\n|faint|p1a: Support Madness\n|-ohko\n|\n|-weather|SunnyDay|[upkeep]\n|-heal|p2b: Cresselia|84\/100|[from] item: Leftovers\n|upkeep\n|inactive|AvianRoseline has 30 seconds left.\n|\n|t:|1700210392\n|switch|p1a: Absolute Tank|Blissey, L50, F, shiny|100\/100\n|-damage|p1a: Absolute Tank|88\/100|[from] Stealth Rock\n|turn|4\n|\n|t:|1700210405\n|move|p1b: Chilling Bing|High Horsepower|p2a: Cryogonal\n|-damage|p2a: Cryogonal|28\/100\n|move|p2b: Cresselia|Psychic|p1b: Chilling Bing\n|-damage|p1b: Chilling Bing|54\/100\n|move|p2a: Cryogonal|Sheer Cold|p1a: Absolute Tank\n|-damage|p1a: Absolute Tank|0 fnt\n|faint|p1a: Absolute Tank\n|-ohko\n|\n|-weather|SunnyDay|[upkeep]\n|-heal|p2b: Cresselia|90\/100|[from] item: Leftovers\n|upkeep\n|c|\u2606AvianRoseline|that's really lucky\n|inactive|AvianRoseline has 30 seconds left.\n|c|\u2606Perrotttt|no\n|c|\u2606Perrotttt|I'm no guard\n|inactive|AvianRoseline has 20 seconds left.\n|c|\u2606AvianRoseline|oh\n|c|\u2606Perrotttt|so I can't miss\n|inactive|AvianRoseline has 15 seconds left.\n|c|\u2606AvianRoseline|well sh**\n|inactive|AvianRoseline has 10 seconds left.\n|\n|t:|1700210453\n|switch|p1a: Flutter Mane|Flutter Mane, L50|100\/100\n|-damage|p1a: Flutter Mane|88\/100|[from] Stealth Rock\n|-activate|p1a: Flutter Mane|ability: Protosynthesis\n|-start|p1a: Flutter Mane|protosynthesisspe\n|turn|5\n|\n|t:|1700210473\n|-terastallize|p1a: Flutter Mane|Fairy\n|move|p2b: Cresselia|Ally Switch|p2b: Cresselia\n|swap|p2b: Cresselia|0|[from] move: Ally Switch\n|move|p1b: Chilling Bing|High Horsepower|p2a: Cresselia\n|-immune|p2a: Cresselia|[from] ability: Levitate\n|move|p2b: Cryogonal|Sheer Cold|p1a: Flutter Mane\n|-damage|p1a: Flutter Mane|0 fnt\n|faint|p1a: Flutter Mane\n|-end|p1a: Flutter Mane|Protosynthesis|[silent]\n|-ohko\n|\n|-weather|none\n|-heal|p2a: Cresselia|96\/100|[from] item: Leftovers\n|-fieldend|move: Trick Room\n|upkeep\n|turn|6\n|inactive|Perrotttt has 30 seconds left.\n|c|\u2606AvianRoseline|gg then\n|c|\u2606Perrotttt|gg\n|\n|t:|1700210507\n|move|p2b: Cryogonal|Ancient Power|p1b: Chilling Bing\n|-supereffective|p1b: Chilling Bing\n|-damage|p1b: Chilling Bing|23\/100\n|move|p2a: Cresselia|Psychic|p1b: Chilling Bing\n|-damage|p1b: Chilling Bing|0 fnt\n|faint|p1b: Chilling Bing\n|\n|win|Perrotttt\n|raw|AvianRoseline's rating: 1055 &rarr; <strong>1034<\/strong><br \/>(-21 for losing)\n|raw|Perrotttt's rating: 1000 &rarr; <strong>1046<\/strong><br \/>(+46 for winning)\n","uploadtime":1700210519,"views":18,"p1id":"avianroseline","p2id":"perrotttt","formatid":"gen9vgc2023regulatione","rating":1034,"private":0,"password":""}