{"id":"gen9vgc2023regulatione-1992969570","p1":"Imoral","p2":"e63593","format":"[Gen 9] VGC 2023 Regulation E","log":"|j|\u2606Imoral\n|j|\u2606e63593\n|inactive|Battle timer is ON: inactive players will automatically lose when time's up.\n|t:|1700251332\n|gametype|doubles\n|player|p1|Imoral|kahili|\n|player|p2|e63593|lillie-z|\n|teamsize|p1|6\n|teamsize|p2|6\n|gen|9\n|tier|[Gen 9] VGC 2023 Regulation E\n|rated|Tournament battle\n|rule|Species Clause: Limit one of each Pok\u00e9mon\n|rule|Item Clause: Limit one of each item\n|clearpoke\n|poke|p1|Kommo-o, L50, M|\n|poke|p1|Tyranitar, L50, M|\n|poke|p1|Rillaboom, L50, F|\n|poke|p1|Flutter Mane, L50|\n|poke|p1|Arcanine-Hisui, L50, M|\n|poke|p1|Iron Bundle, L50|\n|poke|p2|Kommo-o, L50, M|\n|poke|p2|Arcanine-Hisui, L50, F|\n|poke|p2|Rillaboom, L50, M|\n|poke|p2|Tyranitar, L50, F|\n|poke|p2|Flutter Mane, L50|\n|poke|p2|Iron Bundle, L50|\n|teampreview|4\n|inactive|e63593 also wants the timer to be on.\n|inactive|Imoral also wants the timer to be on.\n|j|%Drampa\u5927Raivoso\n|c|\u2606Imoral|hf\n|c|\u2606Imoral|u\u00e9\n|inactive|Imoral has 60 seconds left.\n|inactive|e63593 has 60 seconds left.\n|c|%Drampa\u5927Raivoso|Conseguiu entrar no ultimo segundo, Imoral\n|c|\u2606Imoral|ladr\u00e3o\n|c|\u2606e63593|esse meu time\n|c|\u2606Imoral|sim Drampa\u5927Raivoso, nem pretendia participar, mas n deu tempo de clicar no leave dps de joinar\n|j|+PokeChess\n|inactive|Imoral has 30 seconds left.\n|inactive|e63593 has 30 seconds left.\n|c|+PokeChess|ainda da tempo\n|c|\u2606e63593|\u00e9 uma vers\u00e3o melhorada do time com Kommo-o que ganhou uma regional\n|c|+PokeChess|de forfeitar\n|inactive|Imoral has 20 seconds left.\n|inactive|e63593 has 20 seconds left.\n|c|\u2606e63593|o seu \u00e9 uma copia.\n|c|%Drampa\u5927Raivoso|Eu at\u00e9 pensei em entrar, mas lembrei de algo importante\n|inactive|Imoral has 15 seconds left.\n|inactive|e63593 has 15 seconds left.\n|inactive|e63593 has 10 seconds left.\n|\n|t:|1700251414\n|start\n|switch|p1a: Rillaboom|Rillaboom, L50, F|100\/100\n|switch|p1b: Arcanine|Arcanine-Hisui, L50, M|100\/100\n|switch|p2a: Rillaboom|Rillaboom, L50, M, shiny|100\/100\n|switch|p2b: Ptereavus|Flutter Mane, L50, shiny|100\/100\n|-ability|p1b: Arcanine|Intimidate|boost\n|-unboost|p2a: Rillaboom|atk|1\n|-unboost|p2b: Ptereavus|atk|1\n|-fieldstart|move: Grassy Terrain|[from] ability: Grassy Surge|[of] p2a: Rillaboom\n|turn|1\n|inactive|Imoral has 30 seconds left.\n|\n|t:|1700251448\n|-end|p2b: Ptereavus|Protosynthesis|[silent]\n|switch|p2b: Arcanine|Arcanine-Hisui, L50, F, shiny|100\/100\n|-ability|p2b: Arcanine|Intimidate|boost\n|-unboost|p1a: Rillaboom|atk|1\n|-unboost|p1b: Arcanine|atk|1\n|move|p2a: Rillaboom|Fake Out|p1b: Arcanine\n|-resisted|p1b: Arcanine\n|-damage|p1b: Arcanine|95\/100\n|move|p1a: Rillaboom|Grassy Glide|p2b: Arcanine\n|-damage|p2b: Arcanine|68\/100\n|cant|p1b: Arcanine|flinch\n|\n|-heal|p2b: Arcanine|74\/100|[from] Grassy Terrain\n|-heal|p1b: Arcanine|100\/100|[from] Grassy Terrain\n|upkeep\n|turn|2\n|\n|t:|1700251471\n|move|p2b: Arcanine|Flare Blitz|p1a: Rillaboom\n|-supereffective|p1a: Rillaboom\n|-damage|p1a: Rillaboom|5\/100\n|-damage|p2b: Arcanine|43\/100|[from] Recoil\n|-enditem|p2b: Arcanine|Sitrus Berry|[eat]\n|-heal|p2b: Arcanine|68\/100|[from] item: Sitrus Berry\n|move|p1b: Arcanine|Will-O-Wisp|p2a: Rillaboom\n|-status|p2a: Rillaboom|brn\n|move|p2a: Rillaboom|Wood Hammer|p1b: Arcanine\n|-damage|p1b: Arcanine|65\/100\n|-damage|p2a: Rillaboom|89\/100 brn|[from] Recoil\n|move|p1a: Rillaboom|Taunt|p2b: Arcanine\n|-start|p2b: Arcanine|move: Taunt\n|\n|-heal|p1b: Arcanine|71\/100|[from] Grassy Terrain\n|-heal|p2b: Arcanine|74\/100|[from] Grassy Terrain\n|-heal|p2a: Rillaboom|95\/100 brn|[from] Grassy Terrain\n|-heal|p1a: Rillaboom|11\/100|[from] Grassy Terrain\n|-damage|p2a: Rillaboom|89\/100 brn|[from] brn\n|upkeep\n|turn|3\n|\n|t:|1700251496\n|move|p2a: Rillaboom|Grassy Glide|p1a: Rillaboom\n|-resisted|p1a: Rillaboom\n|-damage|p1a: Rillaboom|4\/100\n|move|p1a: Rillaboom|Grassy Glide|p2b: Arcanine\n|-damage|p2b: Arcanine|39\/100\n|move|p1b: Arcanine|Flare Blitz|p2a: Rillaboom\n|-supereffective|p2a: Rillaboom\n|-damage|p2a: Rillaboom|29\/100 brn\n|-damage|p1b: Arcanine|51\/100|[from] Recoil\n|move|p2b: Arcanine|Rock Slide|p1a: Rillaboom|[spread] p1a\n|-miss|p2b: Arcanine|p1b: Arcanine\n|-damage|p1a: Rillaboom|0 fnt\n|faint|p1a: Rillaboom\n|\n|-heal|p1b: Arcanine|57\/100|[from] Grassy Terrain\n|-heal|p2b: Arcanine|45\/100|[from] Grassy Terrain\n|-heal|p2a: Rillaboom|35\/100 brn|[from] Grassy Terrain\n|-damage|p2a: Rillaboom|29\/100 brn|[from] brn\n|upkeep\n|\n|t:|1700251515\n|switch|p1a: Kommo-o|Kommo-o, L50, M|100\/100\n|turn|4\n|\n|t:|1700251523\n|move|p2b: Arcanine|Rock Slide|p1a: Kommo-o|[spread] p1a,p1b\n|-resisted|p1a: Kommo-o\n|-supereffective|p1b: Arcanine\n|-damage|p1a: Kommo-o|94\/100\n|-damage|p1b: Arcanine|9\/100\n|-enditem|p1b: Arcanine|Sitrus Berry|[eat]\n|-heal|p1b: Arcanine|34\/100|[from] item: Sitrus Berry\n|move|p1b: Arcanine|Rock Slide|p2b: Arcanine|[spread] p2a,p2b\n|-supereffective|p2b: Arcanine\n|-damage|p2a: Rillaboom|14\/100 brn\n|-damage|p2b: Arcanine|12\/100\n|cant|p2a: Rillaboom|flinch\n|cant|p1a: Kommo-o|flinch\n|\n|-heal|p2b: Arcanine|18\/100|[from] Grassy Terrain\n|-heal|p1b: Arcanine|40\/100|[from] Grassy Terrain\n|-heal|p2a: Rillaboom|20\/100 brn|[from] Grassy Terrain\n|-heal|p1a: Kommo-o|99\/100|[from] Grassy Terrain\n|-heal|p1a: Kommo-o|100\/100|[from] item: Leftovers\n|-damage|p2a: Rillaboom|14\/100 brn|[from] brn\n|upkeep\n|turn|5\n|j| sssssag\n|\n|t:|1700251545\n|move|p2b: Arcanine|Rock Slide|p1a: Kommo-o|[spread] p1a,p1b\n|-resisted|p1a: Kommo-o\n|-crit|p1a: Kommo-o\n|-supereffective|p1b: Arcanine\n|-damage|p1a: Kommo-o|90\/100\n|-damage|p1b: Arcanine|0 fnt\n|faint|p1b: Arcanine\n|move|p2a: Rillaboom|Taunt|p1a: Kommo-o\n|-start|p1a: Kommo-o|move: Taunt\n|cant|p1a: Kommo-o|flinch\n|\n|-heal|p2b: Arcanine|24\/100|[from] Grassy Terrain\n|-heal|p2a: Rillaboom|20\/100 brn|[from] Grassy Terrain\n|-heal|p1a: Kommo-o|96\/100|[from] Grassy Terrain\n|-heal|p1a: Kommo-o|100\/100|[from] item: Leftovers\n|-damage|p2a: Rillaboom|14\/100 brn|[from] brn\n|-end|p2b: Arcanine|move: Taunt\n|-fieldend|move: Grassy Terrain\n|upkeep\n|\n|t:|1700251551\n|switch|p1b: Iron Bundle|Iron Bundle, L50|100\/100\n|-enditem|p1b: Iron Bundle|Booster Energy\n|-activate|p1b: Iron Bundle|ability: Quark Drive|[fromitem]\n|-start|p1b: Iron Bundle|quarkdrivespe\n|turn|6\n|\n|t:|1700251564\n|switch|p2b: Ptereavus|Flutter Mane, L50, shiny|100\/100\n|switch|p2a: Cybird|Iron Bundle, L50, shiny|100\/100\n|-enditem|p2a: Cybird|Booster Energy\n|-activate|p2a: Cybird|ability: Quark Drive|[fromitem]\n|-start|p2a: Cybird|quarkdrivespe\n|move|p1b: Iron Bundle|Hydro Pump|p2b: Ptereavus\n|-damage|p2b: Ptereavus|51\/100\n|move|p1a: Kommo-o|Body Press|p2a: Cybird\n|-supereffective|p2a: Cybird\n|-damage|p2a: Cybird|4\/100\n|\n|upkeep\n|turn|7\n|\n|t:|1700251585\n|-terastallize|p1a: Kommo-o|Steel\n|move|p1b: Iron Bundle|Icy Wind|p2a: Cybird|[spread] p2a,p2b\n|-resisted|p2a: Cybird\n|-damage|p2a: Cybird|0 fnt\n|-damage|p2b: Ptereavus|30\/100\n|-unboost|p2b: Ptereavus|spe|1\n|faint|p2a: Cybird\n|-end|p2a: Cybird|Quark Drive|[silent]\n|move|p2b: Ptereavus|Dazzling Gleam|p1a: Kommo-o|[spread] p1a,p1b\n|-resisted|p1a: Kommo-o\n|-damage|p1a: Kommo-o|81\/100\n|-damage|p1b: Iron Bundle|13\/100\n|move|p1a: Kommo-o|Iron Head|p2b: Ptereavus\n|-supereffective|p2b: Ptereavus\n|-damage|p2b: Ptereavus|0 fnt\n|faint|p2b: Ptereavus\n|-end|p2b: Ptereavus|Protosynthesis|[silent]\n|\n|-heal|p1a: Kommo-o|87\/100|[from] item: Leftovers\n|-end|p1a: Kommo-o|move: Taunt\n|upkeep\n|\n|t:|1700251591\n|switch|p2a: Rillaboom|Rillaboom, L50, M, shiny|14\/100 brn\n|switch|p2b: Arcanine|Arcanine-Hisui, L50, F, shiny|24\/100\n|-ability|p2b: Arcanine|Intimidate|boost\n|-unboost|p1a: Kommo-o|atk|1\n|-unboost|p1b: Iron Bundle|atk|1\n|-fieldstart|move: Grassy Terrain|[from] ability: Grassy Surge|[of] p2a: Rillaboom\n|turn|8\n|\n|t:|1700251604\n|move|p1a: Kommo-o|Protect|p1a: Kommo-o\n|-singleturn|p1a: Kommo-o|Protect\n|move|p2a: Rillaboom|Fake Out|p1b: Iron Bundle\n|-damage|p1b: Iron Bundle|3\/100\n|cant|p1b: Iron Bundle|flinch\n|move|p2b: Arcanine|Flare Blitz|p1a: Kommo-o\n|-activate|p1a: Kommo-o|move: Protect\n|\n|-heal|p1b: Iron Bundle|9\/100|[from] Grassy Terrain\n|-heal|p2b: Arcanine|30\/100|[from] Grassy Terrain\n|-heal|p2a: Rillaboom|20\/100 brn|[from] Grassy Terrain\n|-heal|p1a: Kommo-o|93\/100|[from] Grassy Terrain\n|-heal|p1a: Kommo-o|99\/100|[from] item: Leftovers\n|-damage|p2a: Rillaboom|14\/100 brn|[from] brn\n|upkeep\n|turn|9\n|\n|t:|1700251617\n|move|p2a: Rillaboom|Grassy Glide|p1b: Iron Bundle\n|-supereffective|p1b: Iron Bundle\n|-damage|p1b: Iron Bundle|0 fnt\n|faint|p1b: Iron Bundle\n|-end|p1b: Iron Bundle|Quark Drive|[silent]\n|move|p2b: Arcanine|Flare Blitz|p1a: Kommo-o\n|-supereffective|p1a: Kommo-o\n|-damage|p1a: Kommo-o|33\/100\n|-damage|p2b: Arcanine|10\/100|[from] Recoil\n|move|p1a: Kommo-o|Body Press|p2b: Arcanine\n|-supereffective|p2b: Arcanine\n|-damage|p2b: Arcanine|0 fnt\n|faint|p2b: Arcanine\n|\n|-heal|p2a: Rillaboom|20\/100 brn|[from] Grassy Terrain\n|-heal|p1a: Kommo-o|39\/100|[from] Grassy Terrain\n|-heal|p1a: Kommo-o|45\/100|[from] item: Leftovers\n|-damage|p2a: Rillaboom|14\/100 brn|[from] brn\n|upkeep\n|turn|10\n|c|\u2606e63593|obrigado pelo tera steel\n|\n|t:|1700251627\n|-terastallize|p2a: Rillaboom|Grass\n|move|p1a: Kommo-o|Protect|p1a: Kommo-o\n|-singleturn|p1a: Kommo-o|Protect\n|move|p2a: Rillaboom|Wood Hammer|p1a: Kommo-o\n|-activate|p1a: Kommo-o|move: Protect\n|\n|-heal|p2a: Rillaboom|20\/100 brn|[from] Grassy Terrain\n|-heal|p1a: Kommo-o|51\/100|[from] Grassy Terrain\n|-heal|p1a: Kommo-o|57\/100|[from] item: Leftovers\n|-damage|p2a: Rillaboom|14\/100 brn|[from] brn\n|upkeep\n|turn|11\n|c|\u2606Imoral|dnd\n|\n|t:|1700251637\n|move|p2a: Rillaboom|Wood Hammer|p1a: Kommo-o\n|-resisted|p1a: Kommo-o\n|-damage|p1a: Kommo-o|36\/100\n|-damage|p2a: Rillaboom|7\/100 brn|[from] Recoil\n|move|p1a: Kommo-o|Iron Head|p2a: Rillaboom\n|-damage|p2a: Rillaboom|0 fnt\n|faint|p2a: Rillaboom\n|\n|win|Imoral\n|n|\u2606Imoral|imoral\n|n|\u2606e63593|e63593\n|n| Drampa\u5927Raivoso|dramparaivoso\n|n| PokeChess|pokechess\n|n| sssssag|sssssag\n|c|\u2606Imoral|perdeumsm assimkkkkkk\n|l|\u2606e63593\n|c|\u2606Imoral|digo\n|c|\u2606Imoral|gg\n|l|\u2606Imoral\n|c| Drampa\u5927Raivoso|Que pessoal educado\n","uploadtime":1700251660,"views":9,"p1id":"imoral","p2id":"e63593","formatid":"gen9vgc2023regulatione","rating":0,"private":0,"password":""}