{"id":"gen9vgc2023regulatione-1991787094","p1":"Sully_14","p2":"smeargle artist","format":"[Gen 9] VGC 2023 Regulation E","log":"|j|\u2606Sully_14\n|j|\u2606smeargle artist\n|t:|1700117231\n|gametype|doubles\n|player|p1|Sully_14|rood|1058\n|player|p2|smeargle artist|cynthia-gen4|1000\n|teamsize|p1|6\n|teamsize|p2|6\n|gen|9\n|tier|[Gen 9] VGC 2023 Regulation E\n|rated|\n|rule|Species Clause: Limit one of each Pok\u00e9mon\n|rule|Item Clause: Limit one of each item\n|clearpoke\n|poke|p1|Gastrodon, L50, F|\n|poke|p1|Tyranitar, L50, M|\n|poke|p1|Sinistcha-Masterpiece, L50|\n|poke|p1|Heatran, L50, M|\n|poke|p1|Conkeldurr, L50, M|\n|poke|p1|Chandelure, L50, F|\n|poke|p2|Indeedee-F, L50, F|\n|poke|p2|Armarouge, L50, M|\n|poke|p2|Torkoal, L50, M|\n|poke|p2|Hatterene, L50, F|\n|poke|p2|Maushold, L50|\n|poke|p2|Iron Hands, L50|\n|teampreview|4\nsmeargle artist rejected open team sheets.\n|inactive|Battle timer is ON: inactive players will automatically lose when time's up. (requested by smeargle artist)\n|\n|t:|1700117279\n|start\n|switch|p1a: Chandelure|Chandelure, L50, F|100\/100\n|switch|p1b: Conkeldurr|Conkeldurr, L50, M|100\/100\n|switch|p2a: Indeedee|Indeedee-F, L50, F|100\/100\n|switch|p2b: Armarouge|Armarouge, L50, M|100\/100\n|-fieldstart|move: Psychic Terrain|[from] ability: Psychic Surge|[of] p2a: Indeedee\n|-enditem|p2a: Indeedee|Psychic Seed\n|-boost|p2a: Indeedee|spd|1|[from] item: Psychic Seed\n|turn|1\n|inactive|Sully_14 has 30 seconds left.\n|\n|t:|1700117306\n|-terastallize|p2b: Armarouge|Psychic\n|move|p1b: Conkeldurr|Protect|p1b: Conkeldurr\n|-singleturn|p1b: Conkeldurr|Protect\n|move|p2a: Indeedee|Follow Me|p2a: Indeedee\n|-singleturn|p2a: Indeedee|move: Follow Me\n|move|p2b: Armarouge|Expanding Force|p1b: Conkeldurr|[spread] p1a\n|-activate|p1b: Conkeldurr|move: Protect\n|-damage|p1a: Chandelure|0 fnt\n|faint|p1a: Chandelure\n|\n|upkeep\n|\n|t:|1700117319\n|switch|p1a: Tyranitar|Tyranitar, L50, M|100\/100\n|-weather|Sandstorm|[from] ability: Sand Stream|[of] p1a: Tyranitar\n|turn|2\n|\n|t:|1700117344\n|move|p2a: Indeedee|Follow Me|p2a: Indeedee\n|-singleturn|p2a: Indeedee|move: Follow Me\n|move|p2b: Armarouge|Expanding Force|p1b: Conkeldurr|[spread] p1b\n|-immune|p1a: Tyranitar\n|-supereffective|p1b: Conkeldurr\n|-damage|p1b: Conkeldurr|0 fnt\n|faint|p1b: Conkeldurr\n|move|p1a: Tyranitar|High Horsepower|p2a: Indeedee\n|-damage|p2a: Indeedee|46\/100\n|\n|-weather|Sandstorm|[upkeep]\n|-damage|p2a: Indeedee|40\/100|[from] Sandstorm\n|-damage|p2b: Armarouge|95\/100|[from] Sandstorm\n|upkeep\n|\n|t:|1700117356\n|switch|p1b: Gastrodon|Gastrodon, L50, F|100\/100\n|turn|3\n|\n|t:|1700117376\n|-terastallize|p1b: Gastrodon|Steel\n|move|p2a: Indeedee|Follow Me|p2a: Indeedee\n|-singleturn|p2a: Indeedee|move: Follow Me\n|move|p2b: Armarouge|Expanding Force|p1a: Tyranitar|[spread] p1b\n|-immune|p1a: Tyranitar\n|-resisted|p1b: Gastrodon\n|-damage|p1b: Gastrodon|68\/100\n|move|p1a: Tyranitar|High Horsepower|p2a: Indeedee\n|-damage|p2a: Indeedee|0 fnt\n|faint|p2a: Indeedee\n|move|p1b: Gastrodon|Clear Smog|p2b: Armarouge\n|-damage|p2b: Armarouge|82\/100\n|-clearboost|p2b: Armarouge\n|\n|-weather|Sandstorm|[upkeep]\n|-damage|p2b: Armarouge|76\/100|[from] Sandstorm\n|upkeep\n|inactive|smeargle artist has 30 seconds left.\n|\n|t:|1700117407\n|switch|p2a: Maushold|Maushold, L50|100\/100\n|turn|4\n|\n|t:|1700117417\n|move|p2a: Maushold|Follow Me|p2a: Maushold\n|-singleturn|p2a: Maushold|move: Follow Me\n|move|p2b: Armarouge|Armor Cannon|p1b: Gastrodon\n|-supereffective|p1b: Gastrodon\n|-damage|p1b: Gastrodon|0 fnt\n|-unboost|p2b: Armarouge|def|1\n|-unboost|p2b: Armarouge|spd|1\n|faint|p1b: Gastrodon\n|move|p1a: Tyranitar|Stone Edge|p2a: Maushold\n|-damage|p2a: Maushold|30\/100\n|\n|-weather|Sandstorm|[upkeep]\n|-damage|p2a: Maushold|24\/100|[from] Sandstorm\n|-damage|p2b: Armarouge|70\/100|[from] Sandstorm\n|upkeep\n|turn|5\n|inactive|Sully_14 has 30 seconds left.\n|\n|t:|1700117446\n|move|p2a: Maushold|Follow Me|p2a: Maushold\n|-singleturn|p2a: Maushold|move: Follow Me\n|move|p2b: Armarouge|Armor Cannon|p1a: Tyranitar\n|-resisted|p1a: Tyranitar\n|-damage|p1a: Tyranitar|83\/100\n|-unboost|p2b: Armarouge|def|1\n|-unboost|p2b: Armarouge|spd|1\n|move|p1a: Tyranitar|Stone Edge|p2a: Maushold\n|-damage|p2a: Maushold|0 fnt\n|faint|p2a: Maushold\n|\n|-weather|Sandstorm|[upkeep]\n|-damage|p2b: Armarouge|64\/100|[from] Sandstorm\n|-fieldend|move: Psychic Terrain\n|upkeep\n|\n|t:|1700117460\n|switch|p2a: Hatterene|Hatterene, L50, F|100\/100\n|turn|6\n|inactive|smeargle artist has 30 seconds left.\n|\n|t:|1700117494\n|move|p2b: Armarouge|Protect|p2b: Armarouge\n|-singleturn|p2b: Armarouge|Protect\n|move|p1a: Tyranitar|Heavy Slam|p2a: Hatterene\n|-supereffective|p2a: Hatterene\n|-damage|p2a: Hatterene|0 fnt\n|faint|p2a: Hatterene\n|\n|-weather|none\n|upkeep\n|turn|7\n|\n|t:|1700117505\n|move|p2b: Armarouge|Armor Cannon|p1a: Tyranitar\n|-resisted|p1a: Tyranitar\n|-damage|p1a: Tyranitar|52\/100\n|-unboost|p2b: Armarouge|def|1\n|-unboost|p2b: Armarouge|spd|1\n|move|p1a: Tyranitar|Stone Edge|p2b: Armarouge\n|-damage|p2b: Armarouge|0 fnt\n|faint|p2b: Armarouge\n|\n|win|Sully_14\n|raw|Sully_14's rating: 1058 &rarr; <strong>1084<\/strong><br \/>(+26 for winning)\n|raw|smeargle artist's rating: 1000 &rarr; <strong>1000<\/strong><br \/>(+0 for losing)\n|l|\u2606smeargle artist\n","uploadtime":1700117517,"views":20,"p1id":"sully14","p2id":"smeargleartist","formatid":"gen9vgc2023regulatione","rating":1000,"private":0,"password":""}