{"id":"gen9vgc2023regulatione-1993447190","p1":"Order a Plot-Twist","p2":"Moth die Motte","format":"[Gen 9] VGC 2023 Regulation E","log":"|j|\u2606Order a Plot-Twist\n|j|\u2606Moth die Motte\n|t:|1700319050\n|gametype|doubles\n|player|p1|Order a Plot-Twist|janine|1345\n|player|p2|Moth die Motte|170|1387\n|teamsize|p1|6\n|teamsize|p2|6\n|gen|9\n|tier|[Gen 9] VGC 2023 Regulation E\n|rated|\n|rule|Species Clause: Limit one of each Pok\u00e9mon\n|rule|Item Clause: Limit one of each item\n|clearpoke\n|poke|p1|Tyranitar, L50, M|\n|poke|p1|Scizor, L50, F|\n|poke|p1|Landorus, L50, M|\n|poke|p1|Shiftry, L50, F|\n|poke|p1|Arcanine-Hisui, L50, M|\n|poke|p1|Ogerpon-Cornerstone, L50, F|\n|poke|p2|Roaring Moon, L50|\n|poke|p2|Zapdos, L50|\n|poke|p2|Heatran, L50, F|\n|poke|p2|Rillaboom, L50, M|\n|poke|p2|Ninetales-Alola, L50, F|\n|poke|p2|Gyarados, L50, F|\n|teampreview|4\n|inactive|Battle timer is ON: inactive players will automatically lose when time's up. (requested by Order a Plot-Twist)\nOrder a Plot-Twist has agreed to open team sheets.\n|inactive|Order a Plot-Twist has 60 seconds left.\n|inactive|Moth die Motte has 60 seconds left.\n|\n|t:|1700319097\n|start\n|switch|p1a: Harbinger|Shiftry, L50, F|100\/100\n|switch|p1b: Maz Koshia|Arcanine-Hisui, L50, M|100\/100\n|switch|p2a: Heatran|Heatran, L50, F|100\/100\n|switch|p2b: Gyarados|Gyarados, L50, F|100\/100\n|-ability|p1b: Maz Koshia|Intimidate|boost\n|-unboost|p2a: Heatran|atk|1\n|-unboost|p2b: Gyarados|atk|1\n|-ability|p2b: Gyarados|Intimidate|boost\n|-unboost|p1a: Harbinger|atk|1\n|-unboost|p1b: Maz Koshia|atk|1\n|turn|1\n|\n|t:|1700319117\n|switch|p1b: Kohga|Tyranitar, L50, M, shiny|100\/100\n|-weather|Sandstorm|[from] ability: Sand Stream|[of] p1b: Kohga\n|-terastallize|p2a: Heatran|Fairy\n|move|p1a: Harbinger|Tailwind|p1a: Harbinger\n|-sidestart|p1: Order a Plot-Twist|move: Tailwind\n|-ability|p1a: Harbinger|Wind Rider|boost\n|-boost|p1a: Harbinger|atk|1\n|move|p2a: Heatran|Tera Blast|p1a: Harbinger|[anim] Tera Blast Fairy\n|-supereffective|p1a: Harbinger\n|-damage|p1a: Harbinger|0 fnt\n|faint|p1a: Harbinger\n|move|p2b: Gyarados|Thunder Wave|p1b: Kohga\n|-status|p1b: Kohga|par\n|\n|-weather|Sandstorm|[upkeep]\n|-damage|p2a: Heatran|95\/100|[from] Sandstorm\n|-damage|p2b: Gyarados|94\/100|[from] Sandstorm\n|upkeep\n|\n|t:|1700319135\n|switch|p1a: Battle-Tested|Ogerpon-Cornerstone, L50, F|100\/100\n|turn|2\n|\n|t:|1700319144\n|move|p2b: Gyarados|Helping Hand|p2a: Heatran\n|-singleturn|p2a: Heatran|Helping Hand|[of] p2b: Gyarados\n|move|p1a: Battle-Tested|Ivy Cudgel|p2b: Gyarados|[anim] Ivy Cudgel Rock\n|-supereffective|p2b: Gyarados\n|-damage|p2b: Gyarados|0 fnt\n|faint|p2b: Gyarados\n|move|p1b: Kohga|Rock Slide|p2a: Heatran\n|-damage|p2a: Heatran|55\/100\n|move|p2a: Heatran|Flash Cannon|p1a: Battle-Tested\n|-supereffective|p1a: Battle-Tested\n|-ability|p1a: Battle-Tested|Sturdy\n|-damage|p1a: Battle-Tested|1\/100\n|-unboost|p1a: Battle-Tested|spd|1\n|\n|-weather|Sandstorm|[upkeep]\n|-damage|p2a: Heatran|49\/100|[from] Sandstorm\n|upkeep\n|\n|t:|1700319148\n|switch|p2b: Rillaboom|Rillaboom, L50, M|100\/100\n|-fieldstart|move: Grassy Terrain|[from] ability: Grassy Surge|[of] p2b: Rillaboom\n|-enditem|p2b: Rillaboom|Grassy Seed\n|-boost|p2b: Rillaboom|def|1|[from] item: Grassy Seed\n|turn|3\n|\n|t:|1700319167\n|switch|p2a: Roaring Moon|Roaring Moon, L50|100\/100\n|-enditem|p2a: Roaring Moon|Booster Energy\n|-activate|p2a: Roaring Moon|ability: Protosynthesis|[fromitem]\n|-start|p2a: Roaring Moon|protosynthesisatk\n|move|p1a: Battle-Tested|Spiky Shield|p1a: Battle-Tested\n|-singleturn|p1a: Battle-Tested|move: Protect\n|move|p1b: Kohga|Rock Slide|p2b: Rillaboom|[spread] p2a,p2b\n|-damage|p2a: Roaring Moon|65\/100\n|-damage|p2b: Rillaboom|80\/100\n|move|p2b: Rillaboom|Wood Hammer|p1b: Kohga\n|-supereffective|p1b: Kohga\n|-damage|p1b: Kohga|0 fnt\n|faint|p1b: Kohga\n|-damage|p2b: Rillaboom|51\/100|[from] Recoil\n|\n|-weather|Sandstorm|[upkeep]\n|-damage|p2a: Roaring Moon|59\/100|[from] Sandstorm\n|-damage|p2b: Rillaboom|45\/100|[from] Sandstorm\n|-heal|p1a: Battle-Tested|7\/100|[from] Grassy Terrain\n|-heal|p2a: Roaring Moon|65\/100|[from] Grassy Terrain\n|-heal|p2b: Rillaboom|51\/100|[from] Grassy Terrain\n|upkeep\n|\n|t:|1700319176\n|switch|p1b: Maz Koshia|Arcanine-Hisui, L50, M|100\/100\n|-ability|p1b: Maz Koshia|Intimidate|boost\n|-unboost|p2a: Roaring Moon|atk|1\n|-unboost|p2b: Rillaboom|atk|1\n|turn|4\n|\n|t:|1700319185\n|move|p2a: Roaring Moon|Protect|p2a: Roaring Moon\n|-singleturn|p2a: Roaring Moon|Protect\n|move|p2b: Rillaboom|Grassy Glide|p1a: Battle-Tested\n|-damage|p1a: Battle-Tested|0 fnt\n|faint|p1a: Battle-Tested\n|move|p1b: Maz Koshia|Rock Slide|p2a: Roaring Moon|[spread] p2b\n|-activate|p2a: Roaring Moon|move: Protect\n|-damage|p2b: Rillaboom|35\/100\n|\n|-weather|Sandstorm|[upkeep]\n|-damage|p2a: Roaring Moon|59\/100|[from] Sandstorm\n|-damage|p2b: Rillaboom|29\/100|[from] Sandstorm\n|-heal|p2a: Roaring Moon|65\/100|[from] Grassy Terrain\n|-heal|p2b: Rillaboom|35\/100|[from] Grassy Terrain\n|-sideend|p1: Order a Plot-Twist|move: Tailwind\n|upkeep\n|turn|5\n|\n|t:|1700319191\n|move|p2b: Rillaboom|Grassy Glide|p1b: Maz Koshia\n|-damage|p1b: Maz Koshia|69\/100\n|move|p2a: Roaring Moon|Dragon Dance|p2a: Roaring Moon\n|-boost|p2a: Roaring Moon|atk|1\n|-boost|p2a: Roaring Moon|spe|1\n|move|p1b: Maz Koshia|Rock Slide|p2a: Roaring Moon|[spread] p2a,p2b\n|-damage|p2a: Roaring Moon|33\/100\n|-damage|p2b: Rillaboom|16\/100\n|\n|-weather|none\n|-heal|p2a: Roaring Moon|39\/100|[from] Grassy Terrain\n|-heal|p1b: Maz Koshia|75\/100|[from] Grassy Terrain\n|-heal|p2b: Rillaboom|22\/100|[from] Grassy Terrain\n|upkeep\n|turn|6\n|\n|t:|1700319204\n|-terastallize|p1b: Maz Koshia|Normal\n|move|p1b: Maz Koshia|Extreme Speed|p2a: Roaring Moon\n|-crit|p2a: Roaring Moon\n|-damage|p2a: Roaring Moon|0 fnt\n|faint|p2a: Roaring Moon\n|-end|p2a: Roaring Moon|Protosynthesis|[silent]\n|move|p2b: Rillaboom|Grassy Glide|p1b: Maz Koshia\n|-damage|p1b: Maz Koshia|39\/100\n|\n|-heal|p1b: Maz Koshia|45\/100|[from] Grassy Terrain\n|-heal|p2b: Rillaboom|28\/100|[from] Grassy Terrain\n|upkeep\n|\n|t:|1700319212\n|switch|p2a: Heatran|Heatran, L50, F, tera:Fairy|49\/100\n|turn|7\n|\n|t:|1700319218\n|move|p2b: Rillaboom|Grassy Glide|p1b: Maz Koshia\n|-damage|p1b: Maz Koshia|13\/100\n|-enditem|p1b: Maz Koshia|Aguav Berry|[eat]\n|-heal|p1b: Maz Koshia|47\/100|[from] item: Aguav Berry\n|move|p1b: Maz Koshia|Rock Slide|p2a: Heatran|[spread] p2a\n|-miss|p1b: Maz Koshia|p2b: Rillaboom\n|-damage|p2a: Heatran|23\/100\n|move|p2a: Heatran|Flash Cannon|p1b: Maz Koshia\n|-damage|p1b: Maz Koshia|0 fnt\n|faint|p1b: Maz Koshia\n|\n|win|Moth die Motte\n|raw|Order a Plot-Twist's rating: 1345 &rarr; <strong>1327<\/strong><br \/>(-18 for losing)\n|raw|Moth die Motte's rating: 1387 &rarr; <strong>1405<\/strong><br \/>(+18 for winning)\n|l|\u2606Order a Plot-Twist\n","uploadtime":1700319234,"views":14,"p1id":"orderaplottwist","p2id":"mothdiemotte","formatid":"gen9vgc2023regulatione","rating":1327,"private":0,"password":""}