{"id":"gen9vgc2023regulatione-1991207691","p1":"clamps1","p2":"McLovinX100pre","format":"[Gen 9] VGC 2023 Regulation E","log":"|j|\u2606clamps1\n|j|\u2606McLovinX100pre\n|t:|1700057217\n|gametype|doubles\n|player|p1|clamps1|102|1086\n|player|p2|McLovinX100pre|lucas|1104\n|teamsize|p1|6\n|teamsize|p2|6\n|gen|9\n|tier|[Gen 9] VGC 2023 Regulation E\n|rated|\n|rule|Species Clause: Limit one of each Pok\u00e9mon\n|rule|Item Clause: Limit one of each item\n|clearpoke\n|poke|p1|Ursaluna-Bloodmoon, L50, M|\n|poke|p1|Dusclops, L50, F|\n|poke|p1|Armarouge, L50, M|\n|poke|p1|Indeedee-F, L50, F|\n|poke|p1|Arcanine-Hisui, L50, M|\n|poke|p1|Flutter Mane, L50|\n|poke|p2|Dondozo, L50, M|\n|poke|p2|Tatsugiri-Stretchy, L50, F|\n|poke|p2|Gholdengo, L50|\n|poke|p2|Meowscarada, L50, F|\n|poke|p2|Murkrow, L50, M|\n|poke|p2|Baxcalibur, L50, F|\n|teampreview|4\n|\n|t:|1700057236\n|start\n|switch|p1a: Dusclops|Dusclops, L50, F|100\/100\n|switch|p1b: Ursaluna|Ursaluna-Bloodmoon, L50, M|100\/100\n|switch|p2a: Gholdengo|Gholdengo, L50, shiny|100\/100\n|switch|p2b: Murkrow|Murkrow, L50, M, shiny|100\/100\n|-ability|p1a: Dusclops|Pressure\n|turn|1\n|\n|t:|1700057267\n|-terastallize|p1a: Dusclops|Dark\n|move|p2b: Murkrow|Taunt|p1a: Dusclops\n|-hint|Since gen 7, Dark is immune to Prankster moves.\n|-immune|p1a: Dusclops\n|move|p2a: Gholdengo|Shadow Ball|p1a: Dusclops\n|-resisted|p1a: Dusclops\n|-damage|p1a: Dusclops|86\/100\n|move|p1b: Ursaluna|Hyper Voice|p2a: Gholdengo|[spread] p2a,p2b\n|-resisted|p2a: Gholdengo\n|-damage|p2a: Gholdengo|77\/100\n|-damage|p2b: Murkrow|43\/100\n|move|p1a: Dusclops|Trick Room|p1a: Dusclops\n|-fieldstart|move: Trick Room|[of] p1a: Dusclops\n|\n|upkeep\n|turn|2\n|\n|t:|1700057288\n|switch|p2b: Tatsugiri|Tatsugiri-Stretchy, L50, F, shiny|100\/100\n|switch|p2a: Dondozo|Dondozo, L50, M, shiny|100\/100\n|-activate|p2b: Tatsugiri|ability: Commander|[of] p2a: Dondozo\n|-boost|p2a: Dondozo|atk|2\n|-boost|p2a: Dondozo|spa|2\n|-boost|p2a: Dondozo|spe|2\n|-boost|p2a: Dondozo|def|2\n|-boost|p2a: Dondozo|spd|2\n|move|p1a: Dusclops|Night Shade|p2a: Dondozo\n|-damage|p2a: Dondozo|81\/100\n|move|p1b: Ursaluna|Earth Power|p2a: Dondozo\n|-damage|p2a: Dondozo|54\/100\n|-unboost|p2a: Dondozo|spd|1\n|\n|-heal|p2a: Dondozo|60\/100|[from] item: Leftovers\n|upkeep\n|turn|3\n|inactive|Battle timer is ON: inactive players will automatically lose when time's up. (requested by clamps1)\n|\n|t:|1700057352\n|move|p1a: Dusclops|Will-O-Wisp|p2a: Dondozo\n|-status|p2a: Dondozo|brn\n|move|p1b: Ursaluna|Blood Moon|p2a: Dondozo\n|-damage|p2a: Dondozo|5\/100 brn\n|move|p2a: Dondozo|Wave Crash|p1b: Ursaluna\n|-supereffective|p1b: Ursaluna\n|-damage|p1b: Ursaluna|25\/100\n|-damage|p2a: Dondozo|0 fnt|[from] Recoil\n|faint|p2a: Dondozo\n|\n|upkeep\n|\n|t:|1700057367\n|switch|p2a: Gholdengo|Gholdengo, L50, shiny|77\/100\n|turn|4\n|\n|t:|1700057376\n|move|p1a: Dusclops|Night Shade|p2a: Gholdengo\n|-damage|p2a: Gholdengo|46\/100\n|move|p1b: Ursaluna|Moonblast|p2b: Tatsugiri\n|-supereffective|p2b: Tatsugiri\n|-damage|p2b: Tatsugiri|5\/100\n|-unboost|p2b: Tatsugiri|spa|1\n|move|p2a: Gholdengo|Make It Rain|p1b: Ursaluna|[spread] p1a,p1b\n|-damage|p1a: Dusclops|55\/100\n|-damage|p1b: Ursaluna|0 fnt\n|-unboost|p2a: Gholdengo|spa|1\n|faint|p1b: Ursaluna\n|move|p2b: Tatsugiri|Muddy Water|p1a: Dusclops\n|-damage|p1a: Dusclops|40\/100\n|\n|upkeep\n|\n|t:|1700057391\n|switch|p1b: Indeedee|Indeedee-F, L50, F|100\/100\n|-fieldstart|move: Psychic Terrain|[from] ability: Psychic Surge|[of] p1b: Indeedee\n|turn|5\n|\n|t:|1700057405\n|move|p1a: Dusclops|Night Shade|p2a: Gholdengo\n|-damage|p2a: Gholdengo|15\/100\n|move|p1b: Indeedee|Dazzling Gleam|p2a: Gholdengo|[spread] p2a,p2b\n|-resisted|p2a: Gholdengo\n|-crit|p2a: Gholdengo\n|-supereffective|p2b: Tatsugiri\n|-damage|p2a: Gholdengo|4\/100\n|-damage|p2b: Tatsugiri|0 fnt\n|faint|p2b: Tatsugiri\n|move|p2a: Gholdengo|Make It Rain|p1a: Dusclops|[spread] p1a,p1b\n|-damage|p1a: Dusclops|18\/100\n|-damage|p1b: Indeedee|67\/100\n|-unboost|p2a: Gholdengo|spa|1\n|\n|-fieldend|move: Trick Room\n|upkeep\n|\n|t:|1700057422\n|switch|p2b: Murkrow|Murkrow, L50, M, shiny|43\/100\n|turn|6\n|\n|t:|1700057427\n|move|p1b: Indeedee|Follow Me|p1b: Indeedee\n|-singleturn|p1b: Indeedee|move: Follow Me\n|move|p2b: Murkrow|Haze|p2b: Murkrow\n|-clearallboost\n|move|p2a: Gholdengo|Make It Rain|p1b: Indeedee|[spread] p1a,p1b\n|-damage|p1a: Dusclops|0 fnt\n|-damage|p1b: Indeedee|15\/100\n|-unboost|p2a: Gholdengo|spa|1\n|faint|p1a: Dusclops\n|\n|upkeep\n|\n|t:|1700057437\n|switch|p1a: Armarouge|Armarouge, L50, M|100\/100\n|turn|7\n|\n|t:|1700057449\n|move|p1a: Armarouge|Wide Guard|p1a: Armarouge\n|-singleturn|p1a: Armarouge|Wide Guard\n|move|p2b: Murkrow|Haze|p2b: Murkrow\n|-clearallboost\n|move|p2a: Gholdengo|Make It Rain|p1a: Armarouge|[spread] \n|-activate|p1a: Armarouge|move: Wide Guard\n|-activate|p1b: Indeedee|move: Wide Guard\n|move|p1b: Indeedee|Trick Room|p1b: Indeedee\n|-fieldstart|move: Trick Room|[of] p1b: Indeedee\n|\n|upkeep\n|turn|8\n|\n|t:|1700057473\n|move|p2b: Murkrow|Taunt|p1a: Armarouge\n|-activate|p1a: Armarouge|move: Psychic Terrain\n|move|p1a: Armarouge|Expanding Force|p2b: Murkrow|[spread] p2a\n|-immune|p2b: Murkrow\n|-resisted|p2a: Gholdengo\n|-damage|p2a: Gholdengo|0 fnt\n|faint|p2a: Gholdengo\n|-damage|p1a: Armarouge|91\/100|[from] item: Life Orb\n|move|p1b: Indeedee|Dazzling Gleam|p2b: Murkrow\n|-supereffective|p2b: Murkrow\n|-crit|p2b: Murkrow\n|-damage|p2b: Murkrow|0 fnt\n|faint|p2b: Murkrow\n|\n|win|clamps1\n|raw|clamps1's rating: 1086 &rarr; <strong>1115<\/strong><br \/>(+29 for winning)\n|raw|McLovinX100pre's rating: 1104 &rarr; <strong>1078<\/strong><br \/>(-26 for losing)\n","uploadtime":1700057489,"views":8,"p1id":"clamps1","p2id":"mclovinx100pre","formatid":"gen9vgc2023regulatione","rating":1078,"private":0,"password":""}