{"id":"gen9vgc2023regulatione-1998035915","p1":"Ramesses_the_II","p2":"Tyranichunk","format":"[Gen 9] VGC 2023 Regulation E","log":"|j|\u2606Ramesses_the_II\n|j|\u2606Tyranichunk\n|t:|1700881875\n|gametype|doubles\n|player|p1|Ramesses_the_II|elesa|1265\n|player|p2|Tyranichunk|hilbert|1359\n|teamsize|p1|6\n|teamsize|p2|6\n|gen|9\n|tier|[Gen 9] VGC 2023 Regulation E\n|rated|\n|rule|Species Clause: Limit one of each Pok\u00e9mon\n|rule|Item Clause: Limit one of each item\n|clearpoke\n|poke|p1|Typhlosion-Hisui, L50, F|\n|poke|p1|Tornadus, L50, M|\n|poke|p1|Urshifu-*, L50, M|\n|poke|p1|Rillaboom, L50, F|\n|poke|p1|Ogerpon-Hearthflame, L50, F|\n|poke|p1|Iron Bundle, L50|\n|poke|p2|Dondozo, L50, M|\n|poke|p2|Tatsugiri, L50, M|\n|poke|p2|Ninetales-Alola, L50, F|\n|poke|p2|Glimmora, L50, F|\n|poke|p2|Ogerpon-Hearthflame, L50, F|\n|poke|p2|Iron Hands, L50|\n|teampreview|4\n|inactive|Battle timer is ON: inactive players will automatically lose when time's up. (requested by Tyranichunk)\nRamesses_the_II has agreed to open team sheets.\nTyranichunk has agreed to open team sheets.\n|\n|t:|1700881906\n|start\n|switch|p1a: Iron Bundle|Iron Bundle, L50|100\/100\n|switch|p1b: Ogerpon|Ogerpon-Hearthflame, L50, F|100\/100\n|switch|p2a: BurpleNurple|Glimmora, L50, F|100\/100\n|switch|p2b: Endive|Ogerpon-Hearthflame, L50, F|100\/100\n|-ability|p1b: Ogerpon|Mold Breaker\n|-ability|p2b: Endive|Mold Breaker\n|-enditem|p1a: Iron Bundle|Booster Energy\n|-activate|p1a: Iron Bundle|ability: Quark Drive|[fromitem]\n|-start|p1a: Iron Bundle|quarkdrivespe\n|turn|1\n|inactive|Ramesses_the_II has 30 seconds left.\n|inactive|Tyranichunk has 30 seconds left.\n|inactive|Tyranichunk has 20 seconds left.\n|inactive|Tyranichunk has 15 seconds left.\n|inactive|Tyranichunk has 10 seconds left.\n|\n|t:|1700881954\n|move|p1a: Iron Bundle|Protect|p1a: Iron Bundle\n|-singleturn|p1a: Iron Bundle|Protect\n|move|p2b: Endive|Spiky Shield|p2b: Endive\n|-singleturn|p2b: Endive|move: Protect\n|move|p1b: Ogerpon|Ivy Cudgel|p2b: Endive|[anim] Ivy Cudgel Fire\n|-activate|p2b: Endive|move: Protect\n|move|p2a: BurpleNurple|Sludge Bomb|p1b: Ogerpon\n|-supereffective|p1b: Ogerpon\n|-damage|p1b: Ogerpon|0 fnt\n|faint|p1b: Ogerpon\n|\n|upkeep\n|\n|t:|1700881965\n|switch|p1b: Urshifu|Urshifu-Rapid-Strike, L50, M|100\/100\n|turn|2\n|\n|t:|1700881988\n|switch|p2b: Mung Daal|Dondozo, L50, M|100\/100\n|-terastallize|p2a: BurpleNurple|Grass\n|move|p1a: Iron Bundle|Icy Wind|p2b: Mung Daal|[spread] p2b\n|-miss|p1a: Iron Bundle|p2a: BurpleNurple\n|-resisted|p2b: Mung Daal\n|-damage|p2b: Mung Daal|90\/100\n|-unboost|p2b: Mung Daal|spe|1\n|move|p1b: Urshifu|Surging Strikes|p2b: Mung Daal\n|-resisted|p2b: Mung Daal\n|-crit|p2b: Mung Daal\n|-damage|p2b: Mung Daal|82\/100\n|-resisted|p2b: Mung Daal\n|-crit|p2b: Mung Daal\n|-damage|p2b: Mung Daal|74\/100\n|-resisted|p2b: Mung Daal\n|-crit|p2b: Mung Daal\n|-damage|p2b: Mung Daal|66\/100\n|-hitcount|p2b: Mung Daal|3\n|move|p2a: BurpleNurple|Mortal Spin|p1b: Urshifu|[spread] p1a,p1b\n|-crit|p1a: Iron Bundle\n|-crit|p1b: Urshifu\n|-damage|p1a: Iron Bundle|91\/100\n|-damage|p1b: Urshifu|93\/100\n|-status|p1a: Iron Bundle|psn\n|-status|p1b: Urshifu|psn\n|\n|-heal|p2b: Mung Daal|72\/100|[from] item: Leftovers\n|-damage|p1a: Iron Bundle|79\/100 psn|[from] psn\n|-damage|p1b: Urshifu|81\/100 psn|[from] psn\n|upkeep\n|turn|3\n|inactive|Ramesses_the_II has 30 seconds left.\n|inactive|Tyranichunk has 30 seconds left.\n|inactive|Tyranichunk has 20 seconds left.\n|inactive|Tyranichunk has 15 seconds left.\n|\n|t:|1700882030\n|switch|p1b: Rillaboom|Rillaboom, L50, F|100\/100\n|-fieldstart|move: Grassy Terrain|[from] ability: Grassy Surge|[of] p1b: Rillaboom\n|move|p2b: Mung Daal|Protect|p2b: Mung Daal\n|-singleturn|p2b: Mung Daal|Protect\n|move|p1a: Iron Bundle|Freeze-Dry|p2b: Mung Daal\n|-activate|p2b: Mung Daal|move: Protect\n|move|p2a: BurpleNurple|Power Gem|p1a: Iron Bundle\n|-supereffective|p1a: Iron Bundle\n|-damage|p1a: Iron Bundle|0 fnt\n|faint|p1a: Iron Bundle\n|-end|p1a: Iron Bundle|Quark Drive|[silent]\n|\n|-heal|p2b: Mung Daal|78\/100|[from] Grassy Terrain\n|-heal|p2b: Mung Daal|85\/100|[from] item: Leftovers\n|upkeep\n|\n|t:|1700882044\n|switch|p1a: Urshifu|Urshifu-Rapid-Strike, L50, M|81\/100 psn\n|turn|4\n|\n|t:|1700882060\n|switch|p2b: Endive|Ogerpon-Hearthflame, L50, F|100\/100\n|-ability|p2b: Endive|Mold Breaker\n|move|p1a: Urshifu|Close Combat|p2a: BurpleNurple\n|-crit|p2a: BurpleNurple\n|-damage|p2a: BurpleNurple|10\/100\n|-unboost|p1a: Urshifu|def|1\n|-unboost|p1a: Urshifu|spd|1\n|-activate|p2a: BurpleNurple|ability: Toxic Debris\n|-sidestart|p1: Ramesses_the_II|move: Toxic Spikes\n|-enditem|p2a: BurpleNurple|Sitrus Berry|[eat]\n|-heal|p2a: BurpleNurple|35\/100|[from] item: Sitrus Berry\n|move|p2a: BurpleNurple|Mortal Spin|p1b: Rillaboom|[spread] p1a,p1b\n|-supereffective|p1b: Rillaboom\n|-damage|p1a: Urshifu|74\/100 psn\n|-damage|p1b: Rillaboom|92\/100\n|-status|p1b: Rillaboom|psn\n|move|p1b: Rillaboom|Wood Hammer|p2b: Endive\n|-resisted|p2b: Endive\n|-damage|p2b: Endive|80\/100\n|-damage|p1b: Rillaboom|86\/100 psn|[from] Recoil\n|\n|-heal|p1a: Urshifu|79\/100 psn|[from] Grassy Terrain\n|-heal|p2b: Endive|86\/100|[from] Grassy Terrain\n|-heal|p2a: BurpleNurple|41\/100|[from] Grassy Terrain\n|-heal|p1b: Rillaboom|91\/100 psn|[from] Grassy Terrain\n|-damage|p1a: Urshifu|67\/100 psn|[from] psn\n|-damage|p1b: Rillaboom|79\/100 psn|[from] psn\n|upkeep\n|turn|5\n|inactive|Ramesses_the_II has 30 seconds left.\n|inactive|Tyranichunk has 30 seconds left.\n|inactive|Ramesses_the_II has 20 seconds left.\n|inactive|Tyranichunk has 20 seconds left.\n|inactive|Ramesses_the_II has 15 seconds left.\n|inactive|Tyranichunk has 15 seconds left.\n|\n|t:|1700882105\n|move|p1a: Urshifu|Surging Strikes|p2b: Endive\n|-crit|p2b: Endive\n|-damage|p2b: Endive|59\/100\n|-crit|p2b: Endive\n|-damage|p2b: Endive|34\/100\n|-crit|p2b: Endive\n|-damage|p2b: Endive|11\/100\n|-hitcount|p2b: Endive|3\n|move|p2b: Endive|Horn Leech|p1a: Urshifu\n|-supereffective|p1a: Urshifu\n|-damage|p1a: Urshifu|0 fnt\n|-heal|p2b: Endive|42\/100|[from] drain|[of] p1a: Urshifu\n|faint|p1a: Urshifu\n|move|p2a: BurpleNurple|Sludge Bomb|p1b: Rillaboom\n|-supereffective|p1b: Rillaboom\n|-damage|p1b: Rillaboom|10\/100 psn\n|move|p1b: Rillaboom|Wood Hammer|p2b: Endive\n|-resisted|p2b: Endive\n|-damage|p2b: Endive|19\/100\n|-damage|p1b: Rillaboom|3\/100 psn|[from] Recoil\n|\n|-heal|p2b: Endive|25\/100|[from] Grassy Terrain\n|-heal|p2a: BurpleNurple|47\/100|[from] Grassy Terrain\n|-heal|p1b: Rillaboom|9\/100 psn|[from] Grassy Terrain\n|-damage|p1b: Rillaboom|0 fnt|[from] psn\n|faint|p1b: Rillaboom\n|\n|win|Tyranichunk\n|upkeep\n|raw|Ramesses_the_II's rating: 1265 &rarr; <strong>1247<\/strong><br \/>(-18 for losing)\n|raw|Tyranichunk's rating: 1359 &rarr; <strong>1374<\/strong><br \/>(+15 for winning)\n","uploadtime":1700882147,"views":22,"p1id":"ramessestheii","p2id":"tyranichunk","formatid":"gen9vgc2023regulatione","rating":1247,"private":0,"password":""}