{"id":"gen9vgc2023regulatione-1997931187","p1":"xingshen","p2":"DROOOOOGS","format":"[Gen 9] VGC 2023 Regulation E","log":"|j|\u2606xingshen\n|j|\u2606DROOOOOGS\n|t:|1700868859\n|gametype|doubles\n|player|p1|xingshen|102|1154\n|player|p2|DROOOOOGS|101|1173\n|teamsize|p1|6\n|teamsize|p2|6\n|gen|9\n|tier|[Gen 9] VGC 2023 Regulation E\n|rated|\n|rule|Species Clause: Limit one of each Pok\u00e9mon\n|rule|Item Clause: Limit one of each item\n|clearpoke\n|poke|p1|Dondozo, L50, M|\n|poke|p1|Flutter Mane, L50|\n|poke|p1|Urshifu-*, L50, M|\n|poke|p1|Amoonguss, L50, M|\n|poke|p1|Tatsugiri, L50, M|\n|poke|p1|Ogerpon-Cornerstone, L50, F|\n|poke|p2|Urshifu-*, L50, M|\n|poke|p2|Annihilape, L50, M|\n|poke|p2|Talonflame, L50, F|\n|poke|p2|Chi-Yu, L50|\n|poke|p2|Arbok, L50, F|\n|poke|p2|Grimmsnarl, L50, M|\n|teampreview|4\n|\n|t:|1700868896\n|start\n|switch|p1a: Dondozo|Dondozo, L50, M|100\/100\n|switch|p1b: Flutter Mane|Flutter Mane, L50|100\/100\n|switch|p2a: Grimmsnarl|Grimmsnarl, L50, M, shiny|100\/100\n|switch|p2b: Annihilape|Annihilape, L50, M|100\/100\n|-enditem|p1b: Flutter Mane|Booster Energy\n|-activate|p1b: Flutter Mane|ability: Protosynthesis|[fromitem]\n|-start|p1b: Flutter Mane|protosynthesisspe\n|turn|1\n|\n|t:|1700868921\n|-terastallize|p2b: Annihilape|Steel\n|move|p1a: Dondozo|Protect|p1a: Dondozo\n|-singleturn|p1a: Dondozo|Protect\n|move|p2a: Grimmsnarl|Light Screen|p2a: Grimmsnarl\n|-sidestart|p2: DROOOOOGS|move: Light Screen\n|move|p1b: Flutter Mane|Calm Mind|p1b: Flutter Mane\n|-boost|p1b: Flutter Mane|spa|1\n|-boost|p1b: Flutter Mane|spd|1\n|move|p2b: Annihilape|Bulk Up|p2b: Annihilape\n|-boost|p2b: Annihilape|atk|1\n|-boost|p2b: Annihilape|def|1\n|\n|upkeep\n|turn|2\n|\n|t:|1700868968\n|move|p2a: Grimmsnarl|Reflect|p2a: Grimmsnarl\n|-sidestart|p2: DROOOOOGS|Reflect\n|move|p1b: Flutter Mane|Shadow Ball|p2b: Annihilape\n|-damage|p2b: Annihilape|56\/100\n|-unboost|p2b: Annihilape|spd|1\n|-ability|p2b: Annihilape|Defiant|boost\n|-boost|p2b: Annihilape|atk|2\n|move|p2b: Annihilape|Rage Fist|p1b: Flutter Mane\n|-supereffective|p1b: Flutter Mane\n|-damage|p1b: Flutter Mane|0 fnt\n|faint|p1b: Flutter Mane\n|-end|p1b: Flutter Mane|Protosynthesis|[silent]\n|move|p1a: Dondozo|Yawn|p2b: Annihilape\n|-start|p2b: Annihilape|move: Yawn|[of] p1a: Dondozo\n|\n|upkeep\n|\n|t:|1700868986\n|switch|p1b: Tatsugiri|Tatsugiri, L50, M|100\/100\n|-activate|p1b: Tatsugiri|ability: Commander|[of] p1a: Dondozo\n|-boost|p1a: Dondozo|atk|2\n|-boost|p1a: Dondozo|spa|2\n|-boost|p1a: Dondozo|spe|2\n|-boost|p1a: Dondozo|def|2\n|-boost|p1a: Dondozo|spd|2\n|turn|3\n|\n|t:|1700869010\n|switch|p2b: Arbok|Arbok, L50, F, shiny|100\/100\n|-ability|p2b: Arbok|Intimidate|boost\n|-fail|p1a: Dondozo|unboost|Attack|[from] ability: Oblivious|[of] p1a: Dondozo\n|-unboost|p1b: Tatsugiri|atk|1\n|move|p1a: Dondozo|Earthquake|p2a: Grimmsnarl|[spread] p2a,p2b\n|-miss|p1a: Dondozo|p1b: Tatsugiri\n|-supereffective|p2b: Arbok\n|-damage|p2a: Grimmsnarl|71\/100\n|-damage|p2b: Arbok|21\/100\n|move|p2a: Grimmsnarl|Spirit Break|p1a: Dondozo\n|-damage|p1a: Dondozo|91\/100\n|-unboost|p1a: Dondozo|spa|1\n|\n|upkeep\n|turn|4\n|\n|t:|1700869036\n|move|p1a: Dondozo|Protect|p1a: Dondozo\n|-singleturn|p1a: Dondozo|Protect\n|move|p2b: Arbok|Gunk Shot|p1a: Dondozo\n|-activate|p1a: Dondozo|move: Protect\n|move|p2a: Grimmsnarl|Spirit Break|p1a: Dondozo\n|-activate|p1a: Dondozo|move: Protect\n|\n|upkeep\n|turn|5\n|\n|t:|1700869049\n|move|p1a: Dondozo|Earthquake|p2b: Arbok|[spread] p2a,p2b\n|-miss|p1a: Dondozo|p1b: Tatsugiri\n|-supereffective|p2b: Arbok\n|-damage|p2a: Grimmsnarl|44\/100\n|-damage|p2b: Arbok|0 fnt\n|faint|p2b: Arbok\n|move|p2a: Grimmsnarl|Spirit Break|p1a: Dondozo\n|-damage|p1a: Dondozo|81\/100\n|-unboost|p1a: Dondozo|spa|1\n|\n|upkeep\n|\n|t:|1700869052\n|switch|p2b: Talonflame|Talonflame, L50, F|100\/100\n|turn|6\n|\n|t:|1700869068\n|move|p2b: Talonflame|Will-O-Wisp|p1a: Dondozo|[miss]\n|-miss|p2b: Talonflame|p1a: Dondozo\n|move|p1a: Dondozo|Wave Crash|p2b: Talonflame\n|-supereffective|p2b: Talonflame\n|-enditem|p2b: Talonflame|Focus Sash\n|-damage|p2b: Talonflame|1\/100\n|-damage|p1a: Dondozo|62\/100|[from] Recoil\n|move|p2a: Grimmsnarl|Spirit Break|p1a: Dondozo\n|-damage|p1a: Dondozo|52\/100\n|-unboost|p1a: Dondozo|spa|1\n|\n|upkeep\n|turn|7\n|\n|t:|1700869088\n|switch|p2a: Annihilape|Annihilape, L50, M, tera:Steel|56\/100\n|-terastallize|p1a: Dondozo|Fire\n|move|p2b: Talonflame|Will-O-Wisp|p1a: Dondozo\n|-immune|p1a: Dondozo\n|move|p1a: Dondozo|Wave Crash|p2b: Talonflame\n|-supereffective|p2b: Talonflame\n|-damage|p2b: Talonflame|0 fnt\n|faint|p2b: Talonflame\n|-damage|p1a: Dondozo|52\/100|[from] Recoil\n|\n|upkeep\n|\n|t:|1700869093\n|switch|p2b: Grimmsnarl|Grimmsnarl, L50, M, shiny|44\/100\n|turn|8\n|\n|t:|1700869109\n|move|p2b: Grimmsnarl|Fake Out|p1a: Dondozo\n|-damage|p1a: Dondozo|48\/100\n|cant|p1a: Dondozo|flinch\n|move|p2a: Annihilape|Bulk Up|p2a: Annihilape\n|-boost|p2a: Annihilape|atk|1\n|-boost|p2a: Annihilape|def|1\n|\n|-sideend|p2: DROOOOOGS|move: Light Screen\n|upkeep\n|turn|9\n|\n|t:|1700869123\n|move|p1a: Dondozo|Yawn|p2a: Annihilape\n|-start|p2a: Annihilape|move: Yawn|[of] p1a: Dondozo\n|move|p2a: Annihilape|Rage Fist|p1a: Dondozo\n|-damage|p1a: Dondozo|25\/100\n|move|p2b: Grimmsnarl|Spirit Break|p1a: Dondozo\n|-resisted|p1a: Dondozo\n|-damage|p1a: Dondozo|20\/100\n|-unboost|p1a: Dondozo|spa|1\n|\n|-sideend|p2: DROOOOOGS|Reflect\n|upkeep\n|turn|10\n|\n|t:|1700869137\n|move|p1a: Dondozo|Protect|p1a: Dondozo\n|-singleturn|p1a: Dondozo|Protect\n|move|p2b: Grimmsnarl|Reflect|p2b: Grimmsnarl\n|-sidestart|p2: DROOOOOGS|Reflect\n|move|p2a: Annihilape|Bulk Up|p2a: Annihilape\n|-boost|p2a: Annihilape|atk|1\n|-boost|p2a: Annihilape|def|1\n|\n|-end|p2a: Annihilape|move: Yawn|[silent]\n|-status|p2a: Annihilape|slp\n|upkeep\n|turn|11\n|\n|t:|1700869153\n|move|p1a: Dondozo|Earthquake|p2a: Annihilape|[spread] p2a,p2b\n|-miss|p1a: Dondozo|p1b: Tatsugiri\n|-supereffective|p2a: Annihilape\n|-damage|p2a: Annihilape|26\/100 slp\n|-damage|p2b: Grimmsnarl|16\/100\n|cant|p2a: Annihilape|slp\n|move|p2b: Grimmsnarl|Spirit Break|p1a: Dondozo\n|-resisted|p1a: Dondozo\n|-damage|p1a: Dondozo|14\/100\n|-unboost|p1a: Dondozo|spa|1\n|\n|upkeep\n|turn|12\n|\n|t:|1700869171\n|move|p1a: Dondozo|Earthquake|p2a: Annihilape|[spread] p2a,p2b\n|-miss|p1a: Dondozo|p1b: Tatsugiri\n|-supereffective|p2a: Annihilape\n|-crit|p2b: Grimmsnarl\n|-damage|p2a: Annihilape|0 fnt\n|-damage|p2b: Grimmsnarl|0 fnt\n|faint|p2a: Annihilape\n|faint|p2b: Grimmsnarl\n|\n|win|xingshen\n|raw|xingshen's rating: 1132 &rarr; <strong>1160<\/strong><br \/>(+28 for winning)\n|raw|DROOOOOGS's rating: 1173 &rarr; <strong>1145<\/strong><br \/>(-28 for losing)\n|l|\u2606DROOOOOGS\n","uploadtime":1700869183,"views":6,"p1id":"xingshen","p2id":"drooooogs","formatid":"gen9vgc2023regulatione","rating":1145,"private":0,"password":""}