{"id":"gen9vgc2023regulatione-1994313968","p1":"NekrosM0S","p2":"SilvioPkTrainer","format":"[Gen 9] VGC 2023 Regulation E","log":"|j|\u2606NekrosM0S\n|j|\u2606SilvioPkTrainer\n|t:|1700430075\n|gametype|doubles\n|player|p1|NekrosM0S|colress|1228\n|player|p2|SilvioPkTrainer|n|1226\n|teamsize|p1|6\n|teamsize|p2|6\n|gen|9\n|tier|[Gen 9] VGC 2023 Regulation E\n|rated|\n|rule|Species Clause: Limit one of each Pok\u00e9mon\n|rule|Item Clause: Limit one of each item\n|clearpoke\n|poke|p1|Iron Moth, L50|\n|poke|p1|Flutter Mane, L50|\n|poke|p1|Iron Hands, L50|\n|poke|p1|Landorus-Therian, L50, M|\n|poke|p1|Ogerpon-Wellspring, L50, F|\n|poke|p1|Gholdengo, L50|\n|poke|p2|Arcanine-Hisui, L50, M|\n|poke|p2|Grimmsnarl, L50, M|\n|poke|p2|Sinistcha, L50|\n|poke|p2|Urshifu-*, L50, M|\n|poke|p2|Ursaluna-Bloodmoon, L50, M|\n|poke|p2|Iron Hands, L50|\n|teampreview|4\nSilvioPkTrainer rejected open team sheets.\n|\n|t:|1700430100\n|start\n|switch|p1a: Iron Moth|Iron Moth, L50, shiny|100\/100\n|switch|p1b: Flutter Mane|Flutter Mane, L50, shiny|100\/100\n|switch|p2a: Iron Hands|Iron Hands, L50|100\/100\n|switch|p2b: Grimmsnarl|Grimmsnarl, L50, M|100\/100\n|-enditem|p1a: Iron Moth|Booster Energy\n|-activate|p1a: Iron Moth|ability: Quark Drive|[fromitem]\n|-start|p1a: Iron Moth|quarkdrivespe\n|turn|1\n|\n|t:|1700430117\n|-end|p1a: Iron Moth|Quark Drive|[silent]\n|switch|p1a: Landorus|Landorus-Therian, L50, M|100\/100\n|-ability|p1a: Landorus|Intimidate|boost\n|-unboost|p2a: Iron Hands|atk|1\n|-unboost|p2b: Grimmsnarl|atk|1\n|-terastallize|p1b: Flutter Mane|Fairy\n|move|p2a: Iron Hands|Fake Out|p1a: Landorus\n|-damage|p1a: Landorus|88\/100\n|move|p2b: Grimmsnarl|Light Screen|p2b: Grimmsnarl\n|-sidestart|p2: SilvioPkTrainer|move: Light Screen\n|move|p1b: Flutter Mane|Dazzling Gleam|p2b: Grimmsnarl|[spread] p2a,p2b\n|-supereffective|p2a: Iron Hands\n|-supereffective|p2b: Grimmsnarl\n|-damage|p2a: Iron Hands|59\/100\n|-damage|p2b: Grimmsnarl|17\/100\n|\n|upkeep\n|turn|2\n|\n|t:|1700430134\n|move|p1a: Landorus|Stomping Tantrum|p2a: Iron Hands\n|-supereffective|p2a: Iron Hands\n|-damage|p2a: Iron Hands|0 fnt\n|faint|p2a: Iron Hands\n|-end|p2a: Iron Hands|Quark Drive|[silent]\n|move|p1b: Flutter Mane|Dazzling Gleam|p2b: Grimmsnarl\n|-supereffective|p2b: Grimmsnarl\n|-damage|p2b: Grimmsnarl|0 fnt\n|faint|p2b: Grimmsnarl\n|\n|upkeep\n|\n|t:|1700430138\n|switch|p2a: Ursaluna|Ursaluna-Bloodmoon, L50, M|100\/100\n|switch|p2b: Arcanine|Arcanine-Hisui, L50, M|100\/100\n|-ability|p2b: Arcanine|Intimidate|boost\n|-unboost|p1a: Landorus|atk|1\n|-unboost|p1b: Flutter Mane|atk|1\n|turn|3\n|\n|t:|1700430152\n|-terastallize|p2a: Ursaluna|Normal\n|move|p2b: Arcanine|Extreme Speed|p1b: Flutter Mane\n|-crit|p1b: Flutter Mane\n|-damage|p1b: Flutter Mane|0 fnt\n|faint|p1b: Flutter Mane\n|-end|p1b: Flutter Mane|Protosynthesis|[silent]\n|move|p1a: Landorus|Stomping Tantrum|p2b: Arcanine\n|-supereffective|p2b: Arcanine\n|-damage|p2b: Arcanine|0 fnt\n|faint|p2b: Arcanine\n|move|p2a: Ursaluna|Hyper Voice|p1a: Landorus\n|-crit|p1a: Landorus\n|-damage|p1a: Landorus|0 fnt\n|faint|p1a: Landorus\n|-enditem|p2a: Ursaluna|Throat Spray\n|-boost|p2a: Ursaluna|spa|1|[from] item: Throat Spray\n|\n|upkeep\n|\n|t:|1700430158\n|switch|p1b: Iron Moth|Iron Moth, L50, shiny|100\/100\n|switch|p1a: Iron Hands|Iron Hands, L50, shiny|100\/100\n|turn|4\n|\n|t:|1700430170\n|move|p1a: Iron Hands|Fake Out|p2a: Ursaluna\n|-crit|p2a: Ursaluna\n|-damage|p2a: Ursaluna|85\/100\n|move|p1b: Iron Moth|Heat Wave|p2a: Ursaluna\n|-damage|p2a: Ursaluna|49\/100\n|cant|p2a: Ursaluna|flinch\n|\n|upkeep\n|turn|5\n|\n|t:|1700430180\n|move|p1b: Iron Moth|Heat Wave|p2a: Ursaluna\n|-damage|p2a: Ursaluna|12\/100\n|move|p1a: Iron Hands|Drain Punch|p2a: Ursaluna\n|-supereffective|p2a: Ursaluna\n|-damage|p2a: Ursaluna|0 fnt\n|faint|p2a: Ursaluna\n|\n|win|NekrosM0S\n|raw|NekrosM0S's rating: 1228 &rarr; <strong>1253<\/strong><br \/>(+25 for winning)\n|raw|SilvioPkTrainer's rating: 1226 &rarr; <strong>1201<\/strong><br \/>(-25 for losing)\n|l|\u2606SilvioPkTrainer\n","uploadtime":1700430193,"views":4,"p1id":"nekrosm0s","p2id":"silviopktrainer","formatid":"gen9vgc2023regulatione","rating":1201,"private":0,"password":""}