{"id":"gen9vgc2023regulatione-1991336169","p1":"Therazer456","p2":"FreezyPop439","format":"[Gen 9] VGC 2023 Regulation E","log":"|j|\u2606Therazer456\n|j|\u2606FreezyPop439\n|t:|1700068655\n|gametype|doubles\n|player|p1|Therazer456|ghetsis|1552\n|player|p2|FreezyPop439|collector|1475\n|teamsize|p1|6\n|teamsize|p2|6\n|gen|9\n|tier|[Gen 9] VGC 2023 Regulation E\n|rated|\n|rule|Species Clause: Limit one of each Pok\u00e9mon\n|rule|Item Clause: Limit one of each item\n|clearpoke\n|poke|p1|Empoleon, L50, F|\n|poke|p1|Rillaboom, L50, F|\n|poke|p1|Roaring Moon, L50|\n|poke|p1|Moltres, L50|\n|poke|p1|Grimmsnarl, L50, M|\n|poke|p1|Landorus-Therian, L50, M|\n|poke|p2|Heatran, L50, F|\n|poke|p2|Rillaboom, L50, F|\n|poke|p2|Urshifu-*, L50, M|\n|poke|p2|Flutter Mane, L50|\n|poke|p2|Cresselia, L50, F|\n|poke|p2|Landorus-Therian, L50, M|\n|teampreview|4\n|\n|t:|1700068694\n|start\n|switch|p1a: Landorus|Landorus-Therian, L50, M|100\/100\n|switch|p1b: Empoleon|Empoleon, L50, F|100\/100\n|switch|p2a: Rillaboom|Rillaboom, L50, F|100\/100\n|switch|p2b: Urshifu|Urshifu-Rapid-Strike, L50, M|100\/100\n|-ability|p1a: Landorus|Intimidate|boost\n|-unboost|p2a: Rillaboom|atk|1\n|-unboost|p2b: Urshifu|atk|1\n|-fieldstart|move: Grassy Terrain|[from] ability: Grassy Surge|[of] p2a: Rillaboom\n|turn|1\n|\n|t:|1700068731\n|switch|p1a: Rillaboom|Rillaboom, L50, F|100\/100\n|move|p1b: Empoleon|Protect|p1b: Empoleon\n|-singleturn|p1b: Empoleon|Protect\n|move|p2a: Rillaboom|Fake Out|p1a: Rillaboom\n|-damage|p1a: Rillaboom|92\/100\n|move|p2b: Urshifu|Surging Strikes|p1a: Rillaboom\n|-resisted|p1a: Rillaboom\n|-crit|p1a: Rillaboom\n|-damage|p1a: Rillaboom|82\/100\n|-resisted|p1a: Rillaboom\n|-crit|p1a: Rillaboom\n|-damage|p1a: Rillaboom|71\/100\n|-resisted|p1a: Rillaboom\n|-crit|p1a: Rillaboom\n|-damage|p1a: Rillaboom|60\/100\n|-hitcount|p1a: Rillaboom|3\n|\n|-heal|p1a: Rillaboom|66\/100|[from] Grassy Terrain\n|upkeep\n|turn|2\n|\n|t:|1700068784\n|move|p2b: Urshifu|Protect|p2b: Urshifu\n|-singleturn|p2b: Urshifu|Protect\n|move|p1a: Rillaboom|Grass Pledge|p2a: Rillaboom\n|-waiting|p1a: Rillaboom|p1b: Empoleon\n|move|p1b: Empoleon|Water Pledge|p2a: Rillaboom|[from]move: Grass Pledge\n|-combine\n|-resisted|p2a: Rillaboom\n|-damage|p2a: Rillaboom|46\/100\n|-sidestart|p2: FreezyPop439|Grass Pledge\n|move|p2a: Rillaboom|Wood Hammer|p1b: Empoleon\n|-damage|p1b: Empoleon|36\/100\n|-damage|p2a: Rillaboom|26\/100|[from] Recoil\n|\n|-heal|p1a: Rillaboom|72\/100|[from] Grassy Terrain\n|-heal|p1b: Empoleon|41\/100|[from] Grassy Terrain\n|-heal|p2a: Rillaboom|32\/100|[from] Grassy Terrain\n|upkeep\n|turn|3\n|\n|t:|1700068824\n|move|p2a: Rillaboom|Grassy Glide|p1b: Empoleon\n|-damage|p1b: Empoleon|13\/100\n|move|p1a: Rillaboom|Grass Pledge|p2b: Urshifu\n|-waiting|p1a: Rillaboom|p1b: Empoleon\n|move|p1b: Empoleon|Water Pledge|p2b: Urshifu|[from]move: Grass Pledge\n|-combine\n|-supereffective|p2b: Urshifu\n|-crit|p2b: Urshifu\n|-damage|p2b: Urshifu|0 fnt\n|faint|p2b: Urshifu\n|\n|-heal|p1a: Rillaboom|78\/100|[from] Grassy Terrain\n|-heal|p1b: Empoleon|19\/100|[from] Grassy Terrain\n|-heal|p2a: Rillaboom|38\/100|[from] Grassy Terrain\n|upkeep\n|\n|t:|1700068843\n|switch|p2b: Heatran|Heatran, L50, F|100\/100\n|turn|4\n|\n|t:|1700068851\n|switch|p1b: Landorus|Landorus-Therian, L50, M|100\/100\n|-ability|p1b: Landorus|Intimidate|boost\n|-unboost|p2a: Rillaboom|atk|1\n|-unboost|p2b: Heatran|atk|1\n|-terastallize|p2b: Heatran|Grass\n|move|p1a: Rillaboom|High Horsepower|p2b: Heatran\n|-resisted|p2b: Heatran\n|-damage|p2b: Heatran|88\/100\n|move|p2a: Rillaboom|U-turn|p1a: Rillaboom\n|-supereffective|p1a: Rillaboom\n|-damage|p1a: Rillaboom|56\/100\n|\n|t:|1700068862\n|switch|p2a: Flutter Mane|Flutter Mane, L50|100\/100|[from] U-turn\n|move|p2b: Heatran|Heat Wave|p1b: Landorus|[spread] p1a,p1b\n|-supereffective|p1a: Rillaboom\n|-damage|p1a: Rillaboom|0 fnt\n|-damage|p1b: Landorus|58\/100\n|faint|p1a: Rillaboom\n|\n|-heal|p2b: Heatran|94\/100|[from] Grassy Terrain\n|-heal|p2b: Heatran|99\/100|[from] item: Leftovers\n|upkeep\n|\n|t:|1700068881\n|switch|p1a: Roaring Moon|Roaring Moon, L50|100\/100\n|-enditem|p1a: Roaring Moon|Booster Energy\n|-activate|p1a: Roaring Moon|ability: Protosynthesis|[fromitem]\n|-start|p1a: Roaring Moon|protosynthesisatk\n|turn|5\n|j| Playsterco\n|\n|t:|1700068907\n|-terastallize|p1a: Roaring Moon|Poison\n|move|p2b: Heatran|Protect|p2b: Heatran\n|-singleturn|p2b: Heatran|Protect\n|move|p1a: Roaring Moon|Dragon Dance|p1a: Roaring Moon\n|-boost|p1a: Roaring Moon|atk|1\n|-boost|p1a: Roaring Moon|spe|1\n|move|p1b: Landorus|Stomping Tantrum|p2a: Flutter Mane\n|-damage|p2a: Flutter Mane|10\/100\n|move|p2a: Flutter Mane|Moonblast|p1a: Roaring Moon\n|-resisted|p1a: Roaring Moon\n|-damage|p1a: Roaring Moon|70\/100\n|-unboost|p1a: Roaring Moon|spa|1\n|\n|-heal|p1a: Roaring Moon|76\/100|[from] Grassy Terrain\n|-heal|p2a: Flutter Mane|15\/100|[from] Grassy Terrain\n|-heal|p2b: Heatran|100\/100|[from] Grassy Terrain\n|-sideend|p2: FreezyPop439|Grass Pledge\n|-fieldend|move: Grassy Terrain\n|upkeep\n|turn|6\n|\n|t:|1700068925\n|-end|p2a: Flutter Mane|Protosynthesis|[silent]\n|switch|p2a: Rillaboom|Rillaboom, L50, F|38\/100\n|-fieldstart|move: Grassy Terrain|[from] ability: Grassy Surge|[of] p2a: Rillaboom\n|switch|p1b: Empoleon|Empoleon, L50, F|19\/100\n|move|p1a: Roaring Moon|Knock Off|p2a: Rillaboom\n|-damage|p2a: Rillaboom|0 fnt\n|-enditem|p2a: Rillaboom|Meadow Plate|[from] move: Knock Off|[of] p1a: Roaring Moon\n|faint|p2a: Rillaboom\n|move|p2b: Heatran|Earth Power|p1a: Roaring Moon\n|-supereffective|p1a: Roaring Moon\n|-damage|p1a: Roaring Moon|21\/100\n|\n|-heal|p1a: Roaring Moon|27\/100|[from] Grassy Terrain\n|-heal|p1b: Empoleon|25\/100|[from] Grassy Terrain\n|upkeep\n|\n|t:|1700068939\n|switch|p2a: Flutter Mane|Flutter Mane, L50|15\/100\n|turn|7\n|\n|t:|1700068971\n|move|p1a: Roaring Moon|Knock Off|p2a: Flutter Mane\n|-damage|p2a: Flutter Mane|0 fnt\n|-enditem|p2a: Flutter Mane|Choice Specs|[from] move: Knock Off|[of] p1a: Roaring Moon\n|faint|p2a: Flutter Mane\n|-end|p2a: Flutter Mane|Protosynthesis|[silent]\n|move|p2b: Heatran|Heat Wave|p1b: Empoleon|[spread] p1a,p1b\n|-crit|p1a: Roaring Moon\n|-damage|p1a: Roaring Moon|0 fnt\n|-damage|p1b: Empoleon|0 fnt\n|faint|p1a: Roaring Moon\n|-end|p1a: Roaring Moon|Protosynthesis|[silent]\n|faint|p1b: Empoleon\n|\n|upkeep\n|\n|t:|1700068980\n|switch|p1a: Landorus|Landorus-Therian, L50, M|58\/100\n|-ability|p1a: Landorus|Intimidate|boost\n|-unboost|p2b: Heatran|atk|1\n|turn|8\n|\n|t:|1700068998\n|move|p1a: Landorus|U-turn|p2b: Heatran\n|-supereffective|p2b: Heatran\n|-damage|p2b: Heatran|31\/100\n|move|p2b: Heatran|Flash Cannon|p1a: Landorus\n|-damage|p1a: Landorus|15\/100\n|\n|-heal|p2b: Heatran|37\/100|[from] Grassy Terrain\n|-heal|p2b: Heatran|43\/100|[from] item: Leftovers\n|upkeep\n|turn|9\n|\n|t:|1700069006\n|move|p2b: Heatran|Protect|p2b: Heatran\n|-singleturn|p2b: Heatran|Protect\n|move|p1a: Landorus|U-turn|p2b: Heatran\n|-activate|p2b: Heatran|move: Protect\n|\n|-heal|p2b: Heatran|49\/100|[from] Grassy Terrain\n|-heal|p2b: Heatran|56\/100|[from] item: Leftovers\n|upkeep\n|turn|10\n|\n|t:|1700069013\n|move|p2b: Heatran|Protect|p2b: Heatran\n|-singleturn|p2b: Heatran|Protect\n|move|p1a: Landorus|U-turn|p2b: Heatran\n|-activate|p2b: Heatran|move: Protect\n|\n|-heal|p2b: Heatran|62\/100|[from] Grassy Terrain\n|-heal|p2b: Heatran|68\/100|[from] item: Leftovers\n|-fieldend|move: Grassy Terrain\n|upkeep\n|turn|11\n|\n|t:|1700069021\n|move|p1a: Landorus|U-turn|p2b: Heatran\n|-supereffective|p2b: Heatran\n|-damage|p2b: Heatran|0 fnt\n|faint|p2b: Heatran\n|\n|win|Therazer456\n|raw|Therazer456's rating: 1532 &rarr; <strong>1549<\/strong><br \/>(+17 for winning)\n|raw|FreezyPop439's rating: 1475 &rarr; <strong>1458<\/strong><br \/>(-17 for losing)\n|l|\u2606Therazer456\n|l|\u2606FreezyPop439\n","uploadtime":1700069500,"views":12,"p1id":"therazer456","p2id":"freezypop439","formatid":"gen9vgc2023regulatione","rating":1458,"private":0,"password":""}