{"id":"gen9vgc2023regulatione-1998244664","p1":"squigsquag","p2":"allthesky","format":"[Gen 9] VGC 2023 Regulation E","log":"|j|\u2606squigsquag\n|j|\u2606allthesky\n|t:|1700918989\n|gametype|doubles\n|player|p1|squigsquag|265|1119\n|player|p2|allthesky|burglar|1127\n|teamsize|p1|6\n|teamsize|p2|6\n|gen|9\n|tier|[Gen 9] VGC 2023 Regulation E\n|rated|\n|rule|Species Clause: Limit one of each Pok\u00e9mon\n|rule|Item Clause: Limit one of each item\n|clearpoke\n|poke|p1|Iron Bundle, L50|\n|poke|p1|Hawlucha, L50, F|\n|poke|p1|Garganacl, L50, M|\n|poke|p1|Sinistcha-Masterpiece, L50|\n|poke|p1|Toxapex, L50, F|\n|poke|p1|Goodra-Hisui, L50, M|\n|poke|p2|Ursaluna, L50, M|\n|poke|p2|Vaporeon, L50, F|\n|poke|p2|Chandelure, L50, F|\n|poke|p2|Bronzong, L50|\n|poke|p2|Cresselia, L50, F|\n|poke|p2|Mimikyu, L50, F|\n|teampreview|4\n|\n|t:|1700919050\n|start\n|switch|p1a: Toxapex|Toxapex, L50, F|100\/100\n|switch|p1b: Iron Bundle|Iron Bundle, L50|100\/100\n|switch|p2a: Ursaluna|Ursaluna, L50, M|100\/100\n|switch|p2b: Mimikyu|Mimikyu, L50, F|100\/100\n|turn|1\n|\n|t:|1700919075\n|move|p2a: Ursaluna|Protect|p2a: Ursaluna\n|-singleturn|p2a: Ursaluna|Protect\n|move|p1b: Iron Bundle|Icy Wind|p2a: Ursaluna|[spread] p2b\n|-activate|p2a: Ursaluna|move: Protect\n|-activate|p2b: Mimikyu|ability: Disguise\n|-damage|p2b: Mimikyu|100\/100\n|-unboost|p2b: Mimikyu|spe|1\n|detailschange|p2b: Mimikyu|Mimikyu-Busted, L50, F\n|-damage|p2b: Mimikyu|88\/100|[from] pokemon: Mimikyu-Busted\n|move|p1a: Toxapex|Infestation|p2a: Ursaluna\n|-activate|p2a: Ursaluna|move: Protect\n|move|p2b: Mimikyu|Trick Room|p2b: Mimikyu\n|-fieldstart|move: Trick Room|[of] p2b: Mimikyu\n|\n|-status|p2a: Ursaluna|brn|[from] item: Flame Orb\n|upkeep\n|turn|2\n|\n|t:|1700919102\n|-terastallize|p2a: Ursaluna|Ghost\n|move|p2b: Mimikyu|Drain Punch|p1b: Iron Bundle\n|-supereffective|p1b: Iron Bundle\n|-damage|p1b: Iron Bundle|56\/100\n|-heal|p2b: Mimikyu|100\/100|[from] drain|[of] p1b: Iron Bundle\n|move|p1a: Toxapex|Infestation|p2a: Ursaluna\n|-resisted|p2a: Ursaluna\n|-damage|p2a: Ursaluna|99\/100 brn\n|-activate|p2a: Ursaluna|move: Infestation|[of] p1a: Toxapex\n|move|p2a: Ursaluna|Hammer Arm|p1b: Iron Bundle\n|-supereffective|p1b: Iron Bundle\n|-damage|p1b: Iron Bundle|0 fnt\n|-unboost|p2a: Ursaluna|spe|1\n|faint|p1b: Iron Bundle\n|-end|p1b: Iron Bundle|Quark Drive|[silent]\n|\n|-damage|p2a: Ursaluna|93\/100 brn|[from] brn\n|-damage|p2a: Ursaluna|77\/100 brn|[from] move: Infestation|[partiallytrapped]\n|upkeep\n|\n|t:|1700919124\n|switch|p1b: Garganacl|Garganacl, L50, M|100\/100\n|turn|3\n|\n|t:|1700919142\n|switch|p2a: Cresselia|Cresselia, L50, F|100\/100\n|-terastallize|p1b: Garganacl|Grass\n|move|p2b: Mimikyu|Swords Dance|p2b: Mimikyu\n|-boost|p2b: Mimikyu|atk|2\n|move|p1b: Garganacl|Salt Cure|p2b: Mimikyu\n|-damage|p2b: Mimikyu|75\/100\n|-start|p2b: Mimikyu|Salt Cure\n|move|p1a: Toxapex|Chilling Water|p2a: Cresselia\n|-damage|p2a: Cresselia|93\/100\n|-unboost|p2a: Cresselia|atk|1\n|\n|-damage|p2b: Mimikyu|63\/100|[from] Salt Cure\n|upkeep\n|turn|4\n|\n|t:|1700919164\n|move|p2b: Mimikyu|Drain Punch|p1b: Garganacl\n|-damage|p1b: Garganacl|75\/100\n|-heal|p2b: Mimikyu|84\/100|[from] drain|[of] p1b: Garganacl\n|move|p1a: Toxapex|Infestation|p2a: Cresselia\n|-supereffective|p2a: Cresselia\n|-damage|p2a: Cresselia|89\/100\n|-activate|p2a: Cresselia|move: Infestation|[of] p1a: Toxapex\n|move|p1b: Garganacl|Salt Cure|p2a: Cresselia\n|-damage|p2a: Cresselia|80\/100\n|-start|p2a: Cresselia|Salt Cure\n|move|p2a: Cresselia|Charge Beam|p1a: Toxapex\n|-supereffective|p1a: Toxapex\n|-damage|p1a: Toxapex|83\/100\n|\n|-damage|p2b: Mimikyu|71\/100|[from] Salt Cure\n|-damage|p2a: Cresselia|68\/100|[from] Salt Cure\n|-damage|p2a: Cresselia|52\/100|[from] move: Infestation|[partiallytrapped]\n|upkeep\n|turn|5\n|\n|t:|1700919189\n|move|p2b: Mimikyu|Swords Dance|p2b: Mimikyu\n|-boost|p2b: Mimikyu|atk|2\n|move|p1a: Toxapex|Infestation|p2b: Mimikyu\n|-resisted|p2b: Mimikyu\n|-damage|p2b: Mimikyu|70\/100\n|-activate|p2b: Mimikyu|move: Infestation|[of] p1a: Toxapex\n|move|p1b: Garganacl|Stone Edge|p2b: Mimikyu\n|-damage|p2b: Mimikyu|13\/100\n|move|p2a: Cresselia|Lunar Blessing|p2a: Cresselia|[spread] p2a,p2b\n|-heal|p2a: Cresselia|77\/100\n|-heal|p2b: Mimikyu|37\/100\n|\n|-damage|p2b: Mimikyu|21\/100|[from] move: Infestation|[partiallytrapped]\n|-damage|p2b: Mimikyu|9\/100|[from] Salt Cure\n|-damage|p2a: Cresselia|65\/100|[from] Salt Cure\n|-damage|p2a: Cresselia|48\/100|[from] move: Infestation|[partiallytrapped]\n|-fieldend|move: Trick Room\n|upkeep\n|turn|6\n|\n|t:|1700919216\n|move|p2a: Cresselia|Helping Hand|p2b: Mimikyu\n|-singleturn|p2b: Mimikyu|Helping Hand|[of] p2a: Cresselia\n|move|p1a: Toxapex|Baneful Bunker|p1a: Toxapex\n|-singleturn|p1a: Toxapex|move: Protect\n|move|p1b: Garganacl|Recover|p1b: Garganacl\n|-heal|p1b: Garganacl|100\/100\n|move|p2b: Mimikyu|Drain Punch|p1b: Garganacl\n|-damage|p1b: Garganacl|42\/100\n|-heal|p2b: Mimikyu|56\/100|[from] drain|[of] p1b: Garganacl\n|\n|-damage|p2a: Cresselia|32\/100|[from] move: Infestation|[partiallytrapped]\n|-damage|p2a: Cresselia|19\/100|[from] Salt Cure\n|-damage|p2b: Mimikyu|44\/100|[from] Salt Cure\n|-damage|p2b: Mimikyu|27\/100|[from] move: Infestation|[partiallytrapped]\n|upkeep\n|-enditem|p2a: Cresselia|Aguav Berry|[eat]\n|-heal|p2a: Cresselia|53\/100|[from] item: Aguav Berry\n|turn|7\n|\n|t:|1700919252\n|switch|p1a: Sinistcha|Sinistcha-Masterpiece, L50|100\/100\n|-heal|p1b: Garganacl|66\/100|[from] ability: Hospitality|[of] p1a: Sinistcha\n|move|p2a: Cresselia|Helping Hand|p2b: Mimikyu\n|-singleturn|p2b: Mimikyu|Helping Hand|[of] p2a: Cresselia\n|move|p1b: Garganacl|Stone Edge|p2b: Mimikyu\n|-damage|p2b: Mimikyu|0 fnt\n|faint|p2b: Mimikyu\n|\n|-end|p2a: Cresselia|Infestation|[partiallytrapped]|[silent]\n|-damage|p2a: Cresselia|40\/100|[from] Salt Cure\n|upkeep\n|\n|t:|1700919261\n|switch|p2b: Ursaluna|Ursaluna, L50, M, tera:Ghost|77\/100 brn\n|turn|8\n|\n|t:|1700919293\n|switch|p1a: Toxapex|Toxapex, L50, F|83\/100\n|move|p2b: Ursaluna|Protect|p2b: Ursaluna\n|-singleturn|p2b: Ursaluna|Protect\n|move|p1b: Garganacl|Recover|p1b: Garganacl\n|-heal|p1b: Garganacl|100\/100\n|move|p2a: Cresselia|Trick Room|p2a: Cresselia\n|-fieldstart|move: Trick Room|[of] p2a: Cresselia\n|\n|-damage|p2b: Ursaluna|71\/100 brn|[from] brn\n|-damage|p2a: Cresselia|28\/100|[from] Salt Cure\n|upkeep\n|turn|9\n|\n|t:|1700919336\n|move|p1a: Toxapex|Infestation|p2a: Cresselia\n|-supereffective|p2a: Cresselia\n|-damage|p2a: Cresselia|24\/100\n|-activate|p2a: Cresselia|move: Infestation|[of] p1a: Toxapex\n|move|p1b: Garganacl|Salt Cure|p2b: Ursaluna\n|-damage|p2b: Ursaluna|60\/100 brn\n|-start|p2b: Ursaluna|Salt Cure\n|move|p2b: Ursaluna|High Horsepower|p1a: Toxapex\n|-supereffective|p1a: Toxapex\n|-damage|p1a: Toxapex|0 fnt\n|faint|p1a: Toxapex\n|move|p2a: Cresselia|Lunar Blessing|p2a: Cresselia|[spread] p2a,p2b\n|-heal|p2a: Cresselia|49\/100\n|-heal|p2b: Ursaluna|85\/100 brn\n|-curestatus|p2b: Ursaluna|brn|[msg]\n|\n|-damage|p2b: Ursaluna|73\/100|[from] Salt Cure\n|-damage|p2a: Cresselia|37\/100|[from] Salt Cure\n|-end|p2a: Cresselia|Infestation|[partiallytrapped]|[silent]\n|-status|p2b: Ursaluna|brn|[from] item: Flame Orb\n|upkeep\n|\n|t:|1700919355\n|switch|p1a: Sinistcha|Sinistcha-Masterpiece, L50|100\/100\n|turn|10\n|\n|t:|1700919370\n|move|p2a: Cresselia|Helping Hand|p2b: Ursaluna\n|-singleturn|p2b: Ursaluna|Helping Hand|[of] p2a: Cresselia\n|move|p1b: Garganacl|Stone Edge|p2b: Ursaluna\n|-damage|p2b: Ursaluna|47\/100 brn\n|move|p2b: Ursaluna|Facade|p1b: Garganacl\n|-damage|p1b: Garganacl|0 fnt\n|faint|p1b: Garganacl\n|move|p1a: Sinistcha|Shadow Ball|p2b: Ursaluna\n|-supereffective|p2b: Ursaluna\n|-damage|p2b: Ursaluna|0 fnt\n|faint|p2b: Ursaluna\n|\n|-damage|p2a: Cresselia|25\/100|[from] Salt Cure\n|upkeep\n|\n|t:|1700919381\n|switch|p2b: Chandelure|Chandelure, L50, F, shiny|100\/100\n|turn|11\n|\n|t:|1700919410\n|move|p1a: Sinistcha|Shadow Ball|p2b: Chandelure\n|-supereffective|p2b: Chandelure\n|-damage|p2b: Chandelure|23\/100\n|-unboost|p2b: Chandelure|spd|1\n|move|p2b: Chandelure|Heat Wave|p1a: Sinistcha\n|-supereffective|p1a: Sinistcha\n|-damage|p1a: Sinistcha|0 fnt\n|faint|p1a: Sinistcha\n|\n|win|allthesky\n|raw|squigsquag's rating: 1119 &rarr; <strong>1095<\/strong><br \/>(-24 for losing)\n|raw|allthesky's rating: 1127 &rarr; <strong>1151<\/strong><br \/>(+24 for winning)\n","uploadtime":1700919416,"views":16,"p1id":"squigsquag","p2id":"allthesky","formatid":"gen9vgc2023regulatione","rating":1095,"private":0,"password":""}