{"id":"gen9vgc2023regulatione-1997360800","p1":"LycanPlaysVGC","p2":"Rengoku58vgc","format":"[Gen 9] VGC 2023 Regulation E","log":"|j|\u2606LycanPlaysVGC\n|j|\u2606Rengoku58vgc\n|t:|1700794101\n|gametype|doubles\n|player|p1|LycanPlaysVGC|169|1338\n|player|p2|Rengoku58vgc|emmet|1332\n|teamsize|p1|6\n|teamsize|p2|6\n|gen|9\n|tier|[Gen 9] VGC 2023 Regulation E\n|rated|\n|rule|Species Clause: Limit one of each Pok\u00e9mon\n|rule|Item Clause: Limit one of each item\n|clearpoke\n|poke|p1|Zapdos, L50|\n|poke|p1|Politoed, L50, M|\n|poke|p1|Tornadus, L50, M|\n|poke|p1|Kingambit, L50, M|\n|poke|p1|Urshifu-*, L50, F|\n|poke|p1|Sinistcha, L50|\n|poke|p2|Glastrier, L50|\n|poke|p2|Indeedee-F, L50, F|\n|poke|p2|Heatran, L50, M|\n|poke|p2|Flutter Mane, L50|\n|poke|p2|Ogerpon, L50, F|\n|poke|p2|Urshifu-*, L50, F|\n|teampreview|4\n|inactive|Battle timer is ON: inactive players will automatically lose when time's up. (requested by LycanPlaysVGC)\n|inactive|LycanPlaysVGC has 60 seconds left.\n|\n|t:|1700794133\n|start\n|switch|p1a: Tornadus|Tornadus, L50, M|100\/100\n|switch|p1b: Urshifu|Urshifu-Rapid-Strike, L50, F|100\/100\n|switch|p2a: Flutter Mane|Flutter Mane, L50|100\/100\n|switch|p2b: Glastrier|Glastrier, L50|100\/100\n|turn|1\n|inactive|LycanPlaysVGC has 30 seconds left.\n|\n|t:|1700794159\n|move|p1a: Tornadus|Taunt|p2a: Flutter Mane\n|-start|p2a: Flutter Mane|move: Taunt\n|move|p1b: Urshifu|Surging Strikes|p2b: Glastrier\n|-crit|p2b: Glastrier\n|-damage|p2b: Glastrier|83\/100\n|-crit|p2b: Glastrier\n|-damage|p2b: Glastrier|65\/100\n|-crit|p2b: Glastrier\n|-damage|p2b: Glastrier|48\/100\n|-hitcount|p2b: Glastrier|3\n|move|p2b: Glastrier|Icicle Crash|p1a: Tornadus\n|-supereffective|p1a: Tornadus\n|-damage|p1a: Tornadus|0 fnt\n|faint|p1a: Tornadus\n|-ability|p2b: Glastrier|Chilling Neigh|boost\n|-boost|p2b: Glastrier|atk|1\n|cant|p2a: Flutter Mane|move: Taunt|Trick Room\n|\n|upkeep\n|\n|t:|1700794177\n|switch|p1a: Kingambit|Kingambit, L50, M|100\/100\n|turn|2\n|\n|t:|1700794194\n|switch|p2b: Ogerpon|Ogerpon, L50, F|100\/100\n|-terastallize|p2a: Flutter Mane|Fairy\n|move|p2a: Flutter Mane|Moonblast|p1b: Urshifu\n|-supereffective|p1b: Urshifu\n|-damage|p1b: Urshifu|0 fnt\n|faint|p1b: Urshifu\n|move|p1a: Kingambit|Iron Head|p2a: Flutter Mane\n|-supereffective|p2a: Flutter Mane\n|-enditem|p2a: Flutter Mane|Focus Sash\n|-damage|p2a: Flutter Mane|1\/100\n|\n|upkeep\n|\n|t:|1700794207\n|switch|p1b: Zapdos|Zapdos, L50|100\/100\n|turn|3\n|\n|t:|1700794218\n|-end|p2a: Flutter Mane|Protosynthesis|[silent]\n|switch|p2a: Glastrier|Glastrier, L50|48\/100\n|move|p1a: Kingambit|Sucker Punch||[still]\n|-fail|p1a: Kingambit\n|move|p2b: Ogerpon|Swords Dance|p2b: Ogerpon\n|-boost|p2b: Ogerpon|atk|2\n|move|p1b: Zapdos|Hurricane|p2b: Ogerpon\n|-supereffective|p2b: Ogerpon\n|-damage|p2b: Ogerpon|0 fnt\n|faint|p2b: Ogerpon\n|\n|upkeep\n|\n|t:|1700794231\n|switch|p2b: Urshifu|Urshifu, L50, F|100\/100\n|turn|4\n|\n|t:|1700794244\n|-terastallize|p1a: Kingambit|Ghost\n|move|p2b: Urshifu|Close Combat|p1a: Kingambit\n|-immune|p1a: Kingambit\n|move|p1b: Zapdos|Hurricane|p2b: Urshifu\n|-supereffective|p2b: Urshifu\n|-damage|p2b: Urshifu|0 fnt\n|faint|p2b: Urshifu\n|move|p1a: Kingambit|Kowtow Cleave|p2a: Glastrier\n|-damage|p2a: Glastrier|15\/100\n|move|p2a: Glastrier|Icicle Crash|p1b: Zapdos\n|-supereffective|p1b: Zapdos\n|-damage|p1b: Zapdos|18\/100\n|\n|upkeep\n|\n|t:|1700794259\n|switch|p2b: Flutter Mane|Flutter Mane, L50, tera:Fairy|1\/100\n|turn|5\n|\n|t:|1700794273\n|move|p2b: Flutter Mane|Protect|p2b: Flutter Mane\n|-singleturn|p2b: Flutter Mane|Protect\n|move|p1a: Kingambit|Sucker Punch|p2a: Glastrier\n|-damage|p2a: Glastrier|0 fnt\n|faint|p2a: Glastrier\n|move|p1b: Zapdos|Thunderbolt|p2b: Flutter Mane\n|-activate|p2b: Flutter Mane|move: Protect\n|\n|upkeep\n|turn|6\n|-message|Rengoku58vgc forfeited.\n|\n|win|LycanPlaysVGC\n|raw|LycanPlaysVGC's rating: 1338 &rarr; <strong>1358<\/strong><br \/>(+20 for winning)\n|raw|Rengoku58vgc's rating: 1332 &rarr; <strong>1312<\/strong><br \/>(-20 for losing)\n|l|\u2606Rengoku58vgc\n","uploadtime":1700794298,"views":4,"p1id":"lycanplaysvgc","p2id":"rengoku58vgc","formatid":"gen9vgc2023regulatione","rating":1312,"private":0,"password":""}