{"id":"gen9vgc2023regulatione-1988405661","p1":"Salamencetv","p2":"Paschar","format":"[Gen 9] VGC 2023 Regulation E","log":"|j|\u2606Salamencetv\n|j|\u2606Paschar\n|t:|1699719355\n|gametype|doubles\n|player|p1|Salamencetv|pryce|\n|player|p2|Paschar|brycenman|\n|teamsize|p1|6\n|teamsize|p2|6\n|gen|9\n|tier|[Gen 9] VGC 2023 Regulation E\n|rule|Species Clause: Limit one of each Pok\u00e9mon\n|rule|Item Clause: Limit one of each item\n|clearpoke\n|poke|p1|Rillaboom, L50, F|\n|poke|p1|Enamorus-Therian, L50, F|\n|poke|p1|Sneasler, L50, F|\n|poke|p1|Golem, L50, F|\n|poke|p1|Goodra-Hisui, L50, M|\n|poke|p1|Slowbro, L50, M|\n|poke|p2|Snorlax, L50, F|\n|poke|p2|Munkidori, L50, M|\n|poke|p2|Arcanine, L50, F|\n|poke|p2|Dragonite, L50, F|\n|poke|p2|Iron Bundle, L50|\n|poke|p2|Stonjourner, L50, F|\n|teampreview|4\nSalamencetv rejected open team sheets.\n|c|\u2606Salamencetv|Lemme send\n|c|\u2606Salamencetv|GLHF\n|j| Jstardude\n|j| LackieLackey\n|\n|t:|1699719446\n|start\n|switch|p1a: Huh?|Slowbro, L50, M|100\/100\n|switch|p1b: Jason Mamoa|Rillaboom, L50, F|100\/100\n|switch|p2a: Munkidori|Munkidori, L50, M|100\/100\n|switch|p2b: Snorlax|Snorlax, L50, F|100\/100\n|-fieldstart|move: Grassy Terrain|[from] ability: Grassy Surge|[of] p1b: Jason Mamoa\n|turn|1\n|\n|t:|1699719463\n|move|p2a: Munkidori|Fake Out|p1b: Jason Mamoa\n|-damage|p1b: Jason Mamoa|94\/100\n|cant|p1b: Jason Mamoa|flinch\n|move|p1a: Huh?|Yawn|p2b: Snorlax\n|-start|p2b: Snorlax|move: Yawn|[of] p1a: Huh?\n|move|p2b: Snorlax|Ice Punch|p1b: Jason Mamoa\n|-supereffective|p1b: Jason Mamoa\n|-damage|p1b: Jason Mamoa|43\/100\n|\n|-heal|p1b: Jason Mamoa|49\/100|[from] Grassy Terrain\n|upkeep\n|turn|2\n|\n|t:|1699719523\n|switch|p2b: Iron Bundle|Iron Bundle, L50|100\/100\n|-enditem|p2b: Iron Bundle|Booster Energy\n|-activate|p2b: Iron Bundle|ability: Quark Drive|[fromitem]\n|-start|p2b: Iron Bundle|quarkdrivespe\n|move|p1b: Jason Mamoa|Grassy Glide|p2b: Iron Bundle\n|-supereffective|p2b: Iron Bundle\n|-damage|p2b: Iron Bundle|9\/100\n|move|p2a: Munkidori|Sludge Bomb|p1b: Jason Mamoa\n|-supereffective|p1b: Jason Mamoa\n|-damage|p1b: Jason Mamoa|0 fnt\n|faint|p1b: Jason Mamoa\n|move|p1a: Huh?|Scald|p2a: Munkidori\n|-damage|p2a: Munkidori|64\/100\n|\n|-heal|p2b: Iron Bundle|15\/100|[from] Grassy Terrain\n|-heal|p2a: Munkidori|70\/100|[from] Grassy Terrain\n|upkeep\n|j| Tuxmux\n|\n|t:|1699719534\n|switch|p1b: Yas Queen|Sneasler, L50, F|100\/100\n|turn|3\n|\n|t:|1699719558\n|move|p2a: Munkidori|Protect|p2a: Munkidori\n|-singleturn|p2a: Munkidori|Protect\n|move|p1b: Yas Queen|Fake Out|p2b: Iron Bundle\n|-damage|p2b: Iron Bundle|0 fnt\n|faint|p2b: Iron Bundle\n|-end|p2b: Iron Bundle|Quark Drive|[silent]\n|move|p1a: Huh?|Scald|p2a: Munkidori\n|-activate|p2a: Munkidori|move: Protect\n|\n|-heal|p2a: Munkidori|76\/100|[from] Grassy Terrain\n|upkeep\n|\n|t:|1699719582\n|switch|p2b: Dragonite|Dragonite, L50, F|100\/100\n|turn|4\n|l| LackieLackey\n|l|\u2606Paschar\n|player|p2|\n|j|\u2606Paschar\n|player|p2|Paschar|brycenman\n|\n|t:|1699719628\n|-terastallize|p2b: Dragonite|Normal\n|move|p1b: Yas Queen|Quick Guard|p1b: Yas Queen\n|-singleturn|p1b: Yas Queen|Quick Guard\n|move|p2b: Dragonite|Extreme Speed|p1a: Huh?\n|-activate|p1a: Huh?|move: Quick Guard\n|move|p2a: Munkidori|Psychic|p1b: Yas Queen\n|-supereffective|p1b: Yas Queen\n|-enditem|p1b: Yas Queen|Focus Sash\n|-damage|p1b: Yas Queen|1\/100\n|move|p1a: Huh?|Psyshock|p2a: Munkidori\n|-damage|p2a: Munkidori|32\/100\n|\n|-heal|p1b: Yas Queen|7\/100|[from] Grassy Terrain\n|-heal|p2a: Munkidori|38\/100|[from] Grassy Terrain\n|upkeep\n|turn|5\n|\n|t:|1699719674\n|switch|p2b: Snorlax|Snorlax, L50, F|100\/100\n|-terastallize|p1b: Yas Queen|Ghost\n|move|p1b: Yas Queen|Close Combat|p2b: Snorlax\n|-supereffective|p2b: Snorlax\n|-damage|p2b: Snorlax|0 fnt\n|-unboost|p1b: Yas Queen|def|1\n|-unboost|p1b: Yas Queen|spd|1\n|faint|p2b: Snorlax\n|move|p2a: Munkidori|Psychic|p1b: Yas Queen\n|-damage|p1b: Yas Queen|0 fnt\n|faint|p1b: Yas Queen\n|move|p1a: Huh?|Trick Room|p1a: Huh?\n|-fieldstart|move: Trick Room|[of] p1a: Huh?\n|\n|-heal|p2a: Munkidori|44\/100|[from] Grassy Terrain\n|-fieldend|move: Grassy Terrain\n|upkeep\n|\n|t:|1699719691\n|switch|p2b: Dragonite|Dragonite, L50, F, tera:Normal|100\/100\n|switch|p1b: SKIBIDI TOILET|Golem, L50, F|100\/100\n|turn|6\n|\n|t:|1699719707\n|move|p2b: Dragonite|Extreme Speed|p1b: SKIBIDI TOILET\n|-resisted|p1b: SKIBIDI TOILET\n|-damage|p1b: SKIBIDI TOILET|71\/100\n|move|p1a: Huh?|Psyshock|p2a: Munkidori\n|-damage|p2a: Munkidori|2\/100\n|move|p1b: SKIBIDI TOILET|Body Press|p2b: Dragonite\n|-supereffective|p2b: Dragonite\n|-damage|p2b: Dragonite|54\/100\n|move|p2a: Munkidori|Psychic|p1b: SKIBIDI TOILET\n|-damage|p1b: SKIBIDI TOILET|6\/100\n|\n|upkeep\n|turn|7\n|-enditem|p1b: SKIBIDI TOILET|Custap Berry|[eat]\n|-activate|p1b: SKIBIDI TOILET|item: Custap Berry|[consumed]\n|\n|t:|1699719759\n|move|p2a: Munkidori|Protect|p2a: Munkidori\n|-singleturn|p2a: Munkidori|Protect\n|move|p2b: Dragonite|Extreme Speed|p1b: SKIBIDI TOILET\n|-resisted|p1b: SKIBIDI TOILET\n|-crit|p1b: SKIBIDI TOILET\n|-damage|p1b: SKIBIDI TOILET|0 fnt\n|faint|p1b: SKIBIDI TOILET\n|move|p1a: Huh?|Yawn|p2b: Dragonite\n|-start|p2b: Dragonite|move: Yawn|[of] p1a: Huh?\n|\n|upkeep\n|turn|8\n|j| Stryke Out\n|\n|t:|1699719776\n|move|p2b: Dragonite|Extreme Speed|p1a: Huh?\n|-damage|p1a: Huh?|47\/100\n|move|p1a: Huh?|Scald|p2a: Munkidori\n|-damage|p2a: Munkidori|0 fnt\n|faint|p2a: Munkidori\n|\n|-end|p2b: Dragonite|move: Yawn|[silent]\n|-status|p2b: Dragonite|slp\n|upkeep\n|turn|9\n|\n|t:|1699719787\n|cant|p2b: Dragonite|slp\n|move|p1a: Huh?|Scald|p2b: Dragonite\n|-crit|p2b: Dragonite\n|-damage|p2b: Dragonite|13\/100 slp\n|\n|-fieldend|move: Trick Room\n|upkeep\n|turn|10\n|\n|t:|1699719790\n|-curestatus|p2b: Dragonite|slp|[msg]\n|move|p2b: Dragonite|Extreme Speed|p1a: Huh?\n|-damage|p1a: Huh?|0 fnt\n|faint|p1a: Huh?\n|\n|win|Paschar\n|c| Jstardude|oof\n|l|\u2606Paschar\n","uploadtime":1699719802,"views":40,"p1id":"salamencetv","p2id":"paschar","formatid":"gen9vgc2023regulatione","rating":0,"private":0,"password":""}