{"id":"gen9vgc2023regulatione-1990119956","p1":"DrSilv3r","p2":"Fabricio19jr","format":"[Gen 9] VGC 2023 Regulation E","log":"|j|\u2606DrSilv3r\n|j|\u2606Fabricio19jr\n|n|\u2606DrSilv3r|drsilv3r\n|n|\u2606Fabricio19jr|fabricio19jr\n|html|View the match progress at <a href=\"\/game-bestof3-gen9vgc2023regulatione-1990119955\">game-bestof3-gen9vgc2023regulatione-1990119955<\/a>\n|t:|1699926675\n|gametype|doubles\n|player|p1|DrSilv3r|steven|\n|player|p2|Fabricio19jr|265|\n|teamsize|p1|6\n|teamsize|p2|6\n|gen|9\n|tier|[Gen 9] VGC 2023 Regulation E\n|rule|Species Clause: Limit one of each Pok\u00e9mon\n|rule|Item Clause: Limit one of each item\n|clearpoke\n|poke|p1|Heatran, L50, F|\n|poke|p1|Ogerpon-Wellspring, L50, F|\n|poke|p1|Landorus-Therian, L50, M|\n|poke|p1|Gholdengo, L50|\n|poke|p1|Rillaboom, L50, M|\n|poke|p1|Iron Bundle, L50|\n|poke|p2|Gallade, L50, M|\n|poke|p2|Torkoal, L50, M|\n|poke|p2|Indeedee-F, L50, F|\n|poke|p2|Ursaluna, L50, M|\n|poke|p2|Armarouge, L50, M|\n|poke|p2|Enamorus-Therian, L50, F|\n|teampreview|4\n|\n|t:|1699926688\n|start\n|switch|p1a: Ogerpon|Ogerpon-Wellspring, L50, F|100\/100\n|switch|p1b: Gholdengo|Gholdengo, L50|100\/100\n|switch|p2a: Armarouge|Armarouge, L50, M, shiny|100\/100\n|switch|p2b: Indeedee|Indeedee-F, L50, F, shiny|100\/100\n|-fieldstart|move: Psychic Terrain|[from] ability: Psychic Surge|[of] p2b: Indeedee\n|turn|1\n|\n|t:|1699926716\n|move|p2a: Armarouge|Protect|p2a: Armarouge\n|-singleturn|p2a: Armarouge|Protect\n|move|p1a: Ogerpon|Taunt|p2b: Indeedee\n|-start|p2b: Indeedee|move: Taunt\n|move|p1b: Gholdengo|Nasty Plot|p1b: Gholdengo\n|-boost|p1b: Gholdengo|spa|2\n|cant|p2b: Indeedee|move: Taunt|Trick Room\n|\n|upkeep\n|turn|2\n|\n|t:|1699926733\n|switch|p1a: Rillaboom|Rillaboom, L50, M, shiny|100\/100\n|-fieldstart|move: Grassy Terrain|[from] ability: Grassy Surge|[of] p1a: Rillaboom\n|move|p1b: Gholdengo|Make It Rain|p2a: Armarouge|[spread] p2a,p2b\n|-resisted|p2a: Armarouge\n|-damage|p2a: Armarouge|35\/100\n|-damage|p2b: Indeedee|0 fnt\n|-unboost|p1b: Gholdengo|spa|1\n|faint|p2b: Indeedee\n|-damage|p1b: Gholdengo|91\/100|[from] item: Life Orb\n|move|p2a: Armarouge|Trick Room|p2a: Armarouge\n|-fieldstart|move: Trick Room|[of] p2a: Armarouge\n|\n|-heal|p2a: Armarouge|41\/100|[from] Grassy Terrain\n|-heal|p1b: Gholdengo|97\/100|[from] Grassy Terrain\n|upkeep\n|\n|t:|1699926753\n|switch|p2b: Torkoal|Torkoal, L50, M|100\/100\n|-weather|SunnyDay|[from] ability: Drought|[of] p2b: Torkoal\n|turn|3\n|\n|t:|1699926775\n|-terastallize|p1b: Gholdengo|Dragon\n|move|p2b: Torkoal|Protect|p2b: Torkoal\n|-singleturn|p2b: Torkoal|Protect\n|move|p2a: Armarouge|Protect|p2a: Armarouge\n|-singleturn|p2a: Armarouge|Protect\n|move|p1a: Rillaboom|Fake Out|p2b: Torkoal\n|-activate|p2b: Torkoal|move: Protect\n|move|p1b: Gholdengo|Make It Rain|p2a: Armarouge|[spread] \n|-activate|p2a: Armarouge|move: Protect\n|-activate|p2b: Torkoal|move: Protect\n|\n|-weather|SunnyDay|[upkeep]\n|-heal|p2a: Armarouge|47\/100|[from] Grassy Terrain\n|-heal|p1b: Gholdengo|100\/100|[from] Grassy Terrain\n|upkeep\n|turn|4\n|\n|t:|1699926813\n|-terastallize|p2b: Torkoal|Fire\n|move|p1a: Rillaboom|Protect|p1a: Rillaboom\n|-singleturn|p1a: Rillaboom|Protect\n|move|p1b: Gholdengo|Protect|p1b: Gholdengo\n|-singleturn|p1b: Gholdengo|Protect\n|move|p2b: Torkoal|Eruption|p1a: Rillaboom|[spread] \n|-activate|p1a: Rillaboom|move: Protect\n|-activate|p1b: Gholdengo|move: Protect\n|move|p2a: Armarouge|Heat Wave|p1a: Rillaboom|[spread] \n|-activate|p1a: Rillaboom|move: Protect\n|-activate|p1b: Gholdengo|move: Protect\n|\n|-weather|SunnyDay|[upkeep]\n|-heal|p2a: Armarouge|53\/100|[from] Grassy Terrain\n|upkeep\n|turn|5\n|\n|t:|1699926837\n|switch|p1a: Ogerpon|Ogerpon-Wellspring, L50, F|100\/100\n|move|p2b: Torkoal|Eruption|p1a: Ogerpon|[spread] p1a,p1b\n|-resisted|p1b: Gholdengo\n|-damage|p1a: Ogerpon|0 fnt\n|-damage|p1b: Gholdengo|38\/100\n|faint|p1a: Ogerpon\n|move|p2a: Armarouge|Heat Wave|p1b: Gholdengo|[miss]\n|-miss|p2a: Armarouge|p1b: Gholdengo\n|move|p1b: Gholdengo|Make It Rain|p2b: Torkoal|[spread] p2a,p2b\n|-resisted|p2a: Armarouge\n|-resisted|p2b: Torkoal\n|-damage|p2a: Armarouge|3\/100\n|-damage|p2b: Torkoal|36\/100\n|-unboost|p1b: Gholdengo|spa|1\n|-damage|p1b: Gholdengo|28\/100|[from] item: Life Orb\n|\n|-weather|SunnyDay|[upkeep]\n|-heal|p2b: Torkoal|42\/100|[from] Grassy Terrain\n|-heal|p2a: Armarouge|8\/100|[from] Grassy Terrain\n|-heal|p1b: Gholdengo|35\/100|[from] Grassy Terrain\n|upkeep\n|\n|t:|1699926858\n|switch|p1a: Rillaboom|Rillaboom, L50, M, shiny|100\/100\n|turn|6\n|\n|t:|1699926885\n|switch|p2a: Ursaluna|Ursaluna, L50, M|100\/100\n|move|p1a: Rillaboom|Protect|p1a: Rillaboom\n|-singleturn|p1a: Rillaboom|Protect\n|move|p1b: Gholdengo|Protect|p1b: Gholdengo\n|-singleturn|p1b: Gholdengo|Protect\n|move|p2b: Torkoal|Heat Wave|p1a: Rillaboom|[spread] \n|-activate|p1a: Rillaboom|move: Protect\n|-activate|p1b: Gholdengo|move: Protect\n|\n|-weather|SunnyDay|[upkeep]\n|-heal|p2b: Torkoal|49\/100|[from] Grassy Terrain\n|-heal|p1b: Gholdengo|41\/100|[from] Grassy Terrain\n|-fieldend|move: Trick Room\n|-fieldend|move: Grassy Terrain\n|-status|p2a: Ursaluna|brn|[from] item: Flame Orb\n|upkeep\n|turn|7\n|\n|t:|1699926923\n|move|p1b: Gholdengo|Shadow Ball|p2b: Torkoal\n|-damage|p2b: Torkoal|0 fnt\n|faint|p2b: Torkoal\n|-damage|p1b: Gholdengo|31\/100|[from] item: Life Orb\n|move|p1a: Rillaboom|Wood Hammer|p2a: Ursaluna\n|-supereffective|p2a: Ursaluna\n|-damage|p2a: Ursaluna|0 fnt\n|faint|p2a: Ursaluna\n|-damage|p1a: Rillaboom|62\/100|[from] Recoil\n|\n|-weather|none\n|upkeep\n|\n|t:|1699926938\n|switch|p2a: Armarouge|Armarouge, L50, M, shiny|8\/100\n|turn|8\n|\n|t:|1699926944\n|move|p1b: Gholdengo|Nasty Plot|p1b: Gholdengo\n|-boost|p1b: Gholdengo|spa|2\n|move|p1a: Rillaboom|Grassy Glide|p2a: Armarouge\n|-resisted|p2a: Armarouge\n|-damage|p2a: Armarouge|0 fnt\n|faint|p2a: Armarouge\n|\n|win|DrSilv3r\n|c|&|\/uhtml prompt-fabricio19jr,Fabricio19jr is ready for game 2!\n","uploadtime":1699926954,"views":8,"p1id":"drsilv3r","p2id":"fabricio19jr","formatid":"gen9vgc2023regulatione","rating":0,"private":0,"password":""}