{"id":"gen9vgc2023regulatione-1988574285","p1":"oluqy","p2":"mang0","format":"[Gen 9] VGC 2023 Regulation E","log":"|j|\u2606oluqy\n|j|\u2606mang0\n|n|\u2606oluqy|oluqy\n|n|\u2606mang0|mang0\n|html|View the match progress at <a href=\"\/game-bestof3-gen9vgc2023regulatione-1988572266\">game-bestof3-gen9vgc2023regulatione-1988572266<\/a>\n|t:|1699737706\n|gametype|doubles\n|player|p1|oluqy|pokemonrangerf-gen4|\n|player|p2|mang0|elesa|\n|teamsize|p1|6\n|teamsize|p2|6\n|gen|9\n|tier|[Gen 9] VGC 2023 Regulation E\n|rule|Species Clause: Limit one of each Pok\u00e9mon\n|rule|Item Clause: Limit one of each item\n|clearpoke\n|poke|p1|Tornadus, L50, M|\n|poke|p1|Heatran, L50, F|\n|poke|p1|Flutter Mane, L50|\n|poke|p1|Landorus-Therian, L50, M|\n|poke|p1|Amoonguss, L50, F|\n|poke|p1|Ogerpon-Wellspring, L50, F|\n|poke|p2|Clefairy, L50, M|\n|poke|p2|Kingambit, L50, F|\n|poke|p2|Ogerpon-Wellspring, L50, F|\n|poke|p2|Flutter Mane, L50|\n|poke|p2|Iron Hands, L50|\n|poke|p2|Landorus-Therian, L50, M|\n|teampreview|4\n|inactive|Battle timer is ON: inactive players will automatically lose when time's up. (requested by mang0)\nmang0 has agreed to open team sheets.\n|\n|t:|1699737722\n|start\n|switch|p1a: Tornadus|Tornadus, L50, M|100\/100\n|switch|p1b: Heatran|Heatran, L50, F|100\/100\n|switch|p2a: Clefairy|Clefairy, L50, M|100\/100\n|switch|p2b: Kingambit|Kingambit, L50, F|100\/100\n|turn|1\n|\n|t:|1699737738\n|switch|p1a: Flutter Mane|Flutter Mane, L50|100\/100\n|-terastallize|p2b: Kingambit|Dark\n|move|p1b: Heatran|Heat Wave|p2a: Clefairy|[spread] p2a,p2b\n|-crit|p2a: Clefairy\n|-damage|p2a: Clefairy|49\/100\n|-damage|p2b: Kingambit|71\/100\n|move|p2b: Kingambit|Swords Dance|p2b: Kingambit\n|-boost|p2b: Kingambit|atk|2\n|move|p2a: Clefairy|Life Dew|p2a: Clefairy|[spread] p2a,p2b\n|-heal|p2a: Clefairy|74\/100\n|-heal|p2b: Kingambit|96\/100\n|\n|upkeep\n|turn|2\n|inactive|oluqy has 30 seconds left.\n|inactive|oluqy has 20 seconds left.\n|inactive|oluqy has 15 seconds left.\n|\n|t:|1699737781\n|-end|p1a: Flutter Mane|Protosynthesis|[silent]\n|switch|p1a: Tornadus|Tornadus, L50, M|100\/100\n|move|p2a: Clefairy|Helping Hand|p2b: Kingambit\n|-singleturn|p2b: Kingambit|Helping Hand|[of] p2a: Clefairy\n|move|p2b: Kingambit|Sucker Punch||[still]\n|-fail|p2b: Kingambit\n|move|p1b: Heatran|Heat Wave|p2a: Clefairy|[spread] p2a,p2b\n|-damage|p2a: Clefairy|39\/100\n|-damage|p2b: Kingambit|68\/100\n|\n|upkeep\n|turn|3\n|inactive|oluqy has 30 seconds left.\n|\n|t:|1699737806\n|switch|p1b: Flutter Mane|Flutter Mane, L50|100\/100\n|move|p2a: Clefairy|Helping Hand|p2b: Kingambit\n|-singleturn|p2b: Kingambit|Helping Hand|[of] p2a: Clefairy\n|move|p1a: Tornadus|Tailwind|p1a: Tornadus\n|-sidestart|p1: oluqy|move: Tailwind\n|move|p2b: Kingambit|Sucker Punch||[still]\n|-fail|p2b: Kingambit\n|\n|upkeep\n|turn|4\n|inactive|oluqy has 30 seconds left.\n|inactive|oluqy has 20 seconds left.\n|inactive|oluqy has 15 seconds left.\n|inactive|oluqy has 10 seconds left.\n|\n|t:|1699737856\n|-terastallize|p1b: Flutter Mane|Fairy\n|move|p2a: Clefairy|Helping Hand|p2b: Kingambit\n|-singleturn|p2b: Kingambit|Helping Hand|[of] p2a: Clefairy\n|move|p2b: Kingambit|Sucker Punch|p1b: Flutter Mane\n|-resisted|p1b: Flutter Mane\n|-damage|p1b: Flutter Mane|0 fnt\n|faint|p1b: Flutter Mane\n|-end|p1b: Flutter Mane|Protosynthesis|[silent]\n|move|p1a: Tornadus|Bleakwind Storm|p2b: Kingambit|[spread] p2a,p2b\n|-damage|p2a: Clefairy|10\/100\n|-damage|p2b: Kingambit|44\/100\n|-unboost|p2a: Clefairy|spe|1\n|\n|upkeep\n|\n|t:|1699737867\n|switch|p1b: Heatran|Heatran, L50, F|100\/100\n|turn|5\n|\n|t:|1699737879\n|switch|p1b: Landorus|Landorus-Therian, L50, M|100\/100\n|-ability|p1b: Landorus|Intimidate|boost\n|-unboost|p2a: Clefairy|atk|1\n|-unboost|p2b: Kingambit|atk|1\n|-ability|p2b: Kingambit|Defiant|boost\n|-boost|p2b: Kingambit|atk|2\n|move|p2b: Kingambit|Sucker Punch||[still]\n|-fail|p2b: Kingambit\n|move|p1a: Tornadus|Bleakwind Storm|p2b: Kingambit|[spread] p2a\n|-miss|p1a: Tornadus|p2b: Kingambit\n|-damage|p2a: Clefairy|0 fnt\n|faint|p2a: Clefairy\n|\n|upkeep\n|\n|t:|1699737892\n|switch|p2a: Landorus|Landorus-Therian, L50, M|100\/100\n|-ability|p2a: Landorus|Intimidate|boost\n|-unboost|p1a: Tornadus|atk|1\n|-unboost|p1b: Landorus|atk|1\n|turn|6\n|\n|t:|1699737906\n|move|p1b: Landorus|U-turn|p2b: Kingambit\n|-supereffective|p2b: Kingambit\n|-damage|p2b: Kingambit|20\/100\n|\n|t:|1699737908\n|switch|p1b: Heatran|Heatran, L50, F|100\/100|[from] U-turn\n|move|p1a: Tornadus|Bleakwind Storm|p2b: Kingambit|[spread] p2a,p2b\n|-damage|p2a: Landorus|62\/100\n|-damage|p2b: Kingambit|0 fnt\n|faint|p2b: Kingambit\n|move|p2a: Landorus|Rock Slide|p1a: Tornadus|[spread] p1a,p1b\n|-supereffective|p1a: Tornadus\n|-damage|p1a: Tornadus|62\/100\n|-damage|p1b: Heatran|81\/100\n|\n|-sideend|p1: oluqy|move: Tailwind\n|upkeep\n|\n|t:|1699737919\n|switch|p2b: Ogerpon|Ogerpon-Wellspring, L50, F|100\/100\n|turn|7\n|\n|t:|1699737930\n|move|p1a: Tornadus|Sunny Day|p1a: Tornadus\n|-weather|SunnyDay\n|move|p2a: Landorus|Rock Slide|p1b: Heatran|[spread] p1b\n|-miss|p2a: Landorus|p1a: Tornadus\n|-damage|p1b: Heatran|63\/100\n|move|p2b: Ogerpon|Ivy Cudgel|p1b: Heatran\n|-supereffective|p1b: Heatran\n|-damage|p1b: Heatran|19\/100\n|cant|p1b: Heatran|flinch\n|\n|-weather|SunnyDay|[upkeep]\n|upkeep\n|turn|8\n|\n|t:|1699737952\n|switch|p1b: Landorus|Landorus-Therian, L50, M|100\/100\n|-ability|p1b: Landorus|Intimidate|boost\n|-unboost|p2a: Landorus|atk|1\n|-unboost|p2b: Ogerpon|atk|1\n|move|p2a: Landorus|Rock Slide|p1b: Landorus|[spread] p1a,p1b\n|-supereffective|p1a: Tornadus\n|-crit|p1b: Landorus\n|-damage|p1a: Tornadus|35\/100\n|-damage|p1b: Landorus|71\/100\n|move|p2b: Ogerpon|Ivy Cudgel|p1b: Landorus\n|-supereffective|p1b: Landorus\n|-damage|p1b: Landorus|40\/100\n|cant|p1a: Tornadus|flinch\n|\n|-weather|SunnyDay|[upkeep]\n|upkeep\n|turn|9\n|inactive|oluqy has 30 seconds left.\n|\n|t:|1699737986\n|move|p1a: Tornadus|Tailwind|p1a: Tornadus\n|-sidestart|p1: oluqy|move: Tailwind\n|move|p1b: Landorus|Rock Slide|p2a: Landorus|[spread] p2a,p2b\n|-damage|p2a: Landorus|40\/100\n|-damage|p2b: Ogerpon|80\/100\n|move|p2a: Landorus|Rock Slide|p1a: Tornadus|[spread] p1a,p1b\n|-supereffective|p1a: Tornadus\n|-damage|p1a: Tornadus|8\/100\n|-damage|p1b: Landorus|26\/100\n|move|p2b: Ogerpon|Ivy Cudgel|p1b: Landorus\n|-supereffective|p1b: Landorus\n|-damage|p1b: Landorus|0 fnt\n|faint|p1b: Landorus\n|\n|-weather|SunnyDay|[upkeep]\n|upkeep\n|\n|t:|1699737996\n|switch|p1b: Heatran|Heatran, L50, F|19\/100\n|turn|10\n|\n|t:|1699738004\n|move|p1a: Tornadus|Bleakwind Storm|p2b: Ogerpon|[spread] p2a,p2b\n|-supereffective|p2b: Ogerpon\n|-damage|p2a: Landorus|2\/100\n|-damage|p2b: Ogerpon|19\/100\n|move|p2a: Landorus|Rock Slide|p1b: Heatran|[spread] p1a,p1b\n|-supereffective|p1a: Tornadus\n|-damage|p1a: Tornadus|0 fnt\n|-damage|p1b: Heatran|6\/100\n|faint|p1a: Tornadus\n|cant|p1b: Heatran|flinch\n|move|p2b: Ogerpon|Ivy Cudgel|p1b: Heatran\n|-supereffective|p1b: Heatran\n|-damage|p1b: Heatran|0 fnt\n|faint|p1b: Heatran\n|\n|win|mang0\n|c|&|\/uhtml prompt-oluqy,oluqy is ready for game 3!\n|inactive|mang0 has 50 seconds to confirm battle start!\n|inactive|mang0 has 40 seconds to confirm battle start!\n|c|&|\/uhtml prompt-mang0,mang0 is ready for game 3!\nBoth players are ready! Starting next match!\n","uploadtime":1699738227,"views":14,"p1id":"oluqy","p2id":"mang0","formatid":"gen9vgc2023regulatione","rating":0,"private":0,"password":""}