{"id":"gen9vgc2023regulatione-1992494756","p1":"iStockphoto","p2":"Junkman3713","format":"[Gen 9] VGC 2023 Regulation E","log":"|j|\u2606iStockphoto\n|j|\u2606Junkman3713\n|t:|1700194819\n|gametype|doubles\n|player|p1|iStockphoto|2|1115\n|player|p2|Junkman3713|266|1094\n|teamsize|p1|6\n|teamsize|p2|6\n|gen|9\n|tier|[Gen 9] VGC 2023 Regulation E\n|rated|\n|rule|Species Clause: Limit one of each Pok\u00e9mon\n|rule|Item Clause: Limit one of each item\n|clearpoke\n|poke|p1|Fezandipiti, L50, M|\n|poke|p1|Iron Hands, L50|\n|poke|p1|Glimmora, L50, M|\n|poke|p1|Flutter Mane, L50|\n|poke|p1|Sinistcha, L50|\n|poke|p1|Gyarados, L50, F|\n|poke|p2|Garchomp, L50, F|\n|poke|p2|Clefairy, L50, F|\n|poke|p2|Farigiraf, L50, F|\n|poke|p2|Orthworm, L50, M|\n|poke|p2|Enamorus, L50, F|\n|poke|p2|Ogerpon-Wellspring, L50, F|\n|teampreview|4\niStockphoto has agreed to open team sheets.\n|inactive|Battle timer is ON: inactive players will automatically lose when time's up. (requested by iStockphoto)\n|inactive|Junkman3713 has 60 seconds left.\n|inactive|Junkman3713 has 30 seconds left.\n|\n|t:|1700194918\n|start\n|switch|p1a: Tobias|Fezandipiti, L50, M|100\/100\n|switch|p1b: Prince Jake|Gyarados, L50, F|100\/100\n|switch|p2a: Orthworm|Orthworm, L50, M|100\/100\n|switch|p2b: Enamorus|Enamorus, L50, F|100\/100\n|-ability|p1b: Prince Jake|Intimidate|boost\n|-unboost|p2a: Orthworm|atk|1\n|-boost|p2b: Enamorus|atk|1\n|turn|1\n|inactive|Junkman3713 has 30 seconds left.\n|inactive|Junkman3713 has 20 seconds left.\n|\n|t:|1700194957\n|move|p1a: Tobias|Heat Wave|p2a: Orthworm|[spread] p2a,p2b\n|-supereffective|p2a: Orthworm\n|-damage|p2a: Orthworm|33\/100\n|-damage|p2b: Enamorus|78\/100\n|-enditem|p2a: Orthworm|Sitrus Berry|[eat]\n|-heal|p2a: Orthworm|58\/100|[from] item: Sitrus Berry\n|move|p2b: Enamorus|Tailwind|p2b: Enamorus\n|-sidestart|p2: Junkman3713|move: Tailwind\n|move|p2a: Orthworm|Iron Head|p1a: Tobias\n|-supereffective|p1a: Tobias\n|-damage|p1a: Tobias|42\/100\n|move|p1b: Prince Jake|Thunder Wave|p2b: Enamorus|[miss]\n|-miss|p1b: Prince Jake|p2b: Enamorus\n|\n|-heal|p2b: Enamorus|84\/100|[from] item: Leftovers\n|upkeep\n|turn|2\n|inactive|iStockphoto has 30 seconds left.\n|inactive|Junkman3713 has 30 seconds left.\n|inactive|Junkman3713 has 20 seconds left.\n|inactive|Junkman3713 has 15 seconds left.\n|inactive|Junkman3713 has 10 seconds left.\n|inactive|Junkman3713 has 5 seconds left.\n|\n|t:|1700195007\n|switch|p2b: Clefairy|Clefairy, L50, F|100\/100\n|-terastallize|p1a: Tobias|Fire\n|move|p1a: Tobias|Heat Wave|p2a: Orthworm|[spread] p2a,p2b\n|-supereffective|p2a: Orthworm\n|-damage|p2a: Orthworm|0 fnt\n|-damage|p2b: Clefairy|75\/100\n|faint|p2a: Orthworm\n|move|p1b: Prince Jake|Thunder Wave|p2b: Clefairy\n|-status|p2b: Clefairy|par\n|\n|upkeep\n|\n|t:|1700195018\n|switch|p2a: Garchomp|Garchomp, L50, F|100\/100\n|turn|3\n|\n|t:|1700195032\n|move|p1a: Tobias|Heat Wave|p2b: Clefairy|[spread] p2a\n|-miss|p1a: Tobias|p2b: Clefairy\n|-resisted|p2a: Garchomp\n|-damage|p2a: Garchomp|94\/100\n|move|p2a: Garchomp|Rock Slide|p1a: Tobias|[spread] p1a,p1b\n|-supereffective|p1a: Tobias\n|-supereffective|p1b: Prince Jake\n|-damage|p1a: Tobias|0 fnt\n|-damage|p1b: Prince Jake|76\/100\n|faint|p1a: Tobias\n|move|p1b: Prince Jake|Taunt|p2b: Clefairy\n|-start|p2b: Clefairy|move: Taunt\n|cant|p2b: Clefairy|move: Taunt|Life Dew\n|\n|upkeep\n|\n|t:|1700195045\n|switch|p1a: Ax|Glimmora, L50, M|100\/100\n|turn|4\n|\n|t:|1700195055\n|switch|p2b: Enamorus|Enamorus, L50, F|84\/100\n|move|p2a: Garchomp|Earthquake|p1b: Prince Jake|[spread] p1a\n|-immune|p2b: Enamorus\n|-immune|p1b: Prince Jake\n|-supereffective|p1a: Ax\n|-enditem|p1a: Ax|Focus Sash\n|-damage|p1a: Ax|1\/100\n|move|p1a: Ax|Toxic|p2a: Garchomp\n|-status|p2a: Garchomp|tox\n|move|p1b: Prince Jake|Scald|p2a: Garchomp\n|-damage|p2a: Garchomp|80\/100 tox\n|\n|-heal|p2b: Enamorus|90\/100|[from] item: Leftovers\n|-damage|p2a: Garchomp|74\/100 tox|[from] psn\n|-sideend|p2: Junkman3713|move: Tailwind\n|upkeep\n|turn|5\n|inactive|iStockphoto has 30 seconds left.\n|inactive|Junkman3713 has 30 seconds left.\n|\n|t:|1700195083\n|move|p2b: Enamorus|Tailwind|p2b: Enamorus\n|-sidestart|p2: Junkman3713|move: Tailwind\n|move|p2a: Garchomp|Rock Slide|p1a: Ax|[spread] p1a,p1b\n|-supereffective|p1b: Prince Jake\n|-damage|p1a: Ax|0 fnt\n|-damage|p1b: Prince Jake|53\/100\n|faint|p1a: Ax\n|cant|p1b: Prince Jake|flinch\n|\n|-heal|p2b: Enamorus|96\/100|[from] item: Leftovers\n|-damage|p2a: Garchomp|62\/100 tox|[from] psn\n|upkeep\n|\n|t:|1700195093\n|switch|p1a: Rachel|Flutter Mane, L50|100\/100\n|-enditem|p1a: Rachel|Booster Energy\n|-activate|p1a: Rachel|ability: Protosynthesis|[fromitem]\n|-start|p1a: Rachel|protosynthesisspa\n|turn|6\n|\n|t:|1700195113\n|switch|p2a: Clefairy|Clefairy, L50, F|75\/100 par\n|move|p1a: Rachel|Protect|p1a: Rachel\n|-singleturn|p1a: Rachel|Protect\n|move|p2b: Enamorus|Dazzling Gleam|p1a: Rachel|[spread] p1b\n|-activate|p1a: Rachel|move: Protect\n|-damage|p1b: Prince Jake|26\/100\n|move|p1b: Prince Jake|Thunder Wave|p2b: Enamorus\n|-status|p2b: Enamorus|par\n|\n|-heal|p2b: Enamorus|100\/100 par|[from] item: Leftovers\n|upkeep\n|turn|7\n|inactive|Junkman3713 has 30 seconds left.\n|\n|t:|1700195138\n|move|p2a: Clefairy|Helping Hand|p2b: Enamorus\n|-singleturn|p2b: Enamorus|Helping Hand|[of] p2a: Clefairy\n|cant|p2b: Enamorus|par\n|move|p1a: Rachel|Hex|p2b: Enamorus\n|-damage|p2b: Enamorus|0 fnt\n|faint|p2b: Enamorus\n|move|p1b: Prince Jake|Taunt|p2a: Clefairy\n|-start|p2a: Clefairy|move: Taunt\n|\n|upkeep\n|\n|t:|1700195145\n|switch|p2b: Garchomp|Garchomp, L50, F|62\/100 tox\n|turn|8\n|\n|t:|1700195157\n|-terastallize|p2b: Garchomp|Dragon\n|move|p1a: Rachel|Protect|p1a: Rachel\n|-singleturn|p1a: Rachel|Protect\n|move|p1b: Prince Jake|Protect|p1b: Prince Jake\n|-singleturn|p1b: Prince Jake|Protect\n|move|p2b: Garchomp|Rock Slide|p1a: Rachel|[spread] \n|-activate|p1a: Rachel|move: Protect\n|-activate|p1b: Prince Jake|move: Protect\n|-activate|p2a: Clefairy|move: Struggle\n|move|p2a: Clefairy|Struggle|p1a: Rachel\n|-activate|p1a: Rachel|move: Protect\n|\n|-damage|p2b: Garchomp|56\/100 tox|[from] psn\n|-sideend|p2: Junkman3713|move: Tailwind\n|upkeep\n|turn|9\n|\n|t:|1700195179\n|move|p1a: Rachel|Hex|p2b: Garchomp\n|-damage|p2b: Garchomp|0 fnt\n|faint|p2b: Garchomp\n|move|p1b: Prince Jake|Scald|p2a: Clefairy\n|-damage|p2a: Clefairy|58\/100 par\n|-activate|p2a: Clefairy|move: Struggle\n|move|p2a: Clefairy|Struggle|p1a: Rachel\n|-damage|p1a: Rachel|92\/100\n|-damage|p2a: Clefairy|33\/100 par|[from] recoil\n|\n|upkeep\n|turn|10\n|\n|t:|1700195193\n|move|p1a: Rachel|Hex|p2a: Clefairy\n|-damage|p2a: Clefairy|0 fnt\n|faint|p2a: Clefairy\n|\n|win|iStockphoto\n|raw|iStockphoto's rating: 1115 &rarr; <strong>1138<\/strong><br \/>(+23 for winning)\n|raw|Junkman3713's rating: 1094 &rarr; <strong>1071<\/strong><br \/>(-23 for losing)\n|c|\u2606iStockphoto|gg!\n|l|\u2606Junkman3713\n","uploadtime":1700195199,"views":16,"p1id":"istockphoto","p2id":"junkman3713","formatid":"gen9vgc2023regulatione","rating":1071,"private":0,"password":""}