{"id":"gen9vgc2023regulatione-1994277294","p1":"UnknownPingu","p2":"arijimo","format":"[Gen 9] VGC 2023 Regulation E","log":"|j|\u2606UnknownPingu\n|j|\u2606arijimo\n|n|\u2606UnknownPingu|unknownpingu\n|n|\u2606arijimo|arijimo\n|html|View the match progress at <a href=\"\/game-bestof3-gen9vgc2023regulatione-1994267068\">game-bestof3-gen9vgc2023regulatione-1994267068<\/a>\n|t:|1700426237\n|gametype|doubles\n|player|p1|UnknownPingu|skier|\n|player|p2|arijimo|265|\n|teamsize|p1|6\n|teamsize|p2|6\n|gen|9\n|tier|[Gen 9] VGC 2023 Regulation E\n|rule|Species Clause: Limit one of each Pok\u00e9mon\n|rule|Item Clause: Limit one of each item\n|clearpoke\n|poke|p1|Gallade, L50, M|\n|poke|p1|Arcanine-Hisui, L50, F|\n|poke|p1|Ogerpon-Wellspring, L50, F|\n|poke|p1|Flutter Mane, L50|\n|poke|p1|Iron Hands, L50|\n|poke|p1|Gholdengo, L50|\n|poke|p2|Kommo-o, L50, M|\n|poke|p2|Tyranitar, L50, M|\n|poke|p2|Rillaboom, L50, M|\n|poke|p2|Flutter Mane, L50|\n|poke|p2|Iron Bundle, L50|\n|poke|p2|Arcanine-Hisui, L50, M|\n|teampreview|4\nUnknownPingu has agreed to open team sheets.\n|j| quick222\narijimo has agreed to open team sheets.\n|showteam|p1|Gallade||ScopeLens|Sharpness|PsychoCut,SacredSword,ShadowSneak,WideGuard|||M|||50|,,,,,Psychic]Arcanine-Hisui||SitrusBerry|Intimidate|FlareBlitz,ExtremeSpeed,TeraBlast,Protect|||F|||50|,,,,,Fairy]Ogerpon-Wellspring||WellspringMask|WaterAbsorb|SpikyShield,FollowMe,IvyCudgel,HornLeech|||F|||50|,,,,,Water]Flutter Mane||BoosterEnergy|Protosynthesis|ShadowBall,DazzlingGleam,IcyWind,Protect||||||50|,,,,,Ghost]Iron Hands||AssaultVest|QuarkDrive|HeavySlam,DrainPunch,WildCharge,FakeOut||||||50|,,,,,Steel]Gholdengo||ChoiceScarf|GoodasGold|MakeItRain,ShadowBall,Thunderbolt,Trick||||||50|,,,,,Water\n|showteam|p2|Kommo-o||Leftovers|Bulletproof|BodyPress,IronDefense,IronHead,Protect|||M|||50|,,,,,Steel]Tyranitar||AssaultVest|SandStream|KnockOff,RockSlide,LowKick,TeraBlast|||M|||50|,,,,,Psychic]Rillaboom||MiracleSeed|GrassySurge|FakeOut,WoodHammer,GrassyGlide,Taunt|||M|||50|,,,,,Grass]Flutter Mane||ChoiceSpecs|Protosynthesis|DazzlingGleam,Moonblast,ShadowBall,Psyshock||||||50|,,,,,Fairy]Iron Bundle||BoosterEnergy|QuarkDrive|FreezeDry,IcyWind,HydroPump,Protect||||||50|,,,,,Ghost]Arcanine-Hisui||SitrusBerry|Intimidate|FlareBlitz,RockSlide,Howl,WillOWisp|||M|||50|,,,,,Water\n|\n|t:|1700426318\n|start\n|switch|p1a: Arcanine|Arcanine-Hisui, L50, F|100\/100\n|switch|p1b: Ogerpon|Ogerpon-Wellspring, L50, F|100\/100\n|switch|p2a: Arcanine|Arcanine-Hisui, L50, M|100\/100\n|switch|p2b: Rillaboom|Rillaboom, L50, M|100\/100\n|-ability|p2a: Arcanine|Intimidate|boost\n|-unboost|p1a: Arcanine|atk|1\n|-unboost|p1b: Ogerpon|atk|1\n|-ability|p1a: Arcanine|Intimidate|boost\n|-unboost|p2a: Arcanine|atk|1\n|-unboost|p2b: Rillaboom|atk|1\n|-fieldstart|move: Grassy Terrain|[from] ability: Grassy Surge|[of] p2b: Rillaboom\n|turn|1\n|\n|t:|1700426347\n|move|p1b: Ogerpon|Spiky Shield|p1b: Ogerpon\n|-singleturn|p1b: Ogerpon|move: Protect\n|move|p2b: Rillaboom|Fake Out|p1b: Ogerpon\n|-activate|p1b: Ogerpon|move: Protect\n|-damage|p2b: Rillaboom|88\/100|[from] Spiky Shield|[of] p1b: Ogerpon\n|move|p2a: Arcanine|Will-O-Wisp|p1b: Ogerpon\n|-activate|p1b: Ogerpon|move: Protect\n|move|p1a: Arcanine|Flare Blitz|p2b: Rillaboom\n|-supereffective|p2b: Rillaboom\n|-damage|p2b: Rillaboom|0 fnt\n|faint|p2b: Rillaboom\n|-damage|p1a: Arcanine|68\/100|[from] Recoil\n|\n|-heal|p1a: Arcanine|74\/100|[from] Grassy Terrain\n|upkeep\n|\n|t:|1700426358\n|switch|p2b: Kommo-o|Kommo-o, L50, M|100\/100\n|turn|2\n|\n|t:|1700426383\n|-terastallize|p1a: Arcanine|Fairy\n|move|p1b: Ogerpon|Ivy Cudgel|p2a: Arcanine|[anim] Ivy Cudgel Water\n|-supereffective|p2a: Arcanine\n|-damage|p2a: Arcanine|0 fnt\n|faint|p2a: Arcanine\n|move|p1a: Arcanine|Flare Blitz|p2b: Kommo-o\n|-resisted|p2b: Kommo-o\n|-crit|p2b: Kommo-o\n|-damage|p2b: Kommo-o|69\/100\n|-status|p2b: Kommo-o|brn\n|-damage|p1a: Arcanine|64\/100|[from] Recoil\n|move|p2b: Kommo-o|Iron Defense|p2b: Kommo-o\n|-boost|p2b: Kommo-o|def|2\n|\n|-heal|p1a: Arcanine|70\/100|[from] Grassy Terrain\n|-heal|p2b: Kommo-o|75\/100 brn|[from] Grassy Terrain\n|-heal|p2b: Kommo-o|81\/100 brn|[from] item: Leftovers\n|-damage|p2b: Kommo-o|75\/100 brn|[from] brn\n|upkeep\n|\n|t:|1700426388\n|switch|p2a: Flutter Mane|Flutter Mane, L50|100\/100\n|turn|3\n|\n|t:|1700426418\n|-terastallize|p2b: Kommo-o|Steel\n|move|p2a: Flutter Mane|Moonblast|p1a: Arcanine\n|-damage|p1a: Arcanine|0 fnt\n|faint|p1a: Arcanine\n|move|p1b: Ogerpon|Ivy Cudgel|p2a: Flutter Mane|[anim] Ivy Cudgel Water\n|-damage|p2a: Flutter Mane|19\/100\n|move|p2b: Kommo-o|Iron Defense|p2b: Kommo-o\n|-boost|p2b: Kommo-o|def|2\n|\n|-heal|p2a: Flutter Mane|25\/100|[from] Grassy Terrain\n|-heal|p2b: Kommo-o|81\/100 brn|[from] Grassy Terrain\n|-heal|p2b: Kommo-o|87\/100 brn|[from] item: Leftovers\n|-damage|p2b: Kommo-o|81\/100 brn|[from] brn\n|upkeep\n|\n|t:|1700426433\n|switch|p1a: Iron Hands|Iron Hands, L50|100\/100\n|turn|4\n|\n|t:|1700426457\n|move|p1b: Ogerpon|Follow Me|p1b: Ogerpon\n|-singleturn|p1b: Ogerpon|move: Follow Me\n|move|p2a: Flutter Mane|Moonblast|p1b: Ogerpon\n|-damage|p1b: Ogerpon|9\/100\n|move|p2b: Kommo-o|Body Press|p1b: Ogerpon\n|-damage|p1b: Ogerpon|0 fnt\n|faint|p1b: Ogerpon\n|move|p1a: Iron Hands|Heavy Slam|p2a: Flutter Mane\n|-supereffective|p2a: Flutter Mane\n|-damage|p2a: Flutter Mane|0 fnt\n|faint|p2a: Flutter Mane\n|-end|p2a: Flutter Mane|Protosynthesis|[silent]\n|\n|-heal|p2b: Kommo-o|87\/100 brn|[from] Grassy Terrain\n|-heal|p2b: Kommo-o|93\/100 brn|[from] item: Leftovers\n|-damage|p2b: Kommo-o|87\/100 brn|[from] brn\n|upkeep\n|\n|t:|1700426466\n|switch|p1b: Flutter Mane|Flutter Mane, L50|100\/100\n|-enditem|p1b: Flutter Mane|Booster Energy\n|-activate|p1b: Flutter Mane|ability: Protosynthesis|[fromitem]\n|-start|p1b: Flutter Mane|protosynthesisspe\n|turn|5\n|\n|t:|1700426485\n|move|p1b: Flutter Mane|Dazzling Gleam|p2b: Kommo-o\n|-resisted|p2b: Kommo-o\n|-damage|p2b: Kommo-o|70\/100 brn\n|move|p2b: Kommo-o|Iron Head|p1b: Flutter Mane\n|-supereffective|p1b: Flutter Mane\n|-damage|p1b: Flutter Mane|35\/100\n|move|p1a: Iron Hands|Drain Punch|p2b: Kommo-o\n|-supereffective|p2b: Kommo-o\n|-damage|p2b: Kommo-o|47\/100 brn\n|\n|-heal|p1b: Flutter Mane|41\/100|[from] Grassy Terrain\n|-heal|p2b: Kommo-o|53\/100 brn|[from] Grassy Terrain\n|-heal|p2b: Kommo-o|59\/100 brn|[from] item: Leftovers\n|-damage|p2b: Kommo-o|53\/100 brn|[from] brn\n|-fieldend|move: Grassy Terrain\n|upkeep\n|turn|6\n|\n|t:|1700426503\n|move|p1b: Flutter Mane|Dazzling Gleam|p2b: Kommo-o\n|-resisted|p2b: Kommo-o\n|-damage|p2b: Kommo-o|35\/100 brn\n|move|p2b: Kommo-o|Iron Head|p1b: Flutter Mane\n|-supereffective|p1b: Flutter Mane\n|-damage|p1b: Flutter Mane|0 fnt\n|faint|p1b: Flutter Mane\n|-end|p1b: Flutter Mane|Protosynthesis|[silent]\n|move|p1a: Iron Hands|Drain Punch|p2b: Kommo-o\n|-supereffective|p2b: Kommo-o\n|-damage|p2b: Kommo-o|15\/100 brn\n|\n|-heal|p2b: Kommo-o|21\/100 brn|[from] item: Leftovers\n|-damage|p2b: Kommo-o|15\/100 brn|[from] brn\n|upkeep\n|turn|7\n|\n|t:|1700426515\n|move|p2b: Kommo-o|Body Press|p1a: Iron Hands\n|-damage|p1a: Iron Hands|60\/100\n|move|p1a: Iron Hands|Drain Punch|p2b: Kommo-o\n|-supereffective|p2b: Kommo-o\n|-damage|p2b: Kommo-o|0 fnt\n|-heal|p1a: Iron Hands|66\/100|[from] drain|[of] p2b: Kommo-o\n|faint|p2b: Kommo-o\n|\n|win|UnknownPingu\n|c|\u2606arijimo|i cancelled :(\n|c|\u2606UnknownPingu|gg\n|c|\u2606arijimo|that was a bad decision lol\n|c|\u2606arijimo|gg\n|c|\u2606UnknownPingu|that was intense\n","uploadtime":1700426616,"views":3,"p1id":"unknownpingu","p2id":"arijimo","formatid":"gen9vgc2023regulatione","rating":0,"private":0,"password":""}