{"id":"gen9vgc2023regulatione-1995728214","p1":"matwoohoo","p2":"ZER0_5871","format":"[Gen 9] VGC 2023 Regulation E","log":"|j|\u2606matwoohoo\n|j|\u2606ZER0_5871\n|t:|1700597623\n|gametype|doubles\n|player|p1|matwoohoo|102|1204\n|player|p2|ZER0_5871|roxie|1113\n|teamsize|p1|6\n|teamsize|p2|6\n|gen|9\n|tier|[Gen 9] VGC 2023 Regulation E\n|rated|\n|rule|Species Clause: Limit one of each Pok\u00e9mon\n|rule|Item Clause: Limit one of each item\n|clearpoke\n|poke|p1|Ninetales, L50, M|\n|poke|p1|Jumpluff, L50, F|\n|poke|p1|Gholdengo, L50|\n|poke|p1|Munkidori, L50, M|\n|poke|p1|Chi-Yu, L50|\n|poke|p1|Zapdos-Galar, L50|\n|poke|p2|Gholdengo, L50|\n|poke|p2|Roaring Moon, L50|\n|poke|p2|Chi-Yu, L50|\n|poke|p2|Flutter Mane, L50|\n|poke|p2|Ursaluna-Bloodmoon, L50, M|\n|poke|p2|Torkoal, L50, M|\n|teampreview|4\n|inactive|Battle timer is ON: inactive players will automatically lose when time's up. (requested by ZER0_5871)\n|inactive|matwoohoo has 60 seconds left.\n|\n|t:|1700597679\n|start\n|switch|p1a: Chi-Yu|Chi-Yu, L50|100\/100\n|switch|p1b: Jumpluff|Jumpluff, L50, F|100\/100\n|switch|p2a: OnlyUsesMouth|Flutter Mane, L50|100\/100\n|switch|p2b: Blueballer|Chi-Yu, L50|100\/100\n|-ability|p1a: Chi-Yu|Beads of Ruin\n|-ability|p2b: Blueballer|Beads of Ruin\n|turn|1\n|inactive|matwoohoo has 30 seconds left.\n|\n|t:|1700597708\n|-terastallize|p1b: Jumpluff|Fire\n|move|p1a: Chi-Yu|Protect|p1a: Chi-Yu\n|-singleturn|p1a: Chi-Yu|Protect\n|move|p1b: Jumpluff|Tailwind|p1b: Jumpluff\n|-sidestart|p1: matwoohoo|move: Tailwind\n|move|p2b: Blueballer|Heat Wave|p1b: Jumpluff|[spread] p1b\n|-activate|p1a: Chi-Yu|move: Protect\n|-resisted|p1b: Jumpluff\n|-damage|p1b: Jumpluff|65\/100\n|move|p2a: OnlyUsesMouth|Trick Room|p2a: OnlyUsesMouth\n|-fieldstart|move: Trick Room|[of] p2a: OnlyUsesMouth\n|\n|upkeep\n|turn|2\n|\n|t:|1700597729\n|move|p1b: Jumpluff|Rage Powder|p1b: Jumpluff\n|-singleturn|p1b: Jumpluff|move: Rage Powder\n|move|p2b: Blueballer|Heat Wave|p1a: Chi-Yu|[spread] p1a,p1b\n|-resisted|p1a: Chi-Yu\n|-resisted|p1b: Jumpluff\n|-damage|p1a: Chi-Yu|67\/100\n|-damage|p1b: Jumpluff|27\/100\n|move|p2a: OnlyUsesMouth|Moonblast|p1b: Jumpluff\n|-resisted|p1b: Jumpluff\n|-damage|p1b: Jumpluff|0 fnt\n|faint|p1b: Jumpluff\n|move|p1a: Chi-Yu|Heat Wave|p2a: OnlyUsesMouth|[spread] p2a\n|-miss|p1a: Chi-Yu|p2b: Blueballer\n|-damage|p2a: OnlyUsesMouth|34\/100\n|-damage|p1a: Chi-Yu|57\/100|[from] item: Life Orb\n|\n|upkeep\n|\n|t:|1700597743\n|switch|p1b: Zapdos|Zapdos-Galar, L50|100\/100\n|turn|3\n|\n|t:|1700597760\n|-terastallize|p2a: OnlyUsesMouth|Fairy\n|move|p1b: Zapdos|Detect|p1b: Zapdos\n|-singleturn|p1b: Zapdos|Protect\n|move|p2b: Blueballer|Heat Wave|p1b: Zapdos|[spread] p1a\n|-activate|p1b: Zapdos|move: Protect\n|-resisted|p1a: Chi-Yu\n|-damage|p1a: Chi-Yu|20\/100\n|move|p2a: OnlyUsesMouth|Dazzling Gleam|p1b: Zapdos|[spread] p1a\n|-activate|p1b: Zapdos|move: Protect\n|-damage|p1a: Chi-Yu|0 fnt\n|faint|p1a: Chi-Yu\n|\n|upkeep\n|\n|t:|1700597772\n|switch|p1a: Gholdengo|Gholdengo, L50|100\/100\n|turn|4\n|\n|t:|1700597785\n|-end|p2a: OnlyUsesMouth|Protosynthesis|[silent]\n|switch|p2a: Fred|Torkoal, L50, M|100\/100\n|-weather|SunnyDay|[from] ability: Drought|[of] p2a: Fred\n|move|p1a: Gholdengo|Protect|p1a: Gholdengo\n|-singleturn|p1a: Gholdengo|Protect\n|move|p2b: Blueballer|Heat Wave|p1b: Zapdos|[spread] p1b\n|-activate|p1a: Gholdengo|move: Protect\n|-damage|p1b: Zapdos|0 fnt\n|faint|p1b: Zapdos\n|\n|-weather|SunnyDay|[upkeep]\n|-sideend|p1: matwoohoo|move: Tailwind\n|upkeep\n|turn|5\n|-message|matwoohoo forfeited.\n|\n|win|ZER0_5871\n|raw|matwoohoo's rating: 1204 &rarr; <strong>1173<\/strong><br \/>(-31 for losing)\n|raw|ZER0_5871's rating: 1113 &rarr; <strong>1144<\/strong><br \/>(+31 for winning)\n","uploadtime":1700597805,"views":7,"p1id":"matwoohoo","p2id":"zer05871","formatid":"gen9vgc2023regulatione","rating":1144,"private":0,"password":""}