{"id":"gen9vgc2023regulatione-1995128906","p1":"X92","p2":"HappyW","format":"[Gen 9] VGC 2023 Regulation E","log":"|j|\u2606X92\n|j|\u2606HappyW\n|t:|1700525764\n|gametype|doubles\n|player|p1|X92|policeman|1104\n|player|p2|HappyW|akari|1030\n|teamsize|p1|6\n|teamsize|p2|6\n|gen|9\n|tier|[Gen 9] VGC 2023 Regulation E\n|rated|\n|rule|Species Clause: Limit one of each Pok\u00e9mon\n|rule|Item Clause: Limit one of each item\n|clearpoke\n|poke|p1|Torterra, L50, M|\n|poke|p1|Ogerpon-Wellspring, L50, F|\n|poke|p1|Grimmsnarl, L50, M|\n|poke|p1|Flutter Mane, L50|\n|poke|p1|Urshifu-*, L50, F|\n|poke|p1|Cresselia, L50, F|\n|poke|p2|Raichu-Alola, L50, M|\n|poke|p2|Iron Bundle, L50|\n|poke|p2|Arcanine-Hisui, L50, F|\n|poke|p2|Ogerpon-Wellspring, L50, F|\n|poke|p2|Gholdengo, L50|\n|poke|p2|Ambipom, L50, M|\n|teampreview|4\n|inactive|Battle timer is ON: inactive players will automatically lose when time's up. (requested by HappyW)\n|inactive|X92 has 60 seconds left.\n|inactive|HappyW has 60 seconds left.\n|\n|t:|1700525802\n|start\n|switch|p1a: Ogerpon|Ogerpon-Wellspring, L50, F|100\/100\n|switch|p1b: Grimmsnarl|Grimmsnarl, L50, M|100\/100\n|switch|p2a: Iron Bundle|Iron Bundle, L50|100\/100\n|switch|p2b: Ambipom|Ambipom, L50, M|100\/100\n|-enditem|p2a: Iron Bundle|Booster Energy\n|-activate|p2a: Iron Bundle|ability: Quark Drive|[fromitem]\n|-start|p2a: Iron Bundle|quarkdrivespe\n|turn|1\n|inactive|X92 has 30 seconds left.\n|inactive|X92 has 20 seconds left.\n|inactive|X92 has 15 seconds left.\n|inactive|X92 has 10 seconds left.\n|\n|t:|1700525849\n|move|p1a: Ogerpon|Spiky Shield|p1a: Ogerpon\n|-singleturn|p1a: Ogerpon|move: Protect\n|move|p2b: Ambipom|Fake Out|p1b: Grimmsnarl\n|-enditem|p2b: Ambipom|Normal Gem|[from] gem\n|-damage|p1b: Grimmsnarl|73\/100\n|cant|p1b: Grimmsnarl|flinch\n|move|p2a: Iron Bundle|Icy Wind|p1b: Grimmsnarl|[spread] p1b\n|-activate|p1a: Ogerpon|move: Protect\n|-damage|p1b: Grimmsnarl|56\/100\n|-unboost|p1b: Grimmsnarl|spe|1\n|\n|upkeep\n|turn|2\n|inactive|X92 has 30 seconds left.\n|\n|t:|1700525874\n|move|p1b: Grimmsnarl|Light Screen|p1b: Grimmsnarl\n|-sidestart|p1: X92|move: Light Screen\n|move|p2a: Iron Bundle|Electric Terrain|p2a: Iron Bundle\n|-fieldstart|move: Electric Terrain\n|move|p2b: Ambipom|Acrobatics|p1a: Ogerpon\n|-supereffective|p1a: Ogerpon\n|-damage|p1a: Ogerpon|47\/100\n|move|p1a: Ogerpon|Ivy Cudgel|p2b: Ambipom|[anim] Ivy Cudgel Water\n|-damage|p2b: Ambipom|35\/100\n|\n|upkeep\n|turn|3\n|\n|t:|1700525892\n|move|p1a: Ogerpon|Spiky Shield|p1a: Ogerpon\n|-singleturn|p1a: Ogerpon|move: Protect\n|move|p2a: Iron Bundle|Icy Wind|p1b: Grimmsnarl|[spread] p1b\n|-activate|p1a: Ogerpon|move: Protect\n|-damage|p1b: Grimmsnarl|47\/100\n|-unboost|p1b: Grimmsnarl|spe|1\n|move|p2b: Ambipom|Acrobatics|p1a: Ogerpon\n|-activate|p1a: Ogerpon|move: Protect\n|-damage|p2b: Ambipom|22\/100|[from] Spiky Shield|[of] p1a: Ogerpon\n|move|p1b: Grimmsnarl|Foul Play|p2b: Ambipom\n|-damage|p2b: Ambipom|0 fnt\n|faint|p2b: Ambipom\n|\n|upkeep\n|\n|t:|1700525895\n|switch|p2b: Gholdengo|Gholdengo, L50|100\/100\n|turn|4\n|\n|t:|1700525917\n|-end|p2a: Iron Bundle|Quark Drive|[silent]\n|switch|p2a: Ogerpon|Ogerpon-Wellspring, L50, F|100\/100\n|-terastallize|p2b: Gholdengo|Steel\n|move|p1b: Grimmsnarl|Parting Shot|p2a: Ogerpon\n|-unboost|p2a: Ogerpon|atk|1\n|-unboost|p2a: Ogerpon|spa|1\n|\n|t:|1700525925\n|switch|p1b: Urshifu|Urshifu, L50, F|100\/100|[from] Parting Shot\n|move|p1a: Ogerpon|Ivy Cudgel|p2b: Gholdengo|[anim] Ivy Cudgel Water\n|-damage|p2b: Gholdengo|48\/100\n|move|p2b: Gholdengo|Make It Rain|p1b: Urshifu|[spread] p1a,p1b\n|-resisted|p1a: Ogerpon\n|-damage|p1a: Ogerpon|17\/100\n|-damage|p1b: Urshifu|19\/100\n|-unboost|p2b: Gholdengo|spa|1\n|\n|upkeep\n|turn|5\n|inactive|X92 has 30 seconds left.\n|\n|t:|1700525951\n|switch|p2a: Iron Bundle|Iron Bundle, L50|100\/100\n|-activate|p2a: Iron Bundle|ability: Quark Drive\n|-start|p2a: Iron Bundle|quarkdrivespe\n|move|p1a: Ogerpon|Follow Me|p1a: Ogerpon\n|-singleturn|p1a: Ogerpon|move: Follow Me\n|move|p1b: Urshifu|Wicked Blow|p2b: Gholdengo\n|-crit|p2b: Gholdengo\n|-damage|p2b: Gholdengo|0 fnt\n|faint|p2b: Gholdengo\n|\n|upkeep\n|\n|t:|1700525959\n|switch|p2b: Ogerpon|Ogerpon-Wellspring, L50, F|100\/100\n|turn|6\n|\n|t:|1700525976\n|move|p1a: Ogerpon|Follow Me|p1a: Ogerpon\n|-singleturn|p1a: Ogerpon|move: Follow Me\n|move|p2a: Iron Bundle|Icy Wind|p1a: Ogerpon|[spread] p1b\n|-miss|p2a: Iron Bundle|p1a: Ogerpon\n|-damage|p1b: Urshifu|2\/100\n|-unboost|p1b: Urshifu|spe|1\n|move|p2b: Ogerpon|Horn Leech|p1a: Ogerpon\n|-damage|p1a: Ogerpon|0 fnt\n|faint|p1a: Ogerpon\n|move|p1b: Urshifu|Close Combat|p2a: Iron Bundle\n|-supereffective|p2a: Iron Bundle\n|-damage|p2a: Iron Bundle|0 fnt\n|-unboost|p1b: Urshifu|def|1\n|-unboost|p1b: Urshifu|spd|1\n|faint|p2a: Iron Bundle\n|-end|p2a: Iron Bundle|Quark Drive|[silent]\n|\n|-fieldend|move: Electric Terrain\n|upkeep\n|\n|t:|1700525991\n|switch|p1a: Grimmsnarl|Grimmsnarl, L50, M|47\/100\n|turn|7\n|\n|t:|1700526002\n|move|p1b: Urshifu|Sucker Punch||[still]\n|-fail|p1b: Urshifu\n|move|p1a: Grimmsnarl|Reflect|p1a: Grimmsnarl\n|-sidestart|p1: X92|Reflect\n|move|p2b: Ogerpon|Encore|p1a: Grimmsnarl\n|-start|p1a: Grimmsnarl|Encore\n|\n|upkeep\n|turn|8\n|\n|t:|1700526009\n|move|p1b: Urshifu|Sucker Punch|p2b: Ogerpon\n|-damage|p2b: Ogerpon|54\/100\n|move|p1a: Grimmsnarl|Reflect||[still]\n|-fail|p1a: Grimmsnarl\n|move|p2b: Ogerpon|Horn Leech|p1b: Urshifu\n|-damage|p1b: Urshifu|0 fnt\n|-heal|p2b: Ogerpon|54\/100|[from] drain|[of] p1b: Urshifu\n|faint|p1b: Urshifu\n|\n|upkeep\n|\n|t:|1700526018\n|switch|p1b: Torterra|Torterra, L50, M|100\/100\n|turn|9\n|\n|t:|1700526025\n|-terastallize|p1b: Torterra|Fairy\n|move|p1a: Grimmsnarl|Reflect||[still]\n|-fail|p1a: Grimmsnarl\n|move|p2b: Ogerpon|Horn Leech|p1b: Torterra\n|-damage|p1b: Torterra|83\/100\n|-heal|p2b: Ogerpon|66\/100|[from] drain|[of] p1b: Torterra\n|move|p1b: Torterra|Iron Defense|p1b: Torterra\n|-boost|p1b: Torterra|def|2\n|\n|-sideend|p1: X92|move: Light Screen\n|upkeep\n|turn|10\n|\n|t:|1700526038\n|move|p1a: Grimmsnarl|Reflect||[still]\n|-fail|p1a: Grimmsnarl\n|move|p2b: Ogerpon|Encore|p1b: Torterra\n|-start|p1b: Torterra|Encore\n|move|p1b: Torterra|Iron Defense|p1b: Torterra\n|-boost|p1b: Torterra|def|2\n|\n|-end|p1a: Grimmsnarl|Encore\n|upkeep\n|turn|11\n|\n|t:|1700526046\n|move|p2b: Ogerpon|Ivy Cudgel|p1a: Grimmsnarl|[anim] Ivy Cudgel Water\n|-damage|p1a: Grimmsnarl|10\/100\n|move|p1a: Grimmsnarl|Foul Play|p2b: Ogerpon\n|-damage|p2b: Ogerpon|18\/100\n|move|p1b: Torterra|Iron Defense|p1b: Torterra\n|-boost|p1b: Torterra|def|2\n|\n|upkeep\n|turn|12\n|\n|t:|1700526058\n|move|p2b: Ogerpon|Horn Leech|p1a: Grimmsnarl\n|-damage|p1a: Grimmsnarl|0 fnt\n|-heal|p2b: Ogerpon|24\/100|[from] drain|[of] p1a: Grimmsnarl\n|faint|p1a: Grimmsnarl\n|move|p1b: Torterra|Iron Defense|p1b: Torterra\n|-boost|p1b: Torterra|def|0\n|\n|-end|p1b: Torterra|Encore\n|upkeep\n|turn|13\n|\n|t:|1700526067\n|move|p2b: Ogerpon|Encore|p1b: Torterra\n|-start|p1b: Torterra|Encore\n|move|p1b: Torterra|Iron Defense|p1b: Torterra\n|-boost|p1b: Torterra|def|0\n|\n|upkeep\n|turn|14\n|\n|t:|1700526072\n|move|p2b: Ogerpon|Horn Leech|p1b: Torterra\n|-damage|p1b: Torterra|78\/100\n|-heal|p2b: Ogerpon|27\/100|[from] drain|[of] p1b: Torterra\n|move|p1b: Torterra|Iron Defense|p1b: Torterra\n|-boost|p1b: Torterra|def|0\n|\n|-sideend|p1: X92|Reflect\n|upkeep\n|turn|15\n|\n|t:|1700526079\n|move|p2b: Ogerpon|Ivy Cudgel|p1b: Torterra|[anim] Ivy Cudgel Water\n|-damage|p1b: Torterra|68\/100\n|move|p1b: Torterra|Iron Defense|p1b: Torterra\n|-boost|p1b: Torterra|def|0\n|\n|-end|p1b: Torterra|Encore\n|upkeep\n|turn|16\n|\n|t:|1700526086\n|move|p2b: Ogerpon|Encore|p1b: Torterra\n|-start|p1b: Torterra|Encore\n|move|p1b: Torterra|Iron Defense|p1b: Torterra\n|-boost|p1b: Torterra|def|0\n|\n|upkeep\n|turn|17\n|\n|t:|1700526090\n|move|p2b: Ogerpon|Ivy Cudgel|p1b: Torterra|[anim] Ivy Cudgel Water\n|-damage|p1b: Torterra|59\/100\n|move|p1b: Torterra|Iron Defense|p1b: Torterra\n|-boost|p1b: Torterra|def|0\n|\n|upkeep\n|turn|18\n|\n|t:|1700526096\n|move|p2b: Ogerpon|Ivy Cudgel|p1b: Torterra|[anim] Ivy Cudgel Water\n|-damage|p1b: Torterra|50\/100\n|-enditem|p1b: Torterra|Sitrus Berry|[eat]\n|-heal|p1b: Torterra|75\/100|[from] item: Sitrus Berry\n|move|p1b: Torterra|Iron Defense|p1b: Torterra\n|-boost|p1b: Torterra|def|0\n|\n|-end|p1b: Torterra|Encore\n|upkeep\n|turn|19\n|\n|t:|1700526104\n|move|p2b: Ogerpon|Encore|p1b: Torterra\n|-start|p1b: Torterra|Encore\n|move|p1b: Torterra|Iron Defense|p1b: Torterra\n|-boost|p1b: Torterra|def|0\n|\n|upkeep\n|turn|20\n|\n|t:|1700526109\n|move|p2b: Ogerpon|Horn Leech|p1b: Torterra\n|-damage|p1b: Torterra|68\/100\n|-heal|p2b: Ogerpon|33\/100|[from] drain|[of] p1b: Torterra\n|move|p1b: Torterra|Iron Defense|p1b: Torterra\n|-boost|p1b: Torterra|def|0\n|\n|upkeep\n|turn|21\n|\n|t:|1700526118\n|move|p2b: Ogerpon|Horn Leech|p1b: Torterra\n|-damage|p1b: Torterra|60\/100\n|-heal|p2b: Ogerpon|38\/100|[from] drain|[of] p1b: Torterra\n|move|p1b: Torterra|Iron Defense|p1b: Torterra\n|-boost|p1b: Torterra|def|0\n|\n|-end|p1b: Torterra|Encore\n|upkeep\n|turn|22\n|\n|t:|1700526126\n|move|p2b: Ogerpon|Encore|p1b: Torterra\n|-start|p1b: Torterra|Encore\n|move|p1b: Torterra|Iron Defense|p1b: Torterra\n|-boost|p1b: Torterra|def|0\n|\n|upkeep\n|turn|23\n|\n|t:|1700526131\n|move|p2b: Ogerpon|Horn Leech|p1b: Torterra\n|-damage|p1b: Torterra|53\/100\n|-heal|p2b: Ogerpon|43\/100|[from] drain|[of] p1b: Torterra\n|move|p1b: Torterra|Iron Defense|p1b: Torterra\n|-boost|p1b: Torterra|def|0\n|\n|upkeep\n|turn|24\n|\n|t:|1700526137\n|move|p2b: Ogerpon|Horn Leech|p1b: Torterra\n|-damage|p1b: Torterra|47\/100\n|-heal|p2b: Ogerpon|47\/100|[from] drain|[of] p1b: Torterra\n|move|p1b: Torterra|Iron Defense|p1b: Torterra\n|-boost|p1b: Torterra|def|0\n|\n|-end|p1b: Torterra|Encore\n|upkeep\n|turn|25\n|\n|t:|1700526146\n|move|p2b: Ogerpon|Encore|p1b: Torterra\n|-start|p1b: Torterra|Encore\n|move|p1b: Torterra|Iron Defense|p1b: Torterra\n|-boost|p1b: Torterra|def|0\n|\n|upkeep\n|turn|26\n|\n|t:|1700526153\n|move|p2b: Ogerpon|Horn Leech|p1b: Torterra\n|-damage|p1b: Torterra|39\/100\n|-heal|p2b: Ogerpon|52\/100|[from] drain|[of] p1b: Torterra\n|move|p1b: Torterra|Iron Defense|p1b: Torterra\n|-boost|p1b: Torterra|def|0\n|\n|upkeep\n|turn|27\n|\n|t:|1700526159\n|move|p2b: Ogerpon|Ivy Cudgel|p1b: Torterra|[anim] Ivy Cudgel Water\n|-damage|p1b: Torterra|30\/100\n|move|p1b: Torterra|Iron Defense|p1b: Torterra\n|-boost|p1b: Torterra|def|0\n|\n|-end|p1b: Torterra|Encore\n|upkeep\n|turn|28\n|\n|t:|1700526166\n|move|p2b: Ogerpon|Encore|p1b: Torterra\n|-start|p1b: Torterra|Encore\n|move|p1b: Torterra|Iron Defense|p1b: Torterra\n|-boost|p1b: Torterra|def|0\n|\n|upkeep\n|turn|29\n|\n|t:|1700526170\n|move|p2b: Ogerpon|Ivy Cudgel|p1b: Torterra|[anim] Ivy Cudgel Water\n|-damage|p1b: Torterra|21\/100\n|move|p1b: Torterra|Iron Defense|p1b: Torterra\n|-boost|p1b: Torterra|def|0\n|\n|upkeep\n|turn|30\n|\n|t:|1700526175\n|move|p2b: Ogerpon|Ivy Cudgel|p1b: Torterra|[anim] Ivy Cudgel Water\n|-damage|p1b: Torterra|12\/100\n|move|p1b: Torterra|Iron Defense|p1b: Torterra\n|-boost|p1b: Torterra|def|0\n|\n|-end|p1b: Torterra|Encore\n|upkeep\n|turn|31\n|\n|t:|1700526183\n|move|p2b: Ogerpon|Ivy Cudgel|p1b: Torterra|[anim] Ivy Cudgel Water\n|-damage|p1b: Torterra|3\/100\n|move|p1b: Torterra|Body Press|p2b: Ogerpon\n|-damage|p2b: Ogerpon|0 fnt\n|faint|p2b: Ogerpon\n|\n|win|X92\n|raw|X92's rating: 1104 &rarr; <strong>1124<\/strong><br \/>(+20 for winning)\n|raw|HappyW's rating: 1030 &rarr; <strong>1019<\/strong><br \/>(-11 for losing)\n|c|\u2606HappyW|xD ggs\n|c|\u2606X92|gg\n","uploadtime":1700526198,"views":2,"p1id":"x92","p2id":"happyw","formatid":"gen9vgc2023regulatione","rating":1019,"private":0,"password":""}