{"id":"gen9vgc2023regulatione-1987889156","p1":"TacoBurger","p2":"Anymer typ","format":"[Gen 9] VGC 2023 Regulation E","log":"|j|\u2606TacoBurger\n|j|\u2606Anymer typ\n|t:|1699646214\n|gametype|doubles\n|player|p1|TacoBurger|backpackerf|1172\n|player|p2|Anymer typ|ninjaboy|1241\n|teamsize|p1|6\n|teamsize|p2|6\n|gen|9\n|tier|[Gen 9] VGC 2023 Regulation E\n|rated|\n|rule|Species Clause: Limit one of each Pok\u00e9mon\n|rule|Item Clause: Limit one of each item\n|clearpoke\n|poke|p1|Snorlax, L50, F|\n|poke|p1|Iron Hands, L50|\n|poke|p1|Landorus-Therian, L50, M|\n|poke|p1|Sinistcha, L50|\n|poke|p1|Kommo-o, L50, F|\n|poke|p1|Clefairy, L50, F|\n|poke|p2|Farigiraf, L50, M|\n|poke|p2|Landorus-Therian, L50, M|\n|poke|p2|Iron Bundle, L50|\n|poke|p2|Ninetales-Alola, L50, F|\n|poke|p2|Mamoswine, L50, M|\n|poke|p2|Iron Hands, L50|\n|teampreview|4\n|\n|t:|1699646230\n|start\n|switch|p1a: Kommo-o|Kommo-o, L50, F|100\/100\n|switch|p1b: Landorus|Landorus-Therian, L50, M|100\/100\n|switch|p2a: Mamoswine|Mamoswine, L50, M|100\/100\n|switch|p2b: Ninetales|Ninetales-Alola, L50, F|100\/100\n|-ability|p1b: Landorus|Intimidate|boost\n|-fail|p2a: Mamoswine|unboost|Attack|[from] ability: Oblivious|[of] p2a: Mamoswine\n|-unboost|p2b: Ninetales|atk|1\n|-weather|Snow|[from] ability: Snow Warning|[of] p2b: Ninetales\n|turn|1\n|inactive|Battle timer is ON: inactive players will automatically lose when time's up. (requested by Anymer typ)\n|inactive|TacoBurger has 60 seconds left.\n|inactiveoff|Battle timer is now OFF.\n|\n|t:|1699646281\n|move|p2a: Mamoswine|Ice Shard|p1b: Landorus\n|-supereffective|p1b: Landorus\n|-damage|p1b: Landorus|0 fnt\n|faint|p1b: Landorus\n|-damage|p2a: Mamoswine|90\/100|[from] item: Life Orb\n|move|p2b: Ninetales|Aurora Veil|p2b: Ninetales\n|-sidestart|p2: Anymer typ|move: Aurora Veil\n|move|p1a: Kommo-o|Flash Cannon|p2b: Ninetales\n|-supereffective|p2b: Ninetales\n|-damage|p2b: Ninetales|25\/100\n|\n|-weather|Snow|[upkeep]\n|upkeep\n|\n|t:|1699646292\n|switch|p1b: Clefairy|Clefairy, L50, F|100\/100\n|turn|2\n|\n|t:|1699646317\n|-terastallize|p1a: Kommo-o|Steel\n|move|p2b: Ninetales|Moonblast|p1a: Kommo-o\n|-resisted|p1a: Kommo-o\n|-damage|p1a: Kommo-o|87\/100\n|-unboost|p1a: Kommo-o|spa|1\n|move|p1a: Kommo-o|Clangorous Soul|p1a: Kommo-o\n|-boost|p1a: Kommo-o|atk|1\n|-boost|p1a: Kommo-o|def|1\n|-boost|p1a: Kommo-o|spa|1\n|-boost|p1a: Kommo-o|spd|1\n|-boost|p1a: Kommo-o|spe|1\n|-damage|p1a: Kommo-o|54\/100\n|-enditem|p1a: Kommo-o|Throat Spray\n|-boost|p1a: Kommo-o|spa|1|[from] item: Throat Spray\n|move|p2a: Mamoswine|High Horsepower|p1b: Clefairy\n|-damage|p1b: Clefairy|38\/100\n|-damage|p2a: Mamoswine|80\/100|[from] item: Life Orb\n|move|p1b: Clefairy|Heal Pulse|p1a: Kommo-o\n|-heal|p1a: Kommo-o|100\/100\n|\n|-weather|Snow|[upkeep]\n|upkeep\n|turn|3\n|\n|t:|1699646358\n|switch|p2b: Iron Hands|Iron Hands, L50|100\/100\n|-terastallize|p2a: Mamoswine|Water\n|move|p1b: Clefairy|Protect|p1b: Clefairy\n|-singleturn|p1b: Clefairy|Protect\n|move|p1a: Kommo-o|Flash Cannon|p2a: Mamoswine\n|-resisted|p2a: Mamoswine\n|-crit|p2a: Mamoswine\n|-damage|p2a: Mamoswine|31\/100\n|move|p2a: Mamoswine|High Horsepower|p1a: Kommo-o\n|-supereffective|p1a: Kommo-o\n|-damage|p1a: Kommo-o|32\/100\n|-damage|p2a: Mamoswine|21\/100|[from] item: Life Orb\n|\n|-weather|Snow|[upkeep]\n|upkeep\n|turn|4\n|\n|t:|1699646394\n|move|p2b: Iron Hands|Fake Out|p1a: Kommo-o\n|-resisted|p1a: Kommo-o\n|-damage|p1a: Kommo-o|28\/100\n|move|p1b: Clefairy|Follow Me|p1b: Clefairy\n|-singleturn|p1b: Clefairy|move: Follow Me\n|cant|p1a: Kommo-o|flinch\n|move|p2a: Mamoswine|High Horsepower|p1b: Clefairy\n|-damage|p1b: Clefairy|0 fnt\n|faint|p1b: Clefairy\n|-damage|p2a: Mamoswine|11\/100|[from] item: Life Orb\n|\n|-weather|Snow|[upkeep]\n|upkeep\n|\n|t:|1699646405\n|switch|p1b: Sinistcha|Sinistcha, L50|100\/100\n|-heal|p1a: Kommo-o|53\/100|[from] ability: Hospitality|[of] p1b: Sinistcha\n|turn|5\n|\n|t:|1699646424\n|move|p1a: Kommo-o|Protect|p1a: Kommo-o\n|-singleturn|p1a: Kommo-o|Protect\n|move|p2a: Mamoswine|Ice Shard|p1b: Sinistcha\n|-supereffective|p1b: Sinistcha\n|-damage|p1b: Sinistcha|48\/100\n|-damage|p2a: Mamoswine|1\/100|[from] item: Life Orb\n|move|p1b: Sinistcha|Strength Sap|p2b: Iron Hands\n|-unboost|p2b: Iron Hands|atk|1\n|-heal|p1b: Sinistcha|100\/100\n|move|p2b: Iron Hands|Drain Punch|p1a: Kommo-o\n|-activate|p1a: Kommo-o|move: Protect\n|\n|-weather|none\n|upkeep\n|turn|6\n|\n|t:|1699646473\n|-end|p2b: Iron Hands|Quark Drive|[silent]\n|switch|p2b: Ninetales|Ninetales-Alola, L50, F|25\/100\n|-weather|Snow|[from] ability: Snow Warning|[of] p2b: Ninetales\n|move|p2a: Mamoswine|Ice Shard|p1b: Sinistcha\n|-supereffective|p1b: Sinistcha\n|-damage|p1b: Sinistcha|47\/100\n|-damage|p2a: Mamoswine|0 fnt|[from] item: Life Orb\n|faint|p2a: Mamoswine\n|move|p1a: Kommo-o|Clanging Scales|p2b: Ninetales\n|-immune|p2b: Ninetales\n|move|p1b: Sinistcha|Strength Sap|p2b: Ninetales\n|-unboost|p2b: Ninetales|atk|1\n|-heal|p1b: Sinistcha|83\/100\n|\n|-weather|Snow|[upkeep]\n|upkeep\n|\n|t:|1699646491\n|switch|p2a: Iron Hands|Iron Hands, L50|100\/100\n|turn|7\n|\n|t:|1699646499\n|move|p1a: Kommo-o|Protect|p1a: Kommo-o\n|-singleturn|p1a: Kommo-o|Protect\n|move|p2a: Iron Hands|Fake Out|p1a: Kommo-o\n|-activate|p1a: Kommo-o|move: Protect\n|move|p2b: Ninetales|Freeze-Dry|p1b: Sinistcha\n|-supereffective|p1b: Sinistcha\n|-damage|p1b: Sinistcha|27\/100\n|-status|p1b: Sinistcha|frz\n|-curestatus|p1b: Sinistcha|frz|[msg]\n|move|p1b: Sinistcha|Strength Sap|p2a: Iron Hands\n|-unboost|p2a: Iron Hands|atk|1\n|-heal|p1b: Sinistcha|100\/100\n|\n|-weather|Snow|[upkeep]\n|upkeep\n|turn|8\n|\n|t:|1699646529\n|move|p2b: Ninetales|Protect|p2b: Ninetales\n|-singleturn|p2b: Ninetales|Protect\n|move|p1a: Kommo-o|Clanging Scales|p2b: Ninetales|[spread] p2a\n|-activate|p2b: Ninetales|move: Protect\n|-damage|p2a: Iron Hands|81\/100\n|-unboost|p1a: Kommo-o|def|1\n|move|p1b: Sinistcha|Strength Sap|p2a: Iron Hands\n|-unboost|p2a: Iron Hands|atk|1\n|move|p2a: Iron Hands|Drain Punch|p1a: Kommo-o\n|-supereffective|p1a: Kommo-o\n|-damage|p1a: Kommo-o|15\/100\n|-heal|p2a: Iron Hands|94\/100|[from] drain|[of] p1a: Kommo-o\n|\n|-weather|Snow|[upkeep]\n|-sideend|p2: Anymer typ|move: Aurora Veil\n|upkeep\n|turn|9\n|\n|t:|1699646554\n|-end|p2a: Iron Hands|Quark Drive|[silent]\n|switch|p2a: Landorus|Landorus-Therian, L50, M|100\/100\n|-ability|p2a: Landorus|Intimidate|boost\n|-unboost|p1a: Kommo-o|atk|1\n|-unboost|p1b: Sinistcha|atk|1\n|move|p1b: Sinistcha|Rage Powder|p1b: Sinistcha\n|-singleturn|p1b: Sinistcha|move: Rage Powder\n|move|p1a: Kommo-o|Flash Cannon|p2b: Ninetales\n|-supereffective|p2b: Ninetales\n|-damage|p2b: Ninetales|0 fnt\n|faint|p2b: Ninetales\n|\n|-weather|Snow|[upkeep]\n|upkeep\n|\n|t:|1699646566\n|switch|p2b: Iron Hands|Iron Hands, L50|94\/100\n|turn|10\n|\n|t:|1699646594\n|move|p1a: Kommo-o|Protect|p1a: Kommo-o\n|-singleturn|p1a: Kommo-o|Protect\n|move|p2a: Landorus|U-turn|p1b: Sinistcha\n|-damage|p1b: Sinistcha|74\/100\n|move|p1b: Sinistcha|Strength Sap|p2b: Iron Hands\n|-unboost|p2b: Iron Hands|atk|1\n|-heal|p1b: Sinistcha|100\/100\n|move|p2b: Iron Hands|Drain Punch|p1b: Sinistcha\n|-immune|p1b: Sinistcha\n|\n|-weather|none\n|upkeep\n|turn|11\n|\n|t:|1699646626\n|move|p1b: Sinistcha|Rage Powder|p1b: Sinistcha\n|-singleturn|p1b: Sinistcha|move: Rage Powder\n|move|p2a: Landorus|U-turn|p1b: Sinistcha\n|-crit|p1b: Sinistcha\n|-damage|p1b: Sinistcha|64\/100\n|move|p1a: Kommo-o|Clanging Scales|p2b: Iron Hands|[spread] p2a,p2b\n|-damage|p2a: Landorus|28\/100\n|-damage|p2b: Iron Hands|67\/100\n|-unboost|p1a: Kommo-o|def|1\n|move|p2b: Iron Hands|Heavy Slam|p1b: Sinistcha\n|-damage|p1b: Sinistcha|37\/100\n|\n|upkeep\n|turn|12\n|\n|t:|1699646656\n|move|p1a: Kommo-o|Protect|p1a: Kommo-o\n|-singleturn|p1a: Kommo-o|Protect\n|move|p2a: Landorus|U-turn|p1a: Kommo-o\n|-activate|p1a: Kommo-o|move: Protect\n|move|p1b: Sinistcha|Strength Sap|p2b: Iron Hands\n|-unboost|p2b: Iron Hands|atk|1\n|-heal|p1b: Sinistcha|100\/100\n|move|p2b: Iron Hands|Heavy Slam|p1b: Sinistcha\n|-damage|p1b: Sinistcha|77\/100\n|\n|upkeep\n|turn|13\n|\n|t:|1699646677\n|move|p1b: Sinistcha|Rage Powder|p1b: Sinistcha\n|-singleturn|p1b: Sinistcha|move: Rage Powder\n|move|p2a: Landorus|U-turn|p1b: Sinistcha\n|-damage|p1b: Sinistcha|52\/100\n|move|p1a: Kommo-o|Clanging Scales|p2b: Iron Hands|[spread] p2a,p2b\n|-damage|p2a: Landorus|0 fnt\n|-damage|p2b: Iron Hands|37\/100\n|faint|p2a: Landorus\n|-unboost|p1a: Kommo-o|def|1\n|move|p2b: Iron Hands|Heavy Slam|p1b: Sinistcha\n|-damage|p1b: Sinistcha|32\/100\n|\n|upkeep\n|turn|14\n|-message|Anymer typ forfeited.\n|\n|win|TacoBurger\n|raw|TacoBurger's rating: 1172 &rarr; <strong>1202<\/strong><br \/>(+30 for winning)\n|raw|Anymer typ's rating: 1241 &rarr; <strong>1211<\/strong><br \/>(-30 for losing)\n|l|\u2606Anymer typ\n","uploadtime":1699646704,"views":17,"p1id":"tacoburger","p2id":"anymertyp","formatid":"gen9vgc2023regulatione","rating":1202,"private":0,"password":""}