{"id":"gen9vgc2023regulatione-1997869021","p1":"Juan El Macho","p2":"Ninethousand1","format":"[Gen 9] VGC 2023 Regulation E","log":"|j|\u2606Juan El Macho\n|j|\u2606Ninethousand1\n|t:|1700861736\n|gametype|doubles\n|player|p1|Juan El Macho|169|1187\n|player|p2|Ninethousand1|170|1172\n|teamsize|p1|6\n|teamsize|p2|6\n|gen|9\n|tier|[Gen 9] VGC 2023 Regulation E\n|rated|\n|rule|Species Clause: Limit one of each Pok\u00e9mon\n|rule|Item Clause: Limit one of each item\n|clearpoke\n|poke|p1|Tornadus, L50, M|\n|poke|p1|Landorus-Therian, L50, M|\n|poke|p1|Urshifu-*, L50, M|\n|poke|p1|Gholdengo, L50|\n|poke|p1|Amoonguss, L50, M|\n|poke|p1|Iron Hands, L50|\n|poke|p2|Annihilape, L50, F|\n|poke|p2|Maushold-Four, L50|\n|poke|p2|Flutter Mane, L50|\n|poke|p2|Landorus, L50, M|\n|poke|p2|Tornadus, L50, M|\n|poke|p2|Roaring Moon, L50|\n|teampreview|4\n|inactive|Battle timer is ON: inactive players will automatically lose when time's up. (requested by Ninethousand1)\n|inactive|Juan El Macho has 60 seconds left.\n|\n|t:|1700861778\n|start\n|switch|p1a: Tornadus|Tornadus, L50, M, shiny|100\/100\n|switch|p1b: Iron Hands|Iron Hands, L50|100\/100\n|switch|p2a: Flutter Mane|Flutter Mane, L50|100\/100\n|switch|p2b: Tornadus|Tornadus, L50, M|100\/100\n|turn|1\n|inactive|Juan El Macho has 30 seconds left.\n|\n|t:|1700861807\n|move|p2b: Tornadus|Tailwind|p2b: Tornadus\n|-sidestart|p2: Ninethousand1|move: Tailwind\n|move|p1a: Tornadus|Tailwind|p1a: Tornadus\n|-sidestart|p1: Juan El Macho|move: Tailwind\n|move|p2a: Flutter Mane|Dazzling Gleam|p1a: Tornadus|[spread] p1a,p1b\n|-supereffective|p1b: Iron Hands\n|-damage|p1a: Tornadus|44\/100\n|-damage|p1b: Iron Hands|47\/100\n|move|p1b: Iron Hands|Wild Charge|p2b: Tornadus\n|-supereffective|p2b: Tornadus\n|-damage|p2b: Tornadus|0 fnt\n|faint|p2b: Tornadus\n|-damage|p1b: Iron Hands|30\/100|[from] Recoil\n|\n|upkeep\n|\n|t:|1700861823\n|switch|p2b: Landorus|Landorus, L50, M|100\/100\n|turn|2\n|\n|t:|1700861840\n|move|p1a: Tornadus|Protect|p1a: Tornadus\n|-singleturn|p1a: Tornadus|Protect\n|move|p2a: Flutter Mane|Dazzling Gleam|p1a: Tornadus|[spread] p1b\n|-activate|p1a: Tornadus|move: Protect\n|-supereffective|p1b: Iron Hands\n|-damage|p1b: Iron Hands|0 fnt\n|faint|p1b: Iron Hands\n|-end|p1b: Iron Hands|Quark Drive|[silent]\n|move|p2b: Landorus|Sludge Bomb|p1a: Tornadus\n|-activate|p1a: Tornadus|move: Protect\n|\n|upkeep\n|\n|t:|1700861853\n|switch|p1b: Landorus|Landorus-Therian, L50, M, shiny|100\/100\n|-ability|p1b: Landorus|Intimidate|boost\n|-unboost|p2a: Flutter Mane|atk|1\n|-unboost|p2b: Landorus|atk|1\n|turn|3\n|inactive|Juan El Macho has 30 seconds left.\n|inactive|Juan El Macho has 20 seconds left.\n|\n|t:|1700861889\n|-terastallize|p1a: Tornadus|Steel\n|move|p1b: Landorus|Stomping Tantrum|p2a: Flutter Mane\n|-damage|p2a: Flutter Mane|21\/100\n|move|p2a: Flutter Mane|Dazzling Gleam|p1a: Tornadus|[spread] p1a,p1b\n|-resisted|p1a: Tornadus\n|-damage|p1a: Tornadus|15\/100\n|-damage|p1b: Landorus|50\/100\n|move|p2b: Landorus|Sludge Bomb|p1a: Tornadus\n|-immune|p1a: Tornadus\n|move|p1a: Tornadus|Bleakwind Storm|p2b: Landorus|[spread] p2a\n|-miss|p1a: Tornadus|p2b: Landorus\n|-damage|p2a: Flutter Mane|0 fnt\n|faint|p2a: Flutter Mane\n|-end|p2a: Flutter Mane|Protosynthesis|[silent]\n|\n|upkeep\n|\n|t:|1700861909\n|switch|p2a: Roaring Moon|Roaring Moon, L50|100\/100\n|-enditem|p2a: Roaring Moon|Booster Energy\n|-activate|p2a: Roaring Moon|ability: Protosynthesis|[fromitem]\n|-start|p2a: Roaring Moon|protosynthesisatk\n|turn|4\n|inactive|Juan El Macho has 30 seconds left.\n|\n|t:|1700861939\n|move|p1a: Tornadus|Protect|p1a: Tornadus\n|-singleturn|p1a: Tornadus|Protect\n|move|p1b: Landorus|Stomping Tantrum|p2a: Roaring Moon\n|-damage|p2a: Roaring Moon|52\/100\n|move|p2a: Roaring Moon|Rock Slide|p1b: Landorus|[spread] p1b\n|-activate|p1a: Tornadus|move: Protect\n|-damage|p1b: Landorus|24\/100\n|move|p2b: Landorus|Sludge Bomb|p1b: Landorus\n|-resisted|p1b: Landorus\n|-damage|p1b: Landorus|0 fnt\n|faint|p1b: Landorus\n|\n|-sideend|p2: Ninethousand1|move: Tailwind\n|-sideend|p1: Juan El Macho|move: Tailwind\n|upkeep\n|\n|t:|1700861955\n|switch|p1b: Urshifu|Urshifu-Rapid-Strike, L50, M|100\/100\n|turn|5\n|\n|t:|1700861978\n|-terastallize|p2a: Roaring Moon|Flying\n|move|p1a: Tornadus|Tailwind|p1a: Tornadus\n|-sidestart|p1: Juan El Macho|move: Tailwind\n|move|p1b: Urshifu|Surging Strikes|p2b: Landorus\n|-supereffective|p2b: Landorus\n|-crit|p2b: Landorus\n|-damage|p2b: Landorus|44\/100\n|-supereffective|p2b: Landorus\n|-crit|p2b: Landorus\n|-damage|p2b: Landorus|0 fnt\n|faint|p2b: Landorus\n|-hitcount|p2: Landorus|2\n|move|p2a: Roaring Moon|Acrobatics|p1b: Urshifu\n|-supereffective|p1b: Urshifu\n|-damage|p1b: Urshifu|0 fnt\n|faint|p1b: Urshifu\n|\n|upkeep\n|turn|6\n|\n|t:|1700861997\n|move|p1a: Tornadus|Bleakwind Storm|p2a: Roaring Moon\n|-damage|p2a: Roaring Moon|10\/100\n|-unboost|p2a: Roaring Moon|spe|1\n|move|p2a: Roaring Moon|Acrobatics|p1a: Tornadus\n|-resisted|p1a: Tornadus\n|-damage|p1a: Tornadus|0 fnt\n|faint|p1a: Tornadus\n|\n|win|Ninethousand1\n|raw|Juan El Macho's rating: 1187 &rarr; <strong>1161<\/strong><br \/>(-26 for losing)\n|raw|Ninethousand1's rating: 1172 &rarr; <strong>1198<\/strong><br \/>(+26 for winning)\n","uploadtime":1700862013,"views":4,"p1id":"juanelmacho","p2id":"ninethousand1","formatid":"gen9vgc2023regulatione","rating":1161,"private":0,"password":""}