{"id":"gen9vgc2023regulatione-1993909459","p1":"Nebulash.dedede","p2":"PunkRockObstagoon","format":"[Gen 9] VGC 2023 Regulation E","log":"|j|\u2606Nebulash.dedede\n|j|\u2606PunkRockObstagoon\n|t:|1700373766\n|gametype|doubles\n|player|p1|Nebulash.dedede|1|1337\n|player|p2|PunkRockObstagoon|hilbert|1418\n|teamsize|p1|6\n|teamsize|p2|6\n|gen|9\n|tier|[Gen 9] VGC 2023 Regulation E\n|rated|\n|rule|Species Clause: Limit one of each Pok\u00e9mon\n|rule|Item Clause: Limit one of each item\n|clearpoke\n|poke|p1|Tinkaton, L50, F|\n|poke|p1|Regidrago, L50|\n|poke|p1|Landorus-Therian, L50, M|\n|poke|p1|Sinistcha, L50|\n|poke|p1|Arcanine-Hisui, L50, F|\n|poke|p1|Tornadus, L50, M|\n|poke|p2|Spinarak, L50, M|\n|poke|p2|Tatsugiri-Droopy, L50, M|\n|poke|p2|Urshifu-*, L50, M|\n|poke|p2|Lurantis, L50, F|\n|poke|p2|Armarouge, L50, M|\n|poke|p2|Farigiraf, L50, F|\n|teampreview|4\n|inactive|Battle timer is ON: inactive players will automatically lose when time's up. (requested by PunkRockObstagoon)\n|c|\u2606Nebulash.dedede|what the\n|c|\u2606Nebulash.dedede|nah im not asking questions\n|inactive|Nebulash.dedede has 60 seconds left.\n|inactive|PunkRockObstagoon has 60 seconds left.\n|\n|t:|1700373805\n|start\n|switch|p1a: Tinkaton|Tinkaton, L50, F|100\/100\n|switch|p1b: Tornadus|Tornadus, L50, M|100\/100\n|switch|p2a: Armarouge|Armarouge, L50, M|100\/100\n|switch|p2b: Farigiraf|Farigiraf, L50, F|100\/100\n|turn|1\n|\n|t:|1700373825\n|move|p1b: Tornadus|Swagger|p1a: Tinkaton|[miss]\n|-miss|p1b: Tornadus|p1a: Tinkaton\n|move|p1a: Tinkaton|Knock Off|p2a: Armarouge\n|-supereffective|p2a: Armarouge\n|-damage|p2a: Armarouge|58\/100\n|-enditem|p2a: Armarouge|Safety Goggles|[from] move: Knock Off|[of] p1a: Tinkaton\n|move|p2a: Armarouge|Heat Wave|p1b: Tornadus|[spread] p1a,p1b\n|-supereffective|p1a: Tinkaton\n|-damage|p1a: Tinkaton|44\/100\n|-damage|p1b: Tornadus|62\/100\n|move|p2b: Farigiraf|Trick Room|p2b: Farigiraf\n|-fieldstart|move: Trick Room|[of] p2b: Farigiraf\n|\n|upkeep\n|turn|2\n|\n|t:|1700373842\n|move|p1b: Tornadus|Rain Dance|p1b: Tornadus\n|-weather|RainDance\n|move|p2b: Farigiraf|Hyper Voice|p1a: Tinkaton|[spread] p1a,p1b\n|-resisted|p1a: Tinkaton\n|-damage|p1a: Tinkaton|32\/100\n|-damage|p1b: Tornadus|31\/100\n|move|p2a: Armarouge|Heat Wave|p1b: Tornadus|[spread] p1b\n|-miss|p2a: Armarouge|p1a: Tinkaton\n|-damage|p1b: Tornadus|13\/100\n|move|p1a: Tinkaton|Gigaton Hammer|p2b: Farigiraf\n|-damage|p2b: Farigiraf|28\/100\n|\n|-weather|RainDance|[upkeep]\n|upkeep\n|turn|3\n|\n|t:|1700373864\n|move|p2b: Farigiraf|Iron Head|p1a: Tinkaton\n|-damage|p1a: Tinkaton|5\/100\n|move|p2a: Armarouge|Heat Wave|p1a: Tinkaton|[spread] p1a,p1b\n|-supereffective|p1a: Tinkaton\n|-damage|p1a: Tinkaton|0 fnt\n|-damage|p1b: Tornadus|0 fnt\n|faint|p1a: Tinkaton\n|faint|p1b: Tornadus\n|\n|-weather|RainDance|[upkeep]\n|upkeep\n|c|\u2606Nebulash.dedede|I do not think the miss mattered btw\n|\n|t:|1700373871\n|switch|p1b: Regidrago|Regidrago, L50|100\/100\n|switch|p1a: Arcanine|Arcanine-Hisui, L50, F|100\/100\n|-ability|p1a: Arcanine|Intimidate|boost\n|-unboost|p2a: Armarouge|atk|1\n|-unboost|p2b: Farigiraf|atk|1\n|turn|4\n|\n|t:|1700373887\n|-terastallize|p2a: Armarouge|Fairy\n|-terastallize|p1b: Regidrago|Dragon\n|move|p2b: Farigiraf|Psychic|p1a: Arcanine\n|-damage|p1a: Arcanine|43\/100\n|move|p2a: Armarouge|Tera Blast|p1b: Regidrago|[anim] Tera Blast Fairy\n|-supereffective|p1b: Regidrago\n|-damage|p1b: Regidrago|9\/100\n|move|p1b: Regidrago|Dragon Energy|p2b: Farigiraf|[spread] p2b\n|-immune|p2a: Armarouge\n|-damage|p2b: Farigiraf|15\/100\n|move|p1a: Arcanine|Rock Slide|p2a: Armarouge|[spread] p2a,p2b\n|-damage|p2a: Armarouge|20\/100\n|-damage|p2b: Farigiraf|0 fnt\n|faint|p2b: Farigiraf\n|\n|-weather|RainDance|[upkeep]\n|upkeep\n|\n|t:|1700373897\n|switch|p2b: Lurantis|Lurantis, L50, F|100\/100\n|turn|5\n|-message|Nebulash.dedede forfeited.\n|\n|win|PunkRockObstagoon\n|raw|Nebulash.dedede's rating: 1337 &rarr; <strong>1322<\/strong><br \/>(-15 for losing)\n|raw|PunkRockObstagoon's rating: 1418 &rarr; <strong>1433<\/strong><br \/>(+15 for winning)\n|l|\u2606Nebulash.dedede\n","uploadtime":1700373915,"views":8,"p1id":"nebulashdedede","p2id":"punkrockobstagoon","formatid":"gen9vgc2023regulatione","rating":1322,"private":0,"password":""}