{"id":"gen9vgc2023regulatione-1998231577","p1":"faiRyVGC","p2":"Fadecampo","format":"[Gen 9] VGC 2023 Regulation E","log":"|j|\u2606faiRyVGC\n|j|\u2606Fadecampo\n|n|\u2606faiRyVGC|fairyvgc\n|n|\u2606Fadecampo|fadecampo\n|html|View the match progress at <a href=\"\/game-bestof3-gen9vgc2023regulatione-1998231576\">game-bestof3-gen9vgc2023regulatione-1998231576<\/a>\n|t:|1700916864\n|gametype|doubles\n|player|p1|faiRyVGC|lucas-gen4pt|\n|player|p2|Fadecampo|101|\n|teamsize|p1|6\n|teamsize|p2|6\n|gen|9\n|tier|[Gen 9] VGC 2023 Regulation E\n|rated|Tournament battle\n|rule|Species Clause: Limit one of each Pok\u00e9mon\n|rule|Item Clause: Limit one of each item\n|clearpoke\n|poke|p1|Mamoswine, L50, F|\n|poke|p1|Sinistcha-Masterpiece, L50|\n|poke|p1|Chi-Yu, L50|\n|poke|p1|Iron Hands, L50|\n|poke|p1|Salamence, L50, F|\n|poke|p1|Dondozo, L50, M|\n|poke|p2|Amoonguss, L50, F|\n|poke|p2|Tornadus, L50, M|\n|poke|p2|Iron Hands, L50|\n|poke|p2|Arcanine-Hisui, L50, M|\n|poke|p2|Gholdengo, L50|\n|poke|p2|Urshifu-*, L50, M|\n|teampreview|4\n|showteam|p1|Mamoswine||LifeOrb|Oblivious|IcicleCrash,IceShard,HighHorsepower,Protect|||F|||50|,,,,,Water]Sinistcha-Masterpiece||SitrusBerry|Hospitality|MatchaGotcha,RagePowder,TrickRoom,StrengthSap||||||50|,,,,,Water]Chi-Yu||FocusSash|BeadsofRuin|HeatWave,DarkPulse,Snarl,Protect||||||50|,,,,,Ghost]Iron Hands||AssaultVest|QuarkDrive|DrainPunch,WildCharge,HeavySlam,FakeOut||||||50|,,,,,Water]Salamence||ClearAmulet|Intimidate|DualWingbeat,Bulldoze,Tailwind,Protect|||F|||50|,,,,,Flying]Dondozo||Leftovers|Unaware|WaveCrash,HeavySlam,Protect,Yawn|||M|||50|,,,,,Dragon\n|showteam|p2|Amoonguss||SitrusBerry|Regenerator|PollenPuff,Spore,RagePowder,Protect|||F|||50|,,,,,Water]Tornadus||RockyHelmet|Prankster|Tailwind,BleakwindStorm,Protect,RainDance|||M|||50|,,,,,Ghost]Iron Hands||AssaultVest|QuarkDrive|FakeOut,WildCharge,DrainPunch,VoltSwitch||||||50|,,,,,Water]Arcanine-Hisui||ChoiceBand|Intimidate|FlareBlitz,ExtremeSpeed,RockSlide,HeadSmash|||M|||50|,,,,,Fairy]Gholdengo||Leftovers|GoodasGold|MakeItRain,ShadowBall,NastyPlot,Protect||||||50|,,,,,Dragon]Urshifu-Rapid-Strike||MysticWater|UnseenFist|AquaJet,Detect,CloseCombat,SurgingStrikes|||M|||50|,,,,,Water\n|inactive|Battle timer is ON: inactive players will automatically lose when time's up. (requested by faiRyVGC)\n|\n|t:|1700916889\n|start\n|switch|p1a: Sinistcha|Sinistcha-Masterpiece, L50|100\/100\n|switch|p1b: Iron Hands|Iron Hands, L50, shiny|100\/100\n|switch|p2a: Hirofumi|Arcanine-Hisui, L50, M, shiny|100\/100\n|switch|p2b: Snow|Tornadus, L50, M|100\/100\n|-ability|p2a: Hirofumi|Intimidate|boost\n|-unboost|p1a: Sinistcha|atk|1\n|-unboost|p1b: Iron Hands|atk|1\n|turn|1\n|inactive|faiRyVGC has 30 seconds left.\n|inactive|Fadecampo has 30 seconds left.\n|\n|t:|1700916922\n|switch|p2b: amoonguss bus|Amoonguss, L50, F, shiny|100\/100\n|-terastallize|p1a: Sinistcha|Water\n|move|p2a: Hirofumi|Flare Blitz|p1a: Sinistcha\n|-resisted|p1a: Sinistcha\n|-damage|p1a: Sinistcha|67\/100\n|-damage|p2a: Hirofumi|90\/100|[from] Recoil\n|move|p1b: Iron Hands|Wild Charge|p2b: amoonguss bus\n|-resisted|p2b: amoonguss bus\n|-damage|p2b: amoonguss bus|87\/100\n|-damage|p1b: Iron Hands|98\/100|[from] Recoil\n|move|p1a: Sinistcha|Trick Room|p1a: Sinistcha\n|-fieldstart|move: Trick Room|[of] p1a: Sinistcha\n|\n|upkeep\n|turn|2\n|\n|t:|1700916947\n|switch|p2a: Snow|Tornadus, L50, M|100\/100\n|move|p2b: amoonguss bus|Spore|p1b: Iron Hands\n|-status|p1b: Iron Hands|slp|[from] move: Spore\n|cant|p1b: Iron Hands|slp\n|move|p1a: Sinistcha|Strength Sap|p2a: Snow\n|-unboost|p2a: Snow|atk|1\n|-heal|p1a: Sinistcha|100\/100\n|\n|upkeep\n|turn|3\n|inactive|Fadecampo has 30 seconds left.\n|inactive|faiRyVGC has 30 seconds left.\n|\n|t:|1700916989\n|-end|p1b: Iron Hands|Quark Drive|[silent]\n|switch|p1b: Chi-Yu|Chi-Yu, L50|100\/100\n|-ability|p1b: Chi-Yu|Beads of Ruin\n|switch|p2a: Hirofumi|Arcanine-Hisui, L50, M, shiny|90\/100\n|-ability|p2a: Hirofumi|Intimidate|boost\n|-unboost|p1a: Sinistcha|atk|1\n|-unboost|p1b: Chi-Yu|atk|1\n|move|p2b: amoonguss bus|Spore|p1a: Sinistcha\n|-status|p1a: Sinistcha|slp|[from] move: Spore\n|cant|p1a: Sinistcha|slp\n|\n|upkeep\n|turn|4\n|inactive|Fadecampo has 30 seconds left.\n|\n|t:|1700917017\n|move|p1b: Chi-Yu|Protect|p1b: Chi-Yu\n|-singleturn|p1b: Chi-Yu|Protect\n|move|p2b: amoonguss bus|Spore|p1b: Chi-Yu\n|-activate|p1b: Chi-Yu|move: Protect\n|-curestatus|p1a: Sinistcha|slp|[msg]\n|move|p1a: Sinistcha|Matcha Gotcha|p2a: Hirofumi|[spread] p2a,p2b\n|-resisted|p2b: amoonguss bus\n|-crit|p2b: amoonguss bus\n|-damage|p2a: Hirofumi|50\/100\n|-damage|p2b: amoonguss bus|75\/100\n|move|p2a: Hirofumi|Rock Slide|p1b: Chi-Yu|[spread] p1a\n|-activate|p1b: Chi-Yu|move: Protect\n|-damage|p1a: Sinistcha|67\/100\n|\n|upkeep\n|turn|5\n|\n|t:|1700917039\n|switch|p1b: Iron Hands|Iron Hands, L50, shiny|98\/100 slp\n|move|p2b: amoonguss bus|Pollen Puff|p2a: Hirofumi\n|-heal|p2a: Hirofumi|99\/100\n|move|p1a: Sinistcha|Matcha Gotcha|p2b: amoonguss bus|[spread] p2a,p2b\n|-resisted|p2b: amoonguss bus\n|-damage|p2a: Hirofumi|72\/100\n|-heal|p1a: Sinistcha|81\/100|[from] drain|[of] p2a: Hirofumi\n|-damage|p2b: amoonguss bus|69\/100\n|-heal|p1a: Sinistcha|85\/100|[from] drain|[of] p2b: amoonguss bus\n|move|p2a: Hirofumi|Rock Slide|p1b: Iron Hands|[spread] p1a,p1b\n|-resisted|p1b: Iron Hands\n|-damage|p1a: Sinistcha|53\/100\n|-damage|p1b: Iron Hands|84\/100 slp\n|\n|-fieldend|move: Trick Room\n|upkeep\n|turn|6\n|inactive|Fadecampo has 30 seconds left.\n|\n|t:|1700917067\n|move|p2a: Hirofumi|Rock Slide|p1a: Sinistcha|[spread] p1a,p1b\n|-resisted|p1b: Iron Hands\n|-damage|p1a: Sinistcha|21\/100\n|-damage|p1b: Iron Hands|70\/100 slp\n|-enditem|p1a: Sinistcha|Sitrus Berry|[eat]\n|-heal|p1a: Sinistcha|46\/100|[from] item: Sitrus Berry\n|move|p1a: Sinistcha|Matcha Gotcha|p2b: amoonguss bus|[spread] p2a,p2b\n|-resisted|p2b: amoonguss bus\n|-crit|p2b: amoonguss bus\n|-damage|p2a: Hirofumi|44\/100\n|-heal|p1a: Sinistcha|60\/100|[from] drain|[of] p2a: Hirofumi\n|-damage|p2b: amoonguss bus|61\/100\n|-heal|p1a: Sinistcha|65\/100|[from] drain|[of] p2b: amoonguss bus\n|cant|p1b: Iron Hands|slp\n|move|p2b: amoonguss bus|Spore|p1a: Sinistcha\n|-status|p1a: Sinistcha|slp|[from] move: Spore\n|\n|upkeep\n|turn|7\n|inactive|faiRyVGC has 30 seconds left.\n|\n|t:|1700917094\n|switch|p2a: Zeen|Urshifu-Rapid-Strike, L50, M|100\/100\n|switch|p2b: Snow|Tornadus, L50, M|100\/100\n|cant|p1a: Sinistcha|slp\n|cant|p1b: Iron Hands|slp\n|\n|upkeep\n|turn|8\n|\n|t:|1700917108\n|-terastallize|p2a: Zeen|Water\n|move|p2b: Snow|Rain Dance|p2b: Snow\n|-weather|RainDance\n|move|p2a: Zeen|Surging Strikes|p1b: Iron Hands\n|-crit|p1b: Iron Hands\n|-damage|p1b: Iron Hands|34\/100 slp\n|-crit|p1b: Iron Hands\n|-damage|p1b: Iron Hands|0 fnt\n|faint|p1b: Iron Hands\n|-end|p1b: Iron Hands|Quark Drive|[silent]\n|-hitcount|p1: Iron Hands|2\n|cant|p1a: Sinistcha|slp\n|\n|-weather|RainDance|[upkeep]\n|upkeep\n|\n|t:|1700917123\n|switch|p1b: Chi-Yu|Chi-Yu, L50|100\/100\n|-ability|p1b: Chi-Yu|Beads of Ruin\n|turn|9\n|\n|t:|1700917143\n|move|p1b: Chi-Yu|Protect|p1b: Chi-Yu\n|-singleturn|p1b: Chi-Yu|Protect\n|move|p2b: Snow|Tailwind|p2b: Snow\n|-sidestart|p2: Fadecampo|move: Tailwind\n|move|p2a: Zeen|Surging Strikes|p1b: Chi-Yu\n|-supereffective|p1b: Chi-Yu\n|-crit|p1b: Chi-Yu\n|-enditem|p1b: Chi-Yu|Focus Sash\n|-damage|p1b: Chi-Yu|1\/100\n|-supereffective|p1b: Chi-Yu\n|-crit|p1b: Chi-Yu\n|-damage|p1b: Chi-Yu|0 fnt\n|faint|p1b: Chi-Yu\n|-hitcount|p1: Chi-Yu|2\n|-curestatus|p1a: Sinistcha|slp|[msg]\n|move|p1a: Sinistcha|Matcha Gotcha|p2b: Snow|[spread] p2a,p2b\n|-supereffective|p2a: Zeen\n|-resisted|p2b: Snow\n|-damage|p2a: Zeen|21\/100\n|-heal|p1a: Sinistcha|100\/100|[from] drain|[of] p2a: Zeen\n|-damage|p2b: Snow|86\/100\n|-status|p2b: Snow|brn\n|\n|-weather|RainDance|[upkeep]\n|-damage|p2b: Snow|80\/100 brn|[from] brn\n|upkeep\n|\n|t:|1700917150\n|switch|p1b: Mamoswine|Mamoswine, L50, F, shiny|100\/100\n|turn|10\n|inactive|Fadecampo has 30 seconds left.\n|\n|t:|1700917178\n|move|p1a: Sinistcha|Rage Powder|p1a: Sinistcha\n|-singleturn|p1a: Sinistcha|move: Rage Powder\n|move|p2b: Snow|Bleakwind Storm|p1b: Mamoswine|[spread] p1a,p1b\n|-damage|p1a: Sinistcha|64\/100\n|-damage|p1b: Mamoswine|62\/100\n|move|p2a: Zeen|Surging Strikes|p1a: Sinistcha\n|-resisted|p1a: Sinistcha\n|-crit|p1a: Sinistcha\n|-damage|p1a: Sinistcha|41\/100\n|-resisted|p1a: Sinistcha\n|-crit|p1a: Sinistcha\n|-damage|p1a: Sinistcha|20\/100\n|-resisted|p1a: Sinistcha\n|-crit|p1a: Sinistcha\n|-damage|p1a: Sinistcha|0 fnt\n|faint|p1a: Sinistcha\n|-hitcount|p1: Sinistcha|3\n|move|p1b: Mamoswine|Icicle Crash|p2b: Snow\n|-supereffective|p2b: Snow\n|-damage|p2b: Snow|0 fnt\n|faint|p2b: Snow\n|-damage|p1b: Mamoswine|53\/100|[from] item: Life Orb\n|\n|-weather|RainDance|[upkeep]\n|upkeep\n|\n|t:|1700917191\n|switch|p2b: Hirofumi|Arcanine-Hisui, L50, M, shiny|44\/100\n|-ability|p2b: Hirofumi|Intimidate|boost\n|-fail|p1b: Mamoswine|unboost|Attack|[from] ability: Oblivious|[of] p1b: Mamoswine\n|turn|11\n|\n|t:|1700917210\n|move|p2b: Hirofumi|Extreme Speed|p1b: Mamoswine\n|-damage|p1b: Mamoswine|9\/100\n|move|p2a: Zeen|Surging Strikes|p1b: Mamoswine\n|-supereffective|p1b: Mamoswine\n|-crit|p1b: Mamoswine\n|-damage|p1b: Mamoswine|0 fnt\n|faint|p1b: Mamoswine\n|-hitcount|p1: Mamoswine|1\n|\n|win|Fadecampo\n|c|&|\/uhtml prompt-fairyvgc,faiRyVGC is ready for game 2!\n","uploadtime":1700917217,"views":1,"p1id":"fairyvgc","p2id":"fadecampo","formatid":"gen9vgc2023regulatione","rating":0,"private":0,"password":""}