{"id":"gen9vgc2023regulatione-1998317464","p1":"Nemmy23","p2":"NDUTS Shrimp","format":"[Gen 9] VGC 2023 Regulation E","log":"|j|\u2606Nemmy23\n|j|\u2606NDUTS Shrimp\n|t:|1700928716\n|gametype|doubles\n|player|p1|Nemmy23|nate|1106\n|player|p2|NDUTS Shrimp|ltsurge|1047\n|teamsize|p1|6\n|teamsize|p2|6\n|gen|9\n|tier|[Gen 9] VGC 2023 Regulation E\n|rated|\n|rule|Species Clause: Limit one of each Pok\u00e9mon\n|rule|Item Clause: Limit one of each item\n|clearpoke\n|poke|p1|Ogerpon-Wellspring, L50, F|\n|poke|p1|Kingambit, L50, F|\n|poke|p1|Hatterene, L50, F|\n|poke|p1|Milotic, L50, M|\n|poke|p1|Chien-Pao, L50|\n|poke|p1|Cinderace, L50, M|\n|poke|p2|Tornadus, L50, M|\n|poke|p2|Mamoswine, L50, F|\n|poke|p2|Heatran, L50, M|\n|poke|p2|Amoonguss, L50, F|\n|poke|p2|Hydreigon, L50, M|\n|poke|p2|Conkeldurr, L50, F|\n|teampreview|4\n|inactive|Battle timer is ON: inactive players will automatically lose when time's up. (requested by Nemmy23)\n|inactive|NDUTS Shrimp has 60 seconds left.\n|\n|t:|1700928756\n|start\n|switch|p1a: Milotic|Milotic, L50, M|100\/100\n|switch|p1b: Cinderace|Cinderace, L50, M|100\/100\n|switch|p2a: Conkeldurr|Conkeldurr, L50, F|100\/100\n|switch|p2b: Heatran|Heatran, L50, M|100\/100\n|turn|1\n|inactive|Nemmy23 has 30 seconds left.\n|\n|t:|1700928782\n|move|p1b: Cinderace|U-turn|p2b: Heatran\n|-start|p1b: Cinderace|typechange|Bug|[from] ability: Libero\n|-resisted|p2b: Heatran\n|-damage|p2b: Heatran|92\/100\n|\n|t:|1700928785\n|switch|p1b: Hatterene|Hatterene, L50, F|100\/100|[from] U-turn\n|move|p2b: Heatran|Substitute|p2b: Heatran\n|-start|p2b: Heatran|Substitute\n|-damage|p2b: Heatran|67\/100\n|move|p1a: Milotic|Icy Wind|p2b: Heatran|[spread] p2a,p2b\n|-resisted|p2b: Heatran\n|-activate|p2b: Heatran|move: Substitute|[damage]\n|-damage|p2a: Conkeldurr|93\/100\n|-unboost|p2a: Conkeldurr|spe|1\n|move|p2a: Conkeldurr|Drain Punch|p1b: Hatterene\n|-resisted|p1b: Hatterene\n|-damage|p1b: Hatterene|88\/100\n|-heal|p2a: Conkeldurr|98\/100|[from] drain|[of] p1b: Hatterene\n|\n|-heal|p2b: Heatran|74\/100|[from] item: Leftovers\n|-heal|p1b: Hatterene|94\/100|[from] item: Leftovers\n|-status|p1a: Milotic|brn|[from] item: Flame Orb\n|upkeep\n|turn|2\n|\n|t:|1700928800\n|switch|p2a: Amoonguss|Amoonguss, L50, F|100\/100\n|move|p2b: Heatran|Heat Wave|p1b: Hatterene|[spread] p1a,p1b\n|-resisted|p1a: Milotic\n|-damage|p1a: Milotic|89\/100 brn\n|-damage|p1b: Hatterene|61\/100\n|move|p1a: Milotic|Surf|p2b: Heatran|[spread] p1b,p2a,p2b\n|-supereffective|p2b: Heatran\n|-end|p2b: Heatran|Substitute\n|-resisted|p2a: Amoonguss\n|-damage|p1b: Hatterene|32\/100\n|-damage|p2a: Amoonguss|87\/100\n|move|p1b: Hatterene|Life Dew|p1b: Hatterene|[spread] p1a,p1b\n|-heal|p1a: Milotic|100\/100 brn\n|-heal|p1b: Hatterene|57\/100\n|\n|-heal|p2b: Heatran|80\/100|[from] item: Leftovers\n|-heal|p1b: Hatterene|63\/100|[from] item: Leftovers\n|-damage|p1a: Milotic|95\/100 brn|[from] brn\n|upkeep\n|turn|3\n|\n|t:|1700928825\n|move|p2b: Heatran|Substitute|p2b: Heatran\n|-start|p2b: Heatran|Substitute\n|-damage|p2b: Heatran|55\/100\n|move|p1a: Milotic|Icy Wind|p2a: Amoonguss|[spread] p2a\n|-miss|p1a: Milotic|p2b: Heatran\n|-supereffective|p2a: Amoonguss\n|-damage|p2a: Amoonguss|66\/100\n|-unboost|p2a: Amoonguss|spe|1\n|move|p1b: Hatterene|Nuzzle|p2b: Heatran\n|-activate|p2b: Heatran|move: Substitute|[damage]\n|move|p2a: Amoonguss|Pollen Puff|p2b: Heatran\n|-heal|p2b: Heatran|100\/100\n|\n|-heal|p1b: Hatterene|69\/100|[from] item: Leftovers\n|-damage|p1a: Milotic|89\/100 brn|[from] brn\n|upkeep\n|turn|4\n|inactive|NDUTS Shrimp has 30 seconds left.\n|\n|t:|1700928852\n|move|p2b: Heatran|Protect|p2b: Heatran\n|-singleturn|p2b: Heatran|Protect\n|move|p1a: Milotic|Surf|p2b: Heatran|[spread] p1b,p2a\n|-activate|p2b: Heatran|move: Protect\n|-resisted|p2a: Amoonguss\n|-damage|p1b: Hatterene|40\/100\n|-damage|p2a: Amoonguss|53\/100\n|move|p1b: Hatterene|Nuzzle|p2b: Heatran\n|-activate|p2b: Heatran|move: Protect\n|move|p2a: Amoonguss|Leaf Storm|p1b: Hatterene\n|-damage|p1b: Hatterene|0 fnt\n|-unboost|p2a: Amoonguss|spa|2\n|faint|p1b: Hatterene\n|\n|-damage|p1a: Milotic|83\/100 brn|[from] brn\n|upkeep\n|\n|t:|1700928864\n|switch|p1b: Chien-Pao|Chien-Pao, L50|100\/100\n|-ability|p1b: Chien-Pao|Sword of Ruin\n|turn|5\n|\n|t:|1700928876\n|switch|p2a: Conkeldurr|Conkeldurr, L50, F|98\/100\n|move|p1b: Chien-Pao|Sacred Sword|p2b: Heatran\n|-supereffective|p2b: Heatran\n|-end|p2b: Heatran|Substitute\n|move|p2b: Heatran|Heat Wave|p1b: Chien-Pao|[spread] p1a,p1b\n|-resisted|p1a: Milotic\n|-crit|p1a: Milotic\n|-supereffective|p1b: Chien-Pao\n|-damage|p1a: Milotic|68\/100 brn\n|-damage|p1b: Chien-Pao|6\/100\n|move|p1a: Milotic|Icy Wind|p2a: Conkeldurr|[spread] p2a,p2b\n|-resisted|p2b: Heatran\n|-damage|p2a: Conkeldurr|89\/100\n|-damage|p2b: Heatran|98\/100\n|-unboost|p2a: Conkeldurr|spe|1\n|-unboost|p2b: Heatran|spe|1\n|\n|-heal|p2b: Heatran|100\/100|[from] item: Leftovers\n|-damage|p1a: Milotic|62\/100 brn|[from] brn\n|upkeep\n|turn|6\n|inactive|NDUTS Shrimp has 30 seconds left.\n|\n|t:|1700928903\n|switch|p2b: Amoonguss|Amoonguss, L50, F|86\/100\n|move|p2a: Conkeldurr|Mach Punch|p1b: Chien-Pao\n|-supereffective|p1b: Chien-Pao\n|-damage|p1b: Chien-Pao|0 fnt\n|faint|p1b: Chien-Pao\n|move|p1a: Milotic|Recover|p1a: Milotic\n|-heal|p1a: Milotic|100\/100 brn\n|\n|-damage|p1a: Milotic|95\/100 brn|[from] brn\n|upkeep\n|\n|t:|1700928907\n|switch|p1b: Cinderace|Cinderace, L50, M|100\/100\n|turn|7\n|\n|t:|1700928924\n|switch|p2b: Heatran|Heatran, L50, M|100\/100\n|move|p1b: Cinderace|Pyro Ball|p2b: Heatran\n|-start|p2b: Heatran|ability: Flash Fire\n|move|p1a: Milotic|Icy Wind|p2b: Heatran|[spread] p2a,p2b\n|-resisted|p2b: Heatran\n|-damage|p2a: Conkeldurr|82\/100\n|-damage|p2b: Heatran|98\/100\n|-unboost|p2a: Conkeldurr|spe|1\n|-unboost|p2b: Heatran|spe|1\n|move|p2a: Conkeldurr|Drain Punch|p1b: Cinderace\n|-damage|p1b: Cinderace|34\/100\n|-heal|p2a: Conkeldurr|100\/100|[from] drain|[of] p1b: Cinderace\n|-enditem|p1b: Cinderace|Sitrus Berry|[eat]\n|-heal|p1b: Cinderace|59\/100|[from] item: Sitrus Berry\n|\n|-heal|p2b: Heatran|100\/100|[from] item: Leftovers\n|-damage|p1a: Milotic|89\/100 brn|[from] brn\n|upkeep\n|turn|8\n|-message|Nemmy23 forfeited.\n|\n|win|NDUTS Shrimp\n|raw|Nemmy23's rating: 1106 &rarr; <strong>1077<\/strong><br \/>(-29 for losing)\n|raw|NDUTS Shrimp's rating: 1047 &rarr; <strong>1085<\/strong><br \/>(+38 for winning)\n|l|\u2606Nemmy23\n","uploadtime":1700928942,"views":3,"p1id":"nemmy23","p2id":"ndutsshrimp","formatid":"gen9vgc2023regulatione","rating":1077,"private":0,"password":""}