{"id":"gen9vgc2023regulatione-1997934017","p1":"Iciclebutagainn","p2":"gehaktbal-nl","format":"[Gen 9] VGC 2023 Regulation E","log":"|j|\u2606Iciclebutagainn\n|j|\u2606gehaktbal-nl\n|t:|1700869201\n|gametype|doubles\n|player|p1|Iciclebutagainn|clown|1065\n|player|p2|gehaktbal-nl|170|1001\n|teamsize|p1|6\n|teamsize|p2|6\n|gen|9\n|tier|[Gen 9] VGC 2023 Regulation E\n|rated|\n|rule|Species Clause: Limit one of each Pok\u00e9mon\n|rule|Item Clause: Limit one of each item\n|clearpoke\n|poke|p1|Iron Hands, L50|\n|poke|p1|Arcanine-Hisui, L50, M|\n|poke|p1|Urshifu-*, L50, M|\n|poke|p1|Tornadus, L50, M|\n|poke|p1|Gholdengo, L50|\n|poke|p1|Rillaboom, L50, M|\n|poke|p2|Vivillon, L50, M|\n|poke|p2|Ogerpon, L50, F|\n|poke|p2|Sneasler, L50, F|\n|poke|p2|Rillaboom, L50, F|\n|poke|p2|Sandaconda, L50, M|\n|poke|p2|Dragapult, L50, M|\n|teampreview|4\n|inactive|Battle timer is ON: inactive players will automatically lose when time's up. (requested by gehaktbal-nl)\nIciclebutagainn has agreed to open team sheets.\n|\n|t:|1700869232\n|start\n|switch|p1a: Tornadus|Tornadus, L50, M|100\/100\n|switch|p1b: Urshifu|Urshifu-Rapid-Strike, L50, M|100\/100\n|switch|p2a: Esmae-Luxury|Sneasler, L50, F, shiny|100\/100\n|switch|p2b: Zo\u00eb-Love|Vivillon, L50, M, shiny|100\/100\n|turn|1\n|inactive|Iciclebutagainn has 30 seconds left.\n|\n|t:|1700869261\n|move|p2a: Esmae-Luxury|Fake Out|p1a: Tornadus\n|-enditem|p2a: Esmae-Luxury|Normal Gem|[from] gem\n|-damage|p1a: Tornadus|78\/100\n|move|p2b: Zo\u00eb-Love|Sleep Powder|p1b: Urshifu\n|-status|p1b: Urshifu|slp|[from] move: Sleep Powder\n|cant|p1b: Urshifu|slp\n|cant|p1a: Tornadus|flinch\n|\n|upkeep\n|turn|2\n|\n|t:|1700869273\n|move|p2a: Esmae-Luxury|Swords Dance|p2a: Esmae-Luxury\n|-boost|p2a: Esmae-Luxury|atk|2\n|move|p2b: Zo\u00eb-Love|Sleep Powder|p1a: Tornadus\n|-status|p1a: Tornadus|slp|[from] move: Sleep Powder\n|-curestatus|p1b: Urshifu|slp|[msg]\n|move|p1b: Urshifu|Surging Strikes|p2a: Esmae-Luxury\n|-crit|p2a: Esmae-Luxury\n|-damage|p2a: Esmae-Luxury|68\/100\n|-crit|p2a: Esmae-Luxury\n|-damage|p2a: Esmae-Luxury|29\/100\n|-crit|p2a: Esmae-Luxury\n|-damage|p2a: Esmae-Luxury|0 fnt\n|faint|p2a: Esmae-Luxury\n|-hitcount|p2: Esmae-Luxury|3\n|cant|p1a: Tornadus|slp\n|\n|upkeep\n|\n|t:|1700869283\n|switch|p2a: Jim-Nest|Rillaboom, L50, F, shiny|100\/100\n|-fieldstart|move: Grassy Terrain|[from] ability: Grassy Surge|[of] p2a: Jim-Nest\n|turn|3\n|\n|t:|1700869292\n|switch|p1b: Gholdengo|Gholdengo, L50|100\/100\n|move|p2b: Zo\u00eb-Love|Sleep Powder|p1b: Gholdengo\n|-immune|p1b: Gholdengo|[from] ability: Good as Gold\n|-curestatus|p1a: Tornadus|slp|[msg]\n|move|p1a: Tornadus|Bleakwind Storm|p2b: Zo\u00eb-Love|[spread] p2a,p2b\n|-supereffective|p2a: Jim-Nest\n|-supereffective|p2b: Zo\u00eb-Love\n|-damage|p2a: Jim-Nest|22\/100\n|-damage|p2b: Zo\u00eb-Love|0 fnt\n|faint|p2b: Zo\u00eb-Love\n|move|p2a: Jim-Nest|Swords Dance|p2a: Jim-Nest\n|-boost|p2a: Jim-Nest|atk|2\n|\n|-heal|p2a: Jim-Nest|28\/100|[from] Grassy Terrain\n|upkeep\n|\n|t:|1700869297\n|switch|p2b: Luna-Friend|Ogerpon, L50, F|100\/100\n|turn|4\n|\n|t:|1700869313\n|-terastallize|p2b: Luna-Friend|Grass\n|detailschange|p2b: Luna-Friend|Ogerpon-Teal-Tera, L50, F, tera:Grass\n|-ability|p2b: Luna-Friend|Embody Aspect (Teal)|boost\n|-boost|p2b: Luna-Friend|spe|1\n|move|p2a: Jim-Nest|Grassy Glide|p1b: Gholdengo\n|-resisted|p1b: Gholdengo\n|-damage|p1b: Gholdengo|59\/100\n|move|p2b: Luna-Friend|Ivy Cudgel|p1a: Tornadus\n|-resisted|p1a: Tornadus\n|-crit|p1a: Tornadus\n|-damage|p1a: Tornadus|0 fnt\n|faint|p1a: Tornadus\n|move|p1b: Gholdengo|Make It Rain|p2a: Jim-Nest|[spread] p2a,p2b\n|-damage|p2a: Jim-Nest|0 fnt\n|-damage|p2b: Luna-Friend|46\/100\n|-unboost|p1b: Gholdengo|spa|1\n|faint|p2a: Jim-Nest\n|\n|-heal|p2b: Luna-Friend|51\/100|[from] Grassy Terrain\n|-heal|p1b: Gholdengo|66\/100|[from] Grassy Terrain\n|-heal|p1b: Gholdengo|72\/100|[from] item: Leftovers\n|upkeep\n|\n|t:|1700869336\n|switch|p1a: Rillaboom|Rillaboom, L50, M|100\/100\n|turn|5\n|\n|t:|1700869343\n|move|p1a: Rillaboom|Fake Out|p2b: Luna-Friend\n|-damage|p2b: Luna-Friend|34\/100\n|cant|p2b: Luna-Friend|flinch\n|move|p1b: Gholdengo|Nasty Plot|p1b: Gholdengo\n|-boost|p1b: Gholdengo|spa|2\n|\n|-heal|p2b: Luna-Friend|40\/100|[from] Grassy Terrain\n|-heal|p1b: Gholdengo|78\/100|[from] Grassy Terrain\n|-heal|p1b: Gholdengo|84\/100|[from] item: Leftovers\n|upkeep\n|turn|6\n|\n|t:|1700869362\n|move|p1b: Gholdengo|Protect|p1b: Gholdengo\n|-singleturn|p1b: Gholdengo|Protect\n|move|p2b: Luna-Friend|Ivy Cudgel|p1a: Rillaboom\n|-resisted|p1a: Rillaboom\n|-damage|p1a: Rillaboom|45\/100\n|move|p1a: Rillaboom|U-turn|p2b: Luna-Friend\n|-supereffective|p2b: Luna-Friend\n|-damage|p2b: Luna-Friend|0 fnt\n|faint|p2b: Luna-Friend\n|\n|win|Iciclebutagainn\n|raw|Iciclebutagainn's rating: 1065 &rarr; <strong>1090<\/strong><br \/>(+25 for winning)\n|raw|gehaktbal-nl's rating: 1001 &rarr; <strong>1000<\/strong><br \/>(-1 for losing)\n","uploadtime":1700869373,"views":17,"p1id":"iciclebutagainn","p2id":"gehaktbalnl","formatid":"gen9vgc2023regulatione","rating":1000,"private":0,"password":""}