{"id":"gen9vgc2023regulatione-1990313517","p1":"FreeJ1nG","p2":"not rilla","format":"[Gen 9] VGC 2023 Regulation E","log":"|j|\u2606FreeJ1nG\n|j|\u2606not rilla\n|t:|1699955232\n|gametype|doubles\n|player|p1|FreeJ1nG|volkner|1218\n|player|p2|not rilla|blue|1201\n|teamsize|p1|6\n|teamsize|p2|6\n|gen|9\n|tier|[Gen 9] VGC 2023 Regulation E\n|rated|\n|rule|Species Clause: Limit one of each Pok\u00e9mon\n|rule|Item Clause: Limit one of each item\n|clearpoke\n|poke|p1|Urshifu-*, L50, F|\n|poke|p1|Farigiraf, L50, M|\n|poke|p1|Clefairy, L50, F|\n|poke|p1|Ogerpon-Hearthflame, L50, F|\n|poke|p1|Ursaluna-Bloodmoon, L50, M|\n|poke|p1|Okidogi, L50, M|\n|poke|p2|Tornadus, L50, M|\n|poke|p2|Urshifu-*, L50, F|\n|poke|p2|Zapdos, L50|\n|poke|p2|Sinistcha, L50|\n|poke|p2|Iron Hands, L50|\n|poke|p2|Gholdengo, L50|\n|teampreview|4\n|inactive|Battle timer is ON: inactive players will automatically lose when time's up. (requested by FreeJ1nG)\n|\n|t:|1699955278\n|start\n|switch|p1a: Ogerpon|Ogerpon-Hearthflame, L50, F|100\/100\n|switch|p1b: Clefairy|Clefairy, L50, F|100\/100\n|switch|p2a: Sinistcha|Sinistcha, L50|100\/100\n|switch|p2b: Urshifu|Urshifu-Rapid-Strike, L50, F|100\/100\n|-ability|p1a: Ogerpon|Mold Breaker\n|turn|1\n|inactive|FreeJ1nG has 30 seconds left.\n|inactive|FreeJ1nG has 20 seconds left.\n|inactive|FreeJ1nG has 15 seconds left.\n|\n|t:|1699955322\n|-terastallize|p2a: Sinistcha|Dragon\n|move|p1b: Clefairy|Follow Me|p1b: Clefairy\n|-singleturn|p1b: Clefairy|move: Follow Me\n|move|p2b: Urshifu|Surging Strikes|p1b: Clefairy\n|-crit|p1b: Clefairy\n|-damage|p1b: Clefairy|85\/100\n|-crit|p1b: Clefairy\n|-damage|p1b: Clefairy|68\/100\n|-crit|p1b: Clefairy\n|-damage|p1b: Clefairy|50\/100\n|-hitcount|p1b: Clefairy|3\n|move|p1a: Ogerpon|Swords Dance|p1a: Ogerpon\n|-boost|p1a: Ogerpon|atk|2\n|move|p2a: Sinistcha|Strength Sap|p1b: Clefairy\n|-unboost|p1b: Clefairy|atk|1\n|\n|upkeep\n|turn|2\n|inactive|FreeJ1nG has 30 seconds left.\n|inactive|FreeJ1nG has 20 seconds left.\n|inactive|FreeJ1nG has 15 seconds left.\n|inactive|FreeJ1nG has 10 seconds left.\n|\n|t:|1699955369\n|-terastallize|p1a: Ogerpon|Fire\n|detailschange|p1a: Ogerpon|Ogerpon-Hearthflame-Tera, L50, F, tera:Fire\n|-ability|p1a: Ogerpon|Embody Aspect (Hearthflame)|boost\n|-boost|p1a: Ogerpon|atk|1\n|move|p2a: Sinistcha|Rage Powder|p2a: Sinistcha\n|-singleturn|p2a: Sinistcha|move: Rage Powder\n|move|p1b: Clefairy|Follow Me|p1b: Clefairy\n|-singleturn|p1b: Clefairy|move: Follow Me\n|move|p2b: Urshifu|Surging Strikes|p1b: Clefairy\n|-crit|p1b: Clefairy\n|-damage|p1b: Clefairy|33\/100\n|-crit|p1b: Clefairy\n|-damage|p1b: Clefairy|16\/100\n|-crit|p1b: Clefairy\n|-damage|p1b: Clefairy|0 fnt\n|faint|p1b: Clefairy\n|-hitcount|p1: Clefairy|3\n|move|p1a: Ogerpon|Ivy Cudgel|p2a: Sinistcha|[anim] Ivy Cudgel Fire\n|-resisted|p2a: Sinistcha\n|-damage|p2a: Sinistcha|21\/100\n|\n|upkeep\n|\n|t:|1699955386\n|switch|p1b: Farigiraf|Farigiraf, L50, M|100\/100\n|turn|3\n|\n|t:|1699955400\n|move|p1a: Ogerpon|Spiky Shield|p1a: Ogerpon\n|-singleturn|p1a: Ogerpon|move: Protect\n|move|p2a: Sinistcha|Rage Powder|p2a: Sinistcha\n|-singleturn|p2a: Sinistcha|move: Rage Powder\n|move|p2b: Urshifu|Surging Strikes|p1a: Ogerpon\n|-supereffective|p1a: Ogerpon\n|-crit|p1a: Ogerpon\n|-damage|p1a: Ogerpon|50\/100\n|-supereffective|p1a: Ogerpon\n|-crit|p1a: Ogerpon\n|-damage|p1a: Ogerpon|0 fnt\n|faint|p1a: Ogerpon\n|-hitcount|p1: Ogerpon|2\n|move|p1b: Farigiraf|Psychic|p2a: Sinistcha\n|-damage|p2a: Sinistcha|0 fnt\n|faint|p2a: Sinistcha\n|\n|upkeep\n|\n|t:|1699955419\n|switch|p1a: Ursaluna|Ursaluna-Bloodmoon, L50, M|100\/100\n|switch|p2a: Tornadus|Tornadus, L50, M|100\/100\n|turn|4\n|\n|t:|1699955441\n|move|p2a: Tornadus|Rain Dance|p2a: Tornadus\n|-weather|RainDance\n|move|p2b: Urshifu|Surging Strikes|p1a: Ursaluna\n|-supereffective|p1a: Ursaluna\n|-crit|p1a: Ursaluna\n|-damage|p1a: Ursaluna|54\/100\n|-supereffective|p1a: Ursaluna\n|-crit|p1a: Ursaluna\n|-damage|p1a: Ursaluna|12\/100\n|-supereffective|p1a: Ursaluna\n|-crit|p1a: Ursaluna\n|-damage|p1a: Ursaluna|0 fnt\n|faint|p1a: Ursaluna\n|-hitcount|p1: Ursaluna|3\n|move|p1b: Farigiraf|Psychic|p2b: Urshifu\n|-supereffective|p2b: Urshifu\n|-damage|p2b: Urshifu|0 fnt\n|faint|p2b: Urshifu\n|\n|-weather|RainDance|[upkeep]\n|upkeep\n|\n|t:|1699955449\n|switch|p2b: Iron Hands|Iron Hands, L50|100\/100\n|turn|5\n|\n|t:|1699955463\n|move|p2a: Tornadus|Bleakwind Storm|p1b: Farigiraf\n|-damage|p1b: Farigiraf|62\/100\n|-unboost|p1b: Farigiraf|spe|1\n|move|p2b: Iron Hands|Wild Charge|p1b: Farigiraf\n|-damage|p1b: Farigiraf|15\/100\n|-enditem|p1b: Farigiraf|Sitrus Berry|[eat]\n|-heal|p1b: Farigiraf|40\/100|[from] item: Sitrus Berry\n|-damage|p2b: Iron Hands|90\/100|[from] Recoil\n|move|p1b: Farigiraf|Psychic|p2b: Iron Hands\n|-supereffective|p2b: Iron Hands\n|-damage|p2b: Iron Hands|42\/100\n|-unboost|p2b: Iron Hands|spd|1\n|\n|-weather|RainDance|[upkeep]\n|upkeep\n|turn|6\n|\n|t:|1699955478\n|move|p2a: Tornadus|Bleakwind Storm|p1b: Farigiraf\n|-damage|p1b: Farigiraf|3\/100\n|-unboost|p1b: Farigiraf|spe|1\n|move|p2b: Iron Hands|Drain Punch|p1b: Farigiraf\n|-damage|p1b: Farigiraf|0 fnt\n|-heal|p2b: Iron Hands|43\/100|[from] drain|[of] p1b: Farigiraf\n|faint|p1b: Farigiraf\n|\n|win|not rilla\n|raw|FreeJ1nG's rating: 1218 &rarr; <strong>1192<\/strong><br \/>(-26 for losing)\n|raw|not rilla's rating: 1201 &rarr; <strong>1227<\/strong><br \/>(+26 for winning)\n","uploadtime":1699955488,"views":9,"p1id":"freej1ng","p2id":"notrilla","formatid":"gen9vgc2023regulatione","rating":1192,"private":0,"password":""}