{"id":"gen9vgc2023regulatione-1994221583","p1":"Dummy Sauce","p2":"yawn+sleep1234","format":"[Gen 9] VGC 2023 Regulation E","log":"|j|\u2606Dummy Sauce\n|j|\u2606yawn+sleep1234\n|t:|1700420461\n|gametype|doubles\n|player|p1|Dummy Sauce|waiter|1333\n|player|p2|yawn+sleep1234|hugh|1393\n|teamsize|p1|6\n|teamsize|p2|6\n|gen|9\n|tier|[Gen 9] VGC 2023 Regulation E\n|rated|\n|rule|Species Clause: Limit one of each Pok\u00e9mon\n|rule|Item Clause: Limit one of each item\n|clearpoke\n|poke|p1|Kingambit, L50, M|\n|poke|p1|Rillaboom, L50, M|\n|poke|p1|Ogerpon-Hearthflame, L50, F|\n|poke|p1|Landorus-Therian, L50, M|\n|poke|p1|Tornadus, L50, M|\n|poke|p1|Chien-Pao, L50|\n|poke|p2|Rillaboom, L50, M|\n|poke|p2|Arcanine-Hisui, L50, F|\n|poke|p2|Sneasler, L50, F|\n|poke|p2|Landorus, L50, M|\n|poke|p2|Clefairy, L50, F|\n|poke|p2|Chi-Yu, L50|\n|teampreview|4\n|inactive|Battle timer is ON: inactive players will automatically lose when time's up. (requested by yawn+sleep1234)\n|inactive|Dummy Sauce also wants the timer to be on.\n|inactive|yawn+sleep1234 has 60 seconds left.\n|\n|t:|1700420495\n|start\n|switch|p1a: Baby Jaguar|Landorus-Therian, L50, M|100\/100\n|switch|p1b: Doctor Stabby|Kingambit, L50, M|100\/100\n|switch|p2a: Clefairy|Clefairy, L50, F|100\/100\n|switch|p2b: Landorus|Landorus, L50, M|100\/100\n|-ability|p1a: Baby Jaguar|Intimidate|boost\n|-unboost|p2a: Clefairy|atk|1\n|-unboost|p2b: Landorus|atk|1\n|turn|1\n|\n|t:|1700420521\n|move|p2b: Landorus|Protect|p2b: Landorus\n|-singleturn|p2b: Landorus|Protect\n|move|p1b: Doctor Stabby|Protect|p1b: Doctor Stabby\n|-singleturn|p1b: Doctor Stabby|Protect\n|move|p1a: Baby Jaguar|Rock Slide|p2a: Clefairy|[spread] p2a\n|-activate|p2b: Landorus|move: Protect\n|-damage|p2a: Clefairy|83\/100\n|cant|p2a: Clefairy|flinch\n|\n|upkeep\n|turn|2\n|\n|t:|1700420539\n|switch|p1b: Diego|Tornadus, L50, M|100\/100\n|move|p2a: Clefairy|Follow Me|p2a: Clefairy\n|-singleturn|p2a: Clefairy|move: Follow Me\n|move|p1a: Baby Jaguar|Rock Slide|p2b: Landorus|[spread] p2a\n|-miss|p1a: Baby Jaguar|p2b: Landorus\n|-damage|p2a: Clefairy|65\/100\n|move|p2b: Landorus|Earth Power|p1b: Diego\n|-immune|p1b: Diego\n|\n|upkeep\n|turn|3\n|\n|t:|1700420553\n|move|p2a: Clefairy|Follow Me|p2a: Clefairy\n|-singleturn|p2a: Clefairy|move: Follow Me\n|move|p1b: Diego|Taunt|p2a: Clefairy\n|-start|p2a: Clefairy|move: Taunt\n|move|p1a: Baby Jaguar|Rock Slide|p2a: Clefairy|[spread] p2a,p2b\n|-damage|p2a: Clefairy|50\/100\n|-damage|p2b: Landorus|86\/100\n|move|p2b: Landorus|Sludge Bomb|p1b: Diego\n|-damage|p1b: Diego|41\/100\n|\n|upkeep\n|turn|4\n|\n|t:|1700420568\n|switch|p1b: Doctor Stabby|Kingambit, L50, M|100\/100\n|switch|p2a: Arcanine|Arcanine-Hisui, L50, F, shiny|100\/100\n|-ability|p2a: Arcanine|Intimidate|boost\n|-unboost|p1a: Baby Jaguar|atk|1\n|-unboost|p1b: Doctor Stabby|atk|1\n|-ability|p1b: Doctor Stabby|Defiant|boost\n|-boost|p1b: Doctor Stabby|atk|2\n|move|p2b: Landorus|Protect|p2b: Landorus\n|-singleturn|p2b: Landorus|Protect\n|move|p1a: Baby Jaguar|Rock Slide|p2b: Landorus|[spread] p2a\n|-activate|p2b: Landorus|move: Protect\n|-supereffective|p2a: Arcanine\n|-damage|p2a: Arcanine|77\/100\n|\n|upkeep\n|turn|5\n|inactive|Dummy Sauce has 30 seconds left.\n|inactive|yawn+sleep1234 has 30 seconds left.\n|inactive|yawn+sleep1234 has 20 seconds left.\n|inactive|yawn+sleep1234 has 15 seconds left.\n|\n|t:|1700420609\n|switch|p2a: Clefairy|Clefairy, L50, F|50\/100\n|-terastallize|p1b: Doctor Stabby|Dark\n|move|p1b: Doctor Stabby|Sucker Punch||[still]\n|-fail|p1b: Doctor Stabby\n|move|p1a: Baby Jaguar|Rock Slide|p2b: Landorus|[spread] p2a\n|-miss|p1a: Baby Jaguar|p2b: Landorus\n|-damage|p2a: Clefairy|39\/100\n|move|p2b: Landorus|Psychic|p1a: Baby Jaguar\n|-damage|p1a: Baby Jaguar|33\/100\n|\n|upkeep\n|turn|6\n|\n|t:|1700420624\n|move|p1b: Doctor Stabby|Protect|p1b: Doctor Stabby\n|-singleturn|p1b: Doctor Stabby|Protect\n|move|p2a: Clefairy|Follow Me|p2a: Clefairy\n|-singleturn|p2a: Clefairy|move: Follow Me\n|move|p1a: Baby Jaguar|Rock Slide|p2b: Landorus|[spread] p2a,p2b\n|-damage|p2a: Clefairy|27\/100\n|-damage|p2b: Landorus|76\/100\n|move|p2b: Landorus|Psychic|p1a: Baby Jaguar\n|-damage|p1a: Baby Jaguar|0 fnt\n|faint|p1a: Baby Jaguar\n|\n|upkeep\n|\n|t:|1700420638\n|switch|p1a: Dora|Ogerpon-Hearthflame, L50, F|100\/100\n|-ability|p1a: Dora|Mold Breaker\n|turn|7\n|\n|t:|1700420655\n|move|p2a: Clefairy|Follow Me|p2a: Clefairy\n|-singleturn|p2a: Clefairy|move: Follow Me\n|move|p1a: Dora|Ivy Cudgel|p2a: Clefairy|[anim] Ivy Cudgel Fire\n|-crit|p2a: Clefairy\n|-damage|p2a: Clefairy|0 fnt\n|faint|p2a: Clefairy\n|move|p2b: Landorus|Earth Power|p1b: Doctor Stabby\n|-damage|p1b: Doctor Stabby|27\/100\n|move|p1b: Doctor Stabby|Kowtow Cleave|p2b: Landorus\n|-damage|p2b: Landorus|0 fnt\n|faint|p2b: Landorus\n|\n|-heal|p1b: Doctor Stabby|32\/100|[from] item: Leftovers\n|upkeep\n|\n|t:|1700420661\n|switch|p2b: Sneasler|Sneasler, L50, F, shiny|100\/100\n|switch|p2a: Arcanine|Arcanine-Hisui, L50, F, shiny|77\/100\n|-ability|p2a: Arcanine|Intimidate|boost\n|-unboost|p1a: Dora|atk|1\n|-unboost|p1b: Doctor Stabby|atk|1\n|-ability|p1b: Doctor Stabby|Defiant|boost\n|-boost|p1b: Doctor Stabby|atk|2\n|turn|8\n|\n|t:|1700420675\n|move|p1a: Dora|Spiky Shield|p1a: Dora\n|-singleturn|p1a: Dora|move: Protect\n|move|p1b: Doctor Stabby|Sucker Punch|p2a: Arcanine\n|-damage|p2a: Arcanine|0 fnt\n|faint|p2a: Arcanine\n|move|p2b: Sneasler|Close Combat|p1b: Doctor Stabby\n|-supereffective|p1b: Doctor Stabby\n|-damage|p1b: Doctor Stabby|0 fnt\n|-unboost|p2b: Sneasler|def|1\n|-unboost|p2b: Sneasler|spd|1\n|faint|p1b: Doctor Stabby\n|\n|upkeep\n|\n|t:|1700420680\n|switch|p1b: Diego|Tornadus, L50, M|41\/100\n|turn|9\n|\n|t:|1700420686\n|-terastallize|p2b: Sneasler|Flying\n|move|p1b: Diego|Tailwind|p1b: Diego\n|-sidestart|p1: Dummy Sauce|move: Tailwind\n|move|p1a: Dora|Ivy Cudgel|p2b: Sneasler|[anim] Ivy Cudgel Fire\n|-damage|p2b: Sneasler|15\/100\n|move|p2b: Sneasler|Acrobatics|p1a: Dora\n|-supereffective|p1a: Dora\n|-damage|p1a: Dora|10\/100\n|\n|upkeep\n|turn|10\n|-message|yawn+sleep1234 forfeited.\n|\n|win|Dummy Sauce\n|raw|Dummy Sauce's rating: 1333 &rarr; <strong>1356<\/strong><br \/>(+23 for winning)\n|raw|yawn+sleep1234's rating: 1393 &rarr; <strong>1370<\/strong><br \/>(-23 for losing)\n|l|\u2606yawn+sleep1234\n|j|\u2606yawn+sleep1234\n|player|p2|yawn+sleep1234|hugh\n|l|\u2606Dummy Sauce\n","uploadtime":1700420764,"views":4,"p1id":"dummysauce","p2id":"yawnsleep1234","formatid":"gen9vgc2023regulatione","rating":1356,"private":0,"password":""}