{"id":"gen9vgc2023regulatione-1998744347","p1":"Echo Rose#9471","p2":"Dr.andrax","format":"[Gen 9] VGC 2023 Regulation E","log":"|j|\u2606Echo Rose#9471\n|j|\u2606Dr.andrax\n|t:|1700981943\n|gametype|doubles\n|player|p1|Echo Rose#9471|1|1290\n|player|p2|Dr.andrax|265|1215\n|teamsize|p1|6\n|teamsize|p2|6\n|gen|9\n|tier|[Gen 9] VGC 2023 Regulation E\n|rated|\n|rule|Species Clause: Limit one of each Pok\u00e9mon\n|rule|Item Clause: Limit one of each item\n|clearpoke\n|poke|p1|Flutter Mane, L50|\n|poke|p1|Iron Bundle, L50|\n|poke|p1|Chi-Yu, L50|\n|poke|p1|Tornadus, L50, M|\n|poke|p1|Iron Hands, L50|\n|poke|p1|Amoonguss, L50, F|\n|poke|p2|Cresselia, L50, F|\n|poke|p2|Torkoal, L50, M|\n|poke|p2|Iron Hands, L50|\n|poke|p2|Chien-Pao, L50|\n|poke|p2|Gastrodon, L50, M|\n|poke|p2|Garganacl, L50, F|\n|teampreview|4\n|c|\u2606Echo Rose#9471|glhf\nEcho Rose#9471 has agreed to open team sheets.\n|c|\u2606Dr.andrax|u2\nDr.andrax has agreed to open team sheets.\n|c|\u2606Echo Rose#9471|cool team :3\n|inactive|Battle timer is ON: inactive players will automatically lose when time's up. (requested by Dr.andrax)\n|c|\u2606Dr.andrax|thanks!\n|\n|t:|1700981996\n|start\n|switch|p1a: Tornadus|Tornadus, L50, M|100\/100\n|switch|p1b: Chi-Yu|Chi-Yu, L50|100\/100\n|switch|p2a: Chien-Pao|Chien-Pao, L50|100\/100\n|switch|p2b: Garganacl|Garganacl, L50, F|100\/100\n|-ability|p2a: Chien-Pao|Sword of Ruin\n|-ability|p1b: Chi-Yu|Beads of Ruin\n|turn|1\n|\n|t:|1700982026\n|move|p1b: Chi-Yu|Protect|p1b: Chi-Yu\n|-singleturn|p1b: Chi-Yu|Protect\n|move|p1a: Tornadus|Tailwind|p1a: Tornadus\n|-sidestart|p1: Echo Rose#9471|move: Tailwind\n|move|p2a: Chien-Pao|Crunch|p1b: Chi-Yu\n|-activate|p1b: Chi-Yu|move: Protect\n|move|p2b: Garganacl|Salt Cure|p1a: Tornadus\n|-supereffective|p1a: Tornadus\n|-damage|p1a: Tornadus|64\/100\n|\n|upkeep\n|turn|2\n|\n|t:|1700982043\n|move|p1a: Tornadus|Taunt|p2b: Garganacl\n|-start|p2b: Garganacl|move: Taunt\n|move|p1b: Chi-Yu|Nasty Plot|p1b: Chi-Yu\n|-boost|p1b: Chi-Yu|spa|2\n|move|p2a: Chien-Pao|Sacred Sword|p1b: Chi-Yu\n|-supereffective|p1b: Chi-Yu\n|-damage|p1b: Chi-Yu|4\/100\n|move|p2b: Garganacl|Explosion|p1b: Chi-Yu|[spread] p2a,p1a,p1b\n|-damage|p2a: Chien-Pao|39\/100\n|-damage|p1a: Tornadus|12\/100\n|-damage|p1b: Chi-Yu|0 fnt\n|faint|p2b: Garganacl\n|faint|p1b: Chi-Yu\n|\n|upkeep\n|\n|t:|1700982056\n|switch|p1b: Iron Bundle|Iron Bundle, L50|100\/100\n|switch|p2b: Cresselia|Cresselia, L50, F|100\/100\n|-enditem|p1b: Iron Bundle|Booster Energy\n|-activate|p1b: Iron Bundle|ability: Quark Drive|[fromitem]\n|-start|p1b: Iron Bundle|quarkdrivespe\n|turn|3\n|\n|t:|1700982070\n|move|p1b: Iron Bundle|Hydro Pump|p2b: Cresselia\n|-damage|p2b: Cresselia|70\/100\n|move|p1a: Tornadus|Bleakwind Storm|p2b: Cresselia|[spread] p2a,p2b\n|-damage|p2a: Chien-Pao|0 fnt\n|-damage|p2b: Cresselia|52\/100\n|faint|p2a: Chien-Pao\n|move|p2b: Cresselia|Trick Room|p2b: Cresselia\n|-fieldstart|move: Trick Room|[of] p2b: Cresselia\n|\n|upkeep\n|\n|t:|1700982077\n|switch|p2a: Torkoal|Torkoal, L50, M|100\/100\n|-weather|SunnyDay|[from] ability: Drought|[of] p2a: Torkoal\n|turn|4\n|\n|t:|1700982091\n|-terastallize|p2a: Torkoal|Fire\n|move|p1b: Iron Bundle|Protect|p1b: Iron Bundle\n|-singleturn|p1b: Iron Bundle|Protect\n|move|p1a: Tornadus|Taunt|p2a: Torkoal\n|-start|p2a: Torkoal|move: Taunt\n|move|p2a: Torkoal|Eruption|p1b: Iron Bundle|[spread] p1a\n|-activate|p1b: Iron Bundle|move: Protect\n|-damage|p1a: Tornadus|0 fnt\n|faint|p1a: Tornadus\n|move|p2b: Cresselia|Psychic|p1b: Iron Bundle\n|-activate|p1b: Iron Bundle|move: Protect\n|\n|-weather|SunnyDay|[upkeep]\n|-sideend|p1: Echo Rose#9471|move: Tailwind\n|upkeep\n|\n|t:|1700982100\n|switch|p1a: Iron Hands|Iron Hands, L50|100\/100\n|turn|5\n|\n|t:|1700982112\n|move|p1a: Iron Hands|Fake Out|p2a: Torkoal\n|-damage|p2a: Torkoal|89\/100\n|cant|p2a: Torkoal|flinch\n|move|p2b: Cresselia|Psychic|p1a: Iron Hands\n|-supereffective|p1a: Iron Hands\n|-damage|p1a: Iron Hands|73\/100\n|move|p1b: Iron Bundle|Hydro Pump|p2a: Torkoal\n|-supereffective|p2a: Torkoal\n|-damage|p2a: Torkoal|26\/100\n|\n|-weather|SunnyDay|[upkeep]\n|upkeep\n|turn|6\n|inactive|Echo Rose#9471 has 30 seconds left.\n|inactive|Echo Rose#9471 has 20 seconds left.\n|inactive|Echo Rose#9471 has 15 seconds left.\n|inactive|Echo Rose#9471 has 10 seconds left.\n|\n|t:|1700982161\n|-terastallize|p1a: Iron Hands|Grass\n|move|p2a: Torkoal|Solar Beam||[still]\n|-prepare|p2a: Torkoal|Solar Beam\n|-anim|p2a: Torkoal|Solar Beam|p1b: Iron Bundle\n|-supereffective|p1b: Iron Bundle\n|-damage|p1b: Iron Bundle|15\/100\n|move|p1a: Iron Hands|Wild Charge|p2a: Torkoal\n|-crit|p2a: Torkoal\n|-damage|p2a: Torkoal|0 fnt\n|faint|p2a: Torkoal\n|-damage|p1a: Iron Hands|68\/100|[from] Recoil\n|move|p2b: Cresselia|Lunar Blessing|p2b: Cresselia\n|-heal|p2b: Cresselia|78\/100\n|move|p1b: Iron Bundle|Freeze-Dry|p2b: Cresselia\n|-damage|p2b: Cresselia|60\/100\n|\n|-weather|SunnyDay|[upkeep]\n|upkeep\n|turn|7\n|\n|t:|1700982185\n|move|p1b: Iron Bundle|Protect|p1b: Iron Bundle\n|-singleturn|p1b: Iron Bundle|Protect\n|move|p1a: Iron Hands|Wild Charge|p2b: Cresselia\n|-damage|p2b: Cresselia|28\/100\n|-damage|p1a: Iron Hands|61\/100|[from] Recoil\n|move|p2b: Cresselia|Psychic|p1b: Iron Bundle\n|-activate|p1b: Iron Bundle|move: Protect\n|\n|-weather|SunnyDay|[upkeep]\n|-fieldend|move: Trick Room\n|upkeep\n|turn|8\n|c|\u2606Dr.andrax|gg\n|\n|t:|1700982191\n|move|p1b: Iron Bundle|Freeze-Dry|p2b: Cresselia\n|-damage|p2b: Cresselia|8\/100\n|move|p2b: Cresselia|Psychic|p1b: Iron Bundle\n|-damage|p1b: Iron Bundle|0 fnt\n|faint|p1b: Iron Bundle\n|-end|p1b: Iron Bundle|Quark Drive|[silent]\n|move|p1a: Iron Hands|Wild Charge|p2b: Cresselia\n|-damage|p2b: Cresselia|0 fnt\n|faint|p2b: Cresselia\n|-damage|p1a: Iron Hands|59\/100|[from] Recoil\n|\n|win|Echo Rose#9471\n|raw|Echo Rose#9471's rating: 1290 &rarr; <strong>1310<\/strong><br \/>(+20 for winning)\n|raw|Dr.andrax's rating: 1215 &rarr; <strong>1195<\/strong><br \/>(-20 for losing)\n|c|\u2606Echo Rose#9471|ggwp\n|l|\u2606Dr.andrax\n","uploadtime":1700982203,"views":4,"p1id":"echorose9471","p2id":"drandrax","formatid":"gen9vgc2023regulatione","rating":1195,"private":0,"password":""}