{"id":"gen9vgc2023regulatione-1997671910","p1":"mikn233","p2":"AWOLxSick","format":"[Gen 9] VGC 2023 Regulation E","log":"|j|\u2606mikn233\n|j|\u2606AWOLxSick\n|t:|1700840099\n|gametype|doubles\n|player|p1|mikn233|roxie|1386\n|player|p2|AWOLxSick|biker|1336\n|teamsize|p1|6\n|teamsize|p2|6\n|gen|9\n|tier|[Gen 9] VGC 2023 Regulation E\n|rated|\n|rule|Species Clause: Limit one of each Pok\u00e9mon\n|rule|Item Clause: Limit one of each item\n|clearpoke\n|poke|p1|Rabsca, L50, F|\n|poke|p1|Regieleki, L50|\n|poke|p1|Golem-Alola, L50, M|\n|poke|p1|Iron Hands, L50|\n|poke|p1|Torkoal, L50, F|\n|poke|p1|Ursaluna-Bloodmoon, L50, M|\n|poke|p2|Sinistcha, L50|\n|poke|p2|Moltres-Galar, L50|\n|poke|p2|Arcanine-Hisui, L50, M|\n|poke|p2|Munkidori, L50, M|\n|poke|p2|Iron Hands, L50|\n|poke|p2|Ninetales-Alola, L50, F|\n|teampreview|4\n|\n|t:|1700840150\n|start\n|switch|p1a: Rabsca|Rabsca, L50, F, shiny|100\/100\n|switch|p1b: Regieleki|Regieleki, L50, shiny|100\/100\n|switch|p2a: Iron Hands|Iron Hands, L50|100\/100\n|switch|p2b: Moltres|Moltres-Galar, L50|100\/100\n|turn|1\n|inactive|Battle timer is ON: inactive players will automatically lose when time's up. (requested by AWOLxSick)\n|\n|t:|1700840172\n|-terastallize|p1a: Rabsca|Dark\n|move|p2b: Moltres|Protect|p2b: Moltres\n|-singleturn|p2b: Moltres|Protect\n|move|p1b: Regieleki|Explosion|p2b: Moltres|[spread] p2a\n|-activate|p2b: Moltres|move: Protect\n|-activate|p1a: Rabsca|ability: Telepathy\n|-damage|p2a: Iron Hands|34\/100\n|faint|p1b: Regieleki\n|move|p2a: Iron Hands|Drain Punch|p1a: Rabsca\n|-supereffective|p1a: Rabsca\n|-damage|p1a: Rabsca|21\/100\n|-heal|p2a: Iron Hands|64\/100|[from] drain|[of] p1a: Rabsca\n|move|p1a: Rabsca|Trick Room|p1a: Rabsca\n|-fieldstart|move: Trick Room|[of] p1a: Rabsca\n|\n|upkeep\n|\n|t:|1700840187\n|switch|p1b: Torkoal|Torkoal, L50, F, shiny|100\/100\n|-weather|SunnyDay|[from] ability: Drought|[of] p1b: Torkoal\n|turn|2\n|inactive|AWOLxSick has 30 seconds left.\n|\n|t:|1700840220\n|-end|p2a: Iron Hands|Quark Drive|[silent]\n|switch|p2a: Ninetales|Ninetales-Alola, L50, F|100\/100\n|-weather|Snow|[from] ability: Snow Warning|[of] p2a: Ninetales\n|-terastallize|p2b: Moltres|Poison\n|move|p1b: Torkoal|Eruption|p2b: Moltres|[spread] p2a,p2b\n|-supereffective|p2a: Ninetales\n|-damage|p2a: Ninetales|0 fnt\n|-damage|p2b: Moltres|56\/100\n|faint|p2a: Ninetales\n|move|p1a: Rabsca|Revival Blessing|p1a: Rabsca\n|\n|t:|1700840230\n|-heal|p1: Regieleki|50\/100|[from] move: Revival Blessing\n|move|p2b: Moltres|Fiery Wrath|p1a: Rabsca|[spread] p1a,p1b\n|-resisted|p1a: Rabsca\n|-damage|p1a: Rabsca|7\/100\n|-damage|p1b: Torkoal|56\/100\n|\n|-weather|Snow|[upkeep]\n|upkeep\n|\n|t:|1700840241\n|switch|p2a: Sinistcha|Sinistcha, L50|100\/100\n|-heal|p2b: Moltres|81\/100|[from] ability: Hospitality|[of] p2a: Sinistcha\n|turn|3\n|\n|t:|1700840251\n|switch|p1b: Ursaluna|Ursaluna-Bloodmoon, L50, M|100\/100\n|switch|p2a: Iron Hands|Iron Hands, L50|64\/100\n|move|p1a: Rabsca|Struggle Bug|p2a: Iron Hands|[spread] p2a,p2b\n|-resisted|p2a: Iron Hands\n|-resisted|p2b: Moltres\n|-damage|p2a: Iron Hands|60\/100\n|-damage|p2b: Moltres|75\/100\n|-unboost|p2a: Iron Hands|spa|1\n|-unboost|p2b: Moltres|spa|1\n|move|p2b: Moltres|Fiery Wrath|p1a: Rabsca|[spread] p1a,p1b\n|-resisted|p1a: Rabsca\n|-damage|p1a: Rabsca|0 fnt\n|-damage|p1b: Ursaluna|78\/100\n|faint|p1a: Rabsca\n|\n|-weather|Snow|[upkeep]\n|upkeep\n|\n|t:|1700840260\n|switch|p1a: Torkoal|Torkoal, L50, F, shiny|56\/100\n|-weather|SunnyDay|[from] ability: Drought|[of] p1a: Torkoal\n|turn|4\n|inactive|AWOLxSick has 30 seconds left.\n|\n|t:|1700840292\n|move|p2b: Moltres|Protect|p2b: Moltres\n|-singleturn|p2b: Moltres|Protect\n|move|p1a: Torkoal|Heat Wave|p2a: Iron Hands|[spread] p2a\n|-activate|p2b: Moltres|move: Protect\n|-damage|p2a: Iron Hands|30\/100\n|move|p1b: Ursaluna|Blood Moon|p2a: Iron Hands\n|-damage|p2a: Iron Hands|0 fnt\n|faint|p2a: Iron Hands\n|-end|p2a: Iron Hands|Quark Drive|[silent]\n|\n|-weather|SunnyDay|[upkeep]\n|upkeep\n|\n|t:|1700840302\n|switch|p2a: Sinistcha|Sinistcha, L50|100\/100\n|-heal|p2b: Moltres|99\/100|[from] ability: Hospitality|[of] p2a: Sinistcha\n|turn|5\n|\n|t:|1700840315\n|move|p1a: Torkoal|Heat Wave|p2a: Sinistcha|[spread] p2a,p2b\n|-supereffective|p2a: Sinistcha\n|-damage|p2a: Sinistcha|1\/100\n|-damage|p2b: Moltres|54\/100\n|move|p1b: Ursaluna|Hyper Voice|p2a: Sinistcha|[spread] p2a,p2b\n|-damage|p2a: Sinistcha|0 fnt\n|-damage|p2b: Moltres|20\/100\n|faint|p2a: Sinistcha\n|-ability|p2b: Moltres|Berserk|boost\n|-boost|p2b: Moltres|spa|1\n|-enditem|p2b: Moltres|Sitrus Berry|[eat]\n|-heal|p2b: Moltres|45\/100|[from] item: Sitrus Berry\n|move|p2b: Moltres|Nasty Plot|p2b: Moltres\n|-boost|p2b: Moltres|spa|2\n|\n|-weather|SunnyDay|[upkeep]\n|-fieldend|move: Trick Room\n|upkeep\n|turn|6\n|\n|t:|1700840331\n|move|p2b: Moltres|Fiery Wrath|p1b: Ursaluna|[spread] p1a,p1b\n|-damage|p1a: Torkoal|0 fnt\n|-damage|p1b: Ursaluna|3\/100\n|faint|p1a: Torkoal\n|move|p1b: Ursaluna|Blood Moon|p2b: Moltres\n|-damage|p2b: Moltres|0 fnt\n|faint|p2b: Moltres\n|\n|win|mikn233\n|raw|mikn233's rating: 1386 &rarr; <strong>1403<\/strong><br \/>(+17 for winning)\n|raw|AWOLxSick's rating: 1336 &rarr; <strong>1319<\/strong><br \/>(-17 for losing)\n|l|\u2606AWOLxSick\n","uploadtime":1700840467,"views":1,"p1id":"mikn233","p2id":"awolxsick","formatid":"gen9vgc2023regulatione","rating":1319,"private":0,"password":""}