{"id":"gen9vgc2023regulatione-1992232144","p1":"Gaelesmipadre","p2":"huffingkoffinggas","format":"[Gen 9] VGC 2023 Regulation E","log":"|j|\u2606Gaelesmipadre\n|j|\u2606huffingkoffinggas\n|t:|1700166064\n|gametype|doubles\n|player|p1|Gaelesmipadre|lucas|1077\n|player|p2|huffingkoffinggas|medium|1108\n|teamsize|p1|6\n|teamsize|p2|6\n|gen|9\n|tier|[Gen 9] VGC 2023 Regulation E\n|rated|\n|rule|Species Clause: Limit one of each Pok\u00e9mon\n|rule|Item Clause: Limit one of each item\n|clearpoke\n|poke|p1|Rillaboom, L50, M|\n|poke|p1|Baxcalibur, L50, F|\n|poke|p1|Ninetales-Alola, L50, F|\n|poke|p1|Sinistcha, L50|\n|poke|p1|Landorus-Therian, L50, M|\n|poke|p1|Tornadus, L50, M|\n|poke|p2|Ursaluna-Bloodmoon, L50, M|\n|poke|p2|Iron Bundle, L50|\n|poke|p2|Ogerpon, L50, F|\n|poke|p2|Sableye, L50, M|\n|poke|p2|Landorus, L50, M|\n|poke|p2|Tyranitar, L50, M|\n|teampreview|4\n|inactive|Battle timer is ON: inactive players will automatically lose when time's up. (requested by huffingkoffinggas)\n|inactive|Gaelesmipadre has 60 seconds left.\n|\n|t:|1700166095\n|start\n|switch|p1a: Rillaboom|Rillaboom, L50, M, shiny|100\/100\n|switch|p1b: Tornadus|Tornadus, L50, M, shiny|100\/100\n|switch|p2a: Sableye|Sableye, L50, M|100\/100\n|switch|p2b: Ursaluna|Ursaluna-Bloodmoon, L50, M|100\/100\n|-fieldstart|move: Grassy Terrain|[from] ability: Grassy Surge|[of] p1a: Rillaboom\n|turn|1\n|inactive|huffingkoffinggas has 30 seconds left.\n|\n|t:|1700166125\n|move|p1b: Tornadus|Protect|p1b: Tornadus\n|-singleturn|p1b: Tornadus|Protect\n|move|p2b: Ursaluna|Protect|p2b: Ursaluna\n|-singleturn|p2b: Ursaluna|Protect\n|move|p1a: Rillaboom|Fake Out|p2b: Ursaluna\n|-activate|p2b: Ursaluna|move: Protect\n|move|p2a: Sableye|Fake Out|p1a: Rillaboom\n|-damage|p1a: Rillaboom|94\/100\n|\n|-heal|p1a: Rillaboom|99\/100|[from] Grassy Terrain\n|upkeep\n|turn|2\n|inactive|huffingkoffinggas has 30 seconds left.\n|\n|t:|1700166153\n|-terastallize|p2b: Ursaluna|Fairy\n|move|p1a: Rillaboom|Grassy Glide|p2b: Ursaluna\n|-damage|p2b: Ursaluna|63\/100\n|move|p2a: Sableye|Will-O-Wisp|p1a: Rillaboom\n|-status|p1a: Rillaboom|brn\n|move|p1b: Tornadus|Bleakwind Storm|p2b: Ursaluna|[spread] p2b\n|-miss|p1b: Tornadus|p2a: Sableye\n|-damage|p2b: Ursaluna|28\/100\n|move|p2b: Ursaluna|Hyper Voice|p1a: Rillaboom|[spread] p1a,p1b\n|-damage|p1a: Rillaboom|51\/100 brn\n|-damage|p1b: Tornadus|58\/100\n|-enditem|p2b: Ursaluna|Throat Spray\n|-boost|p2b: Ursaluna|spa|1|[from] item: Throat Spray\n|\n|-heal|p1a: Rillaboom|57\/100 brn|[from] Grassy Terrain\n|-heal|p2b: Ursaluna|34\/100|[from] Grassy Terrain\n|-damage|p1a: Rillaboom|51\/100 brn|[from] brn\n|upkeep\n|turn|3\n|inactive|Gaelesmipadre has 30 seconds left.\n|\n|t:|1700166183\n|move|p1b: Tornadus|Taunt|p2a: Sableye\n|-hint|Since gen 7, Dark is immune to Prankster moves.\n|-immune|p2a: Sableye\n|move|p1a: Rillaboom|Grassy Glide|p2b: Ursaluna\n|-damage|p2b: Ursaluna|15\/100\n|move|p2a: Sableye|Quash||[still]\n|-fail|p2a: Sableye\n|move|p2b: Ursaluna|Hyper Voice|p1b: Tornadus|[spread] p1a,p1b\n|-damage|p1a: Rillaboom|0 fnt\n|-damage|p1b: Tornadus|0 fnt\n|faint|p1a: Rillaboom\n|faint|p1b: Tornadus\n|\n|-heal|p2b: Ursaluna|21\/100|[from] Grassy Terrain\n|upkeep\n|\n|t:|1700166197\n|switch|p1b: Baxcalibur|Baxcalibur, L50, F, shiny|100\/100\n|switch|p1a: Ninetales|Ninetales-Alola, L50, F, shiny|100\/100\n|-weather|Snow|[from] ability: Snow Warning|[of] p1a: Ninetales\n|turn|4\n|inactive|huffingkoffinggas has 30 seconds left.\n|\n|t:|1700166231\n|move|p2a: Sableye|Quash|p1a: Ninetales\n|-activate|p1a: Ninetales|move: Quash\n|move|p1b: Baxcalibur|Scale Shot|p2b: Ursaluna\n|-immune|p2b: Ursaluna\n|move|p2b: Ursaluna|Hyper Voice|p1a: Ninetales|[spread] p1a,p1b\n|-damage|p1a: Ninetales|49\/100\n|-damage|p1b: Baxcalibur|50\/100\n|move|p1a: Ninetales|Aurora Veil|p1a: Ninetales\n|-sidestart|p1: Gaelesmipadre|move: Aurora Veil\n|\n|-weather|Snow|[upkeep]\n|-heal|p1b: Baxcalibur|56\/100|[from] ability: Ice Body\n|-heal|p1a: Ninetales|55\/100|[from] Grassy Terrain\n|-heal|p1b: Baxcalibur|62\/100|[from] Grassy Terrain\n|-heal|p2b: Ursaluna|27\/100|[from] Grassy Terrain\n|upkeep\n|turn|5\n|\n|t:|1700166254\n|move|p2a: Sableye|Encore|p1a: Ninetales\n|-start|p1a: Ninetales|Encore\n|move|p1a: Ninetales|Aurora Veil||[still]\n|-fail|p1a: Ninetales\n|move|p1b: Baxcalibur|Icicle Spear|p2b: Ursaluna\n|-damage|p2b: Ursaluna|16\/100\n|-damage|p2b: Ursaluna|4\/100\n|-damage|p2b: Ursaluna|0 fnt\n|faint|p2b: Ursaluna\n|-hitcount|p2: Ursaluna|3\n|\n|-weather|Snow|[upkeep]\n|-heal|p1b: Baxcalibur|68\/100|[from] ability: Ice Body\n|-heal|p1a: Ninetales|60\/100|[from] Grassy Terrain\n|-heal|p1b: Baxcalibur|75\/100|[from] Grassy Terrain\n|-fieldend|move: Grassy Terrain\n|upkeep\n|\n|t:|1700166264\n|switch|p2b: Landorus|Landorus, L50, M|100\/100\n|turn|6\n|\n|t:|1700166278\n|move|p2a: Sableye|Quash|p1b: Baxcalibur\n|-activate|p1b: Baxcalibur|move: Quash\n|move|p1a: Ninetales|Aurora Veil||[still]\n|-fail|p1a: Ninetales\n|move|p2b: Landorus|Earth Power|p1b: Baxcalibur\n|-damage|p1b: Baxcalibur|22\/100\n|move|p1b: Baxcalibur|Icicle Spear|p2b: Landorus\n|-supereffective|p2b: Landorus\n|-damage|p2b: Landorus|33\/100\n|-supereffective|p2b: Landorus\n|-damage|p2b: Landorus|0 fnt\n|faint|p2b: Landorus\n|-hitcount|p2: Landorus|2\n|\n|-weather|Snow|[upkeep]\n|-heal|p1b: Baxcalibur|28\/100|[from] ability: Ice Body\n|upkeep\n|\n|t:|1700166288\n|switch|p2b: Iron Bundle|Iron Bundle, L50|100\/100\n|-enditem|p2b: Iron Bundle|Booster Energy\n|-activate|p2b: Iron Bundle|ability: Quark Drive|[fromitem]\n|-start|p2b: Iron Bundle|quarkdrivespe\n|turn|7\n|inactive|Gaelesmipadre has 30 seconds left.\n|inactive|huffingkoffinggas has 30 seconds left.\n|inactive|Gaelesmipadre has 20 seconds left.\n|\n|t:|1700166323\n|move|p2a: Sableye|Will-O-Wisp|p1b: Baxcalibur|[miss]\n|-miss|p2a: Sableye|p1b: Baxcalibur\n|move|p2b: Iron Bundle|Freeze-Dry|p1b: Baxcalibur\n|-damage|p1b: Baxcalibur|5\/100\n|move|p1a: Ninetales|Aurora Veil||[still]\n|-fail|p1a: Ninetales\n|move|p1b: Baxcalibur|Scale Shot|p2b: Iron Bundle\n|-damage|p2b: Iron Bundle|89\/100\n|-damage|p2b: Iron Bundle|78\/100\n|-damage|p2b: Iron Bundle|67\/100\n|-damage|p2b: Iron Bundle|56\/100\n|-damage|p2b: Iron Bundle|45\/100\n|-hitcount|p2b: Iron Bundle|5\n|-unboost|p1b: Baxcalibur|def|1\n|-boost|p1b: Baxcalibur|spe|1\n|\n|-weather|Snow|[upkeep]\n|-heal|p1b: Baxcalibur|11\/100|[from] ability: Ice Body\n|-end|p1a: Ninetales|Encore\n|upkeep\n|turn|8\n|inactive|Gaelesmipadre has 30 seconds left.\n|\n|t:|1700166352\n|move|p2a: Sableye|Encore|p1a: Ninetales\n|-start|p1a: Ninetales|Encore\n|move|p2b: Iron Bundle|Freeze-Dry|p1b: Baxcalibur\n|-damage|p1b: Baxcalibur|0 fnt\n|faint|p1b: Baxcalibur\n|move|p1a: Ninetales|Aurora Veil||[still]\n|-fail|p1a: Ninetales\n|\n|-weather|none\n|upkeep\n|turn|9\n|c|\u2606huffingkoffinggas|gg\n|l|\u2606Gaelesmipadre\n|inactive|Gaelesmipadre disconnected and has a minute to reconnect!\n|player|p1|\n|inactive|Gaelesmipadre has 30 seconds left.\n|inactive|Gaelesmipadre has 20 seconds left.\n|inactive|Gaelesmipadre has 15 seconds left.\n|inactive|Gaelesmipadre has 10 seconds left.\n|inactive|Gaelesmipadre has 5 seconds left.\n|-message|Gaelesmipadre lost due to inactivity.\n|\n|win|huffingkoffinggas\n|raw|Gaelesmipadre's rating: 1077 &rarr; <strong>1057<\/strong><br \/>(-20 for losing)\n|raw|huffingkoffinggas's rating: 1108 &rarr; <strong>1131<\/strong><br \/>(+23 for winning)\n","uploadtime":1700166414,"views":23,"p1id":"gaelesmipadre","p2id":"huffingkoffinggas","formatid":"gen9vgc2023regulatione","rating":1057,"private":0,"password":""}