{"id":"gen9vgc2023regulatione-1989409209","p1":"Tutkan","p2":"Kubi54","format":"[Gen 9] VGC 2023 Regulation E","log":"|j|\u2606Tutkan\n|j|\u2606Kubi54\n|t:|1699846525\n|gametype|doubles\n|player|p1|Tutkan|170|1309\n|player|p2|Kubi54|cynthia-gen4|1302\n|teamsize|p1|6\n|teamsize|p2|6\n|gen|9\n|tier|[Gen 9] VGC 2023 Regulation E\n|rated|\n|rule|Species Clause: Limit one of each Pok\u00e9mon\n|rule|Item Clause: Limit one of each item\n|clearpoke\n|poke|p1|Heatran, L50, M|\n|poke|p1|Chien-Pao, L50|\n|poke|p1|Dragonite, L50, F|\n|poke|p1|Urshifu-*, L50, F|\n|poke|p1|Flutter Mane, L50|\n|poke|p1|Tornadus, L50, M|\n|poke|p2|Baxcalibur, L50, M|\n|poke|p2|Urshifu-*, L50, F|\n|poke|p2|Gholdengo, L50|\n|poke|p2|Ninetales-Alola, L50, F|\n|poke|p2|Rillaboom, L50, F|\n|poke|p2|Arcanine-Hisui, L50, F|\n|teampreview|4\n|inactive|Battle timer is ON: inactive players will automatically lose when time's up. (requested by Kubi54)\n|inactive|Tutkan has 60 seconds left.\n|\n|t:|1699846608\n|start\n|switch|p1a: Urshifu|Urshifu-Rapid-Strike, L50, F|100\/100\n|switch|p1b: Heatran|Heatran, L50, M|100\/100\n|switch|p2a: Ninetales|Ninetales-Alola, L50, F, shiny|100\/100\n|switch|p2b: Rillaboom|Rillaboom, L50, F|100\/100\n|-weather|Snow|[from] ability: Snow Warning|[of] p2a: Ninetales\n|-fieldstart|move: Grassy Terrain|[from] ability: Grassy Surge|[of] p2b: Rillaboom\n|turn|1\n|inactive|Tutkan has 30 seconds left.\n|inactive|Tutkan has 20 seconds left.\n|inactive|Tutkan has 15 seconds left.\n|inactive|Tutkan has 10 seconds left.\n|\n|t:|1699846656\n|move|p2b: Rillaboom|Fake Out|p1b: Heatran\n|-resisted|p1b: Heatran\n|-damage|p1b: Heatran|94\/100\n|move|p1a: Urshifu|Surging Strikes|p2a: Ninetales\n|-crit|p2a: Ninetales\n|-damage|p2a: Ninetales|84\/100\n|-crit|p2a: Ninetales\n|-damage|p2a: Ninetales|65\/100\n|-crit|p2a: Ninetales\n|-damage|p2a: Ninetales|47\/100\n|-hitcount|p2a: Ninetales|3\n|move|p2a: Ninetales|Aurora Veil|p2a: Ninetales\n|-sidestart|p2: Kubi54|move: Aurora Veil\n|cant|p1b: Heatran|flinch\n|\n|-weather|Snow|[upkeep]\n|-heal|p2a: Ninetales|53\/100|[from] Grassy Terrain\n|-heal|p1b: Heatran|99\/100|[from] Grassy Terrain\n|upkeep\n|turn|2\n|inactive|Tutkan has 30 seconds left.\n|\n|t:|1699846682\n|switch|p1a: Tornadus|Tornadus, L50, M|100\/100\n|switch|p2b: Urshifu|Urshifu-Rapid-Strike, L50, F|100\/100\n|move|p2a: Ninetales|Protect|p2a: Ninetales\n|-singleturn|p2a: Ninetales|Protect\n|move|p1b: Heatran|Heat Wave|p2b: Urshifu|[spread] p2b\n|-activate|p2a: Ninetales|move: Protect\n|-resisted|p2b: Urshifu\n|-damage|p2b: Urshifu|84\/100\n|\n|-weather|Snow|[upkeep]\n|-heal|p2b: Urshifu|90\/100|[from] Grassy Terrain\n|-heal|p2a: Ninetales|59\/100|[from] Grassy Terrain\n|-heal|p1b: Heatran|100\/100|[from] Grassy Terrain\n|upkeep\n|turn|3\n|inactive|Tutkan has 30 seconds left.\n|inactive|Kubi54 has 30 seconds left.\n|\n|t:|1699846716\n|-terastallize|p2b: Urshifu|Water\n|-terastallize|p1b: Heatran|Grass\n|move|p1a: Tornadus|Tailwind|p1a: Tornadus\n|-sidestart|p1: Tutkan|move: Tailwind\n|move|p1b: Heatran|Tera Blast|p2b: Urshifu|[anim] Tera Blast Grass\n|-supereffective|p2b: Urshifu\n|-damage|p2b: Urshifu|0 fnt\n|faint|p2b: Urshifu\n|move|p2a: Ninetales|Icy Wind|p1b: Heatran|[spread] p1a,p1b\n|-supereffective|p1a: Tornadus\n|-supereffective|p1b: Heatran\n|-damage|p1a: Tornadus|68\/100\n|-damage|p1b: Heatran|87\/100\n|-unboost|p1b: Heatran|spe|1\n|\n|-weather|Snow|[upkeep]\n|-heal|p2a: Ninetales|65\/100|[from] Grassy Terrain\n|-heal|p1b: Heatran|93\/100|[from] Grassy Terrain\n|upkeep\n|\n|t:|1699846738\n|switch|p2b: Rillaboom|Rillaboom, L50, F|100\/100\n|turn|4\n|\n|t:|1699846752\n|move|p1a: Tornadus|Bleakwind Storm|p2a: Ninetales|[spread] p2a,p2b\n|-supereffective|p2b: Rillaboom\n|-damage|p2a: Ninetales|43\/100\n|-damage|p2b: Rillaboom|49\/100\n|move|p2a: Ninetales|Encore|p1b: Heatran\n|-start|p1b: Heatran|Encore\n|move|p1b: Heatran|Tera Blast|p2b: Rillaboom|[anim] Tera Blast Grass\n|-resisted|p2b: Rillaboom\n|-damage|p2b: Rillaboom|28\/100\n|move|p2b: Rillaboom|Wood Hammer|p1a: Tornadus\n|-resisted|p1a: Tornadus\n|-damage|p1a: Tornadus|0 fnt\n|faint|p1a: Tornadus\n|-damage|p2b: Rillaboom|11\/100|[from] Recoil\n|\n|-weather|Snow|[upkeep]\n|-heal|p2a: Ninetales|49\/100|[from] Grassy Terrain\n|-heal|p1b: Heatran|98\/100|[from] Grassy Terrain\n|-heal|p2b: Rillaboom|17\/100|[from] Grassy Terrain\n|upkeep\n|inactive|Tutkan has 30 seconds left.\n|\n|t:|1699846782\n|switch|p1a: Flutter Mane|Flutter Mane, L50|100\/100\n|-enditem|p1a: Flutter Mane|Booster Energy\n|-activate|p1a: Flutter Mane|ability: Protosynthesis|[fromitem]\n|-start|p1a: Flutter Mane|protosynthesisspa\n|turn|5\n|\n|t:|1699846798\n|move|p2b: Rillaboom|Grassy Glide|p1a: Flutter Mane\n|-damage|p1a: Flutter Mane|22\/100\n|move|p1a: Flutter Mane|Dazzling Gleam|p2b: Rillaboom|[spread] p2a,p2b\n|-damage|p2a: Ninetales|20\/100\n|-damage|p2b: Rillaboom|0 fnt\n|faint|p2b: Rillaboom\n|move|p2a: Ninetales|Icy Wind|p1b: Heatran|[spread] p1a,p1b\n|-supereffective|p1b: Heatran\n|-damage|p1a: Flutter Mane|9\/100\n|-damage|p1b: Heatran|86\/100\n|-unboost|p1a: Flutter Mane|spe|1\n|-unboost|p1b: Heatran|spe|1\n|move|p1b: Heatran|Tera Blast|p2a: Ninetales|[anim] Tera Blast Grass\n|-damage|p2a: Ninetales|0 fnt\n|faint|p2a: Ninetales\n|\n|-weather|none\n|-heal|p1a: Flutter Mane|16\/100|[from] Grassy Terrain\n|-heal|p1b: Heatran|92\/100|[from] Grassy Terrain\n|-fieldend|move: Grassy Terrain\n|upkeep\n|inactive|Kubi54 has 30 seconds left.\n|inactive|Kubi54 has 20 seconds left.\n|inactive|Kubi54 has 15 seconds left.\n|inactive|Kubi54 has 10 seconds left.\n|inactive|Kubi54 has 5 seconds left.\n|\n|t:|1699846853\n|switch|p2a: Arcanine|Arcanine-Hisui, L50, F|100\/100\n|-ability|p2a: Arcanine|Intimidate|boost\n|-unboost|p1a: Flutter Mane|atk|1\n|-unboost|p1b: Heatran|atk|1\n|turn|6\n|\n|t:|1699846866\n|move|p1a: Flutter Mane|Shadow Ball|p2a: Arcanine\n|-damage|p2a: Arcanine|56\/100\n|move|p2a: Arcanine|Flare Blitz|p1b: Heatran\n|-start|p1b: Heatran|ability: Flash Fire\n|move|p1b: Heatran|Tera Blast|p2a: Arcanine|[anim] Tera Blast Grass\n|-damage|p2a: Arcanine|23\/100\n|\n|-end|p1b: Heatran|Encore\n|-sideend|p1: Tutkan|move: Tailwind\n|upkeep\n|turn|7\n|-message|Kubi54 forfeited.\n|\n|win|Tutkan\n|raw|Tutkan's rating: 1309 &rarr; <strong>1329<\/strong><br \/>(+20 for winning)\n|raw|Kubi54's rating: 1302 &rarr; <strong>1282<\/strong><br \/>(-20 for losing)\n|l|\u2606Kubi54\n","uploadtime":1699846897,"views":10,"p1id":"tutkan","p2id":"kubi54","formatid":"gen9vgc2023regulatione","rating":1282,"private":0,"password":""}