{"id":"gen9vgc2023regulatione-1994314895","p1":"NeroFireSpeed","p2":"Kzjekz","format":"[Gen 9] VGC 2023 Regulation E","log":"|j|\u2606NeroFireSpeed\n|j|\u2606Kzjekz\n|t:|1700430182\n|gametype|doubles\n|player|p1|NeroFireSpeed|unknown|1031\n|player|p2|Kzjekz|lance|1000\n|teamsize|p1|6\n|teamsize|p2|6\n|gen|9\n|tier|[Gen 9] VGC 2023 Regulation E\n|rated|\n|rule|Species Clause: Limit one of each Pok\u00e9mon\n|rule|Item Clause: Limit one of each item\n|clearpoke\n|poke|p1|Zoroark, L50, M|\n|poke|p1|Haxorus, L50, M|\n|poke|p1|Toxtricity, L50, M|\n|poke|p1|Pyroar, L50, M|\n|poke|p1|Cetitan, L50, M|\n|poke|p1|Floatzel, L50, M|\n|poke|p2|Flutter Mane, L50|\n|poke|p2|Tornadus, L50, M|\n|poke|p2|Rillaboom, L50, F|\n|poke|p2|Garganacl, L50, F|\n|poke|p2|Arcanine-Hisui, L50, M|\n|poke|p2|Chien-Pao, L50|\n|teampreview|4\n|\n|t:|1700430204\n|start\n|switch|p1a: Toxtricity|Toxtricity, L50, M|100\/100\n|switch|p1b: Floatzel|Floatzel, L50, M|100\/100\n|switch|p2a: Tornadus|Tornadus, L50, M|100\/100\n|switch|p2b: Garganacl|Garganacl, L50, F|100\/100\n|-item|p1a: Toxtricity|Air Balloon\n|turn|1\n|\n|t:|1700430219\n|-terastallize|p2b: Garganacl|Ghost\n|move|p1b: Floatzel|Helping Hand|p1a: Toxtricity\n|-singleturn|p1a: Toxtricity|Helping Hand|[of] p1b: Floatzel\n|move|p2a: Tornadus|Tailwind|p2a: Tornadus\n|-sidestart|p2: Kzjekz|move: Tailwind\n|move|p2b: Garganacl|Salt Cure|p1b: Floatzel\n|-damage|p1b: Floatzel|75\/100\n|-start|p1b: Floatzel|Salt Cure\n|move|p1a: Toxtricity|Overdrive|p2b: Garganacl|[spread] p2a,p2b\n|-supereffective|p2a: Tornadus\n|-crit|p2b: Garganacl\n|-damage|p2a: Tornadus|45\/100\n|-damage|p2b: Garganacl|67\/100\n|\n|-damage|p1b: Floatzel|50\/100|[from] Salt Cure\n|upkeep\n|turn|2\n|\n|t:|1700430248\n|move|p1b: Floatzel|Protect|p1b: Floatzel\n|-singleturn|p1b: Floatzel|Protect\n|move|p2b: Garganacl|Protect|p2b: Garganacl\n|-singleturn|p2b: Garganacl|Protect\n|move|p2a: Tornadus|Bleakwind Storm|p1b: Floatzel|[spread] p1a\n|-activate|p1b: Floatzel|move: Protect\n|-resisted|p1a: Toxtricity\n|-damage|p1a: Toxtricity|86\/100\n|-enditem|p1a: Toxtricity|Air Balloon\n|move|p1a: Toxtricity|Overdrive|p2a: Tornadus|[spread] p2a\n|-activate|p2b: Garganacl|move: Protect\n|-supereffective|p2a: Tornadus\n|-damage|p2a: Tornadus|9\/100\n|\n|-damage|p1b: Floatzel|25\/100|[from] Salt Cure\n|upkeep\n|turn|3\n|\n|t:|1700430262\n|move|p2a: Tornadus|Bleakwind Storm|p1a: Toxtricity|[spread] p1a\n|-miss|p2a: Tornadus|p1b: Floatzel\n|-resisted|p1a: Toxtricity\n|-damage|p1a: Toxtricity|71\/100\n|move|p1b: Floatzel|Wave Crash|p2b: Garganacl\n|-damage|p2b: Garganacl|31\/100\n|-enditem|p2b: Garganacl|Sitrus Berry|[eat]\n|-heal|p2b: Garganacl|56\/100|[from] item: Sitrus Berry\n|-damage|p1b: Floatzel|10\/100|[from] Recoil\n|move|p2b: Garganacl|Salt Cure|p1a: Toxtricity\n|-damage|p1a: Toxtricity|52\/100\n|-start|p1a: Toxtricity|Salt Cure\n|move|p1a: Toxtricity|Overdrive|p2a: Tornadus|[spread] p2a,p2b\n|-supereffective|p2a: Tornadus\n|-damage|p2a: Tornadus|0 fnt\n|-damage|p2b: Garganacl|39\/100\n|faint|p2a: Tornadus\n|\n|-damage|p1b: Floatzel|0 fnt|[from] Salt Cure\n|faint|p1b: Floatzel\n|-damage|p1a: Toxtricity|40\/100|[from] Salt Cure\n|upkeep\n|\n|t:|1700430268\n|switch|p1b: Cetitan|Cetitan, L50, M|100\/100\n|switch|p2a: Arcanine|Arcanine-Hisui, L50, M|100\/100\n|-ability|p2a: Arcanine|Intimidate|boost\n|-unboost|p1a: Toxtricity|atk|1\n|-unboost|p1b: Cetitan|atk|1\n|turn|4\n|\n|t:|1700430276\n|move|p1a: Toxtricity|Protect|p1a: Toxtricity\n|-singleturn|p1a: Toxtricity|Protect\n|move|p2a: Arcanine|Rock Slide|p1a: Toxtricity|[spread] p1b\n|-activate|p1a: Toxtricity|move: Protect\n|-damage|p1b: Cetitan|15\/100\n|replace|p1b: Zoroark|Zoroark, L50, M\n|-end|p1b: Zoroark|Illusion\n|move|p1b: Zoroark|Night Daze|p2b: Garganacl\n|-supereffective|p2b: Garganacl\n|-damage|p2b: Garganacl|0 fnt\n|faint|p2b: Garganacl\n|-heal|p1b: Zoroark|22\/100|[from] item: Shell Bell|[of] p2: Garganacl\n|\n|-damage|p1a: Toxtricity|28\/100|[from] Salt Cure\n|-sideend|p2: Kzjekz|move: Tailwind\n|upkeep\n|\n|t:|1700430286\n|switch|p2b: Rillaboom|Rillaboom, L50, F|100\/100\n|-fieldstart|move: Grassy Terrain|[from] ability: Grassy Surge|[of] p2b: Rillaboom\n|turn|5\n|\n|t:|1700430295\n|move|p2b: Rillaboom|Grassy Glide|p1b: Zoroark\n|-damage|p1b: Zoroark|0 fnt\n|faint|p1b: Zoroark\n|move|p2a: Arcanine|Rock Slide|p1a: Toxtricity|[miss]\n|-miss|p2a: Arcanine|p1a: Toxtricity\n|move|p1a: Toxtricity|Acid Spray|p2b: Rillaboom\n|-supereffective|p2b: Rillaboom\n|-damage|p2b: Rillaboom|65\/100\n|-unboost|p2b: Rillaboom|spd|2\n|\n|-heal|p2b: Rillaboom|71\/100|[from] Grassy Terrain\n|-heal|p1a: Toxtricity|34\/100|[from] Grassy Terrain\n|-damage|p1a: Toxtricity|22\/100|[from] Salt Cure\n|upkeep\n|\n|t:|1700430301\n|switch|p1b: Cetitan|Cetitan, L50, M|100\/100\n|turn|6\n|\n|t:|1700430306\n|move|p1a: Toxtricity|Protect|p1a: Toxtricity\n|-singleturn|p1a: Toxtricity|Protect\n|move|p2a: Arcanine|Rock Slide|p1b: Cetitan|[spread] p1b\n|-activate|p1a: Toxtricity|move: Protect\n|-supereffective|p1b: Cetitan\n|-damage|p1b: Cetitan|22\/100\n|move|p2b: Rillaboom|Drain Punch|p1b: Cetitan\n|-supereffective|p1b: Cetitan\n|-damage|p1b: Cetitan|0 fnt\n|-heal|p2b: Rillaboom|85\/100|[from] drain|[of] p1b: Cetitan\n|faint|p1b: Cetitan\n|\n|-heal|p2b: Rillaboom|91\/100|[from] Grassy Terrain\n|-heal|p1a: Toxtricity|28\/100|[from] Grassy Terrain\n|-damage|p1a: Toxtricity|16\/100|[from] Salt Cure\n|upkeep\n|turn|7\n|-message|NeroFireSpeed forfeited.\n|\n|win|Kzjekz\n|raw|NeroFireSpeed's rating: 1031 &rarr; <strong>1015<\/strong><br \/>(-16 for losing)\n|raw|Kzjekz's rating: 1000 &rarr; <strong>1044<\/strong><br \/>(+44 for winning)\n|l|\u2606NeroFireSpeed\n","uploadtime":1700430315,"views":13,"p1id":"nerofirespeed","p2id":"kzjekz","formatid":"gen9vgc2023regulatione","rating":1015,"private":0,"password":""}