{"id":"gen9vgc2023regulatione-1987984379","p1":"Brunikolas","p2":"KIDAMOGUS1!1!XD","format":"[Gen 9] VGC 2023 Regulation E","log":"|j|\u2606Brunikolas\n|j|\u2606KIDAMOGUS1!1!XD\n|t:|1699655952\n|gametype|doubles\n|player|p1|Brunikolas|101|1119\n|player|p2|KIDAMOGUS1!1!XD|scientist|1045\n|teamsize|p1|6\n|teamsize|p2|6\n|gen|9\n|tier|[Gen 9] VGC 2023 Regulation E\n|rated|\n|rule|Species Clause: Limit one of each Pok\u00e9mon\n|rule|Item Clause: Limit one of each item\n|clearpoke\n|poke|p1|Farigiraf, L50, M|\n|poke|p1|Landorus-Therian, L50, M|\n|poke|p1|Tornadus, L50, M|\n|poke|p1|Chien-Pao, L50|\n|poke|p1|Iron Hands, L50|\n|poke|p1|Urshifu-*, L50, M|\n|poke|p2|Regieleki, L50|\n|poke|p2|Ogerpon-Wellspring, L50, F|\n|poke|p2|Chi-Yu, L50|\n|poke|p2|Indeedee-F, L50, F|\n|poke|p2|Landorus-Therian, L50, M|\n|poke|p2|Gholdengo, L50|\n|teampreview|4\nBrunikolas rejected open team sheets.\n|\n|t:|1699656019\n|start\n|switch|p1a: Tornadus|Tornadus, L50, M|100\/100\n|switch|p1b: Chien-Pao|Chien-Pao, L50|100\/100\n|switch|p2a: Chi-Yu|Chi-Yu, L50|100\/100\n|switch|p2b: Regieleki|Regieleki, L50|100\/100\n|-ability|p1b: Chien-Pao|Sword of Ruin\n|-ability|p2a: Chi-Yu|Beads of Ruin\n|turn|1\n|\n|t:|1699656065\n|switch|p1b: Landorus|Landorus-Therian, L50, M|100\/100\n|-ability|p1b: Landorus|Intimidate|boost\n|-unboost|p2a: Chi-Yu|atk|1\n|-unboost|p2b: Regieleki|atk|1\n|switch|p2a: Indeedee|Indeedee-F, L50, F|100\/100\n|-fieldstart|move: Psychic Terrain|[from] ability: Psychic Surge|[of] p2a: Indeedee\n|-enditem|p2a: Indeedee|Psychic Seed\n|-boost|p2a: Indeedee|spd|1|[from] item: Psychic Seed\n|move|p1a: Tornadus|Tailwind|p1a: Tornadus\n|-sidestart|p1: Brunikolas|move: Tailwind\n|move|p2b: Regieleki|Thunderbolt|p1a: Tornadus\n|-supereffective|p1a: Tornadus\n|-damage|p1a: Tornadus|0 fnt\n|faint|p1a: Tornadus\n|-damage|p2b: Regieleki|91\/100|[from] item: Life Orb\n|\n|upkeep\n|\n|t:|1699656081\n|switch|p1a: Chien-Pao|Chien-Pao, L50|100\/100\n|-ability|p1a: Chien-Pao|Sword of Ruin\n|turn|2\n|\n|t:|1699656107\n|move|p1a: Chien-Pao|Protect|p1a: Chien-Pao\n|-singleturn|p1a: Chien-Pao|Protect\n|move|p2a: Indeedee|Follow Me|p2a: Indeedee\n|-singleturn|p2a: Indeedee|move: Follow Me\n|move|p1b: Landorus|Earthquake|p2b: Regieleki|[spread] p2a,p2b\n|-activate|p1a: Chien-Pao|move: Protect\n|-supereffective|p2b: Regieleki\n|-damage|p2a: Indeedee|2\/100\n|-damage|p2b: Regieleki|0 fnt\n|faint|p2b: Regieleki\n|\n|upkeep\n|\n|t:|1699656117\n|switch|p2b: Landorus|Landorus-Therian, L50, M|100\/100\n|-ability|p2b: Landorus|Intimidate|boost\n|-unboost|p1a: Chien-Pao|atk|1\n|-unboost|p1b: Landorus|atk|1\n|turn|3\n|\n|t:|1699656133\n|switch|p1b: Iron Hands|Iron Hands, L50|100\/100\n|move|p2a: Indeedee|Follow Me|p2a: Indeedee\n|-singleturn|p2a: Indeedee|move: Follow Me\n|move|p1a: Chien-Pao|Ice Spinner|p2a: Indeedee\n|-damage|p2a: Indeedee|0 fnt\n|-fieldend|move: Psychic Terrain\n|faint|p2a: Indeedee\n|-damage|p1a: Chien-Pao|91\/100|[from] item: Life Orb\n|move|p2b: Landorus|Rock Slide|p1b: Iron Hands|[spread] p1a,p1b\n|-supereffective|p1a: Chien-Pao\n|-resisted|p1b: Iron Hands\n|-damage|p1a: Chien-Pao|46\/100\n|-damage|p1b: Iron Hands|91\/100\n|\n|upkeep\n|\n|t:|1699656150\n|switch|p2a: Chi-Yu|Chi-Yu, L50|100\/100\n|-ability|p2a: Chi-Yu|Beads of Ruin\n|turn|4\n|\n|t:|1699656185\n|-terastallize|p2b: Landorus|Flying\n|move|p2a: Chi-Yu|Protect|p2a: Chi-Yu\n|-singleturn|p2a: Chi-Yu|Protect\n|move|p1b: Iron Hands|Fake Out|p2a: Chi-Yu\n|-activate|p2a: Chi-Yu|move: Protect\n|move|p1a: Chien-Pao|Ice Spinner|p2b: Landorus\n|-supereffective|p2b: Landorus\n|-damage|p2b: Landorus|8\/100\n|-damage|p1a: Chien-Pao|36\/100|[from] item: Life Orb\n|move|p2b: Landorus|Rock Slide|p1a: Chien-Pao|[spread] \n|-miss|p2b: Landorus|p1a: Chien-Pao\n|-miss|p2b: Landorus|p1b: Iron Hands\n|\n|-sideend|p1: Brunikolas|move: Tailwind\n|upkeep\n|turn|5\n|\n|t:|1699656208\n|move|p1a: Chien-Pao|Ice Spinner|p2b: Landorus\n|-supereffective|p2b: Landorus\n|-damage|p2b: Landorus|0 fnt\n|faint|p2b: Landorus\n|-damage|p1a: Chien-Pao|27\/100|[from] item: Life Orb\n|move|p2a: Chi-Yu|Heat Wave|p1b: Iron Hands|[spread] p1a,p1b\n|-supereffective|p1a: Chien-Pao\n|-damage|p1a: Chien-Pao|0 fnt\n|-damage|p1b: Iron Hands|59\/100\n|faint|p1a: Chien-Pao\n|move|p1b: Iron Hands|Drain Punch|p2a: Chi-Yu\n|-supereffective|p2a: Chi-Yu\n|-enditem|p2a: Chi-Yu|Focus Sash\n|-damage|p2a: Chi-Yu|1\/100\n|-heal|p1b: Iron Hands|85\/100|[from] drain|[of] p2a: Chi-Yu\n|\n|upkeep\n|\n|t:|1699656225\n|switch|p1a: Landorus|Landorus-Therian, L50, M|100\/100\n|-ability|p1a: Landorus|Intimidate|boost\n|-unboost|p2a: Chi-Yu|atk|1\n|turn|6\n|c|\u2606Brunikolas|gg bro\n|\n|t:|1699656242\n|move|p2a: Chi-Yu|Psychic|p1b: Iron Hands\n|-supereffective|p1b: Iron Hands\n|-damage|p1b: Iron Hands|32\/100\n|move|p1a: Landorus|Stomping Tantrum|p2a: Chi-Yu\n|-supereffective|p2a: Chi-Yu\n|-damage|p2a: Chi-Yu|0 fnt\n|faint|p2a: Chi-Yu\n|\n|win|Brunikolas\n|raw|Brunikolas's rating: 1119 &rarr; <strong>1139<\/strong><br \/>(+20 for winning)\n|raw|KIDAMOGUS1!1!XD's rating: 1045 &rarr; <strong>1032<\/strong><br \/>(-13 for losing)\n|l|\u2606KIDAMOGUS1!1!XD\n","uploadtime":1699656252,"views":18,"p1id":"brunikolas","p2id":"kidamogus11xd","formatid":"gen9vgc2023regulatione","rating":1032,"private":0,"password":""}