{"id":"gen9vgc2023regulatione-1991555070","p1":"Kuroki05","p2":"garompa","format":"[Gen 9] VGC 2023 Regulation E","log":"|j|\u2606Kuroki05\n|j|\u2606garompa\n|t:|1700087896\n|gametype|doubles\n|player|p1|Kuroki05|steven|1313\n|player|p2|garompa|cynthia-gen4|1414\n|teamsize|p1|6\n|teamsize|p2|6\n|gen|9\n|tier|[Gen 9] VGC 2023 Regulation E\n|rated|\n|rule|Species Clause: Limit one of each Pok\u00e9mon\n|rule|Item Clause: Limit one of each item\n|clearpoke\n|poke|p1|Tornadus, L50, M|\n|poke|p1|Landorus-Therian, L50, M|\n|poke|p1|Flutter Mane, L50|\n|poke|p1|Armarouge, L50, M|\n|poke|p1|Indeedee-F, L50, F|\n|poke|p1|Ogerpon-Wellspring, L50, F|\n|poke|p2|Iron Hands, L50|\n|poke|p2|Flutter Mane, L50|\n|poke|p2|Landorus-Therian, L50, M|\n|poke|p2|Ogerpon-Wellspring, L50, F|\n|poke|p2|Chi-Yu, L50|\n|poke|p2|Farigiraf, L50, F|\n|teampreview|4\n|inactive|Battle timer is ON: inactive players will automatically lose when time's up. (requested by Kuroki05)\nKuroki05 has agreed to open team sheets.\n|inactive|garompa has 60 seconds left.\n|\n|t:|1700087954\n|start\n|switch|p1a: Tornadus|Tornadus, L50, M|100\/100\n|switch|p1b: Landorus|Landorus-Therian, L50, M|100\/100\n|switch|p2a: Farigiraf|Farigiraf, L50, F|100\/100\n|switch|p2b: Chi-Yu|Chi-Yu, L50|100\/100\n|-ability|p1b: Landorus|Intimidate|boost\n|-unboost|p2a: Farigiraf|atk|1\n|-unboost|p2b: Chi-Yu|atk|1\n|-ability|p2b: Chi-Yu|Beads of Ruin\n|turn|1\n|inactive|garompa has 30 seconds left.\n|\n|t:|1700087988\n|switch|p2b: Ogerpon|Ogerpon-Wellspring, L50, F|100\/100\n|move|p1a: Tornadus|Rain Dance|p1a: Tornadus\n|-weather|RainDance\n|move|p1b: Landorus|Stomping Tantrum|p2b: Ogerpon\n|-resisted|p2b: Ogerpon\n|-damage|p2b: Ogerpon|83\/100\n|move|p2a: Farigiraf|Trick Room|p2a: Farigiraf\n|-fieldstart|move: Trick Room|[of] p2a: Farigiraf\n|\n|-weather|RainDance|[upkeep]\n|upkeep\n|turn|2\n|\n|t:|1700088012\n|switch|p1b: Ogerpon|Ogerpon-Wellspring, L50, F|100\/100\n|move|p2a: Farigiraf|Hyper Voice|p1b: Ogerpon|[spread] p1a,p1b\n|-damage|p1a: Tornadus|67\/100\n|-damage|p1b: Ogerpon|69\/100\n|move|p2b: Ogerpon|Ivy Cudgel|p1a: Tornadus|[anim] Ivy Cudgel Water\n|-crit|p1a: Tornadus\n|-damage|p1a: Tornadus|0 fnt\n|faint|p1a: Tornadus\n|\n|-weather|RainDance|[upkeep]\n|upkeep\n|\n|t:|1700088020\n|switch|p1a: Landorus|Landorus-Therian, L50, M|100\/100\n|-ability|p1a: Landorus|Intimidate|boost\n|-unboost|p2a: Farigiraf|atk|1\n|-unboost|p2b: Ogerpon|atk|1\n|turn|3\n|\n|t:|1700088040\n|-terastallize|p1a: Landorus|Flying\n|move|p2b: Ogerpon|Spiky Shield|p2b: Ogerpon\n|-singleturn|p2b: Ogerpon|move: Protect\n|move|p2a: Farigiraf|Hyper Voice|p1a: Landorus|[spread] p1a,p1b\n|-damage|p1a: Landorus|65\/100\n|-damage|p1b: Ogerpon|39\/100\n|move|p1b: Ogerpon|Knock Off|p2a: Farigiraf\n|-supereffective|p2a: Farigiraf\n|-damage|p2a: Farigiraf|32\/100\n|-damage|p1b: Ogerpon|22\/100|[from] item: Rocky Helmet|[of] p2a: Farigiraf\n|-enditem|p2a: Farigiraf|Rocky Helmet|[from] move: Knock Off|[of] p1b: Ogerpon\n|move|p1a: Landorus|U-turn|p2b: Ogerpon\n|-activate|p2b: Ogerpon|move: Protect\n|-damage|p1a: Landorus|53\/100|[from] Spiky Shield|[of] p2b: Ogerpon\n|\n|-weather|RainDance|[upkeep]\n|upkeep\n|turn|4\n|inactive|garompa has 30 seconds left.\n|\n|t:|1700088071\n|move|p1b: Ogerpon|Spiky Shield|p1b: Ogerpon\n|-singleturn|p1b: Ogerpon|move: Protect\n|move|p2a: Farigiraf|Hyper Voice|p1a: Landorus|[spread] p1a\n|-activate|p1b: Ogerpon|move: Protect\n|-damage|p1a: Landorus|16\/100\n|move|p2b: Ogerpon|Ivy Cudgel|p1a: Landorus|[anim] Ivy Cudgel Water\n|-damage|p1a: Landorus|0 fnt\n|faint|p1a: Landorus\n|\n|-weather|RainDance|[upkeep]\n|upkeep\n|\n|t:|1700088074\n|switch|p1a: Flutter Mane|Flutter Mane, L50|100\/100\n|-enditem|p1a: Flutter Mane|Booster Energy\n|-activate|p1a: Flutter Mane|ability: Protosynthesis|[fromitem]\n|-start|p1a: Flutter Mane|protosynthesisspe\n|turn|5\n|\n|t:|1700088094\n|move|p1b: Ogerpon|Spiky Shield||[still]\n|-fail|p1b: Ogerpon\n|move|p1a: Flutter Mane|Protect|p1a: Flutter Mane\n|-singleturn|p1a: Flutter Mane|Protect\n|move|p2a: Farigiraf|Psychic|p1b: Ogerpon\n|-damage|p1b: Ogerpon|0 fnt\n|faint|p1b: Ogerpon\n|move|p2b: Ogerpon|Ivy Cudgel|p1a: Flutter Mane|[anim] Ivy Cudgel Water\n|-activate|p1a: Flutter Mane|move: Protect\n|\n|-weather|none\n|-fieldend|move: Trick Room\n|upkeep\n|turn|6\n|-message|Kuroki05 forfeited.\n|\n|win|garompa\n|raw|Kuroki05's rating: 1313 &rarr; <strong>1299<\/strong><br \/>(-14 for losing)\n|raw|garompa's rating: 1414 &rarr; <strong>1428<\/strong><br \/>(+14 for winning)\n|l|\u2606Kuroki05\n","uploadtime":1700088121,"views":7,"p1id":"kuroki05","p2id":"garompa","formatid":"gen9vgc2023regulatione","rating":1299,"private":0,"password":""}