{"id":"gen9vgc2023regulatione-1993891414","p1":"PunkRockObstagoon","p2":"Achoque14","format":"[Gen 9] VGC 2023 Regulation E","log":"|j|\u2606PunkRockObstagoon\n|j|\u2606Achoque14\n|t:|1700370925\n|gametype|doubles\n|player|p1|PunkRockObstagoon|hilbert|1501\n|player|p2|Achoque14|170|1563\n|teamsize|p1|6\n|teamsize|p2|6\n|gen|9\n|tier|[Gen 9] VGC 2023 Regulation E\n|rated|\n|rule|Species Clause: Limit one of each Pok\u00e9mon\n|rule|Item Clause: Limit one of each item\n|clearpoke\n|poke|p1|Spinarak, L50, M|\n|poke|p1|Tatsugiri-Droopy, L50, M|\n|poke|p1|Urshifu-*, L50, M|\n|poke|p1|Lurantis, L50, F|\n|poke|p1|Armarouge, L50, M|\n|poke|p1|Farigiraf, L50, F|\n|poke|p2|Flutter Mane, L50|\n|poke|p2|Tornadus, L50, M|\n|poke|p2|Roaring Moon, L50|\n|poke|p2|Ogerpon-Hearthflame, L50, F|\n|poke|p2|Rillaboom, L50, F|\n|poke|p2|Arcanine-Hisui, L50, M|\n|teampreview|4\n|inactive|Battle timer is ON: inactive players will automatically lose when time's up. (requested by PunkRockObstagoon)\n|j| biei-fast\n|inactive|PunkRockObstagoon has 60 seconds left.\nAchoque14 has agreed to open team sheets.\n|\n|t:|1700370957\n|start\n|switch|p1a: Urshifu|Urshifu-Rapid-Strike, L50, M|100\/100\n|switch|p1b: Farigiraf|Farigiraf, L50, F|100\/100\n|switch|p2a: Arcanine|Arcanine-Hisui, L50, M, shiny|100\/100\n|switch|p2b: Roaring Moon|Roaring Moon, L50|100\/100\n|-ability|p2a: Arcanine|Intimidate|boost\n|-unboost|p1a: Urshifu|atk|1\n|-unboost|p1b: Farigiraf|atk|1\n|-enditem|p2b: Roaring Moon|Booster Energy\n|-activate|p2b: Roaring Moon|ability: Protosynthesis|[fromitem]\n|-start|p2b: Roaring Moon|protosynthesisspe\n|turn|1\n|c| biei-fast|Spinarak \uff1f\n|inactive|Achoque14 has 30 seconds left.\n|inactive|PunkRockObstagoon has 30 seconds left.\n|\n|t:|1700370998\n|-terastallize|p2a: Arcanine|Water\n|move|p2b: Roaring Moon|Knock Off|p1b: Farigiraf\n|-supereffective|p1b: Farigiraf\n|-enditem|p1b: Farigiraf|Focus Sash\n|-damage|p1b: Farigiraf|1\/100\n|move|p1a: Urshifu|Surging Strikes|p2a: Arcanine\n|-resisted|p2a: Arcanine\n|-crit|p2a: Arcanine\n|-damage|p2a: Arcanine|87\/100\n|-resisted|p2a: Arcanine\n|-crit|p2a: Arcanine\n|-damage|p2a: Arcanine|73\/100\n|-resisted|p2a: Arcanine\n|-crit|p2a: Arcanine\n|-damage|p2a: Arcanine|61\/100\n|-hitcount|p2a: Arcanine|3\n|move|p2a: Arcanine|Flare Blitz|p1b: Farigiraf\n|-crit|p1b: Farigiraf\n|-damage|p1b: Farigiraf|0 fnt\n|faint|p1b: Farigiraf\n|-damage|p2a: Arcanine|60\/100|[from] Recoil\n|\n|upkeep\n|\n|t:|1700371004\n|switch|p1b: Armarouge|Armarouge, L50, M|100\/100\n|turn|2\n|\n|t:|1700371012\n|-terastallize|p1b: Armarouge|Fairy\n|move|p2b: Roaring Moon|Acrobatics|p1a: Urshifu\n|-supereffective|p1a: Urshifu\n|-damage|p1a: Urshifu|25\/100\n|move|p1a: Urshifu|Surging Strikes|p2a: Arcanine\n|-resisted|p2a: Arcanine\n|-crit|p2a: Arcanine\n|-damage|p2a: Arcanine|48\/100\n|-enditem|p2a: Arcanine|Sitrus Berry|[eat]\n|-heal|p2a: Arcanine|73\/100|[from] item: Sitrus Berry\n|-resisted|p2a: Arcanine\n|-crit|p2a: Arcanine\n|-damage|p2a: Arcanine|59\/100\n|-resisted|p2a: Arcanine\n|-crit|p2a: Arcanine\n|-damage|p2a: Arcanine|46\/100\n|-hitcount|p2a: Arcanine|3\n|move|p2a: Arcanine|Rock Slide|p1b: Armarouge|[spread] p1b\n|-miss|p2a: Arcanine|p1a: Urshifu\n|-damage|p1b: Armarouge|77\/100\n|move|p1b: Armarouge|Trick Room|p1b: Armarouge\n|-fieldstart|move: Trick Room|[of] p1b: Armarouge\n|\n|upkeep\n|turn|3\n|\n|t:|1700371033\n|switch|p1a: Lurantis|Lurantis, L50, F|100\/100\n|move|p2b: Roaring Moon|Protect|p2b: Roaring Moon\n|-singleturn|p2b: Roaring Moon|Protect\n|move|p1b: Armarouge|Tera Blast|p2a: Arcanine|[anim] Tera Blast Fairy\n|-damage|p2a: Arcanine|0 fnt\n|faint|p2a: Arcanine\n|\n|upkeep\n|\n|t:|1700371044\n|switch|p2a: Ogerpon|Ogerpon-Hearthflame, L50, F|100\/100\n|-ability|p2a: Ogerpon|Mold Breaker\n|turn|4\n|\n|t:|1700371051\n|move|p1a: Lurantis|Superpower|p2a: Ogerpon\n|-damage|p2a: Ogerpon|56\/100\n|-boost|p1a: Lurantis|atk|1\n|-boost|p1a: Lurantis|def|1\n|move|p1b: Armarouge|Heat Wave|p2b: Roaring Moon|[spread] p2a,p2b\n|-resisted|p2b: Roaring Moon\n|-damage|p2a: Ogerpon|12\/100\n|-damage|p2b: Roaring Moon|83\/100\n|move|p2a: Ogerpon|Horn Leech|p1b: Armarouge\n|-damage|p1b: Armarouge|28\/100\n|-heal|p2a: Ogerpon|41\/100|[from] drain|[of] p1b: Armarouge\n|move|p2b: Roaring Moon|Acrobatics|p1a: Lurantis\n|-supereffective|p1a: Lurantis\n|-damage|p1a: Lurantis|50\/100\n|\n|upkeep\n|turn|5\n|inactive|Achoque14 has 30 seconds left.\n|\n|t:|1700371076\n|move|p2b: Roaring Moon|Protect|p2b: Roaring Moon\n|-singleturn|p2b: Roaring Moon|Protect\n|move|p1a: Lurantis|Superpower|p2a: Ogerpon\n|-damage|p2a: Ogerpon|0 fnt\n|-boost|p1a: Lurantis|atk|1\n|-boost|p1a: Lurantis|def|1\n|faint|p2a: Ogerpon\n|move|p1b: Armarouge|Tera Blast|p2b: Roaring Moon|[anim] Tera Blast Fairy\n|-activate|p2b: Roaring Moon|move: Protect\n|\n|upkeep\n|\n|t:|1700371086\n|switch|p2a: Flutter Mane|Flutter Mane, L50|100\/100\n|turn|6\n|\n|t:|1700371095\n|move|p1a: Lurantis|Leaf Blade|p2a: Flutter Mane\n|-damage|p2a: Flutter Mane|0 fnt\n|faint|p2a: Flutter Mane\n|-end|p2a: Flutter Mane|Protosynthesis|[silent]\n|move|p1b: Armarouge|Tera Blast|p2b: Roaring Moon|[anim] Tera Blast Fairy\n|-supereffective|p2b: Roaring Moon\n|-damage|p2b: Roaring Moon|0 fnt\n|faint|p2b: Roaring Moon\n|-end|p2b: Roaring Moon|Protosynthesis|[silent]\n|\n|win|PunkRockObstagoon\n|raw|PunkRockObstagoon's rating: 1481 &rarr; <strong>1506<\/strong><br \/>(+25 for winning)\n|raw|Achoque14's rating: 1563 &rarr; <strong>1538<\/strong><br \/>(-25 for losing)\n","uploadtime":1700371098,"views":7,"p1id":"punkrockobstagoon","p2id":"achoque14","formatid":"gen9vgc2023regulatione","rating":1506,"private":0,"password":""}