{"id":"gen9vgc2023regulatione-1998526333","p1":"tyl8","p2":"Wild248","format":"[Gen 9] VGC 2023 Regulation E","log":"|j|\u2606tyl8\n|j|\u2606Wild248\n|t:|1700952367\n|gametype|doubles\n|player|p1|tyl8|dawn|1547\n|player|p2|Wild248|ltsurge|1466\n|teamsize|p1|6\n|teamsize|p2|6\n|gen|9\n|tier|[Gen 9] VGC 2023 Regulation E\n|rated|\n|rule|Species Clause: Limit one of each Pok\u00e9mon\n|rule|Item Clause: Limit one of each item\n|clearpoke\n|poke|p1|Ninetales-Alola, L50, F|\n|poke|p1|Glastrier, L50|\n|poke|p1|Farigiraf, L50, M|\n|poke|p1|Rillaboom, L50, M|\n|poke|p1|Ting-Lu, L50|\n|poke|p1|Arcanine-Hisui, L50, F|\n|poke|p2|Tyranitar, L50, M|\n|poke|p2|Flutter Mane, L50|\n|poke|p2|Rillaboom, L50, M|\n|poke|p2|Heatran, L50, M|\n|poke|p2|Farigiraf, L50, F|\n|poke|p2|Landorus-Therian, L50, M|\n|teampreview|4\n|inactive|Battle timer is ON: inactive players will automatically lose when time's up. (requested by tyl8)\n|inactive|Wild248 has 60 seconds left.\n|\n|t:|1700952403\n|start\n|switch|p1a: Glastrier|Glastrier, L50|100\/100\n|switch|p1b: Arcanine|Arcanine-Hisui, L50, F|100\/100\n|switch|p2a: Landorus|Landorus-Therian, L50, M|100\/100\n|switch|p2b: Heatran|Heatran, L50, M|100\/100\n|-ability|p2a: Landorus|Intimidate|boost\n|-unboost|p1a: Glastrier|atk|1\n|-unboost|p1b: Arcanine|atk|1\n|-ability|p1b: Arcanine|Intimidate|boost\n|-unboost|p2a: Landorus|atk|1\n|-enditem|p2a: Landorus|Adrenaline Orb\n|-boost|p2a: Landorus|spe|1|[from] item: Adrenaline Orb\n|-unboost|p2b: Heatran|atk|1\n|turn|1\n|\n|t:|1700952426\n|switch|p1b: Ting-Lu|Ting-Lu, L50|100\/100\n|-ability|p1b: Ting-Lu|Vessel of Ruin\n|-terastallize|p1a: Glastrier|Dragon\n|move|p2a: Landorus|Swords Dance|p2a: Landorus\n|-boost|p2a: Landorus|atk|2\n|move|p2b: Heatran|Earth Power|p1b: Ting-Lu\n|-damage|p1b: Ting-Lu|91\/100\n|move|p1a: Glastrier|Iron Defense|p1a: Glastrier\n|-boost|p1a: Glastrier|def|2\n|\n|upkeep\n|turn|2\n|inactive|Wild248 has 30 seconds left.\n|inactive|Wild248 has 20 seconds left.\n|inactive|Wild248 has 15 seconds left.\n|\n|t:|1700952467\n|move|p2a: Landorus|Stomping Tantrum|p1a: Glastrier\n|-damage|p1a: Glastrier|80\/100\n|move|p2b: Heatran|Flash Cannon|p1a: Glastrier\n|-crit|p1a: Glastrier\n|-damage|p1a: Glastrier|52\/100\n|move|p1b: Ting-Lu|Stomping Tantrum|p2b: Heatran\n|-supereffective|p2b: Heatran\n|-damage|p2b: Heatran|0 fnt\n|faint|p2b: Heatran\n|move|p1a: Glastrier|Icicle Crash|p2a: Landorus|[miss]\n|-miss|p1a: Glastrier|p2a: Landorus\n|\n|-heal|p1a: Glastrier|58\/100|[from] item: Leftovers\n|upkeep\n|\n|t:|1700952473\n|switch|p2b: Farigiraf|Farigiraf, L50, F|100\/100\n|turn|3\n|\n|t:|1700952490\n|move|p2a: Landorus|Swords Dance|p2a: Landorus\n|-boost|p2a: Landorus|atk|2\n|move|p2b: Farigiraf|Psychic|p1a: Glastrier\n|-damage|p1a: Glastrier|37\/100\n|move|p1b: Ting-Lu|Heavy Slam|p2a: Landorus\n|-damage|p2a: Landorus|59\/100\n|move|p1a: Glastrier|Icicle Crash|p2a: Landorus\n|-supereffective|p2a: Landorus\n|-damage|p2a: Landorus|0 fnt\n|faint|p2a: Landorus\n|-ability|p1a: Glastrier|Chilling Neigh|boost\n|-boost|p1a: Glastrier|atk|1\n|\n|-heal|p1a: Glastrier|44\/100|[from] item: Leftovers\n|upkeep\n|\n|t:|1700952499\n|switch|p2a: Tyranitar|Tyranitar, L50, M|100\/100\n|-weather|Sandstorm|[from] ability: Sand Stream|[of] p2a: Tyranitar\n|turn|4\n|\n|t:|1700952510\n|-terastallize|p2a: Tyranitar|Water\n|move|p2b: Farigiraf|Helping Hand|p2a: Tyranitar\n|-singleturn|p2a: Tyranitar|Helping Hand|[of] p2b: Farigiraf\n|move|p2a: Tyranitar|Knock Off|p1a: Glastrier\n|-damage|p1a: Glastrier|17\/100\n|-enditem|p1a: Glastrier|Leftovers|[from] move: Knock Off|[of] p2a: Tyranitar\n|move|p1b: Ting-Lu|Stomping Tantrum|p2a: Tyranitar\n|-damage|p2a: Tyranitar|71\/100\n|move|p1a: Glastrier|Body Press|p2a: Tyranitar\n|-damage|p2a: Tyranitar|22\/100\n|\n|-weather|Sandstorm|[upkeep]\n|-damage|p2a: Tyranitar|16\/100|[from] Sandstorm\n|-damage|p2b: Farigiraf|94\/100|[from] Sandstorm\n|-damage|p1a: Glastrier|11\/100|[from] Sandstorm\n|upkeep\n|turn|5\n|-message|Wild248 forfeited.\n|\n|win|tyl8\n|raw|tyl8's rating: 1547 &rarr; <strong>1562<\/strong><br \/>(+15 for winning)\n|raw|Wild248's rating: 1466 &rarr; <strong>1451<\/strong><br \/>(-15 for losing)\n|l|\u2606Wild248\n|c|\u2606tyl8|Gg\n","uploadtime":1700952523,"views":1,"p1id":"tyl8","p2id":"wild248","formatid":"gen9vgc2023regulatione","rating":1451,"private":0,"password":""}