{"id":"gen9vgc2023regulatione-1988831571","p1":"ay-rei","p2":"Cheeseless","format":"[Gen 9] VGC 2023 Regulation E","log":"|j|\u2606ay-rei\n|j|\u203dCheeseless\n|t:|1699769924\n|gametype|doubles\n|player|p1|ay-rei|pokemaniac|1422\n|player|p2|Cheeseless|acetrainerf-gen4dp|1442\n|teamsize|p1|6\n|teamsize|p2|6\n|gen|9\n|tier|[Gen 9] VGC 2023 Regulation E\n|rated|\n|rule|Species Clause: Limit one of each Pok\u00e9mon\n|rule|Item Clause: Limit one of each item\n|clearpoke\n|poke|p1|Ninetales-Alola, L50, F|\n|poke|p1|Ogerpon-Wellspring, L50, F|\n|poke|p1|Heatran, L50, M|\n|poke|p1|Cresselia, L50, F|\n|poke|p1|Iron Bundle, L50|\n|poke|p1|Iron Hands, L50|\n|poke|p2|Indeedee-F, L50, F|\n|poke|p2|Armarouge, L50, M|\n|poke|p2|Sylveon, L50, M|\n|poke|p2|Ursaluna, L50, F|\n|poke|p2|Urshifu-*, L50, F|\n|poke|p2|Torkoal, L50, M|\n|teampreview|4\n|inactive|Battle timer is ON: inactive players will automatically lose when time's up. (requested by Cheeseless)\n|inactive|ay-rei also wants the timer to be on.\n|inactive|ay-rei has 60 seconds left.\n|\n|t:|1699769981\n|start\n|switch|p1a: Ogerpon|Ogerpon-Wellspring, L50, F|100\/100\n|switch|p1b: Iron Hands|Iron Hands, L50|100\/100\n|switch|p2a: Indeedee|Indeedee-F, L50, F|100\/100\n|switch|p2b: Armarouge|Armarouge, L50, M|100\/100\n|-fieldstart|move: Psychic Terrain|[from] ability: Psychic Surge|[of] p2a: Indeedee\n|-enditem|p2a: Indeedee|Psychic Seed\n|-boost|p2a: Indeedee|spd|1|[from] item: Psychic Seed\n|turn|1\n|inactive|Cheeseless has 30 seconds left.\n|\n|t:|1699770008\n|-terastallize|p2b: Armarouge|Grass\n|move|p2a: Indeedee|Helping Hand|p2b: Armarouge\n|-singleturn|p2b: Armarouge|Helping Hand|[of] p2a: Indeedee\n|move|p1a: Ogerpon|Ivy Cudgel|p2b: Armarouge\n|-resisted|p2b: Armarouge\n|-crit|p2b: Armarouge\n|-damage|p2b: Armarouge|62\/100\n|move|p2b: Armarouge|Expanding Force|p1b: Iron Hands|[spread] p1a,p1b\n|-supereffective|p1b: Iron Hands\n|-damage|p1a: Ogerpon|0 fnt\n|-damage|p1b: Iron Hands|0 fnt\n|faint|p1a: Ogerpon\n|faint|p1b: Iron Hands\n|-end|p1b: Iron Hands|Quark Drive|[silent]\n|\n|upkeep\n|\n|t:|1699770020\n|switch|p1a: Ninetales|Ninetales-Alola, L50, F|100\/100\n|switch|p1b: Heatran|Heatran, L50, M|100\/100\n|-weather|Snow|[from] ability: Snow Warning|[of] p1a: Ninetales\n|turn|2\n|\n|t:|1699770035\n|move|p1a: Ninetales|Blizzard|p2b: Armarouge|[spread] p2a,p2b\n|-supereffective|p2b: Armarouge\n|-damage|p2a: Indeedee|80\/100\n|-damage|p2b: Armarouge|0 fnt\n|faint|p2b: Armarouge\n|move|p1b: Heatran|Flash Cannon|p2a: Indeedee\n|-damage|p2a: Indeedee|38\/100\n|-damage|p1b: Heatran|91\/100|[from] item: Life Orb\n|move|p2a: Indeedee|Trick Room|p2a: Indeedee\n|-fieldstart|move: Trick Room|[of] p2a: Indeedee\n|\n|-weather|Snow|[upkeep]\n|upkeep\n|\n|t:|1699770045\n|switch|p2b: Ursaluna|Ursaluna, L50, F|100\/100\n|turn|3\n|\n|t:|1699770069\n|-terastallize|p1b: Heatran|Fairy\n|move|p2b: Ursaluna|Protect|p2b: Ursaluna\n|-singleturn|p2b: Ursaluna|Protect\n|move|p2a: Indeedee|Dazzling Gleam|p1b: Heatran|[spread] p1a,p1b\n|-damage|p1a: Ninetales|84\/100\n|-damage|p1b: Heatran|80\/100\n|move|p1b: Heatran|Heat Wave|p2b: Ursaluna|[spread] p2a\n|-activate|p2b: Ursaluna|move: Protect\n|-damage|p2a: Indeedee|0 fnt\n|faint|p2a: Indeedee\n|-damage|p1b: Heatran|70\/100|[from] item: Life Orb\n|move|p1a: Ninetales|Blizzard|p2b: Ursaluna\n|-activate|p2b: Ursaluna|move: Protect\n|\n|-weather|Snow|[upkeep]\n|-status|p2b: Ursaluna|brn|[from] item: Flame Orb\n|upkeep\n|\n|t:|1699770084\n|switch|p2a: Sylveon|Sylveon, L50, M|100\/100\n|turn|4\n|\n|t:|1699770099\n|move|p2b: Ursaluna|Facade|p1a: Ninetales\n|-damage|p1a: Ninetales|0 fnt\n|faint|p1a: Ninetales\n|move|p2a: Sylveon|Hyper Voice|p1b: Heatran\n|-damage|p1b: Heatran|23\/100\n|-enditem|p2a: Sylveon|Throat Spray\n|-boost|p2a: Sylveon|spa|1|[from] item: Throat Spray\n|move|p1b: Heatran|Heat Wave|p2b: Ursaluna|[spread] p2a,p2b\n|-damage|p2a: Sylveon|63\/100\n|-damage|p2b: Ursaluna|58\/100 brn\n|-damage|p1b: Heatran|14\/100|[from] item: Life Orb\n|\n|-weather|Snow|[upkeep]\n|-damage|p2b: Ursaluna|52\/100 brn|[from] brn\n|upkeep\n|turn|5\n|-message|ay-rei forfeited.\n|\n|win|Cheeseless\n|raw|ay-rei's rating: 1422 &rarr; <strong>1403<\/strong><br \/>(-19 for losing)\n|raw|Cheeseless's rating: 1442 &rarr; <strong>1461<\/strong><br \/>(+19 for winning)\n|l|\u2606ay-rei\n","uploadtime":1699770120,"views":23,"p1id":"ayrei","p2id":"cheeseless","formatid":"gen9vgc2023regulatione","rating":1403,"private":0,"password":""}