{"id":"gen9vgc2023regulatione-1999074751","p1":"Rodito19","p2":"Jack00VGC","format":"[Gen 9] VGC 2023 Regulation E","log":"|j|\u2606Rodito19\n|j|\u2606Jack00VGC\n|t:|1701030448\n|gametype|doubles\n|player|p1|Rodito19|ethan|1061\n|player|p2|Jack00VGC|alder|1118\n|teamsize|p1|6\n|teamsize|p2|6\n|gen|9\n|tier|[Gen 9] VGC 2023 Regulation E\n|rated|\n|rule|Species Clause: Limit one of each Pok\u00e9mon\n|rule|Item Clause: Limit one of each item\n|clearpoke\n|poke|p1|Lurantis, L50, M|\n|poke|p1|Oranguru, L50, M|\n|poke|p1|Ursaluna-Bloodmoon, L50, M|\n|poke|p1|Toxapex, L50, F|\n|poke|p1|Cresselia, L50, F|\n|poke|p1|Enamorus-Therian, L50, F|\n|poke|p2|Flutter Mane, L50|\n|poke|p2|Ogerpon-Wellspring, L50, F|\n|poke|p2|Indeedee-F, L50, F|\n|poke|p2|Chi-Yu, L50|\n|poke|p2|Regieleki, L50|\n|poke|p2|Tornadus, L50, M|\n|teampreview|4\n|inactive|Battle timer is ON: inactive players will automatically lose when time's up. (requested by Jack00VGC)\nJack00VGC rejected open team sheets.\n|inactive|Jack00VGC has 60 seconds left.\n|\n|t:|1701030485\n|start\n|switch|p1a: Lurantis|Lurantis, L50, M|100\/100\n|switch|p1b: Oranguru|Oranguru, L50, M|100\/100\n|switch|p2a: Tornadus|Tornadus, L50, M|100\/100\n|switch|p2b: Ogerpon|Ogerpon-Wellspring, L50, F|100\/100\n|turn|1\n|inactive|Rodito19 has 30 seconds left.\n|inactive|Rodito19 has 20 seconds left.\n|inactive|Rodito19 has 15 seconds left.\n|inactive|Rodito19 has 10 seconds left.\n|inactive|Rodito19 has 5 seconds left.\n|\n|t:|1701030539\n|-terastallize|p2b: Ogerpon|Water\n|detailschange|p2b: Ogerpon|Ogerpon-Wellspring-Tera, L50, F, tera:Water\n|-ability|p2b: Ogerpon|Embody Aspect (Wellspring)|boost\n|-boost|p2b: Ogerpon|spd|1\n|move|p2b: Ogerpon|Ivy Cudgel|p1b: Oranguru|[anim] Ivy Cudgel Water\n|-damage|p1b: Oranguru|31\/100\n|move|p2a: Tornadus|Bleakwind Storm|p1b: Oranguru|[spread] p1a,p1b\n|-supereffective|p1a: Lurantis\n|-damage|p1a: Lurantis|35\/100\n|-damage|p1b: Oranguru|10\/100\n|-boost|p1a: Lurantis|spe|1\n|move|p1a: Lurantis|Leaf Storm|p2b: Ogerpon\n|-supereffective|p2b: Ogerpon\n|-damage|p2b: Ogerpon|30\/100\n|-boost|p1a: Lurantis|spa|2\n|move|p1b: Oranguru|Trick Room|p1b: Oranguru\n|-fieldstart|move: Trick Room|[of] p1b: Oranguru\n|\n|-heal|p1a: Lurantis|41\/100|[from] item: Leftovers\n|upkeep\n|turn|2\n|inactive|Rodito19 has 30 seconds left.\n|inactive|Rodito19 has 20 seconds left.\n|\n|t:|1701030578\n|move|p2b: Ogerpon|Spiky Shield|p2b: Ogerpon\n|-singleturn|p2b: Ogerpon|move: Protect\n|move|p1b: Oranguru|Instruct|p1a: Lurantis\n|-singleturn|p1a: Lurantis|move: Instruct|[of] p1b: Oranguru\n|move|p1a: Lurantis|Leaf Storm|p2b: Ogerpon\n|-activate|p2b: Ogerpon|move: Protect\n|move|p1a: Lurantis|Giga Drain|p2a: Tornadus\n|-resisted|p2a: Tornadus\n|-damage|p2a: Tornadus|81\/100\n|-heal|p1a: Lurantis|51\/100|[from] drain|[of] p2a: Tornadus\n|move|p2a: Tornadus|Bleakwind Storm|p1b: Oranguru|[spread] p1a,p1b\n|-supereffective|p1a: Lurantis\n|-damage|p1a: Lurantis|0 fnt\n|-damage|p1b: Oranguru|0 fnt\n|faint|p1a: Lurantis\n|faint|p1b: Oranguru\n|\n|upkeep\n|\n|t:|1701030592\n|switch|p1a: Ursaluna|Ursaluna-Bloodmoon, L50, M|100\/100\n|switch|p1b: Enamorus|Enamorus-Therian, L50, F, shiny|100\/100\n|turn|3\n|\n|t:|1701030610\n|move|p2a: Tornadus|Rain Dance|p2a: Tornadus\n|-weather|RainDance\n|move|p1b: Enamorus|Dazzling Gleam|p2b: Ogerpon|[spread] p2a,p2b\n|-damage|p2a: Tornadus|50\/100\n|-damage|p2b: Ogerpon|0 fnt\n|faint|p2b: Ogerpon\n|-damage|p1b: Enamorus|91\/100|[from] item: Life Orb\n|move|p1a: Ursaluna|Hyper Voice|p2a: Tornadus\n|-damage|p2a: Tornadus|6\/100\n|\n|-weather|RainDance|[upkeep]\n|upkeep\n|\n|t:|1701030620\n|switch|p2b: Indeedee|Indeedee-F, L50, F|100\/100\n|-fieldstart|move: Psychic Terrain|[from] ability: Psychic Surge|[of] p2b: Indeedee\n|-enditem|p2b: Indeedee|Psychic Seed\n|-boost|p2b: Indeedee|spd|1|[from] item: Psychic Seed\n|turn|4\n|inactive|Rodito19 has 30 seconds left.\n|inactive|Rodito19 has 20 seconds left.\n|inactive|Rodito19 has 15 seconds left.\n|inactive|Rodito19 has 10 seconds left.\n|inactive|Rodito19 has 5 seconds left.\n|\n|t:|1701030675\n|move|p2a: Tornadus|Protect|p2a: Tornadus\n|-singleturn|p2a: Tornadus|Protect\n|move|p1b: Enamorus|Dazzling Gleam|p2b: Indeedee|[spread] p2b\n|-activate|p2a: Tornadus|move: Protect\n|-damage|p2b: Indeedee|74\/100\n|-damage|p1b: Enamorus|81\/100|[from] item: Life Orb\n|move|p1a: Ursaluna|Earth Power|p2a: Tornadus\n|-activate|p2a: Tornadus|move: Protect\n|move|p2b: Indeedee|Psychic|p1a: Ursaluna\n|-damage|p1a: Ursaluna|64\/100\n|\n|-weather|RainDance|[upkeep]\n|upkeep\n|turn|5\n|inactive|Rodito19 has 30 seconds left.\n|inactive|Jack00VGC has 30 seconds left.\n|inactive|Rodito19 has 20 seconds left.\n|inactive|Rodito19 has 15 seconds left.\n|inactive|Jack00VGC has 20 seconds left.\n|inactive|Rodito19 has 10 seconds left.\n|inactive|Jack00VGC has 15 seconds left.\n|inactive|Rodito19 has 5 seconds left.\n|\n|t:|1701030730\n|move|p2a: Tornadus|Tailwind|p2a: Tornadus\n|-sidestart|p2: Jack00VGC|move: Tailwind\n|move|p1b: Enamorus|Dazzling Gleam|p2a: Tornadus|[spread] p2a,p2b\n|-damage|p2a: Tornadus|0 fnt\n|-damage|p2b: Indeedee|41\/100\n|faint|p2a: Tornadus\n|-damage|p1b: Enamorus|71\/100|[from] item: Life Orb\n|move|p1a: Ursaluna|Earth Power|p2b: Indeedee\n|-damage|p2b: Indeedee|7\/100\n|move|p2b: Indeedee|Psychic|p1b: Enamorus\n|-damage|p1b: Enamorus|31\/100\n|\n|-weather|RainDance|[upkeep]\n|-fieldend|move: Trick Room\n|upkeep\n|\n|t:|1701030743\n|switch|p2a: Chi-Yu|Chi-Yu, L50|100\/100\n|-ability|p2a: Chi-Yu|Beads of Ruin\n|turn|6\n|inactive|Rodito19 has 30 seconds left.\n|inactive|Jack00VGC has 30 seconds left.\n|inactive|Rodito19 has 20 seconds left.\n|inactive|Jack00VGC has 20 seconds left.\n|inactive|Rodito19 has 15 seconds left.\n|inactive|Rodito19 has 10 seconds left.\n|inactive|Rodito19 has 5 seconds left.\n|inactive|Jack00VGC has 15 seconds left.\n|inactive|Jack00VGC has 10 seconds left.\n|\n|t:|1701030799\n|move|p2b: Indeedee|Helping Hand|p2a: Chi-Yu\n|-singleturn|p2a: Chi-Yu|Helping Hand|[of] p2b: Indeedee\n|move|p2a: Chi-Yu|Heat Wave|p1a: Ursaluna|[spread] p1a,p1b\n|-damage|p1a: Ursaluna|23\/100\n|-damage|p1b: Enamorus|0 fnt\n|faint|p1b: Enamorus\n|-damage|p2a: Chi-Yu|90\/100|[from] item: Life Orb\n|move|p1a: Ursaluna|Earth Power|p2a: Chi-Yu\n|-supereffective|p2a: Chi-Yu\n|-damage|p2a: Chi-Yu|0 fnt\n|faint|p2a: Chi-Yu\n|\n|-weather|RainDance|[upkeep]\n|upkeep\n|turn|7\n|inactive|Rodito19 has 30 seconds left.\n|inactive|Jack00VGC has 30 seconds left.\n|inactive|Rodito19 has 20 seconds left.\n|c|\u2606Jack00VGC|ggz\n|inactive|Rodito19 has 15 seconds left.\n|inactive|Rodito19 has 10 seconds left.\n|inactive|Rodito19 has 5 seconds left.\n|\n|t:|1701030854\n|move|p2b: Indeedee|Psychic|p1a: Ursaluna\n|-crit|p1a: Ursaluna\n|-damage|p1a: Ursaluna|0 fnt\n|faint|p1a: Ursaluna\n|\n|win|Jack00VGC\n|raw|Rodito19's rating: 1061 &rarr; <strong>1045<\/strong><br \/>(-16 for losing)\n|raw|Jack00VGC's rating: 1118 &rarr; <strong>1139<\/strong><br \/>(+21 for winning)\n","uploadtime":1701030860,"views":3,"p1id":"rodito19","p2id":"jack00vgc","formatid":"gen9vgc2023regulatione","rating":1045,"private":0,"password":""}