{"id":"gen9vgc2023regulatione-1995354567","p1":"MasterJ5000","p2":"vilniusbelfast","format":"[Gen 9] VGC 2023 Regulation E","log":"|j|\u2606MasterJ5000\n|j|\u2606vilniusbelfast\n|t:|1700558832\n|gametype|doubles\n|player|p1|MasterJ5000|2|1294\n|player|p2|vilniusbelfast|101|1188\n|teamsize|p1|6\n|teamsize|p2|6\n|gen|9\n|tier|[Gen 9] VGC 2023 Regulation E\n|rated|\n|rule|Species Clause: Limit one of each Pok\u00e9mon\n|rule|Item Clause: Limit one of each item\n|clearpoke\n|poke|p1|Golem-Alola, L50, F|\n|poke|p1|Thundurus-Therian, L50, M|\n|poke|p1|Kilowattrel, L50, M|\n|poke|p1|Grafaiai, L50, M|\n|poke|p1|Bellibolt, L50, M|\n|poke|p1|Iron Bundle, L50|\n|poke|p2|Sinistcha, L50|\n|poke|p2|Ninetales-Alola, L50, M|\n|poke|p2|Baxcalibur, L50, M|\n|poke|p2|Tauros-Paldea-Blaze, L50, M|\n|poke|p2|Heatran, L50, F|\n|poke|p2|Dondozo, L50, M|\n|teampreview|4\n|inactive|Battle timer is ON: inactive players will automatically lose when time's up. (requested by vilniusbelfast)\nvilniusbelfast rejected open team sheets.\n|\n|t:|1700558865\n|start\n|switch|p1a: Grafaiai|Grafaiai, L50, M|100\/100\n|switch|p1b: Golem|Golem-Alola, L50, F|100\/100\n|switch|p2a: Ninetales|Ninetales-Alola, L50, M|100\/100\n|switch|p2b: Tauros|Tauros-Paldea-Blaze, L50, M|100\/100\n|-ability|p2b: Tauros|Intimidate|boost\n|-unboost|p1a: Grafaiai|atk|1\n|-unboost|p1b: Golem|atk|1\n|-weather|Snow|[from] ability: Snow Warning|[of] p2a: Ninetales\n|turn|1\n|\n|t:|1700558883\n|move|p1a: Grafaiai|Rain Dance|p1a: Grafaiai\n|-weather|RainDance\n|move|p2b: Tauros|Close Combat|p1b: Golem\n|-supereffective|p1b: Golem\n|-damage|p1b: Golem|7\/100\n|-unboost|p2b: Tauros|def|1\n|-unboost|p2b: Tauros|spd|1\n|move|p2a: Ninetales|Aurora Veil||[still]\n|-fail|p2a: Ninetales\n|move|p1b: Golem|Explosion|p2b: Tauros|[spread] p1a,p2a,p2b\n|-damage|p1a: Grafaiai|0 fnt\n|-damage|p2a: Ninetales|0 fnt\n|-damage|p2b: Tauros|0 fnt\n|faint|p1b: Golem\n|faint|p1a: Grafaiai\n|faint|p2a: Ninetales\n|faint|p2b: Tauros\n|\n|-weather|RainDance|[upkeep]\n|upkeep\n|l|\u2606vilniusbelfast\n|inactive|vilniusbelfast disconnected and has a minute to reconnect!\n|player|p2|\n|j|\u2606vilniusbelfast\n|inactive|vilniusbelfast reconnected and has 35 seconds left.\n|player|p2|vilniusbelfast|101\n|inactive|vilniusbelfast has 30 seconds left.\n|\n|t:|1700558908\n|switch|p2a: Sinistcha|Sinistcha, L50|100\/100\n|switch|p2b: Heatran|Heatran, L50, F|100\/100\n|switch|p1a: Kilowattrel|Kilowattrel, L50, M|100\/100\n|switch|p1b: Bellibolt|Bellibolt, L50, M|100\/100\n|turn|2\n|\n|t:|1700558921\n|move|p1a: Kilowattrel|Hurricane|p2a: Sinistcha\n|-supereffective|p2a: Sinistcha\n|-damage|p2a: Sinistcha|0 fnt\n|faint|p2a: Sinistcha\n|move|p2b: Heatran|Earth Power|p1b: Bellibolt\n|-supereffective|p1b: Bellibolt\n|-damage|p1b: Bellibolt|58\/100\n|-start|p1b: Bellibolt|Charge|Earth Power|[from] ability: Electromorphosis\n|move|p1b: Bellibolt|Muddy Water|p2b: Heatran|[miss]\n|-miss|p1b: Bellibolt|p2b: Heatran\n|\n|-weather|RainDance|[upkeep]\n|upkeep\n|turn|3\n|\n|t:|1700558940\n|-terastallize|p1b: Bellibolt|Grass\n|move|p1a: Kilowattrel|Volt Switch|p2b: Heatran\n|-damage|p2b: Heatran|74\/100\n|move|p2b: Heatran|Earth Power|p1b: Bellibolt\n|-resisted|p1b: Bellibolt\n|-damage|p1b: Bellibolt|49\/100\n|-unboost|p1b: Bellibolt|spd|1\n|-start|p1b: Bellibolt|Charge|Earth Power|[from] ability: Electromorphosis\n|move|p1b: Bellibolt|Muddy Water|p2b: Heatran\n|-supereffective|p2b: Heatran\n|-damage|p2b: Heatran|4\/100\n|\n|-weather|RainDance|[upkeep]\n|-heal|p2b: Heatran|10\/100|[from] item: Leftovers\n|upkeep\n|turn|4\n|\n|t:|1700558959\n|move|p2b: Heatran|Protect|p2b: Heatran\n|-singleturn|p2b: Heatran|Protect\n|move|p1b: Bellibolt|Sucker Punch||[still]\n|-fail|p1b: Bellibolt\n|move|p1a: Kilowattrel|Volt Switch|p2b: Heatran\n|-activate|p2b: Heatran|move: Protect\n|\n|-weather|RainDance|[upkeep]\n|-heal|p2b: Heatran|16\/100|[from] item: Leftovers\n|upkeep\n|turn|5\n|\n|t:|1700558972\n|-terastallize|p2b: Heatran|Grass\n|move|p1a: Kilowattrel|Volt Switch|p2b: Heatran\n|-resisted|p2b: Heatran\n|-damage|p2b: Heatran|2\/100\n|move|p2b: Heatran|Heat Wave|p1a: Kilowattrel|[spread] p1a,p1b\n|-supereffective|p1b: Bellibolt\n|-damage|p1a: Kilowattrel|68\/100\n|-damage|p1b: Bellibolt|12\/100\n|-start|p1b: Bellibolt|Charge|Heat Wave|[from] ability: Electromorphosis\n|move|p1b: Bellibolt|Parabolic Charge|p2b: Heatran|[spread] p2b\n|-heal|p1a: Kilowattrel|92\/100|[from] ability: Volt Absorb|[of] p1b: Bellibolt\n|-resisted|p2b: Heatran\n|-damage|p2b: Heatran|0 fnt\n|-heal|p1b: Bellibolt|13\/100|[from] drain|[of] p2b: Heatran\n|faint|p2b: Heatran\n|-end|p1b: Bellibolt|Charge|[silent]\n|\n|win|MasterJ5000\n|raw|MasterJ5000's rating: 1294 &rarr; <strong>1312<\/strong><br \/>(+18 for winning)\n|raw|vilniusbelfast's rating: 1188 &rarr; <strong>1170<\/strong><br \/>(-18 for losing)\n|l|\u2606vilniusbelfast\n","uploadtime":1700558995,"views":1,"p1id":"masterj5000","p2id":"vilniusbelfast","formatid":"gen9vgc2023regulatione","rating":1170,"private":0,"password":""}