{"id":"gen9vgc2023regulatione-1994336411","p1":"kakdaddy","p2":"touhou ost","format":"[Gen 9] VGC 2023 Regulation E","log":"|j|\u2606kakdaddy\n|j|\u2606touhou ost\n|t:|1700432471\n|gametype|doubles\n|player|p1|kakdaddy|169|1350\n|player|p2|touhou ost|169|1420\n|teamsize|p1|6\n|teamsize|p2|6\n|gen|9\n|tier|[Gen 9] VGC 2023 Regulation E\n|rated|\n|rule|Species Clause: Limit one of each Pok\u00e9mon\n|rule|Item Clause: Limit one of each item\n|clearpoke\n|poke|p1|Cresselia, L50, F|\n|poke|p1|Iron Hands, L50|\n|poke|p1|Regidrago, L50|\n|poke|p1|Gholdengo, L50|\n|poke|p1|Tornadus, L50, M|\n|poke|p1|Urshifu-*, L50, F|\n|poke|p2|Ogerpon-Hearthflame, L50, F|\n|poke|p2|Urshifu-*, L50, M|\n|poke|p2|Tornadus, L50, M|\n|poke|p2|Landorus-Therian, L50, M|\n|poke|p2|Flutter Mane, L50|\n|poke|p2|Kingambit, L50, M|\n|teampreview|4\n|inactive|Battle timer is ON: inactive players will automatically lose when time's up. (requested by touhou ost)\n|j| kalianoo\n|c|\u2606kakdaddy|oop\n|c|\u2606kakdaddy|nice team\n|inactive|touhou ost has 60 seconds left.\n|\n|t:|1700432511\n|start\n|switch|p1a: Cresselia|Cresselia, L50, F|100\/100\n|switch|p1b: Iron Hands|Iron Hands, L50|100\/100\n|switch|p2a: Kingambit|Kingambit, L50, M, shiny|100\/100\n|switch|p2b: Flutter Mane|Flutter Mane, L50|100\/100\n|turn|1\n|\n|t:|1700432533\n|switch|p2a: Landorus|Landorus-Therian, L50, M|100\/100\n|-ability|p2a: Landorus|Intimidate|boost\n|-unboost|p1a: Cresselia|atk|1\n|-unboost|p1b: Iron Hands|atk|1\n|-terastallize|p2b: Flutter Mane|Fairy\n|move|p1b: Iron Hands|Fake Out|p2a: Landorus\n|-crit|p2a: Landorus\n|-damage|p2a: Landorus|72\/100\n|move|p2b: Flutter Mane|Moonblast|p1a: Cresselia\n|-damage|p1a: Cresselia|45\/100\n|move|p1a: Cresselia|Trick Room|p1a: Cresselia\n|-fieldstart|move: Trick Room|[of] p1a: Cresselia\n|\n|upkeep\n|turn|2\n|c|\u2606touhou ost|i miss clicked\n|c|\u2606touhou ost|gg\n|inactive|kakdaddy has 30 seconds left.\n|\n|t:|1700432558\n|-terastallize|p1b: Iron Hands|Grass\n|move|p1b: Iron Hands|Thunder Punch|p2b: Flutter Mane\n|-damage|p2b: Flutter Mane|49\/100\n|move|p1a: Cresselia|Lunar Blessing|p1a: Cresselia|[spread] p1a,p1b\n|-heal|p1a: Cresselia|70\/100\n|move|p2b: Flutter Mane|Moonblast|p1b: Iron Hands\n|-damage|p1b: Iron Hands|32\/100\n|move|p2a: Landorus|Stomping Tantrum|p1b: Iron Hands\n|-resisted|p1b: Iron Hands\n|-damage|p1b: Iron Hands|17\/100\n|\n|-heal|p1b: Iron Hands|23\/100|[from] item: Leftovers\n|upkeep\n|turn|3\n|inactive|touhou ost has 30 seconds left.\n|c|\u2606kakdaddy|lets play it out\n|c|\u2606touhou ost|na its over\n|c|\u2606kakdaddy|this is my alternate team btw\n|inactive|touhou ost has 20 seconds left.\n|inactive|touhou ost has 15 seconds left.\n|c|\u2606kakdaddy|the team you use is my primary team\n|inactive|touhou ost has 10 seconds left.\n|c|\u2606touhou ost|cool\n|inactive|touhou ost has 5 seconds left.\n|\n|t:|1700432610\n|-end|p2b: Flutter Mane|Protosynthesis|[silent]\n|switch|p2b: Ogerpon|Ogerpon-Hearthflame, L50, F|100\/100\n|-ability|p2b: Ogerpon|Mold Breaker\n|switch|p2a: Kingambit|Kingambit, L50, M, shiny|100\/100\n|move|p1b: Iron Hands|Thunder Punch|p2b: Ogerpon\n|-resisted|p2b: Ogerpon\n|-damage|p2b: Ogerpon|86\/100\n|-status|p2b: Ogerpon|par\n|move|p1a: Cresselia|Lunar Blessing|p1a: Cresselia|[spread] p1a,p1b\n|-heal|p1a: Cresselia|95\/100\n|-heal|p1b: Iron Hands|48\/100\n|\n|-heal|p1b: Iron Hands|54\/100|[from] item: Leftovers\n|upkeep\n|turn|4\n|inactive|kakdaddy has 30 seconds left.\n|\n|t:|1700432638\n|move|p1a: Cresselia|Protect|p1a: Cresselia\n|-singleturn|p1a: Cresselia|Protect\n|cant|p2b: Ogerpon|par\n|move|p1b: Iron Hands|Drain Punch|p2a: Kingambit\n|-supereffective|p2a: Kingambit\n|-damage|p2a: Kingambit|17\/100\n|-heal|p1b: Iron Hands|92\/100|[from] drain|[of] p2a: Kingambit\n|move|p2a: Kingambit|Kowtow Cleave|p1a: Cresselia\n|-activate|p1a: Cresselia|move: Protect\n|\n|-heal|p1b: Iron Hands|98\/100|[from] item: Leftovers\n|upkeep\n|turn|5\n|inactive|kakdaddy has 30 seconds left.\n|\n|t:|1700432667\n|move|p2a: Kingambit|Protect|p2a: Kingambit\n|-singleturn|p2a: Kingambit|Protect\n|move|p2b: Ogerpon|Ivy Cudgel|p1b: Iron Hands|[anim] Ivy Cudgel Fire\n|-supereffective|p1b: Iron Hands\n|-damage|p1b: Iron Hands|16\/100\n|move|p1b: Iron Hands|Drain Punch|p2a: Kingambit\n|-activate|p2a: Kingambit|move: Protect\n|move|p1a: Cresselia|Skill Swap|p2a: Kingambit\n|-activate|p2a: Kingambit|move: Protect\n|\n|-heal|p1b: Iron Hands|22\/100|[from] item: Leftovers\n|-fieldend|move: Trick Room\n|upkeep\n|turn|6\n|inactive|touhou ost has 30 seconds left.\n|\n|t:|1700432702\n|move|p2a: Kingambit|Kowtow Cleave|p1a: Cresselia\n|-supereffective|p1a: Cresselia\n|-damage|p1a: Cresselia|24\/100\n|move|p1b: Iron Hands|Drain Punch|p2a: Kingambit\n|-supereffective|p2a: Kingambit\n|-damage|p2a: Kingambit|0 fnt\n|-heal|p1b: Iron Hands|30\/100|[from] drain|[of] p2a: Kingambit\n|faint|p2a: Kingambit\n|cant|p2b: Ogerpon|par\n|move|p1a: Cresselia|Trick Room|p1a: Cresselia\n|-fieldstart|move: Trick Room|[of] p1a: Cresselia\n|\n|-heal|p1b: Iron Hands|36\/100|[from] item: Leftovers\n|upkeep\n|-message|touhou ost forfeited.\n|\n|win|kakdaddy\n|raw|kakdaddy's rating: 1350 &rarr; <strong>1374<\/strong><br \/>(+24 for winning)\n|raw|touhou ost's rating: 1420 &rarr; <strong>1396<\/strong><br \/>(-24 for losing)\n|l|\u2606touhou ost\n","uploadtime":1700432716,"views":10,"p1id":"kakdaddy","p2id":"touhouost","formatid":"gen9vgc2023regulatione","rating":1374,"private":0,"password":""}