{"id":"gen9vgc2023regulatione-1997600564","p1":"slow blade","p2":"allpot","format":"[Gen 9] VGC 2023 Regulation E","log":"|j|\u2606slow blade\n|j|\u2606allpot\n|t:|1700831356\n|gametype|doubles\n|player|p1|slow blade|red|1067\n|player|p2|allpot|eusine|1000\n|teamsize|p1|6\n|teamsize|p2|6\n|gen|9\n|tier|[Gen 9] VGC 2023 Regulation E\n|rated|\n|rule|Species Clause: Limit one of each Pok\u00e9mon\n|rule|Item Clause: Limit one of each item\n|clearpoke\n|poke|p1|Pawmot, L50, F|\n|poke|p1|Rabsca, L50, F|\n|poke|p1|Basculegion, L50, M|\n|poke|p1|Golem-Alola, L50, F|\n|poke|p1|Pelipper, L50, F|\n|poke|p1|Grafaiai, L50, F|\n|poke|p2|Gholdengo, L50|\n|poke|p2|Dusclops, L50, F|\n|poke|p2|Chi-Yu, L50|\n|poke|p2|Sinistcha-Masterpiece, L50|\n|poke|p2|Ogerpon-Wellspring, L50, F|\n|poke|p2|Arcanine-Hisui, L50, M|\n|teampreview|4\n|inactive|Battle timer is ON: inactive players will automatically lose when time's up. (requested by slow blade)\n|inactive|allpot has 60 seconds left.\n|\n|t:|1700831392\n|start\n|switch|p1a: Golem|Golem-Alola, L50, F, shiny|100\/100\n|switch|p1b: Pawmot|Pawmot, L50, F, shiny|100\/100\n|switch|p2a: Dusclops|Dusclops, L50, F|100\/100\n|switch|p2b: Chi-Yu|Chi-Yu, L50|100\/100\n|-ability|p2b: Chi-Yu|Beads of Ruin\n|-ability|p2a: Dusclops|Pressure\n|turn|1\n|\n|t:|1700831411\n|move|p1b: Pawmot|Fake Out|p2b: Chi-Yu\n|-damage|p2b: Chi-Yu|84\/100\n|cant|p2b: Chi-Yu|flinch\n|move|p2a: Dusclops|Taunt|p1b: Pawmot\n|-start|p1b: Pawmot|move: Taunt\n|move|p1a: Golem|Explosion|p2b: Chi-Yu|[spread] p2a,p2b\n|-immune|p1b: Pawmot|[from] ability: Volt Absorb\n|-damage|p2a: Dusclops|31\/100\n|-damage|p2b: Chi-Yu|0 fnt\n|faint|p1a: Golem\n|faint|p2b: Chi-Yu\n|\n|upkeep\n|\n|t:|1700831427\n|switch|p2b: Gholdengo|Gholdengo, L50|100\/100\n|switch|p1a: Pelipper|Pelipper, L50, F, shiny|100\/100\n|-weather|RainDance|[from] ability: Drizzle|[of] p1a: Pelipper\n|turn|2\n|inactive|slow blade has 30 seconds left.\n|\n|t:|1700831453\n|move|p1b: Pawmot|Double Shock|p2a: Dusclops\n|-damage|p2a: Dusclops|0 fnt\n|-start|p1b: Pawmot|typechange|???\/Fighting|[from] move: Double Shock\n|faint|p2a: Dusclops\n|move|p2b: Gholdengo|Nasty Plot|p2b: Gholdengo\n|-boost|p2b: Gholdengo|spa|2\n|move|p1a: Pelipper|Weather Ball|p2b: Gholdengo\n|-damage|p2b: Gholdengo|26\/100\n|\n|-weather|RainDance|[upkeep]\n|upkeep\n|\n|t:|1700831467\n|switch|p2a: Sinistcha|Sinistcha-Masterpiece, L50, shiny|100\/100\n|-heal|p2b: Gholdengo|51\/100|[from] ability: Hospitality|[of] p2a: Sinistcha\n|turn|3\n|inactive|slow blade has 30 seconds left.\n|inactive|slow blade has 20 seconds left.\n|inactive|slow blade has 15 seconds left.\n|\n|t:|1700831510\n|-terastallize|p1a: Pelipper|Steel\n|move|p1b: Pawmot|Double Shock||[still]\n|-fail|p1b: Pawmot|move: Double Shock\n|move|p2b: Gholdengo|Make It Rain|p1a: Pelipper|[spread] p1a,p1b\n|-resisted|p1a: Pelipper\n|-damage|p1a: Pelipper|8\/100\n|-enditem|p1b: Pawmot|Focus Sash\n|-damage|p1b: Pawmot|1\/100\n|-unboost|p2b: Gholdengo|spa|1\n|-enditem|p1a: Pelipper|Sitrus Berry|[eat]\n|-heal|p1a: Pelipper|32\/100|[from] item: Sitrus Berry\n|-damage|p2b: Gholdengo|41\/100|[from] item: Life Orb\n|move|p2a: Sinistcha|Matcha Gotcha|p1b: Pawmot|[spread] p1a,p1b\n|-resisted|p1a: Pelipper\n|-damage|p1a: Pelipper|9\/100\n|-damage|p1b: Pawmot|0 fnt\n|-status|p1a: Pelipper|brn\n|faint|p1b: Pawmot\n|move|p1a: Pelipper|Tailwind|p1a: Pelipper\n|-sidestart|p1: slow blade|move: Tailwind\n|\n|-weather|RainDance|[upkeep]\n|-damage|p1a: Pelipper|3\/100 brn|[from] brn\n|upkeep\n|\n|t:|1700831532\n|switch|p1b: Basculegion|Basculegion, L50, M, shiny|100\/100\n|turn|4\n|\n|t:|1700831557\n|-terastallize|p2a: Sinistcha|Grass\n|move|p1a: Pelipper|Wide Guard|p1a: Pelipper\n|-singleturn|p1a: Pelipper|Wide Guard\n|move|p1b: Basculegion|Last Respects|p2b: Gholdengo\n|-supereffective|p2b: Gholdengo\n|-damage|p2b: Gholdengo|0 fnt\n|faint|p2b: Gholdengo\n|-damage|p1b: Basculegion|91\/100|[from] item: Life Orb\n|move|p2a: Sinistcha|Matcha Gotcha|p1b: Basculegion|[spread] \n|-activate|p1a: Pelipper|move: Wide Guard\n|-activate|p1b: Basculegion|move: Wide Guard\n|\n|-weather|RainDance|[upkeep]\n|-damage|p1a: Pelipper|0 fnt|[from] brn\n|faint|p1a: Pelipper\n|upkeep\n|turn|5\n|\n|t:|1700831578\n|move|p1b: Basculegion|Last Respects|p2a: Sinistcha\n|-damage|p2a: Sinistcha|0 fnt\n|faint|p2a: Sinistcha\n|-damage|p1b: Basculegion|81\/100|[from] item: Life Orb\n|\n|win|slow blade\n|raw|slow blade's rating: 1067 &rarr; <strong>1091<\/strong><br \/>(+24 for winning)\n|raw|allpot's rating: 1000 &rarr; <strong>1000<\/strong><br \/>(+0 for losing)\n|l|\u2606allpot\n","uploadtime":1700831586,"views":2,"p1id":"slowblade","p2id":"allpot","formatid":"gen9vgc2023regulatione","rating":1000,"private":0,"password":""}