{"id":"gen9vgc2023regulatione-1989569918","p1":"Birbsandbeans","p2":"AndreMiller","format":"[Gen 9] VGC 2023 Regulation E","log":"|j|\u2606Birbsandbeans\n|j|\u2606AndreMiller\n|t:|1699872845\n|gametype|doubles\n|player|p1|Birbsandbeans|emmet|1191\n|player|p2|AndreMiller|101|1101\n|teamsize|p1|6\n|teamsize|p2|6\n|gen|9\n|tier|[Gen 9] VGC 2023 Regulation E\n|rated|\n|rule|Species Clause: Limit one of each Pok\u00e9mon\n|rule|Item Clause: Limit one of each item\n|clearpoke\n|poke|p1|Iron Hands, L50|\n|poke|p1|Rillaboom, L50, M|\n|poke|p1|Flutter Mane, L50|\n|poke|p1|Tornadus, L50, M|\n|poke|p1|Regidrago, L50|\n|poke|p1|Farigiraf, L50, F|\n|poke|p2|Dusclops, L50, F|\n|poke|p2|Ursaluna-Bloodmoon, L50, M|\n|poke|p2|Iron Hands, L50|\n|poke|p2|Armarouge, L50, F|\n|poke|p2|Indeedee-F, L50, F|\n|poke|p2|Urshifu-*, L50, M|\n|teampreview|4\n|\n|t:|1699872881\n|start\n|switch|p1a: Flutter Mane|Flutter Mane, L50|100\/100\n|switch|p1b: Regidrago|Regidrago, L50|100\/100\n|switch|p2a: Dusclops|Dusclops, L50, F|100\/100\n|switch|p2b: Ursaluna|Ursaluna-Bloodmoon, L50, M|100\/100\n|-item|p1a: Flutter Mane|Choice Specs|[from] ability: Frisk|[of] p2a: Dusclops|[identify]\n|-item|p1b: Regidrago|Draco Plate|[from] ability: Frisk|[of] p2a: Dusclops|[identify]\n|turn|1\n|\n|t:|1699872905\n|move|p2b: Ursaluna|Protect|p2b: Ursaluna\n|-singleturn|p2b: Ursaluna|Protect\n|move|p1a: Flutter Mane|Dazzling Gleam|p2a: Dusclops|[spread] p2a\n|-activate|p2b: Ursaluna|move: Protect\n|-damage|p2a: Dusclops|71\/100\n|move|p1b: Regidrago|Dragon Energy|p2a: Dusclops|[spread] p2a\n|-activate|p2b: Ursaluna|move: Protect\n|-damage|p2a: Dusclops|14\/100\n|move|p2a: Dusclops|Trick Room|p2a: Dusclops\n|-fieldstart|move: Trick Room|[of] p2a: Dusclops\n|\n|upkeep\n|turn|2\n|\n|t:|1699872925\n|-terastallize|p2b: Ursaluna|Normal\n|move|p1b: Regidrago|Protect|p1b: Regidrago\n|-singleturn|p1b: Regidrago|Protect\n|move|p2a: Dusclops|Pain Split|p1b: Regidrago\n|-activate|p1b: Regidrago|move: Protect\n|move|p2b: Ursaluna|Hyper Voice|p1a: Flutter Mane|[spread] p1a\n|-activate|p1b: Regidrago|move: Protect\n|-damage|p1a: Flutter Mane|46\/100\n|move|p1a: Flutter Mane|Dazzling Gleam|p2b: Ursaluna|[spread] p2a,p2b\n|-damage|p2a: Dusclops|0 fnt\n|-damage|p2b: Ursaluna|48\/100\n|faint|p2a: Dusclops\n|\n|upkeep\n|\n|t:|1699872939\n|switch|p2a: Iron Hands|Iron Hands, L50|100\/100\n|turn|3\n|\n|t:|1699872948\n|switch|p1b: Iron Hands|Iron Hands, L50|100\/100\n|move|p2a: Iron Hands|Fake Out|p1b: Iron Hands\n|-damage|p1b: Iron Hands|91\/100\n|move|p2b: Ursaluna|Hyper Voice|p1a: Flutter Mane|[spread] p1a,p1b\n|-damage|p1a: Flutter Mane|0 fnt\n|-damage|p1b: Iron Hands|65\/100\n|faint|p1a: Flutter Mane\n|-end|p1a: Flutter Mane|Protosynthesis|[silent]\n|\n|upkeep\n|\n|t:|1699872958\n|switch|p1a: Rillaboom|Rillaboom, L50, M|100\/100\n|-fieldstart|move: Grassy Terrain|[from] ability: Grassy Surge|[of] p1a: Rillaboom\n|turn|4\n|\n|t:|1699872981\n|move|p1b: Iron Hands|Fake Out|p2a: Iron Hands\n|-damage|p2a: Iron Hands|90\/100\n|move|p1a: Rillaboom|Grassy Glide|p2b: Ursaluna\n|-damage|p2b: Ursaluna|16\/100\n|move|p2b: Ursaluna|Blood Moon|p1a: Rillaboom\n|-damage|p1a: Rillaboom|0 fnt\n|faint|p1a: Rillaboom\n|cant|p2a: Iron Hands|flinch\n|\n|-heal|p2b: Ursaluna|22\/100|[from] Grassy Terrain\n|-heal|p2a: Iron Hands|96\/100|[from] Grassy Terrain\n|-heal|p1b: Iron Hands|71\/100|[from] Grassy Terrain\n|upkeep\n|\n|t:|1699872990\n|switch|p1a: Regidrago|Regidrago, L50|100\/100\n|turn|5\n|\n|t:|1699873009\n|move|p2b: Ursaluna|Protect|p2b: Ursaluna\n|-singleturn|p2b: Ursaluna|Protect\n|move|p1a: Regidrago|Protect|p1a: Regidrago\n|-singleturn|p1a: Regidrago|Protect\n|move|p2a: Iron Hands|Drain Punch|p1b: Iron Hands\n|-damage|p1b: Iron Hands|44\/100\n|-heal|p2a: Iron Hands|100\/100|[from] drain|[of] p1b: Iron Hands\n|move|p1b: Iron Hands|Drain Punch|p2a: Iron Hands\n|-damage|p2a: Iron Hands|72\/100\n|-heal|p1b: Iron Hands|58\/100|[from] drain|[of] p2a: Iron Hands\n|\n|-heal|p2b: Ursaluna|27\/100|[from] Grassy Terrain\n|-heal|p2a: Iron Hands|78\/100|[from] Grassy Terrain\n|-heal|p1b: Iron Hands|64\/100|[from] Grassy Terrain\n|-fieldend|move: Trick Room\n|upkeep\n|turn|6\n|\n|t:|1699873033\n|move|p1a: Regidrago|Dragon Energy|p2a: Iron Hands|[spread] p2a,p2b\n|-damage|p2a: Iron Hands|30\/100\n|-damage|p2b: Ursaluna|0 fnt\n|faint|p2b: Ursaluna\n|move|p1b: Iron Hands|Drain Punch|p2a: Iron Hands\n|-damage|p2a: Iron Hands|3\/100\n|-heal|p1b: Iron Hands|79\/100|[from] drain|[of] p2a: Iron Hands\n|move|p2a: Iron Hands|Drain Punch|p1b: Iron Hands\n|-damage|p1b: Iron Hands|51\/100\n|-heal|p2a: Iron Hands|16\/100|[from] drain|[of] p1b: Iron Hands\n|\n|-heal|p2a: Iron Hands|22\/100|[from] Grassy Terrain\n|-heal|p1b: Iron Hands|57\/100|[from] Grassy Terrain\n|upkeep\n|\n|t:|1699873046\n|switch|p2b: Urshifu|Urshifu-Rapid-Strike, L50, M|100\/100\n|turn|7\n|\n|t:|1699873067\n|move|p2b: Urshifu|Surging Strikes|p1a: Regidrago\n|-resisted|p1a: Regidrago\n|-crit|p1a: Regidrago\n|-damage|p1a: Regidrago|89\/100\n|-resisted|p1a: Regidrago\n|-crit|p1a: Regidrago\n|-damage|p1a: Regidrago|79\/100\n|-resisted|p1a: Regidrago\n|-crit|p1a: Regidrago\n|-damage|p1a: Regidrago|68\/100\n|-hitcount|p1a: Regidrago|3\n|move|p1a: Regidrago|Draco Meteor|p2b: Urshifu\n|-damage|p2b: Urshifu|0 fnt\n|-unboost|p1a: Regidrago|spa|2\n|faint|p2b: Urshifu\n|move|p2a: Iron Hands|Drain Punch|p1a: Regidrago\n|-damage|p1a: Regidrago|21\/100\n|-heal|p2a: Iron Hands|51\/100|[from] drain|[of] p1a: Regidrago\n|move|p1b: Iron Hands|Drain Punch|p2a: Iron Hands\n|-damage|p2a: Iron Hands|25\/100\n|-heal|p1b: Iron Hands|71\/100|[from] drain|[of] p2a: Iron Hands\n|\n|-heal|p1a: Regidrago|28\/100|[from] Grassy Terrain\n|-heal|p1b: Iron Hands|77\/100|[from] Grassy Terrain\n|-heal|p2a: Iron Hands|31\/100|[from] Grassy Terrain\n|upkeep\n|turn|8\n|\n|t:|1699873091\n|move|p1a: Regidrago|Draco Meteor|p2a: Iron Hands\n|-damage|p2a: Iron Hands|1\/100\n|-unboost|p1a: Regidrago|spa|2\n|move|p2a: Iron Hands|Drain Punch|p1a: Regidrago\n|-damage|p1a: Regidrago|0 fnt\n|-heal|p2a: Iron Hands|18\/100|[from] drain|[of] p1a: Regidrago\n|faint|p1a: Regidrago\n|move|p1b: Iron Hands|Drain Punch|p2a: Iron Hands\n|-crit|p2a: Iron Hands\n|-damage|p2a: Iron Hands|0 fnt\n|-heal|p1b: Iron Hands|86\/100|[from] drain|[of] p2a: Iron Hands\n|faint|p2a: Iron Hands\n|-end|p2a: Iron Hands|Quark Drive|[silent]\n|\n|win|Birbsandbeans\n|raw|Birbsandbeans's rating: 1191 &rarr; <strong>1210<\/strong><br \/>(+19 for winning)\n|raw|AndreMiller's rating: 1101 &rarr; <strong>1082<\/strong><br \/>(-19 for losing)\n","uploadtime":1699873098,"views":27,"p1id":"birbsandbeans","p2id":"andremiller","formatid":"gen9vgc2023regulatione","rating":1082,"private":0,"password":""}