{"id":"gen9vgc2023regulatione-1996477376","p1":"Crazie Locs","p2":"Bardemis","format":"[Gen 9] VGC 2023 Regulation E","log":"|j|\u2606Crazie Locs\n|j|\u2606Bardemis\n|t:|1700685824\n|gametype|doubles\n|player|p1|Crazie Locs|li|1207\n|player|p2|Bardemis|morty|1142\n|teamsize|p1|6\n|teamsize|p2|6\n|gen|9\n|tier|[Gen 9] VGC 2023 Regulation E\n|rated|\n|rule|Species Clause: Limit one of each Pok\u00e9mon\n|rule|Item Clause: Limit one of each item\n|clearpoke\n|poke|p1|Sinistcha-Masterpiece, L50|\n|poke|p1|Flutter Mane, L50|\n|poke|p1|Moltres-Galar, L50|\n|poke|p1|Tornadus, L50, M|\n|poke|p1|Baxcalibur, L50, M|\n|poke|p1|Ogerpon-Wellspring, L50, F|\n|poke|p2|Goodra, L50, F|\n|poke|p2|Arcanine-Hisui, L50, M|\n|poke|p2|Tornadus, L50, M|\n|poke|p2|Dragonite, L50, M|\n|poke|p2|Urshifu-*, L50, M|\n|poke|p2|Sinistcha, L50|\n|teampreview|4\n|inactive|Battle timer is ON: inactive players will automatically lose when time's up. (requested by Bardemis)\n|j| wazoi\n|inactive|Crazie Locs has 60 seconds left.\n|\n|t:|1700685866\n|start\n|switch|p1a: Tornadus|Tornadus, L50, M|100\/100\n|switch|p1b: Baxcalibur|Baxcalibur, L50, M|100\/100\n|switch|p2a: Sinistcha|Sinistcha, L50|100\/100\n|switch|p2b: Goodra|Goodra, L50, F|100\/100\n|turn|1\n|inactive|Crazie Locs has 30 seconds left.\n|\n|t:|1700685894\n|switch|p2b: Arcanine|Arcanine-Hisui, L50, M|100\/100\n|-ability|p2b: Arcanine|Intimidate|boost\n|-unboost|p1a: Tornadus|atk|1\n|-unboost|p1b: Baxcalibur|atk|1\n|move|p1a: Tornadus|Taunt|p2a: Sinistcha\n|-start|p2a: Sinistcha|move: Taunt\n|move|p1b: Baxcalibur|Icicle Spear|p2b: Arcanine\n|-resisted|p2b: Arcanine\n|-damage|p2b: Arcanine|95\/100\n|-resisted|p2b: Arcanine\n|-damage|p2b: Arcanine|90\/100\n|-resisted|p2b: Arcanine\n|-damage|p2b: Arcanine|84\/100\n|-resisted|p2b: Arcanine\n|-damage|p2b: Arcanine|78\/100\n|-resisted|p2b: Arcanine\n|-damage|p2b: Arcanine|73\/100\n|-hitcount|p2b: Arcanine|5\n|cant|p2a: Sinistcha|move: Taunt|Trick Room\n|\n|upkeep\n|turn|2\n|inactive|Crazie Locs has 30 seconds left.\n|inactive|Bardemis has 30 seconds left.\n|inactive|Bardemis has 20 seconds left.\n|inactive|Bardemis has 15 seconds left.\n|\n|t:|1700685937\n|switch|p1b: Flutter Mane|Flutter Mane, L50|100\/100\n|-enditem|p1b: Flutter Mane|Booster Energy\n|-activate|p1b: Flutter Mane|ability: Protosynthesis|[fromitem]\n|-start|p1b: Flutter Mane|protosynthesisspe\n|switch|p2a: Goodra|Goodra, L50, F|100\/100\n|-terastallize|p2b: Arcanine|Normal\n|move|p2b: Arcanine|Extreme Speed|p1a: Tornadus\n|-damage|p1a: Tornadus|52\/100\n|move|p1a: Tornadus|Tailwind|p1a: Tornadus\n|-sidestart|p1: Crazie Locs|move: Tailwind\n|\n|upkeep\n|turn|3\n|\n|t:|1700685958\n|move|p1b: Flutter Mane|Dazzling Gleam|p2b: Arcanine|[spread] p2a,p2b\n|-supereffective|p2a: Goodra\n|-damage|p2a: Goodra|75\/100\n|-damage|p2b: Arcanine|36\/100\n|move|p1a: Tornadus|Bleakwind Storm|p2a: Goodra|[spread] \n|-miss|p1a: Tornadus|p2a: Goodra\n|-miss|p1a: Tornadus|p2b: Arcanine\n|move|p2b: Arcanine|Flare Blitz|p1b: Flutter Mane\n|-damage|p1b: Flutter Mane|0 fnt\n|faint|p1b: Flutter Mane\n|-end|p1b: Flutter Mane|Protosynthesis|[silent]\n|-damage|p2b: Arcanine|12\/100|[from] Recoil\n|move|p2a: Goodra|Thunderbolt|p1a: Tornadus\n|-supereffective|p1a: Tornadus\n|-damage|p1a: Tornadus|0 fnt\n|faint|p1a: Tornadus\n|\n|upkeep\n|\n|t:|1700685974\n|switch|p1b: Baxcalibur|Baxcalibur, L50, M|100\/100\n|switch|p1a: Sinistcha|Sinistcha-Masterpiece, L50|100\/100\n|turn|4\n|\n|t:|1700685995\n|move|p2b: Arcanine|Extreme Speed|p1b: Baxcalibur\n|-damage|p1b: Baxcalibur|58\/100\n|move|p1b: Baxcalibur|Icicle Spear|p2a: Goodra\n|-supereffective|p2a: Goodra\n|-damage|p2a: Goodra|39\/100\n|-supereffective|p2a: Goodra\n|-damage|p2a: Goodra|1\/100\n|-supereffective|p2a: Goodra\n|-damage|p2a: Goodra|0 fnt\n|faint|p2a: Goodra\n|-hitcount|p2: Goodra|3\n|move|p1a: Sinistcha|Matcha Gotcha|p2b: Arcanine\n|-damage|p2b: Arcanine|0 fnt\n|faint|p2b: Arcanine\n|\n|upkeep\n|\n|t:|1700686009\n|switch|p2b: Urshifu|Urshifu-Rapid-Strike, L50, M|100\/100\n|switch|p2a: Sinistcha|Sinistcha, L50|100\/100\n|turn|5\n|\n|t:|1700686032\n|-terastallize|p1a: Sinistcha|Water\n|move|p2b: Urshifu|Detect|p2b: Urshifu\n|-singleturn|p2b: Urshifu|Protect\n|move|p1a: Sinistcha|Rage Powder|p1a: Sinistcha\n|-singleturn|p1a: Sinistcha|move: Rage Powder\n|move|p1b: Baxcalibur|Icicle Spear|p2a: Sinistcha\n|-supereffective|p2a: Sinistcha\n|-damage|p2a: Sinistcha|75\/100\n|-supereffective|p2a: Sinistcha\n|-damage|p2a: Sinistcha|48\/100\n|-enditem|p2a: Sinistcha|Sitrus Berry|[eat]\n|-heal|p2a: Sinistcha|72\/100|[from] item: Sitrus Berry\n|-supereffective|p2a: Sinistcha\n|-damage|p2a: Sinistcha|51\/100\n|-supereffective|p2a: Sinistcha\n|-damage|p2a: Sinistcha|26\/100\n|-supereffective|p2a: Sinistcha\n|-damage|p2a: Sinistcha|4\/100\n|-hitcount|p2a: Sinistcha|5\n|move|p2a: Sinistcha|Imprison|p2a: Sinistcha\n|-start|p2a: Sinistcha|move: Imprison\n|\n|-sideend|p1: Crazie Locs|move: Tailwind\n|upkeep\n|turn|6\n|inactive|Crazie Locs has 30 seconds left.\n|inactive|Crazie Locs has 20 seconds left.\n|\n|t:|1700686068\n|move|p1b: Baxcalibur|Protect|p1b: Baxcalibur\n|-singleturn|p1b: Baxcalibur|Protect\n|move|p2b: Urshifu|Close Combat|p1b: Baxcalibur\n|-supereffective|p1b: Baxcalibur\n|-damage|p1b: Baxcalibur|0 fnt\n|-unboost|p2b: Urshifu|def|1\n|-unboost|p2b: Urshifu|spd|1\n|faint|p1b: Baxcalibur\n|move|p2a: Sinistcha|Matcha Gotcha|p1a: Sinistcha\n|-supereffective|p1a: Sinistcha\n|-damage|p1a: Sinistcha|25\/100\n|-heal|p2a: Sinistcha|42\/100|[from] drain|[of] p1a: Sinistcha\n|move|p1a: Sinistcha|Strength Sap|p2b: Urshifu\n|-unboost|p2b: Urshifu|atk|1\n|-heal|p1a: Sinistcha|100\/100\n|\n|upkeep\n|turn|7\n|inactive|Crazie Locs has 30 seconds left.\n|inactive|Crazie Locs has 20 seconds left.\n|inactive|Crazie Locs has 15 seconds left.\n|-message|Crazie Locs forfeited.\n|\n|win|Bardemis\n|raw|Crazie Locs's rating: 1207 &rarr; <strong>1177<\/strong><br \/>(-30 for losing)\n|raw|Bardemis's rating: 1142 &rarr; <strong>1172<\/strong><br \/>(+30 for winning)\n|l|\u2606Crazie Locs\n|l| wazoi\n","uploadtime":1700686142,"views":20,"p1id":"crazielocs","p2id":"bardemis","formatid":"gen9vgc2023regulatione","rating":1172,"private":0,"password":""}