{"id":"gen9vgc2023regulatione-1994104633","p1":"Vicentefc2","p2":"Shadow Ballers","format":"[Gen 9] VGC 2023 Regulation E","log":"|j|\u2606Vicentefc2\n|j|\u2606Shadow Ballers\n|t:|1700407376\n|gametype|doubles\n|player|p1|Vicentefc2|102|1432\n|player|p2|Shadow Ballers|roughneck|1379\n|teamsize|p1|6\n|teamsize|p2|6\n|gen|9\n|tier|[Gen 9] VGC 2023 Regulation E\n|rated|\n|rule|Species Clause: Limit one of each Pok\u00e9mon\n|rule|Item Clause: Limit one of each item\n|clearpoke\n|poke|p1|Flutter Mane, L50|\n|poke|p1|Torkoal, L50, F|\n|poke|p1|Oranguru, L50, M|\n|poke|p1|Ursaluna-Bloodmoon, L50, M|\n|poke|p1|Gyarados, L50, M|\n|poke|p1|Iron Hands, L50|\n|poke|p2|Iron Bundle, L50|\n|poke|p2|Toedscruel, L50, F|\n|poke|p2|Weezing-Galar, L50, M|\n|poke|p2|Weavile, L50, M|\n|poke|p2|Rillaboom, L50, F|\n|poke|p2|Ceruledge, L50, F|\n|teampreview|4\nVicentefc2 has agreed to open team sheets.\n|inactive|Battle timer is ON: inactive players will automatically lose when time's up. (requested by Vicentefc2)\n|\n|t:|1700407401\n|start\n|switch|p1a: Oranguru|Oranguru, L50, M|100\/100\n|switch|p1b: Iron Hands|Iron Hands, L50|100\/100\n|switch|p2a: Weezing|Weezing-Galar, L50, M, shiny|100\/100\n|switch|p2b: Weavile|Weavile, L50, M, shiny|100\/100\n|-ability|p2a: Weezing|Neutralizing Gas\n|turn|1\n|inactive|Vicentefc2 has 30 seconds left.\n|\n|t:|1700407433\n|move|p2b: Weavile|Fake Out|p1a: Oranguru\n|-damage|p1a: Oranguru|88\/100\n|move|p1b: Iron Hands|Fake Out|p2a: Weezing\n|-damage|p2a: Weezing|85\/100\n|move|p2a: Weezing|Taunt|p1a: Oranguru\n|-start|p1a: Oranguru|move: Taunt\n|-enditem|p1a: Oranguru|Mental Herb\n|-end|p1a: Oranguru|move: Taunt\n|cant|p1a: Oranguru|flinch\n|\n|upkeep\n|turn|2\n|inactive|Vicentefc2 has 30 seconds left.\n|inactive|Shadow Ballers has 30 seconds left.\n|inactive|Shadow Ballers has 20 seconds left.\n|\n|t:|1700407469\n|switch|p2b: Ceruledge|Ceruledge, L50, F, shiny|100\/100\n|switch|p1a: Ursaluna|Ursaluna-Bloodmoon, L50, M|100\/100\n|move|p1b: Iron Hands|Drain Punch|p2b: Ceruledge\n|-immune|p2b: Ceruledge\n|move|p2a: Weezing|Taunt|p1a: Ursaluna\n|-start|p1a: Ursaluna|move: Taunt\n|\n|upkeep\n|turn|3\n|inactive|Shadow Ballers has 30 seconds left.\n|\n|t:|1700407498\n|-terastallize|p1a: Ursaluna|Normal\n|move|p2b: Ceruledge|Protect|p2b: Ceruledge\n|-singleturn|p2b: Ceruledge|Protect\n|move|p1b: Iron Hands|Heavy Slam|p2a: Weezing\n|-supereffective|p2a: Weezing\n|-damage|p2a: Weezing|4\/100\n|move|p2a: Weezing|Play Rough|p1b: Iron Hands\n|-supereffective|p1b: Iron Hands\n|-damage|p1b: Iron Hands|43\/100\n|move|p1a: Ursaluna|Hyper Voice|p2b: Ceruledge|[spread] p2a\n|-activate|p2b: Ceruledge|move: Protect\n|-damage|p2a: Weezing|0 fnt\n|faint|p2a: Weezing\n|-end|p2a: Weezing|ability: Neutralizing Gas\n|-damage|p1a: Ursaluna|91\/100|[from] item: Life Orb\n|\n|upkeep\n|\n|t:|1700407514\n|switch|p2a: Weavile|Weavile, L50, M, shiny|100\/100\n|turn|4\n|\n|t:|1700407536\n|-terastallize|p2a: Weavile|Ghost\n|move|p2a: Weavile|Fake Out|p1a: Ursaluna\n|-damage|p1a: Ursaluna|81\/100\n|move|p2b: Ceruledge|Close Combat|p1a: Ursaluna\n|-supereffective|p1a: Ursaluna\n|-damage|p1a: Ursaluna|12\/100\n|-unboost|p2b: Ceruledge|def|1\n|-unboost|p2b: Ceruledge|spd|1\n|move|p1b: Iron Hands|Drain Punch|p2a: Weavile\n|-immune|p2a: Weavile\n|cant|p1a: Ursaluna|flinch\n|\n|-end|p1a: Ursaluna|move: Taunt\n|upkeep\n|turn|5\n|inactive|Shadow Ballers has 30 seconds left.\n|\n|t:|1700407569\n|switch|p2b: Rillaboom|Rillaboom, L50, F, shiny|100\/100\n|-fieldstart|move: Grassy Terrain|[from] ability: Grassy Surge|[of] p2b: Rillaboom\n|move|p1a: Ursaluna|Protect|p1a: Ursaluna\n|-singleturn|p1a: Ursaluna|Protect\n|move|p2a: Weavile|Knock Off|p1a: Ursaluna\n|-activate|p1a: Ursaluna|move: Protect\n|move|p1b: Iron Hands|Wild Charge|p2b: Rillaboom\n|-resisted|p2b: Rillaboom\n|-damage|p2b: Rillaboom|74\/100\n|-damage|p1b: Iron Hands|37\/100|[from] Recoil\n|\n|-heal|p2b: Rillaboom|80\/100|[from] Grassy Terrain\n|-heal|p1b: Iron Hands|43\/100|[from] Grassy Terrain\n|-heal|p1a: Ursaluna|18\/100|[from] Grassy Terrain\n|upkeep\n|turn|6\n|inactive|Shadow Ballers has 30 seconds left.\n|\n|t:|1700407597\n|-end|p1b: Iron Hands|Quark Drive|[silent]\n|switch|p1b: Torkoal|Torkoal, L50, F|100\/100\n|-weather|SunnyDay|[from] ability: Drought|[of] p1b: Torkoal\n|move|p2a: Weavile|Icicle Crash|p1a: Ursaluna\n|-damage|p1a: Ursaluna|0 fnt\n|faint|p1a: Ursaluna\n|move|p2b: Rillaboom|High Horsepower|p1b: Torkoal\n|-supereffective|p1b: Torkoal\n|-damage|p1b: Torkoal|43\/100\n|\n|-weather|SunnyDay|[upkeep]\n|-heal|p2b: Rillaboom|86\/100|[from] Grassy Terrain\n|-heal|p1b: Torkoal|49\/100|[from] Grassy Terrain\n|upkeep\n|inactive|Vicentefc2 has 30 seconds left.\n|\n|t:|1700407630\n|switch|p1a: Iron Hands|Iron Hands, L50|43\/100\n|turn|7\n|\n|t:|1700407648\n|switch|p2b: Ceruledge|Ceruledge, L50, F, shiny|100\/100\n|move|p2a: Weavile|Knock Off|p1b: Torkoal\n|-damage|p1b: Torkoal|14\/100\n|-enditem|p1b: Torkoal|Charcoal|[from] move: Knock Off|[of] p2a: Weavile\n|move|p1a: Iron Hands|Wild Charge|p2b: Ceruledge\n|-damage|p2b: Ceruledge|33\/100\n|-damage|p1a: Iron Hands|30\/100|[from] Recoil\n|move|p1b: Torkoal|Heat Wave|p2b: Ceruledge|[spread] p2a\n|-start|p2b: Ceruledge|ability: Flash Fire\n|-damage|p2a: Weavile|38\/100\n|\n|-weather|SunnyDay|[upkeep]\n|-heal|p2a: Weavile|44\/100|[from] Grassy Terrain\n|-heal|p2b: Ceruledge|39\/100|[from] Grassy Terrain\n|-heal|p1a: Iron Hands|36\/100|[from] Grassy Terrain\n|-heal|p1b: Torkoal|20\/100|[from] Grassy Terrain\n|upkeep\n|turn|8\n|\n|t:|1700407671\n|move|p1b: Torkoal|Protect|p1b: Torkoal\n|-singleturn|p1b: Torkoal|Protect\n|move|p2a: Weavile|Knock Off|p1b: Torkoal\n|-activate|p1b: Torkoal|move: Protect\n|move|p2b: Ceruledge|Bitter Blade|p1a: Iron Hands\n|-damage|p1a: Iron Hands|0 fnt\n|-heal|p2b: Ceruledge|61\/100|[from] drain|[of] p1a: Iron Hands\n|faint|p1a: Iron Hands\n|-end|p1a: Iron Hands|Quark Drive|[silent]\n|\n|-weather|SunnyDay|[upkeep]\n|-heal|p2a: Weavile|50\/100|[from] Grassy Terrain\n|-heal|p2b: Ceruledge|68\/100|[from] Grassy Terrain\n|-heal|p1b: Torkoal|26\/100|[from] Grassy Terrain\n|upkeep\n|c|\u2606Shadow Ballers|Gg\n|\n|t:|1700407674\n|switch|p1a: Oranguru|Oranguru, L50, M|88\/100\n|turn|9\n|\n|t:|1700407690\n|move|p1b: Torkoal|Protect||[still]\n|-fail|p1b: Torkoal\n|move|p2a: Weavile|Knock Off|p1a: Oranguru\n|-supereffective|p1a: Oranguru\n|-damage|p1a: Oranguru|29\/100\n|move|p2b: Ceruledge|Bitter Blade|p1a: Oranguru\n|-damage|p1a: Oranguru|0 fnt\n|-heal|p2b: Ceruledge|83\/100|[from] drain|[of] p1a: Oranguru\n|faint|p1a: Oranguru\n|\n|-weather|SunnyDay|[upkeep]\n|-heal|p2a: Weavile|56\/100|[from] Grassy Terrain\n|-heal|p2b: Ceruledge|89\/100|[from] Grassy Terrain\n|-heal|p1b: Torkoal|32\/100|[from] Grassy Terrain\n|-fieldend|move: Grassy Terrain\n|upkeep\n|turn|10\n|-message|Vicentefc2 forfeited.\n|\n|win|Shadow Ballers\n|raw|Vicentefc2's rating: 1432 &rarr; <strong>1409<\/strong><br \/>(-23 for losing)\n|raw|Shadow Ballers's rating: 1379 &rarr; <strong>1402<\/strong><br \/>(+23 for winning)\n|l|\u2606Vicentefc2\n","uploadtime":1700407717,"views":6,"p1id":"vicentefc2","p2id":"shadowballers","formatid":"gen9vgc2023regulatione","rating":1402,"private":0,"password":""}