{"id":"gen9vgc2023regulatione-1997960548","p1":"SubparCitrus","p2":"someguy459","format":"[Gen 9] VGC 2023 Regulation E","log":"|j|\u2606SubparCitrus\n|j|\u2606someguy459\n|t:|1700872453\n|gametype|doubles\n|player|p1|SubparCitrus|101|1073\n|player|p2|someguy459|ingo|1140\n|teamsize|p1|6\n|teamsize|p2|6\n|gen|9\n|tier|[Gen 9] VGC 2023 Regulation E\n|rated|\n|rule|Species Clause: Limit one of each Pok\u00e9mon\n|rule|Item Clause: Limit one of each item\n|clearpoke\n|poke|p1|Golem-Alola, L50, M|\n|poke|p1|Pawmot, L50, F|\n|poke|p1|Rabsca, L50, F|\n|poke|p1|Maushold-Four, L50|\n|poke|p1|Basculegion, L50, M|\n|poke|p1|Pelipper, L50, F|\n|poke|p2|Talonflame, L50, F|\n|poke|p2|Iron Hands, L50|\n|poke|p2|Flutter Mane, L50|\n|poke|p2|Kingambit, L50, F|\n|poke|p2|Chi-Yu, L50|\n|poke|p2|Iron Bundle, L50|\n|teampreview|4\n|\n|t:|1700872493\n|start\n|switch|p1a: Maushold|Maushold-Four, L50|100\/100\n|switch|p1b: Rabsca|Rabsca, L50, F|100\/100\n|switch|p2a: Iron Handjob|Iron Hands, L50|100\/100\n|switch|p2b: Lana Beads|Chi-Yu, L50|100\/100\n|-ability|p2b: Lana Beads|Beads of Ruin\n|turn|1\n|\n|t:|1700872514\n|move|p2a: Iron Handjob|Fake Out|p1a: Maushold\n|-damage|p1a: Maushold|82\/100\n|cant|p1a: Maushold|flinch\n|move|p2b: Lana Beads|Dark Pulse|p1b: Rabsca\n|-supereffective|p1b: Rabsca\n|-damage|p1b: Rabsca|26\/100\n|move|p1b: Rabsca|Trick Room|p1b: Rabsca\n|-fieldstart|move: Trick Room|[of] p1b: Rabsca\n|\n|upkeep\n|turn|2\n|inactive|Battle timer is ON: inactive players will automatically lose when time's up. (requested by someguy459)\n|\n|t:|1700872558\n|switch|p1b: Golem|Golem-Alola, L50, M|100\/100\n|switch|p2b: Gucci Mane|Flutter Mane, L50|100\/100\n|-enditem|p2b: Gucci Mane|Booster Energy\n|-activate|p2b: Gucci Mane|ability: Protosynthesis|[fromitem]\n|-start|p2b: Gucci Mane|protosynthesisspe\n|move|p2a: Iron Handjob|Wild Charge|p1b: Golem\n|-resisted|p1b: Golem\n|-damage|p1b: Golem|86\/100\n|-damage|p2a: Iron Handjob|98\/100|[from] Recoil\n|move|p1a: Maushold|Super Fang|p2a: Iron Handjob\n|-damage|p2a: Iron Handjob|49\/100\n|\n|upkeep\n|turn|3\n|inactive|someguy459 has 30 seconds left.\n|\n|t:|1700872585\n|move|p1a: Maushold|Helping Hand|p1b: Golem\n|-singleturn|p1b: Golem|Helping Hand|[of] p1a: Maushold\n|move|p2b: Gucci Mane|Protect|p2b: Gucci Mane\n|-singleturn|p2b: Gucci Mane|Protect\n|move|p1b: Golem|Explosion|p2b: Gucci Mane|[spread] p1a,p2a\n|-activate|p2b: Gucci Mane|move: Protect\n|-resisted|p2a: Iron Handjob\n|-damage|p1a: Maushold|0 fnt\n|-damage|p2a: Iron Handjob|0 fnt\n|faint|p1b: Golem\n|faint|p1a: Maushold\n|faint|p2a: Iron Handjob\n|-end|p2a: Iron Handjob|Quark Drive|[silent]\n|\n|upkeep\n|\n|t:|1700872601\n|switch|p1b: Basculegion|Basculegion, L50, M|100\/100\n|switch|p2a: Lana Beads|Chi-Yu, L50|100\/100\n|switch|p1a: Rabsca|Rabsca, L50, F|26\/100\n|-ability|p2a: Lana Beads|Beads of Ruin\n|turn|4\n|\n|t:|1700872624\n|-terastallize|p1b: Basculegion|Water\n|move|p1a: Rabsca|Revival Blessing|p1a: Rabsca\n|-enditem|p1a: Rabsca|Leppa Berry|[eat]\n|-activate|p1a: Rabsca|item: Leppa Berry|Revival Blessing|[consumed]\n|\n|t:|1700872634\n|-heal|p1: Golem|50\/100|[from] move: Revival Blessing\n|move|p1b: Basculegion|Last Respects|p2b: Gucci Mane\n|-supereffective|p2b: Gucci Mane\n|-crit|p2b: Gucci Mane\n|-damage|p2b: Gucci Mane|0 fnt\n|faint|p2b: Gucci Mane\n|-end|p2b: Gucci Mane|Protosynthesis|[silent]\n|-damage|p1b: Basculegion|91\/100|[from] item: Life Orb\n|move|p2a: Lana Beads|Dark Pulse|p1a: Rabsca\n|-supereffective|p1a: Rabsca\n|-damage|p1a: Rabsca|0 fnt\n|faint|p1a: Rabsca\n|\n|upkeep\n|\n|t:|1700872650\n|switch|p1a: Golem|Golem-Alola, L50, M|50\/100\n|switch|p2b: Iron Bundle|Iron Bundle, L50|100\/100\n|turn|5\n|inactive|SubparCitrus has 30 seconds left.\n|\n|t:|1700872684\n|-terastallize|p2a: Lana Beads|Grass\n|move|p1a: Golem|Endure|p1a: Golem\n|-singleturn|p1a: Golem|move: Endure\n|move|p2b: Iron Bundle|Protect|p2b: Iron Bundle\n|-singleturn|p2b: Iron Bundle|Protect\n|move|p1b: Basculegion|Wave Crash|p2a: Lana Beads\n|-resisted|p2a: Lana Beads\n|-damage|p2a: Lana Beads|17\/100\n|-damage|p1b: Basculegion|72\/100|[from] Recoil\n|-damage|p1b: Basculegion|63\/100|[from] item: Life Orb\n|move|p2a: Lana Beads|Dark Pulse|p1a: Golem\n|-activate|p1a: Golem|move: Endure\n|-damage|p1a: Golem|1\/100\n|\n|-fieldend|move: Trick Room\n|upkeep\n|turn|6\n|inactive|someguy459 has 30 seconds left.\n|-enditem|p1a: Golem|Custap Berry|[eat]\n|-activate|p1a: Golem|item: Custap Berry|[consumed]\n|\n|t:|1700872711\n|move|p1b: Basculegion|Protect|p1b: Basculegion\n|-singleturn|p1b: Basculegion|Protect\n|move|p1a: Golem|Explosion|p2b: Iron Bundle|[spread] p2a,p2b\n|-activate|p1b: Basculegion|move: Protect\n|-resisted|p2a: Lana Beads\n|-supereffective|p2b: Iron Bundle\n|-damage|p2a: Lana Beads|0 fnt\n|-enditem|p2b: Iron Bundle|Focus Sash\n|-damage|p2b: Iron Bundle|1\/100\n|faint|p1a: Golem\n|faint|p2a: Lana Beads\n|move|p2b: Iron Bundle|Freeze-Dry|p1b: Basculegion\n|-activate|p1b: Basculegion|move: Protect\n|\n|upkeep\n|turn|7\n|\n|t:|1700872728\n|move|p2b: Iron Bundle|Protect|p2b: Iron Bundle\n|-singleturn|p2b: Iron Bundle|Protect\n|move|p1b: Basculegion|Aqua Jet|p2b: Iron Bundle\n|-activate|p2b: Iron Bundle|move: Protect\n|\n|upkeep\n|turn|8\n|\n|t:|1700872736\n|move|p1b: Basculegion|Aqua Jet|p2b: Iron Bundle\n|-resisted|p2b: Iron Bundle\n|-damage|p2b: Iron Bundle|0 fnt\n|faint|p2b: Iron Bundle\n|-end|p2b: Iron Bundle|Quark Drive|[silent]\n|-damage|p1b: Basculegion|53\/100|[from] item: Life Orb\n|\n|win|SubparCitrus\n|raw|SubparCitrus's rating: 1073 &rarr; <strong>1108<\/strong><br \/>(+35 for winning)\n|raw|someguy459's rating: 1140 &rarr; <strong>1110<\/strong><br \/>(-30 for losing)\n|l|\u2606someguy459\n|c|\u2606SubparCitrus|Gg man\n","uploadtime":1700872759,"views":19,"p1id":"subparcitrus","p2id":"someguy459","formatid":"gen9vgc2023regulatione","rating":1108,"private":0,"password":""}