{"id":"gen9vgc2023regulatione-1991999671","p1":"DragonPiro","p2":"egsggsdd","format":"[Gen 9] VGC 2023 Regulation E","log":"|j|\u2606DragonPiro\n|j|\u2606egsggsdd\n|t:|1700146504\n|gametype|doubles\n|player|p1|DragonPiro|silver|1128\n|player|p2|egsggsdd|bruno|1038\n|teamsize|p1|6\n|teamsize|p2|6\n|gen|9\n|tier|[Gen 9] VGC 2023 Regulation E\n|rated|\n|rule|Species Clause: Limit one of each Pok\u00e9mon\n|rule|Item Clause: Limit one of each item\n|clearpoke\n|poke|p1|Urshifu-*, L50, F|\n|poke|p1|Landorus-Therian, L50, M|\n|poke|p1|Flutter Mane, L50|\n|poke|p1|Iron Hands, L50|\n|poke|p1|Ogerpon-Hearthflame, L50, F|\n|poke|p1|Fezandipiti, L50, M|\n|poke|p2|Kommo-o, L50, M|\n|poke|p2|Tyranitar, L50, M|\n|poke|p2|Rillaboom, L50, M|\n|poke|p2|Flutter Mane, L50|\n|poke|p2|Arcanine-Hisui, L50, M|\n|poke|p2|Iron Bundle, L50|\n|teampreview|4\nDragonPiro has agreed to open team sheets.\negsggsdd has agreed to open team sheets.\n|\n|t:|1700146550\n|start\n|switch|p1a: Landorus|Landorus-Therian, L50, M|100\/100\n|switch|p1b: Iron Hands|Iron Hands, L50|100\/100\n|switch|p2a: Tyranitar|Tyranitar, L50, M|100\/100\n|switch|p2b: Arcanine|Arcanine-Hisui, L50, M|100\/100\n|-ability|p1a: Landorus|Intimidate|boost\n|-unboost|p2a: Tyranitar|atk|1\n|-unboost|p2b: Arcanine|atk|1\n|-ability|p2b: Arcanine|Intimidate|boost\n|-unboost|p1a: Landorus|atk|1\n|-unboost|p1b: Iron Hands|atk|1\n|-weather|Sandstorm|[from] ability: Sand Stream|[of] p2a: Tyranitar\n|turn|1\n|\n|t:|1700146577\n|move|p1a: Landorus|Stomping Tantrum|p2b: Arcanine\n|-supereffective|p2b: Arcanine\n|-damage|p2b: Arcanine|0 fnt\n|faint|p2b: Arcanine\n|move|p2a: Tyranitar|Rock Slide|p1a: Landorus|[spread] p1a,p1b\n|-crit|p1a: Landorus\n|-resisted|p1b: Iron Hands\n|-damage|p1a: Landorus|40\/100\n|-damage|p1b: Iron Hands|92\/100\n|move|p1b: Iron Hands|Drain Punch|p2a: Tyranitar\n|-supereffective|p2a: Tyranitar\n|-damage|p2a: Tyranitar|0 fnt\n|-heal|p1b: Iron Hands|100\/100|[from] drain|[of] p2a: Tyranitar\n|faint|p2a: Tyranitar\n|\n|-weather|Sandstorm|[upkeep]\n|-damage|p1b: Iron Hands|94\/100|[from] Sandstorm\n|upkeep\n|\n|t:|1700146583\n|switch|p2b: Kommo-o|Kommo-o, L50, M|100\/100\n|switch|p2a: Rillaboom|Rillaboom, L50, M|100\/100\n|-fieldstart|move: Grassy Terrain|[from] ability: Grassy Surge|[of] p2a: Rillaboom\n|turn|2\n|\n|t:|1700146604\n|-terastallize|p1a: Landorus|Flying\n|move|p2a: Rillaboom|Fake Out|p1a: Landorus\n|-damage|p1a: Landorus|21\/100\n|cant|p1a: Landorus|flinch\n|move|p2b: Kommo-o|Iron Defense|p2b: Kommo-o\n|-boost|p2b: Kommo-o|def|2\n|move|p1b: Iron Hands|Wild Charge|p2b: Kommo-o\n|-resisted|p2b: Kommo-o\n|-damage|p2b: Kommo-o|94\/100\n|-damage|p1b: Iron Hands|93\/100|[from] Recoil\n|\n|-weather|Sandstorm|[upkeep]\n|-damage|p2a: Rillaboom|95\/100|[from] Sandstorm\n|-damage|p2b: Kommo-o|88\/100|[from] Sandstorm\n|-damage|p1b: Iron Hands|87\/100|[from] Sandstorm\n|-heal|p2a: Rillaboom|100\/100|[from] Grassy Terrain\n|-heal|p2b: Kommo-o|94\/100|[from] Grassy Terrain\n|-heal|p2b: Kommo-o|100\/100|[from] item: Leftovers\n|-heal|p1b: Iron Hands|93\/100|[from] Grassy Terrain\n|upkeep\n|turn|3\n|\n|t:|1700146635\n|move|p2a: Rillaboom|Grassy Glide|p1a: Landorus\n|-resisted|p1a: Landorus\n|-damage|p1a: Landorus|0 fnt\n|faint|p1a: Landorus\n|move|p2b: Kommo-o|Iron Defense|p2b: Kommo-o\n|-boost|p2b: Kommo-o|def|2\n|move|p1b: Iron Hands|Drain Punch|p2b: Kommo-o\n|-damage|p2b: Kommo-o|94\/100\n|-heal|p1b: Iron Hands|96\/100|[from] drain|[of] p2b: Kommo-o\n|\n|-weather|Sandstorm|[upkeep]\n|-damage|p2a: Rillaboom|95\/100|[from] Sandstorm\n|-damage|p2b: Kommo-o|88\/100|[from] Sandstorm\n|-damage|p1b: Iron Hands|90\/100|[from] Sandstorm\n|-heal|p2a: Rillaboom|100\/100|[from] Grassy Terrain\n|-heal|p2b: Kommo-o|94\/100|[from] Grassy Terrain\n|-heal|p2b: Kommo-o|99\/100|[from] item: Leftovers\n|-heal|p1b: Iron Hands|96\/100|[from] Grassy Terrain\n|upkeep\n|\n|t:|1700146648\n|switch|p1a: Flutter Mane|Flutter Mane, L50|100\/100\n|-enditem|p1a: Flutter Mane|Booster Energy\n|-activate|p1a: Flutter Mane|ability: Protosynthesis|[fromitem]\n|-start|p1a: Flutter Mane|protosynthesisspa\n|turn|4\n|\n|t:|1700146663\n|-terastallize|p2b: Kommo-o|Steel\n|move|p2a: Rillaboom|Grassy Glide|p1b: Iron Hands\n|-crit|p1b: Iron Hands\n|-damage|p1b: Iron Hands|45\/100\n|move|p1a: Flutter Mane|Moonblast|p2b: Kommo-o\n|-resisted|p2b: Kommo-o\n|-damage|p2b: Kommo-o|72\/100\n|move|p2b: Kommo-o|Iron Head|p1a: Flutter Mane\n|-supereffective|p1a: Flutter Mane\n|-damage|p1a: Flutter Mane|14\/100\n|move|p1b: Iron Hands|Drain Punch|p2a: Rillaboom\n|-damage|p2a: Rillaboom|74\/100\n|-heal|p1b: Iron Hands|56\/100|[from] drain|[of] p2a: Rillaboom\n|\n|-weather|Sandstorm|[upkeep]\n|-damage|p1a: Flutter Mane|7\/100|[from] Sandstorm\n|-damage|p2a: Rillaboom|68\/100|[from] Sandstorm\n|-damage|p1b: Iron Hands|50\/100|[from] Sandstorm\n|-heal|p1a: Flutter Mane|14\/100|[from] Grassy Terrain\n|-heal|p2a: Rillaboom|74\/100|[from] Grassy Terrain\n|-heal|p2b: Kommo-o|78\/100|[from] Grassy Terrain\n|-heal|p2b: Kommo-o|84\/100|[from] item: Leftovers\n|-heal|p1b: Iron Hands|56\/100|[from] Grassy Terrain\n|upkeep\n|turn|5\n|\n|t:|1700146683\n|move|p2b: Kommo-o|Protect|p2b: Kommo-o\n|-singleturn|p2b: Kommo-o|Protect\n|move|p2a: Rillaboom|Grassy Glide|p1b: Iron Hands\n|-damage|p1b: Iron Hands|22\/100\n|move|p1a: Flutter Mane|Mystical Fire|p2b: Kommo-o\n|-activate|p2b: Kommo-o|move: Protect\n|move|p1b: Iron Hands|Drain Punch|p2b: Kommo-o\n|-activate|p2b: Kommo-o|move: Protect\n|\n|-weather|none\n|-heal|p1a: Flutter Mane|20\/100|[from] Grassy Terrain\n|-heal|p2a: Rillaboom|80\/100|[from] Grassy Terrain\n|-heal|p2b: Kommo-o|90\/100|[from] Grassy Terrain\n|-heal|p2b: Kommo-o|96\/100|[from] item: Leftovers\n|-heal|p1b: Iron Hands|28\/100|[from] Grassy Terrain\n|upkeep\n|turn|6\n|\n|t:|1700146696\n|move|p1a: Flutter Mane|Protect|p1a: Flutter Mane\n|-singleturn|p1a: Flutter Mane|Protect\n|move|p2a: Rillaboom|Grassy Glide|p1a: Flutter Mane\n|-activate|p1a: Flutter Mane|move: Protect\n|move|p2b: Kommo-o|Body Press|p1b: Iron Hands\n|-damage|p1b: Iron Hands|0 fnt\n|faint|p1b: Iron Hands\n|-end|p1b: Iron Hands|Quark Drive|[silent]\n|\n|-heal|p1a: Flutter Mane|26\/100|[from] Grassy Terrain\n|-heal|p2a: Rillaboom|86\/100|[from] Grassy Terrain\n|-heal|p2b: Kommo-o|100\/100|[from] Grassy Terrain\n|-fieldend|move: Grassy Terrain\n|upkeep\n|\n|t:|1700146704\n|switch|p1b: Urshifu|Urshifu-Rapid-Strike, L50, F|100\/100\n|turn|7\n|\n|t:|1700146712\n|move|p2b: Kommo-o|Protect|p2b: Kommo-o\n|-singleturn|p2b: Kommo-o|Protect\n|move|p1a: Flutter Mane|Mystical Fire|p2a: Rillaboom\n|-supereffective|p2a: Rillaboom\n|-damage|p2a: Rillaboom|12\/100\n|-unboost|p2a: Rillaboom|spa|1\n|move|p1b: Urshifu|Surging Strikes|p2b: Kommo-o\n|-crit|p2b: Kommo-o\n|-damage|p2b: Kommo-o|82\/100\n|-crit|p2b: Kommo-o\n|-damage|p2b: Kommo-o|66\/100\n|-crit|p2b: Kommo-o\n|-damage|p2b: Kommo-o|50\/100\n|-hitcount|p2b: Kommo-o|3\n|move|p2a: Rillaboom|Wood Hammer|p1b: Urshifu\n|-supereffective|p1b: Urshifu\n|-damage|p1b: Urshifu|0 fnt\n|faint|p1b: Urshifu\n|-damage|p2a: Rillaboom|0 fnt|[from] Recoil\n|faint|p2a: Rillaboom\n|\n|-heal|p2b: Kommo-o|57\/100|[from] item: Leftovers\n|upkeep\n|turn|8\n|\n|t:|1700146733\n|move|p1a: Flutter Mane|Mystical Fire|p2b: Kommo-o\n|-supereffective|p2b: Kommo-o\n|-damage|p2b: Kommo-o|2\/100\n|-unboost|p2b: Kommo-o|spa|1\n|move|p2b: Kommo-o|Iron Head|p1a: Flutter Mane\n|-supereffective|p1a: Flutter Mane\n|-crit|p1a: Flutter Mane\n|-damage|p1a: Flutter Mane|0 fnt\n|faint|p1a: Flutter Mane\n|-end|p1a: Flutter Mane|Protosynthesis|[silent]\n|\n|win|egsggsdd\n|raw|DragonPiro's rating: 1128 &rarr; <strong>1097<\/strong><br \/>(-31 for losing)\n|raw|egsggsdd's rating: 1038 &rarr; <strong>1081<\/strong><br \/>(+43 for winning)\n","uploadtime":1700146741,"views":22,"p1id":"dragonpiro","p2id":"egsggsdd","formatid":"gen9vgc2023regulatione","rating":1081,"private":0,"password":""}