{"id":"gen9vgc2023regulatione-1994658334","p1":"FourLi","p2":"Rattoghiaccio","format":"[Gen 9] VGC 2023 Regulation E","log":"|j|\u2606FourLi\n|j|\u2606Rattoghiaccio\n|t:|1700476778\n|gametype|doubles\n|player|p1|FourLi|dawn|1100\n|player|p2|Rattoghiaccio|cynthia-gen4|1144\n|teamsize|p1|6\n|teamsize|p2|6\n|gen|9\n|tier|[Gen 9] VGC 2023 Regulation E\n|rated|\n|rule|Species Clause: Limit one of each Pok\u00e9mon\n|rule|Item Clause: Limit one of each item\n|clearpoke\n|poke|p1|Volcarona, L50, F|\n|poke|p1|Rabsca, L50, M|\n|poke|p1|Scizor, L50, M|\n|poke|p1|Frosmoth, L50, F|\n|poke|p1|Vivillon, L50, M|\n|poke|p1|Kleavor, L50, F|\n|poke|p2|Zoroark-Hisui, L50, M|\n|poke|p2|Tatsugiri, L50, F|\n|poke|p2|Dondozo, L50, F|\n|poke|p2|Farigiraf, L50, M|\n|poke|p2|Regieleki, L50|\n|poke|p2|Torkoal, L50, F|\n|teampreview|4\n|inactive|Battle timer is ON: inactive players will automatically lose when time's up. (requested by Rattoghiaccio)\n|\n|t:|1700476844\n|start\n|switch|p1a: Vivillon|Vivillon, L50, M, shiny|100\/100\n|switch|p1b: Volcarona|Volcarona, L50, F, shiny|100\/100\n|switch|p2a: Farigiraf|Farigiraf, L50, M, shiny|100\/100\n|switch|p2b: Regieleki|Regieleki, L50, shiny|100\/100\n|turn|1\n|\n|t:|1700476863\n|-terastallize|p2b: Regieleki|Normal\n|move|p2b: Regieleki|Explosion|p1a: Vivillon|[spread] p1a,p1b\n|-immune|p2a: Farigiraf\n|-enditem|p1a: Vivillon|Focus Sash\n|-damage|p1a: Vivillon|1\/100\n|-damage|p1b: Volcarona|6\/100\n|-enditem|p1b: Volcarona|Sitrus Berry|[eat]\n|-heal|p1b: Volcarona|31\/100|[from] item: Sitrus Berry\n|faint|p2b: Regieleki\n|move|p2a: Farigiraf|Hyper Voice|p1b: Volcarona|[spread] p1a,p1b\n|-damage|p1a: Vivillon|0 fnt\n|-damage|p1b: Volcarona|4\/100\n|faint|p1a: Vivillon\n|move|p1b: Volcarona|Quiver Dance|p1b: Volcarona\n|-boost|p1b: Volcarona|spa|1\n|-boost|p1b: Volcarona|spd|1\n|-boost|p1b: Volcarona|spe|1\n|\n|upkeep\n|\n|t:|1700476888\n|switch|p2b: Farigiraf|Farigiraf, L50, M, shiny|100\/100\n|switch|p1a: Kleavor|Kleavor, L50, F, shiny|100\/100\n|turn|2\n|\n|t:|1700476907\n|move|p2a: Farigiraf|Hyper Voice|p1b: Volcarona|[spread] p1a,p1b\n|-resisted|p1a: Kleavor\n|-damage|p1a: Kleavor|77\/100\n|-damage|p1b: Volcarona|0 fnt\n|faint|p1b: Volcarona\n|move|p1a: Kleavor|Night Slash|p2b: Farigiraf\n|-supereffective|p2b: Farigiraf\n|-damage|p2b: Farigiraf|22\/100\n|-damage|p1a: Kleavor|61\/100|[from] item: Rocky Helmet|[of] p2b: Farigiraf\n|move|p2b: Farigiraf|Trick Room|p2b: Farigiraf\n|-fieldstart|move: Trick Room|[of] p2b: Farigiraf\n|\n|upkeep\n|\n|t:|1700476918\n|switch|p1b: Rabsca|Rabsca, L50, M, shiny|100\/100\n|turn|3\n|\n|t:|1700476932\n|move|p1b: Rabsca|Revival Blessing|p1b: Rabsca\n|j| Bone WRLD\n|\n|t:|1700476937\n|-heal|p1: Vivillon|50\/100|[from] move: Revival Blessing\n|move|p2b: Farigiraf|Imprison|p2b: Farigiraf\n|-start|p2b: Farigiraf|move: Imprison\n|move|p1a: Kleavor|Night Slash|p2b: Farigiraf\n|-supereffective|p2b: Farigiraf\n|-damage|p2b: Farigiraf|0 fnt\n|-damage|p1a: Kleavor|44\/100|[from] item: Rocky Helmet|[of] p2b: Farigiraf\n|faint|p2b: Farigiraf\n|move|p2a: Farigiraf|Hyper Voice|p1a: Kleavor|[spread] p1a,p1b\n|-resisted|p1a: Kleavor\n|-damage|p1a: Kleavor|20\/100\n|-damage|p1b: Rabsca|74\/100\n|\n|upkeep\n|\n|t:|1700476952\n|switch|p2b: Torkoal|Torkoal, L50, F|100\/100\n|-weather|SunnyDay|[from] ability: Drought|[of] p2b: Torkoal\n|turn|4\n|\n|t:|1700476970\n|move|p2b: Torkoal|Eruption|p1b: Rabsca|[spread] p1a,p1b\n|-supereffective|p1b: Rabsca\n|-damage|p1a: Kleavor|0 fnt\n|-damage|p1b: Rabsca|0 fnt\n|faint|p1a: Kleavor\n|faint|p1b: Rabsca\n|move|p2a: Farigiraf|Hyper Voice|p1: Kleavor|[notarget]\n|-fail|p2a: Farigiraf\n|\n|-weather|SunnyDay|[upkeep]\n|upkeep\n|\n|t:|1700476981\n|switch|p1b: Vivillon|Vivillon, L50, M, shiny|50\/100\n|turn|5\n|\n|t:|1700476989\n|-terastallize|p1b: Vivillon|Ghost\n|move|p2b: Torkoal|Eruption|p1b: Vivillon\n|-damage|p1b: Vivillon|0 fnt\n|faint|p1b: Vivillon\n|\n|win|Rattoghiaccio\n|raw|FourLi's rating: 1100 &rarr; <strong>1078<\/strong><br \/>(-22 for losing)\n|raw|Rattoghiaccio's rating: 1144 &rarr; <strong>1166<\/strong><br \/>(+22 for winning)\n|l|\u2606Rattoghiaccio\n","uploadtime":1700477006,"views":5,"p1id":"fourli","p2id":"rattoghiaccio","formatid":"gen9vgc2023regulatione","rating":1078,"private":0,"password":""}