{"id":"gen9vgc2023regulatione-1995020272","p1":"MurphyTheMut","p2":"Crayons16","format":"[Gen 9] VGC 2023 Regulation E","log":"|j|\u2606MurphyTheMut\n|j|\u2606Crayons16\n|t:|1700514086\n|gametype|doubles\n|player|p1|MurphyTheMut|roughneck-gen4|1291\n|player|p2|Crayons16|cynthia|1281\n|teamsize|p1|6\n|teamsize|p2|6\n|gen|9\n|tier|[Gen 9] VGC 2023 Regulation E\n|rated|\n|rule|Species Clause: Limit one of each Pok\u00e9mon\n|rule|Item Clause: Limit one of each item\n|clearpoke\n|poke|p1|Hippowdon, L50, M|\n|poke|p1|Tyranitar, L50, F|\n|poke|p1|Flutter Mane, L50|\n|poke|p1|Indeedee-F, L50, F|\n|poke|p1|Armarouge, L50, M|\n|poke|p1|Kommo-o, L50, M|\n|poke|p2|Rillaboom, L50, F|\n|poke|p2|Sneasler, L50, F|\n|poke|p2|Arcanine-Hisui, L50, F|\n|poke|p2|Ninetales-Alola, L50, F|\n|poke|p2|Landorus-Therian, L50, M|\n|poke|p2|Chien-Pao, L50|\n|teampreview|4\n|inactive|Battle timer is ON: inactive players will automatically lose when time's up. (requested by MurphyTheMut)\n|\n|t:|1700514126\n|start\n|switch|p1a: Indeedee|Indeedee-F, L50, F|100\/100\n|switch|p1b: Kommo-o|Kommo-o, L50, M|100\/100\n|switch|p2a: God Bless America|Ninetales-Alola, L50, F|100\/100\n|switch|p2b: Donkey Kong|Rillaboom, L50, F, shiny|100\/100\n|-weather|Snow|[from] ability: Snow Warning|[of] p2a: God Bless America\n|-fieldstart|move: Psychic Terrain|[from] ability: Psychic Surge|[of] p1a: Indeedee\n|-fieldstart|move: Grassy Terrain|[from] ability: Grassy Surge|[of] p2b: Donkey Kong\n|turn|1\n|inactive|MurphyTheMut has 30 seconds left.\n|\n|t:|1700514157\n|switch|p1a: Tyranitar|Tyranitar, L50, F|100\/100\n|-weather|Sandstorm|[from] ability: Sand Stream|[of] p1a: Tyranitar\n|-terastallize|p1b: Kommo-o|Steel\n|move|p2b: Donkey Kong|Fake Out|p1b: Kommo-o\n|-resisted|p1b: Kommo-o\n|-damage|p1b: Kommo-o|96\/100\n|move|p2a: God Bless America|Moonblast|p1b: Kommo-o\n|-resisted|p1b: Kommo-o\n|-damage|p1b: Kommo-o|82\/100\n|cant|p1b: Kommo-o|flinch\n|\n|-weather|Sandstorm|[upkeep]\n|-damage|p2a: God Bless America|95\/100|[from] Sandstorm\n|-damage|p2b: Donkey Kong|95\/100|[from] Sandstorm\n|-heal|p2a: God Bless America|100\/100|[from] Grassy Terrain\n|-heal|p1b: Kommo-o|88\/100|[from] Grassy Terrain\n|-heal|p1b: Kommo-o|94\/100|[from] item: Leftovers\n|-heal|p2b: Donkey Kong|100\/100|[from] Grassy Terrain\n|upkeep\n|turn|2\n|inactive|MurphyTheMut has 30 seconds left.\n|inactive|Crayons16 has 30 seconds left.\n|inactive|MurphyTheMut has 20 seconds left.\n|inactive|Crayons16 has 20 seconds left.\n|inactive|Crayons16 has 15 seconds left.\n|\n|t:|1700514200\n|switch|p2a: Joe Cool|Landorus-Therian, L50, M|100\/100\n|-ability|p2a: Joe Cool|Intimidate|boost\n|-unboost|p1a: Tyranitar|atk|1\n|-unboost|p1b: Kommo-o|atk|1\n|move|p1b: Kommo-o|Iron Defense|p1b: Kommo-o\n|-boost|p1b: Kommo-o|def|2\n|move|p1a: Tyranitar|Knock Off|p2b: Donkey Kong\n|-damage|p2b: Donkey Kong|64\/100\n|-enditem|p2b: Donkey Kong|Miracle Seed|[from] move: Knock Off|[of] p1a: Tyranitar\n|move|p2b: Donkey Kong|Wood Hammer|p1a: Tyranitar\n|-supereffective|p1a: Tyranitar\n|-damage|p1a: Tyranitar|0 fnt\n|faint|p1a: Tyranitar\n|-damage|p2b: Donkey Kong|30\/100|[from] Recoil\n|\n|-weather|Sandstorm|[upkeep]\n|-damage|p2b: Donkey Kong|25\/100|[from] Sandstorm\n|-heal|p1b: Kommo-o|100\/100|[from] Grassy Terrain\n|-heal|p2b: Donkey Kong|30\/100|[from] Grassy Terrain\n|upkeep\n|\n|t:|1700514224\n|switch|p1a: Indeedee|Indeedee-F, L50, F|100\/100\n|-fieldstart|move: Psychic Terrain|[from] ability: Psychic Surge|[of] p1a: Indeedee\n|turn|3\n|inactive|MurphyTheMut has 30 seconds left.\n|inactive|Crayons16 has 30 seconds left.\n|\n|t:|1700514260\n|move|p2a: Joe Cool|Stomping Tantrum|p1b: Kommo-o\n|-supereffective|p1b: Kommo-o\n|-damage|p1b: Kommo-o|73\/100\n|move|p1b: Kommo-o|Iron Defense|p1b: Kommo-o\n|-boost|p1b: Kommo-o|def|2\n|move|p2b: Donkey Kong|Taunt|p1a: Indeedee\n|-start|p1a: Indeedee|move: Taunt\n|cant|p1a: Indeedee|move: Taunt|Trick Room\n|\n|-weather|Sandstorm|[upkeep]\n|-damage|p1a: Indeedee|94\/100|[from] Sandstorm\n|-damage|p2b: Donkey Kong|25\/100|[from] Sandstorm\n|-heal|p1b: Kommo-o|79\/100|[from] item: Leftovers\n|upkeep\n|turn|4\n|inactive|MurphyTheMut has 30 seconds left.\n|\n|t:|1700514289\n|switch|p1a: Flutter Mane|Flutter Mane, L50|100\/100\n|switch|p2b: Joker Persona 5 2|Chien-Pao, L50|100\/100\n|-ability|p2b: Joker Persona 5 2|Sword of Ruin\n|move|p2a: Joe Cool|Stomping Tantrum|p1b: Kommo-o\n|-supereffective|p1b: Kommo-o\n|-damage|p1b: Kommo-o|52\/100\n|move|p1b: Kommo-o|Body Press|p2a: Joe Cool\n|-resisted|p2a: Joe Cool\n|-damage|p2a: Joe Cool|12\/100\n|\n|-weather|Sandstorm|[upkeep]\n|-damage|p2b: Joker Persona 5 2|95\/100|[from] Sandstorm\n|-damage|p1a: Flutter Mane|94\/100|[from] Sandstorm\n|-heal|p1b: Kommo-o|58\/100|[from] item: Leftovers\n|upkeep\n|turn|5\n|inactive|MurphyTheMut has 30 seconds left.\n|inactive|MurphyTheMut has 20 seconds left.\n|\n|t:|1700514325\n|-end|p1a: Flutter Mane|Protosynthesis|[silent]\n|switch|p1a: Indeedee|Indeedee-F, L50, F|94\/100\n|move|p2b: Joker Persona 5 2|Protect|p2b: Joker Persona 5 2\n|-singleturn|p2b: Joker Persona 5 2|Protect\n|move|p1b: Kommo-o|Protect|p1b: Kommo-o\n|-singleturn|p1b: Kommo-o|Protect\n|move|p2a: Joe Cool|Stomping Tantrum|p1b: Kommo-o\n|-activate|p1b: Kommo-o|move: Protect\n|\n|-weather|none\n|-heal|p1b: Kommo-o|64\/100|[from] item: Leftovers\n|upkeep\n|turn|6\n|inactive|MurphyTheMut has 30 seconds left.\n|\n|t:|1700514357\n|move|p2a: Joe Cool|Stomping Tantrum|p1b: Kommo-o\n|-supereffective|p1b: Kommo-o\n|-damage|p1b: Kommo-o|40\/100\n|move|p2b: Joker Persona 5 2|Sacred Sword|p1b: Kommo-o\n|-supereffective|p1b: Kommo-o\n|-damage|p1b: Kommo-o|0 fnt\n|faint|p1b: Kommo-o\n|move|p1a: Indeedee|Trick Room|p1a: Indeedee\n|-fieldstart|move: Trick Room|[of] p1a: Indeedee\n|\n|upkeep\n|\n|t:|1700514368\n|switch|p1b: Flutter Mane|Flutter Mane, L50|94\/100\n|turn|7\n|\n|t:|1700514382\n|move|p1a: Indeedee|Follow Me|p1a: Indeedee\n|-singleturn|p1a: Indeedee|move: Follow Me\n|move|p2b: Joker Persona 5 2|Sucker Punch||[still]\n|-fail|p2b: Joker Persona 5 2\n|move|p1b: Flutter Mane|Dazzling Gleam|p2b: Joker Persona 5 2|[spread] p2a,p2b\n|-supereffective|p2b: Joker Persona 5 2\n|-damage|p2a: Joe Cool|0 fnt\n|-damage|p2b: Joker Persona 5 2|0 fnt\n|faint|p2a: Joe Cool\n|faint|p2b: Joker Persona 5 2\n|\n|-fieldend|move: Psychic Terrain\n|upkeep\n|\n|t:|1700514392\n|switch|p2a: God Bless America|Ninetales-Alola, L50, F|100\/100\n|switch|p2b: Donkey Kong|Rillaboom, L50, F, shiny|25\/100\n|-fieldstart|move: Grassy Terrain|[from] ability: Grassy Surge|[of] p2b: Donkey Kong\n|-weather|Snow|[from] ability: Snow Warning|[of] p2a: God Bless America\n|turn|8\n|\n|t:|1700514410\n|move|p2b: Donkey Kong|Fake Out|p1a: Indeedee\n|-damage|p1a: Indeedee|78\/100\n|-damage|p2b: Donkey Kong|8\/100|[from] item: Rocky Helmet|[of] p1a: Indeedee\n|cant|p1a: Indeedee|flinch\n|move|p2a: God Bless America|Blizzard|p1a: Indeedee|[spread] p1a,p1b\n|-damage|p1a: Indeedee|52\/100\n|-damage|p1b: Flutter Mane|72\/100\n|move|p1b: Flutter Mane|Dazzling Gleam|p2b: Donkey Kong|[spread] p2a,p2b\n|-damage|p2a: God Bless America|56\/100\n|-damage|p2b: Donkey Kong|0 fnt\n|faint|p2b: Donkey Kong\n|\n|-weather|Snow|[upkeep]\n|-heal|p1a: Indeedee|59\/100|[from] Grassy Terrain\n|-heal|p2a: God Bless America|61\/100|[from] Grassy Terrain\n|-heal|p1b: Flutter Mane|78\/100|[from] Grassy Terrain\n|upkeep\n|turn|9\n|\n|t:|1700514435\n|move|p1a: Indeedee|Helping Hand|p1b: Flutter Mane\n|-singleturn|p1b: Flutter Mane|Helping Hand|[of] p1a: Indeedee\n|move|p2a: God Bless America|Disable|p1b: Flutter Mane\n|-start|p1b: Flutter Mane|Disable|Dazzling Gleam\n|cant|p1b: Flutter Mane|Disable|Dazzling Gleam\n|\n|-weather|Snow|[upkeep]\n|-heal|p1a: Indeedee|65\/100|[from] Grassy Terrain\n|-heal|p2a: God Bless America|67\/100|[from] Grassy Terrain\n|-heal|p1b: Flutter Mane|84\/100|[from] Grassy Terrain\n|upkeep\n|turn|10\n|\n|t:|1700514452\n|move|p1a: Indeedee|Heal Pulse|p1b: Flutter Mane\n|-heal|p1b: Flutter Mane|100\/100\n|move|p2a: God Bless America|Blizzard|p1b: Flutter Mane|[spread] p1a,p1b\n|-damage|p1a: Indeedee|39\/100\n|-damage|p1b: Flutter Mane|76\/100\n|-activate|p1b: Flutter Mane|move: Struggle\n|move|p1b: Flutter Mane|Struggle|p2a: God Bless America\n|-damage|p2a: God Bless America|63\/100\n|-damage|p1b: Flutter Mane|51\/100|[from] recoil\n|\n|-weather|Snow|[upkeep]\n|-heal|p1a: Indeedee|45\/100|[from] Grassy Terrain\n|-heal|p2a: God Bless America|68\/100|[from] Grassy Terrain\n|-heal|p1b: Flutter Mane|57\/100|[from] Grassy Terrain\n|-fieldend|move: Trick Room\n|upkeep\n|turn|11\n|\n|t:|1700514473\n|-activate|p1b: Flutter Mane|move: Struggle\n|move|p1b: Flutter Mane|Struggle|p2a: God Bless America\n|-damage|p2a: God Bless America|64\/100\n|-damage|p1b: Flutter Mane|32\/100|[from] recoil\n|move|p2a: God Bless America|Blizzard|p1a: Indeedee|[spread] p1a,p1b\n|-damage|p1a: Indeedee|19\/100\n|-damage|p1b: Flutter Mane|9\/100\n|move|p1a: Indeedee|Heal Pulse|p1b: Flutter Mane\n|-heal|p1b: Flutter Mane|59\/100\n|\n|-weather|Snow|[upkeep]\n|-heal|p1b: Flutter Mane|65\/100|[from] Grassy Terrain\n|-heal|p2a: God Bless America|69\/100|[from] Grassy Terrain\n|-heal|p1a: Indeedee|25\/100|[from] Grassy Terrain\n|upkeep\n|turn|12\n|\n|t:|1700514498\n|-activate|p1b: Flutter Mane|move: Struggle\n|move|p1b: Flutter Mane|Struggle|p2a: God Bless America\n|-damage|p2a: God Bless America|65\/100\n|-damage|p1b: Flutter Mane|40\/100|[from] recoil\n|move|p2a: God Bless America|Blizzard|p1a: Indeedee|[spread] p1a,p1b\n|-damage|p1a: Indeedee|0 fnt\n|-damage|p1b: Flutter Mane|18\/100\n|faint|p1a: Indeedee\n|\n|-weather|none\n|-heal|p1b: Flutter Mane|24\/100|[from] Grassy Terrain\n|-heal|p2a: God Bless America|71\/100|[from] Grassy Terrain\n|-end|p1b: Flutter Mane|Disable\n|-fieldend|move: Grassy Terrain\n|upkeep\n|turn|13\n|inactive|Crayons16 has 30 seconds left.\n|\n|t:|1700514528\n|move|p1b: Flutter Mane|Dazzling Gleam|p2a: God Bless America\n|-damage|p2a: God Bless America|2\/100\n|move|p2a: God Bless America|Disable|p1b: Flutter Mane\n|-start|p1b: Flutter Mane|Disable|Dazzling Gleam\n|\n|upkeep\n|turn|14\n|\n|t:|1700514539\n|-activate|p1b: Flutter Mane|move: Struggle\n|move|p1b: Flutter Mane|Struggle|p2a: God Bless America\n|-crit|p2a: God Bless America\n|-damage|p2a: God Bless America|0 fnt\n|faint|p2a: God Bless America\n|-damage|p1b: Flutter Mane|0 fnt|[from] recoil\n|faint|p1b: Flutter Mane\n|-end|p1b: Flutter Mane|Protosynthesis|[silent]\n|\n|win|MurphyTheMut\n|raw|MurphyTheMut's rating: 1291 &rarr; <strong>1315<\/strong><br \/>(+24 for winning)\n|raw|Crayons16's rating: 1281 &rarr; <strong>1257<\/strong><br \/>(-24 for losing)\n|c|\u2606MurphyTheMut|LOL\n|c|\u2606Crayons16|gg lmao\n|c|\u2606MurphyTheMut|Crazy end game mate gg\n|c|\u2606Crayons16|Fr the disable goes crazy\n|l|\u2606Crayons16\n|c|\u2606MurphyTheMut|Deffo mate. It was anyone's game\n","uploadtime":1700514621,"views":8,"p1id":"murphythemut","p2id":"crayons16","formatid":"gen9vgc2023regulatione","rating":1257,"private":0,"password":""}