{"id":"gen9vgc2023regulatione-1998330209","p1":"Willipino","p2":"selill0","format":"[Gen 9] VGC 2023 Regulation E","log":"|j|\u2606Willipino\n|j|\u2606selill0\n|t:|1700930220\n|gametype|doubles\n|player|p1|Willipino|1|1416\n|player|p2|selill0|1|1345\n|teamsize|p1|6\n|teamsize|p2|6\n|gen|9\n|tier|[Gen 9] VGC 2023 Regulation E\n|rated|\n|rule|Species Clause: Limit one of each Pok\u00e9mon\n|rule|Item Clause: Limit one of each item\n|clearpoke\n|poke|p1|Tornadus, L50, M|\n|poke|p1|Heatran, L50, M|\n|poke|p1|Farigiraf, L50, F|\n|poke|p1|Rillaboom, L50, M|\n|poke|p1|Iron Bundle, L50|\n|poke|p1|Urshifu-*, L50, M|\n|poke|p2|Tornadus, L50, M|\n|poke|p2|Arcanine-Hisui, L50, F|\n|poke|p2|Iron Hands, L50|\n|poke|p2|Gholdengo, L50|\n|poke|p2|Urshifu-*, L50, F|\n|poke|p2|Ogerpon-Wellspring, L50, F|\n|teampreview|4\n|inactive|Battle timer is ON: inactive players will automatically lose when time's up. (requested by selill0)\n|inactive|Willipino has 60 seconds left.\n|\n|t:|1700930268\n|start\n|switch|p1a: Tornadus|Tornadus, L50, M|100\/100\n|switch|p1b: Heatran|Heatran, L50, M|100\/100\n|switch|p2a: Tornadus|Tornadus, L50, M|100\/100\n|switch|p2b: Iron Hands|Iron Hands, L50|100\/100\n|turn|1\n|\n|t:|1700930280\n|move|p1b: Heatran|Protect|p1b: Heatran\n|-singleturn|p1b: Heatran|Protect\n|move|p2b: Iron Hands|Fake Out|p1b: Heatran\n|-activate|p1b: Heatran|move: Protect\n|move|p1a: Tornadus|Tailwind|p1a: Tornadus\n|-sidestart|p1: Willipino|move: Tailwind\n|move|p2a: Tornadus|Tailwind|p2a: Tornadus\n|-sidestart|p2: selill0|move: Tailwind\n|\n|upkeep\n|turn|2\n|inactive|Willipino has 30 seconds left.\n|\n|t:|1700930308\n|-terastallize|p1b: Heatran|Fairy\n|move|p1a: Tornadus|Sunny Day|p1a: Tornadus\n|-weather|SunnyDay\n|move|p2a: Tornadus|Rain Dance|p2a: Tornadus\n|-weather|RainDance\n|move|p1b: Heatran|Heat Wave|p2b: Iron Hands|[spread] p2a,p2b\n|-damage|p2a: Tornadus|77\/100\n|-damage|p2b: Iron Hands|88\/100\n|-damage|p1b: Heatran|90\/100|[from] item: Life Orb\n|move|p2b: Iron Hands|Drain Punch|p1b: Heatran\n|-resisted|p1b: Heatran\n|-damage|p1b: Heatran|70\/100\n|-heal|p2b: Iron Hands|95\/100|[from] drain|[of] p1b: Heatran\n|\n|-weather|RainDance|[upkeep]\n|upkeep\n|turn|3\n|inactive|Willipino has 30 seconds left.\n|c|\u2606Willipino|What is your torn speed at? I\u2019m at 0. I never lose weather so I\u2019m curious\n|inactive|Willipino has 20 seconds left.\n|\n|t:|1700930344\n|move|p1a: Tornadus|Bleakwind Storm|p2b: Iron Hands|[spread] p2a,p2b\n|-damage|p2a: Tornadus|41\/100\n|-damage|p2b: Iron Hands|77\/100\n|move|p2a: Tornadus|Bleakwind Storm|p1a: Tornadus|[spread] p1a,p1b\n|-damage|p1a: Tornadus|66\/100\n|-damage|p1b: Heatran|40\/100\n|move|p1b: Heatran|Earth Power|p2b: Iron Hands\n|-supereffective|p2b: Iron Hands\n|-damage|p2b: Iron Hands|30\/100\n|-unboost|p2b: Iron Hands|spd|1\n|-damage|p1b: Heatran|30\/100|[from] item: Life Orb\n|move|p2b: Iron Hands|Wild Charge|p1a: Tornadus\n|-supereffective|p1a: Tornadus\n|-damage|p1a: Tornadus|0 fnt\n|faint|p1a: Tornadus\n|-damage|p2b: Iron Hands|18\/100|[from] Recoil\n|\n|-weather|RainDance|[upkeep]\n|upkeep\n|\n|t:|1700930359\n|switch|p1a: Iron Bundle|Iron Bundle, L50, shiny|100\/100\n|-enditem|p1a: Iron Bundle|Booster Energy\n|-activate|p1a: Iron Bundle|ability: Quark Drive|[fromitem]\n|-start|p1a: Iron Bundle|quarkdrivespe\n|turn|4\n|\n|t:|1700930373\n|move|p1a: Iron Bundle|Freeze-Dry|p2a: Tornadus\n|-supereffective|p2a: Tornadus\n|-damage|p2a: Tornadus|0 fnt\n|faint|p2a: Tornadus\n|move|p1b: Heatran|Earth Power|p2b: Iron Hands\n|-supereffective|p2b: Iron Hands\n|-damage|p2b: Iron Hands|0 fnt\n|faint|p2b: Iron Hands\n|-end|p2b: Iron Hands|Quark Drive|[silent]\n|-damage|p1b: Heatran|20\/100|[from] item: Life Orb\n|\n|-weather|RainDance|[upkeep]\n|-sideend|p1: Willipino|move: Tailwind\n|-sideend|p2: selill0|move: Tailwind\n|upkeep\n|c|\u2606selill0|Its speed tie bro\n|inactive|selill0 has 30 seconds left.\n|\n|t:|1700930399\n|switch|p2a: Urshifu|Urshifu-Rapid-Strike, L50, F|100\/100\n|switch|p2b: Gholdengo|Gholdengo, L50|100\/100\n|turn|5\n|c|\u2606Willipino|Makes sense\n|inactive|Willipino has 30 seconds left.\n|\n|t:|1700930427\n|move|p1a: Iron Bundle|Freeze-Dry|p2a: Urshifu\n|-supereffective|p2a: Urshifu\n|-damage|p2a: Urshifu|17\/100\n|move|p2a: Urshifu|Surging Strikes|p1a: Iron Bundle\n|-resisted|p1a: Iron Bundle\n|-crit|p1a: Iron Bundle\n|-damage|p1a: Iron Bundle|83\/100\n|-resisted|p1a: Iron Bundle\n|-crit|p1a: Iron Bundle\n|-damage|p1a: Iron Bundle|66\/100\n|-resisted|p1a: Iron Bundle\n|-crit|p1a: Iron Bundle\n|-damage|p1a: Iron Bundle|49\/100\n|-hitcount|p1a: Iron Bundle|3\n|move|p1b: Heatran|Earth Power|p2b: Gholdengo\n|-supereffective|p2b: Gholdengo\n|-damage|p2b: Gholdengo|16\/100\n|-damage|p1b: Heatran|10\/100|[from] item: Life Orb\n|move|p2b: Gholdengo|Shadow Ball|p1b: Heatran\n|-damage|p1b: Heatran|0 fnt\n|faint|p1b: Heatran\n|\n|-weather|RainDance|[upkeep]\n|-heal|p2b: Gholdengo|22\/100|[from] item: Leftovers\n|upkeep\n|\n|t:|1700930433\n|switch|p1b: Urshifu|Urshifu, L50, M|100\/100\n|turn|6\n|inactive|selill0 has 30 seconds left.\n|\n|t:|1700930465\n|move|p1a: Iron Bundle|Freeze-Dry|p2a: Urshifu\n|-supereffective|p2a: Urshifu\n|-damage|p2a: Urshifu|0 fnt\n|faint|p2a: Urshifu\n|move|p1b: Urshifu|Wicked Blow|p2b: Gholdengo\n|-supereffective|p2b: Gholdengo\n|-crit|p2b: Gholdengo\n|-damage|p2b: Gholdengo|0 fnt\n|faint|p2b: Gholdengo\n|\n|win|Willipino\n|raw|Willipino's rating: 1416 &rarr; <strong>1432<\/strong><br \/>(+16 for winning)\n|raw|selill0's rating: 1345 &rarr; <strong>1329<\/strong><br \/>(-16 for losing)\n|c|\u2606selill0|Gg\n|c|\u2606Willipino|Gg\n","uploadtime":1700930510,"views":10,"p1id":"willipino","p2id":"selill0","formatid":"gen9vgc2023regulatione","rating":1329,"private":0,"password":""}