{"id":"gen9vgc2023regulatione-1997976387","p1":"RotovicVGC","p2":"Fancy Cucudrula","format":"[Gen 9] VGC 2023 Regulation E","log":"|j|\u2606RotovicVGC\n|j|\u2606Fancy Cucudrula\n|n|\u2606RotovicVGC|rotovicvgc\n|n|\u2606Fancy Cucudrula|fancycucudrula\n|html|View the match progress at <a href=\"\/game-bestof3-gen9vgc2023regulatione-1997976386\">game-bestof3-gen9vgc2023regulatione-1997976386<\/a>\n|t:|1700874376\n|gametype|doubles\n|player|p1|RotovicVGC|101|\n|player|p2|Fancy Cucudrula|valerie|\n|teamsize|p1|6\n|teamsize|p2|6\n|gen|9\n|tier|[Gen 9] VGC 2023 Regulation E\n|rule|Species Clause: Limit one of each Pok\u00e9mon\n|rule|Item Clause: Limit one of each item\n|clearpoke\n|poke|p1|Tornadus, L50, M|\n|poke|p1|Urshifu-*, L50, M|\n|poke|p1|Chien-Pao, L50|\n|poke|p1|Arcanine-Hisui, L50, M|\n|poke|p1|Rillaboom, L50, F|\n|poke|p1|Flutter Mane, L50|\n|poke|p2|Flutter Mane, L50|\n|poke|p2|Amoonguss, L50, M|\n|poke|p2|Heatran, L50, F|\n|poke|p2|Iron Hands, L50|\n|poke|p2|Landorus-Therian, L50, M|\n|poke|p2|Chien-Pao, L50|\n|teampreview|4\n|inactive|Battle timer is ON: inactive players will automatically lose when time's up. (requested by Fancy Cucudrula)\nFancy Cucudrula has agreed to open team sheets.\nRotovicVGC has agreed to open team sheets.\n|showteam|p1|Tornadus||RockyHelmet|Prankster|BleakwindStorm,Tailwind,Taunt,RainDance|||M|||50|,,,,,Ghost]Urshifu-Rapid-Strike||ChoiceScarf|UnseenFist|SurgingStrikes,CloseCombat,Uturn,AquaJet|||M|||50|,,,,,Water]Chien-Pao||FocusSash|SwordofRuin|SuckerPunch,IcicleCrash,Protect,SacredSword||||||50|,,,,,Ghost]Arcanine-Hisui||ChoiceBand|Intimidate|ExtremeSpeed,FlareBlitz,RockSlide,TeraBlast|||M|||50|,,,,,Fairy]Rillaboom||AssaultVest|GrassySurge|FakeOut,GrassyGlide,Uturn,WoodHammer|||F|||50|,,,,,Poison]Flutter Mane||BoosterEnergy|Protosynthesis|DazzlingGleam,ShadowBall,Moonblast,Protect||||||50|,,,,,Fairy\n|showteam|p2|Flutter Mane||ChoiceSpecs|Protosynthesis|DazzlingGleam,Moonblast,ShadowBall,PerishSong||||||50|,,,,,Fairy]Amoonguss||RockyHelmet|Regenerator|RagePowder,PollenPuff,Spore,Protect|||M|||50|,,,,,Water]Heatran||SafetyGoggles|FlashFire|HeatWave,EarthPower,FlashCannon,Protect|||F|||50|,,,,,Fairy]Iron Hands||AssaultVest|QuarkDrive|DrainPunch,WildCharge,HeavySlam,FakeOut||||||50|,,,,,Water]Landorus-Therian||ChoiceScarf|Intimidate|StompingTantrum,TeraBlast,RockSlide,Uturn|||M|||50|,,,,,Flying]Chien-Pao||FocusSash|SwordofRuin|IceSpinner,SuckerPunch,Haze,Protect||||||50|,,,,,Ghost\n|c|\u2606Fancy Cucudrula|acepta belloso\n|c|\u2606Fancy Cucudrula|listaaaaa\n|inactive|RotovicVGC has 30 seconds left.\n|inactive|Fancy Cucudrula has 30 seconds left.\n|inactive|RotovicVGC has 20 seconds left.\n|inactive|Fancy Cucudrula has 20 seconds left.\n|inactive|RotovicVGC has 15 seconds left.\n|inactive|Fancy Cucudrula has 15 seconds left.\n|inactive|RotovicVGC has 10 seconds left.\n|inactive|Fancy Cucudrula has 10 seconds left.\n|inactive|RotovicVGC has 5 seconds left.\n|inactive|Fancy Cucudrula has 5 seconds left.\n|\n|t:|1700874439\n|start\n|switch|p1a: Tornadus|Tornadus, L50, M|100\/100\n|switch|p1b: Rillaboom|Rillaboom, L50, F|100\/100\n|switch|p2a: Sasha Colby|Flutter Mane, L50|100\/100\n|switch|p2b: Luquisha|Landorus-Therian, L50, M|100\/100\n|-ability|p2b: Luquisha|Intimidate|boost\n|-unboost|p1a: Tornadus|atk|1\n|-unboost|p1b: Rillaboom|atk|1\n|-fieldstart|move: Grassy Terrain|[from] ability: Grassy Surge|[of] p1b: Rillaboom\n|turn|1\n|inactive|RotovicVGC has 30 seconds left.\n|inactive|Fancy Cucudrula has 30 seconds left.\n|inactive|RotovicVGC has 20 seconds left.\n|\n|t:|1700874475\n|-end|p2a: Sasha Colby|Protosynthesis|[silent]\n|switch|p2a: Lawrence|Heatran, L50, F, shiny|100\/100\n|move|p1b: Rillaboom|Fake Out|p2b: Luquisha\n|-damage|p2b: Luquisha|91\/100\n|move|p1a: Tornadus|Tailwind|p1a: Tornadus\n|-sidestart|p1: RotovicVGC|move: Tailwind\n|cant|p2b: Luquisha|flinch\n|\n|upkeep\n|turn|2\n|inactive|RotovicVGC has 30 seconds left.\n|inactive|RotovicVGC has 20 seconds left.\n|\n|t:|1700874513\n|move|p1a: Tornadus|Rain Dance|p1a: Tornadus\n|-weather|RainDance\n|move|p1b: Rillaboom|U-turn|p2b: Luquisha\n|-resisted|p2b: Luquisha\n|-damage|p2b: Luquisha|83\/100\n|\n|t:|1700874522\n|switch|p1b: Urshifu|Urshifu-Rapid-Strike, L50, M|100\/100|[from] U-turn\n|move|p2b: Luquisha|U-turn|p1b: Urshifu\n|-resisted|p1b: Urshifu\n|-crit|p1b: Urshifu\n|-damage|p1b: Urshifu|81\/100\n|\n|t:|1700874532\n|switch|p2b: Brita Filter|Amoonguss, L50, M, shiny|100\/100|[from] U-turn\n|move|p2a: Lawrence|Heat Wave|p1a: Tornadus|[spread] p1a,p1b\n|-resisted|p1b: Urshifu\n|-damage|p1a: Tornadus|81\/100\n|-damage|p1b: Urshifu|69\/100\n|\n|-weather|RainDance|[upkeep]\n|-heal|p1b: Urshifu|75\/100|[from] Grassy Terrain\n|upkeep\n|turn|3\n|inactive|RotovicVGC has 30 seconds left.\n|inactive|Fancy Cucudrula has 30 seconds left.\n|inactive|RotovicVGC has 20 seconds left.\n|inactive|Fancy Cucudrula has 20 seconds left.\n|inactive|RotovicVGC has 15 seconds left.\n|inactive|Fancy Cucudrula has 15 seconds left.\n|inactive|RotovicVGC has 10 seconds left.\n|inactive|Fancy Cucudrula has 10 seconds left.\n|inactive|RotovicVGC has 5 seconds left.\n|\n|t:|1700874582\n|switch|p1b: Rillaboom|Rillaboom, L50, F|100\/100\n|-terastallize|p2b: Brita Filter|Water\n|move|p2b: Brita Filter|Rage Powder|p2b: Brita Filter\n|-singleturn|p2b: Brita Filter|move: Rage Powder\n|move|p1a: Tornadus|Taunt|p2b: Brita Filter\n|-start|p2b: Brita Filter|move: Taunt\n|move|p2a: Lawrence|Flash Cannon|p1a: Tornadus\n|-damage|p1a: Tornadus|34\/100\n|\n|-weather|RainDance|[upkeep]\n|upkeep\n|turn|4\n|inactive|RotovicVGC has 30 seconds left.\n|\n|t:|1700874616\n|switch|p1a: Urshifu|Urshifu-Rapid-Strike, L50, M|75\/100\n|switch|p2b: Luquisha|Landorus-Therian, L50, M|83\/100\n|-ability|p2b: Luquisha|Intimidate|boost\n|-unboost|p1a: Urshifu|atk|1\n|-unboost|p1b: Rillaboom|atk|1\n|move|p1b: Rillaboom|Wood Hammer|p2b: Luquisha\n|-damage|p2b: Luquisha|24\/100\n|-damage|p1b: Rillaboom|83\/100|[from] Recoil\n|move|p2a: Lawrence|Flash Cannon|p1a: Urshifu\n|-resisted|p1a: Urshifu\n|-damage|p1a: Urshifu|49\/100\n|\n|-weather|RainDance|[upkeep]\n|-heal|p1a: Urshifu|54\/100|[from] Grassy Terrain\n|-heal|p1b: Rillaboom|89\/100|[from] Grassy Terrain\n|-sideend|p1: RotovicVGC|move: Tailwind\n|upkeep\n|turn|5\n|inactive|RotovicVGC has 30 seconds left.\n|inactive|RotovicVGC has 20 seconds left.\n|inactive|RotovicVGC has 15 seconds left.\n|\n|t:|1700874661\n|switch|p1a: Tornadus|Tornadus, L50, M|34\/100\n|switch|p2a: Brita Filter|Amoonguss, L50, M, shiny, tera:Water|100\/100\n|move|p1b: Rillaboom|Grassy Glide|p2b: Luquisha\n|-damage|p2b: Luquisha|0 fnt\n|faint|p2b: Luquisha\n|\n|-weather|RainDance|[upkeep]\n|-heal|p1b: Rillaboom|95\/100|[from] Grassy Terrain\n|-fieldend|move: Grassy Terrain\n|upkeep\n|\n|t:|1700874670\n|switch|p2b: Lawrence|Heatran, L50, F, shiny|100\/100\n|turn|6\n|inactive|RotovicVGC has 30 seconds left.\n|\n|t:|1700874699\n|switch|p2a: Sasha Colby|Flutter Mane, L50|100\/100\n|move|p1a: Tornadus|Taunt|p2a: Sasha Colby\n|-start|p2a: Sasha Colby|move: Taunt\n|move|p2b: Lawrence|Flash Cannon|p1a: Tornadus\n|-damage|p1a: Tornadus|0 fnt\n|faint|p1a: Tornadus\n|move|p1b: Rillaboom|Wood Hammer|p2a: Sasha Colby\n|-damage|p2a: Sasha Colby|37\/100\n|-damage|p1b: Rillaboom|81\/100|[from] Recoil\n|\n|-weather|none\n|upkeep\n|inactive|RotovicVGC has 30 seconds left.\n|inactive|RotovicVGC has 20 seconds left.\n|inactive|RotovicVGC has 15 seconds left.\n|\n|t:|1700874740\n|switch|p1a: Urshifu|Urshifu-Rapid-Strike, L50, M|54\/100\n|turn|7\n|\n|t:|1700874764\n|-end|p2a: Sasha Colby|Protosynthesis|[silent]\n|switch|p2a: Brita Filter|Amoonguss, L50, M, shiny, tera:Water|100\/100\n|switch|p1b: Chien-Pao|Chien-Pao, L50|100\/100\n|-ability|p1b: Chien-Pao|Sword of Ruin\n|move|p1a: Urshifu|U-turn|p2a: Brita Filter\n|-damage|p2a: Brita Filter|74\/100\n|-damage|p1a: Urshifu|38\/100|[from] item: Rocky Helmet|[of] p2a: Brita Filter\n|\n|t:|1700874773\n|switch|p1a: Rillaboom|Rillaboom, L50, F|81\/100|[from] U-turn\n|-fieldstart|move: Grassy Terrain|[from] ability: Grassy Surge|[of] p1a: Rillaboom\n|move|p2b: Lawrence|Heat Wave|p1a: Rillaboom|[spread] p1b\n|-miss|p2b: Lawrence|p1a: Rillaboom\n|-supereffective|p1b: Chien-Pao\n|-enditem|p1b: Chien-Pao|Focus Sash\n|-damage|p1b: Chien-Pao|1\/100\n|\n|-heal|p1b: Chien-Pao|7\/100|[from] Grassy Terrain\n|-heal|p1a: Rillaboom|86\/100|[from] Grassy Terrain\n|-heal|p2a: Brita Filter|80\/100|[from] Grassy Terrain\n|upkeep\n|turn|8\n|inactive|RotovicVGC has 30 seconds left.\n|inactive|Fancy Cucudrula has 30 seconds left.\n|inactive|Fancy Cucudrula has 20 seconds left.\n|\n|t:|1700874808\n|move|p2a: Brita Filter|Protect|p2a: Brita Filter\n|-singleturn|p2a: Brita Filter|Protect\n|move|p1b: Chien-Pao|Sacred Sword|p2b: Lawrence\n|-supereffective|p2b: Lawrence\n|-damage|p2b: Lawrence|34\/100\n|move|p2b: Lawrence|Heat Wave|p1b: Chien-Pao|[spread] p1a,p1b\n|-supereffective|p1a: Rillaboom\n|-supereffective|p1b: Chien-Pao\n|-damage|p1a: Rillaboom|37\/100\n|-damage|p1b: Chien-Pao|0 fnt\n|faint|p1b: Chien-Pao\n|move|p1a: Rillaboom|Wood Hammer|p2a: Brita Filter\n|-activate|p2a: Brita Filter|move: Protect\n|\n|-heal|p2b: Lawrence|40\/100|[from] Grassy Terrain\n|-heal|p1a: Rillaboom|43\/100|[from] Grassy Terrain\n|-heal|p2a: Brita Filter|86\/100|[from] Grassy Terrain\n|upkeep\n|\n|t:|1700874817\n|switch|p1b: Urshifu|Urshifu-Rapid-Strike, L50, M|38\/100\n|turn|9\n|inactive|RotovicVGC has 30 seconds left.\n|\n|t:|1700874847\n|-terastallize|p1a: Rillaboom|Poison\n|move|p2a: Brita Filter|Rage Powder|p2a: Brita Filter\n|-singleturn|p2a: Brita Filter|move: Rage Powder\n|move|p1b: Urshifu|Aqua Jet|p2a: Brita Filter\n|-resisted|p2a: Brita Filter\n|-damage|p2a: Brita Filter|79\/100\n|-damage|p1b: Urshifu|22\/100|[from] item: Rocky Helmet|[of] p2a: Brita Filter\n|move|p2b: Lawrence|Heat Wave|p1b: Urshifu|[spread] p1a,p1b\n|-resisted|p1b: Urshifu\n|-damage|p1a: Rillaboom|16\/100\n|-damage|p1b: Urshifu|0 fnt\n|-status|p1a: Rillaboom|brn\n|faint|p1b: Urshifu\n|move|p1a: Rillaboom|Wood Hammer|p2a: Brita Filter\n|-supereffective|p2a: Brita Filter\n|-damage|p2a: Brita Filter|16\/100\n|-damage|p1a: Rillaboom|0 fnt|[from] item: Rocky Helmet|[of] p2a: Brita Filter\n|faint|p1a: Rillaboom\n|\n|win|Fancy Cucudrula\n|inactive|RotovicVGC has 25 seconds left this turn.\n|inactive|RotovicVGC has 50 seconds to confirm battle start!\n|inactive|Fancy Cucudrula has 50 seconds to confirm battle start!\n|c|&|\/uhtml prompt-rotovicvgc,RotovicVGC is ready for game 2!\n|c|&|\/uhtml prompt-fancycucudrula,Fancy Cucudrula is ready for game 2!\nBoth players are ready! Starting next match!\n","uploadtime":1700875516,"views":5,"p1id":"rotovicvgc","p2id":"fancycucudrula","formatid":"gen9vgc2023regulatione","rating":0,"private":0,"password":""}