{"id":"gen9vgc2023regulatione-1995629868","p1":"ChocccccyMilkMafia","p2":"Oliwiergamer66","format":"[Gen 9] VGC 2023 Regulation E","log":"|j|\u2606ChocccccyMilkMafia\n|j|\u2606Oliwiergamer66\n|t:|1700588990\n|gametype|doubles\n|player|p1|ChocccccyMilkMafia|kieran|1124\n|player|p2|Oliwiergamer66|1|1044\n|teamsize|p1|6\n|teamsize|p2|6\n|gen|9\n|tier|[Gen 9] VGC 2023 Regulation E\n|rated|\n|rule|Species Clause: Limit one of each Pok\u00e9mon\n|rule|Item Clause: Limit one of each item\n|clearpoke\n|poke|p1|Farigiraf, L50, M|\n|poke|p1|Kingambit, L50, F|\n|poke|p1|Kommo-o, L50, M|\n|poke|p1|Sinistcha, L50|\n|poke|p1|Fezandipiti, L50, M|\n|poke|p1|Ninetales-Alola, L50, F|\n|poke|p2|Tyranitar, L50, M|\n|poke|p2|Tornadus, L50, M|\n|poke|p2|Garchomp, L50, M|\n|poke|p2|Arcanine, L50, F|\n|poke|p2|Clefairy, L50, F|\n|poke|p2|Flutter Mane, L50|\n|teampreview|4\n|c|\u2606Oliwiergamer66|gl\n|\n|t:|1700589024\n|start\n|switch|p1a: Kingambit|Kingambit, L50, F|100\/100\n|switch|p1b: Kommo-o|Kommo-o, L50, M|100\/100\n|switch|p2a: Tyranitar|Tyranitar, L50, M, shiny|100\/100\n|switch|p2b: Tornadus|Tornadus, L50, M|100\/100\n|-weather|Sandstorm|[from] ability: Sand Stream|[of] p2a: Tyranitar\n|turn|1\n|\n|t:|1700589049\n|switch|p1a: Farigiraf|Farigiraf, L50, M|100\/100\n|-terastallize|p1b: Kommo-o|Ghost\n|move|p2b: Tornadus|Tailwind|p2b: Tornadus\n|-sidestart|p2: Oliwiergamer66|move: Tailwind\n|move|p2a: Tyranitar|Earthquake|p1b: Kommo-o|[spread] p1a,p1b\n|-immune|p2b: Tornadus\n|-damage|p1a: Farigiraf|75\/100\n|-damage|p1b: Kommo-o|77\/100\n|move|p1b: Kommo-o|Clangorous Soul|p1b: Kommo-o\n|-boost|p1b: Kommo-o|atk|1\n|-boost|p1b: Kommo-o|def|1\n|-boost|p1b: Kommo-o|spa|1\n|-boost|p1b: Kommo-o|spd|1\n|-boost|p1b: Kommo-o|spe|1\n|-damage|p1b: Kommo-o|44\/100\n|\n|-weather|Sandstorm|[upkeep]\n|-damage|p2b: Tornadus|95\/100|[from] Sandstorm\n|-damage|p1a: Farigiraf|69\/100|[from] Sandstorm\n|upkeep\n|turn|2\n|\n|t:|1700589082\n|move|p2b: Tornadus|Bleakwind Storm|p1a: Farigiraf|[spread] p1a,p1b\n|-damage|p1a: Farigiraf|42\/100\n|-damage|p1b: Kommo-o|27\/100\n|-unboost|p1b: Kommo-o|spe|1\n|move|p2a: Tyranitar|Earthquake|p1b: Kommo-o|[spread] p1a,p1b\n|-immune|p2b: Tornadus\n|-damage|p1a: Farigiraf|15\/100\n|-damage|p1b: Kommo-o|10\/100\n|-enditem|p1b: Kommo-o|Aguav Berry|[eat]\n|-heal|p1b: Kommo-o|43\/100|[from] item: Aguav Berry\n|move|p1b: Kommo-o|Drain Punch|p2a: Tyranitar\n|-supereffective|p2a: Tyranitar\n|-damage|p2a: Tyranitar|0 fnt\n|-heal|p1b: Kommo-o|92\/100|[from] drain|[of] p2a: Tyranitar\n|faint|p2a: Tyranitar\n|move|p1a: Farigiraf|Trick Room|p1a: Farigiraf\n|-fieldstart|move: Trick Room|[of] p1a: Farigiraf\n|\n|-weather|Sandstorm|[upkeep]\n|-damage|p1a: Farigiraf|9\/100|[from] Sandstorm\n|-damage|p2b: Tornadus|89\/100|[from] Sandstorm\n|upkeep\n|\n|t:|1700589100\n|switch|p2a: Garchomp|Garchomp, L50, M, shiny|100\/100\n|turn|3\n|\n|t:|1700589117\n|-terastallize|p2a: Garchomp|Dragon\n|move|p1a: Farigiraf|Hyper Voice|p2a: Garchomp|[spread] p2a,p2b\n|-damage|p2a: Garchomp|73\/100\n|-damage|p2b: Tornadus|57\/100\n|-enditem|p1a: Farigiraf|Throat Spray\n|-boost|p1a: Farigiraf|spa|1|[from] item: Throat Spray\n|move|p1b: Kommo-o|Clangorous Soul|p1b: Kommo-o\n|-boost|p1b: Kommo-o|atk|1\n|-boost|p1b: Kommo-o|def|1\n|-boost|p1b: Kommo-o|spa|1\n|-boost|p1b: Kommo-o|spd|1\n|-boost|p1b: Kommo-o|spe|1\n|-damage|p1b: Kommo-o|59\/100\n|move|p2a: Garchomp|Dragon Claw|p1b: Kommo-o\n|-damage|p1b: Kommo-o|34\/100\n|move|p2b: Tornadus|Bleakwind Storm|p1b: Kommo-o|[spread] p1a,p1b\n|-damage|p1a: Farigiraf|0 fnt\n|-damage|p1b: Kommo-o|22\/100\n|faint|p1a: Farigiraf\n|\n|-weather|Sandstorm|[upkeep]\n|-damage|p2b: Tornadus|51\/100|[from] Sandstorm\n|-heal|p2a: Garchomp|79\/100|[from] item: Leftovers\n|upkeep\n|\n|t:|1700589143\n|switch|p1a: Kingambit|Kingambit, L50, F|100\/100\n|turn|4\n|\n|t:|1700589152\n|move|p1a: Kingambit|Stone Edge|p2b: Tornadus\n|-supereffective|p2b: Tornadus\n|-damage|p2b: Tornadus|0 fnt\n|faint|p2b: Tornadus\n|move|p1b: Kommo-o|Drain Punch|p2a: Garchomp\n|-damage|p2a: Garchomp|21\/100\n|-heal|p1b: Kommo-o|51\/100|[from] drain|[of] p2a: Garchomp\n|move|p2a: Garchomp|Earthquake|p1b: Kommo-o|[spread] p1a,p1b\n|-supereffective|p1a: Kingambit\n|-damage|p1a: Kingambit|42\/100\n|-damage|p1b: Kommo-o|33\/100\n|\n|-weather|Sandstorm|[upkeep]\n|-heal|p2a: Garchomp|27\/100|[from] item: Leftovers\n|-sideend|p2: Oliwiergamer66|move: Tailwind\n|upkeep\n|\n|t:|1700589165\n|switch|p2b: Arcanine|Arcanine, L50, F, shiny|100\/100\n|-ability|p2b: Arcanine|Intimidate|boost\n|-unboost|p1a: Kingambit|atk|1\n|-ability|p1a: Kingambit|Defiant|boost\n|-boost|p1a: Kingambit|atk|2\n|-unboost|p1b: Kommo-o|atk|1\n|turn|5\n|\n|t:|1700589182\n|move|p2a: Garchomp|Protect|p2a: Garchomp\n|-singleturn|p2a: Garchomp|Protect\n|move|p2b: Arcanine|Protect|p2b: Arcanine\n|-singleturn|p2b: Arcanine|Protect\n|move|p1b: Kommo-o|Protect|p1b: Kommo-o\n|-singleturn|p1b: Kommo-o|Protect\n|move|p1a: Kingambit|Stone Edge|p2b: Arcanine\n|-activate|p2b: Arcanine|move: Protect\n|\n|-weather|none\n|-heal|p2a: Garchomp|33\/100|[from] item: Leftovers\n|upkeep\n|turn|6\n|\n|t:|1700589200\n|move|p1a: Kingambit|Sucker Punch|p2a: Garchomp\n|-damage|p2a: Garchomp|0 fnt\n|faint|p2a: Garchomp\n|move|p2b: Arcanine|Heat Wave|p1a: Kingambit|[spread] p1b\n|-miss|p2b: Arcanine|p1a: Kingambit\n|-damage|p1b: Kommo-o|21\/100\n|move|p1b: Kommo-o|Drain Punch|p2b: Arcanine\n|-damage|p2b: Arcanine|45\/100\n|-heal|p1b: Kommo-o|46\/100|[from] drain|[of] p2b: Arcanine\n|\n|-fieldend|move: Trick Room\n|upkeep\n|turn|7\n|\n|t:|1700589216\n|move|p1a: Kingambit|Sucker Punch|p2b: Arcanine\n|-damage|p2b: Arcanine|0 fnt\n|faint|p2b: Arcanine\n|\n|win|ChocccccyMilkMafia\n|raw|ChocccccyMilkMafia's rating: 1124 &rarr; <strong>1143<\/strong><br \/>(+19 for winning)\n|raw|Oliwiergamer66's rating: 1044 &rarr; <strong>1031<\/strong><br \/>(-13 for losing)\n","uploadtime":1700589225,"views":1,"p1id":"chocccccymilkmafia","p2id":"oliwiergamer66","formatid":"gen9vgc2023regulatione","rating":1031,"private":0,"password":""}