{"id":"gen9vgc2023regulatione-1990091394","p1":"qz231113B","p2":"darrybest","format":"[Gen 9] VGC 2023 Regulation E","log":"|j|\u2606qz231113B\n|j|\u2606darrybest\n|t:|1699923591\n|gametype|doubles\n|player|p1|qz231113B|266|1091\n|player|p2|darrybest|102|1143\n|teamsize|p1|6\n|teamsize|p2|6\n|gen|9\n|tier|[Gen 9] VGC 2023 Regulation E\n|rated|\n|rule|Species Clause: Limit one of each Pok\u00e9mon\n|rule|Item Clause: Limit one of each item\n|clearpoke\n|poke|p1|Tornadus, L50, M|\n|poke|p1|Volcarona, L50, F|\n|poke|p1|Basculegion, L50, M|\n|poke|p1|Ludicolo, L50, F|\n|poke|p1|Scizor, L50, F|\n|poke|p1|Flutter Mane, L50|\n|poke|p2|Dusclops, L50, M|\n|poke|p2|Amoonguss, L50, M|\n|poke|p2|Gothitelle, L50, F|\n|poke|p2|Torkoal, L50, M|\n|poke|p2|Wo-Chien, L50|\n|poke|p2|Gyarados, L50, M|\n|teampreview|4\nqz231113B rejected open team sheets.\n|inactive|Battle timer is ON: inactive players will automatically lose when time's up. (requested by qz231113B)\n|\n|t:|1699923651\n|start\n|switch|p1a: Tornadus|Tornadus, L50, M|100\/100\n|switch|p1b: Basculegion|Basculegion, L50, M|100\/100\n|switch|p2a: Wo-Chien|Wo-Chien, L50|100\/100\n|switch|p2b: Gothitelle|Gothitelle, L50, F|100\/100\n|-ability|p2a: Wo-Chien|Tablets of Ruin\n|turn|1\n|j| fdfgdhgdfg\n|\n|t:|1699923668\n|move|p1a: Tornadus|Rain Dance|p1a: Tornadus\n|-weather|RainDance\n|move|p1b: Basculegion|Wave Crash|p2b: Gothitelle\n|-damage|p2b: Gothitelle|5\/100\n|-enditem|p2b: Gothitelle|Sitrus Berry|[eat]\n|-heal|p2b: Gothitelle|30\/100|[from] item: Sitrus Berry\n|-damage|p1b: Basculegion|73\/100|[from] Recoil\n|move|p2a: Wo-Chien|Leech Seed|p1b: Basculegion\n|-start|p1b: Basculegion|move: Leech Seed\n|move|p2b: Gothitelle|Thunder Wave|p1b: Basculegion\n|-status|p1b: Basculegion|par\n|\n|-weather|RainDance|[upkeep]\n|-damage|p1b: Basculegion|61\/100 par|[from] Leech Seed|[of] p2a: Wo-Chien\n|upkeep\n|turn|2\n|\n|t:|1699923689\n|switch|p2b: Torkoal|Torkoal, L50, M|100\/100\n|-weather|SunnyDay|[from] ability: Drought|[of] p2b: Torkoal\n|-terastallize|p2a: Wo-Chien|Electric\n|move|p1a: Tornadus|Bleakwind Storm|p2b: Torkoal|[spread] p2a,p2b\n|-resisted|p2a: Wo-Chien\n|-damage|p2a: Wo-Chien|88\/100\n|-damage|p2b: Torkoal|62\/100\n|-unboost|p2a: Wo-Chien|spe|1\n|cant|p1b: Basculegion|par\n|move|p2a: Wo-Chien|Leech Seed|p1a: Tornadus\n|-start|p1a: Tornadus|move: Leech Seed\n|\n|-weather|SunnyDay|[upkeep]\n|-damage|p1a: Tornadus|88\/100|[from] Leech Seed|[of] p2a: Wo-Chien\n|-heal|p2a: Wo-Chien|100\/100|[silent]\n|-damage|p1b: Basculegion|49\/100 par|[from] Leech Seed|[of] p2a: Wo-Chien\n|upkeep\n|turn|3\n|\n|t:|1699923712\n|switch|p2b: Gothitelle|Gothitelle, L50, F|30\/100\n|move|p1a: Tornadus|Rain Dance|p1a: Tornadus\n|-weather|RainDance\n|move|p1b: Basculegion|Wave Crash|p2b: Gothitelle\n|-damage|p2b: Gothitelle|0 fnt\n|faint|p2b: Gothitelle\n|-damage|p1b: Basculegion|40\/100 par|[from] Recoil\n|move|p2a: Wo-Chien|Substitute|p2a: Wo-Chien\n|-start|p2a: Wo-Chien|Substitute\n|-damage|p2a: Wo-Chien|76\/100\n|\n|-weather|RainDance|[upkeep]\n|-damage|p1a: Tornadus|76\/100|[from] Leech Seed|[of] p2a: Wo-Chien\n|-heal|p2a: Wo-Chien|92\/100|[silent]\n|-damage|p1b: Basculegion|28\/100 par|[from] Leech Seed|[of] p2a: Wo-Chien\n|-heal|p2a: Wo-Chien|100\/100|[silent]\n|upkeep\n|\n|t:|1699923721\n|switch|p2b: Torkoal|Torkoal, L50, M|62\/100\n|-weather|SunnyDay|[from] ability: Drought|[of] p2b: Torkoal\n|turn|4\n|\n|t:|1699923730\n|switch|p2b: Gyarados|Gyarados, L50, M|100\/100\n|-ability|p2b: Gyarados|Intimidate|boost\n|-unboost|p1a: Tornadus|atk|1\n|-unboost|p1b: Basculegion|atk|1\n|move|p1a: Tornadus|Rain Dance|p1a: Tornadus\n|-weather|RainDance\n|move|p1b: Basculegion|Wave Crash|p2b: Gyarados\n|-resisted|p2b: Gyarados\n|-damage|p2b: Gyarados|69\/100\n|-damage|p1b: Basculegion|18\/100 par|[from] Recoil\n|move|p2a: Wo-Chien|Ruination|p1a: Tornadus\n|-damage|p1a: Tornadus|38\/100\n|\n|-weather|RainDance|[upkeep]\n|-heal|p2b: Gyarados|74\/100|[from] item: Leftovers\n|-damage|p1a: Tornadus|26\/100|[from] Leech Seed|[of] p2a: Wo-Chien\n|-damage|p1b: Basculegion|6\/100 par|[from] Leech Seed|[of] p2a: Wo-Chien\n|upkeep\n|turn|5\n|\n|t:|1699923746\n|move|p2a: Wo-Chien|Protect|p2a: Wo-Chien\n|-singleturn|p2a: Wo-Chien|Protect\n|move|p1a: Tornadus|Bleakwind Storm|p2a: Wo-Chien|[spread] p2b\n|-activate|p2a: Wo-Chien|move: Protect\n|-damage|p2b: Gyarados|40\/100\n|-unboost|p2b: Gyarados|spe|1\n|move|p1b: Basculegion|Wave Crash|p2a: Wo-Chien\n|-activate|p2a: Wo-Chien|move: Protect\n|move|p2b: Gyarados|Whirlpool|p1a: Tornadus\n|-damage|p1a: Tornadus|11\/100\n|-activate|p1a: Tornadus|move: Whirlpool|[of] p2b: Gyarados\n|\n|-weather|RainDance|[upkeep]\n|-heal|p2b: Gyarados|46\/100|[from] item: Leftovers\n|-damage|p1a: Tornadus|0 fnt|[from] Leech Seed|[of] p2a: Wo-Chien\n|faint|p1a: Tornadus\n|-damage|p1b: Basculegion|0 fnt|[from] Leech Seed|[of] p2a: Wo-Chien\n|faint|p1b: Basculegion\n|upkeep\n|\n|t:|1699923750\n|switch|p1a: Flutter Mane|Flutter Mane, L50|100\/100\n|switch|p1b: Volcarona|Volcarona, L50, F|100\/100\n|turn|6\n|\n|t:|1699923769\n|-terastallize|p1a: Flutter Mane|Fairy\n|move|p1a: Flutter Mane|Dazzling Gleam|p2b: Gyarados|[spread] p2a,p2b\n|-end|p2a: Wo-Chien|Substitute\n|-damage|p2b: Gyarados|0 fnt\n|faint|p2b: Gyarados\n|move|p1b: Volcarona|Quiver Dance|p1b: Volcarona\n|-boost|p1b: Volcarona|spa|1\n|-boost|p1b: Volcarona|spd|1\n|-boost|p1b: Volcarona|spe|1\n|move|p2a: Wo-Chien|Leech Seed|p1a: Flutter Mane\n|-start|p1a: Flutter Mane|move: Leech Seed\n|\n|-weather|RainDance|[upkeep]\n|-damage|p1a: Flutter Mane|88\/100|[from] Leech Seed|[of] p2a: Wo-Chien\n|upkeep\n|\n|t:|1699923780\n|switch|p2b: Torkoal|Torkoal, L50, M|62\/100\n|-weather|SunnyDay|[from] ability: Drought|[of] p2b: Torkoal\n|-activate|p1a: Flutter Mane|ability: Protosynthesis\n|-start|p1a: Flutter Mane|protosynthesisspa\n|turn|7\n|\n|t:|1699923797\n|move|p1a: Flutter Mane|Dazzling Gleam|p2b: Torkoal|[spread] p2a,p2b\n|-resisted|p2b: Torkoal\n|-damage|p2a: Wo-Chien|50\/100\n|-damage|p2b: Torkoal|16\/100\n|-enditem|p2b: Torkoal|Aguav Berry|[eat]\n|-heal|p2b: Torkoal|50\/100|[from] item: Aguav Berry\n|move|p1b: Volcarona|Tera Blast|p2b: Torkoal\n|-damage|p2b: Torkoal|20\/100\n|move|p2a: Wo-Chien|Leech Seed|p1b: Volcarona\n|-start|p1b: Volcarona|move: Leech Seed\n|move|p2b: Torkoal|Yawn|p1b: Volcarona\n|-start|p1b: Volcarona|move: Yawn|[of] p2b: Torkoal\n|\n|-weather|SunnyDay|[upkeep]\n|-damage|p1a: Flutter Mane|76\/100|[from] Leech Seed|[of] p2a: Wo-Chien\n|-heal|p2a: Wo-Chien|61\/100|[silent]\n|-damage|p1b: Volcarona|88\/100|[from] Leech Seed|[of] p2a: Wo-Chien\n|-heal|p2a: Wo-Chien|78\/100|[silent]\n|upkeep\n|turn|8\n|\n|t:|1699923820\n|move|p2a: Wo-Chien|Protect|p2a: Wo-Chien\n|-singleturn|p2a: Wo-Chien|Protect\n|move|p1a: Flutter Mane|Dazzling Gleam|p2b: Torkoal|[spread] p2b\n|-activate|p2a: Wo-Chien|move: Protect\n|-resisted|p2b: Torkoal\n|-damage|p2b: Torkoal|0 fnt\n|faint|p2b: Torkoal\n|move|p1b: Volcarona|Giga Drain|p2a: Wo-Chien\n|-activate|p2a: Wo-Chien|move: Protect\n|\n|-weather|SunnyDay|[upkeep]\n|-damage|p1a: Flutter Mane|64\/100|[from] Leech Seed|[of] p2a: Wo-Chien\n|-heal|p2a: Wo-Chien|89\/100|[silent]\n|-damage|p1b: Volcarona|75\/100|[from] Leech Seed|[of] p2a: Wo-Chien\n|-heal|p2a: Wo-Chien|100\/100|[silent]\n|-end|p1b: Volcarona|move: Yawn|[silent]\n|-status|p1b: Volcarona|slp\n|upkeep\n|turn|9\n|\n|t:|1699923835\n|move|p1a: Flutter Mane|Dazzling Gleam|p2a: Wo-Chien\n|-damage|p2a: Wo-Chien|33\/100\n|cant|p1b: Volcarona|slp\n|move|p2a: Wo-Chien|Substitute|p2a: Wo-Chien\n|-start|p2a: Wo-Chien|Substitute\n|-damage|p2a: Wo-Chien|9\/100\n|\n|-weather|SunnyDay|[upkeep]\n|-damage|p1a: Flutter Mane|52\/100|[from] Leech Seed|[of] p2a: Wo-Chien\n|-heal|p2a: Wo-Chien|20\/100|[silent]\n|-damage|p1b: Volcarona|63\/100 slp|[from] Leech Seed|[of] p2a: Wo-Chien\n|-heal|p2a: Wo-Chien|37\/100|[silent]\n|upkeep\n|turn|10\n|\n|t:|1699923841\n|move|p2a: Wo-Chien|Protect|p2a: Wo-Chien\n|-singleturn|p2a: Wo-Chien|Protect\n|move|p1a: Flutter Mane|Dazzling Gleam|p2a: Wo-Chien\n|-activate|p2a: Wo-Chien|move: Protect\n|-curestatus|p1b: Volcarona|slp|[msg]\n|move|p1b: Volcarona|Giga Drain|p2a: Wo-Chien\n|-activate|p2a: Wo-Chien|move: Protect\n|\n|-weather|SunnyDay|[upkeep]\n|-damage|p1a: Flutter Mane|39\/100|[from] Leech Seed|[of] p2a: Wo-Chien\n|-heal|p2a: Wo-Chien|48\/100|[silent]\n|-damage|p1b: Volcarona|50\/100|[from] Leech Seed|[of] p2a: Wo-Chien\n|-heal|p2a: Wo-Chien|65\/100|[silent]\n|upkeep\n|turn|11\n|\n|t:|1699923855\n|move|p1a: Flutter Mane|Dazzling Gleam|p2a: Wo-Chien\n|-end|p2a: Wo-Chien|Substitute\n|move|p1b: Volcarona|Giga Drain|p2a: Wo-Chien\n|-damage|p2a: Wo-Chien|44\/100\n|-heal|p1b: Volcarona|60\/100|[from] drain|[of] p2a: Wo-Chien\n|move|p2a: Wo-Chien|Substitute|p2a: Wo-Chien\n|-start|p2a: Wo-Chien|Substitute\n|-damage|p2a: Wo-Chien|19\/100\n|\n|-weather|none\n|-end|p1a: Flutter Mane|Protosynthesis\n|-damage|p1a: Flutter Mane|27\/100|[from] Leech Seed|[of] p2a: Wo-Chien\n|-heal|p2a: Wo-Chien|31\/100|[silent]\n|-damage|p1b: Volcarona|48\/100|[from] Leech Seed|[of] p2a: Wo-Chien\n|-heal|p2a: Wo-Chien|48\/100|[silent]\n|upkeep\n|turn|12\n|\n|t:|1699923860\n|move|p2a: Wo-Chien|Protect|p2a: Wo-Chien\n|-singleturn|p2a: Wo-Chien|Protect\n|move|p1a: Flutter Mane|Dazzling Gleam|p2a: Wo-Chien\n|-activate|p2a: Wo-Chien|move: Protect\n|move|p1b: Volcarona|Giga Drain|p2a: Wo-Chien\n|-activate|p2a: Wo-Chien|move: Protect\n|\n|-damage|p1a: Flutter Mane|15\/100|[from] Leech Seed|[of] p2a: Wo-Chien\n|-heal|p2a: Wo-Chien|59\/100|[silent]\n|-damage|p1b: Volcarona|35\/100|[from] Leech Seed|[of] p2a: Wo-Chien\n|-heal|p2a: Wo-Chien|76\/100|[silent]\n|upkeep\n|turn|13\n|\n|t:|1699923866\n|move|p1a: Flutter Mane|Dazzling Gleam|p2a: Wo-Chien\n|-end|p2a: Wo-Chien|Substitute\n|move|p1b: Volcarona|Giga Drain|p2a: Wo-Chien\n|-damage|p2a: Wo-Chien|55\/100\n|-heal|p1b: Volcarona|46\/100|[from] drain|[of] p2a: Wo-Chien\n|move|p2a: Wo-Chien|Substitute|p2a: Wo-Chien\n|-start|p2a: Wo-Chien|Substitute\n|-damage|p2a: Wo-Chien|30\/100\n|\n|-damage|p1a: Flutter Mane|3\/100|[from] Leech Seed|[of] p2a: Wo-Chien\n|-heal|p2a: Wo-Chien|41\/100|[silent]\n|-damage|p1b: Volcarona|33\/100|[from] Leech Seed|[of] p2a: Wo-Chien\n|-heal|p2a: Wo-Chien|58\/100|[silent]\n|upkeep\n|turn|14\n|\n|t:|1699923869\n|move|p2a: Wo-Chien|Protect|p2a: Wo-Chien\n|-singleturn|p2a: Wo-Chien|Protect\n|move|p1a: Flutter Mane|Dazzling Gleam|p2a: Wo-Chien\n|-activate|p2a: Wo-Chien|move: Protect\n|move|p1b: Volcarona|Quiver Dance|p1b: Volcarona\n|-boost|p1b: Volcarona|spa|1\n|-boost|p1b: Volcarona|spd|1\n|-boost|p1b: Volcarona|spe|1\n|\n|-damage|p1b: Volcarona|21\/100|[from] Leech Seed|[of] p2a: Wo-Chien\n|-heal|p2a: Wo-Chien|75\/100|[silent]\n|-damage|p1a: Flutter Mane|0 fnt|[from] Leech Seed|[of] p2a: Wo-Chien\n|-heal|p2a: Wo-Chien|77\/100|[silent]\n|faint|p1a: Flutter Mane\n|-end|p1a: Flutter Mane|Protosynthesis|[silent]\n|upkeep\n|turn|15\n|\n|t:|1699923874\n|move|p1b: Volcarona|Giga Drain|p2a: Wo-Chien\n|-end|p2a: Wo-Chien|Substitute\n|-heal|p1b: Volcarona|33\/100|[from] drain|[of] p2a: Wo-Chien\n|move|p2a: Wo-Chien|Substitute|p2a: Wo-Chien\n|-start|p2a: Wo-Chien|Substitute\n|-damage|p2a: Wo-Chien|52\/100\n|\n|-damage|p1b: Volcarona|20\/100|[from] Leech Seed|[of] p2a: Wo-Chien\n|-heal|p2a: Wo-Chien|69\/100|[silent]\n|upkeep\n|turn|16\n|\n|t:|1699923877\n|move|p2a: Wo-Chien|Protect|p2a: Wo-Chien\n|-singleturn|p2a: Wo-Chien|Protect\n|move|p1b: Volcarona|Giga Drain|p2a: Wo-Chien\n|-activate|p2a: Wo-Chien|move: Protect\n|\n|-damage|p1b: Volcarona|8\/100|[from] Leech Seed|[of] p2a: Wo-Chien\n|-heal|p2a: Wo-Chien|85\/100|[silent]\n|upkeep\n|turn|17\n|-message|qz231113B forfeited.\n|\n|win|darrybest\n|raw|qz231113B's rating: 1072 &rarr; <strong>1055<\/strong><br \/>(-17 for losing)\n|raw|darrybest's rating: 1143 &rarr; <strong>1163<\/strong><br \/>(+20 for winning)\n|l|\u2606qz231113B\n","uploadtime":1699923885,"views":10,"p1id":"qz231113b","p2id":"darrybest","formatid":"gen9vgc2023regulatione","rating":1055,"private":0,"password":""}