{"id":"gen9vgc2023regulatione-1993569405","p1":"Gnazzo1","p2":"EdoEC","format":"[Gen 9] VGC 2023 Regulation E","log":"|j|\u2606Gnazzo1\n|j|\u2606EdoEC\n|t:|1700332801\n|gametype|doubles\n|player|p1|Gnazzo1|265|1290\n|player|p2|EdoEC|janine|1358\n|teamsize|p1|6\n|teamsize|p2|6\n|gen|9\n|tier|[Gen 9] VGC 2023 Regulation E\n|rated|\n|rule|Species Clause: Limit one of each Pok\u00e9mon\n|rule|Item Clause: Limit one of each item\n|clearpoke\n|poke|p1|Ninetales, L50, M|\n|poke|p1|Roaring Moon, L50|\n|poke|p1|Lilligant-Hisui, L50, F|\n|poke|p1|Gholdengo, L50|\n|poke|p1|Iron Hands, L50|\n|poke|p1|Flutter Mane, L50|\n|poke|p2|Gholdengo, L50|\n|poke|p2|Amoonguss, L50, F|\n|poke|p2|Iron Hands, L50|\n|poke|p2|Pelipper, L50, M|\n|poke|p2|Salamence, L50, M|\n|poke|p2|Iron Bundle, L50|\n|teampreview|4\n|inactive|Battle timer is ON: inactive players will automatically lose when time's up. (requested by EdoEC)\n|\n|t:|1700332852\n|start\n|switch|p1a: Flutter Mane|Flutter Mane, L50|100\/100\n|switch|p1b: Gholdengo|Gholdengo, L50|100\/100\n|switch|p2a: Willy|Iron Hands, L50, shiny|100\/100\n|switch|p2b: Salamence|Salamence, L50, M|100\/100\n|-ability|p2b: Salamence|Intimidate|boost\n|-unboost|p1a: Flutter Mane|atk|1\n|-unboost|p1b: Gholdengo|atk|1\n|turn|1\n|\n|t:|1700332869\n|move|p2b: Salamence|Draco Meteor|p1a: Flutter Mane\n|-immune|p1a: Flutter Mane\n|move|p1a: Flutter Mane|Moonblast|p2a: Willy\n|-supereffective|p2a: Willy\n|-damage|p2a: Willy|45\/100\n|move|p1b: Gholdengo|Trick|p2b: Salamence\n|-activate|p1b: Gholdengo|move: Trick|[of] p2b: Salamence\n|-item|p2b: Salamence|Choice Specs|[from] move: Trick\n|-item|p1b: Gholdengo|Choice Scarf|[from] move: Trick\n|move|p2a: Willy|Heavy Slam|p1a: Flutter Mane\n|-supereffective|p1a: Flutter Mane\n|-enditem|p1a: Flutter Mane|Babiri Berry|[eat]\n|-enditem|p1a: Flutter Mane|Babiri Berry|[weaken]\n|-damage|p1a: Flutter Mane|19\/100\n|\n|upkeep\n|turn|2\n|inactive|Gnazzo1 has 30 seconds left.\n|inactive|EdoEC has 30 seconds left.\n|inactive|EdoEC has 20 seconds left.\n|\n|t:|1700332914\n|switch|p2b: OscarSoto|Gholdengo, L50|100\/100\n|-terastallize|p2a: Willy|Water\n|move|p1b: Gholdengo|Shadow Ball|p2b: OscarSoto\n|-supereffective|p2b: OscarSoto\n|-damage|p2b: OscarSoto|1\/100\n|move|p1a: Flutter Mane|Moonblast|p2a: Willy\n|-damage|p2a: Willy|20\/100\n|move|p2a: Willy|Heavy Slam|p1a: Flutter Mane\n|-supereffective|p1a: Flutter Mane\n|-damage|p1a: Flutter Mane|0 fnt\n|faint|p1a: Flutter Mane\n|-end|p1a: Flutter Mane|Protosynthesis|[silent]\n|\n|-heal|p2b: OscarSoto|7\/100|[from] item: Leftovers\n|upkeep\n|\n|t:|1700332928\n|switch|p1a: Ninetales|Ninetales, L50, M, shiny|100\/100\n|-weather|SunnyDay|[from] ability: Drought|[of] p1a: Ninetales\n|turn|3\n|\n|t:|1700332943\n|switch|p2b: Pelipper|Pelipper, L50, M|100\/100\n|-weather|RainDance|[from] ability: Drizzle|[of] p2b: Pelipper\n|move|p1b: Gholdengo|Shadow Ball|p2a: Willy\n|-damage|p2a: Willy|0 fnt\n|faint|p2a: Willy\n|-end|p2a: Willy|Quark Drive|[silent]\n|move|p1a: Ninetales|Heat Wave|p2b: Pelipper\n|-resisted|p2b: Pelipper\n|-damage|p2b: Pelipper|88\/100\n|\n|-weather|RainDance|[upkeep]\n|upkeep\n|\n|t:|1700332957\n|switch|p2a: OscarSoto|Gholdengo, L50|7\/100\n|turn|4\n|\n|t:|1700332973\n|-terastallize|p1b: Gholdengo|Steel\n|move|p2a: OscarSoto|Protect|p2a: OscarSoto\n|-singleturn|p2a: OscarSoto|Protect\n|move|p1b: Gholdengo|Shadow Ball|p2b: Pelipper\n|-damage|p2b: Pelipper|13\/100\n|move|p1a: Ninetales|Heat Wave|p2b: Pelipper|[spread] p2b\n|-activate|p2a: OscarSoto|move: Protect\n|-resisted|p2b: Pelipper\n|-damage|p2b: Pelipper|3\/100\n|move|p2b: Pelipper|Weather Ball|p1b: Gholdengo\n|-damage|p1b: Gholdengo|34\/100\n|\n|-weather|RainDance|[upkeep]\n|-heal|p2a: OscarSoto|13\/100|[from] item: Leftovers\n|upkeep\n|turn|5\n|\n|t:|1700332997\n|move|p2b: Pelipper|Wide Guard|p2b: Pelipper\n|-singleturn|p2b: Pelipper|Wide Guard\n|move|p1b: Gholdengo|Shadow Ball|p2a: OscarSoto\n|-supereffective|p2a: OscarSoto\n|-damage|p2a: OscarSoto|0 fnt\n|faint|p2a: OscarSoto\n|move|p1a: Ninetales|Heat Wave|p2b: Pelipper\n|-activate|p2b: Pelipper|move: Wide Guard\n|\n|-weather|RainDance|[upkeep]\n|upkeep\n|\n|t:|1700333007\n|switch|p2a: Salamence|Salamence, L50, M|100\/100\n|-ability|p2a: Salamence|Intimidate|boost\n|-unboost|p1a: Ninetales|atk|1\n|-unboost|p1b: Gholdengo|atk|1\n|turn|6\n|\n|t:|1700333021\n|move|p1b: Gholdengo|Shadow Ball|p2b: Pelipper\n|-damage|p2b: Pelipper|0 fnt\n|faint|p2b: Pelipper\n|move|p1a: Ninetales|Heat Wave|p2a: Salamence|[miss]\n|-miss|p1a: Ninetales|p2a: Salamence\n|move|p2a: Salamence|Hurricane|p1b: Gholdengo\n|-resisted|p1b: Gholdengo\n|-damage|p1b: Gholdengo|0 fnt\n|faint|p1b: Gholdengo\n|\n|-weather|RainDance|[upkeep]\n|upkeep\n|\n|t:|1700333028\n|switch|p1b: Iron Hands|Iron Hands, L50|100\/100\n|turn|7\n|\n|t:|1700333034\n|move|p1b: Iron Hands|Fake Out|p2a: Salamence\n|-damage|p2a: Salamence|82\/100\n|move|p1a: Ninetales|Howl|p1a: Ninetales|[spread] p1a,p1b\n|-boost|p1a: Ninetales|atk|1\n|-boost|p1b: Iron Hands|atk|1\n|cant|p2a: Salamence|flinch\n|\n|-weather|none\n|upkeep\n|turn|8\n|\n|t:|1700333044\n|move|p1a: Ninetales|Howl|p1a: Ninetales|[spread] p1a,p1b\n|-boost|p1a: Ninetales|atk|1\n|-boost|p1b: Iron Hands|atk|1\n|move|p2a: Salamence|Hurricane|p1b: Iron Hands\n|-damage|p1b: Iron Hands|51\/100\n|move|p1b: Iron Hands|Thunder Punch|p2a: Salamence\n|-damage|p2a: Salamence|0 fnt\n|faint|p2a: Salamence\n|\n|win|Gnazzo1\n|raw|Gnazzo1's rating: 1290 &rarr; <strong>1320<\/strong><br \/>(+30 for winning)\n|raw|EdoEC's rating: 1358 &rarr; <strong>1334<\/strong><br \/>(-24 for losing)\n|l|\u2606Gnazzo1\n","uploadtime":1700333057,"views":7,"p1id":"gnazzo1","p2id":"edoec","formatid":"gen9vgc2023regulatione","rating":1320,"private":0,"password":""}