{"id":"gen9vgc2023regulatione-1995731707","p1":"Lykazzbylad","p2":"Frontier Brain Z","format":"[Gen 9] VGC 2023 Regulation E","log":"|j|\u2606Lykazzbylad\n|j|\u2606Frontier Brain Z\n|t:|1700597942\n|gametype|doubles\n|player|p1|Lykazzbylad|2|1376\n|player|p2|Frontier Brain Z|shadowtriad|1372\n|teamsize|p1|6\n|teamsize|p2|6\n|gen|9\n|tier|[Gen 9] VGC 2023 Regulation E\n|rated|\n|rule|Species Clause: Limit one of each Pok\u00e9mon\n|rule|Item Clause: Limit one of each item\n|clearpoke\n|poke|p1|Arcanine-Hisui, L50, M|\n|poke|p1|Tyranitar, L50, F|\n|poke|p1|Ogerpon-Cornerstone, L50, F|\n|poke|p1|Houndstone, L50, F|\n|poke|p1|Gastrodon, L50, M|\n|poke|p1|Landorus-Therian, L50, M|\n|poke|p2|Sinistcha-Masterpiece, L50|\n|poke|p2|Ogerpon-Wellspring, L50, F|\n|poke|p2|Kingambit, L50, M|\n|poke|p2|Ceruledge, L50, M|\n|poke|p2|Thundurus, L50, M|\n|poke|p2|Iron Valiant, L50|\n|teampreview|4\n|inactive|Battle timer is ON: inactive players will automatically lose when time's up. (requested by Lykazzbylad)\n|\n|t:|1700597987\n|start\n|switch|p1a: Ogerpon|Ogerpon-Cornerstone, L50, F|100\/100\n|switch|p1b: Tyranitar|Tyranitar, L50, F|100\/100\n|switch|p2a: Thundurus|Thundurus, L50, M|100\/100\n|switch|p2b: Iron Valiant|Iron Valiant, L50|100\/100\n|-weather|Sandstorm|[from] ability: Sand Stream|[of] p1b: Tyranitar\n|turn|1\n|inactive|Frontier Brain Z has 30 seconds left.\n|inactive|Frontier Brain Z has 20 seconds left.\n|inactive|Lykazzbylad has 30 seconds left.\n|inactive|Frontier Brain Z has 15 seconds left.\n|inactive|Frontier Brain Z has 10 seconds left.\n|\n|t:|1700598034\n|switch|p2a: Kingambit|Kingambit, L50, M, shiny|100\/100\n|-terastallize|p1a: Ogerpon|Rock\n|detailschange|p1a: Ogerpon|Ogerpon-Cornerstone-Tera, L50, F, tera:Rock\n|-ability|p1a: Ogerpon|Embody Aspect (Cornerstone)|boost\n|-boost|p1a: Ogerpon|def|1\n|move|p2b: Iron Valiant|Spirit Break|p1b: Tyranitar\n|-supereffective|p1b: Tyranitar\n|-damage|p1b: Tyranitar|36\/100\n|-unboost|p1b: Tyranitar|spa|1\n|move|p1a: Ogerpon|Ivy Cudgel|p2b: Iron Valiant|[anim] Ivy Cudgel Rock\n|-resisted|p2b: Iron Valiant\n|-damage|p2b: Iron Valiant|50\/100\n|move|p1b: Tyranitar|Icy Wind|p2b: Iron Valiant|[spread] p2a,p2b\n|-resisted|p2a: Kingambit\n|-damage|p2a: Kingambit|99\/100\n|-damage|p2b: Iron Valiant|41\/100\n|-unboost|p2a: Kingambit|spe|1\n|-ability|p2a: Kingambit|Defiant|boost\n|-boost|p2a: Kingambit|atk|2\n|-unboost|p2b: Iron Valiant|spe|1\n|\n|-weather|Sandstorm|[upkeep]\n|-damage|p2b: Iron Valiant|35\/100|[from] Sandstorm\n|-heal|p1b: Tyranitar|42\/100|[from] item: Leftovers\n|upkeep\n|turn|2\n|inactive|Lykazzbylad has 30 seconds left.\n|inactive|Frontier Brain Z has 30 seconds left.\n|inactive|Frontier Brain Z has 20 seconds left.\n|inactive|Frontier Brain Z has 15 seconds left.\n|inactive|Frontier Brain Z has 10 seconds left.\n|inactive|Frontier Brain Z has 5 seconds left.\n|\n|t:|1700598088\n|-end|p2b: Iron Valiant|Quark Drive|[silent]\n|switch|p2b: Ogerpon|Ogerpon-Wellspring, L50, F|100\/100\n|-terastallize|p2a: Kingambit|Dark\n|move|p1a: Ogerpon|Horn Leech|p2a: Kingambit\n|-damage|p2a: Kingambit|67\/100\n|move|p1b: Tyranitar|Rock Slide|p2b: Ogerpon|[spread] p2a,p2b\n|-damage|p2a: Kingambit|46\/100\n|-damage|p2b: Ogerpon|66\/100\n|move|p2a: Kingambit|Kowtow Cleave|p1a: Ogerpon\n|-damage|p1a: Ogerpon|4\/100\n|\n|-weather|Sandstorm|[upkeep]\n|-damage|p2b: Ogerpon|60\/100|[from] Sandstorm\n|-damage|p2a: Kingambit|40\/100|[from] Sandstorm\n|-heal|p1b: Tyranitar|47\/100|[from] item: Leftovers\n|upkeep\n|turn|3\n|\n|t:|1700598111\n|switch|p1a: Gastrodon|Gastrodon, L50, M|100\/100\n|move|p2a: Kingambit|Sucker Punch||[still]\n|-fail|p2a: Kingambit\n|move|p2b: Ogerpon|Ivy Cudgel|p1a: Gastrodon|[anim] Ivy Cudgel Water\n|-activate|p1a: Gastrodon|ability: Storm Drain\n|-ability|p1a: Gastrodon|Storm Drain|boost\n|-boost|p1a: Gastrodon|spa|1\n|move|p1b: Tyranitar|Icy Wind|p2a: Kingambit|[spread] p2a,p2b\n|-damage|p2a: Kingambit|36\/100\n|-damage|p2b: Ogerpon|54\/100\n|-unboost|p2a: Kingambit|spe|1\n|-ability|p2a: Kingambit|Defiant|boost\n|-boost|p2a: Kingambit|atk|2\n|-unboost|p2b: Ogerpon|spe|1\n|\n|-weather|Sandstorm|[upkeep]\n|-damage|p2b: Ogerpon|48\/100|[from] Sandstorm\n|-damage|p2a: Kingambit|30\/100|[from] Sandstorm\n|-heal|p1b: Tyranitar|53\/100|[from] item: Leftovers\n|upkeep\n|turn|4\n|\n|t:|1700598129\n|move|p2b: Ogerpon|Horn Leech|p1b: Tyranitar\n|-supereffective|p1b: Tyranitar\n|-damage|p1b: Tyranitar|0 fnt\n|-heal|p2b: Ogerpon|79\/100|[from] drain|[of] p1b: Tyranitar\n|faint|p1b: Tyranitar\n|move|p1a: Gastrodon|Muddy Water|p2a: Kingambit|[spread] \n|-heal|p2b: Ogerpon|100\/100|[from] ability: Water Absorb|[of] p1a: Gastrodon\n|-miss|p1a: Gastrodon|p2a: Kingambit\n|move|p2a: Kingambit|Kowtow Cleave|p1a: Gastrodon\n|-damage|p1a: Gastrodon|0 fnt\n|faint|p1a: Gastrodon\n|\n|-weather|Sandstorm|[upkeep]\n|-damage|p2b: Ogerpon|94\/100|[from] Sandstorm\n|-damage|p2a: Kingambit|24\/100|[from] Sandstorm\n|upkeep\n|\n|t:|1700598134\n|switch|p1b: Houndstone|Houndstone, L50, F|100\/100\n|switch|p1a: Ogerpon|Ogerpon-Cornerstone-Tera, L50, F, tera:Rock|4\/100\n|-ability|p1a: Ogerpon|Embody Aspect (Cornerstone)|boost\n|-boost|p1a: Ogerpon|def|1\n|turn|5\n|inactive|Frontier Brain Z has 30 seconds left.\n|\n|t:|1700598165\n|move|p2a: Kingambit|Sucker Punch|p1b: Houndstone\n|-supereffective|p1b: Houndstone\n|-damage|p1b: Houndstone|0 fnt\n|faint|p1b: Houndstone\n|move|p1a: Ogerpon|Horn Leech|p2b: Ogerpon\n|-damage|p2b: Ogerpon|42\/100\n|-heal|p1a: Ogerpon|29\/100|[from] drain|[of] p2b: Ogerpon\n|move|p2b: Ogerpon|Ivy Cudgel|p1a: Ogerpon|[anim] Ivy Cudgel Water\n|-supereffective|p1a: Ogerpon\n|-damage|p1a: Ogerpon|0 fnt\n|faint|p1a: Ogerpon\n|\n|win|Frontier Brain Z\n|raw|Lykazzbylad's rating: 1376 &rarr; <strong>1356<\/strong><br \/>(-20 for losing)\n|raw|Frontier Brain Z's rating: 1372 &rarr; <strong>1392<\/strong><br \/>(+20 for winning)\n|l|\u2606Lykazzbylad\n","uploadtime":1700598212,"views":0,"p1id":"lykazzbylad","p2id":"frontierbrainz","formatid":"gen9vgc2023regulatione","rating":1356,"private":0,"password":""}