{"id":"gen9vgc2023regulatione-1989742491","p1":"boi in the back","p2":"Theslenderhunter","format":"[Gen 9] VGC 2023 Regulation E","log":"|j|\u2606boi in the back\n|j|\u2606Theslenderhunter\n|t:|1699891898\n|gametype|doubles\n|player|p1|boi in the back|peony|1000\n|player|p2|Theslenderhunter|bellelba|1085\n|teamsize|p1|6\n|teamsize|p2|6\n|gen|9\n|tier|[Gen 9] VGC 2023 Regulation E\n|rated|\n|rule|Species Clause: Limit one of each Pok\u00e9mon\n|rule|Item Clause: Limit one of each item\n|clearpoke\n|poke|p1|Articuno-Galar, L50|\n|poke|p1|Chansey, L50, F|\n|poke|p1|Appletun, L50, F|\n|poke|p1|Cresselia, L50, F|\n|poke|p1|Ursaluna, L50, M|\n|poke|p1|Kingambit, L50, M|\n|poke|p2|Medicham, L50, F|\n|poke|p2|Dragapult, L50, F|\n|poke|p2|Landorus-Therian, L50, M|\n|poke|p2|Clefairy, L50, F|\n|poke|p2|Arcanine, L50, F|\n|poke|p2|Blissey, L50, F|\n|teampreview|4\n|inactive|Battle timer is ON: inactive players will automatically lose when time's up. (requested by boi in the back)\n|\n|t:|1699891928\n|start\n|switch|p1a: Articuno|Articuno-Galar, L50|100\/100\n|switch|p1b: Chansey|Chansey, L50, F, shiny|100\/100\n|switch|p2a: Medicham|Medicham, L50, F|100\/100\n|switch|p2b: Dragapult|Dragapult, L50, F|100\/100\n|turn|1\n|\n|t:|1699891940\n|-terastallize|p1a: Articuno|Electric\n|move|p2a: Medicham|Skill Swap|p2b: Dragapult\n|-activate|p2a: Medicham|move: Skill Swap|||[of] p2b: Dragapult\n|move|p2b: Dragapult|Dragon Darts|p1a: Articuno\n|-damage|p1a: Articuno|29\/100\n|-anim|p2b: Dragapult|Dragon Darts|p1b: Chansey\n|-damage|p1b: Chansey|55\/100\n|move|p1b: Chansey|Bulldoze|p2b: Dragapult|[spread] p1a,p2a,p2b\n|-supereffective|p1a: Articuno\n|-damage|p1a: Articuno|24\/100\n|-damage|p2a: Medicham|97\/100\n|-damage|p2b: Dragapult|97\/100\n|-unboost|p1a: Articuno|spe|1\n|-unboost|p2b: Dragapult|spe|1\n|-enditem|p1a: Articuno|Weakness Policy\n|-boost|p1a: Articuno|atk|2|[from] item: Weakness Policy\n|-boost|p1a: Articuno|spa|2|[from] item: Weakness Policy\n|move|p1a: Articuno|Trick Room|p1a: Articuno\n|-fieldstart|move: Trick Room|[of] p1a: Articuno\n|\n|upkeep\n|turn|2\n|inactive|Theslenderhunter has 30 seconds left.\n|\n|t:|1699891967\n|move|p1b: Chansey|Helping Hand|p1a: Articuno\n|-singleturn|p1a: Articuno|Helping Hand|[of] p1b: Chansey\n|move|p1a: Articuno|Freezing Glare|p2b: Dragapult\n|-damage|p2b: Dragapult|0 fnt\n|faint|p2b: Dragapult\n|move|p2a: Medicham|Skill Swap|p1a: Articuno\n|-activate|p2a: Medicham|move: Skill Swap|Competitive|Clear Body|[of] p1a: Articuno\n|\n|upkeep\n|\n|t:|1699891978\n|switch|p2b: Landorus|Landorus-Therian, L50, M|100\/100\n|-ability|p2b: Landorus|Intimidate|boost\n|-fail|p1a: Articuno|unboost|[from] ability: Clear Body|[of] p1a: Articuno\n|-unboost|p1b: Chansey|atk|1\n|turn|3\n|inactive|boi in the back has 30 seconds left.\n|inactive|Theslenderhunter has 30 seconds left.\n|\n|t:|1699892007\n|move|p1a: Articuno|Air Slash|p2a: Medicham\n|-supereffective|p2a: Medicham\n|-damage|p2a: Medicham|0 fnt\n|faint|p2a: Medicham\n|move|p1b: Chansey|Soft-Boiled|p1b: Chansey\n|-heal|p1b: Chansey|100\/100\n|move|p2b: Landorus|Stomping Tantrum|p1a: Articuno\n|-supereffective|p1a: Articuno\n|-damage|p1a: Articuno|0 fnt\n|faint|p1a: Articuno\n|\n|upkeep\n|\n|t:|1699892014\n|switch|p1a: Appletun|Appletun, L50, F, shiny|100\/100\n|switch|p2a: Clefairy|Clefairy, L50, F|100\/100\n|turn|4\n|\n|t:|1699892037\n|switch|p1b: Ursaluna|Ursaluna, L50, M|100\/100\n|-terastallize|p2b: Landorus|Fighting\n|move|p2a: Clefairy|Helping Hand|p2b: Landorus\n|-singleturn|p2b: Landorus|Helping Hand|[of] p2a: Clefairy\n|move|p1a: Appletun|Leech Seed|p2b: Landorus\n|-start|p2b: Landorus|move: Leech Seed\n|move|p2b: Landorus|Hammer Arm|p1a: Appletun\n|-damage|p1a: Appletun|35\/100\n|-unboost|p2b: Landorus|spe|1\n|-activate|p1a: Appletun|ability: Ripen\n|-enditem|p1a: Appletun|Sitrus Berry|[eat]\n|-heal|p1a: Appletun|85\/100|[from] item: Sitrus Berry\n|\n|-damage|p2b: Landorus|88\/100|[from] Leech Seed|[of] p1a: Appletun\n|-heal|p1a: Appletun|96\/100|[silent]\n|-status|p1b: Ursaluna|brn|[from] item: Flame Orb\n|upkeep\n|turn|5\n|inactive|boi in the back has 30 seconds left.\n|\n|t:|1699892064\n|move|p1a: Appletun|Apple Acid|p2a: Clefairy\n|-damage|p2a: Clefairy|76\/100\n|-unboost|p2a: Clefairy|spd|1\n|move|p1b: Ursaluna|Facade|p2b: Landorus\n|-damage|p2b: Landorus|19\/100\n|move|p2a: Clefairy|Heal Pulse|p2b: Landorus\n|-heal|p2b: Landorus|69\/100\n|move|p2b: Landorus|Hammer Arm|p1b: Ursaluna\n|-supereffective|p1b: Ursaluna\n|-damage|p1b: Ursaluna|32\/100 brn\n|-unboost|p2b: Landorus|spe|1\n|\n|-damage|p2b: Landorus|57\/100|[from] Leech Seed|[of] p1a: Appletun\n|-heal|p1a: Appletun|100\/100|[silent]\n|-damage|p1b: Ursaluna|26\/100 brn|[from] brn\n|-fieldend|move: Trick Room\n|upkeep\n|turn|6\n|inactive|boi in the back has 30 seconds left.\n|inactive|Theslenderhunter has 30 seconds left.\n|\n|t:|1699892092\n|move|p2b: Landorus|Brick Break|p1b: Ursaluna\n|-supereffective|p1b: Ursaluna\n|-damage|p1b: Ursaluna|0 fnt\n|faint|p1b: Ursaluna\n|move|p2a: Clefairy|Life Dew|p2a: Clefairy|[spread] p2a,p2b\n|-heal|p2a: Clefairy|100\/100\n|-heal|p2b: Landorus|82\/100\n|move|p1a: Appletun|Leech Seed|p2a: Clefairy|[miss]\n|-miss|p1a: Appletun|p2a: Clefairy\n|\n|-damage|p2b: Landorus|70\/100|[from] Leech Seed|[of] p1a: Appletun\n|upkeep\n|\n|t:|1699892095\n|switch|p1b: Chansey|Chansey, L50, F, shiny|100\/100\n|turn|7\n|\n|t:|1699892112\n|move|p1b: Chansey|Soft-Boiled||[still]\n|-fail|p1b: Chansey|heal\n|move|p2b: Landorus|Hammer Arm|p1b: Chansey\n|-supereffective|p1b: Chansey\n|-damage|p1b: Chansey|35\/100\n|-unboost|p2b: Landorus|spe|1\n|move|p2a: Clefairy|Heal Pulse|p2b: Landorus\n|-heal|p2b: Landorus|100\/100\n|move|p1a: Appletun|Leech Seed|p2a: Clefairy\n|-start|p2a: Clefairy|move: Leech Seed\n|\n|-damage|p2a: Clefairy|88\/100|[from] Leech Seed|[of] p1a: Appletun\n|-damage|p2b: Landorus|88\/100|[from] Leech Seed|[of] p1a: Appletun\n|upkeep\n|turn|8\n|\n|t:|1699892140\n|move|p1b: Chansey|Helping Hand|p1a: Appletun\n|-singleturn|p1a: Appletun|Helping Hand|[of] p1b: Chansey\n|move|p2a: Clefairy|Helping Hand|p2b: Landorus\n|-singleturn|p2b: Landorus|Helping Hand|[of] p2a: Clefairy\n|move|p2b: Landorus|Hammer Arm|p1b: Chansey\n|-supereffective|p1b: Chansey\n|-damage|p1b: Chansey|0 fnt\n|-unboost|p2b: Landorus|spe|1\n|faint|p1b: Chansey\n|move|p1a: Appletun|Apple Acid|p2a: Clefairy\n|-damage|p2a: Clefairy|40\/100\n|-unboost|p2a: Clefairy|spd|1\n|\n|-damage|p2a: Clefairy|28\/100|[from] Leech Seed|[of] p1a: Appletun\n|-damage|p2b: Landorus|76\/100|[from] Leech Seed|[of] p1a: Appletun\n|upkeep\n|turn|9\n|\n|t:|1699892161\n|move|p2a: Clefairy|Life Dew|p2a: Clefairy|[spread] p2a,p2b\n|-heal|p2a: Clefairy|53\/100\n|-heal|p2b: Landorus|100\/100\n|move|p2b: Landorus|Hammer Arm|p1a: Appletun\n|-damage|p1a: Appletun|53\/100\n|-unboost|p2b: Landorus|spe|1\n|move|p1a: Appletun|Bulldoze|p2b: Landorus|[spread] p2a,p2b\n|-damage|p2a: Clefairy|46\/100\n|-damage|p2b: Landorus|95\/100\n|-unboost|p2a: Clefairy|spe|1\n|-unboost|p2b: Landorus|spe|1\n|\n|-damage|p2a: Clefairy|33\/100|[from] Leech Seed|[of] p1a: Appletun\n|-heal|p1a: Appletun|62\/100|[silent]\n|-damage|p2b: Landorus|83\/100|[from] Leech Seed|[of] p1a: Appletun\n|-heal|p1a: Appletun|73\/100|[silent]\n|upkeep\n|turn|10\n|\n|t:|1699892180\n|move|p2a: Clefairy|Life Dew|p2a: Clefairy|[spread] p2a,p2b\n|-heal|p2a: Clefairy|59\/100\n|-heal|p2b: Landorus|100\/100\n|move|p1a: Appletun|Apple Acid|p2b: Landorus\n|-damage|p2b: Landorus|86\/100\n|-unboost|p2b: Landorus|spd|1\n|move|p2b: Landorus|Hammer Arm|p1a: Appletun\n|-damage|p1a: Appletun|26\/100\n|\n|-damage|p2a: Clefairy|46\/100|[from] Leech Seed|[of] p1a: Appletun\n|-heal|p1a: Appletun|34\/100|[silent]\n|-damage|p2b: Landorus|73\/100|[from] Leech Seed|[of] p1a: Appletun\n|-heal|p1a: Appletun|45\/100|[silent]\n|upkeep\n|turn|11\n|\n|t:|1699892193\n|move|p2a: Clefairy|Life Dew|p2a: Clefairy|[spread] p2a,p2b\n|-heal|p2a: Clefairy|72\/100\n|-heal|p2b: Landorus|98\/100\n|move|p1a: Appletun|Recover|p1a: Appletun\n|-heal|p1a: Appletun|95\/100\n|move|p2b: Landorus|Brick Break|p1a: Appletun\n|-damage|p1a: Appletun|59\/100\n|\n|-damage|p2a: Clefairy|59\/100|[from] Leech Seed|[of] p1a: Appletun\n|-heal|p1a: Appletun|67\/100|[silent]\n|-damage|p2b: Landorus|86\/100|[from] Leech Seed|[of] p1a: Appletun\n|-heal|p1a: Appletun|78\/100|[silent]\n|upkeep\n|turn|12\n|\n|t:|1699892208\n|move|p2a: Clefairy|Life Dew|p2a: Clefairy|[spread] p2a,p2b\n|-heal|p2a: Clefairy|85\/100\n|-heal|p2b: Landorus|100\/100\n|move|p1a: Appletun|Apple Acid|p2b: Landorus\n|-crit|p2b: Landorus\n|-damage|p2b: Landorus|67\/100\n|-unboost|p2b: Landorus|spd|1\n|move|p2b: Landorus|Hammer Arm|p1a: Appletun\n|-damage|p1a: Appletun|30\/100\n|\n|-damage|p2a: Clefairy|72\/100|[from] Leech Seed|[of] p1a: Appletun\n|-heal|p1a: Appletun|38\/100|[silent]\n|-damage|p2b: Landorus|55\/100|[from] Leech Seed|[of] p1a: Appletun\n|-heal|p1a: Appletun|49\/100|[silent]\n|upkeep\n|turn|13\n|\n|t:|1699892222\n|move|p2a: Clefairy|Helping Hand|p2b: Landorus\n|-singleturn|p2b: Landorus|Helping Hand|[of] p2a: Clefairy\n|move|p1a: Appletun|Recover|p1a: Appletun\n|-heal|p1a: Appletun|99\/100\n|move|p2b: Landorus|Hammer Arm|p1a: Appletun\n|-damage|p1a: Appletun|27\/100\n|\n|-damage|p2a: Clefairy|60\/100|[from] Leech Seed|[of] p1a: Appletun\n|-heal|p1a: Appletun|35\/100|[silent]\n|-damage|p2b: Landorus|42\/100|[from] Leech Seed|[of] p1a: Appletun\n|-heal|p1a: Appletun|46\/100|[silent]\n|upkeep\n|turn|14\n|\n|t:|1699892236\n|move|p2a: Clefairy|Life Dew|p2a: Clefairy|[spread] p2a,p2b\n|-heal|p2a: Clefairy|85\/100\n|-heal|p2b: Landorus|67\/100\n|move|p1a: Appletun|Recover|p1a: Appletun\n|-heal|p1a: Appletun|96\/100\n|move|p2b: Landorus|Hammer Arm|p1a: Appletun\n|-damage|p1a: Appletun|49\/100\n|\n|-damage|p2a: Clefairy|73\/100|[from] Leech Seed|[of] p1a: Appletun\n|-heal|p1a: Appletun|58\/100|[silent]\n|-damage|p2b: Landorus|55\/100|[from] Leech Seed|[of] p1a: Appletun\n|-heal|p1a: Appletun|69\/100|[silent]\n|upkeep\n|turn|15\n|\n|t:|1699892250\n|move|p2a: Clefairy|Heal Pulse|p2b: Landorus\n|-heal|p2b: Landorus|100\/100\n|move|p1a: Appletun|Apple Acid|p2b: Landorus\n|-damage|p2b: Landorus|71\/100\n|-unboost|p2b: Landorus|spd|1\n|move|p2b: Landorus|Hammer Arm|p1a: Appletun\n|-damage|p1a: Appletun|23\/100\n|\n|-damage|p2a: Clefairy|61\/100|[from] Leech Seed|[of] p1a: Appletun\n|-heal|p1a: Appletun|31\/100|[silent]\n|-damage|p2b: Landorus|59\/100|[from] Leech Seed|[of] p1a: Appletun\n|-heal|p1a: Appletun|42\/100|[silent]\n|upkeep\n|turn|16\n|\n|t:|1699892262\n|move|p2a: Clefairy|Life Dew|p2a: Clefairy|[spread] p2a,p2b\n|-heal|p2a: Clefairy|86\/100\n|-heal|p2b: Landorus|84\/100\n|move|p1a: Appletun|Recover|p1a: Appletun\n|-heal|p1a: Appletun|93\/100\n|move|p2b: Landorus|Brick Break|p1a: Appletun\n|-damage|p1a: Appletun|59\/100\n|\n|-damage|p2a: Clefairy|74\/100|[from] Leech Seed|[of] p1a: Appletun\n|-heal|p1a: Appletun|68\/100|[silent]\n|-damage|p2b: Landorus|72\/100|[from] Leech Seed|[of] p1a: Appletun\n|-heal|p1a: Appletun|79\/100|[silent]\n|upkeep\n|turn|17\n|\n|t:|1699892280\n|move|p2a: Clefairy|Helping Hand|p2b: Landorus\n|-singleturn|p2b: Landorus|Helping Hand|[of] p2a: Clefairy\n|move|p1a: Appletun|Apple Acid|p2b: Landorus\n|-damage|p2b: Landorus|35\/100\n|-unboost|p2b: Landorus|spd|1\n|move|p2b: Landorus|Hammer Arm|p1a: Appletun\n|-damage|p1a: Appletun|6\/100\n|\n|-damage|p2a: Clefairy|61\/100|[from] Leech Seed|[of] p1a: Appletun\n|-heal|p1a: Appletun|15\/100|[silent]\n|-damage|p2b: Landorus|23\/100|[from] Leech Seed|[of] p1a: Appletun\n|-heal|p1a: Appletun|26\/100|[silent]\n|upkeep\n|turn|18\n|\n|t:|1699892294\n|move|p2a: Clefairy|Heal Pulse|p2b: Landorus\n|-heal|p2b: Landorus|73\/100\n|move|p1a: Appletun|Recover|p1a: Appletun\n|-heal|p1a: Appletun|76\/100\n|move|p2b: Landorus|Hammer Arm|p1a: Appletun\n|-damage|p1a: Appletun|29\/100\n|\n|-damage|p2a: Clefairy|49\/100|[from] Leech Seed|[of] p1a: Appletun\n|-heal|p1a: Appletun|37\/100|[silent]\n|-damage|p2b: Landorus|61\/100|[from] Leech Seed|[of] p1a: Appletun\n|-heal|p1a: Appletun|48\/100|[silent]\n|upkeep\n|turn|19\n|\n|t:|1699892306\n|move|p2a: Clefairy|Life Dew|p2a: Clefairy|[spread] p2a,p2b\n|-heal|p2a: Clefairy|74\/100\n|-heal|p2b: Landorus|86\/100\n|move|p1a: Appletun|Recover|p1a: Appletun\n|-heal|p1a: Appletun|98\/100\n|move|p2b: Landorus|Brick Break|p1a: Appletun\n|-damage|p1a: Appletun|64\/100\n|\n|-damage|p2a: Clefairy|62\/100|[from] Leech Seed|[of] p1a: Appletun\n|-heal|p1a: Appletun|72\/100|[silent]\n|-damage|p2b: Landorus|73\/100|[from] Leech Seed|[of] p1a: Appletun\n|-heal|p1a: Appletun|83\/100|[silent]\n|upkeep\n|turn|20\n|\n|t:|1699892318\n|move|p2a: Clefairy|Life Dew|p2a: Clefairy|[spread] p2a,p2b\n|-heal|p2a: Clefairy|87\/100\n|-heal|p2b: Landorus|98\/100\n|move|p1a: Appletun|Apple Acid|p2b: Landorus\n|-damage|p2b: Landorus|54\/100\n|-unboost|p2b: Landorus|spd|1\n|move|p2b: Landorus|Brick Break|p1a: Appletun\n|-damage|p1a: Appletun|45\/100\n|\n|-damage|p2a: Clefairy|75\/100|[from] Leech Seed|[of] p1a: Appletun\n|-heal|p1a: Appletun|53\/100|[silent]\n|-damage|p2b: Landorus|41\/100|[from] Leech Seed|[of] p1a: Appletun\n|-heal|p1a: Appletun|65\/100|[silent]\n|upkeep\n|turn|21\n|\n|t:|1699892333\n|move|p2a: Clefairy|Heal Pulse|p2b: Landorus\n|-heal|p2b: Landorus|91\/100\n|move|p1a: Appletun|Recover|p1a: Appletun\n|-heal|p1a: Appletun|100\/100\n|move|p2b: Landorus|Hammer Arm|p1a: Appletun\n|-damage|p1a: Appletun|49\/100\n|\n|-damage|p2a: Clefairy|63\/100|[from] Leech Seed|[of] p1a: Appletun\n|-heal|p1a: Appletun|58\/100|[silent]\n|-damage|p2b: Landorus|79\/100|[from] Leech Seed|[of] p1a: Appletun\n|-heal|p1a: Appletun|69\/100|[silent]\n|upkeep\n|turn|22\n|\n|t:|1699892344\n|move|p2a: Clefairy|Helping Hand|p2b: Landorus\n|-singleturn|p2b: Landorus|Helping Hand|[of] p2a: Clefairy\n|move|p1a: Appletun|Apple Acid|p2b: Landorus\n|-damage|p2b: Landorus|28\/100\n|-unboost|p2b: Landorus|spd|1\n|move|p2b: Landorus|Hammer Arm|p1a: Appletun\n|-damage|p1a: Appletun|5\/100\n|\n|-damage|p2a: Clefairy|50\/100|[from] Leech Seed|[of] p1a: Appletun\n|-heal|p1a: Appletun|13\/100|[silent]\n|-damage|p2b: Landorus|15\/100|[from] Leech Seed|[of] p1a: Appletun\n|-heal|p1a: Appletun|24\/100|[silent]\n|upkeep\n|turn|23\n|\n|t:|1699892360\n|move|p2a: Clefairy|Heal Pulse|p2b: Landorus\n|-heal|p2b: Landorus|65\/100\n|move|p1a: Appletun|Recover|p1a: Appletun\n|-heal|p1a: Appletun|74\/100\n|move|p2b: Landorus|Hammer Arm|p1a: Appletun\n|-damage|p1a: Appletun|29\/100\n|\n|-damage|p2a: Clefairy|38\/100|[from] Leech Seed|[of] p1a: Appletun\n|-heal|p1a: Appletun|37\/100|[silent]\n|-damage|p2b: Landorus|53\/100|[from] Leech Seed|[of] p1a: Appletun\n|-heal|p1a: Appletun|48\/100|[silent]\n|upkeep\n|turn|24\n|\n|t:|1699892372\n|move|p2a: Clefairy|Life Dew|p2a: Clefairy|[spread] p2a,p2b\n|-heal|p2a: Clefairy|64\/100\n|-heal|p2b: Landorus|78\/100\n|move|p1a: Appletun|Apple Acid|p2b: Landorus\n|-damage|p2b: Landorus|13\/100\n|move|p2b: Landorus|Brick Break|p1a: Appletun\n|-damage|p1a: Appletun|14\/100\n|\n|-damage|p2a: Clefairy|51\/100|[from] Leech Seed|[of] p1a: Appletun\n|-heal|p1a: Appletun|23\/100|[silent]\n|-damage|p2b: Landorus|0 fnt|[from] Leech Seed|[of] p1a: Appletun\n|-heal|p1a: Appletun|34\/100|[silent]\n|faint|p2b: Landorus\n|upkeep\n|turn|25\n|-message|Theslenderhunter forfeited.\n|\n|win|boi in the back\n|raw|boi in the back's rating: 1000 &rarr; <strong>1050<\/strong><br \/>(+50 for winning)\n|raw|Theslenderhunter's rating: 1085 &rarr; <strong>1057<\/strong><br \/>(-28 for losing)\n|l|\u2606Theslenderhunter\n","uploadtime":1699892396,"views":9,"p1id":"boiintheback","p2id":"theslenderhunter","formatid":"gen9vgc2023regulatione","rating":1050,"private":0,"password":""}