{"id":"gen9vgc2023regulatione-1996875902","p1":"trickgo","p2":"arcane river","format":"[Gen 9] VGC 2023 Regulation E","log":"|j|\u2606trickgo\n|j|\u2606arcane river\n|t:|1700738929\n|gametype|doubles\n|player|p1|trickgo|2|1529\n|player|p2|arcane river|265|1450\n|teamsize|p1|6\n|teamsize|p2|6\n|gen|9\n|tier|[Gen 9] VGC 2023 Regulation E\n|rated|\n|rule|Species Clause: Limit one of each Pok\u00e9mon\n|rule|Item Clause: Limit one of each item\n|clearpoke\n|poke|p1|Ogerpon-Wellspring, L50, F|\n|poke|p1|Urshifu-*, L50, F|\n|poke|p1|Landorus-Therian, L50, M|\n|poke|p1|Iron Hands, L50|\n|poke|p1|Heatran, L50, F|\n|poke|p1|Flutter Mane, L50|\n|poke|p2|Indeedee-F, L50, F|\n|poke|p2|Urshifu-*, L50, M|\n|poke|p2|Ursaluna-Bloodmoon, L50, M|\n|poke|p2|Tornadus, L50, M|\n|poke|p2|Armarouge, L50, M|\n|poke|p2|Flutter Mane, L50|\n|teampreview|4\n|\n|t:|1700738960\n|start\n|switch|p1a: Urshifu|Urshifu, L50, F|100\/100\n|switch|p1b: Flutter Mane|Flutter Mane, L50|100\/100\n|switch|p2a: Indeedee|Indeedee-F, L50, F|100\/100\n|switch|p2b: Armarouge|Armarouge, L50, M|100\/100\n|-fieldstart|move: Psychic Terrain|[from] ability: Psychic Surge|[of] p2a: Indeedee\n|turn|1\n|\n|t:|1700738991\n|switch|p2b: Ursaluna|Ursaluna-Bloodmoon, L50, M|100\/100\n|-terastallize|p2a: Indeedee|Fire\n|move|p1b: Flutter Mane|Shadow Ball|p2b: Ursaluna\n|-immune|p2b: Ursaluna\n|move|p1a: Urshifu|Wicked Blow|p2a: Indeedee\n|-crit|p2a: Indeedee\n|-damage|p2a: Indeedee|36\/100\n|move|p2a: Indeedee|Trick Room|p2a: Indeedee\n|-fieldstart|move: Trick Room|[of] p2a: Indeedee\n|\n|upkeep\n|turn|2\n|\n|t:|1700739017\n|move|p2b: Ursaluna|Blood Moon|p1a: Urshifu\n|-enditem|p1a: Urshifu|Focus Sash\n|-damage|p1a: Urshifu|1\/100\n|move|p2a: Indeedee|Dazzling Gleam|p1b: Flutter Mane|[spread] p1a,p1b\n|-supereffective|p1a: Urshifu\n|-damage|p1a: Urshifu|0 fnt\n|-damage|p1b: Flutter Mane|85\/100\n|faint|p1a: Urshifu\n|move|p1b: Flutter Mane|Moonblast|p2b: Ursaluna\n|-damage|p2b: Ursaluna|27\/100\n|-unboost|p2b: Ursaluna|spa|1\n|\n|upkeep\n|\n|t:|1700739024\n|switch|p1a: Iron Hands|Iron Hands, L50|100\/100\n|turn|3\n|\n|t:|1700739054\n|switch|p2b: Armarouge|Armarouge, L50, M|100\/100\n|move|p1a: Iron Hands|Drain Punch|p2a: Indeedee\n|-damage|p2a: Indeedee|0 fnt\n|faint|p2a: Indeedee\n|move|p1b: Flutter Mane|Moonblast|p2b: Armarouge\n|-resisted|p2b: Armarouge\n|-damage|p2b: Armarouge|67\/100\n|\n|upkeep\n|\n|t:|1700739081\n|switch|p2a: Ursaluna|Ursaluna-Bloodmoon, L50, M|27\/100\n|turn|4\n|\n|t:|1700739091\n|move|p1b: Flutter Mane|Protect|p1b: Flutter Mane\n|-singleturn|p1b: Flutter Mane|Protect\n|move|p1a: Iron Hands|Drain Punch|p2a: Ursaluna\n|-supereffective|p2a: Ursaluna\n|-damage|p2a: Ursaluna|0 fnt\n|faint|p2a: Ursaluna\n|move|p2b: Armarouge|Expanding Force|p1a: Iron Hands|[spread] p1a\n|-activate|p1b: Flutter Mane|move: Protect\n|-supereffective|p1a: Iron Hands\n|-damage|p1a: Iron Hands|21\/100\n|-damage|p2b: Armarouge|57\/100|[from] item: Life Orb\n|\n|upkeep\n|\n|t:|1700739097\n|switch|p2a: Flutter Mane|Flutter Mane, L50|100\/100\n|-enditem|p2a: Flutter Mane|Booster Energy\n|-activate|p2a: Flutter Mane|ability: Protosynthesis|[fromitem]\n|-start|p2a: Flutter Mane|protosynthesisspa\n|turn|5\n|\n|t:|1700739115\n|-end|p1a: Iron Hands|Quark Drive|[silent]\n|switch|p1a: Heatran|Heatran, L50, F|100\/100\n|move|p2a: Flutter Mane|Protect|p2a: Flutter Mane\n|-singleturn|p2a: Flutter Mane|Protect\n|move|p2b: Armarouge|Expanding Force|p1b: Flutter Mane|[spread] p1a,p1b\n|-resisted|p1a: Heatran\n|-damage|p1a: Heatran|68\/100\n|-damage|p1b: Flutter Mane|0 fnt\n|faint|p1b: Flutter Mane\n|-end|p1b: Flutter Mane|Protosynthesis|[silent]\n|-damage|p2b: Armarouge|48\/100|[from] item: Life Orb\n|\n|-heal|p1a: Heatran|74\/100|[from] item: Leftovers\n|-fieldend|move: Trick Room\n|-fieldend|move: Psychic Terrain\n|upkeep\n|\n|t:|1700739122\n|switch|p1b: Iron Hands|Iron Hands, L50|21\/100\n|turn|6\n|\n|t:|1700739164\n|move|p1b: Iron Hands|Fake Out|p2b: Armarouge\n|-damage|p2b: Armarouge|31\/100\n|move|p2a: Flutter Mane|Shadow Ball|p1a: Heatran\n|-damage|p1a: Heatran|31\/100\n|cant|p2b: Armarouge|flinch\n|move|p1a: Heatran|Flash Cannon|p2a: Flutter Mane\n|-supereffective|p2a: Flutter Mane\n|-damage|p2a: Flutter Mane|27\/100\n|\n|-heal|p1a: Heatran|37\/100|[from] item: Leftovers\n|upkeep\n|turn|7\n|\n|t:|1700739244\n|move|p1a: Heatran|Protect|p1a: Heatran\n|-singleturn|p1a: Heatran|Protect\n|move|p2a: Flutter Mane|Shadow Ball|p1a: Heatran\n|-activate|p1a: Heatran|move: Protect\n|move|p2b: Armarouge|Expanding Force|p1b: Iron Hands\n|-supereffective|p1b: Iron Hands\n|-damage|p1b: Iron Hands|0 fnt\n|faint|p1b: Iron Hands\n|-end|p1b: Iron Hands|Quark Drive|[silent]\n|-damage|p2b: Armarouge|21\/100|[from] item: Life Orb\n|\n|-heal|p1a: Heatran|43\/100|[from] item: Leftovers\n|upkeep\n|turn|8\n|\n|t:|1700739262\n|move|p2a: Flutter Mane|Protect|p2a: Flutter Mane\n|-singleturn|p2a: Flutter Mane|Protect\n|move|p2b: Armarouge|Expanding Force|p1a: Heatran\n|-resisted|p1a: Heatran\n|-damage|p1a: Heatran|20\/100\n|-damage|p2b: Armarouge|12\/100|[from] item: Life Orb\n|move|p1a: Heatran|Heat Wave|p2b: Armarouge|[spread] \n|-activate|p2a: Flutter Mane|move: Protect\n|-start|p2b: Armarouge|ability: Flash Fire\n|\n|-heal|p1a: Heatran|27\/100|[from] item: Leftovers\n|upkeep\n|turn|9\n|-message|trickgo forfeited.\n|\n|win|arcane river\n|raw|trickgo's rating: 1529 &rarr; <strong>1505<\/strong><br \/>(-24 for losing)\n|raw|arcane river's rating: 1450 &rarr; <strong>1474<\/strong><br \/>(+24 for winning)\n|l|\u2606trickgo\n","uploadtime":1700739275,"views":6,"p1id":"trickgo","p2id":"arcaneriver","formatid":"gen9vgc2023regulatione","rating":1474,"private":0,"password":""}