{"id":"gen9vgc2023regulatione-1999255446","p1":"meesterkrebs","p2":"TWOJACKETS66","format":"[Gen 9] VGC 2023 Regulation E","log":"|j|\u2606meesterkrebs\n|j|\u2606TWOJACKETS66\n|t:|1701051359\n|gametype|doubles\n|player|p1|meesterkrebs|steven|1224\n|player|p2|TWOJACKETS66|fisherman-gen4|1171\n|teamsize|p1|6\n|teamsize|p2|6\n|gen|9\n|tier|[Gen 9] VGC 2023 Regulation E\n|rated|\n|rule|Species Clause: Limit one of each Pok\u00e9mon\n|rule|Item Clause: Limit one of each item\n|clearpoke\n|poke|p1|Urshifu-*, L50, F|\n|poke|p1|Gholdengo, L50|\n|poke|p1|Arcanine, L50, F|\n|poke|p1|Rillaboom, L50, F|\n|poke|p1|Sableye, L50, M|\n|poke|p1|Iron Bundle, L50|\n|poke|p2|Toxtricity, L50, F|\n|poke|p2|Arcanine-Hisui, L50, F|\n|poke|p2|Torkoal, L50, M|\n|poke|p2|Iron Hands, L50|\n|poke|p2|Ogerpon, L50, F|\n|poke|p2|Flutter Mane, L50|\n|teampreview|4\n|inactive|Battle timer is ON: inactive players will automatically lose when time's up. (requested by TWOJACKETS66)\n|\n|t:|1701051418\n|start\n|switch|p1a: Sableye|Sableye, L50, M|100\/100\n|switch|p1b: Rillaboom|Rillaboom, L50, F|100\/100\n|switch|p2a: Iron Hands|Iron Hands, L50|100\/100\n|switch|p2b: Flutter Mane|Flutter Mane, L50|100\/100\n|-fieldstart|move: Grassy Terrain|[from] ability: Grassy Surge|[of] p1b: Rillaboom\n|-enditem|p2b: Flutter Mane|Booster Energy\n|-activate|p2b: Flutter Mane|ability: Protosynthesis|[fromitem]\n|-start|p2b: Flutter Mane|protosynthesisspe\n|turn|1\n|inactive|TWOJACKETS66 has 30 seconds left.\n|\n|t:|1701051444\n|move|p2a: Iron Hands|Fake Out|p1b: Rillaboom\n|-damage|p1b: Rillaboom|86\/100\n|cant|p1b: Rillaboom|flinch\n|move|p1a: Sableye|Will-O-Wisp|p2a: Iron Hands\n|-status|p2a: Iron Hands|brn\n|move|p2b: Flutter Mane|Dazzling Gleam|p1b: Rillaboom|[spread] p1a,p1b\n|-supereffective|p1a: Sableye\n|-enditem|p1a: Sableye|Roseli Berry|[eat]\n|-enditem|p1a: Sableye|Roseli Berry|[weaken]\n|-damage|p1a: Sableye|68\/100\n|-damage|p1b: Rillaboom|62\/100\n|\n|-heal|p1b: Rillaboom|68\/100|[from] Grassy Terrain\n|-heal|p1a: Sableye|74\/100|[from] Grassy Terrain\n|-damage|p2a: Iron Hands|94\/100 brn|[from] brn\n|upkeep\n|turn|2\n|\n|t:|1701051463\n|move|p1b: Rillaboom|Grassy Glide|p2b: Flutter Mane\n|-damage|p2b: Flutter Mane|10\/100\n|move|p1a: Sableye|Encore|p2a: Iron Hands\n|-start|p2a: Iron Hands|Encore\n|move|p2b: Flutter Mane|Dazzling Gleam|p1a: Sableye|[spread] p1a,p1b\n|-supereffective|p1a: Sableye\n|-damage|p1a: Sableye|8\/100\n|-damage|p1b: Rillaboom|45\/100\n|move|p2a: Iron Hands|Fake Out||[still]\n|-hint|Fake Out only works on your first turn out.\n|-fail|p2a: Iron Hands\n|\n|-heal|p2b: Flutter Mane|16\/100|[from] Grassy Terrain\n|-heal|p1b: Rillaboom|51\/100|[from] Grassy Terrain\n|-heal|p2a: Iron Hands|100\/100 brn|[from] Grassy Terrain\n|-heal|p1a: Sableye|13\/100|[from] Grassy Terrain\n|-damage|p2a: Iron Hands|94\/100 brn|[from] brn\n|upkeep\n|turn|3\n|inactive|meesterkrebs has 30 seconds left.\n|\n|t:|1701051490\n|-end|p2a: Iron Hands|Quark Drive|[silent]\n|switch|p2a: Arcanine|Arcanine-Hisui, L50, F|100\/100\n|-ability|p2a: Arcanine|Intimidate|boost\n|-unboost|p1a: Sableye|atk|1\n|-unboost|p1b: Rillaboom|atk|1\n|move|p2b: Flutter Mane|Protect|p2b: Flutter Mane\n|-singleturn|p2b: Flutter Mane|Protect\n|move|p1a: Sableye|Disable|p2b: Flutter Mane\n|-activate|p2b: Flutter Mane|move: Protect\n|move|p1b: Rillaboom|High Horsepower|p2a: Arcanine\n|-supereffective|p2a: Arcanine\n|-damage|p2a: Arcanine|0 fnt\n|faint|p2a: Arcanine\n|\n|-heal|p2b: Flutter Mane|22\/100|[from] Grassy Terrain\n|-heal|p1b: Rillaboom|57\/100|[from] Grassy Terrain\n|-heal|p1a: Sableye|19\/100|[from] Grassy Terrain\n|upkeep\n|\n|t:|1701051502\n|switch|p2a: Torkoal|Torkoal, L50, M|100\/100\n|-weather|SunnyDay|[from] ability: Drought|[of] p2a: Torkoal\n|turn|4\n|inactive|meesterkrebs has 30 seconds left.\n|\n|t:|1701051535\n|switch|p1a: Urshifu|Urshifu-Rapid-Strike, L50, F|100\/100\n|-terastallize|p1b: Rillaboom|Fire\n|move|p2b: Flutter Mane|Dazzling Gleam|p1b: Rillaboom|[spread] p1a,p1b\n|-supereffective|p1a: Urshifu\n|-resisted|p1b: Rillaboom\n|-damage|p1a: Urshifu|40\/100\n|-damage|p1b: Rillaboom|45\/100\n|move|p1b: Rillaboom|High Horsepower|p2a: Torkoal\n|-supereffective|p2a: Torkoal\n|-damage|p2a: Torkoal|72\/100\n|move|p2a: Torkoal|Lava Plume|p1a: Urshifu|[spread] p2b,p1a,p1b\n|-resisted|p1a: Urshifu\n|-resisted|p1b: Rillaboom\n|-damage|p2b: Flutter Mane|0 fnt\n|-damage|p1a: Urshifu|26\/100\n|-damage|p1b: Rillaboom|34\/100\n|faint|p2b: Flutter Mane\n|-end|p2b: Flutter Mane|Protosynthesis|[silent]\n|\n|-weather|SunnyDay|[upkeep]\n|-heal|p1a: Urshifu|32\/100|[from] Grassy Terrain\n|-heal|p1b: Rillaboom|40\/100|[from] Grassy Terrain\n|-heal|p2a: Torkoal|78\/100|[from] Grassy Terrain\n|-heal|p2a: Torkoal|85\/100|[from] item: Leftovers\n|upkeep\n|c|\u2606meesterkrebs|y\n|\n|t:|1701051554\n|switch|p2b: Iron Hands|Iron Hands, L50|94\/100 brn\n|turn|5\n|\n|t:|1701051578\n|move|p1a: Urshifu|Detect|p1a: Urshifu\n|-singleturn|p1a: Urshifu|Protect\n|move|p2b: Iron Hands|Fake Out|p1a: Urshifu\n|-activate|p1a: Urshifu|move: Protect\n|move|p1b: Rillaboom|High Horsepower|p2a: Torkoal\n|-supereffective|p2a: Torkoal\n|-damage|p2a: Torkoal|56\/100\n|move|p2a: Torkoal|Yawn|p1a: Urshifu\n|-activate|p1a: Urshifu|move: Protect\n|\n|-weather|SunnyDay|[upkeep]\n|-heal|p1a: Urshifu|38\/100|[from] Grassy Terrain\n|-heal|p1b: Rillaboom|46\/100|[from] Grassy Terrain\n|-heal|p2b: Iron Hands|100\/100 brn|[from] Grassy Terrain\n|-heal|p2a: Torkoal|63\/100|[from] Grassy Terrain\n|-heal|p2a: Torkoal|69\/100|[from] item: Leftovers\n|-damage|p2b: Iron Hands|94\/100 brn|[from] brn\n|-fieldend|move: Grassy Terrain\n|upkeep\n|turn|6\n|inactive|meesterkrebs has 30 seconds left.\n|\n|t:|1701051605\n|switch|p1a: Sableye|Sableye, L50, M|19\/100\n|move|p2a: Torkoal|Protect|p2a: Torkoal\n|-singleturn|p2a: Torkoal|Protect\n|move|p1b: Rillaboom|High Horsepower|p2a: Torkoal\n|-activate|p2a: Torkoal|move: Protect\n|move|p2b: Iron Hands|Wild Charge|p1a: Sableye\n|-damage|p1a: Sableye|0 fnt\n|faint|p1a: Sableye\n|-damage|p2b: Iron Hands|92\/100 brn|[from] Recoil\n|\n|-weather|SunnyDay|[upkeep]\n|-heal|p2a: Torkoal|75\/100|[from] item: Leftovers\n|-damage|p2b: Iron Hands|86\/100 brn|[from] brn\n|upkeep\n|\n|t:|1701051611\n|switch|p1a: Iron Bundle|Iron Bundle, L50|100\/100\n|-enditem|p1a: Iron Bundle|Booster Energy\n|-activate|p1a: Iron Bundle|ability: Quark Drive|[fromitem]\n|-start|p1a: Iron Bundle|quarkdrivespe\n|turn|7\n|\n|t:|1701051630\n|move|p1a: Iron Bundle|Protect|p1a: Iron Bundle\n|-singleturn|p1a: Iron Bundle|Protect\n|move|p1b: Rillaboom|High Horsepower|p2a: Torkoal\n|-supereffective|p2a: Torkoal\n|-damage|p2a: Torkoal|46\/100\n|move|p2b: Iron Hands|Wild Charge|p1a: Iron Bundle\n|-activate|p1a: Iron Bundle|move: Protect\n|move|p2a: Torkoal|Yawn|p1b: Rillaboom\n|-start|p1b: Rillaboom|move: Yawn|[of] p2a: Torkoal\n|\n|-weather|SunnyDay|[upkeep]\n|-heal|p2a: Torkoal|52\/100|[from] item: Leftovers\n|-damage|p2b: Iron Hands|79\/100 brn|[from] brn\n|upkeep\n|turn|8\n|inactive|meesterkrebs has 30 seconds left.\n|inactive|meesterkrebs has 20 seconds left.\n|inactive|meesterkrebs has 15 seconds left.\n|\n|t:|1701051671\n|move|p2a: Torkoal|Protect|p2a: Torkoal\n|-singleturn|p2a: Torkoal|Protect\n|move|p1a: Iron Bundle|Rain Dance|p1a: Iron Bundle\n|-weather|RainDance\n|move|p1b: Rillaboom|High Horsepower|p2b: Iron Hands\n|-supereffective|p2b: Iron Hands\n|-damage|p2b: Iron Hands|53\/100 brn\n|move|p2b: Iron Hands|Wild Charge|p1a: Iron Bundle\n|-supereffective|p1a: Iron Bundle\n|-damage|p1a: Iron Bundle|56\/100\n|-damage|p2b: Iron Hands|46\/100 brn|[from] Recoil\n|\n|-weather|RainDance|[upkeep]\n|-heal|p2a: Torkoal|58\/100|[from] item: Leftovers\n|-damage|p2b: Iron Hands|40\/100 brn|[from] brn\n|-end|p1b: Rillaboom|move: Yawn|[silent]\n|-status|p1b: Rillaboom|slp\n|upkeep\n|turn|9\n|inactive|meesterkrebs has 30 seconds left.\n|\n|t:|1701051696\n|move|p2a: Torkoal|Helping Hand|p2b: Iron Hands\n|-singleturn|p2b: Iron Hands|Helping Hand|[of] p2a: Torkoal\n|move|p1a: Iron Bundle|Freeze-Dry|p2b: Iron Hands\n|-damage|p2b: Iron Hands|19\/100 brn\n|cant|p1b: Rillaboom|slp\n|move|p2b: Iron Hands|Wild Charge|p1a: Iron Bundle\n|-supereffective|p1a: Iron Bundle\n|-damage|p1a: Iron Bundle|0 fnt\n|faint|p1a: Iron Bundle\n|-end|p1a: Iron Bundle|Quark Drive|[silent]\n|-damage|p2b: Iron Hands|10\/100 brn|[from] Recoil\n|\n|-weather|RainDance|[upkeep]\n|-heal|p2a: Torkoal|64\/100|[from] item: Leftovers\n|-damage|p2b: Iron Hands|4\/100 brn|[from] brn\n|upkeep\n|\n|t:|1701051710\n|switch|p1a: Urshifu|Urshifu-Rapid-Strike, L50, F|38\/100\n|turn|10\n|\n|t:|1701051720\n|move|p2a: Torkoal|Protect|p2a: Torkoal\n|-singleturn|p2a: Torkoal|Protect\n|move|p1a: Urshifu|Surging Strikes|p2a: Torkoal\n|-supereffective|p2a: Torkoal\n|-crit|p2a: Torkoal\n|-damage|p2a: Torkoal|24\/100\n|-supereffective|p2a: Torkoal\n|-crit|p2a: Torkoal\n|-damage|p2a: Torkoal|0 fnt\n|faint|p2a: Torkoal\n|-hitcount|p2: Torkoal|2\n|cant|p1b: Rillaboom|slp\n|move|p2b: Iron Hands|Wild Charge|p1a: Urshifu\n|-supereffective|p1a: Urshifu\n|-damage|p1a: Urshifu|0 fnt\n|faint|p1a: Urshifu\n|-damage|p2b: Iron Hands|0 fnt|[from] Recoil\n|faint|p2b: Iron Hands\n|-end|p2b: Iron Hands|Quark Drive|[silent]\n|\n|win|meesterkrebs\n|raw|meesterkrebs's rating: 1224 &rarr; <strong>1245<\/strong><br \/>(+21 for winning)\n|raw|TWOJACKETS66's rating: 1171 &rarr; <strong>1150<\/strong><br \/>(-21 for losing)\n|c|\u2606TWOJACKETS66|gg\n|l|\u2606TWOJACKETS66\n","uploadtime":1701051743,"views":24,"p1id":"meesterkrebs","p2id":"twojackets66","formatid":"gen9vgc2023regulatione","rating":1150,"private":0,"password":""}