{"id":"gen9vgc2023regulatione-1998424663","p1":"Yodlervomberg","p2":"whyismynamejeff","format":"[Gen 9] VGC 2023 Regulation E","log":"|j|\u2606Yodlervomberg\n|j|\u2606whyismynamejeff\n|t:|1700940815\n|gametype|doubles\n|player|p1|Yodlervomberg|palmer|1040\n|player|p2|whyismynamejeff|musician|1094\n|teamsize|p1|6\n|teamsize|p2|6\n|gen|9\n|tier|[Gen 9] VGC 2023 Regulation E\n|rated|\n|rule|Species Clause: Limit one of each Pok\u00e9mon\n|rule|Item Clause: Limit one of each item\n|clearpoke\n|poke|p1|Urshifu-*, L50, F|\n|poke|p1|Amoonguss, L50, F|\n|poke|p1|Arcanine-Hisui, L50, F|\n|poke|p1|Chi-Yu, L50|\n|poke|p1|Gholdengo, L50|\n|poke|p1|Ogerpon, L50, F|\n|poke|p2|Ogerpon-Wellspring, L50, F|\n|poke|p2|Regieleki, L50|\n|poke|p2|Indeedee-F, L50, F|\n|poke|p2|Tornadus, L50, M|\n|poke|p2|Chi-Yu, L50|\n|poke|p2|Flutter Mane, L50|\n|teampreview|4\n|c|\u2606whyismynamejeff|hmmmmmm\n|\n|t:|1700940860\n|start\n|switch|p1a: Amoonguss|Amoonguss, L50, F, shiny|100\/100\n|switch|p1b: Gholdengo|Gholdengo, L50|100\/100\n|switch|p2a: Ogerpon|Ogerpon-Wellspring, L50, F|100\/100\n|switch|p2b: Tornadus|Tornadus, L50, M|100\/100\n|turn|1\n|\n|t:|1700940921\n|move|p2a: Ogerpon|Spiky Shield|p2a: Ogerpon\n|-singleturn|p2a: Ogerpon|move: Protect\n|move|p2b: Tornadus|Tailwind|p2b: Tornadus\n|-sidestart|p2: whyismynamejeff|move: Tailwind\n|move|p1b: Gholdengo|Nasty Plot|p1b: Gholdengo\n|-boost|p1b: Gholdengo|spa|2\n|move|p1a: Amoonguss|Spore|p2b: Tornadus\n|-activate|p2b: Tornadus|item: Safety Goggles|Spore\n|\n|upkeep\n|turn|2\n|\n|t:|1700940949\n|switch|p2b: Chi-Yu|Chi-Yu, L50|100\/100\n|-ability|p2b: Chi-Yu|Beads of Ruin\n|switch|p1a: Ogerpon|Ogerpon, L50, F|100\/100\n|move|p1b: Gholdengo|Protect|p1b: Gholdengo\n|-singleturn|p1b: Gholdengo|Protect\n|move|p2a: Ogerpon|Horn Leech|p1b: Gholdengo\n|-activate|p1b: Gholdengo|move: Protect\n|\n|upkeep\n|turn|3\n|inactive|Battle timer is ON: inactive players will automatically lose when time's up. (requested by whyismynamejeff)\n|inactive|Yodlervomberg has 60 seconds left.\n|c|\u2606whyismynamejeff|why you take so long?\n|l|\u2606Yodlervomberg\n|inactive|Yodlervomberg disconnected and has a minute to reconnect!\n|player|p1|\n|inactive|Yodlervomberg has 30 seconds left.\n|inactive|Yodlervomberg has 20 seconds left.\n|inactive|Yodlervomberg has 15 seconds left.\n|inactive|Yodlervomberg has 10 seconds left.\n|j|\u2606Yodlervomberg\n|inactive|Yodlervomberg reconnected and has 10 seconds left.\n|player|p1|Yodlervomberg|palmer\n|inactive|Yodlervomberg has 5 seconds left.\n|\n|t:|1700941100\n|switch|p1b: Chi-Yu|Chi-Yu, L50|100\/100\n|-ability|p1b: Chi-Yu|Beads of Ruin\n|move|p1a: Ogerpon|Spiky Shield|p1a: Ogerpon\n|-singleturn|p1a: Ogerpon|move: Protect\n|move|p2a: Ogerpon|Swords Dance|p2a: Ogerpon\n|-boost|p2a: Ogerpon|atk|2\n|move|p2b: Chi-Yu|Heat Wave|p1b: Chi-Yu|[spread] \n|-activate|p1a: Ogerpon|move: Protect\n|-miss|p2b: Chi-Yu|p1b: Chi-Yu\n|\n|upkeep\n|turn|4\n|inactive|Yodlervomberg has 30 seconds left.\n|inactive|Yodlervomberg has 20 seconds left.\n|inactive|Yodlervomberg has 15 seconds left.\n|inactive|Yodlervomberg has 10 seconds left.\n|\n|t:|1700941148\n|move|p1a: Ogerpon|Follow Me|p1a: Ogerpon\n|-singleturn|p1a: Ogerpon|move: Follow Me\n|move|p2a: Ogerpon|Ivy Cudgel|p1a: Ogerpon|[anim] Ivy Cudgel Water\n|-resisted|p1a: Ogerpon\n|-damage|p1a: Ogerpon|47\/100\n|move|p2b: Chi-Yu|Overheat|p1a: Ogerpon\n|-supereffective|p1a: Ogerpon\n|-damage|p1a: Ogerpon|0 fnt\n|-unboost|p2b: Chi-Yu|spa|2\n|faint|p1a: Ogerpon\n|-damage|p2b: Chi-Yu|91\/100|[from] item: Life Orb\n|move|p1b: Chi-Yu|Heat Wave|p2a: Ogerpon|[spread] p2a,p2b\n|-resisted|p2b: Chi-Yu\n|-damage|p2a: Ogerpon|11\/100\n|-damage|p2b: Chi-Yu|58\/100\n|-status|p2a: Ogerpon|brn\n|\n|-damage|p2a: Ogerpon|5\/100 brn|[from] brn\n|-sideend|p2: whyismynamejeff|move: Tailwind\n|upkeep\n|\n|t:|1700941171\n|switch|p1a: Amoonguss|Amoonguss, L50, F, shiny|100\/100\n|turn|5\n|inactive|Yodlervomberg has 30 seconds left.\n|\n|t:|1700941202\n|switch|p2b: Flutter Mane|Flutter Mane, L50|100\/100\n|-terastallize|p1a: Amoonguss|Fire\n|move|p2a: Ogerpon|Ivy Cudgel|p1b: Chi-Yu|[anim] Ivy Cudgel Water\n|-supereffective|p1b: Chi-Yu\n|-damage|p1b: Chi-Yu|0 fnt\n|faint|p1b: Chi-Yu\n|move|p1a: Amoonguss|Spore|p2b: Flutter Mane\n|-status|p2b: Flutter Mane|slp|[from] move: Spore\n|\n|-damage|p2a: Ogerpon|0 fnt|[from] brn\n|faint|p2a: Ogerpon\n|upkeep\n|\n|t:|1700941217\n|switch|p2a: Chi-Yu|Chi-Yu, L50|58\/100\n|switch|p1b: Gholdengo|Gholdengo, L50|100\/100\n|-ability|p2a: Chi-Yu|Beads of Ruin\n|turn|6\n|inactive|whyismynamejeff has 30 seconds left.\n|inactive|whyismynamejeff has 20 seconds left.\n|\n|t:|1700941256\n|cant|p2b: Flutter Mane|slp\n|move|p1b: Gholdengo|Protect|p1b: Gholdengo\n|-singleturn|p1b: Gholdengo|Protect\n|move|p2a: Chi-Yu|Overheat|p1b: Gholdengo\n|-activate|p1b: Gholdengo|move: Protect\n|move|p1a: Amoonguss|Spore|p2a: Chi-Yu\n|-status|p2a: Chi-Yu|slp|[from] move: Spore\n|\n|upkeep\n|turn|7\n|\n|t:|1700941270\n|switch|p2a: Tornadus|Tornadus, L50, M|100\/100\n|cant|p2b: Flutter Mane|slp\n|move|p1b: Gholdengo|Make It Rain|p2a: Tornadus|[spread] p2a,p2b\n|-supereffective|p2b: Flutter Mane\n|-damage|p2a: Tornadus|8\/100\n|-enditem|p2b: Flutter Mane|Focus Sash\n|-damage|p2b: Flutter Mane|1\/100 slp\n|-unboost|p1b: Gholdengo|spa|1\n|-damage|p1b: Gholdengo|91\/100|[from] item: Life Orb\n|move|p1a: Amoonguss|Pollen Puff|p2a: Tornadus\n|-resisted|p2a: Tornadus\n|-damage|p2a: Tornadus|0 fnt\n|faint|p2a: Tornadus\n|\n|upkeep\n|\n|t:|1700941283\n|switch|p2a: Chi-Yu|Chi-Yu, L50|58\/100 slp\n|-ability|p2a: Chi-Yu|Beads of Ruin\n|turn|8\n|\n|t:|1700941300\n|cant|p2b: Flutter Mane|slp\n|cant|p2a: Chi-Yu|slp\n|move|p1a: Amoonguss|Rage Powder|p1a: Amoonguss\n|-singleturn|p1a: Amoonguss|move: Rage Powder\n|move|p1b: Gholdengo|Make It Rain|p2a: Chi-Yu|[spread] p2a,p2b\n|-resisted|p2a: Chi-Yu\n|-supereffective|p2b: Flutter Mane\n|-damage|p2a: Chi-Yu|34\/100 slp\n|-damage|p2b: Flutter Mane|0 fnt\n|-unboost|p1b: Gholdengo|spa|1\n|faint|p2b: Flutter Mane\n|-end|p2b: Flutter Mane|Protosynthesis|[silent]\n|-damage|p1b: Gholdengo|81\/100|[from] item: Life Orb\n|\n|upkeep\n|turn|9\n|c|\u2606whyismynamejeff|i love how this is supposed to be hyper offense\n|c|\u2606whyismynamejeff|but every game takes 10+ turns\n|inactive|Yodlervomberg has 30 seconds left.\n|inactive|Yodlervomberg has 20 seconds left.\n|\n|t:|1700941335\n|cant|p2a: Chi-Yu|slp\n|move|p1b: Gholdengo|Nasty Plot|p1b: Gholdengo\n|-boost|p1b: Gholdengo|spa|2\n|move|p1a: Amoonguss|Pollen Puff|p2a: Chi-Yu\n|-damage|p2a: Chi-Yu|13\/100 slp\n|\n|upkeep\n|turn|10\n|\n|t:|1700941346\n|cant|p2a: Chi-Yu|slp\n|move|p1a: Amoonguss|Rage Powder|p1a: Amoonguss\n|-singleturn|p1a: Amoonguss|move: Rage Powder\n|move|p1b: Gholdengo|Make It Rain|p2a: Chi-Yu\n|-resisted|p2a: Chi-Yu\n|-damage|p2a: Chi-Yu|0 fnt\n|-unboost|p1b: Gholdengo|spa|1\n|faint|p2a: Chi-Yu\n|-damage|p1b: Gholdengo|71\/100|[from] item: Life Orb\n|\n|win|Yodlervomberg\n|raw|Yodlervomberg's rating: 1040 &rarr; <strong>1079<\/strong><br \/>(+39 for winning)\n|raw|whyismynamejeff's rating: 1094 &rarr; <strong>1066<\/strong><br \/>(-28 for losing)\n","uploadtime":1700941363,"views":12,"p1id":"yodlervomberg","p2id":"whyismynamejeff","formatid":"gen9vgc2023regulatione","rating":1066,"private":0,"password":""}