{"id":"gen9vgc2023regulatione-1992741862","p1":"Markladar","p2":"dbehgjgghend","format":"[Gen 9] VGC 2023 Regulation E","log":"|j|\u2606Markladar\n|j|\u2606dbehgjgghend\n|t:|1700231184\n|gametype|doubles\n|player|p1|Markladar|1|1000\n|player|p2|dbehgjgghend|ingo|1048\n|teamsize|p1|6\n|teamsize|p2|6\n|gen|9\n|tier|[Gen 9] VGC 2023 Regulation E\n|rated|\n|rule|Species Clause: Limit one of each Pok\u00e9mon\n|rule|Item Clause: Limit one of each item\n|clearpoke\n|poke|p1|Iron Thorns, L50|\n|poke|p1|Clefairy, L50, M|\n|poke|p1|Flutter Mane, L50|\n|poke|p1|Rillaboom, L50, M|\n|poke|p1|Landorus-Therian, L50, M|\n|poke|p1|Tornadus, L50, M|\n|poke|p2|Toedscool, L50, M|\n|poke|p2|Bellibolt, L50, M|\n|poke|p2|Rellor, L50, M|\n|poke|p2|Amoonguss, L50, F|\n|poke|p2|Skeledirge, L50, M|\n|poke|p2|Clodsire, L50, F|\n|teampreview|4\n|inactive|Battle timer is ON: inactive players will automatically lose when time's up. (requested by dbehgjgghend)\n|\n|t:|1700231204\n|start\n|switch|p1a: Tornadus|Tornadus, L50, M|100\/100\n|switch|p1b: Rillaboom|Rillaboom, L50, M|100\/100\n|switch|p2a: Rellor|Rellor, L50, M|100\/100\n|switch|p2b: Amoonguss|Amoonguss, L50, F|100\/100\n|-fieldstart|move: Grassy Terrain|[from] ability: Grassy Surge|[of] p1b: Rillaboom\n|turn|1\n|\n|t:|1700231228\n|-terastallize|p2a: Rellor|Fire\n|move|p1b: Rillaboom|Fake Out|p2a: Rellor\n|-damage|p2a: Rellor|74\/100\n|move|p1a: Tornadus|Taunt|p2b: Amoonguss\n|-start|p2b: Amoonguss|move: Taunt\n|cant|p2b: Amoonguss|move: Taunt|Spore\n|cant|p2a: Rellor|flinch\n|\n|-heal|p2a: Rellor|80\/100|[from] Grassy Terrain\n|upkeep\n|turn|2\n|\n|t:|1700231246\n|switch|p2b: Toedscool|Toedscool, L50, M|100\/100\n|-terastallize|p1b: Rillaboom|Water\n|move|p1a: Tornadus|Bleakwind Storm|p2b: Toedscool|[spread] p2a,p2b\n|-supereffective|p2b: Toedscool\n|-damage|p2a: Rellor|25\/100\n|-damage|p2b: Toedscool|52\/100\n|-unboost|p2b: Toedscool|spe|1\n|move|p1b: Rillaboom|Knock Off|p2b: Toedscool\n|-damage|p2b: Toedscool|13\/100\n|-enditem|p2b: Toedscool|Eviolite|[from] move: Knock Off|[of] p1b: Rillaboom\n|move|p2a: Rellor|Fling|p1b: Rillaboom\n|-damage|p1b: Rillaboom|94\/100\n|-status|p1b: Rillaboom|brn\n|-enditem|p2a: Rellor|Flame Orb|[from] move: Fling\n|\n|-heal|p1b: Rillaboom|99\/100 brn|[from] Grassy Terrain\n|-heal|p2b: Toedscool|19\/100|[from] Grassy Terrain\n|-heal|p2a: Rellor|31\/100|[from] Grassy Terrain\n|-damage|p1b: Rillaboom|94\/100 brn|[from] brn\n|upkeep\n|turn|3\n|inactive|Markladar has 30 seconds left.\n|\n|t:|1700231280\n|switch|p1b: Clefairy|Clefairy, L50, M|100\/100\n|move|p2b: Toedscool|Rage Powder|p2b: Toedscool\n|-singleturn|p2b: Toedscool|move: Rage Powder\n|move|p1a: Tornadus|Bleakwind Storm|p2a: Rellor|[spread] p2b\n|-miss|p1a: Tornadus|p2a: Rellor\n|-supereffective|p2b: Toedscool\n|-damage|p2b: Toedscool|0 fnt\n|faint|p2b: Toedscool\n|move|p2a: Rellor|Memento|p1a: Tornadus\n|-unboost|p1a: Tornadus|atk|2\n|-unboost|p1a: Tornadus|spa|2\n|faint|p2a: Rellor\n|\n|upkeep\n|\n|t:|1700231292\n|switch|p2b: Skeledirge|Skeledirge, L50, M|100\/100\n|switch|p2a: Amoonguss|Amoonguss, L50, F|100\/100\n|turn|4\n|\n|t:|1700231304\n|move|p1b: Clefairy|Protect|p1b: Clefairy\n|-singleturn|p1b: Clefairy|Protect\n|move|p1a: Tornadus|Taunt|p2a: Amoonguss\n|-start|p2a: Amoonguss|move: Taunt\n|move|p2b: Skeledirge|Torch Song|p1a: Tornadus\n|-damage|p1a: Tornadus|70\/100\n|-boost|p2b: Skeledirge|spa|1\n|cant|p2a: Amoonguss|move: Taunt|Spore\n|\n|upkeep\n|turn|5\n|\n|t:|1700231322\n|move|p1a: Tornadus|Tailwind|p1a: Tornadus\n|-sidestart|p1: Markladar|move: Tailwind\n|move|p1b: Clefairy|Heal Pulse|p1a: Tornadus\n|-heal|p1a: Tornadus|100\/100\n|move|p2b: Skeledirge|Torch Song|p1a: Tornadus\n|-damage|p1a: Tornadus|55\/100\n|-boost|p2b: Skeledirge|spa|1\n|move|p2a: Amoonguss|Pollen Puff|p1b: Clefairy\n|-resisted|p1b: Clefairy\n|-damage|p1b: Clefairy|92\/100\n|\n|-heal|p1b: Clefairy|98\/100|[from] Grassy Terrain\n|-fieldend|move: Grassy Terrain\n|upkeep\n|turn|6\n|inactive|Markladar has 30 seconds left.\n|\n|t:|1700231354\n|switch|p1a: Iron Thorns|Iron Thorns, L50|100\/100\n|move|p1b: Clefairy|Follow Me|p1b: Clefairy\n|-singleturn|p1b: Clefairy|move: Follow Me\n|move|p2b: Skeledirge|Torch Song|p1b: Clefairy\n|-damage|p1b: Clefairy|25\/100\n|-boost|p2b: Skeledirge|spa|1\n|move|p2a: Amoonguss|Pollen Puff|p1b: Clefairy\n|-resisted|p1b: Clefairy\n|-damage|p1b: Clefairy|16\/100\n|\n|-end|p2a: Amoonguss|move: Taunt\n|upkeep\n|turn|7\n|\n|t:|1700231377\n|move|p1b: Clefairy|Helping Hand|p1a: Iron Thorns\n|-singleturn|p1a: Iron Thorns|Helping Hand|[of] p1b: Clefairy\n|move|p2b: Skeledirge|Protect|p2b: Skeledirge\n|-singleturn|p2b: Skeledirge|Protect\n|move|p1a: Iron Thorns|Rock Blast|p2b: Skeledirge\n|-activate|p2b: Skeledirge|move: Protect\n|move|p2a: Amoonguss|Spore|p1a: Iron Thorns\n|-status|p1a: Iron Thorns|slp|[from] move: Spore\n|\n|upkeep\n|turn|8\n|\n|t:|1700231401\n|move|p1b: Clefairy|Protect|p1b: Clefairy\n|-singleturn|p1b: Clefairy|Protect\n|cant|p1a: Iron Thorns|slp\n|move|p2b: Skeledirge|Shadow Ball|p1a: Iron Thorns\n|-damage|p1a: Iron Thorns|17\/100 slp\n|move|p2a: Amoonguss|Spore|p1b: Clefairy\n|-activate|p1b: Clefairy|move: Protect\n|\n|-sideend|p1: Markladar|move: Tailwind\n|upkeep\n|turn|9\n|\n|t:|1700231417\n|cant|p1a: Iron Thorns|slp\n|move|p2b: Skeledirge|Torch Song|p1a: Iron Thorns\n|-resisted|p1a: Iron Thorns\n|-damage|p1a: Iron Thorns|0 fnt\n|-boost|p2b: Skeledirge|spa|1\n|faint|p1a: Iron Thorns\n|-end|p1a: Iron Thorns|Quark Drive|[silent]\n|move|p1b: Clefairy|Heal Pulse|p1: Iron Thorns|[notarget]\n|-fail|p1b: Clefairy\n|move|p2a: Amoonguss|Spore|p1b: Clefairy\n|-status|p1b: Clefairy|slp|[from] move: Spore\n|\n|upkeep\n|\n|t:|1700231430\n|switch|p1a: Rillaboom|Rillaboom, L50, M, tera:Water|94\/100 brn\n|-fieldstart|move: Grassy Terrain|[from] ability: Grassy Surge|[of] p1a: Rillaboom\n|turn|10\n|\n|t:|1700231442\n|cant|p1b: Clefairy|slp\n|move|p2a: Amoonguss|Rage Powder|p2a: Amoonguss\n|-singleturn|p2a: Amoonguss|move: Rage Powder\n|move|p1a: Rillaboom|Knock Off|p2a: Amoonguss\n|-damage|p2a: Amoonguss|88\/100\n|-enditem|p2a: Amoonguss|Sitrus Berry|[from] move: Knock Off|[of] p1a: Rillaboom\n|move|p2b: Skeledirge|Shadow Ball|p1a: Rillaboom\n|-damage|p1a: Rillaboom|28\/100 brn\n|\n|-heal|p1a: Rillaboom|34\/100 brn|[from] Grassy Terrain\n|-heal|p1b: Clefairy|22\/100 slp|[from] Grassy Terrain\n|-heal|p2a: Amoonguss|94\/100|[from] Grassy Terrain\n|-damage|p1a: Rillaboom|28\/100 brn|[from] brn\n|upkeep\n|turn|11\n|\n|t:|1700231458\n|-curestatus|p1b: Clefairy|slp|[msg]\n|move|p1b: Clefairy|Follow Me|p1b: Clefairy\n|-singleturn|p1b: Clefairy|move: Follow Me\n|move|p1a: Rillaboom|Knock Off|p2b: Skeledirge\n|-supereffective|p2b: Skeledirge\n|-crit|p2b: Skeledirge\n|-damage|p2b: Skeledirge|58\/100\n|-enditem|p2b: Skeledirge|Leftovers|[from] move: Knock Off|[of] p1a: Rillaboom\n|move|p2b: Skeledirge|Shadow Ball|p1b: Clefairy\n|-damage|p1b: Clefairy|0 fnt\n|faint|p1b: Clefairy\n|move|p2a: Amoonguss|Pollen Puff|p1a: Rillaboom\n|-damage|p1a: Rillaboom|14\/100 brn\n|\n|-heal|p1a: Rillaboom|20\/100 brn|[from] Grassy Terrain\n|-heal|p2b: Skeledirge|64\/100|[from] Grassy Terrain\n|-heal|p2a: Amoonguss|99\/100|[from] Grassy Terrain\n|-damage|p1a: Rillaboom|14\/100 brn|[from] brn\n|upkeep\n|\n|t:|1700231476\n|switch|p1b: Tornadus|Tornadus, L50, M|55\/100\n|turn|12\n|\n|t:|1700231484\n|move|p2b: Skeledirge|Protect|p2b: Skeledirge\n|-singleturn|p2b: Skeledirge|Protect\n|move|p1b: Tornadus|Bleakwind Storm|p2a: Amoonguss|[spread] \n|-activate|p2b: Skeledirge|move: Protect\n|-miss|p1b: Tornadus|p2a: Amoonguss\n|move|p1a: Rillaboom|Knock Off|p2b: Skeledirge\n|-activate|p2b: Skeledirge|move: Protect\n|move|p2a: Amoonguss|Spore|p1b: Tornadus\n|-status|p1b: Tornadus|slp|[from] move: Spore\n|\n|-heal|p1a: Rillaboom|20\/100 brn|[from] Grassy Terrain\n|-heal|p2b: Skeledirge|71\/100|[from] Grassy Terrain\n|-heal|p2a: Amoonguss|100\/100|[from] Grassy Terrain\n|-damage|p1a: Rillaboom|14\/100 brn|[from] brn\n|upkeep\n|turn|13\n|\n|t:|1700231505\n|move|p2a: Amoonguss|Rage Powder|p2a: Amoonguss\n|-singleturn|p2a: Amoonguss|move: Rage Powder\n|cant|p1b: Tornadus|slp\n|move|p1a: Rillaboom|Knock Off|p2a: Amoonguss\n|-damage|p2a: Amoonguss|92\/100\n|move|p2b: Skeledirge|Torch Song|p1a: Rillaboom\n|-resisted|p1a: Rillaboom\n|-damage|p1a: Rillaboom|0 fnt\n|-boost|p2b: Skeledirge|spa|1\n|faint|p1a: Rillaboom\n|\n|-heal|p2b: Skeledirge|77\/100|[from] Grassy Terrain\n|-heal|p2a: Amoonguss|98\/100|[from] Grassy Terrain\n|upkeep\n|turn|14\n|\n|t:|1700231518\n|-curestatus|p1b: Tornadus|slp|[msg]\n|move|p1b: Tornadus|Bleakwind Storm|p2a: Amoonguss|[spread] p2a,p2b\n|-supereffective|p2a: Amoonguss\n|-damage|p2a: Amoonguss|40\/100\n|-damage|p2b: Skeledirge|44\/100\n|move|p2b: Skeledirge|Torch Song|p1b: Tornadus\n|-damage|p1b: Tornadus|0 fnt\n|-boost|p2b: Skeledirge|spa|1\n|faint|p1b: Tornadus\n|\n|win|dbehgjgghend\n|raw|Markladar's rating: 1000 &rarr; <strong>1000<\/strong><br \/>(+0 for losing)\n|raw|dbehgjgghend's rating: 1048 &rarr; <strong>1076<\/strong><br \/>(+28 for winning)\n","uploadtime":1700231532,"views":24,"p1id":"markladar","p2id":"dbehgjgghend","formatid":"gen9vgc2023regulatione","rating":1000,"private":0,"password":""}