{"id":"gen9vgc2023regulatione-1989205885","p1":"Pard Mafia","p2":"PiaxVGC","format":"[Gen 9] VGC 2023 Regulation E","log":"|j|\u2606Pard Mafia\n|j|\u2606PiaxVGC\n|n|\u2606Pard Mafia|pardmafia\n|n|\u2606PiaxVGC|piaxvgc\n|html|View the match progress at <a href=\"\/game-bestof3-gen9vgc2023regulatione-1989196628\">game-bestof3-gen9vgc2023regulatione-1989196628<\/a>\n|t:|1699823302\n|gametype|doubles\n|player|p1|Pard Mafia|petrel|\n|player|p2|PiaxVGC|dawn|\n|teamsize|p1|6\n|teamsize|p2|6\n|gen|9\n|tier|[Gen 9] VGC 2023 Regulation E\n|rule|Species Clause: Limit one of each Pok\u00e9mon\n|rule|Item Clause: Limit one of each item\n|clearpoke\n|poke|p1|Heatran, L50, M|\n|poke|p1|Tornadus, L50, M|\n|poke|p1|Urshifu-*, L50, M|\n|poke|p1|Iron Hands, L50|\n|poke|p1|Flutter Mane, L50|\n|poke|p1|Landorus-Therian, L50, M|\n|poke|p2|Tornadus, L50, M|\n|poke|p2|Rillaboom, L50, F|\n|poke|p2|Urshifu-*, L50, F|\n|poke|p2|Ogerpon-Hearthflame, L50, F|\n|poke|p2|Landorus-Therian, L50, M|\n|poke|p2|Gholdengo, L50|\n|teampreview|4\n|j| Polpolpo\nPard Mafia has agreed to open team sheets.\nPiaxVGC has agreed to open team sheets.\n|showteam|p1|Heatran||LifeOrb|FlashFire|HeatWave,EarthPower,FlashCannon,Protect|||M|||50|,,,,,Grass]Tornadus||MentalHerb|Prankster|BleakwindStorm,Tailwind,SunnyDay,Protect|||M|||50|,,,,,Ghost]Urshifu||BlackGlasses|UnseenFist|WickedBlow,CloseCombat,SuckerPunch,Protect|||M|||50|,,,,,Poison]Iron Hands||AssaultVest|QuarkDrive|FakeOut,DrainPunch,WildCharge,HeavySlam||||||50|,,,,,Electric]Flutter Mane||ChoiceSpecs|Protosynthesis|Moonblast,DazzlingGleam,ShadowBall,Taunt||||||50|,,,,,Fairy]Landorus-Therian||ChoiceBand|Intimidate|Earthquake,Uturn,RockSlide,StompingTantrum|||M|||50|,,,,,Water\n|showteam|p2|Tornadus||RockyHelmet|Prankster|BleakwindStorm,RainDance,Tailwind,Taunt|||M|||50|,,,,,Ghost]Rillaboom||AssaultVest|GrassySurge|WoodHammer,GrassyGlide,Uturn,FakeOut|||F|||50|,,,,,Fire]Urshifu-Rapid-Strike||MysticWater|UnseenFist|SurgingStrikes,CloseCombat,AquaJet,Detect|||F|||50|,,,,,Water]Ogerpon-Hearthflame||HearthflameMask|MoldBreaker|IvyCudgel,GrassyGlide,SwordsDance,SpikyShield|||F|||50|,,,,,Fire]Landorus-Therian||ChoiceScarf|Intimidate|StompingTantrum,TeraBlast,RockSlide,Uturn|||M|||50|,,,,,Flying]Gholdengo||ChoiceSpecs|GoodasGold|MakeItRain,ShadowBall,Thunderbolt,Trick||||||50|,,,,,Steel\n|c|\u2606Pard Mafia|Glhf fra\n|c|\u2606PiaxVGC|glhf\n|\n|t:|1699823483\n|start\n|switch|p1a: Cosa Mia|Tornadus, L50, M|100\/100\n|switch|p1b: Insta Lova|Flutter Mane, L50, shiny|100\/100\n|switch|p2a: Tornadus|Tornadus, L50, M|100\/100\n|switch|p2b: Urshifu|Urshifu-Rapid-Strike, L50, F|100\/100\n|turn|1\n|\n|t:|1699823520\n|-terastallize|p2b: Urshifu|Water\n|move|p2a: Tornadus|Tailwind|p2a: Tornadus\n|-sidestart|p2: PiaxVGC|move: Tailwind\n|move|p1a: Cosa Mia|Sunny Day|p1a: Cosa Mia\n|-weather|SunnyDay\n|-activate|p1b: Insta Lova|ability: Protosynthesis\n|-start|p1b: Insta Lova|protosynthesisspa\n|move|p2b: Urshifu|Surging Strikes|p1b: Insta Lova\n|-crit|p1b: Insta Lova\n|-damage|p1b: Insta Lova|77\/100\n|-crit|p1b: Insta Lova\n|-damage|p1b: Insta Lova|54\/100\n|-crit|p1b: Insta Lova\n|-damage|p1b: Insta Lova|32\/100\n|-hitcount|p1b: Insta Lova|3\n|move|p1b: Insta Lova|Dazzling Gleam|p2b: Urshifu|[spread] p2a,p2b\n|-damage|p2a: Tornadus|31\/100\n|-damage|p2b: Urshifu|38\/100\n|\n|-weather|SunnyDay|[upkeep]\n|upkeep\n|turn|2\n|\n|t:|1699823557\n|move|p2a: Tornadus|Taunt|p1a: Cosa Mia\n|-start|p1a: Cosa Mia|move: Taunt\n|-enditem|p1a: Cosa Mia|Mental Herb\n|-end|p1a: Cosa Mia|move: Taunt\n|move|p2b: Urshifu|Surging Strikes|p1b: Insta Lova\n|-crit|p1b: Insta Lova\n|-damage|p1b: Insta Lova|7\/100\n|-crit|p1b: Insta Lova\n|-damage|p1b: Insta Lova|0 fnt\n|faint|p1b: Insta Lova\n|-end|p1b: Insta Lova|Protosynthesis|[silent]\n|-hitcount|p1: Insta Lova|2\n|move|p1a: Cosa Mia|Bleakwind Storm|p2a: Tornadus|[spread] p2a,p2b\n|-damage|p2a: Tornadus|0 fnt\n|-damage|p2b: Urshifu|8\/100\n|-unboost|p2b: Urshifu|spe|1\n|faint|p2a: Tornadus\n|\n|-weather|SunnyDay|[upkeep]\n|upkeep\n|\n|t:|1699823574\n|switch|p1b: Quasi Amici|Iron Hands, L50|100\/100\n|switch|p2a: Landorus|Landorus-Therian, L50, M|100\/100\n|-ability|p2a: Landorus|Intimidate|boost\n|-unboost|p1a: Cosa Mia|atk|1\n|-unboost|p1b: Quasi Amici|atk|1\n|turn|3\n|\n|t:|1699823616\n|switch|p2b: Rillaboom|Rillaboom, L50, F|100\/100\n|-fieldstart|move: Grassy Terrain|[from] ability: Grassy Surge|[of] p2b: Rillaboom\n|move|p1b: Quasi Amici|Fake Out|p2a: Landorus\n|-damage|p2a: Landorus|91\/100\n|cant|p2a: Landorus|flinch\n|move|p1a: Cosa Mia|Bleakwind Storm|p2b: Rillaboom|[spread] p2a,p2b\n|-supereffective|p2b: Rillaboom\n|-damage|p2a: Landorus|52\/100\n|-damage|p2b: Rillaboom|56\/100\n|-unboost|p2b: Rillaboom|spe|1\n|\n|-weather|SunnyDay|[upkeep]\n|-heal|p2b: Rillaboom|62\/100|[from] Grassy Terrain\n|upkeep\n|turn|4\n|\n|t:|1699823683\n|move|p2a: Landorus|Stomping Tantrum|p1b: Quasi Amici\n|-supereffective|p1b: Quasi Amici\n|-damage|p1b: Quasi Amici|0 fnt\n|faint|p1b: Quasi Amici\n|-end|p1b: Quasi Amici|Quark Drive|[silent]\n|move|p2b: Rillaboom|U-turn|p1a: Cosa Mia\n|-resisted|p1a: Cosa Mia\n|-damage|p1a: Cosa Mia|89\/100\n|\n|t:|1699823689\n|switch|p2b: Urshifu|Urshifu-Rapid-Strike, L50, F, tera:Water|8\/100|[from] U-turn\n|move|p1a: Cosa Mia|Bleakwind Storm|p2a: Landorus|[spread] p2b\n|-miss|p1a: Cosa Mia|p2a: Landorus\n|-damage|p2b: Urshifu|0 fnt\n|faint|p2b: Urshifu\n|\n|-weather|SunnyDay|[upkeep]\n|-sideend|p2: PiaxVGC|move: Tailwind\n|upkeep\n|\n|t:|1699823697\n|switch|p2b: Rillaboom|Rillaboom, L50, F|62\/100\n|switch|p1b: Tony|Urshifu, L50, M|100\/100\n|turn|5\n|j| PizzelVGC\n|\n|t:|1699823742\n|move|p1b: Tony|Protect|p1b: Tony\n|-singleturn|p1b: Tony|Protect\n|move|p2b: Rillaboom|Fake Out|p1b: Tony\n|-activate|p1b: Tony|move: Protect\n|move|p2a: Landorus|Stomping Tantrum|p1b: Tony\n|-activate|p1b: Tony|move: Protect\n|move|p1a: Cosa Mia|Bleakwind Storm|p2b: Rillaboom|[spread] p2a,p2b\n|-supereffective|p2b: Rillaboom\n|-damage|p2a: Landorus|14\/100\n|-damage|p2b: Rillaboom|15\/100\n|\n|-weather|none\n|-heal|p2b: Rillaboom|21\/100|[from] Grassy Terrain\n|upkeep\n|turn|6\n|l| PizzelVGC\n|\n|t:|1699823754\n|move|p1b: Tony|Sucker Punch|p2b: Rillaboom\n|-damage|p2b: Rillaboom|0 fnt\n|faint|p2b: Rillaboom\n|move|p2a: Landorus|Stomping Tantrum|p1b: Tony\n|-damage|p1b: Tony|58\/100\n|move|p1a: Cosa Mia|Bleakwind Storm|p2a: Landorus\n|-damage|p2a: Landorus|0 fnt\n|faint|p2a: Landorus\n|\n|win|Pard Mafia\n|c|\u2606PiaxVGC|ggs\n|c|\u2606Pard Mafia|Gg fra\n|j| PizzelVGC\n|l| PizzelVGC\n|l|\u2606Pard Mafia\n|l| Polpolpo\n|l|piaxvgc\n|j|\u2606Pard Mafia\n|player|p1|Pard Mafia|petrel\n","uploadtime":1699823773,"views":22,"p1id":"pardmafia","p2id":"piaxvgc","formatid":"gen9vgc2023regulatione","rating":0,"private":0,"password":""}