{"id":"gen9vgc2023regulatione-1988821586","p1":"sudoz","p2":"Choruto","format":"[Gen 9] VGC 2023 Regulation E","log":"|j|\u2606sudoz\n|j|\u2606Choruto\n|t:|1699768250\n|gametype|doubles\n|player|p1|sudoz|saturn|\n|player|p2|Choruto|fisherman|\n|teamsize|p1|6\n|teamsize|p2|6\n|gen|9\n|tier|[Gen 9] VGC 2023 Regulation E\n|rated|Tournament battle\n|rule|Species Clause: Limit one of each Pok\u00e9mon\n|rule|Item Clause: Limit one of each item\n|clearpoke\n|poke|p1|Landorus-Therian, L50, M|\n|poke|p1|Flutter Mane, L50|\n|poke|p1|Weezing, L50, F|\n|poke|p1|Roaring Moon, L50|\n|poke|p1|Ogerpon-Wellspring, L50, F|\n|poke|p1|Iron Hands, L50|\n|poke|p2|Farigiraf, L50, F|\n|poke|p2|Sylveon, L50, F|\n|poke|p2|Arcanine-Hisui, L50, M|\n|poke|p2|Urshifu-*, L50, M|\n|poke|p2|Rillaboom, L50, M|\n|poke|p2|Tornadus, L50, M|\n|teampreview|4\n|showteam|p1|Landorus-Therian||ChoiceScarf|Intimidate|Uturn,StompingTantrum,RockSlide,TeraBlast|||M|||50|,,,,,Flying]Flutter Mane||ChoiceSpecs|Protosynthesis|Moonblast,DazzlingGleam,ShadowBall,Thunderbolt||||||50|,,,,,Fairy]Weezing||SitrusBerry|NeutralizingGas|Protect,Taunt,WillOWisp,SludgeBomb|||F|||50|,,,,,Ghost]Roaring Moon||BoosterEnergy|Protosynthesis|Protect,Acrobatics,KnockOff,Tailwind||||||50|,,,,,Flying]Ogerpon-Wellspring||WellspringMask|WaterAbsorb|SpikyShield,SwordsDance,HornLeech,IvyCudgel|||F|||50|,,,,,Water]Iron Hands||AssaultVest|QuarkDrive|FakeOut,DrainPunch,WildCharge,HeavySlam||||||50|,,,,,Water\n|showteam|p2|Farigiraf||SitrusBerry|ArmorTail|Psychic,HyperVoice,TrickRoom,Imprison|||F|||50|,,,,,Fairy]Sylveon||ChoiceSpecs|Pixilate|HyperVoice,Moonblast,QuickAttack,HyperBeam|||F|||50|,,,,,Fairy]Arcanine-Hisui||ChoiceBand|Intimidate|FlareBlitz,RockSlide,TeraBlast,ExtremeSpeed|||M|||50|,,,,,Fairy]Urshifu-Rapid-Strike||ChoiceScarf|UnseenFist|SurgingStrikes,CloseCombat,AquaJet,Uturn|||M|||50|,,,,,Water]Rillaboom||AssaultVest|GrassySurge|WoodHammer,HighHorsepower,GrassyGlide,FakeOut|||M|||50|,,,,,Water]Tornadus||SkyPlate|Prankster|BleakwindStorm,Tailwind,Taunt,RainDance|||M|||50|,,,,,Flying\n|inactive|Battle timer is ON: inactive players will automatically lose when time's up. (requested by sudoz)\n|j|%Radio Free C-Side\n|j| fyfyy\n|l| fyfyy\n|c|\u2606sudoz|bro dont like protect\n|inactive|sudoz has 60 seconds left.\n|inactive|Choruto has 60 seconds left.\n|c|\u2606Choruto|Oh yeah\n|j| fyfyy\n|j| eeqwer\n|c|\u2606Choruto|I just realized I dont have a single protect\n|l| eeqwer\n|j| ale cog\n|j| KnighLt\n|c| fyfyy|oh lmao\n|inactive|Choruto has 30 seconds left.\n|\n|t:|1699768317\n|start\n|switch|p1a: Weezing|Weezing, L50, F|100\/100\n|switch|p1b: Iron Hands|Iron Hands, L50|100\/100\n|switch|p2a: Cherry|Farigiraf, L50, F|100\/100\n|switch|p2b: Halibut|Rillaboom, L50, M, shiny|100\/100\n|-ability|p1a: Weezing|Neutralizing Gas\n|turn|1\n|c| fyfyy|Even I have only one protect\n|\n|t:|1699768334\n|switch|p2a: Napoleon|Urshifu-Rapid-Strike, L50, M|100\/100\n|move|p1b: Iron Hands|Fake Out|p2a: Napoleon\n|-damage|p2a: Napoleon|85\/100\n|move|p2b: Halibut|High Horsepower|p1a: Weezing\n|-supereffective|p1a: Weezing\n|-damage|p1a: Weezing|45\/100\n|-enditem|p1a: Weezing|Sitrus Berry|[eat]\n|-heal|p1a: Weezing|70\/100|[from] item: Sitrus Berry\n|move|p1a: Weezing|Will-O-Wisp|p2b: Halibut\n|-status|p2b: Halibut|brn\n|\n|-damage|p2b: Halibut|95\/100 brn|[from] brn\n|upkeep\n|turn|2\n|c|\u2606Choruto|Oh danm\n|c|\u2606Choruto|No taunt\n|c|\u2606sudoz|nah\n|inactive|sudoz has 30 seconds left.\n|\n|t:|1699768365\n|switch|p2a: Cherry|Farigiraf, L50, F|100\/100\n|move|p1a: Weezing|Protect|p1a: Weezing\n|-singleturn|p1a: Weezing|Protect\n|move|p2b: Halibut|High Horsepower|p1a: Weezing\n|-activate|p1a: Weezing|move: Protect\n|move|p1b: Iron Hands|Wild Charge|p2a: Cherry\n|-damage|p2a: Cherry|62\/100\n|-damage|p1b: Iron Hands|92\/100|[from] Recoil\n|\n|-damage|p2b: Halibut|89\/100 brn|[from] brn\n|upkeep\n|turn|3\n|inactive|sudoz has 30 seconds left.\n|inactive|sudoz has 20 seconds left.\n|\n|t:|1699768404\n|-end|p1a: Weezing|ability: Neutralizing Gas\n|-fieldstart|move: Grassy Terrain|[from] ability: Grassy Surge|[of] p2b: Halibut\n|switch|p1a: Landorus|Landorus-Therian, L50, M|100\/100\n|-ability|p1a: Landorus|Intimidate|boost\n|-unboost|p2a: Cherry|atk|1\n|-unboost|p2b: Halibut|atk|1\n|move|p2b: Halibut|Wood Hammer|p1b: Iron Hands\n|-damage|p1b: Iron Hands|73\/100\n|-damage|p2b: Halibut|81\/100 brn|[from] Recoil\n|move|p2a: Cherry|Psychic|p1a: Landorus\n|-damage|p1a: Landorus|54\/100\n|move|p1b: Iron Hands|Drain Punch|p2b: Halibut\n|-damage|p2b: Halibut|39\/100 brn\n|-heal|p1b: Iron Hands|91\/100|[from] drain|[of] p2b: Halibut\n|\n|-heal|p2b: Halibut|45\/100 brn|[from] Grassy Terrain\n|-heal|p2a: Cherry|68\/100|[from] Grassy Terrain\n|-heal|p1b: Iron Hands|98\/100|[from] Grassy Terrain\n|-damage|p2b: Halibut|39\/100 brn|[from] brn\n|upkeep\n|turn|4\n|\n|t:|1699768420\n|move|p1a: Landorus|U-turn|p2b: Halibut\n|-supereffective|p2b: Halibut\n|-damage|p2b: Halibut|0 fnt\n|faint|p2b: Halibut\n|\n|t:|1699768431\n|switch|p1a: Ogerpon|Ogerpon-Wellspring, L50, F|100\/100|[from] U-turn\n|move|p1b: Iron Hands|Drain Punch|p2a: Cherry\n|-crit|p2a: Cherry\n|-damage|p2a: Cherry|14\/100\n|-heal|p1b: Iron Hands|100\/100|[from] drain|[of] p2a: Cherry\n|-enditem|p2a: Cherry|Sitrus Berry|[eat]\n|-heal|p2a: Cherry|39\/100|[from] item: Sitrus Berry\n|move|p2a: Cherry|Trick Room|p2a: Cherry\n|-fieldstart|move: Trick Room|[of] p2a: Cherry\n|\n|-heal|p2a: Cherry|45\/100|[from] Grassy Terrain\n|upkeep\n|\n|t:|1699768436\n|switch|p2b: Angel|Sylveon, L50, F, shiny|100\/100\n|turn|5\n|inactive|sudoz has 30 seconds left.\n|\n|t:|1699768468\n|-end|p1b: Iron Hands|Quark Drive|[silent]\n|switch|p1b: Weezing|Weezing, L50, F|70\/100\n|-ability|p1b: Weezing|Neutralizing Gas\n|-terastallize|p2b: Angel|Fairy\n|-terastallize|p1a: Ogerpon|Water\n|detailschange|p1a: Ogerpon|Ogerpon-Wellspring-Tera, L50, F, tera:Water\n|move|p2b: Angel|Hyper Voice|p1b: Weezing|[spread] p1a,p1b\n|-damage|p1a: Ogerpon|69\/100\n|-damage|p1b: Weezing|41\/100\n|move|p2a: Cherry|Psychic|p1b: Weezing\n|-supereffective|p1b: Weezing\n|-damage|p1b: Weezing|0 fnt\n|faint|p1b: Weezing\n|-end|p1b: Weezing|ability: Neutralizing Gas\n|-ability|p1a: Ogerpon|Embody Aspect (Wellspring)|boost\n|-boost|p1a: Ogerpon|spd|1\n|move|p1a: Ogerpon|Ivy Cudgel|p2a: Cherry\n|-damage|p2a: Cherry|0 fnt\n|faint|p2a: Cherry\n|\n|-heal|p1a: Ogerpon|75\/100|[from] Grassy Terrain\n|upkeep\n|\n|t:|1699768482\n|switch|p1b: Iron Hands|Iron Hands, L50|100\/100\n|switch|p2a: Napoleon|Urshifu-Rapid-Strike, L50, M|85\/100\n|turn|6\n|c|\u2606Choruto|Oh man\n|j| Juicy_Tanner2\n|\n|t:|1699768492\n|move|p1b: Iron Hands|Fake Out|p2b: Angel\n|-crit|p2b: Angel\n|-damage|p2b: Angel|75\/100\n|cant|p2b: Angel|flinch\n|move|p1a: Ogerpon|Ivy Cudgel|p2b: Angel\n|-damage|p2b: Angel|0 fnt\n|faint|p2b: Angel\n|move|p2a: Napoleon|Close Combat|p1a: Ogerpon\n|-damage|p1a: Ogerpon|0 fnt\n|-unboost|p2a: Napoleon|def|1\n|-unboost|p2a: Napoleon|spd|1\n|faint|p1a: Ogerpon\n|\n|-heal|p2a: Napoleon|91\/100|[from] Grassy Terrain\n|upkeep\n|c|\u2606Choruto|I completely forgot about pixilate disabling\n|\n|t:|1699768495\n|switch|p1a: Landorus|Landorus-Therian, L50, M|54\/100\n|-ability|p1a: Landorus|Intimidate|boost\n|-unboost|p2a: Napoleon|atk|1\n|turn|7\n|c|\u2606sudoz|gg\n|\n|t:|1699768502\n|move|p1b: Iron Hands|Wild Charge|p2a: Napoleon\n|-supereffective|p2a: Napoleon\n|-damage|p2a: Napoleon|0 fnt\n|faint|p2a: Napoleon\n|-damage|p1b: Iron Hands|83\/100|[from] Recoil\n|\n|win|sudoz\n|n|\u2606sudoz|sudoz\n|n|\u2606Choruto|choruto\n|n| Radio Free C-Side|radiofreecside\n|n| fyfyy|fyfyy\n|n| ale cog|alecog\n|n| KnighLt|knighlt\n|n| Juicy_Tanner2|juicytanner2\n|c|\u2606Choruto|gg\n|l| Radio Free C-Side\n|l|\u2606Choruto\n|l| KnighLt\n|j| DrogonVCG\n|l| Juicy_Tanner2\n|l| DrogonVCG\n","uploadtime":1699768503,"views":10,"p1id":"sudoz","p2id":"choruto","formatid":"gen9vgc2023regulatione","rating":0,"private":0,"password":""}