{"id":"gen9vgc2023regulatione-1992780253","p1":"Evasionx","p2":"whyismynamejeff","format":"[Gen 9] VGC 2023 Regulation E","log":"|j|\u2606Evasionx\n|j|\u2606whyismynamejeff\n|t:|1700234809\n|gametype|doubles\n|player|p1|Evasionx|266|1054\n|player|p2|whyismynamejeff|colress|1075\n|teamsize|p1|6\n|teamsize|p2|6\n|gen|9\n|tier|[Gen 9] VGC 2023 Regulation E\n|rated|\n|rule|Species Clause: Limit one of each Pok\u00e9mon\n|rule|Item Clause: Limit one of each item\n|clearpoke\n|poke|p1|Rillaboom, L50, M|\n|poke|p1|Volcarona, L50, M|\n|poke|p1|Corviknight, L50, M|\n|poke|p1|Raichu, L50, M|\n|poke|p1|Gyarados, L50, M|\n|poke|p1|Ogerpon-Wellspring, L50, F|\n|poke|p2|Empoleon, L50, F|\n|poke|p2|Ogerpon-Hearthflame, L50, F|\n|poke|p2|Flutter Mane, L50|\n|poke|p2|Iron Hands, L50|\n|poke|p2|Baxcalibur, L50, M|\n|poke|p2|Landorus-Therian, L50, M|\n|teampreview|4\n|\n|t:|1700234823\n|start\n|switch|p1a: Rillaboom|Rillaboom, L50, M|100\/100\n|switch|p1b: Volcarona|Volcarona, L50, M|100\/100\n|switch|p2a: Baxcalibur|Baxcalibur, L50, M|100\/100\n|switch|p2b: Iron Hands|Iron Hands, L50|100\/100\n|-fieldstart|move: Grassy Terrain|[from] ability: Grassy Surge|[of] p1a: Rillaboom\n|turn|1\n|\n|t:|1700234855\n|move|p1a: Rillaboom|Fake Out|p2b: Iron Hands\n|-damage|p2b: Iron Hands|91\/100\n|cant|p2b: Iron Hands|flinch\n|move|p2a: Baxcalibur|Icicle Spear|p1a: Rillaboom\n|-supereffective|p1a: Rillaboom\n|-damage|p1a: Rillaboom|70\/100\n|-supereffective|p1a: Rillaboom\n|-damage|p1a: Rillaboom|43\/100\n|-supereffective|p1a: Rillaboom\n|-damage|p1a: Rillaboom|12\/100\n|-supereffective|p1a: Rillaboom\n|-damage|p1a: Rillaboom|0 fnt\n|faint|p1a: Rillaboom\n|-hitcount|p1: Rillaboom|4\n|move|p1b: Volcarona|Quiver Dance|p1b: Volcarona\n|-boost|p1b: Volcarona|spa|1\n|-boost|p1b: Volcarona|spd|1\n|-boost|p1b: Volcarona|spe|1\n|\n|-heal|p2b: Iron Hands|97\/100|[from] Grassy Terrain\n|upkeep\n|\n|t:|1700234882\n|switch|p1a: Ogerpon|Ogerpon-Wellspring, L50, F|100\/100\n|turn|2\n|\n|t:|1700234914\n|-terastallize|p1b: Volcarona|Ground\n|move|p2a: Baxcalibur|Protect|p2a: Baxcalibur\n|-singleturn|p2a: Baxcalibur|Protect\n|move|p1a: Ogerpon|Follow Me|p1a: Ogerpon\n|-singleturn|p1a: Ogerpon|move: Follow Me\n|move|p1b: Volcarona|Tera Blast|p2a: Baxcalibur|[anim] Tera Blast Ground\n|-activate|p2a: Baxcalibur|move: Protect\n|move|p2b: Iron Hands|Wild Charge|p1a: Ogerpon\n|-damage|p1a: Ogerpon|44\/100\n|-damage|p2b: Iron Hands|87\/100|[from] Recoil\n|\n|-heal|p1a: Ogerpon|50\/100|[from] Grassy Terrain\n|-heal|p2b: Iron Hands|93\/100|[from] Grassy Terrain\n|upkeep\n|turn|3\n|\n|t:|1700234942\n|move|p1a: Ogerpon|Spiky Shield|p1a: Ogerpon\n|-singleturn|p1a: Ogerpon|move: Protect\n|move|p2a: Baxcalibur|Ice Shard|p1b: Volcarona\n|-supereffective|p1b: Volcarona\n|-damage|p1b: Volcarona|50\/100\n|move|p1b: Volcarona|Heat Wave|p2a: Baxcalibur|[spread] p2a,p2b\n|-damage|p2a: Baxcalibur|45\/100\n|-damage|p2b: Iron Hands|61\/100\n|-ability|p2a: Baxcalibur|Thermal Exchange|boost\n|-boost|p2a: Baxcalibur|atk|1\n|move|p2b: Iron Hands|Wild Charge|p1a: Ogerpon\n|-activate|p1a: Ogerpon|move: Protect\n|-damage|p2b: Iron Hands|49\/100|[from] Spiky Shield|[of] p1a: Ogerpon\n|\n|-heal|p1b: Volcarona|57\/100|[from] Grassy Terrain\n|-heal|p1b: Volcarona|63\/100|[from] item: Leftovers\n|-heal|p2a: Baxcalibur|50\/100|[from] Grassy Terrain\n|-heal|p1a: Ogerpon|56\/100|[from] Grassy Terrain\n|-heal|p2b: Iron Hands|55\/100|[from] Grassy Terrain\n|upkeep\n|turn|4\n|\n|t:|1700235009\n|move|p1a: Ogerpon|Follow Me|p1a: Ogerpon\n|-singleturn|p1a: Ogerpon|move: Follow Me\n|move|p2a: Baxcalibur|Ice Shard|p1a: Ogerpon\n|-damage|p1a: Ogerpon|25\/100\n|move|p1b: Volcarona|Tera Blast|p2a: Baxcalibur|[anim] Tera Blast Ground\n|-damage|p2a: Baxcalibur|0 fnt\n|faint|p2a: Baxcalibur\n|move|p2b: Iron Hands|Drain Punch|p1a: Ogerpon\n|-damage|p1a: Ogerpon|0 fnt\n|-heal|p2b: Iron Hands|64\/100|[from] drain|[of] p1a: Ogerpon\n|faint|p1a: Ogerpon\n|\n|-heal|p1b: Volcarona|69\/100|[from] Grassy Terrain\n|-heal|p1b: Volcarona|75\/100|[from] item: Leftovers\n|-heal|p2b: Iron Hands|70\/100|[from] Grassy Terrain\n|upkeep\n|\n|t:|1700235023\n|switch|p2a: Empoleon|Empoleon, L50, F|100\/100\n|switch|p1a: Corviknight|Corviknight, L50, M|100\/100\n|turn|5\n|\n|t:|1700235040\n|move|p1b: Volcarona|Protect|p1b: Volcarona\n|-singleturn|p1b: Volcarona|Protect\n|move|p1a: Corviknight|Body Press|p2a: Empoleon\n|-supereffective|p2a: Empoleon\n|-damage|p2a: Empoleon|53\/100\n|move|p2a: Empoleon|Hydro Pump|p1b: Volcarona\n|-activate|p1b: Volcarona|move: Protect\n|move|p2b: Iron Hands|Ice Punch|p1a: Corviknight\n|-damage|p1a: Corviknight|81\/100\n|\n|-heal|p1b: Volcarona|82\/100|[from] Grassy Terrain\n|-heal|p1b: Volcarona|88\/100|[from] item: Leftovers\n|-heal|p2a: Empoleon|59\/100|[from] Grassy Terrain\n|-heal|p2a: Empoleon|65\/100|[from] item: Leftovers\n|-heal|p2b: Iron Hands|76\/100|[from] Grassy Terrain\n|-fieldend|move: Grassy Terrain\n|upkeep\n|turn|6\n|\n|t:|1700235077\n|move|p2a: Empoleon|Protect|p2a: Empoleon\n|-singleturn|p2a: Empoleon|Protect\n|move|p1b: Volcarona|Tera Blast|p2a: Empoleon|[anim] Tera Blast Ground\n|-activate|p2a: Empoleon|move: Protect\n|move|p1a: Corviknight|Roost|p1a: Corviknight\n|-heal|p1a: Corviknight|100\/100\n|-singleturn|p1a: Corviknight|move: Roost\n|move|p2b: Iron Hands|Ice Punch|p1b: Volcarona\n|-supereffective|p1b: Volcarona\n|-damage|p1b: Volcarona|11\/100\n|-status|p2b: Iron Hands|brn|[from] ability: Flame Body|[of] p1b: Volcarona\n|\n|-heal|p1b: Volcarona|17\/100|[from] item: Leftovers\n|-heal|p2a: Empoleon|71\/100|[from] item: Leftovers\n|-damage|p2b: Iron Hands|70\/100 brn|[from] brn\n|upkeep\n|turn|7\n|\n|t:|1700235115\n|move|p1b: Volcarona|Protect|p1b: Volcarona\n|-singleturn|p1b: Volcarona|Protect\n|move|p1a: Corviknight|Taunt|p2a: Empoleon\n|-start|p2a: Empoleon|move: Taunt\n|move|p2a: Empoleon|Hydro Pump|p1a: Corviknight\n|-damage|p1a: Corviknight|65\/100\n|move|p2b: Iron Hands|Wild Charge|p1a: Corviknight\n|-supereffective|p1a: Corviknight\n|-damage|p1a: Corviknight|26\/100\n|-enditem|p1a: Corviknight|Sitrus Berry|[eat]\n|-heal|p1a: Corviknight|51\/100|[from] item: Sitrus Berry\n|-damage|p2b: Iron Hands|62\/100 brn|[from] Recoil\n|\n|-heal|p1b: Volcarona|23\/100|[from] item: Leftovers\n|-heal|p2a: Empoleon|76\/100|[from] item: Leftovers\n|-damage|p2b: Iron Hands|56\/100 brn|[from] brn\n|upkeep\n|turn|8\n|\n|t:|1700235170\n|move|p1b: Volcarona|Heat Wave|p2b: Iron Hands|[spread] p2a,p2b\n|-damage|p2a: Empoleon|40\/100\n|-damage|p2b: Iron Hands|24\/100 brn\n|move|p1a: Corviknight|Body Press|p2a: Empoleon\n|-supereffective|p2a: Empoleon\n|-damage|p2a: Empoleon|0 fnt\n|faint|p2a: Empoleon\n|move|p2b: Iron Hands|Ice Punch|p1b: Volcarona\n|-supereffective|p1b: Volcarona\n|-damage|p1b: Volcarona|0 fnt\n|faint|p1b: Volcarona\n|\n|-damage|p2b: Iron Hands|18\/100 brn|[from] brn\n|upkeep\n|\n|t:|1700235181\n|switch|p2a: Ogerpon|Ogerpon-Hearthflame, L50, F|100\/100\n|-ability|p2a: Ogerpon|Mold Breaker\n|turn|9\n|-message|Evasionx forfeited.\n|\n|win|whyismynamejeff\n|raw|Evasionx's rating: 1054 &rarr; <strong>1037<\/strong><br \/>(-17 for losing)\n|raw|whyismynamejeff's rating: 1075 &rarr; <strong>1102<\/strong><br \/>(+27 for winning)\n|l|\u2606Evasionx\n","uploadtime":1700235195,"views":23,"p1id":"evasionx","p2id":"whyismynamejeff","formatid":"gen9vgc2023regulatione","rating":1037,"private":0,"password":""}