{"id":"gen9vgc2023regulatione-1999118750","p1":"The Greech","p2":"TotalTM","format":"[Gen 9] VGC 2023 Regulation E","log":"|j|\u2606The Greech\n|j|\u2606TotalTM\n|t:|1701035139\n|gametype|doubles\n|player|p1|The Greech|infielder|1363\n|player|p2|TotalTM|101|1330\n|teamsize|p1|6\n|teamsize|p2|6\n|gen|9\n|tier|[Gen 9] VGC 2023 Regulation E\n|rated|\n|rule|Species Clause: Limit one of each Pok\u00e9mon\n|rule|Item Clause: Limit one of each item\n|clearpoke\n|poke|p1|Salamence, L50, M|\n|poke|p1|Kingambit, L50, M|\n|poke|p1|Urshifu-*, L50, F|\n|poke|p1|Tornadus, L50, M|\n|poke|p1|Ogerpon-Wellspring, L50, F|\n|poke|p1|Farigiraf, L50, F|\n|poke|p2|Flutter Mane, L50|\n|poke|p2|Iron Hands, L50|\n|poke|p2|Ogerpon-Wellspring, L50, F|\n|poke|p2|Sinistcha, L50|\n|poke|p2|Landorus-Therian, L50, M|\n|poke|p2|Chien-Pao, L50|\n|teampreview|4\nThe Greech has agreed to open team sheets.\n|inactive|Battle timer is ON: inactive players will automatically lose when time's up. (requested by TotalTM)\n|\n|t:|1701035192\n|start\n|switch|p1a: Kingambit|Kingambit, L50, M|100\/100\n|switch|p1b: Salamence|Salamence, L50, M|100\/100\n|switch|p2a: Iron Hands|Iron Hands, L50|100\/100\n|switch|p2b: Chien-Pao|Chien-Pao, L50|100\/100\n|-ability|p2b: Chien-Pao|Sword of Ruin\n|-ability|p1b: Salamence|Intimidate|boost\n|-unboost|p2a: Iron Hands|atk|1\n|-unboost|p2b: Chien-Pao|atk|1\n|turn|1\n|inactive|The Greech has 30 seconds left.\n|inactive|The Greech has 20 seconds left.\n|\n|t:|1701035231\n|switch|p1b: Urshifu|Urshifu-Rapid-Strike, L50, F|100\/100\n|-terastallize|p1a: Kingambit|Fairy\n|move|p2a: Iron Hands|Fake Out|p1b: Urshifu\n|-damage|p1b: Urshifu|88\/100\n|move|p2b: Chien-Pao|Sacred Sword|p1a: Kingambit\n|-resisted|p1a: Kingambit\n|-damage|p1a: Kingambit|89\/100\n|move|p1a: Kingambit|Tera Blast|p2a: Iron Hands|[anim] Tera Blast Fairy\n|-supereffective|p2a: Iron Hands\n|-damage|p2a: Iron Hands|23\/100\n|\n|upkeep\n|turn|2\n|inactive|TotalTM has 30 seconds left.\n|\n|t:|1701035262\n|move|p2b: Chien-Pao|Protect|p2b: Chien-Pao\n|-singleturn|p2b: Chien-Pao|Protect\n|move|p1b: Urshifu|Surging Strikes|p2a: Iron Hands\n|-crit|p2a: Iron Hands\n|-damage|p2a: Iron Hands|0 fnt\n|faint|p2a: Iron Hands\n|-end|p2a: Iron Hands|Quark Drive|[silent]\n|-hitcount|p2: Iron Hands|1\n|move|p1a: Kingambit|Iron Head|p2b: Chien-Pao\n|-activate|p2b: Chien-Pao|move: Protect\n|\n|upkeep\n|\n|t:|1701035272\n|switch|p2a: Ogerpon|Ogerpon-Wellspring, L50, F|100\/100\n|turn|3\n|inactive|The Greech has 30 seconds left.\n|inactive|TotalTM has 30 seconds left.\n|inactive|The Greech has 20 seconds left.\n|inactive|The Greech has 15 seconds left.\n|inactive|The Greech has 10 seconds left.\n|\n|t:|1701035321\n|switch|p1b: Salamence|Salamence, L50, M|100\/100\n|-ability|p1b: Salamence|Intimidate|boost\n|-unboost|p2a: Ogerpon|atk|1\n|-unboost|p2b: Chien-Pao|atk|1\n|-terastallize|p2b: Chien-Pao|Water\n|move|p2b: Chien-Pao|Ice Spinner|p1a: Kingambit\n|-damage|p1a: Kingambit|69\/100\n|move|p2a: Ogerpon|Horn Leech|p1b: Salamence\n|-resisted|p1b: Salamence\n|-damage|p1b: Salamence|89\/100\n|move|p1a: Kingambit|Iron Head|p2b: Chien-Pao\n|-resisted|p2b: Chien-Pao\n|-damage|p2b: Chien-Pao|68\/100\n|\n|upkeep\n|turn|4\n|inactive|The Greech has 30 seconds left.\n|\n|t:|1701035347\n|switch|p1b: Urshifu|Urshifu-Rapid-Strike, L50, F|88\/100\n|switch|p2a: Sinistcha|Sinistcha, L50|100\/100\n|-heal|p2b: Chien-Pao|93\/100|[from] ability: Hospitality|[of] p2a: Sinistcha\n|move|p2b: Chien-Pao|Protect|p2b: Chien-Pao\n|-singleturn|p2b: Chien-Pao|Protect\n|move|p1a: Kingambit|Kowtow Cleave|p2b: Chien-Pao\n|-activate|p2b: Chien-Pao|move: Protect\n|\n|upkeep\n|turn|5\n|inactive|TotalTM has 30 seconds left.\n|\n|t:|1701035372\n|switch|p2b: Ogerpon|Ogerpon-Wellspring, L50, F|100\/100\n|move|p1b: Urshifu|Detect|p1b: Urshifu\n|-singleturn|p1b: Urshifu|Protect\n|move|p2a: Sinistcha|Rage Powder|p2a: Sinistcha\n|-singleturn|p2a: Sinistcha|move: Rage Powder\n|move|p1a: Kingambit|Kowtow Cleave|p2a: Sinistcha\n|-supereffective|p2a: Sinistcha\n|-damage|p2a: Sinistcha|15\/100\n|-enditem|p2a: Sinistcha|Sitrus Berry|[eat]\n|-heal|p2a: Sinistcha|40\/100|[from] item: Sitrus Berry\n|\n|upkeep\n|turn|6\n|inactive|TotalTM has 30 seconds left.\n|\n|t:|1701035399\n|switch|p1b: Salamence|Salamence, L50, M|89\/100\n|-ability|p1b: Salamence|Intimidate|boost\n|-unboost|p2a: Sinistcha|atk|1\n|-unboost|p2b: Ogerpon|atk|1\n|move|p2b: Ogerpon|Ivy Cudgel|p1a: Kingambit|[anim] Ivy Cudgel Water\n|-crit|p1a: Kingambit\n|-damage|p1a: Kingambit|3\/100\n|move|p2a: Sinistcha|Strength Sap|p1a: Kingambit\n|-unboost|p1a: Kingambit|atk|1\n|-ability|p1a: Kingambit|Defiant|boost\n|-boost|p1a: Kingambit|atk|2\n|-heal|p2a: Sinistcha|100\/100\n|move|p1a: Kingambit|Kowtow Cleave|p2a: Sinistcha\n|-supereffective|p2a: Sinistcha\n|-damage|p2a: Sinistcha|0 fnt\n|faint|p2a: Sinistcha\n|\n|upkeep\n|\n|t:|1701035414\n|switch|p2a: Chien-Pao|Chien-Pao, L50, tera:Water|93\/100\n|-ability|p2a: Chien-Pao|Sword of Ruin\n|turn|7\n|inactive|TotalTM has 30 seconds left.\n|\n|t:|1701035443\n|move|p1a: Kingambit|Sucker Punch|p2b: Ogerpon\n|-damage|p2b: Ogerpon|28\/100\n|move|p2a: Chien-Pao|Ice Spinner|p1b: Salamence\n|-supereffective|p1b: Salamence\n|-damage|p1b: Salamence|0 fnt\n|faint|p1b: Salamence\n|move|p2b: Ogerpon|Ivy Cudgel|p1a: Kingambit|[anim] Ivy Cudgel Water\n|-damage|p1a: Kingambit|0 fnt\n|faint|p1a: Kingambit\n|\n|upkeep\n|\n|t:|1701035450\n|switch|p1b: Urshifu|Urshifu-Rapid-Strike, L50, F|88\/100\n|switch|p1a: Ogerpon|Ogerpon-Wellspring, L50, F|100\/100\n|turn|8\n|inactive|The Greech has 30 seconds left.\n|inactive|TotalTM has 30 seconds left.\n|j| TheOnlyLife\n|\n|t:|1701035484\n|move|p2a: Chien-Pao|Protect|p2a: Chien-Pao\n|-singleturn|p2a: Chien-Pao|Protect\n|move|p1a: Ogerpon|Follow Me|p1a: Ogerpon\n|-singleturn|p1a: Ogerpon|move: Follow Me\n|move|p1b: Urshifu|Close Combat|p2a: Chien-Pao\n|-damage|p2a: Chien-Pao|0 fnt\n|-unboost|p1b: Urshifu|def|1\n|-unboost|p1b: Urshifu|spd|1\n|faint|p2a: Chien-Pao\n|move|p2b: Ogerpon|Horn Leech|p1a: Ogerpon\n|-damage|p1a: Ogerpon|74\/100\n|-heal|p2b: Ogerpon|42\/100|[from] drain|[of] p1a: Ogerpon\n|\n|upkeep\n|turn|9\n|-message|TotalTM forfeited.\n|\n|win|The Greech\n|raw|The Greech's rating: 1363 &rarr; <strong>1381<\/strong><br \/>(+18 for winning)\n|raw|TotalTM's rating: 1330 &rarr; <strong>1312<\/strong><br \/>(-18 for losing)\n|l|\u2606TotalTM\n","uploadtime":1701035557,"views":5,"p1id":"thegreech","p2id":"totaltm","formatid":"gen9vgc2023regulatione","rating":1312,"private":0,"password":""}