{"id":"gen9vgc2023regulatione-1994464484","p1":"Aaron Mobile","p2":"Love Korra","format":"[Gen 9] VGC 2023 Regulation E","log":"|j|\u2606Aaron Mobile\n|j|\u2606Love Korra\n|t:|1700446957\n|gametype|doubles\n|player|p1|Aaron Mobile|aaron|1353\n|player|p2|Love Korra|skierf|1290\n|teamsize|p1|6\n|teamsize|p2|6\n|gen|9\n|tier|[Gen 9] VGC 2023 Regulation E\n|rated|\n|rule|Species Clause: Limit one of each Pok\u00e9mon\n|rule|Item Clause: Limit one of each item\n|clearpoke\n|poke|p1|Dachsbun, L50, M|\n|poke|p1|Iron Bundle, L50|\n|poke|p1|Rillaboom, L50, M|\n|poke|p1|Ninetales-Alola, L50, F|\n|poke|p1|Ogerpon-Hearthflame, L50, F|\n|poke|p1|Chi-Yu, L50|\n|poke|p2|Illumise, L50, F|\n|poke|p2|Wigglytuff, L50, F|\n|poke|p2|Gardevoir, L50, M|\n|poke|p2|Salamence, L50, M|\n|poke|p2|Dusclops, L50, F|\n|poke|p2|Hariyama, L50, F|\n|teampreview|4\n|inactive|Battle timer is ON: inactive players will automatically lose when time's up. (requested by Love Korra)\n|\n|t:|1700447053\n|start\n|switch|p1a: Rillaboom|Rillaboom, L50, M|100\/100\n|switch|p1b: Chi-Yu|Chi-Yu, L50|100\/100\n|switch|p2a: Hariyama|Hariyama, L50, F, shiny|100\/100\n|switch|p2b: Dusclops|Dusclops, L50, F|100\/100\n|-ability|p1b: Chi-Yu|Beads of Ruin\n|-fieldstart|move: Grassy Terrain|[from] ability: Grassy Surge|[of] p1a: Rillaboom\n|-ability|p2b: Dusclops|Pressure\n|turn|1\n|\n|t:|1700447072\n|switch|p1a: Dachsbun|Dachsbun, L50, M|100\/100\n|-terastallize|p1b: Chi-Yu|Ghost\n|move|p2a: Hariyama|Fake Out|p1a: Dachsbun\n|-damage|p1a: Dachsbun|89\/100\n|move|p1b: Chi-Yu|Lava Plume|p2a: Hariyama|[spread] p2a,p2b\n|-ability|p1a: Dachsbun|Well-Baked Body|boost\n|-boost|p1a: Dachsbun|def|2\n|-damage|p2a: Hariyama|53\/100\n|-damage|p2b: Dusclops|75\/100\n|-status|p2a: Hariyama|brn\n|move|p2b: Dusclops|Trick Room|p2b: Dusclops\n|-fieldstart|move: Trick Room|[of] p2b: Dusclops\n|\n|-heal|p2b: Dusclops|81\/100|[from] Grassy Terrain\n|-heal|p2a: Hariyama|59\/100 brn|[from] Grassy Terrain\n|-heal|p1a: Dachsbun|95\/100|[from] Grassy Terrain\n|-heal|p1a: Dachsbun|100\/100|[from] item: Leftovers\n|-damage|p2a: Hariyama|53\/100 brn|[from] brn\n|upkeep\n|turn|2\n|\n|t:|1700447092\n|move|p2a: Hariyama|Bullet Punch|p1b: Chi-Yu\n|-damage|p1b: Chi-Yu|68\/100\n|move|p2b: Dusclops|Night Shade|p1b: Chi-Yu\n|-damage|p1b: Chi-Yu|30\/100\n|move|p1a: Dachsbun|Substitute|p1a: Dachsbun\n|-start|p1a: Dachsbun|Substitute\n|-damage|p1a: Dachsbun|76\/100\n|move|p1b: Chi-Yu|Lava Plume|p2b: Dusclops|[spread] p2a,p2b\n|-ability|p1a: Dachsbun|Well-Baked Body|boost\n|-boost|p1a: Dachsbun|def|2\n|-damage|p2a: Hariyama|12\/100 brn\n|-damage|p2b: Dusclops|58\/100\n|\n|-heal|p2b: Dusclops|64\/100|[from] Grassy Terrain\n|-heal|p2a: Hariyama|18\/100 brn|[from] Grassy Terrain\n|-heal|p1a: Dachsbun|82\/100|[from] Grassy Terrain\n|-heal|p1a: Dachsbun|88\/100|[from] item: Leftovers\n|-heal|p1b: Chi-Yu|36\/100|[from] Grassy Terrain\n|-damage|p2a: Hariyama|12\/100 brn|[from] brn\n|upkeep\n|turn|3\n|inactive|Aaron Mobile has 30 seconds left.\n|\n|t:|1700447121\n|move|p2a: Hariyama|Bullet Punch|p1a: Dachsbun\n|-supereffective|p1a: Dachsbun\n|-activate|p1a: Dachsbun|move: Substitute|[damage]\n|move|p2b: Dusclops|Night Shade|p1b: Chi-Yu\n|-damage|p1b: Chi-Yu|0 fnt\n|faint|p1b: Chi-Yu\n|move|p1a: Dachsbun|Snarl|p2b: Dusclops|[spread] p2a,p2b\n|-resisted|p2a: Hariyama\n|-crit|p2a: Hariyama\n|-supereffective|p2b: Dusclops\n|-damage|p2a: Hariyama|9\/100 brn\n|-damage|p2b: Dusclops|59\/100\n|-unboost|p2a: Hariyama|spa|1\n|-unboost|p2b: Dusclops|spa|1\n|\n|-heal|p2b: Dusclops|65\/100|[from] Grassy Terrain\n|-heal|p2a: Hariyama|15\/100 brn|[from] Grassy Terrain\n|-heal|p1a: Dachsbun|94\/100|[from] Grassy Terrain\n|-heal|p1a: Dachsbun|100\/100|[from] item: Leftovers\n|-damage|p2a: Hariyama|9\/100 brn|[from] brn\n|upkeep\n|\n|t:|1700447144\n|switch|p1b: Ninetales|Ninetales-Alola, L50, F|100\/100\n|-weather|Snow|[from] ability: Snow Warning|[of] p1b: Ninetales\n|turn|4\n|\n|t:|1700447154\n|move|p1b: Ninetales|Protect|p1b: Ninetales\n|-singleturn|p1b: Ninetales|Protect\n|move|p2a: Hariyama|Bullet Punch|p1b: Ninetales\n|-activate|p1b: Ninetales|move: Protect\n|move|p2b: Dusclops|Night Shade|p1b: Ninetales\n|-activate|p1b: Ninetales|move: Protect\n|move|p1a: Dachsbun|Snarl|p2a: Hariyama|[spread] p2a,p2b\n|-resisted|p2a: Hariyama\n|-supereffective|p2b: Dusclops\n|-damage|p2a: Hariyama|6\/100 brn\n|-damage|p2b: Dusclops|58\/100\n|-unboost|p2a: Hariyama|spa|1\n|-unboost|p2b: Dusclops|spa|1\n|\n|-weather|Snow|[upkeep]\n|-heal|p2b: Dusclops|64\/100|[from] Grassy Terrain\n|-heal|p2a: Hariyama|12\/100 brn|[from] Grassy Terrain\n|-damage|p2a: Hariyama|6\/100 brn|[from] brn\n|upkeep\n|turn|5\n|inactive|Aaron Mobile has 30 seconds left.\n|\n|t:|1700447179\n|switch|p1b: Rillaboom|Rillaboom, L50, M|100\/100\n|move|p2b: Dusclops|Will-O-Wisp|p1b: Rillaboom\n|-status|p1b: Rillaboom|brn\n|move|p2a: Hariyama|Close Combat|p1b: Rillaboom\n|-damage|p1b: Rillaboom|0 fnt\n|-unboost|p2a: Hariyama|def|1\n|-unboost|p2a: Hariyama|spd|1\n|faint|p1b: Rillaboom\n|move|p1a: Dachsbun|Body Press|p2a: Hariyama\n|-damage|p2a: Hariyama|0 fnt\n|faint|p2a: Hariyama\n|\n|-weather|Snow|[upkeep]\n|-heal|p2b: Dusclops|71\/100|[from] Grassy Terrain\n|-fieldend|move: Trick Room\n|-fieldend|move: Grassy Terrain\n|upkeep\n|\n|t:|1700447196\n|switch|p1b: Ninetales|Ninetales-Alola, L50, F|100\/100\n|switch|p2a: Wigglytuff|Wigglytuff, L50, F|100\/100\n|turn|6\n|\n|t:|1700447209\n|-terastallize|p2a: Wigglytuff|Fairy\n|move|p1b: Ninetales|Moonblast|p2b: Dusclops\n|-damage|p2b: Dusclops|52\/100\n|move|p1a: Dachsbun|Body Press|p2a: Wigglytuff\n|-resisted|p2a: Wigglytuff\n|-damage|p2a: Wigglytuff|57\/100\n|move|p2a: Wigglytuff|Hyper Voice|p1b: Ninetales|[spread] p1a,p1b\n|-damage|p1a: Dachsbun|67\/100\n|-damage|p1b: Ninetales|69\/100\n|move|p2b: Dusclops|Trick Room|p2b: Dusclops\n|-fieldstart|move: Trick Room|[of] p2b: Dusclops\n|\n|-weather|Snow|[upkeep]\n|-heal|p1a: Dachsbun|74\/100|[from] item: Leftovers\n|upkeep\n|turn|7\n|\n|t:|1700447231\n|move|p2b: Dusclops|Night Shade|p1b: Ninetales\n|-damage|p1b: Ninetales|38\/100\n|move|p2a: Wigglytuff|Dazzling Gleam|p1b: Ninetales|[spread] p1a,p1b\n|-end|p1a: Dachsbun|Substitute\n|-damage|p1b: Ninetales|0 fnt\n|faint|p1b: Ninetales\n|move|p1a: Dachsbun|Snarl|p2a: Wigglytuff|[spread] p2a,p2b\n|-resisted|p2a: Wigglytuff\n|-supereffective|p2b: Dusclops\n|-damage|p2a: Wigglytuff|55\/100\n|-damage|p2b: Dusclops|47\/100\n|-unboost|p2a: Wigglytuff|spa|1\n|-ability|p2a: Wigglytuff|Competitive|boost\n|-boost|p2a: Wigglytuff|spa|2\n|-unboost|p2b: Dusclops|spa|1\n|\n|-weather|Snow|[upkeep]\n|-heal|p1a: Dachsbun|80\/100|[from] item: Leftovers\n|upkeep\n|turn|8\n|-message|Aaron Mobile forfeited.\n|\n|win|Love Korra\n|raw|Aaron Mobile's rating: 1353 &rarr; <strong>1329<\/strong><br \/>(-24 for losing)\n|raw|Love Korra's rating: 1290 &rarr; <strong>1319<\/strong><br \/>(+29 for winning)\n|l|\u2606Aaron Mobile\n","uploadtime":1700447251,"views":12,"p1id":"aaronmobile","p2id":"lovekorra","formatid":"gen9vgc2023regulatione","rating":1319,"private":0,"password":""}