{"id":"gen9vgc2023regulatione-2000044012","p1":"Golshi","p2":"UtesCartman","format":"[Gen 9] VGC 2023 Regulation E","log":"|j|\u2606Golshi\n|j|\u2606UtesCartman\n|t:|1701145290\n|gametype|doubles\n|player|p1|Golshi|lass|1368\n|player|p2|UtesCartman|170|1446\n|teamsize|p1|6\n|teamsize|p2|6\n|gen|9\n|tier|[Gen 9] VGC 2023 Regulation E\n|rated|\n|rule|Species Clause: Limit one of each Pok\u00e9mon\n|rule|Item Clause: Limit one of each item\n|clearpoke\n|poke|p1|Iron Hands, L50|\n|poke|p1|Landorus, L50, M|\n|poke|p1|Politoed, L50, M|\n|poke|p1|Chien-Pao, L50|\n|poke|p1|Tornadus, L50, M|\n|poke|p1|Tsareena, L50, F|\n|poke|p2|Weezing, L50, M|\n|poke|p2|Iron Hands, L50|\n|poke|p2|Flutter Mane, L50|\n|poke|p2|Landorus-Therian, L50, M|\n|poke|p2|Ogerpon-Wellspring, L50, F|\n|poke|p2|Roaring Moon, L50|\n|teampreview|4\n|inactive|Battle timer is ON: inactive players will automatically lose when time's up. (requested by Golshi)\n|inactive|Golshi has 60 seconds left.\n|inactive|UtesCartman has 60 seconds left.\n|\n|t:|1701145334\n|start\n|switch|p1a: Landorus|Landorus, L50, M|100\/100\n|switch|p1b: Politoed|Politoed, L50, M|100\/100\n|switch|p2a: Weezing|Weezing, L50, M, shiny|100\/100\n|switch|p2b: Roaring Moon|Roaring Moon, L50|100\/100\n|-ability|p2a: Weezing|Neutralizing Gas\n|-enditem|p2b: Roaring Moon|Booster Energy\n|-activate|p2b: Roaring Moon|ability: Protosynthesis|[fromitem]\n|-start|p2b: Roaring Moon|protosynthesisspe\n|turn|1\n|inactive|Golshi has 30 seconds left.\n|inactive|Golshi has 20 seconds left.\n|inactive|Golshi has 15 seconds left.\n|\n|t:|1701145377\n|move|p2b: Roaring Moon|Tailwind|p2b: Roaring Moon\n|-sidestart|p2: UtesCartman|move: Tailwind\n|move|p1a: Landorus|Sandsear Storm|p2a: Weezing|[spread] p2a,p2b\n|-supereffective|p2a: Weezing\n|-damage|p2a: Weezing|20\/100\n|-damage|p2b: Roaring Moon|70\/100\n|-enditem|p2a: Weezing|Sitrus Berry|[eat]\n|-heal|p2a: Weezing|45\/100|[from] item: Sitrus Berry\n|move|p2a: Weezing|Taunt|p1a: Landorus\n|-start|p1a: Landorus|move: Taunt\n|move|p1b: Politoed|Chilling Water|p2b: Roaring Moon\n|-resisted|p2b: Roaring Moon\n|-damage|p2b: Roaring Moon|62\/100\n|-unboost|p2b: Roaring Moon|atk|1\n|\n|upkeep\n|turn|2\n|inactive|UtesCartman has 30 seconds left.\n|inactive|UtesCartman has 20 seconds left.\n|inactive|UtesCartman has 15 seconds left.\n|\n|t:|1701145418\n|move|p2a: Weezing|Protect|p2a: Weezing\n|-singleturn|p2a: Weezing|Protect\n|move|p2b: Roaring Moon|Knock Off|p1a: Landorus\n|-damage|p1a: Landorus|63\/100\n|-enditem|p1a: Landorus|Choice Scarf|[from] move: Knock Off|[of] p2b: Roaring Moon\n|move|p1a: Landorus|Sandsear Storm|p2a: Weezing|[spread] p2b\n|-activate|p2a: Weezing|move: Protect\n|-damage|p2b: Roaring Moon|32\/100\n|move|p1b: Politoed|Icy Wind|p2b: Roaring Moon|[spread] p2b\n|-activate|p2a: Weezing|move: Protect\n|-supereffective|p2b: Roaring Moon\n|-damage|p2b: Roaring Moon|15\/100\n|-unboost|p2b: Roaring Moon|spe|1\n|\n|upkeep\n|turn|3\n|inactive|Golshi has 30 seconds left.\n|inactive|Golshi has 20 seconds left.\n|\n|t:|1701145455\n|switch|p1a: Iron Hands|Iron Hands, L50|100\/100\n|move|p2b: Roaring Moon|Knock Off|p1b: Politoed\n|-damage|p1b: Politoed|68\/100\n|-damage|p2b: Roaring Moon|0 fnt|[from] item: Rocky Helmet|[of] p1b: Politoed\n|faint|p2b: Roaring Moon\n|-end|p2b: Roaring Moon|Protosynthesis|[silent]\n|move|p2a: Weezing|Sludge Bomb|p1b: Politoed\n|-damage|p1b: Politoed|49\/100\n|-status|p1b: Politoed|psn\n|move|p1b: Politoed|Icy Wind|p2a: Weezing\n|-damage|p2a: Weezing|31\/100\n|-unboost|p2a: Weezing|spe|1\n|\n|-damage|p1b: Politoed|36\/100 psn|[from] psn\n|upkeep\n|\n|t:|1701145470\n|switch|p2b: Iron Hands|Iron Hands, L50|100\/100\n|turn|4\n|\n|t:|1701145492\n|switch|p1b: Landorus|Landorus, L50, M|63\/100\n|move|p2b: Iron Hands|Fake Out|p1a: Iron Hands\n|-crit|p1a: Iron Hands\n|-damage|p1a: Iron Hands|85\/100\n|move|p2a: Weezing|Will-O-Wisp|p1a: Iron Hands\n|-status|p1a: Iron Hands|brn\n|cant|p1a: Iron Hands|flinch\n|\n|-damage|p1a: Iron Hands|79\/100 brn|[from] brn\n|-sideend|p2: UtesCartman|move: Tailwind\n|upkeep\n|turn|5\n|inactive|Golshi has 30 seconds left.\n|\n|t:|1701145519\n|-terastallize|p2b: Iron Hands|Water\n|move|p2a: Weezing|Protect|p2a: Weezing\n|-singleturn|p2a: Weezing|Protect\n|move|p1b: Landorus|Sandsear Storm|p2b: Iron Hands|[spread] p2b\n|-activate|p2a: Weezing|move: Protect\n|-damage|p2b: Iron Hands|81\/100\n|move|p2b: Iron Hands|Heavy Slam|p1b: Landorus\n|-damage|p1b: Landorus|7\/100\n|move|p1a: Iron Hands|Earthquake|p2b: Iron Hands|[spread] p2b\n|-activate|p2a: Weezing|move: Protect\n|-immune|p1b: Landorus\n|-damage|p2b: Iron Hands|71\/100\n|\n|-damage|p1a: Iron Hands|73\/100 brn|[from] brn\n|upkeep\n|turn|6\n|inactive|UtesCartman has 30 seconds left.\n|\n|t:|1701145544\n|-end|p2a: Weezing|ability: Neutralizing Gas\n|switch|p2a: Ogerpon|Ogerpon-Wellspring, L50, F|100\/100\n|move|p1b: Landorus|Sandsear Storm|p2b: Iron Hands|[spread] p2a,p2b\n|-resisted|p2a: Ogerpon\n|-damage|p2a: Ogerpon|74\/100\n|-damage|p2b: Iron Hands|44\/100\n|move|p2b: Iron Hands|Drain Punch|p1b: Landorus\n|-resisted|p1b: Landorus\n|-damage|p1b: Landorus|0 fnt\n|-heal|p2b: Iron Hands|46\/100|[from] drain|[of] p1b: Landorus\n|faint|p1b: Landorus\n|move|p1a: Iron Hands|Thunder Punch|p2b: Iron Hands\n|-supereffective|p2b: Iron Hands\n|-damage|p2b: Iron Hands|14\/100\n|\n|-damage|p1a: Iron Hands|67\/100 brn|[from] brn\n|upkeep\n|\n|t:|1701145565\n|switch|p1b: Tornadus|Tornadus, L50, M|100\/100\n|turn|7\n|inactive|UtesCartman has 30 seconds left.\n|\n|t:|1701145595\n|-end|p2b: Iron Hands|Quark Drive|[silent]\n|switch|p2b: Weezing|Weezing, L50, M, shiny|31\/100\n|-ability|p2b: Weezing|Neutralizing Gas\n|-end|p1a: Iron Hands|Quark Drive|[silent]\n|switch|p1a: Politoed|Politoed, L50, M|36\/100 psn\n|move|p1b: Tornadus|Bleakwind Storm|p2b: Weezing|[spread] p2a,p2b\n|-supereffective|p2a: Ogerpon\n|-damage|p2a: Ogerpon|0 fnt\n|-damage|p2b: Weezing|0 fnt\n|faint|p2a: Ogerpon\n|faint|p2b: Weezing\n|-end|p2b: Weezing|ability: Neutralizing Gas\n|-weather|RainDance|[from] ability: Drizzle|[of] p1a: Politoed\n|-damage|p1b: Tornadus|91\/100|[from] item: Life Orb\n|\n|-weather|RainDance|[upkeep]\n|-damage|p1a: Politoed|24\/100 psn|[from] psn\n|upkeep\n|-message|UtesCartman forfeited.\n|\n|win|Golshi\n|raw|Golshi's rating: 1368 &rarr; <strong>1392<\/strong><br \/>(+24 for winning)\n|raw|UtesCartman's rating: 1446 &rarr; <strong>1422<\/strong><br \/>(-24 for losing)\n|l|\u2606UtesCartman\n","uploadtime":1701145619,"views":2,"p1id":"golshi","p2id":"utescartman","formatid":"gen9vgc2023regulatione","rating":1392,"private":0,"password":""}