{"id":"gen9vgc2023regulatione-1993216531","p1":"huffingkoffinggas","p2":"UFOrbeetles15","format":"[Gen 9] VGC 2023 Regulation E","log":"|j|\u2606huffingkoffinggas\n|j|\u2606UFOrbeetles15\n|t:|1700279323\n|gametype|doubles\n|player|p1|huffingkoffinggas|medium|1183\n|player|p2|UFOrbeetles15|169|1290\n|teamsize|p1|6\n|teamsize|p2|6\n|gen|9\n|tier|[Gen 9] VGC 2023 Regulation E\n|rated|\n|rule|Species Clause: Limit one of each Pok\u00e9mon\n|rule|Item Clause: Limit one of each item\n|clearpoke\n|poke|p1|Ursaluna-Bloodmoon, L50, M|\n|poke|p1|Iron Bundle, L50|\n|poke|p1|Ogerpon, L50, F|\n|poke|p1|Sableye, L50, F|\n|poke|p1|Landorus, L50, M|\n|poke|p1|Tyranitar, L50, M|\n|poke|p2|Thundurus-Therian, L50, M|\n|poke|p2|Pelipper, L50, F|\n|poke|p2|Gholdengo, L50|\n|poke|p2|Urshifu-*, L50, F|\n|poke|p2|Farigiraf, L50, M|\n|poke|p2|Iron Bundle, L50|\n|teampreview|4\n|inactive|Battle timer is ON: inactive players will automatically lose when time's up. (requested by huffingkoffinggas)\n|inactive|UFOrbeetles15 has 60 seconds left.\n|\n|t:|1700279355\n|start\n|switch|p1a: Iron Bundle|Iron Bundle, L50|100\/100\n|switch|p1b: Ursaluna|Ursaluna-Bloodmoon, L50, M|100\/100\n|switch|p2a: Farigiraf|Farigiraf, L50, M|100\/100\n|switch|p2b: Urshifu|Urshifu, L50, F|100\/100\n|-enditem|p1a: Iron Bundle|Booster Energy\n|-activate|p1a: Iron Bundle|ability: Quark Drive|[fromitem]\n|-start|p1a: Iron Bundle|quarkdrivespe\n|turn|1\n|\n|t:|1700279378\n|-terastallize|p1b: Ursaluna|Fairy\n|move|p2a: Farigiraf|Helping Hand|p2b: Urshifu\n|-singleturn|p2b: Urshifu|Helping Hand|[of] p2a: Farigiraf\n|move|p1a: Iron Bundle|Icy Wind|p2a: Farigiraf|[spread] p2a,p2b\n|-damage|p2a: Farigiraf|81\/100\n|-damage|p2b: Urshifu|67\/100\n|-unboost|p2a: Farigiraf|spe|1\n|-unboost|p2b: Urshifu|spe|1\n|move|p2b: Urshifu|Close Combat|p1b: Ursaluna\n|-resisted|p1b: Ursaluna\n|-damage|p1b: Ursaluna|66\/100\n|-unboost|p2b: Urshifu|def|1\n|-unboost|p2b: Urshifu|spd|1\n|move|p1b: Ursaluna|Moonblast|p2b: Urshifu\n|-supereffective|p2b: Urshifu\n|-damage|p2b: Urshifu|0 fnt\n|faint|p2b: Urshifu\n|\n|upkeep\n|\n|t:|1700279402\n|switch|p2b: Thundurus|Thundurus-Therian, L50, M|100\/100\n|turn|2\n|\n|t:|1700279419\n|switch|p2a: Pelipper|Pelipper, L50, F|100\/100\n|-weather|RainDance|[from] ability: Drizzle|[of] p2a: Pelipper\n|-terastallize|p2b: Thundurus|Ice\n|move|p1a: Iron Bundle|Freeze-Dry|p2b: Thundurus\n|-resisted|p2b: Thundurus\n|-damage|p2b: Thundurus|86\/100\n|move|p2b: Thundurus|Flash Cannon|p1b: Ursaluna\n|-supereffective|p1b: Ursaluna\n|-damage|p1b: Ursaluna|3\/100\n|move|p1b: Ursaluna|Hyper Voice|p2a: Pelipper|[spread] p2a,p2b\n|-damage|p2a: Pelipper|57\/100\n|-damage|p2b: Thundurus|49\/100\n|-enditem|p1b: Ursaluna|Throat Spray\n|-boost|p1b: Ursaluna|spa|1|[from] item: Throat Spray\n|\n|-weather|RainDance|[upkeep]\n|upkeep\n|turn|3\n|inactive|huffingkoffinggas has 30 seconds left.\n|\n|t:|1700279445\n|switch|p1b: Tyranitar|Tyranitar, L50, M|100\/100\n|-weather|Sandstorm|[from] ability: Sand Stream|[of] p1b: Tyranitar\n|move|p1a: Iron Bundle|Icy Wind|p2a: Pelipper|[spread] p2a,p2b\n|-resisted|p2b: Thundurus\n|-damage|p2a: Pelipper|35\/100\n|-damage|p2b: Thundurus|39\/100\n|-unboost|p2a: Pelipper|spe|1\n|-unboost|p2b: Thundurus|spe|1\n|move|p2b: Thundurus|Wildbolt Storm|p1a: Iron Bundle|[spread] p1a,p1b\n|-supereffective|p1a: Iron Bundle\n|-damage|p1a: Iron Bundle|0 fnt\n|-damage|p1b: Tyranitar|83\/100\n|faint|p1a: Iron Bundle\n|-end|p1a: Iron Bundle|Quark Drive|[silent]\n|move|p2a: Pelipper|Tailwind|p2a: Pelipper\n|-sidestart|p2: UFOrbeetles15|move: Tailwind\n|\n|-weather|Sandstorm|[upkeep]\n|-damage|p2b: Thundurus|33\/100|[from] Sandstorm\n|-damage|p2a: Pelipper|29\/100|[from] Sandstorm\n|upkeep\n|\n|t:|1700279464\n|switch|p1a: Landorus|Landorus, L50, M|100\/100\n|turn|4\n|\n|t:|1700279474\n|move|p2a: Pelipper|Wide Guard|p2a: Pelipper\n|-singleturn|p2a: Pelipper|Wide Guard\n|move|p2b: Thundurus|Tera Blast|p1a: Landorus|[anim] Tera Blast Ice\n|-supereffective|p1a: Landorus\n|-damage|p1a: Landorus|0 fnt\n|faint|p1a: Landorus\n|move|p1b: Tyranitar|Rock Slide|p2b: Thundurus|[spread] \n|-activate|p2a: Pelipper|move: Wide Guard\n|-activate|p2b: Thundurus|move: Wide Guard\n|\n|-weather|Sandstorm|[upkeep]\n|-damage|p2b: Thundurus|27\/100|[from] Sandstorm\n|-damage|p2a: Pelipper|23\/100|[from] Sandstorm\n|upkeep\n|\n|t:|1700279481\n|switch|p1a: Ursaluna|Ursaluna-Bloodmoon, L50, M, tera:Fairy|3\/100\n|turn|5\n|\n|t:|1700279494\n|move|p2b: Thundurus|Flash Cannon|p1b: Tyranitar\n|-supereffective|p1b: Tyranitar\n|-damage|p1b: Tyranitar|59\/100\n|move|p2a: Pelipper|Tera Blast|p1a: Ursaluna\n|-damage|p1a: Ursaluna|0 fnt\n|faint|p1a: Ursaluna\n|move|p1b: Tyranitar|Knock Off|p2a: Pelipper\n|-damage|p2a: Pelipper|0 fnt\n|-enditem|p2a: Pelipper|Damp Rock|[from] move: Knock Off|[of] p1b: Tyranitar\n|faint|p2a: Pelipper\n|\n|-weather|Sandstorm|[upkeep]\n|-damage|p2b: Thundurus|21\/100|[from] Sandstorm\n|upkeep\n|\n|t:|1700279499\n|switch|p2a: Farigiraf|Farigiraf, L50, M|81\/100\n|turn|6\n|\n|t:|1700279510\n|move|p2a: Farigiraf|Helping Hand|p2b: Thundurus\n|-singleturn|p2b: Thundurus|Helping Hand|[of] p2a: Farigiraf\n|move|p2b: Thundurus|Flash Cannon|p1b: Tyranitar\n|-supereffective|p1b: Tyranitar\n|-damage|p1b: Tyranitar|27\/100\n|-unboost|p1b: Tyranitar|spd|1\n|move|p1b: Tyranitar|Knock Off|p2b: Thundurus\n|-damage|p2b: Thundurus|0 fnt\n|-enditem|p2b: Thundurus|Assault Vest|[from] move: Knock Off|[of] p1b: Tyranitar\n|faint|p2b: Thundurus\n|\n|-weather|Sandstorm|[upkeep]\n|-damage|p2a: Farigiraf|75\/100|[from] Sandstorm\n|-sideend|p2: UFOrbeetles15|move: Tailwind\n|upkeep\n|turn|7\n|\n|t:|1700279519\n|move|p2a: Farigiraf|Dazzling Gleam|p1b: Tyranitar\n|-supereffective|p1b: Tyranitar\n|-damage|p1b: Tyranitar|4\/100\n|move|p1b: Tyranitar|Knock Off|p2a: Farigiraf\n|-supereffective|p2a: Farigiraf\n|-damage|p2a: Farigiraf|0 fnt\n|-damage|p1b: Tyranitar|0 fnt|[from] item: Rocky Helmet|[of] p2a: Farigiraf\n|faint|p2a: Farigiraf\n|faint|p1b: Tyranitar\n|\n|win|huffingkoffinggas\n|raw|huffingkoffinggas's rating: 1183 &rarr; <strong>1215<\/strong><br \/>(+32 for winning)\n|raw|UFOrbeetles15's rating: 1290 &rarr; <strong>1258<\/strong><br \/>(-32 for losing)\n","uploadtime":1700279532,"views":20,"p1id":"huffingkoffinggas","p2id":"uforbeetles15","formatid":"gen9vgc2023regulatione","rating":1215,"private":0,"password":""}