{"id":"gen9vgc2023regulatione-1994143461","p1":"ZephyToons","p2":"Kzjrzkz","format":"[Gen 9] VGC 2023 Regulation E","log":"|j|\u2606ZephyToons\n|j|\u2606Kzjrzkz\n|t:|1700411970\n|gametype|doubles\n|player|p1|ZephyToons|n|1102\n|player|p2|Kzjrzkz|lance|1074\n|teamsize|p1|6\n|teamsize|p2|6\n|gen|9\n|tier|[Gen 9] VGC 2023 Regulation E\n|rated|\n|rule|Species Clause: Limit one of each Pok\u00e9mon\n|rule|Item Clause: Limit one of each item\n|clearpoke\n|poke|p1|Landorus-Therian, L50, M|\n|poke|p1|Sinistcha, L50|\n|poke|p1|Iron Hands, L50|\n|poke|p1|Fezandipiti, L50, M|\n|poke|p1|Tornadus, L50, M|\n|poke|p1|Chien-Pao, L50|\n|poke|p2|Flutter Mane, L50|\n|poke|p2|Tornadus, L50, M|\n|poke|p2|Rillaboom, L50, M|\n|poke|p2|Garganacl, L50, M|\n|poke|p2|Arcanine-Hisui, L50, M|\n|poke|p2|Chien-Pao, L50|\n|teampreview|4\n|\n|t:|1700411985\n|start\n|switch|p1a: Landorus|Landorus-Therian, L50, M|100\/100\n|switch|p1b: Fezandipiti|Fezandipiti, L50, M|100\/100\n|switch|p2a: Garganacl|Garganacl, L50, M|100\/100\n|switch|p2b: Tornadus|Tornadus, L50, M|100\/100\n|-ability|p1a: Landorus|Intimidate|boost\n|-unboost|p2a: Garganacl|atk|1\n|-unboost|p2b: Tornadus|atk|1\n|turn|1\n|\n|t:|1700412009\n|-terastallize|p2a: Garganacl|Ghost\n|move|p2b: Tornadus|Tailwind|p2b: Tornadus\n|-sidestart|p2: Kzjrzkz|move: Tailwind\n|move|p1a: Landorus|Stone Edge|p2b: Tornadus\n|-supereffective|p2b: Tornadus\n|-damage|p2b: Tornadus|0 fnt\n|faint|p2b: Tornadus\n|move|p1b: Fezandipiti|Tailwind|p1b: Fezandipiti\n|-sidestart|p1: ZephyToons|move: Tailwind\n|move|p2a: Garganacl|Salt Cure|p1b: Fezandipiti\n|-damage|p1b: Fezandipiti|91\/100\n|-start|p1b: Fezandipiti|Salt Cure\n|\n|-heal|p1b: Fezandipiti|97\/100|[from] item: Black Sludge\n|-damage|p1b: Fezandipiti|85\/100|[from] Salt Cure\n|upkeep\n|\n|t:|1700412024\n|switch|p2b: Flutter Mane|Flutter Mane, L50|100\/100\n|-enditem|p2b: Flutter Mane|Booster Energy\n|-activate|p2b: Flutter Mane|ability: Protosynthesis|[fromitem]\n|-start|p2b: Flutter Mane|protosynthesisspe\n|turn|2\n|\n|t:|1700412043\n|switch|p1a: Chien-Pao|Chien-Pao, L50|100\/100\n|-ability|p1a: Chien-Pao|Sword of Ruin\n|move|p2b: Flutter Mane|Protect|p2b: Flutter Mane\n|-singleturn|p2b: Flutter Mane|Protect\n|move|p1b: Fezandipiti|Icy Wind|p2a: Garganacl|[spread] p2a\n|-activate|p2b: Flutter Mane|move: Protect\n|-damage|p2a: Garganacl|96\/100\n|-unboost|p2a: Garganacl|spe|1\n|move|p2a: Garganacl|Iron Defense|p2a: Garganacl\n|-boost|p2a: Garganacl|def|2\n|\n|-heal|p1b: Fezandipiti|91\/100|[from] item: Black Sludge\n|-damage|p1b: Fezandipiti|79\/100|[from] Salt Cure\n|upkeep\n|turn|3\n|\n|t:|1700412072\n|switch|p1b: Landorus|Landorus-Therian, L50, M|100\/100\n|-ability|p1b: Landorus|Intimidate|boost\n|-unboost|p2a: Garganacl|atk|1\n|-unboost|p2b: Flutter Mane|atk|1\n|move|p2b: Flutter Mane|Substitute|p2b: Flutter Mane\n|-start|p2b: Flutter Mane|Substitute\n|-damage|p2b: Flutter Mane|76\/100\n|move|p1a: Chien-Pao|Crunch|p2b: Flutter Mane\n|-end|p2b: Flutter Mane|Substitute\n|move|p2a: Garganacl|Salt Cure|p1a: Chien-Pao\n|-supereffective|p1a: Chien-Pao\n|-damage|p1a: Chien-Pao|80\/100\n|-start|p1a: Chien-Pao|Salt Cure\n|\n|-damage|p1a: Chien-Pao|68\/100|[from] Salt Cure\n|upkeep\n|turn|4\n|\n|t:|1700412104\n|move|p2b: Flutter Mane|Substitute|p2b: Flutter Mane\n|-start|p2b: Flutter Mane|Substitute\n|-damage|p2b: Flutter Mane|51\/100\n|move|p1b: Landorus|Earthquake|p2a: Garganacl|[spread] p1a,p2a,p2b\n|-end|p2b: Flutter Mane|Substitute\n|-damage|p1a: Chien-Pao|13\/100\n|-damage|p2a: Garganacl|77\/100\n|move|p1a: Chien-Pao|Crunch|p2a: Garganacl\n|-supereffective|p2a: Garganacl\n|-damage|p2a: Garganacl|41\/100\n|-enditem|p2a: Garganacl|Sitrus Berry|[eat]\n|-heal|p2a: Garganacl|66\/100|[from] item: Sitrus Berry\n|move|p2a: Garganacl|Iron Defense|p2a: Garganacl\n|-boost|p2a: Garganacl|def|2\n|\n|-damage|p1a: Chien-Pao|1\/100|[from] Salt Cure\n|-sideend|p2: Kzjrzkz|move: Tailwind\n|-sideend|p1: ZephyToons|move: Tailwind\n|upkeep\n|turn|5\n|\n|t:|1700412130\n|move|p2b: Flutter Mane|Protect|p2b: Flutter Mane\n|-singleturn|p2b: Flutter Mane|Protect\n|move|p1a: Chien-Pao|Ice Shard|p2b: Flutter Mane\n|-activate|p2b: Flutter Mane|move: Protect\n|move|p1b: Landorus|Earthquake|p2a: Garganacl|[spread] p1a,p2a\n|-activate|p2b: Flutter Mane|move: Protect\n|-damage|p1a: Chien-Pao|0 fnt\n|-damage|p2a: Garganacl|52\/100\n|faint|p1a: Chien-Pao\n|move|p2a: Garganacl|Recover|p2a: Garganacl\n|-heal|p2a: Garganacl|100\/100\n|\n|upkeep\n|\n|t:|1700412139\n|switch|p1a: Fezandipiti|Fezandipiti, L50, M|79\/100\n|turn|6\n|\n|t:|1700412151\n|switch|p1b: Iron Hands|Iron Hands, L50|100\/100\n|move|p2b: Flutter Mane|Shadow Ball|p1a: Fezandipiti\n|-damage|p1a: Fezandipiti|46\/100\n|move|p1a: Fezandipiti|Tailwind|p1a: Fezandipiti\n|-sidestart|p1: ZephyToons|move: Tailwind\n|move|p2a: Garganacl|Salt Cure|p1a: Fezandipiti\n|-damage|p1a: Fezandipiti|39\/100\n|-start|p1a: Fezandipiti|Salt Cure\n|\n|-heal|p1a: Fezandipiti|46\/100|[from] item: Black Sludge\n|-damage|p1a: Fezandipiti|33\/100|[from] Salt Cure\n|upkeep\n|turn|7\n|\n|t:|1700412176\n|switch|p1a: Landorus|Landorus-Therian, L50, M|100\/100\n|-ability|p1a: Landorus|Intimidate|boost\n|-unboost|p2a: Garganacl|atk|1\n|-unboost|p2b: Flutter Mane|atk|1\n|move|p2b: Flutter Mane|Protect|p2b: Flutter Mane\n|-singleturn|p2b: Flutter Mane|Protect\n|move|p1b: Iron Hands|Thunder Punch|p2a: Garganacl\n|-damage|p2a: Garganacl|91\/100\n|move|p2a: Garganacl|Iron Defense|p2a: Garganacl\n|-boost|p2a: Garganacl|def|2\n|\n|upkeep\n|turn|8\n|\n|t:|1700412229\n|-terastallize|p1a: Landorus|Flying\n|move|p1a: Landorus|Tera Blast|p2b: Flutter Mane|[anim] Tera Blast Flying\n|-damage|p2b: Flutter Mane|0 fnt\n|faint|p2b: Flutter Mane\n|-end|p2b: Flutter Mane|Protosynthesis|[silent]\n|move|p1b: Iron Hands|Thunder Punch|p2a: Garganacl\n|-damage|p2a: Garganacl|84\/100\n|move|p2a: Garganacl|Salt Cure|p1a: Landorus\n|-supereffective|p1a: Landorus\n|-damage|p1a: Landorus|86\/100\n|-start|p1a: Landorus|Salt Cure\n|\n|-damage|p1a: Landorus|74\/100|[from] Salt Cure\n|upkeep\n|\n|t:|1700412235\n|switch|p2b: Arcanine|Arcanine-Hisui, L50, M|100\/100\n|-ability|p2b: Arcanine|Intimidate|boost\n|-unboost|p1a: Landorus|atk|1\n|-unboost|p1b: Iron Hands|atk|1\n|turn|9\n|\n|t:|1700412261\n|-end|p1b: Iron Hands|Quark Drive|[silent]\n|switch|p1b: Fezandipiti|Fezandipiti, L50, M|33\/100\n|move|p1a: Landorus|Tera Blast|p2a: Garganacl|[anim] Tera Blast Flying\n|-damage|p2a: Garganacl|76\/100\n|move|p2b: Arcanine|Rock Slide|p1b: Fezandipiti|[spread] p1a,p1b\n|-supereffective|p1a: Landorus\n|-damage|p1a: Landorus|0 fnt\n|-damage|p1b: Fezandipiti|0 fnt\n|faint|p1a: Landorus\n|faint|p1b: Fezandipiti\n|move|p2a: Garganacl|Salt Cure|p1: Landorus|[notarget]\n|-fail|p2a: Garganacl\n|\n|-sideend|p1: ZephyToons|move: Tailwind\n|upkeep\n|-message|ZephyToons forfeited.\n|\n|win|Kzjrzkz\n|raw|ZephyToons's rating: 1102 &rarr; <strong>1075<\/strong><br \/>(-27 for losing)\n|raw|Kzjrzkz's rating: 1074 &rarr; <strong>1105<\/strong><br \/>(+31 for winning)\n|l|\u2606ZephyToons\n","uploadtime":1700412274,"views":5,"p1id":"zephytoons","p2id":"kzjrzkz","formatid":"gen9vgc2023regulatione","rating":1075,"private":0,"password":""}