{"id":"gen9vgc2023regulatione-1990935863","p1":"AshValentineWR","p2":"PokeJoHandy","format":"[Gen 9] VGC 2023 Regulation E","log":"|j|\u2606AshValentineWR\n|j|\u2606PokeJoHandy\n|t:|1700017038\n|gametype|doubles\n|player|p1|AshValentineWR|cynthia-gen4|1207\n|player|p2|PokeJoHandy|2|1209\n|teamsize|p1|6\n|teamsize|p2|6\n|gen|9\n|tier|[Gen 9] VGC 2023 Regulation E\n|rated|\n|rule|Species Clause: Limit one of each Pok\u00e9mon\n|rule|Item Clause: Limit one of each item\n|clearpoke\n|poke|p1|Mimikyu, L50, F|\n|poke|p1|Arcanine, L50, M|\n|poke|p1|Appletun, L50, F|\n|poke|p1|Iron Hands, L50|\n|poke|p1|Bombirdier, L50, M|\n|poke|p1|Slowbro, L50, M|\n|poke|p2|Staraptor, L50, F|\n|poke|p2|Farigiraf, L50, M|\n|poke|p2|Ursaluna, L50, M|\n|poke|p2|Scream Tail, L50|\n|poke|p2|Torkoal, L50, F|\n|poke|p2|Zoroark-Hisui, L50, M|\n|teampreview|4\n|inactive|Battle timer is ON: inactive players will automatically lose when time's up. (requested by AshValentineWR)\nAshValentineWR rejected open team sheets.\n|inactive|PokeJoHandy has 60 seconds left.\n|c|\u2606AshValentineWR|gl hf\n|\n|t:|1700017091\n|start\n|switch|p1a: Mimikyu|Mimikyu, L50, F, shiny|100\/100\n|switch|p1b: Bombirdier|Bombirdier, L50, M|100\/100\n|switch|p2a: Farigiraf|Farigiraf, L50, M|100\/100\n|switch|p2b: Staraptor|Staraptor, L50, F|100\/100\n|-ability|p2b: Staraptor|Intimidate|boost\n|-unboost|p1a: Mimikyu|atk|1\n|-unboost|p1b: Bombirdier|atk|1\n|turn|1\n|inactive|AshValentineWR has 30 seconds left.\n|\n|t:|1700017121\n|-terastallize|p1b: Bombirdier|Rock\n|move|p2b: Staraptor|U-turn|p1a: Mimikyu\n|-activate|p1a: Mimikyu|ability: Disguise\n|-damage|p1a: Mimikyu|100\/100\n|detailschange|p1a: Mimikyu|Mimikyu-Busted, L50, F, shiny\n|-damage|p1a: Mimikyu|88\/100|[from] pokemon: Mimikyu-Busted\n|\n|t:|1700017132\n|switch|p2b: Farigiraf|Farigiraf, L50, M|100\/100|[from] U-turn\n|move|p2a: Farigiraf|Nasty Plot|p2a: Farigiraf\n|-boost|p2a: Farigiraf|spa|2\n|move|p1a: Mimikyu|Taunt|p2a: Farigiraf\n|-start|p2a: Farigiraf|move: Taunt\n|move|p1b: Bombirdier|Rock Slide|p2a: Farigiraf|[spread] p2a,p2b\n|-crit|p2b: Farigiraf\n|-damage|p2a: Farigiraf|26\/100\n|-damage|p2b: Farigiraf|27\/100\n|replace|p2a: Zoroark|Zoroark-Hisui, L50, M\n|-end|p2a: Zoroark|Illusion\n|-damage|p1b: Bombirdier|91\/100|[from] item: Life Orb\n|\n|upkeep\n|turn|2\n|inactive|AshValentineWR has 30 seconds left.\n|inactive|PokeJoHandy has 30 seconds left.\n|inactive|PokeJoHandy has 20 seconds left.\n|inactive|AshValentineWR has 20 seconds left.\n|inactive|PokeJoHandy has 15 seconds left.\n|\n|t:|1700017173\n|switch|p1b: Arcanine|Arcanine, L50, M|100\/100\n|-ability|p1b: Arcanine|Intimidate|boost\n|-unboost|p2a: Zoroark|atk|1\n|-unboost|p2b: Farigiraf|atk|1\n|move|p2b: Farigiraf|Protect|p2b: Farigiraf\n|-singleturn|p2b: Farigiraf|Protect\n|move|p2a: Zoroark|Shadow Ball|p1a: Mimikyu\n|-supereffective|p1a: Mimikyu\n|-damage|p1a: Mimikyu|0 fnt\n|faint|p1a: Mimikyu\n|\n|upkeep\n|\n|t:|1700017184\n|switch|p1a: Bombirdier|Bombirdier, L50, M, tera:Rock|91\/100\n|turn|3\n|\n|t:|1700017201\n|move|p2a: Zoroark|Hyper Voice|p1a: Bombirdier|[spread] p1a,p1b\n|-resisted|p1a: Bombirdier\n|-damage|p1a: Bombirdier|52\/100\n|-damage|p1b: Arcanine|32\/100\n|move|p1b: Arcanine|Raging Fury|p2b: Farigiraf\n|-damage|p2b: Farigiraf|0 fnt\n|faint|p2b: Farigiraf\n|move|p1a: Bombirdier|Tailwind|p1a: Bombirdier\n|-sidestart|p1: AshValentineWR|move: Tailwind\n|\n|upkeep\n|\n|t:|1700017224\n|switch|p2b: Torkoal|Torkoal, L50, F|100\/100\n|-weather|SunnyDay|[from] ability: Drought|[of] p2b: Torkoal\n|turn|4\n|inactive|PokeJoHandy has 30 seconds left.\n|\n|t:|1700017255\n|move|p1b: Arcanine|Raging Fury|p2a: Zoroark|[from]lockedmove\n|-damage|p2a: Zoroark|0 fnt\n|faint|p2a: Zoroark\n|move|p1a: Bombirdier|Rock Slide|p2b: Torkoal\n|-supereffective|p2b: Torkoal\n|-damage|p2b: Torkoal|0 fnt\n|faint|p2b: Torkoal\n|-damage|p1a: Bombirdier|42\/100|[from] item: Life Orb\n|\n|-weather|SunnyDay|[upkeep]\n|upkeep\n|\n|t:|1700017264\n|switch|p2b: Staraptor|Staraptor, L50, F|100\/100\n|-ability|p2b: Staraptor|Intimidate|boost\n|-unboost|p1a: Bombirdier|atk|1\n|-unboost|p1b: Arcanine|atk|1\n|turn|5\n|\n|t:|1700017280\n|move|p2b: Staraptor|Close Combat|p1a: Bombirdier\n|-supereffective|p1a: Bombirdier\n|-damage|p1a: Bombirdier|0 fnt\n|-unboost|p2b: Staraptor|def|1\n|-unboost|p2b: Staraptor|spd|1\n|faint|p1a: Bombirdier\n|move|p1b: Arcanine|Raging Fury|p2b: Staraptor|[from]lockedmove\n|-damage|p2b: Staraptor|0 fnt\n|faint|p2b: Staraptor\n|-start|p1b: Arcanine|confusion|[fatigue]\n|\n|win|AshValentineWR\n|raw|AshValentineWR's rating: 1207 &rarr; <strong>1232<\/strong><br \/>(+25 for winning)\n|raw|PokeJoHandy's rating: 1209 &rarr; <strong>1184<\/strong><br \/>(-25 for losing)\n|l|\u2606PokeJoHandy\n","uploadtime":1700017292,"views":17,"p1id":"ashvalentinewr","p2id":"pokejohandy","formatid":"gen9vgc2023regulatione","rating":1184,"private":0,"password":""}