{"id":"gen9vgc2023regulatione-1993155398","p1":"E.E.E Guzma","p2":"NiiOtu05","format":"[Gen 9] VGC 2023 Regulation E","log":"|j|\u2606E.E.E Guzma\n|j|\u2606NiiOtu05\n|t:|1700271478\n|gametype|doubles\n|player|p1|E.E.E Guzma|guzma|1287\n|player|p2|NiiOtu05|101|1361\n|teamsize|p1|6\n|teamsize|p2|6\n|gen|9\n|tier|[Gen 9] VGC 2023 Regulation E\n|rated|\n|rule|Species Clause: Limit one of each Pok\u00e9mon\n|rule|Item Clause: Limit one of each item\n|clearpoke\n|poke|p1|Kingambit, L50, F|\n|poke|p1|Rillaboom, L50, F|\n|poke|p1|Ogerpon-Wellspring, L50, F|\n|poke|p1|Garchomp, L50, F|\n|poke|p1|Tornadus, L50, M|\n|poke|p1|Scream Tail, L50|\n|poke|p2|Roaring Moon, L50|\n|poke|p2|Ninetales-Alola, L50, F|\n|poke|p2|Okidogi, L50, M|\n|poke|p2|Ogerpon-Wellspring, L50, F|\n|poke|p2|Heatran, L50, F|\n|poke|p2|Landorus-Therian, L50, M|\n|teampreview|4\n|inactive|Battle timer is ON: inactive players will automatically lose when time's up. (requested by E.E.E Guzma)\n|inactive|NiiOtu05 has 60 seconds left.\n|\n|t:|1700271531\n|start\n|switch|p1a: Garchomp|Garchomp, L50, F|100\/100\n|switch|p1b: Tornadus|Tornadus, L50, M|100\/100\n|switch|p2a: Ninetales|Ninetales-Alola, L50, F|100\/100\n|switch|p2b: Okidogi|Okidogi, L50, M|100\/100\n|-weather|Snow|[from] ability: Snow Warning|[of] p2a: Ninetales\n|turn|1\n|\n|t:|1700271547\n|-terastallize|p1a: Garchomp|Fire\n|move|p2b: Okidogi|Protect|p2b: Okidogi\n|-singleturn|p2b: Okidogi|Protect\n|move|p1b: Tornadus|Taunt|p2a: Ninetales\n|-start|p2a: Ninetales|move: Taunt\n|cant|p2a: Ninetales|move: Taunt|Aurora Veil\n|move|p1a: Garchomp|Swords Dance|p1a: Garchomp\n|-boost|p1a: Garchomp|atk|2\n|\n|-weather|Snow|[upkeep]\n|upkeep\n|turn|2\n|\n|t:|1700271564\n|move|p1b: Tornadus|Tailwind|p1b: Tornadus\n|-sidestart|p1: E.E.E Guzma|move: Tailwind\n|move|p1a: Garchomp|Earthquake|p2a: Ninetales|[spread] p2a,p2b\n|-immune|p1b: Tornadus\n|-supereffective|p2b: Okidogi\n|-damage|p2a: Ninetales|40\/100\n|-damage|p2b: Okidogi|0 fnt\n|faint|p2b: Okidogi\n|move|p2a: Ninetales|Blizzard|p1a: Garchomp|[spread] p1a,p1b\n|-resisted|p1a: Garchomp\n|-supereffective|p1b: Tornadus\n|-damage|p1a: Garchomp|90\/100\n|-damage|p1b: Tornadus|55\/100\n|\n|-weather|Snow|[upkeep]\n|upkeep\n|\n|t:|1700271575\n|switch|p2b: Ogerpon|Ogerpon-Wellspring, L50, F|100\/100\n|turn|3\n|\n|t:|1700271588\n|-terastallize|p2b: Ogerpon|Water\n|detailschange|p2b: Ogerpon|Ogerpon-Wellspring-Tera, L50, F, tera:Water\n|-ability|p2b: Ogerpon|Embody Aspect (Wellspring)|boost\n|-boost|p2b: Ogerpon|spd|1\n|move|p1a: Garchomp|Protect|p1a: Garchomp\n|-singleturn|p1a: Garchomp|Protect\n|move|p1b: Tornadus|Taunt|p2b: Ogerpon\n|-start|p2b: Ogerpon|move: Taunt\n|move|p2a: Ninetales|Blizzard|p1b: Tornadus|[spread] p1b\n|-activate|p1a: Garchomp|move: Protect\n|-supereffective|p1b: Tornadus\n|-damage|p1b: Tornadus|0 fnt\n|faint|p1b: Tornadus\n|move|p2b: Ogerpon|Ivy Cudgel|p1a: Garchomp|[anim] Ivy Cudgel Water\n|-activate|p1a: Garchomp|move: Protect\n|\n|-weather|Snow|[upkeep]\n|-end|p2a: Ninetales|move: Taunt\n|upkeep\n|\n|t:|1700271608\n|switch|p1b: Ogerpon|Ogerpon-Wellspring, L50, F|100\/100\n|turn|4\n|\n|t:|1700271616\n|move|p1b: Ogerpon|Follow Me|p1b: Ogerpon\n|-singleturn|p1b: Ogerpon|move: Follow Me\n|move|p1a: Garchomp|Earthquake|p2a: Ninetales|[spread] p1b,p2a,p2b\n|-resisted|p1b: Ogerpon\n|-damage|p1b: Ogerpon|64\/100\n|-damage|p2a: Ninetales|0 fnt\n|-damage|p2b: Ogerpon|29\/100\n|faint|p2a: Ninetales\n|move|p2b: Ogerpon|Ivy Cudgel|p1b: Ogerpon|[anim] Ivy Cudgel Water\n|-heal|p1b: Ogerpon|88\/100|[from] ability: Water Absorb|[of] p2b: Ogerpon\n|\n|-weather|Snow|[upkeep]\n|upkeep\n|\n|t:|1700271621\n|switch|p2a: Roaring Moon|Roaring Moon, L50|100\/100\n|-enditem|p2a: Roaring Moon|Booster Energy\n|-activate|p2a: Roaring Moon|ability: Protosynthesis|[fromitem]\n|-start|p2a: Roaring Moon|protosynthesisatk\n|turn|5\n|\n|t:|1700271634\n|move|p2a: Roaring Moon|Protect|p2a: Roaring Moon\n|-singleturn|p2a: Roaring Moon|Protect\n|move|p1b: Ogerpon|Follow Me|p1b: Ogerpon\n|-singleturn|p1b: Ogerpon|move: Follow Me\n|move|p1a: Garchomp|Earthquake|p2b: Ogerpon|[spread] p1b,p2b\n|-activate|p2a: Roaring Moon|move: Protect\n|-resisted|p1b: Ogerpon\n|-damage|p1b: Ogerpon|53\/100\n|-damage|p2b: Ogerpon|0 fnt\n|faint|p2b: Ogerpon\n|\n|-weather|none\n|-sideend|p1: E.E.E Guzma|move: Tailwind\n|upkeep\n|turn|6\n|-message|NiiOtu05 forfeited.\n|\n|win|E.E.E Guzma\n|raw|E.E.E Guzma's rating: 1287 &rarr; <strong>1317<\/strong><br \/>(+30 for winning)\n|raw|NiiOtu05's rating: 1361 &rarr; <strong>1337<\/strong><br \/>(-24 for losing)\n|l|\u2606NiiOtu05\n","uploadtime":1700271653,"views":11,"p1id":"eeeguzma","p2id":"niiotu05","formatid":"gen9vgc2023regulatione","rating":1317,"private":0,"password":""}