{"id":"gen9vgc2023regulatione-2000426261","p1":"Tilzy","p2":"bwahacough","format":"[Gen 9] VGC 2023 Regulation E","log":"|j|\u2606Tilzy\n|j|\u2606bwahacough\n|t:|1701193806\n|gametype|doubles\n|player|p1|Tilzy|1|1678\n|player|p2|bwahacough|medium|1773\n|teamsize|p1|6\n|teamsize|p2|6\n|gen|9\n|tier|[Gen 9] VGC 2023 Regulation E\n|rated|\n|rule|Species Clause: Limit one of each Pok\u00e9mon\n|rule|Item Clause: Limit one of each item\n|clearpoke\n|poke|p1|Tornadus, L50, M|\n|poke|p1|Urshifu-*, L50, M|\n|poke|p1|Rillaboom, L50, M|\n|poke|p1|Gholdengo, L50|\n|poke|p1|Arcanine-Hisui, L50, M|\n|poke|p1|Regidrago, L50|\n|poke|p2|Lycanroc-Dusk, L50, M|\n|poke|p2|Tornadus, L50, M|\n|poke|p2|Urshifu-*, L50, F|\n|poke|p2|Farigiraf, L50, F|\n|poke|p2|Sinistcha, L50|\n|poke|p2|Iron Bundle, L50|\n|teampreview|4\nbwahacough has agreed to open team sheets.\n|j| Braindeadmeta\n|\n|t:|1701193837\n|start\n|switch|p1a: Rillaboom|Rillaboom, L50, M, shiny|100\/100\n|switch|p1b: Regidrago|Regidrago, L50|100\/100\n|switch|p2a: Tornadus|Tornadus, L50, M, shiny|100\/100\n|switch|p2b: Urshifu|Urshifu-Rapid-Strike, L50, F|100\/100\n|-fieldstart|move: Grassy Terrain|[from] ability: Grassy Surge|[of] p1a: Rillaboom\n|turn|1\n|\n|t:|1701193858\n|-terastallize|p2b: Urshifu|Steel\n|move|p1a: Rillaboom|Fake Out|p2b: Urshifu\n|-resisted|p2b: Urshifu\n|-damage|p2b: Urshifu|94\/100\n|move|p2a: Tornadus|Bleakwind Storm|p1b: Regidrago|[spread] p1b\n|-miss|p2a: Tornadus|p1a: Rillaboom\n|-damage|p1b: Regidrago|67\/100\n|cant|p2b: Urshifu|flinch\n|move|p1b: Regidrago|Dragon Energy|p2b: Urshifu|[spread] p2a,p2b\n|-resisted|p2b: Urshifu\n|-damage|p2a: Tornadus|18\/100\n|-damage|p2b: Urshifu|47\/100\n|\n|-heal|p2b: Urshifu|54\/100|[from] Grassy Terrain\n|-heal|p1b: Regidrago|73\/100|[from] Grassy Terrain\n|upkeep\n|turn|2\n|\n|t:|1701193879\n|move|p1a: Rillaboom|Grassy Glide|p2a: Tornadus\n|-resisted|p2a: Tornadus\n|-damage|p2a: Tornadus|0 fnt\n|faint|p2a: Tornadus\n|move|p2b: Urshifu|Ice Spinner|p1b: Regidrago\n|-supereffective|p1b: Regidrago\n|-damage|p1b: Regidrago|0 fnt\n|-fieldend|move: Grassy Terrain\n|faint|p1b: Regidrago\n|\n|upkeep\n|\n|t:|1701193886\n|switch|p2a: Iron Bundle|Iron Bundle, L50, shiny|100\/100\n|switch|p1b: Tornadus|Tornadus, L50, M, shiny|100\/100\n|-enditem|p2a: Iron Bundle|Booster Energy\n|-activate|p2a: Iron Bundle|ability: Quark Drive|[fromitem]\n|-start|p2a: Iron Bundle|quarkdrivespe\n|turn|3\n|\n|t:|1701193894\n|-terastallize|p1a: Rillaboom|Fire\n|move|p1b: Tornadus|Tailwind|p1b: Tornadus\n|-sidestart|p1: Tilzy|move: Tailwind\n|move|p2a: Iron Bundle|Icy Wind|p1b: Tornadus|[spread] p1a,p1b\n|-resisted|p1a: Rillaboom\n|-supereffective|p1b: Tornadus\n|-damage|p1a: Rillaboom|93\/100\n|-damage|p1b: Tornadus|39\/100\n|-unboost|p1a: Rillaboom|spe|1\n|-unboost|p1b: Tornadus|spe|1\n|move|p1a: Rillaboom|Wood Hammer|p2a: Iron Bundle\n|-supereffective|p2a: Iron Bundle\n|-damage|p2a: Iron Bundle|0 fnt\n|faint|p2a: Iron Bundle\n|-end|p2a: Iron Bundle|Quark Drive|[silent]\n|-damage|p1a: Rillaboom|71\/100|[from] Recoil\n|move|p2b: Urshifu|Ice Spinner|p1b: Tornadus\n|-supereffective|p1b: Tornadus\n|-damage|p1b: Tornadus|0 fnt\n|faint|p1b: Tornadus\n|\n|upkeep\n|\n|t:|1701193911\n|switch|p2a: Lycanroc|Lycanroc-Dusk, L50, M|100\/100\n|switch|p1b: Gholdengo|Gholdengo, L50|100\/100\n|turn|4\n|\n|t:|1701193947\n|move|p2a: Lycanroc|Accelerock|p1a: Rillaboom\n|-supereffective|p1a: Rillaboom\n|-damage|p1a: Rillaboom|20\/100\n|move|p1b: Gholdengo|Make It Rain|p2a: Lycanroc|[spread] p2a,p2b\n|-supereffective|p2a: Lycanroc\n|-resisted|p2b: Urshifu\n|-enditem|p2a: Lycanroc|Focus Sash\n|-damage|p2a: Lycanroc|1\/100\n|-damage|p2b: Urshifu|6\/100\n|-unboost|p1b: Gholdengo|spa|1\n|move|p1a: Rillaboom|Grassy Glide|p2b: Urshifu\n|-resisted|p2b: Urshifu\n|-damage|p2b: Urshifu|0 fnt\n|faint|p2b: Urshifu\n|\n|upkeep\n|turn|5\n|-message|bwahacough forfeited.\n|\n|win|Tilzy\n|raw|Tilzy's rating: 1678 &rarr; <strong>1703<\/strong><br \/>(+25 for winning)\n|raw|bwahacough's rating: 1773 &rarr; <strong>1748<\/strong><br \/>(-25 for losing)\n|l|\u2606bwahacough\n","uploadtime":1701193974,"views":15,"p1id":"tilzy","p2id":"bwahacough","formatid":"gen9vgc2023regulatione","rating":1703,"private":0,"password":""}