{"id":"gen9vgc2023regulatione-1989354485","p1":"Lordluxxy","p2":"gloriagloria","format":"[Gen 9] VGC 2023 Regulation E","log":"|j|\u2606Lordluxxy\n|j|\u2606gloriagloria\n|t:|1699839933\n|gametype|doubles\n|player|p1|Lordluxxy|102|1076\n|player|p2|gloriagloria|fisherman|1041\n|teamsize|p1|6\n|teamsize|p2|6\n|gen|9\n|tier|[Gen 9] VGC 2023 Regulation E\n|rated|\n|rule|Species Clause: Limit one of each Pok\u00e9mon\n|rule|Item Clause: Limit one of each item\n|clearpoke\n|poke|p1|Rillaboom, L50, M|\n|poke|p1|Iron Moth, L50|\n|poke|p1|Gyarados, L50, M|\n|poke|p1|Iron Hands, L50|\n|poke|p1|Roaring Moon, L50|\n|poke|p1|Flutter Mane, L50|\n|poke|p2|Baxcalibur, L50, F|\n|poke|p2|Talonflame, L50, F|\n|poke|p2|Scizor, L50, F|\n|poke|p2|Landorus-Therian, L50, M|\n|poke|p2|Flutter Mane, L50|\n|poke|p2|Rotom-Wash, L50|\n|teampreview|4\n|inactive|Battle timer is ON: inactive players will automatically lose when time's up. (requested by Lordluxxy)\n|\n|t:|1699839974\n|start\n|switch|p1a: Rillaboom|Rillaboom, L50, M|100\/100\n|switch|p1b: Roaring Moon|Roaring Moon, L50|100\/100\n|switch|p2a: Landorus|Landorus-Therian, L50, M|100\/100\n|switch|p2b: Talonflame|Talonflame, L50, F|100\/100\n|-ability|p2a: Landorus|Intimidate|boost\n|-unboost|p1a: Rillaboom|atk|1\n|-unboost|p1b: Roaring Moon|atk|1\n|-fieldstart|move: Grassy Terrain|[from] ability: Grassy Surge|[of] p1a: Rillaboom\n|-enditem|p1b: Roaring Moon|Booster Energy\n|-activate|p1b: Roaring Moon|ability: Protosynthesis|[fromitem]\n|-start|p1b: Roaring Moon|protosynthesisspe\n|turn|1\n|inactive|Lordluxxy has 30 seconds left.\n|\n|t:|1699840005\n|switch|p1a: Gyarados|Gyarados, L50, M|100\/100\n|-ability|p1a: Gyarados|Intimidate|boost\n|-unboost|p2a: Landorus|atk|1\n|-unboost|p2b: Talonflame|atk|1\n|move|p1b: Roaring Moon|Protect|p1b: Roaring Moon\n|-singleturn|p1b: Roaring Moon|Protect\n|move|p2b: Talonflame|Tailwind|p2b: Talonflame\n|-sidestart|p2: gloriagloria|move: Tailwind\n|move|p2a: Landorus|Taunt|p1b: Roaring Moon\n|-activate|p1b: Roaring Moon|move: Protect\n|\n|upkeep\n|turn|2\n|inactive|gloriagloria has 30 seconds left.\n|\n|t:|1699840033\n|switch|p2a: Rotom|Rotom-Wash, L50, shiny|100\/100\n|move|p2b: Talonflame|Will-O-Wisp|p1a: Gyarados|[miss]\n|-miss|p2b: Talonflame|p1a: Gyarados\n|move|p1b: Roaring Moon|Dragon Dance|p1b: Roaring Moon\n|-boost|p1b: Roaring Moon|atk|1\n|-boost|p1b: Roaring Moon|spe|1\n|move|p1a: Gyarados|Taunt|p2a: Rotom\n|-start|p2a: Rotom|move: Taunt\n|\n|upkeep\n|turn|3\n|\n|t:|1699840052\n|move|p1b: Roaring Moon|Protect|p1b: Roaring Moon\n|-singleturn|p1b: Roaring Moon|Protect\n|move|p2b: Talonflame|Will-O-Wisp|p1b: Roaring Moon\n|-activate|p1b: Roaring Moon|move: Protect\n|move|p2a: Rotom|Thunderbolt|p1b: Roaring Moon\n|-activate|p1b: Roaring Moon|move: Protect\n|move|p1a: Gyarados|Taunt|p2b: Talonflame\n|-start|p2b: Talonflame|move: Taunt\n|\n|upkeep\n|turn|4\n|\n|t:|1699840072\n|switch|p2b: Landorus|Landorus-Therian, L50, M|100\/100\n|-ability|p2b: Landorus|Intimidate|boost\n|-unboost|p1a: Gyarados|atk|1\n|-unboost|p1b: Roaring Moon|atk|1\n|move|p1b: Roaring Moon|Dragon Dance|p1b: Roaring Moon\n|-boost|p1b: Roaring Moon|atk|1\n|-boost|p1b: Roaring Moon|spe|1\n|move|p2a: Rotom|Thunderbolt|p1a: Gyarados\n|-supereffective|p1a: Gyarados\n|-damage|p1a: Gyarados|0 fnt\n|faint|p1a: Gyarados\n|\n|-end|p2a: Rotom|move: Taunt\n|-sideend|p2: gloriagloria|move: Tailwind\n|upkeep\n|\n|t:|1699840095\n|switch|p1a: Rillaboom|Rillaboom, L50, M|100\/100\n|turn|5\n|\n|t:|1699840114\n|-terastallize|p1b: Roaring Moon|Flying\n|move|p1a: Rillaboom|Grassy Glide|p2a: Rotom\n|-supereffective|p2a: Rotom\n|-crit|p2a: Rotom\n|-damage|p2a: Rotom|0 fnt\n|faint|p2a: Rotom\n|move|p1b: Roaring Moon|Acrobatics|p2b: Landorus\n|-damage|p2b: Landorus|18\/100\n|move|p2b: Landorus|Taunt|p1b: Roaring Moon\n|-start|p1b: Roaring Moon|move: Taunt\n|\n|-heal|p2b: Landorus|24\/100|[from] item: Leftovers\n|-fieldend|move: Grassy Terrain\n|upkeep\n|\n|t:|1699840136\n|switch|p2a: Talonflame|Talonflame, L50, F|100\/100\n|turn|6\n|\n|t:|1699840149\n|switch|p2b: Scizor|Scizor, L50, F|100\/100\n|switch|p1a: Iron Hands|Iron Hands, L50|100\/100\n|move|p1b: Roaring Moon|Acrobatics|p2a: Talonflame\n|-damage|p2a: Talonflame|38\/100\n|move|p2a: Talonflame|Will-O-Wisp|p1b: Roaring Moon\n|-status|p1b: Roaring Moon|brn\n|\n|-damage|p1b: Roaring Moon|94\/100 brn|[from] brn\n|upkeep\n|turn|7\n|inactive|Lordluxxy has 30 seconds left.\n|\n|t:|1699840180\n|switch|p2a: Landorus|Landorus-Therian, L50, M|24\/100\n|-ability|p2a: Landorus|Intimidate|boost\n|-unboost|p1a: Iron Hands|atk|1\n|-unboost|p1b: Roaring Moon|atk|1\n|move|p2b: Scizor|Bullet Punch|p1b: Roaring Moon\n|-damage|p1b: Roaring Moon|49\/100 brn\n|move|p1b: Roaring Moon|Knock Off|p2b: Scizor\n|-damage|p2b: Scizor|83\/100\n|-enditem|p2b: Scizor|Assault Vest|[from] move: Knock Off|[of] p1b: Roaring Moon\n|move|p1a: Iron Hands|Wild Charge|p2a: Landorus\n|-immune|p2a: Landorus\n|\n|-heal|p2a: Landorus|30\/100|[from] item: Leftovers\n|-damage|p1b: Roaring Moon|43\/100 brn|[from] brn\n|upkeep\n|turn|8\n|\n|t:|1699840205\n|-end|p1a: Iron Hands|Quark Drive|[silent]\n|switch|p1a: Rillaboom|Rillaboom, L50, M|100\/100\n|-fieldstart|move: Grassy Terrain|[from] ability: Grassy Surge|[of] p1a: Rillaboom\n|move|p2b: Scizor|Bullet Punch|p1b: Roaring Moon\n|-damage|p1b: Roaring Moon|0 fnt\n|faint|p1b: Roaring Moon\n|-end|p1b: Roaring Moon|Protosynthesis|[silent]\n|move|p2a: Landorus|Rock Slide|p1a: Rillaboom\n|-damage|p1a: Rillaboom|80\/100\n|\n|-heal|p2a: Landorus|36\/100|[from] item: Leftovers\n|-heal|p1a: Rillaboom|86\/100|[from] Grassy Terrain\n|-heal|p2b: Scizor|89\/100|[from] Grassy Terrain\n|upkeep\n|\n|t:|1699840220\n|switch|p1b: Iron Hands|Iron Hands, L50|100\/100\n|turn|9\n|\n|t:|1699840243\n|move|p2a: Landorus|Rock Slide|p1b: Iron Hands|[spread] p1a,p1b\n|-resisted|p1b: Iron Hands\n|-crit|p1b: Iron Hands\n|-damage|p1a: Rillaboom|71\/100\n|-damage|p1b: Iron Hands|93\/100\n|move|p1a: Rillaboom|Drain Punch|p2b: Scizor\n|-damage|p2b: Scizor|69\/100\n|-heal|p1a: Rillaboom|80\/100|[from] drain|[of] p2b: Scizor\n|move|p2b: Scizor|Dual Wingbeat|p1a: Rillaboom\n|-supereffective|p1a: Rillaboom\n|-damage|p1a: Rillaboom|43\/100\n|-supereffective|p1a: Rillaboom\n|-damage|p1a: Rillaboom|8\/100\n|-hitcount|p1a: Rillaboom|2\n|move|p1b: Iron Hands|Drain Punch|p2b: Scizor\n|-damage|p2b: Scizor|24\/100\n|-heal|p1b: Iron Hands|100\/100|[from] drain|[of] p2b: Scizor\n|\n|-heal|p2a: Landorus|42\/100|[from] item: Leftovers\n|-heal|p1a: Rillaboom|14\/100|[from] Grassy Terrain\n|-heal|p2b: Scizor|30\/100|[from] Grassy Terrain\n|upkeep\n|turn|10\n|inactive|Lordluxxy has 30 seconds left.\n|inactive|gloriagloria has 30 seconds left.\n|\n|t:|1699840277\n|move|p1a: Rillaboom|Grassy Glide|p2a: Landorus\n|-damage|p2a: Landorus|9\/100\n|move|p2a: Landorus|Rock Slide|p1a: Rillaboom|[spread] p1a,p1b\n|-resisted|p1b: Iron Hands\n|-damage|p1a: Rillaboom|0 fnt\n|-damage|p1b: Iron Hands|95\/100\n|faint|p1a: Rillaboom\n|move|p2b: Scizor|Dual Wingbeat|p1b: Iron Hands\n|-damage|p1b: Iron Hands|81\/100\n|-damage|p1b: Iron Hands|67\/100\n|-hitcount|p1b: Iron Hands|2\n|move|p1b: Iron Hands|Drain Punch|p2b: Scizor\n|-damage|p2b: Scizor|0 fnt\n|-heal|p1b: Iron Hands|77\/100|[from] drain|[of] p2b: Scizor\n|faint|p2b: Scizor\n|\n|-heal|p2a: Landorus|15\/100|[from] item: Leftovers\n|-heal|p1b: Iron Hands|83\/100|[from] Grassy Terrain\n|-heal|p1b: Iron Hands|90\/100|[from] item: Leftovers\n|upkeep\n|\n|t:|1699840299\n|switch|p2b: Talonflame|Talonflame, L50, F|38\/100\n|turn|11\n|\n|t:|1699840311\n|move|p2b: Talonflame|Will-O-Wisp|p1b: Iron Hands\n|-status|p1b: Iron Hands|brn\n|move|p2a: Landorus|Rock Slide|p1b: Iron Hands\n|-resisted|p1b: Iron Hands\n|-damage|p1b: Iron Hands|83\/100 brn\n|cant|p1b: Iron Hands|flinch\n|\n|-heal|p2a: Landorus|21\/100|[from] item: Leftovers\n|-heal|p1b: Iron Hands|89\/100 brn|[from] Grassy Terrain\n|-heal|p1b: Iron Hands|95\/100 brn|[from] item: Leftovers\n|-damage|p1b: Iron Hands|89\/100 brn|[from] brn\n|upkeep\n|turn|12\n|\n|t:|1699840330\n|move|p2b: Talonflame|Flame Charge|p1b: Iron Hands\n|-damage|p1b: Iron Hands|81\/100 brn\n|-boost|p2b: Talonflame|spe|1\n|move|p2a: Landorus|Rock Slide|p1b: Iron Hands\n|-resisted|p1b: Iron Hands\n|-damage|p1b: Iron Hands|73\/100 brn\n|move|p1b: Iron Hands|Wild Charge|p2b: Talonflame\n|-supereffective|p2b: Talonflame\n|-crit|p2b: Talonflame\n|-damage|p2b: Talonflame|0 fnt\n|faint|p2b: Talonflame\n|-damage|p1b: Iron Hands|66\/100 brn|[from] Recoil\n|\n|-heal|p2a: Landorus|27\/100|[from] item: Leftovers\n|-heal|p1b: Iron Hands|73\/100 brn|[from] Grassy Terrain\n|-heal|p1b: Iron Hands|79\/100 brn|[from] item: Leftovers\n|-damage|p1b: Iron Hands|73\/100 brn|[from] brn\n|-fieldend|move: Grassy Terrain\n|upkeep\n|turn|13\n|\n|t:|1699840349\n|move|p2a: Landorus|Rock Slide|p1b: Iron Hands\n|-resisted|p1b: Iron Hands\n|-damage|p1b: Iron Hands|66\/100 brn\n|move|p1b: Iron Hands|Heavy Slam|p2a: Landorus\n|-damage|p2a: Landorus|0 fnt\n|faint|p2a: Landorus\n|\n|win|Lordluxxy\n|raw|Lordluxxy's rating: 1076 &rarr; <strong>1102<\/strong><br \/>(+26 for winning)\n|raw|gloriagloria's rating: 1041 &rarr; <strong>1026<\/strong><br \/>(-15 for losing)\n","uploadtime":1699841423,"views":19,"p1id":"lordluxxy","p2id":"gloriagloria","formatid":"gen9vgc2023regulatione","rating":1026,"private":0,"password":""}