{"id":"gen9vgc2023regulatione-1998358382","p1":"TobiYume","p2":"Jesuuuus","format":"[Gen 9] VGC 2023 Regulation E","log":"|j|\u2606TobiYume\n|j|\u2606Jesuuuus\n|n|\u2606TobiYume|tobiyume\n|n|\u2606Jesuuuus|jesuuuus\n|html|View the match progress at <a href=\"\/game-bestof3-gen9vgc2023regulatione-1998355186\">game-bestof3-gen9vgc2023regulatione-1998355186<\/a>\n|t:|1700933430\n|gametype|doubles\n|player|p1|TobiYume|n|\n|player|p2|Jesuuuus|alec-anime|\n|teamsize|p1|6\n|teamsize|p2|6\n|gen|9\n|tier|[Gen 9] VGC 2023 Regulation E\n|rule|Species Clause: Limit one of each Pok\u00e9mon\n|rule|Item Clause: Limit one of each item\n|clearpoke\n|poke|p1|Kommo-o, L50, F|\n|poke|p1|Arcanine-Hisui, L50, M|\n|poke|p1|Rillaboom, L50, M|\n|poke|p1|Moltres-Galar, L50|\n|poke|p1|Ninetales-Alola, L50, F|\n|poke|p1|Sinistcha, L50|\n|poke|p2|Ogerpon, L50, F|\n|poke|p2|Arcanine-Hisui, L50, F|\n|poke|p2|Flutter Mane, L50|\n|poke|p2|Iron Hands, L50|\n|poke|p2|Iron Bundle, L50|\n|poke|p2|Farigiraf, L50, F|\n|teampreview|4\nTobiYume has agreed to open team sheets.\nJesuuuus has agreed to open team sheets.\n|showteam|p1|Kommo-o||Leftovers|Bulletproof|IronDefense,BodyPress,IronHead,Protect|||F|||50|,,,,,Steel]Arcanine-Hisui||SafetyGoggles|Intimidate|FlareBlitz,RockSlide,ExtremeSpeed,WillOWisp|||M|||50|,,,,,Water]Rillaboom||AssaultVest|GrassySurge|FakeOut,GrassyGlide,WoodHammer,Uturn|||M|||50|,,,,,Fire]Moltres-Galar||SitrusBerry|Berserk|FieryWrath,AirSlash,NastyPlot,Protect||||||50|,,,,,Poison]Ninetales-Alola||LightClay|SnowWarning|AuroraVeil,IcyWind,Moonblast,HelpingHand|||F|||50|,,,,,Water]Sinistcha||RockyHelmet|Hospitality|MatchaGotcha,LifeDew,TrickRoom,RagePowder||||||50|,,,,,Fairy\n|showteam|p2|Ogerpon||LifeOrb|Defiant|IvyCudgel,Encore,StompingTantrum,SpikyShield|||F|||50|,,,,,Grass]Arcanine-Hisui||SafetyGoggles|Intimidate|ExtremeSpeed,RockSlide,FlareBlitz,Protect|||F|||50|,,,,,Psychic]Flutter Mane||ChoiceSpecs|Protosynthesis|Moonblast,DazzlingGleam,ShadowBall,IcyWind||||||50|,,,,,Fairy]Iron Hands||AssaultVest|QuarkDrive|DrainPunch,WildCharge,HeavySlam,FakeOut||||||50|,,,,,Water]Iron Bundle||BoosterEnergy|QuarkDrive|IcyWind,HydroPump,FreezeDry,Protect||||||50|,,,,,Grass]Farigiraf||SitrusBerry|ArmorTail|Imprison,TrickRoom,HyperVoice,Psychic|||F|||50|,,,,,Fairy\n|inactive|Battle timer is ON: inactive players will automatically lose when time's up. (requested by TobiYume)\n|\n|t:|1700933475\n|start\n|switch|p1a: Rillaboom|Rillaboom, L50, M|100\/100\n|switch|p1b: Ninetales|Ninetales-Alola, L50, F|100\/100\n|switch|p2a: Lala|Iron Hands, L50|100\/100\n|switch|p2b: Po|Arcanine-Hisui, L50, F|100\/100\n|-weather|Snow|[from] ability: Snow Warning|[of] p1b: Ninetales\n|-ability|p2b: Po|Intimidate|boost\n|-unboost|p1a: Rillaboom|atk|1\n|-unboost|p1b: Ninetales|atk|1\n|-fieldstart|move: Grassy Terrain|[from] ability: Grassy Surge|[of] p1a: Rillaboom\n|turn|1\n|\n|t:|1700933491\n|move|p1a: Rillaboom|Fake Out|p2a: Lala\n|-damage|p2a: Lala|95\/100\n|move|p1b: Ninetales|Aurora Veil|p1b: Ninetales\n|-sidestart|p1: TobiYume|move: Aurora Veil\n|move|p2b: Po|Flare Blitz|p1a: Rillaboom\n|-supereffective|p1a: Rillaboom\n|-damage|p1a: Rillaboom|26\/100\n|-damage|p2b: Po|74\/100|[from] Recoil\n|cant|p2a: Lala|flinch\n|\n|-weather|Snow|[upkeep]\n|-heal|p2b: Po|80\/100|[from] Grassy Terrain\n|-heal|p1a: Rillaboom|32\/100|[from] Grassy Terrain\n|-heal|p2a: Lala|100\/100|[from] Grassy Terrain\n|upkeep\n|turn|2\n|\n|t:|1700933507\n|switch|p1a: Kommo-o|Kommo-o, L50, F|100\/100\n|move|p2b: Po|Protect|p2b: Po\n|-singleturn|p2b: Po|Protect\n|move|p1b: Ninetales|Moonblast|p2a: Lala\n|-supereffective|p2a: Lala\n|-crit|p2a: Lala\n|-damage|p2a: Lala|45\/100\n|move|p2a: Lala|Heavy Slam|p1b: Ninetales\n|-supereffective|p1b: Ninetales\n|-damage|p1b: Ninetales|0 fnt\n|faint|p1b: Ninetales\n|\n|-weather|Snow|[upkeep]\n|-heal|p2b: Po|86\/100|[from] Grassy Terrain\n|-heal|p2a: Lala|51\/100|[from] Grassy Terrain\n|upkeep\n|\n|t:|1700933517\n|switch|p1b: Rillaboom|Rillaboom, L50, M|32\/100\n|turn|3\n|\n|t:|1700933527\n|-end|p2a: Lala|Quark Drive|[silent]\n|switch|p2a: Dipsy|Ogerpon, L50, F|100\/100\n|move|p2b: Po|Flare Blitz|p1b: Rillaboom\n|-supereffective|p1b: Rillaboom\n|-damage|p1b: Rillaboom|0 fnt\n|faint|p1b: Rillaboom\n|-damage|p2b: Po|74\/100|[from] Recoil\n|move|p1a: Kommo-o|Iron Defense|p1a: Kommo-o\n|-boost|p1a: Kommo-o|def|2\n|\n|-weather|Snow|[upkeep]\n|-heal|p2b: Po|80\/100|[from] Grassy Terrain\n|upkeep\n|\n|t:|1700933532\n|switch|p1b: Sinistcha|Sinistcha, L50|100\/100\n|turn|4\n|\n|t:|1700933543\n|move|p2a: Dipsy|Encore|p1a: Kommo-o\n|-start|p1a: Kommo-o|Encore\n|move|p2b: Po|Flare Blitz|p1b: Sinistcha\n|-supereffective|p1b: Sinistcha\n|-damage|p1b: Sinistcha|26\/100\n|-damage|p2b: Po|64\/100|[from] item: Rocky Helmet|[of] p1b: Sinistcha\n|-damage|p2b: Po|40\/100|[from] Recoil\n|move|p1a: Kommo-o|Iron Defense|p1a: Kommo-o\n|-boost|p1a: Kommo-o|def|2\n|move|p1b: Sinistcha|Matcha Gotcha|p2a: Dipsy|[spread] p2a,p2b\n|-resisted|p2a: Dipsy\n|-damage|p2a: Dipsy|81\/100\n|-heal|p1b: Sinistcha|35\/100|[from] drain|[of] p2a: Dipsy\n|-damage|p2b: Po|6\/100\n|-heal|p1b: Sinistcha|53\/100|[from] drain|[of] p2b: Po\n|\n|-weather|Snow|[upkeep]\n|-heal|p2a: Dipsy|86\/100|[from] Grassy Terrain\n|-heal|p2b: Po|12\/100|[from] Grassy Terrain\n|-heal|p1b: Sinistcha|59\/100|[from] Grassy Terrain\n|upkeep\n|turn|5\n|\n|t:|1700933564\n|move|p2a: Dipsy|Ivy Cudgel|p1a: Kommo-o\n|-resisted|p1a: Kommo-o\n|-damage|p1a: Kommo-o|94\/100\n|-damage|p2a: Dipsy|77\/100|[from] item: Life Orb\n|move|p2b: Po|Flare Blitz|p1b: Sinistcha\n|-supereffective|p1b: Sinistcha\n|-damage|p1b: Sinistcha|0 fnt\n|-damage|p2b: Po|0 fnt|[from] item: Rocky Helmet|[of] p1b: Sinistcha\n|faint|p1b: Sinistcha\n|faint|p2b: Po\n|move|p1a: Kommo-o|Iron Defense|p1a: Kommo-o\n|-boost|p1a: Kommo-o|def|2\n|\n|-weather|none\n|-heal|p2a: Dipsy|83\/100|[from] Grassy Terrain\n|-heal|p1a: Kommo-o|100\/100|[from] Grassy Terrain\n|-fieldend|move: Grassy Terrain\n|upkeep\n|\n|t:|1700933571\n|switch|p2b: Tinky Winky|Flutter Mane, L50|100\/100\n|turn|6\n|\n|t:|1700933576\n|-terastallize|p2b: Tinky Winky|Fairy\n|-terastallize|p1a: Kommo-o|Steel\n|move|p2b: Tinky Winky|Moonblast|p1a: Kommo-o\n|-resisted|p1a: Kommo-o\n|-damage|p1a: Kommo-o|71\/100\n|move|p2a: Dipsy|Stomping Tantrum|p1a: Kommo-o\n|-supereffective|p1a: Kommo-o\n|-damage|p1a: Kommo-o|63\/100\n|-damage|p2a: Dipsy|73\/100|[from] item: Life Orb\n|move|p1a: Kommo-o|Iron Defense|p1a: Kommo-o\n|-boost|p1a: Kommo-o|def|0\n|\n|-heal|p1a: Kommo-o|69\/100|[from] item: Leftovers\n|-end|p1a: Kommo-o|Encore\n|upkeep\n|turn|7\n|\n|t:|1700933599\n|move|p2b: Tinky Winky|Moonblast|p1a: Kommo-o\n|-resisted|p1a: Kommo-o\n|-damage|p1a: Kommo-o|41\/100\n|move|p2a: Dipsy|Encore|p1a: Kommo-o\n|-start|p1a: Kommo-o|Encore\n|move|p1a: Kommo-o|Iron Defense|p1a: Kommo-o\n|-boost|p1a: Kommo-o|def|0\n|\n|-heal|p1a: Kommo-o|47\/100|[from] item: Leftovers\n|upkeep\n|turn|8\n|\n|t:|1700933606\n|move|p2b: Tinky Winky|Moonblast|p1a: Kommo-o\n|-resisted|p1a: Kommo-o\n|-damage|p1a: Kommo-o|21\/100\n|move|p2a: Dipsy|Stomping Tantrum|p1a: Kommo-o\n|-supereffective|p1a: Kommo-o\n|-damage|p1a: Kommo-o|14\/100\n|-damage|p2a: Dipsy|63\/100|[from] item: Life Orb\n|move|p1a: Kommo-o|Iron Defense|p1a: Kommo-o\n|-boost|p1a: Kommo-o|def|0\n|\n|-heal|p1a: Kommo-o|20\/100|[from] item: Leftovers\n|-sideend|p1: TobiYume|move: Aurora Veil\n|upkeep\n|turn|9\n|\n|t:|1700933611\n|move|p2b: Tinky Winky|Moonblast|p1a: Kommo-o\n|-resisted|p1a: Kommo-o\n|-damage|p1a: Kommo-o|0 fnt\n|faint|p1a: Kommo-o\n|\n|win|Jesuuuus\n|c|&|\/uhtml prompt-tobiyume,TobiYume is ready for game 3!\n|c|&|\/uhtml prompt-jesuuuus,Jesuuuus is ready for game 3!\nBoth players are ready! Starting next match!\n","uploadtime":1700933619,"views":0,"p1id":"tobiyume","p2id":"jesuuuus","formatid":"gen9vgc2023regulatione","rating":0,"private":0,"password":""}