{"id":"gen9vgc2023regulatione-1993430898","p1":"Jelly Jars","p2":"K_Mal_ayne","format":"[Gen 9] VGC 2023 Regulation E","log":"|j|\u203dJelly Jars\n|j|\u2606K_Mal_ayne\n|t:|1700316977\n|gametype|doubles\n|player|p1|Jelly Jars|102|1060\n|player|p2|K_Mal_ayne|swimmer-gen4dp|1000\n|teamsize|p1|6\n|teamsize|p2|6\n|gen|9\n|tier|[Gen 9] VGC 2023 Regulation E\n|rated|\n|rule|Species Clause: Limit one of each Pok\u00e9mon\n|rule|Item Clause: Limit one of each item\n|clearpoke\n|poke|p1|Kleavor, L50, F|\n|poke|p1|Cresselia, L50, F|\n|poke|p1|Grimmsnarl, L50, M|\n|poke|p1|Slowbro, L50, M|\n|poke|p1|Flutter Mane, L50|\n|poke|p1|Chien-Pao, L50|\n|poke|p2|Sableye, L50, F|\n|poke|p2|Hydreigon, L50, F|\n|poke|p2|Ninetales-Alola, L50, M|\n|poke|p2|Iron Bundle, L50|\n|poke|p2|Ursaluna-Bloodmoon, L50, M|\n|poke|p2|Gliscor, L50, F|\n|teampreview|4\n|inactive|Battle timer is ON: inactive players will automatically lose when time's up. (requested by Jelly Jars)\n|\n|t:|1700317023\n|start\n|switch|p1a: Grimmsnarl|Grimmsnarl, L50, M|100\/100\n|switch|p1b: Kleavor|Kleavor, L50, F|100\/100\n|switch|p2a: Ninetales|Ninetales-Alola, L50, M, shiny|100\/100\n|switch|p2b: Ursaluna|Ursaluna-Bloodmoon, L50, M|100\/100\n|-weather|Snow|[from] ability: Snow Warning|[of] p2a: Ninetales\n|turn|1\n|inactive|K_Mal_ayne has 30 seconds left.\n|\n|t:|1700317056\n|move|p1a: Grimmsnarl|Fake Out|p2a: Ninetales\n|-damage|p2a: Ninetales|84\/100\n|cant|p2a: Ninetales|flinch\n|move|p1b: Kleavor|Swords Dance|p1b: Kleavor\n|-boost|p1b: Kleavor|atk|2\n|move|p2b: Ursaluna|Blood Moon|p1b: Kleavor\n|-resisted|p1b: Kleavor\n|-damage|p1b: Kleavor|29\/100\n|\n|-weather|Snow|[upkeep]\n|upkeep\n|turn|2\n|\n|t:|1700317072\n|move|p2b: Ursaluna|Vacuum Wave|p1b: Kleavor\n|-damage|p1b: Kleavor|0 fnt\n|faint|p1b: Kleavor\n|move|p1a: Grimmsnarl|Parting Shot|p2b: Ursaluna\n|-unboost|p2b: Ursaluna|atk|1\n|-unboost|p2b: Ursaluna|spa|1\n|\n|t:|1700317077\n|switch|p1a: Chien-Pao|Chien-Pao, L50|100\/100|[from] Parting Shot\n|-ability|p1a: Chien-Pao|Sword of Ruin\n|move|p2a: Ninetales|Aurora Veil|p2a: Ninetales\n|-sidestart|p2: K_Mal_ayne|move: Aurora Veil\n|\n|-weather|Snow|[upkeep]\n|upkeep\n|\n|t:|1700317079\n|switch|p1b: Flutter Mane|Flutter Mane, L50|100\/100\n|-enditem|p1b: Flutter Mane|Booster Energy\n|-activate|p1b: Flutter Mane|ability: Protosynthesis|[fromitem]\n|-start|p1b: Flutter Mane|protosynthesisspe\n|turn|3\n|\n|t:|1700317100\n|move|p2b: Ursaluna|Vacuum Wave|p1a: Chien-Pao\n|-supereffective|p1a: Chien-Pao\n|-damage|p1a: Chien-Pao|33\/100\n|move|p1b: Flutter Mane|Dazzling Gleam|p2b: Ursaluna|[spread] p2a,p2b\n|-damage|p2a: Ninetales|59\/100\n|-damage|p2b: Ursaluna|83\/100\n|move|p1a: Chien-Pao|Ice Spinner|p2b: Ursaluna\n|-supereffective|p2b: Ursaluna\n|-damage|p2b: Ursaluna|32\/100\n|move|p2a: Ninetales|Blizzard|p1a: Chien-Pao|[spread] p1a,p1b\n|-resisted|p1a: Chien-Pao\n|-damage|p1a: Chien-Pao|8\/100\n|-damage|p1b: Flutter Mane|68\/100\n|\n|-weather|Snow|[upkeep]\n|upkeep\n|turn|4\n|\n|t:|1700317121\n|move|p1a: Chien-Pao|Sucker Punch|p2b: Ursaluna\n|-damage|p2b: Ursaluna|10\/100\n|move|p2b: Ursaluna|Vacuum Wave|p1a: Chien-Pao\n|-supereffective|p1a: Chien-Pao\n|-damage|p1a: Chien-Pao|0 fnt\n|faint|p1a: Chien-Pao\n|move|p1b: Flutter Mane|Dazzling Gleam|p2a: Ninetales|[spread] p2a,p2b\n|-damage|p2a: Ninetales|35\/100\n|-damage|p2b: Ursaluna|0 fnt\n|faint|p2b: Ursaluna\n|move|p2a: Ninetales|Blizzard|p1b: Flutter Mane\n|-crit|p1b: Flutter Mane\n|-damage|p1b: Flutter Mane|1\/100\n|\n|-weather|Snow|[upkeep]\n|upkeep\n|\n|t:|1700317134\n|switch|p1a: Grimmsnarl|Grimmsnarl, L50, M|100\/100\n|switch|p2b: Hydreigon|Hydreigon, L50, F|100\/100\n|turn|5\n|\n|t:|1700317155\n|-terastallize|p2b: Hydreigon|Steel\n|move|p1a: Grimmsnarl|Fake Out|p2b: Hydreigon\n|-resisted|p2b: Hydreigon\n|-damage|p2b: Hydreigon|95\/100\n|move|p1b: Flutter Mane|Dazzling Gleam|p2a: Ninetales|[spread] p2a,p2b\n|-resisted|p2b: Hydreigon\n|-damage|p2a: Ninetales|10\/100\n|-damage|p2b: Hydreigon|85\/100\n|move|p2a: Ninetales|Blizzard|p1b: Flutter Mane|[spread] p1a,p1b\n|-damage|p1a: Grimmsnarl|68\/100\n|-damage|p1b: Flutter Mane|0 fnt\n|faint|p1b: Flutter Mane\n|-end|p1b: Flutter Mane|Protosynthesis|[silent]\n|cant|p2b: Hydreigon|flinch\n|\n|-weather|none\n|upkeep\n|turn|6\n|-message|Jelly Jars forfeited.\n|\n|win|K_Mal_ayne\n|raw|Jelly Jars's rating: 1060 &rarr; <strong>1038<\/strong><br \/>(-22 for losing)\n|raw|K_Mal_ayne's rating: 1000 &rarr; <strong>1047<\/strong><br \/>(+47 for winning)\n|l|\u203dJelly Jars\n","uploadtime":1700317193,"views":9,"p1id":"jellyjars","p2id":"kmalayne","formatid":"gen9vgc2023regulatione","rating":1038,"private":0,"password":""}