{"id":"gen9vgc2023regulatione-1996196995","p1":"Damian is here","p2":"omegaguru","format":"[Gen 9] VGC 2023 Regulation E","log":"|j|\u2606Damian is here\n|j|\u2606omegaguru\n|t:|1700657932\n|gametype|doubles\n|player|p1|Damian is here|cilan|1251\n|player|p2|omegaguru|101|1286\n|teamsize|p1|6\n|teamsize|p2|6\n|gen|9\n|tier|[Gen 9] VGC 2023 Regulation E\n|rated|\n|rule|Species Clause: Limit one of each Pok\u00e9mon\n|rule|Item Clause: Limit one of each item\n|clearpoke\n|poke|p1|Glastrier, L50|\n|poke|p1|Cresselia, L50, F|\n|poke|p1|Arcanine-Hisui, L50, M|\n|poke|p1|Ninetales-Alola, L50, M|\n|poke|p1|Annihilape, L50, F|\n|poke|p1|Kingambit, L50, F|\n|poke|p2|Heatran, L50, F|\n|poke|p2|Ninetales-Alola, L50, M|\n|poke|p2|Urshifu-*, L50, F|\n|poke|p2|Dragonite, L50, F|\n|poke|p2|Iron Bundle, L50|\n|poke|p2|Luxray, L50, M|\n|teampreview|4\n|inactive|Battle timer is ON: inactive players will automatically lose when time's up. (requested by Damian is here)\n|\n|t:|1700657993\n|start\n|switch|p1a: Glastrier|Glastrier, L50|100\/100\n|switch|p1b: Arcanine|Arcanine-Hisui, L50, M|100\/100\n|switch|p2a: Ninetales|Ninetales-Alola, L50, M|100\/100\n|switch|p2b: Heatran|Heatran, L50, F|100\/100\n|-ability|p1b: Arcanine|Intimidate|boost\n|-unboost|p2a: Ninetales|atk|1\n|-unboost|p2b: Heatran|atk|1\n|-weather|Snow|[from] ability: Snow Warning|[of] p2a: Ninetales\n|turn|1\n|\n|t:|1700658010\n|-terastallize|p1a: Glastrier|Water\n|move|p1b: Arcanine|Flare Blitz|p2a: Ninetales\n|-supereffective|p2a: Ninetales\n|-damage|p2a: Ninetales|0 fnt\n|faint|p2a: Ninetales\n|-damage|p1b: Arcanine|72\/100|[from] Recoil\n|move|p2b: Heatran|Substitute|p2b: Heatran\n|-start|p2b: Heatran|Substitute\n|-damage|p2b: Heatran|76\/100\n|move|p1a: Glastrier|High Horsepower|p2b: Heatran\n|-supereffective|p2b: Heatran\n|-end|p2b: Heatran|Substitute\n|\n|-weather|Snow|[upkeep]\n|upkeep\n|\n|t:|1700658028\n|switch|p2a: Urshifu|Urshifu-Rapid-Strike, L50, F|100\/100\n|turn|2\n|inactive|omegaguru has 30 seconds left.\n|\n|t:|1700658058\n|switch|p2b: Dragonite|Dragonite, L50, F|100\/100\n|move|p1b: Arcanine|Flare Blitz|p2a: Urshifu\n|-resisted|p2a: Urshifu\n|-damage|p2a: Urshifu|69\/100\n|-damage|p1b: Arcanine|61\/100|[from] Recoil\n|move|p2a: Urshifu|Close Combat|p1b: Arcanine\n|-supereffective|p1b: Arcanine\n|-damage|p1b: Arcanine|0 fnt\n|-unboost|p2a: Urshifu|def|1\n|-unboost|p2a: Urshifu|spd|1\n|faint|p1b: Arcanine\n|move|p1a: Glastrier|High Horsepower|p2b: Dragonite\n|-immune|p2b: Dragonite\n|\n|-weather|Snow|[upkeep]\n|upkeep\n|c|\u2606Damian is here|What\n|c|\u2606Damian is here|Thats\n|c|\u2606Damian is here|Huh\n|inactive|Damian is here has 30 seconds left.\n|\n|t:|1700658085\n|switch|p1b: Kingambit|Kingambit, L50, F|100\/100\n|-activate|p1b: Kingambit|ability: Supreme Overlord\n|-start|p1b: Kingambit|fallen1|[silent]\n|turn|3\n|c|\u2606Damian is here|I did do that\n|\n|t:|1700658099\n|-terastallize|p2b: Dragonite|Normal\n|move|p2b: Dragonite|Extreme Speed|p1a: Glastrier\n|-damage|p1a: Glastrier|43\/100\n|move|p1b: Kingambit|Sucker Punch|p2a: Urshifu\n|-resisted|p2a: Urshifu\n|-damage|p2a: Urshifu|36\/100\n|move|p2a: Urshifu|Close Combat|p1b: Kingambit\n|-supereffective|p1b: Kingambit\n|-enditem|p1b: Kingambit|Chople Berry|[eat]\n|-enditem|p1b: Kingambit|Chople Berry|[weaken]\n|-damage|p1b: Kingambit|5\/100\n|-unboost|p2a: Urshifu|def|1\n|-unboost|p2a: Urshifu|spd|1\n|move|p1a: Glastrier|Icicle Crash|p2b: Dragonite\n|-damage|p2b: Dragonite|52\/100\n|\n|-weather|Snow|[upkeep]\n|upkeep\n|turn|4\n|\n|t:|1700658123\n|switch|p2a: Heatran|Heatran, L50, F|76\/100\n|move|p2b: Dragonite|Extreme Speed|p1a: Glastrier\n|-damage|p1a: Glastrier|0 fnt\n|faint|p1a: Glastrier\n|move|p1b: Kingambit|Sucker Punch||[still]\n|-fail|p1b: Kingambit\n|\n|-weather|Snow|[upkeep]\n|upkeep\n|\n|t:|1700658129\n|switch|p1a: Cresselia|Cresselia, L50, F|100\/100\n|turn|5\n|\n|t:|1700658141\n|move|p2b: Dragonite|Extreme Speed|p1a: Cresselia\n|-damage|p1a: Cresselia|51\/100\n|move|p1b: Kingambit|Sucker Punch||[still]\n|-fail|p1b: Kingambit\n|move|p2a: Heatran|Heat Wave|p1b: Kingambit|[spread] p1a,p1b\n|-supereffective|p1b: Kingambit\n|-damage|p1a: Cresselia|24\/100\n|-damage|p1b: Kingambit|0 fnt\n|faint|p1b: Kingambit\n|-end|p1b: Kingambit|fallen1|[silent]\n|-damage|p2a: Heatran|66\/100|[from] item: Life Orb\n|move|p1a: Cresselia|Trick Room|p1a: Cresselia\n|-fieldstart|move: Trick Room|[of] p1a: Cresselia\n|\n|-weather|none\n|-heal|p1a: Cresselia|30\/100|[from] item: Leftovers\n|upkeep\n|turn|6\n|-message|Damian is here forfeited.\n|\n|win|omegaguru\n|raw|Damian is here's rating: 1251 &rarr; <strong>1229<\/strong><br \/>(-22 for losing)\n|raw|omegaguru's rating: 1286 &rarr; <strong>1308<\/strong><br \/>(+22 for winning)\n|l|\u2606Damian is here\n","uploadtime":1700658165,"views":8,"p1id":"damianishere","p2id":"omegaguru","formatid":"gen9vgc2023regulatione","rating":1229,"private":0,"password":""}