{"id":"gen9vgc2023regulatione-1994400352","p1":"Mad_Bad_Shark","p2":"ELFRAN132","format":"[Gen 9] VGC 2023 Regulation E","log":"|j|\u2606Mad_Bad_Shark\n|j|\u2606ELFRAN132\n|t:|1700439616\n|gametype|doubles\n|player|p1|Mad_Bad_Shark|clair|1158\n|player|p2|ELFRAN132|102|1257\n|teamsize|p1|6\n|teamsize|p2|6\n|gen|9\n|tier|[Gen 9] VGC 2023 Regulation E\n|rated|\n|rule|Species Clause: Limit one of each Pok\u00e9mon\n|rule|Item Clause: Limit one of each item\n|clearpoke\n|poke|p1|Dondozo, L50, F|\n|poke|p1|Tatsugiri-Droopy, L50, M|\n|poke|p1|Zoroark, L50, F|\n|poke|p1|Drednaw, L50, M|\n|poke|p1|Toxicroak, L50, F|\n|poke|p1|Pelipper, L50, M|\n|poke|p2|Zapdos-Galar, L50|\n|poke|p2|Dragonite, L50, M|\n|poke|p2|Chien-Pao, L50|\n|poke|p2|Rillaboom, L50, M|\n|poke|p2|Dondozo, L50, M|\n|poke|p2|Heatran, L50, F|\n|teampreview|4\n|inactive|Battle timer is ON: inactive players will automatically lose when time's up. (requested by ELFRAN132)\n|\n|t:|1700439661\n|start\n|switch|p1a: postBRO|Pelipper, L50, M|100\/100\n|switch|p1b: BROwser|Drednaw, L50, M, shiny|100\/100\n|switch|p2a: Zapdos|Zapdos-Galar, L50|100\/100\n|switch|p2b: Chien-Pao|Chien-Pao, L50|100\/100\n|-ability|p2b: Chien-Pao|Sword of Ruin\n|-weather|RainDance|[from] ability: Drizzle|[of] p1a: postBRO\n|turn|1\n|\n|t:|1700439684\n|-terastallize|p1a: postBRO|Steel\n|move|p1b: BROwser|Protect|p1b: BROwser\n|-singleturn|p1b: BROwser|Protect\n|move|p2a: Zapdos|Brave Bird|p1a: postBRO\n|-resisted|p1a: postBRO\n|-damage|p1a: postBRO|53\/100\n|-damage|p2a: Zapdos|85\/100|[from] Recoil\n|move|p2b: Chien-Pao|Crunch|p1a: postBRO\n|-damage|p1a: postBRO|0 fnt\n|faint|p1a: postBRO\n|\n|-weather|RainDance|[upkeep]\n|upkeep\n|inactive|Mad_Bad_Shark has 30 seconds left.\n|\n|t:|1700439719\n|switch|p1a: donBROzo|Dondozo, L50, F|100\/100\n|turn|2\n|\n|t:|1700439739\n|switch|p2a: Rillaboom|Rillaboom, L50, M|100\/100\n|-fieldstart|move: Grassy Terrain|[from] ability: Grassy Surge|[of] p2a: Rillaboom\n|move|p2b: Chien-Pao|Crunch|p1a: donBROzo\n|-damage|p1a: donBROzo|51\/100\n|move|p1b: BROwser|Low Kick|p2b: Chien-Pao\n|-supereffective|p2b: Chien-Pao\n|-enditem|p2b: Chien-Pao|Focus Sash\n|-damage|p2b: Chien-Pao|1\/100\n|move|p1a: donBROzo|Surf|p2b: Chien-Pao|[spread] p1b,p2a,p2b\n|-resisted|p2a: Rillaboom\n|-crit|p2a: Rillaboom\n|-damage|p1b: BROwser|20\/100\n|-damage|p2a: Rillaboom|58\/100\n|-damage|p2b: Chien-Pao|0 fnt\n|replace|p1b: zoBROark|Zoroark, L50, F\n|-end|p1b: zoBROark|Illusion\n|faint|p2b: Chien-Pao\n|-damage|p1a: donBROzo|42\/100|[from] item: Life Orb\n|\n|-weather|RainDance|[upkeep]\n|-heal|p1b: zoBROark|26\/100|[from] Grassy Terrain\n|-heal|p2a: Rillaboom|65\/100|[from] Grassy Terrain\n|-heal|p1a: donBROzo|48\/100|[from] Grassy Terrain\n|upkeep\n|\n|t:|1700439755\n|switch|p2b: Zapdos|Zapdos-Galar, L50|85\/100\n|turn|3\n|\n|t:|1700439771\n|move|p1a: donBROzo|Protect|p1a: donBROzo\n|-singleturn|p1a: donBROzo|Protect\n|move|p1b: zoBROark|Sucker Punch|p2a: Rillaboom\n|-damage|p2a: Rillaboom|32\/100\n|move|p2a: Rillaboom|Grassy Glide|p1b: zoBROark\n|-damage|p1b: zoBROark|0 fnt\n|faint|p1b: zoBROark\n|move|p2b: Zapdos|Brave Bird|p1a: donBROzo\n|-activate|p1a: donBROzo|move: Protect\n|\n|-weather|RainDance|[upkeep]\n|-heal|p2a: Rillaboom|39\/100|[from] Grassy Terrain\n|-heal|p1a: donBROzo|54\/100|[from] Grassy Terrain\n|upkeep\n|\n|t:|1700439785\n|switch|p1b: BROwser|Drednaw, L50, M, shiny|100\/100\n|turn|4\n|\n|t:|1700439796\n|switch|p2b: Dondozo|Dondozo, L50, M|100\/100\n|move|p2a: Rillaboom|Grassy Glide|p1b: BROwser\n|-supereffective|p1b: BROwser\n|-damage|p1b: BROwser|0 fnt\n|faint|p1b: BROwser\n|move|p1a: donBROzo|Wave Crash|p2b: Dondozo\n|-resisted|p2b: Dondozo\n|-damage|p2b: Dondozo|74\/100\n|-damage|p1a: donBROzo|38\/100|[from] item: Rocky Helmet|[of] p2b: Dondozo\n|-damage|p1a: donBROzo|28\/100|[from] Recoil\n|-damage|p1a: donBROzo|18\/100|[from] item: Life Orb\n|\n|-weather|RainDance|[upkeep]\n|-heal|p2a: Rillaboom|45\/100|[from] Grassy Terrain\n|-heal|p1a: donBROzo|24\/100|[from] Grassy Terrain\n|-heal|p2b: Dondozo|80\/100|[from] Grassy Terrain\n|upkeep\n|turn|5\n|inactive|Mad_Bad_Shark has 30 seconds left.\n|c|\u2606Mad_Bad_Shark|GG\n|c|\u2606ELFRAN132|gg\n|\n|t:|1700439828\n|move|p2a: Rillaboom|Wood Hammer|p1a: donBROzo\n|-supereffective|p1a: donBROzo\n|-damage|p1a: donBROzo|0 fnt\n|faint|p1a: donBROzo\n|-damage|p2a: Rillaboom|35\/100|[from] Recoil\n|\n|win|ELFRAN132\n|raw|Mad_Bad_Shark's rating: 1158 &rarr; <strong>1140<\/strong><br \/>(-18 for losing)\n|raw|ELFRAN132's rating: 1257 &rarr; <strong>1275<\/strong><br \/>(+18 for winning)\n|l|\u2606Mad_Bad_Shark\n","uploadtime":1700439843,"views":8,"p1id":"madbadshark","p2id":"elfran132","formatid":"gen9vgc2023regulatione","rating":1140,"private":0,"password":""}