{"id":"gen9vgc2023regulatione-1989262812","p1":"Casper614","p2":"Urut","format":"[Gen 9] VGC 2023 Regulation E","log":"|j|\u2606Casper614\n|j|\u2606Urut\n|t:|1699829359\n|gametype|doubles\n|player|p1|Casper614|101|1048\n|player|p2|Urut|101|1073\n|teamsize|p1|6\n|teamsize|p2|6\n|gen|9\n|tier|[Gen 9] VGC 2023 Regulation E\n|rated|\n|rule|Species Clause: Limit one of each Pok\u00e9mon\n|rule|Item Clause: Limit one of each item\n|clearpoke\n|poke|p1|Landorus-Therian, L50, M|\n|poke|p1|Arcanine-Hisui, L50, F|\n|poke|p1|Rillaboom, L50, F|\n|poke|p1|Ogerpon-Wellspring, L50, F|\n|poke|p1|Kingambit, L50, M|\n|poke|p1|Farigiraf, L50, M|\n|poke|p2|Tornadus, L50, M|\n|poke|p2|Iron Hands, L50|\n|poke|p2|Urshifu-*, L50, M|\n|poke|p2|Flutter Mane, L50|\n|poke|p2|Iron Bundle, L50|\n|poke|p2|Luxray, L50, M|\n|teampreview|4\nUrut rejected open team sheets.\n|\n|t:|1699829397\n|start\n|switch|p1a: Arcanine|Arcanine-Hisui, L50, F|100\/100\n|switch|p1b: Kingambit|Kingambit, L50, M|100\/100\n|switch|p2a: Iron Hands|Iron Hands, L50|100\/100\n|switch|p2b: Iron Bundle|Iron Bundle, L50|100\/100\n|-ability|p1a: Arcanine|Intimidate|boost\n|-unboost|p2a: Iron Hands|atk|1\n|-unboost|p2b: Iron Bundle|atk|1\n|-enditem|p2b: Iron Bundle|Booster Energy\n|-activate|p2b: Iron Bundle|ability: Quark Drive|[fromitem]\n|-start|p2b: Iron Bundle|quarkdrivespe\n|turn|1\n|\n|t:|1699829441\n|switch|p1a: Farigiraf|Farigiraf, L50, M|100\/100\n|-terastallize|p1b: Kingambit|Psychic\n|move|p2a: Iron Hands|Fake Out||[still]\n|cant|p1a: Farigiraf|ability: Armor Tail|Fake Out|[of] p2a: Iron Hands\n|move|p2b: Iron Bundle|Chilling Water|p1b: Kingambit\n|-damage|p1b: Kingambit|82\/100\n|-unboost|p1b: Kingambit|atk|1\n|-ability|p1b: Kingambit|Defiant|boost\n|-boost|p1b: Kingambit|atk|2\n|move|p1b: Kingambit|Zen Headbutt|p2a: Iron Hands\n|-supereffective|p2a: Iron Hands\n|-damage|p2a: Iron Hands|8\/100\n|\n|upkeep\n|turn|2\n|\n|t:|1699829470\n|move|p1b: Kingambit|Sucker Punch|p2b: Iron Bundle\n|-damage|p2b: Iron Bundle|26\/100\n|move|p2b: Iron Bundle|Freeze-Dry|p1b: Kingambit\n|-damage|p1b: Kingambit|55\/100\n|-status|p1b: Kingambit|frz\n|move|p1a: Farigiraf|Psychic|p2a: Iron Hands\n|-supereffective|p2a: Iron Hands\n|-damage|p2a: Iron Hands|0 fnt\n|faint|p2a: Iron Hands\n|-end|p2a: Iron Hands|Quark Drive|[silent]\n|\n|upkeep\n|c|\u2606Casper614|bailed\n|\n|t:|1699829486\n|switch|p2a: Flutter Mane|Flutter Mane, L50|100\/100\n|turn|3\n|c|\u2606Casper614|freeze dry freeze is crazy\n|\n|t:|1699829503\n|cant|p1b: Kingambit|frz\n|move|p2b: Iron Bundle|Freeze-Dry|p1b: Kingambit\n|-damage|p1b: Kingambit|29\/100 frz\n|-enditem|p1b: Kingambit|Sitrus Berry|[eat]\n|-heal|p1b: Kingambit|54\/100 frz|[from] item: Sitrus Berry\n|move|p2a: Flutter Mane|Thunderbolt|p1b: Kingambit\n|-damage|p1b: Kingambit|24\/100 frz\n|move|p1a: Farigiraf|Psychic|p2a: Flutter Mane\n|-damage|p2a: Flutter Mane|52\/100\n|\n|upkeep\n|turn|4\n|\n|t:|1699829519\n|cant|p1b: Kingambit|frz\n|move|p2b: Iron Bundle|Freeze-Dry|p1b: Kingambit\n|-damage|p1b: Kingambit|0 fnt\n|faint|p1b: Kingambit\n|move|p2a: Flutter Mane|Dazzling Gleam|p1a: Farigiraf\n|-crit|p1a: Farigiraf\n|-damage|p1a: Farigiraf|37\/100\n|move|p1a: Farigiraf|Psychic|p2b: Iron Bundle\n|-damage|p2b: Iron Bundle|0 fnt\n|faint|p2b: Iron Bundle\n|-end|p2b: Iron Bundle|Quark Drive|[silent]\n|\n|upkeep\n|\n|t:|1699829533\n|switch|p2b: Urshifu|Urshifu-Rapid-Strike, L50, M|100\/100\n|switch|p1b: Arcanine|Arcanine-Hisui, L50, F|100\/100\n|-ability|p1b: Arcanine|Intimidate|boost\n|-unboost|p2a: Flutter Mane|atk|1\n|-unboost|p2b: Urshifu|atk|1\n|turn|5\n|\n|t:|1699829553\n|move|p1b: Arcanine|Extreme Speed|p2b: Urshifu\n|-damage|p2b: Urshifu|61\/100\n|move|p2a: Flutter Mane|Thunderbolt|p1a: Farigiraf\n|-damage|p1a: Farigiraf|5\/100\n|-status|p1a: Farigiraf|par\n|move|p2b: Urshifu|Surging Strikes|p1b: Arcanine\n|-supereffective|p1b: Arcanine\n|-crit|p1b: Arcanine\n|-damage|p1b: Arcanine|0 fnt\n|faint|p1b: Arcanine\n|-hitcount|p1: Arcanine|1\n|-damage|p2b: Urshifu|51\/100|[from] item: Life Orb\n|move|p1a: Farigiraf|Psychic|p2a: Flutter Mane\n|-damage|p2a: Flutter Mane|6\/100\n|\n|upkeep\n|\n|t:|1699829569\n|switch|p1b: Landorus|Landorus-Therian, L50, M|100\/100\n|-ability|p1b: Landorus|Intimidate|boost\n|-unboost|p2a: Flutter Mane|atk|1\n|-unboost|p2b: Urshifu|atk|1\n|turn|6\n|\n|t:|1699829583\n|move|p1b: Landorus|Rock Slide|p2a: Flutter Mane|[spread] p2a,p2b\n|-resisted|p2b: Urshifu\n|-damage|p2a: Flutter Mane|0 fnt\n|-damage|p2b: Urshifu|41\/100\n|faint|p2a: Flutter Mane\n|-end|p2a: Flutter Mane|Protosynthesis|[silent]\n|move|p2b: Urshifu|Surging Strikes|p1b: Landorus\n|-supereffective|p1b: Landorus\n|-crit|p1b: Landorus\n|-damage|p1b: Landorus|49\/100\n|-supereffective|p1b: Landorus\n|-crit|p1b: Landorus\n|-damage|p1b: Landorus|0 fnt\n|faint|p1b: Landorus\n|-hitcount|p1: Landorus|2\n|-damage|p2b: Urshifu|31\/100|[from] item: Life Orb\n|cant|p1a: Farigiraf|par\n|\n|upkeep\n|turn|7\n|c|\u2606Casper614|AND THE FULL PARA\n|\n|t:|1699829608\n|move|p2b: Urshifu|Surging Strikes|p1a: Farigiraf\n|-crit|p1a: Farigiraf\n|-damage|p1a: Farigiraf|0 fnt\n|-damage|p2b: Urshifu|15\/100|[from] item: Rocky Helmet|[of] p1a: Farigiraf\n|faint|p1a: Farigiraf\n|-hitcount|p1: Farigiraf|1\n|-damage|p2b: Urshifu|5\/100|[from] item: Life Orb\n|\n|win|Urut\n|raw|Casper614's rating: 1048 &rarr; <strong>1032<\/strong><br \/>(-16 for losing)\n|raw|Urut's rating: 1073 &rarr; <strong>1100<\/strong><br \/>(+27 for winning)\n","uploadtime":1699829611,"views":7,"p1id":"casper614","p2id":"urut","formatid":"gen9vgc2023regulatione","rating":1032,"private":0,"password":""}