{"id":"gen9vgc2023regulatione-1992188428","p1":"lumabello","p2":"Aquarsene","format":"[Gen 9] VGC 2023 Regulation E","log":"|j|\u2606lumabello\n|j|\u2606Aquarsene\n|t:|1700162313\n|gametype|doubles\n|player|p1|lumabello|twins-gen4dp|1000\n|player|p2|Aquarsene|102|1079\n|teamsize|p1|6\n|teamsize|p2|6\n|gen|9\n|tier|[Gen 9] VGC 2023 Regulation E\n|rated|\n|rule|Species Clause: Limit one of each Pok\u00e9mon\n|rule|Item Clause: Limit one of each item\n|clearpoke\n|poke|p1|Zangoose, L50, M|\n|poke|p1|Tornadus, L50, M|\n|poke|p1|Flutter Mane, L50|\n|poke|p1|Dusclops, L50, F|\n|poke|p1|Ogerpon-Wellspring, L50, F|\n|poke|p1|Landorus-Therian, L50, M|\n|poke|p2|Murkrow, L50, M|\n|poke|p2|Great Tusk, L50|\n|poke|p2|Slowking, L50, M|\n|poke|p2|Hydreigon, L50, F|\n|poke|p2|Amoonguss, L50, F|\n|poke|p2|Palafin, L50, M|\n|teampreview|4\n|inactive|Battle timer is ON: inactive players will automatically lose when time's up. (requested by lumabello)\n|\n|t:|1700162326\n|start\n|switch|p1a: Zangoose|Zangoose, L50, M, shiny|100\/100\n|switch|p1b: Tornadus|Tornadus, L50, M|100\/100\n|switch|p2a: Murkrow|Murkrow, L50, M|100\/100\n|switch|p2b: Great Tusk|Great Tusk, L50|100\/100\n|turn|1\n|inactive|lumabello has 30 seconds left.\n|inactive|lumabello has 20 seconds left.\n|\n|t:|1700162364\n|switch|p1a: Dusclops|Dusclops, L50, F|100\/100\n|-ability|p1a: Dusclops|Pressure\n|move|p1b: Tornadus|Rain Dance|p1b: Tornadus\n|-weather|RainDance\n|move|p2a: Murkrow|Tailwind|p2a: Murkrow\n|-sidestart|p2: Aquarsene|move: Tailwind\n|move|p2b: Great Tusk|Headlong Rush|p1a: Dusclops\n|-damage|p1a: Dusclops|62\/100\n|-unboost|p2b: Great Tusk|def|1\n|-unboost|p2b: Great Tusk|spd|1\n|\n|-weather|RainDance|[upkeep]\n|upkeep\n|turn|2\n|\n|t:|1700162383\n|move|p2a: Murkrow|Haze|p2a: Murkrow\n|-clearallboost\n|move|p2b: Great Tusk|Ice Spinner|p1b: Tornadus\n|-supereffective|p1b: Tornadus\n|-damage|p1b: Tornadus|25\/100\n|move|p1b: Tornadus|Bleakwind Storm|p2a: Murkrow|[spread] p2a,p2b\n|-supereffective|p2b: Great Tusk\n|-damage|p2a: Murkrow|65\/100\n|-damage|p2b: Great Tusk|24\/100\n|-unboost|p2b: Great Tusk|spe|1\n|move|p1a: Dusclops|Trick Room|p1a: Dusclops\n|-fieldstart|move: Trick Room|[of] p1a: Dusclops\n|\n|-weather|RainDance|[upkeep]\n|upkeep\n|turn|3\n|inactive|lumabello has 30 seconds left.\n|inactive|Aquarsene has 30 seconds left.\n|inactive|Aquarsene has 20 seconds left.\n|\n|t:|1700162422\n|move|p1a: Dusclops|Night Shade|p2b: Great Tusk\n|-damage|p2b: Great Tusk|0 fnt\n|faint|p2b: Great Tusk\n|-end|p2b: Great Tusk|Protosynthesis|[silent]\n|move|p1b: Tornadus|Bleakwind Storm|p2a: Murkrow\n|-crit|p2a: Murkrow\n|-damage|p2a: Murkrow|0 fnt\n|faint|p2a: Murkrow\n|\n|-weather|RainDance|[upkeep]\n|upkeep\n|\n|t:|1700162432\n|switch|p2a: Slowking|Slowking, L50, M|100\/100\n|switch|p2b: Hydreigon|Hydreigon, L50, F|100\/100\n|turn|4\n|inactive|lumabello has 30 seconds left.\n|\n|t:|1700162463\n|move|p1a: Dusclops|Pain Split|p2a: Slowking\n|-sethp|p2a: Slowking|73\/100|[from] move: Pain Split|[silent]\n|-sethp|p1a: Dusclops|99\/100|[from] move: Pain Split\n|move|p1b: Tornadus|Bleakwind Storm|p2b: Hydreigon|[spread] p2a,p2b\n|-damage|p2a: Slowking|40\/100\n|-damage|p2b: Hydreigon|58\/100\n|move|p2b: Hydreigon|Dark Pulse|p1a: Dusclops\n|-supereffective|p1a: Dusclops\n|-damage|p1a: Dusclops|47\/100\n|-damage|p2b: Hydreigon|48\/100|[from] item: Life Orb\n|move|p2a: Slowking|Trick Room|p2a: Slowking\n|-fieldend|move: Trick Room\n|\n|-weather|RainDance|[upkeep]\n|-sideend|p2: Aquarsene|move: Tailwind\n|upkeep\n|turn|5\n|inactive|lumabello has 30 seconds left.\n|inactive|Aquarsene has 30 seconds left.\n|\n|t:|1700162490\n|-terastallize|p2b: Hydreigon|Steel\n|move|p2b: Hydreigon|Dark Pulse|p1a: Dusclops\n|-supereffective|p1a: Dusclops\n|-damage|p1a: Dusclops|0 fnt\n|faint|p1a: Dusclops\n|-damage|p2b: Hydreigon|39\/100|[from] item: Life Orb\n|move|p1b: Tornadus|Bleakwind Storm|p2a: Slowking|[spread] p2a,p2b\n|-resisted|p2b: Hydreigon\n|-damage|p2a: Slowking|7\/100\n|-damage|p2b: Hydreigon|17\/100\n|-unboost|p2a: Slowking|spe|1\n|move|p2a: Slowking|Heal Pulse|p2b: Hydreigon\n|-heal|p2b: Hydreigon|67\/100\n|\n|-weather|none\n|upkeep\n|\n|t:|1700162505\n|switch|p1a: Zangoose|Zangoose, L50, M, shiny|100\/100\n|turn|6\n|inactive|lumabello has 30 seconds left.\n|inactive|lumabello has 20 seconds left.\n|\n|t:|1700162542\n|move|p2b: Hydreigon|Dark Pulse|p1b: Tornadus\n|-damage|p1b: Tornadus|0 fnt\n|faint|p1b: Tornadus\n|-damage|p2b: Hydreigon|57\/100|[from] item: Life Orb\n|move|p1a: Zangoose|Swords Dance|p1a: Zangoose\n|-boost|p1a: Zangoose|atk|2\n|move|p2a: Slowking|Scald|p1a: Zangoose\n|-damage|p1a: Zangoose|51\/100\n|-status|p1a: Zangoose|brn\n|\n|-damage|p1a: Zangoose|45\/100 brn|[from] brn\n|upkeep\n|\n|t:|1700162545\n|switch|p1b: Flutter Mane|Flutter Mane, L50|100\/100\n|turn|7\n|-message|lumabello forfeited.\n|\n|win|Aquarsene\n|raw|lumabello's rating: 1000 &rarr; <strong>1000<\/strong><br \/>(+0 for losing)\n|raw|Aquarsene's rating: 1079 &rarr; <strong>1101<\/strong><br \/>(+22 for winning)\n|l|\u2606lumabello\n","uploadtime":1700162575,"views":12,"p1id":"lumabello","p2id":"aquarsene","formatid":"gen9vgc2023regulatione","rating":1000,"private":0,"password":""}