{"id":"gen9vgc2023regulatione-1999322654","p1":"xixuambam","p2":"biffpipp","format":"[Gen 9] VGC 2023 Regulation E","log":"|j|\u2606xixuambam\n|j|\u2606biffpipp\n|t:|1701060203\n|gametype|doubles\n|player|p1|xixuambam|ingo|1355\n|player|p2|biffpipp|wallace|1356\n|teamsize|p1|6\n|teamsize|p2|6\n|gen|9\n|tier|[Gen 9] VGC 2023 Regulation E\n|rated|\n|rule|Species Clause: Limit one of each Pok\u00e9mon\n|rule|Item Clause: Limit one of each item\n|clearpoke\n|poke|p1|Fezandipiti, L50, M|\n|poke|p1|Goodra-Hisui, L50, M|\n|poke|p1|Chi-Yu, L50|\n|poke|p1|Sinistcha, L50|\n|poke|p1|Slowking, L50, M|\n|poke|p1|Landorus-Therian, L50, M|\n|poke|p2|Baxcalibur, L50, M|\n|poke|p2|Ninetales-Alola, L50, M|\n|poke|p2|Roaring Moon, L50|\n|poke|p2|Sinistcha, L50|\n|poke|p2|Milotic, L50, F|\n|poke|p2|Iron Hands, L50|\n|teampreview|4\n|inactive|Battle timer is ON: inactive players will automatically lose when time's up. (requested by xixuambam)\nbiffpipp has agreed to open team sheets.\n|\n|t:|1701060229\n|start\n|switch|p1a: Goodra|Goodra-Hisui, L50, M|100\/100\n|switch|p1b: Landorus|Landorus-Therian, L50, M|100\/100\n|switch|p2a: Milotic|Milotic, L50, F|100\/100\n|switch|p2b: Roaring Moon|Roaring Moon, L50|100\/100\n|-ability|p1b: Landorus|Intimidate|boost\n|-unboost|p2a: Milotic|atk|1\n|-ability|p2a: Milotic|Competitive|boost\n|-boost|p2a: Milotic|spa|2\n|-unboost|p2b: Roaring Moon|atk|1\n|-enditem|p2b: Roaring Moon|Booster Energy\n|-activate|p2b: Roaring Moon|ability: Protosynthesis|[fromitem]\n|-start|p2b: Roaring Moon|protosynthesisspe\n|turn|1\n|\n|t:|1701060251\n|move|p2b: Roaring Moon|Tailwind|p2b: Roaring Moon\n|-sidestart|p2: biffpipp|move: Tailwind\n|move|p1b: Landorus|U-turn|p2b: Roaring Moon\n|-supereffective|p2b: Roaring Moon\n|-damage|p2b: Roaring Moon|38\/100\n|\n|t:|1701060256\n|switch|p1b: Fezandipiti|Fezandipiti, L50, M|100\/100|[from] U-turn\n|move|p2a: Milotic|Coil|p2a: Milotic\n|-boost|p2a: Milotic|atk|1\n|-boost|p2a: Milotic|def|1\n|-boost|p2a: Milotic|accuracy|1\n|move|p1a: Goodra|Acid Armor|p1a: Goodra\n|-boost|p1a: Goodra|def|2\n|\n|upkeep\n|turn|2\n|\n|t:|1701060280\n|-terastallize|p2b: Roaring Moon|Flying\n|move|p2b: Roaring Moon|Acrobatics|p1b: Fezandipiti\n|-damage|p1b: Fezandipiti|62\/100\n|move|p2a: Milotic|Coil|p2a: Milotic\n|-boost|p2a: Milotic|atk|1\n|-boost|p2a: Milotic|def|1\n|-boost|p2a: Milotic|accuracy|1\n|move|p1b: Fezandipiti|Tailwind|p1b: Fezandipiti\n|-sidestart|p1: xixuambam|move: Tailwind\n|move|p1a: Goodra|Acid Armor|p1a: Goodra\n|-boost|p1a: Goodra|def|2\n|\n|upkeep\n|turn|3\n|\n|t:|1701060304\n|move|p2b: Roaring Moon|Acrobatics|p1b: Fezandipiti\n|-damage|p1b: Fezandipiti|26\/100\n|move|p1b: Fezandipiti|Dazzling Gleam|p2a: Milotic|[spread] p2a,p2b\n|-damage|p2a: Milotic|89\/100\n|-damage|p2b: Roaring Moon|25\/100\n|move|p2a: Milotic|Hypnosis|p1a: Goodra\n|-status|p1a: Goodra|slp|[from] move: Hypnosis\n|cant|p1a: Goodra|slp\n|\n|-heal|p2a: Milotic|95\/100|[from] item: Leftovers\n|upkeep\n|turn|4\n|\n|t:|1701060326\n|move|p1b: Fezandipiti|Protect|p1b: Fezandipiti\n|-singleturn|p1b: Fezandipiti|Protect\n|move|p2b: Roaring Moon|Acrobatics|p1b: Fezandipiti\n|-activate|p1b: Fezandipiti|move: Protect\n|move|p2a: Milotic|Coil|p2a: Milotic\n|-boost|p2a: Milotic|atk|1\n|-boost|p2a: Milotic|def|1\n|-boost|p2a: Milotic|accuracy|1\n|cant|p1a: Goodra|slp\n|\n|-heal|p2a: Milotic|100\/100|[from] item: Leftovers\n|-sideend|p2: biffpipp|move: Tailwind\n|upkeep\n|turn|5\n|\n|t:|1701060341\n|move|p1b: Fezandipiti|Dazzling Gleam|p2a: Milotic|[spread] p2a,p2b\n|-damage|p2a: Milotic|90\/100\n|-damage|p2b: Roaring Moon|11\/100\n|move|p2b: Roaring Moon|Acrobatics|p1b: Fezandipiti\n|-damage|p1b: Fezandipiti|0 fnt\n|faint|p1b: Fezandipiti\n|cant|p1a: Goodra|slp\n|move|p2a: Milotic|Hypnosis|p1a: Goodra\n|-fail|p1a: Goodra|slp\n|\n|-heal|p2a: Milotic|96\/100|[from] item: Leftovers\n|-sideend|p1: xixuambam|move: Tailwind\n|upkeep\n|\n|t:|1701060353\n|switch|p1b: Chi-Yu|Chi-Yu, L50|100\/100\n|-ability|p1b: Chi-Yu|Beads of Ruin\n|turn|6\n|\n|t:|1701060368\n|move|p1b: Chi-Yu|Protect|p1b: Chi-Yu\n|-singleturn|p1b: Chi-Yu|Protect\n|move|p2b: Roaring Moon|Tailwind|p2b: Roaring Moon\n|-sidestart|p2: biffpipp|move: Tailwind\n|move|p2a: Milotic|Hypnosis|p1b: Chi-Yu\n|-activate|p1b: Chi-Yu|move: Protect\n|-curestatus|p1a: Goodra|slp|[msg]\n|move|p1a: Goodra|Body Press|p2b: Roaring Moon\n|-resisted|p2b: Roaring Moon\n|-damage|p2b: Roaring Moon|0 fnt\n|faint|p2b: Roaring Moon\n|-end|p2b: Roaring Moon|Protosynthesis|[silent]\n|\n|-heal|p2a: Milotic|100\/100|[from] item: Leftovers\n|upkeep\n|\n|t:|1701060378\n|switch|p2b: Ninetales|Ninetales-Alola, L50, M|100\/100\n|-weather|Snow|[from] ability: Snow Warning|[of] p2b: Ninetales\n|turn|7\n|\n|t:|1701060393\n|move|p2b: Ninetales|Aurora Veil|p2b: Ninetales\n|-sidestart|p2: biffpipp|move: Aurora Veil\n|move|p2a: Milotic|Hypnosis|p1a: Goodra\n|-status|p1a: Goodra|slp|[from] move: Hypnosis\n|move|p1b: Chi-Yu|Heat Wave|p2b: Ninetales|[spread] p2a,p2b\n|-resisted|p2a: Milotic\n|-supereffective|p2b: Ninetales\n|-damage|p2a: Milotic|84\/100\n|-damage|p2b: Ninetales|25\/100\n|-damage|p1b: Chi-Yu|90\/100|[from] item: Life Orb\n|cant|p1a: Goodra|slp\n|\n|-weather|Snow|[upkeep]\n|-heal|p2a: Milotic|90\/100|[from] item: Leftovers\n|upkeep\n|turn|8\n|\n|t:|1701060409\n|move|p1b: Chi-Yu|Protect|p1b: Chi-Yu\n|-singleturn|p1b: Chi-Yu|Protect\n|move|p2b: Ninetales|Moonblast|p1b: Chi-Yu\n|-activate|p1b: Chi-Yu|move: Protect\n|move|p2a: Milotic|Scald|p1b: Chi-Yu\n|-activate|p1b: Chi-Yu|move: Protect\n|-curestatus|p1a: Goodra|slp|[msg]\n|move|p1a: Goodra|Body Press|p2a: Milotic\n|-damage|p2a: Milotic|78\/100\n|\n|-weather|Snow|[upkeep]\n|-heal|p2a: Milotic|84\/100|[from] item: Leftovers\n|upkeep\n|turn|9\n|inactive|xixuambam has 30 seconds left.\n|\n|t:|1701060440\n|switch|p1b: Landorus|Landorus-Therian, L50, M|100\/100\n|-ability|p1b: Landorus|Intimidate|boost\n|-unboost|p2a: Milotic|atk|1\n|-ability|p2a: Milotic|Competitive|boost\n|-boost|p2a: Milotic|spa|2\n|-unboost|p2b: Ninetales|atk|1\n|move|p2b: Ninetales|Icy Wind|p1a: Goodra|[spread] p1a,p1b\n|-supereffective|p1b: Landorus\n|-damage|p1a: Goodra|94\/100\n|-damage|p1b: Landorus|37\/100\n|-unboost|p1a: Goodra|spe|1\n|-unboost|p1b: Landorus|spe|1\n|move|p2a: Milotic|Hypnosis|p1a: Goodra\n|-status|p1a: Goodra|slp|[from] move: Hypnosis\n|cant|p1a: Goodra|slp\n|\n|-weather|Snow|[upkeep]\n|-heal|p2a: Milotic|90\/100|[from] item: Leftovers\n|-heal|p1a: Goodra|99\/100 slp|[from] item: Leftovers\n|-sideend|p2: biffpipp|move: Tailwind\n|upkeep\n|turn|10\n|inactive|xixuambam has 30 seconds left.\n|\n|t:|1701060467\n|move|p2b: Ninetales|Icy Wind|p1b: Landorus|[spread] p1a,p1b\n|-supereffective|p1b: Landorus\n|-damage|p1a: Goodra|92\/100 slp\n|-damage|p1b: Landorus|0 fnt\n|-unboost|p1a: Goodra|spe|1\n|faint|p1b: Landorus\n|move|p2a: Milotic|Coil|p2a: Milotic\n|-boost|p2a: Milotic|atk|1\n|-boost|p2a: Milotic|def|1\n|-boost|p2a: Milotic|accuracy|1\n|cant|p1a: Goodra|slp\n|\n|-weather|Snow|[upkeep]\n|-heal|p2a: Milotic|96\/100|[from] item: Leftovers\n|-heal|p1a: Goodra|98\/100 slp|[from] item: Leftovers\n|upkeep\n|\n|t:|1701060480\n|switch|p1b: Chi-Yu|Chi-Yu, L50|90\/100\n|-ability|p1b: Chi-Yu|Beads of Ruin\n|turn|11\n|\n|t:|1701060489\n|move|p1b: Chi-Yu|Protect|p1b: Chi-Yu\n|-singleturn|p1b: Chi-Yu|Protect\n|move|p2b: Ninetales|Icy Wind|p1a: Goodra|[spread] p1a\n|-activate|p1b: Chi-Yu|move: Protect\n|-damage|p1a: Goodra|90\/100 slp\n|-unboost|p1a: Goodra|spe|1\n|move|p2a: Milotic|Scald|p1b: Chi-Yu\n|-activate|p1b: Chi-Yu|move: Protect\n|cant|p1a: Goodra|slp\n|\n|-weather|none\n|-heal|p2a: Milotic|100\/100|[from] item: Leftovers\n|-heal|p1a: Goodra|96\/100 slp|[from] item: Leftovers\n|upkeep\n|turn|12\n|\n|t:|1701060513\n|-terastallize|p1b: Chi-Yu|Psychic\n|move|p1b: Chi-Yu|Dark Pulse|p2a: Milotic\n|-damage|p2a: Milotic|65\/100\n|-damage|p1b: Chi-Yu|80\/100|[from] item: Life Orb\n|move|p2b: Ninetales|Icy Wind|p1a: Goodra|[spread] p1a\n|-miss|p2b: Ninetales|p1b: Chi-Yu\n|-damage|p1a: Goodra|88\/100 slp\n|-unboost|p1a: Goodra|spe|1\n|move|p2a: Milotic|Scald|p1b: Chi-Yu\n|-damage|p1b: Chi-Yu|0 fnt\n|faint|p1b: Chi-Yu\n|-curestatus|p1a: Goodra|slp|[msg]\n|move|p1a: Goodra|Heavy Slam|p2b: Ninetales\n|-supereffective|p2b: Ninetales\n|-damage|p2b: Ninetales|0 fnt\n|faint|p2b: Ninetales\n|\n|-heal|p2a: Milotic|71\/100|[from] item: Leftovers\n|-heal|p1a: Goodra|94\/100|[from] item: Leftovers\n|upkeep\n|\n|t:|1701060521\n|switch|p2b: Baxcalibur|Baxcalibur, L50, M|100\/100\n|turn|13\n|\n|t:|1701060534\n|move|p1a: Goodra|Protect|p1a: Goodra\n|-singleturn|p1a: Goodra|Protect\n|move|p2b: Baxcalibur|Dragon Dance|p2b: Baxcalibur\n|-boost|p2b: Baxcalibur|atk|1\n|-boost|p2b: Baxcalibur|spe|1\n|move|p2a: Milotic|Hypnosis|p1a: Goodra\n|-activate|p1a: Goodra|move: Protect\n|\n|-heal|p2a: Milotic|77\/100|[from] item: Leftovers\n|-heal|p1a: Goodra|99\/100|[from] item: Leftovers\n|upkeep\n|turn|14\n|-message|xixuambam forfeited.\n|\n|win|biffpipp\n|raw|xixuambam's rating: 1355 &rarr; <strong>1335<\/strong><br \/>(-20 for losing)\n|raw|biffpipp's rating: 1356 &rarr; <strong>1376<\/strong><br \/>(+20 for winning)\n|l|\u2606xixuambam\n","uploadtime":1701060549,"views":5,"p1id":"xixuambam","p2id":"biffpipp","formatid":"gen9vgc2023regulatione","rating":1335,"private":0,"password":""}