{"id":"gen9vgc2023regulatione-1995182555","p1":"BlueJayX2","p2":"creedmongerVGC","format":"[Gen 9] VGC 2023 Regulation E","log":"|j|\u2606BlueJayX2\n|j|\u2606creedmongerVGC\n|t:|1700531833\n|gametype|doubles\n|player|p1|BlueJayX2|marley|1283\n|player|p2|creedmongerVGC|1|1291\n|teamsize|p1|6\n|teamsize|p2|6\n|gen|9\n|tier|[Gen 9] VGC 2023 Regulation E\n|rated|\n|rule|Species Clause: Limit one of each Pok\u00e9mon\n|rule|Item Clause: Limit one of each item\n|clearpoke\n|poke|p1|Sableye, L50, M|\n|poke|p1|Dipplin, L50, F|\n|poke|p1|Dudunsparce-*, L50, M|\n|poke|p1|Dragapult, L50, M|\n|poke|p1|Sinistcha-Masterpiece, L50|\n|poke|p1|Weavile, L50, M|\n|poke|p2|Urshifu-*, L50, F|\n|poke|p2|Gholdengo, L50|\n|poke|p2|Roaring Moon, L50|\n|poke|p2|Amoonguss, L50, F|\n|poke|p2|Iron Hands, L50|\n|poke|p2|Arcanine-Hisui, L50, F|\n|teampreview|4\n|inactive|Battle timer is ON: inactive players will automatically lose when time's up. (requested by BlueJayX2)\n|inactive|creedmongerVGC also wants the timer to be on.\ncreedmongerVGC has agreed to open team sheets.\n|inactive|creedmongerVGC has 60 seconds left.\nBlueJayX2 has agreed to open team sheets.\n|\n|t:|1700531876\n|start\n|switch|p1a: Sableye|Sableye, L50, M|100\/100\n|switch|p1b: Dipplin|Dipplin, L50, F|100\/100\n|switch|p2a: Gholdengo|Gholdengo, L50|100\/100\n|switch|p2b: Roaring Moon|Roaring Moon, L50|100\/100\n|-enditem|p2b: Roaring Moon|Booster Energy\n|-activate|p2b: Roaring Moon|ability: Protosynthesis|[fromitem]\n|-start|p2b: Roaring Moon|protosynthesisspe\n|turn|1\n|inactive|BlueJayX2 has 30 seconds left.\n|inactive|BlueJayX2 has 20 seconds left.\n|inactive|BlueJayX2 has 15 seconds left.\n|\n|t:|1700531920\n|move|p2b: Roaring Moon|Knock Off|p1a: Sableye\n|-damage|p1a: Sableye|28\/100\n|-enditem|p1a: Sableye|Leftovers|[from] move: Knock Off|[of] p2b: Roaring Moon\n|move|p2a: Gholdengo|Nasty Plot|p2a: Gholdengo\n|-boost|p2a: Gholdengo|spa|2\n|move|p1a: Sableye|Foul Play|p2a: Gholdengo\n|-supereffective|p2a: Gholdengo\n|-damage|p2a: Gholdengo|72\/100\n|move|p1b: Dipplin|Infestation|p2b: Roaring Moon\n|-supereffective|p2b: Roaring Moon\n|-damage|p2b: Roaring Moon|88\/100\n|-activate|p2b: Roaring Moon|move: Infestation|[of] p1b: Dipplin\n|\n|-damage|p2b: Roaring Moon|76\/100|[from] move: Infestation|[partiallytrapped]\n|upkeep\n|turn|2\n|inactive|BlueJayX2 has 30 seconds left.\n|inactive|BlueJayX2 has 20 seconds left.\n|inactive|BlueJayX2 has 15 seconds left.\n|\n|t:|1700531962\n|move|p2b: Roaring Moon|Breaking Swipe|p1b: Dipplin|[spread] p1a,p1b\n|-supereffective|p1b: Dipplin\n|-damage|p1a: Sableye|0 fnt\n|-damage|p1b: Dipplin|72\/100\n|-unboost|p1b: Dipplin|atk|1\n|faint|p1a: Sableye\n|move|p2a: Gholdengo|Shadow Ball|p1b: Dipplin\n|-damage|p1b: Dipplin|0 fnt\n|faint|p1b: Dipplin\n|-damage|p2a: Gholdengo|62\/100|[from] item: Life Orb\n|\n|-end|p2b: Roaring Moon|Infestation|[partiallytrapped]|[silent]\n|upkeep\n|\n|t:|1700531974\n|switch|p1a: Weavile|Weavile, L50, M|100\/100\n|switch|p1b: Dudunsparce|Dudunsparce-Three-Segment, L50, M|100\/100\n|-ability|p1a: Weavile|Pressure\n|turn|3\n|inactive|BlueJayX2 has 30 seconds left.\n|\n|t:|1700532003\n|-terastallize|p1b: Dudunsparce|Ghost\n|move|p2b: Roaring Moon|Protect|p2b: Roaring Moon\n|-singleturn|p2b: Roaring Moon|Protect\n|move|p2a: Gholdengo|Protect|p2a: Gholdengo\n|-singleturn|p2a: Gholdengo|Protect\n|move|p1a: Weavile|Fling|p1b: Dudunsparce\n|-supereffective|p1b: Dudunsparce\n|-damage|p1b: Dudunsparce|90\/100\n|-start|p1b: Dudunsparce|move: Focus Energy\n|-ability|p1b: Dudunsparce|Rattled|boost\n|-boost|p1b: Dudunsparce|spe|1\n|-enditem|p1b: Dudunsparce|Weakness Policy\n|-boost|p1b: Dudunsparce|atk|2|[from] item: Weakness Policy\n|-boost|p1b: Dudunsparce|spa|2|[from] item: Weakness Policy\n|-enditem|p1a: Weavile|Lansat Berry|[from] move: Fling\n|move|p1b: Dudunsparce|Hyper Drill|p2b: Roaring Moon\n|-crit|p2b: Roaring Moon\n|-damage|p2b: Roaring Moon|0 fnt\n|faint|p2b: Roaring Moon\n|-end|p2b: Roaring Moon|Protosynthesis|[silent]\n|\n|upkeep\n|\n|t:|1700532028\n|switch|p2b: Brian Hands|Iron Hands, L50, shiny|100\/100\n|turn|4\n|\n|t:|1700532047\n|-terastallize|p2a: Gholdengo|Dragon\n|move|p1b: Dudunsparce|Protect|p1b: Dudunsparce\n|-singleturn|p1b: Dudunsparce|Protect\n|move|p1a: Weavile|Ice Spinner|p2a: Gholdengo\n|-supereffective|p2a: Gholdengo\n|-damage|p2a: Gholdengo|0 fnt\n|faint|p2a: Gholdengo\n|move|p2b: Brian Hands|Wild Charge|p1b: Dudunsparce\n|-activate|p1b: Dudunsparce|move: Protect\n|\n|upkeep\n|\n|t:|1700532057\n|switch|p2a: Arcanine|Arcanine-Hisui, L50, F|100\/100\n|-ability|p2a: Arcanine|Intimidate|boost\n|-unboost|p1a: Weavile|atk|1\n|-unboost|p1b: Dudunsparce|atk|1\n|-ability|p1b: Dudunsparce|Rattled|boost\n|-boost|p1b: Dudunsparce|spe|1\n|turn|5\n|\n|t:|1700532079\n|move|p1a: Weavile|Brick Break|p2a: Arcanine\n|-supereffective|p2a: Arcanine\n|-damage|p2a: Arcanine|61\/100\n|move|p1b: Dudunsparce|Stone Edge|p2a: Arcanine\n|-supereffective|p2a: Arcanine\n|-crit|p2a: Arcanine\n|-damage|p2a: Arcanine|0 fnt\n|faint|p2a: Arcanine\n|move|p2b: Brian Hands|Wild Charge|p1b: Dudunsparce\n|-damage|p1b: Dudunsparce|44\/100\n|-damage|p2b: Brian Hands|90\/100|[from] Recoil\n|\n|upkeep\n|turn|6\n|inactive|creedmongerVGC has 30 seconds left.\n|\n|t:|1700532114\n|move|p1a: Weavile|Brick Break|p2b: Brian Hands\n|-damage|p2b: Brian Hands|78\/100\n|move|p1b: Dudunsparce|Hyper Drill|p2b: Brian Hands\n|-crit|p2b: Brian Hands\n|-damage|p2b: Brian Hands|0 fnt\n|faint|p2b: Brian Hands\n|-end|p2b: Brian Hands|Quark Drive|[silent]\n|\n|win|BlueJayX2\n|raw|BlueJayX2's rating: 1283 &rarr; <strong>1309<\/strong><br \/>(+26 for winning)\n|raw|creedmongerVGC's rating: 1291 &rarr; <strong>1265<\/strong><br \/>(-26 for losing)\n|c|\u2606BlueJayX2|Gg\n|l|\u2606creedmongerVGC\n","uploadtime":1700532122,"views":24,"p1id":"bluejayx2","p2id":"creedmongervgc","formatid":"gen9vgc2023regulatione","rating":1265,"private":0,"password":""}