{"id":"gen9vgc2023regulatione-1992672504","p1":"Volcano0","p2":"IIAkashiII","format":"[Gen 9] VGC 2023 Regulation E","log":"|j|\u2606Volcano0\n|j|\u2606IIAkashiII\n|t:|1700223455\n|gametype|doubles\n|player|p1|Volcano0|benga|1390\n|player|p2|IIAkashiII|hilbert-wonderlauncher|1400\n|teamsize|p1|6\n|teamsize|p2|6\n|gen|9\n|tier|[Gen 9] VGC 2023 Regulation E\n|rated|\n|rule|Species Clause: Limit one of each Pok\u00e9mon\n|rule|Item Clause: Limit one of each item\n|clearpoke\n|poke|p1|Cresselia, L50, F|\n|poke|p1|Heatran, L50, F|\n|poke|p1|Amoonguss, L50, F|\n|poke|p1|Landorus-Therian, L50, M|\n|poke|p1|Iron Hands, L50|\n|poke|p1|Milotic, L50, M|\n|poke|p2|Tornadus, L50, M|\n|poke|p2|Arcanine-Hisui, L50, M|\n|poke|p2|Iron Hands, L50|\n|poke|p2|Urshifu-*, L50, F|\n|poke|p2|Sinistcha, L50|\n|poke|p2|Chien-Pao, L50|\n|teampreview|4\n|inactive|Battle timer is ON: inactive players will automatically lose when time's up. (requested by Volcano0)\n|inactive|Volcano0 has 60 seconds left.\n|\n|t:|1700223492\n|start\n|switch|p1a: Cresselia|Cresselia, L50, F|100\/100\n|switch|p1b: Iron Hands|Iron Hands, L50|100\/100\n|switch|p2a: Sinistcha|Sinistcha, L50|100\/100\n|switch|p2b: Iron Hands|Iron Hands, L50|100\/100\n|turn|1\n|\n|t:|1700223503\n|move|p1a: Cresselia|Helping Hand|p1b: Iron Hands\n|-singleturn|p1b: Iron Hands|Helping Hand|[of] p1a: Cresselia\n|move|p2b: Iron Hands|Fake Out|p1b: Iron Hands\n|-damage|p1b: Iron Hands|89\/100\n|cant|p1b: Iron Hands|flinch\n|move|p2a: Sinistcha|Imprison|p2a: Sinistcha\n|-start|p2a: Sinistcha|move: Imprison\n|\n|upkeep\n|turn|2\n|inactive|IIAkashiII has 30 seconds left.\n|\n|t:|1700223530\n|move|p1a: Cresselia|Helping Hand|p1b: Iron Hands\n|-singleturn|p1b: Iron Hands|Helping Hand|[of] p1a: Cresselia\n|move|p2b: Iron Hands|Wild Charge|p1a: Cresselia\n|-damage|p1a: Cresselia|71\/100\n|-damage|p2b: Iron Hands|93\/100|[from] Recoil\n|move|p2a: Sinistcha|Matcha Gotcha|p1b: Iron Hands|[spread] p1a,p1b\n|-crit|p1a: Cresselia\n|-crit|p1b: Iron Hands\n|-damage|p1a: Cresselia|46\/100\n|-damage|p1b: Iron Hands|70\/100\n|-status|p1a: Cresselia|brn\n|move|p1b: Iron Hands|Heavy Slam|p2a: Sinistcha\n|-damage|p2a: Sinistcha|40\/100\n|-enditem|p2a: Sinistcha|Sitrus Berry|[eat]\n|-heal|p2a: Sinistcha|65\/100|[from] item: Sitrus Berry\n|\n|-damage|p1a: Cresselia|40\/100 brn|[from] brn\n|upkeep\n|turn|3\n|\n|t:|1700223552\n|move|p2b: Iron Hands|Wild Charge|p1a: Cresselia\n|-damage|p1a: Cresselia|9\/100 brn\n|-damage|p2b: Iron Hands|86\/100|[from] Recoil\n|move|p2a: Sinistcha|Matcha Gotcha|p1b: Iron Hands|[spread] \n|-miss|p2a: Sinistcha|p1a: Cresselia\n|-miss|p2a: Sinistcha|p1b: Iron Hands\n|move|p1a: Cresselia|Lunar Blessing|p1a: Cresselia|[spread] p1a,p1b\n|-heal|p1a: Cresselia|34\/100 brn\n|-curestatus|p1a: Cresselia|brn|[msg]\n|-heal|p1b: Iron Hands|95\/100\n|move|p1b: Iron Hands|Drain Punch|p2b: Iron Hands\n|-damage|p2b: Iron Hands|55\/100\n|-heal|p1b: Iron Hands|100\/100|[from] drain|[of] p2b: Iron Hands\n|\n|upkeep\n|turn|4\n|\n|t:|1700223573\n|move|p1a: Cresselia|Helping Hand|p1b: Iron Hands\n|-singleturn|p1b: Iron Hands|Helping Hand|[of] p1a: Cresselia\n|move|p2b: Iron Hands|Wild Charge|p1a: Cresselia\n|-damage|p1a: Cresselia|2\/100\n|-damage|p2b: Iron Hands|47\/100|[from] Recoil\n|move|p2a: Sinistcha|Matcha Gotcha|p1b: Iron Hands|[spread] p1a,p1b\n|-damage|p1a: Cresselia|0 fnt\n|-heal|p2a: Sinistcha|66\/100|[from] drain|[of] p1a: Cresselia\n|-damage|p1b: Iron Hands|88\/100\n|-heal|p2a: Sinistcha|75\/100|[from] drain|[of] p1b: Iron Hands\n|faint|p1a: Cresselia\n|move|p1b: Iron Hands|Heavy Slam|p2a: Sinistcha\n|-damage|p2a: Sinistcha|9\/100\n|\n|upkeep\n|\n|t:|1700223588\n|switch|p1a: Heatran|Heatran, L50, F|100\/100\n|turn|5\n|\n|t:|1700223609\n|switch|p2a: Chien-Pao|Chien-Pao, L50|100\/100\n|-ability|p2a: Chien-Pao|Sword of Ruin\n|-terastallize|p1a: Heatran|Grass\n|move|p2b: Iron Hands|Close Combat|p1a: Heatran\n|-damage|p1a: Heatran|14\/100\n|-unboost|p2b: Iron Hands|def|1\n|-unboost|p2b: Iron Hands|spd|1\n|move|p1b: Iron Hands|Drain Punch|p2b: Iron Hands\n|-damage|p2b: Iron Hands|0 fnt\n|-heal|p1b: Iron Hands|100\/100|[from] drain|[of] p2b: Iron Hands\n|faint|p2b: Iron Hands\n|-end|p2b: Iron Hands|Quark Drive|[silent]\n|move|p1a: Heatran|Heat Wave|p2a: Chien-Pao\n|-supereffective|p2a: Chien-Pao\n|-enditem|p2a: Chien-Pao|Focus Sash\n|-damage|p2a: Chien-Pao|1\/100\n|-status|p2a: Chien-Pao|brn\n|\n|-heal|p1a: Heatran|20\/100|[from] item: Leftovers\n|-damage|p2a: Chien-Pao|0 fnt|[from] brn\n|faint|p2a: Chien-Pao\n|upkeep\n|\n|t:|1700223618\n|switch|p2a: Sinistcha|Sinistcha, L50|9\/100\n|switch|p2b: Urshifu|Urshifu-Rapid-Strike, L50, F|100\/100\n|turn|6\n|inactive|Volcano0 has 30 seconds left.\n|inactive|IIAkashiII has 30 seconds left.\n|inactive|IIAkashiII has 20 seconds left.\n|inactive|IIAkashiII has 15 seconds left.\n|inactive|IIAkashiII has 10 seconds left.\n|inactive|IIAkashiII has 5 seconds left.\n|-message|IIAkashiII forfeited.\n|\n|win|Volcano0\n|raw|Volcano0's rating: 1390 &rarr; <strong>1411<\/strong><br \/>(+21 for winning)\n|raw|IIAkashiII's rating: 1400 &rarr; <strong>1379<\/strong><br \/>(-21 for losing)\n|l|\u2606IIAkashiII\n","uploadtime":1700223676,"views":9,"p1id":"volcano0","p2id":"iiakashiii","formatid":"gen9vgc2023regulatione","rating":1379,"private":0,"password":""}