{"id":"gen9vgc2023regulatione-1994875649","p1":"TheKrispiestTOTs","p2":"drounddd","format":"[Gen 9] VGC 2023 Regulation E","log":"|j|\u2606TheKrispiestTOTs\n|j|\u2606drounddd\n|t:|1700500792\n|gametype|doubles\n|player|p1|TheKrispiestTOTs|nate|1029\n|player|p2|drounddd|thorton|1096\n|teamsize|p1|6\n|teamsize|p2|6\n|gen|9\n|tier|[Gen 9] VGC 2023 Regulation E\n|rated|\n|rule|Species Clause: Limit one of each Pok\u00e9mon\n|rule|Item Clause: Limit one of each item\n|clearpoke\n|poke|p1|Furret, L50, F|\n|poke|p1|Tornadus, L50, M|\n|poke|p1|Landorus-Therian, L50, M|\n|poke|p1|Chien-Pao, L50|\n|poke|p1|Arcanine-Hisui, L50, F|\n|poke|p1|Rillaboom, L50, F|\n|poke|p2|Okidogi, L50, M|\n|poke|p2|Salamence, L50, F|\n|poke|p2|Ogerpon-Hearthflame, L50, F|\n|poke|p2|Flutter Mane, L50|\n|poke|p2|Chien-Pao, L50|\n|poke|p2|Sinistcha, L50|\n|teampreview|4\n|inactive|Battle timer is ON: inactive players will automatically lose when time's up. (requested by drounddd)\n|\n|t:|1700500821\n|start\n|switch|p1a: Tornadus|Tornadus, L50, M|100\/100\n|switch|p1b: Furret|Furret, L50, F|100\/100\n|switch|p2a: Salamence|Salamence, L50, F|100\/100\n|switch|p2b: Okidogi|Okidogi, L50, M|100\/100\n|-ability|p2a: Salamence|Intimidate|boost\n|-unboost|p1a: Tornadus|atk|1\n|-unboost|p1b: Furret|atk|1\n|-item|p2a: Salamence|Sitrus Berry|[from] ability: Frisk|[of] p1b: Furret|[identify]\n|-item|p2b: Okidogi|Leftovers|[from] ability: Frisk|[of] p1b: Furret|[identify]\n|turn|1\n|inactive|TheKrispiestTOTs has 30 seconds left.\n|\n|t:|1700500854\n|move|p1a: Tornadus|Tailwind|p1a: Tornadus\n|-sidestart|p1: TheKrispiestTOTs|move: Tailwind\n|move|p1b: Furret|U-turn|p2b: Okidogi\n|-resisted|p2b: Okidogi\n|-damage|p2b: Okidogi|98\/100\n|\n|t:|1700500862\n|switch|p1b: Arcanine|Arcanine-Hisui, L50, F|100\/100|[from] U-turn\n|-ability|p1b: Arcanine|Intimidate|boost\n|-unboost|p2a: Salamence|atk|1\n|-ability|p2b: Okidogi|Guard Dog|boost\n|-boost|p2b: Okidogi|atk|1\n|move|p2a: Salamence|Tailwind|p2a: Salamence\n|-sidestart|p2: drounddd|move: Tailwind\n|move|p2b: Okidogi|Bulk Up|p2b: Okidogi\n|-boost|p2b: Okidogi|atk|1\n|-boost|p2b: Okidogi|def|1\n|\n|-heal|p2b: Okidogi|100\/100|[from] item: Leftovers\n|upkeep\n|turn|2\n|\n|t:|1700500881\n|switch|p1b: Landorus|Landorus-Therian, L50, M|100\/100\n|-ability|p1b: Landorus|Intimidate|boost\n|-unboost|p2a: Salamence|atk|1\n|-ability|p2b: Okidogi|Guard Dog|boost\n|-boost|p2b: Okidogi|atk|1\n|move|p1a: Tornadus|Icy Wind|p2a: Salamence|[spread] p2a,p2b\n|-supereffective|p2a: Salamence\n|-damage|p2a: Salamence|36\/100\n|-damage|p2b: Okidogi|84\/100\n|-unboost|p2a: Salamence|spe|1\n|-unboost|p2b: Okidogi|spe|1\n|-enditem|p2a: Salamence|Sitrus Berry|[eat]\n|-heal|p2a: Salamence|61\/100|[from] item: Sitrus Berry\n|move|p2a: Salamence|Rock Slide|p1b: Landorus|[spread] p1a,p1b\n|-supereffective|p1a: Tornadus\n|-damage|p1a: Tornadus|71\/100\n|-damage|p1b: Landorus|90\/100\n|move|p2b: Okidogi|Drain Punch|p1b: Landorus\n|-resisted|p1b: Landorus\n|-damage|p1b: Landorus|32\/100\n|-heal|p2b: Okidogi|100\/100|[from] drain|[of] p1b: Landorus\n|\n|upkeep\n|turn|3\n|inactive|drounddd has 30 seconds left.\n|\n|t:|1700500912\n|move|p1b: Landorus|U-turn|p2b: Okidogi\n|-resisted|p2b: Okidogi\n|-damage|p2b: Okidogi|97\/100\n|\n|t:|1700500915\n|switch|p1b: Furret|Furret, L50, F|100\/100|[from] U-turn\n|-item|p2b: Okidogi|Leftovers|[from] ability: Frisk|[of] p1b: Furret|[identify]\n|move|p1a: Tornadus|Icy Wind|p2b: Okidogi|[spread] p2a,p2b\n|-supereffective|p2a: Salamence\n|-damage|p2a: Salamence|0 fnt\n|-damage|p2b: Okidogi|82\/100\n|-unboost|p2b: Okidogi|spe|1\n|faint|p2a: Salamence\n|move|p2b: Okidogi|Bulk Up|p2b: Okidogi\n|-boost|p2b: Okidogi|atk|1\n|-boost|p2b: Okidogi|def|1\n|\n|-heal|p2b: Okidogi|88\/100|[from] item: Leftovers\n|upkeep\n|\n|t:|1700500930\n|switch|p2a: Sinistcha|Sinistcha, L50|100\/100\n|-heal|p2b: Okidogi|100\/100|[from] ability: Hospitality|[of] p2a: Sinistcha\n|turn|4\n|\n|t:|1700500944\n|-terastallize|p1a: Tornadus|Flying\n|move|p2a: Sinistcha|Rage Powder|p2a: Sinistcha\n|-singleturn|p2a: Sinistcha|move: Rage Powder\n|move|p1a: Tornadus|Bleakwind Storm|p2a: Sinistcha|[spread] p2a,p2b\n|-supereffective|p2a: Sinistcha\n|-supereffective|p2b: Okidogi\n|-damage|p2a: Sinistcha|0 fnt\n|-damage|p2b: Okidogi|0 fnt\n|faint|p2a: Sinistcha\n|faint|p2b: Okidogi\n|move|p1b: Furret|Super Fang|p2: Sinistcha|[notarget]\n|-fail|p1b: Furret\n|\n|-sideend|p1: TheKrispiestTOTs|move: Tailwind\n|-sideend|p2: drounddd|move: Tailwind\n|upkeep\n|\n|t:|1700500956\n|switch|p2b: Chien-Pao|Chien-Pao, L50|100\/100\n|-ability|p2b: Chien-Pao|Sword of Ruin\n|turn|5\n|\n|t:|1700500972\n|switch|p1b: Arcanine|Arcanine-Hisui, L50, F|100\/100\n|-ability|p1b: Arcanine|Intimidate|boost\n|-unboost|p2b: Chien-Pao|atk|1\n|move|p2b: Chien-Pao|Icicle Crash|p1a: Tornadus\n|-supereffective|p1a: Tornadus\n|-damage|p1a: Tornadus|0 fnt\n|faint|p1a: Tornadus\n|\n|upkeep\n|\n|t:|1700500979\n|switch|p1a: Furret|Furret, L50, F|100\/100\n|-item|p2b: Chien-Pao|Focus Sash|[from] ability: Frisk|[of] p1a: Furret|[identify]\n|turn|6\n|\n|t:|1700500991\n|move|p2b: Chien-Pao|Sucker Punch|p1b: Arcanine\n|-damage|p1b: Arcanine|62\/100\n|move|p1b: Arcanine|Rock Slide|p2b: Chien-Pao\n|-supereffective|p2b: Chien-Pao\n|-enditem|p2b: Chien-Pao|Focus Sash\n|-damage|p2b: Chien-Pao|1\/100\n|move|p1a: Furret|Trick|p2b: Chien-Pao\n|-activate|p1a: Furret|move: Trick|[of] p2b: Chien-Pao\n|-item|p2b: Chien-Pao|Choice Band|[from] move: Trick\n|-enditem|p1a: Furret|Choice Band|[silent]|[from] move: Trick\n|\n|upkeep\n|turn|7\n|\n|t:|1700501010\n|switch|p1b: Landorus|Landorus-Therian, L50, M|32\/100\n|-ability|p1b: Landorus|Intimidate|boost\n|-unboost|p2b: Chien-Pao|atk|1\n|move|p2b: Chien-Pao|Crunch|p1b: Landorus\n|-damage|p1b: Landorus|0 fnt\n|faint|p1b: Landorus\n|move|p1a: Furret|Super Fang|p2b: Chien-Pao\n|-damage|p2b: Chien-Pao|0 fnt\n|faint|p2b: Chien-Pao\n|\n|win|TheKrispiestTOTs\n|raw|TheKrispiestTOTs's rating: 1029 &rarr; <strong>1071<\/strong><br \/>(+42 for winning)\n|raw|drounddd's rating: 1096 &rarr; <strong>1067<\/strong><br \/>(-29 for losing)\n|l|\u2606drounddd\n|l|\u2606TheKrispiestTOTs\n|j|\u2606TheKrispiestTOTs\n|player|p1|TheKrispiestTOTs|nate\n","uploadtime":1700501024,"views":9,"p1id":"thekrispiesttots","p2id":"drounddd","formatid":"gen9vgc2023regulatione","rating":1067,"private":0,"password":""}