{"id":"gen9vgc2023regulatione-1998127769","p1":"drmsang","p2":"NApiplana","format":"[Gen 9] VGC 2023 Regulation E","log":"|j|\u2606drmsang\n|j|\u2606NApiplana\n|t:|1700896419\n|gametype|doubles\n|player|p1|drmsang|102|1126\n|player|p2|NApiplana|dawn-masters3|1040\n|teamsize|p1|6\n|teamsize|p2|6\n|gen|9\n|tier|[Gen 9] VGC 2023 Regulation E\n|rated|\n|rule|Species Clause: Limit one of each Pok\u00e9mon\n|rule|Item Clause: Limit one of each item\n|clearpoke\n|poke|p1|Clodsire, L50, M|\n|poke|p1|Koffing, L50, F|\n|poke|p1|Arboliva, L50, F|\n|poke|p1|Skuntank, L50, M|\n|poke|p1|Sneasler, L50, M|\n|poke|p1|Munkidori, L50, M|\n|poke|p2|Murkrow, L50, F|\n|poke|p2|Gengar, L50, F|\n|poke|p2|Gothitelle, L50, F|\n|poke|p2|Sinistcha-Masterpiece, L50|\n|poke|p2|Pelipper, L50, M|\n|poke|p2|Luxray, L50, F|\n|teampreview|4\n|inactive|Battle timer is ON: inactive players will automatically lose when time's up. (requested by NApiplana)\n|\n|t:|1700896486\n|start\n|switch|p1a: Skuntank|Skuntank, L50, M|100\/100\n|switch|p1b: Sneasler|Sneasler, L50, M|100\/100\n|switch|p2a: Murkrow|Murkrow, L50, F, shiny|100\/100\n|switch|p2b: Luxray|Luxray, L50, F, shiny|100\/100\n|-ability|p2b: Luxray|Intimidate|boost\n|-unboost|p1a: Skuntank|atk|1\n|-unboost|p1b: Sneasler|atk|1\n|turn|1\n|inactive|drmsang has 30 seconds left.\n|inactive|drmsang has 20 seconds left.\n|\n|t:|1700896523\n|move|p1b: Sneasler|Fake Out|p2b: Luxray\n|-damage|p2b: Luxray|91\/100\n|move|p2a: Murkrow|Feather Dance|p1b: Sneasler\n|-unboost|p1b: Sneasler|atk|2\n|move|p1a: Skuntank|Poison Jab|p2b: Luxray\n|-damage|p2b: Luxray|69\/100\n|-status|p2b: Luxray|psn\n|cant|p2b: Luxray|flinch\n|\n|-damage|p2b: Luxray|57\/100 psn|[from] psn\n|upkeep\n|turn|2\n|\n|t:|1700896545\n|switch|p1b: Koffing|Koffing, L50, F|100\/100\n|-ability|p1b: Koffing|Neutralizing Gas\n|move|p1a: Skuntank|Protect|p1a: Skuntank\n|-singleturn|p1a: Skuntank|Protect\n|move|p2a: Murkrow|Perish Song|p2a: Murkrow\n|-start|p1a: Skuntank|perish3|[silent]\n|-start|p1b: Koffing|perish3|[silent]\n|-start|p2a: Murkrow|perish3|[silent]\n|-start|p2b: Luxray|perish3|[silent]\n|-fieldactivate|move: Perish Song\n|move|p2b: Luxray|Volt Switch|p1a: Skuntank\n|-activate|p1a: Skuntank|move: Protect\n|\n|-damage|p2b: Luxray|44\/100 psn|[from] psn\n|-start|p1a: Skuntank|perish3\n|-start|p2a: Murkrow|perish3\n|-start|p2b: Luxray|perish3\n|-start|p1b: Koffing|perish3\n|upkeep\n|turn|3\n|inactive|drmsang has 30 seconds left.\n|inactive|NApiplana has 30 seconds left.\n|\n|t:|1700896574\n|switch|p1a: Munkidori|Munkidori, L50, M|100\/100\n|move|p2a: Murkrow|U-turn|p1a: Munkidori\n|-damage|p1a: Munkidori|85\/100\n|\n|t:|1700896582\n|switch|p2a: Sinistcha|Sinistcha-Masterpiece, L50, shiny|100\/100|[from] U-turn\n|move|p2b: Luxray|Snarl|p1a: Munkidori|[spread] p1a,p1b\n|-supereffective|p1a: Munkidori\n|-damage|p1a: Munkidori|71\/100\n|-damage|p1b: Koffing|92\/100\n|-unboost|p1a: Munkidori|spa|1\n|-unboost|p1b: Koffing|spa|1\n|move|p1b: Koffing|Toxic|p2a: Sinistcha\n|-status|p2a: Sinistcha|tox\n|\n|-damage|p2b: Luxray|32\/100 psn|[from] psn\n|-damage|p2a: Sinistcha|94\/100 tox|[from] psn\n|-start|p2b: Luxray|perish2\n|-start|p1b: Koffing|perish2\n|upkeep\n|turn|4\n|inactive|drmsang has 30 seconds left.\n|inactive|NApiplana has 30 seconds left.\n|inactive|drmsang has 20 seconds left.\n|inactive|drmsang has 15 seconds left.\n|inactive|drmsang has 10 seconds left.\n|inactive|drmsang has 5 seconds left.\n|\n|t:|1700896635\n|-end|p1b: Koffing|ability: Neutralizing Gas\n|-ability|p2b: Luxray|Intimidate|boost\n|-unboost|p1a: Munkidori|atk|1\n|-unboost|p1b: Koffing|atk|1\n|-heal|p2b: Luxray|57\/100 psn|[from] ability: Hospitality|[of] p2a: Sinistcha\n|switch|p1b: Skuntank|Skuntank, L50, M|100\/100\n|move|p2b: Luxray|Protect|p2b: Luxray\n|-singleturn|p2b: Luxray|Protect\n|move|p2a: Sinistcha|Protect|p2a: Sinistcha\n|-singleturn|p2a: Sinistcha|Protect\n|move|p1a: Munkidori|Fake Out|p2b: Luxray\n|-activate|p2b: Luxray|move: Protect\n|\n|-damage|p2b: Luxray|44\/100 psn|[from] psn\n|-damage|p2a: Sinistcha|82\/100 tox|[from] psn\n|-start|p2b: Luxray|perish1\n|upkeep\n|turn|5\n|inactive|drmsang has 30 seconds left.\n|inactive|NApiplana has 30 seconds left.\n|inactive|drmsang has 20 seconds left.\n|inactive|NApiplana has 20 seconds left.\n|inactive|NApiplana has 15 seconds left.\n|\n|t:|1700896678\n|switch|p2a: Gothitelle|Gothitelle, L50, F, shiny|100\/100\n|move|p1b: Skuntank|Sucker Punch||[still]\n|-fail|p1b: Skuntank\n|move|p1a: Munkidori|Psyshock|p2b: Luxray\n|-damage|p2b: Luxray|20\/100 psn\n|move|p2b: Luxray|Volt Switch|p1b: Skuntank\n|-crit|p1b: Skuntank\n|-damage|p1b: Skuntank|58\/100\n|\n|t:|1700896687\n|switch|p2b: Murkrow|Murkrow, L50, F, shiny|100\/100|[from] Volt Switch\n|\n|upkeep\n|turn|6\n|\n|t:|1700896703\n|move|p2a: Gothitelle|Fake Out|p1b: Skuntank\n|-damage|p1b: Skuntank|52\/100\n|move|p2b: Murkrow|Perish Song|p2b: Murkrow\n|-start|p1a: Munkidori|perish3|[silent]\n|-start|p1b: Skuntank|perish3|[silent]\n|-start|p2a: Gothitelle|perish3|[silent]\n|-start|p2b: Murkrow|perish3|[silent]\n|-fieldactivate|move: Perish Song\n|move|p1a: Munkidori|U-turn|p2a: Gothitelle\n|-supereffective|p2a: Gothitelle\n|-damage|p2a: Gothitelle|88\/100\n|\n|t:|1700896715\n|switch|p1a: Koffing|Koffing, L50, F|92\/100|[from] U-turn\n|-ability|p1a: Koffing|Neutralizing Gas\n|cant|p1b: Skuntank|flinch\n|\n|-start|p1b: Skuntank|perish3\n|-start|p2b: Murkrow|perish3\n|-start|p2a: Gothitelle|perish3\n|upkeep\n|turn|7\n|\n|t:|1700896737\n|move|p2b: Murkrow|Protect|p2b: Murkrow\n|-singleturn|p2b: Murkrow|Protect\n|move|p2a: Gothitelle|Protect|p2a: Gothitelle\n|-singleturn|p2a: Gothitelle|Protect\n|move|p1b: Skuntank|Night Slash|p2a: Gothitelle\n|-activate|p2a: Gothitelle|move: Protect\n|move|p1a: Koffing|Toxic|p2b: Murkrow\n|-activate|p2b: Murkrow|move: Protect\n|\n|-start|p1b: Skuntank|perish2\n|-start|p2b: Murkrow|perish2\n|-start|p2a: Gothitelle|perish2\n|upkeep\n|turn|8\n|\n|t:|1700896760\n|switch|p1b: Munkidori|Munkidori, L50, M|71\/100\n|switch|p2a: Luxray|Luxray, L50, F, shiny|20\/100 psn\n|move|p2b: Murkrow|Perish Song|p2b: Murkrow\n|-start|p1a: Koffing|perish3|[silent]\n|-start|p1b: Munkidori|perish3|[silent]\n|-start|p2a: Luxray|perish3|[silent]\n|-fieldactivate|move: Perish Song\n|move|p1a: Koffing|Toxic|p2b: Murkrow\n|-status|p2b: Murkrow|tox\n|\n|-damage|p2b: Murkrow|94\/100 tox|[from] psn\n|-damage|p2a: Luxray|8\/100 psn|[from] psn\n|-start|p1b: Munkidori|perish3\n|-start|p2b: Murkrow|perish1\n|-start|p2a: Luxray|perish3\n|-start|p1a: Koffing|perish3\n|upkeep\n|turn|9\n|inactive|drmsang has 30 seconds left.\n|inactive|NApiplana has 30 seconds left.\n|\n|t:|1700896794\n|switch|p2b: Sinistcha|Sinistcha-Masterpiece, L50, shiny|82\/100 tox\n|move|p1b: Munkidori|U-turn|p2b: Sinistcha\n|-damage|p2b: Sinistcha|72\/100 tox\n|\n|t:|1700896800\n|switch|p1b: Skuntank|Skuntank, L50, M|52\/100|[from] U-turn\n|move|p2a: Luxray|Snarl|p1b: Skuntank|[spread] p1a,p1b\n|-resisted|p1b: Skuntank\n|-damage|p1a: Koffing|83\/100\n|-damage|p1b: Skuntank|47\/100\n|-unboost|p1a: Koffing|spa|1\n|-unboost|p1b: Skuntank|spa|1\n|move|p1a: Koffing|Tera Blast|p2a: Luxray\n|-damage|p2a: Luxray|1\/100 psn\n|\n|-damage|p2a: Luxray|0 fnt|[from] psn\n|faint|p2a: Luxray\n|-damage|p2b: Sinistcha|66\/100 tox|[from] psn\n|-start|p1a: Koffing|perish2\n|upkeep\n|-message|NApiplana forfeited.\n|\n|win|drmsang\n|raw|drmsang's rating: 1126 &rarr; <strong>1145<\/strong><br \/>(+19 for winning)\n|raw|NApiplana's rating: 1040 &rarr; <strong>1028<\/strong><br \/>(-12 for losing)\n|l|\u2606NApiplana\n","uploadtime":1700896843,"views":19,"p1id":"drmsang","p2id":"napiplana","formatid":"gen9vgc2023regulatione","rating":1028,"private":0,"password":""}