{"id":"gen9vgc2023regulatione-1996702369","p1":"hatenat4321","p2":"Desiree Selch","format":"[Gen 9] VGC 2023 Regulation E","log":"|j|\u2606hatenat4321\n|j|\u2606Desiree Selch\n|t:|1700711748\n|gametype|doubles\n|player|p1|hatenat4321|102|1532\n|player|p2|Desiree Selch|mom-alola|1469\n|teamsize|p1|6\n|teamsize|p2|6\n|gen|9\n|tier|[Gen 9] VGC 2023 Regulation E\n|rated|\n|rule|Species Clause: Limit one of each Pok\u00e9mon\n|rule|Item Clause: Limit one of each item\n|clearpoke\n|poke|p1|Tornadus, L50, M|\n|poke|p1|Regieleki, L50|\n|poke|p1|Indeedee-F, L50, F|\n|poke|p1|Urshifu-*, L50, M|\n|poke|p1|Gholdengo, L50|\n|poke|p1|Ogerpon-Wellspring, L50, F|\n|poke|p2|Tinkaton, L50, F|\n|poke|p2|Pelipper, L50, M|\n|poke|p2|Overqwil, L50, M|\n|poke|p2|Rillaboom, L50, F|\n|poke|p2|Chien-Pao, L50|\n|poke|p2|Gholdengo, L50|\n|teampreview|4\n|inactive|Battle timer is ON: inactive players will automatically lose when time's up. (requested by hatenat4321)\n|j| meowmeowjoe\n|inactive|hatenat4321 has 60 seconds left.\n|inactive|Desiree Selch has 60 seconds left.\n|inactive|hatenat4321 has 30 seconds left.\n|inactive|hatenat4321 has 20 seconds left.\n|\n|t:|1700711820\n|start\n|switch|p1a: Regieleki|Regieleki, L50|100\/100\n|switch|p1b: Tornadus|Tornadus, L50, M|100\/100\n|switch|p2a: Nutcracker|Tinkaton, L50, F|100\/100\n|switch|p2b: Angy Bird|Pelipper, L50, M|100\/100\n|-weather|RainDance|[from] ability: Drizzle|[of] p2b: Angy Bird\n|turn|1\n|\n|t:|1700711845\n|switch|p1b: Indeedee|Indeedee-F, L50, F|100\/100\n|-fieldstart|move: Psychic Terrain|[from] ability: Psychic Surge|[of] p1b: Indeedee\n|-enditem|p1b: Indeedee|Psychic Seed\n|-boost|p1b: Indeedee|spd|1|[from] item: Psychic Seed\n|-terastallize|p2b: Angy Bird|Electric\n|move|p1a: Regieleki|Thunderbolt|p2b: Angy Bird\n|-resisted|p2b: Angy Bird\n|-damage|p2b: Angy Bird|63\/100\n|move|p2a: Nutcracker|Play Rough|p1a: Regieleki\n|-damage|p1a: Regieleki|38\/100\n|move|p2b: Angy Bird|Hydro Pump|p1a: Regieleki\n|-damage|p1a: Regieleki|0 fnt\n|faint|p1a: Regieleki\n|\n|-weather|RainDance|[upkeep]\n|upkeep\n|\n|t:|1700711861\n|switch|p1a: Urshifu|Urshifu, L50, M|100\/100\n|turn|2\n|\n|t:|1700711885\n|move|p1b: Indeedee|Follow Me|p1b: Indeedee\n|-singleturn|p1b: Indeedee|move: Follow Me\n|move|p1a: Urshifu|Wicked Blow|p2b: Angy Bird\n|-crit|p2b: Angy Bird\n|-damage|p2b: Angy Bird|0 fnt\n|faint|p2b: Angy Bird\n|move|p2a: Nutcracker|Gigaton Hammer|p1b: Indeedee\n|-damage|p1b: Indeedee|41\/100\n|\n|-weather|RainDance|[upkeep]\n|upkeep\n|\n|t:|1700711895\n|switch|p2b: My Wrist|Chien-Pao, L50|100\/100\n|-ability|p2b: My Wrist|Sword of Ruin\n|turn|3\n|inactive|hatenat4321 has 30 seconds left.\n|\n|t:|1700711929\n|-terastallize|p1a: Urshifu|Dark\n|move|p1b: Indeedee|Helping Hand|p1a: Urshifu\n|-singleturn|p1a: Urshifu|Helping Hand|[of] p1b: Indeedee\n|move|p2b: My Wrist|Crunch|p1b: Indeedee\n|-supereffective|p1b: Indeedee\n|-damage|p1b: Indeedee|0 fnt\n|faint|p1b: Indeedee\n|move|p1a: Urshifu|Wicked Blow|p2a: Nutcracker\n|-resisted|p2a: Nutcracker\n|-crit|p2a: Nutcracker\n|-damage|p2a: Nutcracker|0 fnt\n|faint|p2a: Nutcracker\n|\n|-weather|RainDance|[upkeep]\n|upkeep\n|\n|t:|1700711944\n|switch|p2a: Pin2Win|Overqwil, L50, M|100\/100\n|switch|p1b: Tornadus|Tornadus, L50, M|100\/100\n|turn|4\n|inactive|hatenat4321 has 30 seconds left.\n|inactive|hatenat4321 has 20 seconds left.\n|\n|t:|1700711983\n|move|p1b: Tornadus|Protect|p1b: Tornadus\n|-singleturn|p1b: Tornadus|Protect\n|move|p2a: Pin2Win|Liquidation|p1a: Urshifu\n|-damage|p1a: Urshifu|4\/100\n|-unboost|p1a: Urshifu|def|1\n|move|p2b: My Wrist|Ice Spinner|p1a: Urshifu\n|-damage|p1a: Urshifu|0 fnt\n|-fieldend|move: Psychic Terrain\n|faint|p1a: Urshifu\n|\n|-weather|RainDance|[upkeep]\n|upkeep\n|turn|5\n|l|\u2606hatenat4321\n|inactive|hatenat4321 disconnected and has a minute to reconnect!\n|player|p1|\n|inactive|hatenat4321 has 30 seconds left.\n|inactive|hatenat4321 has 20 seconds left.\n|inactive|hatenat4321 has 15 seconds left.\n|inactive|hatenat4321 has 10 seconds left.\n|inactive|hatenat4321 has 5 seconds left.\n|-message|hatenat4321 lost due to inactivity.\n|\n|win|Desiree Selch\n|raw|hatenat4321's rating: 1532 &rarr; <strong>1508<\/strong><br \/>(-24 for losing)\n|raw|Desiree Selch's rating: 1469 &rarr; <strong>1493<\/strong><br \/>(+24 for winning)\n","uploadtime":1700712057,"views":5,"p1id":"hatenat4321","p2id":"desireeselch","formatid":"gen9vgc2023regulatione","rating":1493,"private":0,"password":""}