{"id":"gen9vgc2023regulatione-1994636964","p1":"Zap-n-Tap","p2":"dkdkd456zz","format":"[Gen 9] VGC 2023 Regulation E","log":"|j|\u2606Zap-n-Tap\n|j|\u2606dkdkd456zz\n|t:|1700473382\n|gametype|doubles\n|player|p1|Zap-n-Tap|scientist-gen4dp|1357\n|player|p2|dkdkd456zz|102|1389\n|teamsize|p1|6\n|teamsize|p2|6\n|gen|9\n|tier|[Gen 9] VGC 2023 Regulation E\n|rated|\n|rule|Species Clause: Limit one of each Pok\u00e9mon\n|rule|Item Clause: Limit one of each item\n|clearpoke\n|poke|p1|Regieleki, L50|\n|poke|p1|Ninetales-Alola, L50, F|\n|poke|p1|Enamorus-Therian, L50, F|\n|poke|p1|Kingambit, L50, F|\n|poke|p1|Armarouge, L50, M|\n|poke|p1|Farigiraf, L50, M|\n|poke|p2|Iron Hands, L50|\n|poke|p2|Flutter Mane, L50|\n|poke|p2|Landorus-Therian, L50, M|\n|poke|p2|Amoonguss, L50, F|\n|poke|p2|Urshifu-*, L50, M|\n|poke|p2|Chien-Pao, L50|\n|teampreview|4\n|inactive|Battle timer is ON: inactive players will automatically lose when time's up. (requested by Zap-n-Tap)\n|inactive|dkdkd456zz has 60 seconds left.\n|\n|t:|1700473467\n|start\n|switch|p1a: Giraffe|Farigiraf, L50, M, shiny|100\/100\n|switch|p1b: Protoman|Armarouge, L50, M|100\/100\n|switch|p2a: Urshifu|Urshifu-Rapid-Strike, L50, M|100\/100\n|switch|p2b: Chien-Pao|Chien-Pao, L50|100\/100\n|-ability|p2b: Chien-Pao|Sword of Ruin\n|turn|1\n|inactive|dkdkd456zz also wants the timer to be on.\n|inactive|Zap-n-Tap has 30 seconds left.\n|inactive|dkdkd456zz has 30 seconds left.\n|inactive|Zap-n-Tap has 20 seconds left.\n|inactive|Zap-n-Tap has 15 seconds left.\n|inactive|Zap-n-Tap has 10 seconds left.\n|inactive|Zap-n-Tap has 5 seconds left.\n|\n|t:|1700473523\n|-terastallize|p2a: Urshifu|Water\n|-terastallize|p1b: Protoman|Grass\n|move|p2b: Chien-Pao|Ice Spinner|p1b: Protoman\n|-supereffective|p1b: Protoman\n|-damage|p1b: Protoman|0 fnt\n|faint|p1b: Protoman\n|move|p2a: Urshifu|Surging Strikes|p1a: Giraffe\n|-crit|p1a: Giraffe\n|-damage|p1a: Giraffe|69\/100\n|-damage|p2a: Urshifu|84\/100|[from] item: Rocky Helmet|[of] p1a: Giraffe\n|-crit|p1a: Giraffe\n|-damage|p1a: Giraffe|35\/100\n|-damage|p2a: Urshifu|67\/100|[from] item: Rocky Helmet|[of] p1a: Giraffe\n|-crit|p1a: Giraffe\n|-damage|p1a: Giraffe|2\/100\n|-damage|p2a: Urshifu|51\/100|[from] item: Rocky Helmet|[of] p1a: Giraffe\n|-hitcount|p1a: Giraffe|3\n|move|p1a: Giraffe|Trick Room|p1a: Giraffe\n|-fieldstart|move: Trick Room|[of] p1a: Giraffe\n|\n|upkeep\n|\n|t:|1700473531\n|switch|p1b: Turtella|Enamorus-Therian, L50, F|100\/100\n|turn|2\n|\n|t:|1700473554\n|move|p2a: Urshifu|Detect|p2a: Urshifu\n|-singleturn|p2a: Urshifu|Protect\n|move|p2b: Chien-Pao|Protect|p2b: Chien-Pao\n|-singleturn|p2b: Chien-Pao|Protect\n|move|p1b: Turtella|Dazzling Gleam|p2a: Urshifu|[spread] \n|-activate|p2a: Urshifu|move: Protect\n|-activate|p2b: Chien-Pao|move: Protect\n|move|p1a: Giraffe|Dazzling Gleam|p2b: Chien-Pao|[spread] \n|-activate|p2a: Urshifu|move: Protect\n|-activate|p2b: Chien-Pao|move: Protect\n|\n|upkeep\n|turn|3\n|\n|t:|1700473575\n|move|p2a: Urshifu|Aqua Jet||[still]\n|cant|p1a: Giraffe|ability: Armor Tail|Aqua Jet|[of] p2a: Urshifu\n|move|p1b: Turtella|Dazzling Gleam|p2b: Chien-Pao|[spread] p2a,p2b\n|-supereffective|p2b: Chien-Pao\n|-damage|p2a: Urshifu|6\/100\n|-enditem|p2b: Chien-Pao|Focus Sash\n|-damage|p2b: Chien-Pao|1\/100\n|move|p1a: Giraffe|Dazzling Gleam|p2a: Urshifu|[spread] p2a,p2b\n|-supereffective|p2b: Chien-Pao\n|-damage|p2a: Urshifu|0 fnt\n|-damage|p2b: Chien-Pao|0 fnt\n|faint|p2a: Urshifu\n|faint|p2b: Chien-Pao\n|\n|upkeep\n|\n|t:|1700473590\n|switch|p2a: Flutter Mane|Flutter Mane, L50|100\/100\n|switch|p2b: Iron Hands|Iron Hands, L50|100\/100\n|turn|4\n|inactive|Zap-n-Tap has 30 seconds left.\n|inactive|dkdkd456zz has 30 seconds left.\n|inactive|Zap-n-Tap has 20 seconds left.\n|inactive|Zap-n-Tap has 15 seconds left.\n|inactive|Zap-n-Tap has 10 seconds left.\n|\n|t:|1700473640\n|move|p1a: Giraffe|Helping Hand|p1b: Turtella\n|-singleturn|p1b: Turtella|Helping Hand|[of] p1a: Giraffe\n|move|p1b: Turtella|Moonblast|p2b: Iron Hands\n|-supereffective|p2b: Iron Hands\n|-damage|p2b: Iron Hands|12\/100\n|move|p2b: Iron Hands|Wild Charge|p1b: Turtella\n|-supereffective|p1b: Turtella\n|-damage|p1b: Turtella|11\/100\n|-damage|p2b: Iron Hands|0 fnt|[from] Recoil\n|faint|p2b: Iron Hands\n|-end|p2b: Iron Hands|Quark Drive|[silent]\n|move|p2a: Flutter Mane|Dazzling Gleam|p1b: Turtella|[spread] p1a,p1b\n|-damage|p1a: Giraffe|0 fnt\n|-damage|p1b: Turtella|0 fnt\n|faint|p1a: Giraffe\n|faint|p1b: Turtella\n|\n|upkeep\n|\n|t:|1700473653\n|switch|p1b: Saber|Kingambit, L50, F, shiny|100\/100\n|turn|5\n|\n|t:|1700473660\n|move|p1b: Saber|Kowtow Cleave|p2a: Flutter Mane\n|-damage|p2a: Flutter Mane|26\/100\n|move|p2a: Flutter Mane|Dazzling Gleam|p1b: Saber\n|-damage|p1b: Saber|40\/100\n|-enditem|p1b: Saber|Sitrus Berry|[eat]\n|-heal|p1b: Saber|65\/100|[from] item: Sitrus Berry\n|\n|-fieldend|move: Trick Room\n|upkeep\n|turn|6\n|\n|t:|1700473670\n|move|p1b: Saber|Sucker Punch|p2a: Flutter Mane\n|-damage|p2a: Flutter Mane|0 fnt\n|faint|p2a: Flutter Mane\n|-end|p2a: Flutter Mane|Protosynthesis|[silent]\n|\n|win|Zap-n-Tap\n|raw|Zap-n-Tap's rating: 1357 &rarr; <strong>1379<\/strong><br \/>(+22 for winning)\n|raw|dkdkd456zz's rating: 1389 &rarr; <strong>1367<\/strong><br \/>(-22 for losing)\n","uploadtime":1700473679,"views":11,"p1id":"zapntap","p2id":"dkdkd456zz","formatid":"gen9vgc2023regulatione","rating":1367,"private":0,"password":""}