{"id":"gen9vgc2023regulatione-1996307740","p1":"erikbound","p2":"AsukaTestPlay","format":"[Gen 9] VGC 2023 Regulation E","log":"|j|\u2606erikbound\n|j|\u2606AsukaTestPlay\n|t:|1700669670\n|gametype|doubles\n|player|p1|erikbound|barry|1644\n|player|p2|AsukaTestPlay|volkner|1605\n|teamsize|p1|6\n|teamsize|p2|6\n|gen|9\n|tier|[Gen 9] VGC 2023 Regulation E\n|rated|\n|rule|Species Clause: Limit one of each Pok\u00e9mon\n|rule|Item Clause: Limit one of each item\n|clearpoke\n|poke|p1|Tyranitar, L50, M|\n|poke|p1|Zapdos-Galar, L50|\n|poke|p1|Farigiraf, L50, M|\n|poke|p1|Houndstone, L50, F|\n|poke|p1|Ogerpon-Wellspring, L50, F|\n|poke|p1|Arcanine-Hisui, L50, M|\n|poke|p2|Kingambit, L50, M|\n|poke|p2|Landorus-Therian, L50, M|\n|poke|p2|Amoonguss, L50, F|\n|poke|p2|Iron Hands, L50|\n|poke|p2|Tornadus, L50, M|\n|poke|p2|Heatran, L50, F|\n|teampreview|4\n|\n|t:|1700669740\n|start\n|switch|p1a: Ogerpon|Ogerpon-Wellspring, L50, F|100\/100\n|switch|p1b: Farigiraf|Farigiraf, L50, M|100\/100\n|switch|p2a: Kingambit|Kingambit, L50, M|100\/100\n|switch|p2b: Amoonguss|Amoonguss, L50, F|100\/100\n|turn|1\n|\n|t:|1700669766\n|-terastallize|p1b: Farigiraf|Water\n|move|p2a: Kingambit|Protect|p2a: Kingambit\n|-singleturn|p2a: Kingambit|Protect\n|move|p1a: Ogerpon|Ivy Cudgel|p2a: Kingambit|[anim] Ivy Cudgel Water\n|-activate|p2a: Kingambit|move: Protect\n|move|p1b: Farigiraf|Psychic|p2b: Amoonguss\n|-supereffective|p2b: Amoonguss\n|-damage|p2b: Amoonguss|23\/100\n|-unboost|p2b: Amoonguss|spd|1\n|-enditem|p2b: Amoonguss|Sitrus Berry|[eat]\n|-heal|p2b: Amoonguss|48\/100|[from] item: Sitrus Berry\n|move|p2b: Amoonguss|Pollen Puff|p1a: Ogerpon\n|-supereffective|p1a: Ogerpon\n|-damage|p1a: Ogerpon|64\/100\n|\n|upkeep\n|turn|2\n|j| EEERIC CHEN\n|\n|t:|1700669792\n|-terastallize|p2a: Kingambit|Dragon\n|move|p1a: Ogerpon|Ivy Cudgel|p2a: Kingambit|[anim] Ivy Cudgel Water\n|-resisted|p2a: Kingambit\n|-damage|p2a: Kingambit|81\/100\n|move|p1b: Farigiraf|Psychic|p2b: Amoonguss\n|-supereffective|p2b: Amoonguss\n|-damage|p2b: Amoonguss|0 fnt\n|faint|p2b: Amoonguss\n|move|p2a: Kingambit|Swords Dance|p2a: Kingambit\n|-boost|p2a: Kingambit|atk|2\n|\n|upkeep\n|l| EEERIC CHEN\n|\n|t:|1700669804\n|switch|p2b: \u786c\u5b9e\u529b|Iron Hands, L50|100\/100\n|turn|3\n|\n|t:|1700669823\n|move|p2a: Kingambit|Protect|p2a: Kingambit\n|-singleturn|p2a: Kingambit|Protect\n|move|p1a: Ogerpon|Follow Me|p1a: Ogerpon\n|-singleturn|p1a: Ogerpon|move: Follow Me\n|move|p1b: Farigiraf|Nasty Plot|p1b: Farigiraf\n|-boost|p1b: Farigiraf|spa|2\n|move|p2b: \u786c\u5b9e\u529b|Wild Charge|p1a: Ogerpon\n|-damage|p1a: Ogerpon|13\/100\n|-damage|p2b: \u786c\u5b9e\u529b|91\/100|[from] Recoil\n|\n|upkeep\n|turn|4\n|\n|t:|1700669846\n|-end|p2b: \u786c\u5b9e\u529b|Quark Drive|[silent]\n|switch|p2b: Tornadus|Tornadus, L50, M|100\/100\n|move|p1a: Ogerpon|Horn Leech|p2b: Tornadus\n|-resisted|p2b: Tornadus\n|-damage|p2b: Tornadus|75\/100\n|-heal|p1a: Ogerpon|26\/100|[from] drain|[of] p2b: Tornadus\n|move|p1b: Farigiraf|Hyper Voice|p2a: Kingambit|[spread] p2a,p2b\n|-damage|p2a: Kingambit|21\/100\n|-damage|p2b: Tornadus|2\/100\n|move|p2a: Kingambit|Kowtow Cleave|p1b: Farigiraf\n|-damage|p1b: Farigiraf|4\/100\n|\n|upkeep\n|turn|5\n|\n|t:|1700669865\n|move|p1a: Ogerpon|Spiky Shield|p1a: Ogerpon\n|-singleturn|p1a: Ogerpon|move: Protect\n|move|p2b: Tornadus|Bleakwind Storm|p1b: Farigiraf|[spread] p1b\n|-activate|p1a: Ogerpon|move: Protect\n|-damage|p1b: Farigiraf|0 fnt\n|faint|p1b: Farigiraf\n|move|p2a: Kingambit|Swords Dance|p2a: Kingambit\n|-boost|p2a: Kingambit|atk|2\n|\n|upkeep\n|\n|t:|1700669873\n|switch|p1b: Zapdos|Zapdos-Galar, L50|100\/100\n|turn|6\n|j| neusrel\n|\n|t:|1700669888\n|move|p2a: Kingambit|Protect|p2a: Kingambit\n|-singleturn|p2a: Kingambit|Protect\n|move|p1a: Ogerpon|Follow Me|p1a: Ogerpon\n|-singleturn|p1a: Ogerpon|move: Follow Me\n|move|p2b: Tornadus|Tailwind|p2b: Tornadus\n|-sidestart|p2: AsukaTestPlay|move: Tailwind\n|move|p1b: Zapdos|Brave Bird|p2a: Kingambit\n|-activate|p2a: Kingambit|move: Protect\n|\n|upkeep\n|turn|7\n|l| neusrel\n|\n|t:|1700669900\n|move|p1a: Ogerpon|Follow Me|p1a: Ogerpon\n|-singleturn|p1a: Ogerpon|move: Follow Me\n|move|p2b: Tornadus|Bleakwind Storm|p1b: Zapdos|[spread] p1a,p1b\n|-supereffective|p1a: Ogerpon\n|-supereffective|p1b: Zapdos\n|-damage|p1a: Ogerpon|0 fnt\n|-damage|p1b: Zapdos|22\/100\n|faint|p1a: Ogerpon\n|move|p1b: Zapdos|Brave Bird|p2a: Kingambit\n|-damage|p2a: Kingambit|0 fnt\n|faint|p2a: Kingambit\n|-damage|p1b: Zapdos|14\/100|[from] Recoil\n|\n|upkeep\n|\n|t:|1700669909\n|switch|p1a: Houndstone|Houndstone, L50, F|100\/100\n|switch|p2a: \u786c\u5b9e\u529b|Iron Hands, L50|91\/100\n|turn|8\n|\n|t:|1700669929\n|move|p2b: Tornadus|Bleakwind Storm|p1b: Zapdos|[spread] p1a,p1b\n|-crit|p1a: Houndstone\n|-supereffective|p1b: Zapdos\n|-damage|p1a: Houndstone|41\/100\n|-damage|p1b: Zapdos|0 fnt\n|faint|p1b: Zapdos\n|move|p2a: \u786c\u5b9e\u529b|Wild Charge|p1a: Houndstone\n|-damage|p1a: Houndstone|0 fnt\n|faint|p1a: Houndstone\n|-damage|p2a: \u786c\u5b9e\u529b|84\/100|[from] Recoil\n|\n|win|AsukaTestPlay\n|raw|erikbound's rating: 1644 &rarr; <strong>1622<\/strong><br \/>(-22 for losing)\n|raw|AsukaTestPlay's rating: 1605 &rarr; <strong>1627<\/strong><br \/>(+22 for winning)\n|l|\u2606erikbound\n|l|\u2606AsukaTestPlay\n","uploadtime":1700669943,"views":6,"p1id":"erikbound","p2id":"asukatestplay","formatid":"gen9vgc2023regulatione","rating":1622,"private":0,"password":""}