{"id":"gen9vgc2023regulatione-1992282001","p1":"secretstudent","p2":"Mo mo 15","format":"[Gen 9] VGC 2023 Regulation E","log":"|j|\u2606secretstudent\n|j|\u2606Mo mo 15\n|t:|1700170616\n|gametype|doubles\n|player|p1|secretstudent|beauty|1061\n|player|p2|Mo mo 15|red|1038\n|teamsize|p1|6\n|teamsize|p2|6\n|gen|9\n|tier|[Gen 9] VGC 2023 Regulation E\n|rated|\n|rule|Species Clause: Limit one of each Pok\u00e9mon\n|rule|Item Clause: Limit one of each item\n|clearpoke\n|poke|p1|Chien-Pao, L50|\n|poke|p1|Amoonguss, L50, F|\n|poke|p1|Hatterene, L50, F|\n|poke|p1|Gyarados, L50, M|\n|poke|p1|Volcarona, L50, F|\n|poke|p1|Ogerpon, L50, F|\n|poke|p2|Iron Bundle, L50|\n|poke|p2|Talonflame, L50, M|\n|poke|p2|Flutter Mane, L50|\n|poke|p2|Sinistcha-Masterpiece, L50|\n|poke|p2|Tyranitar, L50, F|\n|poke|p2|Iron Hands, L50|\n|teampreview|4\n|\n|t:|1700170648\n|start\n|switch|p1a: Hatterene|Hatterene, L50, F|100\/100\n|switch|p1b: Gyarados|Gyarados, L50, M|100\/100\n|switch|p2a: Sinistcha|Sinistcha-Masterpiece, L50|100\/100\n|switch|p2b: Iron Hands|Iron Hands, L50|100\/100\n|-ability|p1b: Gyarados|Intimidate|boost\n|-unboost|p2a: Sinistcha|atk|1\n|-unboost|p2b: Iron Hands|atk|1\n|turn|1\n|\n|t:|1700170682\n|switch|p1b: Ogerpon|Ogerpon, L50, F|100\/100\n|move|p2a: Sinistcha|Rage Powder|p2a: Sinistcha\n|-singleturn|p2a: Sinistcha|move: Rage Powder\n|move|p2b: Iron Hands|Heavy Slam|p1a: Hatterene\n|-supereffective|p1a: Hatterene\n|-damage|p1a: Hatterene|32\/100\n|move|p1a: Hatterene|Trick Room|p1a: Hatterene\n|-fieldstart|move: Trick Room|[of] p1a: Hatterene\n|\n|upkeep\n|turn|2\n|\n|t:|1700170700\n|move|p1b: Ogerpon|Follow Me|p1b: Ogerpon\n|-singleturn|p1b: Ogerpon|move: Follow Me\n|move|p1a: Hatterene|Dazzling Gleam|p2b: Iron Hands|[spread] p2a,p2b\n|-supereffective|p2b: Iron Hands\n|-damage|p2a: Sinistcha|54\/100\n|-damage|p2b: Iron Hands|54\/100\n|move|p2b: Iron Hands|Ice Punch|p1b: Ogerpon\n|-supereffective|p1b: Ogerpon\n|-damage|p1b: Ogerpon|49\/100\n|-status|p1b: Ogerpon|frz\n|move|p2a: Sinistcha|Matcha Gotcha|p1a: Hatterene|[spread] p1a,p1b\n|-resisted|p1b: Ogerpon\n|-damage|p1a: Hatterene|5\/100\n|-heal|p2a: Sinistcha|67\/100|[from] drain|[of] p1a: Hatterene\n|-damage|p1b: Ogerpon|35\/100 frz\n|-heal|p2a: Sinistcha|74\/100|[from] drain|[of] p1b: Ogerpon\n|-curestatus|p1b: Ogerpon|frz|[msg]\n|\n|upkeep\n|turn|3\n|\n|t:|1700170727\n|-terastallize|p1a: Hatterene|Fairy\n|move|p1b: Ogerpon|Follow Me|p1b: Ogerpon\n|-singleturn|p1b: Ogerpon|move: Follow Me\n|move|p1a: Hatterene|Dazzling Gleam|p2b: Iron Hands|[spread] p2a,p2b\n|-supereffective|p2b: Iron Hands\n|-damage|p2a: Sinistcha|12\/100\n|-damage|p2b: Iron Hands|0 fnt\n|faint|p2b: Iron Hands\n|-end|p2b: Iron Hands|Quark Drive|[silent]\n|move|p2a: Sinistcha|Matcha Gotcha|p1a: Hatterene|[spread] p1a,p1b\n|-resisted|p1b: Ogerpon\n|-crit|p1b: Ogerpon\n|-damage|p1a: Hatterene|0 fnt\n|-heal|p2a: Sinistcha|14\/100|[from] drain|[of] p1a: Hatterene\n|-damage|p1b: Ogerpon|12\/100\n|-heal|p2a: Sinistcha|24\/100|[from] drain|[of] p1b: Ogerpon\n|-status|p1b: Ogerpon|brn\n|faint|p1a: Hatterene\n|\n|-damage|p1b: Ogerpon|6\/100 brn|[from] brn\n|upkeep\n|\n|t:|1700170739\n|switch|p1a: Chien-Pao|Chien-Pao, L50|100\/100\n|switch|p2b: Tyranitar|Tyranitar, L50, F|100\/100\n|-weather|Sandstorm|[from] ability: Sand Stream|[of] p2b: Tyranitar\n|-ability|p1a: Chien-Pao|Sword of Ruin\n|turn|4\n|\n|t:|1700170769\n|-terastallize|p2b: Tyranitar|Psychic\n|move|p1b: Ogerpon|Follow Me|p1b: Ogerpon\n|-singleturn|p1b: Ogerpon|move: Follow Me\n|move|p2b: Tyranitar|Rock Slide|p1a: Chien-Pao|[spread] p1a,p1b\n|-supereffective|p1a: Chien-Pao\n|-damage|p1a: Chien-Pao|18\/100\n|-damage|p1b: Ogerpon|0 fnt\n|faint|p1b: Ogerpon\n|move|p2a: Sinistcha|Matcha Gotcha|p1a: Chien-Pao\n|-damage|p1a: Chien-Pao|0 fnt\n|-heal|p2a: Sinistcha|32\/100|[from] drain|[of] p1a: Chien-Pao\n|faint|p1a: Chien-Pao\n|\n|-weather|Sandstorm|[upkeep]\n|-damage|p2b: Tyranitar|95\/100|[from] Sandstorm\n|-damage|p2a: Sinistcha|26\/100|[from] Sandstorm\n|-heal|p2b: Tyranitar|100\/100|[from] item: Leftovers\n|upkeep\n|\n|t:|1700170778\n|switch|p1b: Gyarados|Gyarados, L50, M|100\/100\n|-ability|p1b: Gyarados|Intimidate|boost\n|-unboost|p2a: Sinistcha|atk|1\n|-unboost|p2b: Tyranitar|atk|1\n|turn|5\n|\n|t:|1700170784\n|move|p2b: Tyranitar|Rock Slide|p1b: Gyarados\n|-supereffective|p1b: Gyarados\n|-damage|p1b: Gyarados|23\/100\n|-enditem|p1b: Gyarados|Sitrus Berry|[eat]\n|-heal|p1b: Gyarados|48\/100|[from] item: Sitrus Berry\n|move|p2a: Sinistcha|Matcha Gotcha|p1b: Gyarados\n|-damage|p1b: Gyarados|11\/100\n|-heal|p2a: Sinistcha|44\/100|[from] drain|[of] p1b: Gyarados\n|move|p1b: Gyarados|Thunder Wave|p2b: Tyranitar\n|-status|p2b: Tyranitar|par\n|\n|-weather|Sandstorm|[upkeep]\n|-damage|p2b: Tyranitar|95\/100 par|[from] Sandstorm\n|-damage|p2a: Sinistcha|38\/100|[from] Sandstorm\n|-damage|p1b: Gyarados|5\/100|[from] Sandstorm\n|-heal|p2b: Tyranitar|100\/100 par|[from] item: Leftovers\n|-fieldend|move: Trick Room\n|upkeep\n|turn|6\n|\n|t:|1700170791\n|move|p2a: Sinistcha|Rage Powder|p2a: Sinistcha\n|-singleturn|p2a: Sinistcha|move: Rage Powder\n|move|p1b: Gyarados|Waterfall|p2a: Sinistcha\n|-resisted|p2a: Sinistcha\n|-damage|p2a: Sinistcha|24\/100\n|-damage|p1b: Gyarados|0 fnt|[from] item: Rocky Helmet|[of] p2a: Sinistcha\n|faint|p1b: Gyarados\n|\n|win|Mo mo 15\n|raw|secretstudent's rating: 1061 &rarr; <strong>1041<\/strong><br \/>(-20 for losing)\n|raw|Mo mo 15's rating: 1038 &rarr; <strong>1075<\/strong><br \/>(+37 for winning)\n","uploadtime":1700170795,"views":14,"p1id":"secretstudent","p2id":"momo15","formatid":"gen9vgc2023regulatione","rating":1041,"private":0,"password":""}