{"id":"gen9vgc2023regulatione-1997810119","p1":"Texconroy","p2":"suedanim","format":"[Gen 9] VGC 2023 Regulation E","log":"|j|\u2606Texconroy\n|j|\u2606suedanim\n|t:|1700855122\n|gametype|doubles\n|player|p1|Texconroy|170|1209\n|player|p2|suedanim|1|1136\n|teamsize|p1|6\n|teamsize|p2|6\n|gen|9\n|tier|[Gen 9] VGC 2023 Regulation E\n|rated|\n|rule|Species Clause: Limit one of each Pok\u00e9mon\n|rule|Item Clause: Limit one of each item\n|clearpoke\n|poke|p1|Torkoal, L50, M|\n|poke|p1|Indeedee-F, L50, F|\n|poke|p1|Ursaluna-Bloodmoon, L50, M|\n|poke|p1|Armarouge, L50, F|\n|poke|p1|Iron Hands, L50|\n|poke|p1|Kingambit, L50, F|\n|poke|p2|Wyrdeer, L50, M|\n|poke|p2|Empoleon, L50, F|\n|poke|p2|Gastrodon, L50, F|\n|poke|p2|Annihilape, L50, F|\n|poke|p2|Politoed, L50, M|\n|poke|p2|Kingambit, L50, M|\n|teampreview|4\n|inactive|Battle timer is ON: inactive players will automatically lose when time's up. (requested by Texconroy)\n|\n|t:|1700855152\n|start\n|switch|p1a: Indeedee|Indeedee-F, L50, F|100\/100\n|switch|p1b: Armarouge|Armarouge, L50, F|100\/100\n|switch|p2a: Empoleon|Empoleon, L50, F|100\/100\n|switch|p2b: Wyrdeer|Wyrdeer, L50, M|100\/100\n|-fieldstart|move: Psychic Terrain|[from] ability: Psychic Surge|[of] p1a: Indeedee\n|-enditem|p1b: Armarouge|Psychic Seed\n|-boost|p1b: Armarouge|spd|1|[from] item: Psychic Seed\n|-ability|p2b: Wyrdeer|Intimidate|boost\n|-unboost|p1a: Indeedee|atk|1\n|-unboost|p1b: Armarouge|atk|1\n|turn|1\n|\n|t:|1700855173\n|move|p2a: Empoleon|Protect|p2a: Empoleon\n|-singleturn|p2a: Empoleon|Protect\n|move|p1b: Armarouge|Expanding Force|p2b: Wyrdeer|[spread] p2b\n|-activate|p2a: Empoleon|move: Protect\n|-resisted|p2b: Wyrdeer\n|-damage|p2b: Wyrdeer|76\/100\n|move|p2b: Wyrdeer|Skill Swap|p1b: Armarouge\n|-activate|p2b: Wyrdeer|move: Skill Swap|Flash Fire|Intimidate|[of] p1b: Armarouge\n|-ability|p1b: Armarouge|Intimidate|boost\n|-unboost|p2a: Empoleon|atk|1\n|-ability|p2a: Empoleon|Competitive|boost\n|-boost|p2a: Empoleon|spa|2\n|-unboost|p2b: Wyrdeer|atk|1\n|move|p1a: Indeedee|Trick Room|p1a: Indeedee\n|-fieldstart|move: Trick Room|[of] p1a: Indeedee\n|\n|upkeep\n|turn|2\n|inactive|Texconroy has 30 seconds left.\n|inactive|suedanim has 30 seconds left.\n|inactive|suedanim has 20 seconds left.\n|inactive|suedanim has 15 seconds left.\n|\n|t:|1700855214\n|switch|p2b: Politoed|Politoed, L50, M|100\/100\n|-weather|RainDance|[from] ability: Drizzle|[of] p2b: Politoed\n|move|p1a: Indeedee|Follow Me|p1a: Indeedee\n|-singleturn|p1a: Indeedee|move: Follow Me\n|move|p2a: Empoleon|Surf|p1b: Armarouge|[spread] p2b,p1a,p1b\n|-resisted|p2b: Politoed\n|-supereffective|p1b: Armarouge\n|-damage|p2b: Politoed|59\/100\n|-damage|p1a: Indeedee|0 fnt\n|-damage|p1b: Armarouge|0 fnt\n|faint|p1a: Indeedee\n|faint|p1b: Armarouge\n|-damage|p2a: Empoleon|91\/100|[from] item: Life Orb\n|\n|-weather|RainDance|[upkeep]\n|upkeep\n|inactive|Texconroy has 30 seconds left.\n|\n|t:|1700855240\n|switch|p1b: Ursaluna|Ursaluna-Bloodmoon, L50, M|100\/100\n|switch|p1a: Torkoal|Torkoal, L50, M|100\/100\n|-weather|SunnyDay|[from] ability: Drought|[of] p1a: Torkoal\n|turn|3\n|\n|t:|1700855252\n|move|p2b: Politoed|Helping Hand|p2a: Empoleon\n|-singleturn|p2a: Empoleon|Helping Hand|[of] p2b: Politoed\n|move|p1a: Torkoal|Eruption|p2a: Empoleon|[spread] p2a,p2b\n|-resisted|p2b: Politoed\n|-damage|p2a: Empoleon|7\/100\n|-damage|p2b: Politoed|31\/100\n|move|p1b: Ursaluna|Hyper Voice|p2b: Politoed|[spread] p2a,p2b\n|-resisted|p2a: Empoleon\n|-damage|p2a: Empoleon|0 fnt\n|-damage|p2b: Politoed|7\/100\n|faint|p2a: Empoleon\n|\n|-weather|SunnyDay|[upkeep]\n|upkeep\n|\n|t:|1700855264\n|switch|p2a: Annihilape|Annihilape, L50, F|100\/100\n|turn|4\n|\n|t:|1700855282\n|-terastallize|p2a: Annihilape|Fighting\n|move|p2b: Politoed|Protect|p2b: Politoed\n|-singleturn|p2b: Politoed|Protect\n|move|p1a: Torkoal|Eruption|p2b: Politoed|[spread] p2a\n|-activate|p2b: Politoed|move: Protect\n|-damage|p2a: Annihilape|50\/100\n|move|p1b: Ursaluna|Moonblast|p2a: Annihilape\n|-supereffective|p2a: Annihilape\n|-damage|p2a: Annihilape|3\/100\n|-unboost|p2a: Annihilape|spa|1\n|-ability|p2a: Annihilape|Defiant|boost\n|-boost|p2a: Annihilape|atk|2\n|move|p2a: Annihilape|Drain Punch|p1b: Ursaluna\n|-supereffective|p1b: Ursaluna\n|-damage|p1b: Ursaluna|0 fnt\n|-heal|p2a: Annihilape|54\/100|[from] drain|[of] p1b: Ursaluna\n|faint|p1b: Ursaluna\n|\n|-weather|SunnyDay|[upkeep]\n|upkeep\n|turn|5\n|l|\u2606Texconroy\n|inactive|Texconroy disconnected and has a minute to reconnect!\n|player|p1|\n|j|\u2606Texconroy\n|inactive|Texconroy reconnected and has 45 seconds left.\n|player|p1|Texconroy|170\n|inactive|suedanim has 30 seconds left.\n|\n|t:|1700855310\n|switch|p2b: Wyrdeer|Wyrdeer, L50, M|76\/100\n|-ability|p2b: Wyrdeer|Intimidate|boost\n|-unboost|p1a: Torkoal|atk|1\n|-terastallize|p1a: Torkoal|Fire\n|move|p1a: Torkoal|Eruption|p2a: Annihilape|[spread] p2a,p2b\n|-damage|p2a: Annihilape|0 fnt\n|-damage|p2b: Wyrdeer|0 fnt\n|faint|p2a: Annihilape\n|faint|p2b: Wyrdeer\n|\n|-weather|SunnyDay|[upkeep]\n|-fieldend|move: Trick Room\n|-fieldend|move: Psychic Terrain\n|upkeep\n|\n|t:|1700855320\n|switch|p2b: Politoed|Politoed, L50, M|7\/100\n|-weather|RainDance|[from] ability: Drizzle|[of] p2b: Politoed\n|turn|6\n|\n|t:|1700855327\n|move|p1a: Torkoal|Protect|p1a: Torkoal\n|-singleturn|p1a: Torkoal|Protect\n|move|p2b: Politoed|Surf|p1a: Torkoal\n|-activate|p1a: Torkoal|move: Protect\n|\n|-weather|RainDance|[upkeep]\n|upkeep\n|turn|7\n|\n|t:|1700855337\n|move|p2b: Politoed|Surf|p1a: Torkoal\n|-supereffective|p1a: Torkoal\n|-crit|p1a: Torkoal\n|-damage|p1a: Torkoal|0 fnt\n|faint|p1a: Torkoal\n|\n|win|suedanim\n|raw|Texconroy's rating: 1209 &rarr; <strong>1179<\/strong><br \/>(-30 for losing)\n|raw|suedanim's rating: 1136 &rarr; <strong>1166<\/strong><br \/>(+30 for winning)\n|l|\u2606Texconroy\n","uploadtime":1700855352,"views":4,"p1id":"texconroy","p2id":"suedanim","formatid":"gen9vgc2023regulatione","rating":1166,"private":0,"password":""}