{"id":"gen9vgc2023regulatione-1992149930","p1":"iamTay","p2":"Golden Spam","format":"[Gen 9] VGC 2023 Regulation E","log":"|j|\u2606iamTay\n|j|\u2606Golden Spam\n|t:|1700159163\n|gametype|doubles\n|player|p1|iamTay|2|1287\n|player|p2|Golden Spam|kimonogirl|1291\n|teamsize|p1|6\n|teamsize|p2|6\n|gen|9\n|tier|[Gen 9] VGC 2023 Regulation E\n|rated|\n|rule|Species Clause: Limit one of each Pok\u00e9mon\n|rule|Item Clause: Limit one of each item\n|clearpoke\n|poke|p1|Politoed, L50, F|\n|poke|p1|Scizor, L50, F|\n|poke|p1|Thundurus-Therian, L50, M|\n|poke|p1|Urshifu-*, L50, F|\n|poke|p1|Gholdengo, L50|\n|poke|p1|Tornadus, L50, M|\n|poke|p2|Tyranitar, L50, M|\n|poke|p2|Ogerpon-Cornerstone, L50, F|\n|poke|p2|Salamence, L50, F|\n|poke|p2|Arcanine-Hisui, L50, F|\n|poke|p2|Rillaboom, L50, M|\n|poke|p2|Amoonguss, L50, M|\n|teampreview|4\n|inactive|Battle timer is ON: inactive players will automatically lose when time's up. (requested by Golden Spam)\n|\n|t:|1700159222\n|start\n|switch|p1a: Tornadus|Tornadus, L50, M|100\/100\n|switch|p1b: Politoed|Politoed, L50, F|100\/100\n|switch|p2a: Salamence|Salamence, L50, F|100\/100\n|switch|p2b: Ogerpon|Ogerpon-Cornerstone, L50, F|100\/100\n|-ability|p2a: Salamence|Intimidate|boost\n|-unboost|p1a: Tornadus|atk|1\n|-unboost|p1b: Politoed|atk|1\n|-weather|RainDance|[from] ability: Drizzle|[of] p1b: Politoed\n|turn|1\n|inactive|iamTay has 30 seconds left.\n|\n|t:|1700159256\n|-terastallize|p1a: Tornadus|Ghost\n|move|p1a: Tornadus|Tailwind|p1a: Tornadus\n|-sidestart|p1: iamTay|move: Tailwind\n|move|p2a: Salamence|Tailwind|p2a: Salamence\n|-sidestart|p2: Golden Spam|move: Tailwind\n|move|p2b: Ogerpon|Ivy Cudgel|p1a: Tornadus|[anim] Ivy Cudgel Rock\n|-damage|p1a: Tornadus|29\/100\n|move|p1b: Politoed|Icy Wind|p2b: Ogerpon|[spread] p2a,p2b\n|-supereffective|p2a: Salamence\n|-supereffective|p2b: Ogerpon\n|-damage|p2a: Salamence|58\/100\n|-damage|p2b: Ogerpon|80\/100\n|-unboost|p2a: Salamence|spe|1\n|-unboost|p2b: Ogerpon|spe|1\n|\n|-weather|RainDance|[upkeep]\n|upkeep\n|turn|2\n|\n|t:|1700159278\n|switch|p2a: Rillaboom|Rillaboom, L50, M|100\/100\n|-fieldstart|move: Grassy Terrain|[from] ability: Grassy Surge|[of] p2a: Rillaboom\n|move|p2b: Ogerpon|Grassy Glide|p1a: Tornadus\n|-damage|p1a: Tornadus|0 fnt\n|faint|p1a: Tornadus\n|move|p1b: Politoed|Icy Wind|p2b: Ogerpon|[spread] p2a,p2b\n|-supereffective|p2a: Rillaboom\n|-supereffective|p2b: Ogerpon\n|-damage|p2a: Rillaboom|80\/100\n|-damage|p2b: Ogerpon|57\/100\n|-unboost|p2a: Rillaboom|spe|1\n|-unboost|p2b: Ogerpon|spe|1\n|\n|-weather|RainDance|[upkeep]\n|-heal|p2b: Ogerpon|62\/100|[from] Grassy Terrain\n|-heal|p2a: Rillaboom|86\/100|[from] Grassy Terrain\n|upkeep\n|\n|t:|1700159299\n|switch|p1a: Thundurus|Thundurus-Therian, L50, M|100\/100\n|turn|3\n|\n|t:|1700159314\n|move|p1b: Politoed|Protect|p1b: Politoed\n|-singleturn|p1b: Politoed|Protect\n|move|p2a: Rillaboom|Fake Out|p1a: Thundurus\n|-crit|p1a: Thundurus\n|-damage|p1a: Thundurus|68\/100\n|move|p2b: Ogerpon|Grassy Glide|p1b: Politoed\n|-activate|p1b: Politoed|move: Protect\n|cant|p1a: Thundurus|flinch\n|\n|-weather|RainDance|[upkeep]\n|-heal|p2b: Ogerpon|68\/100|[from] Grassy Terrain\n|-heal|p2a: Rillaboom|92\/100|[from] Grassy Terrain\n|upkeep\n|turn|4\n|\n|t:|1700159329\n|switch|p2a: Tyranitar|Tyranitar, L50, M|100\/100\n|-weather|Sandstorm|[from] ability: Sand Stream|[of] p2a: Tyranitar\n|move|p2b: Ogerpon|Grassy Glide|p1b: Politoed\n|-supereffective|p1b: Politoed\n|-damage|p1b: Politoed|23\/100\n|-enditem|p1b: Politoed|Sitrus Berry|[eat]\n|-heal|p1b: Politoed|48\/100|[from] item: Sitrus Berry\n|move|p1a: Thundurus|Sludge Bomb|p2b: Ogerpon\n|-damage|p2b: Ogerpon|25\/100\n|move|p1b: Politoed|Icy Wind|p2b: Ogerpon|[spread] p2a,p2b\n|-supereffective|p2b: Ogerpon\n|-damage|p2a: Tyranitar|97\/100\n|-damage|p2b: Ogerpon|11\/100\n|-unboost|p2a: Tyranitar|spe|1\n|-unboost|p2b: Ogerpon|spe|1\n|\n|-weather|Sandstorm|[upkeep]\n|-damage|p1a: Thundurus|62\/100|[from] Sandstorm\n|-damage|p1b: Politoed|42\/100|[from] Sandstorm\n|-heal|p1b: Politoed|48\/100|[from] Grassy Terrain\n|-heal|p2b: Ogerpon|17\/100|[from] Grassy Terrain\n|-heal|p2a: Tyranitar|100\/100|[from] Grassy Terrain\n|-sideend|p1: iamTay|move: Tailwind\n|-sideend|p2: Golden Spam|move: Tailwind\n|upkeep\n|turn|5\n|inactive|iamTay has 30 seconds left.\n|inactive|Golden Spam has 30 seconds left.\n|inactive|Golden Spam has 20 seconds left.\n|inactive|iamTay has 20 seconds left.\n|inactive|Golden Spam has 15 seconds left.\n|inactive|iamTay has 15 seconds left.\n|inactive|Golden Spam has 10 seconds left.\n|inactive|Golden Spam has 5 seconds left.\n|\n|t:|1700159384\n|switch|p1a: Gholdengo|Gholdengo, L50|100\/100\n|move|p1b: Politoed|Muddy Water|p2b: Ogerpon|[spread] p2a,p2b\n|-supereffective|p2a: Tyranitar\n|-damage|p2a: Tyranitar|85\/100\n|-damage|p2b: Ogerpon|0 fnt\n|faint|p2b: Ogerpon\n|move|p2a: Tyranitar|Rock Slide|p1a: Gholdengo|[spread] p1a,p1b\n|-resisted|p1a: Gholdengo\n|-damage|p1a: Gholdengo|87\/100\n|-damage|p1b: Politoed|20\/100\n|\n|-weather|Sandstorm|[upkeep]\n|-damage|p1b: Politoed|14\/100|[from] Sandstorm\n|-heal|p1a: Gholdengo|93\/100|[from] Grassy Terrain\n|-heal|p1a: Gholdengo|99\/100|[from] item: Leftovers\n|-heal|p1b: Politoed|20\/100|[from] Grassy Terrain\n|-heal|p2a: Tyranitar|91\/100|[from] Grassy Terrain\n|upkeep\n|\n|t:|1700159406\n|switch|p2b: Salamence|Salamence, L50, F|58\/100\n|-ability|p2b: Salamence|Intimidate|boost\n|-unboost|p1a: Gholdengo|atk|1\n|-unboost|p1b: Politoed|atk|1\n|turn|6\n|inactive|Golden Spam has 30 seconds left.\n|\n|t:|1700159432\n|-terastallize|p2b: Salamence|Fire\n|move|p2b: Salamence|Heat Wave|p1a: Gholdengo|[spread] p1b\n|-miss|p2b: Salamence|p1a: Gholdengo\n|-resisted|p1b: Politoed\n|-damage|p1b: Politoed|7\/100\n|move|p1a: Gholdengo|Nasty Plot|p1a: Gholdengo\n|-boost|p1a: Gholdengo|spa|2\n|move|p1b: Politoed|Icy Wind|p2a: Tyranitar|[spread] p2a,p2b\n|-resisted|p2b: Salamence\n|-damage|p2a: Tyranitar|88\/100\n|-damage|p2b: Salamence|52\/100\n|-unboost|p2a: Tyranitar|spe|1\n|-unboost|p2b: Salamence|spe|1\n|move|p2a: Tyranitar|Knock Off|p1b: Politoed\n|-damage|p1b: Politoed|0 fnt\n|faint|p1b: Politoed\n|\n|-weather|Sandstorm|[upkeep]\n|-damage|p2b: Salamence|46\/100|[from] Sandstorm\n|-heal|p2b: Salamence|52\/100|[from] Grassy Terrain\n|-heal|p1a: Gholdengo|100\/100|[from] Grassy Terrain\n|-heal|p2a: Tyranitar|94\/100|[from] Grassy Terrain\n|-fieldend|move: Grassy Terrain\n|upkeep\n|\n|t:|1700159447\n|switch|p1b: Thundurus|Thundurus-Therian, L50, M|62\/100\n|turn|7\n|\n|t:|1700159456\n|move|p2b: Salamence|Heat Wave|p1a: Gholdengo|[spread] p1a,p1b\n|-supereffective|p1a: Gholdengo\n|-damage|p1a: Gholdengo|35\/100\n|-damage|p1b: Thundurus|15\/100\n|move|p1b: Thundurus|Wildbolt Storm|p2b: Salamence|[spread] p2a\n|-miss|p1b: Thundurus|p2b: Salamence\n|-damage|p2a: Tyranitar|67\/100\n|move|p1a: Gholdengo|Make It Rain|p2b: Salamence|[spread] p2a,p2b\n|-supereffective|p2a: Tyranitar\n|-resisted|p2b: Salamence\n|-damage|p2a: Tyranitar|6\/100\n|-damage|p2b: Salamence|0 fnt\n|-unboost|p1a: Gholdengo|spa|1\n|faint|p2b: Salamence\n|move|p2a: Tyranitar|Rock Slide|p1a: Gholdengo|[spread] p1a,p1b\n|-resisted|p1a: Gholdengo\n|-supereffective|p1b: Thundurus\n|-damage|p1a: Gholdengo|23\/100\n|-damage|p1b: Thundurus|0 fnt\n|faint|p1b: Thundurus\n|\n|-weather|Sandstorm|[upkeep]\n|-heal|p1a: Gholdengo|30\/100|[from] item: Leftovers\n|upkeep\n|\n|t:|1700159475\n|switch|p2b: Rillaboom|Rillaboom, L50, M|92\/100\n|-fieldstart|move: Grassy Terrain|[from] ability: Grassy Surge|[of] p2b: Rillaboom\n|turn|8\n|inactive|Golden Spam has 30 seconds left.\n|inactive|Golden Spam has 20 seconds left.\n|\n|t:|1700159512\n|move|p1a: Gholdengo|Protect|p1a: Gholdengo\n|-singleturn|p1a: Gholdengo|Protect\n|move|p2b: Rillaboom|Grassy Glide|p1a: Gholdengo\n|-activate|p1a: Gholdengo|move: Protect\n|move|p2a: Tyranitar|Knock Off|p1a: Gholdengo\n|-activate|p1a: Gholdengo|move: Protect\n|\n|-weather|none\n|-heal|p1a: Gholdengo|36\/100|[from] Grassy Terrain\n|-heal|p1a: Gholdengo|42\/100|[from] item: Leftovers\n|-heal|p2b: Rillaboom|98\/100|[from] Grassy Terrain\n|-heal|p2a: Tyranitar|12\/100|[from] Grassy Terrain\n|upkeep\n|turn|9\n|inactive|Golden Spam has 30 seconds left.\n|\n|t:|1700159540\n|move|p2b: Rillaboom|Grassy Glide|p1a: Gholdengo\n|-resisted|p1a: Gholdengo\n|-damage|p1a: Gholdengo|20\/100\n|move|p1a: Gholdengo|Make It Rain|p2a: Tyranitar|[spread] p2a,p2b\n|-supereffective|p2a: Tyranitar\n|-damage|p2a: Tyranitar|0 fnt\n|-damage|p2b: Rillaboom|19\/100\n|-unboost|p1a: Gholdengo|spa|1\n|faint|p2a: Tyranitar\n|\n|-heal|p1a: Gholdengo|26\/100|[from] Grassy Terrain\n|-heal|p1a: Gholdengo|33\/100|[from] item: Leftovers\n|-heal|p2b: Rillaboom|25\/100|[from] Grassy Terrain\n|upkeep\n|turn|10\n|\n|t:|1700159557\n|move|p1a: Gholdengo|Protect|p1a: Gholdengo\n|-singleturn|p1a: Gholdengo|Protect\n|move|p2b: Rillaboom|Grassy Glide|p1a: Gholdengo\n|-activate|p1a: Gholdengo|move: Protect\n|\n|-heal|p1a: Gholdengo|39\/100|[from] Grassy Terrain\n|-heal|p1a: Gholdengo|45\/100|[from] item: Leftovers\n|-heal|p2b: Rillaboom|31\/100|[from] Grassy Terrain\n|upkeep\n|turn|11\n|\n|t:|1700159567\n|move|p2b: Rillaboom|Grassy Glide|p1a: Gholdengo\n|-resisted|p1a: Gholdengo\n|-damage|p1a: Gholdengo|25\/100\n|move|p1a: Gholdengo|Make It Rain|p2b: Rillaboom\n|-damage|p2b: Rillaboom|0 fnt\n|-unboost|p1a: Gholdengo|spa|1\n|faint|p2b: Rillaboom\n|\n|win|iamTay\n|raw|iamTay's rating: 1287 &rarr; <strong>1312<\/strong><br \/>(+25 for winning)\n|raw|Golden Spam's rating: 1291 &rarr; <strong>1266<\/strong><br \/>(-25 for losing)\n|l|\u2606Golden Spam\n","uploadtime":1700159592,"views":12,"p1id":"iamtay","p2id":"goldenspam","formatid":"gen9vgc2023regulatione","rating":1266,"private":0,"password":""}