{"id":"gen9vgc2023regulatione-1988428205","p1":"JacopinoGenerale","p2":"chunklej","format":"[Gen 9] VGC 2023 Regulation E","log":"|j|\u2606JacopinoGenerale\n|j|\u2606chunklej\n|t:|1699721884\n|gametype|doubles\n|player|p1|JacopinoGenerale|benga|1196\n|player|p2|chunklej|drayden|1234\n|teamsize|p1|6\n|teamsize|p2|6\n|gen|9\n|tier|[Gen 9] VGC 2023 Regulation E\n|rated|\n|rule|Species Clause: Limit one of each Pok\u00e9mon\n|rule|Item Clause: Limit one of each item\n|clearpoke\n|poke|p1|Ogerpon, L50, F|\n|poke|p1|Farigiraf, L50, F|\n|poke|p1|Dusclops, L50, M|\n|poke|p1|Ursaluna-Bloodmoon, L50, M|\n|poke|p1|Iron Hands, L50|\n|poke|p1|Urshifu-*, L50, F|\n|poke|p2|Slowking-Galar, L50, F|\n|poke|p2|Farigiraf, L50, F|\n|poke|p2|Glastrier, L50|\n|poke|p2|Avalugg-Hisui, L50, M|\n|poke|p2|Kingambit, L50, M|\n|poke|p2|Lurantis, L50, M|\n|teampreview|4\n|inactive|Battle timer is ON: inactive players will automatically lose when time's up. (requested by JacopinoGenerale)\nJacopinoGenerale rejected open team sheets.\n|\n|t:|1699721907\n|start\n|switch|p1a: Dusclops|Dusclops, L50, M|100\/100\n|switch|p1b: Ursaluna|Ursaluna-Bloodmoon, L50, M|100\/100\n|switch|p2a: Slowking|Slowking-Galar, L50, F|100\/100\n|switch|p2b: Farigiraf|Farigiraf, L50, F|100\/100\n|-item|p2a: Slowking|Leftovers|[from] ability: Frisk|[of] p1a: Dusclops|[identify]\n|-item|p2b: Farigiraf|Throat Spray|[from] ability: Frisk|[of] p1a: Dusclops|[identify]\n|turn|1\n|\n|t:|1699721931\n|-terastallize|p1b: Ursaluna|Normal\n|-terastallize|p2a: Slowking|Dark\n|move|p2b: Farigiraf|Shadow Ball|p1a: Dusclops\n|-supereffective|p1a: Dusclops\n|-damage|p1a: Dusclops|75\/100\n|move|p1b: Ursaluna|Hyper Voice|p2b: Farigiraf|[spread] p2a,p2b\n|-damage|p2a: Slowking|52\/100\n|-damage|p2b: Farigiraf|47\/100\n|move|p2a: Slowking|Trick Room|p2a: Slowking\n|-fieldstart|move: Trick Room|[of] p2a: Slowking\n|move|p1a: Dusclops|Trick Room|p1a: Dusclops\n|-fieldend|move: Trick Room\n|\n|-heal|p2a: Slowking|58\/100|[from] item: Leftovers\n|upkeep\n|turn|2\n|inactive|chunklej has 30 seconds left.\n|\n|t:|1699721961\n|move|p2b: Farigiraf|Hyper Voice|p1a: Dusclops|[spread] p1b\n|-immune|p1a: Dusclops\n|-damage|p1b: Ursaluna|67\/100\n|-enditem|p2b: Farigiraf|Throat Spray\n|-boost|p2b: Farigiraf|spa|1|[from] item: Throat Spray\n|move|p1b: Ursaluna|Hyper Voice|p2b: Farigiraf|[spread] p2a,p2b\n|-damage|p2a: Slowking|10\/100\n|-damage|p2b: Farigiraf|0 fnt\n|faint|p2b: Farigiraf\n|move|p2a: Slowking|Eerie Spell|p1b: Ursaluna\n|-damage|p1b: Ursaluna|20\/100\n|-activate|p1b: Ursaluna|move: Eerie Spell|Hyper Voice|3\n|move|p1a: Dusclops|Brick Break|p1b: Ursaluna\n|-supereffective|p1b: Ursaluna\n|-damage|p1b: Ursaluna|1\/100\n|-enditem|p1b: Ursaluna|Weakness Policy\n|-boost|p1b: Ursaluna|atk|2|[from] item: Weakness Policy\n|-boost|p1b: Ursaluna|spa|2|[from] item: Weakness Policy\n|\n|-heal|p2a: Slowking|16\/100|[from] item: Leftovers\n|upkeep\n|inactive|chunklej has 30 seconds left.\n|\n|t:|1699721990\n|switch|p2b: Glastrier|Glastrier, L50|100\/100\n|turn|3\n|\n|t:|1699722005\n|move|p1b: Ursaluna|Protect|p1b: Ursaluna\n|-singleturn|p1b: Ursaluna|Protect\n|move|p2b: Glastrier|Close Combat|p1b: Ursaluna\n|-activate|p1b: Ursaluna|move: Protect\n|move|p2a: Slowking|Trick Room|p2a: Slowking\n|-fieldstart|move: Trick Room|[of] p2a: Slowking\n|move|p1a: Dusclops|Trick Room|p1a: Dusclops\n|-fieldend|move: Trick Room\n|\n|-heal|p2a: Slowking|22\/100|[from] item: Leftovers\n|upkeep\n|turn|4\n|\n|t:|1699722018\n|move|p1b: Ursaluna|Protect|p1b: Ursaluna\n|-singleturn|p1b: Ursaluna|Protect\n|move|p2b: Glastrier|Close Combat|p1b: Ursaluna\n|-activate|p1b: Ursaluna|move: Protect\n|move|p2a: Slowking|Trick Room|p2a: Slowking\n|-fieldstart|move: Trick Room|[of] p2a: Slowking\n|move|p1a: Dusclops|Trick Room|p1a: Dusclops\n|-fieldend|move: Trick Room\n|\n|-heal|p2a: Slowking|29\/100|[from] item: Leftovers\n|upkeep\n|turn|5\n|\n|t:|1699722038\n|move|p1b: Ursaluna|Hyper Voice|p2a: Slowking|[spread] p2a,p2b\n|-damage|p2a: Slowking|0 fnt\n|-damage|p2b: Glastrier|43\/100\n|faint|p2a: Slowking\n|move|p2b: Glastrier|Close Combat|p1b: Ursaluna\n|-supereffective|p1b: Ursaluna\n|-damage|p1b: Ursaluna|0 fnt\n|-unboost|p2b: Glastrier|def|1\n|-unboost|p2b: Glastrier|spd|1\n|faint|p1b: Ursaluna\n|-ability|p2b: Glastrier|Chilling Neigh|boost\n|-boost|p2b: Glastrier|atk|1\n|move|p1a: Dusclops|Brick Break|p2b: Glastrier\n|-supereffective|p2b: Glastrier\n|-damage|p2b: Glastrier|14\/100\n|\n|upkeep\n|\n|t:|1699722053\n|switch|p1b: Urshifu|Urshifu, L50, F|100\/100\n|switch|p2a: Avalugg|Avalugg-Hisui, L50, M|100\/100\n|turn|6\n|\n|t:|1699722064\n|move|p1b: Urshifu|Close Combat|p2a: Avalugg\n|-supereffective|p2a: Avalugg\n|-ability|p2a: Avalugg|Sturdy\n|-damage|p2a: Avalugg|1\/100\n|-unboost|p1b: Urshifu|def|1\n|-unboost|p1b: Urshifu|spd|1\n|-damage|p1b: Urshifu|84\/100|[from] item: Rocky Helmet|[of] p2a: Avalugg\n|-damage|p1b: Urshifu|74\/100|[from] item: Life Orb\n|move|p2a: Avalugg|Body Press|p1b: Urshifu\n|-supereffective|p1b: Urshifu\n|-damage|p1b: Urshifu|0 fnt\n|faint|p1b: Urshifu\n|move|p2b: Glastrier|Icicle Crash|p1a: Dusclops\n|-damage|p1a: Dusclops|19\/100\n|cant|p1a: Dusclops|flinch\n|\n|upkeep\n|\n|t:|1699722080\n|switch|p1b: Iron Hands|Iron Hands, L50|100\/100\n|-enditem|p1b: Iron Hands|Booster Energy\n|-activate|p1b: Iron Hands|ability: Quark Drive|[fromitem]\n|-start|p1b: Iron Hands|quarkdriveatk\n|turn|7\n|\n|t:|1699722094\n|move|p2a: Avalugg|Protect|p2a: Avalugg\n|-singleturn|p2a: Avalugg|Protect\n|move|p1b: Iron Hands|Fake Out|p2a: Avalugg\n|-activate|p2a: Avalugg|move: Protect\n|move|p2b: Glastrier|Icicle Crash|p1b: Iron Hands\n|-damage|p1b: Iron Hands|52\/100\n|move|p1a: Dusclops|Brick Break|p2b: Glastrier\n|-supereffective|p2b: Glastrier\n|-damage|p2b: Glastrier|0 fnt\n|faint|p2b: Glastrier\n|\n|upkeep\n|turn|8\n|-message|chunklej forfeited.\n|\n|win|JacopinoGenerale\n|raw|JacopinoGenerale's rating: 1196 &rarr; <strong>1224<\/strong><br \/>(+28 for winning)\n|raw|chunklej's rating: 1234 &rarr; <strong>1206<\/strong><br \/>(-28 for losing)\n|l|\u2606chunklej\n","uploadtime":1699722109,"views":15,"p1id":"jacopinogenerale","p2id":"chunklej","formatid":"gen9vgc2023regulatione","rating":1206,"private":0,"password":""}