{"id":"gen9vgc2023regulatione-1996704574","p1":"RIKASLOVER","p2":"Vtvtbybyhyht","format":"[Gen 9] VGC 2023 Regulation E","log":"|j|\u2606RIKASLOVER\n|j|\u2606Vtvtbybyhyht\n|t:|1700712051\n|gametype|doubles\n|player|p1|RIKASLOVER|cynthia-masters|1131\n|player|p2|Vtvtbybyhyht|2|1170\n|teamsize|p1|6\n|teamsize|p2|6\n|gen|9\n|tier|[Gen 9] VGC 2023 Regulation E\n|rated|\n|rule|Species Clause: Limit one of each Pok\u00e9mon\n|rule|Item Clause: Limit one of each item\n|clearpoke\n|poke|p1|Tornadus, L50, M|\n|poke|p1|Arcanine-Hisui, L50, M|\n|poke|p1|Iron Hands, L50|\n|poke|p1|Amoonguss, L50, M|\n|poke|p1|Urshifu-*, L50, M|\n|poke|p1|Ogerpon-Wellspring, L50, F|\n|poke|p2|Espeon, L50, F|\n|poke|p2|Iron Jugulis, L50|\n|poke|p2|Chi-Yu, L50|\n|poke|p2|Iron Hands, L50|\n|poke|p2|Urshifu-*, L50, M|\n|poke|p2|Ogerpon-Hearthflame, L50, F|\n|teampreview|4\n|\n|t:|1700712066\n|start\n|switch|p1a: Arcanine|Arcanine-Hisui, L50, M|100\/100\n|switch|p1b: Iron Hands|Iron Hands, L50|100\/100\n|switch|p2a: Iron Jugulis|Iron Jugulis, L50|100\/100\n|switch|p2b: Chi-Yu|Chi-Yu, L50|100\/100\n|-ability|p2b: Chi-Yu|Beads of Ruin\n|-ability|p1a: Arcanine|Intimidate|boost\n|-unboost|p2a: Iron Jugulis|atk|1\n|-unboost|p2b: Chi-Yu|atk|1\n|turn|1\n|inactive|Battle timer is ON: inactive players will automatically lose when time's up. (requested by RIKASLOVER)\n|\n|t:|1700712078\n|move|p2b: Chi-Yu|Protect|p2b: Chi-Yu\n|-singleturn|p2b: Chi-Yu|Protect\n|move|p1b: Iron Hands|Fake Out|p2a: Iron Jugulis\n|-damage|p2a: Iron Jugulis|84\/100\n|move|p2a: Iron Jugulis|Earth Power|p1a: Arcanine\n|-supereffective|p1a: Arcanine\n|-damage|p1a: Arcanine|0 fnt\n|faint|p1a: Arcanine\n|\n|upkeep\n|\n|t:|1700712087\n|switch|p1a: Ogerpon|Ogerpon-Wellspring, L50, F|100\/100\n|turn|2\n|\n|t:|1700712098\n|switch|p2b: Iron Hands|Iron Hands, L50|100\/100\n|-terastallize|p1a: Ogerpon|Water\n|detailschange|p1a: Ogerpon|Ogerpon-Wellspring-Tera, L50, F, tera:Water\n|-ability|p1a: Ogerpon|Embody Aspect (Wellspring)|boost\n|-boost|p1a: Ogerpon|spd|1\n|move|p2a: Iron Jugulis|Tailwind|p2a: Iron Jugulis\n|-sidestart|p2: Vtvtbybyhyht|move: Tailwind\n|move|p1a: Ogerpon|Ivy Cudgel|p2b: Iron Hands|[anim] Ivy Cudgel Water\n|-damage|p2b: Iron Hands|52\/100\n|move|p1b: Iron Hands|Wild Charge|p2a: Iron Jugulis\n|-supereffective|p2a: Iron Jugulis\n|-damage|p2a: Iron Jugulis|0 fnt\n|faint|p2a: Iron Jugulis\n|-end|p2a: Iron Jugulis|Quark Drive|[silent]\n|-damage|p1b: Iron Hands|84\/100|[from] Recoil\n|\n|upkeep\n|\n|t:|1700712116\n|switch|p2a: Espeon|Espeon, L50, F|100\/100\n|turn|3\n|\n|t:|1700712125\n|move|p2b: Iron Hands|Fake Out|p1b: Iron Hands\n|-damage|p1b: Iron Hands|74\/100\n|move|p2a: Espeon|Psychic|p1b: Iron Hands\n|-supereffective|p1b: Iron Hands\n|-damage|p1b: Iron Hands|21\/100\n|move|p1a: Ogerpon|Swords Dance|p1a: Ogerpon\n|-boost|p1a: Ogerpon|atk|2\n|cant|p1b: Iron Hands|flinch\n|\n|upkeep\n|turn|4\n|\n|t:|1700712141\n|-terastallize|p2a: Espeon|Fairy\n|move|p2a: Espeon|Dazzling Gleam|p1b: Iron Hands|[spread] p1a,p1b\n|-supereffective|p1b: Iron Hands\n|-damage|p1a: Ogerpon|80\/100\n|-damage|p1b: Iron Hands|0 fnt\n|faint|p1b: Iron Hands\n|-end|p1b: Iron Hands|Quark Drive|[silent]\n|move|p2b: Iron Hands|Wild Charge|p1a: Ogerpon\n|-supereffective|p1a: Ogerpon\n|-damage|p1a: Ogerpon|0 fnt\n|faint|p1a: Ogerpon\n|-damage|p2b: Iron Hands|38\/100|[from] Recoil\n|\n|upkeep\n|\n|t:|1700712149\n|switch|p1b: Amoonguss|Amoonguss, L50, M|100\/100\n|turn|5\n|\n|t:|1700712155\n|move|p2a: Espeon|Psychic|p1b: Amoonguss\n|-supereffective|p1b: Amoonguss\n|-damage|p1b: Amoonguss|19\/100\n|-enditem|p1b: Amoonguss|Sitrus Berry|[eat]\n|-heal|p1b: Amoonguss|44\/100|[from] item: Sitrus Berry\n|move|p2b: Iron Hands|Ice Punch|p1b: Amoonguss\n|-supereffective|p1b: Amoonguss\n|-damage|p1b: Amoonguss|0 fnt\n|faint|p1b: Amoonguss\n|\n|win|Vtvtbybyhyht\n|raw|RIKASLOVER's rating: 1131 &rarr; <strong>1109<\/strong><br \/>(-22 for losing)\n|raw|Vtvtbybyhyht's rating: 1170 &rarr; <strong>1192<\/strong><br \/>(+22 for winning)\n|l|\u2606Vtvtbybyhyht\n|l|\u2606RIKASLOVER\n|j|\u2606RIKASLOVER\n|player|p1|RIKASLOVER|cynthia-masters\n","uploadtime":1700712165,"views":5,"p1id":"rikaslover","p2id":"vtvtbybyhyht","formatid":"gen9vgc2023regulatione","rating":1109,"private":0,"password":""}