{"id":"gen9vgc2023regulatione-1994326725","p1":"AC Wesley","p2":"sonaw4","format":"[Gen 9] VGC 2023 Regulation E","log":"|j|\u2606AC Wesley\n|j|\u2606sonaw4\n|n|\u2606AC Wesley|acwesley\n|n|\u2606sonaw4|sonaw4\n|html|View the match progress at <a href=\"\/game-bestof3-gen9vgc2023regulatione-1994326724\">game-bestof3-gen9vgc2023regulatione-1994326724<\/a>\n|t:|1700431435\n|gametype|doubles\n|player|p1|AC Wesley|thorton|\n|player|p2|sonaw4|101|\n|teamsize|p1|6\n|teamsize|p2|6\n|gen|9\n|tier|[Gen 9] VGC 2023 Regulation E\n|rule|Species Clause: Limit one of each Pok\u00e9mon\n|rule|Item Clause: Limit one of each item\n|clearpoke\n|poke|p1|Iron Hands, L50|\n|poke|p1|Farigiraf, L50, F|\n|poke|p1|Ursaluna-Bloodmoon, L50, M|\n|poke|p1|Flutter Mane, L50|\n|poke|p1|Heatran, L50, F|\n|poke|p1|Ogerpon-Wellspring, L50, F|\n|poke|p2|Urshifu-*, L50, F|\n|poke|p2|Thundurus, L50, M|\n|poke|p2|Amoonguss, L50, F|\n|poke|p2|Roaring Moon, L50|\n|poke|p2|Chien-Pao, L50|\n|poke|p2|Landorus-Therian, L50, M|\n|teampreview|4\n|inactive|Battle timer is ON: inactive players will automatically lose when time's up. (requested by AC Wesley)\nAC Wesley has agreed to open team sheets.\n|inactive|AC Wesley has 60 seconds left.\n|inactive|sonaw4 has 60 seconds left.\n|j| Van. Volcanucks\n|inactive|AC Wesley has 30 seconds left.\n|\n|t:|1700431498\n|start\n|switch|p1a: Flutter Mane|Flutter Mane, L50|100\/100\n|switch|p1b: Iron Hands|Iron Hands, L50|100\/100\n|switch|p2a: Landorus|Landorus-Therian, L50, M|100\/100\n|switch|p2b: Amoonguss|Amoonguss, L50, F|100\/100\n|-ability|p2a: Landorus|Intimidate|boost\n|-unboost|p1a: Flutter Mane|atk|1\n|-unboost|p1b: Iron Hands|atk|1\n|-enditem|p1a: Flutter Mane|Booster Energy\n|-activate|p1a: Flutter Mane|ability: Protosynthesis|[fromitem]\n|-start|p1a: Flutter Mane|protosynthesisspe\n|turn|1\n|inactive|sonaw4 has 30 seconds left.\n|\n|t:|1700431524\n|move|p1b: Iron Hands|Fake Out|p2a: Landorus\n|-damage|p2a: Landorus|88\/100\n|move|p1a: Flutter Mane|Taunt|p2b: Amoonguss\n|-start|p2b: Amoonguss|move: Taunt\n|cant|p2a: Landorus|flinch\n|cant|p2b: Amoonguss|move: Taunt|Spore\n|\n|upkeep\n|turn|2\n|inactive|AC Wesley has 30 seconds left.\n|inactive|sonaw4 has 30 seconds left.\n|inactive|AC Wesley has 20 seconds left.\n|inactive|AC Wesley has 15 seconds left.\n|inactive|AC Wesley has 10 seconds left.\n|inactive|AC Wesley has 5 seconds left.\n|\n|t:|1700431577\n|move|p1a: Flutter Mane|Icy Wind|p2b: Amoonguss|[spread] p2a,p2b\n|-supereffective|p2a: Landorus\n|-supereffective|p2b: Amoonguss\n|-damage|p2a: Landorus|41\/100\n|-damage|p2b: Amoonguss|72\/100\n|-unboost|p2a: Landorus|spe|1\n|-unboost|p2b: Amoonguss|spe|1\n|move|p2a: Landorus|Stomping Tantrum|p1b: Iron Hands\n|-supereffective|p1b: Iron Hands\n|-crit|p1b: Iron Hands\n|-damage|p1b: Iron Hands|0 fnt\n|faint|p1b: Iron Hands\n|-end|p1b: Iron Hands|Quark Drive|[silent]\n|move|p2b: Amoonguss|Clear Smog|p1a: Flutter Mane\n|-damage|p1a: Flutter Mane|84\/100\n|-clearboost|p1a: Flutter Mane\n|\n|upkeep\n|\n|t:|1700431599\n|switch|p1b: Heatran|Heatran, L50, F|100\/100\n|turn|3\n|inactive|sonaw4 has 30 seconds left.\n|inactive|AC Wesley has 30 seconds left.\n|inactive|sonaw4 has 20 seconds left.\n|inactive|AC Wesley has 20 seconds left.\n|inactive|sonaw4 has 15 seconds left.\n|inactive|sonaw4 has 10 seconds left.\n|inactive|sonaw4 has 5 seconds left.\n|\n|t:|1700431654\n|-terastallize|p1b: Heatran|Grass\n|move|p1a: Flutter Mane|Shadow Ball|p2a: Landorus\n|-damage|p2a: Landorus|12\/100\n|move|p1b: Heatran|Magma Storm|p2b: Amoonguss\n|-supereffective|p2b: Amoonguss\n|-damage|p2b: Amoonguss|0 fnt\n|faint|p2b: Amoonguss\n|move|p2a: Landorus|Stomping Tantrum|p1b: Heatran\n|-resisted|p1b: Heatran\n|-damage|p1b: Heatran|81\/100\n|\n|-heal|p1b: Heatran|87\/100|[from] item: Leftovers\n|upkeep\n|\n|t:|1700431677\n|switch|p2b: Roaring Moon|Roaring Moon, L50|100\/100\n|-enditem|p2b: Roaring Moon|Booster Energy\n|-activate|p2b: Roaring Moon|ability: Protosynthesis|[fromitem]\n|-start|p2b: Roaring Moon|protosynthesisatk\n|turn|4\n|inactive|sonaw4 has 30 seconds left.\n|inactive|AC Wesley has 30 seconds left.\n|inactive|AC Wesley has 20 seconds left.\n|inactive|sonaw4 has 20 seconds left.\n|inactive|AC Wesley has 15 seconds left.\n|inactive|AC Wesley has 10 seconds left.\n|inactive|AC Wesley has 5 seconds left.\n|\n|t:|1700431736\n|-terastallize|p2b: Roaring Moon|Flying\n|move|p1a: Flutter Mane|Icy Wind|p2a: Landorus|[spread] p2a,p2b\n|-supereffective|p2a: Landorus\n|-supereffective|p2b: Roaring Moon\n|-damage|p2a: Landorus|0 fnt\n|-damage|p2b: Roaring Moon|71\/100\n|-unboost|p2b: Roaring Moon|spe|1\n|faint|p2a: Landorus\n|move|p2b: Roaring Moon|Acrobatics|p1a: Flutter Mane\n|-damage|p1a: Flutter Mane|0 fnt\n|faint|p1a: Flutter Mane\n|-end|p1a: Flutter Mane|Protosynthesis|[silent]\n|move|p1b: Heatran|Magma Storm|p2b: Roaring Moon\n|-damage|p2b: Roaring Moon|17\/100\n|-activate|p2b: Roaring Moon|move: Magma Storm|[of] p1b: Heatran\n|\n|-heal|p1b: Heatran|93\/100|[from] item: Leftovers\n|-damage|p2b: Roaring Moon|5\/100|[from] move: Magma Storm|[partiallytrapped]\n|upkeep\n|\n|t:|1700431752\n|switch|p1a: Farigiraf|Farigiraf, L50, F|100\/100\n|switch|p2a: Urshifu|Urshifu-Rapid-Strike, L50, F|100\/100\n|turn|5\n|inactive|AC Wesley has 30 seconds left.\n|inactive|sonaw4 has 30 seconds left.\n|inactive|sonaw4 has 20 seconds left.\n|inactive|AC Wesley has 20 seconds left.\n|inactive|sonaw4 has 15 seconds left.\n|inactive|AC Wesley has 15 seconds left.\n|inactive|AC Wesley has 10 seconds left.\n|\n|t:|1700431803\n|move|p1b: Heatran|Protect|p1b: Heatran\n|-singleturn|p1b: Heatran|Protect\n|move|p2a: Urshifu|U-turn|p1a: Farigiraf\n|-supereffective|p1a: Farigiraf\n|-damage|p1a: Farigiraf|65\/100\n|move|p2b: Roaring Moon|Knock Off|p1a: Farigiraf\n|-supereffective|p1a: Farigiraf\n|-damage|p1a: Farigiraf|0 fnt\n|-enditem|p1a: Farigiraf|Mental Herb|[from] move: Knock Off|[of] p2b: Roaring Moon\n|faint|p1a: Farigiraf\n|\n|-heal|p1b: Heatran|99\/100|[from] item: Leftovers\n|-damage|p2b: Roaring Moon|0 fnt|[from] move: Magma Storm|[partiallytrapped]\n|faint|p2b: Roaring Moon\n|-end|p2b: Roaring Moon|Protosynthesis|[silent]\n|upkeep\n|turn|6\n|inactive|AC Wesley has 30 seconds left.\n|\n|t:|1700431836\n|move|p2a: Urshifu|U-turn|p1b: Heatran\n|-supereffective|p1b: Heatran\n|-damage|p1b: Heatran|48\/100\n|move|p1b: Heatran|Magma Storm|p2a: Urshifu\n|-resisted|p2a: Urshifu\n|-damage|p2a: Urshifu|56\/100\n|-activate|p2a: Urshifu|move: Magma Storm|[of] p1b: Heatran\n|\n|-heal|p1b: Heatran|54\/100|[from] item: Leftovers\n|-damage|p2a: Urshifu|44\/100|[from] move: Magma Storm|[partiallytrapped]\n|upkeep\n|turn|7\n|\n|t:|1700431855\n|move|p2a: Urshifu|U-turn|p1b: Heatran\n|-supereffective|p1b: Heatran\n|-damage|p1b: Heatran|6\/100\n|move|p1b: Heatran|Earth Power|p2a: Urshifu\n|-damage|p2a: Urshifu|0 fnt\n|faint|p2a: Urshifu\n|\n|win|AC Wesley\n|c|&|\/uhtml prompt-acwesley,AC Wesley is ready for game 2!\n|c|&|\/uhtml prompt-acwesley,AC Wesley is ready for game 2!\n|c|&|\/uhtml prompt-sonaw4,sonaw4 is ready for game 2!\nBoth players are ready! Starting next match!\n|l| Van. Volcanucks\n","uploadtime":1700432258,"views":6,"p1id":"acwesley","p2id":"sonaw4","formatid":"gen9vgc2023regulatione","rating":0,"private":0,"password":""}