{"id":"gen9vgc2023regulatione-1999821977","p1":"kavonpokebros","p2":"Maxey Better Sadly","format":"[Gen 9] VGC 2023 Regulation E","log":"|j|\u2606kavonpokebros\n|j|\u2606Maxey Better Sadly\n|t:|1701119906\n|gametype|doubles\n|player|p1|kavonpokebros|worker-gen4|1067\n|player|p2|Maxey Better Sadly|lance|1000\n|teamsize|p1|6\n|teamsize|p2|6\n|gen|9\n|tier|[Gen 9] VGC 2023 Regulation E\n|rated|\n|rule|Species Clause: Limit one of each Pok\u00e9mon\n|rule|Item Clause: Limit one of each item\n|clearpoke\n|poke|p1|Persian-Alola, L50, M|\n|poke|p1|Arcanine, L50, M|\n|poke|p1|Milotic, L50, M|\n|poke|p1|Mimikyu, L50, M|\n|poke|p1|Appletun, L50, F|\n|poke|p1|Sneasler, L50, M|\n|poke|p2|Roaring Moon, L50|\n|poke|p2|Milotic, L50, F|\n|poke|p2|Landorus-Therian, L50, M|\n|poke|p2|Flutter Mane, L50|\n|poke|p2|Iron Hands, L50|\n|poke|p2|Ogerpon-Hearthflame, L50, F|\n|teampreview|4\n|inactive|Battle timer is ON: inactive players will automatically lose when time's up. (requested by Maxey Better Sadly)\nMaxey Better Sadly has agreed to open team sheets.\n|inactive|Maxey Better Sadly has 60 seconds left.\n|inactive|Maxey Better Sadly has 30 seconds left.\n|\n|t:|1701119971\n|start\n|switch|p1a: Persian|Persian-Alola, L50, M|100\/100\n|switch|p1b: Milotic|Milotic, L50, M|100\/100\n|switch|p2a: Ogerpon|Ogerpon-Hearthflame, L50, F|100\/100\n|switch|p2b: Roaring Moon|Roaring Moon, L50|100\/100\n|-ability|p2a: Ogerpon|Mold Breaker\n|-enditem|p2b: Roaring Moon|Booster Energy\n|-activate|p2b: Roaring Moon|ability: Protosynthesis|[fromitem]\n|-start|p2b: Roaring Moon|protosynthesisatk\n|turn|1\n|\n|t:|1701119990\n|move|p1a: Persian|Fake Out|p2a: Ogerpon\n|-damage|p2a: Ogerpon|93\/100\n|cant|p2a: Ogerpon|flinch\n|move|p2b: Roaring Moon|Tailwind|p2b: Roaring Moon\n|-sidestart|p2: Maxey Better Sadly|move: Tailwind\n|move|p1b: Milotic|Ice Beam|p2b: Roaring Moon\n|-supereffective|p2b: Roaring Moon\n|-damage|p2b: Roaring Moon|36\/100\n|\n|upkeep\n|turn|2\n|inactive|kavonpokebros has 30 seconds left.\n|inactive|Maxey Better Sadly has 30 seconds left.\n|inactive|Maxey Better Sadly has 20 seconds left.\n|\n|t:|1701120029\n|switch|p1b: Arcanine|Arcanine, L50, M|100\/100\n|-ability|p1b: Arcanine|Intimidate|boost\n|-unboost|p2a: Ogerpon|atk|1\n|-unboost|p2b: Roaring Moon|atk|1\n|move|p2a: Ogerpon|Spiky Shield|p2a: Ogerpon\n|-singleturn|p2a: Ogerpon|move: Protect\n|move|p2b: Roaring Moon|Acrobatics|p1b: Arcanine\n|-crit|p1b: Arcanine\n|-damage|p1b: Arcanine|12\/100\n|move|p1a: Persian|Parting Shot|p2b: Roaring Moon\n|-unboost|p2b: Roaring Moon|atk|1\n|-unboost|p2b: Roaring Moon|spa|1\n|\n|t:|1701120044\n|switch|p1a: Sneasler|Sneasler, L50, M|100\/100|[from] Parting Shot\n|\n|upkeep\n|turn|3\n|\n|t:|1701120061\n|-terastallize|p1a: Sneasler|Poison\n|move|p1b: Arcanine|Protect|p1b: Arcanine\n|-singleturn|p1b: Arcanine|Protect\n|move|p2a: Ogerpon|Follow Me|p2a: Ogerpon\n|-singleturn|p2a: Ogerpon|move: Follow Me\n|move|p2b: Roaring Moon|Knock Off|p1b: Arcanine\n|-activate|p1b: Arcanine|move: Protect\n|move|p1a: Sneasler|Dire Claw|p2a: Ogerpon\n|-supereffective|p2a: Ogerpon\n|-damage|p2a: Ogerpon|0 fnt\n|faint|p2a: Ogerpon\n|\n|upkeep\n|\n|t:|1701120071\n|switch|p2a: Iron Hands|Iron Hands, L50|100\/100\n|turn|4\n|\n|t:|1701120086\n|move|p2a: Iron Hands|Fake Out|p1a: Sneasler\n|-damage|p1a: Sneasler|76\/100\n|move|p1b: Arcanine|Extreme Speed|p2b: Roaring Moon\n|-damage|p2b: Roaring Moon|7\/100\n|move|p2b: Roaring Moon|Knock Off|p1b: Arcanine\n|-damage|p1b: Arcanine|0 fnt\n|-enditem|p1b: Arcanine|Mirror Herb|[from] move: Knock Off|[of] p2b: Roaring Moon\n|faint|p1b: Arcanine\n|cant|p1a: Sneasler|flinch\n|\n|-sideend|p2: Maxey Better Sadly|move: Tailwind\n|upkeep\n|\n|t:|1701120102\n|switch|p1b: Persian|Persian-Alola, L50, M|100\/100\n|turn|5\n|\n|t:|1701120120\n|-end|p2a: Iron Hands|Quark Drive|[silent]\n|switch|p2a: Flutter Mane|Flutter Mane, L50|100\/100\n|move|p2b: Roaring Moon|Protect|p2b: Roaring Moon\n|-singleturn|p2b: Roaring Moon|Protect\n|move|p1b: Persian|Fake Out|p2b: Roaring Moon\n|-activate|p2b: Roaring Moon|move: Protect\n|move|p1a: Sneasler|Dire Claw|p2a: Flutter Mane\n|-crit|p2a: Flutter Mane\n|-damage|p2a: Flutter Mane|0 fnt\n|faint|p2a: Flutter Mane\n|-end|p2a: Flutter Mane|Protosynthesis|[silent]\n|\n|upkeep\n|\n|t:|1701120131\n|switch|p2a: Iron Hands|Iron Hands, L50|100\/100\n|turn|6\n|\n|t:|1701120146\n|switch|p1a: Milotic|Milotic, L50, M|100\/100\n|move|p2a: Iron Hands|Fake Out|p1b: Persian\n|-damage|p1b: Persian|87\/100\n|move|p1b: Persian|Snarl|p2a: Iron Hands|[spread] p2a,p2b\n|-resisted|p2a: Iron Hands\n|-resisted|p2b: Roaring Moon\n|-damage|p2a: Iron Hands|98\/100\n|-damage|p2b: Roaring Moon|3\/100\n|-unboost|p2a: Iron Hands|spa|1\n|-unboost|p2b: Roaring Moon|spa|1\n|move|p2b: Roaring Moon|Acrobatics|p1b: Persian\n|-damage|p1b: Persian|63\/100\n|\n|upkeep\n|turn|7\n|inactive|kavonpokebros has 30 seconds left.\n|inactive|kavonpokebros has 20 seconds left.\n|inactive|kavonpokebros has 15 seconds left.\n|\n|t:|1701120186\n|move|p1b: Persian|Quash|p2a: Iron Hands\n|-activate|p2a: Iron Hands|move: Quash\n|move|p2b: Roaring Moon|Acrobatics|p1a: Milotic\n|-damage|p1a: Milotic|75\/100\n|move|p1a: Milotic|Scald|p2a: Iron Hands\n|-damage|p2a: Iron Hands|72\/100\n|move|p2a: Iron Hands|Wild Charge|p1a: Milotic\n|-supereffective|p1a: Milotic\n|-damage|p1a: Milotic|0 fnt\n|faint|p1a: Milotic\n|-damage|p2a: Iron Hands|56\/100|[from] Recoil\n|\n|upkeep\n|\n|t:|1701120200\n|switch|p1a: Sneasler|Sneasler, L50, M, tera:Poison|76\/100\n|turn|8\n|\n|t:|1701120216\n|-terastallize|p2a: Iron Hands|Water\n|move|p2b: Roaring Moon|Protect|p2b: Roaring Moon\n|-singleturn|p2b: Roaring Moon|Protect\n|move|p1b: Persian|Snarl|p2b: Roaring Moon|[spread] p2a\n|-activate|p2b: Roaring Moon|move: Protect\n|-damage|p2a: Iron Hands|51\/100\n|-unboost|p2a: Iron Hands|spa|1\n|move|p1a: Sneasler|Dire Claw|p2a: Iron Hands\n|-damage|p2a: Iron Hands|0 fnt\n|faint|p2a: Iron Hands\n|-end|p2a: Iron Hands|Quark Drive|[silent]\n|\n|upkeep\n|turn|9\n|\n|t:|1701120232\n|move|p1b: Persian|Snarl|p2b: Roaring Moon\n|-resisted|p2b: Roaring Moon\n|-damage|p2b: Roaring Moon|0 fnt\n|faint|p2b: Roaring Moon\n|-end|p2b: Roaring Moon|Protosynthesis|[silent]\n|\n|win|kavonpokebros\n|raw|kavonpokebros's rating: 1067 &rarr; <strong>1091<\/strong><br \/>(+24 for winning)\n|raw|Maxey Better Sadly's rating: 1000 &rarr; <strong>1000<\/strong><br \/>(+0 for losing)\n|l|\u2606Maxey Better Sadly\n","uploadtime":1701120242,"views":1,"p1id":"kavonpokebros","p2id":"maxeybettersadly","formatid":"gen9vgc2023regulatione","rating":1000,"private":0,"password":""}