{"id":"gen9vgc2023regulatione-1992236372","p1":"tyl8","p2":"skeletal man","format":"[Gen 9] VGC 2023 Regulation E","log":"|j|\u2606tyl8\n|j|\u2606skeletal man\n|t:|1700166438\n|gametype|doubles\n|player|p1|tyl8|265|1411\n|player|p2|skeletal man|102|1342\n|teamsize|p1|6\n|teamsize|p2|6\n|gen|9\n|tier|[Gen 9] VGC 2023 Regulation E\n|rated|\n|rule|Species Clause: Limit one of each Pok\u00e9mon\n|rule|Item Clause: Limit one of each item\n|clearpoke\n|poke|p1|Goodra-Hisui, L50, F|\n|poke|p1|Arcanine-Hisui, L50, M|\n|poke|p1|Amoonguss, L50, F|\n|poke|p1|Cresselia, L50, F|\n|poke|p1|Gyarados, L50, F|\n|poke|p1|Tyranitar, L50, F|\n|poke|p2|Urshifu-*, L50, M|\n|poke|p2|Chien-Pao, L50|\n|poke|p2|Flutter Mane, L50|\n|poke|p2|Iron Bundle, L50|\n|poke|p2|Dragonite, L50, F|\n|poke|p2|Arcanine-Hisui, L50, F|\n|teampreview|4\nskeletal man rejected open team sheets.\n|inactive|Battle timer is ON: inactive players will automatically lose when time's up. (requested by skeletal man)\n|\n|t:|1700166469\n|start\n|switch|p1a: Goodra|Goodra-Hisui, L50, F, shiny|100\/100\n|switch|p1b: Gyarados|Gyarados, L50, F, shiny|100\/100\n|switch|p2a: Iron Bundle|Iron Bundle, L50|100\/100\n|switch|p2b: Flutter Mane|Flutter Mane, L50|100\/100\n|-ability|p1b: Gyarados|Intimidate|boost\n|-unboost|p2a: Iron Bundle|atk|1\n|-unboost|p2b: Flutter Mane|atk|1\n|-enditem|p2a: Iron Bundle|Booster Energy\n|-activate|p2a: Iron Bundle|ability: Quark Drive|[fromitem]\n|-start|p2a: Iron Bundle|quarkdrivespe\n|turn|1\n|\n|t:|1700166485\n|switch|p1b: Amoonguss|Amoonguss, L50, F, shiny|100\/100\n|move|p2a: Iron Bundle|Freeze-Dry|p1b: Amoonguss\n|-supereffective|p1b: Amoonguss\n|-damage|p1b: Amoonguss|42\/100\n|move|p2b: Flutter Mane|Shadow Ball|p1a: Goodra\n|-damage|p1a: Goodra|60\/100\n|move|p1a: Goodra|Acid Armor|p1a: Goodra\n|-boost|p1a: Goodra|def|2\n|\n|-heal|p1a: Goodra|66\/100|[from] item: Leftovers\n|-heal|p1b: Amoonguss|48\/100|[from] item: Black Sludge\n|upkeep\n|turn|2\n|\n|t:|1700166498\n|move|p1b: Amoonguss|Protect|p1b: Amoonguss\n|-singleturn|p1b: Amoonguss|Protect\n|move|p2a: Iron Bundle|Freeze-Dry|p1b: Amoonguss\n|-activate|p1b: Amoonguss|move: Protect\n|move|p2b: Flutter Mane|Shadow Ball|p1a: Goodra\n|-damage|p1a: Goodra|25\/100\n|move|p1a: Goodra|Body Press|p2a: Iron Bundle\n|-supereffective|p2a: Iron Bundle\n|-damage|p2a: Iron Bundle|0 fnt\n|faint|p2a: Iron Bundle\n|-end|p2a: Iron Bundle|Quark Drive|[silent]\n|\n|-heal|p1a: Goodra|31\/100|[from] item: Leftovers\n|-heal|p1b: Amoonguss|54\/100|[from] item: Black Sludge\n|upkeep\n|\n|t:|1700166505\n|switch|p2a: Chien-Pao|Chien-Pao, L50|100\/100\n|-ability|p2a: Chien-Pao|Sword of Ruin\n|turn|3\n|\n|t:|1700166513\n|switch|p1b: Gyarados|Gyarados, L50, F, shiny|100\/100\n|-ability|p1b: Gyarados|Intimidate|boost\n|-unboost|p2a: Chien-Pao|atk|1\n|-unboost|p2b: Flutter Mane|atk|1\n|move|p2a: Chien-Pao|Protect|p2a: Chien-Pao\n|-singleturn|p2a: Chien-Pao|Protect\n|move|p1a: Goodra|Protect|p1a: Goodra\n|-singleturn|p1a: Goodra|Protect\n|move|p2b: Flutter Mane|Shadow Ball|p1b: Gyarados\n|-damage|p1b: Gyarados|39\/100\n|\n|-heal|p1a: Goodra|36\/100|[from] item: Leftovers\n|upkeep\n|turn|4\n|inactive|tyl8 has 30 seconds left.\n|\n|t:|1700166540\n|move|p2a: Chien-Pao|Sacred Sword|p1a: Goodra\n|-supereffective|p1a: Goodra\n|-damage|p1a: Goodra|0 fnt\n|faint|p1a: Goodra\n|move|p2b: Flutter Mane|Shadow Ball|p1b: Gyarados\n|-damage|p1b: Gyarados|0 fnt\n|faint|p1b: Gyarados\n|\n|upkeep\n|\n|t:|1700166545\n|switch|p1b: Cresselia|Cresselia, L50, F|100\/100\n|switch|p1a: Amoonguss|Amoonguss, L50, F, shiny|88\/100\n|turn|5\n|\n|t:|1700166558\n|move|p1a: Amoonguss|Protect|p1a: Amoonguss\n|-singleturn|p1a: Amoonguss|Protect\n|move|p2a: Chien-Pao|Ice Spinner|p1a: Amoonguss\n|-activate|p1a: Amoonguss|move: Protect\n|move|p2b: Flutter Mane|Shadow Ball|p1b: Cresselia\n|-supereffective|p1b: Cresselia\n|-damage|p1b: Cresselia|25\/100\n|move|p1b: Cresselia|Trick Room|p1b: Cresselia\n|-fieldstart|move: Trick Room|[of] p1b: Cresselia\n|\n|-heal|p1a: Amoonguss|94\/100|[from] item: Black Sludge\n|upkeep\n|turn|6\n|\n|t:|1700166572\n|move|p2a: Chien-Pao|Protect|p2a: Chien-Pao\n|-singleturn|p2a: Chien-Pao|Protect\n|move|p1a: Amoonguss|Spore|p2b: Flutter Mane\n|-status|p2b: Flutter Mane|slp|[from] move: Spore\n|move|p1b: Cresselia|Lunar Blessing|p1b: Cresselia|[spread] p1a,p1b\n|-heal|p1a: Amoonguss|100\/100\n|-heal|p1b: Cresselia|50\/100\n|cant|p2b: Flutter Mane|slp\n|\n|upkeep\n|turn|7\n|\n|t:|1700166592\n|-terastallize|p1b: Cresselia|Fairy\n|move|p1a: Amoonguss|Pollen Puff|p2a: Chien-Pao\n|-supereffective|p2a: Chien-Pao\n|-damage|p2a: Chien-Pao|37\/100\n|move|p1b: Cresselia|Moonblast|p2a: Chien-Pao\n|-supereffective|p2a: Chien-Pao\n|-damage|p2a: Chien-Pao|0 fnt\n|faint|p2a: Chien-Pao\n|cant|p2b: Flutter Mane|slp\n|\n|upkeep\n|\n|t:|1700166606\n|switch|p2a: Dragonite|Dragonite, L50, F|100\/100\n|turn|8\n|\n|t:|1700166621\n|-terastallize|p2a: Dragonite|Normal\n|move|p2a: Dragonite|Extreme Speed|p1a: Amoonguss\n|-damage|p1a: Amoonguss|43\/100\n|move|p1a: Amoonguss|Spore|p2a: Dragonite\n|-status|p2a: Dragonite|slp|[from] move: Spore\n|move|p1b: Cresselia|Moonblast|p2b: Flutter Mane\n|-damage|p2b: Flutter Mane|75\/100 slp\n|-unboost|p2b: Flutter Mane|spa|1\n|cant|p2b: Flutter Mane|slp\n|\n|-heal|p1a: Amoonguss|49\/100|[from] item: Black Sludge\n|upkeep\n|turn|9\n|\n|t:|1700166635\n|cant|p2a: Dragonite|slp\n|move|p1a: Amoonguss|Pollen Puff|p1b: Cresselia\n|-heal|p1b: Cresselia|99\/100\n|move|p1b: Cresselia|Moonblast|p2b: Flutter Mane\n|-damage|p2b: Flutter Mane|52\/100 slp\n|-curestatus|p2b: Flutter Mane|slp|[msg]\n|move|p2b: Flutter Mane|Shadow Ball|p1a: Amoonguss\n|-damage|p1a: Amoonguss|13\/100\n|\n|-heal|p1a: Amoonguss|19\/100|[from] item: Black Sludge\n|-fieldend|move: Trick Room\n|upkeep\n|turn|10\n|\n|t:|1700166655\n|move|p1a: Amoonguss|Protect|p1a: Amoonguss\n|-singleturn|p1a: Amoonguss|Protect\n|cant|p2a: Dragonite|slp\n|move|p2b: Flutter Mane|Shadow Ball|p1a: Amoonguss\n|-activate|p1a: Amoonguss|move: Protect\n|move|p1b: Cresselia|Trick Room|p1b: Cresselia\n|-fieldstart|move: Trick Room|[of] p1b: Cresselia\n|\n|-heal|p1a: Amoonguss|25\/100|[from] item: Black Sludge\n|upkeep\n|turn|11\n|\n|t:|1700166667\n|cant|p2a: Dragonite|slp\n|move|p1a: Amoonguss|Spore|p2b: Flutter Mane\n|-status|p2b: Flutter Mane|slp|[from] move: Spore\n|move|p1b: Cresselia|Moonblast|p2b: Flutter Mane\n|-damage|p2b: Flutter Mane|26\/100 slp\n|cant|p2b: Flutter Mane|slp\n|\n|-heal|p1a: Amoonguss|31\/100|[from] item: Black Sludge\n|upkeep\n|turn|12\n|\n|t:|1700166682\n|move|p1a: Amoonguss|Protect|p1a: Amoonguss\n|-singleturn|p1a: Amoonguss|Protect\n|-curestatus|p2a: Dragonite|slp|[msg]\n|move|p2a: Dragonite|Extreme Speed|p1a: Amoonguss\n|-activate|p1a: Amoonguss|move: Protect\n|move|p1b: Cresselia|Moonblast|p2b: Flutter Mane\n|-crit|p2b: Flutter Mane\n|-damage|p2b: Flutter Mane|0 fnt\n|faint|p2b: Flutter Mane\n|-end|p2b: Flutter Mane|Protosynthesis|[silent]\n|\n|-heal|p1a: Amoonguss|38\/100|[from] item: Black Sludge\n|upkeep\n|turn|13\n|\n|t:|1700166697\n|move|p1b: Cresselia|Ally Switch|p1b: Cresselia\n|swap|p1b: Cresselia|0|[from] move: Ally Switch\n|move|p2a: Dragonite|Extreme Speed|p1a: Cresselia\n|-damage|p1a: Cresselia|57\/100\n|-damage|p2a: Dragonite|84\/100|[from] item: Rocky Helmet|[of] p1a: Cresselia\n|move|p1b: Amoonguss|Spore|p2a: Dragonite\n|-status|p2a: Dragonite|slp|[from] move: Spore\n|\n|-heal|p1b: Amoonguss|44\/100|[from] item: Black Sludge\n|upkeep\n|turn|14\n|c|\u2606skeletal man|nice\n|\n|t:|1700166708\n|cant|p2a: Dragonite|slp\n|move|p1b: Amoonguss|Pollen Puff|p2a: Dragonite\n|-damage|p2a: Dragonite|66\/100 slp\n|move|p1a: Cresselia|Moonblast|p2a: Dragonite\n|-damage|p2a: Dragonite|39\/100 slp\n|\n|-heal|p1b: Amoonguss|50\/100|[from] item: Black Sludge\n|-fieldend|move: Trick Room\n|upkeep\n|turn|15\n|c|\u2606tyl8|gg\n|c|\u2606tyl8|I cant believe I just did that lol\n|\n|t:|1700166724\n|cant|p2a: Dragonite|slp\n|move|p1a: Cresselia|Moonblast|p2a: Dragonite\n|-damage|p2a: Dragonite|11\/100 slp\n|move|p1b: Amoonguss|Pollen Puff|p2a: Dragonite\n|-damage|p2a: Dragonite|0 fnt\n|faint|p2a: Dragonite\n|\n|win|tyl8\n|raw|tyl8's rating: 1411 &rarr; <strong>1427<\/strong><br \/>(+16 for winning)\n|raw|skeletal man's rating: 1342 &rarr; <strong>1326<\/strong><br \/>(-16 for losing)\n|c|\u2606skeletal man|gg\n","uploadtime":1700166736,"views":31,"p1id":"tyl8","p2id":"skeletalman","formatid":"gen9vgc2023regulatione","rating":1326,"private":0,"password":""}