{"id":"gen9vgc2023regulatione-1995934233","p1":"N4N0vgc","p2":"Fancy Cucudrula","format":"[Gen 9] VGC 2023 Regulation E","log":"|j|\u2606N4N0vgc\n|j|\u2606Fancy Cucudrula\n|n|\u2606N4N0vgc|n4n0vgc\n|n|\u2606Fancy Cucudrula|fancycucudrula\n|html|View the match progress at <a href=\"\/game-bestof3-gen9vgc2023regulatione-1995934232\">game-bestof3-gen9vgc2023regulatione-1995934232<\/a>\n|t:|1700619140\n|gametype|doubles\n|player|p1|N4N0vgc|guzma|\n|player|p2|Fancy Cucudrula|valerie|\n|teamsize|p1|6\n|teamsize|p2|6\n|gen|9\n|tier|[Gen 9] VGC 2023 Regulation E\n|rule|Species Clause: Limit one of each Pok\u00e9mon\n|rule|Item Clause: Limit one of each item\n|clearpoke\n|poke|p1|Tatsugiri, L50, M|\n|poke|p1|Dondozo, L50, M|\n|poke|p1|Iron Hands, L50|\n|poke|p1|Ninetales-Alola, L50, M|\n|poke|p1|Ogerpon-Hearthflame, L50, F|\n|poke|p1|Glimmora, L50, F|\n|poke|p2|Flutter Mane, L50|\n|poke|p2|Amoonguss, L50, F|\n|poke|p2|Heatran, L50, F|\n|poke|p2|Iron Hands, L50|\n|poke|p2|Landorus-Therian, L50, M|\n|poke|p2|Chien-Pao, L50|\n|teampreview|4\nFancy Cucudrula has agreed to open team sheets.\nN4N0vgc has agreed to open team sheets.\n|showteam|p1|Tatsugiri||ChoiceScarf|Commander|MuddyWater,DracoMeteor,IcyWind,DragonPulse|||M|||50|,,,,,Steel]Dondozo||Leftovers|Unaware|Substitute,Earthquake,OrderUp,Protect|||M|||50|,,,,,Dragon]Iron Hands||AssaultVest|QuarkDrive|FakeOut,DrainPunch,WildCharge,HeavySlam||||||50|,,,,,Fire]Ninetales-Alola||LightClay|SnowWarning|Blizzard,Moonblast,AuroraVeil,Protect|||M|||50|,,,,,Water]Ogerpon-Hearthflame||HearthflameMask|MoldBreaker|IvyCudgel,HornLeech,SwordsDance,SpikyShield|||F|||50|,,,,,Fire]Glimmora||FocusSash|ToxicDebris|MortalSpin,SpikyShield,EarthPower,SludgeBomb|||F|||50|,,,,,Grass\n|showteam|p2|Flutter Mane||ChoiceSpecs|Protosynthesis|DazzlingGleam,Moonblast,ShadowBall,PerishSong||||||50|,,,,,Fairy]Amoonguss||RockyHelmet|Regenerator|RagePowder,PollenPuff,Spore,Protect|||F|||50|,,,,,Water]Heatran||SafetyGoggles|FlashFire|HeatWave,EarthPower,FlashCannon,Protect|||F|||50|,,,,,Fairy]Iron Hands||AssaultVest|QuarkDrive|DrainPunch,WildCharge,HeavySlam,FakeOut||||||50|,,,,,Water]Landorus-Therian||ChoiceScarf|Intimidate|StompingTantrum,TeraBlast,RockSlide,Uturn|||M|||50|,,,,,Flying]Chien-Pao||FocusSash|SwordofRuin|IceSpinner,SuckerPunch,Haze,Protect||||||50|,,,,,Ghost\n|c|\u2606N4N0vgc|glhf\n|inactive|Battle timer is ON: inactive players will automatically lose when time's up. (requested by Fancy Cucudrula)\n|c|\u2606Fancy Cucudrula|gracias mi rey\n|inactive|Fancy Cucudrula has 60 seconds left.\n|inactive|N4N0vgc has 60 seconds left.\n|\n|t:|1700619225\n|start\n|switch|p1a: FerroPajas|Iron Hands, L50|100\/100\n|switch|p1b: Kitsune|Ninetales-Alola, L50, M, shiny|100\/100\n|switch|p2a: Luquisha|Landorus-Therian, L50, M|100\/100\n|switch|p2b: Mistress|Iron Hands, L50, shiny|100\/100\n|-ability|p2a: Luquisha|Intimidate|boost\n|-unboost|p1a: FerroPajas|atk|1\n|-unboost|p1b: Kitsune|atk|1\n|-weather|Snow|[from] ability: Snow Warning|[of] p1b: Kitsune\n|turn|1\n|inactive|Fancy Cucudrula has 30 seconds left.\n|\n|t:|1700619256\n|-end|p1a: FerroPajas|Quark Drive|[silent]\n|switch|p1a: T\u00f3xica|Glimmora, L50, F, shiny|100\/100\n|move|p1b: Kitsune|Protect|p1b: Kitsune\n|-singleturn|p1b: Kitsune|Protect\n|move|p2b: Mistress|Fake Out|p1b: Kitsune\n|-activate|p1b: Kitsune|move: Protect\n|move|p2a: Luquisha|U-turn|p1a: T\u00f3xica\n|-resisted|p1a: T\u00f3xica\n|-damage|p1a: T\u00f3xica|85\/100\n|-activate|p1a: T\u00f3xica|ability: Toxic Debris\n|-sidestart|p2: Fancy Cucudrula|move: Toxic Spikes\n|\n|t:|1700619271\n|switch|p2a: Jessica Wild|Chien-Pao, L50|100\/100|[from] U-turn\n|-status|p2a: Jessica Wild|psn\n|-ability|p2a: Jessica Wild|Sword of Ruin\n|\n|-weather|Snow|[upkeep]\n|-damage|p2a: Jessica Wild|88\/100 psn|[from] psn\n|upkeep\n|turn|2\n|inactive|N4N0vgc has 30 seconds left.\n|inactive|Fancy Cucudrula has 30 seconds left.\n|\n|t:|1700619301\n|switch|p2a: Luquisha|Landorus-Therian, L50, M|100\/100\n|-ability|p2a: Luquisha|Intimidate|boost\n|-unboost|p1a: T\u00f3xica|atk|1\n|-unboost|p1b: Kitsune|atk|1\n|move|p1b: Kitsune|Aurora Veil|p1b: Kitsune\n|-sidestart|p1: N4N0vgc|move: Aurora Veil\n|move|p1a: T\u00f3xica|Earth Power|p2b: Mistress\n|-supereffective|p2b: Mistress\n|-damage|p2b: Mistress|68\/100\n|move|p2b: Mistress|Drain Punch|p1a: T\u00f3xica\n|-damage|p1a: T\u00f3xica|51\/100\n|-heal|p2b: Mistress|80\/100|[from] drain|[of] p1a: T\u00f3xica\n|-activate|p1a: T\u00f3xica|ability: Toxic Debris\n|-sidestart|p2: Fancy Cucudrula|move: Toxic Spikes\n|\n|-weather|Snow|[upkeep]\n|upkeep\n|turn|3\n|\n|t:|1700619324\n|move|p1b: Kitsune|Protect|p1b: Kitsune\n|-singleturn|p1b: Kitsune|Protect\n|move|p1a: T\u00f3xica|Spiky Shield|p1a: T\u00f3xica\n|-singleturn|p1a: T\u00f3xica|move: Protect\n|move|p2a: Luquisha|U-turn|p1a: T\u00f3xica\n|-activate|p1a: T\u00f3xica|move: Protect\n|-damage|p2a: Luquisha|88\/100|[from] Spiky Shield|[of] p1a: T\u00f3xica\n|move|p2b: Mistress|Heavy Slam|p1b: Kitsune\n|-activate|p1b: Kitsune|move: Protect\n|\n|-weather|Snow|[upkeep]\n|upkeep\n|turn|4\n|\n|t:|1700619333\n|move|p2a: Luquisha|U-turn|p1b: Kitsune\n|-resisted|p1b: Kitsune\n|-damage|p1b: Kitsune|94\/100\n|\n|t:|1700619336\n|switch|p2a: Jessica Wild|Chien-Pao, L50|88\/100 psn|[from] U-turn\n|-ability|p2a: Jessica Wild|Sword of Ruin\n|move|p1b: Kitsune|Moonblast|p2b: Mistress\n|-supereffective|p2b: Mistress\n|-damage|p2b: Mistress|50\/100\n|-unboost|p2b: Mistress|spa|1\n|move|p1a: T\u00f3xica|Earth Power|p2b: Mistress\n|-supereffective|p2b: Mistress\n|-damage|p2b: Mistress|15\/100\n|move|p2b: Mistress|Heavy Slam|p1b: Kitsune\n|-supereffective|p1b: Kitsune\n|-damage|p1b: Kitsune|0 fnt\n|faint|p1b: Kitsune\n|\n|-weather|Snow|[upkeep]\n|-damage|p2a: Jessica Wild|76\/100 psn|[from] psn\n|upkeep\n|\n|t:|1700619343\n|switch|p1b: OgerBONK|Ogerpon-Hearthflame, L50, F|100\/100\n|-ability|p1b: OgerBONK|Mold Breaker\n|turn|5\n|\n|t:|1700619363\n|-terastallize|p1b: OgerBONK|Fire\n|detailschange|p1b: OgerBONK|Ogerpon-Hearthflame-Tera, L50, F, tera:Fire\n|-ability|p1b: OgerBONK|Embody Aspect (Hearthflame)|boost\n|-boost|p1b: OgerBONK|atk|1\n|move|p2a: Jessica Wild|Sucker Punch|p1a: T\u00f3xica\n|-damage|p1a: T\u00f3xica|15\/100\n|move|p1a: T\u00f3xica|Earth Power|p2b: Mistress\n|-supereffective|p2b: Mistress\n|-damage|p2b: Mistress|0 fnt\n|faint|p2b: Mistress\n|-end|p2b: Mistress|Quark Drive|[silent]\n|move|p1b: OgerBONK|Ivy Cudgel|p2a: Jessica Wild|[anim] Ivy Cudgel Fire\n|-supereffective|p2a: Jessica Wild\n|-crit|p2a: Jessica Wild\n|-damage|p2a: Jessica Wild|0 fnt\n|faint|p2a: Jessica Wild\n|\n|-weather|none\n|upkeep\n|\n|t:|1700619371\n|switch|p2a: Sasha Colby|Flutter Mane, L50|100\/100\n|switch|p2b: Luquisha|Landorus-Therian, L50, M|88\/100\n|-ability|p2b: Luquisha|Intimidate|boost\n|-unboost|p1a: T\u00f3xica|atk|1\n|-unboost|p1b: OgerBONK|atk|1\n|-status|p2a: Sasha Colby|tox\n|turn|6\n|inactive|Fancy Cucudrula has 30 seconds left.\n|\n|t:|1700619402\n|-terastallize|p2a: Sasha Colby|Fairy\n|move|p1b: OgerBONK|Spiky Shield|p1b: OgerBONK\n|-singleturn|p1b: OgerBONK|move: Protect\n|move|p2b: Luquisha|Stomping Tantrum|p1b: OgerBONK\n|-activate|p1b: OgerBONK|move: Protect\n|-damage|p2b: Luquisha|76\/100|[from] Spiky Shield|[of] p1b: OgerBONK\n|move|p2a: Sasha Colby|Dazzling Gleam|p1b: OgerBONK|[spread] p1a\n|-activate|p1b: OgerBONK|move: Protect\n|-resisted|p1a: T\u00f3xica\n|-damage|p1a: T\u00f3xica|0 fnt\n|faint|p1a: T\u00f3xica\n|\n|-damage|p2a: Sasha Colby|95\/100 tox|[from] psn\n|upkeep\n|\n|t:|1700619411\n|switch|p1a: FerroPajas|Iron Hands, L50|100\/100\n|turn|7\n|\n|t:|1700619422\n|move|p2b: Luquisha|Stomping Tantrum|p1b: OgerBONK\n|-supereffective|p1b: OgerBONK\n|-damage|p1b: OgerBONK|43\/100\n|move|p2a: Sasha Colby|Dazzling Gleam|p1a: FerroPajas|[spread] p1a,p1b\n|-supereffective|p1a: FerroPajas\n|-resisted|p1b: OgerBONK\n|-damage|p1a: FerroPajas|63\/100\n|-damage|p1b: OgerBONK|25\/100\n|move|p1b: OgerBONK|Ivy Cudgel|p2b: Luquisha|[anim] Ivy Cudgel Fire\n|-damage|p2b: Luquisha|0 fnt\n|faint|p2b: Luquisha\n|move|p1a: FerroPajas|Heavy Slam|p2a: Sasha Colby\n|-supereffective|p2a: Sasha Colby\n|-damage|p2a: Sasha Colby|0 fnt\n|faint|p2a: Sasha Colby\n|-end|p2a: Sasha Colby|Protosynthesis|[silent]\n|\n|win|N4N0vgc\n|c|&|\/uhtml prompt-fancycucudrula,Fancy Cucudrula is ready for game 2!\n|inactive|N4N0vgc has 50 seconds to confirm battle start!\n|c|&|\/uhtml prompt-fancycucudrula,Fancy Cucudrula is ready for game 2!\n|c|&|\/uhtml prompt-n4n0vgc,N4N0vgc is ready for game 2!\nBoth players are ready! Starting next match!\n","uploadtime":1700619720,"views":2,"p1id":"n4n0vgc","p2id":"fancycucudrula","formatid":"gen9vgc2023regulatione","rating":0,"private":0,"password":""}