{"id":"gen9vgc2023regulatione-1999768350","p1":"TheRealHitchhiker","p2":"heavenz11","format":"[Gen 9] VGC 2023 Regulation E","log":"|j|\u2606TheRealHitchhiker\n|j|\u2606heavenz11\n|t:|1701114944\n|gametype|doubles\n|player|p1|TheRealHitchhiker|eusine|1238\n|player|p2|heavenz11|volkner|1229\n|teamsize|p1|6\n|teamsize|p2|6\n|gen|9\n|tier|[Gen 9] VGC 2023 Regulation E\n|rated|\n|rule|Species Clause: Limit one of each Pok\u00e9mon\n|rule|Item Clause: Limit one of each item\n|clearpoke\n|poke|p1|Regieleki, L50|\n|poke|p1|Flutter Mane, L50|\n|poke|p1|Iron Hands, L50|\n|poke|p1|Weezing, L50, M|\n|poke|p1|Kleavor, L50, M|\n|poke|p1|Heatran, L50, M|\n|poke|p2|Tornadus, L50, M|\n|poke|p2|Urshifu-*, L50, M|\n|poke|p2|Landorus-Therian, L50, M|\n|poke|p2|Iron Hands, L50|\n|poke|p2|Heatran, L50, F|\n|poke|p2|Flutter Mane, L50|\n|teampreview|4\n|\n|t:|1701114982\n|start\n|switch|p1a: Regieleki|Regieleki, L50|100\/100\n|switch|p1b: Weezing|Weezing, L50, M|100\/100\n|switch|p2a: Landorus|Landorus-Therian, L50, M|100\/100\n|switch|p2b: Iron Hands|Iron Hands, L50|100\/100\n|-ability|p1b: Weezing|Neutralizing Gas\n|turn|1\n|\n|t:|1701115015\n|-terastallize|p1a: Regieleki|Ice\n|move|p2b: Iron Hands|Fake Out|p1a: Regieleki\n|-damage|p1a: Regieleki|73\/100\n|cant|p1a: Regieleki|flinch\n|move|p2a: Landorus|Stomping Tantrum|p1a: Regieleki\n|-damage|p1a: Regieleki|7\/100\n|move|p1b: Weezing|Will-O-Wisp|p2b: Iron Hands\n|-status|p2b: Iron Hands|brn\n|\n|-damage|p2b: Iron Hands|94\/100 brn|[from] brn\n|upkeep\n|turn|2\n|\n|t:|1701115032\n|switch|p2a: Heatran|Heatran, L50, F|100\/100\n|move|p1b: Weezing|Protect|p1b: Weezing\n|-singleturn|p1b: Weezing|Protect\n|move|p1a: Regieleki|Tera Blast|p2a: Heatran|[anim] Tera Blast Ice\n|-resisted|p2a: Heatran\n|-damage|p2a: Heatran|89\/100\n|move|p2b: Iron Hands|Volt Switch|p1a: Regieleki\n|-damage|p1a: Regieleki|0 fnt\n|faint|p1a: Regieleki\n|\n|t:|1701115047\n|-end|p2b: Iron Hands|Quark Drive|[silent]\n|switch|p2b: Landorus|Landorus-Therian, L50, M|100\/100|[from] Volt Switch\n|\n|upkeep\n|\n|t:|1701115052\n|switch|p1a: Heatran|Heatran, L50, M|100\/100\n|turn|3\n|\n|t:|1701115073\n|-terastallize|p2a: Heatran|Fairy\n|move|p1a: Heatran|Protect|p1a: Heatran\n|-singleturn|p1a: Heatran|Protect\n|move|p2b: Landorus|Stomping Tantrum|p1a: Heatran\n|-activate|p1a: Heatran|move: Protect\n|move|p2a: Heatran|Flash Cannon|p1b: Weezing\n|-damage|p1b: Weezing|62\/100\n|-unboost|p1b: Weezing|spd|1\n|move|p1b: Weezing|Will-O-Wisp|p2b: Landorus|[miss]\n|-miss|p1b: Weezing|p2b: Landorus\n|\n|-heal|p1b: Weezing|68\/100|[from] item: Black Sludge\n|upkeep\n|turn|4\n|\n|t:|1701115093\n|move|p2b: Landorus|Stomping Tantrum|p1a: Heatran\n|-supereffective|p1a: Heatran\n|-damage|p1a: Heatran|0 fnt\n|-damage|p2b: Landorus|84\/100|[from] item: Rocky Helmet|[of] p1a: Heatran\n|faint|p1a: Heatran\n|move|p2a: Heatran|Flash Cannon|p1b: Weezing\n|-damage|p1b: Weezing|12\/100\n|move|p1b: Weezing|Sludge Bomb|p2a: Heatran\n|-supereffective|p2a: Heatran\n|-damage|p2a: Heatran|44\/100\n|\n|-heal|p1b: Weezing|18\/100|[from] item: Black Sludge\n|upkeep\n|\n|t:|1701115103\n|switch|p1a: Iron Hands|Iron Hands, L50|100\/100\n|turn|5\n|\n|t:|1701115111\n|move|p1a: Iron Hands|Fake Out|p2b: Landorus\n|-damage|p2b: Landorus|66\/100\n|cant|p2b: Landorus|flinch\n|move|p2a: Heatran|Heat Wave|p1b: Weezing|[spread] p1a,p1b\n|-damage|p1a: Iron Hands|78\/100\n|-damage|p1b: Weezing|0 fnt\n|faint|p1b: Weezing\n|-end|p1b: Weezing|ability: Neutralizing Gas\n|-ability|p2b: Landorus|Intimidate|boost\n|-unboost|p1a: Iron Hands|atk|1\n|\n|upkeep\n|turn|6\n|-message|TheRealHitchhiker forfeited.\n|\n|win|heavenz11\n|raw|TheRealHitchhiker's rating: 1238 &rarr; <strong>1212<\/strong><br \/>(-26 for losing)\n|raw|heavenz11's rating: 1229 &rarr; <strong>1255<\/strong><br \/>(+26 for winning)\n|l|\u2606TheRealHitchhiker\n","uploadtime":1701115130,"views":19,"p1id":"therealhitchhiker","p2id":"heavenz11","formatid":"gen9vgc2023regulatione","rating":1212,"private":0,"password":""}