{"id":"gen9vgc2023regulatione-1995907527","p1":"Kalickey","p2":"kavonpokebros","format":"[Gen 9] VGC 2023 Regulation E","log":"|j|\u2606Kalickey\n|j|\u2606kavonpokebros\n|t:|1700616081\n|gametype|doubles\n|player|p1|Kalickey|265|1305\n|player|p2|kavonpokebros|worker-gen4|1226\n|teamsize|p1|6\n|teamsize|p2|6\n|gen|9\n|tier|[Gen 9] VGC 2023 Regulation E\n|rated|\n|rule|Species Clause: Limit one of each Pok\u00e9mon\n|rule|Item Clause: Limit one of each item\n|clearpoke\n|poke|p1|Dragonite, L50, F|\n|poke|p1|Gholdengo, L50|\n|poke|p1|Scizor, L50, F|\n|poke|p1|Heatran, L50, M|\n|poke|p1|Rillaboom, L50, F|\n|poke|p1|Murkrow, L50, M|\n|poke|p2|Persian-Alola, L50, M|\n|poke|p2|Arcanine, L50, M|\n|poke|p2|Milotic, L50, F|\n|poke|p2|Mimikyu, L50, M|\n|poke|p2|Appletun, L50, M|\n|poke|p2|Sneasler, L50, M|\n|teampreview|4\n|inactive|Battle timer is ON: inactive players will automatically lose when time's up. (requested by Kalickey)\n|inactive|Kalickey has 60 seconds left.\n|\n|t:|1700616125\n|start\n|switch|p1a: Dragonite|Dragonite, L50, F|100\/100\n|switch|p1b: Gholdengo|Gholdengo, L50|100\/100\n|switch|p2a: Persian|Persian-Alola, L50, M|100\/100\n|switch|p2b: Sneasler|Sneasler, L50, M|100\/100\n|turn|1\n|inactive|Kalickey has 30 seconds left.\n|inactive|kavonpokebros has 30 seconds left.\n|\n|t:|1700616158\n|-terastallize|p1b: Gholdengo|Fairy\n|move|p2a: Persian|Snarl|p1b: Gholdengo|[spread] p1a,p1b\n|-resisted|p1b: Gholdengo\n|-crit|p1b: Gholdengo\n|-damage|p1a: Dragonite|88\/100\n|-damage|p1b: Gholdengo|93\/100\n|-unboost|p1a: Dragonite|spa|1\n|-unboost|p1b: Gholdengo|spa|1\n|move|p2b: Sneasler|Lash Out|p1b: Gholdengo\n|-resisted|p1b: Gholdengo\n|-damage|p1b: Gholdengo|73\/100\n|move|p1b: Gholdengo|Dazzling Gleam|p2a: Persian|[spread] p2a,p2b\n|-supereffective|p2a: Persian\n|-damage|p2a: Persian|14\/100\n|-damage|p2b: Sneasler|58\/100\n|-damage|p1b: Gholdengo|63\/100|[from] item: Life Orb\n|move|p1a: Dragonite|Earthquake|p2a: Persian|[spread] p1b,p2a,p2b\n|-supereffective|p2b: Sneasler\n|-damage|p1b: Gholdengo|25\/100\n|-damage|p2a: Persian|0 fnt\n|-damage|p2b: Sneasler|0 fnt\n|faint|p2a: Persian\n|faint|p2b: Sneasler\n|\n|upkeep\n|\n|t:|1700616180\n|switch|p2a: Milotic|Milotic, L50, F|100\/100\n|switch|p2b: Arcanine|Arcanine, L50, M|100\/100\n|-ability|p2b: Arcanine|Intimidate|boost\n|-fail|p1a: Dragonite|unboost|Attack|[from] ability: Inner Focus|[of] p1a: Dragonite\n|-unboost|p1b: Gholdengo|atk|1\n|turn|2\n|\n|t:|1700616208\n|move|p1b: Gholdengo|Protect|p1b: Gholdengo\n|-singleturn|p1b: Gholdengo|Protect\n|move|p2b: Arcanine|Extreme Speed|p1b: Gholdengo\n|-activate|p1b: Gholdengo|move: Protect\n|move|p2a: Milotic|Ice Beam|p1a: Dragonite\n|-supereffective|p1a: Dragonite\n|-damage|p1a: Dragonite|0 fnt\n|faint|p1a: Dragonite\n|\n|upkeep\n|\n|t:|1700616220\n|switch|p1a: Rillaboom|Rillaboom, L50, F|100\/100\n|-fieldstart|move: Grassy Terrain|[from] ability: Grassy Surge|[of] p1a: Rillaboom\n|turn|3\n|\n|t:|1700616234\n|switch|p1b: Heatran|Heatran, L50, M|100\/100\n|move|p2b: Arcanine|Flare Blitz|p1a: Rillaboom\n|-supereffective|p1a: Rillaboom\n|-damage|p1a: Rillaboom|0 fnt\n|faint|p1a: Rillaboom\n|-damage|p2b: Arcanine|66\/100|[from] Recoil\n|move|p2a: Milotic|Ice Beam|p1b: Heatran\n|-resisted|p1b: Heatran\n|-damage|p1b: Heatran|95\/100\n|\n|-heal|p2b: Arcanine|72\/100|[from] Grassy Terrain\n|-heal|p1b: Heatran|100\/100|[from] Grassy Terrain\n|upkeep\n|\n|t:|1700616249\n|switch|p1a: Gholdengo|Gholdengo, L50, tera:Fairy|25\/100\n|turn|4\n|\n|t:|1700616268\n|move|p2b: Arcanine|Protect|p2b: Arcanine\n|-singleturn|p2b: Arcanine|Protect\n|move|p1a: Gholdengo|Shadow Ball|p2a: Milotic\n|-damage|p2a: Milotic|53\/100\n|-damage|p1a: Gholdengo|15\/100|[from] item: Life Orb\n|move|p2a: Milotic|Ice Beam|p1a: Gholdengo\n|-damage|p1a: Gholdengo|0 fnt\n|faint|p1a: Gholdengo\n|move|p1b: Heatran|Earth Power|p2b: Arcanine\n|-activate|p2b: Arcanine|move: Protect\n|\n|-heal|p2b: Arcanine|78\/100|[from] Grassy Terrain\n|-heal|p2a: Milotic|59\/100|[from] Grassy Terrain\n|upkeep\n|turn|5\n|\n|t:|1700616291\n|-terastallize|p2b: Arcanine|Water\n|move|p2b: Arcanine|Extreme Speed|p1b: Heatran\n|-resisted|p1b: Heatran\n|-damage|p1b: Heatran|90\/100\n|move|p2a: Milotic|Ice Beam|p1b: Heatran\n|-resisted|p1b: Heatran\n|-damage|p1b: Heatran|84\/100\n|-status|p1b: Heatran|frz\n|-curestatus|p1b: Heatran|frz|[msg]\n|move|p1b: Heatran|Earth Power|p2b: Arcanine\n|-damage|p2b: Arcanine|44\/100\n|\n|-heal|p2b: Arcanine|50\/100|[from] Grassy Terrain\n|-heal|p2a: Milotic|65\/100|[from] Grassy Terrain\n|-heal|p1b: Heatran|90\/100|[from] Grassy Terrain\n|upkeep\n|turn|6\n|inactive|Kalickey has 30 seconds left.\n|inactive|kavonpokebros has 30 seconds left.\n|\n|t:|1700616318\n|move|p2b: Arcanine|Extreme Speed|p1b: Heatran\n|-resisted|p1b: Heatran\n|-damage|p1b: Heatran|80\/100\n|move|p2a: Milotic|Ice Beam|p1b: Heatran\n|-resisted|p1b: Heatran\n|-damage|p1b: Heatran|75\/100\n|-status|p1b: Heatran|frz\n|cant|p1b: Heatran|frz\n|\n|-heal|p2b: Arcanine|56\/100|[from] Grassy Terrain\n|-heal|p2a: Milotic|71\/100|[from] Grassy Terrain\n|-heal|p1b: Heatran|81\/100 frz|[from] Grassy Terrain\n|upkeep\n|turn|7\n|\n|t:|1700616337\n|move|p2b: Arcanine|Protect|p2b: Arcanine\n|-singleturn|p2b: Arcanine|Protect\n|move|p2a: Milotic|Ice Beam|p1b: Heatran\n|-resisted|p1b: Heatran\n|-damage|p1b: Heatran|76\/100 frz\n|cant|p1b: Heatran|frz\n|\n|-heal|p2b: Arcanine|62\/100|[from] Grassy Terrain\n|-heal|p2a: Milotic|77\/100|[from] Grassy Terrain\n|-heal|p1b: Heatran|82\/100 frz|[from] Grassy Terrain\n|-fieldend|move: Grassy Terrain\n|upkeep\n|turn|8\n|\n|t:|1700616355\n|move|p2b: Arcanine|Extreme Speed|p1b: Heatran\n|-resisted|p1b: Heatran\n|-damage|p1b: Heatran|72\/100 frz\n|move|p2a: Milotic|Ice Beam|p1b: Heatran\n|-resisted|p1b: Heatran\n|-damage|p1b: Heatran|67\/100 frz\n|cant|p1b: Heatran|frz\n|\n|upkeep\n|turn|9\n|\n|t:|1700616368\n|move|p2b: Arcanine|Extreme Speed|p1b: Heatran\n|-resisted|p1b: Heatran\n|-crit|p1b: Heatran\n|-damage|p1b: Heatran|52\/100 frz\n|move|p2a: Milotic|Ice Beam|p1b: Heatran\n|-resisted|p1b: Heatran\n|-damage|p1b: Heatran|46\/100 frz\n|cant|p1b: Heatran|frz\n|\n|upkeep\n|turn|10\n|\n|t:|1700616381\n|move|p2b: Arcanine|Extreme Speed|p1b: Heatran\n|-resisted|p1b: Heatran\n|-damage|p1b: Heatran|35\/100 frz\n|move|p2a: Milotic|Ice Beam|p1b: Heatran\n|-resisted|p1b: Heatran\n|-crit|p1b: Heatran\n|-damage|p1b: Heatran|27\/100 frz\n|cant|p1b: Heatran|frz\n|\n|upkeep\n|turn|11\n|-message|Kalickey forfeited.\n|\n|win|kavonpokebros\n|raw|Kalickey's rating: 1305 &rarr; <strong>1281<\/strong><br \/>(-24 for losing)\n|raw|kavonpokebros's rating: 1226 &rarr; <strong>1257<\/strong><br \/>(+31 for winning)\n|l|\u2606Kalickey\n","uploadtime":1700616396,"views":7,"p1id":"kalickey","p2id":"kavonpokebros","formatid":"gen9vgc2023regulatione","rating":1257,"private":0,"password":""}