{"id":"gen9vgc2023regulatione-1988228936","p1":"plips32","p2":"testling","format":"[Gen 9] VGC 2023 Regulation E","log":"|j|\u2606plips32\n|j|\u2606testling\n|t:|1699689734\n|gametype|doubles\n|player|p1|plips32|266|1096\n|player|p2|testling|169|1174\n|teamsize|p1|6\n|teamsize|p2|6\n|gen|9\n|tier|[Gen 9] VGC 2023 Regulation E\n|rated|\n|rule|Species Clause: Limit one of each Pok\u00e9mon\n|rule|Item Clause: Limit one of each item\n|clearpoke\n|poke|p1|Armarouge, L50, M|\n|poke|p1|Indeedee-F, L50, F|\n|poke|p1|Tornadus, L50, M|\n|poke|p1|Toxtricity, L50, F|\n|poke|p1|Ursaluna, L50, F|\n|poke|p1|Cresselia, L50, F|\n|poke|p2|Heatran, L50, F|\n|poke|p2|Ninetales-Alola, L50, F|\n|poke|p2|Clefairy, L50, F|\n|poke|p2|Landorus-Therian, L50, M|\n|poke|p2|Iron Hands, L50|\n|poke|p2|Sinistcha, L50|\n|teampreview|4\n|inactive|Battle timer is ON: inactive players will automatically lose when time's up. (requested by plips32)\n|\n|t:|1699689744\n|start\n|switch|p1a: Indeedee|Indeedee-F, L50, F|100\/100\n|switch|p1b: Armarouge|Armarouge, L50, M|100\/100\n|switch|p2a: Ninetales|Ninetales-Alola, L50, F|100\/100\n|switch|p2b: Heatran|Heatran, L50, F|100\/100\n|-weather|Snow|[from] ability: Snow Warning|[of] p2a: Ninetales\n|-fieldstart|move: Psychic Terrain|[from] ability: Psychic Surge|[of] p1a: Indeedee\n|turn|1\n|inactive|testling has 30 seconds left.\n|inactive|testling has 20 seconds left.\n|inactive|testling has 15 seconds left.\n|inactive|testling has 10 seconds left.\n|inactive|testling has 5 seconds left.\n|\n|t:|1699689798\n|-terastallize|p2a: Ninetales|Dark\n|-terastallize|p1b: Armarouge|Psychic\n|move|p1a: Indeedee|Helping Hand|p1b: Armarouge\n|-singleturn|p1b: Armarouge|Helping Hand|[of] p1a: Indeedee\n|move|p2a: Ninetales|Aurora Veil|p2a: Ninetales\n|-sidestart|p2: testling|move: Aurora Veil\n|move|p2b: Heatran|Earth Power|p1b: Armarouge\n|-damage|p1b: Armarouge|51\/100\n|-damage|p2b: Heatran|91\/100|[from] item: Life Orb\n|move|p1b: Armarouge|Expanding Force|p2a: Ninetales|[spread] p2b\n|-immune|p2a: Ninetales\n|-resisted|p2b: Heatran\n|-damage|p2b: Heatran|39\/100\n|-damage|p1b: Armarouge|41\/100|[from] item: Life Orb\n|\n|-weather|Snow|[upkeep]\n|upkeep\n|turn|2\n|inactive|plips32 has 30 seconds left.\n|inactive|testling has 30 seconds left.\n|inactive|plips32 has 20 seconds left.\n|inactive|testling has 20 seconds left.\n|\n|t:|1699689834\n|switch|p1b: Cresselia|Cresselia, L50, F|100\/100\n|move|p2b: Heatran|Protect|p2b: Heatran\n|-singleturn|p2b: Heatran|Protect\n|move|p1a: Indeedee|Follow Me|p1a: Indeedee\n|-singleturn|p1a: Indeedee|move: Follow Me\n|move|p2a: Ninetales|Blizzard|p1a: Indeedee|[spread] p1a,p1b\n|-damage|p1a: Indeedee|78\/100\n|-damage|p1b: Cresselia|88\/100\n|\n|-weather|Snow|[upkeep]\n|-heal|p1b: Cresselia|94\/100|[from] item: Leftovers\n|upkeep\n|turn|3\n|\n|t:|1699689851\n|switch|p2a: Clefairy|Clefairy, L50, F, shiny|100\/100\n|switch|p1a: Ursaluna|Ursaluna, L50, F|100\/100\n|move|p2b: Heatran|Heat Wave|p1a: Ursaluna|[spread] p1a,p1b\n|-damage|p1a: Ursaluna|55\/100\n|-damage|p1b: Cresselia|64\/100\n|-status|p1b: Cresselia|brn\n|-damage|p2b: Heatran|30\/100|[from] item: Life Orb\n|move|p1b: Cresselia|Trick Room|p1b: Cresselia\n|-fieldstart|move: Trick Room|[of] p1b: Cresselia\n|\n|-weather|Snow|[upkeep]\n|-heal|p1b: Cresselia|70\/100 brn|[from] item: Leftovers\n|-damage|p1b: Cresselia|64\/100 brn|[from] brn\n|-status|p1a: Ursaluna|brn|[from] item: Flame Orb\n|upkeep\n|turn|4\n|\n|t:|1699689872\n|switch|p2a: Sinistcha|Sinistcha, L50|100\/100\n|-heal|p2b: Heatran|55\/100|[from] ability: Hospitality|[of] p2a: Sinistcha\n|move|p2b: Heatran|Protect|p2b: Heatran\n|-singleturn|p2b: Heatran|Protect\n|move|p1a: Ursaluna|Earthquake|p2a: Sinistcha|[spread] p2a\n|-activate|p2b: Heatran|move: Protect\n|-immune|p1b: Cresselia|[from] ability: Levitate\n|-resisted|p2a: Sinistcha\n|-damage|p2a: Sinistcha|81\/100\n|move|p1b: Cresselia|Lunar Blessing|p1b: Cresselia|[spread] p1a,p1b\n|-heal|p1a: Ursaluna|80\/100 brn\n|-curestatus|p1a: Ursaluna|brn|[msg]\n|-heal|p1b: Cresselia|89\/100 brn\n|-curestatus|p1b: Cresselia|brn|[msg]\n|\n|-weather|Snow|[upkeep]\n|-heal|p2a: Sinistcha|88\/100|[from] item: Leftovers\n|-heal|p1b: Cresselia|95\/100|[from] item: Leftovers\n|-status|p1a: Ursaluna|brn|[from] item: Flame Orb\n|upkeep\n|turn|5\n|inactive|plips32 has 30 seconds left.\n|inactive|testling has 30 seconds left.\n|\n|t:|1699689903\n|switch|p2b: Clefairy|Clefairy, L50, F, shiny|100\/100\n|move|p1a: Ursaluna|Earthquake|p2a: Sinistcha|[spread] p2a,p2b\n|-immune|p1b: Cresselia|[from] ability: Levitate\n|-resisted|p2a: Sinistcha\n|-damage|p2a: Sinistcha|74\/100\n|-damage|p2b: Clefairy|55\/100\n|move|p2a: Sinistcha|Matcha Gotcha|p1a: Ursaluna|[spread] p1a,p1b\n|-supereffective|p1a: Ursaluna\n|-damage|p1a: Ursaluna|39\/100 brn\n|-heal|p2a: Sinistcha|100\/100|[from] drain|[of] p1a: Ursaluna\n|-damage|p1b: Cresselia|80\/100\n|move|p1b: Cresselia|Lunar Blessing|p1b: Cresselia|[spread] p1a,p1b\n|-heal|p1a: Ursaluna|64\/100 brn\n|-curestatus|p1a: Ursaluna|brn|[msg]\n|-heal|p1b: Cresselia|100\/100\n|\n|-weather|none\n|-fieldend|move: Psychic Terrain\n|-status|p1a: Ursaluna|brn|[from] item: Flame Orb\n|upkeep\n|turn|6\n|inactive|plips32 has 30 seconds left.\n|inactive|testling has 30 seconds left.\n|\n|t:|1699689932\n|move|p2b: Clefairy|Helping Hand|p2a: Sinistcha\n|-singleturn|p2a: Sinistcha|Helping Hand|[of] p2b: Clefairy\n|move|p1a: Ursaluna|Protect|p1a: Ursaluna\n|-singleturn|p1a: Ursaluna|Protect\n|move|p2a: Sinistcha|Matcha Gotcha|p1a: Ursaluna|[spread] p1b\n|-activate|p1a: Ursaluna|move: Protect\n|-damage|p1b: Cresselia|80\/100\n|move|p1b: Cresselia|Ice Beam|p2b: Clefairy\n|-damage|p2b: Clefairy|46\/100\n|\n|-heal|p1b: Cresselia|86\/100|[from] item: Leftovers\n|-damage|p1a: Ursaluna|58\/100 brn|[from] brn\n|upkeep\n|turn|7\n|inactive|plips32 has 30 seconds left.\n|inactive|plips32 has 20 seconds left.\n|inactive|plips32 has 15 seconds left.\n|\n|t:|1699689974\n|move|p2b: Clefairy|Helping Hand|p2a: Sinistcha\n|-singleturn|p2a: Sinistcha|Helping Hand|[of] p2b: Clefairy\n|move|p1a: Ursaluna|Earthquake|p2a: Sinistcha|[spread] p2a,p2b\n|-immune|p1b: Cresselia|[from] ability: Levitate\n|-resisted|p2a: Sinistcha\n|-damage|p2a: Sinistcha|86\/100\n|-damage|p2b: Clefairy|0 fnt\n|faint|p2b: Clefairy\n|move|p2a: Sinistcha|Matcha Gotcha|p1a: Ursaluna|[spread] p1a,p1b\n|-supereffective|p1a: Ursaluna\n|-damage|p1a: Ursaluna|0 fnt\n|-heal|p2a: Sinistcha|100\/100|[from] drain|[of] p1a: Ursaluna\n|-damage|p1b: Cresselia|65\/100\n|faint|p1a: Ursaluna\n|move|p1b: Cresselia|Lunar Blessing|p1b: Cresselia\n|-heal|p1b: Cresselia|90\/100\n|\n|-heal|p1b: Cresselia|96\/100|[from] item: Leftovers\n|-fieldend|move: Trick Room\n|upkeep\n|inactive|plips32 has 30 seconds left.\n|inactive|testling has 30 seconds left.\n|\n|t:|1699690004\n|switch|p1a: Indeedee|Indeedee-F, L50, F|78\/100\n|switch|p2b: Heatran|Heatran, L50, F|55\/100\n|-fieldstart|move: Psychic Terrain|[from] ability: Psychic Surge|[of] p1a: Indeedee\n|turn|8\n|\n|t:|1699690027\n|move|p1b: Cresselia|Lunar Blessing|p1b: Cresselia|[spread] p1a,p1b\n|-heal|p1a: Indeedee|100\/100\n|-heal|p1b: Cresselia|100\/100\n|move|p1a: Indeedee|Hyper Voice|p2b: Heatran|[spread] p2b\n|-immune|p2a: Sinistcha\n|-resisted|p2b: Heatran\n|-damage|p2b: Heatran|48\/100\n|move|p2b: Heatran|Heat Wave|p1a: Indeedee|[spread] p1a,p1b\n|-damage|p1a: Indeedee|52\/100\n|-damage|p1b: Cresselia|72\/100\n|-damage|p2b: Heatran|39\/100|[from] item: Life Orb\n|move|p2a: Sinistcha|Life Dew||[still]|[spread] p2a,p2b\n|-fail|p2a: Sinistcha|heal\n|-heal|p2b: Heatran|64\/100\n|\n|-heal|p1b: Cresselia|78\/100|[from] item: Leftovers\n|-sideend|p2: testling|move: Aurora Veil\n|upkeep\n|turn|9\n|inactive|plips32 has 30 seconds left.\n|\n|t:|1699690053\n|move|p1b: Cresselia|Lunar Blessing|p1b: Cresselia|[spread] p1a,p1b\n|-heal|p1a: Indeedee|77\/100\n|-heal|p1b: Cresselia|100\/100\n|move|p1a: Indeedee|Hyper Voice|p2b: Heatran|[spread] p2b\n|-immune|p2a: Sinistcha\n|-resisted|p2b: Heatran\n|-damage|p2b: Heatran|56\/100\n|move|p2b: Heatran|Heat Wave|p1a: Indeedee|[spread] p1a,p1b\n|-damage|p1a: Indeedee|28\/100\n|-damage|p1b: Cresselia|72\/100\n|-damage|p2b: Heatran|46\/100|[from] item: Life Orb\n|move|p2a: Sinistcha|Life Dew||[still]|[spread] p2a,p2b\n|-fail|p2a: Sinistcha|heal\n|-heal|p2b: Heatran|71\/100\n|\n|-heal|p1b: Cresselia|78\/100|[from] item: Leftovers\n|upkeep\n|turn|10\n|inactive|testling has 30 seconds left.\n|\n|t:|1699690084\n|switch|p1a: Armarouge|Armarouge, L50, M, tera:Psychic|41\/100\n|move|p2b: Heatran|Flash Cannon|p1a: Armarouge\n|-damage|p1a: Armarouge|0 fnt\n|faint|p1a: Armarouge\n|-damage|p2b: Heatran|62\/100|[from] item: Life Orb\n|move|p2a: Sinistcha|Life Dew||[still]|[spread] p2a,p2b\n|-fail|p2a: Sinistcha|heal\n|-heal|p2b: Heatran|87\/100\n|move|p1b: Cresselia|Trick Room|p1b: Cresselia\n|-fieldstart|move: Trick Room|[of] p1b: Cresselia\n|\n|-heal|p1b: Cresselia|84\/100|[from] item: Leftovers\n|upkeep\n|c|\u2606plips32|nice one\n|-message|plips32 forfeited.\n|\n|win|testling\n|raw|plips32's rating: 1096 &rarr; <strong>1077<\/strong><br \/>(-19 for losing)\n|raw|testling's rating: 1174 &rarr; <strong>1193<\/strong><br \/>(+19 for winning)\n|l|\u2606plips32\n","uploadtime":1699690108,"views":31,"p1id":"plips32","p2id":"testling","formatid":"gen9vgc2023regulatione","rating":1077,"private":0,"password":""}