{"id":"gen9vgc2023regulatione-1991631910","p1":"KoriNero","p2":"Losingwithbadteam","format":"[Gen 9] VGC 2023 Regulation E","log":"|j|\u2606KoriNero\n|j|\u2606Losingwithbadteam\n|t:|1700096361\n|gametype|doubles\n|player|p1|KoriNero|101|1054\n|player|p2|Losingwithbadteam|101|1115\n|teamsize|p1|6\n|teamsize|p2|6\n|gen|9\n|tier|[Gen 9] VGC 2023 Regulation E\n|rated|\n|rule|Species Clause: Limit one of each Pok\u00e9mon\n|rule|Item Clause: Limit one of each item\n|clearpoke\n|poke|p1|Ninetales, L50, F|\n|poke|p1|Baxcalibur, L50, M|\n|poke|p1|Meowscarada, L50, F|\n|poke|p1|Urshifu-*, L50, M|\n|poke|p1|Zoroark-Hisui, L50, F|\n|poke|p1|Flutter Mane, L50|\n|poke|p2|Grafaiai, L50, M|\n|poke|p2|Cresselia, L50, F|\n|poke|p2|Urshifu-*, L50, F|\n|poke|p2|Flutter Mane, L50|\n|poke|p2|Chi-Yu, L50|\n|poke|p2|Ursaluna-Bloodmoon, L50, M|\n|teampreview|4\n|inactive|Battle timer is ON: inactive players will automatically lose when time's up. (requested by Losingwithbadteam)\n|\n|t:|1700096388\n|start\n|switch|p1a: WeedCat|Meowscarada, L50, F, shiny|100\/100\n|switch|p1b: Flutter Mane|Flutter Mane, L50|100\/100\n|switch|p2a: Ursaluna|Ursaluna-Bloodmoon, L50, M|100\/100\n|switch|p2b: Grafaiai|Grafaiai, L50, M|100\/100\n|turn|1\n|inactive|KoriNero has 30 seconds left.\n|\n|t:|1700096416\n|-terastallize|p2a: Ursaluna|Normal\n|move|p2b: Grafaiai|Helping Hand|p2a: Ursaluna\n|-singleturn|p2a: Ursaluna|Helping Hand|[of] p2b: Grafaiai\n|move|p1b: Flutter Mane|Dazzling Gleam|p2a: Ursaluna|[spread] p2a,p2b\n|-resisted|p2b: Grafaiai\n|-damage|p2a: Ursaluna|60\/100\n|-damage|p2b: Grafaiai|69\/100\n|move|p1a: WeedCat|Spikes|p2a: Ursaluna\n|-sidestart|p2: Losingwithbadteam|Spikes\n|move|p2a: Ursaluna|Hyper Voice|p1b: Flutter Mane|[spread] p1a,p1b\n|-damage|p1a: WeedCat|4\/100\n|-damage|p1b: Flutter Mane|19\/100\n|-enditem|p2a: Ursaluna|Throat Spray\n|-boost|p2a: Ursaluna|spa|1|[from] item: Throat Spray\n|\n|upkeep\n|turn|2\n|c|\u2606Losingwithbadteam|Watch this\n|\n|t:|1700096437\n|move|p2b: Grafaiai|Encore|p2a: Ursaluna\n|-start|p2a: Ursaluna|Encore\n|move|p2a: Ursaluna|Hyper Voice|p1a: WeedCat|[spread] p1a,p1b\n|-damage|p1a: WeedCat|0 fnt\n|-damage|p1b: Flutter Mane|0 fnt\n|faint|p1a: WeedCat\n|faint|p1b: Flutter Mane\n|-end|p1b: Flutter Mane|Protosynthesis|[silent]\n|\n|upkeep\n|\n|t:|1700096446\n|switch|p1b: Baxcalibur|Baxcalibur, L50, M|100\/100\n|switch|p1a: Baxcalibur|Baxcalibur, L50, M|100\/100\n|turn|3\n|inactive|KoriNero has 30 seconds left.\n|\n|t:|1700096474\n|move|p2b: Grafaiai|Parting Shot|p1a: Baxcalibur\n|-unboost|p1a: Baxcalibur|atk|1\n|-unboost|p1a: Baxcalibur|spa|1\n|\n|t:|1700096479\n|switch|p2b: Cresselia|Cresselia, L50, F|100\/100|[from] Parting Shot\n|move|p1a: Baxcalibur|Trick|p2a: Ursaluna\n|-activate|p1a: Baxcalibur|move: Trick|[of] p2a: Ursaluna\n|-item|p2a: Ursaluna|Rocky Helmet|[from] move: Trick\n|-enditem|p1a: Baxcalibur|Rocky Helmet|[silent]|[from] move: Trick\n|move|p1b: Baxcalibur|Icicle Spear|p2b: Cresselia\n|-damage|p2b: Cresselia|89\/100\n|-damage|p2b: Cresselia|78\/100\n|-damage|p2b: Cresselia|67\/100\n|-damage|p2b: Cresselia|56\/100\n|-hitcount|p2b: Cresselia|4\n|move|p2a: Ursaluna|Hyper Voice|p1b: Baxcalibur|[spread] p1a,p1b\n|-damage|p1a: Baxcalibur|0 fnt\n|-damage|p1b: Baxcalibur|29\/100\n|replace|p1a: You fell for it|Zoroark-Hisui, L50, F, shiny\n|-end|p1a: You fell for it|Illusion\n|faint|p1a: You fell for it\n|\n|upkeep\n|turn|4\n|\n|t:|1700096498\n|move|p1b: Baxcalibur|Glaive Rush|p2a: Ursaluna\n|-damage|p2a: Ursaluna|0 fnt\n|-singlemove|p1b: Baxcalibur|Glaive Rush|[silent]\n|-damage|p1b: Baxcalibur|13\/100|[from] item: Rocky Helmet|[of] p2a: Ursaluna\n|faint|p2a: Ursaluna\n|move|p2b: Cresselia|Lunar Blessing|p2b: Cresselia\n|-heal|p2b: Cresselia|81\/100\n|\n|upkeep\n|\n|t:|1700096502\n|switch|p2a: Grafaiai|Grafaiai, L50, M|69\/100\n|-damage|p2a: Grafaiai|57\/100|[from] Spikes\n|turn|5\n|\n|t:|1700096514\n|move|p2a: Grafaiai|Toxic|p1b: Baxcalibur\n|-status|p1b: Baxcalibur|tox\n|move|p1b: Baxcalibur|Glaive Rush|p2b: Cresselia\n|-damage|p2b: Cresselia|30\/100\n|-singlemove|p1b: Baxcalibur|Glaive Rush|[silent]\n|move|p2b: Cresselia|Lunar Blessing|p2b: Cresselia|[spread] p2a,p2b\n|-heal|p2a: Grafaiai|82\/100\n|-heal|p2b: Cresselia|55\/100\n|\n|-damage|p1b: Baxcalibur|7\/100 tox|[from] psn\n|upkeep\n|turn|6\n|c|\u2606Losingwithbadteam|Ggs\n|\n|t:|1700096531\n|move|p2a: Grafaiai|Parting Shot|p1b: Baxcalibur\n|-unboost|p1b: Baxcalibur|atk|1\n|-unboost|p1b: Baxcalibur|spa|1\n|\n|t:|1700096534\n|switch|p2a: Chi-Yu|Chi-Yu, L50|100\/100|[from] Parting Shot\n|-damage|p2a: Chi-Yu|88\/100|[from] Spikes\n|-ability|p2a: Chi-Yu|Beads of Ruin\n|move|p1b: Baxcalibur|Glaive Rush|p2b: Cresselia\n|-damage|p2b: Cresselia|23\/100\n|-singlemove|p1b: Baxcalibur|Glaive Rush|[silent]\n|move|p2b: Cresselia|Psyshock|p1b: Baxcalibur\n|-damage|p1b: Baxcalibur|0 fnt\n|faint|p1b: Baxcalibur\n|\n|win|Losingwithbadteam\n|raw|KoriNero's rating: 1054 &rarr; <strong>1039<\/strong><br \/>(-15 for losing)\n|raw|Losingwithbadteam's rating: 1115 &rarr; <strong>1136<\/strong><br \/>(+21 for winning)\n","uploadtime":1700096547,"views":17,"p1id":"korinero","p2id":"losingwithbadteam","formatid":"gen9vgc2023regulatione","rating":1039,"private":0,"password":""}