{"id":"gen9vgc2023regulatione-1990090544","p1":"Leader","p2":"Sddsxxss","format":"[Gen 9] VGC 2023 Regulation E","log":"|j|\u2606Leader\n|j|\u203dSddsxxss\n|t:|1699923503\n|gametype|doubles\n|player|p1|Leader|lucian|1000\n|player|p2|Sddsxxss|benga|1000\n|teamsize|p1|6\n|teamsize|p2|6\n|gen|9\n|tier|[Gen 9] VGC 2023 Regulation E\n|rated|\n|rule|Species Clause: Limit one of each Pok\u00e9mon\n|rule|Item Clause: Limit one of each item\n|clearpoke\n|poke|p1|Gliscor, L50, M|\n|poke|p1|Hippowdon, L50, F|\n|poke|p1|Orthworm, L50, F|\n|poke|p1|Landorus, L50, M|\n|poke|p1|Houndstone, L50, M|\n|poke|p1|Krookodile, L50, M|\n|poke|p2|Cresselia, L50, F|\n|poke|p2|Grimmsnarl, L50, M|\n|poke|p2|Annihilape, L50, M|\n|poke|p2|Torkoal, L50, M|\n|poke|p2|Gholdengo, L50|\n|poke|p2|Landorus-Therian, L50, M|\n|teampreview|4\nSddsxxss has agreed to open team sheets.\n|c|\u2606Leader|brb i gotta go get some water\n|c|\u2606Leader|im back\n|\n|t:|1699923595\n|start\n|switch|p1a: Landorus|Landorus, L50, M|100\/100\n|switch|p1b: Krookodile|Krookodile, L50, M|100\/100\n|switch|p2a: Grimmsnarl|Grimmsnarl, L50, M, shiny|100\/100\n|switch|p2b: Cresselia|Cresselia, L50, F, shiny|100\/100\n|-ability|p1b: Krookodile|Intimidate|boost\n|-unboost|p2a: Grimmsnarl|atk|1\n|-unboost|p2b: Cresselia|atk|1\n|turn|1\n|\n|t:|1699923635\n|move|p2a: Grimmsnarl|Reflect|p2a: Grimmsnarl\n|-sidestart|p2: Sddsxxss|Reflect\n|move|p1b: Krookodile|Sandstorm|p1b: Krookodile\n|-weather|Sandstorm\n|move|p1a: Landorus|Sandsear Storm|p2a: Grimmsnarl|[spread] p2a\n|-immune|p2b: Cresselia|[from] ability: Levitate\n|-damage|p2a: Grimmsnarl|71\/100\n|move|p2b: Cresselia|Trick Room|p2b: Cresselia\n|-fieldstart|move: Trick Room|[of] p2b: Cresselia\n|\n|-weather|Sandstorm|[upkeep]\n|-damage|p2a: Grimmsnarl|65\/100|[from] Sandstorm\n|upkeep\n|turn|2\n|\n|t:|1699923680\n|move|p2a: Grimmsnarl|Parting Shot|p1a: Landorus\n|-unboost|p1a: Landorus|atk|1\n|-unboost|p1a: Landorus|spa|1\n|\n|t:|1699923685\n|switch|p2a: Annihilape|Annihilape, L50, M|100\/100|[from] Parting Shot\n|-enditem|p2a: Annihilape|Room Service\n|-unboost|p2a: Annihilape|spe|1|[from] item: Room Service\n|move|p2b: Cresselia|Psychic|p1a: Landorus\n|-damage|p1a: Landorus|86\/100\n|-unboost|p1a: Landorus|spd|1\n|move|p1a: Landorus|Weather Ball|p2a: Annihilape\n|-resisted|p2a: Annihilape\n|-damage|p2a: Annihilape|89\/100\n|move|p1b: Krookodile|Taunt|p2b: Cresselia\n|-start|p2b: Cresselia|move: Taunt\n|\n|-weather|Sandstorm|[upkeep]\n|-damage|p2a: Annihilape|83\/100|[from] Sandstorm\n|upkeep\n|turn|3\n|\n|t:|1699923711\n|switch|p1a: Houndstone|Houndstone, L50, M|100\/100\n|move|p2a: Annihilape|Rage Fist|p1b: Krookodile\n|-resisted|p1b: Krookodile\n|-damage|p1b: Krookodile|68\/100\n|-enditem|p1b: Krookodile|Red Card|[of] p2a: Annihilape\n|drag|p2a: Grimmsnarl|Grimmsnarl, L50, M, shiny|65\/100\n|move|p2b: Cresselia|Psychic|p1b: Krookodile\n|-immune|p1b: Krookodile\n|move|p1b: Krookodile|Dragon Tail|p2a: Grimmsnarl\n|-immune|p2a: Grimmsnarl\n|\n|-weather|Sandstorm|[upkeep]\n|-damage|p2a: Grimmsnarl|59\/100|[from] Sandstorm\n|upkeep\n|turn|4\n|c|\u2606Leader|nice\n|\n|t:|1699923746\n|switch|p1a: Landorus|Landorus, L50, M|86\/100\n|move|p2a: Grimmsnarl|Parting Shot|p1a: Landorus\n|-unboost|p1a: Landorus|atk|1\n|-unboost|p1a: Landorus|spa|1\n|\n|t:|1699923753\n|switch|p2a: Annihilape|Annihilape, L50, M|83\/100|[from] Parting Shot\n|move|p2b: Cresselia|Psychic|p1a: Landorus\n|-damage|p1a: Landorus|70\/100\n|move|p1b: Krookodile|Crunch|p2b: Cresselia\n|-supereffective|p2b: Cresselia\n|-damage|p2b: Cresselia|63\/100\n|-unboost|p2b: Cresselia|def|1\n|\n|-weather|Sandstorm|[upkeep]\n|-damage|p2a: Annihilape|77\/100|[from] Sandstorm\n|upkeep\n|turn|5\n|\n|t:|1699923774\n|move|p2b: Cresselia|Psychic|p1a: Landorus\n|-damage|p1a: Landorus|55\/100\n|-unboost|p1a: Landorus|spd|1\n|move|p2a: Annihilape|Rage Fist|p1b: Krookodile\n|-resisted|p1b: Krookodile\n|-damage|p1b: Krookodile|33\/100\n|move|p1a: Landorus|Sandsear Storm|p2b: Cresselia|[spread] p2a\n|-immune|p2b: Cresselia|[from] ability: Levitate\n|-damage|p2a: Annihilape|53\/100\n|-status|p2a: Annihilape|brn\n|move|p1b: Krookodile|Crunch|p2a: Annihilape\n|-damage|p2a: Annihilape|26\/100 brn\n|\n|-weather|none\n|-damage|p2a: Annihilape|20\/100 brn|[from] brn\n|-end|p2b: Cresselia|move: Taunt\n|-fieldend|move: Trick Room\n|upkeep\n|turn|6\n|\n|t:|1699923807\n|switch|p2a: Grimmsnarl|Grimmsnarl, L50, M, shiny|59\/100\n|move|p1b: Krookodile|Sandstorm|p1b: Krookodile\n|-weather|Sandstorm\n|move|p1a: Landorus|Sandsear Storm|p2b: Cresselia|[spread] p2a\n|-immune|p2b: Cresselia|[from] ability: Levitate\n|-damage|p2a: Grimmsnarl|37\/100\n|move|p2b: Cresselia|Trick Room|p2b: Cresselia\n|-fieldstart|move: Trick Room|[of] p2b: Cresselia\n|\n|-weather|Sandstorm|[upkeep]\n|-damage|p2a: Grimmsnarl|31\/100|[from] Sandstorm\n|upkeep\n|turn|7\n|\n|t:|1699923834\n|move|p2a: Grimmsnarl|Parting Shot|p1a: Landorus\n|-unboost|p1a: Landorus|atk|1\n|-unboost|p1a: Landorus|spa|1\n|\n|t:|1699923839\n|switch|p2a: Annihilape|Annihilape, L50, M|20\/100 brn|[from] Parting Shot\n|move|p2b: Cresselia|Lunar Blessing|p2b: Cresselia|[spread] p2a,p2b\n|-heal|p2a: Annihilape|45\/100 brn\n|-curestatus|p2a: Annihilape|brn|[msg]\n|-heal|p2b: Cresselia|89\/100\n|move|p1a: Landorus|Sandsear Storm|p2b: Cresselia|[spread] p2a\n|-immune|p2b: Cresselia|[from] ability: Levitate\n|-damage|p2a: Annihilape|27\/100\n|-status|p2a: Annihilape|brn\n|move|p1b: Krookodile|Crunch|p2b: Cresselia\n|-supereffective|p2b: Cresselia\n|-damage|p2b: Cresselia|32\/100\n|\n|-weather|Sandstorm|[upkeep]\n|-damage|p2a: Annihilape|21\/100 brn|[from] Sandstorm\n|-damage|p2a: Annihilape|15\/100 brn|[from] brn\n|upkeep\n|turn|8\n|\n|t:|1699923873\n|move|p2b: Cresselia|Lunar Blessing|p2b: Cresselia|[spread] p2a,p2b\n|-heal|p2a: Annihilape|40\/100 brn\n|-curestatus|p2a: Annihilape|brn|[msg]\n|-heal|p2b: Cresselia|57\/100\n|move|p2a: Annihilape|Rage Fist|p1b: Krookodile\n|-resisted|p1b: Krookodile\n|-damage|p1b: Krookodile|0 fnt\n|faint|p1b: Krookodile\n|move|p1a: Landorus|Earth Power|p2a: Annihilape\n|-damage|p2a: Annihilape|19\/100\n|\n|-weather|Sandstorm|[upkeep]\n|-damage|p2a: Annihilape|13\/100|[from] Sandstorm\n|-sideend|p2: Sddsxxss|Reflect\n|upkeep\n|\n|t:|1699923883\n|switch|p1b: Uber Pokemon|Gliscor, L50, M|100\/100\n|turn|9\n|\n|t:|1699923905\n|switch|p1a: Houndstone|Houndstone, L50, M|100\/100\n|move|p2b: Cresselia|Lunar Blessing|p2b: Cresselia|[spread] p2a,p2b\n|-heal|p2a: Annihilape|38\/100\n|-heal|p2b: Cresselia|82\/100\n|move|p2a: Annihilape|Drain Punch|p1a: Houndstone\n|-immune|p1a: Houndstone\n|move|p1b: Uber Pokemon|Dual Wingbeat|p2a: Annihilape\n|-supereffective|p2a: Annihilape\n|-damage|p2a: Annihilape|4\/100\n|-supereffective|p2a: Annihilape\n|-damage|p2a: Annihilape|0 fnt\n|faint|p2a: Annihilape\n|-hitcount|p2: Annihilape|2\n|\n|-weather|Sandstorm|[upkeep]\n|upkeep\n|\n|t:|1699923921\n|switch|p2a: Torkoal|Torkoal, L50, M|100\/100\n|-weather|SunnyDay|[from] ability: Drought|[of] p2a: Torkoal\n|turn|10\n|\n|t:|1699923940\n|move|p2b: Cresselia|Helping Hand|p2a: Torkoal\n|-singleturn|p2a: Torkoal|Helping Hand|[of] p2b: Cresselia\n|move|p2a: Torkoal|Eruption|p1a: Houndstone|[spread] p1a,p1b\n|-damage|p1a: Houndstone|13\/100\n|-damage|p1b: Uber Pokemon|10\/100\n|move|p1b: Uber Pokemon|Swords Dance|p1b: Uber Pokemon\n|-boost|p1b: Uber Pokemon|atk|2\n|move|p1a: Houndstone|Last Respects|p2b: Cresselia\n|-supereffective|p2b: Cresselia\n|-damage|p2b: Cresselia|0 fnt\n|faint|p2b: Cresselia\n|\n|-weather|SunnyDay|[upkeep]\n|-fieldend|move: Trick Room\n|upkeep\n|\n|t:|1699923953\n|switch|p2b: Grimmsnarl|Grimmsnarl, L50, M, shiny|31\/100\n|turn|11\n|inactive|Battle timer is ON: inactive players will automatically lose when time's up. (requested by Sddsxxss)\n|\n|t:|1699924007\n|-terastallize|p1b: Uber Pokemon|Ground\n|move|p2b: Grimmsnarl|Reflect|p2b: Grimmsnarl\n|-sidestart|p2: Sddsxxss|Reflect\n|move|p1a: Houndstone|Last Respects|p2a: Torkoal\n|-damage|p2a: Torkoal|77\/100\n|move|p1b: Uber Pokemon|Bulldoze|p2a: Torkoal|[spread] p1a,p2a,p2b\n|-supereffective|p2a: Torkoal\n|-damage|p1a: Houndstone|0 fnt\n|-damage|p2a: Torkoal|33\/100\n|-damage|p2b: Grimmsnarl|0 fnt\n|-unboost|p2a: Torkoal|spe|1\n|faint|p1a: Houndstone\n|faint|p2b: Grimmsnarl\n|move|p2a: Torkoal|Gyro Ball|p1b: Uber Pokemon\n|-damage|p1b: Uber Pokemon|0 fnt\n|faint|p1b: Uber Pokemon\n|\n|-weather|SunnyDay|[upkeep]\n|upkeep\n|\n|t:|1699924017\n|switch|p1b: Landorus|Landorus, L50, M|55\/100\n|turn|12\n|c|\u2606Leader|gg\n|inactive|Sddsxxss has 30 seconds left.\n|\n|t:|1699924051\n|move|p1b: Landorus|Earth Power|p2a: Torkoal\n|-supereffective|p2a: Torkoal\n|-damage|p2a: Torkoal|0 fnt\n|faint|p2a: Torkoal\n|\n|win|Leader\n|raw|Leader's rating: 1000 &rarr; <strong>1040<\/strong><br \/>(+40 for winning)\n|raw|Sddsxxss's rating: 1000 &rarr; <strong>1000<\/strong><br \/>(+0 for losing)\n|l|\u203dSddsxxss\n|l|\u2606Leader\n|j|\u2606Leader\n|player|p1|Leader|lucian\n","uploadtime":1699924139,"views":28,"p1id":"leader","p2id":"sddsxxss","formatid":"gen9vgc2023regulatione","rating":1000,"private":0,"password":""}