{"id":"gen9vgc2023regulatione-1990846435","p1":"atworkyolo13","p2":"LindaLuna","format":"[Gen 9] VGC 2023 Regulation E","log":"|j|\u2606atworkyolo13\n|j|\u2606LindaLuna\n|t:|1700007017\n|gametype|doubles\n|player|p1|atworkyolo13|2|1519\n|player|p2|LindaLuna|giovanni|1438\n|teamsize|p1|6\n|teamsize|p2|6\n|gen|9\n|tier|[Gen 9] VGC 2023 Regulation E\n|rated|\n|rule|Species Clause: Limit one of each Pok\u00e9mon\n|rule|Item Clause: Limit one of each item\n|clearpoke\n|poke|p1|Oranguru, L50, F|\n|poke|p1|Arcanine-Hisui, L50, F|\n|poke|p1|Sinistcha-Masterpiece, L50|\n|poke|p1|Iron Hands, L50|\n|poke|p1|Ursaluna-Bloodmoon, L50, M|\n|poke|p1|Moltres-Galar, L50|\n|poke|p2|Landorus-Therian, L50, M|\n|poke|p2|Heatran, L50, M|\n|poke|p2|Flutter Mane, L50|\n|poke|p2|Roaring Moon, L50|\n|poke|p2|Urshifu-*, L50, M|\n|poke|p2|Weezing, L50, M|\n|teampreview|4\n|inactive|Battle timer is ON: inactive players will automatically lose when time's up. (requested by atworkyolo13)\nLindaLuna has agreed to open team sheets.\n|inactive|LindaLuna has 60 seconds left.\n|inactive|LindaLuna has 30 seconds left.\n|inactive|LindaLuna has 20 seconds left.\n|inactive|LindaLuna has 15 seconds left.\n|inactive|LindaLuna has 10 seconds left.\n|\n|t:|1700007100\n|start\n|switch|p1a: Oranguru|Oranguru, L50, F|100\/100\n|switch|p1b: Iron Hands|Iron Hands, L50|100\/100\n|switch|p2a: Weezing|Weezing, L50, M|100\/100\n|switch|p2b: Flutter Mane|Flutter Mane, L50|100\/100\n|-ability|p2a: Weezing|Neutralizing Gas\n|turn|1\n|\n|t:|1700007123\n|move|p1b: Iron Hands|Fake Out|p2a: Weezing\n|-damage|p2a: Weezing|88\/100\n|move|p2b: Flutter Mane|Moonblast|p1b: Iron Hands\n|-supereffective|p1b: Iron Hands\n|-damage|p1b: Iron Hands|24\/100\n|-unboost|p1b: Iron Hands|spa|1\n|cant|p2a: Weezing|flinch\n|move|p1a: Oranguru|Trick Room|p1a: Oranguru\n|-fieldstart|move: Trick Room|[of] p1a: Oranguru\n|\n|upkeep\n|turn|2\n|inactive|atworkyolo13 has 30 seconds left.\n|inactive|LindaLuna has 30 seconds left.\n|inactive|atworkyolo13 has 20 seconds left.\n|inactive|atworkyolo13 has 15 seconds left.\n|\n|t:|1700007165\n|-end|p2b: Flutter Mane|Protosynthesis|[silent]\n|switch|p2b: Heatran|Heatran, L50, M|100\/100\n|move|p1b: Iron Hands|Heavy Slam|p2b: Heatran\n|-resisted|p2b: Heatran\n|-damage|p2b: Heatran|97\/100\n|move|p1a: Oranguru|Psyshock|p2a: Weezing\n|-supereffective|p2a: Weezing\n|-damage|p2a: Weezing|48\/100\n|-enditem|p2a: Weezing|Sitrus Berry|[eat]\n|-heal|p2a: Weezing|73\/100|[from] item: Sitrus Berry\n|move|p2a: Weezing|Will-O-Wisp|p1b: Iron Hands\n|-status|p1b: Iron Hands|brn\n|\n|-damage|p1b: Iron Hands|18\/100 brn|[from] brn\n|upkeep\n|turn|3\n|\n|t:|1700007182\n|-end|p1b: Iron Hands|Quark Drive|[silent]\n|switch|p1b: Ursaluna|Ursaluna-Bloodmoon, L50, M|100\/100\n|move|p1a: Oranguru|Encore|p2a: Weezing\n|-start|p2a: Weezing|Encore\n|move|p2a: Weezing|Will-O-Wisp|p1a: Oranguru\n|-status|p1a: Oranguru|brn\n|move|p2b: Heatran|Flamethrower|p1a: Oranguru\n|-damage|p1a: Oranguru|51\/100 brn\n|-damage|p2b: Heatran|88\/100|[from] item: Life Orb\n|\n|-damage|p1a: Oranguru|45\/100 brn|[from] brn\n|upkeep\n|turn|4\n|inactive|LindaLuna has 30 seconds left.\n|\n|t:|1700007207\n|-end|p2a: Weezing|ability: Neutralizing Gas\n|switch|p2a: Flutter Mane|Flutter Mane, L50|100\/100\n|-terastallize|p1b: Ursaluna|Normal\n|move|p2b: Heatran|Protect|p2b: Heatran\n|-singleturn|p2b: Heatran|Protect\n|move|p1b: Ursaluna|Hyper Voice|p2b: Heatran|[spread] p2a\n|-activate|p2b: Heatran|move: Protect\n|-damage|p2a: Flutter Mane|50\/100\n|-enditem|p1b: Ursaluna|Throat Spray\n|-boost|p1b: Ursaluna|spa|1|[from] item: Throat Spray\n|move|p1a: Oranguru|Instruct|p1b: Ursaluna\n|-singleturn|p1b: Ursaluna|move: Instruct|[of] p1a: Oranguru\n|move|p1b: Ursaluna|Hyper Voice|p2b: Heatran|[spread] p2a\n|-activate|p2b: Heatran|move: Protect\n|-damage|p2a: Flutter Mane|0 fnt\n|faint|p2a: Flutter Mane\n|-end|p2a: Flutter Mane|Protosynthesis|[silent]\n|\n|-damage|p1a: Oranguru|39\/100 brn|[from] brn\n|upkeep\n|\n|t:|1700007225\n|switch|p2a: Weezing|Weezing, L50, M|73\/100\n|-ability|p2a: Weezing|Neutralizing Gas\n|turn|5\n|\n|t:|1700007244\n|-terastallize|p2a: Weezing|Ghost\n|move|p1b: Ursaluna|Earth Power|p2b: Heatran\n|-supereffective|p2b: Heatran\n|-damage|p2b: Heatran|0 fnt\n|faint|p2b: Heatran\n|move|p1a: Oranguru|Instruct|p1b: Ursaluna\n|-singleturn|p1b: Ursaluna|move: Instruct|[of] p1a: Oranguru\n|move|p1b: Ursaluna|Earth Power|p2a: Weezing\n|-crit|p2a: Weezing\n|-damage|p2a: Weezing|0 fnt\n|faint|p2a: Weezing\n|-end|p2a: Weezing|ability: Neutralizing Gas\n|\n|-damage|p1a: Oranguru|33\/100 brn|[from] brn\n|-fieldend|move: Trick Room\n|upkeep\n|-message|LindaLuna forfeited.\n|\n|win|atworkyolo13\n|raw|atworkyolo13's rating: 1519 &rarr; <strong>1534<\/strong><br \/>(+15 for winning)\n|raw|LindaLuna's rating: 1438 &rarr; <strong>1423<\/strong><br \/>(-15 for losing)\n|l|\u2606LindaLuna\n","uploadtime":1700007263,"views":17,"p1id":"atworkyolo13","p2id":"lindaluna","formatid":"gen9vgc2023regulatione","rating":1423,"private":0,"password":""}