{"id":"gen9vgc2023regulatione-1988796402","p1":"1owercase","p2":"NotRubyVGC","format":"[Gen 9] VGC 2023 Regulation E","log":"|j|\u26061owercase\n|j|\u2606NotRubyVGC\n|t:|1699764411\n|gametype|doubles\n|player|p1|1owercase|flannery|1325\n|player|p2|NotRubyVGC|266|1401\n|teamsize|p1|6\n|teamsize|p2|6\n|gen|9\n|tier|[Gen 9] VGC 2023 Regulation E\n|rated|\n|rule|Species Clause: Limit one of each Pok\u00e9mon\n|rule|Item Clause: Limit one of each item\n|clearpoke\n|poke|p1|Arcanine-Hisui, L50, F|\n|poke|p1|Gholdengo, L50|\n|poke|p1|Ogerpon, L50, F|\n|poke|p1|Roaring Moon, L50|\n|poke|p1|Thundurus-Therian, L50, M|\n|poke|p1|Urshifu-*, L50, F|\n|poke|p2|Heatran, L50, F|\n|poke|p2|Iron Hands, L50|\n|poke|p2|Roaring Moon, L50|\n|poke|p2|Amoonguss, L50, F|\n|poke|p2|Flutter Mane, L50|\n|poke|p2|Landorus-Therian, L50, M|\n|teampreview|4\n|inactive|Battle timer is ON: inactive players will automatically lose when time's up. (requested by 1owercase)\n1owercase has agreed to open team sheets.\n|j| DarkRinoRex\nNotRubyVGC has agreed to open team sheets.\n|\n|t:|1699764448\n|start\n|switch|p1a: Roaring Moon|Roaring Moon, L50|100\/100\n|switch|p1b: Ogerpon|Ogerpon, L50, F|100\/100\n|switch|p2a: Heatran|Heatran, L50, F|100\/100\n|switch|p2b: Iron Hands|Iron Hands, L50|100\/100\n|-enditem|p1a: Roaring Moon|Booster Energy\n|-activate|p1a: Roaring Moon|ability: Protosynthesis|[fromitem]\n|-start|p1a: Roaring Moon|protosynthesisspe\n|turn|1\n|\n|t:|1699764468\n|switch|p1b: Arcanine|Arcanine-Hisui, L50, F|100\/100\n|-ability|p1b: Arcanine|Intimidate|boost\n|-unboost|p2a: Heatran|atk|1\n|-unboost|p2b: Iron Hands|atk|1\n|move|p1a: Roaring Moon|Protect|p1a: Roaring Moon\n|-singleturn|p1a: Roaring Moon|Protect\n|move|p2a: Heatran|Heat Wave|p1b: Arcanine|[spread] p1b\n|-activate|p1a: Roaring Moon|move: Protect\n|-resisted|p1b: Arcanine\n|-damage|p1b: Arcanine|90\/100\n|move|p2b: Iron Hands|Drain Punch|p1b: Arcanine\n|-supereffective|p1b: Arcanine\n|-damage|p1b: Arcanine|29\/100\n|\n|upkeep\n|turn|2\n|inactive|1owercase has 30 seconds left.\n|inactive|NotRubyVGC has 30 seconds left.\n|\n|t:|1699764498\n|switch|p1b: Urshifu|Urshifu-Rapid-Strike, L50, F|100\/100\n|-end|p2b: Iron Hands|Quark Drive|[silent]\n|switch|p2b: Amoonguss|Amoonguss, L50, F|100\/100\n|move|p1a: Roaring Moon|Knock Off|p2b: Amoonguss\n|-damage|p2b: Amoonguss|66\/100\n|-damage|p1a: Roaring Moon|84\/100|[from] item: Rocky Helmet|[of] p2b: Amoonguss\n|-enditem|p2b: Amoonguss|Rocky Helmet|[from] move: Knock Off|[of] p1a: Roaring Moon\n|move|p2a: Heatran|Flash Cannon|p1b: Urshifu\n|-resisted|p1b: Urshifu\n|-damage|p1b: Urshifu|80\/100\n|\n|upkeep\n|turn|3\n|inactive|1owercase has 30 seconds left.\n|inactive|NotRubyVGC has 30 seconds left.\n|inactive|NotRubyVGC has 20 seconds left.\n|inactive|1owercase has 20 seconds left.\n|inactive|NotRubyVGC has 15 seconds left.\n|inactive|1owercase has 15 seconds left.\n|\n|t:|1699764545\n|switch|p2a: Roaring Moon|Roaring Moon, L50|100\/100\n|-enditem|p2a: Roaring Moon|Booster Energy\n|-activate|p2a: Roaring Moon|ability: Protosynthesis|[fromitem]\n|-start|p2a: Roaring Moon|protosynthesisatk\n|move|p1a: Roaring Moon|Knock Off|p2b: Amoonguss\n|-damage|p2b: Amoonguss|43\/100\n|move|p1b: Urshifu|Substitute|p1b: Urshifu\n|-start|p1b: Urshifu|Substitute\n|-damage|p1b: Urshifu|55\/100\n|move|p2b: Amoonguss|Spore||[still]\n|-fail|p2b: Amoonguss\n|\n|upkeep\n|turn|4\n|inactive|NotRubyVGC has 30 seconds left.\n|inactive|NotRubyVGC has 20 seconds left.\n|inactive|NotRubyVGC has 15 seconds left.\n|inactive|NotRubyVGC has 10 seconds left.\n|\n|t:|1699764592\n|-terastallize|p2a: Roaring Moon|Flying\n|-terastallize|p1b: Urshifu|Water\n|move|p1a: Roaring Moon|Breaking Swipe|p2b: Amoonguss|[spread] p2a,p2b\n|-damage|p2a: Roaring Moon|76\/100\n|-damage|p2b: Amoonguss|27\/100\n|-unboost|p2a: Roaring Moon|atk|1\n|-unboost|p2b: Amoonguss|atk|1\n|move|p2a: Roaring Moon|Acrobatics|p1b: Urshifu\n|-end|p1b: Urshifu|Substitute\n|move|p1b: Urshifu|Surging Strikes|p2b: Amoonguss\n|-resisted|p2b: Amoonguss\n|-crit|p2b: Amoonguss\n|-damage|p2b: Amoonguss|16\/100\n|-resisted|p2b: Amoonguss\n|-crit|p2b: Amoonguss\n|-damage|p2b: Amoonguss|2\/100\n|-resisted|p2b: Amoonguss\n|-crit|p2b: Amoonguss\n|-damage|p2b: Amoonguss|0 fnt\n|faint|p2b: Amoonguss\n|-hitcount|p2: Amoonguss|3\n|\n|upkeep\n|\n|t:|1699764606\n|switch|p2b: Iron Hands|Iron Hands, L50|100\/100\n|turn|5\n|\n|t:|1699764628\n|switch|p1b: Arcanine|Arcanine-Hisui, L50, F|29\/100\n|-ability|p1b: Arcanine|Intimidate|boost\n|-unboost|p2a: Roaring Moon|atk|1\n|-unboost|p2b: Iron Hands|atk|1\n|move|p1a: Roaring Moon|Protect|p1a: Roaring Moon\n|-singleturn|p1a: Roaring Moon|Protect\n|move|p2b: Iron Hands|Fake Out|p1a: Roaring Moon\n|-activate|p1a: Roaring Moon|move: Protect\n|move|p2a: Roaring Moon|Acrobatics|p1b: Arcanine\n|-resisted|p1b: Arcanine\n|-damage|p1b: Arcanine|7\/100\n|\n|upkeep\n|turn|6\n|inactive|1owercase has 30 seconds left.\n|\n|t:|1699764660\n|-end|p2a: Roaring Moon|Protosynthesis|[silent]\n|switch|p2a: Heatran|Heatran, L50, F|100\/100\n|move|p1a: Roaring Moon|Tailwind|p1a: Roaring Moon\n|-sidestart|p1: 1owercase|move: Tailwind\n|move|p1b: Arcanine|Rock Slide|p2b: Iron Hands|[spread] p2b\n|-miss|p1b: Arcanine|p2a: Heatran\n|-resisted|p2b: Iron Hands\n|-damage|p2b: Iron Hands|86\/100\n|move|p2b: Iron Hands|Wild Charge|p1b: Arcanine\n|-damage|p1b: Arcanine|0 fnt\n|faint|p1b: Arcanine\n|-damage|p2b: Iron Hands|84\/100|[from] Recoil\n|\n|upkeep\n|\n|t:|1699764670\n|switch|p1b: Urshifu|Urshifu-Rapid-Strike, L50, F, tera:Water|55\/100\n|turn|7\n|inactive|1owercase has 30 seconds left.\n|inactive|NotRubyVGC has 30 seconds left.\n|inactive|NotRubyVGC has 20 seconds left.\n|inactive|NotRubyVGC has 15 seconds left.\n|\n|t:|1699764710\n|move|p1a: Roaring Moon|Breaking Swipe|p2a: Heatran|[spread] p2a,p2b\n|-resisted|p2a: Heatran\n|-damage|p2a: Heatran|91\/100\n|-damage|p2b: Iron Hands|70\/100\n|-unboost|p2a: Heatran|atk|1\n|-unboost|p2b: Iron Hands|atk|1\n|move|p1b: Urshifu|Surging Strikes|p2b: Iron Hands\n|-crit|p2b: Iron Hands\n|-damage|p2b: Iron Hands|49\/100\n|-crit|p2b: Iron Hands\n|-damage|p2b: Iron Hands|27\/100\n|-crit|p2b: Iron Hands\n|-damage|p2b: Iron Hands|5\/100\n|-hitcount|p2b: Iron Hands|3\n|move|p2a: Heatran|Earth Power|p1b: Urshifu\n|-damage|p1b: Urshifu|20\/100\n|move|p2b: Iron Hands|Wild Charge|p1b: Urshifu\n|-supereffective|p1b: Urshifu\n|-damage|p1b: Urshifu|0 fnt\n|faint|p1b: Urshifu\n|-damage|p2b: Iron Hands|1\/100|[from] Recoil\n|\n|upkeep\n|\n|t:|1699764726\n|switch|p1b: Ogerpon|Ogerpon, L50, F|100\/100\n|turn|8\n|inactive|1owercase has 30 seconds left.\n|\n|t:|1699764751\n|move|p1b: Ogerpon|Spiky Shield|p1b: Ogerpon\n|-singleturn|p1b: Ogerpon|move: Protect\n|move|p1a: Roaring Moon|Breaking Swipe|p2b: Iron Hands|[spread] p2a,p2b\n|-resisted|p2a: Heatran\n|-crit|p2b: Iron Hands\n|-damage|p2a: Heatran|82\/100\n|-damage|p2b: Iron Hands|0 fnt\n|-unboost|p2a: Heatran|atk|1\n|faint|p2b: Iron Hands\n|-end|p2b: Iron Hands|Quark Drive|[silent]\n|move|p2a: Heatran|Heat Wave|p1a: Roaring Moon|[spread] p1a\n|-activate|p1b: Ogerpon|move: Protect\n|-resisted|p1a: Roaring Moon\n|-damage|p1a: Roaring Moon|69\/100\n|-status|p1a: Roaring Moon|brn\n|\n|-damage|p1a: Roaring Moon|63\/100 brn|[from] brn\n|upkeep\n|\n|t:|1699764763\n|switch|p2b: Roaring Moon|Roaring Moon, L50, tera:Flying|76\/100\n|turn|9\n|\n|t:|1699764782\n|move|p1a: Roaring Moon|Knock Off|p2a: Heatran\n|-damage|p2a: Heatran|64\/100\n|-enditem|p2a: Heatran|Shuca Berry|[from] move: Knock Off|[of] p1a: Roaring Moon\n|move|p1b: Ogerpon|Stomping Tantrum|p2a: Heatran\n|-supereffective|p2a: Heatran\n|-damage|p2a: Heatran|0 fnt\n|faint|p2a: Heatran\n|move|p2b: Roaring Moon|Acrobatics|p1b: Ogerpon\n|-supereffective|p1b: Ogerpon\n|-damage|p1b: Ogerpon|0 fnt\n|faint|p1b: Ogerpon\n|\n|-damage|p1a: Roaring Moon|57\/100 brn|[from] brn\n|-sideend|p1: 1owercase|move: Tailwind\n|upkeep\n|turn|10\n|\n|t:|1699764800\n|move|p2b: Roaring Moon|Protect|p2b: Roaring Moon\n|-singleturn|p2b: Roaring Moon|Protect\n|move|p1a: Roaring Moon|Breaking Swipe|p2b: Roaring Moon\n|-activate|p2b: Roaring Moon|move: Protect\n|\n|-damage|p1a: Roaring Moon|50\/100 brn|[from] brn\n|upkeep\n|turn|11\n|\n|t:|1699764805\n|move|p1a: Roaring Moon|Breaking Swipe|p2b: Roaring Moon\n|-damage|p2b: Roaring Moon|60\/100\n|-unboost|p2b: Roaring Moon|atk|1\n|move|p2b: Roaring Moon|Acrobatics|p1a: Roaring Moon\n|-damage|p1a: Roaring Moon|16\/100 brn\n|\n|-damage|p1a: Roaring Moon|10\/100 brn|[from] brn\n|upkeep\n|turn|12\n|\n|t:|1699764811\n|move|p1a: Roaring Moon|Knock Off|p2b: Roaring Moon\n|-damage|p2b: Roaring Moon|43\/100\n|move|p2b: Roaring Moon|Acrobatics|p1a: Roaring Moon\n|-damage|p1a: Roaring Moon|0 fnt\n|faint|p1a: Roaring Moon\n|-end|p1a: Roaring Moon|Protosynthesis|[silent]\n|\n|win|NotRubyVGC\n|raw|1owercase's rating: 1325 &rarr; <strong>1309<\/strong><br \/>(-16 for losing)\n|raw|NotRubyVGC's rating: 1401 &rarr; <strong>1417<\/strong><br \/>(+16 for winning)\n|l|\u26061owercase\n","uploadtime":1699764825,"views":53,"p1id":"1owercase","p2id":"notrubyvgc","formatid":"gen9vgc2023regulatione","rating":1309,"private":0,"password":""}