{"id":"gen9vgc2023regulatione-1999375360","p1":"Bleudwave","p2":"VortexTheGOAT","format":"[Gen 9] VGC 2023 Regulation E","log":"|j|\u2606Bleudwave\n|j|\u2606VortexTheGOAT\n|t:|1701069488\n|gametype|doubles\n|player|p1|Bleudwave|265|1163\n|player|p2|VortexTheGOAT|102|1059\n|teamsize|p1|6\n|teamsize|p2|6\n|gen|9\n|tier|[Gen 9] VGC 2023 Regulation E\n|rated|\n|rule|Species Clause: Limit one of each Pok\u00e9mon\n|rule|Item Clause: Limit one of each item\n|clearpoke\n|poke|p1|Raichu, L50, M|\n|poke|p1|Pelipper, L50, F|\n|poke|p1|Tornadus, L50, M|\n|poke|p1|Ogerpon-Hearthflame, L50, F|\n|poke|p1|Farigiraf, L50, M|\n|poke|p1|Scizor, L50, M|\n|poke|p2|Pelipper, L50, M|\n|poke|p2|Urshifu-*, L50, M|\n|poke|p2|Thundurus-Therian, L50, M|\n|poke|p2|Farigiraf, L50, F|\n|poke|p2|Weezing, L50, M|\n|poke|p2|Roaring Moon, L50|\n|teampreview|4\n|\n|t:|1701069527\n|start\n|switch|p1a: Raichu|Raichu, L50, M|100\/100\n|switch|p1b: Ogerpon|Ogerpon-Hearthflame, L50, F|100\/100\n|switch|p2a: Pelipper|Pelipper, L50, M|100\/100\n|switch|p2b: Urshifu|Urshifu-Rapid-Strike, L50, M|100\/100\n|-ability|p1b: Ogerpon|Mold Breaker\n|-weather|RainDance|[from] ability: Drizzle|[of] p2a: Pelipper\n|turn|1\n|\n|t:|1701069557\n|switch|p1b: Farigiraf|Farigiraf, L50, M|100\/100\n|move|p1a: Raichu|Fake Out|p2b: Urshifu\n|-damage|p2b: Urshifu|89\/100\n|cant|p2b: Urshifu|flinch\n|move|p2a: Pelipper|Hurricane|p1a: Raichu\n|-resisted|p1a: Raichu\n|-damage|p1a: Raichu|63\/100\n|-start|p1a: Raichu|confusion\n|\n|-weather|RainDance|[upkeep]\n|upkeep\n|turn|2\n|\n|t:|1701069581\n|switch|p1a: Pelipper|Pelipper, L50, F|100\/100\n|-terastallize|p2b: Urshifu|Water\n|move|p2b: Urshifu|Surging Strikes|p1a: Pelipper\n|-resisted|p1a: Pelipper\n|-crit|p1a: Pelipper\n|-damage|p1a: Pelipper|75\/100\n|-resisted|p1a: Pelipper\n|-crit|p1a: Pelipper\n|-damage|p1a: Pelipper|49\/100\n|-resisted|p1a: Pelipper\n|-crit|p1a: Pelipper\n|-damage|p1a: Pelipper|25\/100\n|-hitcount|p1a: Pelipper|3\n|move|p2a: Pelipper|Hurricane|p1b: Farigiraf\n|-damage|p1b: Farigiraf|50\/100\n|move|p1b: Farigiraf|Twin Beam|p2b: Urshifu\n|-damage|p2b: Urshifu|52\/100\n|-damage|p2b: Urshifu|12\/100\n|-hitcount|p2b: Urshifu|2\n|\n|-weather|RainDance|[upkeep]\n|upkeep\n|turn|3\n|\n|t:|1701069607\n|move|p1a: Pelipper|Protect|p1a: Pelipper\n|-singleturn|p1a: Pelipper|Protect\n|move|p2b: Urshifu|Surging Strikes|p1b: Farigiraf\n|-crit|p1b: Farigiraf\n|-damage|p1b: Farigiraf|1\/100\n|-crit|p1b: Farigiraf\n|-damage|p1b: Farigiraf|0 fnt\n|faint|p1b: Farigiraf\n|-hitcount|p1: Farigiraf|2\n|move|p2a: Pelipper|Hurricane|p1a: Pelipper\n|-activate|p1a: Pelipper|move: Protect\n|\n|-weather|RainDance|[upkeep]\n|upkeep\n|\n|t:|1701069613\n|switch|p1b: Raichu|Raichu, L50, M|63\/100\n|turn|4\n|\n|t:|1701069623\n|switch|p2b: Weezing|Weezing, L50, M|100\/100\n|-ability|p2b: Weezing|Neutralizing Gas\n|move|p1b: Raichu|Fake Out|p2b: Weezing\n|-damage|p2b: Weezing|92\/100\n|move|p2a: Pelipper|Tailwind|p2a: Pelipper\n|-sidestart|p2: VortexTheGOAT|move: Tailwind\n|move|p1a: Pelipper|Hurricane|p2a: Pelipper\n|-enditem|p2a: Pelipper|Focus Sash\n|-damage|p2a: Pelipper|1\/100\n|-start|p2a: Pelipper|confusion\n|-damage|p1a: Pelipper|15\/100|[from] item: Life Orb\n|\n|-weather|RainDance|[upkeep]\n|upkeep\n|turn|5\n|\n|t:|1701069648\n|-activate|p2a: Pelipper|confusion\n|move|p2a: Pelipper|Hurricane|p1a: Pelipper\n|-damage|p1a: Pelipper|0 fnt\n|faint|p1a: Pelipper\n|move|p1b: Raichu|Nuzzle|p2b: Weezing\n|-damage|p2b: Weezing|85\/100\n|-status|p2b: Weezing|par\n|move|p2b: Weezing|Gunk Shot|p1b: Raichu\n|-damage|p1b: Raichu|0 fnt\n|faint|p1b: Raichu\n|\n|-weather|none\n|upkeep\n|\n|t:|1701069653\n|switch|p1b: Ogerpon|Ogerpon-Hearthflame, L50, F|100\/100\n|turn|6\n|\n|t:|1701069668\n|switch|p2a: Roaring Moon|Roaring Moon, L50|100\/100\n|-enditem|p2a: Roaring Moon|Booster Energy\n|-activate|p2a: Roaring Moon|ability: Protosynthesis|[fromitem]\n|-start|p2a: Roaring Moon|protosynthesisatk\n|move|p1b: Ogerpon|Horn Leech|p2a: Roaring Moon\n|-resisted|p2a: Roaring Moon\n|-damage|p2a: Roaring Moon|72\/100\n|move|p2b: Weezing|Gunk Shot|p1b: Ogerpon|[miss]\n|-miss|p2b: Weezing|p1b: Ogerpon\n|\n|upkeep\n|turn|7\n|\n|t:|1701069685\n|-end|p2b: Weezing|ability: Neutralizing Gas\n|-ability|p1b: Ogerpon|Mold Breaker\n|switch|p2b: Pelipper|Pelipper, L50, M|1\/100\n|-weather|RainDance|[from] ability: Drizzle|[of] p2b: Pelipper\n|-terastallize|p1b: Ogerpon|Fire\n|detailschange|p1b: Ogerpon|Ogerpon-Hearthflame-Tera, L50, F, tera:Fire\n|-ability|p1b: Ogerpon|Embody Aspect (Hearthflame)|boost\n|-boost|p1b: Ogerpon|atk|1\n|move|p2a: Roaring Moon|Acrobatics|p1b: Ogerpon\n|-crit|p1b: Ogerpon\n|-damage|p1b: Ogerpon|0 fnt\n|faint|p1b: Ogerpon\n|\n|win|VortexTheGOAT\n|raw|Bleudwave's rating: 1163 &rarr; <strong>1131<\/strong><br \/>(-32 for losing)\n|raw|VortexTheGOAT's rating: 1059 &rarr; <strong>1099<\/strong><br \/>(+40 for winning)\n|l|\u2606Bleudwave\n","uploadtime":1701069703,"views":1,"p1id":"bleudwave","p2id":"vortexthegoat","formatid":"gen9vgc2023regulatione","rating":1099,"private":0,"password":""}