{"id":"gen9vgc2023regulatione-1994604228","p1":"tiko12","p2":"Orb66623","format":"[Gen 9] VGC 2023 Regulation E","log":"|j|\u2606tiko12\n|j|\u2606Orb66623\n|t:|1700467911\n|gametype|doubles\n|player|p1|tiko12|102|1094\n|player|p2|Orb66623|169|1175\n|teamsize|p1|6\n|teamsize|p2|6\n|gen|9\n|tier|[Gen 9] VGC 2023 Regulation E\n|rated|\n|rule|Species Clause: Limit one of each Pok\u00e9mon\n|rule|Item Clause: Limit one of each item\n|clearpoke\n|poke|p1|Salamence, L50, F|\n|poke|p1|Gholdengo, L50|\n|poke|p1|Grimmsnarl, L50, M|\n|poke|p1|Tyranitar, L50, M|\n|poke|p1|Chi-Yu, L50|\n|poke|p1|Amoonguss, L50, F|\n|poke|p2|Ogerpon-Wellspring, L50, F|\n|poke|p2|Armarouge, L50, F|\n|poke|p2|Torkoal, L50, F|\n|poke|p2|Indeedee-F, L50, F|\n|poke|p2|Iron Hands, L50|\n|poke|p2|Landorus-Therian, L50, M|\n|teampreview|4\n|inactive|Battle timer is ON: inactive players will automatically lose when time's up. (requested by Orb66623)\n|\n|t:|1700467943\n|start\n|switch|p1a: Salamence|Salamence, L50, F|100\/100\n|switch|p1b: Tyranitar|Tyranitar, L50, M, shiny|100\/100\n|switch|p2a: Armarouge|Armarouge, L50, F|100\/100\n|switch|p2b: Landorus|Landorus-Therian, L50, M|100\/100\n|-ability|p2b: Landorus|Intimidate|boost\n|-unboost|p1a: Salamence|atk|1\n|-unboost|p1b: Tyranitar|atk|1\n|-ability|p1a: Salamence|Intimidate|boost\n|-unboost|p2a: Armarouge|atk|1\n|-unboost|p2b: Landorus|atk|1\n|-weather|Sandstorm|[from] ability: Sand Stream|[of] p1b: Tyranitar\n|turn|1\n|inactive|tiko12 has 30 seconds left.\n|inactive|Orb66623 has 30 seconds left.\n|\n|t:|1700467970\n|switch|p2a: Iron Hands|Iron Hands, L50|100\/100\n|move|p2b: Landorus|Rock Slide|p1b: Tyranitar|[spread] p1a,p1b\n|-supereffective|p1a: Salamence\n|-damage|p1a: Salamence|68\/100\n|-damage|p1b: Tyranitar|89\/100\n|move|p1a: Salamence|Tailwind|p1a: Salamence\n|-sidestart|p1: tiko12|move: Tailwind\n|move|p1b: Tyranitar|Rock Slide|p2a: Iron Hands|[spread] p2a,p2b\n|-resisted|p2a: Iron Hands\n|-damage|p2a: Iron Hands|94\/100\n|-damage|p2b: Landorus|79\/100\n|\n|-weather|Sandstorm|[upkeep]\n|-damage|p1a: Salamence|62\/100|[from] Sandstorm\n|-damage|p2a: Iron Hands|88\/100|[from] Sandstorm\n|upkeep\n|turn|2\n|inactive|tiko12 has 30 seconds left.\n|inactive|tiko12 has 20 seconds left.\n|inactive|tiko12 has 15 seconds left.\n|\n|t:|1700468011\n|switch|p1a: Gholdengo|Gholdengo, L50|100\/100\n|-terastallize|p1b: Tyranitar|Ghost\n|move|p2b: Landorus|Rock Slide|p1a: Gholdengo|[spread] p1a,p1b\n|-resisted|p1a: Gholdengo\n|-damage|p1a: Gholdengo|93\/100\n|-damage|p1b: Tyranitar|77\/100\n|move|p1b: Tyranitar|Dragon Dance|p1b: Tyranitar\n|-boost|p1b: Tyranitar|atk|1\n|-boost|p1b: Tyranitar|spe|1\n|move|p2a: Iron Hands|Drain Punch|p1b: Tyranitar\n|-immune|p1b: Tyranitar\n|\n|-weather|Sandstorm|[upkeep]\n|-damage|p1b: Tyranitar|71\/100|[from] Sandstorm\n|-damage|p2a: Iron Hands|83\/100|[from] Sandstorm\n|upkeep\n|turn|3\n|inactive|tiko12 has 30 seconds left.\n|inactive|tiko12 has 20 seconds left.\n|\n|t:|1700468047\n|move|p1b: Tyranitar|Rock Slide|p2a: Iron Hands|[spread] p2a,p2b\n|-resisted|p2a: Iron Hands\n|-damage|p2a: Iron Hands|74\/100\n|-damage|p2b: Landorus|50\/100\n|move|p1a: Gholdengo|Make It Rain|p2b: Landorus|[spread] p2a,p2b\n|-resisted|p2a: Iron Hands\n|-damage|p2a: Iron Hands|58\/100\n|-damage|p2b: Landorus|0 fnt\n|-unboost|p1a: Gholdengo|spa|1\n|faint|p2b: Landorus\n|-damage|p1a: Gholdengo|84\/100|[from] item: Life Orb\n|move|p2a: Iron Hands|Earthquake|p1a: Gholdengo|[spread] p1a,p1b\n|-supereffective|p1a: Gholdengo\n|-damage|p1a: Gholdengo|21\/100\n|-damage|p1b: Tyranitar|47\/100\n|\n|-weather|Sandstorm|[upkeep]\n|-damage|p1b: Tyranitar|41\/100|[from] Sandstorm\n|-damage|p2a: Iron Hands|52\/100|[from] Sandstorm\n|upkeep\n|\n|t:|1700468067\n|switch|p2b: Armarouge|Armarouge, L50, F|100\/100\n|turn|4\n|\n|t:|1700468079\n|switch|p2b: Indeedee|Indeedee-F, L50, F|100\/100\n|-fieldstart|move: Psychic Terrain|[from] ability: Psychic Surge|[of] p2b: Indeedee\n|-enditem|p2b: Indeedee|Psychic Seed\n|-boost|p2b: Indeedee|spd|1|[from] item: Psychic Seed\n|move|p1a: Gholdengo|Protect|p1a: Gholdengo\n|-singleturn|p1a: Gholdengo|Protect\n|move|p1b: Tyranitar|Rock Slide|p2a: Iron Hands|[spread] p2a\n|-miss|p1b: Tyranitar|p2b: Indeedee\n|-resisted|p2a: Iron Hands\n|-damage|p2a: Iron Hands|43\/100\n|cant|p2a: Iron Hands|flinch\n|\n|-weather|Sandstorm|[upkeep]\n|-damage|p1b: Tyranitar|35\/100|[from] Sandstorm\n|-damage|p2b: Indeedee|94\/100|[from] Sandstorm\n|-damage|p2a: Iron Hands|37\/100|[from] Sandstorm\n|-sideend|p1: tiko12|move: Tailwind\n|upkeep\n|turn|5\n|inactive|tiko12 has 30 seconds left.\n|inactive|Orb66623 has 30 seconds left.\n|inactive|Orb66623 has 20 seconds left.\n|\n|t:|1700468117\n|move|p2b: Indeedee|Follow Me|p2b: Indeedee\n|-singleturn|p2b: Indeedee|move: Follow Me\n|move|p1b: Tyranitar|Stomping Tantrum|p2b: Indeedee\n|-damage|p2b: Indeedee|72\/100\n|move|p1a: Gholdengo|Shadow Ball|p2b: Indeedee\n|-immune|p2b: Indeedee\n|move|p2a: Iron Hands|Earthquake|p1b: Tyranitar|[spread] p2b,p1a,p1b\n|-supereffective|p1a: Gholdengo\n|-damage|p2b: Indeedee|46\/100\n|-damage|p1a: Gholdengo|0 fnt\n|-damage|p1b: Tyranitar|9\/100\n|faint|p1a: Gholdengo\n|\n|-weather|none\n|upkeep\n|\n|t:|1700468131\n|switch|p1a: Salamence|Salamence, L50, F|62\/100\n|-ability|p1a: Salamence|Intimidate|boost\n|-unboost|p2a: Iron Hands|atk|1\n|-unboost|p2b: Indeedee|atk|1\n|turn|6\n|\n|t:|1700468153\n|move|p1b: Tyranitar|Crunch|p2b: Indeedee\n|-supereffective|p2b: Indeedee\n|-damage|p2b: Indeedee|0 fnt\n|faint|p2b: Indeedee\n|move|p1a: Salamence|Dual Wingbeat|p2a: Iron Hands\n|-damage|p2a: Iron Hands|24\/100\n|-damage|p2a: Iron Hands|11\/100\n|-hitcount|p2a: Iron Hands|2\n|move|p2a: Iron Hands|Wild Charge|p1a: Salamence\n|-damage|p1a: Salamence|25\/100\n|-damage|p2a: Iron Hands|0 fnt|[from] item: Rocky Helmet|[of] p1a: Salamence\n|faint|p2a: Iron Hands\n|-end|p2a: Iron Hands|Quark Drive|[silent]\n|\n|upkeep\n|\n|t:|1700468159\n|switch|p2b: Armarouge|Armarouge, L50, F|100\/100\n|turn|7\n|inactive|tiko12 has 30 seconds left.\n|\n|t:|1700468190\n|-terastallize|p2b: Armarouge|Psychic\n|move|p2b: Armarouge|Endure|p2b: Armarouge\n|-singleturn|p2b: Armarouge|move: Endure\n|move|p1b: Tyranitar|Rock Slide|p2b: Armarouge\n|-damage|p2b: Armarouge|61\/100\n|-ability|p2b: Armarouge|Weak Armor|boost\n|-unboost|p2b: Armarouge|def|1\n|-boost|p2b: Armarouge|spe|2\n|move|p1a: Salamence|Dragon Claw|p2b: Armarouge\n|-damage|p2b: Armarouge|6\/100\n|-ability|p2b: Armarouge|Weak Armor|boost\n|-unboost|p2b: Armarouge|def|1\n|-boost|p2b: Armarouge|spe|2\n|\n|upkeep\n|turn|8\n|inactive|tiko12 has 30 seconds left.\n|\n|t:|1700468215\n|move|p2b: Armarouge|Expanding Force|p1a: Salamence|[spread] p1a,p1b\n|-damage|p1a: Salamence|0 fnt\n|-damage|p1b: Tyranitar|0 fnt\n|faint|p1a: Salamence\n|faint|p1b: Tyranitar\n|\n|-fieldend|move: Psychic Terrain\n|upkeep\n|\n|t:|1700468223\n|switch|p1a: Amoonguss|Amoonguss, L50, F|100\/100\n|turn|9\n|\n|t:|1700468230\n|move|p2b: Armarouge|Stored Power|p1a: Amoonguss\n|-supereffective|p1a: Amoonguss\n|-damage|p1a: Amoonguss|0 fnt\n|faint|p1a: Amoonguss\n|\n|win|Orb66623\n|raw|tiko12's rating: 1094 &rarr; <strong>1075<\/strong><br \/>(-19 for losing)\n|raw|Orb66623's rating: 1175 &rarr; <strong>1194<\/strong><br \/>(+19 for winning)\n","uploadtime":1700468234,"views":3,"p1id":"tiko12","p2id":"orb66623","formatid":"gen9vgc2023regulatione","rating":1075,"private":0,"password":""}