{"id":"gen9vgc2023regulatione-1995922469","p1":"Namewontregister","p2":"Fancy Cucudrula","format":"[Gen 9] VGC 2023 Regulation E","log":"|j|\u2606Namewontregister\n|j|\u2606Fancy Cucudrula\n|n|\u2606Namewontregister|namewontregister\n|n|\u2606Fancy Cucudrula|fancycucudrula\n|html|View the match progress at <a href=\"\/game-bestof3-gen9vgc2023regulatione-1995919609\">game-bestof3-gen9vgc2023regulatione-1995919609<\/a>\n|t:|1700617775\n|gametype|doubles\n|player|p1|Namewontregister|li|\n|player|p2|Fancy Cucudrula|valerie|\n|teamsize|p1|6\n|teamsize|p2|6\n|gen|9\n|tier|[Gen 9] VGC 2023 Regulation E\n|rule|Species Clause: Limit one of each Pok\u00e9mon\n|rule|Item Clause: Limit one of each item\n|clearpoke\n|poke|p1|Ursaluna-Bloodmoon, L50, M|\n|poke|p1|Indeedee-F, L50, F|\n|poke|p1|Torkoal, L50, F|\n|poke|p1|Oranguru, L50, F|\n|poke|p1|Lilligant-Hisui, L50, F|\n|poke|p1|Armarouge, L50, F|\n|poke|p2|Flutter Mane, L50|\n|poke|p2|Amoonguss, L50, F|\n|poke|p2|Heatran, L50, F|\n|poke|p2|Iron Hands, L50|\n|poke|p2|Landorus-Therian, L50, M|\n|poke|p2|Chien-Pao, L50|\n|teampreview|4\nFancy Cucudrula has agreed to open team sheets.\nNamewontregister has agreed to open team sheets.\n|showteam|p1|Ursaluna-Bloodmoon||ThroatSpray|MindsEye|BloodMoon,HyperVoice,Protect,EarthPower|||M|||50|,,,,,Normal]Indeedee-F||RockyHelmet|PsychicSurge|FollowMe,TrickRoom,Psychic,HelpingHand|||F|||50|,,,,,Psychic]Torkoal||Charcoal|Drought|Eruption,EarthPower,HeatWave,Protect|||F|||50|,,,,,Fire]Oranguru||MentalHerb|InnerFocus|Instruct,Psychic,TrickRoom,Encore|||F|||50|,,,,,Water]Lilligant-Hisui||FocusSash|Chlorophyll|SolarBlade,AfterYou,CloseCombat,Protect|||F|||50|,,,,,Dragon]Armarouge||TwistedSpoon|FlashFire|ExpandingForce,TrickRoom,WideGuard,ArmorCannon|||F|||50|,,,,,Psychic\n|showteam|p2|Flutter Mane||ChoiceSpecs|Protosynthesis|DazzlingGleam,Moonblast,ShadowBall,PerishSong||||||50|,,,,,Fairy]Amoonguss||RockyHelmet|Regenerator|RagePowder,PollenPuff,Spore,Protect|||F|||50|,,,,,Water]Heatran||SafetyGoggles|FlashFire|HeatWave,EarthPower,FlashCannon,Protect|||F|||50|,,,,,Fairy]Iron Hands||AssaultVest|QuarkDrive|DrainPunch,WildCharge,HeavySlam,FakeOut||||||50|,,,,,Water]Landorus-Therian||ChoiceScarf|Intimidate|StompingTantrum,TeraBlast,RockSlide,Uturn|||M|||50|,,,,,Flying]Chien-Pao||FocusSash|SwordofRuin|IceSpinner,SuckerPunch,Haze,Protect||||||50|,,,,,Ghost\n|inactive|Battle timer is ON: inactive players will automatically lose when time's up. (requested by Fancy Cucudrula)\n|\n|t:|1700617800\n|start\n|switch|p1a: Lilligant|Lilligant-Hisui, L50, F|100\/100\n|switch|p1b: Torkoal|Torkoal, L50, F|100\/100\n|switch|p2a: Jessica Wild|Chien-Pao, L50|100\/100\n|switch|p2b: Lawrence|Heatran, L50, F, shiny|100\/100\n|-ability|p2a: Jessica Wild|Sword of Ruin\n|-weather|SunnyDay|[from] ability: Drought|[of] p1b: Torkoal\n|turn|1\n|inactive|Namewontregister has 30 seconds left.\n|inactive|Fancy Cucudrula has 30 seconds left.\n|inactive|Namewontregister has 20 seconds left.\n|inactive|Fancy Cucudrula has 20 seconds left.\n|\n|t:|1700617837\n|-terastallize|p2b: Lawrence|Fairy\n|move|p1a: Lilligant|Protect|p1a: Lilligant\n|-singleturn|p1a: Lilligant|Protect\n|move|p2a: Jessica Wild|Protect|p2a: Jessica Wild\n|-singleturn|p2a: Jessica Wild|Protect\n|move|p1b: Torkoal|Protect|p1b: Torkoal\n|-singleturn|p1b: Torkoal|Protect\n|move|p2b: Lawrence|Earth Power|p1b: Torkoal\n|-activate|p1b: Torkoal|move: Protect\n|\n|-weather|SunnyDay|[upkeep]\n|upkeep\n|turn|2\n|\n|t:|1700617854\n|move|p1a: Lilligant|After You|p1b: Torkoal\n|-activate|p1b: Torkoal|move: After You\n|move|p1b: Torkoal|Earth Power|p2b: Lawrence\n|-damage|p2b: Lawrence|78\/100\n|move|p2a: Jessica Wild|Ice Spinner|p1a: Lilligant\n|-supereffective|p1a: Lilligant\n|-enditem|p1a: Lilligant|Focus Sash\n|-damage|p1a: Lilligant|1\/100\n|move|p2b: Lawrence|Earth Power|p1b: Torkoal\n|-supereffective|p1b: Torkoal\n|-damage|p1b: Torkoal|25\/100\n|\n|-weather|SunnyDay|[upkeep]\n|upkeep\n|turn|3\n|\n|t:|1700617875\n|move|p2a: Jessica Wild|Protect|p2a: Jessica Wild\n|-singleturn|p2a: Jessica Wild|Protect\n|move|p1b: Torkoal|Protect|p1b: Torkoal\n|-singleturn|p1b: Torkoal|Protect\n|move|p1a: Lilligant|Solar Blade||[still]\n|-prepare|p1a: Lilligant|Solar Blade\n|-anim|p1a: Lilligant|Solar Blade|p2a: Jessica Wild\n|-activate|p2a: Jessica Wild|move: Protect\n|move|p2b: Lawrence|Heat Wave|p1a: Lilligant|[spread] \n|-activate|p1b: Torkoal|move: Protect\n|-miss|p2b: Lawrence|p1a: Lilligant\n|\n|-weather|SunnyDay|[upkeep]\n|upkeep\n|turn|4\n|\n|t:|1700617903\n|switch|p2a: Mistress|Iron Hands, L50, shiny|100\/100\n|switch|p1b: Oranguru|Oranguru, L50, F|100\/100\n|move|p1a: Lilligant|Solar Blade||[still]\n|-prepare|p1a: Lilligant|Solar Blade\n|-anim|p1a: Lilligant|Solar Blade|p2a: Mistress\n|-damage|p2a: Mistress|54\/100\n|move|p2b: Lawrence|Heat Wave|p1b: Oranguru|[spread] p1a,p1b\n|-supereffective|p1a: Lilligant\n|-damage|p1a: Lilligant|0 fnt\n|-damage|p1b: Oranguru|67\/100\n|-status|p1b: Oranguru|brn\n|faint|p1a: Lilligant\n|\n|-weather|SunnyDay|[upkeep]\n|-damage|p1b: Oranguru|61\/100 brn|[from] brn\n|upkeep\n|\n|t:|1700617919\n|switch|p1a: Ursaluna|Ursaluna-Bloodmoon, L50, M|100\/100\n|turn|5\n|\n|t:|1700617932\n|-end|p2a: Mistress|Quark Drive|[silent]\n|switch|p2a: Brita Filter|Amoonguss, L50, F, shiny|100\/100\n|move|p1a: Ursaluna|Protect|p1a: Ursaluna\n|-singleturn|p1a: Ursaluna|Protect\n|move|p2b: Lawrence|Heat Wave|p1b: Oranguru|[spread] p1b\n|-activate|p1a: Ursaluna|move: Protect\n|-damage|p1b: Oranguru|23\/100 brn\n|move|p1b: Oranguru|Trick Room|p1b: Oranguru\n|-fieldstart|move: Trick Room|[of] p1b: Oranguru\n|\n|-weather|none\n|-damage|p1b: Oranguru|17\/100 brn|[from] brn\n|upkeep\n|turn|6\n|inactive|Namewontregister has 30 seconds left.\n|inactive|Namewontregister has 20 seconds left.\n|inactive|Namewontregister has 15 seconds left.\n|inactive|Namewontregister has 10 seconds left.\n|inactive|Namewontregister has 5 seconds left.\n|\n|t:|1700617985\n|-terastallize|p1a: Ursaluna|Normal\n|move|p2a: Brita Filter|Spore|p1a: Ursaluna\n|-status|p1a: Ursaluna|slp|[from] move: Spore\n|cant|p1a: Ursaluna|slp\n|move|p1b: Oranguru|Instruct|p1a: Ursaluna\n|-singleturn|p1a: Ursaluna|move: Instruct|[of] p1b: Oranguru\n|cant|p1a: Ursaluna|slp\n|move|p2b: Lawrence|Heat Wave|p1a: Ursaluna|[spread] p1a,p1b\n|-damage|p1a: Ursaluna|56\/100 slp\n|-damage|p1b: Oranguru|0 fnt\n|faint|p1b: Oranguru\n|\n|upkeep\n|\n|t:|1700617997\n|switch|p1b: Torkoal|Torkoal, L50, F|25\/100\n|-weather|SunnyDay|[from] ability: Drought|[of] p1b: Torkoal\n|turn|7\n|\n|t:|1700618011\n|move|p2a: Brita Filter|Protect|p2a: Brita Filter\n|-singleturn|p2a: Brita Filter|Protect\n|move|p1b: Torkoal|Heat Wave|p2a: Brita Filter|[spread] \n|-activate|p2a: Brita Filter|move: Protect\n|-start|p2b: Lawrence|ability: Flash Fire\n|-curestatus|p1a: Ursaluna|slp|[msg]\n|move|p1a: Ursaluna|Blood Moon|p2b: Lawrence\n|-damage|p2b: Lawrence|0 fnt\n|faint|p2b: Lawrence\n|\n|-weather|SunnyDay|[upkeep]\n|upkeep\n|\n|t:|1700618022\n|switch|p2b: Mistress|Iron Hands, L50, shiny|54\/100\n|turn|8\n|\n|t:|1700618035\n|move|p1b: Torkoal|Protect|p1b: Torkoal\n|-singleturn|p1b: Torkoal|Protect\n|move|p1a: Ursaluna|Protect|p1a: Ursaluna\n|-singleturn|p1a: Ursaluna|Protect\n|move|p2b: Mistress|Fake Out|p1b: Torkoal\n|-activate|p1b: Torkoal|move: Protect\n|move|p2a: Brita Filter|Spore|p1a: Ursaluna\n|-activate|p1a: Ursaluna|move: Protect\n|\n|-weather|SunnyDay|[upkeep]\n|upkeep\n|turn|9\n|inactive|Fancy Cucudrula has 30 seconds left.\n|\n|t:|1700618061\n|-end|p2b: Mistress|Quark Drive|[silent]\n|switch|p2b: Jessica Wild|Chien-Pao, L50|100\/100\n|-ability|p2b: Jessica Wild|Sword of Ruin\n|move|p2a: Brita Filter|Protect|p2a: Brita Filter\n|-singleturn|p2a: Brita Filter|Protect\n|move|p1b: Torkoal|Heat Wave|p2a: Brita Filter|[spread] p2b\n|-activate|p2a: Brita Filter|move: Protect\n|-supereffective|p2b: Jessica Wild\n|-enditem|p2b: Jessica Wild|Focus Sash\n|-damage|p2b: Jessica Wild|1\/100\n|move|p1a: Ursaluna|Blood Moon|p2a: Brita Filter\n|-activate|p2a: Brita Filter|move: Protect\n|\n|-weather|SunnyDay|[upkeep]\n|-fieldend|move: Trick Room\n|upkeep\n|turn|10\n|inactive|Namewontregister has 30 seconds left.\n|inactive|Namewontregister has 20 seconds left.\n|\n|t:|1700618097\n|move|p2b: Jessica Wild|Ice Spinner|p1a: Ursaluna\n|-damage|p1a: Ursaluna|19\/100\n|move|p1a: Ursaluna|Hyper Voice|p2a: Brita Filter|[spread] p2a,p2b\n|-damage|p2a: Brita Filter|54\/100\n|-damage|p2b: Jessica Wild|0 fnt\n|faint|p2b: Jessica Wild\n|-enditem|p1a: Ursaluna|Throat Spray\n|-boost|p1a: Ursaluna|spa|1|[from] item: Throat Spray\n|move|p2a: Brita Filter|Spore|p1b: Torkoal\n|-status|p1b: Torkoal|slp|[from] move: Spore\n|cant|p1b: Torkoal|slp\n|\n|-weather|SunnyDay|[upkeep]\n|upkeep\n|\n|t:|1700618106\n|switch|p2b: Mistress|Iron Hands, L50, shiny|54\/100\n|turn|11\n|\n|t:|1700618116\n|move|p1a: Ursaluna|Protect|p1a: Ursaluna\n|-singleturn|p1a: Ursaluna|Protect\n|-curestatus|p1b: Torkoal|slp|[msg]\n|move|p1b: Torkoal|Protect|p1b: Torkoal\n|-singleturn|p1b: Torkoal|Protect\n|move|p2b: Mistress|Drain Punch|p1a: Ursaluna\n|-activate|p1a: Ursaluna|move: Protect\n|move|p2a: Brita Filter|Pollen Puff|p2b: Mistress\n|-heal|p2b: Mistress|100\/100\n|\n|-weather|none\n|upkeep\n|turn|12\n|\n|t:|1700618134\n|move|p2a: Brita Filter|Rage Powder|p2a: Brita Filter\n|-singleturn|p2a: Brita Filter|move: Rage Powder\n|move|p2b: Mistress|Drain Punch|p1a: Ursaluna\n|-supereffective|p1a: Ursaluna\n|-crit|p1a: Ursaluna\n|-damage|p1a: Ursaluna|0 fnt\n|faint|p1a: Ursaluna\n|move|p1b: Torkoal|Heat Wave|p2b: Mistress|[spread] p2b\n|-miss|p1b: Torkoal|p2a: Brita Filter\n|-damage|p2b: Mistress|81\/100\n|\n|upkeep\n|turn|13\n|\n|t:|1700618147\n|move|p2b: Mistress|Drain Punch|p1b: Torkoal\n|-damage|p1b: Torkoal|0 fnt\n|-heal|p2b: Mistress|90\/100|[from] drain|[of] p1b: Torkoal\n|faint|p1b: Torkoal\n|\n|win|Fancy Cucudrula\n|c|\u2606Fancy Cucudrula|gg bello!\n|c|\u2606Namewontregister|gg bro\n|c|\u2606Fancy Cucudrula|juegas bien papiiiii\n|c|\u2606Namewontregister|Nah\n|c|\u2606Namewontregister|Tengo que mejorar\n|c|\u2606Fancy Cucudrula|dont bro on me please\n|c|\u2606Namewontregister|Jajaja\n|c|\u2606Namewontregister|Pero gracias\n|c|\u2606Namewontregister|Sorry\n|c|\u2606Fancy Cucudrula|llamame reina! princesa\n|c|\u2606Namewontregister|No more broing\n|c|\u2606Fancy Cucudrula|mana!\n|c|\u2606Fancy Cucudrula|comadre\n|c|\u2606Namewontregister|Es costumbre, prince\n|c|\u2606Fancy Cucudrula|como quieras! pero dont Bro please\n|c|\u2606Namewontregister|Princesa\n|c|\u2606Namewontregister|No vuelve  a pasar\n|c|\u2606Fancy Cucudrula|jajaja dale mi rey! ggs!\n|c|\u2606Namewontregister|Jajajaja\n|c|\u2606Namewontregister|Ggs\n|c|\u2606Fancy Cucudrula|si me la pusiste dificil\n|c|\u2606Namewontregister|Jajaja seguire practicando\n|l|\u2606Namewontregister\n","uploadtime":1700618420,"views":13,"p1id":"namewontregister","p2id":"fancycucudrula","formatid":"gen9vgc2023regulatione","rating":0,"private":0,"password":""}