{"id":"gen9vgc2023regulatione-2000082323","p1":"whyismynamejeff","p2":"Ampao","format":"[Gen 9] VGC 2023 Regulation E","log":"|j|\u2606whyismynamejeff\n|j|\u2606Ampao\n|t:|1701151445\n|gametype|doubles\n|player|p1|whyismynamejeff|colress|1173\n|player|p2|Ampao|1|1067\n|teamsize|p1|6\n|teamsize|p2|6\n|gen|9\n|tier|[Gen 9] VGC 2023 Regulation E\n|rated|\n|rule|Species Clause: Limit one of each Pok\u00e9mon\n|rule|Item Clause: Limit one of each item\n|clearpoke\n|poke|p1|Farigiraf, L50, F|\n|poke|p1|Iron Hands, L50|\n|poke|p1|Urshifu-*, L50, F|\n|poke|p1|Chien-Pao, L50|\n|poke|p1|Tornadus, L50, M|\n|poke|p1|Flutter Mane, L50|\n|poke|p2|Urshifu-*, L50, F|\n|poke|p2|Landorus-Therian, L50, M|\n|poke|p2|Grimmsnarl, L50, M|\n|poke|p2|Farigiraf, L50, M|\n|poke|p2|Iron Hands, L50|\n|poke|p2|Chi-Yu, L50|\n|teampreview|4\n|c|\u2606whyismynamejeff|hmmm\n|inactive|Battle timer is ON: inactive players will automatically lose when time's up. (requested by Ampao)\n|\n|t:|1701151480\n|start\n|switch|p1a: Big Girafarig|Farigiraf, L50, F|100\/100\n|switch|p1b: Water Bear|Urshifu-Rapid-Strike, L50, F|100\/100\n|switch|p2a: Grimmsnarl|Grimmsnarl, L50, M|100\/100\n|switch|p2b: Iron Hands|Iron Hands, L50|100\/100\n|turn|1\n|\n|t:|1701151504\n|move|p2a: Grimmsnarl|Reflect|p2a: Grimmsnarl\n|-sidestart|p2: Ampao|Reflect\n|move|p1b: Water Bear|U-turn|p2a: Grimmsnarl\n|-damage|p2a: Grimmsnarl|77\/100\n|\n|t:|1701151510\n|switch|p1b: Big Misdreavus|Flutter Mane, L50|100\/100|[from] U-turn\n|move|p1a: Big Girafarig|Psychic|p2b: Iron Hands\n|-supereffective|p2b: Iron Hands\n|-damage|p2b: Iron Hands|36\/100\n|move|p2b: Iron Hands|Wild Charge|p1b: Big Misdreavus\n|-damage|p1b: Big Misdreavus|19\/100\n|-damage|p2b: Iron Hands|25\/100|[from] Recoil\n|\n|upkeep\n|turn|2\n|\n|t:|1701151532\n|move|p1b: Big Misdreavus|Dazzling Gleam|p2a: Grimmsnarl|[spread] p2a,p2b\n|-supereffective|p2a: Grimmsnarl\n|-supereffective|p2b: Iron Hands\n|-damage|p2a: Grimmsnarl|14\/100\n|-damage|p2b: Iron Hands|0 fnt\n|faint|p2b: Iron Hands\n|-end|p2b: Iron Hands|Quark Drive|[silent]\n|move|p1a: Big Girafarig|Psychic|p2a: Grimmsnarl\n|-immune|p2a: Grimmsnarl\n|move|p2a: Grimmsnarl|Spirit Break|p1b: Big Misdreavus\n|-damage|p1b: Big Misdreavus|0 fnt\n|faint|p1b: Big Misdreavus\n|-end|p1b: Big Misdreavus|Protosynthesis|[silent]\n|\n|upkeep\n|c|\u2606whyismynamejeff|i tapped the wrong button\n|c|\u2606whyismynamejeff|uhhh\n|\n|t:|1701151554\n|switch|p1b: Water Bear|Urshifu-Rapid-Strike, L50, F|100\/100\n|switch|p2b: Landorus|Landorus-Therian, L50, M|100\/100\n|-ability|p2b: Landorus|Intimidate|boost\n|-unboost|p1a: Big Girafarig|atk|1\n|-unboost|p1b: Water Bear|atk|1\n|turn|3\n|\n|t:|1701151572\n|-terastallize|p2b: Landorus|Flying\n|move|p2a: Grimmsnarl|Parting Shot||[still]\n|cant|p1a: Big Girafarig|ability: Armor Tail|Parting Shot|[of] p2a: Grimmsnarl\n|move|p1b: Water Bear|U-turn|p2b: Landorus\n|-resisted|p2b: Landorus\n|-damage|p2b: Landorus|95\/100\n|\n|t:|1701151581\n|switch|p1b: Sword Cat|Chien-Pao, L50|100\/100|[from] U-turn\n|-ability|p1b: Sword Cat|Sword of Ruin\n|move|p2b: Landorus|Tera Blast|p1b: Sword Cat|[anim] Tera Blast Flying\n|-damage|p1b: Sword Cat|19\/100\n|move|p1a: Big Girafarig|Dazzling Gleam|p2a: Grimmsnarl|[spread] p2a,p2b\n|-supereffective|p2a: Grimmsnarl\n|-damage|p2a: Grimmsnarl|0 fnt\n|-damage|p2b: Landorus|82\/100\n|faint|p2a: Grimmsnarl\n|\n|upkeep\n|\n|t:|1701151594\n|switch|p2a: Urshifu|Urshifu-Rapid-Strike, L50, F|100\/100\n|turn|4\n|\n|t:|1701151607\n|move|p2a: Urshifu|Surging Strikes|p1b: Sword Cat\n|-crit|p1b: Sword Cat\n|-damage|p1b: Sword Cat|0 fnt\n|faint|p1b: Sword Cat\n|-hitcount|p1: Sword Cat|1\n|move|p2b: Landorus|Rock Slide|p1a: Big Girafarig\n|-crit|p1a: Big Girafarig\n|-damage|p1a: Big Girafarig|66\/100\n|cant|p1a: Big Girafarig|flinch\n|\n|upkeep\n|\n|t:|1701151616\n|switch|p1b: Water Bear|Urshifu-Rapid-Strike, L50, F|100\/100\n|turn|5\n|\n|t:|1701151626\n|-terastallize|p1b: Water Bear|Water\n|move|p2a: Urshifu|Surging Strikes|p1a: Big Girafarig\n|-crit|p1a: Big Girafarig\n|-damage|p1a: Big Girafarig|47\/100\n|-enditem|p1a: Big Girafarig|Sitrus Berry|[eat]\n|-heal|p1a: Big Girafarig|72\/100|[from] item: Sitrus Berry\n|-crit|p1a: Big Girafarig\n|-damage|p1a: Big Girafarig|54\/100\n|-crit|p1a: Big Girafarig\n|-damage|p1a: Big Girafarig|34\/100\n|-hitcount|p1a: Big Girafarig|3\n|move|p1b: Water Bear|Surging Strikes|p2b: Landorus\n|-crit|p2b: Landorus\n|-damage|p2b: Landorus|56\/100\n|-crit|p2b: Landorus\n|-damage|p2b: Landorus|26\/100\n|-crit|p2b: Landorus\n|-damage|p2b: Landorus|0 fnt\n|faint|p2b: Landorus\n|-hitcount|p2: Landorus|3\n|move|p1a: Big Girafarig|Dazzling Gleam|p2a: Urshifu\n|-supereffective|p2a: Urshifu\n|-damage|p2a: Urshifu|34\/100\n|\n|upkeep\n|turn|6\n|-message|Ampao forfeited.\n|\n|win|whyismynamejeff\n|raw|whyismynamejeff's rating: 1173 &rarr; <strong>1191<\/strong><br \/>(+18 for winning)\n|raw|Ampao's rating: 1067 &rarr; <strong>1053<\/strong><br \/>(-14 for losing)\n|l|\u2606Ampao\n","uploadtime":1701151652,"views":6,"p1id":"whyismynamejeff","p2id":"ampao","formatid":"gen9vgc2023regulatione","rating":1053,"private":0,"password":""}