{"id":"gen9vgc2023regulatione-1992062967","p1":"Neckbeard97","p2":"w0rkj0","format":"[Gen 9] VGC 2023 Regulation E","log":"|j|\u2606Neckbeard97\n|j|\u2606w0rkj0\n|t:|1700151968\n|gametype|doubles\n|player|p1|Neckbeard97|cyrus|1109\n|player|p2|w0rkj0|acetrainer-gen4|1152\n|teamsize|p1|6\n|teamsize|p2|6\n|gen|9\n|tier|[Gen 9] VGC 2023 Regulation E\n|rated|\n|rule|Species Clause: Limit one of each Pok\u00e9mon\n|rule|Item Clause: Limit one of each item\n|clearpoke\n|poke|p1|Gyarados, L50, M|\n|poke|p1|Amoonguss, L50, F|\n|poke|p1|Dragonite, L50, F|\n|poke|p1|Iron Bundle, L50|\n|poke|p1|Politoed, L50, M|\n|poke|p1|Overqwil, L50, F|\n|poke|p2|Landorus, L50, M|\n|poke|p2|Clefairy, L50, F|\n|poke|p2|Arcanine-Hisui, L50, F|\n|poke|p2|Ogerpon-Wellspring, L50, F|\n|poke|p2|Roaring Moon, L50|\n|poke|p2|Iron Hands, L50|\n|teampreview|4\n|inactive|Battle timer is ON: inactive players will automatically lose when time's up. (requested by Neckbeard97)\n|\n|t:|1700152048\n|start\n|switch|p1a: Gyarados|Gyarados, L50, M|100\/100\n|switch|p1b: Overqwil|Overqwil, L50, F|100\/100\n|switch|p2a: Ogerpon|Ogerpon-Wellspring, L50, F|100\/100\n|switch|p2b: Roaring Moon|Roaring Moon, L50|100\/100\n|-ability|p1b: Overqwil|Intimidate|boost\n|-unboost|p2a: Ogerpon|atk|1\n|-unboost|p2b: Roaring Moon|atk|1\n|-ability|p1a: Gyarados|Intimidate|boost\n|-unboost|p2a: Ogerpon|atk|1\n|-unboost|p2b: Roaring Moon|atk|1\n|-enditem|p2b: Roaring Moon|Booster Energy\n|-activate|p2b: Roaring Moon|ability: Protosynthesis|[fromitem]\n|-start|p2b: Roaring Moon|protosynthesisspe\n|turn|1\n|inactive|w0rkj0 has 30 seconds left.\n|inactive|w0rkj0 has 20 seconds left.\n|\n|t:|1700152084\n|move|p2b: Roaring Moon|Protect|p2b: Roaring Moon\n|-singleturn|p2b: Roaring Moon|Protect\n|move|p2a: Ogerpon|Spiky Shield|p2a: Ogerpon\n|-singleturn|p2a: Ogerpon|move: Protect\n|move|p1b: Overqwil|Gunk Shot|p2a: Ogerpon\n|-activate|p2a: Ogerpon|move: Protect\n|move|p1a: Gyarados|Thunder Wave|p2b: Roaring Moon\n|-activate|p2b: Roaring Moon|move: Protect\n|\n|upkeep\n|turn|2\n|inactive|Neckbeard97 has 30 seconds left.\n|inactive|w0rkj0 has 30 seconds left.\n|inactive|w0rkj0 has 20 seconds left.\n|inactive|w0rkj0 has 15 seconds left.\n|\n|t:|1700152126\n|-end|p2b: Roaring Moon|Protosynthesis|[silent]\n|switch|p2b: Iron Hands|Iron Hands, L50|100\/100\n|move|p2a: Ogerpon|Spiky Shield||[still]\n|-fail|p2a: Ogerpon\n|move|p1b: Overqwil|Gunk Shot|p2a: Ogerpon\n|-supereffective|p2a: Ogerpon\n|-damage|p2a: Ogerpon|0 fnt\n|faint|p2a: Ogerpon\n|-damage|p1b: Overqwil|91\/100|[from] item: Life Orb\n|move|p1a: Gyarados|Thunder Wave|p2b: Iron Hands\n|-immune|p2b: Iron Hands\n|\n|upkeep\n|\n|t:|1700152149\n|switch|p2a: Roaring Moon|Roaring Moon, L50|100\/100\n|turn|3\n|inactive|w0rkj0 has 30 seconds left.\n|inactive|w0rkj0 has 20 seconds left.\n|inactive|w0rkj0 has 15 seconds left.\n|\n|t:|1700152189\n|-terastallize|p1a: Gyarados|Ground\n|move|p2a: Roaring Moon|Knock Off|p1b: Overqwil\n|-resisted|p1b: Overqwil\n|-damage|p1b: Overqwil|58\/100\n|-enditem|p1b: Overqwil|Life Orb|[from] move: Knock Off|[of] p2a: Roaring Moon\n|move|p1b: Overqwil|Gunk Shot|p2b: Iron Hands\n|-damage|p2b: Iron Hands|61\/100\n|move|p1a: Gyarados|Thunder Wave|p2a: Roaring Moon\n|-status|p2a: Roaring Moon|par\n|move|p2b: Iron Hands|Wild Charge|p1a: Gyarados\n|-immune|p1a: Gyarados\n|\n|upkeep\n|turn|4\n|inactive|w0rkj0 has 30 seconds left.\n|\n|t:|1700152216\n|move|p1a: Gyarados|Helping Hand|p1b: Overqwil\n|-singleturn|p1b: Overqwil|Helping Hand|[of] p1a: Gyarados\n|move|p1b: Overqwil|Gunk Shot|p2b: Iron Hands|[miss]\n|-miss|p1b: Overqwil|p2b: Iron Hands\n|move|p2a: Roaring Moon|Tailwind|p2a: Roaring Moon\n|-sidestart|p2: w0rkj0|move: Tailwind\n|move|p2b: Iron Hands|Drain Punch|p1a: Gyarados\n|-damage|p1a: Gyarados|53\/100\n|-heal|p2b: Iron Hands|82\/100|[from] drain|[of] p1a: Gyarados\n|\n|-heal|p1a: Gyarados|59\/100|[from] item: Leftovers\n|upkeep\n|turn|5\n|inactive|w0rkj0 has 30 seconds left.\n|inactive|w0rkj0 has 20 seconds left.\n|inactive|w0rkj0 has 15 seconds left.\n|\n|t:|1700152260\n|move|p1a: Gyarados|Helping Hand|p1b: Overqwil\n|-singleturn|p1b: Overqwil|Helping Hand|[of] p1a: Gyarados\n|move|p2a: Roaring Moon|Knock Off|p1a: Gyarados\n|-damage|p1a: Gyarados|6\/100\n|-enditem|p1a: Gyarados|Leftovers|[from] move: Knock Off|[of] p2a: Roaring Moon\n|move|p2b: Iron Hands|Drain Punch|p1a: Gyarados\n|-damage|p1a: Gyarados|0 fnt\n|-heal|p2b: Iron Hands|84\/100|[from] drain|[of] p1a: Gyarados\n|faint|p1a: Gyarados\n|move|p1b: Overqwil|Gunk Shot|p2b: Iron Hands\n|-damage|p2b: Iron Hands|23\/100\n|-status|p2b: Iron Hands|psn\n|\n|-damage|p2b: Iron Hands|11\/100 psn|[from] psn\n|upkeep\n|\n|t:|1700152277\n|switch|p1a: Iron Bundle|Iron Bundle, L50|100\/100\n|turn|6\n|inactive|w0rkj0 has 30 seconds left.\n|inactive|w0rkj0 has 20 seconds left.\n|inactive|w0rkj0 has 15 seconds left.\n|inactive|w0rkj0 has 10 seconds left.\n|inactive|w0rkj0 has 5 seconds left.\n|\n|t:|1700152330\n|-terastallize|p2a: Roaring Moon|Flying\n|move|p1a: Iron Bundle|Protect|p1a: Iron Bundle\n|-singleturn|p1a: Iron Bundle|Protect\n|move|p2a: Roaring Moon|Acrobatics|p1b: Overqwil\n|-damage|p1b: Overqwil|0 fnt\n|faint|p1b: Overqwil\n|move|p2b: Iron Hands|Drain Punch|p1a: Iron Bundle\n|-activate|p1a: Iron Bundle|move: Protect\n|\n|-damage|p2b: Iron Hands|0 fnt|[from] psn\n|faint|p2b: Iron Hands\n|-end|p2b: Iron Hands|Quark Drive|[silent]\n|upkeep\n|\n|t:|1700152344\n|switch|p1b: Dragonite|Dragonite, L50, F|100\/100\n|switch|p2b: Clefairy|Clefairy, L50, F|100\/100\n|turn|7\n|inactive|Neckbeard97 has 30 seconds left.\n|inactive|w0rkj0 has 30 seconds left.\n|inactive|Neckbeard97 has 20 seconds left.\n|inactive|w0rkj0 has 20 seconds left.\n|inactive|Neckbeard97 has 15 seconds left.\n|inactive|w0rkj0 has 15 seconds left.\n|inactive|Neckbeard97 has 10 seconds left.\n|inactive|Neckbeard97 has 5 seconds left.\n|\n|t:|1700152395\n|move|p2a: Roaring Moon|Protect|p2a: Roaring Moon\n|-singleturn|p2a: Roaring Moon|Protect\n|move|p2b: Clefairy|Protect|p2b: Clefairy\n|-singleturn|p2b: Clefairy|Protect\n|move|p1a: Iron Bundle|Icy Wind|p2a: Roaring Moon|[spread] \n|-activate|p2a: Roaring Moon|move: Protect\n|-activate|p2b: Clefairy|move: Protect\n|move|p1b: Dragonite|Ice Spinner|p2a: Roaring Moon\n|-activate|p2a: Roaring Moon|move: Protect\n|\n|-sideend|p2: w0rkj0|move: Tailwind\n|upkeep\n|turn|8\n|inactive|w0rkj0 has 30 seconds left.\n|\n|t:|1700152421\n|move|p2b: Clefairy|Follow Me|p2b: Clefairy\n|-singleturn|p2b: Clefairy|move: Follow Me\n|move|p1a: Iron Bundle|Icy Wind|p2b: Clefairy|[spread] p2a,p2b\n|-supereffective|p2a: Roaring Moon\n|-damage|p2a: Roaring Moon|71\/100 par\n|-damage|p2b: Clefairy|84\/100\n|-unboost|p2a: Roaring Moon|spe|1\n|-unboost|p2b: Clefairy|spe|1\n|move|p1b: Dragonite|Ice Spinner|p2b: Clefairy\n|-damage|p2b: Clefairy|45\/100\n|move|p2a: Roaring Moon|Tailwind|p2a: Roaring Moon\n|-sidestart|p2: w0rkj0|move: Tailwind\n|\n|upkeep\n|turn|9\n|inactive|w0rkj0 has 30 seconds left.\n|inactive|w0rkj0 has 20 seconds left.\n|inactive|w0rkj0 has 15 seconds left.\n|inactive|w0rkj0 has 10 seconds left.\n|inactive|w0rkj0 has 5 seconds left.\n|\n|t:|1700152476\n|move|p2b: Clefairy|Follow Me|p2b: Clefairy\n|-singleturn|p2b: Clefairy|move: Follow Me\n|move|p1a: Iron Bundle|Icy Wind|p2b: Clefairy|[spread] p2a,p2b\n|-supereffective|p2a: Roaring Moon\n|-damage|p2a: Roaring Moon|39\/100 par\n|-damage|p2b: Clefairy|27\/100\n|-unboost|p2a: Roaring Moon|spe|1\n|-unboost|p2b: Clefairy|spe|1\n|move|p1b: Dragonite|Ice Spinner|p2b: Clefairy\n|-damage|p2b: Clefairy|0 fnt\n|faint|p2b: Clefairy\n|move|p2a: Roaring Moon|Tailwind||[still]\n|-fail|p2a: Roaring Moon\n|\n|upkeep\n|turn|10\n|inactive|w0rkj0 has 30 seconds left.\n|\n|t:|1700152490\n|move|p1a: Iron Bundle|Freeze-Dry|p2a: Roaring Moon\n|-supereffective|p2a: Roaring Moon\n|-damage|p2a: Roaring Moon|0 fnt\n|faint|p2a: Roaring Moon\n|-end|p2a: Roaring Moon|Protosynthesis|[silent]\n|\n|win|Neckbeard97\n|inactive|w0rkj0 has 30 seconds left this turn.\n|raw|Neckbeard97's rating: 1109 &rarr; <strong>1137<\/strong><br \/>(+28 for winning)\n|raw|w0rkj0's rating: 1152 &rarr; <strong>1124<\/strong><br \/>(-28 for losing)\n","uploadtime":1700152498,"views":17,"p1id":"neckbeard97","p2id":"w0rkj0","formatid":"gen9vgc2023regulatione","rating":1124,"private":0,"password":""}