{"id":"gen9vgc2023regulatione-1999184326","p1":"Typonese","p2":"SaintFelipe","format":"[Gen 9] VGC 2023 Regulation E","log":"|j|\u2606Typonese\n|j|\u2606SaintFelipe\n|t:|1701042653\n|gametype|doubles\n|player|p1|Typonese|acetrainerf-gen4|1274\n|player|p2|SaintFelipe|swimmerf|1307\n|teamsize|p1|6\n|teamsize|p2|6\n|gen|9\n|tier|[Gen 9] VGC 2023 Regulation E\n|rated|\n|rule|Species Clause: Limit one of each Pok\u00e9mon\n|rule|Item Clause: Limit one of each item\n|clearpoke\n|poke|p1|Iron Hands, L50|\n|poke|p1|Arcanine-Hisui, L50, M|\n|poke|p1|Gholdengo, L50|\n|poke|p1|Tornadus, L50, M|\n|poke|p1|Urshifu-*, L50, M|\n|poke|p1|Amoonguss, L50, M|\n|poke|p2|Rillaboom, L50, M|\n|poke|p2|Heatran, L50, F|\n|poke|p2|Tyranitar, L50, F|\n|poke|p2|Flutter Mane, L50|\n|poke|p2|Landorus-Therian, L50, M|\n|poke|p2|Ogerpon-Wellspring, L50, F|\n|teampreview|4\n|inactive|Battle timer is ON: inactive players will automatically lose when time's up. (requested by SaintFelipe)\n|\n|t:|1701042714\n|start\n|switch|p1a: Iron Hands|Iron Hands, L50|100\/100\n|switch|p1b: Arcanine|Arcanine-Hisui, L50, M|100\/100\n|switch|p2a: Rillaboom|Rillaboom, L50, M|100\/100\n|switch|p2b: Ogerpon|Ogerpon-Wellspring, L50, F|100\/100\n|-ability|p1b: Arcanine|Intimidate|boost\n|-unboost|p2a: Rillaboom|atk|1\n|-unboost|p2b: Ogerpon|atk|1\n|-fieldstart|move: Grassy Terrain|[from] ability: Grassy Surge|[of] p2a: Rillaboom\n|turn|1\n|inactive|Typonese has 30 seconds left.\n|inactive|SaintFelipe has 30 seconds left.\n|inactive|SaintFelipe has 20 seconds left.\n|inactive|Typonese has 20 seconds left.\n|inactive|SaintFelipe has 15 seconds left.\n|inactive|SaintFelipe has 10 seconds left.\n|\n|t:|1701042761\n|-terastallize|p1b: Arcanine|Fairy\n|move|p2a: Rillaboom|Fake Out|p1b: Arcanine\n|-damage|p1b: Arcanine|88\/100\n|move|p2b: Ogerpon|Ivy Cudgel|p1b: Arcanine|[anim] Ivy Cudgel Water\n|-damage|p1b: Arcanine|41\/100\n|cant|p1b: Arcanine|flinch\n|move|p1a: Iron Hands|Drain Punch|p2a: Rillaboom\n|-damage|p2a: Rillaboom|64\/100\n|\n|-heal|p1b: Arcanine|47\/100|[from] Grassy Terrain\n|-heal|p2a: Rillaboom|70\/100|[from] Grassy Terrain\n|upkeep\n|turn|2\n|inactive|SaintFelipe has 30 seconds left.\n|\n|t:|1701042792\n|switch|p1b: Tornadus|Tornadus, L50, M|100\/100\n|move|p2b: Ogerpon|Ivy Cudgel|p1b: Tornadus|[anim] Ivy Cudgel Water\n|-damage|p1b: Tornadus|57\/100\n|move|p2a: Rillaboom|High Horsepower|p1a: Iron Hands\n|-supereffective|p1a: Iron Hands\n|-damage|p1a: Iron Hands|71\/100\n|move|p1a: Iron Hands|Wild Charge|p2b: Ogerpon\n|-damage|p2b: Ogerpon|29\/100\n|-damage|p1a: Iron Hands|60\/100|[from] Recoil\n|\n|-heal|p2b: Ogerpon|35\/100|[from] Grassy Terrain\n|-heal|p2a: Rillaboom|76\/100|[from] Grassy Terrain\n|-heal|p1a: Iron Hands|66\/100|[from] Grassy Terrain\n|upkeep\n|turn|3\n|inactive|SaintFelipe has 30 seconds left.\n|inactive|Typonese has 30 seconds left.\n|\n|t:|1701042826\n|switch|p2a: Landorus|Landorus-Therian, L50, M|100\/100\n|-ability|p2a: Landorus|Intimidate|boost\n|-unboost|p1a: Iron Hands|atk|1\n|-unboost|p1b: Tornadus|atk|1\n|move|p1b: Tornadus|Tailwind|p1b: Tornadus\n|-sidestart|p1: Typonese|move: Tailwind\n|move|p2b: Ogerpon|Ivy Cudgel|p1b: Tornadus|[anim] Ivy Cudgel Water\n|-damage|p1b: Tornadus|12\/100\n|move|p1a: Iron Hands|Drain Punch|p2a: Landorus\n|-resisted|p2a: Landorus\n|-damage|p2a: Landorus|83\/100\n|-heal|p1a: Iron Hands|71\/100|[from] drain|[of] p2a: Landorus\n|\n|-heal|p2b: Ogerpon|40\/100|[from] Grassy Terrain\n|-heal|p1a: Iron Hands|77\/100|[from] Grassy Terrain\n|upkeep\n|turn|4\n|\n|t:|1701042849\n|switch|p2b: Rillaboom|Rillaboom, L50, M|76\/100\n|move|p1b: Tornadus|Bleakwind Storm|p2b: Rillaboom|[spread] p2a,p2b\n|-supereffective|p2b: Rillaboom\n|-damage|p2a: Landorus|46\/100\n|-damage|p2b: Rillaboom|27\/100\n|move|p2a: Landorus|Nasty Plot|p2a: Landorus\n|-boost|p2a: Landorus|spa|2\n|move|p1a: Iron Hands|Wild Charge|p2b: Rillaboom\n|-resisted|p2b: Rillaboom\n|-damage|p2b: Rillaboom|13\/100\n|-damage|p1a: Iron Hands|75\/100|[from] Recoil\n|\n|-heal|p1a: Iron Hands|81\/100|[from] Grassy Terrain\n|-heal|p2b: Rillaboom|18\/100|[from] Grassy Terrain\n|upkeep\n|turn|5\n|inactive|Typonese has 30 seconds left.\n|\n|t:|1701042880\n|move|p1b: Tornadus|Protect|p1b: Tornadus\n|-singleturn|p1b: Tornadus|Protect\n|move|p2b: Rillaboom|Grassy Glide|p1b: Tornadus\n|-activate|p1b: Tornadus|move: Protect\n|move|p2a: Landorus|Sandsear Storm|p1a: Iron Hands|[spread] p1a\n|-activate|p1b: Tornadus|move: Protect\n|-supereffective|p1a: Iron Hands\n|-damage|p1a: Iron Hands|0 fnt\n|faint|p1a: Iron Hands\n|-end|p1a: Iron Hands|Quark Drive|[silent]\n|-damage|p2a: Landorus|36\/100|[from] item: Life Orb\n|\n|-heal|p2b: Rillaboom|24\/100|[from] Grassy Terrain\n|-fieldend|move: Grassy Terrain\n|upkeep\n|\n|t:|1701042889\n|switch|p1a: Urshifu|Urshifu-Rapid-Strike, L50, M|100\/100\n|turn|6\n|\n|t:|1701042910\n|switch|p2a: Ogerpon|Ogerpon-Wellspring, L50, F|40\/100\n|switch|p2b: Heatran|Heatran, L50, F|100\/100\n|move|p1b: Tornadus|Bleakwind Storm|p2b: Heatran|[spread] p2a,p2b\n|-supereffective|p2a: Ogerpon\n|-resisted|p2b: Heatran\n|-damage|p2a: Ogerpon|0 fnt\n|-damage|p2b: Heatran|88\/100\n|-unboost|p2b: Heatran|spe|1\n|faint|p2a: Ogerpon\n|move|p1a: Urshifu|Surging Strikes|p2b: Heatran\n|-supereffective|p2b: Heatran\n|-crit|p2b: Heatran\n|-damage|p2b: Heatran|44\/100\n|-supereffective|p2b: Heatran\n|-crit|p2b: Heatran\n|-damage|p2b: Heatran|1\/100\n|-supereffective|p2b: Heatran\n|-crit|p2b: Heatran\n|-damage|p2b: Heatran|0 fnt\n|faint|p2b: Heatran\n|-hitcount|p2: Heatran|3\n|\n|-sideend|p1: Typonese|move: Tailwind\n|upkeep\n|\n|t:|1701042914\n|switch|p2a: Landorus|Landorus-Therian, L50, M|36\/100\n|switch|p2b: Rillaboom|Rillaboom, L50, M|24\/100\n|-ability|p2a: Landorus|Intimidate|boost\n|-unboost|p1a: Urshifu|atk|1\n|-unboost|p1b: Tornadus|atk|1\n|-fieldstart|move: Grassy Terrain|[from] ability: Grassy Surge|[of] p2b: Rillaboom\n|turn|7\n|\n|t:|1701042936\n|move|p1b: Tornadus|Protect|p1b: Tornadus\n|-singleturn|p1b: Tornadus|Protect\n|move|p1a: Urshifu|Detect|p1a: Urshifu\n|-singleturn|p1a: Urshifu|Protect\n|move|p2b: Rillaboom|Grassy Glide|p1b: Tornadus\n|-activate|p1b: Tornadus|move: Protect\n|move|p2a: Landorus|Sandsear Storm|p1b: Tornadus|[spread] \n|-activate|p1a: Urshifu|move: Protect\n|-activate|p1b: Tornadus|move: Protect\n|\n|-heal|p2b: Rillaboom|30\/100|[from] Grassy Terrain\n|upkeep\n|turn|8\n|\n|t:|1701042957\n|-terastallize|p2b: Rillaboom|Grass\n|move|p1b: Tornadus|Rain Dance|p1b: Tornadus\n|-weather|RainDance\n|move|p1a: Urshifu|Aqua Jet|p2a: Landorus\n|-supereffective|p2a: Landorus\n|-damage|p2a: Landorus|0 fnt\n|faint|p2a: Landorus\n|move|p2b: Rillaboom|Grassy Glide|p1a: Urshifu\n|-supereffective|p1a: Urshifu\n|-damage|p1a: Urshifu|0 fnt\n|faint|p1a: Urshifu\n|\n|-weather|RainDance|[upkeep]\n|-heal|p2b: Rillaboom|36\/100|[from] Grassy Terrain\n|upkeep\n|\n|t:|1701042962\n|switch|p1a: Arcanine|Arcanine-Hisui, L50, M, tera:Fairy|47\/100\n|-ability|p1a: Arcanine|Intimidate|boost\n|-unboost|p2b: Rillaboom|atk|1\n|turn|9\n|\n|t:|1701042973\n|move|p1a: Arcanine|Extreme Speed|p2b: Rillaboom\n|-damage|p2b: Rillaboom|0 fnt\n|faint|p2b: Rillaboom\n|\n|win|Typonese\n|raw|Typonese's rating: 1274 &rarr; <strong>1301<\/strong><br \/>(+27 for winning)\n|raw|SaintFelipe's rating: 1307 &rarr; <strong>1285<\/strong><br \/>(-22 for losing)\n|l|\u2606SaintFelipe\n","uploadtime":1701042983,"views":4,"p1id":"typonese","p2id":"saintfelipe","formatid":"gen9vgc2023regulatione","rating":1285,"private":0,"password":""}