{"id":"gen9vgc2023regulatione-1998596377","p1":"huxley187","p2":"KicksGG","format":"[Gen 9] VGC 2023 Regulation E","log":"|j|\u2606huxley187\n|j|\u2606KicksGG\n|n|\u2606huxley187|huxley187\n|n|\u2606KicksGG|kicksgg\n|html|View the match progress at <a href=\"\/game-bestof3-gen9vgc2023regulatione-1998593770\">game-bestof3-gen9vgc2023regulatione-1998593770<\/a>\n|t:|1700960904\n|gametype|doubles\n|player|p1|huxley187|2|\n|player|p2|KicksGG|2|\n|teamsize|p1|6\n|teamsize|p2|6\n|gen|9\n|tier|[Gen 9] VGC 2023 Regulation E\n|rule|Species Clause: Limit one of each Pok\u00e9mon\n|rule|Item Clause: Limit one of each item\n|clearpoke\n|poke|p1|Armarouge, L50, M|\n|poke|p1|Indeedee-F, L50, F|\n|poke|p1|Urshifu-*, L50, F|\n|poke|p1|Volcarona, L50, M|\n|poke|p1|Gallade, L50, M|\n|poke|p1|Hawlucha, L50, F|\n|poke|p2|Amoonguss, L50, F|\n|poke|p2|Roaring Moon, L50|\n|poke|p2|Farigiraf, L50, F|\n|poke|p2|Glimmora, L50, F|\n|poke|p2|Crawdaunt, L50, F|\n|poke|p2|Heracross, L50, F|\n|teampreview|4\nhuxley187 rejected open team sheets.\n|c|\u2606huxley187|g2 glhf\n|c|\u2606KicksGG|glhf\n|j| Lkynmbr24\n|\n|t:|1700960981\n|start\n|switch|p1a: Psyspam dancer|Volcarona, L50, M|100\/100\n|switch|p1b: PsyspamAppreciator|Urshifu, L50, F|100\/100\n|switch|p2a: Amoonguss|Amoonguss, L50, F|100\/100\n|switch|p2b: Crawdaunt|Crawdaunt, L50, F|100\/100\n|turn|1\n|\n|t:|1700961028\n|-terastallize|p1a: Psyspam dancer|Steel\n|move|p2a: Amoonguss|Rage Powder|p2a: Amoonguss\n|-singleturn|p2a: Amoonguss|move: Rage Powder\n|move|p1b: PsyspamAppreciator|Ice Punch|p2a: Amoonguss\n|-supereffective|p2a: Amoonguss\n|-damage|p2a: Amoonguss|61\/100\n|move|p1a: Psyspam dancer|Quiver Dance|p1a: Psyspam dancer\n|-boost|p1a: Psyspam dancer|spa|1\n|-boost|p1a: Psyspam dancer|spd|1\n|-boost|p1a: Psyspam dancer|spe|1\n|move|p2b: Crawdaunt|Swords Dance|p2b: Crawdaunt\n|-boost|p2b: Crawdaunt|atk|2\n|\n|upkeep\n|turn|2\n|\n|t:|1700961113\n|move|p2b: Crawdaunt|Aqua Jet|p1a: Psyspam dancer\n|-damage|p1a: Psyspam dancer|17\/100\n|-damage|p2b: Crawdaunt|90\/100|[from] item: Life Orb\n|move|p1a: Psyspam dancer|Flamethrower|p2a: Amoonguss\n|-supereffective|p2a: Amoonguss\n|-damage|p2a: Amoonguss|0 fnt\n|faint|p2a: Amoonguss\n|move|p1b: PsyspamAppreciator|Close Combat|p2b: Crawdaunt\n|-supereffective|p2b: Crawdaunt\n|-damage|p2b: Crawdaunt|0 fnt\n|-unboost|p1b: PsyspamAppreciator|def|1\n|-unboost|p1b: PsyspamAppreciator|spd|1\n|faint|p2b: Crawdaunt\n|\n|-heal|p1a: Psyspam dancer|23\/100|[from] item: Leftovers\n|upkeep\n|\n|t:|1700961128\n|switch|p2b: Glimmora|Glimmora, L50, F|100\/100\n|switch|p2a: Roaring Moon|Roaring Moon, L50|100\/100\n|-enditem|p2a: Roaring Moon|Booster Energy\n|-activate|p2a: Roaring Moon|ability: Protosynthesis|[fromitem]\n|-start|p2a: Roaring Moon|protosynthesisspe\n|turn|3\n|\n|t:|1700961180\n|-terastallize|p2a: Roaring Moon|Flying\n|move|p2b: Glimmora|Spiky Shield|p2b: Glimmora\n|-singleturn|p2b: Glimmora|move: Protect\n|move|p2a: Roaring Moon|Acrobatics|p1a: Psyspam dancer\n|-resisted|p1a: Psyspam dancer\n|-damage|p1a: Psyspam dancer|0 fnt\n|faint|p1a: Psyspam dancer\n|move|p1b: PsyspamAppreciator|Close Combat|p2a: Roaring Moon\n|-resisted|p2a: Roaring Moon\n|-damage|p2a: Roaring Moon|61\/100\n|-unboost|p1b: PsyspamAppreciator|def|1\n|-unboost|p1b: PsyspamAppreciator|spd|1\n|\n|upkeep\n|j| Raikia\n|c|\u2606KicksGG|im using a laptop and meant to tera crawdaunt lmfao\n|\n|t:|1700961190\n|switch|p1a: AveragePsyspamFan|Armarouge, L50, M|100\/100\n|turn|4\n|c|\u2606huxley187|oop rip\n|\n|t:|1700961228\n|move|p2a: Roaring Moon|Acrobatics|p1b: PsyspamAppreciator\n|-supereffective|p1b: PsyspamAppreciator\n|-damage|p1b: PsyspamAppreciator|0 fnt\n|faint|p1b: PsyspamAppreciator\n|move|p2b: Glimmora|Power Gem|p1a: AveragePsyspamFan\n|-supereffective|p1a: AveragePsyspamFan\n|-damage|p1a: AveragePsyspamFan|0 fnt\n|faint|p1a: AveragePsyspamFan\n|\n|upkeep\n|\n|t:|1700961237\n|switch|p1a: Psyspam cutter|Gallade, L50, M|100\/100\n|turn|5\n|c|\u2606huxley187|wasnt expecting glimmora to outspeed tbh\n|\n|t:|1700961256\n|move|p2a: Roaring Moon|Acrobatics|p1a: Psyspam cutter\n|-supereffective|p1a: Psyspam cutter\n|-damage|p1a: Psyspam cutter|0 fnt\n|faint|p1a: Psyspam cutter\n|\n|win|KicksGG\n|c|\u2606huxley187|gg\n|c| Lkynmbr24|Glimm's pretty fast\n|c|\u2606KicksGG|GGs\n|l| Raikia\n|c|\u2606KicksGG|timid glimm\n|c|\u2606KicksGG|with 252 speed\n|c| Lkynmbr24|Damn\n|c| Lkynmbr24|I'm guessing Sash then?\n|c|\u2606KicksGG|youd be right lol\n|c| Lkynmbr24|Fair xD\n|l| Lkynmbr24\n","uploadtime":1700961575,"views":12,"p1id":"huxley187","p2id":"kicksgg","formatid":"gen9vgc2023regulatione","rating":0,"private":0,"password":""}