{"id":"gen9vgc2023regulatione-1993256029","p1":"Juanber13","p2":"GreenRangerFan1","format":"[Gen 9] VGC 2023 Regulation E","log":"|j|\u2606Juanber13\n|j|\u2606GreenRangerFan1\n|t:|1700285171\n|gametype|doubles\n|player|p1|Juanber13|2|1058\n|player|p2|GreenRangerFan1|swimmer-gen4dp|1134\n|teamsize|p1|6\n|teamsize|p2|6\n|gen|9\n|tier|[Gen 9] VGC 2023 Regulation E\n|rated|\n|rule|Species Clause: Limit one of each Pok\u00e9mon\n|rule|Item Clause: Limit one of each item\n|clearpoke\n|poke|p1|Lilligant-Hisui, L50, F|\n|poke|p1|Torkoal, L50, M|\n|poke|p1|Tinkaton, L50, F|\n|poke|p1|Goodra, L50, F|\n|poke|p1|Ogerpon-Hearthflame, L50, F|\n|poke|p1|Clefable, L50, F|\n|poke|p2|Arcanine-Hisui, L50, M|\n|poke|p2|Milotic, L50, F|\n|poke|p2|Sinistcha, L50|\n|poke|p2|Iron Hands, L50|\n|poke|p2|Roaring Moon, L50|\n|poke|p2|Tornadus, L50, M|\n|teampreview|4\n|\n|t:|1700285230\n|start\n|switch|p1a: Tinkaton|Tinkaton, L50, F|100\/100\n|switch|p1b: Ogerpon|Ogerpon-Hearthflame, L50, F|100\/100\n|switch|p2a: Arcanine|Arcanine-Hisui, L50, M|100\/100\n|switch|p2b: Iron Hands|Iron Hands, L50|100\/100\n|-ability|p1b: Ogerpon|Mold Breaker\n|-ability|p2a: Arcanine|Intimidate|boost\n|-fail|p1a: Tinkaton|unboost|Attack|[from] ability: Own Tempo|[of] p1a: Tinkaton\n|-unboost|p1b: Ogerpon|atk|1\n|turn|1\n|\n|t:|1700285272\n|move|p1a: Tinkaton|Fake Out|p2a: Arcanine\n|-resisted|p2a: Arcanine\n|-damage|p2a: Arcanine|94\/100\n|move|p2b: Iron Hands|Fake Out|p1b: Ogerpon\n|-damage|p1b: Ogerpon|80\/100\n|cant|p1b: Ogerpon|flinch\n|cant|p2a: Arcanine|flinch\n|\n|upkeep\n|turn|2\n|\n|t:|1700285319\n|switch|p2a: Roaring Moon|Roaring Moon, L50|100\/100\n|-enditem|p2a: Roaring Moon|Booster Energy\n|-activate|p2a: Roaring Moon|ability: Protosynthesis|[fromitem]\n|-start|p2a: Roaring Moon|protosynthesisatk\n|move|p1b: Ogerpon|Spiky Shield|p1b: Ogerpon\n|-singleturn|p1b: Ogerpon|move: Protect\n|move|p1a: Tinkaton|Gigaton Hammer|p2a: Roaring Moon\n|-damage|p2a: Roaring Moon|24\/100\n|move|p2b: Iron Hands|Drain Punch|p1b: Ogerpon\n|-activate|p1b: Ogerpon|move: Protect\n|-damage|p2b: Iron Hands|88\/100|[from] Spiky Shield|[of] p1b: Ogerpon\n|\n|upkeep\n|turn|3\n|\n|t:|1700285353\n|-terastallize|p2a: Roaring Moon|Flying\n|move|p1b: Ogerpon|Ivy Cudgel|p2a: Roaring Moon|[anim] Ivy Cudgel Fire\n|-damage|p2a: Roaring Moon|0 fnt\n|faint|p2a: Roaring Moon\n|-end|p2a: Roaring Moon|Protosynthesis|[silent]\n|move|p1a: Tinkaton|Play Rough|p2b: Iron Hands|[miss]\n|-miss|p1a: Tinkaton|p2b: Iron Hands\n|move|p2b: Iron Hands|Heavy Slam|p1a: Tinkaton\n|-damage|p1a: Tinkaton|57\/100\n|\n|upkeep\n|\n|t:|1700285366\n|switch|p2a: Milotic|Milotic, L50, F|100\/100\n|turn|4\n|\n|t:|1700285385\n|move|p1b: Ogerpon|Horn Leech|p2a: Milotic\n|-supereffective|p2a: Milotic\n|-damage|p2a: Milotic|42\/100\n|-heal|p1b: Ogerpon|100\/100|[from] drain|[of] p2a: Milotic\n|-enditem|p2a: Milotic|Sitrus Berry|[eat]\n|-heal|p2a: Milotic|67\/100|[from] item: Sitrus Berry\n|move|p1a: Tinkaton|Play Rough|p2b: Iron Hands\n|-supereffective|p2b: Iron Hands\n|-damage|p2b: Iron Hands|25\/100\n|move|p2a: Milotic|Scald|p1b: Ogerpon\n|-damage|p1b: Ogerpon|66\/100\n|move|p2b: Iron Hands|Wild Charge|p1b: Ogerpon\n|-resisted|p1b: Ogerpon\n|-damage|p1b: Ogerpon|31\/100\n|-damage|p2b: Iron Hands|19\/100|[from] Recoil\n|\n|upkeep\n|turn|5\n|-message|GreenRangerFan1 forfeited.\n|\n|win|Juanber13\n|raw|Juanber13's rating: 1058 &rarr; <strong>1096<\/strong><br \/>(+38 for winning)\n|raw|GreenRangerFan1's rating: 1134 &rarr; <strong>1104<\/strong><br \/>(-30 for losing)\n|l|\u2606GreenRangerFan1\n","uploadtime":1700285411,"views":11,"p1id":"juanber13","p2id":"greenrangerfan1","formatid":"gen9vgc2023regulatione","rating":1096,"private":0,"password":""}