{"id":"gen9vgc2023regulatione-1995948672","p1":"Splashy12","p2":"Abro hilo","format":"[Gen 9] VGC 2023 Regulation E","log":"|j|\u2606Splashy12\n|j|\u2606Abro hilo\n|n|\u2606Splashy12|splashy12\n|n|\u2606Abro hilo|abrohilo\n|html|View the match progress at <a href=\"\/game-bestof3-gen9vgc2023regulatione-1995945493\">game-bestof3-gen9vgc2023regulatione-1995945493<\/a>\n|t:|1700620867\n|gametype|doubles\n|player|p1|Splashy12|2|\n|player|p2|Abro hilo|pilot|\n|teamsize|p1|6\n|teamsize|p2|6\n|gen|9\n|tier|[Gen 9] VGC 2023 Regulation E\n|rated|Tournament battle\n|rule|Species Clause: Limit one of each Pok\u00e9mon\n|rule|Item Clause: Limit one of each item\n|clearpoke\n|poke|p1|Electrode-Hisui, L50|\n|poke|p1|Farigiraf, L50, M|\n|poke|p1|Sinistcha-Masterpiece, L50|\n|poke|p1|Ursaluna-Bloodmoon, L50, M|\n|poke|p1|Arcanine-Hisui, L50, M|\n|poke|p1|Iron Hands, L50|\n|poke|p2|Ninetales-Alola, L50, M|\n|poke|p2|Empoleon, L50, M|\n|poke|p2|Roaring Moon, L50|\n|poke|p2|Sinistcha, L50|\n|poke|p2|Urshifu-*, L50, F|\n|poke|p2|Arcanine-Hisui, L50, M|\n|teampreview|4\n|showteam|p1|Electrode-Hisui||ChoiceSpecs|Aftermath|Chloroblast,LeafStorm,VoltSwitch,TeraBlast||||||50|,,,,,Ice]Farigiraf||SitrusBerry|ArmorTail|TrickRoom,DazzlingGleam,Roar,Protect|||M|||50|,,,,,Fairy]Sinistcha-Masterpiece||RockyHelmet|Hospitality|Protect,MatchaGotcha,RagePowder,StrengthSap||||||50|,,,,,Fire]Ursaluna-Bloodmoon||Leftovers|MindsEye|EarthPower,BloodMoon,Protect,CalmMind|||M|||50|,,,,,Ghost]Arcanine-Hisui||ChoiceBand|Intimidate|FlareBlitz,RockSlide,ExtremeSpeed,HeadSmash|||M|||50|,,,,,Ghost]Iron Hands||SafetyGoggles|QuarkDrive|FakeOut,DrainPunch,WildCharge,SwordsDance||||||50|,,,,,Grass\n|showteam|p2|Ninetales-Alola||LightClay|SnowWarning|AuroraVeil,Blizzard,Moonblast,Protect|||M|||50|,,,,,Ghost]Empoleon||AssaultVest|Competitive|IceBeam,HydroPump,FlashCannon,VacuumWave|||M|||50|,,,,,Grass]Roaring Moon||BoosterEnergy|Protosynthesis|Protect,Acrobatics,KnockOff,Tailwind||||||50|,,,,,Flying]Sinistcha||RockyHelmet|Hospitality|MatchaGotcha,StrengthSap,TrickRoom,RagePowder||||||50|,,,,,Water]Urshifu||FocusSash|UnseenFist|CloseCombat,WickedBlow,SuckerPunch,Protect|||F|||50|,,,,,Dark]Arcanine-Hisui||ChoiceBand|Intimidate|FlareBlitz,RockSlide,HeadSmash,TeraBlast|||M|||50|,,,,,Fairy\n|inactive|Battle timer is ON: inactive players will automatically lose when time's up. (requested by Splashy12)\n|\n|t:|1700620919\n|start\n|switch|p1a: Iron Hands|Iron Hands, L50|100\/100\n|switch|p1b: Farigiraf|Farigiraf, L50, M|100\/100\n|switch|p2a: Sinistcha|Sinistcha, L50|100\/100\n|switch|p2b: Urshifu|Urshifu, L50, F|100\/100\n|turn|1\n|\n|t:|1700620937\n|move|p2b: Urshifu|Protect|p2b: Urshifu\n|-singleturn|p2b: Urshifu|Protect\n|move|p1a: Iron Hands|Fake Out|p2b: Urshifu\n|-activate|p2b: Urshifu|move: Protect\n|move|p2a: Sinistcha|Trick Room|p2a: Sinistcha\n|-fieldstart|move: Trick Room|[of] p2a: Sinistcha\n|move|p1b: Farigiraf|Trick Room|p1b: Farigiraf\n|-fieldend|move: Trick Room\n|\n|upkeep\n|turn|2\n|\n|t:|1700620949\n|move|p2b: Urshifu|Wicked Blow|p1b: Farigiraf\n|-supereffective|p1b: Farigiraf\n|-crit|p1b: Farigiraf\n|-damage|p1b: Farigiraf|0 fnt\n|faint|p1b: Farigiraf\n|move|p2a: Sinistcha|Matcha Gotcha|p1a: Iron Hands\n|-damage|p1a: Iron Hands|64\/100\n|-status|p1a: Iron Hands|brn\n|move|p1a: Iron Hands|Drain Punch|p2b: Urshifu\n|-supereffective|p2b: Urshifu\n|-damage|p2b: Urshifu|52\/100\n|-heal|p1a: Iron Hands|81\/100 brn|[from] drain|[of] p2b: Urshifu\n|\n|-damage|p1a: Iron Hands|75\/100 brn|[from] brn\n|upkeep\n|\n|t:|1700620965\n|switch|p1b: Sinistcha|Sinistcha-Masterpiece, L50|100\/100\n|-heal|p1a: Iron Hands|99\/100 brn|[from] ability: Hospitality|[of] p1b: Sinistcha\n|turn|3\n|j| Juicy_Tanner2\n|inactive|Abro hilo has 30 seconds left.\n|inactive|Splashy12 has 30 seconds left.\n|inactive|Splashy12 has 20 seconds left.\n|\n|t:|1700621011\n|-terastallize|p1b: Sinistcha|Fire\n|move|p2a: Sinistcha|Rage Powder|p2a: Sinistcha\n|-singleturn|p2a: Sinistcha|move: Rage Powder\n|move|p2b: Urshifu|Wicked Blow|p1b: Sinistcha\n|-crit|p1b: Sinistcha\n|-damage|p1b: Sinistcha|46\/100\n|-damage|p2b: Urshifu|36\/100|[from] item: Rocky Helmet|[of] p1b: Sinistcha\n|move|p1b: Sinistcha|Matcha Gotcha|p2b: Urshifu|[spread] p2a,p2b\n|-resisted|p2a: Sinistcha\n|-damage|p2a: Sinistcha|83\/100\n|-heal|p1b: Sinistcha|55\/100|[from] drain|[of] p2a: Sinistcha\n|-damage|p2b: Urshifu|0 fnt\n|-heal|p1b: Sinistcha|72\/100|[from] drain|[of] p2b: Urshifu\n|-status|p2a: Sinistcha|brn\n|faint|p2b: Urshifu\n|move|p1a: Iron Hands|Drain Punch|p2a: Sinistcha\n|-immune|p2a: Sinistcha\n|\n|-damage|p2a: Sinistcha|77\/100 brn|[from] brn\n|-damage|p1a: Iron Hands|94\/100 brn|[from] brn\n|upkeep\n|\n|t:|1700621029\n|switch|p2b: Empoleon|Empoleon, L50, M|100\/100\n|turn|4\n|\n|t:|1700621046\n|move|p1b: Sinistcha|Protect|p1b: Sinistcha\n|-singleturn|p1b: Sinistcha|Protect\n|move|p2a: Sinistcha|Strength Sap|p1a: Iron Hands\n|-unboost|p1a: Iron Hands|atk|1\n|-heal|p2a: Sinistcha|100\/100 brn\n|move|p2b: Empoleon|Hydro Pump|p1b: Sinistcha\n|-activate|p1b: Sinistcha|move: Protect\n|move|p1a: Iron Hands|Wild Charge|p2b: Empoleon\n|-supereffective|p2b: Empoleon\n|-damage|p2b: Empoleon|65\/100\n|-damage|p1a: Iron Hands|87\/100 brn|[from] Recoil\n|\n|-damage|p2a: Sinistcha|94\/100 brn|[from] brn\n|-damage|p1a: Iron Hands|81\/100 brn|[from] brn\n|upkeep\n|turn|5\n|inactiveoff|Battle timer is now OFF.\n|inactive|Battle timer is ON: inactive players will automatically lose when time's up. (requested by Abro hilo)\n|j| WonJaeLeeBaby\n|l| WonJaeLeeBaby\n|inactive|Splashy12 has 30 seconds left.\n|\n|t:|1700621108\n|-end|p1a: Iron Hands|Quark Drive|[silent]\n|switch|p1a: Ursaluna|Ursaluna-Bloodmoon, L50, M|100\/100\n|move|p1b: Sinistcha|Matcha Gotcha|p2b: Empoleon|[spread] p2a\n|-miss|p1b: Sinistcha|p2b: Empoleon\n|-resisted|p2a: Sinistcha\n|-damage|p2a: Sinistcha|79\/100 brn\n|-heal|p1b: Sinistcha|80\/100|[from] drain|[of] p2a: Sinistcha\n|move|p2a: Sinistcha|Matcha Gotcha|p1a: Ursaluna|[spread] p1a\n|-miss|p2a: Sinistcha|p1b: Sinistcha\n|-supereffective|p1a: Ursaluna\n|-damage|p1a: Ursaluna|38\/100\n|-heal|p2a: Sinistcha|100\/100 brn|[from] drain|[of] p1a: Ursaluna\n|move|p2b: Empoleon|Hydro Pump|p1b: Sinistcha\n|-supereffective|p1b: Sinistcha\n|-damage|p1b: Sinistcha|0 fnt\n|faint|p1b: Sinistcha\n|\n|-heal|p1a: Ursaluna|44\/100|[from] item: Leftovers\n|-damage|p2a: Sinistcha|94\/100 brn|[from] brn\n|upkeep\n|\n|t:|1700621125\n|switch|p1b: Iron Hands|Iron Hands, L50|81\/100 brn\n|turn|6\n|\n|t:|1700621142\n|-terastallize|p2b: Empoleon|Grass\n|move|p1b: Iron Hands|Fake Out|p2b: Empoleon\n|-damage|p2b: Empoleon|57\/100\n|move|p2a: Sinistcha|Matcha Gotcha|p1b: Iron Hands|[spread] p1a,p1b\n|-supereffective|p1a: Ursaluna\n|-damage|p1a: Ursaluna|0 fnt\n|-heal|p2a: Sinistcha|100\/100 brn|[from] drain|[of] p1a: Ursaluna\n|-damage|p1b: Iron Hands|52\/100 brn\n|faint|p1a: Ursaluna\n|cant|p2b: Empoleon|flinch\n|\n|-damage|p2a: Sinistcha|94\/100 brn|[from] brn\n|-damage|p1b: Iron Hands|46\/100 brn|[from] brn\n|upkeep\n|turn|7\n|-message|Splashy12 forfeited.\n|\n|win|Abro hilo\n|l|\u2606Splashy12\n","uploadtime":1700621169,"views":4,"p1id":"splashy12","p2id":"abrohilo","formatid":"gen9vgc2023regulatione","rating":0,"private":0,"password":""}