{"id":"gen9vgc2023regulatione-1989354990","p1":"ditto237","p2":"BreadyTorus","format":"[Gen 9] VGC 2023 Regulation E","log":"|j|\u2606ditto237\n|j|\u2606BreadyTorus\n|t:|1699839992\n|gametype|doubles\n|player|p1|ditto237|rosa|1072\n|player|p2|BreadyTorus|unknown|1061\n|teamsize|p1|6\n|teamsize|p2|6\n|gen|9\n|tier|[Gen 9] VGC 2023 Regulation E\n|rated|\n|rule|Species Clause: Limit one of each Pok\u00e9mon\n|rule|Item Clause: Limit one of each item\n|clearpoke\n|poke|p1|Sinistcha, L50|\n|poke|p1|Chien-Pao, L50|\n|poke|p1|Flutter Mane, L50|\n|poke|p1|Landorus-Therian, L50, M|\n|poke|p1|Gholdengo, L50|\n|poke|p1|Iron Hands, L50|\n|poke|p2|Gallade, L50, M|\n|poke|p2|Drifblim, L50, M|\n|poke|p2|Ogerpon-Cornerstone, L50, F|\n|poke|p2|Scream Tail, L50|\n|poke|p2|Chi-Yu, L50|\n|poke|p2|Tornadus, L50, M|\n|teampreview|4\n|c|\u2606ditto237|glhf\nditto237 rejected open team sheets.\n|c|\u2606BreadyTorus|glhf\n|\n|t:|1699840058\n|start\n|switch|p1a: big hands|Iron Hands, L50|100\/100\n|switch|p1b: Mega Weavile|Chien-Pao, L50|100\/100\n|switch|p2a: Curl|Scream Tail, L50|100\/100\n|switch|p2b: Kracko|Tornadus, L50, M|100\/100\n|-ability|p1b: Mega Weavile|Sword of Ruin\n|turn|1\n|\n|t:|1699840089\n|move|p1a: big hands|Fake Out|p2a: Curl\n|-damage|p2a: Curl|81\/100\n|move|p2b: Kracko|Tailwind|p2b: Kracko\n|-sidestart|p2: BreadyTorus|move: Tailwind\n|cant|p2a: Curl|flinch\n|move|p1b: Mega Weavile|Ice Spinner|p2b: Kracko\n|-supereffective|p2b: Kracko\n|-damage|p2b: Kracko|0 fnt\n|faint|p2b: Kracko\n|\n|-heal|p2a: Curl|87\/100|[from] item: Leftovers\n|upkeep\n|\n|t:|1699840107\n|switch|p2b: Wham-Bam Rock|Ogerpon-Cornerstone, L50, F|100\/100\n|turn|2\n|\n|t:|1699840128\n|move|p2b: Wham-Bam Rock|Spiky Shield|p2b: Wham-Bam Rock\n|-singleturn|p2b: Wham-Bam Rock|move: Protect\n|move|p2a: Curl|Dazzling Gleam|p1b: Mega Weavile|[spread] p1a,p1b\n|-supereffective|p1a: big hands\n|-supereffective|p1b: Mega Weavile\n|-damage|p1a: big hands|77\/100\n|-damage|p1b: Mega Weavile|23\/100\n|move|p1b: Mega Weavile|Sacred Sword|p2b: Wham-Bam Rock\n|-activate|p2b: Wham-Bam Rock|move: Protect\n|-damage|p1b: Mega Weavile|11\/100|[from] Spiky Shield|[of] p2b: Wham-Bam Rock\n|move|p1a: big hands|Heavy Slam|p2a: Curl\n|-supereffective|p2a: Curl\n|-damage|p2a: Curl|0 fnt\n|faint|p2a: Curl\n|-end|p2a: Curl|Protosynthesis|[silent]\n|\n|upkeep\n|\n|t:|1699840145\n|switch|p2a: Helium|Gallade, L50, M|100\/100\n|turn|3\n|\n|t:|1699840166\n|move|p1b: Mega Weavile|Protect|p1b: Mega Weavile\n|-singleturn|p1b: Mega Weavile|Protect\n|move|p2b: Wham-Bam Rock|Knock Off|p1b: Mega Weavile\n|-activate|p1b: Mega Weavile|move: Protect\n|move|p2a: Helium|Psycho Cut|p1a: big hands\n|-supereffective|p1a: big hands\n|-damage|p1a: big hands|0 fnt\n|faint|p1a: big hands\n|-end|p1a: big hands|Quark Drive|[silent]\n|\n|upkeep\n|\n|t:|1699840176\n|switch|p1a: Mr. Metagame|Landorus-Therian, L50, M|100\/100\n|-ability|p1a: Mr. Metagame|Intimidate|boost\n|-unboost|p2a: Helium|atk|1\n|-unboost|p2b: Wham-Bam Rock|atk|1\n|turn|4\n|\n|t:|1699840213\n|-terastallize|p2a: Helium|Psychic\n|move|p2a: Helium|Wide Guard|p2a: Helium\n|-singleturn|p2a: Helium|Wide Guard\n|move|p2b: Wham-Bam Rock|Knock Off|p1b: Mega Weavile\n|-resisted|p1b: Mega Weavile\n|-damage|p1b: Mega Weavile|0 fnt\n|-enditem|p1b: Mega Weavile|Focus Sash|[from] move: Knock Off|[of] p2b: Wham-Bam Rock\n|faint|p1b: Mega Weavile\n|move|p1a: Mr. Metagame|U-turn|p2a: Helium\n|-supereffective|p2a: Helium\n|-damage|p2a: Helium|14\/100\n|\n|t:|1699840222\n|switch|p1a: Golden bro|Gholdengo, L50|100\/100|[from] U-turn\n|\n|-sideend|p2: BreadyTorus|move: Tailwind\n|upkeep\n|\n|t:|1699840228\n|switch|p1b: Mr. Metagame|Landorus-Therian, L50, M|100\/100\n|-ability|p1b: Mr. Metagame|Intimidate|boost\n|-unboost|p2a: Helium|atk|1\n|-unboost|p2b: Wham-Bam Rock|atk|1\n|turn|5\n|\n|t:|1699840249\n|move|p1b: Mr. Metagame|Stomping Tantrum|p2b: Wham-Bam Rock\n|-damage|p2b: Wham-Bam Rock|52\/100\n|move|p2b: Wham-Bam Rock|Knock Off|p1a: Golden bro\n|-supereffective|p1a: Golden bro\n|-damage|p1a: Golden bro|61\/100\n|-enditem|p1a: Golden bro|Leftovers|[from] move: Knock Off|[of] p2b: Wham-Bam Rock\n|move|p2a: Helium|Aqua Cutter|p1b: Mr. Metagame\n|-supereffective|p1b: Mr. Metagame\n|-crit|p1b: Mr. Metagame\n|-damage|p1b: Mr. Metagame|0 fnt\n|faint|p1b: Mr. Metagame\n|move|p1a: Golden bro|Make It Rain|p2a: Helium|[spread] p2a,p2b\n|-supereffective|p2b: Wham-Bam Rock\n|-damage|p2a: Helium|0 fnt\n|-damage|p2b: Wham-Bam Rock|0 fnt\n|-unboost|p1a: Golden bro|spa|1\n|faint|p2a: Helium\n|faint|p2b: Wham-Bam Rock\n|\n|win|ditto237\n|raw|ditto237's rating: 1072 &rarr; <strong>1100<\/strong><br \/>(+28 for winning)\n|raw|BreadyTorus's rating: 1061 &rarr; <strong>1042<\/strong><br \/>(-19 for losing)\n|c|\u2606ditto237|gg\n|c|\u2606ditto237|wp\n|c|\u2606BreadyTorus|gg\n|l|\u2606ditto237\n","uploadtime":1699840268,"views":14,"p1id":"ditto237","p2id":"breadytorus","formatid":"gen9vgc2023regulatione","rating":1042,"private":0,"password":""}