{"id":"gen9vgc2023regulatione-1994359491","p1":"patagonia fleece","p2":"tkinthemiddle","format":"[Gen 9] VGC 2023 Regulation E","log":"|j|\u2606patagonia fleece\n|j|\u2606tkinthemiddle\n|t:|1700434963\n|gametype|doubles\n|player|p1|patagonia fleece|pokemonbreeder|1372\n|player|p2|tkinthemiddle|pokemonbreederf-gen4|1436\n|teamsize|p1|6\n|teamsize|p2|6\n|gen|9\n|tier|[Gen 9] VGC 2023 Regulation E\n|rated|\n|rule|Species Clause: Limit one of each Pok\u00e9mon\n|rule|Item Clause: Limit one of each item\n|clearpoke\n|poke|p1|Politoed, L50, M|\n|poke|p1|Tornadus, L50, M|\n|poke|p1|Ogerpon, L50, F|\n|poke|p1|Urshifu-*, L50, F|\n|poke|p1|Chien-Pao, L50|\n|poke|p1|Iron Hands, L50|\n|poke|p2|Kilowattrel, L50, M|\n|poke|p2|Tauros-Paldea-Aqua, L50, M|\n|poke|p2|Gholdengo, L50|\n|poke|p2|Iron Hands, L50|\n|poke|p2|Hydreigon, L50, M|\n|poke|p2|Amoonguss, L50, M|\n|teampreview|4\npatagonia fleece has agreed to open team sheets.\ntkinthemiddle has agreed to open team sheets.\n|\n|t:|1700435001\n|start\n|switch|p1a: Tornadus|Tornadus, L50, M|100\/100\n|switch|p1b: Ogerpon|Ogerpon, L50, F|100\/100\n|switch|p2a: Kilowattrel|Kilowattrel, L50, M|100\/100\n|switch|p2b: Iron Hands|Iron Hands, L50|100\/100\n|turn|1\n|\n|t:|1700435015\n|switch|p1a: Iron Hands|Iron Hands, L50|100\/100\n|move|p1b: Ogerpon|Spiky Shield|p1b: Ogerpon\n|-singleturn|p1b: Ogerpon|move: Protect\n|move|p2b: Iron Hands|Fake Out|p1b: Ogerpon\n|-activate|p1b: Ogerpon|move: Protect\n|-damage|p2b: Iron Hands|88\/100|[from] Spiky Shield|[of] p1b: Ogerpon\n|move|p2a: Kilowattrel|Thunderbolt|p1a: Iron Hands\n|-resisted|p1a: Iron Hands\n|-damage|p1a: Iron Hands|89\/100\n|\n|upkeep\n|turn|2\n|\n|t:|1700435032\n|switch|p2a: Amoonguss|Amoonguss, L50, M|100\/100\n|move|p1a: Iron Hands|Fake Out|p2a: Amoonguss\n|-damage|p2a: Amoonguss|88\/100\n|move|p1b: Ogerpon|Ivy Cudgel|p2b: Iron Hands\n|-damage|p2b: Iron Hands|41\/100\n|move|p2b: Iron Hands|Drain Punch|p1b: Ogerpon\n|-damage|p1b: Ogerpon|44\/100\n|-heal|p2b: Iron Hands|60\/100|[from] drain|[of] p1b: Ogerpon\n|\n|upkeep\n|turn|3\n|\n|t:|1700435048\n|move|p1b: Ogerpon|Horn Leech|p2b: Iron Hands\n|-damage|p2b: Iron Hands|25\/100\n|-heal|p1b: Ogerpon|71\/100|[from] drain|[of] p2b: Iron Hands\n|move|p1a: Iron Hands|Heavy Slam|p2a: Amoonguss\n|-damage|p2a: Amoonguss|54\/100\n|move|p2b: Iron Hands|Drain Punch|p1b: Ogerpon\n|-damage|p1b: Ogerpon|11\/100\n|-heal|p2b: Iron Hands|45\/100|[from] drain|[of] p1b: Ogerpon\n|move|p2a: Amoonguss|Pollen Puff|p2b: Iron Hands\n|-heal|p2b: Iron Hands|95\/100\n|\n|upkeep\n|turn|4\n|\n|t:|1700435068\n|move|p1b: Ogerpon|Spiky Shield|p1b: Ogerpon\n|-singleturn|p1b: Ogerpon|move: Protect\n|move|p1a: Iron Hands|Heavy Slam|p2a: Amoonguss\n|-damage|p2a: Amoonguss|21\/100\n|-enditem|p2a: Amoonguss|Sitrus Berry|[eat]\n|-heal|p2a: Amoonguss|46\/100|[from] item: Sitrus Berry\n|move|p2b: Iron Hands|Drain Punch|p1b: Ogerpon\n|-activate|p1b: Ogerpon|move: Protect\n|-damage|p2b: Iron Hands|83\/100|[from] Spiky Shield|[of] p1b: Ogerpon\n|move|p2a: Amoonguss|Spore|p1a: Iron Hands\n|-status|p1a: Iron Hands|slp|[from] move: Spore\n|\n|upkeep\n|turn|5\n|\n|t:|1700435093\n|move|p1b: Ogerpon|Horn Leech|p2a: Amoonguss\n|-resisted|p2a: Amoonguss\n|-damage|p2a: Amoonguss|37\/100\n|-heal|p1b: Ogerpon|17\/100|[from] drain|[of] p2a: Amoonguss\n|cant|p1a: Iron Hands|slp\n|move|p2b: Iron Hands|Drain Punch|p1a: Iron Hands\n|-damage|p1a: Iron Hands|57\/100 slp\n|-heal|p2b: Iron Hands|99\/100|[from] drain|[of] p1a: Iron Hands\n|move|p2a: Amoonguss|Clear Smog|p1b: Ogerpon\n|-supereffective|p1b: Ogerpon\n|-damage|p1b: Ogerpon|0 fnt\n|-clearboost|p1b: Ogerpon\n|faint|p1b: Ogerpon\n|\n|upkeep\n|\n|t:|1700435107\n|switch|p1b: Chien-Pao|Chien-Pao, L50|100\/100\n|-ability|p1b: Chien-Pao|Sword of Ruin\n|turn|6\n|\n|t:|1700435114\n|move|p1b: Chien-Pao|Protect|p1b: Chien-Pao\n|-singleturn|p1b: Chien-Pao|Protect\n|move|p2a: Amoonguss|Rage Powder|p2a: Amoonguss\n|-singleturn|p2a: Amoonguss|move: Rage Powder\n|cant|p1a: Iron Hands|slp\n|move|p2b: Iron Hands|Drain Punch|p1b: Chien-Pao\n|-activate|p1b: Chien-Pao|move: Protect\n|\n|upkeep\n|turn|7\n|\n|t:|1700435129\n|switch|p2a: Kilowattrel|Kilowattrel, L50, M|100\/100\n|-terastallize|p1b: Chien-Pao|Ghost\n|move|p1b: Chien-Pao|Ice Spinner|p2a: Kilowattrel\n|-supereffective|p2a: Kilowattrel\n|-enditem|p2a: Kilowattrel|Focus Sash\n|-damage|p2a: Kilowattrel|1\/100\n|cant|p1a: Iron Hands|slp\n|move|p2b: Iron Hands|Drain Punch|p1b: Chien-Pao\n|-immune|p1b: Chien-Pao\n|\n|upkeep\n|turn|8\n|\n|t:|1700435144\n|move|p1b: Chien-Pao|Protect|p1b: Chien-Pao\n|-singleturn|p1b: Chien-Pao|Protect\n|move|p2a: Kilowattrel|Tailwind|p2a: Kilowattrel\n|-sidestart|p2: tkinthemiddle|move: Tailwind\n|move|p2b: Iron Hands|Wild Charge|p1b: Chien-Pao\n|-activate|p1b: Chien-Pao|move: Protect\n|-curestatus|p1a: Iron Hands|slp|[msg]\n|move|p1a: Iron Hands|Drain Punch|p2b: Iron Hands\n|-damage|p2b: Iron Hands|57\/100\n|-heal|p1a: Iron Hands|77\/100|[from] drain|[of] p2b: Iron Hands\n|\n|upkeep\n|turn|9\n|\n|t:|1700435178\n|move|p2a: Kilowattrel|Thunderbolt|p1b: Chien-Pao\n|-damage|p1b: Chien-Pao|29\/100\n|move|p1b: Chien-Pao|Ice Spinner|p2a: Kilowattrel\n|-supereffective|p2a: Kilowattrel\n|-crit|p2a: Kilowattrel\n|-damage|p2a: Kilowattrel|0 fnt\n|faint|p2a: Kilowattrel\n|move|p2b: Iron Hands|Wild Charge|p1b: Chien-Pao\n|-damage|p1b: Chien-Pao|0 fnt\n|faint|p1b: Chien-Pao\n|-damage|p2b: Iron Hands|52\/100|[from] Recoil\n|move|p1a: Iron Hands|Drain Punch|p2b: Iron Hands\n|-damage|p2b: Iron Hands|21\/100\n|-heal|p1a: Iron Hands|93\/100|[from] drain|[of] p2b: Iron Hands\n|\n|upkeep\n|\n|t:|1700435190\n|switch|p2a: Gholdengo|Gholdengo, L50|100\/100\n|switch|p1b: Tornadus|Tornadus, L50, M|100\/100\n|turn|10\n|\n|t:|1700435204\n|move|p2a: Gholdengo|Shadow Ball|p1a: Iron Hands\n|-damage|p1a: Iron Hands|67\/100\n|move|p1b: Tornadus|Hurricane|p2a: Gholdengo\n|-resisted|p2a: Gholdengo\n|-damage|p2a: Gholdengo|75\/100\n|move|p2b: Iron Hands|Drain Punch|p1a: Iron Hands\n|-damage|p1a: Iron Hands|36\/100\n|-heal|p2b: Iron Hands|37\/100|[from] drain|[of] p1a: Iron Hands\n|move|p1a: Iron Hands|Drain Punch|p2b: Iron Hands\n|-damage|p2b: Iron Hands|4\/100\n|-heal|p1a: Iron Hands|52\/100|[from] drain|[of] p2b: Iron Hands\n|\n|-heal|p2a: Gholdengo|81\/100|[from] item: Leftovers\n|upkeep\n|turn|11\n|\n|t:|1700435234\n|move|p2a: Gholdengo|Make It Rain|p1b: Tornadus|[spread] p1a,p1b\n|-resisted|p1a: Iron Hands\n|-damage|p1a: Iron Hands|38\/100\n|-damage|p1b: Tornadus|36\/100\n|-unboost|p2a: Gholdengo|spa|1\n|move|p1b: Tornadus|Bleakwind Storm|p2a: Gholdengo|[spread] p2a,p2b\n|-resisted|p2a: Gholdengo\n|-damage|p2a: Gholdengo|62\/100\n|-damage|p2b: Iron Hands|0 fnt\n|faint|p2b: Iron Hands\n|-end|p2b: Iron Hands|Quark Drive|[silent]\n|move|p1a: Iron Hands|Wild Charge|p2a: Gholdengo\n|-damage|p2a: Gholdengo|6\/100\n|-damage|p1a: Iron Hands|28\/100|[from] Recoil\n|\n|-heal|p2a: Gholdengo|12\/100|[from] item: Leftovers\n|-sideend|p2: tkinthemiddle|move: Tailwind\n|upkeep\n|\n|t:|1700435242\n|switch|p2b: Amoonguss|Amoonguss, L50, M|37\/100\n|turn|12\n|\n|t:|1700435266\n|-terastallize|p2b: Amoonguss|Ghost\n|move|p2a: Gholdengo|Protect|p2a: Gholdengo\n|-singleturn|p2a: Gholdengo|Protect\n|move|p1b: Tornadus|Bleakwind Storm|p2b: Amoonguss|[spread] p2b\n|-activate|p2a: Gholdengo|move: Protect\n|-damage|p2b: Amoonguss|6\/100\n|-unboost|p2b: Amoonguss|spe|1\n|move|p1a: Iron Hands|Heavy Slam|p2b: Amoonguss\n|-damage|p2b: Amoonguss|0 fnt\n|faint|p2b: Amoonguss\n|\n|-heal|p2a: Gholdengo|18\/100|[from] item: Leftovers\n|upkeep\n|turn|13\n|\n|t:|1700435280\n|move|p1b: Tornadus|Tailwind|p1b: Tornadus\n|-sidestart|p1: patagonia fleece|move: Tailwind\n|move|p1a: Iron Hands|Wild Charge|p2a: Gholdengo\n|-damage|p2a: Gholdengo|0 fnt\n|faint|p2a: Gholdengo\n|-damage|p1a: Iron Hands|24\/100|[from] Recoil\n|\n|win|patagonia fleece\n|raw|patagonia fleece's rating: 1372 &rarr; <strong>1396<\/strong><br \/>(+24 for winning)\n|raw|tkinthemiddle's rating: 1436 &rarr; <strong>1412<\/strong><br \/>(-24 for losing)\n|l|\u2606tkinthemiddle\n","uploadtime":1700435290,"views":18,"p1id":"patagoniafleece","p2id":"tkinthemiddle","formatid":"gen9vgc2023regulatione","rating":1396,"private":0,"password":""}