{"id":"gen9vgc2023regulatione-1991430648","p1":"kulkulkul","p2":"Professor Eriic","format":"[Gen 9] VGC 2023 Regulation E","log":"|j|\u2606kulkulkul\n|j|\u2606Professor Eriic\n|t:|1700076483\n|gametype|doubles\n|player|p1|kulkulkul|preschooler|1225\n|player|p2|Professor Eriic|colress|1183\n|teamsize|p1|6\n|teamsize|p2|6\n|gen|9\n|tier|[Gen 9] VGC 2023 Regulation E\n|rated|\n|rule|Species Clause: Limit one of each Pok\u00e9mon\n|rule|Item Clause: Limit one of each item\n|clearpoke\n|poke|p1|Farigiraf, L50, M|\n|poke|p1|Amoonguss, L50, M|\n|poke|p1|Glastrier, L50|\n|poke|p1|Armarouge, L50, M|\n|poke|p1|Sylveon, L50, F|\n|poke|p1|Crawdaunt, L50, M|\n|poke|p2|Landorus-Therian, L50, M|\n|poke|p2|Farigiraf, L50, F|\n|poke|p2|Heatran, L50, M|\n|poke|p2|Ogerpon-Wellspring, L50, F|\n|poke|p2|Grimmsnarl, L50, M|\n|poke|p2|Spectrier, L50|\n|teampreview|4\nProfessor Eriic has agreed to open team sheets.\n|\n|t:|1700076531\n|start\n|switch|p1a: Armarouge|Armarouge, L50, M|100\/100\n|switch|p1b: Amoonguss|Amoonguss, L50, M|100\/100\n|switch|p2a: Ogerpon|Ogerpon-Wellspring, L50, F|100\/100\n|switch|p2b: Grimmsnarl|Grimmsnarl, L50, M|100\/100\n|turn|1\n|\n|t:|1700076558\n|-terastallize|p1a: Armarouge|Grass\n|move|p2b: Grimmsnarl|Light Screen|p2b: Grimmsnarl\n|-sidestart|p2: Professor Eriic|move: Light Screen\n|move|p2a: Ogerpon|Ivy Cudgel|p1a: Armarouge|[anim] Ivy Cudgel Water\n|-resisted|p1a: Armarouge\n|-damage|p1a: Armarouge|81\/100\n|move|p1b: Amoonguss|Spore|p2b: Grimmsnarl\n|-status|p2b: Grimmsnarl|slp|[from] move: Spore\n|move|p1a: Armarouge|Trick Room|p1a: Armarouge\n|-fieldstart|move: Trick Room|[of] p1a: Armarouge\n|\n|upkeep\n|turn|2\n|\n|t:|1700076601\n|move|p2a: Ogerpon|Follow Me|p2a: Ogerpon\n|-singleturn|p2a: Ogerpon|move: Follow Me\n|move|p1b: Amoonguss|Pollen Puff|p2a: Ogerpon\n|-supereffective|p2a: Ogerpon\n|-damage|p2a: Ogerpon|75\/100\n|move|p1a: Armarouge|Armor Cannon|p2a: Ogerpon\n|-damage|p2a: Ogerpon|43\/100\n|-unboost|p1a: Armarouge|def|1\n|-unboost|p1a: Armarouge|spd|1\n|-enditem|p1a: Armarouge|Eject Pack\n|\n|t:|1700076613\n|switch|p1a: Sylveon|Sylveon, L50, F, shiny|100\/100\n|cant|p2b: Grimmsnarl|slp\n|\n|upkeep\n|turn|3\n|\n|t:|1700076634\n|-terastallize|p2a: Ogerpon|Water\n|detailschange|p2a: Ogerpon|Ogerpon-Wellspring-Tera, L50, F, tera:Water\n|-ability|p2a: Ogerpon|Embody Aspect (Wellspring)|boost\n|-boost|p2a: Ogerpon|spd|1\n|move|p1b: Amoonguss|Pollen Puff|p2b: Grimmsnarl\n|-damage|p2b: Grimmsnarl|90\/100 slp\n|move|p1a: Sylveon|Hyper Voice|p2b: Grimmsnarl|[spread] p2a,p2b\n|-supereffective|p2b: Grimmsnarl\n|-damage|p2a: Ogerpon|26\/100\n|-damage|p2b: Grimmsnarl|50\/100 slp\n|-enditem|p1a: Sylveon|Throat Spray\n|-boost|p1a: Sylveon|spa|1|[from] item: Throat Spray\n|cant|p2b: Grimmsnarl|slp\n|move|p2a: Ogerpon|Ivy Cudgel|p1a: Sylveon|[anim] Ivy Cudgel Water\n|-damage|p1a: Sylveon|10\/100\n|\n|upkeep\n|turn|4\n|\n|t:|1700076656\n|move|p2a: Ogerpon|Spiky Shield|p2a: Ogerpon\n|-singleturn|p2a: Ogerpon|move: Protect\n|move|p1b: Amoonguss|Rage Powder|p1b: Amoonguss\n|-singleturn|p1b: Amoonguss|move: Rage Powder\n|cant|p2b: Grimmsnarl|slp\n|move|p1a: Sylveon|Hyper Voice|p2b: Grimmsnarl|[spread] p2b\n|-activate|p2a: Ogerpon|move: Protect\n|-supereffective|p2b: Grimmsnarl\n|-damage|p2b: Grimmsnarl|0 fnt\n|faint|p2b: Grimmsnarl\n|\n|upkeep\n|\n|t:|1700076673\n|switch|p2b: Heatran|Heatran, L50, M|100\/100\n|turn|5\n|\n|t:|1700076687\n|move|p2b: Heatran|Protect|p2b: Heatran\n|-singleturn|p2b: Heatran|Protect\n|move|p1b: Amoonguss|Spore|p2b: Heatran\n|-activate|p2b: Heatran|move: Protect\n|move|p1a: Sylveon|Hyper Voice|p2b: Heatran|[spread] p2a\n|-activate|p2b: Heatran|move: Protect\n|-damage|p2a: Ogerpon|3\/100\n|move|p2a: Ogerpon|Ivy Cudgel|p1a: Sylveon|[anim] Ivy Cudgel Water\n|-crit|p1a: Sylveon\n|-damage|p1a: Sylveon|0 fnt\n|faint|p1a: Sylveon\n|\n|-fieldend|move: Trick Room\n|upkeep\n|\n|t:|1700076691\n|switch|p1a: Armarouge|Armarouge, L50, M, tera:Grass|81\/100\n|turn|6\n|\n|t:|1700076713\n|move|p2a: Ogerpon|Spiky Shield|p2a: Ogerpon\n|-singleturn|p2a: Ogerpon|move: Protect\n|move|p2b: Heatran|Earth Power|p1a: Armarouge\n|-resisted|p1a: Armarouge\n|-damage|p1a: Armarouge|62\/100\n|move|p1b: Amoonguss|Pollen Puff|p2a: Ogerpon\n|-activate|p2a: Ogerpon|move: Protect\n|move|p1a: Armarouge|Trick Room|p1a: Armarouge\n|-fieldstart|move: Trick Room|[of] p1a: Armarouge\n|\n|upkeep\n|turn|7\n|\n|t:|1700076732\n|move|p2b: Heatran|Protect|p2b: Heatran\n|-singleturn|p2b: Heatran|Protect\n|move|p1a: Armarouge|Ally Switch|p1a: Armarouge\n|swap|p1a: Armarouge|1|[from] move: Ally Switch\n|move|p1a: Amoonguss|Pollen Puff|p2a: Ogerpon\n|-damage|p2a: Ogerpon|0 fnt\n|faint|p2a: Ogerpon\n|\n|upkeep\n|\n|t:|1700076740\n|switch|p2a: Spectrier|Spectrier, L50|100\/100\n|turn|8\n|\n|t:|1700076757\n|move|p1a: Amoonguss|Spore|p2b: Heatran\n|-status|p2b: Heatran|slp|[from] move: Spore\n|move|p1b: Armarouge|Armor Cannon|p2a: Spectrier\n|-damage|p2a: Spectrier|64\/100\n|-unboost|p1b: Armarouge|def|1\n|-unboost|p1b: Armarouge|spd|1\n|cant|p2b: Heatran|slp\n|move|p2a: Spectrier|Nasty Plot|p2a: Spectrier\n|-boost|p2a: Spectrier|spa|2\n|\n|-heal|p2a: Spectrier|70\/100|[from] item: Leftovers\n|-sideend|p2: Professor Eriic|move: Light Screen\n|upkeep\n|turn|9\n|\n|t:|1700076775\n|move|p2a: Spectrier|Protect|p2a: Spectrier\n|-singleturn|p2a: Spectrier|Protect\n|move|p1a: Amoonguss|Spore|p2a: Spectrier\n|-activate|p2a: Spectrier|move: Protect\n|move|p1b: Armarouge|Armor Cannon|p2a: Spectrier\n|-activate|p2a: Spectrier|move: Protect\n|-curestatus|p2b: Heatran|slp|[msg]\n|move|p2b: Heatran|Earth Power|p1b: Armarouge\n|-resisted|p1b: Armarouge\n|-damage|p1b: Armarouge|31\/100\n|\n|-heal|p2a: Spectrier|76\/100|[from] item: Leftovers\n|upkeep\n|turn|10\n|\n|t:|1700076796\n|move|p1b: Armarouge|Ally Switch|p1b: Armarouge\n|swap|p1b: Armarouge|0|[from] move: Ally Switch\n|move|p1b: Amoonguss|Spore|p2b: Heatran\n|-status|p2b: Heatran|slp|[from] move: Spore\n|cant|p2b: Heatran|slp\n|move|p2a: Spectrier|Shadow Ball|p1b: Amoonguss\n|-damage|p1b: Amoonguss|33\/100\n|-enditem|p1b: Amoonguss|Sitrus Berry|[eat]\n|-heal|p1b: Amoonguss|58\/100|[from] item: Sitrus Berry\n|\n|-heal|p2a: Spectrier|82\/100|[from] item: Leftovers\n|-fieldend|move: Trick Room\n|upkeep\n|turn|11\n|\n|t:|1700076814\n|move|p1b: Amoonguss|Rage Powder|p1b: Amoonguss\n|-singleturn|p1b: Amoonguss|move: Rage Powder\n|move|p2a: Spectrier|Shadow Ball|p1b: Amoonguss\n|-damage|p1b: Amoonguss|0 fnt\n|faint|p1b: Amoonguss\n|-ability|p2a: Spectrier|Grim Neigh|boost\n|-boost|p2a: Spectrier|spa|1\n|cant|p2b: Heatran|slp\n|move|p1a: Armarouge|Trick Room|p1a: Armarouge\n|-fieldstart|move: Trick Room|[of] p1a: Armarouge\n|\n|-heal|p2a: Spectrier|89\/100|[from] item: Leftovers\n|upkeep\n|\n|t:|1700076821\n|switch|p1b: Glastrier|Glastrier, L50|100\/100\n|turn|12\n|\n|t:|1700076839\n|cant|p2b: Heatran|slp\n|move|p2a: Spectrier|Protect|p2a: Spectrier\n|-singleturn|p2a: Spectrier|Protect\n|move|p1b: Glastrier|Swords Dance|p1b: Glastrier\n|-boost|p1b: Glastrier|atk|2\n|move|p1a: Armarouge|Armor Cannon|p2a: Spectrier\n|-activate|p2a: Spectrier|move: Protect\n|\n|-heal|p2a: Spectrier|95\/100|[from] item: Leftovers\n|upkeep\n|turn|13\n|\n|t:|1700076852\n|move|p1a: Armarouge|Ally Switch|p1a: Armarouge\n|swap|p1a: Armarouge|1|[from] move: Ally Switch\n|move|p1a: Glastrier|High Horsepower|p2b: Heatran\n|-supereffective|p2b: Heatran\n|-damage|p2b: Heatran|0 fnt\n|faint|p2b: Heatran\n|-ability|p1a: Glastrier|Chilling Neigh|boost\n|-boost|p1a: Glastrier|atk|1\n|move|p2a: Spectrier|Shadow Ball|p1a: Glastrier\n|-damage|p1a: Glastrier|13\/100\n|\n|-heal|p2a: Spectrier|100\/100|[from] item: Leftovers\n|upkeep\n|turn|14\n|\n|t:|1700076867\n|move|p1a: Glastrier|High Horsepower|p2a: Spectrier\n|-damage|p2a: Spectrier|0 fnt\n|faint|p2a: Spectrier\n|\n|win|kulkulkul\n|raw|kulkulkul's rating: 1225 &rarr; <strong>1247<\/strong><br \/>(+22 for winning)\n|raw|Professor Eriic's rating: 1183 &rarr; <strong>1161<\/strong><br \/>(-22 for losing)\n|l|\u2606kulkulkul\n","uploadtime":1700076893,"views":9,"p1id":"kulkulkul","p2id":"professoreriic","formatid":"gen9vgc2023regulatione","rating":1161,"private":0,"password":""}