{"id":"gen9vgc2023regulatione-1995027406","p1":"Sprinklez619","p2":"Kxjrsk","format":"[Gen 9] VGC 2023 Regulation E","log":"|j|\u2606Sprinklez619\n|j|\u2606Kxjrsk\n|t:|1700514813\n|gametype|doubles\n|player|p1|Sprinklez619|1|1058\n|player|p2|Kxjrsk|lance|1040\n|teamsize|p1|6\n|teamsize|p2|6\n|gen|9\n|tier|[Gen 9] VGC 2023 Regulation E\n|rated|\n|rule|Species Clause: Limit one of each Pok\u00e9mon\n|rule|Item Clause: Limit one of each item\n|clearpoke\n|poke|p1|Regieleki, L50|\n|poke|p1|Chi-Yu, L50|\n|poke|p1|Ogerpon-Wellspring, L50, F|\n|poke|p1|Tornadus, L50, M|\n|poke|p1|Flutter Mane, L50|\n|poke|p1|Indeedee-F, L50, F|\n|poke|p2|Flutter Mane, L50|\n|poke|p2|Tornadus, L50, M|\n|poke|p2|Rillaboom, L50, M|\n|poke|p2|Garganacl, L50, M|\n|poke|p2|Arcanine-Hisui, L50, M|\n|poke|p2|Chien-Pao, L50|\n|teampreview|4\n|\n|t:|1700514836\n|start\n|switch|p1a: Regieleki|Regieleki, L50|100\/100\n|switch|p1b: Tornadus|Tornadus, L50, M|100\/100\n|switch|p2a: Tornadus|Tornadus, L50, M|100\/100\n|switch|p2b: Garganacl|Garganacl, L50, M|100\/100\n|turn|1\n|\n|t:|1700514857\n|-terastallize|p2b: Garganacl|Ghost\n|move|p1a: Regieleki|Protect|p1a: Regieleki\n|-singleturn|p1a: Regieleki|Protect\n|move|p1b: Tornadus|Taunt|p2a: Tornadus\n|-start|p2a: Tornadus|move: Taunt\n|cant|p2a: Tornadus|move: Taunt|Tailwind\n|move|p2b: Garganacl|Salt Cure|p1a: Regieleki\n|-activate|p1a: Regieleki|move: Protect\n|\n|upkeep\n|turn|2\n|\n|t:|1700514892\n|switch|p2a: Rillaboom|Rillaboom, L50, M|100\/100\n|-fieldstart|move: Grassy Terrain|[from] ability: Grassy Surge|[of] p2a: Rillaboom\n|move|p1b: Tornadus|Tailwind|p1b: Tornadus\n|-sidestart|p1: Sprinklez619|move: Tailwind\n|move|p1a: Regieleki|Thunderbolt|p2a: Rillaboom\n|-resisted|p2a: Rillaboom\n|-damage|p2a: Rillaboom|76\/100\n|move|p2b: Garganacl|Salt Cure|p1a: Regieleki\n|-damage|p1a: Regieleki|76\/100\n|-start|p1a: Regieleki|Salt Cure\n|\n|-heal|p1a: Regieleki|83\/100|[from] Grassy Terrain\n|-heal|p2a: Rillaboom|82\/100|[from] Grassy Terrain\n|-damage|p1a: Regieleki|70\/100|[from] Salt Cure\n|upkeep\n|turn|3\n|\n|t:|1700514912\n|switch|p1a: Indeedee|Indeedee-F, L50, F|100\/100\n|-fieldstart|move: Psychic Terrain|[from] ability: Psychic Surge|[of] p1a: Indeedee\n|-enditem|p1a: Indeedee|Psychic Seed\n|-boost|p1a: Indeedee|spd|1|[from] item: Psychic Seed\n|move|p2a: Rillaboom|Fake Out|p1b: Tornadus\n|-hint|Psychic Terrain doesn't affect Pok\u00e9mon immune to Ground.\n|-damage|p1b: Tornadus|82\/100\n|cant|p1b: Tornadus|flinch\n|move|p2b: Garganacl|Salt Cure|p1a: Indeedee\n|-damage|p1a: Indeedee|87\/100\n|-start|p1a: Indeedee|Salt Cure\n|\n|-damage|p1a: Indeedee|75\/100|[from] Salt Cure\n|upkeep\n|turn|4\n|\n|t:|1700514960\n|switch|p2a: Arcanine|Arcanine-Hisui, L50, M|100\/100\n|-ability|p2a: Arcanine|Intimidate|boost\n|-unboost|p1a: Indeedee|atk|1\n|-unboost|p1b: Tornadus|atk|1\n|move|p1a: Indeedee|Follow Me|p1a: Indeedee\n|-singleturn|p1a: Indeedee|move: Follow Me\n|move|p1b: Tornadus|Bleakwind Storm|p2b: Garganacl|[spread] p2a,p2b\n|-resisted|p2a: Arcanine\n|-damage|p2a: Arcanine|81\/100\n|-damage|p2b: Garganacl|80\/100\n|move|p2b: Garganacl|Salt Cure|p1a: Indeedee\n|-damage|p1a: Indeedee|61\/100\n|\n|-damage|p1a: Indeedee|49\/100|[from] Salt Cure\n|upkeep\n|turn|5\n|inactive|Battle timer is ON: inactive players will automatically lose when time's up. (requested by Kxjrsk)\n|\n|t:|1700514983\n|switch|p2a: Tornadus|Tornadus, L50, M|100\/100\n|move|p1a: Indeedee|Helping Hand|p1b: Tornadus\n|-singleturn|p1b: Tornadus|Helping Hand|[of] p1a: Indeedee\n|move|p1b: Tornadus|Bleakwind Storm|p2a: Tornadus|[spread] p2a,p2b\n|-damage|p2a: Tornadus|63\/100\n|-damage|p2b: Garganacl|49\/100\n|-unboost|p2b: Garganacl|spe|1\n|-enditem|p2b: Garganacl|Sitrus Berry|[eat]\n|-heal|p2b: Garganacl|74\/100|[from] item: Sitrus Berry\n|move|p2b: Garganacl|Salt Cure|p1b: Tornadus\n|-supereffective|p1b: Tornadus\n|-damage|p1b: Tornadus|50\/100\n|-start|p1b: Tornadus|Salt Cure\n|\n|-damage|p1b: Tornadus|38\/100|[from] Salt Cure\n|-damage|p1a: Indeedee|36\/100|[from] Salt Cure\n|-sideend|p1: Sprinklez619|move: Tailwind\n|upkeep\n|turn|6\n|inactive|Sprinklez619 has 30 seconds left.\n|inactive|Kxjrsk has 30 seconds left.\n|inactive|Sprinklez619 has 20 seconds left.\n|\n|t:|1700515025\n|move|p1a: Indeedee|Follow Me|p1a: Indeedee\n|-singleturn|p1a: Indeedee|move: Follow Me\n|move|p1b: Tornadus|Taunt|p2a: Tornadus\n|-start|p2a: Tornadus|move: Taunt\n|cant|p2a: Tornadus|move: Taunt|Tailwind\n|move|p2b: Garganacl|Recover|p2b: Garganacl\n|-heal|p2b: Garganacl|100\/100\n|\n|-damage|p1b: Tornadus|25\/100|[from] Salt Cure\n|-damage|p1a: Indeedee|24\/100|[from] Salt Cure\n|upkeep\n|turn|7\n|\n|t:|1700515041\n|move|p1b: Tornadus|Taunt|p2b: Garganacl\n|-activate|p2b: Garganacl|move: Psychic Terrain\n|move|p2a: Tornadus|Bleakwind Storm|p1b: Tornadus|[spread] p1a,p1b\n|-damage|p1a: Indeedee|5\/100\n|-damage|p1b: Tornadus|0 fnt\n|faint|p1b: Tornadus\n|move|p1a: Indeedee|Psychic|p2a: Tornadus\n|-damage|p2a: Tornadus|34\/100\n|move|p2b: Garganacl|Salt Cure|p1a: Indeedee\n|-damage|p1a: Indeedee|0 fnt\n|faint|p1a: Indeedee\n|\n|-fieldend|move: Psychic Terrain\n|upkeep\n|\n|t:|1700515058\n|switch|p1b: Regieleki|Regieleki, L50|70\/100\n|switch|p1a: Chi-Yu|Chi-Yu, L50|100\/100\n|-ability|p1a: Chi-Yu|Beads of Ruin\n|turn|8\n|\n|t:|1700515070\n|move|p2b: Garganacl|Protect|p2b: Garganacl\n|-singleturn|p2b: Garganacl|Protect\n|move|p1b: Regieleki|Electroweb|p2b: Garganacl|[spread] p2a\n|-activate|p2b: Garganacl|move: Protect\n|-supereffective|p2a: Tornadus\n|-damage|p2a: Tornadus|0 fnt\n|faint|p2a: Tornadus\n|move|p1a: Chi-Yu|Heat Wave|p2b: Garganacl\n|-activate|p2b: Garganacl|move: Protect\n|\n|upkeep\n|\n|t:|1700515091\n|switch|p2a: Rillaboom|Rillaboom, L50, M|82\/100\n|-fieldstart|move: Grassy Terrain|[from] ability: Grassy Surge|[of] p2a: Rillaboom\n|turn|9\n|\n|t:|1700515102\n|move|p2a: Rillaboom|Fake Out|p1a: Chi-Yu\n|-damage|p1a: Chi-Yu|75\/100\n|move|p1b: Regieleki|Electroweb|p2a: Rillaboom|[spread] p2a,p2b\n|-resisted|p2a: Rillaboom\n|-damage|p2a: Rillaboom|67\/100\n|-damage|p2b: Garganacl|74\/100\n|-unboost|p2a: Rillaboom|spe|1\n|-unboost|p2b: Garganacl|spe|1\n|cant|p1a: Chi-Yu|flinch\n|move|p2b: Garganacl|Salt Cure|p1a: Chi-Yu\n|-supereffective|p1a: Chi-Yu\n|-damage|p1a: Chi-Yu|28\/100\n|-start|p1a: Chi-Yu|Salt Cure\n|\n|-heal|p1b: Regieleki|76\/100|[from] Grassy Terrain\n|-heal|p1a: Chi-Yu|34\/100|[from] Grassy Terrain\n|-heal|p2a: Rillaboom|73\/100|[from] Grassy Terrain\n|-heal|p2b: Garganacl|80\/100|[from] Grassy Terrain\n|-damage|p1a: Chi-Yu|22\/100|[from] Salt Cure\n|upkeep\n|turn|10\n|\n|t:|1700515125\n|move|p2b: Garganacl|Protect|p2b: Garganacl\n|-singleturn|p2b: Garganacl|Protect\n|move|p2a: Rillaboom|Grassy Glide|p1b: Regieleki\n|-damage|p1b: Regieleki|3\/100\n|move|p1b: Regieleki|Electroweb|p2a: Rillaboom|[spread] p2a\n|-activate|p2b: Garganacl|move: Protect\n|-resisted|p2a: Rillaboom\n|-damage|p2a: Rillaboom|58\/100\n|-unboost|p2a: Rillaboom|spe|1\n|move|p1a: Chi-Yu|Heat Wave|p2a: Rillaboom|[spread] p2a\n|-activate|p2b: Garganacl|move: Protect\n|-supereffective|p2a: Rillaboom\n|-damage|p2a: Rillaboom|0 fnt\n|faint|p2a: Rillaboom\n|\n|-heal|p1b: Regieleki|9\/100|[from] Grassy Terrain\n|-heal|p1a: Chi-Yu|28\/100|[from] Grassy Terrain\n|-heal|p2b: Garganacl|86\/100|[from] Grassy Terrain\n|-damage|p1a: Chi-Yu|16\/100|[from] Salt Cure\n|upkeep\n|\n|t:|1700515138\n|switch|p2a: Arcanine|Arcanine-Hisui, L50, M|81\/100\n|-ability|p2a: Arcanine|Intimidate|boost\n|-unboost|p1a: Chi-Yu|atk|1\n|-unboost|p1b: Regieleki|atk|1\n|turn|11\n|inactive|Sprinklez619 has 30 seconds left.\n|\n|t:|1700515165\n|-terastallize|p1a: Chi-Yu|Psychic\n|move|p2a: Arcanine|Extreme Speed|p1a: Chi-Yu\n|-damage|p1a: Chi-Yu|0 fnt\n|faint|p1a: Chi-Yu\n|move|p1b: Regieleki|Thunderbolt|p2b: Garganacl\n|-damage|p2b: Garganacl|43\/100\n|move|p2b: Garganacl|Salt Cure|p1b: Regieleki\n|-damage|p1b: Regieleki|0 fnt\n|faint|p1b: Regieleki\n|\n|win|Kxjrsk\n|raw|Sprinklez619's rating: 1058 &rarr; <strong>1038<\/strong><br \/>(-20 for losing)\n|raw|Kxjrsk's rating: 1040 &rarr; <strong>1076<\/strong><br \/>(+36 for winning)\n","uploadtime":1700515178,"views":5,"p1id":"sprinklez619","p2id":"kxjrsk","formatid":"gen9vgc2023regulatione","rating":1038,"private":0,"password":""}