{"id":"gen9vgc2023regulatione-1991398838","p1":"Guakamou","p2":"ace.bnz","format":"[Gen 9] VGC 2023 Regulation E","log":"|j|\u2606Guakamou\n|j|\u2606ace.bnz\n|n|\u2606Guakamou|guakamou\n|n|\u2606ace.bnz|acebnz\n|html|View the match progress at <a href=\"\/game-bestof3-gen9vgc2023regulatione-1991391630\">game-bestof3-gen9vgc2023regulatione-1991391630<\/a>\n|t:|1700073807\n|gametype|doubles\n|player|p1|Guakamou|palmer|\n|player|p2|ace.bnz|plasmagrunt|\n|teamsize|p1|6\n|teamsize|p2|6\n|gen|9\n|tier|[Gen 9] VGC 2023 Regulation E\n|rule|Species Clause: Limit one of each Pok\u00e9mon\n|rule|Item Clause: Limit one of each item\n|clearpoke\n|poke|p1|Heatran, L50, M|\n|poke|p1|Landorus-Therian, L50, M|\n|poke|p1|Iron Hands, L50|\n|poke|p1|Iron Bundle, L50|\n|poke|p1|Rillaboom, L50, F|\n|poke|p1|Ogerpon-Hearthflame, L50, F|\n|poke|p2|Iron Hands, L50|\n|poke|p2|Roaring Moon, L50|\n|poke|p2|Amoonguss, L50, F|\n|poke|p2|Arcanine-Hisui, L50, M|\n|poke|p2|Gholdengo, L50|\n|poke|p2|Flutter Mane, L50|\n|teampreview|4\nace.bnz has agreed to open team sheets.\nGuakamou has agreed to open team sheets.\n|showteam|p1|Heatran||LifeOrb|FlashFire|HeatWave,EarthPower,FlashCannon,Protect|||M|||50|,,,,,Fairy]Landorus-Therian||ChoiceScarf|Intimidate|TeraBlast,Uturn,RockSlide,StompingTantrum|||M|||50|,,,,,Flying]Iron Hands||AssaultVest|QuarkDrive|FakeOut,WildCharge,DrainPunch,HeavySlam||||||50|,,,,,Water]Iron Bundle||BoosterEnergy|QuarkDrive|IcyWind,Encore,FreezeDry,Protect||||||50|,,,,,Ghost]Rillaboom||MiracleSeed|GrassySurge|FakeOut,WoodHammer,Uturn,GrassyGlide|||F|||50|,,,,,Grass]Ogerpon-Hearthflame||HearthflameMask|MoldBreaker|IvyCudgel,GrassyGlide,SwordsDance,SpikyShield|||F|||50|,,,,,Fire\n|showteam|p2|Iron Hands||AssaultVest|QuarkDrive|FakeOut,HeavySlam,WildCharge,DrainPunch||||||50|,,,,,Water]Roaring Moon||BoosterEnergy|Protosynthesis|Tailwind,Acrobatics,KnockOff,DragonDance||||||50|,,,,,Flying]Amoonguss||SitrusBerry|Regenerator|Spore,RagePowder,PollenPuff,Protect|||F|||50|,,,,,Water]Arcanine-Hisui||ChoiceBand|Intimidate|ExtremeSpeed,FlareBlitz,RockSlide,TeraBlast|||M|||50|,,,,,Fairy]Gholdengo||Leftovers|GoodasGold|MakeItRain,ShadowBall,NastyPlot,Protect||||||50|,,,,,Dragon]Flutter Mane||ChoiceSpecs|Protosynthesis|DazzlingGleam,Moonblast,ShadowBall,PowerGem||||||50|,,,,,Fairy\n|\n|t:|1700073835\n|start\n|switch|p1a: Iron Hands|Iron Hands, L50|100\/100\n|switch|p1b: Heatran|Heatran, L50, M|100\/100\n|switch|p2a: Iron Hands|Iron Hands, L50|100\/100\n|switch|p2b: Flutter Mane|Flutter Mane, L50|100\/100\n|turn|1\n|\n|t:|1700073867\n|-terastallize|p1a: Iron Hands|Water\n|move|p1a: Iron Hands|Fake Out|p2a: Iron Hands\n|-damage|p2a: Iron Hands|90\/100\n|move|p2b: Flutter Mane|Moonblast|p1a: Iron Hands\n|-crit|p1a: Iron Hands\n|-damage|p1a: Iron Hands|44\/100\n|move|p1b: Heatran|Flash Cannon|p2b: Flutter Mane\n|-supereffective|p2b: Flutter Mane\n|-damage|p2b: Flutter Mane|0 fnt\n|faint|p2b: Flutter Mane\n|-end|p2b: Flutter Mane|Protosynthesis|[silent]\n|-damage|p1b: Heatran|91\/100|[from] item: Life Orb\n|cant|p2a: Iron Hands|flinch\n|\n|upkeep\n|\n|t:|1700073880\n|switch|p2b: Arcanine|Arcanine-Hisui, L50, M|100\/100\n|-ability|p2b: Arcanine|Intimidate|boost\n|-unboost|p1a: Iron Hands|atk|1\n|-unboost|p1b: Heatran|atk|1\n|turn|2\n|\n|t:|1700073895\n|switch|p1b: Landorus|Landorus-Therian, L50, M|100\/100\n|-ability|p1b: Landorus|Intimidate|boost\n|-unboost|p2a: Iron Hands|atk|1\n|-unboost|p2b: Arcanine|atk|1\n|-terastallize|p2b: Arcanine|Fairy\n|move|p2b: Arcanine|Tera Blast|p1a: Iron Hands|[anim] Tera Blast Fairy\n|-damage|p1a: Iron Hands|16\/100\n|move|p1a: Iron Hands|Drain Punch|p2b: Arcanine\n|-resisted|p2b: Arcanine\n|-damage|p2b: Arcanine|84\/100\n|-heal|p1a: Iron Hands|22\/100|[from] drain|[of] p2b: Arcanine\n|move|p2a: Iron Hands|Drain Punch|p1b: Landorus\n|-resisted|p1b: Landorus\n|-damage|p1b: Landorus|87\/100\n|-heal|p2a: Iron Hands|95\/100|[from] drain|[of] p1b: Landorus\n|\n|upkeep\n|turn|3\n|\n|t:|1700073923\n|move|p1b: Landorus|Stomping Tantrum|p2a: Iron Hands\n|-supereffective|p2a: Iron Hands\n|-damage|p2a: Iron Hands|38\/100\n|move|p2b: Arcanine|Tera Blast|p1b: Landorus|[anim] Tera Blast Fairy\n|-damage|p1b: Landorus|48\/100\n|move|p1a: Iron Hands|Drain Punch|p2a: Iron Hands\n|-damage|p2a: Iron Hands|19\/100\n|-heal|p1a: Iron Hands|32\/100|[from] drain|[of] p2a: Iron Hands\n|move|p2a: Iron Hands|Drain Punch|p1a: Iron Hands\n|-damage|p1a: Iron Hands|11\/100\n|-heal|p2a: Iron Hands|29\/100|[from] drain|[of] p1a: Iron Hands\n|\n|upkeep\n|turn|4\n|\n|t:|1700073957\n|-end|p1a: Iron Hands|Quark Drive|[silent]\n|switch|p1a: Heatran|Heatran, L50, M|91\/100\n|-end|p2a: Iron Hands|Quark Drive|[silent]\n|switch|p2a: Gholdengo|Gholdengo, L50|100\/100\n|move|p1b: Landorus|Stomping Tantrum|p2a: Gholdengo\n|-supereffective|p2a: Gholdengo\n|-damage|p2a: Gholdengo|23\/100\n|move|p2b: Arcanine|Tera Blast|p1b: Landorus|[anim] Tera Blast Fairy\n|-damage|p1b: Landorus|6\/100\n|\n|-heal|p2a: Gholdengo|29\/100|[from] item: Leftovers\n|upkeep\n|turn|5\n|\n|t:|1700073979\n|switch|p1b: Iron Bundle|Iron Bundle, L50|100\/100\n|-enditem|p1b: Iron Bundle|Booster Energy\n|-activate|p1b: Iron Bundle|ability: Quark Drive|[fromitem]\n|-start|p1b: Iron Bundle|quarkdrivespe\n|switch|p2b: Iron Hands|Iron Hands, L50|29\/100\n|move|p2a: Gholdengo|Make It Rain|p1b: Iron Bundle|[spread] p1a,p1b\n|-resisted|p1a: Heatran\n|-damage|p1a: Heatran|82\/100\n|-damage|p1b: Iron Bundle|39\/100\n|-unboost|p2a: Gholdengo|spa|1\n|move|p1a: Heatran|Earth Power|p2a: Gholdengo\n|-supereffective|p2a: Gholdengo\n|-damage|p2a: Gholdengo|0 fnt\n|faint|p2a: Gholdengo\n|-damage|p1a: Heatran|73\/100|[from] item: Life Orb\n|\n|upkeep\n|\n|t:|1700073996\n|switch|p2a: Arcanine|Arcanine-Hisui, L50, M, tera:Fairy|84\/100\n|-ability|p2a: Arcanine|Intimidate|boost\n|-unboost|p1a: Heatran|atk|1\n|-unboost|p1b: Iron Bundle|atk|1\n|turn|6\n|\n|t:|1700074004\n|move|p1a: Heatran|Protect|p1a: Heatran\n|-singleturn|p1a: Heatran|Protect\n|move|p1b: Iron Bundle|Icy Wind|p2a: Arcanine|[spread] p2a,p2b\n|-damage|p2a: Arcanine|63\/100\n|-damage|p2b: Iron Hands|20\/100\n|-unboost|p2a: Arcanine|spe|1\n|-unboost|p2b: Iron Hands|spe|1\n|move|p2a: Arcanine|Rock Slide|p1b: Iron Bundle|[spread] p1b\n|-activate|p1a: Heatran|move: Protect\n|-supereffective|p1b: Iron Bundle\n|-damage|p1b: Iron Bundle|0 fnt\n|faint|p1b: Iron Bundle\n|-end|p1b: Iron Bundle|Quark Drive|[silent]\n|move|p2b: Iron Hands|Drain Punch|p1a: Heatran\n|-activate|p1a: Heatran|move: Protect\n|\n|upkeep\n|\n|t:|1700074021\n|switch|p1b: Landorus|Landorus-Therian, L50, M|6\/100\n|-ability|p1b: Landorus|Intimidate|boost\n|-unboost|p2a: Arcanine|atk|1\n|-unboost|p2b: Iron Hands|atk|1\n|turn|7\n|\n|t:|1700074027\n|move|p1b: Landorus|Stomping Tantrum|p2b: Iron Hands\n|-supereffective|p2b: Iron Hands\n|-damage|p2b: Iron Hands|0 fnt\n|faint|p2b: Iron Hands\n|-end|p2b: Iron Hands|Quark Drive|[silent]\n|move|p1a: Heatran|Flash Cannon|p2a: Arcanine\n|-supereffective|p2a: Arcanine\n|-damage|p2a: Arcanine|0 fnt\n|faint|p2a: Arcanine\n|-damage|p1a: Heatran|63\/100|[from] item: Life Orb\n|\n|win|Guakamou\n|c|\u2606Guakamou|gg\n|c|\u2606ace.bnz|gg\n|l|\u2606ace.bnz\n","uploadtime":1700074059,"views":18,"p1id":"guakamou","p2id":"acebnz","formatid":"gen9vgc2023regulatione","rating":0,"private":0,"password":""}