{"id":"gen9vgc2023regulatione-1990286971","p1":"MARTINOGARRIXXIO","p2":"FunnyOwl27","format":"[Gen 9] VGC 2023 Regulation E","log":"|j|\u2606MARTINOGARRIXXIO\n|j|\u2606FunnyOwl27\n|t:|1699951011\n|gametype|doubles\n|player|p1|MARTINOGARRIXXIO|alder|1192\n|player|p2|FunnyOwl27|giovanni|1119\n|teamsize|p1|6\n|teamsize|p2|4\n|gen|9\n|tier|[Gen 9] VGC 2023 Regulation E\n|rated|\n|rule|Species Clause: Limit one of each Pok\u00e9mon\n|rule|Item Clause: Limit one of each item\n|clearpoke\n|poke|p1|Urshifu-*, L50, M|\n|poke|p1|Tornadus, L50, M|\n|poke|p1|Iron Hands, L50|\n|poke|p1|Flutter Mane, L50|\n|poke|p1|Chien-Pao, L50|\n|poke|p1|Rillaboom, L50, M|\n|poke|p2|Indeedee-F, L50, F|\n|poke|p2|Snorlax, L50, F|\n|poke|p2|Arcanine-Hisui, L50, F|\n|poke|p2|Gholdengo, L50|\n|teampreview|4\nMARTINOGARRIXXIO rejected open team sheets.\n|inactive|Battle timer is ON: inactive players will automatically lose when time's up. (requested by MARTINOGARRIXXIO)\n|\n|t:|1699951041\n|start\n|switch|p1a: Tornadus|Tornadus, L50, M|100\/100\n|switch|p1b: Urshifu|Urshifu-Rapid-Strike, L50, M|100\/100\n|switch|p2a: Indeedee|Indeedee-F, L50, F|100\/100\n|switch|p2b: Snorlax|Snorlax, L50, F|100\/100\n|-fieldstart|move: Psychic Terrain|[from] ability: Psychic Surge|[of] p2a: Indeedee\n|turn|1\n|\n|t:|1699951058\n|-terastallize|p1b: Urshifu|Water\n|move|p2a: Indeedee|Follow Me|p2a: Indeedee\n|-singleturn|p2a: Indeedee|move: Follow Me\n|move|p1a: Tornadus|Taunt|p2a: Indeedee\n|-activate|p2a: Indeedee|move: Psychic Terrain\n|move|p1b: Urshifu|Close Combat|p2a: Indeedee\n|-damage|p2a: Indeedee|33\/100\n|-unboost|p1b: Urshifu|def|1\n|-unboost|p1b: Urshifu|spd|1\n|move|p2b: Snorlax|Belly Drum|p2b: Snorlax\n|-damage|p2b: Snorlax|51\/100\n|-setboost|p2b: Snorlax|atk|6|[from] move: Belly Drum\n|\n|upkeep\n|turn|2\n|inactive|MARTINOGARRIXXIO has 30 seconds left.\n|inactive|FunnyOwl27 has 30 seconds left.\n|inactive|FunnyOwl27 has 20 seconds left.\n|inactive|MARTINOGARRIXXIO has 20 seconds left.\n|inactive|FunnyOwl27 has 15 seconds left.\n|inactive|FunnyOwl27 has 10 seconds left.\n|inactive|FunnyOwl27 has 5 seconds left.\n|\n|t:|1699951111\n|switch|p1b: Rillaboom|Rillaboom, L50, M|100\/100\n|-fieldstart|move: Grassy Terrain|[from] ability: Grassy Surge|[of] p1b: Rillaboom\n|-terastallize|p2b: Snorlax|Ghost\n|move|p1a: Tornadus|Tailwind|p1a: Tornadus\n|-sidestart|p1: MARTINOGARRIXXIO|move: Tailwind\n|move|p2a: Indeedee|Heal Pulse|p2b: Snorlax\n|-heal|p2b: Snorlax|100\/100\n|move|p2b: Snorlax|Crunch|p1a: Tornadus\n|-damage|p1a: Tornadus|0 fnt\n|faint|p1a: Tornadus\n|\n|-heal|p2a: Indeedee|39\/100|[from] Grassy Terrain\n|upkeep\n|\n|t:|1699951125\n|switch|p1a: Chien-Pao|Chien-Pao, L50|100\/100\n|-ability|p1a: Chien-Pao|Sword of Ruin\n|turn|3\n|inactive|MARTINOGARRIXXIO has 30 seconds left.\n|\n|t:|1699951154\n|move|p2a: Indeedee|Follow Me|p2a: Indeedee\n|-singleturn|p2a: Indeedee|move: Follow Me\n|move|p1a: Chien-Pao|Sucker Punch||[still]\n|-fail|p1a: Chien-Pao\n|move|p1b: Rillaboom|Wood Hammer|p2a: Indeedee\n|-damage|p2a: Indeedee|0 fnt\n|faint|p2a: Indeedee\n|-damage|p1b: Rillaboom|90\/100|[from] Recoil\n|move|p2b: Snorlax|Last Resort|p1a: Chien-Pao\n|-enditem|p1a: Chien-Pao|Focus Sash\n|-damage|p1a: Chien-Pao|1\/100\n|\n|-heal|p1a: Chien-Pao|7\/100|[from] Grassy Terrain\n|-heal|p1b: Rillaboom|96\/100|[from] Grassy Terrain\n|upkeep\n|\n|t:|1699951175\n|switch|p2a: Arcanine|Arcanine-Hisui, L50, F|100\/100\n|-ability|p2a: Arcanine|Intimidate|boost\n|-unboost|p1a: Chien-Pao|atk|1\n|-unboost|p1b: Rillaboom|atk|1\n|turn|4\n|\n|t:|1699951190\n|move|p1a: Chien-Pao|Sucker Punch|p2b: Snorlax\n|-supereffective|p2b: Snorlax\n|-damage|p2b: Snorlax|60\/100\n|move|p1b: Rillaboom|Wood Hammer|p2b: Snorlax\n|-damage|p2b: Snorlax|2\/100\n|-enditem|p2b: Snorlax|Sitrus Berry|[eat]\n|-heal|p2b: Snorlax|26\/100|[from] item: Sitrus Berry\n|-damage|p1b: Rillaboom|71\/100|[from] Recoil\n|move|p2a: Arcanine|Rock Slide|p1a: Chien-Pao|[spread] p1a,p1b\n|-supereffective|p1a: Chien-Pao\n|-damage|p1a: Chien-Pao|0 fnt\n|-damage|p1b: Rillaboom|38\/100\n|faint|p1a: Chien-Pao\n|move|p2b: Snorlax|Last Resort|p1b: Rillaboom\n|-damage|p1b: Rillaboom|0 fnt\n|faint|p1b: Rillaboom\n|\n|-heal|p2b: Snorlax|32\/100|[from] Grassy Terrain\n|upkeep\n|\n|t:|1699951209\n|switch|p1b: Urshifu|Urshifu-Rapid-Strike, L50, M, tera:Water|100\/100\n|turn|5\n|\n|t:|1699951223\n|move|p1b: Urshifu|Surging Strikes|p2b: Snorlax\n|-crit|p2b: Snorlax\n|-damage|p2b: Snorlax|7\/100\n|-crit|p2b: Snorlax\n|-damage|p2b: Snorlax|0 fnt\n|faint|p2b: Snorlax\n|-hitcount|p2: Snorlax|2\n|move|p2a: Arcanine|Rock Slide|p1b: Urshifu\n|-damage|p1b: Urshifu|64\/100\n|\n|-heal|p1b: Urshifu|70\/100|[from] Grassy Terrain\n|-sideend|p1: MARTINOGARRIXXIO|move: Tailwind\n|upkeep\n|\n|t:|1699951232\n|switch|p2b: Gholdengo|Gholdengo, L50|100\/100\n|turn|6\n|\n|t:|1699951254\n|move|p2a: Arcanine|Rock Slide|p1b: Urshifu\n|-damage|p1b: Urshifu|34\/100\n|move|p2b: Gholdengo|Shadow Ball|p1b: Urshifu\n|-damage|p1b: Urshifu|0 fnt\n|faint|p1b: Urshifu\n|\n|win|FunnyOwl27\n|raw|MARTINOGARRIXXIO's rating: 1192 &rarr; <strong>1162<\/strong><br \/>(-30 for losing)\n|raw|FunnyOwl27's rating: 1119 &rarr; <strong>1149<\/strong><br \/>(+30 for winning)\n","uploadtime":1699951261,"views":16,"p1id":"martinogarrixxio","p2id":"funnyowl27","formatid":"gen9vgc2023regulatione","rating":1149,"private":0,"password":""}