{"id":"gen9vgc2023regulatione-1999063768","p1":"SouthCroydonSaurs","p2":"Bitt 24","format":"[Gen 9] VGC 2023 Regulation E","log":"|j|\u2606SouthCroydonSaurs\n|j|\u2606Bitt 24\n|n|\u2606SouthCroydonSaurs|southcroydonsaurs\n|n|\u2606Bitt 24|bitt24\n|html|View the match progress at <a href=\"\/game-bestof3-gen9vgc2023regulatione-1999063767\">game-bestof3-gen9vgc2023regulatione-1999063767<\/a>\n|t:|1701029268\n|gametype|doubles\n|player|p1|SouthCroydonSaurs|265|\n|player|p2|Bitt 24|101|\n|teamsize|p1|6\n|teamsize|p2|6\n|gen|9\n|tier|[Gen 9] VGC 2023 Regulation E\n|rule|Species Clause: Limit one of each Pok\u00e9mon\n|rule|Item Clause: Limit one of each item\n|clearpoke\n|poke|p1|Electrode-Hisui, L50|\n|poke|p1|Iron Jugulis, L50|\n|poke|p1|Gholdengo, L50|\n|poke|p1|Iron Moth, L50|\n|poke|p1|Politoed, L50, M|\n|poke|p1|Overqwil, L50, M|\n|poke|p2|Mudsdale, L50, M|\n|poke|p2|Cresselia, L50, F|\n|poke|p2|Sneasel, L50, F|\n|poke|p2|Gyarados, L50, M|\n|poke|p2|Rotom-Mow, L50|\n|poke|p2|Florges-Yellow, L50, F|\n|teampreview|4\n|c|\u2606Bitt 24|Hey Glhf, can u send links?\nBitt 24 rejected open team sheets.\n|c|\u2606SouthCroydonSaurs|links sent glhf :)\n|j| IlVentodOricorio\n|l| IlVentodOricorio\n|j| Memebasedgod\n|j| IlVentodOricorio\n|c|\u2606Bitt 24|Thanks\n|l| IlVentodOricorio\n|j| IlVentodOricorio\n|\n|t:|1701029404\n|start\n|switch|p1a: Electrode|Electrode-Hisui, L50|100\/100\n|switch|p1b: Iron Jugulis|Iron Jugulis, L50|100\/100\n|switch|p2a: Cresselia|Cresselia, L50, F|100\/100\n|switch|p2b: Sneasel|Sneasel, L50, F|100\/100\n|-enditem|p1b: Iron Jugulis|Booster Energy\n|-activate|p1b: Iron Jugulis|ability: Quark Drive|[fromitem]\n|-start|p1b: Iron Jugulis|quarkdrivespe\n|turn|1\n|j| Fmaster94\n|\n|t:|1701029427\n|move|p2b: Sneasel|Fake Out|p1b: Iron Jugulis\n|-damage|p1b: Iron Jugulis|89\/100\n|cant|p1b: Iron Jugulis|flinch\n|move|p1a: Electrode|Taunt|p2a: Cresselia\n|-start|p2a: Cresselia|move: Taunt\n|cant|p2a: Cresselia|move: Taunt|Trick Room\n|\n|upkeep\n|turn|2\n|\n|t:|1701029445\n|move|p1b: Iron Jugulis|Flamethrower|p2b: Sneasel\n|-supereffective|p2b: Sneasel\n|-damage|p2b: Sneasel|4\/100\n|move|p1a: Electrode|Electric Terrain|p1a: Electrode\n|-fieldstart|move: Electric Terrain\n|move|p2b: Sneasel|Ice Punch|p1a: Electrode\n|-supereffective|p1a: Electrode\n|-crit|p1a: Electrode\n|-damage|p1a: Electrode|0 fnt\n|faint|p1a: Electrode\n|move|p2a: Cresselia|Shadow Ball|p1b: Iron Jugulis\n|-resisted|p1b: Iron Jugulis\n|-damage|p1b: Iron Jugulis|82\/100\n|-unboost|p1b: Iron Jugulis|spd|1\n|\n|upkeep\n|\n|t:|1701029461\n|switch|p1a: Gholdengo|Gholdengo, L50|100\/100\n|turn|3\n|\n|t:|1701029495\n|move|p1b: Iron Jugulis|Tailwind|p1b: Iron Jugulis\n|-sidestart|p1: SouthCroydonSaurs|move: Tailwind\n|move|p1a: Gholdengo|Make It Rain|p2b: Sneasel|[spread] p2a,p2b\n|-crit|p2a: Cresselia\n|-supereffective|p2b: Sneasel\n|-damage|p2a: Cresselia|56\/100\n|-damage|p2b: Sneasel|0 fnt\n|-unboost|p1a: Gholdengo|spa|1\n|faint|p2b: Sneasel\n|move|p2a: Cresselia|Shadow Ball|p1a: Gholdengo\n|-supereffective|p1a: Gholdengo\n|-damage|p1a: Gholdengo|74\/100\n|\n|-heal|p2a: Cresselia|62\/100|[from] item: Leftovers\n|-end|p2a: Cresselia|move: Taunt\n|upkeep\n|\n|t:|1701029507\n|switch|p2b: Mudsdale|Mudsdale, L50, M|100\/100\n|turn|4\n|\n|t:|1701029548\n|move|p1b: Iron Jugulis|Knock Off|p2a: Cresselia\n|-supereffective|p2a: Cresselia\n|-damage|p2a: Cresselia|30\/100\n|-enditem|p2a: Cresselia|Leftovers|[from] move: Knock Off|[of] p1b: Iron Jugulis\n|move|p1a: Gholdengo|Make It Rain|p2a: Cresselia|[spread] p2a,p2b\n|-damage|p2a: Cresselia|12\/100\n|-damage|p2b: Mudsdale|81\/100\n|-unboost|p1a: Gholdengo|spa|1\n|move|p2b: Mudsdale|High Horsepower|p1a: Gholdengo\n|-supereffective|p1a: Gholdengo\n|-damage|p1a: Gholdengo|0 fnt\n|faint|p1a: Gholdengo\n|move|p2a: Cresselia|Trick Room|p2a: Cresselia\n|-fieldstart|move: Trick Room|[of] p2a: Cresselia\n|\n|upkeep\n|\n|t:|1701029562\n|switch|p1a: Iron Moth|Iron Moth, L50|100\/100\n|-activate|p1a: Iron Moth|ability: Quark Drive\n|-start|p1a: Iron Moth|quarkdrivespa\n|-item|p1a: Iron Moth|Air Balloon\n|turn|5\n|\n|t:|1701029585\n|move|p1a: Iron Moth|Protect|p1a: Iron Moth\n|-singleturn|p1a: Iron Moth|Protect\n|move|p2b: Mudsdale|Rock Slide|p1b: Iron Jugulis|[spread] p1b\n|-activate|p1a: Iron Moth|move: Protect\n|-supereffective|p1b: Iron Jugulis\n|-damage|p1b: Iron Jugulis|43\/100\n|move|p2a: Cresselia|Lunar Blessing|p2a: Cresselia|[spread] p2a,p2b\n|-heal|p2a: Cresselia|37\/100\n|-heal|p2b: Mudsdale|100\/100\n|move|p1b: Iron Jugulis|Air Slash|p2a: Cresselia\n|-crit|p2a: Cresselia\n|-damage|p2a: Cresselia|12\/100\n|\n|upkeep\n|turn|6\n|\n|t:|1701029618\n|-terastallize|p1a: Iron Moth|Grass\n|move|p2a: Cresselia|Helping Hand|p2b: Mudsdale\n|-singleturn|p2b: Mudsdale|Helping Hand|[of] p2a: Cresselia\n|move|p2b: Mudsdale|Rock Slide|p1b: Iron Jugulis|[spread] p1a,p1b\n|-supereffective|p1b: Iron Jugulis\n|-damage|p1a: Iron Moth|54\/100\n|-damage|p1b: Iron Jugulis|0 fnt\n|-enditem|p1a: Iron Moth|Air Balloon\n|faint|p1b: Iron Jugulis\n|-end|p1b: Iron Jugulis|Quark Drive|[silent]\n|move|p1a: Iron Moth|Energy Ball|p2b: Mudsdale\n|-supereffective|p2b: Mudsdale\n|-damage|p2b: Mudsdale|16\/100\n|\n|-sideend|p1: SouthCroydonSaurs|move: Tailwind\n|-fieldend|move: Electric Terrain\n|-end|p1a: Iron Moth|Quark Drive\n|upkeep\n|turn|7\n|\n|t:|1701029640\n|move|p1a: Iron Moth|Protect|p1a: Iron Moth\n|-singleturn|p1a: Iron Moth|Protect\n|move|p2b: Mudsdale|Rock Slide|p1a: Iron Moth\n|-activate|p1a: Iron Moth|move: Protect\n|move|p2a: Cresselia|Shadow Ball|p1a: Iron Moth\n|-activate|p1a: Iron Moth|move: Protect\n|\n|upkeep\n|turn|8\n|\n|t:|1701029649\n|move|p2a: Cresselia|Helping Hand|p2b: Mudsdale\n|-singleturn|p2b: Mudsdale|Helping Hand|[of] p2a: Cresselia\n|move|p1a: Iron Moth|Protect||[still]\n|-fail|p1a: Iron Moth\n|move|p2b: Mudsdale|Rock Slide|p1a: Iron Moth\n|-damage|p1a: Iron Moth|0 fnt\n|faint|p1a: Iron Moth\n|-end|p1a: Iron Moth|Quark Drive|[silent]\n|\n|win|Bitt 24\n|inactive|SouthCroydonSaurs has 50 seconds to confirm battle start!\n|inactive|Bitt 24 has 50 seconds to confirm battle start!\n|c|\u2606Bitt 24|Gg\n|c|&|\/uhtml prompt-bitt24,Bitt 24 is ready for game 2!\n|c|\u2606SouthCroydonSaurs|gg\n|inactive|SouthCroydonSaurs has 40 seconds to confirm battle start!\n|c|&|\/uhtml prompt-southcroydonsaurs,SouthCroydonSaurs is ready for game 2!\nBoth players are ready! Starting next match!\n|j| Jay Jingles\n|l| Memebasedgod\n|l|\u2606Bitt 24\n|l| IlVentodOricorio\n","uploadtime":1701030407,"views":14,"p1id":"southcroydonsaurs","p2id":"bitt24","formatid":"gen9vgc2023regulatione","rating":0,"private":0,"password":""}