{"id":"gen9vgc2023regulatione-1991558906","p1":"Dumdunsparce","p2":"beyontle","format":"[Gen 9] VGC 2023 Regulation E","log":"|j|\u2606Dumdunsparce\n|j|\u2606beyontle\n|t:|1700088289\n|gametype|doubles\n|player|p1|Dumdunsparce|harlequin|1361\n|player|p2|beyontle|265|1333\n|teamsize|p1|6\n|teamsize|p2|6\n|gen|9\n|tier|[Gen 9] VGC 2023 Regulation E\n|rated|\n|rule|Species Clause: Limit one of each Pok\u00e9mon\n|rule|Item Clause: Limit one of each item\n|clearpoke\n|poke|p1|Thundurus, L50, M|\n|poke|p1|Rillaboom, L50, M|\n|poke|p1|Gholdengo, L50|\n|poke|p1|Roaring Moon, L50|\n|poke|p1|Slowbro, L50, F|\n|poke|p1|Tauros-Paldea-Blaze, L50, M|\n|poke|p2|Tatsugiri, L50, M|\n|poke|p2|Iron Hands, L50|\n|poke|p2|Ogerpon, L50, F|\n|poke|p2|Arcanine-Hisui, L50, F|\n|poke|p2|Dondozo, L50, M|\n|poke|p2|Roaring Moon, L50|\n|teampreview|4\nDumdunsparce rejected open team sheets.\n|\n|t:|1700088326\n|start\n|switch|p1a: Thundurus|Thundurus, L50, M|100\/100\n|switch|p1b: Rillaboom|Rillaboom, L50, M|100\/100\n|switch|p2a: Roaring Moon|Roaring Moon, L50|100\/100\n|switch|p2b: Iron Hands|Iron Hands, L50|100\/100\n|-fieldstart|move: Grassy Terrain|[from] ability: Grassy Surge|[of] p1b: Rillaboom\n|-enditem|p1a: Thundurus|Grassy Seed\n|-boost|p1a: Thundurus|def|1|[from] item: Grassy Seed\n|-enditem|p2a: Roaring Moon|Booster Energy\n|-activate|p2a: Roaring Moon|ability: Protosynthesis|[fromitem]\n|-start|p2a: Roaring Moon|protosynthesisspe\n|turn|1\n|\n|t:|1700088344\n|switch|p1b: Tauros|Tauros-Paldea-Blaze, L50, M|100\/100\n|-ability|p1b: Tauros|Intimidate|boost\n|-unboost|p2a: Roaring Moon|atk|1\n|-unboost|p2b: Iron Hands|atk|1\n|move|p2b: Iron Hands|Fake Out|p1a: Thundurus\n|-damage|p1a: Thundurus|91\/100\n|move|p2a: Roaring Moon|Tailwind|p2a: Roaring Moon\n|-sidestart|p2: beyontle|move: Tailwind\n|cant|p1a: Thundurus|flinch\n|\n|upkeep\n|turn|2\n|\n|t:|1700088369\n|-terastallize|p2a: Roaring Moon|Flying\n|move|p1b: Tauros|Protect|p1b: Tauros\n|-singleturn|p1b: Tauros|Protect\n|move|p2a: Roaring Moon|Acrobatics|p1b: Tauros\n|-activate|p1b: Tauros|move: Protect\n|move|p1a: Thundurus|Bulk Up|p1a: Thundurus\n|-boost|p1a: Thundurus|atk|1\n|-boost|p1a: Thundurus|def|1\n|move|p2b: Iron Hands|Wild Charge|p1a: Thundurus\n|-damage|p1a: Thundurus|67\/100\n|-damage|p2b: Iron Hands|96\/100|[from] Recoil\n|\n|-heal|p2b: Iron Hands|100\/100|[from] Grassy Terrain\n|upkeep\n|turn|3\n|\n|t:|1700088391\n|switch|p1b: Slowbro|Slowbro, L50, F|100\/100\n|move|p2a: Roaring Moon|Acrobatics|p1b: Slowbro\n|-damage|p1b: Slowbro|70\/100\n|move|p1a: Thundurus|Acrobatics|p2a: Roaring Moon\n|-damage|p2a: Roaring Moon|0 fnt\n|faint|p2a: Roaring Moon\n|-end|p2a: Roaring Moon|Protosynthesis|[silent]\n|move|p2b: Iron Hands|Wild Charge|p1a: Thundurus\n|-damage|p1a: Thundurus|43\/100\n|-damage|p2b: Iron Hands|96\/100|[from] Recoil\n|\n|-heal|p2b: Iron Hands|100\/100|[from] Grassy Terrain\n|-heal|p1b: Slowbro|76\/100|[from] Grassy Terrain\n|-heal|p1b: Slowbro|82\/100|[from] item: Leftovers\n|upkeep\n|\n|t:|1700088395\n|switch|p2a: Dondozo|Dondozo, L50, M|100\/100\n|turn|4\n|\n|t:|1700088428\n|switch|p1a: Tauros|Tauros-Paldea-Blaze, L50, M|100\/100\n|-ability|p1a: Tauros|Intimidate|boost\n|-unboost|p2a: Dondozo|atk|1\n|-unboost|p2b: Iron Hands|atk|1\n|-end|p2b: Iron Hands|Quark Drive|[silent]\n|switch|p2b: Tatsugiri|Tatsugiri, L50, M|100\/100\n|-activate|p2b: Tatsugiri|ability: Commander|[of] p2a: Dondozo\n|-boost|p2a: Dondozo|atk|2\n|-boost|p2a: Dondozo|spa|2\n|-boost|p2a: Dondozo|spe|2\n|-boost|p2a: Dondozo|def|2\n|-boost|p2a: Dondozo|spd|2\n|move|p2a: Dondozo|Wave Crash|p1a: Tauros\n|-supereffective|p1a: Tauros\n|-damage|p1a: Tauros|0 fnt\n|faint|p1a: Tauros\n|-damage|p2a: Dondozo|75\/100|[from] Recoil\n|move|p1b: Slowbro|Iron Defense|p1b: Slowbro\n|-boost|p1b: Slowbro|def|2\n|\n|-heal|p2a: Dondozo|81\/100|[from] Grassy Terrain\n|-heal|p1b: Slowbro|88\/100|[from] Grassy Terrain\n|-heal|p1b: Slowbro|94\/100|[from] item: Leftovers\n|-sideend|p2: beyontle|move: Tailwind\n|upkeep\n|\n|t:|1700088452\n|switch|p1a: Rillaboom|Rillaboom, L50, M|100\/100\n|turn|5\n|\n|t:|1700088473\n|move|p1a: Rillaboom|Fake Out|p2a: Dondozo\n|-damage|p2a: Dondozo|76\/100\n|cant|p2a: Dondozo|flinch\n|move|p1b: Slowbro|Psychic|p2a: Dondozo\n|-damage|p2a: Dondozo|62\/100\n|\n|-heal|p2a: Dondozo|68\/100|[from] Grassy Terrain\n|-heal|p1b: Slowbro|99\/100|[from] Grassy Terrain\n|-heal|p1b: Slowbro|100\/100|[from] item: Leftovers\n|-fieldend|move: Grassy Terrain\n|upkeep\n|turn|6\n|\n|t:|1700088490\n|move|p2a: Dondozo|Earthquake|p1b: Slowbro|[spread] p1a,p1b\n|-miss|p2a: Dondozo|p2b: Tatsugiri\n|-resisted|p1a: Rillaboom\n|-damage|p1a: Rillaboom|85\/100\n|-damage|p1b: Slowbro|78\/100\n|move|p1a: Rillaboom|Wood Hammer|p2a: Dondozo\n|-supereffective|p2a: Dondozo\n|-damage|p2a: Dondozo|26\/100\n|-damage|p1a: Rillaboom|70\/100|[from] Recoil\n|move|p1b: Slowbro|Psychic|p2a: Dondozo\n|-damage|p2a: Dondozo|12\/100\n|\n|-heal|p1b: Slowbro|84\/100|[from] item: Leftovers\n|upkeep\n|turn|7\n|\n|t:|1700088516\n|move|p2a: Dondozo|Wave Crash|p1b: Slowbro\n|-resisted|p1b: Slowbro\n|-damage|p1b: Slowbro|54\/100\n|-damage|p2a: Dondozo|4\/100|[from] Recoil\n|move|p1a: Rillaboom|Wood Hammer|p2a: Dondozo\n|-supereffective|p2a: Dondozo\n|-damage|p2a: Dondozo|0 fnt\n|faint|p2a: Dondozo\n|-damage|p1a: Rillaboom|69\/100|[from] Recoil\n|move|p1b: Slowbro|Body Press|p2b: Tatsugiri\n|-damage|p2b: Tatsugiri|50\/100\n|-damage|p1b: Slowbro|38\/100|[from] item: Rocky Helmet|[of] p2b: Tatsugiri\n|\n|-heal|p1b: Slowbro|44\/100|[from] item: Leftovers\n|upkeep\n|\n|t:|1700088521\n|switch|p2a: Iron Hands|Iron Hands, L50|100\/100\n|turn|8\n|\n|t:|1700088544\n|switch|p1a: Thundurus|Thundurus, L50, M|43\/100\n|move|p2b: Tatsugiri|Protect|p2b: Tatsugiri\n|-singleturn|p2b: Tatsugiri|Protect\n|move|p1b: Slowbro|Protect|p1b: Slowbro\n|-singleturn|p1b: Slowbro|Protect\n|move|p2a: Iron Hands|Wild Charge|p1b: Slowbro\n|-activate|p1b: Slowbro|move: Protect\n|\n|-heal|p1b: Slowbro|50\/100|[from] item: Leftovers\n|upkeep\n|turn|9\n|\n|t:|1700088563\n|switch|p1b: Rillaboom|Rillaboom, L50, M|69\/100\n|-fieldstart|move: Grassy Terrain|[from] ability: Grassy Surge|[of] p1b: Rillaboom\n|move|p2b: Tatsugiri|Helping Hand|p2a: Iron Hands\n|-singleturn|p2a: Iron Hands|Helping Hand|[of] p2b: Tatsugiri\n|move|p1a: Thundurus|Protect|p1a: Thundurus\n|-singleturn|p1a: Thundurus|Protect\n|move|p2a: Iron Hands|Wild Charge|p1b: Rillaboom\n|-resisted|p1b: Rillaboom\n|-damage|p1b: Rillaboom|34\/100\n|-damage|p2a: Iron Hands|93\/100|[from] Recoil\n|\n|-heal|p2b: Tatsugiri|57\/100|[from] Grassy Terrain\n|-heal|p1b: Rillaboom|40\/100|[from] Grassy Terrain\n|-heal|p2a: Iron Hands|99\/100|[from] Grassy Terrain\n|upkeep\n|turn|10\n|\n|t:|1700088591\n|move|p2b: Tatsugiri|Protect|p2b: Tatsugiri\n|-singleturn|p2b: Tatsugiri|Protect\n|move|p1b: Rillaboom|Fake Out|p2a: Iron Hands\n|-damage|p2a: Iron Hands|88\/100\n|move|p1a: Thundurus|Acrobatics|p2b: Tatsugiri\n|-activate|p2b: Tatsugiri|move: Protect\n|cant|p2a: Iron Hands|flinch\n|\n|-heal|p2b: Tatsugiri|63\/100|[from] Grassy Terrain\n|-heal|p1b: Rillaboom|46\/100|[from] Grassy Terrain\n|-heal|p2a: Iron Hands|94\/100|[from] Grassy Terrain\n|upkeep\n|turn|11\n|\n|t:|1700088618\n|switch|p1b: Slowbro|Slowbro, L50, F|50\/100\n|move|p1a: Thundurus|Acrobatics|p2b: Tatsugiri\n|-damage|p2b: Tatsugiri|0 fnt\n|-damage|p1a: Thundurus|26\/100|[from] item: Rocky Helmet|[of] p2b: Tatsugiri\n|faint|p2b: Tatsugiri\n|move|p2a: Iron Hands|Wild Charge|p1a: Thundurus\n|-damage|p1a: Thundurus|0 fnt\n|faint|p1a: Thundurus\n|-damage|p2a: Iron Hands|90\/100|[from] Recoil\n|\n|-heal|p2a: Iron Hands|95\/100|[from] Grassy Terrain\n|-heal|p1b: Slowbro|55\/100|[from] Grassy Terrain\n|-heal|p1b: Slowbro|61\/100|[from] item: Leftovers\n|upkeep\n|\n|t:|1700088629\n|switch|p1a: Rillaboom|Rillaboom, L50, M|46\/100\n|turn|12\n|\n|t:|1700088633\n|move|p1a: Rillaboom|Fake Out|p2a: Iron Hands\n|-crit|p2a: Iron Hands\n|-damage|p2a: Iron Hands|81\/100\n|cant|p2a: Iron Hands|flinch\n|move|p1b: Slowbro|Iron Defense|p1b: Slowbro\n|-boost|p1b: Slowbro|def|2\n|\n|-heal|p1a: Rillaboom|52\/100|[from] Grassy Terrain\n|-heal|p2a: Iron Hands|87\/100|[from] Grassy Terrain\n|-heal|p1b: Slowbro|67\/100|[from] Grassy Terrain\n|-heal|p1b: Slowbro|73\/100|[from] item: Leftovers\n|upkeep\n|turn|13\n|\n|t:|1700088650\n|-terastallize|p1b: Slowbro|Fairy\n|move|p1a: Rillaboom|Wood Hammer|p2a: Iron Hands\n|-damage|p2a: Iron Hands|25\/100\n|-damage|p1a: Rillaboom|28\/100|[from] Recoil\n|move|p2a: Iron Hands|Wild Charge|p1b: Slowbro\n|-damage|p1b: Slowbro|52\/100\n|-damage|p2a: Iron Hands|21\/100|[from] Recoil\n|move|p1b: Slowbro|Psychic|p2a: Iron Hands\n|-supereffective|p2a: Iron Hands\n|-damage|p2a: Iron Hands|0 fnt\n|faint|p2a: Iron Hands\n|-end|p2a: Iron Hands|Quark Drive|[silent]\n|\n|win|Dumdunsparce\n|raw|Dumdunsparce's rating: 1361 &rarr; <strong>1379<\/strong><br \/>(+18 for winning)\n|raw|beyontle's rating: 1333 &rarr; <strong>1315<\/strong><br \/>(-18 for losing)\n|l|\u2606beyontle\n","uploadtime":1700088664,"views":19,"p1id":"dumdunsparce","p2id":"beyontle","formatid":"gen9vgc2023regulatione","rating":1315,"private":0,"password":""}