{"id":"gen9vgc2023regulatione-1998930648","p1":"CrangonVGC","p2":"Blanc&GibleVGC","format":"[Gen 9] VGC 2023 Regulation E","log":"|j|\u2606CrangonVGC\n|j|\u2606Blanc&GibleVGC\n|t:|1701014465\n|gametype|doubles\n|player|p1|CrangonVGC|bugcatcher-gen4dp|1166\n|player|p2|Blanc&GibleVGC|psychic-gen4|1124\n|teamsize|p1|6\n|teamsize|p2|6\n|gen|9\n|tier|[Gen 9] VGC 2023 Regulation E\n|rated|\n|rule|Species Clause: Limit one of each Pok\u00e9mon\n|rule|Item Clause: Limit one of each item\n|clearpoke\n|poke|p1|Toxapex, L50, M|\n|poke|p1|Sableye, L50, F|\n|poke|p1|Flutter Mane, L50|\n|poke|p1|Dondozo, L50, F|\n|poke|p1|Tatsugiri-Droopy, L50, M|\n|poke|p1|Garganacl, L50, F|\n|poke|p2|Kleavor, L50, F|\n|poke|p2|Talonflame, L50, M|\n|poke|p2|Heatran, L50, M|\n|poke|p2|Iron Hands, L50|\n|poke|p2|Iron Bundle, L50|\n|poke|p2|Flutter Mane, L50|\n|teampreview|4\n|inactive|Battle timer is ON: inactive players will automatically lose when time's up. (requested by Blanc&GibleVGC)\n|\n|t:|1701014476\n|start\n|switch|p1a: Toxapex|Toxapex, L50, M|100\/100\n|switch|p1b: Sableye|Sableye, L50, F|100\/100\n|switch|p2a: Iron Hands|Iron Hands, L50|100\/100\n|switch|p2b: Iron Bundle|Iron Bundle, L50|100\/100\n|-enditem|p2b: Iron Bundle|Booster Energy\n|-activate|p2b: Iron Bundle|ability: Quark Drive|[fromitem]\n|-start|p2b: Iron Bundle|quarkdrivespe\n|turn|1\n|inactive|Blanc&GibleVGC has 30 seconds left.\n|\n|t:|1701014507\n|move|p1b: Sableye|Fake Out|p2b: Iron Bundle\n|-damage|p2b: Iron Bundle|91\/100\n|cant|p2b: Iron Bundle|flinch\n|move|p2a: Iron Hands|Heavy Slam|p1b: Sableye\n|-damage|p1b: Sableye|54\/100\n|move|p1a: Toxapex|Infestation|p2b: Iron Bundle\n|-damage|p2b: Iron Bundle|85\/100\n|-activate|p2b: Iron Bundle|move: Infestation|[of] p1a: Toxapex\n|\n|-damage|p2b: Iron Bundle|68\/100|[from] move: Infestation|[partiallytrapped]\n|upkeep\n|turn|2\n|\n|t:|1701014523\n|move|p1a: Toxapex|Baneful Bunker|p1a: Toxapex\n|-singleturn|p1a: Toxapex|move: Protect\n|move|p1b: Sableye|Encore|p2a: Iron Hands\n|-start|p2a: Iron Hands|Encore\n|move|p2b: Iron Bundle|Icy Wind|p1b: Sableye|[spread] p1b\n|-activate|p1a: Toxapex|move: Protect\n|-damage|p1b: Sableye|28\/100\n|-unboost|p1b: Sableye|spe|1\n|move|p2a: Iron Hands|Heavy Slam|p1b: Sableye\n|-damage|p1b: Sableye|0 fnt\n|faint|p1b: Sableye\n|\n|-damage|p2b: Iron Bundle|51\/100|[from] move: Infestation|[partiallytrapped]\n|upkeep\n|\n|t:|1701014535\n|switch|p1b: Dondozo|Dondozo, L50, F|100\/100\n|turn|3\n|\n|t:|1701014559\n|-end|p2a: Iron Hands|Quark Drive|[silent]\n|switch|p2a: Kleavor|Kleavor, L50, F, shiny|100\/100\n|move|p2b: Iron Bundle|Freeze-Dry|p1b: Dondozo\n|-supereffective|p1b: Dondozo\n|-damage|p1b: Dondozo|49\/100\n|move|p1a: Toxapex|Infestation|p2a: Kleavor\n|-damage|p2a: Kleavor|96\/100\n|-activate|p2a: Kleavor|move: Infestation|[of] p1a: Toxapex\n|move|p1b: Dondozo|Body Press|p2b: Iron Bundle\n|-supereffective|p2b: Iron Bundle\n|-damage|p2b: Iron Bundle|0 fnt\n|faint|p2b: Iron Bundle\n|-end|p2b: Iron Bundle|Quark Drive|[silent]\n|\n|-heal|p1b: Dondozo|55\/100|[from] item: Leftovers\n|-damage|p2a: Kleavor|80\/100|[from] move: Infestation|[partiallytrapped]\n|upkeep\n|\n|t:|1701014574\n|switch|p2b: Iron Hands|Iron Hands, L50|100\/100\n|turn|4\n|\n|t:|1701014589\n|switch|p1a: Tatsugiri|Tatsugiri-Droopy, L50, M|100\/100\n|-activate|p1a: Tatsugiri|ability: Commander|[of] p1b: Dondozo\n|-boost|p1b: Dondozo|atk|2\n|-boost|p1b: Dondozo|spa|2\n|-boost|p1b: Dondozo|spe|2\n|-boost|p1b: Dondozo|def|2\n|-boost|p1b: Dondozo|spd|2\n|-terastallize|p1b: Dondozo|Fighting\n|move|p2a: Kleavor|Trailblaze|p1b: Dondozo\n|-damage|p1b: Dondozo|43\/100\n|move|p1b: Dondozo|Body Press|p2a: Kleavor\n|-damage|p2a: Kleavor|0 fnt\n|faint|p2a: Kleavor\n|move|p2b: Iron Hands|Wild Charge|p1b: Dondozo\n|-damage|p1b: Dondozo|27\/100\n|-damage|p2b: Iron Hands|96\/100|[from] Recoil\n|\n|-heal|p1b: Dondozo|33\/100|[from] item: Leftovers\n|upkeep\n|\n|t:|1701014604\n|switch|p2a: Heatran|Heatran, L50, M|100\/100\n|turn|5\n|\n|t:|1701014619\n|move|p2a: Heatran|Protect|p2a: Heatran\n|-singleturn|p2a: Heatran|Protect\n|move|p1b: Dondozo|Rest|p1b: Dondozo\n|-status|p1b: Dondozo|slp|[from] move: Rest\n|-heal|p1b: Dondozo|100\/100 slp|[silent]\n|move|p2b: Iron Hands|Wild Charge|p1b: Dondozo\n|-damage|p1b: Dondozo|85\/100 slp\n|-damage|p2b: Iron Hands|92\/100|[from] Recoil\n|\n|-heal|p1b: Dondozo|91\/100 slp|[from] item: Leftovers\n|upkeep\n|turn|6\n|\n|t:|1701014636\n|cant|p1b: Dondozo|slp\n|move|p2a: Heatran|Magma Storm|p1b: Dondozo\n|-damage|p1b: Dondozo|66\/100 slp\n|-activate|p1b: Dondozo|move: Magma Storm|[of] p2a: Heatran\n|-damage|p2a: Heatran|91\/100|[from] item: Life Orb\n|move|p2b: Iron Hands|Wild Charge|p1b: Dondozo\n|-damage|p1b: Dondozo|50\/100 slp\n|-damage|p2b: Iron Hands|88\/100|[from] Recoil\n|\n|-heal|p1b: Dondozo|56\/100 slp|[from] item: Leftovers\n|-damage|p1b: Dondozo|44\/100 slp|[from] move: Magma Storm|[partiallytrapped]\n|upkeep\n|turn|7\n|\n|t:|1701014651\n|cant|p1b: Dondozo|slp\n|move|p2a: Heatran|Magma Storm|p1b: Dondozo|[miss]\n|-miss|p2a: Heatran|p1b: Dondozo\n|move|p2b: Iron Hands|Wild Charge|p1b: Dondozo\n|-damage|p1b: Dondozo|29\/100 slp\n|-damage|p2b: Iron Hands|84\/100|[from] Recoil\n|\n|-heal|p1b: Dondozo|35\/100 slp|[from] item: Leftovers\n|-damage|p1b: Dondozo|23\/100 slp|[from] move: Magma Storm|[partiallytrapped]\n|upkeep\n|turn|8\n|\n|t:|1701014664\n|-curestatus|p1b: Dondozo|slp|[msg]\n|move|p1b: Dondozo|Rest|p1b: Dondozo\n|-status|p1b: Dondozo|slp|[from] move: Rest\n|-heal|p1b: Dondozo|100\/100 slp|[silent]\n|move|p2a: Heatran|Magma Storm|p1b: Dondozo\n|-damage|p1b: Dondozo|73\/100 slp\n|-damage|p2a: Heatran|81\/100|[from] item: Life Orb\n|move|p2b: Iron Hands|Wild Charge|p1b: Dondozo\n|-damage|p1b: Dondozo|59\/100 slp\n|-damage|p2b: Iron Hands|81\/100|[from] Recoil\n|\n|-heal|p1b: Dondozo|65\/100 slp|[from] item: Leftovers\n|-damage|p1b: Dondozo|52\/100 slp|[from] move: Magma Storm|[partiallytrapped]\n|upkeep\n|turn|9\n|\n|t:|1701014678\n|cant|p1b: Dondozo|slp\n|move|p2a: Heatran|Magma Storm|p1b: Dondozo|[miss]\n|-miss|p2a: Heatran|p1b: Dondozo\n|move|p2b: Iron Hands|Wild Charge|p1b: Dondozo\n|-damage|p1b: Dondozo|36\/100 slp\n|-damage|p2b: Iron Hands|76\/100|[from] Recoil\n|\n|-heal|p1b: Dondozo|42\/100 slp|[from] item: Leftovers\n|-damage|p1b: Dondozo|30\/100 slp|[from] move: Magma Storm|[partiallytrapped]\n|upkeep\n|turn|10\n|\n|t:|1701014693\n|cant|p1b: Dondozo|slp\n|move|p2a: Heatran|Magma Storm|p1b: Dondozo\n|-damage|p1b: Dondozo|3\/100 slp\n|-damage|p2a: Heatran|72\/100|[from] item: Life Orb\n|move|p2b: Iron Hands|Wild Charge|p1b: Dondozo\n|-damage|p1b: Dondozo|0 fnt\n|faint|p1b: Dondozo\n|-damage|p2b: Iron Hands|75\/100|[from] Recoil\n|\n|upkeep\n|\n|t:|1701014695\n|switch|p1b: Toxapex|Toxapex, L50, M|100\/100\n|turn|11\n|\n|t:|1701014717\n|move|p2a: Heatran|Protect|p2a: Heatran\n|-singleturn|p2a: Heatran|Protect\n|move|p1a: Tatsugiri|Muddy Water|p2a: Heatran|[spread] p2b\n|-activate|p2a: Heatran|move: Protect\n|-damage|p2b: Iron Hands|59\/100\n|move|p2b: Iron Hands|Wild Charge|p1a: Tatsugiri\n|-crit|p1a: Tatsugiri\n|-damage|p1a: Tatsugiri|0 fnt\n|faint|p1a: Tatsugiri\n|-damage|p2b: Iron Hands|44\/100|[from] Recoil\n|move|p1b: Toxapex|Infestation|p2b: Iron Hands\n|-resisted|p2b: Iron Hands\n|-damage|p2b: Iron Hands|43\/100\n|-activate|p2b: Iron Hands|move: Infestation|[of] p1b: Toxapex\n|\n|-damage|p2b: Iron Hands|26\/100|[from] move: Infestation|[partiallytrapped]\n|upkeep\n|turn|12\n|\n|t:|1701014735\n|move|p1b: Toxapex|Baneful Bunker|p1b: Toxapex\n|-singleturn|p1b: Toxapex|move: Protect\n|move|p2a: Heatran|Earth Power|p1b: Toxapex\n|-activate|p1b: Toxapex|move: Protect\n|move|p2b: Iron Hands|Wild Charge|p1b: Toxapex\n|-activate|p1b: Toxapex|move: Protect\n|-status|p2b: Iron Hands|psn\n|\n|-damage|p2b: Iron Hands|14\/100 psn|[from] psn\n|-damage|p2b: Iron Hands|0 fnt|[from] move: Infestation|[partiallytrapped]\n|faint|p2b: Iron Hands\n|-end|p2b: Iron Hands|Quark Drive|[silent]\n|upkeep\n|turn|13\n|\n|t:|1701014746\n|move|p2a: Heatran|Earth Power|p1b: Toxapex\n|-supereffective|p1b: Toxapex\n|-damage|p1b: Toxapex|36\/100\n|-damage|p2a: Heatran|62\/100|[from] item: Life Orb\n|move|p1b: Toxapex|Infestation|p2a: Heatran\n|-resisted|p2a: Heatran\n|-damage|p2a: Heatran|62\/100\n|-activate|p2a: Heatran|move: Infestation|[of] p1b: Toxapex\n|\n|-damage|p2a: Heatran|45\/100|[from] move: Infestation|[partiallytrapped]\n|upkeep\n|turn|14\n|\n|t:|1701014753\n|move|p1b: Toxapex|Baneful Bunker|p1b: Toxapex\n|-singleturn|p1b: Toxapex|move: Protect\n|move|p2a: Heatran|Earth Power|p1b: Toxapex\n|-activate|p1b: Toxapex|move: Protect\n|\n|-damage|p2a: Heatran|29\/100|[from] move: Infestation|[partiallytrapped]\n|upkeep\n|turn|15\n|\n|t:|1701014757\n|move|p1b: Toxapex|Baneful Bunker|p1b: Toxapex\n|-singleturn|p1b: Toxapex|move: Protect\n|move|p2a: Heatran|Earth Power|p1b: Toxapex\n|-activate|p1b: Toxapex|move: Protect\n|\n|-damage|p2a: Heatran|12\/100|[from] move: Infestation|[partiallytrapped]\n|upkeep\n|turn|16\n|\n|t:|1701014760\n|move|p1b: Toxapex|Baneful Bunker||[still]\n|-fail|p1b: Toxapex\n|move|p2a: Heatran|Earth Power|p1b: Toxapex\n|-supereffective|p1b: Toxapex\n|-damage|p1b: Toxapex|0 fnt\n|faint|p1b: Toxapex\n|-damage|p2a: Heatran|3\/100|[from] item: Life Orb\n|\n|win|Blanc&GibleVGC\n|raw|CrangonVGC's rating: 1166 &rarr; <strong>1138<\/strong><br \/>(-28 for losing)\n|raw|Blanc&amp;GibleVGC's rating: 1124 &rarr; <strong>1152<\/strong><br \/>(+28 for winning)\n|l|\u2606CrangonVGC\n","uploadtime":1701014776,"views":3,"p1id":"crangonvgc","p2id":"blancgiblevgc","formatid":"gen9vgc2023regulatione","rating":1138,"private":0,"password":""}