{"id":"gen9vgc2023regulatione-1998425589","p1":"Ampao","p2":"fhjdhtdh","format":"[Gen 9] VGC 2023 Regulation E","log":"|j|\u2606Ampao\n|j|\u2606fhjdhtdh\n|t:|1700940912\n|gametype|doubles\n|player|p1|Ampao|266|1079\n|player|p2|fhjdhtdh|265|1000\n|teamsize|p1|6\n|teamsize|p2|6\n|gen|9\n|tier|[Gen 9] VGC 2023 Regulation E\n|rated|\n|rule|Species Clause: Limit one of each Pok\u00e9mon\n|rule|Item Clause: Limit one of each item\n|clearpoke\n|poke|p1|Ceruledge, L50, F|\n|poke|p1|Cloyster, L50, M|\n|poke|p1|Ninetales-Alola, L50, M|\n|poke|p1|Amoonguss, L50, M|\n|poke|p1|Dragonite, L50, M|\n|poke|p1|Hydreigon, L50, F|\n|poke|p2|Ninetales, L50, F|\n|poke|p2|Roaring Moon, L50|\n|poke|p2|Ogerpon-Hearthflame, L50, F|\n|poke|p2|Amoonguss, L50, M|\n|poke|p2|Flutter Mane, L50|\n|poke|p2|Iron Hands, L50|\n|teampreview|4\n|\n|t:|1700940955\n|start\n|switch|p1a: Ninetales|Ninetales-Alola, L50, M|100\/100\n|switch|p1b: Ceruledge|Ceruledge, L50, F|100\/100\n|switch|p2a: Roaring Moon|Roaring Moon, L50|100\/100\n|switch|p2b: Iron Hands|Iron Hands, L50|100\/100\n|-weather|Snow|[from] ability: Snow Warning|[of] p1a: Ninetales\n|-enditem|p2a: Roaring Moon|Booster Energy\n|-activate|p2a: Roaring Moon|ability: Protosynthesis|[fromitem]\n|-start|p2a: Roaring Moon|protosynthesisatk\n|turn|1\n|inactive|Battle timer is ON: inactive players will automatically lose when time's up. (requested by fhjdhtdh)\n|\n|t:|1700940985\n|move|p2b: Iron Hands|Fake Out|p1a: Ninetales\n|-damage|p1a: Ninetales|85\/100\n|move|p2a: Roaring Moon|Knock Off|p1b: Ceruledge\n|-supereffective|p1b: Ceruledge\n|-damage|p1b: Ceruledge|0 fnt\n|-enditem|p1b: Ceruledge|Leftovers|[from] move: Knock Off|[of] p2a: Roaring Moon\n|faint|p1b: Ceruledge\n|cant|p1a: Ninetales|flinch\n|\n|-weather|Snow|[upkeep]\n|upkeep\n|\n|t:|1700940997\n|switch|p1b: Cloyster|Cloyster, L50, M|100\/100\n|turn|2\n|inactive|fhjdhtdh has 30 seconds left.\n|\n|t:|1700941026\n|-terastallize|p1b: Cloyster|Water\n|move|p2a: Roaring Moon|Tailwind|p2a: Roaring Moon\n|-sidestart|p2: fhjdhtdh|move: Tailwind\n|move|p1a: Ninetales|Icy Wind|p2b: Iron Hands|[spread] p2a,p2b\n|-supereffective|p2a: Roaring Moon\n|-damage|p2a: Roaring Moon|70\/100\n|-damage|p2b: Iron Hands|91\/100\n|-unboost|p2a: Roaring Moon|spe|1\n|-unboost|p2b: Iron Hands|spe|1\n|move|p2b: Iron Hands|Heavy Slam|p1a: Ninetales\n|-supereffective|p1a: Ninetales\n|-damage|p1a: Ninetales|0 fnt\n|faint|p1a: Ninetales\n|move|p1b: Cloyster|Iron Defense|p1b: Cloyster\n|-boost|p1b: Cloyster|def|2\n|\n|-weather|Snow|[upkeep]\n|upkeep\n|\n|t:|1700941046\n|switch|p1a: Dragonite|Dragonite, L50, M|100\/100\n|turn|3\n|\n|t:|1700941068\n|move|p2a: Roaring Moon|Acrobatics|p1b: Cloyster\n|-damage|p1b: Cloyster|81\/100\n|move|p1a: Dragonite|Ice Spinner|p2a: Roaring Moon\n|-supereffective|p2a: Roaring Moon\n|-damage|p2a: Roaring Moon|0 fnt\n|faint|p2a: Roaring Moon\n|-end|p2a: Roaring Moon|Protosynthesis|[silent]\n|move|p2b: Iron Hands|Wild Charge|p1a: Dragonite\n|-damage|p1a: Dragonite|75\/100\n|-damage|p2b: Iron Hands|86\/100|[from] Recoil\n|move|p1b: Cloyster|Icy Wind|p2b: Iron Hands\n|-damage|p2b: Iron Hands|76\/100\n|-unboost|p2b: Iron Hands|spe|1\n|\n|-weather|Snow|[upkeep]\n|upkeep\n|\n|t:|1700941075\n|switch|p2a: Amoonguss|Amoonguss, L50, M|100\/100\n|turn|4\n|\n|t:|1700941090\n|move|p1a: Dragonite|Ice Spinner|p2a: Amoonguss\n|-supereffective|p2a: Amoonguss\n|-damage|p2a: Amoonguss|5\/100\n|-damage|p1a: Dragonite|58\/100|[from] item: Rocky Helmet|[of] p2a: Amoonguss\n|move|p2a: Amoonguss|Spore|p1b: Cloyster\n|-status|p1b: Cloyster|slp|[from] move: Spore\n|cant|p1b: Cloyster|slp\n|move|p2b: Iron Hands|Wild Charge|p1a: Dragonite\n|-damage|p1a: Dragonite|11\/100\n|-damage|p2b: Iron Hands|68\/100|[from] Recoil\n|\n|-weather|Snow|[upkeep]\n|upkeep\n|turn|5\n|\n|t:|1700941112\n|switch|p2a: Ogerpon|Ogerpon-Hearthflame, L50, F|100\/100\n|-ability|p2a: Ogerpon|Mold Breaker\n|move|p1a: Dragonite|Ice Spinner|p2a: Ogerpon\n|-damage|p2a: Ogerpon|39\/100\n|-curestatus|p1b: Cloyster|slp|[msg]\n|move|p1b: Cloyster|Life Dew|p1b: Cloyster|[spread] p1a,p1b\n|-heal|p1a: Dragonite|36\/100\n|-heal|p1b: Cloyster|100\/100\n|move|p2b: Iron Hands|Heavy Slam|p1a: Dragonite\n|-damage|p1a: Dragonite|22\/100\n|\n|-weather|Snow|[upkeep]\n|-sideend|p2: fhjdhtdh|move: Tailwind\n|upkeep\n|turn|6\n|\n|t:|1700941133\n|-end|p2b: Iron Hands|Quark Drive|[silent]\n|switch|p2b: Amoonguss|Amoonguss, L50, M|38\/100\n|move|p2a: Ogerpon|Horn Leech|p1b: Cloyster\n|-supereffective|p1b: Cloyster\n|-damage|p1b: Cloyster|70\/100\n|-heal|p2a: Ogerpon|55\/100|[from] drain|[of] p1b: Cloyster\n|move|p1a: Dragonite|Ice Spinner|p2a: Ogerpon\n|-damage|p2a: Ogerpon|0 fnt\n|faint|p2a: Ogerpon\n|move|p1b: Cloyster|Life Dew|p1b: Cloyster|[spread] p1a,p1b\n|-heal|p1a: Dragonite|47\/100\n|-heal|p1b: Cloyster|95\/100\n|\n|-weather|Snow|[upkeep]\n|upkeep\n|\n|t:|1700941145\n|switch|p2a: Iron Hands|Iron Hands, L50|68\/100\n|turn|7\n|\n|t:|1700941162\n|move|p2a: Iron Hands|Fake Out|p1a: Dragonite\n|-damage|p1a: Dragonite|32\/100\n|cant|p1a: Dragonite|flinch\n|move|p1b: Cloyster|Life Dew|p1b: Cloyster|[spread] p1a,p1b\n|-heal|p1a: Dragonite|58\/100\n|-heal|p1b: Cloyster|100\/100\n|move|p2b: Amoonguss|Spore|p1a: Dragonite\n|-status|p1a: Dragonite|slp|[from] move: Spore\n|\n|-weather|Snow|[upkeep]\n|upkeep\n|turn|8\n|\n|t:|1700941181\n|cant|p1a: Dragonite|slp\n|move|p1b: Cloyster|Icicle Spear|p2b: Amoonguss\n|-supereffective|p2b: Amoonguss\n|-damage|p2b: Amoonguss|19\/100\n|-supereffective|p2b: Amoonguss\n|-damage|p2b: Amoonguss|0 fnt\n|faint|p2b: Amoonguss\n|-hitcount|p2: Amoonguss|2\n|move|p2a: Iron Hands|Wild Charge|p1a: Dragonite\n|-damage|p1a: Dragonite|5\/100 slp\n|-damage|p2a: Iron Hands|58\/100|[from] Recoil\n|\n|-weather|none\n|upkeep\n|turn|9\n|\n|t:|1700941200\n|cant|p1a: Dragonite|slp\n|move|p1b: Cloyster|Icicle Spear|p2a: Iron Hands\n|-damage|p2a: Iron Hands|52\/100\n|-damage|p2a: Iron Hands|46\/100\n|-damage|p2a: Iron Hands|40\/100\n|-damage|p2a: Iron Hands|34\/100\n|-damage|p2a: Iron Hands|29\/100\n|-hitcount|p2a: Iron Hands|5\n|cant|p2a: Iron Hands|flinch\n|\n|upkeep\n|turn|10\n|-message|fhjdhtdh forfeited.\n|\n|win|Ampao\n|raw|Ampao's rating: 1079 &rarr; <strong>1101<\/strong><br \/>(+22 for winning)\n|raw|fhjdhtdh's rating: 1000 &rarr; <strong>1000<\/strong><br \/>(+0 for losing)\n|l|\u2606fhjdhtdh\n","uploadtime":1700941228,"views":13,"p1id":"ampao","p2id":"fhjdhtdh","formatid":"gen9vgc2023regulatione","rating":1000,"private":0,"password":""}