{"id":"gen9vgc2023regulatione-1989694194","p1":"Ayresbrun","p2":"whitepumpkin","format":"[Gen 9] VGC 2023 Regulation E","log":"|j|\u2606Ayresbrun\n|j|\u2606whitepumpkin\n|t:|1699887552\n|gametype|doubles\n|player|p1|Ayresbrun|266|1226\n|player|p2|whitepumpkin|caitlin|1276\n|teamsize|p1|6\n|teamsize|p2|6\n|gen|9\n|tier|[Gen 9] VGC 2023 Regulation E\n|rated|\n|rule|Species Clause: Limit one of each Pok\u00e9mon\n|rule|Item Clause: Limit one of each item\n|clearpoke\n|poke|p1|Flutter Mane, L50|\n|poke|p1|Tornadus, L50, M|\n|poke|p1|Heatran, L50, M|\n|poke|p1|Rillaboom, L50, M|\n|poke|p1|Arcanine, L50, M|\n|poke|p1|Hydreigon, L50, F|\n|poke|p2|Landorus-Therian, L50, M|\n|poke|p2|Flutter Mane, L50|\n|poke|p2|Tornadus, L50, M|\n|poke|p2|Rillaboom, L50, F|\n|poke|p2|Chien-Pao, L50|\n|poke|p2|Ogerpon-Hearthflame, L50, F|\n|teampreview|4\nAyresbrun has agreed to open team sheets.\n|inactive|Battle timer is ON: inactive players will automatically lose when time's up. (requested by Ayresbrun)\n|inactive|whitepumpkin has 60 seconds left.\n|\n|t:|1699887600\n|start\n|switch|p1a: Tornadus|Tornadus, L50, M|100\/100\n|switch|p1b: Flutter Mane|Flutter Mane, L50|100\/100\n|switch|p2a: Tornadus|Tornadus, L50, M|100\/100\n|switch|p2b: Landorus|Landorus-Therian, L50, M|100\/100\n|-ability|p2b: Landorus|Intimidate|boost\n|-unboost|p1a: Tornadus|atk|1\n|-unboost|p1b: Flutter Mane|atk|1\n|turn|1\n|inactive|Ayresbrun has 30 seconds left.\n|inactive|whitepumpkin has 30 seconds left.\n|inactive|Ayresbrun has 20 seconds left.\n|inactive|Ayresbrun has 15 seconds left.\n|inactive|Ayresbrun has 10 seconds left.\n|\n|t:|1699887650\n|move|p2a: Tornadus|Tailwind|p2a: Tornadus\n|-sidestart|p2: whitepumpkin|move: Tailwind\n|move|p1a: Tornadus|Tailwind|p1a: Tornadus\n|-sidestart|p1: Ayresbrun|move: Tailwind\n|move|p2b: Landorus|Rock Slide|p1b: Flutter Mane|[spread] p1a,p1b\n|-supereffective|p1a: Tornadus\n|-damage|p1a: Tornadus|61\/100\n|-damage|p1b: Flutter Mane|70\/100\n|move|p1b: Flutter Mane|Moonblast|p2b: Landorus\n|-damage|p2b: Landorus|3\/100\n|\n|upkeep\n|turn|2\n|\n|t:|1699887664\n|move|p2b: Landorus|Rock Slide|p1b: Flutter Mane|[spread] p1b\n|-miss|p2b: Landorus|p1a: Tornadus\n|-damage|p1b: Flutter Mane|38\/100\n|move|p1b: Flutter Mane|Moonblast|p2a: Tornadus\n|-damage|p2a: Tornadus|21\/100\n|move|p2a: Tornadus|Bleakwind Storm|p1b: Flutter Mane|[spread] p1a,p1b\n|-damage|p1a: Tornadus|25\/100\n|-damage|p1b: Flutter Mane|6\/100\n|move|p1a: Tornadus|Bleakwind Storm|p2b: Landorus|[spread] p2b\n|-miss|p1a: Tornadus|p2a: Tornadus\n|-damage|p2b: Landorus|0 fnt\n|faint|p2b: Landorus\n|\n|upkeep\n|inactive|whitepumpkin has 30 seconds left.\n|\n|t:|1699887693\n|switch|p2b: Ogerpon|Ogerpon-Hearthflame, L50, F|100\/100\n|-ability|p2b: Ogerpon|Mold Breaker\n|turn|3\n|inactive|whitepumpkin has 30 seconds left.\n|\n|t:|1699887721\n|switch|p1a: Arcanine|Arcanine, L50, M|100\/100\n|-ability|p1a: Arcanine|Intimidate|boost\n|-unboost|p2a: Tornadus|atk|1\n|-unboost|p2b: Ogerpon|atk|1\n|-terastallize|p2b: Ogerpon|Fire\n|detailschange|p2b: Ogerpon|Ogerpon-Hearthflame-Tera, L50, F, tera:Fire\n|-ability|p2b: Ogerpon|Embody Aspect (Hearthflame)|boost\n|-boost|p2b: Ogerpon|atk|1\n|move|p2a: Tornadus|Protect|p2a: Tornadus\n|-singleturn|p2a: Tornadus|Protect\n|move|p1b: Flutter Mane|Moonblast|p2a: Tornadus\n|-activate|p2a: Tornadus|move: Protect\n|move|p2b: Ogerpon|Stomping Tantrum|p1b: Flutter Mane\n|-damage|p1b: Flutter Mane|0 fnt\n|faint|p1b: Flutter Mane\n|-end|p1b: Flutter Mane|Protosynthesis|[silent]\n|\n|upkeep\n|\n|t:|1699887736\n|switch|p1b: Heatran|Heatran, L50, M|100\/100\n|turn|4\n|inactive|whitepumpkin has 30 seconds left.\n|\n|t:|1699887769\n|switch|p2a: Chien-Pao|Chien-Pao, L50|100\/100\n|-ability|p2a: Chien-Pao|Sword of Ruin\n|-terastallize|p1b: Heatran|Bug\n|move|p1a: Arcanine|Extreme Speed|p2a: Chien-Pao\n|-damage|p2a: Chien-Pao|65\/100\n|move|p2b: Ogerpon|Stomping Tantrum|p1a: Arcanine\n|-supereffective|p1a: Arcanine\n|-damage|p1a: Arcanine|17\/100\n|-enditem|p1a: Arcanine|Sitrus Berry|[eat]\n|-heal|p1a: Arcanine|42\/100|[from] item: Sitrus Berry\n|move|p1b: Heatran|Earth Power|p2b: Ogerpon\n|-supereffective|p2b: Ogerpon\n|-damage|p2b: Ogerpon|2\/100\n|-damage|p1b: Heatran|91\/100|[from] item: Life Orb\n|\n|-sideend|p2: whitepumpkin|move: Tailwind\n|-sideend|p1: Ayresbrun|move: Tailwind\n|upkeep\n|turn|5\n|inactive|Ayresbrun has 30 seconds left.\n|inactive|whitepumpkin has 30 seconds left.\n|inactive|whitepumpkin has 20 seconds left.\n|inactive|whitepumpkin has 15 seconds left.\n|inactive|whitepumpkin has 10 seconds left.\n|\n|t:|1699887817\n|switch|p1a: Tornadus|Tornadus, L50, M|25\/100\n|move|p2b: Ogerpon|Spiky Shield|p2b: Ogerpon\n|-singleturn|p2b: Ogerpon|move: Protect\n|move|p2a: Chien-Pao|Sacred Sword|p1a: Tornadus\n|-resisted|p1a: Tornadus\n|-damage|p1a: Tornadus|5\/100\n|move|p1b: Heatran|Heat Wave|p2b: Ogerpon|[spread] p2a\n|-activate|p2b: Ogerpon|move: Protect\n|-supereffective|p2a: Chien-Pao\n|-damage|p2a: Chien-Pao|0 fnt\n|faint|p2a: Chien-Pao\n|-damage|p1b: Heatran|81\/100|[from] item: Life Orb\n|\n|upkeep\n|\n|t:|1699887829\n|switch|p2a: Tornadus|Tornadus, L50, M|21\/100\n|turn|6\n|\n|t:|1699887838\n|move|p2a: Tornadus|Tailwind|p2a: Tornadus\n|-sidestart|p2: whitepumpkin|move: Tailwind\n|move|p1a: Tornadus|Tailwind|p1a: Tornadus\n|-sidestart|p1: Ayresbrun|move: Tailwind\n|move|p2b: Ogerpon|Ivy Cudgel|p1b: Heatran\n|-start|p1b: Heatran|ability: Flash Fire\n|move|p1b: Heatran|Heat Wave|p2a: Tornadus|[spread] p2b\n|-miss|p1b: Heatran|p2a: Tornadus\n|-resisted|p2b: Ogerpon\n|-damage|p2b: Ogerpon|0 fnt\n|faint|p2b: Ogerpon\n|-damage|p1b: Heatran|72\/100|[from] item: Life Orb\n|\n|upkeep\n|turn|7\n|-message|whitepumpkin forfeited.\n|\n|win|Ayresbrun\n|raw|Ayresbrun's rating: 1226 &rarr; <strong>1255<\/strong><br \/>(+29 for winning)\n|raw|whitepumpkin's rating: 1276 &rarr; <strong>1247<\/strong><br \/>(-29 for losing)\n|l|\u2606whitepumpkin\n","uploadtime":1699887852,"views":24,"p1id":"ayresbrun","p2id":"whitepumpkin","formatid":"gen9vgc2023regulatione","rating":1247,"private":0,"password":""}