{"id":"gen9vgc2023regulatione-2000456782","p1":"Lurvas","p2":"Fillory","format":"[Gen 9] VGC 2023 Regulation E","log":"|j|\u2606Lurvas\n|j|\u2606Fillory\n|t:|1701196387\n|gametype|doubles\n|player|p1|Lurvas|alder|1254\n|player|p2|Fillory|psychic-gen4|1256\n|teamsize|p1|6\n|teamsize|p2|6\n|gen|9\n|tier|[Gen 9] VGC 2023 Regulation E\n|rated|\n|rule|Species Clause: Limit one of each Pok\u00e9mon\n|rule|Item Clause: Limit one of each item\n|clearpoke\n|poke|p1|Urshifu-*, L50, M|\n|poke|p1|Rillaboom, L50, M|\n|poke|p1|Flutter Mane, L50|\n|poke|p1|Arcanine-Hisui, L50, M|\n|poke|p1|Chien-Pao, L50|\n|poke|p1|Tornadus, L50, M|\n|poke|p2|Moltres-Galar, L50|\n|poke|p2|Arcanine-Hisui, L50, F|\n|poke|p2|Munkidori, L50, M|\n|poke|p2|Sinistcha, L50|\n|poke|p2|Grimmsnarl, L50, M|\n|poke|p2|Milotic, L50, M|\n|teampreview|4\nFillory rejected open team sheets.\n|inactive|Battle timer is ON: inactive players will automatically lose when time's up. (requested by Lurvas)\n|\n|t:|1701196420\n|start\n|switch|p1a: Chien-Pao|Chien-Pao, L50|100\/100\n|switch|p1b: Rillaboom|Rillaboom, L50, M|100\/100\n|switch|p2a: Milotic|Milotic, L50, M|100\/100\n|switch|p2b: Grimmsnarl|Grimmsnarl, L50, M|100\/100\n|-ability|p1a: Chien-Pao|Sword of Ruin\n|-fieldstart|move: Grassy Terrain|[from] ability: Grassy Surge|[of] p1b: Rillaboom\n|turn|1\n|\n|t:|1701196442\n|-terastallize|p2a: Milotic|Grass\n|move|p1a: Chien-Pao|Sucker Punch|p2a: Milotic\n|-damage|p2a: Milotic|43\/100\n|move|p2b: Grimmsnarl|Reflect|p2b: Grimmsnarl\n|-sidestart|p2: Fillory|Reflect\n|move|p2a: Milotic|Icy Wind|p1a: Chien-Pao|[spread] p1a,p1b\n|-resisted|p1a: Chien-Pao\n|-supereffective|p1b: Rillaboom\n|-damage|p1a: Chien-Pao|92\/100\n|-damage|p1b: Rillaboom|84\/100\n|-unboost|p1a: Chien-Pao|spe|1\n|-unboost|p1b: Rillaboom|spe|1\n|move|p1b: Rillaboom|Drum Beating|p2a: Milotic\n|-resisted|p2a: Milotic\n|-damage|p2a: Milotic|16\/100\n|-unboost|p2a: Milotic|spe|1\n|-ability|p2a: Milotic|Competitive|boost\n|-boost|p2a: Milotic|spa|2\n|\n|-heal|p1a: Chien-Pao|98\/100|[from] Grassy Terrain\n|-heal|p2a: Milotic|22\/100|[from] Grassy Terrain\n|-heal|p1b: Rillaboom|90\/100|[from] Grassy Terrain\n|upkeep\n|turn|2\n|inactive|Fillory has 30 seconds left.\n|\n|t:|1701196469\n|move|p1a: Chien-Pao|Sucker Punch||[still]\n|-fail|p1a: Chien-Pao\n|move|p2a: Milotic|Hypnosis|p1a: Chien-Pao|[miss]\n|-miss|p2a: Milotic|p1a: Chien-Pao\n|move|p2b: Grimmsnarl|Low Kick|p1a: Chien-Pao\n|-supereffective|p1a: Chien-Pao\n|-damage|p1a: Chien-Pao|0 fnt\n|faint|p1a: Chien-Pao\n|move|p1b: Rillaboom|Drum Beating|p2b: Grimmsnarl\n|-damage|p2b: Grimmsnarl|68\/100\n|-unboost|p2b: Grimmsnarl|spe|1\n|\n|-heal|p2a: Milotic|27\/100|[from] Grassy Terrain\n|-heal|p1b: Rillaboom|96\/100|[from] Grassy Terrain\n|-heal|p2b: Grimmsnarl|74\/100|[from] Grassy Terrain\n|upkeep\n|\n|t:|1701196483\n|switch|p1a: Arcanine|Arcanine-Hisui, L50, M|100\/100\n|-ability|p1a: Arcanine|Intimidate|boost\n|-unboost|p2a: Milotic|atk|1\n|-ability|p2a: Milotic|Competitive|boost\n|-boost|p2a: Milotic|spa|2\n|-unboost|p2b: Grimmsnarl|atk|1\n|turn|3\n|inactive|Fillory has 30 seconds left.\n|inactive|Fillory has 20 seconds left.\n|inactive|Fillory has 15 seconds left.\n|\n|t:|1701196526\n|move|p1a: Arcanine|Flare Blitz|p2a: Milotic\n|-supereffective|p2a: Milotic\n|-crit|p2a: Milotic\n|-damage|p2a: Milotic|0 fnt\n|faint|p2a: Milotic\n|-damage|p1a: Arcanine|91\/100|[from] Recoil\n|move|p1b: Rillaboom|Drum Beating|p2b: Grimmsnarl\n|-damage|p2b: Grimmsnarl|38\/100\n|-unboost|p2b: Grimmsnarl|spe|1\n|move|p2b: Grimmsnarl|Low Kick|p1a: Arcanine\n|-supereffective|p1a: Arcanine\n|-damage|p1a: Arcanine|49\/100\n|\n|-heal|p1a: Arcanine|55\/100|[from] Grassy Terrain\n|-heal|p1b: Rillaboom|100\/100|[from] Grassy Terrain\n|-heal|p2b: Grimmsnarl|44\/100|[from] Grassy Terrain\n|upkeep\n|\n|t:|1701196536\n|switch|p2a: Moltres|Moltres-Galar, L50|100\/100\n|turn|4\n|\n|t:|1701196561\n|switch|p1a: Urshifu|Urshifu-Rapid-Strike, L50, M|100\/100\n|move|p2b: Grimmsnarl|Parting Shot|p1a: Urshifu\n|-unboost|p1a: Urshifu|atk|1\n|-unboost|p1a: Urshifu|spa|1\n|\n|t:|1701196567\n|switch|p2b: Arcanine|Arcanine-Hisui, L50, F|100\/100|[from] Parting Shot\n|-ability|p2b: Arcanine|Intimidate|boost\n|-unboost|p1a: Urshifu|atk|1\n|-unboost|p1b: Rillaboom|atk|1\n|move|p2a: Moltres|Air Slash|p1b: Rillaboom\n|-supereffective|p1b: Rillaboom\n|-damage|p1b: Rillaboom|49\/100\n|move|p1b: Rillaboom|Drum Beating|p2b: Arcanine\n|-damage|p2b: Arcanine|74\/100\n|-unboost|p2b: Arcanine|spe|1\n|\n|-heal|p2b: Arcanine|80\/100|[from] Grassy Terrain\n|-heal|p1b: Rillaboom|55\/100|[from] Grassy Terrain\n|upkeep\n|turn|5\n|inactive|Fillory has 30 seconds left.\n|\n|t:|1701196598\n|switch|p1b: Arcanine|Arcanine-Hisui, L50, M|55\/100\n|-ability|p1b: Arcanine|Intimidate|boost\n|-unboost|p2a: Moltres|atk|1\n|-unboost|p2b: Arcanine|atk|1\n|move|p1a: Urshifu|Surging Strikes|p2b: Arcanine\n|-supereffective|p2b: Arcanine\n|-crit|p2b: Arcanine\n|-damage|p2b: Arcanine|0 fnt\n|faint|p2b: Arcanine\n|-hitcount|p2: Arcanine|1\n|move|p2a: Moltres|Air Slash|p1a: Urshifu\n|-supereffective|p1a: Urshifu\n|-damage|p1a: Urshifu|7\/100\n|\n|-heal|p1a: Urshifu|13\/100|[from] Grassy Terrain\n|-heal|p1b: Arcanine|61\/100|[from] Grassy Terrain\n|-fieldend|move: Grassy Terrain\n|upkeep\n|\n|t:|1701196600\n|switch|p2b: Grimmsnarl|Grimmsnarl, L50, M|44\/100\n|turn|6\n|\n|t:|1701196625\n|switch|p1a: Rillaboom|Rillaboom, L50, M|55\/100\n|-fieldstart|move: Grassy Terrain|[from] ability: Grassy Surge|[of] p1a: Rillaboom\n|-terastallize|p1b: Arcanine|Fairy\n|move|p2a: Moltres|Protect|p2a: Moltres\n|-singleturn|p2a: Moltres|Protect\n|move|p2b: Grimmsnarl|Reflect||[still]\n|-fail|p2b: Grimmsnarl\n|move|p1b: Arcanine|Rock Slide|p2b: Grimmsnarl|[spread] p2b\n|-activate|p2a: Moltres|move: Protect\n|-damage|p2b: Grimmsnarl|18\/100\n|\n|-heal|p1b: Arcanine|67\/100|[from] Grassy Terrain\n|-heal|p1a: Rillaboom|61\/100|[from] Grassy Terrain\n|-heal|p2b: Grimmsnarl|24\/100|[from] Grassy Terrain\n|upkeep\n|turn|7\n|j| Skitamofo\n|\n|t:|1701196643\n|move|p1a: Rillaboom|Grassy Glide|p2b: Grimmsnarl\n|-damage|p2b: Grimmsnarl|2\/100\n|move|p2b: Grimmsnarl|Parting Shot|p1b: Arcanine\n|-unboost|p1b: Arcanine|atk|1\n|-unboost|p1b: Arcanine|spa|1\n|move|p1b: Arcanine|Rock Slide|p2b: Grimmsnarl|[spread] p2b\n|-miss|p1b: Arcanine|p2a: Moltres\n|-damage|p2b: Grimmsnarl|0 fnt\n|faint|p2b: Grimmsnarl\n|move|p2a: Moltres|Air Slash|p1b: Arcanine|[miss]\n|-miss|p2a: Moltres|p1b: Arcanine\n|\n|-heal|p1b: Arcanine|73\/100|[from] Grassy Terrain\n|-heal|p1a: Rillaboom|67\/100|[from] Grassy Terrain\n|upkeep\n|turn|8\n|\n|t:|1701196670\n|move|p1a: Rillaboom|Grassy Glide|p2a: Moltres\n|-resisted|p2a: Moltres\n|-damage|p2a: Moltres|89\/100\n|move|p1b: Arcanine|Rock Slide|p2a: Moltres\n|-supereffective|p2a: Moltres\n|-damage|p2a: Moltres|34\/100\n|-ability|p2a: Moltres|Berserk|boost\n|-boost|p2a: Moltres|spa|1\n|-enditem|p2a: Moltres|Sitrus Berry|[eat]\n|-heal|p2a: Moltres|59\/100|[from] item: Sitrus Berry\n|move|p2a: Moltres|Air Slash|p1b: Arcanine\n|-crit|p1b: Arcanine\n|-damage|p1b: Arcanine|0 fnt\n|faint|p1b: Arcanine\n|\n|-heal|p1a: Rillaboom|73\/100|[from] Grassy Terrain\n|-sideend|p2: Fillory|Reflect\n|upkeep\n|\n|t:|1701196684\n|switch|p1b: Urshifu|Urshifu-Rapid-Strike, L50, M|13\/100\n|turn|9\n|\n|t:|1701196690\n|move|p1a: Rillaboom|Grassy Glide|p2a: Moltres\n|-resisted|p2a: Moltres\n|-damage|p2a: Moltres|38\/100\n|-ability|p2a: Moltres|Berserk|boost\n|-boost|p2a: Moltres|spa|1\n|move|p1b: Urshifu|Surging Strikes|p2a: Moltres\n|-crit|p2a: Moltres\n|-damage|p2a: Moltres|15\/100\n|-crit|p2a: Moltres\n|-damage|p2a: Moltres|0 fnt\n|faint|p2a: Moltres\n|-hitcount|p2: Moltres|2\n|\n|win|Lurvas\n|raw|Lurvas's rating: 1254 &rarr; <strong>1279<\/strong><br \/>(+25 for winning)\n|raw|Fillory's rating: 1256 &rarr; <strong>1231<\/strong><br \/>(-25 for losing)\n|l|\u2606Fillory\n|c|\u2606Lurvas|gg\n","uploadtime":1701196702,"views":8,"p1id":"lurvas","p2id":"fillory","formatid":"gen9vgc2023regulatione","rating":1231,"private":0,"password":""}