{"id":"gen9vgc2023regulatione-2000120880","p1":"It4li4n St4llion","p2":"Legend273","format":"[Gen 9] VGC 2023 Regulation E","log":"|j|\u2606It4li4n St4llion\n|j|\u2606Legend273\n|t:|1701158576\n|gametype|doubles\n|player|p1|It4li4n St4llion|clemont|1164\n|player|p2|Legend273|265|1116\n|teamsize|p1|6\n|teamsize|p2|6\n|gen|9\n|tier|[Gen 9] VGC 2023 Regulation E\n|rated|\n|rule|Species Clause: Limit one of each Pok\u00e9mon\n|rule|Item Clause: Limit one of each item\n|clearpoke\n|poke|p1|Rillaboom, L50, M|\n|poke|p1|Chien-Pao, L50|\n|poke|p1|Heatran, L50, F|\n|poke|p1|Enamorus, L50, F|\n|poke|p1|Farigiraf, L50, F|\n|poke|p1|Clodsire, L50, M|\n|poke|p2|Oranguru, L50, F|\n|poke|p2|Flutter Mane, L50|\n|poke|p2|Ursaluna-Bloodmoon, L50, M|\n|poke|p2|Amoonguss, L50, M|\n|poke|p2|Mimikyu, L50, M|\n|poke|p2|Florges, L50, F|\n|teampreview|4\n|inactive|Battle timer is ON: inactive players will automatically lose when time's up. (requested by It4li4n St4llion)\nIt4li4n St4llion has agreed to open team sheets.\n|\n|t:|1701158629\n|start\n|switch|p1a: Farigiraf|Farigiraf, L50, F|100\/100\n|switch|p1b: Clodsire|Clodsire, L50, M|100\/100\n|switch|p2a: Oranguru|Oranguru, L50, F|100\/100\n|switch|p2b: Amoonguss|Amoonguss, L50, M|100\/100\n|turn|1\n|inactive|It4li4n St4llion has 30 seconds left.\n|inactive|It4li4n St4llion has 20 seconds left.\n|inactive|It4li4n St4llion has 15 seconds left.\n|\n|t:|1701158671\n|move|p1a: Farigiraf|Hyper Voice|p2b: Amoonguss|[spread] p2a,p2b\n|-damage|p2a: Oranguru|74\/100\n|-damage|p2b: Amoonguss|77\/100\n|-enditem|p1a: Farigiraf|Throat Spray\n|-boost|p1a: Farigiraf|spa|1|[from] item: Throat Spray\n|move|p2a: Oranguru|Psychic|p1b: Clodsire\n|-supereffective|p1b: Clodsire\n|-damage|p1b: Clodsire|47\/100\n|-damage|p2a: Oranguru|64\/100|[from] item: Life Orb\n|move|p1b: Clodsire|Toxic|p2a: Oranguru\n|-status|p2a: Oranguru|tox\n|move|p2b: Amoonguss|Spore|p1a: Farigiraf\n|-status|p1a: Farigiraf|slp|[from] move: Spore\n|\n|-damage|p2a: Oranguru|58\/100 tox|[from] psn\n|upkeep\n|turn|2\n|inactive|It4li4n St4llion has 30 seconds left.\n|inactive|Legend273 has 30 seconds left.\n|inactive|It4li4n St4llion has 20 seconds left.\n|inactive|It4li4n St4llion has 15 seconds left.\n|\n|t:|1701158713\n|switch|p2b: Ursaluna|Ursaluna-Bloodmoon, L50, M|100\/100\n|cant|p1a: Farigiraf|slp\n|move|p2a: Oranguru|Psychic|p1b: Clodsire\n|-supereffective|p1b: Clodsire\n|-damage|p1b: Clodsire|0 fnt\n|faint|p1b: Clodsire\n|-damage|p2a: Oranguru|49\/100 tox|[from] item: Life Orb\n|\n|-damage|p2a: Oranguru|37\/100 tox|[from] psn\n|upkeep\n|\n|t:|1701158733\n|switch|p1b: Enamorus|Enamorus, L50, F|100\/100\n|turn|3\n|\n|t:|1701158750\n|-terastallize|p2b: Ursaluna|Normal\n|move|p1b: Enamorus|Superpower|p2b: Ursaluna\n|-supereffective|p2b: Ursaluna\n|-damage|p2b: Ursaluna|60\/100\n|-boost|p1b: Enamorus|atk|1\n|-boost|p1b: Enamorus|def|1\n|cant|p1a: Farigiraf|slp\n|move|p2b: Ursaluna|Hyper Voice|p1a: Farigiraf|[spread] p1a,p1b\n|-enditem|p2b: Ursaluna|Normal Gem|[from] gem\n|-activate|p2a: Oranguru|ability: Symbiosis|Life Orb|[of] p2b: Ursaluna\n|-damage|p1a: Farigiraf|7\/100 slp\n|-damage|p1b: Enamorus|0 fnt\n|faint|p1b: Enamorus\n|-damage|p2b: Ursaluna|50\/100|[from] item: Life Orb\n|move|p2a: Oranguru|Trick Room|p2a: Oranguru\n|-fieldstart|move: Trick Room|[of] p2a: Oranguru\n|\n|-damage|p2a: Oranguru|18\/100 tox|[from] psn\n|upkeep\n|\n|t:|1701158765\n|switch|p1b: Chien-Pao|Chien-Pao, L50|100\/100\n|-ability|p1b: Chien-Pao|Sword of Ruin\n|turn|4\n|\n|t:|1701158783\n|move|p2b: Ursaluna|Protect|p2b: Ursaluna\n|-singleturn|p2b: Ursaluna|Protect\n|move|p2a: Oranguru|Psychic|p1a: Farigiraf\n|-resisted|p1a: Farigiraf\n|-damage|p1a: Farigiraf|0 fnt\n|faint|p1a: Farigiraf\n|move|p1b: Chien-Pao|Sacred Sword|p2b: Ursaluna\n|-activate|p2b: Ursaluna|move: Protect\n|\n|-damage|p2a: Oranguru|0 fnt|[from] psn\n|faint|p2a: Oranguru\n|upkeep\n|\n|t:|1701158795\n|switch|p2a: Amoonguss|Amoonguss, L50, M|100\/100\n|turn|5\n|\n|t:|1701158801\n|move|p2a: Amoonguss|Rage Powder|p2a: Amoonguss\n|-singleturn|p2a: Amoonguss|move: Rage Powder\n|move|p2b: Ursaluna|Blood Moon|p1b: Chien-Pao\n|-enditem|p1b: Chien-Pao|Focus Sash\n|-damage|p1b: Chien-Pao|1\/100\n|-damage|p2b: Ursaluna|40\/100|[from] item: Life Orb\n|move|p1b: Chien-Pao|Icicle Crash|p2a: Amoonguss\n|-supereffective|p2a: Amoonguss\n|-damage|p2a: Amoonguss|0 fnt\n|faint|p2a: Amoonguss\n|\n|upkeep\n|\n|t:|1701158816\n|switch|p2a: Flutter Mane|Flutter Mane, L50|100\/100\n|-enditem|p2a: Flutter Mane|Booster Energy\n|-activate|p2a: Flutter Mane|ability: Protosynthesis|[fromitem]\n|-start|p2a: Flutter Mane|protosynthesisspa\n|turn|6\n|\n|t:|1701158828\n|move|p1b: Chien-Pao|Sucker Punch|p2b: Ursaluna\n|-damage|p2b: Ursaluna|10\/100\n|move|p2b: Ursaluna|Hyper Voice|p1b: Chien-Pao\n|-damage|p1b: Chien-Pao|0 fnt\n|faint|p1b: Chien-Pao\n|-damage|p2b: Ursaluna|0 fnt|[from] item: Life Orb\n|faint|p2b: Ursaluna\n|\n|win|Legend273\n|raw|It4li4n St4llion's rating: 1164 &rarr; <strong>1136<\/strong><br \/>(-28 for losing)\n|raw|Legend273's rating: 1116 &rarr; <strong>1144<\/strong><br \/>(+28 for winning)\n","uploadtime":1701158840,"views":8,"p1id":"it4li4nst4llion","p2id":"legend273","formatid":"gen9vgc2023regulatione","rating":1136,"private":0,"password":""}