{"id":"gen9vgc2023regulatione-1990748188","p1":"CaptainLatios","p2":"Rework Bug","format":"[Gen 9] VGC 2023 Regulation E","log":"|j|\u2606CaptainLatios\n|j|\u2606Rework Bug\n|t:|1699997131\n|gametype|doubles\n|player|p1|CaptainLatios|caitlin-masters|1335\n|player|p2|Rework Bug|bugcatcher-gen4dp|1349\n|teamsize|p1|6\n|teamsize|p2|6\n|gen|9\n|tier|[Gen 9] VGC 2023 Regulation E\n|rated|\n|rule|Species Clause: Limit one of each Pok\u00e9mon\n|rule|Item Clause: Limit one of each item\n|clearpoke\n|poke|p1|Ogerpon-Wellspring, L50, F|\n|poke|p1|Landorus-Therian, L50, M|\n|poke|p1|Ursaluna-Bloodmoon, L50, M|\n|poke|p1|Farigiraf, L50, M|\n|poke|p1|Chi-Yu, L50|\n|poke|p1|Iron Hands, L50|\n|poke|p2|Dusclops, L50, F|\n|poke|p2|Chi-Yu, L50|\n|poke|p2|Enamorus-Therian, L50, F|\n|poke|p2|Iron Hands, L50|\n|poke|p2|Kingambit, L50, F|\n|poke|p2|Amoonguss, L50, F|\n|teampreview|4\n|inactive|Battle timer is ON: inactive players will automatically lose when time's up. (requested by Rework Bug)\n|inactive|CaptainLatios has 60 seconds left.\n|\n|t:|1699997173\n|start\n|switch|p1a: Landorus|Landorus-Therian, L50, M|100\/100\n|switch|p1b: Iron Hands|Iron Hands, L50|100\/100\n|switch|p2a: Dusclops|Dusclops, L50, F|100\/100\n|switch|p2b: Kingambit|Kingambit, L50, F|100\/100\n|-ability|p1a: Landorus|Intimidate|boost\n|-unboost|p2a: Dusclops|atk|1\n|-unboost|p2b: Kingambit|atk|1\n|-ability|p2b: Kingambit|Defiant|boost\n|-boost|p2b: Kingambit|atk|2\n|-item|p1a: Landorus|Choice Scarf|[from] ability: Frisk|[of] p2a: Dusclops|[identify]\n|-item|p1b: Iron Hands|Assault Vest|[from] ability: Frisk|[of] p2a: Dusclops|[identify]\n|turn|1\n|inactive|Rework Bug has 30 seconds left.\n|\n|t:|1699997204\n|move|p2b: Kingambit|Protect|p2b: Kingambit\n|-singleturn|p2b: Kingambit|Protect\n|move|p1a: Landorus|U-turn|p2a: Dusclops\n|-resisted|p2a: Dusclops\n|-damage|p2a: Dusclops|94\/100\n|\n|t:|1699997211\n|switch|p1a: Farigiraf|Farigiraf, L50, M|100\/100|[from] U-turn\n|move|p1b: Iron Hands|Drain Punch|p2b: Kingambit\n|-activate|p2b: Kingambit|move: Protect\n|move|p2a: Dusclops|Trick Room|p2a: Dusclops\n|-fieldstart|move: Trick Room|[of] p2a: Dusclops\n|\n|upkeep\n|turn|2\n|inactive|CaptainLatios has 30 seconds left.\n|inactive|CaptainLatios has 20 seconds left.\n|\n|t:|1699997247\n|-terastallize|p2b: Kingambit|Dark\n|move|p1a: Farigiraf|Protect|p1a: Farigiraf\n|-singleturn|p1a: Farigiraf|Protect\n|move|p2a: Dusclops|Will-O-Wisp|p1b: Iron Hands\n|-status|p1b: Iron Hands|brn\n|move|p2b: Kingambit|Kowtow Cleave|p1a: Farigiraf\n|-activate|p1a: Farigiraf|move: Protect\n|move|p1b: Iron Hands|Drain Punch|p2b: Kingambit\n|-supereffective|p2b: Kingambit\n|-damage|p2b: Kingambit|72\/100\n|\n|-damage|p1b: Iron Hands|95\/100 brn|[from] brn\n|upkeep\n|turn|3\n|\n|t:|1699997265\n|-terastallize|p1a: Farigiraf|Fairy\n|move|p2a: Dusclops|Night Shade|p1b: Iron Hands\n|-damage|p1b: Iron Hands|73\/100 brn\n|move|p2b: Kingambit|Kowtow Cleave|p1a: Farigiraf\n|-resisted|p1a: Farigiraf\n|-damage|p1a: Farigiraf|57\/100\n|move|p1a: Farigiraf|Dazzling Gleam|p2a: Dusclops|[spread] p2a,p2b\n|-crit|p2a: Dusclops\n|-supereffective|p2b: Kingambit\n|-damage|p2a: Dusclops|71\/100\n|-damage|p2b: Kingambit|28\/100\n|move|p1b: Iron Hands|Drain Punch|p2b: Kingambit\n|-supereffective|p2b: Kingambit\n|-damage|p2b: Kingambit|0 fnt\n|-heal|p1b: Iron Hands|85\/100 brn|[from] drain|[of] p2b: Kingambit\n|faint|p2b: Kingambit\n|\n|-damage|p1b: Iron Hands|79\/100 brn|[from] brn\n|upkeep\n|\n|t:|1699997276\n|switch|p2b: Amoonguss|Amoonguss, L50, F|100\/100\n|turn|4\n|\n|t:|1699997296\n|move|p1a: Farigiraf|Protect|p1a: Farigiraf\n|-singleturn|p1a: Farigiraf|Protect\n|move|p2a: Dusclops|Night Shade|p1b: Iron Hands\n|-damage|p1b: Iron Hands|58\/100 brn\n|move|p2b: Amoonguss|Spore|p1a: Farigiraf\n|-activate|p1a: Farigiraf|move: Protect\n|move|p1b: Iron Hands|Wild Charge|p2a: Dusclops\n|-damage|p2a: Dusclops|59\/100\n|-damage|p1b: Iron Hands|56\/100 brn|[from] Recoil\n|\n|-damage|p1b: Iron Hands|50\/100 brn|[from] brn\n|upkeep\n|turn|5\n|inactive|CaptainLatios has 30 seconds left.\n|\n|t:|1699997329\n|move|p2a: Dusclops|Night Shade|p1b: Iron Hands\n|-damage|p1b: Iron Hands|29\/100 brn\n|move|p2b: Amoonguss|Spore|p1a: Farigiraf\n|-status|p1a: Farigiraf|slp|[from] move: Spore\n|cant|p1a: Farigiraf|slp\n|move|p1b: Iron Hands|Wild Charge|p2a: Dusclops\n|-damage|p2a: Dusclops|47\/100\n|-damage|p1b: Iron Hands|28\/100 brn|[from] Recoil\n|\n|-damage|p1b: Iron Hands|22\/100 brn|[from] brn\n|-fieldend|move: Trick Room\n|upkeep\n|turn|6\n|\n|t:|1699997349\n|move|p1b: Iron Hands|Wild Charge|p2a: Dusclops\n|-damage|p2a: Dusclops|35\/100\n|-damage|p1b: Iron Hands|20\/100 brn|[from] Recoil\n|cant|p1a: Farigiraf|slp\n|move|p2b: Amoonguss|Pollen Puff|p2a: Dusclops\n|-heal|p2a: Dusclops|85\/100\n|move|p2a: Dusclops|Trick Room|p2a: Dusclops\n|-fieldstart|move: Trick Room|[of] p2a: Dusclops\n|\n|-damage|p1b: Iron Hands|14\/100 brn|[from] brn\n|upkeep\n|turn|7\n|\n|t:|1699997372\n|move|p2a: Dusclops|Night Shade|p1b: Iron Hands\n|-damage|p1b: Iron Hands|0 fnt\n|faint|p1b: Iron Hands\n|-end|p1b: Iron Hands|Quark Drive|[silent]\n|move|p2b: Amoonguss|Pollen Puff|p1a: Farigiraf\n|-resisted|p1a: Farigiraf\n|-damage|p1a: Farigiraf|47\/100 slp\n|-enditem|p1a: Farigiraf|Sitrus Berry|[eat]\n|-heal|p1a: Farigiraf|71\/100 slp|[from] item: Sitrus Berry\n|cant|p1a: Farigiraf|slp\n|\n|upkeep\n|\n|t:|1699997393\n|switch|p1b: Landorus|Landorus-Therian, L50, M|100\/100\n|-ability|p1b: Landorus|Intimidate|boost\n|-unboost|p2a: Dusclops|atk|1\n|-unboost|p2b: Amoonguss|atk|1\n|turn|8\n|\n|t:|1699997411\n|move|p2a: Dusclops|Night Shade|p1a: Farigiraf\n|-damage|p1a: Farigiraf|49\/100 slp\n|move|p2b: Amoonguss|Spore|p1b: Landorus\n|-status|p1b: Landorus|slp|[from] move: Spore\n|-curestatus|p1a: Farigiraf|slp|[msg]\n|move|p1a: Farigiraf|Psychic|p2b: Amoonguss\n|-supereffective|p2b: Amoonguss\n|-damage|p2b: Amoonguss|39\/100\n|cant|p1b: Landorus|slp\n|\n|upkeep\n|turn|9\n|\n|t:|1699997432\n|switch|p2b: Iron Hands|Iron Hands, L50|100\/100\n|move|p2a: Dusclops|Night Shade|p1a: Farigiraf\n|-damage|p1a: Farigiraf|27\/100\n|move|p1a: Farigiraf|Psychic|p2b: Iron Hands\n|-supereffective|p2b: Iron Hands\n|-damage|p2b: Iron Hands|65\/100\n|-curestatus|p1b: Landorus|slp|[msg]\n|move|p1b: Landorus|Stomping Tantrum|p2b: Iron Hands\n|-supereffective|p2b: Iron Hands\n|-damage|p2b: Iron Hands|0 fnt\n|faint|p2b: Iron Hands\n|-end|p2b: Iron Hands|Quark Drive|[silent]\n|\n|upkeep\n|\n|t:|1699997443\n|switch|p2b: Amoonguss|Amoonguss, L50, F|73\/100\n|turn|10\n|\n|t:|1699997457\n|move|p2a: Dusclops|Night Shade|p1b: Landorus\n|-damage|p1b: Landorus|74\/100\n|move|p2b: Amoonguss|Spore|p1b: Landorus\n|-status|p1b: Landorus|slp|[from] move: Spore\n|move|p1a: Farigiraf|Psychic|p2b: Amoonguss\n|-supereffective|p2b: Amoonguss\n|-damage|p2b: Amoonguss|4\/100\n|cant|p1b: Landorus|slp\n|\n|-fieldend|move: Trick Room\n|upkeep\n|turn|11\n|\n|t:|1699997473\n|move|p2b: Amoonguss|Protect|p2b: Amoonguss\n|-singleturn|p2b: Amoonguss|Protect\n|cant|p1b: Landorus|slp\n|move|p1a: Farigiraf|Dazzling Gleam|p2a: Dusclops|[spread] p2a\n|-activate|p2b: Amoonguss|move: Protect\n|-damage|p2a: Dusclops|68\/100\n|move|p2a: Dusclops|Trick Room|p2a: Dusclops\n|-fieldstart|move: Trick Room|[of] p2a: Dusclops\n|\n|upkeep\n|turn|12\n|\n|t:|1699997492\n|move|p2a: Dusclops|Night Shade|p1a: Farigiraf\n|-damage|p1a: Farigiraf|5\/100\n|move|p2b: Amoonguss|Pollen Puff|p1a: Farigiraf\n|-resisted|p1a: Farigiraf\n|-damage|p1a: Farigiraf|0 fnt\n|faint|p1a: Farigiraf\n|-curestatus|p1b: Landorus|slp|[msg]\n|move|p1b: Landorus|Stomping Tantrum|p2b: Amoonguss\n|-damage|p2b: Amoonguss|0 fnt\n|-damage|p1b: Landorus|58\/100|[from] item: Rocky Helmet|[of] p2b: Amoonguss\n|faint|p2b: Amoonguss\n|\n|upkeep\n|\n|t:|1699997503\n|switch|p1a: Ursaluna|Ursaluna-Bloodmoon, L50, M|100\/100\n|turn|13\n|\n|t:|1699997509\n|move|p2a: Dusclops|Will-O-Wisp|p1b: Landorus\n|-status|p1b: Landorus|brn\n|move|p1a: Ursaluna|Blood Moon|p2a: Dusclops\n|-damage|p2a: Dusclops|21\/100\n|move|p1b: Landorus|Stomping Tantrum|p2a: Dusclops\n|-damage|p2a: Dusclops|11\/100\n|\n|-damage|p1b: Landorus|52\/100 brn|[from] brn\n|upkeep\n|turn|14\n|\n|t:|1699997521\n|move|p2a: Dusclops|Pain Split|p1a: Ursaluna\n|-sethp|p1a: Ursaluna|54\/100|[from] move: Pain Split|[silent]\n|-sethp|p2a: Dusclops|81\/100|[from] move: Pain Split\n|move|p1a: Ursaluna|Hyper Voice|p2a: Dusclops\n|-damage|p2a: Dusclops|46\/100\n|-enditem|p1a: Ursaluna|Throat Spray\n|-boost|p1a: Ursaluna|spa|1|[from] item: Throat Spray\n|move|p1b: Landorus|Stomping Tantrum|p2a: Dusclops\n|-damage|p2a: Dusclops|36\/100\n|\n|-damage|p1b: Landorus|47\/100 brn|[from] brn\n|upkeep\n|turn|15\n|\n|t:|1699997535\n|move|p2a: Dusclops|Will-O-Wisp|p1a: Ursaluna\n|-status|p1a: Ursaluna|brn\n|move|p1a: Ursaluna|Blood Moon|p2a: Dusclops\n|-damage|p2a: Dusclops|0 fnt\n|faint|p2a: Dusclops\n|\n|win|CaptainLatios\n|raw|CaptainLatios's rating: 1335 &rarr; <strong>1356<\/strong><br \/>(+21 for winning)\n|raw|Rework Bug's rating: 1349 &rarr; <strong>1328<\/strong><br \/>(-21 for losing)\n|c|\u2606CaptainLatios|gg\n","uploadtime":1699997554,"views":7,"p1id":"captainlatios","p2id":"reworkbug","formatid":"gen9vgc2023regulatione","rating":1328,"private":0,"password":""}