{"id":"gen9vgc2023regulatione-1999469075","p1":"simp de incineroar","p2":"whyismynamejeff","format":"[Gen 9] VGC 2023 Regulation E","log":"|j|\u2606simp de incineroar\n|j|\u2606whyismynamejeff\n|t:|1701085287\n|gametype|doubles\n|player|p1|simp de incineroar|dawn-gen4pt|1063\n|player|p2|whyismynamejeff|colress|1036\n|teamsize|p1|6\n|teamsize|p2|6\n|gen|9\n|tier|[Gen 9] VGC 2023 Regulation E\n|rated|\n|rule|Species Clause: Limit one of each Pok\u00e9mon\n|rule|Item Clause: Limit one of each item\n|clearpoke\n|poke|p1|Gastrodon, L50, F|\n|poke|p1|Ninetales-Alola, L50, F|\n|poke|p1|Sinistcha, L50|\n|poke|p1|Urshifu-*, L50, M|\n|poke|p1|Gliscor, L50, F|\n|poke|p1|Rillaboom, L50, M|\n|poke|p2|Ogerpon-Wellspring, L50, F|\n|poke|p2|Regieleki, L50|\n|poke|p2|Indeedee-F, L50, F|\n|poke|p2|Tornadus, L50, M|\n|poke|p2|Chi-Yu, L50|\n|poke|p2|Flutter Mane, L50|\n|teampreview|4\n|\n|t:|1701085304\n|start\n|switch|p1a: Gliscor|Gliscor, L50, F|100\/100\n|switch|p1b: Urshifu|Urshifu, L50, M|100\/100\n|switch|p2a: Regieleki|Regieleki, L50|100\/100\n|switch|p2b: Chi-Yu|Chi-Yu, L50|100\/100\n|-ability|p2b: Chi-Yu|Beads of Ruin\n|turn|1\n|\n|t:|1701085316\n|switch|p1b: Gastrodon|Gastrodon, L50, F|100\/100\n|-terastallize|p2a: Regieleki|Ice\n|move|p2a: Regieleki|Tera Blast|p1a: Gliscor|[anim] Tera Blast Ice\n|-supereffective|p1a: Gliscor\n|-damage|p1a: Gliscor|0 fnt\n|faint|p1a: Gliscor\n|move|p2b: Chi-Yu|Snarl|p1b: Gastrodon\n|-damage|p1b: Gastrodon|63\/100\n|-unboost|p1b: Gastrodon|spa|1\n|-damage|p2b: Chi-Yu|91\/100|[from] item: Life Orb\n|\n|-heal|p1b: Gastrodon|69\/100|[from] item: Leftovers\n|upkeep\n|\n|t:|1701085325\n|switch|p1a: Urshifu|Urshifu, L50, M|100\/100\n|turn|2\n|\n|t:|1701085338\n|move|p1a: Urshifu|Protect|p1a: Urshifu\n|-singleturn|p1a: Urshifu|Protect\n|move|p2a: Regieleki|Tera Blast|p1b: Gastrodon|[anim] Tera Blast Ice\n|-damage|p1b: Gastrodon|40\/100\n|move|p2b: Chi-Yu|Heat Wave|p1a: Urshifu|[spread] p1b\n|-activate|p1a: Urshifu|move: Protect\n|-resisted|p1b: Gastrodon\n|-damage|p1b: Gastrodon|17\/100\n|-damage|p2b: Chi-Yu|81\/100|[from] item: Life Orb\n|move|p1b: Gastrodon|Earth Power|p2a: Regieleki\n|-damage|p2a: Regieleki|60\/100\n|\n|-heal|p1b: Gastrodon|23\/100|[from] item: Leftovers\n|upkeep\n|turn|3\n|\n|t:|1701085363\n|move|p1b: Gastrodon|Protect|p1b: Gastrodon\n|-singleturn|p1b: Gastrodon|Protect\n|move|p1a: Urshifu|Sucker Punch|p2a: Regieleki\n|-damage|p2a: Regieleki|0 fnt\n|faint|p2a: Regieleki\n|move|p2b: Chi-Yu|Heat Wave|p1b: Gastrodon|[spread] p1a\n|-activate|p1b: Gastrodon|move: Protect\n|-damage|p1a: Urshifu|2\/100\n|-damage|p2b: Chi-Yu|71\/100|[from] item: Life Orb\n|\n|-heal|p1b: Gastrodon|28\/100|[from] item: Leftovers\n|upkeep\n|\n|t:|1701085375\n|switch|p2a: Ogerpon|Ogerpon-Wellspring, L50, F|100\/100\n|turn|4\n|c|\u2606simp de incineroar|Sin legendarios\n|c|\u2606simp de incineroar|\ud83c\udff3\ufe0f\u200d\ud83c\udf08?\n|l|\u2606whyismynamejeff\n|player|p2|\n|j|\u2606whyismynamejeff\n|player|p2|whyismynamejeff|colress\n|c|\u2606whyismynamejeff|Ogerpon es una legendaria sin embargo\n|c|\u2606whyismynamejeff|\u00bfJugaste a Teal Mask?\n|inactive|Battle timer is ON: inactive players will automatically lose when time's up. (requested by whyismynamejeff)\n|inactive|simp de incineroar has 60 seconds left.\n|c|\u2606whyismynamejeff|T\u00fa all\u00ed. Lo siento, mi espa\u00f1ol no es tan bueno.\n|inactive|simp de incineroar has 30 seconds left.\n|inactive|simp de incineroar has 20 seconds left.\n|inactive|simp de incineroar has 15 seconds left.\n|inactive|simp de incineroar has 10 seconds left.\n|inactive|simp de incineroar has 5 seconds left.\n|\n|t:|1701085800\n|move|p1b: Gastrodon|Protect||[still]\n|-fail|p1b: Gastrodon\n|move|p2b: Chi-Yu|Snarl|p1a: Urshifu|[spread] p1a,p1b\n|-resisted|p1a: Urshifu\n|-damage|p1a: Urshifu|0 fnt\n|-damage|p1b: Gastrodon|2\/100\n|-unboost|p1b: Gastrodon|spa|1\n|faint|p1a: Urshifu\n|-damage|p2b: Chi-Yu|61\/100|[from] item: Life Orb\n|move|p2a: Ogerpon|Swords Dance|p2a: Ogerpon\n|-boost|p2a: Ogerpon|atk|2\n|\n|-heal|p1b: Gastrodon|8\/100|[from] item: Leftovers\n|upkeep\n|inactive|simp de incineroar has 30 seconds left.\n|inactive|simp de incineroar has 20 seconds left.\n|inactive|simp de incineroar has 15 seconds left.\n|inactive|simp de incineroar has 10 seconds left.\n|inactive|simp de incineroar has 5 seconds left.\n|\n|t:|1701085855\n|switch|p1a: Rillaboom|Rillaboom, L50, M|100\/100\n|-fieldstart|move: Grassy Terrain|[from] ability: Grassy Surge|[of] p1a: Rillaboom\n|turn|5\n|inactive|simp de incineroar has 30 seconds left.\n|inactive|simp de incineroar has 20 seconds left.\n|inactive|simp de incineroar has 15 seconds left.\n|inactive|simp de incineroar has 10 seconds left.\n|inactive|simp de incineroar has 5 seconds left.\n|\n|t:|1701085910\n|move|p1b: Gastrodon|Protect|p1b: Gastrodon\n|-singleturn|p1b: Gastrodon|Protect\n|move|p1a: Rillaboom|Grassy Glide|p2a: Ogerpon\n|-damage|p2a: Ogerpon|39\/100\n|-damage|p1a: Rillaboom|91\/100|[from] item: Life Orb\n|move|p2b: Chi-Yu|Heat Wave|p1a: Rillaboom|[spread] p1a\n|-activate|p1b: Gastrodon|move: Protect\n|-supereffective|p1a: Rillaboom\n|-damage|p1a: Rillaboom|0 fnt\n|faint|p1a: Rillaboom\n|-damage|p2b: Chi-Yu|51\/100|[from] item: Life Orb\n|move|p2a: Ogerpon|Ivy Cudgel|p1b: Gastrodon|[anim] Ivy Cudgel Water\n|-activate|p1b: Gastrodon|move: Protect\n|\n|-heal|p2b: Chi-Yu|57\/100|[from] Grassy Terrain\n|-heal|p2a: Ogerpon|45\/100|[from] Grassy Terrain\n|-heal|p1b: Gastrodon|14\/100|[from] Grassy Terrain\n|-heal|p1b: Gastrodon|20\/100|[from] item: Leftovers\n|upkeep\n|turn|6\n|inactive|simp de incineroar has 30 seconds left.\n|inactive|simp de incineroar has 20 seconds left.\n|inactive|simp de incineroar has 15 seconds left.\n|inactive|simp de incineroar has 10 seconds left.\n|inactive|simp de incineroar has 5 seconds left.\n|\n|t:|1701085965\n|move|p1b: Gastrodon|Protect|p1b: Gastrodon\n|-singleturn|p1b: Gastrodon|Protect\n|move|p2b: Chi-Yu|Overheat|p1b: Gastrodon\n|-activate|p1b: Gastrodon|move: Protect\n|move|p2a: Ogerpon|Horn Leech|p1b: Gastrodon\n|-activate|p1b: Gastrodon|move: Protect\n|\n|-heal|p2b: Chi-Yu|63\/100|[from] Grassy Terrain\n|-heal|p2a: Ogerpon|51\/100|[from] Grassy Terrain\n|-heal|p1b: Gastrodon|26\/100|[from] Grassy Terrain\n|-heal|p1b: Gastrodon|32\/100|[from] item: Leftovers\n|upkeep\n|turn|7\n|inactive|simp de incineroar has 30 seconds left.\n|inactive|simp de incineroar has 20 seconds left.\n|inactive|simp de incineroar has 15 seconds left.\n|inactive|simp de incineroar has 10 seconds left.\n|inactive|simp de incineroar has 5 seconds left.\n|\n|t:|1701086020\n|move|p1b: Gastrodon|Protect||[still]\n|-fail|p1b: Gastrodon\n|move|p2b: Chi-Yu|Heat Wave|p1b: Gastrodon\n|-resisted|p1b: Gastrodon\n|-damage|p1b: Gastrodon|4\/100\n|-damage|p2b: Chi-Yu|53\/100|[from] item: Life Orb\n|move|p2a: Ogerpon|Horn Leech|p1b: Gastrodon\n|-supereffective|p1b: Gastrodon\n|-damage|p1b: Gastrodon|0 fnt\n|-heal|p2a: Ogerpon|53\/100|[from] drain|[of] p1b: Gastrodon\n|faint|p1b: Gastrodon\n|\n|win|whyismynamejeff\n|raw|simp de incineroar's rating: 1065 &rarr; <strong>1044<\/strong><br \/>(-21 for losing)\n|raw|whyismynamejeff's rating: 1036 &rarr; <strong>1073<\/strong><br \/>(+37 for winning)\n","uploadtime":1701086037,"views":5,"p1id":"simpdeincineroar","p2id":"whyismynamejeff","formatid":"gen9vgc2023regulatione","rating":1044,"private":0,"password":""}