{"id":"gen9vgc2023regulatione-1995891242","p1":"TrainerRedVGC23","p2":"hash brown enjoyer","format":"[Gen 9] VGC 2023 Regulation E","log":"|j|\u2606TrainerRedVGC23\n|j|\u2606hash brown enjoyer\n|n|\u2606TrainerRedVGC23|trainerredvgc23\n|n|\u2606hash brown enjoyer|hashbrownenjoyer\n|html|View the match progress at <a href=\"\/game-bestof3-gen9vgc2023regulatione-1995891241\">game-bestof3-gen9vgc2023regulatione-1995891241<\/a>\n|t:|1700614188\n|gametype|doubles\n|player|p1|TrainerRedVGC23|lucas|\n|player|p2|hash brown enjoyer|ingo|\n|teamsize|p1|6\n|teamsize|p2|6\n|gen|9\n|tier|[Gen 9] VGC 2023 Regulation E\n|rule|Species Clause: Limit one of each Pok\u00e9mon\n|rule|Item Clause: Limit one of each item\n|clearpoke\n|poke|p1|Urshifu-*, L50, M|\n|poke|p1|Arcanine-Hisui, L50, M|\n|poke|p1|Tornadus, L50, M|\n|poke|p1|Regidrago, L50|\n|poke|p1|Gholdengo, L50|\n|poke|p1|Rillaboom, L50, F|\n|poke|p2|Tornadus, L50, M|\n|poke|p2|Urshifu-*, L50, F|\n|poke|p2|Flutter Mane, L50|\n|poke|p2|Chi-Yu, L50|\n|poke|p2|Brambleghast, L50, M|\n|poke|p2|Gholdengo, L50|\n|teampreview|4\n|inactive|Battle timer is ON: inactive players will automatically lose when time's up. (requested by TrainerRedVGC23)\n|inactiveoff|Battle timer is now OFF.\nTrainerRedVGC23 has agreed to open team sheets.\nhash brown enjoyer has agreed to open team sheets.\n|showteam|p1|Urshifu-Rapid-Strike||MysticWater|UnseenFist|SurgingStrikes,CloseCombat,AquaJet,Protect|||M|||50|,,,,,Water]Arcanine-Hisui||AssaultVest|Intimidate|FlareBlitz,ExtremeSpeed,RockSlide,TeraBlast|||M|||50|,,,,,Fairy]Tornadus||FocusSash|Prankster|BleakwindStorm,RainDance,Tailwind,Taunt|||M|||50|,,,,,Flying]Regidrago||DragonFang|DragonsMaw|DragonEnergy,DracoMeteor,EarthPower,Protect||||||50|,,,,,Poison]Gholdengo||ChoiceSpecs|GoodasGold|MakeItRain,ShadowBall,Thunderbolt,Trick||||||50|,,,,,Steel]Rillaboom||MiracleSeed|GrassySurge|GrassyGlide,WoodHammer,Protect,FakeOut|||F|||50|,,,,,Grass\n|showteam|p2|Tornadus||CovertCloak|Prankster|BleakwindStorm,Tailwind,ScaryFace,Taunt|||M|||50|,,,,,Steel]Urshifu-Rapid-Strike||MysticWater|UnseenFist|SurgingStrikes,CloseCombat,AquaJet,Detect|||F|||50|,,,,,Water]Flutter Mane||BoosterEnergy|Protosynthesis|DazzlingGleam,ShadowBall,Moonblast,Protect||||||50|,,,,,Fairy]Chi-Yu||LifeOrb|BeadsofRuin|HeatWave,DarkPulse,Overheat,Protect||||||50|,,,,,Ghost]Brambleghast||FocusSash|WindRider|Poltergeist,PowerWhip,ShadowSneak,StrengthSap|||M|||50|,,,,,Ghost]Gholdengo||ChoiceSpecs|GoodasGold|MakeItRain,ShadowBall,Thunderbolt,SteelBeam||||||50|,,,,,Steel\n|c|\u2606TrainerRedVGC23|good luck and have fun!\n|c|\u2606hash brown enjoyer|glhf!\n|j| Bauerdad\n|j| muzikal\n|\n|t:|1700614277\n|start\n|switch|p1a: Tornadus|Tornadus, L50, M, shiny|100\/100\n|switch|p1b: Gholdengo|Gholdengo, L50|100\/100\n|switch|p2a: Tornadus|Tornadus, L50, M|100\/100\n|switch|p2b: Urshifu|Urshifu-Rapid-Strike, L50, F|100\/100\n|turn|1\n|\n|t:|1700614304\n|move|p2a: Tornadus|Tailwind|p2a: Tornadus\n|-sidestart|p2: hash brown enjoyer|move: Tailwind\n|move|p1a: Tornadus|Taunt|p2a: Tornadus\n|-start|p2a: Tornadus|move: Taunt\n|move|p2b: Urshifu|Surging Strikes|p1a: Tornadus\n|-crit|p1a: Tornadus\n|-damage|p1a: Tornadus|66\/100\n|-crit|p1a: Tornadus\n|-damage|p1a: Tornadus|31\/100\n|-crit|p1a: Tornadus\n|-damage|p1a: Tornadus|0 fnt\n|faint|p1a: Tornadus\n|-hitcount|p1: Tornadus|3\n|move|p1b: Gholdengo|Thunderbolt|p2b: Urshifu\n|-supereffective|p2b: Urshifu\n|-damage|p2b: Urshifu|0 fnt\n|faint|p2b: Urshifu\n|\n|upkeep\n|\n|t:|1700614325\n|switch|p1a: Urshifu|Urshifu-Rapid-Strike, L50, M|100\/100\n|switch|p2b: Brambleghast|Brambleghast, L50, M, shiny|100\/100\n|-ability|p2b: Brambleghast|Wind Rider|boost\n|-boost|p2b: Brambleghast|atk|1\n|turn|2\n|\n|t:|1700614346\n|move|p1a: Urshifu|Protect|p1a: Urshifu\n|-singleturn|p1a: Urshifu|Protect\n|move|p2a: Tornadus|Bleakwind Storm|p1b: Gholdengo|[spread] p1b\n|-activate|p1a: Urshifu|move: Protect\n|-resisted|p1b: Gholdengo\n|-damage|p1b: Gholdengo|82\/100\n|move|p2b: Brambleghast|Poltergeist|p1b: Gholdengo|[miss]\n|-miss|p2b: Brambleghast|p1b: Gholdengo\n|move|p1b: Gholdengo|Thunderbolt|p2a: Tornadus\n|-supereffective|p2a: Tornadus\n|-damage|p2a: Tornadus|0 fnt\n|faint|p2a: Tornadus\n|\n|upkeep\n|\n|t:|1700614359\n|switch|p2a: Chi-Yu|Chi-Yu, L50|100\/100\n|-ability|p2a: Chi-Yu|Beads of Ruin\n|turn|3\n|\n|t:|1700614388\n|switch|p1a: Kala|Rillaboom, L50, F, shiny|100\/100\n|-fieldstart|move: Grassy Terrain|[from] ability: Grassy Surge|[of] p1a: Kala\n|-terastallize|p2a: Chi-Yu|Ghost\n|move|p2a: Chi-Yu|Heat Wave|p1a: Kala|[spread] p1a\n|-miss|p2a: Chi-Yu|p1b: Gholdengo\n|-supereffective|p1a: Kala\n|-damage|p1a: Kala|0 fnt\n|faint|p1a: Kala\n|-damage|p2a: Chi-Yu|91\/100|[from] item: Life Orb\n|move|p2b: Brambleghast|Power Whip|p1b: Gholdengo\n|-resisted|p1b: Gholdengo\n|-damage|p1b: Gholdengo|15\/100\n|move|p1b: Gholdengo|Thunderbolt|p2b: Brambleghast\n|-resisted|p2b: Brambleghast\n|-damage|p2b: Brambleghast|46\/100\n|\n|-heal|p2a: Chi-Yu|97\/100|[from] Grassy Terrain\n|-heal|p2b: Brambleghast|52\/100|[from] Grassy Terrain\n|-heal|p1b: Gholdengo|21\/100|[from] Grassy Terrain\n|upkeep\n|\n|t:|1700614408\n|switch|p1a: Urshifu|Urshifu-Rapid-Strike, L50, M|100\/100\n|turn|4\n|\n|t:|1700614427\n|move|p1a: Urshifu|Protect|p1a: Urshifu\n|-singleturn|p1a: Urshifu|Protect\n|move|p2b: Brambleghast|Shadow Sneak|p1b: Gholdengo\n|-supereffective|p1b: Gholdengo\n|-damage|p1b: Gholdengo|0 fnt\n|faint|p1b: Gholdengo\n|move|p2a: Chi-Yu|Heat Wave|p1a: Urshifu\n|-activate|p1a: Urshifu|move: Protect\n|\n|-heal|p2a: Chi-Yu|100\/100|[from] Grassy Terrain\n|-heal|p2b: Brambleghast|59\/100|[from] Grassy Terrain\n|-sideend|p2: hash brown enjoyer|move: Tailwind\n|upkeep\n|turn|5\n|\n|t:|1700614462\n|-terastallize|p1a: Urshifu|Water\n|move|p2a: Chi-Yu|Overheat|p1a: Urshifu\n|-resisted|p1a: Urshifu\n|-damage|p1a: Urshifu|7\/100\n|-unboost|p2a: Chi-Yu|spa|2\n|-damage|p2a: Chi-Yu|91\/100|[from] item: Life Orb\n|move|p1a: Urshifu|Surging Strikes|p2b: Brambleghast\n|-resisted|p2b: Brambleghast\n|-crit|p2b: Brambleghast\n|-damage|p2b: Brambleghast|29\/100\n|-resisted|p2b: Brambleghast\n|-crit|p2b: Brambleghast\n|-damage|p2b: Brambleghast|0 fnt\n|faint|p2b: Brambleghast\n|-hitcount|p2: Brambleghast|2\n|\n|-heal|p2a: Chi-Yu|97\/100|[from] Grassy Terrain\n|-heal|p1a: Urshifu|12\/100|[from] Grassy Terrain\n|upkeep\n|turn|6\n|\n|t:|1700614478\n|move|p1a: Urshifu|Protect|p1a: Urshifu\n|-singleturn|p1a: Urshifu|Protect\n|move|p2a: Chi-Yu|Dark Pulse|p1a: Urshifu\n|-activate|p1a: Urshifu|move: Protect\n|\n|-heal|p2a: Chi-Yu|100\/100|[from] Grassy Terrain\n|-heal|p1a: Urshifu|18\/100|[from] Grassy Terrain\n|upkeep\n|turn|7\n|\n|t:|1700614487\n|move|p1a: Urshifu|Aqua Jet|p2a: Chi-Yu\n|-damage|p2a: Chi-Yu|41\/100\n|move|p2a: Chi-Yu|Dark Pulse|p1a: Urshifu\n|-damage|p1a: Urshifu|0 fnt\n|faint|p1a: Urshifu\n|-damage|p2a: Chi-Yu|31\/100|[from] item: Life Orb\n|\n|win|hash brown enjoyer\n|c|&|\/uhtml prompt-trainerredvgc23,TrainerRedVGC23 is ready for game 2!\n|c|\u2606hash brown enjoyer|gg\n|c|&|\/uhtml prompt-hashbrownenjoyer,hash brown enjoyer is ready for game 2!\nBoth players are ready! Starting next match!\n|l| muzikal\n|l|\u2606TrainerRedVGC23\n","uploadtime":1700614938,"views":12,"p1id":"trainerredvgc23","p2id":"hashbrownenjoyer","formatid":"gen9vgc2023regulatione","rating":0,"private":0,"password":""}