{"id":"gen9vgc2023regulatione-1996415320","p1":"Office Worker Ted","p2":"Thehoppa117","format":"[Gen 9] VGC 2023 Regulation E","log":"|j|\u2606Office Worker Ted\n|j|\u2606Thehoppa117\n|t:|1700679824\n|gametype|doubles\n|player|p1|Office Worker Ted|clerk|1209\n|player|p2|Thehoppa117|benga|1208\n|teamsize|p1|6\n|teamsize|p2|6\n|gen|9\n|tier|[Gen 9] VGC 2023 Regulation E\n|rated|\n|rule|Species Clause: Limit one of each Pok\u00e9mon\n|rule|Item Clause: Limit one of each item\n|clearpoke\n|poke|p1|Ninetales-Alola, L50, M|\n|poke|p1|Iron Bundle, L50|\n|poke|p1|Chi-Yu, L50|\n|poke|p1|Dachsbun, L50, M|\n|poke|p1|Rillaboom, L50, M|\n|poke|p1|Ogerpon-Hearthflame, L50, F|\n|poke|p2|Iron Jugulis, L50|\n|poke|p2|Iron Hands, L50|\n|poke|p2|Iron Moth, L50|\n|poke|p2|Ogerpon-Hearthflame, L50, F|\n|poke|p2|Flutter Mane, L50|\n|poke|p2|Sinistcha, L50|\n|teampreview|4\n|inactive|Battle timer is ON: inactive players will automatically lose when time's up. (requested by Thehoppa117)\n|inactive|Office Worker Ted also wants the timer to be on.\n|\n|t:|1700679840\n|start\n|switch|p1a: Iron Bundle|Iron Bundle, L50|100\/100\n|switch|p1b: Ninetales|Ninetales-Alola, L50, M|100\/100\n|switch|p2a: Iron Jugulis|Iron Jugulis, L50|100\/100\n|switch|p2b: Iron Hands|Iron Hands, L50|100\/100\n|-weather|Snow|[from] ability: Snow Warning|[of] p1b: Ninetales\n|-enditem|p1a: Iron Bundle|Booster Energy\n|-activate|p1a: Iron Bundle|ability: Quark Drive|[fromitem]\n|-start|p1a: Iron Bundle|quarkdrivespe\n|-enditem|p2a: Iron Jugulis|Booster Energy\n|-activate|p2a: Iron Jugulis|ability: Quark Drive|[fromitem]\n|-start|p2a: Iron Jugulis|quarkdrivespe\n|turn|1\n|\n|t:|1700679864\n|move|p1a: Iron Bundle|Blizzard|p2b: Iron Hands|[spread] p2a,p2b\n|-supereffective|p2a: Iron Jugulis\n|-damage|p2a: Iron Jugulis|28\/100\n|-damage|p2b: Iron Hands|76\/100\n|move|p2a: Iron Jugulis|Sunny Day|p2a: Iron Jugulis\n|-weather|SunnyDay\n|move|p1b: Ninetales|Icy Wind|p2b: Iron Hands|[spread] p2a,p2b\n|-supereffective|p2a: Iron Jugulis\n|-damage|p2a: Iron Jugulis|0 fnt\n|-damage|p2b: Iron Hands|68\/100\n|-unboost|p2b: Iron Hands|spe|1\n|faint|p2a: Iron Jugulis\n|-end|p2a: Iron Jugulis|Quark Drive|[silent]\n|move|p2b: Iron Hands|Thunder Punch|p1a: Iron Bundle\n|-supereffective|p1a: Iron Bundle\n|-damage|p1a: Iron Bundle|11\/100\n|\n|-weather|SunnyDay|[upkeep]\n|upkeep\n|\n|t:|1700679883\n|switch|p2a: Iron Moth|Iron Moth, L50|100\/100\n|turn|2\n|\n|t:|1700679901\n|switch|p1b: Dachsbun|Dachsbun, L50, M|100\/100\n|-terastallize|p2a: Iron Moth|Fairy\n|move|p1a: Iron Bundle|Icy Wind|p2a: Iron Moth|[spread] p2a,p2b\n|-damage|p2a: Iron Moth|81\/100\n|-damage|p2b: Iron Hands|57\/100\n|-unboost|p2a: Iron Moth|spe|1\n|-unboost|p2b: Iron Hands|spe|1\n|move|p2a: Iron Moth|Heat Wave|p1b: Dachsbun|[spread] p1a\n|-ability|p1b: Dachsbun|Well-Baked Body|boost\n|-boost|p1b: Dachsbun|def|2\n|-damage|p1a: Iron Bundle|0 fnt\n|faint|p1a: Iron Bundle\n|-end|p1a: Iron Bundle|Quark Drive|[silent]\n|move|p2b: Iron Hands|Drain Punch|p1b: Dachsbun\n|-resisted|p1b: Dachsbun\n|-damage|p1b: Dachsbun|91\/100\n|-heal|p2b: Iron Hands|60\/100|[from] drain|[of] p1b: Dachsbun\n|\n|-weather|SunnyDay|[upkeep]\n|-heal|p1b: Dachsbun|97\/100|[from] item: Leftovers\n|upkeep\n|\n|t:|1700679915\n|switch|p1a: Ninetales|Ninetales-Alola, L50, M|100\/100\n|-weather|Snow|[from] ability: Snow Warning|[of] p1a: Ninetales\n|turn|3\n|\n|t:|1700679931\n|-end|p2a: Iron Moth|Quark Drive|[silent]\n|switch|p2a: Ogerpon|Ogerpon-Hearthflame, L50, F|100\/100\n|-ability|p2a: Ogerpon|Mold Breaker\n|-terastallize|p1b: Dachsbun|Steel\n|move|p1a: Ninetales|Aurora Veil|p1a: Ninetales\n|-sidestart|p1: Office Worker Ted|move: Aurora Veil\n|move|p1b: Dachsbun|Substitute|p1b: Dachsbun\n|-start|p1b: Dachsbun|Substitute\n|-damage|p1b: Dachsbun|73\/100\n|move|p2b: Iron Hands|Drain Punch|p1a: Ninetales\n|-damage|p1a: Ninetales|71\/100\n|-heal|p2b: Iron Hands|69\/100|[from] drain|[of] p1a: Ninetales\n|\n|-weather|Snow|[upkeep]\n|-heal|p1b: Dachsbun|79\/100|[from] item: Leftovers\n|upkeep\n|turn|4\n|\n|t:|1700679954\n|move|p2a: Ogerpon|Spiky Shield|p2a: Ogerpon\n|-singleturn|p2a: Ogerpon|move: Protect\n|move|p1a: Ninetales|Moonblast|p2b: Iron Hands\n|-supereffective|p2b: Iron Hands\n|-damage|p2b: Iron Hands|30\/100\n|move|p1b: Dachsbun|Body Press|p2b: Iron Hands\n|-damage|p2b: Iron Hands|0 fnt\n|faint|p2b: Iron Hands\n|-end|p2b: Iron Hands|Quark Drive|[silent]\n|\n|-weather|Snow|[upkeep]\n|-heal|p1b: Dachsbun|85\/100|[from] item: Leftovers\n|upkeep\n|\n|t:|1700679963\n|switch|p2b: Iron Moth|Iron Moth, L50, tera:Fairy|81\/100\n|turn|5\n|\n|t:|1700679978\n|move|p2b: Iron Moth|Discharge|p1b: Dachsbun|[spread] p2a,p1a,p1b\n|-activate|p1b: Dachsbun|move: Substitute|[damage]\n|-resisted|p2a: Ogerpon\n|-damage|p2a: Ogerpon|86\/100\n|-damage|p1a: Ninetales|55\/100\n|move|p2a: Ogerpon|Horn Leech|p1b: Dachsbun\n|-resisted|p1b: Dachsbun\n|-end|p1b: Dachsbun|Substitute\n|-heal|p2a: Ogerpon|90\/100|[from] drain|[of] p1b: Dachsbun\n|move|p1a: Ninetales|Icy Wind|p2b: Iron Moth|[spread] p2a,p2b\n|-damage|p2a: Ogerpon|74\/100\n|-damage|p2b: Iron Moth|66\/100\n|-unboost|p2a: Ogerpon|spe|1\n|-unboost|p2b: Iron Moth|spe|1\n|move|p1b: Dachsbun|Body Press|p2a: Ogerpon\n|-damage|p2a: Ogerpon|5\/100\n|\n|-weather|Snow|[upkeep]\n|-heal|p1b: Dachsbun|91\/100|[from] item: Leftovers\n|upkeep\n|turn|6\n|\n|t:|1700680000\n|move|p2a: Ogerpon|Spiky Shield|p2a: Ogerpon\n|-singleturn|p2a: Ogerpon|move: Protect\n|move|p1a: Ninetales|Icy Wind|p2a: Ogerpon|[spread] p2b\n|-activate|p2a: Ogerpon|move: Protect\n|-damage|p2b: Iron Moth|52\/100\n|-unboost|p2b: Iron Moth|spe|1\n|move|p2b: Iron Moth|Discharge|p1a: Ninetales|[spread] p1a,p1b\n|-activate|p2a: Ogerpon|move: Protect\n|-damage|p1a: Ninetales|38\/100\n|-damage|p1b: Dachsbun|75\/100\n|-status|p1b: Dachsbun|par\n|move|p1b: Dachsbun|Substitute|p1b: Dachsbun\n|-start|p1b: Dachsbun|Substitute\n|-damage|p1b: Dachsbun|50\/100 par\n|\n|-weather|Snow|[upkeep]\n|-heal|p1b: Dachsbun|56\/100 par|[from] item: Leftovers\n|upkeep\n|turn|7\n|\n|t:|1700680019\n|move|p1a: Ninetales|Icy Wind|p2a: Ogerpon|[spread] p2a,p2b\n|-damage|p2a: Ogerpon|0 fnt\n|-damage|p2b: Iron Moth|37\/100\n|-unboost|p2b: Iron Moth|spe|1\n|faint|p2a: Ogerpon\n|move|p2b: Iron Moth|Discharge|p1b: Dachsbun|[spread] p1a,p1b\n|-activate|p1b: Dachsbun|move: Substitute|[damage]\n|-crit|p1a: Ninetales\n|-damage|p1a: Ninetales|0 fnt\n|faint|p1a: Ninetales\n|move|p1b: Dachsbun|Snarl|p2b: Iron Moth\n|-resisted|p2b: Iron Moth\n|-damage|p2b: Iron Moth|33\/100\n|-unboost|p2b: Iron Moth|spa|1\n|\n|-weather|none\n|-heal|p1b: Dachsbun|62\/100 par|[from] item: Leftovers\n|upkeep\n|\n|t:|1700680029\n|switch|p1a: Chi-Yu|Chi-Yu, L50|100\/100\n|-ability|p1a: Chi-Yu|Beads of Ruin\n|turn|8\n|\n|t:|1700680033\n|move|p1a: Chi-Yu|Lava Plume|p2b: Iron Moth|[spread] p2b\n|-ability|p1b: Dachsbun|Well-Baked Body|boost\n|-boost|p1b: Dachsbun|def|2\n|-damage|p2b: Iron Moth|0 fnt\n|faint|p2b: Iron Moth\n|-end|p2b: Iron Moth|Quark Drive|[silent]\n|\n|win|Office Worker Ted\n|raw|Office Worker Ted's rating: 1209 &rarr; <strong>1234<\/strong><br \/>(+25 for winning)\n|raw|Thehoppa117's rating: 1208 &rarr; <strong>1183<\/strong><br \/>(-25 for losing)\n|l|\u2606Office Worker Ted\n","uploadtime":1700680048,"views":15,"p1id":"officeworkerted","p2id":"thehoppa117","formatid":"gen9vgc2023regulatione","rating":1183,"private":0,"password":""}