{"id":"gen9vgc2023regulatione-1988498118","p1":"DPanther8760","p2":"QueenFluffyShadow","format":"[Gen 9] VGC 2023 Regulation E","log":"|j|\u2606DPanther8760\n|j|\u2606QueenFluffyShadow\n|t:|1699729368\n|gametype|doubles\n|player|p1|DPanther8760|101|1057\n|player|p2|QueenFluffyShadow|fantina|1005\n|teamsize|p1|6\n|teamsize|p2|6\n|gen|9\n|tier|[Gen 9] VGC 2023 Regulation E\n|rated|\n|rule|Species Clause: Limit one of each Pok\u00e9mon\n|rule|Item Clause: Limit one of each item\n|clearpoke\n|poke|p1|Sinistcha-Masterpiece, L50|\n|poke|p1|Ursaluna, L50, F|\n|poke|p1|Landorus-Therian, L50, M|\n|poke|p1|Indeedee-F, L50, F|\n|poke|p1|Dusclops, L50, M|\n|poke|p1|Urshifu-*, L50, F|\n|poke|p2|Kommo-o, L50, M|\n|poke|p2|Sinistcha, L50|\n|poke|p2|Dondozo, L50, F|\n|poke|p2|Tatsugiri, L50, F|\n|poke|p2|Ogerpon-Wellspring, L50, F|\n|poke|p2|Oricorio-Sensu, L50, F|\n|teampreview|4\n|\n|t:|1699729403\n|start\n|switch|p1a: Moon Pie|Ursaluna, L50, F, shiny|100\/100\n|switch|p1b: Strangely good|Dusclops, L50, M|100\/100\n|switch|p2a: Oricorio|Oricorio-Sensu, L50, F|100\/100\n|switch|p2b: Ogerpon|Ogerpon-Wellspring, L50, F|100\/100\n|-ability|p1b: Strangely good|Pressure\n|turn|1\n|c|\u2606DPanther8760|Glhf\n|inactive|Battle timer is ON: inactive players will automatically lose when time's up. (requested by DPanther8760)\n|c|\u2606QueenFluffyShadow|u2 :)\n|\n|t:|1699729436\n|move|p1a: Moon Pie|Protect|p1a: Moon Pie\n|-singleturn|p1a: Moon Pie|Protect\n|move|p2a: Oricorio|Revelation Dance|p1b: Strangely good\n|-supereffective|p1b: Strangely good\n|-damage|p1b: Strangely good|56\/100\n|move|p2b: Ogerpon|Ivy Cudgel|p1b: Strangely good\n|-damage|p1b: Strangely good|16\/100\n|move|p1b: Strangely good|Trick Room|p1b: Strangely good\n|-fieldstart|move: Trick Room|[of] p1b: Strangely good\n|\n|-status|p1a: Moon Pie|brn|[from] item: Flame Orb\n|upkeep\n|turn|2\n|\n|t:|1699729461\n|move|p1b: Strangely good|Will-O-Wisp|p2b: Ogerpon\n|-status|p2b: Ogerpon|brn\n|move|p1a: Moon Pie|Facade|p2b: Ogerpon\n|-damage|p2b: Ogerpon|0 fnt\n|faint|p2b: Ogerpon\n|move|p2a: Oricorio|Revelation Dance|p1b: Strangely good\n|-supereffective|p1b: Strangely good\n|-damage|p1b: Strangely good|0 fnt\n|faint|p1b: Strangely good\n|\n|-damage|p1a: Moon Pie|95\/100 brn|[from] brn\n|upkeep\n|\n|t:|1699729475\n|switch|p1b: Mom Vibes|Indeedee-F, L50, F|100\/100\n|switch|p2b: Tatsugiri|Tatsugiri, L50, F|100\/100\n|-fieldstart|move: Psychic Terrain|[from] ability: Psychic Surge|[of] p1b: Mom Vibes\n|-enditem|p1b: Mom Vibes|Psychic Seed\n|-boost|p1b: Mom Vibes|spd|1|[from] item: Psychic Seed\n|turn|3\n|inactive|DPanther8760 has 30 seconds left.\n|inactive|DPanther8760 has 20 seconds left.\n|\n|t:|1699729513\n|-terastallize|p2b: Tatsugiri|Steel\n|move|p1b: Mom Vibes|Helping Hand|p1a: Moon Pie\n|-singleturn|p1a: Moon Pie|Helping Hand|[of] p1b: Mom Vibes\n|move|p1a: Moon Pie|Earthquake|p2b: Tatsugiri|[spread] p1b,p2b\n|-immune|p2a: Oricorio\n|-crit|p1b: Mom Vibes\n|-supereffective|p2b: Tatsugiri\n|-damage|p1b: Mom Vibes|0 fnt\n|-damage|p2b: Tatsugiri|0 fnt\n|faint|p1b: Mom Vibes\n|faint|p2b: Tatsugiri\n|move|p2a: Oricorio|Revelation Dance|p1a: Moon Pie\n|-immune|p1a: Moon Pie\n|\n|-damage|p1a: Moon Pie|89\/100 brn|[from] brn\n|upkeep\n|\n|t:|1699729527\n|switch|p1b: Annoying healer|Sinistcha-Masterpiece, L50, shiny|100\/100\n|switch|p2b: Sinistcha|Sinistcha, L50|100\/100\n|-heal|p1a: Moon Pie|100\/100 brn|[from] ability: Hospitality|[of] p1b: Annoying healer\n|turn|4\n|\n|t:|1699729547\n|move|p1a: Moon Pie|Earthquake|p2a: Oricorio|[spread] p1b,p2b\n|-immune|p2a: Oricorio\n|-resisted|p1b: Annoying healer\n|-resisted|p2b: Sinistcha\n|-damage|p1b: Annoying healer|67\/100\n|-damage|p2b: Sinistcha|69\/100\n|move|p1b: Annoying healer|Matcha Gotcha|p2a: Oricorio|[spread] p2a,p2b\n|-resisted|p2a: Oricorio\n|-resisted|p2b: Sinistcha\n|-damage|p2a: Oricorio|83\/100\n|-heal|p1b: Annoying healer|75\/100|[from] drain|[of] p2a: Oricorio\n|-damage|p2b: Sinistcha|59\/100\n|-heal|p1b: Annoying healer|80\/100|[from] drain|[of] p2b: Sinistcha\n|-status|p2b: Sinistcha|brn\n|move|p2b: Sinistcha|Strength Sap|p1a: Moon Pie\n|-unboost|p1a: Moon Pie|atk|1\n|-heal|p2b: Sinistcha|100\/100 brn\n|move|p2a: Oricorio|Air Slash|p1b: Annoying healer|[miss]\n|-miss|p2a: Oricorio|p1b: Annoying healer\n|\n|-damage|p1a: Moon Pie|95\/100 brn|[from] brn\n|-damage|p2b: Sinistcha|94\/100 brn|[from] brn\n|upkeep\n|turn|5\n|-message|DPanther8760 forfeited.\n|\n|win|QueenFluffyShadow\n|raw|DPanther8760's rating: 1057 &rarr; <strong>1036<\/strong><br \/>(-21 for losing)\n|raw|QueenFluffyShadow's rating: 1005 &rarr; <strong>1050<\/strong><br \/>(+45 for winning)\n|l|\u2606DPanther8760\n","uploadtime":1699729572,"views":27,"p1id":"dpanther8760","p2id":"queenfluffyshadow","formatid":"gen9vgc2023regulatione","rating":1036,"private":0,"password":""}