{"id":"gen9vgc2023regulatione-1996762132","p1":"Skyking17","p2":"hairill","format":"[Gen 9] VGC 2023 Regulation E","log":"|j|\u2606Skyking17\n|j|\u2606hairill\n|t:|1700720922\n|gametype|doubles\n|player|p1|Skyking17|ethan|1172\n|player|p2|hairill|falkner|1050\n|teamsize|p1|6\n|teamsize|p2|6\n|gen|9\n|tier|[Gen 9] VGC 2023 Regulation E\n|rated|\n|rule|Species Clause: Limit one of each Pok\u00e9mon\n|rule|Item Clause: Limit one of each item\n|clearpoke\n|poke|p1|Zoroark-Hisui, L50, F|\n|poke|p1|Ninetales, L50, M|\n|poke|p1|Tornadus, L50, M|\n|poke|p1|Heatran, L50, F|\n|poke|p1|Roaring Moon, L50|\n|poke|p1|Typhlosion, L50, M|\n|poke|p2|Tornadus, L50, M|\n|poke|p2|Landorus-Therian, L50, M|\n|poke|p2|Flutter Mane, L50|\n|poke|p2|Ogerpon-Hearthflame, L50, F|\n|poke|p2|Rillaboom, L50, M|\n|poke|p2|Chien-Pao, L50|\n|teampreview|4\n|inactive|Battle timer is ON: inactive players will automatically lose when time's up. (requested by hairill)\n|\n|t:|1700720941\n|start\n|switch|p1a: Tornadus|Tornadus, L50, M|100\/100\n|switch|p1b: Roaring Moon|Roaring Moon, L50|100\/100\n|switch|p2a: Landorus|Landorus-Therian, L50, M|100\/100\n|switch|p2b: Tornadus|Tornadus, L50, M|100\/100\n|-ability|p2a: Landorus|Intimidate|boost\n|-unboost|p1a: Tornadus|atk|1\n|-unboost|p1b: Roaring Moon|atk|1\n|turn|1\n|inactive|hairill has 30 seconds left.\n|\n|t:|1700720973\n|move|p1a: Tornadus|Taunt|p2b: Tornadus\n|-start|p2b: Tornadus|move: Taunt\n|cant|p2b: Tornadus|move: Taunt|Taunt\n|move|p2a: Landorus|Rock Slide|p1a: Tornadus|[spread] p1a,p1b\n|-supereffective|p1a: Tornadus\n|-crit|p1b: Roaring Moon\n|-damage|p1a: Tornadus|46\/100\n|-damage|p1b: Roaring Moon|33\/100\n|replace|p1b: Zoroark|Zoroark-Hisui, L50, F\n|-end|p1b: Zoroark|Illusion\n|move|p1b: Zoroark|Bitter Malice|p2a: Landorus\n|-damage|p2a: Landorus|45\/100\n|-unboost|p2a: Landorus|atk|1\n|-damage|p1b: Zoroark|23\/100|[from] item: Life Orb\n|\n|upkeep\n|turn|2\n|inactive|hairill has 30 seconds left.\n|\n|t:|1700720998\n|switch|p2b: Rillaboom|Rillaboom, L50, M|100\/100\n|-fieldstart|move: Grassy Terrain|[from] ability: Grassy Surge|[of] p2b: Rillaboom\n|move|p1a: Tornadus|Tailwind|p1a: Tornadus\n|-sidestart|p1: Skyking17|move: Tailwind\n|move|p1b: Zoroark|Flamethrower|p2a: Landorus\n|-damage|p2a: Landorus|0 fnt\n|faint|p2a: Landorus\n|-damage|p1b: Zoroark|13\/100|[from] item: Life Orb\n|\n|-heal|p1b: Zoroark|19\/100|[from] Grassy Terrain\n|upkeep\n|\n|t:|1700721020\n|switch|p2a: Tornadus|Tornadus, L50, M|100\/100\n|turn|3\n|\n|t:|1700721026\n|move|p2b: Rillaboom|Fake Out|p1a: Tornadus\n|-crit|p1a: Tornadus\n|-damage|p1a: Tornadus|17\/100\n|move|p1a: Tornadus|Taunt|p2a: Tornadus\n|-start|p2a: Tornadus|move: Taunt\n|cant|p2a: Tornadus|move: Taunt|Tailwind\n|move|p1b: Zoroark|Flamethrower|p2b: Rillaboom\n|-supereffective|p2b: Rillaboom\n|-damage|p2b: Rillaboom|44\/100\n|-damage|p1b: Zoroark|9\/100|[from] item: Life Orb\n|\n|-heal|p1b: Zoroark|15\/100|[from] Grassy Terrain\n|-heal|p2b: Rillaboom|50\/100|[from] Grassy Terrain\n|upkeep\n|turn|4\n|\n|t:|1700721046\n|switch|p2a: Flutter Mane|Flutter Mane, L50|100\/100\n|move|p1b: Zoroark|Protect|p1b: Zoroark\n|-singleturn|p1b: Zoroark|Protect\n|move|p2b: Rillaboom|Grassy Glide|p1b: Zoroark\n|-activate|p1b: Zoroark|move: Protect\n|move|p1a: Tornadus|Bleakwind Storm|p2a: Flutter Mane|[spread] p2a,p2b\n|-supereffective|p2b: Rillaboom\n|-damage|p2a: Flutter Mane|72\/100\n|-damage|p2b: Rillaboom|8\/100\n|\n|-heal|p1b: Zoroark|21\/100|[from] Grassy Terrain\n|-heal|p2a: Flutter Mane|78\/100|[from] Grassy Terrain\n|-heal|p2b: Rillaboom|14\/100|[from] Grassy Terrain\n|upkeep\n|turn|5\n|\n|t:|1700721069\n|switch|p1a: Roaring Moon|Roaring Moon, L50|100\/100\n|-enditem|p1a: Roaring Moon|Booster Energy\n|-activate|p1a: Roaring Moon|ability: Protosynthesis|[fromitem]\n|-start|p1a: Roaring Moon|protosynthesisatk\n|switch|p1b: Heatran|Heatran, L50, F|100\/100\n|switch|p2b: Tornadus|Tornadus, L50, M|100\/100\n|move|p2a: Flutter Mane|Icy Wind|p1b: Heatran|[spread] p1a,p1b\n|-supereffective|p1a: Roaring Moon\n|-resisted|p1b: Heatran\n|-damage|p1a: Roaring Moon|62\/100\n|-damage|p1b: Heatran|97\/100\n|-unboost|p1a: Roaring Moon|spe|1\n|-unboost|p1b: Heatran|spe|1\n|\n|-heal|p1a: Roaring Moon|68\/100|[from] Grassy Terrain\n|-heal|p2a: Flutter Mane|83\/100|[from] Grassy Terrain\n|-heal|p1b: Heatran|100\/100|[from] Grassy Terrain\n|-sideend|p1: Skyking17|move: Tailwind\n|upkeep\n|turn|6\n|inactive|Skyking17 has 30 seconds left.\n|\n|t:|1700721095\n|-end|p2a: Flutter Mane|Protosynthesis|[silent]\n|switch|p2a: Rillaboom|Rillaboom, L50, M|14\/100\n|-terastallize|p1a: Roaring Moon|Flying\n|move|p2b: Tornadus|Tailwind|p2b: Tornadus\n|-sidestart|p2: hairill|move: Tailwind\n|move|p1a: Roaring Moon|Acrobatics|p2a: Rillaboom\n|-supereffective|p2a: Rillaboom\n|-damage|p2a: Rillaboom|0 fnt\n|faint|p2a: Rillaboom\n|move|p1b: Heatran|Heat Wave|p2b: Tornadus\n|-damage|p2b: Tornadus|36\/100\n|\n|-fieldend|move: Grassy Terrain\n|upkeep\n|\n|t:|1700721107\n|switch|p2a: Flutter Mane|Flutter Mane, L50|83\/100\n|turn|7\n|\n|t:|1700721117\n|-terastallize|p2a: Flutter Mane|Fairy\n|move|p1a: Roaring Moon|Protect|p1a: Roaring Moon\n|-singleturn|p1a: Roaring Moon|Protect\n|move|p2a: Flutter Mane|Moonblast|p1a: Roaring Moon\n|-activate|p1a: Roaring Moon|move: Protect\n|move|p2b: Tornadus|Bleakwind Storm|p1b: Heatran|[spread] p1b\n|-activate|p1a: Roaring Moon|move: Protect\n|-resisted|p1b: Heatran\n|-damage|p1b: Heatran|87\/100\n|-unboost|p1b: Heatran|spe|1\n|move|p1b: Heatran|Flash Cannon|p2a: Flutter Mane\n|-supereffective|p2a: Flutter Mane\n|-damage|p2a: Flutter Mane|3\/100\n|\n|-heal|p1b: Heatran|93\/100|[from] item: Leftovers\n|upkeep\n|turn|8\n|-message|hairill forfeited.\n|\n|win|Skyking17\n|raw|Skyking17's rating: 1172 &rarr; <strong>1189<\/strong><br \/>(+17 for winning)\n|raw|hairill's rating: 1050 &rarr; <strong>1038<\/strong><br \/>(-12 for losing)\n|l|\u2606hairill\n","uploadtime":1700721154,"views":5,"p1id":"skyking17","p2id":"hairill","formatid":"gen9vgc2023regulatione","rating":1038,"private":0,"password":""}