{"id":"gen9vgc2023regulatione-1999401561","p1":"untruthfully","p2":"newusernovice","format":"[Gen 9] VGC 2023 Regulation E","log":"|j|\u2606untruthfully\n|j|\u2606newusernovice\n|t:|1701074295\n|gametype|doubles\n|player|p1|untruthfully|170|1344\n|player|p2|newusernovice|brawly|1430\n|teamsize|p1|6\n|teamsize|p2|6\n|gen|9\n|tier|[Gen 9] VGC 2023 Regulation E\n|rated|\n|rule|Species Clause: Limit one of each Pok\u00e9mon\n|rule|Item Clause: Limit one of each item\n|clearpoke\n|poke|p1|Tornadus, L50, M|\n|poke|p1|Arcanine-Hisui, L50, F|\n|poke|p1|Iron Hands, L50|\n|poke|p1|Gholdengo, L50|\n|poke|p1|Urshifu-*, L50, M|\n|poke|p1|Ogerpon-Wellspring, L50, F|\n|poke|p2|Urshifu-*, L50, M|\n|poke|p2|Ogerpon-Wellspring, L50, F|\n|poke|p2|Chien-Pao, L50|\n|poke|p2|Tornadus, L50, M|\n|poke|p2|Gholdengo, L50|\n|poke|p2|Dragapult, L50, M|\n|teampreview|4\n|inactive|Battle timer is ON: inactive players will automatically lose when time's up. (requested by newusernovice)\n|inactive|untruthfully has 60 seconds left.\n|inactive|newusernovice has 60 seconds left.\n|\n|t:|1701074340\n|start\n|switch|p1a: Tornadus|Tornadus, L50, M|100\/100\n|switch|p1b: Ogerpon|Ogerpon-Wellspring, L50, F|100\/100\n|switch|p2a: Tornadus|Tornadus, L50, M, shiny|100\/100\n|switch|p2b: Dragapult|Dragapult, L50, M, shiny|100\/100\n|turn|1\n|\n|t:|1701074364\n|switch|p1b: Iron Hands|Iron Hands, L50|100\/100\n|-terastallize|p2b: Dragapult|Ghost\n|move|p1a: Tornadus|Tailwind|p1a: Tornadus\n|-sidestart|p1: untruthfully|move: Tailwind\n|move|p2b: Dragapult|Tera Blast|p1a: Tornadus|[anim] Tera Blast Ghost\n|-crit|p1a: Tornadus\n|-damage|p1a: Tornadus|0 fnt\n|faint|p1a: Tornadus\n|move|p2a: Tornadus|Bleakwind Storm|p1b: Iron Hands|[miss]\n|-miss|p2a: Tornadus|p1b: Iron Hands\n|\n|upkeep\n|\n|t:|1701074388\n|switch|p1a: Gholdengo|Gholdengo, L50|100\/100\n|turn|2\n|inactive|newusernovice has 30 seconds left.\n|inactive|newusernovice has 20 seconds left.\n|\n|t:|1701074426\n|switch|p2b: Urshifu|Urshifu, L50, M|100\/100\n|-terastallize|p1a: Gholdengo|Dragon\n|move|p2a: Tornadus|Protect|p2a: Tornadus\n|-singleturn|p2a: Tornadus|Protect\n|move|p1b: Iron Hands|Fake Out|p2a: Tornadus\n|-activate|p2a: Tornadus|move: Protect\n|move|p1a: Gholdengo|Nasty Plot|p1a: Gholdengo\n|-boost|p1a: Gholdengo|spa|2\n|\n|upkeep\n|turn|3\n|inactive|newusernovice has 30 seconds left.\n|inactive|newusernovice has 20 seconds left.\n|inactive|newusernovice has 15 seconds left.\n|inactive|newusernovice has 10 seconds left.\n|inactive|newusernovice has 5 seconds left.\n|\n|t:|1701074480\n|move|p2b: Urshifu|Protect|p2b: Urshifu\n|-singleturn|p2b: Urshifu|Protect\n|move|p2a: Tornadus|Tailwind|p2a: Tornadus\n|-sidestart|p2: newusernovice|move: Tailwind\n|move|p1a: Gholdengo|Make It Rain|p2b: Urshifu|[spread] p2a\n|-activate|p2b: Urshifu|move: Protect\n|-enditem|p2a: Tornadus|Focus Sash\n|-damage|p2a: Tornadus|1\/100\n|-unboost|p1a: Gholdengo|spa|1\n|move|p1b: Iron Hands|Wild Charge|p2a: Tornadus\n|-supereffective|p2a: Tornadus\n|-damage|p2a: Tornadus|0 fnt\n|faint|p2a: Tornadus\n|-damage|p1b: Iron Hands|99\/100|[from] Recoil\n|\n|upkeep\n|inactive|newusernovice has 30 seconds left.\n|inactive|newusernovice has 20 seconds left.\n|\n|t:|1701074519\n|switch|p2a: Chien-Pao|Chien-Pao, L50|100\/100\n|-ability|p2a: Chien-Pao|Sword of Ruin\n|turn|4\n|inactive|newusernovice has 30 seconds left.\n|inactive|untruthfully has 30 seconds left.\n|\n|t:|1701074551\n|move|p2a: Chien-Pao|Protect|p2a: Chien-Pao\n|-singleturn|p2a: Chien-Pao|Protect\n|move|p2b: Urshifu|Close Combat|p1a: Gholdengo\n|-damage|p1a: Gholdengo|26\/100\n|-unboost|p2b: Urshifu|def|1\n|-unboost|p2b: Urshifu|spd|1\n|move|p1a: Gholdengo|Make It Rain|p2a: Chien-Pao|[spread] p2b\n|-activate|p2a: Chien-Pao|move: Protect\n|-damage|p2b: Urshifu|0 fnt\n|-unboost|p1a: Gholdengo|spa|1\n|faint|p2b: Urshifu\n|move|p1b: Iron Hands|Drain Punch|p2a: Chien-Pao\n|-activate|p2a: Chien-Pao|move: Protect\n|\n|-heal|p1a: Gholdengo|32\/100|[from] item: Leftovers\n|-sideend|p1: untruthfully|move: Tailwind\n|upkeep\n|\n|t:|1701074572\n|switch|p2b: Dragapult|Dragapult, L50, M, shiny, tera:Ghost|100\/100\n|turn|5\n|\n|t:|1701074593\n|move|p1a: Gholdengo|Protect|p1a: Gholdengo\n|-singleturn|p1a: Gholdengo|Protect\n|move|p2b: Dragapult|Tera Blast|p1b: Iron Hands|[anim] Tera Blast Ghost\n|-damage|p1b: Iron Hands|21\/100\n|move|p2a: Chien-Pao|Icicle Crash|p1b: Iron Hands\n|-damage|p1b: Iron Hands|0 fnt\n|faint|p1b: Iron Hands\n|-end|p1b: Iron Hands|Quark Drive|[silent]\n|-damage|p2a: Chien-Pao|91\/100|[from] item: Life Orb\n|\n|-heal|p1a: Gholdengo|38\/100|[from] item: Leftovers\n|upkeep\n|\n|t:|1701074601\n|switch|p1b: Ogerpon|Ogerpon-Wellspring, L50, F|100\/100\n|turn|6\n|\n|t:|1701074614\n|move|p1b: Ogerpon|Follow Me|p1b: Ogerpon\n|-singleturn|p1b: Ogerpon|move: Follow Me\n|move|p2b: Dragapult|Tera Blast|p1b: Ogerpon|[anim] Tera Blast Ghost\n|-damage|p1b: Ogerpon|0 fnt\n|faint|p1b: Ogerpon\n|move|p2a: Chien-Pao|Icicle Crash|p1a: Gholdengo\n|-supereffective|p1a: Gholdengo\n|-damage|p1a: Gholdengo|0 fnt\n|faint|p1a: Gholdengo\n|-damage|p2a: Chien-Pao|81\/100|[from] item: Life Orb\n|\n|win|newusernovice\n|raw|untruthfully's rating: 1344 &rarr; <strong>1329<\/strong><br \/>(-15 for losing)\n|raw|newusernovice's rating: 1430 &rarr; <strong>1445<\/strong><br \/>(+15 for winning)\n|l|\u2606untruthfully\n","uploadtime":1701074640,"views":2,"p1id":"untruthfully","p2id":"newusernovice","formatid":"gen9vgc2023regulatione","rating":1329,"private":0,"password":""}