{"id":"gen9vgc2023regulatione-1989548044","p1":"Rei V2","p2":"AS-Tani","format":"[Gen 9] VGC 2023 Regulation E","log":"|j|\u2606Rei V2\n|j|\u2606AS-Tani\n|t:|1699869409\n|gametype|doubles\n|player|p1|Rei V2|ethan|1550\n|player|p2|AS-Tani|lucas|1577\n|teamsize|p1|6\n|teamsize|p2|6\n|gen|9\n|tier|[Gen 9] VGC 2023 Regulation E\n|rated|\n|rule|Species Clause: Limit one of each Pok\u00e9mon\n|rule|Item Clause: Limit one of each item\n|clearpoke\n|poke|p1|Ceruledge, L50, F|\n|poke|p1|Kingambit, L50, M|\n|poke|p1|Flutter Mane, L50|\n|poke|p1|Urshifu-*, L50, M|\n|poke|p1|Tornadus, L50, M|\n|poke|p1|Bruxish, L50, F|\n|poke|p2|Gholdengo, L50|\n|poke|p2|Tornadus, L50, M|\n|poke|p2|Urshifu-*, L50, M|\n|poke|p2|Iron Hands, L50|\n|poke|p2|Brambleghast, L50, M|\n|poke|p2|Chi-Yu, L50|\n|teampreview|4\n|inactive|Battle timer is ON: inactive players will automatically lose when time's up. (requested by Rei V2)\n|inactive|AS-Tani has 60 seconds left.\n|\n|t:|1699869446\n|start\n|switch|p1a: Bruxish|Bruxish, L50, F|100\/100\n|switch|p1b: Ceruledge|Ceruledge, L50, F|100\/100\n|switch|p2a: Tornadus|Tornadus, L50, M|100\/100\n|switch|p2b: Gholdengo|Gholdengo, L50, shiny|100\/100\n|turn|1\n|inactive|Rei V2 has 30 seconds left.\n|\n|t:|1699869480\n|move|p2a: Tornadus|Rain Dance|p2a: Tornadus\n|-weather|RainDance\n|move|p1a: Bruxish|Aqua Jet|p1b: Ceruledge\n|-supereffective|p1b: Ceruledge\n|-damage|p1b: Ceruledge|15\/100\n|-ability|p1b: Ceruledge|Weak Armor|boost\n|-unboost|p1b: Ceruledge|def|1\n|-boost|p1b: Ceruledge|spe|2\n|-enditem|p1b: Ceruledge|Weakness Policy\n|-boost|p1b: Ceruledge|atk|2|[from] item: Weakness Policy\n|-boost|p1b: Ceruledge|spa|2|[from] item: Weakness Policy\n|move|p1b: Ceruledge|Bitter Blade|p2b: Gholdengo\n|-supereffective|p2b: Gholdengo\n|-damage|p2b: Gholdengo|4\/100\n|-heal|p1b: Ceruledge|71\/100|[from] drain|[of] p2b: Gholdengo\n|move|p2b: Gholdengo|Make It Rain|p1b: Ceruledge|[spread] p1a,p1b\n|-resisted|p1a: Bruxish\n|-resisted|p1b: Ceruledge\n|-damage|p1a: Bruxish|46\/100\n|-damage|p1b: Ceruledge|27\/100\n|-unboost|p2b: Gholdengo|spa|1\n|\n|-weather|RainDance|[upkeep]\n|upkeep\n|turn|2\n|inactive|Rei V2 has 30 seconds left.\n|\n|t:|1699869515\n|move|p2a: Tornadus|Tailwind|p2a: Tornadus\n|-sidestart|p2: AS-Tani|move: Tailwind\n|move|p1a: Bruxish|Aqua Jet|p2b: Gholdengo\n|-damage|p2b: Gholdengo|0 fnt\n|faint|p2b: Gholdengo\n|move|p1b: Ceruledge|Poltergeist|p2a: Tornadus\n|-activate|p2a: Tornadus|move: Poltergeist|Sitrus Berry\n|-damage|p2a: Tornadus|0 fnt\n|faint|p2a: Tornadus\n|\n|-weather|RainDance|[upkeep]\n|upkeep\n|\n|t:|1699869528\n|switch|p2a: Urshifu|Urshifu-Rapid-Strike, L50, M|100\/100\n|switch|p2b: Iron Hands|Iron Hands, L50, shiny|100\/100\n|turn|3\n|inactive|Rei V2 has 30 seconds left.\n|inactive|Rei V2 has 20 seconds left.\n|inactive|Rei V2 has 15 seconds left.\n|\n|t:|1699869569\n|move|p1b: Ceruledge|Endure|p1b: Ceruledge\n|-singleturn|p1b: Ceruledge|move: Endure\n|move|p2a: Urshifu|Surging Strikes|p1a: Bruxish\n|-resisted|p1a: Bruxish\n|-crit|p1a: Bruxish\n|-damage|p1a: Bruxish|25\/100\n|-resisted|p1a: Bruxish\n|-crit|p1a: Bruxish\n|-damage|p1a: Bruxish|2\/100\n|-resisted|p1a: Bruxish\n|-crit|p1a: Bruxish\n|-damage|p1a: Bruxish|0 fnt\n|faint|p1a: Bruxish\n|-hitcount|p1: Bruxish|3\n|move|p2b: Iron Hands|Thunder Punch|p1b: Ceruledge\n|-activate|p1b: Ceruledge|move: Endure\n|-damage|p1b: Ceruledge|1\/100\n|-status|p1b: Ceruledge|par\n|-ability|p1b: Ceruledge|Weak Armor|boost\n|-unboost|p1b: Ceruledge|def|1\n|-boost|p1b: Ceruledge|spe|2\n|\n|-weather|RainDance|[upkeep]\n|upkeep\n|inactive|Rei V2 has 30 seconds left.\n|j| LaserDedenee\n|inactive|Rei V2 has 20 seconds left.\n|\n|t:|1699869606\n|switch|p1a: Kingambit|Kingambit, L50, M|100\/100\n|turn|4\n|\n|t:|1699869621\n|-terastallize|p1a: Kingambit|Fairy\n|move|p2a: Urshifu|Aqua Jet|p1b: Ceruledge\n|-supereffective|p1b: Ceruledge\n|-damage|p1b: Ceruledge|0 fnt\n|faint|p1b: Ceruledge\n|move|p2b: Iron Hands|Drain Punch|p1a: Kingambit\n|-resisted|p1a: Kingambit\n|-damage|p1a: Kingambit|84\/100\n|move|p1a: Kingambit|Tera Blast|p2a: Urshifu|[anim] Tera Blast Fairy\n|-supereffective|p2a: Urshifu\n|-damage|p2a: Urshifu|11\/100\n|\n|-weather|RainDance|[upkeep]\n|upkeep\n|\n|t:|1699869633\n|switch|p1b: Flutter Mane|Flutter Mane, L50|100\/100\n|-enditem|p1b: Flutter Mane|Booster Energy\n|-activate|p1b: Flutter Mane|ability: Protosynthesis|[fromitem]\n|-start|p1b: Flutter Mane|protosynthesisspa\n|turn|5\n|inactive|Rei V2 has 30 seconds left.\n|inactive|AS-Tani has 30 seconds left.\n|\n|t:|1699869660\n|-terastallize|p2b: Iron Hands|Grass\n|move|p1a: Kingambit|Sucker Punch|p2a: Urshifu\n|-resisted|p2a: Urshifu\n|-damage|p2a: Urshifu|0 fnt\n|faint|p2a: Urshifu\n|move|p1b: Flutter Mane|Moonblast|p2b: Iron Hands\n|-damage|p2b: Iron Hands|63\/100\n|move|p2b: Iron Hands|Thunder Punch|p1b: Flutter Mane\n|-damage|p1b: Flutter Mane|9\/100\n|\n|-weather|none\n|-sideend|p2: AS-Tani|move: Tailwind\n|upkeep\n|turn|6\n|-message|AS-Tani forfeited.\n|\n|win|Rei V2\n|raw|Rei V2's rating: 1550 &rarr; <strong>1572<\/strong><br \/>(+22 for winning)\n|raw|AS-Tani's rating: 1577 &rarr; <strong>1555<\/strong><br \/>(-22 for losing)\n|l|\u2606AS-Tani\n|l|\u2606Rei V2\n","uploadtime":1699869715,"views":21,"p1id":"reiv2","p2id":"astani","formatid":"gen9vgc2023regulatione","rating":1555,"private":0,"password":""}