{"id":"gen9vgc2023regulatione-1988285354","p1":"4KuserVGC","p2":"TiesMeneer","format":"[Gen 9] VGC 2023 Regulation E","log":"|j|\u26064KuserVGC\n|j|\u2606TiesMeneer\n|t:|1699701705\n|gametype|doubles\n|player|p1|4KuserVGC|jogger|\n|player|p2|TiesMeneer|170|\n|teamsize|p1|6\n|teamsize|p2|6\n|gen|9\n|tier|[Gen 9] VGC 2023 Regulation E\n|rated|Tournament battle\n|rule|Species Clause: Limit one of each Pok\u00e9mon\n|rule|Item Clause: Limit one of each item\n|clearpoke\n|poke|p1|Ninetales-Alola, L50, M|\n|poke|p1|Heatran, L50, M|\n|poke|p1|Iron Hands, L50|\n|poke|p1|Ogerpon-Wellspring, L50, F|\n|poke|p1|Landorus-Therian, L50, M|\n|poke|p1|Moltres-Galar, L50|\n|poke|p2|Ogerpon-Wellspring, L50, F|\n|poke|p2|Iron Hands, L50|\n|poke|p2|Heatran, L50, F|\n|poke|p2|Cresselia, L50, F|\n|poke|p2|Landorus-Therian, L50, M|\n|poke|p2|Flutter Mane, L50|\n|teampreview|4\n|showteam|p1|Ninetales-Alola||LightClay|SnowWarning|AuroraVeil,Blizzard,Protect,IcyWind|||M|||50|,,,,,Water]Heatran||LifeOrb|FlashFire|HeatWave,FlashCannon,EarthPower,Protect|||M|||50|,,,,,Fairy]Iron Hands||AssaultVest|QuarkDrive|DrainPunch,WildCharge,HeavySlam,FakeOut||||||50|,,,,,Water]Ogerpon-Wellspring||WellspringMask|WaterAbsorb|IvyCudgel,HornLeech,SwordsDance,SpikyShield|||F|||50|,,,,,Water]Landorus-Therian||ChoiceScarf|Intimidate|StompingTantrum,TeraBlast,RockSlide,Uturn|||M|||50|,,,,,Flying]Moltres-Galar||SitrusBerry|Berserk|FieryWrath,AirSlash,NastyPlot,Tailwind||||||50|,,,,,Poison\n|showteam|p2|Ogerpon-Wellspring||WellspringMask|WaterAbsorb|IvyCudgel,HornLeech,SpikyShield,SwordsDance|||F|||50|,,,,,Water]Iron Hands||AssaultVest|QuarkDrive|FakeOut,DrainPunch,WildCharge,HeavySlam||||||50|,,,,,Water]Heatran||LifeOrb|FlashFire|HeatWave,FlashCannon,EarthPower,Protect|||F|||50|,,,,,Grass]Cresselia||MentalHerb|Levitate|LunarBlessing,Psychic,IcyWind,TrickRoom|||F|||50|,,,,,Fire]Landorus-Therian||ChoiceScarf|Intimidate|StompingTantrum,TeraBlast,RockSlide,Uturn|||M|||50|,,,,,Flying]Flutter Mane||BoosterEnergy|Protosynthesis|DazzlingGleam,ShadowBall,IcyWind,Protect||||||50|,,,,,Fairy\n|j| Choruto\n|j| MGRB\n|c|\u26064KuserVGC|glhf\n|c|\u2606TiesMeneer|glhf\n|inactive|Battle timer is ON: inactive players will automatically lose when time's up. (requested by TiesMeneer)\n|\n|t:|1699701798\n|start\n|switch|p1a: Ogerpon|Ogerpon-Wellspring, L50, F|100\/100\n|switch|p1b: Landorus|Landorus-Therian, L50, M|100\/100\n|switch|p2a: Ogerpon|Ogerpon-Wellspring, L50, F|100\/100\n|switch|p2b: Iron Hands|Iron Hands, L50|100\/100\n|-ability|p1b: Landorus|Intimidate|boost\n|-unboost|p2a: Ogerpon|atk|1\n|-unboost|p2b: Iron Hands|atk|1\n|turn|1\n|inactive|4KuserVGC has 30 seconds left.\n|inactive|TiesMeneer has 30 seconds left.\n|inactive|TiesMeneer has 20 seconds left.\n|\n|t:|1699701837\n|move|p1a: Ogerpon|Spiky Shield|p1a: Ogerpon\n|-singleturn|p1a: Ogerpon|move: Protect\n|move|p2b: Iron Hands|Fake Out|p1b: Landorus\n|-damage|p1b: Landorus|88\/100\n|cant|p1b: Landorus|flinch\n|move|p2a: Ogerpon|Swords Dance|p2a: Ogerpon\n|-boost|p2a: Ogerpon|atk|2\n|\n|upkeep\n|turn|2\n|l| MGRB\n|inactive|TiesMeneer has 30 seconds left.\n|\n|t:|1699701867\n|-terastallize|p2a: Ogerpon|Water\n|detailschange|p2a: Ogerpon|Ogerpon-Wellspring-Tera, L50, F, tera:Water\n|-ability|p2a: Ogerpon|Embody Aspect (Wellspring)|boost\n|-boost|p2a: Ogerpon|spd|1\n|move|p1b: Landorus|U-turn|p2a: Ogerpon\n|-damage|p2a: Ogerpon|66\/100\n|\n|t:|1699701878\n|switch|p1b: Ninetales|Ninetales-Alola, L50, M, shiny|100\/100|[from] U-turn\n|-weather|Snow|[from] ability: Snow Warning|[of] p1b: Ninetales\n|move|p2a: Ogerpon|Ivy Cudgel|p1b: Ninetales\n|-damage|p1b: Ninetales|17\/100\n|move|p1a: Ogerpon|Swords Dance|p1a: Ogerpon\n|-boost|p1a: Ogerpon|atk|2\n|move|p2b: Iron Hands|Wild Charge|p1a: Ogerpon\n|-damage|p1a: Ogerpon|68\/100\n|-damage|p2b: Iron Hands|94\/100|[from] Recoil\n|\n|-weather|Snow|[upkeep]\n|upkeep\n|turn|3\n|inactive|TiesMeneer has 30 seconds left.\n|\n|t:|1699701912\n|move|p1b: Ninetales|Protect|p1b: Ninetales\n|-singleturn|p1b: Ninetales|Protect\n|move|p2a: Ogerpon|Horn Leech|p1a: Ogerpon\n|-damage|p1a: Ogerpon|18\/100\n|-heal|p2a: Ogerpon|97\/100|[from] drain|[of] p1a: Ogerpon\n|move|p1a: Ogerpon|Horn Leech|p2a: Ogerpon\n|-supereffective|p2a: Ogerpon\n|-damage|p2a: Ogerpon|0 fnt\n|-heal|p1a: Ogerpon|58\/100|[from] drain|[of] p2a: Ogerpon\n|faint|p2a: Ogerpon\n|move|p2b: Iron Hands|Drain Punch|p1b: Ninetales\n|-activate|p1b: Ninetales|move: Protect\n|\n|-weather|Snow|[upkeep]\n|upkeep\n|j| tiaguitovgc\n|\n|t:|1699701928\n|switch|p2a: Cresselia|Cresselia, L50, F|100\/100\n|turn|4\n|\n|t:|1699701942\n|move|p1b: Ninetales|Aurora Veil|p1b: Ninetales\n|-sidestart|p1: 4KuserVGC|move: Aurora Veil\n|move|p1a: Ogerpon|Ivy Cudgel|p2a: Cresselia\n|-damage|p2a: Cresselia|37\/100\n|move|p2b: Iron Hands|Drain Punch|p1b: Ninetales\n|-damage|p1b: Ninetales|1\/100\n|-heal|p2b: Iron Hands|99\/100|[from] drain|[of] p1b: Ninetales\n|move|p2a: Cresselia|Trick Room|p2a: Cresselia\n|-fieldstart|move: Trick Room|[of] p2a: Cresselia\n|\n|-weather|Snow|[upkeep]\n|upkeep\n|turn|5\n|j| smolikansl\n|\n|t:|1699701964\n|move|p1b: Ninetales|Protect|p1b: Ninetales\n|-singleturn|p1b: Ninetales|Protect\n|move|p2b: Iron Hands|Wild Charge|p1a: Ogerpon\n|-damage|p1a: Ogerpon|39\/100\n|-damage|p2b: Iron Hands|96\/100|[from] Recoil\n|move|p2a: Cresselia|Icy Wind|p1a: Ogerpon|[spread] p1a\n|-activate|p1b: Ninetales|move: Protect\n|-damage|p1a: Ogerpon|34\/100\n|-unboost|p1a: Ogerpon|spe|1\n|move|p1a: Ogerpon|Horn Leech|p2a: Cresselia\n|-damage|p2a: Cresselia|0 fnt\n|-heal|p1a: Ogerpon|55\/100|[from] drain|[of] p2a: Cresselia\n|faint|p2a: Cresselia\n|\n|-weather|Snow|[upkeep]\n|upkeep\n|\n|t:|1699701971\n|switch|p2a: Heatran|Heatran, L50, F|100\/100\n|turn|6\n|inactive|4KuserVGC has 30 seconds left.\n|\n|t:|1699702002\n|switch|p1b: Landorus|Landorus-Therian, L50, M|88\/100\n|-ability|p1b: Landorus|Intimidate|boost\n|-unboost|p2a: Heatran|atk|1\n|-unboost|p2b: Iron Hands|atk|1\n|move|p2b: Iron Hands|Wild Charge|p1a: Ogerpon\n|-damage|p1a: Ogerpon|40\/100\n|-damage|p2b: Iron Hands|94\/100|[from] Recoil\n|move|p1a: Ogerpon|Ivy Cudgel|p2b: Iron Hands\n|-damage|p2b: Iron Hands|32\/100\n|move|p2a: Heatran|Heat Wave|p1a: Ogerpon|[spread] p1a,p1b\n|-damage|p1a: Ogerpon|10\/100\n|-damage|p1b: Landorus|46\/100\n|-damage|p2a: Heatran|91\/100|[from] item: Life Orb\n|\n|-weather|none\n|upkeep\n|turn|7\n|\n|t:|1699702023\n|move|p2a: Heatran|Protect|p2a: Heatran\n|-singleturn|p2a: Heatran|Protect\n|move|p2b: Iron Hands|Wild Charge|p1a: Ogerpon\n|-damage|p1a: Ogerpon|0 fnt\n|faint|p1a: Ogerpon\n|-damage|p2b: Iron Hands|30\/100|[from] Recoil\n|move|p1b: Landorus|Stomping Tantrum|p2b: Iron Hands\n|-supereffective|p2b: Iron Hands\n|-damage|p2b: Iron Hands|0 fnt\n|faint|p2b: Iron Hands\n|-end|p2b: Iron Hands|Quark Drive|[silent]\n|\n|upkeep\n|\n|t:|1699702035\n|switch|p1a: Moltres|Moltres-Galar, L50|100\/100\n|turn|8\n|\n|t:|1699702047\n|move|p2a: Heatran|Heat Wave|p1b: Landorus|[spread] p1a,p1b\n|-crit|p1b: Landorus\n|-damage|p1a: Moltres|75\/100\n|-damage|p1b: Landorus|0 fnt\n|-status|p1a: Moltres|brn\n|faint|p1b: Landorus\n|-damage|p2a: Heatran|81\/100|[from] item: Life Orb\n|move|p1a: Moltres|Nasty Plot|p1a: Moltres\n|-boost|p1a: Moltres|spa|2\n|\n|-damage|p1a: Moltres|69\/100 brn|[from] brn\n|-fieldend|move: Trick Room\n|upkeep\n|\n|t:|1699702058\n|switch|p1b: Ninetales|Ninetales-Alola, L50, M, shiny|1\/100\n|-weather|Snow|[from] ability: Snow Warning|[of] p1b: Ninetales\n|turn|9\n|\n|t:|1699702066\n|move|p2a: Heatran|Protect|p2a: Heatran\n|-singleturn|p2a: Heatran|Protect\n|move|p1b: Ninetales|Blizzard|p2a: Heatran\n|-activate|p2a: Heatran|move: Protect\n|move|p1a: Moltres|Fiery Wrath|p2a: Heatran\n|-activate|p2a: Heatran|move: Protect\n|\n|-weather|Snow|[upkeep]\n|-damage|p1a: Moltres|63\/100 brn|[from] brn\n|upkeep\n|turn|10\n|\n|t:|1699702078\n|move|p1b: Ninetales|Blizzard|p2a: Heatran\n|-resisted|p2a: Heatran\n|-damage|p2a: Heatran|73\/100\n|move|p1a: Moltres|Fiery Wrath|p2a: Heatran\n|-damage|p2a: Heatran|3\/100\n|cant|p2a: Heatran|flinch\n|\n|-weather|Snow|[upkeep]\n|-damage|p1a: Moltres|57\/100 brn|[from] brn\n|upkeep\n|turn|11\n|\n|t:|1699702089\n|move|p2a: Heatran|Protect|p2a: Heatran\n|-singleturn|p2a: Heatran|Protect\n|move|p1b: Ninetales|Blizzard|p2a: Heatran\n|-activate|p2a: Heatran|move: Protect\n|move|p1a: Moltres|Fiery Wrath|p2a: Heatran\n|-activate|p2a: Heatran|move: Protect\n|\n|-weather|Snow|[upkeep]\n|-damage|p1a: Moltres|50\/100 brn|[from] brn\n|-sideend|p1: 4KuserVGC|move: Aurora Veil\n|upkeep\n|-enditem|p1a: Moltres|Sitrus Berry|[eat]\n|-heal|p1a: Moltres|75\/100 brn|[from] item: Sitrus Berry\n|turn|12\n|c|\u2606TiesMeneer|gg\n|c|\u26064KuserVGC|gg wp\n|\n|t:|1699702103\n|move|p1b: Ninetales|Blizzard|p2a: Heatran\n|-resisted|p2a: Heatran\n|-damage|p2a: Heatran|0 fnt\n|faint|p2a: Heatran\n|\n|win|4KuserVGC\n|n|\u26064KuserVGC|4kuservgc\n|n|\u2606TiesMeneer|tiesmeneer\n|n| Choruto|choruto\n|n| tiaguitovgc|tiaguitovgc\n|n| smolikansl|smolikansl\n","uploadtime":1699702104,"views":27,"p1id":"4kuservgc","p2id":"tiesmeneer","formatid":"gen9vgc2023regulatione","rating":0,"private":0,"password":""}