{"id":"gen9vgc2023regulatione-1992408647","p1":"flytrapin","p2":"BlueJayX2","format":"[Gen 9] VGC 2023 Regulation E","log":"|j|\u2606flytrapin\n|j|\u2606BlueJayX2\n|t:|1700184137\n|gametype|doubles\n|player|p1|flytrapin|alder|1083\n|player|p2|BlueJayX2|marley|1082\n|teamsize|p1|6\n|teamsize|p2|6\n|gen|9\n|tier|[Gen 9] VGC 2023 Regulation E\n|rated|\n|rule|Species Clause: Limit one of each Pok\u00e9mon\n|rule|Item Clause: Limit one of each item\n|clearpoke\n|poke|p1|Chi-Yu, L50|\n|poke|p1|Flutter Mane, L50|\n|poke|p1|Iron Hands, L50|\n|poke|p1|Gholdengo, L50|\n|poke|p1|Landorus-Therian, L50, M|\n|poke|p1|Amoonguss, L50, M|\n|poke|p2|Sylveon, L50, F|\n|poke|p2|Grimmsnarl, L50, M|\n|poke|p2|Volbeat, L50, M|\n|poke|p2|Tauros-Paldea-Aqua, L50, M|\n|poke|p2|Ariados, L50, M|\n|poke|p2|Dudunsparce-*, L50, M|\n|teampreview|4\n|inactive|Battle timer is ON: inactive players will automatically lose when time's up. (requested by BlueJayX2)\n|inactive|flytrapin also wants the timer to be on.\n|inactive|BlueJayX2 has 60 seconds left.\n|\n|t:|1700184171\n|start\n|switch|p1a: Amoonguss|Amoonguss, L50, M|100\/100\n|switch|p1b: Iron Hands|Iron Hands, L50|100\/100\n|switch|p2a: Ariados|Ariados, L50, M|100\/100\n|switch|p2b: Dudunsparce|Dudunsparce-Three-Segment, L50, M|100\/100\n|turn|1\n|\n|t:|1700184190\n|-terastallize|p2b: Dudunsparce|Ghost\n|move|p1b: Iron Hands|Fake Out|p2b: Dudunsparce\n|-immune|p2b: Dudunsparce\n|move|p2a: Ariados|Rage Powder|p2a: Ariados\n|-singleturn|p2a: Ariados|move: Rage Powder\n|move|p2b: Dudunsparce|Coil|p2b: Dudunsparce\n|-boost|p2b: Dudunsparce|atk|1\n|-boost|p2b: Dudunsparce|def|1\n|-boost|p2b: Dudunsparce|accuracy|1\n|move|p1a: Amoonguss|Spore|p2a: Ariados\n|-immune|p2a: Ariados|[from] ability: Insomnia\n|\n|upkeep\n|turn|2\n|\n|t:|1700184212\n|move|p2a: Ariados|Rage Powder|p2a: Ariados\n|-singleturn|p2a: Ariados|move: Rage Powder\n|move|p2b: Dudunsparce|Rock Slide|p1a: Amoonguss|[spread] p1a,p1b\n|-resisted|p1b: Iron Hands\n|-damage|p1a: Amoonguss|78\/100\n|-damage|p1b: Iron Hands|92\/100\n|move|p1b: Iron Hands|Drain Punch|p2a: Ariados\n|-resisted|p2a: Ariados\n|-damage|p2a: Ariados|80\/100\n|-heal|p1b: Iron Hands|99\/100|[from] drain|[of] p2a: Ariados\n|-damage|p1b: Iron Hands|89\/100|[from] item: Life Orb\n|cant|p1a: Amoonguss|flinch\n|\n|upkeep\n|turn|3\n|\n|t:|1700184233\n|switch|p1a: Chi-Yu|Chi-Yu, L50|100\/100\n|-ability|p1a: Chi-Yu|Beads of Ruin\n|move|p2b: Dudunsparce|Rock Slide|p1b: Iron Hands|[spread] p1a,p1b\n|-supereffective|p1a: Chi-Yu\n|-resisted|p1b: Iron Hands\n|-damage|p1a: Chi-Yu|17\/100\n|-damage|p1b: Iron Hands|81\/100\n|cant|p1b: Iron Hands|flinch\n|move|p2a: Ariados|Infestation|p1b: Iron Hands\n|-resisted|p1b: Iron Hands\n|-damage|p1b: Iron Hands|78\/100\n|-activate|p1b: Iron Hands|move: Infestation|[of] p2a: Ariados\n|\n|-damage|p1b: Iron Hands|65\/100|[from] move: Infestation|[partiallytrapped]\n|upkeep\n|turn|4\n|\n|t:|1700184253\n|move|p2b: Dudunsparce|Protect|p2b: Dudunsparce\n|-singleturn|p2b: Dudunsparce|Protect\n|move|p2a: Ariados|Sucker Punch|p1a: Chi-Yu\n|-resisted|p1a: Chi-Yu\n|-crit|p1a: Chi-Yu\n|-damage|p1a: Chi-Yu|0 fnt\n|faint|p1a: Chi-Yu\n|move|p1b: Iron Hands|Volt Switch|p2a: Ariados\n|-damage|p2a: Ariados|64\/100\n|-damage|p1b: Iron Hands|55\/100|[from] item: Life Orb\n|\n|t:|1700184257\n|-end|p1b: Iron Hands|Quark Drive|[silent]\n|switch|p1b: Flutter Mane|Flutter Mane, L50|100\/100|[from] Volt Switch\n|-enditem|p1b: Flutter Mane|Booster Energy\n|-activate|p1b: Flutter Mane|ability: Protosynthesis|[fromitem]\n|-start|p1b: Flutter Mane|protosynthesisspe\n|\n|upkeep\n|\n|t:|1700184261\n|switch|p1a: Amoonguss|Amoonguss, L50, M|100\/100\n|turn|5\n|\n|t:|1700184273\n|move|p2a: Ariados|Rage Powder|p2a: Ariados\n|-singleturn|p2a: Ariados|move: Rage Powder\n|move|p1a: Amoonguss|Rage Powder|p1a: Amoonguss\n|-singleturn|p1a: Amoonguss|move: Rage Powder\n|move|p1b: Flutter Mane|Mystical Fire|p2a: Ariados\n|-supereffective|p2a: Ariados\n|-damage|p2a: Ariados|20\/100\n|-unboost|p2a: Ariados|spa|1\n|move|p2b: Dudunsparce|Rock Slide|p1a: Amoonguss|[spread] p1a,p1b\n|-damage|p1a: Amoonguss|75\/100\n|-damage|p1b: Flutter Mane|49\/100\n|\n|upkeep\n|turn|6\n|\n|t:|1700184293\n|move|p2a: Ariados|Rage Powder|p2a: Ariados\n|-singleturn|p2a: Ariados|move: Rage Powder\n|move|p1b: Flutter Mane|Dazzling Gleam|p2a: Ariados|[spread] p2a,p2b\n|-resisted|p2a: Ariados\n|-damage|p2a: Ariados|6\/100\n|-damage|p2b: Dudunsparce|69\/100\n|move|p2b: Dudunsparce|Rock Slide|p1b: Flutter Mane|[spread] p1a,p1b\n|-damage|p1a: Amoonguss|54\/100\n|-damage|p1b: Flutter Mane|0 fnt\n|faint|p1b: Flutter Mane\n|-end|p1b: Flutter Mane|Protosynthesis|[silent]\n|cant|p1a: Amoonguss|flinch\n|\n|upkeep\n|\n|t:|1700184299\n|switch|p1b: Iron Hands|Iron Hands, L50|55\/100\n|turn|7\n|j| THEAsianFaLiUrE\n|-message|flytrapin forfeited.\n|\n|win|BlueJayX2\n|raw|flytrapin's rating: 1083 &rarr; <strong>1060<\/strong><br \/>(-23 for losing)\n|raw|BlueJayX2's rating: 1082 &rarr; <strong>1110<\/strong><br \/>(+28 for winning)\n|l|\u2606flytrapin\n","uploadtime":1700184338,"views":47,"p1id":"flytrapin","p2id":"bluejayx2","formatid":"gen9vgc2023regulatione","rating":1060,"private":0,"password":""}