{"id":"gen9vgc2023regulatione-1999361096","p1":"Kornd1gger","p2":"Tiger58","format":"[Gen 9] VGC 2023 Regulation E","log":"|j|\u2606Kornd1gger\n|j|\u2606Tiger58\n|t:|1701066737\n|gametype|doubles\n|player|p1|Kornd1gger|lucas|1344\n|player|p2|Tiger58|102|1352\n|teamsize|p1|6\n|teamsize|p2|6\n|gen|9\n|tier|[Gen 9] VGC 2023 Regulation E\n|rated|\n|rule|Species Clause: Limit one of each Pok\u00e9mon\n|rule|Item Clause: Limit one of each item\n|clearpoke\n|poke|p1|Amoonguss, L50, F|\n|poke|p1|Armarouge, L50, M|\n|poke|p1|Landorus-Therian, L50, M|\n|poke|p1|Gholdengo, L50|\n|poke|p1|Indeedee-F, L50, F|\n|poke|p1|Iron Hands, L50|\n|poke|p2|Luxray, L50, M|\n|poke|p2|Wo-Chien, L50|\n|poke|p2|Cresselia, L50, F|\n|poke|p2|Garganacl, L50, M|\n|poke|p2|Palafin, L50, M|\n|poke|p2|Scizor, L50, M|\n|teampreview|4\nKornd1gger has agreed to open team sheets.\nTiger58 has agreed to open team sheets.\n|\n|t:|1701066787\n|start\n|switch|p1a: Landorus|Landorus-Therian, L50, M|100\/100\n|switch|p1b: Amoonguss|Amoonguss, L50, F, shiny|100\/100\n|switch|p2a: Garganacl|Garganacl, L50, M|100\/100\n|switch|p2b: Luxray|Luxray, L50, M|100\/100\n|-ability|p1a: Landorus|Intimidate|boost\n|-unboost|p2a: Garganacl|atk|1\n|-unboost|p2b: Luxray|atk|1\n|-ability|p2b: Luxray|Intimidate|boost\n|-unboost|p1a: Landorus|atk|1\n|-unboost|p1b: Amoonguss|atk|1\n|turn|1\n|\n|t:|1701066805\n|-terastallize|p2a: Garganacl|Ghost\n|move|p1a: Landorus|U-turn|p2a: Garganacl\n|-resisted|p2a: Garganacl\n|-damage|p2a: Garganacl|94\/100\n|\n|t:|1701066809\n|switch|p1a: Indeedee|Indeedee-F, L50, F|100\/100|[from] U-turn\n|-fieldstart|move: Psychic Terrain|[from] ability: Psychic Surge|[of] p1a: Indeedee\n|move|p2b: Luxray|Volt Switch|p1b: Amoonguss\n|-resisted|p1b: Amoonguss\n|-damage|p1b: Amoonguss|91\/100\n|\n|t:|1701066822\n|switch|p2b: Scizor|Scizor, L50, M|100\/100|[from] Volt Switch\n|move|p2a: Garganacl|Iron Defense|p2a: Garganacl\n|-boost|p2a: Garganacl|def|2\n|move|p1b: Amoonguss|Spore|p2b: Scizor\n|-status|p2b: Scizor|slp|[from] move: Spore\n|\n|upkeep\n|turn|2\n|\n|t:|1701066836\n|switch|p1b: Gholdengo|Gholdengo, L50, shiny|100\/100\n|cant|p2b: Scizor|slp\n|move|p2a: Garganacl|Salt Cure|p1a: Indeedee\n|-damage|p1a: Indeedee|88\/100\n|-start|p1a: Indeedee|Salt Cure\n|move|p1a: Indeedee|Trick Room|p1a: Indeedee\n|-fieldstart|move: Trick Room|[of] p1a: Indeedee\n|\n|-damage|p1a: Indeedee|76\/100|[from] Salt Cure\n|upkeep\n|turn|3\n|\n|t:|1701066860\n|switch|p2b: Luxray|Luxray, L50, M|100\/100\n|-ability|p2b: Luxray|Intimidate|boost\n|-unboost|p1a: Indeedee|atk|1\n|-unboost|p1b: Gholdengo|atk|1\n|move|p1a: Indeedee|Follow Me|p1a: Indeedee\n|-singleturn|p1a: Indeedee|move: Follow Me\n|move|p2a: Garganacl|Salt Cure|p1a: Indeedee\n|-damage|p1a: Indeedee|63\/100\n|move|p1b: Gholdengo|Shadow Ball|p2a: Garganacl\n|-supereffective|p2a: Garganacl\n|-damage|p2a: Garganacl|49\/100\n|-enditem|p2a: Garganacl|Maranga Berry|[eat]\n|-boost|p2a: Garganacl|spd|1|[from] item: Maranga Berry\n|\n|-damage|p1a: Indeedee|51\/100|[from] Salt Cure\n|upkeep\n|turn|4\n|\n|t:|1701066876\n|move|p2a: Garganacl|Recover|p2a: Garganacl\n|-heal|p2a: Garganacl|99\/100\n|move|p2b: Luxray|Snarl|p1b: Gholdengo|[spread] p1a,p1b\n|-supereffective|p1a: Indeedee\n|-supereffective|p1b: Gholdengo\n|-damage|p1a: Indeedee|37\/100\n|-damage|p1b: Gholdengo|83\/100\n|-unboost|p1a: Indeedee|spa|1\n|-unboost|p1b: Gholdengo|spa|1\n|move|p1b: Gholdengo|Shadow Ball|p2a: Garganacl\n|-supereffective|p2a: Garganacl\n|-damage|p2a: Garganacl|79\/100\n|move|p1a: Indeedee|Psyshock|p2a: Garganacl\n|-damage|p2a: Garganacl|72\/100\n|\n|-damage|p1a: Indeedee|25\/100|[from] Salt Cure\n|upkeep\n|turn|5\n|\n|t:|1701066894\n|switch|p1a: Amoonguss|Amoonguss, L50, F, shiny|100\/100\n|move|p2a: Garganacl|Salt Cure|p1b: Gholdengo\n|-resisted|p1b: Gholdengo\n|-crit|p1b: Gholdengo\n|-damage|p1b: Gholdengo|73\/100\n|-start|p1b: Gholdengo|Salt Cure\n|move|p2b: Luxray|Snarl|p1b: Gholdengo|[spread] p1a,p1b\n|-supereffective|p1b: Gholdengo\n|-damage|p1a: Amoonguss|93\/100\n|-damage|p1b: Gholdengo|54\/100\n|-unboost|p1a: Amoonguss|spa|1\n|-unboost|p1b: Gholdengo|spa|1\n|move|p1b: Gholdengo|Shadow Ball|p2b: Luxray\n|-damage|p2b: Luxray|75\/100\n|\n|-damage|p1b: Gholdengo|29\/100|[from] Salt Cure\n|-fieldend|move: Psychic Terrain\n|upkeep\n|turn|6\n|\n|t:|1701066915\n|switch|p1b: Landorus|Landorus-Therian, L50, M|100\/100\n|-ability|p1b: Landorus|Intimidate|boost\n|-unboost|p2a: Garganacl|atk|1\n|-unboost|p2b: Luxray|atk|1\n|move|p1a: Amoonguss|Spore|p2b: Luxray\n|-status|p2b: Luxray|slp|[from] move: Spore\n|move|p2a: Garganacl|Salt Cure|p1a: Amoonguss\n|-damage|p1a: Amoonguss|86\/100\n|-start|p1a: Amoonguss|Salt Cure\n|cant|p2b: Luxray|slp\n|\n|-damage|p1a: Amoonguss|74\/100|[from] Salt Cure\n|-fieldend|move: Trick Room\n|upkeep\n|turn|7\n|\n|t:|1701066937\n|switch|p2b: Cresselia|Cresselia, L50, F|100\/100\n|switch|p1a: Gholdengo|Gholdengo, L50, shiny|29\/100\n|move|p1b: Landorus|Stomping Tantrum|p2a: Garganacl\n|-damage|p2a: Garganacl|55\/100\n|move|p2a: Garganacl|Salt Cure|p1b: Landorus\n|-damage|p1b: Landorus|94\/100\n|-start|p1b: Landorus|Salt Cure\n|\n|-damage|p1b: Landorus|81\/100|[from] Salt Cure\n|upkeep\n|turn|8\n|\n|t:|1701066950\n|-terastallize|p1a: Gholdengo|Steel\n|move|p1b: Landorus|Taunt|p2a: Garganacl\n|-start|p2a: Garganacl|move: Taunt\n|move|p2b: Cresselia|Icy Wind|p1b: Landorus|[spread] p1a,p1b\n|-resisted|p1a: Gholdengo\n|-supereffective|p1b: Landorus\n|-damage|p1a: Gholdengo|26\/100\n|-damage|p1b: Landorus|52\/100\n|-unboost|p1a: Gholdengo|spe|1\n|-unboost|p1b: Landorus|spe|1\n|move|p1a: Gholdengo|Make It Rain|p2b: Cresselia|[spread] p2a,p2b\n|-damage|p2a: Garganacl|11\/100\n|-damage|p2b: Cresselia|49\/100\n|-unboost|p1a: Gholdengo|spa|1\n|cant|p2a: Garganacl|move: Taunt|Recover\n|\n|-heal|p2b: Cresselia|55\/100|[from] item: Leftovers\n|-damage|p1b: Landorus|40\/100|[from] Salt Cure\n|upkeep\n|-enditem|p1b: Landorus|Sitrus Berry|[eat]\n|-heal|p1b: Landorus|65\/100|[from] item: Sitrus Berry\n|turn|9\n|\n|t:|1701066980\n|switch|p2a: Luxray|Luxray, L50, M|75\/100 slp\n|-ability|p2a: Luxray|Intimidate|boost\n|-unboost|p1a: Gholdengo|atk|1\n|-unboost|p1b: Landorus|atk|1\n|move|p2b: Cresselia|Lunar Blessing|p2b: Cresselia|[spread] p2a,p2b\n|-heal|p2a: Luxray|99\/100 slp\n|-curestatus|p2a: Luxray|slp|[msg]\n|-heal|p2b: Cresselia|80\/100\n|move|p1b: Landorus|U-turn|p2b: Cresselia\n|-supereffective|p2b: Cresselia\n|-damage|p2b: Cresselia|52\/100\n|\n|t:|1701066987\n|switch|p1b: Amoonguss|Amoonguss, L50, F, shiny|100\/100|[from] U-turn\n|move|p1a: Gholdengo|Make It Rain|p2b: Cresselia|[spread] p2a,p2b\n|-resisted|p2a: Luxray\n|-damage|p2a: Luxray|74\/100\n|-damage|p2b: Cresselia|17\/100\n|-unboost|p1a: Gholdengo|spa|1\n|\n|-heal|p2b: Cresselia|23\/100|[from] item: Leftovers\n|upkeep\n|turn|10\n|\n|t:|1701067007\n|switch|p1a: Landorus|Landorus-Therian, L50, M|65\/100\n|-ability|p1a: Landorus|Intimidate|boost\n|-unboost|p2a: Luxray|atk|1\n|-unboost|p2b: Cresselia|atk|1\n|move|p2b: Cresselia|Protect|p2b: Cresselia\n|-singleturn|p2b: Cresselia|Protect\n|move|p2a: Luxray|Thunder Wave|p1b: Amoonguss\n|-status|p1b: Amoonguss|par\n|move|p1b: Amoonguss|Spore|p2b: Cresselia\n|-activate|p2b: Cresselia|move: Protect\n|\n|-heal|p2b: Cresselia|30\/100|[from] item: Leftovers\n|upkeep\n|turn|11\n|\n|t:|1701067029\n|switch|p2b: Scizor|Scizor, L50, M|100\/100 slp\n|move|p1a: Landorus|U-turn|p2a: Luxray\n|-damage|p2a: Luxray|40\/100\n|-damage|p1a: Landorus|48\/100|[from] item: Rocky Helmet|[of] p2a: Luxray\n|\n|t:|1701067036\n|switch|p1a: Gholdengo|Gholdengo, L50, shiny, tera:Steel|26\/100|[from] U-turn\n|move|p2a: Luxray|Volt Switch|p1b: Amoonguss\n|-resisted|p1b: Amoonguss\n|-damage|p1b: Amoonguss|92\/100 par\n|\n|t:|1701067050\n|switch|p2a: Cresselia|Cresselia, L50, F|30\/100|[from] Volt Switch\n|cant|p1b: Amoonguss|par\n|\n|-heal|p2a: Cresselia|36\/100|[from] item: Leftovers\n|upkeep\n|turn|12\n|\n|t:|1701067066\n|move|p2a: Cresselia|Lunar Blessing|p2a: Cresselia|[spread] p2a,p2b\n|-heal|p2a: Cresselia|61\/100\n|-curestatus|p2b: Scizor|slp|[msg]\n|move|p1a: Gholdengo|Make It Rain|p2a: Cresselia|[spread] p2a,p2b\n|-resisted|p2b: Scizor\n|-damage|p2a: Cresselia|8\/100\n|-damage|p2b: Scizor|40\/100\n|-unboost|p1a: Gholdengo|spa|1\n|move|p2b: Scizor|U-turn|p1b: Amoonguss\n|-damage|p1b: Amoonguss|37\/100 par\n|-damage|p2b: Scizor|24\/100|[from] item: Rocky Helmet|[of] p1b: Amoonguss\n|\n|t:|1701067079\n|switch|p2b: Garganacl|Garganacl, L50, M, tera:Ghost|11\/100|[from] U-turn\n|cant|p1b: Amoonguss|par\n|\n|-heal|p2a: Cresselia|14\/100|[from] item: Leftovers\n|upkeep\n|turn|13\n|\n|t:|1701067095\n|move|p2a: Cresselia|Lunar Blessing|p2a: Cresselia|[spread] p2a,p2b\n|-heal|p2a: Cresselia|39\/100\n|-heal|p2b: Garganacl|36\/100\n|move|p1a: Gholdengo|Make It Rain|p2b: Garganacl|[spread] p2a,p2b\n|-damage|p2a: Cresselia|5\/100\n|-damage|p2b: Garganacl|0 fnt\n|-unboost|p1a: Gholdengo|spa|1\n|faint|p2b: Garganacl\n|move|p1b: Amoonguss|Spore|p2a: Cresselia\n|-status|p2a: Cresselia|slp|[from] move: Spore\n|\n|-heal|p2a: Cresselia|11\/100 slp|[from] item: Leftovers\n|upkeep\n|\n|t:|1701067107\n|switch|p2b: Scizor|Scizor, L50, M|24\/100\n|turn|14\n|\n|t:|1701067120\n|switch|p1a: Landorus|Landorus-Therian, L50, M|48\/100\n|-ability|p1a: Landorus|Intimidate|boost\n|-unboost|p2a: Cresselia|atk|1\n|-unboost|p2b: Scizor|atk|1\n|switch|p1b: Indeedee|Indeedee-F, L50, F|25\/100\n|-fieldstart|move: Psychic Terrain|[from] ability: Psychic Surge|[of] p1b: Indeedee\n|cant|p2a: Cresselia|slp\n|move|p2b: Scizor|U-turn|p1b: Indeedee\n|-supereffective|p1b: Indeedee\n|-crit|p1b: Indeedee\n|-damage|p1b: Indeedee|0 fnt\n|faint|p1b: Indeedee\n|\n|t:|1701067127\n|switch|p2b: Luxray|Luxray, L50, M|40\/100|[from] U-turn\n|-ability|p2b: Luxray|Intimidate|boost\n|-unboost|p1a: Landorus|atk|1\n|\n|-heal|p2a: Cresselia|17\/100 slp|[from] item: Leftovers\n|upkeep\n|\n|t:|1701067138\n|switch|p1b: Amoonguss|Amoonguss, L50, F, shiny|70\/100 par\n|turn|15\n|\n|t:|1701067147\n|move|p2b: Luxray|Protect|p2b: Luxray\n|-singleturn|p2b: Luxray|Protect\n|move|p1a: Landorus|U-turn|p2a: Cresselia\n|-supereffective|p2a: Cresselia\n|-damage|p2a: Cresselia|0 fnt\n|faint|p2a: Cresselia\n|\n|t:|1701067151\n|switch|p1a: Gholdengo|Gholdengo, L50, shiny, tera:Steel|26\/100|[from] U-turn\n|move|p1b: Amoonguss|Pollen Puff|p1a: Gholdengo\n|-heal|p1a: Gholdengo|75\/100\n|\n|upkeep\n|\n|t:|1701067153\n|switch|p2a: Scizor|Scizor, L50, M|24\/100\n|turn|16\n|\n|t:|1701067166\n|cant|p1b: Amoonguss|par\n|move|p2a: Scizor|Bullet Punch|p1b: Amoonguss\n|-activate|p1b: Amoonguss|move: Psychic Terrain\n|move|p1a: Gholdengo|Shadow Ball|p2a: Scizor\n|-damage|p2a: Scizor|0 fnt\n|faint|p2a: Scizor\n|move|p2b: Luxray|Snarl|p1a: Gholdengo|[spread] p1a,p1b\n|-damage|p1a: Gholdengo|66\/100\n|-damage|p1b: Amoonguss|63\/100 par\n|-unboost|p1a: Gholdengo|spa|1\n|-unboost|p1b: Amoonguss|spa|1\n|\n|upkeep\n|turn|17\n|\n|t:|1701067173\n|move|p1a: Gholdengo|Shadow Ball|p2b: Luxray\n|-damage|p2b: Luxray|1\/100\n|move|p2b: Luxray|Snarl|p1b: Amoonguss|[spread] p1a,p1b\n|-damage|p1a: Gholdengo|57\/100\n|-damage|p1b: Amoonguss|56\/100 par\n|-unboost|p1a: Gholdengo|spa|1\n|-unboost|p1b: Amoonguss|spa|1\n|move|p1b: Amoonguss|Spore|p2b: Luxray\n|-status|p2b: Luxray|slp|[from] move: Spore\n|\n|upkeep\n|turn|18\n|-message|Tiger58 forfeited.\n|\n|win|Kornd1gger\n|raw|Kornd1gger's rating: 1344 &rarr; <strong>1364<\/strong><br \/>(+20 for winning)\n|raw|Tiger58's rating: 1352 &rarr; <strong>1332<\/strong><br \/>(-20 for losing)\n|l|\u2606Tiger58\n|c|\u2606Kornd1gger|please dont use that again\n","uploadtime":1701067189,"views":7,"p1id":"kornd1gger","p2id":"tiger58","formatid":"gen9vgc2023regulatione","rating":1332,"private":0,"password":""}