{"id":"gen9vgc2023regulatione-1996752040","p1":"Valiant 3.0","p2":"TrainerMaskYT","format":"[Gen 9] VGC 2023 Regulation E","log":"|j|\u2606Valiant 3.0\n|j|\u2606TrainerMaskYT\n|t:|1700719175\n|gametype|doubles\n|player|p1|Valiant 3.0|flannery|1239\n|player|p2|TrainerMaskYT|169|1300\n|teamsize|p1|6\n|teamsize|p2|6\n|gen|9\n|tier|[Gen 9] VGC 2023 Regulation E\n|rated|\n|rule|Species Clause: Limit one of each Pok\u00e9mon\n|rule|Item Clause: Limit one of each item\n|clearpoke\n|poke|p1|Snorlax, L50, F|\n|poke|p1|Amoonguss, L50, M|\n|poke|p1|Chandelure, L50, M|\n|poke|p1|Azumarill, L50, M|\n|poke|p1|Iron Hands, L50|\n|poke|p1|Farigiraf, L50, F|\n|poke|p2|Ursaluna-Bloodmoon, L50, M|\n|poke|p2|Rillaboom, L50, F|\n|poke|p2|Oranguru, L50, F|\n|poke|p2|Sinistcha-Masterpiece, L50|\n|poke|p2|Chi-Yu, L50|\n|poke|p2|Urshifu-*, L50, M|\n|teampreview|4\nValiant 3.0 has agreed to open team sheets.\n|inactive|Battle timer is ON: inactive players will automatically lose when time's up. (requested by Valiant 3.0)\n|inactive|Valiant 3.0 has 60 seconds left.\n|inactive|TrainerMaskYT has 60 seconds left.\n|inactive|Valiant 3.0 has 30 seconds left.\n|\n|t:|1700719252\n|start\n|switch|p1a: Amoonguss|Amoonguss, L50, M, shiny|100\/100\n|switch|p1b: Snorlax|Snorlax, L50, F, shiny|100\/100\n|switch|p2a: Rillaboom|Rillaboom, L50, F|100\/100\n|switch|p2b: Oranguru|Oranguru, L50, F|100\/100\n|-fieldstart|move: Grassy Terrain|[from] ability: Grassy Surge|[of] p2a: Rillaboom\n|turn|1\n|\n|t:|1700719268\n|move|p2a: Rillaboom|Fake Out|p1a: Amoonguss\n|-damage|p1a: Amoonguss|87\/100\n|-damage|p2a: Rillaboom|84\/100|[from] item: Rocky Helmet|[of] p1a: Amoonguss\n|cant|p1a: Amoonguss|flinch\n|move|p1b: Snorlax|Curse|p1b: Snorlax\n|-unboost|p1b: Snorlax|spe|1\n|-boost|p1b: Snorlax|atk|1\n|-boost|p1b: Snorlax|def|1\n|move|p2b: Oranguru|Trick Room|p2b: Oranguru\n|-fieldstart|move: Trick Room|[of] p2b: Oranguru\n|\n|-heal|p1a: Amoonguss|94\/100|[from] Grassy Terrain\n|-heal|p2a: Rillaboom|90\/100|[from] Grassy Terrain\n|upkeep\n|turn|2\n|inactive|Valiant 3.0 has 30 seconds left.\n|inactive|TrainerMaskYT has 30 seconds left.\n|inactive|TrainerMaskYT has 20 seconds left.\n|inactive|TrainerMaskYT has 15 seconds left.\n|inactive|TrainerMaskYT has 10 seconds left.\n|inactive|TrainerMaskYT has 5 seconds left.\n|\n|t:|1700719320\n|switch|p1a: Chandelure|Chandelure, L50, M|100\/100\n|switch|p2a: Sinistcha|Sinistcha-Masterpiece, L50|100\/100\n|move|p1b: Snorlax|Facade|p2a: Sinistcha\n|-immune|p2a: Sinistcha\n|move|p2b: Oranguru|Encore|p1b: Snorlax\n|-start|p1b: Snorlax|Encore\n|\n|upkeep\n|turn|3\n|inactive|Valiant 3.0 has 30 seconds left.\n|\n|t:|1700719346\n|switch|p2b: Ursaluna|Ursaluna-Bloodmoon, L50, M|100\/100\n|-terastallize|p1a: Chandelure|Grass\n|move|p2a: Sinistcha|Rage Powder|p2a: Sinistcha\n|-singleturn|p2a: Sinistcha|move: Rage Powder\n|move|p1b: Snorlax|Facade|p2a: Sinistcha\n|-immune|p2a: Sinistcha\n|move|p1a: Chandelure|Heat Wave|p2b: Ursaluna|[spread] p2a,p2b\n|-supereffective|p2a: Sinistcha\n|-damage|p2a: Sinistcha|14\/100\n|-damage|p2b: Ursaluna|55\/100\n|\n|-heal|p2b: Ursaluna|61\/100|[from] Grassy Terrain\n|-heal|p2a: Sinistcha|19\/100|[from] Grassy Terrain\n|upkeep\n|turn|4\n|inactive|TrainerMaskYT has 30 seconds left.\n|\n|t:|1700719379\n|-terastallize|p2b: Ursaluna|Ghost\n|move|p2a: Sinistcha|Rage Powder|p2a: Sinistcha\n|-singleturn|p2a: Sinistcha|move: Rage Powder\n|move|p1b: Snorlax|Facade|p2a: Sinistcha\n|-immune|p2a: Sinistcha\n|move|p2b: Ursaluna|Hyper Voice|p1b: Snorlax|[spread] p1a,p1b\n|-damage|p1a: Chandelure|59\/100\n|-damage|p1b: Snorlax|75\/100\n|-enditem|p2b: Ursaluna|Throat Spray\n|-boost|p2b: Ursaluna|spa|1|[from] item: Throat Spray\n|move|p1a: Chandelure|Heat Wave|p2b: Ursaluna|[spread] p2a,p2b\n|-supereffective|p2a: Sinistcha\n|-damage|p2a: Sinistcha|0 fnt\n|-damage|p2b: Ursaluna|8\/100\n|faint|p2a: Sinistcha\n|\n|-heal|p1b: Snorlax|82\/100|[from] Grassy Terrain\n|-heal|p1b: Snorlax|88\/100|[from] item: Leftovers\n|-heal|p2b: Ursaluna|14\/100|[from] Grassy Terrain\n|-heal|p1a: Chandelure|65\/100|[from] Grassy Terrain\n|upkeep\n|\n|t:|1700719402\n|switch|p2a: Rillaboom|Rillaboom, L50, F|90\/100\n|turn|5\n|\n|t:|1700719415\n|switch|p1b: Farigiraf|Farigiraf, L50, F|100\/100\n|move|p2a: Rillaboom|Fake Out||[still]\n|cant|p1b: Farigiraf|ability: Armor Tail|Fake Out|[of] p2a: Rillaboom\n|move|p2b: Ursaluna|Blood Moon|p1a: Chandelure\n|-damage|p1a: Chandelure|0 fnt\n|faint|p1a: Chandelure\n|\n|-heal|p2b: Ursaluna|20\/100|[from] Grassy Terrain\n|-heal|p2a: Rillaboom|96\/100|[from] Grassy Terrain\n|-fieldend|move: Trick Room\n|-fieldend|move: Grassy Terrain\n|upkeep\n|\n|t:|1700719425\n|switch|p1a: Amoonguss|Amoonguss, L50, M, shiny|100\/100\n|turn|6\n|\n|t:|1700719445\n|move|p2b: Ursaluna|Protect|p2b: Ursaluna\n|-singleturn|p2b: Ursaluna|Protect\n|move|p2a: Rillaboom|Wood Hammer|p1b: Farigiraf\n|-damage|p1b: Farigiraf|34\/100\n|-damage|p2a: Rillaboom|70\/100|[from] Recoil\n|move|p1b: Farigiraf|Dazzling Gleam|p2a: Rillaboom|[spread] p2a\n|-activate|p2b: Ursaluna|move: Protect\n|-damage|p2a: Rillaboom|53\/100\n|move|p1a: Amoonguss|Spore|p2b: Ursaluna\n|-activate|p2b: Ursaluna|move: Protect\n|\n|upkeep\n|turn|7\n|inactive|TrainerMaskYT has 30 seconds left.\n|\n|t:|1700719473\n|move|p2a: Rillaboom|Wood Hammer|p1b: Farigiraf\n|-damage|p1b: Farigiraf|0 fnt\n|faint|p1b: Farigiraf\n|-damage|p2a: Rillaboom|40\/100|[from] Recoil\n|move|p2b: Ursaluna|Blood Moon|p1a: Amoonguss\n|-damage|p1a: Amoonguss|0 fnt\n|faint|p1a: Amoonguss\n|\n|upkeep\n|\n|t:|1700719482\n|switch|p1b: Snorlax|Snorlax, L50, F, shiny|88\/100\n|turn|8\n|\n|t:|1700719492\n|move|p2a: Rillaboom|Wood Hammer|p1b: Snorlax\n|-damage|p1b: Snorlax|20\/100\n|-damage|p2a: Rillaboom|11\/100|[from] Recoil\n|move|p2b: Ursaluna|Hyper Voice|p1b: Snorlax\n|-damage|p1b: Snorlax|0 fnt\n|faint|p1b: Snorlax\n|\n|win|TrainerMaskYT\n|raw|Valiant 3.0's rating: 1239 &rarr; <strong>1218<\/strong><br \/>(-21 for losing)\n|raw|TrainerMaskYT's rating: 1300 &rarr; <strong>1321<\/strong><br \/>(+21 for winning)\n|l|\u2606Valiant 3.0\n","uploadtime":1700719666,"views":21,"p1id":"valiant30","p2id":"trainermaskyt","formatid":"gen9vgc2023regulatione","rating":1218,"private":0,"password":""}