{"id":"gen9vgc2023regulatione-1996562036","p1":"Jaj1992","p2":"Zachimations","format":"[Gen 9] VGC 2023 Regulation E","log":"|j|\u2606Jaj1992\n|j|\u2606Zachimations\n|t:|1700694560\n|gametype|doubles\n|player|p1|Jaj1992|101|1130\n|player|p2|Zachimations|sordward|1109\n|teamsize|p1|6\n|teamsize|p2|6\n|gen|9\n|tier|[Gen 9] VGC 2023 Regulation E\n|rated|\n|rule|Species Clause: Limit one of each Pok\u00e9mon\n|rule|Item Clause: Limit one of each item\n|clearpoke\n|poke|p1|Arboliva, L50, F|\n|poke|p1|Rillaboom, L50, F|\n|poke|p1|Crabominable, L50, F|\n|poke|p1|Gyarados, L50, F|\n|poke|p1|Farigiraf, L50, M|\n|poke|p1|Urshifu-*, L50, F|\n|poke|p2|Baxcalibur, L50, M|\n|poke|p2|Ninetales-Alola, L50, M|\n|poke|p2|Ogerpon-Wellspring, L50, F|\n|poke|p2|Landorus-Therian, L50, M|\n|poke|p2|Heatran, L50, M|\n|poke|p2|Sinistcha, L50|\n|teampreview|4\n|inactive|Battle timer is ON: inactive players will automatically lose when time's up. (requested by Zachimations)\n|inactive|Jaj1992 has 60 seconds left.\n|\n|t:|1700694616\n|start\n|switch|p1a: Rillaboom|Rillaboom, L50, F|100\/100\n|switch|p1b: Urshifu|Urshifu-Rapid-Strike, L50, F|100\/100\n|switch|p2a: Furrycon|Ninetales-Alola, L50, M|100\/100\n|switch|p2b: Plop|Baxcalibur, L50, M|100\/100\n|-weather|Snow|[from] ability: Snow Warning|[of] p2a: Furrycon\n|-fieldstart|move: Grassy Terrain|[from] ability: Grassy Surge|[of] p1a: Rillaboom\n|turn|1\n|inactive|Jaj1992 has 30 seconds left.\n|\n|t:|1700694641\n|move|p1a: Rillaboom|Fake Out|p2a: Furrycon\n|-damage|p2a: Furrycon|87\/100\n|cant|p2a: Furrycon|flinch\n|move|p1b: Urshifu|Surging Strikes|p2a: Furrycon\n|-crit|p2a: Furrycon\n|-damage|p2a: Furrycon|59\/100\n|-crit|p2a: Furrycon\n|-damage|p2a: Furrycon|31\/100\n|-crit|p2a: Furrycon\n|-damage|p2a: Furrycon|0 fnt\n|faint|p2a: Furrycon\n|-hitcount|p2: Furrycon|3\n|move|p2b: Plop|Swords Dance|p2b: Plop\n|-boost|p2b: Plop|atk|2\n|\n|-weather|Snow|[upkeep]\n|upkeep\n|\n|t:|1700694653\n|switch|p2a: Pde554|Heatran, L50, M|100\/100\n|turn|2\n|\n|t:|1700694668\n|switch|p1b: Arboliva|Arboliva, L50, F|100\/100\n|switch|p1a: Gyarados|Gyarados, L50, F|100\/100\n|-ability|p1a: Gyarados|Intimidate|boost\n|-unboost|p2a: Pde554|atk|1\n|-unboost|p2b: Plop|atk|1\n|move|p2b: Plop|Icicle Spear|p1a: Gyarados\n|-damage|p1a: Gyarados|82\/100\n|-damage|p1a: Gyarados|63\/100\n|-crit|p1a: Gyarados\n|-damage|p1a: Gyarados|33\/100\n|-damage|p1a: Gyarados|15\/100\n|-hitcount|p1a: Gyarados|4\n|move|p2a: Pde554|Will-O-Wisp|p1b: Arboliva|[miss]\n|-miss|p2a: Pde554|p1b: Arboliva\n|\n|-weather|Snow|[upkeep]\n|-heal|p1a: Gyarados|21\/100|[from] item: Leftovers\n|upkeep\n|turn|3\n|inactive|Jaj1992 has 30 seconds left.\n|\n|t:|1700694702\n|move|p2b: Plop|Scale Shot|p1a: Gyarados\n|-damage|p1a: Gyarados|1\/100\n|-damage|p1a: Gyarados|0 fnt\n|faint|p1a: Gyarados\n|-hitcount|p1: Gyarados|2\n|-unboost|p2b: Plop|def|1\n|-boost|p2b: Plop|spe|1\n|move|p2a: Pde554|Heat Wave|p1b: Arboliva\n|-supereffective|p1b: Arboliva\n|-damage|p1b: Arboliva|15\/100\n|-enditem|p1b: Arboliva|Sitrus Berry|[eat]\n|-heal|p1b: Arboliva|40\/100|[from] item: Sitrus Berry\n|move|p1b: Arboliva|Leech Seed|p2a: Pde554\n|-start|p2a: Pde554|move: Leech Seed\n|\n|-weather|Snow|[upkeep]\n|-heal|p1b: Arboliva|46\/100|[from] Grassy Terrain\n|-damage|p2a: Pde554|88\/100|[from] Leech Seed|[of] p1b: Arboliva\n|-heal|p1b: Arboliva|59\/100|[silent]\n|upkeep\n|\n|t:|1700694724\n|switch|p1a: Urshifu|Urshifu-Rapid-Strike, L50, F|100\/100\n|turn|4\n|\n|t:|1700694742\n|-terastallize|p1a: Urshifu|Steel\n|move|p2b: Plop|Scale Shot|p1a: Urshifu\n|-resisted|p1a: Urshifu\n|-damage|p1a: Urshifu|90\/100\n|-resisted|p1a: Urshifu\n|-damage|p1a: Urshifu|79\/100\n|-resisted|p1a: Urshifu\n|-damage|p1a: Urshifu|67\/100\n|-resisted|p1a: Urshifu\n|-damage|p1a: Urshifu|57\/100\n|-resisted|p1a: Urshifu\n|-damage|p1a: Urshifu|45\/100\n|-hitcount|p1a: Urshifu|5\n|-unboost|p2b: Plop|def|1\n|-boost|p2b: Plop|spe|1\n|move|p1a: Urshifu|Surging Strikes|p2a: Pde554\n|-supereffective|p2a: Pde554\n|-crit|p2a: Pde554\n|-damage|p2a: Pde554|34\/100\n|-supereffective|p2a: Pde554\n|-crit|p2a: Pde554\n|-damage|p2a: Pde554|0 fnt\n|faint|p2a: Pde554\n|-hitcount|p2: Pde554|2\n|move|p1b: Arboliva|Leech Seed|p2b: Plop\n|-start|p2b: Plop|move: Leech Seed\n|\n|-weather|Snow|[upkeep]\n|-heal|p1a: Urshifu|51\/100|[from] Grassy Terrain\n|-heal|p1b: Arboliva|65\/100|[from] Grassy Terrain\n|-damage|p2b: Plop|88\/100|[from] Leech Seed|[of] p1b: Arboliva\n|-heal|p1b: Arboliva|78\/100|[silent]\n|-item|p1b: Arboliva|Sitrus Berry|[from] ability: Harvest\n|upkeep\n|\n|t:|1700694757\n|switch|p2a: Drake|Sinistcha, L50|100\/100\n|-heal|p2b: Plop|100\/100|[from] ability: Hospitality|[of] p2a: Drake\n|turn|5\n|\n|t:|1700694778\n|switch|p1a: Rillaboom|Rillaboom, L50, F|100\/100\n|move|p1b: Arboliva|Protect|p1b: Arboliva\n|-singleturn|p1b: Arboliva|Protect\n|move|p2b: Plop|Swords Dance|p2b: Plop\n|-boost|p2b: Plop|atk|2\n|move|p2a: Drake|Strength Sap|p1a: Rillaboom\n|-unboost|p1a: Rillaboom|atk|1\n|\n|-weather|none\n|-heal|p1b: Arboliva|84\/100|[from] Grassy Terrain\n|-damage|p2b: Plop|88\/100|[from] Leech Seed|[of] p1b: Arboliva\n|-heal|p1b: Arboliva|98\/100|[silent]\n|-fieldend|move: Grassy Terrain\n|upkeep\n|turn|6\n|inactive|Jaj1992 has 30 seconds left.\n|\n|t:|1700694804\n|move|p2b: Plop|Protect|p2b: Plop\n|-singleturn|p2b: Plop|Protect\n|move|p1a: Rillaboom|Fake Out|p2b: Plop\n|-activate|p2b: Plop|move: Protect\n|move|p2a: Drake|Matcha Gotcha|p1b: Arboliva|[spread] p1a,p1b\n|-resisted|p1a: Rillaboom\n|-resisted|p1b: Arboliva\n|-damage|p1a: Rillaboom|92\/100\n|-damage|p1b: Arboliva|86\/100\n|-status|p1b: Arboliva|brn\n|move|p1b: Arboliva|Giga Drain|p2b: Plop\n|-activate|p2b: Plop|move: Protect\n|\n|-damage|p2b: Plop|76\/100|[from] Leech Seed|[of] p1b: Arboliva\n|-heal|p1b: Arboliva|99\/100 brn|[silent]\n|-damage|p1b: Arboliva|94\/100 brn|[from] brn\n|upkeep\n|turn|7\n|inactive|Jaj1992 has 30 seconds left.\n|\n|t:|1700694830\n|switch|p1a: Urshifu|Urshifu-Rapid-Strike, L50, F, tera:Steel|51\/100\n|move|p1b: Arboliva|Protect|p1b: Arboliva\n|-singleturn|p1b: Arboliva|Protect\n|move|p2b: Plop|Icicle Spear|p1b: Arboliva\n|-activate|p1b: Arboliva|move: Protect\n|move|p2a: Drake|Calm Mind|p2a: Drake\n|-boost|p2a: Drake|spa|1\n|-boost|p2a: Drake|spd|1\n|\n|-damage|p2b: Plop|64\/100|[from] Leech Seed|[of] p1b: Arboliva\n|-heal|p1b: Arboliva|100\/100 brn|[silent]\n|-damage|p1b: Arboliva|95\/100 brn|[from] brn\n|upkeep\n|turn|8\n|inactive|Jaj1992 has 30 seconds left.\n|\n|t:|1700694861\n|move|p1b: Arboliva|Protect||[still]\n|-fail|p1b: Arboliva\n|move|p1a: Urshifu|Aqua Jet|p2b: Plop\n|-resisted|p2b: Plop\n|-damage|p2b: Plop|37\/100\n|move|p2b: Plop|Icicle Spear|p1b: Arboliva\n|-supereffective|p1b: Arboliva\n|-damage|p1b: Arboliva|42\/100 brn\n|-enditem|p1b: Arboliva|Sitrus Berry|[eat]\n|-heal|p1b: Arboliva|66\/100 brn|[from] item: Sitrus Berry\n|-supereffective|p1b: Arboliva\n|-damage|p1b: Arboliva|11\/100 brn\n|-supereffective|p1b: Arboliva\n|-crit|p1b: Arboliva\n|-damage|p1b: Arboliva|0 fnt\n|faint|p1b: Arboliva\n|-hitcount|p1: Arboliva|3\n|move|p2a: Drake|Strength Sap|p1a: Urshifu\n|-unboost|p1a: Urshifu|atk|1\n|\n|upkeep\n|-message|Jaj1992 forfeited.\n|\n|win|Zachimations\n|raw|Jaj1992's rating: 1130 &rarr; <strong>1103<\/strong><br \/>(-27 for losing)\n|raw|Zachimations's rating: 1109 &rarr; <strong>1136<\/strong><br \/>(+27 for winning)\n|l|\u2606Jaj1992\n","uploadtime":1700694876,"views":15,"p1id":"jaj1992","p2id":"zachimations","formatid":"gen9vgc2023regulatione","rating":1103,"private":0,"password":""}