{"id":"gen9vgc2023regulatione-1992793981","p1":"VgcPro(real)","p2":"pepping_out","format":"[Gen 9] VGC 2023 Regulation E","log":"|j|\u2606VgcPro(real)\n|j|\u2606pepping_out\n|t:|1700235995\n|gametype|doubles\n|player|p1|VgcPro(real)|sabrina|1102\n|player|p2|pepping_out|zinzolin|1115\n|teamsize|p1|6\n|teamsize|p2|6\n|gen|9\n|tier|[Gen 9] VGC 2023 Regulation E\n|rated|\n|rule|Species Clause: Limit one of each Pok\u00e9mon\n|rule|Item Clause: Limit one of each item\n|clearpoke\n|poke|p1|Grimmsnarl, L50, M|\n|poke|p1|Chi-Yu, L50|\n|poke|p1|Ogerpon-Wellspring, L50, F|\n|poke|p1|Salamence, L50, F|\n|poke|p1|Gholdengo, L50|\n|poke|p1|Thundurus, L50, M|\n|poke|p2|Okidogi, L50, M|\n|poke|p2|Sableye, L50, F|\n|poke|p2|Rillaboom, L50, M|\n|poke|p2|Volcarona, L50, M|\n|poke|p2|Ting-Lu, L50|\n|poke|p2|Flutter Mane, L50|\n|teampreview|4\n|inactive|Battle timer is ON: inactive players will automatically lose when time's up. (requested by VgcPro(real))\nVgcPro(real) has agreed to open team sheets.\n|c|\u2606VgcPro(real)|glhf\n|inactive|VgcPro(real) has 60 seconds left.\n|\n|t:|1700236034\n|start\n|switch|p1a: Chi-Yu|Chi-Yu, L50|100\/100\n|switch|p1b: Grimmsnarl|Grimmsnarl, L50, M|100\/100\n|switch|p2a: Sableye|Sableye, L50, F|100\/100\n|switch|p2b: Okidogi|Okidogi, L50, M|100\/100\n|-ability|p1a: Chi-Yu|Beads of Ruin\n|turn|1\n|\n|t:|1700236052\n|-terastallize|p2b: Okidogi|Water\n|move|p2a: Sableye|Light Screen|p2a: Sableye\n|-sidestart|p2: pepping_out|move: Light Screen\n|move|p1b: Grimmsnarl|Trick|p2b: Okidogi\n|-activate|p1b: Grimmsnarl|move: Trick|[of] p2b: Okidogi\n|-item|p2b: Okidogi|Lagging Tail|[from] move: Trick\n|-item|p1b: Grimmsnarl|Leftovers|[from] move: Trick\n|move|p1a: Chi-Yu|Nasty Plot|p1a: Chi-Yu\n|-boost|p1a: Chi-Yu|spa|2\n|move|p2b: Okidogi|Bulk Up|p2b: Okidogi\n|-boost|p2b: Okidogi|atk|1\n|-boost|p2b: Okidogi|def|1\n|\n|upkeep\n|turn|2\n|inactive|VgcPro(real) has 30 seconds left.\n|\n|t:|1700236079\n|move|p1b: Grimmsnarl|Trick|p2a: Sableye\n|-hint|Since gen 7, Dark is immune to Prankster moves.\n|-immune|p2a: Sableye\n|move|p2a: Sableye|Encore|p1a: Chi-Yu\n|-hint|Since gen 7, Dark is immune to Prankster moves.\n|-immune|p1a: Chi-Yu\n|move|p1a: Chi-Yu|Dark Pulse|p2b: Okidogi\n|-damage|p2b: Okidogi|38\/100\n|move|p2b: Okidogi|Drain Punch|p1a: Chi-Yu\n|-supereffective|p1a: Chi-Yu\n|-damage|p1a: Chi-Yu|0 fnt\n|-heal|p2b: Okidogi|78\/100|[from] drain|[of] p1a: Chi-Yu\n|faint|p1a: Chi-Yu\n|\n|upkeep\n|\n|t:|1700236093\n|switch|p1a: Salamence|Salamence, L50, F|100\/100\n|-ability|p1a: Salamence|Intimidate|boost\n|-unboost|p2a: Sableye|atk|1\n|-ability|p2b: Okidogi|Guard Dog|boost\n|-boost|p2b: Okidogi|atk|1\n|turn|3\n|inactive|VgcPro(real) has 30 seconds left.\n|inactive|VgcPro(real) has 20 seconds left.\n|inactive|VgcPro(real) has 15 seconds left.\n|inactive|VgcPro(real) has 10 seconds left.\n|\n|t:|1700236140\n|switch|p1b: Ogerpon|Ogerpon-Wellspring, L50, F|100\/100\n|move|p2a: Sableye|Reflect|p2a: Sableye\n|-sidestart|p2: pepping_out|Reflect\n|move|p1a: Salamence|Draco Meteor|p2b: Okidogi\n|-damage|p2b: Okidogi|43\/100\n|-unboost|p1a: Salamence|spa|2\n|move|p2b: Okidogi|Drain Punch|p1b: Ogerpon\n|-crit|p1b: Ogerpon\n|-damage|p1b: Ogerpon|0 fnt\n|-heal|p2b: Okidogi|91\/100|[from] drain|[of] p1b: Ogerpon\n|faint|p1b: Ogerpon\n|\n|upkeep\n|\n|t:|1700236155\n|switch|p1b: Grimmsnarl|Grimmsnarl, L50, M|100\/100\n|turn|4\n|\n|t:|1700236164\n|-terastallize|p1a: Salamence|Flying\n|move|p2a: Sableye|Encore|p1a: Salamence\n|-start|p1a: Salamence|Encore\n|move|p1a: Salamence|Draco Meteor|p2a: Sableye\n|-damage|p2a: Sableye|78\/100\n|-unboost|p1a: Salamence|spa|2\n|move|p1b: Grimmsnarl|Spirit Break|p2b: Okidogi\n|-damage|p2b: Okidogi|80\/100\n|-unboost|p2b: Okidogi|spa|1\n|move|p2b: Okidogi|Drain Punch|p1b: Grimmsnarl\n|-damage|p1b: Grimmsnarl|28\/100\n|-heal|p2b: Okidogi|100\/100|[from] drain|[of] p1b: Grimmsnarl\n|\n|-heal|p1b: Grimmsnarl|34\/100|[from] item: Leftovers\n|upkeep\n|turn|5\n|\n|t:|1700236185\n|move|p2a: Sableye|Will-O-Wisp|p1a: Salamence\n|-status|p1a: Salamence|brn\n|move|p1a: Salamence|Draco Meteor|p2b: Okidogi\n|-damage|p2b: Okidogi|90\/100\n|-unboost|p1a: Salamence|spa|2\n|move|p1b: Grimmsnarl|Spirit Break|p2b: Okidogi\n|-damage|p2b: Okidogi|78\/100\n|-unboost|p2b: Okidogi|spa|1\n|move|p2b: Okidogi|Drain Punch|p1b: Grimmsnarl\n|-damage|p1b: Grimmsnarl|0 fnt\n|-heal|p2b: Okidogi|95\/100|[from] drain|[of] p1b: Grimmsnarl\n|faint|p1b: Grimmsnarl\n|\n|-damage|p1a: Salamence|94\/100 brn|[from] brn\n|upkeep\n|turn|6\n|\n|t:|1700236202\n|switch|p2a: Ting-Lu|Ting-Lu, L50|100\/100\n|-ability|p2a: Ting-Lu|Vessel of Ruin\n|move|p1a: Salamence|Draco Meteor|p2b: Okidogi\n|-damage|p2b: Okidogi|89\/100\n|move|p2b: Okidogi|Knock Off|p1a: Salamence\n|-damage|p1a: Salamence|17\/100 brn\n|-enditem|p1a: Salamence|Sharp Beak|[from] move: Knock Off|[of] p2b: Okidogi\n|\n|-damage|p1a: Salamence|11\/100 brn|[from] brn\n|-end|p1a: Salamence|Encore\n|upkeep\n|turn|7\n|\n|t:|1700236217\n|move|p1a: Salamence|Draco Meteor|p2b: Okidogi\n|-damage|p2b: Okidogi|82\/100\n|move|p2a: Ting-Lu|Heavy Slam|p1a: Salamence\n|-damage|p1a: Salamence|0 fnt\n|faint|p1a: Salamence\n|\n|win|pepping_out\n|raw|VgcPro(real)'s rating: 1102 &rarr; <strong>1078<\/strong><br \/>(-24 for losing)\n|raw|pepping_out's rating: 1115 &rarr; <strong>1139<\/strong><br \/>(+24 for winning)\n|c|\u2606pepping_out|gg\n","uploadtime":1700236226,"views":15,"p1id":"vgcproreal","p2id":"peppingout","formatid":"gen9vgc2023regulatione","rating":1078,"private":0,"password":""}