{"id":"gen9vgc2023regulatione-1989372857","p1":"Silvanygst","p2":"Tutkan","format":"[Gen 9] VGC 2023 Regulation E","log":"|j|\u2606Silvanygst\n|j|\u2606Tutkan\n|t:|1699842099\n|gametype|doubles\n|player|p1|Silvanygst|102|1372\n|player|p2|Tutkan|170|1359\n|teamsize|p1|6\n|teamsize|p2|6\n|gen|9\n|tier|[Gen 9] VGC 2023 Regulation E\n|rated|\n|rule|Species Clause: Limit one of each Pok\u00e9mon\n|rule|Item Clause: Limit one of each item\n|clearpoke\n|poke|p1|Iron Hands, L50|\n|poke|p1|Amoonguss, L50, F|\n|poke|p1|Ogerpon-Hearthflame, L50, F|\n|poke|p1|Urshifu-*, L50, M|\n|poke|p1|Tornadus, L50, M|\n|poke|p1|Kingambit, L50, F|\n|poke|p2|Heatran, L50, F|\n|poke|p2|Chien-Pao, L50|\n|poke|p2|Dragonite, L50, F|\n|poke|p2|Urshifu-*, L50, M|\n|poke|p2|Flutter Mane, L50|\n|poke|p2|Tornadus, L50, M|\n|teampreview|4\n|inactive|Battle timer is ON: inactive players will automatically lose when time's up. (requested by Silvanygst)\n|\n|t:|1699842139\n|start\n|switch|p1a: Iron Hands|Iron Hands, L50|100\/100\n|switch|p1b: Ogerpon|Ogerpon-Hearthflame, L50, F|100\/100\n|switch|p2a: Chien-Pao|Chien-Pao, L50|100\/100\n|switch|p2b: Dragonite|Dragonite, L50, F|100\/100\n|-ability|p2a: Chien-Pao|Sword of Ruin\n|-ability|p1b: Ogerpon|Mold Breaker\n|turn|1\n|inactive|Tutkan has 30 seconds left.\n|\n|t:|1699842166\n|move|p2a: Chien-Pao|Protect|p2a: Chien-Pao\n|-singleturn|p2a: Chien-Pao|Protect\n|move|p1b: Ogerpon|Spiky Shield|p1b: Ogerpon\n|-singleturn|p1b: Ogerpon|move: Protect\n|move|p1a: Iron Hands|Fake Out|p2b: Dragonite\n|-damage|p2b: Dragonite|80\/100\n|move|p2b: Dragonite|Stomping Tantrum|p1a: Iron Hands\n|-supereffective|p1a: Iron Hands\n|-damage|p1a: Iron Hands|33\/100\n|\n|upkeep\n|turn|2\n|inactive|Silvanygst has 30 seconds left.\n|inactive|Tutkan has 30 seconds left.\n|inactive|Silvanygst has 20 seconds left.\n|inactive|Tutkan has 20 seconds left.\n|inactive|Silvanygst has 15 seconds left.\n|inactive|Tutkan has 15 seconds left.\n|inactive|Tutkan has 10 seconds left.\n|inactive|Tutkan has 5 seconds left.\n|\n|t:|1699842217\n|move|p2a: Chien-Pao|Ice Spinner|p1a: Iron Hands\n|-damage|p1a: Iron Hands|1\/100\n|move|p1b: Ogerpon|Ivy Cudgel|p2a: Chien-Pao\n|-supereffective|p2a: Chien-Pao\n|-enditem|p2a: Chien-Pao|Focus Sash\n|-damage|p2a: Chien-Pao|1\/100\n|move|p2b: Dragonite|Stomping Tantrum|p1b: Ogerpon\n|-damage|p1b: Ogerpon|23\/100\n|move|p1a: Iron Hands|Drain Punch|p2a: Chien-Pao\n|-supereffective|p2a: Chien-Pao\n|-damage|p2a: Chien-Pao|0 fnt\n|-heal|p1a: Iron Hands|2\/100|[from] drain|[of] p2a: Chien-Pao\n|faint|p2a: Chien-Pao\n|\n|upkeep\n|inactive|Tutkan has 30 seconds left.\n|\n|t:|1699842249\n|switch|p2a: Urshifu|Urshifu-Rapid-Strike, L50, M|100\/100\n|turn|3\n|\n|t:|1699842264\n|move|p1b: Ogerpon|Spiky Shield|p1b: Ogerpon\n|-singleturn|p1b: Ogerpon|move: Protect\n|move|p2a: Urshifu|Surging Strikes|p1b: Ogerpon\n|-crit|p1b: Ogerpon\n|-damage|p1b: Ogerpon|0 fnt\n|faint|p1b: Ogerpon\n|-hitcount|p1: Ogerpon|1\n|move|p2b: Dragonite|Stomping Tantrum|p1a: Iron Hands\n|-supereffective|p1a: Iron Hands\n|-crit|p1a: Iron Hands\n|-damage|p1a: Iron Hands|0 fnt\n|faint|p1a: Iron Hands\n|-end|p1a: Iron Hands|Quark Drive|[silent]\n|\n|upkeep\n|\n|t:|1699842267\n|switch|p1b: Amoonguss|Amoonguss, L50, F|100\/100\n|switch|p1a: Kingambit|Kingambit, L50, F|100\/100\n|turn|4\n|\n|t:|1699842287\n|move|p1b: Amoonguss|Rage Powder|p1b: Amoonguss\n|-singleturn|p1b: Amoonguss|move: Rage Powder\n|move|p2a: Urshifu|Surging Strikes|p1b: Amoonguss\n|-resisted|p1b: Amoonguss\n|-crit|p1b: Amoonguss\n|-damage|p1b: Amoonguss|93\/100\n|-damage|p2a: Urshifu|84\/100|[from] item: Rocky Helmet|[of] p1b: Amoonguss\n|-resisted|p1b: Amoonguss\n|-crit|p1b: Amoonguss\n|-damage|p1b: Amoonguss|84\/100\n|-damage|p2a: Urshifu|67\/100|[from] item: Rocky Helmet|[of] p1b: Amoonguss\n|-resisted|p1b: Amoonguss\n|-crit|p1b: Amoonguss\n|-damage|p1b: Amoonguss|76\/100\n|-damage|p2a: Urshifu|51\/100|[from] item: Rocky Helmet|[of] p1b: Amoonguss\n|-hitcount|p1b: Amoonguss|3\n|move|p2b: Dragonite|Stomping Tantrum|p1b: Amoonguss\n|-damage|p1b: Amoonguss|46\/100\n|-damage|p2b: Dragonite|64\/100|[from] item: Rocky Helmet|[of] p1b: Amoonguss\n|move|p1a: Kingambit|Swords Dance|p1a: Kingambit\n|-boost|p1a: Kingambit|atk|2\n|\n|upkeep\n|turn|5\n|inactive|Tutkan has 30 seconds left.\n|inactive|Tutkan has 20 seconds left.\n|inactive|Tutkan has 15 seconds left.\n|\n|t:|1699842329\n|-terastallize|p2a: Urshifu|Water\n|-terastallize|p1a: Kingambit|Dark\n|move|p1a: Kingambit|Sucker Punch|p2a: Urshifu\n|-damage|p2a: Urshifu|0 fnt\n|faint|p2a: Urshifu\n|move|p2b: Dragonite|Stomping Tantrum|p1a: Kingambit\n|-damage|p1a: Kingambit|65\/100\n|move|p1b: Amoonguss|Spore|p2b: Dragonite\n|-status|p2b: Dragonite|slp|[from] move: Spore\n|\n|upkeep\n|\n|t:|1699842339\n|switch|p2a: Heatran|Heatran, L50, F|100\/100\n|turn|6\n|\n|t:|1699842351\n|move|p1a: Kingambit|Sucker Punch|p2a: Heatran\n|-damage|p2a: Heatran|0 fnt\n|faint|p2a: Heatran\n|cant|p2b: Dragonite|slp\n|move|p1b: Amoonguss|Spore|p2b: Dragonite\n|-fail|p2b: Dragonite|slp\n|\n|upkeep\n|turn|7\n|\n|t:|1699842361\n|move|p1b: Amoonguss|Rage Powder|p1b: Amoonguss\n|-singleturn|p1b: Amoonguss|move: Rage Powder\n|-curestatus|p2b: Dragonite|slp|[msg]\n|move|p2b: Dragonite|Stomping Tantrum|p1b: Amoonguss\n|-damage|p1b: Amoonguss|0 fnt\n|-damage|p2b: Dragonite|47\/100|[from] item: Rocky Helmet|[of] p1b: Amoonguss\n|faint|p1b: Amoonguss\n|move|p1a: Kingambit|Kowtow Cleave|p2b: Dragonite\n|-damage|p2b: Dragonite|0 fnt\n|faint|p2b: Dragonite\n|\n|win|Silvanygst\n|raw|Silvanygst's rating: 1372 &rarr; <strong>1391<\/strong><br \/>(+19 for winning)\n|raw|Tutkan's rating: 1359 &rarr; <strong>1340<\/strong><br \/>(-19 for losing)\n|l|\u2606Silvanygst\n","uploadtime":1699842375,"views":13,"p1id":"silvanygst","p2id":"tutkan","formatid":"gen9vgc2023regulatione","rating":1340,"private":0,"password":""}