{"id":"gen9vgc2023regulatione-1996222636","p1":"FearZero","p2":"Rokhy","format":"[Gen 9] VGC 2023 Regulation E","log":"|j|\u2606FearZero\n|j|\u2606Rokhy\n|t:|1700660976\n|gametype|doubles\n|player|p1|FearZero|hugh|1349\n|player|p2|Rokhy|2|1433\n|teamsize|p1|6\n|teamsize|p2|6\n|gen|9\n|tier|[Gen 9] VGC 2023 Regulation E\n|rated|\n|rule|Species Clause: Limit one of each Pok\u00e9mon\n|rule|Item Clause: Limit one of each item\n|clearpoke\n|poke|p1|Roaring Moon, L50|\n|poke|p1|Iron Hands, L50|\n|poke|p1|Gholdengo, L50|\n|poke|p1|Arcanine-Hisui, L50, F|\n|poke|p1|Amoonguss, L50, M|\n|poke|p1|Milotic, L50, F|\n|poke|p2|Tyranitar, L50, M|\n|poke|p2|Roaring Moon, L50|\n|poke|p2|Milotic, L50, M|\n|poke|p2|Glimmora, L50, M|\n|poke|p2|Ceruledge, L50, M|\n|poke|p2|Ogerpon, L50, F|\n|teampreview|4\n|inactive|Battle timer is ON: inactive players will automatically lose when time's up. (requested by FearZero)\n|inactive|FearZero has 60 seconds left.\n|inactive|FearZero has 30 seconds left.\n|inactive|FearZero has 20 seconds left.\n|inactive|FearZero has 15 seconds left.\n|inactive|FearZero has 10 seconds left.\n|inactive|FearZero has 5 seconds left.\n|\n|t:|1700661067\n|start\n|switch|p1a: Roaring Moon|Roaring Moon, L50|100\/100\n|switch|p1b: Iron Hands|Iron Hands, L50|100\/100\n|switch|p2a: Milotic|Milotic, L50, M, shiny|100\/100\n|switch|p2b: Ceruledge|Ceruledge, L50, M|100\/100\n|-enditem|p1a: Roaring Moon|Booster Energy\n|-activate|p1a: Roaring Moon|ability: Protosynthesis|[fromitem]\n|-start|p1a: Roaring Moon|protosynthesisspe\n|turn|1\n|\n|t:|1700661083\n|move|p1b: Iron Hands|Fake Out|p2a: Milotic\n|-damage|p2a: Milotic|81\/100\n|move|p2b: Ceruledge|Ally Switch|p2b: Ceruledge\n|swap|p2b: Ceruledge|0|[from] move: Ally Switch\n|move|p1a: Roaring Moon|Knock Off|p2b: Milotic\n|-damage|p2b: Milotic|24\/100\n|-enditem|p2b: Milotic|Safety Goggles|[from] move: Knock Off|[of] p1a: Roaring Moon\n|cant|p2b: Milotic|flinch\n|\n|upkeep\n|turn|2\n|\n|t:|1700661094\n|switch|p2a: Ogerpon|Ogerpon, L50, F|100\/100\n|move|p2b: Milotic|Protect|p2b: Milotic\n|-singleturn|p2b: Milotic|Protect\n|move|p1a: Roaring Moon|Knock Off|p2a: Ogerpon\n|-damage|p2a: Ogerpon|52\/100\n|-enditem|p2a: Ogerpon|Leftovers|[from] move: Knock Off|[of] p1a: Roaring Moon\n|move|p1b: Iron Hands|Wild Charge|p2b: Milotic\n|-activate|p2b: Milotic|move: Protect\n|\n|upkeep\n|turn|3\n|\n|t:|1700661108\n|move|p2a: Ogerpon|Follow Me|p2a: Ogerpon\n|-singleturn|p2a: Ogerpon|move: Follow Me\n|move|p1a: Roaring Moon|Acrobatics|p2a: Ogerpon\n|-supereffective|p2a: Ogerpon\n|-damage|p2a: Ogerpon|0 fnt\n|faint|p2a: Ogerpon\n|move|p2b: Milotic|Icy Wind|p1a: Roaring Moon|[spread] p1a,p1b\n|-supereffective|p1a: Roaring Moon\n|-damage|p1a: Roaring Moon|79\/100\n|-damage|p1b: Iron Hands|94\/100\n|-unboost|p1a: Roaring Moon|spe|1\n|-unboost|p1b: Iron Hands|spe|1\n|move|p1b: Iron Hands|Wild Charge|p2b: Milotic\n|-supereffective|p2b: Milotic\n|-damage|p2b: Milotic|0 fnt\n|faint|p2b: Milotic\n|-damage|p1b: Iron Hands|89\/100|[from] Recoil\n|\n|upkeep\n|\n|t:|1700661114\n|switch|p2b: Roaring Moon|Roaring Moon, L50, shiny|100\/100\n|switch|p2a: Ceruledge|Ceruledge, L50, M|100\/100\n|-enditem|p2b: Roaring Moon|Booster Energy\n|-activate|p2b: Roaring Moon|ability: Protosynthesis|[fromitem]\n|-start|p2b: Roaring Moon|protosynthesisatk\n|turn|4\n|\n|t:|1700661125\n|-end|p1b: Iron Hands|Quark Drive|[silent]\n|switch|p1b: Arcanine|Arcanine-Hisui, L50, F|100\/100\n|-ability|p1b: Arcanine|Intimidate|boost\n|-fail|p2a: Ceruledge|unboost|[from] item: Clear Amulet|[of] p2a: Ceruledge\n|-unboost|p2b: Roaring Moon|atk|1\n|move|p1a: Roaring Moon|Tailwind|p1a: Roaring Moon\n|-sidestart|p1: FearZero|move: Tailwind\n|move|p2b: Roaring Moon|Stomping Tantrum|p1b: Arcanine\n|-supereffective|p1b: Arcanine\n|-damage|p1b: Arcanine|0 fnt\n|faint|p1b: Arcanine\n|move|p2a: Ceruledge|Bitter Blade|p1a: Roaring Moon\n|-resisted|p1a: Roaring Moon\n|-damage|p1a: Roaring Moon|48\/100\n|\n|upkeep\n|\n|t:|1700661137\n|switch|p1b: Iron Hands|Iron Hands, L50|89\/100\n|turn|5\n|\n|t:|1700661152\n|move|p2a: Ceruledge|Ally Switch|p2a: Ceruledge\n|swap|p2a: Ceruledge|1|[from] move: Ally Switch\n|move|p1a: Roaring Moon|Knock Off|p2b: Ceruledge\n|-supereffective|p2b: Ceruledge\n|-damage|p2b: Ceruledge|0 fnt\n|-enditem|p2b: Ceruledge|Clear Amulet|[from] move: Knock Off|[of] p1a: Roaring Moon\n|faint|p2b: Ceruledge\n|move|p2a: Roaring Moon|Acrobatics|p1a: Roaring Moon\n|-damage|p1a: Roaring Moon|0 fnt\n|faint|p1a: Roaring Moon\n|-end|p1a: Roaring Moon|Protosynthesis|[silent]\n|move|p1b: Iron Hands|Drain Punch|p2a: Roaring Moon\n|-supereffective|p2a: Roaring Moon\n|-damage|p2a: Roaring Moon|0 fnt\n|-heal|p1b: Iron Hands|100\/100|[from] drain|[of] p2a: Roaring Moon\n|faint|p2a: Roaring Moon\n|-end|p2a: Roaring Moon|Protosynthesis|[silent]\n|\n|win|FearZero\n|raw|FearZero's rating: 1349 &rarr; <strong>1374<\/strong><br \/>(+25 for winning)\n|raw|Rokhy's rating: 1433 &rarr; <strong>1408<\/strong><br \/>(-25 for losing)\n|l|\u2606Rokhy\n|c|\u2606FearZero|read like a book\n","uploadtime":1700661169,"views":9,"p1id":"fearzero","p2id":"rokhy","formatid":"gen9vgc2023regulatione","rating":1374,"private":0,"password":""}