{"id":"gen9vgc2023regulatione-1992109356","p1":"vilniusbelfast","p2":"Conchoboar2","format":"[Gen 9] VGC 2023 Regulation E","log":"|j|\u2606vilniusbelfast\n|j|\u2606Conchoboar2\n|t:|1700155859\n|gametype|doubles\n|player|p1|vilniusbelfast|1|1247\n|player|p2|Conchoboar2|101|1255\n|teamsize|p1|6\n|teamsize|p2|6\n|gen|9\n|tier|[Gen 9] VGC 2023 Regulation E\n|rated|\n|rule|Species Clause: Limit one of each Pok\u00e9mon\n|rule|Item Clause: Limit one of each item\n|clearpoke\n|poke|p1|Sinistcha, L50|\n|poke|p1|Ninetales-Alola, L50, F|\n|poke|p1|Baxcalibur, L50, M|\n|poke|p1|Roaring Moon, L50|\n|poke|p1|Heatran, L50, F|\n|poke|p1|Dondozo, L50, F|\n|poke|p2|Mamoswine, L50, M|\n|poke|p2|Iron Hands, L50|\n|poke|p2|Grimmsnarl, L50, M|\n|poke|p2|Flutter Mane, L50|\n|poke|p2|Heatran, L50, F|\n|poke|p2|Sinistcha, L50|\n|teampreview|4\n|\n|t:|1700155910\n|start\n|switch|p1a: Heatran|Heatran, L50, F|100\/100\n|switch|p1b: Dondozo|Dondozo, L50, F|100\/100\n|switch|p2a: Iron Hands|Iron Hands, L50|100\/100\n|switch|p2b: Grimmsnarl|Grimmsnarl, L50, M|100\/100\n|turn|1\n|inactive|Battle timer is ON: inactive players will automatically lose when time's up. (requested by vilniusbelfast)\n|\n|t:|1700155935\n|-terastallize|p1b: Dondozo|Fire\n|move|p2b: Grimmsnarl|Light Screen|p2b: Grimmsnarl\n|-sidestart|p2: Conchoboar2|move: Light Screen\n|move|p1a: Heatran|Flash Cannon|p2b: Grimmsnarl\n|-supereffective|p2b: Grimmsnarl\n|-damage|p2b: Grimmsnarl|41\/100\n|move|p2a: Iron Hands|Drain Punch|p1a: Heatran\n|-supereffective|p1a: Heatran\n|-damage|p1a: Heatran|24\/100\n|move|p1b: Dondozo|Heavy Slam|p2b: Grimmsnarl\n|-supereffective|p2b: Grimmsnarl\n|-damage|p2b: Grimmsnarl|5\/100\n|\n|-heal|p1a: Heatran|30\/100|[from] item: Leftovers\n|upkeep\n|turn|2\n|inactive|vilniusbelfast has 30 seconds left.\n|\n|t:|1700155964\n|move|p2b: Grimmsnarl|Reflect|p2b: Grimmsnarl\n|-sidestart|p2: Conchoboar2|Reflect\n|move|p1a: Heatran|Heat Wave|p2b: Grimmsnarl|[spread] p2a\n|-miss|p1a: Heatran|p2b: Grimmsnarl\n|-damage|p2a: Iron Hands|86\/100\n|-status|p2a: Iron Hands|brn\n|move|p2a: Iron Hands|Thunder Punch|p1a: Heatran\n|-damage|p1a: Heatran|10\/100\n|move|p1b: Dondozo|Yawn||[still]\n|-fail|p1b: Dondozo\n|\n|-heal|p1a: Heatran|16\/100|[from] item: Leftovers\n|-damage|p2a: Iron Hands|80\/100 brn|[from] brn\n|upkeep\n|turn|3\n|\n|t:|1700155989\n|move|p1a: Heatran|Protect|p1a: Heatran\n|-singleturn|p1a: Heatran|Protect\n|move|p2a: Iron Hands|Drain Punch|p1a: Heatran\n|-activate|p1a: Heatran|move: Protect\n|move|p2b: Grimmsnarl|Spirit Break|p1b: Dondozo\n|-resisted|p1b: Dondozo\n|-damage|p1b: Dondozo|91\/100\n|-unboost|p1b: Dondozo|spa|1\n|move|p1b: Dondozo|Heavy Slam|p2b: Grimmsnarl\n|-supereffective|p2b: Grimmsnarl\n|-damage|p2b: Grimmsnarl|0 fnt\n|faint|p2b: Grimmsnarl\n|\n|-heal|p1a: Heatran|22\/100|[from] item: Leftovers\n|-damage|p2a: Iron Hands|74\/100 brn|[from] brn\n|upkeep\n|\n|t:|1700155995\n|switch|p2b: Mamoswine|Mamoswine, L50, M|100\/100\n|turn|4\n|\n|t:|1700156006\n|-terastallize|p2b: Mamoswine|Dragon\n|move|p2b: Mamoswine|High Horsepower|p1b: Dondozo\n|-supereffective|p1b: Dondozo\n|-damage|p1b: Dondozo|18\/100\n|-enditem|p1b: Dondozo|Sitrus Berry|[eat]\n|-heal|p1b: Dondozo|43\/100|[from] item: Sitrus Berry\n|move|p1a: Heatran|Heat Wave|p2b: Mamoswine|[spread] p2a,p2b\n|-resisted|p2b: Mamoswine\n|-damage|p2a: Iron Hands|59\/100 brn\n|-damage|p2b: Mamoswine|83\/100\n|move|p2a: Iron Hands|Drain Punch|p1a: Heatran\n|-supereffective|p1a: Heatran\n|-damage|p1a: Heatran|0 fnt\n|-heal|p2a: Iron Hands|68\/100 brn|[from] drain|[of] p1a: Heatran\n|faint|p1a: Heatran\n|move|p1b: Dondozo|Yawn|p2b: Mamoswine\n|-start|p2b: Mamoswine|move: Yawn|[of] p1b: Dondozo\n|\n|-damage|p2a: Iron Hands|62\/100 brn|[from] brn\n|upkeep\n|\n|t:|1700156022\n|switch|p1a: Baxcalibur|Baxcalibur, L50, M|100\/100\n|turn|5\n|inactive|vilniusbelfast has 30 seconds left.\n|\n|t:|1700156049\n|switch|p2b: Sinistcha|Sinistcha, L50|100\/100\n|-heal|p2a: Iron Hands|87\/100 brn|[from] ability: Hospitality|[of] p2b: Sinistcha\n|move|p1a: Baxcalibur|Icicle Crash|p2b: Sinistcha\n|-supereffective|p2b: Sinistcha\n|-damage|p2b: Sinistcha|48\/100\n|-enditem|p2b: Sinistcha|Sitrus Berry|[eat]\n|-heal|p2b: Sinistcha|73\/100|[from] item: Sitrus Berry\n|move|p2a: Iron Hands|Drain Punch|p1a: Baxcalibur\n|-supereffective|p1a: Baxcalibur\n|-damage|p1a: Baxcalibur|62\/100\n|-heal|p2a: Iron Hands|100\/100 brn|[from] drain|[of] p1a: Baxcalibur\n|move|p1b: Dondozo|Heavy Slam|p2b: Sinistcha\n|-damage|p2b: Sinistcha|55\/100\n|\n|-damage|p2a: Iron Hands|94\/100 brn|[from] brn\n|upkeep\n|turn|6\n|inactive|vilniusbelfast has 30 seconds left.\n|inactive|Conchoboar2 has 30 seconds left.\n|\n|t:|1700156079\n|switch|p1b: Roaring Moon|Roaring Moon, L50|100\/100\n|-enditem|p1b: Roaring Moon|Booster Energy\n|-activate|p1b: Roaring Moon|ability: Protosynthesis|[fromitem]\n|-start|p1b: Roaring Moon|protosynthesisspe\n|move|p1a: Baxcalibur|Icicle Crash|p2b: Sinistcha\n|-supereffective|p2b: Sinistcha\n|-damage|p2b: Sinistcha|1\/100\n|cant|p2b: Sinistcha|flinch\n|move|p2a: Iron Hands|Drain Punch|p1b: Roaring Moon\n|-supereffective|p1b: Roaring Moon\n|-damage|p1b: Roaring Moon|52\/100\n|-heal|p2a: Iron Hands|100\/100 brn|[from] drain|[of] p1b: Roaring Moon\n|\n|-damage|p2a: Iron Hands|94\/100 brn|[from] brn\n|upkeep\n|turn|7\n|inactive|Conchoboar2 has 30 seconds left.\n|\n|t:|1700156107\n|move|p1a: Baxcalibur|Ice Shard|p2b: Sinistcha\n|-supereffective|p2b: Sinistcha\n|-damage|p2b: Sinistcha|0 fnt\n|faint|p2b: Sinistcha\n|move|p1b: Roaring Moon|Acrobatics|p2a: Iron Hands\n|-damage|p2a: Iron Hands|77\/100 brn\n|move|p2a: Iron Hands|Drain Punch|p1a: Baxcalibur\n|-supereffective|p1a: Baxcalibur\n|-damage|p1a: Baxcalibur|25\/100\n|-heal|p2a: Iron Hands|94\/100 brn|[from] drain|[of] p1a: Baxcalibur\n|\n|-damage|p2a: Iron Hands|88\/100 brn|[from] brn\n|upkeep\n|\n|t:|1700156113\n|switch|p2b: Mamoswine|Mamoswine, L50, M, tera:Dragon|83\/100\n|turn|8\n|\n|t:|1700156124\n|move|p2b: Mamoswine|Protect|p2b: Mamoswine\n|-singleturn|p2b: Mamoswine|Protect\n|move|p1b: Roaring Moon|Breaking Swipe|p2a: Iron Hands|[spread] p2a\n|-activate|p2b: Mamoswine|move: Protect\n|-damage|p2a: Iron Hands|77\/100 brn\n|-unboost|p2a: Iron Hands|atk|1\n|move|p1a: Baxcalibur|Glaive Rush|p2b: Mamoswine\n|-activate|p2b: Mamoswine|move: Protect\n|move|p2a: Iron Hands|Drain Punch|p1a: Baxcalibur\n|-supereffective|p1a: Baxcalibur\n|-damage|p1a: Baxcalibur|0 fnt\n|-heal|p2a: Iron Hands|88\/100 brn|[from] drain|[of] p1a: Baxcalibur\n|faint|p1a: Baxcalibur\n|\n|-damage|p2a: Iron Hands|82\/100 brn|[from] brn\n|-sideend|p2: Conchoboar2|move: Light Screen\n|upkeep\n|\n|t:|1700156128\n|switch|p1a: Dondozo|Dondozo, L50, F, tera:Fire|43\/100\n|turn|9\n|\n|t:|1700156140\n|move|p1b: Roaring Moon|Protect|p1b: Roaring Moon\n|-singleturn|p1b: Roaring Moon|Protect\n|move|p2b: Mamoswine|Ice Shard|p1b: Roaring Moon\n|-activate|p1b: Roaring Moon|move: Protect\n|move|p2a: Iron Hands|Thunder Punch|p1a: Dondozo\n|-damage|p1a: Dondozo|34\/100\n|-status|p1a: Dondozo|par\n|move|p1a: Dondozo|Yawn|p2b: Mamoswine\n|-start|p2b: Mamoswine|move: Yawn|[of] p1a: Dondozo\n|\n|-damage|p2a: Iron Hands|76\/100 brn|[from] brn\n|-sideend|p2: Conchoboar2|Reflect\n|upkeep\n|turn|10\n|inactive|vilniusbelfast has 30 seconds left.\n|\n|t:|1700156174\n|move|p2b: Mamoswine|Ice Shard|p1b: Roaring Moon\n|-supereffective|p1b: Roaring Moon\n|-damage|p1b: Roaring Moon|0 fnt\n|faint|p1b: Roaring Moon\n|-end|p1b: Roaring Moon|Protosynthesis|[silent]\n|move|p2a: Iron Hands|Drain Punch|p1a: Dondozo\n|-damage|p1a: Dondozo|24\/100 par\n|-heal|p2a: Iron Hands|81\/100 brn|[from] drain|[of] p1a: Dondozo\n|cant|p1a: Dondozo|par\n|\n|-damage|p2a: Iron Hands|75\/100 brn|[from] brn\n|-end|p2b: Mamoswine|move: Yawn|[silent]\n|-status|p2b: Mamoswine|slp\n|upkeep\n|turn|11\n|\n|t:|1700156186\n|cant|p2b: Mamoswine|slp\n|move|p2a: Iron Hands|Drain Punch|p1a: Dondozo\n|-damage|p1a: Dondozo|16\/100 par\n|-heal|p2a: Iron Hands|80\/100 brn|[from] drain|[of] p1a: Dondozo\n|move|p1a: Dondozo|Heavy Slam|p2b: Mamoswine\n|-damage|p2b: Mamoswine|71\/100 slp\n|\n|-damage|p2a: Iron Hands|74\/100 brn|[from] brn\n|upkeep\n|turn|12\n|\n|t:|1700156197\n|-curestatus|p2b: Mamoswine|slp|[msg]\n|move|p2b: Mamoswine|High Horsepower|p1a: Dondozo\n|-supereffective|p1a: Dondozo\n|-damage|p1a: Dondozo|0 fnt\n|faint|p1a: Dondozo\n|\n|win|Conchoboar2\n|raw|vilniusbelfast's rating: 1247 &rarr; <strong>1223<\/strong><br \/>(-24 for losing)\n|raw|Conchoboar2's rating: 1255 &rarr; <strong>1279<\/strong><br \/>(+24 for winning)\n|l|\u2606vilniusbelfast\n","uploadtime":1700156237,"views":9,"p1id":"vilniusbelfast","p2id":"conchoboar2","formatid":"gen9vgc2023regulatione","rating":1223,"private":0,"password":""}