{"id":"gen9vgc2023regulatione-1995893176","p1":"An Alt Account lol","p2":"cjl78","format":"[Gen 9] VGC 2023 Regulation E","log":"|j|\u2606An Alt Account lol\n|j|\u2606cjl78\n|n|\u2606An Alt Account lol|analtaccountlol\n|n|\u2606cjl78|cjl78\n|html|View the match progress at <a href=\"\/game-bestof3-gen9vgc2023regulatione-1995891376\">game-bestof3-gen9vgc2023regulatione-1995891376<\/a>\n|t:|1700614417\n|gametype|doubles\n|player|p1|An Alt Account lol|emmet|\n|player|p2|cjl78|170|\n|teamsize|p1|6\n|teamsize|p2|6\n|gen|9\n|tier|[Gen 9] VGC 2023 Regulation E\n|rule|Species Clause: Limit one of each Pok\u00e9mon\n|rule|Item Clause: Limit one of each item\n|clearpoke\n|poke|p1|Indeedee-F, L50, F|\n|poke|p1|Urshifu-*, L50, M|\n|poke|p1|Tornadus, L50, M|\n|poke|p1|Armarouge, L50, M|\n|poke|p1|Ogerpon-Cornerstone, L50, F|\n|poke|p1|Gholdengo, L50|\n|poke|p2|Amoonguss, L50, F|\n|poke|p2|Iron Hands, L50|\n|poke|p2|Arcanine-Hisui, L50, F|\n|poke|p2|Roaring Moon, L50|\n|poke|p2|Urshifu-*, L50, F|\n|poke|p2|Gholdengo, L50|\n|teampreview|4\n|inactive|Battle timer is ON: inactive players will automatically lose when time's up. (requested by An Alt Account lol)\n|inactiveoff|Battle timer is now OFF.\nAn Alt Account lol has agreed to open team sheets.\ncjl78 has agreed to open team sheets.\n|showteam|p1|Indeedee-F||PsychicSeed|PsychicSurge|FollowMe,SkillSwap,HelpingHand,TrickRoom|||F|||50|,,,,,Water]Urshifu-Rapid-Strike||Leftovers|UnseenFist|SurgingStrikes,DrainPunch,SwordsDance,Protect|||M|||50|,,,,,Dragon]Tornadus||SitrusBerry|Prankster|BleakwindStorm,Tailwind,RainDance,Protect|||M|||50|,,,,,Dark]Armarouge||LifeOrb|FlashFire|ExpandingForce,ArmorCannon,WideGuard,TrickRoom|||M|||50|,,,,,Psychic]Ogerpon-Cornerstone||CornerstoneMask|Sturdy|SpikyShield,FollowMe,IvyCudgel,PowerWhip|||F|||50|,,,,,Rock]Gholdengo||ChoiceSpecs|GoodasGold|MakeItRain,ShadowBall,DazzlingGleam,Trick||||||50|,,,,,Steel\n|showteam|p2|Amoonguss||SitrusBerry|Regenerator|Spore,RagePowder,PollenPuff,Protect|||F|||50|,,,,,Water]Iron Hands||AssaultVest|QuarkDrive|FakeOut,WildCharge,DrainPunch,HeavySlam||||||50|,,,,,Water]Arcanine-Hisui||ChoiceBand|Intimidate|FlareBlitz,RockSlide,ExtremeSpeed,TeraBlast|||F|||50|,,,,,Fairy]Roaring Moon||BoosterEnergy|Protosynthesis|Acrobatics,KnockOff,Tailwind,Protect||||||50|,,,,,Flying]Urshifu-Rapid-Strike||MysticWater|UnseenFist|SurgingStrikes,AquaJet,Protect,CloseCombat|||F|||50|,,,,,Water]Gholdengo||Leftovers|GoodasGold|MakeItRain,ShadowBall,NastyPlot,Protect||||||50|,,,,,Dragon\n|\n|t:|1700614449\n|start\n|switch|p1a: \"The Rock\" Rock|Ogerpon-Cornerstone, L50, F|100\/100\n|switch|p1b: Joever|Gholdengo, L50|100\/100\n|switch|p2a: Roaring Moon|Roaring Moon, L50|100\/100\n|switch|p2b: Amoonguss|Amoonguss, L50, F|100\/100\n|-enditem|p2a: Roaring Moon|Booster Energy\n|-activate|p2a: Roaring Moon|ability: Protosynthesis|[fromitem]\n|-start|p2a: Roaring Moon|protosynthesisspe\n|turn|1\n|\n|t:|1700614475\n|move|p1a: \"The Rock\" Rock|Follow Me|p1a: \"The Rock\" Rock\n|-singleturn|p1a: \"The Rock\" Rock|move: Follow Me\n|move|p2a: Roaring Moon|Acrobatics|p1a: \"The Rock\" Rock\n|-damage|p1a: \"The Rock\" Rock|60\/100\n|move|p1b: Joever|Trick|p2b: Amoonguss\n|-activate|p1b: Joever|move: Trick|[of] p2b: Amoonguss\n|-item|p2b: Amoonguss|Choice Specs|[from] move: Trick\n|-item|p1b: Joever|Sitrus Berry|[from] move: Trick\n|move|p2b: Amoonguss|Pollen Puff|p1a: \"The Rock\" Rock\n|-supereffective|p1a: \"The Rock\" Rock\n|-damage|p1a: \"The Rock\" Rock|3\/100\n|\n|upkeep\n|turn|2\n|\n|t:|1700614500\n|switch|p2b: Iron Hands|Iron Hands, L50|100\/100\n|-terastallize|p1b: Joever|Steel\n|move|p2a: Roaring Moon|Knock Off|p1b: Joever\n|-damage|p1b: Joever|47\/100\n|-enditem|p1b: Joever|Sitrus Berry|[from] move: Knock Off|[of] p2a: Roaring Moon\n|move|p1a: \"The Rock\" Rock|Ivy Cudgel|p2a: Roaring Moon|[anim] Ivy Cudgel Rock\n|-damage|p2a: Roaring Moon|33\/100\n|move|p1b: Joever|Make It Rain|p2b: Iron Hands|[spread] p2a,p2b\n|-resisted|p2b: Iron Hands\n|-damage|p2a: Roaring Moon|0 fnt\n|-damage|p2b: Iron Hands|81\/100\n|-unboost|p1b: Joever|spa|1\n|faint|p2a: Roaring Moon\n|-end|p2a: Roaring Moon|Protosynthesis|[silent]\n|\n|upkeep\n|\n|t:|1700614509\n|switch|p2a: Gholdengo|Gholdengo, L50|100\/100\n|turn|3\n|\n|t:|1700614519\n|switch|p1a: Mega Man|Armarouge, L50, M, shiny|100\/100\n|switch|p1b: Cute Girl|Indeedee-F, L50, F|100\/100\n|-fieldstart|move: Psychic Terrain|[from] ability: Psychic Surge|[of] p1b: Cute Girl\n|-enditem|p1b: Cute Girl|Psychic Seed\n|-boost|p1b: Cute Girl|spd|1|[from] item: Psychic Seed\n|move|p2a: Gholdengo|Nasty Plot|p2a: Gholdengo\n|-boost|p2a: Gholdengo|spa|2\n|move|p2b: Iron Hands|Drain Punch|p1b: Cute Girl\n|-damage|p1b: Cute Girl|46\/100\n|-heal|p2b: Iron Hands|100\/100|[from] drain|[of] p1b: Cute Girl\n|\n|upkeep\n|turn|4\n|\n|t:|1700614540\n|-terastallize|p2b: Iron Hands|Water\n|move|p1b: Cute Girl|Helping Hand|p1a: Mega Man\n|-singleturn|p1a: Mega Man|Helping Hand|[of] p1b: Cute Girl\n|move|p2a: Gholdengo|Make It Rain|p1a: Mega Man|[spread] p1a,p1b\n|-resisted|p1a: Mega Man\n|-damage|p1a: Mega Man|48\/100\n|-damage|p1b: Cute Girl|0 fnt\n|-unboost|p2a: Gholdengo|spa|1\n|faint|p1b: Cute Girl\n|move|p1a: Mega Man|Expanding Force|p2a: Gholdengo|[spread] p2a,p2b\n|-resisted|p2a: Gholdengo\n|-crit|p2b: Iron Hands\n|-damage|p2a: Gholdengo|46\/100\n|-damage|p2b: Iron Hands|1\/100\n|-damage|p1a: Mega Man|38\/100|[from] item: Life Orb\n|move|p2b: Iron Hands|Wild Charge|p1a: Mega Man\n|-damage|p1a: Mega Man|0 fnt\n|faint|p1a: Mega Man\n|-damage|p2b: Iron Hands|0 fnt|[from] Recoil\n|faint|p2b: Iron Hands\n|-end|p2b: Iron Hands|Quark Drive|[silent]\n|\n|-heal|p2a: Gholdengo|53\/100|[from] item: Leftovers\n|upkeep\n|\n|t:|1700614554\n|switch|p1a: \"The Rock\" Rock|Ogerpon-Cornerstone, L50, F|3\/100\n|switch|p1b: Joever|Gholdengo, L50, tera:Steel|47\/100\n|switch|p2b: Amoonguss|Amoonguss, L50, F|100\/100\n|turn|5\n|\n|t:|1700614583\n|move|p2b: Amoonguss|Rage Powder|p2b: Amoonguss\n|-singleturn|p2b: Amoonguss|move: Rage Powder\n|move|p1a: \"The Rock\" Rock|Ivy Cudgel|p2b: Amoonguss|[anim] Ivy Cudgel Rock\n|-damage|p2b: Amoonguss|56\/100\n|move|p2a: Gholdengo|Make It Rain|p1a: \"The Rock\" Rock|[spread] p1a,p1b\n|-supereffective|p1a: \"The Rock\" Rock\n|-resisted|p1b: Joever\n|-crit|p1b: Joever\n|-damage|p1a: \"The Rock\" Rock|0 fnt\n|-damage|p1b: Joever|0 fnt\n|-unboost|p2a: Gholdengo|spa|1\n|faint|p1a: \"The Rock\" Rock\n|faint|p1b: Joever\n|\n|win|cjl78\n|c|\u2606An Alt Account lol|GG\n|c|\u2606cjl78|gg\n|l|\u2606An Alt Account lol\n|j| Bauerdad\n|j| Funnyman Krebs\n|j|\u2606An Alt Account lol\n|player|p1|An Alt Account lol|emmet\n","uploadtime":1700614674,"views":8,"p1id":"analtaccountlol","p2id":"cjl78","formatid":"gen9vgc2023regulatione","rating":0,"private":0,"password":""}