{"id":"gen9vgc2023regulatione-1998684593","p1":"Gokucito","p2":"HeffNastyy","format":"[Gen 9] VGC 2023 Regulation E","log":"|j|\u2606Gokucito\n|j|\u2606HeffNastyy\n|t:|1700972212\n|gametype|doubles\n|player|p1|Gokucito|morty|1450\n|player|p2|HeffNastyy|lance|1471\n|teamsize|p1|6\n|teamsize|p2|6\n|gen|9\n|tier|[Gen 9] VGC 2023 Regulation E\n|rated|\n|rule|Species Clause: Limit one of each Pok\u00e9mon\n|rule|Item Clause: Limit one of each item\n|clearpoke\n|poke|p1|Braviary, L50, M|\n|poke|p1|Shiftry, L50, M|\n|poke|p1|Great Tusk, L50|\n|poke|p1|Torkoal, L50, M|\n|poke|p1|Jumpluff, L50, M|\n|poke|p1|Flutter Mane, L50|\n|poke|p2|Mimikyu, L50, F|\n|poke|p2|Ursaluna-Bloodmoon, L50, M|\n|poke|p2|Ogerpon-Wellspring, L50, F|\n|poke|p2|Chi-Yu, L50|\n|poke|p2|Iron Hands, L50|\n|poke|p2|Landorus-Therian, L50, M|\n|teampreview|4\n|inactive|Battle timer is ON: inactive players will automatically lose when time's up. (requested by Gokucito)\nHeffNastyy has agreed to open team sheets.\n|inactive|HeffNastyy has 60 seconds left.\n|inactive|HeffNastyy has 30 seconds left.\n|\n|t:|1700972300\n|start\n|switch|p1a: Braviary|Braviary, L50, M, shiny|100\/100\n|switch|p1b: Shiftry|Shiftry, L50, M, shiny|100\/100\n|switch|p2a: Riley|Iron Hands, L50, shiny|100\/100\n|switch|p2b: Landorus|Landorus-Therian, L50, M|100\/100\n|-ability|p2b: Landorus|Intimidate|boost\n|-unboost|p1a: Braviary|atk|1\n|-ability|p1a: Braviary|Defiant|boost\n|-boost|p1a: Braviary|atk|2\n|-enditem|p1a: Braviary|Adrenaline Orb\n|-boost|p1a: Braviary|spe|1|[from] item: Adrenaline Orb\n|-unboost|p1b: Shiftry|atk|1\n|turn|1\n|inactive|HeffNastyy has 30 seconds left.\n|\n|t:|1700972328\n|-terastallize|p1a: Braviary|Ghost\n|-terastallize|p2b: Landorus|Flying\n|move|p1b: Shiftry|Fake Out|p2b: Landorus\n|-damage|p2b: Landorus|92\/100\n|move|p2a: Riley|Fake Out|p1a: Braviary\n|-immune|p1a: Braviary\n|move|p1a: Braviary|Tailwind|p1a: Braviary\n|-sidestart|p1: Gokucito|move: Tailwind\n|-ability|p1b: Shiftry|Wind Rider|boost\n|-boost|p1b: Shiftry|atk|1\n|cant|p2b: Landorus|flinch\n|\n|upkeep\n|turn|2\n|\n|t:|1700972352\n|move|p1b: Shiftry|Sucker Punch|p2b: Landorus\n|-damage|p2b: Landorus|57\/100\n|move|p1a: Braviary|Acrobatics|p2b: Landorus\n|-damage|p2b: Landorus|0 fnt\n|faint|p2b: Landorus\n|move|p2a: Riley|Drain Punch|p1b: Shiftry\n|-supereffective|p1b: Shiftry\n|-enditem|p1b: Shiftry|Focus Sash\n|-damage|p1b: Shiftry|1\/100\n|\n|upkeep\n|\n|t:|1700972365\n|switch|p2b: Ogerpon|Ogerpon-Wellspring, L50, F|100\/100\n|turn|3\n|\n|t:|1700972374\n|move|p2b: Ogerpon|Spiky Shield|p2b: Ogerpon\n|-singleturn|p2b: Ogerpon|move: Protect\n|move|p1a: Braviary|Acrobatics|p2a: Riley\n|-damage|p2a: Riley|54\/100\n|move|p1b: Shiftry|Leaf Blade|p2a: Riley\n|-damage|p2a: Riley|25\/100\n|move|p2a: Riley|Wild Charge|p1a: Braviary\n|-damage|p1a: Braviary|42\/100\n|-damage|p2a: Riley|15\/100|[from] Recoil\n|\n|upkeep\n|turn|4\n|\n|t:|1700972398\n|move|p2b: Ogerpon|Follow Me|p2b: Ogerpon\n|-singleturn|p2b: Ogerpon|move: Follow Me\n|move|p1a: Braviary|Acrobatics|p2b: Ogerpon\n|-supereffective|p2b: Ogerpon\n|-damage|p2b: Ogerpon|0 fnt\n|faint|p2b: Ogerpon\n|move|p1b: Shiftry|Leaf Blade|p2a: Riley\n|-damage|p2a: Riley|0 fnt\n|faint|p2a: Riley\n|-end|p2a: Riley|Quark Drive|[silent]\n|\n|-sideend|p1: Gokucito|move: Tailwind\n|upkeep\n|\n|t:|1700972409\n|switch|p2b: Ursaluna|Ursaluna-Bloodmoon, L50, M|100\/100\n|turn|5\n|\n|t:|1700972414\n|move|p1a: Braviary|Close Combat|p2b: Ursaluna\n|-supereffective|p2b: Ursaluna\n|-damage|p2b: Ursaluna|32\/100\n|-unboost|p1a: Braviary|def|1\n|-unboost|p1a: Braviary|spd|1\n|move|p1b: Shiftry|Leaf Blade|p2b: Ursaluna\n|-supereffective|p2b: Ursaluna\n|-damage|p2b: Ursaluna|0 fnt\n|faint|p2b: Ursaluna\n|\n|win|Gokucito\n|raw|Gokucito's rating: 1450 &rarr; <strong>1471<\/strong><br \/>(+21 for winning)\n|raw|HeffNastyy's rating: 1471 &rarr; <strong>1450<\/strong><br \/>(-21 for losing)\n","uploadtime":1700972424,"views":3,"p1id":"gokucito","p2id":"heffnastyy","formatid":"gen9vgc2023regulatione","rating":1450,"private":0,"password":""}