{"id":"gen9vgc2023regulatione-1989433806","p1":"Fleechi","p2":"doeg3","format":"[Gen 9] VGC 2023 Regulation E","log":"|j|\u2606Fleechi\n|j|\u2606doeg3\n|t:|1699849835\n|gametype|doubles\n|player|p1|Fleechi|265|\n|player|p2|doeg3|102|\n|teamsize|p1|6\n|teamsize|p2|6\n|gen|9\n|tier|[Gen 9] VGC 2023 Regulation E\n|rule|Species Clause: Limit one of each Pok\u00e9mon\n|rule|Item Clause: Limit one of each item\n|clearpoke\n|poke|p1|Great Tusk, L50|\n|poke|p1|Dragonite, L50, M|\n|poke|p1|Ogerpon, L50, F|\n|poke|p1|Slither Wing, L50|\n|poke|p1|Klefki, L50, M|\n|poke|p1|Gholdengo, L50|\n|poke|p2|Amoonguss, L50, M|\n|poke|p2|Flutter Mane, L50|\n|poke|p2|Ninetales, L50, M|\n|poke|p2|Scizor, L50, F|\n|poke|p2|Dondozo, L50, M|\n|poke|p2|Tatsugiri, L50, F|\n|teampreview|4\n|\n|t:|1699849895\n|start\n|switch|p1a: Klefki|Klefki, L50, M|100\/100\n|switch|p1b: Great Tusk|Great Tusk, L50|100\/100\n|switch|p2a: Tatsugiri|Tatsugiri, L50, F|100\/100\n|switch|p2b: Amoonguss|Amoonguss, L50, M|100\/100\n|turn|1\n|j| fayetssf\n|j| vivyan_owo\n|j| Burnerv2\n|l| vivyan_owo\n|\n|t:|1699850016\n|switch|p2a: Scizor|Scizor, L50, F|100\/100\n|-terastallize|p1b: Great Tusk|Grass\n|move|p1a: Klefki|Sunny Day|p1a: Klefki\n|-weather|SunnyDay\n|-activate|p1b: Great Tusk|ability: Protosynthesis\n|-start|p1b: Great Tusk|protosynthesisatk\n|move|p1b: Great Tusk|Ice Spinner|p2b: Amoonguss\n|-supereffective|p2b: Amoonguss\n|-damage|p2b: Amoonguss|0 fnt\n|faint|p2b: Amoonguss\n|\n|-weather|SunnyDay|[upkeep]\n|upkeep\n|\n|t:|1699850032\n|switch|p2b: Tatsugiri|Tatsugiri, L50, F|100\/100\n|turn|2\n|j| vivyan_owo\n|l| vivyan_owo\n|\n|t:|1699850100\n|switch|p2a: Dondozo|Dondozo, L50, M|100\/100\n|-activate|p2b: Tatsugiri|ability: Commander|[of] p2a: Dondozo\n|-boost|p2a: Dondozo|atk|2\n|-boost|p2a: Dondozo|spa|2\n|-boost|p2a: Dondozo|spe|2\n|-boost|p2a: Dondozo|def|2\n|-boost|p2a: Dondozo|spd|2\n|move|p1a: Klefki|Reflect|p1a: Klefki\n|-sidestart|p1: Fleechi|Reflect\n|move|p1b: Great Tusk|Close Combat|p2a: Dondozo\n|-damage|p2a: Dondozo|79\/100\n|-unboost|p1b: Great Tusk|def|1\n|-unboost|p1b: Great Tusk|spd|1\n|\n|-weather|SunnyDay|[upkeep]\n|-heal|p2a: Dondozo|85\/100|[from] item: Leftovers\n|upkeep\n|turn|3\n|j| Everybo-D\n|\n|t:|1699850202\n|switch|p1a: Slither Wing|Slither Wing, L50|100\/100\n|-activate|p1a: Slither Wing|ability: Protosynthesis\n|-start|p1a: Slither Wing|protosynthesisatk\n|move|p1b: Great Tusk|Close Combat|p2a: Dondozo\n|-damage|p2a: Dondozo|63\/100\n|-unboost|p1b: Great Tusk|def|1\n|-unboost|p1b: Great Tusk|spd|1\n|move|p2a: Dondozo|Substitute|p2a: Dondozo\n|-start|p2a: Dondozo|Substitute\n|-damage|p2a: Dondozo|38\/100\n|\n|-weather|SunnyDay|[upkeep]\n|-heal|p2a: Dondozo|44\/100|[from] item: Leftovers\n|upkeep\n|turn|4\n|\n|t:|1699850221\n|move|p2a: Dondozo|Protect|p2a: Dondozo\n|-singleturn|p2a: Dondozo|Protect\n|move|p1a: Slither Wing|Trailblaze|p2a: Dondozo\n|-activate|p2a: Dondozo|move: Protect\n|move|p1b: Great Tusk|Close Combat|p2a: Dondozo\n|-activate|p2a: Dondozo|move: Protect\n|\n|-weather|SunnyDay|[upkeep]\n|-heal|p2a: Dondozo|50\/100|[from] item: Leftovers\n|upkeep\n|turn|5\n|\n|t:|1699850253\n|move|p1a: Slither Wing|Trailblaze|p2a: Dondozo\n|-supereffective|p2a: Dondozo\n|-activate|p2a: Dondozo|move: Substitute|[damage]\n|-boost|p1a: Slither Wing|spe|1\n|-damage|p1a: Slither Wing|90\/100|[from] item: Life Orb\n|move|p1b: Great Tusk|Close Combat|p2a: Dondozo\n|-end|p2a: Dondozo|Substitute\n|-unboost|p1b: Great Tusk|def|1\n|-unboost|p1b: Great Tusk|spd|1\n|move|p2a: Dondozo|Wave Crash|p1a: Slither Wing\n|-damage|p1a: Slither Wing|54\/100\n|-damage|p2a: Dondozo|43\/100|[from] Recoil\n|\n|-weather|none\n|-end|p1a: Slither Wing|Protosynthesis\n|-end|p1b: Great Tusk|Protosynthesis\n|-heal|p2a: Dondozo|49\/100|[from] item: Leftovers\n|upkeep\n|turn|6\n|\n|t:|1699850277\n|-end|p1b: Great Tusk|Protosynthesis|[silent]\n|switch|p1b: Dragonite|Dragonite, L50, M|100\/100\n|move|p2a: Dondozo|Protect|p2a: Dondozo\n|-singleturn|p2a: Dondozo|Protect\n|move|p1a: Slither Wing|Earthquake|p2b: Tatsugiri|[spread] \n|-miss|p1a: Slither Wing|p2b: Tatsugiri\n|-activate|p2a: Dondozo|move: Protect\n|-immune|p1b: Dragonite\n|\n|-heal|p2a: Dondozo|55\/100|[from] item: Leftovers\n|upkeep\n|turn|7\n|\n|t:|1699850318\n|move|p1a: Slither Wing|Earthquake|p2a: Dondozo|[spread] p2a\n|-miss|p1a: Slither Wing|p2b: Tatsugiri\n|-immune|p1b: Dragonite\n|-damage|p2a: Dondozo|47\/100\n|-damage|p1a: Slither Wing|44\/100|[from] item: Life Orb\n|move|p1b: Dragonite|Rock Slide|p2b: Tatsugiri|[spread] p2a\n|-miss|p1b: Dragonite|p2b: Tatsugiri\n|-damage|p2a: Dondozo|40\/100\n|cant|p2a: Dondozo|flinch\n|\n|-heal|p2a: Dondozo|46\/100|[from] item: Leftovers\n|upkeep\n|turn|8\n|\n|t:|1699850340\n|-end|p1a: Slither Wing|Protosynthesis|[silent]\n|switch|p1a: Klefki|Klefki, L50, M|100\/100\n|move|p2a: Dondozo|Protect|p2a: Dondozo\n|-singleturn|p2a: Dondozo|Protect\n|move|p1b: Dragonite|Rock Slide|p2a: Dondozo|[spread] \n|-miss|p1b: Dragonite|p2b: Tatsugiri\n|-activate|p2a: Dondozo|move: Protect\n|\n|-heal|p2a: Dondozo|52\/100|[from] item: Leftovers\n|upkeep\n|turn|9\n|\n|t:|1699850358\n|switch|p1b: Slither Wing|Slither Wing, L50|44\/100\n|move|p1a: Klefki|Sunny Day|p1a: Klefki\n|-weather|SunnyDay\n|-activate|p1b: Slither Wing|ability: Protosynthesis\n|-start|p1b: Slither Wing|protosynthesisatk\n|move|p2a: Dondozo|Order Up|p1b: Slither Wing\n|-damage|p1b: Slither Wing|12\/100\n|-boost|p2a: Dondozo|atk|1\n|\n|-weather|SunnyDay|[upkeep]\n|-heal|p2a: Dondozo|58\/100|[from] item: Leftovers\n|-sideend|p1: Fleechi|Reflect\n|upkeep\n|turn|10\n|\n|t:|1699850376\n|move|p1b: Slither Wing|First Impression|p2a: Dondozo\n|-damage|p2a: Dondozo|37\/100\n|-damage|p1b: Slither Wing|2\/100|[from] item: Life Orb\n|move|p1a: Klefki|Reflect|p1a: Klefki\n|-sidestart|p1: Fleechi|Reflect\n|move|p2a: Dondozo|Order Up|p1b: Slither Wing\n|-damage|p1b: Slither Wing|0 fnt\n|faint|p1b: Slither Wing\n|-end|p1b: Slither Wing|Protosynthesis|[silent]\n|-boost|p2a: Dondozo|atk|1\n|\n|-weather|SunnyDay|[upkeep]\n|-heal|p2a: Dondozo|43\/100|[from] item: Leftovers\n|upkeep\n|\n|t:|1699850393\n|switch|p1b: Dragonite|Dragonite, L50, M|100\/100\n|turn|11\n|\n|t:|1699850399\n|switch|p1a: Great Tusk|Great Tusk, L50, tera:Grass|100\/100\n|-activate|p1a: Great Tusk|ability: Protosynthesis\n|-start|p1a: Great Tusk|protosynthesisatk\n|move|p1b: Dragonite|Fire Punch|p2a: Dondozo\n|-resisted|p2a: Dondozo\n|-damage|p2a: Dondozo|36\/100\n|move|p2a: Dondozo|Order Up|p1b: Dragonite\n|-supereffective|p1b: Dragonite\n|-damage|p1b: Dragonite|61\/100\n|-boost|p2a: Dondozo|atk|1\n|\n|-weather|SunnyDay|[upkeep]\n|-heal|p2a: Dondozo|42\/100|[from] item: Leftovers\n|upkeep\n|turn|12\n|\n|t:|1699850427\n|move|p2a: Dondozo|Protect|p2a: Dondozo\n|-singleturn|p2a: Dondozo|Protect\n|move|p1b: Dragonite|Fire Punch|p2a: Dondozo\n|-activate|p2a: Dondozo|move: Protect\n|move|p1a: Great Tusk|Close Combat|p2a: Dondozo\n|-activate|p2a: Dondozo|move: Protect\n|\n|-weather|SunnyDay|[upkeep]\n|-heal|p2a: Dondozo|48\/100|[from] item: Leftovers\n|upkeep\n|turn|13\n|j| Toxic Chain\n|\n|t:|1699850452\n|move|p1b: Dragonite|Fire Punch|p2a: Dondozo\n|-resisted|p2a: Dondozo\n|-damage|p2a: Dondozo|41\/100\n|move|p1a: Great Tusk|Close Combat|p2a: Dondozo\n|-damage|p2a: Dondozo|22\/100\n|-unboost|p1a: Great Tusk|def|1\n|-unboost|p1a: Great Tusk|spd|1\n|move|p2a: Dondozo|Substitute|p2a: Dondozo\n|-fail|p2a: Dondozo|move: Substitute|[weak]\n|\n|-weather|none\n|-end|p1a: Great Tusk|Protosynthesis\n|-heal|p2a: Dondozo|28\/100|[from] item: Leftovers\n|upkeep\n|turn|14\n|\n|t:|1699850469\n|move|p2a: Dondozo|Protect|p2a: Dondozo\n|-singleturn|p2a: Dondozo|Protect\n|move|p1b: Dragonite|Fire Punch|p2a: Dondozo\n|-activate|p2a: Dondozo|move: Protect\n|move|p1a: Great Tusk|Close Combat|p2a: Dondozo\n|-activate|p2a: Dondozo|move: Protect\n|\n|-heal|p2a: Dondozo|34\/100|[from] item: Leftovers\n|upkeep\n|turn|15\n|\n|t:|1699850492\n|switch|p1b: Klefki|Klefki, L50, M|100\/100\n|move|p1a: Great Tusk|Close Combat|p2a: Dondozo\n|-damage|p2a: Dondozo|17\/100\n|-unboost|p1a: Great Tusk|def|1\n|-unboost|p1a: Great Tusk|spd|1\n|move|p2a: Dondozo|Order Up|p1b: Klefki\n|-immune|p1b: Klefki\n|\n|-heal|p2a: Dondozo|23\/100|[from] item: Leftovers\n|upkeep\n|turn|16\n|\n|t:|1699850517\n|-end|p1a: Great Tusk|Protosynthesis|[silent]\n|switch|p1a: Dragonite|Dragonite, L50, M|61\/100\n|move|p2a: Dondozo|Protect|p2a: Dondozo\n|-singleturn|p2a: Dondozo|Protect\n|move|p1b: Klefki|Sunny Day|p1b: Klefki\n|-weather|SunnyDay\n|\n|-weather|SunnyDay|[upkeep]\n|-heal|p2a: Dondozo|29\/100|[from] item: Leftovers\n|upkeep\n|turn|17\n|\n|t:|1699850534\n|move|p1a: Dragonite|Dragon Claw|p2a: Dondozo\n|-damage|p2a: Dondozo|14\/100\n|move|p2a: Dondozo|Order Up|p1a: Dragonite\n|-supereffective|p1a: Dragonite\n|-damage|p1a: Dragonite|0 fnt\n|faint|p1a: Dragonite\n|-boost|p2a: Dondozo|atk|1\n|move|p1b: Klefki|Flash Cannon|p2a: Dondozo\n|-resisted|p2a: Dondozo\n|-damage|p2a: Dondozo|8\/100\n|\n|-weather|SunnyDay|[upkeep]\n|-heal|p2a: Dondozo|15\/100|[from] item: Leftovers\n|-sideend|p1: Fleechi|Reflect\n|upkeep\n|\n|t:|1699850546\n|switch|p1a: Great Tusk|Great Tusk, L50, tera:Grass|100\/100\n|-activate|p1a: Great Tusk|ability: Protosynthesis\n|-start|p1a: Great Tusk|protosynthesisatk\n|turn|18\n|\n|t:|1699850558\n|move|p2a: Dondozo|Protect|p2a: Dondozo\n|-singleturn|p2a: Dondozo|Protect\n|move|p1a: Great Tusk|Ice Spinner|p2a: Dondozo\n|-activate|p2a: Dondozo|move: Protect\n|move|p1b: Klefki|Flash Cannon|p2a: Dondozo\n|-activate|p2a: Dondozo|move: Protect\n|\n|-weather|SunnyDay|[upkeep]\n|-heal|p2a: Dondozo|21\/100|[from] item: Leftovers\n|upkeep\n|turn|19\n|\n|t:|1699850568\n|move|p2a: Dondozo|Protect|p2a: Dondozo\n|-singleturn|p2a: Dondozo|Protect\n|move|p1a: Great Tusk|Ice Spinner|p2a: Dondozo\n|-activate|p2a: Dondozo|move: Protect\n|move|p1b: Klefki|Flash Cannon|p2a: Dondozo\n|-activate|p2a: Dondozo|move: Protect\n|\n|-weather|SunnyDay|[upkeep]\n|-heal|p2a: Dondozo|27\/100|[from] item: Leftovers\n|upkeep\n|turn|20\n|j| ori11\n|\n|t:|1699850614\n|move|p1a: Great Tusk|Ice Spinner|p2a: Dondozo\n|-resisted|p2a: Dondozo\n|-crit|p2a: Dondozo\n|-damage|p2a: Dondozo|12\/100\n|move|p2a: Dondozo|Order Up|p1a: Great Tusk\n|-damage|p1a: Great Tusk|45\/100\n|-boost|p2a: Dondozo|atk|0\n|move|p1b: Klefki|Flash Cannon|p2a: Dondozo\n|-resisted|p2a: Dondozo\n|-damage|p2a: Dondozo|7\/100\n|\n|-weather|none\n|-end|p1a: Great Tusk|Protosynthesis\n|-heal|p2a: Dondozo|13\/100|[from] item: Leftovers\n|upkeep\n|turn|21\n|\n|t:|1699850630\n|move|p2a: Dondozo|Protect|p2a: Dondozo\n|-singleturn|p2a: Dondozo|Protect\n|move|p1b: Klefki|Reflect|p1b: Klefki\n|-sidestart|p1: Fleechi|Reflect\n|move|p1a: Great Tusk|Ice Spinner|p2a: Dondozo\n|-activate|p2a: Dondozo|move: Protect\n|\n|-heal|p2a: Dondozo|19\/100|[from] item: Leftovers\n|upkeep\n|turn|22\n|l| Everybo-D\n|\n|t:|1699850644\n|move|p1a: Great Tusk|Ice Spinner|p2a: Dondozo\n|-resisted|p2a: Dondozo\n|-damage|p2a: Dondozo|15\/100\n|move|p2a: Dondozo|Order Up|p1a: Great Tusk\n|-damage|p1a: Great Tusk|13\/100\n|-boost|p2a: Dondozo|atk|0\n|move|p1b: Klefki|Flash Cannon|p2a: Dondozo\n|-resisted|p2a: Dondozo\n|-damage|p2a: Dondozo|9\/100\n|\n|-heal|p2a: Dondozo|16\/100|[from] item: Leftovers\n|upkeep\n|turn|23\n|\n|t:|1699850658\n|move|p2a: Dondozo|Protect|p2a: Dondozo\n|-singleturn|p2a: Dondozo|Protect\n|move|p1b: Klefki|Sunny Day|p1b: Klefki\n|-weather|SunnyDay\n|-activate|p1a: Great Tusk|ability: Protosynthesis\n|-start|p1a: Great Tusk|protosynthesisatk\n|move|p1a: Great Tusk|Ice Spinner|p2a: Dondozo\n|-activate|p2a: Dondozo|move: Protect\n|\n|-weather|SunnyDay|[upkeep]\n|-heal|p2a: Dondozo|22\/100|[from] item: Leftovers\n|upkeep\n|turn|24\n|\n|t:|1699850669\n|move|p1a: Great Tusk|Ice Spinner|p2a: Dondozo\n|-resisted|p2a: Dondozo\n|-damage|p2a: Dondozo|17\/100\n|move|p2a: Dondozo|Order Up|p1a: Great Tusk\n|-damage|p1a: Great Tusk|0 fnt\n|faint|p1a: Great Tusk\n|-end|p1a: Great Tusk|Protosynthesis|[silent]\n|-boost|p2a: Dondozo|atk|0\n|move|p1b: Klefki|Flash Cannon|p2a: Dondozo\n|-resisted|p2a: Dondozo\n|-damage|p2a: Dondozo|11\/100\n|\n|-weather|SunnyDay|[upkeep]\n|-heal|p2a: Dondozo|18\/100|[from] item: Leftovers\n|upkeep\n|turn|25\n|-message|Fleechi forfeited.\n|\n|win|doeg3\n|l|\u2606Fleechi\n|l| fayetssf\n|l| Burnerv2\n|l| Toxic Chain\n|j| fayetssf\n","uploadtime":1699850751,"views":23,"p1id":"fleechi","p2id":"doeg3","formatid":"gen9vgc2023regulatione","rating":0,"private":0,"password":""}