{"id":"gen9vgc2023regulatione-1992341556","p1":"BrodaxVGC","p2":"Vengeful potato","format":"[Gen 9] VGC 2023 Regulation E","log":"|j|\u2606BrodaxVGC\n|j|\u2606Vengeful potato\n|t:|1700176566\n|gametype|doubles\n|player|p1|BrodaxVGC|265|1564\n|player|p2|Vengeful potato|swimmer|1653\n|teamsize|p1|6\n|teamsize|p2|6\n|gen|9\n|tier|[Gen 9] VGC 2023 Regulation E\n|rated|\n|rule|Species Clause: Limit one of each Pok\u00e9mon\n|rule|Item Clause: Limit one of each item\n|clearpoke\n|poke|p1|Tornadus, L50, M|\n|poke|p1|Chi-Yu, L50|\n|poke|p1|Flutter Mane, L50|\n|poke|p1|Landorus-Therian, L50, M|\n|poke|p1|Ogerpon-Hearthflame, L50, F|\n|poke|p1|Urshifu-*, L50, M|\n|poke|p2|Articuno-Galar, L50|\n|poke|p2|Maushold, L50|\n|poke|p2|Muk-Alola, L50, M|\n|poke|p2|Urshifu-*, L50, F|\n|poke|p2|Gholdengo, L50|\n|poke|p2|Regidrago, L50|\n|teampreview|4\n|inactive|Battle timer is ON: inactive players will automatically lose when time's up. (requested by BrodaxVGC)\n|inactive|Vengeful potato has 60 seconds left.\n|\n|t:|1700176606\n|start\n|switch|p1a: Tornadus|Tornadus, L50, M|100\/100\n|switch|p1b: Chi-Yu|Chi-Yu, L50|100\/100\n|switch|p2a: The Rizzler\ud83d\ude31\ud83d\udcaf\ud83d\udde3\ufe0f|Articuno-Galar, L50, shiny|100\/100\n|switch|p2b: Despereaux|Maushold, L50, shiny|100\/100\n|-ability|p1b: Chi-Yu|Beads of Ruin\n|turn|1\n|\n|t:|1700176629\n|move|p2b: Despereaux|Follow Me|p2b: Despereaux\n|-singleturn|p2b: Despereaux|move: Follow Me\n|move|p1a: Tornadus|Bleakwind Storm|p2b: Despereaux|[spread] p2a,p2b\n|-damage|p2a: The Rizzler\ud83d\ude31\ud83d\udcaf\ud83d\udde3\ufe0f|73\/100\n|-damage|p2b: Despereaux|50\/100\n|move|p1b: Chi-Yu|Heat Wave|p2b: Despereaux|[spread] p2a,p2b\n|-damage|p2a: The Rizzler\ud83d\ude31\ud83d\udcaf\ud83d\udde3\ufe0f|26\/100\n|-damage|p2b: Despereaux|0 fnt\n|faint|p2b: Despereaux\n|-damage|p1b: Chi-Yu|91\/100|[from] item: Life Orb\n|move|p2a: The Rizzler\ud83d\ude31\ud83d\udcaf\ud83d\udde3\ufe0f|Trick Room|p2a: The Rizzler\ud83d\ude31\ud83d\udcaf\ud83d\udde3\ufe0f\n|-fieldstart|move: Trick Room|[of] p2a: The Rizzler\ud83d\ude31\ud83d\udcaf\ud83d\udde3\ufe0f\n|\n|upkeep\n|\n|t:|1700176652\n|switch|p2b: C418 - Wet Hands|Urshifu-Rapid-Strike, L50, F|100\/100\n|turn|2\n|\n|t:|1700176663\n|-terastallize|p1b: Chi-Yu|Grass\n|move|p2b: C418 - Wet Hands|Surging Strikes|p1a: Tornadus\n|-crit|p1a: Tornadus\n|-damage|p1a: Tornadus|64\/100\n|-crit|p1a: Tornadus\n|-damage|p1a: Tornadus|32\/100\n|-crit|p1a: Tornadus\n|-damage|p1a: Tornadus|0 fnt\n|faint|p1a: Tornadus\n|-hitcount|p1: Tornadus|3\n|move|p2a: The Rizzler\ud83d\ude31\ud83d\udcaf\ud83d\udde3\ufe0f|Freezing Glare|p1b: Chi-Yu\n|-damage|p1b: Chi-Yu|47\/100\n|move|p1b: Chi-Yu|Heat Wave|p2b: C418 - Wet Hands|[spread] p2a,p2b\n|-resisted|p2b: C418 - Wet Hands\n|-damage|p2a: The Rizzler\ud83d\ude31\ud83d\udcaf\ud83d\udde3\ufe0f|0 fnt\n|-damage|p2b: C418 - Wet Hands|57\/100\n|faint|p2a: The Rizzler\ud83d\ude31\ud83d\udcaf\ud83d\udde3\ufe0f\n|-damage|p1b: Chi-Yu|37\/100|[from] item: Life Orb\n|\n|upkeep\n|\n|t:|1700176683\n|switch|p2a: Say It Backwards\ud83d\ude08|Muk-Alola, L50, M, shiny|100\/100\n|switch|p1a: Urshifu|Urshifu-Rapid-Strike, L50, M|100\/100\n|turn|3\n|\n|t:|1700176697\n|switch|p1b: Flutter Mane|Flutter Mane, L50|100\/100\n|move|p2a: Say It Backwards\ud83d\ude08|Gunk Shot|p1a: Urshifu\n|-damage|p1a: Urshifu|45\/100\n|-status|p1a: Urshifu|psn\n|move|p2b: C418 - Wet Hands|Surging Strikes|p1b: Flutter Mane\n|-crit|p1b: Flutter Mane\n|-damage|p1b: Flutter Mane|43\/100\n|-crit|p1b: Flutter Mane\n|-damage|p1b: Flutter Mane|0 fnt\n|faint|p1b: Flutter Mane\n|-end|p1b: Flutter Mane|Protosynthesis|[silent]\n|-hitcount|p1: Flutter Mane|2\n|move|p1a: Urshifu|Close Combat|p2b: C418 - Wet Hands\n|-damage|p2b: C418 - Wet Hands|2\/100\n|-unboost|p1a: Urshifu|def|1\n|-unboost|p1a: Urshifu|spd|1\n|\n|-damage|p1a: Urshifu|33\/100 psn|[from] psn\n|upkeep\n|\n|t:|1700176709\n|switch|p1b: Chi-Yu|Chi-Yu, L50, tera:Grass|37\/100\n|-ability|p1b: Chi-Yu|Beads of Ruin\n|turn|4\n|\n|t:|1700176721\n|move|p2b: C418 - Wet Hands|Aqua Jet|p1a: Urshifu\n|-resisted|p1a: Urshifu\n|-damage|p1a: Urshifu|13\/100 psn\n|move|p2a: Say It Backwards\ud83d\ude08|Knock Off|p1b: Chi-Yu\n|-damage|p1b: Chi-Yu|0 fnt\n|-enditem|p1b: Chi-Yu|Life Orb|[from] move: Knock Off|[of] p2a: Say It Backwards\ud83d\ude08\n|faint|p1b: Chi-Yu\n|move|p1a: Urshifu|Close Combat|p2b: C418 - Wet Hands\n|-damage|p2b: C418 - Wet Hands|0 fnt\n|-unboost|p1a: Urshifu|def|1\n|-unboost|p1a: Urshifu|spd|1\n|faint|p2b: C418 - Wet Hands\n|\n|-damage|p1a: Urshifu|1\/100 psn|[from] psn\n|upkeep\n|turn|5\n|j| Brainiac 5.0\n|\n|t:|1700176733\n|move|p2a: Say It Backwards\ud83d\ude08|Knock Off|p1a: Urshifu\n|-resisted|p1a: Urshifu\n|-damage|p1a: Urshifu|0 fnt\n|-enditem|p1a: Urshifu|Choice Scarf|[from] move: Knock Off|[of] p2a: Say It Backwards\ud83d\ude08\n|faint|p1a: Urshifu\n|\n|win|Vengeful potato\n|raw|BrodaxVGC's rating: 1564 &rarr; <strong>1549<\/strong><br \/>(-15 for losing)\n|raw|Vengeful potato's rating: 1653 &rarr; <strong>1668<\/strong><br \/>(+15 for winning)\n|c|\u2606Vengeful potato|Gg\n","uploadtime":1700176739,"views":12,"p1id":"brodaxvgc","p2id":"vengefulpotato","formatid":"gen9vgc2023regulatione","rating":1549,"private":0,"password":""}