{"id":"gen9vgc2023regulatione-1990204928","p1":"Krath5","p2":"Masonia","format":"[Gen 9] VGC 2023 Regulation E","log":"|j|\u2606Krath5\n|j|\u2606Masonia\n|t:|1699937074\n|gametype|doubles\n|player|p1|Krath5|maylene|1323\n|player|p2|Masonia|266|1227\n|teamsize|p1|6\n|teamsize|p2|6\n|gen|9\n|tier|[Gen 9] VGC 2023 Regulation E\n|rated|\n|rule|Species Clause: Limit one of each Pok\u00e9mon\n|rule|Item Clause: Limit one of each item\n|clearpoke\n|poke|p1|Ogerpon, L50, F|\n|poke|p1|Lycanroc-Dusk, L50, M|\n|poke|p1|Sinistcha-Masterpiece, L50|\n|poke|p1|Tauros-Paldea-Blaze, L50, M|\n|poke|p1|Okidogi, L50, M|\n|poke|p1|Gallade, L50, M|\n|poke|p2|Dragapult, L50, F|\n|poke|p2|Sinistcha-Masterpiece, L50|\n|poke|p2|Iron Hands, L50|\n|poke|p2|Grimmsnarl, L50, M|\n|poke|p2|Ceruledge, L50, F|\n|poke|p2|Clefairy, L50, M|\n|teampreview|4\n|\n|t:|1699937120\n|start\n|switch|p1a: Ogerpon|Ogerpon, L50, F|100\/100\n|switch|p1b: Tauros|Tauros-Paldea-Blaze, L50, M|100\/100\n|switch|p2a: Dragapult|Dragapult, L50, F|100\/100\n|switch|p2b: Grimmsnarl|Grimmsnarl, L50, M|100\/100\n|-ability|p1b: Tauros|Intimidate|boost\n|-fail|p2a: Dragapult|unboost|[from] ability: Clear Body|[of] p2a: Dragapult\n|-unboost|p2b: Grimmsnarl|atk|1\n|turn|1\n|\n|t:|1699937141\n|move|p2b: Grimmsnarl|Fake Out|p1a: Ogerpon\n|-damage|p1a: Ogerpon|91\/100\n|move|p2a: Dragapult|Dragon Dance|p2a: Dragapult\n|-boost|p2a: Dragapult|atk|1\n|-boost|p2a: Dragapult|spe|1\n|cant|p1a: Ogerpon|flinch\n|move|p1b: Tauros|Will-O-Wisp|p2a: Dragapult\n|-status|p2a: Dragapult|brn\n|\n|-damage|p2a: Dragapult|94\/100 brn|[from] brn\n|upkeep\n|turn|2\n|\n|t:|1699937173\n|move|p2b: Grimmsnarl|Thunder Wave|p1b: Tauros\n|-status|p1b: Tauros|par\n|move|p2a: Dragapult|Dragon Darts|p1b: Tauros\n|-damage|p1b: Tauros|72\/100 par\n|-anim|p2a: Dragapult|Dragon Darts|p1a: Ogerpon\n|-crit|p1a: Ogerpon\n|-damage|p1a: Ogerpon|39\/100\n|-damage|p2a: Dragapult|85\/100 brn|[from] item: Life Orb\n|move|p1a: Ogerpon|Taunt|p2b: Grimmsnarl\n|-start|p2b: Grimmsnarl|move: Taunt\n|move|p1b: Tauros|Stomping Tantrum|p2a: Dragapult\n|-damage|p2a: Dragapult|50\/100 brn\n|\n|-damage|p2a: Dragapult|43\/100 brn|[from] brn\n|upkeep\n|turn|3\n|\n|t:|1699937195\n|switch|p1a: Sinistcha|Sinistcha-Masterpiece, L50|100\/100\n|-heal|p1b: Tauros|96\/100 par|[from] ability: Hospitality|[of] p1a: Sinistcha\n|switch|p2b: Ceruledge|Ceruledge, L50, F|100\/100\n|move|p2a: Dragapult|Dragon Darts|p1b: Tauros\n|-damage|p1b: Tauros|67\/100 par\n|-anim|p2a: Dragapult|Dragon Darts|p1a: Sinistcha\n|-damage|p1a: Sinistcha|83\/100\n|-damage|p2a: Dragapult|34\/100 brn|[from] item: Life Orb\n|move|p1b: Tauros|Stomping Tantrum|p2a: Dragapult\n|-damage|p2a: Dragapult|1\/100 brn\n|\n|-damage|p2a: Dragapult|0 fnt|[from] brn\n|faint|p2a: Dragapult\n|upkeep\n|\n|t:|1699937215\n|switch|p2a: Grimmsnarl|Grimmsnarl, L50, M|100\/100\n|turn|4\n|inactive|Battle timer is ON: inactive players will automatically lose when time's up. (requested by Masonia)\n|\n|t:|1699937240\n|switch|p1b: Ogerpon|Ogerpon, L50, F|39\/100\n|-terastallize|p2b: Ceruledge|Fire\n|-terastallize|p1a: Sinistcha|Fire\n|move|p2a: Grimmsnarl|Fake Out|p1b: Ogerpon\n|-damage|p1b: Ogerpon|24\/100\n|move|p2b: Ceruledge|Swords Dance|p2b: Ceruledge\n|-boost|p2b: Ceruledge|atk|2\n|move|p1a: Sinistcha|Shadow Ball|p2b: Ceruledge\n|-crit|p2b: Ceruledge\n|-damage|p2b: Ceruledge|39\/100\n|\n|upkeep\n|turn|5\n|inactive|Masonia has 30 seconds left.\n|inactive|Krath5 has 30 seconds left.\n|\n|t:|1699937274\n|move|p2b: Ceruledge|Protect|p2b: Ceruledge\n|-singleturn|p2b: Ceruledge|Protect\n|move|p2a: Grimmsnarl|Thunder Wave|p1b: Ogerpon|[miss]\n|-miss|p2a: Grimmsnarl|p1b: Ogerpon\n|move|p1b: Ogerpon|Stomping Tantrum|p2b: Ceruledge\n|-activate|p2b: Ceruledge|move: Protect\n|move|p1a: Sinistcha|Strength Sap|p2b: Ceruledge\n|-activate|p2b: Ceruledge|move: Protect\n|\n|upkeep\n|turn|6\n|\n|t:|1699937297\n|switch|p1a: Tauros|Tauros-Paldea-Blaze, L50, M|67\/100 par\n|-ability|p1a: Tauros|Intimidate|boost\n|-unboost|p2a: Grimmsnarl|atk|1\n|-unboost|p2b: Ceruledge|atk|1\n|move|p2a: Grimmsnarl|Thunder Wave|p1b: Ogerpon\n|-status|p1b: Ogerpon|par\n|move|p2b: Ceruledge|Bitter Blade|p1b: Ogerpon\n|-supereffective|p1b: Ogerpon\n|-damage|p1b: Ogerpon|0 fnt\n|-heal|p2b: Ceruledge|51\/100|[from] drain|[of] p1b: Ogerpon\n|faint|p1b: Ogerpon\n|\n|upkeep\n|\n|t:|1699937306\n|switch|p1b: Sinistcha|Sinistcha-Masterpiece, L50, tera:Fire|83\/100\n|-heal|p1a: Tauros|92\/100 par|[from] ability: Hospitality|[of] p1b: Sinistcha\n|turn|7\n|\n|t:|1699937320\n|move|p2a: Grimmsnarl|Thunder Wave|p1b: Sinistcha\n|-status|p1b: Sinistcha|par\n|move|p2b: Ceruledge|Poltergeist|p1b: Sinistcha\n|-activate|p1b: Sinistcha|move: Poltergeist|Sitrus Berry\n|-damage|p1b: Sinistcha|20\/100 par\n|-enditem|p1b: Sinistcha|Sitrus Berry|[eat]\n|-heal|p1b: Sinistcha|45\/100 par|[from] item: Sitrus Berry\n|move|p1a: Tauros|Stomping Tantrum|p2b: Ceruledge\n|-supereffective|p2b: Ceruledge\n|-crit|p2b: Ceruledge\n|-damage|p2b: Ceruledge|0 fnt\n|faint|p2b: Ceruledge\n|move|p1b: Sinistcha|Calm Mind|p1b: Sinistcha\n|-boost|p1b: Sinistcha|spa|1\n|-boost|p1b: Sinistcha|spd|1\n|\n|upkeep\n|\n|t:|1699937331\n|switch|p2b: Iron Hands|Iron Hands, L50|100\/100\n|turn|8\n|\n|t:|1699937354\n|move|p2a: Grimmsnarl|Reflect|p2a: Grimmsnarl\n|-sidestart|p2: Masonia|Reflect\n|move|p2b: Iron Hands|Belly Drum|p2b: Iron Hands\n|-damage|p2b: Iron Hands|51\/100\n|-setboost|p2b: Iron Hands|atk|6|[from] move: Belly Drum\n|cant|p1a: Tauros|par\n|move|p1b: Sinistcha|Matcha Gotcha|p2a: Grimmsnarl|[spread] p2a\n|-miss|p1b: Sinistcha|p2b: Iron Hands\n|-damage|p2a: Grimmsnarl|69\/100\n|-heal|p1b: Sinistcha|63\/100 par|[from] drain|[of] p2a: Grimmsnarl\n|\n|upkeep\n|turn|9\n|\n|t:|1699937372\n|move|p2a: Grimmsnarl|Light Screen|p2a: Grimmsnarl\n|-sidestart|p2: Masonia|move: Light Screen\n|move|p2b: Iron Hands|Drain Punch|p1a: Tauros\n|-damage|p1a: Tauros|0 fnt\n|-heal|p2b: Iron Hands|79\/100|[from] drain|[of] p1a: Tauros\n|faint|p1a: Tauros\n|cant|p1b: Sinistcha|par\n|\n|upkeep\n|\n|t:|1699937380\n|switch|p1a: Gallade|Gallade, L50, M|100\/100\n|turn|10\n|\n|t:|1699937390\n|move|p2a: Grimmsnarl|Thunder Wave|p1a: Gallade\n|-status|p1a: Gallade|par\n|move|p1a: Gallade|Psycho Cut|p2b: Iron Hands\n|-supereffective|p2b: Iron Hands\n|-damage|p2b: Iron Hands|19\/100\n|-enditem|p2b: Iron Hands|Aguav Berry|[eat]\n|-heal|p2b: Iron Hands|52\/100|[from] item: Aguav Berry\n|-damage|p1a: Gallade|91\/100 par|[from] item: Life Orb\n|move|p2b: Iron Hands|Drain Punch|p1a: Gallade\n|-resisted|p1a: Gallade\n|-damage|p1a: Gallade|0 fnt\n|-heal|p2b: Iron Hands|79\/100|[from] drain|[of] p1a: Gallade\n|faint|p1a: Gallade\n|move|p1b: Sinistcha|Matcha Gotcha|p2b: Iron Hands|[spread] p2a,p2b\n|-damage|p2a: Grimmsnarl|49\/100\n|-heal|p1b: Sinistcha|75\/100 par|[from] drain|[of] p2a: Grimmsnarl\n|-damage|p2b: Iron Hands|59\/100\n|-heal|p1b: Sinistcha|89\/100 par|[from] drain|[of] p2b: Iron Hands\n|-status|p2b: Iron Hands|brn\n|\n|-damage|p2b: Iron Hands|52\/100 brn|[from] brn\n|upkeep\n|turn|11\n|inactive|Krath5 has 30 seconds left.\n|\n|t:|1699937417\n|move|p2a: Grimmsnarl|Thunder Wave||[still]\n|-fail|p2a: Grimmsnarl\n|move|p2b: Iron Hands|Drain Punch|p1b: Sinistcha\n|-damage|p1b: Sinistcha|21\/100 par\n|-heal|p2b: Iron Hands|77\/100 brn|[from] drain|[of] p1b: Sinistcha\n|move|p1b: Sinistcha|Matcha Gotcha|p2b: Iron Hands|[spread] p2a,p2b\n|-crit|p2a: Grimmsnarl\n|-damage|p2a: Grimmsnarl|2\/100\n|-heal|p1b: Sinistcha|48\/100 par|[from] drain|[of] p2a: Grimmsnarl\n|-damage|p2b: Iron Hands|59\/100 brn\n|-heal|p1b: Sinistcha|61\/100 par|[from] drain|[of] p2b: Iron Hands\n|\n|-damage|p2b: Iron Hands|52\/100 brn|[from] brn\n|upkeep\n|turn|12\n|\n|t:|1699937429\n|move|p2a: Grimmsnarl|Light Screen||[still]\n|-fail|p2a: Grimmsnarl\n|move|p2b: Iron Hands|Drain Punch|p1b: Sinistcha\n|-damage|p1b: Sinistcha|2\/100 par\n|-heal|p2b: Iron Hands|74\/100 brn|[from] drain|[of] p1b: Sinistcha\n|move|p1b: Sinistcha|Strength Sap|p2b: Iron Hands\n|-unboost|p2b: Iron Hands|atk|1\n|-heal|p1b: Sinistcha|100\/100 par\n|\n|-damage|p2b: Iron Hands|68\/100 brn|[from] brn\n|-sideend|p2: Masonia|Reflect\n|upkeep\n|turn|13\n|\n|t:|1699937454\n|move|p2a: Grimmsnarl|Light Screen||[still]\n|-fail|p2a: Grimmsnarl\n|move|p2b: Iron Hands|Drain Punch|p1b: Sinistcha\n|-damage|p1b: Sinistcha|42\/100 par\n|-heal|p2b: Iron Hands|89\/100 brn|[from] drain|[of] p1b: Sinistcha\n|move|p1b: Sinistcha|Strength Sap|p2b: Iron Hands\n|-unboost|p2b: Iron Hands|atk|1\n|-heal|p1b: Sinistcha|100\/100 par\n|\n|-damage|p2b: Iron Hands|83\/100 brn|[from] brn\n|-sideend|p2: Masonia|move: Light Screen\n|upkeep\n|turn|14\n|\n|t:|1699937476\n|move|p2a: Grimmsnarl|Thunder Wave|p1b: Sinistcha\n|-fail|p1b: Sinistcha|par\n|move|p2b: Iron Hands|Drain Punch|p1b: Sinistcha\n|-damage|p1b: Sinistcha|57\/100 par\n|-heal|p2b: Iron Hands|99\/100 brn|[from] drain|[of] p1b: Sinistcha\n|move|p1b: Sinistcha|Matcha Gotcha|p2b: Iron Hands|[spread] p2b\n|-miss|p1b: Sinistcha|p2a: Grimmsnarl\n|-damage|p2b: Iron Hands|68\/100 brn\n|-heal|p1b: Sinistcha|79\/100 par|[from] drain|[of] p2b: Iron Hands\n|\n|-damage|p2b: Iron Hands|61\/100 brn|[from] brn\n|upkeep\n|turn|15\n|\n|t:|1699937494\n|move|p2a: Grimmsnarl|Reflect|p2a: Grimmsnarl\n|-sidestart|p2: Masonia|Reflect\n|move|p2b: Iron Hands|Drain Punch|p1b: Sinistcha\n|-damage|p1b: Sinistcha|30\/100 par\n|-heal|p2b: Iron Hands|79\/100 brn|[from] drain|[of] p1b: Sinistcha\n|move|p1b: Sinistcha|Strength Sap|p2b: Iron Hands\n|-unboost|p2b: Iron Hands|atk|1\n|-heal|p1b: Sinistcha|100\/100 par\n|\n|-damage|p2b: Iron Hands|73\/100 brn|[from] brn\n|upkeep\n|turn|16\n|\n|t:|1699937518\n|move|p2a: Grimmsnarl|Light Screen|p2a: Grimmsnarl\n|-sidestart|p2: Masonia|move: Light Screen\n|move|p2b: Iron Hands|Drain Punch|p1b: Sinistcha\n|-damage|p1b: Sinistcha|59\/100 par\n|-heal|p2b: Iron Hands|88\/100 brn|[from] drain|[of] p1b: Sinistcha\n|cant|p1b: Sinistcha|par\n|\n|-damage|p2b: Iron Hands|82\/100 brn|[from] brn\n|upkeep\n|turn|17\n|\n|t:|1699937531\n|move|p2a: Grimmsnarl|Thunder Wave|p1b: Sinistcha\n|-fail|p1b: Sinistcha|par\n|move|p2b: Iron Hands|Drain Punch|p1b: Sinistcha\n|-damage|p1b: Sinistcha|21\/100 par\n|-heal|p2b: Iron Hands|96\/100 brn|[from] drain|[of] p1b: Sinistcha\n|move|p1b: Sinistcha|Strength Sap|p2b: Iron Hands\n|-unboost|p2b: Iron Hands|atk|1\n|-heal|p1b: Sinistcha|100\/100 par\n|\n|-damage|p2b: Iron Hands|90\/100 brn|[from] brn\n|upkeep\n|turn|18\n|\n|t:|1699937548\n|move|p2a: Grimmsnarl|Reflect||[still]\n|-fail|p2a: Grimmsnarl\n|move|p2b: Iron Hands|Belly Drum|p2b: Iron Hands\n|-damage|p2b: Iron Hands|40\/100 brn\n|-setboost|p2b: Iron Hands|atk|6|[from] move: Belly Drum\n|move|p1b: Sinistcha|Matcha Gotcha|p2a: Grimmsnarl|[spread] p2a,p2b\n|-crit|p2a: Grimmsnarl\n|-damage|p2a: Grimmsnarl|0 fnt\n|-damage|p2b: Iron Hands|20\/100 brn\n|faint|p2a: Grimmsnarl\n|\n|-damage|p2b: Iron Hands|14\/100 brn|[from] brn\n|upkeep\n|turn|19\n|\n|t:|1699937564\n|move|p2b: Iron Hands|Drain Punch|p1b: Sinistcha\n|-damage|p1b: Sinistcha|42\/100 par\n|-heal|p2b: Iron Hands|35\/100 brn|[from] drain|[of] p1b: Sinistcha\n|move|p1b: Sinistcha|Strength Sap|p2b: Iron Hands\n|-unboost|p2b: Iron Hands|atk|1\n|-heal|p1b: Sinistcha|100\/100 par\n|\n|-damage|p2b: Iron Hands|29\/100 brn|[from] brn\n|-sideend|p2: Masonia|Reflect\n|upkeep\n|turn|20\n|\n|t:|1699937572\n|move|p2b: Iron Hands|Drain Punch|p1b: Sinistcha\n|-damage|p1b: Sinistcha|46\/100 par\n|-heal|p2b: Iron Hands|49\/100 brn|[from] drain|[of] p1b: Sinistcha\n|move|p1b: Sinistcha|Matcha Gotcha|p2b: Iron Hands\n|-damage|p2b: Iron Hands|24\/100 brn\n|-heal|p1b: Sinistcha|63\/100 par|[from] drain|[of] p2b: Iron Hands\n|\n|-damage|p2b: Iron Hands|18\/100 brn|[from] brn\n|-sideend|p2: Masonia|move: Light Screen\n|upkeep\n|turn|21\n|\n|t:|1699937580\n|move|p2b: Iron Hands|Drain Punch|p1b: Sinistcha\n|-damage|p1b: Sinistcha|13\/100 par\n|-heal|p2b: Iron Hands|36\/100 brn|[from] drain|[of] p1b: Sinistcha\n|move|p1b: Sinistcha|Strength Sap|p2b: Iron Hands\n|-unboost|p2b: Iron Hands|atk|1\n|-heal|p1b: Sinistcha|100\/100 par\n|\n|-damage|p2b: Iron Hands|30\/100 brn|[from] brn\n|upkeep\n|turn|22\n|\n|t:|1699937588\n|move|p2b: Iron Hands|Drain Punch|p1b: Sinistcha\n|-damage|p1b: Sinistcha|55\/100 par\n|-heal|p2b: Iron Hands|47\/100 brn|[from] drain|[of] p1b: Sinistcha\n|move|p1b: Sinistcha|Matcha Gotcha|p2b: Iron Hands\n|-damage|p2b: Iron Hands|6\/100 brn\n|-heal|p1b: Sinistcha|83\/100 par|[from] drain|[of] p2b: Iron Hands\n|\n|-damage|p2b: Iron Hands|0 fnt|[from] brn\n|faint|p2b: Iron Hands\n|-end|p2b: Iron Hands|Quark Drive|[silent]\n|\n|win|Krath5\n|upkeep\n|raw|Krath5's rating: 1323 &rarr; <strong>1338<\/strong><br \/>(+15 for winning)\n|raw|Masonia's rating: 1227 &rarr; <strong>1209<\/strong><br \/>(-18 for losing)\n","uploadtime":1699937594,"views":19,"p1id":"krath5","p2id":"masonia","formatid":"gen9vgc2023regulatione","rating":1209,"private":0,"password":""}