{"id":"gen9vgc2023regulatione-1993839632","p1":"GrovePlaysGames","p2":"Llama_Llord","format":"[Gen 9] VGC 2023 Regulation E","log":"|j|\u2606GrovePlaysGames\n|j|\u2606Llama_Llord\n|n|\u2606GrovePlaysGames|groveplaysgames\n|n|\u2606Llama_Llord|llamallord\n|html|View the match progress at <a href=\"\/game-bestof3-gen9vgc2023regulatione-1993839631\">game-bestof3-gen9vgc2023regulatione-1993839631<\/a>\n|t:|1700363742\n|gametype|doubles\n|player|p1|GrovePlaysGames|hilda|\n|player|p2|Llama_Llord|harlequin|\n|teamsize|p1|6\n|teamsize|p2|6\n|gen|9\n|tier|[Gen 9] VGC 2023 Regulation E\n|rule|Species Clause: Limit one of each Pok\u00e9mon\n|rule|Item Clause: Limit one of each item\n|clearpoke\n|poke|p1|Kingambit, L50, F|\n|poke|p1|Torkoal, L50, M|\n|poke|p1|Indeedee-F, L50, F|\n|poke|p1|Armarouge, L50, F|\n|poke|p1|Lilligant-Hisui, L50, F|\n|poke|p1|Arcanine-Hisui, L50, M|\n|poke|p2|Chandelure, L50, M|\n|poke|p2|Grimmsnarl, L50, M|\n|poke|p2|Amoonguss, L50, F|\n|poke|p2|Glimmora, L50, M|\n|poke|p2|Dondozo, L50, F|\n|poke|p2|Tatsugiri-Droopy, L50, M|\n|teampreview|4\n|inactive|Battle timer is ON: inactive players will automatically lose when time's up. (requested by GrovePlaysGames)\n|inactiveoff|Battle timer is now OFF.\nGrovePlaysGames has agreed to open team sheets.\nLlama_Llord has agreed to open team sheets.\n|showteam|p1|Kingambit||AssaultVest|Defiant|TeraBlast,KowtowCleave,SuckerPunch,IronHead|||F|||50|,,,,,Fairy]Torkoal||ChoiceSpecs|Drought|Eruption,Flamethrower,HeatWave,EarthPower|||M|||50|,,,,,Fire]Indeedee-F||PsychicSeed|PsychicSurge|FollowMe,HelpingHand,DazzlingGleam,TrickRoom|||F|||50|,,,,,Fire]Armarouge||LifeOrb|FlashFire|ArmorCannon,ExpandingForce,WideGuard,EnergyBall|||F|||50|,,,,,Grass]Lilligant-Hisui||FocusSash|Chlorophyll|SolarBlade,CloseCombat,Encore,AfterYou|||F|||50|,,,,,Ghost]Arcanine-Hisui||ChoiceBand|Intimidate|FlareBlitz,RockSlide,TeraBlast,ExtremeSpeed|||M|||50|,,,,,Fairy\n|showteam|p2|Chandelure||FocusSash|FlashFire|HeatWave,Protect,ShadowBall,EnergyBall|||M|||50|,,,,,Grass]Grimmsnarl||LightClay|Prankster|Reflect,LightScreen,Taunt,SpiritBreak|||M|||50|,,,,,Ghost]Amoonguss||RockyHelmet|Regenerator|PollenPuff,RagePowder,Spore,ClearSmog|||F|||50|,,,,,Fire]Glimmora||ChoiceSpecs|ToxicDebris|EarthPower,DazzlingGleam,PowerGem,SludgeBomb|||M|||50|,,,,,Grass]Dondozo||Leftovers|Unaware|Protect,OrderUp,WaveCrash,Earthquake|||F|||50|,,,,,Flying]Tatsugiri-Droopy||SitrusBerry|Commander|IcyWind,DracoMeteor,MuddyWater,Protect|||M|||50|,,,,,Steel\n|j| CyborgPigeon\n|j| ShinyLucarioXD\n|\n|t:|1700363835\n|start\n|switch|p1a: Played|Indeedee-F, L50, F|100\/100\n|switch|p1b: Teal|Armarouge, L50, F|100\/100\n|switch|p2a: Souffl\u00e9|Chandelure, L50, M, shiny|100\/100\n|switch|p2b: Mie Goreng|Grimmsnarl, L50, M|100\/100\n|-fieldstart|move: Psychic Terrain|[from] ability: Psychic Surge|[of] p1a: Played\n|-enditem|p1a: Played|Psychic Seed\n|-boost|p1a: Played|spd|1|[from] item: Psychic Seed\n|turn|1\n|\n|t:|1700363915\n|move|p2b: Mie Goreng|Light Screen|p2b: Mie Goreng\n|-sidestart|p2: Llama_Llord|move: Light Screen\n|move|p2a: Souffl\u00e9|Shadow Ball|p1b: Teal\n|-supereffective|p1b: Teal\n|-damage|p1b: Teal|5\/100\n|move|p1b: Teal|Expanding Force|p2b: Mie Goreng|[spread] p2a\n|-immune|p2b: Mie Goreng\n|-crit|p2a: Souffl\u00e9\n|-enditem|p2a: Souffl\u00e9|Focus Sash\n|-damage|p2a: Souffl\u00e9|1\/100\n|-damage|p1b: Teal|0 fnt|[from] item: Life Orb\n|faint|p1b: Teal\n|move|p1a: Played|Trick Room|p1a: Played\n|-fieldstart|move: Trick Room|[of] p1a: Played\n|\n|upkeep\n|\n|t:|1700363932\n|switch|p1b: Still|Kingambit, L50, F|100\/100\n|turn|2\n|\n|t:|1700363945\n|move|p2a: Souffl\u00e9|Protect|p2a: Souffl\u00e9\n|-singleturn|p2a: Souffl\u00e9|Protect\n|move|p1a: Played|Follow Me|p1a: Played\n|-singleturn|p1a: Played|move: Follow Me\n|move|p2b: Mie Goreng|Reflect|p2b: Mie Goreng\n|-sidestart|p2: Llama_Llord|Reflect\n|move|p1b: Still|Iron Head|p2b: Mie Goreng\n|-supereffective|p2b: Mie Goreng\n|-damage|p2b: Mie Goreng|31\/100\n|\n|upkeep\n|turn|3\n|\n|t:|1700363976\n|switch|p2b: Buri Daikon|Tatsugiri-Droopy, L50, M, shiny|100\/100\n|switch|p2a: Bouillabaisse|Dondozo, L50, F|100\/100\n|-activate|p2b: Buri Daikon|ability: Commander|[of] p2a: Bouillabaisse\n|-boost|p2a: Bouillabaisse|atk|2\n|-boost|p2a: Bouillabaisse|spa|2\n|-boost|p2a: Bouillabaisse|spe|2\n|-boost|p2a: Bouillabaisse|def|2\n|-boost|p2a: Bouillabaisse|spd|2\n|move|p1a: Played|Follow Me|p1a: Played\n|-singleturn|p1a: Played|move: Follow Me\n|move|p1b: Still|Kowtow Cleave|p2a: Bouillabaisse\n|-damage|p2a: Bouillabaisse|90\/100\n|\n|-heal|p2a: Bouillabaisse|96\/100|[from] item: Leftovers\n|upkeep\n|turn|4\n|\n|t:|1700364033\n|move|p1a: Played|Helping Hand|p1b: Still\n|-singleturn|p1b: Still|Helping Hand|[of] p1a: Played\n|move|p1b: Still|Kowtow Cleave|p2a: Bouillabaisse\n|-damage|p2a: Bouillabaisse|80\/100\n|move|p2a: Bouillabaisse|Earthquake|p1a: Played|[spread] p1a,p1b\n|-miss|p2a: Bouillabaisse|p2b: Buri Daikon\n|-crit|p1a: Played\n|-supereffective|p1b: Still\n|-damage|p1a: Played|43\/100\n|-damage|p1b: Still|35\/100\n|\n|-heal|p2a: Bouillabaisse|86\/100|[from] item: Leftovers\n|upkeep\n|turn|5\n|\n|t:|1700364064\n|move|p1a: Played|Helping Hand|p1b: Still\n|-singleturn|p1b: Still|Helping Hand|[of] p1a: Played\n|move|p2a: Bouillabaisse|Protect|p2a: Bouillabaisse\n|-singleturn|p2a: Bouillabaisse|Protect\n|move|p1b: Still|Kowtow Cleave|p2a: Bouillabaisse\n|-activate|p2a: Bouillabaisse|move: Protect\n|\n|-heal|p2a: Bouillabaisse|93\/100|[from] item: Leftovers\n|-fieldend|move: Trick Room\n|-fieldend|move: Psychic Terrain\n|upkeep\n|turn|6\n|\n|t:|1700364082\n|move|p1a: Played|Helping Hand|p1b: Still\n|-singleturn|p1b: Still|Helping Hand|[of] p1a: Played\n|move|p2a: Bouillabaisse|Earthquake|p1b: Still|[spread] p1a,p1b\n|-miss|p2a: Bouillabaisse|p2b: Buri Daikon\n|-supereffective|p1b: Still\n|-damage|p1a: Played|1\/100\n|-damage|p1b: Still|0 fnt\n|faint|p1b: Still\n|\n|-heal|p2a: Bouillabaisse|99\/100|[from] item: Leftovers\n|upkeep\n|\n|t:|1700364090\n|switch|p1b: DLC|Arcanine-Hisui, L50, M|100\/100\n|-ability|p1b: DLC|Intimidate|boost\n|-unboost|p2a: Bouillabaisse|atk|1\n|-unboost|p2b: Buri Daikon|atk|1\n|turn|7\n|\n|t:|1700364106\n|-terastallize|p1b: DLC|Fairy\n|move|p1a: Played|Helping Hand|p1b: DLC\n|-singleturn|p1b: DLC|Helping Hand|[of] p1a: Played\n|move|p1b: DLC|Rock Slide|p2a: Bouillabaisse|[spread] \n|-miss|p1b: DLC|p2b: Buri Daikon\n|-miss|p1b: DLC|p2a: Bouillabaisse\n|move|p2a: Bouillabaisse|Earthquake|p1a: Played|[spread] p1a,p1b\n|-miss|p2a: Bouillabaisse|p2b: Buri Daikon\n|-damage|p1a: Played|0 fnt\n|-damage|p1b: DLC|57\/100\n|faint|p1a: Played\n|\n|-heal|p2a: Bouillabaisse|100\/100|[from] item: Leftovers\n|upkeep\n|turn|8\n|\n|t:|1700364121\n|move|p1b: DLC|Rock Slide|p2b: Buri Daikon|[spread] p2a\n|-miss|p1b: DLC|p2b: Buri Daikon\n|-damage|p2a: Bouillabaisse|93\/100\n|cant|p2a: Bouillabaisse|flinch\n|\n|-heal|p2a: Bouillabaisse|99\/100|[from] item: Leftovers\n|-sideend|p2: Llama_Llord|move: Light Screen\n|upkeep\n|turn|9\n|\n|t:|1700364130\n|move|p1b: DLC|Rock Slide|p2b: Buri Daikon|[spread] \n|-miss|p1b: DLC|p2b: Buri Daikon\n|-miss|p1b: DLC|p2a: Bouillabaisse\n|move|p2a: Bouillabaisse|Wave Crash|p1b: DLC\n|-damage|p1b: DLC|0 fnt\n|faint|p1b: DLC\n|-damage|p2a: Bouillabaisse|86\/100|[from] Recoil\n|\n|win|Llama_Llord\n","uploadtime":1700364137,"views":16,"p1id":"groveplaysgames","p2id":"llamallord","formatid":"gen9vgc2023regulatione","rating":0,"private":0,"password":""}