{"id":"gen9vgc2023regulatione-1993518145","p1":"Wierdo2_0","p2":"Akaiar","format":"[Gen 9] VGC 2023 Regulation E","log":"|j|\u2606Wierdo2_0\n|j|\u2606Akaiar\n|t:|1700327234\n|gametype|doubles\n|player|p1|Wierdo2_0|265|1185\n|player|p2|Akaiar|dawn|1115\n|teamsize|p1|6\n|teamsize|p2|6\n|gen|9\n|tier|[Gen 9] VGC 2023 Regulation E\n|rated|\n|rule|Species Clause: Limit one of each Pok\u00e9mon\n|rule|Item Clause: Limit one of each item\n|clearpoke\n|poke|p1|Flutter Mane, L50|\n|poke|p1|Urshifu-*, L50, M|\n|poke|p1|Iron Hands, L50|\n|poke|p1|Amoonguss, L50, M|\n|poke|p1|Ogerpon-Hearthflame, L50, F|\n|poke|p1|Tornadus, L50, M|\n|poke|p2|Torkoal, L50, F|\n|poke|p2|Orthworm, L50, F|\n|poke|p2|Iron Hands, L50|\n|poke|p2|Cresselia, L50, F|\n|poke|p2|Mudsdale, L50, F|\n|poke|p2|Ambipom, L50, F|\n|teampreview|4\n|inactive|Battle timer is ON: inactive players will automatically lose when time's up. (requested by Wierdo2_0)\n|\n|t:|1700327255\n|start\n|switch|p1a: Urshifu|Urshifu-Rapid-Strike, L50, M|100\/100\n|switch|p1b: Tornadus|Tornadus, L50, M|100\/100\n|switch|p2a: Cresselia|Cresselia, L50, F|100\/100\n|switch|p2b: Ambipom|Ambipom, L50, F|100\/100\n|turn|1\n|inactive|Wierdo2_0 has 30 seconds left.\n|inactive|Wierdo2_0 has 20 seconds left.\n|\n|t:|1700327290\n|-terastallize|p1a: Urshifu|Water\n|move|p2b: Ambipom|Fake Out|p1b: Tornadus\n|-damage|p1b: Tornadus|61\/100\n|move|p1b: Tornadus|Tailwind|p1b: Tornadus\n|-sidestart|p1: Wierdo2_0|move: Tailwind\n|move|p1a: Urshifu|Surging Strikes|p2a: Cresselia\n|-crit|p2a: Cresselia\n|-damage|p2a: Cresselia|81\/100\n|-crit|p2a: Cresselia\n|-damage|p2a: Cresselia|62\/100\n|-crit|p2a: Cresselia\n|-damage|p2a: Cresselia|41\/100\n|-hitcount|p2a: Cresselia|3\n|move|p2a: Cresselia|Trick Room|p2a: Cresselia\n|-fieldstart|move: Trick Room|[of] p2a: Cresselia\n|\n|upkeep\n|turn|2\n|inactive|Wierdo2_0 has 30 seconds left.\n|inactive|Akaiar has 30 seconds left.\n|inactive|Wierdo2_0 has 20 seconds left.\n|\n|t:|1700327328\n|-terastallize|p2b: Ambipom|Normal\n|move|p1b: Tornadus|Protect|p1b: Tornadus\n|-singleturn|p1b: Tornadus|Protect\n|move|p2a: Cresselia|Ally Switch|p2a: Cresselia\n|swap|p2a: Cresselia|1|[from] move: Ally Switch\n|move|p2a: Ambipom|Last Resort|p1a: Urshifu\n|-damage|p1a: Urshifu|7\/100\n|move|p1a: Urshifu|Close Combat|p2b: Cresselia\n|-resisted|p2b: Cresselia\n|-damage|p2b: Cresselia|22\/100\n|-unboost|p1a: Urshifu|def|1\n|-unboost|p1a: Urshifu|spd|1\n|\n|upkeep\n|turn|3\n|inactive|Wierdo2_0 has 30 seconds left.\n|inactive|Wierdo2_0 has 20 seconds left.\n|inactive|Wierdo2_0 has 15 seconds left.\n|inactive|Wierdo2_0 has 10 seconds left.\n|inactive|Wierdo2_0 has 5 seconds left.\n|\n|t:|1700327381\n|move|p1b: Tornadus|Protect||[still]\n|-fail|p1b: Tornadus\n|move|p1a: Urshifu|Aqua Jet|p2b: Cresselia\n|-damage|p2b: Cresselia|0 fnt\n|faint|p2b: Cresselia\n|move|p2a: Ambipom|Last Resort|p1b: Tornadus\n|-damage|p1b: Tornadus|0 fnt\n|faint|p1b: Tornadus\n|\n|upkeep\n|\n|t:|1700327393\n|switch|p2b: Iron Hands|Iron Hands, L50|100\/100\n|switch|p1b: Ogerpon|Ogerpon-Hearthflame, L50, F|100\/100\n|-ability|p1b: Ogerpon|Mold Breaker\n|turn|4\n|inactive|Wierdo2_0 has 30 seconds left.\n|inactive|Wierdo2_0 has 20 seconds left.\n|inactive|Wierdo2_0 has 15 seconds left.\n|inactive|Wierdo2_0 has 10 seconds left.\n|inactive|Wierdo2_0 has 5 seconds left.\n|\n|t:|1700327447\n|move|p1a: Urshifu|Detect|p1a: Urshifu\n|-singleturn|p1a: Urshifu|Protect\n|move|p1b: Ogerpon|Spiky Shield|p1b: Ogerpon\n|-singleturn|p1b: Ogerpon|move: Protect\n|move|p2b: Iron Hands|Fake Out|p1a: Urshifu\n|-activate|p1a: Urshifu|move: Protect\n|move|p2a: Ambipom|Last Resort|p1b: Ogerpon\n|-activate|p1b: Ogerpon|move: Protect\n|-damage|p2a: Ambipom|88\/100|[from] Spiky Shield|[of] p1b: Ogerpon\n|\n|-sideend|p1: Wierdo2_0|move: Tailwind\n|upkeep\n|turn|5\n|inactive|Wierdo2_0 has 30 seconds left.\n|inactive|Akaiar has 30 seconds left.\n|inactive|Wierdo2_0 has 20 seconds left.\n|inactive|Wierdo2_0 has 15 seconds left.\n|inactive|Wierdo2_0 has 10 seconds left.\n|inactive|Wierdo2_0 has 5 seconds left.\n|\n|t:|1700327501\n|move|p1a: Urshifu|Aqua Jet|p2a: Ambipom\n|-damage|p2a: Ambipom|37\/100\n|move|p2b: Iron Hands|Wild Charge|p1a: Urshifu\n|-supereffective|p1a: Urshifu\n|-damage|p1a: Urshifu|0 fnt\n|faint|p1a: Urshifu\n|-damage|p2b: Iron Hands|99\/100|[from] Recoil\n|move|p2a: Ambipom|Last Resort|p1b: Ogerpon\n|-damage|p1b: Ogerpon|0 fnt\n|faint|p1b: Ogerpon\n|\n|-fieldend|move: Trick Room\n|upkeep\n|\n|t:|1700327515\n|switch|p1b: Flutter Mane|Flutter Mane, L50|100\/100\n|-enditem|p1b: Flutter Mane|Booster Energy\n|-activate|p1b: Flutter Mane|ability: Protosynthesis|[fromitem]\n|-start|p1b: Flutter Mane|protosynthesisspa\n|turn|6\n|\n|t:|1700327528\n|switch|p2a: Orthworm|Orthworm, L50, F|100\/100\n|move|p1b: Flutter Mane|Dazzling Gleam|p2b: Iron Hands|[spread] p2a,p2b\n|-resisted|p2a: Orthworm\n|-supereffective|p2b: Iron Hands\n|-damage|p2a: Orthworm|76\/100\n|-damage|p2b: Iron Hands|57\/100\n|move|p2b: Iron Hands|Heavy Slam|p1b: Flutter Mane\n|-supereffective|p1b: Flutter Mane\n|-damage|p1b: Flutter Mane|0 fnt\n|faint|p1b: Flutter Mane\n|-end|p1b: Flutter Mane|Protosynthesis|[silent]\n|\n|win|Akaiar\n|raw|Wierdo2_0's rating: 1185 &rarr; <strong>1155<\/strong><br \/>(-30 for losing)\n|raw|Akaiar's rating: 1115 &rarr; <strong>1145<\/strong><br \/>(+30 for winning)\n|l|\u2606Wierdo2_0\n","uploadtime":1700327539,"views":11,"p1id":"wierdo20","p2id":"akaiar","formatid":"gen9vgc2023regulatione","rating":1145,"private":0,"password":""}