{"id":"gen9vgc2023regulatione-1988075761","p1":"loneleon","p2":"Snowfly96","format":"[Gen 9] VGC 2023 Regulation E","log":"|j|\u2606loneleon\n|j|\u2606Snowfly96\n|n|\u2606loneleon|loneleon\n|n|\u2606Snowfly96|snowfly96\n|html|View the match progress at <a href=\"\/game-bestof3-gen9vgc2023regulatione-1988075760\">game-bestof3-gen9vgc2023regulatione-1988075760<\/a>\n|t:|1699666540\n|gametype|doubles\n|player|p1|loneleon|roxie|\n|player|p2|Snowfly96|skier|\n|teamsize|p1|6\n|teamsize|p2|6\n|gen|9\n|tier|[Gen 9] VGC 2023 Regulation E\n|rule|Species Clause: Limit one of each Pok\u00e9mon\n|rule|Item Clause: Limit one of each item\n|clearpoke\n|poke|p1|Overqwil, L50, F|\n|poke|p1|Politoed, L50, F|\n|poke|p1|Dragapult, L50, M|\n|poke|p1|Sylveon, L50, M|\n|poke|p1|Espathra, L50, M|\n|poke|p1|Baxcalibur, L50, F|\n|poke|p2|Avalugg-Hisui, L50, M|\n|poke|p2|Lycanroc, L50, M|\n|poke|p2|Ninetales-Alola, L50, F|\n|poke|p2|Sinistcha-Masterpiece, L50|\n|poke|p2|Ursaluna-Bloodmoon, L50, M|\n|poke|p2|Tinkaton, L50, F|\n|teampreview|4\nloneleon has agreed to open team sheets.\nSnowfly96 has agreed to open team sheets.\n|showteam|p1|Overqwil||AssaultVest|SwiftSwim|BarbBarrage,Crunch,Liquidation,AquaJet|||F|||50|,,,,,Water]Politoed||Leftovers|Drizzle|IcyWind,MuddyWater,Haze,Protect|||F|||50|,,,,,Ice]Dragapult||LifeOrb|Infiltrator|LightScreen,ThunderWave,Hex,Protect|||M|||50|,,,,,Ghost]Sylveon||ThroatSpray|Pixilate|HyperVoice,TeraBlast,Yawn,Protect|||M|||50|,,,,,Fire]Espathra||LumBerry|Opportunist|TrickRoom,LuminaCrash,TeraBlast,Protect|||M|||50|,,,,,Fighting]Baxcalibur||WeaknessPolicy|ThermalExchange|IcicleCrash,TeraBlast,IronHead,Protect|||F|||50|,,,,,Rock\n|showteam|p2|Avalugg-Hisui||AssaultVest|Sturdy|IceSpinner,RockSlide,HeavySlam,BodyPress|||M|||50|,,,,,Steel]Lycanroc||FocusSash|SandRush|Sandstorm,StoneEdge,Accelerock,CloseCombat|||M|||50|,,,,,Rock]Ninetales-Alola||LightClay|SnowWarning|AuroraBeam,Blizzard,FreezeDry,Moonblast|||F|||50|,,,,,Fairy]Sinistcha-Masterpiece||Leftovers|Hospitality|RagePowder,MatchaGotcha,StrengthSap,TrickRoom||||||50|,,,,,Steel]Ursaluna-Bloodmoon||ThroatSpray|MindsEye|Protect,BloodMoon,HyperVoice,VacuumWave|||M|||50|,,,,,Normal]Tinkaton||SitrusBerry|Pickpocket|FakeOut,GigatonHammer,BabyDollEyes,KnockOff|||F|||50|,,,,,Steel\n|j| justincaseuforgot\n|\n|t:|1699666749\n|start\n|switch|p1a: Social Distancing|Overqwil, L50, F, shiny|100\/100\n|switch|p1b: Not Glaceon|Sylveon, L50, M, shiny|100\/100\n|switch|p2a: Ruby|Tinkaton, L50, F|100\/100\n|switch|p2b: Clues|Lycanroc, L50, M, shiny|100\/100\n|turn|1\n|\n|t:|1699666823\n|move|p1b: Not Glaceon|Protect|p1b: Not Glaceon\n|-singleturn|p1b: Not Glaceon|Protect\n|move|p2a: Ruby|Fake Out|p1a: Social Distancing\n|-damage|p1a: Social Distancing|88\/100\n|move|p2b: Clues|Close Combat|p1a: Social Distancing\n|-damage|p1a: Social Distancing|41\/100\n|-unboost|p2b: Clues|def|1\n|-unboost|p2b: Clues|spd|1\n|cant|p1a: Social Distancing|flinch\n|\n|upkeep\n|turn|2\n|\n|t:|1699666922\n|switch|p1b: Hilary Duff|Politoed, L50, F, shiny|100\/100\n|-weather|RainDance|[from] ability: Drizzle|[of] p1b: Hilary Duff\n|move|p1a: Social Distancing|Liquidation|p2b: Clues\n|-supereffective|p2b: Clues\n|-enditem|p2b: Clues|Focus Sash\n|-damage|p2b: Clues|1\/100\n|move|p2b: Clues|Sandstorm|p2b: Clues\n|-weather|Sandstorm\n|move|p2a: Ruby|Gigaton Hammer|p1b: Hilary Duff\n|-resisted|p1b: Hilary Duff\n|-damage|p1b: Hilary Duff|71\/100\n|\n|-weather|Sandstorm|[upkeep]\n|-damage|p1a: Social Distancing|35\/100|[from] Sandstorm\n|-damage|p1b: Hilary Duff|65\/100|[from] Sandstorm\n|-heal|p1b: Hilary Duff|71\/100|[from] item: Leftovers\n|upkeep\n|turn|3\n|\n|t:|1699666942\n|switch|p1b: Dead but Fast|Dragapult, L50, M, shiny|100\/100\n|move|p1a: Social Distancing|Aqua Jet|p2b: Clues\n|-supereffective|p2b: Clues\n|-damage|p2b: Clues|0 fnt\n|faint|p2b: Clues\n|move|p2a: Ruby|Knock Off|p1b: Dead but Fast\n|-supereffective|p1b: Dead but Fast\n|-damage|p1b: Dead but Fast|39\/100\n|-enditem|p1b: Dead but Fast|Life Orb|[from] move: Knock Off|[of] p2a: Ruby\n|\n|-weather|Sandstorm|[upkeep]\n|-damage|p1b: Dead but Fast|33\/100|[from] Sandstorm\n|-damage|p1a: Social Distancing|30\/100|[from] Sandstorm\n|upkeep\n|\n|t:|1699666956\n|switch|p2b: Green Tea|Sinistcha-Masterpiece, L50|100\/100\n|turn|4\n|\n|t:|1699666968\n|switch|p1b: Hilary Duff|Politoed, L50, F, shiny|71\/100\n|-weather|RainDance|[from] ability: Drizzle|[of] p1b: Hilary Duff\n|move|p1a: Social Distancing|Barb Barrage|p2b: Green Tea\n|-damage|p2b: Green Tea|76\/100\n|move|p2b: Green Tea|Matcha Gotcha|p1a: Social Distancing|[spread] p1a,p1b\n|-resisted|p1a: Social Distancing\n|-supereffective|p1b: Hilary Duff\n|-damage|p1a: Social Distancing|21\/100\n|-heal|p2b: Green Tea|81\/100|[from] drain|[of] p1a: Social Distancing\n|-damage|p1b: Hilary Duff|24\/100\n|-heal|p2b: Green Tea|100\/100|[from] drain|[of] p1b: Hilary Duff\n|-status|p1a: Social Distancing|brn\n|move|p2a: Ruby|Gigaton Hammer|p1a: Social Distancing\n|-damage|p1a: Social Distancing|0 fnt\n|faint|p1a: Social Distancing\n|\n|-weather|RainDance|[upkeep]\n|-heal|p1b: Hilary Duff|30\/100|[from] item: Leftovers\n|upkeep\n|\n|t:|1699667001\n|switch|p1a: Dead but Fast|Dragapult, L50, M, shiny|33\/100\n|turn|5\n|\n|t:|1699667035\n|switch|p1a: Not Glaceon|Sylveon, L50, M, shiny|100\/100\n|switch|p2a: Shanks|Ursaluna-Bloodmoon, L50, M|100\/100\n|move|p1b: Hilary Duff|Muddy Water|p2a: Shanks|[spread] p2a\n|-miss|p1b: Hilary Duff|p2b: Green Tea\n|-supereffective|p2a: Shanks\n|-damage|p2a: Shanks|4\/100\n|move|p2b: Green Tea|Trick Room|p2b: Green Tea\n|-fieldstart|move: Trick Room|[of] p2b: Green Tea\n|\n|-weather|RainDance|[upkeep]\n|-heal|p1b: Hilary Duff|36\/100|[from] item: Leftovers\n|upkeep\n|turn|6\n|\n|t:|1699667083\n|move|p2a: Shanks|Blood Moon|p1a: Not Glaceon\n|-damage|p1a: Not Glaceon|41\/100\n|move|p1a: Not Glaceon|Hyper Voice|p2b: Green Tea|[spread] p2a,p2b\n|-crit|p2b: Green Tea\n|-damage|p2a: Shanks|0 fnt\n|-damage|p2b: Green Tea|40\/100\n|faint|p2a: Shanks\n|-enditem|p1a: Not Glaceon|Throat Spray\n|-boost|p1a: Not Glaceon|spa|1|[from] item: Throat Spray\n|move|p2b: Green Tea|Matcha Gotcha|p1b: Hilary Duff|[spread] p1a,p1b\n|-supereffective|p1b: Hilary Duff\n|-damage|p1a: Not Glaceon|23\/100\n|-heal|p2b: Green Tea|50\/100|[from] drain|[of] p1a: Not Glaceon\n|-damage|p1b: Hilary Duff|0 fnt\n|-heal|p2b: Green Tea|70\/100|[from] drain|[of] p1b: Hilary Duff\n|-status|p1a: Not Glaceon|brn\n|faint|p1b: Hilary Duff\n|\n|-weather|RainDance|[upkeep]\n|-heal|p2b: Green Tea|76\/100|[from] item: Leftovers\n|-damage|p1a: Not Glaceon|17\/100 brn|[from] brn\n|upkeep\n|\n|t:|1699667097\n|switch|p2a: Ruby|Tinkaton, L50, F|100\/100\n|switch|p1b: Dead but Fast|Dragapult, L50, M, shiny|33\/100\n|turn|7\n|\n|t:|1699667110\n|-terastallize|p1a: Not Glaceon|Fire\n|-terastallize|p2b: Green Tea|Steel\n|move|p2a: Ruby|Fake Out|p1a: Not Glaceon\n|-damage|p1a: Not Glaceon|5\/100 brn\n|cant|p1a: Not Glaceon|flinch\n|move|p2b: Green Tea|Matcha Gotcha|p1b: Dead but Fast|[spread] p1a,p1b\n|-resisted|p1a: Not Glaceon\n|-resisted|p1b: Dead but Fast\n|-damage|p1a: Not Glaceon|0 fnt\n|-heal|p2b: Green Tea|78\/100|[from] drain|[of] p1a: Not Glaceon\n|-damage|p1b: Dead but Fast|20\/100\n|-heal|p2b: Green Tea|85\/100|[from] drain|[of] p1b: Dead but Fast\n|faint|p1a: Not Glaceon\n|move|p1b: Dead but Fast|Hex|p2b: Green Tea\n|-damage|p2b: Green Tea|58\/100\n|\n|-weather|RainDance|[upkeep]\n|-heal|p2b: Green Tea|64\/100|[from] item: Leftovers\n|upkeep\n|turn|8\n|\n|t:|1699667130\n|move|p2a: Ruby|Gigaton Hammer|p1b: Dead but Fast\n|-damage|p1b: Dead but Fast|0 fnt\n|faint|p1b: Dead but Fast\n|\n|win|Snowfly96\n","uploadtime":1699667138,"views":42,"p1id":"loneleon","p2id":"snowfly96","formatid":"gen9vgc2023regulatione","rating":0,"private":0,"password":""}