{"id":"gen9vgc2023regulatione-1998590919","p1":"Seekuh","p2":"KingA3","format":"[Gen 9] VGC 2023 Regulation E","log":"|j|\u2606Seekuh\n|j|\u2606KingA3\n|t:|1700960215\n|gametype|doubles\n|player|p1|Seekuh|265|1273\n|player|p2|KingA3|266|1334\n|teamsize|p1|6\n|teamsize|p2|6\n|gen|9\n|tier|[Gen 9] VGC 2023 Regulation E\n|rated|\n|rule|Species Clause: Limit one of each Pok\u00e9mon\n|rule|Item Clause: Limit one of each item\n|clearpoke\n|poke|p1|Ninetales-Alola, L50, M|\n|poke|p1|Baxcalibur, L50, F|\n|poke|p1|Landorus-Therian, L50, M|\n|poke|p1|Chien-Pao, L50|\n|poke|p1|Ogerpon-Wellspring, L50, F|\n|poke|p1|Articuno, L50|\n|poke|p2|Indeedee-F, L50, F|\n|poke|p2|Armarouge, L50, F|\n|poke|p2|Ursaluna, L50, M|\n|poke|p2|Urshifu-*, L50, M|\n|poke|p2|Torkoal, L50, M|\n|poke|p2|Iron Hands, L50|\n|teampreview|4\n|inactive|Battle timer is ON: inactive players will automatically lose when time's up. (requested by KingA3)\n|\n|t:|1700960244\n|start\n|switch|p1a: Ogerpon|Ogerpon-Wellspring, L50, F|100\/100\n|switch|p1b: Landorus|Landorus-Therian, L50, M|100\/100\n|switch|p2a: Indeedee|Indeedee-F, L50, F|100\/100\n|switch|p2b: Armarouge|Armarouge, L50, F|100\/100\n|-ability|p1b: Landorus|Intimidate|boost\n|-unboost|p2a: Indeedee|atk|1\n|-unboost|p2b: Armarouge|atk|1\n|-fieldstart|move: Psychic Terrain|[from] ability: Psychic Surge|[of] p2a: Indeedee\n|-enditem|p2a: Indeedee|Psychic Seed\n|-boost|p2a: Indeedee|spd|1|[from] item: Psychic Seed\n|turn|1\n|\n|t:|1700960263\n|-terastallize|p2b: Armarouge|Grass\n|move|p1a: Ogerpon|Helping Hand|p1b: Landorus\n|-singleturn|p1b: Landorus|Helping Hand|[of] p1a: Ogerpon\n|move|p1b: Landorus|Earthquake|p2a: Indeedee|[spread] p1a,p2a,p2b\n|-resisted|p1a: Ogerpon\n|-resisted|p2b: Armarouge\n|-damage|p1a: Ogerpon|66\/100\n|-damage|p2a: Indeedee|45\/100\n|-damage|p2b: Armarouge|73\/100\n|move|p2a: Indeedee|Dazzling Gleam|p1b: Landorus|[spread] p1a,p1b\n|-damage|p1a: Ogerpon|53\/100\n|-damage|p1b: Landorus|87\/100\n|move|p2b: Armarouge|Trick Room|p2b: Armarouge\n|-fieldstart|move: Trick Room|[of] p2b: Armarouge\n|\n|upkeep\n|turn|2\n|inactive|Seekuh has 30 seconds left.\n|inactive|KingA3 has 30 seconds left.\n|\n|t:|1700960289\n|-terastallize|p1b: Landorus|Ice\n|move|p2a: Indeedee|Helping Hand|p2b: Armarouge\n|-singleturn|p2b: Armarouge|Helping Hand|[of] p2a: Indeedee\n|move|p1a: Ogerpon|Spiky Shield|p1a: Ogerpon\n|-singleturn|p1a: Ogerpon|move: Protect\n|move|p2b: Armarouge|Heat Wave|p1b: Landorus|[spread] p1b\n|-activate|p1a: Ogerpon|move: Protect\n|-supereffective|p1b: Landorus\n|-damage|p1b: Landorus|0 fnt\n|faint|p1b: Landorus\n|\n|upkeep\n|\n|t:|1700960300\n|switch|p1b: Ninetales|Ninetales-Alola, L50, M|100\/100\n|-weather|Snow|[from] ability: Snow Warning|[of] p1b: Ninetales\n|turn|3\n|\n|t:|1700960314\n|move|p2a: Indeedee|Helping Hand|p2b: Armarouge\n|-singleturn|p2b: Armarouge|Helping Hand|[of] p2a: Indeedee\n|move|p1b: Ninetales|Protect|p1b: Ninetales\n|-singleturn|p1b: Ninetales|Protect\n|move|p2b: Armarouge|Expanding Force|p1a: Ogerpon|[spread] p1a\n|-activate|p1b: Ninetales|move: Protect\n|-damage|p1a: Ogerpon|0 fnt\n|faint|p1a: Ogerpon\n|\n|-weather|Snow|[upkeep]\n|upkeep\n|\n|t:|1700960323\n|switch|p1a: Baxcalibur|Baxcalibur, L50, F|100\/100\n|turn|4\n|\n|t:|1700960334\n|move|p2a: Indeedee|Helping Hand|p2b: Armarouge\n|-singleturn|p2b: Armarouge|Helping Hand|[of] p2a: Indeedee\n|move|p1a: Baxcalibur|Protect|p1a: Baxcalibur\n|-singleturn|p1a: Baxcalibur|Protect\n|move|p2b: Armarouge|Expanding Force|p1b: Ninetales|[spread] p1b\n|-activate|p1a: Baxcalibur|move: Protect\n|-damage|p1b: Ninetales|0 fnt\n|faint|p1b: Ninetales\n|\n|-weather|Snow|[upkeep]\n|upkeep\n|turn|5\n|-message|Seekuh forfeited.\n|\n|win|KingA3\n|raw|Seekuh's rating: 1273 &rarr; <strong>1252<\/strong><br \/>(-21 for losing)\n|raw|KingA3's rating: 1334 &rarr; <strong>1351<\/strong><br \/>(+17 for winning)\n|l|\u2606Seekuh\n","uploadtime":1700960351,"views":5,"p1id":"seekuh","p2id":"kinga3","formatid":"gen9vgc2023regulatione","rating":1252,"private":0,"password":""}