{"id":"gen9vgc2023regulatione-1993569318","p1":"cb-sooner","p2":"Jard13255","format":"[Gen 9] VGC 2023 Regulation E","log":"|j|\u2606cb-sooner\n|j|\u2606Jard13255\n|t:|1700332794\n|gametype|doubles\n|player|p1|cb-sooner|lucas|\n|player|p2|Jard13255|102|\n|teamsize|p1|6\n|teamsize|p2|6\n|gen|9\n|tier|[Gen 9] VGC 2023 Regulation E\n|rule|Species Clause: Limit one of each Pok\u00e9mon\n|rule|Item Clause: Limit one of each item\n|clearpoke\n|poke|p1|Urshifu-*, L50, M|\n|poke|p1|Iron Bundle, L50|\n|poke|p1|Landorus-Therian, L50, M|\n|poke|p1|Sylveon, L50, M|\n|poke|p1|Ogerpon-Hearthflame, L50, F|\n|poke|p1|Tornadus, L50, M|\n|poke|p2|Gyarados, L50, F|\n|poke|p2|Garganacl, L50, F|\n|poke|p2|Sinistcha, L50|\n|poke|p2|Iron Hands, L50|\n|poke|p2|Grimmsnarl, L50, M|\n|poke|p2|Glimmora, L50, M|\n|teampreview|4\nJard13255 has agreed to open team sheets.\ncb-sooner has agreed to open team sheets.\n|showteam|p1|Urshifu||BlackGlasses|UnseenFist|WickedBlow,CloseCombat,SuckerPunch,Protect|||M|||50|,,,,,Dark]Iron Bundle||BoosterEnergy|QuarkDrive|IcyWind,HydroPump,FreezeDry,Protect||||||50|,,,,,Ghost]Landorus-Therian||ChoiceScarf|Intimidate|StompingTantrum,TeraBlast,Uturn,RockSlide|||M|||50|,,,,,Flying]Sylveon||FairyFeather|Pixilate|HyperVoice,QuickAttack,TeraBlast,Protect|||M|||50|,,,,,Steel]Ogerpon-Hearthflame||HearthflameMask|MoldBreaker|IvyCudgel,HornLeech,FollowMe,SpikyShield|||F|||50|,,,,,Fire]Tornadus||CovertCloak|Prankster|BleakwindStorm,Tailwind,Taunt,Uturn|||M|||50|,,,,,Ghost\n|showteam|p2|Gyarados||AguavBerry|Intimidate|Protect,Waterfall,Taunt,DragonTail|||F|||50|,,,,,Dragon]Garganacl||Leftovers|PurifyingSalt|SaltCure,Protect,Recover,StealthRock|||F|||50|,,,,,Flying]Sinistcha||RockyHelmet|Hospitality|MatchaGotcha,Protect,StrengthSap,Hex||||||50|,,,,,Water]Iron Hands||FigyBerry|QuarkDrive|Protect,DrainPunch,FakeOut,ThunderPunch||||||50|,,,,,Fairy]Grimmsnarl||LightClay|Prankster|SpiritBreak,Reflect,LightScreen,PartingShot|||M|||50|,,,,,Fire]Glimmora||AssaultVest|ToxicDebris|MortalSpin,EarthPower,PowerGem,Venoshock|||M|||50|,,,,,Grass\n|\n|t:|1700332869\n|start\n|switch|p1a: Carsoro|Ogerpon-Hearthflame, L50, F|100\/100\n|switch|p1b: Pengy|Iron Bundle, L50|100\/100\n|switch|p2a: Iron Hands|Iron Hands, L50|100\/100\n|switch|p2b: Grimmsnarl|Grimmsnarl, L50, M|100\/100\n|-ability|p1a: Carsoro|Mold Breaker\n|-enditem|p1b: Pengy|Booster Energy\n|-activate|p1b: Pengy|ability: Quark Drive|[fromitem]\n|-start|p1b: Pengy|quarkdrivespe\n|turn|1\n|\n|t:|1700332912\n|-end|p2a: Iron Hands|Quark Drive|[silent]\n|switch|p2a: Gyarados|Gyarados, L50, F|100\/100\n|-ability|p2a: Gyarados|Intimidate|boost\n|-unboost|p1a: Carsoro|atk|1\n|-unboost|p1b: Pengy|atk|1\n|-terastallize|p1a: Carsoro|Fire\n|detailschange|p1a: Carsoro|Ogerpon-Hearthflame-Tera, L50, F, tera:Fire\n|-ability|p1a: Carsoro|Embody Aspect (Hearthflame)|boost\n|-boost|p1a: Carsoro|atk|1\n|move|p2b: Grimmsnarl|Parting Shot|p1a: Carsoro\n|-unboost|p1a: Carsoro|atk|1\n|-unboost|p1a: Carsoro|spa|1\n|\n|t:|1700332926\n|switch|p2b: Iron Hands|Iron Hands, L50|100\/100|[from] Parting Shot\n|move|p1b: Pengy|Freeze-Dry|p2a: Gyarados\n|-supereffective|p2a: Gyarados\n|-damage|p2a: Gyarados|0 fnt\n|faint|p2a: Gyarados\n|move|p1a: Carsoro|Ivy Cudgel|p2b: Iron Hands|[anim] Ivy Cudgel Fire\n|-damage|p2b: Iron Hands|64\/100\n|\n|upkeep\n|\n|t:|1700332944\n|switch|p2a: Glimmora|Glimmora, L50, M|100\/100\n|turn|2\n|\n|t:|1700332982\n|switch|p1a: Knucle Joe|Urshifu, L50, M|100\/100\n|move|p1b: Pengy|Protect|p1b: Pengy\n|-singleturn|p1b: Pengy|Protect\n|move|p2a: Glimmora|Power Gem|p1a: Knucle Joe\n|-resisted|p1a: Knucle Joe\n|-damage|p1a: Knucle Joe|68\/100\n|move|p2b: Iron Hands|Drain Punch|p1b: Pengy\n|-activate|p1b: Pengy|move: Protect\n|\n|upkeep\n|turn|3\n|\n|t:|1700333009\n|-end|p1b: Pengy|Quark Drive|[silent]\n|switch|p1b: Walky|Sylveon, L50, M|100\/100\n|switch|p2a: Grimmsnarl|Grimmsnarl, L50, M|100\/100\n|move|p1a: Knucle Joe|Protect|p1a: Knucle Joe\n|-singleturn|p1a: Knucle Joe|Protect\n|move|p2b: Iron Hands|Drain Punch|p1a: Knucle Joe\n|-activate|p1a: Knucle Joe|move: Protect\n|\n|upkeep\n|turn|4\n|\n|t:|1700333038\n|move|p2a: Grimmsnarl|Parting Shot|p1b: Walky\n|-unboost|p1b: Walky|atk|1\n|-unboost|p1b: Walky|spa|1\n|\n|t:|1700333041\n|switch|p2a: Glimmora|Glimmora, L50, M|100\/100|[from] Parting Shot\n|move|p1a: Knucle Joe|Wicked Blow|p2b: Iron Hands\n|-resisted|p2b: Iron Hands\n|-crit|p2b: Iron Hands\n|-damage|p2b: Iron Hands|40\/100\n|move|p1b: Walky|Hyper Voice|p2b: Iron Hands|[spread] p2a,p2b\n|-resisted|p2a: Glimmora\n|-supereffective|p2b: Iron Hands\n|-damage|p2a: Glimmora|89\/100\n|-damage|p2b: Iron Hands|0 fnt\n|faint|p2b: Iron Hands\n|-end|p2b: Iron Hands|Quark Drive|[silent]\n|\n|upkeep\n|\n|t:|1700333053\n|switch|p2b: Grimmsnarl|Grimmsnarl, L50, M|100\/100\n|turn|5\n|\n|t:|1700333082\n|move|p1a: Knucle Joe|Protect|p1a: Knucle Joe\n|-singleturn|p1a: Knucle Joe|Protect\n|move|p2a: Glimmora|Venoshock|p1b: Walky\n|-supereffective|p1b: Walky\n|-damage|p1b: Walky|50\/100\n|move|p1b: Walky|Tera Blast|p2b: Grimmsnarl\n|-supereffective|p2b: Grimmsnarl\n|-damage|p2b: Grimmsnarl|22\/100\n|move|p2b: Grimmsnarl|Spirit Break|p1a: Knucle Joe\n|-activate|p1a: Knucle Joe|move: Protect\n|\n|upkeep\n|turn|6\n|\n|t:|1700333112\n|move|p1b: Walky|Quick Attack|p2b: Grimmsnarl\n|-supereffective|p2b: Grimmsnarl\n|-damage|p2b: Grimmsnarl|6\/100\n|move|p2b: Grimmsnarl|Light Screen|p2b: Grimmsnarl\n|-sidestart|p2: Jard13255|move: Light Screen\n|move|p1a: Knucle Joe|Wicked Blow|p2a: Glimmora\n|-crit|p2a: Glimmora\n|-damage|p2a: Glimmora|20\/100\n|-activate|p2a: Glimmora|ability: Toxic Debris\n|-sidestart|p1: cb-sooner|move: Toxic Spikes\n|move|p2a: Glimmora|Mortal Spin|p1b: Walky|[spread] p1a,p1b\n|-supereffective|p1b: Walky\n|-damage|p1a: Knucle Joe|62\/100\n|-damage|p1b: Walky|38\/100\n|-status|p1a: Knucle Joe|psn\n|-status|p1b: Walky|psn\n|\n|-damage|p1a: Knucle Joe|50\/100 psn|[from] psn\n|-damage|p1b: Walky|25\/100 psn|[from] psn\n|upkeep\n|turn|7\n|\n|t:|1700333134\n|move|p1b: Walky|Quick Attack|p2b: Grimmsnarl\n|-supereffective|p2b: Grimmsnarl\n|-damage|p2b: Grimmsnarl|0 fnt\n|faint|p2b: Grimmsnarl\n|move|p1a: Knucle Joe|Wicked Blow|p2a: Glimmora\n|-crit|p2a: Glimmora\n|-damage|p2a: Glimmora|0 fnt\n|-activate|p2a: Glimmora|ability: Toxic Debris\n|-sidestart|p1: cb-sooner|move: Toxic Spikes\n|faint|p2a: Glimmora\n|\n|win|cb-sooner\n","uploadtime":1700333149,"views":17,"p1id":"cbsooner","p2id":"jard13255","formatid":"gen9vgc2023regulatione","rating":0,"private":0,"password":""}