{"id":"gen9vgc2023regulatione-1995366933","p1":"1shing1","p2":"slow blade","format":"[Gen 9] VGC 2023 Regulation E","log":"|j|\u26061shing1\n|j|\u2606slow blade\n|t:|1700560773\n|gametype|doubles\n|player|p1|1shing1|266|1102\n|player|p2|slow blade|red|1182\n|teamsize|p1|6\n|teamsize|p2|6\n|gen|9\n|tier|[Gen 9] VGC 2023 Regulation E\n|rated|\n|rule|Species Clause: Limit one of each Pok\u00e9mon\n|rule|Item Clause: Limit one of each item\n|clearpoke\n|poke|p1|Ninetales-Alola, L50, F|\n|poke|p1|Indeedee-F, L50, F|\n|poke|p1|Roaring Moon, L50|\n|poke|p1|Milotic, L50, F|\n|poke|p1|Brambleghast, L50, M|\n|poke|p1|Articuno, L50|\n|poke|p2|Pawmot, L50, F|\n|poke|p2|Rabsca, L50, F|\n|poke|p2|Golem-Alola, L50, F|\n|poke|p2|Grafaiai, L50, F|\n|poke|p2|Pelipper, L50, F|\n|poke|p2|Basculegion, L50, M|\n|teampreview|4\n|inactive|Battle timer is ON: inactive players will automatically lose when time's up. (requested by slow blade)\n|\n|t:|1700560802\n|start\n|switch|p1a: Ninetales|Ninetales-Alola, L50, F|100\/100\n|switch|p1b: Roaring Moon|Roaring Moon, L50|100\/100\n|switch|p2a: Golem|Golem-Alola, L50, F, shiny|100\/100\n|switch|p2b: Pelipper|Pelipper, L50, F, shiny|100\/100\n|-weather|Snow|[from] ability: Snow Warning|[of] p1a: Ninetales\n|-weather|RainDance|[from] ability: Drizzle|[of] p2b: Pelipper\n|-enditem|p1b: Roaring Moon|Booster Energy\n|-activate|p1b: Roaring Moon|ability: Protosynthesis|[fromitem]\n|-start|p1b: Roaring Moon|protosynthesisatk\n|turn|1\n|inactive|slow blade has 30 seconds left.\n|inactive|slow blade has 20 seconds left.\n|\n|t:|1700560841\n|move|p2a: Golem|Wide Guard|p2a: Golem\n|-singleturn|p2a: Golem|Wide Guard\n|move|p1b: Roaring Moon|Knock Off|p2b: Pelipper\n|-damage|p2b: Pelipper|27\/100\n|-enditem|p2b: Pelipper|Sitrus Berry|[from] move: Knock Off|[of] p1b: Roaring Moon\n|move|p1a: Ninetales|Moonblast|p2b: Pelipper\n|-damage|p2b: Pelipper|0 fnt\n|faint|p2b: Pelipper\n|\n|-weather|RainDance|[upkeep]\n|upkeep\n|\n|t:|1700560852\n|switch|p2b: Pawmot|Pawmot, L50, F, shiny|100\/100\n|turn|2\n|inactive|1shing1 has 30 seconds left.\n|inactive|1shing1 has 20 seconds left.\n|inactive|1shing1 has 15 seconds left.\n|inactive|1shing1 has 10 seconds left.\n|inactive|1shing1 has 5 seconds left.\n|\n|t:|1700560907\n|move|p2b: Pawmot|Fake Out|p1a: Ninetales\n|-damage|p1a: Ninetales|81\/100\n|move|p1b: Roaring Moon|Earthquake|p2b: Pawmot|[spread] p1a,p2a,p2b\n|-supereffective|p2a: Golem\n|-supereffective|p2b: Pawmot\n|-damage|p1a: Ninetales|36\/100\n|-damage|p2a: Golem|2\/100\n|-enditem|p2b: Pawmot|Focus Sash\n|-damage|p2b: Pawmot|1\/100\n|cant|p1a: Ninetales|flinch\n|move|p2a: Golem|Explosion|p1a: Ninetales|[spread] p1a,p1b\n|-heal|p2b: Pawmot|26\/100|[from] ability: Volt Absorb|[of] p2a: Golem\n|-resisted|p1b: Roaring Moon\n|-damage|p1a: Ninetales|0 fnt\n|-damage|p1b: Roaring Moon|29\/100\n|faint|p2a: Golem\n|faint|p1a: Ninetales\n|\n|-weather|RainDance|[upkeep]\n|upkeep\n|inactive|1shing1 has 30 seconds left.\n|\n|t:|1700560932\n|switch|p1a: Milotic|Milotic, L50, F|100\/100\n|switch|p2a: Basculegion|Basculegion, L50, M, shiny|100\/100\n|turn|3\n|\n|t:|1700560957\n|-end|p1b: Roaring Moon|Protosynthesis|[silent]\n|switch|p1b: Articuno|Articuno, L50|100\/100\n|move|p2a: Basculegion|Last Respects|p1b: Articuno\n|-damage|p1b: Articuno|11\/100\n|-damage|p2a: Basculegion|91\/100|[from] item: Life Orb\n|move|p2b: Pawmot|Double Shock|p1a: Milotic\n|-supereffective|p1a: Milotic\n|-damage|p1a: Milotic|0 fnt\n|-start|p2b: Pawmot|typechange|???\/Fighting|[from] move: Double Shock\n|faint|p1a: Milotic\n|\n|-weather|RainDance|[upkeep]\n|upkeep\n|\n|t:|1700560968\n|switch|p1a: Roaring Moon|Roaring Moon, L50|29\/100\n|turn|4\n|\n|t:|1700560978\n|move|p1a: Roaring Moon|Protect|p1a: Roaring Moon\n|-singleturn|p1a: Roaring Moon|Protect\n|move|p2a: Basculegion|Last Respects|p1a: Roaring Moon\n|-activate|p1a: Roaring Moon|move: Protect\n|move|p2b: Pawmot|Close Combat|p1b: Articuno\n|-damage|p1b: Articuno|0 fnt\n|-unboost|p2b: Pawmot|def|1\n|-unboost|p2b: Pawmot|spd|1\n|faint|p1b: Articuno\n|\n|-weather|RainDance|[upkeep]\n|upkeep\n|turn|5\n|-message|1shing1 forfeited.\n|\n|win|slow blade\n|raw|1shing1's rating: 1102 &rarr; <strong>1083<\/strong><br \/>(-19 for losing)\n|raw|slow blade's rating: 1182 &rarr; <strong>1201<\/strong><br \/>(+19 for winning)\n|l|\u26061shing1\n","uploadtime":1700560989,"views":0,"p1id":"1shing1","p2id":"slowblade","formatid":"gen9vgc2023regulatione","rating":1083,"private":0,"password":""}