{"id":"gen9vgc2023regulatione-1998147809","p1":"cooletsdewl","p2":"PsychoR&R","format":"[Gen 9] VGC 2023 Regulation E","log":"|j|\u2606cooletsdewl\n|j|\u2606PsychoR&R\n|t:|1700900602\n|gametype|doubles\n|player|p1|cooletsdewl|clerkf|1342\n|player|p2|PsychoR&R|1|1462\n|teamsize|p1|6\n|teamsize|p2|6\n|gen|9\n|tier|[Gen 9] VGC 2023 Regulation E\n|rated|\n|rule|Species Clause: Limit one of each Pok\u00e9mon\n|rule|Item Clause: Limit one of each item\n|clearpoke\n|poke|p1|Hatterene, L50, F|\n|poke|p1|Grimmsnarl, L50, M|\n|poke|p1|Iron Hands, L50|\n|poke|p1|Heatran, L50, M|\n|poke|p1|Farigiraf, L50, M|\n|poke|p1|Rillaboom, L50, M|\n|poke|p2|Roaring Moon, L50|\n|poke|p2|Weezing, L50, F|\n|poke|p2|Landorus-Therian, L50, M|\n|poke|p2|Iron Hands, L50|\n|poke|p2|Flutter Mane, L50|\n|poke|p2|Ogerpon-Wellspring, L50, F|\n|teampreview|4\n|inactive|Battle timer is ON: inactive players will automatically lose when time's up. (requested by cooletsdewl)\nPsychoR&R has agreed to open team sheets.\ncooletsdewl rejected open team sheets.\n|inactive|PsychoR&R has 60 seconds left.\n|j| Asacado\n|\n|t:|1700900637\n|start\n|switch|p1a: Hatterene|Hatterene, L50, F|100\/100\n|switch|p1b: Heatran|Heatran, L50, M|100\/100\n|switch|p2a: Weezing|Weezing, L50, F|100\/100\n|switch|p2b: Iron Hands|Iron Hands, L50|100\/100\n|-ability|p2a: Weezing|Neutralizing Gas\n|turn|1\n|\n|t:|1700900653\n|move|p1b: Heatran|Protect|p1b: Heatran\n|-singleturn|p1b: Heatran|Protect\n|move|p2b: Iron Hands|Fake Out|p1b: Heatran\n|-activate|p1b: Heatran|move: Protect\n|move|p2a: Weezing|Taunt|p1a: Hatterene\n|-start|p1a: Hatterene|move: Taunt\n|move|p1a: Hatterene|Psychic|p2a: Weezing\n|-supereffective|p2a: Weezing\n|-damage|p2a: Weezing|0 fnt\n|faint|p2a: Weezing\n|-end|p2a: Weezing|ability: Neutralizing Gas\n|\n|upkeep\n|\n|t:|1700900662\n|switch|p2a: Landorus|Landorus-Therian, L50, M|100\/100\n|-ability|p2a: Landorus|Intimidate|boost\n|-unboost|p1a: Hatterene|atk|1\n|-unboost|p1b: Heatran|atk|1\n|turn|2\n|\n|t:|1700900679\n|-terastallize|p1b: Heatran|Grass\n|-terastallize|p2b: Iron Hands|Fire\n|move|p2a: Landorus|U-turn|p1b: Heatran\n|-supereffective|p1b: Heatran\n|-damage|p1b: Heatran|49\/100\n|-enditem|p1b: Heatran|Weakness Policy\n|-boost|p1b: Heatran|atk|2|[from] item: Weakness Policy\n|-boost|p1b: Heatran|spa|2|[from] item: Weakness Policy\n|\n|t:|1700900686\n|switch|p2a: Flutter Mane|Flutter Mane, L50|100\/100|[from] U-turn\n|move|p1b: Heatran|Heat Wave|p2b: Iron Hands|[spread] p2a,p2b\n|-resisted|p2b: Iron Hands\n|-damage|p2a: Flutter Mane|16\/100\n|-damage|p2b: Iron Hands|78\/100\n|move|p2b: Iron Hands|Heavy Slam|p1a: Hatterene\n|-supereffective|p1a: Hatterene\n|-damage|p1a: Hatterene|3\/100\n|move|p1a: Hatterene|Psychic|p2b: Iron Hands\n|-damage|p2b: Iron Hands|50\/100\n|\n|upkeep\n|turn|3\n|c|\u2606PsychoR&R|cool\n|inactive|cooletsdewl has 30 seconds left.\n|\n|t:|1700900714\n|move|p1b: Heatran|Protect|p1b: Heatran\n|-singleturn|p1b: Heatran|Protect\n|move|p2a: Flutter Mane|Dazzling Gleam|p1b: Heatran|[spread] p1a\n|-activate|p1b: Heatran|move: Protect\n|-damage|p1a: Hatterene|0 fnt\n|faint|p1a: Hatterene\n|move|p2b: Iron Hands|Drain Punch|p1b: Heatran\n|-activate|p1b: Heatran|move: Protect\n|\n|upkeep\n|inactive|cooletsdewl has 30 seconds left.\n|\n|t:|1700900741\n|switch|p1a: Farigiraf|Farigiraf, L50, M|100\/100\n|turn|4\n|\n|t:|1700900748\n|move|p2a: Flutter Mane|Dazzling Gleam|p1b: Heatran|[spread] p1a,p1b\n|-damage|p1a: Farigiraf|52\/100\n|-damage|p1b: Heatran|11\/100\n|move|p1b: Heatran|Heat Wave|p2b: Iron Hands|[spread] p2a,p2b\n|-resisted|p2b: Iron Hands\n|-damage|p2a: Flutter Mane|0 fnt\n|-damage|p2b: Iron Hands|28\/100\n|faint|p2a: Flutter Mane\n|-end|p2a: Flutter Mane|Protosynthesis|[silent]\n|move|p2b: Iron Hands|Drain Punch|p1a: Farigiraf\n|-damage|p1a: Farigiraf|9\/100\n|-heal|p2b: Iron Hands|48\/100|[from] drain|[of] p1a: Farigiraf\n|move|p1a: Farigiraf|Trick Room|p1a: Farigiraf\n|-fieldstart|move: Trick Room|[of] p1a: Farigiraf\n|\n|upkeep\n|\n|t:|1700900760\n|switch|p2a: Landorus|Landorus-Therian, L50, M|100\/100\n|-ability|p2a: Landorus|Intimidate|boost\n|-unboost|p1a: Farigiraf|atk|1\n|-unboost|p1b: Heatran|atk|1\n|turn|5\n|\n|t:|1700900773\n|move|p1b: Heatran|Protect|p1b: Heatran\n|-singleturn|p1b: Heatran|Protect\n|move|p1a: Farigiraf|Hyper Voice|p2a: Landorus|[spread] p2a,p2b\n|-damage|p2a: Landorus|58\/100\n|-damage|p2b: Iron Hands|31\/100\n|-enditem|p1a: Farigiraf|Throat Spray\n|-boost|p1a: Farigiraf|spa|1|[from] item: Throat Spray\n|move|p2b: Iron Hands|Drain Punch|p1a: Farigiraf\n|-damage|p1a: Farigiraf|0 fnt\n|-heal|p2b: Iron Hands|35\/100|[from] drain|[of] p1a: Farigiraf\n|faint|p1a: Farigiraf\n|move|p2a: Landorus|Stomping Tantrum|p1b: Heatran\n|-activate|p1b: Heatran|move: Protect\n|\n|upkeep\n|\n|t:|1700900787\n|switch|p1a: Grimmsnarl|Grimmsnarl, L50, M|100\/100\n|-item|p2a: Landorus|Choice Scarf|[from] ability: Frisk|[of] p1a: Grimmsnarl|[identify]\n|-item|p2b: Iron Hands|Assault Vest|[from] ability: Frisk|[of] p1a: Grimmsnarl|[identify]\n|turn|6\n|l|\u2606cooletsdewl\n|inactive|cooletsdewl disconnected and has a minute to reconnect!\n|player|p1|\n|c|\u2606PsychoR&R|not OTS puxxy\n|j|\u2606cooletsdewl\n|inactive|cooletsdewl reconnected and has 45 seconds left.\n|player|p1|cooletsdewl|clerkf\n|\n|t:|1700900806\n|move|p1a: Grimmsnarl|Fake Out|p2b: Iron Hands\n|-damage|p2b: Iron Hands|25\/100\n|cant|p2b: Iron Hands|flinch\n|move|p1b: Heatran|Tera Blast|p2a: Landorus|[anim] Tera Blast Grass\n|-damage|p2a: Landorus|0 fnt\n|faint|p2a: Landorus\n|\n|upkeep\n|turn|7\n|\n|t:|1700900822\n|move|p1a: Grimmsnarl|Crunch|p2b: Iron Hands\n|-damage|p2b: Iron Hands|0 fnt\n|faint|p2b: Iron Hands\n|-end|p2b: Iron Hands|Quark Drive|[silent]\n|\n|win|cooletsdewl\n|raw|cooletsdewl's rating: 1342 &rarr; <strong>1369<\/strong><br \/>(+27 for winning)\n|raw|PsychoR&amp;R's rating: 1462 &rarr; <strong>1435<\/strong><br \/>(-27 for losing)\n|c|\u2606PsychoR&R|==\n|l| Asacado\n","uploadtime":1700900839,"views":20,"p1id":"cooletsdewl","p2id":"psychorr","formatid":"gen9vgc2023regulatione","rating":1369,"private":0,"password":""}