{"id":"gen9vgc2023regulatione-2000238075","p1":"Shinoz","p2":"Smallchiou36","format":"[Gen 9] VGC 2023 Regulation E","log":"|j|\u2606Shinoz\n|j|\u2606Smallchiou36\n|t:|1701176102\n|gametype|doubles\n|player|p1|Shinoz|169|1523\n|player|p2|Smallchiou36|iono|1679\n|teamsize|p1|6\n|teamsize|p2|6\n|gen|9\n|tier|[Gen 9] VGC 2023 Regulation E\n|rated|\n|rule|Species Clause: Limit one of each Pok\u00e9mon\n|rule|Item Clause: Limit one of each item\n|clearpoke\n|poke|p1|Tornadus, L50, M|\n|poke|p1|Landorus-Therian, L50, M|\n|poke|p1|Rillaboom, L50, M|\n|poke|p1|Urshifu-*, L50, M|\n|poke|p1|Heatran, L50, M|\n|poke|p1|Iron Hands, L50|\n|poke|p2|Indeedee-F, L50, F|\n|poke|p2|Armarouge, L50, M|\n|poke|p2|Hatterene, L50, F|\n|poke|p2|Ursaluna, L50, M|\n|poke|p2|Lilligant-Hisui, L50, F|\n|poke|p2|Torkoal, L50, M|\n|teampreview|4\n|j| O1OOO1O1\nShinoz has agreed to open team sheets.\nSmallchiou36 has agreed to open team sheets.\n|inactive|Battle timer is ON: inactive players will automatically lose when time's up. (requested by Shinoz)\n|\n|t:|1701176161\n|start\n|switch|p1a: Landorus|Landorus-Therian, L50, M|100\/100\n|switch|p1b: Heatran|Heatran, L50, M, shiny|100\/100\n|switch|p2a: Indeedee|Indeedee-F, L50, F|100\/100\n|switch|p2b: Armarouge|Armarouge, L50, M, shiny|100\/100\n|-ability|p1a: Landorus|Intimidate|boost\n|-unboost|p2a: Indeedee|atk|1\n|-unboost|p2b: Armarouge|atk|1\n|-fieldstart|move: Psychic Terrain|[from] ability: Psychic Surge|[of] p2a: Indeedee\n|-enditem|p2a: Indeedee|Psychic Seed\n|-boost|p2a: Indeedee|spd|1|[from] item: Psychic Seed\n|turn|1\n|inactive|Shinoz has 30 seconds left.\n|\n|t:|1701176188\n|switch|p2a: Ursaluna|Ursaluna, L50, M, shiny|100\/100\n|move|p1a: Landorus|U-turn|p2b: Armarouge\n|-damage|p2b: Armarouge|73\/100\n|\n|t:|1701176193\n|switch|p1a: Rillaboom|Rillaboom, L50, M|100\/100|[from] U-turn\n|-fieldstart|move: Grassy Terrain|[from] ability: Grassy Surge|[of] p1a: Rillaboom\n|move|p1b: Heatran|Magma Storm|p2a: Ursaluna\n|-damage|p2a: Ursaluna|55\/100\n|-activate|p2a: Ursaluna|move: Magma Storm|[of] p1b: Heatran\n|move|p2b: Armarouge|Trick Room|p2b: Armarouge\n|-fieldstart|move: Trick Room|[of] p2b: Armarouge\n|\n|-heal|p2a: Ursaluna|60\/100|[from] Grassy Terrain\n|-heal|p2b: Armarouge|79\/100|[from] Grassy Terrain\n|-damage|p2a: Ursaluna|48\/100|[from] move: Magma Storm|[partiallytrapped]\n|-status|p2a: Ursaluna|brn|[from] item: Flame Orb\n|upkeep\n|turn|2\n|inactive|Shinoz has 30 seconds left.\n|inactive|Smallchiou36 has 30 seconds left.\n|\n|t:|1701176227\n|switch|p2b: Indeedee|Indeedee-F, L50, F|100\/100\n|-fieldstart|move: Psychic Terrain|[from] ability: Psychic Surge|[of] p2b: Indeedee\n|-terastallize|p2a: Ursaluna|Normal\n|move|p2a: Ursaluna|Facade|p1a: Rillaboom\n|-damage|p1a: Rillaboom|0 fnt\n|faint|p1a: Rillaboom\n|move|p1b: Heatran|Earth Power|p2b: Indeedee\n|-damage|p2b: Indeedee|71\/100\n|\n|-damage|p2a: Ursaluna|42\/100 brn|[from] brn\n|-damage|p2a: Ursaluna|30\/100 brn|[from] move: Magma Storm|[partiallytrapped]\n|upkeep\n|\n|t:|1701176235\n|switch|p1a: Landorus|Landorus-Therian, L50, M|100\/100\n|-ability|p1a: Landorus|Intimidate|boost\n|-unboost|p2a: Ursaluna|atk|1\n|-unboost|p2b: Indeedee|atk|1\n|turn|3\n|\n|t:|1701176254\n|-terastallize|p1b: Heatran|Grass\n|move|p2b: Indeedee|Helping Hand|p2a: Ursaluna\n|-singleturn|p2a: Ursaluna|Helping Hand|[of] p2b: Indeedee\n|move|p2a: Ursaluna|Facade|p1a: Landorus\n|-damage|p1a: Landorus|0 fnt\n|faint|p1a: Landorus\n|move|p1b: Heatran|Earth Power|p2a: Ursaluna\n|-damage|p2a: Ursaluna|0 fnt\n|faint|p2a: Ursaluna\n|\n|upkeep\n|\n|t:|1701176259\n|switch|p2a: Armarouge|Armarouge, L50, M, shiny|79\/100\n|switch|p1a: Urshifu|Urshifu-Rapid-Strike, L50, M|100\/100\n|turn|4\n|\n|t:|1701176266\n|move|p2b: Indeedee|Helping Hand|p2a: Armarouge\n|-singleturn|p2a: Armarouge|Helping Hand|[of] p2b: Indeedee\n|move|p1b: Heatran|Protect|p1b: Heatran\n|-singleturn|p1b: Heatran|Protect\n|move|p1a: Urshifu|Detect|p1a: Urshifu\n|-singleturn|p1a: Urshifu|Protect\n|move|p2a: Armarouge|Expanding Force|p1a: Urshifu|[spread] \n|-activate|p1a: Urshifu|move: Protect\n|-activate|p1b: Heatran|move: Protect\n|\n|upkeep\n|turn|5\n|\n|t:|1701176283\n|move|p2b: Indeedee|Helping Hand|p2a: Armarouge\n|-singleturn|p2a: Armarouge|Helping Hand|[of] p2b: Indeedee\n|move|p1b: Heatran|Protect||[still]\n|-fail|p1b: Heatran\n|move|p1a: Urshifu|Detect||[still]\n|-fail|p1a: Urshifu\n|move|p2a: Armarouge|Expanding Force|p1b: Heatran|[spread] p1a,p1b\n|-supereffective|p1a: Urshifu\n|-damage|p1a: Urshifu|0 fnt\n|-damage|p1b: Heatran|0 fnt\n|faint|p1a: Urshifu\n|faint|p1b: Heatran\n|-damage|p2a: Armarouge|69\/100|[from] item: Life Orb\n|\n|win|Smallchiou36\n|raw|Shinoz's rating: 1523 &rarr; <strong>1511<\/strong><br \/>(-12 for losing)\n|raw|Smallchiou36's rating: 1679 &rarr; <strong>1691<\/strong><br \/>(+12 for winning)\n|l|\u2606Smallchiou36\n|l| O1OOO1O1\n|j|\u2606Smallchiou36\n|player|p2|Smallchiou36|iono\n|l|\u2606Smallchiou36\n|player|p2|\n","uploadtime":1701176377,"views":8,"p1id":"shinoz","p2id":"smallchiou36","formatid":"gen9vgc2023regulatione","rating":1511,"private":0,"password":""}