{"id":"gen9vgc2023regulatione-1989196968","p1":"McDonalds Fanta","p2":"IamTheRitz","format":"[Gen 9] VGC 2023 Regulation E","log":"|j|\u2606McDonalds Fanta\n|j|\u2606IamTheRitz\n|t:|1699822374\n|gametype|doubles\n|player|p1|McDonalds Fanta|266|1057\n|player|p2|IamTheRitz|gentleman-gen4dp|1000\n|teamsize|p1|6\n|teamsize|p2|6\n|gen|9\n|tier|[Gen 9] VGC 2023 Regulation E\n|rated|\n|rule|Species Clause: Limit one of each Pok\u00e9mon\n|rule|Item Clause: Limit one of each item\n|clearpoke\n|poke|p1|Zoroark-Hisui, L50, M|\n|poke|p1|Ting-Lu, L50|\n|poke|p1|Iron Bundle, L50|\n|poke|p1|Amoonguss, L50, F|\n|poke|p1|Regieleki, L50|\n|poke|p1|Flutter Mane, L50|\n|poke|p2|Sinistcha, L50|\n|poke|p2|Iron Hands, L50|\n|poke|p2|Urshifu-*, L50, F|\n|poke|p2|Ceruledge, L50, M|\n|poke|p2|Chi-Yu, L50|\n|poke|p2|Weezing, L50, M|\n|teampreview|4\nIamTheRitz rejected open team sheets.\n|\n|t:|1699822426\n|start\n|switch|p1a: Iron Bundle|Iron Bundle, L50|100\/100\n|switch|p1b: Regieleki|Regieleki, L50|100\/100\n|switch|p2a: Iron Hands|Iron Hands, L50|100\/100\n|switch|p2b: Chi-Yu|Chi-Yu, L50|100\/100\n|-ability|p2b: Chi-Yu|Beads of Ruin\n|-enditem|p2a: Iron Hands|Booster Energy\n|-activate|p2a: Iron Hands|ability: Quark Drive|[fromitem]\n|-start|p2a: Iron Hands|quarkdriveatk\n|turn|1\n|\n|t:|1699822447\n|-terastallize|p2b: Chi-Yu|Dark\n|move|p1a: Iron Bundle|Icy Wind|p2a: Iron Hands|[spread] p2a,p2b\n|-damage|p2a: Iron Hands|73\/100\n|-damage|p2b: Chi-Yu|77\/100\n|-unboost|p2a: Iron Hands|spe|1\n|-unboost|p2b: Chi-Yu|spe|1\n|move|p1b: Regieleki|Will-O-Wisp|p2a: Iron Hands\n|-status|p2a: Iron Hands|brn\n|move|p2b: Chi-Yu|Tera Blast|p1b: Regieleki|[anim] Tera Blast Dark\n|-supereffective|p1b: Regieleki\n|-damage|p1b: Regieleki|0 fnt\n|replace|p1b: Zoroark|Zoroark-Hisui, L50, M\n|-end|p1b: Zoroark|Illusion\n|faint|p1b: Zoroark\n|move|p2a: Iron Hands|Wild Charge|p1a: Iron Bundle\n|-supereffective|p1a: Iron Bundle\n|-damage|p1a: Iron Bundle|37\/100\n|-damage|p2a: Iron Hands|62\/100 brn|[from] Recoil\n|\n|-damage|p2a: Iron Hands|56\/100 brn|[from] brn\n|upkeep\n|\n|t:|1699822467\n|switch|p1b: Regieleki|Regieleki, L50|100\/100\n|turn|2\n|\n|t:|1699822476\n|move|p1b: Regieleki|Electroweb|p2a: Iron Hands|[spread] p2a\n|-miss|p1b: Regieleki|p2b: Chi-Yu\n|-resisted|p2a: Iron Hands\n|-damage|p2a: Iron Hands|42\/100 brn\n|-unboost|p2a: Iron Hands|spe|1\n|move|p1a: Iron Bundle|Icy Wind|p2a: Iron Hands|[spread] p2a,p2b\n|-damage|p2a: Iron Hands|18\/100 brn\n|-damage|p2b: Chi-Yu|54\/100\n|-unboost|p2a: Iron Hands|spe|1\n|-unboost|p2b: Chi-Yu|spe|1\n|move|p2b: Chi-Yu|Tera Blast|p1b: Regieleki|[anim] Tera Blast Dark\n|-enditem|p1b: Regieleki|Focus Sash\n|-damage|p1b: Regieleki|1\/100\n|move|p2a: Iron Hands|Volt Switch|p1a: Iron Bundle\n|-supereffective|p1a: Iron Bundle\n|-damage|p1a: Iron Bundle|0 fnt\n|faint|p1a: Iron Bundle\n|-end|p1a: Iron Bundle|Quark Drive|[silent]\n|\n|t:|1699822498\n|-end|p2a: Iron Hands|Quark Drive|[silent]\n|switch|p2a: Ceruledge|Ceruledge, L50, M|100\/100|[from] Volt Switch\n|\n|upkeep\n|\n|t:|1699822502\n|switch|p1a: Ting-Lu|Ting-Lu, L50|100\/100\n|-ability|p1a: Ting-Lu|Vessel of Ruin\n|turn|3\n|\n|t:|1699822528\n|move|p1b: Regieleki|Protect|p1b: Regieleki\n|-singleturn|p1b: Regieleki|Protect\n|move|p2a: Ceruledge|Shadow Claw|p1b: Regieleki\n|-activate|p1b: Regieleki|move: Protect\n|move|p2b: Chi-Yu|Tera Blast|p1a: Ting-Lu|[anim] Tera Blast Dark\n|-resisted|p1a: Ting-Lu\n|-damage|p1a: Ting-Lu|76\/100\n|move|p1a: Ting-Lu|Ruination|p2a: Ceruledge\n|-damage|p2a: Ceruledge|50\/100\n|\n|-heal|p1a: Ting-Lu|82\/100|[from] item: Leftovers\n|upkeep\n|turn|4\n|\n|t:|1699822569\n|-terastallize|p1a: Ting-Lu|Poison\n|move|p1b: Regieleki|Electroweb|p2b: Chi-Yu|[spread] p2a,p2b\n|-damage|p2a: Ceruledge|22\/100\n|-damage|p2b: Chi-Yu|33\/100\n|-unboost|p2a: Ceruledge|spe|1\n|-unboost|p2b: Chi-Yu|spe|1\n|move|p2a: Ceruledge|Destiny Bond|p2a: Ceruledge\n|-singlemove|p2a: Ceruledge|Destiny Bond\n|move|p1a: Ting-Lu|Ruination|p2a: Ceruledge|[miss]\n|-miss|p1a: Ting-Lu|p2a: Ceruledge\n|move|p2b: Chi-Yu|Tera Blast|p1b: Regieleki|[anim] Tera Blast Dark\n|-damage|p1b: Regieleki|0 fnt\n|faint|p1b: Regieleki\n|\n|-heal|p1a: Ting-Lu|88\/100|[from] item: Leftovers\n|upkeep\n|turn|5\n|\n|t:|1699822614\n|move|p2a: Ceruledge|Close Combat|p1a: Ting-Lu\n|-resisted|p1a: Ting-Lu\n|-damage|p1a: Ting-Lu|80\/100\n|-unboost|p2a: Ceruledge|def|1\n|-unboost|p2a: Ceruledge|spd|1\n|move|p1a: Ting-Lu|Earthquake|p2a: Ceruledge|[spread] p2a,p2b\n|-supereffective|p2a: Ceruledge\n|-damage|p2a: Ceruledge|0 fnt\n|-damage|p2b: Chi-Yu|0 fnt\n|faint|p2a: Ceruledge\n|faint|p2b: Chi-Yu\n|\n|-heal|p1a: Ting-Lu|86\/100|[from] item: Leftovers\n|upkeep\n|\n|t:|1699822625\n|switch|p2b: Iron Hands|Iron Hands, L50|18\/100 brn\n|switch|p2a: Sinistcha|Sinistcha, L50|100\/100\n|-heal|p2b: Iron Hands|42\/100 brn|[from] ability: Hospitality|[of] p2a: Sinistcha\n|turn|6\n|\n|t:|1699822637\n|move|p2a: Sinistcha|Rage Powder|p2a: Sinistcha\n|-singleturn|p2a: Sinistcha|move: Rage Powder\n|move|p2b: Iron Hands|Wild Charge|p1a: Ting-Lu\n|-damage|p1a: Ting-Lu|73\/100\n|-damage|p2b: Iron Hands|38\/100 brn|[from] Recoil\n|move|p1a: Ting-Lu|Earthquake|p2a: Sinistcha|[spread] p2a,p2b\n|-resisted|p2a: Sinistcha\n|-supereffective|p2b: Iron Hands\n|-damage|p2a: Sinistcha|90\/100\n|-damage|p2b: Iron Hands|8\/100 brn\n|\n|-heal|p2a: Sinistcha|96\/100|[from] item: Leftovers\n|-heal|p1a: Ting-Lu|79\/100|[from] item: Leftovers\n|-damage|p2b: Iron Hands|2\/100 brn|[from] brn\n|upkeep\n|turn|7\n|\n|t:|1699822658\n|move|p2a: Sinistcha|Matcha Gotcha|p1a: Ting-Lu\n|-resisted|p1a: Ting-Lu\n|-damage|p1a: Ting-Lu|69\/100\n|-heal|p2a: Sinistcha|100\/100|[from] drain|[of] p1a: Ting-Lu\n|-status|p1a: Ting-Lu|brn\n|move|p2b: Iron Hands|Body Slam|p1a: Ting-Lu\n|-crit|p1a: Ting-Lu\n|-damage|p1a: Ting-Lu|57\/100 brn\n|move|p1a: Ting-Lu|Ruination|p2a: Sinistcha\n|-damage|p2a: Sinistcha|51\/100\n|\n|-heal|p2a: Sinistcha|57\/100|[from] item: Leftovers\n|-heal|p1a: Ting-Lu|63\/100 brn|[from] item: Leftovers\n|-damage|p2b: Iron Hands|0 fnt|[from] brn\n|faint|p2b: Iron Hands\n|-end|p2b: Iron Hands|Quark Drive|[silent]\n|-damage|p1a: Ting-Lu|57\/100 brn|[from] brn\n|upkeep\n|turn|8\n|\n|t:|1699822681\n|move|p2a: Sinistcha|Matcha Gotcha|p1a: Ting-Lu|[miss]\n|-miss|p2a: Sinistcha|p1a: Ting-Lu\n|move|p1a: Ting-Lu|Ruination|p2a: Sinistcha\n|-damage|p2a: Sinistcha|29\/100\n|\n|-heal|p2a: Sinistcha|35\/100|[from] item: Leftovers\n|-heal|p1a: Ting-Lu|63\/100 brn|[from] item: Leftovers\n|-damage|p1a: Ting-Lu|57\/100 brn|[from] brn\n|upkeep\n|turn|9\n|\n|t:|1699822697\n|move|p2a: Sinistcha|Strength Sap|p1a: Ting-Lu\n|-unboost|p1a: Ting-Lu|atk|1\n|-heal|p2a: Sinistcha|100\/100\n|move|p1a: Ting-Lu|Ruination|p2a: Sinistcha\n|-damage|p2a: Sinistcha|51\/100\n|\n|-heal|p2a: Sinistcha|57\/100|[from] item: Leftovers\n|-heal|p1a: Ting-Lu|63\/100 brn|[from] item: Leftovers\n|-damage|p1a: Ting-Lu|57\/100 brn|[from] brn\n|upkeep\n|turn|10\n|\n|t:|1699822708\n|move|p2a: Sinistcha|Matcha Gotcha|p1a: Ting-Lu\n|-resisted|p1a: Ting-Lu\n|-damage|p1a: Ting-Lu|48\/100 brn\n|-heal|p2a: Sinistcha|64\/100|[from] drain|[of] p1a: Ting-Lu\n|move|p1a: Ting-Lu|Ruination|p2a: Sinistcha\n|-damage|p2a: Sinistcha|32\/100\n|\n|-heal|p2a: Sinistcha|38\/100|[from] item: Leftovers\n|-heal|p1a: Ting-Lu|54\/100 brn|[from] item: Leftovers\n|-damage|p1a: Ting-Lu|48\/100 brn|[from] brn\n|upkeep\n|turn|11\n|\n|t:|1699822722\n|move|p2a: Sinistcha|Strength Sap|p1a: Ting-Lu\n|-unboost|p1a: Ting-Lu|atk|1\n|-heal|p2a: Sinistcha|89\/100\n|move|p1a: Ting-Lu|Ruination|p2a: Sinistcha\n|-damage|p2a: Sinistcha|45\/100\n|\n|-heal|p2a: Sinistcha|51\/100|[from] item: Leftovers\n|-heal|p1a: Ting-Lu|54\/100 brn|[from] item: Leftovers\n|-damage|p1a: Ting-Lu|48\/100 brn|[from] brn\n|upkeep\n|turn|12\n|\n|t:|1699822733\n|move|p2a: Sinistcha|Matcha Gotcha|p1a: Ting-Lu\n|-resisted|p1a: Ting-Lu\n|-damage|p1a: Ting-Lu|38\/100 brn\n|-heal|p2a: Sinistcha|58\/100|[from] drain|[of] p1a: Ting-Lu\n|move|p1a: Ting-Lu|Ruination|p2a: Sinistcha\n|-damage|p2a: Sinistcha|29\/100\n|\n|-heal|p2a: Sinistcha|35\/100|[from] item: Leftovers\n|-heal|p1a: Ting-Lu|45\/100 brn|[from] item: Leftovers\n|-damage|p1a: Ting-Lu|38\/100 brn|[from] brn\n|upkeep\n|turn|13\n|\n|t:|1699822744\n|move|p2a: Sinistcha|Strength Sap|p1a: Ting-Lu\n|-unboost|p1a: Ting-Lu|atk|1\n|-heal|p2a: Sinistcha|74\/100\n|move|p1a: Ting-Lu|Ruination|p2a: Sinistcha\n|-damage|p2a: Sinistcha|37\/100\n|\n|-heal|p2a: Sinistcha|43\/100|[from] item: Leftovers\n|-heal|p1a: Ting-Lu|45\/100 brn|[from] item: Leftovers\n|-damage|p1a: Ting-Lu|38\/100 brn|[from] brn\n|upkeep\n|turn|14\n|\n|t:|1699822757\n|move|p2a: Sinistcha|Matcha Gotcha|p1a: Ting-Lu\n|-resisted|p1a: Ting-Lu\n|-damage|p1a: Ting-Lu|29\/100 brn\n|-heal|p2a: Sinistcha|50\/100|[from] drain|[of] p1a: Ting-Lu\n|move|p1a: Ting-Lu|Ruination|p2a: Sinistcha\n|-damage|p2a: Sinistcha|25\/100\n|\n|-heal|p2a: Sinistcha|31\/100|[from] item: Leftovers\n|-heal|p1a: Ting-Lu|35\/100 brn|[from] item: Leftovers\n|-damage|p1a: Ting-Lu|29\/100 brn|[from] brn\n|upkeep\n|turn|15\n|\n|t:|1699822770\n|move|p2a: Sinistcha|Strength Sap|p1a: Ting-Lu\n|-unboost|p1a: Ting-Lu|atk|1\n|-heal|p2a: Sinistcha|62\/100\n|move|p1a: Ting-Lu|Ruination|p2a: Sinistcha\n|-damage|p2a: Sinistcha|31\/100\n|\n|-heal|p2a: Sinistcha|37\/100|[from] item: Leftovers\n|-heal|p1a: Ting-Lu|35\/100 brn|[from] item: Leftovers\n|-damage|p1a: Ting-Lu|29\/100 brn|[from] brn\n|upkeep\n|turn|16\n|\n|t:|1699822782\n|move|p2a: Sinistcha|Matcha Gotcha|p1a: Ting-Lu\n|-resisted|p1a: Ting-Lu\n|-damage|p1a: Ting-Lu|19\/100 brn\n|-heal|p2a: Sinistcha|45\/100|[from] drain|[of] p1a: Ting-Lu\n|move|p1a: Ting-Lu|Ruination|p2a: Sinistcha\n|-damage|p2a: Sinistcha|23\/100\n|\n|-heal|p2a: Sinistcha|29\/100|[from] item: Leftovers\n|-heal|p1a: Ting-Lu|25\/100 brn|[from] item: Leftovers\n|-damage|p1a: Ting-Lu|19\/100 brn|[from] brn\n|upkeep\n|turn|17\n|\n|t:|1699822797\n|move|p2a: Sinistcha|Strength Sap|p1a: Ting-Lu\n|-unboost|p1a: Ting-Lu|atk|1\n|-heal|p2a: Sinistcha|54\/100\n|move|p1a: Ting-Lu|Ruination|p2a: Sinistcha\n|-damage|p2a: Sinistcha|28\/100\n|\n|-heal|p2a: Sinistcha|34\/100|[from] item: Leftovers\n|-heal|p1a: Ting-Lu|25\/100 brn|[from] item: Leftovers\n|-damage|p1a: Ting-Lu|19\/100 brn|[from] brn\n|upkeep\n|turn|18\n|\n|t:|1699822817\n|move|p2a: Sinistcha|Matcha Gotcha|p1a: Ting-Lu\n|-resisted|p1a: Ting-Lu\n|-damage|p1a: Ting-Lu|9\/100 brn\n|-heal|p2a: Sinistcha|42\/100|[from] drain|[of] p1a: Ting-Lu\n|move|p1a: Ting-Lu|Ruination|p2a: Sinistcha\n|-damage|p2a: Sinistcha|21\/100\n|\n|-heal|p2a: Sinistcha|27\/100|[from] item: Leftovers\n|-heal|p1a: Ting-Lu|15\/100 brn|[from] item: Leftovers\n|-damage|p1a: Ting-Lu|9\/100 brn|[from] brn\n|upkeep\n|turn|19\n|\n|t:|1699822828\n|move|p2a: Sinistcha|Matcha Gotcha|p1a: Ting-Lu\n|-resisted|p1a: Ting-Lu\n|-damage|p1a: Ting-Lu|0 fnt\n|-heal|p2a: Sinistcha|34\/100|[from] drain|[of] p1a: Ting-Lu\n|faint|p1a: Ting-Lu\n|\n|win|IamTheRitz\n|raw|McDonalds Fanta's rating: 1057 &rarr; <strong>1035<\/strong><br \/>(-22 for losing)\n|raw|IamTheRitz's rating: 1000 &rarr; <strong>1047<\/strong><br \/>(+47 for winning)\n|c|\u2606IamTheRitz|that was so stupid\n","uploadtime":1699822855,"views":23,"p1id":"mcdonaldsfanta","p2id":"iamtheritz","formatid":"gen9vgc2023regulatione","rating":1035,"private":0,"password":""}