{"id":"gen9vgc2023regulatione-1994672002","p1":"TheTantricPoke","p2":"Alexmt48","format":"[Gen 9] VGC 2023 Regulation E","log":"|j|\u2606TheTantricPoke\n|j|\u2606Alexmt48\n|t:|1700478878\n|gametype|doubles\n|player|p1|TheTantricPoke|shauntal|1154\n|player|p2|Alexmt48|170|1274\n|teamsize|p1|6\n|teamsize|p2|6\n|gen|9\n|tier|[Gen 9] VGC 2023 Regulation E\n|rated|\n|rule|Species Clause: Limit one of each Pok\u00e9mon\n|rule|Item Clause: Limit one of each item\n|clearpoke\n|poke|p1|Heatran, L50, M|\n|poke|p1|Urshifu-*, L50, F|\n|poke|p1|Dragonite, L50, M|\n|poke|p1|Chien-Pao, L50|\n|poke|p1|Amoonguss, L50, F|\n|poke|p1|Flutter Mane, L50|\n|poke|p2|Ogerpon-Wellspring, L50, F|\n|poke|p2|Regieleki, L50|\n|poke|p2|Indeedee-F, L50, F|\n|poke|p2|Tornadus, L50, M|\n|poke|p2|Chi-Yu, L50|\n|poke|p2|Flutter Mane, L50|\n|teampreview|4\n|inactive|Battle timer is ON: inactive players will automatically lose when time's up. (requested by Alexmt48)\n|c|\u2606TheTantricPoke|lattanzi, is that u XD\n|inactive|TheTantricPoke has 60 seconds left.\n|\n|t:|1700478936\n|start\n|switch|p1a: Amoonguss|Amoonguss, L50, F|100\/100\n|switch|p1b: Heatran|Heatran, L50, M|100\/100\n|switch|p2a: Tornadus|Tornadus, L50, M|100\/100\n|switch|p2b: Regieleki|Regieleki, L50|100\/100\n|turn|1\n|\n|t:|1700478954\n|move|p2b: Regieleki|Protect|p2b: Regieleki\n|-singleturn|p2b: Regieleki|Protect\n|move|p1b: Heatran|Protect|p1b: Heatran\n|-singleturn|p1b: Heatran|Protect\n|move|p1a: Amoonguss|Protect|p1a: Amoonguss\n|-singleturn|p1a: Amoonguss|Protect\n|move|p2a: Tornadus|Rain Dance|p2a: Tornadus\n|-weather|RainDance\n|\n|-weather|RainDance|[upkeep]\n|upkeep\n|turn|2\n|inactive|TheTantricPoke has 30 seconds left.\n|inactive|TheTantricPoke has 20 seconds left.\n|\n|t:|1700478994\n|move|p2b: Regieleki|Thunderbolt|p1b: Heatran\n|-damage|p1b: Heatran|42\/100\n|move|p2a: Tornadus|Bleakwind Storm|p1b: Heatran|[spread] p1a,p1b\n|-supereffective|p1a: Amoonguss\n|-resisted|p1b: Heatran\n|-damage|p1a: Amoonguss|40\/100\n|-damage|p1b: Heatran|27\/100\n|-unboost|p1b: Heatran|spe|1\n|-enditem|p1a: Amoonguss|Sitrus Berry|[eat]\n|-heal|p1a: Amoonguss|65\/100|[from] item: Sitrus Berry\n|move|p1b: Heatran|Earth Power|p2b: Regieleki\n|-supereffective|p2b: Regieleki\n|-damage|p2b: Regieleki|0 fnt\n|faint|p2b: Regieleki\n|move|p1a: Amoonguss|Spore|p2a: Tornadus\n|-activate|p2a: Tornadus|item: Safety Goggles|Spore\n|\n|-weather|RainDance|[upkeep]\n|-heal|p1b: Heatran|33\/100|[from] item: Leftovers\n|upkeep\n|\n|t:|1700479013\n|switch|p2b: Flutter Mane|Flutter Mane, L50|100\/100\n|turn|3\n|c|\u2606TheTantricPoke|exaclty the same team\n|\n|t:|1700479028\n|move|p2b: Flutter Mane|Protect|p2b: Flutter Mane\n|-singleturn|p2b: Flutter Mane|Protect\n|move|p1b: Heatran|Protect|p1b: Heatran\n|-singleturn|p1b: Heatran|Protect\n|move|p1a: Amoonguss|Protect|p1a: Amoonguss\n|-singleturn|p1a: Amoonguss|Protect\n|move|p2a: Tornadus|Bleakwind Storm|p1b: Heatran|[spread] \n|-activate|p1a: Amoonguss|move: Protect\n|-activate|p1b: Heatran|move: Protect\n|\n|-weather|RainDance|[upkeep]\n|-heal|p1b: Heatran|39\/100|[from] item: Leftovers\n|upkeep\n|turn|4\n|inactive|TheTantricPoke has 30 seconds left.\n|\n|t:|1700479059\n|-terastallize|p2b: Flutter Mane|Fairy\n|move|p2b: Flutter Mane|Dazzling Gleam|p1b: Heatran|[spread] p1a,p1b\n|-resisted|p1a: Amoonguss\n|-resisted|p1b: Heatran\n|-damage|p1a: Amoonguss|46\/100\n|-damage|p1b: Heatran|31\/100\n|move|p2a: Tornadus|Bleakwind Storm|p1b: Heatran|[spread] p1a,p1b\n|-supereffective|p1a: Amoonguss\n|-resisted|p1b: Heatran\n|-damage|p1a: Amoonguss|0 fnt\n|-damage|p1b: Heatran|15\/100\n|faint|p1a: Amoonguss\n|move|p1b: Heatran|Flash Cannon|p2b: Flutter Mane\n|-supereffective|p2b: Flutter Mane\n|-enditem|p2b: Flutter Mane|Focus Sash\n|-damage|p2b: Flutter Mane|1\/100\n|-unboost|p2b: Flutter Mane|spd|1\n|\n|-weather|RainDance|[upkeep]\n|-heal|p1b: Heatran|21\/100|[from] item: Leftovers\n|upkeep\n|\n|t:|1700479071\n|switch|p1a: Urshifu|Urshifu-Rapid-Strike, L50, F|100\/100\n|turn|5\n|\n|t:|1700479094\n|switch|p1a: Dragonite|Dragonite, L50, M|100\/100\n|move|p1b: Heatran|Protect|p1b: Heatran\n|-singleturn|p1b: Heatran|Protect\n|move|p2a: Tornadus|Tailwind|p2a: Tornadus\n|-sidestart|p2: Alexmt48|move: Tailwind\n|move|p2b: Flutter Mane|Dazzling Gleam|p1b: Heatran|[spread] p1a\n|-activate|p1b: Heatran|move: Protect\n|-supereffective|p1a: Dragonite\n|-damage|p1a: Dragonite|52\/100\n|\n|-weather|none\n|-heal|p1b: Heatran|27\/100|[from] item: Leftovers\n|upkeep\n|turn|6\n|inactive|Alexmt48 has 30 seconds left.\n|\n|t:|1700479121\n|move|p2b: Flutter Mane|Protect|p2b: Flutter Mane\n|-singleturn|p2b: Flutter Mane|Protect\n|move|p1a: Dragonite|Extreme Speed|p2b: Flutter Mane\n|-activate|p2b: Flutter Mane|move: Protect\n|move|p2a: Tornadus|Bleakwind Storm|p1b: Heatran|[spread] p1a,p1b\n|-resisted|p1b: Heatran\n|-damage|p1a: Dragonite|32\/100\n|-damage|p1b: Heatran|12\/100\n|-unboost|p1a: Dragonite|spe|1\n|move|p1b: Heatran|Heat Wave|p2a: Tornadus|[spread] \n|-activate|p2b: Flutter Mane|move: Protect\n|-miss|p1b: Heatran|p2a: Tornadus\n|\n|-heal|p1b: Heatran|18\/100|[from] item: Leftovers\n|upkeep\n|turn|7\n|inactive|Alexmt48 has 30 seconds left.\n|inactive|Alexmt48 has 20 seconds left.\n|\n|t:|1700479157\n|move|p2b: Flutter Mane|Protect||[still]\n|-fail|p2b: Flutter Mane\n|move|p1a: Dragonite|Extreme Speed|p2b: Flutter Mane\n|-damage|p2b: Flutter Mane|0 fnt\n|faint|p2b: Flutter Mane\n|-end|p2b: Flutter Mane|Protosynthesis|[silent]\n|move|p2a: Tornadus|Bleakwind Storm|p1b: Heatran|[spread] p1a,p1b\n|-resisted|p1b: Heatran\n|-damage|p1a: Dragonite|12\/100\n|-damage|p1b: Heatran|4\/100\n|move|p1b: Heatran|Heat Wave|p2a: Tornadus\n|-damage|p2a: Tornadus|44\/100\n|-status|p2a: Tornadus|brn\n|\n|-heal|p1b: Heatran|10\/100|[from] item: Leftovers\n|-damage|p2a: Tornadus|38\/100 brn|[from] brn\n|upkeep\n|\n|t:|1700479169\n|switch|p2b: Chi-Yu|Chi-Yu, L50|100\/100\n|-ability|p2b: Chi-Yu|Beads of Ruin\n|turn|8\n|\n|t:|1700479184\n|move|p1a: Dragonite|Extreme Speed|p2a: Tornadus\n|-damage|p2a: Tornadus|8\/100 brn\n|move|p2b: Chi-Yu|Snarl|p1a: Dragonite|[spread] p1a,p1b\n|-damage|p1a: Dragonite|0 fnt\n|-damage|p1b: Heatran|0 fnt\n|faint|p1a: Dragonite\n|faint|p1b: Heatran\n|-damage|p2b: Chi-Yu|90\/100|[from] item: Life Orb\n|move|p2a: Tornadus|Bleakwind Storm|p1: Dragonite|[notarget]\n|-fail|p2a: Tornadus\n|\n|-damage|p2a: Tornadus|2\/100 brn|[from] brn\n|-sideend|p2: Alexmt48|move: Tailwind\n|upkeep\n|\n|t:|1700479198\n|switch|p1a: Urshifu|Urshifu-Rapid-Strike, L50, F|100\/100\n|turn|9\n|inactive|Alexmt48 has 30 seconds left.\n|c|\u2606TheTantricPoke|gg? i guess\n|\n|t:|1700479223\n|-terastallize|p1a: Urshifu|Poison\n|move|p1a: Urshifu|Surging Strikes|p2b: Chi-Yu\n|-supereffective|p2b: Chi-Yu\n|-crit|p2b: Chi-Yu\n|-damage|p2b: Chi-Yu|26\/100\n|-supereffective|p2b: Chi-Yu\n|-crit|p2b: Chi-Yu\n|-damage|p2b: Chi-Yu|0 fnt\n|faint|p2b: Chi-Yu\n|-hitcount|p2: Chi-Yu|2\n|move|p2a: Tornadus|Bleakwind Storm|p1a: Urshifu\n|-damage|p1a: Urshifu|41\/100\n|\n|-damage|p2a: Tornadus|0 fnt|[from] brn\n|faint|p2a: Tornadus\n|\n|win|TheTantricPoke\n|upkeep\n|raw|TheTantricPoke's rating: 1154 &rarr; <strong>1187<\/strong><br \/>(+33 for winning)\n|raw|Alexmt48's rating: 1274 &rarr; <strong>1241<\/strong><br \/>(-33 for losing)\n|l|\u2606Alexmt48\n","uploadtime":1700479243,"views":5,"p1id":"thetantricpoke","p2id":"alexmt48","formatid":"gen9vgc2023regulatione","rating":1187,"private":0,"password":""}