{"id":"gen9vgc2023regulatione-1990190185","p1":"Moxiemencefan21","p2":"xXfiddleheadXx","format":"[Gen 9] VGC 2023 Regulation E","log":"|j|\u2606Moxiemencefan21\n|j|\u2606xXfiddleheadXx\n|t:|1699935004\n|gametype|doubles\n|player|p1|Moxiemencefan21|1|1367\n|player|p2|xXfiddleheadXx|scientistf|1335\n|teamsize|p1|6\n|teamsize|p2|6\n|gen|9\n|tier|[Gen 9] VGC 2023 Regulation E\n|rated|\n|rule|Species Clause: Limit one of each Pok\u00e9mon\n|rule|Item Clause: Limit one of each item\n|clearpoke\n|poke|p1|Flutter Mane, L50|\n|poke|p1|Chi-Yu, L50|\n|poke|p1|Roaring Moon, L50|\n|poke|p1|Torkoal, L50, M|\n|poke|p1|Ogerpon-Wellspring, L50, F|\n|poke|p1|Rillaboom, L50, M|\n|poke|p2|Ursaluna-Bloodmoon, L50, M|\n|poke|p2|Sinistcha-Masterpiece, L50|\n|poke|p2|Okidogi, L50, M|\n|poke|p2|Politoed, L50, F|\n|poke|p2|Ogerpon-Wellspring, L50, F|\n|poke|p2|Arcanine-Hisui, L50, M|\n|teampreview|4\n|inactive|Battle timer is ON: inactive players will automatically lose when time's up. (requested by xXfiddleheadXx)\n|\n|t:|1699935055\n|start\n|switch|p1a: Keanu Reeves|Flutter Mane, L50|100\/100\n|switch|p1b: Chi-Yu|Chi-Yu, L50|100\/100\n|switch|p2a: Ursaluna|Ursaluna-Bloodmoon, L50, M|100\/100\n|switch|p2b: Arcanine|Arcanine-Hisui, L50, M|100\/100\n|-ability|p1b: Chi-Yu|Beads of Ruin\n|-ability|p2b: Arcanine|Intimidate|boost\n|-unboost|p1a: Keanu Reeves|atk|1\n|-unboost|p1b: Chi-Yu|atk|1\n|turn|1\n|inactive|Moxiemencefan21 has 30 seconds left.\n|inactive|Moxiemencefan21 has 20 seconds left.\n|\n|t:|1699935092\n|switch|p2b: Politoed|Politoed, L50, F|100\/100\n|-weather|RainDance|[from] ability: Drizzle|[of] p2b: Politoed\n|move|p1a: Keanu Reeves|Shadow Ball|p2b: Politoed\n|-damage|p2b: Politoed|45\/100\n|move|p1b: Chi-Yu|Snarl|p2b: Politoed|[spread] p2a,p2b\n|-damage|p2a: Ursaluna|77\/100\n|-damage|p2b: Politoed|20\/100\n|-unboost|p2a: Ursaluna|spa|1\n|-unboost|p2b: Politoed|spa|1\n|move|p2a: Ursaluna|Blood Moon|p1b: Chi-Yu\n|-damage|p1b: Chi-Yu|40\/100\n|\n|-weather|RainDance|[upkeep]\n|upkeep\n|turn|2\n|\n|t:|1699935117\n|switch|p2b: Arcanine|Arcanine-Hisui, L50, M|100\/100\n|-ability|p2b: Arcanine|Intimidate|boost\n|-unboost|p1a: Keanu Reeves|atk|1\n|-unboost|p1b: Chi-Yu|atk|1\n|move|p2a: Ursaluna|Vacuum Wave|p1b: Chi-Yu\n|-supereffective|p1b: Chi-Yu\n|-damage|p1b: Chi-Yu|13\/100\n|move|p1a: Keanu Reeves|Shadow Ball|p2b: Arcanine\n|-damage|p2b: Arcanine|15\/100\n|-enditem|p2b: Arcanine|Sitrus Berry|[eat]\n|-heal|p2b: Arcanine|40\/100|[from] item: Sitrus Berry\n|move|p1b: Chi-Yu|Snarl|p2b: Arcanine|[spread] p2a,p2b\n|-damage|p2a: Ursaluna|54\/100\n|-damage|p2b: Arcanine|2\/100\n|-unboost|p2a: Ursaluna|spa|1\n|-unboost|p2b: Arcanine|spa|1\n|\n|-weather|RainDance|[upkeep]\n|upkeep\n|turn|3\n|inactive|Moxiemencefan21 has 30 seconds left.\n|inactive|Moxiemencefan21 has 20 seconds left.\n|\n|t:|1699935156\n|switch|p2a: Ogerpon|Ogerpon-Wellspring, L50, F|100\/100\n|move|p2b: Arcanine|Extreme Speed|p1b: Chi-Yu\n|-damage|p1b: Chi-Yu|0 fnt\n|faint|p1b: Chi-Yu\n|move|p1a: Keanu Reeves|Shadow Ball|p2b: Arcanine\n|-damage|p2b: Arcanine|0 fnt\n|faint|p2b: Arcanine\n|\n|-weather|RainDance|[upkeep]\n|upkeep\n|\n|t:|1699935167\n|switch|p1b: Rillaboom|Rillaboom, L50, M|100\/100\n|switch|p2b: Ursaluna|Ursaluna-Bloodmoon, L50, M|54\/100\n|-fieldstart|move: Grassy Terrain|[from] ability: Grassy Surge|[of] p1b: Rillaboom\n|turn|4\n|\n|t:|1699935188\n|-terastallize|p2b: Ursaluna|Fairy\n|move|p2a: Ogerpon|Spiky Shield|p2a: Ogerpon\n|-singleturn|p2a: Ogerpon|move: Protect\n|move|p1a: Keanu Reeves|Shadow Ball|p2a: Ogerpon\n|-activate|p2a: Ogerpon|move: Protect\n|move|p1b: Rillaboom|Wood Hammer|p2b: Ursaluna\n|-crit|p2b: Ursaluna\n|-damage|p2b: Ursaluna|0 fnt\n|faint|p2b: Ursaluna\n|-damage|p1b: Rillaboom|81\/100|[from] Recoil\n|\n|-weather|RainDance|[upkeep]\n|-heal|p1b: Rillaboom|87\/100|[from] Grassy Terrain\n|upkeep\n|\n|t:|1699935198\n|switch|p2b: Politoed|Politoed, L50, F|20\/100\n|turn|5\n|\n|t:|1699935213\n|switch|p1b: Torkoal|Torkoal, L50, M|100\/100\n|-weather|SunnyDay|[from] ability: Drought|[of] p1b: Torkoal\n|-activate|p1a: Keanu Reeves|ability: Protosynthesis\n|-start|p1a: Keanu Reeves|protosynthesisspe\n|move|p1a: Keanu Reeves|Shadow Ball|p2a: Ogerpon\n|-damage|p2a: Ogerpon|48\/100\n|move|p2a: Ogerpon|Ivy Cudgel|p1a: Keanu Reeves\n|-crit|p1a: Keanu Reeves\n|-damage|p1a: Keanu Reeves|43\/100\n|move|p2b: Politoed|Ice Beam|p1b: Torkoal\n|-resisted|p1b: Torkoal\n|-crit|p1b: Torkoal\n|-damage|p1b: Torkoal|72\/100\n|\n|-weather|SunnyDay|[upkeep]\n|-heal|p1a: Keanu Reeves|49\/100|[from] Grassy Terrain\n|-heal|p2a: Ogerpon|53\/100|[from] Grassy Terrain\n|-heal|p1b: Torkoal|79\/100|[from] Grassy Terrain\n|-heal|p2b: Politoed|26\/100|[from] Grassy Terrain\n|upkeep\n|turn|6\n|inactive|Moxiemencefan21 has 30 seconds left.\n|inactive|Moxiemencefan21 has 20 seconds left.\n|inactive|Moxiemencefan21 has 15 seconds left.\n|\n|t:|1699935257\n|-terastallize|p1b: Torkoal|Fire\n|move|p1a: Keanu Reeves|Shadow Ball|p2b: Politoed\n|-crit|p2b: Politoed\n|-damage|p2b: Politoed|0 fnt\n|faint|p2b: Politoed\n|move|p2a: Ogerpon|Ivy Cudgel|p1b: Torkoal\n|-supereffective|p1b: Torkoal\n|-damage|p1b: Torkoal|28\/100\n|move|p1b: Torkoal|Heat Wave|p2a: Ogerpon\n|-damage|p2a: Ogerpon|0 fnt\n|faint|p2a: Ogerpon\n|\n|win|Moxiemencefan21\n|raw|Moxiemencefan21's rating: 1367 &rarr; <strong>1385<\/strong><br \/>(+18 for winning)\n|raw|xXfiddleheadXx's rating: 1335 &rarr; <strong>1317<\/strong><br \/>(-18 for losing)\n|l|\u2606xXfiddleheadXx\n","uploadtime":1699935273,"views":10,"p1id":"moxiemencefan21","p2id":"xxfiddleheadxx","formatid":"gen9vgc2023regulatione","rating":1317,"private":0,"password":""}