{"id":"gen9vgc2023regulatione-1989442074","p1":"Grewt","p2":"choicebadkyurem","format":"[Gen 9] VGC 2023 Regulation E","log":"|j|\u2606Grewt\n|j|\u2606choicebadkyurem\n|t:|1699851048\n|gametype|doubles\n|player|p1|Grewt|170|\n|player|p2|choicebadkyurem|mom-hoenn|\n|teamsize|p1|6\n|teamsize|p2|6\n|gen|9\n|tier|[Gen 9] VGC 2023 Regulation E\n|rated|Tournament battle\n|rule|Species Clause: Limit one of each Pok\u00e9mon\n|rule|Item Clause: Limit one of each item\n|clearpoke\n|poke|p1|Regieleki, L50|\n|poke|p1|Wo-Chien, L50|\n|poke|p1|Infernape, L50, M|\n|poke|p1|Gastrodon, L50, F|\n|poke|p1|Tornadus, L50, M|\n|poke|p1|Landorus-Therian, L50, M|\n|poke|p2|Tornadus, L50, M|\n|poke|p2|Gholdengo, L50|\n|poke|p2|Dondozo, L50, F|\n|poke|p2|Tatsugiri, L50, F|\n|poke|p2|Landorus-Therian, L50, M|\n|poke|p2|Ogerpon-Hearthflame, L50, F|\n|teampreview|4\n|showteam|p1|Regieleki||WideLens|Transistor|ThunderCage,Electroweb,TeraBlast,Protect||||||50|,,,,,Ice]Wo-Chien||Leftovers|TabletsofRuin|KnockOff,PollenPuff,LeechSeed,Protect||||||50|,,,,,Poison]Infernape||FocusSash|Blaze|FireBlast,AuraSphere,FakeOut,Protect|||M|||50|,,,,,Fire]Gastrodon||SitrusBerry|StormDrain|EarthPower,IceBeam,Yawn,Protect|||F|||50|,,,,,Poison]Tornadus||SkyPlate|Prankster|BleakwindStorm,Tailwind,Taunt,Protect|||M|||50|,,,,,Flying]Landorus-Therian||ChoiceScarf|Intimidate|StompingTantrum,RockSlide,TeraBlast,Uturn|||M|||50|,,,,,Flying\n|showteam|p2|Tornadus||CovertCloak|Prankster|Taunt,BleakwindStorm,Protect,Tailwind|||M|||50|,,,,,Ghost]Gholdengo||MetalCoat|GoodasGold|MakeItRain,ShadowBall,Thunderbolt,Protect||||||50|,,,,,Steel]Dondozo||Leftovers|Unaware|OrderUp,WaveCrash,Earthquake,Protect|||F|||50|,,,,,Grass]Tatsugiri||FocusSash|Commander|Protect,Taunt,IcyWind,MuddyWater|||F|||50|,,,,,Normal]Landorus-Therian||AssaultVest|Intimidate|TeraBlast,RockSlide,StompingTantrum,Uturn|||M|||50|,,,,,Flying]Ogerpon-Hearthflame||HearthflameMask|MoldBreaker|IvyCudgel,SeedBomb,SpikyShield,FollowMe|||F|||50|,,,,,Fire\n|j| Flarefox_7\n|c|\u2606Grewt|Gl hf\n|j| furretusedpunch\n|c|\u2606choicebadkyurem|u3\n|j| Serendepityz\n|j|+Omega Gio\n|\n|t:|1699851116\n|start\n|switch|p1a: Regieleki|Regieleki, L50|100\/100\n|switch|p1b: Tornadus|Tornadus, L50, M|100\/100\n|switch|p2a: Tornanus|Tornadus, L50, M|100\/100\n|switch|p2b: Gholdengo|Gholdengo, L50|100\/100\n|turn|1\n|\n|t:|1699851180\n|move|p2a: Tornanus|Protect|p2a: Tornanus\n|-singleturn|p2a: Tornanus|Protect\n|move|p1b: Tornadus|Taunt|p2a: Tornanus\n|-activate|p2a: Tornanus|move: Protect\n|move|p1a: Regieleki|Thunder Cage|p2a: Tornanus\n|-activate|p2a: Tornanus|move: Protect\n|move|p2b: Gholdengo|Shadow Ball|p1a: Regieleki\n|-damage|p1a: Regieleki|28\/100\n|\n|upkeep\n|turn|2\n|\n|t:|1699851193\n|move|p2a: Tornanus|Tailwind|p2a: Tornanus\n|-sidestart|p2: choicebadkyurem|move: Tailwind\n|move|p1b: Tornadus|Tailwind|p1b: Tornadus\n|-sidestart|p1: Grewt|move: Tailwind\n|move|p1a: Regieleki|Thunder Cage|p2b: Gholdengo\n|-damage|p2b: Gholdengo|49\/100\n|-activate|p2b: Gholdengo|move: Thunder Cage|[of] p1a: Regieleki\n|move|p2b: Gholdengo|Make It Rain|p1a: Regieleki|[spread] p1a,p1b\n|-resisted|p1a: Regieleki\n|-damage|p1a: Regieleki|0 fnt\n|-damage|p1b: Tornadus|32\/100\n|-unboost|p2b: Gholdengo|spa|1\n|faint|p1a: Regieleki\n|\n|-end|p2b: Gholdengo|Thunder Cage|[partiallytrapped]|[silent]\n|upkeep\n|\n|t:|1699851201\n|switch|p1a: Landorus|Landorus-Therian, L50, M|100\/100\n|-ability|p1a: Landorus|Intimidate|boost\n|-unboost|p2a: Tornanus|atk|1\n|-unboost|p2b: Gholdengo|atk|1\n|turn|3\n|c|\u2606choicebadkyurem|kekw\n|\n|t:|1699851230\n|-terastallize|p1a: Landorus|Flying\n|move|p1a: Landorus|Tera Blast|p2a: Tornanus|[anim] Tera Blast Flying\n|-crit|p2a: Tornanus\n|-damage|p2a: Tornanus|0 fnt\n|faint|p2a: Tornanus\n|move|p1b: Tornadus|Bleakwind Storm|p2b: Gholdengo\n|-resisted|p2b: Gholdengo\n|-damage|p2b: Gholdengo|20\/100\n|-unboost|p2b: Gholdengo|spe|1\n|move|p2b: Gholdengo|Make It Rain|p1b: Tornadus|[spread] p1a,p1b\n|-damage|p1a: Landorus|49\/100\n|-damage|p1b: Tornadus|0 fnt\n|-unboost|p2b: Gholdengo|spa|1\n|faint|p1b: Tornadus\n|\n|upkeep\n|c|\u2606Grewt|Sorry\n|c|\u2606choicebadkyurem|nice crit!\n|c|\u2606choicebadkyurem|it didnt matter lmao\n|\n|t:|1699851260\n|switch|p2a: Tatsugiri|Tatsugiri, L50, F|100\/100\n|switch|p1b: Wo-Chien|Wo-Chien, L50|100\/100\n|-ability|p1b: Wo-Chien|Tablets of Ruin\n|turn|4\n|\n|t:|1699851288\n|move|p2a: Tatsugiri|Protect|p2a: Tatsugiri\n|-singleturn|p2a: Tatsugiri|Protect\n|move|p1a: Landorus|Tera Blast|p2a: Tatsugiri|[anim] Tera Blast Flying\n|-activate|p2a: Tatsugiri|move: Protect\n|move|p1b: Wo-Chien|Leech Seed|p2b: Gholdengo\n|-immune|p2b: Gholdengo|[from] ability: Good as Gold\n|move|p2b: Gholdengo|Thunderbolt|p1a: Landorus\n|-supereffective|p1a: Landorus\n|-damage|p1a: Landorus|7\/100\n|\n|upkeep\n|turn|5\n|j| 4KuserVGC\n|\n|t:|1699851303\n|switch|p2b: Dondozo|Dondozo, L50, F|100\/100\n|-activate|p2a: Tatsugiri|ability: Commander|[of] p2b: Dondozo\n|-boost|p2b: Dondozo|atk|2\n|-boost|p2b: Dondozo|spa|2\n|-boost|p2b: Dondozo|spe|2\n|-boost|p2b: Dondozo|def|2\n|-boost|p2b: Dondozo|spd|2\n|move|p1a: Landorus|Tera Blast|p2a: Tatsugiri|[anim] Tera Blast Flying|[miss]\n|-miss|p1a: Landorus|p2a: Tatsugiri\n|move|p1b: Wo-Chien|Knock Off|p2b: Dondozo\n|-damage|p2b: Dondozo|90\/100\n|-enditem|p2b: Dondozo|Leftovers|[from] move: Knock Off|[of] p1b: Wo-Chien\n|\n|-sideend|p2: choicebadkyurem|move: Tailwind\n|-sideend|p1: Grewt|move: Tailwind\n|upkeep\n|turn|6\n|\n|t:|1699851317\n|-terastallize|p2b: Dondozo|Grass\n|move|p1a: Landorus|Tera Blast|p2b: Dondozo|[anim] Tera Blast Flying\n|-supereffective|p2b: Dondozo\n|-damage|p2b: Dondozo|62\/100\n|move|p2b: Dondozo|Order Up|p1a: Landorus\n|-damage|p1a: Landorus|0 fnt\n|faint|p1a: Landorus\n|-boost|p2b: Dondozo|atk|1\n|move|p1b: Wo-Chien|Leech Seed|p2b: Dondozo\n|-immune|p2b: Dondozo\n|\n|upkeep\n|turn|7\n|c|\u2606choicebadkyurem|bonbozo\n|\n|t:|1699851324\n|move|p2b: Dondozo|Order Up|p1b: Wo-Chien\n|-damage|p1b: Wo-Chien|65\/100\n|-boost|p2b: Dondozo|atk|1\n|move|p1b: Wo-Chien|Pollen Puff|p2b: Dondozo\n|-supereffective|p2b: Dondozo\n|-damage|p2b: Dondozo|46\/100\n|\n|-heal|p1b: Wo-Chien|71\/100|[from] item: Leftovers\n|upkeep\n|turn|8\n|c|\u2606Grewt|Yeah\n|c|\u2606Grewt|gg\n|l| furretusedpunch\n|\n|t:|1699851331\n|move|p1b: Wo-Chien|Protect|p1b: Wo-Chien\n|-singleturn|p1b: Wo-Chien|Protect\n|move|p2b: Dondozo|Order Up|p1b: Wo-Chien\n|-activate|p1b: Wo-Chien|move: Protect\n|\n|-heal|p1b: Wo-Chien|77\/100|[from] item: Leftovers\n|upkeep\n|turn|9\n|c| 4KuserVGC|donbozo\n|c|\u2606choicebadkyurem|ggs wp\n|c|\u2606choicebadkyurem|no\n|c| 4KuserVGC|bonbozo\n|c|\u2606choicebadkyurem|bonbozo\n|c|\u2606Grewt|Idk why i didnt just knock the ggolden\n|l| Flarefox_7\n|c|\u2606choicebadkyurem|fr\n|\n|t:|1699851362\n|move|p2b: Dondozo|Order Up|p1b: Wo-Chien\n|-damage|p1b: Wo-Chien|33\/100\n|-boost|p2b: Dondozo|atk|1\n|move|p1b: Wo-Chien|Pollen Puff|p2b: Dondozo\n|-supereffective|p2b: Dondozo\n|-damage|p2b: Dondozo|30\/100\n|\n|-heal|p1b: Wo-Chien|39\/100|[from] item: Leftovers\n|upkeep\n|turn|10\n|j|%Radio Free C-Side\n|\n|t:|1699851372\n|move|p2b: Dondozo|Wave Crash|p1b: Wo-Chien\n|-resisted|p1b: Wo-Chien\n|-damage|p1b: Wo-Chien|0 fnt\n|faint|p1b: Wo-Chien\n|-damage|p2b: Dondozo|20\/100|[from] Recoil\n|\n|win|choicebadkyurem\n|n|\u2606Grewt|grewt\n|n|\u2606choicebadkyurem|choicebadkyurem\n|n| Serendepityz|serendepityz\n|n| Omega Gio|omegagio\n|n| 4KuserVGC|4kuservgc\n|n| Radio Free C-Side|radiofreecside\n","uploadtime":1699851373,"views":7,"p1id":"grewt","p2id":"choicebadkyurem","formatid":"gen9vgc2023regulatione","rating":0,"private":0,"password":""}