{"id":"gen9vgc2023regulatione-1987861774","p1":"hiddenarsenal01","p2":"Rworwo","format":"[Gen 9] VGC 2023 Regulation E","log":"|j|\u2606hiddenarsenal01\n|j|\u2606Rworwo\n|t:|1699643655\n|gametype|doubles\n|player|p1|hiddenarsenal01|101|1465\n|player|p2|Rworwo|fisherman-gen4|1462\n|teamsize|p1|6\n|teamsize|p2|6\n|gen|9\n|tier|[Gen 9] VGC 2023 Regulation E\n|rated|\n|rule|Species Clause: Limit one of each Pok\u00e9mon\n|rule|Item Clause: Limit one of each item\n|clearpoke\n|poke|p1|Tornadus, L50, M|\n|poke|p1|Rillaboom, L50, F|\n|poke|p1|Roaring Moon, L50|\n|poke|p1|Urshifu-*, L50, M|\n|poke|p1|Flutter Mane, L50|\n|poke|p1|Arcanine-Hisui, L50, M|\n|poke|p2|Ursaluna, L50, M|\n|poke|p2|Cresselia, L50, F|\n|poke|p2|Ninetales-Alola, L50, F|\n|poke|p2|Iron Bundle, L50|\n|poke|p2|Annihilape, L50, M|\n|poke|p2|Arcanine-Hisui, L50, F|\n|teampreview|4\n|inactive|Battle timer is ON: inactive players will automatically lose when time's up. (requested by Rworwo)\n|inactive|Rworwo has 60 seconds left.\n|\n|t:|1699643689\n|start\n|switch|p1a: Roaring Moon|Roaring Moon, L50|100\/100\n|switch|p1b: Tornadus|Tornadus, L50, M|100\/100\n|switch|p2a: Ninetales|Ninetales-Alola, L50, F|100\/100\n|switch|p2b: Arcanine|Arcanine-Hisui, L50, F|100\/100\n|-weather|Snow|[from] ability: Snow Warning|[of] p2a: Ninetales\n|-ability|p2b: Arcanine|Intimidate|boost\n|-unboost|p1a: Roaring Moon|atk|1\n|-unboost|p1b: Tornadus|atk|1\n|-enditem|p1a: Roaring Moon|Booster Energy\n|-activate|p1a: Roaring Moon|ability: Protosynthesis|[fromitem]\n|-start|p1a: Roaring Moon|protosynthesisspe\n|turn|1\n|\n|t:|1699643702\n|move|p2a: Ninetales|Protect|p2a: Ninetales\n|-singleturn|p2a: Ninetales|Protect\n|move|p1b: Tornadus|Rain Dance|p1b: Tornadus\n|-weather|RainDance\n|move|p1a: Roaring Moon|Knock Off|p2b: Arcanine\n|-damage|p2b: Arcanine|62\/100\n|-enditem|p2b: Arcanine|Loaded Dice|[from] move: Knock Off|[of] p1a: Roaring Moon\n|move|p2b: Arcanine|Will-O-Wisp|p1a: Roaring Moon\n|-status|p1a: Roaring Moon|brn\n|\n|-weather|RainDance|[upkeep]\n|-damage|p1a: Roaring Moon|95\/100 brn|[from] brn\n|upkeep\n|turn|2\n|\n|t:|1699643716\n|switch|p2a: Annihilape|Annihilape, L50, M|100\/100\n|move|p1a: Roaring Moon|Knock Off|p2a: Annihilape\n|-damage|p2a: Annihilape|83\/100\n|-enditem|p2a: Annihilape|Leftovers|[from] move: Knock Off|[of] p1a: Roaring Moon\n|move|p1b: Tornadus|Bleakwind Storm|p2b: Arcanine|[spread] p2a,p2b\n|-supereffective|p2a: Annihilape\n|-resisted|p2b: Arcanine\n|-damage|p2a: Annihilape|46\/100\n|-damage|p2b: Arcanine|46\/100\n|move|p2b: Arcanine|Rock Blast|p1b: Tornadus\n|-supereffective|p1b: Tornadus\n|-damage|p1b: Tornadus|71\/100\n|-supereffective|p1b: Tornadus\n|-damage|p1b: Tornadus|44\/100\n|-hitcount|p1b: Tornadus|2\n|\n|-weather|RainDance|[upkeep]\n|-damage|p1a: Roaring Moon|89\/100 brn|[from] brn\n|upkeep\n|turn|3\n|\n|t:|1699643731\n|switch|p2b: Ninetales|Ninetales-Alola, L50, F|100\/100\n|-weather|Snow|[from] ability: Snow Warning|[of] p2b: Ninetales\n|move|p2a: Annihilape|Protect|p2a: Annihilape\n|-singleturn|p2a: Annihilape|Protect\n|move|p1a: Roaring Moon|Acrobatics|p2a: Annihilape\n|-activate|p2a: Annihilape|move: Protect\n|move|p1b: Tornadus|Bleakwind Storm|p2a: Annihilape|[spread] p2b\n|-activate|p2a: Annihilape|move: Protect\n|-damage|p2b: Ninetales|59\/100\n|\n|-weather|Snow|[upkeep]\n|-damage|p1a: Roaring Moon|83\/100 brn|[from] brn\n|upkeep\n|turn|4\n|\n|t:|1699643742\n|switch|p2b: Arcanine|Arcanine-Hisui, L50, F|46\/100\n|-ability|p2b: Arcanine|Intimidate|boost\n|-unboost|p1a: Roaring Moon|atk|1\n|-unboost|p1b: Tornadus|atk|1\n|move|p1b: Tornadus|Rain Dance|p1b: Tornadus\n|-weather|RainDance\n|move|p1a: Roaring Moon|Acrobatics|p2a: Annihilape\n|-supereffective|p2a: Annihilape\n|-crit|p2a: Annihilape\n|-damage|p2a: Annihilape|0 fnt\n|faint|p2a: Annihilape\n|\n|-weather|RainDance|[upkeep]\n|-damage|p1a: Roaring Moon|77\/100 brn|[from] brn\n|upkeep\n|\n|t:|1699643755\n|switch|p2a: Iron Bundle|Iron Bundle, L50|100\/100\n|-enditem|p2a: Iron Bundle|Booster Energy\n|-activate|p2a: Iron Bundle|ability: Quark Drive|[fromitem]\n|-start|p2a: Iron Bundle|quarkdrivespe\n|turn|5\n|\n|t:|1699643763\n|switch|p2b: Ninetales|Ninetales-Alola, L50, F|59\/100\n|-weather|Snow|[from] ability: Snow Warning|[of] p2b: Ninetales\n|move|p1b: Tornadus|Tailwind|p1b: Tornadus\n|-sidestart|p1: hiddenarsenal01|move: Tailwind\n|move|p1a: Roaring Moon|Acrobatics|p2a: Iron Bundle\n|-damage|p2a: Iron Bundle|92\/100\n|move|p2a: Iron Bundle|Freeze-Dry|p1b: Tornadus\n|-supereffective|p1b: Tornadus\n|-damage|p1b: Tornadus|0 fnt\n|faint|p1b: Tornadus\n|\n|-weather|Snow|[upkeep]\n|-damage|p1a: Roaring Moon|71\/100 brn|[from] brn\n|upkeep\n|\n|t:|1699643777\n|switch|p1b: Urshifu|Urshifu-Rapid-Strike, L50, M|100\/100\n|turn|6\n|\n|t:|1699643791\n|-end|p1a: Roaring Moon|Protosynthesis|[silent]\n|switch|p1a: Flutter Mane|Flutter Mane, L50|100\/100\n|-end|p2a: Iron Bundle|Quark Drive|[silent]\n|switch|p2a: Arcanine|Arcanine-Hisui, L50, F|46\/100\n|-ability|p2a: Arcanine|Intimidate|boost\n|-unboost|p1a: Flutter Mane|atk|1\n|-unboost|p1b: Urshifu|atk|1\n|move|p1b: Urshifu|Surging Strikes|p2b: Ninetales\n|-crit|p2b: Ninetales\n|-damage|p2b: Ninetales|33\/100\n|-crit|p2b: Ninetales\n|-damage|p2b: Ninetales|6\/100\n|-crit|p2b: Ninetales\n|-damage|p2b: Ninetales|0 fnt\n|faint|p2b: Ninetales\n|-hitcount|p2: Ninetales|3\n|\n|-weather|Snow|[upkeep]\n|upkeep\n|\n|t:|1699643800\n|switch|p2b: Iron Bundle|Iron Bundle, L50|92\/100\n|turn|7\n|inactive|Rworwo has 30 seconds left.\n|\n|t:|1699643837\n|-terastallize|p2b: Iron Bundle|Ghost\n|move|p2b: Iron Bundle|Protect|p2b: Iron Bundle\n|-singleturn|p2b: Iron Bundle|Protect\n|move|p1b: Urshifu|Aqua Jet|p2a: Arcanine\n|-supereffective|p2a: Arcanine\n|-damage|p2a: Arcanine|0 fnt\n|faint|p2a: Arcanine\n|move|p1a: Flutter Mane|Dazzling Gleam|p2b: Iron Bundle\n|-activate|p2b: Iron Bundle|move: Protect\n|\n|-weather|Snow|[upkeep]\n|upkeep\n|turn|8\n|-message|Rworwo forfeited.\n|\n|win|hiddenarsenal01\n|raw|hiddenarsenal01's rating: 1465 &rarr; <strong>1485<\/strong><br \/>(+20 for winning)\n|raw|Rworwo's rating: 1462 &rarr; <strong>1442<\/strong><br \/>(-20 for losing)\n|l|\u2606Rworwo\n","uploadtime":1699643851,"views":12,"p1id":"hiddenarsenal01","p2id":"rworwo","formatid":"gen9vgc2023regulatione","rating":1442,"private":0,"password":""}