{"id":"gen9vgc2023regulatione-1998403588","p1":"lumenessence","p2":"JabsGR","format":"[Gen 9] VGC 2023 Regulation E","log":"|j|\u2606lumenessence\n|j|\u2606JabsGR\n|n|\u2606lumenessence|lumenessence\n|n|\u2606JabsGR|jabsgr\n|html|View the match progress at <a href=\"\/game-bestof3-gen9vgc2023regulatione-1998403587\">game-bestof3-gen9vgc2023regulatione-1998403587<\/a>\n|t:|1700938463\n|gametype|doubles\n|player|p1|lumenessence|psychicf-gen4|\n|player|p2|JabsGR|veteran-gen4|\n|teamsize|p1|6\n|teamsize|p2|6\n|gen|9\n|tier|[Gen 9] VGC 2023 Regulation E\n|rule|Species Clause: Limit one of each Pok\u00e9mon\n|rule|Item Clause: Limit one of each item\n|clearpoke\n|poke|p1|Landorus, L50, M|\n|poke|p1|Iron Hands, L50|\n|poke|p1|Kilowattrel, L50, M|\n|poke|p1|Orthworm, L50, M|\n|poke|p1|Toedscruel, L50, M|\n|poke|p1|Qwilfish, L50, M|\n|poke|p2|Chandelure, L50, M|\n|poke|p2|Illumise, L50, F|\n|poke|p2|Baxcalibur, L50, F|\n|poke|p2|Rillaboom, L50, M|\n|poke|p2|Bruxish, L50, M|\n|poke|p2|Thundurus-Therian, L50, M|\n|teampreview|4\n|inactive|Battle timer is ON: inactive players will automatically lose when time's up. (requested by JabsGR)\n|c|\u2606lumenessence|turn off timer for a sec\n|inactiveoff|Battle timer is now OFF.\n|c|\u2606lumenessence|i didnt have a chance to make the paste do u mind if i just type out the teras\nlumenessence rejected open team sheets.\n|c|\u2606JabsGR|oh I didn't have sheet ready.\n|c|\u2606JabsGR|I will do the same\n|c|\u2606lumenessence|kk\n|c|\u2606JabsGR|Everything is grass but Psychic on Thundy and Fire on Rilla\n|c|\u2606lumenessence|lando-fire\n|c|\u2606lumenessence|hands-grass\n|c|\u2606lumenessence|killo-ice\n|c|\u2606lumenessence|worm-fire\n|c|\u2606lumenessence|toed-water\n|c|\u2606lumenessence|qwilfish-water\n|c|\u2606JabsGR|ok\n|c|\u2606lumenessence|ok ready\n|inactive|Battle timer is ON: inactive players will automatically lose when time's up. (requested by JabsGR)\n|c|\u2606JabsGR|glhf\n|inactive|lumenessence has 30 seconds left.\n|\n|t:|1700938650\n|start\n|switch|p1a: Iron Hands|Iron Hands, L50|100\/100\n|switch|p1b: Kilowattrel|Kilowattrel, L50, M|100\/100\n|switch|p2a: Illumise|Illumise, L50, F|100\/100\n|switch|p2b: Bruxish|Bruxish, L50, M|100\/100\n|turn|1\n|c|\u2606lumenessence|glhf\n|\n|t:|1700938665\n|move|p2a: Illumise|Tailwind|p2a: Illumise\n|-sidestart|p2: JabsGR|move: Tailwind\n|move|p2b: Bruxish|Psychic Fangs|p1a: Iron Hands\n|-supereffective|p1a: Iron Hands\n|-damage|p1a: Iron Hands|0 fnt\n|faint|p1a: Iron Hands\n|-end|p1a: Iron Hands|Quark Drive|[silent]\n|move|p1b: Kilowattrel|Tailwind|p1b: Kilowattrel\n|-sidestart|p1: lumenessence|move: Tailwind\n|\n|upkeep\n|\n|t:|1700938672\n|switch|p1a: Landorus|Landorus, L50, M|100\/100\n|turn|2\n|\n|t:|1700938694\n|switch|p2b: Baxcalibur|Baxcalibur, L50, F|100\/100\n|move|p2a: Illumise|Encore|p1b: Kilowattrel\n|-start|p1b: Kilowattrel|Encore\n|move|p1b: Kilowattrel|Tailwind||[still]\n|-fail|p1b: Kilowattrel\n|move|p1a: Landorus|Earthquake|p2b: Baxcalibur|[spread] p2a,p2b\n|-immune|p1b: Kilowattrel\n|-resisted|p2a: Illumise\n|-damage|p2a: Illumise|75\/100\n|-damage|p2b: Baxcalibur|63\/100\n|\n|upkeep\n|turn|3\n|inactive|JabsGR has 30 seconds left.\n|\n|t:|1700938721\n|switch|p1b: Orthworm|Orthworm, L50, M|100\/100\n|-terastallize|p2b: Baxcalibur|Grass\n|move|p1a: Landorus|Protect|p1a: Landorus\n|-singleturn|p1a: Landorus|Protect\n|move|p2a: Illumise|Encore|p1a: Landorus\n|-activate|p1a: Landorus|move: Protect\n|move|p2b: Baxcalibur|Swords Dance|p2b: Baxcalibur\n|-boost|p2b: Baxcalibur|atk|2\n|\n|upkeep\n|turn|4\n|\n|t:|1700938736\n|switch|p1a: Kilowattrel|Kilowattrel, L50, M|100\/100\n|move|p2a: Illumise|Encore||[still]\n|-fail|p2a: Illumise\n|move|p2b: Baxcalibur|Icicle Spear|p1a: Kilowattrel\n|-supereffective|p1a: Kilowattrel\n|-damage|p1a: Kilowattrel|0 fnt\n|faint|p1a: Kilowattrel\n|-hitcount|p1: Kilowattrel|1\n|move|p1b: Orthworm|Iron Defense|p1b: Orthworm\n|-boost|p1b: Orthworm|def|2\n|\n|-sideend|p1: lumenessence|move: Tailwind\n|-sideend|p2: JabsGR|move: Tailwind\n|upkeep\n|\n|t:|1700938747\n|switch|p1a: Landorus|Landorus, L50, M|100\/100\n|turn|5\n|\n|t:|1700938761\n|-terastallize|p1a: Landorus|Fire\n|move|p2b: Baxcalibur|Protect|p2b: Baxcalibur\n|-singleturn|p2b: Baxcalibur|Protect\n|move|p2a: Illumise|Encore|p1b: Orthworm\n|-start|p1b: Orthworm|Encore\n|move|p1a: Landorus|Rock Slide|p2b: Baxcalibur|[spread] p2a\n|-activate|p2b: Baxcalibur|move: Protect\n|-supereffective|p2a: Illumise\n|-damage|p2a: Illumise|9\/100\n|move|p1b: Orthworm|Iron Defense|p1b: Orthworm\n|-boost|p1b: Orthworm|def|2\n|\n|upkeep\n|turn|6\n|\n|t:|1700938785\n|move|p2a: Illumise|Tailwind|p2a: Illumise\n|-sidestart|p2: JabsGR|move: Tailwind\n|move|p2b: Baxcalibur|High Horsepower|p1a: Landorus\n|-supereffective|p1a: Landorus\n|-damage|p1a: Landorus|0 fnt\n|faint|p1a: Landorus\n|move|p1b: Orthworm|Iron Defense|p1b: Orthworm\n|-boost|p1b: Orthworm|def|2\n|\n|upkeep\n|turn|7\n|\n|t:|1700938799\n|move|p2b: Baxcalibur|Icicle Spear|p1b: Orthworm\n|-resisted|p1b: Orthworm\n|-damage|p1b: Orthworm|97\/100\n|-resisted|p1b: Orthworm\n|-damage|p1b: Orthworm|94\/100\n|-resisted|p1b: Orthworm\n|-damage|p1b: Orthworm|91\/100\n|-resisted|p1b: Orthworm\n|-crit|p1b: Orthworm\n|-damage|p1b: Orthworm|75\/100\n|-hitcount|p1b: Orthworm|4\n|move|p2a: Illumise|Struggle Bug|p1b: Orthworm\n|-resisted|p1b: Orthworm\n|-damage|p1b: Orthworm|67\/100\n|-unboost|p1b: Orthworm|spa|1\n|move|p1b: Orthworm|Iron Defense|p1b: Orthworm\n|-boost|p1b: Orthworm|def|0\n|\n|-heal|p1b: Orthworm|73\/100|[from] item: Leftovers\n|-end|p1b: Orthworm|Encore\n|upkeep\n|turn|8\n|\n|t:|1700938822\n|move|p2a: Illumise|Encore|p1b: Orthworm\n|-start|p1b: Orthworm|Encore\n|move|p2b: Baxcalibur|Swords Dance|p2b: Baxcalibur\n|-boost|p2b: Baxcalibur|atk|2\n|move|p1b: Orthworm|Iron Defense|p1b: Orthworm\n|-boost|p1b: Orthworm|def|0\n|\n|-heal|p1b: Orthworm|80\/100|[from] item: Leftovers\n|upkeep\n|turn|9\n|\n|t:|1700938835\n|move|p2b: Baxcalibur|Swords Dance|p2b: Baxcalibur\n|-boost|p2b: Baxcalibur|atk|2\n|move|p2a: Illumise|Struggle Bug|p1b: Orthworm\n|-resisted|p1b: Orthworm\n|-damage|p1b: Orthworm|72\/100\n|-unboost|p1b: Orthworm|spa|1\n|move|p1b: Orthworm|Iron Defense|p1b: Orthworm\n|-boost|p1b: Orthworm|def|0\n|\n|-heal|p1b: Orthworm|78\/100|[from] item: Leftovers\n|-sideend|p2: JabsGR|move: Tailwind\n|upkeep\n|turn|10\n|inactive|lumenessence has 30 seconds left.\n|\n|t:|1700938865\n|move|p2b: Baxcalibur|Icicle Spear|p1b: Orthworm\n|-resisted|p1b: Orthworm\n|-damage|p1b: Orthworm|72\/100\n|-resisted|p1b: Orthworm\n|-damage|p1b: Orthworm|67\/100\n|-resisted|p1b: Orthworm\n|-damage|p1b: Orthworm|60\/100\n|-resisted|p1b: Orthworm\n|-damage|p1b: Orthworm|55\/100\n|-hitcount|p1b: Orthworm|4\n|move|p2a: Illumise|Struggle Bug|p1b: Orthworm\n|-resisted|p1b: Orthworm\n|-damage|p1b: Orthworm|49\/100\n|-unboost|p1b: Orthworm|spa|1\n|move|p1b: Orthworm|Iron Defense|p1b: Orthworm\n|-boost|p1b: Orthworm|def|0\n|\n|-heal|p1b: Orthworm|55\/100|[from] item: Leftovers\n|-end|p1b: Orthworm|Encore\n|upkeep\n|turn|11\n|\n|t:|1700938883\n|move|p2a: Illumise|Encore|p1b: Orthworm\n|-start|p1b: Orthworm|Encore\n|move|p2b: Baxcalibur|Icicle Spear|p1b: Orthworm\n|-resisted|p1b: Orthworm\n|-damage|p1b: Orthworm|50\/100\n|-resisted|p1b: Orthworm\n|-damage|p1b: Orthworm|45\/100\n|-resisted|p1b: Orthworm\n|-damage|p1b: Orthworm|38\/100\n|-resisted|p1b: Orthworm\n|-damage|p1b: Orthworm|33\/100\n|-resisted|p1b: Orthworm\n|-damage|p1b: Orthworm|26\/100\n|-hitcount|p1b: Orthworm|5\n|move|p1b: Orthworm|Iron Defense|p1b: Orthworm\n|-boost|p1b: Orthworm|def|0\n|\n|-heal|p1b: Orthworm|33\/100|[from] item: Leftovers\n|upkeep\n|turn|12\n|\n|t:|1700938899\n|move|p2b: Baxcalibur|Icicle Spear|p1b: Orthworm\n|-resisted|p1b: Orthworm\n|-damage|p1b: Orthworm|28\/100\n|-resisted|p1b: Orthworm\n|-damage|p1b: Orthworm|23\/100\n|-resisted|p1b: Orthworm\n|-crit|p1b: Orthworm\n|-damage|p1b: Orthworm|0 fnt\n|faint|p1b: Orthworm\n|-hitcount|p1: Orthworm|3\n|\n|win|JabsGR\n|c|&|\/uhtml prompt-lumenessence,lumenessence is ready for game 2!\n|c|\u2606JabsGR|gg\n|c|&|\/uhtml prompt-jabsgr,JabsGR is ready for game 2!\nBoth players are ready! Starting next match!\n","uploadtime":1700938911,"views":31,"p1id":"lumenessence","p2id":"jabsgr","formatid":"gen9vgc2023regulatione","rating":0,"private":0,"password":""}