{"id":"gen9vgc2023regulatione-1989456816","p1":"King32bit","p2":"SoulKingPR","format":"[Gen 9] VGC 2023 Regulation E","log":"|j|\u2606King32bit\n|j|\u2606SoulKingPR\n|t:|1699853356\n|gametype|doubles\n|player|p1|King32bit|lance|\n|player|p2|SoulKingPR|266|\n|teamsize|p1|6\n|teamsize|p2|6\n|gen|9\n|tier|[Gen 9] VGC 2023 Regulation E\n|rule|Species Clause: Limit one of each Pok\u00e9mon\n|rule|Item Clause: Limit one of each item\n|clearpoke\n|poke|p1|Dusclops, L50, F|\n|poke|p1|Ursaluna-Bloodmoon, L50, M|\n|poke|p1|Ogerpon-Wellspring, L50, F|\n|poke|p1|Chi-Yu, L50|\n|poke|p1|Iron Hands, L50|\n|poke|p1|Landorus-Therian, L50, M|\n|poke|p2|Tyranitar, L50, F|\n|poke|p2|Tornadus, L50, M|\n|poke|p2|Ogerpon-Cornerstone, L50, F|\n|poke|p2|Rillaboom, L50, F|\n|poke|p2|Gholdengo, L50|\n|poke|p2|Great Tusk, L50|\n|teampreview|4\n|\n|t:|1699853393\n|start\n|switch|p1a: Dusclops|Dusclops, L50, F|100\/100\n|switch|p1b: Iron Hands|Iron Hands, L50|100\/100\n|switch|p2a: Tyranitar|Tyranitar, L50, F, shiny|100\/100\n|switch|p2b: Gholdengo|Gholdengo, L50|100\/100\n|-weather|Sandstorm|[from] ability: Sand Stream|[of] p2a: Tyranitar\n|-ability|p1a: Dusclops|Pressure\n|turn|1\n|\n|t:|1699853417\n|move|p1b: Iron Hands|Fake Out|p2b: Gholdengo\n|-immune|p2b: Gholdengo\n|move|p2b: Gholdengo|Thunder Wave|p1b: Iron Hands\n|-immune|p1b: Iron Hands\n|move|p2a: Tyranitar|Earthquake|p1b: Iron Hands|[spread] p2b,p1a,p1b\n|-supereffective|p2b: Gholdengo\n|-supereffective|p1b: Iron Hands\n|-damage|p2b: Gholdengo|44\/100\n|-damage|p1a: Dusclops|83\/100\n|-damage|p1b: Iron Hands|64\/100\n|move|p1a: Dusclops|Trick Room|p1a: Dusclops\n|-fieldstart|move: Trick Room|[of] p1a: Dusclops\n|\n|-weather|Sandstorm|[upkeep]\n|-damage|p1a: Dusclops|77\/100|[from] Sandstorm\n|-damage|p1b: Iron Hands|58\/100|[from] Sandstorm\n|-heal|p2b: Gholdengo|50\/100|[from] item: Leftovers\n|upkeep\n|turn|2\n|\n|t:|1699853439\n|-end|p1b: Iron Hands|Quark Drive|[silent]\n|switch|p1b: Ursaluna|Ursaluna-Bloodmoon, L50, M|100\/100\n|move|p1a: Dusclops|Brick Break|p2a: Tyranitar\n|-supereffective|p2a: Tyranitar\n|-damage|p2a: Tyranitar|60\/100\n|-enditem|p2a: Tyranitar|Weakness Policy\n|-boost|p2a: Tyranitar|atk|2|[from] item: Weakness Policy\n|-boost|p2a: Tyranitar|spa|2|[from] item: Weakness Policy\n|move|p2a: Tyranitar|Rock Slide|p1a: Dusclops|[spread] p1a,p1b\n|-resisted|p1b: Ursaluna\n|-damage|p1a: Dusclops|40\/100\n|-damage|p1b: Ursaluna|77\/100\n|move|p2b: Gholdengo|Nasty Plot|p2b: Gholdengo\n|-boost|p2b: Gholdengo|spa|2\n|\n|-weather|Sandstorm|[upkeep]\n|-damage|p1a: Dusclops|34\/100|[from] Sandstorm\n|-heal|p2b: Gholdengo|57\/100|[from] item: Leftovers\n|upkeep\n|turn|3\n|\n|t:|1699853477\n|-terastallize|p1b: Ursaluna|Normal\n|move|p1a: Dusclops|Brick Break|p2b: Gholdengo\n|-immune|p2b: Gholdengo\n|move|p1b: Ursaluna|Blood Moon|p2a: Tyranitar\n|-resisted|p2a: Tyranitar\n|-damage|p2a: Tyranitar|35\/100\n|move|p2a: Tyranitar|Knock Off|p1a: Dusclops\n|-supereffective|p1a: Dusclops\n|-damage|p1a: Dusclops|0 fnt\n|-enditem|p1a: Dusclops|Eviolite|[from] move: Knock Off|[of] p2a: Tyranitar\n|faint|p1a: Dusclops\n|move|p2b: Gholdengo|Make It Rain|p1b: Ursaluna\n|-damage|p1b: Ursaluna|0 fnt\n|-unboost|p2b: Gholdengo|spa|1\n|faint|p1b: Ursaluna\n|\n|-weather|Sandstorm|[upkeep]\n|-heal|p2b: Gholdengo|63\/100|[from] item: Leftovers\n|upkeep\n|\n|t:|1699853496\n|switch|p1a: Landorus|Landorus-Therian, L50, M|100\/100\n|switch|p1b: Iron Hands|Iron Hands, L50|58\/100\n|-ability|p1a: Landorus|Intimidate|boost\n|-unboost|p2a: Tyranitar|atk|1\n|-unboost|p2b: Gholdengo|atk|1\n|turn|4\n|\n|t:|1699853523\n|move|p1b: Iron Hands|Wild Charge|p2b: Gholdengo\n|-damage|p2b: Gholdengo|9\/100\n|-damage|p1b: Iron Hands|48\/100|[from] Recoil\n|move|p2a: Tyranitar|Knock Off|p1b: Iron Hands\n|-resisted|p1b: Iron Hands\n|-damage|p1b: Iron Hands|20\/100\n|-enditem|p1b: Iron Hands|Assault Vest|[from] move: Knock Off|[of] p2a: Tyranitar\n|move|p2b: Gholdengo|Thunder|p1b: Iron Hands|[miss]\n|-miss|p2b: Gholdengo|p1b: Iron Hands\n|move|p1a: Landorus|Rock Slide|p2a: Tyranitar|[spread] p2a,p2b\n|-resisted|p2b: Gholdengo\n|-damage|p2a: Tyranitar|17\/100\n|-damage|p2b: Gholdengo|0 fnt\n|faint|p2b: Gholdengo\n|\n|-weather|Sandstorm|[upkeep]\n|-damage|p1b: Iron Hands|14\/100|[from] Sandstorm\n|upkeep\n|\n|t:|1699853543\n|switch|p2b: Tornadus|Tornadus, L50, M, shiny|100\/100\n|turn|5\n|\n|t:|1699853553\n|move|p2a: Tyranitar|Protect|p2a: Tyranitar\n|-singleturn|p2a: Tyranitar|Protect\n|move|p2b: Tornadus|Sandstorm||[still]\n|-fail|p2b: Tornadus\n|move|p1b: Iron Hands|Drain Punch|p2a: Tyranitar\n|-activate|p2a: Tyranitar|move: Protect\n|move|p1a: Landorus|Rock Slide|p2b: Tornadus|[spread] p2b\n|-activate|p2a: Tyranitar|move: Protect\n|-supereffective|p2b: Tornadus\n|-damage|p2b: Tornadus|63\/100\n|\n|-weather|none\n|-fieldend|move: Trick Room\n|upkeep\n|turn|6\n|\n|t:|1699853574\n|move|p1a: Landorus|Rock Slide|p2a: Tyranitar|[spread] p2a,p2b\n|-supereffective|p2b: Tornadus\n|-damage|p2a: Tyranitar|0 fnt\n|-damage|p2b: Tornadus|23\/100\n|faint|p2a: Tyranitar\n|move|p2b: Tornadus|Bleakwind Storm|p1a: Landorus|[spread] p1a,p1b\n|-damage|p1a: Landorus|60\/100\n|-damage|p1b: Iron Hands|0 fnt\n|-unboost|p1a: Landorus|spe|1\n|faint|p1b: Iron Hands\n|-end|p1b: Iron Hands|Quark Drive|[silent]\n|\n|upkeep\n|\n|t:|1699853585\n|switch|p2a: Rillaboom|Rillaboom, L50, F, shiny|100\/100\n|-fieldstart|move: Grassy Terrain|[from] ability: Grassy Surge|[of] p2a: Rillaboom\n|turn|7\n|\n|t:|1699853602\n|move|p2b: Tornadus|Taunt|p1a: Landorus\n|-start|p1a: Landorus|move: Taunt\n|move|p2a: Rillaboom|Grassy Glide|p1a: Landorus\n|-damage|p1a: Landorus|5\/100\n|move|p1a: Landorus|Rock Slide|p2b: Tornadus|[spread] p2a,p2b\n|-supereffective|p2b: Tornadus\n|-damage|p2a: Rillaboom|81\/100\n|-damage|p2b: Tornadus|0 fnt\n|faint|p2b: Tornadus\n|\n|-heal|p2a: Rillaboom|87\/100|[from] Grassy Terrain\n|upkeep\n|turn|8\n|\n|t:|1699853621\n|move|p1a: Landorus|Rock Slide|p2a: Rillaboom\n|-damage|p2a: Rillaboom|62\/100\n|cant|p2a: Rillaboom|flinch\n|\n|-heal|p2a: Rillaboom|68\/100|[from] Grassy Terrain\n|upkeep\n|turn|9\n|\n|t:|1699853633\n|move|p2a: Rillaboom|Fake Out||[still]\n|-hint|Fake Out only works on your first turn out.\n|-fail|p2a: Rillaboom\n|move|p1a: Landorus|Rock Slide|p2a: Rillaboom\n|-damage|p2a: Rillaboom|39\/100\n|\n|-heal|p2a: Rillaboom|45\/100|[from] Grassy Terrain\n|-end|p1a: Landorus|move: Taunt\n|upkeep\n|turn|10\n|\n|t:|1699853649\n|move|p1a: Landorus|Rock Slide|p2a: Rillaboom\n|-damage|p2a: Rillaboom|17\/100\n|cant|p2a: Rillaboom|flinch\n|\n|-heal|p2a: Rillaboom|23\/100|[from] Grassy Terrain\n|upkeep\n|turn|11\n|\n|t:|1699853658\n|move|p1a: Landorus|Rock Slide|p2a: Rillaboom|[miss]\n|-miss|p1a: Landorus|p2a: Rillaboom\n|move|p2a: Rillaboom|High Horsepower|p1a: Landorus\n|-immune|p1a: Landorus\n|\n|-heal|p2a: Rillaboom|29\/100|[from] Grassy Terrain\n|-fieldend|move: Grassy Terrain\n|upkeep\n|turn|12\n|\n|t:|1699853669\n|-terastallize|p2a: Rillaboom|Grass\n|move|p1a: Landorus|Rock Slide|p2a: Rillaboom\n|-damage|p2a: Rillaboom|1\/100\n|cant|p2a: Rillaboom|flinch\n|\n|upkeep\n|turn|13\n|\n|t:|1699853679\n|move|p2a: Rillaboom|Fake Out||[still]\n|-hint|Fake Out only works on your first turn out.\n|-fail|p2a: Rillaboom\n|move|p1a: Landorus|Rock Slide|p2a: Rillaboom\n|-damage|p2a: Rillaboom|0 fnt\n|faint|p2a: Rillaboom\n|\n|win|King32bit\n","uploadtime":1699853695,"views":17,"p1id":"king32bit","p2id":"soulkingpr","formatid":"gen9vgc2023regulatione","rating":0,"private":0,"password":""}