{"id":"gen9vgc2023regulatione-1996744834","p1":"TikTokerTrungQuoc","p2":"xingshen","format":"[Gen 9] VGC 2023 Regulation E","log":"|j|\u2606TikTokerTrungQuoc\n|j|\u2606xingshen\n|t:|1700717995\n|gametype|doubles\n|player|p1|TikTokerTrungQuoc|blue|1018\n|player|p2|xingshen|dawn|1110\n|teamsize|p1|6\n|teamsize|p2|6\n|gen|9\n|tier|[Gen 9] VGC 2023 Regulation E\n|rated|\n|rule|Species Clause: Limit one of each Pok\u00e9mon\n|rule|Item Clause: Limit one of each item\n|clearpoke\n|poke|p1|Tornadus, L50, M|\n|poke|p1|Flutter Mane, L50|\n|poke|p1|Annihilape, L50, M|\n|poke|p1|Amoonguss, L50, M|\n|poke|p1|Gliscor, L50, M|\n|poke|p1|Ogerpon-Hearthflame, L50, F|\n|poke|p2|Arcanine-Hisui, L50, M|\n|poke|p2|Ogerpon-Cornerstone, L50, F|\n|poke|p2|Heatran, L50, M|\n|poke|p2|Lycanroc, L50, M|\n|poke|p2|Tyranitar, L50, F|\n|poke|p2|Tornadus, L50, M|\n|teampreview|4\n|\n|t:|1700718027\n|start\n|switch|p1a: Tornadus|Tornadus, L50, M|100\/100\n|switch|p1b: Flutter Mane|Flutter Mane, L50|100\/100\n|switch|p2a: Tyranitar|Tyranitar, L50, F, shiny|100\/100\n|switch|p2b: Tornadus|Tornadus, L50, M, shiny|100\/100\n|-weather|Sandstorm|[from] ability: Sand Stream|[of] p2a: Tyranitar\n|turn|1\n|\n|t:|1700718048\n|-terastallize|p1b: Flutter Mane|Fairy\n|-terastallize|p2a: Tyranitar|Ghost\n|move|p2b: Tornadus|Tailwind|p2b: Tornadus\n|-sidestart|p2: xingshen|move: Tailwind\n|move|p1a: Tornadus|Sunny Day|p1a: Tornadus\n|-weather|SunnyDay\n|-activate|p1b: Flutter Mane|ability: Protosynthesis\n|-start|p1b: Flutter Mane|protosynthesisspa\n|move|p1b: Flutter Mane|Dazzling Gleam|p2b: Tornadus|[spread] p2a,p2b\n|-damage|p2a: Tyranitar|18\/100\n|-damage|p2b: Tornadus|0 fnt\n|faint|p2b: Tornadus\n|move|p2a: Tyranitar|Dragon Dance|p2a: Tyranitar\n|-boost|p2a: Tyranitar|atk|1\n|-boost|p2a: Tyranitar|spe|1\n|\n|-weather|SunnyDay|[upkeep]\n|upkeep\n|\n|t:|1700718074\n|switch|p2b: Ogerpon|Ogerpon-Cornerstone, L50, F|100\/100\n|turn|2\n|\n|t:|1700718091\n|move|p2a: Tyranitar|Protect|p2a: Tyranitar\n|-singleturn|p2a: Tyranitar|Protect\n|move|p1a: Tornadus|Tailwind|p1a: Tornadus\n|-sidestart|p1: TikTokerTrungQuoc|move: Tailwind\n|move|p1b: Flutter Mane|Dazzling Gleam|p2a: Tyranitar|[spread] p2b\n|-activate|p2a: Tyranitar|move: Protect\n|-damage|p2b: Ogerpon|7\/100\n|move|p2b: Ogerpon|Ivy Cudgel|p1b: Flutter Mane|[anim] Ivy Cudgel Rock\n|-damage|p1b: Flutter Mane|0 fnt\n|faint|p1b: Flutter Mane\n|-end|p1b: Flutter Mane|Protosynthesis|[silent]\n|\n|-weather|SunnyDay|[upkeep]\n|upkeep\n|\n|t:|1700718105\n|switch|p1b: Annihilape|Annihilape, L50, M|100\/100\n|turn|3\n|\n|t:|1700718119\n|move|p2b: Ogerpon|Ivy Cudgel|p1a: Tornadus|[anim] Ivy Cudgel Rock\n|-supereffective|p1a: Tornadus\n|-damage|p1a: Tornadus|0 fnt\n|faint|p1a: Tornadus\n|move|p2a: Tyranitar|Knock Off|p1b: Annihilape\n|-damage|p1b: Annihilape|28\/100\n|-enditem|p1b: Annihilape|Punching Glove|[from] move: Knock Off|[of] p2a: Tyranitar\n|move|p1b: Annihilape|Rage Fist|p2a: Tyranitar\n|-supereffective|p2a: Tyranitar\n|-damage|p2a: Tyranitar|0 fnt\n|faint|p2a: Tyranitar\n|\n|-weather|SunnyDay|[upkeep]\n|upkeep\n|\n|t:|1700718133\n|switch|p1a: Amoonguss|Amoonguss, L50, M|100\/100\n|switch|p2a: Lycanroc|Lycanroc, L50, M|100\/100\n|turn|4\n|\n|t:|1700718147\n|move|p1a: Amoonguss|Rage Powder|p1a: Amoonguss\n|-singleturn|p1a: Amoonguss|move: Rage Powder\n|move|p2b: Ogerpon|Horn Leech|p1b: Annihilape\n|-damage|p1b: Annihilape|0 fnt\n|-heal|p2b: Ogerpon|26\/100|[from] drain|[of] p1b: Annihilape\n|faint|p1b: Annihilape\n|move|p2a: Lycanroc|Rock Slide|p1a: Amoonguss\n|-damage|p1a: Amoonguss|70\/100\n|\n|-weather|SunnyDay|[upkeep]\n|-heal|p1a: Amoonguss|76\/100|[from] item: Black Sludge\n|-sideend|p2: xingshen|move: Tailwind\n|upkeep\n|turn|5\n|\n|t:|1700718169\n|move|p2b: Ogerpon|Ivy Cudgel|p1a: Amoonguss|[anim] Ivy Cudgel Rock\n|-damage|p1a: Amoonguss|23\/100\n|move|p2a: Lycanroc|Rock Slide|p1a: Amoonguss\n|-damage|p1a: Amoonguss|0 fnt\n|faint|p1a: Amoonguss\n|\n|win|xingshen\n|raw|TikTokerTrungQuoc's rating: 1018 &rarr; <strong>1009<\/strong><br \/>(-9 for losing)\n|raw|xingshen's rating: 1110 &rarr; <strong>1129<\/strong><br \/>(+19 for winning)\n|l|\u2606TikTokerTrungQuoc\n","uploadtime":1700718187,"views":3,"p1id":"tiktokertrungquoc","p2id":"xingshen","formatid":"gen9vgc2023regulatione","rating":1009,"private":0,"password":""}