{"id":"gen9vgc2023regulatione-1989411889","p1":"Njath","p2":"averagerandbats","format":"[Gen 9] VGC 2023 Regulation E","log":"|j|\u2606Njath\n|j|\u2606averagerandbats\n|t:|1699846863\n|gametype|doubles\n|player|p1|Njath|265|1233\n|player|p2|averagerandbats|janitor|1162\n|teamsize|p1|6\n|teamsize|p2|6\n|gen|9\n|tier|[Gen 9] VGC 2023 Regulation E\n|rated|\n|rule|Species Clause: Limit one of each Pok\u00e9mon\n|rule|Item Clause: Limit one of each item\n|clearpoke\n|poke|p1|Iron Hands, L50|\n|poke|p1|Arcanine-Hisui, L50, F|\n|poke|p1|Urshifu-*, L50, F|\n|poke|p1|Tornadus, L50, M|\n|poke|p1|Ogerpon, L50, F|\n|poke|p1|Roaring Moon, L50|\n|poke|p2|Zapdos, L50|\n|poke|p2|Arcanine-Hisui, L50, M|\n|poke|p2|Urshifu-*, L50, M|\n|poke|p2|Rillaboom, L50, F|\n|poke|p2|Gholdengo, L50|\n|poke|p2|Ogerpon-Wellspring, L50, F|\n|teampreview|4\n|\n|t:|1699846892\n|start\n|switch|p1a: Ogerpon|Ogerpon, L50, F|100\/100\n|switch|p1b: Arcanine|Arcanine-Hisui, L50, F|100\/100\n|switch|p2a: Arcanine|Arcanine-Hisui, L50, M|100\/100\n|switch|p2b: Urshifu|Urshifu-Rapid-Strike, L50, M|100\/100\n|-ability|p2a: Arcanine|Intimidate|boost\n|-unboost|p1a: Ogerpon|atk|1\n|-ability|p1a: Ogerpon|Defiant|boost\n|-boost|p1a: Ogerpon|atk|2\n|-unboost|p1b: Arcanine|atk|1\n|-ability|p1b: Arcanine|Intimidate|boost\n|-unboost|p2a: Arcanine|atk|1\n|-unboost|p2b: Urshifu|atk|1\n|turn|1\n|\n|t:|1699846919\n|move|p2b: Urshifu|Surging Strikes|p1b: Arcanine\n|-supereffective|p1b: Arcanine\n|-crit|p1b: Arcanine\n|-damage|p1b: Arcanine|7\/100\n|-supereffective|p1b: Arcanine\n|-crit|p1b: Arcanine\n|-damage|p1b: Arcanine|0 fnt\n|faint|p1b: Arcanine\n|-hitcount|p1: Arcanine|2\n|move|p1a: Ogerpon|Ivy Cudgel|p2b: Urshifu\n|-supereffective|p2b: Urshifu\n|-damage|p2b: Urshifu|0 fnt\n|faint|p2b: Urshifu\n|move|p2a: Arcanine|Rock Slide|p1a: Ogerpon\n|-damage|p1a: Ogerpon|54\/100\n|\n|upkeep\n|\n|t:|1699846934\n|switch|p2b: Zapdos|Zapdos, L50|100\/100\n|switch|p1b: Iron Hands|Iron Hands, L50|100\/100\n|turn|2\n|\n|t:|1699846950\n|switch|p2a: Ogerpon|Ogerpon-Wellspring, L50, F|100\/100\n|-terastallize|p2b: Zapdos|Ghost\n|move|p1b: Iron Hands|Fake Out|p2b: Zapdos\n|-immune|p2b: Zapdos\n|move|p1a: Ogerpon|Stomping Tantrum|p2a: Ogerpon\n|-resisted|p2a: Ogerpon\n|-damage|p2a: Ogerpon|82\/100\n|move|p2b: Zapdos|Hurricane|p1a: Ogerpon\n|-supereffective|p1a: Ogerpon\n|-damage|p1a: Ogerpon|0 fnt\n|faint|p1a: Ogerpon\n|\n|upkeep\n|\n|t:|1699846957\n|switch|p1a: Roaring Moon|Roaring Moon, L50|100\/100\n|-enditem|p1a: Roaring Moon|Booster Energy\n|-activate|p1a: Roaring Moon|ability: Protosynthesis|[fromitem]\n|-start|p1a: Roaring Moon|protosynthesisspe\n|turn|3\n|\n|t:|1699846980\n|-terastallize|p1a: Roaring Moon|Flying\n|move|p2a: Ogerpon|Spiky Shield|p2a: Ogerpon\n|-singleturn|p2a: Ogerpon|move: Protect\n|move|p1a: Roaring Moon|Acrobatics|p2a: Ogerpon\n|-activate|p2a: Ogerpon|move: Protect\n|-damage|p1a: Roaring Moon|88\/100|[from] Spiky Shield|[of] p2a: Ogerpon\n|move|p2b: Zapdos|Rain Dance|p2b: Zapdos\n|-weather|RainDance\n|move|p1b: Iron Hands|Wild Charge|p2b: Zapdos\n|-damage|p2b: Zapdos|59\/100\n|-damage|p1b: Iron Hands|84\/100|[from] item: Rocky Helmet|[of] p2b: Zapdos\n|-damage|p1b: Iron Hands|76\/100|[from] Recoil\n|\n|-weather|RainDance|[upkeep]\n|upkeep\n|turn|4\n|\n|t:|1699846996\n|switch|p2a: Arcanine|Arcanine-Hisui, L50, M|100\/100\n|-ability|p2a: Arcanine|Intimidate|boost\n|-unboost|p1a: Roaring Moon|atk|1\n|-unboost|p1b: Iron Hands|atk|1\n|move|p1a: Roaring Moon|Acrobatics|p2a: Arcanine\n|-resisted|p2a: Arcanine\n|-damage|p2a: Arcanine|78\/100\n|move|p2b: Zapdos|Tailwind|p2b: Zapdos\n|-sidestart|p2: averagerandbats|move: Tailwind\n|move|p1b: Iron Hands|Wild Charge|p2b: Zapdos\n|-damage|p2b: Zapdos|35\/100\n|-damage|p1b: Iron Hands|59\/100|[from] item: Rocky Helmet|[of] p2b: Zapdos\n|-damage|p1b: Iron Hands|54\/100|[from] Recoil\n|\n|-weather|RainDance|[upkeep]\n|upkeep\n|turn|5\n|\n|t:|1699847012\n|move|p1a: Roaring Moon|Protect|p1a: Roaring Moon\n|-singleturn|p1a: Roaring Moon|Protect\n|move|p2a: Arcanine|Rock Slide|p1b: Iron Hands|[spread] p1b\n|-activate|p1a: Roaring Moon|move: Protect\n|-resisted|p1b: Iron Hands\n|-damage|p1b: Iron Hands|40\/100\n|move|p2b: Zapdos|Hurricane|p1b: Iron Hands\n|-damage|p1b: Iron Hands|14\/100\n|move|p1b: Iron Hands|Drain Punch|p2a: Arcanine\n|-supereffective|p2a: Arcanine\n|-damage|p2a: Arcanine|16\/100\n|-heal|p1b: Iron Hands|40\/100|[from] drain|[of] p2a: Arcanine\n|\n|-weather|RainDance|[upkeep]\n|upkeep\n|turn|6\n|\n|t:|1699847040\n|move|p1a: Roaring Moon|Acrobatics|p2a: Arcanine\n|-resisted|p2a: Arcanine\n|-damage|p2a: Arcanine|0 fnt\n|faint|p2a: Arcanine\n|move|p2b: Zapdos|Thunderbolt|p1a: Roaring Moon\n|-supereffective|p1a: Roaring Moon\n|-damage|p1a: Roaring Moon|13\/100\n|move|p1b: Iron Hands|Wild Charge|p2b: Zapdos\n|-damage|p2b: Zapdos|11\/100\n|-damage|p1b: Iron Hands|24\/100|[from] item: Rocky Helmet|[of] p2b: Zapdos\n|-damage|p1b: Iron Hands|18\/100|[from] Recoil\n|\n|-weather|RainDance|[upkeep]\n|upkeep\n|\n|t:|1699847051\n|switch|p2a: Ogerpon|Ogerpon-Wellspring, L50, F|82\/100\n|turn|7\n|\n|t:|1699847057\n|move|p1a: Roaring Moon|Protect|p1a: Roaring Moon\n|-singleturn|p1a: Roaring Moon|Protect\n|move|p2a: Ogerpon|Ivy Cudgel|p1b: Iron Hands\n|-crit|p1b: Iron Hands\n|-damage|p1b: Iron Hands|0 fnt\n|faint|p1b: Iron Hands\n|-end|p1b: Iron Hands|Quark Drive|[silent]\n|move|p2b: Zapdos|Thunderbolt|p1a: Roaring Moon\n|-activate|p1a: Roaring Moon|move: Protect\n|\n|-weather|none\n|-sideend|p2: averagerandbats|move: Tailwind\n|upkeep\n|turn|8\n|\n|t:|1699847070\n|move|p1a: Roaring Moon|Acrobatics|p2a: Ogerpon\n|-supereffective|p2a: Ogerpon\n|-damage|p2a: Ogerpon|4\/100\n|move|p2a: Ogerpon|Ivy Cudgel|p1a: Roaring Moon\n|-damage|p1a: Roaring Moon|0 fnt\n|faint|p1a: Roaring Moon\n|-end|p1a: Roaring Moon|Protosynthesis|[silent]\n|\n|win|averagerandbats\n|raw|Njath's rating: 1233 &rarr; <strong>1203<\/strong><br \/>(-30 for losing)\n|raw|averagerandbats's rating: 1162 &rarr; <strong>1192<\/strong><br \/>(+30 for winning)\n","uploadtime":1699847083,"views":10,"p1id":"njath","p2id":"averagerandbats","formatid":"gen9vgc2023regulatione","rating":1192,"private":0,"password":""}