{"id":"gen9vgc2023regulatione-1991687533","p1":"dubabugger","p2":"Draisyyn","format":"[Gen 9] VGC 2023 Regulation E","log":"|j|\u2606dubabugger\n|j|\u2606Draisyyn\n|t:|1700102742\n|gametype|doubles\n|player|p1|dubabugger|zinnia|1203\n|player|p2|Draisyyn|roxanne|1110\n|teamsize|p1|6\n|teamsize|p2|6\n|gen|9\n|tier|[Gen 9] VGC 2023 Regulation E\n|rated|\n|rule|Species Clause: Limit one of each Pok\u00e9mon\n|rule|Item Clause: Limit one of each item\n|clearpoke\n|poke|p1|Rillaboom, L50, F|\n|poke|p1|Ninetales-Alola, L50, F|\n|poke|p1|Ogerpon-Wellspring, L50, F|\n|poke|p1|Clefairy, L50, F|\n|poke|p1|Baxcalibur, L50, F|\n|poke|p1|Iron Hands, L50|\n|poke|p2|Jolteon, L50, M|\n|poke|p2|Arcanine, L50, M|\n|poke|p2|Gastrodon-East, L50, M|\n|poke|p2|Rillaboom, L50, M|\n|poke|p2|Farigiraf, L50, M|\n|poke|p2|Urshifu-*, L50, M|\n|teampreview|4\n|\n|t:|1700102803\n|start\n|switch|p1a: Ogerpon|Ogerpon-Wellspring, L50, F|100\/100\n|switch|p1b: Clefairy|Clefairy, L50, F|100\/100\n|switch|p2a: Farigiraf|Farigiraf, L50, M|100\/100\n|switch|p2b: Arcanine|Arcanine, L50, M|100\/100\n|-ability|p2b: Arcanine|Intimidate|boost\n|-unboost|p1a: Ogerpon|atk|1\n|-unboost|p1b: Clefairy|atk|1\n|turn|1\n|\n|t:|1700102829\n|switch|p2b: Gastrodon|Gastrodon-East, L50, M|100\/100\n|-terastallize|p1a: Ogerpon|Water\n|detailschange|p1a: Ogerpon|Ogerpon-Wellspring-Tera, L50, F, tera:Water\n|-ability|p1a: Ogerpon|Embody Aspect (Wellspring)|boost\n|-boost|p1a: Ogerpon|spd|1\n|move|p1b: Clefairy|Helping Hand|p1a: Ogerpon\n|-singleturn|p1a: Ogerpon|Helping Hand|[of] p1b: Clefairy\n|move|p1a: Ogerpon|Ivy Cudgel|p2b: Gastrodon|[anim] Ivy Cudgel Water\n|-ability|p2b: Gastrodon|Storm Drain|boost\n|-boost|p2b: Gastrodon|spa|1\n|move|p2a: Farigiraf|Nasty Plot|p2a: Farigiraf\n|-boost|p2a: Farigiraf|spa|2\n|\n|upkeep\n|turn|2\n|\n|t:|1700102870\n|switch|p1a: Rillaboom|Rillaboom, L50, F|100\/100\n|-fieldstart|move: Grassy Terrain|[from] ability: Grassy Surge|[of] p1a: Rillaboom\n|move|p2b: Gastrodon|Protect|p2b: Gastrodon\n|-singleturn|p2b: Gastrodon|Protect\n|move|p2a: Farigiraf|Psychic|p1a: Rillaboom\n|-damage|p1a: Rillaboom|45\/100\n|move|p1b: Clefairy|Heal Pulse|p1a: Rillaboom\n|-heal|p1a: Rillaboom|95\/100\n|\n|-heal|p1a: Rillaboom|100\/100|[from] Grassy Terrain\n|upkeep\n|turn|3\n|\n|t:|1700102907\n|switch|p2b: Arcanine|Arcanine, L50, M|100\/100\n|-ability|p2b: Arcanine|Intimidate|boost\n|-unboost|p1a: Rillaboom|atk|1\n|-unboost|p1b: Clefairy|atk|1\n|move|p1b: Clefairy|Helping Hand|p1a: Rillaboom\n|-singleturn|p1a: Rillaboom|Helping Hand|[of] p1b: Clefairy\n|move|p1a: Rillaboom|Knock Off|p2a: Farigiraf\n|-supereffective|p2a: Farigiraf\n|-damage|p2a: Farigiraf|32\/100\n|-damage|p1a: Rillaboom|84\/100|[from] item: Rocky Helmet|[of] p2a: Farigiraf\n|-enditem|p2a: Farigiraf|Rocky Helmet|[from] move: Knock Off|[of] p1a: Rillaboom\n|move|p2a: Farigiraf|Psychic|p1a: Rillaboom\n|-damage|p1a: Rillaboom|29\/100\n|\n|-heal|p1a: Rillaboom|35\/100|[from] Grassy Terrain\n|-heal|p2a: Farigiraf|38\/100|[from] Grassy Terrain\n|upkeep\n|turn|4\n|\n|t:|1700102933\n|move|p1b: Clefairy|Follow Me|p1b: Clefairy\n|-singleturn|p1b: Clefairy|move: Follow Me\n|move|p2b: Arcanine|Flare Blitz|p1b: Clefairy\n|-damage|p1b: Clefairy|49\/100\n|-damage|p2b: Arcanine|84\/100|[from] Recoil\n|move|p1a: Rillaboom|Knock Off|p2a: Farigiraf\n|-supereffective|p2a: Farigiraf\n|-damage|p2a: Farigiraf|8\/100\n|move|p2a: Farigiraf|Tera Blast|p1b: Clefairy\n|-damage|p1b: Clefairy|1\/100\n|\n|-heal|p2b: Arcanine|90\/100|[from] Grassy Terrain\n|-heal|p1a: Rillaboom|40\/100|[from] Grassy Terrain\n|-heal|p2a: Farigiraf|14\/100|[from] Grassy Terrain\n|-heal|p1b: Clefairy|7\/100|[from] Grassy Terrain\n|upkeep\n|turn|5\n|\n|t:|1700102958\n|move|p2b: Arcanine|Extreme Speed|p1b: Clefairy\n|-damage|p1b: Clefairy|0 fnt\n|faint|p1b: Clefairy\n|move|p1a: Rillaboom|Knock Off|p2a: Farigiraf\n|-supereffective|p2a: Farigiraf\n|-damage|p2a: Farigiraf|0 fnt\n|faint|p2a: Farigiraf\n|\n|-heal|p2b: Arcanine|96\/100|[from] Grassy Terrain\n|-heal|p1a: Rillaboom|46\/100|[from] Grassy Terrain\n|upkeep\n|\n|t:|1700102970\n|switch|p2a: Rillaboom|Rillaboom, L50, M|100\/100\n|switch|p1b: Ogerpon|Ogerpon-Wellspring-Tera, L50, F, tera:Water|100\/100\n|-ability|p1b: Ogerpon|Embody Aspect (Wellspring)|boost\n|-boost|p1b: Ogerpon|spd|1\n|turn|6\n|\n|t:|1700102982\n|move|p1b: Ogerpon|Spiky Shield|p1b: Ogerpon\n|-singleturn|p1b: Ogerpon|move: Protect\n|move|p2a: Rillaboom|Fake Out|p1b: Ogerpon\n|-activate|p1b: Ogerpon|move: Protect\n|-damage|p2a: Rillaboom|88\/100|[from] Spiky Shield|[of] p1b: Ogerpon\n|move|p2b: Arcanine|Flare Blitz|p1a: Rillaboom\n|-supereffective|p1a: Rillaboom\n|-damage|p1a: Rillaboom|0 fnt\n|faint|p1a: Rillaboom\n|-damage|p2b: Arcanine|78\/100|[from] Recoil\n|\n|-heal|p2b: Arcanine|84\/100|[from] Grassy Terrain\n|-heal|p2a: Rillaboom|94\/100|[from] Grassy Terrain\n|-fieldend|move: Grassy Terrain\n|upkeep\n|\n|t:|1700102987\n|switch|p1a: Ninetales|Ninetales-Alola, L50, F|100\/100\n|-weather|Snow|[from] ability: Snow Warning|[of] p1a: Ninetales\n|turn|7\n|\n|t:|1700103015\n|switch|p2b: Gastrodon|Gastrodon-East, L50, M|100\/100\n|move|p1a: Ninetales|Blizzard|p2a: Rillaboom|[spread] p2a,p2b\n|-supereffective|p2a: Rillaboom\n|-damage|p2a: Rillaboom|53\/100\n|-damage|p2b: Gastrodon|73\/100\n|move|p1b: Ogerpon|Ivy Cudgel|p2b: Gastrodon|[anim] Ivy Cudgel Water\n|-ability|p2b: Gastrodon|Storm Drain|boost\n|-boost|p2b: Gastrodon|spa|1\n|move|p2a: Rillaboom|Wood Hammer|p1b: Ogerpon\n|-supereffective|p1b: Ogerpon\n|-damage|p1b: Ogerpon|0 fnt\n|faint|p1b: Ogerpon\n|-damage|p2a: Rillaboom|26\/100|[from] Recoil\n|\n|-weather|Snow|[upkeep]\n|-heal|p2b: Gastrodon|79\/100|[from] item: Leftovers\n|upkeep\n|turn|8\n|c|\u2606dubabugger|Fuck me in the ass, man\n|\n|t:|1700103038\n|move|p1a: Ninetales|Blizzard|p2a: Rillaboom|[spread] p2a,p2b\n|-supereffective|p2a: Rillaboom\n|-damage|p2a: Rillaboom|0 fnt\n|-damage|p2b: Gastrodon|52\/100\n|faint|p2a: Rillaboom\n|move|p2b: Gastrodon|Yawn|p1a: Ninetales\n|-start|p1a: Ninetales|move: Yawn|[of] p2b: Gastrodon\n|\n|-weather|Snow|[upkeep]\n|-heal|p2b: Gastrodon|58\/100|[from] item: Leftovers\n|upkeep\n|\n|t:|1700103044\n|switch|p2a: Arcanine|Arcanine, L50, M|84\/100\n|-ability|p2a: Arcanine|Intimidate|boost\n|-unboost|p1a: Ninetales|atk|1\n|turn|9\n|c|\u2606dubabugger|oh I fucking hate you now\n|\n|t:|1700103056\n|move|p1a: Ninetales|Aurora Veil|p1a: Ninetales\n|-sidestart|p1: dubabugger|move: Aurora Veil\n|move|p2a: Arcanine|Flare Blitz|p1a: Ninetales\n|-supereffective|p1a: Ninetales\n|-damage|p1a: Ninetales|32\/100\n|-damage|p2a: Arcanine|62\/100|[from] Recoil\n|move|p2b: Gastrodon|Chilling Water|p1a: Ninetales\n|-damage|p1a: Ninetales|10\/100\n|-unboost|p1a: Ninetales|atk|1\n|\n|-weather|Snow|[upkeep]\n|-heal|p2b: Gastrodon|65\/100|[from] item: Leftovers\n|-end|p1a: Ninetales|move: Yawn|[silent]\n|-status|p1a: Ninetales|slp\n|upkeep\n|turn|10\n|c|\u2606dubabugger|let me live\n|c|\u2606dubabugger|pls\n|\n|t:|1700103065\n|cant|p1a: Ninetales|slp\n|move|p2a: Arcanine|Flare Blitz|p1a: Ninetales\n|-supereffective|p1a: Ninetales\n|-damage|p1a: Ninetales|0 fnt\n|faint|p1a: Ninetales\n|-damage|p2a: Arcanine|59\/100|[from] Recoil\n|\n|win|Draisyyn\n|raw|dubabugger's rating: 1203 &rarr; <strong>1171<\/strong><br \/>(-32 for losing)\n|raw|Draisyyn's rating: 1110 &rarr; <strong>1142<\/strong><br \/>(+32 for winning)\n","uploadtime":1700103026,"views":16,"p1id":"dubabugger","p2id":"draisyyn","formatid":"gen9vgc2023regulatione","rating":1142,"private":0,"password":""}