{"id":"gen9vgc2023regulatione-1992302395","p1":"celeme","p2":"wholesomeisland","format":"[Gen 9] VGC 2023 Regulation E","log":"|j|\u2606celeme\n|j|\u2606wholesomeisland\n|t:|1700172573\n|gametype|doubles\n|player|p1|celeme|170|1153\n|player|p2|wholesomeisland|101|1134\n|teamsize|p1|6\n|teamsize|p2|6\n|gen|9\n|tier|[Gen 9] VGC 2023 Regulation E\n|rated|\n|rule|Species Clause: Limit one of each Pok\u00e9mon\n|rule|Item Clause: Limit one of each item\n|clearpoke\n|poke|p1|Ogerpon-Wellspring, L50, F|\n|poke|p1|Rillaboom, L50, F|\n|poke|p1|Glastrier, L50|\n|poke|p1|Ting-Lu, L50|\n|poke|p1|Enamorus-Therian, L50, F|\n|poke|p1|Wyrdeer, L50, M|\n|poke|p2|Iron Valiant, L50|\n|poke|p2|Arcanine, L50, M|\n|poke|p2|Empoleon, L50, F|\n|poke|p2|Urshifu-*, L50, M|\n|poke|p2|Roaring Moon, L50|\n|poke|p2|Tornadus, L50, M|\n|teampreview|4\n|inactive|Battle timer is ON: inactive players will automatically lose when time's up. (requested by celeme)\nwholesomeisland has agreed to open team sheets.\n|inactive|celeme has 60 seconds left.\n|inactive|wholesomeisland has 60 seconds left.\n|\n|t:|1700172618\n|start\n|switch|p1a: Rillaboom|Rillaboom, L50, F|100\/100\n|switch|p1b: Wyrdeer|Wyrdeer, L50, M|100\/100\n|switch|p2a: Tornadus|Tornadus, L50, M|100\/100\n|switch|p2b: Iron Valiant|Iron Valiant, L50|100\/100\n|-fieldstart|move: Grassy Terrain|[from] ability: Grassy Surge|[of] p1a: Rillaboom\n|-ability|p1b: Wyrdeer|Intimidate|boost\n|-unboost|p2a: Tornadus|atk|1\n|-unboost|p2b: Iron Valiant|atk|1\n|turn|1\n|\n|t:|1700172641\n|move|p2a: Tornadus|Tailwind|p2a: Tornadus\n|-sidestart|p2: wholesomeisland|move: Tailwind\n|move|p2b: Iron Valiant|Ice Punch|p1a: Rillaboom\n|-supereffective|p1a: Rillaboom\n|-damage|p1a: Rillaboom|59\/100\n|move|p1a: Rillaboom|U-turn|p2b: Iron Valiant\n|-resisted|p2b: Iron Valiant\n|-damage|p2b: Iron Valiant|92\/100\n|\n|t:|1700172650\n|switch|p1a: Enamorus|Enamorus-Therian, L50, F|100\/100|[from] U-turn\n|move|p1b: Wyrdeer|Trick Room|p1b: Wyrdeer\n|-fieldstart|move: Trick Room|[of] p1b: Wyrdeer\n|\n|-heal|p2b: Iron Valiant|98\/100|[from] Grassy Terrain\n|upkeep\n|turn|2\n|inactive|celeme has 30 seconds left.\n|inactive|wholesomeisland has 30 seconds left.\n|inactive|wholesomeisland has 20 seconds left.\n|\n|t:|1700172689\n|-terastallize|p1a: Enamorus|Fairy\n|move|p1b: Wyrdeer|Helping Hand|p1a: Enamorus\n|-singleturn|p1a: Enamorus|Helping Hand|[of] p1b: Wyrdeer\n|move|p2a: Tornadus|Taunt|p1b: Wyrdeer\n|-start|p1b: Wyrdeer|move: Taunt\n|move|p1a: Enamorus|Dazzling Gleam|p2b: Iron Valiant|[spread] p2a,p2b\n|-supereffective|p2b: Iron Valiant\n|-damage|p2a: Tornadus|0 fnt\n|-damage|p2b: Iron Valiant|0 fnt\n|faint|p2a: Tornadus\n|faint|p2b: Iron Valiant\n|-end|p2b: Iron Valiant|Quark Drive|[silent]\n|\n|upkeep\n|\n|t:|1700172698\n|switch|p2a: Empoleon|Empoleon, L50, F|100\/100\n|switch|p2b: Roaring Moon|Roaring Moon, L50|100\/100\n|-enditem|p2b: Roaring Moon|Booster Energy\n|-activate|p2b: Roaring Moon|ability: Protosynthesis|[fromitem]\n|-start|p2b: Roaring Moon|protosynthesisspe\n|turn|3\n|inactive|celeme has 30 seconds left.\n|\n|t:|1700172724\n|switch|p1a: Ogerpon|Ogerpon-Wellspring, L50, F|100\/100\n|switch|p1b: Rillaboom|Rillaboom, L50, F|59\/100\n|-terastallize|p2b: Roaring Moon|Flying\n|move|p2a: Empoleon|Flash Cannon|p1a: Ogerpon\n|-resisted|p1a: Ogerpon\n|-damage|p1a: Ogerpon|84\/100\n|move|p2b: Roaring Moon|Knock Off|p1a: Ogerpon\n|-damage|p1a: Ogerpon|48\/100\n|\n|-heal|p1b: Rillaboom|65\/100|[from] Grassy Terrain\n|-heal|p1a: Ogerpon|54\/100|[from] Grassy Terrain\n|upkeep\n|turn|4\n|\n|t:|1700172746\n|move|p1b: Rillaboom|Fake Out|p2b: Roaring Moon\n|-damage|p2b: Roaring Moon|85\/100\n|move|p1a: Ogerpon|Grassy Glide|p2a: Empoleon\n|-damage|p2a: Empoleon|64\/100\n|move|p2a: Empoleon|Ice Beam|p1b: Rillaboom\n|-supereffective|p1b: Rillaboom\n|-damage|p1b: Rillaboom|23\/100\n|cant|p2b: Roaring Moon|flinch\n|\n|-heal|p1b: Rillaboom|30\/100|[from] Grassy Terrain\n|-heal|p1a: Ogerpon|60\/100|[from] Grassy Terrain\n|-heal|p2a: Empoleon|70\/100|[from] Grassy Terrain\n|-sideend|p2: wholesomeisland|move: Tailwind\n|upkeep\n|turn|5\n|\n|t:|1700172770\n|move|p2a: Empoleon|Ice Beam|p1b: Rillaboom\n|-supereffective|p1b: Rillaboom\n|-damage|p1b: Rillaboom|0 fnt\n|faint|p1b: Rillaboom\n|move|p1a: Ogerpon|Ivy Cudgel|p2b: Roaring Moon|[anim] Ivy Cudgel Water\n|-damage|p2b: Roaring Moon|24\/100\n|move|p2b: Roaring Moon|Knock Off|p1a: Ogerpon\n|-damage|p1a: Ogerpon|28\/100\n|\n|-heal|p2a: Empoleon|75\/100|[from] Grassy Terrain\n|-heal|p1a: Ogerpon|34\/100|[from] Grassy Terrain\n|-fieldend|move: Trick Room\n|-fieldend|move: Grassy Terrain\n|upkeep\n|\n|t:|1700172784\n|switch|p1b: Wyrdeer|Wyrdeer, L50, M|100\/100\n|-ability|p1b: Wyrdeer|Intimidate|boost\n|-unboost|p2a: Empoleon|atk|1\n|-ability|p2a: Empoleon|Competitive|boost\n|-boost|p2a: Empoleon|spa|2\n|-unboost|p2b: Roaring Moon|atk|1\n|turn|6\n|\n|t:|1700172806\n|move|p1a: Ogerpon|Follow Me|p1a: Ogerpon\n|-singleturn|p1a: Ogerpon|move: Follow Me\n|move|p2b: Roaring Moon|Acrobatics|p1a: Ogerpon\n|-supereffective|p1a: Ogerpon\n|-crit|p1a: Ogerpon\n|-damage|p1a: Ogerpon|0 fnt\n|faint|p1a: Ogerpon\n|move|p2a: Empoleon|Flash Cannon|p1b: Wyrdeer\n|-damage|p1b: Wyrdeer|39\/100\n|move|p1b: Wyrdeer|Trick Room|p1b: Wyrdeer\n|-fieldstart|move: Trick Room|[of] p1b: Wyrdeer\n|\n|upkeep\n|\n|t:|1700172817\n|switch|p1a: Enamorus|Enamorus-Therian, L50, F, tera:Fairy|100\/100\n|turn|7\n|\n|t:|1700172829\n|move|p1a: Enamorus|Earth Power|p2a: Empoleon\n|-supereffective|p2a: Empoleon\n|-damage|p2a: Empoleon|8\/100\n|move|p1b: Wyrdeer|Extrasensory|p2b: Roaring Moon\n|-damage|p2b: Roaring Moon|0 fnt\n|faint|p2b: Roaring Moon\n|-end|p2b: Roaring Moon|Protosynthesis|[silent]\n|move|p2a: Empoleon|Flash Cannon|p1a: Enamorus\n|-supereffective|p1a: Enamorus\n|-damage|p1a: Enamorus|0 fnt\n|faint|p1a: Enamorus\n|\n|upkeep\n|turn|8\n|\n|t:|1700172845\n|move|p1b: Wyrdeer|Extrasensory|p2a: Empoleon\n|-resisted|p2a: Empoleon\n|-damage|p2a: Empoleon|0 fnt\n|faint|p2a: Empoleon\n|\n|win|celeme\n|raw|celeme's rating: 1153 &rarr; <strong>1177<\/strong><br \/>(+24 for winning)\n|raw|wholesomeisland's rating: 1134 &rarr; <strong>1110<\/strong><br \/>(-24 for losing)\n|c|\u2606wholesomeisland|gg\n|l|\u2606wholesomeisland\n","uploadtime":1700172890,"views":26,"p1id":"celeme","p2id":"wholesomeisland","formatid":"gen9vgc2023regulatione","rating":1110,"private":0,"password":""}