{"id":"gen9vgc2023regulatione-1992458768","p1":"zanethrillseek","p2":"An0nymoose","format":"[Gen 9] VGC 2023 Regulation E","log":"|j|\u2606zanethrillseek\n|j|\u2606An0nymoose\n|t:|1700190081\n|gametype|doubles\n|player|p1|zanethrillseek|hilbert-wonderlauncher|1126\n|player|p2|An0nymoose|170|1227\n|teamsize|p1|6\n|teamsize|p2|6\n|gen|9\n|tier|[Gen 9] VGC 2023 Regulation E\n|rated|\n|rule|Species Clause: Limit one of each Pok\u00e9mon\n|rule|Item Clause: Limit one of each item\n|clearpoke\n|poke|p1|Moltres-Galar, L50|\n|poke|p1|Sinistcha-Masterpiece, L50|\n|poke|p1|Ninetales-Alola, L50, F|\n|poke|p1|Landorus-Therian, L50, M|\n|poke|p1|Iron Hands, L50|\n|poke|p1|Heatran, L50, F|\n|poke|p2|Empoleon, L50, M|\n|poke|p2|Dudunsparce-*, L50, F|\n|poke|p2|Cinderace, L50, M|\n|poke|p2|Sandy Shocks, L50|\n|poke|p2|Ninetales-Alola, L50, F|\n|poke|p2|Overqwil, L50, F|\n|teampreview|4\n|inactive|Battle timer is ON: inactive players will automatically lose when time's up. (requested by An0nymoose)\n|\n|t:|1700190109\n|start\n|switch|p1a: Moltres|Moltres-Galar, L50|100\/100\n|switch|p1b: Ninetales|Ninetales-Alola, L50, F|100\/100\n|switch|p2a: Cinderace|Cinderace, L50, M|100\/100\n|switch|p2b: Empoleon|Empoleon, L50, M|100\/100\n|-weather|Snow|[from] ability: Snow Warning|[of] p1b: Ninetales\n|turn|1\n|\n|t:|1700190133\n|move|p2a: Cinderace|Fire Pledge|p1b: Ninetales\n|-waiting|p2a: Cinderace|p2b: Empoleon\n|move|p2b: Empoleon|Water Pledge|p1b: Ninetales|[from]move: Fire Pledge\n|-combine\n|-damage|p1b: Ninetales|30\/100\n|-sidestart|p2: An0nymoose|Water Pledge\n|move|p1b: Ninetales|Aurora Veil|p1b: Ninetales\n|-sidestart|p1: zanethrillseek|move: Aurora Veil\n|move|p1a: Moltres|Nasty Plot|p1a: Moltres\n|-boost|p1a: Moltres|spa|2\n|\n|-weather|Snow|[upkeep]\n|upkeep\n|turn|2\n|inactive|zanethrillseek has 30 seconds left.\n|\n|t:|1700190168\n|move|p2a: Cinderace|Iron Head|p1a: Moltres\n|-damage|p1a: Moltres|86\/100\n|move|p1b: Ninetales|Moonblast|p2a: Cinderace\n|-resisted|p2a: Cinderace\n|-damage|p2a: Cinderace|79\/100\n|cant|p1a: Moltres|flinch\n|move|p2b: Empoleon|Blizzard|p1a: Moltres|[spread] p1a,p1b\n|-supereffective|p1a: Moltres\n|-resisted|p1b: Ninetales\n|-damage|p1a: Moltres|57\/100\n|-damage|p1b: Ninetales|20\/100\n|-status|p1a: Moltres|frz\n|\n|-weather|Snow|[upkeep]\n|upkeep\n|turn|3\n|\n|t:|1700190193\n|switch|p1b: Sinistcha|Sinistcha-Masterpiece, L50|100\/100\n|-heal|p1a: Moltres|82\/100 frz|[from] ability: Hospitality|[of] p1b: Sinistcha\n|switch|p2b: Sandy Shocks|Sandy Shocks, L50|100\/100\n|-enditem|p2b: Sandy Shocks|Booster Energy\n|-activate|p2b: Sandy Shocks|ability: Protosynthesis|[fromitem]\n|-start|p2b: Sandy Shocks|protosynthesisspe\n|move|p2a: Cinderace|Iron Head|p1b: Sinistcha\n|-damage|p1b: Sinistcha|84\/100\n|-damage|p2a: Cinderace|63\/100|[from] item: Rocky Helmet|[of] p1b: Sinistcha\n|cant|p1a: Moltres|frz\n|\n|-weather|Snow|[upkeep]\n|upkeep\n|turn|4\n|\n|t:|1700190217\n|move|p2b: Sandy Shocks|Thunder|p1a: Moltres\n|-supereffective|p1a: Moltres\n|-damage|p1a: Moltres|33\/100 frz\n|-ability|p1a: Moltres|Berserk|boost\n|-boost|p1a: Moltres|spa|1\n|-enditem|p1a: Moltres|Sitrus Berry|[eat]\n|-heal|p1a: Moltres|58\/100 frz|[from] item: Sitrus Berry\n|move|p2a: Cinderace|Pyro Ball|p1b: Sinistcha\n|-supereffective|p1b: Sinistcha\n|-damage|p1b: Sinistcha|9\/100\n|-status|p1b: Sinistcha|brn\n|cant|p1a: Moltres|frz\n|move|p1b: Sinistcha|Strength Sap|p2a: Cinderace\n|-unboost|p2a: Cinderace|atk|1\n|-heal|p1b: Sinistcha|100\/100 brn\n|\n|-weather|Snow|[upkeep]\n|-damage|p1b: Sinistcha|94\/100 brn|[from] brn\n|-sideend|p2: An0nymoose|Water Pledge\n|upkeep\n|turn|5\n|inactive|zanethrillseek has 30 seconds left.\n|inactive|An0nymoose has 30 seconds left.\n|\n|t:|1700190252\n|-terastallize|p1b: Sinistcha|Water\n|move|p1b: Sinistcha|Rage Powder|p1b: Sinistcha\n|-singleturn|p1b: Sinistcha|move: Rage Powder\n|move|p2b: Sandy Shocks|Gravity|p2b: Sandy Shocks\n|-fieldstart|move: Gravity\n|move|p2a: Cinderace|Iron Head|p1b: Sinistcha\n|-resisted|p1b: Sinistcha\n|-damage|p1b: Sinistcha|89\/100 brn\n|-damage|p2a: Cinderace|47\/100|[from] item: Rocky Helmet|[of] p1b: Sinistcha\n|-curestatus|p1a: Moltres|frz|[msg]\n|move|p1a: Moltres|Fiery Wrath|p2a: Cinderace|[spread] p2a,p2b\n|-damage|p2a: Cinderace|0 fnt\n|-damage|p2b: Sandy Shocks|27\/100\n|faint|p2a: Cinderace\n|\n|-weather|none\n|-damage|p1b: Sinistcha|83\/100 brn|[from] brn\n|upkeep\n|\n|t:|1700190269\n|switch|p2a: Overqwil|Overqwil, L50, F|100\/100\n|-ability|p2a: Overqwil|Intimidate|boost\n|-unboost|p1a: Moltres|atk|1\n|-unboost|p1b: Sinistcha|atk|1\n|turn|6\n|inactive|zanethrillseek has 30 seconds left.\n|\n|t:|1700190301\n|switch|p1b: Ninetales|Ninetales-Alola, L50, F|20\/100\n|-weather|Snow|[from] ability: Snow Warning|[of] p1b: Ninetales\n|move|p2b: Sandy Shocks|Thunder|p1a: Moltres\n|-supereffective|p1a: Moltres\n|-damage|p1a: Moltres|12\/100\n|-ability|p1a: Moltres|Berserk|boost\n|-boost|p1a: Moltres|spa|1\n|move|p2a: Overqwil|Barb Barrage|p1a: Moltres\n|-damage|p1a: Moltres|0 fnt\n|faint|p1a: Moltres\n|\n|-weather|Snow|[upkeep]\n|upkeep\n|\n|t:|1700190315\n|switch|p1a: Sinistcha|Sinistcha-Masterpiece, L50, tera:Water|83\/100 brn\n|-heal|p1b: Ninetales|45\/100|[from] ability: Hospitality|[of] p1a: Sinistcha\n|turn|7\n|\n|t:|1700190329\n|move|p2b: Sandy Shocks|Thunder|p1a: Sinistcha\n|-supereffective|p1a: Sinistcha\n|-damage|p1a: Sinistcha|22\/100 brn\n|move|p1b: Ninetales|Moonblast|p2a: Overqwil\n|-damage|p2a: Overqwil|58\/100\n|-unboost|p2a: Overqwil|spa|1\n|move|p2a: Overqwil|Barb Barrage|p1b: Ninetales\n|-supereffective|p1b: Ninetales\n|-damage|p1b: Ninetales|16\/100\n|move|p1a: Sinistcha|Matcha Gotcha|p2a: Overqwil|[spread] p2a,p2b\n|-resisted|p2a: Overqwil\n|-supereffective|p2b: Sandy Shocks\n|-damage|p2a: Overqwil|36\/100\n|-heal|p1a: Sinistcha|32\/100 brn|[from] drain|[of] p2a: Overqwil\n|-damage|p2b: Sandy Shocks|0 fnt\n|-heal|p1a: Sinistcha|47\/100 brn|[from] drain|[of] p2b: Sandy Shocks\n|faint|p2b: Sandy Shocks\n|-end|p2b: Sandy Shocks|Protosynthesis|[silent]\n|\n|-weather|Snow|[upkeep]\n|-damage|p1a: Sinistcha|40\/100 brn|[from] brn\n|upkeep\n|\n|t:|1700190352\n|switch|p2b: Empoleon|Empoleon, L50, M|100\/100\n|turn|8\n|inactive|zanethrillseek has 30 seconds left.\n|inactive|An0nymoose has 30 seconds left.\n|inactive|An0nymoose has 20 seconds left.\n|inactive|An0nymoose has 15 seconds left.\n|\n|t:|1700190399\n|switch|p1a: Iron Hands|Iron Hands, L50|100\/100\n|-terastallize|p2b: Empoleon|Ice\n|move|p1b: Ninetales|Protect|p1b: Ninetales\n|-singleturn|p1b: Ninetales|Protect\n|move|p2a: Overqwil|Scale Shot|p1a: Iron Hands\n|-damage|p1a: Iron Hands|97\/100\n|-damage|p1a: Iron Hands|93\/100\n|-damage|p1a: Iron Hands|89\/100\n|-hitcount|p1a: Iron Hands|3\n|-unboost|p2a: Overqwil|def|1\n|-boost|p2a: Overqwil|spe|1\n|move|p2b: Empoleon|Blizzard|p1b: Ninetales|[spread] p1a\n|-activate|p1b: Ninetales|move: Protect\n|-damage|p1a: Iron Hands|75\/100\n|\n|-weather|Snow|[upkeep]\n|-sideend|p1: zanethrillseek|move: Aurora Veil\n|upkeep\n|turn|9\n|inactive|zanethrillseek has 30 seconds left.\n|inactive|An0nymoose has 30 seconds left.\n|\n|t:|1700190431\n|move|p1a: Iron Hands|Fake Out|p2a: Overqwil\n|-damage|p2a: Overqwil|10\/100\n|move|p2b: Empoleon|Vacuum Wave|p1b: Ninetales\n|-damage|p1b: Ninetales|2\/100\n|cant|p2a: Overqwil|flinch\n|move|p1b: Ninetales|Aurora Veil|p1b: Ninetales\n|-sidestart|p1: zanethrillseek|move: Aurora Veil\n|\n|-weather|Snow|[upkeep]\n|-fieldend|move: Gravity\n|upkeep\n|turn|10\n|inactive|zanethrillseek has 30 seconds left.\n|\n|t:|1700190458\n|switch|p1b: Sinistcha|Sinistcha-Masterpiece, L50, tera:Water|40\/100 brn\n|-heal|p1a: Iron Hands|99\/100|[from] ability: Hospitality|[of] p1b: Sinistcha\n|move|p2a: Overqwil|Barb Barrage|p1b: Sinistcha\n|-damage|p1b: Sinistcha|24\/100 brn\n|move|p2b: Empoleon|Blizzard|p1a: Iron Hands|[spread] p1a,p1b\n|-resisted|p1b: Sinistcha\n|-damage|p1a: Iron Hands|86\/100\n|-damage|p1b: Sinistcha|7\/100 brn\n|move|p1a: Iron Hands|Drain Punch|p2a: Overqwil\n|-damage|p2a: Overqwil|0 fnt\n|-heal|p1a: Iron Hands|89\/100|[from] drain|[of] p2a: Overqwil\n|faint|p2a: Overqwil\n|\n|-weather|none\n|-damage|p1b: Sinistcha|1\/100 brn|[from] brn\n|upkeep\n|turn|11\n|\n|t:|1700190481\n|move|p1b: Sinistcha|Rage Powder|p1b: Sinistcha\n|-singleturn|p1b: Sinistcha|move: Rage Powder\n|move|p2b: Empoleon|Vacuum Wave|p1b: Sinistcha\n|-damage|p1b: Sinistcha|0 fnt\n|faint|p1b: Sinistcha\n|move|p1a: Iron Hands|Drain Punch|p2b: Empoleon\n|-supereffective|p2b: Empoleon\n|-damage|p2b: Empoleon|3\/100\n|-heal|p1a: Iron Hands|100\/100|[from] drain|[of] p2b: Empoleon\n|\n|upkeep\n|\n|t:|1700190490\n|switch|p1b: Ninetales|Ninetales-Alola, L50, F|2\/100\n|-weather|Snow|[from] ability: Snow Warning|[of] p1b: Ninetales\n|turn|12\n|\n|t:|1700190500\n|move|p2b: Empoleon|Vacuum Wave|p1b: Ninetales\n|-damage|p1b: Ninetales|0 fnt\n|faint|p1b: Ninetales\n|move|p1a: Iron Hands|Drain Punch|p2b: Empoleon\n|-supereffective|p2b: Empoleon\n|-damage|p2b: Empoleon|0 fnt\n|faint|p2b: Empoleon\n|\n|win|zanethrillseek\n|raw|zanethrillseek's rating: 1126 &rarr; <strong>1158<\/strong><br \/>(+32 for winning)\n|raw|An0nymoose's rating: 1227 &rarr; <strong>1195<\/strong><br \/>(-32 for losing)\n|c|\u2606An0nymoose|Gg\n","uploadtime":1700190516,"views":11,"p1id":"zanethrillseek","p2id":"an0nymoose","formatid":"gen9vgc2023regulatione","rating":1158,"private":0,"password":""}