{"id":"gen9vgc2023regulatione-1995655026","p1":"Itami Dark","p2":"BowDog!","format":"[Gen 9] VGC 2023 Regulation E","log":"|j|\u2606Itami Dark\n|j|\u2606BowDog!\n|t:|1700591196\n|gametype|doubles\n|player|p1|Itami Dark|palmer|1106\n|player|p2|BowDog!|winona|1190\n|teamsize|p1|6\n|teamsize|p2|6\n|gen|9\n|tier|[Gen 9] VGC 2023 Regulation E\n|rated|\n|rule|Species Clause: Limit one of each Pok\u00e9mon\n|rule|Item Clause: Limit one of each item\n|clearpoke\n|poke|p1|Tornadus, L50, M|\n|poke|p1|Arcanine-Hisui, L50, M|\n|poke|p1|Iron Hands, L50|\n|poke|p1|Gholdengo, L50|\n|poke|p1|Urshifu-*, L50, M|\n|poke|p1|Ogerpon-Wellspring, L50, F|\n|poke|p2|Landorus-Therian, L50, M|\n|poke|p2|Tornadus, L50, M|\n|poke|p2|Iron Bundle, L50|\n|poke|p2|Sylveon, L50, F|\n|poke|p2|Ogerpon-Hearthflame, L50, F|\n|poke|p2|Urshifu-*, L50, F|\n|teampreview|4\nItami Dark rejected open team sheets.\n|inactive|Battle timer is ON: inactive players will automatically lose when time's up. (requested by BowDog!)\n|inactive|BowDog! has 60 seconds left.\n|inactive|BowDog! has 30 seconds left.\n|inactive|BowDog! has 20 seconds left.\n|\n|t:|1700591273\n|start\n|switch|p1a: Tornadus|Tornadus, L50, M|100\/100\n|switch|p1b: Arcanine|Arcanine-Hisui, L50, M, shiny|100\/100\n|switch|p2a: Tornadus|Tornadus, L50, M|100\/100\n|switch|p2b: Landorus|Landorus-Therian, L50, M|100\/100\n|-ability|p2b: Landorus|Intimidate|boost\n|-unboost|p1a: Tornadus|atk|1\n|-unboost|p1b: Arcanine|atk|1\n|-ability|p1b: Arcanine|Intimidate|boost\n|-unboost|p2a: Tornadus|atk|1\n|-unboost|p2b: Landorus|atk|1\n|turn|1\n|inactive|BowDog! has 30 seconds left.\n|inactive|BowDog! has 20 seconds left.\n|inactive|BowDog! has 15 seconds left.\n|inactive|BowDog! has 10 seconds left.\n|inactive|BowDog! has 5 seconds left.\n|\n|t:|1700591324\n|switch|p2a: Ogerpon|Ogerpon-Hearthflame, L50, F|100\/100\n|-ability|p2a: Ogerpon|Mold Breaker\n|move|p1a: Tornadus|Taunt|p2a: Ogerpon\n|-start|p2a: Ogerpon|move: Taunt\n|move|p2b: Landorus|Rock Slide|p1a: Tornadus|[spread] p1a,p1b\n|-supereffective|p1a: Tornadus\n|-supereffective|p1b: Arcanine\n|-damage|p1a: Tornadus|65\/100\n|-damage|p1b: Arcanine|66\/100\n|move|p1b: Arcanine|Rock Slide|p2b: Landorus|[spread] p2a\n|-miss|p1b: Arcanine|p2b: Landorus\n|-supereffective|p2a: Ogerpon\n|-damage|p2a: Ogerpon|31\/100\n|\n|upkeep\n|turn|2\n|inactive|BowDog! has 30 seconds left.\n|\n|t:|1700591356\n|move|p1a: Tornadus|Tailwind|p1a: Tornadus\n|-sidestart|p1: Itami Dark|move: Tailwind\n|move|p1b: Arcanine|Rock Slide|p2b: Landorus|[spread] p2a,p2b\n|-supereffective|p2a: Ogerpon\n|-damage|p2a: Ogerpon|0 fnt\n|-damage|p2b: Landorus|70\/100\n|faint|p2a: Ogerpon\n|move|p2b: Landorus|Rock Slide|p1a: Tornadus|[spread] p1a,p1b\n|-supereffective|p1a: Tornadus\n|-supereffective|p1b: Arcanine\n|-damage|p1a: Tornadus|32\/100\n|-damage|p1b: Arcanine|30\/100\n|\n|upkeep\n|\n|t:|1700591378\n|switch|p2a: BowDog!|Sylveon, L50, F|100\/100\n|turn|3\n|\n|t:|1700591389\n|move|p2a: BowDog!|Protect|p2a: BowDog!\n|-singleturn|p2a: BowDog!|Protect\n|move|p1a: Tornadus|Rain Dance|p1a: Tornadus\n|-weather|RainDance\n|move|p1b: Arcanine|Rock Slide|p2b: Landorus|[spread] p2b\n|-activate|p2a: BowDog!|move: Protect\n|-damage|p2b: Landorus|36\/100\n|move|p2b: Landorus|Rock Slide|p1b: Arcanine|[spread] p1a\n|-miss|p2b: Landorus|p1b: Arcanine\n|-supereffective|p1a: Tornadus\n|-damage|p1a: Tornadus|0 fnt\n|faint|p1a: Tornadus\n|\n|-weather|RainDance|[upkeep]\n|upkeep\n|\n|t:|1700591402\n|switch|p1a: Gholdengo|Gholdengo, L50|100\/100\n|turn|4\n|inactive|BowDog! has 30 seconds left.\n|\n|t:|1700591432\n|switch|p2b: Tornadus|Tornadus, L50, M|100\/100\n|-terastallize|p2a: BowDog!|Steel\n|move|p1b: Arcanine|Rock Slide|p2a: BowDog!|[spread] p2a,p2b\n|-resisted|p2a: BowDog!\n|-supereffective|p2b: Tornadus\n|-damage|p2a: BowDog!|84\/100\n|-damage|p2b: Tornadus|41\/100\n|move|p1a: Gholdengo|Nasty Plot|p1a: Gholdengo\n|-boost|p1a: Gholdengo|spa|2\n|cant|p2a: BowDog!|flinch\n|\n|-weather|RainDance|[upkeep]\n|upkeep\n|turn|5\n|inactive|BowDog! has 30 seconds left.\n|\n|t:|1700591457\n|move|p2a: BowDog!|Protect|p2a: BowDog!\n|-singleturn|p2a: BowDog!|Protect\n|move|p1b: Arcanine|Rock Slide|p2a: BowDog!|[spread] p2b\n|-activate|p2a: BowDog!|move: Protect\n|-supereffective|p2b: Tornadus\n|-damage|p2b: Tornadus|0 fnt\n|faint|p2b: Tornadus\n|move|p1a: Gholdengo|Shadow Ball|p2a: BowDog!\n|-activate|p2a: BowDog!|move: Protect\n|\n|-weather|RainDance|[upkeep]\n|-sideend|p1: Itami Dark|move: Tailwind\n|upkeep\n|\n|t:|1700591468\n|switch|p2b: Landorus|Landorus-Therian, L50, M|36\/100\n|-ability|p2b: Landorus|Intimidate|boost\n|-unboost|p1a: Gholdengo|atk|1\n|-unboost|p1b: Arcanine|atk|1\n|turn|6\n|\n|t:|1700591485\n|move|p1a: Gholdengo|Protect|p1a: Gholdengo\n|-singleturn|p1a: Gholdengo|Protect\n|move|p2b: Landorus|Rock Slide|p1b: Arcanine|[spread] p1b\n|-activate|p1a: Gholdengo|move: Protect\n|-supereffective|p1b: Arcanine\n|-crit|p1b: Arcanine\n|-damage|p1b: Arcanine|0 fnt\n|faint|p1b: Arcanine\n|move|p2a: BowDog!|Hyper Voice|p1a: Gholdengo\n|-activate|p1a: Gholdengo|move: Protect\n|\n|-weather|RainDance|[upkeep]\n|upkeep\n|\n|t:|1700591495\n|switch|p1b: Ogerpon|Ogerpon-Wellspring, L50, F|100\/100\n|turn|7\n|\n|t:|1700591511\n|-terastallize|p1b: Ogerpon|Water\n|detailschange|p1b: Ogerpon|Ogerpon-Wellspring-Tera, L50, F, tera:Water\n|-ability|p1b: Ogerpon|Embody Aspect (Wellspring)|boost\n|-boost|p1b: Ogerpon|spd|1\n|move|p1b: Ogerpon|Spiky Shield|p1b: Ogerpon\n|-singleturn|p1b: Ogerpon|move: Protect\n|move|p2a: BowDog!|Protect|p2a: BowDog!\n|-singleturn|p2a: BowDog!|Protect\n|move|p2b: Landorus|Rock Slide|p1a: Gholdengo|[spread] p1a\n|-activate|p1b: Ogerpon|move: Protect\n|-resisted|p1a: Gholdengo\n|-damage|p1a: Gholdengo|91\/100\n|move|p1a: Gholdengo|Make It Rain|p2b: Landorus|[spread] p2b\n|-activate|p2a: BowDog!|move: Protect\n|-damage|p2b: Landorus|0 fnt\n|-unboost|p1a: Gholdengo|spa|1\n|faint|p2b: Landorus\n|\n|-weather|none\n|-heal|p1a: Gholdengo|97\/100|[from] item: Leftovers\n|upkeep\n|turn|8\n|\n|t:|1700591533\n|move|p1b: Ogerpon|Ivy Cudgel|p2a: BowDog!|[anim] Ivy Cudgel Water\n|-damage|p2a: BowDog!|0 fnt\n|faint|p2a: BowDog!\n|\n|win|Itami Dark\n|raw|Itami Dark's rating: 1106 &rarr; <strong>1137<\/strong><br \/>(+31 for winning)\n|raw|BowDog!'s rating: 1190 &rarr; <strong>1159<\/strong><br \/>(-31 for losing)\n|l|\u2606BowDog!\n|j|\u2606BowDog!\n|player|p2|BowDog!|winona\n","uploadtime":1700591565,"views":1,"p1id":"itamidark","p2id":"bowdog","formatid":"gen9vgc2023regulatione","rating":1137,"private":0,"password":""}