{"id":"gen9vgc2023regulatione-1995498934","p1":"casper6_14","p2":"fresh bread","format":"[Gen 9] VGC 2023 Regulation E","log":"|j|\u2606casper6_14\n|j|\u2606fresh bread\n|t:|1700577343\n|gametype|doubles\n|player|p1|casper6_14|1|1092\n|player|p2|fresh bread|lucas|1103\n|teamsize|p1|6\n|teamsize|p2|6\n|gen|9\n|tier|[Gen 9] VGC 2023 Regulation E\n|rated|\n|rule|Species Clause: Limit one of each Pok\u00e9mon\n|rule|Item Clause: Limit one of each item\n|clearpoke\n|poke|p1|Heatran, L50, F|\n|poke|p1|Bisharp, L50, F|\n|poke|p1|Magneton, L50|\n|poke|p1|Rillaboom, L50, M|\n|poke|p1|Ogerpon-Wellspring, L50, F|\n|poke|p1|Landorus-Therian, L50, M|\n|poke|p2|Baxcalibur, L50, F|\n|poke|p2|Ninetales-Alola, L50, F|\n|poke|p2|Heatran, L50, M|\n|poke|p2|Ogerpon-Wellspring, L50, F|\n|poke|p2|Landorus-Therian, L50, M|\n|poke|p2|Iron Hands, L50|\n|teampreview|4\n|\n|t:|1700577365\n|start\n|switch|p1a: Bisharp|Bisharp, L50, F|100\/100\n|switch|p1b: Magneton|Magneton, L50|100\/100\n|switch|p2a: Ninetales|Ninetales-Alola, L50, F|100\/100\n|switch|p2b: Iron Hands|Iron Hands, L50|100\/100\n|-weather|Snow|[from] ability: Snow Warning|[of] p2a: Ninetales\n|turn|1\n|\n|t:|1700577384\n|move|p2a: Ninetales|Protect|p2a: Ninetales\n|-singleturn|p2a: Ninetales|Protect\n|move|p1a: Bisharp|Protect|p1a: Bisharp\n|-singleturn|p1a: Bisharp|Protect\n|move|p2b: Iron Hands|Drain Punch|p1a: Bisharp\n|-activate|p1a: Bisharp|move: Protect\n|move|p1b: Magneton|Electroweb|p2a: Ninetales|[spread] p2b\n|-activate|p2a: Ninetales|move: Protect\n|-resisted|p2b: Iron Hands\n|-damage|p2b: Iron Hands|93\/100\n|-unboost|p2b: Iron Hands|spe|1\n|\n|-weather|Snow|[upkeep]\n|upkeep\n|turn|2\n|\n|t:|1700577402\n|-terastallize|p1a: Bisharp|Fairy\n|move|p2a: Ninetales|Icy Wind|p1b: Magneton|[spread] p1a,p1b\n|-resisted|p1b: Magneton\n|-damage|p1a: Bisharp|85\/100\n|-damage|p1b: Magneton|95\/100\n|-unboost|p1a: Bisharp|spe|1\n|-ability|p1a: Bisharp|Defiant|boost\n|-boost|p1a: Bisharp|atk|2\n|-unboost|p1b: Magneton|spe|1\n|move|p1a: Bisharp|Iron Head|p2a: Ninetales\n|-supereffective|p2a: Ninetales\n|-damage|p2a: Ninetales|0 fnt\n|faint|p2a: Ninetales\n|move|p2b: Iron Hands|Drain Punch|p1a: Bisharp\n|-resisted|p1a: Bisharp\n|-damage|p1a: Bisharp|61\/100\n|-heal|p2b: Iron Hands|100\/100|[from] drain|[of] p1a: Bisharp\n|move|p1b: Magneton|Electroweb|p2b: Iron Hands\n|-resisted|p2b: Iron Hands\n|-damage|p2b: Iron Hands|91\/100\n|-unboost|p2b: Iron Hands|spe|1\n|\n|-weather|Snow|[upkeep]\n|upkeep\n|\n|t:|1700577430\n|switch|p2a: Baxcalibur|Baxcalibur, L50, F|100\/100\n|turn|3\n|\n|t:|1700577440\n|-terastallize|p2a: Baxcalibur|Poison\n|move|p1a: Bisharp|Protect|p1a: Bisharp\n|-singleturn|p1a: Bisharp|Protect\n|move|p2a: Baxcalibur|Swords Dance|p2a: Baxcalibur\n|-boost|p2a: Baxcalibur|atk|2\n|move|p1b: Magneton|Electroweb|p2a: Baxcalibur|[spread] p2a,p2b\n|-resisted|p2b: Iron Hands\n|-damage|p2a: Baxcalibur|81\/100\n|-damage|p2b: Iron Hands|86\/100\n|-unboost|p2a: Baxcalibur|spe|1\n|-unboost|p2b: Iron Hands|spe|1\n|move|p2b: Iron Hands|Drain Punch|p1b: Magneton\n|-supereffective|p1b: Magneton\n|-damage|p1b: Magneton|29\/100\n|-heal|p2b: Iron Hands|100\/100|[from] drain|[of] p1b: Magneton\n|\n|-weather|Snow|[upkeep]\n|upkeep\n|turn|4\n|\n|t:|1700577468\n|move|p1a: Bisharp|Sucker Punch|p2a: Baxcalibur\n|-damage|p2a: Baxcalibur|19\/100\n|move|p2a: Baxcalibur|Scale Shot|p1b: Magneton|[miss]\n|-miss|p2a: Baxcalibur|p1b: Magneton\n|move|p1b: Magneton|Electroweb|p2a: Baxcalibur|[spread] p2a,p2b\n|-resisted|p2b: Iron Hands\n|-damage|p2a: Baxcalibur|0 fnt\n|-damage|p2b: Iron Hands|95\/100\n|-unboost|p2b: Iron Hands|spe|1\n|faint|p2a: Baxcalibur\n|move|p2b: Iron Hands|Drain Punch|p1b: Magneton\n|-supereffective|p1b: Magneton\n|-damage|p1b: Magneton|0 fnt\n|-heal|p2b: Iron Hands|100\/100|[from] drain|[of] p1b: Magneton\n|faint|p1b: Magneton\n|\n|-weather|Snow|[upkeep]\n|upkeep\n|\n|t:|1700577484\n|switch|p2a: Ogerpon|Ogerpon-Wellspring, L50, F|100\/100\n|switch|p1b: Landorus|Landorus-Therian, L50, M|100\/100\n|-ability|p1b: Landorus|Intimidate|boost\n|-unboost|p2a: Ogerpon|atk|1\n|-unboost|p2b: Iron Hands|atk|1\n|turn|5\n|\n|t:|1700577497\n|move|p1b: Landorus|Stomping Tantrum|p2b: Iron Hands\n|-supereffective|p2b: Iron Hands\n|-damage|p2b: Iron Hands|29\/100\n|move|p2a: Ogerpon|Ivy Cudgel|p1b: Landorus|[anim] Ivy Cudgel Water\n|-supereffective|p1b: Landorus\n|-damage|p1b: Landorus|15\/100\n|move|p1a: Bisharp|Tera Blast|p2b: Iron Hands|[anim] Tera Blast Fairy\n|-supereffective|p2b: Iron Hands\n|-damage|p2b: Iron Hands|0 fnt\n|faint|p2b: Iron Hands\n|-end|p2b: Iron Hands|Quark Drive|[silent]\n|\n|-weather|none\n|upkeep\n|turn|6\n|\n|t:|1700577509\n|move|p1a: Bisharp|Sucker Punch|p2a: Ogerpon\n|-damage|p2a: Ogerpon|24\/100\n|move|p1b: Landorus|Stomping Tantrum|p2a: Ogerpon\n|-resisted|p2a: Ogerpon\n|-damage|p2a: Ogerpon|0 fnt\n|faint|p2a: Ogerpon\n|\n|win|casper6_14\n|raw|casper6_14's rating: 1092 &rarr; <strong>1119<\/strong><br \/>(+27 for winning)\n|raw|fresh bread's rating: 1103 &rarr; <strong>1077<\/strong><br \/>(-26 for losing)\n|l|\u2606fresh bread\n","uploadtime":1700577516,"views":4,"p1id":"casper614","p2id":"freshbread","formatid":"gen9vgc2023regulatione","rating":1077,"private":0,"password":""}