{"id":"gen9vgc2023regulatione-1995972474","p1":"WWWWTF","p2":"Guakadoodle","format":"[Gen 9] VGC 2023 Regulation E","log":"|j|\u2606WWWWTF\n|j|\u2606Guakadoodle\n|t:|1700623806\n|gametype|doubles\n|player|p1|WWWWTF|hiker-gen4|1331\n|player|p2|Guakadoodle|supernerd|1242\n|teamsize|p1|6\n|teamsize|p2|6\n|gen|9\n|tier|[Gen 9] VGC 2023 Regulation E\n|rated|\n|rule|Species Clause: Limit one of each Pok\u00e9mon\n|rule|Item Clause: Limit one of each item\n|clearpoke\n|poke|p1|Sneasler, L50, F|\n|poke|p1|Chien-Pao, L50|\n|poke|p1|Indeedee-F, L50, F|\n|poke|p1|Armarouge, L50, M|\n|poke|p1|Urshifu-*, L50, F|\n|poke|p1|Tornadus, L50, M|\n|poke|p2|Farigiraf, L50, M|\n|poke|p2|Landorus, L50, M|\n|poke|p2|Urshifu-*, L50, F|\n|poke|p2|Heatran, L50, F|\n|poke|p2|Iron Bundle, L50|\n|poke|p2|Rillaboom, L50, F|\n|teampreview|4\n|\n|t:|1700623865\n|start\n|switch|p1a: Chien-Pao|Chien-Pao, L50|100\/100\n|switch|p1b: Urshifu|Urshifu-Rapid-Strike, L50, F|100\/100\n|switch|p2a: Urshifu|Urshifu, L50, F|100\/100\n|switch|p2b: Landorus|Landorus, L50, M|100\/100\n|-ability|p1a: Chien-Pao|Sword of Ruin\n|turn|1\n|\n|t:|1700623912\n|-terastallize|p2b: Landorus|Poison\n|move|p1a: Chien-Pao|Ice Shard|p2b: Landorus\n|-damage|p2b: Landorus|62\/100\n|-damage|p1a: Chien-Pao|91\/100|[from] item: Life Orb\n|move|p2a: Urshifu|Sucker Punch|p1b: Urshifu\n|-resisted|p1b: Urshifu\n|-damage|p1b: Urshifu|75\/100\n|move|p1b: Urshifu|Surging Strikes|p2b: Landorus\n|-crit|p2b: Landorus\n|-damage|p2b: Landorus|33\/100\n|-crit|p2b: Landorus\n|-damage|p2b: Landorus|3\/100\n|-crit|p2b: Landorus\n|-damage|p2b: Landorus|0 fnt\n|faint|p2b: Landorus\n|-hitcount|p2: Landorus|3\n|\n|upkeep\n|\n|t:|1700623926\n|switch|p2b: Rillaboom|Rillaboom, L50, F|100\/100\n|-fieldstart|move: Grassy Terrain|[from] ability: Grassy Surge|[of] p2b: Rillaboom\n|turn|2\n|\n|t:|1700623970\n|switch|p1a: Indeedee|Indeedee-F, L50, F|100\/100\n|-fieldstart|move: Psychic Terrain|[from] ability: Psychic Surge|[of] p1a: Indeedee\n|move|p1b: Urshifu|Surging Strikes|p2a: Urshifu\n|-crit|p2a: Urshifu\n|-damage|p2a: Urshifu|80\/100\n|-crit|p2a: Urshifu\n|-damage|p2a: Urshifu|59\/100\n|-crit|p2a: Urshifu\n|-damage|p2a: Urshifu|39\/100\n|-hitcount|p2a: Urshifu|3\n|move|p2a: Urshifu|Close Combat|p1a: Indeedee\n|-damage|p1a: Indeedee|21\/100\n|-unboost|p2a: Urshifu|def|1\n|-unboost|p2a: Urshifu|spd|1\n|-damage|p2a: Urshifu|22\/100|[from] item: Rocky Helmet|[of] p1a: Indeedee\n|move|p2b: Rillaboom|Grassy Glide|p1b: Urshifu\n|-supereffective|p1b: Urshifu\n|-damage|p1b: Urshifu|0 fnt\n|faint|p1b: Urshifu\n|\n|upkeep\n|\n|t:|1700623992\n|switch|p1b: Sneasler|Sneasler, L50, F|100\/100\n|-enditem|p1b: Sneasler|Psychic Seed\n|-boost|p1b: Sneasler|spd|1|[from] item: Psychic Seed\n|turn|3\n|\n|t:|1700624025\n|switch|p2b: Heatran|Heatran, L50, F|100\/100\n|move|p2a: Urshifu|Detect|p2a: Urshifu\n|-singleturn|p2a: Urshifu|Protect\n|move|p1a: Indeedee|Protect|p1a: Indeedee\n|-singleturn|p1a: Indeedee|Protect\n|move|p1b: Sneasler|Close Combat|p2a: Urshifu\n|-activate|p2a: Urshifu|move: Protect\n|\n|upkeep\n|turn|4\n|\n|t:|1700624071\n|switch|p1a: Chien-Pao|Chien-Pao, L50|91\/100\n|-ability|p1a: Chien-Pao|Sword of Ruin\n|switch|p2b: Rillaboom|Rillaboom, L50, F|100\/100\n|-fieldstart|move: Grassy Terrain|[from] ability: Grassy Surge|[of] p2b: Rillaboom\n|-terastallize|p1b: Sneasler|Rock\n|move|p1b: Sneasler|Dire Claw|p2a: Urshifu\n|-damage|p2a: Urshifu|0 fnt\n|faint|p2a: Urshifu\n|\n|-heal|p1a: Chien-Pao|97\/100|[from] Grassy Terrain\n|upkeep\n|\n|t:|1700624075\n|switch|p2a: Heatran|Heatran, L50, F|100\/100\n|turn|5\n|\n|t:|1700624106\n|move|p1b: Sneasler|Protect|p1b: Sneasler\n|-singleturn|p1b: Sneasler|Protect\n|move|p1a: Chien-Pao|Icicle Crash|p2b: Rillaboom|[miss]\n|-miss|p1a: Chien-Pao|p2b: Rillaboom\n|move|p2b: Rillaboom|Wood Hammer|p1b: Sneasler\n|-activate|p1b: Sneasler|move: Protect\n|move|p2a: Heatran|Heat Wave|p1a: Chien-Pao|[spread] p1a\n|-activate|p1b: Sneasler|move: Protect\n|-supereffective|p1a: Chien-Pao\n|-damage|p1a: Chien-Pao|0 fnt\n|faint|p1a: Chien-Pao\n|\n|upkeep\n|\n|t:|1700624121\n|switch|p1a: Indeedee|Indeedee-F, L50, F|21\/100\n|-fieldstart|move: Psychic Terrain|[from] ability: Psychic Surge|[of] p1a: Indeedee\n|turn|6\n|\n|t:|1700624154\n|move|p1a: Indeedee|Protect|p1a: Indeedee\n|-singleturn|p1a: Indeedee|Protect\n|move|p1b: Sneasler|Close Combat|p2a: Heatran\n|-supereffective|p2a: Heatran\n|-damage|p2a: Heatran|0 fnt\n|-unboost|p1b: Sneasler|def|1\n|-unboost|p1b: Sneasler|spd|1\n|faint|p2a: Heatran\n|move|p2b: Rillaboom|Wood Hammer|p1a: Indeedee\n|-activate|p1a: Indeedee|move: Protect\n|\n|upkeep\n|turn|7\n|\n|t:|1700624173\n|move|p1a: Indeedee|Helping Hand|p1b: Sneasler\n|-singleturn|p1b: Sneasler|Helping Hand|[of] p1a: Indeedee\n|move|p1b: Sneasler|Dire Claw|p2b: Rillaboom\n|-supereffective|p2b: Rillaboom\n|-damage|p2b: Rillaboom|0 fnt\n|faint|p2b: Rillaboom\n|\n|win|WWWWTF\n|raw|WWWWTF's rating: 1331 &rarr; <strong>1346<\/strong><br \/>(+15 for winning)\n|raw|Guakadoodle's rating: 1242 &rarr; <strong>1223<\/strong><br \/>(-19 for losing)\n","uploadtime":1700624197,"views":10,"p1id":"wwwwtf","p2id":"guakadoodle","formatid":"gen9vgc2023regulatione","rating":1223,"private":0,"password":""}