{"id":"gen9vgc2023regulatione-2000651453","p1":"Przzy","p2":"Spearstorms","format":"[Gen 9] VGC 2023 Regulation E","log":"|j|\u2606Przzy\n|j|\u2606Spearstorms\n|n|\u2606Przzy|przzy\n|n|\u2606Spearstorms|spearstorms\n|html|View the match progress at <a href=\"\/game-bestof3-gen9vgc2023regulatione-2000648954\">game-bestof3-gen9vgc2023regulatione-2000648954<\/a>\n|t:|1701214701\n|gametype|doubles\n|player|p1|Przzy|fisherman-gen4|\n|player|p2|Spearstorms|169|\n|teamsize|p1|6\n|teamsize|p2|6\n|gen|9\n|tier|[Gen 9] VGC 2023 Regulation E\n|rule|Species Clause: Limit one of each Pok\u00e9mon\n|rule|Item Clause: Limit one of each item\n|clearpoke\n|poke|p1|Farigiraf, L50, F|\n|poke|p1|Talonflame, L50, M|\n|poke|p1|Brambleghast, L50, F|\n|poke|p1|Gholdengo, L50|\n|poke|p1|Chi-Yu, L50|\n|poke|p1|Zapdos, L50|\n|poke|p2|Rillaboom, L50, M|\n|poke|p2|Urshifu-*, L50, F|\n|poke|p2|Ninetales-Alola, L50, M|\n|poke|p2|Articuno, L50|\n|poke|p2|Arcanine, L50, M|\n|poke|p2|Illumise, L50, F|\n|teampreview|4\n|j| Milkshook\nPrzzy has agreed to open team sheets.\nSpearstorms has agreed to open team sheets.\n|showteam|p1|Farigiraf||RockyHelmet|ArmorTail|NastyPlot,TrickRoom,Imprison,Psychic|||F|||50|,,,,,Water]Talonflame||SharpBeak|GaleWings|Tailwind,BraveBird,Taunt,WillOWisp|||M|||50|,,,,,Ghost]Brambleghast||FocusSash|WindRider|ShadowSneak,Poltergeist,PowerWhip,StrengthSap|||F|||50|,,,,,Ghost]Gholdengo||ChoiceScarf|GoodasGold|MakeItRain,Trick,Thunderbolt,ShadowBall||||||50|,,,,,Steel]Chi-Yu||ChoiceSpecs|BeadsofRuin|HeatWave,Overheat,Snarl,DarkPulse||||||50|,,,,,Ghost]Zapdos||AssaultVest|Static|Thunderbolt,WeatherBall,TeraBlast,HeatWave||||||50|,,,,,Water\n|showteam|p2|Rillaboom||MiracleSeed|GrassySurge|WoodHammer,FakeOut,GrassyGlide,TeraBlast|||M|||50|,,,,,Fire]Urshifu-Rapid-Strike||ChoiceScarf|UnseenFist|SurgingStrikes,CloseCombat,AquaJet,TeraBlast|||F|||50|,,,,,Fire]Ninetales-Alola||FocusSash|SnowWarning|FreezeDry,AuroraVeil,Protect,Moonblast|||M|||50|,,,,,Fire]Articuno||BrightPowder|SnowCloak|Haze,Blizzard,Roost,Tailwind||||||50|,,,,,Fire]Arcanine||AssaultVest|Intimidate|Snarl,FlareBlitz,TeraBlast,ExtremeSpeed|||M|||50|,,,,,Water]Illumise||MentalHerb|Prankster|Tailwind,Encore,Protect,StruggleBug|||F|||50|,,,,,Fire\n|\n|t:|1701214775\n|start\n|switch|p1a: MAMBA MOMENT!|Gholdengo, L50|100\/100\n|switch|p1b: WOOOOOOOOO!|Talonflame, L50, M|100\/100\n|switch|p2a: Illumise|Illumise, L50, F|100\/100\n|switch|p2b: Arcanine|Arcanine, L50, M|100\/100\n|-ability|p2b: Arcanine|Intimidate|boost\n|-unboost|p1a: MAMBA MOMENT!|atk|1\n|-unboost|p1b: WOOOOOOOOO!|atk|1\n|turn|1\n|\n|t:|1701214849\n|switch|p1a: BIG FIHS!|Chi-Yu, L50|100\/100\n|-ability|p1a: BIG FIHS!|Beads of Ruin\n|move|p1b: WOOOOOOOOO!|Tailwind|p1b: WOOOOOOOOO!\n|-sidestart|p1: Przzy|move: Tailwind\n|move|p2a: Illumise|Tailwind|p2a: Illumise\n|-sidestart|p2: Spearstorms|move: Tailwind\n|move|p2b: Arcanine|Snarl|p1b: WOOOOOOOOO!|[spread] p1a,p1b\n|-resisted|p1a: BIG FIHS!\n|-damage|p1a: BIG FIHS!|95\/100\n|-damage|p1b: WOOOOOOOOO!|82\/100\n|-unboost|p1a: BIG FIHS!|spa|1\n|-unboost|p1b: WOOOOOOOOO!|spa|1\n|\n|upkeep\n|turn|2\n|\n|t:|1701214912\n|switch|p1a: him.|Brambleghast, L50, F|100\/100\n|-ability|p1a: him.|Wind Rider|boost\n|-boost|p1a: him.|atk|1\n|-terastallize|p2b: Arcanine|Water\n|move|p2a: Illumise|Encore|p1b: WOOOOOOOOO!\n|-start|p1b: WOOOOOOOOO!|Encore\n|move|p1b: WOOOOOOOOO!|Tailwind||[still]\n|-fail|p1b: WOOOOOOOOO!\n|move|p2b: Arcanine|Tera Blast|p1a: him.|[anim] Tera Blast Water\n|-resisted|p1a: him.\n|-damage|p1a: him.|61\/100\n|\n|upkeep\n|turn|3\n|\n|t:|1701214954\n|switch|p1b: MAMBA MOMENT!|Gholdengo, L50|100\/100\n|move|p1a: him.|Power Whip|p2b: Arcanine\n|-supereffective|p2b: Arcanine\n|-damage|p2b: Arcanine|0 fnt\n|faint|p2b: Arcanine\n|move|p2a: Illumise|Struggle Bug|p1a: him.|[spread] p1a,p1b\n|-resisted|p1b: MAMBA MOMENT!\n|-damage|p1a: him.|43\/100\n|-damage|p1b: MAMBA MOMENT!|98\/100\n|-unboost|p1a: him.|spa|1\n|-unboost|p1b: MAMBA MOMENT!|spa|1\n|\n|upkeep\n|\n|t:|1701214967\n|switch|p2b: Urshifu|Urshifu-Rapid-Strike, L50, F|100\/100\n|turn|4\n|\n|t:|1701215018\n|move|p1a: him.|Shadow Sneak|p2b: Urshifu\n|-damage|p2b: Urshifu|67\/100\n|move|p2b: Urshifu|Surging Strikes|p1a: him.\n|-resisted|p1a: him.\n|-crit|p1a: him.\n|-damage|p1a: him.|25\/100\n|-resisted|p1a: him.\n|-crit|p1a: him.\n|-damage|p1a: him.|7\/100\n|-resisted|p1a: him.\n|-crit|p1a: him.\n|-damage|p1a: him.|0 fnt\n|faint|p1a: him.\n|-hitcount|p1: him.|3\n|move|p1b: MAMBA MOMENT!|Thunderbolt|p2b: Urshifu\n|-supereffective|p2b: Urshifu\n|-damage|p2b: Urshifu|0 fnt\n|faint|p2b: Urshifu\n|move|p2a: Illumise|Struggle Bug|p1b: MAMBA MOMENT!\n|-resisted|p1b: MAMBA MOMENT!\n|-damage|p1b: MAMBA MOMENT!|94\/100\n|-unboost|p1b: MAMBA MOMENT!|spa|1\n|\n|-sideend|p2: Spearstorms|move: Tailwind\n|-sideend|p1: Przzy|move: Tailwind\n|upkeep\n|\n|t:|1701215042\n|switch|p2b: Ninetales|Ninetales-Alola, L50, M|100\/100\n|switch|p1a: BIG FIHS!|Chi-Yu, L50|95\/100\n|-weather|Snow|[from] ability: Snow Warning|[of] p2b: Ninetales\n|-ability|p1a: BIG FIHS!|Beads of Ruin\n|turn|5\n|\n|t:|1701215066\n|switch|p1b: WOOOOOOOOO!|Talonflame, L50, M|82\/100\n|-terastallize|p1a: BIG FIHS!|Ghost\n|move|p2b: Ninetales|Moonblast|p1a: BIG FIHS!\n|-damage|p1a: BIG FIHS!|54\/100\n|-unboost|p1a: BIG FIHS!|spa|1\n|move|p1a: BIG FIHS!|Heat Wave|p2a: Illumise|[spread] p2a,p2b\n|-supereffective|p2a: Illumise\n|-supereffective|p2b: Ninetales\n|-damage|p2a: Illumise|12\/100\n|-enditem|p2b: Ninetales|Focus Sash\n|-damage|p2b: Ninetales|1\/100\n|move|p2a: Illumise|Struggle Bug|p1b: WOOOOOOOOO!|[spread] p1a,p1b\n|-resisted|p1a: BIG FIHS!\n|-resisted|p1b: WOOOOOOOOO!\n|-damage|p1a: BIG FIHS!|47\/100\n|-damage|p1b: WOOOOOOOOO!|76\/100\n|-unboost|p1a: BIG FIHS!|spa|1\n|-unboost|p1b: WOOOOOOOOO!|spa|1\n|\n|-weather|Snow|[upkeep]\n|upkeep\n|turn|6\n|c|\u2606Spearstorms|ggs\n|\n|t:|1701215088\n|move|p2a: Illumise|Tailwind|p2a: Illumise\n|-sidestart|p2: Spearstorms|move: Tailwind\n|move|p2b: Ninetales|Freeze-Dry|p1b: WOOOOOOOOO!\n|-damage|p1b: WOOOOOOOOO!|16\/100\n|move|p1b: WOOOOOOOOO!|Brave Bird|p2b: Ninetales\n|-damage|p2b: Ninetales|0 fnt\n|faint|p2b: Ninetales\n|-damage|p1b: WOOOOOOOOO!|15\/100|[from] Recoil\n|move|p1a: BIG FIHS!|Heat Wave|p2a: Illumise\n|-supereffective|p2a: Illumise\n|-damage|p2a: Illumise|0 fnt\n|faint|p2a: Illumise\n|\n|win|Przzy\n|c|\u2606Przzy|ggs\n","uploadtime":1701215095,"views":6,"p1id":"przzy","p2id":"spearstorms","formatid":"gen9vgc2023regulatione","rating":0,"private":0,"password":""}