{"id":"gen9vgc2023regulatione-1993448985","p1":"patata frita bb","p2":"tt11823","format":"[Gen 9] VGC 2023 Regulation E","log":"|j|\u2606patata frita bb\n|j|\u2606tt11823\n|t:|1700319268\n|gametype|doubles\n|player|p1|patata frita bb|169|1111\n|player|p2|tt11823|waiter-gen9|1080\n|teamsize|p1|6\n|teamsize|p2|6\n|gen|9\n|tier|[Gen 9] VGC 2023 Regulation E\n|rated|\n|rule|Species Clause: Limit one of each Pok\u00e9mon\n|rule|Item Clause: Limit one of each item\n|clearpoke\n|poke|p1|Heracross, L50, F|\n|poke|p1|Iron Hands, L50|\n|poke|p1|Sinistcha, L50|\n|poke|p1|Heatran, L50, F|\n|poke|p1|Chien-Pao, L50|\n|poke|p1|Landorus-Therian, L50, M|\n|poke|p2|Heatran, L50, M|\n|poke|p2|Iron Hands, L50|\n|poke|p2|Sinistcha, L50|\n|poke|p2|Goodra-Hisui, L50, M|\n|poke|p2|Urshifu-*, L50, M|\n|poke|p2|Tornadus, L50, M|\n|teampreview|4\n|\n|t:|1700319312\n|start\n|switch|p1a: Heatran|Heatran, L50, F|100\/100\n|switch|p1b: Iron Hands|Iron Hands, L50|100\/100\n|switch|p2a: Tornadus|Tornadus, L50, M|100\/100\n|switch|p2b: Urshifu|Urshifu-Rapid-Strike, L50, M|100\/100\n|turn|1\n|inactive|Battle timer is ON: inactive players will automatically lose when time's up. (requested by patata frita bb)\n|\n|t:|1700319349\n|switch|p2a: Goodra|Goodra-Hisui, L50, M|100\/100\n|-terastallize|p1a: Heatran|Grass\n|move|p1b: Iron Hands|Fake Out|p2b: Urshifu\n|-damage|p2b: Urshifu|85\/100\n|cant|p2b: Urshifu|flinch\n|move|p1a: Heatran|Tera Blast|p2b: Urshifu|[anim] Tera Blast Grass\n|-supereffective|p2b: Urshifu\n|-damage|p2b: Urshifu|0 fnt\n|faint|p2b: Urshifu\n|\n|upkeep\n|\n|t:|1700319360\n|switch|p2b: Tornadus|Tornadus, L50, M|100\/100\n|turn|2\n|\n|t:|1700319368\n|move|p1a: Heatran|Protect|p1a: Heatran\n|-singleturn|p1a: Heatran|Protect\n|move|p2b: Tornadus|Bleakwind Storm|p1b: Iron Hands|[spread] p1b\n|-activate|p1a: Heatran|move: Protect\n|-crit|p1b: Iron Hands\n|-damage|p1b: Iron Hands|76\/100\n|move|p2a: Goodra|Shelter|p2a: Goodra\n|-boost|p2a: Goodra|def|2\n|move|p1b: Iron Hands|Wild Charge|p2b: Tornadus\n|-supereffective|p2b: Tornadus\n|-damage|p2b: Tornadus|0 fnt\n|faint|p2b: Tornadus\n|-damage|p1b: Iron Hands|59\/100|[from] Recoil\n|\n|upkeep\n|\n|t:|1700319380\n|switch|p2b: Heatran|Heatran, L50, M|100\/100\n|turn|3\n|\n|t:|1700319393\n|move|p2b: Heatran|Protect|p2b: Heatran\n|-singleturn|p2b: Heatran|Protect\n|move|p1a: Heatran|Earth Power|p2b: Heatran\n|-activate|p2b: Heatran|move: Protect\n|move|p2a: Goodra|Shelter|p2a: Goodra\n|-boost|p2a: Goodra|def|2\n|move|p1b: Iron Hands|Drain Punch|p2b: Heatran\n|-activate|p2b: Heatran|move: Protect\n|\n|upkeep\n|turn|4\n|\n|t:|1700319409\n|-terastallize|p2b: Heatran|Grass\n|move|p1a: Heatran|Earth Power|p2b: Heatran\n|-resisted|p2b: Heatran\n|-damage|p2b: Heatran|85\/100\n|move|p2b: Heatran|Earth Power|p1b: Iron Hands\n|-supereffective|p1b: Iron Hands\n|-damage|p1b: Iron Hands|27\/100\n|move|p2a: Goodra|Body Press|p1a: Heatran\n|-damage|p1a: Heatran|32\/100\n|move|p1b: Iron Hands|Drain Punch|p2b: Heatran\n|-damage|p2b: Heatran|53\/100\n|-heal|p1b: Iron Hands|40\/100|[from] drain|[of] p2b: Heatran\n|\n|-heal|p1a: Heatran|38\/100|[from] item: Leftovers\n|-heal|p2b: Heatran|59\/100|[from] item: Leftovers\n|upkeep\n|turn|5\n|\n|t:|1700319431\n|move|p2b: Heatran|Protect|p2b: Heatran\n|-singleturn|p2b: Heatran|Protect\n|move|p1a: Heatran|Heat Wave|p2a: Goodra|[spread] p2a\n|-activate|p2b: Heatran|move: Protect\n|-damage|p2a: Goodra|73\/100\n|move|p2a: Goodra|Life Dew|p2a: Goodra|[spread] p2a,p2b\n|-heal|p2a: Goodra|98\/100\n|-heal|p2b: Heatran|84\/100\n|move|p1b: Iron Hands|Drain Punch|p2a: Goodra\n|-supereffective|p2a: Goodra\n|-damage|p2a: Goodra|79\/100\n|-heal|p1b: Iron Hands|47\/100|[from] drain|[of] p2a: Goodra\n|-damage|p1b: Iron Hands|31\/100|[from] item: Rocky Helmet|[of] p2a: Goodra\n|\n|-heal|p1a: Heatran|44\/100|[from] item: Leftovers\n|-heal|p2b: Heatran|90\/100|[from] item: Leftovers\n|upkeep\n|turn|6\n|\n|t:|1700319450\n|switch|p1a: Landorus|Landorus-Therian, L50, M|100\/100\n|-ability|p1a: Landorus|Intimidate|boost\n|-unboost|p2a: Goodra|atk|1\n|-unboost|p2b: Heatran|atk|1\n|-end|p1b: Iron Hands|Quark Drive|[silent]\n|switch|p1b: Chien-Pao|Chien-Pao, L50|100\/100\n|-ability|p1b: Chien-Pao|Sword of Ruin\n|move|p2b: Heatran|Earth Power|p1b: Chien-Pao\n|-damage|p1b: Chien-Pao|40\/100\n|-unboost|p1b: Chien-Pao|spd|1\n|move|p2a: Goodra|Body Press|p1a: Landorus\n|-resisted|p1a: Landorus\n|-crit|p1a: Landorus\n|-damage|p1a: Landorus|11\/100\n|\n|-heal|p2b: Heatran|96\/100|[from] item: Leftovers\n|upkeep\n|turn|7\n|\n|t:|1700319466\n|move|p2b: Heatran|Protect|p2b: Heatran\n|-singleturn|p2b: Heatran|Protect\n|move|p1a: Landorus|U-turn|p2b: Heatran\n|-activate|p2b: Heatran|move: Protect\n|move|p1b: Chien-Pao|Ice Spinner|p2b: Heatran\n|-activate|p2b: Heatran|move: Protect\n|move|p2a: Goodra|Body Press|p1b: Chien-Pao\n|-supereffective|p1b: Chien-Pao\n|-damage|p1b: Chien-Pao|0 fnt\n|faint|p1b: Chien-Pao\n|\n|-heal|p2b: Heatran|100\/100|[from] item: Leftovers\n|upkeep\n|\n|t:|1700319472\n|switch|p1b: Iron Hands|Iron Hands, L50|31\/100\n|turn|8\n|\n|t:|1700319484\n|move|p1a: Landorus|U-turn|p2b: Heatran\n|-supereffective|p2b: Heatran\n|-damage|p2b: Heatran|49\/100\n|\n|t:|1700319488\n|switch|p1a: Heatran|Heatran, L50, F, tera:Grass|44\/100|[from] U-turn\n|move|p2b: Heatran|Will-O-Wisp|p1b: Iron Hands\n|-status|p1b: Iron Hands|brn\n|move|p2a: Goodra|Life Dew|p2a: Goodra|[spread] p2a,p2b\n|-heal|p2a: Goodra|100\/100\n|-heal|p2b: Heatran|74\/100\n|move|p1b: Iron Hands|Drain Punch|p2b: Heatran\n|-damage|p2b: Heatran|58\/100\n|-heal|p1b: Iron Hands|37\/100 brn|[from] drain|[of] p2b: Heatran\n|\n|-heal|p1a: Heatran|50\/100|[from] item: Leftovers\n|-heal|p2b: Heatran|64\/100|[from] item: Leftovers\n|-damage|p1b: Iron Hands|31\/100 brn|[from] brn\n|upkeep\n|turn|9\n|\n|t:|1700319504\n|move|p2b: Heatran|Protect|p2b: Heatran\n|-singleturn|p2b: Heatran|Protect\n|move|p1a: Heatran|Heat Wave|p2a: Goodra|[spread] p2a\n|-activate|p2b: Heatran|move: Protect\n|-damage|p2a: Goodra|76\/100\n|move|p2a: Goodra|Body Press|p1a: Heatran\n|-damage|p1a: Heatran|0 fnt\n|faint|p1a: Heatran\n|move|p1b: Iron Hands|Drain Punch|p2b: Heatran\n|-activate|p2b: Heatran|move: Protect\n|\n|-heal|p2b: Heatran|70\/100|[from] item: Leftovers\n|-damage|p1b: Iron Hands|25\/100 brn|[from] brn\n|upkeep\n|\n|t:|1700319510\n|switch|p1a: Landorus|Landorus-Therian, L50, M|11\/100\n|-ability|p1a: Landorus|Intimidate|boost\n|-unboost|p2a: Goodra|atk|1\n|-unboost|p2b: Heatran|atk|1\n|turn|10\n|\n|t:|1700319522\n|move|p1a: Landorus|Stomping Tantrum|p2a: Goodra\n|-supereffective|p2a: Goodra\n|-damage|p2a: Goodra|56\/100\n|-damage|p1a: Landorus|0 fnt|[from] item: Rocky Helmet|[of] p2a: Goodra\n|faint|p1a: Landorus\n|move|p2b: Heatran|Heat Wave|p1b: Iron Hands\n|-damage|p1b: Iron Hands|0 fnt\n|faint|p1b: Iron Hands\n|-end|p1b: Iron Hands|Quark Drive|[silent]\n|\n|win|tt11823\n|raw|patata frita bb's rating: 1111 &rarr; <strong>1084<\/strong><br \/>(-27 for losing)\n|raw|tt11823's rating: 1080 &rarr; <strong>1110<\/strong><br \/>(+30 for winning)\n|l|\u2606patata frita bb\n","uploadtime":1700319535,"views":10,"p1id":"patatafritabb","p2id":"tt11823","formatid":"gen9vgc2023regulatione","rating":1084,"private":0,"password":""}