{"id":"gen9vgc2023regulatione-1988639782","p1":"r2thecool","p2":"Mortivere","format":"[Gen 9] VGC 2023 Regulation E","log":"|j|\u2606r2thecool\n|j|\u2606Mortivere\n|t:|1699745031\n|gametype|doubles\n|player|p1|r2thecool|falkner|1374\n|player|p2|Mortivere|elesa|1540\n|teamsize|p1|6\n|teamsize|p2|6\n|gen|9\n|tier|[Gen 9] VGC 2023 Regulation E\n|rated|\n|rule|Species Clause: Limit one of each Pok\u00e9mon\n|rule|Item Clause: Limit one of each item\n|clearpoke\n|poke|p1|Tyranitar, L50, M|\n|poke|p1|Houndstone, L50, F|\n|poke|p1|Arcanine-Hisui, L50, F|\n|poke|p1|Empoleon, L50, F|\n|poke|p1|Rillaboom, L50, M|\n|poke|p1|Wugtrio, L50, M|\n|poke|p2|Sableye, L50, F|\n|poke|p2|Landorus, L50, M|\n|poke|p2|Bronzong, L50|\n|poke|p2|Ogerpon-Wellspring, L50, F|\n|poke|p2|Iron Valiant, L50|\n|poke|p2|Heatran, L50, F|\n|teampreview|4\n|inactive|Battle timer is ON: inactive players will automatically lose when time's up. (requested by r2thecool)\n|j| nalexcr\n|l| nalexcr\n|inactive|r2thecool has 60 seconds left.\n|\n|t:|1699745091\n|start\n|switch|p1a: Tyranitar|Tyranitar, L50, M|100\/100\n|switch|p1b: Arcanine|Arcanine-Hisui, L50, F|100\/100\n|switch|p2a: Sableye|Sableye, L50, F|100\/100\n|switch|p2b: Iron Valiant|Iron Valiant, L50|100\/100\n|-ability|p1b: Arcanine|Intimidate|boost\n|-unboost|p2a: Sableye|atk|1\n|-unboost|p2b: Iron Valiant|atk|1\n|-weather|Sandstorm|[from] ability: Sand Stream|[of] p1a: Tyranitar\n|-enditem|p2b: Iron Valiant|Booster Energy\n|-activate|p2b: Iron Valiant|ability: Quark Drive|[fromitem]\n|-start|p2b: Iron Valiant|quarkdrivespe\n|turn|1\n|inactive|Mortivere has 30 seconds left.\n|\n|t:|1699745124\n|-terastallize|p1a: Tyranitar|Fairy\n|move|p2a: Sableye|Gravity|p2a: Sableye\n|-fieldstart|move: Gravity\n|move|p2b: Iron Valiant|Hypnosis|p1b: Arcanine\n|-status|p1b: Arcanine|slp|[from] move: Hypnosis\n|cant|p1b: Arcanine|slp\n|move|p1a: Tyranitar|Tera Blast|p2a: Sableye|[anim] Tera Blast Fairy\n|-supereffective|p2a: Sableye\n|-damage|p2a: Sableye|0 fnt\n|faint|p2a: Sableye\n|\n|-weather|Sandstorm|[upkeep]\n|-damage|p2b: Iron Valiant|94\/100|[from] Sandstorm\n|-damage|p1a: Tyranitar|94\/100|[from] Sandstorm\n|upkeep\n|\n|t:|1699745136\n|switch|p2a: Landorus|Landorus, L50, M|100\/100\n|turn|2\n|\n|t:|1699745155\n|switch|p1b: Rillaboom|Rillaboom, L50, M|100\/100\n|-fieldstart|move: Grassy Terrain|[from] ability: Grassy Surge|[of] p1b: Rillaboom\n|move|p2b: Iron Valiant|Hypnosis|p1a: Tyranitar\n|-status|p1a: Tyranitar|slp|[from] move: Hypnosis\n|move|p2a: Landorus|Sandsear Storm|p1b: Rillaboom|[spread] p1a,p1b\n|-resisted|p1b: Rillaboom\n|-damage|p1a: Tyranitar|54\/100 slp\n|-damage|p1b: Rillaboom|60\/100\n|cant|p1a: Tyranitar|slp\n|\n|-weather|Sandstorm|[upkeep]\n|-damage|p2b: Iron Valiant|88\/100|[from] Sandstorm\n|-damage|p1b: Rillaboom|54\/100|[from] Sandstorm\n|-damage|p1a: Tyranitar|47\/100 slp|[from] Sandstorm\n|-heal|p2b: Iron Valiant|94\/100|[from] Grassy Terrain\n|-heal|p1b: Rillaboom|60\/100|[from] Grassy Terrain\n|-heal|p1a: Tyranitar|54\/100 slp|[from] Grassy Terrain\n|upkeep\n|turn|3\n|inactive|r2thecool has 30 seconds left.\n|\n|t:|1699745184\n|move|p1b: Rillaboom|Fake Out|p2b: Iron Valiant\n|-damage|p2b: Iron Valiant|78\/100\n|cant|p2b: Iron Valiant|flinch\n|move|p2a: Landorus|Sludge Bomb|p1b: Rillaboom\n|-supereffective|p1b: Rillaboom\n|-damage|p1b: Rillaboom|0 fnt\n|faint|p1b: Rillaboom\n|cant|p1a: Tyranitar|slp\n|\n|-weather|Sandstorm|[upkeep]\n|-damage|p2b: Iron Valiant|71\/100|[from] Sandstorm\n|-damage|p1a: Tyranitar|47\/100 slp|[from] Sandstorm\n|-heal|p2b: Iron Valiant|78\/100|[from] Grassy Terrain\n|-heal|p1a: Tyranitar|54\/100 slp|[from] Grassy Terrain\n|upkeep\n|\n|t:|1699745201\n|switch|p1b: Arcanine|Arcanine-Hisui, L50, F|100\/100 slp\n|-ability|p1b: Arcanine|Intimidate|boost\n|-unboost|p2a: Landorus|atk|1\n|-unboost|p2b: Iron Valiant|atk|1\n|turn|4\n|\n|t:|1699745218\n|move|p2b: Iron Valiant|Icy Wind|p1b: Arcanine|[spread] p1a,p1b\n|-resisted|p1b: Arcanine\n|-damage|p1a: Tyranitar|45\/100 slp\n|-damage|p1b: Arcanine|96\/100 slp\n|-unboost|p1a: Tyranitar|spe|1\n|-unboost|p1b: Arcanine|spe|1\n|move|p2a: Landorus|Sandsear Storm|p1a: Tyranitar|[spread] p1a,p1b\n|-supereffective|p1b: Arcanine\n|-damage|p1a: Tyranitar|2\/100 slp\n|-damage|p1b: Arcanine|0 fnt\n|faint|p1b: Arcanine\n|-curestatus|p1a: Tyranitar|slp|[msg]\n|move|p1a: Tyranitar|Tera Blast|p2b: Iron Valiant|[anim] Tera Blast Fairy\n|-supereffective|p2b: Iron Valiant\n|-damage|p2b: Iron Valiant|0 fnt\n|faint|p2b: Iron Valiant\n|-end|p2b: Iron Valiant|Quark Drive|[silent]\n|\n|-weather|Sandstorm|[upkeep]\n|-damage|p1a: Tyranitar|0 fnt|[from] Sandstorm\n|faint|p1a: Tyranitar\n|upkeep\n|\n|t:|1699745237\n|switch|p2b: Ogerpon|Ogerpon-Wellspring, L50, F|100\/100\n|switch|p1b: Empoleon|Empoleon, L50, F|100\/100\n|turn|5\n|\n|t:|1699745252\n|move|p2b: Ogerpon|Power Whip|p1b: Empoleon\n|-damage|p1b: Empoleon|27\/100\n|move|p2a: Landorus|Sandsear Storm|p1b: Empoleon\n|-supereffective|p1b: Empoleon\n|-damage|p1b: Empoleon|0 fnt\n|faint|p1b: Empoleon\n|\n|win|Mortivere\n|raw|r2thecool's rating: 1374 &rarr; <strong>1363<\/strong><br \/>(-11 for losing)\n|raw|Mortivere's rating: 1540 &rarr; <strong>1551<\/strong><br \/>(+11 for winning)\n","uploadtime":1699745262,"views":11,"p1id":"r2thecool","p2id":"mortivere","formatid":"gen9vgc2023regulatione","rating":1363,"private":0,"password":""}