{"id":"gen9vgc2023regulatione-1993339885","p1":"SoapierMage5794","p2":"Dgar2Bolas","format":"[Gen 9] VGC 2023 Regulation E","log":"|j|\u2606SoapierMage5794\n|j|\u2606Dgar2Bolas\n|t:|1700301705\n|gametype|doubles\n|player|p1|SoapierMage5794|2|1247\n|player|p2|Dgar2Bolas|102|1307\n|teamsize|p1|6\n|teamsize|p2|6\n|gen|9\n|tier|[Gen 9] VGC 2023 Regulation E\n|rated|\n|rule|Species Clause: Limit one of each Pok\u00e9mon\n|rule|Item Clause: Limit one of each item\n|clearpoke\n|poke|p1|Chien-Pao, L50|\n|poke|p1|Dragonite, L50, M|\n|poke|p1|Rillaboom, L50, M|\n|poke|p1|Tornadus, L50, M|\n|poke|p1|Landorus-Therian, L50, M|\n|poke|p1|Heatran, L50, F|\n|poke|p2|Corviknight, L50, F|\n|poke|p2|Urshifu-*, L50, F|\n|poke|p2|Tornadus, L50, M|\n|poke|p2|Flutter Mane, L50|\n|poke|p2|Chien-Pao, L50|\n|poke|p2|Dragonite, L50, M|\n|teampreview|4\n|inactive|Battle timer is ON: inactive players will automatically lose when time's up. (requested by SoapierMage5794)\n|inactive|Dgar2Bolas has 60 seconds left.\n|\n|t:|1700301754\n|start\n|switch|p1a: Tornadus|Tornadus, L50, M|100\/100\n|switch|p1b: Landorus|Landorus-Therian, L50, M|100\/100\n|switch|p2a: Tornadus|Tornadus, L50, M|100\/100\n|switch|p2b: Flutter Mane|Flutter Mane, L50|100\/100\n|-ability|p1b: Landorus|Intimidate|boost\n|-unboost|p2a: Tornadus|atk|1\n|-unboost|p2b: Flutter Mane|atk|1\n|turn|1\n|inactive|Dgar2Bolas has 30 seconds left.\n|\n|t:|1700301786\n|switch|p2a: Corviknight|Corviknight, L50, F|100\/100\n|move|p1a: Tornadus|Taunt|p2a: Corviknight\n|-start|p2a: Corviknight|move: Taunt\n|move|p1b: Landorus|Rock Slide|p2a: Corviknight|[spread] p2a,p2b\n|-damage|p2a: Corviknight|82\/100\n|-damage|p2b: Flutter Mane|72\/100\n|move|p2b: Flutter Mane|Dazzling Gleam|p1a: Tornadus|[spread] p1a,p1b\n|-damage|p1a: Tornadus|34\/100\n|-damage|p1b: Landorus|31\/100\n|\n|upkeep\n|turn|2\n|inactive|Dgar2Bolas has 30 seconds left.\n|inactive|Dgar2Bolas has 20 seconds left.\n|\n|t:|1700301825\n|switch|p1b: Heatran|Heatran, L50, F|100\/100\n|-end|p2b: Flutter Mane|Protosynthesis|[silent]\n|switch|p2b: Tornadus|Tornadus, L50, M|100\/100\n|move|p1a: Tornadus|Tailwind|p1a: Tornadus\n|-sidestart|p1: SoapierMage5794|move: Tailwind\n|move|p2a: Corviknight|Iron Head|p1b: Heatran\n|-resisted|p1b: Heatran\n|-damage|p1b: Heatran|94\/100\n|\n|upkeep\n|turn|3\n|inactive|Dgar2Bolas has 30 seconds left.\n|\n|t:|1700301854\n|switch|p2a: Flutter Mane|Flutter Mane, L50|72\/100\n|move|p2b: Tornadus|Protect|p2b: Tornadus\n|-singleturn|p2b: Tornadus|Protect\n|move|p1a: Tornadus|Taunt|p2b: Tornadus\n|-activate|p2b: Tornadus|move: Protect\n|move|p1b: Heatran|Heat Wave|p2b: Tornadus|[spread] \n|-activate|p2b: Tornadus|move: Protect\n|-miss|p1b: Heatran|p2a: Flutter Mane\n|\n|upkeep\n|turn|4\n|\n|t:|1700301866\n|switch|p2b: Corviknight|Corviknight, L50, F|82\/100\n|move|p1a: Tornadus|Bleakwind Storm|p2a: Flutter Mane|[spread] p2a,p2b\n|-resisted|p2b: Corviknight\n|-damage|p2a: Flutter Mane|40\/100\n|-damage|p2b: Corviknight|66\/100\n|move|p1b: Heatran|Heat Wave|p2a: Flutter Mane|[spread] p2b\n|-miss|p1b: Heatran|p2a: Flutter Mane\n|-supereffective|p2b: Corviknight\n|-crit|p2b: Corviknight\n|-damage|p2b: Corviknight|0 fnt\n|faint|p2b: Corviknight\n|move|p2a: Flutter Mane|Dazzling Gleam|p1a: Tornadus|[spread] p1a,p1b\n|-resisted|p1b: Heatran\n|-damage|p1a: Tornadus|0 fnt\n|-damage|p1b: Heatran|88\/100\n|faint|p1a: Tornadus\n|\n|upkeep\n|\n|t:|1700301887\n|switch|p1a: Landorus|Landorus-Therian, L50, M|31\/100\n|switch|p2b: Tornadus|Tornadus, L50, M|100\/100\n|-ability|p1a: Landorus|Intimidate|boost\n|-unboost|p2a: Flutter Mane|atk|1\n|-unboost|p2b: Tornadus|atk|1\n|turn|5\n|c|\u2606SoapierMage5794|What the actual fuck\n|inactive|Dgar2Bolas has 30 seconds left.\n|\n|t:|1700301915\n|move|p2b: Tornadus|Tailwind|p2b: Tornadus\n|-sidestart|p2: Dgar2Bolas|move: Tailwind\n|move|p1a: Landorus|Rock Slide|p2a: Flutter Mane|[spread] p2b\n|-miss|p1a: Landorus|p2a: Flutter Mane\n|-supereffective|p2b: Tornadus\n|-damage|p2b: Tornadus|53\/100\n|move|p2a: Flutter Mane|Dazzling Gleam|p1b: Heatran|[spread] p1a,p1b\n|-resisted|p1b: Heatran\n|-damage|p1a: Landorus|0 fnt\n|-damage|p1b: Heatran|82\/100\n|faint|p1a: Landorus\n|move|p1b: Heatran|Heat Wave|p2b: Tornadus|[spread] p2a,p2b\n|-damage|p2a: Flutter Mane|4\/100\n|-damage|p2b: Tornadus|7\/100\n|-status|p2a: Flutter Mane|brn\n|\n|-damage|p2a: Flutter Mane|0 fnt|[from] brn\n|faint|p2a: Flutter Mane\n|-end|p2a: Flutter Mane|Protosynthesis|[silent]\n|-sideend|p1: SoapierMage5794|move: Tailwind\n|upkeep\n|c|\u2606SoapierMage5794|What the fuck\n|\n|t:|1700301938\n|switch|p2a: Chien-Pao|Chien-Pao, L50|100\/100\n|switch|p1a: Rillaboom|Rillaboom, L50, M|100\/100\n|-ability|p2a: Chien-Pao|Sword of Ruin\n|-fieldstart|move: Grassy Terrain|[from] ability: Grassy Surge|[of] p1a: Rillaboom\n|turn|6\n|\n|t:|1700301951\n|-terastallize|p1b: Heatran|Fairy\n|move|p2b: Tornadus|Protect|p2b: Tornadus\n|-singleturn|p2b: Tornadus|Protect\n|move|p2a: Chien-Pao|Protect|p2a: Chien-Pao\n|-singleturn|p2a: Chien-Pao|Protect\n|move|p1a: Rillaboom|Grassy Glide|p2a: Chien-Pao\n|-activate|p2a: Chien-Pao|move: Protect\n|move|p1b: Heatran|Heat Wave|p2b: Tornadus|[spread] \n|-activate|p2a: Chien-Pao|move: Protect\n|-activate|p2b: Tornadus|move: Protect\n|\n|-heal|p1b: Heatran|88\/100|[from] Grassy Terrain\n|upkeep\n|turn|7\n|\n|t:|1700301975\n|-terastallize|p2a: Chien-Pao|Psychic\n|move|p1a: Rillaboom|Grassy Glide|p2b: Tornadus\n|-resisted|p2b: Tornadus\n|-damage|p2b: Tornadus|0 fnt\n|faint|p2b: Tornadus\n|move|p2a: Chien-Pao|Ice Spinner|p1a: Rillaboom\n|-supereffective|p1a: Rillaboom\n|-damage|p1a: Rillaboom|0 fnt\n|-fieldend|move: Grassy Terrain\n|faint|p1a: Rillaboom\n|move|p1b: Heatran|Tera Blast|p2a: Chien-Pao|[anim] Tera Blast Fairy\n|-damage|p2a: Chien-Pao|25\/100\n|\n|upkeep\n|turn|8\n|inactive|Dgar2Bolas has 30 seconds left.\n|\n|t:|1700302000\n|move|p2a: Chien-Pao|Psychic Fangs|p1b: Heatran\n|-damage|p1b: Heatran|39\/100\n|move|p1b: Heatran|Heat Wave|p2a: Chien-Pao\n|-crit|p2a: Chien-Pao\n|-damage|p2a: Chien-Pao|0 fnt\n|faint|p2a: Chien-Pao\n|\n|win|SoapierMage5794\n|raw|SoapierMage5794's rating: 1247 &rarr; <strong>1276<\/strong><br \/>(+29 for winning)\n|raw|Dgar2Bolas's rating: 1307 &rarr; <strong>1284<\/strong><br \/>(-23 for losing)\n|l|\u2606Dgar2Bolas\n","uploadtime":1700302008,"views":6,"p1id":"soapiermage5794","p2id":"dgar2bolas","formatid":"gen9vgc2023regulatione","rating":1276,"private":0,"password":""}