{"id":"gen9vgc2023regulatione-1991815356","p1":"pepperone","p2":"j1m13o","format":"[Gen 9] VGC 2023 Regulation E","log":"|j|\u2606pepperone\n|j|\u2606j1m13o\n|t:|1700122416\n|gametype|doubles\n|player|p1|pepperone|dancer|1000\n|player|p2|j1m13o|170|1026\n|teamsize|p1|6\n|teamsize|p2|6\n|gen|9\n|tier|[Gen 9] VGC 2023 Regulation E\n|rated|\n|rule|Species Clause: Limit one of each Pok\u00e9mon\n|rule|Item Clause: Limit one of each item\n|clearpoke\n|poke|p1|Sudowoodo, L50, M|\n|poke|p1|Riolu, L50, M|\n|poke|p1|Squawkabilly, L50, M|\n|poke|p1|Chandelure, L50, F|\n|poke|p1|Charjabug, L50, F|\n|poke|p1|Chimecho, L50, F|\n|poke|p2|Ursaluna-Bloodmoon, L50, M|\n|poke|p2|Torkoal, L50, M|\n|poke|p2|Dusclops, L50, M|\n|poke|p2|Clefable, L50, M|\n|poke|p2|Clawitzer, L50, M|\n|poke|p2|Hariyama, L50, M|\n|teampreview|4\n|\n|t:|1700122434\n|start\n|switch|p1a: Chimecho|Chimecho, L50, F|100\/100\n|switch|p1b: Sudowoodo|Sudowoodo, L50, M|100\/100\n|switch|p2a: Mr. Hands|Dusclops, L50, M|100\/100\n|switch|p2b: Clefable|Clefable, L50, M|100\/100\n|-item|p1a: Chimecho|Figy Berry|[from] ability: Frisk|[of] p2a: Mr. Hands|[identify]\n|-item|p1b: Sudowoodo|Muscle Band|[from] ability: Frisk|[of] p2a: Mr. Hands|[identify]\n|turn|1\n|\n|t:|1700122454\n|-terastallize|p1b: Sudowoodo|Grass\n|move|p2b: Clefable|Follow Me|p2b: Clefable\n|-singleturn|p2b: Clefable|move: Follow Me\n|move|p1a: Chimecho|Cosmic Power|p1a: Chimecho\n|-boost|p1a: Chimecho|def|1\n|-boost|p1a: Chimecho|spd|1\n|move|p1b: Sudowoodo|Wood Hammer|p2b: Clefable\n|-damage|p2b: Clefable|39\/100\n|move|p2a: Mr. Hands|Trick Room|p2a: Mr. Hands\n|-fieldstart|move: Trick Room|[of] p2a: Mr. Hands\n|\n|upkeep\n|turn|2\n|\n|t:|1700122485\n|switch|p2a: Torkoal|Torkoal, L50, M|100\/100\n|-weather|SunnyDay|[from] ability: Drought|[of] p2a: Torkoal\n|move|p2b: Clefable|Protect|p2b: Clefable\n|-singleturn|p2b: Clefable|Protect\n|move|p1b: Sudowoodo|Wood Hammer|p2a: Torkoal\n|-resisted|p2a: Torkoal\n|-damage|p2a: Torkoal|76\/100\n|move|p1a: Chimecho|Cosmic Power|p1a: Chimecho\n|-boost|p1a: Chimecho|def|1\n|-boost|p1a: Chimecho|spd|1\n|\n|-weather|SunnyDay|[upkeep]\n|upkeep\n|turn|3\n|\n|t:|1700122505\n|switch|p1b: Chandelure|Chandelure, L50, F|100\/100\n|move|p2b: Clefable|Helping Hand|p2a: Torkoal\n|-singleturn|p2a: Torkoal|Helping Hand|[of] p2b: Clefable\n|move|p2a: Torkoal|Eruption|p1b: Chandelure|[spread] p1a\n|-start|p1b: Chandelure|ability: Flash Fire\n|-damage|p1a: Chimecho|38\/100\n|move|p1a: Chimecho|Dazzling Gleam|p2a: Torkoal|[spread] p2a,p2b\n|-resisted|p2a: Torkoal\n|-damage|p2a: Torkoal|65\/100\n|-damage|p2b: Clefable|27\/100\n|\n|-weather|SunnyDay|[upkeep]\n|upkeep\n|turn|4\n|\n|t:|1700122540\n|move|p2b: Clefable|Helping Hand|p2a: Torkoal\n|-singleturn|p2a: Torkoal|Helping Hand|[of] p2b: Clefable\n|move|p2a: Torkoal|Earth Power|p1b: Chandelure\n|-supereffective|p1b: Chandelure\n|-damage|p1b: Chandelure|0 fnt\n|faint|p1b: Chandelure\n|move|p1a: Chimecho|Cosmic Power|p1a: Chimecho\n|-boost|p1a: Chimecho|def|1\n|-boost|p1a: Chimecho|spd|1\n|\n|-weather|SunnyDay|[upkeep]\n|upkeep\n|\n|t:|1700122552\n|switch|p1b: Charjabug|Charjabug, L50, F|100\/100\n|turn|5\n|\n|t:|1700122564\n|move|p2b: Clefable|Helping Hand|p2a: Torkoal\n|-singleturn|p2a: Torkoal|Helping Hand|[of] p2b: Clefable\n|move|p1b: Charjabug|Protect|p1b: Charjabug\n|-singleturn|p1b: Charjabug|Protect\n|move|p2a: Torkoal|Earth Power|p1b: Charjabug\n|-activate|p1b: Charjabug|move: Protect\n|move|p1a: Chimecho|Dazzling Gleam|p2a: Torkoal|[spread] p2a,p2b\n|-resisted|p2a: Torkoal\n|-damage|p2a: Torkoal|51\/100\n|-damage|p2b: Clefable|11\/100\n|\n|-weather|SunnyDay|[upkeep]\n|-fieldend|move: Trick Room\n|upkeep\n|turn|6\n|\n|t:|1700122595\n|switch|p2a: Mr. Hands|Dusclops, L50, M|100\/100\n|-item|p1a: Chimecho|Figy Berry|[from] ability: Frisk|[of] p2a: Mr. Hands|[identify]\n|-item|p1b: Charjabug|Eviolite|[from] ability: Frisk|[of] p2a: Mr. Hands|[identify]\n|move|p2b: Clefable|Protect|p2b: Clefable\n|-singleturn|p2b: Clefable|Protect\n|move|p1a: Chimecho|Dazzling Gleam|p2b: Clefable|[spread] p2a\n|-activate|p2b: Clefable|move: Protect\n|-damage|p2a: Mr. Hands|90\/100\n|move|p1b: Charjabug|Lunge|p2b: Clefable\n|-activate|p2b: Clefable|move: Protect\n|\n|-weather|none\n|upkeep\n|turn|7\n|\n|t:|1700122621\n|move|p2b: Clefable|Follow Me|p2b: Clefable\n|-singleturn|p2b: Clefable|move: Follow Me\n|move|p1a: Chimecho|Psychic|p2b: Clefable\n|-damage|p2b: Clefable|0 fnt\n|faint|p2b: Clefable\n|move|p1b: Charjabug|Lunge|p2a: Mr. Hands\n|-resisted|p2a: Mr. Hands\n|-damage|p2a: Mr. Hands|82\/100\n|-unboost|p2a: Mr. Hands|atk|1\n|move|p2a: Mr. Hands|Trick Room|p2a: Mr. Hands\n|-fieldstart|move: Trick Room|[of] p2a: Mr. Hands\n|\n|upkeep\n|\n|t:|1700122630\n|switch|p2b: Ursaluna|Ursaluna-Bloodmoon, L50, M|100\/100\n|turn|8\n|\n|t:|1700122646\n|-terastallize|p2b: Ursaluna|Normal\n|move|p2a: Mr. Hands|Helping Hand|p2b: Ursaluna\n|-singleturn|p2b: Ursaluna|Helping Hand|[of] p2a: Mr. Hands\n|move|p2b: Ursaluna|Hyper Voice|p1a: Chimecho|[spread] p1a,p1b\n|-enditem|p2b: Ursaluna|Normal Gem|[from] gem\n|-damage|p1a: Chimecho|0 fnt\n|-damage|p1b: Charjabug|21\/100\n|faint|p1a: Chimecho\n|move|p1b: Charjabug|Lunge|p2b: Ursaluna\n|-damage|p2b: Ursaluna|84\/100\n|-unboost|p2b: Ursaluna|atk|1\n|\n|upkeep\n|\n|t:|1700122659\n|switch|p1a: Sudowoodo|Sudowoodo, L50, M, tera:Grass|100\/100\n|turn|9\n|\n|t:|1700122667\n|move|p2a: Mr. Hands|Helping Hand|p2b: Ursaluna\n|-singleturn|p2b: Ursaluna|Helping Hand|[of] p2a: Mr. Hands\n|move|p1b: Charjabug|Protect|p1b: Charjabug\n|-singleturn|p1b: Charjabug|Protect\n|move|p1a: Sudowoodo|Double-Edge|p2b: Ursaluna\n|-damage|p2b: Ursaluna|56\/100\n|move|p2b: Ursaluna|Blood Moon|p1a: Sudowoodo\n|-damage|p1a: Sudowoodo|0 fnt\n|faint|p1a: Sudowoodo\n|\n|upkeep\n|turn|10\n|c|\u2606j1m13o|gg\n|-message|pepperone forfeited.\n|\n|win|j1m13o\n|raw|pepperone's rating: 1000 &rarr; <strong>1000<\/strong><br \/>(+0 for losing)\n|raw|j1m13o's rating: 1026 &rarr; <strong>1059<\/strong><br \/>(+33 for winning)\n|l|\u2606pepperone\n","uploadtime":1700122692,"views":20,"p1id":"pepperone","p2id":"j1m13o","formatid":"gen9vgc2023regulatione","rating":1000,"private":0,"password":""}