{"id":"gen9vgc2023regulatione-1999776769","p1":"zakpaskal","p2":"lorylagg","format":"[Gen 9] VGC 2023 Regulation E","log":"|j|\u2606zakpaskal\n|j|\u2606lorylagg\n|t:|1701115700\n|gametype|doubles\n|player|p1|zakpaskal|crasherwake|1419\n|player|p2|lorylagg|unknownf|1522\n|teamsize|p1|6\n|teamsize|p2|6\n|gen|9\n|tier|[Gen 9] VGC 2023 Regulation E\n|rated|\n|rule|Species Clause: Limit one of each Pok\u00e9mon\n|rule|Item Clause: Limit one of each item\n|clearpoke\n|poke|p1|Tornadus, L50, M|\n|poke|p1|Gholdengo, L50|\n|poke|p1|Urshifu-*, L50, M|\n|poke|p1|Sinistcha, L50|\n|poke|p1|Arcanine-Hisui, L50, M|\n|poke|p1|Grimmsnarl, L50, M|\n|poke|p2|Urshifu-*, L50, F|\n|poke|p2|Arcanine-Hisui, L50, M|\n|poke|p2|Gholdengo, L50|\n|poke|p2|Tornadus, L50, M|\n|poke|p2|Rillaboom, L50, M|\n|poke|p2|Flutter Mane, L50|\n|teampreview|4\nlorylagg has agreed to open team sheets.\n|inactive|Battle timer is ON: inactive players will automatically lose when time's up. (requested by zakpaskal)\n|\n|t:|1701115759\n|start\n|switch|p1a: Tornadus|Tornadus, L50, M|100\/100\n|switch|p1b: Urshifu|Urshifu-Rapid-Strike, L50, M|100\/100\n|switch|p2a: Tornadus|Tornadus, L50, M|100\/100\n|switch|p2b: Flutter Mane|Flutter Mane, L50|100\/100\n|-enditem|p2b: Flutter Mane|Booster Energy\n|-activate|p2b: Flutter Mane|ability: Protosynthesis|[fromitem]\n|-start|p2b: Flutter Mane|protosynthesisspa\n|turn|1\n|\n|t:|1701115782\n|-terastallize|p2b: Flutter Mane|Fairy\n|-terastallize|p1b: Urshifu|Water\n|move|p2a: Tornadus|Tailwind|p2a: Tornadus\n|-sidestart|p2: lorylagg|move: Tailwind\n|move|p1a: Tornadus|Tailwind|p1a: Tornadus\n|-sidestart|p1: zakpaskal|move: Tailwind\n|move|p2b: Flutter Mane|Moonblast|p1b: Urshifu\n|-damage|p1b: Urshifu|0 fnt\n|faint|p1b: Urshifu\n|\n|upkeep\n|\n|t:|1701115792\n|switch|p1b: Arcanine|Arcanine-Hisui, L50, M|100\/100\n|-ability|p1b: Arcanine|Intimidate|boost\n|-unboost|p2a: Tornadus|atk|1\n|-unboost|p2b: Flutter Mane|atk|1\n|turn|2\n|\n|t:|1701115799\n|move|p2a: Tornadus|Rain Dance|p2a: Tornadus\n|-weather|RainDance\n|move|p1a: Tornadus|Taunt|p2a: Tornadus\n|-start|p2a: Tornadus|move: Taunt\n|move|p2b: Flutter Mane|Shadow Ball|p1b: Arcanine\n|-damage|p1b: Arcanine|31\/100\n|-unboost|p1b: Arcanine|spd|1\n|move|p1b: Arcanine|Rock Slide|p2b: Flutter Mane|[spread] p2a,p2b\n|-supereffective|p2a: Tornadus\n|-damage|p2a: Tornadus|25\/100\n|-damage|p2b: Flutter Mane|43\/100\n|-damage|p1b: Arcanine|21\/100|[from] item: Life Orb\n|\n|-weather|RainDance|[upkeep]\n|upkeep\n|turn|3\n|\n|t:|1701115823\n|switch|p1b: Gholdengo|Gholdengo, L50|100\/100\n|move|p2b: Flutter Mane|Dazzling Gleam|p1b: Gholdengo|[spread] p1a,p1b\n|-resisted|p1b: Gholdengo\n|-damage|p1a: Tornadus|39\/100\n|-damage|p1b: Gholdengo|76\/100\n|move|p2a: Tornadus|Bleakwind Storm|p1b: Gholdengo|[spread] p1a,p1b\n|-resisted|p1b: Gholdengo\n|-damage|p1a: Tornadus|0 fnt\n|-damage|p1b: Gholdengo|62\/100\n|faint|p1a: Tornadus\n|\n|-weather|RainDance|[upkeep]\n|-heal|p1b: Gholdengo|68\/100|[from] item: Leftovers\n|upkeep\n|\n|t:|1701115841\n|switch|p1a: Arcanine|Arcanine-Hisui, L50, M|21\/100\n|-ability|p1a: Arcanine|Intimidate|boost\n|-unboost|p2a: Tornadus|atk|1\n|-unboost|p2b: Flutter Mane|atk|1\n|turn|4\n|\n|t:|1701115849\n|move|p1a: Arcanine|Extreme Speed|p2b: Flutter Mane\n|-damage|p2b: Flutter Mane|0 fnt\n|faint|p2b: Flutter Mane\n|-end|p2b: Flutter Mane|Protosynthesis|[silent]\n|-damage|p1a: Arcanine|11\/100|[from] item: Life Orb\n|move|p2a: Tornadus|Bleakwind Storm|p1b: Gholdengo|[spread] p1a,p1b\n|-resisted|p1a: Arcanine\n|-resisted|p1b: Gholdengo\n|-damage|p1a: Arcanine|0 fnt\n|-damage|p1b: Gholdengo|53\/100\n|-unboost|p1b: Gholdengo|spe|1\n|faint|p1a: Arcanine\n|move|p1b: Gholdengo|Nasty Plot|p1b: Gholdengo\n|-boost|p1b: Gholdengo|spa|2\n|\n|-weather|RainDance|[upkeep]\n|-heal|p1b: Gholdengo|59\/100|[from] item: Leftovers\n|-sideend|p1: zakpaskal|move: Tailwind\n|-sideend|p2: lorylagg|move: Tailwind\n|upkeep\n|\n|t:|1701115860\n|switch|p2b: Urs4lun4-Bloodmoon|Gholdengo, L50|100\/100\n|turn|5\n|\n|t:|1701115871\n|switch|p2a: Rillaboom|Rillaboom, L50, M|100\/100\n|-fieldstart|move: Grassy Terrain|[from] ability: Grassy Surge|[of] p2a: Rillaboom\n|move|p2b: Urs4lun4-Bloodmoon|Shadow Ball|p1b: Gholdengo\n|-supereffective|p1b: Gholdengo\n|-damage|p1b: Gholdengo|0 fnt\n|faint|p1b: Gholdengo\n|\n|win|lorylagg\n|raw|zakpaskal's rating: 1419 &rarr; <strong>1405<\/strong><br \/>(-14 for losing)\n|raw|lorylagg's rating: 1522 &rarr; <strong>1536<\/strong><br \/>(+14 for winning)\n|l|\u2606zakpaskal\n","uploadtime":1701115882,"views":20,"p1id":"zakpaskal","p2id":"lorylagg","formatid":"gen9vgc2023regulatione","rating":1405,"private":0,"password":""}