{"id":"gen9vgc2023regulatione-1998638613","p1":"NickBandicoot","p2":"Kiawe lol","format":"[Gen 9] VGC 2023 Regulation E","log":"|j|\u2606NickBandicoot\n|j|\u2606Kiawe lol\n|t:|1700966152\n|gametype|doubles\n|player|p1|NickBandicoot|1|1029\n|player|p2|Kiawe lol|169|1040\n|teamsize|p1|6\n|teamsize|p2|6\n|gen|9\n|tier|[Gen 9] VGC 2023 Regulation E\n|rated|\n|rule|Species Clause: Limit one of each Pok\u00e9mon\n|rule|Item Clause: Limit one of each item\n|clearpoke\n|poke|p1|Articuno, L50|\n|poke|p1|Pikachu, L50, F|\n|poke|p1|Sinistcha, L50|\n|poke|p1|Umbreon, L50, F|\n|poke|p1|Charizard, L50, M|\n|poke|p1|Poliwrath, L50, M|\n|poke|p2|Tornadus, L50, M|\n|poke|p2|Urshifu-*, L50, M|\n|poke|p2|Flutter Mane, L50|\n|poke|p2|Amoonguss, L50, M|\n|poke|p2|Heatran, L50, M|\n|poke|p2|Meowscarada, L50, F|\n|teampreview|4\n|inactive|Battle timer is ON: inactive players will automatically lose when time's up. (requested by Kiawe lol)\n|\n|t:|1700966173\n|start\n|switch|p1a: Sinistcha|Sinistcha, L50|100\/100\n|switch|p1b: Poliwrath|Poliwrath, L50, M|100\/100\n|switch|p2a: Tornadus|Tornadus, L50, M|100\/100\n|switch|p2b: Urshifu|Urshifu-Rapid-Strike, L50, M|100\/100\n|turn|1\n|\n|t:|1700966190\n|switch|p2b: Heatran|Heatran, L50, M, shiny|100\/100\n|-terastallize|p1a: Sinistcha|Water\n|move|p1a: Sinistcha|Rage Powder|p1a: Sinistcha\n|-singleturn|p1a: Sinistcha|move: Rage Powder\n|move|p2a: Tornadus|Tailwind|p2a: Tornadus\n|-sidestart|p2: Kiawe lol|move: Tailwind\n|move|p1b: Poliwrath|Belly Drum|p1b: Poliwrath\n|-damage|p1b: Poliwrath|51\/100\n|-setboost|p1b: Poliwrath|atk|6|[from] move: Belly Drum\n|\n|upkeep\n|turn|2\n|\n|t:|1700966210\n|-terastallize|p2b: Heatran|Grass\n|move|p1a: Sinistcha|Rage Powder|p1a: Sinistcha\n|-singleturn|p1a: Sinistcha|move: Rage Powder\n|move|p2a: Tornadus|Icy Wind|p1a: Sinistcha|[spread] p1a,p1b\n|-resisted|p1a: Sinistcha\n|-resisted|p1b: Poliwrath\n|-damage|p1a: Sinistcha|93\/100\n|-damage|p1b: Poliwrath|42\/100\n|-unboost|p1a: Sinistcha|spe|1\n|-unboost|p1b: Poliwrath|spe|1\n|move|p2b: Heatran|Will-O-Wisp|p1b: Poliwrath\n|-status|p1b: Poliwrath|brn\n|move|p1b: Poliwrath|Brick Break|p2b: Heatran\n|-damage|p2b: Heatran|49\/100\n|\n|-heal|p2b: Heatran|55\/100|[from] item: Leftovers\n|-damage|p1b: Poliwrath|36\/100 brn|[from] brn\n|upkeep\n|turn|3\n|inactive|Kiawe lol has 30 seconds left.\n|\n|t:|1700966235\n|move|p2b: Heatran|Protect|p2b: Heatran\n|-singleturn|p2b: Heatran|Protect\n|move|p1a: Sinistcha|Rage Powder|p1a: Sinistcha\n|-singleturn|p1a: Sinistcha|move: Rage Powder\n|move|p2a: Tornadus|Heat Wave|p1a: Sinistcha|[spread] p1a,p1b\n|-resisted|p1a: Sinistcha\n|-resisted|p1b: Poliwrath\n|-crit|p1b: Poliwrath\n|-damage|p1a: Sinistcha|80\/100\n|-damage|p1b: Poliwrath|17\/100 brn\n|move|p1b: Poliwrath|Brick Break|p2a: Tornadus\n|-resisted|p2a: Tornadus\n|-damage|p2a: Tornadus|68\/100\n|\n|-heal|p2b: Heatran|61\/100|[from] item: Leftovers\n|-damage|p1b: Poliwrath|11\/100 brn|[from] brn\n|upkeep\n|turn|4\n|\n|t:|1700966256\n|move|p2a: Tornadus|Icy Wind|p1b: Poliwrath|[spread] p1a,p1b\n|-resisted|p1a: Sinistcha\n|-resisted|p1b: Poliwrath\n|-damage|p1a: Sinistcha|72\/100\n|-damage|p1b: Poliwrath|3\/100 brn\n|-unboost|p1a: Sinistcha|spe|1\n|-unboost|p1b: Poliwrath|spe|1\n|move|p2b: Heatran|Earth Power|p1a: Sinistcha\n|-damage|p1a: Sinistcha|43\/100\n|-enditem|p1a: Sinistcha|Sitrus Berry|[eat]\n|-heal|p1a: Sinistcha|68\/100|[from] item: Sitrus Berry\n|move|p1b: Poliwrath|Brick Break|p2b: Heatran\n|-damage|p2b: Heatran|9\/100\n|move|p1a: Sinistcha|Matcha Gotcha|p2a: Tornadus|[spread] p2a,p2b\n|-resisted|p2a: Tornadus\n|-crit|p2a: Tornadus\n|-resisted|p2b: Heatran\n|-damage|p2a: Tornadus|43\/100\n|-heal|p1a: Sinistcha|81\/100|[from] drain|[of] p2a: Tornadus\n|-damage|p2b: Heatran|0 fnt\n|-heal|p1a: Sinistcha|86\/100|[from] drain|[of] p2b: Heatran\n|faint|p2b: Heatran\n|\n|-damage|p1b: Poliwrath|0 fnt|[from] brn\n|faint|p1b: Poliwrath\n|-sideend|p2: Kiawe lol|move: Tailwind\n|upkeep\n|\n|t:|1700966281\n|switch|p1b: Pikachu|Pikachu, L50, F|100\/100\n|switch|p2b: Meowscarada|Meowscarada, L50, F, shiny|100\/100\n|turn|5\n|\n|t:|1700966298\n|move|p2b: Meowscarada|Ally Switch|p2b: Meowscarada\n|-start|p2b: Meowscarada|typechange|Psychic|[from] ability: Protean\n|swap|p2b: Meowscarada|0|[from] move: Ally Switch\n|move|p1a: Sinistcha|Rage Powder|p1a: Sinistcha\n|-singleturn|p1a: Sinistcha|move: Rage Powder\n|move|p1b: Pikachu|Volt Switch|p2a: Meowscarada\n|-damage|p2a: Meowscarada|46\/100\n|\n|t:|1700966307\n|switch|p1b: Charizard|Charizard, L50, M|100\/100|[from] Volt Switch\n|move|p2b: Tornadus|Heat Wave|p1b: Charizard|[spread] p1a,p1b\n|-resisted|p1a: Sinistcha\n|-resisted|p1b: Charizard\n|-damage|p1a: Sinistcha|73\/100\n|-damage|p1b: Charizard|85\/100\n|\n|upkeep\n|turn|6\n|\n|t:|1700966326\n|move|p2b: Tornadus|Tailwind|p2b: Tornadus\n|-sidestart|p2: Kiawe lol|move: Tailwind\n|move|p2a: Meowscarada|U-turn|p1a: Sinistcha\n|-damage|p1a: Sinistcha|58\/100\n|\n|t:|1700966330\n|switch|p2a: Urshifu|Urshifu-Rapid-Strike, L50, M|100\/100|[from] U-turn\n|move|p1b: Charizard|Flamethrower|p2b: Tornadus\n|-damage|p2b: Tornadus|0 fnt\n|faint|p2b: Tornadus\n|move|p1a: Sinistcha|Shadow Ball|p2a: Urshifu\n|-damage|p2a: Urshifu|47\/100\n|\n|upkeep\n|\n|t:|1700966333\n|switch|p2b: Meowscarada|Meowscarada, L50, F, shiny|46\/100\n|turn|7\n|\n|t:|1700966356\n|switch|p1b: Pikachu|Pikachu, L50, F|100\/100\n|move|p1a: Sinistcha|Rage Powder|p1a: Sinistcha\n|-singleturn|p1a: Sinistcha|move: Rage Powder\n|move|p2b: Meowscarada|Flower Trick|p1a: Sinistcha\n|-start|p2b: Meowscarada|typechange|Grass|[from] ability: Protean\n|-supereffective|p1a: Sinistcha\n|-crit|p1a: Sinistcha\n|-damage|p1a: Sinistcha|0 fnt\n|faint|p1a: Sinistcha\n|move|p2a: Urshifu|Surging Strikes|p1b: Pikachu\n|-crit|p1b: Pikachu\n|-damage|p1b: Pikachu|26\/100\n|-crit|p1b: Pikachu\n|-damage|p1b: Pikachu|0 fnt\n|faint|p1b: Pikachu\n|-hitcount|p1: Pikachu|2\n|\n|upkeep\n|\n|t:|1700966377\n|switch|p1b: Charizard|Charizard, L50, M|85\/100\n|turn|8\n|\n|t:|1700966396\n|move|p2b: Meowscarada|Flower Trick|p1b: Charizard\n|-resisted|p1b: Charizard\n|-crit|p1b: Charizard\n|-damage|p1b: Charizard|70\/100\n|move|p2a: Urshifu|Surging Strikes|p1b: Charizard\n|-supereffective|p1b: Charizard\n|-crit|p1b: Charizard\n|-damage|p1b: Charizard|6\/100\n|-supereffective|p1b: Charizard\n|-crit|p1b: Charizard\n|-damage|p1b: Charizard|0 fnt\n|faint|p1b: Charizard\n|-hitcount|p1: Charizard|2\n|\n|win|Kiawe lol\n|raw|NickBandicoot's rating: 1029 &rarr; <strong>1015<\/strong><br \/>(-14 for losing)\n|raw|Kiawe lol's rating: 1040 &rarr; <strong>1073<\/strong><br \/>(+33 for winning)\n|c|\u2606NickBandicoot|gg\n|l|\u2606Kiawe lol\n|l|\u2606NickBandicoot\n|j|\u2606Kiawe lol\n|player|p2|Kiawe lol|169\n","uploadtime":1700966406,"views":32,"p1id":"nickbandicoot","p2id":"kiawelol","formatid":"gen9vgc2023regulatione","rating":1015,"private":0,"password":""}