{"id":"gen9vgc2023regulatione-1991368117","p1":"Marteaupilon","p2":"anirudhthe","format":"[Gen 9] VGC 2023 Regulation E","log":"|j|\u2606Marteaupilon\n|j|\u2606anirudhthe\n|t:|1700071291\n|gametype|doubles\n|player|p1|Marteaupilon|265|1093\n|player|p2|anirudhthe|169|1125\n|teamsize|p1|6\n|teamsize|p2|6\n|gen|9\n|tier|[Gen 9] VGC 2023 Regulation E\n|rated|\n|rule|Species Clause: Limit one of each Pok\u00e9mon\n|rule|Item Clause: Limit one of each item\n|clearpoke\n|poke|p1|Tornadus, L50, M|\n|poke|p1|Brambleghast, L50, F|\n|poke|p1|Landorus-Therian, L50, M|\n|poke|p1|Corviknight, L50, M|\n|poke|p1|Zoroark-Hisui, L50, F|\n|poke|p1|Clefairy, L50, M|\n|poke|p2|Gholdengo, L50|\n|poke|p2|Kommo-o, L50, F|\n|poke|p2|Urshifu-*, L50, M|\n|poke|p2|Indeedee-F, L50, F|\n|poke|p2|Armarouge, L50, F|\n|poke|p2|Flutter Mane, L50|\n|teampreview|4\n|\n|t:|1700071325\n|start\n|switch|p1a: Tornadus|Tornadus, L50, M|100\/100\n|switch|p1b: Brambleghast|Brambleghast, L50, F|100\/100\n|switch|p2a: Kommo-o|Kommo-o, L50, F|100\/100\n|switch|p2b: Indeedee|Indeedee-F, L50, F|100\/100\n|-fieldstart|move: Psychic Terrain|[from] ability: Psychic Surge|[of] p2b: Indeedee\n|turn|1\n|inactive|Battle timer is ON: inactive players will automatically lose when time's up. (requested by Marteaupilon)\n|\n|t:|1700071389\n|move|p2b: Indeedee|Follow Me|p2b: Indeedee\n|-singleturn|p2b: Indeedee|move: Follow Me\n|move|p1a: Tornadus|Tailwind|p1a: Tornadus\n|-sidestart|p1: Marteaupilon|move: Tailwind\n|-ability|p1b: Brambleghast|Wind Rider|boost\n|-boost|p1b: Brambleghast|atk|1\n|move|p1b: Brambleghast|Poltergeist|p2b: Indeedee\n|-immune|p2b: Indeedee\n|move|p2a: Kommo-o|Clangorous Soul|p2a: Kommo-o\n|-boost|p2a: Kommo-o|atk|1\n|-boost|p2a: Kommo-o|def|1\n|-boost|p2a: Kommo-o|spa|1\n|-boost|p2a: Kommo-o|spd|1\n|-boost|p2a: Kommo-o|spe|1\n|-damage|p2a: Kommo-o|68\/100\n|-enditem|p2a: Kommo-o|Throat Spray\n|-boost|p2a: Kommo-o|spa|1|[from] item: Throat Spray\n|\n|upkeep\n|turn|2\n|\n|t:|1700071408\n|move|p2b: Indeedee|Follow Me|p2b: Indeedee\n|-singleturn|p2b: Indeedee|move: Follow Me\n|move|p1b: Brambleghast|Power Whip|p2b: Indeedee\n|-damage|p2b: Indeedee|0 fnt\n|faint|p2b: Indeedee\n|move|p1a: Tornadus|Bleakwind Storm|p2a: Kommo-o|[miss]\n|-miss|p1a: Tornadus|p2a: Kommo-o\n|move|p2a: Kommo-o|Clanging Scales|p1b: Brambleghast|[spread] p1a,p1b\n|-damage|p1a: Tornadus|17\/100\n|-enditem|p1b: Brambleghast|Focus Sash\n|-damage|p1b: Brambleghast|1\/100\n|-unboost|p2a: Kommo-o|def|1\n|\n|upkeep\n|\n|t:|1700071423\n|switch|p2b: Armarouge|Armarouge, L50, F|100\/100\n|turn|3\n|\n|t:|1700071433\n|-terastallize|p2b: Armarouge|Grass\n|move|p2b: Armarouge|Wide Guard|p2b: Armarouge\n|-singleturn|p2b: Armarouge|Wide Guard\n|move|p1b: Brambleghast|Poltergeist|p2b: Armarouge\n|-activate|p2b: Armarouge|move: Poltergeist|Twisted Spoon\n|-damage|p2b: Armarouge|10\/100\n|move|p1a: Tornadus|Bleakwind Storm|p2a: Kommo-o|[spread] \n|-activate|p2a: Kommo-o|move: Wide Guard\n|-activate|p2b: Armarouge|move: Wide Guard\n|move|p2a: Kommo-o|Clanging Scales|p1b: Brambleghast|[spread] p1a,p1b\n|-damage|p1a: Tornadus|0 fnt\n|-damage|p1b: Brambleghast|0 fnt\n|faint|p1a: Tornadus\n|faint|p1b: Brambleghast\n|-unboost|p2a: Kommo-o|def|1\n|\n|upkeep\n|\n|t:|1700071457\n|switch|p1b: Corviknight|Corviknight, L50, M|100\/100\n|switch|p1a: Corviknight|Corviknight, L50, M|100\/100\n|turn|4\n|inactive|Marteaupilon has 30 seconds left.\n|inactive|Marteaupilon has 20 seconds left.\n|\n|t:|1700071497\n|switch|p2a: Urshifu|Urshifu-Rapid-Strike, L50, M|100\/100\n|move|p2b: Armarouge|Protect||[still]\n|-fail|p2b: Armarouge\n|move|p1a: Corviknight|Hyper Voice|p2a: Urshifu|[spread] p2a,p2b\n|-damage|p2a: Urshifu|38\/100\n|-damage|p2b: Armarouge|0 fnt\n|faint|p2b: Armarouge\n|-damage|p1a: Corviknight|90\/100|[from] item: Life Orb\n|move|p1b: Corviknight|Brave Bird|p2a: Urshifu\n|-supereffective|p2a: Urshifu\n|-damage|p2a: Urshifu|0 fnt\n|faint|p2a: Urshifu\n|-damage|p1b: Corviknight|90\/100|[from] Recoil\n|\n|-sideend|p1: Marteaupilon|move: Tailwind\n|upkeep\n|\n|t:|1700071512\n|switch|p2b: Kommo-o|Kommo-o, L50, F|68\/100\n|turn|5\n|\n|t:|1700071523\n|move|p1a: Corviknight|Shadow Ball|p2b: Kommo-o\n|-immune|p2b: Kommo-o|[from] ability: Bulletproof\n|move|p2b: Kommo-o|Clanging Scales|p1b: Corviknight|[spread] p1a,p1b\n|-resisted|p1b: Corviknight\n|-damage|p1a: Corviknight|7\/100\n|-damage|p1b: Corviknight|72\/100\n|replace|p1a: Zoroark|Zoroark-Hisui, L50, F\n|-end|p1a: Zoroark|Illusion\n|-unboost|p2b: Kommo-o|def|1\n|move|p1b: Corviknight|Brave Bird|p2b: Kommo-o\n|-supereffective|p2b: Kommo-o\n|-damage|p2b: Kommo-o|0 fnt\n|faint|p2b: Kommo-o\n|-damage|p1b: Corviknight|56\/100|[from] Recoil\n|\n|win|Marteaupilon\n|raw|Marteaupilon's rating: 1093 &rarr; <strong>1121<\/strong><br \/>(+28 for winning)\n|raw|anirudhthe's rating: 1125 &rarr; <strong>1098<\/strong><br \/>(-27 for losing)\n|l|\u2606anirudhthe\n","uploadtime":1700071560,"views":22,"p1id":"marteaupilon","p2id":"anirudhthe","formatid":"gen9vgc2023regulatione","rating":1098,"private":0,"password":""}