{"id":"gen9vgc2023regulatione-1992983996","p1":"goopmd64","p2":"Pr1ncip3","format":"[Gen 9] VGC 2023 Regulation E","log":"|j|\u2606goopmd64\n|j|\u2606Pr1ncip3\n|t:|1700252694\n|gametype|doubles\n|player|p1|goopmd64|bugcatcher-gen4dp|1134\n|player|p2|Pr1ncip3|266|1171\n|teamsize|p1|6\n|teamsize|p2|6\n|gen|9\n|tier|[Gen 9] VGC 2023 Regulation E\n|rated|\n|rule|Species Clause: Limit one of each Pok\u00e9mon\n|rule|Item Clause: Limit one of each item\n|clearpoke\n|poke|p1|Chi-Yu, L50|\n|poke|p1|Farigiraf, L50, F|\n|poke|p1|Iron Hands, L50|\n|poke|p1|Ogerpon-Wellspring, L50, F|\n|poke|p1|Landorus-Therian, L50, M|\n|poke|p1|Tornadus, L50, M|\n|poke|p2|Heatran, L50, M|\n|poke|p2|Ninetales-Alola, L50, M|\n|poke|p2|Sinistcha, L50|\n|poke|p2|Gyarados, L50, M|\n|poke|p2|Ursaluna-Bloodmoon, L50, M|\n|poke|p2|Iron Hands, L50|\n|teampreview|4\n|\n|t:|1700252738\n|start\n|switch|p1a: Landorus|Landorus-Therian, L50, M|100\/100\n|switch|p1b: Chi-Yu|Chi-Yu, L50|100\/100\n|switch|p2a: Ninetales|Ninetales-Alola, L50, M|100\/100\n|switch|p2b: Gyarados|Gyarados, L50, M|100\/100\n|-ability|p1a: Landorus|Intimidate|boost\n|-unboost|p2a: Ninetales|atk|1\n|-unboost|p2b: Gyarados|atk|1\n|-weather|Snow|[from] ability: Snow Warning|[of] p2a: Ninetales\n|-ability|p1b: Chi-Yu|Beads of Ruin\n|-ability|p2b: Gyarados|Intimidate|boost\n|-unboost|p1a: Landorus|atk|1\n|-unboost|p1b: Chi-Yu|atk|1\n|turn|1\n|\n|t:|1700252776\n|switch|p1a: Ogerpon|Ogerpon-Wellspring, L50, F|100\/100\n|switch|p2b: Iron Hands|Iron Hands, L50|100\/100\n|-terastallize|p1b: Chi-Yu|Ghost\n|move|p2a: Ninetales|Aurora Veil|p2a: Ninetales\n|-sidestart|p2: Pr1ncip3|move: Aurora Veil\n|move|p1b: Chi-Yu|Heat Wave|p2a: Ninetales|[spread] p2a,p2b\n|-supereffective|p2a: Ninetales\n|-damage|p2a: Ninetales|41\/100\n|-damage|p2b: Iron Hands|85\/100\n|\n|-weather|Snow|[upkeep]\n|upkeep\n|turn|2\n|\n|t:|1700252797\n|move|p1b: Chi-Yu|Protect|p1b: Chi-Yu\n|-singleturn|p1b: Chi-Yu|Protect\n|move|p1a: Ogerpon|Spiky Shield|p1a: Ogerpon\n|-singleturn|p1a: Ogerpon|move: Protect\n|move|p2a: Ninetales|Icy Wind|p1b: Chi-Yu|[spread] \n|-activate|p1a: Ogerpon|move: Protect\n|-activate|p1b: Chi-Yu|move: Protect\n|move|p2b: Iron Hands|Wild Charge|p1b: Chi-Yu\n|-activate|p1b: Chi-Yu|move: Protect\n|\n|-weather|Snow|[upkeep]\n|upkeep\n|turn|3\n|\n|t:|1700252827\n|move|p2a: Ninetales|Icy Wind|p1a: Ogerpon|[spread] p1a,p1b\n|-damage|p1a: Ogerpon|84\/100\n|-damage|p1b: Chi-Yu|89\/100\n|-unboost|p1a: Ogerpon|spe|1\n|-unboost|p1b: Chi-Yu|spe|1\n|move|p1b: Chi-Yu|Heat Wave|p2b: Iron Hands|[spread] p2a,p2b\n|-supereffective|p2a: Ninetales\n|-damage|p2a: Ninetales|0 fnt\n|-damage|p2b: Iron Hands|70\/100\n|faint|p2a: Ninetales\n|move|p1a: Ogerpon|Horn Leech|p2b: Iron Hands\n|-damage|p2b: Iron Hands|52\/100\n|-heal|p1a: Ogerpon|96\/100|[from] drain|[of] p2b: Iron Hands\n|move|p2b: Iron Hands|Wild Charge|p1a: Ogerpon\n|-damage|p1a: Ogerpon|45\/100\n|-damage|p2b: Iron Hands|42\/100|[from] Recoil\n|\n|-weather|Snow|[upkeep]\n|-heal|p1b: Chi-Yu|95\/100|[from] item: Leftovers\n|upkeep\n|\n|t:|1700252845\n|switch|p2a: Gyarados|Gyarados, L50, M|100\/100\n|-ability|p2a: Gyarados|Intimidate|boost\n|-unboost|p1a: Ogerpon|atk|1\n|-unboost|p1b: Chi-Yu|atk|1\n|turn|4\n|\n|t:|1700252865\n|switch|p1a: Landorus|Landorus-Therian, L50, M|100\/100\n|-ability|p1a: Landorus|Intimidate|boost\n|-unboost|p2a: Gyarados|atk|1\n|-unboost|p2b: Iron Hands|atk|1\n|move|p1b: Chi-Yu|Protect|p1b: Chi-Yu\n|-singleturn|p1b: Chi-Yu|Protect\n|move|p2a: Gyarados|Waterfall|p1b: Chi-Yu\n|-activate|p1b: Chi-Yu|move: Protect\n|move|p2b: Iron Hands|Drain Punch|p1a: Landorus\n|-resisted|p1a: Landorus\n|-damage|p1a: Landorus|89\/100\n|-heal|p2b: Iron Hands|46\/100|[from] drain|[of] p1a: Landorus\n|\n|-weather|Snow|[upkeep]\n|-heal|p1b: Chi-Yu|100\/100|[from] item: Leftovers\n|upkeep\n|turn|5\n|\n|t:|1700252904\n|switch|p1b: Ogerpon|Ogerpon-Wellspring, L50, F|45\/100\n|move|p1a: Landorus|Stomping Tantrum|p2b: Iron Hands\n|-supereffective|p2b: Iron Hands\n|-damage|p2b: Iron Hands|10\/100\n|move|p2a: Gyarados|Waterfall|p1b: Ogerpon\n|-heal|p1b: Ogerpon|69\/100|[from] ability: Water Absorb|[of] p2a: Gyarados\n|move|p2b: Iron Hands|Wild Charge|p1b: Ogerpon\n|-damage|p1b: Ogerpon|40\/100\n|-damage|p2b: Iron Hands|4\/100|[from] Recoil\n|\n|-weather|none\n|upkeep\n|turn|6\n|\n|t:|1700252951\n|move|p1a: Landorus|Stomping Tantrum|p2b: Iron Hands\n|-supereffective|p2b: Iron Hands\n|-damage|p2b: Iron Hands|0 fnt\n|faint|p2b: Iron Hands\n|-end|p2b: Iron Hands|Quark Drive|[silent]\n|move|p1b: Ogerpon|Horn Leech|p2a: Gyarados\n|-damage|p2a: Gyarados|74\/100\n|-heal|p1b: Ogerpon|55\/100|[from] drain|[of] p2a: Gyarados\n|move|p2a: Gyarados|Waterfall|p1a: Landorus\n|-supereffective|p1a: Landorus\n|-damage|p1a: Landorus|43\/100\n|\n|upkeep\n|\n|t:|1700252962\n|switch|p2b: Heatran|Heatran, L50, M|100\/100\n|turn|7\n|\n|t:|1700253007\n|-terastallize|p2b: Heatran|Grass\n|move|p1b: Ogerpon|Spiky Shield|p1b: Ogerpon\n|-singleturn|p1b: Ogerpon|move: Protect\n|move|p1a: Landorus|Stomping Tantrum|p2b: Heatran\n|-resisted|p2b: Heatran\n|-damage|p2b: Heatran|88\/100\n|move|p2a: Gyarados|Waterfall|p1a: Landorus\n|-supereffective|p1a: Landorus\n|-damage|p1a: Landorus|3\/100\n|move|p2b: Heatran|Heat Wave|p1a: Landorus|[spread] p1a\n|-activate|p1b: Ogerpon|move: Protect\n|-damage|p1a: Landorus|0 fnt\n|faint|p1a: Landorus\n|-damage|p2b: Heatran|78\/100|[from] item: Life Orb\n|\n|upkeep\n|\n|t:|1700253022\n|switch|p1a: Tornadus|Tornadus, L50, M|100\/100\n|turn|8\n|\n|t:|1700253052\n|switch|p1b: Chi-Yu|Chi-Yu, L50, tera:Ghost|100\/100\n|-ability|p1b: Chi-Yu|Beads of Ruin\n|move|p1a: Tornadus|Tailwind|p1a: Tornadus\n|-sidestart|p1: goopmd64|move: Tailwind\n|move|p2a: Gyarados|Thunder Wave|p1b: Chi-Yu\n|-status|p1b: Chi-Yu|par\n|move|p2b: Heatran|Flash Cannon|p1a: Tornadus\n|-damage|p1a: Tornadus|20\/100\n|-damage|p2b: Heatran|69\/100|[from] item: Life Orb\n|\n|-sideend|p2: Pr1ncip3|move: Aurora Veil\n|upkeep\n|turn|9\n|\n|t:|1700253070\n|move|p1a: Tornadus|Bleakwind Storm|p2b: Heatran|[spread] p2b\n|-miss|p1a: Tornadus|p2a: Gyarados\n|-supereffective|p2b: Heatran\n|-damage|p2b: Heatran|0 fnt\n|faint|p2b: Heatran\n|move|p1b: Chi-Yu|Dark Pulse|p2a: Gyarados\n|-damage|p2a: Gyarados|38\/100\n|move|p2a: Gyarados|Thunder Wave|p1a: Tornadus\n|-status|p1a: Tornadus|par\n|\n|upkeep\n|turn|10\n|c|\u2606Pr1ncip3|gg\n|\n|t:|1700253095\n|switch|p1b: Ogerpon|Ogerpon-Wellspring, L50, F|55\/100\n|move|p2a: Gyarados|Protect|p2a: Gyarados\n|-singleturn|p2a: Gyarados|Protect\n|move|p1a: Tornadus|Bleakwind Storm|p2a: Gyarados\n|-activate|p2a: Gyarados|move: Protect\n|\n|upkeep\n|turn|11\n|\n|t:|1700253109\n|move|p1b: Ogerpon|Spiky Shield|p1b: Ogerpon\n|-singleturn|p1b: Ogerpon|move: Protect\n|move|p1a: Tornadus|Taunt|p2a: Gyarados\n|-start|p2a: Gyarados|move: Taunt\n|cant|p2a: Gyarados|move: Taunt|Thunder Wave\n|\n|-sideend|p1: goopmd64|move: Tailwind\n|upkeep\n|turn|12\n|\n|t:|1700253121\n|move|p1a: Tornadus|Tailwind|p1a: Tornadus\n|-sidestart|p1: goopmd64|move: Tailwind\n|move|p1b: Ogerpon|Horn Leech|p2a: Gyarados\n|-damage|p2a: Gyarados|0 fnt\n|-heal|p1b: Ogerpon|75\/100|[from] drain|[of] p2a: Gyarados\n|faint|p2a: Gyarados\n|\n|win|goopmd64\n|raw|goopmd64's rating: 1134 &rarr; <strong>1162<\/strong><br \/>(+28 for winning)\n|raw|Pr1ncip3's rating: 1171 &rarr; <strong>1143<\/strong><br \/>(-28 for losing)\n","uploadtime":1700253129,"views":12,"p1id":"goopmd64","p2id":"pr1ncip3","formatid":"gen9vgc2023regulatione","rating":1143,"private":0,"password":""}