{"id":"gen9vgc2023regulatione-1997867700","p1":"kaloseevee","p2":"Kzkzjrjzk","format":"[Gen 9] VGC 2023 Regulation E","log":"|j|\u2606kaloseevee\n|j|\u2606Kzkzjrjzk\n|t:|1700861582\n|gametype|doubles\n|player|p1|kaloseevee|serena|1050\n|player|p2|Kzkzjrjzk|lance|1040\n|teamsize|p1|6\n|teamsize|p2|6\n|gen|9\n|tier|[Gen 9] VGC 2023 Regulation E\n|rated|\n|rule|Species Clause: Limit one of each Pok\u00e9mon\n|rule|Item Clause: Limit one of each item\n|clearpoke\n|poke|p1|Landorus-Therian, L50, M|\n|poke|p1|Iron Hands, L50|\n|poke|p1|Chien-Pao, L50|\n|poke|p1|Flutter Mane, L50|\n|poke|p1|Ogerpon-Wellspring, L50, F|\n|poke|p1|Arcanine-Hisui, L50, F|\n|poke|p2|Flutter Mane, L50|\n|poke|p2|Tornadus, L50, M|\n|poke|p2|Rillaboom, L50, M|\n|poke|p2|Garganacl, L50, M|\n|poke|p2|Arcanine-Hisui, L50, M|\n|poke|p2|Chien-Pao, L50|\n|teampreview|4\nkaloseevee has agreed to open team sheets.\nKzkzjrjzk has agreed to open team sheets.\n|\n|t:|1700861612\n|start\n|switch|p1a: Iron Hands|Iron Hands, L50|100\/100\n|switch|p1b: Chien-Pao|Chien-Pao, L50|100\/100\n|switch|p2a: Tornadus|Tornadus, L50, M|100\/100\n|switch|p2b: Garganacl|Garganacl, L50, M|100\/100\n|-ability|p1b: Chien-Pao|Sword of Ruin\n|turn|1\n|\n|t:|1700861632\n|switch|p2a: Arcanine|Arcanine-Hisui, L50, M|100\/100\n|-ability|p2a: Arcanine|Intimidate|boost\n|-unboost|p1a: Iron Hands|atk|1\n|-unboost|p1b: Chien-Pao|atk|1\n|-terastallize|p2b: Garganacl|Ghost\n|move|p1a: Iron Hands|Fake Out|p2a: Arcanine\n|-resisted|p2a: Arcanine\n|-damage|p2a: Arcanine|90\/100\n|move|p1b: Chien-Pao|Sacred Sword|p2b: Garganacl\n|-immune|p2b: Garganacl\n|move|p2b: Garganacl|Salt Cure|p1b: Chien-Pao\n|-supereffective|p1b: Chien-Pao\n|-crit|p1b: Chien-Pao\n|-damage|p1b: Chien-Pao|45\/100\n|-start|p1b: Chien-Pao|Salt Cure\n|\n|-damage|p1b: Chien-Pao|33\/100|[from] Salt Cure\n|upkeep\n|turn|2\n|inactive|Battle timer is ON: inactive players will automatically lose when time's up. (requested by Kzkzjrjzk)\n|\n|t:|1700861660\n|switch|p2a: Tornadus|Tornadus, L50, M|100\/100\n|move|p1b: Chien-Pao|Sucker Punch||[still]\n|-fail|p1b: Chien-Pao\n|move|p1a: Iron Hands|Drain Punch|p2a: Tornadus\n|-resisted|p2a: Tornadus\n|-damage|p2a: Tornadus|76\/100\n|-damage|p1a: Iron Hands|84\/100|[from] item: Rocky Helmet|[of] p2a: Tornadus\n|move|p2b: Garganacl|Iron Defense|p2b: Garganacl\n|-boost|p2b: Garganacl|def|2\n|\n|-damage|p1b: Chien-Pao|20\/100|[from] Salt Cure\n|upkeep\n|turn|3\n|inactive|kaloseevee has 30 seconds left.\n|\n|t:|1700861685\n|move|p2a: Tornadus|Tailwind|p2a: Tornadus\n|-sidestart|p2: Kzkzjrjzk|move: Tailwind\n|move|p1b: Chien-Pao|Ice Spinner|p2a: Tornadus\n|-supereffective|p2a: Tornadus\n|-damage|p2a: Tornadus|0 fnt\n|-damage|p1b: Chien-Pao|4\/100|[from] item: Rocky Helmet|[of] p2a: Tornadus\n|faint|p2a: Tornadus\n|move|p2b: Garganacl|Iron Defense|p2b: Garganacl\n|-boost|p2b: Garganacl|def|2\n|move|p1a: Iron Hands|Wild Charge|p2b: Garganacl\n|-damage|p2b: Garganacl|89\/100\n|-damage|p1a: Iron Hands|81\/100|[from] Recoil\n|\n|-damage|p1b: Chien-Pao|0 fnt|[from] Salt Cure\n|faint|p1b: Chien-Pao\n|upkeep\n|\n|t:|1700861703\n|switch|p1b: Arcanine|Arcanine-Hisui, L50, F|100\/100\n|switch|p2a: Arcanine|Arcanine-Hisui, L50, M|90\/100\n|-ability|p2a: Arcanine|Intimidate|boost\n|-unboost|p1a: Iron Hands|atk|1\n|-unboost|p1b: Arcanine|atk|1\n|-ability|p1b: Arcanine|Intimidate|boost\n|-unboost|p2a: Arcanine|atk|1\n|-unboost|p2b: Garganacl|atk|1\n|turn|4\n|\n|t:|1700861725\n|switch|p2a: Rillaboom|Rillaboom, L50, M|100\/100\n|-fieldstart|move: Grassy Terrain|[from] ability: Grassy Surge|[of] p2a: Rillaboom\n|move|p1b: Arcanine|Flare Blitz|p2b: Garganacl\n|-damage|p2b: Garganacl|74\/100\n|-damage|p1b: Arcanine|95\/100|[from] Recoil\n|move|p2b: Garganacl|Salt Cure|p1b: Arcanine\n|-supereffective|p1b: Arcanine\n|-damage|p1b: Arcanine|75\/100\n|-start|p1b: Arcanine|Salt Cure\n|move|p1a: Iron Hands|Drain Punch|p2a: Rillaboom\n|-damage|p2a: Rillaboom|78\/100\n|-heal|p1a: Iron Hands|91\/100|[from] drain|[of] p2a: Rillaboom\n|\n|-heal|p2a: Rillaboom|84\/100|[from] Grassy Terrain\n|-heal|p1b: Arcanine|81\/100|[from] Grassy Terrain\n|-heal|p2b: Garganacl|80\/100|[from] Grassy Terrain\n|-heal|p1a: Iron Hands|97\/100|[from] Grassy Terrain\n|-damage|p1b: Arcanine|69\/100|[from] Salt Cure\n|upkeep\n|turn|5\n|inactive|kaloseevee has 30 seconds left.\n|\n|t:|1700861756\n|move|p2a: Rillaboom|Fake Out|p1b: Arcanine\n|-resisted|p1b: Arcanine\n|-damage|p1b: Arcanine|60\/100\n|cant|p1b: Arcanine|flinch\n|move|p2b: Garganacl|Iron Defense|p2b: Garganacl\n|-boost|p2b: Garganacl|def|2\n|move|p1a: Iron Hands|Wild Charge|p2a: Rillaboom\n|-resisted|p2a: Rillaboom\n|-damage|p2a: Rillaboom|72\/100\n|-damage|p1a: Iron Hands|95\/100|[from] Recoil\n|\n|-heal|p2a: Rillaboom|78\/100|[from] Grassy Terrain\n|-heal|p1b: Arcanine|67\/100|[from] Grassy Terrain\n|-heal|p2b: Garganacl|86\/100|[from] Grassy Terrain\n|-heal|p1a: Iron Hands|100\/100|[from] Grassy Terrain\n|-damage|p1b: Arcanine|54\/100|[from] Salt Cure\n|upkeep\n|turn|6\n|-message|kaloseevee forfeited.\n|\n|win|Kzkzjrjzk\n|raw|kaloseevee's rating: 1050 &rarr; <strong>1032<\/strong><br \/>(-18 for losing)\n|raw|Kzkzjrjzk's rating: 1040 &rarr; <strong>1075<\/strong><br \/>(+35 for winning)\n|l|\u2606kaloseevee\n","uploadtime":1700861769,"views":3,"p1id":"kaloseevee","p2id":"kzkzjrjzk","formatid":"gen9vgc2023regulatione","rating":1032,"private":0,"password":""}