{"id":"gen9vgc2023regulatione-1999465254","p1":"simp de incineroar","p2":"Levelup_yaman","format":"[Gen 9] VGC 2023 Regulation E","log":"|j|\u2606simp de incineroar\n|j|\u2606Levelup_yaman\n|t:|1701084717\n|gametype|doubles\n|player|p1|simp de incineroar|dawn-gen4pt|1100\n|player|p2|Levelup_yaman|picnicker|1182\n|teamsize|p1|6\n|teamsize|p2|6\n|gen|9\n|tier|[Gen 9] VGC 2023 Regulation E\n|rated|\n|rule|Species Clause: Limit one of each Pok\u00e9mon\n|rule|Item Clause: Limit one of each item\n|clearpoke\n|poke|p1|Gastrodon, L50, F|\n|poke|p1|Ninetales-Alola, L50, M|\n|poke|p1|Sinistcha, L50|\n|poke|p1|Urshifu-*, L50, M|\n|poke|p1|Gliscor, L50, M|\n|poke|p1|Rillaboom, L50, M|\n|poke|p2|Pawmot, L50, F|\n|poke|p2|Baxcalibur, L50, M|\n|poke|p2|Skeledirge, L50, F|\n|poke|p2|Arboliva, L50, F|\n|poke|p2|Garganacl, L50, M|\n|poke|p2|Kingambit, L50, F|\n|teampreview|4\n|inactive|Battle timer is ON: inactive players will automatically lose when time's up. (requested by Levelup_yaman)\n|inactive|Levelup_yaman has 60 seconds left.\n|\n|t:|1701084749\n|start\n|switch|p1a: Gliscor|Gliscor, L50, M|100\/100\n|switch|p1b: Urshifu|Urshifu, L50, M|100\/100\n|switch|p2a: Baxcalibur|Baxcalibur, L50, M|100\/100\n|switch|p2b: Skeledirge|Skeledirge, L50, F|100\/100\n|turn|1\n|\n|t:|1701084760\n|move|p1b: Urshifu|Protect|p1b: Urshifu\n|-singleturn|p1b: Urshifu|Protect\n|move|p2b: Skeledirge|Torch Song|p1b: Urshifu\n|-activate|p1b: Urshifu|move: Protect\n|move|p2a: Baxcalibur|Icicle Spear|p1a: Gliscor\n|-supereffective|p1a: Gliscor\n|-damage|p1a: Gliscor|65\/100\n|-supereffective|p1a: Gliscor\n|-damage|p1a: Gliscor|26\/100\n|-supereffective|p1a: Gliscor\n|-damage|p1a: Gliscor|0 fnt\n|faint|p1a: Gliscor\n|-hitcount|p1: Gliscor|3\n|\n|upkeep\n|\n|t:|1701084773\n|switch|p1a: Gastrodon|Gastrodon, L50, F|100\/100\n|turn|2\n|\n|t:|1701084796\n|-terastallize|p1b: Urshifu|Water\n|move|p2b: Skeledirge|Torch Song|p1b: Urshifu\n|-resisted|p1b: Urshifu\n|-damage|p1b: Urshifu|70\/100\n|-boost|p2b: Skeledirge|spa|1\n|move|p2a: Baxcalibur|Icicle Spear|p1b: Urshifu\n|-resisted|p1b: Urshifu\n|-damage|p1b: Urshifu|63\/100\n|-resisted|p1b: Urshifu\n|-damage|p1b: Urshifu|57\/100\n|-resisted|p1b: Urshifu\n|-damage|p1b: Urshifu|49\/100\n|-resisted|p1b: Urshifu\n|-damage|p1b: Urshifu|42\/100\n|-resisted|p1b: Urshifu\n|-damage|p1b: Urshifu|35\/100\n|-hitcount|p1b: Urshifu|5\n|move|p1b: Urshifu|Close Combat|p2a: Baxcalibur\n|-supereffective|p2a: Baxcalibur\n|-damage|p2a: Baxcalibur|0 fnt\n|-unboost|p1b: Urshifu|def|1\n|-unboost|p1b: Urshifu|spd|1\n|faint|p2a: Baxcalibur\n|move|p1a: Gastrodon|Earth Power|p2b: Skeledirge\n|-supereffective|p2b: Skeledirge\n|-damage|p2b: Skeledirge|30\/100\n|-unboost|p2b: Skeledirge|spd|1\n|\n|upkeep\n|\n|t:|1701084805\n|switch|p2a: Pawmot|Pawmot, L50, F|100\/100\n|turn|3\n|\n|t:|1701084816\n|switch|p2b: Garganacl|Garganacl, L50, M|100\/100\n|-item|p2b: Garganacl|Air Balloon\n|switch|p1b: Rillaboom|Rillaboom, L50, M|100\/100\n|-fieldstart|move: Grassy Terrain|[from] ability: Grassy Surge|[of] p1b: Rillaboom\n|-terastallize|p2a: Pawmot|Fairy\n|move|p2a: Pawmot|Play Rough|p1b: Rillaboom\n|-damage|p1b: Rillaboom|54\/100\n|move|p1a: Gastrodon|Earth Power|p2b: Garganacl\n|-immune|p2b: Garganacl\n|\n|-heal|p1b: Rillaboom|60\/100|[from] Grassy Terrain\n|upkeep\n|turn|4\n|\n|t:|1701084832\n|move|p1b: Rillaboom|Fake Out|p2a: Pawmot\n|-damage|p2a: Pawmot|69\/100\n|-damage|p1b: Rillaboom|50\/100|[from] item: Life Orb\n|cant|p2a: Pawmot|flinch\n|move|p1a: Gastrodon|Earth Power|p2b: Garganacl\n|-immune|p2b: Garganacl\n|move|p2b: Garganacl|Salt Cure|p1a: Gastrodon\n|-resisted|p1a: Gastrodon\n|-damage|p1a: Gastrodon|89\/100\n|-start|p1a: Gastrodon|Salt Cure\n|\n|-heal|p2a: Pawmot|76\/100|[from] Grassy Terrain\n|-heal|p1b: Rillaboom|56\/100|[from] Grassy Terrain\n|-heal|p1a: Gastrodon|95\/100|[from] Grassy Terrain\n|-heal|p1a: Gastrodon|100\/100|[from] item: Leftovers\n|-damage|p1a: Gastrodon|76\/100|[from] Salt Cure\n|upkeep\n|turn|5\n|inactive|simp de incineroar has 30 seconds left.\n|inactive|simp de incineroar has 20 seconds left.\n|inactive|simp de incineroar has 15 seconds left.\n|inactive|simp de incineroar has 10 seconds left.\n|\n|t:|1701084877\n|move|p1a: Gastrodon|Protect|p1a: Gastrodon\n|-singleturn|p1a: Gastrodon|Protect\n|move|p2a: Pawmot|Revival Blessing|p2a: Pawmot\n|\n|t:|1701084882\n|-heal|p2: Baxcalibur|50\/100|[from] move: Revival Blessing\n|move|p1b: Rillaboom|Wood Hammer|p2a: Pawmot\n|-damage|p2a: Pawmot|0 fnt\n|faint|p2a: Pawmot\n|-damage|p1b: Rillaboom|37\/100|[from] Recoil\n|-damage|p1b: Rillaboom|27\/100|[from] item: Life Orb\n|move|p2b: Garganacl|Salt Cure|p1b: Rillaboom\n|-damage|p1b: Rillaboom|6\/100\n|-start|p1b: Rillaboom|Salt Cure\n|\n|-heal|p1b: Rillaboom|12\/100|[from] Grassy Terrain\n|-heal|p1a: Gastrodon|82\/100|[from] Grassy Terrain\n|-heal|p1a: Gastrodon|88\/100|[from] item: Leftovers\n|-damage|p1b: Rillaboom|0 fnt|[from] Salt Cure\n|faint|p1b: Rillaboom\n|-damage|p1a: Gastrodon|63\/100|[from] Salt Cure\n|upkeep\n|\n|t:|1701084893\n|switch|p2a: Baxcalibur|Baxcalibur, L50, M|50\/100\n|switch|p1b: Urshifu|Urshifu, L50, M, tera:Water|35\/100\n|turn|6\n|\n|t:|1701084906\n|move|p1b: Urshifu|Sucker Punch|p2a: Baxcalibur\n|-damage|p2a: Baxcalibur|0 fnt\n|faint|p2a: Baxcalibur\n|move|p1a: Gastrodon|Ice Beam|p2b: Garganacl\n|-damage|p2b: Garganacl|82\/100\n|-enditem|p2b: Garganacl|Air Balloon\n|move|p2b: Garganacl|Salt Cure|p1b: Urshifu\n|-damage|p1b: Urshifu|16\/100\n|-start|p1b: Urshifu|Salt Cure\n|\n|-heal|p1b: Urshifu|22\/100|[from] Grassy Terrain\n|-heal|p1a: Gastrodon|69\/100|[from] Grassy Terrain\n|-heal|p1a: Gastrodon|75\/100|[from] item: Leftovers\n|-heal|p2b: Garganacl|88\/100|[from] Grassy Terrain\n|-damage|p1b: Urshifu|0 fnt|[from] Salt Cure\n|faint|p1b: Urshifu\n|-damage|p1a: Gastrodon|50\/100|[from] Salt Cure\n|upkeep\n|\n|t:|1701084909\n|switch|p2a: Skeledirge|Skeledirge, L50, F|30\/100\n|turn|7\n|-message|simp de incineroar forfeited.\n|\n|win|Levelup_yaman\n|raw|simp de incineroar's rating: 1100 &rarr; <strong>1081<\/strong><br \/>(-19 for losing)\n|raw|Levelup_yaman's rating: 1182 &rarr; <strong>1201<\/strong><br \/>(+19 for winning)\n|l|\u2606simp de incineroar\n","uploadtime":1701084929,"views":2,"p1id":"simpdeincineroar","p2id":"levelupyaman","formatid":"gen9vgc2023regulatione","rating":1081,"private":0,"password":""}