{"id":"gen9vgc2023regulatione-1997887056","p1":"sofiane so","p2":"AmongusMaster5678","format":"[Gen 9] VGC 2023 Regulation E","log":"|j|\u2606sofiane so\n|j|\u2606AmongusMaster5678\n|t:|1700863800\n|gametype|doubles\n|player|p1|sofiane so|101|1445\n|player|p2|AmongusMaster5678|265|1357\n|teamsize|p1|6\n|teamsize|p2|6\n|gen|9\n|tier|[Gen 9] VGC 2023 Regulation E\n|rated|\n|rule|Species Clause: Limit one of each Pok\u00e9mon\n|rule|Item Clause: Limit one of each item\n|clearpoke\n|poke|p1|Roaring Moon, L50|\n|poke|p1|Weezing, L50, M|\n|poke|p1|Flutter Mane, L50|\n|poke|p1|Ogerpon-Hearthflame, L50, F|\n|poke|p1|Rillaboom, L50, M|\n|poke|p1|Urshifu-*, L50, F|\n|poke|p2|Rillaboom, L50, M|\n|poke|p2|Arcanine-Hisui, L50, F|\n|poke|p2|Urshifu-*, L50, F|\n|poke|p2|Tornadus, L50, M|\n|poke|p2|Flutter Mane, L50|\n|poke|p2|Chien-Pao, L50|\n|teampreview|4\n|inactive|Battle timer is ON: inactive players will automatically lose when time's up. (requested by AmongusMaster5678)\n|\n|t:|1700863818\n|start\n|switch|p1a: Roaring Moon|Roaring Moon, L50, shiny|100\/100\n|switch|p1b: Weezing|Weezing, L50, M, shiny|100\/100\n|switch|p2a: Urshifu|Urshifu-Rapid-Strike, L50, F|100\/100\n|switch|p2b: Rillaboom|Rillaboom, L50, M|100\/100\n|-ability|p1b: Weezing|Neutralizing Gas\n|-enditem|p1a: Roaring Moon|Booster Energy\n|-activate|p1a: Roaring Moon|ability: Protosynthesis|[fromitem]\n|-start|p1a: Roaring Moon|protosynthesisspe\n|turn|1\n|\n|t:|1700863838\n|switch|p2a: Arcanine|Arcanine-Hisui, L50, F|100\/100\n|move|p1a: Roaring Moon|Protect|p1a: Roaring Moon\n|-singleturn|p1a: Roaring Moon|Protect\n|move|p2b: Rillaboom|High Horsepower|p1b: Weezing\n|-supereffective|p1b: Weezing\n|-damage|p1b: Weezing|47\/100\n|-enditem|p1b: Weezing|Sitrus Berry|[eat]\n|-heal|p1b: Weezing|72\/100|[from] item: Sitrus Berry\n|move|p1b: Weezing|Will-O-Wisp|p2a: Arcanine\n|-immune|p2a: Arcanine\n|\n|upkeep\n|turn|2\n|inactive|AmongusMaster5678 has 30 seconds left.\n|\n|t:|1700863864\n|switch|p2b: Tornadus|Tornadus, L50, M|100\/100\n|-terastallize|p2a: Arcanine|Fairy\n|move|p1a: Roaring Moon|Breaking Swipe|p2b: Tornadus|[spread] p2b\n|-immune|p2a: Arcanine\n|-damage|p2b: Tornadus|76\/100\n|-unboost|p2b: Tornadus|atk|1\n|move|p2a: Arcanine|Tera Blast|p1a: Roaring Moon|[anim] Tera Blast Fairy\n|-supereffective|p1a: Roaring Moon\n|-damage|p1a: Roaring Moon|0 fnt\n|faint|p1a: Roaring Moon\n|-end|p1a: Roaring Moon|Protosynthesis|[silent]\n|move|p1b: Weezing|Will-O-Wisp|p2b: Tornadus\n|-status|p2b: Tornadus|brn\n|\n|-damage|p2b: Tornadus|70\/100 brn|[from] brn\n|upkeep\n|inactive|sofiane so has 30 seconds left.\n|\n|t:|1700863890\n|switch|p1a: Urshifu|Urshifu-Rapid-Strike, L50, F|100\/100\n|turn|3\n|\n|t:|1700863902\n|switch|p2b: Rillaboom|Rillaboom, L50, M|100\/100\n|move|p1a: Urshifu|Detect|p1a: Urshifu\n|-singleturn|p1a: Urshifu|Protect\n|move|p2a: Arcanine|Tera Blast|p1a: Urshifu|[anim] Tera Blast Fairy\n|-activate|p1a: Urshifu|move: Protect\n|move|p1b: Weezing|Will-O-Wisp|p2a: Arcanine\n|-status|p2a: Arcanine|brn\n|\n|-damage|p2a: Arcanine|94\/100 brn|[from] brn\n|upkeep\n|turn|4\n|inactive|sofiane so has 30 seconds left.\n|\n|t:|1700863929\n|-terastallize|p1a: Urshifu|Water\n|move|p2b: Rillaboom|Fake Out|p1b: Weezing\n|-damage|p1b: Weezing|60\/100\n|move|p1a: Urshifu|Surging Strikes|p2a: Arcanine\n|-crit|p2a: Arcanine\n|-damage|p2a: Arcanine|60\/100 brn\n|-crit|p2a: Arcanine\n|-damage|p2a: Arcanine|25\/100 brn\n|-crit|p2a: Arcanine\n|-damage|p2a: Arcanine|0 fnt\n|faint|p2a: Arcanine\n|-hitcount|p2: Arcanine|3\n|cant|p1b: Weezing|flinch\n|\n|upkeep\n|\n|t:|1700863939\n|switch|p2a: Urshifu|Urshifu-Rapid-Strike, L50, F|100\/100\n|turn|5\n|\n|t:|1700863947\n|move|p1a: Urshifu|Detect|p1a: Urshifu\n|-singleturn|p1a: Urshifu|Protect\n|move|p2a: Urshifu|Surging Strikes|p1b: Weezing\n|-crit|p1b: Weezing\n|-damage|p1b: Weezing|41\/100\n|-crit|p1b: Weezing\n|-damage|p1b: Weezing|19\/100\n|-crit|p1b: Weezing\n|-damage|p1b: Weezing|0 fnt\n|faint|p1b: Weezing\n|-end|p1b: Weezing|ability: Neutralizing Gas\n|-fieldstart|move: Grassy Terrain|[from] ability: Grassy Surge|[of] p2b: Rillaboom\n|-hitcount|p1: Weezing|3\n|move|p2b: Rillaboom|Grassy Glide|p1a: Urshifu\n|-activate|p1a: Urshifu|move: Protect\n|\n|upkeep\n|\n|t:|1700863955\n|switch|p1b: Rillaboom|Rillaboom, L50, M|100\/100\n|turn|6\n|\n|t:|1700863965\n|move|p2a: Urshifu|Detect|p2a: Urshifu\n|-singleturn|p2a: Urshifu|Protect\n|move|p2b: Rillaboom|Grassy Glide|p1a: Urshifu\n|-supereffective|p1a: Urshifu\n|-damage|p1a: Urshifu|38\/100\n|move|p1a: Urshifu|Surging Strikes|p2b: Rillaboom\n|-resisted|p2b: Rillaboom\n|-crit|p2b: Rillaboom\n|-damage|p2b: Rillaboom|87\/100\n|-resisted|p2b: Rillaboom\n|-crit|p2b: Rillaboom\n|-damage|p2b: Rillaboom|74\/100\n|-resisted|p2b: Rillaboom\n|-crit|p2b: Rillaboom\n|-damage|p2b: Rillaboom|61\/100\n|-hitcount|p2b: Rillaboom|3\n|move|p1b: Rillaboom|Wood Hammer|p2a: Urshifu\n|-activate|p2a: Urshifu|move: Protect\n|\n|-heal|p1a: Urshifu|44\/100|[from] Grassy Terrain\n|-heal|p2b: Rillaboom|67\/100|[from] Grassy Terrain\n|upkeep\n|turn|7\n|\n|t:|1700863983\n|switch|p2a: Tornadus|Tornadus, L50, M|70\/100 brn\n|move|p1a: Urshifu|Detect|p1a: Urshifu\n|-singleturn|p1a: Urshifu|Protect\n|move|p1b: Rillaboom|Wood Hammer|p2a: Tornadus\n|-resisted|p2a: Tornadus\n|-damage|p2a: Tornadus|26\/100 brn\n|-damage|p1b: Rillaboom|87\/100|[from] Recoil\n|move|p2b: Rillaboom|U-turn|p1b: Rillaboom\n|-supereffective|p1b: Rillaboom\n|-damage|p1b: Rillaboom|47\/100\n|\n|t:|1700863995\n|switch|p2b: Urshifu|Urshifu-Rapid-Strike, L50, F|100\/100|[from] U-turn\n|\n|-heal|p1a: Urshifu|50\/100|[from] Grassy Terrain\n|-heal|p1b: Rillaboom|53\/100|[from] Grassy Terrain\n|-damage|p2a: Tornadus|20\/100 brn|[from] brn\n|upkeep\n|turn|8\n|\n|t:|1700864008\n|move|p2b: Urshifu|Detect|p2b: Urshifu\n|-singleturn|p2b: Urshifu|Protect\n|move|p1a: Urshifu|Aqua Jet|p2a: Tornadus\n|-damage|p2a: Tornadus|0 fnt\n|faint|p2a: Tornadus\n|move|p1b: Rillaboom|Wood Hammer|p2b: Urshifu\n|-activate|p2b: Urshifu|move: Protect\n|\n|-heal|p1a: Urshifu|57\/100|[from] Grassy Terrain\n|-heal|p1b: Rillaboom|58\/100|[from] Grassy Terrain\n|upkeep\n|\n|t:|1700864012\n|switch|p2a: Rillaboom|Rillaboom, L50, M|67\/100\n|turn|9\n|\n|t:|1700864019\n|move|p1a: Urshifu|Detect|p1a: Urshifu\n|-singleturn|p1a: Urshifu|Protect\n|move|p2a: Rillaboom|Fake Out|p1b: Rillaboom\n|-damage|p1b: Rillaboom|46\/100\n|move|p2b: Urshifu|Swords Dance|p2b: Urshifu\n|-boost|p2b: Urshifu|atk|2\n|cant|p1b: Rillaboom|flinch\n|\n|-heal|p1a: Urshifu|63\/100|[from] Grassy Terrain\n|-heal|p1b: Rillaboom|52\/100|[from] Grassy Terrain\n|-heal|p2a: Rillaboom|73\/100|[from] Grassy Terrain\n|-fieldend|move: Grassy Terrain\n|upkeep\n|turn|10\n|\n|t:|1700864034\n|move|p2b: Urshifu|Detect|p2b: Urshifu\n|-singleturn|p2b: Urshifu|Protect\n|move|p1a: Urshifu|Surging Strikes|p2b: Urshifu\n|-resisted|p2b: Urshifu\n|-crit|p2b: Urshifu\n|-damage|p2b: Urshifu|86\/100\n|-resisted|p2b: Urshifu\n|-crit|p2b: Urshifu\n|-damage|p2b: Urshifu|70\/100\n|-resisted|p2b: Urshifu\n|-crit|p2b: Urshifu\n|-damage|p2b: Urshifu|55\/100\n|-hitcount|p2b: Urshifu|3\n|move|p1b: Rillaboom|Wood Hammer|p2b: Urshifu\n|-activate|p2b: Urshifu|move: Protect\n|move|p2a: Rillaboom|Grassy Glide|p1a: Urshifu\n|-supereffective|p1a: Urshifu\n|-damage|p1a: Urshifu|16\/100\n|\n|upkeep\n|turn|11\n|\n|t:|1700864051\n|move|p1a: Urshifu|Surging Strikes|p2a: Rillaboom\n|-resisted|p2a: Rillaboom\n|-crit|p2a: Rillaboom\n|-damage|p2a: Rillaboom|59\/100\n|-resisted|p2a: Rillaboom\n|-crit|p2a: Rillaboom\n|-damage|p2a: Rillaboom|44\/100\n|-resisted|p2a: Rillaboom\n|-crit|p2a: Rillaboom\n|-damage|p2a: Rillaboom|31\/100\n|-hitcount|p2a: Rillaboom|3\n|move|p2b: Urshifu|Surging Strikes|p1b: Rillaboom\n|-resisted|p1b: Rillaboom\n|-crit|p1b: Rillaboom\n|-damage|p1b: Rillaboom|30\/100\n|-resisted|p1b: Rillaboom\n|-crit|p1b: Rillaboom\n|-damage|p1b: Rillaboom|9\/100\n|-resisted|p1b: Rillaboom\n|-crit|p1b: Rillaboom\n|-damage|p1b: Rillaboom|0 fnt\n|faint|p1b: Rillaboom\n|-hitcount|p1: Rillaboom|3\n|move|p2a: Rillaboom|Grassy Glide|p1a: Urshifu\n|-supereffective|p1a: Urshifu\n|-damage|p1a: Urshifu|0 fnt\n|faint|p1a: Urshifu\n|\n|win|AmongusMaster5678\n|raw|sofiane so's rating: 1445 &rarr; <strong>1420<\/strong><br \/>(-25 for losing)\n|raw|AmongusMaster5678's rating: 1357 &rarr; <strong>1382<\/strong><br \/>(+25 for winning)\n|l|\u2606sofiane so\n","uploadtime":1700864273,"views":6,"p1id":"sofianeso","p2id":"amongusmaster5678","formatid":"gen9vgc2023regulatione","rating":1382,"private":0,"password":""}