{"id":"gen9vgc2023regulatione-1993805177","p1":"JayMcG1010","p2":"NovaSirius","format":"[Gen 9] VGC 2023 Regulation E","log":"|j|\u2606JayMcG1010\n|j|\u203dNovaSirius\n|n|\u2606JayMcG1010|jaymcg1010\n|n|\u203dNovaSirius|novasirius\n|html|View the match progress at <a href=\"\/game-bestof3-gen9vgc2023regulatione-1993799200\">game-bestof3-gen9vgc2023regulatione-1993799200<\/a>\n|t:|1700359418\n|gametype|doubles\n|player|p1|JayMcG1010|266|\n|player|p2|NovaSirius|clair|\n|teamsize|p1|6\n|teamsize|p2|6\n|gen|9\n|tier|[Gen 9] VGC 2023 Regulation E\n|rule|Species Clause: Limit one of each Pok\u00e9mon\n|rule|Item Clause: Limit one of each item\n|clearpoke\n|poke|p1|Torterra, L50, F|\n|poke|p1|Rotom-Frost, L50|\n|poke|p1|Sentret, L50, F|\n|poke|p1|Dusknoir, L50, M|\n|poke|p1|Tatsugiri, L50, M|\n|poke|p1|Gardevoir, L50, M|\n|poke|p2|Vivillon-Monsoon, L50, F|\n|poke|p2|Uxie, L50|\n|poke|p2|Ludicolo, L50, M|\n|poke|p2|Clodsire, L50, F|\n|poke|p2|Barraskewda, L50, M|\n|poke|p2|Luxray, L50, M|\n|teampreview|4\n|c|\u2606JayMcG1010|glhf\nJayMcG1010 rejected open team sheets.\n|\n|t:|1700359469\n|start\n|switch|p1a: So Sad|Sentret, L50, F|100\/100\n|switch|p1b: Its Broken|Rotom-Frost, L50|100\/100\n|switch|p2a: Clodsire|Clodsire, L50, F|100\/100\n|switch|p2b: Ludicolo|Ludicolo, L50, M|100\/100\n|-item|p2b: Ludicolo|Assault Vest|[from] ability: Frisk|[of] p1a: So Sad|[identify]\n|turn|1\n|\n|t:|1700359499\n|move|p2b: Ludicolo|Fake Out|p1b: Its Broken\n|-damage|p1b: Its Broken|93\/100\n|cant|p1b: Its Broken|flinch\n|move|p2a: Clodsire|Yawn|p1a: So Sad\n|-start|p1a: So Sad|move: Yawn|[of] p2a: Clodsire\n|move|p1a: So Sad|Super Fang|p2a: Clodsire\n|-damage|p2a: Clodsire|51\/100\n|\n|upkeep\n|turn|2\n|\n|t:|1700359520\n|switch|p1a: I hit it well|Dusknoir, L50, M|100\/100\n|-item|p2b: Ludicolo|Assault Vest|[from] ability: Frisk|[of] p1a: I hit it well|[identify]\n|move|p2a: Clodsire|Protect|p2a: Clodsire\n|-singleturn|p2a: Clodsire|Protect\n|move|p2b: Ludicolo|Surf|p1a: I hit it well|[spread] p1a,p1b\n|-activate|p2a: Clodsire|move: Protect\n|-damage|p1a: I hit it well|75\/100\n|-damage|p1b: Its Broken|65\/100\n|move|p1b: Its Broken|Blizzard|p2b: Ludicolo|[spread] p2b\n|-activate|p2a: Clodsire|move: Protect\n|-crit|p2b: Ludicolo\n|-damage|p2b: Ludicolo|58\/100\n|\n|upkeep\n|turn|3\n|\n|t:|1700359539\n|move|p2b: Ludicolo|Surf|p1b: Its Broken|[spread] p1a,p1b\n|-heal|p2a: Clodsire|76\/100|[from] ability: Water Absorb|[of] p2b: Ludicolo\n|-damage|p1a: I hit it well|47\/100\n|-damage|p1b: Its Broken|34\/100\n|-enditem|p1b: Its Broken|Sitrus Berry|[eat]\n|-heal|p1b: Its Broken|59\/100|[from] item: Sitrus Berry\n|move|p1b: Its Broken|Blizzard|p2a: Clodsire|[spread] p2a,p2b\n|-supereffective|p2a: Clodsire\n|-damage|p2a: Clodsire|38\/100\n|-damage|p2b: Ludicolo|32\/100\n|move|p1a: I hit it well|Poltergeist|p2b: Ludicolo\n|-activate|p2b: Ludicolo|move: Poltergeist|Assault Vest\n|-damage|p2b: Ludicolo|0 fnt\n|faint|p2b: Ludicolo\n|move|p2a: Clodsire|High Horsepower|p1a: I hit it well\n|-damage|p1a: I hit it well|23\/100\n|\n|upkeep\n|\n|t:|1700359564\n|switch|p2b: Barraskewda|Barraskewda, L50, M|100\/100\n|turn|4\n|\n|t:|1700359600\n|move|p1b: Its Broken|Protect|p1b: Its Broken\n|-singleturn|p1b: Its Broken|Protect\n|move|p2b: Barraskewda|Crunch|p1a: I hit it well\n|-supereffective|p1a: I hit it well\n|-damage|p1a: I hit it well|0 fnt\n|faint|p1a: I hit it well\n|move|p2a: Clodsire|Yawn|p1b: Its Broken\n|-activate|p1b: Its Broken|move: Protect\n|\n|upkeep\n|\n|t:|1700359610\n|switch|p1a: So Sad|Sentret, L50, F|100\/100\n|-item|p2b: Barraskewda|Choice Band|[from] ability: Frisk|[of] p1a: So Sad|[identify]\n|turn|5\n|\n|t:|1700359620\n|move|p1a: So Sad|Baby-Doll Eyes|p2b: Barraskewda\n|-unboost|p2b: Barraskewda|atk|1\n|move|p2b: Barraskewda|Crunch|p1a: So Sad\n|-damage|p1a: So Sad|64\/100\n|move|p1b: Its Broken|Blizzard|p2a: Clodsire|[spread] p2a\n|-miss|p1b: Its Broken|p2b: Barraskewda\n|-supereffective|p2a: Clodsire\n|-damage|p2a: Clodsire|2\/100\n|move|p2a: Clodsire|Haze|p2a: Clodsire\n|-clearallboost\n|\n|upkeep\n|turn|6\n|\n|t:|1700359667\n|switch|p2b: Luxray|Luxray, L50, M|100\/100\n|-ability|p2b: Luxray|Intimidate|boost\n|-unboost|p1a: So Sad|atk|1\n|-unboost|p1b: Its Broken|atk|1\n|move|p1a: So Sad|Baby-Doll Eyes|p2b: Luxray\n|-unboost|p2b: Luxray|atk|1\n|move|p1b: Its Broken|Discharge|p2a: Clodsire|[spread] p1a,p2b\n|-immune|p2a: Clodsire\n|-resisted|p2b: Luxray\n|-damage|p1a: So Sad|33\/100\n|-damage|p2b: Luxray|85\/100\n|move|p2a: Clodsire|Yawn|p1b: Its Broken\n|-start|p1b: Its Broken|move: Yawn|[of] p2a: Clodsire\n|\n|upkeep\n|turn|7\n|\n|t:|1700359700\n|-terastallize|p2b: Luxray|Steel\n|move|p2a: Clodsire|Protect|p2a: Clodsire\n|-singleturn|p2a: Clodsire|Protect\n|move|p1b: Its Broken|Blizzard|p2b: Luxray|[spread] p2b\n|-activate|p2a: Clodsire|move: Protect\n|-resisted|p2b: Luxray\n|-damage|p2b: Luxray|63\/100\n|move|p2b: Luxray|Tera Blast|p1b: Its Broken|[anim] Tera Blast Steel\n|-damage|p1b: Its Broken|30\/100\n|move|p1a: So Sad|Super Fang|p2b: Luxray\n|-damage|p2b: Luxray|32\/100\n|\n|-end|p1b: Its Broken|move: Yawn|[silent]\n|-status|p1b: Its Broken|slp\n|upkeep\n|turn|8\n|\n|t:|1700359725\n|move|p1a: So Sad|Protect|p1a: So Sad\n|-singleturn|p1a: So Sad|Protect\n|cant|p1b: Its Broken|slp\n|move|p2b: Luxray|Tera Blast|p1a: So Sad|[anim] Tera Blast Steel\n|-activate|p1a: So Sad|move: Protect\n|move|p2a: Clodsire|Haze|p2a: Clodsire\n|-clearallboost\n|\n|upkeep\n|turn|9\n|\n|t:|1700359736\n|switch|p2a: Barraskewda|Barraskewda, L50, M|100\/100\n|move|p1a: So Sad|Baby-Doll Eyes|p2b: Luxray\n|-unboost|p2b: Luxray|atk|1\n|cant|p1b: Its Broken|slp\n|move|p2b: Luxray|Tera Blast|p1a: So Sad|[anim] Tera Blast Steel\n|-damage|p1a: So Sad|0 fnt\n|faint|p1a: So Sad\n|\n|upkeep\n|\n|t:|1700359745\n|switch|p1a: 9iron|Torterra, L50, F|100\/100\n|turn|10\n|\n|t:|1700359757\n|-terastallize|p1a: 9iron|Water\n|move|p2a: Barraskewda|Ice Fang|p1a: 9iron\n|-resisted|p1a: 9iron\n|-damage|p1a: 9iron|86\/100\n|cant|p1b: Its Broken|slp\n|move|p1a: 9iron|Shell Smash|p1a: 9iron\n|-unboost|p1a: 9iron|def|1\n|-unboost|p1a: 9iron|spd|1\n|-boost|p1a: 9iron|atk|2\n|-boost|p1a: 9iron|spa|2\n|-boost|p1a: 9iron|spe|2\n|-enditem|p1a: 9iron|White Herb\n|-clearnegativeboost|p1a: 9iron|[silent]\n|move|p2b: Luxray|Tera Blast|p1b: Its Broken|[anim] Tera Blast Steel\n|-damage|p1b: Its Broken|0 fnt\n|faint|p1b: Its Broken\n|\n|upkeep\n|turn|11\n|\n|t:|1700359784\n|switch|p2a: Clodsire|Clodsire, L50, F|2\/100\n|move|p1a: 9iron|Earthquake|p2b: Luxray|[spread] p2a,p2b\n|-supereffective|p2a: Clodsire\n|-supereffective|p2b: Luxray\n|-damage|p2a: Clodsire|0 fnt\n|-damage|p2b: Luxray|0 fnt\n|faint|p2a: Clodsire\n|faint|p2b: Luxray\n|\n|upkeep\n|\n|t:|1700359792\n|switch|p2b: Barraskewda|Barraskewda, L50, M|100\/100\n|turn|12\n|\n|t:|1700359795\n|move|p1a: 9iron|Wood Hammer|p2b: Barraskewda\n|-supereffective|p2b: Barraskewda\n|-damage|p2b: Barraskewda|0 fnt\n|faint|p2b: Barraskewda\n|-damage|p1a: 9iron|60\/100|[from] Recoil\n|\n|win|JayMcG1010\n|c|\u2606JayMcG1010|ggs!\n|l|\u203dNovaSirius\n","uploadtime":1700359987,"views":28,"p1id":"jaymcg1010","p2id":"novasirius","formatid":"gen9vgc2023regulatione","rating":0,"private":0,"password":""}