{"id":"gen9vgc2023regulatione-1988715456","p1":"Spider Shark 37","p2":"Snog2273","format":"[Gen 9] VGC 2023 Regulation E","log":"|j|\u2606Spider Shark 37\n|j|\u2606Snog2273\n|t:|1699754081\n|gametype|doubles\n|player|p1|Spider Shark 37|benga|1149\n|player|p2|Snog2273|supernerd|1201\n|teamsize|p1|6\n|teamsize|p2|6\n|gen|9\n|tier|[Gen 9] VGC 2023 Regulation E\n|rated|\n|rule|Species Clause: Limit one of each Pok\u00e9mon\n|rule|Item Clause: Limit one of each item\n|clearpoke\n|poke|p1|Iron Hands, L50|\n|poke|p1|Flutter Mane, L50|\n|poke|p1|Iron Bundle, L50|\n|poke|p1|Tornadus, L50, M|\n|poke|p1|Ogerpon-Hearthflame, L50, F|\n|poke|p1|Clefairy, L50, F|\n|poke|p2|Kingambit, L50, F|\n|poke|p2|Iron Hands, L50|\n|poke|p2|Arcanine-Hisui, L50, F|\n|poke|p2|Urshifu-*, L50, F|\n|poke|p2|Flutter Mane, L50|\n|poke|p2|Tornadus, L50, M|\n|teampreview|4\n|inactive|Battle timer is ON: inactive players will automatically lose when time's up. (requested by Snog2273)\nSnog2273 has agreed to open team sheets.\n|inactive|Spider Shark 37 has 60 seconds left.\n|inactive|Snog2273 has 60 seconds left.\n|\n|t:|1699754121\n|start\n|switch|p1a: Ogerpon|Ogerpon-Hearthflame, L50, F|100\/100\n|switch|p1b: Tornadus|Tornadus, L50, M|100\/100\n|switch|p2a: Harold|Arcanine-Hisui, L50, F|100\/100\n|switch|p2b: Bubbles|Tornadus, L50, M|100\/100\n|-ability|p1a: Ogerpon|Mold Breaker\n|-ability|p2a: Harold|Intimidate|boost\n|-unboost|p1a: Ogerpon|atk|1\n|-unboost|p1b: Tornadus|atk|1\n|turn|1\n|inactive|Snog2273 has 30 seconds left.\n|\n|t:|1699754147\n|-terastallize|p1a: Ogerpon|Fire\n|detailschange|p1a: Ogerpon|Ogerpon-Hearthflame-Tera, L50, F, tera:Fire\n|-ability|p1a: Ogerpon|Embody Aspect (Hearthflame)|boost\n|-boost|p1a: Ogerpon|atk|1\n|move|p2b: Bubbles|Tailwind|p2b: Bubbles\n|-sidestart|p2: Snog2273|move: Tailwind\n|move|p1b: Tornadus|Tailwind|p1b: Tornadus\n|-sidestart|p1: Spider Shark 37|move: Tailwind\n|move|p1a: Ogerpon|Wood Hammer|p2a: Harold\n|-damage|p2a: Harold|25\/100\n|-damage|p1a: Ogerpon|68\/100|[from] Recoil\n|move|p2a: Harold|Rock Slide|p1b: Tornadus|[spread] p1a,p1b\n|-supereffective|p1a: Ogerpon\n|-supereffective|p1b: Tornadus\n|-damage|p1a: Ogerpon|0 fnt\n|-damage|p1b: Tornadus|0 fnt\n|faint|p1a: Ogerpon\n|faint|p1b: Tornadus\n|\n|upkeep\n|\n|t:|1699754161\n|switch|p1a: Flutter Mane|Flutter Mane, L50, shiny|100\/100\n|switch|p1b: Iron Bundle|Iron Bundle, L50|100\/100\n|turn|2\n|\n|t:|1699754174\n|move|p1b: Iron Bundle|Hydro Pump|p2a: Harold\n|-supereffective|p2a: Harold\n|-damage|p2a: Harold|0 fnt\n|faint|p2a: Harold\n|move|p1a: Flutter Mane|Dazzling Gleam|p2b: Bubbles\n|-damage|p2b: Bubbles|10\/100\n|move|p2b: Bubbles|Bleakwind Storm|p1a: Flutter Mane|[spread] p1a\n|-miss|p2b: Bubbles|p1b: Iron Bundle\n|-damage|p1a: Flutter Mane|57\/100\n|\n|upkeep\n|\n|t:|1699754189\n|switch|p2a: Kingsley|Kingambit, L50, F|100\/100\n|turn|3\n|\n|t:|1699754201\n|move|p2b: Bubbles|Leer|p1b: Iron Bundle|[spread] p1a,p1b\n|-unboost|p1a: Flutter Mane|def|1\n|-unboost|p1b: Iron Bundle|def|1\n|move|p2a: Kingsley|Sucker Punch|p1a: Flutter Mane\n|-damage|p1a: Flutter Mane|0 fnt\n|faint|p1a: Flutter Mane\n|-end|p1a: Flutter Mane|Protosynthesis|[silent]\n|-damage|p2a: Kingsley|91\/100|[from] item: Life Orb\n|move|p1b: Iron Bundle|Freeze-Dry|p2b: Bubbles\n|-supereffective|p2b: Bubbles\n|-damage|p2b: Bubbles|0 fnt\n|faint|p2b: Bubbles\n|\n|upkeep\n|\n|t:|1699754212\n|switch|p2b: Genevieve|Flutter Mane, L50|100\/100\n|turn|4\n|\n|t:|1699754222\n|move|p1b: Iron Bundle|Hydro Pump|p2a: Kingsley|[miss]\n|-miss|p1b: Iron Bundle|p2a: Kingsley\n|move|p2b: Genevieve|Moonblast|p1b: Iron Bundle\n|-enditem|p1b: Iron Bundle|Focus Sash\n|-damage|p1b: Iron Bundle|1\/100\n|move|p2a: Kingsley|Swords Dance|p2a: Kingsley\n|-boost|p2a: Kingsley|atk|2\n|\n|-sideend|p1: Spider Shark 37|move: Tailwind\n|-sideend|p2: Snog2273|move: Tailwind\n|upkeep\n|turn|5\n|\n|t:|1699754243\n|move|p1b: Iron Bundle|Hydro Pump|p2b: Genevieve\n|-damage|p2b: Genevieve|51\/100\n|move|p2b: Genevieve|Moonblast|p1b: Iron Bundle\n|-damage|p1b: Iron Bundle|0 fnt\n|faint|p1b: Iron Bundle\n|-end|p1b: Iron Bundle|Quark Drive|[silent]\n|\n|win|Snog2273\n|raw|Spider Shark 37's rating: 1149 &rarr; <strong>1128<\/strong><br \/>(-21 for losing)\n|raw|Snog2273's rating: 1201 &rarr; <strong>1222<\/strong><br \/>(+21 for winning)\n|l|\u2606Spider Shark 37\n","uploadtime":1699754259,"views":17,"p1id":"spidershark37","p2id":"snog2273","formatid":"gen9vgc2023regulatione","rating":1128,"private":0,"password":""}