{"id":"gen9vgc2023regulatione-1996384950","p1":"leolc0926","p2":"on1000","format":"[Gen 9] VGC 2023 Regulation E","log":"|j|\u2606leolc0926\n|j|\u2606on1000\n|t:|1700676974\n|gametype|doubles\n|player|p1|leolc0926|steven|1446\n|player|p2|on1000|101|1458\n|teamsize|p1|6\n|teamsize|p2|6\n|gen|9\n|tier|[Gen 9] VGC 2023 Regulation E\n|rated|\n|rule|Species Clause: Limit one of each Pok\u00e9mon\n|rule|Item Clause: Limit one of each item\n|clearpoke\n|poke|p1|Indeedee-F, L50, F|\n|poke|p1|Armarouge, L50, M|\n|poke|p1|Torkoal, L50, M|\n|poke|p1|Kingambit, L50, F|\n|poke|p1|Enamorus-Therian, L50, F|\n|poke|p1|Lilligant-Hisui, L50, F|\n|poke|p2|Sableye, L50, M|\n|poke|p2|Amoonguss, L50, F|\n|poke|p2|Urshifu-*, L50, F|\n|poke|p2|Roaring Moon, L50|\n|poke|p2|Chi-Yu, L50|\n|poke|p2|Ogerpon-Cornerstone, L50, F|\n|teampreview|4\n|inactive|Battle timer is ON: inactive players will automatically lose when time's up. (requested by on1000)\nleolc0926 has agreed to open team sheets.\n|\n|t:|1700676996\n|start\n|switch|p1a: \u7ba1\u4e8b\u4fa0|Indeedee-F, L50, F|100\/100\n|switch|p1b: \u30b0\u30ec\u30f3\u30a2\u30eb\u30de|Armarouge, L50, M|100\/100\n|switch|p2a: Chi-Yu|Chi-Yu, L50|100\/100\n|switch|p2b: Ogerpon|Ogerpon-Cornerstone, L50, F|100\/100\n|-ability|p2a: Chi-Yu|Beads of Ruin\n|-fieldstart|move: Psychic Terrain|[from] ability: Psychic Surge|[of] p1a: \u7ba1\u4e8b\u4fa0\n|-enditem|p1a: \u7ba1\u4e8b\u4fa0|Psychic Seed\n|-boost|p1a: \u7ba1\u4e8b\u4fa0|spd|1|[from] item: Psychic Seed\n|turn|1\n|\n|t:|1700677009\n|move|p1a: \u7ba1\u4e8b\u4fa0|Follow Me|p1a: \u7ba1\u4e8b\u4fa0\n|-singleturn|p1a: \u7ba1\u4e8b\u4fa0|move: Follow Me\n|move|p2a: Chi-Yu|Snarl|p1a: \u7ba1\u4e8b\u4fa0|[spread] p1a,p1b\n|-supereffective|p1a: \u7ba1\u4e8b\u4fa0\n|-supereffective|p1b: \u30b0\u30ec\u30f3\u30a2\u30eb\u30de\n|-damage|p1a: \u7ba1\u4e8b\u4fa0|60\/100\n|-damage|p1b: \u30b0\u30ec\u30f3\u30a2\u30eb\u30de|33\/100\n|-unboost|p1a: \u7ba1\u4e8b\u4fa0|spa|1\n|-unboost|p1b: \u30b0\u30ec\u30f3\u30a2\u30eb\u30de|spa|1\n|move|p2b: Ogerpon|Ivy Cudgel|p1a: \u7ba1\u4e8b\u4fa0|[anim] Ivy Cudgel Rock\n|-damage|p1a: \u7ba1\u4e8b\u4fa0|7\/100\n|move|p1b: \u30b0\u30ec\u30f3\u30a2\u30eb\u30de|Trick Room|p1b: \u30b0\u30ec\u30f3\u30a2\u30eb\u30de\n|-fieldstart|move: Trick Room|[of] p1b: \u30b0\u30ec\u30f3\u30a2\u30eb\u30de\n|\n|upkeep\n|turn|2\n|\n|t:|1700677022\n|switch|p2b: Amoonguss|Amoonguss, L50, F|100\/100\n|move|p1a: \u7ba1\u4e8b\u4fa0|Helping Hand|p1b: \u30b0\u30ec\u30f3\u30a2\u30eb\u30de\n|-singleturn|p1b: \u30b0\u30ec\u30f3\u30a2\u30eb\u30de|Helping Hand|[of] p1a: \u7ba1\u4e8b\u4fa0\n|move|p1b: \u30b0\u30ec\u30f3\u30a2\u30eb\u30de|Armor Cannon|p2a: Chi-Yu\n|-resisted|p2a: Chi-Yu\n|-damage|p2a: Chi-Yu|48\/100\n|-unboost|p1b: \u30b0\u30ec\u30f3\u30a2\u30eb\u30de|def|1\n|-unboost|p1b: \u30b0\u30ec\u30f3\u30a2\u30eb\u30de|spd|1\n|-damage|p1b: \u30b0\u30ec\u30f3\u30a2\u30eb\u30de|23\/100|[from] item: Life Orb\n|move|p2a: Chi-Yu|Snarl|p1b: \u30b0\u30ec\u30f3\u30a2\u30eb\u30de|[spread] p1a,p1b\n|-supereffective|p1a: \u7ba1\u4e8b\u4fa0\n|-supereffective|p1b: \u30b0\u30ec\u30f3\u30a2\u30eb\u30de\n|-damage|p1a: \u7ba1\u4e8b\u4fa0|0 fnt\n|-damage|p1b: \u30b0\u30ec\u30f3\u30a2\u30eb\u30de|0 fnt\n|faint|p1a: \u7ba1\u4e8b\u4fa0\n|faint|p1b: \u30b0\u30ec\u30f3\u30a2\u30eb\u30de\n|\n|upkeep\n|\n|t:|1700677035\n|switch|p1a: \u55b7\u706b\u4fa0|Torkoal, L50, M|100\/100\n|switch|p1b: \u7737\u604b\u4fa0|Enamorus-Therian, L50, F|100\/100\n|-weather|SunnyDay|[from] ability: Drought|[of] p1a: \u55b7\u706b\u4fa0\n|turn|3\n|\n|t:|1700677048\n|-terastallize|p1b: \u7737\u604b\u4fa0|Fairy\n|-terastallize|p2b: Amoonguss|Water\n|move|p2b: Amoonguss|Rage Powder|p2b: Amoonguss\n|-singleturn|p2b: Amoonguss|move: Rage Powder\n|move|p1a: \u55b7\u706b\u4fa0|Eruption|p2a: Chi-Yu|[spread] p2a,p2b\n|-resisted|p2a: Chi-Yu\n|-resisted|p2b: Amoonguss\n|-damage|p2a: Chi-Yu|0 fnt\n|-damage|p2b: Amoonguss|47\/100\n|-enditem|p2b: Amoonguss|Sitrus Berry|[eat]\n|-heal|p2b: Amoonguss|72\/100|[from] item: Sitrus Berry\n|faint|p2a: Chi-Yu\n|move|p1b: \u7737\u604b\u4fa0|Moonblast|p2b: Amoonguss\n|-damage|p2b: Amoonguss|0 fnt\n|faint|p2b: Amoonguss\n|\n|-weather|SunnyDay|[upkeep]\n|upkeep\n|\n|t:|1700677064\n|switch|p2b: Roaring Moon|Roaring Moon, L50|100\/100\n|switch|p2a: Ogerpon|Ogerpon-Cornerstone, L50, F|100\/100\n|-activate|p2b: Roaring Moon|ability: Protosynthesis\n|-start|p2b: Roaring Moon|protosynthesisspe\n|turn|4\n|\n|t:|1700677071\n|move|p2a: Ogerpon|Spiky Shield|p2a: Ogerpon\n|-singleturn|p2a: Ogerpon|move: Protect\n|move|p2b: Roaring Moon|Protect|p2b: Roaring Moon\n|-singleturn|p2b: Roaring Moon|Protect\n|move|p1a: \u55b7\u706b\u4fa0|Eruption|p2b: Roaring Moon|[spread] \n|-activate|p2a: Ogerpon|move: Protect\n|-activate|p2b: Roaring Moon|move: Protect\n|move|p1b: \u7737\u604b\u4fa0|Dazzling Gleam|p2a: Ogerpon|[spread] \n|-activate|p2a: Ogerpon|move: Protect\n|-activate|p2b: Roaring Moon|move: Protect\n|\n|-weather|SunnyDay|[upkeep]\n|upkeep\n|turn|5\n|\n|t:|1700677078\n|move|p2a: Ogerpon|Spiky Shield||[still]\n|-fail|p2a: Ogerpon\n|move|p2b: Roaring Moon|Protect||[still]\n|-fail|p2b: Roaring Moon\n|move|p1a: \u55b7\u706b\u4fa0|Eruption|p2a: Ogerpon|[spread] p2a,p2b\n|-resisted|p2b: Roaring Moon\n|-damage|p2a: Ogerpon|4\/100\n|-damage|p2b: Roaring Moon|59\/100\n|move|p1b: \u7737\u604b\u4fa0|Dazzling Gleam|p2b: Roaring Moon|[spread] p2a,p2b\n|-supereffective|p2b: Roaring Moon\n|-damage|p2a: Ogerpon|0 fnt\n|-damage|p2b: Roaring Moon|0 fnt\n|faint|p2a: Ogerpon\n|faint|p2b: Roaring Moon\n|-end|p2b: Roaring Moon|Protosynthesis|[silent]\n|\n|win|leolc0926\n|raw|leolc0926's rating: 1446 &rarr; <strong>1467<\/strong><br \/>(+21 for winning)\n|raw|on1000's rating: 1458 &rarr; <strong>1437<\/strong><br \/>(-21 for losing)\n|l|\u2606on1000\n|c|\u2606leolc0926|gg\n","uploadtime":1700677093,"views":7,"p1id":"leolc0926","p2id":"on1000","formatid":"gen9vgc2023regulatione","rating":1437,"private":0,"password":""}