{"id":"gen9vgc2023regulatione-1997520398","p1":"kirbach","p2":"KimiTheWeeb","format":"[Gen 9] VGC 2023 Regulation E","log":"|j|\u2606kirbach\n|j|\u2606KimiTheWeeb\n|t:|1700819366\n|gametype|doubles\n|player|p1|kirbach|nurse|1214\n|player|p2|KimiTheWeeb|maid|1172\n|teamsize|p1|6\n|teamsize|p2|6\n|gen|9\n|tier|[Gen 9] VGC 2023 Regulation E\n|rated|\n|rule|Species Clause: Limit one of each Pok\u00e9mon\n|rule|Item Clause: Limit one of each item\n|clearpoke\n|poke|p1|Tyranitar, L50, F|\n|poke|p1|Sinistcha, L50|\n|poke|p1|Rillaboom, L50, F|\n|poke|p1|Arcanine-Hisui, L50, F|\n|poke|p1|Regidrago, L50|\n|poke|p1|Grimmsnarl, L50, M|\n|poke|p2|Kommo-o, L50, M|\n|poke|p2|Clefairy, L50, F|\n|poke|p2|Arcanine-Hisui, L50, F|\n|poke|p2|Rillaboom, L50, F|\n|poke|p2|Milotic, L50, M|\n|poke|p2|Flutter Mane, L50|\n|teampreview|4\n|inactive|Battle timer is ON: inactive players will automatically lose when time's up. (requested by kirbach)\n|\n|t:|1700819392\n|start\n|switch|p1a: Tyranitar|Tyranitar, L50, F|100\/100\n|switch|p1b: Sinistcha|Sinistcha, L50|100\/100\n|switch|p2a: Milotic|Milotic, L50, M|100\/100\n|switch|p2b: Clefairy|Clefairy, L50, F|100\/100\n|-weather|Sandstorm|[from] ability: Sand Stream|[of] p1a: Tyranitar\n|turn|1\n|\n|t:|1700819410\n|-terastallize|p2a: Milotic|Dragon\n|move|p1b: Sinistcha|Rage Powder|p1b: Sinistcha\n|-singleturn|p1b: Sinistcha|move: Rage Powder\n|move|p1a: Tyranitar|Dragon Dance|p1a: Tyranitar\n|-boost|p1a: Tyranitar|atk|1\n|-boost|p1a: Tyranitar|spe|1\n|move|p2a: Milotic|Scald|p1b: Sinistcha\n|-resisted|p1b: Sinistcha\n|-damage|p1b: Sinistcha|85\/100\n|move|p2b: Clefairy|Thunder Wave|p1b: Sinistcha\n|-status|p1b: Sinistcha|par\n|\n|-weather|Sandstorm|[upkeep]\n|-damage|p2a: Milotic|95\/100|[from] Sandstorm\n|-damage|p2b: Clefairy|94\/100|[from] Sandstorm\n|-damage|p1b: Sinistcha|79\/100 par|[from] Sandstorm\n|-heal|p1b: Sinistcha|85\/100 par|[from] item: Leftovers\n|upkeep\n|turn|2\n|\n|t:|1700819430\n|-terastallize|p1a: Tyranitar|Rock\n|cant|p1b: Sinistcha|par\n|move|p1a: Tyranitar|Rock Slide|p2b: Clefairy|[spread] p2a,p2b\n|-damage|p2a: Milotic|54\/100\n|-damage|p2b: Clefairy|41\/100\n|move|p2a: Milotic|Icy Wind|p1a: Tyranitar|[spread] p1a,p1b\n|-supereffective|p1b: Sinistcha\n|-damage|p1a: Tyranitar|93\/100\n|-damage|p1b: Sinistcha|63\/100 par\n|-unboost|p1b: Sinistcha|spe|1\n|cant|p2b: Clefairy|flinch\n|\n|-weather|Sandstorm|[upkeep]\n|-damage|p2a: Milotic|49\/100|[from] Sandstorm\n|-damage|p2b: Clefairy|35\/100|[from] Sandstorm\n|-damage|p1b: Sinistcha|57\/100 par|[from] Sandstorm\n|-enditem|p2a: Milotic|Sitrus Berry|[eat]\n|-heal|p2a: Milotic|73\/100|[from] item: Sitrus Berry\n|-heal|p1b: Sinistcha|63\/100 par|[from] item: Leftovers\n|upkeep\n|turn|3\n|\n|t:|1700819452\n|move|p1a: Tyranitar|Rock Slide|p2b: Clefairy|[spread] p2b\n|-miss|p1a: Tyranitar|p2a: Milotic\n|-crit|p2b: Clefairy\n|-damage|p2b: Clefairy|0 fnt\n|faint|p2b: Clefairy\n|move|p2a: Milotic|Scald|p1a: Tyranitar\n|-supereffective|p1a: Tyranitar\n|-damage|p1a: Tyranitar|52\/100\n|move|p1b: Sinistcha|Life Dew|p1b: Sinistcha|[spread] p1a,p1b\n|-heal|p1a: Tyranitar|77\/100\n|-heal|p1b: Sinistcha|89\/100 par\n|\n|-weather|Sandstorm|[upkeep]\n|-damage|p2a: Milotic|67\/100|[from] Sandstorm\n|-damage|p1b: Sinistcha|83\/100 par|[from] Sandstorm\n|-heal|p1b: Sinistcha|89\/100 par|[from] item: Leftovers\n|upkeep\n|l|\u2606kirbach\n|inactive|kirbach disconnected and has a minute to reconnect!\n|player|p1|\n|\n|t:|1700819469\n|switch|p2b: Arcanine|Arcanine-Hisui, L50, F|100\/100\n|-ability|p2b: Arcanine|Intimidate|boost\n|-fail|p1a: Tyranitar|unboost|[from] item: Clear Amulet|[of] p1a: Tyranitar\n|-unboost|p1b: Sinistcha|atk|1\n|turn|4\n|j|\u2606kirbach\n|inactive|kirbach reconnected and has 55 seconds left.\n|player|p1|kirbach|nurse\n|\n|t:|1700819482\n|move|p1b: Sinistcha|Rage Powder|p1b: Sinistcha\n|-singleturn|p1b: Sinistcha|move: Rage Powder\n|move|p1a: Tyranitar|Knock Off|p2a: Milotic\n|-damage|p2a: Milotic|21\/100\n|move|p2b: Arcanine|Flare Blitz|p1b: Sinistcha\n|-supereffective|p1b: Sinistcha\n|-damage|p1b: Sinistcha|0 fnt\n|faint|p1b: Sinistcha\n|-damage|p2b: Arcanine|71\/100|[from] Recoil\n|move|p2a: Milotic|Scald|p1a: Tyranitar\n|-supereffective|p1a: Tyranitar\n|-damage|p1a: Tyranitar|36\/100\n|\n|-weather|Sandstorm|[upkeep]\n|-damage|p2a: Milotic|15\/100|[from] Sandstorm\n|upkeep\n|\n|t:|1700819493\n|switch|p1b: Rillaboom|Rillaboom, L50, F|100\/100\n|-fieldstart|move: Grassy Terrain|[from] ability: Grassy Surge|[of] p1b: Rillaboom\n|turn|5\n|\n|t:|1700819504\n|move|p2a: Milotic|Protect|p2a: Milotic\n|-singleturn|p2a: Milotic|Protect\n|move|p1a: Tyranitar|Knock Off|p2a: Milotic\n|-activate|p2a: Milotic|move: Protect\n|move|p1b: Rillaboom|High Horsepower|p2b: Arcanine|[miss]\n|-miss|p1b: Rillaboom|p2b: Arcanine\n|move|p2b: Arcanine|Flare Blitz|p1a: Tyranitar\n|-resisted|p1a: Tyranitar\n|-damage|p1a: Tyranitar|0 fnt\n|faint|p1a: Tyranitar\n|-damage|p2b: Arcanine|60\/100|[from] Recoil\n|\n|-weather|none\n|-heal|p2b: Arcanine|66\/100|[from] Grassy Terrain\n|-heal|p2a: Milotic|21\/100|[from] Grassy Terrain\n|upkeep\n|\n|t:|1700819510\n|switch|p1a: Arcanine|Arcanine-Hisui, L50, F|100\/100\n|-ability|p1a: Arcanine|Intimidate|boost\n|-unboost|p2a: Milotic|atk|1\n|-ability|p2a: Milotic|Competitive|boost\n|-boost|p2a: Milotic|spa|2\n|-unboost|p2b: Arcanine|atk|1\n|turn|6\n|\n|t:|1700819528\n|switch|p2b: Rillaboom|Rillaboom, L50, F|100\/100\n|move|p1b: Rillaboom|High Horsepower|p2b: Rillaboom\n|-resisted|p2b: Rillaboom\n|-damage|p2b: Rillaboom|86\/100\n|move|p1a: Arcanine|Howl|p1a: Arcanine|[spread] p1a,p1b\n|-boost|p1a: Arcanine|atk|1\n|-boost|p1b: Rillaboom|atk|1\n|move|p2a: Milotic|Recover|p2a: Milotic\n|-heal|p2a: Milotic|71\/100\n|\n|-heal|p2b: Rillaboom|92\/100|[from] Grassy Terrain\n|-heal|p2a: Milotic|77\/100|[from] Grassy Terrain\n|upkeep\n|turn|7\n|l|\u2606kirbach\n|inactive|kirbach disconnected and has a minute to reconnect!\n|player|p1|\n|j|\u2606kirbach\n|inactive|kirbach reconnected and has 35 seconds left.\n|player|p1|kirbach|nurse\n|inactive|kirbach has 30 seconds left.\n|\n|t:|1700819556\n|move|p2b: Rillaboom|Fake Out|p1a: Arcanine\n|-resisted|p1a: Arcanine\n|-damage|p1a: Arcanine|92\/100\n|move|p1b: Rillaboom|Grassy Glide|p2a: Milotic\n|-resisted|p2a: Milotic\n|-damage|p2a: Milotic|54\/100\n|cant|p1a: Arcanine|flinch\n|move|p2a: Milotic|Icy Wind|p1a: Arcanine|[spread] p1a,p1b\n|-resisted|p1a: Arcanine\n|-supereffective|p1b: Rillaboom\n|-damage|p1a: Arcanine|81\/100\n|-damage|p1b: Rillaboom|62\/100\n|-unboost|p1a: Arcanine|spe|1\n|-unboost|p1b: Rillaboom|spe|1\n|\n|-heal|p2b: Rillaboom|98\/100|[from] Grassy Terrain\n|-heal|p2a: Milotic|60\/100|[from] Grassy Terrain\n|-heal|p1b: Rillaboom|67\/100|[from] Grassy Terrain\n|-heal|p1a: Arcanine|87\/100|[from] Grassy Terrain\n|upkeep\n|turn|8\n|\n|t:|1700819578\n|move|p2b: Rillaboom|Knock Off|p1b: Rillaboom\n|-damage|p1b: Rillaboom|31\/100\n|-enditem|p1b: Rillaboom|Assault Vest|[from] move: Knock Off|[of] p2b: Rillaboom\n|move|p2a: Milotic|Scald|p1a: Arcanine\n|-supereffective|p1a: Arcanine\n|-damage|p1a: Arcanine|0 fnt\n|faint|p1a: Arcanine\n|move|p1b: Rillaboom|U-turn|p2b: Rillaboom\n|-supereffective|p2b: Rillaboom\n|-damage|p2b: Rillaboom|23\/100\n|\n|-heal|p2b: Rillaboom|29\/100|[from] Grassy Terrain\n|-heal|p2a: Milotic|66\/100|[from] Grassy Terrain\n|-heal|p1b: Rillaboom|37\/100|[from] Grassy Terrain\n|upkeep\n|turn|9\n|-message|kirbach forfeited.\n|\n|win|KimiTheWeeb\n|raw|kirbach's rating: 1214 &rarr; <strong>1186<\/strong><br \/>(-28 for losing)\n|raw|KimiTheWeeb's rating: 1172 &rarr; <strong>1200<\/strong><br \/>(+28 for winning)\n|l|\u2606kirbach\n","uploadtime":1700819601,"views":19,"p1id":"kirbach","p2id":"kimitheweeb","formatid":"gen9vgc2023regulatione","rating":1186,"private":0,"password":""}