{"id":"gen9vgc2023regulatione-1988412844","p1":"Plasma pap","p2":"unluckyalba","format":"[Gen 9] VGC 2023 Regulation E","log":"|j|\u2606Plasma pap\n|j|\u2606unluckyalba\n|n|\u2606Plasma pap|plasmapap\n|n|\u2606unluckyalba|unluckyalba\n|html|View the match progress at <a href=\"\/game-bestof3-gen9vgc2023regulatione-1988408973\">game-bestof3-gen9vgc2023regulatione-1988408973<\/a>\n|t:|1699720180\n|gametype|doubles\n|player|p1|Plasma pap|lance|\n|player|p2|unluckyalba|170|\n|teamsize|p1|6\n|teamsize|p2|6\n|gen|9\n|tier|[Gen 9] VGC 2023 Regulation E\n|rule|Species Clause: Limit one of each Pok\u00e9mon\n|rule|Item Clause: Limit one of each item\n|clearpoke\n|poke|p1|Iron Hands, L50|\n|poke|p1|Landorus-Therian, L50, M|\n|poke|p1|Amoonguss, L50, M|\n|poke|p1|Heatran, L50, F|\n|poke|p1|Roaring Moon, L50|\n|poke|p1|Flutter Mane, L50|\n|poke|p2|Grimmsnarl, L50, M|\n|poke|p2|Volcarona, L50, F|\n|poke|p2|Iron Hands, L50|\n|poke|p2|Ogerpon-Wellspring, L50, F|\n|poke|p2|Landorus-Therian, L50, M|\n|poke|p2|Dragapult, L50, M|\n|teampreview|4\nPlasma pap has agreed to open team sheets.\nunluckyalba has agreed to open team sheets.\n|showteam|p1|Iron Hands||AssaultVest|QuarkDrive|DrainPunch,WildCharge,VoltSwitch,FakeOut||||||50|,,,,,Water]Landorus-Therian||ChoiceScarf|Intimidate|StompingTantrum,RockSlide,Uturn,TeraBlast|||M|||50|,,,,,Flying]Amoonguss||RockyHelmet|Regenerator|PollenPuff,Spore,RagePowder,Protect|||M|||50|,,,,,Water]Heatran||Leftovers|FlashFire|MagmaStorm,Substitute,EarthPower,Protect|||F|||50|,,,,,Fairy]Roaring Moon||BoosterEnergy|Protosynthesis|Acrobatics,KnockOff,DragonDance,Protect||||||50|,,,,,Flying]Flutter Mane||ChoiceSpecs|Protosynthesis|ShadowBall,DazzlingGleam,Moonblast,PerishSong||||||50|,,,,,Fairy\n|showteam|p2|Grimmsnarl||LightClay|Prankster|Reflect,LightScreen,PartingShot,SpiritBreak|||M|||50|,,,,,Ghost]Volcarona||Leftovers|FlameBody|QuiverDance,HeatWave,BugBuzz,Protect|||F|||50|,,,,,Dragon]Iron Hands||AssaultVest|QuarkDrive|DrainPunch,WildCharge,HeavySlam,FakeOut||||||50|,,,,,Grass]Ogerpon-Wellspring||WellspringMask|WaterAbsorb|IvyCudgel,HornLeech,FollowMe,SpikyShield|||F|||50|,,,,,Water]Landorus-Therian||ChoiceScarf|Intimidate|TeraBlast,RockSlide,StompingTantrum,Uturn|||M|||50|,,,,,Flying]Dragapult||ChoiceBand|ClearBody|DragonDarts,TeraBlast,Uturn,SuckerPunch|||M|||50|,,,,,Ghost\n|\n|t:|1699720223\n|start\n|switch|p1a: Amoonguss|Amoonguss, L50, M|100\/100\n|switch|p1b: Landorus|Landorus-Therian, L50, M|100\/100\n|switch|p2a: Grimmsnarl|Grimmsnarl, L50, M|100\/100\n|switch|p2b: Ogerpon|Ogerpon-Wellspring, L50, F|100\/100\n|-ability|p1b: Landorus|Intimidate|boost\n|-unboost|p2a: Grimmsnarl|atk|1\n|-unboost|p2b: Ogerpon|atk|1\n|turn|1\n|\n|t:|1699720246\n|move|p2a: Grimmsnarl|Reflect|p2a: Grimmsnarl\n|-sidestart|p2: unluckyalba|Reflect\n|move|p1b: Landorus|U-turn|p2b: Ogerpon\n|-supereffective|p2b: Ogerpon\n|-damage|p2b: Ogerpon|64\/100\n|\n|t:|1699720253\n|switch|p1b: Roaring Moon|Roaring Moon, L50, shiny|100\/100|[from] U-turn\n|-enditem|p1b: Roaring Moon|Booster Energy\n|-activate|p1b: Roaring Moon|ability: Protosynthesis|[fromitem]\n|-start|p1b: Roaring Moon|protosynthesisatk\n|move|p2b: Ogerpon|Ivy Cudgel|p1b: Roaring Moon\n|-resisted|p1b: Roaring Moon\n|-damage|p1b: Roaring Moon|78\/100\n|move|p1a: Amoonguss|Spore|p2a: Grimmsnarl\n|-status|p2a: Grimmsnarl|slp|[from] move: Spore\n|\n|upkeep\n|turn|2\n|\n|t:|1699720275\n|switch|p2a: Landorus|Landorus-Therian, L50, M|100\/100\n|-ability|p2a: Landorus|Intimidate|boost\n|-unboost|p1a: Amoonguss|atk|1\n|-unboost|p1b: Roaring Moon|atk|1\n|move|p2b: Ogerpon|Spiky Shield|p2b: Ogerpon\n|-singleturn|p2b: Ogerpon|move: Protect\n|move|p1b: Roaring Moon|Dragon Dance|p1b: Roaring Moon\n|-boost|p1b: Roaring Moon|atk|1\n|-boost|p1b: Roaring Moon|spe|1\n|move|p1a: Amoonguss|Pollen Puff|p1b: Roaring Moon\n|-heal|p1b: Roaring Moon|100\/100\n|\n|upkeep\n|turn|3\n|\n|t:|1699720294\n|switch|p1a: Landorus|Landorus-Therian, L50, M|100\/100\n|-ability|p1a: Landorus|Intimidate|boost\n|-unboost|p2a: Landorus|atk|1\n|-unboost|p2b: Ogerpon|atk|1\n|-terastallize|p1b: Roaring Moon|Flying\n|-terastallize|p2a: Landorus|Flying\n|move|p1b: Roaring Moon|Acrobatics|p2b: Ogerpon\n|-supereffective|p2b: Ogerpon\n|-damage|p2b: Ogerpon|0 fnt\n|faint|p2b: Ogerpon\n|move|p2a: Landorus|Tera Blast|p1a: Landorus|[anim] Tera Blast Flying\n|-damage|p1a: Landorus|56\/100\n|\n|upkeep\n|\n|t:|1699720308\n|switch|p2b: Grimmsnarl|Grimmsnarl, L50, M|100\/100 slp\n|turn|4\n|\n|t:|1699720321\n|cant|p2b: Grimmsnarl|slp\n|move|p1b: Roaring Moon|Acrobatics|p2b: Grimmsnarl\n|-damage|p2b: Grimmsnarl|51\/100 slp\n|move|p2a: Landorus|Tera Blast|p1a: Landorus|[anim] Tera Blast Flying\n|-damage|p1a: Landorus|11\/100\n|move|p1a: Landorus|U-turn|p2b: Grimmsnarl\n|-damage|p2b: Grimmsnarl|34\/100 slp\n|\n|t:|1699720326\n|switch|p1a: Amoonguss|Amoonguss, L50, M|100\/100|[from] U-turn\n|\n|upkeep\n|turn|5\n|\n|t:|1699720337\n|move|p1a: Amoonguss|Rage Powder|p1a: Amoonguss\n|-singleturn|p1a: Amoonguss|move: Rage Powder\n|cant|p2b: Grimmsnarl|slp\n|move|p1b: Roaring Moon|Acrobatics|p2b: Grimmsnarl\n|-damage|p2b: Grimmsnarl|0 fnt\n|faint|p2b: Grimmsnarl\n|move|p2a: Landorus|Tera Blast|p1a: Amoonguss|[anim] Tera Blast Flying\n|-supereffective|p1a: Amoonguss\n|-damage|p1a: Amoonguss|42\/100\n|\n|upkeep\n|\n|t:|1699720345\n|switch|p2b: Volcarona|Volcarona, L50, F|100\/100\n|turn|6\n|\n|t:|1699720352\n|switch|p1a: Landorus|Landorus-Therian, L50, M|11\/100\n|-ability|p1a: Landorus|Intimidate|boost\n|-unboost|p2a: Landorus|atk|1\n|-unboost|p2b: Volcarona|atk|1\n|move|p1b: Roaring Moon|Acrobatics|p2b: Volcarona\n|-supereffective|p2b: Volcarona\n|-damage|p2b: Volcarona|0 fnt\n|faint|p2b: Volcarona\n|move|p2a: Landorus|Tera Blast|p1a: Landorus|[anim] Tera Blast Flying\n|-damage|p1a: Landorus|0 fnt\n|faint|p1a: Landorus\n|\n|upkeep\n|\n|t:|1699720359\n|switch|p1a: Amoonguss|Amoonguss, L50, M|75\/100\n|turn|7\n|-message|unluckyalba forfeited.\n|\n|win|Plasma pap\n|l|\u2606unluckyalba\n|c|\u2606Plasma pap|gg\n","uploadtime":1699720839,"views":14,"p1id":"plasmapap","p2id":"unluckyalba","formatid":"gen9vgc2023regulatione","rating":0,"private":0,"password":""}