{"id":"gen9vgc2023regulatione-1989468070","p1":"Jayruws","p2":"SomkeyNoodles","format":"[Gen 9] VGC 2023 Regulation E","log":"|j|\u2606Jayruws\n|j|\u2606SomkeyNoodles\n|t:|1699855237\n|gametype|doubles\n|player|p1|Jayruws|elesa|1078\n|player|p2|SomkeyNoodles|101|1085\n|teamsize|p1|6\n|teamsize|p2|6\n|gen|9\n|tier|[Gen 9] VGC 2023 Regulation E\n|rated|\n|rule|Species Clause: Limit one of each Pok\u00e9mon\n|rule|Item Clause: Limit one of each item\n|clearpoke\n|poke|p1|Weezing-Galar, L50, F|\n|poke|p1|Slaking, L50, M|\n|poke|p1|Tornadus, L50, M|\n|poke|p1|Urshifu-*, L50, F|\n|poke|p1|Kommo-o, L50, M|\n|poke|p1|Sinistcha, L50|\n|poke|p2|Cinderace, L50, F|\n|poke|p2|Tornadus, L50, M|\n|poke|p2|Dipplin, L50, M|\n|poke|p2|Barraskewda, L50, M|\n|poke|p2|Indeedee-F, L50, F|\n|poke|p2|Salamence, L50, M|\n|teampreview|4\n|inactive|Battle timer is ON: inactive players will automatically lose when time's up. (requested by Jayruws)\n|\n|t:|1699855291\n|start\n|switch|p1a: Urshifu|Urshifu-Rapid-Strike, L50, F|100\/100\n|switch|p1b: Tornadus|Tornadus, L50, M|100\/100\n|switch|p2a: Salamence|Salamence, L50, M|100\/100\n|switch|p2b: Barraskewda|Barraskewda, L50, M|100\/100\n|-ability|p2a: Salamence|Intimidate|boost\n|-unboost|p1a: Urshifu|atk|1\n|-unboost|p1b: Tornadus|atk|1\n|turn|1\n|inactive|SomkeyNoodles has 30 seconds left.\n|\n|t:|1699855321\n|switch|p2b: Dipplin|Dipplin, L50, M|100\/100\n|-ability|p2b: Dipplin|Supersweet Syrup\n|-ability|p2b: Dipplin|Supersweet Syrup|boost\n|-unboost|p1a: Urshifu|evasion|1\n|-unboost|p1b: Tornadus|evasion|1\n|move|p1b: Tornadus|Tailwind|p1b: Tornadus\n|-sidestart|p1: Jayruws|move: Tailwind\n|move|p1a: Urshifu|Close Combat|p2b: Dipplin\n|-damage|p2b: Dipplin|76\/100\n|-unboost|p1a: Urshifu|def|1\n|-unboost|p1a: Urshifu|spd|1\n|move|p2a: Salamence|Focus Energy|p2a: Salamence\n|-start|p2a: Salamence|move: Focus Energy\n|\n|upkeep\n|turn|2\n|inactive|SomkeyNoodles has 30 seconds left.\n|inactive|SomkeyNoodles has 20 seconds left.\n|inactive|SomkeyNoodles has 15 seconds left.\n|inactive|SomkeyNoodles has 10 seconds left.\n|\n|t:|1699855368\n|switch|p1a: Sinistcha|Sinistcha, L50|100\/100\n|move|p1b: Tornadus|Bleakwind Storm|p2a: Salamence|[spread] p2a,p2b\n|-crit|p2a: Salamence\n|-supereffective|p2b: Dipplin\n|-damage|p2a: Salamence|45\/100\n|-damage|p2b: Dipplin|41\/100\n|-unboost|p2b: Dipplin|spe|1\n|move|p2a: Salamence|Fire Blast|p1a: Sinistcha\n|-supereffective|p1a: Sinistcha\n|-crit|p1a: Sinistcha\n|-damage|p1a: Sinistcha|0 fnt\n|faint|p1a: Sinistcha\n|move|p2b: Dipplin|Syrup Bomb|p1b: Tornadus\n|-resisted|p1b: Tornadus\n|-damage|p1b: Tornadus|92\/100\n|-start|p1b: Tornadus|Syrup Bomb\n|\n|-unboost|p1b: Tornadus|spe|1\n|upkeep\n|\n|t:|1699855377\n|switch|p1a: Kommo-o|Kommo-o, L50, M|100\/100\n|turn|3\n|\n|t:|1699855397\n|-terastallize|p1a: Kommo-o|Dragon\n|-terastallize|p2b: Dipplin|Fairy\n|move|p2a: Salamence|Protect|p2a: Salamence\n|-singleturn|p2a: Salamence|Protect\n|move|p1a: Kommo-o|Clanging Scales|p2a: Salamence|[spread] \n|-activate|p2a: Salamence|move: Protect\n|-immune|p2b: Dipplin\n|move|p1b: Tornadus|Bleakwind Storm|p2a: Salamence|[spread] p2b\n|-activate|p2a: Salamence|move: Protect\n|-damage|p2b: Dipplin|23\/100\n|-unboost|p2b: Dipplin|spe|1\n|move|p2b: Dipplin|Dragon Tail|p1a: Kommo-o\n|-supereffective|p1a: Kommo-o\n|-damage|p1a: Kommo-o|64\/100\n|drag|p1a: Urshifu|Urshifu-Rapid-Strike, L50, F|100\/100\n|\n|-unboost|p1b: Tornadus|spe|1\n|upkeep\n|turn|4\n|inactive|SomkeyNoodles has 30 seconds left.\n|\n|t:|1699855428\n|move|p1a: Urshifu|Surging Strikes|p2b: Dipplin\n|-crit|p2b: Dipplin\n|-damage|p2b: Dipplin|9\/100\n|-crit|p2b: Dipplin\n|-damage|p2b: Dipplin|0 fnt\n|faint|p2b: Dipplin\n|-hitcount|p2: Dipplin|2\n|move|p2a: Salamence|Fire Blast|p1b: Tornadus\n|-crit|p1b: Tornadus\n|-damage|p1b: Tornadus|47\/100\n|move|p1b: Tornadus|Bleakwind Storm|p2a: Salamence\n|-damage|p2a: Salamence|0 fnt\n|faint|p2a: Salamence\n|\n|-unboost|p1b: Tornadus|spe|1\n|-sideend|p1: Jayruws|move: Tailwind\n|upkeep\n|\n|t:|1699855432\n|switch|p2a: Cinderace|Cinderace, L50, F|100\/100\n|switch|p2b: Barraskewda|Barraskewda, L50, M|100\/100\n|turn|5\n|\n|t:|1699855455\n|move|p2a: Cinderace|Sucker Punch|p1a: Urshifu\n|-start|p2a: Cinderace|typechange|Dark|[from] ability: Libero\n|-resisted|p1a: Urshifu\n|-damage|p1a: Urshifu|78\/100\n|-damage|p2a: Cinderace|91\/100|[from] item: Life Orb\n|move|p1b: Tornadus|Tailwind|p1b: Tornadus\n|-sidestart|p1: Jayruws|move: Tailwind\n|move|p1a: Urshifu|Surging Strikes|p2a: Cinderace\n|-crit|p2a: Cinderace\n|-damage|p2a: Cinderace|56\/100\n|-crit|p2a: Cinderace\n|-damage|p2a: Cinderace|21\/100\n|-crit|p2a: Cinderace\n|-damage|p2a: Cinderace|0 fnt\n|faint|p2a: Cinderace\n|-hitcount|p2: Cinderace|3\n|move|p2b: Barraskewda|Close Combat|p1a: Urshifu\n|-damage|p1a: Urshifu|14\/100\n|-unboost|p2b: Barraskewda|def|1\n|-unboost|p2b: Barraskewda|spd|1\n|\n|-end|p1b: Tornadus|Syrup Bomb|[silent]\n|upkeep\n|turn|6\n|-message|SomkeyNoodles forfeited.\n|\n|win|Jayruws\n|raw|Jayruws's rating: 1078 &rarr; <strong>1107<\/strong><br \/>(+29 for winning)\n|raw|SomkeyNoodles's rating: 1085 &rarr; <strong>1062<\/strong><br \/>(-23 for losing)\n|l|\u2606SomkeyNoodles\n","uploadtime":1699855503,"views":11,"p1id":"jayruws","p2id":"somkeynoodles","formatid":"gen9vgc2023regulatione","rating":1062,"private":0,"password":""}