{"id":"gen9vgc2023regulatione-1988032860","p1":"Jop 26 in a row","p2":"cyclo195","format":"[Gen 9] VGC 2023 Regulation E","log":"|j|\u2606Jop 26 in a row\n|j|\u2606cyclo195\n|t:|1699661414\n|gametype|doubles\n|player|p1|Jop 26 in a row|lillie|1048\n|player|p2|cyclo195|2|1000\n|teamsize|p1|6\n|teamsize|p2|6\n|gen|9\n|tier|[Gen 9] VGC 2023 Regulation E\n|rated|\n|rule|Species Clause: Limit one of each Pok\u00e9mon\n|rule|Item Clause: Limit one of each item\n|clearpoke\n|poke|p1|Sneasler, L50, M|\n|poke|p1|Indeedee-F, L50, F|\n|poke|p1|Armarouge, L50, M|\n|poke|p1|Urshifu-*, L50, F|\n|poke|p1|Chien-Pao, L50|\n|poke|p1|Tornadus, L50, M|\n|poke|p2|Trevenant, L50, M|\n|poke|p2|Gothitelle, L50, M|\n|poke|p2|Murkrow, L50, M|\n|poke|p2|Grimmsnarl, L50, M|\n|poke|p2|Golduck, L50, M|\n|poke|p2|Rillaboom, L50, F|\n|teampreview|4\n|inactive|Battle timer is ON: inactive players will automatically lose when time's up. (requested by cyclo195)\n|\n|t:|1699661439\n|start\n|switch|p1a: Tornadus|Tornadus, L50, M|100\/100\n|switch|p1b: Chien-Pao|Chien-Pao, L50|100\/100\n|switch|p2a: Murkrow|Murkrow, L50, M|100\/100\n|switch|p2b: Golduck|Golduck, L50, M|100\/100\n|-ability|p1b: Chien-Pao|Sword of Ruin\n|turn|1\n|\n|t:|1699661464\n|switch|p2b: Gothitelle|Gothitelle, L50, M|100\/100\n|move|p1a: Tornadus|Tailwind|p1a: Tornadus\n|-sidestart|p1: Jop 26 in a row|move: Tailwind\n|move|p2a: Murkrow|Perish Song|p2a: Murkrow\n|-start|p1a: Tornadus|perish3|[silent]\n|-start|p1b: Chien-Pao|perish3|[silent]\n|-start|p2a: Murkrow|perish3|[silent]\n|-start|p2b: Gothitelle|perish3|[silent]\n|-fieldactivate|move: Perish Song\n|move|p1b: Chien-Pao|Icicle Crash|p2a: Murkrow\n|-supereffective|p2a: Murkrow\n|-damage|p2a: Murkrow|0 fnt\n|faint|p2a: Murkrow\n|-damage|p1b: Chien-Pao|91\/100|[from] item: Life Orb\n|\n|-start|p1b: Chien-Pao|perish3\n|-start|p1a: Tornadus|perish3\n|-start|p2b: Gothitelle|perish3\n|upkeep\n|\n|t:|1699661485\n|switch|p2a: Trevenant|Trevenant, L50, M, shiny|100\/100\n|turn|2\n|\n|t:|1699661500\n|-terastallize|p2a: Trevenant|Water\n|move|p1b: Chien-Pao|Protect|p1b: Chien-Pao\n|-singleturn|p1b: Chien-Pao|Protect\n|move|p2b: Gothitelle|Fake Out|p1b: Chien-Pao\n|-activate|p1b: Chien-Pao|move: Protect\n|move|p1a: Tornadus|Bleakwind Storm|p2a: Trevenant|[spread] p2a,p2b\n|-damage|p2a: Trevenant|62\/100\n|-damage|p2b: Gothitelle|68\/100\n|move|p2a: Trevenant|Substitute|p2a: Trevenant\n|-start|p2a: Trevenant|Substitute\n|-damage|p2a: Trevenant|37\/100\n|-enditem|p2a: Trevenant|Sitrus Berry|[eat]\n|-heal|p2a: Trevenant|62\/100|[from] item: Sitrus Berry\n|\n|-start|p1b: Chien-Pao|perish2\n|-start|p1a: Tornadus|perish2\n|-start|p2b: Gothitelle|perish2\n|upkeep\n|turn|3\n|inactive|cyclo195 has 30 seconds left.\n|\n|t:|1699661531\n|move|p2b: Gothitelle|Protect|p2b: Gothitelle\n|-singleturn|p2b: Gothitelle|Protect\n|move|p1b: Chien-Pao|Crunch|p2a: Trevenant\n|-end|p2a: Trevenant|Substitute\n|-damage|p1b: Chien-Pao|81\/100|[from] item: Life Orb\n|move|p1a: Tornadus|Bleakwind Storm|p2b: Gothitelle|[spread] p2a\n|-activate|p2b: Gothitelle|move: Protect\n|-damage|p2a: Trevenant|23\/100\n|move|p2a: Trevenant|Leech Seed|p1a: Tornadus\n|-start|p1a: Tornadus|move: Leech Seed\n|\n|-damage|p1a: Tornadus|88\/100|[from] Leech Seed|[of] p2a: Trevenant\n|-heal|p2a: Trevenant|33\/100|[silent]\n|-start|p1b: Chien-Pao|perish1\n|-start|p1a: Tornadus|perish1\n|-start|p2b: Gothitelle|perish1\n|-item|p2a: Trevenant|Sitrus Berry|[from] ability: Harvest\n|upkeep\n|-enditem|p2a: Trevenant|Sitrus Berry|[eat]\n|-heal|p2a: Trevenant|58\/100|[from] item: Sitrus Berry\n|turn|4\n|inactive|cyclo195 has 30 seconds left.\n|inactive|cyclo195 has 20 seconds left.\n|\n|t:|1699661569\n|switch|p2b: Golduck|Golduck, L50, M|100\/100\n|move|p1b: Chien-Pao|Crunch|p2b: Golduck\n|-damage|p2b: Golduck|23\/100\n|-damage|p1b: Chien-Pao|65\/100|[from] item: Rocky Helmet|[of] p2b: Golduck\n|-damage|p1b: Chien-Pao|55\/100|[from] item: Life Orb\n|move|p1a: Tornadus|Bleakwind Storm|p2a: Trevenant|[spread] p2a,p2b\n|-damage|p2a: Trevenant|15\/100\n|-damage|p2b: Golduck|0 fnt\n|faint|p2b: Golduck\n|move|p2a: Trevenant|Substitute|p2a: Trevenant\n|-fail|p2a: Trevenant|move: Substitute|[weak]\n|\n|-damage|p1a: Tornadus|76\/100|[from] Leech Seed|[of] p2a: Trevenant\n|-heal|p2a: Trevenant|25\/100|[silent]\n|-start|p1b: Chien-Pao|perish0\n|-start|p1a: Tornadus|perish0\n|-sideend|p1: Jop 26 in a row|move: Tailwind\n|-item|p2a: Trevenant|Sitrus Berry|[from] ability: Harvest\n|faint|p1b: Chien-Pao\n|faint|p1a: Tornadus\n|upkeep\n|-enditem|p2a: Trevenant|Sitrus Berry|[eat]\n|-heal|p2a: Trevenant|50\/100|[from] item: Sitrus Berry\n|\n|t:|1699661587\n|switch|p1b: Sneasler|Sneasler, L50, M|100\/100\n|switch|p1a: Indeedee|Indeedee-F, L50, F|100\/100\n|switch|p2b: Gothitelle|Gothitelle, L50, M|68\/100\n|-fieldstart|move: Psychic Terrain|[from] ability: Psychic Surge|[of] p1a: Indeedee\n|-enditem|p1b: Sneasler|Psychic Seed\n|-boost|p1b: Sneasler|spd|1|[from] item: Psychic Seed\n|turn|5\n|inactive|cyclo195 has 30 seconds left.\n|\n|t:|1699661620\n|-terastallize|p1b: Sneasler|Rock\n|move|p1a: Indeedee|Helping Hand|p1b: Sneasler\n|-singleturn|p1b: Sneasler|Helping Hand|[of] p1a: Indeedee\n|move|p1b: Sneasler|Close Combat|p2a: Trevenant\n|-damage|p2a: Trevenant|0 fnt\n|-unboost|p1b: Sneasler|def|1\n|-unboost|p1b: Sneasler|spd|1\n|faint|p2a: Trevenant\n|move|p2b: Gothitelle|Psychic|p1a: Indeedee\n|-resisted|p1a: Indeedee\n|-damage|p1a: Indeedee|83\/100\n|\n|upkeep\n|turn|6\n|-message|cyclo195 forfeited.\n|\n|win|Jop 26 in a row\n|raw|Jop 26 in a row's rating: 1048 &rarr; <strong>1076<\/strong><br \/>(+28 for winning)\n|raw|cyclo195's rating: 1000 &rarr; <strong>1000<\/strong><br \/>(+0 for losing)\n","uploadtime":1699661638,"views":13,"p1id":"jop26inarow","p2id":"cyclo195","formatid":"gen9vgc2023regulatione","rating":1000,"private":0,"password":""}