{"id":"gen9vgc2023regulatione-1995433954","p1":"mattmanectric","p2":"Shinoz","format":"[Gen 9] VGC 2023 Regulation E","log":"|j|\u2606mattmanectric\n|j|\u2606Shinoz\n|t:|1700570263\n|gametype|doubles\n|player|p1|mattmanectric|guitarist|1463\n|player|p2|Shinoz|170|1368\n|teamsize|p1|6\n|teamsize|p2|6\n|gen|9\n|tier|[Gen 9] VGC 2023 Regulation E\n|rated|\n|rule|Species Clause: Limit one of each Pok\u00e9mon\n|rule|Item Clause: Limit one of each item\n|clearpoke\n|poke|p1|Flutter Mane, L50|\n|poke|p1|Chi-Yu, L50|\n|poke|p1|Ogerpon-Cornerstone, L50, F|\n|poke|p1|Ursaluna-Bloodmoon, L50, M|\n|poke|p1|Farigiraf, L50, M|\n|poke|p1|Shiftry, L50, M|\n|poke|p2|Iron Bundle, L50|\n|poke|p2|Landorus-Therian, L50, M|\n|poke|p2|Rillaboom, L50, M|\n|poke|p2|Urshifu-*, L50, M|\n|poke|p2|Heatran, L50, M|\n|poke|p2|Iron Hands, L50|\n|teampreview|4\n|inactive|Battle timer is ON: inactive players will automatically lose when time's up. (requested by Shinoz)\n|inactive|mattmanectric has 60 seconds left.\n|\n|t:|1700570329\n|start\n|switch|p1a: Shiftry|Shiftry, L50, M|100\/100\n|switch|p1b: Chi-Yu|Chi-Yu, L50|100\/100\n|switch|p2a: Urshifu|Urshifu, L50, M|100\/100\n|switch|p2b: Iron Hands|Iron Hands, L50, shiny|100\/100\n|-ability|p1b: Chi-Yu|Beads of Ruin\n|turn|1\n|inactive|Shinoz has 30 seconds left.\n|\n|t:|1700570356\n|switch|p1b: Flutter Mane|Flutter Mane, L50|100\/100\n|-enditem|p1b: Flutter Mane|Booster Energy\n|-activate|p1b: Flutter Mane|ability: Protosynthesis|[fromitem]\n|-start|p1b: Flutter Mane|protosynthesisspe\n|move|p1a: Shiftry|Fake Out|p2a: Urshifu\n|-damage|p2a: Urshifu|87\/100\n|cant|p2a: Urshifu|flinch\n|move|p2b: Iron Hands|Drain Punch|p1a: Shiftry\n|-supereffective|p1a: Shiftry\n|-enditem|p1a: Shiftry|Focus Sash\n|-damage|p1a: Shiftry|1\/100\n|\n|upkeep\n|turn|2\n|inactive|Shinoz has 30 seconds left.\n|\n|t:|1700570382\n|-end|p2b: Iron Hands|Quark Drive|[silent]\n|switch|p2b: Heatran|Heatran, L50, M, shiny|100\/100\n|-terastallize|p2a: Urshifu|Dark\n|move|p2a: Urshifu|Sucker Punch|p1b: Flutter Mane\n|-damage|p1b: Flutter Mane|16\/100\n|move|p1b: Flutter Mane|Moonblast|p2b: Heatran\n|-resisted|p2b: Heatran\n|-damage|p2b: Heatran|90\/100\n|move|p1a: Shiftry|Tailwind|p1a: Shiftry\n|-sidestart|p1: mattmanectric|move: Tailwind\n|-ability|p1a: Shiftry|Wind Rider|boost\n|-boost|p1a: Shiftry|atk|1\n|\n|-heal|p2b: Heatran|96\/100|[from] item: Leftovers\n|upkeep\n|turn|3\n|\n|t:|1700570407\n|move|p2a: Urshifu|Detect|p2a: Urshifu\n|-singleturn|p2a: Urshifu|Protect\n|move|p1b: Flutter Mane|Moonblast|p2a: Urshifu\n|-activate|p2a: Urshifu|move: Protect\n|move|p1a: Shiftry|Leaf Blade|p2a: Urshifu\n|-activate|p2a: Urshifu|move: Protect\n|move|p2b: Heatran|Magma Storm|p1b: Flutter Mane\n|-damage|p1b: Flutter Mane|0 fnt\n|faint|p1b: Flutter Mane\n|-end|p1b: Flutter Mane|Protosynthesis|[silent]\n|\n|-heal|p2b: Heatran|100\/100|[from] item: Leftovers\n|upkeep\n|\n|t:|1700570412\n|switch|p1b: Ogerpon|Ogerpon-Cornerstone, L50, F|100\/100\n|turn|4\n|\n|t:|1700570430\n|switch|p1a: Chi-Yu|Chi-Yu, L50|100\/100\n|-ability|p1a: Chi-Yu|Beads of Ruin\n|move|p1b: Ogerpon|Stomping Tantrum|p2b: Heatran\n|-supereffective|p2b: Heatran\n|-damage|p2b: Heatran|0 fnt\n|faint|p2b: Heatran\n|move|p2a: Urshifu|Close Combat|p1b: Ogerpon\n|-supereffective|p1b: Ogerpon\n|-ability|p1b: Ogerpon|Sturdy\n|-damage|p1b: Ogerpon|1\/100\n|-unboost|p2a: Urshifu|def|1\n|-unboost|p2a: Urshifu|spd|1\n|\n|upkeep\n|\n|t:|1700570447\n|switch|p2b: Iron Hands|Iron Hands, L50, shiny|100\/100\n|turn|5\n|\n|t:|1700570466\n|-terastallize|p1a: Chi-Yu|Ghost\n|move|p2a: Urshifu|Detect|p2a: Urshifu\n|-singleturn|p2a: Urshifu|Protect\n|move|p2b: Iron Hands|Fake Out|p1a: Chi-Yu\n|-immune|p1a: Chi-Yu\n|move|p1b: Ogerpon|Ivy Cudgel|p2a: Urshifu|[anim] Ivy Cudgel Rock\n|-activate|p2a: Urshifu|move: Protect\n|move|p1a: Chi-Yu|Heat Wave|p2a: Urshifu|[spread] p2b\n|-activate|p2a: Urshifu|move: Protect\n|-damage|p2b: Iron Hands|67\/100\n|-damage|p1a: Chi-Yu|91\/100|[from] item: Life Orb\n|\n|-sideend|p1: mattmanectric|move: Tailwind\n|upkeep\n|turn|6\n|inactive|mattmanectric has 30 seconds left.\n|inactive|Shinoz has 30 seconds left.\n|\n|t:|1700570498\n|move|p1a: Chi-Yu|Protect|p1a: Chi-Yu\n|-singleturn|p1a: Chi-Yu|Protect\n|move|p2a: Urshifu|Sucker Punch||[still]\n|-fail|p2a: Urshifu\n|move|p1b: Ogerpon|Ivy Cudgel|p2a: Urshifu|[anim] Ivy Cudgel Rock\n|-damage|p2a: Urshifu|1\/100\n|move|p2b: Iron Hands|Drain Punch|p1b: Ogerpon\n|-supereffective|p1b: Ogerpon\n|-damage|p1b: Ogerpon|0 fnt\n|-heal|p2b: Iron Hands|68\/100|[from] drain|[of] p1b: Ogerpon\n|faint|p1b: Ogerpon\n|\n|upkeep\n|\n|t:|1700570506\n|switch|p1b: Shiftry|Shiftry, L50, M|1\/100\n|turn|7\n|\n|t:|1700570524\n|switch|p2a: Landorus|Landorus-Therian, L50, M|100\/100\n|-ability|p2a: Landorus|Intimidate|boost\n|-unboost|p1a: Chi-Yu|atk|1\n|-unboost|p1b: Shiftry|atk|1\n|move|p1a: Chi-Yu|Overheat|p2b: Iron Hands\n|-damage|p2b: Iron Hands|2\/100\n|-unboost|p1a: Chi-Yu|spa|2\n|-damage|p1a: Chi-Yu|82\/100|[from] item: Life Orb\n|move|p1b: Shiftry|Tailwind|p1b: Shiftry\n|-sidestart|p1: mattmanectric|move: Tailwind\n|-ability|p1b: Shiftry|Wind Rider|boost\n|-boost|p1b: Shiftry|atk|1\n|move|p2b: Iron Hands|Drain Punch|p1b: Shiftry\n|-supereffective|p1b: Shiftry\n|-damage|p1b: Shiftry|0 fnt\n|-heal|p2b: Iron Hands|3\/100|[from] drain|[of] p1b: Shiftry\n|faint|p1b: Shiftry\n|\n|upkeep\n|turn|8\n|\n|t:|1700570546\n|move|p1a: Chi-Yu|Heat Wave|p2a: Landorus|[spread] p2a,p2b\n|-damage|p2a: Landorus|58\/100\n|-damage|p2b: Iron Hands|0 fnt\n|faint|p2b: Iron Hands\n|-end|p2b: Iron Hands|Quark Drive|[silent]\n|-damage|p1a: Chi-Yu|72\/100|[from] item: Life Orb\n|move|p2a: Landorus|Stomping Tantrum|p1a: Chi-Yu\n|-damage|p1a: Chi-Yu|5\/100\n|\n|upkeep\n|\n|t:|1700570548\n|switch|p2b: Urshifu|Urshifu, L50, M, tera:Dark|1\/100\n|turn|9\n|\n|t:|1700570557\n|move|p2b: Urshifu|Sucker Punch|p1a: Chi-Yu\n|-supereffective|p1a: Chi-Yu\n|-damage|p1a: Chi-Yu|0 fnt\n|faint|p1a: Chi-Yu\n|\n|win|Shinoz\n|raw|mattmanectric's rating: 1463 &rarr; <strong>1438<\/strong><br \/>(-25 for losing)\n|raw|Shinoz's rating: 1368 &rarr; <strong>1393<\/strong><br \/>(+25 for winning)\n","uploadtime":1700570577,"views":7,"p1id":"mattmanectric","p2id":"shinoz","formatid":"gen9vgc2023regulatione","rating":1393,"private":0,"password":""}