{"id":"gen9vgc2023regulatione-1998329718","p1":"haamgamer07","p2":"IKill4Cookies95","format":"[Gen 9] VGC 2023 Regulation E","log":"|j|\u2606haamgamer07\n|j|\u2606IKill4Cookies95\n|t:|1700930165\n|gametype|doubles\n|player|p1|haamgamer07|169|1271\n|player|p2|IKill4Cookies95|riley|1266\n|teamsize|p1|6\n|teamsize|p2|6\n|gen|9\n|tier|[Gen 9] VGC 2023 Regulation E\n|rated|\n|rule|Species Clause: Limit one of each Pok\u00e9mon\n|rule|Item Clause: Limit one of each item\n|clearpoke\n|poke|p1|Flutter Mane, L50|\n|poke|p1|Iron Hands, L50|\n|poke|p1|Ogerpon-Hearthflame, L50, F|\n|poke|p1|Cresselia, L50, F|\n|poke|p1|Ursaluna, L50, F|\n|poke|p1|Empoleon, L50, M|\n|poke|p2|Dragonite, L50, M|\n|poke|p2|Heatran, L50, M|\n|poke|p2|Charizard, L50, F|\n|poke|p2|Tornadus, L50, M|\n|poke|p2|Flutter Mane, L50|\n|poke|p2|Ninetales, L50, F|\n|teampreview|4\n|inactive|Battle timer is ON: inactive players will automatically lose when time's up. (requested by IKill4Cookies95)\n|inactive|haamgamer07 has 60 seconds left.\n|\n|t:|1700930214\n|start\n|switch|p1a: Iron Hands|Iron Hands, L50|100\/100\n|switch|p1b: Cresselia|Cresselia, L50, F|100\/100\n|switch|p2a: Tornadus|Tornadus, L50, M|100\/100\n|switch|p2b: Dragonite|Dragonite, L50, M, shiny|100\/100\n|turn|1\n|inactive|IKill4Cookies95 has 30 seconds left.\n|\n|t:|1700930242\n|move|p2a: Tornadus|Bleakwind Storm|p1b: Cresselia|[spread] p1a,p1b\n|-damage|p1a: Iron Hands|72\/100\n|-damage|p1b: Cresselia|76\/100\n|-unboost|p1a: Iron Hands|spe|1\n|move|p2b: Dragonite|Dragon Claw|p1b: Cresselia\n|-damage|p1b: Cresselia|38\/100\n|move|p1a: Iron Hands|Wild Charge|p2a: Tornadus\n|-supereffective|p2a: Tornadus\n|-damage|p2a: Tornadus|0 fnt\n|faint|p2a: Tornadus\n|-damage|p1a: Iron Hands|56\/100|[from] Recoil\n|move|p1b: Cresselia|Trick Room|p1b: Cresselia\n|-fieldstart|move: Trick Room|[of] p1b: Cresselia\n|\n|upkeep\n|inactive|IKill4Cookies95 has 30 seconds left.\n|\n|t:|1700930273\n|switch|p2a: Heatran|Heatran, L50, M|100\/100\n|turn|2\n|\n|t:|1700930287\n|-terastallize|p2a: Heatran|Grass\n|move|p1a: Iron Hands|Drain Punch|p2a: Heatran\n|-damage|p2a: Heatran|63\/100\n|-heal|p1a: Iron Hands|72\/100|[from] drain|[of] p2a: Heatran\n|move|p2a: Heatran|Heat Wave|p1b: Cresselia|[spread] p1a,p1b\n|-damage|p1a: Iron Hands|39\/100\n|-damage|p1b: Cresselia|11\/100\n|-enditem|p1a: Iron Hands|Sitrus Berry|[eat]\n|-heal|p1a: Iron Hands|64\/100|[from] item: Sitrus Berry\n|move|p1b: Cresselia|Lunar Blessing|p1b: Cresselia|[spread] p1a,p1b\n|-heal|p1a: Iron Hands|89\/100\n|-heal|p1b: Cresselia|36\/100\n|move|p2b: Dragonite|Dragon Claw|p1b: Cresselia\n|-damage|p1b: Cresselia|1\/100\n|\n|upkeep\n|turn|3\n|inactive|haamgamer07 has 30 seconds left.\n|\n|t:|1700930322\n|move|p1a: Iron Hands|Swords Dance|p1a: Iron Hands\n|-boost|p1a: Iron Hands|atk|2\n|move|p2a: Heatran|Heat Wave|p1a: Iron Hands|[spread] p1a,p1b\n|-crit|p1b: Cresselia\n|-damage|p1a: Iron Hands|54\/100\n|-damage|p1b: Cresselia|0 fnt\n|faint|p1b: Cresselia\n|move|p2b: Dragonite|Dragon Claw|p1a: Iron Hands\n|-damage|p1a: Iron Hands|6\/100\n|\n|upkeep\n|\n|t:|1700930341\n|switch|p1b: Ursaluna|Ursaluna, L50, F|100\/100\n|turn|4\n|\n|t:|1700930359\n|move|p2a: Heatran|Protect|p2a: Heatran\n|-singleturn|p2a: Heatran|Protect\n|move|p1a: Iron Hands|Drain Punch|p2a: Heatran\n|-activate|p2a: Heatran|move: Protect\n|move|p1b: Ursaluna|Facade|p2b: Dragonite\n|-damage|p2b: Dragonite|55\/100\n|move|p2b: Dragonite|Dragon Claw|p1a: Iron Hands\n|-damage|p1a: Iron Hands|0 fnt\n|faint|p1a: Iron Hands\n|-end|p1a: Iron Hands|Quark Drive|[silent]\n|\n|-status|p1b: Ursaluna|brn|[from] item: Flame Orb\n|upkeep\n|\n|t:|1700930375\n|switch|p1a: Ogerpon|Ogerpon-Hearthflame, L50, F|100\/100\n|-ability|p1a: Ogerpon|Mold Breaker\n|turn|5\n|\n|t:|1700930393\n|move|p1b: Ursaluna|Facade|p2b: Dragonite\n|-damage|p2b: Dragonite|0 fnt\n|faint|p2b: Dragonite\n|move|p2a: Heatran|Heat Wave|p1b: Ursaluna|[spread] p1a,p1b\n|-damage|p1a: Ogerpon|56\/100\n|-damage|p1b: Ursaluna|69\/100 brn\n|move|p1a: Ogerpon|Ivy Cudgel|p2a: Heatran|[anim] Ivy Cudgel Fire\n|-supereffective|p2a: Heatran\n|-damage|p2a: Heatran|0 fnt\n|faint|p2a: Heatran\n|\n|-damage|p1b: Ursaluna|63\/100 brn|[from] brn\n|-fieldend|move: Trick Room\n|upkeep\n|\n|t:|1700930411\n|switch|p2b: Flutter Mane|Flutter Mane, L50|100\/100\n|turn|6\n|inactive|haamgamer07 has 30 seconds left.\n|inactive|haamgamer07 has 20 seconds left.\n|inactive|haamgamer07 has 15 seconds left.\n|inactive|haamgamer07 has 10 seconds left.\n|inactive|haamgamer07 has 5 seconds left.\n|\n|t:|1700930466\n|-terastallize|p1b: Ursaluna|Ghost\n|move|p2b: Flutter Mane|Shadow Ball|p1a: Ogerpon\n|-damage|p1a: Ogerpon|9\/100\n|move|p1a: Ogerpon|Ivy Cudgel|p2b: Flutter Mane|[anim] Ivy Cudgel Fire\n|-enditem|p2b: Flutter Mane|Focus Sash\n|-damage|p2b: Flutter Mane|1\/100\n|move|p1b: Ursaluna|Headlong Rush|p2b: Flutter Mane\n|-damage|p2b: Flutter Mane|0 fnt\n|-unboost|p1b: Ursaluna|def|1\n|-unboost|p1b: Ursaluna|spd|1\n|faint|p2b: Flutter Mane\n|-end|p2b: Flutter Mane|Protosynthesis|[silent]\n|\n|win|haamgamer07\n|raw|haamgamer07's rating: 1271 &rarr; <strong>1296<\/strong><br \/>(+25 for winning)\n|raw|IKill4Cookies95's rating: 1266 &rarr; <strong>1241<\/strong><br \/>(-25 for losing)\n|l|\u2606IKill4Cookies95\n|l|\u2606haamgamer07\n|j|\u2606haamgamer07\n|player|p1|haamgamer07|169\n","uploadtime":1700930509,"views":8,"p1id":"haamgamer07","p2id":"ikill4cookies95","formatid":"gen9vgc2023regulatione","rating":1241,"private":0,"password":""}