{"id":"gen9vgc2023regulatione-1999674035","p1":"Horuskoria","p2":"Tehiyok09","format":"[Gen 9] VGC 2023 Regulation E","log":"|j|\u2606Horuskoria\n|j|\u2606Tehiyok09\n|n|\u2606Horuskoria|horuskoria\n|n|\u2606Tehiyok09|tehiyok09\n|html|View the match progress at <a href=\"\/game-bestof3-gen9vgc2023regulatione-1999666199\">game-bestof3-gen9vgc2023regulatione-1999666199<\/a>\n|t:|1701106688\n|gametype|doubles\n|player|p1|Horuskoria|102|\n|player|p2|Tehiyok09|benga|\n|teamsize|p1|6\n|teamsize|p2|6\n|gen|9\n|tier|[Gen 9] VGC 2023 Regulation E\n|rule|Species Clause: Limit one of each Pok\u00e9mon\n|rule|Item Clause: Limit one of each item\n|clearpoke\n|poke|p1|Hariyama, L50, M|\n|poke|p1|Gastrodon-East, L50, F|\n|poke|p1|Talonflame, L50, F|\n|poke|p1|Brambleghast, L50, F|\n|poke|p1|Flutter Mane, L50|\n|poke|p1|Salamence, L50, M|\n|poke|p2|Iron Bundle, L50|\n|poke|p2|Fezandipiti, L50, M|\n|poke|p2|Lucario, L50, M|\n|poke|p2|Stonjourner, L50, M|\n|poke|p2|Brute Bonnet, L50|\n|poke|p2|Dragapult, L50, M|\n|teampreview|4\nHoruskoria rejected open team sheets.\n|\n|t:|1701106715\n|start\n|switch|p1a: Salamence|Salamence, L50, M|100\/100\n|switch|p1b: Flutter Mane|Flutter Mane, L50|100\/100\n|switch|p2a: Karu|Fezandipiti, L50, M|100\/100\n|switch|p2b: Gorone|Stonjourner, L50, M|100\/100\n|-ability|p1a: Salamence|Intimidate|boost\n|-unboost|p2a: Karu|atk|1\n|-unboost|p2b: Gorone|atk|1\n|turn|1\n|\n|t:|1701106761\n|-terastallize|p1a: Salamence|Flying\n|move|p2b: Gorone|Protect|p2b: Gorone\n|-singleturn|p2b: Gorone|Protect\n|move|p1a: Salamence|Air Slash|p2a: Karu\n|-damage|p2a: Karu|56\/100\n|move|p2a: Karu|Play Rough|p1a: Salamence\n|-damage|p1a: Salamence|62\/100\n|-unboost|p1a: Salamence|atk|1\n|move|p1b: Flutter Mane|Shadow Ball|p2a: Karu\n|-damage|p2a: Karu|6\/100\n|\n|upkeep\n|turn|2\n|\n|t:|1701106811\n|move|p1a: Salamence|Air Slash|p2b: Gorone\n|-resisted|p2b: Gorone\n|-damage|p2b: Gorone|29\/100\n|move|p2a: Karu|Play Rough|p1b: Flutter Mane\n|-damage|p1b: Flutter Mane|53\/100\n|move|p1b: Flutter Mane|Shadow Ball|p2b: Gorone\n|-damage|p2b: Gorone|0 fnt\n|faint|p2b: Gorone\n|\n|upkeep\n|\n|t:|1701106821\n|switch|p2b: Toshiro|Iron Bundle, L50|100\/100\n|turn|3\n|\n|t:|1701106840\n|switch|p1a: Brambleghast|Brambleghast, L50, F|100\/100\n|-end|p1b: Flutter Mane|Protosynthesis|[silent]\n|switch|p1b: Hariyama|Hariyama, L50, M|100\/100\n|move|p2b: Toshiro|Icy Wind|p1a: Brambleghast|[spread] p1b\n|-ability|p1a: Brambleghast|Wind Rider|boost\n|-boost|p1a: Brambleghast|atk|1\n|-damage|p1b: Hariyama|95\/100\n|-unboost|p1b: Hariyama|spe|1\n|move|p2a: Karu|Play Rough|p1a: Brambleghast\n|-damage|p1a: Brambleghast|57\/100\n|-status|p1a: Brambleghast|tox|[from] ability: Toxic Chain|[of] p2a: Karu\n|\n|-damage|p1a: Brambleghast|51\/100 tox|[from] psn\n|upkeep\n|turn|4\n|\n|t:|1701106874\n|-end|p2b: Toshiro|Quark Drive|[silent]\n|switch|p2b: Toad|Brute Bonnet, L50|100\/100\n|-enditem|p2b: Toad|Booster Energy\n|-activate|p2b: Toad|ability: Protosynthesis|[fromitem]\n|-start|p2b: Toad|protosynthesisspd\n|move|p1b: Hariyama|Fake Out|p2b: Toad\n|-damage|p2b: Toad|90\/100\n|move|p1a: Brambleghast|Shadow Sneak|p2a: Karu\n|-damage|p2a: Karu|0 fnt\n|faint|p2a: Karu\n|\n|-damage|p1a: Brambleghast|39\/100 tox|[from] psn\n|upkeep\n|\n|t:|1701106885\n|switch|p2a: Toshiro|Iron Bundle, L50|100\/100\n|turn|5\n|\n|t:|1701106900\n|move|p1a: Brambleghast|Protect|p1a: Brambleghast\n|-singleturn|p1a: Brambleghast|Protect\n|move|p2b: Toad|Sucker Punch||[still]\n|-fail|p2b: Toad\n|move|p2a: Toshiro|Encore|p1b: Hariyama\n|-start|p1b: Hariyama|Encore\n|move|p1b: Hariyama|Fake Out||[still]\n|-hint|Fake Out only works on your first turn out.\n|-fail|p1b: Hariyama\n|\n|-damage|p1a: Brambleghast|20\/100 tox|[from] psn\n|upkeep\n|turn|6\n|\n|t:|1701106921\n|switch|p1b: Flutter Mane|Flutter Mane, L50|53\/100\n|move|p1a: Brambleghast|Shadow Sneak|p2a: Toshiro\n|-damage|p2a: Toshiro|68\/100\n|move|p2b: Toad|Sucker Punch||[still]\n|-fail|p2b: Toad\n|move|p2a: Toshiro|Hydro Pump|p1b: Flutter Mane\n|-damage|p1b: Flutter Mane|2\/100\n|\n|-damage|p1a: Brambleghast|0 fnt|[from] psn\n|faint|p1a: Brambleghast\n|upkeep\n|\n|t:|1701106937\n|switch|p1a: Hariyama|Hariyama, L50, M|95\/100\n|turn|7\n|\n|t:|1701106969\n|-end|p1b: Flutter Mane|Protosynthesis|[silent]\n|switch|p1b: Salamence|Salamence, L50, M, tera:Flying|62\/100\n|-ability|p1b: Salamence|Intimidate|boost\n|-unboost|p2a: Toshiro|atk|1\n|-unboost|p2b: Toad|atk|1\n|move|p2b: Toad|Sucker Punch||[still]\n|-fail|p2b: Toad\n|move|p2a: Toshiro|Icy Wind|p1b: Salamence|[spread] p1a,p1b\n|-supereffective|p1b: Salamence\n|-damage|p1a: Hariyama|90\/100\n|-damage|p1b: Salamence|13\/100\n|-unboost|p1a: Hariyama|spe|1\n|-unboost|p1b: Salamence|spe|1\n|move|p1a: Hariyama|Close Combat|p2a: Toshiro\n|-supereffective|p2a: Toshiro\n|-damage|p2a: Toshiro|0 fnt\n|-unboost|p1a: Hariyama|def|1\n|-unboost|p1a: Hariyama|spd|1\n|faint|p2a: Toshiro\n|-end|p2a: Toshiro|Quark Drive|[silent]\n|\n|upkeep\n|turn|8\n|\n|t:|1701107005\n|move|p2b: Toad|Sucker Punch||[still]\n|-fail|p2b: Toad\n|move|p1b: Salamence|Tailwind|p1b: Salamence\n|-sidestart|p1: Horuskoria|move: Tailwind\n|move|p1a: Hariyama|Close Combat|p2b: Toad\n|-supereffective|p2b: Toad\n|-damage|p2b: Toad|0 fnt\n|-unboost|p1a: Hariyama|def|1\n|-unboost|p1a: Hariyama|spd|1\n|faint|p2b: Toad\n|-end|p2b: Toad|Protosynthesis|[silent]\n|\n|win|Horuskoria\n|c|\u2606Tehiyok09|gg\n|c|\u2606Horuskoria|gg\n","uploadtime":1701107020,"views":3,"p1id":"horuskoria","p2id":"tehiyok09","formatid":"gen9vgc2023regulatione","rating":0,"private":0,"password":""}