{"id":"gen9vgc2023regulatione-1995362252","p1":"Rokhy","p2":"TheManOfSausage","format":"[Gen 9] VGC 2023 Regulation E","log":"|j|\u2606Rokhy\n|j|\u2606TheManOfSausage\n|t:|1700560041\n|gametype|doubles\n|player|p1|Rokhy|2|1328\n|player|p2|TheManOfSausage|guitarist|1411\n|teamsize|p1|6\n|teamsize|p2|6\n|gen|9\n|tier|[Gen 9] VGC 2023 Regulation E\n|rated|\n|rule|Species Clause: Limit one of each Pok\u00e9mon\n|rule|Item Clause: Limit one of each item\n|clearpoke\n|poke|p1|Tyranitar, L50, M|\n|poke|p1|Roaring Moon, L50|\n|poke|p1|Milotic, L50, M|\n|poke|p1|Arcanine-Hisui, L50, M|\n|poke|p1|Sinistcha-Masterpiece, L50|\n|poke|p1|Glimmora, L50, F|\n|poke|p2|Mimikyu, L50, F|\n|poke|p2|Moltres-Galar, L50|\n|poke|p2|Torkoal, L50, M|\n|poke|p2|Bruxish, L50, M|\n|poke|p2|Ursaluna-Bloodmoon, L50, M|\n|poke|p2|Iron Hands, L50|\n|teampreview|4\n|inactive|Battle timer is ON: inactive players will automatically lose when time's up. (requested by Rokhy)\n|\n|t:|1700560092\n|start\n|switch|p1a: Glimmora|Glimmora, L50, F|100\/100\n|switch|p1b: Arcanine|Arcanine-Hisui, L50, M, shiny|100\/100\n|switch|p2a: Mimi|Mimikyu, L50, F, shiny|100\/100\n|switch|p2b: Howard Hands|Iron Hands, L50, shiny|100\/100\n|-ability|p1b: Arcanine|Intimidate|boost\n|-unboost|p2a: Mimi|atk|1\n|-unboost|p2b: Howard Hands|atk|1\n|turn|1\n|inactive|Rokhy has 30 seconds left.\n|inactive|Rokhy has 20 seconds left.\n|inactive|Rokhy has 15 seconds left.\n|inactive|Rokhy has 10 seconds left.\n|inactive|Rokhy has 5 seconds left.\n|\n|t:|1700560147\n|move|p1a: Glimmora|Spiky Shield|p1a: Glimmora\n|-singleturn|p1a: Glimmora|move: Protect\n|move|p2b: Howard Hands|Fake Out|p1b: Arcanine\n|-resisted|p1b: Arcanine\n|-damage|p1b: Arcanine|95\/100\n|cant|p1b: Arcanine|flinch\n|move|p2a: Mimi|Trick Room|p2a: Mimi\n|-fieldstart|move: Trick Room|[of] p2a: Mimi\n|\n|upkeep\n|turn|2\n|inactive|TheManOfSausage has 30 seconds left.\n|\n|t:|1700560179\n|-end|p2b: Howard Hands|Quark Drive|[silent]\n|switch|p2b: Ursaluna|Ursaluna-Bloodmoon, L50, M|100\/100\n|move|p2a: Mimi|Shadow Sneak|p1b: Arcanine\n|-crit|p1b: Arcanine\n|-damage|p1b: Arcanine|65\/100\n|move|p1a: Glimmora|Sludge Bomb|p2a: Mimi\n|-activate|p2a: Mimi|ability: Disguise\n|-damage|p2a: Mimi|100\/100\n|-status|p2a: Mimi|psn\n|detailschange|p2a: Mimi|Mimikyu-Busted, L50, F, shiny\n|-damage|p2a: Mimi|88\/100 psn|[from] pokemon: Mimikyu-Busted\n|move|p1b: Arcanine|Will-O-Wisp|p2b: Ursaluna\n|-status|p2b: Ursaluna|brn\n|\n|-damage|p2a: Mimi|76\/100 psn|[from] psn\n|-damage|p2b: Ursaluna|95\/100 brn|[from] brn\n|upkeep\n|turn|3\n|inactive|TheManOfSausage has 30 seconds left.\n|\n|t:|1700560206\n|move|p1a: Glimmora|Spiky Shield|p1a: Glimmora\n|-singleturn|p1a: Glimmora|move: Protect\n|move|p2a: Mimi|Shadow Sneak|p1b: Arcanine\n|-damage|p1b: Arcanine|50\/100\n|-enditem|p1b: Arcanine|Sitrus Berry|[eat]\n|-heal|p1b: Arcanine|75\/100|[from] item: Sitrus Berry\n|move|p2b: Ursaluna|Earth Power|p1a: Glimmora\n|-activate|p1a: Glimmora|move: Protect\n|move|p1b: Arcanine|Rock Slide|p2b: Ursaluna|[spread] p2b\n|-miss|p1b: Arcanine|p2a: Mimi\n|-resisted|p2b: Ursaluna\n|-crit|p2b: Ursaluna\n|-damage|p2b: Ursaluna|83\/100 brn\n|\n|-heal|p2b: Ursaluna|89\/100 brn|[from] item: Leftovers\n|-damage|p2a: Mimi|64\/100 psn|[from] psn\n|-damage|p2b: Ursaluna|83\/100 brn|[from] brn\n|upkeep\n|turn|4\n|\n|t:|1700560226\n|move|p2b: Ursaluna|Earth Power|p1a: Glimmora\n|-supereffective|p1a: Glimmora\n|-enditem|p1a: Glimmora|Focus Sash\n|-damage|p1a: Glimmora|1\/100\n|move|p2a: Mimi|Play Rough|p1b: Arcanine\n|-resisted|p1b: Arcanine\n|-damage|p1b: Arcanine|60\/100\n|move|p1a: Glimmora|Energy Ball|p2b: Ursaluna\n|-supereffective|p2b: Ursaluna\n|-damage|p2b: Ursaluna|10\/100 brn\n|move|p1b: Arcanine|Rock Slide|p2a: Mimi|[spread] p2a,p2b\n|-resisted|p2b: Ursaluna\n|-damage|p2a: Mimi|30\/100 psn\n|-damage|p2b: Ursaluna|1\/100 brn\n|\n|-heal|p2b: Ursaluna|7\/100 brn|[from] item: Leftovers\n|-damage|p2a: Mimi|18\/100 psn|[from] psn\n|-damage|p2b: Ursaluna|1\/100 brn|[from] brn\n|upkeep\n|turn|5\n|inactive|Rokhy has 30 seconds left.\n|inactive|TheManOfSausage has 30 seconds left.\n|inactive|TheManOfSausage has 20 seconds left.\n|\n|t:|1700560264\n|-terastallize|p2b: Ursaluna|Ghost\n|move|p1a: Glimmora|Spiky Shield|p1a: Glimmora\n|-singleturn|p1a: Glimmora|move: Protect\n|move|p2b: Ursaluna|Hyper Voice|p1b: Arcanine|[spread] p1b\n|-activate|p1a: Glimmora|move: Protect\n|-resisted|p1b: Arcanine\n|-damage|p1b: Arcanine|39\/100\n|move|p2a: Mimi|Play Rough|p1b: Arcanine\n|-resisted|p1b: Arcanine\n|-damage|p1b: Arcanine|25\/100\n|move|p1b: Arcanine|Rock Slide|p2a: Mimi|[spread] p2a,p2b\n|-damage|p2a: Mimi|0 fnt\n|-damage|p2b: Ursaluna|0 fnt\n|faint|p2a: Mimi\n|faint|p2b: Ursaluna\n|\n|-fieldend|move: Trick Room\n|upkeep\n|\n|t:|1700560279\n|switch|p2a: Torkoal|Torkoal, L50, M|100\/100\n|switch|p2b: Howard Hands|Iron Hands, L50, shiny|100\/100\n|-weather|SunnyDay|[from] ability: Drought|[of] p2a: Torkoal\n|turn|6\n|inactive|TheManOfSausage has 30 seconds left.\n|\n|t:|1700560314\n|switch|p1a: Tyranitar|Tyranitar, L50, M, shiny|100\/100\n|-weather|Sandstorm|[from] ability: Sand Stream|[of] p1a: Tyranitar\n|move|p2b: Howard Hands|Fake Out|p1b: Arcanine\n|-resisted|p1b: Arcanine\n|-damage|p1b: Arcanine|16\/100\n|cant|p1b: Arcanine|flinch\n|move|p2a: Torkoal|Weather Ball|p1a: Tyranitar\n|-damage|p1a: Tyranitar|84\/100\n|\n|-weather|Sandstorm|[upkeep]\n|-damage|p2b: Howard Hands|94\/100|[from] Sandstorm\n|-damage|p2a: Torkoal|94\/100|[from] Sandstorm\n|upkeep\n|turn|7\n|\n|t:|1700560333\n|-terastallize|p1a: Tyranitar|Fairy\n|move|p1b: Arcanine|Will-O-Wisp|p2b: Howard Hands\n|-status|p2b: Howard Hands|brn\n|move|p1a: Tyranitar|Rock Slide|p2a: Torkoal|[spread] p2a,p2b\n|-supereffective|p2a: Torkoal\n|-resisted|p2b: Howard Hands\n|-damage|p2a: Torkoal|46\/100\n|-damage|p2b: Howard Hands|84\/100 brn\n|move|p2b: Howard Hands|Drain Punch|p1a: Tyranitar\n|-resisted|p1a: Tyranitar\n|-damage|p1a: Tyranitar|74\/100\n|-heal|p2b: Howard Hands|88\/100 brn|[from] drain|[of] p1a: Tyranitar\n|cant|p2a: Torkoal|flinch\n|\n|-weather|Sandstorm|[upkeep]\n|-damage|p1a: Tyranitar|69\/100|[from] Sandstorm\n|-damage|p2b: Howard Hands|82\/100 brn|[from] Sandstorm\n|-damage|p2a: Torkoal|39\/100|[from] Sandstorm\n|-damage|p2b: Howard Hands|76\/100 brn|[from] brn\n|upkeep\n|turn|8\n|\n|t:|1700560352\n|move|p1b: Arcanine|Rock Slide|p2b: Howard Hands|[spread] p2a,p2b\n|-supereffective|p2a: Torkoal\n|-resisted|p2b: Howard Hands\n|-damage|p2a: Torkoal|6\/100\n|-damage|p2b: Howard Hands|68\/100 brn\n|move|p1a: Tyranitar|Tera Blast|p2b: Howard Hands|[anim] Tera Blast Fairy\n|-supereffective|p2b: Howard Hands\n|-damage|p2b: Howard Hands|0 fnt\n|faint|p2b: Howard Hands\n|-end|p2b: Howard Hands|Quark Drive|[silent]\n|move|p2a: Torkoal|Weather Ball|p1b: Arcanine\n|-supereffective|p1b: Arcanine\n|-damage|p1b: Arcanine|0 fnt\n|faint|p1b: Arcanine\n|\n|-weather|Sandstorm|[upkeep]\n|-damage|p1a: Tyranitar|63\/100|[from] Sandstorm\n|-damage|p2a: Torkoal|0 fnt|[from] Sandstorm\n|faint|p2a: Torkoal\n|\n|win|Rokhy\n|upkeep\n|raw|Rokhy's rating: 1328 &rarr; <strong>1353<\/strong><br \/>(+25 for winning)\n|raw|TheManOfSausage's rating: 1411 &rarr; <strong>1386<\/strong><br \/>(-25 for losing)\n|c|\u2606TheManOfSausage|gg\n|l|\u2606TheManOfSausage\n","uploadtime":1700560500,"views":7,"p1id":"rokhy","p2id":"themanofsausage","formatid":"gen9vgc2023regulatione","rating":1353,"private":0,"password":""}