{"id":"gen9vgc2023regulatione-2000680509","p1":"PanamaGeisha","p2":"LMagician","format":"[Gen 9] VGC 2023 Regulation E","log":"|j|\u2606PanamaGeisha\n|j|\u2606LMagician\n|n|\u2606PanamaGeisha|panamageisha\n|n|\u2606LMagician|lmagician\n|html|View the match progress at <a href=\"\/game-bestof3-gen9vgc2023regulatione-2000677744\">game-bestof3-gen9vgc2023regulatione-2000677744<\/a>\n|t:|1701218057\n|gametype|doubles\n|player|p1|PanamaGeisha|bugcatcher-gen4dp|\n|player|p2|LMagician|steven|\n|teamsize|p1|6\n|teamsize|p2|6\n|gen|9\n|tier|[Gen 9] VGC 2023 Regulation E\n|rule|Species Clause: Limit one of each Pok\u00e9mon\n|rule|Item Clause: Limit one of each item\n|clearpoke\n|poke|p1|Flutter Mane, L50|\n|poke|p1|Tornadus, L50, M|\n|poke|p1|Chi-Yu, L50|\n|poke|p1|Urshifu-*, L50, F|\n|poke|p1|Arcanine-Hisui, L50, F|\n|poke|p1|Amoonguss, L50, F|\n|poke|p2|Salamence, L50, F|\n|poke|p2|Kingambit, L50, M|\n|poke|p2|Flutter Mane, L50|\n|poke|p2|Ogerpon-Wellspring, L50, F|\n|poke|p2|Heatran, L50, M|\n|poke|p2|Rillaboom, L50, M|\n|teampreview|4\n|inactive|Battle timer is ON: inactive players will automatically lose when time's up. (requested by PanamaGeisha)\nLMagician has agreed to open team sheets.\n|inactive|PanamaGeisha has 60 seconds left.\n|inactive|LMagician has 60 seconds left.\nPanamaGeisha has agreed to open team sheets.\n|showteam|p1|Flutter Mane||BoosterEnergy|Protosynthesis|DazzlingGleam,ShadowBall,TeraBlast,Protect||||||50|,,,,,Water]Tornadus||CovertCloak|Prankster|BleakwindStorm,IcyWind,RainDance,Tailwind|||M|||50|,,,,,Steel]Chi-Yu||ChoiceScarf|BeadsofRuin|Snarl,HeatWave,DarkPulse,Psychic||||||50|,,,,,Ghost]Urshifu-Rapid-Strike||FocusSash|UnseenFist|SurgingStrikes,CloseCombat,AquaJet,Protect|||F|||50|,,,,,Water]Arcanine-Hisui||ChoiceBand|Intimidate|RockSlide,FlareBlitz,ExtremeSpeed,TeraBlast|||F|||50|,,,,,Fairy]Amoonguss||SitrusBerry|Regenerator|Protect,Spore,RagePowder,PollenPuff|||F|||50|,,,,,Fire\n|showteam|p2|Salamence||RockyHelmet|Intimidate|DracoMeteor,AirSlash,Roost,Tailwind|||F|||50|,,,,,Poison]Kingambit||SafetyGoggles|Defiant|KowtowCleave,SuckerPunch,Protect,SwordsDance|||M|||50|,,,,,Dark]Flutter Mane||ChoiceSpecs|Protosynthesis|Moonblast,ShadowBall,DazzlingGleam,TrickRoom||||||50|,,,,,Fairy]Ogerpon-Wellspring||WellspringMask|WaterAbsorb|IvyCudgel,WoodHammer,SpikyShield,FollowMe|||F|||50|,,,,,Water]Heatran||Leftovers|FlashFire|MagmaStorm,FlashCannon,Protect,EarthPower|||M|||50|,,,,,Grass]Rillaboom||AssaultVest|GrassySurge|WoodHammer,FakeOut,HighHorsepower,GrassyGlide|||M|||50|,,,,,Fire\n|\n|t:|1701218109\n|start\n|switch|p1a: Amoonguss|Amoonguss, L50, F|100\/100\n|switch|p1b: Fesh|Chi-Yu, L50|100\/100\n|switch|p2a: Flutter Mane|Flutter Mane, L50|100\/100\n|switch|p2b: Ogerpon|Ogerpon-Wellspring, L50, F|100\/100\n|-ability|p1b: Fesh|Beads of Ruin\n|turn|1\n|inactive|PanamaGeisha has 30 seconds left.\n|inactive|LMagician has 30 seconds left.\n|\n|t:|1701218137\n|-terastallize|p2a: Flutter Mane|Fairy\n|move|p2b: Ogerpon|Follow Me|p2b: Ogerpon\n|-singleturn|p2b: Ogerpon|move: Follow Me\n|move|p1b: Fesh|Dark Pulse|p2b: Ogerpon\n|-damage|p2b: Ogerpon|36\/100\n|move|p2a: Flutter Mane|Dazzling Gleam|p1a: Amoonguss|[spread] p1a,p1b\n|-resisted|p1a: Amoonguss\n|-damage|p1a: Amoonguss|67\/100\n|-damage|p1b: Fesh|33\/100\n|move|p1a: Amoonguss|Spore|p2b: Ogerpon\n|-immune|p2b: Ogerpon\n|\n|upkeep\n|turn|2\n|inactive|LMagician has 30 seconds left.\n|inactive|LMagician has 20 seconds left.\n|inactive|LMagician has 15 seconds left.\n|inactive|LMagician has 10 seconds left.\n|inactive|LMagician has 5 seconds left.\n|\n|t:|1701218188\n|move|p2b: Ogerpon|Spiky Shield|p2b: Ogerpon\n|-singleturn|p2b: Ogerpon|move: Protect\n|move|p1b: Fesh|Dark Pulse|p2b: Ogerpon\n|-activate|p2b: Ogerpon|move: Protect\n|move|p2a: Flutter Mane|Dazzling Gleam|p1b: Fesh|[spread] p1a,p1b\n|-resisted|p1a: Amoonguss\n|-damage|p1a: Amoonguss|31\/100\n|-damage|p1b: Fesh|0 fnt\n|-enditem|p1a: Amoonguss|Sitrus Berry|[eat]\n|-heal|p1a: Amoonguss|56\/100|[from] item: Sitrus Berry\n|faint|p1b: Fesh\n|move|p1a: Amoonguss|Spore|p2a: Flutter Mane\n|-status|p2a: Flutter Mane|slp|[from] move: Spore\n|\n|upkeep\n|\n|t:|1701218198\n|switch|p1b: Clementina|Flutter Mane, L50|100\/100\n|-enditem|p1b: Clementina|Booster Energy\n|-activate|p1b: Clementina|ability: Protosynthesis|[fromitem]\n|-start|p1b: Clementina|protosynthesisspa\n|turn|3\n|\n|t:|1701218212\n|switch|p1a: Urshifu|Urshifu-Rapid-Strike, L50, F|100\/100\n|cant|p2a: Flutter Mane|slp\n|move|p1b: Clementina|Shadow Ball|p2b: Ogerpon\n|-damage|p2b: Ogerpon|0 fnt\n|faint|p2b: Ogerpon\n|\n|upkeep\n|\n|t:|1701218222\n|switch|p2b: Salamence|Salamence, L50, F|100\/100\n|-ability|p2b: Salamence|Intimidate|boost\n|-unboost|p1a: Urshifu|atk|1\n|-unboost|p1b: Clementina|atk|1\n|turn|4\n|\n|t:|1701218238\n|-terastallize|p1a: Urshifu|Water\n|-curestatus|p2a: Flutter Mane|slp|[msg]\n|move|p2a: Flutter Mane|Dazzling Gleam|p1a: Urshifu|[spread] p1a,p1b\n|-damage|p1a: Urshifu|19\/100\n|-damage|p1b: Clementina|47\/100\n|move|p1b: Clementina|Dazzling Gleam|p2b: Salamence|[spread] p2a,p2b\n|-supereffective|p2b: Salamence\n|-damage|p2a: Flutter Mane|61\/100\n|-damage|p2b: Salamence|17\/100\n|move|p1a: Urshifu|Surging Strikes|p2a: Flutter Mane\n|-crit|p2a: Flutter Mane\n|-damage|p2a: Flutter Mane|13\/100\n|-crit|p2a: Flutter Mane\n|-damage|p2a: Flutter Mane|0 fnt\n|faint|p2a: Flutter Mane\n|-end|p2a: Flutter Mane|Protosynthesis|[silent]\n|-hitcount|p2: Flutter Mane|2\n|move|p2b: Salamence|Tailwind|p2b: Salamence\n|-sidestart|p2: LMagician|move: Tailwind\n|\n|upkeep\n|\n|t:|1701218254\n|switch|p2a: Heatran|Heatran, L50, M|100\/100\n|turn|5\n|inactive|LMagician has 30 seconds left.\n|inactive|LMagician has 20 seconds left.\n|inactive|LMagician has 15 seconds left.\n|inactive|LMagician has 10 seconds left.\n|inactive|LMagician has 5 seconds left.\n|\n|t:|1701218306\n|move|p1b: Clementina|Protect|p1b: Clementina\n|-singleturn|p1b: Clementina|Protect\n|move|p1a: Urshifu|Protect|p1a: Urshifu\n|-singleturn|p1a: Urshifu|Protect\n|move|p2b: Salamence|Air Slash|p1b: Clementina\n|-activate|p1b: Clementina|move: Protect\n|move|p2a: Heatran|Earth Power|p1a: Urshifu\n|-activate|p1a: Urshifu|move: Protect\n|\n|upkeep\n|turn|6\n|inactive|LMagician has 30 seconds left.\n|\n|t:|1701218335\n|switch|p1a: Amoonguss|Amoonguss, L50, F|89\/100\n|move|p2b: Salamence|Air Slash|p1a: Amoonguss\n|-supereffective|p1a: Amoonguss\n|-damage|p1a: Amoonguss|32\/100\n|move|p2a: Heatran|Flash Cannon|p1b: Clementina\n|-supereffective|p1b: Clementina\n|-damage|p1b: Clementina|0 fnt\n|faint|p1b: Clementina\n|-end|p1b: Clementina|Protosynthesis|[silent]\n|\n|upkeep\n|\n|t:|1701218342\n|switch|p1b: Urshifu|Urshifu-Rapid-Strike, L50, F, tera:Water|19\/100\n|turn|7\n|\n|t:|1701218357\n|move|p1b: Urshifu|Protect|p1b: Urshifu\n|-singleturn|p1b: Urshifu|Protect\n|move|p1a: Amoonguss|Protect|p1a: Amoonguss\n|-singleturn|p1a: Amoonguss|Protect\n|move|p2b: Salamence|Roost|p2b: Salamence\n|-heal|p2b: Salamence|67\/100\n|-singleturn|p2b: Salamence|move: Roost\n|move|p2a: Heatran|Flash Cannon|p1a: Amoonguss\n|-activate|p1a: Amoonguss|move: Protect\n|\n|-sideend|p2: LMagician|move: Tailwind\n|upkeep\n|turn|8\n|\n|t:|1701218381\n|move|p1b: Urshifu|Surging Strikes|p2a: Heatran\n|-supereffective|p2a: Heatran\n|-crit|p2a: Heatran\n|-damage|p2a: Heatran|50\/100\n|-supereffective|p2a: Heatran\n|-crit|p2a: Heatran\n|-damage|p2a: Heatran|0 fnt\n|faint|p2a: Heatran\n|-hitcount|p2: Heatran|2\n|move|p2b: Salamence|Air Slash|p1a: Amoonguss\n|-supereffective|p1a: Amoonguss\n|-damage|p1a: Amoonguss|0 fnt\n|faint|p1a: Amoonguss\n|\n|upkeep\n|turn|9\n|c|\u2606PanamaGeisha|Chuzo.. enyarde ese roost xD\n|c|\u2606PanamaGeisha|Gg\n|inactive|PanamaGeisha has 30 seconds left.\n|\n|t:|1701218409\n|move|p1b: Urshifu|Surging Strikes|p2b: Salamence\n|-resisted|p2b: Salamence\n|-crit|p2b: Salamence\n|-damage|p2b: Salamence|50\/100\n|-damage|p1b: Urshifu|3\/100|[from] item: Rocky Helmet|[of] p2b: Salamence\n|-resisted|p2b: Salamence\n|-crit|p2b: Salamence\n|-damage|p2b: Salamence|34\/100\n|-damage|p1b: Urshifu|0 fnt|[from] item: Rocky Helmet|[of] p2b: Salamence\n|faint|p1b: Urshifu\n|\n|win|LMagician\n|-hitcount|p2b: Salamence|2\n|c|\u2606LMagician|ggs bro, me salv\u00f3 la vida ese roost\n|l|\u2606PanamaGeisha\n","uploadtime":1701218638,"views":0,"p1id":"panamageisha","p2id":"lmagician","formatid":"gen9vgc2023regulatione","rating":0,"private":0,"password":""}