{"id":"gen9vgc2023regulatione-1996240811","p1":"Bigsoccerman24","p2":"MaChmp","format":"[Gen 9] VGC 2023 Regulation E","log":"|j|\u2606Bigsoccerman24\n|j|\u2606MaChmp\n|t:|1700662993\n|gametype|doubles\n|player|p1|Bigsoccerman24|169|1349\n|player|p2|MaChmp|170|1296\n|teamsize|p1|6\n|teamsize|p2|6\n|gen|9\n|tier|[Gen 9] VGC 2023 Regulation E\n|rated|\n|rule|Species Clause: Limit one of each Pok\u00e9mon\n|rule|Item Clause: Limit one of each item\n|clearpoke\n|poke|p1|Goodra-Hisui, L50, F|\n|poke|p1|Grimmsnarl, L50, M|\n|poke|p1|Rillaboom, L50, M|\n|poke|p1|Landorus-Therian, L50, M|\n|poke|p1|Heatran, L50, M|\n|poke|p1|Gastrodon, L50, M|\n|poke|p2|Moltres-Galar, L50|\n|poke|p2|Sinistcha-Masterpiece, L50|\n|poke|p2|Ninetales-Alola, L50, F|\n|poke|p2|Landorus-Therian, L50, M|\n|poke|p2|Iron Hands, L50|\n|poke|p2|Heatran, L50, F|\n|teampreview|4\n|inactive|Battle timer is ON: inactive players will automatically lose when time's up. (requested by Bigsoccerman24)\n|inactive|Bigsoccerman24 has 60 seconds left.\n|c|\u2606MaChmp|glhf\n|\n|t:|1700663050\n|start\n|switch|p1a: Heatran|Heatran, L50, M|100\/100\n|switch|p1b: Gastrodon|Gastrodon, L50, M|100\/100\n|switch|p2a: Iron Hands|Iron Hands, L50|100\/100\n|switch|p2b: Ninetales|Ninetales-Alola, L50, F|100\/100\n|-weather|Snow|[from] ability: Snow Warning|[of] p2b: Ninetales\n|turn|1\n|inactive|MaChmp has 30 seconds left.\n|\n|t:|1700663078\n|switch|p2b: Sinistcha|Sinistcha-Masterpiece, L50|100\/100\n|move|p1a: Heatran|Substitute|p1a: Heatran\n|-start|p1a: Heatran|Substitute\n|-damage|p1a: Heatran|76\/100\n|move|p2a: Iron Hands|Drain Punch|p1a: Heatran\n|-supereffective|p1a: Heatran\n|-end|p1a: Heatran|Substitute\n|move|p1b: Gastrodon|Yawn|p2a: Iron Hands\n|-start|p2a: Iron Hands|move: Yawn|[of] p1b: Gastrodon\n|\n|-weather|Snow|[upkeep]\n|-heal|p1a: Heatran|82\/100|[from] item: Leftovers\n|upkeep\n|turn|2\n|\n|t:|1700663100\n|-terastallize|p2b: Sinistcha|Water\n|-terastallize|p1b: Gastrodon|Poison\n|move|p1a: Heatran|Protect|p1a: Heatran\n|-singleturn|p1a: Heatran|Protect\n|move|p2b: Sinistcha|Matcha Gotcha|p1b: Gastrodon|[spread] p1b\n|-activate|p1a: Heatran|move: Protect\n|-resisted|p1b: Gastrodon\n|-damage|p1b: Gastrodon|88\/100\n|move|p2a: Iron Hands|Drain Punch|p1a: Heatran\n|-activate|p1a: Heatran|move: Protect\n|move|p1b: Gastrodon|Yawn|p2b: Sinistcha\n|-start|p2b: Sinistcha|move: Yawn|[of] p1b: Gastrodon\n|\n|-weather|Snow|[upkeep]\n|-heal|p1a: Heatran|88\/100|[from] item: Leftovers\n|-end|p2a: Iron Hands|move: Yawn|[silent]\n|-status|p2a: Iron Hands|slp\n|upkeep\n|turn|3\n|inactive|MaChmp has 30 seconds left.\n|\n|t:|1700663134\n|switch|p1a: Rillaboom|Rillaboom, L50, M|100\/100\n|-fieldstart|move: Grassy Terrain|[from] ability: Grassy Surge|[of] p1a: Rillaboom\n|-end|p2a: Iron Hands|Quark Drive|[silent]\n|switch|p2a: Moltres|Moltres-Galar, L50|100\/100\n|move|p2b: Sinistcha|Matcha Gotcha|p1a: Rillaboom|[spread] p1b\n|-miss|p2b: Sinistcha|p1a: Rillaboom\n|-resisted|p1b: Gastrodon\n|-damage|p1b: Gastrodon|69\/100\n|move|p1b: Gastrodon|Earth Power|p2a: Moltres\n|-immune|p2a: Moltres\n|\n|-weather|Snow|[upkeep]\n|-heal|p1b: Gastrodon|75\/100|[from] Grassy Terrain\n|-end|p2b: Sinistcha|move: Yawn|[silent]\n|-status|p2b: Sinistcha|slp\n|upkeep\n|turn|4\n|\n|t:|1700663156\n|move|p1a: Rillaboom|Fake Out|p2a: Moltres\n|-damage|p2a: Moltres|88\/100\n|cant|p2a: Moltres|flinch\n|cant|p2b: Sinistcha|slp\n|move|p1b: Gastrodon|Yawn|p2a: Moltres\n|-start|p2a: Moltres|move: Yawn|[of] p1b: Gastrodon\n|\n|-weather|Snow|[upkeep]\n|-heal|p1b: Gastrodon|82\/100|[from] Grassy Terrain\n|upkeep\n|turn|5\n|\n|t:|1700663172\n|switch|p2a: Iron Hands|Iron Hands, L50|100\/100 slp\n|switch|p2b: Ninetales|Ninetales-Alola, L50, F|100\/100\n|move|p1a: Rillaboom|Wood Hammer|p2b: Ninetales\n|-damage|p2b: Ninetales|37\/100\n|-damage|p1a: Rillaboom|82\/100|[from] Recoil\n|move|p1b: Gastrodon|Ice Beam|p2a: Iron Hands\n|-damage|p2a: Iron Hands|91\/100 slp\n|\n|-weather|none\n|-heal|p2b: Ninetales|43\/100|[from] Grassy Terrain\n|-heal|p1a: Rillaboom|88\/100|[from] Grassy Terrain\n|-heal|p2a: Iron Hands|97\/100 slp|[from] Grassy Terrain\n|-heal|p1b: Gastrodon|88\/100|[from] Grassy Terrain\n|upkeep\n|turn|6\n|inactive|MaChmp has 30 seconds left.\n|\n|t:|1700663201\n|move|p2b: Ninetales|Blizzard|p1b: Gastrodon|[spread] p1a,p1b\n|-supereffective|p1a: Rillaboom\n|-damage|p1a: Rillaboom|54\/100\n|-damage|p1b: Gastrodon|68\/100\n|move|p1a: Rillaboom|U-turn|p2b: Ninetales\n|-resisted|p2b: Ninetales\n|-damage|p2b: Ninetales|28\/100\n|\n|t:|1700663207\n|switch|p1a: Grimmsnarl|Grimmsnarl, L50, M|100\/100|[from] U-turn\n|cant|p2a: Iron Hands|slp\n|move|p1b: Gastrodon|Ice Beam|p2b: Ninetales\n|-resisted|p2b: Ninetales\n|-damage|p2b: Ninetales|18\/100\n|\n|-heal|p2b: Ninetales|24\/100|[from] Grassy Terrain\n|-heal|p2a: Iron Hands|100\/100 slp|[from] Grassy Terrain\n|-heal|p1b: Gastrodon|74\/100|[from] Grassy Terrain\n|upkeep\n|turn|7\n|\n|t:|1700663226\n|move|p1a: Grimmsnarl|Reflect|p1a: Grimmsnarl\n|-sidestart|p1: Bigsoccerman24|Reflect\n|move|p2b: Ninetales|Blizzard|p1a: Grimmsnarl|[spread] \n|-miss|p2b: Ninetales|p1a: Grimmsnarl\n|-miss|p2b: Ninetales|p1b: Gastrodon\n|-curestatus|p2a: Iron Hands|slp|[msg]\n|move|p2a: Iron Hands|Heavy Slam|p1a: Grimmsnarl\n|-supereffective|p1a: Grimmsnarl\n|-damage|p1a: Grimmsnarl|43\/100\n|move|p1b: Gastrodon|Earth Power|p2b: Ninetales\n|-damage|p2b: Ninetales|0 fnt\n|faint|p2b: Ninetales\n|\n|-heal|p1a: Grimmsnarl|49\/100|[from] Grassy Terrain\n|-heal|p1b: Gastrodon|80\/100|[from] Grassy Terrain\n|-fieldend|move: Grassy Terrain\n|upkeep\n|\n|t:|1700663243\n|switch|p2b: Sinistcha|Sinistcha-Masterpiece, L50, tera:Water|100\/100 slp\n|turn|8\n|\n|t:|1700663256\n|move|p1a: Grimmsnarl|Parting Shot|p2a: Iron Hands\n|-unboost|p2a: Iron Hands|atk|1\n|-unboost|p2a: Iron Hands|spa|1\n|\n|t:|1700663259\n|switch|p1a: Rillaboom|Rillaboom, L50, M|54\/100|[from] Parting Shot\n|-fieldstart|move: Grassy Terrain|[from] ability: Grassy Surge|[of] p1a: Rillaboom\n|cant|p2b: Sinistcha|slp\n|move|p2a: Iron Hands|Heavy Slam|p1a: Rillaboom\n|-damage|p1a: Rillaboom|39\/100\n|move|p1b: Gastrodon|Yawn|p2a: Iron Hands\n|-start|p2a: Iron Hands|move: Yawn|[of] p1b: Gastrodon\n|\n|-heal|p1a: Rillaboom|45\/100|[from] Grassy Terrain\n|-heal|p1b: Gastrodon|87\/100|[from] Grassy Terrain\n|upkeep\n|turn|9\n|\n|t:|1700663283\n|-end|p2a: Iron Hands|Quark Drive|[silent]\n|switch|p2a: Moltres|Moltres-Galar, L50|88\/100\n|move|p1a: Rillaboom|Wood Hammer|p2b: Sinistcha\n|-supereffective|p2b: Sinistcha\n|-damage|p2b: Sinistcha|0 fnt\n|-damage|p1a: Rillaboom|28\/100|[from] item: Rocky Helmet|[of] p2b: Sinistcha\n|faint|p2b: Sinistcha\n|-damage|p1a: Rillaboom|0 fnt|[from] Recoil\n|faint|p1a: Rillaboom\n|move|p1b: Gastrodon|Ice Beam|p2a: Moltres\n|-supereffective|p2a: Moltres\n|-damage|p2a: Moltres|59\/100\n|\n|-heal|p1b: Gastrodon|93\/100|[from] Grassy Terrain\n|upkeep\n|\n|t:|1700663299\n|switch|p1a: Grimmsnarl|Grimmsnarl, L50, M|49\/100\n|switch|p2b: Iron Hands|Iron Hands, L50|100\/100\n|turn|10\n|\n|t:|1700663308\n|move|p1a: Grimmsnarl|Light Screen|p1a: Grimmsnarl\n|-sidestart|p1: Bigsoccerman24|move: Light Screen\n|move|p2a: Moltres|Air Slash|p1b: Gastrodon\n|-damage|p1b: Gastrodon|74\/100\n|move|p2b: Iron Hands|Heavy Slam|p1a: Grimmsnarl\n|-supereffective|p1a: Grimmsnarl\n|-damage|p1a: Grimmsnarl|0 fnt\n|faint|p1a: Grimmsnarl\n|cant|p1b: Gastrodon|flinch\n|\n|-heal|p1b: Gastrodon|80\/100|[from] Grassy Terrain\n|upkeep\n|\n|t:|1700663314\n|switch|p1a: Heatran|Heatran, L50, M|88\/100\n|turn|11\n|\n|t:|1700663338\n|move|p2a: Moltres|Fiery Wrath|p1a: Heatran|[spread] p1a,p1b\n|-damage|p1a: Heatran|73\/100\n|-damage|p1b: Gastrodon|63\/100\n|move|p1a: Heatran|Substitute|p1a: Heatran\n|-start|p1a: Heatran|Substitute\n|-damage|p1a: Heatran|48\/100\n|move|p2b: Iron Hands|Drain Punch|p1a: Heatran\n|-supereffective|p1a: Heatran\n|-end|p1a: Heatran|Substitute\n|move|p1b: Gastrodon|Yawn|p2b: Iron Hands\n|-start|p2b: Iron Hands|move: Yawn|[of] p1b: Gastrodon\n|\n|-heal|p1a: Heatran|54\/100|[from] Grassy Terrain\n|-heal|p1a: Heatran|60\/100|[from] item: Leftovers\n|-heal|p1b: Gastrodon|69\/100|[from] Grassy Terrain\n|upkeep\n|turn|12\n|\n|t:|1700663355\n|move|p1a: Heatran|Protect|p1a: Heatran\n|-singleturn|p1a: Heatran|Protect\n|move|p1b: Gastrodon|Protect|p1b: Gastrodon\n|-singleturn|p1b: Gastrodon|Protect\n|move|p2a: Moltres|Fiery Wrath|p1b: Gastrodon|[spread] \n|-activate|p1a: Heatran|move: Protect\n|-activate|p1b: Gastrodon|move: Protect\n|move|p2b: Iron Hands|Drain Punch|p1a: Heatran\n|-activate|p1a: Heatran|move: Protect\n|\n|-heal|p1a: Heatran|66\/100|[from] Grassy Terrain\n|-heal|p1a: Heatran|72\/100|[from] item: Leftovers\n|-heal|p1b: Gastrodon|75\/100|[from] Grassy Terrain\n|-end|p2b: Iron Hands|move: Yawn|[silent]\n|-status|p2b: Iron Hands|slp\n|-fieldend|move: Grassy Terrain\n|upkeep\n|turn|13\n|\n|t:|1700663378\n|move|p2a: Moltres|Air Slash|p1b: Gastrodon\n|-damage|p1b: Gastrodon|58\/100\n|move|p1a: Heatran|Earth Power|p2b: Iron Hands\n|-supereffective|p2b: Iron Hands\n|-damage|p2b: Iron Hands|68\/100 slp\n|cant|p2b: Iron Hands|slp\n|move|p1b: Gastrodon|Yawn|p2a: Moltres\n|-start|p2a: Moltres|move: Yawn|[of] p1b: Gastrodon\n|\n|-heal|p1a: Heatran|78\/100|[from] item: Leftovers\n|upkeep\n|turn|14\n|\n|t:|1700663392\n|move|p2a: Moltres|Air Slash|p1b: Gastrodon\n|-damage|p1b: Gastrodon|37\/100\n|-enditem|p1b: Gastrodon|Sitrus Berry|[eat]\n|-heal|p1b: Gastrodon|62\/100|[from] item: Sitrus Berry\n|move|p1a: Heatran|Earth Power|p2b: Iron Hands\n|-supereffective|p2b: Iron Hands\n|-damage|p2b: Iron Hands|34\/100 slp\n|cant|p2b: Iron Hands|slp\n|move|p1b: Gastrodon|Earth Power|p2b: Iron Hands\n|-supereffective|p2b: Iron Hands\n|-damage|p2b: Iron Hands|3\/100 slp\n|\n|-heal|p1a: Heatran|84\/100|[from] item: Leftovers\n|-end|p2a: Moltres|move: Yawn|[silent]\n|-status|p2a: Moltres|slp\n|-sideend|p1: Bigsoccerman24|Reflect\n|upkeep\n|turn|15\n|\n|t:|1700663409\n|cant|p2a: Moltres|slp\n|move|p1a: Heatran|Heat Wave|p2b: Iron Hands|[spread] p2a,p2b\n|-damage|p2a: Moltres|30\/100 slp\n|-damage|p2b: Iron Hands|0 fnt\n|faint|p2b: Iron Hands\n|-end|p2b: Iron Hands|Quark Drive|[silent]\n|-ability|p2a: Moltres|Berserk|boost\n|-boost|p2a: Moltres|spa|1\n|-enditem|p2a: Moltres|Sitrus Berry|[eat]\n|-heal|p2a: Moltres|55\/100 slp|[from] item: Sitrus Berry\n|move|p1b: Gastrodon|Ice Beam|p2a: Moltres\n|-supereffective|p2a: Moltres\n|-damage|p2a: Moltres|27\/100 slp\n|-ability|p2a: Moltres|Berserk|boost\n|-boost|p2a: Moltres|spa|1\n|\n|-heal|p1a: Heatran|90\/100|[from] item: Leftovers\n|upkeep\n|turn|16\n|-message|MaChmp forfeited.\n|\n|win|Bigsoccerman24\n|raw|Bigsoccerman24's rating: 1349 &rarr; <strong>1366<\/strong><br \/>(+17 for winning)\n|raw|MaChmp's rating: 1296 &rarr; <strong>1275<\/strong><br \/>(-21 for losing)\n|l|\u2606MaChmp\n","uploadtime":1700663441,"views":6,"p1id":"bigsoccerman24","p2id":"machmp","formatid":"gen9vgc2023regulatione","rating":1275,"private":0,"password":""}