{"id":"gen9vgc2023regulatione-1996378465","p1":"actornadoboy","p2":"Pabgar","format":"[Gen 9] VGC 2023 Regulation E","log":"|j|\u2606actornadoboy\n|j|\u2606Pabgar\n|n|\u2606actornadoboy|actornadoboy\n|n|\u2606Pabgar|pabgar\n|html|View the match progress at <a href=\"\/game-bestof3-gen9vgc2023regulatione-1996378464\">game-bestof3-gen9vgc2023regulatione-1996378464<\/a>\n|t:|1700676354\n|gametype|doubles\n|player|p1|actornadoboy|boarder|\n|player|p2|Pabgar|169|\n|teamsize|p1|6\n|teamsize|p2|6\n|gen|9\n|tier|[Gen 9] VGC 2023 Regulation E\n|rule|Species Clause: Limit one of each Pok\u00e9mon\n|rule|Item Clause: Limit one of each item\n|clearpoke\n|poke|p1|Regidrago, L50|\n|poke|p1|Farigiraf, L50, M|\n|poke|p1|Tornadus, L50, M|\n|poke|p1|Rillaboom, L50, M|\n|poke|p1|Gholdengo, L50|\n|poke|p1|Urshifu-*, L50, M|\n|poke|p2|Iron Hands, L50|\n|poke|p2|Landorus-Therian, L50, M|\n|poke|p2|Flutter Mane, L50|\n|poke|p2|Heatran, L50, M|\n|poke|p2|Tornadus, L50, M|\n|poke|p2|Dondozo, L50, M|\n|teampreview|4\n|inactive|Battle timer is ON: inactive players will automatically lose when time's up. (requested by actornadoboy)\nPabgar has agreed to open team sheets.\nactornadoboy has agreed to open team sheets.\n|showteam|p1|Regidrago||DracoPlate|DragonsMaw|DragonEnergy,DracoMeteor,EarthPower,Protect||||||50|,,,,,Steel]Farigiraf||SitrusBerry|ArmorTail|DazzlingGleam,HelpingHand,TrickRoom,Imprison|||M|||50|,,,,,Water]Tornadus||CovertCloak|Prankster|Tailwind,BleakwindStorm,RainDance,Taunt|||M|||50|,,,,,Dragon]Rillaboom||AssaultVest|GrassySurge|FakeOut,GrassyGlide,WoodHammer,Uturn|||M|||50|,,,,,Fire]Gholdengo||Leftovers|GoodasGold|MakeItRain,ShadowBall,NastyPlot,Protect||||||50|,,,,,Dragon]Urshifu-Rapid-Strike||ChoiceScarf|UnseenFist|SurgingStrikes,AquaJet,CloseCombat,Uturn|||M|||50|,,,,,Poison\n|showteam|p2|Iron Hands||AssaultVest|QuarkDrive|FakeOut,WildCharge,DrainPunch,HeavySlam||||||50|,,,,,Water]Landorus-Therian||ChoiceScarf|Intimidate|RockSlide,TeraBlast,StompingTantrum,Uturn|||M|||50|,,,,,Flying]Flutter Mane||ChoiceSpecs|Protosynthesis|Thunderbolt,Moonblast,DazzlingGleam,ShadowBall||||||50|,,,,,Fairy]Heatran||SitrusBerry|FlashFire|Protect,EarthPower,MagmaStorm,FlashCannon|||M|||50|,,,,,Grass]Tornadus||CovertCloak|Prankster|BleakwindStorm,Tailwind,SunnyDay,Taunt|||M|||50|,,,,,Electric]Dondozo||Leftovers|Oblivious|Protect,Yawn,HeavySlam,WaveCrash|||M|||50|,,,,,Poison\n|inactive|actornadoboy has 30 seconds left.\n|inactive|Pabgar has 30 seconds left.\n|inactive|actornadoboy has 20 seconds left.\n|inactive|actornadoboy has 15 seconds left.\n|inactive|actornadoboy has 10 seconds left.\n|inactive|actornadoboy has 5 seconds left.\n|\n|t:|1700676410\n|start\n|switch|p1a: Spyro|Regidrago, L50|100\/100\n|switch|p1b: Vito|Tornadus, L50, M|100\/100\n|switch|p2a: Heatran|Heatran, L50, M|100\/100\n|switch|p2b: Dondozo|Dondozo, L50, M|100\/100\n|turn|1\n|inactive|Pabgar has 30 seconds left.\n|\n|t:|1700676438\n|move|p1b: Vito|Tailwind|p1b: Vito\n|-sidestart|p1: actornadoboy|move: Tailwind\n|move|p1a: Spyro|Dragon Energy|p2a: Heatran|[spread] p2a,p2b\n|-resisted|p2a: Heatran\n|-damage|p2a: Heatran|60\/100\n|-damage|p2b: Dondozo|31\/100\n|move|p2a: Heatran|Magma Storm|p1a: Spyro\n|-resisted|p1a: Spyro\n|-damage|p1a: Spyro|73\/100\n|-activate|p1a: Spyro|move: Magma Storm|[of] p2a: Heatran\n|move|p2b: Dondozo|Wave Crash|p1a: Spyro\n|-resisted|p1a: Spyro\n|-damage|p1a: Spyro|52\/100\n|-damage|p2b: Dondozo|24\/100|[from] Recoil\n|\n|-heal|p2b: Dondozo|30\/100|[from] item: Leftovers\n|-damage|p1a: Spyro|40\/100|[from] move: Magma Storm|[partiallytrapped]\n|upkeep\n|turn|2\n|inactive|Pabgar has 30 seconds left.\n|\n|t:|1700676464\n|move|p2a: Heatran|Protect|p2a: Heatran\n|-singleturn|p2a: Heatran|Protect\n|move|p2b: Dondozo|Protect|p2b: Dondozo\n|-singleturn|p2b: Dondozo|Protect\n|move|p1b: Vito|Bleakwind Storm|p2b: Dondozo|[spread] \n|-activate|p2a: Heatran|move: Protect\n|-activate|p2b: Dondozo|move: Protect\n|move|p1a: Spyro|Earth Power|p2a: Heatran\n|-activate|p2a: Heatran|move: Protect\n|\n|-heal|p2b: Dondozo|36\/100|[from] item: Leftovers\n|-damage|p1a: Spyro|28\/100|[from] move: Magma Storm|[partiallytrapped]\n|upkeep\n|turn|3\n|inactive|Pabgar has 30 seconds left.\n|\n|t:|1700676491\n|-terastallize|p2a: Heatran|Grass\n|move|p1b: Vito|Bleakwind Storm|p2b: Dondozo|[spread] p2a\n|-miss|p1b: Vito|p2b: Dondozo\n|-supereffective|p2a: Heatran\n|-damage|p2a: Heatran|9\/100\n|-enditem|p2a: Heatran|Sitrus Berry|[eat]\n|-heal|p2a: Heatran|33\/100|[from] item: Sitrus Berry\n|move|p1a: Spyro|Draco Meteor|p2a: Heatran\n|-damage|p2a: Heatran|0 fnt\n|-unboost|p1a: Spyro|spa|2\n|faint|p2a: Heatran\n|move|p2b: Dondozo|Yawn|p1b: Vito\n|-start|p1b: Vito|move: Yawn|[of] p2b: Dondozo\n|\n|-heal|p2b: Dondozo|42\/100|[from] item: Leftovers\n|-end|p1a: Spyro|Magma Storm|[partiallytrapped]|[silent]\n|upkeep\n|\n|t:|1700676510\n|switch|p2a: Iron Hands|Iron Hands, L50|100\/100\n|turn|4\n|inactive|Pabgar has 30 seconds left.\n|\n|t:|1700676543\n|switch|p1b: King Julien|Rillaboom, L50, M|100\/100\n|-fieldstart|move: Grassy Terrain|[from] ability: Grassy Surge|[of] p1b: King Julien\n|move|p1a: Spyro|Draco Meteor|p2b: Dondozo\n|-damage|p2b: Dondozo|7\/100\n|-unboost|p1a: Spyro|spa|2\n|move|p2a: Iron Hands|Wild Charge|p1b: King Julien\n|-resisted|p1b: King Julien\n|-damage|p1b: King Julien|77\/100\n|-damage|p2a: Iron Hands|96\/100|[from] Recoil\n|move|p2b: Dondozo|Yawn|p1a: Spyro\n|-start|p1a: Spyro|move: Yawn|[of] p2b: Dondozo\n|\n|-heal|p1b: King Julien|83\/100|[from] Grassy Terrain\n|-heal|p1a: Spyro|34\/100|[from] Grassy Terrain\n|-heal|p2a: Iron Hands|100\/100|[from] Grassy Terrain\n|-heal|p2b: Dondozo|13\/100|[from] Grassy Terrain\n|-heal|p2b: Dondozo|20\/100|[from] item: Leftovers\n|-sideend|p1: actornadoboy|move: Tailwind\n|upkeep\n|turn|5\n|inactive|Pabgar has 30 seconds left.\n|\n|t:|1700676568\n|switch|p1a: Vito|Tornadus, L50, M|100\/100\n|move|p1b: King Julien|Fake Out|p2b: Dondozo\n|-damage|p2b: Dondozo|10\/100\n|move|p2a: Iron Hands|Drain Punch|p1b: King Julien\n|-damage|p1b: King Julien|44\/100\n|cant|p2b: Dondozo|flinch\n|\n|-heal|p1b: King Julien|50\/100|[from] Grassy Terrain\n|-heal|p2b: Dondozo|17\/100|[from] Grassy Terrain\n|-heal|p2b: Dondozo|23\/100|[from] item: Leftovers\n|upkeep\n|turn|6\n|\n|t:|1700676591\n|move|p1a: Vito|Bleakwind Storm|p2a: Iron Hands|[spread] p2a,p2b\n|-damage|p2a: Iron Hands|82\/100\n|-damage|p2b: Dondozo|0 fnt\n|-unboost|p2a: Iron Hands|spe|1\n|faint|p2b: Dondozo\n|move|p1b: King Julien|Wood Hammer|p2a: Iron Hands\n|-damage|p2a: Iron Hands|26\/100\n|-damage|p1b: King Julien|27\/100|[from] Recoil\n|move|p2a: Iron Hands|Drain Punch|p1b: King Julien\n|-damage|p1b: King Julien|0 fnt\n|-heal|p2a: Iron Hands|37\/100|[from] drain|[of] p1b: King Julien\n|faint|p1b: King Julien\n|\n|-heal|p2a: Iron Hands|43\/100|[from] Grassy Terrain\n|upkeep\n|\n|t:|1700676606\n|switch|p1b: Spyro|Regidrago, L50|34\/100\n|switch|p2b: Landorus|Landorus-Therian, L50, M|100\/100\n|-ability|p2b: Landorus|Intimidate|boost\n|-unboost|p1a: Vito|atk|1\n|-unboost|p1b: Spyro|atk|1\n|turn|7\n|\n|t:|1700676626\n|move|p1b: Spyro|Protect|p1b: Spyro\n|-singleturn|p1b: Spyro|Protect\n|move|p1a: Vito|Tailwind|p1a: Vito\n|-sidestart|p1: actornadoboy|move: Tailwind\n|move|p2b: Landorus|Stomping Tantrum|p1b: Spyro\n|-activate|p1b: Spyro|move: Protect\n|move|p2a: Iron Hands|Wild Charge|p1a: Vito\n|-supereffective|p1a: Vito\n|-damage|p1a: Vito|0 fnt\n|faint|p1a: Vito\n|-damage|p2a: Iron Hands|27\/100|[from] Recoil\n|\n|-heal|p1b: Spyro|40\/100|[from] Grassy Terrain\n|-heal|p2a: Iron Hands|34\/100|[from] Grassy Terrain\n|upkeep\n|\n|t:|1700676628\n|switch|p1a: Smokey|Urshifu-Rapid-Strike, L50, M|100\/100\n|turn|8\n|\n|t:|1700676644\n|move|p1a: Smokey|Surging Strikes|p2b: Landorus\n|-supereffective|p2b: Landorus\n|-crit|p2b: Landorus\n|-damage|p2b: Landorus|57\/100\n|-supereffective|p2b: Landorus\n|-crit|p2b: Landorus\n|-damage|p2b: Landorus|15\/100\n|-supereffective|p2b: Landorus\n|-crit|p2b: Landorus\n|-damage|p2b: Landorus|0 fnt\n|faint|p2b: Landorus\n|-hitcount|p2: Landorus|3\n|move|p1b: Spyro|Draco Meteor|p2a: Iron Hands\n|-damage|p2a: Iron Hands|0 fnt\n|-unboost|p1b: Spyro|spa|2\n|faint|p2a: Iron Hands\n|-end|p2a: Iron Hands|Quark Drive|[silent]\n|\n|win|actornadoboy\n|c|&|\/uhtml prompt-actornadoboy,actornadoboy is ready for game 2!\n|c|&|\/uhtml prompt-pabgar,Pabgar is ready for game 2!\nBoth players are ready! Starting next match!\n|l|\u2606actornadoboy\n|l|\u2606Pabgar\n|j|\u2606actornadoboy\n|player|p1|actornadoboy|boarder\n","uploadtime":1700677136,"views":13,"p1id":"actornadoboy","p2id":"pabgar","formatid":"gen9vgc2023regulatione","rating":0,"private":0,"password":""}