{"id":"gen9vgc2023regulatione-1988358972","p1":"Zodiaque","p2":"NeoFutureDude","format":"[Gen 9] VGC 2023 Regulation E","log":"|j|\u2606Zodiaque\n|j|\u2606NeoFutureDude\n|t:|1699713630\n|gametype|doubles\n|player|p1|Zodiaque|preschooler|\n|player|p2|NeoFutureDude|ethan|\n|teamsize|p1|6\n|teamsize|p2|6\n|gen|9\n|tier|[Gen 9] VGC 2023 Regulation E\n|rule|Species Clause: Limit one of each Pok\u00e9mon\n|rule|Item Clause: Limit one of each item\n|clearpoke\n|poke|p1|Illumise, L50, F|\n|poke|p1|Poliwrath, L50, F|\n|poke|p1|Toedscruel, L50, M|\n|poke|p1|Arcanine-Hisui, L50, F|\n|poke|p1|Vikavolt, L50, M|\n|poke|p1|Garchomp, L50, M|\n|poke|p2|Mamoswine, L50, M|\n|poke|p2|Froslass, L50, F|\n|poke|p2|Vikavolt, L50, M|\n|poke|p2|Snorlax, L50, M|\n|poke|p2|Gliscor, L50, M|\n|poke|p2|Kommo-o, L50, M|\n|teampreview|4\n|inactive|Battle timer is ON: inactive players will automatically lose when time's up. (requested by Zodiaque)\n|inactive|Zodiaque has 60 seconds left.\n|inactive|Zodiaque has 30 seconds left.\n|inactive|Zodiaque has 20 seconds left.\n|inactive|Zodiaque has 15 seconds left.\n|inactive|Zodiaque has 10 seconds left.\n|\n|t:|1699713712\n|start\n|switch|p1a: Vikavolt|Vikavolt, L50, M|100\/100\n|switch|p1b: Garchomp|Garchomp, L50, M|100\/100\n|switch|p2a: Snorlax|Snorlax, L50, M|100\/100\n|switch|p2b: Warrior|Kommo-o, L50, M|100\/100\n|turn|1\n|inactive|Zodiaque has 30 seconds left.\n|inactive|NeoFutureDude has 30 seconds left.\n|inactive|Zodiaque has 20 seconds left.\n|inactive|Zodiaque has 15 seconds left.\n|inactive|Zodiaque has 10 seconds left.\n|\n|t:|1699713761\n|-terastallize|p2a: Snorlax|Normal\n|move|p1b: Garchomp|Dragon Claw|p2b: Warrior\n|-supereffective|p2b: Warrior\n|-damage|p2b: Warrior|19\/100\n|move|p2b: Warrior|Fire Punch|p1a: Vikavolt\n|-supereffective|p1a: Vikavolt\n|-damage|p1a: Vikavolt|57\/100\n|move|p1a: Vikavolt|Discharge|p2b: Warrior|[spread] p2a,p2b\n|-immune|p1b: Garchomp\n|-resisted|p2b: Warrior\n|-damage|p2a: Snorlax|78\/100\n|-damage|p2b: Warrior|2\/100\n|-status|p2b: Warrior|par\n|move|p2a: Snorlax|Giga Impact|p1b: Garchomp\n|-enditem|p2a: Snorlax|Normal Gem|[from] gem\n|-damage|p1b: Garchomp|0 fnt\n|-mustrecharge|p2a: Snorlax\n|-damage|p2a: Snorlax|66\/100|[from] ability: Rough Skin|[of] p1b: Garchomp\n|faint|p1b: Garchomp\n|\n|upkeep\n|\n|t:|1699713781\n|switch|p1b: Poliwrath|Poliwrath, L50, F|100\/100\n|turn|2\n|\n|t:|1699713793\n|switch|p2b: Tox|Gliscor, L50, M|100\/100\n|move|p1b: Poliwrath|Bulk Up|p1b: Poliwrath\n|-boost|p1b: Poliwrath|atk|1\n|-boost|p1b: Poliwrath|def|1\n|move|p1a: Vikavolt|Bug Buzz|p2b: Tox\n|-resisted|p2b: Tox\n|-damage|p2b: Tox|64\/100\n|cant|p2a: Snorlax|recharge\n|\n|-status|p2b: Tox|tox|[from] item: Toxic Orb\n|upkeep\n|turn|3\n|inactive|Zodiaque has 30 seconds left.\n|inactive|NeoFutureDude has 30 seconds left.\n|inactive|NeoFutureDude has 20 seconds left.\n|inactive|NeoFutureDude has 15 seconds left.\n|inactive|NeoFutureDude has 10 seconds left.\n|inactive|NeoFutureDude has 5 seconds left.\n|\n|t:|1699713849\n|move|p1b: Poliwrath|Protect|p1b: Poliwrath\n|-singleturn|p1b: Poliwrath|Protect\n|move|p1a: Vikavolt|Protect|p1a: Vikavolt\n|-singleturn|p1a: Vikavolt|Protect\n|move|p2b: Tox|Fling|p1a: Vikavolt\n|-activate|p1a: Vikavolt|move: Protect\n|-enditem|p2b: Tox|Toxic Orb|[from] move: Fling\n|move|p2a: Snorlax|Gunk Shot|p1a: Vikavolt\n|-activate|p1a: Vikavolt|move: Protect\n|\n|-heal|p2b: Tox|76\/100 tox|[from] ability: Poison Heal\n|upkeep\n|turn|4\n|inactive|Zodiaque has 30 seconds left.\n|inactive|NeoFutureDude has 30 seconds left.\n|\n|t:|1699713881\n|switch|p1a: Arcanine|Arcanine-Hisui, L50, F|100\/100\n|-ability|p1a: Arcanine|Intimidate|boost\n|-unboost|p2a: Snorlax|atk|1\n|-unboost|p2b: Tox|atk|1\n|move|p2b: Tox|Facade|p1a: Arcanine\n|-resisted|p1a: Arcanine\n|-damage|p1a: Arcanine|85\/100\n|move|p1b: Poliwrath|Drain Punch|p2a: Snorlax\n|-supereffective|p2a: Snorlax\n|-damage|p2a: Snorlax|0 fnt\n|faint|p2a: Snorlax\n|\n|-heal|p2b: Tox|88\/100 tox|[from] ability: Poison Heal\n|upkeep\n|\n|t:|1699713896\n|switch|p2a: Warrior|Kommo-o, L50, M|2\/100 par\n|turn|5\n|inactive|Zodiaque has 30 seconds left.\n|inactive|Zodiaque has 20 seconds left.\n|\n|t:|1699713940\n|switch|p2b: Charge|Vikavolt, L50, M, shiny|100\/100\n|switch|p1a: Vikavolt|Vikavolt, L50, M|57\/100\n|move|p1b: Poliwrath|Drain Punch|p2a: Warrior\n|-damage|p2a: Warrior|0 fnt\n|faint|p2a: Warrior\n|\n|upkeep\n|\n|t:|1699713950\n|switch|p2a: Tox|Gliscor, L50, M|88\/100 tox\n|turn|6\n|inactive|Zodiaque has 30 seconds left.\n|inactive|Zodiaque has 20 seconds left.\n|inactive|Zodiaque has 15 seconds left.\n|\n|t:|1699713992\n|move|p1b: Poliwrath|Protect|p1b: Poliwrath\n|-singleturn|p1b: Poliwrath|Protect\n|move|p2a: Tox|Acrobatics|p1b: Poliwrath\n|-activate|p1b: Poliwrath|move: Protect\n|move|p1a: Vikavolt|Bug Buzz|p2b: Charge\n|-damage|p2b: Charge|56\/100\n|move|p2b: Charge|Discharge|p1b: Poliwrath|[spread] p1a\n|-activate|p1b: Poliwrath|move: Protect\n|-immune|p2a: Tox\n|-resisted|p1a: Vikavolt\n|-damage|p1a: Vikavolt|34\/100\n|\n|-heal|p2a: Tox|100\/100 tox|[from] ability: Poison Heal\n|upkeep\n|turn|7\n|inactive|Zodiaque has 30 seconds left.\n|\n|t:|1699714019\n|-terastallize|p1b: Poliwrath|Fire\n|move|p2a: Tox|Acrobatics|p1b: Poliwrath\n|-damage|p1b: Poliwrath|70\/100\n|move|p1b: Poliwrath|Liquidation|p2a: Tox\n|-supereffective|p2a: Tox\n|-damage|p2a: Tox|16\/100 tox\n|move|p1a: Vikavolt|Bug Buzz|p2b: Charge\n|-damage|p2b: Charge|15\/100\n|move|p2b: Charge|Discharge|p1b: Poliwrath|[spread] p1a,p1b\n|-immune|p2a: Tox\n|-resisted|p1a: Vikavolt\n|-damage|p1a: Vikavolt|11\/100\n|-damage|p1b: Poliwrath|43\/100\n|-enditem|p1b: Poliwrath|Sitrus Berry|[eat]\n|-heal|p1b: Poliwrath|68\/100|[from] item: Sitrus Berry\n|-enditem|p1a: Vikavolt|Iapapa Berry|[eat]\n|-heal|p1a: Vikavolt|44\/100|[from] item: Iapapa Berry\n|\n|-heal|p2a: Tox|29\/100 tox|[from] ability: Poison Heal\n|upkeep\n|turn|8\n|inactive|Zodiaque has 30 seconds left.\n|inactive|NeoFutureDude has 30 seconds left.\n|inactive|NeoFutureDude has 20 seconds left.\n|inactive|Zodiaque has 20 seconds left.\n|inactive|NeoFutureDude has 15 seconds left.\n|\n|t:|1699714063\n|move|p1b: Poliwrath|Protect|p1b: Poliwrath\n|-singleturn|p1b: Poliwrath|Protect\n|move|p2a: Tox|Earthquake|p1b: Poliwrath|[spread] \n|-activate|p1b: Poliwrath|move: Protect\n|-immune|p2b: Charge|[from] ability: Levitate\n|-immune|p1a: Vikavolt|[from] ability: Levitate\n|move|p1a: Vikavolt|Bug Buzz|p2b: Charge\n|-damage|p2b: Charge|0 fnt\n|faint|p2b: Charge\n|\n|-heal|p2a: Tox|40\/100 tox|[from] ability: Poison Heal\n|upkeep\n|turn|9\n|inactive|Zodiaque has 30 seconds left.\n|\n|t:|1699714088\n|move|p2a: Tox|Earthquake|p1a: Vikavolt|[spread] p1b\n|-immune|p1a: Vikavolt|[from] ability: Levitate\n|-supereffective|p1b: Poliwrath\n|-damage|p1b: Poliwrath|27\/100\n|move|p1b: Poliwrath|Liquidation|p2a: Tox\n|-supereffective|p2a: Tox\n|-damage|p2a: Tox|0 fnt\n|faint|p2a: Tox\n|\n|win|Zodiaque\n|c|\u2606Zodiaque|gg!\n","uploadtime":1699714102,"views":23,"p1id":"zodiaque","p2id":"neofuturedude","formatid":"gen9vgc2023regulatione","rating":0,"private":0,"password":""}