{"id":"gen9vgc2023regulatione-2000051982","p1":"badatthis123","p2":"TaioD3","format":"[Gen 9] VGC 2023 Regulation E","log":"|j|\u2606badatthis123\n|j|\u2606TaioD3\n|t:|1701146451\n|gametype|doubles\n|player|p1|badatthis123|265|1189\n|player|p2|TaioD3|elesa|1131\n|teamsize|p1|6\n|teamsize|p2|6\n|gen|9\n|tier|[Gen 9] VGC 2023 Regulation E\n|rated|\n|rule|Species Clause: Limit one of each Pok\u00e9mon\n|rule|Item Clause: Limit one of each item\n|clearpoke\n|poke|p1|Ogerpon-Cornerstone, L50, F|\n|poke|p1|Gastrodon, L50, M|\n|poke|p1|Grimmsnarl, L50, M|\n|poke|p1|Dragonite, L50, F|\n|poke|p1|Chien-Pao, L50|\n|poke|p1|Heatran, L50, M|\n|poke|p2|Oricorio-Sensu, L50, F|\n|poke|p2|Samurott-Hisui, L50, F|\n|poke|p2|Amoonguss, L50, F|\n|poke|p2|Volcarona, L50, F|\n|poke|p2|Kingambit, L50, M|\n|poke|p2|Iron Hands, L50|\n|teampreview|4\n|inactive|Battle timer is ON: inactive players will automatically lose when time's up. (requested by badatthis123)\n|inactive|badatthis123 has 60 seconds left.\n|inactive|TaioD3 has 60 seconds left.\n|\n|t:|1701146510\n|start\n|switch|p1a: Chien-Pao|Chien-Pao, L50|100\/100\n|switch|p1b: Grimmsnarl|Grimmsnarl, L50, M|100\/100\n|switch|p2a: Volcarona|Volcarona, L50, F, shiny|100\/100\n|switch|p2b: Kingambit|Kingambit, L50, M, shiny|100\/100\n|-ability|p1a: Chien-Pao|Sword of Ruin\n|turn|1\n|inactive|badatthis123 has 30 seconds left.\n|\n|t:|1701146545\n|switch|p1b: Heatran|Heatran, L50, M|100\/100\n|switch|p2b: Oricorio|Oricorio-Sensu, L50, F, shiny|100\/100\n|move|p1a: Chien-Pao|Sacred Sword|p2b: Oricorio\n|-immune|p2b: Oricorio\n|move|p2a: Volcarona|Quiver Dance|p2a: Volcarona\n|-boost|p2a: Volcarona|spa|1\n|-boost|p2a: Volcarona|spd|1\n|-boost|p2a: Volcarona|spe|1\n|-activate|p2b: Oricorio|ability: Dancer\n|move|p2b: Oricorio|Quiver Dance|p2b: Oricorio|[from]ability: Dancer\n|-boost|p2b: Oricorio|spa|1\n|-boost|p2b: Oricorio|spd|1\n|-boost|p2b: Oricorio|spe|1\n|\n|upkeep\n|turn|2\n|inactive|badatthis123 has 30 seconds left.\n|\n|t:|1701146573\n|move|p2b: Oricorio|Protect|p2b: Oricorio\n|-singleturn|p2b: Oricorio|Protect\n|move|p1a: Chien-Pao|Sucker Punch||[still]\n|-fail|p1a: Chien-Pao\n|move|p2a: Volcarona|Fiery Dance|p1a: Chien-Pao\n|-supereffective|p1a: Chien-Pao\n|-enditem|p1a: Chien-Pao|Focus Sash\n|-damage|p1a: Chien-Pao|1\/100\n|-boost|p2a: Volcarona|spa|1\n|-activate|p2b: Oricorio|ability: Dancer\n|move|p2b: Oricorio|Fiery Dance|p1a: Chien-Pao|[from]ability: Dancer\n|-supereffective|p1a: Chien-Pao\n|-damage|p1a: Chien-Pao|0 fnt\n|faint|p1a: Chien-Pao\n|move|p1b: Heatran|Power Gem|p2a: Volcarona\n|-supereffective|p2a: Volcarona\n|-damage|p2a: Volcarona|0 fnt\n|faint|p2a: Volcarona\n|\n|upkeep\n|inactive|TaioD3 has 30 seconds left.\n|\n|t:|1701146598\n|switch|p1a: Grimmsnarl|Grimmsnarl, L50, M|100\/100\n|switch|p2a: Samurott|Samurott-Hisui, L50, F, shiny|100\/100\n|turn|3\n|inactive|badatthis123 has 30 seconds left.\n|inactive|TaioD3 has 30 seconds left.\n|\n|t:|1701146632\n|move|p1a: Grimmsnarl|Reflect|p1a: Grimmsnarl\n|-sidestart|p1: badatthis123|Reflect\n|move|p2b: Oricorio|Revelation Dance|p1b: Heatran\n|-damage|p1b: Heatran|37\/100\n|move|p2a: Samurott|Razor Shell|p1b: Heatran|[miss]\n|-miss|p2a: Samurott|p1b: Heatran\n|move|p1b: Heatran|Power Gem|p2b: Oricorio\n|-supereffective|p2b: Oricorio\n|-enditem|p2b: Oricorio|Focus Sash\n|-damage|p2b: Oricorio|1\/100\n|\n|upkeep\n|turn|4\n|inactive|badatthis123 has 30 seconds left.\n|inactive|badatthis123 has 20 seconds left.\n|inactive|badatthis123 has 15 seconds left.\n|\n|t:|1701146674\n|-terastallize|p2b: Oricorio|Fairy\n|move|p2b: Oricorio|Revelation Dance|p1a: Grimmsnarl\n|-supereffective|p1a: Grimmsnarl\n|-damage|p1a: Grimmsnarl|0 fnt\n|faint|p1a: Grimmsnarl\n|move|p2a: Samurott|Razor Shell|p1b: Heatran\n|-supereffective|p1b: Heatran\n|-damage|p1b: Heatran|0 fnt\n|faint|p1b: Heatran\n|-damage|p2a: Samurott|91\/100|[from] item: Life Orb\n|\n|upkeep\n|\n|t:|1701146686\n|switch|p1b: Ogerpon|Ogerpon-Cornerstone, L50, F|100\/100\n|turn|5\n|\n|t:|1701146702\n|move|p2b: Oricorio|Revelation Dance|p1b: Ogerpon\n|-damage|p1b: Ogerpon|31\/100\n|move|p1b: Ogerpon|Horn Leech|p2a: Samurott\n|-supereffective|p2a: Samurott\n|-damage|p2a: Samurott|0 fnt\n|-heal|p1b: Ogerpon|79\/100|[from] drain|[of] p2a: Samurott\n|faint|p2a: Samurott\n|\n|upkeep\n|\n|t:|1701146710\n|switch|p2a: Kingambit|Kingambit, L50, M, shiny|100\/100\n|turn|6\n|\n|t:|1701146724\n|move|p2b: Oricorio|Revelation Dance|p1b: Ogerpon\n|-damage|p1b: Ogerpon|7\/100\n|move|p1b: Ogerpon|Stomping Tantrum|p2a: Kingambit\n|-supereffective|p2a: Kingambit\n|-crit|p2a: Kingambit\n|-damage|p2a: Kingambit|36\/100\n|move|p2a: Kingambit|Iron Head|p1b: Ogerpon\n|-supereffective|p1b: Ogerpon\n|-damage|p1b: Ogerpon|0 fnt\n|faint|p1b: Ogerpon\n|\n|win|TaioD3\n|raw|badatthis123's rating: 1189 &rarr; <strong>1160<\/strong><br \/>(-29 for losing)\n|raw|TaioD3's rating: 1131 &rarr; <strong>1160<\/strong><br \/>(+29 for winning)\n|l|\u2606badatthis123\n","uploadtime":1701146741,"views":28,"p1id":"badatthis123","p2id":"taiod3","formatid":"gen9vgc2023regulatione","rating":1160,"private":0,"password":""}