{"id":"gen9vgc2023regulatione-1993723806","p1":"Rean412","p2":"Jesuuuus","format":"[Gen 9] VGC 2023 Regulation E","log":"|j|\u2606Rean412\n|j|\u2606Jesuuuus\n|t:|1700349708\n|gametype|doubles\n|player|p1|Rean412|170|\n|player|p2|Jesuuuus|alec-anime|\n|teamsize|p1|6\n|teamsize|p2|6\n|gen|9\n|tier|[Gen 9] VGC 2023 Regulation E\n|rated|Tournament battle\n|rule|Species Clause: Limit one of each Pok\u00e9mon\n|rule|Item Clause: Limit one of each item\n|clearpoke\n|poke|p1|Cresselia, L50, F|\n|poke|p1|Iron Hands, L50|\n|poke|p1|Ninetales-Alola, L50, M|\n|poke|p1|Annihilape, L50, M|\n|poke|p1|Flutter Mane, L50|\n|poke|p1|Ursaluna, L50, M|\n|poke|p2|Rillaboom, L50, M|\n|poke|p2|Gastrodon-East, L50, M|\n|poke|p2|Iron Hands, L50|\n|poke|p2|Arcanine-Hisui, L50, M|\n|poke|p2|Kingambit, L50, M|\n|poke|p2|Farigiraf, L50, F|\n|teampreview|4\n|showteam|p1|Cresselia||MentalHerb|Levitate|DazzlingGleam,HelpingHand,LunarBlessing,TrickRoom|||F|||50|,,,,,Fairy]Iron Hands||AssaultVest|QuarkDrive|WildCharge,DrainPunch,HeavySlam,FakeOut||||||50|,,,,,Water]Ninetales-Alola||LightClay|SnowWarning|Blizzard,IcyWind,AuroraVeil,Protect|||M|||50|,,,,,Ghost]Annihilape||Leftovers|Defiant|RageFist,DrainPunch,BulkUp,Protect|||M|||50|,,,,,Fire]Flutter Mane||BoosterEnergy|Protosynthesis|Moonblast,DazzlingGleam,ShadowBall,Protect||||||50|,,,,,Fairy]Ursaluna||FlameOrb|Guts|Facade,Earthquake,Crunch,Protect|||M|||50|,,,,,Fairy\n|showteam|p2|Rillaboom||MiracleSeed|GrassySurge|FakeOut,GrassyGlide,WoodHammer,Protect|||M|||50|,,,,,Grass]Gastrodon-East||Leftovers|StormDrain|IceBeam,EarthPower,Yawn,Protect|||M|||50|,,,,,Fairy]Iron Hands||AssaultVest|QuarkDrive|WildCharge,HeavySlam,DrainPunch,FakeOut||||||50|,,,,,Fire]Arcanine-Hisui||SafetyGoggles|Intimidate|ExtremeSpeed,RockSlide,FlareBlitz,Protect|||M|||50|,,,,,Fairy]Kingambit||BlackGlasses|Defiant|KowtowCleave,SuckerPunch,SwordsDance,Protect|||M|||50|,,,,,Dark]Farigiraf||SitrusBerry|ArmorTail|Imprison,HyperVoice,TrickRoom,Psychic|||F|||50|,,,,,Fairy\n|j| from pallet town\n|j| Topperlecat\n|c|\u2606Jesuuuus|gl hf\n|inactive|Battle timer is ON: inactive players will automatically lose when time's up. (requested by Rean412)\n|l| Topperlecat\n|c|\u2606Rean412|GLHF sorry. I\u2019m supposed to be getting ready for work\n|c|\u2606Jesuuuus|no worries\n|inactive|Rean412 has 60 seconds left.\n|inactive|Jesuuuus has 60 seconds left.\n|j| Flarefox_7\n|\n|t:|1700349768\n|start\n|switch|p1a: Cresselia|Cresselia, L50, F|100\/100\n|switch|p1b: Ninetales|Ninetales-Alola, L50, M|100\/100\n|switch|p2a: Giraffe|Farigiraf, L50, F|100\/100\n|switch|p2b: Cat?|Iron Hands, L50|100\/100\n|-weather|Snow|[from] ability: Snow Warning|[of] p1b: Ninetales\n|turn|1\n|inactive|Rean412 has 30 seconds left.\n|\n|t:|1700349799\n|move|p1b: Ninetales|Aurora Veil|p1b: Ninetales\n|-sidestart|p1: Rean412|move: Aurora Veil\n|move|p2a: Giraffe|Imprison|p2a: Giraffe\n|-start|p2a: Giraffe|move: Imprison\n|move|p2b: Cat?|Heavy Slam|p1b: Ninetales\n|-supereffective|p1b: Ninetales\n|-damage|p1b: Ninetales|12\/100\n|cant|p1a: Cresselia|move: Imprison|Trick Room\n|\n|-weather|Snow|[upkeep]\n|upkeep\n|turn|2\n|\n|t:|1700349812\n|-end|p2b: Cat?|Quark Drive|[silent]\n|switch|p2b: ???|Kingambit, L50, M|100\/100\n|move|p1a: Cresselia|Helping Hand|p1b: Ninetales\n|-singleturn|p1b: Ninetales|Helping Hand|[of] p1a: Cresselia\n|move|p1b: Ninetales|Blizzard|p2a: Giraffe|[spread] p2a,p2b\n|-resisted|p2b: ???\n|-damage|p2a: Giraffe|68\/100\n|-damage|p2b: ???|83\/100\n|-status|p2b: ???|frz\n|move|p2a: Giraffe|Hyper Voice|p1b: Ninetales|[spread] p1a,p1b\n|-damage|p1a: Cresselia|86\/100\n|-damage|p1b: Ninetales|0 fnt\n|faint|p1b: Ninetales\n|\n|-weather|Snow|[upkeep]\n|upkeep\n|\n|t:|1700349826\n|switch|p1b: Annihilape|Annihilape, L50, M|100\/100\n|turn|3\n|\n|t:|1700349846\n|-terastallize|p1b: Annihilape|Fire\n|move|p1b: Annihilape|Bulk Up|p1b: Annihilape\n|-boost|p1b: Annihilape|atk|1\n|-boost|p1b: Annihilape|def|1\n|move|p1a: Cresselia|Dazzling Gleam|p2a: Giraffe|[spread] p2a,p2b\n|-damage|p2a: Giraffe|58\/100\n|-damage|p2b: ???|73\/100 frz\n|move|p2a: Giraffe|Psychic|p1b: Annihilape\n|-crit|p1b: Annihilape\n|-damage|p1b: Annihilape|41\/100\n|cant|p2b: ???|frz\n|\n|-weather|Snow|[upkeep]\n|-heal|p1b: Annihilape|47\/100|[from] item: Leftovers\n|upkeep\n|turn|4\n|\n|t:|1700349864\n|move|p1a: Cresselia|Helping Hand|p1b: Annihilape\n|-singleturn|p1b: Annihilape|Helping Hand|[of] p1a: Cresselia\n|move|p1b: Annihilape|Drain Punch|p2a: Giraffe\n|-damage|p2a: Giraffe|0 fnt\n|-heal|p1b: Annihilape|75\/100|[from] drain|[of] p2a: Giraffe\n|faint|p2a: Giraffe\n|cant|p2b: ???|frz\n|\n|-weather|Snow|[upkeep]\n|-heal|p1b: Annihilape|81\/100|[from] item: Leftovers\n|upkeep\n|\n|t:|1700349871\n|switch|p2a: Cat?|Iron Hands, L50|100\/100\n|turn|5\n|\n|t:|1700349884\n|move|p2a: Cat?|Fake Out|p1b: Annihilape\n|-damage|p1b: Annihilape|74\/100\n|cant|p1b: Annihilape|flinch\n|move|p1a: Cresselia|Lunar Blessing|p1a: Cresselia|[spread] p1a,p1b\n|-heal|p1a: Cresselia|100\/100\n|-heal|p1b: Annihilape|99\/100\n|-curestatus|p2b: ???|frz|[msg]\n|move|p2b: ???|Swords Dance|p2b: ???\n|-boost|p2b: ???|atk|2\n|\n|-weather|none\n|-heal|p1b: Annihilape|100\/100|[from] item: Leftovers\n|upkeep\n|turn|6\n|\n|t:|1700349908\n|move|p1a: Cresselia|Helping Hand|p1b: Annihilape\n|-singleturn|p1b: Annihilape|Helping Hand|[of] p1a: Cresselia\n|move|p2b: ???|Protect|p2b: ???\n|-singleturn|p2b: ???|Protect\n|move|p1b: Annihilape|Drain Punch|p2b: ???\n|-activate|p2b: ???|move: Protect\n|move|p2a: Cat?|Drain Punch|p1b: Annihilape\n|-damage|p1b: Annihilape|83\/100\n|\n|-heal|p1b: Annihilape|89\/100|[from] item: Leftovers\n|upkeep\n|turn|7\n|\n|t:|1700349927\n|-terastallize|p2b: ???|Dark\n|move|p1a: Cresselia|Helping Hand|p1b: Annihilape\n|-singleturn|p1b: Annihilape|Helping Hand|[of] p1a: Cresselia\n|move|p2b: ???|Sucker Punch|p1b: Annihilape\n|-damage|p1b: Annihilape|35\/100\n|move|p1b: Annihilape|Rage Fist|p2b: ???\n|-resisted|p2b: ???\n|-damage|p2b: ???|0 fnt\n|faint|p2b: ???\n|move|p2a: Cat?|Drain Punch|p1b: Annihilape\n|-damage|p1b: Annihilape|19\/100\n|\n|-heal|p1b: Annihilape|25\/100|[from] item: Leftovers\n|upkeep\n|\n|t:|1700349938\n|switch|p2b: Dog|Arcanine-Hisui, L50, M|100\/100\n|-ability|p2b: Dog|Intimidate|boost\n|-unboost|p1a: Cresselia|atk|1\n|-unboost|p1b: Annihilape|atk|1\n|-ability|p1b: Annihilape|Defiant|boost\n|-boost|p1b: Annihilape|atk|2\n|turn|8\n|\n|t:|1700349949\n|move|p1b: Annihilape|Protect|p1b: Annihilape\n|-singleturn|p1b: Annihilape|Protect\n|move|p2b: Dog|Rock Slide|p1b: Annihilape|[spread] p1a\n|-activate|p1b: Annihilape|move: Protect\n|-damage|p1a: Cresselia|90\/100\n|move|p1a: Cresselia|Lunar Blessing|p1a: Cresselia|[spread] p1a,p1b\n|-heal|p1a: Cresselia|100\/100\n|-heal|p1b: Annihilape|50\/100\n|move|p2a: Cat?|Wild Charge|p1a: Cresselia\n|-damage|p1a: Cresselia|83\/100\n|-damage|p2a: Cat?|96\/100|[from] Recoil\n|\n|-heal|p1b: Annihilape|56\/100|[from] item: Leftovers\n|-sideend|p1: Rean412|move: Aurora Veil\n|upkeep\n|turn|9\n|inactive|Rean412 has 30 seconds left.\n|\n|t:|1700349977\n|move|p2b: Dog|Rock Slide|p1a: Cresselia|[spread] p1a,p1b\n|-supereffective|p1b: Annihilape\n|-damage|p1a: Cresselia|67\/100\n|-damage|p1b: Annihilape|18\/100\n|cant|p1b: Annihilape|flinch\n|move|p1a: Cresselia|Dazzling Gleam|p2b: Dog|[spread] p2a,p2b\n|-supereffective|p2a: Cat?\n|-resisted|p2b: Dog\n|-damage|p2a: Cat?|85\/100\n|-damage|p2b: Dog|95\/100\n|move|p2a: Cat?|Drain Punch|p1b: Annihilape\n|-damage|p1b: Annihilape|0 fnt\n|-heal|p2a: Cat?|93\/100|[from] drain|[of] p1b: Annihilape\n|faint|p1b: Annihilape\n|\n|upkeep\n|\n|t:|1700349990\n|switch|p1b: Papa Bear|Ursaluna, L50, M|100\/100\n|turn|10\n|\n|t:|1700349995\n|move|p1b: Papa Bear|Protect|p1b: Papa Bear\n|-singleturn|p1b: Papa Bear|Protect\n|move|p2b: Dog|Flare Blitz|p1a: Cresselia\n|-damage|p1a: Cresselia|35\/100\n|-damage|p2b: Dog|82\/100|[from] Recoil\n|move|p2a: Cat?|Wild Charge|p1a: Cresselia\n|-damage|p1a: Cresselia|9\/100\n|-damage|p2a: Cat?|87\/100|[from] Recoil\n|move|p1a: Cresselia|Trick Room|p1a: Cresselia\n|-fieldstart|move: Trick Room|[of] p1a: Cresselia\n|\n|-status|p1b: Papa Bear|brn|[from] item: Flame Orb\n|upkeep\n|turn|11\n|\n|t:|1700350010\n|move|p1a: Cresselia|Helping Hand|p1b: Papa Bear\n|-singleturn|p1b: Papa Bear|Helping Hand|[of] p1a: Cresselia\n|move|p2b: Dog|Extreme Speed|p1a: Cresselia\n|-damage|p1a: Cresselia|0 fnt\n|faint|p1a: Cresselia\n|move|p1b: Papa Bear|Earthquake|p2a: Cat?|[spread] p2a,p2b\n|-supereffective|p2a: Cat?\n|-supereffective|p2b: Dog\n|-damage|p2a: Cat?|0 fnt\n|-damage|p2b: Dog|0 fnt\n|faint|p2a: Cat?\n|-end|p2a: Cat?|Quark Drive|[silent]\n|faint|p2b: Dog\n|\n|win|Rean412\n|n|\u2606Rean412|rean412\n|n|\u2606Jesuuuus|jesuuuus\n|n| from pallet town|frompallettown\n|n| Flarefox_7|flarefox7\n","uploadtime":1700350011,"views":12,"p1id":"rean412","p2id":"jesuuuus","formatid":"gen9vgc2023regulatione","rating":0,"private":0,"password":""}