{"id":"gen9vgc2023regulatione-1991161649","p1":"Daehkcarc420","p2":"Devlisted","format":"[Gen 9] VGC 2023 Regulation E","log":"|j|\u2606Daehkcarc420\n|j|\u2606Devlisted\n|n|\u2606Daehkcarc420|daehkcarc420\n|n|\u2606Devlisted|devlisted\n|html|View the match progress at <a href=\"\/game-bestof3-gen9vgc2023regulatione-1991161648\">game-bestof3-gen9vgc2023regulatione-1991161648<\/a>\n|t:|1700051986\n|gametype|doubles\n|player|p1|Daehkcarc420|102|\n|player|p2|Devlisted|170|\n|teamsize|p1|6\n|teamsize|p2|6\n|gen|9\n|tier|[Gen 9] VGC 2023 Regulation E\n|rule|Species Clause: Limit one of each Pok\u00e9mon\n|rule|Item Clause: Limit one of each item\n|clearpoke\n|poke|p1|Amoonguss, L50, F|\n|poke|p1|Regieleki, L50|\n|poke|p1|Tornadus, L50, M|\n|poke|p1|Ludicolo, L50, F|\n|poke|p1|Uxie, L50|\n|poke|p1|Flutter Mane, L50|\n|poke|p2|Slither Wing, L50|\n|poke|p2|Moltres-Galar, L50|\n|poke|p2|Gholdengo, L50|\n|poke|p2|Grimmsnarl, L50, M|\n|poke|p2|Arcanine-Hisui, L50, F|\n|poke|p2|Gastrodon-East, L50, F|\n|teampreview|4\n|inactive|Battle timer is ON: inactive players will automatically lose when time's up. (requested by Daehkcarc420)\n|inactive|Devlisted has 60 seconds left.\n|\n|t:|1700052033\n|start\n|switch|p1a: Tornadus|Tornadus, L50, M|100\/100\n|switch|p1b: Regieleki|Regieleki, L50|100\/100\n|switch|p2a: Grimmsnarl|Grimmsnarl, L50, M|100\/100\n|switch|p2b: Moltres|Moltres-Galar, L50|100\/100\n|turn|1\n|inactive|Daehkcarc420 has 30 seconds left.\n|\n|t:|1700052063\n|-terastallize|p2b: Moltres|Poison\n|move|p1a: Tornadus|Rain Dance|p1a: Tornadus\n|-weather|RainDance\n|move|p2a: Grimmsnarl|Light Screen|p2a: Grimmsnarl\n|-sidestart|p2: Devlisted|move: Light Screen\n|move|p1b: Regieleki|Electroweb|p2b: Moltres|[spread] p2a,p2b\n|-crit|p2b: Moltres\n|-damage|p2a: Grimmsnarl|83\/100\n|-damage|p2b: Moltres|68\/100\n|-unboost|p2a: Grimmsnarl|spe|1\n|-unboost|p2b: Moltres|spe|1\n|move|p2b: Moltres|Nasty Plot|p2b: Moltres\n|-boost|p2b: Moltres|spa|2\n|\n|-weather|RainDance|[upkeep]\n|upkeep\n|turn|2\n|\n|t:|1700052082\n|move|p2a: Grimmsnarl|Thunder Wave|p1a: Tornadus\n|-status|p1a: Tornadus|par\n|move|p1b: Regieleki|Thunder|p2b: Moltres\n|-damage|p2b: Moltres|29\/100\n|-ability|p2b: Moltres|Berserk|boost\n|-boost|p2b: Moltres|spa|1\n|-enditem|p2b: Moltres|Sitrus Berry|[eat]\n|-heal|p2b: Moltres|54\/100|[from] item: Sitrus Berry\n|move|p1a: Tornadus|Bleakwind Storm|p2a: Grimmsnarl|[spread] p2a,p2b\n|-damage|p2a: Grimmsnarl|61\/100\n|-damage|p2b: Moltres|34\/100\n|-unboost|p2b: Moltres|spe|1\n|-ability|p2b: Moltres|Berserk|boost\n|-boost|p2b: Moltres|spa|1\n|move|p2b: Moltres|Fiery Wrath|p1b: Regieleki|[spread] p1a,p1b\n|-damage|p1a: Tornadus|0 fnt\n|-damage|p1b: Regieleki|0 fnt\n|faint|p1a: Tornadus\n|faint|p1b: Regieleki\n|\n|-weather|RainDance|[upkeep]\n|upkeep\n|\n|t:|1700052099\n|switch|p1b: Amoonguss|Amoonguss, L50, F|100\/100\n|switch|p1a: Ludicolo|Ludicolo, L50, F|100\/100\n|turn|3\n|inactive|Devlisted has 30 seconds left.\n|\n|t:|1700052126\n|move|p1b: Amoonguss|Rage Powder|p1b: Amoonguss\n|-singleturn|p1b: Amoonguss|move: Rage Powder\n|move|p2a: Grimmsnarl|Thunder Wave|p1b: Amoonguss|[miss]\n|-miss|p2a: Grimmsnarl|p1b: Amoonguss\n|move|p1a: Ludicolo|Weather Ball|p2b: Moltres\n|-damage|p2b: Moltres|0 fnt\n|faint|p2b: Moltres\n|\n|-weather|RainDance|[upkeep]\n|upkeep\n|\n|t:|1700052134\n|switch|p2b: Ares|Slither Wing, L50|100\/100\n|-enditem|p2b: Ares|Booster Energy\n|-activate|p2b: Ares|ability: Protosynthesis|[fromitem]\n|-start|p2b: Ares|protosynthesisatk\n|turn|4\n|\n|t:|1700052149\n|-terastallize|p1a: Ludicolo|Water\n|move|p1b: Amoonguss|Rage Powder|p1b: Amoonguss\n|-singleturn|p1b: Amoonguss|move: Rage Powder\n|move|p2a: Grimmsnarl|Thunder Wave|p1b: Amoonguss\n|-status|p1b: Amoonguss|par\n|move|p1a: Ludicolo|Weather Ball|p2b: Ares\n|-damage|p2b: Ares|43\/100\n|move|p2b: Ares|Acrobatics|p1b: Amoonguss\n|-supereffective|p1b: Amoonguss\n|-damage|p1b: Amoonguss|5\/100 par\n|-damage|p2b: Ares|26\/100|[from] item: Rocky Helmet|[of] p1b: Amoonguss\n|\n|-weather|RainDance|[upkeep]\n|upkeep\n|turn|5\n|\n|t:|1700052163\n|-end|p2b: Ares|Protosynthesis|[silent]\n|switch|p2b: Gastrodon|Gastrodon-East, L50, F|100\/100\n|move|p2a: Grimmsnarl|Thunder Wave|p1a: Ludicolo|[miss]\n|-miss|p2a: Grimmsnarl|p1a: Ludicolo\n|move|p1a: Ludicolo|Weather Ball|p2b: Gastrodon\n|-ability|p2b: Gastrodon|Storm Drain|boost\n|-boost|p2b: Gastrodon|spa|1\n|move|p1b: Amoonguss|Spore|p2a: Grimmsnarl\n|-status|p2a: Grimmsnarl|slp|[from] move: Spore\n|\n|-weather|none\n|upkeep\n|turn|6\n|inactive|Devlisted has 30 seconds left.\n|\n|t:|1700052189\n|move|p1a: Ludicolo|Giga Drain|p2b: Gastrodon\n|-supereffective|p2b: Gastrodon\n|-damage|p2b: Gastrodon|12\/100\n|cant|p2a: Grimmsnarl|slp\n|move|p2b: Gastrodon|Yawn|p1a: Ludicolo\n|-start|p1a: Ludicolo|move: Yawn|[of] p2b: Gastrodon\n|move|p1b: Amoonguss|Spore|p2a: Grimmsnarl\n|-fail|p2a: Grimmsnarl|slp\n|\n|upkeep\n|turn|7\n|\n|t:|1700052213\n|move|p2b: Gastrodon|Protect|p2b: Gastrodon\n|-singleturn|p2b: Gastrodon|Protect\n|cant|p2a: Grimmsnarl|slp\n|move|p1a: Ludicolo|Giga Drain|p2a: Grimmsnarl\n|-damage|p2a: Grimmsnarl|40\/100 slp\n|cant|p1b: Amoonguss|par\n|\n|-end|p1a: Ludicolo|move: Yawn|[silent]\n|-status|p1a: Ludicolo|slp\n|upkeep\n|turn|8\n|inactive|Devlisted has 30 seconds left.\n|inactive|Devlisted has 20 seconds left.\n|inactive|Devlisted has 15 seconds left.\n|inactive|Devlisted has 10 seconds left.\n|\n|t:|1700052267\n|switch|p2b: Ares|Slither Wing, L50|26\/100\n|move|p1b: Amoonguss|Rage Powder|p1b: Amoonguss\n|-singleturn|p1b: Amoonguss|move: Rage Powder\n|cant|p1a: Ludicolo|slp\n|-curestatus|p2a: Grimmsnarl|slp|[msg]\n|move|p2a: Grimmsnarl|Spirit Break|p1b: Amoonguss\n|-resisted|p1b: Amoonguss\n|-damage|p1b: Amoonguss|0 fnt\n|-damage|p2a: Grimmsnarl|23\/100|[from] item: Rocky Helmet|[of] p1b: Amoonguss\n|faint|p1b: Amoonguss\n|\n|-sideend|p2: Devlisted|move: Light Screen\n|upkeep\n|turn|9\n|\n|t:|1700052286\n|cant|p1a: Ludicolo|slp\n|move|p2b: Ares|Acrobatics|p1a: Ludicolo\n|-damage|p1a: Ludicolo|44\/100 slp\n|move|p2a: Grimmsnarl|Spirit Break|p1a: Ludicolo\n|-damage|p1a: Ludicolo|0 fnt\n|faint|p1a: Ludicolo\n|\n|win|Devlisted\n|c|&|\/uhtml prompt-daehkcarc420,Daehkcarc420 is ready for game 2!\n|inactive|Devlisted has 50 seconds to confirm battle start!\n","uploadtime":1700052300,"views":7,"p1id":"daehkcarc420","p2id":"devlisted","formatid":"gen9vgc2023regulatione","rating":0,"private":0,"password":""}