{"id":"gen9vgc2023regulatione-1991805773","p1":"furretusedpunch","p2":"Animeredneck","format":"[Gen 9] VGC 2023 Regulation E","log":"|j|\u2606furretusedpunch\n|j|\u2606Animeredneck\n|t:|1700120726\n|gametype|doubles\n|player|p1|furretusedpunch|101|\n|player|p2|Animeredneck|sage|\n|teamsize|p1|6\n|teamsize|p2|6\n|gen|9\n|tier|[Gen 9] VGC 2023 Regulation E\n|rated|Tournament battle\n|rule|Species Clause: Limit one of each Pok\u00e9mon\n|rule|Item Clause: Limit one of each item\n|clearpoke\n|poke|p1|Iron Hands, L50|\n|poke|p1|Landorus-Therian, L50, M|\n|poke|p1|Heatran, L50, F|\n|poke|p1|Flutter Mane, L50|\n|poke|p1|Ogerpon-Wellspring, L50, F|\n|poke|p1|Urshifu-*, L50, F|\n|poke|p2|Arcanine-Hisui, L50, M|\n|poke|p2|Chien-Pao, L50|\n|poke|p2|Urshifu-*, L50, M|\n|poke|p2|Rillaboom, L50, M|\n|poke|p2|Flutter Mane, L50|\n|poke|p2|Tornadus, L50, M|\n|teampreview|4\n|showteam|p1|Iron Hands||AssaultVest|QuarkDrive|FakeOut,DrainPunch,WildCharge,HeavySlam||||||50|,,,,,Grass]Landorus-Therian||ChoiceScarf|Intimidate|TeraBlast,Uturn,RockSlide,StompingTantrum|||M|||50|,,,,,Flying]Heatran||AirBalloon|FlashFire|Protect,HeatWave,EarthPower,TeraBlast|||F|||50|,,,,,Grass]Flutter Mane||ChoiceSpecs|Protosynthesis|Moonblast,DazzlingGleam,ShadowBall,IcyWind||||||50|,,,,,Fairy]Ogerpon-Wellspring||WellspringMask|WaterAbsorb|SpikyShield,FollowMe,IvyCudgel,HornLeech|||F|||50|,,,,,Water]Urshifu||DreadPlate|UnseenFist|Detect,WickedBlow,CloseCombat,SuckerPunch|||F|||50|,,,,,Poison\n|showteam|p2|Arcanine-Hisui||ChoiceBand|Intimidate|FlareBlitz,HeadSmash,RockSlide,ExtremeSpeed|||M|||50|,,,,,Normal]Chien-Pao||FocusSash|SwordofRuin|SuckerPunch,IcicleCrash,SacredSword,Protect||||||50|,,,,,Ghost]Urshifu-Rapid-Strike||MysticWater|UnseenFist|SurgingStrikes,AquaJet,CloseCombat,Detect|||M|||50|,,,,,Water]Rillaboom||AssaultVest|GrassySurge|WoodHammer,GrassyGlide,Uturn,FakeOut|||M|||50|,,,,,Fire]Flutter Mane||BoosterEnergy|Protosynthesis|ShadowBall,Moonblast,DazzlingGleam,Protect||||||50|,,,,,Fairy]Tornadus||RockyHelmet|Prankster|BleakwindStorm,Taunt,Tailwind,RainDance|||M|||50|,,,,,Ghost\n|c|\u2606Animeredneck|glhf\n|j| Edgard2189\n|l| Edgard2189\n|j| SOLOLUMINEONING\n|c|\u2606furretusedpunch|u too\n|j|%Eeveon7\u2764\n|\n|t:|1700120835\n|start\n|switch|p1a: Iron Hands|Iron Hands, L50|100\/100\n|switch|p1b: Landorus|Landorus-Therian, L50, M|100\/100\n|switch|p2a: Tornadus|Tornadus, L50, M|100\/100\n|switch|p2b: Arcanine|Arcanine-Hisui, L50, M|100\/100\n|-ability|p1b: Landorus|Intimidate|boost\n|-unboost|p2a: Tornadus|atk|1\n|-unboost|p2b: Arcanine|atk|1\n|-ability|p2b: Arcanine|Intimidate|boost\n|-unboost|p1a: Iron Hands|atk|1\n|-unboost|p1b: Landorus|atk|1\n|turn|1\n|\n|t:|1700120865\n|switch|p2b: Urshifu|Urshifu-Rapid-Strike, L50, M|100\/100\n|-terastallize|p2a: Tornadus|Ghost\n|move|p1a: Iron Hands|Fake Out|p2a: Tornadus\n|-immune|p2a: Tornadus\n|move|p2a: Tornadus|Tailwind|p2a: Tornadus\n|-sidestart|p2: Animeredneck|move: Tailwind\n|move|p1b: Landorus|Rock Slide|p2b: Urshifu|[spread] \n|-miss|p1b: Landorus|p2a: Tornadus\n|-miss|p1b: Landorus|p2b: Urshifu\n|\n|upkeep\n|turn|2\n|c|\u2606furretusedpunch|that is not very cool\n|c| SOLOLUMINEONING|pain\n|\n|t:|1700120908\n|move|p2b: Urshifu|Detect|p2b: Urshifu\n|-singleturn|p2b: Urshifu|Protect\n|move|p2a: Tornadus|Rain Dance|p2a: Tornadus\n|-weather|RainDance\n|move|p1b: Landorus|Rock Slide|p2a: Tornadus|[spread] \n|-activate|p2b: Urshifu|move: Protect\n|-miss|p1b: Landorus|p2a: Tornadus\n|move|p1a: Iron Hands|Wild Charge|p2b: Urshifu\n|-activate|p2b: Urshifu|move: Protect\n|\n|-weather|RainDance|[upkeep]\n|upkeep\n|turn|3\n|\n|t:|1700120936\n|switch|p2b: Arcanine|Arcanine-Hisui, L50, M|100\/100\n|-ability|p2b: Arcanine|Intimidate|boost\n|-unboost|p1a: Iron Hands|atk|1\n|-unboost|p1b: Landorus|atk|1\n|move|p2a: Tornadus|Bleakwind Storm|p1b: Landorus|[spread] p1a,p1b\n|-crit|p1b: Landorus\n|-damage|p1a: Iron Hands|84\/100\n|-damage|p1b: Landorus|43\/100\n|-unboost|p1a: Iron Hands|spe|1\n|move|p1b: Landorus|Rock Slide|p2b: Arcanine|[spread] p2a,p2b\n|-supereffective|p2b: Arcanine\n|-damage|p2a: Tornadus|90\/100\n|-damage|p2b: Arcanine|72\/100\n|move|p1a: Iron Hands|Wild Charge|p2b: Arcanine\n|-damage|p2b: Arcanine|39\/100\n|-damage|p1a: Iron Hands|78\/100|[from] Recoil\n|\n|-weather|RainDance|[upkeep]\n|upkeep\n|turn|4\n|\n|t:|1700120965\n|switch|p2a: Urshifu|Urshifu-Rapid-Strike, L50, M|100\/100\n|move|p2b: Arcanine|Rock Slide|p1b: Landorus|[spread] p1a,p1b\n|-resisted|p1a: Iron Hands\n|-damage|p1a: Iron Hands|63\/100\n|-damage|p1b: Landorus|0 fnt\n|faint|p1b: Landorus\n|move|p1a: Iron Hands|Drain Punch|p2b: Arcanine\n|-supereffective|p2b: Arcanine\n|-damage|p2b: Arcanine|0 fnt\n|-heal|p1a: Iron Hands|77\/100|[from] drain|[of] p2b: Arcanine\n|faint|p2b: Arcanine\n|\n|-weather|RainDance|[upkeep]\n|-sideend|p2: Animeredneck|move: Tailwind\n|upkeep\n|\n|t:|1700120979\n|switch|p1b: Urshifu|Urshifu, L50, F|100\/100\n|switch|p2b: Tornadus|Tornadus, L50, M, tera:Ghost|90\/100\n|turn|5\n|\n|t:|1700120994\n|move|p2b: Tornadus|Bleakwind Storm|p1a: Iron Hands|[spread] p1a,p1b\n|-supereffective|p1b: Urshifu\n|-damage|p1a: Iron Hands|58\/100\n|-damage|p1b: Urshifu|29\/100\n|-unboost|p1a: Iron Hands|spe|1\n|move|p1b: Urshifu|Wicked Blow|p2b: Tornadus\n|-supereffective|p2b: Tornadus\n|-crit|p2b: Tornadus\n|-damage|p2b: Tornadus|0 fnt\n|-damage|p1b: Urshifu|12\/100|[from] item: Rocky Helmet|[of] p2b: Tornadus\n|faint|p2b: Tornadus\n|move|p2a: Urshifu|Surging Strikes|p1b: Urshifu\n|-crit|p1b: Urshifu\n|-damage|p1b: Urshifu|0 fnt\n|faint|p1b: Urshifu\n|-hitcount|p1: Urshifu|1\n|move|p1a: Iron Hands|Wild Charge|p2a: Urshifu\n|-supereffective|p2a: Urshifu\n|-damage|p2a: Urshifu|53\/100\n|-damage|p1a: Iron Hands|48\/100|[from] Recoil\n|\n|-weather|RainDance|[upkeep]\n|upkeep\n|\n|t:|1700121009\n|switch|p2b: Chien-Pao|Chien-Pao, L50|100\/100\n|switch|p1b: Ogerpon|Ogerpon-Wellspring, L50, F|100\/100\n|-ability|p2b: Chien-Pao|Sword of Ruin\n|turn|6\n|j| Edgard2189\n|\n|t:|1700121070\n|-terastallize|p1a: Iron Hands|Grass\n|move|p2b: Chien-Pao|Icicle Crash|p1a: Iron Hands\n|-supereffective|p1a: Iron Hands\n|-damage|p1a: Iron Hands|0 fnt\n|faint|p1a: Iron Hands\n|-end|p1a: Iron Hands|Quark Drive|[silent]\n|move|p1b: Ogerpon|Horn Leech|p2a: Urshifu\n|-supereffective|p2a: Urshifu\n|-damage|p2a: Urshifu|0 fnt\n|faint|p2a: Urshifu\n|\n|-weather|none\n|upkeep\n|turn|7\n|\n|t:|1700121088\n|move|p1b: Ogerpon|Spiky Shield|p1b: Ogerpon\n|-singleturn|p1b: Ogerpon|move: Protect\n|move|p2b: Chien-Pao|Icicle Crash|p1b: Ogerpon\n|-activate|p1b: Ogerpon|move: Protect\n|\n|upkeep\n|turn|8\n|\n|t:|1700121095\n|move|p2b: Chien-Pao|Icicle Crash|p1b: Ogerpon\n|-damage|p1b: Ogerpon|29\/100\n|move|p1b: Ogerpon|Horn Leech|p2b: Chien-Pao\n|-damage|p2b: Chien-Pao|37\/100\n|-heal|p1b: Ogerpon|59\/100|[from] drain|[of] p2b: Chien-Pao\n|\n|upkeep\n|turn|9\n|\n|t:|1700121104\n|move|p1b: Ogerpon|Spiky Shield|p1b: Ogerpon\n|-singleturn|p1b: Ogerpon|move: Protect\n|move|p2b: Chien-Pao|Icicle Crash|p1b: Ogerpon\n|-activate|p1b: Ogerpon|move: Protect\n|\n|upkeep\n|turn|10\n|c|\u2606furretusedpunch|gg\n|c|\u2606Animeredneck|gg\n|\n|t:|1700121117\n|move|p2b: Chien-Pao|Icicle Crash|p1b: Ogerpon\n|-damage|p1b: Ogerpon|0 fnt\n|faint|p1b: Ogerpon\n|\n|win|Animeredneck\n|n|\u2606furretusedpunch|furretusedpunch\n|n|\u2606Animeredneck|animeredneck\n|n| SOLOLUMINEONING|sololumineoning\n|n|+Eeveon7\u2764|eeveon7\n|n| Edgard2189|edgard2189\n|l| SOLOLUMINEONING\n|l| Edgard2189\n|l|\u2606furretusedpunch\n","uploadtime":1700121119,"views":19,"p1id":"furretusedpunch","p2id":"animeredneck","formatid":"gen9vgc2023regulatione","rating":0,"private":0,"password":""}