{"id":"gen9vgc2023regulatione-1999310898","p1":"mocha_06","p2":"Ensioa","format":"[Gen 9] VGC 2023 Regulation E","log":"|j|\u2606mocha_06\n|j|\u2606Ensioa\n|n|\u2606mocha_06|mocha06\n|n|\u2606Ensioa|ensioa\n|html|View the match progress at <a href=\"\/game-bestof3-gen9vgc2023regulatione-1999307177\">game-bestof3-gen9vgc2023regulatione-1999307177<\/a>\n|t:|1701058482\n|gametype|doubles\n|player|p1|mocha_06|101|\n|player|p2|Ensioa|cynthia-anime|\n|teamsize|p1|6\n|teamsize|p2|6\n|gen|9\n|tier|[Gen 9] VGC 2023 Regulation E\n|rated|Tournament battle\n|rule|Species Clause: Limit one of each Pok\u00e9mon\n|rule|Item Clause: Limit one of each item\n|clearpoke\n|poke|p1|Amoonguss, L50, F|\n|poke|p1|Urshifu-*, L50, M|\n|poke|p1|Iron Hands, L50|\n|poke|p1|Gholdengo, L50|\n|poke|p1|Flutter Mane, L50|\n|poke|p1|Tornadus, L50, M|\n|poke|p2|Chien-Pao, L50|\n|poke|p2|Arcanine-Hisui, L50, M|\n|poke|p2|Rillaboom, L50, F|\n|poke|p2|Urshifu-*, L50, F|\n|poke|p2|Tornadus, L50, M|\n|poke|p2|Gholdengo, L50|\n|teampreview|4\n|showteam|p1|Amoonguss||SitrusBerry|Regenerator|Spore,RagePowder,Protect,PollenPuff|||F|||50|,,,,,Water]Urshifu||FocusSash|UnseenFist|CloseCombat,SuckerPunch,Detect,WickedBlow|||M|||50|,,,,,Dark]Iron Hands||AssaultVest|QuarkDrive|FakeOut,WildCharge,HeavySlam,DrainPunch||||||50|,,,,,Fire]Gholdengo||LifeOrb|GoodasGold|MakeItRain,ShadowBall,FocusBlast,Protect||||||50|,,,,,Dragon]Flutter Mane||BoosterEnergy|Protosynthesis|DazzlingGleam,ShadowBall,Protect,Moonblast||||||50|,,,,,Fairy]Tornadus||CovertCloak|Prankster|Tailwind,BleakwindStorm,Protect,Taunt|||M|||50|,,,,,Dark\n|showteam|p2|Chien-Pao||FocusSash|SwordofRuin|IcicleCrash,SuckerPunch,SacredSword,Protect||||||50|,,,,,Ghost]Arcanine-Hisui||ChoiceBand|Intimidate|FlareBlitz,RockSlide,ExtremeSpeed,TeraBlast|||M|||50|,,,,,Fairy]Rillaboom||AssaultVest|GrassySurge|Uturn,WoodHammer,GrassyGlide,FakeOut|||F|||50|,,,,,Grass]Urshifu-Rapid-Strike||ChoiceScarf|UnseenFist|SurgingStrikes,CloseCombat,AquaJet,Uturn|||F|||50|,,,,,Water]Tornadus||RockyHelmet|Prankster|BleakwindStorm,Tailwind,RainDance,Protect|||M|||50|,,,,,Steel]Gholdengo||Leftovers|GoodasGold|MakeItRain,ShadowBall,NastyPlot,Protect||||||50|,,,,,Dragon\n|inactive|Battle timer is ON: inactive players will automatically lose when time's up. (requested by Ensioa)\n|j| Tagiruz\n|inactive|mocha_06 has 60 seconds left.\n|inactive|Ensioa has 60 seconds left.\n|j|%Radio Free C-Side\n|\n|t:|1701058531\n|start\n|switch|p1a: Iron Hands|Iron Hands, L50|100\/100\n|switch|p1b: Amoonguss|Amoonguss, L50, F|100\/100\n|switch|p2a: Arcanine|Arcanine-Hisui, L50, M, shiny|100\/100\n|switch|p2b: Rillaboom|Rillaboom, L50, F, shiny|100\/100\n|-ability|p2a: Arcanine|Intimidate|boost\n|-unboost|p1a: Iron Hands|atk|1\n|-unboost|p1b: Amoonguss|atk|1\n|-fieldstart|move: Grassy Terrain|[from] ability: Grassy Surge|[of] p2b: Rillaboom\n|turn|1\n|inactive|Ensioa has 30 seconds left.\n|inactive|Ensioa has 20 seconds left.\n|inactive|Ensioa has 15 seconds left.\n|inactive|Ensioa has 10 seconds left.\n|\n|t:|1701058580\n|-terastallize|p2a: Arcanine|Fairy\n|move|p2b: Rillaboom|Fake Out|p1b: Amoonguss\n|-damage|p1b: Amoonguss|90\/100\n|move|p1a: Iron Hands|Fake Out|p2a: Arcanine\n|-damage|p2a: Arcanine|87\/100\n|cant|p2a: Arcanine|flinch\n|cant|p1b: Amoonguss|flinch\n|\n|-heal|p2a: Arcanine|94\/100|[from] Grassy Terrain\n|-heal|p1b: Amoonguss|96\/100|[from] Grassy Terrain\n|upkeep\n|turn|2\n|inactive|mocha_06 has 30 seconds left.\n|\n|t:|1701058616\n|-terastallize|p1b: Amoonguss|Water\n|move|p2a: Arcanine|Flare Blitz|p1b: Amoonguss\n|-resisted|p1b: Amoonguss\n|-damage|p1b: Amoonguss|62\/100\n|-damage|p2a: Arcanine|79\/100|[from] Recoil\n|move|p2b: Rillaboom|Wood Hammer|p1b: Amoonguss\n|-supereffective|p1b: Amoonguss\n|-damage|p1b: Amoonguss|0 fnt\n|faint|p1b: Amoonguss\n|-damage|p2b: Rillaboom|79\/100|[from] Recoil\n|move|p1a: Iron Hands|Drain Punch|p2b: Rillaboom\n|-damage|p2b: Rillaboom|51\/100\n|\n|-heal|p2a: Arcanine|86\/100|[from] Grassy Terrain\n|-heal|p2b: Rillaboom|57\/100|[from] Grassy Terrain\n|upkeep\n|\n|t:|1701058638\n|switch|p1b: Flutter Mane|Flutter Mane, L50|100\/100\n|-enditem|p1b: Flutter Mane|Booster Energy\n|-activate|p1b: Flutter Mane|ability: Protosynthesis|[fromitem]\n|-start|p1b: Flutter Mane|protosynthesisspa\n|turn|3\n|\n|t:|1701058658\n|move|p1b: Flutter Mane|Protect|p1b: Flutter Mane\n|-singleturn|p1b: Flutter Mane|Protect\n|move|p2a: Arcanine|Flare Blitz|p1a: Iron Hands\n|-damage|p1a: Iron Hands|43\/100\n|-damage|p2a: Arcanine|57\/100|[from] Recoil\n|move|p2b: Rillaboom|Wood Hammer|p1a: Iron Hands\n|-damage|p1a: Iron Hands|0 fnt\n|faint|p1a: Iron Hands\n|-end|p1a: Iron Hands|Quark Drive|[silent]\n|-damage|p2b: Rillaboom|39\/100|[from] Recoil\n|\n|-heal|p2a: Arcanine|64\/100|[from] Grassy Terrain\n|-heal|p2b: Rillaboom|45\/100|[from] Grassy Terrain\n|upkeep\n|\n|t:|1701058671\n|switch|p1a: Urshifu|Urshifu, L50, M|100\/100\n|turn|4\n|\n|t:|1701058681\n|move|p2b: Rillaboom|Grassy Glide|p1a: Urshifu\n|-damage|p1a: Urshifu|59\/100\n|move|p1b: Flutter Mane|Moonblast|p2a: Arcanine\n|-damage|p2a: Arcanine|0 fnt\n|faint|p2a: Arcanine\n|move|p1a: Urshifu|Wicked Blow|p2b: Rillaboom\n|-crit|p2b: Rillaboom\n|-damage|p2b: Rillaboom|0 fnt\n|faint|p2b: Rillaboom\n|\n|-heal|p1a: Urshifu|65\/100|[from] Grassy Terrain\n|upkeep\n|\n|t:|1701058684\n|switch|p2a: Tornadus|Tornadus, L50, M, shiny|100\/100\n|switch|p2b: Urshifu|Urshifu-Rapid-Strike, L50, F|100\/100\n|turn|5\n|inactive|mocha_06 has 30 seconds left.\n|\n|t:|1701058711\n|move|p2a: Tornadus|Rain Dance|p2a: Tornadus\n|-weather|RainDance\n|move|p2b: Urshifu|Surging Strikes|p1b: Flutter Mane\n|-crit|p1b: Flutter Mane\n|-damage|p1b: Flutter Mane|38\/100\n|-crit|p1b: Flutter Mane\n|-damage|p1b: Flutter Mane|0 fnt\n|faint|p1b: Flutter Mane\n|-end|p1b: Flutter Mane|Protosynthesis|[silent]\n|-hitcount|p1: Flutter Mane|2\n|move|p1a: Urshifu|Wicked Blow|p2a: Tornadus\n|-crit|p2a: Tornadus\n|-damage|p2a: Tornadus|38\/100\n|-damage|p1a: Urshifu|48\/100|[from] item: Rocky Helmet|[of] p2a: Tornadus\n|\n|-weather|RainDance|[upkeep]\n|-heal|p1a: Urshifu|54\/100|[from] Grassy Terrain\n|-fieldend|move: Grassy Terrain\n|upkeep\n|turn|6\n|-message|mocha_06 forfeited.\n|\n|win|Ensioa\n|l|\u2606mocha_06\n","uploadtime":1701058726,"views":2,"p1id":"mocha06","p2id":"ensioa","formatid":"gen9vgc2023regulatione","rating":0,"private":0,"password":""}