{"id":"gen9vgc2023regulatione-1991485692","p1":"pelipperislandxoo","p2":"RSIOlivares05","format":"[Gen 9] VGC 2023 Regulation E","log":"|j|\u2606pelipperislandxoo\n|j|\u2606RSIOlivares05\n|t:|1700081291\n|gametype|doubles\n|player|p1|pelipperislandxoo|102|1038\n|player|p2|RSIOlivares05|266|1033\n|teamsize|p1|6\n|teamsize|p2|6\n|gen|9\n|tier|[Gen 9] VGC 2023 Regulation E\n|rated|\n|rule|Species Clause: Limit one of each Pok\u00e9mon\n|rule|Item Clause: Limit one of each item\n|clearpoke\n|poke|p1|Dragapult, L50, M|\n|poke|p1|Torkoal, L50, F|\n|poke|p1|Rillaboom, L50, M|\n|poke|p1|Charizard, L50, F|\n|poke|p1|Inteleon, L50, F|\n|poke|p1|Armarouge, L50, F|\n|poke|p2|Arcanine, L50, M|\n|poke|p2|Maushold, L50|\n|poke|p2|Hydreigon, L50, F|\n|poke|p2|Urshifu-*, L50, F|\n|poke|p2|Thundurus-Therian, L50, M|\n|poke|p2|Grafaiai, L50, F|\n|teampreview|4\n|inactive|Battle timer is ON: inactive players will automatically lose when time's up. (requested by pelipperislandxoo)\n|\n|t:|1700081319\n|start\n|switch|p1a: Rillaboom|Rillaboom, L50, M|100\/100\n|switch|p1b: Charizard|Charizard, L50, F|100\/100\n|switch|p2a: Urshifu|Urshifu-Rapid-Strike, L50, F|100\/100\n|switch|p2b: Maushold|Maushold, L50|100\/100\n|-fieldstart|move: Grassy Terrain|[from] ability: Grassy Surge|[of] p1a: Rillaboom\n|turn|1\n|\n|t:|1700081342\n|move|p1a: Rillaboom|Fake Out|p2a: Urshifu\n|-damage|p2a: Urshifu|90\/100\n|move|p2b: Maushold|Follow Me|p2b: Maushold\n|-singleturn|p2b: Maushold|move: Follow Me\n|move|p1b: Charizard|Dragon Pulse|p2b: Maushold\n|-damage|p2b: Maushold|60\/100\n|-enditem|p2b: Maushold|Red Card|[of] p1b: Charizard\n|drag|p1b: Inteleon|Inteleon, L50, F|100\/100\n|cant|p2a: Urshifu|flinch\n|\n|-heal|p2b: Maushold|66\/100|[from] Grassy Terrain\n|-heal|p2a: Urshifu|96\/100|[from] Grassy Terrain\n|upkeep\n|turn|2\n|inactive|pelipperislandxoo has 30 seconds left.\n|inactive|pelipperislandxoo has 20 seconds left.\n|inactive|pelipperislandxoo has 15 seconds left.\n|\n|t:|1700081386\n|switch|p1b: Torkoal|Torkoal, L50, F|100\/100\n|-weather|SunnyDay|[from] ability: Drought|[of] p1b: Torkoal\n|move|p2b: Maushold|Follow Me|p2b: Maushold\n|-singleturn|p2b: Maushold|move: Follow Me\n|move|p1a: Rillaboom|Grassy Glide|p2b: Maushold\n|-damage|p2b: Maushold|17\/100\n|move|p2a: Urshifu|Bulk Up|p2a: Urshifu\n|-boost|p2a: Urshifu|atk|1\n|-boost|p2a: Urshifu|def|1\n|\n|-weather|SunnyDay|[upkeep]\n|-heal|p2b: Maushold|23\/100|[from] Grassy Terrain\n|-heal|p2a: Urshifu|100\/100|[from] Grassy Terrain\n|upkeep\n|turn|3\n|\n|t:|1700081406\n|move|p1a: Rillaboom|Grassy Glide|p2a: Urshifu\n|-supereffective|p2a: Urshifu\n|-damage|p2a: Urshifu|59\/100\n|move|p2b: Maushold|Super Fang|p1b: Torkoal\n|-damage|p1b: Torkoal|51\/100\n|move|p2a: Urshifu|Surging Strikes|p1b: Torkoal\n|-supereffective|p1b: Torkoal\n|-crit|p1b: Torkoal\n|-damage|p1b: Torkoal|29\/100\n|-supereffective|p1b: Torkoal\n|-crit|p1b: Torkoal\n|-damage|p1b: Torkoal|7\/100\n|-supereffective|p1b: Torkoal\n|-crit|p1b: Torkoal\n|-damage|p1b: Torkoal|0 fnt\n|faint|p1b: Torkoal\n|-hitcount|p1: Torkoal|3\n|-damage|p2a: Urshifu|50\/100|[from] item: Life Orb\n|\n|-weather|SunnyDay|[upkeep]\n|-heal|p2b: Maushold|29\/100|[from] Grassy Terrain\n|-heal|p2a: Urshifu|55\/100|[from] Grassy Terrain\n|upkeep\n|\n|t:|1700081425\n|switch|p1b: Charizard|Charizard, L50, F|100\/100\n|turn|4\n|\n|t:|1700081441\n|move|p2b: Maushold|Follow Me|p2b: Maushold\n|-singleturn|p2b: Maushold|move: Follow Me\n|move|p1a: Rillaboom|Grassy Glide|p2b: Maushold\n|-damage|p2b: Maushold|0 fnt\n|faint|p2b: Maushold\n|move|p1b: Charizard|Dragon Pulse|p2a: Urshifu\n|-damage|p2a: Urshifu|0 fnt\n|faint|p2a: Urshifu\n|-damage|p1b: Charizard|91\/100|[from] item: Life Orb\n|\n|-weather|SunnyDay|[upkeep]\n|-damage|p1b: Charizard|78\/100|[from] ability: Solar Power|[of] p1b: Charizard\n|upkeep\n|\n|t:|1700081459\n|switch|p2b: Grafaiai|Grafaiai, L50, F|100\/100\n|switch|p2a: Hydreigon|Hydreigon, L50, F, shiny|100\/100\n|turn|5\n|inactive|pelipperislandxoo has 30 seconds left.\n|inactive|RSIOlivares05 has 30 seconds left.\n|inactive|pelipperislandxoo has 20 seconds left.\n|inactive|pelipperislandxoo has 15 seconds left.\n|\n|t:|1700081499\n|-terastallize|p1b: Charizard|Ground\n|move|p2b: Grafaiai|Foul Play|p1b: Charizard\n|-damage|p1b: Charizard|57\/100\n|move|p1b: Charizard|Weather Ball|p2a: Hydreigon\n|-resisted|p2a: Hydreigon\n|-damage|p2a: Hydreigon|20\/100\n|-damage|p1b: Charizard|47\/100|[from] item: Life Orb\n|move|p2a: Hydreigon|Heat Wave|p1a: Rillaboom|[spread] p1a,p1b\n|-supereffective|p1a: Rillaboom\n|-damage|p1a: Rillaboom|46\/100\n|-damage|p1b: Charizard|0 fnt\n|faint|p1b: Charizard\n|move|p1a: Rillaboom|Knock Off|p2b: Grafaiai\n|-damage|p2b: Grafaiai|48\/100\n|-enditem|p2b: Grafaiai|Black Sludge|[from] move: Knock Off|[of] p1a: Rillaboom\n|\n|-weather|SunnyDay|[upkeep]\n|-heal|p2b: Grafaiai|54\/100|[from] Grassy Terrain\n|-heal|p1a: Rillaboom|52\/100|[from] Grassy Terrain\n|-fieldend|move: Grassy Terrain\n|upkeep\n|\n|t:|1700081517\n|switch|p1b: Inteleon|Inteleon, L50, F|100\/100\n|turn|6\n|\n|t:|1700081534\n|move|p2b: Grafaiai|Foul Play|p1b: Inteleon\n|-damage|p1b: Inteleon|77\/100\n|move|p1b: Inteleon|Air Cutter|p2a: Hydreigon|[spread] p2a,p2b\n|-crit|p2b: Grafaiai\n|-damage|p2a: Hydreigon|0 fnt\n|-damage|p2b: Grafaiai|4\/100\n|faint|p2a: Hydreigon\n|move|p1a: Rillaboom|Grassy Glide|p2b: Grafaiai\n|-resisted|p2b: Grafaiai\n|-damage|p2b: Grafaiai|0 fnt\n|faint|p2b: Grafaiai\n|\n|win|pelipperislandxoo\n|raw|pelipperislandxoo's rating: 1038 &rarr; <strong>1072<\/strong><br \/>(+34 for winning)\n|raw|RSIOlivares05's rating: 1033 &rarr; <strong>1018<\/strong><br \/>(-15 for losing)\n|l|\u2606RSIOlivares05\n","uploadtime":1700081576,"views":11,"p1id":"pelipperislandxoo","p2id":"rsiolivares05","formatid":"gen9vgc2023regulatione","rating":1018,"private":0,"password":""}