{"id":"gen9vgc2023regulatione-1989672629","p1":"Ayresbrun","p2":"ryth5","format":"[Gen 9] VGC 2023 Regulation E","log":"|j|\u2606Ayresbrun\n|j|\u2606ryth5\n|t:|1699885498\n|gametype|doubles\n|player|p1|Ayresbrun|266|1277\n|player|p2|ryth5|cynthia|1260\n|teamsize|p1|6\n|teamsize|p2|6\n|gen|9\n|tier|[Gen 9] VGC 2023 Regulation E\n|rated|\n|rule|Species Clause: Limit one of each Pok\u00e9mon\n|rule|Item Clause: Limit one of each item\n|clearpoke\n|poke|p1|Flutter Mane, L50|\n|poke|p1|Tornadus, L50, M|\n|poke|p1|Heatran, L50, F|\n|poke|p1|Rillaboom, L50, F|\n|poke|p1|Arcanine, L50, M|\n|poke|p1|Hydreigon, L50, F|\n|poke|p2|Moltres-Galar, L50|\n|poke|p2|Arcanine-Hisui, L50, M|\n|poke|p2|Munkidori, L50, M|\n|poke|p2|Sinistcha, L50|\n|poke|p2|Grimmsnarl, L50, M|\n|poke|p2|Empoleon, L50, F|\n|teampreview|4\n|inactive|Battle timer is ON: inactive players will automatically lose when time's up. (requested by ryth5)\nAyresbrun has agreed to open team sheets.\n|inactive|Ayresbrun has 60 seconds left.\n|inactive|Ayresbrun has 30 seconds left.\n|inactive|Ayresbrun has 20 seconds left.\n|inactive|Ayresbrun has 15 seconds left.\n|inactive|Ayresbrun has 10 seconds left.\n|\n|t:|1699885581\n|start\n|switch|p1a: Tornadus|Tornadus, L50, M|100\/100\n|switch|p1b: Flutter Mane|Flutter Mane, L50|100\/100\n|switch|p2a: Moltres|Moltres-Galar, L50|100\/100\n|switch|p2b: Munkidori|Munkidori, L50, M|100\/100\n|-item|p1a: Tornadus|Covert Cloak|[from] ability: Frisk|[of] p2b: Munkidori|[identify]\n|-item|p1b: Flutter Mane|Choice Specs|[from] ability: Frisk|[of] p2b: Munkidori|[identify]\n|turn|1\n|\n|t:|1699885603\n|-terastallize|p2a: Moltres|Poison\n|move|p1b: Flutter Mane|Taunt|p2a: Moltres\n|-start|p2a: Moltres|move: Taunt\n|move|p2b: Munkidori|Sludge Bomb|p1b: Flutter Mane\n|-damage|p1b: Flutter Mane|60\/100\n|-status|p1b: Flutter Mane|psn\n|move|p1a: Tornadus|Bleakwind Storm|p2a: Moltres|[spread] p2b\n|-miss|p1a: Tornadus|p2a: Moltres\n|-damage|p2b: Munkidori|65\/100\n|move|p2a: Moltres|Fiery Wrath|p1b: Flutter Mane|[spread] p1a,p1b\n|-damage|p1a: Tornadus|64\/100\n|-damage|p1b: Flutter Mane|28\/100 psn\n|\n|-damage|p1b: Flutter Mane|17\/100 psn|[from] psn\n|upkeep\n|turn|2\n|inactive|Ayresbrun has 30 seconds left.\n|\n|t:|1699885630\n|-end|p1b: Flutter Mane|Protosynthesis|[silent]\n|switch|p1b: Heatran|Heatran, L50, F|100\/100\n|switch|p2a: Arcanine|Arcanine-Hisui, L50, M|100\/100\n|-ability|p2a: Arcanine|Intimidate|boost\n|-unboost|p1a: Tornadus|atk|1\n|-unboost|p1b: Heatran|atk|1\n|move|p1a: Tornadus|Tailwind|p1a: Tornadus\n|-sidestart|p1: Ayresbrun|move: Tailwind\n|move|p2b: Munkidori|Parting Shot|p1b: Heatran\n|-unboost|p1b: Heatran|atk|1\n|-unboost|p1b: Heatran|spa|1\n|\n|t:|1699885642\n|switch|p2b: Empoleon|Empoleon, L50, F|100\/100|[from] Parting Shot\n|\n|upkeep\n|turn|3\n|inactive|Ayresbrun has 30 seconds left.\n|\n|t:|1699885670\n|switch|p1b: Flutter Mane|Flutter Mane, L50|17\/100 psn\n|switch|p2a: Moltres|Moltres-Galar, L50, tera:Poison|100\/100\n|move|p1a: Tornadus|Grass Knot|p2b: Empoleon\n|-damage|p2b: Empoleon|82\/100\n|move|p2b: Empoleon|Hydro Pump|p1b: Flutter Mane\n|-damage|p1b: Flutter Mane|0 fnt\n|faint|p1b: Flutter Mane\n|-end|p1b: Flutter Mane|Protosynthesis|[silent]\n|\n|upkeep\n|\n|t:|1699885684\n|switch|p1b: Heatran|Heatran, L50, F|100\/100\n|turn|4\n|inactive|Ayresbrun has 30 seconds left.\n|\n|t:|1699885710\n|-terastallize|p1b: Heatran|Bug\n|move|p1a: Tornadus|Grass Knot|p2b: Empoleon\n|-damage|p2b: Empoleon|64\/100\n|move|p1b: Heatran|Earth Power|p2a: Moltres\n|-supereffective|p2a: Moltres\n|-damage|p2a: Moltres|45\/100\n|-ability|p2a: Moltres|Berserk|boost\n|-boost|p2a: Moltres|spa|1\n|-damage|p1b: Heatran|91\/100|[from] item: Life Orb\n|-enditem|p2a: Moltres|Sitrus Berry|[eat]\n|-heal|p2a: Moltres|70\/100|[from] item: Sitrus Berry\n|move|p2a: Moltres|Nasty Plot|p2a: Moltres\n|-boost|p2a: Moltres|spa|2\n|move|p2b: Empoleon|Ice Beam|p1a: Tornadus\n|-supereffective|p1a: Tornadus\n|-damage|p1a: Tornadus|1\/100\n|\n|upkeep\n|turn|5\n|inactive|Ayresbrun has 30 seconds left.\n|inactive|Ayresbrun has 20 seconds left.\n|\n|t:|1699885750\n|move|p2a: Moltres|Protect|p2a: Moltres\n|-singleturn|p2a: Moltres|Protect\n|move|p2b: Empoleon|Vacuum Wave|p1a: Tornadus\n|-resisted|p1a: Tornadus\n|-damage|p1a: Tornadus|0 fnt\n|faint|p1a: Tornadus\n|move|p1b: Heatran|Earth Power|p2a: Moltres\n|-activate|p2a: Moltres|move: Protect\n|\n|-sideend|p1: Ayresbrun|move: Tailwind\n|upkeep\n|\n|t:|1699885759\n|switch|p1a: Rillaboom|Rillaboom, L50, F|100\/100\n|-fieldstart|move: Grassy Terrain|[from] ability: Grassy Surge|[of] p1a: Rillaboom\n|turn|6\n|\n|t:|1699885775\n|move|p2a: Moltres|Protect|p2a: Moltres\n|-singleturn|p2a: Moltres|Protect\n|move|p1a: Rillaboom|Fake Out|p2a: Moltres\n|-activate|p2a: Moltres|move: Protect\n|move|p2b: Empoleon|Ice Beam|p1a: Rillaboom\n|-supereffective|p1a: Rillaboom\n|-damage|p1a: Rillaboom|52\/100\n|move|p1b: Heatran|Earth Power|p2b: Empoleon\n|-supereffective|p2b: Empoleon\n|-damage|p2b: Empoleon|4\/100\n|-damage|p1b: Heatran|81\/100|[from] item: Life Orb\n|\n|-heal|p2a: Moltres|76\/100|[from] Grassy Terrain\n|-heal|p2b: Empoleon|10\/100|[from] Grassy Terrain\n|-heal|p1b: Heatran|87\/100|[from] Grassy Terrain\n|-heal|p1a: Rillaboom|58\/100|[from] Grassy Terrain\n|upkeep\n|turn|7\n|inactive|Ayresbrun has 30 seconds left.\n|\n|t:|1699885803\n|move|p1a: Rillaboom|Grassy Glide|p2b: Empoleon\n|-crit|p2b: Empoleon\n|-damage|p2b: Empoleon|0 fnt\n|faint|p2b: Empoleon\n|move|p2a: Moltres|Air Slash|p1b: Heatran\n|-supereffective|p1b: Heatran\n|-damage|p1b: Heatran|0 fnt\n|faint|p1b: Heatran\n|\n|-heal|p2a: Moltres|82\/100|[from] Grassy Terrain\n|-heal|p1a: Rillaboom|64\/100|[from] Grassy Terrain\n|upkeep\n|\n|t:|1699885810\n|switch|p2b: Munkidori|Munkidori, L50, M|65\/100\n|-item|p1a: Rillaboom|Assault Vest|[from] ability: Frisk|[of] p2b: Munkidori|[identify]\n|turn|8\n|\n|t:|1699885817\n|move|p2b: Munkidori|Fake Out|p1a: Rillaboom\n|-damage|p1a: Rillaboom|57\/100\n|move|p2a: Moltres|Air Slash|p1a: Rillaboom\n|-supereffective|p1a: Rillaboom\n|-damage|p1a: Rillaboom|0 fnt\n|faint|p1a: Rillaboom\n|\n|win|ryth5\n|raw|Ayresbrun's rating: 1277 &rarr; <strong>1251<\/strong><br \/>(-26 for losing)\n|raw|ryth5's rating: 1260 &rarr; <strong>1286<\/strong><br \/>(+26 for winning)\n|l|\u2606ryth5\n","uploadtime":1699885825,"views":31,"p1id":"ayresbrun","p2id":"ryth5","formatid":"gen9vgc2023regulatione","rating":1251,"private":0,"password":""}