{"id":"gen9vgc2023regulatione-1990940903","p1":"5Sscreen","p2":"Planteia","format":"[Gen 9] VGC 2023 Regulation E","log":"|j|\u26065Sscreen\n|j|\u2606Planteia\n|t:|1700017630\n|gametype|doubles\n|player|p1|5Sscreen|pokekid|1140\n|player|p2|Planteia|lusamine-nihilego|1045\n|teamsize|p1|6\n|teamsize|p2|6\n|gen|9\n|tier|[Gen 9] VGC 2023 Regulation E\n|rated|\n|rule|Species Clause: Limit one of each Pok\u00e9mon\n|rule|Item Clause: Limit one of each item\n|clearpoke\n|poke|p1|Annihilape, L50, F|\n|poke|p1|Sinistcha, L50|\n|poke|p1|Grimmsnarl, L50, M|\n|poke|p1|Landorus-Therian, L50, M|\n|poke|p1|Bellibolt, L50, M|\n|poke|p1|Corviknight, L50, M|\n|poke|p2|Basculegion, L50, M|\n|poke|p2|Chi-Yu, L50|\n|poke|p2|Amoonguss, L50, F|\n|poke|p2|Indeedee-F, L50, F|\n|poke|p2|Tornadus, L50, M|\n|poke|p2|Iron Hands, L50|\n|teampreview|4\n|\n|t:|1700017671\n|start\n|switch|p1a: Grimmsnarl|Grimmsnarl, L50, M, shiny|100\/100\n|switch|p1b: Bellibolt|Bellibolt, L50, M, shiny|100\/100\n|switch|p2a: Tornadus|Tornadus, L50, M|100\/100\n|switch|p2b: Indeedee|Indeedee-F, L50, F|100\/100\n|turn|1\n|\n|t:|1700017700\n|move|p2a: Tornadus|Protect|p2a: Tornadus\n|-singleturn|p2a: Tornadus|Protect\n|move|p1a: Grimmsnarl|Light Screen|p1a: Grimmsnarl\n|-sidestart|p1: 5Sscreen|move: Light Screen\n|move|p2b: Indeedee|Psychic|p1b: Bellibolt\n|-damage|p1b: Bellibolt|90\/100\n|-start|p1b: Bellibolt|Charge|Psychic|[from] ability: Electromorphosis\n|move|p1b: Bellibolt|Thunderbolt|p2a: Tornadus\n|-activate|p2a: Tornadus|move: Protect\n|-end|p1b: Bellibolt|Charge|[silent]\n|\n|upkeep\n|turn|2\n|\n|t:|1700017719\n|switch|p2b: Amoonguss|Amoonguss, L50, F|100\/100\n|move|p2a: Tornadus|Tailwind|p2a: Tornadus\n|-sidestart|p2: Planteia|move: Tailwind\n|move|p1a: Grimmsnarl|Parting Shot|p2a: Tornadus\n|-unboost|p2a: Tornadus|atk|1\n|-unboost|p2a: Tornadus|spa|1\n|\n|t:|1700017727\n|switch|p1a: Annihilape|Annihilape, L50, F|100\/100|[from] Parting Shot\n|move|p1b: Bellibolt|Parabolic Charge|p2a: Tornadus|[spread] p1a,p2a,p2b\n|-supereffective|p2a: Tornadus\n|-resisted|p2b: Amoonguss\n|-damage|p1a: Annihilape|90\/100\n|-heal|p1b: Bellibolt|95\/100|[from] drain|[of] p1a: Annihilape\n|-damage|p2a: Tornadus|65\/100\n|-heal|p1b: Bellibolt|100\/100|[from] drain|[of] p2a: Tornadus\n|-damage|p2b: Amoonguss|92\/100\n|-enditem|p2b: Amoonguss|Eject Button\n|\n|t:|1700017752\n|switch|p2b: Indeedee|Indeedee-F, L50, F|100\/100\n|\n|-heal|p1a: Annihilape|96\/100|[from] item: Leftovers\n|upkeep\n|turn|3\n|\n|t:|1700017780\n|move|p1a: Annihilape|Protect|p1a: Annihilape\n|-singleturn|p1a: Annihilape|Protect\n|move|p2b: Indeedee|Follow Me|p2b: Indeedee\n|-singleturn|p2b: Indeedee|move: Follow Me\n|move|p2a: Tornadus|Taunt|p1b: Bellibolt\n|-start|p1b: Bellibolt|move: Taunt\n|move|p1b: Bellibolt|Acid Spray|p2b: Indeedee\n|-damage|p2b: Indeedee|89\/100\n|-unboost|p2b: Indeedee|spd|2\n|\n|-heal|p1a: Annihilape|100\/100|[from] item: Leftovers\n|upkeep\n|turn|4\n|\n|t:|1700017808\n|-terastallize|p1a: Annihilape|Fire\n|move|p2b: Indeedee|Follow Me|p2b: Indeedee\n|-singleturn|p2b: Indeedee|move: Follow Me\n|move|p2a: Tornadus|Bleakwind Storm|p1a: Annihilape|[spread] p1a\n|-miss|p2a: Tornadus|p1b: Bellibolt\n|-damage|p1a: Annihilape|88\/100\n|-unboost|p1a: Annihilape|spe|1\n|-ability|p1a: Annihilape|Defiant|boost\n|-boost|p1a: Annihilape|atk|2\n|move|p1a: Annihilape|Drain Punch|p2b: Indeedee\n|-damage|p2b: Indeedee|0 fnt\n|-heal|p1a: Annihilape|100\/100|[from] drain|[of] p2b: Indeedee\n|faint|p2b: Indeedee\n|move|p1b: Bellibolt|Parabolic Charge|p2a: Tornadus|[spread] p1a,p2a\n|-supereffective|p2a: Tornadus\n|-damage|p1a: Annihilape|90\/100\n|-damage|p2a: Tornadus|30\/100\n|-enditem|p2a: Tornadus|Sitrus Berry|[eat]\n|-heal|p2a: Tornadus|54\/100|[from] item: Sitrus Berry\n|\n|-heal|p1a: Annihilape|97\/100|[from] item: Leftovers\n|upkeep\n|\n|t:|1700017827\n|switch|p2b: Basculegion|Basculegion, L50, M|100\/100\n|turn|5\n|\n|t:|1700017844\n|move|p2a: Tornadus|Protect|p2a: Tornadus\n|-singleturn|p2a: Tornadus|Protect\n|move|p1a: Annihilape|Protect|p1a: Annihilape\n|-singleturn|p1a: Annihilape|Protect\n|move|p2b: Basculegion|Shadow Ball|p1b: Bellibolt\n|-damage|p1b: Bellibolt|76\/100\n|-start|p1b: Bellibolt|Charge|Shadow Ball|[from] ability: Electromorphosis\n|move|p1b: Bellibolt|Parabolic Charge|p2a: Tornadus|[spread] p2b\n|-activate|p1a: Annihilape|move: Protect\n|-activate|p2a: Tornadus|move: Protect\n|-supereffective|p2b: Basculegion\n|-damage|p2b: Basculegion|17\/100\n|-heal|p1b: Bellibolt|100\/100|[from] drain|[of] p2b: Basculegion\n|-end|p1b: Bellibolt|Charge|[silent]\n|\n|-heal|p1a: Annihilape|100\/100|[from] item: Leftovers\n|-end|p1b: Bellibolt|move: Taunt\n|-sideend|p2: Planteia|move: Tailwind\n|upkeep\n|turn|6\n|\n|t:|1700017879\n|switch|p1a: Sinistcha|Sinistcha, L50|100\/100\n|move|p2a: Tornadus|Tailwind|p2a: Tornadus\n|-sidestart|p2: Planteia|move: Tailwind\n|move|p2b: Basculegion|Shadow Ball|p1b: Bellibolt\n|-damage|p1b: Bellibolt|75\/100\n|-start|p1b: Bellibolt|Charge|Shadow Ball|[from] ability: Electromorphosis\n|move|p1b: Bellibolt|Parabolic Charge|p2a: Tornadus|[spread] p1a,p2a,p2b\n|-resisted|p1a: Sinistcha\n|-supereffective|p2a: Tornadus\n|-supereffective|p2b: Basculegion\n|-damage|p1a: Sinistcha|88\/100\n|-heal|p1b: Bellibolt|80\/100|[from] drain|[of] p1a: Sinistcha\n|-damage|p2a: Tornadus|0 fnt\n|-heal|p1b: Bellibolt|100\/100|[from] drain|[of] p2a: Tornadus\n|-damage|p2b: Basculegion|0 fnt\n|faint|p2a: Tornadus\n|faint|p2b: Basculegion\n|-end|p1b: Bellibolt|Charge|[silent]\n|\n|upkeep\n|-message|Planteia forfeited.\n|\n|win|5Sscreen\n|raw|5Sscreen's rating: 1140 &rarr; <strong>1158<\/strong><br \/>(+18 for winning)\n|raw|Planteia's rating: 1045 &rarr; <strong>1033<\/strong><br \/>(-12 for losing)\n|l|\u2606Planteia\n","uploadtime":1700017899,"views":15,"p1id":"5sscreen","p2id":"planteia","formatid":"gen9vgc2023regulatione","rating":1033,"private":0,"password":""}