{"id":"gen9vgc2023regulatione-1989434616","p1":"Disobedient_vgc","p2":"Lbbones","format":"[Gen 9] VGC 2023 Regulation E","log":"|j|\u2606Disobedient_vgc\n|j|\u2606Lbbones\n|n|\u2606Disobedient_vgc|disobedientvgc\n|n|\u2606Lbbones|lbbones\n|html|View the match progress at <a href=\"\/game-bestof3-gen9vgc2023regulatione-1989432954\">game-bestof3-gen9vgc2023regulatione-1989432954<\/a>\n|t:|1699849951\n|gametype|doubles\n|player|p1|Disobedient_vgc|shadowtriad|\n|player|p2|Lbbones|169|\n|teamsize|p1|6\n|teamsize|p2|6\n|gen|9\n|tier|[Gen 9] VGC 2023 Regulation E\n|rule|Species Clause: Limit one of each Pok\u00e9mon\n|rule|Item Clause: Limit one of each item\n|clearpoke\n|poke|p1|Dusclops, L50, F|\n|poke|p1|Ursaluna-Bloodmoon, L50, M|\n|poke|p1|Ogerpon-Wellspring, L50, F|\n|poke|p1|Chi-Yu, L50|\n|poke|p1|Iron Hands, L50|\n|poke|p1|Landorus-Therian, L50, M|\n|poke|p2|Tornadus, L50, M|\n|poke|p2|Mamoswine, L50, F|\n|poke|p2|Flutter Mane, L50|\n|poke|p2|Chi-Yu, L50|\n|poke|p2|Ogerpon-Wellspring, L50, F|\n|poke|p2|Iron Hands, L50|\n|teampreview|4\nDisobedient_vgc has agreed to open team sheets.\n|\n|t:|1699849983\n|start\n|switch|p1a: Dusclops|Dusclops, L50, F|100\/100\n|switch|p1b: Ursaluna|Ursaluna-Bloodmoon, L50, M|100\/100\n|switch|p2a: Mamoswine|Mamoswine, L50, F|100\/100\n|switch|p2b: Tornadus|Tornadus, L50, M|100\/100\n|-ability|p1a: Dusclops|Pressure\n|turn|1\n|\n|t:|1699850021\n|move|p1b: Ursaluna|Protect|p1b: Ursaluna\n|-singleturn|p1b: Ursaluna|Protect\n|move|p2b: Tornadus|Tailwind|p2b: Tornadus\n|-sidestart|p2: Lbbones|move: Tailwind\n|move|p2a: Mamoswine|High Horsepower|p1b: Ursaluna\n|-activate|p1b: Ursaluna|move: Protect\n|move|p1a: Dusclops|Trick Room|p1a: Dusclops\n|-fieldstart|move: Trick Room|[of] p1a: Dusclops\n|\n|upkeep\n|turn|2\n|\n|t:|1699850042\n|-terastallize|p1b: Ursaluna|Normal\n|move|p1a: Dusclops|Will-O-Wisp|p2a: Mamoswine\n|-status|p2a: Mamoswine|brn\n|move|p1b: Ursaluna|Hyper Voice|p2a: Mamoswine|[spread] p2a,p2b\n|-damage|p2a: Mamoswine|28\/100 brn\n|-damage|p2b: Tornadus|42\/100\n|move|p2b: Tornadus|Bleakwind Storm|p1a: Dusclops|[spread] p1b\n|-miss|p2b: Tornadus|p1a: Dusclops\n|-damage|p1b: Ursaluna|70\/100\n|move|p2a: Mamoswine|Icicle Crash|p1a: Dusclops\n|-damage|p1a: Dusclops|87\/100\n|\n|-damage|p2a: Mamoswine|22\/100 brn|[from] brn\n|upkeep\n|turn|3\n|\n|t:|1699850072\n|move|p1a: Dusclops|Brick Break|p1b: Ursaluna\n|-supereffective|p1b: Ursaluna\n|-damage|p1b: Ursaluna|55\/100\n|-enditem|p1b: Ursaluna|Weakness Policy\n|-boost|p1b: Ursaluna|atk|2|[from] item: Weakness Policy\n|-boost|p1b: Ursaluna|spa|2|[from] item: Weakness Policy\n|move|p1b: Ursaluna|Hyper Voice|p2a: Mamoswine|[spread] p2a,p2b\n|-damage|p2a: Mamoswine|0 fnt\n|-damage|p2b: Tornadus|0 fnt\n|faint|p2a: Mamoswine\n|faint|p2b: Tornadus\n|\n|upkeep\n|\n|t:|1699850084\n|switch|p2b: Ogerpon|Ogerpon-Wellspring, L50, F|100\/100\n|switch|p2a: Flutter Mane|Flutter Mane, L50|100\/100\n|turn|4\n|\n|t:|1699850095\n|switch|p1a: Chi-Yu|Chi-Yu, L50|100\/100\n|-ability|p1a: Chi-Yu|Beads of Ruin\n|-terastallize|p2b: Ogerpon|Water\n|detailschange|p2b: Ogerpon|Ogerpon-Wellspring-Tera, L50, F, tera:Water\n|-ability|p2b: Ogerpon|Embody Aspect (Wellspring)|boost\n|-boost|p2b: Ogerpon|spd|1\n|move|p1b: Ursaluna|Hyper Voice|p2a: Flutter Mane|[spread] p2a,p2b\n|-damage|p2a: Flutter Mane|0 fnt\n|-damage|p2b: Ogerpon|17\/100\n|faint|p2a: Flutter Mane\n|-end|p2a: Flutter Mane|Protosynthesis|[silent]\n|move|p2b: Ogerpon|Ivy Cudgel|p1b: Ursaluna\n|-crit|p1b: Ursaluna\n|-damage|p1b: Ursaluna|0 fnt\n|faint|p1b: Ursaluna\n|\n|-sideend|p2: Lbbones|move: Tailwind\n|upkeep\n|\n|t:|1699850110\n|switch|p1b: Landorus|Landorus-Therian, L50, M|100\/100\n|-ability|p1b: Landorus|Intimidate|boost\n|-unboost|p2b: Ogerpon|atk|1\n|turn|5\n|\n|t:|1699850120\n|move|p1a: Chi-Yu|Dark Pulse|p2b: Ogerpon\n|-damage|p2b: Ogerpon|0 fnt\n|faint|p2b: Ogerpon\n|\n|win|Disobedient_vgc\n","uploadtime":1699850125,"views":12,"p1id":"disobedientvgc","p2id":"lbbones","formatid":"gen9vgc2023regulatione","rating":0,"private":0,"password":""}