{"id":"gen9vgc2023regulatione-1996027277","p1":"LameLiarLeo","p2":"Briticus9","format":"[Gen 9] VGC 2023 Regulation E","log":"|j|\u2606LameLiarLeo\n|j|\u2606Briticus9\n|n|\u2606LameLiarLeo|lameliarleo\n|n|\u2606Briticus9|briticus9\n|html|View the match progress at <a href=\"\/game-bestof3-gen9vgc2023regulatione-1996025761\">game-bestof3-gen9vgc2023regulatione-1996025761<\/a>\n|t:|1700631565\n|gametype|doubles\n|player|p1|LameLiarLeo|caitlin|\n|player|p2|Briticus9|clair|\n|teamsize|p1|6\n|teamsize|p2|6\n|gen|9\n|tier|[Gen 9] VGC 2023 Regulation E\n|rule|Species Clause: Limit one of each Pok\u00e9mon\n|rule|Item Clause: Limit one of each item\n|clearpoke\n|poke|p1|Tyranitar, L50, F|\n|poke|p1|Lycanroc, L50, F|\n|poke|p1|Gyarados, L50, F|\n|poke|p1|Iron Valiant, L50|\n|poke|p1|Murkrow, L50, F|\n|poke|p1|Dragonite, L50, M|\n|poke|p2|Cresselia, L50, F|\n|poke|p2|Ursaluna-Bloodmoon, L50, M|\n|poke|p2|Hatterene, L50, F|\n|poke|p2|Torkoal, L50, F|\n|poke|p2|Sylveon, L50, F|\n|poke|p2|Milotic, L50, M|\n|teampreview|4\n|inactive|Battle timer is ON: inactive players will automatically lose when time's up. (requested by LameLiarLeo)\nBriticus9 has agreed to open team sheets.\nLameLiarLeo has agreed to open team sheets.\n|showteam|p1|Tyranitar||AssaultVest|SandStream|KnockOff,RockSlide,LowKick,TeraBlast|||F|||50|,,,,,Fairy]Lycanroc||FocusSash|KeenEye|RockSlide,CloseCombat,Endeavor,Protect|||F|||50|,,,,,Ghost]Gyarados||ChoiceSpecs|Intimidate|Scald,Hurricane,Thunder,IceBeam|||F|||50|,,,,,Water]Iron Valiant||BoosterEnergy|QuarkDrive|CloseCombat,Moonblast,Encore,DestinyBond||||||50|,,,,,Ghost]Murkrow||CovertCloak|Prankster|BraveBird,Tailwind,Quash,RainDance|||F|||50|,,,,,Ghost]Dragonite||ChoiceBand|InnerFocus|TeraBlast,ExtremeSpeed,StompingTantrum,Outrage|||M|||50|,,,,,Flying\n|showteam|p2|Cresselia||SafetyGoggles|Levitate|TrickRoom,LunarBlessing,Moonblast,HelpingHand|||F|||50|,,,,,Dark]Ursaluna-Bloodmoon||LifeOrb|MindsEye|BloodMoon,EarthPower,Protect,HyperVoice|||M|||50|,,,,,Normal]Hatterene||FairyFeather|MagicBounce|CalmMind,DrainingKiss,Psychic,TrickRoom|||F|||50|,,,,,Normal]Torkoal||Charcoal|Drought|Eruption,HeatWave,EarthPower,Protect|||F|||50|,,,,,Fire]Sylveon||ThroatSpray|Pixilate|HyperVoice,Moonblast,Protect,TeraBlast|||F|||50|,,,,,Fairy]Milotic||Leftovers|Competitive|Protect,IceBeam,Recover,Scald|||M|||50|,,,,,Grass\n|inactiveoff|Battle timer is now OFF.\n|\n|t:|1700631611\n|start\n|switch|p1a: Tyranitar|Tyranitar, L50, F|100\/100\n|switch|p1b: Dragonite|Dragonite, L50, M|100\/100\n|switch|p2a: Baddie B|Cresselia, L50, F|100\/100\n|switch|p2b: Young Money|Ursaluna-Bloodmoon, L50, M|100\/100\n|-weather|Sandstorm|[from] ability: Sand Stream|[of] p1a: Tyranitar\n|turn|1\n|j| Hatsune Chi-Yu\n|\n|t:|1700631649\n|-terastallize|p1a: Tyranitar|Fairy\n|move|p1b: Dragonite|Outrage|p2a: Baddie B\n|-damage|p2a: Baddie B|40\/100\n|move|p2b: Young Money|Hyper Voice|p1b: Dragonite|[spread] p1a,p1b\n|-damage|p1a: Tyranitar|72\/100\n|-damage|p1b: Dragonite|49\/100\n|-damage|p2b: Young Money|91\/100|[from] item: Life Orb\n|move|p1a: Tyranitar|Tera Blast|p2a: Baddie B|[anim] Tera Blast Fairy\n|-damage|p2a: Baddie B|13\/100\n|move|p2a: Baddie B|Trick Room|p2a: Baddie B\n|-fieldstart|move: Trick Room|[of] p2a: Baddie B\n|\n|-weather|Sandstorm|[upkeep]\n|-damage|p1a: Tyranitar|67\/100|[from] Sandstorm\n|-damage|p1b: Dragonite|43\/100|[from] Sandstorm\n|upkeep\n|turn|2\n|\n|t:|1700631665\n|move|p2b: Young Money|Protect|p2b: Young Money\n|-singleturn|p2b: Young Money|Protect\n|move|p1a: Tyranitar|Low Kick|p2b: Young Money\n|-activate|p2b: Young Money|move: Protect\n|move|p2a: Baddie B|Lunar Blessing|p2a: Baddie B|[spread] p2a,p2b\n|-heal|p2a: Baddie B|38\/100\n|-heal|p2b: Young Money|100\/100\n|move|p1b: Dragonite|Outrage|p2a: Baddie B|[from]lockedmove\n|-damage|p2a: Baddie B|0 fnt\n|faint|p2a: Baddie B\n|\n|-weather|Sandstorm|[upkeep]\n|-damage|p1a: Tyranitar|61\/100|[from] Sandstorm\n|-damage|p1b: Dragonite|37\/100|[from] Sandstorm\n|upkeep\n|\n|t:|1700631679\n|switch|p2a: Pspspspsps|Milotic, L50, M|100\/100\n|turn|3\n|\n|t:|1700631703\n|move|p1a: Tyranitar|Low Kick|p2b: Young Money\n|-supereffective|p2b: Young Money\n|-damage|p2b: Young Money|28\/100\n|move|p2b: Young Money|Hyper Voice|p1a: Tyranitar|[spread] p1a,p1b\n|-damage|p1a: Tyranitar|36\/100\n|-damage|p1b: Dragonite|0 fnt\n|faint|p1b: Dragonite\n|-damage|p2b: Young Money|19\/100|[from] item: Life Orb\n|move|p2a: Pspspspsps|Ice Beam|p1a: Tyranitar\n|-damage|p1a: Tyranitar|24\/100\n|\n|-weather|Sandstorm|[upkeep]\n|-damage|p1a: Tyranitar|18\/100|[from] Sandstorm\n|-damage|p2a: Pspspspsps|95\/100|[from] Sandstorm\n|-heal|p2a: Pspspspsps|100\/100|[from] item: Leftovers\n|upkeep\n|\n|t:|1700631714\n|switch|p1b: Lycanroc|Lycanroc, L50, F|100\/100\n|turn|4\n|\n|t:|1700631756\n|move|p1a: Tyranitar|Knock Off|p2a: Pspspspsps\n|-damage|p2a: Pspspspsps|29\/100\n|-enditem|p2a: Pspspspsps|Leftovers|[from] move: Knock Off|[of] p1a: Tyranitar\n|move|p2b: Young Money|Earth Power|p1b: Lycanroc\n|-supereffective|p1b: Lycanroc\n|-enditem|p1b: Lycanroc|Focus Sash\n|-damage|p1b: Lycanroc|1\/100\n|-unboost|p1b: Lycanroc|spd|1\n|-damage|p2b: Young Money|9\/100|[from] item: Life Orb\n|move|p2a: Pspspspsps|Ice Beam|p1a: Tyranitar\n|-damage|p1a: Tyranitar|7\/100\n|move|p1b: Lycanroc|Close Combat|p2a: Pspspspsps\n|-damage|p2a: Pspspspsps|0 fnt\n|-unboost|p1b: Lycanroc|def|1\n|-unboost|p1b: Lycanroc|spd|1\n|faint|p2a: Pspspspsps\n|\n|-weather|Sandstorm|[upkeep]\n|-damage|p1a: Tyranitar|1\/100|[from] Sandstorm\n|upkeep\n|\n|t:|1700631774\n|switch|p2a: Slay Queen|Hatterene, L50, F|100\/100\n|turn|5\n|\n|t:|1700631792\n|move|p2b: Young Money|Protect|p2b: Young Money\n|-singleturn|p2b: Young Money|Protect\n|move|p1b: Lycanroc|Protect|p1b: Lycanroc\n|-singleturn|p1b: Lycanroc|Protect\n|move|p2a: Slay Queen|Calm Mind|p2a: Slay Queen\n|-boost|p2a: Slay Queen|spa|1\n|-boost|p2a: Slay Queen|spd|1\n|move|p1a: Tyranitar|Knock Off|p2a: Slay Queen\n|-damage|p2a: Slay Queen|53\/100\n|-enditem|p2a: Slay Queen|Fairy Feather|[from] move: Knock Off|[of] p1a: Tyranitar\n|\n|-weather|none\n|-fieldend|move: Trick Room\n|upkeep\n|turn|6\n|\n|t:|1700631824\n|move|p1b: Lycanroc|Close Combat|p2b: Young Money\n|-supereffective|p2b: Young Money\n|-damage|p2b: Young Money|0 fnt\n|-unboost|p1b: Lycanroc|def|1\n|-unboost|p1b: Lycanroc|spd|1\n|faint|p2b: Young Money\n|move|p1a: Tyranitar|Tera Blast|p2a: Slay Queen|[anim] Tera Blast Fairy\n|-crit|p2a: Slay Queen\n|-damage|p2a: Slay Queen|0 fnt\n|faint|p2a: Slay Queen\n|\n|win|LameLiarLeo\n|c|\u2606LameLiarLeo|ow\n|c|\u2606LameLiarLeo|gg, well played\n|c|\u2606Briticus9|ggs\n|l| Hatsune Chi-Yu\n|l|\u2606Briticus9\n","uploadtime":1700631834,"views":4,"p1id":"lameliarleo","p2id":"briticus9","formatid":"gen9vgc2023regulatione","rating":0,"private":0,"password":""}