{"id":"gen9vgc2023regulatione-1989257765","p1":"KingOfGreed64","p2":"Drewew","format":"[Gen 9] VGC 2023 Regulation E","log":"|j|\u2606KingOfGreed64\n|j|\u2606Drewew\n|t:|1699828825\n|gametype|doubles\n|player|p1|KingOfGreed64|guzma|1246\n|player|p2|Drewew|roxie|1255\n|teamsize|p1|6\n|teamsize|p2|6\n|gen|9\n|tier|[Gen 9] VGC 2023 Regulation E\n|rated|\n|rule|Species Clause: Limit one of each Pok\u00e9mon\n|rule|Item Clause: Limit one of each item\n|clearpoke\n|poke|p1|Tropius, L50, M|\n|poke|p1|Torkoal, L50, M|\n|poke|p1|Grimmsnarl, L50, M|\n|poke|p1|Glimmora, L50, M|\n|poke|p1|Flutter Mane, L50|\n|poke|p1|Roaring Moon, L50|\n|poke|p2|Volcarona, L50, F|\n|poke|p2|Flutter Mane, L50|\n|poke|p2|Iron Hands, L50|\n|poke|p2|Kingambit, L50, F|\n|poke|p2|Clefairy, L50, F|\n|poke|p2|Landorus-Therian, L50, M|\n|teampreview|4\nDrewew has agreed to open team sheets.\nKingOfGreed64 has agreed to open team sheets.\n|\n|t:|1699828871\n|start\n|switch|p1a: Lorccan|Grimmsnarl, L50, M, shiny|100\/100\n|switch|p1b: a|Glimmora, L50, M|100\/100\n|switch|p2a: GordoTeta|Iron Hands, L50|100\/100\n|switch|p2b: ChinchedeLille|Volcarona, L50, F, shiny|100\/100\n|turn|1\n|c|\u2606KingOfGreed64|misty terrain flutter?\n|c|\u2606KingOfGreed64|very based\n|\n|t:|1699828895\n|move|p2b: ChinchedeLille|Protect|p2b: ChinchedeLille\n|-singleturn|p2b: ChinchedeLille|Protect\n|move|p1a: Lorccan|Reflect|p1a: Lorccan\n|-sidestart|p1: KingOfGreed64|Reflect\n|move|p1b: a|Mortal Spin|p2b: ChinchedeLille|[spread] p2a\n|-activate|p2b: ChinchedeLille|move: Protect\n|-damage|p2a: GordoTeta|98\/100\n|-status|p2a: GordoTeta|psn\n|move|p2a: GordoTeta|Heavy Slam|p1a: Lorccan\n|-supereffective|p1a: Lorccan\n|-damage|p1a: Lorccan|35\/100\n|\n|-damage|p2a: GordoTeta|85\/100 psn|[from] psn\n|upkeep\n|turn|2\n|\n|t:|1699828938\n|switch|p2b: Landorus|Landorus-Therian, L50, M|100\/100\n|-ability|p2b: Landorus|Intimidate|boost\n|-unboost|p1a: Lorccan|atk|1\n|-unboost|p1b: a|atk|1\n|move|p1a: Lorccan|Light Screen|p1a: Lorccan\n|-sidestart|p1: KingOfGreed64|move: Light Screen\n|move|p1b: a|Power Gem|p2b: Landorus\n|-damage|p2b: Landorus|51\/100\n|move|p2a: GordoTeta|Drain Punch|p1b: a\n|-damage|p1b: a|67\/100\n|-heal|p2a: GordoTeta|96\/100 psn|[from] drain|[of] p1b: a\n|-activate|p1b: a|ability: Toxic Debris\n|-sidestart|p2: Drewew|move: Toxic Spikes\n|\n|-damage|p2a: GordoTeta|84\/100 psn|[from] psn\n|upkeep\n|turn|3\n|\n|t:|1699828968\n|move|p1a: Lorccan|Parting Shot|p2b: Landorus\n|-unboost|p2b: Landorus|atk|1\n|-unboost|p2b: Landorus|spa|1\n|\n|t:|1699828972\n|switch|p1a: banana|Tropius, L50, M, shiny|100\/100|[from] Parting Shot\n|move|p2b: Landorus|Stomping Tantrum|p1b: a\n|-supereffective|p1b: a\n|-damage|p1b: a|0 fnt\n|-activate|p1b: a|ability: Toxic Debris\n|-sidestart|p2: Drewew|move: Toxic Spikes\n|faint|p1b: a\n|move|p2a: GordoTeta|Heavy Slam|p1a: banana\n|-damage|p1a: banana|86\/100\n|\n|-damage|p2a: GordoTeta|71\/100 psn|[from] psn\n|upkeep\n|\n|t:|1699828981\n|switch|p1b: Lorccan|Grimmsnarl, L50, M, shiny|35\/100\n|turn|4\n|\n|t:|1699828996\n|switch|p2b: ChinchedeLille|Volcarona, L50, F, shiny|100\/100\n|-status|p2b: ChinchedeLille|tox\n|move|p1b: Lorccan|Parting Shot|p2a: GordoTeta\n|-unboost|p2a: GordoTeta|atk|1\n|-unboost|p2a: GordoTeta|spa|1\n|\n|t:|1699828999\n|switch|p1b: LA|Torkoal, L50, M, shiny|100\/100|[from] Parting Shot\n|-weather|SunnyDay|[from] ability: Drought|[of] p1b: LA\n|move|p2a: GordoTeta|Heavy Slam|p1b: LA\n|-resisted|p1b: LA\n|-damage|p1b: LA|94\/100\n|move|p1a: banana|Substitute|p1a: banana\n|-start|p1a: banana|Substitute\n|-damage|p1a: banana|61\/100\n|\n|-weather|SunnyDay|[upkeep]\n|-heal|p1b: LA|100\/100|[from] item: Leftovers\n|-damage|p2b: ChinchedeLille|95\/100 tox|[from] psn\n|-damage|p2a: GordoTeta|59\/100 psn|[from] psn\n|upkeep\n|turn|5\n|\n|t:|1699829023\n|-terastallize|p2b: ChinchedeLille|Dragon\n|-terastallize|p1a: banana|Fire\n|move|p2b: ChinchedeLille|Quiver Dance|p2b: ChinchedeLille\n|-boost|p2b: ChinchedeLille|spa|1\n|-boost|p2b: ChinchedeLille|spd|1\n|-boost|p2b: ChinchedeLille|spe|1\n|move|p2a: GordoTeta|Wild Charge|p1a: banana\n|-activate|p1a: banana|move: Substitute|[damage]\n|-damage|p2a: GordoTeta|55\/100 psn|[from] Recoil|[of] p1a: banana\n|move|p1a: banana|Leech Seed|p2b: ChinchedeLille\n|-start|p2b: ChinchedeLille|move: Leech Seed\n|move|p1b: LA|Earth Power|p2a: GordoTeta\n|-supereffective|p2a: GordoTeta\n|-damage|p2a: GordoTeta|36\/100 psn\n|-unboost|p2a: GordoTeta|spd|1\n|\n|-weather|SunnyDay|[upkeep]\n|-damage|p2b: ChinchedeLille|82\/100 tox|[from] Leech Seed|[of] p1a: banana\n|-heal|p1a: banana|72\/100|[silent]\n|-damage|p2b: ChinchedeLille|71\/100 tox|[from] psn\n|-damage|p2a: GordoTeta|24\/100 psn|[from] psn\n|upkeep\n|turn|6\n|\n|t:|1699829051\n|move|p2b: ChinchedeLille|Protect|p2b: ChinchedeLille\n|-singleturn|p2b: ChinchedeLille|Protect\n|move|p1a: banana|Protect|p1a: banana\n|-singleturn|p1a: banana|Protect\n|move|p2a: GordoTeta|Drain Punch|p1b: LA\n|-damage|p1b: LA|85\/100\n|-heal|p2a: GordoTeta|30\/100 psn|[from] drain|[of] p1b: LA\n|move|p1b: LA|Earth Power|p2a: GordoTeta\n|-supereffective|p2a: GordoTeta\n|-damage|p2a: GordoTeta|0 fnt\n|faint|p2a: GordoTeta\n|-end|p2a: GordoTeta|Quark Drive|[silent]\n|\n|-weather|SunnyDay|[upkeep]\n|-heal|p1b: LA|91\/100|[from] item: Leftovers\n|-damage|p2b: ChinchedeLille|59\/100 tox|[from] Leech Seed|[of] p1a: banana\n|-heal|p1a: banana|82\/100|[silent]\n|-damage|p2b: ChinchedeLille|41\/100 tox|[from] psn\n|upkeep\n|-enditem|p2b: ChinchedeLille|Sitrus Berry|[eat]\n|-heal|p2b: ChinchedeLille|66\/100 tox|[from] item: Sitrus Berry\n|\n|t:|1699829078\n|switch|p2a: Landorus|Landorus-Therian, L50, M|51\/100\n|-ability|p2a: Landorus|Intimidate|boost\n|-immune|p1a: banana\n|-unboost|p1b: LA|atk|1\n|turn|7\n|\n|t:|1699829102\n|move|p2b: ChinchedeLille|Giga Drain|p1b: LA\n|-resisted|p1b: LA\n|-damage|p1b: LA|79\/100\n|-heal|p2b: ChinchedeLille|73\/100 tox|[from] drain|[of] p1b: LA\n|move|p2a: Landorus|Stomping Tantrum|p1b: LA\n|-supereffective|p1b: LA\n|-damage|p1b: LA|34\/100\n|move|p1a: banana|Leech Seed|p2a: Landorus\n|-start|p2a: Landorus|move: Leech Seed\n|move|p1b: LA|Yawn|p2a: Landorus\n|-start|p2a: Landorus|move: Yawn|[of] p1b: LA\n|\n|-weather|SunnyDay|[upkeep]\n|-heal|p1b: LA|40\/100|[from] item: Leftovers\n|-damage|p2b: ChinchedeLille|60\/100 tox|[from] Leech Seed|[of] p1a: banana\n|-heal|p1a: banana|92\/100|[silent]\n|-damage|p2a: Landorus|39\/100|[from] Leech Seed|[of] p1a: banana\n|-heal|p1a: banana|100\/100|[silent]\n|-damage|p2b: ChinchedeLille|37\/100 tox|[from] psn\n|upkeep\n|turn|8\n|\n|t:|1699829123\n|move|p1a: banana|Protect|p1a: banana\n|-singleturn|p1a: banana|Protect\n|move|p1b: LA|Protect|p1b: LA\n|-singleturn|p1b: LA|Protect\n|move|p2b: ChinchedeLille|Heat Wave|p1b: LA|[spread] \n|-activate|p1a: banana|move: Protect\n|-activate|p1b: LA|move: Protect\n|move|p2a: Landorus|Stomping Tantrum|p1b: LA\n|-activate|p1b: LA|move: Protect\n|\n|-weather|none\n|-heal|p1b: LA|46\/100|[from] item: Leftovers\n|-damage|p2b: ChinchedeLille|25\/100 tox|[from] Leech Seed|[of] p1a: banana\n|-damage|p2a: Landorus|27\/100|[from] Leech Seed|[of] p1a: banana\n|-damage|p2b: ChinchedeLille|0 fnt|[from] psn\n|faint|p2b: ChinchedeLille\n|-end|p2a: Landorus|move: Yawn|[silent]\n|-status|p2a: Landorus|slp\n|-sideend|p1: KingOfGreed64|Reflect\n|upkeep\n|\n|t:|1699829128\n|switch|p2b: Carmen|Flutter Mane, L50|100\/100\n|-status|p2b: Carmen|tox\n|turn|9\n|\n|t:|1699829148\n|switch|p1b: Lorccan|Grimmsnarl, L50, M, shiny|35\/100\n|cant|p2a: Landorus|slp\n|move|p2b: Carmen|Moonblast|p1a: banana\n|-resisted|p1a: banana\n|-end|p1a: banana|Substitute\n|move|p1a: banana|Leech Seed|p2b: Carmen\n|-start|p2b: Carmen|move: Leech Seed\n|\n|-damage|p2a: Landorus|14\/100 slp|[from] Leech Seed|[of] p1a: banana\n|-damage|p2b: Carmen|88\/100 tox|[from] Leech Seed|[of] p1a: banana\n|-damage|p2b: Carmen|82\/100 tox|[from] psn\n|-sideend|p1: KingOfGreed64|move: Light Screen\n|upkeep\n|turn|10\n|\n|t:|1699829169\n|move|p1b: Lorccan|Light Screen|p1b: Lorccan\n|-sidestart|p1: KingOfGreed64|move: Light Screen\n|-curestatus|p2a: Landorus|slp|[msg]\n|move|p2a: Landorus|Stomping Tantrum|p1a: banana\n|-supereffective|p1a: banana\n|-damage|p1a: banana|0 fnt\n|faint|p1a: banana\n|move|p2b: Carmen|Moonblast|p1b: Lorccan\n|-supereffective|p1b: Lorccan\n|-damage|p1b: Lorccan|0 fnt\n|faint|p1b: Lorccan\n|\n|-damage|p2b: Carmen|69\/100 tox|[from] psn\n|upkeep\n|\n|t:|1699829177\n|switch|p1a: LA|Torkoal, L50, M, shiny|46\/100\n|-weather|SunnyDay|[from] ability: Drought|[of] p1a: LA\n|-activate|p2b: Carmen|ability: Protosynthesis\n|-start|p2b: Carmen|protosynthesisspe\n|turn|11\n|\n|t:|1699829185\n|move|p1a: LA|Protect|p1a: LA\n|-singleturn|p1a: LA|Protect\n|move|p2b: Carmen|Moonblast|p1a: LA\n|-activate|p1a: LA|move: Protect\n|move|p2a: Landorus|Stomping Tantrum|p1a: LA\n|-activate|p1a: LA|move: Protect\n|\n|-weather|SunnyDay|[upkeep]\n|-heal|p1a: LA|52\/100|[from] item: Leftovers\n|-damage|p2b: Carmen|57\/100 tox|[from] Leech Seed|[of] p1a: LA\n|-heal|p1a: LA|63\/100|[silent]\n|-damage|p2a: Landorus|2\/100|[from] Leech Seed|[of] p1a: LA\n|-heal|p1a: LA|75\/100|[silent]\n|-damage|p2b: Carmen|38\/100 tox|[from] psn\n|upkeep\n|turn|12\n|\n|t:|1699829209\n|move|p2b: Carmen|Moonblast|p1a: LA\n|-resisted|p1a: LA\n|-damage|p1a: LA|54\/100\n|move|p2a: Landorus|Stomping Tantrum|p1a: LA\n|-supereffective|p1a: LA\n|-damage|p1a: LA|0 fnt\n|faint|p1a: LA\n|\n|win|Drewew\n|raw|KingOfGreed64's rating: 1246 &rarr; <strong>1222<\/strong><br \/>(-24 for losing)\n|raw|Drewew's rating: 1255 &rarr; <strong>1279<\/strong><br \/>(+24 for winning)\n|c|\u2606KingOfGreed64|gg\n|c|\u2606Drewew|gg\n|l|\u2606KingOfGreed64\n","uploadtime":1699829238,"views":8,"p1id":"kingofgreed64","p2id":"drewew","formatid":"gen9vgc2023regulatione","rating":1222,"private":0,"password":""}