{"id":"gen9vgc2023regulatione-1993771337","p1":"aye44uje","p2":"nimentahaoma","format":"[Gen 9] VGC 2023 Regulation E","log":"|j|\u2606aye44uje\n|j|\u2606nimentahaoma\n|t:|1700355318\n|gametype|doubles\n|player|p1|aye44uje|169|1155\n|player|p2|nimentahaoma|1|1226\n|teamsize|p1|6\n|teamsize|p2|6\n|gen|9\n|tier|[Gen 9] VGC 2023 Regulation E\n|rated|\n|rule|Species Clause: Limit one of each Pok\u00e9mon\n|rule|Item Clause: Limit one of each item\n|clearpoke\n|poke|p1|Chien-Pao, L50|\n|poke|p1|Arcanine-Hisui, L50, M|\n|poke|p1|Urshifu-*, L50, M|\n|poke|p1|Tornadus, L50, M|\n|poke|p1|Rillaboom, L50, M|\n|poke|p1|Flutter Mane, L50|\n|poke|p2|Roaring Moon, L50|\n|poke|p2|Arcanine-Hisui, L50, F|\n|poke|p2|Thundurus-Therian, L50, M|\n|poke|p2|Gholdengo, L50|\n|poke|p2|Urshifu-*, L50, M|\n|poke|p2|Ogerpon, L50, F|\n|teampreview|4\n|\n|t:|1700355351\n|start\n|switch|p1a: Tornadus|Tornadus, L50, M|100\/100\n|switch|p1b: Chien-Pao|Chien-Pao, L50|100\/100\n|switch|p2a: Gholdengo|Gholdengo, L50|100\/100\n|switch|p2b: Ogerpon|Ogerpon, L50, F|100\/100\n|-ability|p1b: Chien-Pao|Sword of Ruin\n|turn|1\n|\n|t:|1700355382\n|switch|p2b: Arcanine|Arcanine-Hisui, L50, F|100\/100\n|-ability|p2b: Arcanine|Intimidate|boost\n|-unboost|p1a: Tornadus|atk|1\n|-unboost|p1b: Chien-Pao|atk|1\n|move|p2a: Gholdengo|Protect|p2a: Gholdengo\n|-singleturn|p2a: Gholdengo|Protect\n|move|p1b: Chien-Pao|Sucker Punch||[still]\n|-fail|p1b: Chien-Pao\n|move|p1a: Tornadus|Tailwind|p1a: Tornadus\n|-sidestart|p1: aye44uje|move: Tailwind\n|\n|upkeep\n|turn|2\n|\n|t:|1700355408\n|switch|p2a: Ogerpon|Ogerpon, L50, F|100\/100\n|move|p1b: Chien-Pao|Sucker Punch||[still]\n|-fail|p1b: Chien-Pao\n|move|p1a: Tornadus|Bleakwind Storm|p2a: Ogerpon|[spread] p2a,p2b\n|-supereffective|p2a: Ogerpon\n|-resisted|p2b: Arcanine\n|-damage|p2a: Ogerpon|25\/100\n|-damage|p2b: Arcanine|84\/100\n|-unboost|p2a: Ogerpon|spe|1\n|-ability|p2a: Ogerpon|Defiant|boost\n|-boost|p2a: Ogerpon|atk|2\n|-unboost|p2b: Arcanine|spe|1\n|move|p2b: Arcanine|Rock Slide|p1a: Tornadus|[spread] p1a\n|-miss|p2b: Arcanine|p1b: Chien-Pao\n|-supereffective|p1a: Tornadus\n|-crit|p1a: Tornadus\n|-damage|p1a: Tornadus|0 fnt\n|faint|p1a: Tornadus\n|\n|upkeep\n|\n|t:|1700355427\n|switch|p1a: Arcanine|Arcanine-Hisui, L50, M|100\/100\n|-ability|p1a: Arcanine|Intimidate|boost\n|-unboost|p2a: Ogerpon|atk|1\n|-ability|p2a: Ogerpon|Defiant|boost\n|-boost|p2a: Ogerpon|atk|2\n|-unboost|p2b: Arcanine|atk|1\n|turn|3\n|\n|t:|1700355451\n|move|p2a: Ogerpon|Spiky Shield|p2a: Ogerpon\n|-singleturn|p2a: Ogerpon|move: Protect\n|move|p1b: Chien-Pao|Icicle Crash|p2a: Ogerpon\n|-activate|p2a: Ogerpon|move: Protect\n|move|p1a: Arcanine|Rock Slide|p2b: Arcanine|[spread] p2b\n|-activate|p2a: Ogerpon|move: Protect\n|-supereffective|p2b: Arcanine\n|-damage|p2b: Arcanine|0 fnt\n|faint|p2b: Arcanine\n|\n|upkeep\n|\n|t:|1700355466\n|switch|p2b: Gholdengo|Gholdengo, L50|100\/100\n|turn|4\n|\n|t:|1700355484\n|switch|p1b: Rillaboom|Rillaboom, L50, M|100\/100\n|-fieldstart|move: Grassy Terrain|[from] ability: Grassy Surge|[of] p1b: Rillaboom\n|move|p2a: Ogerpon|Follow Me|p2a: Ogerpon\n|-singleturn|p2a: Ogerpon|move: Follow Me\n|move|p1a: Arcanine|Rock Slide|p2b: Gholdengo|[spread] p2a,p2b\n|-resisted|p2b: Gholdengo\n|-damage|p2a: Ogerpon|0 fnt\n|-damage|p2b: Gholdengo|80\/100\n|faint|p2a: Ogerpon\n|move|p2b: Gholdengo|Nasty Plot|p2b: Gholdengo\n|-boost|p2b: Gholdengo|spa|2\n|\n|-heal|p2b: Gholdengo|86\/100|[from] Grassy Terrain\n|-sideend|p1: aye44uje|move: Tailwind\n|upkeep\n|\n|t:|1700355497\n|switch|p2a: Roaring Moon|Roaring Moon, L50|100\/100\n|-enditem|p2a: Roaring Moon|Booster Energy\n|-activate|p2a: Roaring Moon|ability: Protosynthesis|[fromitem]\n|-start|p2a: Roaring Moon|protosynthesisspe\n|turn|5\n|\n|t:|1700355518\n|move|p2a: Roaring Moon|Protect|p2a: Roaring Moon\n|-singleturn|p2a: Roaring Moon|Protect\n|move|p1b: Rillaboom|Fake Out|p2a: Roaring Moon\n|-activate|p2a: Roaring Moon|move: Protect\n|move|p1a: Arcanine|Rock Slide|p2a: Roaring Moon|[spread] p2b\n|-activate|p2a: Roaring Moon|move: Protect\n|-resisted|p2b: Gholdengo\n|-damage|p2b: Gholdengo|64\/100\n|move|p2b: Gholdengo|Make It Rain|p1b: Rillaboom|[spread] p1a,p1b\n|-damage|p1a: Arcanine|0 fnt\n|-damage|p1b: Rillaboom|8\/100\n|-unboost|p2b: Gholdengo|spa|1\n|faint|p1a: Arcanine\n|-damage|p2b: Gholdengo|54\/100|[from] item: Life Orb\n|\n|-heal|p2b: Gholdengo|60\/100|[from] Grassy Terrain\n|-heal|p1b: Rillaboom|14\/100|[from] Grassy Terrain\n|upkeep\n|\n|t:|1700355536\n|switch|p1a: Chien-Pao|Chien-Pao, L50|100\/100\n|-ability|p1a: Chien-Pao|Sword of Ruin\n|turn|6\n|\n|t:|1700355553\n|-terastallize|p1a: Chien-Pao|Poison\n|move|p2b: Gholdengo|Protect|p2b: Gholdengo\n|-singleturn|p2b: Gholdengo|Protect\n|move|p2a: Roaring Moon|Breaking Swipe|p1a: Chien-Pao|[spread] p1a,p1b\n|-damage|p1a: Chien-Pao|73\/100\n|-damage|p1b: Rillaboom|0 fnt\n|-unboost|p1a: Chien-Pao|atk|1\n|faint|p1b: Rillaboom\n|move|p1a: Chien-Pao|Icicle Crash|p2a: Roaring Moon\n|-supereffective|p2a: Roaring Moon\n|-damage|p2a: Roaring Moon|3\/100\n|-damage|p1a: Chien-Pao|64\/100|[from] item: Life Orb\n|\n|-heal|p2a: Roaring Moon|9\/100|[from] Grassy Terrain\n|-heal|p1a: Chien-Pao|70\/100|[from] Grassy Terrain\n|-heal|p2b: Gholdengo|66\/100|[from] Grassy Terrain\n|upkeep\n|turn|7\n|\n|t:|1700355572\n|-terastallize|p2b: Gholdengo|Dragon\n|move|p1a: Chien-Pao|Sucker Punch|p2b: Gholdengo\n|-crit|p2b: Gholdengo\n|-damage|p2b: Gholdengo|0 fnt\n|faint|p2b: Gholdengo\n|-damage|p1a: Chien-Pao|60\/100|[from] item: Life Orb\n|move|p2a: Roaring Moon|Tailwind|p2a: Roaring Moon\n|-sidestart|p2: nimentahaoma|move: Tailwind\n|\n|-heal|p2a: Roaring Moon|15\/100|[from] Grassy Terrain\n|-heal|p1a: Chien-Pao|66\/100|[from] Grassy Terrain\n|upkeep\n|turn|8\n|\n|t:|1700355584\n|move|p1a: Chien-Pao|Sucker Punch|p2a: Roaring Moon\n|-resisted|p2a: Roaring Moon\n|-damage|p2a: Roaring Moon|0 fnt\n|faint|p2a: Roaring Moon\n|-end|p2a: Roaring Moon|Protosynthesis|[silent]\n|-damage|p1a: Chien-Pao|56\/100|[from] item: Life Orb\n|\n|win|aye44uje\n|raw|aye44uje's rating: 1155 &rarr; <strong>1185<\/strong><br \/>(+30 for winning)\n|raw|nimentahaoma's rating: 1226 &rarr; <strong>1196<\/strong><br \/>(-30 for losing)\n|l|\u2606nimentahaoma\n","uploadtime":1700355620,"views":67,"p1id":"aye44uje","p2id":"nimentahaoma","formatid":"gen9vgc2023regulatione","rating":1185,"private":0,"password":""}