{"id":"gen9vgc2023regulatione-1999895775","p1":"legendvgc","p2":"Everybo-D","format":"[Gen 9] VGC 2023 Regulation E","log":"|j|\u2606legendvgc\n|j|\u2606Everybo-D\n|n|\u2606legendvgc|legendvgc\n|n|\u2606Everybo-D|everybod\n|html|View the match progress at <a href=\"\/game-bestof3-gen9vgc2023regulatione-1999892404\">game-bestof3-gen9vgc2023regulatione-1999892404<\/a>\n|t:|1701127413\n|gametype|doubles\n|player|p1|legendvgc|266|\n|player|p2|Everybo-D|169|\n|teamsize|p1|6\n|teamsize|p2|6\n|gen|9\n|tier|[Gen 9] VGC 2023 Regulation E\n|rule|Species Clause: Limit one of each Pok\u00e9mon\n|rule|Item Clause: Limit one of each item\n|clearpoke\n|poke|p1|Ninetales-Alola, L50, F|\n|poke|p1|Sneasler, L50, F|\n|poke|p1|Froslass, L50, F|\n|poke|p1|Articuno-Galar, L50|\n|poke|p1|Regidrago, L50|\n|poke|p1|Revavroom, L50, F|\n|poke|p2|Houndstone, L50, M|\n|poke|p2|Iron Bundle, L50|\n|poke|p2|Garchomp, L50, M|\n|poke|p2|Thundurus, L50, M|\n|poke|p2|Hariyama, L50, M|\n|poke|p2|Tyranitar, L50, F|\n|teampreview|4\n|j| DozenSBU\nlegendvgc rejected open team sheets.\n|j| Burnerv2\n|\n|t:|1701127489\n|start\n|switch|p1a: Froslass|Froslass, L50, F|100\/100\n|switch|p1b: Ninetales|Ninetales-Alola, L50, F|100\/100\n|switch|p2a: Magallan|Iron Bundle, L50|100\/100\n|switch|p2b: Jackie|Houndstone, L50, M|100\/100\n|-weather|Snow|[from] ability: Snow Warning|[of] p1b: Ninetales\n|turn|1\n|\n|t:|1701127520\n|move|p2b: Jackie|Protect|p2b: Jackie\n|-singleturn|p2b: Jackie|Protect\n|move|p2a: Magallan|Aurora Veil|p2a: Magallan\n|-sidestart|p2: Everybo-D|move: Aurora Veil\n|move|p1a: Froslass|Will-O-Wisp|p2b: Jackie\n|-activate|p2b: Jackie|move: Protect\n|move|p1b: Ninetales|Aurora Veil|p1b: Ninetales\n|-sidestart|p1: legendvgc|move: Aurora Veil\n|\n|-weather|Snow|[upkeep]\n|upkeep\n|turn|2\n|j| Puttheslayinthey\n|\n|t:|1701127543\n|-end|p2a: Magallan|Quark Drive|[silent]\n|switch|p2a: Bloon Impact|Tyranitar, L50, F|100\/100\n|-weather|Sandstorm|[from] ability: Sand Stream|[of] p2a: Bloon Impact\n|move|p2b: Jackie|Poltergeist|p1a: Froslass\n|-activate|p1a: Froslass|move: Poltergeist|Bright Powder\n|-supereffective|p1a: Froslass\n|-damage|p1a: Froslass|0 fnt\n|faint|p1a: Froslass\n|move|p1b: Ninetales|Moonblast|p2a: Bloon Impact\n|-supereffective|p2a: Bloon Impact\n|-damage|p2a: Bloon Impact|79\/100\n|\n|-weather|Sandstorm|[upkeep]\n|-damage|p1b: Ninetales|94\/100|[from] Sandstorm\n|upkeep\n|\n|t:|1701127553\n|switch|p1a: Sneasler|Sneasler, L50, F|100\/100\n|-ability|p1a: Sneasler|Pressure\n|turn|3\n|\n|t:|1701127612\n|switch|p2a: Magallan|Iron Bundle, L50|100\/100\n|-terastallize|p1b: Ninetales|Water\n|move|p2b: Jackie|Poltergeist|p1b: Ninetales\n|-activate|p1b: Ninetales|move: Poltergeist|Light Clay\n|-damage|p1b: Ninetales|45\/100\n|move|p1a: Sneasler|Night Slash|p2b: Jackie\n|-supereffective|p2b: Jackie\n|-damage|p2b: Jackie|55\/100\n|move|p1b: Ninetales|Snowscape|p1b: Ninetales\n|-weather|Snow\n|\n|-weather|Snow|[upkeep]\n|upkeep\n|turn|4\n|l| Puttheslayinthey\n|\n|t:|1701127646\n|move|p2b: Jackie|Protect|p2b: Jackie\n|-singleturn|p2b: Jackie|Protect\n|move|p1a: Sneasler|Close Combat|p2a: Magallan\n|-supereffective|p2a: Magallan\n|-damage|p2a: Magallan|19\/100\n|-unboost|p1a: Sneasler|def|1\n|-unboost|p1a: Sneasler|spd|1\n|move|p2a: Magallan|Freeze-Dry|p1b: Ninetales\n|-supereffective|p1b: Ninetales\n|-damage|p1b: Ninetales|0 fnt\n|faint|p1b: Ninetales\n|\n|-weather|Snow|[upkeep]\n|upkeep\n|\n|t:|1701127651\n|switch|p1b: Articuno|Articuno-Galar, L50|100\/100\n|turn|5\n|\n|t:|1701127688\n|-end|p2a: Magallan|Quark Drive|[silent]\n|switch|p2a: Bloon Impact|Tyranitar, L50, F|79\/100\n|-weather|Sandstorm|[from] ability: Sand Stream|[of] p2a: Bloon Impact\n|-terastallize|p2b: Jackie|Ghost\n|move|p2b: Jackie|Poltergeist|p1b: Articuno|[miss]\n|-miss|p2b: Jackie|p1b: Articuno\n|move|p1a: Sneasler|Close Combat|p2a: Bloon Impact\n|-supereffective|p2a: Bloon Impact\n|-enditem|p2a: Bloon Impact|Chople Berry|[eat]\n|-enditem|p2a: Bloon Impact|Chople Berry|[weaken]\n|-damage|p2a: Bloon Impact|0 fnt\n|-unboost|p1a: Sneasler|def|1\n|-unboost|p1a: Sneasler|spd|1\n|faint|p2a: Bloon Impact\n|move|p1b: Articuno|Tailwind|p1b: Articuno\n|-sidestart|p1: legendvgc|move: Tailwind\n|\n|-weather|Sandstorm|[upkeep]\n|-damage|p1a: Sneasler|95\/100|[from] Sandstorm\n|-damage|p1b: Articuno|94\/100|[from] Sandstorm\n|-sideend|p2: Everybo-D|move: Aurora Veil\n|upkeep\n|\n|t:|1701127705\n|switch|p2a: Greyy|Thundurus, L50, M|100\/100\n|turn|6\n|\n|t:|1701127720\n|move|p2a: Greyy|Thunder Wave|p1b: Articuno\n|-status|p1b: Articuno|par\n|move|p1a: Sneasler|Night Slash|p2b: Jackie\n|-supereffective|p2b: Jackie\n|-damage|p2b: Jackie|0 fnt\n|faint|p2b: Jackie\n|move|p1b: Articuno|Freezing Glare|p2a: Greyy\n|-damage|p2a: Greyy|65\/100\n|\n|-weather|Sandstorm|[upkeep]\n|-damage|p1a: Sneasler|89\/100|[from] Sandstorm\n|-damage|p1b: Articuno|88\/100 par|[from] Sandstorm\n|-damage|p2a: Greyy|59\/100|[from] Sandstorm\n|upkeep\n|\n|t:|1701127730\n|switch|p2b: Magallan|Iron Bundle, L50|19\/100\n|turn|7\n|\n|t:|1701127742\n|move|p2a: Greyy|Thunder Wave|p1a: Sneasler\n|-status|p1a: Sneasler|par\n|move|p1a: Sneasler|Dire Claw|p2a: Greyy\n|-damage|p2a: Greyy|6\/100\n|-enditem|p2a: Greyy|Aguav Berry|[eat]\n|-heal|p2a: Greyy|39\/100|[from] item: Aguav Berry\n|move|p2b: Magallan|Hydro Pump|p1a: Sneasler\n|-damage|p1a: Sneasler|0 fnt\n|faint|p1a: Sneasler\n|move|p1b: Articuno|Freezing Glare|p2b: Magallan\n|-damage|p2b: Magallan|0 fnt\n|faint|p2b: Magallan\n|-end|p2b: Magallan|Quark Drive|[silent]\n|\n|-weather|Sandstorm|[upkeep]\n|-damage|p1b: Articuno|82\/100 par|[from] Sandstorm\n|-damage|p2a: Greyy|33\/100|[from] Sandstorm\n|upkeep\n|turn|8\n|\n|t:|1701127762\n|move|p1b: Articuno|Freezing Glare|p2a: Greyy\n|-damage|p2a: Greyy|0 fnt\n|faint|p2a: Greyy\n|\n|win|legendvgc\n|c|\u2606Everybo-D|gg\n|c|&|\/uhtml prompt-everybod,Everybo-D is ready for game 3!\n|c|\u2606legendvgc|gg\n","uploadtime":1701127771,"views":20,"p1id":"legendvgc","p2id":"everybod","formatid":"gen9vgc2023regulatione","rating":0,"private":0,"password":""}