{"id":"gen9vgc2023regulatione-1991380665","p1":"SuzukiLA","p2":"elofanten","format":"[Gen 9] VGC 2023 Regulation E","log":"|j|\u2606SuzukiLA\n|j|\u2606elofanten\n|t:|1700072329\n|gametype|doubles\n|player|p1|SuzukiLA|colress|1149\n|player|p2|elofanten|2|1186\n|teamsize|p1|6\n|teamsize|p2|6\n|gen|9\n|tier|[Gen 9] VGC 2023 Regulation E\n|rated|\n|rule|Species Clause: Limit one of each Pok\u00e9mon\n|rule|Item Clause: Limit one of each item\n|clearpoke\n|poke|p1|Rillaboom, L50, M|\n|poke|p1|Empoleon, L50, F|\n|poke|p1|Murkrow, L50, F|\n|poke|p1|Cyclizar, L50, M|\n|poke|p1|Thundurus-Therian, L50, M|\n|poke|p1|Ogerpon-Wellspring, L50, F|\n|poke|p2|Clawitzer, L50, M|\n|poke|p2|Chi-Yu, L50|\n|poke|p2|Rillaboom, L50, M|\n|poke|p2|Landorus-Therian, L50, M|\n|poke|p2|Ursaluna, L50, M|\n|poke|p2|Cresselia, L50, F|\n|teampreview|4\nSuzukiLA rejected open team sheets.\n|\n|t:|1700072375\n|start\n|switch|p1a: Empoleon|Empoleon, L50, F|100\/100\n|switch|p1b: Cyclizar|Cyclizar, L50, M|100\/100\n|switch|p2a: Landorus|Landorus-Therian, L50, M|100\/100\n|switch|p2b: Cresselia|Cresselia, L50, F|100\/100\n|-ability|p2a: Landorus|Intimidate|boost\n|-unboost|p1a: Empoleon|atk|1\n|-ability|p1a: Empoleon|Competitive|boost\n|-boost|p1a: Empoleon|spa|2\n|-unboost|p1b: Cyclizar|atk|1\n|turn|1\n|\n|t:|1700072398\n|move|p1a: Empoleon|Protect|p1a: Empoleon\n|-singleturn|p1a: Empoleon|Protect\n|move|p2a: Landorus|Rock Slide|p1a: Empoleon|[spread] p1b\n|-activate|p1a: Empoleon|move: Protect\n|-damage|p1b: Cyclizar|64\/100\n|move|p1b: Cyclizar|Taunt|p2b: Cresselia\n|-start|p2b: Cresselia|move: Taunt\n|-enditem|p2b: Cresselia|Mental Herb\n|-end|p2b: Cresselia|move: Taunt\n|move|p2b: Cresselia|Trick Room|p2b: Cresselia\n|-fieldstart|move: Trick Room|[of] p2b: Cresselia\n|\n|upkeep\n|turn|2\n|\n|t:|1700072423\n|switch|p2b: Ursaluna|Ursaluna, L50, M|100\/100\n|switch|p2a: Rillaboom|Rillaboom, L50, M|100\/100\n|-fieldstart|move: Grassy Terrain|[from] ability: Grassy Surge|[of] p2a: Rillaboom\n|move|p1b: Cyclizar|Protect|p1b: Cyclizar\n|-singleturn|p1b: Cyclizar|Protect\n|move|p1a: Empoleon|Surf|p2b: Ursaluna|[spread] p2a,p2b\n|-activate|p1b: Cyclizar|move: Protect\n|-resisted|p2a: Rillaboom\n|-supereffective|p2b: Ursaluna\n|-damage|p2a: Rillaboom|66\/100\n|-damage|p2b: Ursaluna|0 fnt\n|faint|p2b: Ursaluna\n|-damage|p1a: Empoleon|91\/100|[from] item: Life Orb\n|\n|-heal|p1a: Empoleon|97\/100|[from] Grassy Terrain\n|-heal|p2a: Rillaboom|72\/100|[from] Grassy Terrain\n|-heal|p1b: Cyclizar|70\/100|[from] Grassy Terrain\n|upkeep\n|\n|t:|1700072445\n|switch|p2b: Landorus|Landorus-Therian, L50, M|100\/100\n|-ability|p2b: Landorus|Intimidate|boost\n|-unboost|p1a: Empoleon|atk|1\n|-ability|p1a: Empoleon|Competitive|boost\n|-boost|p1a: Empoleon|spa|2\n|-unboost|p1b: Cyclizar|atk|1\n|turn|3\n|inactive|Battle timer is ON: inactive players will automatically lose when time's up. (requested by SuzukiLA)\n|\n|t:|1700072489\n|move|p1a: Empoleon|Protect|p1a: Empoleon\n|-singleturn|p1a: Empoleon|Protect\n|move|p2a: Rillaboom|Fake Out|p1a: Empoleon\n|-activate|p1a: Empoleon|move: Protect\n|move|p1b: Cyclizar|Ice Spinner|p2a: Rillaboom\n|-supereffective|p2a: Rillaboom\n|-damage|p2a: Rillaboom|46\/100\n|-fieldend|move: Grassy Terrain\n|move|p2b: Landorus|Stomping Tantrum|p1b: Cyclizar\n|-damage|p1b: Cyclizar|0 fnt\n|faint|p1b: Cyclizar\n|\n|upkeep\n|\n|t:|1700072500\n|switch|p1b: Murkrow|Murkrow, L50, F|100\/100\n|turn|4\n|\n|t:|1700072512\n|switch|p2b: Cresselia|Cresselia, L50, F|100\/100\n|move|p1b: Murkrow|Rain Dance|p1b: Murkrow\n|-weather|RainDance\n|move|p1a: Empoleon|Surf|p2b: Cresselia|[spread] p1b,p2a,p2b\n|-resisted|p2a: Rillaboom\n|-damage|p1b: Murkrow|0 fnt\n|-damage|p2a: Rillaboom|0 fnt\n|-damage|p2b: Cresselia|3\/100\n|faint|p1b: Murkrow\n|faint|p2a: Rillaboom\n|-damage|p1a: Empoleon|87\/100|[from] item: Life Orb\n|\n|-weather|RainDance|[upkeep]\n|upkeep\n|\n|t:|1700072524\n|switch|p1b: Rillaboom|Rillaboom, L50, M|100\/100\n|switch|p2a: Landorus|Landorus-Therian, L50, M|100\/100\n|-fieldstart|move: Grassy Terrain|[from] ability: Grassy Surge|[of] p1b: Rillaboom\n|-ability|p2a: Landorus|Intimidate|boost\n|-unboost|p1a: Empoleon|atk|1\n|-ability|p1a: Empoleon|Competitive|boost\n|-boost|p1a: Empoleon|spa|2\n|-unboost|p1b: Rillaboom|atk|1\n|turn|5\n|\n|t:|1700072546\n|move|p1b: Rillaboom|Fake Out|p2b: Cresselia\n|-damage|p2b: Cresselia|0 fnt\n|faint|p2b: Cresselia\n|move|p1a: Empoleon|Surf|p2a: Landorus|[spread] p1b,p2a\n|-resisted|p1b: Rillaboom\n|-supereffective|p2a: Landorus\n|-damage|p1b: Rillaboom|26\/100\n|-damage|p2a: Landorus|0 fnt\n|faint|p2a: Landorus\n|-damage|p1a: Empoleon|78\/100|[from] item: Life Orb\n|\n|win|SuzukiLA\n|raw|SuzukiLA's rating: 1149 &rarr; <strong>1177<\/strong><br \/>(+28 for winning)\n|raw|elofanten's rating: 1186 &rarr; <strong>1158<\/strong><br \/>(-28 for losing)\n|l|\u2606elofanten\n","uploadtime":1700072558,"views":8,"p1id":"suzukila","p2id":"elofanten","formatid":"gen9vgc2023regulatione","rating":1158,"private":0,"password":""}