{"id":"gen9vgc2023regulatione-1997478281","p1":"gungelix","p2":"haamgamer07","format":"[Gen 9] VGC 2023 Regulation E","log":"|j|\u2606gungelix\n|j|\u2606haamgamer07\n|t:|1700812395\n|gametype|doubles\n|player|p1|gungelix|veteran|1312\n|player|p2|haamgamer07|266|1317\n|teamsize|p1|6\n|teamsize|p2|6\n|gen|9\n|tier|[Gen 9] VGC 2023 Regulation E\n|rated|\n|rule|Species Clause: Limit one of each Pok\u00e9mon\n|rule|Item Clause: Limit one of each item\n|clearpoke\n|poke|p1|Tornadus, L50, M|\n|poke|p1|Arcanine-Hisui, L50, F|\n|poke|p1|Urshifu-*, L50, F|\n|poke|p1|Flutter Mane, L50|\n|poke|p1|Chien-Pao, L50|\n|poke|p1|Iron Hands, L50|\n|poke|p2|Flutter Mane, L50|\n|poke|p2|Iron Hands, L50|\n|poke|p2|Ogerpon-Hearthflame, L50, F|\n|poke|p2|Cresselia, L50, F|\n|poke|p2|Ursaluna, L50, F|\n|poke|p2|Empoleon, L50, M|\n|teampreview|4\ngungelix has agreed to open team sheets.\n|inactive|Battle timer is ON: inactive players will automatically lose when time's up. (requested by haamgamer07)\n|j| 5Sscreen\n|c|\u2606gungelix|hello\n|inactive|haamgamer07 has 60 seconds left.\n|\n|t:|1700812439\n|start\n|switch|p1a: Arcanine|Arcanine-Hisui, L50, F|100\/100\n|switch|p1b: Tornadus|Tornadus, L50, M|100\/100\n|switch|p2a: Ogerpon|Ogerpon-Hearthflame, L50, F|100\/100\n|switch|p2b: Cresselia|Cresselia, L50, F|100\/100\n|-ability|p1a: Arcanine|Intimidate|boost\n|-unboost|p2a: Ogerpon|atk|1\n|-unboost|p2b: Cresselia|atk|1\n|-ability|p2a: Ogerpon|Mold Breaker\n|turn|1\n|\n|t:|1700812462\n|switch|p2a: Ursaluna|Ursaluna, L50, F|100\/100\n|move|p1b: Tornadus|Taunt|p2b: Cresselia\n|-start|p2b: Cresselia|move: Taunt\n|-enditem|p2b: Cresselia|Mental Herb\n|-end|p2b: Cresselia|move: Taunt\n|move|p1a: Arcanine|Rock Slide|p2a: Ursaluna|[spread] p2a,p2b\n|-resisted|p2a: Ursaluna\n|-damage|p2a: Ursaluna|84\/100\n|-damage|p2b: Cresselia|76\/100\n|move|p2b: Cresselia|Trick Room|p2b: Cresselia\n|-fieldstart|move: Trick Room|[of] p2b: Cresselia\n|\n|-status|p2a: Ursaluna|brn|[from] item: Flame Orb\n|upkeep\n|turn|2\n|inactive|haamgamer07 has 30 seconds left.\n|\n|t:|1700812490\n|move|p1b: Tornadus|Taunt|p2b: Cresselia\n|-start|p2b: Cresselia|move: Taunt\n|move|p2a: Ursaluna|Earthquake|p1a: Arcanine|[spread] p1a\n|-immune|p2b: Cresselia|[from] ability: Levitate\n|-immune|p1b: Tornadus\n|-supereffective|p1a: Arcanine\n|-damage|p1a: Arcanine|0 fnt\n|faint|p1a: Arcanine\n|move|p2b: Cresselia|Psychic|p1b: Tornadus\n|-damage|p1b: Tornadus|76\/100\n|\n|-damage|p2a: Ursaluna|78\/100 brn|[from] brn\n|upkeep\n|\n|t:|1700812507\n|switch|p1a: mr. thicc|Iron Hands, L50, shiny|100\/100\n|turn|3\n|\n|t:|1700812515\n|switch|p2b: Empoleon|Empoleon, L50, M|100\/100\n|move|p2a: Ursaluna|Protect|p2a: Ursaluna\n|-singleturn|p2a: Ursaluna|Protect\n|move|p1a: mr. thicc|Fake Out|p2a: Ursaluna\n|-activate|p2a: Ursaluna|move: Protect\n|move|p1b: Tornadus|Bleakwind Storm|p2b: Empoleon|[spread] p2b\n|-activate|p2a: Ursaluna|move: Protect\n|-resisted|p2b: Empoleon\n|-damage|p2b: Empoleon|84\/100\n|\n|-damage|p2a: Ursaluna|72\/100 brn|[from] brn\n|upkeep\n|turn|4\n|inactive|haamgamer07 has 30 seconds left.\n|inactive|haamgamer07 has 20 seconds left.\n|inactive|haamgamer07 has 15 seconds left.\n|inactive|haamgamer07 has 10 seconds left.\n|\n|t:|1700812565\n|-terastallize|p1a: mr. thicc|Grass\n|move|p2a: Ursaluna|Headlong Rush|p1a: mr. thicc\n|-resisted|p1a: mr. thicc\n|-damage|p1a: mr. thicc|63\/100\n|-unboost|p2a: Ursaluna|def|1\n|-unboost|p2a: Ursaluna|spd|1\n|move|p2b: Empoleon|Ice Beam|p1b: Tornadus\n|-supereffective|p1b: Tornadus\n|-damage|p1b: Tornadus|14\/100\n|move|p1a: mr. thicc|Drain Punch|p2a: Ursaluna\n|-supereffective|p2a: Ursaluna\n|-damage|p2a: Ursaluna|0 fnt\n|-heal|p1a: mr. thicc|95\/100|[from] drain|[of] p2a: Ursaluna\n|faint|p2a: Ursaluna\n|move|p1b: Tornadus|Bleakwind Storm|p2b: Empoleon\n|-resisted|p2b: Empoleon\n|-damage|p2b: Empoleon|59\/100\n|\n|upkeep\n|\n|t:|1700812585\n|switch|p2a: Ogerpon|Ogerpon-Hearthflame, L50, F|100\/100\n|-ability|p2a: Ogerpon|Mold Breaker\n|turn|5\n|\n|t:|1700812602\n|switch|p2b: Cresselia|Cresselia, L50, F|76\/100\n|-terastallize|p2a: Ogerpon|Fire\n|detailschange|p2a: Ogerpon|Ogerpon-Hearthflame-Tera, L50, F, tera:Fire\n|-ability|p2a: Ogerpon|Embody Aspect (Hearthflame)|boost\n|-boost|p2a: Ogerpon|atk|1\n|move|p1a: mr. thicc|Drain Punch|p2b: Cresselia\n|-resisted|p2b: Cresselia\n|-damage|p2b: Cresselia|64\/100\n|-heal|p1a: mr. thicc|100\/100|[from] drain|[of] p2b: Cresselia\n|move|p1b: Tornadus|Bleakwind Storm|p2a: Ogerpon|[spread] p2a\n|-miss|p1b: Tornadus|p2b: Cresselia\n|-damage|p2a: Ogerpon|60\/100\n|-unboost|p2a: Ogerpon|spe|1\n|move|p2a: Ogerpon|Ivy Cudgel|p1a: mr. thicc|[anim] Ivy Cudgel Fire\n|-supereffective|p1a: mr. thicc\n|-damage|p1a: mr. thicc|0 fnt\n|faint|p1a: mr. thicc\n|-end|p1a: mr. thicc|Quark Drive|[silent]\n|\n|-fieldend|move: Trick Room\n|upkeep\n|\n|t:|1700812615\n|switch|p1a: Urshifu|Urshifu-Rapid-Strike, L50, F|100\/100\n|turn|6\n|inactive|haamgamer07 has 30 seconds left.\n|\n|t:|1700812642\n|move|p2a: Ogerpon|Follow Me|p2a: Ogerpon\n|-singleturn|p2a: Ogerpon|move: Follow Me\n|move|p1b: Tornadus|Taunt|p2a: Ogerpon\n|-start|p2a: Ogerpon|move: Taunt\n|move|p1a: Urshifu|Surging Strikes|p2a: Ogerpon\n|-supereffective|p2a: Ogerpon\n|-crit|p2a: Ogerpon\n|-damage|p2a: Ogerpon|2\/100\n|-supereffective|p2a: Ogerpon\n|-crit|p2a: Ogerpon\n|-damage|p2a: Ogerpon|0 fnt\n|faint|p2a: Ogerpon\n|-hitcount|p2: Ogerpon|2\n|move|p2b: Cresselia|Trick Room|p2b: Cresselia\n|-fieldstart|move: Trick Room|[of] p2b: Cresselia\n|\n|upkeep\n|\n|t:|1700812656\n|switch|p2a: Empoleon|Empoleon, L50, M|59\/100\n|turn|7\n|\n|t:|1700812675\n|move|p2a: Empoleon|Flash Cannon|p1a: Urshifu\n|-resisted|p1a: Urshifu\n|-damage|p1a: Urshifu|72\/100\n|move|p2b: Cresselia|Psychic|p1a: Urshifu\n|-supereffective|p1a: Urshifu\n|-damage|p1a: Urshifu|0 fnt\n|faint|p1a: Urshifu\n|move|p1b: Tornadus|Bleakwind Storm|p2a: Empoleon|[spread] p2a,p2b\n|-resisted|p2a: Empoleon\n|-damage|p2a: Empoleon|42\/100\n|-damage|p2b: Cresselia|41\/100\n|-unboost|p2a: Empoleon|spe|1\n|-ability|p2a: Empoleon|Competitive|boost\n|-boost|p2a: Empoleon|spa|2\n|-enditem|p2a: Empoleon|Sitrus Berry|[eat]\n|-heal|p2a: Empoleon|66\/100|[from] item: Sitrus Berry\n|\n|upkeep\n|turn|8\n|c|\u2606gungelix|gg\n|\n|t:|1700812696\n|move|p2a: Empoleon|Ice Beam|p1b: Tornadus\n|-supereffective|p1b: Tornadus\n|-damage|p1b: Tornadus|0 fnt\n|faint|p1b: Tornadus\n|\n|win|haamgamer07\n|raw|gungelix's rating: 1312 &rarr; <strong>1292<\/strong><br \/>(-20 for losing)\n|raw|haamgamer07's rating: 1317 &rarr; <strong>1337<\/strong><br \/>(+20 for winning)\n|l| 5Sscreen\n|c|\u2606haamgamer07|Gg\n","uploadtime":1700812710,"views":19,"p1id":"gungelix","p2id":"haamgamer07","formatid":"gen9vgc2023regulatione","rating":1292,"private":0,"password":""}