{"id":"gen9vgc2023regulatione-1995005355","p1":"ChrolloLucilfer24","p2":"BobbyBlueEyes","format":"[Gen 9] VGC 2023 Regulation E","log":"|j|\u2606ChrolloLucilfer24\n|j|\u2606BobbyBlueEyes\n|t:|1700512597\n|gametype|doubles\n|player|p1|ChrolloLucilfer24|burglar|1146\n|player|p2|BobbyBlueEyes|gentleman-gen4|1062\n|teamsize|p1|6\n|teamsize|p2|6\n|gen|9\n|tier|[Gen 9] VGC 2023 Regulation E\n|rated|\n|rule|Species Clause: Limit one of each Pok\u00e9mon\n|rule|Item Clause: Limit one of each item\n|clearpoke\n|poke|p1|Kingambit, L50, F|\n|poke|p1|Farigiraf, L50, F|\n|poke|p1|Iron Hands, L50|\n|poke|p1|Gholdengo, L50|\n|poke|p1|Sinistcha, L50|\n|poke|p1|Urshifu-*, L50, F|\n|poke|p2|Sableye, L50, F|\n|poke|p2|Iron Hands, L50|\n|poke|p2|Kingambit, L50, M|\n|poke|p2|Sinistcha-Masterpiece, L50|\n|poke|p2|Enamorus-Therian, L50, F|\n|poke|p2|Iron Bundle, L50|\n|teampreview|4\n|inactive|Battle timer is ON: inactive players will automatically lose when time's up. (requested by BobbyBlueEyes)\n|\n|t:|1700512636\n|start\n|switch|p1a: Gholdengo|Gholdengo, L50|100\/100\n|switch|p1b: Kingambit|Kingambit, L50, F|100\/100\n|switch|p2a: Enamorus|Enamorus-Therian, L50, F|100\/100\n|switch|p2b: Sableye|Sableye, L50, F|100\/100\n|turn|1\n|\n|t:|1700512654\n|move|p2b: Sableye|Fake Out|p1b: Kingambit\n|-resisted|p1b: Kingambit\n|-damage|p1b: Kingambit|98\/100\n|move|p1a: Gholdengo|Make It Rain|p2a: Enamorus|[spread] p2a,p2b\n|-supereffective|p2a: Enamorus\n|-damage|p2a: Enamorus|0 fnt\n|-damage|p2b: Sableye|30\/100\n|-unboost|p1a: Gholdengo|spa|1\n|faint|p2a: Enamorus\n|-enditem|p2b: Sableye|Eject Button\n|\n|t:|1700512667\n|switch|p2b: Sinistcha|Sinistcha-Masterpiece, L50|100\/100\n|cant|p1b: Kingambit|flinch\n|\n|upkeep\n|\n|t:|1700512677\n|switch|p2a: Sableye|Sableye, L50, F|30\/100\n|turn|2\n|\n|t:|1700512697\n|switch|p2b: Iron Hands|Iron Hands, L50|100\/100\n|-terastallize|p1a: Gholdengo|Steel\n|move|p2a: Sableye|Will-O-Wisp|p1b: Kingambit\n|-hint|Since gen 7, Dark is immune to Prankster moves.\n|-immune|p1b: Kingambit\n|move|p1a: Gholdengo|Make It Rain|p2b: Iron Hands|[spread] p2a,p2b\n|-resisted|p2b: Iron Hands\n|-damage|p2a: Sableye|0 fnt\n|-damage|p2b: Iron Hands|75\/100\n|-unboost|p1a: Gholdengo|spa|1\n|faint|p2a: Sableye\n|move|p1b: Kingambit|Kowtow Cleave|p2b: Iron Hands\n|-resisted|p2b: Iron Hands\n|-damage|p2b: Iron Hands|59\/100\n|\n|upkeep\n|\n|t:|1700512710\n|switch|p2a: Sinistcha|Sinistcha-Masterpiece, L50|100\/100\n|-heal|p2b: Iron Hands|83\/100|[from] ability: Hospitality|[of] p2a: Sinistcha\n|turn|3\n|\n|t:|1700512729\n|switch|p1a: Iron Hands|Iron Hands, L50|100\/100\n|move|p2a: Sinistcha|Foul Play|p1a: Iron Hands\n|-resisted|p1a: Iron Hands\n|-damage|p1a: Iron Hands|93\/100\n|move|p1b: Kingambit|Swords Dance|p1b: Kingambit\n|-boost|p1b: Kingambit|atk|2\n|move|p2b: Iron Hands|Swords Dance|p2b: Iron Hands\n|-boost|p2b: Iron Hands|atk|2\n|\n|upkeep\n|turn|4\n|\n|t:|1700512752\n|move|p1a: Iron Hands|Body Press|p2b: Iron Hands\n|-damage|p2b: Iron Hands|57\/100\n|move|p1b: Kingambit|Kowtow Cleave|p2b: Iron Hands\n|-resisted|p2b: Iron Hands\n|-damage|p2b: Iron Hands|22\/100\n|-enditem|p2b: Iron Hands|Sitrus Berry|[eat]\n|-heal|p2b: Iron Hands|46\/100|[from] item: Sitrus Berry\n|move|p2b: Iron Hands|Swords Dance|p2b: Iron Hands\n|-boost|p2b: Iron Hands|atk|2\n|move|p2a: Sinistcha|Trick Room|p2a: Sinistcha\n|-fieldstart|move: Trick Room|[of] p2a: Sinistcha\n|\n|upkeep\n|turn|5\n|\n|t:|1700512770\n|move|p2a: Sinistcha|Rage Powder|p2a: Sinistcha\n|-singleturn|p2a: Sinistcha|move: Rage Powder\n|move|p1b: Kingambit|Sucker Punch||[still]\n|-fail|p1b: Kingambit\n|move|p2b: Iron Hands|Drain Punch|p1b: Kingambit\n|-supereffective|p1b: Kingambit\n|-damage|p1b: Kingambit|0 fnt\n|-heal|p2b: Iron Hands|86\/100|[from] drain|[of] p1b: Kingambit\n|faint|p1b: Kingambit\n|move|p1a: Iron Hands|Body Press|p2a: Sinistcha\n|-immune|p2a: Sinistcha\n|\n|upkeep\n|\n|t:|1700512783\n|switch|p1b: Gholdengo|Gholdengo, L50, tera:Steel|100\/100\n|turn|6\n|\n|t:|1700512810\n|move|p2b: Iron Hands|Drain Punch|p1b: Gholdengo\n|-supereffective|p1b: Gholdengo\n|-damage|p1b: Gholdengo|0 fnt\n|-heal|p2b: Iron Hands|100\/100|[from] drain|[of] p1b: Gholdengo\n|faint|p1b: Gholdengo\n|move|p1a: Iron Hands|Heavy Slam|p2b: Iron Hands\n|-resisted|p2b: Iron Hands\n|-damage|p2b: Iron Hands|96\/100\n|move|p2a: Sinistcha|Matcha Gotcha|p1a: Iron Hands\n|-damage|p1a: Iron Hands|78\/100\n|\n|upkeep\n|\n|t:|1700512820\n|switch|p1b: Urshifu|Urshifu-Rapid-Strike, L50, F|100\/100\n|turn|7\n|\n|t:|1700512840\n|move|p2b: Iron Hands|Drain Punch|p1a: Iron Hands\n|-damage|p1a: Iron Hands|10\/100\n|-heal|p2b: Iron Hands|100\/100|[from] drain|[of] p1a: Iron Hands\n|move|p1a: Iron Hands|Heavy Slam|p2a: Sinistcha\n|-damage|p2a: Sinistcha|71\/100\n|move|p2a: Sinistcha|Matcha Gotcha|p1a: Iron Hands|[spread] p1a,p1b\n|-supereffective|p1b: Urshifu\n|-damage|p1a: Iron Hands|0 fnt\n|-heal|p2a: Sinistcha|77\/100|[from] drain|[of] p1a: Iron Hands\n|-damage|p1b: Urshifu|32\/100\n|-heal|p2a: Sinistcha|100\/100|[from] drain|[of] p1b: Urshifu\n|faint|p1a: Iron Hands\n|-end|p1a: Iron Hands|Quark Drive|[silent]\n|move|p1b: Urshifu|Close Combat|p2b: Iron Hands\n|-damage|p2b: Iron Hands|57\/100\n|-unboost|p1b: Urshifu|def|1\n|-unboost|p1b: Urshifu|spd|1\n|\n|upkeep\n|turn|8\n|-message|ChrolloLucilfer24 forfeited.\n|\n|win|BobbyBlueEyes\n|raw|ChrolloLucilfer24's rating: 1146 &rarr; <strong>1115<\/strong><br \/>(-31 for losing)\n|raw|BobbyBlueEyes's rating: 1062 &rarr; <strong>1100<\/strong><br \/>(+38 for winning)\n|l|\u2606ChrolloLucilfer24\n","uploadtime":1700512866,"views":10,"p1id":"chrollolucilfer24","p2id":"bobbyblueeyes","formatid":"gen9vgc2023regulatione","rating":1100,"private":0,"password":""}