{"id":"gen9vgc2023regulatione-1994598733","p1":"meowmeowjoe","p2":"darkdrapio","format":"[Gen 9] VGC 2023 Regulation E","log":"|j|\u2606meowmeowjoe\n|j|\u2606darkdrapio\n|t:|1700466954\n|gametype|doubles\n|player|p1|meowmeowjoe|guitarist|1234\n|player|p2|darkdrapio|266|1147\n|teamsize|p1|6\n|teamsize|p2|6\n|gen|9\n|tier|[Gen 9] VGC 2023 Regulation E\n|rated|\n|rule|Species Clause: Limit one of each Pok\u00e9mon\n|rule|Item Clause: Limit one of each item\n|clearpoke\n|poke|p1|Annihilape, L50, F|\n|poke|p1|Sinistcha, L50|\n|poke|p1|Grimmsnarl, L50, M|\n|poke|p1|Landorus-Therian, L50, M|\n|poke|p1|Bellibolt, L50, M|\n|poke|p1|Corviknight, L50, M|\n|poke|p2|Iron Hands, L50|\n|poke|p2|Ursaluna-Bloodmoon, L50, M|\n|poke|p2|Cresselia, L50, F|\n|poke|p2|Grimmsnarl, L50, M|\n|poke|p2|Heatran, L50, M|\n|poke|p2|Landorus-Therian, L50, M|\n|teampreview|4\n|inactive|Battle timer is ON: inactive players will automatically lose when time's up. (requested by meowmeowjoe)\n|\n|t:|1700466981\n|start\n|switch|p1a: Grimmsnarl|Grimmsnarl, L50, M, shiny|100\/100\n|switch|p1b: Annihilape|Annihilape, L50, F|100\/100\n|switch|p2a: Cresselia|Cresselia, L50, F|100\/100\n|switch|p2b: Heatran|Heatran, L50, M|100\/100\n|turn|1\n|\n|t:|1700467000\n|move|p1a: Grimmsnarl|Light Screen|p1a: Grimmsnarl\n|-sidestart|p1: meowmeowjoe|move: Light Screen\n|move|p1b: Annihilape|Drain Punch|p2b: Heatran\n|-supereffective|p2b: Heatran\n|-damage|p2b: Heatran|38\/100\n|move|p2b: Heatran|Flash Cannon|p1a: Grimmsnarl\n|-supereffective|p1a: Grimmsnarl\n|-damage|p1a: Grimmsnarl|28\/100\n|-damage|p2b: Heatran|28\/100|[from] item: Life Orb\n|move|p2a: Cresselia|Trick Room|p2a: Cresselia\n|-fieldstart|move: Trick Room|[of] p2a: Cresselia\n|\n|upkeep\n|turn|2\n|inactive|meowmeowjoe has 30 seconds left.\n|\n|t:|1700467033\n|switch|p2b: Iron Hands|Iron Hands, L50|100\/100\n|-terastallize|p1b: Annihilape|Fire\n|move|p1a: Grimmsnarl|Parting Shot|p2a: Cresselia\n|-unboost|p2a: Cresselia|atk|1\n|-unboost|p2a: Cresselia|spa|1\n|\n|t:|1700467041\n|switch|p1a: Corviknight|Corviknight, L50, M, shiny|100\/100|[from] Parting Shot\n|move|p2a: Cresselia|Psychic|p1b: Annihilape\n|-damage|p1b: Annihilape|92\/100\n|move|p1b: Annihilape|Drain Punch|p2b: Iron Hands\n|-damage|p2b: Iron Hands|79\/100\n|-heal|p1b: Annihilape|100\/100|[from] drain|[of] p2b: Iron Hands\n|\n|-heal|p2b: Iron Hands|85\/100|[from] item: Leftovers\n|upkeep\n|turn|3\n|\n|t:|1700467060\n|switch|p1a: Landorus|Landorus-Therian, L50, M|100\/100\n|-ability|p1a: Landorus|Intimidate|boost\n|-unboost|p2a: Cresselia|atk|1\n|-unboost|p2b: Iron Hands|atk|1\n|move|p1b: Annihilape|Protect|p1b: Annihilape\n|-singleturn|p1b: Annihilape|Protect\n|move|p2b: Iron Hands|Drain Punch|p1b: Annihilape\n|-activate|p1b: Annihilape|move: Protect\n|move|p2a: Cresselia|Lunar Blessing|p2a: Cresselia|[spread] p2a,p2b\n|-heal|p2b: Iron Hands|100\/100\n|\n|upkeep\n|turn|4\n|inactive|meowmeowjoe has 30 seconds left.\n|\n|t:|1700467086\n|switch|p1a: Grimmsnarl|Grimmsnarl, L50, M, shiny|28\/100\n|move|p2b: Iron Hands|Detect|p2b: Iron Hands\n|-singleturn|p2b: Iron Hands|Protect\n|move|p2a: Cresselia|Ice Beam|p1a: Grimmsnarl\n|-damage|p1a: Grimmsnarl|21\/100\n|move|p1b: Annihilape|Drain Punch|p2a: Cresselia\n|-resisted|p2a: Cresselia\n|-damage|p2a: Cresselia|89\/100\n|\n|upkeep\n|turn|5\n|\n|t:|1700467110\n|-end|p2b: Iron Hands|Quark Drive|[silent]\n|switch|p2b: Landorus|Landorus-Therian, L50, M|100\/100\n|-ability|p2b: Landorus|Intimidate|boost\n|-unboost|p1a: Grimmsnarl|atk|1\n|-unboost|p1b: Annihilape|atk|1\n|-ability|p1b: Annihilape|Defiant|boost\n|-boost|p1b: Annihilape|atk|2\n|move|p1a: Grimmsnarl|Parting Shot|p2b: Landorus\n|-unboost|p2b: Landorus|atk|1\n|-unboost|p2b: Landorus|spa|1\n|\n|t:|1700467118\n|switch|p1a: Landorus|Landorus-Therian, L50, M|100\/100|[from] Parting Shot\n|-ability|p1a: Landorus|Intimidate|boost\n|-unboost|p2a: Cresselia|atk|1\n|-unboost|p2b: Landorus|atk|1\n|move|p2a: Cresselia|Lunar Blessing|p2a: Cresselia|[spread] p2a,p2b\n|-heal|p2a: Cresselia|100\/100\n|move|p1b: Annihilape|Rage Fist|p2a: Cresselia\n|-supereffective|p2a: Cresselia\n|-damage|p2a: Cresselia|2\/100\n|\n|-fieldend|move: Trick Room\n|upkeep\n|turn|6\n|\n|t:|1700467139\n|move|p2b: Landorus|Rock Slide|p1b: Annihilape|[spread] p1a,p1b\n|-supereffective|p1b: Annihilape\n|-damage|p1a: Landorus|88\/100\n|-damage|p1b: Annihilape|75\/100\n|cant|p1a: Landorus|flinch\n|cant|p1b: Annihilape|flinch\n|move|p2a: Cresselia|Psychic|p1b: Annihilape\n|-damage|p1b: Annihilape|67\/100\n|\n|-heal|p1b: Annihilape|73\/100|[from] item: Leftovers\n|upkeep\n|turn|7\n|\n|t:|1700467158\n|switch|p2b: Heatran|Heatran, L50, M|28\/100\n|move|p1a: Landorus|U-turn|p2a: Cresselia\n|-supereffective|p2a: Cresselia\n|-damage|p2a: Cresselia|0 fnt\n|faint|p2a: Cresselia\n|\n|t:|1700467165\n|switch|p1a: Grimmsnarl|Grimmsnarl, L50, M, shiny|21\/100|[from] U-turn\n|move|p1b: Annihilape|Rage Fist|p2b: Heatran\n|-damage|p2b: Heatran|0 fnt\n|faint|p2b: Heatran\n|\n|-heal|p1b: Annihilape|79\/100|[from] item: Leftovers\n|upkeep\n|\n|t:|1700467172\n|switch|p2a: Iron Hands|Iron Hands, L50|100\/100\n|switch|p2b: Landorus|Landorus-Therian, L50, M|100\/100\n|-ability|p2b: Landorus|Intimidate|boost\n|-unboost|p1a: Grimmsnarl|atk|1\n|-unboost|p1b: Annihilape|atk|1\n|-ability|p1b: Annihilape|Defiant|boost\n|-boost|p1b: Annihilape|atk|2\n|turn|8\n|\n|t:|1700467191\n|switch|p1a: Landorus|Landorus-Therian, L50, M|88\/100\n|-ability|p1a: Landorus|Intimidate|boost\n|-unboost|p2a: Iron Hands|atk|1\n|-unboost|p2b: Landorus|atk|1\n|-terastallize|p2b: Landorus|Flying\n|move|p1b: Annihilape|Protect|p1b: Annihilape\n|-singleturn|p1b: Annihilape|Protect\n|move|p2b: Landorus|Tera Blast|p1a: Landorus|[anim] Tera Blast Flying\n|-damage|p1a: Landorus|39\/100\n|move|p2a: Iron Hands|Drain Punch|p1b: Annihilape\n|-activate|p1b: Annihilape|move: Protect\n|\n|-heal|p1b: Annihilape|86\/100|[from] item: Leftovers\n|-sideend|p1: meowmeowjoe|move: Light Screen\n|upkeep\n|turn|9\n|\n|t:|1700467216\n|switch|p1a: Corviknight|Corviknight, L50, M, shiny|100\/100\n|move|p2b: Landorus|Tera Blast|p1a: Corviknight|[anim] Tera Blast Flying\n|-resisted|p1a: Corviknight\n|-damage|p1a: Corviknight|84\/100\n|move|p1b: Annihilape|Rage Fist|p2a: Iron Hands\n|-damage|p2a: Iron Hands|0 fnt\n|faint|p2a: Iron Hands\n|-end|p2a: Iron Hands|Quark Drive|[silent]\n|\n|-heal|p1b: Annihilape|92\/100|[from] item: Leftovers\n|upkeep\n|turn|10\n|\n|t:|1700467230\n|switch|p1a: Landorus|Landorus-Therian, L50, M|39\/100\n|-ability|p1a: Landorus|Intimidate|boost\n|-unboost|p2b: Landorus|atk|1\n|move|p2b: Landorus|Tera Blast|p1b: Annihilape|[anim] Tera Blast Flying\n|-damage|p1b: Annihilape|66\/100\n|move|p1b: Annihilape|Rage Fist|p2b: Landorus\n|-damage|p2b: Landorus|0 fnt\n|faint|p2b: Landorus\n|\n|win|meowmeowjoe\n|raw|meowmeowjoe's rating: 1234 &rarr; <strong>1253<\/strong><br \/>(+19 for winning)\n|raw|darkdrapio's rating: 1147 &rarr; <strong>1128<\/strong><br \/>(-19 for losing)\n|c|\u2606darkdrapio|gg\n|c|\u2606meowmeowjoe|gg\n|l|\u2606darkdrapio\n","uploadtime":1700467244,"views":13,"p1id":"meowmeowjoe","p2id":"darkdrapio","formatid":"gen9vgc2023regulatione","rating":1128,"private":0,"password":""}