{"id":"gen9vgc2023regulatione-1998637809","p1":"That_Leek","p2":"cuong freefire","format":"[Gen 9] VGC 2023 Regulation E","log":"|j|\u2606That_Leek\n|j|\u2606cuong freefire\n|t:|1700966056\n|gametype|doubles\n|player|p1|That_Leek|blue|1552\n|player|p2|cuong freefire|unknown|1525\n|teamsize|p1|6\n|teamsize|p2|6\n|gen|9\n|tier|[Gen 9] VGC 2023 Regulation E\n|rated|\n|rule|Species Clause: Limit one of each Pok\u00e9mon\n|rule|Item Clause: Limit one of each item\n|clearpoke\n|poke|p1|Gholdengo, L50|\n|poke|p1|Ogerpon-Wellspring, L50, F|\n|poke|p1|Arcanine-Hisui, L50, M|\n|poke|p1|Chien-Pao, L50|\n|poke|p1|Scream Tail, L50|\n|poke|p1|Dragonite, L50, F|\n|poke|p2|Flutter Mane, L50|\n|poke|p2|Iron Hands, L50|\n|poke|p2|Landorus-Therian, L50, M|\n|poke|p2|Urshifu-*, L50, M|\n|poke|p2|Tornadus, L50, M|\n|poke|p2|Amoonguss, L50, M|\n|teampreview|4\n|inactive|Battle timer is ON: inactive players will automatically lose when time's up. (requested by cuong freefire)\nThat_Leek has agreed to open team sheets.\n|inactive|That_Leek has 60 seconds left.\n|\n|t:|1700966090\n|start\n|switch|p1a: Ogerpon|Ogerpon-Wellspring, L50, F|100\/100\n|switch|p1b: Gholdengo|Gholdengo, L50|100\/100\n|switch|p2a: Landorus|Landorus-Therian, L50, M|100\/100\n|switch|p2b: Tornadus|Tornadus, L50, M|100\/100\n|-ability|p2a: Landorus|Intimidate|boost\n|-unboost|p1a: Ogerpon|atk|1\n|-unboost|p1b: Gholdengo|atk|1\n|turn|1\n|inactive|cuong freefire has 30 seconds left.\n|\n|t:|1700966116\n|move|p1a: Ogerpon|Follow Me|p1a: Ogerpon\n|-singleturn|p1a: Ogerpon|move: Follow Me\n|move|p2a: Landorus|Stomping Tantrum|p1a: Ogerpon\n|-resisted|p1a: Ogerpon\n|-damage|p1a: Ogerpon|80\/100\n|move|p2b: Tornadus|Bleakwind Storm|p1a: Ogerpon|[spread] p1b\n|-miss|p2b: Tornadus|p1a: Ogerpon\n|-resisted|p1b: Gholdengo\n|-damage|p1b: Gholdengo|80\/100\n|move|p1b: Gholdengo|Nasty Plot|p1b: Gholdengo\n|-boost|p1b: Gholdengo|spa|2\n|\n|upkeep\n|turn|2\n|inactive|That_Leek has 30 seconds left.\n|inactive|That_Leek has 20 seconds left.\n|inactive|That_Leek has 15 seconds left.\n|inactive|That_Leek has 10 seconds left.\n|inactive|That_Leek has 5 seconds left.\n|\n|t:|1700966169\n|move|p1a: Ogerpon|Follow Me|p1a: Ogerpon\n|-singleturn|p1a: Ogerpon|move: Follow Me\n|move|p2a: Landorus|Stomping Tantrum|p1a: Ogerpon\n|-resisted|p1a: Ogerpon\n|-damage|p1a: Ogerpon|57\/100\n|move|p2b: Tornadus|Bleakwind Storm|p1a: Ogerpon|[spread] p1a,p1b\n|-supereffective|p1a: Ogerpon\n|-resisted|p1b: Gholdengo\n|-damage|p1a: Ogerpon|0 fnt\n|-damage|p1b: Gholdengo|63\/100\n|faint|p1a: Ogerpon\n|move|p1b: Gholdengo|Nasty Plot|p1b: Gholdengo\n|-boost|p1b: Gholdengo|spa|2\n|\n|upkeep\n|\n|t:|1700966172\n|switch|p1a: Arcanine|Arcanine-Hisui, L50, M|100\/100\n|-ability|p1a: Arcanine|Intimidate|boost\n|-unboost|p2a: Landorus|atk|1\n|-unboost|p2b: Tornadus|atk|1\n|turn|3\n|\n|t:|1700966188\n|switch|p2b: Iron Hands|Iron Hands, L50|100\/100\n|switch|p1a: Chien-Pao|Chien-Pao, L50|100\/100\n|-ability|p1a: Chien-Pao|Sword of Ruin\n|-terastallize|p1b: Gholdengo|Water\n|move|p2a: Landorus|Stomping Tantrum|p1b: Gholdengo\n|-damage|p1b: Gholdengo|29\/100\n|-enditem|p1b: Gholdengo|Sitrus Berry|[eat]\n|-heal|p1b: Gholdengo|54\/100|[from] item: Sitrus Berry\n|move|p1b: Gholdengo|Make It Rain|p2a: Landorus|[spread] p2a,p2b\n|-resisted|p2b: Iron Hands\n|-damage|p2a: Landorus|0 fnt\n|-damage|p2b: Iron Hands|54\/100\n|-unboost|p1b: Gholdengo|spa|1\n|faint|p2a: Landorus\n|\n|upkeep\n|\n|t:|1700966208\n|switch|p2a: Flutter Mane|Flutter Mane, L50|100\/100\n|turn|4\n|\n|t:|1700966225\n|-terastallize|p2a: Flutter Mane|Fairy\n|move|p1a: Chien-Pao|Protect|p1a: Chien-Pao\n|-singleturn|p1a: Chien-Pao|Protect\n|move|p1b: Gholdengo|Protect|p1b: Gholdengo\n|-singleturn|p1b: Gholdengo|Protect\n|move|p2b: Iron Hands|Fake Out|p1a: Chien-Pao\n|-activate|p1a: Chien-Pao|move: Protect\n|move|p2a: Flutter Mane|Dazzling Gleam|p1b: Gholdengo|[spread] \n|-activate|p1a: Chien-Pao|move: Protect\n|-activate|p1b: Gholdengo|move: Protect\n|\n|upkeep\n|turn|5\n|j| NEO004\n|\n|t:|1700966248\n|switch|p1a: Arcanine|Arcanine-Hisui, L50, M|100\/100\n|-ability|p1a: Arcanine|Intimidate|boost\n|-unboost|p2a: Flutter Mane|atk|1\n|-unboost|p2b: Iron Hands|atk|1\n|move|p2a: Flutter Mane|Dazzling Gleam|p1a: Arcanine|[spread] p1a,p1b\n|-resisted|p1a: Arcanine\n|-damage|p1a: Arcanine|73\/100\n|-damage|p1b: Gholdengo|8\/100\n|move|p1b: Gholdengo|Make It Rain|p2a: Flutter Mane|[spread] p2a,p2b\n|-supereffective|p2a: Flutter Mane\n|-resisted|p2b: Iron Hands\n|-enditem|p2a: Flutter Mane|Focus Sash\n|-damage|p2a: Flutter Mane|1\/100\n|-damage|p2b: Iron Hands|13\/100\n|-unboost|p1b: Gholdengo|spa|1\n|move|p2b: Iron Hands|Wild Charge|p1b: Gholdengo\n|-supereffective|p1b: Gholdengo\n|-damage|p1b: Gholdengo|0 fnt\n|faint|p1b: Gholdengo\n|-damage|p2b: Iron Hands|11\/100|[from] Recoil\n|\n|upkeep\n|\n|t:|1700966259\n|switch|p1b: Chien-Pao|Chien-Pao, L50|100\/100\n|-ability|p1b: Chien-Pao|Sword of Ruin\n|turn|6\n|\n|t:|1700966271\n|-end|p2b: Iron Hands|Quark Drive|[silent]\n|switch|p2b: Tornadus|Tornadus, L50, M|100\/100\n|move|p2a: Flutter Mane|Protect|p2a: Flutter Mane\n|-singleturn|p2a: Flutter Mane|Protect\n|move|p1a: Arcanine|Extreme Speed|p2b: Tornadus\n|-damage|p2b: Tornadus|12\/100\n|move|p1b: Chien-Pao|Ice Spinner|p2a: Flutter Mane\n|-activate|p2a: Flutter Mane|move: Protect\n|\n|upkeep\n|turn|7\n|\n|t:|1700966288\n|move|p1a: Arcanine|Extreme Speed|p2b: Tornadus\n|-damage|p2b: Tornadus|0 fnt\n|faint|p2b: Tornadus\n|move|p1b: Chien-Pao|Ice Spinner|p2a: Flutter Mane\n|-damage|p2a: Flutter Mane|0 fnt\n|faint|p2a: Flutter Mane\n|-end|p2a: Flutter Mane|Protosynthesis|[silent]\n|\n|upkeep\n|-message|cuong freefire forfeited.\n|\n|win|That_Leek\n|raw|That_Leek's rating: 1568 &rarr; <strong>1586<\/strong><br \/>(+18 for winning)\n|raw|cuong freefire's rating: 1525 &rarr; <strong>1507<\/strong><br \/>(-18 for losing)\n|l|\u2606cuong freefire\n","uploadtime":1700966301,"views":1,"p1id":"thatleek","p2id":"cuongfreefire","formatid":"gen9vgc2023regulatione","rating":1507,"private":0,"password":""}