{"id":"gen9vgc2023regulatione-1994280623","p1":"Pink_SSB","p2":"AquamarineVGC","format":"[Gen 9] VGC 2023 Regulation E","log":"|j|\u2606Pink_SSB\n|j|\u2606AquamarineVGC\n|n|\u2606Pink_SSB|pinkssb\n|n|\u2606AquamarineVGC|aquamarinevgc\n|html|View the match progress at <a href=\"\/game-bestof3-gen9vgc2023regulatione-1994280622\">game-bestof3-gen9vgc2023regulatione-1994280622<\/a>\n|t:|1700426576\n|gametype|doubles\n|player|p1|Pink_SSB|1|\n|player|p2|AquamarineVGC|lucas-gen4pt|\n|teamsize|p1|6\n|teamsize|p2|6\n|gen|9\n|tier|[Gen 9] VGC 2023 Regulation E\n|rule|Species Clause: Limit one of each Pok\u00e9mon\n|rule|Item Clause: Limit one of each item\n|clearpoke\n|poke|p1|Eiscue, L50, M|\n|poke|p1|Iron Hands, L50|\n|poke|p1|Sinistcha, L50|\n|poke|p1|Landorus-Therian, L50, M|\n|poke|p1|Heatran, L50, F|\n|poke|p1|Flutter Mane, L50|\n|poke|p2|Ninetales-Alola, L50, M|\n|poke|p2|Iron Bundle, L50|\n|poke|p2|Clefairy, L50, F|\n|poke|p2|Annihilape, L50, M|\n|poke|p2|Landorus-Therian, L50, M|\n|poke|p2|Cresselia, L50, F|\n|teampreview|4\nAquamarineVGC has agreed to open team sheets.\n|inactive|Battle timer is ON: inactive players will automatically lose when time's up. (requested by Pink_SSB)\nPink_SSB has agreed to open team sheets.\n|showteam|p1|Eiscue||SitrusBerry|IceFace|IcicleCrash,Liquidation,BellyDrum,Protect|||M|||50|,,,,,Ghost]Iron Hands||AssaultVest|QuarkDrive|WildCharge,DrainPunch,FakeOut,HeavySlam||||||50|,,,,,Water]Sinistcha||RockyHelmet|Hospitality|MatchaGotcha,RagePowder,StrengthSap,TrickRoom||||||50|,,,,,Fire]Landorus-Therian||ChoiceScarf|Intimidate|StompingTantrum,TeraBlast,RockSlide,Uturn|||M|||50|,,,,,Flying]Heatran||Leftovers|FlashFire|FlashCannon,HeatWave,EarthPower,Protect|||F|||50|,,,,,Grass]Flutter Mane||BoosterEnergy|Protosynthesis|Moonblast,DazzlingGleam,ShadowBall,Protect||||||50|,,,,,Fairy\n|showteam|p2|Ninetales-Alola||FocusSash|SnowWarning|Blizzard,DazzlingGleam,AuroraVeil,Protect|||M|||50|,,,,,Ghost]Iron Bundle||AssaultVest|QuarkDrive|Blizzard,FreezeDry,IcyWind,FlipTurn||||||50|,,,,,Ice]Clefairy||Eviolite|FriendGuard|IcyWind,FollowMe,LifeDew,Protect|||F|||50|,,,,,Grass]Annihilape||Leftovers|Defiant|RageFist,DrainPunch,BulkUp,Protect|||M|||50|,,,,,Fire]Landorus-Therian||ChoiceBand|Intimidate|StompingTantrum,TeraBlast,RockSlide,Uturn|||M|||50|,,,,,Flying]Cresselia||RockyHelmet|Levitate|Psychic,IceBeam,LunarBlessing,TrickRoom|||F|||50|,,,,,Poison\n|\n|t:|1700426614\n|start\n|switch|p1a: Brian Hands|Iron Hands, L50|100\/100\n|switch|p1b: Tera-Ass|Heatran, L50, F|100\/100\n|switch|p2a: Clefairy|Clefairy, L50, F|100\/100\n|switch|p2b: Annihilape|Annihilape, L50, M|100\/100\n|turn|1\n|c|\u2606AquamarineVGC|GLHF\n|c|\u2606Pink_SSB|glhf\n|\n|t:|1700426635\n|move|p1b: Tera-Ass|Protect|p1b: Tera-Ass\n|-singleturn|p1b: Tera-Ass|Protect\n|move|p2a: Clefairy|Protect|p2a: Clefairy\n|-singleturn|p2a: Clefairy|Protect\n|move|p2b: Annihilape|Bulk Up|p2b: Annihilape\n|-boost|p2b: Annihilape|atk|1\n|-boost|p2b: Annihilape|def|1\n|move|p1a: Brian Hands|Heavy Slam|p2a: Clefairy\n|-activate|p2a: Clefairy|move: Protect\n|\n|upkeep\n|turn|2\n|inactive|AquamarineVGC has 30 seconds left.\n|\n|t:|1700426662\n|switch|p1b: Flutter Mane|Flutter Mane, L50|100\/100\n|-enditem|p1b: Flutter Mane|Booster Energy\n|-activate|p1b: Flutter Mane|ability: Protosynthesis|[fromitem]\n|-start|p1b: Flutter Mane|protosynthesisspe\n|switch|p2a: Landorus|Landorus-Therian, L50, M|100\/100\n|-ability|p2a: Landorus|Intimidate|boost\n|-unboost|p1a: Brian Hands|atk|1\n|-unboost|p1b: Flutter Mane|atk|1\n|move|p2b: Annihilape|Drain Punch|p1b: Flutter Mane\n|-immune|p1b: Flutter Mane\n|move|p1a: Brian Hands|Heavy Slam|p2a: Landorus\n|-damage|p2a: Landorus|67\/100\n|\n|upkeep\n|turn|3\n|inactive|Pink_SSB has 30 seconds left.\n|inactive|AquamarineVGC has 30 seconds left.\n|inactive|AquamarineVGC has 20 seconds left.\n|inactive|AquamarineVGC has 15 seconds left.\n|\n|t:|1700426707\n|switch|p2a: Clefairy|Clefairy, L50, F|100\/100\n|-end|p1a: Brian Hands|Quark Drive|[silent]\n|switch|p1a: Eiscue|Eiscue, L50, M|100\/100\n|move|p1b: Flutter Mane|Protect|p1b: Flutter Mane\n|-singleturn|p1b: Flutter Mane|Protect\n|move|p2b: Annihilape|Drain Punch|p1a: Eiscue\n|-activate|p1a: Eiscue|ability: Ice Face\n|-damage|p1a: Eiscue|100\/100\n|detailschange|p1a: Eiscue|Eiscue-Noice, L50, M\n|\n|upkeep\n|turn|4\n|inactive|Pink_SSB has 30 seconds left.\n|inactive|AquamarineVGC has 30 seconds left.\n|\n|t:|1700426737\n|-end|p1b: Flutter Mane|Protosynthesis|[silent]\n|switch|p1b: Brian Hands|Iron Hands, L50|100\/100\n|move|p1a: Eiscue|Protect|p1a: Eiscue\n|-singleturn|p1a: Eiscue|Protect\n|move|p2b: Annihilape|Rage Fist|p1b: Brian Hands\n|-damage|p1b: Brian Hands|77\/100\n|move|p2a: Clefairy|Life Dew||[still]|[still]|[spread] \n|-fail|p2a: Clefairy|heal\n|-fail|p2b: Annihilape|heal\n|\n|upkeep\n|turn|5\n|\n|t:|1700426758\n|switch|p2a: Cresselia|Cresselia, L50, F|100\/100\n|move|p1a: Eiscue|Belly Drum|p1a: Eiscue\n|-damage|p1a: Eiscue|50\/100\n|-setboost|p1a: Eiscue|atk|6|[from] move: Belly Drum\n|-enditem|p1a: Eiscue|Sitrus Berry|[eat]\n|-heal|p1a: Eiscue|75\/100|[from] item: Sitrus Berry\n|move|p2b: Annihilape|Rage Fist|p1a: Eiscue\n|-damage|p1a: Eiscue|23\/100\n|move|p1b: Brian Hands|Heavy Slam|p2a: Cresselia\n|-damage|p2a: Cresselia|76\/100\n|-damage|p1b: Brian Hands|60\/100|[from] item: Rocky Helmet|[of] p2a: Cresselia\n|\n|upkeep\n|turn|6\n|inactive|AquamarineVGC has 30 seconds left.\n|j| Van. Volcanucks\n|\n|t:|1700426785\n|-end|p1b: Brian Hands|Quark Drive|[silent]\n|switch|p1b: Tera-Ass|Heatran, L50, F|100\/100\n|move|p2b: Annihilape|Protect|p2b: Annihilape\n|-singleturn|p2b: Annihilape|Protect\n|move|p1a: Eiscue|Icicle Crash|p2a: Cresselia\n|-damage|p2a: Cresselia|0 fnt\n|faint|p2a: Cresselia\n|\n|upkeep\n|\n|t:|1700426795\n|switch|p2a: Clefairy|Clefairy, L50, F|100\/100\n|turn|7\n|\n|t:|1700426813\n|move|p1a: Eiscue|Protect|p1a: Eiscue\n|-singleturn|p1a: Eiscue|Protect\n|move|p1b: Tera-Ass|Protect|p1b: Tera-Ass\n|-singleturn|p1b: Tera-Ass|Protect\n|move|p2a: Clefairy|Follow Me|p2a: Clefairy\n|-singleturn|p2a: Clefairy|move: Follow Me\n|move|p2b: Annihilape|Drain Punch|p1b: Tera-Ass\n|-activate|p1b: Tera-Ass|move: Protect\n|\n|upkeep\n|turn|8\n|\n|t:|1700426833\n|move|p2a: Clefairy|Follow Me|p2a: Clefairy\n|-singleturn|p2a: Clefairy|move: Follow Me\n|move|p1a: Eiscue|Icicle Crash|p2a: Clefairy\n|-damage|p2a: Clefairy|0 fnt\n|faint|p2a: Clefairy\n|move|p2b: Annihilape|Rage Fist|p1a: Eiscue\n|-damage|p1a: Eiscue|0 fnt\n|faint|p1a: Eiscue\n|move|p1b: Tera-Ass|Flash Cannon|p2b: Annihilape\n|-damage|p2b: Annihilape|66\/100\n|\n|-heal|p2b: Annihilape|72\/100|[from] item: Leftovers\n|upkeep\n|\n|t:|1700426847\n|switch|p1a: Flutter Mane|Flutter Mane, L50|100\/100\n|switch|p2a: Landorus|Landorus-Therian, L50, M|67\/100\n|-ability|p2a: Landorus|Intimidate|boost\n|-unboost|p1a: Flutter Mane|atk|1\n|-unboost|p1b: Tera-Ass|atk|1\n|turn|9\n|\n|t:|1700426871\n|-terastallize|p2b: Annihilape|Fire\n|move|p1a: Flutter Mane|Protect|p1a: Flutter Mane\n|-singleturn|p1a: Flutter Mane|Protect\n|move|p1b: Tera-Ass|Protect|p1b: Tera-Ass\n|-singleturn|p1b: Tera-Ass|Protect\n|move|p2a: Landorus|Stomping Tantrum|p1b: Tera-Ass\n|-activate|p1b: Tera-Ass|move: Protect\n|move|p2b: Annihilape|Rage Fist|p1a: Flutter Mane\n|-activate|p1a: Flutter Mane|move: Protect\n|\n|-heal|p2b: Annihilape|78\/100|[from] item: Leftovers\n|upkeep\n|turn|10\n|\n|t:|1700426889\n|-terastallize|p1b: Tera-Ass|Grass\n|move|p1a: Flutter Mane|Shadow Ball|p2b: Annihilape\n|-damage|p2b: Annihilape|45\/100\n|move|p2a: Landorus|Stomping Tantrum|p1b: Tera-Ass\n|-resisted|p1b: Tera-Ass\n|-damage|p1b: Tera-Ass|70\/100\n|move|p2b: Annihilape|Rage Fist|p1a: Flutter Mane\n|-supereffective|p1a: Flutter Mane\n|-damage|p1a: Flutter Mane|0 fnt\n|faint|p1a: Flutter Mane\n|-end|p1a: Flutter Mane|Protosynthesis|[silent]\n|move|p1b: Tera-Ass|Earth Power|p2b: Annihilape\n|-supereffective|p2b: Annihilape\n|-damage|p2b: Annihilape|0 fnt\n|faint|p2b: Annihilape\n|\n|-heal|p1b: Tera-Ass|76\/100|[from] item: Leftovers\n|upkeep\n|\n|t:|1700426901\n|switch|p1a: Brian Hands|Iron Hands, L50|60\/100\n|turn|11\n|\n|t:|1700426906\n|move|p1a: Brian Hands|Fake Out|p2a: Landorus\n|-damage|p2a: Landorus|48\/100\n|cant|p2a: Landorus|flinch\n|move|p1b: Tera-Ass|Flash Cannon|p2a: Landorus\n|-damage|p2a: Landorus|0 fnt\n|faint|p2a: Landorus\n|\n|win|Pink_SSB\n|c|&|\/uhtml prompt-aquamarinevgc,AquamarineVGC is ready for game 2!\n|c|&|\/uhtml prompt-pinkssb,Pink_SSB is ready for game 2!\nBoth players are ready! Starting next match!\n|l| Van. Volcanucks\n","uploadtime":1700427324,"views":8,"p1id":"pinkssb","p2id":"aquamarinevgc","formatid":"gen9vgc2023regulatione","rating":0,"private":0,"password":""}