{"id":"gen9vgc2023regulatione-1998135405","p1":"Abused24","p2":"Lab Gamer","format":"[Gen 9] VGC 2023 Regulation E","log":"|j|\u2606Abused24\n|j|\u2606Lab Gamer\n|n|\u2606Abused24|abused24\n|n|\u2606Lab Gamer|labgamer\n|html|View the match progress at <a href=\"\/game-bestof3-gen9vgc2023regulatione-1998132310\">game-bestof3-gen9vgc2023regulatione-1998132310<\/a>\n|t:|1700897977\n|gametype|doubles\n|player|p1|Abused24|101|\n|player|p2|Lab Gamer|acetrainersnow|\n|teamsize|p1|6\n|teamsize|p2|6\n|gen|9\n|tier|[Gen 9] VGC 2023 Regulation E\n|rule|Species Clause: Limit one of each Pok\u00e9mon\n|rule|Item Clause: Limit one of each item\n|clearpoke\n|poke|p1|Ogerpon-Wellspring, L50, F|\n|poke|p1|Rillaboom, L50, F|\n|poke|p1|Kingambit, L50, M|\n|poke|p1|Arcanine-Hisui, L50, F|\n|poke|p1|Flutter Mane, L50|\n|poke|p1|Tornadus, L50, M|\n|poke|p2|Urshifu-*, L50, M|\n|poke|p2|Arcanine-Hisui, L50, F|\n|poke|p2|Gholdengo, L50|\n|poke|p2|Roaring Moon, L50|\n|poke|p2|Landorus, L50, M|\n|poke|p2|Iron Hands, L50|\n|teampreview|4\nLab Gamer has agreed to open team sheets.\nAbused24 has agreed to open team sheets.\n|showteam|p1|Ogerpon-Wellspring||WellspringMask|WaterAbsorb|FollowMe,SpikyShield,IvyCudgel,HornLeech|||F|||50|,,,,,Water]Rillaboom||AssaultVest|GrassySurge|FakeOut,WoodHammer,GrassyGlide,HighHorsepower|||F|||50|,,,,,Water]Kingambit||BlackGlasses|Defiant|Protect,SuckerPunch,KowtowCleave,SwordsDance|||M|||50|,,,,,Dark]Arcanine-Hisui||ChoiceBand|Intimidate|RockSlide,FlareBlitz,ExtremeSpeed,TeraBlast|||F|||50|,,,,,Fairy]Flutter Mane||BoosterEnergy|Protosynthesis|ShadowBall,Protect,DazzlingGleam,Moonblast||||||50|,,,,,Fairy]Tornadus||CovertCloak|Prankster|Tailwind,BleakwindStorm,RainDance,Taunt|||M|||50|,,,,,Ghost\n|showteam|p2|Urshifu-Rapid-Strike||MysticWater|UnseenFist|SurgingStrikes,CloseCombat,AquaJet,Protect|||M|||50|,,,,,Water]Arcanine-Hisui||ChoiceBand|Intimidate|RockSlide,FlareBlitz,ExtremeSpeed,TeraBlast|||F|||50|,,,,,Fairy]Gholdengo||Leftovers|GoodasGold|MakeItRain,ShadowBall,NastyPlot,Protect||||||50|,,,,,Dragon]Roaring Moon||BoosterEnergy|Protosynthesis|Tailwind,KnockOff,BreakingSwipe,Protect||||||50|,,,,,Poison]Landorus||LifeOrb|SheerForce|EarthPower,SludgeBomb,SandsearStorm,Protect|||M|||50|,,,,,Poison]Iron Hands||AssaultVest|QuarkDrive|DrainPunch,WildCharge,FakeOut,HeavySlam||||||50|,,,,,Fire\n|\n|t:|1700898038\n|start\n|switch|p1a: Arcanine|Arcanine-Hisui, L50, F|100\/100\n|switch|p1b: Ogerpon|Ogerpon-Wellspring, L50, F|100\/100\n|switch|p2a: Landorus|Landorus, L50, M|100\/100\n|switch|p2b: Iron Hands|Iron Hands, L50|100\/100\n|-ability|p1a: Arcanine|Intimidate|boost\n|-unboost|p2a: Landorus|atk|1\n|-unboost|p2b: Iron Hands|atk|1\n|turn|1\n|\n|t:|1700898078\n|switch|p1a: Rillaboom|Rillaboom, L50, F|100\/100\n|-fieldstart|move: Grassy Terrain|[from] ability: Grassy Surge|[of] p1a: Rillaboom\n|move|p1b: Ogerpon|Spiky Shield|p1b: Ogerpon\n|-singleturn|p1b: Ogerpon|move: Protect\n|move|p2b: Iron Hands|Fake Out|p1b: Ogerpon\n|-activate|p1b: Ogerpon|move: Protect\n|-damage|p2b: Iron Hands|88\/100|[from] Spiky Shield|[of] p1b: Ogerpon\n|move|p2a: Landorus|Earth Power|p1a: Rillaboom\n|-resisted|p1a: Rillaboom\n|-damage|p1a: Rillaboom|72\/100\n|\n|-heal|p1a: Rillaboom|78\/100|[from] Grassy Terrain\n|-heal|p2b: Iron Hands|94\/100|[from] Grassy Terrain\n|upkeep\n|turn|2\n|\n|t:|1700898128\n|-end|p2b: Iron Hands|Quark Drive|[silent]\n|switch|p2b: Urshifu|Urshifu-Rapid-Strike, L50, M|100\/100\n|move|p2a: Landorus|Protect|p2a: Landorus\n|-singleturn|p2a: Landorus|Protect\n|move|p1b: Ogerpon|Ivy Cudgel|p2b: Urshifu|[anim] Ivy Cudgel Water\n|-resisted|p2b: Urshifu\n|-crit|p2b: Urshifu\n|-damage|p2b: Urshifu|61\/100\n|move|p1a: Rillaboom|High Horsepower|p2b: Urshifu\n|-damage|p2b: Urshifu|24\/100\n|\n|-heal|p2b: Urshifu|30\/100|[from] Grassy Terrain\n|-heal|p1a: Rillaboom|84\/100|[from] Grassy Terrain\n|upkeep\n|turn|3\n|\n|t:|1700898181\n|switch|p1a: Flutter Mane|Flutter Mane, L50|100\/100\n|-enditem|p1a: Flutter Mane|Booster Energy\n|-activate|p1a: Flutter Mane|ability: Protosynthesis|[fromitem]\n|-start|p1a: Flutter Mane|protosynthesisspa\n|-terastallize|p2a: Landorus|Poison\n|move|p2b: Urshifu|Protect|p2b: Urshifu\n|-singleturn|p2b: Urshifu|Protect\n|move|p1b: Ogerpon|Follow Me|p1b: Ogerpon\n|-singleturn|p1b: Ogerpon|move: Follow Me\n|move|p2a: Landorus|Sludge Bomb|p1b: Ogerpon\n|-supereffective|p1b: Ogerpon\n|-damage|p1b: Ogerpon|0 fnt\n|faint|p1b: Ogerpon\n|\n|-heal|p2b: Urshifu|36\/100|[from] Grassy Terrain\n|upkeep\n|\n|t:|1700898200\n|switch|p1b: Rillaboom|Rillaboom, L50, F|84\/100\n|turn|4\n|\n|t:|1700898213\n|switch|p2b: Arcanine|Arcanine-Hisui, L50, F|100\/100\n|-ability|p2b: Arcanine|Intimidate|boost\n|-unboost|p1a: Flutter Mane|atk|1\n|-unboost|p1b: Rillaboom|atk|1\n|move|p2a: Landorus|Protect|p2a: Landorus\n|-singleturn|p2a: Landorus|Protect\n|move|p1b: Rillaboom|Fake Out|p2a: Landorus\n|-activate|p2a: Landorus|move: Protect\n|move|p1a: Flutter Mane|Shadow Ball|p2b: Arcanine\n|-damage|p2b: Arcanine|36\/100\n|-unboost|p2b: Arcanine|spd|1\n|\n|-heal|p2b: Arcanine|42\/100|[from] Grassy Terrain\n|-heal|p1b: Rillaboom|90\/100|[from] Grassy Terrain\n|upkeep\n|turn|5\n|\n|t:|1700898248\n|switch|p1b: Arcanine|Arcanine-Hisui, L50, F|100\/100\n|-ability|p1b: Arcanine|Intimidate|boost\n|-unboost|p2a: Landorus|atk|1\n|-unboost|p2b: Arcanine|atk|1\n|move|p1a: Flutter Mane|Protect|p1a: Flutter Mane\n|-singleturn|p1a: Flutter Mane|Protect\n|move|p2b: Arcanine|Extreme Speed|p1b: Arcanine\n|-resisted|p1b: Arcanine\n|-crit|p1b: Arcanine\n|-damage|p1b: Arcanine|64\/100\n|move|p2a: Landorus|Sludge Bomb|p1b: Arcanine\n|-resisted|p1b: Arcanine\n|-damage|p1b: Arcanine|20\/100\n|\n|-heal|p1b: Arcanine|26\/100|[from] Grassy Terrain\n|-heal|p2b: Arcanine|48\/100|[from] Grassy Terrain\n|-fieldend|move: Grassy Terrain\n|upkeep\n|turn|6\n|\n|t:|1700898271\n|move|p2a: Landorus|Protect|p2a: Landorus\n|-singleturn|p2a: Landorus|Protect\n|move|p1b: Arcanine|Extreme Speed|p2a: Landorus\n|-activate|p2a: Landorus|move: Protect\n|move|p2b: Arcanine|Extreme Speed|p1b: Arcanine\n|-resisted|p1b: Arcanine\n|-damage|p1b: Arcanine|9\/100\n|move|p1a: Flutter Mane|Shadow Ball|p2a: Landorus\n|-activate|p2a: Landorus|move: Protect\n|\n|upkeep\n|turn|7\n|\n|t:|1700898292\n|switch|p2a: Urshifu|Urshifu-Rapid-Strike, L50, M|36\/100\n|move|p1b: Arcanine|Extreme Speed|p2a: Urshifu\n|-damage|p2a: Urshifu|0 fnt\n|faint|p2a: Urshifu\n|move|p2b: Arcanine|Extreme Speed|p1b: Arcanine\n|-resisted|p1b: Arcanine\n|-damage|p1b: Arcanine|0 fnt\n|faint|p1b: Arcanine\n|move|p1a: Flutter Mane|Shadow Ball|p2b: Arcanine\n|-damage|p2b: Arcanine|0 fnt\n|faint|p2b: Arcanine\n|\n|upkeep\n|\n|t:|1700898307\n|switch|p2a: Landorus|Landorus, L50, M, tera:Poison|100\/100\n|switch|p1b: Rillaboom|Rillaboom, L50, F|90\/100\n|switch|p2b: Iron Hands|Iron Hands, L50|94\/100\n|-fieldstart|move: Grassy Terrain|[from] ability: Grassy Surge|[of] p1b: Rillaboom\n|turn|8\n|\n|t:|1700898352\n|-terastallize|p1b: Rillaboom|Water\n|move|p1b: Rillaboom|Fake Out|p2b: Iron Hands\n|-damage|p2b: Iron Hands|84\/100\n|move|p1a: Flutter Mane|Moonblast|p2b: Iron Hands\n|-supereffective|p2b: Iron Hands\n|-damage|p2b: Iron Hands|10\/100\n|move|p2a: Landorus|Sludge Bomb|p1b: Rillaboom\n|-damage|p1b: Rillaboom|37\/100\n|cant|p2b: Iron Hands|flinch\n|\n|-heal|p1b: Rillaboom|43\/100|[from] Grassy Terrain\n|-heal|p2b: Iron Hands|17\/100|[from] Grassy Terrain\n|upkeep\n|turn|9\n|\n|t:|1700898404\n|move|p1b: Rillaboom|Grassy Glide|p2a: Landorus\n|-resisted|p2a: Landorus\n|-damage|p2a: Landorus|80\/100\n|move|p1a: Flutter Mane|Dazzling Gleam|p2b: Iron Hands|[spread] p2a,p2b\n|-resisted|p2a: Landorus\n|-supereffective|p2b: Iron Hands\n|-damage|p2a: Landorus|55\/100\n|-damage|p2b: Iron Hands|0 fnt\n|faint|p2b: Iron Hands\n|-end|p2b: Iron Hands|Quark Drive|[silent]\n|move|p2a: Landorus|Sludge Bomb|p1a: Flutter Mane\n|-damage|p1a: Flutter Mane|34\/100\n|\n|-heal|p1a: Flutter Mane|40\/100|[from] Grassy Terrain\n|-heal|p2a: Landorus|61\/100|[from] Grassy Terrain\n|-heal|p1b: Rillaboom|48\/100|[from] Grassy Terrain\n|upkeep\n|turn|10\n|\n|t:|1700898424\n|move|p2a: Landorus|Protect|p2a: Landorus\n|-singleturn|p2a: Landorus|Protect\n|move|p1a: Flutter Mane|Shadow Ball|p2a: Landorus\n|-activate|p2a: Landorus|move: Protect\n|move|p1b: Rillaboom|High Horsepower|p2a: Landorus\n|-activate|p2a: Landorus|move: Protect\n|\n|-heal|p1a: Flutter Mane|46\/100|[from] Grassy Terrain\n|-heal|p2a: Landorus|67\/100|[from] Grassy Terrain\n|-heal|p1b: Rillaboom|54\/100|[from] Grassy Terrain\n|upkeep\n|turn|11\n|\n|t:|1700898454\n|move|p1a: Flutter Mane|Shadow Ball|p2a: Landorus\n|-damage|p2a: Landorus|0 fnt\n|faint|p2a: Landorus\n|\n|win|Abused24\n|c|\u2606Lab Gamer|ggs\n","uploadtime":1700898466,"views":2,"p1id":"abused24","p2id":"labgamer","formatid":"gen9vgc2023regulatione","rating":0,"private":0,"password":""}