{"id":"gen9vgc2023regulatione-1995242033","p1":"leafyarrow","p2":"thrushery2","format":"[Gen 9] VGC 2023 Regulation E","log":"|j|\u2606leafyarrow\n|j|\u2606thrushery2\n|t:|1700538994\n|gametype|doubles\n|player|p1|leafyarrow|selene|1200\n|player|p2|thrushery2|hilbert|1104\n|teamsize|p1|6\n|teamsize|p2|6\n|gen|9\n|tier|[Gen 9] VGC 2023 Regulation E\n|rated|\n|rule|Species Clause: Limit one of each Pok\u00e9mon\n|rule|Item Clause: Limit one of each item\n|clearpoke\n|poke|p1|Enamorus-Therian, L50, F|\n|poke|p1|Ursaluna, L50, F|\n|poke|p1|Indeedee-F, L50, F|\n|poke|p1|Armarouge, L50, M|\n|poke|p1|Gallade, L50, M|\n|poke|p1|Staraptor, L50, M|\n|poke|p2|Regieleki, L50|\n|poke|p2|Chi-Yu, L50|\n|poke|p2|Tornadus, L50, M|\n|poke|p2|Indeedee-F, L50, F|\n|poke|p2|Ogerpon-Wellspring, L50, F|\n|poke|p2|Flutter Mane, L50|\n|teampreview|4\nleafyarrow has agreed to open team sheets.\nthrushery2 has agreed to open team sheets.\n|\n|t:|1700539047\n|start\n|switch|p1a: Indeedee|Indeedee-F, L50, F|100\/100\n|switch|p1b: Gallade|Gallade, L50, M|100\/100\n|switch|p2a: Regieleki|Regieleki, L50|100\/100\n|switch|p2b: Chi-Yu|Chi-Yu, L50|100\/100\n|-ability|p2b: Chi-Yu|Beads of Ruin\n|-fieldstart|move: Psychic Terrain|[from] ability: Psychic Surge|[of] p1a: Indeedee\n|-enditem|p1a: Indeedee|Psychic Seed\n|-boost|p1a: Indeedee|spd|1|[from] item: Psychic Seed\n|turn|1\n|\n|t:|1700539072\n|-terastallize|p2b: Chi-Yu|Fire\n|-terastallize|p1b: Gallade|Fire\n|move|p1b: Gallade|Wide Guard|p1b: Gallade\n|-singleturn|p1b: Gallade|Wide Guard\n|move|p2a: Regieleki|Electroweb|p1a: Indeedee|[spread] \n|-activate|p1a: Indeedee|move: Wide Guard\n|-activate|p1b: Gallade|move: Wide Guard\n|move|p2b: Chi-Yu|Heat Wave|p1b: Gallade|[spread] \n|-activate|p1a: Indeedee|move: Wide Guard\n|-activate|p1b: Gallade|move: Wide Guard\n|move|p1a: Indeedee|Trick Room|p1a: Indeedee\n|-fieldstart|move: Trick Room|[of] p1a: Indeedee\n|\n|upkeep\n|turn|2\n|\n|t:|1700539112\n|switch|p1a: Ursaluna|Ursaluna, L50, F|100\/100\n|move|p1b: Gallade|Psycho Cut|p2b: Chi-Yu\n|-damage|p2b: Chi-Yu|0 fnt\n|faint|p2b: Chi-Yu\n|move|p2a: Regieleki|Thunderbolt|p1b: Gallade\n|-damage|p1b: Gallade|45\/100\n|\n|-status|p1a: Ursaluna|brn|[from] item: Flame Orb\n|upkeep\n|\n|t:|1700539120\n|switch|p2b: Flutter Mane|Flutter Mane, L50|100\/100\n|turn|3\n|inactive|Battle timer is ON: inactive players will automatically lose when time's up. (requested by thrushery2)\n|\n|t:|1700539136\n|move|p2b: Flutter Mane|Protect|p2b: Flutter Mane\n|-singleturn|p2b: Flutter Mane|Protect\n|move|p2a: Regieleki|Protect|p2a: Regieleki\n|-singleturn|p2a: Regieleki|Protect\n|move|p1a: Ursaluna|Facade|p2a: Regieleki\n|-activate|p2a: Regieleki|move: Protect\n|move|p1b: Gallade|Psycho Cut|p2b: Flutter Mane\n|-activate|p2b: Flutter Mane|move: Protect\n|\n|-damage|p1a: Ursaluna|95\/100 brn|[from] brn\n|upkeep\n|turn|4\n|inactive|leafyarrow has 30 seconds left.\n|\n|t:|1700539168\n|switch|p2a: Indeedee|Indeedee-F, L50, F|100\/100\n|-enditem|p2a: Indeedee|Psychic Seed\n|-boost|p2a: Indeedee|spd|1|[from] item: Psychic Seed\n|move|p1b: Gallade|Wide Guard|p1b: Gallade\n|-singleturn|p1b: Gallade|Wide Guard\n|move|p1a: Ursaluna|Earthquake|p2b: Flutter Mane|[spread] p2a,p2b\n|-activate|p1b: Gallade|move: Wide Guard\n|-damage|p2a: Indeedee|39\/100\n|-enditem|p2b: Flutter Mane|Focus Sash\n|-damage|p2b: Flutter Mane|1\/100\n|move|p2b: Flutter Mane|Shadow Ball|p1b: Gallade\n|-damage|p1b: Gallade|4\/100\n|\n|-damage|p1a: Ursaluna|89\/100 brn|[from] brn\n|upkeep\n|turn|5\n|inactive|leafyarrow has 30 seconds left.\n|\n|t:|1700539193\n|switch|p1a: Indeedee|Indeedee-F, L50, F|100\/100\n|move|p2a: Indeedee|Protect|p2a: Indeedee\n|-singleturn|p2a: Indeedee|Protect\n|move|p2b: Flutter Mane|Protect|p2b: Flutter Mane\n|-singleturn|p2b: Flutter Mane|Protect\n|move|p1b: Gallade|Psycho Cut|p2b: Flutter Mane\n|-activate|p2b: Flutter Mane|move: Protect\n|\n|-fieldend|move: Trick Room\n|-fieldend|move: Psychic Terrain\n|upkeep\n|turn|6\n|\n|t:|1700539217\n|switch|p1b: Armarouge|Armarouge, L50, M|100\/100\n|move|p2a: Indeedee|Helping Hand|p2b: Flutter Mane\n|-singleturn|p2b: Flutter Mane|Helping Hand|[of] p2a: Indeedee\n|move|p2b: Flutter Mane|Moonblast|p1a: Indeedee\n|-damage|p1a: Indeedee|29\/100\n|move|p1a: Indeedee|Dazzling Gleam|p2b: Flutter Mane|[spread] p2a,p2b\n|-crit|p2a: Indeedee\n|-damage|p2a: Indeedee|19\/100\n|-damage|p2b: Flutter Mane|0 fnt\n|faint|p2b: Flutter Mane\n|-end|p2b: Flutter Mane|Protosynthesis|[silent]\n|\n|upkeep\n|\n|t:|1700539229\n|switch|p2b: Regieleki|Regieleki, L50|100\/100\n|turn|7\n|\n|t:|1700539246\n|move|p1a: Indeedee|Follow Me|p1a: Indeedee\n|-singleturn|p1a: Indeedee|move: Follow Me\n|move|p2b: Regieleki|Electroweb|p1b: Armarouge|[spread] p1a,p1b\n|-damage|p1a: Indeedee|3\/100\n|-damage|p1b: Armarouge|70\/100\n|-unboost|p1a: Indeedee|spe|1\n|-unboost|p1b: Armarouge|spe|1\n|move|p2a: Indeedee|Psychic|p1a: Indeedee\n|-resisted|p1a: Indeedee\n|-damage|p1a: Indeedee|0 fnt\n|faint|p1a: Indeedee\n|move|p1b: Armarouge|Trick Room|p1b: Armarouge\n|-fieldstart|move: Trick Room|[of] p1b: Armarouge\n|\n|upkeep\n|\n|t:|1700539263\n|switch|p1a: Ursaluna|Ursaluna, L50, F|89\/100 brn\n|turn|8\n|\n|t:|1700539270\n|move|p2a: Indeedee|Protect|p2a: Indeedee\n|-singleturn|p2a: Indeedee|Protect\n|move|p2b: Regieleki|Protect|p2b: Regieleki\n|-singleturn|p2b: Regieleki|Protect\n|move|p1a: Ursaluna|Facade|p2b: Regieleki\n|-activate|p2b: Regieleki|move: Protect\n|move|p1b: Armarouge|Armor Cannon|p2a: Indeedee\n|-activate|p2a: Indeedee|move: Protect\n|\n|-damage|p1a: Ursaluna|83\/100 brn|[from] brn\n|upkeep\n|turn|9\n|\n|t:|1700539286\n|move|p2a: Indeedee|Protect|p2a: Indeedee\n|-singleturn|p2a: Indeedee|Protect\n|move|p2b: Regieleki|Protect|p2b: Regieleki\n|-singleturn|p2b: Regieleki|Protect\n|move|p1a: Ursaluna|Facade|p2b: Regieleki\n|-activate|p2b: Regieleki|move: Protect\n|move|p1b: Armarouge|Armor Cannon|p2a: Indeedee\n|-activate|p2a: Indeedee|move: Protect\n|\n|-damage|p1a: Ursaluna|77\/100 brn|[from] brn\n|upkeep\n|turn|10\n|c|\u2606thrushery2|LOL\n|inactive|thrushery2 has 30 seconds left.\n|\n|t:|1700539316\n|move|p2a: Indeedee|Protect||[still]\n|-fail|p2a: Indeedee\n|move|p2b: Regieleki|Protect||[still]\n|-fail|p2b: Regieleki\n|move|p1a: Ursaluna|Facade|p2b: Regieleki\n|-damage|p2b: Regieleki|0 fnt\n|faint|p2b: Regieleki\n|move|p1b: Armarouge|Armor Cannon|p2a: Indeedee\n|-damage|p2a: Indeedee|0 fnt\n|-unboost|p1b: Armarouge|def|1\n|-unboost|p1b: Armarouge|spd|1\n|faint|p2a: Indeedee\n|\n|win|leafyarrow\n|raw|leafyarrow's rating: 1200 &rarr; <strong>1218<\/strong><br \/>(+18 for winning)\n|raw|thrushery2's rating: 1104 &rarr; <strong>1086<\/strong><br \/>(-18 for losing)\n|c|\u2606thrushery2|gg\n|c|\u2606leafyarrow|gg\n","uploadtime":1700539331,"views":10,"p1id":"leafyarrow","p2id":"thrushery2","formatid":"gen9vgc2023regulatione","rating":1086,"private":0,"password":""}