{"id":"gen9vgc2023regulatione-2000617172","p1":"CooledOregon","p2":"TwoTailedBox","format":"[Gen 9] VGC 2023 Regulation E","log":"|j|\u2606CooledOregon\n|j|\u2606TwoTailedBox\n|t:|1701210963\n|gametype|doubles\n|player|p1|CooledOregon|101|1139\n|player|p2|TwoTailedBox|266|1128\n|teamsize|p1|5\n|teamsize|p2|6\n|gen|9\n|tier|[Gen 9] VGC 2023 Regulation E\n|rated|\n|rule|Species Clause: Limit one of each Pok\u00e9mon\n|rule|Item Clause: Limit one of each item\n|clearpoke\n|poke|p1|Landorus-Therian, L50, M|\n|poke|p1|Goodra-Hisui, L50, M|\n|poke|p1|Zoroark-Hisui, L50, F|\n|poke|p1|Ditto, L50|\n|poke|p1|Clefairy, L50, M|\n|poke|p2|Shiftry, L50, M|\n|poke|p2|Articuno, L50|\n|poke|p2|Ninetales-Alola, L50, F|\n|poke|p2|Heatran, L50, M|\n|poke|p2|Landorus-Therian, L50, M|\n|poke|p2|Ogerpon, L50, F|\n|teampreview|4\n|inactive|Battle timer is ON: inactive players will automatically lose when time's up. (requested by CooledOregon)\n|inactive|CooledOregon has 60 seconds left.\n|\n|t:|1701211011\n|start\n|switch|p1a: Mongolfiera|Goodra-Hisui, L50, M|100\/100\n|switch|p1b: Landorus|Landorus-Therian, L50, M|100\/100\n|switch|p2a: Ninetales|Ninetales-Alola, L50, F|100\/100\n|switch|p2b: Shiftry|Shiftry, L50, M|100\/100\n|-weather|Snow|[from] ability: Snow Warning|[of] p2a: Ninetales\n|-ability|p1b: Landorus|Intimidate|boost\n|-unboost|p2a: Ninetales|atk|1\n|-unboost|p2b: Shiftry|atk|1\n|turn|1\n|\n|t:|1701211025\n|switch|p1b: Clefairy|Clefairy, L50, M|100\/100\n|move|p2b: Shiftry|Fake Out|p1a: Mongolfiera\n|-resisted|p1a: Mongolfiera\n|-damage|p1a: Mongolfiera|97\/100\n|move|p2a: Ninetales|Aurora Veil|p2a: Ninetales\n|-sidestart|p2: TwoTailedBox|move: Aurora Veil\n|cant|p1a: Mongolfiera|flinch\n|\n|-weather|Snow|[upkeep]\n|upkeep\n|turn|2\n|\n|t:|1701211042\n|move|p1b: Clefairy|Protect|p1b: Clefairy\n|-singleturn|p1b: Clefairy|Protect\n|move|p2a: Ninetales|Blizzard|p1a: Mongolfiera|[spread] p1a\n|-activate|p1b: Clefairy|move: Protect\n|-damage|p1a: Mongolfiera|86\/100\n|move|p2b: Shiftry|Knock Off|p1a: Mongolfiera\n|-crit|p1a: Mongolfiera\n|-damage|p1a: Mongolfiera|37\/100\n|-enditem|p1a: Mongolfiera|Assault Vest|[from] move: Knock Off|[of] p2b: Shiftry\n|move|p1a: Mongolfiera|Flash Cannon|p2a: Ninetales\n|-supereffective|p2a: Ninetales\n|-damage|p2a: Ninetales|0 fnt\n|faint|p2a: Ninetales\n|\n|-weather|Snow|[upkeep]\n|upkeep\n|\n|t:|1701211060\n|switch|p2a: Landorus|Landorus-Therian, L50, M|100\/100\n|-ability|p2a: Landorus|Intimidate|boost\n|-unboost|p1a: Mongolfiera|atk|1\n|-unboost|p1b: Clefairy|atk|1\n|turn|3\n|\n|t:|1701211071\n|switch|p2b: Articuno|Articuno, L50|100\/100\n|switch|p1a: Landorus|Landorus-Therian, L50, M|100\/100\n|-ability|p1a: Landorus|Intimidate|boost\n|-unboost|p2a: Landorus|atk|1\n|-unboost|p2b: Articuno|atk|1\n|move|p2a: Landorus|Earthquake|p1a: Landorus|[spread] p1b\n|-immune|p2b: Articuno\n|-immune|p1a: Landorus\n|-crit|p1b: Clefairy\n|-damage|p1b: Clefairy|39\/100\n|move|p1b: Clefairy|Moonblast|p2b: Articuno\n|-damage|p2b: Articuno|89\/100\n|\n|-weather|Snow|[upkeep]\n|upkeep\n|turn|4\n|inactive|CooledOregon has 30 seconds left.\n|inactive|TwoTailedBox has 30 seconds left.\n|\n|t:|1701211104\n|-terastallize|p2b: Articuno|Fire\n|-terastallize|p1a: Landorus|Flying\n|move|p1b: Clefairy|Helping Hand|p1a: Landorus\n|-singleturn|p1a: Landorus|Helping Hand|[of] p1b: Clefairy\n|move|p2a: Landorus|Earthquake|p1a: Landorus|[spread] p2b,p1b\n|-immune|p1a: Landorus\n|-supereffective|p2b: Articuno\n|-damage|p2b: Articuno|52\/100\n|-damage|p1b: Clefairy|10\/100\n|move|p2b: Articuno|Tailwind|p2b: Articuno\n|-sidestart|p2: TwoTailedBox|move: Tailwind\n|move|p1a: Landorus|Rock Slide|p2b: Articuno|[spread] p2a\n|-miss|p1a: Landorus|p2b: Articuno\n|-damage|p2a: Landorus|83\/100\n|\n|-weather|Snow|[upkeep]\n|upkeep\n|turn|5\n|\n|t:|1701211129\n|move|p1b: Clefairy|Protect|p1b: Clefairy\n|-singleturn|p1b: Clefairy|Protect\n|move|p2a: Landorus|Rock Slide|p1a: Landorus|[spread] p1a\n|-activate|p1b: Clefairy|move: Protect\n|-supereffective|p1a: Landorus\n|-damage|p1a: Landorus|80\/100\n|move|p2b: Articuno|Blizzard|p1b: Clefairy|[spread] p1a\n|-activate|p1b: Clefairy|move: Protect\n|-supereffective|p1a: Landorus\n|-damage|p1a: Landorus|23\/100\n|move|p1a: Landorus|Rock Slide|p2a: Landorus|[spread] p2a\n|-miss|p1a: Landorus|p2b: Articuno\n|-damage|p2a: Landorus|69\/100\n|\n|-weather|none\n|upkeep\n|turn|6\n|inactive|CooledOregon has 30 seconds left.\n|\n|t:|1701211163\n|switch|p1a: Mongolfiera|Goodra-Hisui, L50, M|37\/100\n|move|p2a: Landorus|Rock Slide|p1a: Mongolfiera|[spread] p1a\n|-miss|p2a: Landorus|p1b: Clefairy\n|-resisted|p1a: Mongolfiera\n|-damage|p1a: Mongolfiera|32\/100\n|move|p2b: Articuno|Freeze-Dry|p1a: Mongolfiera\n|-damage|p1a: Mongolfiera|13\/100\n|move|p1b: Clefairy|Moonblast|p2b: Articuno\n|-resisted|p2b: Articuno\n|-damage|p2b: Articuno|45\/100\n|\n|upkeep\n|turn|7\n|inactive|CooledOregon has 30 seconds left.\n|\n|t:|1701211189\n|move|p2b: Articuno|Protect|p2b: Articuno\n|-singleturn|p2b: Articuno|Protect\n|move|p1b: Clefairy|Follow Me|p1b: Clefairy\n|-singleturn|p1b: Clefairy|move: Follow Me\n|move|p2a: Landorus|Earthquake|p1b: Clefairy|[spread] p1a,p1b\n|-activate|p2b: Articuno|move: Protect\n|-supereffective|p1a: Mongolfiera\n|-damage|p1a: Mongolfiera|0 fnt\n|-damage|p1b: Clefairy|0 fnt\n|faint|p1a: Mongolfiera\n|faint|p1b: Clefairy\n|\n|-sideend|p2: TwoTailedBox|move: Tailwind\n|upkeep\n|\n|t:|1701211200\n|switch|p1a: Landorus|Landorus-Therian, L50, M|100\/100\n|switch|p1b: Landorus|Landorus-Therian, L50, M, tera:Flying|23\/100\n|-ability|p1b: Landorus|Intimidate|boost\n|-unboost|p2a: Landorus|atk|1\n|-unboost|p2b: Articuno|atk|1\n|-start|p1a: Landorus|typechange|Flying|[silent]\n|turn|8\n|inactive|TwoTailedBox has 30 seconds left.\n|\n|t:|1701211227\n|switch|p2a: Shiftry|Shiftry, L50, M|100\/100\n|move|p1a: Landorus|Hyper Voice|p2b: Articuno|[spread] p2a,p2b\n|-damage|p2a: Shiftry|62\/100\n|-damage|p2b: Articuno|28\/100\n|move|p2b: Articuno|Tailwind|p2b: Articuno\n|-sidestart|p2: TwoTailedBox|move: Tailwind\n|-ability|p2a: Shiftry|Wind Rider|boost\n|-boost|p2a: Shiftry|atk|1\n|move|p1b: Landorus|Rock Slide|p2b: Articuno|[spread] p2a,p2b\n|-supereffective|p2b: Articuno\n|-damage|p2a: Shiftry|40\/100\n|-damage|p2b: Articuno|6\/100\n|\n|-sideend|p2: TwoTailedBox|move: Aurora Veil\n|upkeep\n|turn|9\n|\n|t:|1701211251\n|move|p2a: Shiftry|Icy Wind|p1a: Landorus|[spread] p1a,p1b\n|-supereffective|p1b: Landorus\n|-damage|p1a: Landorus|84\/100\n|-damage|p1b: Landorus|8\/100\n|-unboost|p1a: Landorus|spe|1\n|-unboost|p1b: Landorus|spe|1\n|replace|p1a: Zoroark|Zoroark-Hisui, L50, F\n|-end|p1a: Zoroark|Illusion\n|move|p2b: Articuno|Freeze-Dry|p1a: Zoroark\n|-damage|p1a: Zoroark|6\/100\n|move|p1a: Zoroark|Hyper Voice|p2b: Articuno|[spread] p2a,p2b\n|-damage|p2a: Shiftry|0 fnt\n|-damage|p2b: Articuno|0 fnt\n|faint|p2a: Shiftry\n|faint|p2b: Articuno\n|move|p1b: Landorus|U-turn|p2: Shiftry|[notarget]\n|-fail|p1b: Landorus\n|\n|upkeep\n|\n|t:|1701211267\n|switch|p2b: Landorus|Landorus-Therian, L50, M|69\/100\n|-ability|p2b: Landorus|Intimidate|boost\n|-unboost|p1a: Zoroark|atk|1\n|-unboost|p1b: Landorus|atk|1\n|turn|10\n|\n|t:|1701211275\n|move|p2b: Landorus|Rock Slide|p1a: Zoroark|[spread] p1a,p1b\n|-supereffective|p1b: Landorus\n|-damage|p1a: Zoroark|0 fnt\n|-damage|p1b: Landorus|0 fnt\n|faint|p1a: Zoroark\n|faint|p1b: Landorus\n|\n|win|TwoTailedBox\n|raw|CooledOregon's rating: 1139 &rarr; <strong>1113<\/strong><br \/>(-26 for losing)\n|raw|TwoTailedBox's rating: 1128 &rarr; <strong>1154<\/strong><br \/>(+26 for winning)\n","uploadtime":1701211283,"views":7,"p1id":"cooledoregon","p2id":"twotailedbox","formatid":"gen9vgc2023regulatione","rating":1113,"private":0,"password":""}