{"id":"gen9vgc2023regulatione-1990087867","p1":"FAMILIARCOL","p2":"Saulinho_P1","format":"[Gen 9] VGC 2023 Regulation E","log":"|j|\u2606FAMILIARCOL\n|j|\u2606Saulinho_P1\n|t:|1699923221\n|gametype|doubles\n|player|p1|FAMILIARCOL|pokemonranger-gen4|1591\n|player|p2|Saulinho_P1|will|1503\n|teamsize|p1|6\n|teamsize|p2|6\n|gen|9\n|tier|[Gen 9] VGC 2023 Regulation E\n|rated|\n|rule|Species Clause: Limit one of each Pok\u00e9mon\n|rule|Item Clause: Limit one of each item\n|clearpoke\n|poke|p1|Urshifu-*, L50, F|\n|poke|p1|Flutter Mane, L50|\n|poke|p1|Chi-Yu, L50|\n|poke|p1|Dragonite, L50, M|\n|poke|p1|Tornadus, L50, M|\n|poke|p1|Sinistcha, L50|\n|poke|p2|Roaring Moon, L50|\n|poke|p2|Arcanine-Hisui, L50, F|\n|poke|p2|Gholdengo, L50|\n|poke|p2|Iron Hands, L50|\n|poke|p2|Landorus, L50, M|\n|poke|p2|Ogerpon-Wellspring, L50, F|\n|teampreview|4\n|inactive|Battle timer is ON: inactive players will automatically lose when time's up. (requested by FAMILIARCOL)\nSaulinho_P1 has agreed to open team sheets.\n|inactive|FAMILIARCOL has 60 seconds left.\n|inactive|Saulinho_P1 has 60 seconds left.\n|inactive|Saulinho_P1 has 30 seconds left.\n|\n|t:|1699923291\n|start\n|switch|p1a: Flutter Mane|Flutter Mane, L50, shiny|100\/100\n|switch|p1b: Tornadus|Tornadus, L50, M|100\/100\n|switch|p2a: Arcanine|Arcanine-Hisui, L50, F|100\/100\n|switch|p2b: Roaring Moon|Roaring Moon, L50|100\/100\n|-ability|p2a: Arcanine|Intimidate|boost\n|-unboost|p1a: Flutter Mane|atk|1\n|-unboost|p1b: Tornadus|atk|1\n|-enditem|p2b: Roaring Moon|Booster Energy\n|-activate|p2b: Roaring Moon|ability: Protosynthesis|[fromitem]\n|-start|p2b: Roaring Moon|protosynthesisspe\n|turn|1\n|\n|t:|1699923311\n|-terastallize|p2b: Roaring Moon|Poison\n|-terastallize|p1a: Flutter Mane|Fairy\n|move|p1b: Tornadus|Tailwind|p1b: Tornadus\n|-sidestart|p1: FAMILIARCOL|move: Tailwind\n|move|p1a: Flutter Mane|Dazzling Gleam|p2a: Arcanine|[spread] p2a,p2b\n|-resisted|p2a: Arcanine\n|-resisted|p2b: Roaring Moon\n|-damage|p2a: Arcanine|58\/100\n|-damage|p2b: Roaring Moon|68\/100\n|move|p2b: Roaring Moon|Tailwind|p2b: Roaring Moon\n|-sidestart|p2: Saulinho_P1|move: Tailwind\n|move|p2a: Arcanine|Rock Slide|p1a: Flutter Mane|[spread] p1a,p1b\n|-supereffective|p1b: Tornadus\n|-damage|p1a: Flutter Mane|26\/100\n|-damage|p1b: Tornadus|0 fnt\n|faint|p1b: Tornadus\n|\n|upkeep\n|\n|t:|1699923330\n|switch|p1b: Urshifu|Urshifu-Rapid-Strike, L50, F|100\/100\n|turn|2\n|\n|t:|1699923352\n|switch|p2a: Ogerpon|Ogerpon-Wellspring, L50, F|100\/100\n|move|p2b: Roaring Moon|Knock Off|p1a: Flutter Mane\n|-resisted|p1a: Flutter Mane\n|-crit|p1a: Flutter Mane\n|-damage|p1a: Flutter Mane|0 fnt\n|-enditem|p1a: Flutter Mane|Choice Specs|[from] move: Knock Off|[of] p2b: Roaring Moon\n|faint|p1a: Flutter Mane\n|-end|p1a: Flutter Mane|Protosynthesis|[silent]\n|move|p1b: Urshifu|Surging Strikes|p2b: Roaring Moon\n|-crit|p2b: Roaring Moon\n|-damage|p2b: Roaring Moon|39\/100\n|-crit|p2b: Roaring Moon\n|-damage|p2b: Roaring Moon|8\/100\n|-crit|p2b: Roaring Moon\n|-damage|p2b: Roaring Moon|0 fnt\n|faint|p2b: Roaring Moon\n|-end|p2b: Roaring Moon|Protosynthesis|[silent]\n|-hitcount|p2: Roaring Moon|3\n|\n|upkeep\n|j| tezminator\n|\n|t:|1699923373\n|switch|p2b: Arcanine|Arcanine-Hisui, L50, F|58\/100\n|switch|p1a: Dragonite|Dragonite, L50, M, shiny|100\/100\n|-ability|p2b: Arcanine|Intimidate|boost\n|-unboost|p1a: Dragonite|atk|1\n|-unboost|p1b: Urshifu|atk|1\n|turn|3\n|\n|t:|1699923390\n|move|p2a: Ogerpon|Follow Me|p2a: Ogerpon\n|-singleturn|p2a: Ogerpon|move: Follow Me\n|move|p1b: Urshifu|Aqua Jet|p2a: Ogerpon\n|-immune|p2a: Ogerpon|[from] ability: Water Absorb\n|move|p2b: Arcanine|Rock Slide|p1a: Dragonite|[spread] p1a,p1b\n|-supereffective|p1a: Dragonite\n|-resisted|p1b: Urshifu\n|-crit|p1b: Urshifu\n|-damage|p1a: Dragonite|56\/100\n|-damage|p1b: Urshifu|71\/100\n|move|p1a: Dragonite|Dragon Dance|p1a: Dragonite\n|-boost|p1a: Dragonite|atk|1\n|-boost|p1a: Dragonite|spe|1\n|\n|upkeep\n|turn|4\n|\n|t:|1699923415\n|move|p1b: Urshifu|Detect|p1b: Urshifu\n|-singleturn|p1b: Urshifu|Protect\n|move|p1a: Dragonite|Extreme Speed|p2a: Ogerpon\n|-damage|p2a: Ogerpon|69\/100\n|move|p2a: Ogerpon|Follow Me|p2a: Ogerpon\n|-singleturn|p2a: Ogerpon|move: Follow Me\n|move|p2b: Arcanine|Rock Slide|p1a: Dragonite|[spread] p1a\n|-activate|p1b: Urshifu|move: Protect\n|-supereffective|p1a: Dragonite\n|-damage|p1a: Dragonite|0 fnt\n|faint|p1a: Dragonite\n|\n|-sideend|p2: Saulinho_P1|move: Tailwind\n|-sideend|p1: FAMILIARCOL|move: Tailwind\n|upkeep\n|turn|5\n|l| tezminator\n|\n|t:|1699923439\n|switch|p2b: Iron Hands|Iron Hands, L50|100\/100\n|move|p2a: Ogerpon|Horn Leech|p1b: Urshifu\n|-supereffective|p1b: Urshifu\n|-damage|p1b: Urshifu|0 fnt\n|-heal|p2a: Ogerpon|100\/100|[from] drain|[of] p1b: Urshifu\n|faint|p1b: Urshifu\n|\n|win|Saulinho_P1\n|raw|FAMILIARCOL's rating: 1591 &rarr; <strong>1566<\/strong><br \/>(-25 for losing)\n|raw|Saulinho_P1's rating: 1503 &rarr; <strong>1528<\/strong><br \/>(+25 for winning)\n","uploadtime":1699923462,"views":20,"p1id":"familiarcol","p2id":"saulinhop1","formatid":"gen9vgc2023regulatione","rating":1528,"private":0,"password":""}