{"id":"gen9vgc2023regulatione-1991783495","p1":"R2AktionP","p2":"5Sscreen","format":"[Gen 9] VGC 2023 Regulation E","log":"|j|\u2606R2AktionP\n|j|\u26065Sscreen\n|t:|1700116556\n|gametype|doubles\n|player|p1|R2AktionP|266|1046\n|player|p2|5Sscreen|pokekid|1109\n|teamsize|p1|6\n|teamsize|p2|6\n|gen|9\n|tier|[Gen 9] VGC 2023 Regulation E\n|rated|\n|rule|Species Clause: Limit one of each Pok\u00e9mon\n|rule|Item Clause: Limit one of each item\n|clearpoke\n|poke|p1|Politoed, L50, M|\n|poke|p1|Spectrier, L50|\n|poke|p1|Arcanine-Hisui, L50, M|\n|poke|p1|Farigiraf, L50, F|\n|poke|p1|Grimmsnarl, L50, M|\n|poke|p1|Gholdengo, L50|\n|poke|p2|Annihilape, L50, M|\n|poke|p2|Sinistcha, L50|\n|poke|p2|Grimmsnarl, L50, M|\n|poke|p2|Landorus-Therian, L50, M|\n|poke|p2|Bellibolt, L50, M|\n|poke|p2|Corviknight, L50, M|\n|teampreview|4\n|\n|t:|1700116591\n|start\n|switch|p1a: Spectrier|Spectrier, L50|100\/100\n|switch|p1b: Grimmsnarl|Grimmsnarl, L50, M, shiny|100\/100\n|switch|p2a: Grimmsnarl|Grimmsnarl, L50, M, shiny|100\/100\n|switch|p2b: Bellibolt|Bellibolt, L50, M, shiny|100\/100\n|turn|1\n|\n|t:|1700116614\n|move|p1b: Grimmsnarl|Fake Out|p2a: Grimmsnarl\n|-damage|p2a: Grimmsnarl|89\/100\n|cant|p2a: Grimmsnarl|flinch\n|move|p1a: Spectrier|Nasty Plot|p1a: Spectrier\n|-boost|p1a: Spectrier|spa|2\n|move|p2b: Bellibolt|Thunderbolt|p1a: Spectrier\n|-damage|p1a: Spectrier|60\/100\n|\n|-heal|p1a: Spectrier|66\/100|[from] item: Leftovers\n|upkeep\n|turn|2\n|\n|t:|1700116645\n|-terastallize|p1a: Spectrier|Steel\n|move|p1b: Grimmsnarl|Light Screen|p1b: Grimmsnarl\n|-sidestart|p1: R2AktionP|move: Light Screen\n|move|p2a: Grimmsnarl|Light Screen|p2a: Grimmsnarl\n|-sidestart|p2: 5Sscreen|move: Light Screen\n|move|p1a: Spectrier|Tera Blast|p2a: Grimmsnarl|[anim] Tera Blast Steel\n|-supereffective|p2a: Grimmsnarl\n|-damage|p2a: Grimmsnarl|0 fnt\n|faint|p2a: Grimmsnarl\n|-ability|p1a: Spectrier|Grim Neigh|boost\n|-boost|p1a: Spectrier|spa|1\n|move|p2b: Bellibolt|Thunderbolt|p1a: Spectrier\n|-crit|p1a: Spectrier\n|-damage|p1a: Spectrier|11\/100\n|\n|-heal|p1a: Spectrier|18\/100|[from] item: Leftovers\n|upkeep\n|\n|t:|1700116658\n|switch|p2a: Annihilape|Annihilape, L50, M|100\/100\n|turn|3\n|\n|t:|1700116666\n|move|p2a: Annihilape|Protect|p2a: Annihilape\n|-singleturn|p2a: Annihilape|Protect\n|move|p1b: Grimmsnarl|Reflect|p1b: Grimmsnarl\n|-sidestart|p1: R2AktionP|Reflect\n|move|p1a: Spectrier|Shadow Ball|p2a: Annihilape\n|-activate|p2a: Annihilape|move: Protect\n|move|p2b: Bellibolt|Parabolic Charge|p1b: Grimmsnarl|[spread] p1a,p1b\n|-activate|p2a: Annihilape|move: Protect\n|-damage|p1a: Spectrier|3\/100\n|-damage|p1b: Grimmsnarl|91\/100\n|\n|-heal|p1a: Spectrier|9\/100|[from] item: Leftovers\n|upkeep\n|turn|4\n|\n|t:|1700116694\n|switch|p1b: Gholdengo|Gholdengo, L50|100\/100\n|-terastallize|p2a: Annihilape|Fire\n|move|p1a: Spectrier|Shadow Ball|p2a: Annihilape\n|-damage|p2a: Annihilape|42\/100\n|-unboost|p2a: Annihilape|spd|1\n|-ability|p2a: Annihilape|Defiant|boost\n|-boost|p2a: Annihilape|atk|2\n|move|p2a: Annihilape|Drain Punch|p1a: Spectrier\n|-supereffective|p1a: Spectrier\n|-crit|p1a: Spectrier\n|-damage|p1a: Spectrier|0 fnt\n|-heal|p2a: Annihilape|46\/100|[from] drain|[of] p1a: Spectrier\n|faint|p1a: Spectrier\n|move|p2b: Bellibolt|Thunderbolt|p1b: Gholdengo\n|-damage|p1b: Gholdengo|82\/100\n|\n|-heal|p2a: Annihilape|52\/100|[from] item: Leftovers\n|upkeep\n|\n|t:|1700116712\n|switch|p1a: Arcanine|Arcanine-Hisui, L50, M|100\/100\n|-ability|p1a: Arcanine|Intimidate|boost\n|-unboost|p2a: Annihilape|atk|1\n|-ability|p2a: Annihilape|Defiant|boost\n|-boost|p2a: Annihilape|atk|2\n|-unboost|p2b: Bellibolt|atk|1\n|turn|5\n|\n|t:|1700116727\n|move|p2a: Annihilape|Protect|p2a: Annihilape\n|-singleturn|p2a: Annihilape|Protect\n|move|p1b: Gholdengo|Protect|p1b: Gholdengo\n|-singleturn|p1b: Gholdengo|Protect\n|move|p1a: Arcanine|Rock Slide|p2b: Bellibolt|[spread] p2b\n|-activate|p2a: Annihilape|move: Protect\n|-damage|p2b: Bellibolt|82\/100\n|-start|p2b: Bellibolt|Charge|Rock Slide|[from] ability: Electromorphosis\n|cant|p2b: Bellibolt|flinch\n|-end|p2b: Bellibolt|Charge|[silent]\n|\n|-heal|p2a: Annihilape|58\/100|[from] item: Leftovers\n|upkeep\n|turn|6\n|\n|t:|1700116749\n|switch|p2a: Sinistcha|Sinistcha, L50|100\/100\n|-heal|p2b: Bellibolt|100\/100|[from] ability: Hospitality|[of] p2a: Sinistcha\n|move|p1a: Arcanine|Extreme Speed|p2a: Sinistcha\n|-immune|p2a: Sinistcha\n|move|p1b: Gholdengo|Make It Rain|p2b: Bellibolt|[spread] p2a,p2b\n|-resisted|p2b: Bellibolt\n|-crit|p2b: Bellibolt\n|-damage|p2a: Sinistcha|66\/100\n|-damage|p2b: Bellibolt|78\/100\n|-unboost|p1b: Gholdengo|spa|1\n|-start|p2b: Bellibolt|Charge|Make It Rain|[from] ability: Electromorphosis\n|move|p2b: Bellibolt|Parabolic Charge|p1b: Gholdengo|[spread] p2a,p1a,p1b\n|-resisted|p2a: Sinistcha\n|-damage|p2a: Sinistcha|53\/100\n|-heal|p2b: Bellibolt|84\/100|[from] drain|[of] p2a: Sinistcha\n|-damage|p1a: Arcanine|85\/100\n|-heal|p2b: Bellibolt|91\/100|[from] drain|[of] p1a: Arcanine\n|-damage|p1b: Gholdengo|61\/100\n|-heal|p2b: Bellibolt|100\/100|[from] drain|[of] p1b: Gholdengo\n|-end|p2b: Bellibolt|Charge|[silent]\n|\n|upkeep\n|turn|7\n|\n|t:|1700116787\n|switch|p1b: Grimmsnarl|Grimmsnarl, L50, M, shiny|91\/100\n|move|p2a: Sinistcha|Protect|p2a: Sinistcha\n|-singleturn|p2a: Sinistcha|Protect\n|move|p1a: Arcanine|Flare Blitz|p2a: Sinistcha\n|-activate|p2a: Sinistcha|move: Protect\n|move|p2b: Bellibolt|Parabolic Charge|p1b: Grimmsnarl|[spread] p1a,p1b\n|-activate|p2a: Sinistcha|move: Protect\n|-damage|p1a: Arcanine|78\/100\n|-damage|p1b: Grimmsnarl|80\/100\n|\n|upkeep\n|turn|8\n|\n|t:|1700116809\n|switch|p2a: Annihilape|Annihilape, L50, M, tera:Fire|58\/100\n|move|p1b: Grimmsnarl|Fake Out|p2b: Bellibolt\n|-damage|p2b: Bellibolt|93\/100\n|-start|p2b: Bellibolt|Charge|Fake Out|[from] ability: Electromorphosis\n|move|p1a: Arcanine|Flare Blitz|p2a: Annihilape\n|-resisted|p2a: Annihilape\n|-damage|p2a: Annihilape|34\/100\n|-damage|p1a: Arcanine|69\/100|[from] Recoil\n|cant|p2b: Bellibolt|flinch\n|\n|-heal|p2a: Annihilape|40\/100|[from] item: Leftovers\n|upkeep\n|turn|9\n|\n|t:|1700116831\n|switch|p1b: Gholdengo|Gholdengo, L50|61\/100\n|move|p2a: Annihilape|Protect|p2a: Annihilape\n|-singleturn|p2a: Annihilape|Protect\n|move|p1a: Arcanine|Rock Slide|p2b: Bellibolt|[spread] p2b\n|-activate|p2a: Annihilape|move: Protect\n|-damage|p2b: Bellibolt|74\/100\n|-start|p2b: Bellibolt|Charge|Rock Slide|[from] ability: Electromorphosis\n|move|p2b: Bellibolt|Parabolic Charge|p1b: Gholdengo|[spread] p1a,p1b\n|-activate|p2a: Annihilape|move: Protect\n|-damage|p1a: Arcanine|54\/100\n|-heal|p2b: Bellibolt|81\/100|[from] drain|[of] p1a: Arcanine\n|-damage|p1b: Gholdengo|40\/100\n|-heal|p2b: Bellibolt|91\/100|[from] drain|[of] p1b: Gholdengo\n|-end|p2b: Bellibolt|Charge|[silent]\n|\n|-heal|p2a: Annihilape|46\/100|[from] item: Leftovers\n|-sideend|p1: R2AktionP|move: Light Screen\n|-sideend|p2: 5Sscreen|move: Light Screen\n|upkeep\n|turn|10\n|\n|t:|1700116864\n|switch|p2b: Sinistcha|Sinistcha, L50|53\/100\n|-heal|p2a: Annihilape|71\/100|[from] ability: Hospitality|[of] p2b: Sinistcha\n|move|p2a: Annihilape|Drain Punch|p1a: Arcanine\n|-supereffective|p1a: Arcanine\n|-damage|p1a: Arcanine|11\/100\n|-heal|p2a: Annihilape|92\/100|[from] drain|[of] p1a: Arcanine\n|move|p1a: Arcanine|Snarl|p2a: Annihilape|[spread] p2a,p2b\n|-supereffective|p2b: Sinistcha\n|-damage|p2a: Annihilape|85\/100\n|-damage|p2b: Sinistcha|36\/100\n|-unboost|p2a: Annihilape|spa|1\n|-ability|p2a: Annihilape|Defiant|boost\n|-boost|p2a: Annihilape|atk|2\n|-unboost|p2b: Sinistcha|spa|1\n|-enditem|p2b: Sinistcha|Sitrus Berry|[eat]\n|-heal|p2b: Sinistcha|61\/100|[from] item: Sitrus Berry\n|move|p1b: Gholdengo|Make It Rain|p2a: Annihilape|[spread] p2a,p2b\n|-resisted|p2a: Annihilape\n|-damage|p2a: Annihilape|63\/100\n|-damage|p2b: Sinistcha|11\/100\n|-unboost|p1b: Gholdengo|spa|1\n|\n|-heal|p2a: Annihilape|70\/100|[from] item: Leftovers\n|-sideend|p1: R2AktionP|Reflect\n|upkeep\n|turn|11\n|\n|t:|1700116895\n|move|p2b: Sinistcha|Protect|p2b: Sinistcha\n|-singleturn|p2b: Sinistcha|Protect\n|move|p1a: Arcanine|Extreme Speed|p2a: Annihilape\n|-damage|p2a: Annihilape|45\/100\n|move|p2a: Annihilape|Drain Punch|p1a: Arcanine\n|-supereffective|p1a: Arcanine\n|-damage|p1a: Arcanine|0 fnt\n|-heal|p2a: Annihilape|50\/100|[from] drain|[of] p1a: Arcanine\n|faint|p1a: Arcanine\n|move|p1b: Gholdengo|Shadow Ball|p2b: Sinistcha\n|-activate|p2b: Sinistcha|move: Protect\n|\n|-heal|p2a: Annihilape|57\/100|[from] item: Leftovers\n|upkeep\n|\n|t:|1700116911\n|switch|p1a: Grimmsnarl|Grimmsnarl, L50, M, shiny|80\/100\n|turn|12\n|\n|t:|1700116923\n|switch|p2b: Bellibolt|Bellibolt, L50, M, shiny|91\/100\n|move|p2a: Annihilape|Protect|p2a: Annihilape\n|-singleturn|p2a: Annihilape|Protect\n|move|p1a: Grimmsnarl|Fake Out|p2a: Annihilape\n|-activate|p2a: Annihilape|move: Protect\n|move|p1b: Gholdengo|Shadow Ball|p2b: Bellibolt\n|-damage|p2b: Bellibolt|75\/100\n|-start|p2b: Bellibolt|Charge|Shadow Ball|[from] ability: Electromorphosis\n|\n|-heal|p2a: Annihilape|63\/100|[from] item: Leftovers\n|upkeep\n|turn|13\n|\n|t:|1700116956\n|move|p1b: Gholdengo|Protect|p1b: Gholdengo\n|-singleturn|p1b: Gholdengo|Protect\n|move|p1a: Grimmsnarl|Reflect|p1a: Grimmsnarl\n|-sidestart|p1: R2AktionP|Reflect\n|move|p2a: Annihilape|Drain Punch|p1a: Grimmsnarl\n|-damage|p1a: Grimmsnarl|27\/100\n|-heal|p2a: Annihilape|88\/100|[from] drain|[of] p1a: Grimmsnarl\n|move|p2b: Bellibolt|Thunderbolt|p1b: Gholdengo\n|-activate|p1b: Gholdengo|move: Protect\n|-end|p2b: Bellibolt|Charge|[silent]\n|\n|-heal|p2a: Annihilape|94\/100|[from] item: Leftovers\n|upkeep\n|turn|14\n|\n|t:|1700116974\n|move|p2a: Annihilape|Protect|p2a: Annihilape\n|-singleturn|p2a: Annihilape|Protect\n|move|p1b: Gholdengo|Shadow Ball|p2b: Bellibolt\n|-damage|p2b: Bellibolt|59\/100\n|-start|p2b: Bellibolt|Charge|Shadow Ball|[from] ability: Electromorphosis\n|move|p1a: Grimmsnarl|Spirit Break|p2b: Bellibolt\n|-damage|p2b: Bellibolt|36\/100\n|-unboost|p2b: Bellibolt|spa|1\n|-start|p2b: Bellibolt|Charge|Spirit Break|[from] ability: Electromorphosis\n|move|p2b: Bellibolt|Parabolic Charge|p1b: Gholdengo|[spread] p1a,p1b\n|-activate|p2a: Annihilape|move: Protect\n|-damage|p1a: Grimmsnarl|7\/100\n|-heal|p2b: Bellibolt|45\/100|[from] drain|[of] p1a: Grimmsnarl\n|-damage|p1b: Gholdengo|20\/100\n|-heal|p2b: Bellibolt|55\/100|[from] drain|[of] p1b: Gholdengo\n|-end|p2b: Bellibolt|Charge|[silent]\n|\n|-heal|p2a: Annihilape|99\/100|[from] item: Leftovers\n|upkeep\n|turn|15\n|\n|t:|1700117002\n|move|p1a: Grimmsnarl|Light Screen|p1a: Grimmsnarl\n|-sidestart|p1: R2AktionP|move: Light Screen\n|move|p2a: Annihilape|Drain Punch|p1a: Grimmsnarl\n|-damage|p1a: Grimmsnarl|0 fnt\n|-heal|p2a: Annihilape|100\/100|[from] drain|[of] p1a: Grimmsnarl\n|faint|p1a: Grimmsnarl\n|move|p1b: Gholdengo|Shadow Ball|p2b: Bellibolt\n|-damage|p2b: Bellibolt|38\/100\n|-start|p2b: Bellibolt|Charge|Shadow Ball|[from] ability: Electromorphosis\n|move|p2b: Bellibolt|Thunderbolt|p1b: Gholdengo\n|-damage|p1b: Gholdengo|0 fnt\n|faint|p1b: Gholdengo\n|-end|p2b: Bellibolt|Charge|[silent]\n|\n|win|5Sscreen\n|raw|R2AktionP's rating: 1046 &rarr; <strong>1032<\/strong><br \/>(-14 for losing)\n|raw|5Sscreen's rating: 1109 &rarr; <strong>1130<\/strong><br \/>(+21 for winning)\n|l|\u2606R2AktionP\n","uploadtime":1700117018,"views":20,"p1id":"r2aktionp","p2id":"5sscreen","formatid":"gen9vgc2023regulatione","rating":1032,"private":0,"password":""}