{"id":"gen9vgc2023regulatione-1990203239","p1":"Builts","p2":"Vivek Ramamommy","format":"[Gen 9] VGC 2023 Regulation E","log":"|j|\u203dBuilts\n|j|\u2606Vivek Ramamommy\n|t:|1699936828\n|gametype|doubles\n|player|p1|Builts|266|1256\n|player|p2|Vivek Ramamommy|ninjaboy|1168\n|teamsize|p1|6\n|teamsize|p2|6\n|gen|9\n|tier|[Gen 9] VGC 2023 Regulation E\n|rated|\n|rule|Species Clause: Limit one of each Pok\u00e9mon\n|rule|Item Clause: Limit one of each item\n|clearpoke\n|poke|p1|Indeedee-F, L50, F|\n|poke|p1|Armarouge, L50, F|\n|poke|p1|Sylveon, L50, M|\n|poke|p1|Ursaluna, L50, M|\n|poke|p1|Urshifu-*, L50, M|\n|poke|p1|Torkoal, L50, F|\n|poke|p2|Barraskewda, L50, F|\n|poke|p2|Tornadus, L50, M|\n|poke|p2|Tsareena, L50, F|\n|poke|p2|Salamence, L50, F|\n|poke|p2|Gholdengo, L50|\n|poke|p2|Iron Hands, L50|\n|teampreview|4\n|inactive|Battle timer is ON: inactive players will automatically lose when time's up. (requested by Vivek Ramamommy)\n|inactive|Builts also wants the timer to be on.\n|inactive|Vivek Ramamommy has 60 seconds left.\n|\n|t:|1699936870\n|start\n|switch|p1a: Indeedee|Indeedee-F, L50, F|100\/100\n|switch|p1b: Armarouge|Armarouge, L50, F|100\/100\n|switch|p2a: Barraskewda|Barraskewda, L50, F|100\/100\n|switch|p2b: Tsareena|Tsareena, L50, F|100\/100\n|-fieldstart|move: Psychic Terrain|[from] ability: Psychic Surge|[of] p1a: Indeedee\n|-enditem|p1a: Indeedee|Psychic Seed\n|-boost|p1a: Indeedee|spd|1|[from] item: Psychic Seed\n|turn|1\n|inactive|Builts has 30 seconds left.\n|inactive|Builts has 20 seconds left.\n|\n|t:|1699936908\n|-terastallize|p2a: Barraskewda|Water\n|-terastallize|p1b: Armarouge|Grass\n|move|p1a: Indeedee|Follow Me|p1a: Indeedee\n|-singleturn|p1a: Indeedee|move: Follow Me\n|move|p2a: Barraskewda|Flip Turn|p1a: Indeedee\n|-damage|p1a: Indeedee|42\/100\n|-damage|p2a: Barraskewda|91\/100|[from] item: Life Orb\n|\n|t:|1699936916\n|switch|p2a: Gholdengo|Gholdengo, L50|100\/100|[from] Flip Turn\n|move|p2b: Tsareena|Taunt|p1a: Indeedee\n|-start|p1a: Indeedee|move: Taunt\n|move|p1b: Armarouge|Trick Room|p1b: Armarouge\n|-fieldstart|move: Trick Room|[of] p1b: Armarouge\n|\n|upkeep\n|turn|2\n|inactive|Vivek Ramamommy has 30 seconds left.\n|\n|t:|1699936941\n|switch|p1a: Sylveon|Sylveon, L50, M|100\/100\n|move|p1b: Armarouge|Heat Wave|p2a: Gholdengo|[spread] p2a,p2b\n|-supereffective|p2a: Gholdengo\n|-supereffective|p2b: Tsareena\n|-damage|p2a: Gholdengo|16\/100\n|-damage|p2b: Tsareena|46\/100\n|-enditem|p2b: Tsareena|Sitrus Berry|[eat]\n|-heal|p2b: Tsareena|70\/100|[from] item: Sitrus Berry\n|move|p2b: Tsareena|Knock Off|p1b: Armarouge\n|-damage|p1b: Armarouge|75\/100\n|-enditem|p1b: Armarouge|Twisted Spoon|[from] move: Knock Off|[of] p2b: Tsareena\n|move|p2a: Gholdengo|Make It Rain|p1b: Armarouge|[spread] p1a,p1b\n|-supereffective|p1a: Sylveon\n|-damage|p1a: Sylveon|23\/100\n|-damage|p1b: Armarouge|12\/100\n|-unboost|p2a: Gholdengo|spa|1\n|\n|-heal|p2a: Gholdengo|21\/100|[from] item: Leftovers\n|upkeep\n|turn|3\n|\n|t:|1699936963\n|move|p2b: Tsareena|Protect|p2b: Tsareena\n|-singleturn|p2b: Tsareena|Protect\n|move|p2a: Gholdengo|Protect|p2a: Gholdengo\n|-singleturn|p2a: Gholdengo|Protect\n|move|p1a: Sylveon|Hyper Voice|p2a: Gholdengo|[spread] \n|-activate|p2a: Gholdengo|move: Protect\n|-activate|p2b: Tsareena|move: Protect\n|move|p1b: Armarouge|Expanding Force|p2a: Gholdengo|[spread] \n|-activate|p2a: Gholdengo|move: Protect\n|-activate|p2b: Tsareena|move: Protect\n|\n|-heal|p2a: Gholdengo|27\/100|[from] item: Leftovers\n|upkeep\n|turn|4\n|\n|t:|1699936974\n|switch|p2b: Tornadus|Tornadus, L50, M|100\/100\n|move|p1a: Sylveon|Hyper Voice|p2b: Tornadus|[spread] p2a,p2b\n|-resisted|p2a: Gholdengo\n|-damage|p2a: Gholdengo|5\/100\n|-damage|p2b: Tornadus|65\/100\n|-enditem|p1a: Sylveon|Throat Spray\n|-boost|p1a: Sylveon|spa|1|[from] item: Throat Spray\n|move|p1b: Armarouge|Expanding Force|p2b: Tornadus|[spread] p2a,p2b\n|-resisted|p2a: Gholdengo\n|-damage|p2a: Gholdengo|0 fnt\n|-damage|p2b: Tornadus|13\/100\n|faint|p2a: Gholdengo\n|\n|upkeep\n|\n|t:|1699936977\n|switch|p2a: Tsareena|Tsareena, L50, F|70\/100\n|turn|5\n|inactive|Builts has 30 seconds left.\n|\n|t:|1699937004\n|switch|p1b: Ursaluna|Ursaluna, L50, M|100\/100\n|move|p2a: Tsareena|Protect|p2a: Tsareena\n|-singleturn|p2a: Tsareena|Protect\n|move|p2b: Tornadus|Rain Dance|p2b: Tornadus\n|-weather|RainDance\n|move|p1a: Sylveon|Hyper Voice|p2b: Tornadus|[spread] p2b\n|-activate|p2a: Tsareena|move: Protect\n|-damage|p2b: Tornadus|0 fnt\n|faint|p2b: Tornadus\n|\n|-weather|RainDance|[upkeep]\n|-fieldend|move: Trick Room\n|-fieldend|move: Psychic Terrain\n|-status|p1b: Ursaluna|brn|[from] item: Flame Orb\n|upkeep\n|\n|t:|1699937013\n|switch|p2b: Barraskewda|Barraskewda, L50, F, tera:Water|91\/100\n|turn|6\n|\n|t:|1699937034\n|move|p1b: Ursaluna|Protect|p1b: Ursaluna\n|-singleturn|p1b: Ursaluna|Protect\n|move|p2b: Barraskewda|Liquidation|p1b: Ursaluna\n|-activate|p1b: Ursaluna|move: Protect\n|move|p2a: Tsareena|Power Whip|p1a: Sylveon\n|-damage|p1a: Sylveon|0 fnt\n|faint|p1a: Sylveon\n|\n|-weather|RainDance|[upkeep]\n|-damage|p1b: Ursaluna|95\/100 brn|[from] brn\n|upkeep\n|\n|t:|1699937044\n|switch|p1a: Indeedee|Indeedee-F, L50, F|42\/100\n|-fieldstart|move: Psychic Terrain|[from] ability: Psychic Surge|[of] p1a: Indeedee\n|turn|7\n|\n|t:|1699937060\n|move|p2b: Barraskewda|Liquidation|p1b: Ursaluna\n|-supereffective|p1b: Ursaluna\n|-damage|p1b: Ursaluna|0 fnt\n|faint|p1b: Ursaluna\n|-damage|p2b: Barraskewda|82\/100|[from] item: Life Orb\n|move|p2a: Tsareena|Power Whip|p1a: Indeedee|[miss]\n|-miss|p2a: Tsareena|p1a: Indeedee\n|move|p1a: Indeedee|Trick Room|p1a: Indeedee\n|-fieldstart|move: Trick Room|[of] p1a: Indeedee\n|\n|-weather|RainDance|[upkeep]\n|upkeep\n|\n|t:|1699937070\n|switch|p1b: Armarouge|Armarouge, L50, F, tera:Grass|12\/100\n|turn|8\n|\n|t:|1699937078\n|move|p1a: Indeedee|Follow Me|p1a: Indeedee\n|-singleturn|p1a: Indeedee|move: Follow Me\n|move|p1b: Armarouge|Expanding Force|p2a: Tsareena|[spread] p2a,p2b\n|-damage|p2a: Tsareena|23\/100\n|-damage|p2b: Barraskewda|0 fnt\n|faint|p2b: Barraskewda\n|move|p2a: Tsareena|Knock Off|p1a: Indeedee\n|-supereffective|p1a: Indeedee\n|-damage|p1a: Indeedee|9\/100\n|\n|-weather|RainDance|[upkeep]\n|upkeep\n|turn|9\n|\n|t:|1699937093\n|move|p2a: Tsareena|Protect|p2a: Tsareena\n|-singleturn|p2a: Tsareena|Protect\n|move|p1b: Armarouge|Expanding Force|p2a: Tsareena\n|-activate|p2a: Tsareena|move: Protect\n|move|p1a: Indeedee|Dazzling Gleam|p2a: Tsareena\n|-activate|p2a: Tsareena|move: Protect\n|\n|-weather|none\n|upkeep\n|turn|10\n|\n|t:|1699937099\n|move|p2a: Tsareena|Protect||[still]\n|-fail|p2a: Tsareena\n|move|p1b: Armarouge|Expanding Force|p2a: Tsareena\n|-damage|p2a: Tsareena|0 fnt\n|faint|p2a: Tsareena\n|\n|win|Builts\n|raw|Builts's rating: 1256 &rarr; <strong>1275<\/strong><br \/>(+19 for winning)\n|raw|Vivek Ramamommy's rating: 1168 &rarr; <strong>1149<\/strong><br \/>(-19 for losing)\n|l|\u2606Vivek Ramamommy\n","uploadtime":1699937117,"views":15,"p1id":"builts","p2id":"vivekramamommy","formatid":"gen9vgc2023regulatione","rating":1149,"private":0,"password":""}