{"id":"gen9vgc2023regulatione-1996815185","p1":"Morelly","p2":"juhygfdghjhg","format":"[Gen 9] VGC 2023 Regulation E","log":"|j|\u2606Morelly\n|j|\u2606juhygfdghjhg\n|t:|1700729817\n|gametype|doubles\n|player|p1|Morelly|rocketgruntf|1079\n|player|p2|juhygfdghjhg|schoolkid-gen4|1000\n|teamsize|p1|6\n|teamsize|p2|6\n|gen|9\n|tier|[Gen 9] VGC 2023 Regulation E\n|rated|\n|rule|Species Clause: Limit one of each Pok\u00e9mon\n|rule|Item Clause: Limit one of each item\n|clearpoke\n|poke|p1|Sableye, L50, F|\n|poke|p1|Ursaluna-Bloodmoon, L50, M|\n|poke|p1|Indeedee-F, L50, F|\n|poke|p1|Hatterene, L50, F|\n|poke|p1|Armarouge, L50, M|\n|poke|p1|Torkoal, L50, F|\n|poke|p2|Flutter Mane, L50|\n|poke|p2|Farigiraf, L50, F|\n|poke|p2|Shiftry, L50, M|\n|poke|p2|Heatran, L50, F|\n|poke|p2|Noivern, L50, F|\n|poke|p2|Urshifu-*, L50, M|\n|teampreview|4\n|\n|t:|1700729843\n|start\n|switch|p1a: Sableye|Sableye, L50, F|100\/100\n|switch|p1b: Ursaluna|Ursaluna-Bloodmoon, L50, M|100\/100\n|switch|p2a: Noivern|Noivern, L50, F, shiny|100\/100\n|switch|p2b: Shiftry|Shiftry, L50, M|100\/100\n|turn|1\n|\n|t:|1700729868\n|move|p1a: Sableye|Fake Out|p2b: Shiftry\n|-damage|p2b: Shiftry|88\/100\n|move|p2a: Noivern|Tailwind|p2a: Noivern\n|-sidestart|p2: juhygfdghjhg|move: Tailwind\n|-ability|p2b: Shiftry|Wind Rider|boost\n|-boost|p2b: Shiftry|atk|1\n|cant|p2b: Shiftry|flinch\n|move|p1b: Ursaluna|Hyper Voice|p2b: Shiftry|[spread] p2a,p2b\n|-crit|p2a: Noivern\n|-damage|p2a: Noivern|31\/100\n|-damage|p2b: Shiftry|30\/100\n|-enditem|p1b: Ursaluna|Throat Spray\n|-boost|p1b: Ursaluna|spa|1|[from] item: Throat Spray\n|\n|upkeep\n|turn|2\n|\n|t:|1700729892\n|move|p1a: Sableye|Encore|p1b: Ursaluna\n|-start|p1b: Ursaluna|Encore\n|move|p1b: Ursaluna|Hyper Voice|p2b: Shiftry|[spread] p2a,p2b\n|-damage|p2a: Noivern|0 fnt\n|-damage|p2b: Shiftry|0 fnt\n|faint|p2a: Noivern\n|faint|p2b: Shiftry\n|\n|upkeep\n|\n|t:|1700729906\n|switch|p2a: Heatran|Heatran, L50, F|100\/100\n|switch|p2b: Farigiraf|Farigiraf, L50, F, shiny|100\/100\n|turn|3\n|\n|t:|1700729924\n|switch|p1a: Indeedee|Indeedee-F, L50, F|100\/100\n|-fieldstart|move: Psychic Terrain|[from] ability: Psychic Surge|[of] p1a: Indeedee\n|-enditem|p1a: Indeedee|Psychic Seed\n|-boost|p1a: Indeedee|spd|1|[from] item: Psychic Seed\n|switch|p1b: Armarouge|Armarouge, L50, M|100\/100\n|move|p2a: Heatran|Heat Wave|p1a: Indeedee|[spread] p1a\n|-start|p1b: Armarouge|ability: Flash Fire\n|-damage|p1a: Indeedee|69\/100\n|-damage|p2a: Heatran|91\/100|[from] item: Life Orb\n|move|p2b: Farigiraf|Dazzling Gleam|p1a: Indeedee|[spread] p1a,p1b\n|-resisted|p1b: Armarouge\n|-damage|p1a: Indeedee|58\/100\n|-damage|p1b: Armarouge|91\/100\n|\n|upkeep\n|turn|4\n|\n|t:|1700729956\n|move|p2a: Heatran|Earth Power|p1b: Armarouge\n|-supereffective|p1b: Armarouge\n|-damage|p1b: Armarouge|0 fnt\n|faint|p1b: Armarouge\n|-damage|p2a: Heatran|81\/100|[from] item: Life Orb\n|move|p1a: Indeedee|Skill Swap|p2a: Heatran\n|-activate|p1a: Indeedee|move: Skill Swap|Flash Fire|Psychic Surge|[of] p2a: Heatran\n|move|p2b: Farigiraf|Trick Room|p2b: Farigiraf\n|-fieldstart|move: Trick Room|[of] p2b: Farigiraf\n|\n|-sideend|p2: juhygfdghjhg|move: Tailwind\n|upkeep\n|\n|t:|1700729969\n|switch|p1b: Ursaluna|Ursaluna-Bloodmoon, L50, M|100\/100\n|turn|5\n|\n|t:|1700729990\n|move|p2a: Heatran|Protect|p2a: Heatran\n|-singleturn|p2a: Heatran|Protect\n|move|p1a: Indeedee|Follow Me|p1a: Indeedee\n|-singleturn|p1a: Indeedee|move: Follow Me\n|move|p1b: Ursaluna|Earth Power|p2a: Heatran\n|-activate|p2a: Heatran|move: Protect\n|move|p2b: Farigiraf|Trick Room|p2b: Farigiraf\n|-fieldend|move: Trick Room\n|\n|upkeep\n|turn|6\n|\n|t:|1700730006\n|-terastallize|p2a: Heatran|Fairy\n|move|p2a: Heatran|Heat Wave|p1a: Indeedee|[spread] p1b\n|-start|p1a: Indeedee|ability: Flash Fire\n|-damage|p1b: Ursaluna|40\/100\n|-damage|p2a: Heatran|72\/100|[from] item: Life Orb\n|move|p2b: Farigiraf|Dazzling Gleam|p1a: Indeedee|[spread] p1a,p1b\n|-damage|p1a: Indeedee|47\/100\n|-damage|p1b: Ursaluna|17\/100\n|move|p1b: Ursaluna|Earth Power|p2a: Heatran\n|-damage|p2a: Heatran|25\/100\n|move|p1a: Indeedee|Trick Room|p1a: Indeedee\n|-fieldstart|move: Trick Room|[of] p1a: Indeedee\n|\n|upkeep\n|turn|7\n|\n|t:|1700730028\n|move|p1a: Indeedee|Helping Hand|p1b: Ursaluna\n|-singleturn|p1b: Ursaluna|Helping Hand|[of] p1a: Indeedee\n|move|p2a: Heatran|Protect|p2a: Heatran\n|-singleturn|p2a: Heatran|Protect\n|move|p1b: Ursaluna|Hyper Voice|p2b: Farigiraf|[spread] p2b\n|-activate|p2a: Heatran|move: Protect\n|-damage|p2b: Farigiraf|42\/100\n|-enditem|p2b: Farigiraf|Sitrus Berry|[eat]\n|-heal|p2b: Farigiraf|67\/100|[from] item: Sitrus Berry\n|move|p2b: Farigiraf|Dazzling Gleam|p1b: Ursaluna|[spread] p1a,p1b\n|-damage|p1a: Indeedee|37\/100\n|-damage|p1b: Ursaluna|0 fnt\n|faint|p1b: Ursaluna\n|\n|-fieldend|move: Psychic Terrain\n|upkeep\n|-message|Morelly forfeited.\n|\n|win|juhygfdghjhg\n|raw|Morelly's rating: 1079 &rarr; <strong>1052<\/strong><br \/>(-27 for losing)\n|raw|juhygfdghjhg's rating: 1000 &rarr; <strong>1049<\/strong><br \/>(+49 for winning)\n|l|\u2606Morelly\n","uploadtime":1700730074,"views":7,"p1id":"morelly","p2id":"juhygfdghjhg","formatid":"gen9vgc2023regulatione","rating":1049,"private":0,"password":""}