{"id":"gen9vgc2023regulatione-1989351299","p1":"Silenncce","p2":"PurplePhantom_exe","format":"[Gen 9] VGC 2023 Regulation E","log":"|j|\u2606Silenncce\n|j|\u2606PurplePhantom_exe\n|t:|1699839559\n|gametype|doubles\n|player|p1|Silenncce|lucas|\n|player|p2|PurplePhantom_exe|caitlin|\n|teamsize|p1|6\n|teamsize|p2|6\n|gen|9\n|tier|[Gen 9] VGC 2023 Regulation E\n|rule|Species Clause: Limit one of each Pok\u00e9mon\n|rule|Item Clause: Limit one of each item\n|clearpoke\n|poke|p1|Slither Wing, L50|\n|poke|p1|Kleavor, L50, M|\n|poke|p1|Iron Treads, L50|\n|poke|p1|Decidueye-Hisui, L50, M|\n|poke|p1|Toxicroak, L50, M|\n|poke|p1|Raichu, L50, F|\n|poke|p2|Articuno, L50|\n|poke|p2|Altaria, L50, F|\n|poke|p2|Appletun, L50, F|\n|poke|p2|Oricorio-Pa'u, L50, M|\n|poke|p2|Morpeko, L50, M|\n|poke|p2|Revavroom, L50, F|\n|teampreview|4\n|\n|t:|1699839587\n|start\n|switch|p1a: frog|Toxicroak, L50, M|100\/100\n|switch|p1b: rat|Raichu, L50, F|100\/100\n|switch|p2a: Not Sweeping|Oricorio-Pa'u, L50, M, shiny|100\/100\n|switch|p2b: Pee|Altaria, L50, F, shiny|100\/100\n|turn|1\n|\n|t:|1699839606\n|move|p1b: rat|Thunder|p2a: Not Sweeping\n|-supereffective|p2a: Not Sweeping\n|-damage|p2a: Not Sweeping|0 fnt\n|faint|p2a: Not Sweeping\n|move|p1a: frog|Rain Dance|p1a: frog\n|-weather|RainDance\n|move|p2b: Pee|Perish Song|p2b: Pee\n|-start|p1a: frog|perish3|[silent]\n|-start|p1b: rat|perish3|[silent]\n|-start|p2b: Pee|perish3|[silent]\n|-fieldactivate|move: Perish Song\n|\n|-weather|RainDance|[upkeep]\n|-start|p1b: rat|perish3\n|-start|p1a: frog|perish3\n|-start|p2b: Pee|perish3\n|upkeep\n|\n|t:|1699839616\n|switch|p2a: DickRider|Revavroom, L50, F, shiny|100\/100\n|-item|p2a: DickRider|Air Balloon\n|turn|2\n|\n|t:|1699839645\n|-terastallize|p2a: DickRider|Ground\n|move|p1b: rat|Thunder|p2b: Pee\n|-damage|p2b: Pee|51\/100\n|move|p2a: DickRider|Shift Gear|p2a: DickRider\n|-boost|p2a: DickRider|spe|2\n|-boost|p2a: DickRider|atk|1\n|move|p1a: frog|Focus Blast|p2a: DickRider\n|-damage|p2a: DickRider|25\/100\n|-enditem|p2a: DickRider|Air Balloon\n|move|p2b: Pee|Fire Spin|p1b: rat\n|-damage|p1b: rat|96\/100\n|-activate|p1b: rat|move: Fire Spin|[of] p2b: Pee\n|\n|-weather|RainDance|[upkeep]\n|-damage|p1b: rat|84\/100|[from] move: Fire Spin|[partiallytrapped]\n|-start|p1b: rat|perish2\n|-start|p1a: frog|perish2\n|-start|p2b: Pee|perish2\n|upkeep\n|turn|3\n|j| rytheyan\n|j| DarkenedKira\n|\n|t:|1699839672\n|switch|p2b: Luvdick|Articuno, L50, shiny|100\/100\n|-ability|p2b: Luvdick|Pressure\n|move|p2a: DickRider|High Horsepower|p1a: frog\n|-supereffective|p1a: frog\n|-damage|p1a: frog|0 fnt\n|faint|p1a: frog\n|move|p1b: rat|Surf|p2b: Luvdick|[spread] p2a,p2b\n|-supereffective|p2a: DickRider\n|-damage|p2a: DickRider|0 fnt\n|-damage|p2b: Luvdick|79\/100\n|faint|p2a: DickRider\n|\n|-weather|RainDance|[upkeep]\n|-end|p1b: rat|Fire Spin|[partiallytrapped]|[silent]\n|-start|p1b: rat|perish1\n|upkeep\n|\n|t:|1699839689\n|switch|p2a: Pee|Altaria, L50, F, shiny|51\/100\n|switch|p1a: elephant|Iron Treads, L50, shiny|100\/100\n|turn|4\n|\n|t:|1699839741\n|move|p1a: elephant|Heavy Slam|p2a: Pee\n|-damage|p2a: Pee|11\/100\n|move|p1b: rat|Thunder|p2b: Luvdick\n|-supereffective|p2b: Luvdick\n|-damage|p2b: Luvdick|0 fnt\n|faint|p2b: Luvdick\n|move|p2a: Pee|Roost|p2a: Pee\n|-heal|p2a: Pee|61\/100\n|-singleturn|p2a: Pee|move: Roost\n|\n|-weather|RainDance|[upkeep]\n|-start|p1b: rat|perish0\n|upkeep\n|faint|p1b: rat\n|c| rytheyan|you cant change teams in a round\n|\n|t:|1699839752\n|switch|p1b: bug|Slither Wing, L50|100\/100\n|-enditem|p1b: bug|Booster Energy\n|-activate|p1b: bug|ability: Protosynthesis|[fromitem]\n|-start|p1b: bug|protosynthesisatk\n|turn|5\n|\n|t:|1699839775\n|move|p1a: elephant|Heavy Slam|p2a: Pee\n|-damage|p2a: Pee|21\/100\n|move|p2a: Pee|Fire Spin|p1b: bug\n|-supereffective|p1b: bug\n|-damage|p1b: bug|97\/100\n|-activate|p1b: bug|move: Fire Spin|[of] p2a: Pee\n|move|p1b: bug|U-turn|p2a: Pee\n|-resisted|p2a: Pee\n|-damage|p2a: Pee|0 fnt\n|faint|p2a: Pee\n|\n|win|Silenncce\n|l|\u2606PurplePhantom_exe\n","uploadtime":1699839821,"views":8,"p1id":"silenncce","p2id":"purplephantomexe","formatid":"gen9vgc2023regulatione","rating":0,"private":0,"password":""}