{"id":"gen9vgc2023regulatione-1992991727","p1":"hnefl","p2":"Parmajon06","format":"[Gen 9] VGC 2023 Regulation E","log":"|j|\u2606hnefl\n|j|\u2606Parmajon06\n|t:|1700253422\n|gametype|doubles\n|player|p1|hnefl|2|1316\n|player|p2|Parmajon06|170|1301\n|teamsize|p1|6\n|teamsize|p2|6\n|gen|9\n|tier|[Gen 9] VGC 2023 Regulation E\n|rated|\n|rule|Species Clause: Limit one of each Pok\u00e9mon\n|rule|Item Clause: Limit one of each item\n|clearpoke\n|poke|p1|Flutter Mane, L50|\n|poke|p1|Chi-Yu, L50|\n|poke|p1|Tornadus, L50, M|\n|poke|p1|Gholdengo, L50|\n|poke|p1|Landorus-Therian, L50, M|\n|poke|p1|Ogerpon-Hearthflame, L50, F|\n|poke|p2|Urshifu-*, L50, F|\n|poke|p2|Ogerpon-Hearthflame, L50, F|\n|poke|p2|Farigiraf, L50, M|\n|poke|p2|Okidogi, L50, M|\n|poke|p2|Clefairy, L50, M|\n|poke|p2|Ursaluna-Bloodmoon, L50, M|\n|teampreview|4\n|inactive|Battle timer is ON: inactive players will automatically lose when time's up. (requested by Parmajon06)\n|\n|t:|1700253449\n|start\n|switch|p1a: Chi-Yu|Chi-Yu, L50|100\/100\n|switch|p1b: Flutter Mane|Flutter Mane, L50|100\/100\n|switch|p2a: Urshifu|Urshifu-Rapid-Strike, L50, F|100\/100\n|switch|p2b: Ogerpon|Ogerpon-Hearthflame, L50, F|100\/100\n|-ability|p1a: Chi-Yu|Beads of Ruin\n|-ability|p2b: Ogerpon|Mold Breaker\n|turn|1\n|\n|t:|1700253471\n|move|p2a: Urshifu|Surging Strikes|p1a: Chi-Yu\n|-supereffective|p1a: Chi-Yu\n|-crit|p1a: Chi-Yu\n|-damage|p1a: Chi-Yu|41\/100\n|-supereffective|p1a: Chi-Yu\n|-crit|p1a: Chi-Yu\n|-damage|p1a: Chi-Yu|0 fnt\n|faint|p1a: Chi-Yu\n|-hitcount|p1: Chi-Yu|2\n|move|p1b: Flutter Mane|Dazzling Gleam|p2b: Ogerpon|[spread] p2a,p2b\n|-supereffective|p2a: Urshifu\n|-resisted|p2b: Ogerpon\n|-damage|p2a: Urshifu|0 fnt\n|-damage|p2b: Ogerpon|71\/100\n|faint|p2a: Urshifu\n|move|p2b: Ogerpon|Ivy Cudgel|p1b: Flutter Mane|[anim] Ivy Cudgel Fire\n|-damage|p1b: Flutter Mane|0 fnt\n|faint|p1b: Flutter Mane\n|-end|p1b: Flutter Mane|Protosynthesis|[silent]\n|\n|upkeep\n|\n|t:|1700253489\n|switch|p1b: Landorus|Landorus-Therian, L50, M|100\/100\n|switch|p2a: Clefairy|Clefairy, L50, M|100\/100\n|switch|p1a: Gholdengo|Gholdengo, L50|100\/100\n|-ability|p1b: Landorus|Intimidate|boost\n|-unboost|p2a: Clefairy|atk|1\n|-unboost|p2b: Ogerpon|atk|1\n|-item|p1a: Gholdengo|Air Balloon\n|turn|2\n|\n|t:|1700253506\n|-terastallize|p1b: Landorus|Flying\n|move|p2a: Clefairy|Helping Hand|p2b: Ogerpon\n|-singleturn|p2b: Ogerpon|Helping Hand|[of] p2a: Clefairy\n|move|p1a: Gholdengo|Protect|p1a: Gholdengo\n|-singleturn|p1a: Gholdengo|Protect\n|move|p2b: Ogerpon|Ivy Cudgel|p1a: Gholdengo|[anim] Ivy Cudgel Fire\n|-activate|p1a: Gholdengo|move: Protect\n|move|p1b: Landorus|Tera Blast|p2b: Ogerpon|[anim] Tera Blast Flying\n|-supereffective|p2b: Ogerpon\n|-damage|p2b: Ogerpon|0 fnt\n|faint|p2b: Ogerpon\n|\n|upkeep\n|\n|t:|1700253519\n|switch|p2b: Okidogi|Okidogi, L50, M|100\/100\n|turn|3\n|\n|t:|1700253532\n|-terastallize|p2b: Okidogi|Water\n|move|p2a: Clefairy|Follow Me|p2a: Clefairy\n|-singleturn|p2a: Clefairy|move: Follow Me\n|move|p1b: Landorus|Stomping Tantrum|p2a: Clefairy\n|-damage|p2a: Clefairy|60\/100\n|move|p1a: Gholdengo|Make It Rain|p2b: Okidogi|[spread] p2a,p2b\n|-supereffective|p2a: Clefairy\n|-resisted|p2b: Okidogi\n|-crit|p2b: Okidogi\n|-damage|p2a: Clefairy|0 fnt\n|-damage|p2b: Okidogi|84\/100\n|-unboost|p1a: Gholdengo|spa|1\n|faint|p2a: Clefairy\n|move|p2b: Okidogi|Ice Punch|p1b: Landorus\n|-supereffective|p1b: Landorus\n|-damage|p1b: Landorus|39\/100\n|\n|upkeep\n|turn|4\n|\n|t:|1700253552\n|move|p1b: Landorus|Protect|p1b: Landorus\n|-singleturn|p1b: Landorus|Protect\n|move|p1a: Gholdengo|Nasty Plot|p1a: Gholdengo\n|-boost|p1a: Gholdengo|spa|2\n|move|p2b: Okidogi|Ice Punch|p1b: Landorus\n|-activate|p1b: Landorus|move: Protect\n|\n|upkeep\n|turn|5\n|\n|t:|1700253565\n|move|p1b: Landorus|Tera Blast|p2b: Okidogi|[anim] Tera Blast Flying\n|-damage|p2b: Okidogi|23\/100\n|move|p1a: Gholdengo|Shadow Ball|p2b: Okidogi\n|-damage|p2b: Okidogi|0 fnt\n|faint|p2b: Okidogi\n|\n|win|hnefl\n|raw|hnefl's rating: 1316 &rarr; <strong>1335<\/strong><br \/>(+19 for winning)\n|raw|Parmajon06's rating: 1301 &rarr; <strong>1282<\/strong><br \/>(-19 for losing)\n|l|\u2606Parmajon06\n","uploadtime":1700253575,"views":9,"p1id":"hnefl","p2id":"parmajon06","formatid":"gen9vgc2023regulatione","rating":1282,"private":0,"password":""}