{"id":"gen9vgc2023regulatione-1991825308","p1":"el_papas2893","p2":"Just Kamiru","format":"[Gen 9] VGC 2023 Regulation E","log":"|j|\u2606el_papas2893\n|j|\u2606Just Kamiru\n|t:|1700124065\n|gametype|doubles\n|player|p1|el_papas2893|gambler|1161\n|player|p2|Just Kamiru|marnie-masters|1114\n|teamsize|p1|6\n|teamsize|p2|6\n|gen|9\n|tier|[Gen 9] VGC 2023 Regulation E\n|rated|\n|rule|Species Clause: Limit one of each Pok\u00e9mon\n|rule|Item Clause: Limit one of each item\n|clearpoke\n|poke|p1|Sinistcha, L50|\n|poke|p1|Arcanine-Hisui, L50, M|\n|poke|p1|Tornadus, L50, M|\n|poke|p1|Muk-Alola, L50, F|\n|poke|p1|Rotom-Wash, L50|\n|poke|p1|Annihilape, L50, M|\n|poke|p2|Golem-Alola, L50, F|\n|poke|p2|Rabsca, L50, M|\n|poke|p2|Flutter Mane, L50|\n|poke|p2|Chi-Yu, L50|\n|poke|p2|Torkoal, L50, M|\n|poke|p2|Brute Bonnet, L50|\n|teampreview|4\n|inactive|Battle timer is ON: inactive players will automatically lose when time's up. (requested by Just Kamiru)\nJust Kamiru rejected open team sheets.\n|j| Sending you love\n|inactive|el_papas2893 has 60 seconds left.\n|\n|t:|1700124100\n|start\n|switch|p1a: Arcanine|Arcanine-Hisui, L50, M|100\/100\n|switch|p1b: Tornadus|Tornadus, L50, M|100\/100\n|switch|p2a: Chi-Yu|Chi-Yu, L50|100\/100\n|switch|p2b: Torkoal|Torkoal, L50, M, shiny|100\/100\n|-ability|p2a: Chi-Yu|Beads of Ruin\n|-ability|p1a: Arcanine|Intimidate|boost\n|-unboost|p2a: Chi-Yu|atk|1\n|-unboost|p2b: Torkoal|atk|1\n|-weather|SunnyDay|[from] ability: Drought|[of] p2b: Torkoal\n|turn|1\n|inactive|Just Kamiru has 30 seconds left.\n|inactive|Just Kamiru has 20 seconds left.\n|\n|t:|1700124139\n|move|p1b: Tornadus|Leer|p2a: Chi-Yu|[spread] p2b\n|-hint|Since gen 7, Dark is immune to Prankster moves.\n|-immune|p2a: Chi-Yu\n|-unboost|p2b: Torkoal|def|1\n|move|p2a: Chi-Yu|Heat Wave|p1b: Tornadus|[spread] p1a,p1b\n|-resisted|p1a: Arcanine\n|-damage|p1a: Arcanine|63\/100\n|-damage|p1b: Tornadus|0 fnt\n|faint|p1b: Tornadus\n|move|p1a: Arcanine|Rock Slide|p2b: Torkoal|[spread] p2b\n|-miss|p1a: Arcanine|p2a: Chi-Yu\n|-supereffective|p2b: Torkoal\n|-damage|p2b: Torkoal|9\/100\n|cant|p2b: Torkoal|flinch\n|\n|-weather|SunnyDay|[upkeep]\n|upkeep\n|\n|t:|1700124157\n|switch|p1b: Rotom|Rotom-Wash, L50|100\/100\n|turn|2\n|c|\u2606Just Kamiru|god fucking dammit\n|\n|t:|1700124169\n|switch|p2b: Brute Bonnet|Brute Bonnet, L50, shiny|100\/100\n|-activate|p2b: Brute Bonnet|ability: Protosynthesis\n|-start|p2b: Brute Bonnet|protosynthesisspd\n|-terastallize|p2a: Chi-Yu|Fire\n|move|p2a: Chi-Yu|Heat Wave|p1b: Rotom|[spread] p1a,p1b\n|-resisted|p1a: Arcanine\n|-resisted|p1b: Rotom\n|-damage|p1a: Arcanine|13\/100\n|-damage|p1b: Rotom|16\/100\n|-status|p1b: Rotom|brn\n|move|p1a: Arcanine|Rock Slide|p2a: Chi-Yu|[spread] p2a,p2b\n|-supereffective|p2a: Chi-Yu\n|-damage|p2a: Chi-Yu|0 fnt\n|-damage|p2b: Brute Bonnet|65\/100\n|faint|p2a: Chi-Yu\n|move|p1b: Rotom|Eerie Impulse|p2b: Brute Bonnet\n|-unboost|p2b: Brute Bonnet|spa|2\n|\n|-weather|SunnyDay|[upkeep]\n|-heal|p2b: Brute Bonnet|71\/100|[from] item: Leftovers\n|-damage|p1b: Rotom|9\/100 brn|[from] brn\n|upkeep\n|\n|t:|1700124173\n|switch|p2a: Flutter Mane|Flutter Mane, L50, shiny|100\/100\n|-activate|p2a: Flutter Mane|ability: Protosynthesis\n|-start|p2a: Flutter Mane|protosynthesisspa\n|turn|3\n|inactive|el_papas2893 has 30 seconds left.\n|\n|t:|1700124202\n|switch|p1a: Muk|Muk-Alola, L50, F|100\/100\n|move|p2a: Flutter Mane|Shadow Ball|p1a: Muk\n|-resisted|p1a: Muk\n|-damage|p1a: Muk|74\/100\n|move|p1b: Rotom|Will-O-Wisp|p2b: Brute Bonnet|[miss]\n|-miss|p1b: Rotom|p2b: Brute Bonnet\n|move|p2b: Brute Bonnet|Hex|p1b: Rotom\n|-damage|p1b: Rotom|0 fnt\n|faint|p1b: Rotom\n|-ability|p1a: Muk|Levitate|[from] ability: Power of Alchemy|[of] p1b: Rotom\n|\n|-weather|SunnyDay|[upkeep]\n|-heal|p2b: Brute Bonnet|77\/100|[from] item: Leftovers\n|upkeep\n|l| Sending you love\n|\n|t:|1700124220\n|switch|p1b: Arcanine|Arcanine-Hisui, L50, M|13\/100\n|-ability|p1b: Arcanine|Intimidate|boost\n|-unboost|p2a: Flutter Mane|atk|1\n|-unboost|p2b: Brute Bonnet|atk|1\n|turn|4\n|\n|t:|1700124242\n|-terastallize|p1b: Arcanine|Fairy\n|move|p2a: Flutter Mane|Shadow Ball|p1b: Arcanine\n|-damage|p1b: Arcanine|0 fnt\n|faint|p1b: Arcanine\n|move|p2b: Brute Bonnet|Spore|p1a: Muk\n|-status|p1a: Muk|slp|[from] move: Spore\n|cant|p1a: Muk|slp\n|\n|-weather|SunnyDay|[upkeep]\n|-heal|p2b: Brute Bonnet|83\/100|[from] item: Leftovers\n|upkeep\n|turn|5\n|-message|el_papas2893 forfeited.\n|\n|win|Just Kamiru\n|raw|el_papas2893's rating: 1161 &rarr; <strong>1133<\/strong><br \/>(-28 for losing)\n|raw|Just Kamiru's rating: 1114 &rarr; <strong>1142<\/strong><br \/>(+28 for winning)\n","uploadtime":1700124160,"views":17,"p1id":"elpapas2893","p2id":"justkamiru","formatid":"gen9vgc2023regulatione","rating":1133,"private":0,"password":""}