{"id":"gen9vgc2023regulatione-1991508738","p1":"jaehaerys_the_old","p2":"BobbyBottleservice","format":"[Gen 9] VGC 2023 Regulation E","log":"|j|\u2606jaehaerys_the_old\n|j|\u2606BobbyBottleservice\n|t:|1700083413\n|gametype|doubles\n|player|p1|jaehaerys_the_old|266|1619\n|player|p2|BobbyBottleservice|jessiejames-gen1|1602\n|teamsize|p1|6\n|teamsize|p2|6\n|gen|9\n|tier|[Gen 9] VGC 2023 Regulation E\n|rated|\n|rule|Species Clause: Limit one of each Pok\u00e9mon\n|rule|Item Clause: Limit one of each item\n|clearpoke\n|poke|p1|Indeedee-F, L50, F|\n|poke|p1|Armarouge, L50, M|\n|poke|p1|Ursaluna, L50, F|\n|poke|p1|Torkoal, L50, F|\n|poke|p1|Urshifu-*, L50, F|\n|poke|p1|Roaring Moon, L50|\n|poke|p2|Kommo-o, L50, M|\n|poke|p2|Tyranitar, L50, M|\n|poke|p2|Rillaboom, L50, F|\n|poke|p2|Flutter Mane, L50|\n|poke|p2|Arcanine-Hisui, L50, M|\n|poke|p2|Cresselia, L50, F|\n|teampreview|4\n|j| Asacado\n|\n|t:|1700083444\n|start\n|switch|p1a: Urshifu|Urshifu-Rapid-Strike, L50, F|100\/100\n|switch|p1b: Armarouge|Armarouge, L50, M|100\/100\n|switch|p2a: Flutter Mane|Flutter Mane, L50|100\/100\n|switch|p2b: Arcanine|Arcanine-Hisui, L50, M|100\/100\n|-ability|p2b: Arcanine|Intimidate|boost\n|-unboost|p1a: Urshifu|atk|1\n|-unboost|p1b: Armarouge|atk|1\n|turn|1\n|\n|t:|1700083468\n|-terastallize|p1a: Urshifu|Water\n|move|p1b: Armarouge|Endure|p1b: Armarouge\n|-singleturn|p1b: Armarouge|move: Endure\n|move|p1a: Urshifu|Surging Strikes|p2a: Flutter Mane\n|-crit|p2a: Flutter Mane\n|-damage|p2a: Flutter Mane|46\/100\n|-crit|p2a: Flutter Mane\n|-damage|p2a: Flutter Mane|0 fnt\n|faint|p2a: Flutter Mane\n|-end|p2a: Flutter Mane|Protosynthesis|[silent]\n|-hitcount|p2: Flutter Mane|2\n|move|p2b: Arcanine|Rock Slide|p1b: Armarouge|[spread] p1b\n|-miss|p2b: Arcanine|p1a: Urshifu\n|-supereffective|p1b: Armarouge\n|-damage|p1b: Armarouge|61\/100\n|-ability|p1b: Armarouge|Weak Armor|boost\n|-unboost|p1b: Armarouge|def|1\n|-boost|p1b: Armarouge|spe|2\n|-enditem|p1b: Armarouge|Weakness Policy\n|-boost|p1b: Armarouge|atk|2|[from] item: Weakness Policy\n|-boost|p1b: Armarouge|spa|2|[from] item: Weakness Policy\n|\n|upkeep\n|\n|t:|1700083476\n|switch|p2a: Cresselia|Cresselia, L50, F|100\/100\n|turn|2\n|\n|t:|1700083488\n|switch|p1a: Indeedee|Indeedee-F, L50, F|100\/100\n|-fieldstart|move: Psychic Terrain|[from] ability: Psychic Surge|[of] p1a: Indeedee\n|-enditem|p1a: Indeedee|Psychic Seed\n|-boost|p1a: Indeedee|spd|1|[from] item: Psychic Seed\n|-terastallize|p2b: Arcanine|Water\n|move|p2b: Arcanine|Protect|p2b: Arcanine\n|-singleturn|p2b: Arcanine|Protect\n|move|p1b: Armarouge|Expanding Force|p2b: Arcanine|[spread] p2a\n|-activate|p2b: Arcanine|move: Protect\n|-resisted|p2a: Cresselia\n|-damage|p2a: Cresselia|63\/100\n|move|p2a: Cresselia|Trick Room|p2a: Cresselia\n|-fieldstart|move: Trick Room|[of] p2a: Cresselia\n|\n|upkeep\n|turn|3\n|inactive|Battle timer is ON: inactive players will automatically lose when time's up. (requested by BobbyBottleservice)\n|\n|t:|1700083515\n|move|p1b: Armarouge|Endure|p1b: Armarouge\n|-singleturn|p1b: Armarouge|move: Endure\n|move|p2a: Cresselia|Moonblast|p1b: Armarouge\n|-resisted|p1b: Armarouge\n|-damage|p1b: Armarouge|51\/100\n|-unboost|p1b: Armarouge|spa|1\n|move|p2b: Arcanine|Rock Slide|p1a: Indeedee|[spread] p1a,p1b\n|-supereffective|p1b: Armarouge\n|-damage|p1a: Indeedee|73\/100\n|-activate|p1b: Armarouge|move: Endure\n|-damage|p1b: Armarouge|1\/100\n|-ability|p1b: Armarouge|Weak Armor|boost\n|-unboost|p1b: Armarouge|def|1\n|-boost|p1b: Armarouge|spe|2\n|move|p1a: Indeedee|Trick Room|p1a: Indeedee\n|-fieldend|move: Trick Room\n|\n|upkeep\n|turn|4\n|\n|t:|1700083540\n|move|p1a: Indeedee|Helping Hand|p1b: Armarouge\n|-singleturn|p1b: Armarouge|Helping Hand|[of] p1a: Indeedee\n|move|p2b: Arcanine|Protect|p2b: Arcanine\n|-singleturn|p2b: Arcanine|Protect\n|move|p1b: Armarouge|Expanding Force|p2b: Arcanine|[spread] p2a\n|-activate|p2b: Arcanine|move: Protect\n|-resisted|p2a: Cresselia\n|-damage|p2a: Cresselia|16\/100\n|move|p2a: Cresselia|Icy Wind|p1a: Indeedee|[spread] p1a,p1b\n|-resisted|p1b: Armarouge\n|-damage|p1a: Indeedee|69\/100\n|-damage|p1b: Armarouge|0 fnt\n|-unboost|p1a: Indeedee|spe|1\n|faint|p1b: Armarouge\n|\n|upkeep\n|j| stridesvgc\n|\n|t:|1700083553\n|switch|p1b: Urshifu|Urshifu-Rapid-Strike, L50, F, tera:Water|100\/100\n|turn|5\n|\n|t:|1700083561\n|move|p1b: Urshifu|U-turn|p2a: Cresselia\n|-supereffective|p2a: Cresselia\n|-damage|p2a: Cresselia|0 fnt\n|faint|p2a: Cresselia\n|\n|t:|1700083564\n|switch|p1b: Ursaluna|Ursaluna, L50, F|100\/100|[from] U-turn\n|move|p2b: Arcanine|Will-O-Wisp|p1b: Ursaluna\n|-status|p1b: Ursaluna|brn\n|move|p1a: Indeedee|Trick Room|p1a: Indeedee\n|-fieldstart|move: Trick Room|[of] p1a: Indeedee\n|\n|-damage|p1b: Ursaluna|95\/100 brn|[from] brn\n|upkeep\n|\n|t:|1700083571\n|switch|p2a: Tyranitar|Tyranitar, L50, M|100\/100\n|-weather|Sandstorm|[from] ability: Sand Stream|[of] p2a: Tyranitar\n|turn|6\n|\n|t:|1700083590\n|move|p1a: Indeedee|Helping Hand|p1b: Ursaluna\n|-singleturn|p1b: Ursaluna|Helping Hand|[of] p1a: Indeedee\n|move|p1b: Ursaluna|Brick Break|p2a: Tyranitar\n|-supereffective|p2a: Tyranitar\n|-damage|p2a: Tyranitar|0 fnt\n|faint|p2a: Tyranitar\n|move|p2b: Arcanine|Rock Slide|p1a: Indeedee|[spread] p1a,p1b\n|-resisted|p1b: Ursaluna\n|-damage|p1a: Indeedee|42\/100\n|-damage|p1b: Ursaluna|87\/100 brn\n|\n|-weather|Sandstorm|[upkeep]\n|-damage|p1a: Indeedee|36\/100|[from] Sandstorm\n|-damage|p2b: Arcanine|94\/100|[from] Sandstorm\n|-damage|p1b: Ursaluna|81\/100 brn|[from] brn\n|-fieldend|move: Psychic Terrain\n|upkeep\n|turn|7\n|c|\u2606jaehaerys_the_old|gg\n|l|\u2606BobbyBottleservice\n|inactive|BobbyBottleservice disconnected and has a minute to reconnect!\n|player|p2|\n|inactive|BobbyBottleservice has 30 seconds left.\n|inactive|BobbyBottleservice has 20 seconds left.\n|inactive|BobbyBottleservice has 15 seconds left.\n|inactive|BobbyBottleservice has 10 seconds left.\n|inactive|BobbyBottleservice has 5 seconds left.\n|-message|BobbyBottleservice lost due to inactivity.\n|\n|win|jaehaerys_the_old\n|raw|jaehaerys_the_old's rating: 1619 &rarr; <strong>1638<\/strong><br \/>(+19 for winning)\n|raw|BobbyBottleservice's rating: 1602 &rarr; <strong>1583<\/strong><br \/>(-19 for losing)\n|l|\u2606jaehaerys_the_old\n","uploadtime":1700083683,"views":10,"p1id":"jaehaerystheold","p2id":"bobbybottleservice","formatid":"gen9vgc2023regulatione","rating":1583,"private":0,"password":""}