{"id":"gen9vgc2023regulatione-1994269420","p1":"gtg-nimbus","p2":"Kapurehires","format":"[Gen 9] VGC 2023 Regulation E","log":"|j|\u2606gtg-nimbus\n|j|\u2606Kapurehires\n|t:|1700425439\n|gametype|doubles\n|player|p1|gtg-nimbus|169|1420\n|player|p2|Kapurehires|2|1401\n|teamsize|p1|6\n|teamsize|p2|6\n|gen|9\n|tier|[Gen 9] VGC 2023 Regulation E\n|rated|\n|rule|Species Clause: Limit one of each Pok\u00e9mon\n|rule|Item Clause: Limit one of each item\n|clearpoke\n|poke|p1|Ogerpon-Hearthflame, L50, F|\n|poke|p1|Chien-Pao, L50|\n|poke|p1|Tornadus, L50, M|\n|poke|p1|Landorus-Therian, L50, M|\n|poke|p1|Chi-Yu, L50|\n|poke|p1|Flutter Mane, L50|\n|poke|p2|Mandibuzz, L50, F|\n|poke|p2|Rillaboom, L50, M|\n|poke|p2|Gholdengo, L50|\n|poke|p2|Flutter Mane, L50|\n|poke|p2|Iron Hands, L50|\n|poke|p2|Landorus-Therian, L50, M|\n|teampreview|4\n|inactive|Battle timer is ON: inactive players will automatically lose when time's up. (requested by gtg-nimbus)\n|\n|t:|1700425480\n|start\n|switch|p1a: Landorus|Landorus-Therian, L50, M|100\/100\n|switch|p1b: Tornadus|Tornadus, L50, M|100\/100\n|switch|p2a: Landorus|Landorus-Therian, L50, M|100\/100\n|switch|p2b: Flutter Mane|Flutter Mane, L50|100\/100\n|-ability|p1a: Landorus|Intimidate|boost\n|-unboost|p2a: Landorus|atk|1\n|-unboost|p2b: Flutter Mane|atk|1\n|-ability|p2a: Landorus|Intimidate|boost\n|-unboost|p1a: Landorus|atk|1\n|-unboost|p1b: Tornadus|atk|1\n|-enditem|p2b: Flutter Mane|Booster Energy\n|-activate|p2b: Flutter Mane|ability: Protosynthesis|[fromitem]\n|-start|p2b: Flutter Mane|protosynthesisspe\n|turn|1\n|inactive|gtg-nimbus has 30 seconds left.\n|inactive|gtg-nimbus has 20 seconds left.\n|inactive|gtg-nimbus has 15 seconds left.\n|\n|t:|1700425525\n|-terastallize|p1a: Landorus|Flying\n|move|p1b: Tornadus|Tailwind|p1b: Tornadus\n|-sidestart|p1: gtg-nimbus|move: Tailwind\n|move|p1a: Landorus|Tera Blast|p2b: Flutter Mane|[anim] Tera Blast Flying\n|-damage|p2b: Flutter Mane|25\/100\n|move|p2b: Flutter Mane|Moonblast|p1b: Tornadus\n|-damage|p1b: Tornadus|42\/100\n|move|p2a: Landorus|Rock Slide|p1a: Landorus|[spread] p1a,p1b\n|-supereffective|p1a: Landorus\n|-supereffective|p1b: Tornadus\n|-damage|p1a: Landorus|63\/100\n|-damage|p1b: Tornadus|6\/100\n|\n|upkeep\n|turn|2\n|\n|t:|1700425545\n|move|p2b: Flutter Mane|Protect|p2b: Flutter Mane\n|-singleturn|p2b: Flutter Mane|Protect\n|move|p1a: Landorus|Tera Blast|p2b: Flutter Mane|[anim] Tera Blast Flying\n|-activate|p2b: Flutter Mane|move: Protect\n|move|p1b: Tornadus|Bleakwind Storm|p2a: Landorus|[spread] p2a\n|-activate|p2b: Flutter Mane|move: Protect\n|-damage|p2a: Landorus|65\/100\n|move|p2a: Landorus|Rock Slide|p1b: Tornadus|[spread] p1a,p1b\n|-supereffective|p1a: Landorus\n|-supereffective|p1b: Tornadus\n|-damage|p1a: Landorus|29\/100\n|-damage|p1b: Tornadus|0 fnt\n|faint|p1b: Tornadus\n|\n|upkeep\n|\n|t:|1700425557\n|switch|p1b: Chien-Pao|Chien-Pao, L50|100\/100\n|-ability|p1b: Chien-Pao|Sword of Ruin\n|turn|3\n|\n|t:|1700425576\n|switch|p2a: Mandibuzz|Mandibuzz, L50, F|100\/100\n|move|p1a: Landorus|Tera Blast|p2b: Flutter Mane|[anim] Tera Blast Flying\n|-damage|p2b: Flutter Mane|0 fnt\n|faint|p2b: Flutter Mane\n|-end|p2b: Flutter Mane|Protosynthesis|[silent]\n|move|p1b: Chien-Pao|Ice Spinner|p2a: Mandibuzz\n|-supereffective|p2a: Mandibuzz\n|-damage|p2a: Mandibuzz|26\/100\n|-damage|p1b: Chien-Pao|84\/100|[from] item: Rocky Helmet|[of] p2a: Mandibuzz\n|\n|upkeep\n|\n|t:|1700425592\n|switch|p2b: Rillaboom|Rillaboom, L50, M|100\/100\n|-fieldstart|move: Grassy Terrain|[from] ability: Grassy Surge|[of] p2b: Rillaboom\n|turn|4\n|\n|t:|1700425611\n|move|p2b: Rillaboom|Grassy Glide|p1a: Landorus\n|-resisted|p1a: Landorus\n|-damage|p1a: Landorus|0 fnt\n|faint|p1a: Landorus\n|move|p1b: Chien-Pao|Ice Spinner|p2a: Mandibuzz\n|-supereffective|p2a: Mandibuzz\n|-crit|p2a: Mandibuzz\n|-damage|p2a: Mandibuzz|0 fnt\n|-damage|p1b: Chien-Pao|67\/100|[from] item: Rocky Helmet|[of] p2a: Mandibuzz\n|-fieldend|move: Grassy Terrain\n|faint|p2a: Mandibuzz\n|\n|-sideend|p1: gtg-nimbus|move: Tailwind\n|upkeep\n|\n|t:|1700425621\n|switch|p1a: Flutter Mane|Flutter Mane, L50|100\/100\n|switch|p2a: Landorus|Landorus-Therian, L50, M|65\/100\n|-ability|p2a: Landorus|Intimidate|boost\n|-unboost|p1a: Flutter Mane|atk|1\n|-unboost|p1b: Chien-Pao|atk|1\n|turn|5\n|inactive|Kapurehires has 30 seconds left.\n|\n|t:|1700425650\n|-terastallize|p2b: Rillaboom|Fire\n|move|p1b: Chien-Pao|Protect|p1b: Chien-Pao\n|-singleturn|p1b: Chien-Pao|Protect\n|move|p2a: Landorus|U-turn|p1b: Chien-Pao\n|-activate|p1b: Chien-Pao|move: Protect\n|move|p1a: Flutter Mane|Shadow Ball|p2a: Landorus\n|-damage|p2a: Landorus|3\/100\n|-damage|p1a: Flutter Mane|91\/100|[from] item: Life Orb\n|move|p2b: Rillaboom|Wood Hammer|p1a: Flutter Mane\n|-damage|p1a: Flutter Mane|0 fnt\n|faint|p1a: Flutter Mane\n|-end|p1a: Flutter Mane|Protosynthesis|[silent]\n|-damage|p2b: Rillaboom|75\/100|[from] Recoil\n|\n|upkeep\n|turn|6\n|\n|t:|1700425664\n|move|p1b: Chien-Pao|Sucker Punch|p2a: Landorus\n|-damage|p2a: Landorus|0 fnt\n|faint|p2a: Landorus\n|move|p2b: Rillaboom|Wood Hammer|p1b: Chien-Pao\n|-damage|p1b: Chien-Pao|0 fnt\n|faint|p1b: Chien-Pao\n|-damage|p2b: Rillaboom|57\/100|[from] Recoil\n|\n|win|Kapurehires\n|raw|gtg-nimbus's rating: 1420 &rarr; <strong>1399<\/strong><br \/>(-21 for losing)\n|raw|Kapurehires's rating: 1401 &rarr; <strong>1422<\/strong><br \/>(+21 for winning)\n|l|\u2606gtg-nimbus\n","uploadtime":1700425707,"views":28,"p1id":"gtgnimbus","p2id":"kapurehires","formatid":"gen9vgc2023regulatione","rating":1399,"private":0,"password":""}