{"id":"gen9vgc2023regulatione-1998595808","p1":"stopbanningmynames","p2":"Prf.Anu","format":"[Gen 9] VGC 2023 Regulation E","log":"|j|\u2606stopbanningmynames\n|j|\u2606Prf.Anu\n|t:|1700960829\n|gametype|doubles\n|player|p1|stopbanningmynames|preschooler|1098\n|player|p2|Prf.Anu|unknown|1149\n|teamsize|p1|6\n|teamsize|p2|6\n|gen|9\n|tier|[Gen 9] VGC 2023 Regulation E\n|rated|\n|rule|Species Clause: Limit one of each Pok\u00e9mon\n|rule|Item Clause: Limit one of each item\n|clearpoke\n|poke|p1|Mamoswine, L50, M|\n|poke|p1|Ninetales-Alola, L50, M|\n|poke|p1|Milotic, L50, F|\n|poke|p1|Tornadus, L50, M|\n|poke|p1|Rillaboom, L50, M|\n|poke|p1|Magnezone, L50|\n|poke|p2|Indeedee-F, L50, F|\n|poke|p2|Dondozo, L50, F|\n|poke|p2|Iron Hands, L50|\n|poke|p2|Flutter Mane, L50|\n|poke|p2|Tornadus, L50, M|\n|poke|p2|Armarouge, L50, F|\n|teampreview|4\n|inactive|Battle timer is ON: inactive players will automatically lose when time's up. (requested by Prf.Anu)\nPrf.Anu rejected open team sheets.\n|inactive|stopbanningmynames has 60 seconds left.\n|\n|t:|1700960862\n|start\n|switch|p1a: Ninetales|Ninetales-Alola, L50, M|100\/100\n|switch|p1b: Tornadus|Tornadus, L50, M, shiny|100\/100\n|switch|p2a: Tornadus|Tornadus, L50, M|100\/100\n|switch|p2b: Dondozo|Dondozo, L50, F|100\/100\n|-weather|Snow|[from] ability: Snow Warning|[of] p1a: Ninetales\n|turn|1\n|inactive|Prf.Anu has 30 seconds left.\n|\n|t:|1700960889\n|move|p2a: Tornadus|Taunt|p1a: Ninetales\n|-start|p1a: Ninetales|move: Taunt\n|move|p1b: Tornadus|Tailwind|p1b: Tornadus\n|-sidestart|p1: stopbanningmynames|move: Tailwind\n|cant|p1a: Ninetales|move: Taunt|Aurora Veil\n|move|p2b: Dondozo|Yawn|p1b: Tornadus\n|-start|p1b: Tornadus|move: Yawn|[of] p2b: Dondozo\n|\n|-weather|Snow|[upkeep]\n|upkeep\n|turn|2\n|\n|t:|1700960907\n|switch|p1b: Mamoswine|Mamoswine, L50, M|100\/100\n|move|p1a: Ninetales|Icy Wind|p2b: Dondozo|[spread] p2a,p2b\n|-supereffective|p2a: Tornadus\n|-resisted|p2b: Dondozo\n|-damage|p2a: Tornadus|62\/100\n|-damage|p2b: Dondozo|94\/100\n|-unboost|p2b: Dondozo|spe|1\n|move|p2a: Tornadus|Heat Wave|p1b: Mamoswine|[spread] p1a,p1b\n|-supereffective|p1a: Ninetales\n|-supereffective|p1b: Mamoswine\n|-damage|p1a: Ninetales|65\/100\n|-damage|p1b: Mamoswine|82\/100\n|move|p2b: Dondozo|Wave Crash|p1b: Mamoswine\n|-supereffective|p1b: Mamoswine\n|-damage|p1b: Mamoswine|7\/100\n|-damage|p2b: Dondozo|73\/100|[from] Recoil\n|\n|-weather|Snow|[upkeep]\n|upkeep\n|turn|3\n|inactive|stopbanningmynames has 30 seconds left.\n|inactive|Prf.Anu has 30 seconds left.\n|inactive|stopbanningmynames has 20 seconds left.\n|\n|t:|1700960944\n|switch|p1a: Rillaboom|Rillaboom, L50, M|100\/100\n|-fieldstart|move: Grassy Terrain|[from] ability: Grassy Surge|[of] p1a: Rillaboom\n|-enditem|p1a: Rillaboom|Grassy Seed\n|-boost|p1a: Rillaboom|def|1|[from] item: Grassy Seed\n|switch|p2a: Indeedee|Indeedee-F, L50, F|100\/100\n|-fieldstart|move: Psychic Terrain|[from] ability: Psychic Surge|[of] p2a: Indeedee\n|move|p1b: Mamoswine|Rock Slide|p2a: Indeedee|[spread] p2a,p2b\n|-damage|p2a: Indeedee|71\/100\n|-damage|p2b: Dondozo|59\/100\n|cant|p2b: Dondozo|flinch\n|\n|-weather|Snow|[upkeep]\n|-heal|p2a: Indeedee|77\/100|[from] item: Leftovers\n|upkeep\n|turn|4\n|inactive|stopbanningmynames has 30 seconds left.\n|inactive|Prf.Anu has 30 seconds left.\n|\n|t:|1700960975\n|switch|p1b: Tornadus|Tornadus, L50, M, shiny|100\/100\n|switch|p2b: Tornadus|Tornadus, L50, M|62\/100\n|move|p1a: Rillaboom|Knock Off|p2a: Indeedee\n|-supereffective|p2a: Indeedee\n|-damage|p2a: Indeedee|0 fnt\n|-enditem|p2a: Indeedee|Leftovers|[from] move: Knock Off|[of] p1a: Rillaboom\n|faint|p2a: Indeedee\n|\n|-weather|Snow|[upkeep]\n|-sideend|p1: stopbanningmynames|move: Tailwind\n|upkeep\n|\n|t:|1700960987\n|switch|p2a: Armarouge|Armarouge, L50, F|100\/100\n|turn|5\n|\n|t:|1700961009\n|-terastallize|p2a: Armarouge|Fire\n|move|p2b: Tornadus|Tailwind|p2b: Tornadus\n|-sidestart|p2: Prf.Anu|move: Tailwind\n|move|p1b: Tornadus|Tailwind|p1b: Tornadus\n|-sidestart|p1: stopbanningmynames|move: Tailwind\n|move|p2a: Armarouge|Heat Wave|p1b: Tornadus|[spread] p1a,p1b\n|-supereffective|p1a: Rillaboom\n|-damage|p1a: Rillaboom|0 fnt\n|-damage|p1b: Tornadus|45\/100\n|faint|p1a: Rillaboom\n|\n|-weather|none\n|upkeep\n|\n|t:|1700961020\n|switch|p1a: Ninetales|Ninetales-Alola, L50, M|65\/100\n|-weather|Snow|[from] ability: Snow Warning|[of] p1a: Ninetales\n|turn|6\n|\n|t:|1700961036\n|move|p1a: Ninetales|Protect|p1a: Ninetales\n|-singleturn|p1a: Ninetales|Protect\n|move|p2a: Armarouge|Heat Wave|p1a: Ninetales|[spread] p1b\n|-activate|p1a: Ninetales|move: Protect\n|-damage|p1b: Tornadus|0 fnt\n|faint|p1b: Tornadus\n|move|p2b: Tornadus|Heat Wave|p1a: Ninetales\n|-activate|p1a: Ninetales|move: Protect\n|\n|-weather|Snow|[upkeep]\n|upkeep\n|\n|t:|1700961043\n|switch|p1b: Mamoswine|Mamoswine, L50, M|7\/100\n|turn|7\n|-message|stopbanningmynames forfeited.\n|\n|win|Prf.Anu\n|raw|stopbanningmynames's rating: 1098 &rarr; <strong>1077<\/strong><br \/>(-21 for losing)\n|raw|Prf.Anu's rating: 1149 &rarr; <strong>1170<\/strong><br \/>(+21 for winning)\n|l|\u2606stopbanningmynames\n","uploadtime":1700961054,"views":4,"p1id":"stopbanningmynames","p2id":"prfanu","formatid":"gen9vgc2023regulatione","rating":1077,"private":0,"password":""}