{"id":"gen9vgc2023regulatione-1994653319","p1":"FourLi","p2":"Bone WRLD","format":"[Gen 9] VGC 2023 Regulation E","log":"|j|\u2606FourLi\n|j|\u2606Bone WRLD\n|t:|1700475985\n|gametype|doubles\n|player|p1|FourLi|dawn|1126\n|player|p2|Bone WRLD|170|1108\n|teamsize|p1|6\n|teamsize|p2|6\n|gen|9\n|tier|[Gen 9] VGC 2023 Regulation E\n|rated|\n|rule|Species Clause: Limit one of each Pok\u00e9mon\n|rule|Item Clause: Limit one of each item\n|clearpoke\n|poke|p1|Volcarona, L50, M|\n|poke|p1|Rabsca, L50, F|\n|poke|p1|Scizor, L50, M|\n|poke|p1|Frosmoth, L50, F|\n|poke|p1|Vivillon, L50, F|\n|poke|p1|Kleavor, L50, M|\n|poke|p2|Rillaboom, L50, F|\n|poke|p2|Oranguru, L50, M|\n|poke|p2|Tatsugiri-Droopy, L50, M|\n|poke|p2|Dondozo, L50, M|\n|poke|p2|Annihilape, L50, M|\n|poke|p2|Slither Wing, L50|\n|teampreview|4\n|inactive|Battle timer is ON: inactive players will automatically lose when time's up. (requested by Bone WRLD)\n|\n|t:|1700476020\n|start\n|switch|p1a: Vivillon|Vivillon, L50, F, shiny|100\/100\n|switch|p1b: Volcarona|Volcarona, L50, M, shiny|100\/100\n|switch|p2a: Tatsugiri|Tatsugiri-Droopy, L50, M|100\/100\n|switch|p2b: Slither Wing|Slither Wing, L50|100\/100\n|-enditem|p2b: Slither Wing|Booster Energy\n|-activate|p2b: Slither Wing|ability: Protosynthesis|[fromitem]\n|-start|p2b: Slither Wing|protosynthesisatk\n|turn|1\n|\n|t:|1700476035\n|move|p2a: Tatsugiri|Endure|p2a: Tatsugiri\n|-singleturn|p2a: Tatsugiri|move: Endure\n|move|p1a: Vivillon|Sleep Powder|p2b: Slither Wing\n|-status|p2b: Slither Wing|slp|[from] move: Sleep Powder\n|move|p1b: Volcarona|Quiver Dance|p1b: Volcarona\n|-boost|p1b: Volcarona|spa|1\n|-boost|p1b: Volcarona|spd|1\n|-boost|p1b: Volcarona|spe|1\n|cant|p2b: Slither Wing|slp\n|\n|-status|p2a: Tatsugiri|tox|[from] item: Toxic Orb\n|upkeep\n|turn|2\n|inactive|FourLi has 30 seconds left.\n|inactive|Bone WRLD has 30 seconds left.\n|inactive|FourLi has 20 seconds left.\n|inactive|Bone WRLD has 20 seconds left.\n|inactive|FourLi has 15 seconds left.\n|inactive|Bone WRLD has 15 seconds left.\n|inactive|FourLi has 10 seconds left.\n|inactive|FourLi has 5 seconds left.\n|\n|t:|1700476090\n|-end|p2b: Slither Wing|Protosynthesis|[silent]\n|switch|p2b: Dondozo|Dondozo, L50, M, shiny|100\/100\n|-activate|p2a: Tatsugiri|ability: Commander|[of] p2b: Dondozo\n|-boost|p2b: Dondozo|atk|2\n|-boost|p2b: Dondozo|spa|2\n|-boost|p2b: Dondozo|spe|2\n|-boost|p2b: Dondozo|def|2\n|-boost|p2b: Dondozo|spd|2\n|move|p1b: Volcarona|Fiery Dance|p2b: Dondozo\n|-resisted|p2b: Dondozo\n|-damage|p2b: Dondozo|93\/100\n|move|p1a: Vivillon|Hurricane|p2b: Dondozo\n|-damage|p2b: Dondozo|77\/100\n|-start|p2b: Dondozo|confusion\n|\n|-heal|p2b: Dondozo|83\/100|[from] item: Leftovers\n|-damage|p2a: Tatsugiri|95\/100 tox|[from] psn\n|upkeep\n|turn|3\n|\n|t:|1700476113\n|-activate|p2b: Dondozo|confusion\n|move|p2b: Dondozo|Protect|p2b: Dondozo\n|-singleturn|p2b: Dondozo|Protect\n|move|p1b: Volcarona|Giga Drain|p2b: Dondozo\n|-activate|p2b: Dondozo|move: Protect\n|move|p1a: Vivillon|Sleep Powder|p2b: Dondozo\n|-activate|p2b: Dondozo|move: Protect\n|\n|-heal|p2b: Dondozo|89\/100|[from] item: Leftovers\n|-damage|p2a: Tatsugiri|84\/100 tox|[from] psn\n|upkeep\n|turn|4\n|inactive|Bone WRLD has 30 seconds left.\n|inactive|Bone WRLD has 20 seconds left.\n|inactive|Bone WRLD has 15 seconds left.\n|\n|t:|1700476156\n|move|p1b: Volcarona|Giga Drain|p2b: Dondozo\n|-supereffective|p2b: Dondozo\n|-damage|p2b: Dondozo|71\/100\n|move|p1a: Vivillon|Sleep Powder|p2b: Dondozo\n|-status|p2b: Dondozo|slp|[from] move: Sleep Powder\n|cant|p2b: Dondozo|slp\n|\n|-heal|p2b: Dondozo|77\/100 slp|[from] item: Leftovers\n|-damage|p2a: Tatsugiri|67\/100 tox|[from] psn\n|upkeep\n|turn|5\n|\n|t:|1700476174\n|cant|p2b: Dondozo|slp\n|move|p1b: Volcarona|Giga Drain|p2b: Dondozo\n|-supereffective|p2b: Dondozo\n|-damage|p2b: Dondozo|60\/100 slp\n|move|p1a: Vivillon|Hurricane|p2b: Dondozo\n|-damage|p2b: Dondozo|44\/100 slp\n|\n|-heal|p2b: Dondozo|50\/100 slp|[from] item: Leftovers\n|-damage|p2a: Tatsugiri|45\/100 tox|[from] psn\n|upkeep\n|turn|6\n|inactive|FourLi has 30 seconds left.\n|\n|t:|1700476203\n|-curestatus|p2b: Dondozo|slp|[msg]\n|-activate|p2b: Dondozo|confusion\n|move|p2b: Dondozo|Protect|p2b: Dondozo\n|-singleturn|p2b: Dondozo|Protect\n|move|p1b: Volcarona|Giga Drain|p2b: Dondozo\n|-activate|p2b: Dondozo|move: Protect\n|move|p1a: Vivillon|Hurricane|p2b: Dondozo\n|-activate|p2b: Dondozo|move: Protect\n|\n|-heal|p2b: Dondozo|56\/100|[from] item: Leftovers\n|-damage|p2a: Tatsugiri|17\/100 tox|[from] psn\n|upkeep\n|turn|7\n|inactive|Bone WRLD has 30 seconds left.\n|inactive|Bone WRLD has 20 seconds left.\n|inactive|Bone WRLD has 15 seconds left.\n|inactive|Bone WRLD has 10 seconds left.\n|\n|t:|1700476250\n|move|p1b: Volcarona|Giga Drain|p2b: Dondozo\n|-supereffective|p2b: Dondozo\n|-damage|p2b: Dondozo|37\/100\n|move|p1a: Vivillon|Sleep Powder|p2b: Dondozo\n|-status|p2b: Dondozo|slp|[from] move: Sleep Powder\n|cant|p2b: Dondozo|slp\n|\n|-heal|p2b: Dondozo|43\/100 slp|[from] item: Leftovers\n|-damage|p2a: Tatsugiri|0 fnt|[from] psn\n|faint|p2a: Tatsugiri\n|upkeep\n|\n|t:|1700476255\n|switch|p2a: Oranguru|Oranguru, L50, M|100\/100\n|turn|8\n|inactive|FourLi has 30 seconds left.\n|inactive|Bone WRLD has 30 seconds left.\n|inactive|FourLi has 20 seconds left.\n|inactive|Bone WRLD has 20 seconds left.\n|inactive|FourLi has 15 seconds left.\n|\n|t:|1700476296\n|-terastallize|p2b: Dondozo|Grass\n|move|p1b: Volcarona|Giga Drain|p2b: Dondozo\n|-resisted|p2b: Dondozo\n|-damage|p2b: Dondozo|39\/100 slp\n|move|p1a: Vivillon|Sleep Powder|p2a: Oranguru\n|-status|p2a: Oranguru|slp|[from] move: Sleep Powder\n|-curestatus|p2b: Dondozo|slp|[msg]\n|-end|p2b: Dondozo|confusion\n|move|p2b: Dondozo|Order Up|p1a: Vivillon\n|-damage|p1a: Vivillon|27\/100\n|-boost|p2b: Dondozo|def|1\n|cant|p2a: Oranguru|slp\n|\n|-heal|p2b: Dondozo|45\/100|[from] item: Leftovers\n|upkeep\n|turn|9\n|inactive|Bone WRLD has 30 seconds left.\n|\n|t:|1700476322\n|move|p2b: Dondozo|Protect|p2b: Dondozo\n|-singleturn|p2b: Dondozo|Protect\n|move|p1b: Volcarona|Fiery Dance|p2b: Dondozo\n|-activate|p2b: Dondozo|move: Protect\n|move|p1a: Vivillon|Hurricane|p2b: Dondozo\n|-activate|p2b: Dondozo|move: Protect\n|-curestatus|p2a: Oranguru|slp|[msg]\n|move|p2a: Oranguru|Psych Up|p2b: Dondozo\n|-copyboost|p2a: Oranguru|p2b: Dondozo|[from] move: Psych Up\n|\n|-heal|p2b: Dondozo|51\/100|[from] item: Leftovers\n|upkeep\n|turn|10\n|inactive|FourLi has 30 seconds left.\n|inactive|Bone WRLD has 30 seconds left.\n|\n|t:|1700476349\n|move|p1b: Volcarona|Fiery Dance|p2b: Dondozo\n|-supereffective|p2b: Dondozo\n|-damage|p2b: Dondozo|24\/100\n|-boost|p1b: Volcarona|spa|1\n|move|p2a: Oranguru|Shadow Ball|p1b: Volcarona\n|-damage|p1b: Volcarona|79\/100\n|move|p1a: Vivillon|Hurricane|p2b: Dondozo\n|-supereffective|p2b: Dondozo\n|-damage|p2b: Dondozo|0 fnt\n|faint|p2b: Dondozo\n|\n|upkeep\n|\n|t:|1700476355\n|switch|p2b: Slither Wing|Slither Wing, L50|100\/100 slp\n|turn|11\n|\n|t:|1700476378\n|-curestatus|p2b: Slither Wing|slp|[msg]\n|move|p2b: Slither Wing|First Impression|p1a: Vivillon\n|-resisted|p1a: Vivillon\n|-crit|p1a: Vivillon\n|-damage|p1a: Vivillon|0 fnt\n|faint|p1a: Vivillon\n|move|p1b: Volcarona|Fiery Dance|p2a: Oranguru\n|-damage|p2a: Oranguru|65\/100\n|move|p2a: Oranguru|Stored Power|p1b: Volcarona\n|-damage|p1b: Volcarona|0 fnt\n|faint|p1b: Volcarona\n|\n|upkeep\n|\n|t:|1700476394\n|switch|p1a: Rabsca|Rabsca, L50, F, shiny|100\/100\n|switch|p1b: Scizor|Scizor, L50, M, shiny|100\/100\n|turn|12\n|inactive|Bone WRLD has 30 seconds left.\n|inactive|Bone WRLD has 20 seconds left.\n|\n|t:|1700476431\n|-terastallize|p1b: Scizor|Water\n|move|p2a: Oranguru|Stored Power|p1a: Rabsca\n|-resisted|p1a: Rabsca\n|-damage|p1a: Rabsca|37\/100\n|move|p2b: Slither Wing|Close Combat|p1b: Scizor\n|-damage|p1b: Scizor|41\/100\n|-unboost|p2b: Slither Wing|def|1\n|-unboost|p2b: Slither Wing|spd|1\n|move|p1b: Scizor|Dual Wingbeat|p2b: Slither Wing\n|-supereffective|p2b: Slither Wing\n|-damage|p2b: Slither Wing|0 fnt\n|faint|p2b: Slither Wing\n|-end|p2b: Slither Wing|Protosynthesis|[silent]\n|-hitcount|p2: Slither Wing|1\n|move|p1a: Rabsca|Revival Blessing|p1a: Rabsca\n|\n|t:|1700476448\n|-heal|p1: Vivillon|50\/100|[from] move: Revival Blessing\n|\n|upkeep\n|turn|13\n|inactive|FourLi has 30 seconds left.\n|\n|t:|1700476481\n|move|p2a: Oranguru|Stored Power|p1b: Scizor\n|-damage|p1b: Scizor|0 fnt\n|faint|p1b: Scizor\n|move|p1a: Rabsca|Recover|p1a: Rabsca\n|-heal|p1a: Rabsca|87\/100\n|\n|upkeep\n|\n|t:|1700476488\n|switch|p1b: Vivillon|Vivillon, L50, F, shiny|50\/100\n|turn|14\n|\n|t:|1700476500\n|move|p2a: Oranguru|Stored Power|p1b: Vivillon\n|-damage|p1b: Vivillon|0 fnt\n|faint|p1b: Vivillon\n|move|p1a: Rabsca|Psychic|p2a: Oranguru\n|-resisted|p2a: Oranguru\n|-crit|p2a: Oranguru\n|-damage|p2a: Oranguru|41\/100\n|\n|upkeep\n|turn|15\n|\n|t:|1700476520\n|move|p2a: Oranguru|Shadow Ball|p1a: Rabsca\n|-supereffective|p1a: Rabsca\n|-crit|p1a: Rabsca\n|-damage|p1a: Rabsca|0 fnt\n|faint|p1a: Rabsca\n|\n|win|Bone WRLD\n|raw|FourLi's rating: 1126 &rarr; <strong>1100<\/strong><br \/>(-26 for losing)\n|raw|Bone WRLD's rating: 1108 &rarr; <strong>1134<\/strong><br \/>(+26 for winning)\n|c|\u2606Bone WRLD|gg\n|c|\u2606FourLi|Gg\n|c|\u2606FourLi|Nice team\n|c|\u2606Bone WRLD|thanks its can be destroyed by clear smog tho lol\n|c|\u2606FourLi|Bugs dont have clear smog...\n","uploadtime":1700476644,"views":3,"p1id":"fourli","p2id":"bonewrld","formatid":"gen9vgc2023regulatione","rating":1100,"private":0,"password":""}