{"id":"gen9vgc2023regulatione-1995260594","p1":"Jungle211","p2":"civicVGC","format":"[Gen 9] VGC 2023 Regulation E","log":"|j|\u2606Jungle211\n|j|\u2606civicVGC\n|t:|1700542820\n|gametype|doubles\n|player|p1|Jungle211|burglar|1273\n|player|p2|civicVGC|101|1339\n|teamsize|p1|6\n|teamsize|p2|6\n|gen|9\n|tier|[Gen 9] VGC 2023 Regulation E\n|rated|\n|rule|Species Clause: Limit one of each Pok\u00e9mon\n|rule|Item Clause: Limit one of each item\n|clearpoke\n|poke|p1|Tornadus, L50, M|\n|poke|p1|Chi-Yu, L50|\n|poke|p1|Ogerpon-Wellspring, L50, F|\n|poke|p1|Iron Hands, L50|\n|poke|p1|Landorus-Therian, L50, M|\n|poke|p1|Farigiraf, L50, F|\n|poke|p2|Cresselia, L50, F|\n|poke|p2|Orthworm, L50, M|\n|poke|p2|Garchomp, L50, M|\n|poke|p2|Enamorus, L50, F|\n|poke|p2|Kingambit, L50, F|\n|poke|p2|Tornadus, L50, M|\n|teampreview|4\n|\n|t:|1700542864\n|start\n|switch|p1a: Ogerpon|Ogerpon-Wellspring, L50, F|100\/100\n|switch|p1b: Iron Hands|Iron Hands, L50|100\/100\n|switch|p2a: Garchomp|Garchomp, L50, M|100\/100\n|switch|p2b: Kingambit|Kingambit, L50, F|100\/100\n|turn|1\n|\n|t:|1700542894\n|switch|p2b: Cresselia|Cresselia, L50, F|100\/100\n|move|p1b: Iron Hands|Fake Out|p2a: Garchomp\n|-damage|p2a: Garchomp|86\/100\n|-damage|p1b: Iron Hands|88\/100|[from] ability: Rough Skin|[of] p2a: Garchomp\n|cant|p2a: Garchomp|flinch\n|move|p1a: Ogerpon|Swords Dance|p1a: Ogerpon\n|-boost|p1a: Ogerpon|atk|2\n|\n|upkeep\n|turn|2\n|\n|t:|1700542936\n|-terastallize|p2a: Garchomp|Poison\n|-terastallize|p1b: Iron Hands|Grass\n|move|p2a: Garchomp|Poison Jab|p1a: Ogerpon\n|-supereffective|p1a: Ogerpon\n|-damage|p1a: Ogerpon|0 fnt\n|faint|p1a: Ogerpon\n|move|p2b: Cresselia|Lunar Blessing|p2b: Cresselia|[spread] p2a,p2b\n|-heal|p2a: Garchomp|100\/100\n|move|p1b: Iron Hands|Drain Punch|p2a: Garchomp\n|-resisted|p2a: Garchomp\n|-damage|p2a: Garchomp|80\/100\n|-heal|p1b: Iron Hands|97\/100|[from] drain|[of] p2a: Garchomp\n|-damage|p1b: Iron Hands|85\/100|[from] ability: Rough Skin|[of] p2a: Garchomp\n|\n|upkeep\n|\n|t:|1700542959\n|switch|p1a: Chi-Yu|Chi-Yu, L50|100\/100\n|-ability|p1a: Chi-Yu|Beads of Ruin\n|turn|3\n|\n|t:|1700542988\n|move|p2a: Garchomp|Poison Jab|p1b: Iron Hands\n|-supereffective|p1b: Iron Hands\n|-damage|p1b: Iron Hands|30\/100\n|-status|p1b: Iron Hands|psn\n|move|p1a: Chi-Yu|Overheat|p2a: Garchomp\n|-damage|p2a: Garchomp|0 fnt\n|-unboost|p1a: Chi-Yu|spa|2\n|faint|p2a: Garchomp\n|-damage|p1a: Chi-Yu|90\/100|[from] item: Life Orb\n|move|p2b: Cresselia|Lunar Blessing||[still]\n|-fail|p2b: Cresselia\n|move|p1b: Iron Hands|Drain Punch|p2b: Cresselia\n|-resisted|p2b: Cresselia\n|-crit|p2b: Cresselia\n|-damage|p2b: Cresselia|77\/100\n|-heal|p1b: Iron Hands|41\/100 psn|[from] drain|[of] p2b: Cresselia\n|\n|-damage|p1b: Iron Hands|29\/100 psn|[from] psn\n|upkeep\n|\n|t:|1700543014\n|switch|p2a: Tornadus|Tornadus, L50, M|100\/100\n|turn|4\n|\n|t:|1700543032\n|switch|p1a: Farigiraf|Farigiraf, L50, F|100\/100\n|move|p2a: Tornadus|Bleakwind Storm|p1a: Farigiraf|[spread] p1a,p1b\n|-supereffective|p1b: Iron Hands\n|-damage|p1a: Farigiraf|66\/100\n|-damage|p1b: Iron Hands|0 fnt\n|faint|p1b: Iron Hands\n|-end|p1b: Iron Hands|Quark Drive|[silent]\n|move|p2b: Cresselia|Trick Room|p2b: Cresselia\n|-fieldstart|move: Trick Room|[of] p2b: Cresselia\n|\n|upkeep\n|\n|t:|1700543038\n|switch|p1b: Chi-Yu|Chi-Yu, L50|90\/100\n|-ability|p1b: Chi-Yu|Beads of Ruin\n|turn|5\n|\n|t:|1700543056\n|switch|p2b: Kingambit|Kingambit, L50, F|100\/100\n|move|p1b: Chi-Yu|Protect|p1b: Chi-Yu\n|-singleturn|p1b: Chi-Yu|Protect\n|move|p2a: Tornadus|Smack Down|p1b: Chi-Yu\n|-activate|p1b: Chi-Yu|move: Protect\n|move|p1a: Farigiraf|Trick Room|p1a: Farigiraf\n|-fieldend|move: Trick Room\n|\n|upkeep\n|turn|6\n|\n|t:|1700543097\n|switch|p2b: Cresselia|Cresselia, L50, F|77\/100\n|move|p2a: Tornadus|Tailwind|p2a: Tornadus\n|-sidestart|p2: civicVGC|move: Tailwind\n|move|p1b: Chi-Yu|Heat Wave|p2a: Tornadus|[spread] p2b\n|-miss|p1b: Chi-Yu|p2a: Tornadus\n|-damage|p2b: Cresselia|32\/100\n|-damage|p1b: Chi-Yu|80\/100|[from] item: Life Orb\n|move|p1a: Farigiraf|Hyper Voice|p2b: Cresselia|[spread] p2a,p2b\n|-damage|p2a: Tornadus|42\/100\n|-damage|p2b: Cresselia|4\/100\n|\n|upkeep\n|turn|7\n|\n|t:|1700543115\n|move|p1b: Chi-Yu|Protect|p1b: Chi-Yu\n|-singleturn|p1b: Chi-Yu|Protect\n|move|p2a: Tornadus|Bleakwind Storm|p1a: Farigiraf|[spread] \n|-activate|p1b: Chi-Yu|move: Protect\n|-miss|p2a: Tornadus|p1a: Farigiraf\n|move|p2b: Cresselia|Icy Wind|p1b: Chi-Yu|[spread] p1a\n|-activate|p1b: Chi-Yu|move: Protect\n|-damage|p1a: Farigiraf|52\/100\n|-unboost|p1a: Farigiraf|spe|1\n|move|p1a: Farigiraf|Trick Room|p1a: Farigiraf\n|-fieldstart|move: Trick Room|[of] p1a: Farigiraf\n|\n|upkeep\n|turn|8\n|\n|t:|1700543137\n|move|p1a: Farigiraf|Hyper Voice|p2b: Cresselia|[spread] p2a,p2b\n|-damage|p2a: Tornadus|0 fnt\n|-damage|p2b: Cresselia|0 fnt\n|faint|p2a: Tornadus\n|faint|p2b: Cresselia\n|move|p1b: Chi-Yu|Heat Wave|p2: Tornadus|[notarget]\n|-fail|p1b: Chi-Yu\n|\n|upkeep\n|\n|t:|1700543146\n|switch|p2a: Kingambit|Kingambit, L50, F|100\/100\n|turn|9\n|\n|t:|1700543153\n|move|p1a: Farigiraf|Hyper Voice|p2a: Kingambit\n|-resisted|p2a: Kingambit\n|-damage|p2a: Kingambit|82\/100\n|move|p1b: Chi-Yu|Heat Wave|p2a: Kingambit\n|-supereffective|p2a: Kingambit\n|-damage|p2a: Kingambit|0 fnt\n|faint|p2a: Kingambit\n|-damage|p1b: Chi-Yu|70\/100|[from] item: Life Orb\n|\n|win|Jungle211\n|raw|Jungle211's rating: 1273 &rarr; <strong>1303<\/strong><br \/>(+30 for winning)\n|raw|civicVGC's rating: 1339 &rarr; <strong>1315<\/strong><br \/>(-24 for losing)\n|l|\u2606civicVGC\n|c|\u2606Jungle211|Gg\n","uploadtime":1700543175,"views":5,"p1id":"jungle211","p2id":"civicvgc","formatid":"gen9vgc2023regulatione","rating":1303,"private":0,"password":""}