{"id":"gen9vgc2023regulatione-1992000584","p1":"StarkHD","p2":"EBnilla","format":"[Gen 9] VGC 2023 Regulation E","log":"|j|\u2606StarkHD\n|j|\u2606EBnilla\n|t:|1700146587\n|gametype|doubles\n|player|p1|StarkHD|1|1513\n|player|p2|EBnilla|backpacker|1451\n|teamsize|p1|6\n|teamsize|p2|6\n|gen|9\n|tier|[Gen 9] VGC 2023 Regulation E\n|rated|\n|rule|Species Clause: Limit one of each Pok\u00e9mon\n|rule|Item Clause: Limit one of each item\n|clearpoke\n|poke|p1|Ninetales-Alola, L50, M|\n|poke|p1|Roaring Moon, L50|\n|poke|p1|Gholdengo, L50|\n|poke|p1|Heatran, L50, M|\n|poke|p1|Iron Hands, L50|\n|poke|p1|Ogerpon-Wellspring, L50, F|\n|poke|p2|Iron Hands, L50|\n|poke|p2|Iron Bundle, L50|\n|poke|p2|Sinistcha, L50|\n|poke|p2|Roaring Moon, L50|\n|poke|p2|Cresselia, L50, F|\n|poke|p2|Ting-Lu, L50|\n|teampreview|4\n|inactive|Battle timer is ON: inactive players will automatically lose when time's up. (requested by StarkHD)\n|inactive|EBnilla has 60 seconds left.\n|\n|t:|1700146647\n|start\n|switch|p1a: Roaring Moon|Roaring Moon, L50, shiny|100\/100\n|switch|p1b: Gholdengo|Gholdengo, L50, shiny|100\/100\n|switch|p2a: Iron Hands|Iron Hands, L50|100\/100\n|switch|p2b: Ting-Lu|Ting-Lu, L50|100\/100\n|-ability|p2b: Ting-Lu|Vessel of Ruin\n|-enditem|p1a: Roaring Moon|Booster Energy\n|-activate|p1a: Roaring Moon|ability: Protosynthesis|[fromitem]\n|-start|p1a: Roaring Moon|protosynthesisspe\n|turn|1\n|\n|t:|1700146663\n|move|p1a: Roaring Moon|Protect|p1a: Roaring Moon\n|-singleturn|p1a: Roaring Moon|Protect\n|move|p1b: Gholdengo|Make It Rain|p2b: Ting-Lu|[spread] p2a,p2b\n|-resisted|p2a: Iron Hands\n|-crit|p2b: Ting-Lu\n|-damage|p2a: Iron Hands|73\/100\n|-damage|p2b: Ting-Lu|53\/100\n|-unboost|p1b: Gholdengo|spa|1\n|move|p2a: Iron Hands|Drain Punch|p1a: Roaring Moon\n|-activate|p1a: Roaring Moon|move: Protect\n|move|p2b: Ting-Lu|Snarl|p1b: Gholdengo|[spread] p1b\n|-activate|p1a: Roaring Moon|move: Protect\n|-supereffective|p1b: Gholdengo\n|-damage|p1b: Gholdengo|81\/100\n|-unboost|p1b: Gholdengo|spa|1\n|\n|-heal|p2a: Iron Hands|79\/100|[from] item: Leftovers\n|upkeep\n|turn|2\n|inactive|StarkHD has 30 seconds left.\n|\n|t:|1700146691\n|-terastallize|p1a: Roaring Moon|Poison\n|move|p1a: Roaring Moon|Knock Off|p2a: Iron Hands\n|-resisted|p2a: Iron Hands\n|-damage|p2a: Iron Hands|63\/100\n|-enditem|p2a: Iron Hands|Leftovers|[from] move: Knock Off|[of] p1a: Roaring Moon\n|move|p1b: Gholdengo|Make It Rain|p2a: Iron Hands|[spread] p2a,p2b\n|-resisted|p2a: Iron Hands\n|-crit|p2a: Iron Hands\n|-damage|p2a: Iron Hands|24\/100\n|-damage|p2b: Ting-Lu|36\/100\n|-unboost|p1b: Gholdengo|spa|1\n|move|p2a: Iron Hands|Drain Punch|p1a: Roaring Moon\n|-resisted|p1a: Roaring Moon\n|-damage|p1a: Roaring Moon|78\/100\n|-heal|p2a: Iron Hands|32\/100|[from] drain|[of] p1a: Roaring Moon\n|move|p2b: Ting-Lu|Heavy Slam|p1b: Gholdengo\n|-resisted|p1b: Gholdengo\n|-damage|p1b: Gholdengo|62\/100\n|\n|upkeep\n|turn|3\n|\n|t:|1700146711\n|switch|p1b: Iron Hands|Iron Hands, L50, shiny|100\/100\n|move|p1a: Roaring Moon|Breaking Swipe|p2b: Ting-Lu|[spread] p2a,p2b\n|-damage|p2a: Iron Hands|18\/100\n|-damage|p2b: Ting-Lu|25\/100\n|-unboost|p2a: Iron Hands|atk|1\n|-unboost|p2b: Ting-Lu|atk|1\n|move|p2a: Iron Hands|Drain Punch|p1a: Roaring Moon\n|-resisted|p1a: Roaring Moon\n|-damage|p1a: Roaring Moon|64\/100\n|-heal|p2a: Iron Hands|23\/100|[from] drain|[of] p1a: Roaring Moon\n|move|p2b: Ting-Lu|Stomping Tantrum|p1a: Roaring Moon\n|-supereffective|p1a: Roaring Moon\n|-damage|p1a: Roaring Moon|11\/100\n|\n|upkeep\n|turn|4\n|\n|t:|1700146735\n|-end|p2a: Iron Hands|Quark Drive|[silent]\n|switch|p2a: Sinistcha|Sinistcha, L50|100\/100\n|-heal|p2b: Ting-Lu|49\/100|[from] ability: Hospitality|[of] p2a: Sinistcha\n|-terastallize|p2b: Ting-Lu|Poison\n|move|p1a: Roaring Moon|Tailwind|p1a: Roaring Moon\n|-sidestart|p1: StarkHD|move: Tailwind\n|move|p1b: Iron Hands|Drain Punch|p2b: Ting-Lu\n|-resisted|p2b: Ting-Lu\n|-damage|p2b: Ting-Lu|38\/100\n|move|p2b: Ting-Lu|Stomping Tantrum|p1a: Roaring Moon\n|-supereffective|p1a: Roaring Moon\n|-damage|p1a: Roaring Moon|0 fnt\n|faint|p1a: Roaring Moon\n|-end|p1a: Roaring Moon|Protosynthesis|[silent]\n|\n|upkeep\n|\n|t:|1700146749\n|switch|p1a: Gholdengo|Gholdengo, L50, shiny|62\/100\n|turn|5\n|\n|t:|1700146758\n|switch|p2a: Iron Hands|Iron Hands, L50|23\/100\n|move|p1a: Gholdengo|Shadow Ball|p2a: Iron Hands\n|-damage|p2a: Iron Hands|0 fnt\n|faint|p2a: Iron Hands\n|-end|p2a: Iron Hands|Quark Drive|[silent]\n|move|p1b: Iron Hands|Wild Charge|p2b: Ting-Lu\n|-damage|p2b: Ting-Lu|8\/100\n|-damage|p1b: Iron Hands|92\/100|[from] Recoil\n|move|p2b: Ting-Lu|Snarl|p1b: Iron Hands|[spread] p1a,p1b\n|-supereffective|p1a: Gholdengo\n|-resisted|p1b: Iron Hands\n|-damage|p1a: Gholdengo|44\/100\n|-damage|p1b: Iron Hands|90\/100\n|-unboost|p1a: Gholdengo|spa|1\n|-unboost|p1b: Iron Hands|spa|1\n|\n|upkeep\n|\n|t:|1700146768\n|switch|p2a: Sinistcha|Sinistcha, L50|100\/100\n|-heal|p2b: Ting-Lu|33\/100|[from] ability: Hospitality|[of] p2a: Sinistcha\n|turn|6\n|\n|t:|1700146790\n|move|p2a: Sinistcha|Rage Powder|p2a: Sinistcha\n|-singleturn|p2a: Sinistcha|move: Rage Powder\n|move|p1a: Gholdengo|Shadow Ball|p2a: Sinistcha\n|-supereffective|p2a: Sinistcha\n|-damage|p2a: Sinistcha|16\/100\n|-unboost|p2a: Sinistcha|spd|1\n|-enditem|p2a: Sinistcha|Sitrus Berry|[eat]\n|-heal|p2a: Sinistcha|41\/100|[from] item: Sitrus Berry\n|move|p1b: Iron Hands|Wild Charge|p2a: Sinistcha\n|-resisted|p2a: Sinistcha\n|-damage|p2a: Sinistcha|25\/100\n|-damage|p1b: Iron Hands|87\/100|[from] Recoil\n|move|p2b: Ting-Lu|Stomping Tantrum|p1a: Gholdengo\n|-supereffective|p1a: Gholdengo\n|-damage|p1a: Gholdengo|0 fnt\n|faint|p1a: Gholdengo\n|\n|upkeep\n|\n|t:|1700146798\n|switch|p1a: Heatran|Heatran, L50, M|100\/100\n|turn|7\n|\n|t:|1700146810\n|move|p1a: Heatran|Heat Wave|p2b: Ting-Lu|[spread] p2a,p2b\n|-supereffective|p2a: Sinistcha\n|-damage|p2a: Sinistcha|0 fnt\n|-damage|p2b: Ting-Lu|16\/100\n|faint|p2a: Sinistcha\n|move|p1b: Iron Hands|Wild Charge|p2b: Ting-Lu\n|-crit|p2b: Ting-Lu\n|-damage|p2b: Ting-Lu|0 fnt\n|faint|p2b: Ting-Lu\n|-damage|p1b: Iron Hands|83\/100|[from] Recoil\n|\n|-sideend|p1: StarkHD|move: Tailwind\n|upkeep\n|\n|t:|1700146813\n|switch|p2b: Iron Bundle|Iron Bundle, L50|100\/100\n|turn|8\n|-message|EBnilla forfeited.\n|\n|win|StarkHD\n|raw|StarkHD's rating: 1513 &rarr; <strong>1529<\/strong><br \/>(+16 for winning)\n|raw|EBnilla's rating: 1451 &rarr; <strong>1435<\/strong><br \/>(-16 for losing)\n|l|\u2606EBnilla\n","uploadtime":1700146834,"views":22,"p1id":"starkhd","p2id":"ebnilla","formatid":"gen9vgc2023regulatione","rating":1435,"private":0,"password":""}