{"id":"gen9vgc2023regulatione-1995706223","p1":"namboyVGC","p2":"Lbbones","format":"[Gen 9] VGC 2023 Regulation E","log":"|j|\u2606namboyVGC\n|j|\u2606Lbbones\n|n|\u2606namboyVGC|namboyvgc\n|n|\u2606Lbbones|lbbones\n|html|View the match progress at <a href=\"\/game-bestof3-gen9vgc2023regulatione-1995703245\">game-bestof3-gen9vgc2023regulatione-1995703245<\/a>\n|t:|1700595640\n|gametype|doubles\n|player|p1|namboyVGC|youngster-gen4dp|\n|player|p2|Lbbones|marshal|\n|teamsize|p1|6\n|teamsize|p2|6\n|gen|9\n|tier|[Gen 9] VGC 2023 Regulation E\n|rule|Species Clause: Limit one of each Pok\u00e9mon\n|rule|Item Clause: Limit one of each item\n|clearpoke\n|poke|p1|Farigiraf, L50, F|\n|poke|p1|Gholdengo, L50|\n|poke|p1|Ogerpon-Wellspring, L50, F|\n|poke|p1|Iron Hands, L50|\n|poke|p1|Roaring Moon, L50|\n|poke|p1|Ursaluna-Bloodmoon, L50, M|\n|poke|p2|Tornadus, L50, M|\n|poke|p2|Mamoswine, L50, F|\n|poke|p2|Flutter Mane, L50|\n|poke|p2|Chi-Yu, L50|\n|poke|p2|Ogerpon-Wellspring, L50, F|\n|poke|p2|Iron Hands, L50|\n|teampreview|4\n|inactive|Battle timer is ON: inactive players will automatically lose when time's up. (requested by namboyVGC)\n|inactive|namboyVGC has 60 seconds left.\n|inactive|Lbbones has 60 seconds left.\n|\n|t:|1700595689\n|start\n|switch|p1a: Farigiraf|Farigiraf, L50, F, shiny|100\/100\n|switch|p1b: Iron Hands|Iron Hands, L50|100\/100\n|switch|p2a: Iron Hands|Iron Hands, L50|100\/100\n|switch|p2b: Flutter Mane|Flutter Mane, L50|100\/100\n|turn|1\n|inactive|namboyVGC has 30 seconds left.\n|inactive|Lbbones has 30 seconds left.\n|\n|t:|1700595717\n|-terastallize|p2b: Flutter Mane|Fairy\n|-terastallize|p1b: Iron Hands|Fire\n|move|p2b: Flutter Mane|Moonblast|p1b: Iron Hands\n|-resisted|p1b: Iron Hands\n|-damage|p1b: Iron Hands|83\/100\n|move|p2a: Iron Hands|Heavy Slam|p1a: Farigiraf\n|-damage|p1a: Farigiraf|82\/100\n|move|p1b: Iron Hands|Heavy Slam|p2b: Flutter Mane\n|-supereffective|p2b: Flutter Mane\n|-damage|p2b: Flutter Mane|0 fnt\n|faint|p2b: Flutter Mane\n|-end|p2b: Flutter Mane|Protosynthesis|[silent]\n|move|p1a: Farigiraf|Trick Room|p1a: Farigiraf\n|-fieldstart|move: Trick Room|[of] p1a: Farigiraf\n|\n|upkeep\n|\n|t:|1700595734\n|switch|p2b: Chi-Yu|Chi-Yu, L50|100\/100\n|-ability|p2b: Chi-Yu|Beads of Ruin\n|turn|2\n|\n|t:|1700595753\n|move|p1a: Farigiraf|Nasty Plot|p1a: Farigiraf\n|-boost|p1a: Farigiraf|spa|2\n|move|p2a: Iron Hands|Drain Punch|p1b: Iron Hands\n|-damage|p1b: Iron Hands|55\/100\n|move|p1b: Iron Hands|Wild Charge|p2b: Chi-Yu\n|-damage|p2b: Chi-Yu|24\/100\n|-damage|p1b: Iron Hands|45\/100|[from] Recoil\n|move|p2b: Chi-Yu|Dark Pulse|p1a: Farigiraf\n|-supereffective|p1a: Farigiraf\n|-damage|p1a: Farigiraf|0 fnt\n|faint|p1a: Farigiraf\n|-damage|p2b: Chi-Yu|15\/100|[from] item: Life Orb\n|\n|upkeep\n|\n|t:|1700595766\n|switch|p1a: Ursaluna|Ursaluna-Bloodmoon, L50, M|100\/100\n|turn|3\n|\n|t:|1700595776\n|move|p1a: Ursaluna|Blood Moon|p2a: Iron Hands\n|-enditem|p1a: Ursaluna|Normal Gem|[from] gem\n|-damage|p2a: Iron Hands|27\/100\n|move|p2a: Iron Hands|Drain Punch|p1b: Iron Hands\n|-damage|p1b: Iron Hands|18\/100\n|-heal|p2a: Iron Hands|41\/100|[from] drain|[of] p1b: Iron Hands\n|move|p1b: Iron Hands|Drain Punch|p2a: Iron Hands\n|-crit|p2a: Iron Hands\n|-damage|p2a: Iron Hands|0 fnt\n|-heal|p1b: Iron Hands|38\/100|[from] drain|[of] p2a: Iron Hands\n|faint|p2a: Iron Hands\n|-end|p2a: Iron Hands|Quark Drive|[silent]\n|move|p2b: Chi-Yu|Heat Wave|p1a: Ursaluna|[spread] p1b\n|-miss|p2b: Chi-Yu|p1a: Ursaluna\n|-resisted|p1b: Iron Hands\n|-crit|p1b: Iron Hands\n|-damage|p1b: Iron Hands|14\/100\n|-damage|p2b: Chi-Yu|6\/100|[from] item: Life Orb\n|\n|upkeep\n|\n|t:|1700595796\n|switch|p2a: Ogerpon|Ogerpon-Wellspring, L50, F|100\/100\n|turn|4\n|\n|t:|1700595808\n|move|p2b: Chi-Yu|Protect|p2b: Chi-Yu\n|-singleturn|p2b: Chi-Yu|Protect\n|move|p1a: Ursaluna|Hyper Voice|p2a: Ogerpon|[spread] p2a\n|-activate|p2b: Chi-Yu|move: Protect\n|-damage|p2a: Ogerpon|45\/100\n|move|p1b: Iron Hands|Wild Charge|p2a: Ogerpon\n|-damage|p2a: Ogerpon|0 fnt\n|faint|p2a: Ogerpon\n|-damage|p1b: Iron Hands|6\/100|[from] Recoil\n|\n|upkeep\n|turn|5\n|\n|t:|1700595825\n|move|p1a: Ursaluna|Blood Moon|p2b: Chi-Yu\n|-damage|p2b: Chi-Yu|0 fnt\n|faint|p2b: Chi-Yu\n|\n|win|namboyVGC\n|c|&|\/uhtml prompt-namboyvgc,namboyVGC is ready for game 3!\n|inactive|Lbbones has 50 seconds to confirm battle start!\n|c|&|\/uhtml prompt-lbbones,Lbbones is ready for game 3!\nBoth players are ready! Starting next match!\n","uploadtime":1700596072,"views":1,"p1id":"namboyvgc","p2id":"lbbones","formatid":"gen9vgc2023regulatione","rating":0,"private":0,"password":""}