{"id":"gen9vgc2023regulatione-1992279404","p1":"asdhas","p2":"bassoonski","format":"[Gen 9] VGC 2023 Regulation E","log":"|j|\u2606asdhas\n|j|\u2606bassoonski\n|t:|1700170365\n|gametype|doubles\n|player|p1|asdhas|102|1196\n|player|p2|bassoonski|biker|1254\n|teamsize|p1|6\n|teamsize|p2|6\n|gen|9\n|tier|[Gen 9] VGC 2023 Regulation E\n|rated|\n|rule|Species Clause: Limit one of each Pok\u00e9mon\n|rule|Item Clause: Limit one of each item\n|clearpoke\n|poke|p1|Dragonite, L50, M|\n|poke|p1|Chien-Pao, L50|\n|poke|p1|Rillaboom, L50, M|\n|poke|p1|Heatran, L50, F|\n|poke|p1|Flutter Mane, L50|\n|poke|p1|Ogerpon-Wellspring, L50, F|\n|poke|p2|Okidogi, L50, M|\n|poke|p2|Thundurus, L50, M|\n|poke|p2|Arcanine-Hisui, L50, F|\n|poke|p2|Flutter Mane, L50|\n|poke|p2|Chien-Pao, L50|\n|poke|p2|Dragonite, L50, M|\n|teampreview|4\n|inactive|Battle timer is ON: inactive players will automatically lose when time's up. (requested by asdhas)\nasdhas has agreed to open team sheets.\n|\n|t:|1700170414\n|start\n|switch|p1a: Dragonite|Dragonite, L50, M|100\/100\n|switch|p1b: Heatran|Heatran, L50, F|100\/100\n|switch|p2a: Okidogi|Okidogi, L50, M|100\/100\n|switch|p2b: Thundurus|Thundurus, L50, M|100\/100\n|turn|1\n|inactive|asdhas has 30 seconds left.\n|\n|t:|1700170447\n|switch|p1b: Chien-Pao|Chien-Pao, L50|100\/100\n|-ability|p1b: Chien-Pao|Sword of Ruin\n|-terastallize|p1a: Dragonite|Normal\n|move|p1a: Dragonite|Extreme Speed|p2b: Thundurus\n|-damage|p2b: Thundurus|9\/100\n|move|p2b: Thundurus|Eerie Impulse|p1b: Chien-Pao\n|-hint|Since gen 7, Dark is immune to Prankster moves.\n|-immune|p1b: Chien-Pao\n|move|p2a: Okidogi|Bulk Up|p2a: Okidogi\n|-boost|p2a: Okidogi|atk|1\n|-boost|p2a: Okidogi|def|1\n|\n|upkeep\n|turn|2\n|inactive|asdhas has 30 seconds left.\n|inactive|bassoonski has 30 seconds left.\n|inactive|asdhas has 20 seconds left.\n|\n|t:|1700170483\n|switch|p2b: Arcanine|Arcanine-Hisui, L50, F|100\/100\n|-ability|p2b: Arcanine|Intimidate|boost\n|-fail|p1a: Dragonite|unboost|Attack|[from] ability: Inner Focus|[of] p1a: Dragonite\n|-unboost|p1b: Chien-Pao|atk|1\n|switch|p1a: Flutter Mane|Flutter Mane, L50|100\/100\n|move|p1b: Chien-Pao|Ice Spinner|p2b: Arcanine\n|-resisted|p2b: Arcanine\n|-damage|p2b: Arcanine|78\/100\n|move|p2a: Okidogi|Drain Punch|p1b: Chien-Pao\n|-supereffective|p1b: Chien-Pao\n|-enditem|p1b: Chien-Pao|Focus Sash\n|-damage|p1b: Chien-Pao|1\/100\n|\n|upkeep\n|turn|3\n|inactive|asdhas has 30 seconds left.\n|\n|t:|1700170511\n|move|p1b: Chien-Pao|Protect|p1b: Chien-Pao\n|-singleturn|p1b: Chien-Pao|Protect\n|move|p2b: Arcanine|Extreme Speed|p1b: Chien-Pao\n|-activate|p1b: Chien-Pao|move: Protect\n|move|p1a: Flutter Mane|Shadow Ball|p2a: Okidogi\n|-damage|p2a: Okidogi|34\/100\n|move|p2a: Okidogi|Poison Jab|p1a: Flutter Mane\n|-damage|p1a: Flutter Mane|0 fnt\n|faint|p1a: Flutter Mane\n|-end|p1a: Flutter Mane|Protosynthesis|[silent]\n|\n|-heal|p2a: Okidogi|40\/100|[from] item: Leftovers\n|upkeep\n|\n|t:|1700170526\n|switch|p1a: Dragonite|Dragonite, L50, M, tera:Normal|100\/100\n|turn|4\n|\n|t:|1700170549\n|switch|p1b: Heatran|Heatran, L50, F|100\/100\n|move|p2b: Arcanine|Extreme Speed|p1b: Heatran\n|-resisted|p1b: Heatran\n|-damage|p1b: Heatran|89\/100\n|move|p1a: Dragonite|Extreme Speed|p2a: Okidogi\n|-damage|p2a: Okidogi|0 fnt\n|faint|p2a: Okidogi\n|\n|upkeep\n|\n|t:|1700170560\n|switch|p2a: Thundurus|Thundurus, L50, M|9\/100\n|turn|5\n|\n|t:|1700170575\n|switch|p2b: Flutter Mane|Flutter Mane, L50|100\/100\n|move|p1a: Dragonite|Extreme Speed|p2a: Thundurus\n|-damage|p2a: Thundurus|0 fnt\n|faint|p2a: Thundurus\n|move|p1b: Heatran|Earth Power|p2b: Flutter Mane\n|-damage|p2b: Flutter Mane|65\/100\n|\n|upkeep\n|\n|t:|1700170580\n|switch|p2a: Arcanine|Arcanine-Hisui, L50, F|78\/100\n|-ability|p2a: Arcanine|Intimidate|boost\n|-fail|p1a: Dragonite|unboost|Attack|[from] ability: Inner Focus|[of] p1a: Dragonite\n|-unboost|p1b: Heatran|atk|1\n|turn|6\n|inactive|bassoonski has 30 seconds left.\n|\n|t:|1700170613\n|switch|p1a: Chien-Pao|Chien-Pao, L50|1\/100\n|-ability|p1a: Chien-Pao|Sword of Ruin\n|move|p2a: Arcanine|Rock Slide|p1a: Chien-Pao|[spread] p1a,p1b\n|-supereffective|p1a: Chien-Pao\n|-damage|p1a: Chien-Pao|0 fnt\n|-damage|p1b: Heatran|54\/100\n|faint|p1a: Chien-Pao\n|move|p2b: Flutter Mane|Shadow Ball|p1b: Heatran\n|-damage|p1b: Heatran|15\/100\n|move|p1b: Heatran|Flash Cannon|p2b: Flutter Mane\n|-supereffective|p2b: Flutter Mane\n|-damage|p2b: Flutter Mane|0 fnt\n|faint|p2b: Flutter Mane\n|-end|p2b: Flutter Mane|Protosynthesis|[silent]\n|\n|upkeep\n|\n|t:|1700170625\n|switch|p1a: Dragonite|Dragonite, L50, M, tera:Normal|100\/100\n|turn|7\n|\n|t:|1700170635\n|move|p1a: Dragonite|Aqua Jet|p2a: Arcanine\n|-supereffective|p2a: Arcanine\n|-damage|p2a: Arcanine|0 fnt\n|faint|p2a: Arcanine\n|\n|win|asdhas\n|raw|asdhas's rating: 1196 &rarr; <strong>1225<\/strong><br \/>(+29 for winning)\n|raw|bassoonski's rating: 1254 &rarr; <strong>1225<\/strong><br \/>(-29 for losing)\n|l|\u2606bassoonski\n","uploadtime":1700170685,"views":15,"p1id":"asdhas","p2id":"bassoonski","formatid":"gen9vgc2023regulatione","rating":1225,"private":0,"password":""}