{"id":"gen9vgc2023regulatione-2000183193","p1":"jasonrfry","p2":"lorylagg","format":"[Gen 9] VGC 2023 Regulation E","log":"|j|\u2606jasonrfry\n|j|\u2606lorylagg\n|t:|1701168691\n|gametype|doubles\n|player|p1|jasonrfry|bugcatcher-gen4dp|1620\n|player|p2|lorylagg|unknownf|1571\n|teamsize|p1|6\n|teamsize|p2|6\n|gen|9\n|tier|[Gen 9] VGC 2023 Regulation E\n|rated|\n|rule|Species Clause: Limit one of each Pok\u00e9mon\n|rule|Item Clause: Limit one of each item\n|clearpoke\n|poke|p1|Mimikyu, L50, M|\n|poke|p1|Enamorus-Therian, L50, F|\n|poke|p1|Iron Hands, L50|\n|poke|p1|Dragonite, L50, M|\n|poke|p1|Ting-Lu, L50|\n|poke|p1|Sneasler, L50, M|\n|poke|p2|Urshifu-*, L50, F|\n|poke|p2|Arcanine-Hisui, L50, M|\n|poke|p2|Gholdengo, L50|\n|poke|p2|Tornadus, L50, M|\n|poke|p2|Rillaboom, L50, F|\n|poke|p2|Flutter Mane, L50|\n|teampreview|4\nlorylagg has agreed to open team sheets.\n|inactive|Battle timer is ON: inactive players will automatically lose when time's up. (requested by jasonrfry)\n|j| trfgtred\n|inactive|lorylagg has 60 seconds left.\n|inactive|lorylagg has 30 seconds left.\n|j| Zonco\n|inactive|lorylagg has 20 seconds left.\n|inactive|lorylagg has 15 seconds left.\n|inactive|lorylagg has 10 seconds left.\n|\n|t:|1701168805\n|start\n|switch|p1a: Mimikyu|Mimikyu, L50, M, shiny|100\/100\n|switch|p1b: Iron Hands|Iron Hands, L50, shiny|100\/100\n|switch|p2a: Arcanine|Arcanine-Hisui, L50, M, shiny|100\/100\n|switch|p2b: Rillaboom|Rillaboom, L50, F|100\/100\n|-ability|p2a: Arcanine|Intimidate|boost\n|-unboost|p1a: Mimikyu|atk|1\n|-fail|p1b: Iron Hands|unboost|[from] item: Clear Amulet|[of] p1b: Iron Hands\n|-fieldstart|move: Grassy Terrain|[from] ability: Grassy Surge|[of] p2b: Rillaboom\n|turn|1\n|inactive|jasonrfry has 30 seconds left.\n|inactive|lorylagg has 30 seconds left.\n|\n|t:|1701168839\n|-terastallize|p2a: Arcanine|Fairy\n|move|p2b: Rillaboom|Fake Out|p1b: Iron Hands\n|-damage|p1b: Iron Hands|90\/100\n|cant|p1b: Iron Hands|flinch\n|move|p2a: Arcanine|Tera Blast|p1b: Iron Hands|[anim] Tera Blast Fairy\n|-supereffective|p1b: Iron Hands\n|-damage|p1b: Iron Hands|4\/100\n|move|p1a: Mimikyu|Trick Room|p1a: Mimikyu\n|-fieldstart|move: Trick Room|[of] p1a: Mimikyu\n|\n|-heal|p1b: Iron Hands|10\/100|[from] Grassy Terrain\n|upkeep\n|turn|2\n|\n|t:|1701168852\n|move|p2b: Rillaboom|Grassy Glide|p1a: Mimikyu\n|-activate|p1a: Mimikyu|ability: Disguise\n|-damage|p1a: Mimikyu|100\/100\n|detailschange|p1a: Mimikyu|Mimikyu-Busted, L50, M, shiny\n|-damage|p1a: Mimikyu|88\/100|[from] pokemon: Mimikyu-Busted\n|move|p1b: Iron Hands|Ice Punch|p2b: Rillaboom\n|-supereffective|p2b: Rillaboom\n|-damage|p2b: Rillaboom|43\/100\n|move|p1a: Mimikyu|Curse|p2a: Arcanine\n|-start|p2a: Arcanine|Curse|[of] p1a: Mimikyu\n|-damage|p1a: Mimikyu|38\/100\n|move|p2a: Arcanine|Tera Blast|p1b: Iron Hands|[anim] Tera Blast Fairy\n|-supereffective|p1b: Iron Hands\n|-damage|p1b: Iron Hands|0 fnt\n|faint|p1b: Iron Hands\n|-end|p1b: Iron Hands|Quark Drive|[silent]\n|\n|-heal|p2b: Rillaboom|49\/100|[from] Grassy Terrain\n|-heal|p1a: Mimikyu|44\/100|[from] Grassy Terrain\n|-damage|p2a: Arcanine|76\/100|[from] Curse\n|upkeep\n|\n|t:|1701168855\n|switch|p1b: Enamorus|Enamorus-Therian, L50, F, shiny|100\/100\n|turn|3\n|\n|t:|1701168873\n|switch|p2a: Urs4lun4-Bloodmoon|Gholdengo, L50|100\/100\n|move|p2b: Rillaboom|Grassy Glide|p1a: Mimikyu\n|-damage|p1a: Mimikyu|0 fnt\n|faint|p1a: Mimikyu\n|move|p1b: Enamorus|Moonblast|p2a: Urs4lun4-Bloodmoon\n|-resisted|p2a: Urs4lun4-Bloodmoon\n|-damage|p2a: Urs4lun4-Bloodmoon|61\/100\n|-damage|p1b: Enamorus|91\/100|[from] item: Life Orb\n|\n|-heal|p2b: Rillaboom|56\/100|[from] Grassy Terrain\n|-heal|p2a: Urs4lun4-Bloodmoon|67\/100|[from] Grassy Terrain\n|-heal|p2a: Urs4lun4-Bloodmoon|73\/100|[from] item: Leftovers\n|upkeep\n|\n|t:|1701168876\n|switch|p1a: Ting-Lu|Ting-Lu, L50|100\/100\n|-ability|p1a: Ting-Lu|Vessel of Ruin\n|turn|4\n|l| trfgtred\n|inactive|jasonrfry has 30 seconds left.\n|inactive|jasonrfry has 20 seconds left.\n|inactive|jasonrfry has 15 seconds left.\n|inactive|jasonrfry has 10 seconds left.\n|\n|t:|1701168928\n|switch|p2a: Arcanine|Arcanine-Hisui, L50, M, shiny, tera:Fairy|76\/100\n|-ability|p2a: Arcanine|Intimidate|boost\n|-unboost|p1a: Ting-Lu|atk|1\n|-unboost|p1b: Enamorus|atk|1\n|-terastallize|p1b: Enamorus|Water\n|move|p1a: Ting-Lu|Lash Out|p2a: Arcanine\n|-resisted|p2a: Arcanine\n|-damage|p2a: Arcanine|49\/100\n|move|p1b: Enamorus|Dazzling Gleam|p2a: Arcanine|[spread] p2a,p2b\n|-damage|p2a: Arcanine|8\/100\n|-damage|p2b: Rillaboom|34\/100\n|-damage|p1b: Enamorus|81\/100|[from] item: Life Orb\n|move|p2b: Rillaboom|Wood Hammer|p1a: Ting-Lu\n|-supereffective|p1a: Ting-Lu\n|-damage|p1a: Ting-Lu|16\/100\n|-damage|p2b: Rillaboom|0 fnt|[from] Recoil\n|faint|p2b: Rillaboom\n|\n|-heal|p1a: Ting-Lu|23\/100|[from] Grassy Terrain\n|-heal|p1b: Enamorus|87\/100|[from] Grassy Terrain\n|-heal|p2a: Arcanine|13\/100|[from] Grassy Terrain\n|upkeep\n|\n|t:|1701168943\n|switch|p2b: Urs4lun4-Bloodmoon|Gholdengo, L50|73\/100\n|turn|5\n|\n|t:|1701168950\n|move|p2b: Urs4lun4-Bloodmoon|Protect|p2b: Urs4lun4-Bloodmoon\n|-singleturn|p2b: Urs4lun4-Bloodmoon|Protect\n|move|p2a: Arcanine|Extreme Speed|p1a: Ting-Lu\n|-crit|p1a: Ting-Lu\n|-damage|p1a: Ting-Lu|0 fnt\n|faint|p1a: Ting-Lu\n|move|p1b: Enamorus|Earth Power|p2b: Urs4lun4-Bloodmoon\n|-activate|p2b: Urs4lun4-Bloodmoon|move: Protect\n|\n|-heal|p1b: Enamorus|93\/100|[from] Grassy Terrain\n|-heal|p2b: Urs4lun4-Bloodmoon|79\/100|[from] Grassy Terrain\n|-heal|p2b: Urs4lun4-Bloodmoon|86\/100|[from] item: Leftovers\n|-heal|p2a: Arcanine|19\/100|[from] Grassy Terrain\n|-fieldend|move: Trick Room\n|-fieldend|move: Grassy Terrain\n|upkeep\n|turn|6\n|\n|t:|1701168963\n|move|p2a: Arcanine|Extreme Speed|p1b: Enamorus\n|-damage|p1b: Enamorus|54\/100\n|move|p2b: Urs4lun4-Bloodmoon|Shadow Ball|p1b: Enamorus\n|-damage|p1b: Enamorus|9\/100\n|-unboost|p1b: Enamorus|spd|1\n|move|p1b: Enamorus|Earth Power|p2b: Urs4lun4-Bloodmoon\n|-supereffective|p2b: Urs4lun4-Bloodmoon\n|-damage|p2b: Urs4lun4-Bloodmoon|0 fnt\n|faint|p2b: Urs4lun4-Bloodmoon\n|-damage|p1b: Enamorus|0 fnt|[from] item: Life Orb\n|faint|p1b: Enamorus\n|\n|win|lorylagg\n|raw|jasonrfry's rating: 1620 &rarr; <strong>1597<\/strong><br \/>(-23 for losing)\n|raw|lorylagg's rating: 1571 &rarr; <strong>1594<\/strong><br \/>(+23 for winning)\n|l|\u2606jasonrfry\n","uploadtime":1701168976,"views":9,"p1id":"jasonrfry","p2id":"lorylagg","formatid":"gen9vgc2023regulatione","rating":1594,"private":0,"password":""}