{"id":"gen9vgc2023regulatione-1989120338","p1":"SnoaeCone","p2":"finsonic","format":"[Gen 9] VGC 2023 Regulation E","log":"|j|\u2606SnoaeCone\n|j|\u2606finsonic\n|n|\u2606SnoaeCone|snoaecone\n|n|\u2606finsonic|finsonic\n|html|View the match progress at <a href=\"\/game-bestof3-gen9vgc2023regulatione-1989120337\">game-bestof3-gen9vgc2023regulatione-1989120337<\/a>\n|t:|1699814414\n|gametype|doubles\n|player|p1|SnoaeCone|caitlin|\n|player|p2|finsonic|2|\n|teamsize|p1|6\n|teamsize|p2|6\n|gen|9\n|tier|[Gen 9] VGC 2023 Regulation E\n|rule|Species Clause: Limit one of each Pok\u00e9mon\n|rule|Item Clause: Limit one of each item\n|clearpoke\n|poke|p1|Ninetales-Alola, L50, F|\n|poke|p1|Sinistcha-Masterpiece, L50|\n|poke|p1|Armarouge, L50, M|\n|poke|p1|Indeedee-F, L50, F|\n|poke|p1|Baxcalibur, L50, M|\n|poke|p1|Fezandipiti, L50, M|\n|poke|p2|Hydreigon, L50, F|\n|poke|p2|Gengar, L50, F|\n|poke|p2|Infernape, L50, M|\n|poke|p2|Scizor, L50, F|\n|poke|p2|Froslass, L50, F|\n|poke|p2|Sylveon, L50, F|\n|teampreview|4\nfinsonic has agreed to open team sheets.\nSnoaeCone has agreed to open team sheets.\n|showteam|p1|Ninetales-Alola||LightClay|SnowWarning|AuroraVeil,Blizzard,Encore,Moonblast|||F|||50|,,,,,Water]Sinistcha-Masterpiece||Leftovers|Hospitality|MatchaGotcha,RagePowder,TrickRoom,StrengthSap||||||50|,,,,,Steel]Armarouge||LifeOrb|FlashFire|ExpandingForce,ArmorCannon,TrickRoom,Protect|||M|||50|,,,,,Grass]Indeedee-F||PsychicSeed|PsychicSurge|FollowMe,HelpingHand,TrickRoom,DazzlingGleam|||F|||50|,,,,,Fairy]Baxcalibur||LoadedDice|ThermalExchange|IcicleSpear,ScaleShot,SwordsDance,Protect|||M|||50|,,,,,Fairy]Fezandipiti||CovertCloak|ToxicChain|IcyWind,DazzlingGleam,Venoshock,Tailwind|||M|||50|,,,,,Flying\n|showteam|p2|Hydreigon||ChoiceScarf|Levitate|DracoMeteor,DarkPulse,Uturn,FireBlast|||F|||50|,,,,,Fairy]Gengar||AssaultVest|CursedBody|ShadowBall,Substitute,SludgeBomb,FocusBlast|||F|||50|,,,,,Steel]Infernape||ChoiceBand|IronFist|FlareBlitz,Uturn,CloseCombat,MachPunch|||M|||50|,,,,,Water]Scizor||LifeOrb|Technician|BulletPunch,SwordsDance,KnockOff,BugBite|||F|||50|,,,,,Psychic]Froslass||FocusSash|CursedBody|DestinyBond,WillOWisp,Taunt,IcyWind|||F|||50|,,,,,Fairy]Sylveon||Leftovers|Pixilate|Wish,HyperVoice,Protect,DrainingKiss|||F|||50|,,,,,Dark\n|\n|t:|1699814471\n|start\n|switch|p1a: Indeedee|Indeedee-F, L50, F|100\/100\n|switch|p1b: Baxcalibur|Baxcalibur, L50, M|100\/100\n|switch|p2a: Sylveon|Sylveon, L50, F, shiny|100\/100\n|switch|p2b: Infernape|Infernape, L50, M|100\/100\n|-fieldstart|move: Psychic Terrain|[from] ability: Psychic Surge|[of] p1a: Indeedee\n|-enditem|p1a: Indeedee|Psychic Seed\n|-boost|p1a: Indeedee|spd|1|[from] item: Psychic Seed\n|turn|1\n|\n|t:|1699814612\n|-terastallize|p2a: Sylveon|Dark\n|move|p2b: Infernape|Mach Punch|p1b: Baxcalibur\n|-activate|p1b: Baxcalibur|move: Psychic Terrain\n|move|p1b: Baxcalibur|Scale Shot|p2a: Sylveon\n|-damage|p2a: Sylveon|87\/100\n|-damage|p2a: Sylveon|73\/100\n|-damage|p2a: Sylveon|60\/100\n|-damage|p2a: Sylveon|47\/100\n|-damage|p2a: Sylveon|33\/100\n|-hitcount|p2a: Sylveon|5\n|-unboost|p1b: Baxcalibur|def|1\n|-boost|p1b: Baxcalibur|spe|1\n|move|p1a: Indeedee|Dazzling Gleam|p2a: Sylveon|[spread] p2a,p2b\n|-supereffective|p2a: Sylveon\n|-crit|p2a: Sylveon\n|-damage|p2a: Sylveon|1\/100\n|-damage|p2b: Infernape|80\/100\n|move|p2a: Sylveon|Hyper Voice|p1a: Indeedee|[spread] p1a,p1b\n|-supereffective|p1b: Baxcalibur\n|-damage|p1a: Indeedee|86\/100\n|-damage|p1b: Baxcalibur|31\/100\n|\n|-heal|p2a: Sylveon|7\/100|[from] item: Leftovers\n|upkeep\n|turn|2\n|\n|t:|1699814681\n|-terastallize|p1a: Indeedee|Fairy\n|move|p1b: Baxcalibur|Protect|p1b: Baxcalibur\n|-singleturn|p1b: Baxcalibur|Protect\n|move|p2a: Sylveon|Protect|p2a: Sylveon\n|-singleturn|p2a: Sylveon|Protect\n|move|p2b: Infernape|Mach Punch|p1a: Indeedee\n|-activate|p1a: Indeedee|move: Psychic Terrain\n|move|p1a: Indeedee|Trick Room|p1a: Indeedee\n|-fieldstart|move: Trick Room|[of] p1a: Indeedee\n|\n|-heal|p2a: Sylveon|13\/100|[from] item: Leftovers\n|upkeep\n|turn|3\n|\n|t:|1699814713\n|move|p2b: Infernape|Mach Punch|p1b: Baxcalibur\n|-activate|p1b: Baxcalibur|move: Psychic Terrain\n|move|p2a: Sylveon|Draining Kiss|p1b: Baxcalibur\n|-supereffective|p1b: Baxcalibur\n|-damage|p1b: Baxcalibur|0 fnt\n|-heal|p2a: Sylveon|35\/100|[from] drain|[of] p1b: Baxcalibur\n|faint|p1b: Baxcalibur\n|move|p1a: Indeedee|Dazzling Gleam|p2b: Infernape|[spread] p2a,p2b\n|-supereffective|p2a: Sylveon\n|-damage|p2a: Sylveon|7\/100\n|-damage|p2b: Infernape|52\/100\n|\n|-heal|p2a: Sylveon|13\/100|[from] item: Leftovers\n|upkeep\n|\n|t:|1699814728\n|switch|p1b: Yuki|Ninetales-Alola, L50, F, shiny|100\/100\n|-weather|Snow|[from] ability: Snow Warning|[of] p1b: Yuki\n|turn|4\n|\n|t:|1699814751\n|move|p2a: Sylveon|Protect|p2a: Sylveon\n|-singleturn|p2a: Sylveon|Protect\n|move|p2b: Infernape|Mach Punch|p1b: Yuki\n|-activate|p1b: Yuki|move: Psychic Terrain\n|move|p1a: Indeedee|Dazzling Gleam|p2a: Sylveon|[spread] p2b\n|-activate|p2a: Sylveon|move: Protect\n|-damage|p2b: Infernape|20\/100\n|move|p1b: Yuki|Moonblast|p2a: Sylveon\n|-activate|p2a: Sylveon|move: Protect\n|\n|-weather|Snow|[upkeep]\n|-heal|p2a: Sylveon|19\/100|[from] item: Leftovers\n|upkeep\n|turn|5\n|\n|t:|1699814787\n|move|p2b: Infernape|Mach Punch|p1a: Indeedee\n|-activate|p1a: Indeedee|move: Psychic Terrain\n|move|p2a: Sylveon|Wish|p2a: Sylveon\n|move|p1b: Yuki|Aurora Veil|p1b: Yuki\n|-sidestart|p1: SnoaeCone|move: Aurora Veil\n|move|p1a: Indeedee|Trick Room|p1a: Indeedee\n|-fieldend|move: Trick Room\n|\n|-weather|Snow|[upkeep]\n|-heal|p2a: Sylveon|25\/100|[from] item: Leftovers\n|-fieldend|move: Psychic Terrain\n|upkeep\n|turn|6\n|\n|t:|1699814830\n|move|p2b: Infernape|Mach Punch|p1b: Yuki\n|-damage|p1b: Yuki|80\/100\n|move|p1b: Yuki|Blizzard|p2b: Infernape|[spread] p2a,p2b\n|-resisted|p2b: Infernape\n|-damage|p2a: Sylveon|7\/100\n|-damage|p2b: Infernape|2\/100\n|move|p2a: Sylveon|Draining Kiss|p1a: Indeedee\n|-damage|p1a: Indeedee|80\/100\n|-heal|p2a: Sylveon|11\/100|[from] drain|[of] p1a: Indeedee\n|move|p1a: Indeedee|Trick Room|p1a: Indeedee\n|-fieldstart|move: Trick Room|[of] p1a: Indeedee\n|\n|-weather|Snow|[upkeep]\n|-heal|p2a: Sylveon|61\/100|[from] move: Wish|[wisher] Sylveon\n|-heal|p2a: Sylveon|67\/100|[from] item: Leftovers\n|upkeep\n|turn|7\n|\n|t:|1699814868\n|move|p2b: Infernape|Mach Punch|p1b: Yuki\n|-damage|p1b: Yuki|61\/100\n|move|p2a: Sylveon|Wish|p2a: Sylveon\n|move|p1a: Indeedee|Dazzling Gleam|p2a: Sylveon|[spread] p2a,p2b\n|-supereffective|p2a: Sylveon\n|-damage|p2a: Sylveon|37\/100\n|-damage|p2b: Infernape|0 fnt\n|faint|p2b: Infernape\n|move|p1b: Yuki|Blizzard|p2a: Sylveon\n|-damage|p2a: Sylveon|14\/100\n|\n|-weather|Snow|[upkeep]\n|-heal|p2a: Sylveon|20\/100|[from] item: Leftovers\n|upkeep\n|\n|t:|1699814889\n|switch|p2b: Gengar|Gengar, L50, F|100\/100\n|turn|8\n|\n|t:|1699814931\n|switch|p1a: Armarouge|Armarouge, L50, M|100\/100\n|move|p2a: Sylveon|Protect|p2a: Sylveon\n|-singleturn|p2a: Sylveon|Protect\n|move|p2b: Gengar|Sludge Bomb|p1b: Yuki\n|-supereffective|p1b: Yuki\n|-damage|p1b: Yuki|0 fnt\n|faint|p1b: Yuki\n|\n|-weather|none\n|-heal|p2a: Sylveon|70\/100|[from] move: Wish|[wisher] Sylveon\n|-heal|p2a: Sylveon|76\/100|[from] item: Leftovers\n|upkeep\n|\n|t:|1699814943\n|switch|p1b: Indeedee|Indeedee-F, L50, F, tera:Fairy|80\/100\n|-fieldstart|move: Psychic Terrain|[from] ability: Psychic Surge|[of] p1b: Indeedee\n|turn|9\n|\n|t:|1699814973\n|move|p1b: Indeedee|Helping Hand|p1a: Armarouge\n|-singleturn|p1a: Armarouge|Helping Hand|[of] p1b: Indeedee\n|move|p1a: Armarouge|Expanding Force|p2b: Gengar|[spread] p2b\n|-immune|p2a: Sylveon\n|-supereffective|p2b: Gengar\n|-damage|p2b: Gengar|0 fnt\n|faint|p2b: Gengar\n|-damage|p1a: Armarouge|91\/100|[from] item: Life Orb\n|move|p2a: Sylveon|Draining Kiss|p1a: Armarouge\n|-resisted|p1a: Armarouge\n|-damage|p1a: Armarouge|83\/100\n|-heal|p2a: Sylveon|81\/100|[from] drain|[of] p1a: Armarouge\n|\n|-heal|p2a: Sylveon|87\/100|[from] item: Leftovers\n|upkeep\n|\n|t:|1699814986\n|switch|p2b: Scizor|Scizor, L50, F|100\/100\n|turn|10\n|\n|t:|1699815019\n|move|p1a: Armarouge|Expanding Force|p2a: Sylveon|[spread] p2b\n|-immune|p2a: Sylveon\n|-resisted|p2b: Scizor\n|-damage|p2b: Scizor|41\/100\n|-damage|p1a: Armarouge|73\/100|[from] item: Life Orb\n|move|p2a: Sylveon|Wish|p2a: Sylveon\n|move|p1b: Indeedee|Dazzling Gleam|p2b: Scizor|[spread] p2a,p2b\n|-supereffective|p2a: Sylveon\n|-resisted|p2b: Scizor\n|-damage|p2a: Sylveon|59\/100\n|-damage|p2b: Scizor|27\/100\n|move|p2b: Scizor|Bug Bite|p1a: Armarouge\n|-damage|p1a: Armarouge|28\/100\n|-damage|p2b: Scizor|18\/100|[from] item: Life Orb\n|\n|-heal|p2a: Sylveon|65\/100|[from] item: Leftovers\n|-fieldend|move: Trick Room\n|upkeep\n|turn|11\n|\n|t:|1699815047\n|move|p1a: Armarouge|Protect|p1a: Armarouge\n|-singleturn|p1a: Armarouge|Protect\n|move|p1b: Indeedee|Follow Me|p1b: Indeedee\n|-singleturn|p1b: Indeedee|move: Follow Me\n|move|p2b: Scizor|Bullet Punch|p1b: Indeedee\n|-activate|p1b: Indeedee|move: Psychic Terrain\n|move|p2a: Sylveon|Draining Kiss|p1b: Indeedee\n|-damage|p1b: Indeedee|71\/100\n|-heal|p2a: Sylveon|71\/100|[from] drain|[of] p1b: Indeedee\n|\n|-heal|p2a: Sylveon|100\/100|[from] move: Wish|[wisher] Sylveon\n|upkeep\n|turn|12\n|\n|t:|1699815071\n|move|p2b: Scizor|Bug Bite|p1a: Armarouge\n|-damage|p1a: Armarouge|0 fnt\n|faint|p1a: Armarouge\n|-damage|p2b: Scizor|8\/100|[from] item: Life Orb\n|move|p2a: Sylveon|Wish|p2a: Sylveon\n|move|p1b: Indeedee|Trick Room|p1b: Indeedee\n|-fieldstart|move: Trick Room|[of] p1b: Indeedee\n|\n|-sideend|p1: SnoaeCone|move: Aurora Veil\n|upkeep\n|turn|13\n|\n|t:|1699815092\n|move|p2a: Sylveon|Hyper Voice|p1b: Indeedee\n|-damage|p1b: Indeedee|43\/100\n|move|p1b: Indeedee|Dazzling Gleam|p2a: Sylveon|[spread] p2a,p2b\n|-supereffective|p2a: Sylveon\n|-resisted|p2b: Scizor\n|-crit|p2b: Scizor\n|-damage|p2a: Sylveon|71\/100\n|-damage|p2b: Scizor|0 fnt\n|faint|p2b: Scizor\n|\n|-heal|p2a: Sylveon|100\/100|[from] move: Wish|[wisher] Sylveon\n|-fieldend|move: Psychic Terrain\n|upkeep\n|turn|14\n|\n|t:|1699815108\n|move|p1b: Indeedee|Follow Me|p1b: Indeedee\n|-singleturn|p1b: Indeedee|move: Follow Me\n|move|p2a: Sylveon|Wish|p2a: Sylveon\n|\n|upkeep\n|turn|15\n|\n|t:|1699815118\n|move|p2a: Sylveon|Draining Kiss|p1b: Indeedee\n|-damage|p1b: Indeedee|30\/100\n|move|p1b: Indeedee|Trick Room|p1b: Indeedee\n|-fieldend|move: Trick Room\n|\n|upkeep\n|turn|16\n|\n|t:|1699815129\n|move|p2a: Sylveon|Protect|p2a: Sylveon\n|-singleturn|p2a: Sylveon|Protect\n|move|p1b: Indeedee|Follow Me|p1b: Indeedee\n|-singleturn|p1b: Indeedee|move: Follow Me\n|\n|upkeep\n|turn|17\n|\n|t:|1699815139\n|move|p1b: Indeedee|Helping Hand|p1: Armarouge|[notarget]\n|-fail|p1b: Indeedee\n|move|p2a: Sylveon|Hyper Voice|p1b: Indeedee\n|-damage|p1b: Indeedee|3\/100\n|\n|upkeep\n|turn|18\n|\n|t:|1699815149\n|move|p1b: Indeedee|Helping Hand|p1: Armarouge|[notarget]\n|-fail|p1b: Indeedee\n|move|p2a: Sylveon|Wish|p2a: Sylveon\n|\n|upkeep\n|turn|19\n|\n|t:|1699815157\n|move|p2a: Sylveon|Protect|p2a: Sylveon\n|-singleturn|p2a: Sylveon|Protect\n|move|p1b: Indeedee|Dazzling Gleam|p2a: Sylveon\n|-activate|p2a: Sylveon|move: Protect\n|\n|upkeep\n|turn|20\n|\n|t:|1699815166\n|move|p2a: Sylveon|Draining Kiss|p1b: Indeedee\n|-damage|p1b: Indeedee|0 fnt\n|faint|p1b: Indeedee\n|\n|win|finsonic\n|c|&|\/uhtml prompt-snoaecone,SnoaeCone is ready for game 2!\n","uploadtime":1699815172,"views":30,"p1id":"snoaecone","p2id":"finsonic","formatid":"gen9vgc2023regulatione","rating":0,"private":0,"password":""}