{"id":"gen9vgc2023regulatione-1993920231","p1":"birdkeeperneek","p2":"Dioxide8","format":"[Gen 9] VGC 2023 Regulation E","log":"|j|\u2606birdkeeperneek\n|j|\u2606Dioxide8\n|t:|1700375600\n|gametype|doubles\n|player|p1|birdkeeperneek|102|1400\n|player|p2|Dioxide8|youngster-gen4dp|1523\n|teamsize|p1|6\n|teamsize|p2|6\n|gen|9\n|tier|[Gen 9] VGC 2023 Regulation E\n|rated|\n|rule|Species Clause: Limit one of each Pok\u00e9mon\n|rule|Item Clause: Limit one of each item\n|clearpoke\n|poke|p1|Corviknight, L50, M|\n|poke|p1|Arcanine-Hisui, L50, M|\n|poke|p1|Sinistcha-Masterpiece, L50|\n|poke|p1|Iron Hands, L50|\n|poke|p1|Heatran, L50, M|\n|poke|p1|Grimmsnarl, L50, M|\n|poke|p2|Dragonite, L50, F|\n|poke|p2|Rillaboom, L50, M|\n|poke|p2|Chi-Yu, L50|\n|poke|p2|Ogerpon-Hearthflame, L50, F|\n|poke|p2|Chien-Pao, L50|\n|poke|p2|Flutter Mane, L50|\n|teampreview|4\n|\n|t:|1700375623\n|start\n|switch|p1a: Corviknight|Corviknight, L50, M|100\/100\n|switch|p1b: Grimmsnarl|Grimmsnarl, L50, M|100\/100\n|switch|p2a: Chi-Yu|Chi-Yu, L50|100\/100\n|switch|p2b: Flutter Mane|Flutter Mane, L50, shiny|100\/100\n|-ability|p2a: Chi-Yu|Beads of Ruin\n|turn|1\n|\n|t:|1700375648\n|-terastallize|p1a: Corviknight|Dragon\n|move|p1b: Grimmsnarl|Light Screen|p1b: Grimmsnarl\n|-sidestart|p1: birdkeeperneek|move: Light Screen\n|move|p2a: Chi-Yu|Heat Wave|p1b: Grimmsnarl|[spread] p1b\n|-miss|p2a: Chi-Yu|p1a: Corviknight\n|-damage|p1b: Grimmsnarl|73\/100\n|move|p2b: Flutter Mane|Dazzling Gleam|p1a: Corviknight|[spread] p1a,p1b\n|-supereffective|p1a: Corviknight\n|-supereffective|p1b: Grimmsnarl\n|-damage|p1a: Corviknight|36\/100\n|-damage|p1b: Grimmsnarl|12\/100\n|move|p1a: Corviknight|Bulk Up|p1a: Corviknight\n|-boost|p1a: Corviknight|atk|1\n|-boost|p1a: Corviknight|def|1\n|\n|-heal|p1a: Corviknight|42\/100|[from] item: Leftovers\n|upkeep\n|turn|2\n|\n|t:|1700375683\n|move|p1a: Corviknight|Protect|p1a: Corviknight\n|-singleturn|p1a: Corviknight|Protect\n|move|p1b: Grimmsnarl|Parting Shot|p2b: Flutter Mane\n|-unboost|p2b: Flutter Mane|atk|1\n|-unboost|p2b: Flutter Mane|spa|1\n|\n|t:|1700375688\n|switch|p1b: Heatran|Heatran, L50, M|100\/100|[from] Parting Shot\n|move|p2a: Chi-Yu|Heat Wave|p1b: Heatran|[spread] \n|-activate|p1a: Corviknight|move: Protect\n|-start|p1b: Heatran|ability: Flash Fire\n|move|p2b: Flutter Mane|Dazzling Gleam|p1a: Corviknight|[spread] p1b\n|-activate|p1a: Corviknight|move: Protect\n|-resisted|p1b: Heatran\n|-damage|p1b: Heatran|95\/100\n|\n|-heal|p1a: Corviknight|48\/100|[from] item: Leftovers\n|upkeep\n|turn|3\n|\n|t:|1700375708\n|switch|p2a: Ogerpon|Ogerpon-Hearthflame, L50, F|100\/100\n|-ability|p2a: Ogerpon|Mold Breaker\n|switch|p1a: Arcanine|Arcanine-Hisui, L50, M|100\/100\n|-ability|p1a: Arcanine|Intimidate|boost\n|-unboost|p2a: Ogerpon|atk|1\n|-unboost|p2b: Flutter Mane|atk|1\n|move|p2b: Flutter Mane|Dazzling Gleam|p1b: Heatran|[spread] p1a,p1b\n|-resisted|p1a: Arcanine\n|-resisted|p1b: Heatran\n|-damage|p1a: Arcanine|91\/100\n|-damage|p1b: Heatran|90\/100\n|move|p1b: Heatran|Heat Wave|p2a: Ogerpon|[spread] p2b\n|-miss|p1b: Heatran|p2a: Ogerpon\n|-damage|p2b: Flutter Mane|28\/100\n|-damage|p1b: Heatran|80\/100|[from] item: Life Orb\n|\n|upkeep\n|turn|4\n|\n|t:|1700375738\n|-end|p2b: Flutter Mane|Protosynthesis|[silent]\n|switch|p2b: Rillaboom|Rillaboom, L50, M|100\/100\n|-fieldstart|move: Grassy Terrain|[from] ability: Grassy Surge|[of] p2b: Rillaboom\n|move|p2a: Ogerpon|Spiky Shield|p2a: Ogerpon\n|-singleturn|p2a: Ogerpon|move: Protect\n|move|p1b: Heatran|Protect|p1b: Heatran\n|-singleturn|p1b: Heatran|Protect\n|move|p1a: Arcanine|Rock Slide|p2b: Rillaboom|[spread] p2b\n|-activate|p2a: Ogerpon|move: Protect\n|-damage|p2b: Rillaboom|79\/100\n|\n|-heal|p1a: Arcanine|97\/100|[from] Grassy Terrain\n|-heal|p1b: Heatran|86\/100|[from] Grassy Terrain\n|-heal|p2b: Rillaboom|85\/100|[from] Grassy Terrain\n|upkeep\n|turn|5\n|\n|t:|1700375764\n|-end|p1b: Heatran|ability: Flash Fire|[silent]\n|switch|p1b: Corviknight|Corviknight, L50, M, tera:Dragon|48\/100\n|move|p2b: Rillaboom|Fake Out|p1a: Arcanine\n|-resisted|p1a: Arcanine\n|-damage|p1a: Arcanine|90\/100\n|move|p2a: Ogerpon|Swords Dance|p2a: Ogerpon\n|-boost|p2a: Ogerpon|atk|2\n|cant|p1a: Arcanine|flinch\n|\n|-heal|p1a: Arcanine|96\/100|[from] Grassy Terrain\n|-heal|p2b: Rillaboom|90\/100|[from] Grassy Terrain\n|-heal|p1b: Corviknight|54\/100|[from] Grassy Terrain\n|-heal|p1b: Corviknight|60\/100|[from] item: Leftovers\n|upkeep\n|turn|6\n|\n|t:|1700375799\n|move|p2a: Ogerpon|Spiky Shield|p2a: Ogerpon\n|-singleturn|p2a: Ogerpon|move: Protect\n|move|p1a: Arcanine|Rock Slide|p2a: Ogerpon|[spread] p2b\n|-activate|p2a: Ogerpon|move: Protect\n|-damage|p2b: Rillaboom|67\/100\n|move|p2b: Rillaboom|Wood Hammer|p1a: Arcanine\n|-damage|p1a: Arcanine|0 fnt\n|faint|p1a: Arcanine\n|-damage|p2b: Rillaboom|38\/100|[from] Recoil\n|move|p1b: Corviknight|Bulk Up|p1b: Corviknight\n|-boost|p1b: Corviknight|atk|1\n|-boost|p1b: Corviknight|def|1\n|\n|-heal|p2b: Rillaboom|43\/100|[from] Grassy Terrain\n|-heal|p1b: Corviknight|65\/100|[from] Grassy Terrain\n|-heal|p1b: Corviknight|71\/100|[from] item: Leftovers\n|upkeep\n|\n|t:|1700375816\n|switch|p1a: Grimmsnarl|Grimmsnarl, L50, M|12\/100\n|turn|7\n|\n|t:|1700375834\n|move|p1a: Grimmsnarl|Reflect|p1a: Grimmsnarl\n|-sidestart|p1: birdkeeperneek|Reflect\n|move|p2a: Ogerpon|Ivy Cudgel|p1b: Corviknight|[anim] Ivy Cudgel Fire\n|-resisted|p1b: Corviknight\n|-damage|p1b: Corviknight|56\/100\n|move|p2b: Rillaboom|U-turn|p1a: Grimmsnarl\n|-damage|p1a: Grimmsnarl|0 fnt\n|faint|p1a: Grimmsnarl\n|\n|t:|1700375842\n|switch|p2b: Flutter Mane|Flutter Mane, L50, shiny|28\/100|[from] U-turn\n|move|p1b: Corviknight|Power Trip|p2b: Flutter Mane\n|-damage|p2b: Flutter Mane|0 fnt\n|faint|p2b: Flutter Mane\n|-end|p2b: Flutter Mane|Protosynthesis|[silent]\n|\n|-heal|p1b: Corviknight|62\/100|[from] Grassy Terrain\n|-heal|p1b: Corviknight|68\/100|[from] item: Leftovers\n|upkeep\n|\n|t:|1700375853\n|switch|p2b: Chi-Yu|Chi-Yu, L50|100\/100\n|switch|p1a: Heatran|Heatran, L50, M|86\/100\n|-ability|p2b: Chi-Yu|Beads of Ruin\n|turn|8\n|\n|t:|1700375874\n|-terastallize|p2b: Chi-Yu|Ghost\n|move|p1a: Heatran|Protect|p1a: Heatran\n|-singleturn|p1a: Heatran|Protect\n|move|p2b: Chi-Yu|Dark Pulse|p1b: Corviknight\n|-damage|p1b: Corviknight|39\/100\n|move|p2a: Ogerpon|Ivy Cudgel|p1a: Heatran|[anim] Ivy Cudgel Fire\n|-activate|p1a: Heatran|move: Protect\n|move|p1b: Corviknight|Bulk Up|p1b: Corviknight\n|-boost|p1b: Corviknight|atk|1\n|-boost|p1b: Corviknight|def|1\n|\n|-heal|p1a: Heatran|92\/100|[from] Grassy Terrain\n|-heal|p1b: Corviknight|44\/100|[from] Grassy Terrain\n|-heal|p1b: Corviknight|50\/100|[from] item: Leftovers\n|-sideend|p1: birdkeeperneek|move: Light Screen\n|-fieldend|move: Grassy Terrain\n|upkeep\n|turn|9\n|\n|t:|1700375911\n|move|p1b: Corviknight|Protect|p1b: Corviknight\n|-singleturn|p1b: Corviknight|Protect\n|move|p2b: Chi-Yu|Dark Pulse|p1b: Corviknight\n|-activate|p1b: Corviknight|move: Protect\n|move|p2a: Ogerpon|Ivy Cudgel|p1a: Heatran|[anim] Ivy Cudgel Fire\n|-damage|p1a: Heatran|48\/100\n|move|p1a: Heatran|Heat Wave|p2a: Ogerpon|[spread] p2a,p2b\n|-damage|p2a: Ogerpon|43\/100\n|-damage|p2b: Chi-Yu|47\/100\n|-status|p2b: Chi-Yu|brn\n|-damage|p1a: Heatran|38\/100|[from] item: Life Orb\n|\n|-heal|p1b: Corviknight|56\/100|[from] item: Leftovers\n|-damage|p2b: Chi-Yu|41\/100 brn|[from] brn\n|upkeep\n|turn|10\n|\n|t:|1700375933\n|move|p1a: Heatran|Protect|p1a: Heatran\n|-singleturn|p1a: Heatran|Protect\n|move|p2b: Chi-Yu|Dark Pulse|p1b: Corviknight\n|-damage|p1b: Corviknight|10\/100\n|move|p2a: Ogerpon|Ivy Cudgel|p1a: Heatran|[anim] Ivy Cudgel Fire\n|-activate|p1a: Heatran|move: Protect\n|move|p1b: Corviknight|Power Trip|p2b: Chi-Yu\n|-supereffective|p2b: Chi-Yu\n|-damage|p2b: Chi-Yu|0 fnt\n|faint|p2b: Chi-Yu\n|\n|-heal|p1b: Corviknight|16\/100|[from] item: Leftovers\n|upkeep\n|\n|t:|1700375944\n|switch|p2b: Rillaboom|Rillaboom, L50, M|43\/100\n|-fieldstart|move: Grassy Terrain|[from] ability: Grassy Surge|[of] p2b: Rillaboom\n|turn|11\n|\n|t:|1700375965\n|move|p1a: Heatran|Protect|p1a: Heatran\n|-singleturn|p1a: Heatran|Protect\n|move|p2b: Rillaboom|Fake Out|p1b: Corviknight\n|-damage|p1b: Corviknight|12\/100\n|move|p2a: Ogerpon|Ivy Cudgel|p1a: Heatran|[anim] Ivy Cudgel Fire\n|-activate|p1a: Heatran|move: Protect\n|cant|p1b: Corviknight|flinch\n|\n|-heal|p2a: Ogerpon|49\/100|[from] Grassy Terrain\n|-heal|p1a: Heatran|44\/100|[from] Grassy Terrain\n|-heal|p2b: Rillaboom|49\/100|[from] Grassy Terrain\n|-heal|p1b: Corviknight|18\/100|[from] Grassy Terrain\n|-heal|p1b: Corviknight|24\/100|[from] item: Leftovers\n|upkeep\n|turn|12\n|\n|t:|1700375985\n|move|p2b: Rillaboom|Grassy Glide|p1b: Corviknight\n|-resisted|p1b: Corviknight\n|-damage|p1b: Corviknight|18\/100\n|move|p2a: Ogerpon|Ivy Cudgel|p1a: Heatran|[anim] Ivy Cudgel Fire\n|-damage|p1a: Heatran|0 fnt\n|faint|p1a: Heatran\n|move|p1b: Corviknight|Roost|p1b: Corviknight\n|-heal|p1b: Corviknight|68\/100\n|\n|-heal|p2a: Ogerpon|55\/100|[from] Grassy Terrain\n|-heal|p2b: Rillaboom|55\/100|[from] Grassy Terrain\n|-heal|p1b: Corviknight|74\/100|[from] Grassy Terrain\n|-heal|p1b: Corviknight|80\/100|[from] item: Leftovers\n|upkeep\n|turn|13\n|\n|t:|1700376022\n|move|p2a: Ogerpon|Swords Dance|p2a: Ogerpon\n|-boost|p2a: Ogerpon|atk|2\n|move|p2b: Rillaboom|Wood Hammer|p1b: Corviknight\n|-resisted|p1b: Corviknight\n|-damage|p1b: Corviknight|67\/100\n|-damage|p2b: Rillaboom|51\/100|[from] Recoil\n|move|p1b: Corviknight|Bulk Up|p1b: Corviknight\n|-boost|p1b: Corviknight|atk|1\n|-boost|p1b: Corviknight|def|1\n|\n|-heal|p2a: Ogerpon|61\/100|[from] Grassy Terrain\n|-heal|p2b: Rillaboom|57\/100|[from] Grassy Terrain\n|-heal|p1b: Corviknight|73\/100|[from] Grassy Terrain\n|-heal|p1b: Corviknight|79\/100|[from] item: Leftovers\n|upkeep\n|turn|14\n|\n|t:|1700376041\n|move|p2a: Ogerpon|Ivy Cudgel|p1b: Corviknight|[anim] Ivy Cudgel Fire\n|-resisted|p1b: Corviknight\n|-damage|p1b: Corviknight|66\/100\n|move|p2b: Rillaboom|Wood Hammer|p1b: Corviknight\n|-resisted|p1b: Corviknight\n|-damage|p1b: Corviknight|55\/100\n|-damage|p2b: Rillaboom|53\/100|[from] Recoil\n|move|p1b: Corviknight|Power Trip|p2a: Ogerpon\n|-damage|p2a: Ogerpon|0 fnt\n|faint|p2a: Ogerpon\n|\n|-heal|p2b: Rillaboom|58\/100|[from] Grassy Terrain\n|-heal|p1b: Corviknight|60\/100|[from] Grassy Terrain\n|-heal|p1b: Corviknight|66\/100|[from] item: Leftovers\n|-sideend|p1: birdkeeperneek|Reflect\n|upkeep\n|turn|15\n|c|\u2606Dioxide8|Gg\n|\n|t:|1700376061\n|move|p2b: Rillaboom|Wood Hammer|p1b: Corviknight\n|-resisted|p1b: Corviknight\n|-damage|p1b: Corviknight|49\/100\n|-damage|p2b: Rillaboom|53\/100|[from] Recoil\n|move|p1b: Corviknight|Power Trip|p2b: Rillaboom\n|-crit|p2b: Rillaboom\n|-damage|p2b: Rillaboom|0 fnt\n|faint|p2b: Rillaboom\n|\n|win|birdkeeperneek\n|raw|birdkeeperneek's rating: 1400 &rarr; <strong>1427<\/strong><br \/>(+27 for winning)\n|raw|Dioxide8's rating: 1523 &rarr; <strong>1496<\/strong><br \/>(-27 for losing)\n|c|\u2606birdkeeperneek|You can still; crit\n|c|\u2606birdkeeperneek|GG\n","uploadtime":1700376072,"views":7,"p1id":"birdkeeperneek","p2id":"dioxide8","formatid":"gen9vgc2023regulatione","rating":1427,"private":0,"password":""}