{"id":"gen9vgc2023regulatione-1993177214","p1":"2dogsbuyingham","p2":"also known as aka","format":"[Gen 9] VGC 2023 Regulation E","log":"|j|\u26062dogsbuyingham\n|j|\u2606also known as aka\n|t:|1700274228\n|gametype|doubles\n|player|p1|2dogsbuyingham|1|1071\n|player|p2|also known as aka|266|1080\n|teamsize|p1|6\n|teamsize|p2|6\n|gen|9\n|tier|[Gen 9] VGC 2023 Regulation E\n|rated|\n|rule|Species Clause: Limit one of each Pok\u00e9mon\n|rule|Item Clause: Limit one of each item\n|clearpoke\n|poke|p1|Iron Hands, L50|\n|poke|p1|Cresselia, L50, F|\n|poke|p1|Sinistcha, L50|\n|poke|p1|Ursaluna-Bloodmoon, L50, M|\n|poke|p1|Kingambit, L50, F|\n|poke|p1|Farigiraf, L50, F|\n|poke|p2|Tornadus, L50, M|\n|poke|p2|Arcanine-Hisui, L50, F|\n|poke|p2|Iron Hands, L50|\n|poke|p2|Gholdengo, L50|\n|poke|p2|Urshifu-*, L50, M|\n|poke|p2|Ogerpon-Wellspring, L50, F|\n|teampreview|4\n|inactive|Battle timer is ON: inactive players will automatically lose when time's up. (requested by 2dogsbuyingham)\n2dogsbuyingham has agreed to open team sheets.\nalso known as aka has agreed to open team sheets.\n|inactive|2dogsbuyingham has 30 seconds left.\n|inactive|also known as aka has 30 seconds left.\n|\n|t:|1700274278\n|start\n|switch|p1a: Kingambit|Kingambit, L50, F|100\/100\n|switch|p1b: Farigiraf|Farigiraf, L50, F|100\/100\n|switch|p2a: Tornadus|Tornadus, L50, M|100\/100\n|switch|p2b: Iron Hands|Iron Hands, L50|100\/100\n|turn|1\n|inactive|2dogsbuyingham has 30 seconds left.\n|inactive|also known as aka has 30 seconds left.\n|inactive|2dogsbuyingham has 20 seconds left.\n|\n|t:|1700274315\n|switch|p1b: Iron Hands|Iron Hands, L50|100\/100\n|-terastallize|p1a: Kingambit|Poison\n|move|p2a: Tornadus|Bleakwind Storm|p1b: Iron Hands|[spread] p1b\n|-miss|p2a: Tornadus|p1a: Kingambit\n|-damage|p1b: Iron Hands|79\/100\n|move|p2b: Iron Hands|Wild Charge|p1a: Kingambit\n|-damage|p1a: Kingambit|66\/100\n|-damage|p2b: Iron Hands|93\/100|[from] Recoil\n|move|p1a: Kingambit|Kowtow Cleave|p2a: Tornadus\n|-damage|p2a: Tornadus|45\/100\n|\n|upkeep\n|turn|2\n|\n|t:|1700274337\n|move|p1b: Iron Hands|Fake Out|p2b: Iron Hands\n|-damage|p2b: Iron Hands|86\/100\n|move|p2a: Tornadus|Tailwind|p2a: Tornadus\n|-sidestart|p2: also known as aka|move: Tailwind\n|cant|p2b: Iron Hands|flinch\n|move|p1a: Kingambit|Kowtow Cleave|p2a: Tornadus\n|-damage|p2a: Tornadus|0 fnt\n|faint|p2a: Tornadus\n|\n|upkeep\n|\n|t:|1700274345\n|switch|p2a: Urshifu|Urshifu-Rapid-Strike, L50, M|100\/100\n|turn|3\n|\n|t:|1700274366\n|-end|p1b: Iron Hands|Quark Drive|[silent]\n|switch|p1b: Farigiraf|Farigiraf, L50, F|100\/100\n|-terastallize|p2a: Urshifu|Water\n|move|p1a: Kingambit|Sucker Punch|p2b: Iron Hands\n|-resisted|p2b: Iron Hands\n|-damage|p2b: Iron Hands|72\/100\n|move|p2a: Urshifu|Close Combat|p1b: Farigiraf\n|-damage|p1b: Farigiraf|56\/100\n|-unboost|p2a: Urshifu|def|1\n|-unboost|p2a: Urshifu|spd|1\n|move|p2b: Iron Hands|Drain Punch|p1b: Farigiraf\n|-damage|p1b: Farigiraf|25\/100\n|-heal|p2b: Iron Hands|87\/100|[from] drain|[of] p1b: Farigiraf\n|\n|upkeep\n|turn|4\n|\n|t:|1700274390\n|switch|p1a: Sinistcha|Sinistcha, L50|100\/100\n|-heal|p1b: Farigiraf|49\/100|[from] ability: Hospitality|[of] p1a: Sinistcha\n|move|p2a: Urshifu|Close Combat|p1b: Farigiraf\n|-damage|p1b: Farigiraf|4\/100\n|-unboost|p2a: Urshifu|def|1\n|-unboost|p2a: Urshifu|spd|1\n|move|p2b: Iron Hands|Wild Charge|p1a: Sinistcha\n|-resisted|p1a: Sinistcha\n|-damage|p1a: Sinistcha|81\/100\n|-damage|p2b: Iron Hands|70\/100|[from] item: Rocky Helmet|[of] p1a: Sinistcha\n|-damage|p2b: Iron Hands|66\/100|[from] Recoil\n|move|p1b: Farigiraf|Psychic|p2b: Iron Hands\n|-supereffective|p2b: Iron Hands\n|-damage|p2b: Iron Hands|32\/100\n|\n|upkeep\n|turn|5\n|inactive|2dogsbuyingham has 30 seconds left.\n|inactive|also known as aka has 30 seconds left.\n|inactive|2dogsbuyingham has 20 seconds left.\n|inactive|2dogsbuyingham has 15 seconds left.\n|inactive|2dogsbuyingham has 10 seconds left.\n|inactive|2dogsbuyingham has 5 seconds left.\n|\n|t:|1700274442\n|switch|p2a: Ogerpon|Ogerpon-Wellspring, L50, F|100\/100\n|move|p2b: Iron Hands|Drain Punch|p1b: Farigiraf\n|-crit|p1b: Farigiraf\n|-damage|p1b: Farigiraf|0 fnt\n|-heal|p2b: Iron Hands|33\/100|[from] drain|[of] p1b: Farigiraf\n|faint|p1b: Farigiraf\n|move|p1a: Sinistcha|Strength Sap|p2a: Ogerpon\n|-unboost|p2a: Ogerpon|atk|1\n|-heal|p1a: Sinistcha|100\/100\n|\n|-sideend|p2: also known as aka|move: Tailwind\n|upkeep\n|\n|t:|1700274462\n|switch|p1b: Kingambit|Kingambit, L50, F, tera:Poison|66\/100\n|turn|6\n|\n|t:|1700274472\n|move|p2a: Ogerpon|Spiky Shield|p2a: Ogerpon\n|-singleturn|p2a: Ogerpon|move: Protect\n|move|p1a: Sinistcha|Rage Powder|p1a: Sinistcha\n|-singleturn|p1a: Sinistcha|move: Rage Powder\n|move|p2b: Iron Hands|Wild Charge|p1a: Sinistcha\n|-resisted|p1a: Sinistcha\n|-damage|p1a: Sinistcha|79\/100\n|-damage|p2b: Iron Hands|17\/100|[from] item: Rocky Helmet|[of] p1a: Sinistcha\n|-damage|p2b: Iron Hands|13\/100|[from] Recoil\n|move|p1b: Kingambit|Poison Jab|p2a: Ogerpon\n|-activate|p2a: Ogerpon|move: Protect\n|-damage|p1b: Kingambit|54\/100|[from] Spiky Shield|[of] p2a: Ogerpon\n|\n|upkeep\n|turn|7\n|\n|t:|1700274490\n|move|p1b: Kingambit|Sucker Punch|p2b: Iron Hands\n|-resisted|p2b: Iron Hands\n|-damage|p2b: Iron Hands|0 fnt\n|faint|p2b: Iron Hands\n|-end|p2b: Iron Hands|Quark Drive|[silent]\n|move|p2a: Ogerpon|Ivy Cudgel|p1b: Kingambit|[anim] Ivy Cudgel Water\n|-crit|p1b: Kingambit\n|-damage|p1b: Kingambit|0 fnt\n|faint|p1b: Kingambit\n|move|p1a: Sinistcha|Strength Sap|p2a: Ogerpon\n|-unboost|p2a: Ogerpon|atk|1\n|-heal|p1a: Sinistcha|100\/100\n|\n|upkeep\n|\n|t:|1700274503\n|switch|p2b: Urshifu|Urshifu-Rapid-Strike, L50, M, tera:Water|100\/100\n|switch|p1b: Iron Hands|Iron Hands, L50|79\/100\n|turn|8\n|\n|t:|1700274512\n|move|p1b: Iron Hands|Fake Out|p2b: Urshifu\n|-crit|p2b: Urshifu\n|-damage|p2b: Urshifu|84\/100\n|move|p2a: Ogerpon|Follow Me|p2a: Ogerpon\n|-singleturn|p2a: Ogerpon|move: Follow Me\n|cant|p2b: Urshifu|flinch\n|move|p1a: Sinistcha|Trick Room|p1a: Sinistcha\n|-fieldstart|move: Trick Room|[of] p1a: Sinistcha\n|\n|upkeep\n|turn|9\n|\n|t:|1700274536\n|move|p1a: Sinistcha|Rage Powder|p1a: Sinistcha\n|-singleturn|p1a: Sinistcha|move: Rage Powder\n|move|p1b: Iron Hands|Drain Punch|p2b: Urshifu\n|-damage|p2b: Urshifu|52\/100\n|-heal|p1b: Iron Hands|91\/100|[from] drain|[of] p2b: Urshifu\n|move|p2a: Ogerpon|Power Whip|p1b: Iron Hands\n|-damage|p1b: Iron Hands|72\/100\n|move|p2b: Urshifu|Surging Strikes|p1a: Sinistcha\n|-resisted|p1a: Sinistcha\n|-crit|p1a: Sinistcha\n|-damage|p1a: Sinistcha|88\/100\n|-damage|p2b: Urshifu|36\/100|[from] item: Rocky Helmet|[of] p1a: Sinistcha\n|-resisted|p1a: Sinistcha\n|-crit|p1a: Sinistcha\n|-damage|p1a: Sinistcha|75\/100\n|-damage|p2b: Urshifu|19\/100|[from] item: Rocky Helmet|[of] p1a: Sinistcha\n|-resisted|p1a: Sinistcha\n|-crit|p1a: Sinistcha\n|-damage|p1a: Sinistcha|63\/100\n|-damage|p2b: Urshifu|3\/100|[from] item: Rocky Helmet|[of] p1a: Sinistcha\n|-hitcount|p1a: Sinistcha|3\n|\n|upkeep\n|turn|10\n|inactive|also known as aka has 30 seconds left.\n|inactive|also known as aka has 20 seconds left.\n|\n|t:|1700274572\n|move|p2a: Ogerpon|Follow Me|p2a: Ogerpon\n|-singleturn|p2a: Ogerpon|move: Follow Me\n|move|p1b: Iron Hands|Drain Punch|p2a: Ogerpon\n|-damage|p2a: Ogerpon|63\/100\n|-heal|p1b: Iron Hands|86\/100|[from] drain|[of] p2a: Ogerpon\n|move|p1a: Sinistcha|Strength Sap|p2a: Ogerpon\n|-unboost|p2a: Ogerpon|atk|1\n|-heal|p1a: Sinistcha|100\/100\n|move|p2b: Urshifu|Surging Strikes|p1a: Sinistcha\n|-resisted|p1a: Sinistcha\n|-crit|p1a: Sinistcha\n|-damage|p1a: Sinistcha|89\/100\n|-damage|p2b: Urshifu|0 fnt|[from] item: Rocky Helmet|[of] p1a: Sinistcha\n|faint|p2b: Urshifu\n|-hitcount|p1a: Sinistcha|1\n|\n|upkeep\n|turn|11\n|-message|also known as aka forfeited.\n|\n|win|2dogsbuyingham\n|raw|2dogsbuyingham's rating: 1071 &rarr; <strong>1101<\/strong><br \/>(+30 for winning)\n|raw|also known as aka's rating: 1080 &rarr; <strong>1057<\/strong><br \/>(-23 for losing)\n|l|\u2606also known as aka\n","uploadtime":1700274593,"views":24,"p1id":"2dogsbuyingham","p2id":"alsoknownasaka","formatid":"gen9vgc2023regulatione","rating":1057,"private":0,"password":""}