{"id":"gen9vgc2023regulatione-2000010683","p1":"Pasodoble","p2":"ChuyMcfly","format":"[Gen 9] VGC 2023 Regulation E","log":"|j|\u2606Pasodoble\n|j|\u2606ChuyMcfly\n|t:|1701140850\n|gametype|doubles\n|player|p1|Pasodoble|170|\n|player|p2|ChuyMcfly|guzma|\n|teamsize|p1|6\n|teamsize|p2|6\n|gen|9\n|tier|[Gen 9] VGC 2023 Regulation E\n|rated|Tournament battle\n|rule|Species Clause: Limit one of each Pok\u00e9mon\n|rule|Item Clause: Limit one of each item\n|clearpoke\n|poke|p1|Dondozo, L50, F|\n|poke|p1|Tatsugiri, L50, M|\n|poke|p1|Iron Hands, L50|\n|poke|p1|Gholdengo, L50|\n|poke|p1|Ogerpon-Wellspring, L50, F|\n|poke|p1|Arcanine-Hisui, L50, M|\n|poke|p2|Iron Hands, L50|\n|poke|p2|Urshifu-*, L50, M|\n|poke|p2|Sinistcha-Masterpiece, L50|\n|poke|p2|Volcarona, L50, F|\n|poke|p2|Moltres-Galar, L50|\n|poke|p2|Maushold, L50|\n|teampreview|4\nPasodoble has agreed to open team sheets.\nChuyMcfly has agreed to open team sheets.\n|showteam|p1|Dondozo||Leftovers|Unaware|OrderUp,Protect,WaveCrash,Substitute|||F|||50|,,,,,Dragon]Tatsugiri||RockyHelmet|Commander|DracoMeteor,Protect,MuddyWater,Surf|||M|||50|,,,,,Water]Iron Hands||AssaultVest|QuarkDrive|FakeOut,WildCharge,DrainPunch,VoltSwitch||||||50|,,,,,Water]Gholdengo||ChoiceSpecs|GoodasGold|Trick,MakeItRain,ShadowBall,Psyshock||||||50|,,,,,Steel]Ogerpon-Wellspring||WellspringMask|WaterAbsorb|FollowMe,IvyCudgel,SpikyShield,HornLeech|||F|||50|,,,,,Water]Arcanine-Hisui||ChoiceBand|Intimidate|RockSlide,ExtremeSpeed,FlareBlitz,HeatCrash|||M|||50|,,,,,Normal\n|showteam|p2|Iron Hands||BoosterEnergy|QuarkDrive|BellyDrum,DrainPunch,RockSlide,HeavySlam||||||50|,,,,,Poison]Urshifu-Rapid-Strike||ChoiceScarf|UnseenFist|SurgingStrikes,CloseCombat,Uturn,RockSlide|||M|||50|,,,,,Water]Sinistcha-Masterpiece||MentalHerb|Hospitality|StrengthSap,MatchaGotcha,Imprison,TrickRoom||||||50|,,,,,Fire]Volcarona||RockyHelmet|FlameBody|RagePowder,QuiverDance,HeatWave,GigaDrain|||F|||50|,,,,,Grass]Moltres-Galar||AguavBerry|Berserk|NastyPlot,FieryWrath,Protect,AirSlash||||||50|,,,,,Poison]Maushold||WideLens|FriendGuard|PopulationBomb,FollowMe,SuperFang,Encore||||||50|,,,,,Normal\n|j|%Radio Free C-Side\n|j| TheOrthwormJim\n|\n|t:|1701140934\n|start\n|switch|p1a: Merkabah|Dondozo, L50, F, shiny|100\/100\n|switch|p1b: Wonka|Gholdengo, L50|100\/100\n|switch|p2a: Maushold|Maushold, L50|100\/100\n|switch|p2b: Sinistcha|Sinistcha-Masterpiece, L50|100\/100\n|turn|1\n|c| TheOrthwormJim|Is it bo3 or no\n|j| Flarefox_7\n|l| Flarefox_7\n|\n|t:|1701140966\n|move|p1a: Merkabah|Protect|p1a: Merkabah\n|-singleturn|p1a: Merkabah|Protect\n|move|p2a: Maushold|Follow Me|p2a: Maushold\n|-singleturn|p2a: Maushold|move: Follow Me\n|move|p1b: Wonka|Trick|p2a: Maushold\n|-activate|p1b: Wonka|move: Trick|[of] p2a: Maushold\n|-item|p2a: Maushold|Choice Specs|[from] move: Trick\n|-item|p1b: Wonka|Wide Lens|[from] move: Trick\n|move|p2b: Sinistcha|Trick Room|p2b: Sinistcha\n|-fieldstart|move: Trick Room|[of] p2b: Sinistcha\n|\n|upkeep\n|turn|2\n|j| Xmann0025\n|\n|t:|1701140993\n|move|p1a: Merkabah|Substitute|p1a: Merkabah\n|-start|p1a: Merkabah|Substitute\n|-damage|p1a: Merkabah|75\/100\n|move|p2b: Sinistcha|Matcha Gotcha|p1b: Wonka|[spread] p1a,p1b\n|-supereffective|p1a: Merkabah\n|-end|p1a: Merkabah|Substitute\n|-resisted|p1b: Wonka\n|-crit|p1b: Wonka\n|-damage|p1b: Wonka|83\/100\n|move|p1b: Wonka|Make It Rain|p2a: Maushold|[spread] p2a,p2b\n|-damage|p2a: Maushold|31\/100\n|-damage|p2b: Sinistcha|64\/100\n|-unboost|p1b: Wonka|spa|1\n|move|p2a: Maushold|Super Fang|p1a: Merkabah\n|-damage|p1a: Merkabah|38\/100\n|\n|-heal|p1a: Merkabah|44\/100|[from] item: Leftovers\n|upkeep\n|turn|3\n|\n|t:|1701141019\n|switch|p2a: Iron Hands|Iron Hands, L50, shiny|100\/100\n|-enditem|p2a: Iron Hands|Booster Energy\n|-activate|p2a: Iron Hands|ability: Quark Drive|[fromitem]\n|-start|p2a: Iron Hands|quarkdriveatk\n|move|p1a: Merkabah|Protect|p1a: Merkabah\n|-singleturn|p1a: Merkabah|Protect\n|move|p2b: Sinistcha|Matcha Gotcha|p1b: Wonka|[spread] p1b\n|-activate|p1a: Merkabah|move: Protect\n|-resisted|p1b: Wonka\n|-damage|p1b: Wonka|72\/100\n|-heal|p2b: Sinistcha|71\/100|[from] drain|[of] p1b: Wonka\n|move|p1b: Wonka|Make It Rain|p2a: Iron Hands|[spread] p2a,p2b\n|-resisted|p2a: Iron Hands\n|-damage|p2a: Iron Hands|88\/100\n|-damage|p2b: Sinistcha|34\/100\n|-unboost|p1b: Wonka|spa|1\n|\n|-heal|p1a: Merkabah|50\/100|[from] item: Leftovers\n|upkeep\n|turn|4\n|\n|t:|1701141061\n|move|p1a: Merkabah|Protect||[still]\n|-fail|p1a: Merkabah\n|move|p2a: Iron Hands|Belly Drum|p2a: Iron Hands\n|-damage|p2a: Iron Hands|38\/100\n|-setboost|p2a: Iron Hands|atk|6|[from] move: Belly Drum\n|move|p2b: Sinistcha|Matcha Gotcha|p1b: Wonka|[spread] p1a,p1b\n|-supereffective|p1a: Merkabah\n|-resisted|p1b: Wonka\n|-damage|p1a: Merkabah|7\/100\n|-heal|p2b: Sinistcha|62\/100|[from] drain|[of] p1a: Merkabah\n|-damage|p1b: Wonka|59\/100\n|-heal|p2b: Sinistcha|70\/100|[from] drain|[of] p1b: Wonka\n|move|p1b: Wonka|Shadow Ball|p2b: Sinistcha\n|-supereffective|p2b: Sinistcha\n|-damage|p2b: Sinistcha|21\/100\n|\n|-heal|p1a: Merkabah|13\/100|[from] item: Leftovers\n|upkeep\n|turn|5\n|j| Cleeks\n|\n|t:|1701141109\n|move|p1a: Merkabah|Protect|p1a: Merkabah\n|-singleturn|p1a: Merkabah|Protect\n|move|p2a: Iron Hands|Heavy Slam|p1b: Wonka\n|-resisted|p1b: Wonka\n|-damage|p1b: Wonka|0 fnt\n|faint|p1b: Wonka\n|move|p2b: Sinistcha|Strength Sap|p1a: Merkabah\n|-activate|p1a: Merkabah|move: Protect\n|\n|-heal|p1a: Merkabah|19\/100|[from] item: Leftovers\n|-fieldend|move: Trick Room\n|upkeep\n|l| Cleeks\n|\n|t:|1701141121\n|switch|p1b: Arcanine|Arcanine-Hisui, L50, M|100\/100\n|-ability|p1b: Arcanine|Intimidate|boost\n|-unboost|p2a: Iron Hands|atk|1\n|-unboost|p2b: Sinistcha|atk|1\n|turn|6\n|\n|t:|1701141152\n|switch|p2b: Maushold|Maushold, L50|31\/100\n|-terastallize|p2a: Iron Hands|Poison\n|move|p1b: Arcanine|Rock Slide|p2a: Iron Hands|[spread] p2a,p2b\n|-damage|p2a: Iron Hands|16\/100\n|-damage|p2b: Maushold|0 fnt\n|faint|p2b: Maushold\n|move|p1a: Merkabah|Wave Crash|p2a: Iron Hands\n|-crit|p2a: Iron Hands\n|-damage|p2a: Iron Hands|0 fnt\n|faint|p2a: Iron Hands\n|-end|p2a: Iron Hands|Quark Drive|[silent]\n|-damage|p1a: Merkabah|14\/100|[from] Recoil\n|\n|-heal|p1a: Merkabah|20\/100|[from] item: Leftovers\n|upkeep\n|\n|t:|1701141166\n|switch|p2b: Sinistcha|Sinistcha-Masterpiece, L50|21\/100\n|switch|p2a: Moltres|Moltres-Galar, L50, shiny|100\/100\n|turn|7\n|\n|t:|1701141196\n|switch|p1a: Capablanca|Tatsugiri, L50, M|100\/100\n|move|p2a: Moltres|Protect|p2a: Moltres\n|-singleturn|p2a: Moltres|Protect\n|move|p1b: Arcanine|Rock Slide|p2a: Moltres|[spread] p2b\n|-activate|p2a: Moltres|move: Protect\n|-damage|p2b: Sinistcha|0 fnt\n|faint|p2b: Sinistcha\n|\n|upkeep\n|turn|8\n|\n|t:|1701141217\n|move|p1b: Arcanine|Rock Slide|p2a: Moltres\n|-supereffective|p2a: Moltres\n|-damage|p2a: Moltres|11\/100\n|-ability|p2a: Moltres|Berserk|boost\n|-boost|p2a: Moltres|spa|1\n|-enditem|p2a: Moltres|Aguav Berry|[eat]\n|-heal|p2a: Moltres|44\/100|[from] item: Aguav Berry\n|cant|p2a: Moltres|flinch\n|move|p1a: Capablanca|Draco Meteor|p2a: Moltres\n|-damage|p2a: Moltres|0 fnt\n|-unboost|p1a: Capablanca|spa|2\n|faint|p2a: Moltres\n|\n|win|Pasodoble\n|n|\u2606Pasodoble|pasodoble\n|n|\u2606ChuyMcfly|chuymcfly\n|n| Radio Free C-Side|radiofreecside\n|n| TheOrthwormJim|theorthwormjim\n|n| Xmann0025|xmann0025\n","uploadtime":1701141218,"views":1,"p1id":"pasodoble","p2id":"chuymcfly","formatid":"gen9vgc2023regulatione","rating":0,"private":0,"password":""}