{"id":"gen9vgc2023regulatione-1988319700","p1":"Maclazzy07","p2":"aaooa","format":"[Gen 9] VGC 2023 Regulation E","log":"|j|\u2606Maclazzy07\n|j|\u2606aaooa\n|t:|1699707847\n|gametype|doubles\n|player|p1|Maclazzy07|265|1118\n|player|p2|aaooa|101|1210\n|teamsize|p1|6\n|teamsize|p2|6\n|gen|9\n|tier|[Gen 9] VGC 2023 Regulation E\n|rated|\n|rule|Species Clause: Limit one of each Pok\u00e9mon\n|rule|Item Clause: Limit one of each item\n|clearpoke\n|poke|p1|Flutter Mane, L50|\n|poke|p1|Arcanine-Hisui, L50, F|\n|poke|p1|Rillaboom, L50, F|\n|poke|p1|Empoleon, L50, M|\n|poke|p1|Regieleki, L50|\n|poke|p1|Gholdengo, L50|\n|poke|p2|Kommo-o, L50, F|\n|poke|p2|Chien-Pao, L50|\n|poke|p2|Ceruledge, L50, M|\n|poke|p2|Weezing-Galar, L50, F|\n|poke|p2|Zoroark-Hisui, L50, F|\n|poke|p2|Flutter Mane, L50|\n|teampreview|4\n|\n|t:|1699707889\n|start\n|switch|p1a: Arcanine|Arcanine-Hisui, L50, F|100\/100\n|switch|p1b: Flutter Mane|Flutter Mane, L50|100\/100\n|switch|p2a: Weezing|Weezing-Galar, L50, F|100\/100\n|switch|p2b: Chien-Pao|Chien-Pao, L50|100\/100\n|-ability|p2a: Weezing|Neutralizing Gas\n|-item|p2a: Weezing|Air Balloon\n|turn|1\n|\n|t:|1699707911\n|switch|p2b: Kommo-o|Kommo-o, L50, F|100\/100\n|move|p1b: Flutter Mane|Psyshock|p2a: Weezing\n|-supereffective|p2a: Weezing\n|-damage|p2a: Weezing|47\/100\n|-enditem|p2a: Weezing|Air Balloon\n|move|p1a: Arcanine|Rock Slide|p2a: Weezing|[spread] p2a,p2b\n|-resisted|p2b: Kommo-o\n|-damage|p2a: Weezing|20\/100\n|-damage|p2b: Kommo-o|85\/100\n|cant|p2a: Weezing|flinch\n|\n|upkeep\n|turn|2\n|\n|t:|1699707934\n|-terastallize|p2b: Kommo-o|Steel\n|move|p1a: Arcanine|Protect|p1a: Arcanine\n|-singleturn|p1a: Arcanine|Protect\n|move|p1b: Flutter Mane|Psyshock|p2a: Weezing\n|-supereffective|p2a: Weezing\n|-damage|p2a: Weezing|0 fnt\n|faint|p2a: Weezing\n|-end|p2a: Weezing|ability: Neutralizing Gas\n|-ability|p1a: Arcanine|Intimidate|boost\n|-unboost|p2b: Kommo-o|atk|1\n|move|p2b: Kommo-o|Flash Cannon|p1b: Flutter Mane\n|-supereffective|p1b: Flutter Mane\n|-damage|p1b: Flutter Mane|30\/100\n|\n|upkeep\n|\n|t:|1699707962\n|switch|p2a: Chien-Pao|Chien-Pao, L50|100\/100\n|-ability|p2a: Chien-Pao|Sword of Ruin\n|turn|3\n|\n|t:|1699707978\n|move|p1b: Flutter Mane|Protect|p1b: Flutter Mane\n|-singleturn|p1b: Flutter Mane|Protect\n|move|p2b: Kommo-o|Vacuum Wave|p1a: Arcanine\n|-supereffective|p1a: Arcanine\n|-damage|p1a: Arcanine|59\/100\n|move|p2a: Chien-Pao|Sacred Sword|p1a: Arcanine\n|-supereffective|p1a: Arcanine\n|-damage|p1a: Arcanine|0 fnt\n|faint|p1a: Arcanine\n|\n|upkeep\n|\n|t:|1699707997\n|switch|p1a: Gholdengo|Gholdengo, L50|100\/100\n|turn|4\n|\n|t:|1699708036\n|move|p1a: Gholdengo|Protect|p1a: Gholdengo\n|-singleturn|p1a: Gholdengo|Protect\n|move|p2a: Chien-Pao|Ice Shard|p1b: Flutter Mane\n|-damage|p1b: Flutter Mane|0 fnt\n|faint|p1b: Flutter Mane\n|-end|p1b: Flutter Mane|Protosynthesis|[silent]\n|move|p2b: Kommo-o|Clangorous Soul|p2b: Kommo-o\n|-boost|p2b: Kommo-o|atk|1\n|-boost|p2b: Kommo-o|def|1\n|-boost|p2b: Kommo-o|spa|1\n|-boost|p2b: Kommo-o|spd|1\n|-boost|p2b: Kommo-o|spe|1\n|-damage|p2b: Kommo-o|52\/100\n|-enditem|p2b: Kommo-o|Throat Spray\n|-boost|p2b: Kommo-o|spa|1|[from] item: Throat Spray\n|\n|upkeep\n|\n|t:|1699708052\n|switch|p1b: Empoleon|Empoleon, L50, M|100\/100\n|turn|5\n|\n|t:|1699708074\n|move|p1a: Gholdengo|Protect||[still]\n|-fail|p1a: Gholdengo\n|move|p2b: Kommo-o|Vacuum Wave|p1b: Empoleon\n|-supereffective|p1b: Empoleon\n|-damage|p1b: Empoleon|60\/100\n|move|p2a: Chien-Pao|Sacred Sword|p1b: Empoleon\n|-supereffective|p1b: Empoleon\n|-damage|p1b: Empoleon|0 fnt\n|faint|p1b: Empoleon\n|\n|upkeep\n|turn|6\n|-message|Maclazzy07 forfeited.\n|\n|win|aaooa\n|raw|Maclazzy07's rating: 1118 &rarr; <strong>1099<\/strong><br \/>(-19 for losing)\n|raw|aaooa's rating: 1210 &rarr; <strong>1229<\/strong><br \/>(+19 for winning)\n","uploadtime":1699708447,"views":152,"p1id":"maclazzy07","p2id":"aaooa","formatid":"gen9vgc2023regulatione","rating":1099,"private":0,"password":""}