{"id":"gen9vgc2023regulatione-1989824255","p1":"MasahiroHimuro","p2":"AvianRoseline","format":"[Gen 9] VGC 2023 Regulation E","log":"|j|\u2606MasahiroHimuro\n|j|\u2606AvianRoseline\n|t:|1699898810\n|gametype|doubles\n|player|p1|MasahiroHimuro|bruno|1126\n|player|p2|AvianRoseline|cynthia-gen4|1127\n|teamsize|p1|6\n|teamsize|p2|6\n|gen|9\n|tier|[Gen 9] VGC 2023 Regulation E\n|rated|\n|rule|Species Clause: Limit one of each Pok\u00e9mon\n|rule|Item Clause: Limit one of each item\n|clearpoke\n|poke|p1|Pyroar, L50, M|\n|poke|p1|Sinistcha, L50|\n|poke|p1|Ambipom, L50, M|\n|poke|p1|Salamence, L50, F|\n|poke|p1|Toedscruel, L50, M|\n|poke|p1|Greninja-*, L50, F|\n|poke|p2|Ditto, L50|\n|poke|p2|Snorlax, L50, F|\n|poke|p2|Ogerpon-Hearthflame, L50, F|\n|poke|p2|Cresselia, L50, F|\n|poke|p2|Baxcalibur, L50, F|\n|poke|p2|Glastrier, L50|\n|teampreview|4\n|\n|t:|1699898851\n|start\n|switch|p1a: Salamence|Salamence, L50, F|100\/100\n|switch|p1b: Toedscruel|Toedscruel, L50, M|100\/100\n|switch|p2a: Support Madness|Cresselia, L50, F, shiny|100\/100\n|switch|p2b: Snoozelax|Snorlax, L50, F, shiny|100\/100\n|-ability|p1a: Salamence|Intimidate|boost\n|-unboost|p2a: Support Madness|atk|1\n|-unboost|p2b: Snoozelax|atk|1\n|turn|1\n|\n|t:|1699898876\n|move|p1a: Salamence|Heat Wave|p2b: Snoozelax|[spread] p2a,p2b\n|-damage|p2a: Support Madness|79\/100\n|-damage|p2b: Snoozelax|91\/100\n|-status|p2b: Snoozelax|brn\n|-damage|p1a: Salamence|91\/100|[from] item: Life Orb\n|move|p2a: Support Madness|Psychic|p1b: Toedscruel\n|-damage|p1b: Toedscruel|80\/100\n|move|p2b: Snoozelax|Belly Drum|p2b: Snoozelax\n|-damage|p2b: Snoozelax|41\/100 brn\n|-setboost|p2b: Snoozelax|atk|6|[from] move: Belly Drum\n|move|p1b: Toedscruel|Trick Room|p1b: Toedscruel\n|-fieldstart|move: Trick Room|[of] p1b: Toedscruel\n|\n|-heal|p1b: Toedscruel|86\/100|[from] item: Leftovers\n|-damage|p2b: Snoozelax|35\/100 brn|[from] brn\n|upkeep\n|turn|2\n|\n|t:|1699898907\n|-terastallize|p2b: Snoozelax|Fairy\n|move|p1b: Toedscruel|Rage Powder|p1b: Toedscruel\n|-singleturn|p1b: Toedscruel|move: Rage Powder\n|move|p2b: Snoozelax|Body Slam|p1b: Toedscruel\n|-damage|p1b: Toedscruel|0 fnt\n|faint|p1b: Toedscruel\n|move|p2a: Support Madness|Lunar Blessing|p2a: Support Madness|[spread] p2a,p2b\n|-heal|p2a: Support Madness|100\/100\n|-heal|p2b: Snoozelax|60\/100 brn\n|-curestatus|p2b: Snoozelax|brn|[msg]\n|move|p1a: Salamence|Heat Wave|p2a: Support Madness|[spread] p2b\n|-miss|p1a: Salamence|p2a: Support Madness\n|-damage|p2b: Snoozelax|51\/100\n|-damage|p1a: Salamence|81\/100|[from] item: Life Orb\n|\n|upkeep\n|\n|t:|1699898923\n|switch|p1b: Greninja|Greninja, L50, F|100\/100\n|turn|3\n|\n|t:|1699898933\n|move|p2b: Snoozelax|Body Slam|p1a: Salamence\n|-damage|p1a: Salamence|0 fnt\n|faint|p1a: Salamence\n|move|p2a: Support Madness|Lunar Blessing|p2a: Support Madness|[spread] p2a,p2b\n|-heal|p2b: Snoozelax|77\/100\n|move|p1b: Greninja|Liquidation|p2b: Snoozelax\n|-start|p1b: Greninja|typechange|Water|[from] ability: Protean\n|-damage|p2b: Snoozelax|45\/100\n|\n|upkeep\n|\n|t:|1699898939\n|switch|p1a: Pyroar|Pyroar, L50, M|100\/100\n|turn|4\n|\n|t:|1699898952\n|move|p1b: Greninja|Protect|p1b: Greninja\n|-singleturn|p1b: Greninja|Protect\n|move|p2b: Snoozelax|Body Slam|p1b: Greninja\n|-activate|p1b: Greninja|move: Protect\n|move|p2a: Support Madness|Lunar Blessing|p2a: Support Madness|[spread] p2a,p2b\n|-heal|p2b: Snoozelax|70\/100\n|move|p1a: Pyroar|Yawn|p2b: Snoozelax\n|-start|p2b: Snoozelax|move: Yawn|[of] p1a: Pyroar\n|\n|upkeep\n|turn|5\n|\n|t:|1699898970\n|move|p1a: Pyroar|Protect|p1a: Pyroar\n|-singleturn|p1a: Pyroar|Protect\n|move|p2b: Snoozelax|Earthquake|p1a: Pyroar|[spread] p1b\n|-activate|p1a: Pyroar|move: Protect\n|-immune|p2a: Support Madness|[from] ability: Levitate\n|-enditem|p1b: Greninja|Focus Sash\n|-damage|p1b: Greninja|1\/100\n|move|p2a: Support Madness|Lunar Blessing|p2a: Support Madness|[spread] p2a,p2b\n|-heal|p2b: Snoozelax|95\/100\n|move|p1b: Greninja|Night Slash|p2a: Support Madness\n|-supereffective|p2a: Support Madness\n|-crit|p2a: Support Madness\n|-damage|p2a: Support Madness|57\/100\n|\n|-end|p2b: Snoozelax|move: Yawn|[silent]\n|-status|p2b: Snoozelax|slp\n|-fieldend|move: Trick Room\n|upkeep\n|turn|6\n|\n|t:|1699898995\n|-terastallize|p1b: Greninja|Dark\n|move|p1b: Greninja|Night Slash|p2a: Support Madness\n|-supereffective|p2a: Support Madness\n|-crit|p2a: Support Madness\n|-damage|p2a: Support Madness|0 fnt\n|faint|p2a: Support Madness\n|move|p1a: Pyroar|Flare Blitz|p2b: Snoozelax\n|-damage|p2b: Snoozelax|76\/100 slp\n|-damage|p1a: Pyroar|92\/100|[from] Recoil\n|cant|p2b: Snoozelax|slp\n|\n|upkeep\n|\n|t:|1699899007\n|switch|p2a: Sus Amogus|Ditto, L50|100\/100\n|turn|7\n|\n|t:|1699899016\n|move|p1b: Greninja|Night Slash|p2b: Snoozelax\n|-resisted|p2b: Snoozelax\n|-damage|p2b: Snoozelax|62\/100 slp\n|move|p1a: Pyroar|Yawn|p2a: Sus Amogus\n|-start|p2a: Sus Amogus|move: Yawn|[of] p1a: Pyroar\n|move|p2a: Sus Amogus|Transform|p2b: Snoozelax\n|-transform|p2a: Sus Amogus|p2b: Snoozelax\n|-curestatus|p2b: Snoozelax|slp|[msg]\n|move|p2b: Snoozelax|Earthquake|p1b: Greninja|[spread] p2a,p1a,p1b\n|-supereffective|p1a: Pyroar\n|-enditem|p2a: Sus Amogus|Focus Sash\n|-damage|p2a: Sus Amogus|1\/100\n|-damage|p1a: Pyroar|0 fnt\n|-damage|p1b: Greninja|0 fnt\n|faint|p1a: Pyroar\n|faint|p1b: Greninja\n|\n|win|AvianRoseline\n|raw|MasahiroHimuro's rating: 1126 &rarr; <strong>1101<\/strong><br \/>(-25 for losing)\n|raw|AvianRoseline's rating: 1127 &rarr; <strong>1152<\/strong><br \/>(+25 for winning)\n|l|\u2606MasahiroHimuro\n","uploadtime":1699899036,"views":10,"p1id":"masahirohimuro","p2id":"avianroseline","formatid":"gen9vgc2023regulatione","rating":1101,"private":0,"password":""}