{"id":"gen9vgc2023regulatione-2000045243","p1":"little man skwovet","p2":"TepyMx","format":"[Gen 9] VGC 2023 Regulation E","log":"|j|\u2606little man skwovet\n|j|\u2606TepyMx\n|t:|1701145464\n|gametype|doubles\n|player|p1|little man skwovet|2|1102\n|player|p2|TepyMx|266|1154\n|teamsize|p1|6\n|teamsize|p2|6\n|gen|9\n|tier|[Gen 9] VGC 2023 Regulation E\n|rated|\n|rule|Species Clause: Limit one of each Pok\u00e9mon\n|rule|Item Clause: Limit one of each item\n|clearpoke\n|poke|p1|Iron Hands, L50|\n|poke|p1|Landorus-Therian, L50, M|\n|poke|p1|Sinistcha, L50|\n|poke|p1|Grimmsnarl, L50, M|\n|poke|p1|Goodra-Hisui, L50, M|\n|poke|p1|Toxapex, L50, M|\n|poke|p2|Rillaboom, L50, M|\n|poke|p2|Arcanine-Hisui, L50, M|\n|poke|p2|Urshifu-*, L50, M|\n|poke|p2|Tornadus, L50, M|\n|poke|p2|Iron Hands, L50|\n|poke|p2|Cresselia, L50, F|\n|teampreview|4\n|inactive|Battle timer is ON: inactive players will automatically lose when time's up. (requested by TepyMx)\n|\n|t:|1701145490\n|start\n|switch|p1a: Iron Hands|Iron Hands, L50|100\/100\n|switch|p1b: Toxapex|Toxapex, L50, M|100\/100\n|switch|p2a: Iron Hands|Iron Hands, L50|100\/100\n|switch|p2b: Cresselia|Cresselia, L50, F|100\/100\n|turn|1\n|\n|t:|1701145508\n|move|p1a: Iron Hands|Fake Out|p2a: Iron Hands\n|-damage|p2a: Iron Hands|91\/100\n|cant|p2a: Iron Hands|flinch\n|move|p1b: Toxapex|Infestation|p2b: Cresselia\n|-supereffective|p2b: Cresselia\n|-damage|p2b: Cresselia|96\/100\n|-activate|p2b: Cresselia|move: Infestation|[of] p1b: Toxapex\n|move|p2b: Cresselia|Trick Room|p2b: Cresselia\n|-fieldstart|move: Trick Room|[of] p2b: Cresselia\n|\n|-heal|p2a: Iron Hands|97\/100|[from] item: Leftovers\n|-damage|p2b: Cresselia|80\/100|[from] move: Infestation|[partiallytrapped]\n|upkeep\n|turn|2\n|\n|t:|1701145525\n|move|p1b: Toxapex|Baneful Bunker|p1b: Toxapex\n|-singleturn|p1b: Toxapex|move: Protect\n|move|p2a: Iron Hands|Belly Drum|p2a: Iron Hands\n|-damage|p2a: Iron Hands|47\/100\n|-setboost|p2a: Iron Hands|atk|6|[from] move: Belly Drum\n|move|p1a: Iron Hands|Volt Switch|p2b: Cresselia\n|-damage|p2b: Cresselia|71\/100\n|\n|t:|1701145534\n|-end|p1a: Iron Hands|Quark Drive|[silent]\n|switch|p1a: Sinistcha|Sinistcha, L50|100\/100|[from] Volt Switch\n|move|p2b: Cresselia|Lunar Blessing|p2b: Cresselia|[spread] p2a,p2b\n|-heal|p2a: Iron Hands|72\/100\n|-heal|p2b: Cresselia|96\/100\n|\n|-heal|p2a: Iron Hands|78\/100|[from] item: Leftovers\n|-damage|p2b: Cresselia|80\/100|[from] move: Infestation|[partiallytrapped]\n|upkeep\n|turn|3\n|\n|t:|1701145557\n|move|p1a: Sinistcha|Rage Powder|p1a: Sinistcha\n|-singleturn|p1a: Sinistcha|move: Rage Powder\n|move|p1b: Toxapex|Infestation|p2a: Iron Hands\n|-resisted|p2a: Iron Hands\n|-damage|p2a: Iron Hands|77\/100\n|-activate|p2a: Iron Hands|move: Infestation|[of] p1b: Toxapex\n|move|p2a: Iron Hands|Wild Charge|p1a: Sinistcha\n|-resisted|p1a: Sinistcha\n|-damage|p1a: Sinistcha|34\/100\n|-enditem|p1a: Sinistcha|Sitrus Berry|[eat]\n|-heal|p1a: Sinistcha|59\/100|[from] item: Sitrus Berry\n|-damage|p2a: Iron Hands|65\/100|[from] Recoil\n|move|p2b: Cresselia|Ice Beam|p1a: Sinistcha\n|-supereffective|p1a: Sinistcha\n|-damage|p1a: Sinistcha|24\/100\n|-status|p1a: Sinistcha|frz\n|\n|-heal|p2a: Iron Hands|71\/100|[from] item: Leftovers\n|-damage|p2a: Iron Hands|54\/100|[from] move: Infestation|[partiallytrapped]\n|-damage|p2b: Cresselia|64\/100|[from] move: Infestation|[partiallytrapped]\n|upkeep\n|turn|4\n|\n|t:|1701145579\n|move|p1b: Toxapex|Baneful Bunker|p1b: Toxapex\n|-singleturn|p1b: Toxapex|move: Protect\n|move|p2a: Iron Hands|Drain Punch|p1b: Toxapex\n|-activate|p1b: Toxapex|move: Protect\n|-status|p2a: Iron Hands|psn\n|-curestatus|p1a: Sinistcha|frz|[from] move: Matcha Gotcha\n|move|p1a: Sinistcha|Matcha Gotcha|p2a: Iron Hands|[spread] p2a,p2b\n|-crit|p2a: Iron Hands\n|-damage|p2a: Iron Hands|27\/100 psn\n|-heal|p1a: Sinistcha|43\/100|[from] drain|[of] p2a: Iron Hands\n|-damage|p2b: Cresselia|47\/100\n|-heal|p1a: Sinistcha|53\/100|[from] drain|[of] p2b: Cresselia\n|move|p2b: Cresselia|Lunar Blessing|p2b: Cresselia|[spread] p2a,p2b\n|-heal|p2a: Iron Hands|52\/100 psn\n|-curestatus|p2a: Iron Hands|psn|[msg]\n|-heal|p2b: Cresselia|72\/100\n|\n|-heal|p2a: Iron Hands|58\/100|[from] item: Leftovers\n|-damage|p2a: Iron Hands|41\/100|[from] move: Infestation|[partiallytrapped]\n|-damage|p2b: Cresselia|56\/100|[from] move: Infestation|[partiallytrapped]\n|upkeep\n|turn|5\n|inactive|little man skwovet has 30 seconds left.\n|\n|t:|1701145605\n|move|p1b: Toxapex|Substitute|p1b: Toxapex\n|-start|p1b: Toxapex|Substitute\n|-damage|p1b: Toxapex|76\/100\n|move|p2a: Iron Hands|Drain Punch|p1b: Toxapex\n|-resisted|p1b: Toxapex\n|-end|p1b: Toxapex|Substitute\n|-heal|p2a: Iron Hands|50\/100|[from] drain|[of] p1b: Toxapex\n|move|p1a: Sinistcha|Shadow Ball|p2b: Cresselia\n|-supereffective|p2b: Cresselia\n|-damage|p2b: Cresselia|12\/100\n|move|p2b: Cresselia|Lunar Blessing|p2b: Cresselia|[spread] p2a,p2b\n|-heal|p2a: Iron Hands|75\/100\n|-heal|p2b: Cresselia|37\/100\n|\n|-heal|p2a: Iron Hands|81\/100|[from] item: Leftovers\n|-damage|p2a: Iron Hands|64\/100|[from] move: Infestation|[partiallytrapped]\n|-damage|p2b: Cresselia|21\/100|[from] move: Infestation|[partiallytrapped]\n|-fieldend|move: Trick Room\n|upkeep\n|turn|6\n|inactive|TepyMx has 30 seconds left.\n|\n|t:|1701145638\n|move|p1b: Toxapex|Baneful Bunker|p1b: Toxapex\n|-singleturn|p1b: Toxapex|move: Protect\n|move|p2b: Cresselia|Ice Beam|p1a: Sinistcha\n|-supereffective|p1a: Sinistcha\n|-damage|p1a: Sinistcha|20\/100\n|-status|p1a: Sinistcha|frz\n|cant|p1a: Sinistcha|frz\n|move|p2a: Iron Hands|Wild Charge|p1a: Sinistcha\n|-resisted|p1a: Sinistcha\n|-damage|p1a: Sinistcha|0 fnt\n|faint|p1a: Sinistcha\n|-damage|p2a: Iron Hands|60\/100|[from] Recoil\n|\n|-heal|p2a: Iron Hands|67\/100|[from] item: Leftovers\n|-end|p2b: Cresselia|Infestation|[partiallytrapped]\n|-damage|p2a: Iron Hands|50\/100|[from] move: Infestation|[partiallytrapped]\n|upkeep\n|\n|t:|1701145648\n|switch|p1a: Landorus|Landorus-Therian, L50, M|100\/100\n|-ability|p1a: Landorus|Intimidate|boost\n|-unboost|p2a: Iron Hands|atk|1\n|-unboost|p2b: Cresselia|atk|1\n|turn|7\n|\n|t:|1701145669\n|switch|p2b: Arcanine|Arcanine-Hisui, L50, M|100\/100\n|-ability|p2b: Arcanine|Intimidate|boost\n|-unboost|p1a: Landorus|atk|1\n|-unboost|p1b: Toxapex|atk|1\n|move|p2a: Iron Hands|Protect|p2a: Iron Hands\n|-singleturn|p2a: Iron Hands|Protect\n|move|p1b: Toxapex|Baneful Bunker||[still]\n|-fail|p1b: Toxapex\n|move|p1a: Landorus|U-turn|p2b: Arcanine\n|-resisted|p2b: Arcanine\n|-damage|p2b: Arcanine|91\/100\n|\n|t:|1701145678\n|switch|p1a: Iron Hands|Iron Hands, L50|100\/100|[from] U-turn\n|\n|-heal|p2a: Iron Hands|56\/100|[from] item: Leftovers\n|-damage|p2a: Iron Hands|40\/100|[from] move: Infestation|[partiallytrapped]\n|upkeep\n|turn|8\n|inactive|TepyMx has 30 seconds left.\n|inactive|TepyMx has 20 seconds left.\n|\n|t:|1701145715\n|move|p1a: Iron Hands|Fake Out|p2a: Iron Hands\n|-damage|p2a: Iron Hands|30\/100\n|move|p2b: Arcanine|Flare Blitz|p1a: Iron Hands\n|-crit|p1a: Iron Hands\n|-damage|p1a: Iron Hands|56\/100\n|-status|p1a: Iron Hands|brn\n|-damage|p2b: Arcanine|71\/100|[from] Recoil\n|cant|p2a: Iron Hands|flinch\n|move|p1b: Toxapex|Substitute|p1b: Toxapex\n|-start|p1b: Toxapex|Substitute\n|-damage|p1b: Toxapex|51\/100\n|\n|-heal|p2a: Iron Hands|37\/100|[from] item: Leftovers\n|-damage|p1a: Iron Hands|50\/100 brn|[from] brn\n|-end|p2a: Iron Hands|Infestation|[partiallytrapped]\n|upkeep\n|turn|9\n|\n|t:|1701145738\n|-end|p1a: Iron Hands|Quark Drive|[silent]\n|switch|p1a: Landorus|Landorus-Therian, L50, M|100\/100\n|-ability|p1a: Landorus|Intimidate|boost\n|-unboost|p2a: Iron Hands|atk|1\n|-unboost|p2b: Arcanine|atk|1\n|move|p2b: Arcanine|Flare Blitz|p1b: Toxapex\n|-resisted|p1b: Toxapex\n|-activate|p1b: Toxapex|move: Substitute|[damage]\n|-damage|p2b: Arcanine|68\/100|[from] Recoil|[of] p1b: Toxapex\n|move|p2a: Iron Hands|Drain Punch|p1a: Landorus\n|-resisted|p1a: Landorus\n|-damage|p1a: Landorus|48\/100\n|-heal|p2a: Iron Hands|56\/100|[from] drain|[of] p1a: Landorus\n|move|p1b: Toxapex|Recover|p1b: Toxapex\n|-heal|p1b: Toxapex|100\/100\n|\n|-heal|p2a: Iron Hands|62\/100|[from] item: Leftovers\n|upkeep\n|turn|10\n|inactive|TepyMx has 30 seconds left.\n|\n|t:|1701145772\n|move|p1a: Landorus|Stomping Tantrum|p2a: Iron Hands\n|-supereffective|p2a: Iron Hands\n|-damage|p2a: Iron Hands|7\/100\n|move|p2b: Arcanine|Flare Blitz|p1a: Landorus\n|-damage|p1a: Landorus|12\/100\n|-damage|p2b: Arcanine|55\/100|[from] Recoil\n|move|p2a: Iron Hands|Drain Punch|p1a: Landorus\n|-resisted|p1a: Landorus\n|-damage|p1a: Landorus|0 fnt\n|-heal|p2a: Iron Hands|11\/100|[from] drain|[of] p1a: Landorus\n|faint|p1a: Landorus\n|move|p1b: Toxapex|Infestation|p2a: Iron Hands\n|-resisted|p2a: Iron Hands\n|-damage|p2a: Iron Hands|10\/100\n|-activate|p2a: Iron Hands|move: Infestation|[of] p1b: Toxapex\n|\n|-heal|p2a: Iron Hands|16\/100|[from] item: Leftovers\n|-damage|p2a: Iron Hands|0 fnt|[from] move: Infestation|[partiallytrapped]\n|faint|p2a: Iron Hands\n|-end|p2a: Iron Hands|Quark Drive|[silent]\n|upkeep\n|\n|t:|1701145793\n|switch|p1a: Iron Hands|Iron Hands, L50|50\/100 brn\n|switch|p2a: Cresselia|Cresselia, L50, F|21\/100\n|turn|11\n|\n|t:|1701145807\n|move|p2b: Arcanine|Protect|p2b: Arcanine\n|-singleturn|p2b: Arcanine|Protect\n|move|p2a: Cresselia|Protect|p2a: Cresselia\n|-singleturn|p2a: Cresselia|Protect\n|move|p1a: Iron Hands|Fake Out|p2a: Cresselia\n|-activate|p2a: Cresselia|move: Protect\n|move|p1b: Toxapex|Infestation|p2a: Cresselia\n|-activate|p2a: Cresselia|move: Protect\n|\n|-damage|p1a: Iron Hands|44\/100 brn|[from] brn\n|upkeep\n|turn|12\n|\n|t:|1701145830\n|move|p2b: Arcanine|Flare Blitz|p1a: Iron Hands\n|-damage|p1a: Iron Hands|24\/100 brn\n|-damage|p2b: Arcanine|46\/100|[from] Recoil\n|move|p2a: Cresselia|Ice Beam|p1a: Iron Hands\n|-damage|p1a: Iron Hands|14\/100 brn\n|move|p1a: Iron Hands|Wild Charge|p2a: Cresselia\n|-damage|p2a: Cresselia|6\/100\n|-damage|p1a: Iron Hands|10\/100 brn|[from] Recoil\n|move|p1b: Toxapex|Infestation|p2a: Cresselia\n|-supereffective|p2a: Cresselia\n|-crit|p2a: Cresselia\n|-damage|p2a: Cresselia|0 fnt\n|faint|p2a: Cresselia\n|\n|-damage|p1a: Iron Hands|4\/100 brn|[from] brn\n|upkeep\n|\n|t:|1701145848\n|switch|p2a: Urshifu|Urshifu-Rapid-Strike, L50, M|100\/100\n|turn|13\n|\n|t:|1701145865\n|move|p2a: Urshifu|Detect|p2a: Urshifu\n|-singleturn|p2a: Urshifu|Protect\n|move|p2b: Arcanine|Protect|p2b: Arcanine\n|-singleturn|p2b: Arcanine|Protect\n|move|p1a: Iron Hands|Drain Punch|p2b: Arcanine\n|-activate|p2b: Arcanine|move: Protect\n|move|p1b: Toxapex|Infestation|p2a: Urshifu\n|-activate|p2a: Urshifu|move: Protect\n|\n|-damage|p1a: Iron Hands|0 fnt|[from] brn\n|faint|p1a: Iron Hands\n|-end|p1a: Iron Hands|Quark Drive|[silent]\n|upkeep\n|turn|14\n|\n|t:|1701145883\n|move|p1b: Toxapex|Baneful Bunker|p1b: Toxapex\n|-singleturn|p1b: Toxapex|move: Protect\n|move|p2b: Arcanine|Extreme Speed|p1b: Toxapex\n|-activate|p1b: Toxapex|move: Protect\n|-status|p2b: Arcanine|psn\n|move|p2a: Urshifu|Surging Strikes|p1b: Toxapex\n|-resisted|p1b: Toxapex\n|-crit|p1b: Toxapex\n|-activate|p1b: Toxapex|move: Substitute|[damage]\n|-resisted|p1b: Toxapex\n|-crit|p1b: Toxapex\n|-end|p1b: Toxapex|Substitute\n|-resisted|p1b: Toxapex\n|-crit|p1b: Toxapex\n|-damage|p1b: Toxapex|93\/100\n|-hitcount|p1b: Toxapex|3\n|\n|-damage|p2b: Arcanine|34\/100 psn|[from] psn\n|upkeep\n|turn|15\n|\n|t:|1701145902\n|-terastallize|p2a: Urshifu|Water\n|move|p2b: Arcanine|Extreme Speed|p1b: Toxapex\n|-damage|p1b: Toxapex|82\/100\n|move|p2a: Urshifu|Surging Strikes|p1b: Toxapex\n|-resisted|p1b: Toxapex\n|-crit|p1b: Toxapex\n|-damage|p1b: Toxapex|72\/100\n|-resisted|p1b: Toxapex\n|-crit|p1b: Toxapex\n|-damage|p1b: Toxapex|62\/100\n|-resisted|p1b: Toxapex\n|-crit|p1b: Toxapex\n|-damage|p1b: Toxapex|51\/100\n|-hitcount|p1b: Toxapex|3\n|move|p1b: Toxapex|Infestation|p2a: Urshifu\n|-damage|p2a: Urshifu|95\/100\n|-activate|p2a: Urshifu|move: Infestation|[of] p1b: Toxapex\n|\n|-damage|p2b: Arcanine|22\/100 psn|[from] psn\n|-damage|p2a: Urshifu|79\/100|[from] move: Infestation|[partiallytrapped]\n|upkeep\n|-enditem|p2b: Arcanine|Iapapa Berry|[eat]\n|-heal|p2b: Arcanine|55\/100 psn|[from] item: Iapapa Berry\n|turn|16\n|inactive|TepyMx has 30 seconds left.\n|\n|t:|1701145932\n|move|p2b: Arcanine|Extreme Speed|p1b: Toxapex\n|-damage|p1b: Toxapex|41\/100\n|move|p2a: Urshifu|Surging Strikes|p1b: Toxapex\n|-resisted|p1b: Toxapex\n|-crit|p1b: Toxapex\n|-damage|p1b: Toxapex|32\/100\n|-resisted|p1b: Toxapex\n|-crit|p1b: Toxapex\n|-damage|p1b: Toxapex|21\/100\n|-resisted|p1b: Toxapex\n|-crit|p1b: Toxapex\n|-damage|p1b: Toxapex|11\/100\n|-hitcount|p1b: Toxapex|3\n|move|p1b: Toxapex|Recover|p1b: Toxapex\n|-heal|p1b: Toxapex|61\/100\n|\n|-damage|p2b: Arcanine|42\/100 psn|[from] psn\n|-damage|p2a: Urshifu|62\/100|[from] move: Infestation|[partiallytrapped]\n|upkeep\n|turn|17\n|\n|t:|1701145952\n|move|p2b: Arcanine|Extreme Speed|p1b: Toxapex\n|-damage|p1b: Toxapex|51\/100\n|move|p2a: Urshifu|Close Combat|p1b: Toxapex\n|-resisted|p1b: Toxapex\n|-damage|p1b: Toxapex|29\/100\n|-unboost|p2a: Urshifu|def|1\n|-unboost|p2a: Urshifu|spd|1\n|move|p1b: Toxapex|Recover|p1b: Toxapex\n|-heal|p1b: Toxapex|79\/100\n|\n|-damage|p2b: Arcanine|30\/100 psn|[from] psn\n|-damage|p2a: Urshifu|46\/100|[from] move: Infestation|[partiallytrapped]\n|upkeep\n|turn|18\n|\n|t:|1701145972\n|move|p2a: Urshifu|Close Combat|p1b: Toxapex\n|-resisted|p1b: Toxapex\n|-damage|p1b: Toxapex|57\/100\n|-unboost|p2a: Urshifu|def|1\n|-unboost|p2a: Urshifu|spd|1\n|move|p2b: Arcanine|Flare Blitz|p1b: Toxapex\n|-resisted|p1b: Toxapex\n|-damage|p1b: Toxapex|46\/100\n|-damage|p2b: Arcanine|27\/100 psn|[from] Recoil\n|move|p1b: Toxapex|Recover|p1b: Toxapex\n|-heal|p1b: Toxapex|97\/100\n|\n|-damage|p2b: Arcanine|15\/100 psn|[from] psn\n|-damage|p2a: Urshifu|29\/100|[from] move: Infestation|[partiallytrapped]\n|upkeep\n|turn|19\n|\n|t:|1701145991\n|move|p2a: Urshifu|Close Combat|p1b: Toxapex\n|-resisted|p1b: Toxapex\n|-damage|p1b: Toxapex|72\/100\n|-unboost|p2a: Urshifu|def|1\n|-unboost|p2a: Urshifu|spd|1\n|move|p2b: Arcanine|Flare Blitz|p1b: Toxapex\n|-resisted|p1b: Toxapex\n|-damage|p1b: Toxapex|61\/100\n|-status|p1b: Toxapex|brn\n|-damage|p2b: Arcanine|11\/100 psn|[from] Recoil\n|move|p1b: Toxapex|Substitute|p1b: Toxapex\n|-start|p1b: Toxapex|Substitute\n|-damage|p1b: Toxapex|36\/100 brn\n|\n|-damage|p2b: Arcanine|0 fnt|[from] psn\n|faint|p2b: Arcanine\n|-damage|p1b: Toxapex|30\/100 brn|[from] brn\n|-end|p2a: Urshifu|Infestation|[partiallytrapped]\n|upkeep\n|turn|20\n|inactive|TepyMx has 30 seconds left.\n|inactive|TepyMx has 20 seconds left.\n|\n|t:|1701146011\n|move|p2a: Urshifu|Surging Strikes|p1b: Toxapex\n|-resisted|p1b: Toxapex\n|-crit|p1b: Toxapex\n|-activate|p1b: Toxapex|move: Substitute|[damage]\n|-resisted|p1b: Toxapex\n|-crit|p1b: Toxapex\n|-activate|p1b: Toxapex|move: Substitute|[damage]\n|-resisted|p1b: Toxapex\n|-crit|p1b: Toxapex\n|-end|p1b: Toxapex|Substitute\n|-hitcount|p1b: Toxapex|3\n|move|p1b: Toxapex|Recover|p1b: Toxapex\n|-heal|p1b: Toxapex|81\/100 brn\n|\n|-damage|p1b: Toxapex|75\/100 brn|[from] brn\n|upkeep\n|turn|21\n|inactive|TepyMx has 20 seconds left this turn.\n|inactive|TepyMx has 15 seconds left.\n|inactive|TepyMx has 10 seconds left.\n|inactive|TepyMx has 5 seconds left.\n|\n|t:|1701146029\n|move|p2a: Urshifu|Surging Strikes|p1b: Toxapex\n|-resisted|p1b: Toxapex\n|-crit|p1b: Toxapex\n|-damage|p1b: Toxapex|64\/100 brn\n|-resisted|p1b: Toxapex\n|-crit|p1b: Toxapex\n|-damage|p1b: Toxapex|53\/100 brn\n|-resisted|p1b: Toxapex\n|-crit|p1b: Toxapex\n|-damage|p1b: Toxapex|43\/100 brn\n|-hitcount|p1b: Toxapex|3\n|move|p1b: Toxapex|Recover|p1b: Toxapex\n|-heal|p1b: Toxapex|93\/100 brn\n|\n|-damage|p1b: Toxapex|88\/100 brn|[from] brn\n|upkeep\n|turn|22\n|inactive|TepyMx has 5 seconds left this turn.\n|-message|TepyMx lost due to inactivity.\n|\n|win|little man skwovet\n|raw|little man skwovet's rating: 1102 &rarr; <strong>1131<\/strong><br \/>(+29 for winning)\n|raw|TepyMx's rating: 1154 &rarr; <strong>1125<\/strong><br \/>(-29 for losing)\n|c|\u2606little man skwovet|gg\n|l|\u2606TepyMx\n|c|\u2606little man skwovet|pex wins these\n","uploadtime":1701146042,"views":25,"p1id":"littlemanskwovet","p2id":"tepymx","formatid":"gen9vgc2023regulatione","rating":1125,"private":0,"password":""}