{"id":"gen9vgc2023regulatione-1991193101","p1":"Crispy pepsi","p2":"Judang","format":"[Gen 9] VGC 2023 Regulation E","log":"|j|\u2606Crispy pepsi\n|j|\u2606Judang\n|t:|1700055670\n|gametype|doubles\n|player|p1|Crispy pepsi|2|1660\n|player|p2|Judang|ruinmaniac|1576\n|teamsize|p1|6\n|teamsize|p2|6\n|gen|9\n|tier|[Gen 9] VGC 2023 Regulation E\n|rated|\n|rule|Species Clause: Limit one of each Pok\u00e9mon\n|rule|Item Clause: Limit one of each item\n|clearpoke\n|poke|p1|Iron Hands, L50|\n|poke|p1|Rillaboom, L50, F|\n|poke|p1|Arcanine-Hisui, L50, F|\n|poke|p1|Ogerpon-Wellspring, L50, F|\n|poke|p1|Ursaluna-Bloodmoon, L50, M|\n|poke|p1|Tornadus, L50, M|\n|poke|p2|Tyranitar, L50, M|\n|poke|p2|Farigiraf, L50, M|\n|poke|p2|Garchomp, L50, F|\n|poke|p2|Chien-Pao, L50|\n|poke|p2|Glimmora, L50, F|\n|poke|p2|Zapdos-Galar, L50|\n|teampreview|4\n|inactive|Battle timer is ON: inactive players will automatically lose when time's up. (requested by Crispy pepsi)\n|j| neusrel\n|inactive|Judang has 60 seconds left.\nCrispy pepsi has agreed to open team sheets.\n|inactive|Judang has 30 seconds left.\n|inactive|Judang has 20 seconds left.\n|inactive|Judang has 15 seconds left.\n|inactive|Judang has 10 seconds left.\n|\n|t:|1700055754\n|start\n|switch|p1a: Tornadus|Tornadus, L50, M|100\/100\n|switch|p1b: Ursaluna|Ursaluna-Bloodmoon, L50, M|100\/100\n|switch|p2a: Tyranitar|Tyranitar, L50, M|100\/100\n|switch|p2b: Glimmora|Glimmora, L50, F|100\/100\n|-weather|Sandstorm|[from] ability: Sand Stream|[of] p2a: Tyranitar\n|turn|1\n|inactive|Crispy pepsi has 30 seconds left.\n|\n|t:|1700055786\n|switch|p1a: Iron Hands|Iron Hands, L50|100\/100\n|switch|p2b: Zapdos|Zapdos-Galar, L50|100\/100\n|move|p1b: Ursaluna|Earth Power|p2b: Zapdos\n|-immune|p2b: Zapdos\n|move|p2a: Tyranitar|Low Kick|p1b: Ursaluna\n|-supereffective|p1b: Ursaluna\n|-damage|p1b: Ursaluna|24\/100\n|\n|-weather|Sandstorm|[upkeep]\n|-damage|p2b: Zapdos|94\/100|[from] Sandstorm\n|-damage|p1a: Iron Hands|94\/100|[from] Sandstorm\n|upkeep\n|turn|2\n|inactive|Judang has 30 seconds left.\n|inactive|Judang has 20 seconds left.\n|inactive|Judang has 15 seconds left.\n|inactive|Judang has 10 seconds left.\n|inactive|Judang has 5 seconds left.\n|\n|t:|1700055840\n|switch|p2b: Glimmora|Glimmora, L50, F|100\/100\n|switch|p1b: Tornadus|Tornadus, L50, M|100\/100\n|move|p1a: Iron Hands|Wild Charge|p2b: Glimmora\n|-damage|p2b: Glimmora|44\/100\n|-activate|p2b: Glimmora|ability: Toxic Debris\n|-sidestart|p1: Crispy pepsi|move: Toxic Spikes\n|-damage|p1a: Iron Hands|83\/100|[from] Recoil\n|move|p2a: Tyranitar|Low Kick|p1a: Iron Hands\n|-damage|p1a: Iron Hands|50\/100\n|\n|-weather|Sandstorm|[upkeep]\n|-damage|p1b: Tornadus|95\/100|[from] Sandstorm\n|-damage|p1a: Iron Hands|44\/100|[from] Sandstorm\n|upkeep\n|turn|3\n|inactive|Judang has 30 seconds left.\n|inactive|Judang has 20 seconds left.\n|inactive|Judang has 15 seconds left.\n|\n|t:|1700055881\n|-terastallize|p2a: Tyranitar|Flying\n|move|p1b: Tornadus|Tailwind|p1b: Tornadus\n|-sidestart|p1: Crispy pepsi|move: Tailwind\n|move|p1a: Iron Hands|Wild Charge|p2a: Tyranitar\n|-supereffective|p2a: Tyranitar\n|-damage|p2a: Tyranitar|18\/100\n|-damage|p1a: Iron Hands|26\/100|[from] Recoil\n|move|p2b: Glimmora|Power Gem|p1b: Tornadus\n|-supereffective|p1b: Tornadus\n|-damage|p1b: Tornadus|0 fnt\n|faint|p1b: Tornadus\n|move|p2a: Tyranitar|Rock Slide|p1a: Iron Hands\n|-resisted|p1a: Iron Hands\n|-damage|p1a: Iron Hands|9\/100\n|\n|-weather|Sandstorm|[upkeep]\n|-damage|p1a: Iron Hands|3\/100|[from] Sandstorm\n|-damage|p2a: Tyranitar|12\/100|[from] Sandstorm\n|upkeep\n|\n|t:|1700055899\n|switch|p1b: Ursaluna|Ursaluna-Bloodmoon, L50, M|24\/100\n|-status|p1b: Ursaluna|psn\n|turn|4\n|\n|t:|1700055909\n|move|p1b: Ursaluna|Hyper Voice|p2a: Tyranitar|[spread] p2a,p2b\n|-resisted|p2b: Glimmora\n|-damage|p2a: Tyranitar|0 fnt\n|-damage|p2b: Glimmora|24\/100\n|faint|p2a: Tyranitar\n|move|p1a: Iron Hands|Wild Charge|p2b: Glimmora\n|-damage|p2b: Glimmora|0 fnt\n|-activate|p2b: Glimmora|ability: Toxic Debris\n|-sidestart|p1: Crispy pepsi|move: Toxic Spikes\n|faint|p2b: Glimmora\n|-damage|p1a: Iron Hands|0 fnt|[from] Recoil\n|faint|p1a: Iron Hands\n|-end|p1a: Iron Hands|Quark Drive|[silent]\n|\n|-weather|Sandstorm|[upkeep]\n|-damage|p1b: Ursaluna|12\/100 psn|[from] psn\n|upkeep\n|\n|t:|1700055916\n|switch|p2b: Farigiraf|Farigiraf, L50, M|100\/100\n|switch|p1a: Rillaboom|Rillaboom, L50, F|100\/100\n|switch|p2a: Zapdos|Zapdos-Galar, L50|94\/100\n|-status|p1a: Rillaboom|tox\n|-fieldstart|move: Grassy Terrain|[from] ability: Grassy Surge|[of] p1a: Rillaboom\n|turn|5\n|\n|t:|1700055936\n|-terastallize|p1a: Rillaboom|Grass\n|move|p1b: Ursaluna|Hyper Voice|p2b: Farigiraf|[spread] p2a,p2b\n|-damage|p2a: Zapdos|29\/100\n|-damage|p2b: Farigiraf|56\/100\n|move|p2a: Zapdos|Brave Bird|p1b: Ursaluna\n|-damage|p1b: Ursaluna|0 fnt\n|faint|p1b: Ursaluna\n|-damage|p2a: Zapdos|25\/100|[from] Recoil\n|move|p1a: Rillaboom|Wood Hammer|p2b: Farigiraf\n|-damage|p2b: Farigiraf|0 fnt\n|faint|p2b: Farigiraf\n|-damage|p1a: Rillaboom|81\/100 tox|[from] Recoil\n|-damage|p1a: Rillaboom|72\/100 tox|[from] item: Life Orb\n|\n|-weather|none\n|-heal|p1a: Rillaboom|77\/100 tox|[from] Grassy Terrain\n|-damage|p1a: Rillaboom|72\/100 tox|[from] psn\n|upkeep\n|turn|6\n|j| stridesvgc\n|\n|t:|1700055953\n|move|p1a: Rillaboom|Grassy Glide|p2a: Zapdos\n|-resisted|p2a: Zapdos\n|-damage|p2a: Zapdos|0 fnt\n|faint|p2a: Zapdos\n|-damage|p1a: Rillaboom|62\/100 tox|[from] item: Life Orb\n|\n|win|Crispy pepsi\n|raw|Crispy pepsi's rating: 1660 &rarr; <strong>1675<\/strong><br \/>(+15 for winning)\n|raw|Judang's rating: 1576 &rarr; <strong>1561<\/strong><br \/>(-15 for losing)\n|l|\u2606Crispy pepsi\n","uploadtime":1700057255,"views":8,"p1id":"crispypepsi","p2id":"judang","formatid":"gen9vgc2023regulatione","rating":1561,"private":0,"password":""}