{"id":"gen9vgc2023regulatione-1992508962","p1":"j1m13o","p2":"Dr Funk PHD","format":"[Gen 9] VGC 2023 Regulation E","log":"|j|\u2606j1m13o\n|j|\u2606Dr Funk PHD\n|t:|1700196921\n|gametype|doubles\n|player|p1|j1m13o|2|1110\n|player|p2|Dr Funk PHD|blue-gen2|1102\n|teamsize|p1|6\n|teamsize|p2|6\n|gen|9\n|tier|[Gen 9] VGC 2023 Regulation E\n|rated|\n|rule|Species Clause: Limit one of each Pok\u00e9mon\n|rule|Item Clause: Limit one of each item\n|clearpoke\n|poke|p1|Ursaluna-Bloodmoon, L50, M|\n|poke|p1|Torkoal, L50, M|\n|poke|p1|Dusclops, L50, M|\n|poke|p1|Clefable, L50, M|\n|poke|p1|Lucario, L50, F|\n|poke|p1|Clawitzer, L50, F|\n|poke|p2|Sneasler, L50, F|\n|poke|p2|Rillaboom, L50, F|\n|poke|p2|Ogerpon-Hearthflame, L50, F|\n|poke|p2|Clefairy, L50, M|\n|poke|p2|Regieleki, L50|\n|poke|p2|Flutter Mane, L50|\n|teampreview|4\n|\n|t:|1700196933\n|start\n|switch|p1a: Mr. Hands|Dusclops, L50, M|100\/100\n|switch|p1b: Clefable|Clefable, L50, M|100\/100\n|switch|p2a: Regieleki|Regieleki, L50|100\/100\n|switch|p2b: Flutter Mane|Flutter Mane, L50|100\/100\n|-item|p2a: Regieleki|Focus Sash|[from] ability: Frisk|[of] p1a: Mr. Hands|[identify]\n|-item|p2b: Flutter Mane|Choice Specs|[from] ability: Frisk|[of] p1a: Mr. Hands|[identify]\n|turn|1\n|inactive|Battle timer is ON: inactive players will automatically lose when time's up. (requested by j1m13o)\n|\n|t:|1700196956\n|move|p1b: Clefable|Follow Me|p1b: Clefable\n|-singleturn|p1b: Clefable|move: Follow Me\n|move|p2a: Regieleki|Thunderbolt|p1b: Clefable\n|-damage|p1b: Clefable|62\/100\n|-enditem|p1b: Clefable|Eject Button\n|\n|t:|1700196964\n|switch|p1b: Lucario|Lucario, L50, F|100\/100\n|move|p2b: Flutter Mane|Shadow Ball|p1a: Mr. Hands\n|-supereffective|p1a: Mr. Hands\n|-damage|p1a: Mr. Hands|34\/100\n|move|p1a: Mr. Hands|Trick Room|p1a: Mr. Hands\n|-fieldstart|move: Trick Room|[of] p1a: Mr. Hands\n|\n|upkeep\n|turn|2\n|\n|t:|1700196986\n|move|p1a: Mr. Hands|Helping Hand|p1b: Lucario\n|-singleturn|p1b: Lucario|Helping Hand|[of] p1a: Mr. Hands\n|move|p1b: Lucario|Flash Cannon|p2b: Flutter Mane\n|-supereffective|p2b: Flutter Mane\n|-damage|p2b: Flutter Mane|0 fnt\n|faint|p2b: Flutter Mane\n|-end|p2b: Flutter Mane|Protosynthesis|[silent]\n|move|p2a: Regieleki|Volt Switch|p1a: Mr. Hands\n|-damage|p1a: Mr. Hands|13\/100\n|\n|t:|1700196990\n|switch|p2a: Rillaboom|Rillaboom, L50, F|100\/100|[from] Volt Switch\n|-fieldstart|move: Grassy Terrain|[from] ability: Grassy Surge|[of] p2a: Rillaboom\n|\n|-heal|p1a: Mr. Hands|19\/100|[from] Grassy Terrain\n|upkeep\n|\n|t:|1700196996\n|switch|p2b: Regieleki|Regieleki, L50|100\/100\n|turn|3\n|\n|t:|1700197013\n|switch|p1b: Ursaluna|Ursaluna-Bloodmoon, L50, M|100\/100\n|move|p1a: Mr. Hands|Protect|p1a: Mr. Hands\n|-singleturn|p1a: Mr. Hands|Protect\n|move|p2a: Rillaboom|Fake Out|p1b: Ursaluna\n|-damage|p1b: Ursaluna|90\/100\n|move|p2b: Regieleki|Thunderbolt|p1a: Mr. Hands\n|-activate|p1a: Mr. Hands|move: Protect\n|\n|-heal|p1a: Mr. Hands|25\/100|[from] Grassy Terrain\n|-heal|p1b: Ursaluna|96\/100|[from] Grassy Terrain\n|upkeep\n|turn|4\n|\n|t:|1700197031\n|-terastallize|p1b: Ursaluna|Normal\n|move|p1a: Mr. Hands|Helping Hand|p1b: Ursaluna\n|-singleturn|p1b: Ursaluna|Helping Hand|[of] p1a: Mr. Hands\n|move|p2a: Rillaboom|Grassy Glide|p1b: Ursaluna\n|-damage|p1b: Ursaluna|72\/100\n|move|p1b: Ursaluna|Hyper Voice|p2b: Regieleki|[spread] p2a,p2b\n|-enditem|p1b: Ursaluna|Normal Gem|[from] gem\n|-damage|p2a: Rillaboom|34\/100\n|-enditem|p2b: Regieleki|Focus Sash\n|-damage|p2b: Regieleki|1\/100\n|move|p2b: Regieleki|Thunderbolt|p1a: Mr. Hands\n|-damage|p1a: Mr. Hands|0 fnt\n|faint|p1a: Mr. Hands\n|\n|-heal|p1b: Ursaluna|78\/100|[from] Grassy Terrain\n|-heal|p2a: Rillaboom|40\/100|[from] Grassy Terrain\n|-heal|p2b: Regieleki|7\/100|[from] Grassy Terrain\n|upkeep\n|\n|t:|1700197044\n|switch|p1a: Clefable|Clefable, L50, M|62\/100\n|turn|5\n|\n|t:|1700197063\n|move|p1a: Clefable|Helping Hand|p1b: Ursaluna\n|-singleturn|p1b: Ursaluna|Helping Hand|[of] p1a: Clefable\n|move|p1b: Ursaluna|Hyper Voice|p2b: Regieleki|[spread] p2a,p2b\n|-damage|p2a: Rillaboom|0 fnt\n|-damage|p2b: Regieleki|0 fnt\n|faint|p2a: Rillaboom\n|faint|p2b: Regieleki\n|\n|-heal|p1b: Ursaluna|84\/100|[from] Grassy Terrain\n|-heal|p1a: Clefable|68\/100|[from] Grassy Terrain\n|-fieldend|move: Trick Room\n|upkeep\n|\n|t:|1700197069\n|switch|p2b: Sneasler|Sneasler, L50, F|100\/100\n|-enditem|p2b: Sneasler|Grassy Seed\n|-boost|p2b: Sneasler|def|1|[from] item: Grassy Seed\n|turn|6\n|\n|t:|1700197080\n|move|p1a: Clefable|Follow Me|p1a: Clefable\n|-singleturn|p1a: Clefable|move: Follow Me\n|move|p2b: Sneasler|Close Combat|p1a: Clefable\n|-resisted|p1a: Clefable\n|-damage|p1a: Clefable|31\/100\n|-unboost|p2b: Sneasler|def|1\n|-unboost|p2b: Sneasler|spd|1\n|move|p1b: Ursaluna|Earth Power|p2b: Sneasler\n|-supereffective|p2b: Sneasler\n|-damage|p2b: Sneasler|0 fnt\n|faint|p2b: Sneasler\n|\n|win|j1m13o\n|raw|j1m13o's rating: 1110 &rarr; <strong>1136<\/strong><br \/>(+26 for winning)\n|raw|Dr Funk PHD's rating: 1123 &rarr; <strong>1097<\/strong><br \/>(-26 for losing)\n|l|\u2606Dr Funk PHD\n","uploadtime":1700197184,"views":10,"p1id":"j1m13o","p2id":"drfunkphd","formatid":"gen9vgc2023regulatione","rating":1097,"private":0,"password":""}