{"id":"gen9vgc2023regulatione-2000671099","p1":"ADCasey","p2":"Viniboy220","format":"[Gen 9] VGC 2023 Regulation E","log":"|j|\u2606ADCasey\n|j|\u2606Viniboy220\n|t:|1701216973\n|gametype|doubles\n|player|p1|ADCasey|blue|1048\n|player|p2|Viniboy220|lucas-gen4pt|1000\n|teamsize|p1|6\n|teamsize|p2|6\n|gen|9\n|tier|[Gen 9] VGC 2023 Regulation E\n|rated|\n|rule|Species Clause: Limit one of each Pok\u00e9mon\n|rule|Item Clause: Limit one of each item\n|clearpoke\n|poke|p1|Inteleon, L50, M|\n|poke|p1|Politoed, L50, F|\n|poke|p1|Quaquaval, L50, M|\n|poke|p1|Maushold, L50|\n|poke|p1|Tinkaton, L50, F|\n|poke|p1|Tornadus, L50, M|\n|poke|p2|Garchomp, L50, M|\n|poke|p2|Lucario, L50, F|\n|poke|p2|Gengar, L50, F|\n|poke|p2|Gardevoir, L50, F|\n|poke|p2|Greninja-*, L50, M|\n|poke|p2|Jolteon, L50, F|\n|teampreview|4\nViniboy220 has agreed to open team sheets.\n|\n|t:|1701217010\n|start\n|switch|p1a: Politoed|Politoed, L50, F, shiny|100\/100\n|switch|p1b: Quaquaval|Quaquaval, L50, M|100\/100\n|switch|p2a: Frog|Greninja, L50, M|100\/100\n|switch|p2b: PokeMX|Lucario, L50, F|100\/100\n|-weather|RainDance|[from] ability: Drizzle|[of] p1a: Politoed\n|turn|1\n|\n|t:|1701217039\n|switch|p2a: Luna|Gardevoir, L50, F|100\/100\n|-ability|p2a: Luna|Drizzle|[from] ability: Trace|[of] p1a: Politoed\n|move|p2b: PokeMX|Swords Dance|p2b: PokeMX\n|-boost|p2b: PokeMX|atk|2\n|move|p1b: Quaquaval|Aqua Step|p2b: PokeMX\n|-damage|p2b: PokeMX|0 fnt\n|-boost|p1b: Quaquaval|spe|1\n|faint|p2b: PokeMX\n|-ability|p1b: Quaquaval|Moxie|boost\n|-boost|p1b: Quaquaval|atk|1\n|-damage|p1b: Quaquaval|91\/100|[from] item: Life Orb\n|move|p1a: Politoed|Icy Wind|p2a: Luna\n|-damage|p2a: Luna|87\/100\n|-unboost|p2a: Luna|spe|1\n|\n|-weather|RainDance|[upkeep]\n|upkeep\n|\n|t:|1701217064\n|switch|p2b: Lord Dark|Gengar, L50, F|100\/100\n|turn|2\n|\n|t:|1701217081\n|move|p1b: Quaquaval|Protect|p1b: Quaquaval\n|-singleturn|p1b: Quaquaval|Protect\n|move|p2b: Lord Dark|Will-O-Wisp|p1b: Quaquaval\n|-activate|p1b: Quaquaval|move: Protect\n|move|p2a: Luna|Moonblast|p1b: Quaquaval\n|-activate|p1b: Quaquaval|move: Protect\n|move|p1a: Politoed|Icy Wind|p2b: Lord Dark|[spread] p2a,p2b\n|-damage|p2a: Luna|77\/100\n|-damage|p2b: Lord Dark|85\/100\n|-unboost|p2a: Luna|spe|1\n|-unboost|p2b: Lord Dark|spe|1\n|\n|-weather|RainDance|[upkeep]\n|-heal|p2b: Lord Dark|91\/100|[from] item: Leftovers\n|upkeep\n|turn|3\n|\n|t:|1701217105\n|-terastallize|p1b: Quaquaval|Steel\n|move|p1a: Politoed|Helping Hand|p1b: Quaquaval\n|-singleturn|p1b: Quaquaval|Helping Hand|[of] p1a: Politoed\n|move|p1b: Quaquaval|Aqua Step|p2b: Lord Dark\n|-damage|p2b: Lord Dark|0 fnt\n|-boost|p1b: Quaquaval|spe|1\n|faint|p2b: Lord Dark\n|-ability|p1b: Quaquaval|Moxie|boost\n|-boost|p1b: Quaquaval|atk|1\n|-damage|p1b: Quaquaval|81\/100|[from] item: Life Orb\n|move|p2a: Luna|Moonblast|p1b: Quaquaval\n|-resisted|p1b: Quaquaval\n|-damage|p1b: Quaquaval|55\/100\n|\n|-weather|RainDance|[upkeep]\n|upkeep\n|\n|t:|1701217124\n|switch|p2b: Frog|Greninja, L50, M|100\/100\n|turn|4\n|\n|t:|1701217148\n|-terastallize|p2a: Luna|Psychic\n|move|p1b: Quaquaval|Protect|p1b: Quaquaval\n|-singleturn|p1b: Quaquaval|Protect\n|move|p2b: Frog|Surf|p1b: Quaquaval|[spread] p2a,p1a\n|-start|p2b: Frog|typechange|Water|[from] ability: Protean\n|-activate|p1b: Quaquaval|move: Protect\n|-resisted|p1a: Politoed\n|-damage|p2a: Luna|5\/100\n|-damage|p1a: Politoed|75\/100\n|move|p2a: Luna|Moonblast|p1b: Quaquaval\n|-activate|p1b: Quaquaval|move: Protect\n|move|p1a: Politoed|Icy Wind|p2b: Frog|[spread] p2a,p2b\n|-resisted|p2b: Frog\n|-damage|p2a: Luna|0 fnt\n|-damage|p2b: Frog|94\/100\n|-unboost|p2b: Frog|spe|1\n|faint|p2a: Luna\n|\n|-weather|RainDance|[upkeep]\n|upkeep\n|turn|5\n|\n|t:|1701217172\n|move|p1a: Politoed|Helping Hand|p1b: Quaquaval\n|-singleturn|p1b: Quaquaval|Helping Hand|[of] p1a: Politoed\n|move|p1b: Quaquaval|Close Combat|p2b: Frog\n|-damage|p2b: Frog|0 fnt\n|-unboost|p1b: Quaquaval|def|1\n|-unboost|p1b: Quaquaval|spd|1\n|faint|p2b: Frog\n|-damage|p1b: Quaquaval|46\/100|[from] item: Life Orb\n|\n|win|ADCasey\n|raw|ADCasey's rating: 1048 &rarr; <strong>1076<\/strong><br \/>(+28 for winning)\n|raw|Viniboy220's rating: 1000 &rarr; <strong>1000<\/strong><br \/>(+0 for losing)\n","uploadtime":1701217178,"views":3,"p1id":"adcasey","p2id":"viniboy220","formatid":"gen9vgc2023regulatione","rating":1000,"private":0,"password":""}