{"id":"gen9vgc2023regulatione-1994182102","p1":"Satansinlaw","p2":"Kzkzrjzk","format":"[Gen 9] VGC 2023 Regulation E","log":"|j|\u2606Satansinlaw\n|j|\u2606Kzkzrjzk\n|t:|1700416212\n|gametype|doubles\n|player|p1|Satansinlaw|acetrainerf|1137\n|player|p2|Kzkzrjzk|lance|1157\n|teamsize|p1|6\n|teamsize|p2|6\n|gen|9\n|tier|[Gen 9] VGC 2023 Regulation E\n|rated|\n|rule|Species Clause: Limit one of each Pok\u00e9mon\n|rule|Item Clause: Limit one of each item\n|clearpoke\n|poke|p1|Flutter Mane, L50|\n|poke|p1|Slither Wing, L50|\n|poke|p1|Gliscor, L50, M|\n|poke|p1|Ogerpon-Hearthflame, L50, F|\n|poke|p1|Basculegion, L50, M|\n|poke|p1|Toedscruel, L50, M|\n|poke|p2|Flutter Mane, L50|\n|poke|p2|Tornadus, L50, M|\n|poke|p2|Rillaboom, L50, M|\n|poke|p2|Garganacl, L50, M|\n|poke|p2|Arcanine-Hisui, L50, F|\n|poke|p2|Chien-Pao, L50|\n|teampreview|4\n|inactive|Battle timer is ON: inactive players will automatically lose when time's up. (requested by Kzkzrjzk)\n|\n|t:|1700416235\n|start\n|switch|p1a: Toedscruel|Toedscruel, L50, M|100\/100\n|switch|p1b: Ogerpon|Ogerpon-Hearthflame, L50, F|100\/100\n|switch|p2a: Tornadus|Tornadus, L50, M|100\/100\n|switch|p2b: Garganacl|Garganacl, L50, M|100\/100\n|-ability|p1b: Ogerpon|Mold Breaker\n|turn|1\n|\n|t:|1700416254\n|-terastallize|p2b: Garganacl|Ghost\n|move|p1b: Ogerpon|Spiky Shield|p1b: Ogerpon\n|-singleturn|p1b: Ogerpon|move: Protect\n|move|p2a: Tornadus|Bleakwind Storm|p1a: Toedscruel|[spread] p1a\n|-activate|p1b: Ogerpon|move: Protect\n|-supereffective|p1a: Toedscruel\n|-damage|p1a: Toedscruel|51\/100\n|move|p2b: Garganacl|Salt Cure|p1b: Ogerpon\n|-activate|p1b: Ogerpon|move: Protect\n|move|p1a: Toedscruel|Spore|p2a: Tornadus\n|-status|p2a: Tornadus|slp|[from] move: Spore\n|\n|upkeep\n|turn|2\n|inactive|Satansinlaw has 30 seconds left.\n|\n|t:|1700416288\n|switch|p2a: Arcanine|Arcanine-Hisui, L50, F|100\/100\n|-ability|p2a: Arcanine|Intimidate|boost\n|-unboost|p1a: Toedscruel|atk|1\n|-unboost|p1b: Ogerpon|atk|1\n|move|p1b: Ogerpon|Ivy Cudgel|p2b: Garganacl|[anim] Ivy Cudgel Fire\n|-damage|p2b: Garganacl|74\/100\n|move|p1a: Toedscruel|Dazzling Gleam|p2a: Arcanine|[spread] p2a,p2b\n|-resisted|p2a: Arcanine\n|-damage|p2a: Arcanine|93\/100\n|-damage|p2b: Garganacl|66\/100\n|move|p2b: Garganacl|Salt Cure|p1b: Ogerpon\n|-supereffective|p1b: Ogerpon\n|-damage|p1b: Ogerpon|66\/100\n|-start|p1b: Ogerpon|Salt Cure\n|\n|-damage|p1b: Ogerpon|54\/100|[from] Salt Cure\n|upkeep\n|turn|3\n|\n|t:|1700416307\n|switch|p2a: Tornadus|Tornadus, L50, M|100\/100 slp\n|move|p1b: Ogerpon|Follow Me|p1b: Ogerpon\n|-singleturn|p1b: Ogerpon|move: Follow Me\n|move|p1a: Toedscruel|Earth Power|p2a: Tornadus\n|-immune|p2a: Tornadus\n|move|p2b: Garganacl|Iron Defense|p2b: Garganacl\n|-boost|p2b: Garganacl|def|2\n|\n|-damage|p1b: Ogerpon|42\/100|[from] Salt Cure\n|upkeep\n|turn|4\n|\n|t:|1700416322\n|switch|p1b: Slither Wing|Slither Wing, L50|100\/100\n|-enditem|p1b: Slither Wing|Booster Energy\n|-activate|p1b: Slither Wing|ability: Protosynthesis|[fromitem]\n|-start|p1b: Slither Wing|protosynthesisatk\n|move|p2b: Garganacl|Protect|p2b: Garganacl\n|-singleturn|p2b: Garganacl|Protect\n|cant|p2a: Tornadus|slp\n|move|p1a: Toedscruel|Earth Power|p2a: Tornadus\n|-immune|p2a: Tornadus\n|\n|upkeep\n|turn|5\n|\n|t:|1700416345\n|-terastallize|p1b: Slither Wing|Flying\n|cant|p2a: Tornadus|slp\n|move|p1a: Toedscruel|Dazzling Gleam|p2b: Garganacl|[spread] p2a,p2b\n|-damage|p2a: Tornadus|90\/100 slp\n|-damage|p2b: Garganacl|57\/100\n|move|p1b: Slither Wing|Acrobatics|p2b: Garganacl\n|-damage|p2b: Garganacl|30\/100\n|-enditem|p2b: Garganacl|Sitrus Berry|[eat]\n|-heal|p2b: Garganacl|55\/100|[from] item: Sitrus Berry\n|move|p2b: Garganacl|Salt Cure|p1b: Slither Wing\n|-supereffective|p1b: Slither Wing\n|-damage|p1b: Slither Wing|65\/100\n|-start|p1b: Slither Wing|Salt Cure\n|\n|-damage|p1b: Slither Wing|52\/100|[from] Salt Cure\n|upkeep\n|turn|6\n|\n|t:|1700416370\n|-curestatus|p2a: Tornadus|slp|[msg]\n|move|p2a: Tornadus|Bleakwind Storm|p1a: Toedscruel|[spread] p1a,p1b\n|-supereffective|p1a: Toedscruel\n|-damage|p1a: Toedscruel|0 fnt\n|-damage|p1b: Slither Wing|21\/100\n|faint|p1a: Toedscruel\n|move|p1b: Slither Wing|Acrobatics|p2a: Tornadus\n|-damage|p2a: Tornadus|0 fnt\n|-damage|p1b: Slither Wing|5\/100|[from] item: Rocky Helmet|[of] p2a: Tornadus\n|faint|p2a: Tornadus\n|move|p2b: Garganacl|Recover|p2b: Garganacl\n|-heal|p2b: Garganacl|100\/100\n|\n|-damage|p1b: Slither Wing|0 fnt|[from] Salt Cure\n|faint|p1b: Slither Wing\n|-end|p1b: Slither Wing|Protosynthesis|[silent]\n|upkeep\n|\n|t:|1700416387\n|switch|p2a: Arcanine|Arcanine-Hisui, L50, F|93\/100\n|switch|p1a: Flutter Mane|Flutter Mane, L50|100\/100\n|switch|p1b: Ogerpon|Ogerpon-Hearthflame, L50, F|42\/100\n|-ability|p2a: Arcanine|Intimidate|boost\n|-unboost|p1a: Flutter Mane|atk|1\n|-unboost|p1b: Ogerpon|atk|1\n|-ability|p1b: Ogerpon|Mold Breaker\n|turn|7\n|\n|t:|1700416400\n|switch|p2a: Rillaboom|Rillaboom, L50, M|100\/100\n|-fieldstart|move: Grassy Terrain|[from] ability: Grassy Surge|[of] p2a: Rillaboom\n|move|p1a: Flutter Mane|Protect|p1a: Flutter Mane\n|-singleturn|p1a: Flutter Mane|Protect\n|move|p1b: Ogerpon|Spiky Shield|p1b: Ogerpon\n|-singleturn|p1b: Ogerpon|move: Protect\n|move|p2b: Garganacl|Salt Cure|p1b: Ogerpon\n|-activate|p1b: Ogerpon|move: Protect\n|\n|-heal|p1b: Ogerpon|48\/100|[from] Grassy Terrain\n|upkeep\n|turn|8\n|-message|Satansinlaw forfeited.\n|\n|win|Kzkzrjzk\n|raw|Satansinlaw's rating: 1137 &rarr; <strong>1113<\/strong><br \/>(-24 for losing)\n|raw|Kzkzrjzk's rating: 1157 &rarr; <strong>1181<\/strong><br \/>(+24 for winning)\n|l|\u2606Satansinlaw\n","uploadtime":1700416410,"views":5,"p1id":"satansinlaw","p2id":"kzkzrjzk","formatid":"gen9vgc2023regulatione","rating":1113,"private":0,"password":""}