{"id":"gen9vgc2023regulatione-1989943391","p1":"kidturtle","p2":"Wulongcha","format":"[Gen 9] VGC 2023 Regulation E","log":"|j|\u2606kidturtle\n|j|\u2606Wulongcha\n|n|\u2606kidturtle|kidturtle\n|n|\u2606Wulongcha|wulongcha\n|html|View the match progress at <a href=\"\/game-bestof3-gen9vgc2023regulatione-1989942218\">game-bestof3-gen9vgc2023regulatione-1989942218<\/a>\n|t:|1699908833\n|gametype|doubles\n|player|p1|kidturtle|hoopster|\n|player|p2|Wulongcha|hilbert|\n|teamsize|p1|6\n|teamsize|p2|6\n|gen|9\n|tier|[Gen 9] VGC 2023 Regulation E\n|rated|Tournament battle\n|rule|Species Clause: Limit one of each Pok\u00e9mon\n|rule|Item Clause: Limit one of each item\n|clearpoke\n|poke|p1|Ursaluna, L50, M|\n|poke|p1|Cresselia, L50, F|\n|poke|p1|Flutter Mane, L50|\n|poke|p1|Chi-Yu, L50|\n|poke|p1|Iron Hands, L50|\n|poke|p1|Urshifu-*, L50, M|\n|poke|p2|Ninetales-Alola, L50, F|\n|poke|p2|Iron Bundle, L50|\n|poke|p2|Landorus-Therian, L50, M|\n|poke|p2|Iron Hands, L50|\n|poke|p2|Sinistcha, L50|\n|poke|p2|Chi-Yu, L50|\n|teampreview|4\n|showteam|p1|Ursaluna||FlameOrb|Guts|Facade,Earthquake,SwordsDance,Protect|||M|||50|,,,,,Ghost]Cresselia||MentalHerb|Levitate|IceBeam,AllySwitch,LunarBlessing,TrickRoom|||F|||50|,,,,,Fairy]Flutter Mane||BoosterEnergy|Protosynthesis|IcyWind,ShadowBall,Moonblast,Protect||||||50|,,,,,Fairy]Chi-Yu||ChoiceSpecs|BeadsofRuin|BurningJealousy,DarkPulse,Overheat,Snarl||||||50|,,,,,Ghost]Iron Hands||SitrusBerry|QuarkDrive|DrainPunch,WildCharge,FakeOut,SwordsDance||||||50|,,,,,Fire]Urshifu||FocusSash|UnseenFist|Detect,WickedBlow,CloseCombat,SuckerPunch|||M|||50|,,,,,Dark\n|showteam|p2|Ninetales-Alola||LightClay|SnowWarning|Blizzard,HelpingHand,AuroraVeil,Protect|||F|||50|,,,,,Ghost]Iron Bundle||BoosterEnergy|QuarkDrive|IcyWind,FreezeDry,HydroPump,Protect||||||50|,,,,,Ghost]Landorus-Therian||ChoiceScarf|Intimidate|StompingTantrum,TeraBlast,RockSlide,Uturn|||M|||50|,,,,,Flying]Iron Hands||AssaultVest|QuarkDrive|DrainPunch,WildCharge,HeavySlam,FakeOut||||||50|,,,,,Grass]Sinistcha||SitrusBerry|Hospitality|MatchaGotcha,StrengthSap,RagePowder,TrickRoom||||||50|,,,,,Fire]Chi-Yu||FocusSash|BeadsofRuin|HeatWave,DarkPulse,NastyPlot,Protect||||||50|,,,,,Fire\n|inactive|Battle timer is ON: inactive players will automatically lose when time's up. (requested by Wulongcha)\n|\n|t:|1699908853\n|start\n|switch|p1a: Flutter Mane|Flutter Mane, L50, shiny|100\/100\n|switch|p1b: Chi-Yu|Chi-Yu, L50|100\/100\n|switch|p2a: Chi-Yu|Chi-Yu, L50|100\/100\n|switch|p2b: Ninetales|Ninetales-Alola, L50, F|100\/100\n|-weather|Snow|[from] ability: Snow Warning|[of] p2b: Ninetales\n|-ability|p2a: Chi-Yu|Beads of Ruin\n|-ability|p1b: Chi-Yu|Beads of Ruin\n|-enditem|p1a: Flutter Mane|Booster Energy\n|-activate|p1a: Flutter Mane|ability: Protosynthesis|[fromitem]\n|-start|p1a: Flutter Mane|protosynthesisspe\n|turn|1\n|\n|t:|1699908869\n|move|p2a: Chi-Yu|Protect|p2a: Chi-Yu\n|-singleturn|p2a: Chi-Yu|Protect\n|move|p1a: Flutter Mane|Icy Wind|p2b: Ninetales|[spread] p2b\n|-activate|p2a: Chi-Yu|move: Protect\n|-resisted|p2b: Ninetales\n|-damage|p2b: Ninetales|90\/100\n|-unboost|p2b: Ninetales|spe|1\n|move|p1b: Chi-Yu|Snarl|p2a: Chi-Yu|[spread] p2b\n|-activate|p2a: Chi-Yu|move: Protect\n|-resisted|p2b: Ninetales\n|-damage|p2b: Ninetales|69\/100\n|-unboost|p2b: Ninetales|spa|1\n|move|p2b: Ninetales|Aurora Veil|p2b: Ninetales\n|-sidestart|p2: Wulongcha|move: Aurora Veil\n|\n|-weather|Snow|[upkeep]\n|upkeep\n|turn|2\n|\n|t:|1699908891\n|switch|p2b: Iron Hands|Iron Hands, L50|100\/100\n|move|p1a: Flutter Mane|Moonblast|p2a: Chi-Yu\n|-damage|p2a: Chi-Yu|58\/100\n|-unboost|p2a: Chi-Yu|spa|1\n|move|p2a: Chi-Yu|Heat Wave|p1a: Flutter Mane|[spread] p1a,p1b\n|-resisted|p1b: Chi-Yu\n|-damage|p1a: Flutter Mane|64\/100\n|-damage|p1b: Chi-Yu|85\/100\n|move|p1b: Chi-Yu|Snarl|p2b: Iron Hands|[spread] p2a,p2b\n|-resisted|p2a: Chi-Yu\n|-resisted|p2b: Iron Hands\n|-damage|p2a: Chi-Yu|46\/100\n|-damage|p2b: Iron Hands|93\/100\n|-unboost|p2a: Chi-Yu|spa|1\n|-unboost|p2b: Iron Hands|spa|1\n|\n|-weather|Snow|[upkeep]\n|upkeep\n|turn|3\n|inactive|kidturtle has 30 seconds left.\n|\n|t:|1699908917\n|-end|p1a: Flutter Mane|Protosynthesis|[silent]\n|switch|p1a: Ursaluna|Ursaluna, L50, M|100\/100\n|switch|p1b: Cresselia|Cresselia, L50, F|100\/100\n|switch|p2a: Ninetales|Ninetales-Alola, L50, F|69\/100\n|move|p2b: Iron Hands|Heavy Slam|p1a: Ursaluna\n|-damage|p1a: Ursaluna|88\/100\n|\n|-weather|Snow|[upkeep]\n|-status|p1a: Ursaluna|brn|[from] item: Flame Orb\n|upkeep\n|turn|4\n|\n|t:|1699908930\n|-terastallize|p1a: Ursaluna|Ghost\n|move|p2a: Ninetales|Blizzard|p1b: Cresselia|[spread] p1a,p1b\n|-damage|p1a: Ursaluna|68\/100 brn\n|-damage|p1b: Cresselia|86\/100\n|move|p2b: Iron Hands|Drain Punch|p1a: Ursaluna\n|-immune|p1a: Ursaluna\n|move|p1a: Ursaluna|Swords Dance|p1a: Ursaluna\n|-boost|p1a: Ursaluna|atk|2\n|move|p1b: Cresselia|Trick Room|p1b: Cresselia\n|-fieldstart|move: Trick Room|[of] p1b: Cresselia\n|\n|-weather|Snow|[upkeep]\n|-damage|p1a: Ursaluna|62\/100 brn|[from] brn\n|upkeep\n|turn|5\n|\n|t:|1699908942\n|move|p2a: Ninetales|Helping Hand|p2b: Iron Hands\n|-singleturn|p2b: Iron Hands|Helping Hand|[of] p2a: Ninetales\n|move|p1a: Ursaluna|Facade|p2a: Ninetales\n|-damage|p2a: Ninetales|0 fnt\n|faint|p2a: Ninetales\n|move|p2b: Iron Hands|Wild Charge|p1b: Cresselia\n|-damage|p1b: Cresselia|37\/100\n|-damage|p2b: Iron Hands|81\/100|[from] Recoil\n|move|p1b: Cresselia|Lunar Blessing|p1b: Cresselia|[spread] p1a,p1b\n|-heal|p1a: Ursaluna|87\/100 brn\n|-curestatus|p1a: Ursaluna|brn|[msg]\n|-heal|p1b: Cresselia|62\/100\n|\n|-weather|none\n|-status|p1a: Ursaluna|brn|[from] item: Flame Orb\n|upkeep\n|\n|t:|1699908945\n|switch|p2a: Chi-Yu|Chi-Yu, L50|46\/100\n|-ability|p2a: Chi-Yu|Beads of Ruin\n|turn|6\n|\n|t:|1699908953\n|-end|p2b: Iron Hands|Quark Drive|[silent]\n|switch|p2b: Landorus|Landorus-Therian, L50, M|100\/100\n|-ability|p2b: Landorus|Intimidate|boost\n|-unboost|p1a: Ursaluna|atk|1\n|-unboost|p1b: Cresselia|atk|1\n|move|p1a: Ursaluna|Earthquake|p2a: Chi-Yu|[spread] p2a\n|-immune|p1b: Cresselia|[from] ability: Levitate\n|-immune|p2b: Landorus\n|-supereffective|p2a: Chi-Yu\n|-damage|p2a: Chi-Yu|0 fnt\n|faint|p2a: Chi-Yu\n|move|p1b: Cresselia|Lunar Blessing|p1b: Cresselia|[spread] p1a,p1b\n|-heal|p1a: Ursaluna|100\/100 brn\n|-curestatus|p1a: Ursaluna|brn|[msg]\n|-heal|p1b: Cresselia|87\/100\n|\n|-status|p1a: Ursaluna|brn|[from] item: Flame Orb\n|upkeep\n|-message|Wulongcha forfeited.\n|\n|win|kidturtle\n|l|\u2606Wulongcha\n|c|&|\/uhtml prompt-wulongcha,Wulongcha is ready for game 3!\n|c|&|\/uhtml prompt-kidturtle,kidturtle is ready for game 3!\nBoth players are ready! Starting next match!\n","uploadtime":1699909052,"views":8,"p1id":"kidturtle","p2id":"wulongcha","formatid":"gen9vgc2023regulatione","rating":0,"private":0,"password":""}