{"id":"gen9vgc2023regulatione-2000584780","p1":"Chyronia2","p2":"Marcooooooos","format":"[Gen 9] VGC 2023 Regulation E","log":"|j|\u2606Chyronia2\n|j|\u2606Marcooooooos\n|t:|1701207693\n|gametype|doubles\n|player|p1|Chyronia2|266|1248\n|player|p2|Marcooooooos|265|1206\n|teamsize|p1|6\n|teamsize|p2|6\n|gen|9\n|tier|[Gen 9] VGC 2023 Regulation E\n|rated|\n|rule|Species Clause: Limit one of each Pok\u00e9mon\n|rule|Item Clause: Limit one of each item\n|clearpoke\n|poke|p1|Chien-Pao, L50|\n|poke|p1|Urshifu-*, L50, M|\n|poke|p1|Tornadus, L50, M|\n|poke|p1|Rillaboom, L50, M|\n|poke|p1|Arcanine-Hisui, L50, M|\n|poke|p1|Empoleon, L50, M|\n|poke|p2|Heatran, L50, M|\n|poke|p2|Ogerpon-Wellspring, L50, F|\n|poke|p2|Rillaboom, L50, M|\n|poke|p2|Salamence, L50, M|\n|poke|p2|Kingambit, L50, M|\n|poke|p2|Flutter Mane, L50|\n|teampreview|4\n|inactive|Battle timer is ON: inactive players will automatically lose when time's up. (requested by Chyronia2)\nMarcooooooos has agreed to open team sheets.\n|inactive|Chyronia2 has 60 seconds left.\n|inactive|Marcooooooos has 60 seconds left.\n|inactive|Chyronia2 has 30 seconds left.\n|\n|t:|1701207761\n|start\n|switch|p1a: Empoleon|Empoleon, L50, M|100\/100\n|switch|p1b: Urshifu|Urshifu, L50, M|100\/100\n|switch|p2a: Heatran|Heatran, L50, M|100\/100\n|switch|p2b: Rillaboom|Rillaboom, L50, M|100\/100\n|-fieldstart|move: Grassy Terrain|[from] ability: Grassy Surge|[of] p2b: Rillaboom\n|turn|1\n|inactive|Marcooooooos has 30 seconds left.\n|\n|t:|1701207789\n|switch|p1b: Arcanine|Arcanine-Hisui, L50, M|100\/100\n|-ability|p1b: Arcanine|Intimidate|boost\n|-unboost|p2a: Heatran|atk|1\n|-unboost|p2b: Rillaboom|atk|1\n|switch|p2a: Ogerpon|Ogerpon-Wellspring, L50, F|100\/100\n|move|p2b: Rillaboom|Wood Hammer|p1b: Arcanine\n|-damage|p1b: Arcanine|36\/100\n|-damage|p2b: Rillaboom|82\/100|[from] Recoil\n|move|p1a: Empoleon|Hydro Pump|p2a: Ogerpon\n|-immune|p2a: Ogerpon|[from] ability: Water Absorb\n|\n|-heal|p1b: Arcanine|42\/100|[from] Grassy Terrain\n|-heal|p2b: Rillaboom|88\/100|[from] Grassy Terrain\n|upkeep\n|turn|2\n|inactive|Chyronia2 has 30 seconds left.\n|inactive|Marcooooooos has 30 seconds left.\n|\n|t:|1701207818\n|switch|p1b: Tornadus|Tornadus, L50, M|100\/100\n|move|p2a: Ogerpon|Follow Me|p2a: Ogerpon\n|-singleturn|p2a: Ogerpon|move: Follow Me\n|move|p2b: Rillaboom|High Horsepower|p1b: Tornadus\n|-immune|p1b: Tornadus\n|move|p1a: Empoleon|Icy Wind|p2a: Ogerpon|[spread] p2a,p2b\n|-supereffective|p2b: Rillaboom\n|-damage|p2a: Ogerpon|90\/100\n|-damage|p2b: Rillaboom|73\/100\n|-unboost|p2a: Ogerpon|spe|1\n|-unboost|p2b: Rillaboom|spe|1\n|\n|-heal|p2a: Ogerpon|96\/100|[from] Grassy Terrain\n|-heal|p2b: Rillaboom|79\/100|[from] Grassy Terrain\n|upkeep\n|turn|3\n|\n|t:|1701207842\n|switch|p2b: Heatran|Heatran, L50, M|100\/100\n|-terastallize|p2a: Ogerpon|Water\n|detailschange|p2a: Ogerpon|Ogerpon-Wellspring-Tera, L50, F, tera:Water\n|-ability|p2a: Ogerpon|Embody Aspect (Wellspring)|boost\n|-boost|p2a: Ogerpon|spd|1\n|move|p1b: Tornadus|Bleakwind Storm|p2a: Ogerpon|[spread] p2a,p2b\n|-resisted|p2b: Heatran\n|-damage|p2a: Ogerpon|72\/100\n|-damage|p2b: Heatran|88\/100\n|-unboost|p2a: Ogerpon|spe|1\n|move|p1a: Empoleon|Icy Wind|p2b: Heatran|[spread] p2a,p2b\n|-resisted|p2a: Ogerpon\n|-resisted|p2b: Heatran\n|-damage|p2a: Ogerpon|69\/100\n|-damage|p2b: Heatran|86\/100\n|-unboost|p2a: Ogerpon|spe|1\n|-unboost|p2b: Heatran|spe|1\n|move|p2a: Ogerpon|Horn Leech|p1a: Empoleon\n|-crit|p1a: Empoleon\n|-damage|p1a: Empoleon|25\/100\n|-heal|p2a: Ogerpon|100\/100|[from] drain|[of] p1a: Empoleon\n|\n|-heal|p1a: Empoleon|32\/100|[from] Grassy Terrain\n|-heal|p2b: Heatran|92\/100|[from] Grassy Terrain\n|-heal|p2b: Heatran|98\/100|[from] item: Leftovers\n|upkeep\n|turn|4\n|inactive|Chyronia2 has 30 seconds left.\n|inactive|Marcooooooos has 30 seconds left.\n|inactive|Marcooooooos has 20 seconds left.\n|inactive|Marcooooooos has 15 seconds left.\n|inactive|Chyronia2 has 20 seconds left.\n|inactive|Marcooooooos has 10 seconds left.\n|inactive|Marcooooooos has 5 seconds left.\n|\n|t:|1701207897\n|move|p2b: Heatran|Protect|p2b: Heatran\n|-singleturn|p2b: Heatran|Protect\n|move|p2a: Ogerpon|Spiky Shield|p2a: Ogerpon\n|-singleturn|p2a: Ogerpon|move: Protect\n|move|p1b: Tornadus|Bleakwind Storm|p2a: Ogerpon|[spread] \n|-activate|p2a: Ogerpon|move: Protect\n|-activate|p2b: Heatran|move: Protect\n|move|p1a: Empoleon|Flip Turn|p2b: Heatran\n|-activate|p2b: Heatran|move: Protect\n|\n|-heal|p1a: Empoleon|38\/100|[from] Grassy Terrain\n|-heal|p2b: Heatran|100\/100|[from] Grassy Terrain\n|upkeep\n|turn|5\n|\n|t:|1701207918\n|switch|p1a: Arcanine|Arcanine-Hisui, L50, M|42\/100\n|-ability|p1a: Arcanine|Intimidate|boost\n|-unboost|p2a: Ogerpon|atk|1\n|-unboost|p2b: Heatran|atk|1\n|switch|p2b: Salamence|Salamence, L50, M|100\/100\n|-ability|p2b: Salamence|Intimidate|boost\n|-unboost|p1a: Arcanine|atk|1\n|-unboost|p1b: Tornadus|atk|1\n|move|p1b: Tornadus|Bleakwind Storm|p2a: Ogerpon|[spread] p2a\n|-miss|p1b: Tornadus|p2b: Salamence\n|-damage|p2a: Ogerpon|82\/100\n|-unboost|p2a: Ogerpon|spe|1\n|move|p2a: Ogerpon|Horn Leech|p1a: Arcanine\n|-damage|p1a: Arcanine|0 fnt\n|-heal|p2a: Ogerpon|100\/100|[from] drain|[of] p1a: Arcanine\n|faint|p1a: Arcanine\n|\n|-fieldend|move: Grassy Terrain\n|upkeep\n|\n|t:|1701207937\n|switch|p1a: Empoleon|Empoleon, L50, M|38\/100\n|turn|6\n|inactive|Marcooooooos has 30 seconds left.\n|\n|t:|1701207963\n|move|p2a: Ogerpon|Follow Me|p2a: Ogerpon\n|-singleturn|p2a: Ogerpon|move: Follow Me\n|move|p1b: Tornadus|Tailwind|p1b: Tornadus\n|-sidestart|p1: Chyronia2|move: Tailwind\n|move|p1a: Empoleon|Icy Wind|p2a: Ogerpon|[spread] p2a,p2b\n|-resisted|p2a: Ogerpon\n|-supereffective|p2b: Salamence\n|-damage|p2a: Ogerpon|97\/100\n|-damage|p2b: Salamence|54\/100\n|-unboost|p2a: Ogerpon|spe|1\n|-unboost|p2b: Salamence|spe|1\n|move|p2b: Salamence|Tailwind|p2b: Salamence\n|-sidestart|p2: Marcooooooos|move: Tailwind\n|\n|upkeep\n|turn|7\n|\n|t:|1701207981\n|switch|p2b: Heatran|Heatran, L50, M|100\/100\n|move|p1b: Tornadus|Icy Wind|p2b: Heatran|[spread] p2a,p2b\n|-resisted|p2a: Ogerpon\n|-resisted|p2b: Heatran\n|-damage|p2a: Ogerpon|94\/100\n|-damage|p2b: Heatran|98\/100\n|-unboost|p2a: Ogerpon|spe|1\n|-unboost|p2b: Heatran|spe|1\n|move|p1a: Empoleon|Icy Wind|p2b: Heatran|[spread] p2a,p2b\n|-resisted|p2a: Ogerpon\n|-resisted|p2b: Heatran\n|-damage|p2a: Ogerpon|91\/100\n|-damage|p2b: Heatran|97\/100\n|-unboost|p2b: Heatran|spe|1\n|move|p2a: Ogerpon|Horn Leech|p1a: Empoleon\n|-damage|p1a: Empoleon|12\/100\n|-heal|p2a: Ogerpon|100\/100|[from] drain|[of] p1a: Empoleon\n|\n|-heal|p2b: Heatran|100\/100|[from] item: Leftovers\n|upkeep\n|turn|8\n|\n|t:|1701208002\n|move|p2b: Heatran|Protect|p2b: Heatran\n|-singleturn|p2b: Heatran|Protect\n|move|p1b: Tornadus|Bleakwind Storm|p2a: Ogerpon|[spread] p2a\n|-activate|p2b: Heatran|move: Protect\n|-damage|p2a: Ogerpon|81\/100\n|move|p1a: Empoleon|Icy Wind|p2a: Ogerpon|[spread] p2a\n|-activate|p2b: Heatran|move: Protect\n|-resisted|p2a: Ogerpon\n|-damage|p2a: Ogerpon|78\/100\n|move|p2a: Ogerpon|Horn Leech|p1a: Empoleon\n|-damage|p1a: Empoleon|0 fnt\n|-heal|p2a: Ogerpon|84\/100|[from] drain|[of] p1a: Empoleon\n|faint|p1a: Empoleon\n|\n|upkeep\n|\n|t:|1701208010\n|switch|p1a: Urshifu|Urshifu, L50, M|100\/100\n|turn|9\n|inactive|Marcooooooos has 30 seconds left.\n|inactive|Marcooooooos has 20 seconds left.\n|inactive|Marcooooooos has 15 seconds left.\n|\n|t:|1701208052\n|switch|p2b: Salamence|Salamence, L50, M|54\/100\n|-ability|p2b: Salamence|Intimidate|boost\n|-unboost|p1a: Urshifu|atk|1\n|-unboost|p1b: Tornadus|atk|1\n|-terastallize|p1a: Urshifu|Dark\n|move|p1a: Urshifu|Wicked Blow|p2a: Ogerpon\n|-crit|p2a: Ogerpon\n|-damage|p2a: Ogerpon|0 fnt\n|faint|p2a: Ogerpon\n|move|p1b: Tornadus|Bleakwind Storm|p2b: Salamence\n|-damage|p2b: Salamence|11\/100\n|\n|-sideend|p2: Marcooooooos|move: Tailwind\n|-sideend|p1: Chyronia2|move: Tailwind\n|upkeep\n|\n|t:|1701208077\n|switch|p2a: Heatran|Heatran, L50, M|100\/100\n|turn|10\n|inactive|Chyronia2 has 30 seconds left.\n|inactive|Marcooooooos has 30 seconds left.\n|inactive|Chyronia2 has 20 seconds left.\n|\n|t:|1701208113\n|move|p1b: Tornadus|Protect|p1b: Tornadus\n|-singleturn|p1b: Tornadus|Protect\n|move|p2a: Heatran|Protect|p2a: Heatran\n|-singleturn|p2a: Heatran|Protect\n|move|p1a: Urshifu|Wicked Blow|p2a: Heatran\n|-crit|p2a: Heatran\n|-damage|p2a: Heatran|6\/100\n|move|p2b: Salamence|Draco Meteor|p1a: Urshifu\n|-damage|p1a: Urshifu|8\/100\n|-unboost|p2b: Salamence|spa|2\n|\n|-heal|p2a: Heatran|12\/100|[from] item: Leftovers\n|upkeep\n|turn|11\n|\n|t:|1701208136\n|move|p1a: Urshifu|Detect|p1a: Urshifu\n|-singleturn|p1a: Urshifu|Protect\n|move|p2b: Salamence|Air Slash|p1a: Urshifu\n|-activate|p1a: Urshifu|move: Protect\n|move|p1b: Tornadus|Icy Wind|p2b: Salamence|[spread] p2a,p2b\n|-resisted|p2a: Heatran\n|-supereffective|p2b: Salamence\n|-damage|p2a: Heatran|10\/100\n|-damage|p2b: Salamence|0 fnt\n|-unboost|p2a: Heatran|spe|1\n|faint|p2b: Salamence\n|move|p2a: Heatran|Magma Storm|p1b: Tornadus\n|-damage|p1b: Tornadus|39\/100\n|-activate|p1b: Tornadus|move: Magma Storm|[of] p2a: Heatran\n|-enditem|p1b: Tornadus|Sitrus Berry|[eat]\n|-heal|p1b: Tornadus|64\/100|[from] item: Sitrus Berry\n|\n|-heal|p2a: Heatran|16\/100|[from] item: Leftovers\n|-damage|p1b: Tornadus|51\/100|[from] move: Magma Storm|[partiallytrapped]\n|upkeep\n|\n|t:|1701208150\n|switch|p2b: Rillaboom|Rillaboom, L50, M|79\/100\n|-fieldstart|move: Grassy Terrain|[from] ability: Grassy Surge|[of] p2b: Rillaboom\n|turn|12\n|inactive|Marcooooooos has 30 seconds left.\n|\n|t:|1701208175\n|move|p2b: Rillaboom|Fake Out|p1a: Urshifu\n|-damage|p1a: Urshifu|0 fnt\n|faint|p1a: Urshifu\n|move|p1b: Tornadus|Bleakwind Storm|p2b: Rillaboom|[spread] p2a\n|-miss|p1b: Tornadus|p2b: Rillaboom\n|-resisted|p2a: Heatran\n|-damage|p2a: Heatran|4\/100\n|move|p2a: Heatran|Magma Storm|p1b: Tornadus\n|-damage|p1b: Tornadus|0 fnt\n|faint|p1b: Tornadus\n|\n|win|Marcooooooos\n|raw|Chyronia2's rating: 1248 &rarr; <strong>1220<\/strong><br \/>(-28 for losing)\n|raw|Marcooooooos's rating: 1206 &rarr; <strong>1234<\/strong><br \/>(+28 for winning)\n|l|\u2606Chyronia2\n","uploadtime":1701208197,"views":0,"p1id":"chyronia2","p2id":"marcooooooos","formatid":"gen9vgc2023regulatione","rating":1220,"private":0,"password":""}