{"id":"gen9vgc2023regulatione-1995670775","p1":"Bulbasaurteam35","p2":"Axel316","format":"[Gen 9] VGC 2023 Regulation E","log":"|j|\u2606Bulbasaurteam35\n|j|\u2606Axel316\n|t:|1700592542\n|gametype|doubles\n|player|p1|Bulbasaurteam35|pokemaniac|1288\n|player|p2|Axel316|101|1311\n|teamsize|p1|6\n|teamsize|p2|6\n|gen|9\n|tier|[Gen 9] VGC 2023 Regulation E\n|rated|\n|rule|Species Clause: Limit one of each Pok\u00e9mon\n|rule|Item Clause: Limit one of each item\n|clearpoke\n|poke|p1|Ninetales-Alola, L50, M|\n|poke|p1|Iron Bundle, L50|\n|poke|p1|Chi-Yu, L50|\n|poke|p1|Dachsbun, L50, F|\n|poke|p1|Rillaboom, L50, M|\n|poke|p1|Ogerpon-Hearthflame, L50, F|\n|poke|p2|Zapdos-Galar, L50|\n|poke|p2|Heatran, L50, M|\n|poke|p2|Tornadus, L50, M|\n|poke|p2|Sinistcha, L50|\n|poke|p2|Indeedee-F, L50, F|\n|poke|p2|Roaring Moon, L50|\n|teampreview|4\n|inactive|Battle timer is ON: inactive players will automatically lose when time's up. (requested by Bulbasaurteam35)\n|inactive|Axel316 has 60 seconds left.\n|\n|t:|1700592576\n|start\n|switch|p1a: Iron Bundle|Iron Bundle, L50|100\/100\n|switch|p1b: Chi-Yu|Chi-Yu, L50|100\/100\n|switch|p2a: Zapdos|Zapdos-Galar, L50|100\/100\n|switch|p2b: Tornadus|Tornadus, L50, M|100\/100\n|-ability|p1b: Chi-Yu|Beads of Ruin\n|-enditem|p1a: Iron Bundle|Booster Energy\n|-activate|p1a: Iron Bundle|ability: Quark Drive|[fromitem]\n|-start|p1a: Iron Bundle|quarkdrivespe\n|turn|1\n|inactive|Bulbasaurteam35 has 30 seconds left.\n|\n|t:|1700592604\n|move|p2b: Tornadus|Tailwind|p2b: Tornadus\n|-sidestart|p2: Axel316|move: Tailwind\n|move|p2a: Zapdos|Brave Bird|p1a: Iron Bundle\n|-damage|p1a: Iron Bundle|23\/100\n|-damage|p2a: Zapdos|78\/100|[from] Recoil\n|-damage|p2a: Zapdos|68\/100|[from] item: Life Orb\n|move|p1a: Iron Bundle|Icy Wind|p2a: Zapdos|[spread] p2a,p2b\n|-supereffective|p2a: Zapdos\n|-supereffective|p2b: Tornadus\n|-damage|p2a: Zapdos|17\/100\n|-damage|p2b: Tornadus|39\/100\n|-unboost|p2a: Zapdos|spe|1\n|-ability|p2a: Zapdos|Defiant|boost\n|-boost|p2a: Zapdos|atk|2\n|move|p1b: Chi-Yu|Heat Wave|p2a: Zapdos|[spread] p2a,p2b\n|-crit|p2a: Zapdos\n|-damage|p2a: Zapdos|0 fnt\n|-damage|p2b: Tornadus|0 fnt\n|faint|p2a: Zapdos\n|faint|p2b: Tornadus\n|\n|upkeep\n|\n|t:|1700592623\n|switch|p2b: Roaring Moon|Roaring Moon, L50|100\/100\n|switch|p2a: Heatran|Heatran, L50, M|100\/100\n|-enditem|p2b: Roaring Moon|Booster Energy\n|-activate|p2b: Roaring Moon|ability: Protosynthesis|[fromitem]\n|-start|p2b: Roaring Moon|protosynthesisatk\n|turn|2\n|inactive|Bulbasaurteam35 has 30 seconds left.\n|inactive|Bulbasaurteam35 has 20 seconds left.\n|\n|t:|1700592659\n|switch|p1b: Dachsbun|Dachsbun, L50, F|100\/100\n|-terastallize|p2b: Roaring Moon|Fairy\n|move|p2a: Heatran|Protect|p2a: Heatran\n|-singleturn|p2a: Heatran|Protect\n|move|p2b: Roaring Moon|Breaking Swipe|p1b: Dachsbun|[spread] p1a\n|-immune|p1b: Dachsbun\n|-damage|p1a: Iron Bundle|0 fnt\n|faint|p1a: Iron Bundle\n|-end|p1a: Iron Bundle|Quark Drive|[silent]\n|\n|upkeep\n|\n|t:|1700592673\n|switch|p1a: Ninetales|Ninetales-Alola, L50, M|100\/100\n|-weather|Snow|[from] ability: Snow Warning|[of] p1a: Ninetales\n|turn|3\n|\n|t:|1700592697\n|move|p1b: Dachsbun|Protect|p1b: Dachsbun\n|-singleturn|p1b: Dachsbun|Protect\n|move|p2b: Roaring Moon|Acrobatics|p1a: Ninetales\n|-damage|p1a: Ninetales|53\/100\n|move|p2a: Heatran|Flash Cannon|p1a: Ninetales\n|-supereffective|p1a: Ninetales\n|-damage|p1a: Ninetales|0 fnt\n|faint|p1a: Ninetales\n|\n|-weather|Snow|[upkeep]\n|upkeep\n|\n|t:|1700592708\n|switch|p1a: Chi-Yu|Chi-Yu, L50|100\/100\n|-ability|p1a: Chi-Yu|Beads of Ruin\n|turn|4\n|\n|t:|1700592728\n|move|p2b: Roaring Moon|Acrobatics|p1a: Chi-Yu\n|-damage|p1a: Chi-Yu|32\/100\n|move|p1a: Chi-Yu|Lava Plume|p2a: Heatran|[spread] p2b\n|-ability|p1b: Dachsbun|Well-Baked Body|boost\n|-boost|p1b: Dachsbun|def|2\n|-start|p2a: Heatran|ability: Flash Fire\n|-damage|p2b: Roaring Moon|67\/100\n|-status|p2b: Roaring Moon|brn\n|move|p2a: Heatran|Earth Power|p1a: Chi-Yu\n|-supereffective|p1a: Chi-Yu\n|-damage|p1a: Chi-Yu|0 fnt\n|faint|p1a: Chi-Yu\n|move|p1b: Dachsbun|Substitute|p1b: Dachsbun\n|-start|p1b: Dachsbun|Substitute\n|-damage|p1b: Dachsbun|76\/100\n|\n|-weather|Snow|[upkeep]\n|-heal|p1b: Dachsbun|82\/100|[from] item: Leftovers\n|-damage|p2b: Roaring Moon|61\/100 brn|[from] brn\n|-sideend|p2: Axel316|move: Tailwind\n|upkeep\n|turn|5\n|inactive|Axel316 has 30 seconds left.\n|\n|t:|1700592755\n|move|p1b: Dachsbun|Protect|p1b: Dachsbun\n|-singleturn|p1b: Dachsbun|Protect\n|move|p2a: Heatran|Protect|p2a: Heatran\n|-singleturn|p2a: Heatran|Protect\n|move|p2b: Roaring Moon|Knock Off|p1b: Dachsbun\n|-activate|p1b: Dachsbun|move: Protect\n|\n|-weather|Snow|[upkeep]\n|-heal|p1b: Dachsbun|88\/100|[from] item: Leftovers\n|-damage|p2b: Roaring Moon|55\/100 brn|[from] brn\n|upkeep\n|turn|6\n|\n|t:|1700592769\n|move|p2b: Roaring Moon|Knock Off|p1b: Dachsbun\n|-resisted|p1b: Dachsbun\n|-activate|p1b: Dachsbun|move: Substitute|[damage]\n|move|p1b: Dachsbun|Body Press|p2a: Heatran\n|-supereffective|p2a: Heatran\n|-damage|p2a: Heatran|20\/100\n|move|p2a: Heatran|Flash Cannon|p1b: Dachsbun\n|-supereffective|p1b: Dachsbun\n|-end|p1b: Dachsbun|Substitute\n|\n|-weather|Snow|[upkeep]\n|-heal|p1b: Dachsbun|94\/100|[from] item: Leftovers\n|-heal|p2a: Heatran|26\/100|[from] item: Leftovers\n|-damage|p2b: Roaring Moon|49\/100 brn|[from] brn\n|upkeep\n|turn|7\n|\n|t:|1700592788\n|move|p2a: Heatran|Protect|p2a: Heatran\n|-singleturn|p2a: Heatran|Protect\n|move|p2b: Roaring Moon|Knock Off|p1b: Dachsbun\n|-resisted|p1b: Dachsbun\n|-damage|p1b: Dachsbun|87\/100\n|-enditem|p1b: Dachsbun|Leftovers|[from] move: Knock Off|[of] p2b: Roaring Moon\n|move|p1b: Dachsbun|Body Press|p2a: Heatran\n|-activate|p2a: Heatran|move: Protect\n|\n|-weather|none\n|-heal|p2a: Heatran|32\/100|[from] item: Leftovers\n|-damage|p2b: Roaring Moon|43\/100 brn|[from] brn\n|upkeep\n|turn|8\n|\n|t:|1700592804\n|move|p2b: Roaring Moon|Acrobatics|p1b: Dachsbun\n|-damage|p1b: Dachsbun|75\/100\n|move|p1b: Dachsbun|Body Press|p2a: Heatran\n|-supereffective|p2a: Heatran\n|-damage|p2a: Heatran|0 fnt\n|faint|p2a: Heatran\n|\n|-damage|p2b: Roaring Moon|38\/100 brn|[from] brn\n|upkeep\n|turn|9\n|-message|Axel316 forfeited.\n|\n|win|Bulbasaurteam35\n|raw|Bulbasaurteam35's rating: 1288 &rarr; <strong>1315<\/strong><br \/>(+27 for winning)\n|raw|Axel316's rating: 1311 &rarr; <strong>1290<\/strong><br \/>(-21 for losing)\n|l|\u2606Axel316\n","uploadtime":1700592835,"views":0,"p1id":"bulbasaurteam35","p2id":"axel316","formatid":"gen9vgc2023regulatione","rating":1290,"private":0,"password":""}