{"id":"gen9vgc2023regulatione-1990908436","p1":"Luminaryyyyyy","p2":"DamEdge","format":"[Gen 9] VGC 2023 Regulation E","log":"|j|\u2606Luminaryyyyyy\n|j|\u2606DamEdge\n|n|\u2606Luminaryyyyyy|luminaryyyyyy\n|n|\u2606DamEdge|damedge\n|html|View the match progress at <a href=\"\/game-bestof3-gen9vgc2023regulatione-1990908435\">game-bestof3-gen9vgc2023regulatione-1990908435<\/a>\n|t:|1700013898\n|gametype|doubles\n|player|p1|Luminaryyyyyy|iris|\n|player|p2|DamEdge|teamrocket|\n|teamsize|p1|6\n|teamsize|p2|6\n|gen|9\n|tier|[Gen 9] VGC 2023 Regulation E\n|rule|Species Clause: Limit one of each Pok\u00e9mon\n|rule|Item Clause: Limit one of each item\n|clearpoke\n|poke|p1|Sneasel, L50, M|\n|poke|p1|Gardevoir, L50, F|\n|poke|p1|Gliscor, L50, F|\n|poke|p1|Clefairy, L50, M|\n|poke|p1|Gholdengo, L50|\n|poke|p1|Palafin, L50, F|\n|poke|p2|Urshifu-*, L50, F|\n|poke|p2|Tornadus, L50, M|\n|poke|p2|Arcanine-Hisui, L50, F|\n|poke|p2|Hydreigon, L50, F|\n|poke|p2|Revavroom, L50, F|\n|poke|p2|Dipplin, L50, M|\n|teampreview|4\n|\n|t:|1700013987\n|start\n|switch|p1a: Marian Hossa|Clefairy, L50, M, shiny|100\/100\n|switch|p1b: Bettyboo|Palafin, L50, F|100\/100\n|switch|p2a: Tornadus|Tornadus, L50, M|100\/100\n|switch|p2b: Urshifu|Urshifu-Rapid-Strike, L50, F|100\/100\n|turn|1\n|j| Lkynmbr24\n|j| ImNextUp\n|c| ImNextUp|hi lucky\n|\n|t:|1700014033\n|detailschange|p1b: Bettyboo|Palafin-Hero, L50, F\n|switch|p1b: Orbussy|Gliscor, L50, F|100\/100\n|move|p2a: Tornadus|Taunt|p1a: Marian Hossa\n|-start|p1a: Marian Hossa|move: Taunt\n|move|p2b: Urshifu|Surging Strikes|p1b: Orbussy\n|-supereffective|p1b: Orbussy\n|-crit|p1b: Orbussy\n|-damage|p1b: Orbussy|66\/100\n|-supereffective|p1b: Orbussy\n|-crit|p1b: Orbussy\n|-damage|p1b: Orbussy|33\/100\n|-supereffective|p1b: Orbussy\n|-crit|p1b: Orbussy\n|-damage|p1b: Orbussy|0 fnt\n|faint|p1b: Orbussy\n|-hitcount|p1: Orbussy|3\n|cant|p1a: Marian Hossa|move: Taunt|Thunder Wave\n|\n|upkeep\n|\n|t:|1700014041\n|switch|p1b: Milkers|Gardevoir, L50, F|100\/100\n|-ability|p1b: Milkers|Unseen Fist|[from] ability: Trace|[of] p2b: Urshifu\n|turn|2\n|c| Omega_Jirachi|ouch\n|c| Lkynmbr24|Hi lol\n|j| LookItUpVGC\n|j| 42beets\n|c| Omega_Jirachi|oh hi\n|j| ML Lacius\n|\n|t:|1700014070\n|move|p2a: Tornadus|Tailwind|p2a: Tornadus\n|-sidestart|p2: DamEdge|move: Tailwind\n|move|p2b: Urshifu|Surging Strikes|p1b: Milkers\n|-crit|p1b: Milkers\n|-damage|p1b: Milkers|68\/100\n|-crit|p1b: Milkers\n|-damage|p1b: Milkers|30\/100\n|-crit|p1b: Milkers\n|-damage|p1b: Milkers|0 fnt\n|faint|p1b: Milkers\n|-hitcount|p1: Milkers|3\n|move|p1a: Marian Hossa|Icy Wind|p2a: Tornadus|[spread] p2a,p2b\n|-supereffective|p2a: Tornadus\n|-resisted|p2b: Urshifu\n|-damage|p2a: Tornadus|85\/100\n|-damage|p2b: Urshifu|96\/100\n|-unboost|p2a: Tornadus|spe|1\n|-unboost|p2b: Urshifu|spe|1\n|\n|upkeep\n|j| Cruzer108\n|\n|t:|1700014077\n|switch|p1b: Bettyboo|Palafin-Hero, L50, F|100\/100\n|-activate|p1b: Bettyboo|ability: Zero to Hero\n|turn|3\n|c| ML Lacius|First match pog.\n|j| HappyW\n|\n|t:|1700014096\n|-terastallize|p1b: Bettyboo|Water\n|move|p2b: Urshifu|Close Combat|p1b: Bettyboo\n|-damage|p1b: Bettyboo|50\/100\n|-unboost|p2b: Urshifu|def|1\n|-unboost|p2b: Urshifu|spd|1\n|move|p2a: Tornadus|Grass Knot|p1b: Bettyboo\n|-supereffective|p1b: Bettyboo\n|-damage|p1b: Bettyboo|12\/100\n|move|p1b: Bettyboo|Bulk Up|p1b: Bettyboo\n|-boost|p1b: Bettyboo|atk|1\n|-boost|p1b: Bettyboo|def|1\n|move|p1a: Marian Hossa|Icy Wind|p2b: Urshifu|[spread] p2a,p2b\n|-supereffective|p2a: Tornadus\n|-resisted|p2b: Urshifu\n|-damage|p2a: Tornadus|70\/100\n|-damage|p2b: Urshifu|89\/100\n|-unboost|p2a: Tornadus|spe|1\n|-unboost|p2b: Urshifu|spe|1\n|\n|-heal|p1b: Bettyboo|19\/100|[from] item: Leftovers\n|-end|p1a: Marian Hossa|move: Taunt\n|upkeep\n|turn|4\n|c| Cruzer108|thats rough\n|\n|t:|1700014114\n|switch|p2b: Dipplin|Dipplin, L50, M|100\/100\n|-ability|p2b: Dipplin|Supersweet Syrup\n|-ability|p2b: Dipplin|Supersweet Syrup|boost\n|-unboost|p1a: Marian Hossa|evasion|1\n|-unboost|p1b: Bettyboo|evasion|1\n|move|p1a: Marian Hossa|Follow Me|p1a: Marian Hossa\n|-singleturn|p1a: Marian Hossa|move: Follow Me\n|move|p1b: Bettyboo|Jet Punch|p2b: Dipplin\n|-resisted|p2b: Dipplin\n|-damage|p2b: Dipplin|89\/100\n|move|p2a: Tornadus|Bleakwind Storm|p1b: Bettyboo|[spread] p1a,p1b\n|-damage|p1a: Marian Hossa|71\/100\n|-damage|p1b: Bettyboo|0 fnt\n|-unboost|p1a: Marian Hossa|spe|1\n|faint|p1b: Bettyboo\n|\n|upkeep\n|turn|5\n|c|\u2606Luminaryyyyyy|gg\n|\n|t:|1700014132\n|move|p1a: Marian Hossa|Follow Me|p1a: Marian Hossa\n|-singleturn|p1a: Marian Hossa|move: Follow Me\n|move|p2b: Dipplin|Infestation|p1a: Marian Hossa\n|-resisted|p1a: Marian Hossa\n|-damage|p1a: Marian Hossa|69\/100\n|-activate|p1a: Marian Hossa|move: Infestation|[of] p2b: Dipplin\n|move|p2a: Tornadus|Bleakwind Storm|p1a: Marian Hossa\n|-damage|p1a: Marian Hossa|28\/100\n|-unboost|p1a: Marian Hossa|spe|1\n|\n|-damage|p1a: Marian Hossa|16\/100|[from] move: Infestation|[partiallytrapped]\n|-sideend|p2: DamEdge|move: Tailwind\n|upkeep\n|turn|6\n|j| Salivadora\n|c|\u2606DamEdge|gg\n|\n|t:|1700014143\n|move|p1a: Marian Hossa|Follow Me|p1a: Marian Hossa\n|-singleturn|p1a: Marian Hossa|move: Follow Me\n|move|p2b: Dipplin|Syrup Bomb|p1a: Marian Hossa\n|-damage|p1a: Marian Hossa|0 fnt\n|faint|p1a: Marian Hossa\n|\n|win|DamEdge\n|c|&|\/uhtml prompt-damedge,DamEdge is ready for game 2!\n|c|&|\/uhtml prompt-luminaryyyyyy,Luminaryyyyyy is ready for game 2!\nBoth players are ready! Starting next match!\n|l| Salivadora\n|l| 42beets\n|l| HappyW\n|l| ImNextUp\n|j| idontgivetkachuk\n|l| Cruzer108\n|l| idontgivetkachuk\n|l| LookItUpVGC\n|l|\u2606DamEdge\n|l| Lkynmbr24\n|l| ML Lacius\n|j|\u2606DamEdge\n|player|p2|DamEdge|teamrocket\n|l|\u2606Luminaryyyyyy\n|l| Omega_Jirachi\n","uploadtime":1700014449,"views":11,"p1id":"luminaryyyyyy","p2id":"damedge","formatid":"gen9vgc2023regulatione","rating":0,"private":0,"password":""}