{"id":"gen9vgc2023regulatione-1994455266","p1":"Faithbound","p2":"E4Mence","format":"[Gen 9] VGC 2023 Regulation E","log":"|j|\u2606Faithbound\n|j|\u2606E4Mence\n|t:|1700445870\n|gametype|doubles\n|player|p1|Faithbound|2|1152\n|player|p2|E4Mence|170|1181\n|teamsize|p1|6\n|teamsize|p2|6\n|gen|9\n|tier|[Gen 9] VGC 2023 Regulation E\n|rated|\n|rule|Species Clause: Limit one of each Pok\u00e9mon\n|rule|Item Clause: Limit one of each item\n|clearpoke\n|poke|p1|Iron Valiant, L50|\n|poke|p1|Iron Hands, L50|\n|poke|p1|Tornadus, L50, M|\n|poke|p1|Zapdos, L50|\n|poke|p1|Ogerpon-Hearthflame, L50, F|\n|poke|p1|Palafin, L50, F|\n|poke|p2|Tauros-Paldea-Blaze, L50, M|\n|poke|p2|Ogerpon, L50, F|\n|poke|p2|Iron Bundle, L50|\n|poke|p2|Indeedee-F, L50, F|\n|poke|p2|Urshifu-*, L50, F|\n|poke|p2|Sneasler, L50, M|\n|teampreview|4\n|inactive|Battle timer is ON: inactive players will automatically lose when time's up. (requested by Faithbound)\n|\n|t:|1700445890\n|start\n|switch|p1a: Tornadus|Tornadus, L50, M|100\/100\n|switch|p1b: Zapdos|Zapdos, L50|100\/100\n|switch|p2a: Iron Bundle|Iron Bundle, L50|100\/100\n|switch|p2b: Urshifu|Urshifu, L50, F|100\/100\n|-enditem|p2a: Iron Bundle|Booster Energy\n|-activate|p2a: Iron Bundle|ability: Quark Drive|[fromitem]\n|-start|p2a: Iron Bundle|quarkdrivespe\n|turn|1\n|\n|t:|1700445910\n|move|p1a: Tornadus|Rain Dance|p1a: Tornadus\n|-weather|RainDance\n|move|p2a: Iron Bundle|Icy Wind|p1a: Tornadus|[spread] p1a\n|-miss|p2a: Iron Bundle|p1b: Zapdos\n|-supereffective|p1a: Tornadus\n|-damage|p1a: Tornadus|57\/100\n|-unboost|p1a: Tornadus|spe|1\n|move|p1b: Zapdos|Hurricane|p2b: Urshifu\n|-supereffective|p2b: Urshifu\n|-damage|p2b: Urshifu|0 fnt\n|faint|p2b: Urshifu\n|-damage|p1b: Zapdos|91\/100|[from] item: Life Orb\n|\n|-weather|RainDance|[upkeep]\n|upkeep\n|\n|t:|1700445921\n|switch|p2b: Ogerpon|Ogerpon, L50, F|100\/100\n|turn|2\n|\n|t:|1700445936\n|move|p2b: Ogerpon|Protect|p2b: Ogerpon\n|-singleturn|p2b: Ogerpon|Protect\n|move|p2a: Iron Bundle|Freeze-Dry|p1b: Zapdos\n|-supereffective|p1b: Zapdos\n|-damage|p1b: Zapdos|13\/100\n|move|p1b: Zapdos|Hurricane|p2b: Ogerpon\n|-activate|p2b: Ogerpon|move: Protect\n|move|p1a: Tornadus|Bleakwind Storm|p2a: Iron Bundle|[spread] p2a\n|-activate|p2b: Ogerpon|move: Protect\n|-damage|p2a: Iron Bundle|47\/100\n|\n|-weather|RainDance|[upkeep]\n|upkeep\n|turn|3\n|\n|t:|1700445957\n|switch|p1b: Iron Hands|Iron Hands, L50|100\/100\n|move|p1a: Tornadus|Sunny Day|p1a: Tornadus\n|-weather|SunnyDay\n|move|p2a: Iron Bundle|Icy Wind|p1a: Tornadus|[spread] p1a,p1b\n|-supereffective|p1a: Tornadus\n|-damage|p1a: Tornadus|16\/100\n|-damage|p1b: Iron Hands|83\/100\n|-unboost|p1a: Tornadus|spe|1\n|-unboost|p1b: Iron Hands|spe|1\n|move|p2b: Ogerpon|Knock Off|p1a: Tornadus\n|-damage|p1a: Tornadus|0 fnt\n|-enditem|p1a: Tornadus|Mental Herb|[from] move: Knock Off|[of] p2b: Ogerpon\n|faint|p1a: Tornadus\n|\n|-weather|SunnyDay|[upkeep]\n|upkeep\n|\n|t:|1700445969\n|switch|p1a: Ogerpon|Ogerpon-Hearthflame, L50, F|100\/100\n|-ability|p1a: Ogerpon|Mold Breaker\n|turn|4\n|\n|t:|1700445979\n|-terastallize|p1a: Ogerpon|Fire\n|detailschange|p1a: Ogerpon|Ogerpon-Hearthflame-Tera, L50, F, tera:Fire\n|-ability|p1a: Ogerpon|Embody Aspect (Hearthflame)|boost\n|-boost|p1a: Ogerpon|atk|1\n|move|p2a: Iron Bundle|Protect|p2a: Iron Bundle\n|-singleturn|p2a: Iron Bundle|Protect\n|move|p2b: Ogerpon|Protect|p2b: Ogerpon\n|-singleturn|p2b: Ogerpon|Protect\n|move|p1b: Iron Hands|Fake Out|p2a: Iron Bundle\n|-activate|p2a: Iron Bundle|move: Protect\n|move|p1a: Ogerpon|Ivy Cudgel|p2a: Iron Bundle|[anim] Ivy Cudgel Fire\n|-activate|p2a: Iron Bundle|move: Protect\n|\n|-weather|SunnyDay|[upkeep]\n|upkeep\n|turn|5\n|inactive|E4Mence has 30 seconds left.\n|\n|t:|1700446010\n|move|p2a: Iron Bundle|Encore|p1b: Iron Hands\n|-start|p1b: Iron Hands|Encore\n|move|p1a: Ogerpon|Ivy Cudgel|p2b: Ogerpon|[anim] Ivy Cudgel Fire\n|-supereffective|p2b: Ogerpon\n|-damage|p2b: Ogerpon|0 fnt\n|faint|p2b: Ogerpon\n|move|p1b: Iron Hands|Fake Out||[still]\n|-hint|Fake Out only works on your first turn out.\n|-fail|p1b: Iron Hands\n|\n|-weather|SunnyDay|[upkeep]\n|upkeep\n|\n|t:|1700446015\n|switch|p2b: Tauros|Tauros-Paldea-Blaze, L50, M|100\/100\n|-ability|p2b: Tauros|Intimidate|boost\n|-unboost|p1a: Ogerpon|atk|1\n|-unboost|p1b: Iron Hands|atk|1\n|turn|6\n|\n|t:|1700446032\n|-end|p1b: Iron Hands|Quark Drive|[silent]\n|switch|p1b: Zapdos|Zapdos, L50|13\/100\n|-terastallize|p2b: Tauros|Dragon\n|move|p1a: Ogerpon|Spiky Shield|p1a: Ogerpon\n|-singleturn|p1a: Ogerpon|move: Protect\n|move|p2a: Iron Bundle|Icy Wind|p1b: Zapdos|[spread] p1b\n|-activate|p1a: Ogerpon|move: Protect\n|-supereffective|p1b: Zapdos\n|-damage|p1b: Zapdos|0 fnt\n|faint|p1b: Zapdos\n|move|p2b: Tauros|Rock Slide|p1a: Ogerpon\n|-activate|p1a: Ogerpon|move: Protect\n|\n|-weather|SunnyDay|[upkeep]\n|upkeep\n|\n|t:|1700446042\n|switch|p1b: Iron Hands|Iron Hands, L50|83\/100\n|turn|7\n|\n|t:|1700446051\n|move|p2a: Iron Bundle|Protect|p2a: Iron Bundle\n|-singleturn|p2a: Iron Bundle|Protect\n|move|p1b: Iron Hands|Fake Out|p2b: Tauros\n|-damage|p2b: Tauros|85\/100\n|move|p1a: Ogerpon|Swords Dance|p1a: Ogerpon\n|-boost|p1a: Ogerpon|atk|2\n|cant|p2b: Tauros|flinch\n|\n|-weather|none\n|upkeep\n|turn|8\n|\n|t:|1700446062\n|move|p1a: Ogerpon|Spiky Shield|p1a: Ogerpon\n|-singleturn|p1a: Ogerpon|move: Protect\n|move|p2a: Iron Bundle|Encore|p1b: Iron Hands\n|-start|p1b: Iron Hands|Encore\n|move|p2b: Tauros|Rock Slide|p1a: Ogerpon|[spread] p1b\n|-activate|p1a: Ogerpon|move: Protect\n|-resisted|p1b: Iron Hands\n|-damage|p1b: Iron Hands|77\/100\n|move|p1b: Iron Hands|Fake Out||[still]\n|-hint|Fake Out only works on your first turn out.\n|-fail|p1b: Iron Hands\n|\n|upkeep\n|turn|9\n|\n|t:|1700446076\n|move|p1b: Iron Hands|Fake Out||[still]\n|-hint|Fake Out only works on your first turn out.\n|-fail|p1b: Iron Hands\n|move|p2a: Iron Bundle|Encore|p1a: Ogerpon\n|-start|p1a: Ogerpon|Encore\n|move|p1a: Ogerpon|Spiky Shield|p1a: Ogerpon\n|-singleturn|p1a: Ogerpon|move: Protect\n|move|p2b: Tauros|Flare Blitz|p1b: Iron Hands\n|-damage|p1b: Iron Hands|41\/100\n|-status|p1b: Iron Hands|brn\n|-damage|p2b: Tauros|67\/100|[from] Recoil\n|\n|-damage|p1b: Iron Hands|35\/100 brn|[from] brn\n|upkeep\n|turn|10\n|\n|t:|1700446087\n|move|p1a: Ogerpon|Spiky Shield||[still]\n|-fail|p1a: Ogerpon\n|move|p1b: Iron Hands|Fake Out||[still]\n|-hint|Fake Out only works on your first turn out.\n|-fail|p1b: Iron Hands\n|move|p2a: Iron Bundle|Icy Wind|p1a: Ogerpon|[spread] p1a,p1b\n|-resisted|p1a: Ogerpon\n|-damage|p1a: Ogerpon|89\/100\n|-damage|p1b: Iron Hands|19\/100 brn\n|-unboost|p1a: Ogerpon|spe|1\n|-unboost|p1b: Iron Hands|spe|1\n|move|p2b: Tauros|Rock Slide|p1b: Iron Hands|[spread] p1a,p1b\n|-supereffective|p1a: Ogerpon\n|-resisted|p1b: Iron Hands\n|-damage|p1a: Ogerpon|42\/100\n|-damage|p1b: Iron Hands|13\/100 brn\n|\n|-damage|p1b: Iron Hands|7\/100 brn|[from] brn\n|-end|p1b: Iron Hands|Encore\n|upkeep\n|turn|11\n|l|\u2606Faithbound\n|inactive|Faithbound disconnected and has a minute to reconnect!\n|player|p1|\n|inactive|Faithbound has 30 seconds left.\n|inactive|Faithbound has 20 seconds left.\n|inactive|Faithbound has 15 seconds left.\n|inactive|Faithbound has 10 seconds left.\n|inactive|Faithbound has 5 seconds left.\n|-message|Faithbound lost due to inactivity.\n|\n|win|E4Mence\n|raw|Faithbound's rating: 1152 &rarr; <strong>1129<\/strong><br \/>(-23 for losing)\n|raw|E4Mence's rating: 1181 &rarr; <strong>1204<\/strong><br \/>(+23 for winning)\n","uploadtime":1700446146,"views":21,"p1id":"faithbound","p2id":"e4mence","formatid":"gen9vgc2023regulatione","rating":1129,"private":0,"password":""}