{"id":"gen9vgc2023regulatione-1999507999","p1":"Autofire101","p2":"ulomomu","format":"[Gen 9] VGC 2023 Regulation E","log":"|j|\u2606Autofire101\n|j|\u2606ulomomu\n|t:|1701090494\n|gametype|doubles\n|player|p1|Autofire101|lance|1387\n|player|p2|ulomomu|juggler|1416\n|teamsize|p1|6\n|teamsize|p2|6\n|gen|9\n|tier|[Gen 9] VGC 2023 Regulation E\n|rated|\n|rule|Species Clause: Limit one of each Pok\u00e9mon\n|rule|Item Clause: Limit one of each item\n|clearpoke\n|poke|p1|Ogerpon-Wellspring, L50, F|\n|poke|p1|Ninetales-Alola, L50, M|\n|poke|p1|Baxcalibur, L50, M|\n|poke|p1|Tornadus, L50, M|\n|poke|p1|Gholdengo, L50|\n|poke|p1|Munkidori, L50, M|\n|poke|p2|Annihilape, L50, F|\n|poke|p2|Sinistcha, L50|\n|poke|p2|Sableye, L50, M|\n|poke|p2|Arcanine-Hisui, L50, M|\n|poke|p2|Moltres-Galar, L50|\n|poke|p2|Iron Treads, L50|\n|teampreview|4\n|inactive|Battle timer is ON: inactive players will automatically lose when time's up. (requested by Autofire101)\n|inactive|ulomomu has 60 seconds left.\nAutofire101 rejected open team sheets.\n|\n|t:|1701090529\n|start\n|switch|p1a: Ninetales|Ninetales-Alola, L50, M, shiny|100\/100\n|switch|p1b: Baxcalibur|Baxcalibur, L50, M|100\/100\n|switch|p2a: Sableye|Sableye, L50, M|100\/100\n|switch|p2b: Annihilape|Annihilape, L50, F|100\/100\n|-weather|Snow|[from] ability: Snow Warning|[of] p1a: Ninetales\n|turn|1\n|\n|t:|1701090551\n|-terastallize|p2b: Annihilape|Fire\n|move|p2a: Sableye|Light Screen|p2a: Sableye\n|-sidestart|p2: ulomomu|move: Light Screen\n|move|p1a: Ninetales|Aurora Veil|p1a: Ninetales\n|-sidestart|p1: Autofire101|move: Aurora Veil\n|move|p1b: Baxcalibur|Icicle Spear|p2a: Sableye\n|-damage|p2a: Sableye|81\/100\n|-damage|p2a: Sableye|62\/100\n|-damage|p2a: Sableye|43\/100\n|-damage|p2a: Sableye|23\/100\n|-hitcount|p2a: Sableye|4\n|move|p2b: Annihilape|Bulk Up|p2b: Annihilape\n|-boost|p2b: Annihilape|atk|1\n|-boost|p2b: Annihilape|def|1\n|\n|-weather|Snow|[upkeep]\n|upkeep\n|turn|2\n|inactive|Autofire101 has 30 seconds left.\n|inactive|ulomomu has 30 seconds left.\n|\n|t:|1701090583\n|switch|p1b: Ogerpon|Ogerpon-Wellspring, L50, F|100\/100\n|move|p2a: Sableye|Encore|p1a: Ninetales\n|-start|p1a: Ninetales|Encore\n|move|p1a: Ninetales|Aurora Veil||[still]\n|-fail|p1a: Ninetales\n|move|p2b: Annihilape|Bulk Up|p2b: Annihilape\n|-boost|p2b: Annihilape|atk|1\n|-boost|p2b: Annihilape|def|1\n|\n|-weather|Snow|[upkeep]\n|upkeep\n|turn|3\n|\n|t:|1701090602\n|switch|p1a: Baxcalibur|Baxcalibur, L50, M|100\/100\n|-terastallize|p1b: Ogerpon|Water\n|detailschange|p1b: Ogerpon|Ogerpon-Wellspring-Tera, L50, F, tera:Water\n|-ability|p1b: Ogerpon|Embody Aspect (Wellspring)|boost\n|-boost|p1b: Ogerpon|spd|1\n|move|p2a: Sableye|Will-O-Wisp|p1b: Ogerpon\n|-status|p1b: Ogerpon|brn\n|move|p1b: Ogerpon|Ivy Cudgel|p2b: Annihilape|[anim] Ivy Cudgel Water\n|-supereffective|p2b: Annihilape\n|-damage|p2b: Annihilape|57\/100\n|-enditem|p2b: Annihilape|Weakness Policy\n|-boost|p2b: Annihilape|atk|2|[from] item: Weakness Policy\n|-boost|p2b: Annihilape|spa|2|[from] item: Weakness Policy\n|move|p2b: Annihilape|Drain Punch|p1a: Baxcalibur\n|-supereffective|p1a: Baxcalibur\n|-damage|p1a: Baxcalibur|18\/100\n|-heal|p2b: Annihilape|96\/100|[from] drain|[of] p1a: Baxcalibur\n|\n|-weather|Snow|[upkeep]\n|-damage|p1b: Ogerpon|95\/100 brn|[from] brn\n|upkeep\n|turn|4\n|inactive|Autofire101 has 30 seconds left.\n|inactive|ulomomu has 30 seconds left.\n|\n|t:|1701090631\n|move|p2a: Sableye|Disable|p1b: Ogerpon\n|-start|p1b: Ogerpon|Disable|Ivy Cudgel\n|cant|p1b: Ogerpon|Disable|Ivy Cudgel\n|move|p1a: Baxcalibur|Icicle Spear|p2a: Sableye\n|-damage|p2a: Sableye|5\/100\n|-damage|p2a: Sableye|0 fnt\n|faint|p2a: Sableye\n|-hitcount|p2: Sableye|2\n|move|p2b: Annihilape|Drain Punch|p1a: Baxcalibur\n|-supereffective|p1a: Baxcalibur\n|-damage|p1a: Baxcalibur|0 fnt\n|-heal|p2b: Annihilape|100\/100|[from] drain|[of] p1a: Baxcalibur\n|faint|p1a: Baxcalibur\n|\n|-weather|Snow|[upkeep]\n|-damage|p1b: Ogerpon|89\/100 brn|[from] brn\n|upkeep\n|\n|t:|1701090652\n|switch|p1a: Gholdengo|Gholdengo, L50|100\/100\n|switch|p2a: Arcanine|Arcanine-Hisui, L50, M|100\/100\n|-ability|p2a: Arcanine|Intimidate|boost\n|-unboost|p1a: Gholdengo|atk|1\n|-unboost|p1b: Ogerpon|atk|1\n|turn|5\n|\n|t:|1701090671\n|move|p2a: Arcanine|Helping Hand|p2b: Annihilape\n|-singleturn|p2b: Annihilape|Helping Hand|[of] p2a: Arcanine\n|move|p1b: Ogerpon|Wood Hammer|p2b: Annihilape\n|-resisted|p2b: Annihilape\n|-damage|p2b: Annihilape|94\/100\n|-damage|p1b: Ogerpon|86\/100 brn|[from] Recoil\n|move|p1a: Gholdengo|Make It Rain|p2b: Annihilape|[spread] p2a,p2b\n|-resisted|p2b: Annihilape\n|-damage|p2a: Arcanine|63\/100\n|-damage|p2b: Annihilape|82\/100\n|-unboost|p1a: Gholdengo|spa|1\n|move|p2b: Annihilape|Rage Fist|p1a: Gholdengo\n|-supereffective|p1a: Gholdengo\n|-damage|p1a: Gholdengo|0 fnt\n|faint|p1a: Gholdengo\n|\n|-weather|none\n|-damage|p1b: Ogerpon|80\/100 brn|[from] brn\n|-sideend|p2: ulomomu|move: Light Screen\n|upkeep\n|\n|t:|1701090683\n|switch|p1a: Ninetales|Ninetales-Alola, L50, M, shiny|100\/100\n|-weather|Snow|[from] ability: Snow Warning|[of] p1a: Ninetales\n|turn|6\n|inactive|ulomomu has 30 seconds left.\n|inactive|ulomomu has 20 seconds left.\n|\n|t:|1701090722\n|move|p1b: Ogerpon|Spiky Shield|p1b: Ogerpon\n|-singleturn|p1b: Ogerpon|move: Protect\n|move|p1a: Ninetales|Moonblast|p2b: Annihilape\n|-resisted|p2b: Annihilape\n|-damage|p2b: Annihilape|70\/100\n|-unboost|p2b: Annihilape|spa|1\n|-ability|p2b: Annihilape|Defiant|boost\n|-boost|p2b: Annihilape|atk|2\n|move|p2a: Arcanine|Rock Slide|p1b: Ogerpon|[spread] p1a\n|-activate|p1b: Ogerpon|move: Protect\n|-supereffective|p1a: Ninetales\n|-damage|p1a: Ninetales|65\/100\n|move|p2b: Annihilape|Rage Fist|p1a: Ninetales\n|-damage|p1a: Ninetales|0 fnt\n|faint|p1a: Ninetales\n|\n|-weather|Snow|[upkeep]\n|-damage|p1b: Ogerpon|74\/100 brn|[from] brn\n|upkeep\n|turn|7\n|-message|Autofire101 forfeited.\n|\n|win|ulomomu\n|raw|Autofire101's rating: 1387 &rarr; <strong>1369<\/strong><br \/>(-18 for losing)\n|raw|ulomomu's rating: 1416 &rarr; <strong>1434<\/strong><br \/>(+18 for winning)\n|l|\u2606Autofire101\n","uploadtime":1701090749,"views":10,"p1id":"autofire101","p2id":"ulomomu","formatid":"gen9vgc2023regulatione","rating":1369,"private":0,"password":""}