{"id":"gen9vgc2023regulatione-2000564942","p1":"RaiZe301","p2":"vaxle","format":"[Gen 9] VGC 2023 Regulation E","log":"|j|\u2606RaiZe301\n|j|\u2606vaxle\n|t:|1701205812\n|gametype|doubles\n|player|p1|RaiZe301|clerk|1144\n|player|p2|vaxle|norman|1181\n|teamsize|p1|6\n|teamsize|p2|6\n|gen|9\n|tier|[Gen 9] VGC 2023 Regulation E\n|rated|\n|rule|Species Clause: Limit one of each Pok\u00e9mon\n|rule|Item Clause: Limit one of each item\n|clearpoke\n|poke|p1|Dipplin, L50, M|\n|poke|p1|Infernape, L50, M|\n|poke|p1|Iron Hands, L50|\n|poke|p1|Farigiraf, L50, F|\n|poke|p1|Iron Bundle, L50|\n|poke|p1|Landorus-Therian, L50, M|\n|poke|p2|Urshifu-*, L50, M|\n|poke|p2|Kingambit, L50, F|\n|poke|p2|Gholdengo, L50|\n|poke|p2|Tornadus, L50, M|\n|poke|p2|Maushold-Four, L50|\n|poke|p2|Rillaboom, L50, F|\n|teampreview|4\n|inactive|Battle timer is ON: inactive players will automatically lose when time's up. (requested by vaxle)\n|inactive|vaxle has 60 seconds left.\n|inactive|RaiZe301 has 60 seconds left.\n|\n|t:|1701205874\n|start\n|switch|p1a: Infernape|Infernape, L50, M|100\/100\n|switch|p1b: Landorus|Landorus-Therian, L50, M|100\/100\n|switch|p2a: Kingambit|Kingambit, L50, F|100\/100\n|switch|p2b: Rillaboom|Rillaboom, L50, F|100\/100\n|-ability|p1b: Landorus|Intimidate|boost\n|-unboost|p2a: Kingambit|atk|1\n|-ability|p2a: Kingambit|Defiant|boost\n|-boost|p2a: Kingambit|atk|2\n|-unboost|p2b: Rillaboom|atk|1\n|-fieldstart|move: Grassy Terrain|[from] ability: Grassy Surge|[of] p2b: Rillaboom\n|turn|1\n|inactive|vaxle has 30 seconds left.\n|\n|t:|1701205908\n|-terastallize|p2a: Kingambit|Poison\n|move|p2b: Rillaboom|Fake Out|p1b: Landorus\n|-damage|p1b: Landorus|88\/100\n|cant|p1b: Landorus|flinch\n|move|p1a: Infernape|Swords Dance|p1a: Infernape\n|-boost|p1a: Infernape|atk|2\n|move|p2a: Kingambit|Swords Dance|p2a: Kingambit\n|-boost|p2a: Kingambit|atk|2\n|\n|upkeep\n|turn|2\n|inactive|RaiZe301 has 30 seconds left.\n|inactive|RaiZe301 has 20 seconds left.\n|\n|t:|1701205944\n|switch|p2b: Urshifu|Urshifu-Rapid-Strike, L50, M|100\/100\n|move|p2a: Kingambit|Sucker Punch|p1b: Landorus\n|-damage|p1b: Landorus|0 fnt\n|faint|p1b: Landorus\n|move|p1a: Infernape|Fire Punch|p2b: Urshifu\n|-resisted|p2b: Urshifu\n|-damage|p2b: Urshifu|61\/100\n|\n|-heal|p2b: Urshifu|67\/100|[from] Grassy Terrain\n|upkeep\n|\n|t:|1701205955\n|switch|p1b: Iron Bundle|Iron Bundle, L50|100\/100\n|-enditem|p1b: Iron Bundle|Booster Energy\n|-activate|p1b: Iron Bundle|ability: Quark Drive|[fromitem]\n|-start|p1b: Iron Bundle|quarkdrivespe\n|turn|3\n|\n|t:|1701205969\n|-terastallize|p1a: Infernape|Electric\n|move|p1b: Iron Bundle|Protect|p1b: Iron Bundle\n|-singleturn|p1b: Iron Bundle|Protect\n|move|p2b: Urshifu|Protect|p2b: Urshifu\n|-singleturn|p2b: Urshifu|Protect\n|move|p1a: Infernape|Thunder Punch|p2b: Urshifu\n|-activate|p2b: Urshifu|move: Protect\n|move|p2a: Kingambit|Kowtow Cleave|p1b: Iron Bundle\n|-activate|p1b: Iron Bundle|move: Protect\n|\n|-heal|p2b: Urshifu|73\/100|[from] Grassy Terrain\n|upkeep\n|turn|4\n|inactive|RaiZe301 has 30 seconds left.\n|\n|t:|1701205995\n|switch|p2b: Gholdengo|Gholdengo, L50|100\/100\n|move|p2a: Kingambit|Sucker Punch|p1a: Infernape\n|-enditem|p1a: Infernape|Focus Sash\n|-damage|p1a: Infernape|1\/100\n|move|p1b: Iron Bundle|Icy Wind|p2b: Gholdengo|[spread] p2a,p2b\n|-resisted|p2b: Gholdengo\n|-damage|p2a: Kingambit|83\/100\n|-damage|p2b: Gholdengo|88\/100\n|-unboost|p2a: Kingambit|spe|1\n|-ability|p2a: Kingambit|Defiant|boost\n|-boost|p2a: Kingambit|atk|2\n|-unboost|p2b: Gholdengo|spe|1\n|move|p1a: Infernape|Fire Punch|p2b: Gholdengo\n|-supereffective|p2b: Gholdengo\n|-damage|p2b: Gholdengo|0 fnt\n|faint|p2b: Gholdengo\n|\n|-heal|p1a: Infernape|7\/100|[from] Grassy Terrain\n|-heal|p2a: Kingambit|88\/100|[from] Grassy Terrain\n|upkeep\n|\n|t:|1701206014\n|switch|p2b: Rillaboom|Rillaboom, L50, F|100\/100\n|turn|5\n|\n|t:|1701206028\n|switch|p1a: Iron Hands|Iron Hands, L50|100\/100\n|move|p1b: Iron Bundle|Protect|p1b: Iron Bundle\n|-singleturn|p1b: Iron Bundle|Protect\n|move|p2b: Rillaboom|Fake Out|p1a: Iron Hands\n|-damage|p1a: Iron Hands|91\/100\n|move|p2a: Kingambit|Sucker Punch||[still]\n|-fail|p2a: Kingambit\n|\n|-heal|p1a: Iron Hands|97\/100|[from] Grassy Terrain\n|-heal|p2a: Kingambit|94\/100|[from] Grassy Terrain\n|-fieldend|move: Grassy Terrain\n|upkeep\n|turn|6\n|inactive|vaxle has 30 seconds left.\n|inactive|vaxle has 20 seconds left.\n|\n|t:|1701206068\n|move|p2a: Kingambit|Protect|p2a: Kingambit\n|-singleturn|p2a: Kingambit|Protect\n|move|p1a: Iron Hands|Fake Out|p2a: Kingambit\n|-activate|p2a: Kingambit|move: Protect\n|move|p1b: Iron Bundle|Icy Wind|p2a: Kingambit|[spread] p2b\n|-activate|p2a: Kingambit|move: Protect\n|-supereffective|p2b: Rillaboom\n|-damage|p2b: Rillaboom|73\/100\n|-unboost|p2b: Rillaboom|spe|1\n|move|p2b: Rillaboom|U-turn|p1a: Iron Hands\n|-resisted|p1a: Iron Hands\n|-damage|p1a: Iron Hands|89\/100\n|\n|t:|1701206079\n|switch|p2b: Urshifu|Urshifu-Rapid-Strike, L50, M|73\/100|[from] U-turn\n|\n|upkeep\n|turn|7\n|inactive|vaxle has 30 seconds left.\n|\n|t:|1701206105\n|switch|p2b: Rillaboom|Rillaboom, L50, F|73\/100\n|-fieldstart|move: Grassy Terrain|[from] ability: Grassy Surge|[of] p2b: Rillaboom\n|move|p1b: Iron Bundle|Protect|p1b: Iron Bundle\n|-singleturn|p1b: Iron Bundle|Protect\n|move|p1a: Iron Hands|Wild Charge|p2a: Kingambit\n|-damage|p2a: Kingambit|53\/100\n|-damage|p1a: Iron Hands|81\/100|[from] Recoil\n|move|p2a: Kingambit|Kowtow Cleave|p1b: Iron Bundle\n|-activate|p1b: Iron Bundle|move: Protect\n|\n|-heal|p2b: Rillaboom|79\/100|[from] Grassy Terrain\n|-heal|p1a: Iron Hands|87\/100|[from] Grassy Terrain\n|-heal|p2a: Kingambit|59\/100|[from] Grassy Terrain\n|upkeep\n|turn|8\n|\n|t:|1701206127\n|move|p2b: Rillaboom|Fake Out|p1a: Iron Hands\n|-damage|p1a: Iron Hands|79\/100\n|move|p1b: Iron Bundle|Hydro Pump|p2a: Kingambit\n|-damage|p2a: Kingambit|11\/100\n|cant|p1a: Iron Hands|flinch\n|move|p2a: Kingambit|Kowtow Cleave|p1a: Iron Hands\n|-resisted|p1a: Iron Hands\n|-damage|p1a: Iron Hands|14\/100\n|\n|-heal|p2b: Rillaboom|85\/100|[from] Grassy Terrain\n|-heal|p1a: Iron Hands|20\/100|[from] Grassy Terrain\n|-heal|p2a: Kingambit|17\/100|[from] Grassy Terrain\n|upkeep\n|turn|9\n|\n|t:|1701206152\n|move|p2b: Rillaboom|Grassy Glide|p1a: Iron Hands\n|-damage|p1a: Iron Hands|0 fnt\n|faint|p1a: Iron Hands\n|-end|p1a: Iron Hands|Quark Drive|[silent]\n|move|p2a: Kingambit|Sucker Punch|p1b: Iron Bundle\n|-damage|p1b: Iron Bundle|0 fnt\n|faint|p1b: Iron Bundle\n|-end|p1b: Iron Bundle|Quark Drive|[silent]\n|\n|-heal|p2b: Rillaboom|91\/100|[from] Grassy Terrain\n|-heal|p2a: Kingambit|23\/100|[from] Grassy Terrain\n|upkeep\n|inactive|RaiZe301 has 30 seconds left.\n|\n|t:|1701206181\n|switch|p1a: Infernape|Infernape, L50, M, tera:Electric|7\/100\n|turn|10\n|\n|t:|1701206188\n|move|p2b: Rillaboom|Grassy Glide|p1a: Infernape\n|-damage|p1a: Infernape|0 fnt\n|faint|p1a: Infernape\n|\n|win|vaxle\n|raw|RaiZe301's rating: 1144 &rarr; <strong>1122<\/strong><br \/>(-22 for losing)\n|raw|vaxle's rating: 1181 &rarr; <strong>1203<\/strong><br \/>(+22 for winning)\n|c|\u2606vaxle|gg\n|l|\u2606RaiZe301\n","uploadtime":1701206200,"views":0,"p1id":"raize301","p2id":"vaxle","formatid":"gen9vgc2023regulatione","rating":1122,"private":0,"password":""}