{"id":"gen9vgc2023regulatione-1998110768","p1":"biffpipp","p2":"msonstad","format":"[Gen 9] VGC 2023 Regulation E","log":"|j|\u2606biffpipp\n|j|\u2606msonstad\n|t:|1700893162\n|gametype|doubles\n|player|p1|biffpipp|wallace|1213\n|player|p2|msonstad|101|1115\n|teamsize|p1|6\n|teamsize|p2|6\n|gen|9\n|tier|[Gen 9] VGC 2023 Regulation E\n|rated|\n|rule|Species Clause: Limit one of each Pok\u00e9mon\n|rule|Item Clause: Limit one of each item\n|clearpoke\n|poke|p1|Baxcalibur, L50, F|\n|poke|p1|Ninetales-Alola, L50, F|\n|poke|p1|Roaring Moon, L50|\n|poke|p1|Sinistcha, L50|\n|poke|p1|Milotic, L50, M|\n|poke|p1|Iron Hands, L50|\n|poke|p2|Ninetales-Alola, L50, M|\n|poke|p2|Iron Hands, L50|\n|poke|p2|Dragapult, L50, M|\n|poke|p2|Chien-Pao, L50|\n|poke|p2|Heatran, L50, M|\n|poke|p2|Ogerpon-Wellspring, L50, F|\n|teampreview|4\nbiffpipp has agreed to open team sheets.\n|inactive|Battle timer is ON: inactive players will automatically lose when time's up. (requested by biffpipp)\n|inactive|msonstad has 60 seconds left.\n|\n|t:|1700893212\n|start\n|switch|p1a: Baxcalibur|Baxcalibur, L50, F|100\/100\n|switch|p1b: Ninetales|Ninetales-Alola, L50, F|100\/100\n|switch|p2a: Dragapult|Dragapult, L50, M|100\/100\n|switch|p2b: Chien-Pao|Chien-Pao, L50|100\/100\n|-ability|p2b: Chien-Pao|Sword of Ruin\n|-weather|Snow|[from] ability: Snow Warning|[of] p1b: Ninetales\n|turn|1\n|inactive|msonstad has 30 seconds left.\n|inactive|biffpipp has 30 seconds left.\n|\n|t:|1700893242\n|-terastallize|p1a: Baxcalibur|Poison\n|move|p2a: Dragapult|Dragon Darts|p1a: Baxcalibur\n|-crit|p1a: Baxcalibur\n|-damage|p1a: Baxcalibur|35\/100\n|-anim|p2a: Dragapult|Dragon Darts|p1a: Baxcalibur\n|-damage|p1a: Baxcalibur|0 fnt\n|faint|p1a: Baxcalibur\n|move|p2b: Chien-Pao|Ice Spinner|p1b: Ninetales\n|-resisted|p1b: Ninetales\n|-damage|p1b: Ninetales|78\/100\n|move|p1b: Ninetales|Aurora Veil|p1b: Ninetales\n|-sidestart|p1: biffpipp|move: Aurora Veil\n|\n|-weather|Snow|[upkeep]\n|upkeep\n|\n|t:|1700893251\n|switch|p1a: Roaring Moon|Roaring Moon, L50|100\/100\n|-enditem|p1a: Roaring Moon|Booster Energy\n|-activate|p1a: Roaring Moon|ability: Protosynthesis|[fromitem]\n|-start|p1a: Roaring Moon|protosynthesisspe\n|turn|2\n|\n|t:|1700893275\n|switch|p2a: Heatran|Heatran, L50, M|100\/100\n|move|p1a: Roaring Moon|Knock Off|p2a: Heatran\n|-damage|p2a: Heatran|41\/100\n|-enditem|p2a: Heatran|Leftovers|[from] move: Knock Off|[of] p1a: Roaring Moon\n|move|p2b: Chien-Pao|Ice Spinner|p1a: Roaring Moon\n|-supereffective|p1a: Roaring Moon\n|-damage|p1a: Roaring Moon|11\/100\n|move|p1b: Ninetales|Moonblast|p2b: Chien-Pao\n|-supereffective|p2b: Chien-Pao\n|-damage|p2b: Chien-Pao|8\/100\n|-unboost|p2b: Chien-Pao|spa|1\n|\n|-weather|Snow|[upkeep]\n|upkeep\n|turn|3\n|\n|t:|1700893294\n|move|p1a: Roaring Moon|Protect|p1a: Roaring Moon\n|-singleturn|p1a: Roaring Moon|Protect\n|move|p2b: Chien-Pao|Sucker Punch||[still]\n|-fail|p2b: Chien-Pao\n|move|p1b: Ninetales|Icy Wind|p2a: Heatran|[spread] p2b\n|-miss|p1b: Ninetales|p2a: Heatran\n|-resisted|p2b: Chien-Pao\n|-crit|p2b: Chien-Pao\n|-damage|p2b: Chien-Pao|0 fnt\n|faint|p2b: Chien-Pao\n|move|p2a: Heatran|Flash Cannon|p1b: Ninetales\n|-supereffective|p1b: Ninetales\n|-damage|p1b: Ninetales|0 fnt\n|faint|p1b: Ninetales\n|\n|-weather|Snow|[upkeep]\n|upkeep\n|\n|t:|1700893309\n|switch|p2b: Iron Hands|Iron Hands, L50|100\/100\n|switch|p1b: Milotic|Milotic, L50, M|100\/100\n|turn|4\n|\n|t:|1700893322\n|switch|p2a: Dragapult|Dragapult, L50, M|100\/100\n|move|p1a: Roaring Moon|Protect|p1a: Roaring Moon\n|-singleturn|p1a: Roaring Moon|Protect\n|move|p2b: Iron Hands|Fake Out|p1a: Roaring Moon\n|-activate|p1a: Roaring Moon|move: Protect\n|move|p1b: Milotic|Coil|p1b: Milotic\n|-boost|p1b: Milotic|atk|1\n|-boost|p1b: Milotic|def|1\n|-boost|p1b: Milotic|accuracy|1\n|\n|-weather|Snow|[upkeep]\n|upkeep\n|turn|5\n|\n|t:|1700893343\n|move|p2a: Dragapult|Sucker Punch|p1a: Roaring Moon\n|-resisted|p1a: Roaring Moon\n|-damage|p1a: Roaring Moon|0 fnt\n|faint|p1a: Roaring Moon\n|-end|p1a: Roaring Moon|Protosynthesis|[silent]\n|move|p1b: Milotic|Hypnosis|p2b: Iron Hands\n|-status|p2b: Iron Hands|slp|[from] move: Hypnosis\n|cant|p2b: Iron Hands|slp\n|\n|-weather|none\n|upkeep\n|turn|6\n|\n|t:|1700893360\n|switch|p2a: Heatran|Heatran, L50, M|41\/100\n|move|p1b: Milotic|Hypnosis|p2a: Heatran\n|-status|p2a: Heatran|slp|[from] move: Hypnosis\n|cant|p2b: Iron Hands|slp\n|\n|upkeep\n|turn|7\n|\n|t:|1700893371\n|switch|p2a: Dragapult|Dragapult, L50, M|100\/100\n|move|p1b: Milotic|Scald|p2a: Dragapult\n|-resisted|p2a: Dragapult\n|-damage|p2a: Dragapult|83\/100\n|-status|p2a: Dragapult|brn\n|cant|p2b: Iron Hands|slp\n|\n|-damage|p2a: Dragapult|77\/100 brn|[from] brn\n|upkeep\n|turn|8\n|\n|t:|1700893388\n|move|p2a: Dragapult|Dragon Darts|p1b: Milotic\n|-damage|p1b: Milotic|95\/100\n|-anim|p2a: Dragapult|Dragon Darts|p1b: Milotic\n|-damage|p1b: Milotic|89\/100\n|move|p1b: Milotic|Coil|p1b: Milotic\n|-boost|p1b: Milotic|atk|1\n|-boost|p1b: Milotic|def|1\n|-boost|p1b: Milotic|accuracy|1\n|-curestatus|p2b: Iron Hands|slp|[msg]\n|move|p2b: Iron Hands|Wild Charge|p1b: Milotic\n|-supereffective|p1b: Milotic\n|-damage|p1b: Milotic|59\/100\n|-damage|p2b: Iron Hands|95\/100|[from] Recoil\n|\n|-heal|p1b: Milotic|65\/100|[from] item: Leftovers\n|-damage|p2a: Dragapult|70\/100 brn|[from] brn\n|-sideend|p1: biffpipp|move: Aurora Veil\n|upkeep\n|turn|9\n|inactive|msonstad has 30 seconds left.\n|\n|t:|1700893414\n|move|p2a: Dragapult|Dragon Darts|p1b: Milotic\n|-damage|p1b: Milotic|59\/100\n|-anim|p2a: Dragapult|Dragon Darts|p1b: Milotic\n|-damage|p1b: Milotic|52\/100\n|move|p1b: Milotic|Hypnosis|p2b: Iron Hands\n|-status|p2b: Iron Hands|slp|[from] move: Hypnosis\n|cant|p2b: Iron Hands|slp\n|\n|-heal|p1b: Milotic|58\/100|[from] item: Leftovers\n|-damage|p2a: Dragapult|64\/100 brn|[from] brn\n|upkeep\n|turn|10\n|\n|t:|1700893427\n|move|p2a: Dragapult|Dragon Darts|p1b: Milotic\n|-damage|p1b: Milotic|51\/100\n|-anim|p2a: Dragapult|Dragon Darts|p1b: Milotic\n|-damage|p1b: Milotic|45\/100\n|move|p1b: Milotic|Icy Wind|p2b: Iron Hands|[spread] p2a,p2b\n|-supereffective|p2a: Dragapult\n|-damage|p2a: Dragapult|40\/100 brn\n|-damage|p2b: Iron Hands|89\/100 slp\n|-unboost|p2b: Iron Hands|spe|1\n|cant|p2b: Iron Hands|slp\n|\n|-heal|p1b: Milotic|51\/100|[from] item: Leftovers\n|-damage|p2a: Dragapult|34\/100 brn|[from] brn\n|upkeep\n|turn|11\n|\n|t:|1700893442\n|move|p2a: Dragapult|Dragon Darts|p1b: Milotic\n|-damage|p1b: Milotic|44\/100\n|-anim|p2a: Dragapult|Dragon Darts|p1b: Milotic\n|-damage|p1b: Milotic|36\/100\n|move|p1b: Milotic|Icy Wind|p2a: Dragapult|[spread] p2a,p2b\n|-supereffective|p2a: Dragapult\n|-damage|p2a: Dragapult|7\/100 brn\n|-damage|p2b: Iron Hands|82\/100 slp\n|-unboost|p2b: Iron Hands|spe|1\n|cant|p2b: Iron Hands|slp\n|\n|-heal|p1b: Milotic|42\/100|[from] item: Leftovers\n|-damage|p2a: Dragapult|0 fnt|[from] brn\n|faint|p2a: Dragapult\n|upkeep\n|\n|t:|1700893454\n|switch|p2a: Heatran|Heatran, L50, M|41\/100 slp\n|turn|12\n|\n|t:|1700893469\n|move|p1b: Milotic|Coil|p1b: Milotic\n|-boost|p1b: Milotic|atk|1\n|-boost|p1b: Milotic|def|1\n|-boost|p1b: Milotic|accuracy|1\n|cant|p2a: Heatran|slp\n|-curestatus|p2b: Iron Hands|slp|[msg]\n|move|p2b: Iron Hands|Wild Charge|p1b: Milotic\n|-supereffective|p1b: Milotic\n|-damage|p1b: Milotic|6\/100\n|-damage|p2b: Iron Hands|76\/100|[from] Recoil\n|\n|-heal|p1b: Milotic|12\/100|[from] item: Leftovers\n|upkeep\n|turn|13\n|\n|t:|1700893485\n|move|p1b: Milotic|Hypnosis|p2b: Iron Hands\n|-status|p2b: Iron Hands|slp|[from] move: Hypnosis\n|cant|p2a: Heatran|slp\n|cant|p2b: Iron Hands|slp\n|\n|-heal|p1b: Milotic|18\/100|[from] item: Leftovers\n|upkeep\n|turn|14\n|\n|t:|1700893494\n|move|p1b: Milotic|Scald|p2a: Heatran\n|-supereffective|p2a: Heatran\n|-damage|p2a: Heatran|0 fnt\n|faint|p2a: Heatran\n|cant|p2b: Iron Hands|slp\n|\n|-heal|p1b: Milotic|24\/100|[from] item: Leftovers\n|upkeep\n|turn|15\n|\n|t:|1700893503\n|move|p1b: Milotic|Coil|p1b: Milotic\n|-boost|p1b: Milotic|atk|1\n|-boost|p1b: Milotic|def|1\n|-boost|p1b: Milotic|accuracy|1\n|cant|p2b: Iron Hands|slp\n|\n|-heal|p1b: Milotic|30\/100|[from] item: Leftovers\n|upkeep\n|turn|16\n|\n|t:|1700893510\n|move|p1b: Milotic|Coil|p1b: Milotic\n|-boost|p1b: Milotic|atk|1\n|-boost|p1b: Milotic|def|1\n|-boost|p1b: Milotic|accuracy|1\n|-curestatus|p2b: Iron Hands|slp|[msg]\n|move|p2b: Iron Hands|Wild Charge|p1b: Milotic\n|-supereffective|p1b: Milotic\n|-damage|p1b: Milotic|8\/100\n|-damage|p2b: Iron Hands|71\/100|[from] Recoil\n|\n|-heal|p1b: Milotic|14\/100|[from] item: Leftovers\n|upkeep\n|turn|17\n|\n|t:|1700893529\n|move|p1b: Milotic|Hypnosis|p2b: Iron Hands\n|-status|p2b: Iron Hands|slp|[from] move: Hypnosis\n|cant|p2b: Iron Hands|slp\n|\n|-heal|p1b: Milotic|20\/100|[from] item: Leftovers\n|upkeep\n|turn|18\n|\n|t:|1700893538\n|move|p1b: Milotic|Coil|p1b: Milotic\n|-boost|p1b: Milotic|atk|1\n|-boost|p1b: Milotic|def|1\n|-boost|p1b: Milotic|accuracy|1\n|cant|p2b: Iron Hands|slp\n|\n|-heal|p1b: Milotic|26\/100|[from] item: Leftovers\n|upkeep\n|turn|19\n|\n|t:|1700893545\n|move|p1b: Milotic|Scald|p2b: Iron Hands\n|-damage|p2b: Iron Hands|54\/100 slp\n|-curestatus|p2b: Iron Hands|slp|[msg]\n|move|p2b: Iron Hands|Wild Charge|p1b: Milotic\n|-supereffective|p1b: Milotic\n|-damage|p1b: Milotic|4\/100\n|-damage|p2b: Iron Hands|50\/100|[from] Recoil\n|\n|-heal|p1b: Milotic|10\/100|[from] item: Leftovers\n|upkeep\n|turn|20\n|\n|t:|1700893556\n|-terastallize|p2b: Iron Hands|Fighting\n|move|p1b: Milotic|Hypnosis|p2b: Iron Hands\n|-status|p2b: Iron Hands|slp|[from] move: Hypnosis\n|cant|p2b: Iron Hands|slp\n|\n|-heal|p1b: Milotic|16\/100|[from] item: Leftovers\n|upkeep\n|turn|21\n|\n|t:|1700893564\n|move|p1b: Milotic|Scald|p2b: Iron Hands\n|-damage|p2b: Iron Hands|33\/100 slp\n|cant|p2b: Iron Hands|slp\n|\n|-heal|p1b: Milotic|22\/100|[from] item: Leftovers\n|upkeep\n|turn|22\n|\n|t:|1700893571\n|move|p1b: Milotic|Scald|p2b: Iron Hands\n|-damage|p2b: Iron Hands|15\/100 slp\n|cant|p2b: Iron Hands|slp\n|\n|-heal|p1b: Milotic|28\/100|[from] item: Leftovers\n|upkeep\n|turn|23\n|\n|t:|1700893580\n|move|p1b: Milotic|Scald|p2b: Iron Hands\n|-damage|p2b: Iron Hands|0 fnt\n|faint|p2b: Iron Hands\n|-end|p2b: Iron Hands|Quark Drive|[silent]\n|\n|win|biffpipp\n|raw|biffpipp's rating: 1213 &rarr; <strong>1231<\/strong><br \/>(+18 for winning)\n|raw|msonstad's rating: 1115 &rarr; <strong>1097<\/strong><br \/>(-18 for losing)\n|c|\u2606biffpipp|ggwp\n|l|\u2606msonstad\n","uploadtime":1700893588,"views":32,"p1id":"biffpipp","p2id":"msonstad","formatid":"gen9vgc2023regulatione","rating":1097,"private":0,"password":""}