{"id":"gen9vgc2023regulatione-1994157993","p1":"VulShrewDemaru","p2":"Yala1331","format":"[Gen 9] VGC 2023 Regulation E","log":"|j|\u2606VulShrewDemaru\n|j|\u2606Yala1331\n|t:|1700413607\n|gametype|doubles\n|player|p1|VulShrewDemaru|interviewers|1083\n|player|p2|Yala1331|101|1019\n|teamsize|p1|6\n|teamsize|p2|6\n|gen|9\n|tier|[Gen 9] VGC 2023 Regulation E\n|rated|\n|rule|Species Clause: Limit one of each Pok\u00e9mon\n|rule|Item Clause: Limit one of each item\n|clearpoke\n|poke|p1|Wo-Chien, L50|\n|poke|p1|Ninetales-Alola, L50, F|\n|poke|p1|Sableye, L50, F|\n|poke|p1|Iron Moth, L50|\n|poke|p1|Rillaboom, L50, M|\n|poke|p1|Thundurus-Therian, L50, M|\n|poke|p2|Pincurchin, L50, F|\n|poke|p2|Iron Moth, L50|\n|poke|p2|Iron Hands, L50|\n|poke|p2|Rotom-Wash, L50|\n|poke|p2|Baxcalibur, L50, M|\n|poke|p2|Tornadus, L50, M|\n|teampreview|4\n|inactive|Battle timer is ON: inactive players will automatically lose when time's up. (requested by Yala1331)\nYala1331 rejected open team sheets.\n|\n|t:|1700413665\n|start\n|switch|p1a: Rillaboom|Rillaboom, L50, M|100\/100\n|switch|p1b: Wo-Chien|Wo-Chien, L50|100\/100\n|switch|p2a: Pincurchin|Pincurchin, L50, F|100\/100\n|switch|p2b: Iron Moth|Iron Moth, L50, shiny|100\/100\n|-fieldstart|move: Grassy Terrain|[from] ability: Grassy Surge|[of] p1a: Rillaboom\n|-ability|p1b: Wo-Chien|Tablets of Ruin\n|-fieldstart|move: Electric Terrain|[from] ability: Electric Surge|[of] p2a: Pincurchin\n|-activate|p2b: Iron Moth|ability: Quark Drive\n|-start|p2b: Iron Moth|quarkdrivespe\n|turn|1\n|\n|t:|1700413684\n|switch|p1b: Thundurus|Thundurus-Therian, L50, M|100\/100\n|-terastallize|p1a: Rillaboom|Ground\n|move|p2b: Iron Moth|Fiery Dance|p1b: Thundurus\n|-damage|p1b: Thundurus|46\/100\n|-boost|p2b: Iron Moth|spa|1\n|move|p1a: Rillaboom|High Horsepower|p2b: Iron Moth\n|-supereffective|p2b: Iron Moth\n|-damage|p2b: Iron Moth|0 fnt\n|faint|p2b: Iron Moth\n|-end|p2b: Iron Moth|Quark Drive|[silent]\n|move|p2a: Pincurchin|Acupressure|p2: Iron Moth|[notarget]\n|-fail|p2a: Pincurchin\n|\n|upkeep\n|\n|t:|1700413694\n|switch|p2b: Iron Hands|Iron Hands, L50|100\/100\n|-activate|p2b: Iron Hands|ability: Quark Drive\n|-start|p2b: Iron Hands|quarkdriveatk\n|turn|2\n|\n|t:|1700413711\n|-terastallize|p2b: Iron Hands|Psychic\n|move|p1b: Thundurus|Protect|p1b: Thundurus\n|-singleturn|p1b: Thundurus|Protect\n|move|p1a: Rillaboom|High Horsepower|p2b: Iron Hands\n|-damage|p2b: Iron Hands|74\/100\n|move|p2b: Iron Hands|Swords Dance|p2b: Iron Hands\n|-boost|p2b: Iron Hands|atk|2\n|move|p2a: Pincurchin|Acupressure|p2b: Iron Hands\n|-boost|p2b: Iron Hands|accuracy|2\n|\n|upkeep\n|turn|3\n|\n|t:|1700413732\n|move|p1b: Thundurus|Wildbolt Storm|p2b: Iron Hands|[spread] p2a\n|-miss|p1b: Thundurus|p2b: Iron Hands\n|-resisted|p2a: Pincurchin\n|-damage|p2a: Pincurchin|78\/100\n|move|p1a: Rillaboom|Knock Off|p2b: Iron Hands\n|-supereffective|p2b: Iron Hands\n|-damage|p2b: Iron Hands|38\/100\n|-enditem|p2b: Iron Hands|Clear Amulet|[from] move: Knock Off|[of] p1a: Rillaboom\n|move|p2b: Iron Hands|Drain Punch|p1a: Rillaboom\n|-damage|p1a: Rillaboom|0 fnt\n|-heal|p2b: Iron Hands|72\/100|[from] drain|[of] p1a: Rillaboom\n|faint|p1a: Rillaboom\n|move|p2a: Pincurchin|Acupressure|p2b: Iron Hands\n|-boost|p2b: Iron Hands|spd|2\n|\n|upkeep\n|\n|t:|1700413749\n|switch|p1a: Wo-Chien|Wo-Chien, L50|100\/100\n|-ability|p1a: Wo-Chien|Tablets of Ruin\n|turn|4\n|\n|t:|1700413761\n|move|p1a: Wo-Chien|Protect|p1a: Wo-Chien\n|-singleturn|p1a: Wo-Chien|Protect\n|move|p1b: Thundurus|Nasty Plot|p1b: Thundurus\n|-boost|p1b: Thundurus|spa|2\n|move|p2b: Iron Hands|Drain Punch|p1a: Wo-Chien\n|-activate|p1a: Wo-Chien|move: Protect\n|move|p2a: Pincurchin|Acupressure|p2b: Iron Hands\n|-boost|p2b: Iron Hands|spa|2\n|\n|upkeep\n|turn|5\n|\n|t:|1700413783\n|switch|p1a: Ninetales|Ninetales-Alola, L50, F|100\/100\n|-weather|Snow|[from] ability: Snow Warning|[of] p1a: Ninetales\n|move|p1b: Thundurus|Weather Ball|p2b: Iron Hands\n|-damage|p2b: Iron Hands|45\/100\n|move|p2b: Iron Hands|Drain Punch|p1a: Ninetales\n|-damage|p1a: Ninetales|2\/100\n|-heal|p2b: Iron Hands|74\/100|[from] drain|[of] p1a: Ninetales\n|move|p2a: Pincurchin|Acupressure|p2b: Iron Hands\n|-boost|p2b: Iron Hands|evasion|2\n|\n|-weather|Snow|[upkeep]\n|upkeep\n|turn|6\n|\n|t:|1700413807\n|move|p1a: Ninetales|Blizzard|p2b: Iron Hands|[spread] p2a,p2b\n|-damage|p2a: Pincurchin|25\/100\n|-damage|p2b: Iron Hands|58\/100\n|move|p1b: Thundurus|Wildbolt Storm|p2a: Pincurchin|[spread] p2a\n|-miss|p1b: Thundurus|p2b: Iron Hands\n|-resisted|p2a: Pincurchin\n|-damage|p2a: Pincurchin|0 fnt\n|faint|p2a: Pincurchin\n|move|p2b: Iron Hands|Ice Punch|p1b: Thundurus\n|-supereffective|p1b: Thundurus\n|-damage|p1b: Thundurus|0 fnt\n|faint|p1b: Thundurus\n|\n|-weather|Snow|[upkeep]\n|upkeep\n|\n|t:|1700413821\n|switch|p1b: Wo-Chien|Wo-Chien, L50|100\/100\n|switch|p2a: Baxcalibur|Baxcalibur, L50, M|100\/100\n|-ability|p1b: Wo-Chien|Tablets of Ruin\n|turn|7\n|\n|t:|1700413833\n|move|p2a: Baxcalibur|Ice Shard|p1a: Ninetales\n|-resisted|p1a: Ninetales\n|-damage|p1a: Ninetales|0 fnt\n|faint|p1a: Ninetales\n|move|p1b: Wo-Chien|Pollen Puff|p2b: Iron Hands|[miss]\n|-miss|p1b: Wo-Chien|p2b: Iron Hands\n|move|p2b: Iron Hands|Drain Punch|p1b: Wo-Chien\n|-supereffective|p1b: Wo-Chien\n|-damage|p1b: Wo-Chien|0 fnt\n|-heal|p2b: Iron Hands|96\/100|[from] drain|[of] p1b: Wo-Chien\n|faint|p1b: Wo-Chien\n|\n|win|Yala1331\n|raw|VulShrewDemaru's rating: 1083 &rarr; <strong>1056<\/strong><br \/>(-27 for losing)\n|raw|Yala1331's rating: 1019 &rarr; <strong>1063<\/strong><br \/>(+44 for winning)\n|l|\u2606VulShrewDemaru\n","uploadtime":1700413850,"views":15,"p1id":"vulshrewdemaru","p2id":"yala1331","formatid":"gen9vgc2023regulatione","rating":1056,"private":0,"password":""}