{"id":"gen9vgc2023regulatione-1989077557","p1":"beeki","p2":"Onassi267","format":"[Gen 9] VGC 2023 Regulation E","log":"|j|\u2606beeki\n|j|\u2606Onassi267\n|t:|1699809718\n|gametype|doubles\n|player|p1|beeki|larry|1414\n|player|p2|Onassi267|lance|1407\n|teamsize|p1|6\n|teamsize|p2|6\n|gen|9\n|tier|[Gen 9] VGC 2023 Regulation E\n|rated|\n|rule|Species Clause: Limit one of each Pok\u00e9mon\n|rule|Item Clause: Limit one of each item\n|clearpoke\n|poke|p1|Urshifu-*, L50, F|\n|poke|p1|Tornadus, L50, M|\n|poke|p1|Gholdengo, L50|\n|poke|p1|Ogerpon-Wellspring, L50, F|\n|poke|p1|Heatran, L50, M|\n|poke|p1|Rillaboom, L50, M|\n|poke|p2|Zoroark-Hisui, L50, M|\n|poke|p2|Kingambit, L50, F|\n|poke|p2|Gholdengo, L50|\n|poke|p2|Tornadus, L50, M|\n|poke|p2|Urshifu-*, L50, F|\n|poke|p2|Ogerpon-Wellspring, L50, F|\n|teampreview|4\n|inactive|Battle timer is ON: inactive players will automatically lose when time's up. (requested by beeki)\n|\n|t:|1699809767\n|start\n|switch|p1a: Urshifu|Urshifu, L50, F|100\/100\n|switch|p1b: Tornadus|Tornadus, L50, M|100\/100\n|switch|p2a: Ogerpon|Ogerpon-Wellspring, L50, F|100\/100\n|switch|p2b: Tornadus|Tornadus, L50, M|100\/100\n|turn|1\n|\n|t:|1699809785\n|-terastallize|p1a: Urshifu|Dark\n|move|p2b: Tornadus|Tailwind|p2b: Tornadus\n|-sidestart|p2: Onassi267|move: Tailwind\n|move|p2a: Ogerpon|Will-O-Wisp|p1a: Urshifu\n|-status|p1a: Urshifu|brn\n|move|p1a: Urshifu|Wicked Blow|p2a: Ogerpon\n|-supereffective|p2a: Ogerpon\n|-crit|p2a: Ogerpon\n|-enditem|p2a: Ogerpon|Focus Sash\n|-damage|p2a: Ogerpon|1\/100\n|replace|p2a: Zoroark|Zoroark-Hisui, L50, M\n|-end|p2a: Zoroark|Illusion\n|move|p1b: Tornadus|Bleakwind Storm|p2a: Zoroark|[spread] p2a,p2b\n|-damage|p2a: Zoroark|0 fnt\n|-damage|p2b: Tornadus|51\/100\n|faint|p2a: Zoroark\n|\n|-damage|p1a: Urshifu|94\/100 brn|[from] brn\n|upkeep\n|\n|t:|1699809799\n|switch|p2a: Urshifu|Urshifu-Rapid-Strike, L50, F|100\/100\n|turn|2\n|\n|t:|1699809809\n|-terastallize|p2a: Urshifu|Water\n|move|p2b: Tornadus|Rain Dance|p2b: Tornadus\n|-weather|RainDance\n|move|p1b: Tornadus|Sunny Day|p1b: Tornadus\n|-weather|SunnyDay\n|move|p2a: Urshifu|Surging Strikes|p1b: Tornadus\n|-crit|p1b: Tornadus\n|-damage|p1b: Tornadus|82\/100\n|-crit|p1b: Tornadus\n|-damage|p1b: Tornadus|66\/100\n|-crit|p1b: Tornadus\n|-damage|p1b: Tornadus|49\/100\n|-hitcount|p1b: Tornadus|3\n|move|p1a: Urshifu|Wicked Blow|p2b: Tornadus\n|-crit|p2b: Tornadus\n|-damage|p2b: Tornadus|7\/100\n|-damage|p1a: Urshifu|78\/100 brn|[from] item: Rocky Helmet|[of] p2b: Tornadus\n|\n|-weather|SunnyDay|[upkeep]\n|-damage|p1a: Urshifu|72\/100 brn|[from] brn\n|upkeep\n|turn|3\n|c|\u2606beeki|Lmao\n|inactive|beeki has 30 seconds left.\n|\n|t:|1699809835\n|move|p2b: Tornadus|Taunt|p1b: Tornadus\n|-start|p1b: Tornadus|move: Taunt\n|-enditem|p1b: Tornadus|Mental Herb\n|-end|p1b: Tornadus|move: Taunt\n|move|p1b: Tornadus|Sunny Day||[still]\n|-fail|p1b: Tornadus\n|move|p2a: Urshifu|Surging Strikes|p1b: Tornadus\n|-crit|p1b: Tornadus\n|-damage|p1b: Tornadus|31\/100\n|-crit|p1b: Tornadus\n|-damage|p1b: Tornadus|13\/100\n|-crit|p1b: Tornadus\n|-damage|p1b: Tornadus|0 fnt\n|faint|p1b: Tornadus\n|-hitcount|p1: Tornadus|3\n|move|p1a: Urshifu|Wicked Blow|p2b: Tornadus\n|-crit|p2b: Tornadus\n|-damage|p2b: Tornadus|0 fnt\n|-damage|p1a: Urshifu|55\/100 brn|[from] item: Rocky Helmet|[of] p2b: Tornadus\n|faint|p2b: Tornadus\n|\n|-weather|SunnyDay|[upkeep]\n|-damage|p1a: Urshifu|49\/100 brn|[from] brn\n|upkeep\n|\n|t:|1699809847\n|switch|p2b: Ogerpon|Ogerpon-Wellspring, L50, F|100\/100\n|switch|p1b: Ogerpon|Ogerpon-Wellspring, L50, F|100\/100\n|turn|4\n|\n|t:|1699809856\n|switch|p1a: Heatran|Heatran, L50, M|100\/100\n|move|p2a: Urshifu|Surging Strikes|p1a: Heatran\n|-supereffective|p1a: Heatran\n|-crit|p1a: Heatran\n|-damage|p1a: Heatran|80\/100\n|-supereffective|p1a: Heatran\n|-crit|p1a: Heatran\n|-damage|p1a: Heatran|57\/100\n|-supereffective|p1a: Heatran\n|-crit|p1a: Heatran\n|-damage|p1a: Heatran|36\/100\n|-hitcount|p1a: Heatran|3\n|move|p2b: Ogerpon|Horn Leech|p1b: Ogerpon\n|-damage|p1b: Ogerpon|66\/100\n|move|p1b: Ogerpon|Power Whip|p2a: Urshifu\n|-supereffective|p2a: Urshifu\n|-damage|p2a: Urshifu|0 fnt\n|faint|p2a: Urshifu\n|\n|-weather|SunnyDay|[upkeep]\n|-sideend|p2: Onassi267|move: Tailwind\n|upkeep\n|turn|5\n|-message|Onassi267 forfeited.\n|\n|win|beeki\n|raw|beeki's rating: 1414 &rarr; <strong>1434<\/strong><br \/>(+20 for winning)\n|raw|Onassi267's rating: 1407 &rarr; <strong>1387<\/strong><br \/>(-20 for losing)\n|l|\u2606Onassi267\n","uploadtime":1699809877,"views":18,"p1id":"beeki","p2id":"onassi267","formatid":"gen9vgc2023regulatione","rating":1387,"private":0,"password":""}