{"id":"gen9vgc2023regulatione-1998619285","p1":"Rexluser","p2":"Zeitreiser21","format":"[Gen 9] VGC 2023 Regulation E","log":"|j|\u2606Rexluser\n|j|\u2606Zeitreiser21\n|t:|1700963753\n|gametype|doubles\n|player|p1|Rexluser|1|1132\n|player|p2|Zeitreiser21|102|1064\n|teamsize|p1|6\n|teamsize|p2|6\n|gen|9\n|tier|[Gen 9] VGC 2023 Regulation E\n|rated|\n|rule|Species Clause: Limit one of each Pok\u00e9mon\n|rule|Item Clause: Limit one of each item\n|clearpoke\n|poke|p1|Enamorus, L50, F|\n|poke|p1|Passimian, L50, M|\n|poke|p1|Dugtrio-Alola, L50, F|\n|poke|p1|Tornadus, L50, M|\n|poke|p1|Farigiraf, L50, M|\n|poke|p1|Rillaboom, L50, F|\n|poke|p2|Umbreon, L50, F|\n|poke|p2|Ninetales-Alola, L50, F|\n|poke|p2|Cresselia, L50, F|\n|poke|p2|Garchomp, L50, M|\n|poke|p2|Gyarados, L50, M|\n|poke|p2|Clefairy, L50, M|\n|teampreview|4\n|inactive|Battle timer is ON: inactive players will automatically lose when time's up. (requested by Rexluser)\n|\n|t:|1700963794\n|start\n|switch|p1a: Enamorus|Enamorus, L50, F|100\/100\n|switch|p1b: Passimian|Passimian, L50, M|100\/100\n|switch|p2a: Pixie|Ninetales-Alola, L50, F|100\/100\n|switch|p2b: Selene|Cresselia, L50, F|100\/100\n|-weather|Snow|[from] ability: Snow Warning|[of] p2a: Pixie\n|turn|1\n|\n|t:|1700963811\n|move|p1b: Passimian|Protect|p1b: Passimian\n|-singleturn|p1b: Passimian|Protect\n|move|p2a: Pixie|Aurora Veil|p2a: Pixie\n|-sidestart|p2: Zeitreiser21|move: Aurora Veil\n|move|p1a: Enamorus|Misty Explosion|p2b: Selene|[spread] p2a,p2b\n|-activate|p1b: Passimian|move: Protect\n|-damage|p2a: Pixie|62\/100\n|-damage|p2b: Selene|76\/100\n|faint|p1a: Enamorus\n|-ability|p1b: Passimian|Contrary|[from] ability: Receiver|[of] p1a: Enamorus\n|move|p2b: Selene|Moonblast|p1b: Passimian\n|-activate|p1b: Passimian|move: Protect\n|\n|-weather|Snow|[upkeep]\n|upkeep\n|\n|t:|1700963828\n|switch|p1a: Dugtrio|Dugtrio-Alola, L50, F|100\/100\n|turn|2\n|\n|t:|1700963850\n|move|p1a: Dugtrio|Charm|p1b: Passimian\n|-boost|p1b: Passimian|atk|2\n|move|p2a: Pixie|Blizzard|p1a: Dugtrio|[spread] p1a,p1b\n|-damage|p1a: Dugtrio|43\/100\n|-damage|p1b: Passimian|64\/100\n|-status|p1a: Dugtrio|frz\n|move|p1b: Passimian|Close Combat|p2a: Pixie\n|-crit|p2a: Pixie\n|-damage|p2a: Pixie|0 fnt\n|-boost|p1b: Passimian|def|1\n|-boost|p1b: Passimian|spd|1\n|faint|p2a: Pixie\n|move|p2b: Selene|Moonblast|p1b: Passimian\n|-supereffective|p1b: Passimian\n|-damage|p1b: Passimian|24\/100\n|\n|-weather|Snow|[upkeep]\n|-heal|p1b: Passimian|30\/100|[from] item: Leftovers\n|upkeep\n|\n|t:|1700963869\n|switch|p2a: Chompekas|Garchomp, L50, M|100\/100\n|turn|3\n|\n|t:|1700963884\n|cant|p1a: Dugtrio|frz\n|move|p2a: Chompekas|Earthquake|p1a: Dugtrio|[spread] p1a,p1b\n|-immune|p2b: Selene|[from] ability: Levitate\n|-supereffective|p1a: Dugtrio\n|-damage|p1a: Dugtrio|0 fnt\n|-damage|p1b: Passimian|3\/100\n|faint|p1a: Dugtrio\n|move|p1b: Passimian|Drain Punch|p2a: Chompekas\n|-damage|p2a: Chompekas|57\/100\n|-heal|p1b: Passimian|24\/100|[from] drain|[of] p2a: Chompekas\n|-damage|p1b: Passimian|11\/100|[from] ability: Rough Skin|[of] p2a: Chompekas\n|move|p2b: Selene|Calm Mind|p2b: Selene\n|-boost|p2b: Selene|spa|1\n|-boost|p2b: Selene|spd|1\n|\n|-weather|Snow|[upkeep]\n|-heal|p1b: Passimian|18\/100|[from] item: Leftovers\n|upkeep\n|\n|t:|1700963897\n|switch|p1a: Rillaboom|Rillaboom, L50, F|100\/100\n|-fieldstart|move: Grassy Terrain|[from] ability: Grassy Surge|[of] p1a: Rillaboom\n|turn|4\n|inactive|Zeitreiser21 has 30 seconds left.\n|inactive|Zeitreiser21 has 20 seconds left.\n|inactive|Zeitreiser21 has 15 seconds left.\n|inactive|Rexluser has 30 seconds left.\n|\n|t:|1700963943\n|-terastallize|p1b: Passimian|Fire\n|-terastallize|p2b: Selene|Poison\n|move|p1a: Rillaboom|Fake Out|p2a: Chompekas\n|-damage|p2a: Chompekas|48\/100\n|-damage|p1a: Rillaboom|88\/100|[from] ability: Rough Skin|[of] p2a: Chompekas\n|cant|p2a: Chompekas|flinch\n|move|p1b: Passimian|Close Combat|p2b: Selene\n|-resisted|p2b: Selene\n|-damage|p2b: Selene|51\/100\n|-boost|p1b: Passimian|def|1\n|-boost|p1b: Passimian|spd|1\n|move|p2b: Selene|Moonblast|p1a: Rillaboom\n|-damage|p1a: Rillaboom|62\/100\n|-unboost|p1a: Rillaboom|spa|1\n|\n|-weather|Snow|[upkeep]\n|-heal|p2a: Chompekas|54\/100|[from] Grassy Terrain\n|-heal|p1b: Passimian|24\/100|[from] Grassy Terrain\n|-heal|p1b: Passimian|30\/100|[from] item: Leftovers\n|-heal|p1a: Rillaboom|68\/100|[from] Grassy Terrain\n|upkeep\n|turn|5\n|inactive|Rexluser has 30 seconds left.\n|\n|t:|1700963975\n|move|p2a: Chompekas|Earthquake|p1b: Passimian|[spread] p1a,p1b\n|-immune|p2b: Selene|[from] ability: Levitate\n|-resisted|p1a: Rillaboom\n|-supereffective|p1b: Passimian\n|-damage|p1a: Rillaboom|59\/100\n|-damage|p1b: Passimian|10\/100\n|move|p1b: Passimian|Close Combat|p2b: Selene\n|-resisted|p2b: Selene\n|-damage|p2b: Selene|23\/100\n|-boost|p1b: Passimian|def|1\n|-boost|p1b: Passimian|spd|1\n|move|p1a: Rillaboom|Drum Beating|p2a: Chompekas\n|-damage|p2a: Chompekas|18\/100\n|-unboost|p2a: Chompekas|spe|1\n|move|p2b: Selene|Moonlight|p2b: Selene\n|-heal|p2b: Selene|48\/100\n|\n|-weather|none\n|-heal|p2a: Chompekas|24\/100|[from] Grassy Terrain\n|-heal|p1b: Passimian|17\/100|[from] Grassy Terrain\n|-heal|p1b: Passimian|23\/100|[from] item: Leftovers\n|-heal|p1a: Rillaboom|65\/100|[from] Grassy Terrain\n|upkeep\n|turn|6\n|\n|t:|1700963997\n|move|p2a: Chompekas|Earthquake|p1b: Passimian|[spread] p1a,p1b\n|-immune|p2b: Selene|[from] ability: Levitate\n|-resisted|p1a: Rillaboom\n|-supereffective|p1b: Passimian\n|-damage|p1a: Rillaboom|56\/100\n|-damage|p1b: Passimian|7\/100\n|move|p1b: Passimian|Drain Punch|p2b: Selene\n|-resisted|p2b: Selene\n|-damage|p2b: Selene|30\/100\n|-heal|p1b: Passimian|18\/100|[from] drain|[of] p2b: Selene\n|move|p1a: Rillaboom|Drum Beating|p2a: Chompekas\n|-damage|p2a: Chompekas|0 fnt\n|faint|p2a: Chompekas\n|move|p2b: Selene|Moonlight|p2b: Selene\n|-heal|p2b: Selene|80\/100\n|\n|-heal|p1b: Passimian|24\/100|[from] Grassy Terrain\n|-heal|p1b: Passimian|31\/100|[from] item: Leftovers\n|-heal|p1a: Rillaboom|61\/100|[from] Grassy Terrain\n|upkeep\n|\n|t:|1700964016\n|switch|p2a: Umbra|Umbreon, L50, F|100\/100\n|turn|7\n|\n|t:|1700964028\n|move|p2a: Umbra|Protect|p2a: Umbra\n|-singleturn|p2a: Umbra|Protect\n|move|p1b: Passimian|Drain Punch|p2a: Umbra\n|-activate|p2a: Umbra|move: Protect\n|move|p1a: Rillaboom|Drum Beating|p2b: Selene\n|-resisted|p2b: Selene\n|-damage|p2b: Selene|67\/100\n|move|p2b: Selene|Stored Power|p1b: Passimian\n|-damage|p1b: Passimian|13\/100\n|\n|-heal|p1b: Passimian|20\/100|[from] Grassy Terrain\n|-heal|p1b: Passimian|26\/100|[from] item: Leftovers\n|-heal|p1a: Rillaboom|67\/100|[from] Grassy Terrain\n|upkeep\n|turn|8\n|\n|t:|1700964049\n|move|p1b: Passimian|Drain Punch|p2a: Umbra\n|-supereffective|p2a: Umbra\n|-damage|p2a: Umbra|31\/100\n|-heal|p1b: Passimian|62\/100|[from] drain|[of] p2a: Umbra\n|move|p1a: Rillaboom|Drum Beating|p2b: Selene\n|-resisted|p2b: Selene\n|-damage|p2b: Selene|53\/100\n|move|p2b: Selene|Moonlight|p2b: Selene\n|-heal|p2b: Selene|100\/100\n|move|p2a: Umbra|Thunder Wave|p1b: Passimian\n|-status|p1b: Passimian|par\n|\n|-heal|p1a: Rillaboom|73\/100|[from] Grassy Terrain\n|-heal|p2a: Umbra|37\/100|[from] Grassy Terrain\n|-heal|p2a: Umbra|43\/100|[from] item: Leftovers\n|-heal|p1b: Passimian|68\/100 par|[from] Grassy Terrain\n|-heal|p1b: Passimian|75\/100 par|[from] item: Leftovers\n|-sideend|p2: Zeitreiser21|move: Aurora Veil\n|-fieldend|move: Grassy Terrain\n|upkeep\n|turn|9\n|\n|t:|1700964074\n|move|p2a: Umbra|Protect|p2a: Umbra\n|-singleturn|p2a: Umbra|Protect\n|move|p1a: Rillaboom|Drum Beating|p1b: Passimian\n|-resisted|p1b: Passimian\n|-damage|p1b: Passimian|66\/100 par\n|-boost|p1b: Passimian|spe|1\n|move|p2b: Selene|Calm Mind|p2b: Selene\n|-boost|p2b: Selene|spa|1\n|-boost|p2b: Selene|spd|1\n|move|p1b: Passimian|Drain Punch|p2a: Umbra\n|-activate|p2a: Umbra|move: Protect\n|\n|-heal|p2a: Umbra|49\/100|[from] item: Leftovers\n|-heal|p1b: Passimian|72\/100 par|[from] item: Leftovers\n|upkeep\n|turn|10\n|\n|t:|1700964094\n|move|p1a: Rillaboom|Drum Beating|p1b: Passimian\n|-resisted|p1b: Passimian\n|-damage|p1b: Passimian|64\/100 par\n|-boost|p1b: Passimian|spe|1\n|move|p1b: Passimian|Drain Punch|p2a: Umbra\n|-supereffective|p2a: Umbra\n|-damage|p2a: Umbra|0 fnt\n|-heal|p1b: Passimian|90\/100 par|[from] drain|[of] p2a: Umbra\n|faint|p2a: Umbra\n|move|p2b: Selene|Stored Power|p1b: Passimian\n|-damage|p1b: Passimian|53\/100 par\n|\n|-heal|p1b: Passimian|60\/100 par|[from] item: Leftovers\n|upkeep\n|turn|11\n|\n|t:|1700964110\n|move|p1b: Passimian|Close Combat|p2b: Selene\n|-resisted|p2b: Selene\n|-damage|p2b: Selene|61\/100\n|-boost|p1b: Passimian|def|1\n|-boost|p1b: Passimian|spd|1\n|move|p1a: Rillaboom|Brick Break|p2b: Selene\n|-resisted|p2b: Selene\n|-damage|p2b: Selene|52\/100\n|move|p2b: Selene|Calm Mind|p2b: Selene\n|-boost|p2b: Selene|spa|1\n|-boost|p2b: Selene|spd|1\n|\n|-heal|p1b: Passimian|66\/100 par|[from] item: Leftovers\n|upkeep\n|turn|12\n|\n|t:|1700964129\n|move|p1b: Passimian|Close Combat|p2b: Selene\n|-resisted|p2b: Selene\n|-damage|p2b: Selene|12\/100\n|-boost|p1b: Passimian|def|1\n|-boost|p1b: Passimian|spd|1\n|move|p1a: Rillaboom|Drum Beating|p2b: Selene\n|-resisted|p2b: Selene\n|-damage|p2b: Selene|0 fnt\n|faint|p2b: Selene\n|\n|win|Rexluser\n|raw|Rexluser's rating: 1132 &rarr; <strong>1152<\/strong><br \/>(+20 for winning)\n|raw|Zeitreiser21's rating: 1064 &rarr; <strong>1048<\/strong><br \/>(-16 for losing)\n","uploadtime":1700964140,"views":1,"p1id":"rexluser","p2id":"zeitreiser21","formatid":"gen9vgc2023regulatione","rating":1048,"private":0,"password":""}