{"id":"gen9vgc2023regulatione-1998787099","p1":"Zeldro","p2":"Randomteam0706","format":"[Gen 9] VGC 2023 Regulation E","log":"|j|\u2606Zeldro\n|j|\u2606Randomteam0706\n|t:|1700990784\n|gametype|doubles\n|player|p1|Zeldro|alder|1144\n|player|p2|Randomteam0706|2|1061\n|teamsize|p1|6\n|teamsize|p2|6\n|gen|9\n|tier|[Gen 9] VGC 2023 Regulation E\n|rated|\n|rule|Species Clause: Limit one of each Pok\u00e9mon\n|rule|Item Clause: Limit one of each item\n|clearpoke\n|poke|p1|Ogerpon-Hearthflame, L50, F|\n|poke|p1|Flutter Mane, L50|\n|poke|p1|Iron Hands, L50|\n|poke|p1|Tornadus, L50, M|\n|poke|p1|Chien-Pao, L50|\n|poke|p1|Landorus-Therian, L50, M|\n|poke|p2|Kingambit, L50, M|\n|poke|p2|Ceruledge, L50, F|\n|poke|p2|Ludicolo, L50, M|\n|poke|p2|Jumpluff, L50, F|\n|poke|p2|Misdreavus, L50, F|\n|poke|p2|Torkoal, L50, F|\n|teampreview|4\n|c|\u2606Zeldro|wrong flutter mane? lol\n|c|\u2606Randomteam0706|Its the morden flutter mane\n|\n|t:|1700990867\n|start\n|switch|p1a: Tornadus|Tornadus, L50, M|100\/100\n|switch|p1b: Landorus|Landorus-Therian, L50, M|100\/100\n|switch|p2a: \u5e6b\u4f60\u6490\u5341\u79d2|Jumpluff, L50, F|100\/100\n|switch|p2b: \u5674\u706b\u96de\u8089\u98ef|Torkoal, L50, F|100\/100\n|-ability|p1b: Landorus|Intimidate|boost\n|-unboost|p2a: \u5e6b\u4f60\u6490\u5341\u79d2|atk|1\n|-unboost|p2b: \u5674\u706b\u96de\u8089\u98ef|atk|1\n|-enditem|p2b: \u5674\u706b\u96de\u8089\u98ef|Eject Pack\n|inactive|Battle timer is ON: inactive players will automatically lose when time's up. (requested by Zeldro)\n|\n|t:|1700990876\n|switch|p2b: \u6478\u982d\u55e8\u58d3\u8932|Ceruledge, L50, F|100\/100\n|turn|1\n|inactive|Zeldro has 30 seconds left.\n|inactive|Zeldro has 20 seconds left.\n|\n|t:|1700990915\n|-terastallize|p2b: \u6478\u982d\u55e8\u58d3\u8932|Grass\n|move|p1a: Tornadus|Tailwind|p1a: Tornadus\n|-sidestart|p1: Zeldro|move: Tailwind\n|move|p1b: Landorus|Rock Slide|p2b: \u6478\u982d\u55e8\u58d3\u8932|[spread] p2a,p2b\n|-supereffective|p2a: \u5e6b\u4f60\u6490\u5341\u79d2\n|-damage|p2a: \u5e6b\u4f60\u6490\u5341\u79d2|40\/100\n|-damage|p2b: \u6478\u982d\u55e8\u58d3\u8932|76\/100\n|-ability|p2b: \u6478\u982d\u55e8\u58d3\u8932|Weak Armor|boost\n|-unboost|p2b: \u6478\u982d\u55e8\u58d3\u8932|def|1\n|-boost|p2b: \u6478\u982d\u55e8\u58d3\u8932|spe|2\n|move|p2b: \u6478\u982d\u55e8\u58d3\u8932|Bitter Blade|p1a: Tornadus\n|-damage|p1a: Tornadus|44\/100\n|-heal|p2b: \u6478\u982d\u55e8\u58d3\u8932|100\/100|[from] drain|[of] p1a: Tornadus\n|move|p2a: \u5e6b\u4f60\u6490\u5341\u79d2|U-turn|p2b: \u6478\u982d\u55e8\u58d3\u8932\n|-supereffective|p2b: \u6478\u982d\u55e8\u58d3\u8932\n|-damage|p2b: \u6478\u982d\u55e8\u58d3\u8932|79\/100\n|-ability|p2b: \u6478\u982d\u55e8\u58d3\u8932|Weak Armor|boost\n|-unboost|p2b: \u6478\u982d\u55e8\u58d3\u8932|def|1\n|-boost|p2b: \u6478\u982d\u55e8\u58d3\u8932|spe|2\n|-enditem|p2b: \u6478\u982d\u55e8\u58d3\u8932|Weakness Policy\n|-boost|p2b: \u6478\u982d\u55e8\u58d3\u8932|atk|2|[from] item: Weakness Policy\n|-boost|p2b: \u6478\u982d\u55e8\u58d3\u8932|spa|2|[from] item: Weakness Policy\n|\n|t:|1700990935\n|switch|p2a: \u5674\u706b\u96de\u8089\u98ef|Torkoal, L50, F|100\/100|[from] U-turn\n|-weather|SunnyDay|[from] ability: Drought|[of] p2a: \u5674\u706b\u96de\u8089\u98ef\n|\n|-weather|SunnyDay|[upkeep]\n|upkeep\n|turn|2\n|inactive|Randomteam0706 has 30 seconds left.\n|inactive|Zeldro has 30 seconds left.\n|inactive|Randomteam0706 has 20 seconds left.\n|\n|t:|1700990973\n|-terastallize|p1b: Landorus|Flying\n|move|p2b: \u6478\u982d\u55e8\u58d3\u8932|Protect|p2b: \u6478\u982d\u55e8\u58d3\u8932\n|-singleturn|p2b: \u6478\u982d\u55e8\u58d3\u8932|Protect\n|move|p1b: Landorus|Tera Blast|p2b: \u6478\u982d\u55e8\u58d3\u8932|[anim] Tera Blast Flying\n|-activate|p2b: \u6478\u982d\u55e8\u58d3\u8932|move: Protect\n|move|p1a: Tornadus|Icy Wind|p2a: \u5674\u706b\u96de\u8089\u98ef|[spread] p2a\n|-activate|p2b: \u6478\u982d\u55e8\u58d3\u8932|move: Protect\n|-resisted|p2a: \u5674\u706b\u96de\u8089\u98ef\n|-damage|p2a: \u5674\u706b\u96de\u8089\u98ef|93\/100\n|-unboost|p2a: \u5674\u706b\u96de\u8089\u98ef|spe|1\n|move|p2a: \u5674\u706b\u96de\u8089\u98ef|Overheat|p1b: Landorus\n|-damage|p1b: Landorus|30\/100\n|-unboost|p2a: \u5674\u706b\u96de\u8089\u98ef|spa|2\n|\n|-weather|SunnyDay|[upkeep]\n|upkeep\n|turn|3\n|inactive|Randomteam0706 has 30 seconds left.\n|inactive|Randomteam0706 has 20 seconds left.\n|inactive|Randomteam0706 has 15 seconds left.\n|\n|t:|1700991015\n|switch|p2a: Misdreavus|Misdreavus, L50, F|100\/100\n|move|p2b: \u6478\u982d\u55e8\u58d3\u8932|Bitter Blade|p1b: Landorus\n|-damage|p1b: Landorus|0 fnt\n|-heal|p2b: \u6478\u982d\u55e8\u58d3\u8932|94\/100|[from] drain|[of] p1b: Landorus\n|faint|p1b: Landorus\n|move|p1a: Tornadus|Icy Wind|p2b: \u6478\u982d\u55e8\u58d3\u8932|[spread] p2a,p2b\n|-supereffective|p2b: \u6478\u982d\u55e8\u58d3\u8932\n|-damage|p2a: Misdreavus|92\/100\n|-damage|p2b: \u6478\u982d\u55e8\u58d3\u8932|72\/100\n|-unboost|p2a: Misdreavus|spe|1\n|-unboost|p2b: \u6478\u982d\u55e8\u58d3\u8932|spe|1\n|\n|-weather|SunnyDay|[upkeep]\n|upkeep\n|\n|t:|1700991035\n|switch|p1b: Chien-Pao|Chien-Pao, L50|100\/100\n|-ability|p1b: Chien-Pao|Sword of Ruin\n|turn|4\n|\n|t:|1700991057\n|move|p1a: Tornadus|Protect|p1a: Tornadus\n|-singleturn|p1a: Tornadus|Protect\n|move|p1b: Chien-Pao|Ice Spinner|p2b: \u6478\u982d\u55e8\u58d3\u8932\n|-supereffective|p2b: \u6478\u982d\u55e8\u58d3\u8932\n|-damage|p2b: \u6478\u982d\u55e8\u58d3\u8932|0 fnt\n|faint|p2b: \u6478\u982d\u55e8\u58d3\u8932\n|move|p2a: Misdreavus|Trick Room|p2a: Misdreavus\n|-fieldstart|move: Trick Room|[of] p2a: Misdreavus\n|\n|-weather|SunnyDay|[upkeep]\n|-sideend|p1: Zeldro|move: Tailwind\n|upkeep\n|\n|t:|1700991065\n|switch|p2b: \u5674\u706b\u96de\u8089\u98ef|Torkoal, L50, F|93\/100\n|turn|5\n|inactive|Zeldro has 30 seconds left.\n|inactive|Zeldro has 20 seconds left.\n|inactive|Zeldro has 15 seconds left.\n|inactive|Zeldro has 10 seconds left.\n|\n|t:|1700991112\n|move|p2a: Misdreavus|Shadow Sneak|p1b: Chien-Pao\n|-resisted|p1b: Chien-Pao\n|-damage|p1b: Chien-Pao|95\/100\n|move|p1b: Chien-Pao|Sucker Punch|p2b: \u5674\u706b\u96de\u8089\u98ef\n|-damage|p2b: \u5674\u706b\u96de\u8089\u98ef|51\/100\n|move|p2b: \u5674\u706b\u96de\u8089\u98ef|Eruption|p1b: Chien-Pao|[spread] p1a,p1b\n|-supereffective|p1b: Chien-Pao\n|-damage|p1a: Tornadus|11\/100\n|-damage|p1b: Chien-Pao|0 fnt\n|faint|p1b: Chien-Pao\n|move|p1a: Tornadus|Icy Wind|p2b: \u5674\u706b\u96de\u8089\u98ef|[spread] p2a,p2b\n|-resisted|p2b: \u5674\u706b\u96de\u8089\u98ef\n|-damage|p2a: Misdreavus|83\/100\n|-damage|p2b: \u5674\u706b\u96de\u8089\u98ef|43\/100\n|-unboost|p2a: Misdreavus|spe|1\n|-unboost|p2b: \u5674\u706b\u96de\u8089\u98ef|spe|1\n|\n|-weather|none\n|upkeep\n|\n|t:|1700991127\n|switch|p1b: Ogerpon|Ogerpon-Hearthflame, L50, F|100\/100\n|-ability|p1b: Ogerpon|Mold Breaker\n|turn|6\n|inactive|Zeldro has 30 seconds left.\n|inactive|Zeldro has 20 seconds left.\n|inactive|Zeldro has 15 seconds left.\n|inactive|Randomteam0706 has 30 seconds left.\n|\n|t:|1700991170\n|switch|p2b: \u5e6b\u4f60\u6490\u5341\u79d2|Jumpluff, L50, F|40\/100\n|move|p1a: Tornadus|Protect|p1a: Tornadus\n|-singleturn|p1a: Tornadus|Protect\n|move|p2a: Misdreavus|Night Shade|p1a: Tornadus\n|-activate|p1a: Tornadus|move: Protect\n|move|p1b: Ogerpon|Horn Leech|p2a: Misdreavus\n|-crit|p2a: Misdreavus\n|-damage|p2a: Misdreavus|35\/100\n|\n|upkeep\n|turn|7\n|inactive|Zeldro has 30 seconds left.\n|inactive|Randomteam0706 has 30 seconds left.\n|\n|t:|1700991203\n|move|p1a: Tornadus|Tailwind|p1a: Tornadus\n|-sidestart|p1: Zeldro|move: Tailwind\n|move|p2a: Misdreavus|Night Shade|p1a: Tornadus\n|-damage|p1a: Tornadus|0 fnt\n|faint|p1a: Tornadus\n|move|p2b: \u5e6b\u4f60\u6490\u5341\u79d2|U-turn|p1b: Ogerpon\n|-damage|p1b: Ogerpon|90\/100\n|\n|t:|1700991210\n|switch|p2b: \u5674\u706b\u96de\u8089\u98ef|Torkoal, L50, F|43\/100|[from] U-turn\n|-weather|SunnyDay|[from] ability: Drought|[of] p2b: \u5674\u706b\u96de\u8089\u98ef\n|move|p1b: Ogerpon|Ivy Cudgel|p2b: \u5674\u706b\u96de\u8089\u98ef|[anim] Ivy Cudgel Fire\n|-resisted|p2b: \u5674\u706b\u96de\u8089\u98ef\n|-damage|p2b: \u5674\u706b\u96de\u8089\u98ef|9\/100\n|\n|-weather|SunnyDay|[upkeep]\n|upkeep\n|turn|8\n|\n|t:|1700991227\n|move|p2a: Misdreavus|Helping Hand|p2b: \u5674\u706b\u96de\u8089\u98ef\n|-singleturn|p2b: \u5674\u706b\u96de\u8089\u98ef|Helping Hand|[of] p2a: Misdreavus\n|move|p1b: Ogerpon|Spiky Shield|p1b: Ogerpon\n|-singleturn|p1b: Ogerpon|move: Protect\n|move|p2b: \u5674\u706b\u96de\u8089\u98ef|Overheat|p1b: Ogerpon\n|-activate|p1b: Ogerpon|move: Protect\n|\n|-weather|SunnyDay|[upkeep]\n|-fieldend|move: Trick Room\n|upkeep\n|turn|9\n|inactive|Zeldro has 30 seconds left.\n|inactive|Randomteam0706 has 30 seconds left.\n|inactive|Randomteam0706 has 20 seconds left.\n|\n|t:|1700991263\n|move|p2b: \u5674\u706b\u96de\u8089\u98ef|Protect|p2b: \u5674\u706b\u96de\u8089\u98ef\n|-singleturn|p2b: \u5674\u706b\u96de\u8089\u98ef|Protect\n|move|p1b: Ogerpon|Horn Leech|p2a: Misdreavus\n|-damage|p2a: Misdreavus|2\/100\n|-heal|p1b: Ogerpon|100\/100|[from] drain|[of] p2a: Misdreavus\n|move|p2a: Misdreavus|Trick Room|p2a: Misdreavus\n|-fieldstart|move: Trick Room|[of] p2a: Misdreavus\n|\n|-weather|SunnyDay|[upkeep]\n|upkeep\n|turn|10\n|c|\u2606Zeldro|lol\n|\n|t:|1700991287\n|move|p2a: Misdreavus|Helping Hand|p2b: \u5674\u706b\u96de\u8089\u98ef\n|-singleturn|p2b: \u5674\u706b\u96de\u8089\u98ef|Helping Hand|[of] p2a: Misdreavus\n|move|p1b: Ogerpon|Spiky Shield|p1b: Ogerpon\n|-singleturn|p1b: Ogerpon|move: Protect\n|move|p2b: \u5674\u706b\u96de\u8089\u98ef|Overheat|p1b: Ogerpon\n|-activate|p1b: Ogerpon|move: Protect\n|\n|-weather|SunnyDay|[upkeep]\n|-sideend|p1: Zeldro|move: Tailwind\n|upkeep\n|turn|11\n|\n|t:|1700991306\n|move|p2a: Misdreavus|Helping Hand|p2b: \u5674\u706b\u96de\u8089\u98ef\n|-singleturn|p2b: \u5674\u706b\u96de\u8089\u98ef|Helping Hand|[of] p2a: Misdreavus\n|move|p1b: Ogerpon|Spiky Shield||[still]\n|-fail|p1b: Ogerpon\n|move|p2b: \u5674\u706b\u96de\u8089\u98ef|Overheat|p1b: Ogerpon\n|-damage|p1b: Ogerpon|0 fnt\n|-unboost|p2b: \u5674\u706b\u96de\u8089\u98ef|spa|2\n|faint|p1b: Ogerpon\n|\n|win|Randomteam0706\n|raw|Zeldro's rating: 1144 &rarr; <strong>1113<\/strong><br \/>(-31 for losing)\n|raw|Randomteam0706's rating: 1061 &rarr; <strong>1099<\/strong><br \/>(+38 for winning)\n|l|\u2606Zeldro\n","uploadtime":1700991320,"views":13,"p1id":"zeldro","p2id":"randomteam0706","formatid":"gen9vgc2023regulatione","rating":1099,"private":0,"password":""}