{"id":"gen9vgc2023regulatione-1996190298","p1":"SocMaloVGC","p2":"SlamVgc","format":"[Gen 9] VGC 2023 Regulation E","log":"|j|\u2606SocMaloVGC\n|j|\u2606SlamVgc\n|n|\u2606SocMaloVGC|socmalovgc\n|n|\u2606SlamVgc|slamvgc\n|html|View the match progress at <a href=\"\/game-bestof3-gen9vgc2023regulatione-1996185002\">game-bestof3-gen9vgc2023regulatione-1996185002<\/a>\n|t:|1700657113\n|gametype|doubles\n|player|p1|SocMaloVGC|101|\n|player|p2|SlamVgc|169|\n|teamsize|p1|6\n|teamsize|p2|6\n|gen|9\n|tier|[Gen 9] VGC 2023 Regulation E\n|rule|Species Clause: Limit one of each Pok\u00e9mon\n|rule|Item Clause: Limit one of each item\n|clearpoke\n|poke|p1|Heatran, L50, M|\n|poke|p1|Tornadus, L50, M|\n|poke|p1|Flutter Mane, L50|\n|poke|p1|Landorus-Therian, L50, M|\n|poke|p1|Amoonguss, L50, F|\n|poke|p1|Ogerpon-Wellspring, L50, F|\n|poke|p2|Iron Hands, L50|\n|poke|p2|Amoonguss, L50, F|\n|poke|p2|Landorus-Therian, L50, M|\n|poke|p2|Flutter Mane, L50|\n|poke|p2|Heatran, L50, M|\n|poke|p2|Roaring Moon, L50|\n|teampreview|4\nSocMaloVGC has agreed to open team sheets.\n|\n|t:|1700657147\n|start\n|switch|p1a: Landorus|Landorus-Therian, L50, M|100\/100\n|switch|p1b: Tornadus|Tornadus, L50, M|100\/100\n|switch|p2a: Iron Hands|Iron Hands, L50|100\/100\n|switch|p2b: Heatran|Heatran, L50, M|100\/100\n|-ability|p1a: Landorus|Intimidate|boost\n|-unboost|p2a: Iron Hands|atk|1\n|-unboost|p2b: Heatran|atk|1\n|turn|1\n|\n|t:|1700657163\n|move|p2a: Iron Hands|Fake Out|p1a: Landorus\n|-damage|p1a: Landorus|90\/100\n|move|p1b: Tornadus|Tailwind|p1b: Tornadus\n|-sidestart|p1: SocMaloVGC|move: Tailwind\n|cant|p1a: Landorus|flinch\n|move|p2b: Heatran|Magma Storm|p1b: Tornadus\n|-damage|p1b: Tornadus|45\/100\n|-activate|p1b: Tornadus|move: Magma Storm|[of] p2b: Heatran\n|\n|-damage|p1b: Tornadus|33\/100|[from] move: Magma Storm|[partiallytrapped]\n|upkeep\n|turn|2\n|c|\u2606SlamVgc|Hostia no acepte bro\n|\n|t:|1700657182\n|-end|p2a: Iron Hands|Quark Drive|[silent]\n|switch|p2a: Landorus|Landorus-Therian, L50, M|100\/100\n|-ability|p2a: Landorus|Intimidate|boost\n|-unboost|p1a: Landorus|atk|1\n|-unboost|p1b: Tornadus|atk|1\n|move|p2b: Heatran|Protect|p2b: Heatran\n|-singleturn|p2b: Heatran|Protect\n|move|p1b: Tornadus|Sunny Day|p1b: Tornadus\n|-weather|SunnyDay\n|move|p1a: Landorus|U-turn|p2a: Landorus\n|-resisted|p2a: Landorus\n|-damage|p2a: Landorus|92\/100\n|c|\u2606SocMaloVGC|tranqui\n|\n|t:|1700657199\n|switch|p1a: Flutter Mane|Flutter Mane, L50|100\/100|[from] U-turn\n|-activate|p1a: Flutter Mane|ability: Protosynthesis\n|-start|p1a: Flutter Mane|protosynthesisspa\n|\n|-weather|SunnyDay|[upkeep]\n|-damage|p1b: Tornadus|20\/100|[from] move: Magma Storm|[partiallytrapped]\n|upkeep\n|turn|3\n|\n|t:|1700657220\n|switch|p2a: Amoonguss|Amoonguss, L50, F|100\/100\n|-terastallize|p1a: Flutter Mane|Fairy\n|move|p1a: Flutter Mane|Dazzling Gleam|p2a: Amoonguss|[spread] p2a,p2b\n|-resisted|p2a: Amoonguss\n|-crit|p2a: Amoonguss\n|-resisted|p2b: Heatran\n|-damage|p2a: Amoonguss|42\/100\n|-damage|p2b: Heatran|82\/100\n|move|p1b: Tornadus|Bleakwind Storm|p2a: Amoonguss|[spread] p2a,p2b\n|-supereffective|p2a: Amoonguss\n|-resisted|p2b: Heatran\n|-damage|p2a: Amoonguss|0 fnt\n|-damage|p2b: Heatran|69\/100\n|faint|p2a: Amoonguss\n|move|p2b: Heatran|Magma Storm|p1a: Flutter Mane\n|-damage|p1a: Flutter Mane|25\/100\n|-activate|p1a: Flutter Mane|move: Magma Storm|[of] p2b: Heatran\n|\n|-weather|SunnyDay|[upkeep]\n|-heal|p2b: Heatran|75\/100|[from] item: Leftovers\n|-damage|p1a: Flutter Mane|13\/100|[from] move: Magma Storm|[partiallytrapped]\n|-damage|p1b: Tornadus|8\/100|[from] move: Magma Storm|[partiallytrapped]\n|upkeep\n|\n|t:|1700657241\n|switch|p2a: Iron Hands|Iron Hands, L50|100\/100\n|turn|4\n|\n|t:|1700657250\n|move|p2b: Heatran|Protect|p2b: Heatran\n|-singleturn|p2b: Heatran|Protect\n|move|p2a: Iron Hands|Fake Out|p1a: Flutter Mane\n|-damage|p1a: Flutter Mane|0 fnt\n|faint|p1a: Flutter Mane\n|-end|p1a: Flutter Mane|Protosynthesis|[silent]\n|move|p1b: Tornadus|Bleakwind Storm|p2b: Heatran|[spread] p2a\n|-activate|p2b: Heatran|move: Protect\n|-damage|p2a: Iron Hands|83\/100\n|-unboost|p2a: Iron Hands|spe|1\n|\n|-weather|SunnyDay|[upkeep]\n|-heal|p2b: Heatran|81\/100|[from] item: Leftovers\n|-damage|p1b: Tornadus|0 fnt|[from] move: Magma Storm|[partiallytrapped]\n|faint|p1b: Tornadus\n|-sideend|p1: SocMaloVGC|move: Tailwind\n|upkeep\n|\n|t:|1700657256\n|switch|p1a: Heatran|Heatran, L50, M|100\/100\n|switch|p1b: Landorus|Landorus-Therian, L50, M|90\/100\n|-ability|p1b: Landorus|Intimidate|boost\n|-unboost|p2a: Iron Hands|atk|1\n|-unboost|p2b: Heatran|atk|1\n|turn|5\n|\n|t:|1700657290\n|-terastallize|p2b: Heatran|Grass\n|move|p1b: Landorus|Stomping Tantrum|p2b: Heatran\n|-resisted|p2b: Heatran\n|-damage|p2b: Heatran|64\/100\n|move|p2b: Heatran|Magma Storm|p1b: Landorus\n|-damage|p1b: Landorus|5\/100\n|-activate|p1b: Landorus|move: Magma Storm|[of] p2b: Heatran\n|move|p1a: Heatran|Flash Cannon|p2b: Heatran\n|-damage|p2b: Heatran|25\/100\n|move|p2a: Iron Hands|Drain Punch|p1a: Heatran\n|-supereffective|p1a: Heatran\n|-damage|p1a: Heatran|42\/100\n|-heal|p2a: Iron Hands|100\/100|[from] drain|[of] p1a: Heatran\n|\n|-weather|SunnyDay|[upkeep]\n|-heal|p2b: Heatran|31\/100|[from] item: Leftovers\n|-damage|p1b: Landorus|0 fnt|[from] move: Magma Storm|[partiallytrapped]\n|faint|p1b: Landorus\n|upkeep\n|turn|6\n|\n|t:|1700657315\n|move|p2b: Heatran|Earth Power|p1a: Heatran\n|-supereffective|p1a: Heatran\n|-damage|p1a: Heatran|0 fnt\n|faint|p1a: Heatran\n|\n|win|SlamVgc\n|c|\u2606SlamVgc|Ggs bro\n","uploadtime":1700657320,"views":1,"p1id":"socmalovgc","p2id":"slamvgc","formatid":"gen9vgc2023regulatione","rating":0,"private":0,"password":""}