{"id":"gen9vgc2023regulatione-1987988944","p1":"please cheese","p2":"averagerandbats","format":"[Gen 9] VGC 2023 Regulation E","log":"|j|\u2606please cheese\n|j|\u2606averagerandbats\n|t:|1699656438\n|gametype|doubles\n|player|p1|please cheese|pokemaniac|1089\n|player|p2|averagerandbats|janitor|1190\n|teamsize|p1|6\n|teamsize|p2|6\n|gen|9\n|tier|[Gen 9] VGC 2023 Regulation E\n|rated|\n|rule|Species Clause: Limit one of each Pok\u00e9mon\n|rule|Item Clause: Limit one of each item\n|clearpoke\n|poke|p1|Urshifu-*, L50, M|\n|poke|p1|Tornadus, L50, M|\n|poke|p1|Kingambit, L50, F|\n|poke|p1|Amoonguss, L50, F|\n|poke|p1|Iron Hands, L50|\n|poke|p1|Flutter Mane, L50|\n|poke|p2|Ogerpon-Wellspring, L50, F|\n|poke|p2|Arcanine-Hisui, L50, F|\n|poke|p2|Zapdos, L50|\n|poke|p2|Gholdengo, L50|\n|poke|p2|Urshifu-*, L50, M|\n|poke|p2|Rillaboom, L50, M|\n|teampreview|4\n|\n|t:|1699656487\n|start\n|switch|p1a: Kingambit|Kingambit, L50, F|100\/100\n|switch|p1b: Tornadus|Tornadus, L50, M|100\/100\n|switch|p2a: Zapdos|Zapdos, L50|100\/100\n|switch|p2b: Urshifu|Urshifu-Rapid-Strike, L50, M|100\/100\n|turn|1\n|\n|t:|1699656517\n|move|p1b: Tornadus|Taunt|p2a: Zapdos\n|-start|p2a: Zapdos|move: Taunt\n|move|p2b: Urshifu|Close Combat|p1a: Kingambit\n|-supereffective|p1a: Kingambit\n|-damage|p1a: Kingambit|0 fnt\n|-unboost|p2b: Urshifu|def|1\n|-unboost|p2b: Urshifu|spd|1\n|faint|p1a: Kingambit\n|cant|p2a: Zapdos|move: Taunt|Rain Dance\n|\n|upkeep\n|\n|t:|1699656527\n|switch|p1a: Flutter Mane|Flutter Mane, L50|100\/100\n|turn|2\n|\n|t:|1699656535\n|switch|p2b: Rillaboom|Rillaboom, L50, M|100\/100\n|-fieldstart|move: Grassy Terrain|[from] ability: Grassy Surge|[of] p2b: Rillaboom\n|-terastallize|p1a: Flutter Mane|Fairy\n|move|p1b: Tornadus|Tailwind|p1b: Tornadus\n|-sidestart|p1: please cheese|move: Tailwind\n|move|p1a: Flutter Mane|Dazzling Gleam|p2a: Zapdos|[spread] p2a,p2b\n|-damage|p2a: Zapdos|51\/100\n|-damage|p2b: Rillaboom|63\/100\n|move|p2a: Zapdos|Thunderbolt|p1b: Tornadus\n|-supereffective|p1b: Tornadus\n|-damage|p1b: Tornadus|16\/100\n|\n|-heal|p2b: Rillaboom|69\/100|[from] Grassy Terrain\n|upkeep\n|turn|3\n|\n|t:|1699656565\n|move|p2b: Rillaboom|Fake Out|p1a: Flutter Mane\n|-crit|p1a: Flutter Mane\n|-damage|p1a: Flutter Mane|69\/100\n|move|p1b: Tornadus|Bleakwind Storm|p2a: Zapdos|[spread] p2b\n|-miss|p1b: Tornadus|p2a: Zapdos\n|-supereffective|p2b: Rillaboom\n|-damage|p2b: Rillaboom|27\/100\n|cant|p1a: Flutter Mane|flinch\n|move|p2a: Zapdos|Thunderbolt|p1b: Tornadus\n|-supereffective|p1b: Tornadus\n|-damage|p1b: Tornadus|0 fnt\n|faint|p1b: Tornadus\n|\n|-heal|p1a: Flutter Mane|75\/100|[from] Grassy Terrain\n|-heal|p2b: Rillaboom|33\/100|[from] Grassy Terrain\n|-end|p2a: Zapdos|move: Taunt\n|upkeep\n|\n|t:|1699656580\n|switch|p1b: Urshifu|Urshifu-Rapid-Strike, L50, M|100\/100\n|turn|4\n|\n|t:|1699656597\n|move|p1b: Urshifu|Detect|p1b: Urshifu\n|-singleturn|p1b: Urshifu|Protect\n|move|p2b: Rillaboom|Grassy Glide|p1b: Urshifu\n|-activate|p1b: Urshifu|move: Protect\n|move|p1a: Flutter Mane|Dazzling Gleam|p2b: Rillaboom|[spread] p2a,p2b\n|-crit|p2a: Zapdos\n|-damage|p2a: Zapdos|0 fnt\n|-damage|p2b: Rillaboom|0 fnt\n|faint|p2a: Zapdos\n|faint|p2b: Rillaboom\n|\n|-heal|p1a: Flutter Mane|81\/100|[from] Grassy Terrain\n|upkeep\n|\n|t:|1699656608\n|switch|p2a: Arcanine|Arcanine-Hisui, L50, F|100\/100\n|switch|p2b: Urshifu|Urshifu-Rapid-Strike, L50, M|100\/100\n|-ability|p2a: Arcanine|Intimidate|boost\n|-unboost|p1a: Flutter Mane|atk|1\n|-unboost|p1b: Urshifu|atk|1\n|turn|5\n|\n|t:|1699656626\n|-terastallize|p2a: Arcanine|Fairy\n|move|p1a: Flutter Mane|Dazzling Gleam|p2a: Arcanine|[spread] p2a,p2b\n|-supereffective|p2b: Urshifu\n|-damage|p2a: Arcanine|48\/100\n|-damage|p2b: Urshifu|0 fnt\n|faint|p2b: Urshifu\n|move|p1b: Urshifu|Surging Strikes|p2a: Arcanine\n|-crit|p2a: Arcanine\n|-damage|p2a: Arcanine|20\/100\n|-crit|p2a: Arcanine\n|-damage|p2a: Arcanine|0 fnt\n|faint|p2a: Arcanine\n|-hitcount|p2: Arcanine|2\n|\n|win|please cheese\n|raw|please cheese's rating: 1089 &rarr; <strong>1123<\/strong><br \/>(+34 for winning)\n|raw|averagerandbats's rating: 1190 &rarr; <strong>1158<\/strong><br \/>(-32 for losing)\n","uploadtime":1699656638,"views":14,"p1id":"pleasecheese","p2id":"averagerandbats","formatid":"gen9vgc2023regulatione","rating":1123,"private":0,"password":""}