{"id":"gen9vgc2023regulatione-1993817964","p1":"Cmanbeezy","p2":"nyanfish06","format":"[Gen 9] VGC 2023 Regulation E","log":"|j|\u2606Cmanbeezy\n|j|\u2606nyanfish06\n|t:|1700361026\n|gametype|doubles\n|player|p1|Cmanbeezy|170|1051\n|player|p2|nyanfish06|1|1137\n|teamsize|p1|6\n|teamsize|p2|6\n|gen|9\n|tier|[Gen 9] VGC 2023 Regulation E\n|rated|\n|rule|Species Clause: Limit one of each Pok\u00e9mon\n|rule|Item Clause: Limit one of each item\n|clearpoke\n|poke|p1|Lilligant, L50, F|\n|poke|p1|Torkoal, L50, F|\n|poke|p1|Flutter Mane, L50|\n|poke|p1|Landorus-Therian, L50, M|\n|poke|p1|Chien-Pao, L50|\n|poke|p1|Urshifu-*, L50, M|\n|poke|p2|Flutter Mane, L50|\n|poke|p2|Iron Hands, L50|\n|poke|p2|Sinistcha, L50|\n|poke|p2|Heatran, L50, M|\n|poke|p2|Dragonite, L50, F|\n|poke|p2|Amoonguss, L50, M|\n|teampreview|4\n|inactive|Battle timer is ON: inactive players will automatically lose when time's up. (requested by nyanfish06)\n|inactive|Cmanbeezy has 60 seconds left.\n|inactive|nyanfish06 has 60 seconds left.\n|inactive|Cmanbeezy has 30 seconds left.\n|\n|t:|1700361087\n|start\n|switch|p1a: Urshifu|Urshifu-Rapid-Strike, L50, M|100\/100\n|switch|p1b: Torkoal|Torkoal, L50, F|100\/100\n|switch|p2a: Flutter Mane|Flutter Mane, L50|100\/100\n|switch|p2b: Amoonguss|Amoonguss, L50, M|100\/100\n|-weather|SunnyDay|[from] ability: Drought|[of] p1b: Torkoal\n|-activate|p2a: Flutter Mane|ability: Protosynthesis\n|-start|p2a: Flutter Mane|protosynthesisspe\n|turn|1\n|inactive|nyanfish06 has 30 seconds left.\n|\n|t:|1700361112\n|-terastallize|p2a: Flutter Mane|Fairy\n|move|p1a: Urshifu|Detect|p1a: Urshifu\n|-singleturn|p1a: Urshifu|Protect\n|move|p2a: Flutter Mane|Dazzling Gleam|p1a: Urshifu|[spread] p1b\n|-activate|p1a: Urshifu|move: Protect\n|-resisted|p1b: Torkoal\n|-damage|p1b: Torkoal|66\/100\n|move|p2b: Amoonguss|Spore|p1a: Urshifu\n|-activate|p1a: Urshifu|move: Protect\n|move|p1b: Torkoal|Heat Wave|p2a: Flutter Mane|[spread] p2a,p2b\n|-supereffective|p2b: Amoonguss\n|-damage|p2a: Flutter Mane|65\/100\n|-damage|p2b: Amoonguss|60\/100\n|\n|-weather|SunnyDay|[upkeep]\n|upkeep\n|turn|2\n|inactive|Cmanbeezy has 30 seconds left.\n|inactive|Cmanbeezy has 20 seconds left.\n|\n|t:|1700361149\n|move|p2a: Flutter Mane|Dazzling Gleam|p1a: Urshifu|[spread] p1a,p1b\n|-supereffective|p1a: Urshifu\n|-resisted|p1b: Torkoal\n|-damage|p1a: Urshifu|0 fnt\n|-damage|p1b: Torkoal|29\/100\n|faint|p1a: Urshifu\n|move|p2b: Amoonguss|Spore|p1b: Torkoal\n|-status|p1b: Torkoal|slp|[from] move: Spore\n|cant|p1b: Torkoal|slp\n|\n|-weather|SunnyDay|[upkeep]\n|upkeep\n|\n|t:|1700361153\n|switch|p1a: Lilligant|Lilligant, L50, F, shiny|100\/100\n|turn|3\n|\n|t:|1700361168\n|switch|p2b: Dragonite|Dragonite, L50, F|100\/100\n|cant|p1b: Torkoal|slp\n|move|p2a: Flutter Mane|Dazzling Gleam|p1a: Lilligant|[spread] p1a,p1b\n|-resisted|p1b: Torkoal\n|-damage|p1a: Lilligant|12\/100\n|-damage|p1b: Torkoal|0 fnt\n|faint|p1b: Torkoal\n|move|p1a: Lilligant|Quiver Dance|p1a: Lilligant\n|-boost|p1a: Lilligant|spa|1\n|-boost|p1a: Lilligant|spd|1\n|-boost|p1a: Lilligant|spe|1\n|\n|-weather|SunnyDay|[upkeep]\n|upkeep\n|\n|t:|1700361175\n|switch|p1b: Flutter Mane|Flutter Mane, L50|100\/100\n|-activate|p1b: Flutter Mane|ability: Protosynthesis\n|-start|p1b: Flutter Mane|protosynthesisspe\n|turn|4\n|\n|t:|1700361191\n|-terastallize|p1b: Flutter Mane|Fairy\n|move|p1a: Lilligant|Protect|p1a: Lilligant\n|-singleturn|p1a: Lilligant|Protect\n|move|p2b: Dragonite|Extreme Speed|p1a: Lilligant\n|-activate|p1a: Lilligant|move: Protect\n|move|p2a: Flutter Mane|Dazzling Gleam|p1b: Flutter Mane|[spread] p1b\n|-activate|p1a: Lilligant|move: Protect\n|-damage|p1b: Flutter Mane|37\/100\n|move|p1b: Flutter Mane|Dazzling Gleam|p2a: Flutter Mane|[spread] p2a,p2b\n|-supereffective|p2b: Dragonite\n|-damage|p2a: Flutter Mane|17\/100\n|-damage|p2b: Dragonite|2\/100\n|\n|-weather|SunnyDay|[upkeep]\n|upkeep\n|turn|5\n|\n|t:|1700361211\n|move|p2b: Dragonite|Extreme Speed|p1a: Lilligant\n|-damage|p1a: Lilligant|0 fnt\n|faint|p1a: Lilligant\n|move|p2a: Flutter Mane|Dazzling Gleam|p1b: Flutter Mane\n|-damage|p1b: Flutter Mane|0 fnt\n|faint|p1b: Flutter Mane\n|-end|p1b: Flutter Mane|Protosynthesis|[silent]\n|\n|win|nyanfish06\n|raw|Cmanbeezy's rating: 1051 &rarr; <strong>1038<\/strong><br \/>(-13 for losing)\n|raw|nyanfish06's rating: 1137 &rarr; <strong>1156<\/strong><br \/>(+19 for winning)\n|l|\u2606Cmanbeezy\n","uploadtime":1700361220,"views":7,"p1id":"cmanbeezy","p2id":"nyanfish06","formatid":"gen9vgc2023regulatione","rating":1038,"private":0,"password":""}