{"id":"gen9vgc2023regulatione-1996287745","p1":"Xeon_VGC","p2":"dhsqibhdcid","format":"[Gen 9] VGC 2023 Regulation E","log":"|j|\u203dXeon_VGC\n|j|\u2606dhsqibhdcid\n|t:|1700667757\n|gametype|doubles\n|player|p1|Xeon_VGC|caitlin|1397\n|player|p2|dhsqibhdcid|lucas|1322\n|teamsize|p1|6\n|teamsize|p2|6\n|gen|9\n|tier|[Gen 9] VGC 2023 Regulation E\n|rated|\n|rule|Species Clause: Limit one of each Pok\u00e9mon\n|rule|Item Clause: Limit one of each item\n|clearpoke\n|poke|p1|Tornadus, L50, M|\n|poke|p1|Rillaboom, L50, M|\n|poke|p1|Heatran, L50, M|\n|poke|p1|Iron Hands, L50|\n|poke|p1|Amoonguss, L50, F|\n|poke|p1|Urshifu-*, L50, M|\n|poke|p2|Snorlax, L50, M|\n|poke|p2|Iron Hands, L50|\n|poke|p2|Sinistcha, L50|\n|poke|p2|Kommo-o, L50, F|\n|poke|p2|Clefairy, L50, F|\n|poke|p2|Flamigo, L50, M|\n|teampreview|4\ndhsqibhdcid has agreed to open team sheets.\n|inactive|Battle timer is ON: inactive players will automatically lose when time's up. (requested by dhsqibhdcid)\n|inactive|Xeon_VGC has 60 seconds left.\nXeon_VGC has agreed to open team sheets.\n|inactive|Xeon_VGC has 30 seconds left.\n|inactive|Xeon_VGC has 20 seconds left.\n|inactive|Xeon_VGC has 15 seconds left.\n|inactive|Xeon_VGC has 10 seconds left.\n|inactive|Xeon_VGC has 5 seconds left.\n|\n|t:|1700667865\n|start\n|switch|p1a: Rillaboom|Rillaboom, L50, M|100\/100\n|switch|p1b: Heatran|Heatran, L50, M|100\/100\n|switch|p2a: Kommo-o|Kommo-o, L50, F|100\/100\n|switch|p2b: Clefairy|Clefairy, L50, F|100\/100\n|-fieldstart|move: Grassy Terrain|[from] ability: Grassy Surge|[of] p1a: Rillaboom\n|turn|1\n|\n|t:|1700667886\n|switch|p1b: Urshifu|Urshifu-Rapid-Strike, L50, M|100\/100\n|move|p2a: Kommo-o|Protect|p2a: Kommo-o\n|-singleturn|p2a: Kommo-o|Protect\n|move|p2b: Clefairy|Protect|p2b: Clefairy\n|-singleturn|p2b: Clefairy|Protect\n|move|p1a: Rillaboom|Fake Out|p2b: Clefairy\n|-activate|p2b: Clefairy|move: Protect\n|\n|upkeep\n|turn|2\n|\n|t:|1700667910\n|-terastallize|p1b: Urshifu|Water\n|move|p2b: Clefairy|Follow Me|p2b: Clefairy\n|-singleturn|p2b: Clefairy|move: Follow Me\n|move|p1b: Urshifu|Surging Strikes|p2b: Clefairy\n|-crit|p2b: Clefairy\n|-damage|p2b: Clefairy|69\/100\n|-crit|p2b: Clefairy\n|-damage|p2b: Clefairy|36\/100\n|-crit|p2b: Clefairy\n|-damage|p2b: Clefairy|8\/100\n|-hitcount|p2b: Clefairy|3\n|move|p2a: Kommo-o|Clangorous Soul|p2a: Kommo-o\n|-boost|p2a: Kommo-o|atk|1\n|-boost|p2a: Kommo-o|def|1\n|-boost|p2a: Kommo-o|spa|1\n|-boost|p2a: Kommo-o|spd|1\n|-boost|p2a: Kommo-o|spe|1\n|-damage|p2a: Kommo-o|68\/100\n|-enditem|p2a: Kommo-o|Throat Spray\n|-boost|p2a: Kommo-o|spa|1|[from] item: Throat Spray\n|move|p1a: Rillaboom|U-turn|p2b: Clefairy\n|-resisted|p2b: Clefairy\n|-damage|p2b: Clefairy|0 fnt\n|faint|p2b: Clefairy\n|\n|t:|1700667927\n|switch|p1a: Iron Hands|Iron Hands, L50|100\/100|[from] U-turn\n|\n|-heal|p2a: Kommo-o|74\/100|[from] Grassy Terrain\n|upkeep\n|\n|t:|1700667940\n|switch|p2b: Flamigo|Flamigo, L50, M, shiny|100\/100\n|-copyboost|p2b: Flamigo|p2a: Kommo-o|[from] ability: Costar\n|turn|3\n|inactive|Xeon_VGC has 30 seconds left.\n|inactive|Xeon_VGC has 20 seconds left.\n|inactive|Xeon_VGC has 15 seconds left.\n|\n|t:|1700667980\n|switch|p2b: Sinistcha|Sinistcha, L50|100\/100\n|-heal|p2a: Kommo-o|99\/100|[from] ability: Hospitality|[of] p2b: Sinistcha\n|move|p2a: Kommo-o|Protect|p2a: Kommo-o\n|-singleturn|p2a: Kommo-o|Protect\n|move|p1a: Iron Hands|Fake Out|p2b: Sinistcha\n|-immune|p2b: Sinistcha\n|move|p1b: Urshifu|Surging Strikes|p2b: Sinistcha\n|-resisted|p2b: Sinistcha\n|-crit|p2b: Sinistcha\n|-damage|p2b: Sinistcha|86\/100\n|-resisted|p2b: Sinistcha\n|-crit|p2b: Sinistcha\n|-damage|p2b: Sinistcha|72\/100\n|-resisted|p2b: Sinistcha\n|-crit|p2b: Sinistcha\n|-damage|p2b: Sinistcha|59\/100\n|-hitcount|p2b: Sinistcha|3\n|\n|-heal|p2a: Kommo-o|100\/100|[from] Grassy Terrain\n|-heal|p2b: Sinistcha|66\/100|[from] Grassy Terrain\n|upkeep\n|turn|4\n|\n|t:|1700668000\n|move|p2b: Sinistcha|Rage Powder|p2b: Sinistcha\n|-singleturn|p2b: Sinistcha|move: Rage Powder\n|move|p2a: Kommo-o|Clanging Scales|p1b: Urshifu|[spread] p1a,p1b\n|-damage|p1a: Iron Hands|58\/100\n|-damage|p1b: Urshifu|3\/100\n|-unboost|p2a: Kommo-o|def|1\n|move|p1b: Urshifu|Surging Strikes|p2b: Sinistcha\n|-resisted|p2b: Sinistcha\n|-crit|p2b: Sinistcha\n|-damage|p2b: Sinistcha|51\/100\n|-resisted|p2b: Sinistcha\n|-crit|p2b: Sinistcha\n|-damage|p2b: Sinistcha|37\/100\n|-resisted|p2b: Sinistcha\n|-crit|p2b: Sinistcha\n|-damage|p2b: Sinistcha|23\/100\n|-hitcount|p2b: Sinistcha|3\n|move|p1a: Iron Hands|Volt Switch|p2b: Sinistcha\n|-resisted|p2b: Sinistcha\n|-damage|p2b: Sinistcha|17\/100\n|\n|t:|1700668016\n|-end|p1a: Iron Hands|Quark Drive|[silent]\n|switch|p1a: Rillaboom|Rillaboom, L50, M|100\/100|[from] Volt Switch\n|\n|-heal|p1b: Urshifu|9\/100|[from] Grassy Terrain\n|-heal|p2b: Sinistcha|24\/100|[from] Grassy Terrain\n|upkeep\n|turn|5\n|\n|t:|1700668036\n|switch|p1b: Iron Hands|Iron Hands, L50|58\/100\n|move|p1a: Rillaboom|Fake Out|p2a: Kommo-o\n|-damage|p2a: Kommo-o|90\/100\n|cant|p2a: Kommo-o|flinch\n|move|p2b: Sinistcha|Matcha Gotcha|p1a: Rillaboom|[spread] p1a\n|-miss|p2b: Sinistcha|p1b: Iron Hands\n|-resisted|p1a: Rillaboom\n|-damage|p1a: Rillaboom|86\/100\n|-heal|p2b: Sinistcha|32\/100|[from] drain|[of] p1a: Rillaboom\n|-status|p1a: Rillaboom|brn\n|\n|-heal|p2a: Kommo-o|96\/100|[from] Grassy Terrain\n|-heal|p1a: Rillaboom|92\/100 brn|[from] Grassy Terrain\n|-heal|p2b: Sinistcha|38\/100|[from] Grassy Terrain\n|-heal|p1b: Iron Hands|64\/100|[from] Grassy Terrain\n|-damage|p1a: Rillaboom|86\/100 brn|[from] brn\n|-fieldend|move: Grassy Terrain\n|upkeep\n|turn|6\n|\n|t:|1700668056\n|switch|p2b: Flamigo|Flamigo, L50, M, shiny|100\/100\n|-copyboost|p2b: Flamigo|p2a: Kommo-o|[from] ability: Costar\n|move|p2a: Kommo-o|Protect|p2a: Kommo-o\n|-singleturn|p2a: Kommo-o|Protect\n|move|p1a: Rillaboom|Fake Out||[still]\n|-hint|Fake Out only works on your first turn out.\n|-fail|p1a: Rillaboom\n|move|p1b: Iron Hands|Wild Charge|p2b: Flamigo\n|-supereffective|p2b: Flamigo\n|-damage|p2b: Flamigo|0 fnt\n|faint|p2b: Flamigo\n|-damage|p1b: Iron Hands|49\/100|[from] Recoil\n|\n|-damage|p1a: Rillaboom|81\/100 brn|[from] brn\n|upkeep\n|\n|t:|1700668070\n|switch|p2b: Sinistcha|Sinistcha, L50|38\/100\n|-heal|p2a: Kommo-o|100\/100|[from] ability: Hospitality|[of] p2b: Sinistcha\n|turn|7\n|\n|t:|1700668088\n|move|p2a: Kommo-o|Clanging Scales|p1a: Rillaboom|[spread] p1a,p1b\n|-damage|p1a: Rillaboom|7\/100 brn\n|-damage|p1b: Iron Hands|4\/100\n|-enditem|p1a: Rillaboom|Sitrus Berry|[eat]\n|-heal|p1a: Rillaboom|31\/100 brn|[from] item: Sitrus Berry\n|-unboost|p2a: Kommo-o|def|1\n|move|p1a: Rillaboom|U-turn|p2b: Sinistcha\n|-damage|p2b: Sinistcha|29\/100\n|\n|t:|1700668097\n|switch|p1a: Heatran|Heatran, L50, M|100\/100|[from] U-turn\n|move|p2b: Sinistcha|Matcha Gotcha|p1a: Heatran|[spread] p1a\n|-miss|p2b: Sinistcha|p1b: Iron Hands\n|-resisted|p1a: Heatran\n|-damage|p1a: Heatran|95\/100\n|-heal|p2b: Sinistcha|32\/100|[from] drain|[of] p1a: Heatran\n|move|p1b: Iron Hands|Wild Charge|p2b: Sinistcha\n|-resisted|p2b: Sinistcha\n|-damage|p2b: Sinistcha|11\/100\n|-damage|p1b: Iron Hands|0 fnt|[from] Recoil\n|faint|p1b: Iron Hands\n|-end|p1b: Iron Hands|Quark Drive|[silent]\n|\n|-heal|p1a: Heatran|100\/100|[from] item: Leftovers\n|upkeep\n|\n|t:|1700668099\n|switch|p1b: Rillaboom|Rillaboom, L50, M|31\/100 brn\n|-fieldstart|move: Grassy Terrain|[from] ability: Grassy Surge|[of] p1b: Rillaboom\n|turn|8\n|inactive|dhsqibhdcid has 30 seconds left.\n|\n|t:|1700668126\n|move|p1b: Rillaboom|Fake Out|p2a: Kommo-o\n|-damage|p2a: Kommo-o|92\/100\n|cant|p2a: Kommo-o|flinch\n|move|p1a: Heatran|Heat Wave|p2b: Sinistcha|[spread] p2a,p2b\n|-resisted|p2a: Kommo-o\n|-supereffective|p2b: Sinistcha\n|-damage|p2a: Kommo-o|80\/100\n|-damage|p2b: Sinistcha|0 fnt\n|faint|p2b: Sinistcha\n|\n|-heal|p2a: Kommo-o|86\/100|[from] Grassy Terrain\n|-heal|p1b: Rillaboom|37\/100 brn|[from] Grassy Terrain\n|-damage|p1b: Rillaboom|31\/100 brn|[from] brn\n|upkeep\n|turn|9\n|\n|t:|1700668145\n|move|p2a: Kommo-o|Clanging Scales|p1b: Rillaboom|[spread] p1a,p1b\n|-resisted|p1a: Heatran\n|-damage|p1a: Heatran|71\/100\n|-damage|p1b: Rillaboom|0 fnt\n|faint|p1b: Rillaboom\n|-unboost|p2a: Kommo-o|def|1\n|move|p1a: Heatran|Earth Power|p2a: Kommo-o\n|-damage|p2a: Kommo-o|63\/100\n|\n|-heal|p2a: Kommo-o|69\/100|[from] Grassy Terrain\n|-heal|p1a: Heatran|77\/100|[from] Grassy Terrain\n|-heal|p1a: Heatran|83\/100|[from] item: Leftovers\n|upkeep\n|\n|t:|1700668148\n|switch|p1b: Urshifu|Urshifu-Rapid-Strike, L50, M, tera:Water|9\/100\n|turn|10\n|\n|t:|1700668161\n|move|p1b: Urshifu|Aqua Jet|p2a: Kommo-o\n|-resisted|p2a: Kommo-o\n|-damage|p2a: Kommo-o|40\/100\n|move|p2a: Kommo-o|Clanging Scales|p1b: Urshifu|[spread] p1a,p1b\n|-resisted|p1a: Heatran\n|-crit|p1a: Heatran\n|-damage|p1a: Heatran|33\/100\n|-damage|p1b: Urshifu|0 fnt\n|faint|p1b: Urshifu\n|-unboost|p2a: Kommo-o|def|1\n|move|p1a: Heatran|Earth Power|p2a: Kommo-o\n|-damage|p2a: Kommo-o|19\/100\n|-unboost|p2a: Kommo-o|spd|1\n|\n|-heal|p2a: Kommo-o|25\/100|[from] Grassy Terrain\n|-heal|p1a: Heatran|39\/100|[from] Grassy Terrain\n|-heal|p1a: Heatran|45\/100|[from] item: Leftovers\n|upkeep\n|turn|11\n|\n|t:|1700668183\n|move|p2a: Kommo-o|Clanging Scales|p1a: Heatran\n|-resisted|p1a: Heatran\n|-damage|p1a: Heatran|0 fnt\n|faint|p1a: Heatran\n|\n|win|dhsqibhdcid\n|raw|Xeon_VGC's rating: 1397 &rarr; <strong>1373<\/strong><br \/>(-24 for losing)\n|raw|dhsqibhdcid's rating: 1322 &rarr; <strong>1346<\/strong><br \/>(+24 for winning)\n","uploadtime":1700668346,"views":5,"p1id":"xeonvgc","p2id":"dhsqibhdcid","formatid":"gen9vgc2023regulatione","rating":1346,"private":0,"password":""}