{"id":"gen9vgc2023regulatione-2000360640","p1":"SpikeMike","p2":"MiraidonDeezNut5","format":"[Gen 9] VGC 2023 Regulation E","log":"|j|\u2606SpikeMike\n|j|\u2606MiraidonDeezNut5\n|t:|1701188246\n|gametype|doubles\n|player|p1|SpikeMike|steven-masters4|1156\n|player|p2|MiraidonDeezNut5|swimmer-gen4dp|1233\n|teamsize|p1|6\n|teamsize|p2|6\n|gen|9\n|tier|[Gen 9] VGC 2023 Regulation E\n|rated|\n|rule|Species Clause: Limit one of each Pok\u00e9mon\n|rule|Item Clause: Limit one of each item\n|clearpoke\n|poke|p1|Annihilape, L50, M|\n|poke|p1|Scizor, L50, M|\n|poke|p1|Oricorio-Sensu, L50, M|\n|poke|p1|Volcarona, L50, F|\n|poke|p1|Amoonguss, L50, F|\n|poke|p1|Sinistcha-Masterpiece, L50|\n|poke|p2|Amoonguss, L50, F|\n|poke|p2|Tornadus, L50, M|\n|poke|p2|Iron Hands, L50|\n|poke|p2|Arcanine-Hisui, L50, F|\n|poke|p2|Gholdengo, L50|\n|poke|p2|Urshifu-*, L50, F|\n|teampreview|4\n|inactive|Battle timer is ON: inactive players will automatically lose when time's up. (requested by SpikeMike)\nMiraidonDeezNut5 rejected open team sheets.\n|inactive|MiraidonDeezNut5 has 60 seconds left.\n|\n|t:|1701188291\n|start\n|switch|p1a: spooky|Oricorio-Sensu, L50, M|100\/100\n|switch|p1b: incinerationawaits|Volcarona, L50, F|100\/100\n|switch|p2a: Tornadus|Tornadus, L50, M|100\/100\n|switch|p2b: Arcanine|Arcanine-Hisui, L50, F|100\/100\n|-ability|p2b: Arcanine|Intimidate|boost\n|-unboost|p1a: spooky|atk|1\n|-unboost|p1b: incinerationawaits|atk|1\n|turn|1\n|inactive|SpikeMike has 30 seconds left.\n|\n|t:|1701188318\n|-terastallize|p1b: incinerationawaits|Water\n|move|p2a: Tornadus|Tailwind|p2a: Tornadus\n|-sidestart|p2: MiraidonDeezNut5|move: Tailwind\n|move|p2b: Arcanine|Rock Slide|p1a: spooky|[spread] p1a,p1b\n|-supereffective|p1a: spooky\n|-damage|p1a: spooky|10\/100\n|-damage|p1b: incinerationawaits|56\/100\n|move|p1a: spooky|Tailwind|p1a: spooky\n|-sidestart|p1: SpikeMike|move: Tailwind\n|cant|p1b: incinerationawaits|flinch\n|\n|upkeep\n|turn|2\n|\n|t:|1701188343\n|move|p2a: Tornadus|Bleakwind Storm|p1a: spooky|[spread] p1a,p1b\n|-damage|p1a: spooky|0 fnt\n|-damage|p1b: incinerationawaits|23\/100\n|-unboost|p1b: incinerationawaits|spe|1\n|-enditem|p1b: incinerationawaits|Sitrus Berry|[eat]\n|-heal|p1b: incinerationawaits|48\/100|[from] item: Sitrus Berry\n|faint|p1a: spooky\n|move|p2b: Arcanine|Rock Slide|p1b: incinerationawaits\n|-damage|p1b: incinerationawaits|0 fnt\n|faint|p1b: incinerationawaits\n|\n|upkeep\n|c|\u2606SpikeMike|agh\n|\n|t:|1701188355\n|switch|p1a: spooky as well|Annihilape, L50, M|100\/100\n|switch|p1b: herecomesthesun|Amoonguss, L50, F|100\/100\n|turn|3\n|\n|t:|1701188374\n|switch|p2b: Iron Hands|Iron Hands, L50|100\/100\n|move|p2a: Tornadus|Rain Dance|p2a: Tornadus\n|-weather|RainDance\n|move|p1a: spooky as well|Drain Punch|p2b: Iron Hands\n|-damage|p2b: Iron Hands|77\/100\n|move|p1b: herecomesthesun|Spore|p2a: Tornadus\n|-status|p2a: Tornadus|slp|[from] move: Spore\n|\n|-weather|RainDance|[upkeep]\n|upkeep\n|turn|4\n|\n|t:|1701188397\n|cant|p2a: Tornadus|slp\n|move|p1a: spooky as well|Rage Fist|p2b: Iron Hands\n|-crit|p2b: Iron Hands\n|-damage|p2b: Iron Hands|53\/100\n|move|p2b: Iron Hands|Volt Switch|p1a: spooky as well\n|-damage|p1a: spooky as well|92\/100\n|\n|t:|1701188407\n|-end|p2b: Iron Hands|Quark Drive|[silent]\n|switch|p2b: Urshifu|Urshifu-Rapid-Strike, L50, F|100\/100|[from] Volt Switch\n|move|p1b: herecomesthesun|Spore|p2b: Urshifu\n|-status|p2b: Urshifu|slp|[from] move: Spore\n|\n|-weather|RainDance|[upkeep]\n|-sideend|p2: MiraidonDeezNut5|move: Tailwind\n|-sideend|p1: SpikeMike|move: Tailwind\n|upkeep\n|turn|5\n|\n|t:|1701188425\n|-curestatus|p2a: Tornadus|slp|[msg]\n|move|p2a: Tornadus|Bleakwind Storm|p1a: spooky as well|[spread] p1a,p1b\n|-supereffective|p1a: spooky as well\n|-supereffective|p1b: herecomesthesun\n|-damage|p1a: spooky as well|41\/100\n|-damage|p1b: herecomesthesun|37\/100\n|-unboost|p1b: herecomesthesun|spe|1\n|cant|p2b: Urshifu|slp\n|move|p1a: spooky as well|Rage Fist|p2a: Tornadus\n|-damage|p2a: Tornadus|0 fnt\n|faint|p2a: Tornadus\n|move|p1b: herecomesthesun|Pollen Puff|p1a: spooky as well\n|-heal|p1a: spooky as well|91\/100\n|\n|-weather|RainDance|[upkeep]\n|upkeep\n|\n|t:|1701188445\n|switch|p2a: Iron Hands|Iron Hands, L50|53\/100\n|turn|6\n|\n|t:|1701188454\n|cant|p2b: Urshifu|slp\n|move|p1b: herecomesthesun|Protect|p1b: herecomesthesun\n|-singleturn|p1b: herecomesthesun|Protect\n|move|p1a: spooky as well|Earthquake|p2a: Iron Hands|[spread] p2a,p2b\n|-activate|p1b: herecomesthesun|move: Protect\n|-supereffective|p2a: Iron Hands\n|-damage|p2a: Iron Hands|18\/100\n|-damage|p2b: Urshifu|75\/100 slp\n|move|p2a: Iron Hands|Wild Charge|p1b: herecomesthesun\n|-activate|p1b: herecomesthesun|move: Protect\n|\n|-weather|RainDance|[upkeep]\n|upkeep\n|turn|7\n|inactive|MiraidonDeezNut5 has 30 seconds left.\n|\n|t:|1701188484\n|move|p1b: herecomesthesun|Rage Powder|p1b: herecomesthesun\n|-singleturn|p1b: herecomesthesun|move: Rage Powder\n|cant|p2b: Urshifu|slp\n|move|p1a: spooky as well|Rage Fist|p2a: Iron Hands\n|-damage|p2a: Iron Hands|0 fnt\n|faint|p2a: Iron Hands\n|-end|p2a: Iron Hands|Quark Drive|[silent]\n|\n|-weather|none\n|upkeep\n|\n|t:|1701188494\n|switch|p2a: Arcanine|Arcanine-Hisui, L50, F|100\/100\n|-ability|p2a: Arcanine|Intimidate|boost\n|-unboost|p1a: spooky as well|atk|1\n|-ability|p1a: spooky as well|Defiant|boost\n|-boost|p1a: spooky as well|atk|2\n|-unboost|p1b: herecomesthesun|atk|1\n|turn|8\n|\n|t:|1701188511\n|-terastallize|p2b: Urshifu|Water\n|move|p1b: herecomesthesun|Rage Powder|p1b: herecomesthesun\n|-singleturn|p1b: herecomesthesun|move: Rage Powder\n|-curestatus|p2b: Urshifu|slp|[msg]\n|move|p2b: Urshifu|Surging Strikes|p1b: herecomesthesun\n|-resisted|p1b: herecomesthesun\n|-crit|p1b: herecomesthesun\n|-damage|p1b: herecomesthesun|24\/100\n|-damage|p2b: Urshifu|59\/100|[from] item: Rocky Helmet|[of] p1b: herecomesthesun\n|-resisted|p1b: herecomesthesun\n|-crit|p1b: herecomesthesun\n|-damage|p1b: herecomesthesun|10\/100\n|-damage|p2b: Urshifu|43\/100|[from] item: Rocky Helmet|[of] p1b: herecomesthesun\n|-status|p2b: Urshifu|psn|[from] ability: Effect Spore|[of] p1b: herecomesthesun\n|-resisted|p1b: herecomesthesun\n|-crit|p1b: herecomesthesun\n|-damage|p1b: herecomesthesun|0 fnt\n|-damage|p2b: Urshifu|26\/100 psn|[from] item: Rocky Helmet|[of] p1b: herecomesthesun\n|faint|p1b: herecomesthesun\n|-hitcount|p1: herecomesthesun|3\n|move|p2a: Arcanine|Flare Blitz|p1a: spooky as well\n|-damage|p1a: spooky as well|16\/100\n|-damage|p2a: Arcanine|71\/100|[from] Recoil\n|move|p1a: spooky as well|Drain Punch|p2a: Arcanine\n|-supereffective|p2a: Arcanine\n|-damage|p2a: Arcanine|0 fnt\n|-heal|p1a: spooky as well|45\/100|[from] drain|[of] p2a: Arcanine\n|faint|p2a: Arcanine\n|\n|-damage|p2b: Urshifu|14\/100 psn|[from] psn\n|upkeep\n|turn|9\n|inactive|SpikeMike has 30 seconds left.\n|inactive|MiraidonDeezNut5 has 30 seconds left.\n|\n|t:|1701188537\n|move|p2b: Urshifu|Protect|p2b: Urshifu\n|-singleturn|p2b: Urshifu|Protect\n|move|p1a: spooky as well|Rage Fist|p2b: Urshifu\n|-activate|p2b: Urshifu|move: Protect\n|\n|-damage|p2b: Urshifu|1\/100 psn|[from] psn\n|upkeep\n|turn|10\n|c|\u2606SpikeMike|well well well\n|c|\u2606SpikeMike|ggwp\n|\n|t:|1701188551\n|move|p2b: Urshifu|Surging Strikes|p1a: spooky as well\n|-crit|p1a: spooky as well\n|-damage|p1a: spooky as well|17\/100\n|-crit|p1a: spooky as well\n|-damage|p1a: spooky as well|0 fnt\n|faint|p1a: spooky as well\n|-hitcount|p1: spooky as well|2\n|\n|win|MiraidonDeezNut5\n|raw|SpikeMike's rating: 1156 &rarr; <strong>1136<\/strong><br \/>(-20 for losing)\n|raw|MiraidonDeezNut5's rating: 1233 &rarr; <strong>1253<\/strong><br \/>(+20 for winning)\n|c|\u2606MiraidonDeezNut5|gg\n|l|\u2606MiraidonDeezNut5\n","uploadtime":1701188587,"views":3,"p1id":"spikemike","p2id":"miraidondeeznut5","formatid":"gen9vgc2023regulatione","rating":1136,"private":0,"password":""}