{"id":"gen9vgc2023regulatione-1999531327","p1":"Nykelodeon","p2":"Zemigas2004","format":"[Gen 9] VGC 2023 Regulation E","log":"|j|\u2606Nykelodeon\n|j|\u2606Zemigas2004\n|t:|1701093165\n|gametype|doubles\n|player|p1|Nykelodeon|ghetsis-gen5bw|1151\n|player|p2|Zemigas2004|ethan|1180\n|teamsize|p1|6\n|teamsize|p2|6\n|gen|9\n|tier|[Gen 9] VGC 2023 Regulation E\n|rated|\n|rule|Species Clause: Limit one of each Pok\u00e9mon\n|rule|Item Clause: Limit one of each item\n|clearpoke\n|poke|p1|Salamence, L50, M|\n|poke|p1|Rillaboom, L50, M|\n|poke|p1|Urshifu-*, L50, M|\n|poke|p1|Arcanine-Hisui, L50, F|\n|poke|p1|Gholdengo, L50|\n|poke|p1|Kingambit, L50, M|\n|poke|p2|Thundurus, L50, M|\n|poke|p2|Enamorus, L50, F|\n|poke|p2|Garchomp, L50, M|\n|poke|p2|Chien-Pao, L50|\n|poke|p2|Amoonguss, L50, F|\n|poke|p2|Gholdengo, L50|\n|teampreview|4\n|inactive|Battle timer is ON: inactive players will automatically lose when time's up. (requested by Zemigas2004)\n|inactive|Nykelodeon also wants the timer to be on.\n|\n|t:|1701093189\n|start\n|switch|p1a: Salamence|Salamence, L50, M|100\/100\n|switch|p1b: Rillaboom|Rillaboom, L50, M|100\/100\n|switch|p2a: Thundurus|Thundurus, L50, M|100\/100\n|switch|p2b: Garchomp|Garchomp, L50, M|100\/100\n|-ability|p1a: Salamence|Intimidate|boost\n|-unboost|p2a: Thundurus|atk|1\n|-fail|p2b: Garchomp|unboost|[from] item: Clear Amulet|[of] p2b: Garchomp\n|turn|1\n|\n|t:|1701093214\n|move|p2b: Garchomp|Protect|p2b: Garchomp\n|-singleturn|p2b: Garchomp|Protect\n|move|p1b: Rillaboom|Fake Out|p2a: Thundurus\n|-damage|p2a: Thundurus|84\/100\n|move|p2a: Thundurus|Scary Face|p1a: Salamence\n|-fail|p1a: Salamence|unboost|[from] item: Clear Amulet|[of] p1a: Salamence\n|move|p1a: Salamence|Tailwind|p1a: Salamence\n|-sidestart|p1: Nykelodeon|move: Tailwind\n|\n|upkeep\n|turn|2\n|\n|t:|1701093238\n|switch|p2b: Enamorus|Enamorus, L50, F|100\/100\n|-terastallize|p1a: Salamence|Steel\n|move|p1a: Salamence|Draco Meteor|p2b: Enamorus\n|-immune|p2b: Enamorus\n|move|p1b: Rillaboom|Grassy Glide|p2b: Enamorus\n|-resisted|p2b: Enamorus\n|-damage|p2b: Enamorus|76\/100\n|move|p2a: Thundurus|Wildbolt Storm|p1a: Salamence|[spread] p1a,p1b\n|-resisted|p1b: Rillaboom\n|-damage|p1a: Salamence|56\/100\n|-damage|p1b: Rillaboom|87\/100\n|-status|p1b: Rillaboom|par\n|\n|upkeep\n|turn|3\n|\n|t:|1701093254\n|move|p2a: Thundurus|Rain Dance|p2a: Thundurus\n|-weather|RainDance\n|move|p1a: Salamence|Tera Blast|p2b: Enamorus|[anim] Tera Blast Steel\n|-supereffective|p2b: Enamorus\n|-damage|p2b: Enamorus|0 fnt\n|faint|p2b: Enamorus\n|move|p1b: Rillaboom|Grassy Glide|p2a: Thundurus\n|-resisted|p2a: Thundurus\n|-damage|p2a: Thundurus|66\/100\n|\n|-weather|RainDance|[upkeep]\n|upkeep\n|\n|t:|1701093265\n|switch|p2b: Garchomp|Garchomp, L50, M|100\/100\n|turn|4\n|\n|t:|1701093284\n|move|p2a: Thundurus|Scary Face|p1a: Salamence\n|-fail|p1a: Salamence|unboost|[from] item: Clear Amulet|[of] p1a: Salamence\n|move|p1a: Salamence|Draco Meteor|p2a: Thundurus\n|-damage|p2a: Thundurus|0 fnt\n|-unboost|p1a: Salamence|spa|2\n|faint|p2a: Thundurus\n|move|p2b: Garchomp|Earthquake|p1b: Rillaboom|[spread] p1a,p1b\n|-supereffective|p1a: Salamence\n|-resisted|p1b: Rillaboom\n|-damage|p1a: Salamence|0 fnt\n|-damage|p1b: Rillaboom|70\/100 par\n|faint|p1a: Salamence\n|move|p1b: Rillaboom|Grassy Glide|p2b: Garchomp\n|-damage|p2b: Garchomp|73\/100\n|-damage|p1b: Rillaboom|58\/100 par|[from] ability: Rough Skin|[of] p2b: Garchomp\n|\n|-weather|RainDance|[upkeep]\n|-sideend|p1: Nykelodeon|move: Tailwind\n|upkeep\n|\n|t:|1701093303\n|switch|p1a: Gholdengo|Gholdengo, L50|100\/100\n|switch|p2a: Chien-Pao|Chien-Pao, L50|100\/100\n|-ability|p2a: Chien-Pao|Sword of Ruin\n|turn|5\n|inactive|Zemigas2004 has 30 seconds left.\n|\n|t:|1701093334\n|-terastallize|p2b: Garchomp|Steel\n|move|p2a: Chien-Pao|Protect|p2a: Chien-Pao\n|-singleturn|p2a: Chien-Pao|Protect\n|move|p2b: Garchomp|Earthquake|p1a: Gholdengo|[spread] p1a,p1b\n|-activate|p2a: Chien-Pao|move: Protect\n|-supereffective|p1a: Gholdengo\n|-resisted|p1b: Rillaboom\n|-damage|p1a: Gholdengo|9\/100\n|-damage|p1b: Rillaboom|31\/100 par\n|move|p1a: Gholdengo|Nasty Plot|p1a: Gholdengo\n|-boost|p1a: Gholdengo|spa|2\n|cant|p1b: Rillaboom|par\n|\n|-weather|RainDance|[upkeep]\n|-heal|p1a: Gholdengo|15\/100|[from] item: Leftovers\n|upkeep\n|turn|6\n|\n|t:|1701093352\n|move|p1a: Gholdengo|Protect|p1a: Gholdengo\n|-singleturn|p1a: Gholdengo|Protect\n|move|p2a: Chien-Pao|Icicle Crash|p1b: Rillaboom\n|-supereffective|p1b: Rillaboom\n|-damage|p1b: Rillaboom|0 fnt\n|faint|p1b: Rillaboom\n|move|p2b: Garchomp|Dragon Claw|p1a: Gholdengo\n|-activate|p1a: Gholdengo|move: Protect\n|\n|-weather|RainDance|[upkeep]\n|-heal|p1a: Gholdengo|21\/100|[from] item: Leftovers\n|upkeep\n|\n|t:|1701093359\n|switch|p1b: Urshifu|Urshifu-Rapid-Strike, L50, M|100\/100\n|turn|7\n|\n|t:|1701093374\n|move|p2a: Chien-Pao|Icicle Crash|p1b: Urshifu\n|-resisted|p1b: Urshifu\n|-damage|p1b: Urshifu|78\/100\n|move|p1b: Urshifu|Surging Strikes|p2a: Chien-Pao\n|-crit|p2a: Chien-Pao\n|-damage|p2a: Chien-Pao|56\/100\n|-crit|p2a: Chien-Pao\n|-damage|p2a: Chien-Pao|7\/100\n|-crit|p2a: Chien-Pao\n|-damage|p2a: Chien-Pao|0 fnt\n|faint|p2a: Chien-Pao\n|-hitcount|p2: Chien-Pao|3\n|move|p2b: Garchomp|Dragon Claw|p1b: Urshifu\n|-damage|p1b: Urshifu|38\/100\n|move|p1a: Gholdengo|Shadow Ball|p2b: Garchomp\n|-damage|p2b: Garchomp|0 fnt\n|faint|p2b: Garchomp\n|\n|win|Nykelodeon\n|raw|Nykelodeon's rating: 1151 &rarr; <strong>1178<\/strong><br \/>(+27 for winning)\n|raw|Zemigas2004's rating: 1180 &rarr; <strong>1153<\/strong><br \/>(-27 for losing)\n","uploadtime":1701093391,"views":2,"p1id":"nykelodeon","p2id":"zemigas2004","formatid":"gen9vgc2023regulatione","rating":1153,"private":0,"password":""}