{"id":"gen9vgc2023regulatione-1998214712","p1":"gatosaurio2","p2":"suedanim","format":"[Gen 9] VGC 2023 Regulation E","log":"|j|\u2606gatosaurio2\n|j|\u2606suedanim\n|t:|1700914017\n|gametype|doubles\n|player|p1|gatosaurio2|1|1190\n|player|p2|suedanim|102|1177\n|teamsize|p1|6\n|teamsize|p2|6\n|gen|9\n|tier|[Gen 9] VGC 2023 Regulation E\n|rated|\n|rule|Species Clause: Limit one of each Pok\u00e9mon\n|rule|Item Clause: Limit one of each item\n|clearpoke\n|poke|p1|Iron Hands, L50|\n|poke|p1|Landorus-Therian, L50, M|\n|poke|p1|Sinistcha, L50|\n|poke|p1|Grimmsnarl, L50, M|\n|poke|p1|Goodra-Hisui, L50, F|\n|poke|p1|Toxapex, L50, F|\n|poke|p2|Lilligant-Hisui, L50, F|\n|poke|p2|Oricorio, L50, M|\n|poke|p2|Flamigo, L50, F|\n|poke|p2|Volcarona, L50, M|\n|poke|p2|Ninetales, L50, M|\n|poke|p2|Roaring Moon, L50|\n|teampreview|4\n|\n|t:|1700914029\n|start\n|switch|p1a: ELTITO|Grimmsnarl, L50, M|100\/100\n|switch|p1b: PAPA|Toxapex, L50, F|100\/100\n|switch|p2a: Roaring Moon|Roaring Moon, L50|100\/100\n|switch|p2b: Ninetales|Ninetales, L50, M|100\/100\n|-weather|SunnyDay|[from] ability: Drought|[of] p2b: Ninetales\n|-activate|p2a: Roaring Moon|ability: Protosynthesis\n|-start|p2a: Roaring Moon|protosynthesisatk\n|turn|1\n|\n|t:|1700914056\n|move|p2a: Roaring Moon|Protect|p2a: Roaring Moon\n|-singleturn|p2a: Roaring Moon|Protect\n|move|p1a: ELTITO|Taunt|p2b: Ninetales\n|-start|p2b: Ninetales|move: Taunt\n|-enditem|p2b: Ninetales|Mental Herb\n|-end|p2b: Ninetales|move: Taunt\n|move|p2b: Ninetales|Safeguard|p2b: Ninetales\n|-sidestart|p2: suedanim|Safeguard\n|move|p1b: PAPA|Infestation|p2a: Roaring Moon\n|-activate|p2a: Roaring Moon|move: Protect\n|\n|-weather|SunnyDay|[upkeep]\n|upkeep\n|turn|2\n|\n|t:|1700914091\n|move|p1a: ELTITO|Parting Shot|p2a: Roaring Moon\n|-hint|Since gen 7, Dark is immune to Prankster moves.\n|-immune|p2a: Roaring Moon\n|move|p2a: Roaring Moon|Dragon Dance|p2a: Roaring Moon\n|-boost|p2a: Roaring Moon|atk|1\n|-boost|p2a: Roaring Moon|spe|1\n|move|p2b: Ninetales|Disable|p1b: PAPA\n|-start|p1b: PAPA|Disable|Infestation\n|cant|p1b: PAPA|Disable|Infestation\n|\n|-weather|SunnyDay|[upkeep]\n|upkeep\n|turn|3\n|\n|t:|1700914110\n|move|p1b: PAPA|Baneful Bunker|p1b: PAPA\n|-singleturn|p1b: PAPA|move: Protect\n|move|p1a: ELTITO|Parting Shot|p2b: Ninetales\n|-unboost|p2b: Ninetales|atk|1\n|-unboost|p2b: Ninetales|spa|1\n|\n|t:|1700914116\n|switch|p1a: MAMA|Goodra-Hisui, L50, F|100\/100|[from] Parting Shot\n|move|p2a: Roaring Moon|Dragon Dance|p2a: Roaring Moon\n|-boost|p2a: Roaring Moon|atk|1\n|-boost|p2a: Roaring Moon|spe|1\n|move|p2b: Ninetales|Flamethrower|p1a: MAMA\n|-damage|p1a: MAMA|82\/100\n|\n|-weather|SunnyDay|[upkeep]\n|-heal|p1a: MAMA|88\/100|[from] item: Leftovers\n|upkeep\n|turn|4\n|\n|t:|1700914155\n|switch|p2b: Flamigo|Flamigo, L50, F|100\/100\n|-copyboost|p2b: Flamigo|p2a: Roaring Moon|[from] ability: Costar\n|switch|p1b: ELTITO|Grimmsnarl, L50, M|100\/100\n|-terastallize|p1a: MAMA|Water\n|move|p2a: Roaring Moon|Dragon Claw|p1a: MAMA\n|-damage|p1a: MAMA|8\/100\n|move|p1a: MAMA|Shelter|p1a: MAMA\n|-boost|p1a: MAMA|def|2\n|-enditem|p2a: Roaring Moon|Mirror Herb\n|-boost|p2a: Roaring Moon|def|2|[from] item: Mirror Herb\n|\n|-weather|SunnyDay|[upkeep]\n|-heal|p1a: MAMA|14\/100|[from] item: Leftovers\n|upkeep\n|turn|5\n|\n|t:|1700914189\n|move|p1b: ELTITO|Parting Shot|p2a: Roaring Moon\n|-hint|Since gen 7, Dark is immune to Prankster moves.\n|-immune|p2a: Roaring Moon\n|move|p2a: Roaring Moon|Crunch|p1a: MAMA\n|-damage|p1a: MAMA|0 fnt\n|faint|p1a: MAMA\n|move|p2b: Flamigo|Close Combat|p1b: ELTITO\n|-damage|p1b: ELTITO|0 fnt\n|-unboost|p2b: Flamigo|def|1\n|-unboost|p2b: Flamigo|spd|1\n|-enditem|p2b: Flamigo|White Herb\n|-clearnegativeboost|p2b: Flamigo|[silent]\n|faint|p1b: ELTITO\n|\n|-weather|none\n|-end|p2a: Roaring Moon|Protosynthesis\n|-sideend|p2: suedanim|Safeguard\n|upkeep\n|-message|gatosaurio2 forfeited.\n|\n|win|suedanim\n|raw|gatosaurio2's rating: 1190 &rarr; <strong>1164<\/strong><br \/>(-26 for losing)\n|raw|suedanim's rating: 1177 &rarr; <strong>1203<\/strong><br \/>(+26 for winning)\n|l|\u2606gatosaurio2\n","uploadtime":1700914208,"views":10,"p1id":"gatosaurio2","p2id":"suedanim","formatid":"gen9vgc2023regulatione","rating":1164,"private":0,"password":""}