{"id":"gen9vgc2023regulatione-1991975378","p1":"hiemy","p2":"Lego superman","format":"[Gen 9] VGC 2023 Regulation E","log":"|j|\u2606hiemy\n|j|\u2606Lego superman\n|t:|1700144245\n|gametype|doubles\n|player|p1|hiemy|101|1083\n|player|p2|Lego superman|gentleman-gen4|1142\n|teamsize|p1|6\n|teamsize|p2|6\n|gen|9\n|tier|[Gen 9] VGC 2023 Regulation E\n|rated|\n|rule|Species Clause: Limit one of each Pok\u00e9mon\n|rule|Item Clause: Limit one of each item\n|clearpoke\n|poke|p1|Iron Hands, L50|\n|poke|p1|Ogerpon-Wellspring, L50, F|\n|poke|p1|Moltres-Galar, L50|\n|poke|p1|Sinistcha, L50|\n|poke|p1|Roaring Moon, L50|\n|poke|p1|Arcanine-Hisui, L50, M|\n|poke|p2|Iron Thorns, L50|\n|poke|p2|Sinistcha-Masterpiece, L50|\n|poke|p2|Thundurus, L50, M|\n|poke|p2|Annihilape, L50, M|\n|poke|p2|Iron Bundle, L50|\n|poke|p2|Sableye, L50, F|\n|teampreview|4\n|inactive|Battle timer is ON: inactive players will automatically lose when time's up. (requested by Lego superman)\n|\n|t:|1700144287\n|start\n|switch|p1a: Iron Hands|Iron Hands, L50|100\/100\n|switch|p1b: Roaring Moon|Roaring Moon, L50|100\/100\n|switch|p2a: Iron Bundle|Iron Bundle, L50|100\/100\n|switch|p2b: Sableye|Sableye, L50, F|100\/100\n|-enditem|p1b: Roaring Moon|Booster Energy\n|-activate|p1b: Roaring Moon|ability: Protosynthesis|[fromitem]\n|-start|p1b: Roaring Moon|protosynthesisspe\n|turn|1\n|inactive|hiemy has 30 seconds left.\n|inactive|Lego superman has 30 seconds left.\n|\n|t:|1700144315\n|-terastallize|p1b: Roaring Moon|Flying\n|move|p2b: Sableye|Fake Out|p1b: Roaring Moon\n|-damage|p1b: Roaring Moon|91\/100\n|move|p1a: Iron Hands|Fake Out|p2a: Iron Bundle\n|-damage|p2a: Iron Bundle|84\/100\n|cant|p1b: Roaring Moon|flinch\n|cant|p2a: Iron Bundle|flinch\n|\n|upkeep\n|turn|2\n|inactive|Lego superman has 30 seconds left.\n|inactive|Lego superman has 20 seconds left.\n|\n|t:|1700144353\n|-end|p2a: Iron Bundle|Quark Drive|[silent]\n|switch|p2a: Princess|Iron Thorns, L50|100\/100\n|move|p1b: Roaring Moon|Protect|p1b: Roaring Moon\n|-singleturn|p1b: Roaring Moon|Protect\n|move|p2b: Sableye|Encore|p1a: Iron Hands\n|-start|p1a: Iron Hands|Encore\n|move|p1a: Iron Hands|Fake Out||[still]\n|-hint|Fake Out only works on your first turn out.\n|-fail|p1a: Iron Hands\n|\n|upkeep\n|turn|3\n|\n|t:|1700144374\n|-end|p1a: Iron Hands|Quark Drive|[silent]\n|switch|p1a: Ogerpon|Ogerpon-Wellspring, L50, F|100\/100\n|move|p2b: Sableye|Encore|p1b: Roaring Moon\n|-start|p1b: Roaring Moon|Encore\n|move|p1b: Roaring Moon|Protect|p1b: Roaring Moon\n|-singleturn|p1b: Roaring Moon|Protect\n|move|p2a: Princess|Dragon Dance|p2a: Princess\n|-boost|p2a: Princess|atk|1\n|-boost|p2a: Princess|spe|1\n|\n|upkeep\n|turn|4\n|\n|t:|1700144392\n|-end|p1b: Roaring Moon|Protosynthesis|[silent]\n|switch|p1b: Iron Hands|Iron Hands, L50|100\/100\n|-terastallize|p2a: Princess|Dragon\n|move|p1a: Ogerpon|Spiky Shield|p1a: Ogerpon\n|-singleturn|p1a: Ogerpon|move: Protect\n|move|p2b: Sableye|Reflect|p2b: Sableye\n|-sidestart|p2: Lego superman|Reflect\n|move|p2a: Princess|Dragon Dance|p2a: Princess\n|-boost|p2a: Princess|atk|1\n|-boost|p2a: Princess|spe|1\n|\n|upkeep\n|turn|5\n|inactive|hiemy has 30 seconds left.\n|\n|t:|1700144422\n|move|p1b: Iron Hands|Fake Out|p2a: Princess\n|-damage|p2a: Princess|92\/100\n|move|p2b: Sableye|Encore|p1a: Ogerpon\n|-start|p1a: Ogerpon|Encore\n|cant|p2a: Princess|flinch\n|move|p1a: Ogerpon|Spiky Shield||[still]\n|-fail|p1a: Ogerpon\n|\n|upkeep\n|turn|6\n|\n|t:|1700144439\n|-end|p1b: Iron Hands|Quark Drive|[silent]\n|switch|p1b: Roaring Moon|Roaring Moon, L50, tera:Flying|91\/100\n|move|p1a: Ogerpon|Spiky Shield|p1a: Ogerpon\n|-singleturn|p1a: Ogerpon|move: Protect\n|move|p2b: Sableye|Encore||[still]\n|-fail|p2b: Sableye\n|move|p2a: Princess|Dragon Dance|p2a: Princess\n|-boost|p2a: Princess|atk|1\n|-boost|p2a: Princess|spe|1\n|\n|upkeep\n|turn|7\n|\n|t:|1700144460\n|switch|p1a: Iron Hands|Iron Hands, L50|100\/100\n|switch|p2b: Iron Bundle|Iron Bundle, L50|84\/100\n|move|p2a: Princess|Rock Slide|p1a: Iron Hands|[spread] p1a,p1b\n|-resisted|p1a: Iron Hands\n|-supereffective|p1b: Roaring Moon\n|-damage|p1a: Iron Hands|77\/100\n|-damage|p1b: Roaring Moon|0 fnt\n|faint|p1b: Roaring Moon\n|-end|p1b: Roaring Moon|Protosynthesis|[silent]\n|\n|upkeep\n|\n|t:|1700144474\n|switch|p1b: Ogerpon|Ogerpon-Wellspring, L50, F|100\/100\n|turn|8\n|\n|t:|1700144481\n|move|p2a: Princess|Protect|p2a: Princess\n|-singleturn|p2a: Princess|Protect\n|move|p2b: Iron Bundle|Protect|p2b: Iron Bundle\n|-singleturn|p2b: Iron Bundle|Protect\n|move|p1a: Iron Hands|Fake Out|p2a: Princess\n|-activate|p2a: Princess|move: Protect\n|move|p1b: Ogerpon|Swords Dance|p1b: Ogerpon\n|-boost|p1b: Ogerpon|atk|2\n|\n|upkeep\n|turn|9\n|\n|t:|1700144502\n|-end|p2b: Iron Bundle|Quark Drive|[silent]\n|switch|p2b: Sableye|Sableye, L50, F|100\/100\n|move|p1b: Ogerpon|Spiky Shield|p1b: Ogerpon\n|-singleturn|p1b: Ogerpon|move: Protect\n|move|p2a: Princess|Dragon Claw|p1b: Ogerpon\n|-activate|p1b: Ogerpon|move: Protect\n|-damage|p2a: Princess|80\/100|[from] Spiky Shield|[of] p1b: Ogerpon\n|move|p1a: Iron Hands|Drain Punch|p2a: Princess\n|-damage|p2a: Princess|56\/100\n|-heal|p1a: Iron Hands|86\/100|[from] drain|[of] p2a: Princess\n|\n|upkeep\n|turn|10\n|inactive|hiemy has 30 seconds left.\n|\n|t:|1700144530\n|switch|p1b: Sinistcha|Sinistcha, L50|100\/100\n|-heal|p1a: Iron Hands|100\/100|[from] ability: Hospitality|[of] p1b: Sinistcha\n|move|p2b: Sableye|Encore||[still]\n|-fail|p2b: Sableye\n|move|p2a: Princess|Dragon Claw|p1a: Iron Hands\n|-damage|p1a: Iron Hands|28\/100\n|move|p1a: Iron Hands|Drain Punch|p2a: Princess\n|-damage|p2a: Princess|30\/100\n|-heal|p1a: Iron Hands|38\/100|[from] drain|[of] p2a: Princess\n|\n|upkeep\n|turn|11\n|inactive|hiemy has 30 seconds left.\n|\n|t:|1700144558\n|switch|p2b: Iron Bundle|Iron Bundle, L50|84\/100\n|move|p1b: Sinistcha|Rage Powder|p1b: Sinistcha\n|-singleturn|p1b: Sinistcha|move: Rage Powder\n|move|p2a: Princess|Rock Slide|p1a: Iron Hands|[spread] p1a,p1b\n|-resisted|p1a: Iron Hands\n|-damage|p1a: Iron Hands|12\/100\n|-damage|p1b: Sinistcha|40\/100\n|cant|p1a: Iron Hands|flinch\n|\n|-sideend|p2: Lego superman|Reflect\n|upkeep\n|turn|12\n|inactive|hiemy has 30 seconds left.\n|inactive|Lego superman has 30 seconds left.\n|inactive|Lego superman has 20 seconds left.\n|inactive|Lego superman has 15 seconds left.\n|\n|t:|1700144606\n|-end|p2b: Iron Bundle|Quark Drive|[silent]\n|switch|p2b: Annihilape|Annihilape, L50, M|100\/100\n|move|p2a: Princess|Dragon Claw|p1b: Sinistcha\n|-damage|p1b: Sinistcha|0 fnt\n|-damage|p2a: Princess|14\/100|[from] item: Rocky Helmet|[of] p1b: Sinistcha\n|faint|p1b: Sinistcha\n|move|p1a: Iron Hands|Drain Punch|p2a: Princess\n|-damage|p2a: Princess|0 fnt\n|-heal|p1a: Iron Hands|17\/100|[from] drain|[of] p2a: Princess\n|faint|p2a: Princess\n|-end|p2a: Princess|Quark Drive|[silent]\n|\n|upkeep\n|inactive|hiemy has 30 seconds left.\n|inactive|hiemy has 20 seconds left.\n|inactive|hiemy has 15 seconds left.\n|\n|t:|1700144648\n|switch|p2a: Sableye|Sableye, L50, F|100\/100\n|switch|p1b: Ogerpon|Ogerpon-Wellspring, L50, F|100\/100\n|turn|13\n|\n|t:|1700144660\n|move|p2a: Sableye|Fake Out|p1b: Ogerpon\n|-damage|p1b: Ogerpon|90\/100\n|cant|p1b: Ogerpon|flinch\n|move|p2b: Annihilape|Bulldoze|p1a: Iron Hands|[spread] p2a,p1a,p1b\n|-supereffective|p1a: Iron Hands\n|-resisted|p1b: Ogerpon\n|-damage|p2a: Sableye|85\/100\n|-damage|p1a: Iron Hands|0 fnt\n|-damage|p1b: Ogerpon|81\/100\n|-unboost|p2a: Sableye|spe|1\n|-unboost|p1b: Ogerpon|spe|1\n|faint|p1a: Iron Hands\n|-end|p1a: Iron Hands|Quark Drive|[silent]\n|\n|upkeep\n|turn|14\n|\n|t:|1700144678\n|move|p2a: Sableye|Reflect|p2a: Sableye\n|-sidestart|p2: Lego superman|Reflect\n|move|p2b: Annihilape|Drain Punch|p1b: Ogerpon\n|-damage|p1b: Ogerpon|38\/100\n|move|p1b: Ogerpon|Horn Leech|p2a: Sableye\n|-crit|p2a: Sableye\n|-damage|p2a: Sableye|13\/100\n|-heal|p1b: Ogerpon|75\/100|[from] drain|[of] p2a: Sableye\n|\n|upkeep\n|turn|15\n|\n|t:|1700144699\n|move|p2a: Sableye|Encore|p1b: Ogerpon\n|-start|p1b: Ogerpon|Encore\n|move|p2b: Annihilape|Bulk Up|p2b: Annihilape\n|-boost|p2b: Annihilape|atk|1\n|-boost|p2b: Annihilape|def|1\n|move|p1b: Ogerpon|Horn Leech|p2b: Annihilape\n|-damage|p2b: Annihilape|79\/100\n|-heal|p1b: Ogerpon|90\/100|[from] drain|[of] p2b: Annihilape\n|\n|upkeep\n|turn|16\n|\n|t:|1700144712\n|move|p2a: Sableye|Light Screen|p2a: Sableye\n|-sidestart|p2: Lego superman|move: Light Screen\n|move|p2b: Annihilape|Drain Punch|p1b: Ogerpon\n|-damage|p1b: Ogerpon|18\/100\n|-heal|p2b: Annihilape|100\/100|[from] drain|[of] p1b: Ogerpon\n|move|p1b: Ogerpon|Horn Leech|p2b: Annihilape\n|-damage|p2b: Annihilape|80\/100\n|-heal|p1b: Ogerpon|32\/100|[from] drain|[of] p2b: Annihilape\n|\n|upkeep\n|turn|17\n|\n|t:|1700144725\n|switch|p2a: Iron Bundle|Iron Bundle, L50|84\/100\n|move|p2b: Annihilape|Drain Punch|p1b: Ogerpon\n|-damage|p1b: Ogerpon|0 fnt\n|-heal|p2b: Annihilape|92\/100|[from] drain|[of] p1b: Ogerpon\n|faint|p1b: Ogerpon\n|\n|win|Lego superman\n|raw|hiemy's rating: 1083 &rarr; <strong>1064<\/strong><br \/>(-19 for losing)\n|raw|Lego superman's rating: 1142 &rarr; <strong>1163<\/strong><br \/>(+21 for winning)\n|l|\u2606hiemy\n","uploadtime":1700144738,"views":25,"p1id":"hiemy","p2id":"legosuperman","formatid":"gen9vgc2023regulatione","rating":1064,"private":0,"password":""}