{"id":"gen9vgc2023regulatione-1994130208","p1":"BerbasaurVGC","p2":"CharlienoB","format":"[Gen 9] VGC 2023 Regulation E","log":"|j|\u2606BerbasaurVGC\n|j|\u2606CharlienoB\n|t:|1700410446\n|gametype|doubles\n|player|p1|BerbasaurVGC|will|1217\n|player|p2|CharlienoB|101|1282\n|teamsize|p1|6\n|teamsize|p2|6\n|gen|9\n|tier|[Gen 9] VGC 2023 Regulation E\n|rated|\n|rule|Species Clause: Limit one of each Pok\u00e9mon\n|rule|Item Clause: Limit one of each item\n|clearpoke\n|poke|p1|Ogerpon, L50, F|\n|poke|p1|Heatran, L50, F|\n|poke|p1|Iron Hands, L50|\n|poke|p1|Arcanine-Hisui, L50, F|\n|poke|p1|Urshifu-*, L50, F|\n|poke|p1|Tornadus, L50, M|\n|poke|p2|Amoonguss, L50, M|\n|poke|p2|Arcanine-Hisui, L50, M|\n|poke|p2|Iron Bundle, L50|\n|poke|p2|Kingambit, L50, F|\n|poke|p2|Hypno, L50, F|\n|poke|p2|Gholdengo, L50|\n|teampreview|4\n|inactive|Battle timer is ON: inactive players will automatically lose when time's up. (requested by BerbasaurVGC)\n|\n|t:|1700410484\n|start\n|switch|p1a: Ogerpon|Ogerpon, L50, F|100\/100\n|switch|p1b: Tornadus|Tornadus, L50, M|100\/100\n|switch|p2a: Hypno|Hypno, L50, F|100\/100\n|switch|p2b: Kingambit|Kingambit, L50, F|100\/100\n|turn|1\n|\n|t:|1700410502\n|-terastallize|p1a: Ogerpon|Grass\n|detailschange|p1a: Ogerpon|Ogerpon-Teal-Tera, L50, F, tera:Grass\n|-ability|p1a: Ogerpon|Embody Aspect (Teal)|boost\n|-boost|p1a: Ogerpon|spe|1\n|move|p1b: Tornadus|Tailwind|p1b: Tornadus\n|-sidestart|p1: BerbasaurVGC|move: Tailwind\n|move|p1a: Ogerpon|Ivy Cudgel|p2a: Hypno\n|-damage|p2a: Hypno|33\/100\n|move|p2b: Kingambit|Swords Dance|p2b: Kingambit\n|-boost|p2b: Kingambit|atk|2\n|move|p2a: Hypno|Trick Room|p2a: Hypno\n|-fieldstart|move: Trick Room|[of] p2a: Hypno\n|\n|upkeep\n|turn|2\n|\n|t:|1700410524\n|move|p2b: Kingambit|Kowtow Cleave|p1a: Ogerpon\n|-damage|p1a: Ogerpon|0 fnt\n|faint|p1a: Ogerpon\n|move|p2a: Hypno|Encore|p1b: Tornadus\n|-start|p1b: Tornadus|Encore\n|move|p1b: Tornadus|Tailwind||[still]\n|-fail|p1b: Tornadus\n|\n|upkeep\n|\n|t:|1700410540\n|switch|p1a: Heatran|Heatran, L50, F|100\/100\n|turn|3\n|\n|t:|1700410551\n|switch|p1b: Urshifu|Urshifu-Rapid-Strike, L50, F|100\/100\n|-terastallize|p2b: Kingambit|Dragon\n|move|p2b: Kingambit|Kowtow Cleave|p1a: Heatran\n|-damage|p1a: Heatran|13\/100\n|move|p2a: Hypno|Disable||[still]\n|-fail|p2a: Hypno\n|move|p1a: Heatran|Heat Wave|p2b: Kingambit|[spread] p2a\n|-miss|p1a: Heatran|p2b: Kingambit\n|-damage|p2a: Hypno|0 fnt\n|faint|p2a: Hypno\n|\n|-heal|p1a: Heatran|19\/100|[from] item: Leftovers\n|upkeep\n|l|\u2606BerbasaurVGC\n|inactive|BerbasaurVGC disconnected and has a minute to reconnect!\n|player|p1|\n|\n|t:|1700410558\n|switch|p2a: Arcanine|Arcanine-Hisui, L50, M|100\/100\n|-ability|p2a: Arcanine|Intimidate|boost\n|-unboost|p1a: Heatran|atk|1\n|-unboost|p1b: Urshifu|atk|1\n|turn|4\n|j|\u2606BerbasaurVGC\n|inactive|BerbasaurVGC reconnected and has 50 seconds left.\n|player|p1|BerbasaurVGC|will\n|\n|t:|1700410578\n|move|p2b: Kingambit|Kowtow Cleave|p1b: Urshifu\n|-resisted|p1b: Urshifu\n|-damage|p1b: Urshifu|46\/100\n|move|p2a: Arcanine|Will-O-Wisp|p1b: Urshifu\n|-status|p1b: Urshifu|brn\n|move|p1a: Heatran|Earth Power|p2a: Arcanine\n|-supereffective|p2a: Arcanine\n|-damage|p2a: Arcanine|0 fnt\n|faint|p2a: Arcanine\n|move|p1b: Urshifu|Surging Strikes|p2b: Kingambit\n|-resisted|p2b: Kingambit\n|-crit|p2b: Kingambit\n|-damage|p2b: Kingambit|96\/100\n|-resisted|p2b: Kingambit\n|-crit|p2b: Kingambit\n|-damage|p2b: Kingambit|91\/100\n|-resisted|p2b: Kingambit\n|-crit|p2b: Kingambit\n|-damage|p2b: Kingambit|86\/100\n|-hitcount|p2b: Kingambit|3\n|\n|-heal|p1a: Heatran|25\/100|[from] item: Leftovers\n|-damage|p1b: Urshifu|40\/100 brn|[from] brn\n|-sideend|p1: BerbasaurVGC|move: Tailwind\n|upkeep\n|\n|t:|1700410582\n|switch|p2a: Iron Bundle|Iron Bundle, L50|100\/100\n|-enditem|p2a: Iron Bundle|Booster Energy\n|-activate|p2a: Iron Bundle|ability: Quark Drive|[fromitem]\n|-start|p2a: Iron Bundle|quarkdrivespe\n|turn|5\n|inactive|CharlienoB has 30 seconds left.\n|\n|t:|1700410611\n|move|p2b: Kingambit|Kowtow Cleave|p1a: Heatran\n|-damage|p1a: Heatran|0 fnt\n|faint|p1a: Heatran\n|move|p1b: Urshifu|Close Combat|p2a: Iron Bundle\n|-supereffective|p2a: Iron Bundle\n|-damage|p2a: Iron Bundle|60\/100\n|-unboost|p1b: Urshifu|def|1\n|-unboost|p1b: Urshifu|spd|1\n|move|p2a: Iron Bundle|Hydro Pump|p1b: Urshifu\n|-resisted|p1b: Urshifu\n|-damage|p1b: Urshifu|0 fnt\n|faint|p1b: Urshifu\n|\n|-fieldend|move: Trick Room\n|upkeep\n|\n|t:|1700410616\n|switch|p1b: Tornadus|Tornadus, L50, M|100\/100\n|turn|6\n|\n|t:|1700410622\n|move|p2b: Kingambit|Sucker Punch|p1b: Tornadus\n|-damage|p1b: Tornadus|0 fnt\n|faint|p1b: Tornadus\n|\n|win|CharlienoB\n|raw|BerbasaurVGC's rating: 1217 &rarr; <strong>1197<\/strong><br \/>(-20 for losing)\n|raw|CharlienoB's rating: 1282 &rarr; <strong>1302<\/strong><br \/>(+20 for winning)\n|l|\u2606BerbasaurVGC\n|l|\u2606CharlienoB\n|j|\u2606CharlienoB\n|player|p2|CharlienoB|101\n","uploadtime":1700411145,"views":24,"p1id":"berbasaurvgc","p2id":"charlienob","formatid":"gen9vgc2023regulatione","rating":1197,"private":0,"password":""}