{"id":"gen9vgc2023regulatione-2000407127","p1":"TrendanBrendan","p2":"Tatepedrp1303","format":"[Gen 9] VGC 2023 Regulation E","log":"|j|\u2606TrendanBrendan\n|j|\u2606Tatepedrp1303\n|t:|1701192206\n|gametype|doubles\n|player|p1|TrendanBrendan|bugcatcher-gen4dp|1194\n|player|p2|Tatepedrp1303|170|1102\n|teamsize|p1|6\n|teamsize|p2|6\n|gen|9\n|tier|[Gen 9] VGC 2023 Regulation E\n|rated|\n|rule|Species Clause: Limit one of each Pok\u00e9mon\n|rule|Item Clause: Limit one of each item\n|clearpoke\n|poke|p1|Amoonguss, L50, F|\n|poke|p1|Heatran, L50, F|\n|poke|p1|Roaring Moon, L50|\n|poke|p1|Iron Hands, L50|\n|poke|p1|Flutter Mane, L50|\n|poke|p1|Tauros-Paldea-Aqua, L50, M|\n|poke|p2|Fezandipiti, L50, M|\n|poke|p2|Flutter Mane, L50|\n|poke|p2|Chi-Yu, L50|\n|poke|p2|Landorus-Therian, L50, M|\n|poke|p2|Dragonite, L50, F|\n|poke|p2|Ogerpon-Wellspring, L50, F|\n|teampreview|4\n|inactive|Battle timer is ON: inactive players will automatically lose when time's up. (requested by Tatepedrp1303)\n|c|\u2606TrendanBrendan|glhf\n|inactive|TrendanBrendan has 60 seconds left.\n|\n|t:|1701192256\n|start\n|switch|p1a: Iron Hands|Iron Hands, L50|100\/100\n|switch|p1b: Heatran|Heatran, L50, F|100\/100\n|switch|p2a: Fezandipiti|Fezandipiti, L50, M|100\/100\n|switch|p2b: Flutter Mane|Flutter Mane, L50|100\/100\n|-enditem|p2b: Flutter Mane|Booster Energy\n|-activate|p2b: Flutter Mane|ability: Protosynthesis|[fromitem]\n|-start|p2b: Flutter Mane|protosynthesisspe\n|turn|1\n|\n|t:|1701192287\n|switch|p2a: Landorus|Landorus-Therian, L50, M|100\/100\n|-ability|p2a: Landorus|Intimidate|boost\n|-unboost|p1a: Iron Hands|atk|1\n|-unboost|p1b: Heatran|atk|1\n|-terastallize|p1a: Iron Hands|Water\n|move|p2b: Flutter Mane|Moonblast|p1a: Iron Hands\n|-damage|p1a: Iron Hands|74\/100\n|move|p1b: Heatran|Earth Power|p2a: Landorus\n|-immune|p2a: Landorus\n|move|p1a: Iron Hands|Heavy Slam|p2b: Flutter Mane\n|-supereffective|p2b: Flutter Mane\n|-crit|p2b: Flutter Mane\n|-damage|p2b: Flutter Mane|0 fnt\n|faint|p2b: Flutter Mane\n|-end|p2b: Flutter Mane|Protosynthesis|[silent]\n|\n|upkeep\n|\n|t:|1701192297\n|switch|p2b: Fezandipiti|Fezandipiti, L50, M|100\/100\n|turn|2\n|\n|t:|1701192311\n|move|p1b: Heatran|Protect|p1b: Heatran\n|-singleturn|p1b: Heatran|Protect\n|move|p2b: Fezandipiti|Sludge Bomb|p1a: Iron Hands\n|-damage|p1a: Iron Hands|57\/100\n|-status|p1a: Iron Hands|psn\n|move|p2a: Landorus|Stomping Tantrum|p1b: Heatran\n|-activate|p1b: Heatran|move: Protect\n|move|p1a: Iron Hands|Heavy Slam|p2b: Fezandipiti\n|-supereffective|p2b: Fezandipiti\n|-damage|p2b: Fezandipiti|39\/100\n|-enditem|p2b: Fezandipiti|Sitrus Berry|[eat]\n|-heal|p2b: Fezandipiti|63\/100|[from] item: Sitrus Berry\n|\n|-damage|p1a: Iron Hands|45\/100 psn|[from] psn\n|upkeep\n|turn|3\n|\n|t:|1701192330\n|move|p2b: Fezandipiti|Protect|p2b: Fezandipiti\n|-singleturn|p2b: Fezandipiti|Protect\n|move|p2a: Landorus|Stomping Tantrum|p1b: Heatran\n|-supereffective|p1b: Heatran\n|-enditem|p1b: Heatran|Shuca Berry|[eat]\n|-enditem|p1b: Heatran|Shuca Berry|[weaken]\n|-damage|p1b: Heatran|39\/100\n|move|p1b: Heatran|Heat Wave|p2b: Fezandipiti|[spread] p2a\n|-activate|p2b: Fezandipiti|move: Protect\n|-damage|p2a: Landorus|62\/100\n|move|p1a: Iron Hands|Heavy Slam|p2b: Fezandipiti\n|-activate|p2b: Fezandipiti|move: Protect\n|\n|-damage|p1a: Iron Hands|33\/100 psn|[from] psn\n|upkeep\n|turn|4\n|\n|t:|1701192353\n|switch|p1b: Tauros|Tauros-Paldea-Aqua, L50, M|100\/100\n|-ability|p1b: Tauros|Intimidate|boost\n|-unboost|p2a: Landorus|atk|1\n|-unboost|p2b: Fezandipiti|atk|1\n|move|p2b: Fezandipiti|Sludge Bomb|p1a: Iron Hands\n|-damage|p1a: Iron Hands|17\/100 psn\n|move|p2a: Landorus|Stomping Tantrum|p1b: Tauros\n|-damage|p1b: Tauros|71\/100\n|move|p1a: Iron Hands|Heavy Slam|p2b: Fezandipiti\n|-supereffective|p2b: Fezandipiti\n|-damage|p2b: Fezandipiti|0 fnt\n|faint|p2b: Fezandipiti\n|\n|-damage|p1a: Iron Hands|5\/100 psn|[from] psn\n|upkeep\n|\n|t:|1701192362\n|switch|p2b: Dragonite|Dragonite, L50, F|100\/100\n|turn|5\n|\n|t:|1701192379\n|-end|p1a: Iron Hands|Quark Drive|[silent]\n|switch|p1a: Heatran|Heatran, L50, F|39\/100\n|-terastallize|p2b: Dragonite|Normal\n|move|p2b: Dragonite|Extreme Speed|p1b: Tauros\n|-damage|p1b: Tauros|0 fnt\n|faint|p1b: Tauros\n|move|p2a: Landorus|Stomping Tantrum|p1a: Heatran\n|-supereffective|p1a: Heatran\n|-damage|p1a: Heatran|0 fnt\n|faint|p1a: Heatran\n|\n|upkeep\n|\n|t:|1701192387\n|switch|p1b: Flutter Mane|Flutter Mane, L50|100\/100\n|switch|p1a: Iron Hands|Iron Hands, L50, tera:Water|5\/100 psn\n|turn|6\n|\n|t:|1701192400\n|move|p2b: Dragonite|Extreme Speed|p1a: Iron Hands\n|-damage|p1a: Iron Hands|0 fnt\n|faint|p1a: Iron Hands\n|-end|p1a: Iron Hands|Quark Drive|[silent]\n|move|p1b: Flutter Mane|Moonblast|p2a: Landorus\n|-damage|p2a: Landorus|0 fnt\n|faint|p2a: Landorus\n|\n|upkeep\n|turn|7\n|-message|Tatepedrp1303 forfeited.\n|\n|win|TrendanBrendan\n|raw|TrendanBrendan's rating: 1194 &rarr; <strong>1213<\/strong><br \/>(+19 for winning)\n|raw|Tatepedrp1303's rating: 1102 &rarr; <strong>1083<\/strong><br \/>(-19 for losing)\n|l|\u2606Tatepedrp1303\n","uploadtime":1701192414,"views":3,"p1id":"trendanbrendan","p2id":"tatepedrp1303","formatid":"gen9vgc2023regulatione","rating":1083,"private":0,"password":""}