{"id":"gen9vgc2023regulatione-1997841622","p1":"Lithoriorm","p2":"Omack20","format":"[Gen 9] VGC 2023 Regulation E","log":"|j|\u2606Lithoriorm\n|j|\u2606Omack20\n|t:|1700858587\n|gametype|doubles\n|player|p1|Lithoriorm|101|1350\n|player|p2|Omack20|hilbert|1317\n|teamsize|p1|6\n|teamsize|p2|6\n|gen|9\n|tier|[Gen 9] VGC 2023 Regulation E\n|rated|\n|rule|Species Clause: Limit one of each Pok\u00e9mon\n|rule|Item Clause: Limit one of each item\n|clearpoke\n|poke|p1|Chi-Yu, L50|\n|poke|p1|Flutter Mane, L50|\n|poke|p1|Iron Hands, L50|\n|poke|p1|Tornadus, L50, M|\n|poke|p1|Arcanine-Hisui, L50, F|\n|poke|p1|Urshifu-*, L50, F|\n|poke|p2|Gliscor, L50, M|\n|poke|p2|Rillaboom, L50, M|\n|poke|p2|Urshifu-*, L50, M|\n|poke|p2|Farigiraf, L50, M|\n|poke|p2|Iron Hands, L50|\n|poke|p2|Arcanine-Hisui, L50, M|\n|teampreview|4\n|inactive|Battle timer is ON: inactive players will automatically lose when time's up. (requested by Omack20)\n|inactive|Lithoriorm also wants the timer to be on.\nLithoriorm has agreed to open team sheets.\n|c|\u2606Lithoriorm|glhf\n|c|\u2606Omack20|glhf\n|inactive|Lithoriorm has 60 seconds left.\n|inactive|Omack20 has 60 seconds left.\nOmack20 has agreed to open team sheets.\n|\n|t:|1700858623\n|start\n|switch|p1a: Chi-Yu|Chi-Yu, L50|100\/100\n|switch|p1b: Tornadus|Tornadus, L50, M|100\/100\n|switch|p2a: Gliscor|Gliscor, L50, M, shiny|100\/100\n|switch|p2b: Farigiraf|Farigiraf, L50, M, shiny|100\/100\n|-ability|p1a: Chi-Yu|Beads of Ruin\n|turn|1\n|\n|t:|1700858643\n|-terastallize|p2b: Farigiraf|Fire\n|move|p2a: Gliscor|Protect|p2a: Gliscor\n|-singleturn|p2a: Gliscor|Protect\n|move|p1a: Chi-Yu|Dark Pulse|p2b: Farigiraf\n|-damage|p2b: Farigiraf|46\/100\n|-enditem|p2b: Farigiraf|Sitrus Berry|[eat]\n|-heal|p2b: Farigiraf|71\/100|[from] item: Sitrus Berry\n|move|p1b: Tornadus|Bleakwind Storm|p2a: Gliscor|[spread] p2b\n|-activate|p2a: Gliscor|move: Protect\n|-damage|p2b: Farigiraf|33\/100\n|move|p2b: Farigiraf|Trick Room|p2b: Farigiraf\n|-fieldstart|move: Trick Room|[of] p2b: Farigiraf\n|\n|-status|p2a: Gliscor|tox|[from] item: Toxic Orb\n|upkeep\n|turn|2\n|inactive|Omack20 has 30 seconds left.\n|\n|t:|1700858676\n|move|p1b: Tornadus|Sunny Day|p1b: Tornadus\n|-weather|SunnyDay\n|move|p2b: Farigiraf|Dazzling Gleam|p1a: Chi-Yu|[spread] p1a,p1b\n|-damage|p1a: Chi-Yu|82\/100\n|-damage|p1b: Tornadus|77\/100\n|move|p2a: Gliscor|High Horsepower|p1a: Chi-Yu\n|-supereffective|p1a: Chi-Yu\n|-damage|p1a: Chi-Yu|0 fnt\n|faint|p1a: Chi-Yu\n|\n|-weather|SunnyDay|[upkeep]\n|upkeep\n|\n|t:|1700858684\n|switch|p1a: Iron Hands|Iron Hands, L50, shiny|100\/100\n|turn|3\n|\n|t:|1700858697\n|move|p1a: Iron Hands|Drain Punch|p2a: Gliscor\n|-resisted|p2a: Gliscor\n|-damage|p2a: Gliscor|82\/100 tox\n|move|p2b: Farigiraf|Psychic|p1a: Iron Hands\n|-supereffective|p1a: Iron Hands\n|-damage|p1a: Iron Hands|67\/100\n|move|p2a: Gliscor|Swords Dance|p2a: Gliscor\n|-boost|p2a: Gliscor|atk|2\n|move|p1b: Tornadus|Bleakwind Storm|p2b: Farigiraf|[spread] p2a\n|-miss|p1b: Tornadus|p2b: Farigiraf\n|-damage|p2a: Gliscor|50\/100 tox\n|-unboost|p2a: Gliscor|spe|1\n|\n|-weather|SunnyDay|[upkeep]\n|-heal|p2a: Gliscor|62\/100 tox|[from] ability: Poison Heal\n|upkeep\n|turn|4\n|\n|t:|1700858718\n|move|p1a: Iron Hands|Heavy Slam|p2a: Gliscor\n|-damage|p2a: Gliscor|21\/100 tox\n|move|p2a: Gliscor|Facade|p1b: Tornadus\n|-damage|p1b: Tornadus|6\/100\n|move|p2b: Farigiraf|Psychic|p1a: Iron Hands\n|-supereffective|p1a: Iron Hands\n|-damage|p1a: Iron Hands|35\/100\n|move|p1b: Tornadus|Bleakwind Storm|p2b: Farigiraf|[spread] p2a,p2b\n|-damage|p2a: Gliscor|0 fnt\n|-damage|p2b: Farigiraf|4\/100\n|faint|p2a: Gliscor\n|\n|-weather|SunnyDay|[upkeep]\n|upkeep\n|inactive|Omack20 has 30 seconds left.\n|\n|t:|1700858748\n|switch|p2a: Iron Hands|Iron Hands, L50, shiny|100\/100\n|turn|5\n|\n|t:|1700858761\n|move|p2a: Iron Hands|Drain Punch|p1a: Iron Hands\n|-damage|p1a: Iron Hands|3\/100\n|move|p1a: Iron Hands|Drain Punch|p2b: Farigiraf\n|-damage|p2b: Farigiraf|0 fnt\n|-heal|p1a: Iron Hands|5\/100|[from] drain|[of] p2b: Farigiraf\n|faint|p2b: Farigiraf\n|move|p1b: Tornadus|Bleakwind Storm|p2a: Iron Hands|[miss]\n|-miss|p1b: Tornadus|p2a: Iron Hands\n|\n|-weather|SunnyDay|[upkeep]\n|-fieldend|move: Trick Room\n|upkeep\n|\n|t:|1700858771\n|switch|p2b: Arcanine|Arcanine-Hisui, L50, M, shiny|100\/100\n|-ability|p2b: Arcanine|Intimidate|boost\n|-unboost|p1a: Iron Hands|atk|1\n|-unboost|p1b: Tornadus|atk|1\n|turn|6\n|\n|t:|1700858788\n|move|p2b: Arcanine|Rock Slide|p1b: Tornadus|[spread] p1a,p1b\n|-resisted|p1a: Iron Hands\n|-supereffective|p1b: Tornadus\n|-damage|p1a: Iron Hands|0 fnt\n|-damage|p1b: Tornadus|0 fnt\n|faint|p1a: Iron Hands\n|-end|p1a: Iron Hands|Quark Drive|[silent]\n|faint|p1b: Tornadus\n|move|p2a: Iron Hands|Drain Punch|p1: Iron Hands|[notarget]\n|-fail|p2a: Iron Hands\n|\n|-weather|none\n|upkeep\n|\n|t:|1700858792\n|switch|p1b: Urshifu|Urshifu-Rapid-Strike, L50, F|100\/100\n|turn|7\n|\n|t:|1700858803\n|move|p1b: Urshifu|Detect|p1b: Urshifu\n|-singleturn|p1b: Urshifu|Protect\n|move|p2b: Arcanine|Rock Slide|p1b: Urshifu\n|-activate|p1b: Urshifu|move: Protect\n|move|p2a: Iron Hands|Drain Punch|p1b: Urshifu\n|-activate|p1b: Urshifu|move: Protect\n|\n|upkeep\n|turn|8\n|\n|t:|1700858828\n|-terastallize|p1b: Urshifu|Water\n|move|p2b: Arcanine|Rock Slide|p1b: Urshifu\n|-damage|p1b: Urshifu|52\/100\n|move|p1b: Urshifu|Surging Strikes|p2a: Iron Hands\n|-crit|p2a: Iron Hands\n|-damage|p2a: Iron Hands|79\/100\n|-crit|p2a: Iron Hands\n|-damage|p2a: Iron Hands|59\/100\n|-crit|p2a: Iron Hands\n|-damage|p2a: Iron Hands|38\/100\n|-hitcount|p2a: Iron Hands|3\n|move|p2a: Iron Hands|Wild Charge|p1b: Urshifu\n|-supereffective|p1b: Urshifu\n|-damage|p1b: Urshifu|0 fnt\n|faint|p1b: Urshifu\n|-damage|p2a: Iron Hands|26\/100|[from] Recoil\n|\n|win|Omack20\n|raw|Lithoriorm's rating: 1350 &rarr; <strong>1328<\/strong><br \/>(-22 for losing)\n|raw|Omack20's rating: 1317 &rarr; <strong>1339<\/strong><br \/>(+22 for winning)\n|c|\u2606Lithoriorm|gg\n","uploadtime":1700858840,"views":2,"p1id":"lithoriorm","p2id":"omack20","formatid":"gen9vgc2023regulatione","rating":1328,"private":0,"password":""}