{"id":"gen9vgc2023regulatione-1990848409","p1":"Valiant 3.0","p2":"MysticEm","format":"[Gen 9] VGC 2023 Regulation E","log":"|j|\u2606Valiant 3.0\n|j|\u2606MysticEm\n|n|\u2606Valiant 3.0|valiant30\n|n|\u2606MysticEm|mysticem\n|html|View the match progress at <a href=\"\/game-bestof3-gen9vgc2023regulatione-1990843892\">game-bestof3-gen9vgc2023regulatione-1990843892<\/a>\n|t:|1700007233\n|gametype|doubles\n|player|p1|Valiant 3.0|flannery|\n|player|p2|MysticEm|265|\n|teamsize|p1|6\n|teamsize|p2|6\n|gen|9\n|tier|[Gen 9] VGC 2023 Regulation E\n|rule|Species Clause: Limit one of each Pok\u00e9mon\n|rule|Item Clause: Limit one of each item\n|clearpoke\n|poke|p1|Politoed, L50, M|\n|poke|p1|Thundurus-Therian, L50, M|\n|poke|p1|Tinkaton, L50, F|\n|poke|p1|Chien-Pao, L50|\n|poke|p1|Gallade, L50, M|\n|poke|p1|Ogerpon, L50, F|\n|poke|p2|Annihilape, L50, F|\n|poke|p2|Lurantis, L50, F|\n|poke|p2|Regieleki, L50|\n|poke|p2|Espathra, L50, F|\n|poke|p2|Gastrodon-East, L50, F|\n|poke|p2|Magnezone, L50|\n|teampreview|4\n|\n|t:|1700007370\n|start\n|switch|p1a: Thundurus|Thundurus-Therian, L50, M|100\/100\n|switch|p1b: Tinkaton|Tinkaton, L50, F|100\/100\n|switch|p2a: Gastrodon|Gastrodon-East, L50, F|100\/100\n|switch|p2b: Espathra|Espathra, L50, F|100\/100\n|-ability|p1b: Tinkaton|Mold Breaker\n|turn|1\n|\n|t:|1700007417\n|move|p1b: Tinkaton|Fake Out|p2a: Gastrodon\n|-damage|p2a: Gastrodon|86\/100\n|-damage|p1b: Tinkaton|91\/100|[from] item: Life Orb\n|move|p2b: Espathra|Calm Mind|p2b: Espathra\n|-boost|p2b: Espathra|spa|1\n|-boost|p2b: Espathra|spd|1\n|move|p1a: Thundurus|Volt Switch|p2b: Espathra\n|-damage|p2b: Espathra|63\/100\n|\n|t:|1700007426\n|switch|p1a: Ogerpon|Ogerpon, L50, F|100\/100|[from] Volt Switch\n|cant|p2a: Gastrodon|flinch\n|\n|-ability|p2b: Espathra|Speed Boost|boost\n|-boost|p2b: Espathra|spe|1\n|upkeep\n|turn|2\n|\n|t:|1700007475\n|-terastallize|p1a: Ogerpon|Grass\n|detailschange|p1a: Ogerpon|Ogerpon-Teal-Tera, L50, F, tera:Grass\n|-ability|p1a: Ogerpon|Embody Aspect (Teal)|boost\n|-boost|p1a: Ogerpon|spe|1\n|move|p1a: Ogerpon|Ivy Cudgel|p2b: Espathra\n|-crit|p2b: Espathra\n|-damage|p2b: Espathra|0 fnt\n|faint|p2b: Espathra\n|move|p1b: Tinkaton|Gigaton Hammer|p2a: Gastrodon\n|-resisted|p2a: Gastrodon\n|-damage|p2a: Gastrodon|39\/100\n|-damage|p1b: Tinkaton|81\/100|[from] item: Life Orb\n|move|p2a: Gastrodon|Sludge Bomb|p1a: Ogerpon\n|-supereffective|p1a: Ogerpon\n|-damage|p1a: Ogerpon|45\/100\n|-status|p1a: Ogerpon|psn\n|-heal|p2a: Gastrodon|44\/100|[from] item: Shell Bell|[of] p1a: Ogerpon\n|\n|-damage|p1a: Ogerpon|33\/100 psn|[from] psn\n|upkeep\n|\n|t:|1700007501\n|switch|p2b: Annihilape|Annihilape, L50, F|100\/100\n|turn|3\n|\n|t:|1700007524\n|move|p1a: Ogerpon|Spiky Shield|p1a: Ogerpon\n|-singleturn|p1a: Ogerpon|move: Protect\n|move|p1b: Tinkaton|Play Rough|p2b: Annihilape\n|-supereffective|p2b: Annihilape\n|-damage|p2b: Annihilape|13\/100\n|-damage|p1b: Tinkaton|72\/100|[from] item: Life Orb\n|move|p2b: Annihilape|Drain Punch|p1b: Tinkaton\n|-damage|p1b: Tinkaton|33\/100\n|-heal|p2b: Annihilape|30\/100|[from] drain|[of] p1b: Tinkaton\n|move|p2a: Gastrodon|Earth Power|p1b: Tinkaton\n|-supereffective|p1b: Tinkaton\n|-damage|p1b: Tinkaton|0 fnt\n|faint|p1b: Tinkaton\n|-heal|p2a: Gastrodon|47\/100|[from] item: Shell Bell|[of] p1: Tinkaton\n|\n|-heal|p2b: Annihilape|36\/100|[from] item: Leftovers\n|-damage|p1a: Ogerpon|21\/100 psn|[from] psn\n|upkeep\n|\n|t:|1700007546\n|switch|p1b: Gallade|Gallade, L50, M, shiny|100\/100\n|turn|4\n|\n|t:|1700007612\n|move|p1a: Ogerpon|Ivy Cudgel|p2a: Gastrodon\n|-supereffective|p2a: Gastrodon\n|-damage|p2a: Gastrodon|0 fnt\n|faint|p2a: Gastrodon\n|move|p1b: Gallade|Psycho Cut|p2b: Annihilape\n|-supereffective|p2b: Annihilape\n|-crit|p2b: Annihilape\n|-damage|p2b: Annihilape|0 fnt\n|faint|p2b: Annihilape\n|\n|-damage|p1a: Ogerpon|9\/100 psn|[from] psn\n|upkeep\n|\n|t:|1700007626\n|switch|p2a: Regieleki|Regieleki, L50, shiny|100\/100\n|turn|5\n|\n|t:|1700007651\n|switch|p1b: Thundurus|Thundurus-Therian, L50, M|100\/100\n|move|p2a: Regieleki|Tera Blast|p1b: Thundurus\n|-damage|p1b: Thundurus|83\/100\n|move|p1a: Ogerpon|Stomping Tantrum|p2a: Regieleki\n|-supereffective|p2a: Regieleki\n|-damage|p2a: Regieleki|8\/100\n|\n|-damage|p1a: Ogerpon|0 fnt|[from] psn\n|faint|p1a: Ogerpon\n|upkeep\n|\n|t:|1700007658\n|switch|p1a: Gallade|Gallade, L50, M, shiny|100\/100\n|turn|6\n|\n|t:|1700007671\n|-terastallize|p2a: Regieleki|Ice\n|move|p2a: Regieleki|Tera Blast|p1b: Thundurus|[anim] Tera Blast Ice\n|-supereffective|p1b: Thundurus\n|-damage|p1b: Thundurus|28\/100\n|move|p1a: Gallade|Psycho Cut|p2a: Regieleki\n|-damage|p2a: Regieleki|0 fnt\n|faint|p2a: Regieleki\n|\n|win|Valiant 3.0\n|c|\u2606Valiant 3.0|gg\n|c|\u2606MysticEm|gg\n|c|&|\/uhtml prompt-valiant30,Valiant 3.0 is ready for game 3!\n|inactive|MysticEm has 50 seconds to confirm battle start!\n|c|&|\/uhtml prompt-mysticem,MysticEm is ready for game 3!\nBoth players are ready! Starting next match!\n|l|\u2606MysticEm\n|l|\u2606Valiant 3.0\n|j|\u2606Valiant 3.0\n|player|p1|Valiant 3.0|flannery\n","uploadtime":1700007975,"views":9,"p1id":"valiant30","p2id":"mysticem","formatid":"gen9vgc2023regulatione","rating":0,"private":0,"password":""}