{"id":"gen9vgc2023regulatione-1999333849","p1":"Mirai_Burai","p2":"Mallow_sux","format":"[Gen 9] VGC 2023 Regulation E","log":"|j|\u2606Mirai_Burai\n|j|\u2606Mallow_sux\n|n|\u2606Mirai_Burai|miraiburai\n|n|\u2606Mallow_sux|mallowsux\n|html|View the match progress at <a href=\"\/game-bestof3-gen9vgc2023regulatione-1999333848\">game-bestof3-gen9vgc2023regulatione-1999333848<\/a>\n|t:|1701061963\n|gametype|doubles\n|player|p1|Mirai_Burai|skyla|\n|player|p2|Mallow_sux|shauntal|\n|teamsize|p1|6\n|teamsize|p2|6\n|gen|9\n|tier|[Gen 9] VGC 2023 Regulation E\n|rule|Species Clause: Limit one of each Pok\u00e9mon\n|rule|Item Clause: Limit one of each item\n|clearpoke\n|poke|p1|Roaring Moon, L50|\n|poke|p1|Ninetales-Alola, L50, F|\n|poke|p1|Landorus-Therian, L50, M|\n|poke|p1|Iron Hands, L50|\n|poke|p1|Milotic, L50, F|\n|poke|p1|Ogerpon-Hearthflame, L50, F|\n|poke|p2|Iron Bundle, L50|\n|poke|p2|Tornadus, L50, M|\n|poke|p2|Flutter Mane, L50|\n|poke|p2|Ogerpon-Hearthflame, L50, F|\n|poke|p2|Rillaboom, L50, F|\n|poke|p2|Chi-Yu, L50|\n|teampreview|4\nMallow_sux has agreed to open team sheets.\n|\n|t:|1701062011\n|start\n|switch|p1a: Ninetales|Ninetales-Alola, L50, F, shiny|100\/100\n|switch|p1b: Milotic|Milotic, L50, F, shiny|100\/100\n|switch|p2a: Tornadus|Tornadus, L50, M|100\/100\n|switch|p2b: Rillaboom|Rillaboom, L50, F|100\/100\n|-weather|Snow|[from] ability: Snow Warning|[of] p1a: Ninetales\n|-fieldstart|move: Grassy Terrain|[from] ability: Grassy Surge|[of] p2b: Rillaboom\n|turn|1\n|\n|t:|1701062054\n|move|p2b: Rillaboom|Fake Out|p1b: Milotic\n|-damage|p1b: Milotic|87\/100\n|move|p2a: Tornadus|Sunny Day|p2a: Tornadus\n|-weather|SunnyDay\n|move|p1a: Ninetales|Aurora Veil||[still]\n|-fail|p1a: Ninetales\n|cant|p1b: Milotic|flinch\n|\n|-weather|SunnyDay|[upkeep]\n|-heal|p1b: Milotic|94\/100|[from] Grassy Terrain\n|upkeep\n|turn|2\n|\n|t:|1701062075\n|switch|p1a: Roaring Moon|Roaring Moon, L50|100\/100\n|-activate|p1a: Roaring Moon|ability: Protosynthesis\n|-start|p1a: Roaring Moon|protosynthesisatk\n|move|p2b: Rillaboom|Grassy Glide|p1b: Milotic\n|-supereffective|p1b: Milotic\n|-damage|p1b: Milotic|19\/100\n|-enditem|p1b: Milotic|Sitrus Berry|[eat]\n|-heal|p1b: Milotic|44\/100|[from] item: Sitrus Berry\n|move|p2a: Tornadus|Bleakwind Storm|p1a: Roaring Moon|[spread] \n|-miss|p2a: Tornadus|p1a: Roaring Moon\n|-miss|p2a: Tornadus|p1b: Milotic\n|move|p1b: Milotic|Icy Wind|p2b: Rillaboom|[spread] p2a,p2b\n|-supereffective|p2a: Tornadus\n|-supereffective|p2b: Rillaboom\n|-damage|p2a: Tornadus|76\/100\n|-damage|p2b: Rillaboom|82\/100\n|-unboost|p2a: Tornadus|spe|1\n|-unboost|p2b: Rillaboom|spe|1\n|\n|-weather|SunnyDay|[upkeep]\n|-heal|p1b: Milotic|50\/100|[from] Grassy Terrain\n|-heal|p2b: Rillaboom|88\/100|[from] Grassy Terrain\n|upkeep\n|turn|3\n|\n|t:|1701062128\n|switch|p1b: Ninetales|Ninetales-Alola, L50, F, shiny|100\/100\n|-weather|Snow|[from] ability: Snow Warning|[of] p1b: Ninetales\n|-end|p1a: Roaring Moon|Protosynthesis\n|-enditem|p1a: Roaring Moon|Booster Energy\n|-activate|p1a: Roaring Moon|ability: Protosynthesis|[fromitem]\n|-start|p1a: Roaring Moon|protosynthesisatk\n|move|p2a: Tornadus|Tailwind|p2a: Tornadus\n|-sidestart|p2: Mallow_sux|move: Tailwind\n|move|p2b: Rillaboom|Grassy Glide|p1b: Ninetales\n|-damage|p1b: Ninetales|69\/100\n|move|p1a: Roaring Moon|Acrobatics|p2b: Rillaboom\n|-supereffective|p2b: Rillaboom\n|-damage|p2b: Rillaboom|0 fnt\n|faint|p2b: Rillaboom\n|\n|-weather|Snow|[upkeep]\n|-heal|p1b: Ninetales|75\/100|[from] Grassy Terrain\n|upkeep\n|\n|t:|1701062150\n|switch|p2b: Iron Bundle|Iron Bundle, L50|100\/100\n|-enditem|p2b: Iron Bundle|Booster Energy\n|-activate|p2b: Iron Bundle|ability: Quark Drive|[fromitem]\n|-start|p2b: Iron Bundle|quarkdrivespe\n|turn|4\n|\n|t:|1701062199\n|move|p1a: Roaring Moon|Protect|p1a: Roaring Moon\n|-singleturn|p1a: Roaring Moon|Protect\n|move|p2b: Iron Bundle|Icy Wind|p1b: Ninetales|[spread] p1b\n|-activate|p1a: Roaring Moon|move: Protect\n|-resisted|p1b: Ninetales\n|-damage|p1b: Ninetales|64\/100\n|-unboost|p1b: Ninetales|spe|1\n|move|p2a: Tornadus|Bleakwind Storm|p1b: Ninetales|[spread] p1b\n|-activate|p1a: Roaring Moon|move: Protect\n|-damage|p1b: Ninetales|28\/100\n|-unboost|p1b: Ninetales|spe|1\n|move|p1b: Ninetales|Aurora Veil|p1b: Ninetales\n|-sidestart|p1: Mirai_Burai|move: Aurora Veil\n|\n|-weather|Snow|[upkeep]\n|-heal|p1b: Ninetales|34\/100|[from] Grassy Terrain\n|upkeep\n|turn|5\n|\n|t:|1701062238\n|move|p1b: Ninetales|Protect|p1b: Ninetales\n|-singleturn|p1b: Ninetales|Protect\n|move|p2a: Tornadus|Taunt|p1a: Roaring Moon\n|-hint|Since gen 7, Dark is immune to Prankster moves.\n|-immune|p1a: Roaring Moon\n|move|p2b: Iron Bundle|Freeze-Dry|p1a: Roaring Moon\n|-supereffective|p1a: Roaring Moon\n|-damage|p1a: Roaring Moon|64\/100\n|move|p1a: Roaring Moon|Dragon Dance|p1a: Roaring Moon\n|-boost|p1a: Roaring Moon|atk|1\n|-boost|p1a: Roaring Moon|spe|1\n|\n|-weather|Snow|[upkeep]\n|-heal|p1a: Roaring Moon|70\/100|[from] Grassy Terrain\n|-heal|p1b: Ninetales|40\/100|[from] Grassy Terrain\n|-fieldend|move: Grassy Terrain\n|upkeep\n|turn|6\n|\n|t:|1701062295\n|switch|p2a: Ogerpon|Ogerpon-Hearthflame, L50, F|100\/100\n|-ability|p2a: Ogerpon|Mold Breaker\n|switch|p1b: Landorus|Landorus-Therian, L50, M|100\/100\n|-ability|p1b: Landorus|Intimidate|boost\n|-unboost|p2a: Ogerpon|atk|1\n|-unboost|p2b: Iron Bundle|atk|1\n|move|p2b: Iron Bundle|Icy Wind|p1a: Roaring Moon|[spread] p1b\n|-miss|p2b: Iron Bundle|p1a: Roaring Moon\n|-supereffective|p1b: Landorus\n|-damage|p1b: Landorus|35\/100\n|-unboost|p1b: Landorus|spe|1\n|move|p1a: Roaring Moon|Knock Off|p2b: Iron Bundle\n|-damage|p2b: Iron Bundle|56\/100\n|\n|-weather|Snow|[upkeep]\n|-sideend|p2: Mallow_sux|move: Tailwind\n|upkeep\n|turn|7\n|\n|t:|1701062343\n|move|p2a: Ogerpon|Spiky Shield|p2a: Ogerpon\n|-singleturn|p2a: Ogerpon|move: Protect\n|move|p2b: Iron Bundle|Icy Wind|p1a: Roaring Moon|[spread] p1a,p1b\n|-supereffective|p1a: Roaring Moon\n|-supereffective|p1b: Landorus\n|-damage|p1a: Roaring Moon|48\/100\n|-damage|p1b: Landorus|0 fnt\n|-unboost|p1a: Roaring Moon|spe|1\n|faint|p1b: Landorus\n|move|p1a: Roaring Moon|Acrobatics|p2b: Iron Bundle\n|-damage|p2b: Iron Bundle|0 fnt\n|faint|p2b: Iron Bundle\n|-end|p2b: Iron Bundle|Quark Drive|[silent]\n|\n|-weather|none\n|upkeep\n|\n|t:|1701062363\n|switch|p2b: Tornadus|Tornadus, L50, M|76\/100\n|switch|p1b: Milotic|Milotic, L50, F, shiny|50\/100\n|turn|8\n|\n|t:|1701062387\n|move|p1a: Roaring Moon|Protect|p1a: Roaring Moon\n|-singleturn|p1a: Roaring Moon|Protect\n|move|p2b: Tornadus|Tailwind|p2b: Tornadus\n|-sidestart|p2: Mallow_sux|move: Tailwind\n|move|p2a: Ogerpon|Grassy Glide|p1b: Milotic\n|-supereffective|p1b: Milotic\n|-damage|p1b: Milotic|25\/100\n|move|p1b: Milotic|Recover|p1b: Milotic\n|-heal|p1b: Milotic|75\/100\n|\n|upkeep\n|turn|9\n|\n|t:|1701062430\n|move|p2b: Tornadus|Taunt|p1b: Milotic\n|-start|p1b: Milotic|move: Taunt\n|move|p2a: Ogerpon|Stomping Tantrum|p1a: Roaring Moon\n|-damage|p1a: Roaring Moon|35\/100\n|move|p1a: Roaring Moon|Acrobatics|p2a: Ogerpon\n|-supereffective|p2a: Ogerpon\n|-damage|p2a: Ogerpon|0 fnt\n|faint|p2a: Ogerpon\n|move|p1b: Milotic|Icy Wind|p2b: Tornadus\n|-supereffective|p2b: Tornadus\n|-damage|p2b: Tornadus|43\/100\n|-unboost|p2b: Tornadus|spe|1\n|\n|upkeep\n|turn|10\n|\n|t:|1701062460\n|move|p2b: Tornadus|Bleakwind Storm|p1a: Roaring Moon|[spread] p1a,p1b\n|-damage|p1a: Roaring Moon|16\/100\n|-damage|p1b: Milotic|57\/100\n|move|p1a: Roaring Moon|Knock Off|p2b: Tornadus\n|-damage|p2b: Tornadus|0 fnt\n|-enditem|p2b: Tornadus|Mental Herb|[from] move: Knock Off|[of] p1a: Roaring Moon\n|faint|p2b: Tornadus\n|\n|win|Mirai_Burai\n","uploadtime":1701062469,"views":1,"p1id":"miraiburai","p2id":"mallowsux","formatid":"gen9vgc2023regulatione","rating":0,"private":0,"password":""}