{"id":"gen9vgc2023regulatione-1993626511","p1":"Spler","p2":"foldrake","format":"[Gen 9] VGC 2023 Regulation E","log":"|j|\u2606Spler\n|j|\u2606foldrake\n|t:|1700338971\n|gametype|doubles\n|player|p1|Spler|266|1301\n|player|p2|foldrake|blue|1363\n|teamsize|p1|6\n|teamsize|p2|6\n|gen|9\n|tier|[Gen 9] VGC 2023 Regulation E\n|rated|\n|rule|Species Clause: Limit one of each Pok\u00e9mon\n|rule|Item Clause: Limit one of each item\n|clearpoke\n|poke|p1|Arcanine-Hisui, L50, M|\n|poke|p1|Gholdengo, L50|\n|poke|p1|Ogerpon, L50, F|\n|poke|p1|Roaring Moon, L50|\n|poke|p1|Thundurus-Therian, L50, M|\n|poke|p1|Urshifu-*, L50, M|\n|poke|p2|Moltres-Galar, L50|\n|poke|p2|Urshifu-*, L50, F|\n|poke|p2|Grimmsnarl, L50, M|\n|poke|p2|Rillaboom, L50, F|\n|poke|p2|Landorus-Therian, L50, M|\n|poke|p2|Chi-Yu, L50|\n|teampreview|4\n|inactive|Battle timer is ON: inactive players will automatically lose when time's up. (requested by foldrake)\n|inactive|Spler has 60 seconds left.\n|inactive|foldrake has 60 seconds left.\nSpler rejected open team sheets.\n|\n|t:|1700339023\n|start\n|switch|p1a: Arcanine|Arcanine-Hisui, L50, M|100\/100\n|switch|p1b: Thundurus|Thundurus-Therian, L50, M|100\/100\n|switch|p2a: Moltres|Moltres-Galar, L50|100\/100\n|switch|p2b: Grimmsnarl|Grimmsnarl, L50, M|100\/100\n|-ability|p1a: Arcanine|Intimidate|boost\n|-unboost|p2a: Moltres|atk|1\n|-unboost|p2b: Grimmsnarl|atk|1\n|turn|1\n|\n|t:|1700339040\n|-terastallize|p2a: Moltres|Poison\n|move|p2b: Grimmsnarl|Fake Out|p1a: Arcanine\n|-resisted|p1a: Arcanine\n|-damage|p1a: Arcanine|96\/100\n|cant|p1a: Arcanine|flinch\n|move|p2a: Moltres|Nasty Plot|p2a: Moltres\n|-boost|p2a: Moltres|spa|2\n|move|p1b: Thundurus|Wildbolt Storm|p2a: Moltres|[spread] p2a,p2b\n|-damage|p2a: Moltres|68\/100\n|-damage|p2b: Grimmsnarl|63\/100\n|-status|p2b: Grimmsnarl|par\n|\n|upkeep\n|turn|2\n|inactive|Spler has 30 seconds left.\n|\n|t:|1700339072\n|move|p2a: Moltres|Protect|p2a: Moltres\n|-singleturn|p2a: Moltres|Protect\n|move|p2b: Grimmsnarl|Thunder Wave|p1a: Arcanine\n|-status|p1a: Arcanine|par\n|move|p1b: Thundurus|Wildbolt Storm|p2a: Moltres|[spread] \n|-activate|p2a: Moltres|move: Protect\n|-miss|p1b: Thundurus|p2b: Grimmsnarl\n|cant|p1a: Arcanine|par\n|\n|upkeep\n|turn|3\n|\n|t:|1700339096\n|move|p2b: Grimmsnarl|Parting Shot|p1b: Thundurus\n|-unboost|p1b: Thundurus|atk|1\n|-unboost|p1b: Thundurus|spa|1\n|\n|t:|1700339099\n|switch|p2b: Landorus|Landorus-Therian, L50, M|100\/100|[from] Parting Shot\n|-ability|p2b: Landorus|Intimidate|boost\n|-unboost|p1a: Arcanine|atk|1\n|-unboost|p1b: Thundurus|atk|1\n|move|p2a: Moltres|Fiery Wrath|p1a: Arcanine|[spread] p1a,p1b\n|-damage|p1a: Arcanine|39\/100 par\n|-damage|p1b: Thundurus|60\/100\n|cant|p1b: Thundurus|flinch\n|move|p1a: Arcanine|Flare Blitz|p2a: Moltres\n|-damage|p2a: Moltres|13\/100\n|-damage|p1a: Arcanine|20\/100 par|[from] Recoil\n|-ability|p2a: Moltres|Berserk|boost\n|-boost|p2a: Moltres|spa|1\n|-enditem|p2a: Moltres|Sitrus Berry|[eat]\n|-heal|p2a: Moltres|38\/100|[from] item: Sitrus Berry\n|\n|upkeep\n|turn|4\n|inactive|Spler has 30 seconds left.\n|\n|t:|1700339132\n|move|p2b: Landorus|Rock Slide|p1a: Arcanine|[spread] p1a,p1b\n|-supereffective|p1a: Arcanine\n|-supereffective|p1b: Thundurus\n|-damage|p1a: Arcanine|0 fnt\n|-damage|p1b: Thundurus|9\/100\n|faint|p1a: Arcanine\n|move|p2a: Moltres|Fiery Wrath|p1b: Thundurus\n|-damage|p1b: Thundurus|0 fnt\n|faint|p1b: Thundurus\n|\n|upkeep\n|\n|t:|1700339142\n|switch|p1a: Ogerpon|Ogerpon, L50, F|100\/100\n|switch|p1b: Urshifu|Urshifu-Rapid-Strike, L50, M|100\/100\n|turn|5\n|\n|t:|1700339155\n|switch|p2b: Grimmsnarl|Grimmsnarl, L50, M|63\/100 par\n|-terastallize|p1a: Ogerpon|Grass\n|detailschange|p1a: Ogerpon|Ogerpon-Teal-Tera, L50, F, tera:Grass\n|-ability|p1a: Ogerpon|Embody Aspect (Teal)|boost\n|-boost|p1a: Ogerpon|spe|1\n|move|p1a: Ogerpon|Stomping Tantrum|p2a: Moltres\n|-supereffective|p2a: Moltres\n|-damage|p2a: Moltres|0 fnt\n|faint|p2a: Moltres\n|move|p1b: Urshifu|Surging Strikes|p2b: Grimmsnarl\n|-crit|p2b: Grimmsnarl\n|-damage|p2b: Grimmsnarl|40\/100 par\n|-crit|p2b: Grimmsnarl\n|-damage|p2b: Grimmsnarl|19\/100 par\n|-crit|p2b: Grimmsnarl\n|-damage|p2b: Grimmsnarl|0 fnt\n|faint|p2b: Grimmsnarl\n|-hitcount|p2: Grimmsnarl|3\n|\n|upkeep\n|\n|t:|1700339161\n|switch|p2a: Landorus|Landorus-Therian, L50, M|100\/100\n|switch|p2b: Chi-Yu|Chi-Yu, L50|100\/100\n|-ability|p2a: Landorus|Intimidate|boost\n|-unboost|p1a: Ogerpon|atk|1\n|-unboost|p1b: Urshifu|atk|1\n|-ability|p2b: Chi-Yu|Beads of Ruin\n|turn|6\n|inactive|Spler has 30 seconds left.\n|\n|t:|1700339186\n|move|p1a: Ogerpon|Ivy Cudgel|p2a: Landorus\n|-damage|p2a: Landorus|48\/100\n|move|p2a: Landorus|Rock Slide|p1a: Ogerpon|[spread] p1a,p1b\n|-crit|p1a: Ogerpon\n|-resisted|p1b: Urshifu\n|-damage|p1a: Ogerpon|57\/100\n|-damage|p1b: Urshifu|91\/100\n|move|p2b: Chi-Yu|Heat Wave|p1a: Ogerpon|[spread] p1a,p1b\n|-supereffective|p1a: Ogerpon\n|-resisted|p1b: Urshifu\n|-damage|p1a: Ogerpon|0 fnt\n|-damage|p1b: Urshifu|62\/100\n|faint|p1a: Ogerpon\n|move|p1b: Urshifu|Surging Strikes|p2b: Chi-Yu\n|-supereffective|p2b: Chi-Yu\n|-crit|p2b: Chi-Yu\n|-damage|p2b: Chi-Yu|20\/100\n|-supereffective|p2b: Chi-Yu\n|-crit|p2b: Chi-Yu\n|-damage|p2b: Chi-Yu|0 fnt\n|faint|p2b: Chi-Yu\n|-hitcount|p2: Chi-Yu|2\n|\n|upkeep\n|turn|7\n|\n|t:|1700339206\n|move|p2a: Landorus|Rock Slide|p1b: Urshifu\n|-resisted|p1b: Urshifu\n|-damage|p1b: Urshifu|49\/100\n|move|p1b: Urshifu|Surging Strikes|p2a: Landorus\n|-supereffective|p2a: Landorus\n|-crit|p2a: Landorus\n|-damage|p2a: Landorus|0 fnt\n|faint|p2a: Landorus\n|-hitcount|p2: Landorus|1\n|\n|win|Spler\n|raw|Spler's rating: 1301 &rarr; <strong>1325<\/strong><br \/>(+24 for winning)\n|raw|foldrake's rating: 1363 &rarr; <strong>1339<\/strong><br \/>(-24 for losing)\n|l|\u2606foldrake\n","uploadtime":1700339219,"views":7,"p1id":"spler","p2id":"foldrake","formatid":"gen9vgc2023regulatione","rating":1325,"private":0,"password":""}