{"id":"gen9vgc2023regulatione-1998711877","p1":"magicwombat7778","p2":"Angel","format":"[Gen 9] VGC 2023 Regulation E","log":"|j|\u2606magicwombat7778\n|j|\u2606Angel\n|t:|1700976255\n|gametype|doubles\n|player|p1|magicwombat7778|266|1065\n|player|p2|Angel|iris-gen5bw2|1079\n|teamsize|p1|6\n|teamsize|p2|6\n|gen|9\n|tier|[Gen 9] VGC 2023 Regulation E\n|rated|\n|rule|Species Clause: Limit one of each Pok\u00e9mon\n|rule|Item Clause: Limit one of each item\n|clearpoke\n|poke|p1|Ogerpon-Wellspring, L50, F|\n|poke|p1|Sinistcha, L50|\n|poke|p1|Farigiraf, L50, F|\n|poke|p1|Chien-Pao, L50|\n|poke|p1|Landorus-Therian, L50, M|\n|poke|p1|Arcanine-Hisui, L50, M|\n|poke|p2|Rillaboom, L50, F|\n|poke|p2|Charjabug, L50, M|\n|poke|p2|Tornadus, L50, M|\n|poke|p2|Empoleon, L50, M|\n|poke|p2|Gholdengo, L50|\n|poke|p2|Arcanine-Hisui, L50, M|\n|teampreview|4\n|\n|t:|1700976291\n|start\n|switch|p1a: Ogerpon|Ogerpon-Wellspring, L50, F|100\/100\n|switch|p1b: Chien-Pao|Chien-Pao, L50|100\/100\n|switch|p2a: Gholdengo|Gholdengo, L50|100\/100\n|switch|p2b: Empoleon|Empoleon, L50, M|100\/100\n|-ability|p1b: Chien-Pao|Sword of Ruin\n|turn|1\n|inactive|Battle timer is ON: inactive players will automatically lose when time's up. (requested by magicwombat7778)\n|\n|t:|1700976322\n|-terastallize|p2a: Gholdengo|Fairy\n|move|p1b: Chien-Pao|Protect|p1b: Chien-Pao\n|-singleturn|p1b: Chien-Pao|Protect\n|move|p1a: Ogerpon|Spiky Shield|p1a: Ogerpon\n|-singleturn|p1a: Ogerpon|move: Protect\n|move|p2b: Empoleon|Vacuum Wave|p1a: Ogerpon\n|-activate|p1a: Ogerpon|move: Protect\n|move|p2a: Gholdengo|Make It Rain|p1b: Chien-Pao|[spread] \n|-activate|p1a: Ogerpon|move: Protect\n|-activate|p1b: Chien-Pao|move: Protect\n|\n|upkeep\n|turn|2\n|\n|t:|1700976346\n|switch|p2b: Charjabug|Charjabug, L50, M, shiny|100\/100\n|move|p1b: Chien-Pao|Sacred Sword|p2b: Charjabug\n|-resisted|p2b: Charjabug\n|-damage|p2b: Charjabug|89\/100\n|move|p1a: Ogerpon|Swords Dance|p1a: Ogerpon\n|-boost|p1a: Ogerpon|atk|2\n|move|p2a: Gholdengo|Make It Rain|p1a: Ogerpon|[spread] p1a,p1b\n|-resisted|p1a: Ogerpon\n|-crit|p1a: Ogerpon\n|-supereffective|p1b: Chien-Pao\n|-damage|p1a: Ogerpon|25\/100\n|-enditem|p1b: Chien-Pao|Focus Sash\n|-damage|p1b: Chien-Pao|1\/100\n|-unboost|p2a: Gholdengo|spa|1\n|\n|upkeep\n|turn|3\n|\n|t:|1700976367\n|switch|p1b: Sinistcha|Sinistcha, L50|100\/100\n|-heal|p1a: Ogerpon|50\/100|[from] ability: Hospitality|[of] p1b: Sinistcha\n|move|p2b: Charjabug|Protect|p2b: Charjabug\n|-singleturn|p2b: Charjabug|Protect\n|move|p1a: Ogerpon|Ivy Cudgel|p2a: Gholdengo|[anim] Ivy Cudgel Water\n|-damage|p2a: Gholdengo|0 fnt\n|faint|p2a: Gholdengo\n|\n|upkeep\n|\n|t:|1700976380\n|switch|p2a: Tornadus|Tornadus, L50, M|100\/100\n|turn|4\n|\n|t:|1700976402\n|switch|p1b: Arcanine|Arcanine-Hisui, L50, M|100\/100\n|-ability|p1b: Arcanine|Intimidate|boost\n|-unboost|p2a: Tornadus|atk|1\n|-unboost|p2b: Charjabug|atk|1\n|move|p1a: Ogerpon|Spiky Shield|p1a: Ogerpon\n|-singleturn|p1a: Ogerpon|move: Protect\n|move|p2a: Tornadus|Bleakwind Storm|p1b: Arcanine|[spread] p1b\n|-activate|p1a: Ogerpon|move: Protect\n|-resisted|p1b: Arcanine\n|-damage|p1b: Arcanine|70\/100\n|move|p2b: Charjabug|Lunge|p1a: Ogerpon\n|-activate|p1a: Ogerpon|move: Protect\n|-damage|p2b: Charjabug|77\/100|[from] Spiky Shield|[of] p1a: Ogerpon\n|\n|upkeep\n|turn|5\n|\n|t:|1700976419\n|switch|p1b: Sinistcha|Sinistcha, L50|100\/100\n|-heal|p1a: Ogerpon|74\/100|[from] ability: Hospitality|[of] p1b: Sinistcha\n|-terastallize|p1a: Ogerpon|Water\n|detailschange|p1a: Ogerpon|Ogerpon-Wellspring-Tera, L50, F, tera:Water\n|-ability|p1a: Ogerpon|Embody Aspect (Wellspring)|boost\n|-boost|p1a: Ogerpon|spd|1\n|move|p2b: Charjabug|Protect|p2b: Charjabug\n|-singleturn|p2b: Charjabug|Protect\n|move|p2a: Tornadus|Rain Dance|p2a: Tornadus\n|-weather|RainDance\n|move|p1a: Ogerpon|Ivy Cudgel|p2a: Tornadus|[anim] Ivy Cudgel Water\n|-damage|p2a: Tornadus|0 fnt\n|faint|p2a: Tornadus\n|\n|-weather|RainDance|[upkeep]\n|upkeep\n|\n|t:|1700976431\n|switch|p2a: Empoleon|Empoleon, L50, M|100\/100\n|turn|6\n|\n|t:|1700976449\n|move|p1b: Sinistcha|Rage Powder|p1b: Sinistcha\n|-singleturn|p1b: Sinistcha|move: Rage Powder\n|move|p1a: Ogerpon|Power Whip|p2a: Empoleon\n|-damage|p2a: Empoleon|0 fnt\n|faint|p2a: Empoleon\n|move|p2b: Charjabug|Lunge|p1b: Sinistcha\n|-damage|p1b: Sinistcha|89\/100\n|-unboost|p1b: Sinistcha|atk|1\n|\n|-weather|RainDance|[upkeep]\n|upkeep\n|turn|7\n|\n|t:|1700976461\n|move|p1b: Sinistcha|Rage Powder|p1b: Sinistcha\n|-singleturn|p1b: Sinistcha|move: Rage Powder\n|move|p1a: Ogerpon|Ivy Cudgel|p2b: Charjabug|[anim] Ivy Cudgel Water\n|-damage|p2b: Charjabug|0 fnt\n|faint|p2b: Charjabug\n|\n|win|magicwombat7778\n|raw|magicwombat7778's rating: 1065 &rarr; <strong>1096<\/strong><br \/>(+31 for winning)\n|raw|Angel's rating: 1079 &rarr; <strong>1056<\/strong><br \/>(-23 for losing)\n|c|\u2606Angel|gg\n|c|\u2606magicwombat7778|gg\n","uploadtime":1700976477,"views":2,"p1id":"magicwombat7778","p2id":"angel","formatid":"gen9vgc2023regulatione","rating":1056,"private":0,"password":""}