{"id":"gen9vgc2023regulatione-1996329327","p1":"sike038","p2":"Refanner","format":"[Gen 9] VGC 2023 Regulation E","log":"|j|\u2606sike038\n|j|\u2606Refanner\n|t:|1700671692\n|gametype|doubles\n|player|p1|sike038|gardenia|1345\n|player|p2|Refanner|169|1330\n|teamsize|p1|6\n|teamsize|p2|6\n|gen|9\n|tier|[Gen 9] VGC 2023 Regulation E\n|rated|\n|rule|Species Clause: Limit one of each Pok\u00e9mon\n|rule|Item Clause: Limit one of each item\n|clearpoke\n|poke|p1|Regidrago, L50|\n|poke|p1|Tornadus, L50, M|\n|poke|p1|Indeedee-F, L50, F|\n|poke|p1|Amoonguss, L50, M|\n|poke|p1|Arcanine-Hisui, L50, M|\n|poke|p1|Ursaluna-Bloodmoon, L50, M|\n|poke|p2|Glimmora, L50, F|\n|poke|p2|Urshifu-*, L50, M|\n|poke|p2|Tornadus, L50, M|\n|poke|p2|Mamoswine, L50, M|\n|poke|p2|Indeedee-F, L50, F|\n|poke|p2|Regieleki, L50|\n|teampreview|4\nsike038 has agreed to open team sheets.\n|c|\u2606sike038|glhf\nRefanner rejected open team sheets.\n|\n|t:|1700671769\n|start\n|switch|p1a: Tornadus|Tornadus, L50, M|100\/100\n|switch|p1b: Indeedee|Indeedee-F, L50, F|100\/100\n|switch|p2a: Mamoswine|Mamoswine, L50, M|100\/100\n|switch|p2b: Tornadus|Tornadus, L50, M|100\/100\n|-fieldstart|move: Psychic Terrain|[from] ability: Psychic Surge|[of] p1b: Indeedee\n|-enditem|p1b: Indeedee|Psychic Seed\n|-boost|p1b: Indeedee|spd|1|[from] item: Psychic Seed\n|turn|1\n|\n|t:|1700671796\n|move|p1a: Tornadus|Taunt|p2b: Tornadus\n|-start|p2b: Tornadus|move: Taunt\n|cant|p2b: Tornadus|move: Taunt|Taunt\n|move|p2a: Mamoswine|Icicle Crash|p1a: Tornadus|[miss]\n|-miss|p2a: Mamoswine|p1a: Tornadus\n|move|p1b: Indeedee|Trick Room|p1b: Indeedee\n|-fieldstart|move: Trick Room|[of] p1b: Indeedee\n|\n|upkeep\n|turn|2\n|\n|t:|1700671834\n|switch|p1a: Amoonguss|Amoonguss, L50, M|100\/100\n|move|p1b: Indeedee|Follow Me|p1b: Indeedee\n|-singleturn|p1b: Indeedee|move: Follow Me\n|move|p2a: Mamoswine|Icicle Crash|p1b: Indeedee|[miss]\n|-miss|p2a: Mamoswine|p1b: Indeedee\n|move|p2b: Tornadus|Bleakwind Storm|p1b: Indeedee|[spread] p1b\n|-miss|p2b: Tornadus|p1a: Amoonguss\n|-damage|p1b: Indeedee|85\/100\n|-unboost|p1b: Indeedee|spe|1\n|\n|upkeep\n|turn|3\n|\n|t:|1700671868\n|-terastallize|p2a: Mamoswine|Grass\n|move|p1a: Amoonguss|Spore|p2b: Tornadus\n|-status|p2b: Tornadus|slp|[from] move: Spore\n|move|p1b: Indeedee|Dazzling Gleam|p2a: Mamoswine|[spread] p2a,p2b\n|-damage|p2a: Mamoswine|84\/100\n|-damage|p2b: Tornadus|87\/100 slp\n|move|p2a: Mamoswine|Icicle Crash|p1b: Indeedee\n|-damage|p1b: Indeedee|13\/100\n|-damage|p2a: Mamoswine|74\/100|[from] item: Life Orb\n|cant|p2b: Tornadus|slp\n|\n|-end|p2b: Tornadus|move: Taunt\n|upkeep\n|turn|4\n|\n|t:|1700671898\n|move|p1b: Indeedee|Helping Hand|p1a: Amoonguss\n|-singleturn|p1a: Amoonguss|Helping Hand|[of] p1b: Indeedee\n|move|p1a: Amoonguss|Pollen Puff|p2a: Mamoswine\n|-supereffective|p2a: Mamoswine\n|-damage|p2a: Mamoswine|5\/100\n|move|p2a: Mamoswine|Icicle Crash|p1a: Amoonguss\n|-supereffective|p1a: Amoonguss\n|-damage|p1a: Amoonguss|1\/100\n|-damage|p2a: Mamoswine|0 fnt|[from] item: Life Orb\n|faint|p2a: Mamoswine\n|cant|p2b: Tornadus|slp\n|\n|upkeep\n|\n|t:|1700671911\n|switch|p2a: Urshifu|Urshifu, L50, M|100\/100\n|turn|5\n|\n|t:|1700671920\n|move|p1b: Indeedee|Helping Hand|p1a: Amoonguss\n|-singleturn|p1a: Amoonguss|Helping Hand|[of] p1b: Indeedee\n|move|p1a: Amoonguss|Grass Knot|p2a: Urshifu\n|-damage|p2a: Urshifu|42\/100\n|-curestatus|p2b: Tornadus|slp|[msg]\n|move|p2b: Tornadus|Bleakwind Storm|p1a: Amoonguss|[spread] p1a,p1b\n|-supereffective|p1a: Amoonguss\n|-damage|p1a: Amoonguss|0 fnt\n|-damage|p1b: Indeedee|0 fnt\n|faint|p1a: Amoonguss\n|faint|p1b: Indeedee\n|move|p2a: Urshifu|Substitute|p2a: Urshifu\n|-start|p2a: Urshifu|Substitute\n|-damage|p2a: Urshifu|17\/100\n|\n|-fieldend|move: Trick Room\n|-fieldend|move: Psychic Terrain\n|upkeep\n|\n|t:|1700671932\n|switch|p1b: Ursaluna|Ursaluna-Bloodmoon, L50, M|100\/100\n|switch|p1a: Tornadus|Tornadus, L50, M|100\/100\n|turn|6\n|\n|t:|1700671953\n|move|p1a: Tornadus|Bleakwind Storm|p2b: Tornadus|[spread] p2a\n|-miss|p1a: Tornadus|p2b: Tornadus\n|-supereffective|p2a: Urshifu\n|-end|p2a: Urshifu|Substitute\n|move|p2a: Urshifu|Close Combat|p1b: Ursaluna\n|-supereffective|p1b: Ursaluna\n|-damage|p1b: Ursaluna|18\/100\n|-unboost|p2a: Urshifu|def|1\n|-unboost|p2a: Urshifu|spd|1\n|move|p2b: Tornadus|Icy Wind|p1b: Ursaluna|[spread] p1a,p1b\n|-supereffective|p1a: Tornadus\n|-supereffective|p1b: Ursaluna\n|-damage|p1a: Tornadus|76\/100\n|-damage|p1b: Ursaluna|0 fnt\n|faint|p1b: Ursaluna\n|\n|upkeep\n|turn|7\n|\n|t:|1700671972\n|move|p2b: Tornadus|Tailwind|p2b: Tornadus\n|-sidestart|p2: Refanner|move: Tailwind\n|move|p2a: Urshifu|Wicked Blow|p1a: Tornadus\n|-crit|p1a: Tornadus\n|-damage|p1a: Tornadus|0 fnt\n|faint|p1a: Tornadus\n|\n|win|Refanner\n|raw|sike038's rating: 1345 &rarr; <strong>1324<\/strong><br \/>(-21 for losing)\n|raw|Refanner's rating: 1330 &rarr; <strong>1351<\/strong><br \/>(+21 for winning)\n|c|\u2606sike038|gg\n","uploadtime":1700671981,"views":1,"p1id":"sike038","p2id":"refanner","formatid":"gen9vgc2023regulatione","rating":1324,"private":0,"password":""}