{"id":"gen9vgc2023regulatione-1990190606","p1":"silver82","p2":"Casper614","format":"[Gen 9] VGC 2023 Regulation E","log":"|j|\u2606silver82\n|j|\u2606Casper614\n|t:|1699935063\n|gametype|doubles\n|player|p1|silver82|erika|1268\n|player|p2|Casper614|2|1313\n|teamsize|p1|6\n|teamsize|p2|6\n|gen|9\n|tier|[Gen 9] VGC 2023 Regulation E\n|rated|\n|rule|Species Clause: Limit one of each Pok\u00e9mon\n|rule|Item Clause: Limit one of each item\n|clearpoke\n|poke|p1|Cresselia, L50, F|\n|poke|p1|Heatran, L50, F|\n|poke|p1|Rillaboom, L50, M|\n|poke|p1|Flutter Mane, L50|\n|poke|p1|Urshifu-*, L50, F|\n|poke|p1|Brute Bonnet, L50|\n|poke|p2|Dusclops, L50, F|\n|poke|p2|Bellibolt, L50, F|\n|poke|p2|Ting-Lu, L50|\n|poke|p2|Landorus-Therian, L50, M|\n|poke|p2|Dragalge, L50, M|\n|poke|p2|Cloyster, L50, F|\n|teampreview|4\n|inactive|Battle timer is ON: inactive players will automatically lose when time's up. (requested by silver82)\n|\n|t:|1699935099\n|start\n|switch|p1a: Brute Bonnet|Brute Bonnet, L50|100\/100\n|switch|p1b: Cresselia|Cresselia, L50, F|100\/100\n|switch|p2a: Dusclops|Dusclops, L50, F|100\/100\n|switch|p2b: Dragalge|Dragalge, L50, M|100\/100\n|-ability|p2a: Dusclops|Pressure\n|turn|1\n|inactive|Casper614 has 30 seconds left.\n|\n|t:|1699935130\n|-terastallize|p2a: Dusclops|Dark\n|move|p1b: Cresselia|Skill Swap|p2b: Dragalge\n|-activate|p1b: Cresselia|move: Skill Swap|Adaptability|Levitate|[of] p2b: Dragalge\n|move|p1a: Brute Bonnet|Spore|p2a: Dusclops\n|-status|p2a: Dusclops|slp|[from] move: Spore\n|move|p2b: Dragalge|Draco Meteor|p1b: Cresselia\n|-damage|p1b: Cresselia|67\/100\n|-unboost|p2b: Dragalge|spa|2\n|-enditem|p2b: Dragalge|White Herb\n|-clearnegativeboost|p2b: Dragalge|[silent]\n|cant|p2a: Dusclops|slp\n|\n|upkeep\n|turn|2\n|inactive|silver82 has 30 seconds left.\n|\n|t:|1699935160\n|-end|p1a: Brute Bonnet|Protosynthesis|[silent]\n|switch|p1a: Urshifu|Urshifu, L50, F|100\/100\n|move|p1b: Cresselia|Skill Swap|p1a: Urshifu\n|-activate|p1b: Cresselia|move: Skill Swap|||[of] p1a: Urshifu\n|move|p2b: Dragalge|Sludge Bomb|p1a: Urshifu\n|-damage|p1a: Urshifu|35\/100\n|-status|p1a: Urshifu|psn\n|-curestatus|p2a: Dusclops|slp|[msg]\n|move|p2a: Dusclops|Trick Room|p2a: Dusclops\n|-fieldstart|move: Trick Room|[of] p2a: Dusclops\n|\n|-damage|p1a: Urshifu|23\/100 psn|[from] psn\n|upkeep\n|turn|3\n|c|\u2606silver82|...\n|inactive|silver82 has 30 seconds left.\n|inactive|Casper614 has 30 seconds left.\n|c|\u2606silver82|poison+1 turn sleep\n|inactive|silver82 has 20 seconds left.\n|inactive|silver82 has 15 seconds left.\n|\n|t:|1699935201\n|move|p1a: Urshifu|Sucker Punch|p2b: Dragalge\n|-damage|p2b: Dragalge|33\/100\n|-damage|p1a: Urshifu|14\/100 psn|[from] item: Life Orb\n|move|p2a: Dusclops|Will-O-Wisp||[still]\n|-fail|p2a: Dusclops\n|move|p2b: Dragalge|Sludge Bomb|p1a: Urshifu\n|-damage|p1a: Urshifu|0 fnt\n|faint|p1a: Urshifu\n|move|p1b: Cresselia|Sunny Day|p1b: Cresselia\n|-weather|SunnyDay\n|\n|-weather|SunnyDay|[upkeep]\n|upkeep\n|\n|t:|1699935216\n|switch|p1a: Brute Bonnet|Brute Bonnet, L50|100\/100\n|-activate|p1a: Brute Bonnet|ability: Protosynthesis\n|-start|p1a: Brute Bonnet|protosynthesisatk\n|turn|4\n|\n|t:|1699935233\n|switch|p2b: Cloyster|Cloyster, L50, F|100\/100\n|move|p1b: Cresselia|Ally Switch|p1b: Cresselia\n|swap|p1b: Cresselia|0|[from] move: Ally Switch\n|move|p1b: Brute Bonnet|Sucker Punch||[still]\n|-fail|p1b: Brute Bonnet\n|move|p2a: Dusclops|Will-O-Wisp|p1a: Cresselia\n|-status|p1a: Cresselia|brn\n|\n|-weather|SunnyDay|[upkeep]\n|-damage|p1a: Cresselia|61\/100 brn|[from] brn\n|upkeep\n|turn|5\n|inactive|silver82 has 30 seconds left.\n|inactive|Casper614 has 30 seconds left.\n|inactive|silver82 has 20 seconds left.\n|inactive|silver82 has 15 seconds left.\n|\n|t:|1699935276\n|-terastallize|p1b: Brute Bonnet|Water\n|move|p2a: Dusclops|Will-O-Wisp|p1b: Brute Bonnet|[miss]\n|-miss|p2a: Dusclops|p1b: Brute Bonnet\n|move|p2b: Cloyster|Icicle Spear|p1b: Brute Bonnet\n|-resisted|p1b: Brute Bonnet\n|-crit|p1b: Brute Bonnet\n|-damage|p1b: Brute Bonnet|92\/100\n|-resisted|p1b: Brute Bonnet\n|-damage|p1b: Brute Bonnet|86\/100\n|-resisted|p1b: Brute Bonnet\n|-damage|p1b: Brute Bonnet|80\/100\n|-resisted|p1b: Brute Bonnet\n|-damage|p1b: Brute Bonnet|74\/100\n|-resisted|p1b: Brute Bonnet\n|-damage|p1b: Brute Bonnet|68\/100\n|-hitcount|p1b: Brute Bonnet|5\n|move|p1b: Brute Bonnet|Seed Bomb|p2b: Cloyster\n|-supereffective|p2b: Cloyster\n|-damage|p2b: Cloyster|32\/100\n|move|p1a: Cresselia|Icy Wind|p2a: Dusclops|[spread] p2a,p2b\n|-resisted|p2b: Cloyster\n|-damage|p2a: Dusclops|95\/100\n|-damage|p2b: Cloyster|28\/100\n|-unboost|p2a: Dusclops|spe|1\n|-unboost|p2b: Cloyster|spe|1\n|\n|-weather|SunnyDay|[upkeep]\n|-damage|p1a: Cresselia|55\/100 brn|[from] brn\n|upkeep\n|turn|6\n|inactive|silver82 has 30 seconds left.\n|inactive|Casper614 has 30 seconds left.\n|\n|t:|1699935305\n|switch|p2b: Bellibolt|Bellibolt, L50, F|100\/100\n|move|p1a: Cresselia|Ally Switch|p1a: Cresselia\n|swap|p1a: Cresselia|1|[from] move: Ally Switch\n|move|p2a: Dusclops|Will-O-Wisp|p1b: Cresselia\n|-fail|p1b: Cresselia|brn\n|move|p1a: Brute Bonnet|Spore|p2b: Bellibolt\n|-status|p2b: Bellibolt|slp|[from] move: Spore\n|\n|-weather|SunnyDay|[upkeep]\n|-damage|p1b: Cresselia|49\/100 brn|[from] brn\n|-fieldend|move: Trick Room\n|upkeep\n|turn|7\n|\n|t:|1699935325\n|-end|p1a: Brute Bonnet|Protosynthesis|[silent]\n|switch|p1a: Heatran|Heatran, L50, F|100\/100\n|move|p1b: Cresselia|Skill Swap|p1a: Heatran\n|-activate|p1b: Cresselia|move: Skill Swap|||[of] p1a: Heatran\n|cant|p2b: Bellibolt|slp\n|move|p2a: Dusclops|Trick Room|p2a: Dusclops\n|-fieldstart|move: Trick Room|[of] p2a: Dusclops\n|\n|-weather|none\n|-damage|p1b: Cresselia|42\/100 brn|[from] brn\n|upkeep\n|turn|8\n|c|\u2606Casper614|annoying ah team\n|inactive|Casper614 has 30 seconds left.\n|c|\u2606silver82|says you\n|c|\u2606silver82|with trick room\n|c|\u2606silver82|lol\n|inactive|Casper614 has 20 seconds left.\n|inactive|Casper614 has 15 seconds left.\n|inactive|Casper614 has 10 seconds left.\n|inactive|Casper614 has 5 seconds left.\n|\n|t:|1699935376\n|move|p2a: Dusclops|Pain Split|p1a: Heatran\n|-sethp|p1a: Heatran|78\/100|[from] move: Pain Split|[silent]\n|-sethp|p2a: Dusclops|100\/100|[from] move: Pain Split\n|cant|p2b: Bellibolt|slp\n|move|p1a: Heatran|Heat Wave|p2b: Bellibolt|[spread] p2a,p2b\n|-damage|p2a: Dusclops|75\/100\n|-damage|p2b: Bellibolt|61\/100 slp\n|-start|p2b: Bellibolt|Charge|Heat Wave|[from] ability: Electromorphosis\n|move|p1b: Cresselia|Sunny Day|p1b: Cresselia\n|-weather|SunnyDay\n|\n|-weather|SunnyDay|[upkeep]\n|-heal|p1a: Heatran|84\/100|[from] item: Leftovers\n|-damage|p1b: Cresselia|36\/100 brn|[from] brn\n|upkeep\n|turn|9\n|inactive|silver82 has 30 seconds left.\n|\n|t:|1699935403\n|move|p2a: Dusclops|Pain Split|p1a: Heatran\n|-sethp|p1a: Heatran|64\/100|[from] move: Pain Split|[silent]\n|-sethp|p2a: Dusclops|100\/100|[from] move: Pain Split\n|cant|p2b: Bellibolt|slp\n|-end|p2b: Bellibolt|Charge|[silent]\n|move|p1a: Heatran|Heat Wave|p2a: Dusclops|[spread] p2a,p2b\n|-damage|p2a: Dusclops|63\/100\n|-damage|p2b: Bellibolt|4\/100 slp\n|-start|p2b: Bellibolt|Charge|Heat Wave|[from] ability: Electromorphosis\n|move|p1b: Cresselia|Icy Wind|p2b: Bellibolt|[spread] p2b\n|-miss|p1b: Cresselia|p2a: Dusclops\n|-damage|p2b: Bellibolt|0 fnt\n|faint|p2b: Bellibolt\n|\n|-weather|SunnyDay|[upkeep]\n|-heal|p1a: Heatran|70\/100|[from] item: Leftovers\n|-damage|p1b: Cresselia|30\/100 brn|[from] brn\n|upkeep\n|\n|t:|1699935410\n|switch|p2b: Dragalge|Dragalge, L50, M|33\/100\n|turn|10\n|inactive|silver82 has 30 seconds left.\n|\n|t:|1699935438\n|move|p1b: Cresselia|Ally Switch|p1b: Cresselia\n|swap|p1b: Cresselia|0|[from] move: Ally Switch\n|move|p2a: Dusclops|Pain Split|p1a: Cresselia\n|-sethp|p1a: Cresselia|31\/100 brn|[from] move: Pain Split|[silent]\n|-sethp|p2a: Dusclops|61\/100|[from] move: Pain Split\n|move|p2b: Dragalge|Draco Meteor|p1a: Cresselia\n|-damage|p1a: Cresselia|0 fnt\n|-unboost|p2b: Dragalge|spa|2\n|faint|p1a: Cresselia\n|move|p1b: Heatran|Heat Wave|p2b: Dragalge|[spread] p2a,p2b\n|-resisted|p2b: Dragalge\n|-damage|p2a: Dusclops|19\/100\n|-damage|p2b: Dragalge|1\/100\n|\n|-weather|SunnyDay|[upkeep]\n|-heal|p1b: Heatran|76\/100|[from] item: Leftovers\n|upkeep\n|\n|t:|1699935451\n|switch|p1a: Brute Bonnet|Brute Bonnet, L50, tera:Water|68\/100\n|-activate|p1a: Brute Bonnet|ability: Protosynthesis\n|-start|p1a: Brute Bonnet|protosynthesisatk\n|turn|11\n|c|\u2606silver82|bruh\n|\n|t:|1699935466\n|move|p2b: Dragalge|Protect|p2b: Dragalge\n|-singleturn|p2b: Dragalge|Protect\n|move|p1a: Brute Bonnet|Sucker Punch||[still]\n|-fail|p1a: Brute Bonnet\n|move|p2a: Dusclops|Pain Split|p1b: Heatran\n|-sethp|p1b: Heatran|44\/100|[from] move: Pain Split|[silent]\n|-sethp|p2a: Dusclops|75\/100|[from] move: Pain Split\n|move|p1b: Heatran|Heat Wave|p2a: Dusclops|[spread] p2a\n|-activate|p2b: Dragalge|move: Protect\n|-damage|p2a: Dusclops|38\/100\n|\n|-weather|SunnyDay|[upkeep]\n|-heal|p1b: Heatran|50\/100|[from] item: Leftovers\n|-fieldend|move: Trick Room\n|upkeep\n|turn|12\n|\n|t:|1699935482\n|switch|p2b: Cloyster|Cloyster, L50, F|28\/100\n|move|p1b: Heatran|Heat Wave|p2b: Cloyster|[spread] p2b\n|-miss|p1b: Heatran|p2a: Dusclops\n|-damage|p2b: Cloyster|0 fnt\n|faint|p2b: Cloyster\n|move|p1a: Brute Bonnet|Spore|p2a: Dusclops\n|-status|p2a: Dusclops|slp|[from] move: Spore\n|cant|p2a: Dusclops|slp\n|\n|-weather|none\n|-end|p1a: Brute Bonnet|Protosynthesis\n|-heal|p1b: Heatran|56\/100|[from] item: Leftovers\n|upkeep\n|\n|t:|1699935489\n|switch|p2b: Dragalge|Dragalge, L50, M|1\/100\n|turn|13\n|\n|t:|1699935507\n|move|p1b: Heatran|Heat Wave|p2a: Dusclops|[spread] p2a\n|-miss|p1b: Heatran|p2b: Dragalge\n|-damage|p2a: Dusclops|12\/100 slp\n|move|p1a: Brute Bonnet|Spore|p2b: Dragalge\n|-status|p2b: Dragalge|slp|[from] move: Spore\n|cant|p2b: Dragalge|slp\n|cant|p2a: Dusclops|slp\n|\n|-heal|p1b: Heatran|62\/100|[from] item: Leftovers\n|upkeep\n|turn|14\n|-message|Casper614 forfeited.\n|\n|win|silver82\n|raw|silver82's rating: 1268 &rarr; <strong>1296<\/strong><br \/>(+28 for winning)\n|raw|Casper614's rating: 1313 &rarr; <strong>1290<\/strong><br \/>(-23 for losing)\n|l|\u2606Casper614\n","uploadtime":1699935523,"views":14,"p1id":"silver82","p2id":"casper614","formatid":"gen9vgc2023regulatione","rating":1290,"private":0,"password":""}