{"id":"gen9vgc2023regulatione-1990292712","p1":"TheBeast251","p2":"Cbutty","format":"[Gen 9] VGC 2023 Regulation E","log":"|j|\u2606TheBeast251\n|j|\u2606Cbutty\n|t:|1699951945\n|gametype|doubles\n|player|p1|TheBeast251|flannery|1051\n|player|p2|Cbutty|acetrainer|1000\n|teamsize|p1|6\n|teamsize|p2|6\n|gen|9\n|tier|[Gen 9] VGC 2023 Regulation E\n|rated|\n|rule|Species Clause: Limit one of each Pok\u00e9mon\n|rule|Item Clause: Limit one of each item\n|clearpoke\n|poke|p1|Ninetales-Alola, L50, F|\n|poke|p1|Iron Hands, L50|\n|poke|p1|Heatran, L50, F|\n|poke|p1|Hydreigon, L50, F|\n|poke|p1|Milotic, L50, M|\n|poke|p1|Arcanine, L50, F|\n|poke|p2|Farigiraf, L50, F|\n|poke|p2|Roaring Moon, L50|\n|poke|p2|Arcanine-Hisui, L50, M|\n|poke|p2|Gholdengo, L50|\n|poke|p2|Ursaluna-Bloodmoon, L50, M|\n|poke|p2|Ogerpon-Wellspring, L50, F|\n|teampreview|4\n|inactive|Battle timer is ON: inactive players will automatically lose when time's up. (requested by Cbutty)\n|inactive|TheBeast251 has 60 seconds left.\n|inactive|Cbutty has 60 seconds left.\n|\n|t:|1699951982\n|start\n|switch|p1a: Ninetales|Ninetales-Alola, L50, F|100\/100\n|switch|p1b: Milotic|Milotic, L50, M, shiny|100\/100\n|switch|p2a: Roaring Moon|Roaring Moon, L50|100\/100\n|switch|p2b: Gholdengo|Gholdengo, L50|100\/100\n|-weather|Snow|[from] ability: Snow Warning|[of] p1a: Ninetales\n|-enditem|p2a: Roaring Moon|Booster Energy\n|-activate|p2a: Roaring Moon|ability: Protosynthesis|[fromitem]\n|-start|p2a: Roaring Moon|protosynthesisspe\n|turn|1\n|inactive|TheBeast251 has 30 seconds left.\n|inactive|TheBeast251 has 20 seconds left.\n|\n|t:|1699952018\n|move|p2a: Roaring Moon|Tailwind|p2a: Roaring Moon\n|-sidestart|p2: Cbutty|move: Tailwind\n|move|p2b: Gholdengo|Nasty Plot|p2b: Gholdengo\n|-boost|p2b: Gholdengo|spa|2\n|move|p1a: Ninetales|Blizzard|p2a: Roaring Moon|[spread] p2a,p2b\n|-supereffective|p2a: Roaring Moon\n|-resisted|p2b: Gholdengo\n|-damage|p2a: Roaring Moon|50\/100\n|-damage|p2b: Gholdengo|85\/100\n|-status|p2a: Roaring Moon|frz\n|move|p1b: Milotic|Scald|p2b: Gholdengo\n|-damage|p2b: Gholdengo|53\/100\n|-status|p2b: Gholdengo|brn\n|\n|-weather|Snow|[upkeep]\n|-damage|p2b: Gholdengo|47\/100 brn|[from] brn\n|upkeep\n|turn|2\n|inactive|Cbutty has 30 seconds left.\n|\n|t:|1699952047\n|-terastallize|p2b: Gholdengo|Steel\n|cant|p2a: Roaring Moon|frz\n|move|p2b: Gholdengo|Make It Rain|p1a: Ninetales|[spread] p1a,p1b\n|-supereffective|p1a: Ninetales\n|-resisted|p1b: Milotic\n|-damage|p1a: Ninetales|0 fnt\n|-damage|p1b: Milotic|45\/100\n|-unboost|p2b: Gholdengo|spa|1\n|faint|p1a: Ninetales\n|move|p1b: Milotic|Scald|p2b: Gholdengo\n|-damage|p2b: Gholdengo|12\/100 brn\n|\n|-weather|Snow|[upkeep]\n|-heal|p1b: Milotic|50\/100|[from] item: Leftovers\n|-damage|p2b: Gholdengo|6\/100 brn|[from] brn\n|upkeep\n|inactive|TheBeast251 has 30 seconds left.\n|\n|t:|1699952072\n|switch|p1a: Heatran|Heatran, L50, F|100\/100\n|turn|3\n|\n|t:|1699952091\n|-curestatus|p2a: Roaring Moon|frz|[msg]\n|move|p2a: Roaring Moon|Knock Off|p1a: Heatran\n|-damage|p1a: Heatran|62\/100\n|-damage|p2a: Roaring Moon|33\/100|[from] item: Rocky Helmet|[of] p1a: Heatran\n|-enditem|p1a: Heatran|Rocky Helmet|[from] move: Knock Off|[of] p2a: Roaring Moon\n|move|p2b: Gholdengo|Shadow Ball|p1b: Milotic\n|-damage|p1b: Milotic|1\/100\n|move|p1b: Milotic|Recover|p1b: Milotic\n|-heal|p1b: Milotic|51\/100\n|move|p1a: Heatran|Flash Cannon|p2a: Roaring Moon\n|-damage|p2a: Roaring Moon|0 fnt\n|faint|p2a: Roaring Moon\n|-end|p2a: Roaring Moon|Protosynthesis|[silent]\n|\n|-weather|Snow|[upkeep]\n|-heal|p1b: Milotic|57\/100|[from] item: Leftovers\n|-damage|p2b: Gholdengo|0 fnt|[from] brn\n|faint|p2b: Gholdengo\n|upkeep\n|\n|t:|1699952099\n|switch|p2a: Ogerpon|Ogerpon-Wellspring, L50, F|100\/100\n|switch|p2b: Arcanine|Arcanine-Hisui, L50, M|100\/100\n|-ability|p2b: Arcanine|Intimidate|boost\n|-unboost|p1a: Heatran|atk|1\n|-unboost|p1b: Milotic|atk|1\n|-ability|p1b: Milotic|Competitive|boost\n|-boost|p1b: Milotic|spa|2\n|turn|4\n|\n|t:|1699952123\n|-terastallize|p1b: Milotic|Grass\n|move|p2b: Arcanine|Rock Slide|p1b: Milotic|[spread] p1a,p1b\n|-damage|p1a: Heatran|24\/100\n|-damage|p1b: Milotic|24\/100\n|move|p2a: Ogerpon|Horn Leech|p1b: Milotic\n|-resisted|p1b: Milotic\n|-damage|p1b: Milotic|5\/100\n|cant|p1b: Milotic|flinch\n|cant|p1a: Heatran|flinch\n|\n|-weather|Snow|[upkeep]\n|-heal|p1b: Milotic|11\/100|[from] item: Leftovers\n|-sideend|p2: Cbutty|move: Tailwind\n|upkeep\n|turn|5\n|c|\u2606TheBeast251|double flinch\n|c|\u2606TheBeast251|because of courseeeee\n|c|\u2606Cbutty|We take those\n|inactive|TheBeast251 has 30 seconds left.\n|\n|t:|1699952149\n|move|p2b: Arcanine|Rock Slide|p1b: Milotic|[spread] p1a,p1b\n|-damage|p1a: Heatran|0 fnt\n|-damage|p1b: Milotic|0 fnt\n|faint|p1a: Heatran\n|faint|p1b: Milotic\n|move|p2a: Ogerpon|Ivy Cudgel|p1: Heatran|[notarget]\n|-fail|p2a: Ogerpon\n|\n|-weather|none\n|upkeep\n|c|\u2606TheBeast251|stfu\n|\n|t:|1699952156\n|switch|p1b: Arcanine|Arcanine, L50, F, shiny|100\/100\n|-ability|p1b: Arcanine|Intimidate|boost\n|-unboost|p2a: Ogerpon|atk|1\n|-unboost|p2b: Arcanine|atk|1\n|turn|6\n|c|\u2606Cbutty|Also don't act like you didn't get the freeze and the burn earlier lmao\n|c|\u2606TheBeast251|lol for one turn?\n|c|\u2606TheBeast251|the fuck did burn do? ur literally a spatker\n|inactive|Cbutty has 30 seconds left.\n|c|\u2606TheBeast251|its not like the single freeze one the game ur DRAGON was already weak to snow\n|c|\u2606Cbutty|Really? Cuz on turn 2 it says roaring moon was frozen solid lmao\n|\n|t:|1699952190\n|move|p1b: Arcanine|Heat Wave|p2a: Ogerpon|[spread] p2a,p2b\n|-resisted|p2b: Arcanine\n|-damage|p2a: Ogerpon|76\/100\n|-damage|p2b: Arcanine|93\/100\n|move|p2b: Arcanine|Rock Slide|p1b: Arcanine\n|-supereffective|p1b: Arcanine\n|-damage|p1b: Arcanine|8\/100\n|-enditem|p1b: Arcanine|Sitrus Berry|[eat]\n|-heal|p1b: Arcanine|33\/100|[from] item: Sitrus Berry\n|move|p2a: Ogerpon|Ivy Cudgel|p1b: Arcanine\n|-supereffective|p1b: Arcanine\n|-damage|p1b: Arcanine|0 fnt\n|faint|p1b: Arcanine\n|\n|win|Cbutty\n|raw|TheBeast251's rating: 1051 &rarr; <strong>1031<\/strong><br \/>(-20 for losing)\n|raw|Cbutty's rating: 1000 &rarr; <strong>1046<\/strong><br \/>(+46 for winning)\n","uploadtime":1699952170,"views":11,"p1id":"thebeast251","p2id":"cbutty","formatid":"gen9vgc2023regulatione","rating":1031,"private":0,"password":""}