{"id":"gen9vgc2023regulatione-1998323050","p1":"PiplupMann","p2":"Hi I'm Arceil","format":"[Gen 9] VGC 2023 Regulation E","log":"|j|\u2606PiplupMann\n|j|\u2606Hi I'm Arceil\n|t:|1700929379\n|gametype|doubles\n|player|p1|PiplupMann|wallace|1028\n|player|p2|Hi I'm Arceil|cynthia-gen4|1086\n|teamsize|p1|6\n|teamsize|p2|6\n|gen|9\n|tier|[Gen 9] VGC 2023 Regulation E\n|rated|\n|rule|Species Clause: Limit one of each Pok\u00e9mon\n|rule|Item Clause: Limit one of each item\n|clearpoke\n|poke|p1|Enamorus, L50, F|\n|poke|p1|Thundurus, L50, M|\n|poke|p1|Flutter Mane, L50|\n|poke|p1|Arcanine-Hisui, L50, M|\n|poke|p1|Flamigo, L50, F|\n|poke|p1|Meowscarada, L50, F|\n|poke|p2|Skeledirge, L50, M|\n|poke|p2|Meowscarada, L50, M|\n|poke|p2|Tornadus, L50, M|\n|poke|p2|Sneasler, L50, F|\n|poke|p2|Ogerpon-Wellspring, L50, F|\n|poke|p2|Arcanine-Hisui, L50, M|\n|teampreview|4\n|\n|t:|1700929436\n|start\n|switch|p1a: Enamorus|Enamorus, L50, F, shiny|100\/100\n|switch|p1b: Thundurus|Thundurus, L50, M, shiny|100\/100\n|switch|p2a: Tempest|Tornadus, L50, M|100\/100\n|switch|p2b: Lookin' Sharp|Sneasler, L50, F, shiny|100\/100\n|turn|1\n|\n|t:|1700929451\n|-terastallize|p1a: Enamorus|Fighting\n|move|p2a: Tempest|Tailwind|p2a: Tempest\n|-sidestart|p2: Hi I'm Arceil|move: Tailwind\n|move|p1b: Thundurus|Eerie Impulse|p1a: Enamorus\n|-boost|p1a: Enamorus|spa|2\n|move|p2b: Lookin' Sharp|Dire Claw|p1a: Enamorus\n|-damage|p1a: Enamorus|29\/100\n|-enditem|p1a: Enamorus|Sitrus Berry|[eat]\n|-heal|p1a: Enamorus|54\/100|[from] item: Sitrus Berry\n|move|p1a: Enamorus|Springtide Storm|p2b: Lookin' Sharp|[spread] p2a,p2b\n|-damage|p2a: Tempest|0 fnt\n|-damage|p2b: Lookin' Sharp|33\/100\n|faint|p2a: Tempest\n|\n|upkeep\n|\n|t:|1700929465\n|switch|p2a: Guardian|Arcanine-Hisui, L50, M|100\/100\n|-ability|p2a: Guardian|Intimidate|boost\n|-boost|p1a: Enamorus|atk|1\n|-unboost|p1b: Thundurus|atk|1\n|turn|2\n|\n|t:|1700929477\n|move|p1a: Enamorus|Protect|p1a: Enamorus\n|-singleturn|p1a: Enamorus|Protect\n|move|p2a: Guardian|Rock Slide|p1a: Enamorus|[spread] p1b\n|-activate|p1a: Enamorus|move: Protect\n|-supereffective|p1b: Thundurus\n|-damage|p1b: Thundurus|11\/100\n|-damage|p2a: Guardian|91\/100|[from] item: Life Orb\n|move|p2b: Lookin' Sharp|Dire Claw|p1a: Enamorus\n|-activate|p1a: Enamorus|move: Protect\n|cant|p1b: Thundurus|flinch\n|\n|upkeep\n|turn|3\n|\n|t:|1700929499\n|move|p1b: Thundurus|Scary Face|p1a: Enamorus\n|-boost|p1a: Enamorus|spe|2\n|move|p2a: Guardian|Rock Slide|p1b: Thundurus|[spread] p1a,p1b\n|-resisted|p1a: Enamorus\n|-supereffective|p1b: Thundurus\n|-damage|p1a: Enamorus|27\/100\n|-damage|p1b: Thundurus|0 fnt\n|faint|p1b: Thundurus\n|-damage|p2a: Guardian|81\/100|[from] item: Life Orb\n|move|p2b: Lookin' Sharp|Dire Claw|p1a: Enamorus\n|-damage|p1a: Enamorus|0 fnt\n|faint|p1a: Enamorus\n|\n|upkeep\n|\n|t:|1700929514\n|switch|p1b: Flutter Mane|Flutter Mane, L50|100\/100\n|switch|p1a: Arcanine|Arcanine-Hisui, L50, M|100\/100\n|-ability|p1a: Arcanine|Intimidate|boost\n|-unboost|p2a: Guardian|atk|1\n|-unboost|p2b: Lookin' Sharp|atk|1\n|-enditem|p1b: Flutter Mane|Booster Energy\n|-activate|p1b: Flutter Mane|ability: Protosynthesis|[fromitem]\n|-start|p1b: Flutter Mane|protosynthesisspe\n|turn|4\n|\n|t:|1700929532\n|move|p2a: Guardian|Flare Blitz|p1b: Flutter Mane\n|-damage|p1b: Flutter Mane|10\/100\n|-damage|p2a: Guardian|58\/100|[from] Recoil\n|-damage|p2a: Guardian|48\/100|[from] item: Life Orb\n|move|p2b: Lookin' Sharp|Close Combat|p1a: Arcanine\n|-supereffective|p1a: Arcanine\n|-damage|p1a: Arcanine|0 fnt\n|-unboost|p2b: Lookin' Sharp|def|1\n|-unboost|p2b: Lookin' Sharp|spd|1\n|faint|p1a: Arcanine\n|move|p1b: Flutter Mane|Dazzling Gleam|p2b: Lookin' Sharp|[spread] p2a,p2b\n|-resisted|p2a: Guardian\n|-damage|p2a: Guardian|27\/100\n|-damage|p2b: Lookin' Sharp|0 fnt\n|faint|p2b: Lookin' Sharp\n|\n|-sideend|p2: Hi I'm Arceil|move: Tailwind\n|upkeep\n|\n|t:|1700929546\n|switch|p2b: Dramaturge|Ogerpon-Wellspring, L50, F|100\/100\n|turn|5\n|-message|PiplupMann forfeited.\n|\n|win|Hi I'm Arceil\n|raw|PiplupMann's rating: 1028 &rarr; <strong>1016<\/strong><br \/>(-12 for losing)\n|raw|Hi I&apos;m Arceil's rating: 1086 &rarr; <strong>1109<\/strong><br \/>(+23 for winning)\n|l|\u2606PiplupMann\n","uploadtime":1700929560,"views":1,"p1id":"piplupmann","p2id":"hiimarceil","formatid":"gen9vgc2023regulatione","rating":1016,"private":0,"password":""}