{"id":"gen9vgc2023regulatione-1987961614","p1":"taterstotz","p2":"zenchaos","format":"[Gen 9] VGC 2023 Regulation E","log":"|j|\u2606taterstotz\n|j|\u2606zenchaos\n|t:|1699653503\n|gametype|doubles\n|player|p1|taterstotz|2|1409\n|player|p2|zenchaos|169|1495\n|teamsize|p1|6\n|teamsize|p2|6\n|gen|9\n|tier|[Gen 9] VGC 2023 Regulation E\n|rated|\n|rule|Species Clause: Limit one of each Pok\u00e9mon\n|rule|Item Clause: Limit one of each item\n|clearpoke\n|poke|p1|Rillaboom, L50, F|\n|poke|p1|Zapdos, L50|\n|poke|p1|Politoed, L50, F|\n|poke|p1|Landorus-Therian, L50, M|\n|poke|p1|Basculegion, L50, M|\n|poke|p1|Grimmsnarl, L50, M|\n|poke|p2|Sneasler, L50, F|\n|poke|p2|Indeedee-F, L50, F|\n|poke|p2|Armarouge, L50, F|\n|poke|p2|Urshifu-*, L50, F|\n|poke|p2|Chien-Pao, L50|\n|poke|p2|Tornadus, L50, M|\n|teampreview|4\n|inactive|Battle timer is ON: inactive players will automatically lose when time's up. (requested by taterstotz)\ntaterstotz has agreed to open team sheets.\n|inactive|zenchaos has 60 seconds left.\n|\n|t:|1699653562\n|start\n|switch|p1a: Grimmsnarl|Grimmsnarl, L50, M|100\/100\n|switch|p1b: Landorus|Landorus-Therian, L50, M|100\/100\n|switch|p2a: Urshifu|Urshifu-Rapid-Strike, L50, F|100\/100\n|switch|p2b: Chien-Pao|Chien-Pao, L50|100\/100\n|-ability|p1b: Landorus|Intimidate|boost\n|-unboost|p2a: Urshifu|atk|1\n|-unboost|p2b: Chien-Pao|atk|1\n|-ability|p2b: Chien-Pao|Sword of Ruin\n|turn|1\n|inactive|taterstotz has 30 seconds left.\n|\n|t:|1699653595\n|move|p2b: Chien-Pao|Ice Shard|p1b: Landorus\n|-supereffective|p1b: Landorus\n|-damage|p1b: Landorus|0 fnt\n|faint|p1b: Landorus\n|-damage|p2b: Chien-Pao|91\/100|[from] item: Life Orb\n|move|p1a: Grimmsnarl|Reflect|p1a: Grimmsnarl\n|-sidestart|p1: taterstotz|Reflect\n|move|p2a: Urshifu|Surging Strikes|p1a: Grimmsnarl\n|-crit|p1a: Grimmsnarl\n|-damage|p1a: Grimmsnarl|69\/100\n|-crit|p1a: Grimmsnarl\n|-damage|p1a: Grimmsnarl|37\/100\n|-crit|p1a: Grimmsnarl\n|-damage|p1a: Grimmsnarl|5\/100\n|-hitcount|p1a: Grimmsnarl|3\n|\n|upkeep\n|c|\u2606taterstotz|the one dude still running shard\n|\n|t:|1699653610\n|switch|p1b: Zapdos|Zapdos, L50|100\/100\n|turn|2\n|\n|t:|1699653622\n|-terastallize|p1b: Zapdos|Water\n|move|p2a: Urshifu|Surging Strikes|p1b: Zapdos\n|-resisted|p1b: Zapdos\n|-crit|p1b: Zapdos\n|-damage|p1b: Zapdos|90\/100\n|-damage|p2a: Urshifu|84\/100|[from] item: Rocky Helmet|[of] p1b: Zapdos\n|-resisted|p1b: Zapdos\n|-crit|p1b: Zapdos\n|-damage|p1b: Zapdos|77\/100\n|-damage|p2a: Urshifu|68\/100|[from] item: Rocky Helmet|[of] p1b: Zapdos\n|-resisted|p1b: Zapdos\n|-crit|p1b: Zapdos\n|-damage|p1b: Zapdos|64\/100\n|-damage|p2a: Urshifu|51\/100|[from] item: Rocky Helmet|[of] p1b: Zapdos\n|-hitcount|p1b: Zapdos|3\n|move|p2b: Chien-Pao|Icicle Crash|p1b: Zapdos\n|-resisted|p1b: Zapdos\n|-damage|p1b: Zapdos|49\/100\n|-damage|p2b: Chien-Pao|81\/100|[from] item: Life Orb\n|move|p1b: Zapdos|Thunderbolt|p2a: Urshifu\n|-supereffective|p2a: Urshifu\n|-damage|p2a: Urshifu|0 fnt\n|faint|p2a: Urshifu\n|move|p1a: Grimmsnarl|Spirit Break|p2b: Chien-Pao\n|-supereffective|p2b: Chien-Pao\n|-damage|p2b: Chien-Pao|0 fnt\n|faint|p2b: Chien-Pao\n|\n|upkeep\n|\n|t:|1699653633\n|switch|p2b: Indeedee|Indeedee-F, L50, F|100\/100\n|switch|p2a: Armarouge|Armarouge, L50, F|100\/100\n|-fieldstart|move: Psychic Terrain|[from] ability: Psychic Surge|[of] p2b: Indeedee\n|turn|3\n|\n|t:|1699653648\n|move|p1b: Zapdos|Protect|p1b: Zapdos\n|-singleturn|p1b: Zapdos|Protect\n|move|p2b: Indeedee|Follow Me|p2b: Indeedee\n|-singleturn|p2b: Indeedee|move: Follow Me\n|move|p1a: Grimmsnarl|Light Screen|p1a: Grimmsnarl\n|-sidestart|p1: taterstotz|move: Light Screen\n|move|p2a: Armarouge|Expanding Force|p1b: Zapdos|[spread] \n|-activate|p1b: Zapdos|move: Protect\n|-immune|p1a: Grimmsnarl\n|\n|upkeep\n|turn|4\n|\n|t:|1699653656\n|switch|p1b: Rillaboom|Rillaboom, L50, F|100\/100\n|-fieldstart|move: Grassy Terrain|[from] ability: Grassy Surge|[of] p1b: Rillaboom\n|move|p2b: Indeedee|Follow Me|p2b: Indeedee\n|-singleturn|p2b: Indeedee|move: Follow Me\n|move|p2a: Armarouge|Expanding Force|p1b: Rillaboom\n|-damage|p1b: Rillaboom|82\/100\n|move|p1a: Grimmsnarl|Spirit Break|p2b: Indeedee\n|-damage|p2b: Indeedee|62\/100\n|-unboost|p2b: Indeedee|spa|1\n|-damage|p1a: Grimmsnarl|0 fnt|[from] item: Rocky Helmet|[of] p2b: Indeedee\n|faint|p1a: Grimmsnarl\n|\n|-heal|p2b: Indeedee|68\/100|[from] Grassy Terrain\n|-heal|p1b: Rillaboom|87\/100|[from] Grassy Terrain\n|upkeep\n|\n|t:|1699653666\n|switch|p1a: Zapdos|Zapdos, L50, tera:Water|49\/100\n|turn|5\n|\n|t:|1699653673\n|-terastallize|p2a: Armarouge|Grass\n|move|p2a: Armarouge|Endure|p2a: Armarouge\n|-singleturn|p2a: Armarouge|move: Endure\n|move|p2b: Indeedee|Protect|p2b: Indeedee\n|-singleturn|p2b: Indeedee|Protect\n|move|p1b: Rillaboom|Fake Out|p2a: Armarouge\n|-damage|p2a: Armarouge|84\/100\n|-ability|p2a: Armarouge|Weak Armor|boost\n|-unboost|p2a: Armarouge|def|1\n|-boost|p2a: Armarouge|spe|2\n|move|p1a: Zapdos|Thunderbolt|p2b: Indeedee\n|-activate|p2b: Indeedee|move: Protect\n|\n|-heal|p2a: Armarouge|90\/100|[from] Grassy Terrain\n|-heal|p1a: Zapdos|55\/100|[from] Grassy Terrain\n|-heal|p2b: Indeedee|74\/100|[from] Grassy Terrain\n|-heal|p1b: Rillaboom|93\/100|[from] Grassy Terrain\n|-sideend|p1: taterstotz|Reflect\n|upkeep\n|turn|6\n|\n|t:|1699653691\n|move|p2b: Indeedee|Helping Hand|p2a: Armarouge\n|-singleturn|p2a: Armarouge|Helping Hand|[of] p2b: Indeedee\n|move|p1b: Rillaboom|Grassy Glide|p2b: Indeedee\n|-damage|p2b: Indeedee|24\/100\n|-damage|p1b: Rillaboom|77\/100|[from] item: Rocky Helmet|[of] p2b: Indeedee\n|move|p2a: Armarouge|Armor Cannon|p1b: Rillaboom\n|-supereffective|p1b: Rillaboom\n|-damage|p1b: Rillaboom|0 fnt\n|-unboost|p2a: Armarouge|def|1\n|-unboost|p2a: Armarouge|spd|1\n|faint|p1b: Rillaboom\n|move|p1a: Zapdos|Hurricane|p2a: Armarouge\n|-supereffective|p2a: Armarouge\n|-damage|p2a: Armarouge|0 fnt\n|faint|p2a: Armarouge\n|\n|-heal|p1a: Zapdos|61\/100|[from] Grassy Terrain\n|-heal|p2b: Indeedee|30\/100|[from] Grassy Terrain\n|upkeep\n|turn|7\n|\n|t:|1699653704\n|move|p2b: Indeedee|Protect|p2b: Indeedee\n|-singleturn|p2b: Indeedee|Protect\n|move|p1a: Zapdos|Thunderbolt|p2b: Indeedee\n|-activate|p2b: Indeedee|move: Protect\n|\n|-heal|p1a: Zapdos|66\/100|[from] Grassy Terrain\n|-heal|p2b: Indeedee|35\/100|[from] Grassy Terrain\n|-sideend|p1: taterstotz|move: Light Screen\n|upkeep\n|turn|8\n|\n|t:|1699653710\n|move|p1a: Zapdos|Thunderbolt|p2b: Indeedee\n|-damage|p2b: Indeedee|0 fnt\n|faint|p2b: Indeedee\n|\n|win|taterstotz\n|raw|taterstotz's rating: 1409 &rarr; <strong>1434<\/strong><br \/>(+25 for winning)\n|raw|zenchaos's rating: 1495 &rarr; <strong>1470<\/strong><br \/>(-25 for losing)\n|l|\u2606zenchaos\n","uploadtime":1699653876,"views":24,"p1id":"taterstotz","p2id":"zenchaos","formatid":"gen9vgc2023regulatione","rating":1434,"private":0,"password":""}