{"id":"gen9vgc2023regulatione-2000410468","p1":"Ninethousand1","p2":"TrendanBrendan","format":"[Gen 9] VGC 2023 Regulation E","log":"|j|\u2606Ninethousand1\n|j|\u2606TrendanBrendan\n|t:|1701192487\n|gametype|doubles\n|player|p1|Ninethousand1|cynthia|1175\n|player|p2|TrendanBrendan|bugcatcher-gen4dp|1213\n|teamsize|p1|6\n|teamsize|p2|6\n|gen|9\n|tier|[Gen 9] VGC 2023 Regulation E\n|rated|\n|rule|Species Clause: Limit one of each Pok\u00e9mon\n|rule|Item Clause: Limit one of each item\n|clearpoke\n|poke|p1|Annihilape, L50, M|\n|poke|p1|Maushold-Four, L50|\n|poke|p1|Flutter Mane, L50|\n|poke|p1|Landorus, L50, M|\n|poke|p1|Tornadus, L50, M|\n|poke|p1|Roaring Moon, L50|\n|poke|p2|Amoonguss, L50, F|\n|poke|p2|Heatran, L50, F|\n|poke|p2|Roaring Moon, L50|\n|poke|p2|Iron Hands, L50|\n|poke|p2|Flutter Mane, L50|\n|poke|p2|Landorus-Therian, L50, M|\n|teampreview|4\n|inactive|Battle timer is ON: inactive players will automatically lose when time's up. (requested by Ninethousand1)\n|c|\u2606TrendanBrendan|glhf\nTrendanBrendan has agreed to open team sheets.\n|c|\u2606Ninethousand1|glhf\nNinethousand1 has agreed to open team sheets.\n|inactive|TrendanBrendan has 30 seconds left.\n|\n|t:|1701192537\n|start\n|switch|p1a: Flutter Mane|Flutter Mane, L50|100\/100\n|switch|p1b: Tornadus|Tornadus, L50, M|100\/100\n|switch|p2a: Flutter Mane|Flutter Mane, L50|100\/100\n|switch|p2b: Roaring Moon|Roaring Moon, L50|100\/100\n|-enditem|p2b: Roaring Moon|Booster Energy\n|-activate|p2b: Roaring Moon|ability: Protosynthesis|[fromitem]\n|-start|p2b: Roaring Moon|protosynthesisspe\n|turn|1\n|inactive|TrendanBrendan has 30 seconds left.\n|\n|t:|1701192569\n|-terastallize|p1a: Flutter Mane|Fairy\n|move|p2b: Roaring Moon|Protect|p2b: Roaring Moon\n|-singleturn|p2b: Roaring Moon|Protect\n|move|p1b: Tornadus|Tailwind|p1b: Tornadus\n|-sidestart|p1: Ninethousand1|move: Tailwind\n|move|p1a: Flutter Mane|Dazzling Gleam|p2a: Flutter Mane|[spread] p2a\n|-activate|p2b: Roaring Moon|move: Protect\n|-damage|p2a: Flutter Mane|35\/100\n|move|p2a: Flutter Mane|Moonblast|p1a: Flutter Mane\n|-damage|p1a: Flutter Mane|10\/100\n|\n|upkeep\n|turn|2\n|c|\u2606Ninethousand1|battle of flutters\n|\n|t:|1701192592\n|-terastallize|p2b: Roaring Moon|Poison\n|move|p1b: Tornadus|Taunt|p2b: Roaring Moon\n|-start|p2b: Roaring Moon|move: Taunt\n|move|p1a: Flutter Mane|Dazzling Gleam|p2a: Flutter Mane|[spread] p2a,p2b\n|-resisted|p2b: Roaring Moon\n|-damage|p2a: Flutter Mane|0 fnt\n|-damage|p2b: Roaring Moon|72\/100\n|faint|p2a: Flutter Mane\n|-end|p2a: Flutter Mane|Protosynthesis|[silent]\n|cant|p2b: Roaring Moon|move: Taunt|Tailwind\n|\n|upkeep\n|\n|t:|1701192596\n|switch|p2a: Iron Hands|Iron Hands, L50|100\/100\n|turn|3\n|\n|t:|1701192612\n|move|p2a: Iron Hands|Fake Out|p1a: Flutter Mane\n|-damage|p1a: Flutter Mane|0 fnt\n|faint|p1a: Flutter Mane\n|-end|p1a: Flutter Mane|Protosynthesis|[silent]\n|move|p1b: Tornadus|Bleakwind Storm|p2b: Roaring Moon|[spread] p2a,p2b\n|-damage|p2a: Iron Hands|82\/100\n|-damage|p2b: Roaring Moon|33\/100\n|-unboost|p2b: Roaring Moon|spe|1\n|move|p2b: Roaring Moon|Knock Off|p1b: Tornadus\n|-damage|p1b: Tornadus|22\/100\n|-enditem|p1b: Tornadus|Covert Cloak|[from] move: Knock Off|[of] p2b: Roaring Moon\n|\n|upkeep\n|\n|t:|1701192630\n|switch|p1a: Landorus|Landorus, L50, M|100\/100\n|turn|4\n|\n|t:|1701192638\n|-end|p2a: Iron Hands|Quark Drive|[silent]\n|switch|p2a: Landorus|Landorus-Therian, L50, M|100\/100\n|-ability|p2a: Landorus|Intimidate|boost\n|-unboost|p1a: Landorus|atk|1\n|-unboost|p1b: Tornadus|atk|1\n|move|p1b: Tornadus|Bleakwind Storm|p2a: Landorus|[spread] p2a,p2b\n|-damage|p2a: Landorus|61\/100\n|-damage|p2b: Roaring Moon|0 fnt\n|faint|p2b: Roaring Moon\n|-end|p2b: Roaring Moon|Protosynthesis|[silent]\n|move|p1a: Landorus|Sandsear Storm|p2a: Landorus\n|-immune|p2a: Landorus\n|\n|-sideend|p1: Ninethousand1|move: Tailwind\n|upkeep\n|\n|t:|1701192645\n|switch|p2b: Iron Hands|Iron Hands, L50|82\/100\n|turn|5\n|\n|t:|1701192656\n|move|p2b: Iron Hands|Fake Out|p1b: Tornadus\n|-damage|p1b: Tornadus|0 fnt\n|faint|p1b: Tornadus\n|move|p2a: Landorus|Rock Slide|p1a: Landorus\n|-damage|p1a: Landorus|70\/100\n|move|p1a: Landorus|Sandsear Storm|p2b: Iron Hands|[spread] p2b\n|-immune|p2a: Landorus\n|-supereffective|p2b: Iron Hands\n|-damage|p2b: Iron Hands|16\/100\n|\n|upkeep\n|\n|t:|1701192662\n|switch|p1b: Roaring Moon|Roaring Moon, L50|100\/100\n|-enditem|p1b: Roaring Moon|Booster Energy\n|-activate|p1b: Roaring Moon|ability: Protosynthesis|[fromitem]\n|-start|p1b: Roaring Moon|protosynthesisatk\n|turn|6\n|\n|t:|1701192684\n|move|p2a: Landorus|Rock Slide|p1a: Landorus|[spread] p1a,p1b\n|-damage|p1a: Landorus|48\/100\n|-damage|p1b: Roaring Moon|76\/100\n|move|p1b: Roaring Moon|Acrobatics|p2a: Landorus\n|-damage|p2a: Landorus|0 fnt\n|faint|p2a: Landorus\n|move|p1a: Landorus|Earth Power|p2b: Iron Hands\n|-supereffective|p2b: Iron Hands\n|-damage|p2b: Iron Hands|0 fnt\n|faint|p2b: Iron Hands\n|-end|p2b: Iron Hands|Quark Drive|[silent]\n|\n|win|Ninethousand1\n|raw|Ninethousand1's rating: 1175 &rarr; <strong>1203<\/strong><br \/>(+28 for winning)\n|raw|TrendanBrendan's rating: 1213 &rarr; <strong>1185<\/strong><br \/>(-28 for losing)\n","uploadtime":1701192691,"views":2,"p1id":"ninethousand1","p2id":"trendanbrendan","formatid":"gen9vgc2023regulatione","rating":1185,"private":0,"password":""}