{"id":"gen9vgc2023regulatione-1995930626","p1":"Piouspoppy41355","p2":"Shibatku","format":"[Gen 9] VGC 2023 Regulation E","log":"|j|\u2606Piouspoppy41355\n|j|\u2606Shibatku\n|t:|1700618706\n|gametype|doubles\n|player|p1|Piouspoppy41355|169|1087\n|player|p2|Shibatku|byron|1193\n|teamsize|p1|6\n|teamsize|p2|6\n|gen|9\n|tier|[Gen 9] VGC 2023 Regulation E\n|rated|\n|rule|Species Clause: Limit one of each Pok\u00e9mon\n|rule|Item Clause: Limit one of each item\n|clearpoke\n|poke|p1|Milotic, L50, F|\n|poke|p1|Ogerpon-Hearthflame, L50, F|\n|poke|p1|Rillaboom, L50, F|\n|poke|p1|Articuno-Galar, L50|\n|poke|p1|Regieleki, L50|\n|poke|p1|Dragapult, L50, F|\n|poke|p2|Indeedee-F, L50, F|\n|poke|p2|Urshifu-*, L50, F|\n|poke|p2|Ursaluna-Bloodmoon, L50, M|\n|poke|p2|Tornadus, L50, M|\n|poke|p2|Armarouge, L50, F|\n|poke|p2|Flutter Mane, L50|\n|teampreview|4\n|\n|t:|1700618748\n|start\n|switch|p1a: Milotic|Milotic, L50, F, shiny|100\/100\n|switch|p1b: Rillaboom|Rillaboom, L50, F|100\/100\n|switch|p2a: Tornadus|Tornadus, L50, M|100\/100\n|switch|p2b: Flutter Mane|Flutter Mane, L50, shiny|100\/100\n|-fieldstart|move: Grassy Terrain|[from] ability: Grassy Surge|[of] p1b: Rillaboom\n|-enditem|p2b: Flutter Mane|Booster Energy\n|-activate|p2b: Flutter Mane|ability: Protosynthesis|[fromitem]\n|-start|p2b: Flutter Mane|protosynthesisspa\n|turn|1\n|\n|t:|1700618769\n|switch|p1b: Regieleki|Regieleki, L50|100\/100\n|move|p2b: Flutter Mane|Protect|p2b: Flutter Mane\n|-singleturn|p2b: Flutter Mane|Protect\n|move|p2a: Tornadus|Tailwind|p2a: Tornadus\n|-sidestart|p2: Shibatku|move: Tailwind\n|move|p1a: Milotic|Hypnosis|p2b: Flutter Mane\n|-activate|p2b: Flutter Mane|move: Protect\n|\n|upkeep\n|turn|2\n|\n|t:|1700618812\n|-terastallize|p2b: Flutter Mane|Fairy\n|-terastallize|p1b: Regieleki|Electric\n|move|p2a: Tornadus|Taunt|p1a: Milotic\n|-start|p1a: Milotic|move: Taunt\n|move|p2b: Flutter Mane|Moonblast|p1b: Regieleki\n|-damage|p1b: Regieleki|0 fnt\n|faint|p1b: Regieleki\n|cant|p1a: Milotic|move: Taunt|Hypnosis\n|\n|upkeep\n|\n|t:|1700618823\n|switch|p1b: Rillaboom|Rillaboom, L50, F|100\/100\n|turn|3\n|\n|t:|1700618868\n|switch|p2a: Indeedee|Indeedee-F, L50, F|100\/100\n|-fieldstart|move: Psychic Terrain|[from] ability: Psychic Surge|[of] p2a: Indeedee\n|move|p2b: Flutter Mane|Moonblast|p1a: Milotic\n|-damage|p1a: Milotic|29\/100\n|move|p1a: Milotic|Hydro Pump|p2b: Flutter Mane\n|-damage|p2b: Flutter Mane|66\/100\n|move|p1b: Rillaboom|Wood Hammer|p2b: Flutter Mane\n|-damage|p2b: Flutter Mane|0 fnt\n|faint|p2b: Flutter Mane\n|-end|p2b: Flutter Mane|Protosynthesis|[silent]\n|-damage|p1b: Rillaboom|82\/100|[from] Recoil\n|\n|upkeep\n|\n|t:|1700618886\n|switch|p2b: Tornadus|Tornadus, L50, M|100\/100\n|turn|4\n|\n|t:|1700618920\n|move|p2b: Tornadus|Grass Knot|p1a: Milotic\n|-supereffective|p1a: Milotic\n|-damage|p1a: Milotic|0 fnt\n|faint|p1a: Milotic\n|move|p1b: Rillaboom|Wood Hammer|p2b: Tornadus\n|-resisted|p2b: Tornadus\n|-crit|p2b: Tornadus\n|-damage|p2b: Tornadus|60\/100\n|-damage|p1b: Rillaboom|68\/100|[from] Recoil\n|move|p2a: Indeedee|Trick Room|p2a: Indeedee\n|-fieldstart|move: Trick Room|[of] p2a: Indeedee\n|\n|-sideend|p2: Shibatku|move: Tailwind\n|upkeep\n|\n|t:|1700618939\n|switch|p1a: Dragapult|Dragapult, L50, F|100\/100\n|turn|5\n|\n|t:|1700618954\n|move|p2a: Indeedee|Follow Me|p2a: Indeedee\n|-singleturn|p2a: Indeedee|move: Follow Me\n|move|p1b: Rillaboom|Wood Hammer|p2a: Indeedee\n|-damage|p2a: Indeedee|46\/100\n|-damage|p1b: Rillaboom|50\/100|[from] Recoil\n|move|p2b: Tornadus|Bleakwind Storm|p1b: Rillaboom|[spread] p1a\n|-miss|p2b: Tornadus|p1b: Rillaboom\n|-damage|p1a: Dragapult|55\/100\n|move|p1a: Dragapult|Dragon Darts|p2a: Indeedee\n|-damage|p2a: Indeedee|24\/100\n|-anim|p1a: Dragapult|Dragon Darts|p2a: Indeedee\n|-damage|p2a: Indeedee|2\/100\n|\n|upkeep\n|turn|6\n|inactive|Battle timer is ON: inactive players will automatically lose when time's up. (requested by Shibatku)\n|\n|t:|1700619006\n|move|p2a: Indeedee|Dazzling Gleam|p1b: Rillaboom|[spread] p1a,p1b\n|-supereffective|p1a: Dragapult\n|-damage|p1a: Dragapult|17\/100\n|-damage|p1b: Rillaboom|38\/100\n|move|p1b: Rillaboom|Wood Hammer|p2b: Tornadus\n|-resisted|p2b: Tornadus\n|-damage|p2b: Tornadus|29\/100\n|-damage|p1b: Rillaboom|27\/100|[from] Recoil\n|move|p2b: Tornadus|Bleakwind Storm|p1a: Dragapult|[spread] p1a,p1b\n|-supereffective|p1b: Rillaboom\n|-damage|p1a: Dragapult|0 fnt\n|-damage|p1b: Rillaboom|0 fnt\n|faint|p1a: Dragapult\n|faint|p1b: Rillaboom\n|\n|win|Shibatku\n|raw|Piouspoppy41355's rating: 1087 &rarr; <strong>1071<\/strong><br \/>(-16 for losing)\n|raw|Shibatku's rating: 1193 &rarr; <strong>1211<\/strong><br \/>(+18 for winning)\n","uploadtime":1700619023,"views":19,"p1id":"piouspoppy41355","p2id":"shibatku","formatid":"gen9vgc2023regulatione","rating":1071,"private":0,"password":""}