{"id":"gen9vgc2023regulatione-1991963811","p1":"fairylilipad","p2":"aquartertwo","format":"[Gen 9] VGC 2023 Regulation E","log":"|j|\u2606fairylilipad\n|j|\u2606aquartertwo\n|n|\u2606fairylilipad|fairylilipad\n|n|\u2606aquartertwo|aquartertwo\n|html|View the match progress at <a href=\"\/game-bestof3-gen9vgc2023regulatione-1991963810\">game-bestof3-gen9vgc2023regulatione-1991963810<\/a>\n|t:|1700143114\n|gametype|doubles\n|player|p1|fairylilipad|guitarist|\n|player|p2|aquartertwo|clerk|\n|teamsize|p1|6\n|teamsize|p2|6\n|gen|9\n|tier|[Gen 9] VGC 2023 Regulation E\n|rule|Species Clause: Limit one of each Pok\u00e9mon\n|rule|Item Clause: Limit one of each item\n|clearpoke\n|poke|p1|Weezing, L50, F|\n|poke|p1|Roaring Moon, L50|\n|poke|p1|Flutter Mane, L50|\n|poke|p1|Ogerpon-Hearthflame, L50, F|\n|poke|p1|Rillaboom, L50, M|\n|poke|p1|Urshifu-*, L50, F|\n|poke|p2|Tornadus, L50, M|\n|poke|p2|Flutter Mane, L50|\n|poke|p2|Regidrago, L50|\n|poke|p2|Heatran, L50, M|\n|poke|p2|Urshifu-*, L50, M|\n|poke|p2|Farigiraf, L50, M|\n|teampreview|4\nfairylilipad has agreed to open team sheets.\naquartertwo has agreed to open team sheets.\n|showteam|p1|Weezing||SitrusBerry|NeutralizingGas|WillOWisp,Taunt,GunkShot,Protect|||F|||50|,,,,,Ghost]Roaring Moon||BoosterEnergy|Protosynthesis|BreakingSwipe,Tailwind,KnockOff,Protect||||||50|,,,,,Poison]Flutter Mane||ChoiceSpecs|Protosynthesis|Thunderbolt,DazzlingGleam,ShadowBall,Moonblast||||||50|,,,,,Fairy]Ogerpon-Hearthflame||HearthflameMask|MoldBreaker|IvyCudgel,GrassyGlide,HornLeech,SpikyShield|||F|||50|,,,,,Fire]Rillaboom||AssaultVest|GrassySurge|FakeOut,HighHorsepower,WoodHammer,GrassyGlide|||M|||50|,,,,,Fire]Urshifu-Rapid-Strike||ChoiceScarf|UnseenFist|SurgingStrikes,CloseCombat,AquaJet,Uturn|||F|||50|,,,,,Water\n|showteam|p2|Tornadus||FocusSash|Prankster|BleakwindStorm,Tailwind,SunnyDay,Protect|||M|||50|,,,,,Ghost]Flutter Mane||BoosterEnergy|Protosynthesis|DazzlingGleam,ShadowBall,Substitute,Protect||||||50|,,,,,Water]Regidrago||DragonFang|DragonsMaw|DragonEnergy,DracoMeteor,EarthPower,Protect||||||50|,,,,,Poison]Heatran||LifeOrb|FlashFire|HeatWave,FlashCannon,EarthPower,Protect|||M|||50|,,,,,Fairy]Urshifu||ChoiceScarf|UnseenFist|WickedBlow,SuckerPunch,CloseCombat,IronHead|||M|||50|,,,,,Dark]Farigiraf||RockyHelmet|ArmorTail|Psychic,DazzlingGleam,TrickRoom,Imprison|||M|||50|,,,,,Fairy\n|\n|t:|1700143143\n|start\n|switch|p1a: Weezing|Weezing, L50, F|100\/100\n|switch|p1b: Roaring Moon|Roaring Moon, L50|100\/100\n|switch|p2a: Tornadus|Tornadus, L50, M|100\/100\n|switch|p2b: Flutter Mane|Flutter Mane, L50|100\/100\n|-ability|p1a: Weezing|Neutralizing Gas\n|-enditem|p2b: Flutter Mane|Booster Energy\n|-activate|p2b: Flutter Mane|ability: Protosynthesis|[fromitem]\n|-start|p2b: Flutter Mane|protosynthesisspa\n|-enditem|p1b: Roaring Moon|Booster Energy\n|-activate|p1b: Roaring Moon|ability: Protosynthesis|[fromitem]\n|-start|p1b: Roaring Moon|protosynthesisspe\n|turn|1\n|\n|t:|1700143181\n|-terastallize|p1b: Roaring Moon|Poison\n|move|p1b: Roaring Moon|Tailwind|p1b: Roaring Moon\n|-sidestart|p1: fairylilipad|move: Tailwind\n|move|p1a: Weezing|Taunt|p2a: Tornadus\n|-start|p2a: Tornadus|move: Taunt\n|move|p2b: Flutter Mane|Substitute|p2b: Flutter Mane\n|-start|p2b: Flutter Mane|Substitute\n|-damage|p2b: Flutter Mane|76\/100\n|cant|p2a: Tornadus|move: Taunt|Tailwind\n|\n|upkeep\n|turn|2\n|c|\u2606aquartertwo|That's good to know\n|c|\u2606fairylilipad|yeah\n|c|\u2606fairylilipad|outspeed ni Roaring moon si Tornadus\n|c|\u2606fairylilipad|yun ang unang goal neton e\n|\n|t:|1700143241\n|switch|p2a: Heatran|Heatran, L50, M|100\/100\n|-terastallize|p2b: Flutter Mane|Water\n|move|p1b: Roaring Moon|Knock Off|p2b: Flutter Mane\n|-end|p2b: Flutter Mane|Substitute\n|move|p1a: Weezing|Gunk Shot|p2b: Flutter Mane\n|-damage|p2b: Flutter Mane|3\/100\n|move|p2b: Flutter Mane|Shadow Ball|p1a: Weezing\n|-damage|p1a: Weezing|28\/100\n|-unboost|p1a: Weezing|spd|1\n|-enditem|p1a: Weezing|Sitrus Berry|[eat]\n|-heal|p1a: Weezing|53\/100|[from] item: Sitrus Berry\n|\n|upkeep\n|turn|3\n|\n|t:|1700143290\n|-end|p1a: Weezing|ability: Neutralizing Gas\n|switch|p1a: Urshifu|Urshifu-Rapid-Strike, L50, F|100\/100\n|move|p1b: Roaring Moon|Protect|p1b: Roaring Moon\n|-singleturn|p1b: Roaring Moon|Protect\n|move|p2b: Flutter Mane|Protect|p2b: Flutter Mane\n|-singleturn|p2b: Flutter Mane|Protect\n|move|p2a: Heatran|Earth Power|p1a: Urshifu\n|-damage|p1a: Urshifu|40\/100\n|-damage|p2a: Heatran|91\/100|[from] item: Life Orb\n|\n|upkeep\n|turn|4\n|\n|t:|1700143405\n|-end|p2b: Flutter Mane|Protosynthesis|[silent]\n|switch|p2b: Urshifu|Urshifu, L50, M|100\/100\n|move|p1b: Roaring Moon|Knock Off|p2b: Urshifu\n|-resisted|p2b: Urshifu\n|-damage|p2b: Urshifu|88\/100\n|-enditem|p2b: Urshifu|Choice Scarf|[from] move: Knock Off|[of] p1b: Roaring Moon\n|move|p1a: Urshifu|Surging Strikes|p2a: Heatran\n|-supereffective|p2a: Heatran\n|-crit|p2a: Heatran\n|-damage|p2a: Heatran|48\/100\n|-supereffective|p2a: Heatran\n|-crit|p2a: Heatran\n|-damage|p2a: Heatran|2\/100\n|-supereffective|p2a: Heatran\n|-crit|p2a: Heatran\n|-damage|p2a: Heatran|0 fnt\n|faint|p2a: Heatran\n|-hitcount|p2: Heatran|3\n|\n|-sideend|p1: fairylilipad|move: Tailwind\n|upkeep\n|\n|t:|1700143428\n|switch|p2a: Tornadus|Tornadus, L50, M|100\/100\n|turn|5\n|\n|t:|1700143456\n|move|p1b: Roaring Moon|Tailwind|p1b: Roaring Moon\n|-sidestart|p1: fairylilipad|move: Tailwind\n|move|p1a: Urshifu|Surging Strikes|p2a: Tornadus\n|-crit|p2a: Tornadus\n|-damage|p2a: Tornadus|65\/100\n|-crit|p2a: Tornadus\n|-damage|p2a: Tornadus|30\/100\n|-crit|p2a: Tornadus\n|-damage|p2a: Tornadus|0 fnt\n|faint|p2a: Tornadus\n|-hitcount|p2: Tornadus|3\n|move|p2b: Urshifu|Wicked Blow|p1b: Roaring Moon\n|-crit|p1b: Roaring Moon\n|-damage|p1b: Roaring Moon|34\/100\n|\n|upkeep\n|\n|t:|1700143469\n|switch|p2a: Flutter Mane|Flutter Mane, L50, tera:Water|3\/100\n|turn|6\n|\n|t:|1700143481\n|move|p1b: Roaring Moon|Breaking Swipe|p2a: Flutter Mane|[spread] p2a,p2b\n|-damage|p2a: Flutter Mane|0 fnt\n|-damage|p2b: Urshifu|67\/100\n|-unboost|p2b: Urshifu|atk|1\n|faint|p2a: Flutter Mane\n|-end|p2a: Flutter Mane|Protosynthesis|[silent]\n|move|p1a: Urshifu|Surging Strikes|p2b: Urshifu\n|-crit|p2b: Urshifu\n|-damage|p2b: Urshifu|43\/100\n|-crit|p2b: Urshifu\n|-damage|p2b: Urshifu|20\/100\n|-crit|p2b: Urshifu\n|-damage|p2b: Urshifu|0 fnt\n|faint|p2b: Urshifu\n|-hitcount|p2: Urshifu|3\n|\n|win|fairylilipad\n|inactive|fairylilipad has 50 seconds to confirm battle start!\n|inactive|aquartertwo has 50 seconds to confirm battle start!\n|c|&|\/uhtml prompt-fairylilipad,fairylilipad is ready for game 2!\n|c|&|\/uhtml prompt-aquartertwo,aquartertwo is ready for game 2!\nBoth players are ready! Starting next match!\n|l|\u2606aquartertwo\n","uploadtime":1700144208,"views":23,"p1id":"fairylilipad","p2id":"aquartertwo","formatid":"gen9vgc2023regulatione","rating":0,"private":0,"password":""}