{"id":"gen9vgc2023regulatione-2000294735","p1":"Suessasd","p2":"Ningolland","format":"[Gen 9] VGC 2023 Regulation E","log":"|j|\u2606Suessasd\n|j|\u2606Ningolland\n|t:|1701182258\n|gametype|doubles\n|player|p1|Suessasd|koga|1000\n|player|p2|Ningolland|fisherman-gen4|1015\n|teamsize|p1|6\n|teamsize|p2|6\n|gen|9\n|tier|[Gen 9] VGC 2023 Regulation E\n|rated|\n|rule|Species Clause: Limit one of each Pok\u00e9mon\n|rule|Item Clause: Limit one of each item\n|clearpoke\n|poke|p1|Scizor, L50, F|\n|poke|p1|Chien-Pao, L50|\n|poke|p1|Dragonite, L50, M|\n|poke|p1|Talonflame, L50, F|\n|poke|p1|Toxicroak, L50, M|\n|poke|p1|Pelipper, L50, F|\n|poke|p2|Hydreigon, L50, F|\n|poke|p2|Gholdengo, L50|\n|poke|p2|Grimmsnarl, L50, M|\n|poke|p2|Heatran, L50, F|\n|poke|p2|Ursaluna-Bloodmoon, L50, M|\n|poke|p2|Zoroark-Hisui, L50, F|\n|teampreview|4\n|inactive|Battle timer is ON: inactive players will automatically lose when time's up. (requested by Suessasd)\n|inactive|Ningolland has 60 seconds left.\n|\n|t:|1701182290\n|start\n|switch|p1a: Toxicroak|Toxicroak, L50, M|100\/100\n|switch|p1b: Pelipper|Pelipper, L50, F|100\/100\n|switch|p2a: Hydreigon|Hydreigon, L50, F, shiny|100\/100\n|switch|p2b: Grimmsnarl|Grimmsnarl, L50, M|100\/100\n|-weather|RainDance|[from] ability: Drizzle|[of] p1b: Pelipper\n|turn|1\n|\n|t:|1701182311\n|move|p2b: Grimmsnarl|Reflect|p2b: Grimmsnarl\n|-sidestart|p2: Ningolland|Reflect\n|move|p2a: Hydreigon|Focus Energy|p2a: Hydreigon\n|-start|p2a: Hydreigon|move: Focus Energy\n|move|p1a: Toxicroak|Poison Jab|p2b: Grimmsnarl\n|-supereffective|p2b: Grimmsnarl\n|-damage|p2b: Grimmsnarl|48\/100\n|-status|p2b: Grimmsnarl|psn\n|move|p1b: Pelipper|Surf|p2a: Hydreigon|[spread] p2a,p2b\n|-immune|p1a: Toxicroak|[from] ability: Dry Skin\n|-resisted|p2a: Hydreigon\n|-damage|p2a: Hydreigon|79\/100\n|-damage|p2b: Grimmsnarl|0 fnt\n|faint|p2b: Grimmsnarl\n|\n|-weather|RainDance|[upkeep]\n|upkeep\n|\n|t:|1701182329\n|switch|p2b: Gholdengo|Gholdengo, L50|100\/100\n|turn|2\n|inactive|Suessasd has 30 seconds left.\n|inactive|Suessasd has 20 seconds left.\n|\n|t:|1701182365\n|move|p1a: Toxicroak|Sucker Punch|p2b: Gholdengo\n|-supereffective|p2b: Gholdengo\n|-damage|p2b: Gholdengo|67\/100\n|move|p2b: Gholdengo|Thunderbolt|p1b: Pelipper\n|-supereffective|p1b: Pelipper\n|-damage|p1b: Pelipper|0 fnt\n|faint|p1b: Pelipper\n|move|p2a: Hydreigon|Draco Meteor|p1a: Toxicroak\n|-crit|p1a: Toxicroak\n|-enditem|p1a: Toxicroak|Focus Sash\n|-damage|p1a: Toxicroak|1\/100\n|-unboost|p2a: Hydreigon|spa|2\n|\n|-weather|RainDance|[upkeep]\n|-heal|p1a: Toxicroak|13\/100|[from] ability: Dry Skin\n|upkeep\n|\n|t:|1701182384\n|switch|p1b: Dragonite|Dragonite, L50, M|100\/100\n|turn|3\n|inactive|Suessasd has 30 seconds left.\n|\n|t:|1701182414\n|switch|p2b: Ursaluna|Ursaluna-Bloodmoon, L50, M|100\/100\n|-terastallize|p2a: Hydreigon|Poison\n|move|p1a: Toxicroak|Sucker Punch||[still]\n|-fail|p1a: Toxicroak\n|move|p2a: Hydreigon|Nasty Plot|p2a: Hydreigon\n|-boost|p2a: Hydreigon|spa|2\n|move|p1b: Dragonite|Outrage|p2b: Ursaluna\n|-damage|p2b: Ursaluna|50\/100\n|\n|-weather|RainDance|[upkeep]\n|-heal|p1a: Toxicroak|26\/100|[from] ability: Dry Skin\n|upkeep\n|turn|4\n|\n|t:|1701182438\n|switch|p1a: Scizor|Scizor, L50, F|100\/100\n|move|p2b: Ursaluna|Protect|p2b: Ursaluna\n|-singleturn|p2b: Ursaluna|Protect\n|move|p2a: Hydreigon|Draco Meteor|p1b: Dragonite\n|-supereffective|p1b: Dragonite\n|-crit|p1b: Dragonite\n|-damage|p1b: Dragonite|2\/100\n|-unboost|p2a: Hydreigon|spa|2\n|move|p1b: Dragonite|Outrage|p2b: Ursaluna|[from]lockedmove\n|-activate|p2b: Ursaluna|move: Protect\n|\n|-weather|RainDance|[upkeep]\n|upkeep\n|turn|5\n|\n|t:|1701182456\n|-terastallize|p1a: Scizor|Steel\n|move|p1a: Scizor|Bullet Punch|p2b: Ursaluna\n|-damage|p2b: Ursaluna|22\/100\n|-damage|p1a: Scizor|91\/100|[from] item: Life Orb\n|move|p2a: Hydreigon|Draco Meteor|p1a: Scizor\n|-resisted|p1a: Scizor\n|-crit|p1a: Scizor\n|-damage|p1a: Scizor|32\/100\n|-unboost|p2a: Hydreigon|spa|2\n|move|p1b: Dragonite|Outrage|p2b: Ursaluna\n|-damage|p2b: Ursaluna|0 fnt\n|faint|p2b: Ursaluna\n|\n|-weather|none\n|upkeep\n|\n|t:|1701182469\n|switch|p2b: Gholdengo|Gholdengo, L50|67\/100\n|turn|6\n|\n|t:|1701182486\n|move|p1a: Scizor|Bullet Punch|p2b: Gholdengo\n|-resisted|p2b: Gholdengo\n|-damage|p2b: Gholdengo|43\/100\n|-damage|p1a: Scizor|22\/100|[from] item: Life Orb\n|move|p2b: Gholdengo|Make It Rain|p1b: Dragonite|[spread] p1a,p1b\n|-resisted|p1a: Scizor\n|-damage|p1a: Scizor|0 fnt\n|-damage|p1b: Dragonite|0 fnt\n|-unboost|p2b: Gholdengo|spa|1\n|faint|p1a: Scizor\n|faint|p1b: Dragonite\n|move|p2a: Hydreigon|Draco Meteor|p1: Scizor|[notarget]\n|-fail|p2a: Hydreigon\n|\n|upkeep\n|\n|t:|1701182502\n|switch|p1a: Toxicroak|Toxicroak, L50, M|26\/100\n|turn|7\n|\n|t:|1701182509\n|move|p1a: Toxicroak|Sucker Punch|p2b: Gholdengo\n|-supereffective|p2b: Gholdengo\n|-damage|p2b: Gholdengo|10\/100\n|move|p2b: Gholdengo|Make It Rain|p1a: Toxicroak\n|-damage|p1a: Toxicroak|0 fnt\n|-unboost|p2b: Gholdengo|spa|1\n|faint|p1a: Toxicroak\n|\n|win|Ningolland\n|raw|Suessasd's rating: 1000 &rarr; <strong>1000<\/strong><br \/>(+0 for losing)\n|raw|Ningolland's rating: 1015 &rarr; <strong>1051<\/strong><br \/>(+36 for winning)\n|l|\u2606Suessasd\n","uploadtime":1701182519,"views":11,"p1id":"suessasd","p2id":"ningolland","formatid":"gen9vgc2023regulatione","rating":1000,"private":0,"password":""}