{"id":"gen9vgc2023regulatione-1990143446","p1":"bonelessDeath","p2":"dangledipipples","format":"[Gen 9] VGC 2023 Regulation E","log":"|j|\u2606bonelessDeath\n|j|\u2606dangledipipples\n|t:|1699929276\n|gametype|doubles\n|player|p1|bonelessDeath|elesa|1121\n|player|p2|dangledipipples|veteran|1092\n|teamsize|p1|6\n|teamsize|p2|6\n|gen|9\n|tier|[Gen 9] VGC 2023 Regulation E\n|rated|\n|rule|Species Clause: Limit one of each Pok\u00e9mon\n|rule|Item Clause: Limit one of each item\n|clearpoke\n|poke|p1|Ambipom, L50, F|\n|poke|p1|Armarouge, L50, F|\n|poke|p1|Torkoal, L50, M|\n|poke|p1|Indeedee-F, L50, F|\n|poke|p1|Hatterene, L50, F|\n|poke|p1|Electrode-Hisui, L50|\n|poke|p2|Poliwrath, L50, F|\n|poke|p2|Pelipper, L50, F|\n|poke|p2|Amoonguss, L50, M|\n|poke|p2|Landorus-Therian, L50, M|\n|poke|p2|Raichu, L50, M|\n|poke|p2|Bronzong, L50|\n|teampreview|4\n|inactive|Battle timer is ON: inactive players will automatically lose when time's up. (requested by bonelessDeath)\n|inactive|bonelessDeath has 60 seconds left.\n|\n|t:|1699929318\n|start\n|switch|p1a: Ambipom|Ambipom, L50, F|100\/100\n|switch|p1b: Electrode|Electrode-Hisui, L50|100\/100\n|switch|p2a: Gus|Amoonguss, L50, M, shiny|100\/100\n|switch|p2b: Dempsey|Poliwrath, L50, F|100\/100\n|turn|1\n|inactive|dangledipipples has 30 seconds left.\n|\n|t:|1699929344\n|move|p2b: Dempsey|Protect|p2b: Dempsey\n|-singleturn|p2b: Dempsey|Protect\n|move|p2a: Gus|Protect|p2a: Gus\n|-singleturn|p2a: Gus|Protect\n|move|p1a: Ambipom|Fake Out|p2a: Gus\n|-activate|p2a: Gus|move: Protect\n|move|p1b: Electrode|Chloroblast|p2b: Dempsey\n|-activate|p2b: Dempsey|move: Protect\n|\n|upkeep\n|turn|2\n|inactive|bonelessDeath has 30 seconds left.\n|\n|t:|1699929375\n|move|p1a: Ambipom|Protect|p1a: Ambipom\n|-singleturn|p1a: Ambipom|Protect\n|move|p2a: Gus|Rage Powder|p2a: Gus\n|-singleturn|p2a: Gus|move: Rage Powder\n|move|p1b: Electrode|Discharge|p2b: Dempsey|[spread] p2a,p2b\n|-activate|p1a: Ambipom|move: Protect\n|-resisted|p2a: Gus\n|-supereffective|p2b: Dempsey\n|-damage|p2a: Gus|93\/100\n|-damage|p2b: Dempsey|54\/100\n|move|p2b: Dempsey|Belly Drum|p2b: Dempsey\n|-damage|p2b: Dempsey|4\/100\n|-setboost|p2b: Dempsey|atk|6|[from] move: Belly Drum\n|-enditem|p2b: Dempsey|Sitrus Berry|[eat]\n|-heal|p2b: Dempsey|29\/100|[from] item: Sitrus Berry\n|\n|upkeep\n|turn|3\n|inactive|bonelessDeath has 30 seconds left.\n|\n|t:|1699929403\n|switch|p1a: Torkoal|Torkoal, L50, M|100\/100\n|-weather|SunnyDay|[from] ability: Drought|[of] p1a: Torkoal\n|switch|p2a: Olive|Pelipper, L50, F|100\/100\n|-weather|RainDance|[from] ability: Drizzle|[of] p2a: Olive\n|-terastallize|p2b: Dempsey|Steel\n|move|p2b: Dempsey|Drain Punch|p1b: Electrode\n|-damage|p1b: Electrode|0 fnt\n|-heal|p2b: Dempsey|66\/100|[from] drain|[of] p1b: Electrode\n|-damage|p2b: Dempsey|42\/100|[from] ability: Aftermath|[of] p1b: Electrode\n|faint|p1b: Electrode\n|\n|-weather|RainDance|[upkeep]\n|upkeep\n|\n|t:|1699929418\n|switch|p1b: Ambipom|Ambipom, L50, F|100\/100\n|turn|4\n|\n|t:|1699929433\n|switch|p1a: Hatterene|Hatterene, L50, F|100\/100\n|move|p1b: Ambipom|Fake Out|p2b: Dempsey\n|-resisted|p2b: Dempsey\n|-damage|p2b: Dempsey|29\/100\n|cant|p2b: Dempsey|flinch\n|move|p2a: Olive|Weather Ball|p1a: Hatterene\n|-crit|p1a: Hatterene\n|-damage|p1a: Hatterene|49\/100\n|\n|-weather|RainDance|[upkeep]\n|upkeep\n|turn|5\n|\n|t:|1699929449\n|switch|p1b: Torkoal|Torkoal, L50, M|100\/100\n|-weather|SunnyDay|[from] ability: Drought|[of] p1b: Torkoal\n|move|p2b: Dempsey|Drain Punch|p1b: Torkoal\n|-damage|p1b: Torkoal|8\/100\n|-heal|p2b: Dempsey|74\/100|[from] drain|[of] p1b: Torkoal\n|move|p2a: Olive|Weather Ball|p1a: Hatterene\n|-damage|p1a: Hatterene|27\/100\n|move|p1a: Hatterene|Mystical Fire|p2b: Dempsey\n|-supereffective|p2b: Dempsey\n|-damage|p2b: Dempsey|0 fnt\n|faint|p2b: Dempsey\n|\n|-weather|SunnyDay|[upkeep]\n|upkeep\n|\n|t:|1699929464\n|switch|p2b: Billy-Dee|Landorus-Therian, L50, M|100\/100\n|-ability|p2b: Billy-Dee|Intimidate|boost\n|-unboost|p1a: Hatterene|atk|1\n|-unboost|p1b: Torkoal|atk|1\n|turn|6\n|\n|t:|1699929482\n|move|p2b: Billy-Dee|Earthquake|p1b: Torkoal|[spread] p1a,p1b\n|-immune|p2a: Olive\n|-supereffective|p1b: Torkoal\n|-damage|p1a: Hatterene|0 fnt\n|-damage|p1b: Torkoal|0 fnt\n|faint|p1a: Hatterene\n|faint|p1b: Torkoal\n|-damage|p2b: Billy-Dee|91\/100|[from] item: Life Orb\n|move|p2a: Olive|Tailwind|p2a: Olive\n|-sidestart|p2: dangledipipples|move: Tailwind\n|\n|-weather|SunnyDay|[upkeep]\n|upkeep\n|-message|bonelessDeath forfeited.\n|\n|win|dangledipipples\n|raw|bonelessDeath's rating: 1121 &rarr; <strong>1094<\/strong><br \/>(-27 for losing)\n|raw|dangledipipples's rating: 1092 &rarr; <strong>1120<\/strong><br \/>(+28 for winning)\n|l|\u2606bonelessDeath\n","uploadtime":1699929637,"views":8,"p1id":"bonelessdeath","p2id":"dangledipipples","formatid":"gen9vgc2023regulatione","rating":1094,"private":0,"password":""}