{"id":"gen9vgc2023regulatione-1991782713","p1":"MysticSpiritVGC","p2":"made of bliss","format":"[Gen 9] VGC 2023 Regulation E","log":"|j|\u2606MysticSpiritVGC\n|j|\u2606made of bliss\n|t:|1700116411\n|gametype|doubles\n|player|p1|MysticSpiritVGC|hilbert|1708\n|player|p2|made of bliss|sabrina|1659\n|teamsize|p1|6\n|teamsize|p2|6\n|gen|9\n|tier|[Gen 9] VGC 2023 Regulation E\n|rated|\n|rule|Species Clause: Limit one of each Pok\u00e9mon\n|rule|Item Clause: Limit one of each item\n|clearpoke\n|poke|p1|Armarouge, L50, M|\n|poke|p1|Indeedee-F, L50, F|\n|poke|p1|Urshifu-*, L50, M|\n|poke|p1|Sylveon, L50, F|\n|poke|p1|Arcanine-Hisui, L50, M|\n|poke|p1|Iron Hands, L50|\n|poke|p2|Rillaboom, L50, M|\n|poke|p2|Ogerpon-Hearthflame, L50, F|\n|poke|p2|Kingambit, L50, M|\n|poke|p2|Iron Bundle, L50|\n|poke|p2|Farigiraf, L50, F|\n|poke|p2|Urshifu-*, L50, M|\n|teampreview|4\n|inactive|Battle timer is ON: inactive players will automatically lose when time's up. (requested by made of bliss)\nmade of bliss has agreed to open team sheets.\nMysticSpiritVGC has agreed to open team sheets.\n|c|\u2606made of bliss|hf\n|c|\u2606MysticSpiritVGC|glhf\n|j| neusrel\n|inactive|MysticSpiritVGC has 30 seconds left.\n|inactive|made of bliss has 30 seconds left.\n|inactive|MysticSpiritVGC has 20 seconds left.\n|inactive|MysticSpiritVGC has 15 seconds left.\n|inactive|MysticSpiritVGC has 10 seconds left.\n|\n|t:|1700116466\n|start\n|switch|p1a: Sylveon|Sylveon, L50, F|100\/100\n|switch|p1b: Iron Hands|Iron Hands, L50|100\/100\n|switch|p2a: Farigiraf|Farigiraf, L50, F|100\/100\n|switch|p2b: Kingambit|Kingambit, L50, M|100\/100\n|turn|1\n|\n|t:|1700116486\n|switch|p2b: Rillaboom|Rillaboom, L50, M|100\/100\n|-fieldstart|move: Grassy Terrain|[from] ability: Grassy Surge|[of] p2b: Rillaboom\n|move|p2a: Farigiraf|Psychic|p1b: Iron Hands\n|-supereffective|p1b: Iron Hands\n|-damage|p1b: Iron Hands|60\/100\n|-unboost|p1b: Iron Hands|spd|1\n|move|p1a: Sylveon|Hyper Voice|p2b: Rillaboom|[spread] p2a,p2b\n|-damage|p2a: Farigiraf|50\/100\n|-damage|p2b: Rillaboom|66\/100\n|move|p1b: Iron Hands|Drain Punch|p2b: Rillaboom\n|-damage|p2b: Rillaboom|28\/100\n|-heal|p1b: Iron Hands|76\/100|[from] drain|[of] p2b: Rillaboom\n|\n|-heal|p2b: Rillaboom|34\/100|[from] Grassy Terrain\n|-heal|p2a: Farigiraf|56\/100|[from] Grassy Terrain\n|-heal|p1b: Iron Hands|82\/100|[from] Grassy Terrain\n|upkeep\n|turn|2\n|inactive|made of bliss has 30 seconds left.\n|inactive|made of bliss has 20 seconds left.\n|inactive|made of bliss has 15 seconds left.\n|\n|t:|1700116528\n|-end|p1b: Iron Hands|Quark Drive|[silent]\n|switch|p1b: Arcanine|Arcanine-Hisui, L50, M|100\/100\n|-ability|p1b: Arcanine|Intimidate|boost\n|-unboost|p2a: Farigiraf|atk|1\n|-unboost|p2b: Rillaboom|atk|1\n|move|p1a: Sylveon|Protect|p1a: Sylveon\n|-singleturn|p1a: Sylveon|Protect\n|move|p2b: Rillaboom|Wood Hammer|p1b: Arcanine\n|-damage|p1b: Arcanine|39\/100\n|-enditem|p1b: Arcanine|Sitrus Berry|[eat]\n|-heal|p1b: Arcanine|64\/100|[from] item: Sitrus Berry\n|-damage|p2b: Rillaboom|14\/100|[from] Recoil\n|move|p2a: Farigiraf|Psychic|p1b: Arcanine\n|-damage|p1b: Arcanine|23\/100\n|\n|-heal|p1b: Arcanine|29\/100|[from] Grassy Terrain\n|-heal|p2b: Rillaboom|19\/100|[from] Grassy Terrain\n|-heal|p2a: Farigiraf|61\/100|[from] Grassy Terrain\n|upkeep\n|turn|3\n|inactive|MysticSpiritVGC has 30 seconds left.\n|inactive|made of bliss has 30 seconds left.\n|\n|t:|1700116561\n|switch|p2b: Kingambit|Kingambit, L50, M|100\/100\n|move|p1b: Arcanine|Flare Blitz|p2a: Farigiraf\n|-damage|p2a: Farigiraf|25\/100\n|-damage|p1b: Arcanine|16\/100|[from] Recoil\n|move|p2a: Farigiraf|Psychic|p1b: Arcanine\n|-crit|p1b: Arcanine\n|-damage|p1b: Arcanine|0 fnt\n|faint|p1b: Arcanine\n|move|p1a: Sylveon|Hyper Voice|p2b: Kingambit|[spread] p2a,p2b\n|-damage|p2a: Farigiraf|0 fnt\n|-damage|p2b: Kingambit|57\/100\n|faint|p2a: Farigiraf\n|\n|-heal|p2b: Kingambit|63\/100|[from] Grassy Terrain\n|-heal|p2b: Kingambit|68\/100|[from] item: Leftovers\n|upkeep\n|\n|t:|1700116575\n|switch|p1b: Iron Hands|Iron Hands, L50|82\/100\n|switch|p2a: Ogerpon|Ogerpon-Hearthflame, L50, F|100\/100\n|-ability|p2a: Ogerpon|Mold Breaker\n|turn|4\n|\n|t:|1700116594\n|-terastallize|p1a: Sylveon|Fire\n|move|p2a: Ogerpon|Spiky Shield|p2a: Ogerpon\n|-singleturn|p2a: Ogerpon|move: Protect\n|move|p2b: Kingambit|Protect|p2b: Kingambit\n|-singleturn|p2b: Kingambit|Protect\n|move|p1b: Iron Hands|Fake Out|p2b: Kingambit\n|-activate|p2b: Kingambit|move: Protect\n|move|p1a: Sylveon|Substitute|p1a: Sylveon\n|-start|p1a: Sylveon|Substitute\n|-damage|p1a: Sylveon|76\/100\n|\n|-heal|p1a: Sylveon|82\/100|[from] Grassy Terrain\n|-heal|p2b: Kingambit|74\/100|[from] Grassy Terrain\n|-heal|p2b: Kingambit|80\/100|[from] item: Leftovers\n|-heal|p1b: Iron Hands|88\/100|[from] Grassy Terrain\n|upkeep\n|turn|5\n|j| Chemistry Tutor 2\n|inactive|made of bliss has 30 seconds left.\n|\n|t:|1700116620\n|move|p2a: Ogerpon|Swords Dance|p2a: Ogerpon\n|-boost|p2a: Ogerpon|atk|2\n|move|p1a: Sylveon|Hyper Voice|p2b: Kingambit|[spread] p2a,p2b\n|-resisted|p2a: Ogerpon\n|-damage|p2a: Ogerpon|76\/100\n|-damage|p2b: Kingambit|30\/100\n|move|p2b: Kingambit|Kowtow Cleave|p1a: Sylveon\n|-end|p1a: Sylveon|Substitute\n|move|p1b: Iron Hands|Drain Punch|p2b: Kingambit\n|-supereffective|p2b: Kingambit\n|-damage|p2b: Kingambit|0 fnt\n|-heal|p1b: Iron Hands|100\/100|[from] drain|[of] p2b: Kingambit\n|faint|p2b: Kingambit\n|\n|-heal|p2a: Ogerpon|82\/100|[from] Grassy Terrain\n|-heal|p1a: Sylveon|88\/100|[from] Grassy Terrain\n|-fieldend|move: Grassy Terrain\n|upkeep\n|\n|t:|1700116630\n|switch|p2b: Rillaboom|Rillaboom, L50, M|19\/100\n|-fieldstart|move: Grassy Terrain|[from] ability: Grassy Surge|[of] p2b: Rillaboom\n|turn|6\n|\n|t:|1700116644\n|-terastallize|p2a: Ogerpon|Fire\n|detailschange|p2a: Ogerpon|Ogerpon-Hearthflame-Tera, L50, F, tera:Fire\n|-ability|p2a: Ogerpon|Embody Aspect (Hearthflame)|boost\n|-boost|p2a: Ogerpon|atk|1\n|move|p2b: Rillaboom|Fake Out|p1a: Sylveon\n|-damage|p1a: Sylveon|71\/100\n|move|p2a: Ogerpon|Ivy Cudgel|p1b: Iron Hands|[anim] Ivy Cudgel Fire\n|-damage|p1b: Iron Hands|0 fnt\n|faint|p1b: Iron Hands\n|-end|p1b: Iron Hands|Quark Drive|[silent]\n|cant|p1a: Sylveon|flinch\n|\n|-heal|p2a: Ogerpon|87\/100|[from] Grassy Terrain\n|-heal|p2b: Rillaboom|25\/100|[from] Grassy Terrain\n|-heal|p1a: Sylveon|77\/100|[from] Grassy Terrain\n|upkeep\n|\n|t:|1700116653\n|switch|p1b: Urshifu|Urshifu, L50, M|100\/100\n|turn|7\n|\n|t:|1700116670\n|move|p1b: Urshifu|Sucker Punch|p2a: Ogerpon\n|-damage|p2a: Ogerpon|41\/100\n|move|p2a: Ogerpon|Grassy Glide|p1b: Urshifu\n|-damage|p1b: Urshifu|0 fnt\n|faint|p1b: Urshifu\n|move|p2b: Rillaboom|Grassy Glide|p1a: Sylveon\n|-resisted|p1a: Sylveon\n|-damage|p1a: Sylveon|58\/100\n|move|p1a: Sylveon|Hyper Voice|p2a: Ogerpon|[spread] p2a,p2b\n|-resisted|p2a: Ogerpon\n|-damage|p2a: Ogerpon|15\/100\n|-damage|p2b: Rillaboom|0 fnt\n|faint|p2b: Rillaboom\n|\n|-heal|p2a: Ogerpon|21\/100|[from] Grassy Terrain\n|-heal|p1a: Sylveon|64\/100|[from] Grassy Terrain\n|upkeep\n|turn|8\n|\n|t:|1700116691\n|move|p2a: Ogerpon|Ivy Cudgel|p1a: Sylveon|[anim] Ivy Cudgel Fire\n|-resisted|p1a: Sylveon\n|-damage|p1a: Sylveon|0 fnt\n|faint|p1a: Sylveon\n|\n|win|made of bliss\n|raw|MysticSpiritVGC's rating: 1708 &rarr; <strong>1685<\/strong><br \/>(-23 for losing)\n|raw|made of bliss's rating: 1659 &rarr; <strong>1682<\/strong><br \/>(+23 for winning)\n|c|\u2606made of bliss|gg\n|c|\u2606MysticSpiritVGC|gg\n|l|\u2606MysticSpiritVGC\n","uploadtime":1700116759,"views":19,"p1id":"mysticspiritvgc","p2id":"madeofbliss","formatid":"gen9vgc2023regulatione","rating":1682,"private":0,"password":""}