{"id":"gen9vgc2023regulatione-1997972207","p1":"PeachBlink","p2":"b drum ig","format":"[Gen 9] VGC 2023 Regulation E","log":"|j|\u2606PeachBlink\n|j|\u2606b drum ig\n|t:|1700873865\n|gametype|doubles\n|player|p1|PeachBlink|bruno|1326\n|player|p2|b drum ig|steven|1303\n|teamsize|p1|6\n|teamsize|p2|6\n|gen|9\n|tier|[Gen 9] VGC 2023 Regulation E\n|rated|\n|rule|Species Clause: Limit one of each Pok\u00e9mon\n|rule|Item Clause: Limit one of each item\n|clearpoke\n|poke|p1|Gholdengo, L50|\n|poke|p1|Iron Hands, L50|\n|poke|p1|Amoonguss, L50, F|\n|poke|p1|Iron Bundle, L50|\n|poke|p1|Pelipper, L50, M|\n|poke|p1|Salamence, L50, M|\n|poke|p2|Clefairy, L50, M|\n|poke|p2|Ogerpon-Hearthflame, L50, F|\n|poke|p2|Kommo-o, L50, M|\n|poke|p2|Iron Hands, L50|\n|poke|p2|Sinistcha, L50|\n|poke|p2|Milotic, L50, F|\n|teampreview|4\n|\n|t:|1700873897\n|start\n|switch|p1a: Iron Bundle|Iron Bundle, L50|100\/100\n|switch|p1b: Gholdengo|Gholdengo, L50|100\/100\n|switch|p2a: The funny mon|Iron Hands, L50, shiny|100\/100\n|switch|p2b: Milotic|Milotic, L50, F|100\/100\n|-enditem|p1a: Iron Bundle|Booster Energy\n|-activate|p1a: Iron Bundle|ability: Quark Drive|[fromitem]\n|-start|p1a: Iron Bundle|quarkdrivespe\n|turn|1\n|\n|t:|1700873914\n|move|p1a: Iron Bundle|Protect|p1a: Iron Bundle\n|-singleturn|p1a: Iron Bundle|Protect\n|move|p2a: The funny mon|Fake Out|p1a: Iron Bundle\n|-activate|p1a: Iron Bundle|move: Protect\n|move|p1b: Gholdengo|Nasty Plot|p1b: Gholdengo\n|-boost|p1b: Gholdengo|spa|2\n|move|p2b: Milotic|Scald|p1b: Gholdengo\n|-damage|p1b: Gholdengo|63\/100\n|-status|p1b: Gholdengo|brn\n|\n|-heal|p1b: Gholdengo|69\/100 brn|[from] item: Leftovers\n|-damage|p1b: Gholdengo|63\/100 brn|[from] brn\n|upkeep\n|turn|2\n|\n|t:|1700873940\n|-end|p1a: Iron Bundle|Quark Drive|[silent]\n|switch|p1a: Iron Hands|Iron Hands, L50|100\/100\n|move|p1b: Gholdengo|Protect|p1b: Gholdengo\n|-singleturn|p1b: Gholdengo|Protect\n|move|p2b: Milotic|Protect|p2b: Milotic\n|-singleturn|p2b: Milotic|Protect\n|move|p2a: The funny mon|Wild Charge|p1b: Gholdengo\n|-activate|p1b: Gholdengo|move: Protect\n|\n|-heal|p1b: Gholdengo|69\/100 brn|[from] item: Leftovers\n|-damage|p1b: Gholdengo|63\/100 brn|[from] brn\n|upkeep\n|turn|3\n|\n|t:|1700873968\n|move|p1a: Iron Hands|Fake Out|p2a: The funny mon\n|-damage|p2a: The funny mon|90\/100\n|move|p1b: Gholdengo|Shadow Ball|p2a: The funny mon\n|-damage|p2a: The funny mon|43\/100\n|move|p2b: Milotic|Recover||[still]\n|-fail|p2b: Milotic|heal\n|cant|p2a: The funny mon|flinch\n|\n|-heal|p1b: Gholdengo|69\/100 brn|[from] item: Leftovers\n|-damage|p1b: Gholdengo|63\/100 brn|[from] brn\n|upkeep\n|turn|4\n|\n|t:|1700873993\n|-end|p2a: The funny mon|Quark Drive|[silent]\n|switch|p2a: Little guy|Clefairy, L50, M|100\/100\n|move|p2b: Milotic|Protect|p2b: Milotic\n|-singleturn|p2b: Milotic|Protect\n|move|p1b: Gholdengo|Shadow Ball|p2a: Little guy\n|-damage|p2a: Little guy|34\/100\n|move|p1a: Iron Hands|Wild Charge|p2b: Milotic\n|-activate|p2b: Milotic|move: Protect\n|\n|-heal|p1b: Gholdengo|69\/100 brn|[from] item: Leftovers\n|-damage|p1b: Gholdengo|63\/100 brn|[from] brn\n|upkeep\n|turn|5\n|\n|t:|1700874016\n|-terastallize|p2b: Milotic|Dragon\n|move|p2a: Little guy|Protect|p2a: Little guy\n|-singleturn|p2a: Little guy|Protect\n|move|p1b: Gholdengo|Make It Rain|p2a: Little guy|[spread] p2b\n|-activate|p2a: Little guy|move: Protect\n|-damage|p2b: Milotic|45\/100\n|-unboost|p1b: Gholdengo|spa|1\n|-enditem|p2b: Milotic|Sitrus Berry|[eat]\n|-heal|p2b: Milotic|70\/100|[from] item: Sitrus Berry\n|move|p2b: Milotic|Scald|p1a: Iron Hands\n|-crit|p1a: Iron Hands\n|-damage|p1a: Iron Hands|69\/100\n|move|p1a: Iron Hands|Wild Charge|p2b: Milotic\n|-resisted|p2b: Milotic\n|-damage|p2b: Milotic|52\/100\n|-damage|p1a: Iron Hands|66\/100|[from] Recoil\n|\n|-heal|p1b: Gholdengo|69\/100 brn|[from] item: Leftovers\n|-damage|p1b: Gholdengo|63\/100 brn|[from] brn\n|upkeep\n|turn|6\n|\n|t:|1700874042\n|switch|p2a: The funny mon|Iron Hands, L50, shiny|43\/100\n|move|p2b: Milotic|Protect|p2b: Milotic\n|-singleturn|p2b: Milotic|Protect\n|move|p1b: Gholdengo|Make It Rain|p2b: Milotic|[spread] p2a\n|-activate|p2b: Milotic|move: Protect\n|-resisted|p2a: The funny mon\n|-damage|p2a: The funny mon|23\/100\n|-unboost|p1b: Gholdengo|spa|1\n|move|p1a: Iron Hands|Drain Punch|p2b: Milotic\n|-activate|p2b: Milotic|move: Protect\n|\n|-heal|p1b: Gholdengo|69\/100 brn|[from] item: Leftovers\n|-damage|p1b: Gholdengo|63\/100 brn|[from] brn\n|upkeep\n|turn|7\n|\n|t:|1700874086\n|move|p2a: The funny mon|Fake Out|p1a: Iron Hands\n|-damage|p1a: Iron Hands|56\/100\n|move|p1b: Gholdengo|Shadow Ball|p2a: The funny mon\n|-damage|p2a: The funny mon|0 fnt\n|faint|p2a: The funny mon\n|-end|p2a: The funny mon|Quark Drive|[silent]\n|move|p2b: Milotic|Scald|p1b: Gholdengo\n|-damage|p1b: Gholdengo|20\/100 brn\n|cant|p1a: Iron Hands|flinch\n|\n|-heal|p1b: Gholdengo|26\/100 brn|[from] item: Leftovers\n|-damage|p1b: Gholdengo|20\/100 brn|[from] brn\n|upkeep\n|\n|t:|1700874099\n|switch|p2a: Little guy|Clefairy, L50, M|34\/100\n|turn|8\n|\n|t:|1700874107\n|move|p2a: Little guy|Follow Me|p2a: Little guy\n|-singleturn|p2a: Little guy|move: Follow Me\n|move|p1b: Gholdengo|Make It Rain|p2b: Milotic|[spread] p2a,p2b\n|-supereffective|p2a: Little guy\n|-damage|p2a: Little guy|0 fnt\n|-damage|p2b: Milotic|25\/100\n|-unboost|p1b: Gholdengo|spa|1\n|faint|p2a: Little guy\n|move|p2b: Milotic|Scald|p1b: Gholdengo\n|-damage|p1b: Gholdengo|0 fnt\n|faint|p1b: Gholdengo\n|move|p1a: Iron Hands|Drain Punch|p2b: Milotic\n|-damage|p2b: Milotic|0 fnt\n|-heal|p1a: Iron Hands|65\/100|[from] drain|[of] p2b: Milotic\n|faint|p2b: Milotic\n|\n|upkeep\n|\n|t:|1700874125\n|switch|p1b: Iron Bundle|Iron Bundle, L50|100\/100\n|switch|p2b: No teatime :(|Sinistcha, L50|100\/100\n|turn|9\n|\n|t:|1700874144\n|-terastallize|p1b: Iron Bundle|Ghost\n|move|p1b: Iron Bundle|Freeze-Dry|p2b: No teatime :(\n|-supereffective|p2b: No teatime :(\n|-crit|p2b: No teatime :(\n|-damage|p2b: No teatime :(|11\/100\n|move|p2b: No teatime :(|Matcha Gotcha|p1a: Iron Hands|[spread] p1b\n|-miss|p2b: No teatime :(|p1a: Iron Hands\n|-damage|p1b: Iron Bundle|69\/100\n|-heal|p2b: No teatime :(|26\/100|[from] drain|[of] p1b: Iron Bundle\n|-status|p1b: Iron Bundle|brn\n|move|p1a: Iron Hands|Heavy Slam|p2b: No teatime :(\n|-damage|p2b: No teatime :(|0 fnt\n|-damage|p1a: Iron Hands|49\/100|[from] item: Rocky Helmet|[of] p2b: No teatime :(\n|faint|p2b: No teatime :(\n|\n|win|PeachBlink\n|raw|PeachBlink's rating: 1326 &rarr; <strong>1345<\/strong><br \/>(+19 for winning)\n|raw|b drum ig's rating: 1303 &rarr; <strong>1284<\/strong><br \/>(-19 for losing)\n|l|\u2606b drum ig\n","uploadtime":1700874163,"views":2,"p1id":"peachblink","p2id":"bdrumig","formatid":"gen9vgc2023regulatione","rating":1284,"private":0,"password":""}