{"id":"gen9vgc2023regulatione-1988232456","p1":"Josuee_29","p2":"Machoke333","format":"[Gen 9] VGC 2023 Regulation E","log":"|j|\u2606Josuee_29\n|j|\u2606Machoke333\n|t:|1699690504\n|gametype|doubles\n|player|p1|Josuee_29|lucas|1218\n|player|p2|Machoke333|mars|1218\n|teamsize|p1|6\n|teamsize|p2|6\n|gen|9\n|tier|[Gen 9] VGC 2023 Regulation E\n|rated|\n|rule|Species Clause: Limit one of each Pok\u00e9mon\n|rule|Item Clause: Limit one of each item\n|clearpoke\n|poke|p1|Tornadus, L50, M|\n|poke|p1|Iron Hands, L50|\n|poke|p1|Rillaboom, L50, F|\n|poke|p1|Flutter Mane, L50|\n|poke|p1|Ogerpon-Hearthflame, L50, F|\n|poke|p1|Heatran, L50, F|\n|poke|p2|Ninetales-Alola, L50, M|\n|poke|p2|Hariyama, L50, M|\n|poke|p2|Baxcalibur, L50, F|\n|poke|p2|Jumpluff, L50, F|\n|poke|p2|Cresselia, L50, F|\n|poke|p2|Flutter Mane, L50|\n|teampreview|4\nMachoke333 rejected open team sheets.\n|inactive|Battle timer is ON: inactive players will automatically lose when time's up. (requested by Machoke333)\n|inactive|Josuee_29 has 60 seconds left.\n|inactive|Josuee_29 has 30 seconds left.\n|\n|t:|1699690575\n|start\n|switch|p1a: Rillaboom|Rillaboom, L50, F|100\/100\n|switch|p1b: Flutter Mane|Flutter Mane, L50, shiny|100\/100\n|switch|p2a: Ninetales|Ninetales-Alola, L50, M|100\/100\n|switch|p2b: Hariyama|Hariyama, L50, M|100\/100\n|-weather|Snow|[from] ability: Snow Warning|[of] p2a: Ninetales\n|-fieldstart|move: Grassy Terrain|[from] ability: Grassy Surge|[of] p1a: Rillaboom\n|turn|1\n|inactive|Josuee_29 has 30 seconds left.\n|inactive|Machoke333 has 30 seconds left.\n|inactive|Josuee_29 has 20 seconds left.\n|\n|t:|1699690614\n|move|p2a: Ninetales|Protect|p2a: Ninetales\n|-singleturn|p2a: Ninetales|Protect\n|move|p1a: Rillaboom|Fake Out|p2a: Ninetales\n|-activate|p2a: Ninetales|move: Protect\n|move|p2b: Hariyama|Fake Out|p1b: Flutter Mane\n|-immune|p1b: Flutter Mane\n|move|p1b: Flutter Mane|Power Gem|p2a: Ninetales\n|-activate|p2a: Ninetales|move: Protect\n|\n|-weather|Snow|[upkeep]\n|upkeep\n|turn|2\n|inactive|Josuee_29 has 30 seconds left.\n|inactive|Machoke333 has 30 seconds left.\n|inactive|Josuee_29 has 20 seconds left.\n|inactive|Josuee_29 has 15 seconds left.\n|inactive|Josuee_29 has 10 seconds left.\n|inactive|Josuee_29 has 5 seconds left.\n|\n|t:|1699690665\n|switch|p1a: Ogerpon|Ogerpon-Hearthflame, L50, F|100\/100\n|-ability|p1a: Ogerpon|Mold Breaker\n|-terastallize|p2a: Ninetales|Fairy\n|move|p2b: Hariyama|Helping Hand|p2a: Ninetales\n|-singleturn|p2a: Ninetales|Helping Hand|[of] p2b: Hariyama\n|move|p1b: Flutter Mane|Power Gem|p2a: Ninetales\n|-damage|p2a: Ninetales|59\/100\n|-damage|p1b: Flutter Mane|90\/100|[from] item: Life Orb\n|move|p2a: Ninetales|Blizzard|p1a: Ogerpon|[spread] p1a,p1b\n|-damage|p1a: Ogerpon|46\/100\n|-damage|p1b: Flutter Mane|48\/100\n|\n|-weather|Snow|[upkeep]\n|-heal|p1b: Flutter Mane|54\/100|[from] Grassy Terrain\n|-heal|p1a: Ogerpon|52\/100|[from] Grassy Terrain\n|-heal|p2a: Ninetales|65\/100|[from] Grassy Terrain\n|upkeep\n|turn|3\n|inactive|Josuee_29 has 30 seconds left.\n|inactive|Josuee_29 has 20 seconds left.\n|inactive|Josuee_29 has 15 seconds left.\n|inactive|Josuee_29 has 10 seconds left.\n|inactive|Josuee_29 has 5 seconds left.\n|\n|t:|1699690715\n|-terastallize|p1a: Ogerpon|Fire\n|detailschange|p1a: Ogerpon|Ogerpon-Hearthflame-Tera, L50, F, tera:Fire\n|-ability|p1a: Ogerpon|Embody Aspect (Hearthflame)|boost\n|-boost|p1a: Ogerpon|atk|1\n|move|p2a: Ninetales|Protect|p2a: Ninetales\n|-singleturn|p2a: Ninetales|Protect\n|move|p1b: Flutter Mane|Dazzling Gleam|p2b: Hariyama|[spread] p2b\n|-activate|p2a: Ninetales|move: Protect\n|-supereffective|p2b: Hariyama\n|-damage|p2b: Hariyama|14\/100\n|-enditem|p2b: Hariyama|Eject Button\n|-damage|p1b: Flutter Mane|44\/100|[from] item: Life Orb\n|\n|t:|1699690727\n|switch|p2b: Jumpluff|Jumpluff, L50, F|100\/100\n|move|p1a: Ogerpon|Ivy Cudgel|p2b: Jumpluff\n|-supereffective|p2b: Jumpluff\n|-enditem|p2b: Jumpluff|Focus Sash\n|-damage|p2b: Jumpluff|1\/100\n|\n|-weather|Snow|[upkeep]\n|-heal|p1b: Flutter Mane|50\/100|[from] Grassy Terrain\n|-heal|p1a: Ogerpon|58\/100|[from] Grassy Terrain\n|-heal|p2a: Ninetales|71\/100|[from] Grassy Terrain\n|upkeep\n|turn|4\n|\n|t:|1699690751\n|move|p1b: Flutter Mane|Dazzling Gleam|p2b: Jumpluff|[spread] p2a,p2b\n|-damage|p2a: Ninetales|19\/100\n|-damage|p2b: Jumpluff|0 fnt\n|faint|p2b: Jumpluff\n|-damage|p1b: Flutter Mane|40\/100|[from] item: Life Orb\n|move|p1a: Ogerpon|Ivy Cudgel|p2a: Ninetales\n|-damage|p2a: Ninetales|0 fnt\n|faint|p2a: Ninetales\n|\n|-weather|Snow|[upkeep]\n|-heal|p1b: Flutter Mane|46\/100|[from] Grassy Terrain\n|-heal|p1a: Ogerpon|63\/100|[from] Grassy Terrain\n|upkeep\n|\n|t:|1699690757\n|switch|p2b: Hariyama|Hariyama, L50, M|14\/100\n|switch|p2a: Baxcalibur|Baxcalibur, L50, F|100\/100\n|turn|5\n|inactive|Josuee_29 has 30 seconds left.\n|inactive|Josuee_29 has 20 seconds left.\n|\n|t:|1699690794\n|-end|p1b: Flutter Mane|Protosynthesis|[silent]\n|switch|p1b: Heatran|Heatran, L50, F|100\/100\n|move|p1a: Ogerpon|Spiky Shield|p1a: Ogerpon\n|-singleturn|p1a: Ogerpon|move: Protect\n|move|p2b: Hariyama|Wide Guard|p2b: Hariyama\n|-singleturn|p2b: Hariyama|Wide Guard\n|move|p2a: Baxcalibur|Icicle Spear|p1b: Heatran\n|-resisted|p1b: Heatran\n|-damage|p1b: Heatran|97\/100\n|-resisted|p1b: Heatran\n|-damage|p1b: Heatran|94\/100\n|-resisted|p1b: Heatran\n|-damage|p1b: Heatran|91\/100\n|-resisted|p1b: Heatran\n|-damage|p1b: Heatran|88\/100\n|-resisted|p1b: Heatran\n|-damage|p1b: Heatran|85\/100\n|-hitcount|p1b: Heatran|5\n|\n|-weather|none\n|-heal|p1a: Ogerpon|69\/100|[from] Grassy Terrain\n|-heal|p1b: Heatran|91\/100|[from] Grassy Terrain\n|-heal|p2b: Hariyama|20\/100|[from] Grassy Terrain\n|-fieldend|move: Grassy Terrain\n|upkeep\n|turn|6\n|inactive|Josuee_29 has 30 seconds left.\n|inactive|Josuee_29 has 20 seconds left.\n|inactive|Josuee_29 has 15 seconds left.\n|\n|t:|1699690838\n|switch|p1a: Rillaboom|Rillaboom, L50, F|100\/100\n|-fieldstart|move: Grassy Terrain|[from] ability: Grassy Surge|[of] p1a: Rillaboom\n|move|p2b: Hariyama|Helping Hand|p2a: Baxcalibur\n|-singleturn|p2a: Baxcalibur|Helping Hand|[of] p2b: Hariyama\n|move|p2a: Baxcalibur|Earthquake|p1b: Heatran|[spread] p2b,p1a,p1b\n|-resisted|p1a: Rillaboom\n|-supereffective|p1b: Heatran\n|-damage|p2b: Hariyama|5\/100\n|-damage|p1a: Rillaboom|90\/100\n|-damage|p1b: Heatran|10\/100\n|move|p1b: Heatran|Flash Cannon|p2a: Baxcalibur\n|-supereffective|p2a: Baxcalibur\n|-crit|p2a: Baxcalibur\n|-damage|p2a: Baxcalibur|0 fnt\n|faint|p2a: Baxcalibur\n|\n|-heal|p1b: Heatran|16\/100|[from] Grassy Terrain\n|-heal|p1a: Rillaboom|96\/100|[from] Grassy Terrain\n|-heal|p1a: Rillaboom|100\/100|[from] item: Leftovers\n|-heal|p2b: Hariyama|11\/100|[from] Grassy Terrain\n|upkeep\n|turn|7\n|-message|Machoke333 forfeited.\n|\n|win|Josuee_29\n|raw|Josuee_29's rating: 1218 &rarr; <strong>1243<\/strong><br \/>(+25 for winning)\n|raw|Machoke333's rating: 1218 &rarr; <strong>1193<\/strong><br \/>(-25 for losing)\n|l|\u2606Machoke333\n","uploadtime":1699690864,"views":19,"p1id":"josuee29","p2id":"machoke333","formatid":"gen9vgc2023regulatione","rating":1193,"private":0,"password":""}