{"id":"gen9vgc2023regulatione-1992833839","p1":"whyismynamejeff","p2":"Gaspar_ElPro","format":"[Gen 9] VGC 2023 Regulation E","log":"|j|\u2606whyismynamejeff\n|j|\u2606Gaspar_ElPro\n|t:|1700239427\n|gametype|doubles\n|player|p1|whyismynamejeff|colress|1108\n|player|p2|Gaspar_ElPro|ltsurge|1094\n|teamsize|p1|6\n|teamsize|p2|6\n|gen|9\n|tier|[Gen 9] VGC 2023 Regulation E\n|rated|\n|rule|Species Clause: Limit one of each Pok\u00e9mon\n|rule|Item Clause: Limit one of each item\n|clearpoke\n|poke|p1|Empoleon, L50, M|\n|poke|p1|Ogerpon-Hearthflame, L50, F|\n|poke|p1|Flutter Mane, L50|\n|poke|p1|Iron Hands, L50|\n|poke|p1|Baxcalibur, L50, M|\n|poke|p1|Landorus-Therian, L50, M|\n|poke|p2|Ursaluna-Bloodmoon, L50, M|\n|poke|p2|Gholdengo, L50|\n|poke|p2|Zapdos, L50|\n|poke|p2|Rillaboom, L50, F|\n|poke|p2|Tauros-Paldea-Blaze, L50, M|\n|poke|p2|Baxcalibur, L50, M|\n|teampreview|4\n|\n|t:|1700239482\n|start\n|switch|p1a: Baxcalibur|Baxcalibur, L50, M|100\/100\n|switch|p1b: Iron Hands|Iron Hands, L50|100\/100\n|switch|p2a: Zapdos|Zapdos, L50|100\/100\n|switch|p2b: Rillaboom|Rillaboom, L50, F|100\/100\n|-fieldstart|move: Grassy Terrain|[from] ability: Grassy Surge|[of] p2b: Rillaboom\n|-enditem|p2b: Rillaboom|Grassy Seed\n|-boost|p2b: Rillaboom|def|1|[from] item: Grassy Seed\n|turn|1\n|\n|t:|1700239519\n|move|p2b: Rillaboom|Fake Out|p1a: Baxcalibur\n|-damage|p1a: Baxcalibur|87\/100\n|cant|p1a: Baxcalibur|flinch\n|move|p2a: Zapdos|Tailwind|p2a: Zapdos\n|-sidestart|p2: Gaspar_ElPro|move: Tailwind\n|move|p1b: Iron Hands|Ice Punch|p2b: Rillaboom\n|-supereffective|p2b: Rillaboom\n|-damage|p2b: Rillaboom|62\/100\n|\n|-heal|p2b: Rillaboom|68\/100|[from] Grassy Terrain\n|-heal|p1a: Baxcalibur|93\/100|[from] Grassy Terrain\n|upkeep\n|turn|2\n|\n|t:|1700239564\n|switch|p2a: Gholdengo|Gholdengo, L50|100\/100\n|move|p2b: Rillaboom|U-turn|p1a: Baxcalibur\n|-damage|p1a: Baxcalibur|70\/100\n|\n|t:|1700239576\n|switch|p2b: Baxcalibur|Baxcalibur, L50, M|100\/100|[from] U-turn\n|move|p1a: Baxcalibur|Icicle Spear|p2b: Baxcalibur\n|-damage|p2b: Baxcalibur|89\/100\n|-damage|p2b: Baxcalibur|76\/100\n|-damage|p2b: Baxcalibur|65\/100\n|-damage|p2b: Baxcalibur|53\/100\n|-hitcount|p2b: Baxcalibur|4\n|move|p1b: Iron Hands|Ice Punch|p2a: Gholdengo\n|-resisted|p2a: Gholdengo\n|-damage|p2a: Gholdengo|83\/100\n|\n|-heal|p2a: Gholdengo|89\/100|[from] Grassy Terrain\n|-heal|p2b: Baxcalibur|59\/100|[from] Grassy Terrain\n|-heal|p1a: Baxcalibur|76\/100|[from] Grassy Terrain\n|upkeep\n|turn|3\n|\n|t:|1700239603\n|move|p2a: Gholdengo|Trick|p1b: Iron Hands\n|-activate|p2a: Gholdengo|move: Trick|[of] p1b: Iron Hands\n|-item|p1b: Iron Hands|Choice Specs|[from] move: Trick\n|-item|p2a: Gholdengo|Assault Vest|[from] move: Trick\n|move|p2b: Baxcalibur|Icicle Spear|p1a: Baxcalibur\n|-damage|p1a: Baxcalibur|62\/100\n|-damage|p1a: Baxcalibur|45\/100\n|-damage|p1a: Baxcalibur|30\/100\n|-damage|p1a: Baxcalibur|13\/100\n|-hitcount|p1a: Baxcalibur|4\n|move|p1a: Baxcalibur|Scale Shot|p2a: Gholdengo\n|-resisted|p2a: Gholdengo\n|-damage|p2a: Gholdengo|82\/100\n|-resisted|p2a: Gholdengo\n|-damage|p2a: Gholdengo|73\/100\n|-resisted|p2a: Gholdengo\n|-damage|p2a: Gholdengo|65\/100\n|-resisted|p2a: Gholdengo\n|-damage|p2a: Gholdengo|56\/100\n|-hitcount|p2a: Gholdengo|4\n|-unboost|p1a: Baxcalibur|def|1\n|-boost|p1a: Baxcalibur|spe|1\n|move|p1b: Iron Hands|Drain Punch|p2b: Baxcalibur\n|-supereffective|p2b: Baxcalibur\n|-damage|p2b: Baxcalibur|0 fnt\n|faint|p2b: Baxcalibur\n|\n|-heal|p2a: Gholdengo|62\/100|[from] Grassy Terrain\n|-heal|p1a: Baxcalibur|18\/100|[from] Grassy Terrain\n|upkeep\n|\n|t:|1700239634\n|switch|p2b: Rillaboom|Rillaboom, L50, F|68\/100\n|turn|4\n|\n|t:|1700239665\n|move|p2b: Rillaboom|Fake Out|p1a: Baxcalibur\n|-damage|p1a: Baxcalibur|0 fnt\n|faint|p1a: Baxcalibur\n|move|p2a: Gholdengo|Shadow Ball|p1b: Iron Hands\n|-damage|p1b: Iron Hands|62\/100\n|-unboost|p1b: Iron Hands|spd|1\n|move|p1b: Iron Hands|Drain Punch|p2b: Rillaboom\n|-damage|p2b: Rillaboom|21\/100\n|-heal|p1b: Iron Hands|81\/100|[from] drain|[of] p2b: Rillaboom\n|\n|-heal|p2a: Gholdengo|68\/100|[from] Grassy Terrain\n|-heal|p2b: Rillaboom|27\/100|[from] Grassy Terrain\n|-heal|p1b: Iron Hands|87\/100|[from] Grassy Terrain\n|-sideend|p2: Gaspar_ElPro|move: Tailwind\n|upkeep\n|\n|t:|1700239680\n|switch|p1a: Flutter Mane|Flutter Mane, L50|100\/100\n|-enditem|p1a: Flutter Mane|Booster Energy\n|-activate|p1a: Flutter Mane|ability: Protosynthesis|[fromitem]\n|-start|p1a: Flutter Mane|protosynthesisspe\n|turn|5\n|\n|t:|1700239691\n|switch|p2a: Zapdos|Zapdos, L50|100\/100\n|move|p1a: Flutter Mane|Shadow Ball|p2a: Zapdos\n|-damage|p2a: Zapdos|54\/100\n|move|p2b: Rillaboom|Knock Off|p1a: Flutter Mane\n|-damage|p1a: Flutter Mane|47\/100\n|move|p1b: Iron Hands|Drain Punch|p2b: Rillaboom\n|-damage|p2b: Rillaboom|0 fnt\n|-heal|p1b: Iron Hands|98\/100|[from] drain|[of] p2b: Rillaboom\n|faint|p2b: Rillaboom\n|\n|-heal|p1a: Flutter Mane|54\/100|[from] Grassy Terrain\n|-heal|p1b: Iron Hands|100\/100|[from] Grassy Terrain\n|-fieldend|move: Grassy Terrain\n|upkeep\n|\n|t:|1700239706\n|switch|p2b: Gholdengo|Gholdengo, L50|68\/100\n|turn|6\n|\n|t:|1700239717\n|-terastallize|p2b: Gholdengo|Steel\n|move|p1a: Flutter Mane|Shadow Ball|p2b: Gholdengo\n|-damage|p2b: Gholdengo|33\/100\n|move|p2b: Gholdengo|Make It Rain|p1b: Iron Hands|[spread] p1a,p1b\n|-supereffective|p1a: Flutter Mane\n|-resisted|p1b: Iron Hands\n|-damage|p1a: Flutter Mane|0 fnt\n|-damage|p1b: Iron Hands|58\/100\n|-unboost|p2b: Gholdengo|spa|1\n|faint|p1a: Flutter Mane\n|-end|p1a: Flutter Mane|Protosynthesis|[silent]\n|move|p2a: Zapdos|Tailwind|p2a: Zapdos\n|-sidestart|p2: Gaspar_ElPro|move: Tailwind\n|move|p1b: Iron Hands|Drain Punch|p2a: Zapdos\n|-resisted|p2a: Zapdos\n|-damage|p2a: Zapdos|36\/100\n|-heal|p1b: Iron Hands|65\/100|[from] drain|[of] p2a: Zapdos\n|-damage|p1b: Iron Hands|48\/100|[from] item: Rocky Helmet|[of] p2a: Zapdos\n|\n|upkeep\n|\n|t:|1700239729\n|switch|p1a: Empoleon|Empoleon, L50, M|100\/100\n|turn|7\n|\n|t:|1700239754\n|-terastallize|p1a: Empoleon|Dragon\n|move|p2b: Gholdengo|Focus Blast|p1a: Empoleon|[miss]\n|-miss|p2b: Gholdengo|p1a: Empoleon\n|move|p2a: Zapdos|Thunderbolt|p1a: Empoleon\n|-resisted|p1a: Empoleon\n|-damage|p1a: Empoleon|82\/100\n|move|p1a: Empoleon|Ice Beam|p2a: Zapdos\n|-supereffective|p2a: Zapdos\n|-damage|p2a: Zapdos|0 fnt\n|faint|p2a: Zapdos\n|move|p1b: Iron Hands|Drain Punch|p2b: Gholdengo\n|-supereffective|p2b: Gholdengo\n|-damage|p2b: Gholdengo|0 fnt\n|-heal|p1b: Iron Hands|58\/100|[from] drain|[of] p2b: Gholdengo\n|faint|p2b: Gholdengo\n|\n|win|whyismynamejeff\n|raw|whyismynamejeff's rating: 1108 &rarr; <strong>1132<\/strong><br \/>(+24 for winning)\n|raw|Gaspar_ElPro's rating: 1094 &rarr; <strong>1071<\/strong><br \/>(-23 for losing)\n|l|\u2606Gaspar_ElPro\n","uploadtime":1700239780,"views":18,"p1id":"whyismynamejeff","p2id":"gasparelpro","formatid":"gen9vgc2023regulatione","rating":1071,"private":0,"password":""}