{"id":"gen9vgc2023regulatione-1994627046","p1":"Christio","p2":"Jayquaza7","format":"[Gen 9] VGC 2023 Regulation E","log":"|j|\u2606Christio\n|j|\u2606Jayquaza7\n|t:|1700471739\n|gametype|doubles\n|player|p1|Christio|hilbert|\n|player|p2|Jayquaza7|gambler|\n|teamsize|p1|6\n|teamsize|p2|6\n|gen|9\n|tier|[Gen 9] VGC 2023 Regulation E\n|rule|Species Clause: Limit one of each Pok\u00e9mon\n|rule|Item Clause: Limit one of each item\n|clearpoke\n|poke|p1|Urshifu-*, L50, M|\n|poke|p1|Cresselia, L50, F|\n|poke|p1|Tornadus, L50, M|\n|poke|p1|Sinistcha-Masterpiece, L50|\n|poke|p1|Landorus-Therian, L50, M|\n|poke|p1|Amoonguss, L50, M|\n|poke|p2|Landorus-Therian, L50, M|\n|poke|p2|Tornadus, L50, M|\n|poke|p2|Ogerpon-Wellspring, L50, F|\n|poke|p2|Shiftry, L50, F|\n|poke|p2|Sinistcha, L50|\n|poke|p2|Ursaluna-Bloodmoon, L50, M|\n|teampreview|4\n|j| MewonCC\n|\n|t:|1700471760\n|start\n|switch|p1a: Urshifu|Urshifu, L50, M|100\/100\n|switch|p1b: Amoonguss|Amoonguss, L50, M|100\/100\n|switch|p2a: Tornadus|Tornadus, L50, M|100\/100\n|switch|p2b: Ursaluna|Ursaluna-Bloodmoon, L50, M|100\/100\n|turn|1\n|\n|t:|1700471782\n|move|p1b: Amoonguss|Rage Powder|p1b: Amoonguss\n|-singleturn|p1b: Amoonguss|move: Rage Powder\n|move|p2a: Tornadus|Tailwind|p2a: Tornadus\n|-sidestart|p2: Jayquaza7|move: Tailwind\n|move|p2b: Ursaluna|Blood Moon|p1b: Amoonguss\n|-damage|p1b: Amoonguss|26\/100\n|-enditem|p1b: Amoonguss|Sitrus Berry|[eat]\n|-heal|p1b: Amoonguss|51\/100|[from] item: Sitrus Berry\n|-damage|p2b: Ursaluna|90\/100|[from] item: Life Orb\n|move|p1a: Urshifu|Ice Punch|p2a: Tornadus\n|-supereffective|p2a: Tornadus\n|-damage|p2a: Tornadus|0 fnt\n|faint|p2a: Tornadus\n|\n|upkeep\n|\n|t:|1700471809\n|switch|p2a: Landorus|Landorus-Therian, L50, M|100\/100\n|-ability|p2a: Landorus|Intimidate|boost\n|-unboost|p1a: Urshifu|atk|1\n|-unboost|p1b: Amoonguss|atk|1\n|turn|2\n|\n|t:|1700471821\n|switch|p1a: Sinistcha|Sinistcha-Masterpiece, L50|100\/100\n|-heal|p1b: Amoonguss|76\/100|[from] ability: Hospitality|[of] p1a: Sinistcha\n|-terastallize|p2a: Landorus|Flying\n|move|p2a: Landorus|Tera Blast|p1a: Sinistcha|[anim] Tera Blast Flying\n|-supereffective|p1a: Sinistcha\n|-damage|p1a: Sinistcha|0 fnt\n|faint|p1a: Sinistcha\n|move|p2b: Ursaluna|Earth Power|p1b: Amoonguss\n|-damage|p1b: Amoonguss|29\/100\n|-damage|p2b: Ursaluna|80\/100|[from] item: Life Orb\n|move|p1b: Amoonguss|Scary Face|p2a: Landorus\n|-unboost|p2a: Landorus|spe|2\n|\n|upkeep\n|\n|t:|1700471838\n|switch|p1a: Urshifu|Urshifu, L50, M|100\/100\n|turn|3\n|\n|t:|1700471850\n|switch|p2a: Shiftry|Shiftry, L50, F|100\/100\n|-ability|p2a: Shiftry|Wind Rider|boost\n|-boost|p2a: Shiftry|atk|1\n|move|p1b: Amoonguss|Rage Powder|p1b: Amoonguss\n|-singleturn|p1b: Amoonguss|move: Rage Powder\n|move|p2b: Ursaluna|Blood Moon|p1b: Amoonguss\n|-crit|p1b: Amoonguss\n|-damage|p1b: Amoonguss|0 fnt\n|faint|p1b: Amoonguss\n|-damage|p2b: Ursaluna|70\/100|[from] item: Life Orb\n|move|p1a: Urshifu|Ice Punch|p2a: Shiftry\n|-supereffective|p2a: Shiftry\n|-enditem|p2a: Shiftry|Focus Sash\n|-damage|p2a: Shiftry|1\/100\n|-status|p2a: Shiftry|frz\n|\n|upkeep\n|\n|t:|1700471867\n|switch|p1b: Cresselia|Cresselia, L50, F|100\/100\n|turn|4\n|\n|t:|1700471889\n|cant|p2a: Shiftry|frz\n|move|p2b: Ursaluna|Earth Power|p1a: Urshifu\n|-damage|p1a: Urshifu|11\/100\n|-damage|p2b: Ursaluna|60\/100|[from] item: Life Orb\n|move|p1a: Urshifu|Ice Punch|p2b: Ursaluna\n|-supereffective|p2b: Ursaluna\n|-damage|p2b: Ursaluna|0 fnt\n|faint|p2b: Ursaluna\n|move|p1b: Cresselia|Trick Room|p1b: Cresselia\n|-fieldstart|move: Trick Room|[of] p1b: Cresselia\n|\n|-sideend|p2: Jayquaza7|move: Tailwind\n|upkeep\n|\n|t:|1700471902\n|switch|p2b: Landorus|Landorus-Therian, L50, M, tera:Flying|100\/100\n|-ability|p2b: Landorus|Intimidate|boost\n|-unboost|p1a: Urshifu|atk|1\n|-unboost|p1b: Cresselia|atk|1\n|turn|5\n|\n|t:|1700471918\n|move|p1b: Cresselia|Ally Switch|p1b: Cresselia\n|swap|p1b: Cresselia|0|[from] move: Ally Switch\n|move|p1b: Urshifu|Ice Punch|p2b: Landorus\n|-supereffective|p2b: Landorus\n|-damage|p2b: Landorus|29\/100\n|cant|p2a: Shiftry|frz\n|move|p2b: Landorus|Rock Slide|p1b: Urshifu|[spread] p1a,p1b\n|-resisted|p1b: Urshifu\n|-damage|p1a: Cresselia|79\/100\n|-damage|p1b: Urshifu|0 fnt\n|faint|p1b: Urshifu\n|\n|-heal|p1a: Cresselia|85\/100|[from] item: Leftovers\n|upkeep\n|turn|6\n|\n|t:|1700471935\n|move|p1a: Cresselia|Moonblast|p2a: Shiftry\n|-supereffective|p2a: Shiftry\n|-crit|p2a: Shiftry\n|-damage|p2a: Shiftry|0 fnt\n|faint|p2a: Shiftry\n|move|p2b: Landorus|Rock Slide|p1a: Cresselia\n|-damage|p1a: Cresselia|53\/100\n|\n|-heal|p1a: Cresselia|60\/100|[from] item: Leftovers\n|upkeep\n|turn|7\n|\n|t:|1700471946\n|move|p1a: Cresselia|Moonblast|p2b: Landorus\n|-damage|p2b: Landorus|5\/100\n|move|p2b: Landorus|Rock Slide|p1a: Cresselia\n|-damage|p1a: Cresselia|30\/100\n|\n|-heal|p1a: Cresselia|36\/100|[from] item: Leftovers\n|upkeep\n|turn|8\n|\n|t:|1700471956\n|move|p1a: Cresselia|Moonblast|p2b: Landorus\n|-damage|p2b: Landorus|0 fnt\n|faint|p2b: Landorus\n|\n|win|Christio\n","uploadtime":1700471963,"views":8,"p1id":"christio","p2id":"jayquaza7","formatid":"gen9vgc2023regulatione","rating":0,"private":0,"password":""}