{"id":"gen9vgc2023regulatione-1990364524","p1":"Jippt351","p2":"challengedacepted","format":"[Gen 9] VGC 2023 Regulation E","log":"|j|\u2606Jippt351\n|j|\u2606challengedacepted\n|t:|1699962599\n|gametype|doubles\n|player|p1|Jippt351|102|1318\n|player|p2|challengedacepted|265|1286\n|teamsize|p1|6\n|teamsize|p2|6\n|gen|9\n|tier|[Gen 9] VGC 2023 Regulation E\n|rated|\n|rule|Species Clause: Limit one of each Pok\u00e9mon\n|rule|Item Clause: Limit one of each item\n|clearpoke\n|poke|p1|Tornadus, L50, M|\n|poke|p1|Flutter Mane, L50|\n|poke|p1|Regidrago, L50|\n|poke|p1|Heatran, L50, M|\n|poke|p1|Urshifu-*, L50, F|\n|poke|p1|Farigiraf, L50, M|\n|poke|p2|Gengar, L50, M|\n|poke|p2|Rillaboom, L50, M|\n|poke|p2|Slowbro, L50, M|\n|poke|p2|Torkoal, L50, M|\n|poke|p2|Hatterene, L50, F|\n|poke|p2|Urshifu-*, L50, F|\n|teampreview|4\n|inactive|Battle timer is ON: inactive players will automatically lose when time's up. (requested by Jippt351)\n|inactive|Jippt351 has 60 seconds left.\n|\n|t:|1699962630\n|start\n|switch|p1a: Farigiraf|Farigiraf, L50, M|100\/100\n|switch|p1b: Urshifu|Urshifu, L50, F|100\/100\n|switch|p2a: Gengar|Gengar, L50, M|100\/100\n|switch|p2b: Urshifu|Urshifu-Rapid-Strike, L50, F|100\/100\n|turn|1\n|inactive|Jippt351 has 30 seconds left.\n|inactive|Jippt351 has 20 seconds left.\n|inactive|Jippt351 has 15 seconds left.\n|inactive|Jippt351 has 10 seconds left.\n|\n|t:|1699962680\n|move|p2b: Urshifu|Surging Strikes|p1a: Farigiraf\n|-crit|p1a: Farigiraf\n|-damage|p1a: Farigiraf|81\/100\n|-damage|p2b: Urshifu|84\/100|[from] item: Rocky Helmet|[of] p1a: Farigiraf\n|-crit|p1a: Farigiraf\n|-damage|p1a: Farigiraf|63\/100\n|-damage|p2b: Urshifu|68\/100|[from] item: Rocky Helmet|[of] p1a: Farigiraf\n|-crit|p1a: Farigiraf\n|-damage|p1a: Farigiraf|42\/100\n|-damage|p2b: Urshifu|51\/100|[from] item: Rocky Helmet|[of] p1a: Farigiraf\n|-hitcount|p1a: Farigiraf|3\n|move|p1b: Urshifu|Wicked Blow|p2a: Gengar\n|-supereffective|p2a: Gengar\n|-crit|p2a: Gengar\n|-enditem|p2a: Gengar|Focus Sash\n|-damage|p2a: Gengar|1\/100\n|move|p2a: Gengar|Sludge Bomb|p1b: Urshifu\n|-damage|p1b: Urshifu|32\/100\n|move|p1a: Farigiraf|Imprison|p1a: Farigiraf\n|-start|p1a: Farigiraf|move: Imprison\n|\n|upkeep\n|turn|2\n|inactive|Jippt351 has 30 seconds left.\n|\n|t:|1699962706\n|move|p2b: Urshifu|Surging Strikes|p1b: Urshifu\n|-crit|p1b: Urshifu\n|-damage|p1b: Urshifu|10\/100\n|-crit|p1b: Urshifu\n|-damage|p1b: Urshifu|0 fnt\n|faint|p1b: Urshifu\n|-hitcount|p1: Urshifu|2\n|move|p2a: Gengar|Sludge Bomb|p1a: Farigiraf\n|-damage|p1a: Farigiraf|0 fnt\n|faint|p1a: Farigiraf\n|\n|upkeep\n|\n|t:|1699962716\n|switch|p1b: Regidrago|Regidrago, L50|100\/100\n|switch|p1a: Heatran|Heatran, L50, M|100\/100\n|turn|3\n|\n|t:|1699962731\n|switch|p2b: Slowbro|Slowbro, L50, M|100\/100\n|-terastallize|p1a: Heatran|Fairy\n|move|p2a: Gengar|Sludge Bomb|p1b: Regidrago\n|-damage|p1b: Regidrago|53\/100\n|move|p1b: Regidrago|Dragon Energy|p2b: Slowbro|[spread] p2a,p2b\n|-damage|p2a: Gengar|0 fnt\n|-damage|p2b: Slowbro|54\/100\n|faint|p2a: Gengar\n|move|p1a: Heatran|Heat Wave|p2b: Slowbro\n|-resisted|p2b: Slowbro\n|-damage|p2b: Slowbro|23\/100\n|-damage|p1a: Heatran|91\/100|[from] item: Life Orb\n|\n|-heal|p2b: Slowbro|29\/100|[from] item: Leftovers\n|upkeep\n|\n|t:|1699962756\n|switch|p2a: Urshifu|Urshifu-Rapid-Strike, L50, F|51\/100\n|turn|4\n|\n|t:|1699962773\n|move|p2a: Urshifu|Poison Jab|p1a: Heatran\n|-supereffective|p1a: Heatran\n|-damage|p1a: Heatran|38\/100\n|-status|p1a: Heatran|psn\n|move|p1b: Regidrago|Draco Meteor|p2a: Urshifu\n|-damage|p2a: Urshifu|0 fnt\n|-unboost|p1b: Regidrago|spa|2\n|faint|p2a: Urshifu\n|move|p1a: Heatran|Heat Wave|p2b: Slowbro\n|-resisted|p2b: Slowbro\n|-damage|p2b: Slowbro|0 fnt\n|faint|p2b: Slowbro\n|-damage|p1a: Heatran|28\/100 psn|[from] item: Life Orb\n|\n|-damage|p1a: Heatran|16\/100 psn|[from] psn\n|upkeep\n|\n|t:|1699962786\n|switch|p2b: Torkoal|Torkoal, L50, M|100\/100\n|-weather|SunnyDay|[from] ability: Drought|[of] p2b: Torkoal\n|turn|5\n|\n|t:|1699962796\n|move|p2b: Torkoal|Protect|p2b: Torkoal\n|-singleturn|p2b: Torkoal|Protect\n|move|p1b: Regidrago|Draco Meteor|p2b: Torkoal\n|-activate|p2b: Torkoal|move: Protect\n|move|p1a: Heatran|Earth Power|p2b: Torkoal\n|-activate|p2b: Torkoal|move: Protect\n|\n|-weather|SunnyDay|[upkeep]\n|-damage|p1a: Heatran|3\/100 psn|[from] psn\n|upkeep\n|turn|6\n|inactive|challengedacepted has 30 seconds left.\n|inactive|challengedacepted has 20 seconds left.\n|inactive|challengedacepted has 15 seconds left.\n|\n|t:|1699962837\n|-terastallize|p2b: Torkoal|Bug\n|move|p1b: Regidrago|Dragon Energy|p2b: Torkoal\n|-damage|p2b: Torkoal|56\/100\n|move|p1a: Heatran|Heat Wave|p2b: Torkoal\n|-supereffective|p2b: Torkoal\n|-damage|p2b: Torkoal|0 fnt\n|faint|p2b: Torkoal\n|-damage|p1a: Heatran|0 fnt|[from] item: Life Orb\n|faint|p1a: Heatran\n|\n|win|Jippt351\n|raw|Jippt351's rating: 1318 &rarr; <strong>1335<\/strong><br \/>(+17 for winning)\n|raw|challengedacepted's rating: 1259 &rarr; <strong>1238<\/strong><br \/>(-21 for losing)\n","uploadtime":1699962845,"views":17,"p1id":"jippt351","p2id":"challengedacepted","formatid":"gen9vgc2023regulatione","rating":1238,"private":0,"password":""}