{"id":"gen9vgc2023regulatione-1994385928","p1":"mocha_06","p2":"Cyborg Tesla","format":"[Gen 9] VGC 2023 Regulation E","log":"|j|\u2606mocha_06\n|j|\u2606Cyborg Tesla\n|t:|1700437944\n|gametype|doubles\n|player|p1|mocha_06|102|1502\n|player|p2|Cyborg Tesla|roark|1470\n|teamsize|p1|6\n|teamsize|p2|6\n|gen|9\n|tier|[Gen 9] VGC 2023 Regulation E\n|rated|\n|rule|Species Clause: Limit one of each Pok\u00e9mon\n|rule|Item Clause: Limit one of each item\n|clearpoke\n|poke|p1|Amoonguss, L50, F|\n|poke|p1|Urshifu-*, L50, F|\n|poke|p1|Iron Hands, L50|\n|poke|p1|Gholdengo, L50|\n|poke|p1|Flutter Mane, L50|\n|poke|p1|Tornadus, L50, M|\n|poke|p2|Flutter Mane, L50|\n|poke|p2|Zapdos, L50|\n|poke|p2|Landorus-Therian, L50, M|\n|poke|p2|Heatran, L50, M|\n|poke|p2|Amoonguss, L50, M|\n|poke|p2|Urshifu-*, L50, M|\n|teampreview|4\n|inactive|Battle timer is ON: inactive players will automatically lose when time's up. (requested by Cyborg Tesla)\nmocha_06 has agreed to open team sheets.\n|inactive|Cyborg Tesla has 60 seconds left.\n|\n|t:|1700438003\n|start\n|switch|p1a: Tornadus|Tornadus, L50, M|100\/100\n|switch|p1b: Gholdengo|Gholdengo, L50|100\/100\n|switch|p2a: Zapdos|Zapdos, L50|100\/100\n|switch|p2b: Heatran|Heatran, L50, M|100\/100\n|turn|1\n|\n|t:|1700438017\n|-terastallize|p1b: Gholdengo|Dragon\n|move|p1a: Tornadus|Tailwind|p1a: Tornadus\n|-sidestart|p1: mocha_06|move: Tailwind\n|move|p1b: Gholdengo|Focus Blast|p2b: Heatran\n|-supereffective|p2b: Heatran\n|-damage|p2b: Heatran|0 fnt\n|faint|p2b: Heatran\n|-damage|p1b: Gholdengo|91\/100|[from] item: Life Orb\n|move|p2a: Zapdos|Thunderbolt|p1a: Tornadus\n|-supereffective|p1a: Tornadus\n|-damage|p1a: Tornadus|0 fnt\n|faint|p1a: Tornadus\n|\n|upkeep\n|inactive|mocha_06 has 30 seconds left.\n|\n|t:|1700438044\n|switch|p1a: Urshifu|Urshifu, L50, F|100\/100\n|switch|p2b: Landorus|Landorus-Therian, L50, M|100\/100\n|-ability|p2b: Landorus|Intimidate|boost\n|-unboost|p1a: Urshifu|atk|1\n|-unboost|p1b: Gholdengo|atk|1\n|turn|2\n|inactive|mocha_06 has 30 seconds left.\n|\n|t:|1700438075\n|move|p1a: Urshifu|Wicked Blow|p2b: Landorus\n|-crit|p2b: Landorus\n|-damage|p2b: Landorus|27\/100\n|move|p1b: Gholdengo|Shadow Ball|p2b: Landorus\n|-damage|p2b: Landorus|0 fnt\n|faint|p2b: Landorus\n|-damage|p1b: Gholdengo|81\/100|[from] item: Life Orb\n|move|p2a: Zapdos|Tailwind|p2a: Zapdos\n|-sidestart|p2: Cyborg Tesla|move: Tailwind\n|\n|upkeep\n|\n|t:|1700438080\n|switch|p2b: Flutter Mane|Flutter Mane, L50|100\/100\n|-enditem|p2b: Flutter Mane|Booster Energy\n|-activate|p2b: Flutter Mane|ability: Protosynthesis|[fromitem]\n|-start|p2b: Flutter Mane|protosynthesisspa\n|turn|3\n|\n|t:|1700438101\n|-terastallize|p2b: Flutter Mane|Fairy\n|move|p1a: Urshifu|Detect|p1a: Urshifu\n|-singleturn|p1a: Urshifu|Protect\n|move|p2b: Flutter Mane|Dazzling Gleam|p1a: Urshifu|[spread] p1b\n|-activate|p1a: Urshifu|move: Protect\n|-supereffective|p1b: Gholdengo\n|-damage|p1b: Gholdengo|0 fnt\n|faint|p1b: Gholdengo\n|move|p2a: Zapdos|Thunderbolt|p1a: Urshifu\n|-activate|p1a: Urshifu|move: Protect\n|\n|upkeep\n|\n|t:|1700438111\n|switch|p1b: Flutter Mane|Flutter Mane, L50|100\/100\n|-enditem|p1b: Flutter Mane|Booster Energy\n|-activate|p1b: Flutter Mane|ability: Protosynthesis|[fromitem]\n|-start|p1b: Flutter Mane|protosynthesisspa\n|turn|4\n|inactive|mocha_06 has 30 seconds left.\n|\n|t:|1700438143\n|move|p2b: Flutter Mane|Protect|p2b: Flutter Mane\n|-singleturn|p2b: Flutter Mane|Protect\n|move|p1b: Flutter Mane|Moonblast|p2b: Flutter Mane\n|-activate|p2b: Flutter Mane|move: Protect\n|move|p1a: Urshifu|Wicked Blow|p2b: Flutter Mane\n|-resisted|p2b: Flutter Mane\n|-crit|p2b: Flutter Mane\n|-damage|p2b: Flutter Mane|40\/100\n|move|p2a: Zapdos|Thunder Wave|p1b: Flutter Mane\n|-status|p1b: Flutter Mane|par\n|\n|-sideend|p1: mocha_06|move: Tailwind\n|upkeep\n|turn|5\n|inactive|mocha_06 has 30 seconds left.\n|inactive|mocha_06 has 20 seconds left.\n|inactive|mocha_06 has 15 seconds left.\n|\n|t:|1700438185\n|move|p1b: Flutter Mane|Protect|p1b: Flutter Mane\n|-singleturn|p1b: Flutter Mane|Protect\n|move|p2b: Flutter Mane|Dazzling Gleam|p1b: Flutter Mane|[spread] p1a\n|-activate|p1b: Flutter Mane|move: Protect\n|-supereffective|p1a: Urshifu\n|-enditem|p1a: Urshifu|Focus Sash\n|-damage|p1a: Urshifu|1\/100\n|move|p2a: Zapdos|Thunderbolt|p1b: Flutter Mane\n|-activate|p1b: Flutter Mane|move: Protect\n|move|p1a: Urshifu|Wicked Blow|p2b: Flutter Mane\n|-resisted|p2b: Flutter Mane\n|-crit|p2b: Flutter Mane\n|-damage|p2b: Flutter Mane|0 fnt\n|faint|p2b: Flutter Mane\n|-end|p2b: Flutter Mane|Protosynthesis|[silent]\n|\n|-sideend|p2: Cyborg Tesla|move: Tailwind\n|upkeep\n|turn|6\n|\n|t:|1700438199\n|move|p1a: Urshifu|Wicked Blow|p2a: Zapdos\n|-crit|p2a: Zapdos\n|-damage|p2a: Zapdos|52\/100\n|-status|p1a: Urshifu|par|[from] ability: Static|[of] p2a: Zapdos\n|move|p2a: Zapdos|Thunderbolt|p1a: Urshifu\n|-damage|p1a: Urshifu|0 fnt\n|faint|p1a: Urshifu\n|cant|p1b: Flutter Mane|par\n|\n|upkeep\n|turn|7\n|\n|t:|1700438210\n|move|p2a: Zapdos|Roost|p2a: Zapdos\n|-heal|p2a: Zapdos|100\/100\n|-singleturn|p2a: Zapdos|move: Roost\n|move|p1b: Flutter Mane|Moonblast|p2a: Zapdos\n|-damage|p2a: Zapdos|30\/100\n|\n|upkeep\n|turn|8\n|\n|t:|1700438219\n|move|p2a: Zapdos|Roost|p2a: Zapdos\n|-heal|p2a: Zapdos|80\/100\n|-singleturn|p2a: Zapdos|move: Roost\n|move|p1b: Flutter Mane|Moonblast|p2a: Zapdos\n|-damage|p2a: Zapdos|13\/100\n|\n|upkeep\n|turn|9\n|\n|t:|1700438224\n|move|p2a: Zapdos|Roost|p2a: Zapdos\n|-heal|p2a: Zapdos|63\/100\n|-singleturn|p2a: Zapdos|move: Roost\n|cant|p1b: Flutter Mane|par\n|\n|upkeep\n|turn|10\n|\n|t:|1700438234\n|move|p2a: Zapdos|Roost|p2a: Zapdos\n|-heal|p2a: Zapdos|100\/100\n|-singleturn|p2a: Zapdos|move: Roost\n|move|p1b: Flutter Mane|Moonblast|p2a: Zapdos\n|-damage|p2a: Zapdos|27\/100\n|\n|upkeep\n|turn|11\n|\n|t:|1700438239\n|move|p2a: Zapdos|Roost|p2a: Zapdos\n|-heal|p2a: Zapdos|77\/100\n|-singleturn|p2a: Zapdos|move: Roost\n|move|p1b: Flutter Mane|Moonblast|p2a: Zapdos\n|-damage|p2a: Zapdos|8\/100\n|\n|upkeep\n|turn|12\n|\n|t:|1700438245\n|move|p2a: Zapdos|Roost|p2a: Zapdos\n|-heal|p2a: Zapdos|58\/100\n|-singleturn|p2a: Zapdos|move: Roost\n|move|p1b: Flutter Mane|Moonblast|p2a: Zapdos\n|-damage|p2a: Zapdos|0 fnt\n|faint|p2a: Zapdos\n|\n|win|mocha_06\n|raw|mocha_06's rating: 1502 &rarr; <strong>1520<\/strong><br \/>(+18 for winning)\n|raw|Cyborg Tesla's rating: 1470 &rarr; <strong>1452<\/strong><br \/>(-18 for losing)\n","uploadtime":1700438248,"views":8,"p1id":"mocha06","p2id":"cyborgtesla","formatid":"gen9vgc2023regulatione","rating":1452,"private":0,"password":""}