{"id":"gen9vgc2023regulatione-1989318496","p1":"THS Mike","p2":"Cooltrizzle","format":"[Gen 9] VGC 2023 Regulation E","log":"|j|\u2606THS Mike\n|j|\u2606Cooltrizzle\n|t:|1699835782\n|gametype|doubles\n|player|p1|THS Mike|169|1611\n|player|p2|Cooltrizzle|hiker-gen4|1734\n|teamsize|p1|6\n|teamsize|p2|6\n|gen|9\n|tier|[Gen 9] VGC 2023 Regulation E\n|rated|\n|rule|Species Clause: Limit one of each Pok\u00e9mon\n|rule|Item Clause: Limit one of each item\n|clearpoke\n|poke|p1|Moltres-Galar, L50|\n|poke|p1|Sinistcha-Masterpiece, L50|\n|poke|p1|Ninetales-Alola, L50, F|\n|poke|p1|Landorus-Therian, L50, M|\n|poke|p1|Iron Hands, L50|\n|poke|p1|Heatran, L50, M|\n|poke|p2|Okidogi, L50, M|\n|poke|p2|Ninetales-Alola, L50, M|\n|poke|p2|Landorus-Therian, L50, M|\n|poke|p2|Sinistcha-Masterpiece, L50|\n|poke|p2|Heatran, L50, F|\n|poke|p2|Roaring Moon, L50|\n|teampreview|4\n|inactive|Battle timer is ON: inactive players will automatically lose when time's up. (requested by Cooltrizzle)\n|j| mighty dozo\n|inactive|Cooltrizzle has 60 seconds left.\n|\n|t:|1699835830\n|start\n|switch|p1a: Ninetales|Ninetales-Alola, L50, F|100\/100\n|switch|p1b: Iron Hands|Iron Hands, L50|100\/100\n|switch|p2a: Ninetales|Ninetales-Alola, L50, M|100\/100\n|switch|p2b: Heatran|Heatran, L50, F|100\/100\n|-weather|Snow|[from] ability: Snow Warning|[of] p2a: Ninetales\n|turn|1\n|inactive|Cooltrizzle has 30 seconds left.\n|\n|t:|1699835859\n|move|p1a: Ninetales|Protect|p1a: Ninetales\n|-singleturn|p1a: Ninetales|Protect\n|move|p2b: Heatran|Protect|p2b: Heatran\n|-singleturn|p2b: Heatran|Protect\n|move|p2a: Ninetales|Icy Wind|p1b: Iron Hands|[spread] p1b\n|-activate|p1a: Ninetales|move: Protect\n|-damage|p1b: Iron Hands|94\/100\n|-unboost|p1b: Iron Hands|spe|1\n|move|p1b: Iron Hands|Drain Punch|p2b: Heatran\n|-activate|p2b: Heatran|move: Protect\n|\n|-weather|Snow|[upkeep]\n|upkeep\n|turn|2\n|inactive|Cooltrizzle has 30 seconds left.\n|inactive|Cooltrizzle has 20 seconds left.\n|inactive|Cooltrizzle has 15 seconds left.\n|\n|t:|1699835901\n|switch|p1a: Heatran|Heatran, L50, M|100\/100\n|switch|p2b: Landorus|Landorus-Therian, L50, M|100\/100\n|-ability|p2b: Landorus|Intimidate|boost\n|-unboost|p1a: Heatran|atk|1\n|-unboost|p1b: Iron Hands|atk|1\n|move|p2a: Ninetales|Icy Wind|p1a: Heatran|[spread] p1a,p1b\n|-resisted|p1a: Heatran\n|-damage|p1a: Heatran|98\/100\n|-damage|p1b: Iron Hands|89\/100\n|-unboost|p1a: Heatran|spe|1\n|-unboost|p1b: Iron Hands|spe|1\n|move|p1b: Iron Hands|Drain Punch|p2b: Landorus\n|-resisted|p2b: Landorus\n|-damage|p2b: Landorus|85\/100\n|-heal|p1b: Iron Hands|95\/100|[from] drain|[of] p2b: Landorus\n|\n|-weather|Snow|[upkeep]\n|-heal|p1a: Heatran|100\/100|[from] item: Leftovers\n|upkeep\n|turn|3\n|inactive|Cooltrizzle has 30 seconds left.\n|inactive|Cooltrizzle has 20 seconds left.\n|\n|t:|1699835937\n|move|p1a: Heatran|Protect|p1a: Heatran\n|-singleturn|p1a: Heatran|Protect\n|move|p2a: Ninetales|Aurora Veil|p2a: Ninetales\n|-sidestart|p2: Cooltrizzle|move: Aurora Veil\n|move|p2b: Landorus|Stomping Tantrum|p1b: Iron Hands\n|-supereffective|p1b: Iron Hands\n|-damage|p1b: Iron Hands|36\/100\n|move|p1b: Iron Hands|Heavy Slam|p2a: Ninetales\n|-supereffective|p2a: Ninetales\n|-damage|p2a: Ninetales|32\/100\n|\n|-weather|Snow|[upkeep]\n|upkeep\n|turn|4\n|inactive|Cooltrizzle has 30 seconds left.\n|inactive|Cooltrizzle has 20 seconds left.\n|inactive|Cooltrizzle has 15 seconds left.\n|\n|t:|1699835980\n|-end|p1b: Iron Hands|Quark Drive|[silent]\n|switch|p1b: Ninetales|Ninetales-Alola, L50, F|100\/100\n|-terastallize|p1a: Heatran|Grass\n|move|p2a: Ninetales|Moonblast|p1b: Ninetales\n|-damage|p1b: Ninetales|75\/100\n|move|p2b: Landorus|Rock Slide|p1a: Heatran|[spread] p1a,p1b\n|-supereffective|p1b: Ninetales\n|-damage|p1a: Heatran|84\/100\n|-damage|p1b: Ninetales|43\/100\n|move|p1a: Heatran|Heat Wave|p2a: Ninetales|[spread] p2a,p2b\n|-supereffective|p2a: Ninetales\n|-damage|p2a: Ninetales|0 fnt\n|-damage|p2b: Landorus|69\/100\n|faint|p2a: Ninetales\n|\n|-weather|Snow|[upkeep]\n|-heal|p1a: Heatran|90\/100|[from] item: Leftovers\n|upkeep\n|\n|t:|1699835993\n|switch|p2a: Sinistcha|Sinistcha-Masterpiece, L50|100\/100\n|-heal|p2b: Landorus|94\/100|[from] ability: Hospitality|[of] p2a: Sinistcha\n|turn|5\n|inactive|Cooltrizzle has 30 seconds left.\n|\n|t:|1699836022\n|-terastallize|p2b: Landorus|Flying\n|move|p1b: Ninetales|Blizzard|p2b: Landorus|[spread] p2a,p2b\n|-supereffective|p2a: Sinistcha\n|-supereffective|p2b: Landorus\n|-damage|p2a: Sinistcha|73\/100\n|-damage|p2b: Landorus|71\/100\n|-status|p2a: Sinistcha|frz\n|move|p2b: Landorus|Tera Blast|p1a: Heatran|[anim] Tera Blast Flying\n|-supereffective|p1a: Heatran\n|-damage|p1a: Heatran|0 fnt\n|faint|p1a: Heatran\n|-curestatus|p2a: Sinistcha|frz|[from] move: Matcha Gotcha\n|move|p2a: Sinistcha|Matcha Gotcha|p1b: Ninetales\n|-damage|p1b: Ninetales|11\/100\n|-heal|p2a: Sinistcha|89\/100|[from] drain|[of] p1b: Ninetales\n|-status|p1b: Ninetales|brn\n|\n|-weather|none\n|-damage|p1b: Ninetales|5\/100 brn|[from] brn\n|upkeep\n|\n|t:|1699836031\n|switch|p1a: Landorus|Landorus-Therian, L50, M|100\/100\n|-ability|p1a: Landorus|Intimidate|boost\n|-unboost|p2a: Sinistcha|atk|1\n|-unboost|p2b: Landorus|atk|1\n|turn|6\n|inactive|Cooltrizzle has 30 seconds left.\n|\n|t:|1699836058\n|switch|p1b: Iron Hands|Iron Hands, L50|36\/100\n|move|p1a: Landorus|Rock Slide|p2b: Landorus|[spread] p2a\n|-miss|p1a: Landorus|p2b: Landorus\n|-damage|p2a: Sinistcha|76\/100\n|move|p2b: Landorus|Tera Blast|p1a: Landorus|[anim] Tera Blast Flying\n|-damage|p1a: Landorus|57\/100\n|move|p2a: Sinistcha|Strength Sap|p1a: Landorus\n|-unboost|p1a: Landorus|atk|1\n|-heal|p2a: Sinistcha|100\/100\n|\n|upkeep\n|turn|7\n|\n|t:|1699836075\n|move|p1a: Landorus|Rock Slide|p2b: Landorus|[spread] p2a\n|-miss|p1a: Landorus|p2b: Landorus\n|-damage|p2a: Sinistcha|92\/100\n|move|p2b: Landorus|U-turn|p1a: Landorus\n|-resisted|p1a: Landorus\n|-damage|p1a: Landorus|48\/100\n|\n|t:|1699836081\n|switch|p2b: Heatran|Heatran, L50, F|100\/100|[from] U-turn\n|move|p2a: Sinistcha|Matcha Gotcha|p1b: Iron Hands|[spread] p1a,p1b\n|-damage|p1a: Landorus|18\/100\n|-heal|p2a: Sinistcha|100\/100|[from] drain|[of] p1a: Landorus\n|-damage|p1b: Iron Hands|25\/100\n|move|p1b: Iron Hands|Wild Charge|p2b: Heatran\n|-damage|p2b: Heatran|70\/100\n|-damage|p1b: Iron Hands|19\/100|[from] Recoil\n|\n|upkeep\n|turn|8\n|\n|t:|1699836096\n|switch|p1a: Ninetales|Ninetales-Alola, L50, F|5\/100 brn\n|-weather|Snow|[from] ability: Snow Warning|[of] p1a: Ninetales\n|switch|p2b: Landorus|Landorus-Therian, L50, M, tera:Flying|71\/100\n|-ability|p2b: Landorus|Intimidate|boost\n|-unboost|p1a: Ninetales|atk|1\n|-unboost|p1b: Iron Hands|atk|1\n|move|p2a: Sinistcha|Matcha Gotcha|p1b: Iron Hands|[spread] p1b\n|-miss|p2a: Sinistcha|p1a: Ninetales\n|-damage|p1b: Iron Hands|6\/100\n|move|p1b: Iron Hands|Drain Punch|p2b: Landorus\n|-resisted|p2b: Landorus\n|-damage|p2b: Landorus|62\/100\n|-heal|p1b: Iron Hands|10\/100|[from] drain|[of] p2b: Landorus\n|\n|-weather|Snow|[upkeep]\n|-damage|p1a: Ninetales|0 fnt|[from] brn\n|faint|p1a: Ninetales\n|upkeep\n|\n|t:|1699836104\n|switch|p1a: Landorus|Landorus-Therian, L50, M|18\/100\n|-ability|p1a: Landorus|Intimidate|boost\n|-unboost|p2a: Sinistcha|atk|1\n|-unboost|p2b: Landorus|atk|1\n|turn|9\n|\n|t:|1699836121\n|move|p1a: Landorus|Rock Slide|p2b: Landorus|[spread] p2a,p2b\n|-supereffective|p2b: Landorus\n|-damage|p2a: Sinistcha|86\/100\n|-damage|p2b: Landorus|35\/100\n|move|p2b: Landorus|Rock Slide|p1a: Landorus|[spread] p1a,p1b\n|-resisted|p1b: Iron Hands\n|-damage|p1a: Landorus|3\/100\n|-damage|p1b: Iron Hands|5\/100\n|cant|p2a: Sinistcha|flinch\n|cant|p1b: Iron Hands|flinch\n|\n|-weather|Snow|[upkeep]\n|upkeep\n|turn|10\n|-message|THS Mike forfeited.\n|\n|win|Cooltrizzle\n|raw|THS Mike's rating: 1611 &rarr; <strong>1598<\/strong><br \/>(-13 for losing)\n|raw|Cooltrizzle's rating: 1734 &rarr; <strong>1747<\/strong><br \/>(+13 for winning)\n|l|\u2606THS Mike\n|l|\u2606Cooltrizzle\n","uploadtime":1699836447,"views":12,"p1id":"thsmike","p2id":"cooltrizzle","formatid":"gen9vgc2023regulatione","rating":1598,"private":0,"password":""}