{"id":"gen9vgc2023regulatione-1994688103","p1":"wopowopo","p2":"Meta Warriors","format":"[Gen 9] VGC 2023 Regulation E","log":"|j|\u2606wopowopo\n|j|\u2606Meta Warriors\n|t:|1700481205\n|gametype|doubles\n|player|p1|wopowopo|169|1118\n|player|p2|Meta Warriors|pearlclanmember|1152\n|teamsize|p1|6\n|teamsize|p2|6\n|gen|9\n|tier|[Gen 9] VGC 2023 Regulation E\n|rated|\n|rule|Species Clause: Limit one of each Pok\u00e9mon\n|rule|Item Clause: Limit one of each item\n|clearpoke\n|poke|p1|Annihilape, L50, F|\n|poke|p1|Azumarill, L50, M|\n|poke|p1|Dondozo, L50, M|\n|poke|p1|Tatsugiri, L50, F|\n|poke|p1|Tornadus, L50, M|\n|poke|p1|Arcanine-Hisui, L50, M|\n|poke|p2|Ogerpon-Hearthflame, L50, F|\n|poke|p2|Torkoal, L50, M|\n|poke|p2|Flutter Mane, L50|\n|poke|p2|Chien-Pao, L50|\n|poke|p2|Great Tusk, L50|\n|poke|p2|Weezing-Galar, L50, F|\n|teampreview|4\n|inactive|Battle timer is ON: inactive players will automatically lose when time's up. (requested by Meta Warriors)\n|inactive|wopowopo also wants the timer to be on.\nwopowopo rejected open team sheets.\n|\n|t:|1700481225\n|start\n|switch|p1a: Annihilape|Annihilape, L50, F|100\/100\n|switch|p1b: Azumarill|Azumarill, L50, M|100\/100\n|switch|p2a: Weezing|Weezing-Galar, L50, F|100\/100\n|switch|p2b: Chien-Pao|Chien-Pao, L50|100\/100\n|-ability|p2a: Weezing|Neutralizing Gas\n|turn|1\n|inactive|wopowopo has 30 seconds left.\n|\n|t:|1700481252\n|-terastallize|p1a: Annihilape|Fire\n|move|p1b: Azumarill|Aqua Jet|p1a: Annihilape\n|-supereffective|p1a: Annihilape\n|-damage|p1a: Annihilape|89\/100\n|-enditem|p1a: Annihilape|Weakness Policy\n|-boost|p1a: Annihilape|atk|2|[from] item: Weakness Policy\n|-boost|p1a: Annihilape|spa|2|[from] item: Weakness Policy\n|move|p2b: Chien-Pao|Taunt|p1b: Azumarill\n|-start|p1b: Azumarill|move: Taunt\n|move|p1a: Annihilape|Drain Punch|p2b: Chien-Pao\n|-supereffective|p2b: Chien-Pao\n|-damage|p2b: Chien-Pao|0 fnt\n|-heal|p1a: Annihilape|100\/100|[from] drain|[of] p2b: Chien-Pao\n|faint|p2b: Chien-Pao\n|move|p2a: Weezing|Strange Steam|p1a: Annihilape\n|-resisted|p1a: Annihilape\n|-damage|p1a: Annihilape|88\/100\n|\n|upkeep\n|\n|t:|1700481263\n|switch|p2b: Great Tusk|Great Tusk, L50|100\/100\n|turn|2\n|\n|t:|1700481280\n|move|p1b: Azumarill|Aqua Jet|p2b: Great Tusk\n|-supereffective|p2b: Great Tusk\n|-damage|p2b: Great Tusk|91\/100\n|move|p2b: Great Tusk|Headlong Rush|p1a: Annihilape\n|-supereffective|p1a: Annihilape\n|-damage|p1a: Annihilape|0 fnt\n|-unboost|p2b: Great Tusk|def|1\n|-unboost|p2b: Great Tusk|spd|1\n|faint|p1a: Annihilape\n|move|p2a: Weezing|Toxic|p1b: Azumarill\n|-status|p1b: Azumarill|tox\n|\n|-damage|p1b: Azumarill|95\/100 tox|[from] psn\n|upkeep\n|\n|t:|1700481291\n|switch|p1a: Dondozo|Dondozo, L50, M|100\/100\n|turn|3\n|\n|t:|1700481308\n|switch|p1b: Tatsugiri|Tatsugiri, L50, F|100\/100\n|move|p2b: Great Tusk|Headlong Rush|p1a: Dondozo\n|-damage|p1a: Dondozo|54\/100\n|-unboost|p2b: Great Tusk|def|1\n|-unboost|p2b: Great Tusk|spd|1\n|move|p2a: Weezing|Toxic|p1a: Dondozo\n|-status|p1a: Dondozo|tox\n|move|p1a: Dondozo|Earthquake|p2b: Great Tusk|[spread] p1b,p2a,p2b\n|-supereffective|p2a: Weezing\n|-crit|p2a: Weezing\n|-damage|p1b: Tatsugiri|59\/100\n|-damage|p2a: Weezing|57\/100\n|-damage|p2b: Great Tusk|58\/100\n|\n|-heal|p2a: Weezing|63\/100|[from] item: Leftovers\n|-heal|p1a: Dondozo|60\/100 tox|[from] item: Leftovers\n|-damage|p1a: Dondozo|54\/100 tox|[from] psn\n|upkeep\n|turn|4\n|\n|t:|1700481331\n|move|p1b: Tatsugiri|Muddy Water|p2a: Weezing|[spread] p2a,p2b\n|-supereffective|p2b: Great Tusk\n|-damage|p2a: Weezing|16\/100\n|-damage|p2b: Great Tusk|0 fnt\n|faint|p2b: Great Tusk\n|-end|p2b: Great Tusk|Protosynthesis|[silent]\n|move|p2a: Weezing|Strange Steam|p1b: Tatsugiri\n|-supereffective|p1b: Tatsugiri\n|-damage|p1b: Tatsugiri|0 fnt\n|faint|p1b: Tatsugiri\n|move|p1a: Dondozo|Wave Crash|p2a: Weezing\n|-damage|p2a: Weezing|0 fnt\n|faint|p2a: Weezing\n|-end|p2a: Weezing|ability: Neutralizing Gas\n|-damage|p1a: Dondozo|50\/100 tox|[from] Recoil\n|\n|-heal|p1a: Dondozo|56\/100 tox|[from] item: Leftovers\n|-damage|p1a: Dondozo|44\/100 tox|[from] psn\n|upkeep\n|\n|t:|1700481344\n|switch|p1b: Azumarill|Azumarill, L50, M|95\/100 tox\n|switch|p2b: Flutter Mane|Flutter Mane, L50|100\/100\n|turn|5\n|\n|t:|1700481363\n|-terastallize|p2b: Flutter Mane|Ghost\n|move|p2b: Flutter Mane|Shadow Ball|p1a: Dondozo\n|-damage|p1a: Dondozo|0 fnt\n|faint|p1a: Dondozo\n|move|p1b: Azumarill|Perish Song|p1b: Azumarill\n|-start|p1b: Azumarill|perish3|[silent]\n|-start|p2b: Flutter Mane|perish3|[silent]\n|-fieldactivate|move: Perish Song\n|\n|-damage|p1b: Azumarill|89\/100 tox|[from] psn\n|-start|p2b: Flutter Mane|perish3\n|-start|p1b: Azumarill|perish3\n|upkeep\n|turn|6\n|\n|t:|1700481378\n|move|p1b: Azumarill|Protect|p1b: Azumarill\n|-singleturn|p1b: Azumarill|Protect\n|move|p2b: Flutter Mane|Shadow Ball|p1b: Azumarill\n|-activate|p1b: Azumarill|move: Protect\n|\n|-damage|p1b: Azumarill|77\/100 tox|[from] psn\n|-start|p2b: Flutter Mane|perish2\n|-start|p1b: Azumarill|perish2\n|upkeep\n|turn|7\n|\n|t:|1700481383\n|move|p1b: Azumarill|Aqua Jet|p2b: Flutter Mane\n|-damage|p2b: Flutter Mane|87\/100\n|move|p2b: Flutter Mane|Shadow Ball|p1b: Azumarill\n|-damage|p1b: Azumarill|4\/100 tox\n|\n|-damage|p1b: Azumarill|0 fnt|[from] psn\n|faint|p1b: Azumarill\n|\n|win|Meta Warriors\n|upkeep\n|raw|wopowopo's rating: 1118 &rarr; <strong>1095<\/strong><br \/>(-23 for losing)\n|raw|Meta Warriors's rating: 1152 &rarr; <strong>1175<\/strong><br \/>(+23 for winning)\n","uploadtime":1700481387,"views":4,"p1id":"wopowopo","p2id":"metawarriors","formatid":"gen9vgc2023regulatione","rating":1095,"private":0,"password":""}