{"id":"gen9vgc2023regulatione-1991328694","p1":"yizhikeji","p2":"gan112","format":"[Gen 9] VGC 2023 Regulation E","log":"|j|\u2606yizhikeji\n|j|\u2606gan112\n|t:|1700068022\n|gametype|doubles\n|player|p1|yizhikeji|mira|1351\n|player|p2|gan112|102|1363\n|teamsize|p1|6\n|teamsize|p2|6\n|gen|9\n|tier|[Gen 9] VGC 2023 Regulation E\n|rated|\n|rule|Species Clause: Limit one of each Pok\u00e9mon\n|rule|Item Clause: Limit one of each item\n|clearpoke\n|poke|p1|Urshifu-*, L50, M|\n|poke|p1|Chien-Pao, L50|\n|poke|p1|Rillaboom, L50, F|\n|poke|p1|Arcanine-Hisui, L50, M|\n|poke|p1|Tornadus, L50, M|\n|poke|p1|Flutter Mane, L50|\n|poke|p2|Iron Hands, L50|\n|poke|p2|Hydreigon, L50, F|\n|poke|p2|Flutter Mane, L50|\n|poke|p2|Tauros-Paldea-Blaze, L50, M|\n|poke|p2|Chien-Pao, L50|\n|poke|p2|Weezing, L50, F|\n|teampreview|4\n|inactive|Battle timer is ON: inactive players will automatically lose when time's up. (requested by gan112)\n|\n|t:|1700068076\n|start\n|switch|p1a: Chien-Pao|Chien-Pao, L50|100\/100\n|switch|p1b: Flutter Mane|Flutter Mane, L50|100\/100\n|switch|p2a: Iron Hands|Iron Hands, L50, shiny|100\/100\n|switch|p2b: Hydreigon|Hydreigon, L50, F|100\/100\n|-ability|p1a: Chien-Pao|Sword of Ruin\n|-enditem|p1b: Flutter Mane|Booster Energy\n|-activate|p1b: Flutter Mane|ability: Protosynthesis|[fromitem]\n|-start|p1b: Flutter Mane|protosynthesisspa\n|turn|1\n|inactive|yizhikeji has 30 seconds left.\n|inactive|yizhikeji has 20 seconds left.\n|inactive|yizhikeji has 15 seconds left.\n|\n|t:|1700068118\n|-terastallize|p1b: Flutter Mane|Fairy\n|-terastallize|p2b: Hydreigon|Poison\n|move|p1a: Chien-Pao|Sacred Sword|p2b: Hydreigon\n|-resisted|p2b: Hydreigon\n|-damage|p2b: Hydreigon|83\/100\n|move|p1b: Flutter Mane|Dazzling Gleam|p2b: Hydreigon|[spread] p2a,p2b\n|-supereffective|p2a: Iron Hands\n|-crit|p2a: Iron Hands\n|-resisted|p2b: Hydreigon\n|-damage|p2a: Iron Hands|23\/100\n|-damage|p2b: Hydreigon|57\/100\n|move|p2b: Hydreigon|Snarl|p1b: Flutter Mane|[spread] p1a,p1b\n|-resisted|p1a: Chien-Pao\n|-resisted|p1b: Flutter Mane\n|-damage|p1a: Chien-Pao|84\/100\n|-damage|p1b: Flutter Mane|92\/100\n|-unboost|p1a: Chien-Pao|spa|1\n|-unboost|p1b: Flutter Mane|spa|1\n|move|p2a: Iron Hands|Heavy Slam|p1b: Flutter Mane\n|-supereffective|p1b: Flutter Mane\n|-damage|p1b: Flutter Mane|0 fnt\n|faint|p1b: Flutter Mane\n|-end|p1b: Flutter Mane|Protosynthesis|[silent]\n|\n|-heal|p2b: Hydreigon|63\/100|[from] item: Leftovers\n|upkeep\n|\n|t:|1700068143\n|switch|p1b: Tornadus|Tornadus, L50, M|100\/100\n|turn|2\n|\n|t:|1700068167\n|move|p1a: Chien-Pao|Icicle Crash|p2a: Iron Hands\n|-damage|p2a: Iron Hands|0 fnt\n|faint|p2a: Iron Hands\n|-end|p2a: Iron Hands|Quark Drive|[silent]\n|move|p1b: Tornadus|Bleakwind Storm|p2b: Hydreigon\n|-crit|p2b: Hydreigon\n|-damage|p2b: Hydreigon|6\/100\n|move|p2b: Hydreigon|Tailwind|p2b: Hydreigon\n|-sidestart|p2: gan112|move: Tailwind\n|\n|-heal|p2b: Hydreigon|12\/100|[from] item: Leftovers\n|upkeep\n|\n|t:|1700068182\n|switch|p2a: Tauros|Tauros-Paldea-Blaze, L50, M|100\/100\n|-ability|p2a: Tauros|Intimidate|boost\n|-unboost|p1a: Chien-Pao|atk|1\n|-unboost|p1b: Tornadus|atk|1\n|turn|3\n|\n|t:|1700068194\n|switch|p1a: Arcanine|Arcanine-Hisui, L50, M|100\/100\n|-ability|p1a: Arcanine|Intimidate|boost\n|-unboost|p2a: Tauros|atk|1\n|-unboost|p2b: Hydreigon|atk|1\n|move|p1b: Tornadus|Tailwind|p1b: Tornadus\n|-sidestart|p1: yizhikeji|move: Tailwind\n|move|p2a: Tauros|Raging Bull|p1b: Tornadus\n|-damage|p1b: Tornadus|47\/100\n|-damage|p2a: Tauros|84\/100|[from] item: Rocky Helmet|[of] p1b: Tornadus\n|move|p2b: Hydreigon|Snarl|p1b: Tornadus|[spread] p1a,p1b\n|-damage|p1a: Arcanine|80\/100\n|-damage|p1b: Tornadus|28\/100\n|-unboost|p1a: Arcanine|spa|1\n|-unboost|p1b: Tornadus|spa|1\n|\n|-heal|p2b: Hydreigon|17\/100|[from] item: Leftovers\n|upkeep\n|turn|4\n|inactive|yizhikeji has 30 seconds left.\n|\n|t:|1700068220\n|switch|p2a: Flutter Mane|Flutter Mane, L50|100\/100\n|move|p2b: Hydreigon|Protect|p2b: Hydreigon\n|-singleturn|p2b: Hydreigon|Protect\n|move|p1b: Tornadus|Bleakwind Storm|p2a: Flutter Mane|[spread] \n|-activate|p2b: Hydreigon|move: Protect\n|-miss|p1b: Tornadus|p2a: Flutter Mane\n|move|p1a: Arcanine|Rock Slide|p2a: Flutter Mane|[spread] p2a\n|-activate|p2b: Hydreigon|move: Protect\n|-damage|p2a: Flutter Mane|37\/100\n|\n|-heal|p2b: Hydreigon|23\/100|[from] item: Leftovers\n|upkeep\n|turn|5\n|inactive|yizhikeji has 30 seconds left.\n|\n|t:|1700068253\n|move|p2a: Flutter Mane|Protect|p2a: Flutter Mane\n|-singleturn|p2a: Flutter Mane|Protect\n|move|p1b: Tornadus|Bleakwind Storm|p2b: Hydreigon|[spread] p2b\n|-activate|p2a: Flutter Mane|move: Protect\n|-damage|p2b: Hydreigon|3\/100\n|move|p1a: Arcanine|Rock Slide|p2b: Hydreigon|[spread] p2b\n|-activate|p2a: Flutter Mane|move: Protect\n|-crit|p2b: Hydreigon\n|-damage|p2b: Hydreigon|0 fnt\n|faint|p2b: Hydreigon\n|\n|-sideend|p2: gan112|move: Tailwind\n|upkeep\n|\n|t:|1700068266\n|switch|p2b: Tauros|Tauros-Paldea-Blaze, L50, M|84\/100\n|-ability|p2b: Tauros|Intimidate|boost\n|-unboost|p1a: Arcanine|atk|1\n|-unboost|p1b: Tornadus|atk|1\n|turn|6\n|\n|t:|1700068279\n|switch|p1a: Chien-Pao|Chien-Pao, L50|84\/100\n|-ability|p1a: Chien-Pao|Sword of Ruin\n|move|p1b: Tornadus|Bleakwind Storm|p2b: Tauros|[spread] p2a,p2b\n|-supereffective|p2b: Tauros\n|-damage|p2a: Flutter Mane|15\/100\n|-damage|p2b: Tauros|16\/100\n|move|p2a: Flutter Mane|Dazzling Gleam|p1b: Tornadus|[spread] p1a,p1b\n|-supereffective|p1a: Chien-Pao\n|-damage|p1a: Chien-Pao|0 fnt\n|-damage|p1b: Tornadus|0 fnt\n|faint|p1a: Chien-Pao\n|faint|p1b: Tornadus\n|-damage|p2a: Flutter Mane|5\/100|[from] item: Life Orb\n|move|p2b: Tauros|Close Combat|p1: Chien-Pao|[notarget]\n|-fail|p2b: Tauros\n|\n|-sideend|p1: yizhikeji|move: Tailwind\n|upkeep\n|\n|t:|1700068298\n|switch|p1b: Arcanine|Arcanine-Hisui, L50, M|80\/100\n|-ability|p1b: Arcanine|Intimidate|boost\n|-unboost|p2a: Flutter Mane|atk|1\n|-unboost|p2b: Tauros|atk|1\n|turn|7\n|\n|t:|1700068316\n|move|p2a: Flutter Mane|Shadow Ball|p1b: Arcanine\n|-damage|p1b: Arcanine|24\/100\n|-damage|p2a: Flutter Mane|0 fnt|[from] item: Life Orb\n|faint|p2a: Flutter Mane\n|-end|p2a: Flutter Mane|Protosynthesis|[silent]\n|move|p2b: Tauros|Close Combat|p1b: Arcanine\n|-supereffective|p1b: Arcanine\n|-damage|p1b: Arcanine|0 fnt\n|-unboost|p2b: Tauros|def|1\n|-unboost|p2b: Tauros|spd|1\n|faint|p1b: Arcanine\n|\n|win|gan112\n|raw|yizhikeji's rating: 1351 &rarr; <strong>1332<\/strong><br \/>(-19 for losing)\n|raw|gan112's rating: 1363 &rarr; <strong>1382<\/strong><br \/>(+19 for winning)\n|l|\u2606gan112\n","uploadtime":1700068470,"views":13,"p1id":"yizhikeji","p2id":"gan112","formatid":"gen9vgc2023regulatione","rating":1332,"private":0,"password":""}