{"id":"gen9vgc2023regulatione-1995798502","p1":"secretstudent","p2":"PrimeTime42","format":"[Gen 9] VGC 2023 Regulation E","log":"|j|\u2606secretstudent\n|j|\u2606PrimeTime42\n|t:|1700604216\n|gametype|doubles\n|player|p1|secretstudent|beauty|1158\n|player|p2|PrimeTime42|hoopster|1252\n|teamsize|p1|6\n|teamsize|p2|6\n|gen|9\n|tier|[Gen 9] VGC 2023 Regulation E\n|rated|\n|rule|Species Clause: Limit one of each Pok\u00e9mon\n|rule|Item Clause: Limit one of each item\n|clearpoke\n|poke|p1|Chien-Pao, L50|\n|poke|p1|Amoonguss, L50, M|\n|poke|p1|Hatterene, L50, F|\n|poke|p1|Gyarados, L50, M|\n|poke|p1|Volcarona, L50, M|\n|poke|p1|Ogerpon, L50, F|\n|poke|p2|Politoed, L50, M|\n|poke|p2|Iron Hands, L50|\n|poke|p2|Ogerpon-Wellspring, L50, F|\n|poke|p2|Landorus, L50, M|\n|poke|p2|Scizor, L50, M|\n|poke|p2|Arcanine-Hisui, L50, F|\n|teampreview|4\nsecretstudent rejected open team sheets.\n|inactive|Battle timer is ON: inactive players will automatically lose when time's up. (requested by PrimeTime42)\n|\n|t:|1700604278\n|start\n|switch|p1a: Ogerpon|Ogerpon, L50, F|100\/100\n|switch|p1b: Volcarona|Volcarona, L50, M|100\/100\n|switch|p2a: Politoed|Politoed, L50, M|100\/100\n|switch|p2b: Scizor|Scizor, L50, M|100\/100\n|-weather|RainDance|[from] ability: Drizzle|[of] p2a: Politoed\n|turn|1\n|\n|t:|1700604301\n|switch|p2b: Landorus|Landorus, L50, M|100\/100\n|move|p1b: Volcarona|Protect|p1b: Volcarona\n|-singleturn|p1b: Volcarona|Protect\n|move|p1a: Ogerpon|Ivy Cudgel|p2a: Politoed\n|-supereffective|p2a: Politoed\n|-crit|p2a: Politoed\n|-damage|p2a: Politoed|0 fnt\n|faint|p2a: Politoed\n|-damage|p1a: Ogerpon|91\/100|[from] item: Life Orb\n|\n|-weather|RainDance|[upkeep]\n|upkeep\n|\n|t:|1700604316\n|switch|p2a: Scizor|Scizor, L50, M|100\/100\n|turn|2\n|\n|t:|1700604337\n|switch|p1a: Gyarados|Gyarados, L50, M|100\/100\n|-ability|p1a: Gyarados|Intimidate|boost\n|-fail|p2a: Scizor|unboost|[from] item: Clear Amulet|[of] p2a: Scizor\n|-unboost|p2b: Landorus|atk|1\n|move|p2a: Scizor|Bullet Punch|p1a: Gyarados\n|-resisted|p1a: Gyarados\n|-damage|p1a: Gyarados|80\/100\n|move|p2b: Landorus|Sandsear Storm|p1a: Gyarados|[spread] p1b\n|-immune|p1a: Gyarados\n|-damage|p1b: Volcarona|49\/100\n|move|p1b: Volcarona|Heat Wave|p2a: Scizor|[spread] p2a,p2b\n|-supereffective|p2a: Scizor\n|-crit|p2b: Landorus\n|-damage|p2a: Scizor|12\/100\n|-damage|p2b: Landorus|63\/100\n|-status|p2a: Scizor|brn\n|\n|-weather|RainDance|[upkeep]\n|-heal|p1b: Volcarona|55\/100|[from] item: Leftovers\n|-damage|p2a: Scizor|6\/100 brn|[from] brn\n|upkeep\n|turn|3\n|inactive|secretstudent has 30 seconds left.\n|inactive|PrimeTime42 has 30 seconds left.\n|inactive|PrimeTime42 has 20 seconds left.\n|\n|t:|1700604375\n|switch|p1b: Ogerpon|Ogerpon, L50, F|91\/100\n|-terastallize|p2b: Landorus|Poison\n|move|p2a: Scizor|Bullet Punch|p1b: Ogerpon\n|-damage|p1b: Ogerpon|67\/100\n|move|p2b: Landorus|Sludge Bomb|p1a: Gyarados\n|-damage|p1a: Gyarados|2\/100\n|-enditem|p1a: Gyarados|Sitrus Berry|[eat]\n|-heal|p1a: Gyarados|27\/100|[from] item: Sitrus Berry\n|move|p1a: Gyarados|Waterfall|p2b: Landorus\n|-crit|p2b: Landorus\n|-damage|p2b: Landorus|0 fnt\n|faint|p2b: Landorus\n|\n|-weather|RainDance|[upkeep]\n|-damage|p2a: Scizor|0 fnt|[from] brn\n|faint|p2a: Scizor\n|upkeep\n|\n|t:|1700604393\n|switch|p2b: Iron Hands|Iron Hands, L50|100\/100\n|turn|4\n|\n|t:|1700604403\n|move|p1a: Gyarados|Protect|p1a: Gyarados\n|-singleturn|p1a: Gyarados|Protect\n|move|p2b: Iron Hands|Fake Out|p1b: Ogerpon\n|-damage|p1b: Ogerpon|45\/100\n|cant|p1b: Ogerpon|flinch\n|\n|-weather|RainDance|[upkeep]\n|upkeep\n|turn|5\n|\n|t:|1700604418\n|move|p1b: Ogerpon|Stomping Tantrum|p2b: Iron Hands\n|-supereffective|p2b: Iron Hands\n|-damage|p2b: Iron Hands|17\/100\n|-damage|p1b: Ogerpon|35\/100|[from] item: Life Orb\n|move|p1a: Gyarados|Waterfall|p2b: Iron Hands\n|-damage|p2b: Iron Hands|0 fnt\n|faint|p2b: Iron Hands\n|-end|p2b: Iron Hands|Quark Drive|[silent]\n|\n|win|secretstudent\n|raw|secretstudent's rating: 1158 &rarr; <strong>1190<\/strong><br \/>(+32 for winning)\n|raw|PrimeTime42's rating: 1252 &rarr; <strong>1220<\/strong><br \/>(-32 for losing)\n|l|\u2606PrimeTime42\n","uploadtime":1700604429,"views":0,"p1id":"secretstudent","p2id":"primetime42","formatid":"gen9vgc2023regulatione","rating":1190,"private":0,"password":""}