{"id":"gen9vgc2023regulatione-1990147140","p1":"BigBDawg","p2":"Richard Draco","format":"[Gen 9] VGC 2023 Regulation E","log":"|j|\u2606BigBDawg\n|j|\u2606Richard Draco\n|t:|1699929706\n|gametype|doubles\n|player|p1|BigBDawg|265|1139\n|player|p2|Richard Draco|juggler|1118\n|teamsize|p1|6\n|teamsize|p2|6\n|gen|9\n|tier|[Gen 9] VGC 2023 Regulation E\n|rated|\n|rule|Species Clause: Limit one of each Pok\u00e9mon\n|rule|Item Clause: Limit one of each item\n|clearpoke\n|poke|p1|Flutter Mane, L50|\n|poke|p1|Iron Hands, L50|\n|poke|p1|Landorus-Therian, L50, M|\n|poke|p1|Ogerpon-Wellspring, L50, F|\n|poke|p1|Tornadus, L50, M|\n|poke|p1|Amoonguss, L50, M|\n|poke|p2|Lycanroc, L50, M|\n|poke|p2|Tyranitar, L50, M|\n|poke|p2|Ogerpon-Hearthflame, L50, F|\n|poke|p2|Farigiraf, L50, F|\n|poke|p2|Iron Hands, L50|\n|poke|p2|Amoonguss, L50, M|\n|teampreview|4\n|\n|t:|1699929768\n|start\n|switch|p1a: Tornadus|Tornadus, L50, M|100\/100\n|switch|p1b: Flutter Mane|Flutter Mane, L50|100\/100\n|switch|p2a: Iron Hands|Iron Hands, L50|100\/100\n|switch|p2b: Lycanroc|Lycanroc, L50, M|100\/100\n|turn|1\n|\n|t:|1699929805\n|-end|p1b: Flutter Mane|Protosynthesis|[silent]\n|switch|p1b: Iron Hands|Iron Hands, L50|100\/100\n|move|p2a: Iron Hands|Fake Out|p1a: Tornadus\n|-damage|p1a: Tornadus|81\/100\n|cant|p1a: Tornadus|flinch\n|move|p2b: Lycanroc|Rock Slide|p1b: Iron Hands|[spread] p1a,p1b\n|-supereffective|p1a: Tornadus\n|-resisted|p1b: Iron Hands\n|-damage|p1a: Tornadus|12\/100\n|-damage|p1b: Iron Hands|91\/100\n|-enditem|p1a: Tornadus|Sitrus Berry|[eat]\n|-heal|p1a: Tornadus|37\/100|[from] item: Sitrus Berry\n|\n|upkeep\n|turn|2\n|\n|t:|1699929853\n|switch|p1a: Landorus|Landorus-Therian, L50, M|100\/100\n|-ability|p1a: Landorus|Intimidate|boost\n|-unboost|p2a: Iron Hands|atk|1\n|-unboost|p2b: Lycanroc|atk|1\n|move|p2b: Lycanroc|Rock Slide|p1b: Iron Hands|[spread] p1a,p1b\n|-resisted|p1b: Iron Hands\n|-damage|p1a: Landorus|80\/100\n|-damage|p1b: Iron Hands|86\/100\n|move|p2a: Iron Hands|Wild Charge|p1b: Iron Hands\n|-resisted|p1b: Iron Hands\n|-crit|p1b: Iron Hands\n|-damage|p1b: Iron Hands|59\/100\n|-damage|p2a: Iron Hands|94\/100|[from] Recoil\n|cant|p1b: Iron Hands|flinch\n|\n|upkeep\n|turn|3\n|\n|t:|1699929891\n|move|p1a: Landorus|Stomping Tantrum|p2a: Iron Hands\n|-supereffective|p2a: Iron Hands\n|-damage|p2a: Iron Hands|40\/100\n|move|p2b: Lycanroc|Rock Slide|p1b: Iron Hands|[spread] p1a,p1b\n|-resisted|p1b: Iron Hands\n|-damage|p1a: Landorus|60\/100\n|-damage|p1b: Iron Hands|53\/100\n|move|p2a: Iron Hands|Drain Punch|p1b: Iron Hands\n|-damage|p1b: Iron Hands|33\/100\n|-heal|p2a: Iron Hands|50\/100|[from] drain|[of] p1b: Iron Hands\n|move|p1b: Iron Hands|Drain Punch|p2b: Lycanroc\n|-supereffective|p2b: Lycanroc\n|-enditem|p2b: Lycanroc|Focus Sash\n|-damage|p2b: Lycanroc|1\/100\n|-heal|p1b: Iron Hands|58\/100|[from] drain|[of] p2b: Lycanroc\n|\n|upkeep\n|turn|4\n|\n|t:|1699929924\n|-end|p2a: Iron Hands|Quark Drive|[silent]\n|switch|p2a: Tyranitar|Tyranitar, L50, M|100\/100\n|-weather|Sandstorm|[from] ability: Sand Stream|[of] p2a: Tyranitar\n|move|p2b: Lycanroc|Endure|p2b: Lycanroc\n|-singleturn|p2b: Lycanroc|move: Endure\n|move|p1a: Landorus|Stomping Tantrum|p2a: Tyranitar\n|-supereffective|p2a: Tyranitar\n|-damage|p2a: Tyranitar|30\/100\n|-damage|p1a: Landorus|44\/100|[from] item: Rocky Helmet|[of] p2a: Tyranitar\n|move|p1b: Iron Hands|Heavy Slam|p2b: Lycanroc\n|-supereffective|p2b: Lycanroc\n|-activate|p2b: Lycanroc|move: Endure\n|-damage|p2b: Lycanroc|1\/100\n|\n|-weather|Sandstorm|[upkeep]\n|-damage|p1b: Iron Hands|52\/100|[from] Sandstorm\n|upkeep\n|turn|5\n|\n|t:|1699929956\n|-terastallize|p2a: Tyranitar|Flying\n|move|p2b: Lycanroc|Endeavor|p1a: Landorus\n|-damage|p1a: Landorus|1\/100\n|move|p1a: Landorus|Stomping Tantrum|p2a: Tyranitar\n|-immune|p2a: Tyranitar\n|move|p2a: Tyranitar|Tera Blast|p1b: Iron Hands|[anim] Tera Blast Flying\n|-damage|p1b: Iron Hands|20\/100\n|move|p1b: Iron Hands|Heavy Slam|p2b: Lycanroc\n|-supereffective|p2b: Lycanroc\n|-damage|p2b: Lycanroc|0 fnt\n|faint|p2b: Lycanroc\n|\n|-weather|Sandstorm|[upkeep]\n|-damage|p2a: Tyranitar|24\/100|[from] Sandstorm\n|-damage|p1b: Iron Hands|14\/100|[from] Sandstorm\n|upkeep\n|\n|t:|1699929978\n|switch|p2b: Iron Hands|Iron Hands, L50|50\/100\n|turn|6\n|\n|t:|1699929986\n|-end|p1b: Iron Hands|Quark Drive|[silent]\n|switch|p1b: Flutter Mane|Flutter Mane, L50|100\/100\n|move|p2b: Iron Hands|Fake Out|p1a: Landorus\n|-damage|p1a: Landorus|0 fnt\n|faint|p1a: Landorus\n|move|p2a: Tyranitar|Tera Blast|p1b: Flutter Mane|[anim] Tera Blast Flying\n|-damage|p1b: Flutter Mane|0 fnt\n|faint|p1b: Flutter Mane\n|-end|p1b: Flutter Mane|Protosynthesis|[silent]\n|\n|-weather|Sandstorm|[upkeep]\n|-damage|p2a: Tyranitar|18\/100|[from] Sandstorm\n|-damage|p2b: Iron Hands|44\/100|[from] Sandstorm\n|upkeep\n|\n|t:|1699929999\n|switch|p1b: Tornadus|Tornadus, L50, M|37\/100\n|switch|p1a: Iron Hands|Iron Hands, L50|14\/100\n|turn|7\n|\n|t:|1699930028\n|-end|p2b: Iron Hands|Quark Drive|[silent]\n|switch|p2b: Farigiraf|Farigiraf, L50, F|100\/100\n|move|p1a: Iron Hands|Fake Out||[still]\n|cant|p2b: Farigiraf|ability: Armor Tail|Fake Out|[of] p1a: Iron Hands\n|move|p1b: Tornadus|Bleakwind Storm|p2a: Tyranitar|[spread] p2a,p2b\n|-damage|p2a: Tyranitar|0 fnt\n|-damage|p2b: Farigiraf|65\/100\n|-unboost|p2b: Farigiraf|spe|1\n|faint|p2a: Tyranitar\n|\n|-weather|Sandstorm|[upkeep]\n|-damage|p1b: Tornadus|31\/100|[from] Sandstorm\n|-damage|p1a: Iron Hands|8\/100|[from] Sandstorm\n|-damage|p2b: Farigiraf|59\/100|[from] Sandstorm\n|upkeep\n|\n|t:|1699930044\n|switch|p2a: Iron Hands|Iron Hands, L50|44\/100\n|turn|8\n|\n|t:|1699930062\n|-terastallize|p1b: Tornadus|Ghost\n|move|p2a: Iron Hands|Fake Out|p1a: Iron Hands\n|-damage|p1a: Iron Hands|0 fnt\n|faint|p1a: Iron Hands\n|-end|p1a: Iron Hands|Quark Drive|[silent]\n|move|p1b: Tornadus|Bleakwind Storm|p2b: Farigiraf|[spread] p2a,p2b\n|-damage|p2a: Iron Hands|25\/100\n|-damage|p2b: Farigiraf|29\/100\n|-unboost|p2a: Iron Hands|spe|1\n|-enditem|p2b: Farigiraf|Sitrus Berry|[eat]\n|-heal|p2b: Farigiraf|54\/100|[from] item: Sitrus Berry\n|move|p2b: Farigiraf|Dazzling Gleam|p1b: Tornadus\n|-damage|p1b: Tornadus|9\/100\n|\n|-weather|none\n|upkeep\n|turn|9\n|-message|BigBDawg forfeited.\n|\n|win|Richard Draco\n|raw|BigBDawg's rating: 1139 &rarr; <strong>1112<\/strong><br \/>(-27 for losing)\n|raw|Richard Draco's rating: 1118 &rarr; <strong>1145<\/strong><br \/>(+27 for winning)\n|l|\u2606BigBDawg\n","uploadtime":1699930099,"views":8,"p1id":"bigbdawg","p2id":"richarddraco","formatid":"gen9vgc2023regulatione","rating":1112,"private":0,"password":""}