{"id":"gen9vgc2023regulatione-1993172854","p1":"CanuckChum","p2":"The Carkol Rider","format":"[Gen 9] VGC 2023 Regulation E","log":"|j|\u2606CanuckChum\n|j|\u2606The Carkol Rider\n|n|\u2606CanuckChum|canuckchum\n|n|\u2606The Carkol Rider|thecarkolrider\n|html|View the match progress at <a href=\"\/game-bestof3-gen9vgc2023regulatione-1993172853\">game-bestof3-gen9vgc2023regulatione-1993172853<\/a>\n|t:|1700273676\n|gametype|doubles\n|player|p1|CanuckChum|colress|\n|player|p2|The Carkol Rider|grimsley|\n|teamsize|p1|6\n|teamsize|p2|6\n|gen|9\n|tier|[Gen 9] VGC 2023 Regulation E\n|rule|Species Clause: Limit one of each Pok\u00e9mon\n|rule|Item Clause: Limit one of each item\n|clearpoke\n|poke|p1|Weezing, L50, M|\n|poke|p1|Ogerpon-Wellspring, L50, F|\n|poke|p1|Heatran, L50, F|\n|poke|p1|Landorus-Therian, L50, M|\n|poke|p1|Fezandipiti, L50, M|\n|poke|p1|Empoleon, L50, M|\n|poke|p2|Kommo-o, L50, F|\n|poke|p2|Ogerpon-Hearthflame, L50, F|\n|poke|p2|Tornadus, L50, M|\n|poke|p2|Sandy Shocks, L50|\n|poke|p2|Espathra, L50, M|\n|poke|p2|Poltchageist, L50|\n|teampreview|4\n|c|\u2606The Carkol Rider|glhf\n|c|\u2606CanuckChum|glhf\n|j| traderjoseph\n|l| traderjoseph\n|\n|t:|1700273773\n|start\n|switch|p1a: Djinn Buster|Landorus-Therian, L50, M|100\/100\n|switch|p1b: Penguin Brave|Empoleon, L50, M|100\/100\n|switch|p2a: Sandy Shocks|Sandy Shocks, L50|100\/100\n|switch|p2b: Espathra|Espathra, L50, M|100\/100\n|-ability|p1a: Djinn Buster|Intimidate|boost\n|-unboost|p2a: Sandy Shocks|atk|1\n|-unboost|p2b: Espathra|atk|1\n|-enditem|p2a: Sandy Shocks|Booster Energy\n|-activate|p2a: Sandy Shocks|ability: Protosynthesis|[fromitem]\n|-start|p2a: Sandy Shocks|protosynthesisspe\n|turn|1\n|\n|t:|1700273835\n|-terastallize|p2a: Sandy Shocks|Ice\n|-terastallize|p1a: Djinn Buster|Ghost\n|move|p2b: Espathra|Protect|p2b: Espathra\n|-singleturn|p2b: Espathra|Protect\n|move|p2a: Sandy Shocks|Tera Blast|p1a: Djinn Buster|[anim] Tera Blast Ice\n|-damage|p1a: Djinn Buster|57\/100\n|move|p1a: Djinn Buster|Tera Blast|p2b: Espathra|[anim] Tera Blast Ghost\n|-activate|p2b: Espathra|move: Protect\n|move|p1b: Penguin Brave|Hydro Pump|p2a: Sandy Shocks\n|-damage|p2a: Sandy Shocks|33\/100\n|\n|-ability|p2b: Espathra|Speed Boost|boost\n|-boost|p2b: Espathra|spe|1\n|upkeep\n|turn|2\n|j| Fernanch\n|\n|t:|1700273902\n|move|p2a: Sandy Shocks|Gravity|p2a: Sandy Shocks\n|-fieldstart|move: Gravity\n|move|p2b: Espathra|Hypnosis|p1a: Djinn Buster\n|-status|p1a: Djinn Buster|slp|[from] move: Hypnosis\n|cant|p1a: Djinn Buster|slp\n|move|p1b: Penguin Brave|Hydro Pump|p2a: Sandy Shocks\n|-damage|p2a: Sandy Shocks|0 fnt\n|faint|p2a: Sandy Shocks\n|-end|p2a: Sandy Shocks|Protosynthesis|[silent]\n|\n|-ability|p2b: Espathra|Speed Boost|boost\n|-boost|p2b: Espathra|spe|1\n|upkeep\n|\n|t:|1700273921\n|switch|p2a: Kommo-o|Kommo-o, L50, F|100\/100\n|turn|3\n|c|\u2606CanuckChum|Oh no\n|c| Fernanch|O\n|\n|t:|1700273945\n|switch|p1a: Pollution B|Weezing, L50, M|100\/100\n|-ability|p1a: Pollution B|Neutralizing Gas\n|move|p2b: Espathra|Hypnosis|p1b: Penguin Brave\n|-status|p1b: Penguin Brave|slp|[from] move: Hypnosis\n|move|p2a: Kommo-o|Iron Defense|p2a: Kommo-o\n|-boost|p2a: Kommo-o|def|2\n|cant|p1b: Penguin Brave|slp\n|\n|upkeep\n|turn|4\n|j| XxXSHOCKLORDXXx\n|c| Fernanch|This is so cheap\n|c| Fernanch|I love it\n|c| Fernanch|Wait, I just realized\n|c|\u2606The Carkol Rider|if it helps u feel better, wolfey vgc himself used this in a regional tournament\n|\n|t:|1700273993\n|move|p2b: Espathra|Hypnosis|p1a: Pollution B\n|-status|p1a: Pollution B|slp|[from] move: Hypnosis\n|move|p2a: Kommo-o|Body Press|p1b: Penguin Brave\n|-supereffective|p1b: Penguin Brave\n|-damage|p1b: Penguin Brave|0 fnt\n|faint|p1b: Penguin Brave\n|cant|p1a: Pollution B|slp\n|\n|upkeep\n|c| Fernanch|Weezing with no slaking\n|c|\u2606CanuckChum|True\n|c|\u2606CanuckChum|I didnt consider that\n|\n|t:|1700274013\n|switch|p1b: Djinn Buster|Landorus-Therian, L50, M, tera:Ghost|57\/100 slp\n|turn|5\n|j| TheblackGotenks\n|\n|t:|1700274024\n|move|p2b: Espathra|Lumina Crash|p1a: Pollution B\n|-supereffective|p1a: Pollution B\n|-damage|p1a: Pollution B|0 fnt\n|faint|p1a: Pollution B\n|-end|p1a: Pollution B|ability: Neutralizing Gas\n|-ability|p1b: Djinn Buster|Intimidate|boost\n|-unboost|p2a: Kommo-o|atk|1\n|-unboost|p2b: Espathra|atk|1\n|cant|p1b: Djinn Buster|slp\n|move|p2a: Kommo-o|Iron Defense|p2a: Kommo-o\n|-boost|p2a: Kommo-o|def|2\n|\n|-ability|p2b: Espathra|Speed Boost|boost\n|-boost|p2b: Espathra|spe|1\n|upkeep\n|\n|t:|1700274034\n|switch|p1a: Serendipitous|Fezandipiti, L50, M|100\/100\n|turn|6\n|\n|t:|1700274048\n|move|p2b: Espathra|Lumina Crash|p1a: Serendipitous\n|-supereffective|p1a: Serendipitous\n|-damage|p1a: Serendipitous|33\/100\n|-unboost|p1a: Serendipitous|spd|2\n|-enditem|p1a: Serendipitous|Sitrus Berry|[eat]\n|-heal|p1a: Serendipitous|58\/100|[from] item: Sitrus Berry\n|-curestatus|p1b: Djinn Buster|slp|[msg]\n|move|p1b: Djinn Buster|Tera Blast|p2b: Espathra|[anim] Tera Blast Ghost\n|-supereffective|p2b: Espathra\n|-enditem|p2b: Espathra|Focus Sash\n|-damage|p2b: Espathra|1\/100\n|move|p1a: Serendipitous|Dazzling Gleam|p2a: Kommo-o|[spread] p2a,p2b\n|-supereffective|p2a: Kommo-o\n|-crit|p2b: Espathra\n|-damage|p2a: Kommo-o|13\/100\n|-damage|p2b: Espathra|0 fnt\n|faint|p2b: Espathra\n|move|p2a: Kommo-o|Iron Head|p1a: Serendipitous\n|-supereffective|p1a: Serendipitous\n|-damage|p1a: Serendipitous|23\/100\n|\n|-heal|p2a: Kommo-o|19\/100|[from] item: Leftovers\n|-fieldend|move: Gravity\n|upkeep\n|\n|t:|1700274052\n|switch|p2b: Tornadus|Tornadus, L50, M|100\/100\n|turn|7\n|c| Fernanch|Hmm\n|\n|t:|1700274137\n|move|p2b: Tornadus|Tailwind|p2b: Tornadus\n|-sidestart|p2: The Carkol Rider|move: Tailwind\n|move|p2a: Kommo-o|Iron Head|p1a: Serendipitous\n|-supereffective|p1a: Serendipitous\n|-damage|p1a: Serendipitous|0 fnt\n|faint|p1a: Serendipitous\n|move|p1b: Djinn Buster|Tera Blast|p2a: Kommo-o|[anim] Tera Blast Ghost\n|-damage|p2a: Kommo-o|7\/100\n|\n|-heal|p2a: Kommo-o|13\/100|[from] item: Leftovers\n|upkeep\n|turn|8\n|\n|t:|1700274150\n|move|p2b: Tornadus|Air Slash|p1b: Djinn Buster\n|-damage|p1b: Djinn Buster|16\/100\n|move|p2a: Kommo-o|Iron Head|p1b: Djinn Buster\n|-damage|p1b: Djinn Buster|1\/100\n|cant|p1b: Djinn Buster|flinch\n|\n|-heal|p2a: Kommo-o|19\/100|[from] item: Leftovers\n|upkeep\n|turn|9\n|\n|t:|1700274156\n|move|p2b: Tornadus|Air Slash|p1b: Djinn Buster\n|-damage|p1b: Djinn Buster|0 fnt\n|faint|p1b: Djinn Buster\n|\n|win|The Carkol Rider\n|c|\u2606The Carkol Rider|gg\n|c|\u2606CanuckChum|gg\n|c|&|\/uhtml prompt-canuckchum,CanuckChum is ready for game 2!\n|c|&|\/uhtml prompt-thecarkolrider,The Carkol Rider is ready for game 2!\nBoth players are ready! Starting next match!\n|l| XxXSHOCKLORDXXx\n|l| TheblackGotenks\n|l| Fernanch\n","uploadtime":1700274557,"views":24,"p1id":"canuckchum","p2id":"thecarkolrider","formatid":"gen9vgc2023regulatione","rating":0,"private":0,"password":""}