{"id":"gen9vgc2023regulatione-1988450134","p1":"HydraulikToad","p2":"Slowlat","format":"[Gen 9] VGC 2023 Regulation E","log":"|j|\u2606HydraulikToad\n|j|\u2606Slowlat\n|t:|1699724228\n|gametype|doubles\n|player|p1|HydraulikToad|janine|1306\n|player|p2|Slowlat|medium|1418\n|teamsize|p1|6\n|teamsize|p2|6\n|gen|9\n|tier|[Gen 9] VGC 2023 Regulation E\n|rated|\n|rule|Species Clause: Limit one of each Pok\u00e9mon\n|rule|Item Clause: Limit one of each item\n|clearpoke\n|poke|p1|Muk-Alola, L50, M|\n|poke|p1|Scovillain, L50, F|\n|poke|p1|Sableye, L50, M|\n|poke|p1|Garganacl, L50, M|\n|poke|p1|Gliscor, L50, F|\n|poke|p1|Goodra-Hisui, L50, F|\n|poke|p2|Grimmsnarl, L50, M|\n|poke|p2|Ursaluna-Bloodmoon, L50, M|\n|poke|p2|Arcanine-Hisui, L50, M|\n|poke|p2|Iron Hands, L50|\n|poke|p2|Sinistcha, L50|\n|poke|p2|Regieleki, L50|\n|teampreview|4\n|\n|t:|1699724239\n|start\n|switch|p1a: Muk|Muk-Alola, L50, M|100\/100\n|switch|p1b: Scovillain|Scovillain, L50, F|100\/100\n|switch|p2a: Grimmsnarl|Grimmsnarl, L50, M, shiny|100\/100\n|switch|p2b: Iron Hands|Iron Hands, L50|100\/100\n|turn|1\n|\n|t:|1699724251\n|move|p2b: Iron Hands|Fake Out|p1b: Scovillain\n|-damage|p1b: Scovillain|71\/100\n|move|p2a: Grimmsnarl|Reflect|p2a: Grimmsnarl\n|-sidestart|p2: Slowlat|Reflect\n|cant|p1b: Scovillain|flinch\n|move|p1a: Muk|Minimize|p1a: Muk\n|-boost|p1a: Muk|evasion|2\n|\n|-ability|p1b: Scovillain|Moody|boost\n|-boost|p1b: Scovillain|spd|2\n|-unboost|p1b: Scovillain|def|1\n|upkeep\n|turn|2\n|\n|t:|1699724268\n|move|p2a: Grimmsnarl|Parting Shot|p1a: Muk\n|-hint|Since gen 7, Dark is immune to Prankster moves.\n|-immune|p1a: Muk\n|move|p1b: Scovillain|Overheat|p2a: Grimmsnarl\n|-damage|p2a: Grimmsnarl|49\/100\n|-unboost|p1b: Scovillain|spa|2\n|move|p1a: Muk|Minimize|p1a: Muk\n|-boost|p1a: Muk|evasion|2\n|move|p2b: Iron Hands|Wild Charge|p1b: Scovillain\n|-resisted|p1b: Scovillain\n|-damage|p1b: Scovillain|0 fnt\n|faint|p1b: Scovillain\n|-ability|p1a: Muk|Moody|[from] ability: Power of Alchemy|[of] p1b: Scovillain\n|-damage|p2b: Iron Hands|91\/100|[from] Recoil\n|\n|-ability|p1a: Muk|Moody|boost\n|-boost|p1a: Muk|atk|2\n|-unboost|p1a: Muk|spa|1\n|upkeep\n|\n|t:|1699724292\n|switch|p1b: Goodra|Goodra-Hisui, L50, F|100\/100\n|turn|3\n|\n|t:|1699724300\n|-end|p2b: Iron Hands|Quark Drive|[silent]\n|switch|p2b: Ursaluna|Ursaluna-Bloodmoon, L50, M|100\/100\n|move|p2a: Grimmsnarl|Parting Shot|p1b: Goodra\n|-unboost|p1b: Goodra|atk|1\n|-unboost|p1b: Goodra|spa|1\n|\n|t:|1699724305\n|switch|p2a: Sinistcha|Sinistcha, L50|100\/100|[from] Parting Shot\n|move|p1b: Goodra|Shelter|p1b: Goodra\n|-boost|p1b: Goodra|def|2\n|move|p1a: Muk|Toxic|p2b: Ursaluna\n|-status|p2b: Ursaluna|tox\n|\n|-damage|p2b: Ursaluna|95\/100 tox|[from] psn\n|-ability|p1a: Muk|Moody|boost\n|-boost|p1a: Muk|spe|2\n|-unboost|p1a: Muk|spa|1\n|upkeep\n|turn|4\n|\n|t:|1699724332\n|move|p1a: Muk|Knock Off|p2a: Sinistcha\n|-supereffective|p2a: Sinistcha\n|-damage|p2a: Sinistcha|40\/100\n|-enditem|p2a: Sinistcha|Mental Herb|[from] move: Knock Off|[of] p1a: Muk\n|move|p1b: Goodra|Shelter|p1b: Goodra\n|-boost|p1b: Goodra|def|2\n|move|p2b: Ursaluna|Earth Power|p1b: Goodra\n|-supereffective|p1b: Goodra\n|-damage|p1b: Goodra|45\/100\n|move|p2a: Sinistcha|Trick Room|p2a: Sinistcha\n|-fieldstart|move: Trick Room|[of] p2a: Sinistcha\n|\n|-damage|p2b: Ursaluna|83\/100 tox|[from] psn\n|-ability|p1a: Muk|Moody|boost\n|-boost|p1a: Muk|spd|2\n|-unboost|p1a: Muk|atk|1\n|upkeep\n|turn|5\n|\n|t:|1699724353\n|-terastallize|p1b: Goodra|Water\n|move|p2b: Ursaluna|Earth Power|p1a: Muk\n|-supereffective|p1a: Muk\n|-damage|p1a: Muk|61\/100\n|move|p1b: Goodra|Life Dew|p1b: Goodra|[spread] p1a,p1b\n|-heal|p1a: Muk|86\/100\n|-heal|p1b: Goodra|70\/100\n|move|p2a: Sinistcha|Strength Sap|p1b: Goodra\n|-ability|p1b: Goodra|Sap Sipper|boost\n|-boost|p1b: Goodra|atk|1\n|move|p1a: Muk|Toxic|p2a: Sinistcha\n|-status|p2a: Sinistcha|tox\n|\n|-heal|p1a: Muk|92\/100|[from] item: Leftovers\n|-damage|p2b: Ursaluna|65\/100 tox|[from] psn\n|-damage|p2a: Sinistcha|34\/100 tox|[from] psn\n|-ability|p1a: Muk|Moody|boost\n|-boost|p1a: Muk|spd|2\n|-unboost|p1a: Muk|atk|1\n|upkeep\n|turn|6\n|\n|t:|1699724374\n|move|p2b: Ursaluna|Earth Power|p1a: Muk\n|-supereffective|p1a: Muk\n|-damage|p1a: Muk|67\/100\n|move|p1b: Goodra|Life Dew|p1b: Goodra|[spread] p1a,p1b\n|-heal|p1a: Muk|92\/100\n|-heal|p1b: Goodra|95\/100\n|move|p2a: Sinistcha|Matcha Gotcha|p1a: Muk|[spread] p1a\n|-ability|p1b: Goodra|Sap Sipper|boost\n|-boost|p1b: Goodra|atk|1\n|-resisted|p1a: Muk\n|-damage|p1a: Muk|89\/100\n|-heal|p2a: Sinistcha|35\/100 tox|[from] drain|[of] p1a: Muk\n|move|p1a: Muk|Knock Off|p2b: Ursaluna\n|-damage|p2b: Ursaluna|47\/100 tox\n|-enditem|p2b: Ursaluna|Weakness Policy|[from] move: Knock Off|[of] p1a: Muk\n|\n|-heal|p1a: Muk|95\/100|[from] item: Leftovers\n|-damage|p2b: Ursaluna|24\/100 tox|[from] psn\n|-damage|p2a: Sinistcha|23\/100 tox|[from] psn\n|-ability|p1a: Muk|Moody|boost\n|-boost|p1a: Muk|spd|2\n|-unboost|p1a: Muk|spe|1\n|upkeep\n|turn|7\n|-message|Slowlat forfeited.\n|\n|win|HydraulikToad\n|raw|HydraulikToad's rating: 1306 &rarr; <strong>1332<\/strong><br \/>(+26 for winning)\n|raw|Slowlat's rating: 1418 &rarr; <strong>1392<\/strong><br \/>(-26 for losing)\n|l|\u2606Slowlat\n","uploadtime":1699724402,"views":15,"p1id":"hydrauliktoad","p2id":"slowlat","formatid":"gen9vgc2023regulatione","rating":1332,"private":0,"password":""}