{"id":"gen9vgc2023regulatione-1996838440","p1":"Mortipherus","p2":"Hekdenkek","format":"[Gen 9] VGC 2023 Regulation E","log":"|j|\u2606Mortipherus\n|j|\u2606Hekdenkek\n|t:|1700733417\n|gametype|doubles\n|player|p1|Mortipherus|biker-gen4|1456\n|player|p2|Hekdenkek|parasollady|1326\n|teamsize|p1|6\n|teamsize|p2|6\n|gen|9\n|tier|[Gen 9] VGC 2023 Regulation E\n|rated|\n|rule|Species Clause: Limit one of each Pok\u00e9mon\n|rule|Item Clause: Limit one of each item\n|clearpoke\n|poke|p1|Gholdengo, L50|\n|poke|p1|Roaring Moon, L50|\n|poke|p1|Iron Hands, L50|\n|poke|p1|Ogerpon-Hearthflame, L50, F|\n|poke|p1|Landorus-Therian, L50, M|\n|poke|p1|Flutter Mane, L50|\n|poke|p2|Kingambit, L50, F|\n|poke|p2|Amoonguss, L50, M|\n|poke|p2|Urshifu-*, L50, M|\n|poke|p2|Dragonite, L50, M|\n|poke|p2|Chien-Pao, L50|\n|poke|p2|Ogerpon-Hearthflame, L50, F|\n|teampreview|4\n|inactive|Battle timer is ON: inactive players will automatically lose when time's up. (requested by Mortipherus)\nMortipherus has agreed to open team sheets.\n|\n|t:|1700733446\n|start\n|switch|p1a: Ogerpon|Ogerpon-Hearthflame, L50, F|100\/100\n|switch|p1b: Iron Hands|Iron Hands, L50|100\/100\n|switch|p2a: Kingambit|Kingambit, L50, F|100\/100\n|switch|p2b: Chien-Pao|Chien-Pao, L50|100\/100\n|-ability|p2b: Chien-Pao|Sword of Ruin\n|-ability|p1a: Ogerpon|Mold Breaker\n|turn|1\n|\n|t:|1700733468\n|move|p2b: Chien-Pao|Protect|p2b: Chien-Pao\n|-singleturn|p2b: Chien-Pao|Protect\n|move|p2a: Kingambit|Protect|p2a: Kingambit\n|-singleturn|p2a: Kingambit|Protect\n|move|p1b: Iron Hands|Fake Out|p2a: Kingambit\n|-activate|p2a: Kingambit|move: Protect\n|move|p1a: Ogerpon|Swords Dance|p1a: Ogerpon\n|-boost|p1a: Ogerpon|atk|2\n|\n|upkeep\n|turn|2\n|inactive|Hekdenkek has 30 seconds left.\n|\n|t:|1700733497\n|-terastallize|p2a: Kingambit|Dragon\n|move|p2a: Kingambit|Sucker Punch|p1a: Ogerpon\n|-damage|p1a: Ogerpon|31\/100\n|move|p2b: Chien-Pao|Crunch|p1a: Ogerpon\n|-damage|p1a: Ogerpon|0 fnt\n|faint|p1a: Ogerpon\n|move|p1b: Iron Hands|Wild Charge|p2b: Chien-Pao\n|-damage|p2b: Chien-Pao|31\/100\n|-damage|p1b: Iron Hands|89\/100|[from] Recoil\n|\n|upkeep\n|\n|t:|1700733510\n|switch|p1a: Flutter Mane|Flutter Mane, L50, shiny|100\/100\n|turn|3\n|inactive|Mortipherus has 30 seconds left.\n|\n|t:|1700733536\n|move|p1a: Flutter Mane|Protect|p1a: Flutter Mane\n|-singleturn|p1a: Flutter Mane|Protect\n|move|p2a: Kingambit|Protect|p2a: Kingambit\n|-singleturn|p2a: Kingambit|Protect\n|move|p2b: Chien-Pao|Sucker Punch||[still]\n|-fail|p2b: Chien-Pao\n|move|p1b: Iron Hands|Drain Punch|p2b: Chien-Pao\n|-supereffective|p2b: Chien-Pao\n|-damage|p2b: Chien-Pao|0 fnt\n|-heal|p1b: Iron Hands|99\/100|[from] drain|[of] p2b: Chien-Pao\n|faint|p2b: Chien-Pao\n|\n|upkeep\n|\n|t:|1700733555\n|switch|p2b: Urshifu|Urshifu-Rapid-Strike, L50, M|100\/100\n|turn|4\n|\n|t:|1700733579\n|-end|p1a: Flutter Mane|Protosynthesis|[silent]\n|switch|p1a: Roaring Moon|Roaring Moon, L50, shiny|100\/100\n|-enditem|p1a: Roaring Moon|Booster Energy\n|-activate|p1a: Roaring Moon|ability: Protosynthesis|[fromitem]\n|-start|p1a: Roaring Moon|protosynthesisspe\n|move|p2a: Kingambit|Sucker Punch||[still]\n|-fail|p2a: Kingambit\n|move|p2b: Urshifu|U-turn|p1a: Roaring Moon\n|-supereffective|p1a: Roaring Moon\n|-damage|p1a: Roaring Moon|45\/100\n|\n|t:|1700733587\n|switch|p2b: Dragonite|Dragonite, L50, M|100\/100|[from] U-turn\n|move|p1b: Iron Hands|Wild Charge|p2b: Dragonite\n|-damage|p2b: Dragonite|40\/100\n|-damage|p1b: Iron Hands|89\/100|[from] Recoil\n|\n|upkeep\n|turn|5\n|\n|t:|1700733612\n|move|p1a: Roaring Moon|Protect|p1a: Roaring Moon\n|-singleturn|p1a: Roaring Moon|Protect\n|move|p2b: Dragonite|Stomping Tantrum|p1b: Iron Hands\n|-supereffective|p1b: Iron Hands\n|-damage|p1b: Iron Hands|49\/100\n|move|p1b: Iron Hands|Wild Charge|p2b: Dragonite\n|-damage|p2b: Dragonite|0 fnt\n|faint|p2b: Dragonite\n|-damage|p1b: Iron Hands|42\/100|[from] Recoil\n|move|p2a: Kingambit|Iron Head|p1a: Roaring Moon\n|-activate|p1a: Roaring Moon|move: Protect\n|\n|upkeep\n|\n|t:|1700733623\n|switch|p2b: Urshifu|Urshifu-Rapid-Strike, L50, M|100\/100\n|turn|6\n|inactive|Hekdenkek has 30 seconds left.\n|\n|t:|1700733656\n|move|p1a: Roaring Moon|Tailwind|p1a: Roaring Moon\n|-sidestart|p1: Mortipherus|move: Tailwind\n|move|p2b: Urshifu|Surging Strikes|p1b: Iron Hands\n|-crit|p1b: Iron Hands\n|-damage|p1b: Iron Hands|29\/100\n|-crit|p1b: Iron Hands\n|-damage|p1b: Iron Hands|15\/100\n|-crit|p1b: Iron Hands\n|-damage|p1b: Iron Hands|2\/100\n|-hitcount|p1b: Iron Hands|3\n|move|p1b: Iron Hands|Wild Charge|p2b: Urshifu\n|-supereffective|p2b: Urshifu\n|-damage|p2b: Urshifu|0 fnt\n|faint|p2b: Urshifu\n|-damage|p1b: Iron Hands|0 fnt|[from] Recoil\n|faint|p1b: Iron Hands\n|-end|p1b: Iron Hands|Quark Drive|[silent]\n|move|p2a: Kingambit|Iron Head|p1a: Roaring Moon\n|-crit|p1a: Roaring Moon\n|-damage|p1a: Roaring Moon|0 fnt\n|faint|p1a: Roaring Moon\n|-end|p1a: Roaring Moon|Protosynthesis|[silent]\n|\n|upkeep\n|\n|t:|1700733677\n|switch|p1a: Flutter Mane|Flutter Mane, L50, shiny|100\/100\n|turn|7\n|\n|t:|1700733686\n|-terastallize|p1a: Flutter Mane|Fairy\n|move|p2a: Kingambit|Protect|p2a: Kingambit\n|-singleturn|p2a: Kingambit|Protect\n|move|p1a: Flutter Mane|Moonblast|p2a: Kingambit\n|-activate|p2a: Kingambit|move: Protect\n|\n|upkeep\n|turn|8\n|\n|t:|1700733702\n|move|p1a: Flutter Mane|Moonblast|p2a: Kingambit\n|-supereffective|p2a: Kingambit\n|-damage|p2a: Kingambit|0 fnt\n|faint|p2a: Kingambit\n|\n|win|Mortipherus\n|raw|Mortipherus's rating: 1456 &rarr; <strong>1469<\/strong><br \/>(+13 for winning)\n|raw|Hekdenkek's rating: 1326 &rarr; <strong>1313<\/strong><br \/>(-13 for losing)\n|l|\u2606Hekdenkek\n|c|\u2606Mortipherus|Ggs\n","uploadtime":1700733722,"views":15,"p1id":"mortipherus","p2id":"hekdenkek","formatid":"gen9vgc2023regulatione","rating":1313,"private":0,"password":""}