{"id":"gen9vgc2023regulatione-1993140161","p1":"Wochienheimer","p2":"ojassis2","format":"[Gen 9] VGC 2023 Regulation E","log":"|j|\u2606Wochienheimer\n|j|\u2606ojassis2\n|t:|1700269552\n|gametype|doubles\n|player|p1|Wochienheimer|n|1176\n|player|p2|ojassis2|lance|1107\n|teamsize|p1|6\n|teamsize|p2|6\n|gen|9\n|tier|[Gen 9] VGC 2023 Regulation E\n|rated|\n|rule|Species Clause: Limit one of each Pok\u00e9mon\n|rule|Item Clause: Limit one of each item\n|clearpoke\n|poke|p1|Amoonguss, L50, F|\n|poke|p1|Landorus-Therian, L50, M|\n|poke|p1|Tornadus, L50, M|\n|poke|p1|Arcanine-Hisui, L50, M|\n|poke|p1|Flutter Mane, L50|\n|poke|p1|Kingambit, L50, F|\n|poke|p2|Thundurus, L50, M|\n|poke|p2|Enamorus, L50, F|\n|poke|p2|Ting-Lu, L50|\n|poke|p2|Tyranitar, L50, M|\n|poke|p2|Corviknight, L50, M|\n|poke|p2|Gothorita, L50, M|\n|teampreview|4\nWochienheimer has agreed to open team sheets.\n|inactive|Battle timer is ON: inactive players will automatically lose when time's up. (requested by ojassis2)\n|\n|t:|1700269594\n|start\n|switch|p1a: Arcanine|Arcanine-Hisui, L50, M, shiny|100\/100\n|switch|p1b: Landorus|Landorus-Therian, L50, M|100\/100\n|switch|p2a: Wo-Pao|Thundurus, L50, M, shiny|100\/100\n|switch|p2b: Yu-Chien|Enamorus, L50, F|100\/100\n|-ability|p1a: Arcanine|Intimidate|boost\n|-unboost|p2a: Wo-Pao|atk|1\n|-boost|p2b: Yu-Chien|atk|1\n|-ability|p1b: Landorus|Intimidate|boost\n|-unboost|p2a: Wo-Pao|atk|1\n|-boost|p2b: Yu-Chien|atk|1\n|turn|1\n|inactive|Wochienheimer has 30 seconds left.\n|\n|t:|1700269625\n|-terastallize|p2b: Yu-Chien|Steel\n|move|p2a: Wo-Pao|Scary Face|p2b: Yu-Chien\n|-boost|p2b: Yu-Chien|spe|2\n|move|p2b: Yu-Chien|Earth Power|p1a: Arcanine\n|-supereffective|p1a: Arcanine\n|-damage|p1a: Arcanine|0 fnt\n|faint|p1a: Arcanine\n|move|p1b: Landorus|Rock Slide|p2a: Wo-Pao|[spread] p2a,p2b\n|-supereffective|p2a: Wo-Pao\n|-resisted|p2b: Yu-Chien\n|-damage|p2a: Wo-Pao|58\/100\n|-damage|p2b: Yu-Chien|90\/100\n|\n|upkeep\n|\n|t:|1700269640\n|switch|p1a: Kingambit|Kingambit, L50, F|100\/100\n|turn|2\n|\n|t:|1700269656\n|-terastallize|p1a: Kingambit|Dark\n|move|p2a: Wo-Pao|Eerie Impulse|p2b: Yu-Chien\n|-boost|p2b: Yu-Chien|spa|2\n|move|p2b: Yu-Chien|Dazzling Gleam|p1a: Kingambit|[spread] p1a,p1b\n|-supereffective|p1a: Kingambit\n|-damage|p1a: Kingambit|0 fnt\n|-damage|p1b: Landorus|59\/100\n|faint|p1a: Kingambit\n|move|p1b: Landorus|Rock Slide|p2a: Wo-Pao|[spread] p2a\n|-miss|p1b: Landorus|p2b: Yu-Chien\n|-supereffective|p2a: Wo-Pao\n|-damage|p2a: Wo-Pao|8\/100\n|\n|upkeep\n|\n|t:|1700269676\n|switch|p1a: Amoonguss|Amoonguss, L50, F|100\/100\n|turn|3\n|\n|t:|1700269691\n|move|p2b: Yu-Chien|Protect|p2b: Yu-Chien\n|-singleturn|p2b: Yu-Chien|Protect\n|move|p2a: Wo-Pao|Taunt|p1a: Amoonguss\n|-start|p1a: Amoonguss|move: Taunt\n|move|p1b: Landorus|Stomping Tantrum|p2b: Yu-Chien\n|-activate|p2b: Yu-Chien|move: Protect\n|cant|p1a: Amoonguss|move: Taunt|Spore\n|\n|upkeep\n|turn|4\n|\n|t:|1700269706\n|move|p2a: Wo-Pao|Eerie Impulse|p2b: Yu-Chien\n|-boost|p2b: Yu-Chien|spa|2\n|move|p2b: Yu-Chien|Dazzling Gleam|p1a: Amoonguss|[spread] p1a,p1b\n|-resisted|p1a: Amoonguss\n|-damage|p1a: Amoonguss|57\/100\n|-damage|p1b: Landorus|0 fnt\n|faint|p1b: Landorus\n|move|p1a: Amoonguss|Pollen Puff|p2a: Wo-Pao\n|-resisted|p2a: Wo-Pao\n|-damage|p2a: Wo-Pao|0 fnt\n|faint|p2a: Wo-Pao\n|\n|upkeep\n|\n|t:|1700269711\n|switch|p2a: Ting-Pao|Tyranitar, L50, M, shiny|100\/100\n|-weather|Sandstorm|[from] ability: Sand Stream|[of] p2a: Ting-Pao\n|turn|5\n|\n|t:|1700269727\n|move|p2b: Yu-Chien|Earth Power|p1a: Amoonguss\n|-damage|p1a: Amoonguss|0 fnt\n|faint|p1a: Amoonguss\n|\n|win|ojassis2\n|raw|Wochienheimer's rating: 1176 &rarr; <strong>1146<\/strong><br \/>(-30 for losing)\n|raw|ojassis2's rating: 1107 &rarr; <strong>1137<\/strong><br \/>(+30 for winning)\n","uploadtime":1700269734,"views":9,"p1id":"wochienheimer","p2id":"ojassis2","formatid":"gen9vgc2023regulatione","rating":1137,"private":0,"password":""}