{"id":"gen9vgc2023regulatione-1999478831","p1":"newusernovice","p2":"TxigaVGC","format":"[Gen 9] VGC 2023 Regulation E","log":"|j|\u2606newusernovice\n|j|\u2606TxigaVGC\n|t:|1701086713\n|gametype|doubles\n|player|p1|newusernovice|brawly|1501\n|player|p2|TxigaVGC|102|1507\n|teamsize|p1|6\n|teamsize|p2|6\n|gen|9\n|tier|[Gen 9] VGC 2023 Regulation E\n|rated|\n|rule|Species Clause: Limit one of each Pok\u00e9mon\n|rule|Item Clause: Limit one of each item\n|clearpoke\n|poke|p1|Urshifu-*, L50, M|\n|poke|p1|Ogerpon-Wellspring, L50, F|\n|poke|p1|Chien-Pao, L50|\n|poke|p1|Tornadus, L50, M|\n|poke|p1|Gholdengo, L50|\n|poke|p1|Dragapult, L50, M|\n|poke|p2|Ursaluna-Bloodmoon, L50, M|\n|poke|p2|Cresselia, L50, F|\n|poke|p2|Dondozo, L50, M|\n|poke|p2|Tatsugiri, L50, F|\n|poke|p2|Regidrago, L50|\n|poke|p2|Tornadus, L50, M|\n|teampreview|4\n|inactive|Battle timer is ON: inactive players will automatically lose when time's up. (requested by newusernovice)\n|inactive|newusernovice has 60 seconds left.\n|\n|t:|1701086754\n|start\n|switch|p1a: Tornadus|Tornadus, L50, M, shiny|100\/100\n|switch|p1b: Gholdengo|Gholdengo, L50|100\/100\n|switch|p2a: Regidrago|Regidrago, L50|100\/100\n|switch|p2b: Tornadus|Tornadus, L50, M|100\/100\n|turn|1\n|\n|t:|1701086778\n|move|p1a: Tornadus|Protect|p1a: Tornadus\n|-singleturn|p1a: Tornadus|Protect\n|move|p2b: Tornadus|Tailwind|p2b: Tornadus\n|-sidestart|p2: TxigaVGC|move: Tailwind\n|move|p2a: Regidrago|Earth Power|p1b: Gholdengo\n|-supereffective|p1b: Gholdengo\n|-damage|p1b: Gholdengo|42\/100\n|-unboost|p1b: Gholdengo|spd|1\n|move|p1b: Gholdengo|Make It Rain|p2b: Tornadus|[spread] p2a,p2b\n|-crit|p2a: Regidrago\n|-damage|p2a: Regidrago|0 fnt\n|-damage|p2b: Tornadus|0 fnt\n|-unboost|p1b: Gholdengo|spa|1\n|faint|p2a: Regidrago\n|faint|p2b: Tornadus\n|\n|upkeep\n|\n|t:|1701086794\n|switch|p2b: Dondozo|Dondozo, L50, M|100\/100\n|switch|p2a: Tatsugiri|Tatsugiri, L50, F|100\/100\n|-activate|p2a: Tatsugiri|ability: Commander|[of] p2b: Dondozo\n|-boost|p2b: Dondozo|atk|2\n|-boost|p2b: Dondozo|spa|2\n|-boost|p2b: Dondozo|spe|2\n|-boost|p2b: Dondozo|def|2\n|-boost|p2b: Dondozo|spd|2\n|turn|2\n|\n|t:|1701086817\n|move|p1a: Tornadus|Tailwind|p1a: Tornadus\n|-sidestart|p1: newusernovice|move: Tailwind\n|move|p2b: Dondozo|Waterfall|p1b: Gholdengo\n|-damage|p1b: Gholdengo|0 fnt\n|faint|p1b: Gholdengo\n|\n|upkeep\n|\n|t:|1701086823\n|switch|p1b: Urshifu|Urshifu, L50, M|100\/100\n|turn|3\n|\n|t:|1701086838\n|-terastallize|p2b: Dondozo|Dragon\n|move|p1b: Urshifu|Protect|p1b: Urshifu\n|-singleturn|p1b: Urshifu|Protect\n|move|p2b: Dondozo|Order Up|p1b: Urshifu\n|-activate|p1b: Urshifu|move: Protect\n|move|p1a: Tornadus|Icy Wind|p2b: Dondozo|[spread] p2b\n|-miss|p1a: Tornadus|p2a: Tatsugiri\n|-supereffective|p2b: Dondozo\n|-damage|p2b: Dondozo|85\/100\n|-unboost|p2b: Dondozo|spe|1\n|\n|-heal|p2b: Dondozo|92\/100|[from] item: Leftovers\n|upkeep\n|turn|4\n|inactive|newusernovice has 30 seconds left.\n|\n|t:|1701086865\n|switch|p1a: Chien-Pao|Chien-Pao, L50|100\/100\n|-ability|p1a: Chien-Pao|Sword of Ruin\n|-terastallize|p1b: Urshifu|Dark\n|move|p1b: Urshifu|Wicked Blow|p2b: Dondozo\n|-crit|p2b: Dondozo\n|-damage|p2b: Dondozo|7\/100\n|move|p2b: Dondozo|Order Up|p1b: Urshifu\n|-crit|p1b: Urshifu\n|-damage|p1b: Urshifu|0 fnt\n|faint|p1b: Urshifu\n|-boost|p2b: Dondozo|atk|1\n|\n|-heal|p2b: Dondozo|13\/100|[from] item: Leftovers\n|-sideend|p2: TxigaVGC|move: Tailwind\n|upkeep\n|\n|t:|1701086882\n|switch|p1b: Tornadus|Tornadus, L50, M, shiny|100\/100\n|turn|5\n|\n|t:|1701086889\n|move|p1a: Chien-Pao|Protect|p1a: Chien-Pao\n|-singleturn|p1a: Chien-Pao|Protect\n|move|p2b: Dondozo|Protect|p2b: Dondozo\n|-singleturn|p2b: Dondozo|Protect\n|move|p1b: Tornadus|Icy Wind|p2a: Tatsugiri|[spread] \n|-miss|p1b: Tornadus|p2a: Tatsugiri\n|-activate|p2b: Dondozo|move: Protect\n|\n|-heal|p2b: Dondozo|20\/100|[from] item: Leftovers\n|-sideend|p1: newusernovice|move: Tailwind\n|upkeep\n|turn|6\n|\n|t:|1701086907\n|move|p1a: Chien-Pao|Icicle Crash|p2b: Dondozo\n|-supereffective|p2b: Dondozo\n|-damage|p2b: Dondozo|0 fnt\n|faint|p2b: Dondozo\n|-damage|p1a: Chien-Pao|91\/100|[from] item: Life Orb\n|move|p1b: Tornadus|Icy Wind|p2a: Tatsugiri\n|-damage|p2a: Tatsugiri|76\/100\n|-unboost|p2a: Tatsugiri|spe|1\n|\n|upkeep\n|turn|7\n|\n|t:|1701086918\n|move|p1b: Tornadus|Tailwind|p1b: Tornadus\n|-sidestart|p1: newusernovice|move: Tailwind\n|move|p1a: Chien-Pao|Icicle Crash|p2a: Tatsugiri\n|-damage|p2a: Tatsugiri|0 fnt\n|faint|p2a: Tatsugiri\n|-damage|p1a: Chien-Pao|81\/100|[from] item: Life Orb\n|\n|win|newusernovice\n|raw|newusernovice's rating: 1501 &rarr; <strong>1521<\/strong><br \/>(+20 for winning)\n|raw|TxigaVGC's rating: 1507 &rarr; <strong>1487<\/strong><br \/>(-20 for losing)\n|l|\u2606TxigaVGC\n","uploadtime":1701086952,"views":13,"p1id":"newusernovice","p2id":"txigavgc","formatid":"gen9vgc2023regulatione","rating":1487,"private":0,"password":""}