{"id":"gen9vgc2023regulatione-1990798366","p1":"hnefl","p2":"Elaba5","format":"[Gen 9] VGC 2023 Regulation E","log":"|j|\u2606hnefl\n|j|\u2606Elaba5\n|t:|1700001919\n|gametype|doubles\n|player|p1|hnefl|1|1129\n|player|p2|Elaba5|fantina|1211\n|teamsize|p1|6\n|teamsize|p2|6\n|gen|9\n|tier|[Gen 9] VGC 2023 Regulation E\n|rated|\n|rule|Species Clause: Limit one of each Pok\u00e9mon\n|rule|Item Clause: Limit one of each item\n|clearpoke\n|poke|p1|Flutter Mane, L50|\n|poke|p1|Chi-Yu, L50|\n|poke|p1|Tornadus, L50, M|\n|poke|p1|Gholdengo, L50|\n|poke|p1|Landorus-Therian, L50, M|\n|poke|p1|Ogerpon-Hearthflame, L50, F|\n|poke|p2|Munkidori, L50, M|\n|poke|p2|Heatran, L50, M|\n|poke|p2|Iron Hands, L50|\n|poke|p2|Landorus-Therian, L50, M|\n|poke|p2|Hydreigon, L50, F|\n|poke|p2|Milotic, L50, M|\n|teampreview|4\n|j| baaaaat_\n|\n|t:|1700001980\n|start\n|switch|p1a: Tornadus|Tornadus, L50, M|100\/100\n|switch|p1b: Landorus|Landorus-Therian, L50, M|100\/100\n|switch|p2a: Munkidori|Munkidori, L50, M|100\/100\n|switch|p2b: Milotic|Milotic, L50, M, shiny|100\/100\n|-item|p1a: Tornadus|Covert Cloak|[from] ability: Frisk|[of] p2a: Munkidori|[identify]\n|-item|p1b: Landorus|Clear Amulet|[from] ability: Frisk|[of] p2a: Munkidori|[identify]\n|-ability|p1b: Landorus|Intimidate|boost\n|-unboost|p2a: Munkidori|atk|1\n|-unboost|p2b: Milotic|atk|1\n|-ability|p2b: Milotic|Competitive|boost\n|-boost|p2b: Milotic|spa|2\n|turn|1\n|\n|t:|1700002002\n|move|p1b: Landorus|Protect|p1b: Landorus\n|-singleturn|p1b: Landorus|Protect\n|move|p2a: Munkidori|Fake Out|p1b: Landorus\n|-activate|p1b: Landorus|move: Protect\n|move|p1a: Tornadus|Tailwind|p1a: Tornadus\n|-sidestart|p1: hnefl|move: Tailwind\n|move|p2b: Milotic|Icy Wind|p1b: Landorus|[spread] p1a\n|-activate|p1b: Landorus|move: Protect\n|-supereffective|p1a: Tornadus\n|-damage|p1a: Tornadus|52\/100\n|\n|upkeep\n|turn|2\n|\n|t:|1700002035\n|move|p1a: Tornadus|Sunny Day|p1a: Tornadus\n|-weather|SunnyDay\n|move|p1b: Landorus|Stomping Tantrum|p2a: Munkidori\n|-supereffective|p2a: Munkidori\n|-enditem|p2a: Munkidori|Focus Sash\n|-damage|p2a: Munkidori|1\/100\n|move|p2a: Munkidori|Parting Shot|p1b: Landorus\n|-fail|p1b: Landorus|unboost|[from] item: Clear Amulet|[of] p1b: Landorus\n|move|p2b: Milotic|Icy Wind|p1b: Landorus|[spread] p1a,p1b\n|-supereffective|p1a: Tornadus\n|-supereffective|p1b: Landorus\n|-damage|p1a: Tornadus|0 fnt\n|-damage|p1b: Landorus|0 fnt\n|faint|p1a: Tornadus\n|faint|p1b: Landorus\n|\n|-weather|SunnyDay|[upkeep]\n|upkeep\n|\n|t:|1700002055\n|switch|p1a: Ogerpon|Ogerpon-Hearthflame, L50, F|100\/100\n|switch|p1b: Flutter Mane|Flutter Mane, L50|100\/100\n|-activate|p1b: Flutter Mane|ability: Protosynthesis\n|-start|p1b: Flutter Mane|protosynthesisspa\n|-ability|p1a: Ogerpon|Mold Breaker\n|turn|3\n|\n|t:|1700002077\n|-terastallize|p2b: Milotic|Grass\n|move|p1b: Flutter Mane|Dazzling Gleam|p2a: Munkidori|[spread] p2a,p2b\n|-resisted|p2a: Munkidori\n|-damage|p2a: Munkidori|0 fnt\n|-damage|p2b: Milotic|53\/100\n|faint|p2a: Munkidori\n|move|p1a: Ogerpon|Horn Leech|p2b: Milotic\n|-resisted|p2b: Milotic\n|-damage|p2b: Milotic|34\/100\n|-damage|p1a: Ogerpon|84\/100|[from] item: Rocky Helmet|[of] p2b: Milotic\n|move|p2b: Milotic|Icy Wind|p1b: Flutter Mane|[spread] p1a,p1b\n|-damage|p1a: Ogerpon|57\/100\n|-damage|p1b: Flutter Mane|76\/100\n|-unboost|p1a: Ogerpon|spe|1\n|-unboost|p1b: Flutter Mane|spe|1\n|\n|-weather|SunnyDay|[upkeep]\n|upkeep\n|l| baaaaat_\n|\n|t:|1700002102\n|switch|p2a: Hydreigon|Hydreigon, L50, F, shiny|100\/100\n|turn|4\n|\n|t:|1700002115\n|move|p2a: Hydreigon|Protect|p2a: Hydreigon\n|-singleturn|p2a: Hydreigon|Protect\n|move|p1b: Flutter Mane|Dazzling Gleam|p2a: Hydreigon|[spread] p2b\n|-activate|p2a: Hydreigon|move: Protect\n|-damage|p2b: Milotic|0 fnt\n|faint|p2b: Milotic\n|move|p1a: Ogerpon|Ivy Cudgel|p2a: Hydreigon|[anim] Ivy Cudgel Fire\n|-activate|p2a: Hydreigon|move: Protect\n|\n|-weather|SunnyDay|[upkeep]\n|-sideend|p1: hnefl|move: Tailwind\n|upkeep\n|\n|t:|1700002125\n|switch|p2b: Iron Hands|Iron Hands, L50|100\/100\n|turn|5\n|\n|t:|1700002137\n|move|p1a: Ogerpon|Spiky Shield|p1a: Ogerpon\n|-singleturn|p1a: Ogerpon|move: Protect\n|move|p1b: Flutter Mane|Dazzling Gleam|p2b: Iron Hands|[spread] p2a,p2b\n|-supereffective|p2a: Hydreigon\n|-supereffective|p2b: Iron Hands\n|-damage|p2a: Hydreigon|0 fnt\n|-damage|p2b: Iron Hands|38\/100\n|faint|p2a: Hydreigon\n|move|p2b: Iron Hands|Wild Charge|p1b: Flutter Mane\n|-damage|p1b: Flutter Mane|0 fnt\n|faint|p1b: Flutter Mane\n|-end|p1b: Flutter Mane|Protosynthesis|[silent]\n|-damage|p2b: Iron Hands|27\/100|[from] Recoil\n|\n|-weather|SunnyDay|[upkeep]\n|upkeep\n|turn|6\n|\n|t:|1700002152\n|-terastallize|p1a: Ogerpon|Fire\n|detailschange|p1a: Ogerpon|Ogerpon-Hearthflame-Tera, L50, F, tera:Fire\n|-ability|p1a: Ogerpon|Embody Aspect (Hearthflame)|boost\n|-boost|p1a: Ogerpon|atk|1\n|move|p1a: Ogerpon|Ivy Cudgel|p2b: Iron Hands|[anim] Ivy Cudgel Fire\n|-damage|p2b: Iron Hands|0 fnt\n|faint|p2b: Iron Hands\n|-end|p2b: Iron Hands|Quark Drive|[silent]\n|\n|win|hnefl\n|raw|hnefl's rating: 1129 &rarr; <strong>1160<\/strong><br \/>(+31 for winning)\n|raw|Elaba5's rating: 1211 &rarr; <strong>1180<\/strong><br \/>(-31 for losing)\n|l|\u2606Elaba5\n","uploadtime":1700002168,"views":15,"p1id":"hnefl","p2id":"elaba5","formatid":"gen9vgc2023regulatione","rating":1160,"private":0,"password":""}