{"id":"gen9vgc2023regulatione-1988275683","p1":"Yordleking","p2":"NachoTheCheese","format":"[Gen 9] VGC 2023 Regulation E","log":"|j|\u2606Yordleking\n|j|\u2606NachoTheCheese\n|t:|1699699792\n|gametype|doubles\n|player|p1|Yordleking|266|\n|player|p2|NachoTheCheese|hilbert|\n|teamsize|p1|6\n|teamsize|p2|6\n|gen|9\n|tier|[Gen 9] VGC 2023 Regulation E\n|rule|Species Clause: Limit one of each Pok\u00e9mon\n|rule|Item Clause: Limit one of each item\n|clearpoke\n|poke|p1|Gholdengo, L50|\n|poke|p1|Clefairy, L50, M|\n|poke|p1|Urshifu-*, L50, M|\n|poke|p1|Chien-Pao, L50|\n|poke|p1|Flutter Mane, L50|\n|poke|p1|Chi-Yu, L50|\n|poke|p2|Ogerpon, L50, F|\n|poke|p2|Iron Hands, L50|\n|poke|p2|Urshifu-*, L50, M|\n|poke|p2|Fezandipiti, L50, M|\n|poke|p2|Sinistcha-Masterpiece, L50|\n|poke|p2|Arcanine-Hisui, L50, M|\n|teampreview|4\n|\n|t:|1699699823\n|start\n|switch|p1a: Gholdengo|Gholdengo, L50|100\/100\n|switch|p1b: Clefairy|Clefairy, L50, M|100\/100\n|switch|p2a: Fezandipiti|Fezandipiti, L50, M|100\/100\n|switch|p2b: Arcanine|Arcanine-Hisui, L50, M|100\/100\n|-ability|p2b: Arcanine|Intimidate|boost\n|-unboost|p1a: Gholdengo|atk|1\n|-unboost|p1b: Clefairy|atk|1\n|turn|1\n|\n|t:|1699699862\n|switch|p2b: Ogerpon|Ogerpon, L50, F|100\/100\n|move|p1a: Gholdengo|Make It Rain|p2a: Fezandipiti|[spread] p2a,p2b\n|-supereffective|p2a: Fezandipiti\n|-damage|p2a: Fezandipiti|4\/100\n|-damage|p2b: Ogerpon|20\/100\n|-unboost|p1a: Gholdengo|spa|1\n|-damage|p1a: Gholdengo|91\/100|[from] item: Life Orb\n|move|p2a: Fezandipiti|Dazzling Gleam|p1b: Clefairy|[spread] p1a,p1b\n|-resisted|p1a: Gholdengo\n|-damage|p1a: Gholdengo|83\/100\n|-damage|p1b: Clefairy|90\/100\n|-status|p1b: Clefairy|tox|[from] ability: Toxic Chain|[of] p2a: Fezandipiti\n|move|p1b: Clefairy|Stealth Rock|p2b: Ogerpon\n|-sidestart|p2: NachoTheCheese|move: Stealth Rock\n|\n|-damage|p1b: Clefairy|83\/100 tox|[from] psn\n|upkeep\n|turn|2\n|\n|t:|1699699910\n|move|p2b: Ogerpon|Follow Me|p2b: Ogerpon\n|-singleturn|p2b: Ogerpon|move: Follow Me\n|move|p1a: Gholdengo|Make It Rain|p2b: Ogerpon|[spread] p2a,p2b\n|-supereffective|p2a: Fezandipiti\n|-crit|p2a: Fezandipiti\n|-damage|p2a: Fezandipiti|0 fnt\n|-damage|p2b: Ogerpon|0 fnt\n|-unboost|p1a: Gholdengo|spa|1\n|faint|p2a: Fezandipiti\n|faint|p2b: Ogerpon\n|-damage|p1a: Gholdengo|73\/100|[from] item: Life Orb\n|move|p1b: Clefairy|Thunder Wave|p2: Fezandipiti|[notarget]\n|-fail|p1b: Clefairy\n|\n|-damage|p1b: Clefairy|71\/100 tox|[from] psn\n|upkeep\n|\n|t:|1699699927\n|switch|p2b: Urshifu|Urshifu-Rapid-Strike, L50, M|100\/100\n|switch|p2a: Arcanine|Arcanine-Hisui, L50, M|100\/100\n|-damage|p2b: Urshifu|95\/100|[from] Stealth Rock\n|-damage|p2a: Arcanine|76\/100|[from] Stealth Rock\n|-ability|p2a: Arcanine|Intimidate|boost\n|-unboost|p1a: Gholdengo|atk|1\n|-unboost|p1b: Clefairy|atk|1\n|turn|3\n|\n|t:|1699699957\n|switch|p1a: Urshifu|Urshifu-Rapid-Strike, L50, M|100\/100\n|-terastallize|p2a: Arcanine|Normal\n|move|p2b: Urshifu|Protect|p2b: Urshifu\n|-singleturn|p2b: Urshifu|Protect\n|move|p2a: Arcanine|Extreme Speed|p1a: Urshifu\n|-damage|p1a: Urshifu|55\/100\n|move|p1b: Clefairy|Thunder Wave|p2b: Urshifu\n|-activate|p2b: Urshifu|move: Protect\n|\n|-damage|p1b: Clefairy|52\/100 tox|[from] psn\n|upkeep\n|turn|4\n|\n|t:|1699699982\n|switch|p1b: Chien-Pao|Chien-Pao, L50|100\/100\n|-ability|p1b: Chien-Pao|Sword of Ruin\n|-terastallize|p1a: Urshifu|Water\n|move|p2a: Arcanine|Extreme Speed|p1a: Urshifu\n|-damage|p1a: Urshifu|0 fnt\n|faint|p1a: Urshifu\n|move|p2b: Urshifu|Aqua Jet|p1b: Chien-Pao\n|-damage|p1b: Chien-Pao|63\/100\n|\n|upkeep\n|\n|t:|1699699995\n|switch|p1a: Gholdengo|Gholdengo, L50|73\/100\n|turn|5\n|\n|t:|1699700009\n|move|p1b: Chien-Pao|Protect|p1b: Chien-Pao\n|-singleturn|p1b: Chien-Pao|Protect\n|move|p2a: Arcanine|Extreme Speed|p1b: Chien-Pao\n|-activate|p1b: Chien-Pao|move: Protect\n|move|p2b: Urshifu|Surging Strikes|p1a: Gholdengo\n|-crit|p1a: Gholdengo\n|-damage|p1a: Gholdengo|34\/100\n|-crit|p1a: Gholdengo\n|-damage|p1a: Gholdengo|0 fnt\n|faint|p1a: Gholdengo\n|-hitcount|p1: Gholdengo|2\n|\n|upkeep\n|\n|t:|1699700023\n|switch|p1a: Clefairy|Clefairy, L50, M|52\/100 tox\n|turn|6\n|\n|t:|1699700036\n|move|p2a: Arcanine|Extreme Speed|p1b: Chien-Pao\n|-damage|p1b: Chien-Pao|8\/100\n|move|p1b: Chien-Pao|Throat Chop|p2a: Arcanine\n|-damage|p2a: Arcanine|9\/100\n|-start|p2a: Arcanine|Throat Chop|[silent]\n|move|p2b: Urshifu|Surging Strikes|p1b: Chien-Pao\n|-crit|p1b: Chien-Pao\n|-damage|p1b: Chien-Pao|0 fnt\n|faint|p1b: Chien-Pao\n|-hitcount|p1: Chien-Pao|1\n|move|p1a: Clefairy|Thunder Wave|p2b: Urshifu\n|-status|p2b: Urshifu|par\n|\n|-damage|p1a: Clefairy|46\/100 tox|[from] psn\n|upkeep\n|turn|7\n|\n|t:|1699700055\n|move|p2a: Arcanine|Extreme Speed|p1a: Clefairy\n|-damage|p1a: Clefairy|0 fnt\n|faint|p1a: Clefairy\n|\n|win|NachoTheCheese\n","uploadtime":1699700077,"views":31,"p1id":"yordleking","p2id":"nachothecheese","formatid":"gen9vgc2023regulatione","rating":0,"private":0,"password":""}