{"id":"gen9vgc2023regulatione-1989427612","p1":"BrokenFairyKing","p2":"mofonguero","format":"[Gen 9] VGC 2023 Regulation E","log":"|j|\u2606BrokenFairyKing\n|j|\u2606mofonguero\n|n|\u2606BrokenFairyKing|brokenfairyking\n|n|\u2606mofonguero|mofonguero\n|html|View the match progress at <a href=\"\/game-bestof3-gen9vgc2023regulatione-1989423427\">game-bestof3-gen9vgc2023regulatione-1989423427<\/a>\n|t:|1699848959\n|gametype|doubles\n|player|p1|BrokenFairyKing|harlequin|\n|player|p2|mofonguero|waiter|\n|teamsize|p1|6\n|teamsize|p2|6\n|gen|9\n|tier|[Gen 9] VGC 2023 Regulation E\n|rule|Species Clause: Limit one of each Pok\u00e9mon\n|rule|Item Clause: Limit one of each item\n|clearpoke\n|poke|p1|Ursaluna-Bloodmoon, L50, M|\n|poke|p1|Oranguru, L50, F|\n|poke|p1|Dusclops, L50, M|\n|poke|p1|Ogerpon-Wellspring, L50, F|\n|poke|p1|Trevenant, L50, F|\n|poke|p1|Iron Hands, L50|\n|poke|p2|Ninetales-Alola, L50, M|\n|poke|p2|Baxcalibur, L50, F|\n|poke|p2|Rillaboom, L50, F|\n|poke|p2|Ogerpon-Wellspring, L50, F|\n|poke|p2|Heatran, L50, M|\n|poke|p2|Flutter Mane, L50|\n|teampreview|4\n|inactive|Battle timer is ON: inactive players will automatically lose when time's up. (requested by BrokenFairyKing)\n|inactive|mofonguero also wants the timer to be on.\nmofonguero has agreed to open team sheets.\n|inactive|mofonguero has 60 seconds left.\nBrokenFairyKing has agreed to open team sheets.\n|showteam|p1|Ursaluna-Bloodmoon||SilkScarf|MindsEye|BloodMoon,HyperVoice,EarthPower,Protect|||M|||50|,,,,,Normal]Oranguru||MentalHerb|InnerFocus|TrickRoom,Instruct,Psychic,Taunt|||F|||50|,,,,,Fairy]Dusclops||Eviolite|Pressure|PainSplit,NightShade,TrickRoom,WillOWisp|||M|||50|,,,,,Ghost]Ogerpon-Wellspring||WellspringMask|WaterAbsorb|HornLeech,IvyCudgel,SpikyShield,FollowMe|||F|||50|,,,,,Water]Trevenant||SitrusBerry|Harvest|HornLeech,ShadowClaw,TrickRoom,WillOWisp|||F|||50|,,,,,Fire]Iron Hands||AssaultVest|QuarkDrive|FakeOut,DrainPunch,WildCharge,HeavySlam||||||50|,,,,,Fire\n|showteam|p2|Ninetales-Alola||LightClay|SnowWarning|Protect,IcyWind,AuroraVeil,Moonblast|||M|||50|,,,,,Water]Baxcalibur||LoadedDice|IceBody|IcicleSpear,ScaleShot,SwordsDance,Protect|||F|||50|,,,,,Poison]Rillaboom||AssaultVest|GrassySurge|WoodHammer,FakeOut,GrassyGlide,Uturn|||F|||50|,,,,,Fire]Ogerpon-Wellspring||WellspringMask|WaterAbsorb|IvyCudgel,HornLeech,FollowMe,SpikyShield|||F|||50|,,,,,Water]Heatran||Leftovers|FlashFire|Protect,HeatWave,Substitute,EarthPower|||M|||50|,,,,,Fairy]Flutter Mane||BoosterEnergy|Protosynthesis|IcyWind,Moonblast,ShadowBall,Protect||||||50|,,,,,Fairy\n|\n|t:|1699848996\n|start\n|switch|p1a: Ursaluna|Ursaluna-Bloodmoon, L50, M|100\/100\n|switch|p1b: Dusclops|Dusclops, L50, M|100\/100\n|switch|p2a: Ninetales|Ninetales-Alola, L50, M|100\/100\n|switch|p2b: Rillaboom|Rillaboom, L50, F|100\/100\n|-weather|Snow|[from] ability: Snow Warning|[of] p2a: Ninetales\n|-fieldstart|move: Grassy Terrain|[from] ability: Grassy Surge|[of] p2b: Rillaboom\n|-ability|p1b: Dusclops|Pressure\n|turn|1\n|\n|t:|1699849013\n|move|p1a: Ursaluna|Protect|p1a: Ursaluna\n|-singleturn|p1a: Ursaluna|Protect\n|move|p2a: Ninetales|Aurora Veil|p2a: Ninetales\n|-sidestart|p2: mofonguero|move: Aurora Veil\n|move|p2b: Rillaboom|Wood Hammer|p1a: Ursaluna\n|-activate|p1a: Ursaluna|move: Protect\n|move|p1b: Dusclops|Will-O-Wisp|p2b: Rillaboom\n|-status|p2b: Rillaboom|brn\n|\n|-weather|Snow|[upkeep]\n|-damage|p2b: Rillaboom|95\/100 brn|[from] brn\n|upkeep\n|turn|2\n|\n|t:|1699849029\n|switch|p1a: Oranguru|Oranguru, L50, F|100\/100\n|move|p2a: Ninetales|Moonblast|p1a: Oranguru\n|-damage|p1a: Oranguru|77\/100\n|move|p2b: Rillaboom|Wood Hammer|p1a: Oranguru\n|-damage|p1a: Oranguru|44\/100\n|-damage|p2b: Rillaboom|84\/100 brn|[from] Recoil\n|move|p1b: Dusclops|Trick Room|p1b: Dusclops\n|-fieldstart|move: Trick Room|[of] p1b: Dusclops\n|\n|-weather|Snow|[upkeep]\n|-heal|p1a: Oranguru|50\/100|[from] Grassy Terrain\n|-heal|p2b: Rillaboom|90\/100 brn|[from] Grassy Terrain\n|-damage|p2b: Rillaboom|84\/100 brn|[from] brn\n|upkeep\n|turn|3\n|\n|t:|1699849054\n|move|p1b: Dusclops|Will-O-Wisp|p2a: Ninetales\n|-status|p2a: Ninetales|brn\n|move|p1a: Oranguru|Taunt|p2a: Ninetales\n|-start|p2a: Ninetales|move: Taunt\n|move|p2b: Rillaboom|U-turn|p1a: Oranguru\n|-supereffective|p1a: Oranguru\n|-damage|p1a: Oranguru|31\/100\n|\n|t:|1699849057\n|switch|p2b: Heatran|Heatran, L50, M|100\/100|[from] U-turn\n|move|p2a: Ninetales|Moonblast|p1a: Oranguru\n|-damage|p1a: Oranguru|6\/100\n|-unboost|p1a: Oranguru|spa|1\n|\n|-weather|Snow|[upkeep]\n|-heal|p1a: Oranguru|12\/100|[from] Grassy Terrain\n|-damage|p2a: Ninetales|94\/100 brn|[from] brn\n|upkeep\n|turn|4\n|\n|t:|1699849081\n|switch|p2a: Rillaboom|Rillaboom, L50, F|84\/100 brn\n|move|p1b: Dusclops|Night Shade|p2b: Heatran\n|-damage|p2b: Heatran|72\/100\n|move|p1a: Oranguru|Taunt|p2b: Heatran\n|-start|p2b: Heatran|move: Taunt\n|cant|p2b: Heatran|move: Taunt|Substitute\n|\n|-weather|Snow|[upkeep]\n|-heal|p1a: Oranguru|19\/100|[from] Grassy Terrain\n|-heal|p2a: Rillaboom|90\/100 brn|[from] Grassy Terrain\n|-heal|p2b: Heatran|78\/100|[from] Grassy Terrain\n|-heal|p2b: Heatran|85\/100|[from] item: Leftovers\n|-damage|p2a: Rillaboom|84\/100 brn|[from] brn\n|upkeep\n|turn|5\n|\n|t:|1699849099\n|move|p2a: Rillaboom|Grassy Glide|p1a: Oranguru\n|-damage|p1a: Oranguru|5\/100\n|move|p1b: Dusclops|Night Shade|p2b: Heatran\n|-damage|p2b: Heatran|56\/100\n|move|p1a: Oranguru|Instruct|p1b: Dusclops\n|-singleturn|p1b: Dusclops|move: Instruct|[of] p1a: Oranguru\n|move|p1b: Dusclops|Night Shade|p2b: Heatran\n|-damage|p2b: Heatran|28\/100\n|move|p2b: Heatran|Heat Wave|p1a: Oranguru|[spread] p1a,p1b\n|-damage|p1a: Oranguru|0 fnt\n|-damage|p1b: Dusclops|75\/100\n|faint|p1a: Oranguru\n|\n|-weather|none\n|-heal|p1b: Dusclops|81\/100|[from] Grassy Terrain\n|-heal|p2a: Rillaboom|90\/100 brn|[from] Grassy Terrain\n|-heal|p2b: Heatran|34\/100|[from] Grassy Terrain\n|-heal|p2b: Heatran|40\/100|[from] item: Leftovers\n|-damage|p2a: Rillaboom|84\/100 brn|[from] brn\n|-fieldend|move: Grassy Terrain\n|upkeep\n|\n|t:|1699849120\n|switch|p1a: Ursaluna|Ursaluna-Bloodmoon, L50, M|100\/100\n|turn|6\n|\n|t:|1699849135\n|switch|p2b: Ogerpon|Ogerpon-Wellspring, L50, F|100\/100\n|-terastallize|p1a: Ursaluna|Normal\n|move|p1b: Dusclops|Night Shade|p2a: Rillaboom\n|-damage|p2a: Rillaboom|59\/100 brn\n|move|p1a: Ursaluna|Hyper Voice|p2b: Ogerpon|[spread] p2a,p2b\n|-damage|p2a: Rillaboom|30\/100 brn\n|-damage|p2b: Ogerpon|59\/100\n|move|p2a: Rillaboom|Wood Hammer|p1a: Ursaluna\n|-damage|p1a: Ursaluna|80\/100\n|-damage|p2a: Rillaboom|23\/100 brn|[from] Recoil\n|\n|-damage|p2a: Rillaboom|17\/100 brn|[from] brn\n|-fieldend|move: Trick Room\n|upkeep\n|turn|7\n|\n|t:|1699849158\n|switch|p2a: Heatran|Heatran, L50, M|40\/100\n|-terastallize|p2b: Ogerpon|Water\n|detailschange|p2b: Ogerpon|Ogerpon-Wellspring-Tera, L50, F, tera:Water\n|-ability|p2b: Ogerpon|Embody Aspect (Wellspring)|boost\n|-boost|p2b: Ogerpon|spd|1\n|move|p1a: Ursaluna|Protect|p1a: Ursaluna\n|-singleturn|p1a: Ursaluna|Protect\n|move|p2b: Ogerpon|Ivy Cudgel|p1b: Dusclops\n|-damage|p1b: Dusclops|35\/100\n|move|p1b: Dusclops|Trick Room|p1b: Dusclops\n|-fieldstart|move: Trick Room|[of] p1b: Dusclops\n|\n|-heal|p2a: Heatran|47\/100|[from] item: Leftovers\n|upkeep\n|turn|8\n|\n|t:|1699849178\n|switch|p2b: Rillaboom|Rillaboom, L50, F|17\/100 brn\n|-fieldstart|move: Grassy Terrain|[from] ability: Grassy Surge|[of] p2b: Rillaboom\n|move|p2a: Heatran|Protect|p2a: Heatran\n|-singleturn|p2a: Heatran|Protect\n|move|p1b: Dusclops|Will-O-Wisp|p2b: Rillaboom\n|-fail|p2b: Rillaboom|brn\n|move|p1a: Ursaluna|Blood Moon|p2a: Heatran\n|-activate|p2a: Heatran|move: Protect\n|\n|-heal|p1b: Dusclops|41\/100|[from] Grassy Terrain\n|-heal|p1a: Ursaluna|86\/100|[from] Grassy Terrain\n|-heal|p2b: Rillaboom|23\/100 brn|[from] Grassy Terrain\n|-heal|p2a: Heatran|53\/100|[from] Grassy Terrain\n|-heal|p2a: Heatran|59\/100|[from] item: Leftovers\n|-damage|p2b: Rillaboom|17\/100 brn|[from] brn\n|-sideend|p2: mofonguero|move: Aurora Veil\n|upkeep\n|turn|9\n|inactive|BrokenFairyKing has 30 seconds left.\n|inactive|mofonguero has 30 seconds left.\n|\n|t:|1699849213\n|move|p2b: Rillaboom|Fake Out|p1a: Ursaluna\n|-damage|p1a: Ursaluna|80\/100\n|move|p1b: Dusclops|Will-O-Wisp|p2a: Heatran\n|-start|p2a: Heatran|ability: Flash Fire\n|cant|p1a: Ursaluna|flinch\n|move|p2a: Heatran|Substitute|p2a: Heatran\n|-start|p2a: Heatran|Substitute\n|-damage|p2a: Heatran|34\/100\n|\n|-heal|p1b: Dusclops|47\/100|[from] Grassy Terrain\n|-heal|p1a: Ursaluna|86\/100|[from] Grassy Terrain\n|-heal|p2b: Rillaboom|23\/100 brn|[from] Grassy Terrain\n|-heal|p2a: Heatran|40\/100|[from] Grassy Terrain\n|-heal|p2a: Heatran|47\/100|[from] item: Leftovers\n|-damage|p2b: Rillaboom|17\/100 brn|[from] brn\n|upkeep\n|turn|10\n|\n|t:|1699849232\n|switch|p2b: Ninetales|Ninetales-Alola, L50, M|94\/100 brn\n|-weather|Snow|[from] ability: Snow Warning|[of] p2b: Ninetales\n|move|p2a: Heatran|Protect|p2a: Heatran\n|-singleturn|p2a: Heatran|Protect\n|move|p1b: Dusclops|Night Shade|p2b: Ninetales\n|-damage|p2b: Ninetales|67\/100 brn\n|move|p1a: Ursaluna|Hyper Voice|p2b: Ninetales|[spread] p2b\n|-activate|p2a: Heatran|move: Protect\n|-damage|p2b: Ninetales|0 fnt\n|faint|p2b: Ninetales\n|\n|-weather|Snow|[upkeep]\n|-heal|p1b: Dusclops|54\/100|[from] Grassy Terrain\n|-heal|p1a: Ursaluna|92\/100|[from] Grassy Terrain\n|-heal|p2a: Heatran|53\/100|[from] Grassy Terrain\n|-heal|p2a: Heatran|59\/100|[from] item: Leftovers\n|upkeep\n|\n|t:|1699849245\n|switch|p2b: Rillaboom|Rillaboom, L50, F|17\/100 brn\n|turn|11\n|\n|t:|1699849258\n|move|p1a: Ursaluna|Protect|p1a: Ursaluna\n|-singleturn|p1a: Ursaluna|Protect\n|move|p2b: Rillaboom|Fake Out|p1a: Ursaluna\n|-activate|p1a: Ursaluna|move: Protect\n|move|p1b: Dusclops|Night Shade|p2b: Rillaboom\n|-damage|p2b: Rillaboom|0 fnt\n|faint|p2b: Rillaboom\n|move|p2a: Heatran|Heat Wave|p1a: Ursaluna|[spread] p1b\n|-activate|p1a: Ursaluna|move: Protect\n|-damage|p1b: Dusclops|22\/100\n|\n|-weather|Snow|[upkeep]\n|-heal|p1b: Dusclops|28\/100|[from] Grassy Terrain\n|-heal|p1a: Ursaluna|98\/100|[from] Grassy Terrain\n|-heal|p2a: Heatran|65\/100|[from] Grassy Terrain\n|-heal|p2a: Heatran|72\/100|[from] item: Leftovers\n|-fieldend|move: Trick Room\n|upkeep\n|\n|t:|1699849264\n|switch|p2b: Ogerpon|Ogerpon-Wellspring-Tera, L50, F, tera:Water|59\/100\n|-ability|p2b: Ogerpon|Embody Aspect (Wellspring)|boost\n|-boost|p2b: Ogerpon|spd|1\n|turn|12\n|\n|t:|1699849280\n|switch|p1b: Ogerpon|Ogerpon-Wellspring, L50, F|100\/100\n|move|p2b: Ogerpon|Horn Leech|p1a: Ursaluna\n|-damage|p1a: Ursaluna|60\/100\n|-heal|p2b: Ogerpon|83\/100|[from] drain|[of] p1a: Ursaluna\n|move|p2a: Heatran|Heat Wave|p1a: Ursaluna|[spread] p1a,p1b\n|-damage|p1a: Ursaluna|0 fnt\n|-damage|p1b: Ogerpon|50\/100\n|faint|p1a: Ursaluna\n|\n|-weather|Snow|[upkeep]\n|-heal|p2b: Ogerpon|89\/100|[from] Grassy Terrain\n|-heal|p1b: Ogerpon|56\/100|[from] Grassy Terrain\n|-heal|p2a: Heatran|78\/100|[from] Grassy Terrain\n|-heal|p2a: Heatran|84\/100|[from] item: Leftovers\n|-fieldend|move: Grassy Terrain\n|upkeep\n|\n|t:|1699849296\n|switch|p1a: Dusclops|Dusclops, L50, M|28\/100\n|-ability|p1a: Dusclops|Pressure\n|turn|13\n|inactive|BrokenFairyKing has 30 seconds left.\n|\n|t:|1699849326\n|move|p2b: Ogerpon|Horn Leech|p1b: Ogerpon\n|-damage|p1b: Ogerpon|24\/100\n|-heal|p2b: Ogerpon|100\/100|[from] drain|[of] p1b: Ogerpon\n|move|p1b: Ogerpon|Horn Leech|p2b: Ogerpon\n|-supereffective|p2b: Ogerpon\n|-damage|p2b: Ogerpon|21\/100\n|-heal|p1b: Ogerpon|61\/100|[from] drain|[of] p2b: Ogerpon\n|move|p2a: Heatran|Heat Wave|p1a: Dusclops|[spread] p1a\n|-miss|p2a: Heatran|p1b: Ogerpon\n|-crit|p1a: Dusclops\n|-damage|p1a: Dusclops|0 fnt\n|faint|p1a: Dusclops\n|\n|-weather|Snow|[upkeep]\n|-heal|p2a: Heatran|90\/100|[from] item: Leftovers\n|upkeep\n|turn|14\n|\n|t:|1699849345\n|move|p2b: Ogerpon|Horn Leech|p1b: Ogerpon\n|-damage|p1b: Ogerpon|27\/100\n|-heal|p2b: Ogerpon|39\/100|[from] drain|[of] p1b: Ogerpon\n|move|p1b: Ogerpon|Ivy Cudgel|p2a: Heatran\n|-supereffective|p2a: Heatran\n|-end|p2a: Heatran|Substitute\n|move|p2a: Heatran|Heat Wave|p1b: Ogerpon\n|-damage|p1b: Ogerpon|0 fnt\n|faint|p1b: Ogerpon\n|\n|win|mofonguero\n","uploadtime":1699849388,"views":25,"p1id":"brokenfairyking","p2id":"mofonguero","formatid":"gen9vgc2023regulatione","rating":0,"private":0,"password":""}