{"id":"gen9vgc2023regulatione-1992409509","p1":"Pauliet123","p2":"A00571084","format":"[Gen 9] VGC 2023 Regulation E","log":"|j|\u2606Pauliet123\n|j|\u2606A00571084\n|t:|1700184232\n|gametype|doubles\n|player|p1|Pauliet123|170|1566\n|player|p2|A00571084|170|1620\n|teamsize|p1|6\n|teamsize|p2|6\n|gen|9\n|tier|[Gen 9] VGC 2023 Regulation E\n|rated|\n|rule|Species Clause: Limit one of each Pok\u00e9mon\n|rule|Item Clause: Limit one of each item\n|clearpoke\n|poke|p1|Dondozo, L50, M|\n|poke|p1|Tatsugiri, L50, M|\n|poke|p1|Ninetales-Alola, L50, M|\n|poke|p1|Glimmora, L50, M|\n|poke|p1|Ogerpon-Hearthflame, L50, F|\n|poke|p1|Iron Hands, L50|\n|poke|p2|Ninetales-Alola, L50, M|\n|poke|p2|Moltres-Galar, L50|\n|poke|p2|Sinistcha, L50|\n|poke|p2|Arcanine-Hisui, L50, F|\n|poke|p2|Urshifu-*, L50, F|\n|poke|p2|Munkidori, L50, M|\n|teampreview|4\n|j| The Ramsauce\n|inactive|Battle timer is ON: inactive players will automatically lose when time's up. (requested by Pauliet123)\n|\n|t:|1700184270\n|start\n|switch|p1a: Iron Hands|Iron Hands, L50|100\/100\n|switch|p1b: Glimmora|Glimmora, L50, M|100\/100\n|switch|p2a: Munkidori|Munkidori, L50, M|100\/100\n|switch|p2b: Urshifu|Urshifu-Rapid-Strike, L50, F|100\/100\n|turn|1\n|inactive|A00571084 has 30 seconds left.\n|\n|t:|1700184298\n|-terastallize|p2b: Urshifu|Water\n|move|p2a: Munkidori|Fake Out|p1a: Iron Hands\n|-damage|p1a: Iron Hands|95\/100\n|move|p2b: Urshifu|Surging Strikes|p1b: Glimmora\n|-supereffective|p1b: Glimmora\n|-crit|p1b: Glimmora\n|-damage|p1b: Glimmora|42\/100\n|-activate|p1b: Glimmora|ability: Toxic Debris\n|-sidestart|p2: A00571084|move: Toxic Spikes\n|-supereffective|p1b: Glimmora\n|-crit|p1b: Glimmora\n|-damage|p1b: Glimmora|0 fnt\n|-activate|p1b: Glimmora|ability: Toxic Debris\n|-sidestart|p2: A00571084|move: Toxic Spikes\n|faint|p1b: Glimmora\n|-hitcount|p1: Glimmora|2\n|cant|p1a: Iron Hands|flinch\n|\n|upkeep\n|\n|t:|1700184314\n|switch|p1b: Dondozo|Dondozo, L50, M|100\/100\n|turn|2\n|\n|t:|1700184333\n|-end|p1a: Iron Hands|Quark Drive|[silent]\n|switch|p1a: Tatsugiri|Tatsugiri, L50, M|100\/100\n|-activate|p1a: Tatsugiri|ability: Commander|[of] p1b: Dondozo\n|-boost|p1b: Dondozo|atk|2\n|-boost|p1b: Dondozo|spa|2\n|-boost|p1b: Dondozo|spe|2\n|-boost|p1b: Dondozo|def|2\n|-boost|p1b: Dondozo|spd|2\n|-terastallize|p1b: Dondozo|Dragon\n|move|p1b: Dondozo|Order Up|p2b: Urshifu\n|-damage|p2b: Urshifu|25\/100\n|-boost|p1b: Dondozo|atk|1\n|move|p2a: Munkidori|Parting Shot|p1b: Dondozo\n|-unboost|p1b: Dondozo|atk|1\n|-unboost|p1b: Dondozo|spa|1\n|\n|t:|1700184348\n|switch|p2a: Arcanine|Arcanine-Hisui, L50, F|100\/100|[from] Parting Shot\n|-status|p2a: Arcanine|tox\n|-ability|p2a: Arcanine|Intimidate|boost\n|-unboost|p1a: Tatsugiri|atk|1\n|-unboost|p1b: Dondozo|atk|1\n|move|p2b: Urshifu|U-turn|p1b: Dondozo\n|-crit|p1b: Dondozo\n|-damage|p1b: Dondozo|78\/100\n|\n|t:|1700184357\n|switch|p2b: Munkidori|Munkidori, L50, M|100\/100|[from] U-turn\n|-sideend|p2: A00571084|move: Toxic Spikes|[of] p2b: Munkidori\n|\n|-heal|p1b: Dondozo|85\/100|[from] item: Leftovers\n|-damage|p2a: Arcanine|95\/100 tox|[from] psn\n|upkeep\n|turn|3\n|\n|t:|1700184381\n|switch|p2a: Urshifu|Urshifu-Rapid-Strike, L50, F, tera:Water|25\/100\n|move|p1b: Dondozo|Protect|p1b: Dondozo\n|-singleturn|p1b: Dondozo|Protect\n|move|p2b: Munkidori|Fake Out|p1b: Dondozo\n|-activate|p1b: Dondozo|move: Protect\n|\n|-heal|p1b: Dondozo|91\/100|[from] item: Leftovers\n|upkeep\n|turn|4\n|inactive|A00571084 has 30 seconds left.\n|inactive|A00571084 has 20 seconds left.\n|\n|t:|1700184418\n|move|p2a: Urshifu|Detect|p2a: Urshifu\n|-singleturn|p2a: Urshifu|Protect\n|move|p1b: Dondozo|Earthquake|p2b: Munkidori|[spread] p2b\n|-miss|p1b: Dondozo|p1a: Tatsugiri\n|-activate|p2a: Urshifu|move: Protect\n|-supereffective|p2b: Munkidori\n|-damage|p2b: Munkidori|2\/100\n|move|p2b: Munkidori|Parting Shot|p1b: Dondozo\n|-unboost|p1b: Dondozo|atk|1\n|-unboost|p1b: Dondozo|spa|1\n|\n|t:|1700184420\n|switch|p2b: Arcanine|Arcanine-Hisui, L50, F|95\/100 tox|[from] Parting Shot\n|-ability|p2b: Arcanine|Intimidate|boost\n|-unboost|p1a: Tatsugiri|atk|1\n|-unboost|p1b: Dondozo|atk|1\n|\n|-heal|p1b: Dondozo|97\/100|[from] item: Leftovers\n|-damage|p2b: Arcanine|89\/100 tox|[from] psn\n|upkeep\n|turn|5\n|\n|t:|1700184437\n|switch|p2a: Sinistcha|Sinistcha, L50|100\/100\n|-heal|p2b: Arcanine|100\/100 tox|[from] ability: Hospitality|[of] p2a: Sinistcha\n|switch|p2b: Munkidori|Munkidori, L50, M|2\/100\n|move|p1b: Dondozo|Order Up|p2a: Sinistcha\n|-damage|p2a: Sinistcha|78\/100\n|-boost|p1b: Dondozo|atk|1\n|\n|-heal|p1b: Dondozo|100\/100|[from] item: Leftovers\n|upkeep\n|turn|6\n|\n|t:|1700184456\n|switch|p2a: Arcanine|Arcanine-Hisui, L50, F|100\/100 tox\n|-ability|p2a: Arcanine|Intimidate|boost\n|-unboost|p1a: Tatsugiri|atk|1\n|-unboost|p1b: Dondozo|atk|1\n|move|p1b: Dondozo|Protect|p1b: Dondozo\n|-singleturn|p1b: Dondozo|Protect\n|move|p2b: Munkidori|Fake Out|p1b: Dondozo\n|-activate|p1b: Dondozo|move: Protect\n|\n|-damage|p2a: Arcanine|95\/100 tox|[from] psn\n|upkeep\n|turn|7\n|\n|t:|1700184476\n|switch|p2a: Sinistcha|Sinistcha, L50|78\/100\n|-heal|p2b: Munkidori|27\/100|[from] ability: Hospitality|[of] p2a: Sinistcha\n|move|p1b: Dondozo|Earthquake|p2a: Sinistcha|[spread] p2a,p2b\n|-miss|p1b: Dondozo|p1a: Tatsugiri\n|-resisted|p2a: Sinistcha\n|-supereffective|p2b: Munkidori\n|-damage|p2a: Sinistcha|71\/100\n|-damage|p2b: Munkidori|0 fnt\n|faint|p2b: Munkidori\n|\n|upkeep\n|\n|t:|1700184488\n|switch|p2b: Urshifu|Urshifu-Rapid-Strike, L50, F, tera:Water|25\/100\n|turn|8\n|\n|t:|1700184493\n|switch|p2a: Arcanine|Arcanine-Hisui, L50, F|95\/100 tox\n|-ability|p2a: Arcanine|Intimidate|boost\n|-unboost|p1a: Tatsugiri|atk|1\n|-unboost|p1b: Dondozo|atk|1\n|move|p2b: Urshifu|Detect|p2b: Urshifu\n|-singleturn|p2b: Urshifu|Protect\n|move|p1b: Dondozo|Order Up|p2b: Urshifu\n|-activate|p2b: Urshifu|move: Protect\n|\n|-damage|p2a: Arcanine|89\/100 tox|[from] psn\n|upkeep\n|turn|9\n|\n|t:|1700184501\n|switch|p2a: Sinistcha|Sinistcha, L50|71\/100\n|-heal|p2b: Urshifu|50\/100|[from] ability: Hospitality|[of] p2a: Sinistcha\n|move|p1b: Dondozo|Order Up|p2b: Urshifu\n|-damage|p2b: Urshifu|31\/100\n|-boost|p1b: Dondozo|atk|1\n|move|p2b: Urshifu|Surging Strikes|p1b: Dondozo\n|-resisted|p1b: Dondozo\n|-crit|p1b: Dondozo\n|-damage|p1b: Dondozo|90\/100\n|-resisted|p1b: Dondozo\n|-crit|p1b: Dondozo\n|-damage|p1b: Dondozo|80\/100\n|-resisted|p1b: Dondozo\n|-crit|p1b: Dondozo\n|-damage|p1b: Dondozo|70\/100\n|-hitcount|p1b: Dondozo|3\n|\n|-heal|p1b: Dondozo|76\/100|[from] item: Leftovers\n|upkeep\n|turn|10\n|\n|t:|1700184520\n|move|p1b: Dondozo|Order Up|p2b: Urshifu\n|-damage|p2b: Urshifu|9\/100\n|-boost|p1b: Dondozo|atk|1\n|move|p2b: Urshifu|Surging Strikes|p1b: Dondozo\n|-resisted|p1b: Dondozo\n|-crit|p1b: Dondozo\n|-damage|p1b: Dondozo|66\/100\n|-resisted|p1b: Dondozo\n|-crit|p1b: Dondozo\n|-damage|p1b: Dondozo|56\/100\n|-resisted|p1b: Dondozo\n|-crit|p1b: Dondozo\n|-damage|p1b: Dondozo|45\/100\n|-hitcount|p1b: Dondozo|3\n|move|p2a: Sinistcha|Life Dew|p2a: Sinistcha|[spread] p2a,p2b\n|-heal|p2a: Sinistcha|97\/100\n|-heal|p2b: Urshifu|34\/100\n|\n|-heal|p1b: Dondozo|51\/100|[from] item: Leftovers\n|upkeep\n|turn|11\n|inactive|A00571084 has 30 seconds left.\n|inactive|A00571084 has 20 seconds left.\n|inactive|A00571084 has 15 seconds left.\n|inactive|A00571084 has 10 seconds left.\n|\n|t:|1700184566\n|switch|p2a: Arcanine|Arcanine-Hisui, L50, F|89\/100 tox\n|-ability|p2a: Arcanine|Intimidate|boost\n|-unboost|p1a: Tatsugiri|atk|1\n|-unboost|p1b: Dondozo|atk|1\n|move|p1b: Dondozo|Order Up|p2b: Urshifu\n|-damage|p2b: Urshifu|10\/100\n|-boost|p1b: Dondozo|atk|1\n|move|p2b: Urshifu|Surging Strikes|p1b: Dondozo\n|-resisted|p1b: Dondozo\n|-crit|p1b: Dondozo\n|-damage|p1b: Dondozo|41\/100\n|-resisted|p1b: Dondozo\n|-crit|p1b: Dondozo\n|-damage|p1b: Dondozo|30\/100\n|-resisted|p1b: Dondozo\n|-crit|p1b: Dondozo\n|-damage|p1b: Dondozo|20\/100\n|-hitcount|p1b: Dondozo|3\n|\n|-heal|p1b: Dondozo|26\/100|[from] item: Leftovers\n|-damage|p2a: Arcanine|83\/100 tox|[from] psn\n|upkeep\n|turn|12\n|\n|t:|1700184581\n|switch|p2a: Sinistcha|Sinistcha, L50|97\/100\n|-heal|p2b: Urshifu|35\/100|[from] ability: Hospitality|[of] p2a: Sinistcha\n|move|p2b: Urshifu|Detect|p2b: Urshifu\n|-singleturn|p2b: Urshifu|Protect\n|move|p1b: Dondozo|Earthquake|p2b: Urshifu|[spread] p2a\n|-miss|p1b: Dondozo|p1a: Tatsugiri\n|-activate|p2b: Urshifu|move: Protect\n|-resisted|p2a: Sinistcha\n|-damage|p2a: Sinistcha|86\/100\n|\n|-heal|p1b: Dondozo|32\/100|[from] item: Leftovers\n|upkeep\n|turn|13\n|l| The Ramsauce\n|\n|t:|1700184594\n|switch|p2a: Arcanine|Arcanine-Hisui, L50, F|83\/100 tox\n|-ability|p2a: Arcanine|Intimidate|boost\n|-unboost|p1a: Tatsugiri|atk|1\n|-unboost|p1b: Dondozo|atk|1\n|move|p1b: Dondozo|Order Up|p2b: Urshifu\n|-damage|p2b: Urshifu|12\/100\n|-boost|p1b: Dondozo|atk|1\n|move|p2b: Urshifu|Surging Strikes|p1b: Dondozo\n|-resisted|p1b: Dondozo\n|-crit|p1b: Dondozo\n|-damage|p1b: Dondozo|23\/100\n|-resisted|p1b: Dondozo\n|-crit|p1b: Dondozo\n|-damage|p1b: Dondozo|12\/100\n|-resisted|p1b: Dondozo\n|-crit|p1b: Dondozo\n|-damage|p1b: Dondozo|2\/100\n|-hitcount|p1b: Dondozo|3\n|\n|-heal|p1b: Dondozo|8\/100|[from] item: Leftovers\n|-damage|p2a: Arcanine|77\/100 tox|[from] psn\n|upkeep\n|turn|14\n|\n|t:|1700184607\n|switch|p2a: Sinistcha|Sinistcha, L50|86\/100\n|-heal|p2b: Urshifu|37\/100|[from] ability: Hospitality|[of] p2a: Sinistcha\n|move|p2b: Urshifu|Detect|p2b: Urshifu\n|-singleturn|p2b: Urshifu|Protect\n|move|p1b: Dondozo|Order Up|p2b: Urshifu\n|-activate|p2b: Urshifu|move: Protect\n|\n|-heal|p1b: Dondozo|15\/100|[from] item: Leftovers\n|upkeep\n|turn|15\n|\n|t:|1700184626\n|move|p2a: Sinistcha|Rage Powder|p2a: Sinistcha\n|-singleturn|p2a: Sinistcha|move: Rage Powder\n|move|p1b: Dondozo|Order Up|p2a: Sinistcha\n|-damage|p2a: Sinistcha|52\/100\n|-boost|p1b: Dondozo|atk|1\n|move|p2b: Urshifu|Surging Strikes|p1b: Dondozo\n|-resisted|p1b: Dondozo\n|-crit|p1b: Dondozo\n|-damage|p1b: Dondozo|4\/100\n|-resisted|p1b: Dondozo\n|-crit|p1b: Dondozo\n|-damage|p1b: Dondozo|0 fnt\n|faint|p1b: Dondozo\n|-hitcount|p1: Dondozo|2\n|\n|upkeep\n|\n|t:|1700184629\n|switch|p1b: Iron Hands|Iron Hands, L50|95\/100\n|turn|16\n|\n|t:|1700184647\n|switch|p2a: Arcanine|Arcanine-Hisui, L50, F|77\/100 tox\n|-ability|p2a: Arcanine|Intimidate|boost\n|-unboost|p1a: Tatsugiri|atk|0\n|-unboost|p1b: Iron Hands|atk|1\n|move|p2b: Urshifu|Detect|p2b: Urshifu\n|-singleturn|p2b: Urshifu|Protect\n|move|p1a: Tatsugiri|Draco Meteor|p2a: Arcanine\n|-damage|p2a: Arcanine|40\/100 tox\n|-unboost|p1a: Tatsugiri|spa|2\n|move|p1b: Iron Hands|Wild Charge|p2b: Urshifu\n|-activate|p2b: Urshifu|move: Protect\n|\n|-damage|p2a: Arcanine|34\/100 tox|[from] psn\n|upkeep\n|turn|17\n|inactive|A00571084 has 30 seconds left.\n|\n|t:|1700184679\n|switch|p2a: Sinistcha|Sinistcha, L50|52\/100\n|-heal|p2b: Urshifu|62\/100|[from] ability: Hospitality|[of] p2a: Sinistcha\n|move|p1a: Tatsugiri|Draco Meteor|p2a: Sinistcha\n|-damage|p2a: Sinistcha|27\/100\n|-unboost|p1a: Tatsugiri|spa|2\n|move|p2b: Urshifu|U-turn|p1b: Iron Hands\n|-resisted|p1b: Iron Hands\n|-damage|p1b: Iron Hands|89\/100\n|\n|t:|1700184687\n|switch|p2b: Arcanine|Arcanine-Hisui, L50, F|34\/100 tox|[from] U-turn\n|-ability|p2b: Arcanine|Intimidate|boost\n|-unboost|p1a: Tatsugiri|atk|0\n|-unboost|p1b: Iron Hands|atk|1\n|move|p1b: Iron Hands|Wild Charge|p2b: Arcanine\n|-damage|p2b: Arcanine|7\/100 tox\n|-damage|p1b: Iron Hands|83\/100|[from] Recoil\n|\n|-damage|p2b: Arcanine|1\/100 tox|[from] psn\n|upkeep\n|turn|18\n|\n|t:|1700184698\n|move|p1a: Tatsugiri|Draco Meteor|p2a: Sinistcha|[miss]\n|-miss|p1a: Tatsugiri|p2a: Sinistcha\n|move|p2b: Arcanine|Rock Slide|p1a: Tatsugiri|[spread] p1a,p1b\n|-resisted|p1b: Iron Hands\n|-damage|p1a: Tatsugiri|59\/100\n|-damage|p1b: Iron Hands|74\/100\n|move|p2a: Sinistcha|Matcha Gotcha|p1a: Tatsugiri|[spread] p1a,p1b\n|-damage|p1a: Tatsugiri|25\/100\n|-heal|p2a: Sinistcha|41\/100|[from] drain|[of] p1a: Tatsugiri\n|-damage|p1b: Iron Hands|61\/100\n|-heal|p2a: Sinistcha|49\/100|[from] drain|[of] p1b: Iron Hands\n|move|p1b: Iron Hands|Wild Charge|p2a: Sinistcha\n|-resisted|p2a: Sinistcha\n|-damage|p2a: Sinistcha|39\/100\n|-damage|p1b: Iron Hands|45\/100|[from] item: Rocky Helmet|[of] p2a: Sinistcha\n|-damage|p1b: Iron Hands|43\/100|[from] Recoil\n|\n|-damage|p2b: Arcanine|0 fnt|[from] psn\n|faint|p2b: Arcanine\n|upkeep\n|\n|t:|1700184714\n|switch|p2b: Urshifu|Urshifu-Rapid-Strike, L50, F, tera:Water|62\/100\n|turn|19\n|\n|t:|1700184723\n|move|p1a: Tatsugiri|Draco Meteor|p2a: Sinistcha\n|-damage|p2a: Sinistcha|21\/100\n|-unboost|p1a: Tatsugiri|spa|2\n|move|p2b: Urshifu|Surging Strikes|p1b: Iron Hands\n|-crit|p1b: Iron Hands\n|-damage|p1b: Iron Hands|24\/100\n|-crit|p1b: Iron Hands\n|-damage|p1b: Iron Hands|6\/100\n|-crit|p1b: Iron Hands\n|-damage|p1b: Iron Hands|0 fnt\n|faint|p1b: Iron Hands\n|-end|p1b: Iron Hands|Quark Drive|[silent]\n|-hitcount|p1: Iron Hands|3\n|move|p2a: Sinistcha|Matcha Gotcha|p1a: Tatsugiri\n|-crit|p1a: Tatsugiri\n|-damage|p1a: Tatsugiri|0 fnt\n|-heal|p2a: Sinistcha|31\/100|[from] drain|[of] p1a: Tatsugiri\n|faint|p1a: Tatsugiri\n|\n|win|A00571084\n|raw|Pauliet123's rating: 1566 &rarr; <strong>1549<\/strong><br \/>(-17 for losing)\n|raw|A00571084's rating: 1620 &rarr; <strong>1637<\/strong><br \/>(+17 for winning)\n|c|\u2606Pauliet123|GG you played amazingly!\n|c|\u2606A00571084|Gg\n|c|\u2606A00571084|Omg\n|c|\u2606A00571084|It was difficult\n|c|\u2606A00571084|Gg\n|c|\u2606A00571084|Great team\n|c|\u2606Pauliet123|Thank you :)\n|c|\u2606Pauliet123|That little sinistcha menace lol\n|c|\u2606A00571084|Yea that little thing really helps keep things alive lol\n","uploadtime":1700184898,"views":24,"p1id":"pauliet123","p2id":"a00571084","formatid":"gen9vgc2023regulatione","rating":1549,"private":0,"password":""}