{"id":"gen9vgc2023regulatione-1989474658","p1":"Josue_29","p2":"SoulKingPR","format":"[Gen 9] VGC 2023 Regulation E","log":"|j|\u2606Josue_29\n|j|\u2606SoulKingPR\n|t:|1699856438\n|gametype|doubles\n|player|p1|Josue_29|red|\n|player|p2|SoulKingPR|266|\n|teamsize|p1|6\n|teamsize|p2|6\n|gen|9\n|tier|[Gen 9] VGC 2023 Regulation E\n|rule|Species Clause: Limit one of each Pok\u00e9mon\n|rule|Item Clause: Limit one of each item\n|clearpoke\n|poke|p1|Tornadus, L50, M|\n|poke|p1|Ogerpon-Wellspring, L50, F|\n|poke|p1|Ludicolo, L50, M|\n|poke|p1|Gholdengo, L50|\n|poke|p1|Iron Hands, L50|\n|poke|p1|Urshifu-*, L50, M|\n|poke|p2|Tyranitar, L50, F|\n|poke|p2|Tornadus, L50, M|\n|poke|p2|Ogerpon-Cornerstone, L50, F|\n|poke|p2|Rillaboom, L50, M|\n|poke|p2|Gholdengo, L50|\n|poke|p2|Great Tusk, L50|\n|teampreview|4\n|\n|t:|1699856502\n|start\n|switch|p1a: Gholdengo|Gholdengo, L50|100\/100\n|switch|p1b: Tornadus|Tornadus, L50, M, shiny|100\/100\n|switch|p2a: Tyranitar|Tyranitar, L50, F, shiny|100\/100\n|switch|p2b: Gholdengo|Gholdengo, L50|100\/100\n|-weather|Sandstorm|[from] ability: Sand Stream|[of] p2a: Tyranitar\n|turn|1\n|\n|t:|1699856532\n|move|p1b: Tornadus|Tailwind|p1b: Tornadus\n|-sidestart|p1: Josue_29|move: Tailwind\n|move|p1a: Gholdengo|Make It Rain|p2b: Gholdengo|[spread] p2a,p2b\n|-supereffective|p2a: Tyranitar\n|-resisted|p2b: Gholdengo\n|-damage|p2a: Tyranitar|43\/100\n|-damage|p2b: Gholdengo|76\/100\n|-unboost|p1a: Gholdengo|spa|1\n|-enditem|p2a: Tyranitar|Weakness Policy\n|-boost|p2a: Tyranitar|atk|2|[from] item: Weakness Policy\n|-boost|p2a: Tyranitar|spa|2|[from] item: Weakness Policy\n|move|p2b: Gholdengo|Make It Rain|p1b: Tornadus|[spread] p1a,p1b\n|-resisted|p1a: Gholdengo\n|-damage|p1a: Gholdengo|74\/100\n|-damage|p1b: Tornadus|42\/100\n|-unboost|p2b: Gholdengo|spa|1\n|move|p2a: Tyranitar|Rock Slide|p1a: Gholdengo|[spread] p1a,p1b\n|-resisted|p1a: Gholdengo\n|-supereffective|p1b: Tornadus\n|-damage|p1a: Gholdengo|41\/100\n|-damage|p1b: Tornadus|0 fnt\n|faint|p1b: Tornadus\n|\n|-weather|Sandstorm|[upkeep]\n|-heal|p1a: Gholdengo|47\/100|[from] item: Leftovers\n|-heal|p2b: Gholdengo|82\/100|[from] item: Leftovers\n|upkeep\n|\n|t:|1699856559\n|switch|p1b: Ludicolo|Ludicolo, L50, M, shiny|100\/100\n|turn|2\n|\n|t:|1699856589\n|move|p1a: Gholdengo|Make It Rain|p2a: Tyranitar|[spread] p2a,p2b\n|-supereffective|p2a: Tyranitar\n|-resisted|p2b: Gholdengo\n|-damage|p2a: Tyranitar|3\/100\n|-damage|p2b: Gholdengo|65\/100\n|-unboost|p1a: Gholdengo|spa|1\n|move|p1b: Ludicolo|Knock Off|p2b: Gholdengo\n|-supereffective|p2b: Gholdengo\n|-damage|p2b: Gholdengo|31\/100\n|-enditem|p2b: Gholdengo|Leftovers|[from] move: Knock Off|[of] p1b: Ludicolo\n|move|p2b: Gholdengo|Make It Rain|p1b: Ludicolo|[spread] p1a,p1b\n|-resisted|p1a: Gholdengo\n|-resisted|p1b: Ludicolo\n|-damage|p1a: Gholdengo|29\/100\n|-damage|p1b: Ludicolo|85\/100\n|-unboost|p2b: Gholdengo|spa|1\n|move|p2a: Tyranitar|Knock Off|p1a: Gholdengo\n|-supereffective|p1a: Gholdengo\n|-damage|p1a: Gholdengo|0 fnt\n|-enditem|p1a: Gholdengo|Leftovers|[from] move: Knock Off|[of] p2a: Tyranitar\n|faint|p1a: Gholdengo\n|\n|-weather|Sandstorm|[upkeep]\n|-damage|p1b: Ludicolo|79\/100|[from] Sandstorm\n|upkeep\n|\n|t:|1699856614\n|switch|p1a: Ogerpon|Ogerpon-Wellspring, L50, F|100\/100\n|turn|3\n|\n|t:|1699856632\n|-terastallize|p1a: Ogerpon|Water\n|detailschange|p1a: Ogerpon|Ogerpon-Wellspring-Tera, L50, F, tera:Water\n|-ability|p1a: Ogerpon|Embody Aspect (Wellspring)|boost\n|-boost|p1a: Ogerpon|spd|1\n|move|p2a: Tyranitar|Protect|p2a: Tyranitar\n|-singleturn|p2a: Tyranitar|Protect\n|move|p1a: Ogerpon|Ivy Cudgel|p2b: Gholdengo\n|-damage|p2b: Gholdengo|0 fnt\n|faint|p2b: Gholdengo\n|move|p1b: Ludicolo|Knock Off|p2a: Tyranitar\n|-activate|p2a: Tyranitar|move: Protect\n|\n|-weather|Sandstorm|[upkeep]\n|-damage|p1a: Ogerpon|94\/100|[from] Sandstorm\n|-damage|p1b: Ludicolo|73\/100|[from] Sandstorm\n|upkeep\n|\n|t:|1699856653\n|switch|p2b: Great Tusk|Great Tusk, L50, shiny|100\/100\n|turn|4\n|\n|t:|1699856668\n|move|p1a: Ogerpon|Ivy Cudgel|p2a: Tyranitar\n|-supereffective|p2a: Tyranitar\n|-damage|p2a: Tyranitar|0 fnt\n|faint|p2a: Tyranitar\n|move|p1b: Ludicolo|Surf|p2b: Great Tusk|[spread] p1a,p2b\n|-resisted|p1a: Ogerpon\n|-supereffective|p2b: Great Tusk\n|-damage|p1a: Ogerpon|84\/100\n|-damage|p2b: Great Tusk|60\/100\n|move|p2b: Great Tusk|Play Rough|p1b: Ludicolo\n|-damage|p1b: Ludicolo|38\/100\n|\n|-weather|Sandstorm|[upkeep]\n|-damage|p1a: Ogerpon|78\/100|[from] Sandstorm\n|-damage|p1b: Ludicolo|32\/100|[from] Sandstorm\n|-sideend|p1: Josue_29|move: Tailwind\n|upkeep\n|\n|t:|1699856682\n|switch|p2a: Tornadus|Tornadus, L50, M, shiny|100\/100\n|turn|5\n|\n|t:|1699856712\n|move|p2a: Tornadus|Sandstorm||[still]\n|-fail|p2a: Tornadus\n|move|p1a: Ogerpon|Ivy Cudgel|p2b: Great Tusk\n|-supereffective|p2b: Great Tusk\n|-damage|p2b: Great Tusk|0 fnt\n|faint|p2b: Great Tusk\n|-end|p2b: Great Tusk|Protosynthesis|[silent]\n|move|p1b: Ludicolo|Hyper Voice|p2a: Tornadus\n|-damage|p2a: Tornadus|72\/100\n|-enditem|p1b: Ludicolo|Throat Spray\n|-boost|p1b: Ludicolo|spa|1|[from] item: Throat Spray\n|\n|-weather|none\n|upkeep\n|turn|6\n|\n|t:|1699856748\n|-terastallize|p2a: Tornadus|Steel\n|move|p1a: Ogerpon|Ivy Cudgel|p2a: Tornadus\n|-damage|p2a: Tornadus|3\/100\n|move|p2a: Tornadus|Bleakwind Storm|p1a: Ogerpon|[spread] p1a,p1b\n|-supereffective|p1b: Ludicolo\n|-damage|p1a: Ogerpon|54\/100\n|-damage|p1b: Ludicolo|0 fnt\n|faint|p1b: Ludicolo\n|\n|upkeep\n|turn|7\n|\n|t:|1699856762\n|move|p2a: Tornadus|Taunt|p1a: Ogerpon\n|-start|p1a: Ogerpon|move: Taunt\n|move|p1a: Ogerpon|Ivy Cudgel|p2a: Tornadus\n|-damage|p2a: Tornadus|0 fnt\n|faint|p2a: Tornadus\n|\n|win|Josue_29\n|l|\u2606SoulKingPR\n","uploadtime":1699856772,"views":14,"p1id":"josue29","p2id":"soulkingpr","formatid":"gen9vgc2023regulatione","rating":0,"private":0,"password":""}