{"id":"gen9vgc2023regulatione-1992254307","p1":"Kzjrjzkl","p2":"lerry27","format":"[Gen 9] VGC 2023 Regulation E","log":"|j|\u2606Kzjrjzkl\n|j|\u2606lerry27\n|t:|1700168064\n|gametype|doubles\n|player|p1|Kzjrjzkl|lance|1088\n|player|p2|lerry27|cyrus|1195\n|teamsize|p1|6\n|teamsize|p2|6\n|gen|9\n|tier|[Gen 9] VGC 2023 Regulation E\n|rated|\n|rule|Species Clause: Limit one of each Pok\u00e9mon\n|rule|Item Clause: Limit one of each item\n|clearpoke\n|poke|p1|Flutter Mane, L50|\n|poke|p1|Tornadus, L50, M|\n|poke|p1|Rillaboom, L50, M|\n|poke|p1|Garganacl, L50, M|\n|poke|p1|Arcanine-Hisui, L50, M|\n|poke|p1|Chien-Pao, L50|\n|poke|p2|Farigiraf, L50, M|\n|poke|p2|Dragonite, L50, F|\n|poke|p2|Chien-Pao, L50|\n|poke|p2|Urshifu-*, L50, M|\n|poke|p2|Ogerpon-Cornerstone, L50, F|\n|poke|p2|Ursaluna-Bloodmoon, L50, M|\n|teampreview|4\n|\n|t:|1700168088\n|start\n|switch|p1a: Arcanine|Arcanine-Hisui, L50, M|100\/100\n|switch|p1b: Garganacl|Garganacl, L50, M|100\/100\n|switch|p2a: Farigiraf|Farigiraf, L50, M|100\/100\n|switch|p2b: Ogerpon|Ogerpon-Cornerstone, L50, F|100\/100\n|-ability|p1a: Arcanine|Intimidate|boost\n|-unboost|p2a: Farigiraf|atk|1\n|-unboost|p2b: Ogerpon|atk|1\n|turn|1\n|\n|t:|1700168131\n|switch|p1a: Rillaboom|Rillaboom, L50, M|100\/100\n|-fieldstart|move: Grassy Terrain|[from] ability: Grassy Surge|[of] p1a: Rillaboom\n|-terastallize|p1b: Garganacl|Ghost\n|move|p2b: Ogerpon|Follow Me|p2b: Ogerpon\n|-singleturn|p2b: Ogerpon|move: Follow Me\n|move|p1b: Garganacl|Salt Cure|p2b: Ogerpon\n|-damage|p2b: Ogerpon|84\/100\n|-start|p2b: Ogerpon|Salt Cure\n|move|p2a: Farigiraf|Trick Room|p2a: Farigiraf\n|-fieldstart|move: Trick Room|[of] p2a: Farigiraf\n|\n|-heal|p2b: Ogerpon|90\/100|[from] Grassy Terrain\n|-damage|p2b: Ogerpon|78\/100|[from] Salt Cure\n|upkeep\n|turn|2\n|\n|t:|1700168162\n|switch|p2b: Chien-Pao|Chien-Pao, L50|100\/100\n|-ability|p2b: Chien-Pao|Sword of Ruin\n|move|p1b: Garganacl|Salt Cure|p2a: Farigiraf\n|-damage|p2a: Farigiraf|85\/100\n|-start|p2a: Farigiraf|Salt Cure\n|move|p2a: Farigiraf|Psyshock|p1b: Garganacl\n|-damage|p1b: Garganacl|71\/100\n|move|p1a: Rillaboom|Wood Hammer|p2b: Chien-Pao\n|-enditem|p2b: Chien-Pao|Focus Sash\n|-damage|p2b: Chien-Pao|1\/100\n|-damage|p1a: Rillaboom|76\/100|[from] Recoil\n|\n|-heal|p1b: Garganacl|77\/100|[from] Grassy Terrain\n|-heal|p2a: Farigiraf|91\/100|[from] Grassy Terrain\n|-heal|p1a: Rillaboom|82\/100|[from] Grassy Terrain\n|-heal|p2b: Chien-Pao|7\/100|[from] Grassy Terrain\n|-damage|p2a: Farigiraf|79\/100|[from] Salt Cure\n|upkeep\n|turn|3\n|\n|t:|1700168180\n|move|p1b: Garganacl|Iron Defense|p1b: Garganacl\n|-boost|p1b: Garganacl|def|2\n|move|p2a: Farigiraf|Psyshock|p1b: Garganacl\n|-damage|p1b: Garganacl|63\/100\n|move|p1a: Rillaboom|Wood Hammer|p2b: Chien-Pao\n|-damage|p2b: Chien-Pao|0 fnt\n|faint|p2b: Chien-Pao\n|-damage|p1a: Rillaboom|80\/100|[from] Recoil\n|\n|-heal|p1b: Garganacl|69\/100|[from] Grassy Terrain\n|-heal|p2a: Farigiraf|85\/100|[from] Grassy Terrain\n|-heal|p1a: Rillaboom|86\/100|[from] Grassy Terrain\n|-damage|p2a: Farigiraf|73\/100|[from] Salt Cure\n|upkeep\n|\n|t:|1700168189\n|switch|p2b: Ursaluna|Ursaluna-Bloodmoon, L50, M|100\/100\n|turn|4\n|\n|t:|1700168207\n|switch|p1a: Chien-Pao|Chien-Pao, L50|100\/100\n|-ability|p1a: Chien-Pao|Sword of Ruin\n|-terastallize|p2b: Ursaluna|Normal\n|move|p2a: Farigiraf|Helping Hand|p2b: Ursaluna\n|-singleturn|p2b: Ursaluna|Helping Hand|[of] p2a: Farigiraf\n|move|p1b: Garganacl|Protect|p1b: Garganacl\n|-singleturn|p1b: Garganacl|Protect\n|move|p2b: Ursaluna|Blood Moon|p1b: Garganacl\n|-activate|p1b: Garganacl|move: Protect\n|\n|-heal|p1b: Garganacl|75\/100|[from] Grassy Terrain\n|-heal|p2a: Farigiraf|79\/100|[from] Grassy Terrain\n|-damage|p2a: Farigiraf|66\/100|[from] Salt Cure\n|upkeep\n|turn|5\n|\n|t:|1700168228\n|move|p2a: Farigiraf|Helping Hand|p2b: Ursaluna\n|-singleturn|p2b: Ursaluna|Helping Hand|[of] p2a: Farigiraf\n|move|p1b: Garganacl|Salt Cure|p2b: Ursaluna\n|-damage|p2b: Ursaluna|87\/100\n|-start|p2b: Ursaluna|Salt Cure\n|move|p2b: Ursaluna|Hyper Voice|p1b: Garganacl|[spread] p1a,p1b\n|-enditem|p1a: Chien-Pao|Focus Sash\n|-damage|p1a: Chien-Pao|1\/100\n|-damage|p1b: Garganacl|10\/100\n|-enditem|p1b: Garganacl|Sitrus Berry|[eat]\n|-heal|p1b: Garganacl|34\/100|[from] item: Sitrus Berry\n|-damage|p2b: Ursaluna|77\/100|[from] item: Life Orb\n|move|p1a: Chien-Pao|Sacred Sword|p2b: Ursaluna\n|-supereffective|p2b: Ursaluna\n|-damage|p2b: Ursaluna|21\/100\n|\n|-heal|p1b: Garganacl|40\/100|[from] Grassy Terrain\n|-heal|p2a: Farigiraf|72\/100|[from] Grassy Terrain\n|-heal|p2b: Ursaluna|27\/100|[from] Grassy Terrain\n|-heal|p1a: Chien-Pao|7\/100|[from] Grassy Terrain\n|-damage|p2a: Farigiraf|60\/100|[from] Salt Cure\n|-damage|p2b: Ursaluna|14\/100|[from] Salt Cure\n|-fieldend|move: Trick Room\n|-fieldend|move: Grassy Terrain\n|upkeep\n|turn|6\n|\n|t:|1700168253\n|move|p1a: Chien-Pao|Ice Spinner|p2a: Farigiraf\n|-damage|p2a: Farigiraf|19\/100\n|move|p2b: Ursaluna|Blood Moon|p1b: Garganacl\n|-damage|p1b: Garganacl|0 fnt\n|faint|p1b: Garganacl\n|-damage|p2b: Ursaluna|5\/100|[from] item: Life Orb\n|move|p2a: Farigiraf|Psyshock|p1a: Chien-Pao\n|-immune|p1a: Chien-Pao\n|\n|-damage|p2b: Ursaluna|0 fnt|[from] Salt Cure\n|faint|p2b: Ursaluna\n|-damage|p2a: Farigiraf|7\/100|[from] Salt Cure\n|upkeep\n|\n|t:|1700168260\n|switch|p2b: Ogerpon|Ogerpon-Cornerstone, L50, F|78\/100\n|switch|p1b: Arcanine|Arcanine-Hisui, L50, M|100\/100\n|-ability|p1b: Arcanine|Intimidate|boost\n|-unboost|p2a: Farigiraf|atk|1\n|-unboost|p2b: Ogerpon|atk|1\n|turn|7\n|\n|t:|1700168293\n|switch|p1b: Rillaboom|Rillaboom, L50, M|86\/100\n|-fieldstart|move: Grassy Terrain|[from] ability: Grassy Surge|[of] p1b: Rillaboom\n|move|p2a: Farigiraf|Helping Hand|p2b: Ogerpon\n|-singleturn|p2b: Ogerpon|Helping Hand|[of] p2a: Farigiraf\n|move|p1a: Chien-Pao|Protect|p1a: Chien-Pao\n|-singleturn|p1a: Chien-Pao|Protect\n|move|p2b: Ogerpon|Spiky Shield||[still]\n|-fail|p2b: Ogerpon\n|\n|-heal|p1a: Chien-Pao|13\/100|[from] Grassy Terrain\n|-heal|p2b: Ogerpon|84\/100|[from] Grassy Terrain\n|-heal|p1b: Rillaboom|92\/100|[from] Grassy Terrain\n|-heal|p2a: Farigiraf|13\/100|[from] Grassy Terrain\n|-damage|p2a: Farigiraf|1\/100|[from] Salt Cure\n|upkeep\n|turn|8\n|-message|lerry27 forfeited.\n|\n|win|Kzjrjzkl\n|raw|Kzjrjzkl's rating: 1114 &rarr; <strong>1145<\/strong><br \/>(+31 for winning)\n|raw|lerry27's rating: 1195 &rarr; <strong>1164<\/strong><br \/>(-31 for losing)\n|l|\u2606lerry27\n","uploadtime":1700168315,"views":9,"p1id":"kzjrjzkl","p2id":"lerry27","formatid":"gen9vgc2023regulatione","rating":1145,"private":0,"password":""}