{"id":"gen9vgc2023regulatione-1998276236","p1":"SilentMoonYT_","p2":"ChungusTheOldOne","format":"[Gen 9] VGC 2023 Regulation E","log":"|j|\u2606SilentMoonYT_\n|j|\u2606ChungusTheOldOne\n|t:|1700923510\n|gametype|doubles\n|player|p1|SilentMoonYT_|skyla|1076\n|player|p2|ChungusTheOldOne|alder|1147\n|teamsize|p1|6\n|teamsize|p2|6\n|gen|9\n|tier|[Gen 9] VGC 2023 Regulation E\n|rated|\n|rule|Species Clause: Limit one of each Pok\u00e9mon\n|rule|Item Clause: Limit one of each item\n|clearpoke\n|poke|p1|Tornadus, L50, M|\n|poke|p1|Ogerpon-Wellspring, L50, F|\n|poke|p1|Urshifu-*, L50, F|\n|poke|p1|Zapdos, L50|\n|poke|p1|Scizor, L50, M|\n|poke|p1|Ludicolo, L50, F|\n|poke|p2|Urshifu-*, L50, F|\n|poke|p2|Politoed, L50, F|\n|poke|p2|Gothorita, L50, F|\n|poke|p2|Amoonguss, L50, F|\n|poke|p2|Iron Hands, L50|\n|poke|p2|Ogerpon-Wellspring, L50, F|\n|teampreview|4\nChungusTheOldOne rejected open team sheets.\n|\n|t:|1700923529\n|start\n|switch|p1a: Tornadus|Tornadus, L50, M, shiny|100\/100\n|switch|p1b: Urshifu|Urshifu-Rapid-Strike, L50, F|100\/100\n|switch|p2a: Urshifu|Urshifu-Rapid-Strike, L50, F|100\/100\n|switch|p2b: Politoed|Politoed, L50, F|100\/100\n|-weather|RainDance|[from] ability: Drizzle|[of] p2b: Politoed\n|turn|1\n|\n|t:|1700923549\n|-terastallize|p2a: Urshifu|Water\n|move|p2a: Urshifu|Surging Strikes|p1a: Tornadus\n|-crit|p1a: Tornadus\n|-damage|p1a: Tornadus|44\/100\n|-enditem|p1a: Tornadus|Sitrus Berry|[eat]\n|-heal|p1a: Tornadus|68\/100|[from] item: Sitrus Berry\n|-crit|p1a: Tornadus\n|-damage|p1a: Tornadus|16\/100\n|-crit|p1a: Tornadus\n|-damage|p1a: Tornadus|0 fnt\n|faint|p1a: Tornadus\n|-hitcount|p1: Tornadus|3\n|move|p1b: Urshifu|Surging Strikes|p2a: Urshifu\n|-resisted|p2a: Urshifu\n|-crit|p2a: Urshifu\n|-damage|p2a: Urshifu|81\/100\n|-resisted|p2a: Urshifu\n|-crit|p2a: Urshifu\n|-damage|p2a: Urshifu|65\/100\n|-resisted|p2a: Urshifu\n|-crit|p2a: Urshifu\n|-damage|p2a: Urshifu|45\/100\n|-hitcount|p2a: Urshifu|3\n|move|p2b: Politoed|Perish Song|p2b: Politoed\n|-start|p1b: Urshifu|perish3|[silent]\n|-start|p2a: Urshifu|perish3|[silent]\n|-start|p2b: Politoed|perish3|[silent]\n|-fieldactivate|move: Perish Song\n|\n|-weather|RainDance|[upkeep]\n|-start|p2a: Urshifu|perish3\n|-start|p1b: Urshifu|perish3\n|-start|p2b: Politoed|perish3\n|upkeep\n|\n|t:|1700923571\n|switch|p1a: Ogerpon|Ogerpon-Wellspring, L50, F|100\/100\n|turn|2\n|\n|t:|1700923579\n|switch|p2a: Gothorita|Gothorita, L50, F|100\/100\n|-terastallize|p1a: Ogerpon|Water\n|detailschange|p1a: Ogerpon|Ogerpon-Wellspring-Tera, L50, F, tera:Water\n|-ability|p1a: Ogerpon|Embody Aspect (Wellspring)|boost\n|-boost|p1a: Ogerpon|spd|1\n|move|p1b: Urshifu|Surging Strikes|p2b: Politoed\n|-resisted|p2b: Politoed\n|-crit|p2b: Politoed\n|-damage|p2b: Politoed|83\/100\n|-resisted|p2b: Politoed\n|-crit|p2b: Politoed\n|-damage|p2b: Politoed|66\/100\n|-resisted|p2b: Politoed\n|-crit|p2b: Politoed\n|-damage|p2b: Politoed|47\/100\n|-hitcount|p2b: Politoed|3\n|move|p1a: Ogerpon|Horn Leech|p2a: Gothorita\n|-damage|p2a: Gothorita|62\/100\n|move|p2b: Politoed|Perish Song|p2b: Politoed\n|-start|p1a: Ogerpon|perish3|[silent]\n|-start|p2a: Gothorita|perish3|[silent]\n|-fieldactivate|move: Perish Song\n|\n|-weather|RainDance|[upkeep]\n|-start|p1b: Urshifu|perish2\n|-start|p1a: Ogerpon|perish3\n|-start|p2b: Politoed|perish2\n|-start|p2a: Gothorita|perish3\n|upkeep\n|turn|3\n|\n|t:|1700923606\n|move|p2b: Politoed|Protect|p2b: Politoed\n|-singleturn|p2b: Politoed|Protect\n|move|p2a: Gothorita|Fake Out|p1b: Urshifu\n|-damage|p1b: Urshifu|95\/100\n|cant|p1b: Urshifu|flinch\n|move|p1a: Ogerpon|Ivy Cudgel|p2a: Gothorita|[anim] Ivy Cudgel Water\n|-damage|p2a: Gothorita|0 fnt\n|faint|p2a: Gothorita\n|\n|-weather|RainDance|[upkeep]\n|-start|p1b: Urshifu|perish1\n|-start|p1a: Ogerpon|perish2\n|-start|p2b: Politoed|perish1\n|upkeep\n|\n|t:|1700923618\n|switch|p2a: Amoonguss|Amoonguss, L50, F|100\/100\n|turn|4\n|\n|t:|1700923628\n|switch|p1b: Ludicolo|Ludicolo, L50, F|100\/100\n|move|p1a: Ogerpon|Ivy Cudgel|p2a: Amoonguss|[anim] Ivy Cudgel Water\n|-resisted|p2a: Amoonguss\n|-damage|p2a: Amoonguss|44\/100\n|move|p2b: Politoed|Perish Song|p2b: Politoed\n|-start|p1b: Ludicolo|perish3|[silent]\n|-start|p2a: Amoonguss|perish3|[silent]\n|-fieldactivate|move: Perish Song\n|move|p2a: Amoonguss|Spore|p1a: Ogerpon\n|-status|p1a: Ogerpon|slp|[from] move: Spore\n|\n|-weather|RainDance|[upkeep]\n|-start|p1b: Ludicolo|perish3\n|-start|p1a: Ogerpon|perish1\n|-start|p2b: Politoed|perish0\n|-start|p2a: Amoonguss|perish3\n|faint|p2b: Politoed\n|upkeep\n|\n|t:|1700923635\n|switch|p2b: Urshifu|Urshifu-Rapid-Strike, L50, F, tera:Water|45\/100\n|turn|5\n|\n|t:|1700923658\n|switch|p1a: Urshifu|Urshifu-Rapid-Strike, L50, F|95\/100\n|move|p1b: Ludicolo|Giga Drain|p2b: Urshifu\n|-supereffective|p2b: Urshifu\n|-damage|p2b: Urshifu|0 fnt\n|faint|p2b: Urshifu\n|-damage|p1b: Ludicolo|91\/100|[from] item: Life Orb\n|move|p2a: Amoonguss|Pollen Puff|p1b: Ludicolo\n|-supereffective|p1b: Ludicolo\n|-damage|p1b: Ludicolo|44\/100\n|\n|-weather|RainDance|[upkeep]\n|-start|p1b: Ludicolo|perish2\n|-start|p2a: Amoonguss|perish2\n|upkeep\n|turn|6\n|-message|ChungusTheOldOne forfeited.\n|\n|win|SilentMoonYT_\n|raw|SilentMoonYT_'s rating: 1076 &rarr; <strong>1110<\/strong><br \/>(+34 for winning)\n|raw|ChungusTheOldOne's rating: 1147 &rarr; <strong>1117<\/strong><br \/>(-30 for losing)\n|l|\u2606ChungusTheOldOne\n","uploadtime":1700923688,"views":1,"p1id":"silentmoonyt","p2id":"chungustheoldone","formatid":"gen9vgc2023regulatione","rating":1110,"private":0,"password":""}