{"id":"gen9vgc2023regulatione-2000664424","p1":"FA da tsai","p2":"JeromeMuskrat","format":"[Gen 9] VGC 2023 Regulation E","log":"|j|\u2606FA da tsai\n|j|\u2606JeromeMuskrat\n|t:|1701216184\n|gametype|doubles\n|player|p1|FA da tsai|266|1474\n|player|p2|JeromeMuskrat|169|1475\n|teamsize|p1|6\n|teamsize|p2|6\n|gen|9\n|tier|[Gen 9] VGC 2023 Regulation E\n|rated|\n|rule|Species Clause: Limit one of each Pok\u00e9mon\n|rule|Item Clause: Limit one of each item\n|clearpoke\n|poke|p1|Murkrow, L50, M|\n|poke|p1|Gholdengo, L50|\n|poke|p1|Flutter Mane, L50|\n|poke|p1|Ogerpon-Wellspring, L50, F|\n|poke|p1|Landorus-Therian, L50, M|\n|poke|p1|Iron Hands, L50|\n|poke|p2|Illumise, L50, F|\n|poke|p2|Urshifu-*, L50, M|\n|poke|p2|Arcanine-Hisui, L50, F|\n|poke|p2|Flutter Mane, L50|\n|poke|p2|Ogerpon-Wellspring, L50, F|\n|poke|p2|Rillaboom, L50, M|\n|teampreview|4\n|inactive|Battle timer is ON: inactive players will automatically lose when time's up. (requested by FA da tsai)\n|\n|t:|1701216255\n|start\n|switch|p1a: Landorus|Landorus-Therian, L50, M|100\/100\n|switch|p1b: Gholdengo|Gholdengo, L50|100\/100\n|switch|p2a: Illumise|Illumise, L50, F|100\/100\n|switch|p2b: Urshifu|Urshifu, L50, M|100\/100\n|-ability|p1a: Landorus|Intimidate|boost\n|-unboost|p2a: Illumise|atk|1\n|-unboost|p2b: Urshifu|atk|1\n|turn|1\n|\n|t:|1701216285\n|switch|p1b: Iron Hands|Iron Hands, L50|100\/100\n|-terastallize|p1a: Landorus|Flying\n|move|p2a: Illumise|Helping Hand|p2b: Urshifu\n|-singleturn|p2b: Urshifu|Helping Hand|[of] p2a: Illumise\n|move|p2b: Urshifu|Wicked Blow|p1a: Landorus\n|-crit|p1a: Landorus\n|-damage|p1a: Landorus|0 fnt\n|faint|p1a: Landorus\n|\n|upkeep\n|\n|t:|1701216298\n|switch|p1a: Gholdengo|Gholdengo, L50|100\/100\n|turn|2\n|\n|t:|1701216305\n|switch|p2b: Arcanine|Arcanine-Hisui, L50, F|100\/100\n|-ability|p2b: Arcanine|Intimidate|boost\n|-unboost|p1a: Gholdengo|atk|1\n|-unboost|p1b: Iron Hands|atk|1\n|move|p1b: Iron Hands|Fake Out|p2b: Arcanine\n|-resisted|p2b: Arcanine\n|-damage|p2b: Arcanine|94\/100\n|move|p2a: Illumise|Tailwind|p2a: Illumise\n|-sidestart|p2: JeromeMuskrat|move: Tailwind\n|move|p1a: Gholdengo|Make It Rain|p2a: Illumise|[spread] p2a,p2b\n|-damage|p2a: Illumise|15\/100\n|-damage|p2b: Arcanine|7\/100\n|-unboost|p1a: Gholdengo|spa|1\n|-enditem|p2b: Arcanine|Sitrus Berry|[eat]\n|-heal|p2b: Arcanine|32\/100|[from] item: Sitrus Berry\n|\n|upkeep\n|turn|3\n|\n|t:|1701216322\n|move|p2a: Illumise|Encore|p1b: Iron Hands\n|-start|p1b: Iron Hands|Encore\n|move|p2b: Arcanine|Flare Blitz|p1a: Gholdengo\n|-supereffective|p1a: Gholdengo\n|-damage|p1a: Gholdengo|0 fnt\n|faint|p1a: Gholdengo\n|-damage|p2b: Arcanine|0 fnt|[from] Recoil\n|faint|p2b: Arcanine\n|move|p1b: Iron Hands|Fake Out||[still]\n|-hint|Fake Out only works on your first turn out.\n|-fail|p1b: Iron Hands\n|\n|upkeep\n|\n|t:|1701216330\n|switch|p2b: Flutter Mane|Flutter Mane, L50|100\/100\n|switch|p1a: Flutter Mane|Flutter Mane, L50|100\/100\n|-enditem|p2b: Flutter Mane|Booster Energy\n|-activate|p2b: Flutter Mane|ability: Protosynthesis|[fromitem]\n|-start|p2b: Flutter Mane|protosynthesisspa\n|turn|4\n|\n|t:|1701216340\n|move|p1b: Iron Hands|Fake Out||[still]\n|-hint|Fake Out only works on your first turn out.\n|-fail|p1b: Iron Hands\n|move|p2b: Flutter Mane|Shadow Ball|p1a: Flutter Mane\n|-supereffective|p1a: Flutter Mane\n|-enditem|p1a: Flutter Mane|Focus Sash\n|-damage|p1a: Flutter Mane|1\/100\n|move|p2a: Illumise|Struggle Bug|p1a: Flutter Mane|[spread] p1a,p1b\n|-resisted|p1a: Flutter Mane\n|-resisted|p1b: Iron Hands\n|-damage|p1a: Flutter Mane|0 fnt\n|-damage|p1b: Iron Hands|98\/100\n|-unboost|p1b: Iron Hands|spa|1\n|faint|p1a: Flutter Mane\n|-end|p1a: Flutter Mane|Protosynthesis|[silent]\n|\n|upkeep\n|turn|5\n|-message|FA da tsai forfeited.\n|\n|win|JeromeMuskrat\n|raw|FA da tsai's rating: 1474 &rarr; <strong>1454<\/strong><br \/>(-20 for losing)\n|raw|JeromeMuskrat's rating: 1475 &rarr; <strong>1495<\/strong><br \/>(+20 for winning)\n|l|\u2606FA da tsai\n","uploadtime":1701216350,"views":1,"p1id":"fadatsai","p2id":"jeromemuskrat","formatid":"gen9vgc2023regulatione","rating":1454,"private":0,"password":""}