{"id":"gen9vgc2023regulatione-1996448470","p1":"EnigmaticEevee","p2":"Dr. Plecostomus","format":"[Gen 9] VGC 2023 Regulation E","log":"|j|\u2606EnigmaticEevee\n|j|\u2606Dr. Plecostomus\n|t:|1700683000\n|gametype|doubles\n|player|p1|EnigmaticEevee|cynthia|1083\n|player|p2|Dr. Plecostomus|scientist|1048\n|teamsize|p1|6\n|teamsize|p2|6\n|gen|9\n|tier|[Gen 9] VGC 2023 Regulation E\n|rated|\n|rule|Species Clause: Limit one of each Pok\u00e9mon\n|rule|Item Clause: Limit one of each item\n|clearpoke\n|poke|p1|Sinistcha-Masterpiece, L50|\n|poke|p1|Iron Valiant, L50|\n|poke|p1|Tornadus, L50, M|\n|poke|p1|Chi-Yu, L50|\n|poke|p1|Dragonite, L50, M|\n|poke|p1|Chien-Pao, L50|\n|poke|p2|Torterra, L50, F|\n|poke|p2|Tornadus, L50, M|\n|poke|p2|Arcanine-Hisui, L50, F|\n|poke|p2|Urshifu-*, L50, M|\n|poke|p2|Braviary-Hisui, L50, M|\n|poke|p2|Amoonguss, L50, F|\n|teampreview|4\n|\n|t:|1700683024\n|start\n|switch|p1a: Sinistcha|Sinistcha-Masterpiece, L50, shiny|100\/100\n|switch|p1b: Tornadus|Tornadus, L50, M, shiny|100\/100\n|switch|p2a: Tornadus|Tornadus, L50, M|100\/100\n|switch|p2b: Arcanine|Arcanine-Hisui, L50, F|100\/100\n|-ability|p2b: Arcanine|Intimidate|boost\n|-unboost|p1a: Sinistcha|atk|1\n|-unboost|p1b: Tornadus|atk|1\n|turn|1\n|\n|t:|1700683043\n|-terastallize|p1a: Sinistcha|Ice\n|move|p1b: Tornadus|Tailwind|p1b: Tornadus\n|-sidestart|p1: EnigmaticEevee|move: Tailwind\n|move|p2a: Tornadus|Taunt|p1b: Tornadus\n|-start|p1b: Tornadus|move: Taunt\n|move|p1a: Sinistcha|Matcha Gotcha|p2a: Tornadus|[spread] p2a,p2b\n|-resisted|p2a: Tornadus\n|-damage|p2a: Tornadus|72\/100\n|-damage|p2b: Arcanine|50\/100\n|-damage|p1a: Sinistcha|91\/100|[from] item: Life Orb\n|move|p2b: Arcanine|Rock Slide|p1b: Tornadus|[spread] p1b\n|-miss|p2b: Arcanine|p1a: Sinistcha\n|-supereffective|p1b: Tornadus\n|-damage|p1b: Tornadus|0 fnt\n|faint|p1b: Tornadus\n|\n|upkeep\n|\n|t:|1700683060\n|switch|p1b: Iron Valiant|Iron Valiant, L50|100\/100\n|-enditem|p1b: Iron Valiant|Booster Energy\n|-activate|p1b: Iron Valiant|ability: Quark Drive|[fromitem]\n|-start|p1b: Iron Valiant|quarkdrivespe\n|turn|2\n|\n|t:|1700683079\n|switch|p2b: Braviary|Braviary-Hisui, L50, M, shiny|100\/100\n|move|p1b: Iron Valiant|Wide Guard|p1b: Iron Valiant\n|-singleturn|p1b: Iron Valiant|Wide Guard\n|move|p2a: Tornadus|Tailwind|p2a: Tornadus\n|-sidestart|p2: Dr. Plecostomus|move: Tailwind\n|move|p1a: Sinistcha|Matcha Gotcha|p2a: Tornadus|[spread] p2a,p2b\n|-resisted|p2a: Tornadus\n|-resisted|p2b: Braviary\n|-damage|p2a: Tornadus|44\/100\n|-heal|p1a: Sinistcha|100\/100|[from] drain|[of] p2a: Tornadus\n|-damage|p2b: Braviary|77\/100\n|-status|p2b: Braviary|brn\n|-damage|p1a: Sinistcha|91\/100|[from] item: Life Orb\n|\n|-damage|p2b: Braviary|71\/100 brn|[from] brn\n|upkeep\n|turn|3\n|\n|t:|1700683112\n|-terastallize|p2b: Braviary|Fire\n|move|p2a: Tornadus|Rain Dance|p2a: Tornadus\n|-weather|RainDance\n|move|p1b: Iron Valiant|Thunderbolt|p2b: Braviary\n|-damage|p2b: Braviary|34\/100 brn\n|move|p1a: Sinistcha|Tera Blast|p2a: Tornadus|[anim] Tera Blast Ice\n|-supereffective|p2a: Tornadus\n|-damage|p2a: Tornadus|0 fnt\n|faint|p2a: Tornadus\n|-damage|p1a: Sinistcha|81\/100|[from] item: Life Orb\n|move|p2b: Braviary|Heat Wave|p1a: Sinistcha|[spread] p1a,p1b\n|-supereffective|p1a: Sinistcha\n|-damage|p1a: Sinistcha|39\/100\n|-damage|p1b: Iron Valiant|53\/100\n|\n|-weather|RainDance|[upkeep]\n|-damage|p2b: Braviary|28\/100 brn|[from] brn\n|upkeep\n|\n|t:|1700683135\n|switch|p2a: Arcanine|Arcanine-Hisui, L50, F|50\/100\n|-ability|p2a: Arcanine|Intimidate|boost\n|-unboost|p1a: Sinistcha|atk|1\n|-unboost|p1b: Iron Valiant|atk|1\n|turn|4\n|c|\u2606EnigmaticEevee|why set rain if it halves heat wave damage?\n|\n|t:|1700683147\n|move|p1b: Iron Valiant|Wide Guard|p1b: Iron Valiant\n|-singleturn|p1b: Iron Valiant|Wide Guard\n|move|p2a: Arcanine|Flare Blitz|p1b: Iron Valiant\n|-damage|p1b: Iron Valiant|0 fnt\n|faint|p1b: Iron Valiant\n|-end|p1b: Iron Valiant|Quark Drive|[silent]\n|-damage|p2a: Arcanine|35\/100|[from] Recoil\n|move|p1a: Sinistcha|Matcha Gotcha|p2a: Arcanine|[spread] p2a,p2b\n|-resisted|p2b: Braviary\n|-damage|p2a: Arcanine|0 fnt\n|-heal|p1a: Sinistcha|59\/100|[from] drain|[of] p2a: Arcanine\n|-damage|p2b: Braviary|5\/100 brn\n|-heal|p1a: Sinistcha|74\/100|[from] drain|[of] p2b: Braviary\n|faint|p2a: Arcanine\n|-damage|p1a: Sinistcha|65\/100|[from] item: Life Orb\n|move|p2b: Braviary|Heat Wave|p1a: Sinistcha\n|-activate|p1a: Sinistcha|move: Wide Guard\n|\n|-weather|RainDance|[upkeep]\n|-damage|p2b: Braviary|0 fnt|[from] brn\n|faint|p2b: Braviary\n|-sideend|p1: EnigmaticEevee|move: Tailwind\n|upkeep\n|\n|t:|1700683170\n|switch|p1b: Chi-Yu|Chi-Yu, L50|100\/100\n|switch|p2b: Urshifu|Urshifu-Rapid-Strike, L50, M|100\/100\n|-ability|p1b: Chi-Yu|Beads of Ruin\n|turn|5\n|\n|t:|1700683182\n|move|p2b: Urshifu|Surging Strikes|p1b: Chi-Yu\n|-supereffective|p1b: Chi-Yu\n|-crit|p1b: Chi-Yu\n|-enditem|p1b: Chi-Yu|Focus Sash\n|-damage|p1b: Chi-Yu|1\/100\n|-supereffective|p1b: Chi-Yu\n|-crit|p1b: Chi-Yu\n|-damage|p1b: Chi-Yu|0 fnt\n|faint|p1b: Chi-Yu\n|-hitcount|p1: Chi-Yu|2\n|move|p1a: Sinistcha|Matcha Gotcha|p2b: Urshifu\n|-supereffective|p2b: Urshifu\n|-damage|p2b: Urshifu|0 fnt\n|-heal|p1a: Sinistcha|100\/100|[from] drain|[of] p2b: Urshifu\n|faint|p2b: Urshifu\n|-damage|p1a: Sinistcha|91\/100|[from] item: Life Orb\n|\n|win|EnigmaticEevee\n|raw|EnigmaticEevee's rating: 1083 &rarr; <strong>1108<\/strong><br \/>(+25 for winning)\n|raw|Dr. Plecostomus's rating: 1048 &rarr; <strong>1033<\/strong><br \/>(-15 for losing)\n|c|\u2606EnigmaticEevee|gg\n|l|\u2606Dr. Plecostomus\n","uploadtime":1700683221,"views":6,"p1id":"enigmaticeevee","p2id":"drplecostomus","formatid":"gen9vgc2023regulatione","rating":1033,"private":0,"password":""}