{"id":"gen9vgc2023regulatione-1988109478","p1":"whatwhohownow","p2":"QueenFluffyShadow","format":"[Gen 9] VGC 2023 Regulation E","log":"|j|\u2606whatwhohownow\n|j|\u2606QueenFluffyShadow\n|t:|1699670677\n|gametype|doubles\n|player|p1|whatwhohownow|unknownf|1117\n|player|p2|QueenFluffyShadow|fantina|1013\n|teamsize|p1|6\n|teamsize|p2|6\n|gen|9\n|tier|[Gen 9] VGC 2023 Regulation E\n|rated|\n|rule|Species Clause: Limit one of each Pok\u00e9mon\n|rule|Item Clause: Limit one of each item\n|clearpoke\n|poke|p1|Wugtrio, L50, F|\n|poke|p1|Tyranitar, L50, F|\n|poke|p1|Sinistcha-Masterpiece, L50|\n|poke|p1|Tauros-Paldea-Aqua, L50, M|\n|poke|p1|Tinkaton, L50, F|\n|poke|p1|Farigiraf, L50, M|\n|poke|p2|Kommo-o, L50, M|\n|poke|p2|Sinistcha, L50|\n|poke|p2|Dondozo, L50, M|\n|poke|p2|Tatsugiri, L50, F|\n|poke|p2|Ogerpon-Wellspring, L50, F|\n|poke|p2|Oricorio-Sensu, L50, F|\n|teampreview|4\n|\n|t:|1699670701\n|start\n|switch|p1a: Tyranitar|Tyranitar, L50, F|100\/100\n|switch|p1b: Farigiraf|Farigiraf, L50, M|100\/100\n|switch|p2a: Kommo-o|Kommo-o, L50, M, shiny|100\/100\n|switch|p2b: Oricorio|Oricorio-Sensu, L50, F|100\/100\n|-weather|Sandstorm|[from] ability: Sand Stream|[of] p1a: Tyranitar\n|turn|1\n|\n|t:|1699670734\n|move|p2a: Kommo-o|Clangorous Soul|p2a: Kommo-o\n|-boost|p2a: Kommo-o|atk|1\n|-boost|p2a: Kommo-o|def|1\n|-boost|p2a: Kommo-o|spa|1\n|-boost|p2a: Kommo-o|spd|1\n|-boost|p2a: Kommo-o|spe|1\n|-damage|p2a: Kommo-o|68\/100\n|-enditem|p2a: Kommo-o|Throat Spray\n|-boost|p2a: Kommo-o|spa|1|[from] item: Throat Spray\n|-activate|p2b: Oricorio|ability: Dancer\n|move|p2b: Oricorio|Clangorous Soul|p2b: Oricorio|[from]ability: Dancer\n|-boost|p2b: Oricorio|atk|1\n|-boost|p2b: Oricorio|def|1\n|-boost|p2b: Oricorio|spa|1\n|-boost|p2b: Oricorio|spd|1\n|-boost|p2b: Oricorio|spe|1\n|-damage|p2b: Oricorio|68\/100\n|move|p2b: Oricorio|Baton Pass|p2b: Oricorio\n|l|\u2606QueenFluffyShadow\n|player|p2|\n|inactive|Battle timer is ON: inactive players will automatically lose when time's up. (requested by whatwhohownow)\n|j|\u2606QueenFluffyShadow\n|inactive|QueenFluffyShadow reconnected and has 80 seconds left.\n|player|p2|QueenFluffyShadow|fantina\n|inactive|QueenFluffyShadow has 60 seconds left.\n|\n|t:|1699670890\n|switch|p2b: Dondozo|Dondozo, L50, M, shiny|100\/100|[from] Baton Pass\n|move|p1a: Tyranitar|Dragon Claw|p2a: Kommo-o\n|-supereffective|p2a: Kommo-o\n|-damage|p2a: Kommo-o|26\/100\n|move|p1b: Farigiraf|Psychic|p2a: Kommo-o\n|-supereffective|p2a: Kommo-o\n|-damage|p2a: Kommo-o|0 fnt\n|faint|p2a: Kommo-o\n|\n|-weather|Sandstorm|[upkeep]\n|-damage|p1b: Farigiraf|94\/100|[from] Sandstorm\n|-damage|p2b: Dondozo|94\/100|[from] Sandstorm\n|-heal|p2b: Dondozo|100\/100|[from] item: Leftovers\n|upkeep\n|\n|t:|1699670902\n|switch|p2a: Tatsugiri|Tatsugiri, L50, F|100\/100\n|-activate|p2a: Tatsugiri|ability: Commander|[of] p2b: Dondozo\n|-boost|p2b: Dondozo|atk|2\n|-boost|p2b: Dondozo|spa|2\n|-boost|p2b: Dondozo|spe|2\n|-boost|p2b: Dondozo|def|2\n|-boost|p2b: Dondozo|spd|2\n|turn|2\n|inactive|whatwhohownow has 30 seconds left.\n|c|\u2606QueenFluffyShadow|Sorry for the dc\n|\n|t:|1699670937\n|move|p2b: Dondozo|Wave Crash|p1a: Tyranitar\n|-supereffective|p1a: Tyranitar\n|-damage|p1a: Tyranitar|0 fnt\n|faint|p1a: Tyranitar\n|-damage|p2b: Dondozo|74\/100|[from] Recoil\n|move|p1b: Farigiraf|Trick Room|p1b: Farigiraf\n|-fieldstart|move: Trick Room|[of] p1b: Farigiraf\n|\n|-weather|Sandstorm|[upkeep]\n|-damage|p1b: Farigiraf|88\/100|[from] Sandstorm\n|-damage|p2b: Dondozo|68\/100|[from] Sandstorm\n|-damage|p2a: Tatsugiri|95\/100|[from] Sandstorm\n|-heal|p2b: Dondozo|74\/100|[from] item: Leftovers\n|upkeep\n|\n|t:|1699670955\n|switch|p1a: Wugtrio|Wugtrio, L50, F|100\/100\n|turn|3\n|\n|t:|1699670964\n|-terastallize|p1b: Farigiraf|Electric\n|move|p2b: Dondozo|Protect|p2b: Dondozo\n|-singleturn|p2b: Dondozo|Protect\n|move|p1b: Farigiraf|Thunderbolt|p2b: Dondozo\n|-activate|p2b: Dondozo|move: Protect\n|move|p1a: Wugtrio|Sand Attack|p2b: Dondozo\n|-activate|p2b: Dondozo|move: Protect\n|\n|-weather|Sandstorm|[upkeep]\n|-damage|p1b: Farigiraf|82\/100|[from] Sandstorm\n|-damage|p2b: Dondozo|68\/100|[from] Sandstorm\n|-damage|p2a: Tatsugiri|89\/100|[from] Sandstorm\n|-heal|p2b: Dondozo|74\/100|[from] item: Leftovers\n|upkeep\n|turn|4\n|\n|t:|1699670979\n|-terastallize|p2b: Dondozo|Dragon\n|move|p1b: Farigiraf|Thunderbolt|p2b: Dondozo\n|-resisted|p2b: Dondozo\n|-damage|p2b: Dondozo|67\/100\n|-status|p2b: Dondozo|par\n|move|p2b: Dondozo|Order Up|p1b: Farigiraf\n|-damage|p1b: Farigiraf|12\/100\n|-boost|p2b: Dondozo|atk|1\n|move|p1a: Wugtrio|Sand Attack|p2b: Dondozo\n|-unboost|p2b: Dondozo|accuracy|1\n|\n|-weather|Sandstorm|[upkeep]\n|-damage|p2b: Dondozo|61\/100 par|[from] Sandstorm\n|-damage|p1b: Farigiraf|5\/100|[from] Sandstorm\n|-damage|p2a: Tatsugiri|84\/100|[from] Sandstorm\n|-heal|p2b: Dondozo|67\/100 par|[from] item: Leftovers\n|upkeep\n|turn|5\n|\n|t:|1699671007\n|move|p2b: Dondozo|Protect|p2b: Dondozo\n|-singleturn|p2b: Dondozo|Protect\n|move|p1b: Farigiraf|Psychic|p2b: Dondozo\n|-activate|p2b: Dondozo|move: Protect\n|move|p1a: Wugtrio|Sand Attack|p2b: Dondozo\n|-activate|p2b: Dondozo|move: Protect\n|\n|-weather|none\n|-heal|p2b: Dondozo|73\/100 par|[from] item: Leftovers\n|upkeep\n|turn|6\n|\n|t:|1699671023\n|move|p2b: Dondozo|Order Up|p1b: Farigiraf|[miss]\n|-miss|p2b: Dondozo|p1b: Farigiraf\n|move|p1b: Farigiraf|Psychic|p2b: Dondozo\n|-damage|p2b: Dondozo|61\/100 par\n|move|p1a: Wugtrio|Sand Attack|p2b: Dondozo\n|-unboost|p2b: Dondozo|accuracy|1\n|\n|-heal|p2b: Dondozo|67\/100 par|[from] item: Leftovers\n|-fieldend|move: Trick Room\n|upkeep\n|turn|7\n|\n|t:|1699671045\n|move|p1a: Wugtrio|Sand Attack|p2b: Dondozo\n|-unboost|p2b: Dondozo|accuracy|1\n|move|p1b: Farigiraf|Psychic|p2b: Dondozo\n|-damage|p2b: Dondozo|53\/100 par\n|move|p2b: Dondozo|Order Up|p1b: Farigiraf\n|-damage|p1b: Farigiraf|0 fnt\n|faint|p1b: Farigiraf\n|-boost|p2b: Dondozo|atk|1\n|\n|-heal|p2b: Dondozo|59\/100 par|[from] item: Leftovers\n|upkeep\n|\n|t:|1699671056\n|switch|p1b: Tauros|Tauros-Paldea-Aqua, L50, M|100\/100\n|-ability|p1b: Tauros|Intimidate|boost\n|-unboost|p2a: Tatsugiri|atk|1\n|-unboost|p2b: Dondozo|atk|1\n|turn|8\n|\n|t:|1699671078\n|cant|p2b: Dondozo|par\n|move|p1a: Wugtrio|Sucker Punch||[still]\n|-fail|p1a: Wugtrio\n|move|p1b: Tauros|Close Combat|p2b: Dondozo\n|-damage|p2b: Dondozo|38\/100 par\n|-unboost|p1b: Tauros|def|1\n|-unboost|p1b: Tauros|spd|1\n|\n|-heal|p2b: Dondozo|44\/100 par|[from] item: Leftovers\n|upkeep\n|turn|9\n|\n|t:|1699671097\n|move|p2b: Dondozo|Protect|p2b: Dondozo\n|-singleturn|p2b: Dondozo|Protect\n|move|p1a: Wugtrio|Sucker Punch||[still]\n|-fail|p1a: Wugtrio\n|move|p1b: Tauros|Close Combat|p2b: Dondozo\n|-activate|p2b: Dondozo|move: Protect\n|\n|-heal|p2b: Dondozo|50\/100 par|[from] item: Leftovers\n|upkeep\n|turn|10\n|\n|t:|1699671111\n|move|p1a: Wugtrio|Sucker Punch|p2b: Dondozo\n|-damage|p2b: Dondozo|45\/100 par\n|move|p1b: Tauros|Close Combat|p2b: Dondozo\n|-damage|p2b: Dondozo|24\/100 par\n|-unboost|p1b: Tauros|def|1\n|-unboost|p1b: Tauros|spd|1\n|move|p2b: Dondozo|Order Up|p1b: Tauros\n|-damage|p1b: Tauros|19\/100\n|-boost|p2b: Dondozo|atk|1\n|\n|-heal|p2b: Dondozo|30\/100 par|[from] item: Leftovers\n|upkeep\n|turn|11\n|\n|t:|1699671124\n|move|p2b: Dondozo|Protect|p2b: Dondozo\n|-singleturn|p2b: Dondozo|Protect\n|move|p1a: Wugtrio|Sucker Punch||[still]\n|-fail|p1a: Wugtrio\n|move|p1b: Tauros|Close Combat|p2b: Dondozo\n|-activate|p2b: Dondozo|move: Protect\n|\n|-heal|p2b: Dondozo|36\/100 par|[from] item: Leftovers\n|upkeep\n|turn|12\n|\n|t:|1699671140\n|move|p1a: Wugtrio|Sucker Punch|p2b: Dondozo\n|-damage|p2b: Dondozo|31\/100 par\n|move|p1b: Tauros|Close Combat|p2b: Dondozo\n|-damage|p2b: Dondozo|7\/100 par\n|-unboost|p1b: Tauros|def|1\n|-unboost|p1b: Tauros|spd|1\n|move|p2b: Dondozo|Rock Slide|p1a: Wugtrio|[spread] \n|-miss|p2b: Dondozo|p1a: Wugtrio\n|-miss|p2b: Dondozo|p1b: Tauros\n|\n|-heal|p2b: Dondozo|13\/100 par|[from] item: Leftovers\n|upkeep\n|turn|13\n|\n|t:|1699671163\n|cant|p2b: Dondozo|par\n|move|p1a: Wugtrio|Sucker Punch||[still]\n|-fail|p1a: Wugtrio\n|move|p1b: Tauros|Close Combat|p2b: Dondozo\n|-damage|p2b: Dondozo|0 fnt\n|-unboost|p1b: Tauros|def|1\n|-unboost|p1b: Tauros|spd|1\n|faint|p2b: Dondozo\n|\n|upkeep\n|\n|t:|1699671174\n|switch|p2b: Oricorio|Oricorio-Sensu, L50, F|68\/100\n|turn|14\n|\n|t:|1699671195\n|move|p1a: Wugtrio|Sucker Punch|p2b: Oricorio\n|-supereffective|p2b: Oricorio\n|-damage|p2b: Oricorio|0 fnt\n|faint|p2b: Oricorio\n|move|p2a: Tatsugiri|Draco Meteor|p1a: Wugtrio\n|-damage|p1a: Wugtrio|0 fnt\n|-unboost|p2a: Tatsugiri|spa|2\n|faint|p1a: Wugtrio\n|move|p1b: Tauros|Close Combat|p2a: Tatsugiri\n|-damage|p2a: Tatsugiri|0 fnt\n|-unboost|p1b: Tauros|def|1\n|-unboost|p1b: Tauros|spd|1\n|faint|p2a: Tatsugiri\n|\n|win|whatwhohownow\n|raw|whatwhohownow's rating: 1117 &rarr; <strong>1135<\/strong><br \/>(+18 for winning)\n|raw|QueenFluffyShadow's rating: 1013 &rarr; <strong>1005<\/strong><br \/>(-8 for losing)\n|l|\u2606whatwhohownow\n|l|\u2606QueenFluffyShadow\n|j|\u2606QueenFluffyShadow\n|player|p2|QueenFluffyShadow|fantina\n|l|\u2606QueenFluffyShadow\n|player|p2|\n|j|\u2606QueenFluffyShadow\n|player|p2|QueenFluffyShadow|fantina\n","uploadtime":1699671206,"views":36,"p1id":"whatwhohownow","p2id":"queenfluffyshadow","formatid":"gen9vgc2023regulatione","rating":1005,"private":0,"password":""}