{"id":"gen9vgc2023regulatione-1995119321","p1":"Kzkrzvkzl","p2":"Swolby19","format":"[Gen 9] VGC 2023 Regulation E","log":"|j|\u2606Kzkrzvkzl\n|j|\u2606Swolby19\n|t:|1700524680\n|gametype|doubles\n|player|p1|Kzkrzvkzl|lance|1072\n|player|p2|Swolby19|101|1000\n|teamsize|p1|6\n|teamsize|p2|6\n|gen|9\n|tier|[Gen 9] VGC 2023 Regulation E\n|rated|\n|rule|Species Clause: Limit one of each Pok\u00e9mon\n|rule|Item Clause: Limit one of each item\n|clearpoke\n|poke|p1|Flutter Mane, L50|\n|poke|p1|Tornadus, L50, M|\n|poke|p1|Rillaboom, L50, F|\n|poke|p1|Garganacl, L50, M|\n|poke|p1|Arcanine-Hisui, L50, F|\n|poke|p1|Chien-Pao, L50|\n|poke|p2|Flutter Mane, L50|\n|poke|p2|Chi-Yu, L50|\n|poke|p2|Tornadus, L50, M|\n|poke|p2|Rillaboom, L50, F|\n|poke|p2|Sneasler, L50, F|\n|poke|p2|Great Tusk, L50|\n|teampreview|4\n|inactive|Battle timer is ON: inactive players will automatically lose when time's up. (requested by Kzkrzvkzl)\n|inactive|Swolby19 has 60 seconds left.\n|\n|t:|1700524751\n|start\n|switch|p1a: Tornadus|Tornadus, L50, M|100\/100\n|switch|p1b: Garganacl|Garganacl, L50, M|100\/100\n|switch|p2a: Tornadus|Tornadus, L50, M|100\/100\n|switch|p2b: Chi-Yu|Chi-Yu, L50|100\/100\n|-ability|p2b: Chi-Yu|Beads of Ruin\n|turn|1\n|inactive|Swolby19 has 30 seconds left.\n|\n|t:|1700524776\n|move|p2a: Tornadus|Taunt|p1a: Tornadus\n|-start|p1a: Tornadus|move: Taunt\n|cant|p1a: Tornadus|move: Taunt|Tailwind\n|move|p2b: Chi-Yu|Lava Plume|p1b: Garganacl|[spread] p2a,p1a,p1b\n|-resisted|p1b: Garganacl\n|-damage|p2a: Tornadus|60\/100\n|-damage|p1a: Tornadus|68\/100\n|-damage|p1b: Garganacl|87\/100\n|-status|p1a: Tornadus|brn\n|move|p1b: Garganacl|Salt Cure|p2b: Chi-Yu\n|-supereffective|p2b: Chi-Yu\n|-damage|p2b: Chi-Yu|53\/100\n|-start|p2b: Chi-Yu|Salt Cure\n|\n|-damage|p1a: Tornadus|62\/100 brn|[from] brn\n|-damage|p2b: Chi-Yu|40\/100|[from] Salt Cure\n|upkeep\n|turn|2\n|inactive|Swolby19 has 30 seconds left.\n|\n|t:|1700524803\n|move|p2b: Chi-Yu|Protect|p2b: Chi-Yu\n|-singleturn|p2b: Chi-Yu|Protect\n|move|p2a: Tornadus|Tailwind|p2a: Tornadus\n|-sidestart|p2: Swolby19|move: Tailwind\n|move|p1a: Tornadus|Bleakwind Storm|p2a: Tornadus|[spread] p2a\n|-activate|p2b: Chi-Yu|move: Protect\n|-damage|p2a: Tornadus|25\/100\n|move|p1b: Garganacl|Salt Cure|p2a: Tornadus\n|-supereffective|p2a: Tornadus\n|-damage|p2a: Tornadus|0 fnt\n|faint|p2a: Tornadus\n|\n|-damage|p1a: Tornadus|56\/100 brn|[from] brn\n|-damage|p2b: Chi-Yu|28\/100|[from] Salt Cure\n|upkeep\n|\n|t:|1700524819\n|switch|p2a: Flutter Mane|Flutter Mane, L50|100\/100\n|turn|3\n|\n|t:|1700524834\n|-terastallize|p2a: Flutter Mane|Fairy\n|move|p1b: Garganacl|Protect|p1b: Garganacl\n|-singleturn|p1b: Garganacl|Protect\n|move|p2a: Flutter Mane|Dazzling Gleam|p1b: Garganacl|[spread] p1a\n|-activate|p1b: Garganacl|move: Protect\n|-damage|p1a: Tornadus|0 fnt\n|faint|p1a: Tornadus\n|move|p2b: Chi-Yu|Dark Pulse|p1b: Garganacl\n|-activate|p1b: Garganacl|move: Protect\n|\n|-damage|p2b: Chi-Yu|16\/100|[from] Salt Cure\n|upkeep\n|\n|t:|1700524850\n|switch|p1a: Rillaboom|Rillaboom, L50, F|100\/100\n|-fieldstart|move: Grassy Terrain|[from] ability: Grassy Surge|[of] p1a: Rillaboom\n|turn|4\n|\n|t:|1700524863\n|move|p2b: Chi-Yu|Protect|p2b: Chi-Yu\n|-singleturn|p2b: Chi-Yu|Protect\n|move|p1a: Rillaboom|Fake Out|p2b: Chi-Yu\n|-activate|p2b: Chi-Yu|move: Protect\n|move|p2a: Flutter Mane|Dazzling Gleam|p1a: Rillaboom|[spread] p1a,p1b\n|-damage|p1a: Rillaboom|34\/100\n|-damage|p1b: Garganacl|33\/100\n|-enditem|p1b: Garganacl|Sitrus Berry|[eat]\n|-heal|p1b: Garganacl|58\/100|[from] item: Sitrus Berry\n|move|p1b: Garganacl|Salt Cure|p2a: Flutter Mane\n|-damage|p2a: Flutter Mane|67\/100\n|-start|p2a: Flutter Mane|Salt Cure\n|\n|-heal|p2a: Flutter Mane|74\/100|[from] Grassy Terrain\n|-heal|p2b: Chi-Yu|22\/100|[from] Grassy Terrain\n|-heal|p1a: Rillaboom|40\/100|[from] Grassy Terrain\n|-heal|p1b: Garganacl|64\/100|[from] Grassy Terrain\n|-damage|p2a: Flutter Mane|61\/100|[from] Salt Cure\n|-damage|p2b: Chi-Yu|10\/100|[from] Salt Cure\n|upkeep\n|turn|5\n|\n|t:|1700524882\n|move|p1b: Garganacl|Protect|p1b: Garganacl\n|-singleturn|p1b: Garganacl|Protect\n|move|p1a: Rillaboom|Grassy Glide|p2a: Flutter Mane\n|-damage|p2a: Flutter Mane|0 fnt\n|faint|p2a: Flutter Mane\n|-end|p2a: Flutter Mane|Protosynthesis|[silent]\n|move|p2b: Chi-Yu|Dark Pulse|p1b: Garganacl\n|-activate|p1b: Garganacl|move: Protect\n|\n|-heal|p2b: Chi-Yu|16\/100|[from] Grassy Terrain\n|-heal|p1a: Rillaboom|45\/100|[from] Grassy Terrain\n|-heal|p1b: Garganacl|70\/100|[from] Grassy Terrain\n|-damage|p2b: Chi-Yu|4\/100|[from] Salt Cure\n|-sideend|p2: Swolby19|move: Tailwind\n|upkeep\n|\n|t:|1700524889\n|switch|p2a: Great Tusk|Great Tusk, L50|100\/100\n|turn|6\n|\n|t:|1700524906\n|switch|p1a: Arcanine|Arcanine-Hisui, L50, F|100\/100\n|-ability|p1a: Arcanine|Intimidate|boost\n|-unboost|p2a: Great Tusk|atk|1\n|-unboost|p2b: Chi-Yu|atk|1\n|-enditem|p2b: Chi-Yu|White Herb\n|-clearnegativeboost|p2b: Chi-Yu|[silent]\n|move|p2b: Chi-Yu|Lava Plume|p1a: Arcanine|[spread] p2a,p1a,p1b\n|-resisted|p1a: Arcanine\n|-resisted|p1b: Garganacl\n|-damage|p2a: Great Tusk|46\/100\n|-damage|p1a: Arcanine|87\/100\n|-damage|p1b: Garganacl|57\/100\n|-status|p2a: Great Tusk|brn\n|-enditem|p2a: Great Tusk|Sitrus Berry|[eat]\n|-heal|p2a: Great Tusk|71\/100 brn|[from] item: Sitrus Berry\n|move|p2a: Great Tusk|Headlong Rush|p1b: Garganacl\n|-supereffective|p1b: Garganacl\n|-damage|p1b: Garganacl|23\/100\n|-unboost|p2a: Great Tusk|def|1\n|-unboost|p2a: Great Tusk|spd|1\n|move|p1b: Garganacl|Recover|p1b: Garganacl\n|-heal|p1b: Garganacl|73\/100\n|\n|-heal|p2b: Chi-Yu|10\/100|[from] Grassy Terrain\n|-heal|p1a: Arcanine|93\/100|[from] Grassy Terrain\n|-heal|p2a: Great Tusk|77\/100 brn|[from] Grassy Terrain\n|-heal|p1b: Garganacl|79\/100|[from] Grassy Terrain\n|-damage|p2a: Great Tusk|71\/100 brn|[from] brn\n|-damage|p2b: Chi-Yu|0 fnt|[from] Salt Cure\n|faint|p2b: Chi-Yu\n|upkeep\n|turn|7\n|-message|Swolby19 forfeited.\n|\n|win|Kzkrzvkzl\n|raw|Kzkrzvkzl's rating: 1072 &rarr; <strong>1095<\/strong><br \/>(+23 for winning)\n|raw|Swolby19's rating: 1000 &rarr; <strong>1000<\/strong><br \/>(+0 for losing)\n|l|\u2606Swolby19\n","uploadtime":1700524927,"views":3,"p1id":"kzkrzvkzl","p2id":"swolby19","formatid":"gen9vgc2023regulatione","rating":1000,"private":0,"password":""}