{"id":"gen9vgc2023regulatione-1993774177","p1":"Yahar","p2":"SiUsY","format":"[Gen 9] VGC 2023 Regulation E","log":"|j|\u2606Yahar\n|j|\u2606SiUsY\n|t:|1700355654\n|gametype|doubles\n|player|p1|Yahar|shauntal|1177\n|player|p2|SiUsY|erika|1097\n|teamsize|p1|6\n|teamsize|p2|6\n|gen|9\n|tier|[Gen 9] VGC 2023 Regulation E\n|rated|\n|rule|Species Clause: Limit one of each Pok\u00e9mon\n|rule|Item Clause: Limit one of each item\n|clearpoke\n|poke|p1|Zapdos, L50|\n|poke|p1|Iron Bundle, L50|\n|poke|p1|Heatran, L50, F|\n|poke|p1|Urshifu-*, L50, F|\n|poke|p1|Dondozo, L50, M|\n|poke|p1|Tatsugiri, L50, F|\n|poke|p2|Meowscarada, L50, M|\n|poke|p2|Goodra-Hisui, L50, F|\n|poke|p2|Urshifu-*, L50, F|\n|poke|p2|Flutter Mane, L50|\n|poke|p2|Gliscor, L50, F|\n|poke|p2|Iron Hands, L50|\n|teampreview|4\n|inactive|Battle timer is ON: inactive players will automatically lose when time's up. (requested by Yahar)\n|inactive|SiUsY also wants the timer to be on.\n|\n|t:|1700355682\n|start\n|switch|p1a: Tatsugiri|Tatsugiri, L50, F, shiny|100\/100\n|switch|p1b: Dondozo|Dondozo, L50, M|100\/100\n|switch|p2a: Goodra|Goodra-Hisui, L50, F|100\/100\n|switch|p2b: Meowscarada|Meowscarada, L50, M|100\/100\n|-activate|p1a: Tatsugiri|ability: Commander|[of] p1b: Dondozo\n|-boost|p1b: Dondozo|atk|2\n|-boost|p1b: Dondozo|spa|2\n|-boost|p1b: Dondozo|spe|2\n|-boost|p1b: Dondozo|def|2\n|-boost|p1b: Dondozo|spd|2\n|turn|1\n|inactive|SiUsY has 30 seconds left.\n|inactive|SiUsY has 20 seconds left.\n|\n|t:|1700355721\n|-terastallize|p1b: Dondozo|Dark\n|move|p2b: Meowscarada|Flower Trick|p1b: Dondozo\n|-start|p2b: Meowscarada|typechange|Grass|[from] ability: Protean\n|-crit|p1b: Dondozo\n|-damage|p1b: Dondozo|63\/100\n|-damage|p2b: Meowscarada|91\/100|[from] item: Life Orb\n|move|p1b: Dondozo|Order Up|p2b: Meowscarada\n|-damage|p2b: Meowscarada|29\/100\n|-boost|p1b: Dondozo|atk|1\n|move|p2a: Goodra|Acid Armor|p2a: Goodra\n|-boost|p2a: Goodra|def|2\n|\n|-heal|p1b: Dondozo|69\/100|[from] item: Leftovers\n|upkeep\n|turn|2\n|\n|t:|1700355741\n|move|p2b: Meowscarada|U-turn|p1b: Dondozo\n|-supereffective|p1b: Dondozo\n|-damage|p1b: Dondozo|50\/100\n|-damage|p2b: Meowscarada|19\/100|[from] item: Life Orb\n|\n|t:|1700355745\n|switch|p2b: Urshifu|Urshifu-Rapid-Strike, L50, F|100\/100|[from] U-turn\n|move|p1b: Dondozo|Wave Crash|p2a: Goodra\n|-resisted|p2a: Goodra\n|-damage|p2a: Goodra|46\/100\n|-damage|p1b: Dondozo|36\/100|[from] Recoil\n|move|p2a: Goodra|Dragon Tail|p1b: Dondozo\n|-damage|p1b: Dondozo|30\/100\n|\n|-heal|p1b: Dondozo|36\/100|[from] item: Leftovers\n|-heal|p2a: Goodra|52\/100|[from] item: Leftovers\n|upkeep\n|turn|3\n|\n|t:|1700355754\n|-terastallize|p2b: Urshifu|Water\n|move|p2b: Urshifu|Surging Strikes|p1b: Dondozo\n|-crit|p1b: Dondozo\n|-damage|p1b: Dondozo|18\/100\n|-crit|p1b: Dondozo\n|-damage|p1b: Dondozo|0 fnt\n|faint|p1b: Dondozo\n|-hitcount|p1: Dondozo|2\n|move|p2a: Goodra|Dragon Tail|p1a: Tatsugiri\n|-supereffective|p1a: Tatsugiri\n|-damage|p1a: Tatsugiri|21\/100\n|drag|p1a: Zapdos|Zapdos, L50|100\/100\n|\n|-heal|p2a: Goodra|58\/100|[from] item: Leftovers\n|upkeep\n|\n|t:|1700355757\n|switch|p1b: Tatsugiri|Tatsugiri, L50, F, shiny|21\/100\n|turn|4\n|\n|t:|1700355772\n|move|p2b: Urshifu|Aqua Jet|p1b: Tatsugiri\n|-resisted|p1b: Tatsugiri\n|-damage|p1b: Tatsugiri|5\/100\n|move|p1b: Tatsugiri|Draco Meteor|p2a: Goodra\n|-damage|p2a: Goodra|22\/100\n|-unboost|p1b: Tatsugiri|spa|2\n|move|p1a: Zapdos|Thunderbolt|p2b: Urshifu\n|-supereffective|p2b: Urshifu\n|-damage|p2b: Urshifu|0 fnt\n|faint|p2b: Urshifu\n|move|p2a: Goodra|Dragon Tail|p1a: Zapdos\n|-damage|p1a: Zapdos|84\/100\n|-damage|p2a: Goodra|6\/100|[from] item: Rocky Helmet|[of] p1a: Zapdos\n|drag|p1a: Heatran|Heatran, L50, F, shiny|100\/100\n|\n|-heal|p2a: Goodra|12\/100|[from] item: Leftovers\n|upkeep\n|\n|t:|1700355783\n|switch|p2b: Iron Hands|Iron Hands, L50|100\/100\n|-enditem|p2b: Iron Hands|Booster Energy\n|-activate|p2b: Iron Hands|ability: Quark Drive|[fromitem]\n|-start|p2b: Iron Hands|quarkdriveatk\n|turn|5\n|\n|t:|1700355806\n|switch|p1a: Zapdos|Zapdos, L50|84\/100\n|move|p1b: Tatsugiri|Draco Meteor|p2a: Goodra\n|-damage|p2a: Goodra|0 fnt\n|-unboost|p1b: Tatsugiri|spa|2\n|faint|p2a: Goodra\n|move|p2b: Iron Hands|Drain Punch|p1a: Zapdos\n|-resisted|p1a: Zapdos\n|-damage|p1a: Zapdos|63\/100\n|-damage|p2b: Iron Hands|84\/100|[from] item: Rocky Helmet|[of] p1a: Zapdos\n|\n|upkeep\n|\n|t:|1700355813\n|switch|p2a: Meowscarada|Meowscarada, L50, M|19\/100\n|turn|6\n|\n|t:|1700355830\n|move|p1b: Tatsugiri|Draco Meteor|p2a: Meowscarada\n|-damage|p2a: Meowscarada|0 fnt\n|-unboost|p1b: Tatsugiri|spa|2\n|faint|p2a: Meowscarada\n|move|p1a: Zapdos|Tailwind|p1a: Zapdos\n|-sidestart|p1: Yahar|move: Tailwind\n|move|p2b: Iron Hands|Drain Punch|p1b: Tatsugiri\n|-damage|p1b: Tatsugiri|0 fnt\n|-heal|p2b: Iron Hands|86\/100|[from] drain|[of] p1b: Tatsugiri\n|faint|p1b: Tatsugiri\n|\n|upkeep\n|\n|t:|1700355837\n|switch|p1b: Heatran|Heatran, L50, F, shiny|100\/100\n|turn|7\n|\n|t:|1700355842\n|move|p1a: Zapdos|Hurricane|p2b: Iron Hands\n|-damage|p2b: Iron Hands|39\/100\n|-start|p2b: Iron Hands|confusion\n|move|p1b: Heatran|Earth Power|p2b: Iron Hands\n|-supereffective|p2b: Iron Hands\n|-damage|p2b: Iron Hands|0 fnt\n|faint|p2b: Iron Hands\n|-end|p2b: Iron Hands|Quark Drive|[silent]\n|\n|win|Yahar\n|raw|Yahar's rating: 1177 &rarr; <strong>1196<\/strong><br \/>(+19 for winning)\n|raw|SiUsY's rating: 1097 &rarr; <strong>1078<\/strong><br \/>(-19 for losing)\n|l|\u2606SiUsY\n","uploadtime":1700355854,"views":14,"p1id":"yahar","p2id":"siusy","formatid":"gen9vgc2023regulatione","rating":1078,"private":0,"password":""}