{"id":"gen9vgc2023regulatione-1996436887","p1":"Leon Karmae","p2":"Elektrogod","format":"[Gen 9] VGC 2023 Regulation E","log":"|j|\u2606Leon Karmae\n|j|\u2606Elektrogod\n|t:|1700681892\n|gametype|doubles\n|player|p1|Leon Karmae|170|\n|player|p2|Elektrogod|2|\n|teamsize|p1|6\n|teamsize|p2|6\n|gen|9\n|tier|[Gen 9] VGC 2023 Regulation E\n|rule|Species Clause: Limit one of each Pok\u00e9mon\n|rule|Item Clause: Limit one of each item\n|clearpoke\n|poke|p1|Kommo-o, L50, F|\n|poke|p1|Clefable, L50, F|\n|poke|p1|Gholdengo, L50|\n|poke|p1|Arcanine, L50, M|\n|poke|p1|Landorus-Therian, L50, M|\n|poke|p1|Illumise, L50, F|\n|poke|p2|Ninetales-Alola, L50, F|\n|poke|p2|Iron Bundle, L50|\n|poke|p2|Brute Bonnet, L50|\n|poke|p2|Iron Hands, L50|\n|poke|p2|Talonflame, L50, M|\n|poke|p2|Mamoswine, L50, M|\n|teampreview|4\n|inactive|Battle timer is ON: inactive players will automatically lose when time's up. (requested by Elektrogod)\n|c|\u2606Elektrogod|GlHF\n|inactive|Elektrogod has 60 seconds left.\n|c|\u2606Elektrogod|Hast 1 zu 1 Das gebracht was ich erwartet habe xD\n|c|\u2606Leon Karmae|Du auch \ud83d\ude02\n|inactive|Elektrogod has 30 seconds left.\n|inactive|Elektrogod has 20 seconds left.\n|inactive|Elektrogod has 15 seconds left.\n|inactive|Elektrogod has 10 seconds left.\n|\n|t:|1700681973\n|start\n|switch|p1a: Illumise|Illumise, L50, F|100\/100\n|switch|p1b: Gholdengo|Gholdengo, L50|100\/100\n|switch|p2a: Aschenpelz|Iron Hands, L50|100\/100\n|switch|p2b: Mamoswine|Mamoswine, L50, M|100\/100\n|turn|1\n|j| Not our Business\n|inactive|Leon Karmae has 30 seconds left.\n|inactive|Elektrogod has 30 seconds left.\n|c| Not our Business|der zweit account is am start xD\n|inactive|Leon Karmae has 20 seconds left.\n|inactive|Elektrogod has 20 seconds left.\n|inactive|Leon Karmae has 15 seconds left.\n|\n|t:|1700682018\n|-end|p2a: Aschenpelz|Quark Drive|[silent]\n|switch|p2a: Yoimiya|Brute Bonnet, L50|100\/100\n|-terastallize|p1a: Illumise|Ghost\n|move|p1a: Illumise|Tailwind|p1a: Illumise\n|-sidestart|p1: Leon Karmae|move: Tailwind\n|move|p1b: Gholdengo|Make It Rain|p2b: Mamoswine|[spread] p2a,p2b\n|-supereffective|p2b: Mamoswine\n|-crit|p2b: Mamoswine\n|-damage|p2a: Yoimiya|61\/100\n|-damage|p2b: Mamoswine|0 fnt\n|-unboost|p1b: Gholdengo|spa|1\n|faint|p2b: Mamoswine\n|-damage|p1b: Gholdengo|91\/100|[from] item: Life Orb\n|\n|upkeep\n|c|\u2606Elektrogod|Fuck vergessen zu teran xD\n|c| Not our Business|Leon mit dem crit auf ehrenlos\n|inactive|Elektrogod has 30 seconds left.\n|\n|t:|1700682045\n|switch|p2b: Nezuko|Ninetales-Alola, L50, F, shiny|100\/100\n|-weather|Snow|[from] ability: Snow Warning|[of] p2b: Nezuko\n|turn|2\n|\n|t:|1700682057\n|switch|p1b: Arcanine|Arcanine, L50, M|100\/100\n|-ability|p1b: Arcanine|Intimidate|boost\n|-unboost|p2a: Yoimiya|atk|1\n|-unboost|p2b: Nezuko|atk|1\n|-terastallize|p2b: Nezuko|Ground\n|move|p1a: Illumise|Rain Dance|p1a: Illumise\n|-weather|RainDance\n|move|p2b: Nezuko|Tera Blast|p1b: Arcanine|[anim] Tera Blast Ground\n|-supereffective|p1b: Arcanine\n|-damage|p1b: Arcanine|8\/100\n|move|p2a: Yoimiya|Spore|p1a: Illumise\n|-status|p1a: Illumise|slp|[from] move: Spore\n|\n|-weather|RainDance|[upkeep]\n|upkeep\n|turn|3\n|inactive|Leon Karmae has 30 seconds left.\n|inactive|Leon Karmae has 20 seconds left.\n|inactive|Elektrogod has 30 seconds left.\n|inactive|Elektrogod has 20 seconds left.\n|\n|t:|1700682104\n|move|p1b: Arcanine|Extreme Speed|p2a: Yoimiya\n|-damage|p2a: Yoimiya|40\/100\n|cant|p1a: Illumise|slp\n|move|p2b: Nezuko|Tera Blast|p1b: Arcanine|[anim] Tera Blast Ground\n|-supereffective|p1b: Arcanine\n|-damage|p1b: Arcanine|0 fnt\n|faint|p1b: Arcanine\n|move|p2a: Yoimiya|Synthesis|p2a: Yoimiya\n|-heal|p2a: Yoimiya|65\/100\n|\n|-weather|RainDance|[upkeep]\n|upkeep\n|\n|t:|1700682127\n|switch|p1b: Landorus|Landorus-Therian, L50, M|100\/100\n|-ability|p1b: Landorus|Intimidate|boost\n|-unboost|p2a: Yoimiya|atk|1\n|-unboost|p2b: Nezuko|atk|1\n|turn|4\n|\n|t:|1700682143\n|switch|p2b: Aschenpelz|Iron Hands, L50|100\/100\n|cant|p1a: Illumise|slp\n|move|p1b: Landorus|Rock Slide|p2b: Aschenpelz|[spread] p2a,p2b\n|-resisted|p2b: Aschenpelz\n|-damage|p2a: Yoimiya|39\/100\n|-damage|p2b: Aschenpelz|90\/100\n|move|p2a: Yoimiya|Spore|p1b: Landorus\n|-status|p1b: Landorus|slp|[from] move: Spore\n|\n|-weather|RainDance|[upkeep]\n|-sideend|p1: Leon Karmae|move: Tailwind\n|upkeep\n|turn|5\n|\n|t:|1700682160\n|cant|p1a: Illumise|slp\n|cant|p1b: Landorus|slp\n|move|p2a: Yoimiya|Synthesis|p2a: Yoimiya\n|-heal|p2a: Yoimiya|64\/100\n|move|p2b: Aschenpelz|Ice Punch|p1b: Landorus\n|-supereffective|p1b: Landorus\n|-damage|p1b: Landorus|0 fnt\n|faint|p1b: Landorus\n|\n|-weather|RainDance|[upkeep]\n|upkeep\n|\n|t:|1700682173\n|switch|p1b: Gholdengo|Gholdengo, L50|91\/100\n|turn|6\n|inactive|Elektrogod has 30 seconds left.\n|inactive|Elektrogod has 20 seconds left.\n|\n|t:|1700682209\n|move|p1b: Gholdengo|Protect|p1b: Gholdengo\n|-singleturn|p1b: Gholdengo|Protect\n|-curestatus|p1a: Illumise|slp|[msg]\n|move|p1a: Illumise|Infestation|p2a: Yoimiya\n|-supereffective|p2a: Yoimiya\n|-damage|p2a: Yoimiya|47\/100\n|-activate|p2a: Yoimiya|move: Infestation|[of] p1a: Illumise\n|move|p2a: Yoimiya|Pollen Puff|p2b: Aschenpelz\n|-heal|p2b: Aschenpelz|100\/100\n|move|p2b: Aschenpelz|Heavy Slam|p1a: Illumise\n|-damage|p1a: Illumise|60\/100\n|\n|-weather|none\n|-damage|p2a: Yoimiya|35\/100|[from] move: Infestation|[partiallytrapped]\n|upkeep\n|turn|7\n|inactive|Leon Karmae has 30 seconds left.\n|inactive|Elektrogod has 30 seconds left.\n|\n|t:|1700682242\n|move|p2a: Yoimiya|Rage Powder|p2a: Yoimiya\n|-singleturn|p2a: Yoimiya|move: Rage Powder\n|move|p1a: Illumise|Infestation|p2a: Yoimiya\n|-supereffective|p2a: Yoimiya\n|-damage|p2a: Yoimiya|18\/100\n|move|p1b: Gholdengo|Shadow Ball|p2a: Yoimiya\n|-resisted|p2a: Yoimiya\n|-damage|p2a: Yoimiya|0 fnt\n|faint|p2a: Yoimiya\n|-end|p2a: Yoimiya|Protosynthesis|[silent]\n|-damage|p1b: Gholdengo|81\/100|[from] item: Life Orb\n|move|p2b: Aschenpelz|Heavy Slam|p1a: Illumise\n|-damage|p1a: Illumise|19\/100\n|\n|upkeep\n|\n|t:|1700682254\n|switch|p2a: Nezuko|Ninetales-Alola, L50, F, shiny, tera:Ground|100\/100\n|-weather|Snow|[from] ability: Snow Warning|[of] p2a: Nezuko\n|turn|8\n|\n|t:|1700682273\n|move|p1a: Illumise|Tailwind|p1a: Illumise\n|-sidestart|p1: Leon Karmae|move: Tailwind\n|move|p1b: Gholdengo|Shadow Ball|p2a: Nezuko\n|-damage|p2a: Nezuko|37\/100\n|-damage|p1b: Gholdengo|71\/100|[from] item: Life Orb\n|move|p2a: Nezuko|Tera Blast|p1b: Gholdengo|[anim] Tera Blast Ground\n|-supereffective|p1b: Gholdengo\n|-damage|p1b: Gholdengo|0 fnt\n|faint|p1b: Gholdengo\n|move|p2b: Aschenpelz|Heavy Slam|p1a: Illumise\n|-damage|p1a: Illumise|0 fnt\n|faint|p1a: Illumise\n|\n|win|Elektrogod\n|c|\u2606Elektrogod|ggs\n|c| Not our Business|wo bo3?\n|c| Not our Business|xD\n|c|\u2606Elektrogod|xD\n","uploadtime":1700682300,"views":1,"p1id":"leonkarmae","p2id":"elektrogod","formatid":"gen9vgc2023regulatione","rating":0,"private":0,"password":""}