{"id":"gen9vgc2023regulatione-1998090277","p1":"BieberDialga","p2":"kaloseevee","format":"[Gen 9] VGC 2023 Regulation E","log":"|j|\u2606BieberDialga\n|j|\u2606kaloseevee\n|n|\u2606BieberDialga|bieberdialga\n|n|\u2606kaloseevee|kaloseevee\n|html|View the match progress at <a href=\"\/game-bestof3-gen9vgc2023regulatione-1998090276\">game-bestof3-gen9vgc2023regulatione-1998090276<\/a>\n|t:|1700889642\n|gametype|doubles\n|player|p1|BieberDialga|larry|\n|player|p2|kaloseevee|serena|\n|teamsize|p1|6\n|teamsize|p2|6\n|gen|9\n|tier|[Gen 9] VGC 2023 Regulation E\n|rule|Species Clause: Limit one of each Pok\u00e9mon\n|rule|Item Clause: Limit one of each item\n|clearpoke\n|poke|p1|Landorus-Therian, L50, M|\n|poke|p1|Amoonguss, L50, M|\n|poke|p1|Iron Hands, L50|\n|poke|p1|Flutter Mane, L50|\n|poke|p1|Chien-Pao, L50|\n|poke|p1|Ogerpon-Wellspring, L50, F|\n|poke|p2|Landorus-Therian, L50, M|\n|poke|p2|Iron Hands, L50|\n|poke|p2|Chien-Pao, L50|\n|poke|p2|Flutter Mane, L50|\n|poke|p2|Ogerpon-Wellspring, L50, F|\n|poke|p2|Arcanine-Hisui, L50, F|\n|teampreview|4\nBieberDialga has agreed to open team sheets.\nkaloseevee has agreed to open team sheets.\n|showteam|p1|Landorus-Therian||ChoiceScarf|Intimidate|StompingTantrum,TeraBlast,Uturn,RockSlide|||M|||50|,,,,,Flying]Amoonguss||SitrusBerry|Regenerator|Protect,Spore,RagePowder,PollenPuff|||M|||50|,,,,,Water]Iron Hands||AssaultVest|QuarkDrive|DrainPunch,WildCharge,FakeOut,VoltSwitch||||||50|,,,,,Fire]Flutter Mane||ChoiceSpecs|Protosynthesis|Moonblast,DazzlingGleam,ShadowBall,IcyWind||||||50|,,,,,Fairy]Chien-Pao||FocusSash|SwordofRuin|IceSpinner,SuckerPunch,SacredSword,Protect||||||50|,,,,,Ghost]Ogerpon-Wellspring||WellspringMask|WaterAbsorb|SwordsDance,HornLeech,IvyCudgel,SpikyShield|||F|||50|,,,,,Water\n|showteam|p2|Landorus-Therian||ChoiceScarf|Intimidate|StompingTantrum,RockSlide,Uturn,TeraBlast|||M|||50|,,,,,Flying]Iron Hands||AssaultVest|QuarkDrive|DrainPunch,WildCharge,HeavySlam,FakeOut||||||50|,,,,,Water]Chien-Pao||FocusSash|SwordofRuin|IceSpinner,SacredSword,SuckerPunch,Protect||||||50|,,,,,Ghost]Flutter Mane||ChoiceSpecs|Protosynthesis|Moonblast,ShadowBall,DazzlingGleam,IcyWind||||||50|,,,,,Fairy]Ogerpon-Wellspring||WellspringMask|WaterAbsorb|IvyCudgel,HornLeech,SwordsDance,SpikyShield|||F|||50|,,,,,Water]Arcanine-Hisui||ChoiceBand|Intimidate|FlareBlitz,RockSlide,ExtremeSpeed,HeadSmash|||F|||50|,,,,,Normal\n|c|\u2606kaloseevee|only in ohio\n|c|\u2606kaloseevee|- noelan\n|inactive|Battle timer is ON: inactive players will automatically lose when time's up. (requested by kaloseevee)\n|\n|t:|1700889942\n|start\n|switch|p1a: Wario|Landorus-Therian, L50, M|100\/100\n|switch|p1b: King Dedede|Iron Hands, L50|100\/100\n|switch|p2a: Flutter Mane|Flutter Mane, L50|100\/100\n|switch|p2b: Iron Hands|Iron Hands, L50|100\/100\n|-ability|p1a: Wario|Intimidate|boost\n|-unboost|p2a: Flutter Mane|atk|1\n|-unboost|p2b: Iron Hands|atk|1\n|turn|1\n|inactiveoff|Battle timer is now OFF.\n|\n|t:|1700889982\n|move|p1b: King Dedede|Fake Out|p2b: Iron Hands\n|-damage|p2b: Iron Hands|90\/100\n|cant|p2b: Iron Hands|flinch\n|move|p1a: Wario|Stomping Tantrum|p2a: Flutter Mane\n|-damage|p2a: Flutter Mane|20\/100\n|move|p2a: Flutter Mane|Dazzling Gleam|p1b: King Dedede|[spread] p1a,p1b\n|-supereffective|p1b: King Dedede\n|-damage|p1a: Wario|49\/100\n|-damage|p1b: King Dedede|56\/100\n|\n|upkeep\n|turn|2\n|\n|t:|1700890038\n|-end|p2a: Flutter Mane|Protosynthesis|[silent]\n|switch|p2a: Ogerpon|Ogerpon-Wellspring, L50, F|100\/100\n|-end|p1b: King Dedede|Quark Drive|[silent]\n|switch|p1b: Olimar|Amoonguss, L50, M|100\/100\n|-terastallize|p2b: Iron Hands|Water\n|move|p1a: Wario|Stomping Tantrum|p2b: Iron Hands\n|-damage|p2b: Iron Hands|58\/100\n|move|p2b: Iron Hands|Heavy Slam|p1a: Wario\n|-damage|p1a: Wario|13\/100\n|\n|upkeep\n|turn|3\n|\n|t:|1700890084\n|switch|p1a: Samus|Ogerpon-Wellspring, L50, F|100\/100\n|move|p2a: Ogerpon|Spiky Shield|p2a: Ogerpon\n|-singleturn|p2a: Ogerpon|move: Protect\n|move|p2b: Iron Hands|Drain Punch|p1b: Olimar\n|-resisted|p1b: Olimar\n|-damage|p1b: Olimar|90\/100\n|-heal|p2b: Iron Hands|63\/100|[from] drain|[of] p1b: Olimar\n|move|p1b: Olimar|Spore|p2b: Iron Hands\n|-status|p2b: Iron Hands|slp|[from] move: Spore\n|\n|upkeep\n|turn|4\n|\n|t:|1700890189\n|-end|p2b: Iron Hands|Quark Drive|[silent]\n|switch|p2b: Flutter Mane|Flutter Mane, L50|20\/100\n|switch|p1b: King Dedede|Iron Hands, L50|56\/100\n|move|p1a: Samus|Swords Dance|p1a: Samus\n|-boost|p1a: Samus|atk|2\n|move|p2a: Ogerpon|Horn Leech|p1a: Samus\n|-damage|p1a: Samus|53\/100\n|\n|upkeep\n|turn|5\n|\n|t:|1700890220\n|-end|p1b: King Dedede|Quark Drive|[silent]\n|switch|p1b: Olimar|Amoonguss, L50, M|100\/100\n|move|p1a: Samus|Spiky Shield|p1a: Samus\n|-singleturn|p1a: Samus|move: Protect\n|move|p2a: Ogerpon|Spiky Shield|p2a: Ogerpon\n|-singleturn|p2a: Ogerpon|move: Protect\n|move|p2b: Flutter Mane|Shadow Ball|p1a: Samus\n|-activate|p1a: Samus|move: Protect\n|\n|upkeep\n|turn|6\n|\n|t:|1700890245\n|-end|p2b: Flutter Mane|Protosynthesis|[silent]\n|switch|p2b: Iron Hands|Iron Hands, L50, tera:Water|63\/100 slp\n|move|p1b: Olimar|Rage Powder|p1b: Olimar\n|-singleturn|p1b: Olimar|move: Rage Powder\n|move|p1a: Samus|Horn Leech|p2b: Iron Hands\n|-supereffective|p2b: Iron Hands\n|-damage|p2b: Iron Hands|0 fnt\n|-heal|p1a: Samus|94\/100|[from] drain|[of] p2b: Iron Hands\n|faint|p2b: Iron Hands\n|-end|p2b: Iron Hands|Quark Drive|[silent]\n|move|p2a: Ogerpon|Horn Leech|p1a: Samus\n|-damage|p1a: Samus|45\/100\n|\n|upkeep\n|\n|t:|1700890279\n|switch|p2b: Chien-Pao|Chien-Pao, L50|100\/100\n|-ability|p2b: Chien-Pao|Sword of Ruin\n|turn|7\n|\n|t:|1700890335\n|move|p1a: Samus|Spiky Shield|p1a: Samus\n|-singleturn|p1a: Samus|move: Protect\n|move|p2a: Ogerpon|Spiky Shield|p2a: Ogerpon\n|-singleturn|p2a: Ogerpon|move: Protect\n|move|p2b: Chien-Pao|Ice Spinner|p1b: Olimar\n|-supereffective|p1b: Olimar\n|-damage|p1b: Olimar|24\/100\n|-enditem|p1b: Olimar|Sitrus Berry|[eat]\n|-heal|p1b: Olimar|49\/100|[from] item: Sitrus Berry\n|move|p1b: Olimar|Spore|p2b: Chien-Pao\n|-status|p2b: Chien-Pao|slp|[from] move: Spore\n|\n|upkeep\n|turn|8\n|\n|t:|1700890395\n|cant|p2b: Chien-Pao|slp\n|move|p1a: Samus|Horn Leech|p2a: Ogerpon\n|-damage|p2a: Ogerpon|0 fnt\n|-heal|p1a: Samus|95\/100|[from] drain|[of] p2a: Ogerpon\n|faint|p2a: Ogerpon\n|move|p1b: Olimar|Pollen Puff|p2b: Chien-Pao\n|-supereffective|p2b: Chien-Pao\n|-damage|p2b: Chien-Pao|39\/100 slp\n|\n|upkeep\n|\n|t:|1700890401\n|switch|p2a: Flutter Mane|Flutter Mane, L50|20\/100\n|turn|9\n|\n|t:|1700890478\n|-terastallize|p1a: Samus|Water\n|detailschange|p1a: Samus|Ogerpon-Wellspring-Tera, L50, F, tera:Water\n|-ability|p1a: Samus|Embody Aspect (Wellspring)|boost\n|-boost|p1a: Samus|spd|1\n|move|p1b: Olimar|Rage Powder|p1b: Olimar\n|-singleturn|p1b: Olimar|move: Rage Powder\n|cant|p2b: Chien-Pao|slp\n|move|p2a: Flutter Mane|Shadow Ball|p1b: Olimar\n|-damage|p1b: Olimar|0 fnt\n|faint|p1b: Olimar\n|move|p1a: Samus|Horn Leech|p2a: Flutter Mane\n|-damage|p2a: Flutter Mane|0 fnt\n|-heal|p1a: Samus|100\/100|[from] drain|[of] p2a: Flutter Mane\n|faint|p2a: Flutter Mane\n|-end|p2a: Flutter Mane|Protosynthesis|[silent]\n|\n|upkeep\n|\n|t:|1700890497\n|switch|p1b: Wario|Landorus-Therian, L50, M|13\/100\n|-ability|p1b: Wario|Intimidate|boost\n|-unboost|p2b: Chien-Pao|atk|1\n|turn|10\n|\n|t:|1700890514\n|cant|p2b: Chien-Pao|slp\n|move|p1b: Wario|Stomping Tantrum|p2b: Chien-Pao\n|-damage|p2b: Chien-Pao|0 fnt\n|faint|p2b: Chien-Pao\n|\n|win|BieberDialga\n|c|&|\/uhtml prompt-kaloseevee,kaloseevee is ready for game 2!\n|inactive|BieberDialga has 50 seconds to confirm battle start!\n|inactive|BieberDialga has 40 seconds to confirm battle start!\n|j| C4CTUSK1NG\n|c|&|\/uhtml prompt-bieberdialga,BieberDialga is ready for game 2!\nBoth players are ready! Starting next match!\n","uploadtime":1700890547,"views":6,"p1id":"bieberdialga","p2id":"kaloseevee","formatid":"gen9vgc2023regulatione","rating":0,"private":0,"password":""}