{"id":"gen9vgc2023regulatione-1999435262","p1":"Jaacckk","p2":"Jippt351","format":"[Gen 9] VGC 2023 Regulation E","log":"|j|\u2606Jaacckk\n|j|\u2606Jippt351\n|t:|1701080040\n|gametype|doubles\n|player|p1|Jaacckk|fantina|1359\n|player|p2|Jippt351|266|1277\n|teamsize|p1|6\n|teamsize|p2|6\n|gen|9\n|tier|[Gen 9] VGC 2023 Regulation E\n|rated|\n|rule|Species Clause: Limit one of each Pok\u00e9mon\n|rule|Item Clause: Limit one of each item\n|clearpoke\n|poke|p1|Moltres-Galar, L50|\n|poke|p1|Grimmsnarl, L50, M|\n|poke|p1|Sinistcha, L50|\n|poke|p1|Arcanine-Hisui, L50, F|\n|poke|p1|Milotic, L50, F|\n|poke|p1|Iron Hands, L50|\n|poke|p2|Lilligant-Hisui, L50, F|\n|poke|p2|Torkoal, L50, F|\n|poke|p2|Regidrago, L50|\n|poke|p2|Ursaluna, L50, F|\n|poke|p2|Armarouge, L50, M|\n|poke|p2|Indeedee-F, L50, F|\n|teampreview|4\n|inactive|Battle timer is ON: inactive players will automatically lose when time's up. (requested by Jaacckk)\n|inactive|Jippt351 also wants the timer to be on.\n|\n|t:|1701080064\n|start\n|switch|p1a: Grimmsnarl|Grimmsnarl, L50, M|100\/100\n|switch|p1b: Moltres|Moltres-Galar, L50|100\/100\n|switch|p2a: Armarouge|Armarouge, L50, M|100\/100\n|switch|p2b: Indeedee|Indeedee-F, L50, F|100\/100\n|-fieldstart|move: Psychic Terrain|[from] ability: Psychic Surge|[of] p2b: Indeedee\n|turn|1\n|\n|t:|1701080075\n|move|p2b: Indeedee|Follow Me|p2b: Indeedee\n|-singleturn|p2b: Indeedee|move: Follow Me\n|move|p1a: Grimmsnarl|Light Screen|p1a: Grimmsnarl\n|-sidestart|p1: Jaacckk|move: Light Screen\n|move|p1b: Moltres|Nasty Plot|p1b: Moltres\n|-boost|p1b: Moltres|spa|2\n|move|p2a: Armarouge|Trick Room|p2a: Armarouge\n|-fieldstart|move: Trick Room|[of] p2a: Armarouge\n|\n|upkeep\n|turn|2\n|inactive|Jaacckk has 30 seconds left.\n|\n|t:|1701080105\n|move|p2b: Indeedee|Helping Hand|p2a: Armarouge\n|-singleturn|p2a: Armarouge|Helping Hand|[of] p2b: Indeedee\n|move|p2a: Armarouge|Heat Wave|p1b: Moltres|[spread] p1a,p1b\n|-damage|p1a: Grimmsnarl|51\/100\n|-damage|p1b: Moltres|63\/100\n|-status|p1a: Grimmsnarl|brn\n|-damage|p2a: Armarouge|91\/100|[from] item: Life Orb\n|move|p1a: Grimmsnarl|Spirit Break|p2b: Indeedee\n|-damage|p2b: Indeedee|84\/100\n|-unboost|p2b: Indeedee|spa|1\n|-damage|p1a: Grimmsnarl|35\/100 brn|[from] item: Rocky Helmet|[of] p2b: Indeedee\n|move|p1b: Moltres|Fiery Wrath|p2b: Indeedee|[spread] p2a,p2b\n|-supereffective|p2a: Armarouge\n|-supereffective|p2b: Indeedee\n|-damage|p2a: Armarouge|0 fnt\n|-damage|p2b: Indeedee|0 fnt\n|faint|p2a: Armarouge\n|faint|p2b: Indeedee\n|\n|-damage|p1a: Grimmsnarl|29\/100 brn|[from] brn\n|upkeep\n|\n|t:|1701080116\n|switch|p2a: Ursaluna|Ursaluna, L50, F|100\/100\n|switch|p2b: Torkoal|Torkoal, L50, F|100\/100\n|-weather|SunnyDay|[from] ability: Drought|[of] p2b: Torkoal\n|turn|3\n|inactive|Jaacckk has 30 seconds left.\n|\n|t:|1701080144\n|-terastallize|p2b: Torkoal|Fire\n|move|p1b: Moltres|Protect|p1b: Moltres\n|-singleturn|p1b: Moltres|Protect\n|move|p1a: Grimmsnarl|Parting Shot|p2a: Ursaluna\n|-activate|p2a: Ursaluna|move: Psychic Terrain\n|move|p2b: Torkoal|Eruption|p1b: Moltres|[spread] p1a\n|-activate|p1b: Moltres|move: Protect\n|-damage|p1a: Grimmsnarl|0 fnt\n|faint|p1a: Grimmsnarl\n|move|p2a: Ursaluna|Facade|p1b: Moltres\n|-activate|p1b: Moltres|move: Protect\n|\n|-weather|SunnyDay|[upkeep]\n|-status|p2a: Ursaluna|brn|[from] item: Flame Orb\n|upkeep\n|\n|t:|1701080168\n|switch|p1a: Arcanine|Arcanine-Hisui, L50, F|100\/100\n|-ability|p1a: Arcanine|Intimidate|boost\n|-unboost|p2a: Ursaluna|atk|1\n|-unboost|p2b: Torkoal|atk|1\n|turn|4\n|\n|t:|1701080187\n|move|p1a: Arcanine|Extreme Speed|p2b: Torkoal\n|-activate|p2b: Torkoal|move: Psychic Terrain\n|move|p2b: Torkoal|Eruption|p1a: Arcanine|[spread] p1a,p1b\n|-resisted|p1a: Arcanine\n|-damage|p1a: Arcanine|77\/100\n|-damage|p1b: Moltres|5\/100\n|-ability|p1b: Moltres|Berserk|boost\n|-boost|p1b: Moltres|spa|1\n|-enditem|p1b: Moltres|Sitrus Berry|[eat]\n|-heal|p1b: Moltres|29\/100|[from] item: Sitrus Berry\n|move|p2a: Ursaluna|Headlong Rush|p1a: Arcanine\n|-supereffective|p1a: Arcanine\n|-damage|p1a: Arcanine|0 fnt\n|-unboost|p2a: Ursaluna|def|1\n|-unboost|p2a: Ursaluna|spd|1\n|faint|p1a: Arcanine\n|move|p1b: Moltres|Fiery Wrath|p2b: Torkoal|[spread] p2a,p2b\n|-damage|p2a: Ursaluna|13\/100 brn\n|-damage|p2b: Torkoal|19\/100\n|\n|-weather|SunnyDay|[upkeep]\n|-damage|p2a: Ursaluna|7\/100 brn|[from] brn\n|upkeep\n|\n|t:|1701080199\n|switch|p1a: Sinistcha|Sinistcha, L50|100\/100\n|-heal|p1b: Moltres|54\/100|[from] ability: Hospitality|[of] p1a: Sinistcha\n|turn|5\n|\n|t:|1701080216\n|move|p1a: Sinistcha|Rage Powder|p1a: Sinistcha\n|-singleturn|p1a: Sinistcha|move: Rage Powder\n|move|p2b: Torkoal|Eruption|p1a: Sinistcha|[spread] p1a,p1b\n|-supereffective|p1a: Sinistcha\n|-damage|p1a: Sinistcha|74\/100\n|-damage|p1b: Moltres|42\/100\n|-ability|p1b: Moltres|Berserk|boost\n|-boost|p1b: Moltres|spa|1\n|move|p2a: Ursaluna|Facade|p1a: Sinistcha\n|-immune|p1a: Sinistcha\n|move|p1b: Moltres|Fiery Wrath|p2a: Ursaluna|[spread] p2a,p2b\n|-damage|p2a: Ursaluna|0 fnt\n|-damage|p2b: Torkoal|0 fnt\n|faint|p2a: Ursaluna\n|faint|p2b: Torkoal\n|\n|win|Jaacckk\n|raw|Jaacckk's rating: 1359 &rarr; <strong>1374<\/strong><br \/>(+15 for winning)\n|raw|Jippt351's rating: 1277 &rarr; <strong>1258<\/strong><br \/>(-19 for losing)\n","uploadtime":1701080227,"views":11,"p1id":"jaacckk","p2id":"jippt351","formatid":"gen9vgc2023regulatione","rating":1258,"private":0,"password":""}