{"id":"gen9vgc2023regulatione-1996707267","p1":"RIKASLOVER","p2":"Nuggetz0_0","format":"[Gen 9] VGC 2023 Regulation E","log":"|j|\u2606RIKASLOVER\n|j|\u2606Nuggetz0_0\n|t:|1700712424\n|gametype|doubles\n|player|p1|RIKASLOVER|cynthia-masters|1109\n|player|p2|Nuggetz0_0|169|1117\n|teamsize|p1|6\n|teamsize|p2|6\n|gen|9\n|tier|[Gen 9] VGC 2023 Regulation E\n|rated|\n|rule|Species Clause: Limit one of each Pok\u00e9mon\n|rule|Item Clause: Limit one of each item\n|clearpoke\n|poke|p1|Tornadus, L50, M|\n|poke|p1|Arcanine-Hisui, L50, F|\n|poke|p1|Iron Hands, L50|\n|poke|p1|Amoonguss, L50, F|\n|poke|p1|Urshifu-*, L50, F|\n|poke|p1|Ogerpon-Wellspring, L50, F|\n|poke|p2|Ogerpon-Wellspring, L50, F|\n|poke|p2|Urshifu-*, L50, M|\n|poke|p2|Ursaluna-Bloodmoon, L50, M|\n|poke|p2|Flutter Mane, L50|\n|poke|p2|Sinistcha, L50|\n|poke|p2|Zoroark-Hisui, L50, F|\n|teampreview|4\n|inactive|Battle timer is ON: inactive players will automatically lose when time's up. (requested by RIKASLOVER)\n|\n|t:|1700712540\n|start\n|switch|p1a: Urshifu|Urshifu, L50, F|100\/100\n|switch|p1b: Arcanine|Arcanine-Hisui, L50, F|100\/100\n|switch|p2a: Sinistcha|Sinistcha, L50|100\/100\n|switch|p2b: Ursaluna|Ursaluna-Bloodmoon, L50, M|100\/100\n|-ability|p1b: Arcanine|Intimidate|boost\n|-unboost|p2a: Sinistcha|atk|1\n|-unboost|p2b: Ursaluna|atk|1\n|turn|1\n|inactive|Nuggetz0_0 has 30 seconds left.\n|inactive|RIKASLOVER has 30 seconds left.\n|inactive|Nuggetz0_0 has 20 seconds left.\n|inactive|Nuggetz0_0 has 15 seconds left.\n|\n|t:|1700712581\n|-terastallize|p2b: Ursaluna|Normal\n|move|p2a: Sinistcha|Icy Wind|p1a: Urshifu|[spread] p1a\n|-miss|p2a: Sinistcha|p1b: Arcanine\n|-damage|p1a: Urshifu|80\/100\n|-unboost|p1a: Urshifu|spe|1\n|move|p1b: Arcanine|Flare Blitz|p2b: Ursaluna\n|-damage|p2b: Ursaluna|41\/100\n|-damage|p1b: Arcanine|77\/100|[from] Recoil\n|move|p1a: Urshifu|Wicked Blow|p2a: Sinistcha\n|-supereffective|p2a: Sinistcha\n|-crit|p2a: Sinistcha\n|-damage|p2a: Sinistcha|0 fnt\n|replace|p2a: Zoroark|Zoroark-Hisui, L50, F\n|-end|p2a: Zoroark|Illusion\n|faint|p2a: Zoroark\n|move|p2b: Ursaluna|Blood Moon|p1a: Urshifu\n|-damage|p1a: Urshifu|0 fnt\n|faint|p1a: Urshifu\n|\n|upkeep\n|\n|t:|1700712601\n|switch|p2a: Urshifu|Urshifu, L50, M|100\/100\n|switch|p1a: Amoonguss|Amoonguss, L50, F|100\/100\n|turn|2\n|\n|t:|1700712618\n|switch|p1b: Tornadus|Tornadus, L50, M|100\/100\n|switch|p2b: Sinistcha|Sinistcha, L50|100\/100\n|move|p2a: Urshifu|Close Combat|p1b: Tornadus\n|-resisted|p1b: Tornadus\n|-damage|p1b: Tornadus|63\/100\n|-unboost|p2a: Urshifu|def|1\n|-unboost|p2a: Urshifu|spd|1\n|-damage|p2a: Urshifu|84\/100|[from] item: Rocky Helmet|[of] p1b: Tornadus\n|move|p1a: Amoonguss|Spore|p2a: Urshifu\n|-status|p2a: Urshifu|slp|[from] move: Spore\n|\n|upkeep\n|turn|3\n|\n|t:|1700712639\n|cant|p2a: Urshifu|slp\n|move|p1b: Tornadus|Bleakwind Storm|p2b: Sinistcha|[spread] p2a,p2b\n|-supereffective|p2a: Urshifu\n|-supereffective|p2b: Sinistcha\n|-damage|p2a: Urshifu|0 fnt\n|-damage|p2b: Sinistcha|13\/100\n|faint|p2a: Urshifu\n|move|p1a: Amoonguss|Pollen Puff|p1b: Tornadus\n|-heal|p1b: Tornadus|100\/100\n|move|p2b: Sinistcha|Trick Room|p2b: Sinistcha\n|-fieldstart|move: Trick Room|[of] p2b: Sinistcha\n|\n|upkeep\n|\n|t:|1700712643\n|switch|p2a: Ursaluna|Ursaluna-Bloodmoon, L50, M, tera:Normal|41\/100\n|turn|4\n|\n|t:|1700712663\n|move|p1a: Amoonguss|Rage Powder|p1a: Amoonguss\n|-singleturn|p1a: Amoonguss|move: Rage Powder\n|move|p2a: Ursaluna|Blood Moon|p1a: Amoonguss\n|-damage|p1a: Amoonguss|0 fnt\n|faint|p1a: Amoonguss\n|move|p2b: Sinistcha|Strength Sap|p1b: Tornadus\n|-unboost|p1b: Tornadus|atk|1\n|-heal|p2b: Sinistcha|74\/100\n|move|p1b: Tornadus|Bleakwind Storm|p2b: Sinistcha|[spread] p2a,p2b\n|-supereffective|p2b: Sinistcha\n|-damage|p2a: Ursaluna|14\/100\n|-damage|p2b: Sinistcha|0 fnt\n|faint|p2b: Sinistcha\n|\n|upkeep\n|\n|t:|1700712675\n|switch|p1a: Arcanine|Arcanine-Hisui, L50, F|77\/100\n|-ability|p1a: Arcanine|Intimidate|boost\n|-unboost|p2a: Ursaluna|atk|1\n|turn|5\n|\n|t:|1700712680\n|move|p1a: Arcanine|Extreme Speed|p2a: Ursaluna\n|-damage|p2a: Ursaluna|0 fnt\n|faint|p2a: Ursaluna\n|\n|win|RIKASLOVER\n|raw|RIKASLOVER's rating: 1109 &rarr; <strong>1135<\/strong><br \/>(+26 for winning)\n|raw|Nuggetz0_0's rating: 1117 &rarr; <strong>1091<\/strong><br \/>(-26 for losing)\n|l|\u2606Nuggetz0_0\n","uploadtime":1700712686,"views":5,"p1id":"rikaslover","p2id":"nuggetz00","formatid":"gen9vgc2023regulatione","rating":1091,"private":0,"password":""}