{"id":"gen9vgc2023regulatione-1990898713","p1":"carpe_panem","p2":"garbagemon squad","format":"[Gen 9] VGC 2023 Regulation E","log":"|j|\u2606carpe_panem\n|j|\u2606garbagemon squad\n|t:|1700012813\n|gametype|doubles\n|player|p1|carpe_panem|169|1062\n|player|p2|garbagemon squad|elesa|1086\n|teamsize|p1|6\n|teamsize|p2|6\n|gen|9\n|tier|[Gen 9] VGC 2023 Regulation E\n|rated|\n|rule|Species Clause: Limit one of each Pok\u00e9mon\n|rule|Item Clause: Limit one of each item\n|clearpoke\n|poke|p1|Torterra, L50, M|\n|poke|p1|Grimmsnarl, L50, M|\n|poke|p1|Urshifu-*, L50, M|\n|poke|p1|Cresselia, L50, F|\n|poke|p1|Ursaluna-Bloodmoon, L50, M|\n|poke|p1|Dusclops, L50, M|\n|poke|p2|Slowking-Galar, L50, M|\n|poke|p2|Gallade, L50, M|\n|poke|p2|Torkoal, L50, M|\n|poke|p2|Sunflora, L50, F|\n|poke|p2|Dusknoir, L50, M|\n|poke|p2|Ursaluna, L50, M|\n|teampreview|4\n|\n|t:|1700012861\n|start\n|switch|p1a: Torterra|Torterra, L50, M|100\/100\n|switch|p1b: Grimmsnarl|Grimmsnarl, L50, M|100\/100\n|switch|p2a: Slowking|Slowking-Galar, L50, M|100\/100\n|switch|p2b: Gallade|Gallade, L50, M|100\/100\n|-item|p2a: Slowking|Air Balloon\n|turn|1\n|\n|t:|1700012887\n|move|p1b: Grimmsnarl|Light Screen|p1b: Grimmsnarl\n|-sidestart|p1: carpe_panem|move: Light Screen\n|move|p1a: Torterra|Iron Defense|p1a: Torterra\n|-boost|p1a: Torterra|def|2\n|move|p2a: Slowking|Psychic|p1a: Torterra\n|-damage|p1a: Torterra|80\/100\n|move|p2b: Gallade|Trick Room|p2b: Gallade\n|-fieldstart|move: Trick Room|[of] p2b: Gallade\n|\n|upkeep\n|turn|2\n|\n|t:|1700012905\n|move|p1b: Grimmsnarl|Reflect|p1b: Grimmsnarl\n|-sidestart|p1: carpe_panem|Reflect\n|move|p2a: Slowking|Chilly Reception|p2a: Slowking\n|-weather|Snow\n|\n|t:|1700012911\n|switch|p2a: Torkoal|Torkoal, L50, M|100\/100|[from] Chilly Reception\n|-weather|SunnyDay|[from] ability: Drought|[of] p2a: Torkoal\n|move|p1a: Torterra|Amnesia|p1a: Torterra\n|-boost|p1a: Torterra|spd|2\n|move|p2b: Gallade|Teleport|p2b: Gallade\n|\n|t:|1700012916\n|switch|p2b: Sunflora|Sunflora, L50, F|100\/100|[from] Teleport\n|\n|-weather|SunnyDay|[upkeep]\n|-damage|p2b: Sunflora|88\/100|[from] ability: Solar Power|[of] p2b: Sunflora\n|upkeep\n|turn|3\n|\n|t:|1700012933\n|-terastallize|p2b: Sunflora|Grass\n|-terastallize|p1a: Torterra|Fairy\n|move|p1b: Grimmsnarl|Parting Shot|p2a: Torkoal\n|-unboost|p2a: Torkoal|atk|1\n|-unboost|p2a: Torkoal|spa|1\n|\n|t:|1700012942\n|switch|p1b: Cresselia|Cresselia, L50, F|100\/100|[from] Parting Shot\n|move|p2a: Torkoal|Eruption|p1b: Cresselia|[spread] p1a,p1b\n|-damage|p1a: Torterra|67\/100\n|-damage|p1b: Cresselia|76\/100\n|move|p2b: Sunflora|Solar Beam||[still]\n|-prepare|p2b: Sunflora|Solar Beam\n|-anim|p2b: Sunflora|Solar Beam|p1a: Torterra\n|-damage|p1a: Torterra|15\/100\n|-enditem|p1a: Torterra|Sitrus Berry|[eat]\n|-heal|p1a: Torterra|40\/100|[from] item: Sitrus Berry\n|move|p1a: Torterra|Amnesia|p1a: Torterra\n|-boost|p1a: Torterra|spd|2\n|\n|-weather|SunnyDay|[upkeep]\n|-damage|p2b: Sunflora|76\/100|[from] ability: Solar Power|[of] p2b: Sunflora\n|upkeep\n|turn|4\n|\n|t:|1700012973\n|move|p2a: Torkoal|Eruption|p1a: Torterra|[spread] p1a,p1b\n|-damage|p1a: Torterra|30\/100\n|-damage|p1b: Cresselia|56\/100\n|move|p2b: Sunflora|Solar Beam||[still]\n|-prepare|p2b: Sunflora|Solar Beam\n|-anim|p2b: Sunflora|Solar Beam|p1a: Torterra\n|-damage|p1a: Torterra|0 fnt\n|faint|p1a: Torterra\n|move|p1b: Cresselia|Lunar Blessing|p1b: Cresselia\n|-heal|p1b: Cresselia|81\/100\n|\n|-weather|SunnyDay|[upkeep]\n|-damage|p2b: Sunflora|64\/100|[from] ability: Solar Power|[of] p2b: Sunflora\n|upkeep\n|\n|t:|1700012985\n|switch|p1a: Ursaluna|Ursaluna-Bloodmoon, L50, M|100\/100\n|turn|5\n|\n|t:|1700013012\n|move|p1a: Ursaluna|Protect|p1a: Ursaluna\n|-singleturn|p1a: Ursaluna|Protect\n|move|p2a: Torkoal|Eruption|p1b: Cresselia|[spread] p1b\n|-activate|p1a: Ursaluna|move: Protect\n|-damage|p1b: Cresselia|57\/100\n|move|p2b: Sunflora|Solar Beam||[still]\n|-prepare|p2b: Sunflora|Solar Beam\n|-anim|p2b: Sunflora|Solar Beam|p1a: Ursaluna\n|-activate|p1a: Ursaluna|move: Protect\n|move|p1b: Cresselia|Trick Room|p1b: Cresselia\n|-fieldend|move: Trick Room\n|\n|-weather|SunnyDay|[upkeep]\n|-damage|p2b: Sunflora|52\/100|[from] ability: Solar Power|[of] p2b: Sunflora\n|upkeep\n|turn|6\n|\n|t:|1700013045\n|switch|p2b: Gallade|Gallade, L50, M|100\/100\n|switch|p2a: Slowking|Slowking-Galar, L50, M|100\/100\n|-item|p2a: Slowking|Air Balloon\n|move|p1b: Cresselia|Lunar Blessing|p1b: Cresselia|[spread] p1a,p1b\n|-heal|p1b: Cresselia|82\/100\n|move|p1a: Ursaluna|Blood Moon|p2b: Gallade\n|-damage|p2b: Gallade|2\/100\n|-damage|p1a: Ursaluna|91\/100|[from] item: Life Orb\n|\n|-weather|none\n|upkeep\n|turn|7\n|\n|t:|1700013072\n|move|p1b: Cresselia|Calm Mind|p1b: Cresselia\n|-boost|p1b: Cresselia|spa|1\n|-boost|p1b: Cresselia|spd|1\n|move|p2b: Gallade|Sacred Sword|p1a: Ursaluna\n|-supereffective|p1a: Ursaluna\n|-damage|p1a: Ursaluna|32\/100\n|move|p1a: Ursaluna|Hyper Voice|p2b: Gallade|[spread] p2a,p2b\n|-damage|p2a: Slowking|60\/100\n|-damage|p2b: Gallade|0 fnt\n|-enditem|p2a: Slowking|Air Balloon\n|faint|p2b: Gallade\n|-damage|p1a: Ursaluna|23\/100|[from] item: Life Orb\n|move|p2a: Slowking|Trick Room|p2a: Slowking\n|-fieldstart|move: Trick Room|[of] p2a: Slowking\n|\n|upkeep\n|\n|t:|1700013077\n|switch|p2b: Torkoal|Torkoal, L50, M|100\/100\n|-weather|SunnyDay|[from] ability: Drought|[of] p2b: Torkoal\n|turn|8\n|\n|t:|1700013093\n|move|p1a: Ursaluna|Protect|p1a: Ursaluna\n|-singleturn|p1a: Ursaluna|Protect\n|move|p2b: Torkoal|Eruption|p1a: Ursaluna|[spread] p1b\n|-activate|p1a: Ursaluna|move: Protect\n|-damage|p1b: Cresselia|60\/100\n|move|p2a: Slowking|Psychic|p1a: Ursaluna\n|-activate|p1a: Ursaluna|move: Protect\n|move|p1b: Cresselia|Trick Room|p1b: Cresselia\n|-fieldend|move: Trick Room\n|\n|-weather|SunnyDay|[upkeep]\n|-sideend|p1: carpe_panem|move: Light Screen\n|upkeep\n|turn|9\n|\n|t:|1700013114\n|move|p1b: Cresselia|Lunar Blessing|p1b: Cresselia|[spread] p1a,p1b\n|-heal|p1a: Ursaluna|48\/100\n|-heal|p1b: Cresselia|85\/100\n|move|p1a: Ursaluna|Earth Power|p2b: Torkoal\n|-supereffective|p2b: Torkoal\n|-damage|p2b: Torkoal|0 fnt\n|faint|p2b: Torkoal\n|-damage|p1a: Ursaluna|38\/100|[from] item: Life Orb\n|move|p2a: Slowking|Trick Room|p2a: Slowking\n|-fieldstart|move: Trick Room|[of] p2a: Slowking\n|\n|-weather|SunnyDay|[upkeep]\n|-sideend|p1: carpe_panem|Reflect\n|upkeep\n|\n|t:|1700013117\n|switch|p2b: Sunflora|Sunflora, L50, F, tera:Grass|52\/100\n|turn|10\n|\n|t:|1700013130\n|move|p1a: Ursaluna|Protect|p1a: Ursaluna\n|-singleturn|p1a: Ursaluna|Protect\n|move|p2b: Sunflora|Solar Beam||[still]\n|-prepare|p2b: Sunflora|Solar Beam\n|-anim|p2b: Sunflora|Solar Beam|p1a: Ursaluna\n|-activate|p1a: Ursaluna|move: Protect\n|move|p2a: Slowking|Sludge Bomb|p1b: Cresselia\n|-damage|p1b: Cresselia|68\/100\n|move|p1b: Cresselia|Trick Room|p1b: Cresselia\n|-fieldend|move: Trick Room\n|\n|-weather|SunnyDay|[upkeep]\n|-damage|p2b: Sunflora|40\/100|[from] ability: Solar Power|[of] p2b: Sunflora\n|upkeep\n|turn|11\n|\n|t:|1700013148\n|move|p1b: Cresselia|Lunar Blessing|p1b: Cresselia|[spread] p1a,p1b\n|-heal|p1a: Ursaluna|64\/100\n|-heal|p1b: Cresselia|93\/100\n|move|p1a: Ursaluna|Blood Moon|p2b: Sunflora\n|-damage|p2b: Sunflora|0 fnt\n|faint|p2b: Sunflora\n|-damage|p1a: Ursaluna|54\/100|[from] item: Life Orb\n|move|p2a: Slowking|Sludge Bomb|p1b: Cresselia\n|-damage|p1b: Cresselia|76\/100\n|\n|-weather|SunnyDay|[upkeep]\n|upkeep\n|turn|12\n|l|\u2606garbagemon squad\n|player|p2|\n|inactive|Battle timer is ON: inactive players will automatically lose when time's up. (requested by carpe_panem)\n|inactive|garbagemon squad has 30 seconds to reconnect!\n|inactive|garbagemon squad has 20 seconds to reconnect!\n|inactive|garbagemon squad has 15 seconds to reconnect!\n|inactive|garbagemon squad has 10 seconds to reconnect!\n|inactive|garbagemon squad has 5 seconds to reconnect!\n|inactive|carpe_panem has 60 seconds left.\n|-message|garbagemon squad lost due to inactivity.\n|\n|win|carpe_panem\n|raw|carpe_panem's rating: 1062 &rarr; <strong>1095<\/strong><br \/>(+33 for winning)\n|raw|garbagemon squad's rating: 1086 &rarr; <strong>1062<\/strong><br \/>(-24 for losing)\n","uploadtime":1700013294,"views":6,"p1id":"carpepanem","p2id":"garbagemonsquad","formatid":"gen9vgc2023regulatione","rating":1062,"private":0,"password":""}