{"id":"gen9vgc2023regulatione-2000588039","p1":"CouchLamp","p2":"tovar_pk","format":"[Gen 9] VGC 2023 Regulation E","log":"|j|\u2606CouchLamp\n|j|\u2606tovar_pk\n|t:|1701208004\n|gametype|doubles\n|player|p1|CouchLamp|steven|\n|player|p2|tovar_pk|hilbert|\n|teamsize|p1|6\n|teamsize|p2|6\n|gen|9\n|tier|[Gen 9] VGC 2023 Regulation E\n|rated|Tournament battle\n|rule|Species Clause: Limit one of each Pok\u00e9mon\n|rule|Item Clause: Limit one of each item\n|clearpoke\n|poke|p1|Chien-Pao, L50|\n|poke|p1|Dragonite, L50, F|\n|poke|p1|Urshifu-*, L50, M|\n|poke|p1|Rillaboom, L50, M|\n|poke|p1|Heatran, L50, M|\n|poke|p1|Farigiraf, L50, F|\n|poke|p2|Ursaluna-Bloodmoon, L50, M|\n|poke|p2|Dusclops, L50, F|\n|poke|p2|Iron Hands, L50|\n|poke|p2|Roaring Moon, L50|\n|poke|p2|Flutter Mane, L50|\n|poke|p2|Urshifu-*, L50, M|\n|teampreview|4\n|showteam|p1|Chien-Pao||FocusSash|SwordofRuin|SuckerPunch,Protect,IcicleCrash,SacredSword||||||50|,,,,,Ghost]Dragonite||ChoiceBand|InnerFocus|ExtremeSpeed,Outrage,StompingTantrum,IceSpinner|||F|||50|,,,,,Normal]Urshifu-Rapid-Strike||ChoiceScarf|UnseenFist|SurgingStrikes,RockSlide,CloseCombat,Uturn|||M|||50|,,,,,Water]Rillaboom||MiracleSeed|GrassySurge|FakeOut,Protect,WoodHammer,GrassyGlide|||M|||50|,,,,,Fire]Heatran||AssaultVest|FlashFire|HeatWave,FlashCannon,TeraBlast,EarthPower|||M|||50|,,,,,Fairy]Farigiraf||RockyHelmet|ArmorTail|Psychic,HelpingHand,TrickRoom,DazzlingGleam|||F|||50|,,,,,Fairy\n|showteam|p2|Ursaluna-Bloodmoon||LifeOrb|MindsEye|HyperVoice,EarthPower,Protect,BloodMoon|||M|||50|,,,,,Normal]Dusclops||Eviolite|Pressure|HelpingHand,TrickRoom,WillOWisp,Hex|||F|||50|,,,,,Dark]Iron Hands||AssaultVest|QuarkDrive|HeavySlam,FakeOut,DrainPunch,WildCharge||||||50|,,,,,Water]Roaring Moon||BoosterEnergy|Protosynthesis|Acrobatics,BreakingSwipe,KnockOff,Protect||||||50|,,,,,Poison]Flutter Mane||ChoiceSpecs|Protosynthesis|Moonblast,ShadowBall,DazzlingGleam,IcyWind||||||50|,,,,,Fairy]Urshifu||FocusSash|UnseenFist|CloseCombat,WickedBlow,SuckerPunch,Protect|||M|||50|,,,,,Dark\n|inactive|Battle timer is ON: inactive players will automatically lose when time's up. (requested by tovar_pk)\n|c|\u2606CouchLamp|glhf\n|j| meuamigodouglas\n|c|\u2606tovar_pk|glhf\n|inactive|CouchLamp has 60 seconds left.\n|inactive|tovar_pk has 60 seconds left.\n|inactive|CouchLamp has 30 seconds left.\n|inactive|CouchLamp has 20 seconds left.\n|\n|t:|1701208079\n|start\n|switch|p1a: Farigiraf|Farigiraf, L50, F|100\/100\n|switch|p1b: Dragonite|Dragonite, L50, F|100\/100\n|switch|p2a: Dusclops|Dusclops, L50, F|100\/100\n|switch|p2b: Ursaluna|Ursaluna-Bloodmoon, L50, M|100\/100\n|-ability|p2a: Dusclops|Pressure\n|turn|1\n|inactive|tovar_pk has 30 seconds left.\n|\n|t:|1701208105\n|-terastallize|p2b: Ursaluna|Normal\n|move|p1a: Farigiraf|Helping Hand|p1b: Dragonite\n|-singleturn|p1b: Dragonite|Helping Hand|[of] p1a: Farigiraf\n|move|p2a: Dusclops|Helping Hand|p2b: Ursaluna\n|-singleturn|p2b: Ursaluna|Helping Hand|[of] p2a: Dusclops\n|move|p1b: Dragonite|Outrage|p2b: Ursaluna\n|-damage|p2b: Ursaluna|1\/100\n|move|p2b: Ursaluna|Hyper Voice|p1a: Farigiraf|[spread] p1a,p1b\n|-damage|p1a: Farigiraf|0 fnt\n|-damage|p1b: Dragonite|4\/100\n|faint|p1a: Farigiraf\n|-damage|p2b: Ursaluna|0 fnt|[from] item: Life Orb\n|faint|p2b: Ursaluna\n|\n|upkeep\n|\n|t:|1701208129\n|switch|p1a: Heatran|Heatran, L50, M|100\/100\n|switch|p2b: Iron Hands|Iron Hands, L50|100\/100\n|turn|2\n|\n|t:|1701208147\n|-terastallize|p1a: Heatran|Fairy\n|move|p2b: Iron Hands|Fake Out|p1b: Dragonite\n|-damage|p1b: Dragonite|0 fnt\n|faint|p1b: Dragonite\n|move|p1a: Heatran|Tera Blast|p2b: Iron Hands|[anim] Tera Blast Fairy\n|-supereffective|p2b: Iron Hands\n|-damage|p2b: Iron Hands|58\/100\n|move|p2a: Dusclops|Trick Room|p2a: Dusclops\n|-fieldstart|move: Trick Room|[of] p2a: Dusclops\n|\n|upkeep\n|\n|t:|1701208155\n|switch|p1b: Rillaboom|Rillaboom, L50, M|100\/100\n|-fieldstart|move: Grassy Terrain|[from] ability: Grassy Surge|[of] p1b: Rillaboom\n|turn|3\n|j| AtomX7VGC\n|inactive|CouchLamp has 30 seconds left.\n|\n|t:|1701208183\n|move|p1b: Rillaboom|Protect|p1b: Rillaboom\n|-singleturn|p1b: Rillaboom|Protect\n|move|p2a: Dusclops|Will-O-Wisp|p1a: Heatran\n|-start|p1a: Heatran|ability: Flash Fire\n|move|p2b: Iron Hands|Drain Punch|p1b: Rillaboom\n|-activate|p1b: Rillaboom|move: Protect\n|move|p1a: Heatran|Heat Wave|p2a: Dusclops|[spread] p2a,p2b\n|-damage|p2a: Dusclops|63\/100\n|-damage|p2b: Iron Hands|32\/100\n|\n|-heal|p2a: Dusclops|69\/100|[from] Grassy Terrain\n|-heal|p2b: Iron Hands|39\/100|[from] Grassy Terrain\n|upkeep\n|turn|4\n|\n|t:|1701208203\n|move|p2a: Dusclops|Will-O-Wisp|p1b: Rillaboom\n|-status|p1b: Rillaboom|brn\n|move|p2b: Iron Hands|Drain Punch|p1b: Rillaboom\n|-damage|p1b: Rillaboom|55\/100 brn\n|-heal|p2b: Iron Hands|57\/100|[from] drain|[of] p1b: Rillaboom\n|move|p1a: Heatran|Heat Wave|p2a: Dusclops|[spread] p2a,p2b\n|-damage|p2a: Dusclops|32\/100\n|-damage|p2b: Iron Hands|30\/100\n|move|p1b: Rillaboom|Wood Hammer|p2a: Dusclops\n|-damage|p2a: Dusclops|3\/100\n|-damage|p1b: Rillaboom|49\/100 brn|[from] Recoil\n|\n|-heal|p2a: Dusclops|9\/100|[from] Grassy Terrain\n|-heal|p2b: Iron Hands|36\/100|[from] Grassy Terrain\n|-heal|p1b: Rillaboom|55\/100 brn|[from] Grassy Terrain\n|-damage|p1b: Rillaboom|49\/100 brn|[from] brn\n|upkeep\n|turn|5\n|j| FBISurveillanceMan\n|\n|t:|1701208226\n|move|p2a: Dusclops|Helping Hand|p2b: Iron Hands\n|-singleturn|p2b: Iron Hands|Helping Hand|[of] p2a: Dusclops\n|move|p1b: Rillaboom|Grassy Glide|p2a: Dusclops\n|-damage|p2a: Dusclops|0 fnt\n|faint|p2a: Dusclops\n|move|p2b: Iron Hands|Drain Punch|p1b: Rillaboom\n|-damage|p1b: Rillaboom|0 fnt\n|-heal|p2b: Iron Hands|56\/100|[from] drain|[of] p1b: Rillaboom\n|faint|p1b: Rillaboom\n|move|p1a: Heatran|Tera Blast|p2b: Iron Hands|[anim] Tera Blast Fairy\n|-supereffective|p2b: Iron Hands\n|-damage|p2b: Iron Hands|15\/100\n|\n|-heal|p2b: Iron Hands|21\/100|[from] Grassy Terrain\n|upkeep\n|\n|t:|1701208240\n|switch|p2a: Urshifu|Urshifu, L50, M|100\/100\n|turn|6\n|inactive|tovar_pk has 30 seconds left.\n|\n|t:|1701208267\n|move|p2b: Iron Hands|Heavy Slam|p1a: Heatran\n|-supereffective|p1a: Heatran\n|-damage|p1a: Heatran|74\/100\n|move|p1a: Heatran|Heat Wave|p2a: Urshifu|[spread] p2a,p2b\n|-damage|p2a: Urshifu|22\/100\n|-damage|p2b: Iron Hands|0 fnt\n|faint|p2b: Iron Hands\n|-end|p2b: Iron Hands|Quark Drive|[silent]\n|move|p2a: Urshifu|Wicked Blow|p1a: Heatran\n|-resisted|p1a: Heatran\n|-crit|p1a: Heatran\n|-damage|p1a: Heatran|45\/100\n|\n|-heal|p1a: Heatran|52\/100|[from] Grassy Terrain\n|-heal|p2a: Urshifu|27\/100|[from] Grassy Terrain\n|-fieldend|move: Trick Room\n|upkeep\n|turn|7\n|c|\u2606CouchLamp|gg\n|c|\u2606tovar_pk|ggs\n|\n|t:|1701208283\n|move|p2a: Urshifu|Close Combat|p1a: Heatran\n|-resisted|p1a: Heatran\n|-damage|p1a: Heatran|22\/100\n|-unboost|p2a: Urshifu|def|1\n|-unboost|p2a: Urshifu|spd|1\n|move|p1a: Heatran|Tera Blast|p2a: Urshifu|[anim] Tera Blast Fairy\n|-supereffective|p2a: Urshifu\n|-damage|p2a: Urshifu|0 fnt\n|faint|p2a: Urshifu\n|\n|win|CouchLamp\n|n|\u2606CouchLamp|couchlamp\n|n|\u2606tovar_pk|tovarpk\n|n| meuamigodouglas|meuamigodouglas\n|n| AtomX7VGC|atomx7vgc\n|n| FBISurveillanceMan|fbisurveillanceman\n","uploadtime":1701208284,"views":0,"p1id":"couchlamp","p2id":"tovarpk","formatid":"gen9vgc2023regulatione","rating":0,"private":0,"password":""}