{"id":"gen9vgc2023regulatione-1988372723","p1":"JacopinoGenerale","p2":"wopowopo","format":"[Gen 9] VGC 2023 Regulation E","log":"|j|\u2606JacopinoGenerale\n|j|\u2606wopowopo\n|t:|1699715408\n|gametype|doubles\n|player|p1|JacopinoGenerale|benga|1151\n|player|p2|wopowopo|102|1071\n|teamsize|p1|6\n|teamsize|p2|6\n|gen|9\n|tier|[Gen 9] VGC 2023 Regulation E\n|rated|\n|rule|Species Clause: Limit one of each Pok\u00e9mon\n|rule|Item Clause: Limit one of each item\n|clearpoke\n|poke|p1|Ogerpon, L50, F|\n|poke|p1|Farigiraf, L50, F|\n|poke|p1|Dusclops, L50, F|\n|poke|p1|Ursaluna-Bloodmoon, L50, M|\n|poke|p1|Iron Hands, L50|\n|poke|p1|Urshifu-*, L50, F|\n|poke|p2|Dragonite, L50, F|\n|poke|p2|Flutter Mane, L50|\n|poke|p2|Chien-Pao, L50|\n|poke|p2|Ogerpon-Hearthflame, L50, F|\n|poke|p2|Annihilape, L50, M|\n|poke|p2|Maushold, L50|\n|teampreview|4\n|inactive|Battle timer is ON: inactive players will automatically lose when time's up. (requested by wopowopo)\n|inactive|JacopinoGenerale also wants the timer to be on.\n|\n|t:|1699715424\n|start\n|switch|p1a: Dusclops|Dusclops, L50, F|100\/100\n|switch|p1b: Ursaluna|Ursaluna-Bloodmoon, L50, M|100\/100\n|switch|p2a: Maushold|Maushold, L50|100\/100\n|switch|p2b: Annihilape|Annihilape, L50, M|100\/100\n|-item|p2a: Maushold|Wide Lens|[from] ability: Frisk|[of] p1a: Dusclops|[identify]\n|-item|p2b: Annihilape|Weakness Policy|[from] ability: Frisk|[of] p1a: Dusclops|[identify]\n|turn|1\n|\n|t:|1699715445\n|switch|p1b: Iron Hands|Iron Hands, L50|100\/100\n|-enditem|p1b: Iron Hands|Booster Energy\n|-activate|p1b: Iron Hands|ability: Quark Drive|[fromitem]\n|-start|p1b: Iron Hands|quarkdriveatk\n|-terastallize|p2a: Maushold|Normal\n|move|p2a: Maushold|Population Bomb|p1b: Iron Hands\n|-damage|p1b: Iron Hands|94\/100\n|-damage|p1b: Iron Hands|88\/100\n|-crit|p1b: Iron Hands\n|-damage|p1b: Iron Hands|80\/100\n|-damage|p1b: Iron Hands|74\/100\n|-damage|p1b: Iron Hands|68\/100\n|-damage|p1b: Iron Hands|61\/100\n|-damage|p1b: Iron Hands|55\/100\n|-damage|p1b: Iron Hands|50\/100\n|-damage|p1b: Iron Hands|44\/100\n|-damage|p1b: Iron Hands|38\/100\n|-hitcount|p1b: Iron Hands|10\n|move|p2b: Annihilape|Drain Punch|p1b: Iron Hands\n|-damage|p1b: Iron Hands|12\/100\n|move|p1a: Dusclops|Trick Room|p1a: Dusclops\n|-fieldstart|move: Trick Room|[of] p1a: Dusclops\n|\n|upkeep\n|turn|2\n|inactive|JacopinoGenerale has 30 seconds left.\n|inactive|wopowopo has 30 seconds left.\n|\n|t:|1699715479\n|move|p1a: Dusclops|Will-O-Wisp|p2b: Annihilape\n|-status|p2b: Annihilape|brn\n|move|p1b: Iron Hands|Close Combat|p2a: Maushold\n|-supereffective|p2a: Maushold\n|-crit|p2a: Maushold\n|-damage|p2a: Maushold|0 fnt\n|-unboost|p1b: Iron Hands|def|1\n|-unboost|p1b: Iron Hands|spd|1\n|faint|p2a: Maushold\n|move|p2b: Annihilape|Rage Fist|p1a: Dusclops\n|-supereffective|p1a: Dusclops\n|-damage|p1a: Dusclops|82\/100\n|\n|-damage|p2b: Annihilape|95\/100 brn|[from] brn\n|upkeep\n|\n|t:|1699715492\n|switch|p2a: Chien-Pao|Chien-Pao, L50|100\/100\n|-ability|p2a: Chien-Pao|Sword of Ruin\n|turn|3\n|\n|t:|1699715508\n|move|p2a: Chien-Pao|Sucker Punch|p1b: Iron Hands\n|-resisted|p1b: Iron Hands\n|-damage|p1b: Iron Hands|0 fnt\n|faint|p1b: Iron Hands\n|-end|p1b: Iron Hands|Quark Drive|[silent]\n|move|p1a: Dusclops|Will-O-Wisp|p2a: Chien-Pao|[miss]\n|-miss|p1a: Dusclops|p2a: Chien-Pao\n|move|p2b: Annihilape|Rock Slide|p1a: Dusclops\n|-damage|p1a: Dusclops|70\/100\n|\n|-damage|p2b: Annihilape|89\/100 brn|[from] brn\n|upkeep\n|\n|t:|1699715518\n|switch|p1b: Ursaluna|Ursaluna-Bloodmoon, L50, M|100\/100\n|turn|4\n|\n|t:|1699715535\n|-terastallize|p1b: Ursaluna|Normal\n|move|p1a: Dusclops|Brick Break|p2a: Chien-Pao\n|-supereffective|p2a: Chien-Pao\n|-damage|p2a: Chien-Pao|31\/100\n|move|p1b: Ursaluna|Hyper Voice|p2a: Chien-Pao|[spread] p2a,p2b\n|-damage|p2a: Chien-Pao|0 fnt\n|-damage|p2b: Annihilape|30\/100 brn\n|faint|p2a: Chien-Pao\n|move|p2b: Annihilape|Drain Punch|p1b: Ursaluna\n|-supereffective|p1b: Ursaluna\n|-damage|p1b: Ursaluna|70\/100\n|-heal|p2b: Annihilape|48\/100 brn|[from] drain|[of] p1b: Ursaluna\n|-enditem|p1b: Ursaluna|Weakness Policy\n|-boost|p1b: Ursaluna|atk|2|[from] item: Weakness Policy\n|-boost|p1b: Ursaluna|spa|2|[from] item: Weakness Policy\n|\n|-damage|p2b: Annihilape|42\/100 brn|[from] brn\n|upkeep\n|\n|t:|1699715545\n|switch|p2a: Ogerpon|Ogerpon-Hearthflame, L50, F|100\/100\n|-ability|p2a: Ogerpon|Mold Breaker\n|turn|5\n|-message|wopowopo forfeited.\n|\n|win|JacopinoGenerale\n|raw|JacopinoGenerale's rating: 1151 &rarr; <strong>1170<\/strong><br \/>(+19 for winning)\n|raw|wopowopo's rating: 1071 &rarr; <strong>1055<\/strong><br \/>(-16 for losing)\n|l|\u2606wopowopo\n","uploadtime":1699715579,"views":13,"p1id":"jacopinogenerale","p2id":"wopowopo","formatid":"gen9vgc2023regulatione","rating":1055,"private":0,"password":""}