{"id":"gen9vgc2023regulatione-1997774969","p1":"soap858","p2":"QrdeJegoMac","format":"[Gen 9] VGC 2023 Regulation E","log":"|j|\u2606soap858\n|j|\u2606QrdeJegoMac\n|t:|1700851303\n|gametype|doubles\n|player|p1|soap858|2|1622\n|player|p2|QrdeJegoMac|170|1539\n|teamsize|p1|6\n|teamsize|p2|6\n|gen|9\n|tier|[Gen 9] VGC 2023 Regulation E\n|rated|\n|rule|Species Clause: Limit one of each Pok\u00e9mon\n|rule|Item Clause: Limit one of each item\n|clearpoke\n|poke|p1|Armarouge, L50, F|\n|poke|p1|Indeedee-F, L50, F|\n|poke|p1|Urshifu-*, L50, F|\n|poke|p1|Flutter Mane, L50|\n|poke|p1|Iron Hands, L50|\n|poke|p1|Amoonguss, L50, F|\n|poke|p2|Chien-Pao, L50|\n|poke|p2|Arcanine-Hisui, L50, M|\n|poke|p2|Urshifu-*, L50, M|\n|poke|p2|Tornadus, L50, M|\n|poke|p2|Rillaboom, L50, M|\n|poke|p2|Flutter Mane, L50|\n|teampreview|4\n|inactive|Battle timer is ON: inactive players will automatically lose when time's up. (requested by QrdeJegoMac)\n|inactive|QrdeJegoMac has 60 seconds left.\n|\n|t:|1700851351\n|start\n|switch|p1a: Urshifu|Urshifu-Rapid-Strike, L50, F|100\/100\n|switch|p1b: Indeedee|Indeedee-F, L50, F|100\/100\n|switch|p2a: Tornadus|Tornadus, L50, M|100\/100\n|switch|p2b: Flutter Mane|Flutter Mane, L50|100\/100\n|-fieldstart|move: Psychic Terrain|[from] ability: Psychic Surge|[of] p1b: Indeedee\n|-enditem|p2b: Flutter Mane|Booster Energy\n|-activate|p2b: Flutter Mane|ability: Protosynthesis|[fromitem]\n|-start|p2b: Flutter Mane|protosynthesisspe\n|turn|1\n|\n|t:|1700851374\n|-end|p2b: Flutter Mane|Protosynthesis|[silent]\n|switch|p2b: Rillaboom|Rillaboom, L50, M|100\/100\n|-fieldstart|move: Grassy Terrain|[from] ability: Grassy Surge|[of] p2b: Rillaboom\n|-terastallize|p1a: Urshifu|Water\n|move|p2a: Tornadus|Taunt|p1b: Indeedee\n|-start|p1b: Indeedee|move: Taunt\n|move|p1a: Urshifu|U-turn|p2b: Rillaboom\n|-supereffective|p2b: Rillaboom\n|-damage|p2b: Rillaboom|48\/100\n|\n|t:|1700851394\n|switch|p1a: Armarouge|Armarouge, L50, F|100\/100|[from] U-turn\n|cant|p1b: Indeedee|move: Taunt|Trick Room\n|\n|-heal|p2b: Rillaboom|54\/100|[from] Grassy Terrain\n|upkeep\n|turn|2\n|\n|t:|1700851409\n|switch|p1b: Iron Hands|Iron Hands, L50|100\/100\n|move|p2b: Rillaboom|Fake Out|p1a: Armarouge\n|-damage|p1a: Armarouge|87\/100\n|move|p2a: Tornadus|Rain Dance|p2a: Tornadus\n|-weather|RainDance\n|cant|p1a: Armarouge|flinch\n|\n|-weather|RainDance|[upkeep]\n|-heal|p2b: Rillaboom|60\/100|[from] Grassy Terrain\n|-heal|p1a: Armarouge|93\/100|[from] Grassy Terrain\n|upkeep\n|turn|3\n|inactive|soap858 has 30 seconds left.\n|inactive|soap858 has 20 seconds left.\n|\n|t:|1700851445\n|-end|p1b: Iron Hands|Quark Drive|[silent]\n|switch|p1b: Indeedee|Indeedee-F, L50, F|100\/100\n|-fieldstart|move: Psychic Terrain|[from] ability: Psychic Surge|[of] p1b: Indeedee\n|move|p2a: Tornadus|Taunt|p1a: Armarouge\n|-activate|p1a: Armarouge|move: Psychic Terrain\n|move|p2b: Rillaboom|Stomping Tantrum|p1a: Armarouge\n|-supereffective|p1a: Armarouge\n|-damage|p1a: Armarouge|45\/100\n|move|p1a: Armarouge|Trick Room|p1a: Armarouge\n|-fieldstart|move: Trick Room|[of] p1a: Armarouge\n|\n|-weather|RainDance|[upkeep]\n|upkeep\n|turn|4\n|inactive|QrdeJegoMac has 30 seconds left.\n|inactive|QrdeJegoMac has 20 seconds left.\n|\n|t:|1700851481\n|switch|p2b: Flutter Mane|Flutter Mane, L50|100\/100\n|-terastallize|p2a: Tornadus|Dark\n|move|p1b: Indeedee|Helping Hand|p1a: Armarouge\n|-singleturn|p1a: Armarouge|Helping Hand|[of] p1b: Indeedee\n|move|p1a: Armarouge|Expanding Force|p2b: Flutter Mane|[spread] p2b\n|-immune|p2a: Tornadus\n|-damage|p2b: Flutter Mane|2\/100\n|-damage|p1a: Armarouge|36\/100|[from] item: Life Orb\n|move|p2a: Tornadus|Bleakwind Storm|p1a: Armarouge|[spread] p1a,p1b\n|-damage|p1a: Armarouge|5\/100\n|-damage|p1b: Indeedee|69\/100\n|\n|-weather|RainDance|[upkeep]\n|upkeep\n|turn|5\n|\n|t:|1700851503\n|-end|p2b: Flutter Mane|Protosynthesis|[silent]\n|switch|p2b: Rillaboom|Rillaboom, L50, M|60\/100\n|-fieldstart|move: Grassy Terrain|[from] ability: Grassy Surge|[of] p2b: Rillaboom\n|move|p2a: Tornadus|Taunt|p1b: Indeedee\n|-start|p1b: Indeedee|move: Taunt\n|move|p1b: Indeedee|Dazzling Gleam|p2a: Tornadus|[spread] p2a,p2b\n|-supereffective|p2a: Tornadus\n|-damage|p2a: Tornadus|75\/100\n|-damage|p2b: Rillaboom|50\/100\n|move|p1a: Armarouge|Armor Cannon|p2a: Tornadus\n|-damage|p2a: Tornadus|40\/100\n|-unboost|p1a: Armarouge|def|1\n|-unboost|p1a: Armarouge|spd|1\n|-damage|p1a: Armarouge|0 fnt|[from] item: Life Orb\n|faint|p1a: Armarouge\n|\n|-weather|RainDance|[upkeep]\n|-heal|p1b: Indeedee|76\/100|[from] Grassy Terrain\n|-heal|p2b: Rillaboom|56\/100|[from] Grassy Terrain\n|-heal|p2a: Tornadus|46\/100|[from] Grassy Terrain\n|upkeep\n|\n|t:|1700851522\n|switch|p1a: Iron Hands|Iron Hands, L50|100\/100\n|turn|6\n|\n|t:|1700851531\n|move|p1a: Iron Hands|Fake Out|p2b: Rillaboom\n|-damage|p2b: Rillaboom|42\/100\n|cant|p2b: Rillaboom|flinch\n|move|p1b: Indeedee|Dazzling Gleam|p2a: Tornadus|[spread] p2a,p2b\n|-supereffective|p2a: Tornadus\n|-crit|p2a: Tornadus\n|-damage|p2a: Tornadus|9\/100\n|-damage|p2b: Rillaboom|33\/100\n|move|p2a: Tornadus|Bleakwind Storm|p1b: Indeedee|[spread] p1a,p1b\n|-damage|p1a: Iron Hands|86\/100\n|-damage|p1b: Indeedee|45\/100\n|-enditem|p1b: Indeedee|Sitrus Berry|[eat]\n|-heal|p1b: Indeedee|69\/100|[from] item: Sitrus Berry\n|\n|-weather|none\n|-heal|p1a: Iron Hands|92\/100|[from] Grassy Terrain\n|-heal|p1b: Indeedee|76\/100|[from] Grassy Terrain\n|-heal|p2b: Rillaboom|38\/100|[from] Grassy Terrain\n|-heal|p2a: Tornadus|14\/100|[from] Grassy Terrain\n|upkeep\n|turn|7\n|\n|t:|1700851554\n|switch|p2b: Flutter Mane|Flutter Mane, L50|2\/100\n|switch|p2a: Arcanine|Arcanine-Hisui, L50, M|100\/100\n|-ability|p2a: Arcanine|Intimidate|boost\n|-unboost|p1a: Iron Hands|atk|1\n|-unboost|p1b: Indeedee|atk|1\n|move|p1a: Iron Hands|Drain Punch|p2b: Flutter Mane\n|-immune|p2b: Flutter Mane\n|move|p1b: Indeedee|Dazzling Gleam|p2a: Arcanine|[spread] p2a,p2b\n|-resisted|p2a: Arcanine\n|-damage|p2a: Arcanine|93\/100\n|-damage|p2b: Flutter Mane|0 fnt\n|faint|p2b: Flutter Mane\n|-end|p2b: Flutter Mane|Protosynthesis|[silent]\n|\n|-heal|p1a: Iron Hands|98\/100|[from] Grassy Terrain\n|-heal|p1b: Indeedee|82\/100|[from] Grassy Terrain\n|-heal|p2a: Arcanine|99\/100|[from] Grassy Terrain\n|-end|p1b: Indeedee|move: Taunt\n|-fieldend|move: Trick Room\n|upkeep\n|\n|t:|1700851578\n|switch|p2b: Tornadus|Tornadus, L50, M, tera:Dark|14\/100\n|turn|8\n|\n|t:|1700851591\n|switch|p1b: Urshifu|Urshifu-Rapid-Strike, L50, F, tera:Water|100\/100\n|move|p2b: Tornadus|Taunt|p1b: Urshifu\n|-start|p1b: Urshifu|move: Taunt\n|move|p2a: Arcanine|Head Smash|p1a: Iron Hands\n|-resisted|p1a: Iron Hands\n|-damage|p1a: Iron Hands|57\/100\n|-damage|p2a: Arcanine|71\/100|[from] Recoil\n|move|p1a: Iron Hands|Drain Punch|p2b: Tornadus\n|-supereffective|p2b: Tornadus\n|-damage|p2b: Tornadus|0 fnt\n|-heal|p1a: Iron Hands|62\/100|[from] drain|[of] p2b: Tornadus\n|faint|p2b: Tornadus\n|\n|-heal|p2a: Arcanine|77\/100|[from] Grassy Terrain\n|-heal|p1a: Iron Hands|69\/100|[from] Grassy Terrain\n|upkeep\n|\n|t:|1700851599\n|switch|p2b: Rillaboom|Rillaboom, L50, M|38\/100\n|turn|9\n|c|\u2606soap858|gg, very wp\n|\n|t:|1700851617\n|-end|p1a: Iron Hands|Quark Drive|[silent]\n|switch|p1a: Indeedee|Indeedee-F, L50, F|82\/100\n|-fieldstart|move: Psychic Terrain|[from] ability: Psychic Surge|[of] p1a: Indeedee\n|move|p1b: Urshifu|U-turn|p2b: Rillaboom\n|-supereffective|p2b: Rillaboom\n|-damage|p2b: Rillaboom|0 fnt\n|faint|p2b: Rillaboom\n|\n|t:|1700851625\n|switch|p1b: Iron Hands|Iron Hands, L50|69\/100|[from] U-turn\n|move|p2a: Arcanine|Head Smash|p1a: Indeedee|[miss]\n|-miss|p2a: Arcanine|p1a: Indeedee\n|\n|upkeep\n|turn|10\n|\n|t:|1700851632\n|move|p1a: Indeedee|Follow Me|p1a: Indeedee\n|-singleturn|p1a: Indeedee|move: Follow Me\n|move|p2a: Arcanine|Head Smash|p1a: Indeedee\n|-damage|p1a: Indeedee|0 fnt\n|faint|p1a: Indeedee\n|-damage|p2a: Arcanine|37\/100|[from] Recoil\n|move|p1b: Iron Hands|Drain Punch|p2a: Arcanine\n|-supereffective|p2a: Arcanine\n|-damage|p2a: Arcanine|0 fnt\n|-heal|p1b: Iron Hands|82\/100|[from] drain|[of] p2a: Arcanine\n|faint|p2a: Arcanine\n|\n|win|soap858\n|raw|soap858's rating: 1622 &rarr; <strong>1637<\/strong><br \/>(+15 for winning)\n|raw|QrdeJegoMac's rating: 1539 &rarr; <strong>1524<\/strong><br \/>(-15 for losing)\n","uploadtime":1700851648,"views":3,"p1id":"soap858","p2id":"qrdejegomac","formatid":"gen9vgc2023regulatione","rating":1524,"private":0,"password":""}