{"id":"gen9vgc2023regulatione-1988295934","p1":"Cobbafett","p2":"PissBreak","format":"[Gen 9] VGC 2023 Regulation E","log":"|j|\u2606Cobbafett\n|j|\u2606PissBreak\n|t:|1699703718\n|gametype|doubles\n|player|p1|Cobbafett|biker|1035\n|player|p2|PissBreak|ghetsis|1141\n|teamsize|p1|6\n|teamsize|p2|6\n|gen|9\n|tier|[Gen 9] VGC 2023 Regulation E\n|rated|\n|rule|Species Clause: Limit one of each Pok\u00e9mon\n|rule|Item Clause: Limit one of each item\n|clearpoke\n|poke|p1|Flutter Mane, L50|\n|poke|p1|Gholdengo, L50|\n|poke|p1|Tornadus, L50, M|\n|poke|p1|Politoed, L50, F|\n|poke|p1|Ludicolo, L50, F|\n|poke|p1|Chi-Yu, L50|\n|poke|p2|Tornadus, L50, M|\n|poke|p2|Rillaboom, L50, F|\n|poke|p2|Arcanine-Hisui, L50, F|\n|poke|p2|Urshifu-*, L50, F|\n|poke|p2|Kingambit, L50, M|\n|poke|p2|Roaring Moon, L50|\n|teampreview|4\n|inactive|Battle timer is ON: inactive players will automatically lose when time's up. (requested by PissBreak)\n|inactive|Cobbafett has 60 seconds left.\n|\n|t:|1699703750\n|start\n|switch|p1a: Ludicolo|Ludicolo, L50, F|100\/100\n|switch|p1b: Tornadus|Tornadus, L50, M|100\/100\n|switch|p2a: Rillaboom|Rillaboom, L50, F|100\/100\n|switch|p2b: Roaring Moon|Roaring Moon, L50|100\/100\n|-fieldstart|move: Grassy Terrain|[from] ability: Grassy Surge|[of] p2a: Rillaboom\n|-enditem|p2b: Roaring Moon|Booster Energy\n|-activate|p2b: Roaring Moon|ability: Protosynthesis|[fromitem]\n|-start|p2b: Roaring Moon|protosynthesisspe\n|turn|1\n|\n|t:|1699703771\n|move|p2a: Rillaboom|Fake Out|p1a: Ludicolo\n|-damage|p1a: Ludicolo|86\/100\n|cant|p1a: Ludicolo|flinch\n|move|p1b: Tornadus|Tailwind|p1b: Tornadus\n|-sidestart|p1: Cobbafett|move: Tailwind\n|move|p2b: Roaring Moon|Dragon Dance|p2b: Roaring Moon\n|-boost|p2b: Roaring Moon|atk|1\n|-boost|p2b: Roaring Moon|spe|1\n|\n|-heal|p1a: Ludicolo|92\/100|[from] Grassy Terrain\n|upkeep\n|turn|2\n|inactive|Cobbafett has 30 seconds left.\n|\n|t:|1699703800\n|switch|p1b: Politoed|Politoed, L50, F|100\/100\n|-weather|RainDance|[from] ability: Drizzle|[of] p1b: Politoed\n|switch|p2a: Tornadus|Tornadus, L50, M|100\/100\n|-terastallize|p2b: Roaring Moon|Flying\n|move|p2b: Roaring Moon|Acrobatics|p1a: Ludicolo\n|-supereffective|p1a: Ludicolo\n|-damage|p1a: Ludicolo|0 fnt\n|faint|p1a: Ludicolo\n|\n|-weather|RainDance|[upkeep]\n|upkeep\n|\n|t:|1699703818\n|switch|p1a: Tornadus|Tornadus, L50, M|100\/100\n|turn|3\n|\n|t:|1699703837\n|-terastallize|p1a: Tornadus|Flying\n|move|p2a: Tornadus|Tailwind|p2a: Tornadus\n|-sidestart|p2: PissBreak|move: Tailwind\n|move|p2b: Roaring Moon|Acrobatics|p1b: Politoed\n|-damage|p1b: Politoed|24\/100\n|-enditem|p1b: Politoed|Sitrus Berry|[eat]\n|-heal|p1b: Politoed|49\/100|[from] item: Sitrus Berry\n|move|p1a: Tornadus|Bleakwind Storm|p2b: Roaring Moon|[spread] p2a,p2b\n|-damage|p2a: Tornadus|41\/100\n|-damage|p2b: Roaring Moon|51\/100\n|-unboost|p2b: Roaring Moon|spe|1\n|move|p1b: Politoed|Ice Beam|p2b: Roaring Moon\n|-supereffective|p2b: Roaring Moon\n|-damage|p2b: Roaring Moon|19\/100\n|\n|-weather|RainDance|[upkeep]\n|-heal|p1b: Politoed|55\/100|[from] Grassy Terrain\n|upkeep\n|turn|4\n|inactive|Cobbafett has 30 seconds left.\n|\n|t:|1699703862\n|move|p2b: Roaring Moon|Protect|p2b: Roaring Moon\n|-singleturn|p2b: Roaring Moon|Protect\n|move|p1b: Politoed|Protect|p1b: Politoed\n|-singleturn|p1b: Politoed|Protect\n|move|p2a: Tornadus|Bleakwind Storm|p1a: Tornadus|[spread] p1a\n|-activate|p1b: Politoed|move: Protect\n|-damage|p1a: Tornadus|68\/100\n|move|p1a: Tornadus|Bleakwind Storm|p2b: Roaring Moon|[spread] p2a\n|-activate|p2b: Roaring Moon|move: Protect\n|-damage|p2a: Tornadus|0 fnt\n|faint|p2a: Tornadus\n|\n|-weather|RainDance|[upkeep]\n|-heal|p1b: Politoed|61\/100|[from] Grassy Terrain\n|-sideend|p1: Cobbafett|move: Tailwind\n|upkeep\n|\n|t:|1699703872\n|switch|p2a: Rillaboom|Rillaboom, L50, F|100\/100\n|turn|5\n|\n|t:|1699703890\n|switch|p1b: Chi-Yu|Chi-Yu, L50|100\/100\n|-ability|p1b: Chi-Yu|Beads of Ruin\n|move|p2a: Rillaboom|Grassy Glide|p1b: Chi-Yu\n|-resisted|p1b: Chi-Yu\n|-damage|p1b: Chi-Yu|72\/100\n|move|p2b: Roaring Moon|Acrobatics|p1a: Tornadus\n|-damage|p1a: Tornadus|0 fnt\n|faint|p1a: Tornadus\n|\n|-weather|RainDance|[upkeep]\n|-heal|p1b: Chi-Yu|78\/100|[from] Grassy Terrain\n|-fieldend|move: Grassy Terrain\n|upkeep\n|\n|t:|1699703908\n|switch|p1a: Politoed|Politoed, L50, F|61\/100\n|turn|6\n|\n|t:|1699703922\n|switch|p2a: Urshifu|Urshifu-Rapid-Strike, L50, F|100\/100\n|move|p1a: Politoed|Protect|p1a: Politoed\n|-singleturn|p1a: Politoed|Protect\n|move|p2b: Roaring Moon|Acrobatics|p1a: Politoed\n|-activate|p1a: Politoed|move: Protect\n|move|p1b: Chi-Yu|Heat Wave|p2a: Urshifu|[spread] p2a,p2b\n|-resisted|p2a: Urshifu\n|-damage|p2a: Urshifu|72\/100\n|-damage|p2b: Roaring Moon|0 fnt\n|faint|p2b: Roaring Moon\n|-end|p2b: Roaring Moon|Protosynthesis|[silent]\n|\n|-weather|none\n|-sideend|p2: PissBreak|move: Tailwind\n|upkeep\n|\n|t:|1699703927\n|switch|p2b: Rillaboom|Rillaboom, L50, F|100\/100\n|-fieldstart|move: Grassy Terrain|[from] ability: Grassy Surge|[of] p2b: Rillaboom\n|turn|7\n|inactive|Cobbafett has 30 seconds left.\n|\n|t:|1699703958\n|move|p1a: Politoed|Helping Hand|p1b: Chi-Yu\n|-singleturn|p1b: Chi-Yu|Helping Hand|[of] p1a: Politoed\n|move|p2b: Rillaboom|Fake Out|p1a: Politoed\n|-damage|p1a: Politoed|49\/100\n|move|p2a: Urshifu|Surging Strikes|p1b: Chi-Yu\n|-supereffective|p1b: Chi-Yu\n|-crit|p1b: Chi-Yu\n|-damage|p1b: Chi-Yu|13\/100\n|-supereffective|p1b: Chi-Yu\n|-crit|p1b: Chi-Yu\n|-damage|p1b: Chi-Yu|0 fnt\n|faint|p1b: Chi-Yu\n|-hitcount|p1: Chi-Yu|2\n|\n|-heal|p2a: Urshifu|78\/100|[from] Grassy Terrain\n|-heal|p1a: Politoed|55\/100|[from] Grassy Terrain\n|upkeep\n|turn|8\n|inactive|Cobbafett has 30 seconds left.\n|inactive|Cobbafett has 20 seconds left.\n|inactive|Cobbafett has 15 seconds left.\n|inactive|Cobbafett has 10 seconds left.\n|inactive|Cobbafett has 5 seconds left.\n|\n|t:|1699704013\n|move|p1a: Politoed|Protect|p1a: Politoed\n|-singleturn|p1a: Politoed|Protect\n|move|p2b: Rillaboom|Grassy Glide|p1a: Politoed\n|-activate|p1a: Politoed|move: Protect\n|move|p2a: Urshifu|Surging Strikes|p1a: Politoed\n|-resisted|p1a: Politoed\n|-crit|p1a: Politoed\n|-damage|p1a: Politoed|46\/100\n|-resisted|p1a: Politoed\n|-crit|p1a: Politoed\n|-damage|p1a: Politoed|37\/100\n|-resisted|p1a: Politoed\n|-crit|p1a: Politoed\n|-damage|p1a: Politoed|28\/100\n|-hitcount|p1a: Politoed|3\n|\n|-heal|p2a: Urshifu|84\/100|[from] Grassy Terrain\n|-heal|p1a: Politoed|34\/100|[from] Grassy Terrain\n|upkeep\n|turn|9\n|n|!PissBreak|pissbreak\n|inactive|Cobbafett has 30 seconds left.\n|inactive|PissBreak has 30 seconds left.\n|inactive|Cobbafett has 20 seconds left.\n|inactive|Cobbafett has 15 seconds left.\n|inactive|Cobbafett has 10 seconds left.\n|inactive|Cobbafett has 5 seconds left.\n|\n|t:|1699704071\n|move|p1a: Politoed|Protect||[still]\n|-fail|p1a: Politoed\n|move|p2b: Rillaboom|Grassy Glide|p1a: Politoed\n|-supereffective|p1a: Politoed\n|-damage|p1a: Politoed|0 fnt\n|faint|p1a: Politoed\n|\n|win|PissBreak\n|raw|Cobbafett's rating: 1035 &rarr; <strong>1024<\/strong><br \/>(-11 for losing)\n|raw|PissBreak's rating: 1141 &rarr; <strong>1159<\/strong><br \/>(+18 for winning)\n","uploadtime":1699704019,"views":21,"p1id":"cobbafett","p2id":"pissbreak","formatid":"gen9vgc2023regulatione","rating":1024,"private":0,"password":""}