{"id":"gen9vgc2023regulatione-1993147956","p1":"random0390","p2":"Fancy Cucudrula","format":"[Gen 9] VGC 2023 Regulation E","log":"|j|\u2606random0390\n|j|\u2606Fancy Cucudrula\n|n|\u2606random0390|random0390\n|n|\u2606Fancy Cucudrula|fancycucudrula\n|html|View the match progress at <a href=\"\/game-bestof3-gen9vgc2023regulatione-1993143643\">game-bestof3-gen9vgc2023regulatione-1993143643<\/a>\n|t:|1700270542\n|gametype|doubles\n|player|p1|random0390|pokemaniac|\n|player|p2|Fancy Cucudrula|valerie|\n|teamsize|p1|6\n|teamsize|p2|6\n|gen|9\n|tier|[Gen 9] VGC 2023 Regulation E\n|rule|Species Clause: Limit one of each Pok\u00e9mon\n|rule|Item Clause: Limit one of each item\n|clearpoke\n|poke|p1|Chien-Pao, L50|\n|poke|p1|Tornadus, L50, M|\n|poke|p1|Gholdengo, L50|\n|poke|p1|Urshifu-*, L50, F|\n|poke|p1|Arcanine-Hisui, L50, M|\n|poke|p1|Rillaboom, L50, F|\n|poke|p2|Flutter Mane, L50|\n|poke|p2|Amoonguss, L50, F|\n|poke|p2|Heatran, L50, F|\n|poke|p2|Iron Hands, L50|\n|poke|p2|Landorus-Therian, L50, M|\n|poke|p2|Chien-Pao, L50|\n|teampreview|4\n|inactive|Battle timer is ON: inactive players will automatically lose when time's up. (requested by Fancy Cucudrula)\nFancy Cucudrula has agreed to open team sheets.\n|c|\u2606Fancy Cucudrula|ACEPTA EL OTS\n|c|\u2606Fancy Cucudrula|Fong!\n|inactive|Fancy Cucudrula has 60 seconds left.\n|\n|t:|1700270576\n|start\n|switch|p1a: Tornadus|Tornadus, L50, M|100\/100\n|switch|p1b: Gholdengo|Gholdengo, L50|100\/100\n|switch|p2a: Lawrence|Heatran, L50, F, shiny|100\/100\n|switch|p2b: Mistress|Iron Hands, L50, shiny|100\/100\n|turn|1\n|inactive|random0390 has 30 seconds left.\n|inactive|random0390 has 20 seconds left.\n|inactive|random0390 has 15 seconds left.\n|inactive|random0390 has 10 seconds left.\n|\n|t:|1700270624\n|-terastallize|p1b: Gholdengo|Dragon\n|move|p1a: Tornadus|Bleakwind Storm|p2a: Lawrence|[spread] p2a,p2b\n|-resisted|p2a: Lawrence\n|-damage|p2a: Lawrence|87\/100\n|-damage|p2b: Mistress|84\/100\n|move|p1b: Gholdengo|Nasty Plot|p1b: Gholdengo\n|-boost|p1b: Gholdengo|spa|2\n|move|p2a: Lawrence|Heat Wave|p1a: Tornadus|[spread] p1a,p1b\n|-resisted|p1b: Gholdengo\n|-damage|p1a: Tornadus|59\/100\n|-damage|p1b: Gholdengo|84\/100\n|move|p2b: Mistress|Wild Charge|p1b: Gholdengo\n|-resisted|p1b: Gholdengo\n|-damage|p1b: Gholdengo|60\/100\n|-damage|p2b: Mistress|79\/100|[from] Recoil\n|\n|-heal|p1b: Gholdengo|66\/100|[from] item: Leftovers\n|upkeep\n|turn|2\n|inactive|random0390 has 30 seconds left.\n|inactive|Fancy Cucudrula has 30 seconds left.\n|inactive|random0390 has 20 seconds left.\n|\n|t:|1700270660\n|move|p1a: Tornadus|Tailwind|p1a: Tornadus\n|-sidestart|p1: random0390|move: Tailwind\n|move|p1b: Gholdengo|Shadow Ball|p2a: Lawrence\n|-crit|p2a: Lawrence\n|-damage|p2a: Lawrence|5\/100\n|-unboost|p2a: Lawrence|spd|1\n|move|p2a: Lawrence|Flash Cannon|p1b: Gholdengo\n|-damage|p1b: Gholdengo|23\/100\n|move|p2b: Mistress|Wild Charge|p1b: Gholdengo\n|-resisted|p1b: Gholdengo\n|-damage|p1b: Gholdengo|0 fnt\n|faint|p1b: Gholdengo\n|-damage|p2b: Mistress|74\/100|[from] Recoil\n|\n|upkeep\n|\n|t:|1700270676\n|switch|p1b: Urshifu|Urshifu-Rapid-Strike, L50, F|100\/100\n|turn|3\n|\n|t:|1700270682\n|-terastallize|p2b: Mistress|Water\n|move|p1b: Urshifu|Surging Strikes|p2b: Mistress\n|-resisted|p2b: Mistress\n|-crit|p2b: Mistress\n|-damage|p2b: Mistress|66\/100\n|-resisted|p2b: Mistress\n|-crit|p2b: Mistress\n|-damage|p2b: Mistress|57\/100\n|-resisted|p2b: Mistress\n|-crit|p2b: Mistress\n|-damage|p2b: Mistress|49\/100\n|-hitcount|p2b: Mistress|3\n|move|p1a: Tornadus|Bleakwind Storm|p2b: Mistress|[spread] p2a,p2b\n|-resisted|p2a: Lawrence\n|-damage|p2a: Lawrence|0 fnt\n|-damage|p2b: Mistress|32\/100\n|-unboost|p2b: Mistress|spe|1\n|faint|p2a: Lawrence\n|move|p2b: Mistress|Wild Charge|p1b: Urshifu\n|-supereffective|p1b: Urshifu\n|-damage|p1b: Urshifu|0 fnt\n|faint|p1b: Urshifu\n|-damage|p2b: Mistress|13\/100|[from] Recoil\n|\n|upkeep\n|\n|t:|1700270702\n|switch|p1b: Chien-Pao|Chien-Pao, L50|100\/100\n|switch|p2a: Brita Filter|Amoonguss, L50, F, shiny|100\/100\n|-ability|p1b: Chien-Pao|Sword of Ruin\n|turn|4\n|\n|t:|1700270726\n|move|p1b: Chien-Pao|Icicle Crash|p2a: Brita Filter\n|-supereffective|p2a: Brita Filter\n|-damage|p2a: Brita Filter|7\/100\n|move|p1a: Tornadus|Bleakwind Storm|p2b: Mistress|[spread] p2a,p2b\n|-supereffective|p2a: Brita Filter\n|-damage|p2a: Brita Filter|0 fnt\n|-damage|p2b: Mistress|0 fnt\n|faint|p2a: Brita Filter\n|faint|p2b: Mistress\n|-end|p2b: Mistress|Quark Drive|[silent]\n|\n|upkeep\n|\n|t:|1700270732\n|switch|p2b: Sasha Colby|Flutter Mane, L50|100\/100\n|turn|5\n|\n|t:|1700270753\n|move|p1b: Chien-Pao|Icicle Crash|p2b: Sasha Colby\n|-damage|p2b: Sasha Colby|1\/100\n|move|p1a: Tornadus|Bleakwind Storm|p2b: Sasha Colby\n|-damage|p2b: Sasha Colby|0 fnt\n|faint|p2b: Sasha Colby\n|-end|p2b: Sasha Colby|Protosynthesis|[silent]\n|\n|win|random0390\n","uploadtime":1700270976,"views":14,"p1id":"random0390","p2id":"fancycucudrula","formatid":"gen9vgc2023regulatione","rating":0,"private":0,"password":""}