{"id":"gen9vgc2023regulatione-1994303183","p1":"spencomatic","p2":"AC Wesley","format":"[Gen 9] VGC 2023 Regulation E","log":"|j|\u2606spencomatic\n|j|\u2606AC Wesley\n|n|\u2606spencomatic|spencomatic\n|n|\u2606AC Wesley|acwesley\n|html|View the match progress at <a href=\"\/game-bestof3-gen9vgc2023regulatione-1994298336\">game-bestof3-gen9vgc2023regulatione-1994298336<\/a>\n|t:|1700428931\n|gametype|doubles\n|player|p1|spencomatic|larry|\n|player|p2|AC Wesley|thorton|\n|teamsize|p1|6\n|teamsize|p2|6\n|gen|9\n|tier|[Gen 9] VGC 2023 Regulation E\n|rule|Species Clause: Limit one of each Pok\u00e9mon\n|rule|Item Clause: Limit one of each item\n|clearpoke\n|poke|p1|Landorus, L50, M|\n|poke|p1|Ogerpon-Wellspring, L50, F|\n|poke|p1|Urshifu-*, L50, F|\n|poke|p1|Heatran, L50, M|\n|poke|p1|Probopass, L50, F|\n|poke|p1|Iron Bundle, L50|\n|poke|p2|Iron Hands, L50|\n|poke|p2|Farigiraf, L50, M|\n|poke|p2|Ursaluna-Bloodmoon, L50, M|\n|poke|p2|Flutter Mane, L50|\n|poke|p2|Heatran, L50, M|\n|poke|p2|Ogerpon-Wellspring, L50, F|\n|teampreview|4\n|inactive|Battle timer is ON: inactive players will automatically lose when time's up. (requested by spencomatic)\n|inactive|AC Wesley also wants the timer to be on.\nspencomatic has agreed to open team sheets.\nAC Wesley has agreed to open team sheets.\n|showteam|p1|Landorus||LifeOrb|SheerForce|SandsearStorm,NastyPlot,Protect,SludgeBomb|||M|||50|,,,,,Ground]Ogerpon-Wellspring||WellspringMask|WaterAbsorb|FollowMe,IvyCudgel,PowerWhip,SpikyShield|||F|||50|,,,,,Water]Urshifu||FocusSash|UnseenFist|WickedBlow,CloseCombat,Protect,SuckerPunch|||F|||50|,,,,,Poison]Heatran||ChopleBerry|FlashFire|MagmaStorm,Protect,EarthPower,WillOWisp|||M|||50|,,,,,Grass]Probopass||Leftovers|Sturdy|HeavySlam,BodyPress,ThunderWave,Gravity|||F|||50|,,,,,Grass]Iron Bundle||BoosterEnergy|QuarkDrive|FreezeDry,HydroPump,IcyWind,Protect||||||50|,,,,,Water\n|showteam|p2|Iron Hands||AssaultVest|QuarkDrive|WildCharge,DrainPunch,HeavySlam,FakeOut||||||50|,,,,,Water]Farigiraf||MentalHerb|ArmorTail|TrickRoom,Imprison,DazzlingGleam,Protect|||M|||50|,,,,,Fairy]Ursaluna-Bloodmoon||LifeOrb|MindsEye|VacuumWave,BloodMoon,EarthPower,Protect|||M|||50|,,,,,Poison]Flutter Mane||BoosterEnergy|Protosynthesis|ShadowBall,DazzlingGleam,IcyWind,Taunt||||||50|,,,,,Fairy]Heatran||Leftovers|FlashFire|MagmaStorm,FlashCannon,EarthPower,Protect|||M|||50|,,,,,Grass]Ogerpon-Wellspring||WellspringMask|WaterAbsorb|IvyCudgel,HornLeech,SpikyShield,FollowMe|||F|||50|,,,,,Water\n|inactive|AC Wesley has 30 seconds left.\n|inactive|AC Wesley has 20 seconds left.\n|inactive|AC Wesley has 15 seconds left.\n|inactive|AC Wesley has 10 seconds left.\n|\n|t:|1700429001\n|start\n|switch|p1a: Ogerpon|Ogerpon-Wellspring, L50, F|100\/100\n|switch|p1b: Heatran|Heatran, L50, M|100\/100\n|switch|p2a: Heatran|Heatran, L50, M|100\/100\n|switch|p2b: Iron Hands|Iron Hands, L50|100\/100\n|turn|1\n|inactive|AC Wesley has 30 seconds left.\n|inactive|AC Wesley has 20 seconds left.\n|\n|t:|1700429040\n|move|p1a: Ogerpon|Spiky Shield|p1a: Ogerpon\n|-singleturn|p1a: Ogerpon|move: Protect\n|move|p2a: Heatran|Protect|p2a: Heatran\n|-singleturn|p2a: Heatran|Protect\n|move|p1b: Heatran|Protect|p1b: Heatran\n|-singleturn|p1b: Heatran|Protect\n|move|p2b: Iron Hands|Fake Out|p1b: Heatran\n|-activate|p1b: Heatran|move: Protect\n|\n|upkeep\n|turn|2\n|c|\u2606AC Wesley|dope\n|inactive|AC Wesley has 30 seconds left.\n|inactive|spencomatic has 30 seconds left.\n|inactive|AC Wesley has 20 seconds left.\n|inactive|AC Wesley has 15 seconds left.\n|inactive|spencomatic has 20 seconds left.\n|inactive|AC Wesley has 10 seconds left.\n|\n|t:|1700429089\n|-end|p2b: Iron Hands|Quark Drive|[silent]\n|switch|p2b: Flutter Mane|Flutter Mane, L50|100\/100\n|-enditem|p2b: Flutter Mane|Booster Energy\n|-activate|p2b: Flutter Mane|ability: Protosynthesis|[fromitem]\n|-start|p2b: Flutter Mane|protosynthesisspe\n|-terastallize|p2a: Heatran|Grass\n|-terastallize|p1b: Heatran|Grass\n|move|p1a: Ogerpon|Ivy Cudgel|p2b: Flutter Mane|[anim] Ivy Cudgel Water\n|-damage|p2b: Flutter Mane|0 fnt\n|faint|p2b: Flutter Mane\n|-end|p2b: Flutter Mane|Protosynthesis|[silent]\n|move|p2a: Heatran|Magma Storm|p1a: Ogerpon\n|-damage|p1a: Ogerpon|31\/100\n|-activate|p1a: Ogerpon|move: Magma Storm|[of] p2a: Heatran\n|move|p1b: Heatran|Will-O-Wisp|p2a: Heatran\n|-start|p2a: Heatran|ability: Flash Fire\n|\n|-damage|p1a: Ogerpon|19\/100|[from] move: Magma Storm|[partiallytrapped]\n|upkeep\n|inactive|AC Wesley has 30 seconds left.\n|inactive|AC Wesley has 20 seconds left.\n|\n|t:|1700429126\n|switch|p2b: Iron Hands|Iron Hands, L50|100\/100\n|turn|3\n|\n|t:|1700429146\n|-end|p2b: Iron Hands|Quark Drive|[silent]\n|switch|p2b: Ogerpon|Ogerpon-Wellspring, L50, F|100\/100\n|move|p1a: Ogerpon|Power Whip|p2b: Ogerpon\n|-damage|p2b: Ogerpon|0 fnt\n|faint|p2b: Ogerpon\n|move|p2a: Heatran|Flash Cannon|p1b: Heatran\n|-damage|p1b: Heatran|64\/100\n|move|p1b: Heatran|Will-O-Wisp|p2a: Heatran\n|-immune|p2a: Heatran|[from] ability: Flash Fire\n|\n|-damage|p1a: Ogerpon|6\/100|[from] move: Magma Storm|[partiallytrapped]\n|upkeep\n|\n|t:|1700429152\n|switch|p2b: Iron Hands|Iron Hands, L50|100\/100\n|turn|4\n|\n|t:|1700429166\n|move|p2b: Iron Hands|Fake Out|p1b: Heatran\n|-damage|p1b: Heatran|51\/100\n|move|p1a: Ogerpon|Power Whip|p2b: Iron Hands|[miss]\n|-miss|p1a: Ogerpon|p2b: Iron Hands\n|move|p2a: Heatran|Flash Cannon|p1b: Heatran\n|-damage|p1b: Heatran|15\/100\n|cant|p1b: Heatran|flinch\n|\n|-damage|p1a: Ogerpon|0 fnt|[from] move: Magma Storm|[partiallytrapped]\n|faint|p1a: Ogerpon\n|upkeep\n|\n|t:|1700429174\n|switch|p1a: Urshifu|Urshifu, L50, F|100\/100\n|turn|5\n|inactive|spencomatic has 30 seconds left.\n|inactive|spencomatic has 20 seconds left.\n|\n|t:|1700429209\n|move|p1a: Urshifu|Protect|p1a: Urshifu\n|-singleturn|p1a: Urshifu|Protect\n|move|p2a: Heatran|Magma Storm|p1a: Urshifu\n|-activate|p1a: Urshifu|move: Protect\n|move|p1b: Heatran|Will-O-Wisp|p2b: Iron Hands|[miss]\n|-miss|p1b: Heatran|p2b: Iron Hands\n|move|p2b: Iron Hands|Drain Punch|p1b: Heatran\n|-damage|p1b: Heatran|0 fnt\n|faint|p1b: Heatran\n|\n|upkeep\n|\n|t:|1700429219\n|switch|p1b: Probopass|Probopass, L50, F|100\/100\n|turn|6\n|\n|t:|1700429241\n|move|p1a: Urshifu|Close Combat|p2b: Iron Hands\n|-damage|p2b: Iron Hands|54\/100\n|-unboost|p1a: Urshifu|def|1\n|-unboost|p1a: Urshifu|spd|1\n|move|p2a: Heatran|Magma Storm|p1a: Urshifu\n|-enditem|p1a: Urshifu|Focus Sash\n|-damage|p1a: Urshifu|1\/100\n|-activate|p1a: Urshifu|move: Magma Storm|[of] p2a: Heatran\n|move|p1b: Probopass|Body Press|p2b: Iron Hands\n|-damage|p2b: Iron Hands|38\/100\n|move|p2b: Iron Hands|Wild Charge|p1a: Urshifu\n|-damage|p1a: Urshifu|0 fnt\n|faint|p1a: Urshifu\n|-damage|p2b: Iron Hands|38\/100|[from] Recoil\n|\n|upkeep\n|turn|7\n|\n|t:|1700429253\n|move|p2a: Heatran|Earth Power|p1b: Probopass\n|-supereffective|p1b: Probopass\n|-damage|p1b: Probopass|12\/100\n|move|p1b: Probopass|Body Press|p2b: Iron Hands\n|-damage|p2b: Iron Hands|21\/100\n|move|p2b: Iron Hands|Drain Punch|p1b: Probopass\n|-supereffective|p1b: Probopass\n|-damage|p1b: Probopass|0 fnt\n|-heal|p2b: Iron Hands|25\/100|[from] drain|[of] p1b: Probopass\n|faint|p1b: Probopass\n|\n|win|AC Wesley\n|l|\u2606spencomatic\n|j|\u2606spencomatic\n|player|p1|spencomatic|larry\n","uploadtime":1700429318,"views":11,"p1id":"spencomatic","p2id":"acwesley","formatid":"gen9vgc2023regulatione","rating":0,"private":0,"password":""}