{"id":"gen9vgc2023regulatione-1998459695","p1":"wind_002","p2":"Abro hilo","format":"[Gen 9] VGC 2023 Regulation E","log":"|j|\u2606wind_002\n|j|\u2606Abro hilo\n|t:|1700944727\n|gametype|doubles\n|player|p1|wind_002|102|1577\n|player|p2|Abro hilo|pilot|1457\n|teamsize|p1|6\n|teamsize|p2|6\n|gen|9\n|tier|[Gen 9] VGC 2023 Regulation E\n|rated|\n|rule|Species Clause: Limit one of each Pok\u00e9mon\n|rule|Item Clause: Limit one of each item\n|clearpoke\n|poke|p1|Iron Bundle, L50|\n|poke|p1|Flutter Mane, L50|\n|poke|p1|Chi-Yu, L50|\n|poke|p1|Iron Hands, L50|\n|poke|p1|Ogerpon-Wellspring, L50, F|\n|poke|p1|Landorus-Therian, L50, M|\n|poke|p2|Salamence, L50, M|\n|poke|p2|Urshifu-*, L50, M|\n|poke|p2|Flutter Mane, L50|\n|poke|p2|Heatran, L50, M|\n|poke|p2|Rillaboom, L50, F|\n|poke|p2|Iron Hands, L50|\n|teampreview|4\n|inactive|Battle timer is ON: inactive players will automatically lose when time's up. (requested by Abro hilo)\n|\n|t:|1700944787\n|start\n|switch|p1a: Flutter Mane|Flutter Mane, L50|100\/100\n|switch|p1b: Landorus|Landorus-Therian, L50, M|100\/100\n|switch|p2a: Salamence|Salamence, L50, M|100\/100\n|switch|p2b: Iron Hands|Iron Hands, L50|100\/100\n|-ability|p1b: Landorus|Intimidate|boost\n|-unboost|p2a: Salamence|atk|1\n|-unboost|p2b: Iron Hands|atk|1\n|-ability|p2a: Salamence|Intimidate|boost\n|-unboost|p1a: Flutter Mane|atk|1\n|-unboost|p1b: Landorus|atk|1\n|turn|1\n|\n|t:|1700944812\n|-end|p1a: Flutter Mane|Protosynthesis|[silent]\n|switch|p1a: Iron Hands|Iron Hands, L50|100\/100\n|move|p2a: Salamence|Protect|p2a: Salamence\n|-singleturn|p2a: Salamence|Protect\n|move|p1b: Landorus|U-turn|p2a: Salamence\n|-activate|p2a: Salamence|move: Protect\n|move|p2b: Iron Hands|Heavy Slam|p1a: Iron Hands\n|-resisted|p1a: Iron Hands\n|-damage|p1a: Iron Hands|97\/100\n|\n|upkeep\n|turn|2\n|\n|t:|1700944834\n|-end|p2b: Iron Hands|Quark Drive|[silent]\n|switch|p2b: Rillaboom|Rillaboom, L50, F|100\/100\n|-fieldstart|move: Grassy Terrain|[from] ability: Grassy Surge|[of] p2b: Rillaboom\n|move|p1b: Landorus|U-turn|p2b: Rillaboom\n|-supereffective|p2b: Rillaboom\n|-damage|p2b: Rillaboom|69\/100\n|\n|t:|1700944845\n|switch|p1b: Flutter Mane|Flutter Mane, L50|100\/100|[from] U-turn\n|move|p2a: Salamence|Tailwind|p2a: Salamence\n|-sidestart|p2: Abro hilo|move: Tailwind\n|move|p1a: Iron Hands|Drain Punch|p2b: Rillaboom\n|-damage|p2b: Rillaboom|32\/100\n|-heal|p1a: Iron Hands|100\/100|[from] drain|[of] p2b: Rillaboom\n|\n|-heal|p2b: Rillaboom|37\/100|[from] Grassy Terrain\n|upkeep\n|turn|3\n|\n|t:|1700944865\n|switch|p2a: Heatran|Heatran, L50, M|100\/100\n|-end|p1b: Flutter Mane|Protosynthesis|[silent]\n|switch|p1b: Landorus|Landorus-Therian, L50, M|100\/100\n|-ability|p1b: Landorus|Intimidate|boost\n|-unboost|p2a: Heatran|atk|1\n|-unboost|p2b: Rillaboom|atk|1\n|move|p2b: Rillaboom|Wood Hammer|p1b: Landorus\n|-damage|p1b: Landorus|24\/100\n|-damage|p2b: Rillaboom|17\/100|[from] Recoil\n|move|p1a: Iron Hands|Drain Punch|p2b: Rillaboom\n|-damage|p2b: Rillaboom|0 fnt\n|faint|p2b: Rillaboom\n|\n|upkeep\n|\n|t:|1700944875\n|switch|p2b: Iron Hands|Iron Hands, L50|100\/100\n|turn|4\n|\n|t:|1700944898\n|switch|p1b: Flutter Mane|Flutter Mane, L50|100\/100\n|move|p2b: Iron Hands|Fake Out|p1a: Iron Hands\n|-damage|p1a: Iron Hands|90\/100\n|move|p2a: Heatran|Heat Wave|p1b: Flutter Mane|[spread] p1b\n|-miss|p2a: Heatran|p1a: Iron Hands\n|-damage|p1b: Flutter Mane|51\/100\n|-damage|p2a: Heatran|91\/100|[from] item: Life Orb\n|cant|p1a: Iron Hands|flinch\n|\n|-heal|p1b: Flutter Mane|56\/100|[from] Grassy Terrain\n|-heal|p2a: Heatran|97\/100|[from] Grassy Terrain\n|-heal|p1a: Iron Hands|95\/100|[from] Grassy Terrain\n|upkeep\n|turn|5\n|\n|t:|1700944919\n|-end|p1a: Iron Hands|Quark Drive|[silent]\n|switch|p1a: Chi-Yu|Chi-Yu, L50|100\/100\n|-ability|p1a: Chi-Yu|Beads of Ruin\n|-terastallize|p1b: Flutter Mane|Fairy\n|-terastallize|p2a: Heatran|Fairy\n|move|p1b: Flutter Mane|Moonblast|p2b: Iron Hands\n|-supereffective|p2b: Iron Hands\n|-crit|p2b: Iron Hands\n|-damage|p2b: Iron Hands|0 fnt\n|faint|p2b: Iron Hands\n|-end|p2b: Iron Hands|Quark Drive|[silent]\n|move|p2a: Heatran|Earth Power|p1a: Chi-Yu\n|-supereffective|p1a: Chi-Yu\n|-damage|p1a: Chi-Yu|0 fnt\n|faint|p1a: Chi-Yu\n|-damage|p2a: Heatran|87\/100|[from] item: Life Orb\n|\n|-heal|p1b: Flutter Mane|62\/100|[from] Grassy Terrain\n|-heal|p2a: Heatran|93\/100|[from] Grassy Terrain\n|-sideend|p2: Abro hilo|move: Tailwind\n|upkeep\n|\n|t:|1700944943\n|switch|p1a: Iron Hands|Iron Hands, L50|95\/100\n|switch|p2b: Salamence|Salamence, L50, M|100\/100\n|-ability|p2b: Salamence|Intimidate|boost\n|-unboost|p1a: Iron Hands|atk|1\n|-unboost|p1b: Flutter Mane|atk|1\n|turn|6\n|\n|t:|1700944954\n|move|p2b: Salamence|Protect|p2b: Salamence\n|-singleturn|p2b: Salamence|Protect\n|move|p2a: Heatran|Protect|p2a: Heatran\n|-singleturn|p2a: Heatran|Protect\n|move|p1a: Iron Hands|Fake Out|p2a: Heatran\n|-activate|p2a: Heatran|move: Protect\n|move|p1b: Flutter Mane|Moonblast|p2b: Salamence\n|-activate|p2b: Salamence|move: Protect\n|\n|-heal|p1b: Flutter Mane|68\/100|[from] Grassy Terrain\n|-heal|p2a: Heatran|99\/100|[from] Grassy Terrain\n|-heal|p1a: Iron Hands|100\/100|[from] Grassy Terrain\n|-fieldend|move: Grassy Terrain\n|upkeep\n|turn|7\n|\n|t:|1700944974\n|move|p2b: Salamence|Protect|p2b: Salamence\n|-singleturn|p2b: Salamence|Protect\n|move|p1b: Flutter Mane|Moonblast|p2b: Salamence\n|-activate|p2b: Salamence|move: Protect\n|move|p2a: Heatran|Flash Cannon|p1b: Flutter Mane\n|-supereffective|p1b: Flutter Mane\n|-damage|p1b: Flutter Mane|0 fnt\n|faint|p1b: Flutter Mane\n|-end|p1b: Flutter Mane|Protosynthesis|[silent]\n|-damage|p2a: Heatran|90\/100|[from] item: Life Orb\n|move|p1a: Iron Hands|Heavy Slam|p2a: Heatran\n|-supereffective|p2a: Heatran\n|-damage|p2a: Heatran|73\/100\n|\n|upkeep\n|\n|t:|1700944988\n|switch|p1b: Landorus|Landorus-Therian, L50, M|24\/100\n|-ability|p1b: Landorus|Intimidate|boost\n|-unboost|p2a: Heatran|atk|1\n|-unboost|p2b: Salamence|atk|1\n|turn|8\n|inactive|wind_002 has 30 seconds left.\n|\n|t:|1700945016\n|move|p2a: Heatran|Protect|p2a: Heatran\n|-singleturn|p2a: Heatran|Protect\n|move|p1b: Landorus|Rock Slide|p2b: Salamence|[spread] p2b\n|-activate|p2a: Heatran|move: Protect\n|-supereffective|p2b: Salamence\n|-damage|p2b: Salamence|50\/100\n|move|p2b: Salamence|Hurricane|p1b: Landorus\n|-damage|p1b: Landorus|0 fnt\n|faint|p1b: Landorus\n|move|p1a: Iron Hands|Wild Charge|p2b: Salamence\n|-damage|p2b: Salamence|8\/100\n|-damage|p1a: Iron Hands|84\/100|[from] item: Rocky Helmet|[of] p2b: Salamence\n|-damage|p1a: Iron Hands|76\/100|[from] Recoil\n|\n|upkeep\n|turn|9\n|inactive|Abro hilo has 30 seconds left.\n|\n|t:|1700945051\n|move|p2b: Salamence|Hurricane|p1a: Iron Hands\n|-damage|p1a: Iron Hands|51\/100\n|-start|p1a: Iron Hands|confusion\n|move|p2a: Heatran|Earth Power|p1a: Iron Hands\n|-supereffective|p1a: Iron Hands\n|-damage|p1a: Iron Hands|6\/100\n|-damage|p2a: Heatran|63\/100|[from] item: Life Orb\n|-activate|p1a: Iron Hands|confusion\n|-damage|p1a: Iron Hands|0 fnt|[from] confusion\n|faint|p1a: Iron Hands\n|-end|p1a: Iron Hands|Quark Drive|[silent]\n|\n|win|Abro hilo\n|raw|wind_002's rating: 1577 &rarr; <strong>1551<\/strong><br \/>(-26 for losing)\n|raw|Abro hilo's rating: 1478 &rarr; <strong>1504<\/strong><br \/>(+26 for winning)\n","uploadtime":1700945064,"views":1,"p1id":"wind002","p2id":"abrohilo","formatid":"gen9vgc2023regulatione","rating":1504,"private":0,"password":""}