{"id":"gen9vgc2023regulatione-1997823400","p1":"RisenPanda85","p2":"Lithoriorm","format":"[Gen 9] VGC 2023 Regulation E","log":"|j|\u2606RisenPanda85\n|j|\u2606Lithoriorm\n|t:|1700856567\n|gametype|doubles\n|player|p1|RisenPanda85|alder|1274\n|player|p2|Lithoriorm|101|1325\n|teamsize|p1|6\n|teamsize|p2|6\n|gen|9\n|tier|[Gen 9] VGC 2023 Regulation E\n|rated|\n|rule|Species Clause: Limit one of each Pok\u00e9mon\n|rule|Item Clause: Limit one of each item\n|clearpoke\n|poke|p1|Weezing, L50, F|\n|poke|p1|Roaring Moon, L50|\n|poke|p1|Iron Hands, L50|\n|poke|p1|Flutter Mane, L50|\n|poke|p1|Chien-Pao, L50|\n|poke|p1|Kingambit, L50, M|\n|poke|p2|Chi-Yu, L50|\n|poke|p2|Flutter Mane, L50|\n|poke|p2|Iron Hands, L50|\n|poke|p2|Tornadus, L50, M|\n|poke|p2|Arcanine-Hisui, L50, M|\n|poke|p2|Urshifu-*, L50, M|\n|teampreview|4\n|inactive|Battle timer is ON: inactive players will automatically lose when time's up. (requested by Lithoriorm)\n|inactive|RisenPanda85 also wants the timer to be on.\nLithoriorm has agreed to open team sheets.\n|c|\u2606Lithoriorm|glhf!\n|inactive|RisenPanda85 has 60 seconds left.\n|inactive|Lithoriorm has 60 seconds left.\n|inactive|RisenPanda85 has 30 seconds left.\n|inactive|RisenPanda85 has 20 seconds left.\n|inactive|RisenPanda85 has 15 seconds left.\n|inactive|RisenPanda85 has 10 seconds left.\n|inactive|RisenPanda85 has 5 seconds left.\n|\n|t:|1700856655\n|start\n|switch|p1a: Iron Hands|Iron Hands, L50|100\/100\n|switch|p1b: Flutter Mane|Flutter Mane, L50|100\/100\n|switch|p2a: Flutter Mane|Flutter Mane, L50, shiny|100\/100\n|switch|p2b: Chi-Yu|Chi-Yu, L50|100\/100\n|-ability|p2b: Chi-Yu|Beads of Ruin\n|-enditem|p2a: Flutter Mane|Booster Energy\n|-activate|p2a: Flutter Mane|ability: Protosynthesis|[fromitem]\n|-start|p2a: Flutter Mane|protosynthesisspe\n|turn|1\n|inactive|RisenPanda85 has 30 seconds left.\n|\n|t:|1700856689\n|-terastallize|p2b: Chi-Yu|Ghost\n|-terastallize|p1a: Iron Hands|Electric\n|move|p2a: Flutter Mane|Shadow Ball|p1b: Flutter Mane\n|-supereffective|p1b: Flutter Mane\n|-damage|p1b: Flutter Mane|14\/100\n|-unboost|p1b: Flutter Mane|spd|1\n|move|p1b: Flutter Mane|Shadow Ball|p2b: Chi-Yu\n|-supereffective|p2b: Chi-Yu\n|-enditem|p2b: Chi-Yu|Focus Sash\n|-damage|p2b: Chi-Yu|1\/100\n|move|p2b: Chi-Yu|Dark Pulse|p1b: Flutter Mane\n|-damage|p1b: Flutter Mane|0 fnt\n|faint|p1b: Flutter Mane\n|-end|p1b: Flutter Mane|Protosynthesis|[silent]\n|move|p1a: Iron Hands|Wild Charge|p2a: Flutter Mane\n|-damage|p2a: Flutter Mane|4\/100\n|-damage|p1a: Iron Hands|85\/100|[from] Recoil\n|\n|upkeep\n|inactive|RisenPanda85 has 30 seconds left.\n|\n|t:|1700856720\n|switch|p1b: Chien-Pao|Chien-Pao, L50|100\/100\n|-ability|p1b: Chien-Pao|Sword of Ruin\n|turn|2\n|inactive|RisenPanda85 has 30 seconds left.\n|inactive|RisenPanda85 has 20 seconds left.\n|\n|t:|1700856756\n|move|p1b: Chien-Pao|Sucker Punch|p2b: Chi-Yu\n|-supereffective|p2b: Chi-Yu\n|-damage|p2b: Chi-Yu|0 fnt\n|faint|p2b: Chi-Yu\n|move|p2a: Flutter Mane|Moonblast|p1b: Chien-Pao\n|-supereffective|p1b: Chien-Pao\n|-enditem|p1b: Chien-Pao|Focus Sash\n|-damage|p1b: Chien-Pao|1\/100\n|-unboost|p1b: Chien-Pao|spa|1\n|move|p1a: Iron Hands|Wild Charge|p2a: Flutter Mane\n|-damage|p2a: Flutter Mane|0 fnt\n|faint|p2a: Flutter Mane\n|-end|p2a: Flutter Mane|Protosynthesis|[silent]\n|-damage|p1a: Iron Hands|84\/100|[from] Recoil\n|\n|upkeep\n|\n|t:|1700856771\n|switch|p2a: Urshifu|Urshifu-Rapid-Strike, L50, M|100\/100\n|switch|p2b: Iron Hands|Iron Hands, L50, shiny|100\/100\n|turn|3\n|inactive|RisenPanda85 has 30 seconds left.\n|inactive|RisenPanda85 has 20 seconds left.\n|\n|t:|1700856807\n|move|p2a: Urshifu|Detect|p2a: Urshifu\n|-singleturn|p2a: Urshifu|Protect\n|move|p2b: Iron Hands|Fake Out|p1b: Chien-Pao\n|-damage|p1b: Chien-Pao|0 fnt\n|faint|p1b: Chien-Pao\n|move|p1a: Iron Hands|Wild Charge|p2a: Urshifu\n|-activate|p2a: Urshifu|move: Protect\n|\n|upkeep\n|\n|t:|1700856817\n|switch|p1b: Kingambit|Kingambit, L50, M|100\/100\n|turn|4\n|\n|t:|1700856834\n|move|p1b: Kingambit|Protect|p1b: Kingambit\n|-singleturn|p1b: Kingambit|Protect\n|move|p2a: Urshifu|Close Combat|p1b: Kingambit\n|-supereffective|p1b: Kingambit\n|-damage|p1b: Kingambit|0 fnt\n|-unboost|p2a: Urshifu|def|1\n|-unboost|p2a: Urshifu|spd|1\n|faint|p1b: Kingambit\n|move|p1a: Iron Hands|Wild Charge|p2a: Urshifu\n|-supereffective|p2a: Urshifu\n|-damage|p2a: Urshifu|0 fnt\n|faint|p2a: Urshifu\n|-damage|p1a: Iron Hands|62\/100|[from] Recoil\n|move|p2b: Iron Hands|Drain Punch|p1a: Iron Hands\n|-damage|p1a: Iron Hands|32\/100\n|\n|upkeep\n|turn|5\n|j| manyBirbs\n|\n|t:|1700856852\n|move|p1a: Iron Hands|Drain Punch|p2b: Iron Hands\n|-damage|p2b: Iron Hands|74\/100\n|-heal|p1a: Iron Hands|46\/100|[from] drain|[of] p2b: Iron Hands\n|move|p2b: Iron Hands|Drain Punch|p1a: Iron Hands\n|-damage|p1a: Iron Hands|17\/100\n|-heal|p2b: Iron Hands|88\/100|[from] drain|[of] p1a: Iron Hands\n|\n|upkeep\n|turn|6\n|c| manyBirbs|nice one man you got this\n|inactive|Lithoriorm has 30 seconds left.\n|\n|t:|1700856887\n|move|p1a: Iron Hands|Drain Punch|p2b: Iron Hands\n|-damage|p2b: Iron Hands|60\/100\n|-heal|p1a: Iron Hands|31\/100|[from] drain|[of] p2b: Iron Hands\n|move|p2b: Iron Hands|Drain Punch|p1a: Iron Hands\n|-damage|p1a: Iron Hands|0 fnt\n|-heal|p2b: Iron Hands|75\/100|[from] drain|[of] p1a: Iron Hands\n|faint|p1a: Iron Hands\n|-end|p1a: Iron Hands|Quark Drive|[silent]\n|\n|win|Lithoriorm\n|raw|RisenPanda85's rating: 1274 &rarr; <strong>1253<\/strong><br \/>(-21 for losing)\n|raw|Lithoriorm's rating: 1325 &rarr; <strong>1342<\/strong><br \/>(+17 for winning)\n|c|\u2606Lithoriorm|love you thank you\n|c|\u2606Lithoriorm|gg!\n","uploadtime":1700856906,"views":4,"p1id":"risenpanda85","p2id":"lithoriorm","formatid":"gen9vgc2023regulatione","rating":1253,"private":0,"password":""}