{"id":"gen9vgc2023regulatione-1988148266","p1":"foiledfeline","p2":"DonFuron","format":"[Gen 9] VGC 2023 Regulation E","log":"|j|\u2606foiledfeline\n|j|\u2606DonFuron\n|n|\u2606foiledfeline|foiledfeline\n|n|\u2606DonFuron|donfuron\n|html|View the match progress at <a href=\"\/game-bestof3-gen9vgc2023regulatione-1988148265\">game-bestof3-gen9vgc2023regulatione-1988148265<\/a>\n|t:|1699675717\n|gametype|doubles\n|player|p1|foiledfeline|steven|\n|player|p2|DonFuron|101|\n|teamsize|p1|6\n|teamsize|p2|6\n|gen|9\n|tier|[Gen 9] VGC 2023 Regulation E\n|rule|Species Clause: Limit one of each Pok\u00e9mon\n|rule|Item Clause: Limit one of each item\n|clearpoke\n|poke|p1|Indeedee-F, L50, F|\n|poke|p1|Armarouge, L50, M|\n|poke|p1|Annihilape, L50, F|\n|poke|p1|Sneasler, L50, M|\n|poke|p1|Flutter Mane, L50|\n|poke|p1|Chi-Yu, L50|\n|poke|p2|Enamorus-Therian, L50, F|\n|poke|p2|Snorlax, L50, F|\n|poke|p2|Armarouge, L50, F|\n|poke|p2|Indeedee-F, L50, F|\n|poke|p2|Oranguru, L50, F|\n|poke|p2|Flamigo, L50, F|\n|teampreview|4\nDonFuron has agreed to open team sheets.\nfoiledfeline has agreed to open team sheets.\n|showteam|p1|Indeedee-F||AbilityShield|PsychicSurge|FollowMe,HelpingHand,TrickRoom,DazzlingGleam|||F|||50|,,,,,Fairy]Armarouge||WeaknessPolicy|WeakArmor|ExpandingForce,StoredPower,HeatWave,Endure|||M|||50|,,,,,Psychic]Annihilape||ChoiceScarf|Defiant|IcePunch,Uturn,CloseCombat,Earthquake|||F|||50|,,,,,Fire]Sneasler||PsychicSeed|Unburden|Acrobatics,CloseCombat,DireClaw,Protect|||M|||50|,,,,,Flying]Flutter Mane||BoosterEnergy|Protosynthesis|Protect,IcyWind,Moonblast,ShadowBall||||||50|,,,,,Fairy]Chi-Yu||FocusSash|BeadsofRuin|HeatWave,DarkPulse,Snarl,Protect||||||50|,,,,,Ghost\n|showteam|p2|Enamorus-Therian||CovertCloak|Overcoat|DazzlingGleam,EarthPower,CalmMind,Moonblast|||F|||50|,,,,,Water]Snorlax||CustapBerry|Gluttony|Facade,Earthquake,BellyDrum,Protect|||F|||50|,,,,,Ground]Armarouge||TwistedSpoon|FlashFire|ExpandingForce,ArmorCannon,ClearSmog,WideGuard|||F|||50|,,,,,Psychic]Indeedee-F||SafetyGoggles|PsychicSurge|FollowMe,HelpingHand,TrickRoom,DazzlingGleam|||F|||50|,,,,,Flying]Oranguru||PsychicSeed|Telepathy|Instruct,TrickRoom,FoulPlay,PsychicTerrain|||F|||50|,,,,,Water]Flamigo||SitrusBerry|Costar|CloseCombat,BraveBird,Tailwind,QuickGuard|||F|||50|,,,,,Steel\n|\n|t:|1699675769\n|start\n|switch|p1a: Annihilape|Annihilape, L50, F|100\/100\n|switch|p1b: Armarouge|Armarouge, L50, M|100\/100\n|switch|p2a: Indeedee|Indeedee-F, L50, F|100\/100\n|switch|p2b: Snorlax|Snorlax, L50, F|100\/100\n|-fieldstart|move: Psychic Terrain|[from] ability: Psychic Surge|[of] p2a: Indeedee\n|turn|1\n|\n|t:|1699675795\n|-terastallize|p1b: Armarouge|Psychic\n|move|p2b: Snorlax|Protect|p2b: Snorlax\n|-singleturn|p2b: Snorlax|Protect\n|move|p1a: Annihilape|U-turn|p1b: Armarouge\n|-supereffective|p1b: Armarouge\n|-damage|p1b: Armarouge|55\/100\n|-ability|p1b: Armarouge|Weak Armor|boost\n|-unboost|p1b: Armarouge|def|1\n|-boost|p1b: Armarouge|spe|2\n|-enditem|p1b: Armarouge|Weakness Policy\n|-boost|p1b: Armarouge|atk|2|[from] item: Weakness Policy\n|-boost|p1b: Armarouge|spa|2|[from] item: Weakness Policy\n|\n|t:|1699675805\n|switch|p1a: Indeedee|Indeedee-F, L50, F|100\/100|[from] U-turn\n|move|p1b: Armarouge|Expanding Force|p2b: Snorlax|[spread] p2a\n|-activate|p2b: Snorlax|move: Protect\n|-resisted|p2a: Indeedee\n|-damage|p2a: Indeedee|30\/100\n|move|p2a: Indeedee|Trick Room|p2a: Indeedee\n|-fieldstart|move: Trick Room|[of] p2a: Indeedee\n|\n|upkeep\n|turn|2\n|\n|t:|1699675841\n|move|p1a: Indeedee|Follow Me|p1a: Indeedee\n|-singleturn|p1a: Indeedee|move: Follow Me\n|move|p2b: Snorlax|Belly Drum|p2b: Snorlax\n|-damage|p2b: Snorlax|50\/100\n|-setboost|p2b: Snorlax|atk|6|[from] move: Belly Drum\n|move|p1b: Armarouge|Expanding Force|p2a: Indeedee|[spread] p2a,p2b\n|-resisted|p2a: Indeedee\n|-damage|p2a: Indeedee|0 fnt\n|-damage|p2b: Snorlax|0 fnt\n|faint|p2a: Indeedee\n|faint|p2b: Snorlax\n|\n|upkeep\n|\n|t:|1699675847\n|switch|p2b: Oranguru|Oranguru, L50, F|100\/100\n|switch|p2a: Armarouge|Armarouge, L50, F|100\/100\n|-enditem|p2b: Oranguru|Psychic Seed\n|-boost|p2b: Oranguru|spd|1|[from] item: Psychic Seed\n|turn|3\n|\n|t:|1699675865\n|-terastallize|p2a: Armarouge|Psychic\n|move|p1b: Armarouge|Endure|p1b: Armarouge\n|-singleturn|p1b: Armarouge|move: Endure\n|move|p2a: Armarouge|Expanding Force|p1a: Indeedee|[spread] p1a,p1b\n|-resisted|p1a: Indeedee\n|-resisted|p1b: Armarouge\n|-damage|p1a: Indeedee|46\/100\n|-activate|p1b: Armarouge|move: Endure\n|-damage|p1b: Armarouge|1\/100\n|move|p2b: Oranguru|Trick Room|p2b: Oranguru\n|-fieldend|move: Trick Room\n|move|p1a: Indeedee|Trick Room|p1a: Indeedee\n|-fieldstart|move: Trick Room|[of] p1a: Indeedee\n|\n|upkeep\n|turn|4\n|\n|t:|1699675894\n|move|p1b: Armarouge|Endure|p1b: Armarouge\n|-singleturn|p1b: Armarouge|move: Endure\n|move|p2b: Oranguru|Instruct|p2a: Armarouge\n|-singleturn|p2a: Armarouge|move: Instruct|[of] p2b: Oranguru\n|move|p2a: Armarouge|Expanding Force|p1a: Indeedee|[spread] p1a,p1b\n|-resisted|p1a: Indeedee\n|-resisted|p1b: Armarouge\n|-damage|p1a: Indeedee|0 fnt\n|-activate|p1b: Armarouge|move: Endure\n|-damage|p1b: Armarouge|1\/100\n|faint|p1a: Indeedee\n|move|p2a: Armarouge|Expanding Force|p1b: Armarouge\n|-resisted|p1b: Armarouge\n|-activate|p1b: Armarouge|move: Endure\n|-damage|p1b: Armarouge|1\/100\n|\n|upkeep\n|\n|t:|1699675907\n|switch|p1a: Sneasler|Sneasler, L50, M|100\/100\n|-enditem|p1a: Sneasler|Psychic Seed\n|-boost|p1a: Sneasler|spd|1|[from] item: Psychic Seed\n|turn|5\n|c|\u2606DonFuron|lol does endure work like protect?\n|\n|t:|1699675930\n|move|p1a: Sneasler|Protect|p1a: Sneasler\n|-singleturn|p1a: Sneasler|Protect\n|move|p2b: Oranguru|Instruct|p2a: Armarouge\n|-singleturn|p2a: Armarouge|move: Instruct|[of] p2b: Oranguru\n|move|p2a: Armarouge|Expanding Force|p1b: Armarouge|[spread] p1b\n|-activate|p1a: Sneasler|move: Protect\n|-resisted|p1b: Armarouge\n|-damage|p1b: Armarouge|0 fnt\n|faint|p1b: Armarouge\n|move|p2a: Armarouge|Expanding Force|p1a: Sneasler\n|-activate|p1a: Sneasler|move: Protect\n|\n|-fieldend|move: Psychic Terrain\n|upkeep\n|\n|t:|1699675942\n|switch|p1b: Annihilape|Annihilape, L50, F|100\/100\n|turn|6\n|\n|t:|1699675952\n|move|p2b: Oranguru|Instruct|p2a: Armarouge\n|-singleturn|p2a: Armarouge|move: Instruct|[of] p2b: Oranguru\n|move|p2a: Armarouge|Expanding Force|p1a: Sneasler\n|-supereffective|p1a: Sneasler\n|-damage|p1a: Sneasler|0 fnt\n|faint|p1a: Sneasler\n|move|p2a: Armarouge|Expanding Force|p1b: Annihilape\n|-supereffective|p1b: Annihilape\n|-damage|p1b: Annihilape|0 fnt\n|faint|p1b: Annihilape\n|\n|win|DonFuron\n|c|\u2606DonFuron|gg\n|inactive|foiledfeline has 50 seconds to confirm battle start!\n|inactive|DonFuron has 50 seconds to confirm battle start!\n|c|&|\/uhtml prompt-donfuron,DonFuron is ready for game 2!\n|c|&|\/uhtml prompt-foiledfeline,foiledfeline is ready for game 2!\nBoth players are ready! Starting next match!\n","uploadtime":1699676297,"views":29,"p1id":"foiledfeline","p2id":"donfuron","formatid":"gen9vgc2023regulatione","rating":0,"private":0,"password":""}