{"id":"gen9vgc2023regulatione-1999897980","p1":"Dan22222","p2":"KumpelXD","format":"[Gen 9] VGC 2023 Regulation E","log":"|j|\u2606Dan22222\n|j|\u2606KumpelXD\n|t:|1701127655\n|gametype|doubles\n|player|p1|Dan22222|266|1375\n|player|p2|KumpelXD|169|1292\n|teamsize|p1|6\n|teamsize|p2|6\n|gen|9\n|tier|[Gen 9] VGC 2023 Regulation E\n|rated|\n|rule|Species Clause: Limit one of each Pok\u00e9mon\n|rule|Item Clause: Limit one of each item\n|clearpoke\n|poke|p1|Heatran, L50, F|\n|poke|p1|Landorus-Therian, L50, M|\n|poke|p1|Cresselia, L50, F|\n|poke|p1|Ogerpon-Wellspring, L50, F|\n|poke|p1|Urshifu-*, L50, F|\n|poke|p1|Rillaboom, L50, M|\n|poke|p2|Empoleon, L50, F|\n|poke|p2|Landorus-Therian, L50, M|\n|poke|p2|Ninetales-Alola, L50, M|\n|poke|p2|Iron Hands, L50|\n|poke|p2|Ogerpon-Cornerstone, L50, F|\n|poke|p2|Hydreigon, L50, M|\n|teampreview|4\n|inactive|Battle timer is ON: inactive players will automatically lose when time's up. (requested by KumpelXD)\nKumpelXD has agreed to open team sheets.\n|\n|t:|1701127681\n|start\n|switch|p1a: Landorus|Landorus-Therian, L50, M|100\/100\n|switch|p1b: Heatran|Heatran, L50, F|100\/100\n|switch|p2a: Ogerpon|Ogerpon-Cornerstone, L50, F|100\/100\n|switch|p2b: Empoleon|Empoleon, L50, F|100\/100\n|-ability|p1a: Landorus|Intimidate|boost\n|-unboost|p2a: Ogerpon|atk|1\n|-unboost|p2b: Empoleon|atk|1\n|-ability|p2b: Empoleon|Competitive|boost\n|-boost|p2b: Empoleon|spa|2\n|turn|1\n|inactive|Dan22222 has 30 seconds left.\n|inactive|KumpelXD has 30 seconds left.\n|inactive|Dan22222 has 20 seconds left.\n|inactive|Dan22222 has 15 seconds left.\n|\n|t:|1701127725\n|switch|p2a: Landorus|Landorus-Therian, L50, M|100\/100\n|-ability|p2a: Landorus|Intimidate|boost\n|-unboost|p1a: Landorus|atk|1\n|-unboost|p1b: Heatran|atk|1\n|move|p1b: Heatran|Protect|p1b: Heatran\n|-singleturn|p1b: Heatran|Protect\n|move|p2b: Empoleon|Protect|p2b: Empoleon\n|-singleturn|p2b: Empoleon|Protect\n|move|p1a: Landorus|Stomping Tantrum|p2b: Empoleon\n|-activate|p2b: Empoleon|move: Protect\n|\n|upkeep\n|turn|2\n|inactive|KumpelXD has 30 seconds left.\n|\n|t:|1701127757\n|switch|p1b: Ogerpon|Ogerpon-Wellspring, L50, F|100\/100\n|move|p1a: Landorus|Stomping Tantrum|p2b: Empoleon\n|-supereffective|p2b: Empoleon\n|-damage|p2b: Empoleon|49\/100\n|move|p2a: Landorus|Substitute|p2a: Landorus\n|-start|p2a: Landorus|Substitute\n|-damage|p2a: Landorus|75\/100\n|move|p2b: Empoleon|Hydro Pump|p1b: Ogerpon\n|-immune|p1b: Ogerpon|[from] ability: Water Absorb\n|\n|-heal|p2b: Empoleon|56\/100|[from] item: Leftovers\n|upkeep\n|turn|3\n|inactive|Dan22222 has 30 seconds left.\n|inactive|KumpelXD has 30 seconds left.\n|\n|t:|1701127788\n|move|p2b: Empoleon|Protect|p2b: Empoleon\n|-singleturn|p2b: Empoleon|Protect\n|move|p1a: Landorus|Stomping Tantrum|p2b: Empoleon\n|-activate|p2b: Empoleon|move: Protect\n|move|p1b: Ogerpon|Horn Leech|p2b: Empoleon\n|-activate|p2b: Empoleon|move: Protect\n|move|p2a: Landorus|Stone Edge|p1b: Ogerpon\n|-damage|p1b: Ogerpon|53\/100\n|\n|-heal|p2b: Empoleon|62\/100|[from] item: Leftovers\n|upkeep\n|turn|4\n|\n|t:|1701127804\n|-terastallize|p2b: Empoleon|Flying\n|move|p1a: Landorus|Stomping Tantrum|p2b: Empoleon\n|-immune|p2b: Empoleon\n|move|p1b: Ogerpon|Horn Leech|p2b: Empoleon\n|-resisted|p2b: Empoleon\n|-damage|p2b: Empoleon|38\/100\n|-heal|p1b: Ogerpon|64\/100|[from] drain|[of] p2b: Empoleon\n|move|p2a: Landorus|Stone Edge|p1b: Ogerpon\n|-crit|p1b: Ogerpon\n|-damage|p1b: Ogerpon|0 fnt\n|faint|p1b: Ogerpon\n|move|p2b: Empoleon|Air Slash|p1a: Landorus\n|-damage|p1a: Landorus|35\/100\n|\n|-heal|p2b: Empoleon|44\/100|[from] item: Leftovers\n|upkeep\n|\n|t:|1701127820\n|switch|p1b: Cresselia|Cresselia, L50, F|100\/100\n|turn|5\n|\n|t:|1701127833\n|switch|p1a: Heatran|Heatran, L50, F|100\/100\n|move|p2a: Landorus|Swords Dance|p2a: Landorus\n|-boost|p2a: Landorus|atk|2\n|move|p2b: Empoleon|Air Slash|p1a: Heatran\n|-resisted|p1a: Heatran\n|-damage|p1a: Heatran|78\/100\n|move|p1b: Cresselia|Trick Room|p1b: Cresselia\n|-fieldstart|move: Trick Room|[of] p1b: Cresselia\n|\n|-heal|p2b: Empoleon|50\/100|[from] item: Leftovers\n|-heal|p1a: Heatran|84\/100|[from] item: Leftovers\n|upkeep\n|turn|6\n|inactive|Dan22222 has 30 seconds left.\n|\n|t:|1701127862\n|-terastallize|p1a: Heatran|Fairy\n|move|p2b: Empoleon|Protect|p2b: Empoleon\n|-singleturn|p2b: Empoleon|Protect\n|move|p1b: Cresselia|Psychic|p2b: Empoleon\n|-activate|p2b: Empoleon|move: Protect\n|move|p1a: Heatran|Heat Wave|p2a: Landorus|[spread] \n|-activate|p2b: Empoleon|move: Protect\n|-miss|p1a: Heatran|p2a: Landorus\n|move|p2a: Landorus|Stone Edge|p1b: Cresselia\n|-crit|p1b: Cresselia\n|-damage|p1b: Cresselia|19\/100\n|-enditem|p1b: Cresselia|Sitrus Berry|[eat]\n|-heal|p1b: Cresselia|43\/100|[from] item: Sitrus Berry\n|\n|-heal|p2b: Empoleon|57\/100|[from] item: Leftovers\n|-heal|p1a: Heatran|90\/100|[from] item: Leftovers\n|upkeep\n|turn|7\n|inactive|KumpelXD has 30 seconds left.\n|\n|t:|1701127889\n|move|p2b: Empoleon|Flash Cannon|p1a: Heatran\n|-supereffective|p1a: Heatran\n|-damage|p1a: Heatran|0 fnt\n|faint|p1a: Heatran\n|move|p1b: Cresselia|Lunar Blessing|p1b: Cresselia\n|-heal|p1b: Cresselia|68\/100\n|move|p2a: Landorus|Stone Edge|p1b: Cresselia\n|-damage|p1b: Cresselia|10\/100\n|\n|-heal|p2b: Empoleon|63\/100|[from] item: Leftovers\n|upkeep\n|-message|Dan22222 forfeited.\n|\n|win|KumpelXD\n|raw|Dan22222's rating: 1375 &rarr; <strong>1350<\/strong><br \/>(-25 for losing)\n|raw|KumpelXD's rating: 1292 &rarr; <strong>1323<\/strong><br \/>(+31 for winning)\n|l|\u2606Dan22222\n","uploadtime":1701127901,"views":5,"p1id":"dan22222","p2id":"kumpelxd","formatid":"gen9vgc2023regulatione","rating":1323,"private":0,"password":""}