{"id":"gen9vgc2023regulatione-1994555446","p1":"Longke","p2":"joshferd","format":"[Gen 9] VGC 2023 Regulation E","log":"|j|\u2606Longke\n|j|\u2606joshferd\n|t:|1700459144\n|gametype|doubles\n|player|p1|Longke|hilbert-wonderlauncher|1129\n|player|p2|joshferd|169|1102\n|teamsize|p1|6\n|teamsize|p2|6\n|gen|9\n|tier|[Gen 9] VGC 2023 Regulation E\n|rated|\n|rule|Species Clause: Limit one of each Pok\u00e9mon\n|rule|Item Clause: Limit one of each item\n|clearpoke\n|poke|p1|Baxcalibur, L50, M|\n|poke|p1|Skeledirge, L50, F|\n|poke|p1|Dondozo, L50, F|\n|poke|p1|Pawmot, L50, M|\n|poke|p1|Tatsugiri, L50, F|\n|poke|p1|Great Tusk, L50|\n|poke|p2|Sneasler, L50, M|\n|poke|p2|Farigiraf, L50, F|\n|poke|p2|Oranguru, L50, M|\n|poke|p2|Ampharos, L50, F|\n|poke|p2|Ursaluna, L50, F|\n|poke|p2|Orthworm, L50, M|\n|teampreview|4\n|\n|t:|1700459198\n|start\n|switch|p1a: Baxcalibur|Baxcalibur, L50, M|100\/100\n|switch|p1b: Skeledirge|Skeledirge, L50, F|100\/100\n|switch|p2a: Sneasler|Sneasler, L50, M|100\/100\n|switch|p2b: Farigiraf|Farigiraf, L50, F|100\/100\n|turn|1\n|inactive|Battle timer is ON: inactive players will automatically lose when time's up. (requested by Longke)\n|inactive|joshferd has 60 seconds left.\n|\n|t:|1700459231\n|switch|p1a: Dondozo|Dondozo, L50, F|100\/100\n|move|p2a: Sneasler|Endure|p2a: Sneasler\n|-singleturn|p2a: Sneasler|move: Endure\n|move|p1b: Skeledirge|Torch Song|p2a: Sneasler\n|-damage|p2a: Sneasler|43\/100\n|-boost|p1b: Skeledirge|spa|1\n|move|p2b: Farigiraf|Psychic|p2a: Sneasler\n|-supereffective|p2a: Sneasler\n|-activate|p2a: Sneasler|move: Endure\n|-damage|p2a: Sneasler|1\/100\n|-enditem|p2a: Sneasler|Weakness Policy\n|-boost|p2a: Sneasler|atk|2|[from] item: Weakness Policy\n|-boost|p2a: Sneasler|spa|2|[from] item: Weakness Policy\n|\n|upkeep\n|turn|2\n|inactive|joshferd has 30 seconds left.\n|\n|t:|1700459265\n|-terastallize|p2a: Sneasler|Rock\n|move|p1a: Dondozo|Protect|p1a: Dondozo\n|-singleturn|p1a: Dondozo|Protect\n|move|p2a: Sneasler|Rock Slide|p1b: Skeledirge|[spread] p1b\n|-activate|p1a: Dondozo|move: Protect\n|-supereffective|p1b: Skeledirge\n|-damage|p1b: Skeledirge|44\/100\n|cant|p1b: Skeledirge|flinch\n|move|p2b: Farigiraf|Foul Play|p1b: Skeledirge\n|-supereffective|p1b: Skeledirge\n|-damage|p1b: Skeledirge|20\/100\n|\n|upkeep\n|turn|3\n|inactive|Longke has 30 seconds left.\n|inactive|joshferd has 30 seconds left.\n|inactive|Longke has 20 seconds left.\n|inactive|joshferd has 20 seconds left.\n|inactive|joshferd has 15 seconds left.\n|inactive|joshferd has 10 seconds left.\n|inactive|joshferd has 5 seconds left.\n|\n|t:|1700459320\n|move|p2a: Sneasler|Endure|p2a: Sneasler\n|-singleturn|p2a: Sneasler|move: Endure\n|move|p1b: Skeledirge|Snarl|p2a: Sneasler|[spread] p2a,p2b\n|-supereffective|p2b: Farigiraf\n|-activate|p2a: Sneasler|move: Endure\n|-damage|p2a: Sneasler|1\/100\n|-damage|p2b: Farigiraf|66\/100\n|-unboost|p2a: Sneasler|spa|1\n|-unboost|p2b: Farigiraf|spa|1\n|move|p1a: Dondozo|Earthquake|p2b: Farigiraf|[spread] p1b,p2a,p2b\n|-supereffective|p1b: Skeledirge\n|-supereffective|p2a: Sneasler\n|-damage|p1b: Skeledirge|0 fnt\n|-activate|p2a: Sneasler|move: Endure\n|-damage|p2a: Sneasler|1\/100\n|-damage|p2b: Farigiraf|44\/100\n|faint|p1b: Skeledirge\n|move|p2b: Farigiraf|Trick Room|p2b: Farigiraf\n|-fieldstart|move: Trick Room|[of] p2b: Farigiraf\n|\n|-heal|p2b: Farigiraf|50\/100|[from] item: Leftovers\n|upkeep\n|\n|t:|1700459337\n|switch|p1b: Tatsugiri|Tatsugiri, L50, F|100\/100\n|-activate|p1b: Tatsugiri|ability: Commander|[of] p1a: Dondozo\n|-boost|p1a: Dondozo|atk|2\n|-boost|p1a: Dondozo|spa|2\n|-boost|p1a: Dondozo|spe|2\n|-boost|p1a: Dondozo|def|2\n|-boost|p1a: Dondozo|spd|2\n|turn|4\n|\n|t:|1700459350\n|switch|p2a: Oranguru|Oranguru, L50, M|100\/100\n|-terastallize|p1a: Dondozo|Grass\n|move|p2b: Farigiraf|Foul Play|p1a: Dondozo\n|-damage|p1a: Dondozo|92\/100\n|move|p1a: Dondozo|Earthquake|p2b: Farigiraf|[spread] p2a,p2b\n|-miss|p1a: Dondozo|p1b: Tatsugiri\n|-damage|p2a: Oranguru|55\/100\n|-damage|p2b: Farigiraf|5\/100\n|\n|-heal|p2b: Farigiraf|11\/100|[from] item: Leftovers\n|-heal|p1a: Dondozo|98\/100|[from] item: Leftovers\n|upkeep\n|turn|5\n|\n|t:|1700459375\n|move|p2a: Oranguru|Foul Play|p1a: Dondozo\n|-damage|p1a: Dondozo|88\/100\n|move|p2b: Farigiraf|Foul Play|p1a: Dondozo\n|-damage|p1a: Dondozo|77\/100\n|move|p1a: Dondozo|Order Up|p2b: Farigiraf\n|-damage|p2b: Farigiraf|0 fnt\n|faint|p2b: Farigiraf\n|-boost|p1a: Dondozo|atk|1\n|\n|-heal|p1a: Dondozo|83\/100|[from] item: Leftovers\n|upkeep\n|inactive|joshferd has 30 seconds left.\n|inactive|joshferd has 20 seconds left.\n|inactive|joshferd has 15 seconds left.\n|inactive|joshferd has 10 seconds left.\n|inactive|joshferd has 5 seconds left.\n|\n|t:|1700459426\n|switch|p2b: Ursaluna|Ursaluna, L50, F|100\/100\n|turn|6\n|inactive|Longke has 30 seconds left.\n|\n|t:|1700459452\n|move|p2b: Ursaluna|Protect|p2b: Ursaluna\n|-singleturn|p2b: Ursaluna|Protect\n|move|p2a: Oranguru|Foul Play|p1a: Dondozo\n|-damage|p1a: Dondozo|74\/100\n|move|p1a: Dondozo|Order Up|p2a: Oranguru\n|-damage|p2a: Oranguru|0 fnt\n|faint|p2a: Oranguru\n|-boost|p1a: Dondozo|atk|1\n|\n|-heal|p1a: Dondozo|81\/100|[from] item: Leftovers\n|-status|p2b: Ursaluna|brn|[from] item: Flame Orb\n|upkeep\n|\n|t:|1700459468\n|switch|p2a: Sneasler|Sneasler, L50, M, tera:Rock|1\/100\n|turn|7\n|\n|t:|1700459474\n|move|p1a: Dondozo|Protect|p1a: Dondozo\n|-singleturn|p1a: Dondozo|Protect\n|move|p2b: Ursaluna|Facade|p1a: Dondozo\n|-activate|p1a: Dondozo|move: Protect\n|move|p2a: Sneasler|Dire Claw|p1a: Dondozo\n|-activate|p1a: Dondozo|move: Protect\n|\n|-heal|p1a: Dondozo|87\/100|[from] item: Leftovers\n|-damage|p2b: Ursaluna|95\/100 brn|[from] brn\n|-fieldend|move: Trick Room\n|upkeep\n|turn|8\n|inactive|joshferd has 30 seconds left.\n|inactive|joshferd has 20 seconds left.\n|inactive|joshferd has 15 seconds left.\n|inactive|joshferd has 10 seconds left.\n|inactive|joshferd has 5 seconds left.\n|\n|t:|1700459529\n|move|p2a: Sneasler|Endure|p2a: Sneasler\n|-singleturn|p2a: Sneasler|move: Endure\n|move|p1a: Dondozo|Wave Crash|p2b: Ursaluna\n|-supereffective|p2b: Ursaluna\n|-damage|p2b: Ursaluna|0 fnt\n|faint|p2b: Ursaluna\n|-damage|p1a: Dondozo|60\/100|[from] Recoil\n|\n|-heal|p1a: Dondozo|67\/100|[from] item: Leftovers\n|upkeep\n|turn|9\n|\n|t:|1700459543\n|move|p2a: Sneasler|Dire Claw|p1a: Dondozo\n|-supereffective|p1a: Dondozo\n|-damage|p1a: Dondozo|38\/100\n|move|p1a: Dondozo|Earthquake|p2a: Sneasler|[spread] p2a\n|-miss|p1a: Dondozo|p1b: Tatsugiri\n|-supereffective|p2a: Sneasler\n|-damage|p2a: Sneasler|0 fnt\n|faint|p2a: Sneasler\n|\n|win|Longke\n|raw|Longke's rating: 1129 &rarr; <strong>1152<\/strong><br \/>(+23 for winning)\n|raw|joshferd's rating: 1102 &rarr; <strong>1079<\/strong><br \/>(-23 for losing)\n|l|\u2606joshferd\n","uploadtime":1700459556,"views":8,"p1id":"longke","p2id":"joshferd","formatid":"gen9vgc2023regulatione","rating":1079,"private":0,"password":""}