{"id":"gen9vgc2023regulatione-1987909582","p1":"newdun","p2":"Aldermaple","format":"[Gen 9] VGC 2023 Regulation E","log":"|j|\u2606newdun\n|j|\u2606Aldermaple\n|t:|1699648198\n|gametype|doubles\n|player|p1|newdun|1|\n|player|p2|Aldermaple|alder|\n|teamsize|p1|6\n|teamsize|p2|6\n|gen|9\n|tier|[Gen 9] VGC 2023 Regulation E\n|rule|Species Clause: Limit one of each Pok\u00e9mon\n|rule|Item Clause: Limit one of each item\n|clearpoke\n|poke|p1|Grimmsnarl, L50, M|\n|poke|p1|Okidogi, L50, M|\n|poke|p1|Urshifu-*, L50, F|\n|poke|p1|Ogerpon-Hearthflame, L50, F|\n|poke|p1|Arcanine-Hisui, L50, M|\n|poke|p1|Iron Bundle, L50|\n|poke|p2|Tornadus, L50, M|\n|poke|p2|Farigiraf, L50, M|\n|poke|p2|Ogerpon-Hearthflame, L50, F|\n|poke|p2|Urshifu-*, L50, F|\n|poke|p2|Conkeldurr, L50, M|\n|poke|p2|Amoonguss, L50, M|\n|teampreview|4\n|inactive|Battle timer is ON: inactive players will automatically lose when time's up. (requested by Aldermaple)\n|inactive|newdun has 60 seconds left.\n|inactive|Aldermaple has 60 seconds left.\nnewdun has agreed to open team sheets.\n|inactiveoff|Battle timer is now OFF.\n|\n|t:|1699648251\n|start\n|switch|p1a: Urshifu|Urshifu-Rapid-Strike, L50, F|100\/100\n|switch|p1b: Grimmsnarl|Grimmsnarl, L50, M, shiny|100\/100\n|switch|p2a: Guppy|Tornadus, L50, M|100\/100\n|switch|p2b: Coolskeleton|Urshifu-Rapid-Strike, L50, F|100\/100\n|turn|1\n|\n|t:|1699648279\n|switch|p1a: Arcanine|Arcanine-Hisui, L50, M, shiny|100\/100\n|-ability|p1a: Arcanine|Intimidate|boost\n|-unboost|p2a: Guppy|atk|1\n|-unboost|p2b: Coolskeleton|atk|1\n|move|p2a: Guppy|Tailwind|p2a: Guppy\n|-sidestart|p2: Aldermaple|move: Tailwind\n|move|p1b: Grimmsnarl|Parting Shot|p2b: Coolskeleton\n|-unboost|p2b: Coolskeleton|atk|1\n|-unboost|p2b: Coolskeleton|spa|1\n|\n|t:|1699648290\n|switch|p1b: Ogerpon|Ogerpon-Hearthflame, L50, F|100\/100|[from] Parting Shot\n|-ability|p1b: Ogerpon|Mold Breaker\n|move|p2b: Coolskeleton|Surging Strikes|p1b: Ogerpon\n|-crit|p1b: Ogerpon\n|-damage|p1b: Ogerpon|68\/100\n|-crit|p1b: Ogerpon\n|-damage|p1b: Ogerpon|39\/100\n|-crit|p1b: Ogerpon\n|-damage|p1b: Ogerpon|7\/100\n|-hitcount|p1b: Ogerpon|3\n|\n|upkeep\n|turn|2\n|\n|t:|1699648306\n|-terastallize|p1a: Arcanine|Fairy\n|move|p1b: Ogerpon|Spiky Shield|p1b: Ogerpon\n|-singleturn|p1b: Ogerpon|move: Protect\n|move|p2b: Coolskeleton|Aqua Jet|p1b: Ogerpon\n|-crit|p1b: Ogerpon\n|-damage|p1b: Ogerpon|0 fnt\n|faint|p1b: Ogerpon\n|move|p2a: Guppy|Rain Dance|p2a: Guppy\n|-weather|RainDance\n|move|p1a: Arcanine|Tera Blast|p2b: Coolskeleton|[anim] Tera Blast Fairy\n|-supereffective|p2b: Coolskeleton\n|-damage|p2b: Coolskeleton|22\/100\n|\n|-weather|RainDance|[upkeep]\n|upkeep\n|\n|t:|1699648317\n|switch|p1b: Urshifu|Urshifu-Rapid-Strike, L50, F|100\/100\n|turn|3\n|\n|t:|1699648341\n|switch|p2b: boykisser|Ogerpon-Hearthflame, L50, F|100\/100\n|-ability|p2b: boykisser|Mold Breaker\n|move|p1a: Arcanine|Extreme Speed|p2b: boykisser\n|-damage|p2b: boykisser|62\/100\n|move|p2a: Guppy|Bleakwind Storm|p1b: Urshifu|[spread] p1a,p1b\n|-supereffective|p1b: Urshifu\n|-damage|p1a: Arcanine|77\/100\n|-damage|p1b: Urshifu|9\/100\n|move|p1b: Urshifu|Surging Strikes|p2a: Guppy\n|-crit|p2a: Guppy\n|-damage|p2a: Guppy|67\/100\n|-crit|p2a: Guppy\n|-damage|p2a: Guppy|31\/100\n|-crit|p2a: Guppy\n|-damage|p2a: Guppy|0 fnt\n|faint|p2a: Guppy\n|-hitcount|p2: Guppy|3\n|\n|-weather|RainDance|[upkeep]\n|upkeep\n|\n|t:|1699648360\n|switch|p2a: Dinklechad|Conkeldurr, L50, M, shiny|100\/100\n|turn|4\n|\n|t:|1699648419\n|switch|p1b: Grimmsnarl|Grimmsnarl, L50, M, shiny|100\/100\n|move|p2a: Dinklechad|Mach Punch|p1b: Grimmsnarl\n|-damage|p1b: Grimmsnarl|80\/100\n|move|p2b: boykisser|Horn Leech|p1a: Arcanine\n|-damage|p1a: Arcanine|19\/100\n|-heal|p2b: boykisser|96\/100|[from] drain|[of] p1a: Arcanine\n|move|p1a: Arcanine|Tera Blast|p2a: Dinklechad|[anim] Tera Blast Fairy\n|-supereffective|p2a: Dinklechad\n|-damage|p2a: Dinklechad|33\/100\n|\n|-weather|RainDance|[upkeep]\n|-sideend|p2: Aldermaple|move: Tailwind\n|-status|p2a: Dinklechad|brn|[from] item: Flame Orb\n|upkeep\n|turn|5\n|\n|t:|1699648454\n|move|p1a: Arcanine|Extreme Speed|p2b: boykisser\n|-damage|p2b: boykisser|58\/100\n|move|p1b: Grimmsnarl|Parting Shot|p2b: boykisser\n|-unboost|p2b: boykisser|atk|1\n|-unboost|p2b: boykisser|spa|1\n|\n|t:|1699648460\n|switch|p1b: Urshifu|Urshifu-Rapid-Strike, L50, F|9\/100|[from] Parting Shot\n|move|p2b: boykisser|Horn Leech|p1a: Arcanine\n|-damage|p1a: Arcanine|0 fnt\n|-heal|p2b: boykisser|69\/100|[from] drain|[of] p1a: Arcanine\n|faint|p1a: Arcanine\n|move|p2a: Dinklechad|Ice Punch|p1b: Urshifu\n|-resisted|p1b: Urshifu\n|-damage|p1b: Urshifu|0 fnt\n|faint|p1b: Urshifu\n|\n|-weather|RainDance|[upkeep]\n|-damage|p2a: Dinklechad|26\/100 brn|[from] brn\n|upkeep\n|\n|t:|1699648470\n|switch|p1b: Grimmsnarl|Grimmsnarl, L50, M, shiny|80\/100\n|turn|6\n|\n|t:|1699648482\n|move|p2b: boykisser|Horn Leech|p1b: Grimmsnarl\n|-damage|p1b: Grimmsnarl|51\/100\n|-heal|p2b: boykisser|88\/100|[from] drain|[of] p1b: Grimmsnarl\n|move|p1b: Grimmsnarl|Spirit Break|p2a: Dinklechad\n|-supereffective|p2a: Dinklechad\n|-damage|p2a: Dinklechad|0 fnt\n|faint|p2a: Dinklechad\n|\n|-weather|none\n|upkeep\n|\n|t:|1699648493\n|switch|p2a: Coolskeleton|Urshifu-Rapid-Strike, L50, F|22\/100\n|turn|7\n|\n|t:|1699648502\n|-terastallize|p2b: boykisser|Fire\n|detailschange|p2b: boykisser|Ogerpon-Hearthflame-Tera, L50, F, tera:Fire\n|-ability|p2b: boykisser|Embody Aspect (Hearthflame)|boost\n|-boost|p2b: boykisser|atk|1\n|move|p2a: Coolskeleton|Aqua Jet|p1b: Grimmsnarl\n|-damage|p1b: Grimmsnarl|27\/100\n|move|p1b: Grimmsnarl|Reflect|p1b: Grimmsnarl\n|-sidestart|p1: newdun|Reflect\n|move|p2b: boykisser|Ivy Cudgel|p1b: Grimmsnarl\n|-damage|p1b: Grimmsnarl|0 fnt\n|faint|p1b: Grimmsnarl\n|\n|win|Aldermaple\n|c|\u2606Aldermaple|gg\n","uploadtime":1699648514,"views":15,"p1id":"newdun","p2id":"aldermaple","formatid":"gen9vgc2023regulatione","rating":0,"private":0,"password":""}