{"id":"gen9vgc2023regulatione-2000479315","p1":"tomma","p2":"Mortipherus","format":"[Gen 9] VGC 2023 Regulation E","log":"|j|\u2606tomma\n|j|\u2606Mortipherus\n|n|\u2606tomma|tomma\n|n|\u2606Mortipherus|mortipherus\n|html|View the match progress at <a href=\"\/game-bestof3-gen9vgc2023regulatione-2000475352\">game-bestof3-gen9vgc2023regulatione-2000475352<\/a>\n|t:|1701198257\n|gametype|doubles\n|player|p1|tomma|170|\n|player|p2|Mortipherus|biker-gen4|\n|teamsize|p1|6\n|teamsize|p2|6\n|gen|9\n|tier|[Gen 9] VGC 2023 Regulation E\n|rule|Species Clause: Limit one of each Pok\u00e9mon\n|rule|Item Clause: Limit one of each item\n|clearpoke\n|poke|p1|Iron Hands, L50|\n|poke|p1|Sinistcha, L50|\n|poke|p1|Clefairy, L50, F|\n|poke|p1|Thundurus, L50, M|\n|poke|p1|Roaring Moon, L50|\n|poke|p1|Landorus-Therian, L50, M|\n|poke|p2|Ursaluna-Bloodmoon, L50, M|\n|poke|p2|Iron Hands, L50|\n|poke|p2|Flutter Mane, L50|\n|poke|p2|Ogerpon-Cornerstone, L50, F|\n|poke|p2|Farigiraf, L50, F|\n|poke|p2|Urshifu-*, L50, M|\n|teampreview|4\n|inactive|Battle timer is ON: inactive players will automatically lose when time's up. (requested by tomma)\ntomma has agreed to open team sheets.\n|\n|t:|1701198283\n|start\n|switch|p1a: Iron Hands|Iron Hands, L50|100\/100\n|switch|p1b: Clefairy|Clefairy, L50, F|100\/100\n|switch|p2a: Ogerpon|Ogerpon-Cornerstone, L50, F|100\/100\n|switch|p2b: Farigiraf|Farigiraf, L50, F|100\/100\n|turn|1\n|\n|t:|1701198303\n|move|p1b: Clefairy|Follow Me|p1b: Clefairy\n|-singleturn|p1b: Clefairy|move: Follow Me\n|move|p2a: Ogerpon|Ivy Cudgel|p1b: Clefairy|[anim] Ivy Cudgel Rock\n|-damage|p1b: Clefairy|51\/100\n|move|p2b: Farigiraf|Psychic|p1b: Clefairy\n|-damage|p1b: Clefairy|18\/100\n|move|p1a: Iron Hands|Belly Drum|p1a: Iron Hands\n|-damage|p1a: Iron Hands|50\/100\n|-setboost|p1a: Iron Hands|atk|6|[from] move: Belly Drum\n|-enditem|p1a: Iron Hands|Sitrus Berry|[eat]\n|-heal|p1a: Iron Hands|75\/100|[from] item: Sitrus Berry\n|\n|upkeep\n|turn|2\n|\n|t:|1701198325\n|-terastallize|p1a: Iron Hands|Water\n|move|p1b: Clefairy|Protect|p1b: Clefairy\n|-singleturn|p1b: Clefairy|Protect\n|move|p2a: Ogerpon|Ivy Cudgel|p1b: Clefairy|[anim] Ivy Cudgel Rock\n|-activate|p1b: Clefairy|move: Protect\n|move|p2b: Farigiraf|Psychic|p1a: Iron Hands\n|-damage|p1a: Iron Hands|56\/100\n|move|p1a: Iron Hands|Drain Punch|p2b: Farigiraf\n|-damage|p2b: Farigiraf|0 fnt\n|-heal|p1a: Iron Hands|99\/100|[from] drain|[of] p2b: Farigiraf\n|faint|p2b: Farigiraf\n|\n|upkeep\n|\n|t:|1701198331\n|switch|p2b: Iron Hands|Iron Hands, L50|100\/100\n|turn|3\n|\n|t:|1701198346\n|switch|p1b: Landorus|Landorus-Therian, L50, M|100\/100\n|-ability|p1b: Landorus|Intimidate|boost\n|-unboost|p2a: Ogerpon|atk|1\n|-unboost|p2b: Iron Hands|atk|1\n|move|p1a: Iron Hands|Detect|p1a: Iron Hands\n|-singleturn|p1a: Iron Hands|Protect\n|move|p2b: Iron Hands|Fake Out|p1a: Iron Hands\n|-activate|p1a: Iron Hands|move: Protect\n|move|p2a: Ogerpon|Ivy Cudgel|p1b: Landorus|[anim] Ivy Cudgel Rock\n|-damage|p1b: Landorus|60\/100\n|\n|upkeep\n|turn|4\n|\n|t:|1701198359\n|switch|p2a: Flutter Mane|Flutter Mane, L50, shiny|100\/100\n|-enditem|p2a: Flutter Mane|Booster Energy\n|-activate|p2a: Flutter Mane|ability: Protosynthesis|[fromitem]\n|-start|p2a: Flutter Mane|protosynthesisspe\n|move|p1b: Landorus|U-turn|p2a: Flutter Mane\n|-resisted|p2a: Flutter Mane\n|-damage|p2a: Flutter Mane|89\/100\n|\n|t:|1701198366\n|switch|p1b: Clefairy|Clefairy, L50, F|18\/100|[from] U-turn\n|move|p2b: Iron Hands|Ice Punch|p1b: Clefairy\n|-damage|p1b: Clefairy|0 fnt\n|faint|p1b: Clefairy\n|move|p1a: Iron Hands|Drain Punch|p2b: Iron Hands\n|-damage|p2b: Iron Hands|2\/100\n|-heal|p1a: Iron Hands|100\/100|[from] drain|[of] p2b: Iron Hands\n|\n|upkeep\n|\n|t:|1701198376\n|switch|p1b: Landorus|Landorus-Therian, L50, M|60\/100\n|-ability|p1b: Landorus|Intimidate|boost\n|-unboost|p2a: Flutter Mane|atk|1\n|-unboost|p2b: Iron Hands|atk|1\n|turn|5\n|\n|t:|1701198386\n|move|p2a: Flutter Mane|Icy Wind|p1a: Iron Hands|[spread] p1a,p1b\n|-resisted|p1a: Iron Hands\n|-supereffective|p1b: Landorus\n|-damage|p1a: Iron Hands|95\/100\n|-damage|p1b: Landorus|0 fnt\n|-unboost|p1a: Iron Hands|spe|1\n|faint|p1b: Landorus\n|move|p2b: Iron Hands|Ice Punch|p1a: Iron Hands\n|-resisted|p1a: Iron Hands\n|-damage|p1a: Iron Hands|91\/100\n|move|p1a: Iron Hands|Thunder Punch|p2a: Flutter Mane\n|-damage|p2a: Flutter Mane|0 fnt\n|faint|p2a: Flutter Mane\n|-end|p2a: Flutter Mane|Protosynthesis|[silent]\n|\n|upkeep\n|\n|t:|1701198391\n|switch|p2a: Ogerpon|Ogerpon-Cornerstone, L50, F|100\/100\n|switch|p1b: Sinistcha|Sinistcha, L50|100\/100\n|-heal|p1a: Iron Hands|100\/100|[from] ability: Hospitality|[of] p1b: Sinistcha\n|turn|6\n|\n|t:|1701198406\n|-terastallize|p2b: Iron Hands|Grass\n|move|p1a: Iron Hands|Detect|p1a: Iron Hands\n|-singleturn|p1a: Iron Hands|Protect\n|move|p2a: Ogerpon|Wood Hammer|p1a: Iron Hands\n|-activate|p1a: Iron Hands|move: Protect\n|move|p2b: Iron Hands|Ice Punch|p1b: Sinistcha\n|-supereffective|p1b: Sinistcha\n|-damage|p1b: Sinistcha|79\/100\n|-damage|p2b: Iron Hands|0 fnt|[from] item: Rocky Helmet|[of] p1b: Sinistcha\n|faint|p2b: Iron Hands\n|-end|p2b: Iron Hands|Quark Drive|[silent]\n|move|p1b: Sinistcha|Trick Room|p1b: Sinistcha\n|-fieldstart|move: Trick Room|[of] p1b: Sinistcha\n|\n|upkeep\n|turn|7\n|\n|t:|1701198417\n|move|p1a: Iron Hands|Drain Punch|p2a: Ogerpon\n|-supereffective|p2a: Ogerpon\n|-ability|p2a: Ogerpon|Sturdy\n|-damage|p2a: Ogerpon|1\/100\n|move|p1b: Sinistcha|Matcha Gotcha|p2a: Ogerpon\n|-damage|p2a: Ogerpon|0 fnt\n|-heal|p1b: Sinistcha|80\/100|[from] drain|[of] p2a: Ogerpon\n|faint|p2a: Ogerpon\n|\n|win|tomma\n|l|\u2606tomma\n","uploadtime":1701198476,"views":1,"p1id":"tomma","p2id":"mortipherus","formatid":"gen9vgc2023regulatione","rating":0,"private":0,"password":""}