{"id":"gen9vgc2023regulatione-1999123927","p1":"MarianoFarv","p2":"DiverSquid","format":"[Gen 9] VGC 2023 Regulation E","log":"|j|\u2606MarianoFarv\n|j|\u2606DiverSquid\n|t:|1701035703\n|gametype|doubles\n|player|p1|MarianoFarv|ghetsis-gen5bw|1202\n|player|p2|DiverSquid|teamrocket|1138\n|teamsize|p1|6\n|teamsize|p2|6\n|gen|9\n|tier|[Gen 9] VGC 2023 Regulation E\n|rated|\n|rule|Species Clause: Limit one of each Pok\u00e9mon\n|rule|Item Clause: Limit one of each item\n|clearpoke\n|poke|p1|Iron Bundle, L50|\n|poke|p1|Gholdengo, L50|\n|poke|p1|Chien-Pao, L50|\n|poke|p1|Urshifu-*, L50, F|\n|poke|p1|Iron Hands, L50|\n|poke|p1|Dragonite, L50, M|\n|poke|p2|Wo-Chien, L50|\n|poke|p2|Gholdengo, L50|\n|poke|p2|Iron Bundle, L50|\n|poke|p2|Talonflame, L50, F|\n|poke|p2|Glimmora, L50, F|\n|poke|p2|Gyarados, L50, M|\n|teampreview|4\nMarianoFarv has agreed to open team sheets.\n|\n|t:|1701035718\n|start\n|switch|p1a: Grinch|Chien-Pao, L50|100\/100\n|switch|p1b: Chunk|Dragonite, L50, M|100\/100\n|switch|p2a: Gyarados|Gyarados, L50, M|100\/100\n|switch|p2b: Glimmora|Glimmora, L50, F|100\/100\n|-ability|p1a: Grinch|Sword of Ruin\n|-ability|p2a: Gyarados|Intimidate|boost\n|-unboost|p1a: Grinch|atk|1\n|-fail|p1b: Chunk|unboost|Attack|[from] ability: Inner Focus|[of] p1b: Chunk\n|turn|1\n|inactive|Battle timer is ON: inactive players will automatically lose when time's up. (requested by DiverSquid)\n|\n|t:|1701035735\n|switch|p2a: Wo-Chien|Wo-Chien, L50|100\/100\n|-ability|p2a: Wo-Chien|Tablets of Ruin\n|-terastallize|p1b: Chunk|Normal\n|move|p1b: Chunk|Extreme Speed|p2a: Wo-Chien\n|-damage|p2a: Wo-Chien|36\/100\n|move|p1a: Grinch|Sacred Sword|p2b: Glimmora\n|-damage|p2b: Glimmora|75\/100\n|-activate|p2b: Glimmora|ability: Toxic Debris\n|-sidestart|p1: MarianoFarv|move: Toxic Spikes\n|move|p2b: Glimmora|Mortal Spin|p1a: Grinch|[spread] p1a,p1b\n|-damage|p1a: Grinch|95\/100\n|-damage|p1b: Chunk|95\/100\n|-status|p1a: Grinch|psn\n|-status|p1b: Chunk|psn\n|\n|-heal|p2a: Wo-Chien|42\/100|[from] item: Leftovers\n|-damage|p1a: Grinch|82\/100 psn|[from] psn\n|-damage|p1b: Chunk|83\/100 psn|[from] psn\n|upkeep\n|turn|2\n|inactive|DiverSquid has 30 seconds left.\n|\n|t:|1701035761\n|switch|p2a: Gyarados|Gyarados, L50, M|100\/100\n|-ability|p2a: Gyarados|Intimidate|boost\n|-unboost|p1a: Grinch|atk|1\n|-fail|p1b: Chunk|unboost|Attack|[from] ability: Inner Focus|[of] p1b: Chunk\n|move|p1b: Chunk|Extreme Speed|p2a: Gyarados\n|-damage|p2a: Gyarados|0 fnt\n|faint|p2a: Gyarados\n|move|p1a: Grinch|Swords Dance|p1a: Grinch\n|-boost|p1a: Grinch|atk|2\n|move|p2b: Glimmora|Venoshock|p1b: Chunk\n|-damage|p1b: Chunk|12\/100 psn\n|\n|-damage|p1a: Grinch|70\/100 psn|[from] psn\n|-damage|p1b: Chunk|0 fnt|[from] psn\n|faint|p1b: Chunk\n|upkeep\n|\n|t:|1701035778\n|switch|p2a: Wo-Chien|Wo-Chien, L50|42\/100\n|switch|p1b: Garou|Urshifu-Rapid-Strike, L50, F|100\/100\n|-status|p1b: Garou|psn\n|-ability|p2a: Wo-Chien|Tablets of Ruin\n|turn|3\n|\n|t:|1701035790\n|switch|p2a: Gholdengo|Gholdengo, L50|100\/100\n|-item|p2a: Gholdengo|Air Balloon\n|move|p1a: Grinch|Sacred Sword|p2a: Gholdengo\n|-immune|p2a: Gholdengo\n|move|p1b: Garou|Surging Strikes|p2b: Glimmora\n|-supereffective|p2b: Glimmora\n|-crit|p2b: Glimmora\n|-damage|p2b: Glimmora|0 fnt\n|-activate|p2b: Glimmora|ability: Toxic Debris\n|-sidestart|p1: MarianoFarv|move: Toxic Spikes\n|faint|p2b: Glimmora\n|-hitcount|p2: Glimmora|1\n|\n|-damage|p1a: Grinch|58\/100 psn|[from] psn\n|-damage|p1b: Garou|88\/100 psn|[from] psn\n|upkeep\n|\n|t:|1701035804\n|switch|p2b: Wo-Chien|Wo-Chien, L50|42\/100\n|-ability|p2b: Wo-Chien|Tablets of Ruin\n|turn|4\n|\n|t:|1701035821\n|-terastallize|p2a: Gholdengo|Steel\n|move|p2b: Wo-Chien|Protect|p2b: Wo-Chien\n|-singleturn|p2b: Wo-Chien|Protect\n|move|p1a: Grinch|Sucker Punch||[still]\n|-fail|p1a: Grinch\n|move|p1b: Garou|Surging Strikes|p2b: Wo-Chien\n|-resisted|p2b: Wo-Chien\n|-crit|p2b: Wo-Chien\n|-damage|p2b: Wo-Chien|31\/100\n|-resisted|p2b: Wo-Chien\n|-crit|p2b: Wo-Chien\n|-damage|p2b: Wo-Chien|20\/100\n|-resisted|p2b: Wo-Chien\n|-crit|p2b: Wo-Chien\n|-damage|p2b: Wo-Chien|8\/100\n|-hitcount|p2b: Wo-Chien|3\n|move|p2a: Gholdengo|Nasty Plot|p2a: Gholdengo\n|-boost|p2a: Gholdengo|spa|2\n|\n|-heal|p2b: Wo-Chien|15\/100|[from] item: Leftovers\n|-damage|p1a: Grinch|46\/100 psn|[from] psn\n|-damage|p1b: Garou|76\/100 psn|[from] psn\n|upkeep\n|turn|5\n|inactive|DiverSquid has 30 seconds left.\n|\n|t:|1701035851\n|move|p2a: Gholdengo|Protect|p2a: Gholdengo\n|-singleturn|p2a: Gholdengo|Protect\n|move|p1a: Grinch|Ice Spinner|p2b: Wo-Chien\n|-supereffective|p2b: Wo-Chien\n|-damage|p2b: Wo-Chien|0 fnt\n|faint|p2b: Wo-Chien\n|move|p1b: Garou|Surging Strikes|p2a: Gholdengo\n|-crit|p2a: Gholdengo\n|-damage|p2a: Gholdengo|63\/100\n|-enditem|p2a: Gholdengo|Air Balloon\n|-crit|p2a: Gholdengo\n|-damage|p2a: Gholdengo|30\/100\n|-crit|p2a: Gholdengo\n|-damage|p2a: Gholdengo|0 fnt\n|faint|p2a: Gholdengo\n|-hitcount|p2: Gholdengo|3\n|\n|win|MarianoFarv\n|raw|MarianoFarv's rating: 1202 &rarr; <strong>1222<\/strong><br \/>(+20 for winning)\n|raw|DiverSquid's rating: 1138 &rarr; <strong>1118<\/strong><br \/>(-20 for losing)\n|l|\u2606DiverSquid\n","uploadtime":1701035866,"views":2,"p1id":"marianofarv","p2id":"diversquid","formatid":"gen9vgc2023regulatione","rating":1118,"private":0,"password":""}