{"id":"gen9vgc2023regulatione-1993251057","p1":"LookItUpVGC","p2":"Darth33","format":"[Gen 9] VGC 2023 Regulation E","log":"|j|\u2606LookItUpVGC\n|j|\u2606Darth33\n|n|\u2606LookItUpVGC|lookitupvgc\n|n|\u2606Darth33|darth33\n|html|View the match progress at <a href=\"\/game-bestof3-gen9vgc2023regulatione-1993251056\">game-bestof3-gen9vgc2023regulatione-1993251056<\/a>\n|t:|1700284367\n|gametype|doubles\n|player|p1|LookItUpVGC|falkner|\n|player|p2|Darth33|doctor|\n|teamsize|p1|6\n|teamsize|p2|6\n|gen|9\n|tier|[Gen 9] VGC 2023 Regulation E\n|rule|Species Clause: Limit one of each Pok\u00e9mon\n|rule|Item Clause: Limit one of each item\n|clearpoke\n|poke|p1|Sinistcha, L50|\n|poke|p1|Ninetales-Alola, L50, M|\n|poke|p1|Cetitan, L50, M|\n|poke|p1|Fletchinder, L50, M|\n|poke|p1|Annihilape, L50, M|\n|poke|p1|Maushold-Four, L50|\n|poke|p2|Hydreigon, L50, F|\n|poke|p2|Armarouge, L50, M|\n|poke|p2|Indeedee, L50, M|\n|poke|p2|Tornadus, L50, M|\n|poke|p2|Cresselia, L50, F|\n|poke|p2|Bisharp, L50, F|\n|teampreview|4\n|inactive|Battle timer is ON: inactive players will automatically lose when time's up. (requested by LookItUpVGC)\n|inactiveoff|Battle timer is now OFF.\n|c|\u2606LookItUpVGC|https:\/\/pokepast.es\/3891fd84be653456\n|c|\u2606Darth33|We deny open team sheets or accept them\nLookItUpVGC rejected open team sheets.\n|c|\u2606Darth33|Hold on\n|c|\u2606LookItUpVGC|deny and send paste with teras\n|c|\u2606Darth33|Okay, sorry first time doing this\n|c|\u2606LookItUpVGC|all good\n|c|\u2606Darth33|How did you modify it to not send the team's moves\n|c|\u2606LookItUpVGC|you manually take out everything except the tera and pokemon\n|c|\u2606Darth33|Okay\n|c|\u2606Darth33|https:\/\/pokepast.es\/fa5b3d5becbfbe1f\n|c|\u2606LookItUpVGC|that'll work\n|c|\u2606LookItUpVGC|tho u did send abilities\/items\n|c|\u2606Darth33|Oof alright I'll get that for next week XD\n|c|\u2606LookItUpVGC|alright lol, glhf!\n|c|\u2606Darth33|Glhf!\n|\n|t:|1700284742\n|start\n|switch|p1a: Give them a cookie|Maushold-Four, L50|100\/100\n|switch|p1b: Furious George|Annihilape, L50, M|100\/100\n|switch|p2a: Indeedee|Indeedee, L50, M|100\/100\n|switch|p2b: Armarouge|Armarouge, L50, M|100\/100\n|-fieldstart|move: Psychic Terrain|[from] ability: Psychic Surge|[of] p2a: Indeedee\n|turn|1\n|\n|t:|1700284774\n|-terastallize|p1b: Furious George|Dark\n|move|p2b: Armarouge|Protect|p2b: Armarouge\n|-singleturn|p2b: Armarouge|Protect\n|move|p1a: Give them a cookie|Beat Up|p1b: Furious George\n|-resisted|p1b: Furious George\n|-damage|p1b: Furious George|99\/100\n|-resisted|p1b: Furious George\n|-damage|p1b: Furious George|99\/100\n|-resisted|p1b: Furious George\n|-damage|p1b: Furious George|98\/100\n|-resisted|p1b: Furious George\n|-damage|p1b: Furious George|97\/100\n|-hitcount|p1b: Furious George|4\n|move|p1b: Furious George|Lash Out|p2a: Indeedee\n|-supereffective|p2a: Indeedee\n|-damage|p2a: Indeedee|0 fnt\n|faint|p2a: Indeedee\n|\n|upkeep\n|\n|t:|1700284792\n|switch|p2a: Cresselia|Cresselia, L50, F|100\/100\n|turn|2\n|\n|t:|1700284800\n|move|p2b: Armarouge|Protect||[still]\n|-fail|p2b: Armarouge\n|move|p1a: Give them a cookie|Taunt|p2a: Cresselia\n|-start|p2a: Cresselia|move: Taunt\n|-enditem|p2a: Cresselia|Mental Herb\n|-end|p2a: Cresselia|move: Taunt\n|move|p1b: Furious George|Rage Fist|p2b: Armarouge\n|-supereffective|p2b: Armarouge\n|-damage|p2b: Armarouge|0 fnt\n|faint|p2b: Armarouge\n|move|p2a: Cresselia|Trick Room|p2a: Cresselia\n|-fieldstart|move: Trick Room|[of] p2a: Cresselia\n|\n|upkeep\n|\n|t:|1700284804\n|switch|p2b: Bisharp|Bisharp, L50, F|100\/100\n|turn|3\n|\n|t:|1700284814\n|move|p2b: Bisharp|Iron Head|p2a: Cresselia\n|-damage|p2a: Cresselia|79\/100\n|cant|p2a: Cresselia|flinch\n|move|p1b: Furious George|Drain Punch|p2b: Bisharp\n|-supereffective|p2b: Bisharp\n|-damage|p2b: Bisharp|28\/100\n|-heal|p1b: Furious George|100\/100|[from] drain|[of] p2b: Bisharp\n|move|p1a: Give them a cookie|Taunt|p2a: Cresselia\n|-start|p2a: Cresselia|move: Taunt\n|\n|upkeep\n|turn|4\n|c|\u2606Darth33|Damn the missclick\n|c|\u2606Darth33|HAHAHA\n|c|\u2606LookItUpVGC|lmao\n|c|\u2606LookItUpVGC|was very confused\n|\n|t:|1700284839\n|move|p1a: Give them a cookie|Follow Me|p1a: Give them a cookie\n|-singleturn|p1a: Give them a cookie|move: Follow Me\n|move|p2b: Bisharp|Iron Head|p1a: Give them a cookie\n|-damage|p1a: Give them a cookie|54\/100\n|move|p2a: Cresselia|Dazzling Gleam|p1b: Furious George|[spread] p1a,p1b\n|-supereffective|p1b: Furious George\n|-damage|p1a: Give them a cookie|40\/100\n|-damage|p1b: Furious George|92\/100\n|move|p1b: Furious George|Drain Punch|p2b: Bisharp\n|-supereffective|p2b: Bisharp\n|-crit|p2b: Bisharp\n|-damage|p2b: Bisharp|0 fnt\n|-heal|p1b: Furious George|100\/100|[from] drain|[of] p2b: Bisharp\n|faint|p2b: Bisharp\n|\n|upkeep\n|turn|5\n|\n|t:|1700284856\n|move|p2a: Cresselia|Dazzling Gleam|p1a: Give them a cookie|[spread] p1a,p1b\n|-supereffective|p1b: Furious George\n|-damage|p1a: Give them a cookie|26\/100\n|-damage|p1b: Furious George|91\/100\n|move|p1b: Furious George|Rage Fist|p2a: Cresselia\n|-supereffective|p2a: Cresselia\n|-damage|p2a: Cresselia|0 fnt\n|faint|p2a: Cresselia\n|\n|win|LookItUpVGC\n","uploadtime":1700284862,"views":30,"p1id":"lookitupvgc","p2id":"darth33","formatid":"gen9vgc2023regulatione","rating":0,"private":0,"password":""}