{"id":"gen9vgc2023regulatione-1994072478","p1":"AsanKaBa","p2":"dannytrainer95","format":"[Gen 9] VGC 2023 Regulation E","log":"|j|\u2606AsanKaBa\n|j|\u2606dannytrainer95\n|t:|1700403235\n|gametype|doubles\n|player|p1|AsanKaBa|266|1169\n|player|p2|dannytrainer95|1|1113\n|teamsize|p1|6\n|teamsize|p2|6\n|gen|9\n|tier|[Gen 9] VGC 2023 Regulation E\n|rated|\n|rule|Species Clause: Limit one of each Pok\u00e9mon\n|rule|Item Clause: Limit one of each item\n|clearpoke\n|poke|p1|Tornadus, L50, M|\n|poke|p1|Arcanine-Hisui, L50, M|\n|poke|p1|Iron Hands, L50|\n|poke|p1|Gholdengo, L50|\n|poke|p1|Urshifu-*, L50, M|\n|poke|p1|Ogerpon-Wellspring, L50, F|\n|poke|p2|Urshifu-*, L50, M|\n|poke|p2|Arcanine-Hisui, L50, M|\n|poke|p2|Goodra-Hisui, L50, M|\n|poke|p2|Iron Hands, L50|\n|poke|p2|Cresselia, L50, F|\n|poke|p2|Clefairy, L50, F|\n|teampreview|4\n|inactive|Battle timer is ON: inactive players will automatically lose when time's up. (requested by AsanKaBa)\n|inactive|AsanKaBa has 60 seconds left.\n|inactive|dannytrainer95 has 60 seconds left.\n|\n|t:|1700403295\n|start\n|switch|p1a: Tornadus|Tornadus, L50, M|100\/100\n|switch|p1b: Gholdengo|Gholdengo, L50|100\/100\n|switch|p2a: Urshi|Urshifu, L50, M|100\/100\n|switch|p2b: Luna|Cresselia, L50, F|100\/100\n|turn|1\n|inactive|AsanKaBa has 30 seconds left.\n|\n|t:|1700403323\n|-terastallize|p2a: Urshi|Poison\n|-terastallize|p1b: Gholdengo|Dragon\n|move|p1a: Tornadus|Taunt|p2b: Luna\n|-start|p2b: Luna|move: Taunt\n|-enditem|p2b: Luna|Mental Herb\n|-end|p2b: Luna|move: Taunt\n|move|p2a: Urshi|Swords Dance|p2a: Urshi\n|-boost|p2a: Urshi|atk|2\n|move|p1b: Gholdengo|Nasty Plot|p1b: Gholdengo\n|-boost|p1b: Gholdengo|spa|2\n|move|p2b: Luna|Trick Room|p2b: Luna\n|-fieldstart|move: Trick Room|[of] p2b: Luna\n|\n|upkeep\n|turn|2\n|inactive|AsanKaBa has 30 seconds left.\n|\n|t:|1700403349\n|move|p1a: Tornadus|Rain Dance|p1a: Tornadus\n|-weather|RainDance\n|move|p2b: Luna|Dazzling Gleam|p1b: Gholdengo|[spread] p1a,p1b\n|-supereffective|p1b: Gholdengo\n|-damage|p1a: Tornadus|86\/100\n|-damage|p1b: Gholdengo|68\/100\n|move|p1b: Gholdengo|Make It Rain|p2a: Urshi|[spread] p2a,p2b\n|-damage|p2a: Urshi|0 fnt\n|-damage|p2b: Luna|35\/100\n|-unboost|p1b: Gholdengo|spa|1\n|faint|p2a: Urshi\n|\n|-weather|RainDance|[upkeep]\n|-heal|p1b: Gholdengo|75\/100|[from] item: Leftovers\n|upkeep\n|\n|t:|1700403362\n|switch|p2a: Goodra|Goodra-Hisui, L50, M|100\/100\n|turn|3\n|\n|t:|1700403384\n|switch|p1a: Ogerpon|Ogerpon-Wellspring, L50, F|100\/100\n|move|p2a: Goodra|Dragon Pulse|p1b: Gholdengo\n|-supereffective|p1b: Gholdengo\n|-damage|p1b: Gholdengo|6\/100\n|move|p1b: Gholdengo|Shadow Ball|p2b: Luna\n|-supereffective|p2b: Luna\n|-damage|p2b: Luna|0 fnt\n|faint|p2b: Luna\n|\n|-weather|RainDance|[upkeep]\n|-heal|p1b: Gholdengo|12\/100|[from] item: Leftovers\n|upkeep\n|\n|t:|1700403394\n|switch|p2b: Zog|Iron Hands, L50|100\/100\n|turn|4\n|\n|t:|1700403405\n|move|p1b: Gholdengo|Protect|p1b: Gholdengo\n|-singleturn|p1b: Gholdengo|Protect\n|move|p2b: Zog|Drain Punch|p1b: Gholdengo\n|-activate|p1b: Gholdengo|move: Protect\n|move|p2a: Goodra|Shelter|p2a: Goodra\n|-boost|p2a: Goodra|def|2\n|move|p1a: Ogerpon|Ivy Cudgel|p2b: Zog|[anim] Ivy Cudgel Water\n|-damage|p2b: Zog|38\/100\n|\n|-weather|RainDance|[upkeep]\n|-heal|p1b: Gholdengo|19\/100|[from] item: Leftovers\n|upkeep\n|turn|5\n|inactive|AsanKaBa has 30 seconds left.\n|inactive|AsanKaBa has 20 seconds left.\n|inactive|AsanKaBa has 15 seconds left.\n|inactive|AsanKaBa has 10 seconds left.\n|\n|t:|1700403453\n|move|p1a: Ogerpon|Follow Me|p1a: Ogerpon\n|-singleturn|p1a: Ogerpon|move: Follow Me\n|move|p2b: Zog|Drain Punch|p1a: Ogerpon\n|-damage|p1a: Ogerpon|52\/100\n|-heal|p2b: Zog|57\/100|[from] drain|[of] p1a: Ogerpon\n|move|p2a: Goodra|Shelter|p2a: Goodra\n|-boost|p2a: Goodra|def|2\n|move|p1b: Gholdengo|Shadow Ball|p2a: Goodra\n|-damage|p2a: Goodra|59\/100\n|\n|-weather|RainDance|[upkeep]\n|-heal|p2a: Goodra|65\/100|[from] item: Leftovers\n|-heal|p1b: Gholdengo|25\/100|[from] item: Leftovers\n|-fieldend|move: Trick Room\n|upkeep\n|turn|6\n|inactive|AsanKaBa has 30 seconds left.\n|inactive|AsanKaBa has 20 seconds left.\n|\n|t:|1700403489\n|move|p1a: Ogerpon|Ivy Cudgel|p2b: Zog|[anim] Ivy Cudgel Water\n|-damage|p2b: Zog|0 fnt\n|faint|p2b: Zog\n|-end|p2b: Zog|Quark Drive|[silent]\n|move|p1b: Gholdengo|Shadow Ball|p2a: Goodra\n|-damage|p2a: Goodra|24\/100\n|move|p2a: Goodra|Dragon Pulse|p1b: Gholdengo\n|-supereffective|p1b: Gholdengo\n|-damage|p1b: Gholdengo|0 fnt\n|faint|p1b: Gholdengo\n|\n|-weather|none\n|-heal|p2a: Goodra|30\/100|[from] item: Leftovers\n|upkeep\n|\n|t:|1700403502\n|switch|p1b: Iron Hands|Iron Hands, L50|100\/100\n|turn|7\n|\n|t:|1700403510\n|move|p1b: Iron Hands|Fake Out|p2a: Goodra\n|-resisted|p2a: Goodra\n|-damage|p2a: Goodra|29\/100\n|move|p1a: Ogerpon|Ivy Cudgel|p2a: Goodra|[anim] Ivy Cudgel Water\n|-resisted|p2a: Goodra\n|-damage|p2a: Goodra|22\/100\n|cant|p2a: Goodra|flinch\n|\n|-heal|p2a: Goodra|28\/100|[from] item: Leftovers\n|upkeep\n|turn|8\n|\n|t:|1700403529\n|switch|p1a: Tornadus|Tornadus, L50, M|86\/100\n|move|p2a: Goodra|Life Dew|p2a: Goodra\n|-heal|p2a: Goodra|53\/100\n|move|p1b: Iron Hands|Drain Punch|p2a: Goodra\n|-supereffective|p2a: Goodra\n|-damage|p2a: Goodra|33\/100\n|\n|-heal|p2a: Goodra|39\/100|[from] item: Leftovers\n|upkeep\n|turn|9\n|\n|t:|1700403541\n|move|p1a: Tornadus|Taunt|p2a: Goodra\n|-start|p2a: Goodra|move: Taunt\n|move|p2a: Goodra|Body Press|p1b: Iron Hands\n|-damage|p1b: Iron Hands|51\/100\n|move|p1b: Iron Hands|Drain Punch|p2a: Goodra\n|-supereffective|p2a: Goodra\n|-damage|p2a: Goodra|16\/100\n|-heal|p1b: Iron Hands|60\/100|[from] drain|[of] p2a: Goodra\n|\n|-heal|p2a: Goodra|22\/100|[from] item: Leftovers\n|upkeep\n|turn|10\n|\n|t:|1700403553\n|move|p1a: Tornadus|Bleakwind Storm|p2a: Goodra\n|-resisted|p2a: Goodra\n|-damage|p2a: Goodra|8\/100\n|-unboost|p2a: Goodra|spe|1\n|move|p1b: Iron Hands|Drain Punch|p2a: Goodra\n|-supereffective|p2a: Goodra\n|-damage|p2a: Goodra|0 fnt\n|-heal|p1b: Iron Hands|63\/100|[from] drain|[of] p2a: Goodra\n|faint|p2a: Goodra\n|\n|win|AsanKaBa\n|raw|AsanKaBa's rating: 1169 &rarr; <strong>1190<\/strong><br \/>(+21 for winning)\n|raw|dannytrainer95's rating: 1113 &rarr; <strong>1092<\/strong><br \/>(-21 for losing)\n|c|\u2606AsanKaBa|gg\n|c|\u2606dannytrainer95|how was my goodra\n|c|\u2606dannytrainer95|what can i do to improve it\n|c|\u2606AsanKaBa|it was ok, just got shut down by taunt easily\n|c|\u2606dannytrainer95|ok\n|c|\u2606AsanKaBa|u could body press much earlier too, would've hurt my ogerpon earlier and kept iron hands alive\n|c|\u2606AsanKaBa|gg wp tho\n","uploadtime":1700403622,"views":8,"p1id":"asankaba","p2id":"dannytrainer95","formatid":"gen9vgc2023regulatione","rating":1092,"private":0,"password":""}