{"id":"gen9vgc2023regulatione-1999459806","p1":"Legio90","p2":"shadowgames2800","format":"[Gen 9] VGC 2023 Regulation E","log":"|j|\u2606Legio90\n|j|\u2606shadowgames2800\n|t:|1701083912\n|gametype|doubles\n|player|p1|Legio90|ethan|1415\n|player|p2|shadowgames2800|169|1320\n|teamsize|p1|6\n|teamsize|p2|6\n|gen|9\n|tier|[Gen 9] VGC 2023 Regulation E\n|rated|\n|rule|Species Clause: Limit one of each Pok\u00e9mon\n|rule|Item Clause: Limit one of each item\n|clearpoke\n|poke|p1|Tornadus, L50, M|\n|poke|p1|Rillaboom, L50, M|\n|poke|p1|Arcanine-Hisui, L50, M|\n|poke|p1|Ogerpon-Wellspring, L50, F|\n|poke|p1|Flutter Mane, L50|\n|poke|p1|Chi-Yu, L50|\n|poke|p2|Annihilape, L50, F|\n|poke|p2|Ninetales-Alola, L50, M|\n|poke|p2|Heatran, L50, M|\n|poke|p2|Salamence, L50, F|\n|poke|p2|Cresselia, L50, F|\n|poke|p2|Iron Hands, L50|\n|teampreview|4\n|\n|t:|1701083951\n|start\n|switch|p1a: Chi-Yu|Chi-Yu, L50|100\/100\n|switch|p1b: Tornadus|Tornadus, L50, M|100\/100\n|switch|p2a: Ninetales|Ninetales-Alola, L50, M|100\/100\n|switch|p2b: Annihilape|Annihilape, L50, F|100\/100\n|-weather|Snow|[from] ability: Snow Warning|[of] p2a: Ninetales\n|-ability|p1a: Chi-Yu|Beads of Ruin\n|turn|1\n|\n|t:|1701083971\n|move|p2a: Ninetales|Protect|p2a: Ninetales\n|-singleturn|p2a: Ninetales|Protect\n|move|p2b: Annihilape|Protect|p2b: Annihilape\n|-singleturn|p2b: Annihilape|Protect\n|move|p1b: Tornadus|Sunny Day|p1b: Tornadus\n|-weather|SunnyDay\n|move|p1a: Chi-Yu|Heat Wave|p2a: Ninetales|[spread] \n|-activate|p2a: Ninetales|move: Protect\n|-activate|p2b: Annihilape|move: Protect\n|\n|-weather|SunnyDay|[upkeep]\n|upkeep\n|turn|2\n|\n|t:|1701083991\n|switch|p2a: Heatran|Heatran, L50, M|100\/100\n|switch|p1a: Ogerpon|Ogerpon-Wellspring, L50, F|100\/100\n|move|p1b: Tornadus|Bleakwind Storm|p2a: Heatran|[spread] p2b\n|-miss|p1b: Tornadus|p2a: Heatran\n|-supereffective|p2b: Annihilape\n|-damage|p2b: Annihilape|50\/100\n|move|p2b: Annihilape|Drain Punch|p1a: Ogerpon\n|-damage|p1a: Ogerpon|70\/100\n|-heal|p2b: Annihilape|62\/100|[from] drain|[of] p1a: Ogerpon\n|\n|-weather|SunnyDay|[upkeep]\n|-heal|p2b: Annihilape|68\/100|[from] item: Leftovers\n|upkeep\n|turn|3\n|\n|t:|1701084016\n|-terastallize|p1a: Ogerpon|Water\n|detailschange|p1a: Ogerpon|Ogerpon-Wellspring-Tera, L50, F, tera:Water\n|-ability|p1a: Ogerpon|Embody Aspect (Wellspring)|boost\n|-boost|p1a: Ogerpon|spd|1\n|-terastallize|p2b: Annihilape|Water\n|move|p1a: Ogerpon|Ivy Cudgel|p2a: Heatran|[anim] Ivy Cudgel Water\n|-supereffective|p2a: Heatran\n|-damage|p2a: Heatran|36\/100\n|move|p1b: Tornadus|Bleakwind Storm|p2b: Annihilape|[spread] p2a,p2b\n|-resisted|p2a: Heatran\n|-crit|p2a: Heatran\n|-damage|p2a: Heatran|15\/100\n|-damage|p2b: Annihilape|42\/100\n|-unboost|p2a: Heatran|spe|1\n|move|p2b: Annihilape|Rage Fist|p1a: Ogerpon\n|-damage|p1a: Ogerpon|10\/100\n|move|p2a: Heatran|Heat Wave|p1b: Tornadus|[spread] p1a,p1b\n|-resisted|p1a: Ogerpon\n|-damage|p1a: Ogerpon|0 fnt\n|-damage|p1b: Tornadus|9\/100\n|-status|p1b: Tornadus|brn\n|-enditem|p1b: Tornadus|Sitrus Berry|[eat]\n|-heal|p1b: Tornadus|34\/100 brn|[from] item: Sitrus Berry\n|faint|p1a: Ogerpon\n|-damage|p2a: Heatran|6\/100|[from] item: Life Orb\n|\n|-weather|SunnyDay|[upkeep]\n|-heal|p2b: Annihilape|48\/100|[from] item: Leftovers\n|-damage|p1b: Tornadus|28\/100 brn|[from] brn\n|upkeep\n|\n|t:|1701084043\n|switch|p1a: Rillaboom|Rillaboom, L50, M, shiny|100\/100\n|-fieldstart|move: Grassy Terrain|[from] ability: Grassy Surge|[of] p1a: Rillaboom\n|turn|4\n|\n|t:|1701084066\n|switch|p2b: Salamence|Salamence, L50, F|100\/100\n|-ability|p2b: Salamence|Intimidate|boost\n|-unboost|p1a: Rillaboom|atk|1\n|-unboost|p1b: Tornadus|atk|1\n|move|p2a: Heatran|Protect|p2a: Heatran\n|-singleturn|p2a: Heatran|Protect\n|move|p1a: Rillaboom|Grassy Glide|p2b: Salamence\n|-resisted|p2b: Salamence\n|-damage|p2b: Salamence|93\/100\n|move|p1b: Tornadus|Bleakwind Storm|p2a: Heatran|[spread] \n|-activate|p2a: Heatran|move: Protect\n|-miss|p1b: Tornadus|p2b: Salamence\n|\n|-weather|SunnyDay|[upkeep]\n|-heal|p2a: Heatran|12\/100|[from] Grassy Terrain\n|-damage|p1b: Tornadus|23\/100 brn|[from] brn\n|upkeep\n|turn|5\n|\n|t:|1701084093\n|switch|p1a: Chi-Yu|Chi-Yu, L50|100\/100\n|-ability|p1a: Chi-Yu|Beads of Ruin\n|switch|p2a: Ninetales|Ninetales-Alola, L50, M|100\/100\n|-weather|Snow|[from] ability: Snow Warning|[of] p2a: Ninetales\n|move|p1b: Tornadus|Tailwind|p1b: Tornadus\n|-sidestart|p1: Legio90|move: Tailwind\n|move|p2b: Salamence|Tailwind|p2b: Salamence\n|-sidestart|p2: shadowgames2800|move: Tailwind\n|\n|-weather|Snow|[upkeep]\n|-damage|p1b: Tornadus|17\/100 brn|[from] brn\n|upkeep\n|turn|6\n|\n|t:|1701084127\n|move|p2a: Ninetales|Protect|p2a: Ninetales\n|-singleturn|p2a: Ninetales|Protect\n|move|p1b: Tornadus|Sunny Day|p1b: Tornadus\n|-weather|SunnyDay\n|move|p1a: Chi-Yu|Heat Wave|p2a: Ninetales|[spread] p2b\n|-activate|p2a: Ninetales|move: Protect\n|-resisted|p2b: Salamence\n|-damage|p2b: Salamence|31\/100\n|-enditem|p2b: Salamence|Sitrus Berry|[eat]\n|-heal|p2b: Salamence|56\/100|[from] item: Sitrus Berry\n|move|p2b: Salamence|Air Slash|p1b: Tornadus\n|-damage|p1b: Tornadus|0 fnt\n|faint|p1b: Tornadus\n|\n|-weather|SunnyDay|[upkeep]\n|upkeep\n|\n|t:|1701084140\n|switch|p1b: Rillaboom|Rillaboom, L50, M, shiny|100\/100\n|turn|7\n|\n|t:|1701084158\n|switch|p2a: Annihilape|Annihilape, L50, F, tera:Water|48\/100\n|move|p2b: Salamence|Protect|p2b: Salamence\n|-singleturn|p2b: Salamence|Protect\n|move|p1a: Chi-Yu|Heat Wave|p2a: Annihilape|[spread] p2a\n|-activate|p2b: Salamence|move: Protect\n|-resisted|p2a: Annihilape\n|-damage|p2a: Annihilape|7\/100\n|move|p1b: Rillaboom|High Horsepower|p2a: Annihilape\n|-crit|p2a: Annihilape\n|-damage|p2a: Annihilape|0 fnt\n|faint|p2a: Annihilape\n|\n|-weather|SunnyDay|[upkeep]\n|upkeep\n|\n|t:|1701084172\n|switch|p2a: Ninetales|Ninetales-Alola, L50, M|100\/100\n|-weather|Snow|[from] ability: Snow Warning|[of] p2a: Ninetales\n|turn|8\n|\n|t:|1701084188\n|move|p1b: Rillaboom|Grassy Glide|p2a: Ninetales\n|-damage|p2a: Ninetales|60\/100\n|move|p2a: Ninetales|Aurora Veil|p2a: Ninetales\n|-sidestart|p2: shadowgames2800|move: Aurora Veil\n|move|p1a: Chi-Yu|Heat Wave|p2a: Ninetales|[spread] p2a,p2b\n|-supereffective|p2a: Ninetales\n|-resisted|p2b: Salamence\n|-damage|p2a: Ninetales|0 fnt\n|-damage|p2b: Salamence|29\/100\n|faint|p2a: Ninetales\n|move|p2b: Salamence|Air Slash|p1b: Rillaboom\n|-supereffective|p1b: Rillaboom\n|-damage|p1b: Rillaboom|37\/100\n|\n|-weather|Snow|[upkeep]\n|-heal|p1b: Rillaboom|43\/100|[from] Grassy Terrain\n|-sideend|p1: Legio90|move: Tailwind\n|-sideend|p2: shadowgames2800|move: Tailwind\n|-fieldend|move: Grassy Terrain\n|upkeep\n|\n|t:|1701084203\n|switch|p2a: Heatran|Heatran, L50, M|12\/100\n|turn|9\n|\n|t:|1701084220\n|move|p2a: Heatran|Protect|p2a: Heatran\n|-singleturn|p2a: Heatran|Protect\n|move|p1a: Chi-Yu|Heat Wave|p2b: Salamence|[spread] p2b\n|-activate|p2a: Heatran|move: Protect\n|-resisted|p2b: Salamence\n|-damage|p2b: Salamence|2\/100\n|move|p2b: Salamence|Tailwind|p2b: Salamence\n|-sidestart|p2: shadowgames2800|move: Tailwind\n|move|p1b: Rillaboom|High Horsepower|p2a: Heatran\n|-activate|p2a: Heatran|move: Protect\n|\n|-weather|Snow|[upkeep]\n|upkeep\n|turn|10\n|\n|t:|1701084235\n|move|p2b: Salamence|Draco Meteor|p1a: Chi-Yu\n|-damage|p1a: Chi-Yu|31\/100\n|-unboost|p2b: Salamence|spa|2\n|move|p2a: Heatran|Heat Wave|p1b: Rillaboom|[spread] p1a,p1b\n|-resisted|p1a: Chi-Yu\n|-supereffective|p1b: Rillaboom\n|-damage|p1a: Chi-Yu|0 fnt\n|-damage|p1b: Rillaboom|0 fnt\n|faint|p1a: Chi-Yu\n|faint|p1b: Rillaboom\n|-damage|p2a: Heatran|2\/100|[from] item: Life Orb\n|\n|win|shadowgames2800\n|raw|Legio90's rating: 1415 &rarr; <strong>1390<\/strong><br \/>(-25 for losing)\n|raw|shadowgames2800's rating: 1320 &rarr; <strong>1345<\/strong><br \/>(+25 for winning)\n|l|\u2606Legio90\n","uploadtime":1701084269,"views":13,"p1id":"legio90","p2id":"shadowgames2800","formatid":"gen9vgc2023regulatione","rating":1345,"private":0,"password":""}