{"id":"gen9vgc2023regulatione-1996531488","p1":"secretstudent","p2":"Toshimon56","format":"[Gen 9] VGC 2023 Regulation E","log":"|j|\u2606secretstudent\n|j|\u2606Toshimon56\n|t:|1700691251\n|gametype|doubles\n|player|p1|secretstudent|beauty|1184\n|player|p2|Toshimon56|ethan|1105\n|teamsize|p1|6\n|teamsize|p2|6\n|gen|9\n|tier|[Gen 9] VGC 2023 Regulation E\n|rated|\n|rule|Species Clause: Limit one of each Pok\u00e9mon\n|rule|Item Clause: Limit one of each item\n|clearpoke\n|poke|p1|Chien-Pao, L50|\n|poke|p1|Amoonguss, L50, M|\n|poke|p1|Hatterene, L50, F|\n|poke|p1|Gyarados, L50, M|\n|poke|p1|Volcarona, L50, M|\n|poke|p1|Ogerpon, L50, F|\n|poke|p2|Sinistcha, L50|\n|poke|p2|Iron Hands, L50|\n|poke|p2|Kingambit, L50, M|\n|poke|p2|Landorus-Therian, L50, M|\n|poke|p2|Chi-Yu, L50|\n|poke|p2|Flutter Mane, L50|\n|teampreview|4\nToshimon56 has agreed to open team sheets.\nsecretstudent has agreed to open team sheets.\n|\n|t:|1700691311\n|start\n|switch|p1a: Ogerpon|Ogerpon, L50, F|100\/100\n|switch|p1b: Hatterene|Hatterene, L50, F|100\/100\n|switch|p2a: Landorus|Landorus-Therian, L50, M|100\/100\n|switch|p2b: Sinistcha|Sinistcha, L50|100\/100\n|-ability|p2a: Landorus|Intimidate|boost\n|-unboost|p1a: Ogerpon|atk|1\n|-ability|p1a: Ogerpon|Defiant|boost\n|-boost|p1a: Ogerpon|atk|2\n|-unboost|p1b: Hatterene|atk|1\n|turn|1\n|\n|t:|1700691336\n|-terastallize|p2a: Landorus|Flying\n|-terastallize|p1a: Ogerpon|Grass\n|detailschange|p1a: Ogerpon|Ogerpon-Teal-Tera, L50, F, tera:Grass\n|-ability|p1a: Ogerpon|Embody Aspect (Teal)|boost\n|-boost|p1a: Ogerpon|spe|1\n|move|p1a: Ogerpon|Ivy Cudgel|p2a: Landorus\n|-resisted|p2a: Landorus\n|-damage|p2a: Landorus|32\/100\n|-damage|p1a: Ogerpon|91\/100|[from] item: Life Orb\n|move|p2a: Landorus|Tera Blast|p1a: Ogerpon|[anim] Tera Blast Flying\n|-supereffective|p1a: Ogerpon\n|-damage|p1a: Ogerpon|0 fnt\n|faint|p1a: Ogerpon\n|move|p2b: Sinistcha|Matcha Gotcha|p1b: Hatterene\n|-damage|p1b: Hatterene|61\/100\n|move|p1b: Hatterene|Psychic|p2b: Sinistcha\n|-damage|p2b: Sinistcha|43\/100\n|\n|upkeep\n|\n|t:|1700691353\n|switch|p1a: Chien-Pao|Chien-Pao, L50|100\/100\n|-ability|p1a: Chien-Pao|Sword of Ruin\n|turn|2\n|\n|t:|1700691370\n|switch|p2a: Brian Hands|Iron Hands, L50|100\/100\n|move|p1a: Chien-Pao|Sucker Punch||[still]\n|-fail|p1a: Chien-Pao\n|move|p2b: Sinistcha|Strength Sap|p1a: Chien-Pao\n|-unboost|p1a: Chien-Pao|atk|1\n|-heal|p2b: Sinistcha|100\/100\n|move|p1b: Hatterene|Psychic|p2b: Sinistcha\n|-damage|p2b: Sinistcha|38\/100\n|\n|upkeep\n|turn|3\n|\n|t:|1700691387\n|move|p1a: Chien-Pao|Protect|p1a: Chien-Pao\n|-singleturn|p1a: Chien-Pao|Protect\n|move|p2a: Brian Hands|Fake Out|p1a: Chien-Pao\n|-activate|p1a: Chien-Pao|move: Protect\n|move|p2b: Sinistcha|Matcha Gotcha|p1b: Hatterene|[spread] p1b\n|-activate|p1a: Chien-Pao|move: Protect\n|-damage|p1b: Hatterene|36\/100\n|-heal|p2b: Sinistcha|50\/100|[from] drain|[of] p1b: Hatterene\n|move|p1b: Hatterene|Dazzling Gleam|p2b: Sinistcha|[spread] p2a,p2b\n|-supereffective|p2a: Brian Hands\n|-damage|p2a: Brian Hands|55\/100\n|-damage|p2b: Sinistcha|14\/100\n|\n|upkeep\n|turn|4\n|\n|t:|1700691409\n|move|p2b: Sinistcha|Rage Powder|p2b: Sinistcha\n|-singleturn|p2b: Sinistcha|move: Rage Powder\n|move|p1a: Chien-Pao|Sucker Punch||[still]\n|-fail|p1a: Chien-Pao\n|move|p2a: Brian Hands|Drain Punch|p1a: Chien-Pao\n|-supereffective|p1a: Chien-Pao\n|-enditem|p1a: Chien-Pao|Focus Sash\n|-damage|p1a: Chien-Pao|1\/100\n|-heal|p2a: Brian Hands|88\/100|[from] drain|[of] p1a: Chien-Pao\n|move|p1b: Hatterene|Dazzling Gleam|p2b: Sinistcha|[spread] p2a,p2b\n|-supereffective|p2a: Brian Hands\n|-damage|p2a: Brian Hands|40\/100\n|-damage|p2b: Sinistcha|0 fnt\n|faint|p2b: Sinistcha\n|\n|upkeep\n|\n|t:|1700691426\n|switch|p2b: Landorus|Landorus-Therian, L50, M, tera:Flying|32\/100\n|-ability|p2b: Landorus|Intimidate|boost\n|-unboost|p1a: Chien-Pao|atk|1\n|-unboost|p1b: Hatterene|atk|1\n|turn|5\n|\n|t:|1700691450\n|switch|p2b: Chi-Yu|Chi-Yu, L50|100\/100\n|-ability|p2b: Chi-Yu|Beads of Ruin\n|move|p1a: Chien-Pao|Protect|p1a: Chien-Pao\n|-singleturn|p1a: Chien-Pao|Protect\n|move|p2a: Brian Hands|Heavy Slam|p1b: Hatterene\n|-supereffective|p1b: Hatterene\n|-damage|p1b: Hatterene|0 fnt\n|faint|p1b: Hatterene\n|\n|upkeep\n|\n|t:|1700691459\n|switch|p1b: Volcarona|Volcarona, L50, M|100\/100\n|turn|6\n|\n|t:|1700691481\n|move|p1a: Chien-Pao|Sucker Punch|p2b: Chi-Yu\n|-resisted|p2b: Chi-Yu\n|-damage|p2b: Chi-Yu|83\/100\n|move|p2b: Chi-Yu|Heat Wave|p1a: Chien-Pao|[spread] p1a,p1b\n|-supereffective|p1a: Chien-Pao\n|-crit|p1b: Volcarona\n|-damage|p1a: Chien-Pao|0 fnt\n|-damage|p1b: Volcarona|0 fnt\n|faint|p1a: Chien-Pao\n|faint|p1b: Volcarona\n|\n|win|Toshimon56\n|raw|secretstudent's rating: 1184 &rarr; <strong>1153<\/strong><br \/>(-31 for losing)\n|raw|Toshimon56's rating: 1105 &rarr; <strong>1136<\/strong><br \/>(+31 for winning)\n","uploadtime":1700691487,"views":14,"p1id":"secretstudent","p2id":"toshimon56","formatid":"gen9vgc2023regulatione","rating":1136,"private":0,"password":""}