{"id":"gen9vgc2023regulatione-1993003355","p1":"hii7766","p2":"DeAndreRicketts","format":"[Gen 9] VGC 2023 Regulation E","log":"|j|\u2606hii7766\n|j|\u2606DeAndreRicketts\n|t:|1700254518\n|gametype|doubles\n|player|p1|hii7766|2|1156\n|player|p2|DeAndreRicketts|buck|1212\n|teamsize|p1|6\n|teamsize|p2|6\n|gen|9\n|tier|[Gen 9] VGC 2023 Regulation E\n|rated|\n|rule|Species Clause: Limit one of each Pok\u00e9mon\n|rule|Item Clause: Limit one of each item\n|clearpoke\n|poke|p1|Umbreon, L50, M|\n|poke|p1|Ninetales-Alola, L50, M|\n|poke|p1|Flutter Mane, L50|\n|poke|p1|Ursaluna, L50, F|\n|poke|p1|Hatterene, L50, F|\n|poke|p1|Cresselia, L50, F|\n|poke|p2|Flutter Mane, L50|\n|poke|p2|Gothitelle, L50, F|\n|poke|p2|Dondozo, L50, M|\n|poke|p2|Tatsugiri, L50, F|\n|poke|p2|Dusclops, L50, M|\n|poke|p2|Ursaluna-Bloodmoon, L50, M|\n|teampreview|4\nDeAndreRicketts rejected open team sheets.\n|inactive|Battle timer is ON: inactive players will automatically lose when time's up. (requested by DeAndreRicketts)\n|\n|t:|1700254555\n|start\n|switch|p1a: Flutter Mane|Flutter Mane, L50|100\/100\n|switch|p1b: Ninetales|Ninetales-Alola, L50, M|100\/100\n|switch|p2a: Flutter Mane|Flutter Mane, L50|100\/100\n|switch|p2b: Gothitelle|Gothitelle, L50, F|100\/100\n|-weather|Snow|[from] ability: Snow Warning|[of] p1b: Ninetales\n|turn|1\n|inactive|hii7766 has 30 seconds left.\n|inactive|hii7766 has 20 seconds left.\n|\n|t:|1700254592\n|move|p1a: Flutter Mane|Protect|p1a: Flutter Mane\n|-singleturn|p1a: Flutter Mane|Protect\n|move|p2b: Gothitelle|Fake Out|p1b: Ninetales\n|-damage|p1b: Ninetales|95\/100\n|move|p2a: Flutter Mane|Perish Song|p2a: Flutter Mane\n|-start|p1a: Flutter Mane|perish3|[silent]\n|-start|p1b: Ninetales|perish3|[silent]\n|-start|p2a: Flutter Mane|perish3|[silent]\n|-start|p2b: Gothitelle|perish3|[silent]\n|-fieldactivate|move: Perish Song\n|cant|p1b: Ninetales|flinch\n|\n|-weather|Snow|[upkeep]\n|-start|p1a: Flutter Mane|perish3\n|-start|p2a: Flutter Mane|perish3\n|-start|p1b: Ninetales|perish3\n|-start|p2b: Gothitelle|perish3\n|upkeep\n|turn|2\n|inactive|DeAndreRicketts has 30 seconds left.\n|inactive|hii7766 has 30 seconds left.\n|inactive|DeAndreRicketts has 20 seconds left.\n|inactive|DeAndreRicketts has 15 seconds left.\n|\n|t:|1700254634\n|move|p1a: Flutter Mane|Shadow Ball|p2b: Gothitelle\n|-supereffective|p2b: Gothitelle\n|-damage|p2b: Gothitelle|32\/100\n|move|p2a: Flutter Mane|Thunderbolt|p1a: Flutter Mane\n|-damage|p1a: Flutter Mane|63\/100\n|move|p1b: Ninetales|Aurora Veil|p1b: Ninetales\n|-sidestart|p1: hii7766|move: Aurora Veil\n|move|p2b: Gothitelle|Hypnosis|p1a: Flutter Mane|[miss]\n|-miss|p2b: Gothitelle|p1a: Flutter Mane\n|\n|-weather|Snow|[upkeep]\n|-start|p2a: Flutter Mane|perish2\n|-start|p1a: Flutter Mane|perish2\n|-start|p1b: Ninetales|perish2\n|-start|p2b: Gothitelle|perish2\n|upkeep\n|turn|3\n|inactive|hii7766 has 30 seconds left.\n|\n|t:|1700254659\n|-end|p2a: Flutter Mane|Protosynthesis|[silent]\n|switch|p2a: Dondozo|Dondozo, L50, M|100\/100\n|move|p2b: Gothitelle|Protect|p2b: Gothitelle\n|-singleturn|p2b: Gothitelle|Protect\n|move|p1a: Flutter Mane|Shadow Ball|p2b: Gothitelle\n|-activate|p2b: Gothitelle|move: Protect\n|move|p1b: Ninetales|Freeze-Dry|p2a: Dondozo\n|-supereffective|p2a: Dondozo\n|-damage|p2a: Dondozo|61\/100\n|\n|-weather|Snow|[upkeep]\n|-heal|p2a: Dondozo|67\/100|[from] item: Leftovers\n|-start|p1a: Flutter Mane|perish1\n|-start|p1b: Ninetales|perish1\n|-start|p2b: Gothitelle|perish1\n|upkeep\n|turn|4\n|inactive|hii7766 has 30 seconds left.\n|inactive|DeAndreRicketts has 30 seconds left.\n|inactive|hii7766 has 20 seconds left.\n|inactive|DeAndreRicketts has 20 seconds left.\n|\n|t:|1700254695\n|-end|p1a: Flutter Mane|Protosynthesis|[silent]\n|switch|p1a: Umbreon|Umbreon, L50, M|100\/100\n|switch|p2b: Tatsugiri|Tatsugiri, L50, F|100\/100\n|-activate|p2b: Tatsugiri|ability: Commander|[of] p2a: Dondozo\n|-boost|p2a: Dondozo|atk|2\n|-boost|p2a: Dondozo|spa|2\n|-boost|p2a: Dondozo|spe|2\n|-boost|p2a: Dondozo|def|2\n|-boost|p2a: Dondozo|spd|2\n|move|p1b: Ninetales|Freeze-Dry|p2a: Dondozo\n|-supereffective|p2a: Dondozo\n|-damage|p2a: Dondozo|46\/100\n|move|p2a: Dondozo|Rock Slide|p1b: Ninetales|[spread] p1a\n|-miss|p2a: Dondozo|p1b: Ninetales\n|-damage|p1a: Umbreon|85\/100\n|\n|-weather|Snow|[upkeep]\n|-heal|p2a: Dondozo|52\/100|[from] item: Leftovers\n|-heal|p1a: Umbreon|91\/100|[from] item: Leftovers\n|-start|p1b: Ninetales|perish0\n|faint|p1b: Ninetales\n|upkeep\n|inactive|hii7766 has 30 seconds left.\n|\n|t:|1700254727\n|switch|p1b: Ursaluna|Ursaluna, L50, F|100\/100\n|turn|5\n|\n|t:|1700254742\n|-terastallize|p2a: Dondozo|Grass\n|move|p1b: Ursaluna|Protect|p1b: Ursaluna\n|-singleturn|p1b: Ursaluna|Protect\n|move|p2a: Dondozo|Earthquake|p1b: Ursaluna|[spread] p1a\n|-miss|p2a: Dondozo|p2b: Tatsugiri\n|-activate|p1b: Ursaluna|move: Protect\n|-damage|p1a: Umbreon|73\/100\n|move|p1a: Umbreon|Foul Play|p2a: Dondozo\n|-damage|p2a: Dondozo|38\/100\n|\n|-weather|none\n|-heal|p2a: Dondozo|44\/100|[from] item: Leftovers\n|-heal|p1a: Umbreon|79\/100|[from] item: Leftovers\n|-status|p1b: Ursaluna|brn|[from] item: Flame Orb\n|upkeep\n|turn|6\n|\n|t:|1700254766\n|-terastallize|p1b: Ursaluna|Ghost\n|move|p2a: Dondozo|Protect|p2a: Dondozo\n|-singleturn|p2a: Dondozo|Protect\n|move|p1a: Umbreon|Foul Play|p2a: Dondozo\n|-activate|p2a: Dondozo|move: Protect\n|move|p1b: Ursaluna|Facade|p2a: Dondozo\n|-activate|p2a: Dondozo|move: Protect\n|\n|-heal|p2a: Dondozo|51\/100|[from] item: Leftovers\n|-heal|p1a: Umbreon|85\/100|[from] item: Leftovers\n|-damage|p1b: Ursaluna|95\/100 brn|[from] brn\n|upkeep\n|turn|7\n|\n|t:|1700254790\n|move|p2a: Dondozo|Wave Crash|p1b: Ursaluna\n|-damage|p1b: Ursaluna|39\/100 brn\n|-damage|p2a: Dondozo|34\/100|[from] Recoil\n|move|p1a: Umbreon|Foul Play|p2a: Dondozo\n|-damage|p2a: Dondozo|20\/100\n|move|p1b: Ursaluna|Facade|p2a: Dondozo\n|-damage|p2a: Dondozo|0 fnt\n|faint|p2a: Dondozo\n|\n|-heal|p1a: Umbreon|91\/100|[from] item: Leftovers\n|-damage|p1b: Ursaluna|33\/100 brn|[from] brn\n|upkeep\n|\n|t:|1700254807\n|switch|p2a: Flutter Mane|Flutter Mane, L50|100\/100\n|turn|8\n|\n|t:|1700254819\n|move|p1b: Ursaluna|Protect|p1b: Ursaluna\n|-singleturn|p1b: Ursaluna|Protect\n|move|p2a: Flutter Mane|Dazzling Gleam|p1a: Umbreon|[spread] p1a\n|-activate|p1b: Ursaluna|move: Protect\n|-supereffective|p1a: Umbreon\n|-damage|p1a: Umbreon|59\/100\n|move|p2b: Tatsugiri|Muddy Water|p1b: Ursaluna|[spread] \n|-activate|p1b: Ursaluna|move: Protect\n|-miss|p2b: Tatsugiri|p1a: Umbreon\n|move|p1a: Umbreon|Snarl|p2a: Flutter Mane|[spread] p2b\n|-miss|p1a: Umbreon|p2a: Flutter Mane\n|-damage|p2b: Tatsugiri|91\/100\n|-unboost|p2b: Tatsugiri|spa|1\n|\n|-heal|p1a: Umbreon|65\/100|[from] item: Leftovers\n|-damage|p1b: Ursaluna|28\/100 brn|[from] brn\n|upkeep\n|turn|9\n|inactive|hii7766 has 30 seconds left.\n|\n|t:|1700254848\n|move|p2a: Flutter Mane|Dazzling Gleam|p1b: Ursaluna|[spread] p1a,p1b\n|-supereffective|p1a: Umbreon\n|-damage|p1a: Umbreon|33\/100\n|-damage|p1b: Ursaluna|9\/100 brn\n|move|p2b: Tatsugiri|Muddy Water|p1b: Ursaluna|[spread] p1a,p1b\n|-damage|p1a: Umbreon|19\/100\n|-damage|p1b: Ursaluna|0 fnt\n|faint|p1b: Ursaluna\n|-damage|p2b: Tatsugiri|82\/100|[from] item: Life Orb\n|move|p1a: Umbreon|Snarl|p2b: Tatsugiri|[spread] p2a,p2b\n|-damage|p2a: Flutter Mane|91\/100\n|-damage|p2b: Tatsugiri|71\/100\n|-unboost|p2a: Flutter Mane|spa|1\n|-unboost|p2b: Tatsugiri|spa|1\n|\n|-heal|p1a: Umbreon|25\/100|[from] item: Leftovers\n|-sideend|p1: hii7766|move: Aurora Veil\n|upkeep\n|\n|t:|1700254864\n|switch|p1b: Flutter Mane|Flutter Mane, L50|63\/100\n|turn|10\n|\n|t:|1700254880\n|move|p2a: Flutter Mane|Dazzling Gleam|p1b: Flutter Mane|[spread] p1a,p1b\n|-supereffective|p1a: Umbreon\n|-damage|p1a: Umbreon|0 fnt\n|-damage|p1b: Flutter Mane|41\/100\n|faint|p1a: Umbreon\n|move|p1b: Flutter Mane|Shadow Ball|p2a: Flutter Mane\n|-supereffective|p2a: Flutter Mane\n|-damage|p2a: Flutter Mane|0 fnt\n|faint|p2a: Flutter Mane\n|-end|p2a: Flutter Mane|Protosynthesis|[silent]\n|move|p2b: Tatsugiri|Muddy Water|p1b: Flutter Mane\n|-damage|p1b: Flutter Mane|4\/100\n|-unboost|p1b: Flutter Mane|accuracy|1\n|-damage|p2b: Tatsugiri|62\/100|[from] item: Life Orb\n|\n|upkeep\n|\n|t:|1700254894\n|switch|p2a: Gothitelle|Gothitelle, L50, F|32\/100\n|turn|11\n|\n|t:|1700254910\n|move|p1b: Flutter Mane|Dazzling Gleam|p2a: Gothitelle|[spread] p2a,p2b\n|-supereffective|p2b: Tatsugiri\n|-damage|p2a: Gothitelle|10\/100\n|-damage|p2b: Tatsugiri|0 fnt\n|faint|p2b: Tatsugiri\n|move|p2a: Gothitelle|Psychic|p1b: Flutter Mane\n|-damage|p1b: Flutter Mane|0 fnt\n|faint|p1b: Flutter Mane\n|-end|p1b: Flutter Mane|Protosynthesis|[silent]\n|\n|win|DeAndreRicketts\n|raw|hii7766's rating: 1156 &rarr; <strong>1135<\/strong><br \/>(-21 for losing)\n|raw|DeAndreRicketts's rating: 1212 &rarr; <strong>1233<\/strong><br \/>(+21 for winning)\n|l|\u2606hii7766\n","uploadtime":1700254929,"views":32,"p1id":"hii7766","p2id":"deandrericketts","formatid":"gen9vgc2023regulatione","rating":1135,"private":0,"password":""}