{"id":"gen9vgc2023regulatione-1994235805","p1":"Icepunch_buzzwole","p2":"PunkRockObstagoon","format":"[Gen 9] VGC 2023 Regulation E","log":"|j|\u2606Icepunch_buzzwole\n|j|\u2606PunkRockObstagoon\n|t:|1700421938\n|gametype|doubles\n|player|p1|Icepunch_buzzwole|volkner|1308\n|player|p2|PunkRockObstagoon|hilbert|1333\n|teamsize|p1|6\n|teamsize|p2|6\n|gen|9\n|tier|[Gen 9] VGC 2023 Regulation E\n|rated|\n|rule|Species Clause: Limit one of each Pok\u00e9mon\n|rule|Item Clause: Limit one of each item\n|clearpoke\n|poke|p1|Scyther, L50, M|\n|poke|p1|Arcanine-Hisui, L50, M|\n|poke|p1|Rillaboom, L50, M|\n|poke|p1|Sneasler, L50, M|\n|poke|p1|Gholdengo, L50|\n|poke|p1|Urshifu-*, L50, M|\n|poke|p2|Spinarak, L50, M|\n|poke|p2|Tatsugiri-Droopy, L50, M|\n|poke|p2|Garchomp, L50, F|\n|poke|p2|Lurantis, L50, F|\n|poke|p2|Gholdengo, L50|\n|poke|p2|Farigiraf, L50, F|\n|teampreview|4\n|inactive|Battle timer is ON: inactive players will automatically lose when time's up. (requested by PunkRockObstagoon)\n|inactive|Icepunch_buzzwole also wants the timer to be on.\n|c|\u2606Icepunch_buzzwole|brother\n|c|\u2606Icepunch_buzzwole|spinarak??\n|inactive|Icepunch_buzzwole has 60 seconds left.\n|inactive|PunkRockObstagoon has 60 seconds left.\n|inactive|Icepunch_buzzwole has 30 seconds left.\n|inactive|PunkRockObstagoon has 30 seconds left.\n|inactive|Icepunch_buzzwole has 20 seconds left.\n|inactive|Icepunch_buzzwole has 15 seconds left.\n|\n|t:|1700422016\n|start\n|switch|p1a: Scyther|Scyther, L50, M, shiny|100\/100\n|switch|p1b: Urshifu|Urshifu-Rapid-Strike, L50, M|100\/100\n|switch|p2a: Farigiraf|Farigiraf, L50, F|100\/100\n|switch|p2b: Gholdengo|Gholdengo, L50|100\/100\n|turn|1\n|\n|t:|1700422030\n|switch|p2b: Tatsugiri|Tatsugiri-Droopy, L50, M|100\/100\n|move|p1b: Urshifu|Surging Strikes|p2b: Tatsugiri\n|-activate|p2b: Tatsugiri|ability: Storm Drain\n|-ability|p2b: Tatsugiri|Storm Drain|boost\n|-boost|p2b: Tatsugiri|spa|1\n|move|p1a: Scyther|U-turn|p2a: Farigiraf\n|-supereffective|p2a: Farigiraf\n|-damage|p2a: Farigiraf|11\/100\n|\n|t:|1700422038\n|switch|p1a: Rillaboom|Rillaboom, L50, M, shiny|100\/100|[from] U-turn\n|-fieldstart|move: Grassy Terrain|[from] ability: Grassy Surge|[of] p1a: Rillaboom\n|move|p2a: Farigiraf|Trick Room|p2a: Farigiraf\n|-fieldstart|move: Trick Room|[of] p2a: Farigiraf\n|\n|-heal|p2a: Farigiraf|17\/100|[from] Grassy Terrain\n|upkeep\n|turn|2\n|inactive|Icepunch_buzzwole has 30 seconds left.\n|\n|t:|1700422065\n|switch|p1b: Scyther|Scyther, L50, M, shiny|100\/100\n|-terastallize|p2b: Tatsugiri|Flying\n|move|p2a: Farigiraf|Hyper Voice|p1a: Rillaboom|[spread] p1a,p1b\n|-damage|p1a: Rillaboom|71\/100\n|-damage|p1b: Scyther|73\/100\n|move|p2b: Tatsugiri|Tera Blast|p1a: Rillaboom|[anim] Tera Blast Flying\n|-supereffective|p1a: Rillaboom\n|-damage|p1a: Rillaboom|0 fnt\n|faint|p1a: Rillaboom\n|\n|-heal|p2a: Farigiraf|23\/100|[from] Grassy Terrain\n|upkeep\n|\n|t:|1700422085\n|switch|p1a: Urshifu|Urshifu-Rapid-Strike, L50, M|100\/100\n|turn|3\n|\n|t:|1700422096\n|-terastallize|p1a: Urshifu|Steel\n|move|p2a: Farigiraf|Psychic|p1a: Urshifu\n|-resisted|p1a: Urshifu\n|-damage|p1a: Urshifu|66\/100\n|move|p2b: Tatsugiri|Tera Blast|p1b: Scyther|[anim] Tera Blast Flying\n|-supereffective|p1b: Scyther\n|-damage|p1b: Scyther|0 fnt\n|faint|p1b: Scyther\n|move|p1a: Urshifu|Iron Head|p2b: Tatsugiri\n|-damage|p2b: Tatsugiri|24\/100\n|\n|-heal|p2a: Farigiraf|29\/100|[from] Grassy Terrain\n|-heal|p2b: Tatsugiri|30\/100|[from] item: Leftovers\n|-heal|p1a: Urshifu|72\/100|[from] Grassy Terrain\n|upkeep\n|\n|t:|1700422104\n|switch|p1b: Sneasler|Sneasler, L50, M, shiny|100\/100\n|-enditem|p1b: Sneasler|Grassy Seed\n|-boost|p1b: Sneasler|def|1|[from] item: Grassy Seed\n|turn|4\n|\n|t:|1700422114\n|move|p2a: Farigiraf|Low Kick|p1a: Urshifu\n|-supereffective|p1a: Urshifu\n|-damage|p1a: Urshifu|18\/100\n|move|p2b: Tatsugiri|Muddy Water|p1b: Sneasler|[spread] p1a,p1b\n|-damage|p1a: Urshifu|0 fnt\n|-damage|p1b: Sneasler|42\/100\n|faint|p1a: Urshifu\n|move|p1b: Sneasler|Dire Claw|p2a: Farigiraf\n|-damage|p2a: Farigiraf|0 fnt\n|faint|p2a: Farigiraf\n|\n|-heal|p2b: Tatsugiri|36\/100|[from] item: Leftovers\n|-heal|p1b: Sneasler|48\/100|[from] Grassy Terrain\n|upkeep\n|\n|t:|1700422117\n|switch|p2a: Gholdengo|Gholdengo, L50|100\/100\n|turn|5\n|\n|t:|1700422126\n|move|p2b: Tatsugiri|Substitute|p2b: Tatsugiri\n|-start|p2b: Tatsugiri|Substitute\n|-damage|p2b: Tatsugiri|11\/100\n|move|p2a: Gholdengo|Shadow Ball|p1b: Sneasler\n|-damage|p1b: Sneasler|0 fnt\n|faint|p1b: Sneasler\n|\n|win|PunkRockObstagoon\n|raw|Icepunch_buzzwole's rating: 1308 &rarr; <strong>1291<\/strong><br \/>(-17 for losing)\n|raw|PunkRockObstagoon's rating: 1361 &rarr; <strong>1378<\/strong><br \/>(+17 for winning)\n","uploadtime":1700422129,"views":5,"p1id":"icepunchbuzzwole","p2id":"punkrockobstagoon","formatid":"gen9vgc2023regulatione","rating":1291,"private":0,"password":""}