{"id":"gen9vgc2023regulatione-1991883028","p1":"Lego Superman","p2":"Samuelcc96","format":"[Gen 9] VGC 2023 Regulation E","log":"|j|\u2606Lego Superman\n|j|\u2606Samuelcc96\n|t:|1700133220\n|gametype|doubles\n|player|p1|Lego Superman|gentleman-gen4|1136\n|player|p2|Samuelcc96|cilan|1092\n|teamsize|p1|6\n|teamsize|p2|6\n|gen|9\n|tier|[Gen 9] VGC 2023 Regulation E\n|rated|\n|rule|Species Clause: Limit one of each Pok\u00e9mon\n|rule|Item Clause: Limit one of each item\n|clearpoke\n|poke|p1|Iron Thorns, L50|\n|poke|p1|Sinistcha-Masterpiece, L50|\n|poke|p1|Thundurus, L50, M|\n|poke|p1|Annihilape, L50, M|\n|poke|p1|Iron Bundle, L50|\n|poke|p1|Sableye, L50, F|\n|poke|p2|Dusclops, L50, M|\n|poke|p2|Ursaluna, L50, F|\n|poke|p2|Armarouge, L50, M|\n|poke|p2|Farigiraf, L50, F|\n|poke|p2|Empoleon, L50, M|\n|poke|p2|Sinistcha, L50|\n|teampreview|4\n|\n|t:|1700133276\n|start\n|switch|p1a: Thundurus|Thundurus, L50, M|100\/100\n|switch|p1b: Princess|Iron Thorns, L50|100\/100\n|switch|p2a: Farigiraf|Farigiraf, L50, F|100\/100\n|switch|p2b: Ursaluna|Ursaluna, L50, F|100\/100\n|turn|1\n|inactive|Battle timer is ON: inactive players will automatically lose when time's up. (requested by Lego Superman)\n|\n|t:|1700133301\n|move|p1a: Thundurus|Knock Off|p2a: Farigiraf\n|-supereffective|p2a: Farigiraf\n|-damage|p2a: Farigiraf|50\/100\n|-enditem|p2a: Farigiraf|Safety Goggles|[from] move: Knock Off|[of] p1a: Thundurus\n|move|p1b: Princess|Rock Slide|p2b: Ursaluna|[spread] p2a,p2b\n|-resisted|p2b: Ursaluna\n|-damage|p2a: Farigiraf|19\/100\n|-damage|p2b: Ursaluna|90\/100\n|move|p2b: Ursaluna|Ice Punch|p1a: Thundurus\n|-supereffective|p1a: Thundurus\n|-damage|p1a: Thundurus|37\/100\n|-enditem|p1a: Thundurus|Sitrus Berry|[eat]\n|-heal|p1a: Thundurus|62\/100|[from] item: Sitrus Berry\n|move|p2a: Farigiraf|Trick Room|p2a: Farigiraf\n|-fieldstart|move: Trick Room|[of] p2a: Farigiraf\n|\n|-status|p2b: Ursaluna|brn|[from] item: Flame Orb\n|upkeep\n|turn|2\n|inactive|Lego Superman has 30 seconds left.\n|\n|t:|1700133333\n|-end|p1b: Princess|Quark Drive|[silent]\n|switch|p1b: Sinistcha|Sinistcha-Masterpiece, L50|100\/100\n|-heal|p1a: Thundurus|87\/100|[from] ability: Hospitality|[of] p1b: Sinistcha\n|-terastallize|p1a: Thundurus|Steel\n|move|p2b: Ursaluna|Headlong Rush|p1b: Sinistcha\n|-resisted|p1b: Sinistcha\n|-damage|p1b: Sinistcha|53\/100\n|-unboost|p2b: Ursaluna|def|1\n|-unboost|p2b: Ursaluna|spd|1\n|move|p2a: Farigiraf|Psychic|p1a: Thundurus\n|-resisted|p1a: Thundurus\n|-damage|p1a: Thundurus|62\/100\n|move|p1a: Thundurus|Knock Off|p2a: Farigiraf\n|-supereffective|p2a: Farigiraf\n|-damage|p2a: Farigiraf|0 fnt\n|faint|p2a: Farigiraf\n|\n|-heal|p1b: Sinistcha|59\/100|[from] item: Leftovers\n|-damage|p2b: Ursaluna|84\/100 brn|[from] brn\n|upkeep\n|\n|t:|1700133342\n|switch|p2a: Armarouge|Armarouge, L50, M|100\/100\n|turn|3\n|inactive|Lego Superman has 30 seconds left.\n|\n|t:|1700133369\n|switch|p2b: Sinistcha|Sinistcha, L50|100\/100\n|move|p1a: Thundurus|Thunder Wave|p2a: Armarouge\n|-status|p2a: Armarouge|par\n|move|p2a: Armarouge|Armor Cannon|p1b: Sinistcha\n|-supereffective|p1b: Sinistcha\n|-damage|p1b: Sinistcha|0 fnt\n|-unboost|p2a: Armarouge|def|1\n|-unboost|p2a: Armarouge|spd|1\n|faint|p1b: Sinistcha\n|-damage|p2a: Armarouge|91\/100 par|[from] item: Life Orb\n|\n|upkeep\n|\n|t:|1700133383\n|switch|p1b: Princess|Iron Thorns, L50|100\/100\n|turn|4\n|\n|t:|1700133397\n|switch|p2a: Ursaluna|Ursaluna, L50, F|84\/100 brn\n|move|p1a: Thundurus|Electric Terrain|p1a: Thundurus\n|-fieldstart|move: Electric Terrain\n|-activate|p1b: Princess|ability: Quark Drive\n|-start|p1b: Princess|quarkdriveatk\n|move|p2b: Sinistcha|Matcha Gotcha|p1b: Princess|[spread] p1a,p1b\n|-resisted|p1a: Thundurus\n|-supereffective|p1b: Princess\n|-damage|p1a: Thundurus|50\/100\n|-damage|p1b: Princess|47\/100\n|-status|p1b: Princess|brn\n|move|p1b: Princess|Dragon Dance|p1b: Princess\n|-boost|p1b: Princess|atk|1\n|-boost|p1b: Princess|spe|1\n|\n|-damage|p2a: Ursaluna|78\/100 brn|[from] brn\n|-damage|p1b: Princess|42\/100 brn|[from] brn\n|upkeep\n|turn|5\n|\n|t:|1700133420\n|move|p1b: Princess|Protect|p1b: Princess\n|-singleturn|p1b: Princess|Protect\n|move|p2a: Ursaluna|Facade|p1b: Princess\n|-activate|p1b: Princess|move: Protect\n|move|p2b: Sinistcha|Matcha Gotcha|p1a: Thundurus|[spread] p1a\n|-activate|p1b: Princess|move: Protect\n|-resisted|p1a: Thundurus\n|-damage|p1a: Thundurus|39\/100\n|move|p1a: Thundurus|Knock Off|p2b: Sinistcha\n|-supereffective|p2b: Sinistcha\n|-damage|p2b: Sinistcha|59\/100\n|-damage|p1a: Thundurus|23\/100|[from] item: Rocky Helmet|[of] p2b: Sinistcha\n|-enditem|p2b: Sinistcha|Rocky Helmet|[from] move: Knock Off|[of] p1a: Thundurus\n|\n|-damage|p2a: Ursaluna|72\/100 brn|[from] brn\n|-damage|p1b: Princess|36\/100 brn|[from] brn\n|-fieldend|move: Trick Room\n|upkeep\n|turn|6\n|inactive|Lego Superman has 30 seconds left.\n|\n|t:|1700133445\n|move|p2b: Sinistcha|Rage Powder|p2b: Sinistcha\n|-singleturn|p2b: Sinistcha|move: Rage Powder\n|move|p1b: Princess|Rock Slide|p2b: Sinistcha|[spread] p2a,p2b\n|-resisted|p2a: Ursaluna\n|-damage|p2a: Ursaluna|62\/100 brn\n|-damage|p2b: Sinistcha|32\/100\n|move|p1a: Thundurus|Knock Off|p2b: Sinistcha\n|-supereffective|p2b: Sinistcha\n|-damage|p2b: Sinistcha|8\/100\n|move|p2a: Ursaluna|Facade|p1b: Princess\n|-resisted|p1b: Princess\n|-damage|p1b: Princess|0 fnt\n|faint|p1b: Princess\n|-end|p1b: Princess|Quark Drive|[silent]\n|\n|-damage|p2a: Ursaluna|56\/100 brn|[from] brn\n|upkeep\n|\n|t:|1700133461\n|switch|p1b: Iron Bundle|Iron Bundle, L50|100\/100\n|-activate|p1b: Iron Bundle|ability: Quark Drive\n|-start|p1b: Iron Bundle|quarkdrivespe\n|turn|7\n|l|\u2606Samuelcc96\n|inactive|Samuelcc96 disconnected and has a minute to reconnect!\n|player|p2|\n|inactive|Samuelcc96 has 30 seconds left.\n|inactive|Samuelcc96 has 20 seconds left.\n|inactive|Samuelcc96 has 15 seconds left.\n|inactive|Samuelcc96 has 10 seconds left.\n|inactive|Samuelcc96 has 5 seconds left.\n|-message|Samuelcc96 lost due to inactivity.\n|\n|win|Lego Superman\n|raw|Lego Superman's rating: 1136 &rarr; <strong>1158<\/strong><br \/>(+22 for winning)\n|raw|Samuelcc96's rating: 1092 &rarr; <strong>1071<\/strong><br \/>(-21 for losing)\n","uploadtime":1700133520,"views":22,"p1id":"legosuperman","p2id":"samuelcc96","formatid":"gen9vgc2023regulatione","rating":1071,"private":0,"password":""}