{"id":"gen9vgc2023regulatione-1997998363","p1":"Nuktuk","p2":"wdmichael","format":"[Gen 9] VGC 2023 Regulation E","log":"|j|\u2606Nuktuk\n|j|\u2606wdmichael\n|t:|1700877081\n|gametype|doubles\n|player|p1|Nuktuk|102|1409\n|player|p2|wdmichael|101|1531\n|teamsize|p1|6\n|teamsize|p2|6\n|gen|9\n|tier|[Gen 9] VGC 2023 Regulation E\n|rated|\n|rule|Species Clause: Limit one of each Pok\u00e9mon\n|rule|Item Clause: Limit one of each item\n|clearpoke\n|poke|p1|Iron Hands, L50|\n|poke|p1|Flutter Mane, L50|\n|poke|p1|Landorus, L50, M|\n|poke|p1|Salamence, L50, M|\n|poke|p1|Illumise, L50, F|\n|poke|p1|Ogerpon-Wellspring, L50, F|\n|poke|p2|Indeedee-F, L50, F|\n|poke|p2|Armarouge, L50, F|\n|poke|p2|Ursaluna, L50, F|\n|poke|p2|Dondozo, L50, F|\n|poke|p2|Tatsugiri, L50, M|\n|poke|p2|Cresselia, L50, F|\n|teampreview|4\n|inactive|Battle timer is ON: inactive players will automatically lose when time's up. (requested by wdmichael)\n|inactive|Nuktuk has 60 seconds left.\n|\n|t:|1700877158\n|start\n|switch|p1a: Landorus|Landorus, L50, M|100\/100\n|switch|p1b: Illumise|Illumise, L50, F|100\/100\n|switch|p2a: Indeedee|Indeedee-F, L50, F, shiny|100\/100\n|switch|p2b: Armarouge|Armarouge, L50, F, shiny|100\/100\n|-fieldstart|move: Psychic Terrain|[from] ability: Psychic Surge|[of] p2a: Indeedee\n|-enditem|p2a: Indeedee|Psychic Seed\n|-boost|p2a: Indeedee|spd|1|[from] item: Psychic Seed\n|turn|1\n|inactive|Nuktuk has 30 seconds left.\n|\n|t:|1700877190\n|-terastallize|p2b: Armarouge|Grass\n|move|p2a: Indeedee|Protect|p2a: Indeedee\n|-singleturn|p2a: Indeedee|Protect\n|move|p1a: Landorus|Sandsear Storm|p2a: Indeedee|[spread] \n|-activate|p2a: Indeedee|move: Protect\n|-miss|p1a: Landorus|p2b: Armarouge\n|move|p1b: Illumise|Struggle Bug|p2b: Armarouge|[spread] p2b\n|-activate|p2a: Indeedee|move: Protect\n|-supereffective|p2b: Armarouge\n|-damage|p2b: Armarouge|79\/100\n|-unboost|p2b: Armarouge|spa|1\n|move|p2b: Armarouge|Trick Room|p2b: Armarouge\n|-fieldstart|move: Trick Room|[of] p2b: Armarouge\n|\n|upkeep\n|turn|2\n|inactive|Nuktuk has 30 seconds left.\n|\n|t:|1700877222\n|switch|p2a: Ursaluna|Ursaluna, L50, F, shiny|100\/100\n|move|p1a: Landorus|Protect|p1a: Landorus\n|-singleturn|p1a: Landorus|Protect\n|move|p2b: Armarouge|Expanding Force|p1b: Illumise|[spread] p1b\n|-activate|p1a: Landorus|move: Protect\n|-damage|p1b: Illumise|43\/100\n|-damage|p2b: Armarouge|69\/100|[from] item: Life Orb\n|move|p1b: Illumise|Struggle Bug|p2a: Ursaluna|[spread] p2a,p2b\n|-supereffective|p2b: Armarouge\n|-damage|p2a: Ursaluna|93\/100\n|-damage|p2b: Armarouge|49\/100\n|-unboost|p2a: Ursaluna|spa|1\n|-unboost|p2b: Armarouge|spa|1\n|\n|-status|p2a: Ursaluna|brn|[from] item: Flame Orb\n|upkeep\n|turn|3\n|inactive|Nuktuk has 30 seconds left.\n|\n|t:|1700877250\n|switch|p2b: Cresselia|Cresselia, L50, F, shiny|100\/100\n|move|p1b: Illumise|Encore|p2a: Ursaluna\n|-activate|p2a: Ursaluna|move: Psychic Terrain\n|move|p2a: Ursaluna|Facade|p1a: Landorus\n|-damage|p1a: Landorus|0 fnt\n|faint|p1a: Landorus\n|\n|-damage|p2a: Ursaluna|87\/100 brn|[from] brn\n|upkeep\n|\n|t:|1700877264\n|switch|p1a: Ogerpon|Ogerpon-Wellspring, L50, F|100\/100\n|turn|4\n|\n|t:|1700877286\n|move|p1a: Ogerpon|Spiky Shield|p1a: Ogerpon\n|-singleturn|p1a: Ogerpon|move: Protect\n|move|p2b: Cresselia|Ally Switch|p2b: Cresselia\n|swap|p2b: Cresselia|0|[from] move: Ally Switch\n|move|p2b: Ursaluna|Facade|p1b: Illumise\n|-damage|p1b: Illumise|0 fnt\n|faint|p1b: Illumise\n|\n|-damage|p2b: Ursaluna|81\/100 brn|[from] brn\n|upkeep\n|\n|t:|1700877295\n|switch|p1b: Iron Hands|Iron Hands, L50|100\/100\n|turn|5\n|inactive|wdmichael has 30 seconds left.\n|\n|t:|1700877322\n|move|p2b: Ursaluna|Facade|p1a: Ogerpon\n|-damage|p1a: Ogerpon|0 fnt\n|faint|p1a: Ogerpon\n|move|p1b: Iron Hands|Drain Punch|p2b: Ursaluna\n|-supereffective|p2b: Ursaluna\n|-damage|p2b: Ursaluna|12\/100 brn\n|move|p2a: Cresselia|Dazzling Gleam|p1b: Iron Hands\n|-supereffective|p1b: Iron Hands\n|-damage|p1b: Iron Hands|83\/100\n|\n|-damage|p2b: Ursaluna|6\/100 brn|[from] brn\n|-fieldend|move: Trick Room\n|-fieldend|move: Psychic Terrain\n|upkeep\n|turn|6\n|\n|t:|1700877344\n|move|p2b: Ursaluna|Protect|p2b: Ursaluna\n|-singleturn|p2b: Ursaluna|Protect\n|move|p2a: Cresselia|Lunar Blessing|p2a: Cresselia|[spread] p2a,p2b\n|-heal|p2b: Ursaluna|31\/100 brn\n|-curestatus|p2b: Ursaluna|brn|[msg]\n|move|p1b: Iron Hands|Drain Punch|p2a: Cresselia\n|-resisted|p2a: Cresselia\n|-damage|p2a: Cresselia|85\/100\n|-heal|p1b: Iron Hands|90\/100|[from] drain|[of] p2a: Cresselia\n|\n|-status|p2b: Ursaluna|brn|[from] item: Flame Orb\n|upkeep\n|turn|7\n|c|\u2606Nuktuk|gg\n|-message|Nuktuk forfeited.\n|\n|win|wdmichael\n|raw|Nuktuk's rating: 1409 &rarr; <strong>1396<\/strong><br \/>(-13 for losing)\n|raw|wdmichael's rating: 1531 &rarr; <strong>1544<\/strong><br \/>(+13 for winning)\n|l|\u2606Nuktuk\n|c|\u2606wdmichael|Gg\n","uploadtime":1700877369,"views":13,"p1id":"nuktuk","p2id":"wdmichael","formatid":"gen9vgc2023regulatione","rating":1396,"private":0,"password":""}