{"id":"gen9vgc2023regulatione-1992213906","p1":"Mastrota89","p2":"GabboVGC","format":"[Gen 9] VGC 2023 Regulation E","log":"|j|\u2606Mastrota89\n|j|\u2606GabboVGC\n|n|\u2606Mastrota89|mastrota89\n|n|\u2606GabboVGC|gabbovgc\n|html|View the match progress at <a href=\"\/game-bestof3-gen9vgc2023regulatione-1992213905\">game-bestof3-gen9vgc2023regulatione-1992213905<\/a>\n|t:|1700164465\n|gametype|doubles\n|player|p1|Mastrota89|rocketgrunt|\n|player|p2|GabboVGC|marnie-league|\n|teamsize|p1|6\n|teamsize|p2|6\n|gen|9\n|tier|[Gen 9] VGC 2023 Regulation E\n|rule|Species Clause: Limit one of each Pok\u00e9mon\n|rule|Item Clause: Limit one of each item\n|clearpoke\n|poke|p1|Iron Hands, L50|\n|poke|p1|Flutter Mane, L50|\n|poke|p1|Roaring Moon, L50|\n|poke|p1|Amoonguss, L50, F|\n|poke|p1|Heatran, L50, M|\n|poke|p1|Landorus-Therian, L50, M|\n|poke|p2|Tornadus, L50, M|\n|poke|p2|Urshifu-*, L50, M|\n|poke|p2|Arcanine-Hisui, L50, M|\n|poke|p2|Iron Hands, L50|\n|poke|p2|Amoonguss, L50, M|\n|poke|p2|Gholdengo, L50|\n|teampreview|4\nMastrota89 has agreed to open team sheets.\nGabboVGC has agreed to open team sheets.\n|showteam|p1|Iron Hands||AssaultVest|QuarkDrive|VoltSwitch,WildCharge,FakeOut,DrainPunch||||||50|,,,,,Water]Flutter Mane||ChoiceSpecs|Protosynthesis|DazzlingGleam,Moonblast,ShadowBall,PerishSong||||||50|,,,,,Fairy]Roaring Moon||BoosterEnergy|Protosynthesis|Protect,KnockOff,DragonDance,Acrobatics||||||50|,,,,,Flying]Amoonguss||RockyHelmet|Regenerator|Protect,RagePowder,Spore,PollenPuff|||F|||50|,,,,,Water]Heatran||Leftovers|FlashFire|Protect,EarthPower,MagmaStorm,Substitute|||M|||50|,,,,,Fairy]Landorus-Therian||ChoiceScarf|Intimidate|RockSlide,TeraBlast,StompingTantrum,Uturn|||M|||50|,,,,,Flying\n|showteam|p2|Tornadus||RockyHelmet|Prankster|BleakwindStorm,RainDance,Tailwind,Protect|||M|||50|,,,,,Steel]Urshifu-Rapid-Strike||MysticWater|UnseenFist|SurgingStrikes,CloseCombat,AquaJet,Protect|||M|||50|,,,,,Water]Arcanine-Hisui||ChoiceBand|Intimidate|FlareBlitz,RockSlide,ExtremeSpeed,TeraBlast|||M|||50|,,,,,Fairy]Iron Hands||AssaultVest|QuarkDrive|WildCharge,DrainPunch,VoltSwitch,FakeOut||||||50|,,,,,Water]Amoonguss||SitrusBerry|Regenerator|PollenPuff,Spore,RagePowder,Protect|||M|||50|,,,,,Fire]Gholdengo||Leftovers|GoodasGold|MakeItRain,ShadowBall,NastyPlot,Protect||||||50|,,,,,Dragon\n|j| Crudo de fava\n|\n|t:|1700164595\n|start\n|switch|p1a: Heatran|Heatran, L50, M, shiny|100\/100\n|switch|p1b: Iron Hands|Iron Hands, L50, shiny|100\/100\n|switch|p2a: Arcanine|Arcanine-Hisui, L50, M|100\/100\n|switch|p2b: Tornadus|Tornadus, L50, M|100\/100\n|-ability|p2a: Arcanine|Intimidate|boost\n|-unboost|p1a: Heatran|atk|1\n|-unboost|p1b: Iron Hands|atk|1\n|turn|1\n|\n|t:|1700164661\n|switch|p2a: Amoonguss|Amoonguss, L50, M, shiny|100\/100\n|move|p2b: Tornadus|Rain Dance|p2b: Tornadus\n|-weather|RainDance\n|move|p1a: Heatran|Magma Storm|p2b: Tornadus\n|-damage|p2b: Tornadus|69\/100\n|-activate|p2b: Tornadus|move: Magma Storm|[of] p1a: Heatran\n|move|p1b: Iron Hands|Volt Switch|p2b: Tornadus\n|-supereffective|p2b: Tornadus\n|-damage|p2b: Tornadus|36\/100\n|\n|t:|1700164690\n|-end|p1b: Iron Hands|Quark Drive|[silent]\n|switch|p1b: Amoonguss|Amoonguss, L50, F, shiny|100\/100|[from] Volt Switch\n|\n|-weather|RainDance|[upkeep]\n|-damage|p2b: Tornadus|24\/100|[from] move: Magma Storm|[partiallytrapped]\n|upkeep\n|turn|2\n|\n|t:|1700164776\n|move|p2b: Tornadus|Bleakwind Storm|p1a: Heatran|[spread] p1a,p1b\n|-resisted|p1a: Heatran\n|-supereffective|p1b: Amoonguss\n|-damage|p1a: Heatran|86\/100\n|-damage|p1b: Amoonguss|43\/100\n|-unboost|p1b: Amoonguss|spe|1\n|move|p1a: Heatran|Substitute|p1a: Heatran\n|-start|p1a: Heatran|Substitute\n|-damage|p1a: Heatran|61\/100\n|move|p2a: Amoonguss|Pollen Puff|p2b: Tornadus\n|-heal|p2b: Tornadus|74\/100\n|move|p1b: Amoonguss|Spore|p2b: Tornadus\n|-status|p2b: Tornadus|slp|[from] move: Spore\n|\n|-weather|RainDance|[upkeep]\n|-heal|p1a: Heatran|67\/100|[from] item: Leftovers\n|-damage|p2b: Tornadus|62\/100 slp|[from] move: Magma Storm|[partiallytrapped]\n|upkeep\n|turn|3\n|\n|t:|1700164814\n|cant|p2b: Tornadus|slp\n|move|p1a: Heatran|Magma Storm|p2a: Amoonguss\n|-supereffective|p2a: Amoonguss\n|-damage|p2a: Amoonguss|53\/100\n|-activate|p2a: Amoonguss|move: Magma Storm|[of] p1a: Heatran\n|move|p2a: Amoonguss|Pollen Puff|p2b: Tornadus\n|-heal|p2b: Tornadus|100\/100 slp\n|move|p1b: Amoonguss|Pollen Puff|p2a: Amoonguss\n|-damage|p2a: Amoonguss|38\/100\n|-enditem|p2a: Amoonguss|Sitrus Berry|[eat]\n|-heal|p2a: Amoonguss|63\/100|[from] item: Sitrus Berry\n|\n|-weather|RainDance|[upkeep]\n|-heal|p1a: Heatran|73\/100|[from] item: Leftovers\n|-damage|p2b: Tornadus|88\/100 slp|[from] move: Magma Storm|[partiallytrapped]\n|-damage|p2a: Amoonguss|50\/100|[from] move: Magma Storm|[partiallytrapped]\n|upkeep\n|turn|4\n|\n|t:|1700164899\n|switch|p1b: Iron Hands|Iron Hands, L50, shiny|100\/100\n|cant|p2b: Tornadus|slp\n|move|p1a: Heatran|Earth Power|p2a: Amoonguss\n|-damage|p2a: Amoonguss|23\/100\n|move|p2a: Amoonguss|Pollen Puff|p2b: Tornadus\n|-heal|p2b: Tornadus|100\/100 slp\n|\n|-weather|RainDance|[upkeep]\n|-heal|p1a: Heatran|80\/100|[from] item: Leftovers\n|-damage|p2b: Tornadus|88\/100 slp|[from] move: Magma Storm|[partiallytrapped]\n|-damage|p2a: Amoonguss|10\/100|[from] move: Magma Storm|[partiallytrapped]\n|upkeep\n|turn|5\n|\n|t:|1700164929\n|cant|p2b: Tornadus|slp\n|move|p1a: Heatran|Earth Power|p2a: Amoonguss\n|-damage|p2a: Amoonguss|0 fnt\n|faint|p2a: Amoonguss\n|move|p1b: Iron Hands|Wild Charge|p2b: Tornadus\n|-supereffective|p2b: Tornadus\n|-damage|p2b: Tornadus|0 fnt\n|-damage|p1b: Iron Hands|84\/100|[from] item: Rocky Helmet|[of] p2b: Tornadus\n|faint|p2b: Tornadus\n|-damage|p1b: Iron Hands|68\/100|[from] Recoil\n|\n|-weather|none\n|-heal|p1a: Heatran|86\/100|[from] item: Leftovers\n|upkeep\n|\n|t:|1700164933\n|switch|p2b: Urshifu|Urshifu-Rapid-Strike, L50, M|100\/100\n|switch|p2a: Arcanine|Arcanine-Hisui, L50, M|100\/100\n|-ability|p2a: Arcanine|Intimidate|boost\n|-immune|p1a: Heatran\n|-unboost|p1b: Iron Hands|atk|1\n|turn|6\n|j| BossettiVMax\n|\n|t:|1700164998\n|-terastallize|p2b: Urshifu|Water\n|-terastallize|p1a: Heatran|Fairy\n|move|p2b: Urshifu|Surging Strikes|p1a: Heatran\n|-crit|p1a: Heatran\n|-end|p1a: Heatran|Substitute\n|-crit|p1a: Heatran\n|-damage|p1a: Heatran|56\/100\n|-crit|p1a: Heatran\n|-damage|p1a: Heatran|24\/100\n|-hitcount|p1a: Heatran|3\n|move|p2a: Arcanine|Flare Blitz|p1b: Iron Hands\n|-damage|p1b: Iron Hands|6\/100\n|-status|p1b: Iron Hands|brn\n|-damage|p2a: Arcanine|72\/100|[from] Recoil\n|move|p1a: Heatran|Magma Storm|p2b: Urshifu\n|-resisted|p2b: Urshifu\n|-damage|p2b: Urshifu|67\/100\n|-activate|p2b: Urshifu|move: Magma Storm|[of] p1a: Heatran\n|move|p1b: Iron Hands|Volt Switch|p2b: Urshifu\n|-supereffective|p2b: Urshifu\n|-damage|p2b: Urshifu|29\/100\n|\n|t:|1700165018\n|-end|p1b: Iron Hands|Quark Drive|[silent]\n|switch|p1b: Landorus|Landorus-Therian, L50, M, shiny|100\/100|[from] Volt Switch\n|-ability|p1b: Landorus|Intimidate|boost\n|-unboost|p2a: Arcanine|atk|1\n|-unboost|p2b: Urshifu|atk|1\n|\n|-heal|p1a: Heatran|31\/100|[from] item: Leftovers\n|-damage|p2b: Urshifu|17\/100|[from] move: Magma Storm|[partiallytrapped]\n|upkeep\n|turn|7\n|\n|t:|1700165040\n|move|p1b: Landorus|Stomping Tantrum|p2a: Arcanine\n|-supereffective|p2a: Arcanine\n|-damage|p2a: Arcanine|0 fnt\n|faint|p2a: Arcanine\n|move|p2b: Urshifu|Surging Strikes|p1a: Heatran\n|-crit|p1a: Heatran\n|-damage|p1a: Heatran|0 fnt\n|faint|p1a: Heatran\n|-hitcount|p1: Heatran|1\n|\n|-end|p2b: Urshifu|Magma Storm|[partiallytrapped]|[silent]\n|upkeep\n|\n|t:|1700165045\n|switch|p1a: Amoonguss|Amoonguss, L50, F, shiny|76\/100\n|turn|8\n|\n|t:|1700165049\n|move|p1a: Amoonguss|Rage Powder|p1a: Amoonguss\n|-singleturn|p1a: Amoonguss|move: Rage Powder\n|move|p1b: Landorus|Stomping Tantrum|p2b: Urshifu\n|-damage|p2b: Urshifu|0 fnt\n|faint|p2b: Urshifu\n|\n|win|Mastrota89\n|c|&|\/uhtml prompt-gabbovgc,GabboVGC is ready for game 2!\n|c|&|\/uhtml prompt-mastrota89,Mastrota89 is ready for game 2!\nBoth players are ready! Starting next match!\n","uploadtime":1700165052,"views":23,"p1id":"mastrota89","p2id":"gabbovgc","formatid":"gen9vgc2023regulatione","rating":0,"private":0,"password":""}