{"id":"gen9vgc2023regulatione-1992094797","p1":"huffingkoffinggas","p2":"HeyItsMarc","format":"[Gen 9] VGC 2023 Regulation E","log":"|j|\u2606huffingkoffinggas\n|j|\u2606HeyItsMarc\n|t:|1700154638\n|gametype|doubles\n|player|p1|huffingkoffinggas|medium|1200\n|player|p2|HeyItsMarc|265|1242\n|teamsize|p1|6\n|teamsize|p2|6\n|gen|9\n|tier|[Gen 9] VGC 2023 Regulation E\n|rated|\n|rule|Species Clause: Limit one of each Pok\u00e9mon\n|rule|Item Clause: Limit one of each item\n|clearpoke\n|poke|p1|Hydreigon, L50, M|\n|poke|p1|Ursaluna, L50, M|\n|poke|p1|Grimmsnarl, L50, M|\n|poke|p1|Iron Valiant, L50|\n|poke|p1|Arcanine-Hisui, L50, F|\n|poke|p1|Milotic, L50, M|\n|poke|p2|Dragapult, L50, F|\n|poke|p2|Chien-Pao, L50|\n|poke|p2|Arcanine-Hisui, L50, M|\n|poke|p2|Armarouge, L50, M|\n|poke|p2|Indeedee-F, L50, F|\n|poke|p2|Flutter Mane, L50|\n|teampreview|4\n|inactive|Battle timer is ON: inactive players will automatically lose when time's up. (requested by huffingkoffinggas)\n|inactive|huffingkoffinggas has 60 seconds left.\n|\n|t:|1700154672\n|start\n|switch|p1a: Hydreigon|Hydreigon, L50, M|100\/100\n|switch|p1b: Grimmsnarl|Grimmsnarl, L50, M|100\/100\n|switch|p2a: Armarouge|Armarouge, L50, M|100\/100\n|switch|p2b: Indeedee|Indeedee-F, L50, F|100\/100\n|-fieldstart|move: Psychic Terrain|[from] ability: Psychic Surge|[of] p2b: Indeedee\n|-enditem|p2b: Indeedee|Psychic Seed\n|-boost|p2b: Indeedee|spd|1|[from] item: Psychic Seed\n|turn|1\n|\n|t:|1700154696\n|switch|p1a: iron hands at home|Ursaluna, L50, M|100\/100\n|-terastallize|p2b: Indeedee|Fairy\n|move|p2a: Armarouge|Protect|p2a: Armarouge\n|-singleturn|p2a: Armarouge|Protect\n|move|p1b: Grimmsnarl|Light Screen|p1b: Grimmsnarl\n|-sidestart|p1: huffingkoffinggas|move: Light Screen\n|move|p2b: Indeedee|Dazzling Gleam|p1a: iron hands at home|[spread] p1a,p1b\n|-supereffective|p1b: Grimmsnarl\n|-damage|p1a: iron hands at home|88\/100\n|-damage|p1b: Grimmsnarl|74\/100\n|\n|-status|p1a: iron hands at home|brn|[from] item: Flame Orb\n|upkeep\n|turn|2\n|\n|t:|1700154716\n|move|p2b: Indeedee|Follow Me|p2b: Indeedee\n|-singleturn|p2b: Indeedee|move: Follow Me\n|move|p2a: Armarouge|Armor Cannon|p1a: iron hands at home\n|-damage|p1a: iron hands at home|33\/100 brn\n|-unboost|p2a: Armarouge|def|1\n|-unboost|p2a: Armarouge|spd|1\n|-damage|p2a: Armarouge|91\/100|[from] item: Life Orb\n|move|p1b: Grimmsnarl|Play Rough|p2b: Indeedee\n|-damage|p2b: Indeedee|62\/100\n|move|p1a: iron hands at home|Facade|p2b: Indeedee\n|-damage|p2b: Indeedee|0 fnt\n|faint|p2b: Indeedee\n|\n|-damage|p1a: iron hands at home|28\/100 brn|[from] brn\n|upkeep\n|\n|t:|1700154731\n|switch|p2b: Flutter Mane|Flutter Mane, L50|100\/100\n|turn|3\n|\n|t:|1700154747\n|move|p1a: iron hands at home|Protect|p1a: iron hands at home\n|-singleturn|p1a: iron hands at home|Protect\n|move|p2b: Flutter Mane|Dazzling Gleam|p1b: Grimmsnarl|[spread] p1b\n|-activate|p1a: iron hands at home|move: Protect\n|-supereffective|p1b: Grimmsnarl\n|-damage|p1b: Grimmsnarl|6\/100\n|move|p2a: Armarouge|Armor Cannon|p1a: iron hands at home\n|-activate|p1a: iron hands at home|move: Protect\n|move|p1b: Grimmsnarl|Play Rough|p2b: Flutter Mane\n|-damage|p2b: Flutter Mane|10\/100\n|\n|-damage|p1a: iron hands at home|22\/100 brn|[from] brn\n|upkeep\n|turn|4\n|inactive|huffingkoffinggas has 30 seconds left.\n|\n|t:|1700154773\n|switch|p1a: suicune at home|Milotic, L50, M|100\/100\n|move|p2a: Armarouge|Protect|p2a: Armarouge\n|-singleturn|p2a: Armarouge|Protect\n|move|p2b: Flutter Mane|Dazzling Gleam|p1a: suicune at home|[spread] p1a,p1b\n|-supereffective|p1b: Grimmsnarl\n|-damage|p1a: suicune at home|81\/100\n|-damage|p1b: Grimmsnarl|0 fnt\n|faint|p1b: Grimmsnarl\n|\n|-heal|p1a: suicune at home|87\/100|[from] item: Leftovers\n|upkeep\n|\n|t:|1700154783\n|switch|p1b: Hydreigon|Hydreigon, L50, M|100\/100\n|turn|5\n|\n|t:|1700154798\n|-terastallize|p1b: Hydreigon|Ghost\n|move|p2b: Flutter Mane|Dazzling Gleam|p1b: Hydreigon|[spread] p1a,p1b\n|-damage|p1a: suicune at home|64\/100\n|-damage|p1b: Hydreigon|66\/100\n|move|p1b: Hydreigon|Dark Pulse|p2a: Armarouge\n|-supereffective|p2a: Armarouge\n|-damage|p2a: Armarouge|0 fnt\n|faint|p2a: Armarouge\n|-damage|p1b: Hydreigon|57\/100|[from] item: Life Orb\n|move|p1a: suicune at home|Scald|p2b: Flutter Mane\n|-damage|p2b: Flutter Mane|0 fnt\n|faint|p2b: Flutter Mane\n|-end|p2b: Flutter Mane|Protosynthesis|[silent]\n|\n|-heal|p1a: suicune at home|70\/100|[from] item: Leftovers\n|-fieldend|move: Psychic Terrain\n|upkeep\n|\n|t:|1700154815\n|switch|p2a: Chien-Pao|Chien-Pao, L50|100\/100\n|-ability|p2a: Chien-Pao|Sword of Ruin\n|turn|6\n|\n|t:|1700154831\n|switch|p1b: iron hands at home|Ursaluna, L50, M|22\/100 brn\n|move|p2a: Chien-Pao|Protect|p2a: Chien-Pao\n|-singleturn|p2a: Chien-Pao|Protect\n|move|p1a: suicune at home|Scald|p2a: Chien-Pao\n|-activate|p2a: Chien-Pao|move: Protect\n|\n|-heal|p1a: suicune at home|76\/100|[from] item: Leftovers\n|-damage|p1b: iron hands at home|16\/100 brn|[from] brn\n|upkeep\n|turn|7\n|inactive|HeyItsMarc has 30 seconds left.\n|\n|t:|1700154860\n|move|p2a: Chien-Pao|Sacred Sword|p1b: iron hands at home\n|-supereffective|p1b: iron hands at home\n|-damage|p1b: iron hands at home|0 fnt\n|faint|p1b: iron hands at home\n|move|p1a: suicune at home|Scald|p2a: Chien-Pao\n|-damage|p2a: Chien-Pao|56\/100\n|\n|-heal|p1a: suicune at home|82\/100|[from] item: Leftovers\n|upkeep\n|\n|t:|1700154868\n|switch|p1b: Hydreigon|Hydreigon, L50, M, tera:Ghost|57\/100\n|turn|8\n|\n|t:|1700154876\n|move|p2a: Chien-Pao|Sucker Punch|p1b: Hydreigon\n|-supereffective|p1b: Hydreigon\n|-damage|p1b: Hydreigon|0 fnt\n|faint|p1b: Hydreigon\n|move|p1a: suicune at home|Scald|p2a: Chien-Pao\n|-damage|p2a: Chien-Pao|15\/100\n|\n|-heal|p1a: suicune at home|88\/100|[from] item: Leftovers\n|-sideend|p1: huffingkoffinggas|move: Light Screen\n|upkeep\n|turn|9\n|\n|t:|1700154886\n|move|p2a: Chien-Pao|Sacred Sword|p1a: suicune at home\n|-damage|p1a: suicune at home|54\/100\n|move|p1a: suicune at home|Scald|p2a: Chien-Pao\n|-damage|p2a: Chien-Pao|0 fnt\n|faint|p2a: Chien-Pao\n|\n|win|huffingkoffinggas\n|raw|huffingkoffinggas's rating: 1200 &rarr; <strong>1228<\/strong><br \/>(+28 for winning)\n|raw|HeyItsMarc's rating: 1242 &rarr; <strong>1214<\/strong><br \/>(-28 for losing)\n|c|\u2606huffingkoffinggas|gg\n|l|\u2606HeyItsMarc\n","uploadtime":1700154896,"views":23,"p1id":"huffingkoffinggas","p2id":"heyitsmarc","formatid":"gen9vgc2023regulatione","rating":1214,"private":0,"password":""}