{"id":"gen9vgc2023regulatione-1989259761","p1":"Scalonetapibe","p2":"neverword77","format":"[Gen 9] VGC 2023 Regulation E","log":"|j|\u2606Scalonetapibe\n|j|\u2606neverword77\n|n|\u2606Scalonetapibe|scalonetapibe\n|n|\u2606neverword77|neverword77\n|html|View the match progress at <a href=\"\/game-bestof3-gen9vgc2023regulatione-1989253214\">game-bestof3-gen9vgc2023regulatione-1989253214<\/a>\n|t:|1699829037\n|gametype|doubles\n|player|p1|Scalonetapibe|bruno|\n|player|p2|neverword77|pokemaniac|\n|teamsize|p1|6\n|teamsize|p2|6\n|gen|9\n|tier|[Gen 9] VGC 2023 Regulation E\n|rule|Species Clause: Limit one of each Pok\u00e9mon\n|rule|Item Clause: Limit one of each item\n|clearpoke\n|poke|p1|Gholdengo, L50|\n|poke|p1|Iron Hands, L50|\n|poke|p1|Amoonguss, L50, F|\n|poke|p1|Iron Bundle, L50|\n|poke|p1|Pelipper, L50, F|\n|poke|p1|Salamence, L50, M|\n|poke|p2|Arcanine-Hisui, L50, M|\n|poke|p2|Urshifu-*, L50, M|\n|poke|p2|Iron Hands, L50|\n|poke|p2|Flutter Mane, L50|\n|poke|p2|Tornadus, L50, M|\n|poke|p2|Chien-Pao, L50|\n|teampreview|4\n|inactive|Battle timer is ON: inactive players will automatically lose when time's up. (requested by Scalonetapibe)\n|inactiveoff|Battle timer is now OFF.\nScalonetapibe has agreed to open team sheets.\n|inactive|Battle timer is ON: inactive players will automatically lose when time's up. (requested by neverword77)\nneverword77 has agreed to open team sheets.\n|showteam|p1|Gholdengo||Leftovers|GoodasGold|MakeItRain,NastyPlot,ShadowBall,Protect||||||50|,,,,,Dragon]Iron Hands||AssaultVest|QuarkDrive|FakeOut,HeavySlam,WildCharge,DrainPunch||||||50|,,,,,Water]Amoonguss||SitrusBerry|Regenerator|Spore,RagePowder,PollenPuff,Protect|||F|||50|,,,,,Water]Iron Bundle||BoosterEnergy|QuarkDrive|IcyWind,FreezeDry,HydroPump,Protect||||||50|,,,,,Ghost]Pelipper||FocusSash|Drizzle|Hurricane,WeatherBall,Protect,WideGuard|||F|||50|,,,,,Flying]Salamence||ChoiceScarf|Intimidate|Hurricane,DracoMeteor,Tailwind,AirSlash|||M|||50|,,,,,Flying\n|showteam|p2|Arcanine-Hisui||LoadedDice|Intimidate|FlareBlitz,ExtremeSpeed,RockBlast,Protect|||M|||50|,,,,,Grass]Urshifu-Rapid-Strike||MysticWater|UnseenFist|SurgingStrikes,CloseCombat,Protect,AquaJet|||M|||50|,,,,,Water]Iron Hands||AssaultVest|QuarkDrive|FakeOut,HeavySlam,DrainPunch,ThunderPunch||||||50|,,,,,Grass]Flutter Mane||BoosterEnergy|Protosynthesis|DazzlingGleam,Protect,ShadowBall,EnergyBall||||||50|,,,,,Fairy]Tornadus||CovertCloak|Prankster|Taunt,Tailwind,BleakwindStorm,Protect|||M|||50|,,,,,Flying]Chien-Pao||LifeOrb|SwordofRuin|SuckerPunch,SacredSword,IcicleCrash,Protect||||||50|,,,,,Ghost\n|\n|t:|1699829072\n|start\n|switch|p1a: Iron Hands|Iron Hands, L50|100\/100\n|switch|p1b: Iron Bundle|Iron Bundle, L50|100\/100\n|switch|p2a: Iron Hands|Iron Hands, L50|100\/100\n|switch|p2b: Flutter Mane|Flutter Mane, L50|100\/100\n|-enditem|p2b: Flutter Mane|Booster Energy\n|-activate|p2b: Flutter Mane|ability: Protosynthesis|[fromitem]\n|-start|p2b: Flutter Mane|protosynthesisspe\n|-enditem|p1b: Iron Bundle|Booster Energy\n|-activate|p1b: Iron Bundle|ability: Quark Drive|[fromitem]\n|-start|p1b: Iron Bundle|quarkdrivespe\n|turn|1\n|inactive|Scalonetapibe has 30 seconds left.\n|inactive|neverword77 has 30 seconds left.\n|inactive|Scalonetapibe has 20 seconds left.\n|inactive|Scalonetapibe has 15 seconds left.\n|\n|t:|1699829115\n|move|p1b: Iron Bundle|Protect|p1b: Iron Bundle\n|-singleturn|p1b: Iron Bundle|Protect\n|move|p2a: Iron Hands|Fake Out|p1a: Iron Hands\n|-damage|p1a: Iron Hands|90\/100\n|move|p2b: Flutter Mane|Dazzling Gleam|p1b: Iron Bundle|[spread] p1a\n|-activate|p1b: Iron Bundle|move: Protect\n|-supereffective|p1a: Iron Hands\n|-damage|p1a: Iron Hands|58\/100\n|cant|p1a: Iron Hands|flinch\n|\n|upkeep\n|turn|2\n|inactive|Scalonetapibe has 30 seconds left.\n|inactive|neverword77 has 30 seconds left.\n|inactive|neverword77 has 20 seconds left.\n|inactive|neverword77 has 15 seconds left.\n|\n|t:|1699829156\n|-terastallize|p1b: Iron Bundle|Ghost\n|move|p2b: Flutter Mane|Protect|p2b: Flutter Mane\n|-singleturn|p2b: Flutter Mane|Protect\n|move|p1b: Iron Bundle|Hydro Pump|p2a: Iron Hands\n|-damage|p2a: Iron Hands|71\/100\n|move|p1a: Iron Hands|Heavy Slam|p2b: Flutter Mane\n|-activate|p2b: Flutter Mane|move: Protect\n|move|p2a: Iron Hands|Drain Punch|p1a: Iron Hands\n|-damage|p1a: Iron Hands|25\/100\n|-heal|p2a: Iron Hands|86\/100|[from] drain|[of] p1a: Iron Hands\n|\n|upkeep\n|turn|3\n|inactive|Scalonetapibe has 30 seconds left.\n|inactive|neverword77 has 30 seconds left.\n|\n|t:|1699829185\n|move|p1b: Iron Bundle|Protect|p1b: Iron Bundle\n|-singleturn|p1b: Iron Bundle|Protect\n|move|p2b: Flutter Mane|Dazzling Gleam|p1b: Iron Bundle|[spread] p1a\n|-activate|p1b: Iron Bundle|move: Protect\n|-supereffective|p1a: Iron Hands\n|-damage|p1a: Iron Hands|0 fnt\n|faint|p1a: Iron Hands\n|-end|p1a: Iron Hands|Quark Drive|[silent]\n|move|p2a: Iron Hands|Drain Punch|p1b: Iron Bundle\n|-activate|p1b: Iron Bundle|move: Protect\n|\n|upkeep\n|\n|t:|1699829187\n|switch|p1a: Gholdengo|Gholdengo, L50|100\/100\n|turn|4\n|inactive|neverword77 has 30 seconds left.\n|inactive|neverword77 has 20 seconds left.\n|inactive|neverword77 has 15 seconds left.\n|\n|t:|1699829232\n|move|p2b: Flutter Mane|Shadow Ball|p1b: Iron Bundle\n|-supereffective|p1b: Iron Bundle\n|-damage|p1b: Iron Bundle|0 fnt\n|faint|p1b: Iron Bundle\n|-end|p1b: Iron Bundle|Quark Drive|[silent]\n|move|p1a: Gholdengo|Make It Rain|p2a: Iron Hands|[spread] p2a,p2b\n|-resisted|p2a: Iron Hands\n|-supereffective|p2b: Flutter Mane\n|-damage|p2a: Iron Hands|72\/100\n|-damage|p2b: Flutter Mane|0 fnt\n|-unboost|p1a: Gholdengo|spa|1\n|faint|p2b: Flutter Mane\n|-end|p2b: Flutter Mane|Protosynthesis|[silent]\n|move|p2a: Iron Hands|Thunder Punch|p1a: Gholdengo\n|-damage|p1a: Gholdengo|57\/100\n|\n|-heal|p1a: Gholdengo|63\/100|[from] item: Leftovers\n|upkeep\n|inactive|neverword77 has 30 seconds left.\n|\n|t:|1699829262\n|switch|p2b: Urshifu|Urshifu-Rapid-Strike, L50, M|100\/100\n|switch|p1b: Salamence|Salamence, L50, M|100\/100\n|-ability|p1b: Salamence|Intimidate|boost\n|-unboost|p2a: Iron Hands|atk|1\n|-unboost|p2b: Urshifu|atk|1\n|turn|5\n|\n|t:|1699829282\n|move|p1b: Salamence|Hurricane|p2b: Urshifu\n|-supereffective|p2b: Urshifu\n|-damage|p2b: Urshifu|0 fnt\n|faint|p2b: Urshifu\n|move|p1a: Gholdengo|Nasty Plot|p1a: Gholdengo\n|-boost|p1a: Gholdengo|spa|2\n|move|p2a: Iron Hands|Thunder Punch|p1b: Salamence\n|-damage|p1b: Salamence|60\/100\n|\n|-heal|p1a: Gholdengo|69\/100|[from] item: Leftovers\n|upkeep\n|\n|t:|1699829292\n|switch|p2b: Chien-Pao|Chien-Pao, L50|100\/100\n|-ability|p2b: Chien-Pao|Sword of Ruin\n|turn|6\n|inactive|neverword77 has 30 seconds left.\n|inactive|neverword77 has 20 seconds left.\n|inactive|neverword77 has 15 seconds left.\n|inactive|neverword77 has 10 seconds left.\n|inactive|neverword77 has 5 seconds left.\n|\n|t:|1699829343\n|move|p1a: Gholdengo|Protect|p1a: Gholdengo\n|-singleturn|p1a: Gholdengo|Protect\n|move|p1b: Salamence|Hurricane|p2a: Iron Hands|[miss]\n|-miss|p1b: Salamence|p2a: Iron Hands\n|move|p2b: Chien-Pao|Icicle Crash|p1a: Gholdengo\n|-activate|p1a: Gholdengo|move: Protect\n|move|p2a: Iron Hands|Thunder Punch|p1a: Gholdengo\n|-activate|p1a: Gholdengo|move: Protect\n|\n|-heal|p1a: Gholdengo|75\/100|[from] item: Leftovers\n|upkeep\n|turn|7\n|inactive|neverword77 has 30 seconds left.\n|inactive|neverword77 has 20 seconds left.\n|inactive|neverword77 has 15 seconds left.\n|inactive|neverword77 has 10 seconds left.\n|\n|t:|1699829388\n|-terastallize|p2b: Chien-Pao|Ghost\n|move|p2b: Chien-Pao|Sucker Punch||[still]\n|-fail|p2b: Chien-Pao\n|move|p1b: Salamence|Hurricane|p2b: Chien-Pao|[miss]\n|-miss|p1b: Salamence|p2b: Chien-Pao\n|move|p1a: Gholdengo|Nasty Plot|p1a: Gholdengo\n|-boost|p1a: Gholdengo|spa|2\n|move|p2a: Iron Hands|Thunder Punch|p1a: Gholdengo\n|-damage|p1a: Gholdengo|34\/100\n|\n|-heal|p1a: Gholdengo|40\/100|[from] item: Leftovers\n|upkeep\n|turn|8\n|inactive|neverword77 has 30 seconds left.\n|\n|t:|1699829419\n|move|p2b: Chien-Pao|Protect|p2b: Chien-Pao\n|-singleturn|p2b: Chien-Pao|Protect\n|move|p1a: Gholdengo|Protect|p1a: Gholdengo\n|-singleturn|p1a: Gholdengo|Protect\n|move|p1b: Salamence|Hurricane|p2b: Chien-Pao\n|-activate|p2b: Chien-Pao|move: Protect\n|move|p2a: Iron Hands|Thunder Punch|p1a: Gholdengo\n|-activate|p1a: Gholdengo|move: Protect\n|\n|-heal|p1a: Gholdengo|46\/100|[from] item: Leftovers\n|upkeep\n|turn|9\n|inactive|neverword77 has 30 seconds left.\n|\n|t:|1699829446\n|move|p2b: Chien-Pao|Sucker Punch||[still]\n|-fail|p2b: Chien-Pao\n|move|p1b: Salamence|Hurricane|p2b: Chien-Pao\n|-crit|p2b: Chien-Pao\n|-damage|p2b: Chien-Pao|0 fnt\n|faint|p2b: Chien-Pao\n|move|p1a: Gholdengo|Nasty Plot|p1a: Gholdengo\n|-boost|p1a: Gholdengo|spa|2\n|move|p2a: Iron Hands|Thunder Punch|p1b: Salamence\n|-damage|p1b: Salamence|23\/100\n|\n|-heal|p1a: Gholdengo|52\/100|[from] item: Leftovers\n|upkeep\n|turn|10\n|\n|t:|1699829467\n|move|p1b: Salamence|Hurricane|p2a: Iron Hands\n|-damage|p2a: Iron Hands|43\/100\n|move|p1a: Gholdengo|Shadow Ball|p2a: Iron Hands\n|-damage|p2a: Iron Hands|0 fnt\n|faint|p2a: Iron Hands\n|-end|p2a: Iron Hands|Quark Drive|[silent]\n|\n|win|Scalonetapibe\n|c|\u2606neverword77|gg\n|c|\u2606Scalonetapibe|gg\n|c|\u2606neverword77|quedate con las repes gg\n|l|\u2606neverword77\n","uploadtime":1699829557,"views":26,"p1id":"scalonetapibe","p2id":"neverword77","formatid":"gen9vgc2023regulatione","rating":0,"private":0,"password":""}