{"id":"gen9vgc2023regulatione-1996190334","p1":"CaltonD","p2":"lorenzoGarpez","format":"[Gen 9] VGC 2023 Regulation E","log":"|j|\u2606CaltonD\n|j|\u2606lorenzoGarpez\n|t:|1700657118\n|gametype|doubles\n|player|p1|CaltonD|170|1250\n|player|p2|lorenzoGarpez|101|1295\n|teamsize|p1|6\n|teamsize|p2|6\n|gen|9\n|tier|[Gen 9] VGC 2023 Regulation E\n|rated|\n|rule|Species Clause: Limit one of each Pok\u00e9mon\n|rule|Item Clause: Limit one of each item\n|clearpoke\n|poke|p1|Ogerpon-Cornerstone, L50, F|\n|poke|p1|Dusclops, L50, M|\n|poke|p1|Spectrier, L50|\n|poke|p1|Iron Hands, L50|\n|poke|p1|Rillaboom, L50, M|\n|poke|p1|Heatran, L50, M|\n|poke|p2|Okidogi, L50, M|\n|poke|p2|Indeedee-F, L50, F|\n|poke|p2|Landorus-Therian, L50, M|\n|poke|p2|Flutter Mane, L50|\n|poke|p2|Tornadus, L50, M|\n|poke|p2|Roaring Moon, L50|\n|teampreview|4\n|c|\u2606CaltonD|Glhf\n|\n|t:|1700657181\n|start\n|switch|p1a: Spectrier|Spectrier, L50|100\/100\n|switch|p1b: Ogerpon|Ogerpon-Cornerstone, L50, F|100\/100\n|switch|p2a: Roaring Moon|Roaring Moon, L50|100\/100\n|switch|p2b: Flutter Mane|Flutter Mane, L50|100\/100\n|-enditem|p2a: Roaring Moon|Booster Energy\n|-activate|p2a: Roaring Moon|ability: Protosynthesis|[fromitem]\n|-start|p2a: Roaring Moon|protosynthesisspe\n|turn|1\n|\n|t:|1700657208\n|move|p2a: Roaring Moon|Tailwind|p2a: Roaring Moon\n|-sidestart|p2: lorenzoGarpez|move: Tailwind\n|move|p2b: Flutter Mane|Shadow Ball|p1a: Spectrier\n|-supereffective|p1a: Spectrier\n|-damage|p1a: Spectrier|0 fnt\n|faint|p1a: Spectrier\n|move|p1b: Ogerpon|Ivy Cudgel|p2b: Flutter Mane|[anim] Ivy Cudgel Rock\n|-damage|p2b: Flutter Mane|0 fnt\n|faint|p2b: Flutter Mane\n|-end|p2b: Flutter Mane|Protosynthesis|[silent]\n|\n|upkeep\n|\n|t:|1700657223\n|switch|p2b: Okidogi|Okidogi, L50, M|100\/100\n|switch|p1a: Dusclops|Dusclops, L50, M, shiny|100\/100\n|-item|p2b: Okidogi|Leftovers|[from] ability: Frisk|[of] p1a: Dusclops|[identify]\n|turn|2\n|\n|t:|1700657244\n|move|p1b: Ogerpon|Follow Me|p1b: Ogerpon\n|-singleturn|p1b: Ogerpon|move: Follow Me\n|move|p2a: Roaring Moon|Knock Off|p1b: Ogerpon\n|-damage|p1b: Ogerpon|68\/100\n|move|p2b: Okidogi|Bulk Up|p2b: Okidogi\n|-boost|p2b: Okidogi|atk|1\n|-boost|p2b: Okidogi|def|1\n|move|p1a: Dusclops|Trick Room|p1a: Dusclops\n|-fieldstart|move: Trick Room|[of] p1a: Dusclops\n|\n|upkeep\n|turn|3\n|\n|t:|1700657281\n|-end|p2a: Roaring Moon|Protosynthesis|[silent]\n|switch|p2a: Landorus|Landorus-Therian, L50, M|100\/100\n|-ability|p2a: Landorus|Intimidate|boost\n|-unboost|p1a: Dusclops|atk|1\n|-unboost|p1b: Ogerpon|atk|1\n|move|p2b: Okidogi|Protect|p2b: Okidogi\n|-singleturn|p2b: Okidogi|Protect\n|move|p1a: Dusclops|Will-O-Wisp|p2a: Landorus\n|-status|p2a: Landorus|brn\n|move|p1b: Ogerpon|Ivy Cudgel|p2a: Landorus|[anim] Ivy Cudgel Rock\n|-damage|p2a: Landorus|59\/100 brn\n|\n|-damage|p2a: Landorus|54\/100 brn|[from] brn\n|upkeep\n|turn|4\n|\n|t:|1700657316\n|-terastallize|p2b: Okidogi|Fire\n|move|p1a: Dusclops|Will-O-Wisp|p2b: Okidogi|[miss]\n|-miss|p1a: Dusclops|p2b: Okidogi\n|move|p1b: Ogerpon|Ivy Cudgel|p2a: Landorus|[anim] Ivy Cudgel Rock\n|-crit|p2a: Landorus\n|-damage|p2a: Landorus|0 fnt\n|faint|p2a: Landorus\n|move|p2b: Okidogi|Drain Punch|p1b: Ogerpon\n|-supereffective|p1b: Ogerpon\n|-damage|p1b: Ogerpon|0 fnt\n|faint|p1b: Ogerpon\n|\n|-sideend|p2: lorenzoGarpez|move: Tailwind\n|upkeep\n|\n|t:|1700657331\n|switch|p1b: Iron Hands|Iron Hands, L50, shiny|100\/100\n|switch|p2a: Roaring Moon|Roaring Moon, L50|100\/100\n|-enditem|p1b: Iron Hands|Booster Energy\n|-activate|p1b: Iron Hands|ability: Quark Drive|[fromitem]\n|-start|p1b: Iron Hands|quarkdriveatk\n|turn|5\n|\n|t:|1700657344\n|move|p2b: Okidogi|Protect|p2b: Okidogi\n|-singleturn|p2b: Okidogi|Protect\n|move|p2a: Roaring Moon|Protect|p2a: Roaring Moon\n|-singleturn|p2a: Roaring Moon|Protect\n|move|p1b: Iron Hands|Fake Out|p2a: Roaring Moon\n|-activate|p2a: Roaring Moon|move: Protect\n|move|p1a: Dusclops|Will-O-Wisp|p2a: Roaring Moon\n|-activate|p2a: Roaring Moon|move: Protect\n|\n|upkeep\n|turn|6\n|\n|t:|1700657381\n|move|p1a: Dusclops|Will-O-Wisp|p2a: Roaring Moon\n|-status|p2a: Roaring Moon|brn\n|move|p1b: Iron Hands|Drain Punch|p2b: Okidogi\n|-damage|p2b: Okidogi|63\/100\n|move|p2b: Okidogi|Bulk Up|p2b: Okidogi\n|-boost|p2b: Okidogi|atk|1\n|-boost|p2b: Okidogi|def|1\n|move|p2a: Roaring Moon|Knock Off|p1a: Dusclops\n|-supereffective|p1a: Dusclops\n|-damage|p1a: Dusclops|69\/100\n|-enditem|p1a: Dusclops|Eviolite|[from] move: Knock Off|[of] p2a: Roaring Moon\n|\n|-heal|p2b: Okidogi|69\/100|[from] item: Leftovers\n|-damage|p2a: Roaring Moon|94\/100 brn|[from] brn\n|-fieldend|move: Trick Room\n|upkeep\n|turn|7\n|\n|t:|1700657408\n|move|p2a: Roaring Moon|Acrobatics|p1b: Iron Hands\n|-damage|p1b: Iron Hands|88\/100\n|move|p2b: Okidogi|Drain Punch|p1b: Iron Hands\n|-damage|p1b: Iron Hands|43\/100\n|-heal|p2b: Okidogi|100\/100|[from] drain|[of] p1b: Iron Hands\n|move|p1b: Iron Hands|Drain Punch|p2a: Roaring Moon\n|-supereffective|p2a: Roaring Moon\n|-damage|p2a: Roaring Moon|0 fnt\n|-heal|p1b: Iron Hands|78\/100|[from] drain|[of] p2a: Roaring Moon\n|faint|p2a: Roaring Moon\n|-end|p2a: Roaring Moon|Protosynthesis|[silent]\n|move|p1a: Dusclops|Trick Room|p1a: Dusclops\n|-fieldstart|move: Trick Room|[of] p1a: Dusclops\n|\n|upkeep\n|turn|8\n|\n|t:|1700657433\n|move|p2b: Okidogi|Protect|p2b: Okidogi\n|-singleturn|p2b: Okidogi|Protect\n|move|p1a: Dusclops|Pain Split|p2b: Okidogi\n|-activate|p2b: Okidogi|move: Protect\n|move|p1b: Iron Hands|Drain Punch|p2b: Okidogi\n|-activate|p2b: Okidogi|move: Protect\n|\n|upkeep\n|turn|9\n|\n|t:|1700657445\n|move|p1a: Dusclops|Pain Split|p2b: Okidogi\n|-sethp|p2b: Okidogi|72\/100|[from] move: Pain Split|[silent]\n|-sethp|p1a: Dusclops|100\/100|[from] move: Pain Split\n|move|p1b: Iron Hands|Drain Punch|p2b: Okidogi\n|-damage|p2b: Okidogi|47\/100\n|-heal|p1b: Iron Hands|86\/100|[from] drain|[of] p2b: Okidogi\n|move|p2b: Okidogi|Drain Punch|p1b: Iron Hands\n|-damage|p1b: Iron Hands|40\/100\n|-heal|p2b: Okidogi|81\/100|[from] drain|[of] p1b: Iron Hands\n|\n|-heal|p2b: Okidogi|87\/100|[from] item: Leftovers\n|upkeep\n|turn|10\n|\n|t:|1700657480\n|move|p2b: Okidogi|Protect|p2b: Okidogi\n|-singleturn|p2b: Okidogi|Protect\n|move|p1a: Dusclops|Night Shade|p2b: Okidogi\n|-activate|p2b: Okidogi|move: Protect\n|move|p1b: Iron Hands|Wild Charge|p2b: Okidogi\n|-activate|p2b: Okidogi|move: Protect\n|\n|-heal|p2b: Okidogi|93\/100|[from] item: Leftovers\n|upkeep\n|turn|11\n|\n|t:|1700657502\n|move|p1a: Dusclops|Night Shade|p2b: Okidogi\n|-damage|p2b: Okidogi|65\/100\n|move|p1b: Iron Hands|Wild Charge|p2b: Okidogi\n|-damage|p2b: Okidogi|35\/100\n|-damage|p1b: Iron Hands|35\/100|[from] Recoil\n|move|p2b: Okidogi|Drain Punch|p1b: Iron Hands\n|-damage|p1b: Iron Hands|0 fnt\n|-heal|p2b: Okidogi|60\/100|[from] drain|[of] p1b: Iron Hands\n|faint|p1b: Iron Hands\n|-end|p1b: Iron Hands|Quark Drive|[silent]\n|\n|-heal|p2b: Okidogi|66\/100|[from] item: Leftovers\n|-fieldend|move: Trick Room\n|upkeep\n|turn|12\n|\n|t:|1700657530\n|move|p2b: Okidogi|Poison Jab|p1a: Dusclops\n|-resisted|p1a: Dusclops\n|-damage|p1a: Dusclops|63\/100\n|move|p1a: Dusclops|Trick Room|p1a: Dusclops\n|-fieldstart|move: Trick Room|[of] p1a: Dusclops\n|\n|-heal|p2b: Okidogi|72\/100|[from] item: Leftovers\n|upkeep\n|turn|13\n|\n|t:|1700657545\n|move|p2b: Okidogi|Protect|p2b: Okidogi\n|-singleturn|p2b: Okidogi|Protect\n|move|p1a: Dusclops|Pain Split|p2b: Okidogi\n|-activate|p2b: Okidogi|move: Protect\n|\n|-heal|p2b: Okidogi|78\/100|[from] item: Leftovers\n|upkeep\n|turn|14\n|\n|t:|1700657558\n|move|p1a: Dusclops|Pain Split|p2b: Okidogi\n|-sethp|p2b: Okidogi|59\/100|[from] move: Pain Split|[silent]\n|-sethp|p1a: Dusclops|92\/100|[from] move: Pain Split\n|move|p2b: Okidogi|Bulk Up|p2b: Okidogi\n|-boost|p2b: Okidogi|atk|1\n|-boost|p2b: Okidogi|def|1\n|\n|-heal|p2b: Okidogi|65\/100|[from] item: Leftovers\n|upkeep\n|turn|15\n|\n|t:|1700657569\n|move|p2b: Okidogi|Protect|p2b: Okidogi\n|-singleturn|p2b: Okidogi|Protect\n|move|p1a: Dusclops|Night Shade|p2b: Okidogi\n|-activate|p2b: Okidogi|move: Protect\n|\n|-heal|p2b: Okidogi|72\/100|[from] item: Leftovers\n|upkeep\n|turn|16\n|\n|t:|1700657578\n|move|p1a: Dusclops|Night Shade|p2b: Okidogi\n|-damage|p2b: Okidogi|44\/100\n|move|p2b: Okidogi|Poison Jab|p1a: Dusclops\n|-resisted|p1a: Dusclops\n|-damage|p1a: Dusclops|44\/100\n|\n|-heal|p2b: Okidogi|50\/100|[from] item: Leftovers\n|-fieldend|move: Trick Room\n|upkeep\n|turn|17\n|\n|t:|1700657590\n|move|p2b: Okidogi|Poison Jab|p1a: Dusclops\n|-resisted|p1a: Dusclops\n|-damage|p1a: Dusclops|0 fnt\n|faint|p1a: Dusclops\n|\n|win|lorenzoGarpez\n|raw|CaltonD's rating: 1250 &rarr; <strong>1228<\/strong><br \/>(-22 for losing)\n|raw|lorenzoGarpez's rating: 1295 &rarr; <strong>1317<\/strong><br \/>(+22 for winning)\n|c|\u2606lorenzoGarpez|gg\n|l|\u2606CaltonD\n","uploadtime":1700657773,"views":1,"p1id":"caltond","p2id":"lorenzogarpez","formatid":"gen9vgc2023regulatione","rating":1228,"private":0,"password":""}