{"id":"gen9vgc2023regulatione-1995480406","p1":"paolance","p2":"smallemon","format":"[Gen 9] VGC 2023 Regulation E","log":"|j|\u2606paolance\n|j|\u2606smallemon\n|n|\u2606paolance|paolance\n|n|\u2606smallemon|smallemon\n|html|View the match progress at <a href=\"\/game-bestof3-gen9vgc2023regulatione-1995477618\">game-bestof3-gen9vgc2023regulatione-1995477618<\/a>\n|t:|1700575487\n|gametype|doubles\n|player|p1|paolance|266|\n|player|p2|smallemon|gentleman-gen4dp|\n|teamsize|p1|6\n|teamsize|p2|6\n|gen|9\n|tier|[Gen 9] VGC 2023 Regulation E\n|rated|Tournament battle\n|rule|Species Clause: Limit one of each Pok\u00e9mon\n|rule|Item Clause: Limit one of each item\n|clearpoke\n|poke|p1|Amoonguss, L50, M|\n|poke|p1|Landorus-Therian, L50, M|\n|poke|p1|Iron Hands, L50|\n|poke|p1|Flutter Mane, L50|\n|poke|p1|Heatran, L50, F|\n|poke|p1|Chien-Pao, L50|\n|poke|p2|Ogerpon-Wellspring, L50, F|\n|poke|p2|Iron Hands, L50|\n|poke|p2|Landorus-Therian, L50, M|\n|poke|p2|Tornadus, L50, M|\n|poke|p2|Heatran, L50, F|\n|poke|p2|Flutter Mane, L50|\n|teampreview|4\n|showteam|p1|Amoonguss||RockyHelmet|Regenerator|PollenPuff,RagePowder,Spore,Protect|||M|||50|,,,,,Water]Landorus-Therian||ChoiceScarf|Intimidate|TeraBlast,Uturn,StompingTantrum,RockSlide|||M|||50|,,,,,Flying]Iron Hands||AssaultVest|QuarkDrive|FakeOut,WildCharge,DrainPunch,HeavySlam||||||50|,,,,,Water]Flutter Mane||BoosterEnergy|Protosynthesis|Moonblast,ShadowBall,DazzlingGleam,Protect||||||50|,,,,,Fairy]Heatran||Leftovers|FlashFire|MagmaStorm,FlashCannon,EarthPower,Protect|||F|||50|,,,,,Grass]Chien-Pao||FocusSash|SwordofRuin|IcicleCrash,SuckerPunch,SacredSword,Protect||||||50|,,,,,Ghost\n|showteam|p2|Ogerpon-Wellspring||WellspringMask|WaterAbsorb|IvyCudgel,HornLeech,FollowMe,SpikyShield|||F|||50|,,,,,Water]Iron Hands||AssaultVest|QuarkDrive|WildCharge,FakeOut,DrainPunch,HeavySlam||||||50|,,,,,Water]Landorus-Therian||ChoiceScarf|Intimidate|StompingTantrum,Uturn,RockSlide,TeraBlast|||M|||50|,,,,,Flying]Tornadus||RockyHelmet|Prankster|Tailwind,BleakwindStorm,Taunt,Protect|||M|||50|,,,,,Ghost]Heatran||Leftovers|FlashFire|Protect,EarthPower,FlashCannon,HeatWave|||F|||50|,,,,,Fairy]Flutter Mane||PixiePlate|Protosynthesis|Protect,DazzlingGleam,Moonblast,ShadowBall||||||50|,,,,,Fairy\n|c|\u2606smallemon|hey dude\n|c|\u2606paolance|?\n|c|\u2606smallemon|idk if it also happens\n|c|\u2606smallemon|to u\n|c|\u2606smallemon|but this set\n|c|\u2606smallemon|i cant see any sprites\n|c|\u2606smallemon|like\n|c|\u2606smallemon|i gotta check the names\n|c|\u2606paolance|i think its u\n|c|\u2606smallemon|to figure\n|c|\u2606paolance|not me mine is fine\n|c|\u2606smallemon|oh\n|c|\u2606smallemon|pl\n|c|\u2606smallemon|ok\n|c|\u2606smallemon|like\n|c|\u2606smallemon|i played\n|c|\u2606smallemon|rand bats\n|c|\u2606smallemon|and its aight\n|c|\u2606smallemon|ok\n|c|\u2606paolance|i cant help that sorry\n|\n|t:|1700575573\n|start\n|switch|p1a: Landorus|Landorus-Therian, L50, M, shiny|100\/100\n|switch|p1b: Chien-Pao|Chien-Pao, L50|100\/100\n|switch|p2a: Landorus|Landorus-Therian, L50, M|100\/100\n|switch|p2b: Ogerpon|Ogerpon-Wellspring, L50, F|100\/100\n|-ability|p1a: Landorus|Intimidate|boost\n|-unboost|p2a: Landorus|atk|1\n|-unboost|p2b: Ogerpon|atk|1\n|-ability|p2a: Landorus|Intimidate|boost\n|-unboost|p1a: Landorus|atk|1\n|-unboost|p1b: Chien-Pao|atk|1\n|-ability|p1b: Chien-Pao|Sword of Ruin\n|turn|1\n|j| bloodcurseuk\n|\n|t:|1700575602\n|switch|p1b: Iron Hands|Iron Hands, L50|100\/100\n|move|p2b: Ogerpon|Spiky Shield|p2b: Ogerpon\n|-singleturn|p2b: Ogerpon|move: Protect\n|move|p1a: Landorus|U-turn|p2a: Landorus\n|-resisted|p2a: Landorus\n|-damage|p2a: Landorus|92\/100\n|\n|t:|1700575610\n|switch|p1a: Heatran|Heatran, L50, F, shiny|100\/100|[from] U-turn\n|move|p2a: Landorus|U-turn|p1b: Iron Hands\n|-resisted|p1b: Iron Hands\n|-damage|p1b: Iron Hands|95\/100\n|\n|t:|1700575625\n|switch|p2a: Flutter Mane|Flutter Mane, L50|100\/100|[from] U-turn\n|\n|upkeep\n|turn|2\n|\n|t:|1700575649\n|switch|p2b: Landorus|Landorus-Therian, L50, M|92\/100\n|-ability|p2b: Landorus|Intimidate|boost\n|-unboost|p1a: Heatran|atk|1\n|-unboost|p1b: Iron Hands|atk|1\n|move|p2a: Flutter Mane|Protect|p2a: Flutter Mane\n|-singleturn|p2a: Flutter Mane|Protect\n|move|p1a: Heatran|Magma Storm|p2b: Landorus\n|-damage|p2b: Landorus|30\/100\n|-activate|p2b: Landorus|move: Magma Storm|[of] p1a: Heatran\n|move|p1b: Iron Hands|Heavy Slam|p2a: Flutter Mane\n|-activate|p2a: Flutter Mane|move: Protect\n|\n|-damage|p2b: Landorus|18\/100|[from] move: Magma Storm|[partiallytrapped]\n|upkeep\n|turn|3\n|\n|t:|1700575670\n|-end|p2a: Flutter Mane|Protosynthesis|[silent]\n|switch|p2a: Heatran|Heatran, L50, F|100\/100\n|-end|p1b: Iron Hands|Quark Drive|[silent]\n|switch|p1b: Landorus|Landorus-Therian, L50, M, shiny|100\/100\n|-ability|p1b: Landorus|Intimidate|boost\n|-unboost|p2a: Heatran|atk|1\n|-unboost|p2b: Landorus|atk|1\n|move|p1a: Heatran|Protect|p1a: Heatran\n|-singleturn|p1a: Heatran|Protect\n|move|p2b: Landorus|Stomping Tantrum|p1b: Landorus\n|-immune|p1b: Landorus\n|\n|-damage|p2b: Landorus|6\/100|[from] move: Magma Storm|[partiallytrapped]\n|upkeep\n|turn|4\n|\n|t:|1700575695\n|-terastallize|p1a: Heatran|Grass\n|-terastallize|p2a: Heatran|Fairy\n|move|p1b: Landorus|U-turn|p2b: Landorus\n|-resisted|p2b: Landorus\n|-damage|p2b: Landorus|0 fnt\n|faint|p2b: Landorus\n|\n|t:|1700575699\n|switch|p1b: Iron Hands|Iron Hands, L50|95\/100|[from] U-turn\n|move|p1a: Heatran|Earth Power|p2a: Heatran\n|-damage|p2a: Heatran|69\/100\n|move|p2a: Heatran|Flash Cannon|p1b: Iron Hands\n|-resisted|p1b: Iron Hands\n|-damage|p1b: Iron Hands|83\/100\n|\n|-heal|p2a: Heatran|75\/100|[from] item: Leftovers\n|upkeep\n|\n|t:|1700575709\n|switch|p2b: Flutter Mane|Flutter Mane, L50|100\/100\n|turn|5\n|\n|t:|1700575723\n|move|p2b: Flutter Mane|Moonblast|p1a: Heatran\n|-damage|p1a: Heatran|46\/100\n|-unboost|p1a: Heatran|spa|1\n|move|p2a: Heatran|Flash Cannon|p1a: Heatran\n|-damage|p1a: Heatran|5\/100\n|move|p1a: Heatran|Magma Storm|p2b: Flutter Mane|[miss]\n|-miss|p1a: Heatran|p2b: Flutter Mane\n|move|p1b: Iron Hands|Heavy Slam|p2b: Flutter Mane\n|-supereffective|p2b: Flutter Mane\n|-damage|p2b: Flutter Mane|0 fnt\n|faint|p2b: Flutter Mane\n|-end|p2b: Flutter Mane|Protosynthesis|[silent]\n|\n|-heal|p1a: Heatran|11\/100|[from] item: Leftovers\n|-heal|p2a: Heatran|81\/100|[from] item: Leftovers\n|upkeep\n|\n|t:|1700575735\n|switch|p2b: Ogerpon|Ogerpon-Wellspring, L50, F|100\/100\n|turn|6\n|\n|t:|1700575750\n|move|p2b: Ogerpon|Horn Leech|p1a: Heatran\n|-resisted|p1a: Heatran\n|-damage|p1a: Heatran|0 fnt\n|faint|p1a: Heatran\n|move|p2a: Heatran|Earth Power|p1b: Iron Hands\n|-supereffective|p1b: Iron Hands\n|-damage|p1b: Iron Hands|45\/100\n|move|p1b: Iron Hands|Wild Charge|p2a: Heatran\n|-damage|p2a: Heatran|33\/100\n|-damage|p1b: Iron Hands|36\/100|[from] Recoil\n|\n|-heal|p2a: Heatran|39\/100|[from] item: Leftovers\n|upkeep\n|\n|t:|1700575754\n|switch|p1a: Chien-Pao|Chien-Pao, L50|100\/100\n|-ability|p1a: Chien-Pao|Sword of Ruin\n|turn|7\n|inactive|Battle timer is ON: inactive players will automatically lose when time's up. (requested by paolance)\n|\n|t:|1700575787\n|move|p2a: Heatran|Protect|p2a: Heatran\n|-singleturn|p2a: Heatran|Protect\n|move|p1a: Chien-Pao|Icicle Crash|p2a: Heatran\n|-activate|p2a: Heatran|move: Protect\n|move|p2b: Ogerpon|Ivy Cudgel|p1b: Iron Hands|[anim] Ivy Cudgel Water\n|-crit|p1b: Iron Hands\n|-damage|p1b: Iron Hands|0 fnt\n|faint|p1b: Iron Hands\n|-end|p1b: Iron Hands|Quark Drive|[silent]\n|\n|-heal|p2a: Heatran|45\/100|[from] item: Leftovers\n|upkeep\n|\n|t:|1700575790\n|switch|p1b: Landorus|Landorus-Therian, L50, M, shiny|100\/100\n|-ability|p1b: Landorus|Intimidate|boost\n|-unboost|p2a: Heatran|atk|1\n|-unboost|p2b: Ogerpon|atk|1\n|turn|8\n|inactive|smallemon has 30 seconds left.\n|inactive|smallemon has 20 seconds left.\n|\n|t:|1700575827\n|move|p1b: Landorus|U-turn|p2a: Heatran\n|-resisted|p2a: Heatran\n|-damage|p2a: Heatran|29\/100\n|move|p1a: Chien-Pao|Icicle Crash|p2a: Heatran\n|-damage|p2a: Heatran|0 fnt\n|faint|p2a: Heatran\n|move|p2b: Ogerpon|Ivy Cudgel|p1b: Landorus|[anim] Ivy Cudgel Water\n|-supereffective|p1b: Landorus\n|-damage|p1b: Landorus|0 fnt\n|faint|p1b: Landorus\n|\n|upkeep\n|turn|9\n|\n|t:|1700575841\n|move|p2b: Ogerpon|Spiky Shield|p2b: Ogerpon\n|-singleturn|p2b: Ogerpon|move: Protect\n|move|p1a: Chien-Pao|Icicle Crash|p2b: Ogerpon\n|-activate|p2b: Ogerpon|move: Protect\n|\n|upkeep\n|turn|10\n|\n|t:|1700575847\n|move|p1a: Chien-Pao|Icicle Crash|p2b: Ogerpon\n|-damage|p2b: Ogerpon|23\/100\n|move|p2b: Ogerpon|Horn Leech|p1a: Chien-Pao\n|-damage|p1a: Chien-Pao|62\/100\n|-heal|p2b: Ogerpon|42\/100|[from] drain|[of] p1a: Chien-Pao\n|\n|upkeep\n|turn|11\n|\n|t:|1700575865\n|move|p1a: Chien-Pao|Sucker Punch|p2b: Ogerpon\n|-damage|p2b: Ogerpon|0 fnt\n|faint|p2b: Ogerpon\n|\n|win|paolance\n","uploadtime":1700575868,"views":3,"p1id":"paolance","p2id":"smallemon","formatid":"gen9vgc2023regulatione","rating":0,"private":0,"password":""}