{"id":"gen9vgc2023regulatione-1994318281","p1":"Pink_SSB","p2":"rainlover78","format":"[Gen 9] VGC 2023 Regulation E","log":"|j|\u2606Pink_SSB\n|j|\u2606rainlover78\n|n|\u2606Pink_SSB|pinkssb\n|n|\u2606rainlover78|rainlover78\n|html|View the match progress at <a href=\"\/game-bestof3-gen9vgc2023regulatione-1994313802\">game-bestof3-gen9vgc2023regulatione-1994313802<\/a>\n|t:|1700430535\n|gametype|doubles\n|player|p1|Pink_SSB|1|\n|player|p2|rainlover78|n|\n|teamsize|p1|6\n|teamsize|p2|6\n|gen|9\n|tier|[Gen 9] VGC 2023 Regulation E\n|rule|Species Clause: Limit one of each Pok\u00e9mon\n|rule|Item Clause: Limit one of each item\n|clearpoke\n|poke|p1|Eiscue, L50, F|\n|poke|p1|Iron Hands, L50|\n|poke|p1|Sinistcha, L50|\n|poke|p1|Landorus-Therian, L50, M|\n|poke|p1|Heatran, L50, M|\n|poke|p1|Flutter Mane, L50|\n|poke|p2|Flutter Mane, L50|\n|poke|p2|Roaring Moon, L50|\n|poke|p2|Weezing, L50, M|\n|poke|p2|Landorus-Therian, L50, M|\n|poke|p2|Iron Hands, L50|\n|poke|p2|Ogerpon-Wellspring, L50, F|\n|teampreview|4\nrainlover78 has agreed to open team sheets.\n|inactive|Battle timer is ON: inactive players will automatically lose when time's up. (requested by Pink_SSB)\n|j| Van. Volcanucks\n|inactive|rainlover78 has 60 seconds left.\n|inactive|rainlover78 has 30 seconds left.\n|inactive|rainlover78 has 20 seconds left.\n|inactive|rainlover78 has 15 seconds left.\n|inactive|rainlover78 has 10 seconds left.\n|\n|t:|1700430639\n|start\n|switch|p1a: Tera-Ass|Heatran, L50, M|100\/100\n|switch|p1b: Uncle Lando|Landorus-Therian, L50, M|100\/100\n|switch|p2a: Landorus|Landorus-Therian, L50, M|100\/100\n|switch|p2b: Iron Hands|Iron Hands, L50|100\/100\n|-ability|p1b: Uncle Lando|Intimidate|boost\n|-unboost|p2a: Landorus|atk|1\n|-unboost|p2b: Iron Hands|atk|1\n|-ability|p2a: Landorus|Intimidate|boost\n|-unboost|p1a: Tera-Ass|atk|1\n|-unboost|p1b: Uncle Lando|atk|1\n|turn|1\n|\n|t:|1700430657\n|move|p1a: Tera-Ass|Protect|p1a: Tera-Ass\n|-singleturn|p1a: Tera-Ass|Protect\n|move|p2b: Iron Hands|Fake Out|p1b: Uncle Lando\n|-damage|p1b: Uncle Lando|89\/100\n|cant|p1b: Uncle Lando|flinch\n|move|p2a: Landorus|Stomping Tantrum|p1a: Tera-Ass\n|-activate|p1a: Tera-Ass|move: Protect\n|\n|upkeep\n|turn|2\n|\n|t:|1700430676\n|-terastallize|p1a: Tera-Ass|Grass\n|move|p1b: Uncle Lando|Stomping Tantrum|p2b: Iron Hands\n|-supereffective|p2b: Iron Hands\n|-damage|p2b: Iron Hands|22\/100\n|move|p2a: Landorus|Stomping Tantrum|p1a: Tera-Ass\n|-resisted|p1a: Tera-Ass\n|-damage|p1a: Tera-Ass|88\/100\n|move|p1a: Tera-Ass|Heat Wave|p2b: Iron Hands|[spread] p2a,p2b\n|-damage|p2a: Landorus|63\/100\n|-damage|p2b: Iron Hands|4\/100\n|move|p2b: Iron Hands|Drain Punch|p1a: Tera-Ass\n|-damage|p1a: Tera-Ass|66\/100\n|-heal|p2b: Iron Hands|13\/100|[from] drain|[of] p1a: Tera-Ass\n|\n|-heal|p1a: Tera-Ass|72\/100|[from] item: Leftovers\n|upkeep\n|turn|3\n|inactive|rainlover78 has 30 seconds left.\n|\n|t:|1700430703\n|switch|p2a: Ogerpon|Ogerpon-Wellspring, L50, F|100\/100\n|move|p1b: Uncle Lando|Stomping Tantrum|p2a: Ogerpon\n|-resisted|p2a: Ogerpon\n|-damage|p2a: Ogerpon|85\/100\n|move|p1a: Tera-Ass|Heat Wave|p2a: Ogerpon|[spread] p2a,p2b\n|-damage|p2a: Ogerpon|47\/100\n|-damage|p2b: Iron Hands|0 fnt\n|faint|p2b: Iron Hands\n|-end|p2b: Iron Hands|Quark Drive|[silent]\n|\n|-heal|p1a: Tera-Ass|78\/100|[from] item: Leftovers\n|upkeep\n|\n|t:|1700430718\n|switch|p2b: Landorus|Landorus-Therian, L50, M|63\/100\n|-ability|p2b: Landorus|Intimidate|boost\n|-unboost|p1a: Tera-Ass|atk|1\n|-unboost|p1b: Uncle Lando|atk|1\n|turn|4\n|\n|t:|1700430729\n|switch|p1b: Brian Hands|Iron Hands, L50|100\/100\n|move|p2a: Ogerpon|Spiky Shield|p2a: Ogerpon\n|-singleturn|p2a: Ogerpon|move: Protect\n|move|p1a: Tera-Ass|Protect|p1a: Tera-Ass\n|-singleturn|p1a: Tera-Ass|Protect\n|move|p2b: Landorus|U-turn|p1a: Tera-Ass\n|-activate|p1a: Tera-Ass|move: Protect\n|\n|-heal|p1a: Tera-Ass|84\/100|[from] item: Leftovers\n|upkeep\n|turn|5\n|inactive|rainlover78 has 30 seconds left.\n|\n|t:|1700430761\n|-terastallize|p2a: Ogerpon|Water\n|detailschange|p2a: Ogerpon|Ogerpon-Wellspring-Tera, L50, F, tera:Water\n|-ability|p2a: Ogerpon|Embody Aspect (Wellspring)|boost\n|-boost|p2a: Ogerpon|spd|1\n|move|p1b: Brian Hands|Fake Out|p2b: Landorus\n|-damage|p2b: Landorus|47\/100\n|cant|p2b: Landorus|flinch\n|move|p2a: Ogerpon|Ivy Cudgel|p1b: Brian Hands|[anim] Ivy Cudgel Water\n|-damage|p1b: Brian Hands|43\/100\n|move|p1a: Tera-Ass|Heat Wave|p2a: Ogerpon|[spread] p2a,p2b\n|-resisted|p2a: Ogerpon\n|-damage|p2a: Ogerpon|33\/100\n|-damage|p2b: Landorus|5\/100\n|\n|-heal|p1a: Tera-Ass|90\/100|[from] item: Leftovers\n|upkeep\n|turn|6\n|\n|t:|1700430782\n|switch|p1a: Uncle Lando|Landorus-Therian, L50, M|89\/100\n|-ability|p1a: Uncle Lando|Intimidate|boost\n|-unboost|p2a: Ogerpon|atk|1\n|-unboost|p2b: Landorus|atk|1\n|move|p2b: Landorus|U-turn|p1a: Uncle Lando\n|-resisted|p1a: Uncle Lando\n|-damage|p1a: Uncle Lando|80\/100\n|\n|t:|1700430788\n|switch|p2b: Flutter Mane|Flutter Mane, L50|100\/100|[from] U-turn\n|move|p2a: Ogerpon|Ivy Cudgel|p1b: Brian Hands|[anim] Ivy Cudgel Water\n|-damage|p1b: Brian Hands|9\/100\n|move|p1b: Brian Hands|Drain Punch|p2a: Ogerpon\n|-damage|p2a: Ogerpon|0 fnt\n|-heal|p1b: Brian Hands|21\/100|[from] drain|[of] p2a: Ogerpon\n|faint|p2a: Ogerpon\n|\n|upkeep\n|\n|t:|1700430798\n|switch|p2a: Landorus|Landorus-Therian, L50, M|5\/100\n|-ability|p2a: Landorus|Intimidate|boost\n|-unboost|p1a: Uncle Lando|atk|1\n|-unboost|p1b: Brian Hands|atk|1\n|turn|7\n|inactive|rainlover78 has 30 seconds left.\n|\n|t:|1700430828\n|-end|p1b: Brian Hands|Quark Drive|[silent]\n|switch|p1b: Tera-Ass|Heatran, L50, M, tera:Grass|90\/100\n|move|p1a: Uncle Lando|U-turn|p2a: Landorus\n|-resisted|p2a: Landorus\n|-damage|p2a: Landorus|0 fnt\n|faint|p2a: Landorus\n|\n|t:|1700430835\n|switch|p1a: Brian Hands|Iron Hands, L50|21\/100|[from] U-turn\n|move|p2b: Flutter Mane|Moonblast|p1a: Brian Hands\n|-supereffective|p1a: Brian Hands\n|-damage|p1a: Brian Hands|0 fnt\n|faint|p1a: Brian Hands\n|-end|p1a: Brian Hands|Quark Drive|[silent]\n|\n|-heal|p1b: Tera-Ass|96\/100|[from] item: Leftovers\n|upkeep\n|\n|t:|1700430839\n|switch|p1a: Uncle Lando|Landorus-Therian, L50, M|80\/100\n|-ability|p1a: Uncle Lando|Intimidate|boost\n|-unboost|p2b: Flutter Mane|atk|1\n|turn|8\n|\n|t:|1700430846\n|move|p1a: Uncle Lando|Stomping Tantrum|p2b: Flutter Mane\n|-crit|p2b: Flutter Mane\n|-damage|p2b: Flutter Mane|0 fnt\n|faint|p2b: Flutter Mane\n|-end|p2b: Flutter Mane|Protosynthesis|[silent]\n|\n|win|Pink_SSB\n|l|\u2606rainlover78\n|l| Van. Volcanucks\n","uploadtime":1700430899,"views":5,"p1id":"pinkssb","p2id":"rainlover78","formatid":"gen9vgc2023regulatione","rating":0,"private":0,"password":""}