{"id":"gen9vgc2023regulatione-2000216639","p1":"soaringinstyle","p2":"Mortivere","format":"[Gen 9] VGC 2023 Regulation E","log":"|j|\u2606soaringinstyle\n|j|\u2606Mortivere\n|t:|1701173401\n|gametype|doubles\n|player|p1|soaringinstyle|102|1307\n|player|p2|Mortivere|elesa|1413\n|teamsize|p1|6\n|teamsize|p2|6\n|gen|9\n|tier|[Gen 9] VGC 2023 Regulation E\n|rated|\n|rule|Species Clause: Limit one of each Pok\u00e9mon\n|rule|Item Clause: Limit one of each item\n|clearpoke\n|poke|p1|Sinistcha, L50|\n|poke|p1|Annihilape, L50, F|\n|poke|p1|Maushold, L50|\n|poke|p1|Chi-Yu, L50|\n|poke|p1|Iron Hands, L50|\n|poke|p1|Flutter Mane, L50|\n|poke|p2|Iron Jugulis, L50|\n|poke|p2|Weezing, L50, F|\n|poke|p2|Arcanine-Hisui, L50, F|\n|poke|p2|Iron Hands, L50|\n|poke|p2|Flutter Mane, L50|\n|poke|p2|Ogerpon-Wellspring, L50, F|\n|teampreview|4\n|inactive|Battle timer is ON: inactive players will automatically lose when time's up. (requested by Mortivere)\n|inactive|Mortivere has 60 seconds left.\n|\n|t:|1701173448\n|start\n|switch|p1a: Annihilape|Annihilape, L50, F|100\/100\n|switch|p1b: Maushold|Maushold, L50|100\/100\n|switch|p2a: Ogerpon|Ogerpon-Wellspring, L50, F|100\/100\n|switch|p2b: Iron Hands|Iron Hands, L50|100\/100\n|turn|1\n|inactive|soaringinstyle has 30 seconds left.\n|inactive|soaringinstyle has 20 seconds left.\n|\n|t:|1701173487\n|move|p1b: Maushold|Protect|p1b: Maushold\n|-singleturn|p1b: Maushold|Protect\n|move|p1a: Annihilape|Protect|p1a: Annihilape\n|-singleturn|p1a: Annihilape|Protect\n|move|p2b: Iron Hands|Fake Out|p1b: Maushold\n|-activate|p1b: Maushold|move: Protect\n|move|p2a: Ogerpon|Swords Dance|p2a: Ogerpon\n|-boost|p2a: Ogerpon|atk|2\n|\n|upkeep\n|turn|2\n|inactive|soaringinstyle has 30 seconds left.\n|inactive|Mortivere has 30 seconds left.\n|\n|t:|1701173520\n|move|p2a: Ogerpon|Ivy Cudgel|p1b: Maushold|[anim] Ivy Cudgel Water\n|-damage|p1b: Maushold|0 fnt\n|faint|p1b: Maushold\n|move|p1a: Annihilape|Rage Fist|p2a: Ogerpon\n|-damage|p2a: Ogerpon|81\/100\n|move|p2b: Iron Hands|Drain Punch|p1a: Annihilape\n|-immune|p1a: Annihilape\n|\n|upkeep\n|\n|t:|1701173532\n|switch|p1b: Iron Hands|Iron Hands, L50|100\/100\n|turn|3\n|\n|t:|1701173545\n|-end|p2b: Iron Hands|Quark Drive|[silent]\n|switch|p2b: Flutter Mane|Flutter Mane, L50|100\/100\n|move|p2a: Ogerpon|Spiky Shield|p2a: Ogerpon\n|-singleturn|p2a: Ogerpon|move: Protect\n|move|p1b: Iron Hands|Fake Out|p2a: Ogerpon\n|-activate|p2a: Ogerpon|move: Protect\n|-damage|p1b: Iron Hands|88\/100|[from] Spiky Shield|[of] p2a: Ogerpon\n|move|p1a: Annihilape|Bulk Up|p1a: Annihilape\n|-boost|p1a: Annihilape|atk|1\n|-boost|p1a: Annihilape|def|1\n|\n|upkeep\n|turn|4\n|\n|t:|1701173564\n|-terastallize|p2b: Flutter Mane|Fairy\n|move|p1a: Annihilape|Protect|p1a: Annihilape\n|-singleturn|p1a: Annihilape|Protect\n|move|p2b: Flutter Mane|Dazzling Gleam|p1a: Annihilape|[spread] p1b\n|-activate|p1a: Annihilape|move: Protect\n|-supereffective|p1b: Iron Hands\n|-damage|p1b: Iron Hands|20\/100\n|move|p2a: Ogerpon|Ivy Cudgel|p1b: Iron Hands|[anim] Ivy Cudgel Water\n|-damage|p1b: Iron Hands|0 fnt\n|faint|p1b: Iron Hands\n|-end|p1b: Iron Hands|Quark Drive|[silent]\n|\n|upkeep\n|\n|t:|1701173580\n|switch|p1b: Sinistcha|Sinistcha, L50|100\/100\n|turn|5\n|inactive|soaringinstyle has 30 seconds left.\n|inactive|soaringinstyle has 20 seconds left.\n|\n|t:|1701173619\n|-terastallize|p1a: Annihilape|Fire\n|move|p1b: Sinistcha|Rage Powder|p1b: Sinistcha\n|-singleturn|p1b: Sinistcha|move: Rage Powder\n|move|p2b: Flutter Mane|Dazzling Gleam|p1a: Annihilape|[spread] p1a,p1b\n|-resisted|p1a: Annihilape\n|-damage|p1a: Annihilape|77\/100\n|-damage|p1b: Sinistcha|48\/100\n|move|p2a: Ogerpon|Ivy Cudgel|p1a: Annihilape|[anim] Ivy Cudgel Water\n|-supereffective|p1a: Annihilape\n|-damage|p1a: Annihilape|0 fnt\n|faint|p1a: Annihilape\n|\n|upkeep\n|turn|6\n|-message|soaringinstyle forfeited.\n|\n|win|Mortivere\n|raw|soaringinstyle's rating: 1307 &rarr; <strong>1293<\/strong><br \/>(-14 for losing)\n|raw|Mortivere's rating: 1413 &rarr; <strong>1427<\/strong><br \/>(+14 for winning)\n|l|\u2606soaringinstyle\n","uploadtime":1701173637,"views":10,"p1id":"soaringinstyle","p2id":"mortivere","formatid":"gen9vgc2023regulatione","rating":1293,"private":0,"password":""}