{"id":"gen9vgc2023regulatione-1998899458","p1":"aggron zheng","p2":"tiaguitovgc","format":"[Gen 9] VGC 2023 Regulation E","log":"|j|\u2606aggron zheng\n|j|\u2606tiaguitovgc\n|t:|1701010486\n|gametype|doubles\n|player|p1|aggron zheng|102|1489\n|player|p2|tiaguitovgc|blaine|1431\n|teamsize|p1|6\n|teamsize|p2|6\n|gen|9\n|tier|[Gen 9] VGC 2023 Regulation E\n|rated|\n|rule|Species Clause: Limit one of each Pok\u00e9mon\n|rule|Item Clause: Limit one of each item\n|clearpoke\n|poke|p1|Farigiraf, L50, M|\n|poke|p1|Ursaluna-Bloodmoon, L50, M|\n|poke|p1|Ogerpon-Cornerstone, L50, F|\n|poke|p1|Iron Hands, L50|\n|poke|p1|Urshifu-*, L50, M|\n|poke|p1|Flutter Mane, L50|\n|poke|p2|Tornadus, L50, M|\n|poke|p2|Arcanine-Hisui, L50, F|\n|poke|p2|Iron Hands, L50|\n|poke|p2|Gholdengo, L50|\n|poke|p2|Urshifu-*, L50, M|\n|poke|p2|Ogerpon-Wellspring, L50, F|\n|teampreview|4\n|c|\u2606aggron zheng|glhf\naggron zheng has agreed to open team sheets.\n|c|\u2606tiaguitovgc|hf\n|c|\u2606tiaguitovgc|this is ladder\n|c|\u2606tiaguitovgc|i dont play with open\ntiaguitovgc rejected open team sheets.\n|\n|t:|1701010588\n|start\n|switch|p1a: Farigiraf|Farigiraf, L50, M|100\/100\n|switch|p1b: Urshifu|Urshifu, L50, M|100\/100\n|switch|p2a: Tornadus|Tornadus, L50, M|100\/100\n|switch|p2b: Urshifu|Urshifu-Rapid-Strike, L50, M|100\/100\n|turn|1\n|\n|t:|1701010618\n|switch|p1b: Iron Hands|Iron Hands, L50|100\/100\n|-terastallize|p2b: Urshifu|Water\n|move|p2a: Tornadus|Rain Dance|p2a: Tornadus\n|-weather|RainDance\n|move|p2b: Urshifu|Surging Strikes|p1b: Iron Hands\n|-crit|p1b: Iron Hands\n|-damage|p1b: Iron Hands|71\/100\n|-crit|p1b: Iron Hands\n|-damage|p1b: Iron Hands|43\/100\n|-crit|p1b: Iron Hands\n|-damage|p1b: Iron Hands|13\/100\n|-hitcount|p1b: Iron Hands|3\n|move|p1a: Farigiraf|Trick Room|p1a: Farigiraf\n|-fieldstart|move: Trick Room|[of] p1a: Farigiraf\n|\n|-weather|RainDance|[upkeep]\n|upkeep\n|turn|2\n|\n|t:|1701010636\n|switch|p2b: Iron Hands|Iron Hands, L50|100\/100\n|move|p1b: Iron Hands|Wild Charge|p2b: Iron Hands\n|-resisted|p2b: Iron Hands\n|-damage|p2b: Iron Hands|84\/100\n|-damage|p1b: Iron Hands|10\/100|[from] Recoil\n|move|p1a: Farigiraf|Dazzling Gleam|p2b: Iron Hands|[spread] p2a,p2b\n|-supereffective|p2b: Iron Hands\n|-damage|p2a: Tornadus|87\/100\n|-damage|p2b: Iron Hands|69\/100\n|move|p2a: Tornadus|Bleakwind Storm|p1b: Iron Hands|[spread] p1a,p1b\n|-damage|p1a: Farigiraf|75\/100\n|-damage|p1b: Iron Hands|0 fnt\n|faint|p1b: Iron Hands\n|-end|p1b: Iron Hands|Quark Drive|[silent]\n|\n|-weather|RainDance|[upkeep]\n|upkeep\n|\n|t:|1701010645\n|switch|p1b: Ursaluna|Ursaluna-Bloodmoon, L50, M|100\/100\n|turn|3\n|\n|t:|1701010655\n|-terastallize|p1b: Ursaluna|Normal\n|move|p1a: Farigiraf|Helping Hand|p1b: Ursaluna\n|-singleturn|p1b: Ursaluna|Helping Hand|[of] p1a: Farigiraf\n|move|p2b: Iron Hands|Fake Out||[still]\n|cant|p1a: Farigiraf|ability: Armor Tail|Fake Out|[of] p2b: Iron Hands\n|move|p1b: Ursaluna|Hyper Voice|p2a: Tornadus|[spread] p2a,p2b\n|-crit|p2b: Iron Hands\n|-damage|p2a: Tornadus|0 fnt\n|-damage|p2b: Iron Hands|0 fnt\n|faint|p2a: Tornadus\n|faint|p2b: Iron Hands\n|-end|p2b: Iron Hands|Quark Drive|[silent]\n|-damage|p1b: Ursaluna|91\/100|[from] item: Life Orb\n|\n|-weather|RainDance|[upkeep]\n|upkeep\n|\n|t:|1701010662\n|switch|p2b: Urshifu|Urshifu-Rapid-Strike, L50, M, tera:Water|100\/100\n|switch|p2a: Gholdengo|Gholdengo, L50|100\/100\n|turn|4\n|\n|t:|1701010681\n|move|p1b: Ursaluna|Hyper Voice|p2b: Urshifu|[spread] p2a,p2b\n|-resisted|p2a: Gholdengo\n|-damage|p2a: Gholdengo|67\/100\n|-damage|p2b: Urshifu|4\/100\n|-damage|p1b: Ursaluna|81\/100|[from] item: Life Orb\n|move|p1a: Farigiraf|Psychic|p2b: Urshifu\n|-damage|p2b: Urshifu|0 fnt\n|faint|p2b: Urshifu\n|move|p2a: Gholdengo|Nasty Plot|p2a: Gholdengo\n|-boost|p2a: Gholdengo|spa|2\n|\n|-weather|RainDance|[upkeep]\n|-heal|p2a: Gholdengo|73\/100|[from] item: Leftovers\n|upkeep\n|turn|5\n|\n|t:|1701010697\n|switch|p1a: Urshifu|Urshifu, L50, M|100\/100\n|move|p2a: Gholdengo|Protect|p2a: Gholdengo\n|-singleturn|p2a: Gholdengo|Protect\n|move|p1b: Ursaluna|Earth Power|p2a: Gholdengo\n|-activate|p2a: Gholdengo|move: Protect\n|\n|-weather|none\n|-heal|p2a: Gholdengo|79\/100|[from] item: Leftovers\n|-fieldend|move: Trick Room\n|upkeep\n|turn|6\n|\n|t:|1701010708\n|move|p1a: Urshifu|Wicked Blow|p2a: Gholdengo\n|-supereffective|p2a: Gholdengo\n|-crit|p2a: Gholdengo\n|-damage|p2a: Gholdengo|0 fnt\n|faint|p2a: Gholdengo\n|\n|win|aggron zheng\n|raw|aggron zheng's rating: 1489 &rarr; <strong>1506<\/strong><br \/>(+17 for winning)\n|raw|tiaguitovgc's rating: 1431 &rarr; <strong>1414<\/strong><br \/>(-17 for losing)\n|l|\u2606tiaguitovgc\n|c|\u2606aggron zheng|gg\n","uploadtime":1701010826,"views":14,"p1id":"aggronzheng","p2id":"tiaguitovgc","formatid":"gen9vgc2023regulatione","rating":1414,"private":0,"password":""}