{"id":"gen9vgc2023regulatione-1998598448","p1":"Prf.Anu","p2":"VersatileDieCaster","format":"[Gen 9] VGC 2023 Regulation E","log":"|j|\u2606Prf.Anu\n|j|\u2606VersatileDieCaster\n|t:|1700961165\n|gametype|doubles\n|player|p1|Prf.Anu|unknown|1170\n|player|p2|VersatileDieCaster|volkner|1074\n|teamsize|p1|6\n|teamsize|p2|6\n|gen|9\n|tier|[Gen 9] VGC 2023 Regulation E\n|rated|\n|rule|Species Clause: Limit one of each Pok\u00e9mon\n|rule|Item Clause: Limit one of each item\n|clearpoke\n|poke|p1|Indeedee-F, L50, F|\n|poke|p1|Dondozo, L50, F|\n|poke|p1|Iron Hands, L50|\n|poke|p1|Flutter Mane, L50|\n|poke|p1|Tornadus, L50, M|\n|poke|p1|Armarouge, L50, F|\n|poke|p2|Torkoal, L50, F|\n|poke|p2|Indeedee-F, L50, F|\n|poke|p2|Armarouge, L50, F|\n|poke|p2|Tornadus, L50, M|\n|poke|p2|Urshifu-*, L50, F|\n|poke|p2|Shiftry, L50, M|\n|teampreview|4\n|inactive|Battle timer is ON: inactive players will automatically lose when time's up. (requested by Prf.Anu)\nPrf.Anu rejected open team sheets.\n|inactive|Prf.Anu has 60 seconds left.\n|inactive|VersatileDieCaster has 60 seconds left.\n|\n|t:|1700961222\n|start\n|switch|p1a: Indeedee|Indeedee-F, L50, F|100\/100\n|switch|p1b: Dondozo|Dondozo, L50, F|100\/100\n|switch|p2a: Tornadus|Tornadus, L50, M|100\/100\n|switch|p2b: Urshifu|Urshifu-Rapid-Strike, L50, F|100\/100\n|-fieldstart|move: Psychic Terrain|[from] ability: Psychic Surge|[of] p1a: Indeedee\n|turn|1\n|inactive|Prf.Anu has 30 seconds left.\n|\n|t:|1700961255\n|-terastallize|p2b: Urshifu|Water\n|-terastallize|p1a: Indeedee|Psychic\n|move|p2a: Tornadus|Rain Dance|p2a: Tornadus\n|-weather|RainDance\n|move|p2b: Urshifu|Surging Strikes|p1a: Indeedee\n|-crit|p1a: Indeedee\n|-damage|p1a: Indeedee|27\/100\n|-crit|p1a: Indeedee\n|-damage|p1a: Indeedee|0 fnt\n|faint|p1a: Indeedee\n|-hitcount|p1: Indeedee|2\n|move|p1b: Dondozo|Heavy Slam|p2a: Tornadus\n|-damage|p2a: Tornadus|67\/100\n|\n|-weather|RainDance|[upkeep]\n|upkeep\n|\n|t:|1700961272\n|switch|p1a: Armarouge|Armarouge, L50, F|100\/100\n|turn|2\n|inactive|VersatileDieCaster has 30 seconds left.\n|\n|t:|1700961303\n|move|p2a: Tornadus|Tailwind|p2a: Tornadus\n|-sidestart|p2: VersatileDieCaster|move: Tailwind\n|move|p2b: Urshifu|Close Combat|p1a: Armarouge\n|-resisted|p1a: Armarouge\n|-damage|p1a: Armarouge|68\/100\n|-unboost|p2b: Urshifu|def|1\n|-unboost|p2b: Urshifu|spd|1\n|move|p1a: Armarouge|Expanding Force|p2a: Tornadus|[spread] p2a,p2b\n|-damage|p2a: Tornadus|0 fnt\n|-damage|p2b: Urshifu|0 fnt\n|faint|p2a: Tornadus\n|faint|p2b: Urshifu\n|move|p1b: Dondozo|Wave Crash|p2: Tornadus|[notarget]\n|-fail|p1b: Dondozo\n|\n|-weather|RainDance|[upkeep]\n|upkeep\n|\n|t:|1700961308\n|switch|p2a: Shiftry|Shiftry, L50, M|100\/100\n|switch|p2b: Indeedee|Indeedee-F, L50, F|100\/100\n|-ability|p2a: Shiftry|Wind Rider|boost\n|-boost|p2a: Shiftry|atk|1\n|-enditem|p2b: Indeedee|Psychic Seed\n|-boost|p2b: Indeedee|spd|1|[from] item: Psychic Seed\n|turn|3\n|inactive|Prf.Anu has 30 seconds left.\n|\n|t:|1700961338\n|move|p2b: Indeedee|Follow Me|p2b: Indeedee\n|-singleturn|p2b: Indeedee|move: Follow Me\n|move|p2a: Shiftry|Rock Slide|p1b: Dondozo|[spread] p1a\n|-miss|p2a: Shiftry|p1b: Dondozo\n|-supereffective|p1a: Armarouge\n|-damage|p1a: Armarouge|15\/100\n|move|p1a: Armarouge|Expanding Force|p2a: Shiftry|[spread] p2b\n|-immune|p2a: Shiftry\n|-resisted|p2b: Indeedee\n|-damage|p2b: Indeedee|80\/100\n|move|p1b: Dondozo|Heavy Slam|p2b: Indeedee\n|-damage|p2b: Indeedee|49\/100\n|\n|-weather|RainDance|[upkeep]\n|upkeep\n|turn|4\n|\n|t:|1700961363\n|switch|p1a: Flutter Mane|Flutter Mane, L50|100\/100\n|move|p2b: Indeedee|Helping Hand|p2a: Shiftry\n|-singleturn|p2a: Shiftry|Helping Hand|[of] p2b: Indeedee\n|move|p2a: Shiftry|Rock Slide|p1b: Dondozo|[spread] p1a,p1b\n|-damage|p1a: Flutter Mane|26\/100\n|-damage|p1b: Dondozo|77\/100\n|move|p1b: Dondozo|Yawn|p2a: Shiftry\n|-start|p2a: Shiftry|move: Yawn|[of] p1b: Dondozo\n|\n|-weather|RainDance|[upkeep]\n|upkeep\n|turn|5\n|\n|t:|1700961385\n|move|p1a: Flutter Mane|Protect|p1a: Flutter Mane\n|-singleturn|p1a: Flutter Mane|Protect\n|move|p2b: Indeedee|Follow Me|p2b: Indeedee\n|-singleturn|p2b: Indeedee|move: Follow Me\n|move|p2a: Shiftry|Rock Slide|p1a: Flutter Mane|[spread] p1b\n|-activate|p1a: Flutter Mane|move: Protect\n|-damage|p1b: Dondozo|63\/100\n|cant|p1b: Dondozo|flinch\n|\n|-weather|none\n|-end|p2a: Shiftry|move: Yawn|[silent]\n|-status|p2a: Shiftry|slp\n|-sideend|p2: VersatileDieCaster|move: Tailwind\n|-fieldend|move: Psychic Terrain\n|upkeep\n|turn|6\n|\n|t:|1700961409\n|-end|p1a: Flutter Mane|Protosynthesis|[silent]\n|switch|p1a: Armarouge|Armarouge, L50, F|15\/100\n|cant|p2a: Shiftry|slp\n|move|p2b: Indeedee|Dazzling Gleam|p1a: Armarouge|[spread] p1a,p1b\n|-resisted|p1a: Armarouge\n|-damage|p1a: Armarouge|5\/100\n|-damage|p1b: Dondozo|49\/100\n|move|p1b: Dondozo|Wave Crash|p2b: Indeedee\n|-damage|p2b: Indeedee|0 fnt\n|faint|p2b: Indeedee\n|-damage|p1b: Dondozo|37\/100|[from] Recoil\n|\n|upkeep\n|turn|7\n|\n|t:|1700961431\n|move|p1a: Armarouge|Heat Wave|p2a: Shiftry\n|-ability|p2a: Shiftry|Wind Rider|boost\n|-boost|p2a: Shiftry|atk|1\n|cant|p2a: Shiftry|slp\n|move|p1b: Dondozo|Yawn||[still]\n|-fail|p1b: Dondozo\n|\n|upkeep\n|turn|8\n|\n|t:|1700961443\n|switch|p1a: Flutter Mane|Flutter Mane, L50|26\/100\n|cant|p2a: Shiftry|slp\n|move|p1b: Dondozo|Heavy Slam|p2a: Shiftry\n|-damage|p2a: Shiftry|61\/100 slp\n|\n|upkeep\n|turn|9\n|\n|t:|1700961466\n|move|p1a: Flutter Mane|Phantom Force||[still]\n|-prepare|p1a: Flutter Mane|Phantom Force\n|-curestatus|p2a: Shiftry|slp|[msg]\n|move|p2a: Shiftry|Rock Slide|p1b: Dondozo|[spread] p1b\n|-miss|p2a: Shiftry|p1a: Flutter Mane\n|-damage|p1b: Dondozo|16\/100\n|cant|p1b: Dondozo|flinch\n|\n|upkeep\n|turn|10\n|\n|t:|1700961486\n|move|p1a: Flutter Mane|Phantom Force|p2a: Shiftry|[from]lockedmove\n|-resisted|p2a: Shiftry\n|-damage|p2a: Shiftry|47\/100\n|move|p2a: Shiftry|Rock Slide|p1a: Flutter Mane|[spread] p1a,p1b\n|-damage|p1a: Flutter Mane|0 fnt\n|-damage|p1b: Dondozo|0 fnt\n|faint|p1a: Flutter Mane\n|-end|p1a: Flutter Mane|Protosynthesis|[silent]\n|faint|p1b: Dondozo\n|\n|upkeep\n|\n|t:|1700961498\n|switch|p1b: Armarouge|Armarouge, L50, F|5\/100\n|turn|11\n|\n|t:|1700961505\n|move|p1b: Armarouge|Shadow Ball|p2a: Shiftry\n|-resisted|p2a: Shiftry\n|-damage|p2a: Shiftry|23\/100\n|-unboost|p2a: Shiftry|spd|1\n|move|p2a: Shiftry|Rock Slide|p1b: Armarouge\n|-supereffective|p1b: Armarouge\n|-damage|p1b: Armarouge|0 fnt\n|faint|p1b: Armarouge\n|\n|win|VersatileDieCaster\n|raw|Prf.Anu's rating: 1170 &rarr; <strong>1138<\/strong><br \/>(-32 for losing)\n|raw|VersatileDieCaster's rating: 1074 &rarr; <strong>1111<\/strong><br \/>(+37 for winning)\n|c|\u2606VersatileDieCaster|gg\n","uploadtime":1700961516,"views":26,"p1id":"prfanu","p2id":"versatilediecaster","formatid":"gen9vgc2023regulatione","rating":1111,"private":0,"password":""}