{"id":"gen9vgc2023regulatione-2000187150","p1":"TiesMeneer","p2":"bunearyboicherry","format":"[Gen 9] VGC 2023 Regulation E","log":"|j|\u2606TiesMeneer\n|j|\u2606bunearyboicherry\n|t:|1701169279\n|gametype|doubles\n|player|p1|TiesMeneer|265|1143\n|player|p2|bunearyboicherry|hapu|1067\n|teamsize|p1|6\n|teamsize|p2|6\n|gen|9\n|tier|[Gen 9] VGC 2023 Regulation E\n|rated|\n|rule|Species Clause: Limit one of each Pok\u00e9mon\n|rule|Item Clause: Limit one of each item\n|clearpoke\n|poke|p1|Ogerpon-Wellspring, L50, F|\n|poke|p1|Iron Hands, L50|\n|poke|p1|Heatran, L50, M|\n|poke|p1|Cresselia, L50, F|\n|poke|p1|Landorus-Therian, L50, M|\n|poke|p1|Flutter Mane, L50|\n|poke|p2|Noctowl, L50, M|\n|poke|p2|Wyrdeer, L50, F|\n|poke|p2|Indeedee-F, L50, F|\n|poke|p2|Torkoal, L50, F|\n|poke|p2|Charjabug, L50, F|\n|poke|p2|Chi-Yu, L50|\n|teampreview|4\n|inactive|Battle timer is ON: inactive players will automatically lose when time's up. (requested by bunearyboicherry)\n|inactive|TiesMeneer has 60 seconds left.\n|inactive|bunearyboicherry has 60 seconds left.\nTiesMeneer has agreed to open team sheets.\n|inactive|bunearyboicherry has 30 seconds left.\n|\n|t:|1701169341\n|start\n|switch|p1a: Ogerpon|Ogerpon-Wellspring, L50, F|100\/100\n|switch|p1b: Cresselia|Cresselia, L50, F|100\/100\n|switch|p2a: Noctowl|Noctowl, L50, M, shiny|100\/100\n|switch|p2b: Torkoal|Torkoal, L50, F|100\/100\n|-weather|SunnyDay|[from] ability: Drought|[of] p2b: Torkoal\n|turn|1\n|inactive|TiesMeneer has 30 seconds left.\n|inactive|TiesMeneer has 20 seconds left.\n|inactive|TiesMeneer has 15 seconds left.\n|inactive|TiesMeneer has 10 seconds left.\n|\n|t:|1701169391\n|-terastallize|p1a: Ogerpon|Water\n|detailschange|p1a: Ogerpon|Ogerpon-Wellspring-Tera, L50, F, tera:Water\n|-ability|p1a: Ogerpon|Embody Aspect (Wellspring)|boost\n|-boost|p1a: Ogerpon|spd|1\n|move|p1a: Ogerpon|Ivy Cudgel|p2b: Torkoal|[anim] Ivy Cudgel Water\n|-supereffective|p2b: Torkoal\n|-damage|p2b: Torkoal|35\/100\n|move|p1b: Cresselia|Icy Wind|p2b: Torkoal|[spread] p2a\n|-miss|p1b: Cresselia|p2b: Torkoal\n|-supereffective|p2a: Noctowl\n|-damage|p2a: Noctowl|83\/100\n|-unboost|p2a: Noctowl|spe|1\n|move|p2a: Noctowl|Air Slash|p1a: Ogerpon\n|-damage|p1a: Ogerpon|75\/100\n|move|p2b: Torkoal|Solar Beam||[still]\n|-prepare|p2b: Torkoal|Solar Beam\n|-anim|p2b: Torkoal|Solar Beam|p1a: Ogerpon\n|-supereffective|p1a: Ogerpon\n|-damage|p1a: Ogerpon|17\/100\n|\n|-weather|SunnyDay|[upkeep]\n|upkeep\n|turn|2\n|inactive|TiesMeneer has 30 seconds left.\n|inactive|TiesMeneer has 20 seconds left.\n|inactive|TiesMeneer has 15 seconds left.\n|\n|t:|1701169435\n|move|p1a: Ogerpon|Ivy Cudgel|p2b: Torkoal|[anim] Ivy Cudgel Water\n|-supereffective|p2b: Torkoal\n|-damage|p2b: Torkoal|0 fnt\n|faint|p2b: Torkoal\n|move|p1b: Cresselia|Lunar Blessing|p1b: Cresselia|[spread] p1a,p1b\n|-heal|p1a: Ogerpon|42\/100\n|move|p2a: Noctowl|Tailwind|p2a: Noctowl\n|-sidestart|p2: bunearyboicherry|move: Tailwind\n|\n|-weather|SunnyDay|[upkeep]\n|upkeep\n|\n|t:|1701169441\n|switch|p2b: Chi-Yu|Chi-Yu, L50|100\/100\n|-ability|p2b: Chi-Yu|Beads of Ruin\n|turn|3\n|inactive|TiesMeneer has 30 seconds left.\n|inactive|bunearyboicherry has 30 seconds left.\n|inactive|TiesMeneer has 20 seconds left.\n|inactive|TiesMeneer has 15 seconds left.\n|inactive|TiesMeneer has 10 seconds left.\n|inactive|TiesMeneer has 5 seconds left.\n|\n|t:|1701169496\n|switch|p2a: Charjabug|Charjabug, L50, F, shiny|100\/100\n|-terastallize|p2b: Chi-Yu|Fire\n|move|p2b: Chi-Yu|Heat Wave|p1b: Cresselia|[spread] p1a,p1b\n|-resisted|p1a: Ogerpon\n|-damage|p1a: Ogerpon|0 fnt\n|-damage|p1b: Cresselia|0 fnt\n|faint|p1a: Ogerpon\n|faint|p1b: Cresselia\n|\n|-weather|SunnyDay|[upkeep]\n|upkeep\n|\n|t:|1701169507\n|switch|p1a: Iron Hands|Iron Hands, L50|100\/100\n|switch|p1b: Heatran|Heatran, L50, M|100\/100\n|turn|4\n|\n|t:|1701169521\n|move|p1a: Iron Hands|Fake Out|p2b: Chi-Yu\n|-damage|p2b: Chi-Yu|78\/100\n|cant|p2b: Chi-Yu|flinch\n|move|p2a: Charjabug|Mud-Slap|p1b: Heatran\n|-supereffective|p1b: Heatran\n|-damage|p1b: Heatran|87\/100\n|-unboost|p1b: Heatran|accuracy|1\n|move|p1b: Heatran|Heat Wave|p2a: Charjabug|[spread] p2b\n|-miss|p1b: Heatran|p2a: Charjabug\n|-resisted|p2b: Chi-Yu\n|-damage|p2b: Chi-Yu|37\/100\n|-damage|p1b: Heatran|77\/100|[from] item: Life Orb\n|\n|-weather|SunnyDay|[upkeep]\n|upkeep\n|turn|5\n|inactive|bunearyboicherry has 30 seconds left.\n|\n|t:|1701169546\n|move|p2b: Chi-Yu|Psychic|p1a: Iron Hands\n|-supereffective|p1a: Iron Hands\n|-damage|p1a: Iron Hands|36\/100\n|move|p2a: Charjabug|Mud-Slap|p1b: Heatran\n|-supereffective|p1b: Heatran\n|-damage|p1b: Heatran|63\/100\n|-unboost|p1b: Heatran|accuracy|1\n|move|p1b: Heatran|Heat Wave|p2a: Charjabug|[spread] p2b\n|-miss|p1b: Heatran|p2a: Charjabug\n|-resisted|p2b: Chi-Yu\n|-damage|p2b: Chi-Yu|0 fnt\n|faint|p2b: Chi-Yu\n|-damage|p1b: Heatran|53\/100|[from] item: Life Orb\n|move|p1a: Iron Hands|Drain Punch|p2a: Charjabug\n|-resisted|p2a: Charjabug\n|-damage|p2a: Charjabug|85\/100\n|-heal|p1a: Iron Hands|41\/100|[from] drain|[of] p2a: Charjabug\n|\n|-weather|none\n|-sideend|p2: bunearyboicherry|move: Tailwind\n|upkeep\n|c|\u2606TiesMeneer|annoying\n|\n|t:|1701169550\n|switch|p2b: Noctowl|Noctowl, L50, M, shiny|83\/100\n|turn|6\n|\n|t:|1701169568\n|move|p1b: Heatran|Protect|p1b: Heatran\n|-singleturn|p1b: Heatran|Protect\n|move|p2b: Noctowl|Moonblast|p1a: Iron Hands\n|-supereffective|p1a: Iron Hands\n|-damage|p1a: Iron Hands|0 fnt\n|faint|p1a: Iron Hands\n|-end|p1a: Iron Hands|Quark Drive|[silent]\n|move|p2a: Charjabug|Mud-Slap|p1b: Heatran\n|-activate|p1b: Heatran|move: Protect\n|\n|upkeep\n|turn|7\n|\n|t:|1701169586\n|move|p1b: Heatran|Heat Wave|p2b: Noctowl|[spread] \n|-miss|p1b: Heatran|p2a: Charjabug\n|-miss|p1b: Heatran|p2b: Noctowl\n|move|p2b: Noctowl|Tailwind|p2b: Noctowl\n|-sidestart|p2: bunearyboicherry|move: Tailwind\n|move|p2a: Charjabug|Mud-Slap|p1b: Heatran\n|-supereffective|p1b: Heatran\n|-damage|p1b: Heatran|39\/100\n|-unboost|p1b: Heatran|accuracy|1\n|\n|upkeep\n|turn|8\n|c|\u2606TiesMeneer|when did he learn moonblast\n|\n|t:|1701169592\n|move|p2b: Noctowl|Air Slash|p1b: Heatran\n|-resisted|p1b: Heatran\n|-damage|p1b: Heatran|1\/100\n|move|p2a: Charjabug|Mud-Slap|p1b: Heatran\n|-supereffective|p1b: Heatran\n|-damage|p1b: Heatran|0 fnt\n|faint|p1b: Heatran\n|\n|win|bunearyboicherry\n|raw|TiesMeneer's rating: 1143 &rarr; <strong>1113<\/strong><br \/>(-30 for losing)\n|raw|bunearyboicherry's rating: 1067 &rarr; <strong>1103<\/strong><br \/>(+36 for winning)\n|l|\u2606TiesMeneer\n|c|\u2606bunearyboicherry|Idk but it gets it\n","uploadtime":1701169632,"views":17,"p1id":"tiesmeneer","p2id":"bunearyboicherry","formatid":"gen9vgc2023regulatione","rating":1103,"private":0,"password":""}