{"id":"gen9vgc2023regulatione-1988987010","p1":"taranee9","p2":"Jinthewindmaster","format":"[Gen 9] VGC 2023 Regulation E","log":"|j|\u2606taranee9\n|j|\u2606Jinthewindmaster\n|t:|1699798753\n|gametype|doubles\n|player|p1|taranee9|rocketgruntf|1047\n|player|p2|Jinthewindmaster|bruno|1110\n|teamsize|p1|6\n|teamsize|p2|6\n|gen|9\n|tier|[Gen 9] VGC 2023 Regulation E\n|rated|\n|rule|Species Clause: Limit one of each Pok\u00e9mon\n|rule|Item Clause: Limit one of each item\n|clearpoke\n|poke|p1|Dragalge, L50, M|\n|poke|p1|Salazzle, L50, F|\n|poke|p1|Sinistcha, L50|\n|poke|p1|Eelektross, L50, M|\n|poke|p1|Hydreigon, L50, M|\n|poke|p1|Bruxish, L50, F|\n|poke|p2|Indeedee, L50, M|\n|poke|p2|Armarouge, L50, M|\n|poke|p2|Amoonguss, L50, M|\n|poke|p2|Iron Hands, L50|\n|poke|p2|Tornadus, L50, M|\n|poke|p2|Urshifu-*, L50, F|\n|teampreview|4\n|\n|t:|1699798800\n|start\n|switch|p1a: Salazzle|Salazzle, L50, F|100\/100\n|switch|p1b: Hydreigon|Hydreigon, L50, M|100\/100\n|switch|p2a: Iron Hands|Iron Hands, L50, shiny|100\/100\n|switch|p2b: Amoonguss|Amoonguss, L50, M, shiny|100\/100\n|turn|1\n|\n|t:|1699798844\n|-terastallize|p2b: Amoonguss|Fire\n|move|p1a: Salazzle|Poison Gas|p2b: Amoonguss|[spread] p2a,p2b\n|-status|p2a: Iron Hands|psn\n|-status|p2b: Amoonguss|psn\n|move|p1b: Hydreigon|Taunt|p2b: Amoonguss\n|-start|p2b: Amoonguss|move: Taunt\n|-enditem|p2b: Amoonguss|Mental Herb\n|-end|p2b: Amoonguss|move: Taunt\n|move|p2a: Iron Hands|Swords Dance|p2a: Iron Hands\n|-boost|p2a: Iron Hands|atk|2\n|move|p2b: Amoonguss|Spore|p1a: Salazzle\n|-status|p1a: Salazzle|slp|[from] move: Spore\n|\n|-damage|p2a: Iron Hands|88\/100 psn|[from] psn\n|-damage|p2b: Amoonguss|88\/100 psn|[from] psn\n|upkeep\n|turn|2\n|\n|t:|1699798871\n|move|p2b: Amoonguss|Rage Powder|p2b: Amoonguss\n|-singleturn|p2b: Amoonguss|move: Rage Powder\n|cant|p1a: Salazzle|slp\n|move|p1b: Hydreigon|Taunt|p2b: Amoonguss\n|-start|p2b: Amoonguss|move: Taunt\n|move|p2a: Iron Hands|Ice Punch|p1b: Hydreigon\n|-supereffective|p1b: Hydreigon\n|-damage|p1b: Hydreigon|0 fnt\n|faint|p1b: Hydreigon\n|\n|-damage|p2a: Iron Hands|76\/100 psn|[from] psn\n|-damage|p2b: Amoonguss|76\/100 psn|[from] psn\n|upkeep\n|\n|t:|1699798884\n|switch|p1b: Dragalge|Dragalge, L50, M|100\/100\n|turn|3\n|\n|t:|1699798909\n|-terastallize|p1b: Dragalge|Water\n|-curestatus|p1a: Salazzle|slp|[msg]\n|move|p1a: Salazzle|Foul Play|p2a: Iron Hands\n|-resisted|p2a: Iron Hands\n|-damage|p2a: Iron Hands|56\/100 psn\n|move|p2a: Iron Hands|Ice Punch|p1b: Dragalge\n|-resisted|p1b: Dragalge\n|-damage|p1b: Dragalge|74\/100\n|move|p1b: Dragalge|Haze|p1b: Dragalge\n|-clearallboost\n|move|p2b: Amoonguss|Pollen Puff|p2a: Iron Hands\n|-heal|p2a: Iron Hands|100\/100 psn\n|\n|-damage|p2a: Iron Hands|88\/100 psn|[from] psn\n|-damage|p2b: Amoonguss|64\/100 psn|[from] psn\n|upkeep\n|turn|4\n|\n|t:|1699798948\n|move|p1a: Salazzle|Encore|p2a: Iron Hands\n|-start|p2a: Iron Hands|Encore\n|move|p2a: Iron Hands|Ice Punch|p1b: Dragalge\n|-resisted|p1b: Dragalge\n|-damage|p1b: Dragalge|60\/100\n|move|p1b: Dragalge|Scald|p2b: Amoonguss\n|-supereffective|p2b: Amoonguss\n|-damage|p2b: Amoonguss|1\/100 psn\n|move|p2b: Amoonguss|Pollen Puff|p2a: Iron Hands\n|-heal|p2a: Iron Hands|100\/100 psn\n|\n|-damage|p2a: Iron Hands|88\/100 psn|[from] psn\n|-damage|p2b: Amoonguss|0 fnt|[from] psn\n|faint|p2b: Amoonguss\n|upkeep\n|\n|t:|1699798968\n|switch|p2b: Armarouge|Armarouge, L50, M, shiny|100\/100\n|turn|5\n|\n|t:|1699798984\n|-end|p2a: Iron Hands|Quark Drive|[silent]\n|switch|p2a: Indeedee|Indeedee, L50, M|100\/100\n|-fieldstart|move: Psychic Terrain|[from] ability: Psychic Surge|[of] p2a: Indeedee\n|move|p1a: Salazzle|Poison Gas|p2a: Indeedee|[spread] p2a,p2b\n|-status|p2a: Indeedee|psn\n|-status|p2b: Armarouge|psn\n|move|p2b: Armarouge|Expanding Force|p1a: Salazzle|[spread] p1a,p1b\n|-supereffective|p1a: Salazzle\n|-enditem|p1a: Salazzle|Focus Sash\n|-damage|p1a: Salazzle|1\/100\n|-damage|p1b: Dragalge|4\/100\n|-damage|p2b: Armarouge|91\/100 psn|[from] item: Life Orb\n|move|p1b: Dragalge|Rain Dance|p1b: Dragalge\n|-weather|RainDance\n|\n|-weather|RainDance|[upkeep]\n|-damage|p2a: Indeedee|89\/100 psn|[from] psn\n|-damage|p2b: Armarouge|78\/100 psn|[from] psn\n|upkeep\n|turn|6\n|\n|t:|1699799015\n|move|p2a: Indeedee|After You|p2b: Armarouge\n|-activate|p2b: Armarouge|move: After You\n|move|p2b: Armarouge|Expanding Force|p1b: Dragalge|[spread] p1a,p1b\n|-supereffective|p1a: Salazzle\n|-damage|p1a: Salazzle|0 fnt\n|-damage|p1b: Dragalge|0 fnt\n|faint|p1a: Salazzle\n|faint|p1b: Dragalge\n|-damage|p2b: Armarouge|68\/100 psn|[from] item: Life Orb\n|\n|-weather|RainDance|[upkeep]\n|-damage|p2a: Indeedee|77\/100 psn|[from] psn\n|-damage|p2b: Armarouge|56\/100 psn|[from] psn\n|upkeep\n|\n|t:|1699799032\n|switch|p1b: Sinistcha|Sinistcha, L50|100\/100\n|turn|7\n|\n|t:|1699799053\n|move|p2a: Indeedee|After You|p2b: Armarouge\n|-activate|p2b: Armarouge|move: After You\n|move|p2b: Armarouge|Armor Cannon|p1b: Sinistcha\n|-supereffective|p1b: Sinistcha\n|-damage|p1b: Sinistcha|22\/100\n|-unboost|p2b: Armarouge|def|1\n|-unboost|p2b: Armarouge|spd|1\n|-damage|p2b: Armarouge|46\/100 psn|[from] item: Life Orb\n|move|p1b: Sinistcha|Trick Room|p1b: Sinistcha\n|-fieldstart|move: Trick Room|[of] p1b: Sinistcha\n|\n|-weather|RainDance|[upkeep]\n|-damage|p2b: Armarouge|33\/100 psn|[from] psn\n|-damage|p2a: Indeedee|65\/100 psn|[from] psn\n|upkeep\n|turn|8\n|\n|t:|1699799096\n|switch|p2b: Iron Hands|Iron Hands, L50, shiny|88\/100 psn\n|move|p1b: Sinistcha|Hex|p2b: Iron Hands\n|-damage|p2b: Iron Hands|53\/100 psn\n|move|p2a: Indeedee|After You||[still]\n|-fail|p2a: Indeedee\n|\n|-weather|RainDance|[upkeep]\n|-damage|p2b: Iron Hands|41\/100 psn|[from] psn\n|-damage|p2a: Indeedee|53\/100 psn|[from] psn\n|upkeep\n|-enditem|p2b: Iron Hands|Sitrus Berry|[eat]\n|-heal|p2b: Iron Hands|66\/100 psn|[from] item: Sitrus Berry\n|turn|9\n|\n|t:|1699799114\n|move|p2b: Iron Hands|Ice Punch|p1b: Sinistcha\n|-supereffective|p1b: Sinistcha\n|-damage|p1b: Sinistcha|0 fnt\n|-damage|p2b: Iron Hands|49\/100 psn|[from] item: Rocky Helmet|[of] p1b: Sinistcha\n|faint|p1b: Sinistcha\n|\n|win|Jinthewindmaster\n|raw|taranee9's rating: 1047 &rarr; <strong>1033<\/strong><br \/>(-14 for losing)\n|raw|Jinthewindmaster's rating: 1110 &rarr; <strong>1131<\/strong><br \/>(+21 for winning)\n","uploadtime":1699799123,"views":8,"p1id":"taranee9","p2id":"jinthewindmaster","formatid":"gen9vgc2023regulatione","rating":1033,"private":0,"password":""}