{"id":"gen9vgc2023regulatione-1995187793","p1":"Youngster Spazzy","p2":"Blakers0405","format":"[Gen 9] VGC 2023 Regulation E","log":"|j|\u2606Youngster Spazzy\n|j|\u2606Blakers0405\n|t:|1700532430\n|gametype|doubles\n|player|p1|Youngster Spazzy|hugh|1000\n|player|p2|Blakers0405|guitarist-gen4|1076\n|teamsize|p1|6\n|teamsize|p2|6\n|gen|9\n|tier|[Gen 9] VGC 2023 Regulation E\n|rated|\n|rule|Species Clause: Limit one of each Pok\u00e9mon\n|rule|Item Clause: Limit one of each item\n|clearpoke\n|poke|p1|Amoonguss, L50, M|\n|poke|p1|Tornadus, L50, M|\n|poke|p1|Iron Hands, L50|\n|poke|p1|Arcanine-Hisui, L50, M|\n|poke|p1|Gholdengo, L50|\n|poke|p1|Urshifu-*, L50, M|\n|poke|p2|Dondozo, L50, M|\n|poke|p2|Gholdengo, L50|\n|poke|p2|Tornadus, L50, M|\n|poke|p2|Tatsugiri, L50, M|\n|poke|p2|Rillaboom, L50, M|\n|poke|p2|Luxray, L50, M|\n|teampreview|4\n|inactive|Battle timer is ON: inactive players will automatically lose when time's up. (requested by Youngster Spazzy)\nBlakers0405 has agreed to open team sheets.\n|inactive|Blakers0405 has 60 seconds left.\nYoungster Spazzy has agreed to open team sheets.\n|inactive|Blakers0405 has 30 seconds left.\n|\n|t:|1700532497\n|start\n|switch|p1a: Iron Hands|Iron Hands, L50|100\/100\n|switch|p1b: Amoonguss|Amoonguss, L50, M|100\/100\n|switch|p2a: Tornadus|Tornadus, L50, M|100\/100\n|switch|p2b: Gholdengo|Gholdengo, L50|100\/100\n|turn|1\n|inactive|Blakers0405 has 30 seconds left.\n|inactive|Blakers0405 has 20 seconds left.\n|inactive|Blakers0405 has 15 seconds left.\n|\n|t:|1700532540\n|switch|p2a: Tatsugiri|Tatsugiri, L50, M|100\/100\n|move|p1a: Iron Hands|Fake Out|p2a: Tatsugiri\n|-damage|p2a: Tatsugiri|73\/100\n|move|p2b: Gholdengo|Trick|p1a: Iron Hands\n|-activate|p2b: Gholdengo|move: Trick|[of] p1a: Iron Hands\n|-item|p1a: Iron Hands|Choice Specs|[from] move: Trick\n|-item|p2b: Gholdengo|Assault Vest|[from] move: Trick\n|move|p1b: Amoonguss|Spore|p2a: Tatsugiri\n|-status|p2a: Tatsugiri|slp|[from] move: Spore\n|\n|upkeep\n|turn|2\n|inactive|Blakers0405 has 30 seconds left.\n|inactive|Blakers0405 has 20 seconds left.\n|\n|t:|1700532577\n|switch|p2a: Tornadus|Tornadus, L50, M|100\/100\n|-terastallize|p2b: Gholdengo|Steel\n|move|p1b: Amoonguss|Protect|p1b: Amoonguss\n|-singleturn|p1b: Amoonguss|Protect\n|move|p2b: Gholdengo|Make It Rain|p1b: Amoonguss|[spread] p1a\n|-activate|p1b: Amoonguss|move: Protect\n|-resisted|p1a: Iron Hands\n|-damage|p1a: Iron Hands|70\/100\n|-unboost|p2b: Gholdengo|spa|1\n|move|p1a: Iron Hands|Volt Switch|p2a: Tornadus\n|-supereffective|p2a: Tornadus\n|-damage|p2a: Tornadus|52\/100\n|\n|t:|1700532595\n|-end|p1a: Iron Hands|Quark Drive|[silent]\n|switch|p1a: Arcanine|Arcanine-Hisui, L50, M|100\/100|[from] Volt Switch\n|-ability|p1a: Arcanine|Intimidate|boost\n|-unboost|p2a: Tornadus|atk|1\n|-unboost|p2b: Gholdengo|atk|1\n|\n|upkeep\n|turn|3\n|inactive|Youngster Spazzy has 30 seconds left.\n|\n|t:|1700532625\n|switch|p1b: Tornadus|Tornadus, L50, M|100\/100\n|move|p1a: Arcanine|Extreme Speed|p2a: Tornadus\n|-crit|p2a: Tornadus\n|-damage|p2a: Tornadus|0 fnt\n|-damage|p1a: Arcanine|84\/100|[from] item: Rocky Helmet|[of] p2a: Tornadus\n|faint|p2a: Tornadus\n|move|p2b: Gholdengo|Make It Rain|p1b: Tornadus|[spread] p1a,p1b\n|-damage|p1a: Arcanine|33\/100\n|-damage|p1b: Tornadus|68\/100\n|-unboost|p2b: Gholdengo|spa|1\n|\n|upkeep\n|\n|t:|1700532638\n|switch|p2a: Dondozo|Dondozo, L50, M|100\/100\n|turn|4\n|\n|t:|1700532659\n|switch|p1a: Amoonguss|Amoonguss, L50, M|100\/100\n|switch|p2b: Tatsugiri|Tatsugiri, L50, M|73\/100 slp\n|-activate|p2b: Tatsugiri|ability: Commander|[of] p2a: Dondozo\n|-boost|p2a: Dondozo|atk|2\n|-boost|p2a: Dondozo|spa|2\n|-boost|p2a: Dondozo|spe|2\n|-boost|p2a: Dondozo|def|2\n|-boost|p2a: Dondozo|spd|2\n|move|p1b: Tornadus|Tailwind|p1b: Tornadus\n|-sidestart|p1: Youngster Spazzy|move: Tailwind\n|move|p2a: Dondozo|Order Up|p1b: Tornadus\n|-damage|p1b: Tornadus|14\/100\n|-boost|p2a: Dondozo|atk|1\n|\n|upkeep\n|turn|5\n|inactive|Youngster Spazzy has 30 seconds left.\n|\n|t:|1700532692\n|move|p1b: Tornadus|Protect|p1b: Tornadus\n|-singleturn|p1b: Tornadus|Protect\n|move|p2a: Dondozo|Protect|p2a: Dondozo\n|-singleturn|p2a: Dondozo|Protect\n|move|p1a: Amoonguss|Spore|p2a: Dondozo\n|-activate|p2a: Dondozo|move: Protect\n|\n|upkeep\n|turn|6\n|\n|t:|1700532714\n|switch|p1b: Iron Hands|Iron Hands, L50|70\/100\n|move|p2a: Dondozo|Order Up|p1b: Iron Hands\n|-damage|p1b: Iron Hands|37\/100\n|-boost|p2a: Dondozo|atk|1\n|move|p1a: Amoonguss|Spore|p2a: Dondozo\n|-status|p2a: Dondozo|slp|[from] move: Spore\n|\n|upkeep\n|turn|7\n|\n|t:|1700532729\n|cant|p2a: Dondozo|slp\n|move|p1b: Iron Hands|Wild Charge|p2a: Dondozo\n|-supereffective|p2a: Dondozo\n|-damage|p2a: Dondozo|65\/100 slp\n|-damage|p1b: Iron Hands|29\/100|[from] Recoil\n|move|p1a: Amoonguss|Pollen Puff|p1b: Iron Hands\n|-heal|p1b: Iron Hands|79\/100\n|\n|-heal|p2a: Dondozo|71\/100 slp|[from] item: Leftovers\n|-sideend|p1: Youngster Spazzy|move: Tailwind\n|upkeep\n|turn|8\n|\n|t:|1700532744\n|cant|p2a: Dondozo|slp\n|move|p1b: Iron Hands|Wild Charge|p2a: Dondozo\n|-supereffective|p2a: Dondozo\n|-damage|p2a: Dondozo|36\/100 slp\n|-damage|p1b: Iron Hands|70\/100|[from] Recoil\n|move|p1a: Amoonguss|Pollen Puff|p1b: Iron Hands\n|-heal|p1b: Iron Hands|100\/100\n|\n|-heal|p2a: Dondozo|42\/100 slp|[from] item: Leftovers\n|upkeep\n|turn|9\n|\n|t:|1700532765\n|cant|p2a: Dondozo|slp\n|move|p1b: Iron Hands|Wild Charge|p2a: Dondozo\n|-supereffective|p2a: Dondozo\n|-damage|p2a: Dondozo|3\/100 slp\n|-damage|p1b: Iron Hands|91\/100|[from] Recoil\n|move|p1a: Amoonguss|Pollen Puff|p2a: Dondozo\n|-damage|p2a: Dondozo|0 fnt\n|faint|p2a: Dondozo\n|\n|upkeep\n|\n|t:|1700532775\n|switch|p2a: Gholdengo|Gholdengo, L50, tera:Steel|100\/100\n|turn|10\n|\n|t:|1700532784\n|cant|p2b: Tatsugiri|slp\n|move|p1a: Amoonguss|Protect|p1a: Amoonguss\n|-singleturn|p1a: Amoonguss|Protect\n|move|p2a: Gholdengo|Shadow Ball|p1a: Amoonguss\n|-activate|p1a: Amoonguss|move: Protect\n|move|p1b: Iron Hands|Wild Charge|p2b: Tatsugiri\n|-damage|p2b: Tatsugiri|0 fnt\n|faint|p2b: Tatsugiri\n|-damage|p1b: Iron Hands|81\/100|[from] Recoil\n|\n|upkeep\n|turn|11\n|inactive|Youngster Spazzy has 30 seconds left.\n|\n|t:|1700532811\n|-end|p1b: Iron Hands|Quark Drive|[silent]\n|switch|p1b: Arcanine|Arcanine-Hisui, L50, M|33\/100\n|-ability|p1b: Arcanine|Intimidate|boost\n|-unboost|p2a: Gholdengo|atk|1\n|move|p1a: Amoonguss|Rage Powder|p1a: Amoonguss\n|-singleturn|p1a: Amoonguss|move: Rage Powder\n|move|p2a: Gholdengo|Shadow Ball|p1a: Amoonguss\n|-damage|p1a: Amoonguss|72\/100\n|-unboost|p1a: Amoonguss|spd|1\n|\n|upkeep\n|turn|12\n|\n|t:|1700532831\n|move|p1b: Arcanine|Flare Blitz|p2a: Gholdengo\n|-supereffective|p2a: Gholdengo\n|-damage|p2a: Gholdengo|0 fnt\n|faint|p2a: Gholdengo\n|-damage|p1b: Arcanine|2\/100|[from] Recoil\n|\n|win|Youngster Spazzy\n|raw|Youngster Spazzy's rating: 1000 &rarr; <strong>1049<\/strong><br \/>(+49 for winning)\n|raw|Blakers0405's rating: 1076 &rarr; <strong>1050<\/strong><br \/>(-26 for losing)\n|l|\u2606Blakers0405\n","uploadtime":1700532843,"views":11,"p1id":"youngsterspazzy","p2id":"blakers0405","formatid":"gen9vgc2023regulatione","rating":1049,"private":0,"password":""}