{"id":"gen9vgc2023regulatione-1996335305","p1":"Fnnffjjf","p2":"Slowbro1234","format":"[Gen 9] VGC 2023 Regulation E","log":"|j|\u2606Fnnffjjf\n|j|\u2606Slowbro1234\n|t:|1700672267\n|gametype|doubles\n|player|p1|Fnnffjjf|266|1097\n|player|p2|Slowbro1234|2|1029\n|teamsize|p1|6\n|teamsize|p2|6\n|gen|9\n|tier|[Gen 9] VGC 2023 Regulation E\n|rated|\n|rule|Species Clause: Limit one of each Pok\u00e9mon\n|rule|Item Clause: Limit one of each item\n|clearpoke\n|poke|p1|Arcanine-Hisui, L50, F|\n|poke|p1|Empoleon, L50, F|\n|poke|p1|Rillaboom, L50, F|\n|poke|p1|Sinistcha-Masterpiece, L50|\n|poke|p1|Ogerpon-Hearthflame, L50, F|\n|poke|p1|Tornadus, L50, M|\n|poke|p2|Tornadus, L50, M|\n|poke|p2|Ting-Lu, L50|\n|poke|p2|Ninetales-Alola, L50, M|\n|poke|p2|Urshifu-*, L50, F|\n|poke|p2|Ogerpon-Hearthflame, L50, F|\n|poke|p2|Zapdos, L50|\n|teampreview|4\n|inactive|Battle timer is ON: inactive players will automatically lose when time's up. (requested by Slowbro1234)\n|\n|t:|1700672312\n|start\n|switch|p1a: Tornadus|Tornadus, L50, M|100\/100\n|switch|p1b: Empoleon|Empoleon, L50, F|100\/100\n|switch|p2a: Tornadus|Tornadus, L50, M|100\/100\n|switch|p2b: Zapdos|Zapdos, L50|100\/100\n|turn|1\n|\n|t:|1700672332\n|move|p1a: Tornadus|Tailwind|p1a: Tornadus\n|-sidestart|p1: Fnnffjjf|move: Tailwind\n|move|p2a: Tornadus|Rain Dance|p2a: Tornadus\n|-weather|RainDance\n|move|p1b: Empoleon|Ice Beam|p2b: Zapdos\n|-supereffective|p2b: Zapdos\n|-damage|p2b: Zapdos|25\/100\n|-enditem|p2b: Zapdos|Aguav Berry|[eat]\n|-heal|p2b: Zapdos|59\/100|[from] item: Aguav Berry\n|move|p2b: Zapdos|Thunder|p1a: Tornadus\n|-supereffective|p1a: Tornadus\n|-enditem|p1a: Tornadus|Focus Sash\n|-damage|p1a: Tornadus|1\/100\n|\n|-weather|RainDance|[upkeep]\n|upkeep\n|turn|2\n|inactive|Fnnffjjf has 30 seconds left.\n|\n|t:|1700672360\n|switch|p1a: Arcanine|Arcanine-Hisui, L50, F|100\/100\n|-ability|p1a: Arcanine|Intimidate|boost\n|-unboost|p2a: Tornadus|atk|1\n|-unboost|p2b: Zapdos|atk|1\n|move|p2b: Zapdos|Protect|p2b: Zapdos\n|-singleturn|p2b: Zapdos|Protect\n|move|p1b: Empoleon|Ice Beam|p2b: Zapdos\n|-activate|p2b: Zapdos|move: Protect\n|move|p2a: Tornadus|Bleakwind Storm|p1a: Arcanine|[spread] p1a,p1b\n|-resisted|p1a: Arcanine\n|-resisted|p1b: Empoleon\n|-damage|p1a: Arcanine|79\/100\n|-damage|p1b: Empoleon|83\/100\n|\n|-weather|RainDance|[upkeep]\n|upkeep\n|turn|3\n|\n|t:|1700672381\n|-terastallize|p2b: Zapdos|Water\n|move|p2a: Tornadus|Protect|p2a: Tornadus\n|-singleturn|p2a: Tornadus|Protect\n|move|p1b: Empoleon|Ice Beam|p2a: Tornadus\n|-activate|p2a: Tornadus|move: Protect\n|move|p1a: Arcanine|Rock Slide|p2b: Zapdos|[spread] p2b\n|-activate|p2a: Tornadus|move: Protect\n|-damage|p2b: Zapdos|20\/100\n|move|p2b: Zapdos|Thunder|p1b: Empoleon\n|-supereffective|p1b: Empoleon\n|-damage|p1b: Empoleon|0 fnt\n|faint|p1b: Empoleon\n|\n|-weather|RainDance|[upkeep]\n|upkeep\n|\n|t:|1700672385\n|switch|p1b: Ogerpon|Ogerpon-Hearthflame, L50, F|100\/100\n|-ability|p1b: Ogerpon|Mold Breaker\n|turn|4\n|inactive|Fnnffjjf has 30 seconds left.\n|\n|t:|1700672419\n|-terastallize|p1b: Ogerpon|Fire\n|detailschange|p1b: Ogerpon|Ogerpon-Hearthflame-Tera, L50, F, tera:Fire\n|-ability|p1b: Ogerpon|Embody Aspect (Hearthflame)|boost\n|-boost|p1b: Ogerpon|atk|1\n|move|p2b: Zapdos|Protect|p2b: Zapdos\n|-singleturn|p2b: Zapdos|Protect\n|move|p1b: Ogerpon|Ivy Cudgel|p2a: Tornadus|[anim] Ivy Cudgel Fire\n|-damage|p2a: Tornadus|25\/100\n|move|p1a: Arcanine|Rock Slide|p2a: Tornadus|[spread] p2a\n|-activate|p2b: Zapdos|move: Protect\n|-supereffective|p2a: Tornadus\n|-damage|p2a: Tornadus|0 fnt\n|faint|p2a: Tornadus\n|\n|-weather|RainDance|[upkeep]\n|-sideend|p1: Fnnffjjf|move: Tailwind\n|upkeep\n|\n|t:|1700672437\n|switch|p2a: Urshifu|Urshifu-Rapid-Strike, L50, F|100\/100\n|turn|5\n|\n|t:|1700672450\n|move|p1b: Ogerpon|Horn Leech|p2a: Urshifu\n|-supereffective|p2a: Urshifu\n|-damage|p2a: Urshifu|0 fnt\n|faint|p2a: Urshifu\n|move|p2b: Zapdos|Tera Blast|p1a: Arcanine|[anim] Tera Blast Water\n|-supereffective|p1a: Arcanine\n|-damage|p1a: Arcanine|0 fnt\n|faint|p1a: Arcanine\n|\n|-weather|none\n|upkeep\n|\n|t:|1700672459\n|switch|p2a: Ogerpon|Ogerpon-Hearthflame, L50, F|100\/100\n|switch|p1a: Tornadus|Tornadus, L50, M|1\/100\n|-ability|p2a: Ogerpon|Mold Breaker\n|turn|6\n|inactive|Fnnffjjf has 30 seconds left.\n|\n|t:|1700672493\n|move|p2a: Ogerpon|Spiky Shield|p2a: Ogerpon\n|-singleturn|p2a: Ogerpon|move: Protect\n|move|p1a: Tornadus|Tailwind|p1a: Tornadus\n|-sidestart|p1: Fnnffjjf|move: Tailwind\n|move|p1b: Ogerpon|Ivy Cudgel|p2a: Ogerpon|[anim] Ivy Cudgel Fire\n|-activate|p2a: Ogerpon|move: Protect\n|move|p2b: Zapdos|Tera Blast|p1b: Ogerpon|[anim] Tera Blast Water\n|-supereffective|p1b: Ogerpon\n|-damage|p1b: Ogerpon|0 fnt\n|faint|p1b: Ogerpon\n|\n|upkeep\n|turn|7\n|\n|t:|1700672510\n|move|p2b: Zapdos|Protect|p2b: Zapdos\n|-singleturn|p2b: Zapdos|Protect\n|move|p1a: Tornadus|Bleakwind Storm|p2b: Zapdos|[spread] p2a\n|-activate|p2b: Zapdos|move: Protect\n|-supereffective|p2a: Ogerpon\n|-damage|p2a: Ogerpon|6\/100\n|-unboost|p2a: Ogerpon|spe|1\n|move|p2a: Ogerpon|Ivy Cudgel|p1a: Tornadus|[anim] Ivy Cudgel Fire\n|-damage|p1a: Tornadus|0 fnt\n|faint|p1a: Tornadus\n|\n|win|Slowbro1234\n|raw|Fnnffjjf's rating: 1097 &rarr; <strong>1068<\/strong><br \/>(-29 for losing)\n|raw|Slowbro1234's rating: 1029 &rarr; <strong>1072<\/strong><br \/>(+43 for winning)\n|l|\u2606Fnnffjjf\n","uploadtime":1700672524,"views":1,"p1id":"fnnffjjf","p2id":"slowbro1234","formatid":"gen9vgc2023regulatione","rating":1068,"private":0,"password":""}