{"id":"gen9vgc2023regulatione-1988727207","p1":"E.Bluemage","p2":"olmecssb","format":"[Gen 9] VGC 2023 Regulation E","log":"|j|\u2606E.Bluemage\n|j|\u2606olmecssb\n|n|\u2606E.Bluemage|ebluemage\n|n|\u2606olmecssb|olmecssb\n|html|View the match progress at <a href=\"\/game-bestof3-gen9vgc2023regulatione-1988724756\">game-bestof3-gen9vgc2023regulatione-1988724756<\/a>\n|t:|1699755498\n|gametype|doubles\n|player|p1|E.Bluemage|gentleman-gen4dp|\n|player|p2|olmecssb|misty-gen1rb|\n|teamsize|p1|6\n|teamsize|p2|6\n|gen|9\n|tier|[Gen 9] VGC 2023 Regulation E\n|rule|Species Clause: Limit one of each Pok\u00e9mon\n|rule|Item Clause: Limit one of each item\n|clearpoke\n|poke|p1|Ninetales, L50, M|\n|poke|p1|Farigiraf, L50, M|\n|poke|p1|Typhlosion-Hisui, L50, F|\n|poke|p1|Lilligant-Hisui, L50, F|\n|poke|p1|Flutter Mane, L50|\n|poke|p1|Ursaluna, L50, M|\n|poke|p2|Mimikyu, L50, M|\n|poke|p2|Gothitelle, L50, F|\n|poke|p2|Scream Tail, L50|\n|poke|p2|Heatran, L50, M|\n|poke|p2|Sinistcha, L50|\n|poke|p2|Ogerpon-Wellspring, L50, F|\n|teampreview|4\n|j| spork2000\nolmecssb has agreed to open team sheets.\nE.Bluemage has agreed to open team sheets.\n|showteam|p1|Ninetales||HeatRock|Drought|SolarBeam,Protect,Flamethrower,NastyPlot|||M|||50|,,,,,Grass]Farigiraf||SitrusBerry|ArmorTail|Imprison,HyperVoice,HelpingHand,Psychic|||M|||50|,,,,,Fairy]Typhlosion-Hisui||Charcoal|Blaze|Eruption,InfernalParade,WillOWisp,Protect|||F|||50|,,,,,Fire]Lilligant-Hisui||ExpertBelt|Chlorophyll|SolarBlade,AxeKick,IceSpinner,SleepPowder|||F|||50|,,,,,Fighting]Flutter Mane||LifeOrb|Protosynthesis|Thunderbolt,ShadowBall,Psyshock,Moonblast||||||50|,,,,,Fairy]Ursaluna||AssaultVest|Guts|Earthquake,Facade,CloseCombat,GunkShot|||M|||50|,,,,,Ghost\n|showteam|p2|Mimikyu||AguavBerry|Disguise|TrickRoom,PlayRough,Curse,Protect|||M|||50|,,,,,Fire]Gothitelle||SitrusBerry|ShadowTag|FakeOut,Psychic,HealPulse,Protect|||F|||50|,,,,,Fighting]Scream Tail||MentalHerb|Protosynthesis|Protect,PerishSong,Disable,Encore||||||50|,,,,,Dark]Heatran||Leftovers|FlashFire|HeatWave,FlashCannon,IronDefense,Protect|||M|||50|,,,,,Grass]Sinistcha||ShellBell|Hospitality|MatchaGotcha,Protect,CalmMind,StrengthSap||||||50|,,,,,Steel]Ogerpon-Wellspring||WellspringMask|WaterAbsorb|IvyCudgel,HornLeech,SwordsDance,SpikyShield|||F|||50|,,,,,Water\n|j| Bardemis\n|inactive|Battle timer is ON: inactive players will automatically lose when time's up. (requested by E.Bluemage)\n|\n|t:|1699755545\n|start\n|switch|p1a: Amaterasu|Ninetales, L50, M|100\/100\n|switch|p1b: Skipmore|Lilligant-Hisui, L50, F|100\/100\n|switch|p2a: Shrek-pon|Ogerpon-Wellspring, L50, F|100\/100\n|switch|p2b: Pebbles|Scream Tail, L50|100\/100\n|-weather|SunnyDay|[from] ability: Drought|[of] p1a: Amaterasu\n|-activate|p2b: Pebbles|ability: Protosynthesis\n|-start|p2b: Pebbles|protosynthesisspe\n|turn|1\n|inactive|E.Bluemage has 30 seconds left.\n|\n|t:|1699755580\n|switch|p2a: Chess Board|Gothitelle, L50, F|100\/100\n|-terastallize|p1a: Amaterasu|Grass\n|move|p1b: Skipmore|Sleep Powder|p2b: Pebbles|[miss]\n|-miss|p1b: Skipmore|p2b: Pebbles\n|move|p2b: Pebbles|Perish Song|p2b: Pebbles\n|-start|p1a: Amaterasu|perish3|[silent]\n|-start|p1b: Skipmore|perish3|[silent]\n|-start|p2a: Chess Board|perish3|[silent]\n|-start|p2b: Pebbles|perish3|[silent]\n|-fieldactivate|move: Perish Song\n|move|p1a: Amaterasu|Flamethrower|p2a: Chess Board\n|-damage|p2a: Chess Board|64\/100\n|\n|-weather|SunnyDay|[upkeep]\n|-start|p1b: Skipmore|perish3\n|-start|p2b: Pebbles|perish3\n|-start|p1a: Amaterasu|perish3\n|-start|p2a: Chess Board|perish3\n|upkeep\n|turn|2\n|inactive|E.Bluemage has 30 seconds left.\n|\n|t:|1699755607\n|move|p1b: Skipmore|Solar Blade||[still]\n|-prepare|p1b: Skipmore|Solar Blade\n|-anim|p1b: Skipmore|Solar Blade|p2a: Chess Board\n|-damage|p2a: Chess Board|1\/100\n|-enditem|p2a: Chess Board|Sitrus Berry|[eat]\n|-heal|p2a: Chess Board|26\/100|[from] item: Sitrus Berry\n|move|p2b: Pebbles|Disable|p1a: Amaterasu\n|-start|p1a: Amaterasu|Disable|Flamethrower\n|cant|p1a: Amaterasu|Disable|Flamethrower\n|move|p2a: Chess Board|Psychic|p1b: Skipmore\n|-supereffective|p1b: Skipmore\n|-crit|p1b: Skipmore\n|-damage|p1b: Skipmore|0 fnt\n|faint|p1b: Skipmore\n|\n|-weather|SunnyDay|[upkeep]\n|-start|p2b: Pebbles|perish2\n|-start|p1a: Amaterasu|perish2\n|-start|p2a: Chess Board|perish2\n|upkeep\n|\n|t:|1699755625\n|switch|p1b: Shinki|Typhlosion-Hisui, L50, F|100\/100\n|turn|3\n|\n|t:|1699755639\n|switch|p2a: Ground is lava|Heatran, L50, M|100\/100\n|move|p2b: Pebbles|Perish Song|p2b: Pebbles\n|-start|p1b: Shinki|perish3|[silent]\n|-start|p2a: Ground is lava|perish3|[silent]\n|-fieldactivate|move: Perish Song\n|move|p1a: Amaterasu|Solar Beam||[still]\n|-prepare|p1a: Amaterasu|Solar Beam\n|-anim|p1a: Amaterasu|Solar Beam|p2a: Ground is lava\n|-resisted|p2a: Ground is lava\n|-damage|p2a: Ground is lava|93\/100\n|move|p1b: Shinki|Eruption|p2a: Ground is lava|[spread] p2b\n|-start|p2a: Ground is lava|ability: Flash Fire\n|-damage|p2b: Pebbles|27\/100\n|\n|-weather|SunnyDay|[upkeep]\n|-heal|p2a: Ground is lava|99\/100|[from] item: Leftovers\n|-start|p2b: Pebbles|perish1\n|-start|p1a: Amaterasu|perish1\n|-start|p1b: Shinki|perish3\n|-start|p2a: Ground is lava|perish3\n|upkeep\n|turn|4\n|inactive|E.Bluemage has 30 seconds left.\n|inactive|olmecssb has 30 seconds left.\n|inactive|E.Bluemage has 20 seconds left.\n|\n|t:|1699755675\n|switch|p1a: Mima|Flutter Mane, L50|100\/100\n|-activate|p1a: Mima|ability: Protosynthesis\n|-start|p1a: Mima|protosynthesisspe\n|move|p2b: Pebbles|Disable|p1b: Shinki\n|-start|p1b: Shinki|Disable|Eruption\n|move|p1b: Shinki|Infernal Parade|p2a: Ground is lava\n|-damage|p2a: Ground is lava|82\/100\n|move|p2a: Ground is lava|Heat Wave|p1b: Shinki|[spread] p1a,p1b\n|-resisted|p1b: Shinki\n|-damage|p1a: Mima|27\/100\n|-damage|p1b: Shinki|55\/100\n|\n|-weather|SunnyDay|[upkeep]\n|-heal|p2a: Ground is lava|88\/100|[from] item: Leftovers\n|-start|p2b: Pebbles|perish0\n|-start|p1b: Shinki|perish2\n|faint|p2b: Pebbles\n|-end|p2b: Pebbles|Protosynthesis|[silent]\n|-start|p2a: Ground is lava|perish2\n|upkeep\n|\n|t:|1699755692\n|switch|p2b: Shrek-pon|Ogerpon-Wellspring, L50, F|100\/100\n|turn|5\n|\n|t:|1699755703\n|-terastallize|p2b: Shrek-pon|Water\n|detailschange|p2b: Shrek-pon|Ogerpon-Wellspring-Tera, L50, F, tera:Water\n|-ability|p2b: Shrek-pon|Embody Aspect (Wellspring)|boost\n|-boost|p2b: Shrek-pon|spd|1\n|move|p1b: Shinki|Protect|p1b: Shinki\n|-singleturn|p1b: Shinki|Protect\n|move|p1a: Mima|Thunderbolt|p2b: Shrek-pon\n|-supereffective|p2b: Shrek-pon\n|-damage|p2b: Shrek-pon|36\/100\n|-damage|p1a: Mima|17\/100|[from] item: Life Orb\n|move|p2b: Shrek-pon|Ivy Cudgel|p1a: Mima\n|-crit|p1a: Mima\n|-damage|p1a: Mima|0 fnt\n|faint|p1a: Mima\n|-end|p1a: Mima|Protosynthesis|[silent]\n|move|p2a: Ground is lava|Heat Wave|p1b: Shinki\n|-activate|p1b: Shinki|move: Protect\n|\n|-weather|SunnyDay|[upkeep]\n|-heal|p2a: Ground is lava|94\/100|[from] item: Leftovers\n|-start|p1b: Shinki|perish1\n|-start|p2a: Ground is lava|perish1\n|upkeep\n|\n|t:|1699755723\n|switch|p1a: Amaterasu|Ninetales, L50, M, tera:Grass|100\/100\n|turn|6\n|\n|t:|1699755741\n|-end|p2a: Ground is lava|ability: Flash Fire|[silent]\n|switch|p2a: Chess Board|Gothitelle, L50, F|26\/100\n|move|p2b: Shrek-pon|Spiky Shield|p2b: Shrek-pon\n|-singleturn|p2b: Shrek-pon|move: Protect\n|move|p1a: Amaterasu|Solar Beam||[still]\n|-prepare|p1a: Amaterasu|Solar Beam\n|-anim|p1a: Amaterasu|Solar Beam|p2b: Shrek-pon\n|-activate|p2b: Shrek-pon|move: Protect\n|move|p1b: Shinki|Infernal Parade|p2a: Chess Board\n|-supereffective|p2a: Chess Board\n|-damage|p2a: Chess Board|0 fnt\n|faint|p2a: Chess Board\n|\n|-weather|SunnyDay|[upkeep]\n|-start|p1b: Shinki|perish0\n|faint|p1b: Shinki\n|upkeep\n|\n|t:|1699755753\n|switch|p2a: Ground is lava|Heatran, L50, M|94\/100\n|turn|7\n|\n|t:|1699755764\n|move|p2b: Shrek-pon|Spiky Shield|p2b: Shrek-pon\n|-singleturn|p2b: Shrek-pon|move: Protect\n|move|p1a: Amaterasu|Solar Beam||[still]\n|-prepare|p1a: Amaterasu|Solar Beam\n|-anim|p1a: Amaterasu|Solar Beam|p2b: Shrek-pon\n|-activate|p2b: Shrek-pon|move: Protect\n|move|p2a: Ground is lava|Heat Wave|p1a: Amaterasu\n|-supereffective|p1a: Amaterasu\n|-damage|p1a: Amaterasu|0 fnt\n|faint|p1a: Amaterasu\n|\n|win|olmecssb\n|inactive|E.Bluemage has 50 seconds to confirm battle start!\n|inactive|olmecssb has 50 seconds to confirm battle start!\n|c|&|\/uhtml prompt-ebluemage,E.Bluemage is ready for game 3!\n","uploadtime":1699755779,"views":32,"p1id":"ebluemage","p2id":"olmecssb","formatid":"gen9vgc2023regulatione","rating":0,"private":0,"password":""}