{"id":"gen9vgc2023regulatione-1988639272","p1":"redgar2","p2":"Steve9999","format":"[Gen 9] VGC 2023 Regulation E","log":"|j|\u2606redgar2\n|j|\u2606Steve9999\n|t:|1699744976\n|gametype|doubles\n|player|p1|redgar2|1|1171\n|player|p2|Steve9999|170|1171\n|teamsize|p1|6\n|teamsize|p2|6\n|gen|9\n|tier|[Gen 9] VGC 2023 Regulation E\n|rated|\n|rule|Species Clause: Limit one of each Pok\u00e9mon\n|rule|Item Clause: Limit one of each item\n|clearpoke\n|poke|p1|Snorlax, L50, M|\n|poke|p1|Mimikyu, L50, F|\n|poke|p1|Sinistcha, L50|\n|poke|p1|Indeedee-F, L50, F|\n|poke|p1|Hatterene, L50, F|\n|poke|p1|Iron Hands, L50|\n|poke|p2|Iron Hands, L50|\n|poke|p2|Farigiraf, L50, M|\n|poke|p2|Iron Bundle, L50|\n|poke|p2|Chi-Yu, L50|\n|poke|p2|Gholdengo, L50|\n|poke|p2|Sylveon, L50, M|\n|teampreview|4\nredgar2 rejected open team sheets.\n|inactive|Battle timer is ON: inactive players will automatically lose when time's up. (requested by redgar2)\n|\n|t:|1699745035\n|start\n|switch|p1a: Snorlax|Snorlax, L50, M, shiny|100\/100\n|switch|p1b: Mimikyu|Mimikyu, L50, F|100\/100\n|switch|p2a: Chi-Yu|Chi-Yu, L50|100\/100\n|switch|p2b: Sylveon|Sylveon, L50, M|100\/100\n|-ability|p2a: Chi-Yu|Beads of Ruin\n|turn|1\n|inactive|Steve9999 has 30 seconds left.\n|\n|t:|1699745064\n|move|p2a: Chi-Yu|Overheat|p1a: Snorlax\n|-damage|p1a: Snorlax|66\/100\n|-unboost|p2a: Chi-Yu|spa|2\n|move|p2b: Sylveon|Hyper Voice|p1b: Mimikyu|[spread] p1a,p1b\n|-damage|p1a: Snorlax|37\/100\n|-activate|p1b: Mimikyu|ability: Disguise\n|-damage|p1b: Mimikyu|100\/100\n|detailschange|p1b: Mimikyu|Mimikyu-Busted, L50, F\n|-damage|p1b: Mimikyu|88\/100|[from] pokemon: Mimikyu-Busted\n|-enditem|p1a: Snorlax|Sitrus Berry|[eat]\n|-heal|p1a: Snorlax|62\/100|[from] item: Sitrus Berry\n|-enditem|p2b: Sylveon|Throat Spray\n|-boost|p2b: Sylveon|spa|1|[from] item: Throat Spray\n|move|p1a: Snorlax|Belly Drum|p1a: Snorlax\n|-damage|p1a: Snorlax|12\/100\n|-setboost|p1a: Snorlax|atk|6|[from] move: Belly Drum\n|move|p1b: Mimikyu|Trick Room|p1b: Mimikyu\n|-fieldstart|move: Trick Room|[of] p1b: Mimikyu\n|\n|upkeep\n|turn|2\n|inactive|redgar2 has 30 seconds left.\n|inactive|Steve9999 has 30 seconds left.\n|inactive|redgar2 has 20 seconds left.\n|inactive|Steve9999 has 20 seconds left.\n|\n|t:|1699745106\n|switch|p1b: Sinistcha|Sinistcha, L50|100\/100\n|-heal|p1a: Snorlax|37\/100|[from] ability: Hospitality|[of] p1b: Sinistcha\n|move|p2b: Sylveon|Protect|p2b: Sylveon\n|-singleturn|p2b: Sylveon|Protect\n|move|p2a: Chi-Yu|Protect|p2a: Chi-Yu\n|-singleturn|p2a: Chi-Yu|Protect\n|move|p1a: Snorlax|Body Slam|p2b: Sylveon\n|-activate|p2b: Sylveon|move: Protect\n|\n|upkeep\n|turn|3\n|\n|t:|1699745130\n|switch|p1b: Hatterene|Hatterene, L50, F|100\/100\n|switch|p2b: Gholdengo|Gholdengo, L50|100\/100\n|switch|p2a: Iron Hands|Iron Hands, L50, shiny|100\/100\n|move|p1a: Snorlax|Body Slam|p2b: Gholdengo\n|-immune|p2b: Gholdengo\n|\n|upkeep\n|turn|4\n|inactive|redgar2 has 30 seconds left.\n|\n|t:|1699745156\n|switch|p1b: Sinistcha|Sinistcha, L50|100\/100\n|-heal|p1a: Snorlax|62\/100|[from] ability: Hospitality|[of] p1b: Sinistcha\n|move|p2a: Iron Hands|Fake Out|p1a: Snorlax\n|-damage|p1a: Snorlax|50\/100\n|cant|p1a: Snorlax|flinch\n|move|p2b: Gholdengo|Nasty Plot|p2b: Gholdengo\n|-boost|p2b: Gholdengo|spa|2\n|\n|upkeep\n|turn|5\n|inactive|redgar2 has 30 seconds left.\n|inactive|redgar2 has 20 seconds left.\n|\n|t:|1699745194\n|-terastallize|p2b: Gholdengo|Dragon\n|move|p1a: Snorlax|Body Slam|p2a: Iron Hands\n|-damage|p2a: Iron Hands|0 fnt\n|faint|p2a: Iron Hands\n|-end|p2a: Iron Hands|Quark Drive|[silent]\n|move|p1b: Sinistcha|Matcha Gotcha|p2b: Gholdengo|[miss]\n|-miss|p1b: Sinistcha|p2b: Gholdengo\n|move|p2b: Gholdengo|Make It Rain|p1a: Snorlax|[spread] p1a,p1b\n|-damage|p1a: Snorlax|0 fnt\n|-damage|p1b: Sinistcha|0 fnt\n|-unboost|p2b: Gholdengo|spa|1\n|faint|p1a: Snorlax\n|faint|p1b: Sinistcha\n|-damage|p2b: Gholdengo|91\/100|[from] item: Life Orb\n|\n|-fieldend|move: Trick Room\n|upkeep\n|\n|t:|1699745209\n|switch|p1b: Mimikyu|Mimikyu-Busted, L50, F|88\/100\n|switch|p2a: Chi-Yu|Chi-Yu, L50|100\/100\n|switch|p1a: Hatterene|Hatterene, L50, F|100\/100\n|-ability|p2a: Chi-Yu|Beads of Ruin\n|turn|6\n|\n|t:|1699745226\n|move|p1a: Hatterene|Protect|p1a: Hatterene\n|-singleturn|p1a: Hatterene|Protect\n|move|p2a: Chi-Yu|Heat Wave|p1b: Mimikyu|[spread] p1b\n|-activate|p1a: Hatterene|move: Protect\n|-damage|p1b: Mimikyu|36\/100\n|move|p2b: Gholdengo|Make It Rain|p1a: Hatterene|[spread] p1b\n|-activate|p1a: Hatterene|move: Protect\n|-supereffective|p1b: Mimikyu\n|-damage|p1b: Mimikyu|0 fnt\n|-unboost|p2b: Gholdengo|spa|1\n|faint|p1b: Mimikyu\n|-damage|p2b: Gholdengo|81\/100|[from] item: Life Orb\n|\n|upkeep\n|turn|7\n|\n|t:|1699745245\n|-terastallize|p1a: Hatterene|Fairy\n|move|p2a: Chi-Yu|Dark Pulse|p1a: Hatterene\n|-resisted|p1a: Hatterene\n|-damage|p1a: Hatterene|68\/100\n|move|p2b: Gholdengo|Shadow Ball|p1a: Hatterene\n|-damage|p1a: Hatterene|0 fnt\n|faint|p1a: Hatterene\n|-damage|p2b: Gholdengo|71\/100|[from] item: Life Orb\n|\n|win|Steve9999\n|raw|redgar2's rating: 1171 &rarr; <strong>1146<\/strong><br \/>(-25 for losing)\n|raw|Steve9999's rating: 1171 &rarr; <strong>1196<\/strong><br \/>(+25 for winning)\n|l|\u2606redgar2\n","uploadtime":1699745257,"views":11,"p1id":"redgar2","p2id":"steve9999","formatid":"gen9vgc2023regulatione","rating":1146,"private":0,"password":""}