{"id":"gen9vgc2023regulatione-1992015208","p1":"Yukesantai","p2":"StarkHD","format":"[Gen 9] VGC 2023 Regulation E","log":"|j|\u2606Yukesantai\n|j|\u2606StarkHD\n|t:|1700147896\n|gametype|doubles\n|player|p1|Yukesantai|1|1486\n|player|p2|StarkHD|1|1529\n|teamsize|p1|6\n|teamsize|p2|6\n|gen|9\n|tier|[Gen 9] VGC 2023 Regulation E\n|rated|\n|rule|Species Clause: Limit one of each Pok\u00e9mon\n|rule|Item Clause: Limit one of each item\n|clearpoke\n|poke|p1|Arcanine-Hisui, L50, M|\n|poke|p1|Regidrago, L50|\n|poke|p1|Tornadus, L50, M|\n|poke|p1|Urshifu-*, L50, M|\n|poke|p1|Clefairy, L50, F|\n|poke|p1|Sinistcha, L50|\n|poke|p2|Ninetales-Alola, L50, M|\n|poke|p2|Roaring Moon, L50|\n|poke|p2|Gholdengo, L50|\n|poke|p2|Heatran, L50, F|\n|poke|p2|Iron Hands, L50|\n|poke|p2|Ogerpon-Wellspring, L50, F|\n|teampreview|4\n|inactive|Battle timer is ON: inactive players will automatically lose when time's up. (requested by StarkHD)\n|\n|t:|1700147932\n|start\n|switch|p1a: Tornadus|Tornadus, L50, M|100\/100\n|switch|p1b: Arcanine|Arcanine-Hisui, L50, M|100\/100\n|switch|p2a: Ninetales|Ninetales-Alola, L50, M, shiny|100\/100\n|switch|p2b: Roaring Moon|Roaring Moon, L50, shiny|100\/100\n|-weather|Snow|[from] ability: Snow Warning|[of] p2a: Ninetales\n|-ability|p1b: Arcanine|Intimidate|boost\n|-unboost|p2a: Ninetales|atk|1\n|-unboost|p2b: Roaring Moon|atk|1\n|-enditem|p2b: Roaring Moon|Booster Energy\n|-activate|p2b: Roaring Moon|ability: Protosynthesis|[fromitem]\n|-start|p2b: Roaring Moon|protosynthesisspe\n|turn|1\n|inactive|Yukesantai has 30 seconds left.\n|\n|t:|1700147961\n|switch|p1b: Clefairy|Clefairy, L50, F, shiny|100\/100\n|move|p2a: Ninetales|Protect|p2a: Ninetales\n|-singleturn|p2a: Ninetales|Protect\n|move|p1a: Tornadus|Nasty Plot|p1a: Tornadus\n|-boost|p1a: Tornadus|spa|2\n|move|p2b: Roaring Moon|Knock Off|p1b: Clefairy\n|-resisted|p1b: Clefairy\n|-damage|p1b: Clefairy|89\/100\n|-enditem|p1b: Clefairy|Eviolite|[from] move: Knock Off|[of] p2b: Roaring Moon\n|\n|-weather|Snow|[upkeep]\n|upkeep\n|turn|2\n|\n|t:|1700147985\n|-terastallize|p1a: Tornadus|Ghost\n|move|p1b: Clefairy|Follow Me|p1b: Clefairy\n|-singleturn|p1b: Clefairy|move: Follow Me\n|move|p1a: Tornadus|Tailwind|p1a: Tornadus\n|-sidestart|p1: Yukesantai|move: Tailwind\n|move|p2b: Roaring Moon|Knock Off|p1b: Clefairy\n|-resisted|p1b: Clefairy\n|-damage|p1b: Clefairy|77\/100\n|move|p2a: Ninetales|Aurora Veil|p2a: Ninetales\n|-sidestart|p2: StarkHD|move: Aurora Veil\n|\n|-weather|Snow|[upkeep]\n|upkeep\n|turn|3\n|\n|t:|1700148008\n|move|p1b: Clefairy|Follow Me|p1b: Clefairy\n|-singleturn|p1b: Clefairy|move: Follow Me\n|move|p1a: Tornadus|Nasty Plot|p1a: Tornadus\n|-boost|p1a: Tornadus|spa|2\n|move|p2b: Roaring Moon|Tailwind|p2b: Roaring Moon\n|-sidestart|p2: StarkHD|move: Tailwind\n|move|p2a: Ninetales|Icy Wind|p1b: Clefairy|[spread] p1a,p1b\n|-crit|p1a: Tornadus\n|-damage|p1a: Tornadus|87\/100\n|-damage|p1b: Clefairy|61\/100\n|-unboost|p1a: Tornadus|spe|1\n|-unboost|p1b: Clefairy|spe|1\n|\n|-weather|Snow|[upkeep]\n|upkeep\n|turn|4\n|\n|t:|1700148025\n|switch|p2a: Gholdengo|Gholdengo, L50, shiny|100\/100\n|move|p2b: Roaring Moon|Protect|p2b: Roaring Moon\n|-singleturn|p2b: Roaring Moon|Protect\n|move|p1b: Clefairy|Follow Me|p1b: Clefairy\n|-singleturn|p1b: Clefairy|move: Follow Me\n|move|p1a: Tornadus|Bleakwind Storm|p2a: Gholdengo|[spread] p2a\n|-activate|p2b: Roaring Moon|move: Protect\n|-resisted|p2a: Gholdengo\n|-damage|p2a: Gholdengo|57\/100\n|\n|-weather|Snow|[upkeep]\n|upkeep\n|turn|5\n|inactive|StarkHD has 30 seconds left.\n|\n|t:|1700148057\n|move|p1b: Clefairy|Follow Me|p1b: Clefairy\n|-singleturn|p1b: Clefairy|move: Follow Me\n|move|p2b: Roaring Moon|Knock Off|p1b: Clefairy\n|-resisted|p1b: Clefairy\n|-damage|p1b: Clefairy|49\/100\n|move|p2a: Gholdengo|Make It Rain|p1b: Clefairy|[spread] p1a,p1b\n|-supereffective|p1b: Clefairy\n|-damage|p1a: Tornadus|33\/100\n|-damage|p1b: Clefairy|0 fnt\n|-unboost|p2a: Gholdengo|spa|1\n|faint|p1b: Clefairy\n|move|p1a: Tornadus|Bleakwind Storm|p2b: Roaring Moon|[spread] p2a,p2b\n|-resisted|p2a: Gholdengo\n|-damage|p2a: Gholdengo|10\/100\n|-damage|p2b: Roaring Moon|26\/100\n|\n|-weather|none\n|-sideend|p1: Yukesantai|move: Tailwind\n|upkeep\n|\n|t:|1700148079\n|switch|p1b: Arcanine|Arcanine-Hisui, L50, M|100\/100\n|-ability|p1b: Arcanine|Intimidate|boost\n|-unboost|p2a: Gholdengo|atk|1\n|-unboost|p2b: Roaring Moon|atk|1\n|turn|6\n|\n|t:|1700148095\n|-terastallize|p2b: Roaring Moon|Poison\n|move|p1a: Tornadus|Tailwind|p1a: Tornadus\n|-sidestart|p1: Yukesantai|move: Tailwind\n|move|p2b: Roaring Moon|Breaking Swipe|p1b: Arcanine|[spread] p1a,p1b\n|-damage|p1a: Tornadus|20\/100\n|-damage|p1b: Arcanine|89\/100\n|-unboost|p1a: Tornadus|atk|1\n|-unboost|p1b: Arcanine|atk|1\n|move|p1b: Arcanine|Flare Blitz|p2a: Gholdengo\n|-supereffective|p2a: Gholdengo\n|-damage|p2a: Gholdengo|0 fnt\n|faint|p2a: Gholdengo\n|-damage|p1b: Arcanine|86\/100|[from] Recoil\n|\n|-sideend|p2: StarkHD|move: Tailwind\n|upkeep\n|\n|t:|1700148106\n|switch|p2a: Iron Hands|Iron Hands, L50, shiny|100\/100\n|turn|7\n|\n|t:|1700148117\n|switch|p1b: Urshifu|Urshifu-Rapid-Strike, L50, M|100\/100\n|move|p2b: Roaring Moon|Knock Off|p1a: Tornadus\n|-supereffective|p1a: Tornadus\n|-damage|p1a: Tornadus|0 fnt\n|-enditem|p1a: Tornadus|Sharp Beak|[from] move: Knock Off|[of] p2b: Roaring Moon\n|faint|p1a: Tornadus\n|move|p2a: Iron Hands|Drain Punch|p1b: Urshifu\n|-damage|p1b: Urshifu|63\/100\n|\n|upkeep\n|\n|t:|1700148128\n|switch|p1a: Arcanine|Arcanine-Hisui, L50, M|86\/100\n|-ability|p1a: Arcanine|Intimidate|boost\n|-unboost|p2a: Iron Hands|atk|1\n|-unboost|p2b: Roaring Moon|atk|1\n|turn|8\n|\n|t:|1700148150\n|move|p1b: Urshifu|Surging Strikes|p2a: Iron Hands\n|-crit|p2a: Iron Hands\n|-damage|p2a: Iron Hands|87\/100\n|-crit|p2a: Iron Hands\n|-damage|p2a: Iron Hands|72\/100\n|-crit|p2a: Iron Hands\n|-damage|p2a: Iron Hands|58\/100\n|-hitcount|p2a: Iron Hands|3\n|move|p1a: Arcanine|Flare Blitz|p2b: Roaring Moon\n|-damage|p2b: Roaring Moon|0 fnt\n|faint|p2b: Roaring Moon\n|-end|p2b: Roaring Moon|Protosynthesis|[silent]\n|-damage|p1a: Arcanine|78\/100|[from] Recoil\n|move|p2a: Iron Hands|Drain Punch|p1a: Arcanine\n|-supereffective|p1a: Arcanine\n|-damage|p1a: Arcanine|26\/100\n|-heal|p2a: Iron Hands|80\/100|[from] drain|[of] p1a: Arcanine\n|\n|upkeep\n|\n|t:|1700148164\n|switch|p2b: Ninetales|Ninetales-Alola, L50, M, shiny|100\/100\n|-weather|Snow|[from] ability: Snow Warning|[of] p2b: Ninetales\n|turn|9\n|\n|t:|1700148172\n|move|p1b: Urshifu|Surging Strikes|p2a: Iron Hands\n|-crit|p2a: Iron Hands\n|-damage|p2a: Iron Hands|65\/100\n|-crit|p2a: Iron Hands\n|-damage|p2a: Iron Hands|51\/100\n|-crit|p2a: Iron Hands\n|-damage|p2a: Iron Hands|37\/100\n|-hitcount|p2a: Iron Hands|3\n|move|p1a: Arcanine|Flare Blitz|p2a: Iron Hands\n|-damage|p2a: Iron Hands|4\/100\n|-damage|p1a: Arcanine|13\/100|[from] Recoil\n|move|p2b: Ninetales|Moonblast|p1b: Urshifu\n|-supereffective|p1b: Urshifu\n|-damage|p1b: Urshifu|0 fnt\n|faint|p1b: Urshifu\n|move|p2a: Iron Hands|Drain Punch|p1a: Arcanine\n|-supereffective|p1a: Arcanine\n|-damage|p1a: Arcanine|0 fnt\n|-heal|p2a: Iron Hands|9\/100|[from] drain|[of] p1a: Arcanine\n|faint|p1a: Arcanine\n|\n|win|StarkHD\n|raw|Yukesantai's rating: 1486 &rarr; <strong>1468<\/strong><br \/>(-18 for losing)\n|raw|StarkHD's rating: 1529 &rarr; <strong>1547<\/strong><br \/>(+18 for winning)\n|l|\u2606Yukesantai\n","uploadtime":1700148190,"views":26,"p1id":"yukesantai","p2id":"starkhd","formatid":"gen9vgc2023regulatione","rating":1468,"private":0,"password":""}