{"id":"gen9vgc2023regulatione-1996886917","p1":"FloridaParkingLot","p2":"prophetblack","format":"[Gen 9] VGC 2023 Regulation E","log":"|j|\u2606FloridaParkingLot\n|j|\u2606prophetblack\n|t:|1700740459\n|gametype|doubles\n|player|p1|FloridaParkingLot|170|1322\n|player|p2|prophetblack|hilda|1294\n|teamsize|p1|6\n|teamsize|p2|6\n|gen|9\n|tier|[Gen 9] VGC 2023 Regulation E\n|rated|\n|rule|Species Clause: Limit one of each Pok\u00e9mon\n|rule|Item Clause: Limit one of each item\n|clearpoke\n|poke|p1|Iron Hands, L50|\n|poke|p1|Chi-Yu, L50|\n|poke|p1|Flutter Mane, L50|\n|poke|p1|Tornadus, L50, M|\n|poke|p1|Landorus-Therian, L50, M|\n|poke|p1|Urshifu-*, L50, M|\n|poke|p2|Weezing, L50, M|\n|poke|p2|Roaring Moon, L50|\n|poke|p2|Ogerpon-Wellspring, L50, F|\n|poke|p2|Arcanine-Hisui, L50, F|\n|poke|p2|Flutter Mane, L50|\n|poke|p2|Iron Hands, L50|\n|teampreview|4\n|inactive|Battle timer is ON: inactive players will automatically lose when time's up. (requested by prophetblack)\n|inactive|FloridaParkingLot has 60 seconds left.\n|inactive|prophetblack has 60 seconds left.\n|\n|t:|1700740502\n|start\n|switch|p1a: Iron Hands|Iron Hands, L50|100\/100\n|switch|p1b: Tornadus|Tornadus, L50, M|100\/100\n|switch|p2a: Arcanine|Arcanine-Hisui, L50, F|100\/100\n|switch|p2b: Flutter Mane|Flutter Mane, L50, shiny|100\/100\n|-ability|p2a: Arcanine|Intimidate|boost\n|-unboost|p1a: Iron Hands|atk|1\n|-unboost|p1b: Tornadus|atk|1\n|turn|1\n|\n|t:|1700740516\n|move|p1a: Iron Hands|Fake Out|p2a: Arcanine\n|-resisted|p2a: Arcanine\n|-damage|p2a: Arcanine|95\/100\n|move|p1b: Tornadus|Tailwind|p1b: Tornadus\n|-sidestart|p1: FloridaParkingLot|move: Tailwind\n|move|p2b: Flutter Mane|Dazzling Gleam|p1b: Tornadus|[spread] p1a,p1b\n|-supereffective|p1a: Iron Hands\n|-damage|p1a: Iron Hands|47\/100\n|-damage|p1b: Tornadus|50\/100\n|cant|p2a: Arcanine|flinch\n|\n|upkeep\n|turn|2\n|\n|t:|1700740530\n|-terastallize|p2a: Arcanine|Fairy\n|move|p1b: Tornadus|Scary Face|p2b: Flutter Mane\n|-unboost|p2b: Flutter Mane|spe|2\n|move|p1a: Iron Hands|Heavy Slam|p2b: Flutter Mane\n|-supereffective|p2b: Flutter Mane\n|-damage|p2b: Flutter Mane|17\/100\n|move|p2a: Arcanine|Rock Slide|p1b: Tornadus|[spread] p1a,p1b\n|-resisted|p1a: Iron Hands\n|-supereffective|p1b: Tornadus\n|-damage|p1a: Iron Hands|34\/100\n|-damage|p1b: Tornadus|0 fnt\n|faint|p1b: Tornadus\n|move|p2b: Flutter Mane|Dazzling Gleam|p1a: Iron Hands\n|-supereffective|p1a: Iron Hands\n|-damage|p1a: Iron Hands|0 fnt\n|faint|p1a: Iron Hands\n|-end|p1a: Iron Hands|Quark Drive|[silent]\n|\n|upkeep\n|\n|t:|1700740542\n|switch|p1b: Flutter Mane|Flutter Mane, L50|100\/100\n|switch|p1a: Chi-Yu|Chi-Yu, L50|100\/100\n|-ability|p1a: Chi-Yu|Beads of Ruin\n|turn|3\n|\n|t:|1700740552\n|move|p1b: Flutter Mane|Dazzling Gleam|p2b: Flutter Mane|[spread] p2a,p2b\n|-damage|p2a: Arcanine|46\/100\n|-damage|p2b: Flutter Mane|0 fnt\n|faint|p2b: Flutter Mane\n|-end|p2b: Flutter Mane|Protosynthesis|[silent]\n|move|p1a: Chi-Yu|Heat Wave|p2a: Arcanine\n|-damage|p2a: Arcanine|0 fnt\n|faint|p2a: Arcanine\n|-damage|p1a: Chi-Yu|90\/100|[from] item: Life Orb\n|\n|upkeep\n|\n|t:|1700740561\n|switch|p2b: Ogerpon|Ogerpon-Wellspring, L50, F|100\/100\n|switch|p2a: Iron Hands|Iron Hands, L50, shiny|100\/100\n|turn|4\n|\n|t:|1700740569\n|-terastallize|p1a: Chi-Yu|Ghost\n|move|p2a: Iron Hands|Fake Out|p1a: Chi-Yu\n|-immune|p1a: Chi-Yu\n|move|p1b: Flutter Mane|Dazzling Gleam|p2a: Iron Hands|[spread] p2a,p2b\n|-supereffective|p2a: Iron Hands\n|-damage|p2a: Iron Hands|56\/100\n|-damage|p2b: Ogerpon|58\/100\n|move|p1a: Chi-Yu|Heat Wave|p2b: Ogerpon|[spread] p2a,p2b\n|-damage|p2a: Iron Hands|24\/100\n|-damage|p2b: Ogerpon|0 fnt\n|faint|p2b: Ogerpon\n|-damage|p1a: Chi-Yu|80\/100|[from] item: Life Orb\n|\n|-sideend|p1: FloridaParkingLot|move: Tailwind\n|upkeep\n|turn|5\n|\n|t:|1700740583\n|move|p1b: Flutter Mane|Dazzling Gleam|p2a: Iron Hands\n|-supereffective|p2a: Iron Hands\n|-damage|p2a: Iron Hands|0 fnt\n|faint|p2a: Iron Hands\n|-end|p2a: Iron Hands|Quark Drive|[silent]\n|\n|win|FloridaParkingLot\n|raw|FloridaParkingLot's rating: 1322 &rarr; <strong>1340<\/strong><br \/>(+18 for winning)\n|raw|prophetblack's rating: 1294 &rarr; <strong>1271<\/strong><br \/>(-23 for losing)\n|l|\u2606prophetblack\n","uploadtime":1700740590,"views":5,"p1id":"floridaparkinglot","p2id":"prophetblack","formatid":"gen9vgc2023regulatione","rating":1271,"private":0,"password":""}