{"id":"gen9vgc2023regulatione-1988800021","p1":"Kat Gaming (Real)","p2":"TestPunchThought","format":"[Gen 9] VGC 2023 Regulation E","log":"|j|\u2606Kat Gaming (Real)\n|j|\u2606TestPunchThought\n|t:|1699764920\n|gametype|doubles\n|player|p1|Kat Gaming (Real)|iris-gen5bw2|1313\n|player|p2|TestPunchThought|unknown|1387\n|teamsize|p1|6\n|teamsize|p2|6\n|gen|9\n|tier|[Gen 9] VGC 2023 Regulation E\n|rated|\n|rule|Species Clause: Limit one of each Pok\u00e9mon\n|rule|Item Clause: Limit one of each item\n|clearpoke\n|poke|p1|Lilligant-Hisui, L50, F|\n|poke|p1|Torkoal, L50, F|\n|poke|p1|Chandelure, L50, F|\n|poke|p1|Goodra-Hisui, L50, F|\n|poke|p1|Iron Hands, L50|\n|poke|p1|Landorus-Therian, L50, M|\n|poke|p2|Arcanine-Hisui, L50, M|\n|poke|p2|Kommo-o, L50, M|\n|poke|p2|Tyranitar, L50, M|\n|poke|p2|Rillaboom, L50, M|\n|poke|p2|Urshifu-*, L50, F|\n|poke|p2|Iron Bundle, L50|\n|teampreview|4\n|\n|t:|1699764939\n|start\n|switch|p1a: Chandelure|Chandelure, L50, F|100\/100\n|switch|p1b: Iron Hands|Iron Hands, L50|100\/100\n|switch|p2a: Rillaboom|Rillaboom, L50, M|100\/100\n|switch|p2b: Arcanine|Arcanine-Hisui, L50, M|100\/100\n|-ability|p2b: Arcanine|Intimidate|boost\n|-unboost|p1a: Chandelure|atk|1\n|-unboost|p1b: Iron Hands|atk|1\n|-fieldstart|move: Grassy Terrain|[from] ability: Grassy Surge|[of] p2a: Rillaboom\n|turn|1\n|\n|t:|1699764962\n|switch|p2a: Tyranitar|Tyranitar, L50, M|100\/100\n|-weather|Sandstorm|[from] ability: Sand Stream|[of] p2a: Tyranitar\n|move|p1b: Iron Hands|Fake Out|p2b: Arcanine\n|-resisted|p2b: Arcanine\n|-damage|p2b: Arcanine|95\/100\n|cant|p2b: Arcanine|flinch\n|move|p1a: Chandelure|Trick Room|p1a: Chandelure\n|-fieldstart|move: Trick Room|[of] p1a: Chandelure\n|\n|-weather|Sandstorm|[upkeep]\n|-damage|p1b: Iron Hands|94\/100|[from] Sandstorm\n|-damage|p1a: Chandelure|95\/100|[from] Sandstorm\n|-heal|p1b: Iron Hands|100\/100|[from] Grassy Terrain\n|-heal|p1a: Chandelure|100\/100|[from] Grassy Terrain\n|-heal|p2b: Arcanine|100\/100|[from] Grassy Terrain\n|upkeep\n|turn|2\n|\n|t:|1699764982\n|-terastallize|p2a: Tyranitar|Psychic\n|move|p2a: Tyranitar|Rock Slide|p1b: Iron Hands|[spread] p1a,p1b\n|-supereffective|p1a: Chandelure\n|-resisted|p1b: Iron Hands\n|-damage|p1a: Chandelure|20\/100\n|-damage|p1b: Iron Hands|91\/100\n|move|p1b: Iron Hands|Volt Switch|p2a: Tyranitar\n|-damage|p2a: Tyranitar|93\/100\n|\n|t:|1699764993\n|-end|p1b: Iron Hands|Quark Drive|[silent]\n|switch|p1b: Torkoal|Torkoal, L50, F|100\/100|[from] Volt Switch\n|-weather|SunnyDay|[from] ability: Drought|[of] p1b: Torkoal\n|move|p1a: Chandelure|Heat Wave|p2a: Tyranitar|[spread] p2a,p2b\n|-resisted|p2b: Arcanine\n|-damage|p2a: Tyranitar|57\/100\n|-damage|p2b: Arcanine|82\/100\n|move|p2b: Arcanine|Will-O-Wisp|p1b: Torkoal|[miss]\n|-miss|p2b: Arcanine|p1b: Torkoal\n|\n|-weather|SunnyDay|[upkeep]\n|-heal|p2a: Tyranitar|62\/100|[from] Grassy Terrain\n|-heal|p1a: Chandelure|26\/100|[from] Grassy Terrain\n|-heal|p2b: Arcanine|88\/100|[from] Grassy Terrain\n|upkeep\n|turn|3\n|\n|t:|1699765007\n|switch|p2a: Rillaboom|Rillaboom, L50, M|100\/100\n|move|p1b: Torkoal|Eruption|p2b: Arcanine|[spread] p2a,p2b\n|-supereffective|p2a: Rillaboom\n|-resisted|p2b: Arcanine\n|-damage|p2a: Rillaboom|0 fnt\n|-damage|p2b: Arcanine|64\/100\n|faint|p2a: Rillaboom\n|move|p1a: Chandelure|Shadow Ball|p2b: Arcanine\n|-damage|p2b: Arcanine|8\/100\n|-enditem|p2b: Arcanine|Sitrus Berry|[eat]\n|-heal|p2b: Arcanine|33\/100|[from] item: Sitrus Berry\n|move|p2b: Arcanine|Rock Slide|p1a: Chandelure|[spread] p1a,p1b\n|-supereffective|p1a: Chandelure\n|-supereffective|p1b: Torkoal\n|-damage|p1a: Chandelure|0 fnt\n|-damage|p1b: Torkoal|56\/100\n|faint|p1a: Chandelure\n|\n|-weather|SunnyDay|[upkeep]\n|-heal|p1b: Torkoal|63\/100|[from] Grassy Terrain\n|-heal|p2b: Arcanine|39\/100|[from] Grassy Terrain\n|upkeep\n|\n|t:|1699765013\n|switch|p1a: Iron Hands|Iron Hands, L50|91\/100\n|switch|p2a: Tyranitar|Tyranitar, L50, M, tera:Psychic|62\/100\n|-weather|Sandstorm|[from] ability: Sand Stream|[of] p2a: Tyranitar\n|turn|4\n|\n|t:|1699765048\n|switch|p1b: Lilligant|Lilligant-Hisui, L50, F|100\/100\n|move|p1a: Iron Hands|Fake Out|p2b: Arcanine\n|-resisted|p2b: Arcanine\n|-damage|p2b: Arcanine|31\/100\n|move|p2a: Tyranitar|Tera Blast|p1a: Iron Hands|[anim] Tera Blast Psychic\n|-supereffective|p1a: Iron Hands\n|-damage|p1a: Iron Hands|32\/100\n|-enditem|p1a: Iron Hands|Sitrus Berry|[eat]\n|-heal|p1a: Iron Hands|57\/100|[from] item: Sitrus Berry\n|cant|p2b: Arcanine|flinch\n|\n|-weather|Sandstorm|[upkeep]\n|-damage|p2a: Tyranitar|57\/100|[from] Sandstorm\n|-damage|p1a: Iron Hands|51\/100|[from] Sandstorm\n|-damage|p1b: Lilligant|94\/100|[from] Sandstorm\n|-heal|p1a: Iron Hands|57\/100|[from] Grassy Terrain\n|-heal|p2a: Tyranitar|62\/100|[from] Grassy Terrain\n|-heal|p2b: Arcanine|37\/100|[from] Grassy Terrain\n|-heal|p1b: Lilligant|100\/100|[from] Grassy Terrain\n|upkeep\n|turn|5\n|\n|t:|1699765082\n|-end|p1a: Iron Hands|Quark Drive|[silent]\n|switch|p1a: Torkoal|Torkoal, L50, F|63\/100\n|-weather|SunnyDay|[from] ability: Drought|[of] p1a: Torkoal\n|-terastallize|p1b: Lilligant|Grass\n|move|p2b: Arcanine|Extreme Speed|p1b: Lilligant\n|-damage|p1b: Lilligant|57\/100\n|move|p2a: Tyranitar|Tera Blast|p1a: Torkoal|[anim] Tera Blast Psychic\n|-damage|p1a: Torkoal|26\/100\n|move|p1b: Lilligant|Sleep Powder|p2a: Tyranitar|[miss]\n|-miss|p1b: Lilligant|p2a: Tyranitar\n|\n|-weather|SunnyDay|[upkeep]\n|-heal|p1a: Torkoal|33\/100|[from] Grassy Terrain\n|-heal|p2a: Tyranitar|68\/100|[from] Grassy Terrain\n|-heal|p2b: Arcanine|43\/100|[from] Grassy Terrain\n|-heal|p1b: Lilligant|63\/100|[from] Grassy Terrain\n|-fieldend|move: Trick Room\n|-fieldend|move: Grassy Terrain\n|upkeep\n|turn|6\n|\n|t:|1699765115\n|switch|p2a: Iron Bundle|Iron Bundle, L50|100\/100\n|-enditem|p2a: Iron Bundle|Booster Energy\n|-activate|p2a: Iron Bundle|ability: Quark Drive|[fromitem]\n|-start|p2a: Iron Bundle|quarkdrivespe\n|move|p1a: Torkoal|Helping Hand|p1b: Lilligant\n|-singleturn|p1b: Lilligant|Helping Hand|[of] p1a: Torkoal\n|move|p1b: Lilligant|Petal Blizzard|p2a: Iron Bundle|[spread] p1a,p2a,p2b\n|-resisted|p1a: Torkoal\n|-supereffective|p2a: Iron Bundle\n|-damage|p1a: Torkoal|8\/100\n|-damage|p2a: Iron Bundle|0 fnt\n|-damage|p2b: Arcanine|0 fnt\n|faint|p2a: Iron Bundle\n|-end|p2a: Iron Bundle|Quark Drive|[silent]\n|faint|p2b: Arcanine\n|\n|-weather|SunnyDay|[upkeep]\n|upkeep\n|\n|t:|1699765125\n|switch|p2b: Tyranitar|Tyranitar, L50, M, tera:Psychic|68\/100\n|-weather|Sandstorm|[from] ability: Sand Stream|[of] p2b: Tyranitar\n|turn|7\n|-message|TestPunchThought forfeited.\n|\n|win|Kat Gaming (Real)\n|raw|Kat Gaming (Real)'s rating: 1313 &rarr; <strong>1337<\/strong><br \/>(+24 for winning)\n|raw|TestPunchThought's rating: 1387 &rarr; <strong>1363<\/strong><br \/>(-24 for losing)\n|l|\u2606TestPunchThought\n","uploadtime":1699765132,"views":14,"p1id":"katgamingreal","p2id":"testpunchthought","formatid":"gen9vgc2023regulatione","rating":1337,"private":0,"password":""}