{"id":"gen9vgc2023regulatione-1993328264","p1":"Joyboy_ssbu","p2":"DoggoGGO","format":"[Gen 9] VGC 2023 Regulation E","log":"|j|\u2606Joyboy_ssbu\n|j|\u2606DoggoGGO\n|t:|1700299295\n|gametype|doubles\n|player|p1|Joyboy_ssbu|alder|1052\n|player|p2|DoggoGGO|pokemonrangerf|1086\n|teamsize|p1|6\n|teamsize|p2|6\n|gen|9\n|tier|[Gen 9] VGC 2023 Regulation E\n|rated|\n|rule|Species Clause: Limit one of each Pok\u00e9mon\n|rule|Item Clause: Limit one of each item\n|clearpoke\n|poke|p1|Empoleon, L50, M|\n|poke|p1|Sinistcha-Masterpiece, L50|\n|poke|p1|Moltres-Galar, L50|\n|poke|p1|Ogerpon-Hearthflame, L50, F|\n|poke|p1|Landorus-Therian, L50, M|\n|poke|p1|Iron Hands, L50|\n|poke|p2|Sinistcha-Masterpiece, L50|\n|poke|p2|Clefairy, L50, F|\n|poke|p2|Ogerpon-Wellspring, L50, F|\n|poke|p2|Arcanine-Hisui, L50, F|\n|poke|p2|Iron Hands, L50|\n|poke|p2|Chi-Yu, L50|\n|teampreview|4\n|inactive|Battle timer is ON: inactive players will automatically lose when time's up. (requested by Joyboy_ssbu)\n|\n|t:|1700299310\n|start\n|switch|p1a: Landorus|Landorus-Therian, L50, M, shiny|100\/100\n|switch|p1b: Iron Hands|Iron Hands, L50|100\/100\n|switch|p2a: The Tea Sis|Sinistcha-Masterpiece, L50|100\/100\n|switch|p2b: Pipii|Clefairy, L50, F|100\/100\n|-ability|p1a: Landorus|Intimidate|boost\n|-unboost|p2a: The Tea Sis|atk|1\n|-unboost|p2b: Pipii|atk|1\n|turn|1\n|inactive|Joyboy_ssbu has 30 seconds left.\n|\n|t:|1700299344\n|move|p2a: The Tea Sis|Protect|p2a: The Tea Sis\n|-singleturn|p2a: The Tea Sis|Protect\n|move|p2b: Pipii|Protect|p2b: Pipii\n|-singleturn|p2b: Pipii|Protect\n|move|p1b: Iron Hands|Fake Out|p2b: Pipii\n|-activate|p2b: Pipii|move: Protect\n|move|p1a: Landorus|U-turn|p2a: The Tea Sis\n|-activate|p2a: The Tea Sis|move: Protect\n|\n|upkeep\n|turn|2\n|\n|t:|1700299362\n|move|p2b: Pipii|Follow Me|p2b: Pipii\n|-singleturn|p2b: Pipii|move: Follow Me\n|move|p1a: Landorus|U-turn|p2b: Pipii\n|-resisted|p2b: Pipii\n|-damage|p2b: Pipii|89\/100\n|\n|t:|1700299367\n|switch|p1a: Ogerpon|Ogerpon-Hearthflame, L50, F|100\/100|[from] U-turn\n|-ability|p1a: Ogerpon|Mold Breaker\n|move|p2a: The Tea Sis|Nasty Plot|p2a: The Tea Sis\n|-boost|p2a: The Tea Sis|spa|2\n|move|p1b: Iron Hands|Heavy Slam|p2b: Pipii\n|-supereffective|p2b: Pipii\n|-damage|p2b: Pipii|11\/100\n|\n|upkeep\n|turn|3\n|inactive|Joyboy_ssbu has 30 seconds left.\n|inactive|DoggoGGO has 30 seconds left.\n|\n|t:|1700299397\n|move|p2b: Pipii|Follow Me|p2b: Pipii\n|-singleturn|p2b: Pipii|move: Follow Me\n|move|p1a: Ogerpon|Ivy Cudgel|p2b: Pipii|[anim] Ivy Cudgel Fire\n|-damage|p2b: Pipii|0 fnt\n|faint|p2b: Pipii\n|move|p2a: The Tea Sis|Shadow Ball|p1a: Ogerpon\n|-damage|p1a: Ogerpon|0 fnt\n|faint|p1a: Ogerpon\n|move|p1b: Iron Hands|Heavy Slam|p2a: The Tea Sis\n|-damage|p2a: The Tea Sis|65\/100\n|\n|upkeep\n|\n|t:|1700299417\n|switch|p1a: Moltres|Moltres-Galar, L50|100\/100\n|switch|p2b: OU|Ogerpon-Wellspring, L50, F|100\/100\n|turn|4\n|\n|t:|1700299429\n|-terastallize|p2a: The Tea Sis|Grass\n|move|p2b: OU|Follow Me|p2b: OU\n|-singleturn|p2b: OU|move: Follow Me\n|move|p1a: Moltres|Air Slash|p2b: OU\n|-supereffective|p2b: OU\n|-damage|p2b: OU|32\/100\n|move|p2a: The Tea Sis|Matcha Gotcha|p1b: Iron Hands|[spread] p1a,p1b\n|-resisted|p1a: Moltres\n|-damage|p1a: Moltres|65\/100\n|-heal|p2a: The Tea Sis|81\/100|[from] drain|[of] p1a: Moltres\n|-damage|p1b: Iron Hands|58\/100\n|-heal|p2a: The Tea Sis|100\/100|[from] drain|[of] p1b: Iron Hands\n|move|p1b: Iron Hands|Wild Charge|p2b: OU\n|-damage|p2b: OU|0 fnt\n|faint|p2b: OU\n|-damage|p1b: Iron Hands|52\/100|[from] Recoil\n|\n|upkeep\n|\n|t:|1700299449\n|switch|p2b: Dog :)|Arcanine-Hisui, L50, F|100\/100\n|-ability|p2b: Dog :)|Intimidate|boost\n|-unboost|p1a: Moltres|atk|1\n|-unboost|p1b: Iron Hands|atk|1\n|turn|5\n|\n|t:|1700299459\n|move|p2b: Dog :)|Rock Slide|p1b: Iron Hands|[spread] p1a,p1b\n|-supereffective|p1a: Moltres\n|-resisted|p1b: Iron Hands\n|-damage|p1a: Moltres|0 fnt\n|-damage|p1b: Iron Hands|41\/100\n|faint|p1a: Moltres\n|move|p2a: The Tea Sis|Matcha Gotcha|p1b: Iron Hands\n|-damage|p1b: Iron Hands|0 fnt\n|faint|p1b: Iron Hands\n|-end|p1b: Iron Hands|Quark Drive|[silent]\n|\n|upkeep\n|\n|t:|1700299472\n|switch|p1b: Landorus|Landorus-Therian, L50, M, shiny|100\/100\n|-ability|p1b: Landorus|Intimidate|boost\n|-unboost|p2a: The Tea Sis|atk|1\n|-unboost|p2b: Dog :)|atk|1\n|turn|6\n|\n|t:|1700299482\n|-terastallize|p1b: Landorus|Flying\n|move|p1b: Landorus|Tera Blast|p2a: The Tea Sis|[anim] Tera Blast Flying\n|-supereffective|p2a: The Tea Sis\n|-enditem|p2a: The Tea Sis|Focus Sash\n|-damage|p2a: The Tea Sis|1\/100\n|move|p2b: Dog :)|Rock Slide|p1b: Landorus|[miss]\n|-miss|p2b: Dog :)|p1b: Landorus\n|move|p2a: The Tea Sis|Shadow Ball|p1b: Landorus\n|-damage|p1b: Landorus|0 fnt\n|faint|p1b: Landorus\n|\n|win|DoggoGGO\n|raw|Joyboy_ssbu's rating: 1052 &rarr; <strong>1036<\/strong><br \/>(-16 for losing)\n|raw|DoggoGGO's rating: 1086 &rarr; <strong>1110<\/strong><br \/>(+24 for winning)\n|l|\u2606Joyboy_ssbu\n","uploadtime":1700299501,"views":26,"p1id":"joyboyssbu","p2id":"doggoggo","formatid":"gen9vgc2023regulatione","rating":1036,"private":0,"password":""}