{"id":"gen9vgc2023regulatione-1988348731","p1":"MudkiperVGC","p2":"MisterGX","format":"[Gen 9] VGC 2023 Regulation E","log":"|j|\u2606MudkiperVGC\n|j|\u2606MisterGX\n|n|\u2606MudkiperVGC|mudkipervgc\n|n|\u2606MisterGX|mistergx\n|html|View the match progress at <a href=\"\/game-bestof3-gen9vgc2023regulatione-1988348730\">game-bestof3-gen9vgc2023regulatione-1988348730<\/a>\n|t:|1699712223\n|gametype|doubles\n|player|p1|MudkiperVGC|steven|\n|player|p2|MisterGX|#vgcplzoruas|\n|teamsize|p1|6\n|teamsize|p2|6\n|gen|9\n|tier|[Gen 9] VGC 2023 Regulation E\n|rule|Species Clause: Limit one of each Pok\u00e9mon\n|rule|Item Clause: Limit one of each item\n|clearpoke\n|poke|p1|Chien-Pao, L50|\n|poke|p1|Tornadus, L50, M|\n|poke|p1|Flutter Mane, L50|\n|poke|p1|Urshifu-*, L50, M|\n|poke|p1|Arcanine-Hisui, L50, M|\n|poke|p1|Rillaboom, L50, M|\n|poke|p2|Gholdengo, L50|\n|poke|p2|Amoonguss, L50, M|\n|poke|p2|Tornadus, L50, M|\n|poke|p2|Urshifu-*, L50, M|\n|poke|p2|Landorus-Therian, L50, M|\n|poke|p2|Chien-Pao, L50|\n|teampreview|4\nMudkiperVGC has agreed to open team sheets.\nMisterGX has agreed to open team sheets.\n|showteam|p1|Chien-Pao||LifeOrb|SwordofRuin|IceSpinner,Crunch,SuckerPunch,Protect||||||50|,,,,,Dark]Tornadus||CovertCloak|Prankster|BleakwindStorm,Tailwind,ScaryFace,RainDance|||M|||50|,,,,,Steel]Flutter Mane||ChoiceSpecs|Protosynthesis|DazzlingGleam,ShadowBall,Moonblast,EnergyBall||||||50|,,,,,Grass]Urshifu-Rapid-Strike||SafetyGoggles|UnseenFist|SurgingStrikes,CloseCombat,AquaJet,Detect|||M|||50|,,,,,Water]Arcanine-Hisui||ChoiceBand|Intimidate|RockSlide,ExtremeSpeed,FlareBlitz,HeadSmash|||M|||50|,,,,,Normal]Rillaboom||AssaultVest|GrassySurge|WoodHammer,FakeOut,GrassyGlide,HighHorsepower|||M|||50|,,,,,Fire\n|showteam|p2|Gholdengo||Leftovers|GoodasGold|MakeItRain,ShadowBall,NastyPlot,Protect||||||50|,,,,,Dragon]Amoonguss||RockyHelmet|Regenerator|Spore,RagePowder,PollenPuff,Protect|||M|||50|,,,,,Water]Tornadus||SitrusBerry|Prankster|Taunt,RainDance,Tailwind,BleakwindStorm|||M|||50|,,,,,Ghost]Urshifu-Rapid-Strike||LifeOrb|UnseenFist|AquaJet,Protect,SurgingStrikes,CloseCombat|||M|||50|,,,,,Poison]Landorus-Therian||ChoiceBand|Intimidate|StompingTantrum,Earthquake,RockSlide,Uturn|||M|||50|,,,,,Water]Chien-Pao||FocusSash|SwordofRuin|Protect,SacredSword,SuckerPunch,IceSpinner||||||50|,,,,,Ghost\n|c|\u2606MudkiperVGC|glhf\n|c|\u2606MisterGX|u2\n|\n|t:|1699712302\n|start\n|switch|p1a: Tornadus|Tornadus, L50, M, shiny|100\/100\n|switch|p1b: Flutter Mane|Flutter Mane, L50, shiny|100\/100\n|switch|p2a: Tornadus|Tornadus, L50, M|100\/100\n|switch|p2b: Mew Mew!|Chien-Pao, L50|100\/100\n|-ability|p2b: Mew Mew!|Sword of Ruin\n|turn|1\n|\n|t:|1699712333\n|move|p1a: Tornadus|Tailwind|p1a: Tornadus\n|-sidestart|p1: MudkiperVGC|move: Tailwind\n|move|p1b: Flutter Mane|Shadow Ball|p2b: Mew Mew!\n|-resisted|p2b: Mew Mew!\n|-crit|p2b: Mew Mew!\n|-damage|p2b: Mew Mew!|24\/100\n|move|p2b: Mew Mew!|Ice Spinner|p1a: Tornadus\n|-supereffective|p1a: Tornadus\n|-damage|p1a: Tornadus|0 fnt\n|faint|p1a: Tornadus\n|move|p2a: Tornadus|Bleakwind Storm|p1b: Flutter Mane\n|-damage|p1b: Flutter Mane|58\/100\n|\n|upkeep\n|\n|t:|1699712343\n|switch|p1a: Urshifu|Urshifu-Rapid-Strike, L50, M|100\/100\n|turn|2\n|\n|t:|1699712379\n|-terastallize|p1a: Urshifu|Water\n|move|p1a: Urshifu|Aqua Jet|p2b: Mew Mew!\n|-damage|p2b: Mew Mew!|0 fnt\n|faint|p2b: Mew Mew!\n|move|p1b: Flutter Mane|Shadow Ball|p2a: Tornadus\n|-damage|p2a: Tornadus|35\/100\n|-enditem|p2a: Tornadus|Sitrus Berry|[eat]\n|-heal|p2a: Tornadus|60\/100|[from] item: Sitrus Berry\n|move|p2a: Tornadus|Bleakwind Storm|p1a: Urshifu|[spread] p1a,p1b\n|-damage|p1a: Urshifu|54\/100\n|-damage|p1b: Flutter Mane|27\/100\n|-unboost|p1a: Urshifu|spe|1\n|\n|upkeep\n|\n|t:|1699712400\n|switch|p2b: Urshifu|Urshifu-Rapid-Strike, L50, M|100\/100\n|turn|3\n|\n|t:|1699712414\n|move|p1a: Urshifu|Aqua Jet|p2a: Tornadus\n|-damage|p2a: Tornadus|30\/100\n|move|p2b: Urshifu|Aqua Jet|p1b: Flutter Mane\n|-damage|p1b: Flutter Mane|0 fnt\n|faint|p1b: Flutter Mane\n|-end|p1b: Flutter Mane|Protosynthesis|[silent]\n|-damage|p2b: Urshifu|91\/100|[from] item: Life Orb\n|move|p2a: Tornadus|Tailwind|p2a: Tornadus\n|-sidestart|p2: MisterGX|move: Tailwind\n|\n|upkeep\n|\n|t:|1699712418\n|switch|p1b: Chien-Pao|Chien-Pao, L50|100\/100\n|-ability|p1b: Chien-Pao|Sword of Ruin\n|turn|4\n|\n|t:|1699712454\n|switch|p2b: Amoonguss|Amoonguss, L50, M, shiny|100\/100\n|move|p1a: Urshifu|Aqua Jet|p2a: Tornadus\n|-damage|p2a: Tornadus|0 fnt\n|faint|p2a: Tornadus\n|move|p1b: Chien-Pao|Crunch|p2b: Amoonguss\n|-damage|p2b: Amoonguss|41\/100\n|-damage|p1b: Chien-Pao|84\/100|[from] item: Rocky Helmet|[of] p2b: Amoonguss\n|-damage|p1b: Chien-Pao|75\/100|[from] item: Life Orb\n|\n|-sideend|p1: MudkiperVGC|move: Tailwind\n|upkeep\n|\n|t:|1699712459\n|switch|p2a: Urshifu|Urshifu-Rapid-Strike, L50, M|91\/100\n|turn|5\n|\n|t:|1699712474\n|move|p2b: Amoonguss|Rage Powder|p2b: Amoonguss\n|-singleturn|p2b: Amoonguss|move: Rage Powder\n|move|p1b: Chien-Pao|Sucker Punch||[still]\n|-fail|p1b: Chien-Pao\n|move|p2a: Urshifu|Close Combat|p1a: Urshifu\n|-damage|p1a: Urshifu|0 fnt\n|-unboost|p2a: Urshifu|def|1\n|-unboost|p2a: Urshifu|spd|1\n|faint|p1a: Urshifu\n|-damage|p2a: Urshifu|82\/100|[from] item: Life Orb\n|\n|upkeep\n|turn|6\n|c|\u2606MudkiperVGC|gg\n|\n|t:|1699712486\n|move|p2b: Amoonguss|Rage Powder|p2b: Amoonguss\n|-singleturn|p2b: Amoonguss|move: Rage Powder\n|move|p2a: Urshifu|Close Combat|p1b: Chien-Pao\n|-supereffective|p1b: Chien-Pao\n|-crit|p1b: Chien-Pao\n|-damage|p1b: Chien-Pao|0 fnt\n|-unboost|p2a: Urshifu|def|1\n|-unboost|p2a: Urshifu|spd|1\n|faint|p1b: Chien-Pao\n|-damage|p2a: Urshifu|72\/100|[from] item: Life Orb\n|\n|win|MisterGX\n|c|\u2606MisterGX|gg\n|c|&|\/uhtml prompt-mudkipervgc,MudkiperVGC is ready for game 2!\n|c|&|\/uhtml prompt-mistergx,MisterGX is ready for game 2!\nBoth players are ready! Starting next match!\n","uploadtime":1699713228,"views":67,"p1id":"mudkipervgc","p2id":"mistergx","formatid":"gen9vgc2023regulatione","rating":0,"private":0,"password":""}