{"id":"gen9vgc2023regulatione-1989139455","p1":"JonaFlores","p2":"Tutkan","format":"[Gen 9] VGC 2023 Regulation E","log":"|j|\u2606JonaFlores\n|j|\u2606Tutkan\n|t:|1699816445\n|gametype|doubles\n|player|p1|JonaFlores|drayden|1289\n|player|p2|Tutkan|170|1326\n|teamsize|p1|6\n|teamsize|p2|6\n|gen|9\n|tier|[Gen 9] VGC 2023 Regulation E\n|rated|\n|rule|Species Clause: Limit one of each Pok\u00e9mon\n|rule|Item Clause: Limit one of each item\n|clearpoke\n|poke|p1|Baxcalibur, L50, M|\n|poke|p1|Kommo-o, L50, M|\n|poke|p1|Gengar, L50, M|\n|poke|p1|Arcanine-Hisui, L50, M|\n|poke|p1|Milotic, L50, M|\n|poke|p1|Grimmsnarl, L50, M|\n|poke|p2|Heatran, L50, M|\n|poke|p2|Chien-Pao, L50|\n|poke|p2|Dragonite, L50, F|\n|poke|p2|Urshifu-*, L50, M|\n|poke|p2|Flutter Mane, L50|\n|poke|p2|Tornadus, L50, M|\n|teampreview|4\n|inactive|Battle timer is ON: inactive players will automatically lose when time's up. (requested by JonaFlores)\n|\n|t:|1699816494\n|start\n|switch|p1a: Arcanine|Arcanine-Hisui, L50, M, shiny|100\/100\n|switch|p1b: Milotic|Milotic, L50, M, shiny|100\/100\n|switch|p2a: Tornadus|Tornadus, L50, M|100\/100\n|switch|p2b: Heatran|Heatran, L50, M|100\/100\n|-ability|p1a: Arcanine|Intimidate|boost\n|-unboost|p2a: Tornadus|atk|1\n|-unboost|p2b: Heatran|atk|1\n|turn|1\n|inactive|Tutkan has 30 seconds left.\n|\n|t:|1699816527\n|-terastallize|p2b: Heatran|Fairy\n|move|p2a: Tornadus|Tailwind|p2a: Tornadus\n|-sidestart|p2: Tutkan|move: Tailwind\n|move|p2b: Heatran|Earth Power|p1a: Arcanine\n|-supereffective|p1a: Arcanine\n|-damage|p1a: Arcanine|0 fnt\n|faint|p1a: Arcanine\n|move|p1b: Milotic|Icy Wind|p2a: Tornadus|[spread] p2a,p2b\n|-supereffective|p2a: Tornadus\n|-damage|p2a: Tornadus|70\/100\n|-damage|p2b: Heatran|93\/100\n|-unboost|p2b: Heatran|spe|1\n|\n|upkeep\n|\n|t:|1699816539\n|switch|p1a: Kommo-o|Kommo-o, L50, M|100\/100\n|turn|2\n|\n|t:|1699816563\n|move|p1a: Kommo-o|Protect|p1a: Kommo-o\n|-singleturn|p1a: Kommo-o|Protect\n|move|p2a: Tornadus|Bleakwind Storm|p1b: Milotic|[spread] p1b\n|-activate|p1a: Kommo-o|move: Protect\n|-damage|p1b: Milotic|73\/100\n|move|p2b: Heatran|Tera Blast|p1a: Kommo-o|[anim] Tera Blast Fairy\n|-activate|p1a: Kommo-o|move: Protect\n|move|p1b: Milotic|Icy Wind|p2a: Tornadus|[spread] p2a,p2b\n|-supereffective|p2a: Tornadus\n|-damage|p2a: Tornadus|38\/100\n|-damage|p2b: Heatran|86\/100\n|-unboost|p2b: Heatran|spe|1\n|\n|upkeep\n|turn|3\n|\n|t:|1699816585\n|-terastallize|p1a: Kommo-o|Steel\n|move|p2a: Tornadus|Bleakwind Storm|p1b: Milotic|[spread] p1a,p1b\n|-resisted|p1a: Kommo-o\n|-damage|p1a: Kommo-o|86\/100\n|-damage|p1b: Milotic|47\/100\n|-unboost|p1b: Milotic|spe|1\n|-ability|p1b: Milotic|Competitive|boost\n|-boost|p1b: Milotic|spa|2\n|move|p2b: Heatran|Tera Blast|p1a: Kommo-o|[anim] Tera Blast Fairy\n|-resisted|p1a: Kommo-o\n|-damage|p1a: Kommo-o|68\/100\n|move|p1a: Kommo-o|Shadow Claw|p2b: Heatran\n|-damage|p2b: Heatran|70\/100\n|move|p1b: Milotic|Scald|p2b: Heatran\n|-damage|p2b: Heatran|27\/100\n|-status|p2b: Heatran|brn\n|\n|-heal|p1a: Kommo-o|74\/100|[from] item: Leftovers\n|-damage|p2b: Heatran|21\/100 brn|[from] brn\n|upkeep\n|turn|4\n|inactive|Tutkan has 30 seconds left.\n|inactive|JonaFlores has 30 seconds left.\n|inactive|Tutkan has 20 seconds left.\n|inactive|Tutkan has 15 seconds left.\n|inactive|Tutkan has 10 seconds left.\n|\n|t:|1699816635\n|move|p2a: Tornadus|Bleakwind Storm|p1a: Kommo-o|[spread] p1a,p1b\n|-resisted|p1a: Kommo-o\n|-damage|p1a: Kommo-o|58\/100\n|-damage|p1b: Milotic|23\/100\n|move|p2b: Heatran|Earth Power|p1a: Kommo-o\n|-supereffective|p1a: Kommo-o\n|-crit|p1a: Kommo-o\n|-damage|p1a: Kommo-o|0 fnt\n|faint|p1a: Kommo-o\n|move|p1b: Milotic|Recover|p1b: Milotic\n|-heal|p1b: Milotic|73\/100\n|\n|-damage|p2b: Heatran|15\/100 brn|[from] brn\n|-sideend|p2: Tutkan|move: Tailwind\n|upkeep\n|\n|t:|1699816641\n|switch|p1a: Grimmsnarl|Grimmsnarl, L50, M, shiny|100\/100\n|turn|5\n|\n|t:|1699816662\n|move|p2a: Tornadus|Tailwind|p2a: Tornadus\n|-sidestart|p2: Tutkan|move: Tailwind\n|move|p2b: Heatran|Flash Cannon|p1a: Grimmsnarl\n|-supereffective|p1a: Grimmsnarl\n|-damage|p1a: Grimmsnarl|14\/100\n|move|p1a: Grimmsnarl|Spirit Break|p2a: Tornadus\n|-damage|p2a: Tornadus|0 fnt\n|faint|p2a: Tornadus\n|move|p1b: Milotic|Scald|p2b: Heatran\n|-damage|p2b: Heatran|0 fnt\n|faint|p2b: Heatran\n|\n|upkeep\n|\n|t:|1699816677\n|switch|p2a: Flutter Mane|Flutter Mane, L50|100\/100\n|switch|p2b: Urshifu|Urshifu-Rapid-Strike, L50, M|100\/100\n|-enditem|p2a: Flutter Mane|Booster Energy\n|-activate|p2a: Flutter Mane|ability: Protosynthesis|[fromitem]\n|-start|p2a: Flutter Mane|protosynthesisspe\n|turn|6\n|\n|t:|1699816694\n|move|p1a: Grimmsnarl|Thunder Wave|p2a: Flutter Mane\n|-status|p2a: Flutter Mane|par\n|move|p2b: Urshifu|Close Combat|p1b: Milotic\n|-damage|p1b: Milotic|10\/100\n|-unboost|p2b: Urshifu|def|1\n|-unboost|p2b: Urshifu|spd|1\n|-damage|p2b: Urshifu|84\/100|[from] item: Rocky Helmet|[of] p1b: Milotic\n|move|p2a: Flutter Mane|Thunderbolt|p1b: Milotic\n|-supereffective|p1b: Milotic\n|-damage|p1b: Milotic|0 fnt\n|faint|p1b: Milotic\n|\n|upkeep\n|turn|7\n|\n|t:|1699816710\n|move|p2b: Urshifu|Close Combat|p1a: Grimmsnarl\n|-damage|p1a: Grimmsnarl|0 fnt\n|-unboost|p2b: Urshifu|def|1\n|-unboost|p2b: Urshifu|spd|1\n|faint|p1a: Grimmsnarl\n|\n|win|Tutkan\n|raw|JonaFlores's rating: 1289 &rarr; <strong>1267<\/strong><br \/>(-22 for losing)\n|raw|Tutkan's rating: 1326 &rarr; <strong>1344<\/strong><br \/>(+18 for winning)\n|l|\u2606JonaFlores\n","uploadtime":1699816733,"views":10,"p1id":"jonaflores","p2id":"tutkan","formatid":"gen9vgc2023regulatione","rating":1267,"private":0,"password":""}