{"id":"gen9vgc2023regulatione-1999000967","p1":"Lycro","p2":"Ariesxvgc","format":"[Gen 9] VGC 2023 Regulation E","log":"|j|\u2606Lycro\n|j|\u2606Ariesxvgc\n|t:|1701022560\n|gametype|doubles\n|player|p1|Lycro|169|\n|player|p2|Ariesxvgc|hilbert-wonderlauncher|\n|teamsize|p1|6\n|teamsize|p2|6\n|gen|9\n|tier|[Gen 9] VGC 2023 Regulation E\n|rule|Species Clause: Limit one of each Pok\u00e9mon\n|rule|Item Clause: Limit one of each item\n|clearpoke\n|poke|p1|Flutter Mane, L50|\n|poke|p1|Arcanine-Hisui, L50, M|\n|poke|p1|Rillaboom, L50, F|\n|poke|p1|Milotic, L50, M|\n|poke|p1|Iron Hands, L50|\n|poke|p1|Cresselia, L50, F|\n|poke|p2|Gholdengo, L50|\n|poke|p2|Iron Hands, L50|\n|poke|p2|Urshifu-*, L50, F|\n|poke|p2|Rillaboom, L50, F|\n|poke|p2|Dragonite, L50, M|\n|poke|p2|Chien-Pao, L50|\n|teampreview|4\nAriesxvgc rejected open team sheets.\n|c|\u2606Lycro|por que rechazas el OTS?\n|c|\u2606Ariesxvgc|Hola bro\n|c|\u2606Lycro|:\/\n|c|\u2606Lycro|Buenas\n|c|\u2606Ariesxvgc|Donde hay que darle\n|c|\u2606Lycro|tenes que elegir a los 4 pokes\n|c|\u2606Ariesxvgc|No veo equipo\n|c|\u2606Lycro|solo preciona con los que queres jugar, en el orden en que los precionas es el orden en el que salen\n|c|\u2606Lycro|.-.\n|c|\u2606Lycro|como que no jajaja\n|\n|t:|1701022653\n|start\n|switch|p1a: Arcanine|Arcanine-Hisui, L50, M|100\/100\n|switch|p1b: Iron Hands|Iron Hands, L50|100\/100\n|switch|p2a: Dragonite|Dragonite, L50, M|100\/100\n|switch|p2b: Chien-Pao|Chien-Pao, L50|100\/100\n|-ability|p2b: Chien-Pao|Sword of Ruin\n|-ability|p1a: Arcanine|Intimidate|boost\n|-fail|p2a: Dragonite|unboost|Attack|[from] ability: Inner Focus|[of] p2a: Dragonite\n|-unboost|p2b: Chien-Pao|atk|1\n|turn|1\n|c|\u2606Ariesxvgc|Listo\n|c|\u2606Lycro|Suerte\n|\n|t:|1701022706\n|-terastallize|p2b: Chien-Pao|Ghost\n|move|p2a: Dragonite|Extreme Speed|p1a: Arcanine\n|-resisted|p1a: Arcanine\n|-damage|p1a: Arcanine|64\/100\n|move|p2b: Chien-Pao|Sacred Sword|p1a: Arcanine\n|-supereffective|p1a: Arcanine\n|-damage|p1a: Arcanine|8\/100\n|-enditem|p1a: Arcanine|Sitrus Berry|[eat]\n|-heal|p1a: Arcanine|33\/100|[from] item: Sitrus Berry\n|move|p1a: Arcanine|Rock Slide|p2b: Chien-Pao|[spread] p2a,p2b\n|-supereffective|p2a: Dragonite\n|-damage|p2a: Dragonite|26\/100\n|-damage|p2b: Chien-Pao|60\/100\n|move|p1b: Iron Hands|Wild Charge|p2a: Dragonite\n|-damage|p2a: Dragonite|0 fnt\n|faint|p2a: Dragonite\n|-damage|p1b: Iron Hands|96\/100|[from] Recoil\n|\n|upkeep\n|\n|t:|1701022731\n|switch|p2a: Rillaboom|Rillaboom, L50, F|100\/100\n|-fieldstart|move: Grassy Terrain|[from] ability: Grassy Surge|[of] p2a: Rillaboom\n|turn|2\n|\n|t:|1701022754\n|-end|p1b: Iron Hands|Quark Drive|[silent]\n|switch|p1b: Flutter Mane|Flutter Mane, L50|100\/100\n|move|p1a: Arcanine|Protect|p1a: Arcanine\n|-singleturn|p1a: Arcanine|Protect\n|move|p2b: Chien-Pao|Icicle Crash|p1a: Arcanine\n|-activate|p1a: Arcanine|move: Protect\n|move|p2a: Rillaboom|Wood Hammer|p1b: Flutter Mane\n|-damage|p1b: Flutter Mane|0 fnt\n|faint|p1b: Flutter Mane\n|-end|p1b: Flutter Mane|Protosynthesis|[silent]\n|-damage|p2a: Rillaboom|78\/100|[from] Recoil\n|\n|-heal|p2b: Chien-Pao|66\/100|[from] Grassy Terrain\n|-heal|p1a: Arcanine|39\/100|[from] Grassy Terrain\n|-heal|p2a: Rillaboom|84\/100|[from] Grassy Terrain\n|upkeep\n|\n|t:|1701022774\n|switch|p1b: Iron Hands|Iron Hands, L50|96\/100\n|turn|3\n|\n|t:|1701022806\n|switch|p2a: Iron Hands|Iron Hands, L50|100\/100\n|move|p2b: Chien-Pao|Sacred Sword|p1a: Arcanine\n|-supereffective|p1a: Arcanine\n|-crit|p1a: Arcanine\n|-damage|p1a: Arcanine|0 fnt\n|faint|p1a: Arcanine\n|move|p1b: Iron Hands|Wild Charge|p2b: Chien-Pao\n|-damage|p2b: Chien-Pao|0 fnt\n|faint|p2b: Chien-Pao\n|-damage|p1b: Iron Hands|85\/100|[from] Recoil\n|\n|-heal|p1b: Iron Hands|91\/100|[from] Grassy Terrain\n|upkeep\n|\n|t:|1701022821\n|switch|p2b: Rillaboom|Rillaboom, L50, F|84\/100\n|switch|p1a: Cresselia|Cresselia, L50, F|100\/100\n|turn|4\n|\n|t:|1701022833\n|move|p2a: Iron Hands|Fake Out|p1b: Iron Hands\n|-damage|p1b: Iron Hands|80\/100\n|move|p2b: Rillaboom|Wood Hammer|p1b: Iron Hands\n|-damage|p1b: Iron Hands|8\/100\n|-damage|p2b: Rillaboom|55\/100|[from] Recoil\n|cant|p1b: Iron Hands|flinch\n|move|p1a: Cresselia|Trick Room|p1a: Cresselia\n|-fieldstart|move: Trick Room|[of] p1a: Cresselia\n|\n|-heal|p1b: Iron Hands|14\/100|[from] Grassy Terrain\n|-heal|p2b: Rillaboom|61\/100|[from] Grassy Terrain\n|upkeep\n|turn|5\n|\n|t:|1701022864\n|move|p2b: Rillaboom|Grassy Glide|p1b: Iron Hands\n|-damage|p1b: Iron Hands|0 fnt\n|faint|p1b: Iron Hands\n|-end|p1b: Iron Hands|Quark Drive|[silent]\n|move|p2a: Iron Hands|Wild Charge|p1a: Cresselia\n|-damage|p1a: Cresselia|64\/100\n|-damage|p2a: Iron Hands|92\/100|[from] Recoil\n|move|p1a: Cresselia|Ice Beam|p2b: Rillaboom\n|-supereffective|p2b: Rillaboom\n|-damage|p2b: Rillaboom|11\/100\n|\n|-heal|p2a: Iron Hands|99\/100|[from] Grassy Terrain\n|-heal|p2b: Rillaboom|17\/100|[from] Grassy Terrain\n|upkeep\n|turn|6\n|\n|t:|1701022899\n|move|p2b: Rillaboom|Grassy Glide|p1a: Cresselia\n|-damage|p1a: Cresselia|31\/100\n|move|p2a: Iron Hands|Wild Charge|p1a: Cresselia\n|-damage|p1a: Cresselia|0 fnt\n|faint|p1a: Cresselia\n|-damage|p2a: Iron Hands|92\/100|[from] Recoil\n|\n|win|Ariesxvgc\n","uploadtime":1701022984,"views":9,"p1id":"lycro","p2id":"ariesxvgc","formatid":"gen9vgc2023regulatione","rating":0,"private":0,"password":""}