{"id":"gen9vgc2023regulatione-1990378879","p1":"randomacctest","p2":"Maggoroni","format":"[Gen 9] VGC 2023 Regulation E","log":"|j|\u2606randomacctest\n|j|\u2606Maggoroni\n|t:|1699964474\n|gametype|doubles\n|player|p1|randomacctest|101|1217\n|player|p2|Maggoroni|marlon|1316\n|teamsize|p1|6\n|teamsize|p2|6\n|gen|9\n|tier|[Gen 9] VGC 2023 Regulation E\n|rated|\n|rule|Species Clause: Limit one of each Pok\u00e9mon\n|rule|Item Clause: Limit one of each item\n|clearpoke\n|poke|p1|Ninetales-Alola, L50, F|\n|poke|p1|Baxcalibur, L50, F|\n|poke|p1|Heatran, L50, M|\n|poke|p1|Rillaboom, L50, M|\n|poke|p1|Ogerpon-Wellspring, L50, F|\n|poke|p1|Chi-Yu, L50|\n|poke|p2|Tornadus, L50, M|\n|poke|p2|Urshifu-*, L50, F|\n|poke|p2|Chien-Pao, L50|\n|poke|p2|Iron Hands, L50|\n|poke|p2|Chi-Yu, L50|\n|poke|p2|Flutter Mane, L50|\n|teampreview|4\n|inactive|Battle timer is ON: inactive players will automatically lose when time's up. (requested by Maggoroni)\n|\n|t:|1699964522\n|start\n|switch|p1a: Chi-Yu|Chi-Yu, L50|100\/100\n|switch|p1b: Ninetales|Ninetales-Alola, L50, F, shiny|100\/100\n|switch|p2a: Tornadus|Tornadus, L50, M|100\/100\n|switch|p2b: Chi-Yu|Chi-Yu, L50|100\/100\n|-weather|Snow|[from] ability: Snow Warning|[of] p1b: Ninetales\n|-ability|p1a: Chi-Yu|Beads of Ruin\n|-ability|p2b: Chi-Yu|Beads of Ruin\n|turn|1\n|inactive|randomacctest has 30 seconds left.\n|\n|t:|1699964548\n|move|p1b: Ninetales|Protect|p1b: Ninetales\n|-singleturn|p1b: Ninetales|Protect\n|move|p2a: Tornadus|Rain Dance|p2a: Tornadus\n|-weather|RainDance\n|move|p1a: Chi-Yu|Snarl|p2a: Tornadus|[spread] p2a,p2b\n|-resisted|p2b: Chi-Yu\n|-damage|p2a: Tornadus|68\/100\n|-damage|p2b: Chi-Yu|89\/100\n|-unboost|p2a: Tornadus|spa|1\n|-unboost|p2b: Chi-Yu|spa|1\n|move|p2b: Chi-Yu|Snarl|p1b: Ninetales|[spread] p1a\n|-activate|p1b: Ninetales|move: Protect\n|-resisted|p1a: Chi-Yu\n|-damage|p1a: Chi-Yu|88\/100\n|-unboost|p1a: Chi-Yu|spa|1\n|-damage|p2b: Chi-Yu|79\/100|[from] item: Life Orb\n|\n|-weather|RainDance|[upkeep]\n|upkeep\n|turn|2\n|inactive|randomacctest has 30 seconds left.\n|inactive|randomacctest has 20 seconds left.\n|\n|t:|1699964584\n|switch|p2b: Urshifu|Urshifu-Rapid-Strike, L50, F|100\/100\n|move|p1b: Ninetales|Icy Wind|p2b: Urshifu|[spread] p2a,p2b\n|-supereffective|p2a: Tornadus\n|-resisted|p2b: Urshifu\n|-damage|p2a: Tornadus|33\/100\n|-damage|p2b: Urshifu|90\/100\n|-unboost|p2a: Tornadus|spe|1\n|-unboost|p2b: Urshifu|spe|1\n|move|p1a: Chi-Yu|Snarl|p2b: Urshifu|[spread] p2a,p2b\n|-resisted|p2b: Urshifu\n|-damage|p2a: Tornadus|12\/100\n|-damage|p2b: Urshifu|74\/100\n|-unboost|p2a: Tornadus|spa|1\n|-unboost|p2b: Urshifu|spa|1\n|move|p2a: Tornadus|Bleakwind Storm|p1a: Chi-Yu|[spread] p1a,p1b\n|-damage|p1a: Chi-Yu|67\/100\n|-damage|p1b: Ninetales|78\/100\n|\n|-weather|RainDance|[upkeep]\n|upkeep\n|turn|3\n|inactive|randomacctest has 30 seconds left.\n|inactive|Maggoroni has 30 seconds left.\n|\n|t:|1699964618\n|switch|p1a: Ogerpon|Ogerpon-Wellspring, L50, F|100\/100\n|-terastallize|p2b: Urshifu|Water\n|move|p2a: Tornadus|Tailwind|p2a: Tornadus\n|-sidestart|p2: Maggoroni|move: Tailwind\n|move|p2b: Urshifu|Surging Strikes|p1b: Ninetales\n|-crit|p1b: Ninetales\n|-damage|p1b: Ninetales|30\/100\n|-crit|p1b: Ninetales\n|-damage|p1b: Ninetales|0 fnt\n|faint|p1b: Ninetales\n|-hitcount|p1: Ninetales|2\n|\n|-weather|RainDance|[upkeep]\n|upkeep\n|\n|t:|1699964640\n|switch|p1b: Baxcalibur|Baxcalibur, L50, F, shiny|100\/100\n|turn|4\n|\n|t:|1699964663\n|switch|p2b: Flutter Mane|Flutter Mane, L50|100\/100\n|-enditem|p2b: Flutter Mane|Booster Energy\n|-activate|p2b: Flutter Mane|ability: Protosynthesis|[fromitem]\n|-start|p2b: Flutter Mane|protosynthesisspe\n|move|p1a: Ogerpon|Follow Me|p1a: Ogerpon\n|-singleturn|p1a: Ogerpon|move: Follow Me\n|move|p2a: Tornadus|Sunny Day|p2a: Tornadus\n|-weather|SunnyDay\n|move|p1b: Baxcalibur|Swords Dance|p1b: Baxcalibur\n|-boost|p1b: Baxcalibur|atk|2\n|\n|-weather|SunnyDay|[upkeep]\n|upkeep\n|turn|5\n|inactive|randomacctest has 30 seconds left.\n|inactive|Maggoroni has 30 seconds left.\n|\n|t:|1699964696\n|-terastallize|p1a: Ogerpon|Water\n|detailschange|p1a: Ogerpon|Ogerpon-Wellspring-Tera, L50, F, tera:Water\n|-ability|p1a: Ogerpon|Embody Aspect (Wellspring)|boost\n|-boost|p1a: Ogerpon|spd|1\n|move|p1a: Ogerpon|Follow Me|p1a: Ogerpon\n|-singleturn|p1a: Ogerpon|move: Follow Me\n|move|p2b: Flutter Mane|Dazzling Gleam|p1b: Baxcalibur|[spread] p1a,p1b\n|-supereffective|p1b: Baxcalibur\n|-damage|p1a: Ogerpon|81\/100\n|-damage|p1b: Baxcalibur|39\/100\n|move|p2a: Tornadus|Bleakwind Storm|p1b: Baxcalibur|[spread] p1a,p1b\n|-damage|p1a: Ogerpon|71\/100\n|-damage|p1b: Baxcalibur|25\/100\n|-unboost|p1a: Ogerpon|spe|1\n|move|p1b: Baxcalibur|Icicle Spear|p2b: Flutter Mane\n|-crit|p2b: Flutter Mane\n|-damage|p2b: Flutter Mane|24\/100\n|-damage|p2b: Flutter Mane|0 fnt\n|faint|p2b: Flutter Mane\n|-end|p2b: Flutter Mane|Protosynthesis|[silent]\n|-hitcount|p2: Flutter Mane|2\n|\n|-weather|SunnyDay|[upkeep]\n|upkeep\n|\n|t:|1699964708\n|switch|p2b: Chi-Yu|Chi-Yu, L50|79\/100\n|-ability|p2b: Chi-Yu|Beads of Ruin\n|turn|6\n|inactive|randomacctest has 30 seconds left.\n|\n|t:|1699964737\n|move|p1b: Baxcalibur|Protect|p1b: Baxcalibur\n|-singleturn|p1b: Baxcalibur|Protect\n|move|p2b: Chi-Yu|Snarl|p1a: Ogerpon|[spread] p1a\n|-activate|p1b: Baxcalibur|move: Protect\n|-damage|p1a: Ogerpon|45\/100\n|-unboost|p1a: Ogerpon|spa|1\n|-damage|p2b: Chi-Yu|70\/100|[from] item: Life Orb\n|move|p2a: Tornadus|Bleakwind Storm|p1b: Baxcalibur|[spread] p1a\n|-activate|p1b: Baxcalibur|move: Protect\n|-damage|p1a: Ogerpon|31\/100\n|move|p1a: Ogerpon|Ivy Cudgel|p2b: Chi-Yu|[anim] Ivy Cudgel Water\n|-supereffective|p2b: Chi-Yu\n|-damage|p2b: Chi-Yu|0 fnt\n|faint|p2b: Chi-Yu\n|\n|-weather|SunnyDay|[upkeep]\n|-sideend|p2: Maggoroni|move: Tailwind\n|upkeep\n|\n|t:|1699964749\n|switch|p2b: Urshifu|Urshifu-Rapid-Strike, L50, F, tera:Water|74\/100\n|turn|7\n|\n|t:|1699964770\n|move|p1a: Ogerpon|Follow Me|p1a: Ogerpon\n|-singleturn|p1a: Ogerpon|move: Follow Me\n|move|p2a: Tornadus|Tailwind|p2a: Tornadus\n|-sidestart|p2: Maggoroni|move: Tailwind\n|move|p2b: Urshifu|Drain Punch|p1a: Ogerpon\n|-damage|p1a: Ogerpon|0 fnt\n|-heal|p2b: Urshifu|91\/100|[from] drain|[of] p1a: Ogerpon\n|faint|p1a: Ogerpon\n|move|p1b: Baxcalibur|Scale Shot|p2b: Urshifu\n|-damage|p2b: Urshifu|60\/100\n|-damage|p2b: Urshifu|32\/100\n|-damage|p2b: Urshifu|3\/100\n|-damage|p2b: Urshifu|0 fnt\n|faint|p2b: Urshifu\n|-hitcount|p2: Urshifu|4\n|-unboost|p1b: Baxcalibur|def|1\n|-boost|p1b: Baxcalibur|spe|1\n|\n|-weather|SunnyDay|[upkeep]\n|upkeep\n|\n|t:|1699964790\n|switch|p1a: Chi-Yu|Chi-Yu, L50|67\/100\n|-ability|p1a: Chi-Yu|Beads of Ruin\n|turn|8\n|-message|Maggoroni forfeited.\n|\n|win|randomacctest\n|raw|randomacctest's rating: 1217 &rarr; <strong>1249<\/strong><br \/>(+32 for winning)\n|raw|Maggoroni's rating: 1316 &rarr; <strong>1290<\/strong><br \/>(-26 for losing)\n|l|\u2606Maggoroni\n","uploadtime":1699964969,"views":14,"p1id":"randomacctest","p2id":"maggoroni","formatid":"gen9vgc2023regulatione","rating":1249,"private":0,"password":""}