{"id":"gen9vgc2023regulatione-1992898018","p1":"realrightchris","p2":"tgdzazcbv","format":"[Gen 9] VGC 2023 Regulation E","log":"|j|\u2606realrightchris\n|j|\u2606tgdzazcbv\n|t:|1700244962\n|gametype|doubles\n|player|p1|realrightchris|norman|1081\n|player|p2|tgdzazcbv|102|1000\n|teamsize|p1|6\n|teamsize|p2|6\n|gen|9\n|tier|[Gen 9] VGC 2023 Regulation E\n|rated|\n|rule|Species Clause: Limit one of each Pok\u00e9mon\n|rule|Item Clause: Limit one of each item\n|clearpoke\n|poke|p1|Landorus-Therian, L50, M|\n|poke|p1|Thundurus, L50, M|\n|poke|p1|Cresselia, L50, F|\n|poke|p1|Heatran, L50, F|\n|poke|p1|Flutter Mane, L50|\n|poke|p1|Ogerpon-Wellspring, L50, F|\n|poke|p2|Greninja-*, L50, M|\n|poke|p2|Meowscarada, L50, M|\n|poke|p2|Annihilape, L50, M|\n|poke|p2|Indeedee-F, L50, F|\n|poke|p2|Flutter Mane, L50|\n|poke|p2|Tornadus, L50, M|\n|teampreview|4\n|inactive|Battle timer is ON: inactive players will automatically lose when time's up. (requested by tgdzazcbv)\n|inactive|realrightchris has 60 seconds left.\n|inactive|tgdzazcbv has 60 seconds left.\n|inactive|tgdzazcbv has 30 seconds left.\n|inactive|tgdzazcbv has 20 seconds left.\n|inactive|tgdzazcbv has 15 seconds left.\n|inactive|tgdzazcbv has 10 seconds left.\n|inactive|tgdzazcbv has 5 seconds left.\n|\n|t:|1700245053\n|start\n|switch|p1a: Thundurus|Thundurus, L50, M, shiny|100\/100\n|switch|p1b: Heatran|Heatran, L50, F|100\/100\n|switch|p2a: Greninja|Greninja, L50, M|100\/100\n|switch|p2b: Meowscarada|Meowscarada, L50, M|100\/100\n|turn|1\n|inactive|realrightchris has 30 seconds left.\n|\n|t:|1700245080\n|-terastallize|p1b: Heatran|Fire\n|move|p1a: Thundurus|Thunder Wave|p2a: Greninja\n|-hint|Since gen 7, Dark is immune to Prankster moves.\n|-immune|p2a: Greninja\n|move|p2b: Meowscarada|Knock Off|p1b: Heatran\n|-start|p2b: Meowscarada|typechange|Dark|[from] ability: Protean\n|-damage|p1b: Heatran|71\/100\n|-enditem|p1b: Heatran|Life Orb|[from] move: Knock Off|[of] p2b: Meowscarada\n|move|p2a: Greninja|Water Pledge|p1b: Heatran\n|-start|p2a: Greninja|typechange|Water|[from] ability: Protean\n|-supereffective|p1b: Heatran\n|-damage|p1b: Heatran|14\/100\n|move|p1b: Heatran|Heat Wave|p2b: Meowscarada|[spread] p2a,p2b\n|-resisted|p2a: Greninja\n|-crit|p2b: Meowscarada\n|-damage|p2a: Greninja|56\/100\n|-damage|p2b: Meowscarada|0 fnt\n|faint|p2b: Meowscarada\n|\n|upkeep\n|\n|t:|1700245091\n|switch|p2b: Indeedee|Indeedee-F, L50, F|100\/100\n|-fieldstart|move: Psychic Terrain|[from] ability: Psychic Surge|[of] p2b: Indeedee\n|turn|2\n|\n|t:|1700245110\n|move|p2a: Greninja|Ice Beam|p1a: Thundurus\n|-supereffective|p1a: Thundurus\n|-damage|p1a: Thundurus|34\/100\n|move|p1a: Thundurus|Thunderbolt|p2a: Greninja\n|-supereffective|p2a: Greninja\n|-damage|p2a: Greninja|0 fnt\n|faint|p2a: Greninja\n|move|p2b: Indeedee|Psychic|p1b: Heatran\n|-damage|p1b: Heatran|0 fnt\n|faint|p1b: Heatran\n|\n|upkeep\n|\n|t:|1700245128\n|switch|p2a: Annihilape|Annihilape, L50, M, shiny|100\/100\n|switch|p1b: Ogerpon|Ogerpon-Wellspring, L50, F|100\/100\n|turn|3\n|\n|t:|1700245149\n|move|p1a: Thundurus|Thunderbolt|p2a: Annihilape\n|-damage|p2a: Annihilape|67\/100\n|move|p2b: Indeedee|Psychic|p1b: Ogerpon\n|-damage|p1b: Ogerpon|35\/100\n|-unboost|p1b: Ogerpon|spd|1\n|move|p1b: Ogerpon|Ivy Cudgel|p2a: Annihilape|[anim] Ivy Cudgel Water\n|-crit|p2a: Annihilape\n|-damage|p2a: Annihilape|0 fnt\n|faint|p2a: Annihilape\n|\n|upkeep\n|turn|4\n|inactive|tgdzazcbv has 30 seconds left.\n|inactive|tgdzazcbv has 20 seconds left.\n|inactive|tgdzazcbv has 15 seconds left.\n|inactive|tgdzazcbv has 10 seconds left.\n|inactive|tgdzazcbv has 5 seconds left.\n|\n|t:|1700245204\n|move|p1a: Thundurus|Thunderbolt|p2b: Indeedee\n|-damage|p2b: Indeedee|54\/100\n|move|p2b: Indeedee|Psychic|p1b: Ogerpon\n|-damage|p1b: Ogerpon|0 fnt\n|faint|p1b: Ogerpon\n|\n|upkeep\n|\n|t:|1700245216\n|switch|p1b: Flutter Mane|Flutter Mane, L50|100\/100\n|turn|5\n|inactive|tgdzazcbv has 30 seconds left.\n|inactive|tgdzazcbv has 20 seconds left.\n|inactive|tgdzazcbv has 15 seconds left.\n|inactive|tgdzazcbv has 10 seconds left.\n|inactive|tgdzazcbv has 5 seconds left.\n|\n|t:|1700245271\n|move|p1b: Flutter Mane|Moonblast|p2b: Indeedee\n|-damage|p2b: Indeedee|0 fnt\n|faint|p2b: Indeedee\n|\n|win|realrightchris\n|raw|realrightchris's rating: 1081 &rarr; <strong>1102<\/strong><br \/>(+21 for winning)\n|raw|tgdzazcbv's rating: 1000 &rarr; <strong>1000<\/strong><br \/>(+0 for losing)\n","uploadtime":1700245293,"views":10,"p1id":"realrightchris","p2id":"tgdzazcbv","formatid":"gen9vgc2023regulatione","rating":1000,"private":0,"password":""}