{"id":"gen9vgc2023regulatione-1997656052","p1":"mikn233","p2":"TJRaynes","format":"[Gen 9] VGC 2023 Regulation E","log":"|j|\u2606mikn233\n|j|\u2606TJRaynes\n|t:|1700838257\n|gametype|doubles\n|player|p1|mikn233|roxie|1334\n|player|p2|TJRaynes|marley|1281\n|teamsize|p1|6\n|teamsize|p2|6\n|gen|9\n|tier|[Gen 9] VGC 2023 Regulation E\n|rated|\n|rule|Species Clause: Limit one of each Pok\u00e9mon\n|rule|Item Clause: Limit one of each item\n|clearpoke\n|poke|p1|Rabsca, L50, F|\n|poke|p1|Regieleki, L50|\n|poke|p1|Golem-Alola, L50, M|\n|poke|p1|Iron Hands, L50|\n|poke|p1|Weezing-Galar, L50, F|\n|poke|p1|Ursaluna-Bloodmoon, L50, M|\n|poke|p2|Gothitelle, L50, F|\n|poke|p2|Politoed, L50, F|\n|poke|p2|Urshifu-*, L50, F|\n|poke|p2|Scream Tail, L50|\n|poke|p2|Tinkaton, L50, F|\n|poke|p2|Ceruledge, L50, M|\n|teampreview|4\nTJRaynes has agreed to open team sheets.\n|\n|t:|1700838298\n|start\n|switch|p1a: Rabsca|Rabsca, L50, F|100\/100\n|switch|p1b: Regieleki|Regieleki, L50|100\/100\n|switch|p2a: Gothitelle|Gothitelle, L50, F|100\/100\n|switch|p2b: Urshifu|Urshifu-Rapid-Strike, L50, F|100\/100\n|turn|1\n|\n|t:|1700838331\n|move|p2a: Gothitelle|Fake Out|p1b: Regieleki\n|-damage|p1b: Regieleki|90\/100\n|cant|p1b: Regieleki|flinch\n|move|p2b: Urshifu|Surging Strikes|p1b: Regieleki\n|-crit|p1b: Regieleki\n|-damage|p1b: Regieleki|39\/100\n|-crit|p1b: Regieleki\n|-damage|p1b: Regieleki|0 fnt\n|faint|p1b: Regieleki\n|-hitcount|p1: Regieleki|2\n|-damage|p2b: Urshifu|91\/100|[from] item: Life Orb\n|move|p1a: Rabsca|Trick Room|p1a: Rabsca\n|-fieldstart|move: Trick Room|[of] p1a: Rabsca\n|\n|upkeep\n|\n|t:|1700838343\n|switch|p1b: Ursaluna|Ursaluna-Bloodmoon, L50, M|100\/100\n|turn|2\n|\n|t:|1700838362\n|-terastallize|p1b: Ursaluna|Normal\n|move|p2b: Urshifu|Protect|p2b: Urshifu\n|-singleturn|p2b: Urshifu|Protect\n|move|p1a: Rabsca|Revival Blessing|p1a: Rabsca\n|\n|t:|1700838366\n|-heal|p1: Regieleki|50\/100|[from] move: Revival Blessing\n|move|p1b: Ursaluna|Blood Moon|p2b: Urshifu\n|-activate|p2b: Urshifu|move: Protect\n|move|p2a: Gothitelle|Psychic|p1b: Ursaluna\n|-damage|p1b: Ursaluna|70\/100\n|-unboost|p1b: Ursaluna|spd|1\n|\n|upkeep\n|turn|3\n|\n|t:|1700838398\n|-terastallize|p2b: Urshifu|Water\n|move|p1a: Rabsca|Earth Power|p2b: Urshifu\n|-damage|p2b: Urshifu|57\/100\n|move|p1b: Ursaluna|Hyper Voice|p2a: Gothitelle|[spread] p2a,p2b\n|-damage|p2a: Gothitelle|40\/100\n|-damage|p2b: Urshifu|0 fnt\n|-enditem|p2a: Gothitelle|Sitrus Berry|[eat]\n|-heal|p2a: Gothitelle|65\/100|[from] item: Sitrus Berry\n|faint|p2b: Urshifu\n|move|p2a: Gothitelle|Psychic|p1b: Ursaluna\n|-damage|p1b: Ursaluna|18\/100\n|\n|upkeep\n|\n|t:|1700838412\n|switch|p2b: Ceruledge|Ceruledge, L50, M|100\/100\n|turn|4\n|\n|t:|1700838423\n|switch|p2b: Politoed|Politoed, L50, F|100\/100\n|-weather|RainDance|[from] ability: Drizzle|[of] p2b: Politoed\n|move|p1a: Rabsca|Earth Power|p2b: Politoed\n|-damage|p2b: Politoed|79\/100\n|move|p1b: Ursaluna|Blood Moon|p2a: Gothitelle\n|-damage|p2a: Gothitelle|0 fnt\n|faint|p2a: Gothitelle\n|\n|-weather|RainDance|[upkeep]\n|upkeep\n|\n|t:|1700838435\n|switch|p2a: Ceruledge|Ceruledge, L50, M|100\/100\n|turn|5\n|\n|t:|1700838452\n|move|p2b: Politoed|Protect|p2b: Politoed\n|-singleturn|p2b: Politoed|Protect\n|move|p1a: Rabsca|Earth Power|p2a: Ceruledge\n|-supereffective|p2a: Ceruledge\n|-damage|p2a: Ceruledge|67\/100\n|move|p1b: Ursaluna|Hyper Voice|p2b: Politoed|[spread] p2a\n|-activate|p2b: Politoed|move: Protect\n|-damage|p2a: Ceruledge|19\/100\n|move|p2a: Ceruledge|Poltergeist|p1a: Rabsca\n|-activate|p1a: Rabsca|move: Poltergeist|Covert Cloak\n|-supereffective|p1a: Rabsca\n|-damage|p1a: Rabsca|0 fnt\n|faint|p1a: Rabsca\n|\n|-weather|RainDance|[upkeep]\n|-fieldend|move: Trick Room\n|upkeep\n|\n|t:|1700838458\n|switch|p1a: Regieleki|Regieleki, L50|50\/100\n|turn|6\n|\n|t:|1700838475\n|move|p2a: Ceruledge|Shadow Sneak|p1a: Regieleki\n|-damage|p1a: Regieleki|4\/100\n|move|p1a: Regieleki|Wild Charge|p2b: Politoed\n|-supereffective|p2b: Politoed\n|-damage|p2b: Politoed|0 fnt\n|faint|p2b: Politoed\n|-damage|p1a: Regieleki|0 fnt|[from] Recoil\n|faint|p1a: Regieleki\n|move|p1b: Ursaluna|Hyper Voice|p2a: Ceruledge\n|-damage|p2a: Ceruledge|0 fnt\n|faint|p2a: Ceruledge\n|\n|win|mikn233\n|raw|mikn233's rating: 1334 &rarr; <strong>1351<\/strong><br \/>(+17 for winning)\n|raw|TJRaynes's rating: 1281 &rarr; <strong>1260<\/strong><br \/>(-21 for losing)\n|l|\u2606TJRaynes\n","uploadtime":1700838490,"views":2,"p1id":"mikn233","p2id":"tjraynes","formatid":"gen9vgc2023regulatione","rating":1260,"private":0,"password":""}