{"id":"gen9vgc2023regulatione-1993381966","p1":"RNKnight","p2":"Rarchia","format":"[Gen 9] VGC 2023 Regulation E","log":"|j|\u2606RNKnight\n|j|\u2606Rarchia\n|t:|1700309597\n|gametype|doubles\n|player|p1|RNKnight|raifort|1143\n|player|p2|Rarchia|1|1151\n|teamsize|p1|6\n|teamsize|p2|6\n|gen|9\n|tier|[Gen 9] VGC 2023 Regulation E\n|rated|\n|rule|Species Clause: Limit one of each Pok\u00e9mon\n|rule|Item Clause: Limit one of each item\n|clearpoke\n|poke|p1|Empoleon, L50, M|\n|poke|p1|Ogerpon-Wellspring, L50, F|\n|poke|p1|Flutter Mane, L50|\n|poke|p1|Illumise, L50, F|\n|poke|p1|Iron Hands, L50|\n|poke|p1|Arcanine-Hisui, L50, F|\n|poke|p2|Sinistcha, L50|\n|poke|p2|Tornadus, L50, M|\n|poke|p2|Ogerpon-Wellspring, L50, F|\n|poke|p2|Flutter Mane, L50|\n|poke|p2|Iron Hands, L50|\n|poke|p2|Arcanine-Hisui, L50, M|\n|teampreview|4\nRNKnight has agreed to open team sheets.\n|\n|t:|1700309628\n|start\n|switch|p1a: Illumise|Illumise, L50, F|100\/100\n|switch|p1b: Arcanine|Arcanine-Hisui, L50, F|100\/100\n|switch|p2a: Tornadus|Tornadus, L50, M|100\/100\n|switch|p2b: Iron Hands|Iron Hands, L50|100\/100\n|-ability|p1b: Arcanine|Intimidate|boost\n|-unboost|p2a: Tornadus|atk|1\n|-unboost|p2b: Iron Hands|atk|1\n|turn|1\n|\n|t:|1700309675\n|move|p2b: Iron Hands|Fake Out|p1b: Arcanine\n|-resisted|p1b: Arcanine\n|-damage|p1b: Arcanine|94\/100\n|-damage|p2b: Iron Hands|84\/100|[from] item: Rocky Helmet|[of] p1b: Arcanine\n|move|p2a: Tornadus|Tailwind|p2a: Tornadus\n|-sidestart|p2: Rarchia|move: Tailwind\n|move|p1a: Illumise|Tailwind|p1a: Illumise\n|-sidestart|p1: RNKnight|move: Tailwind\n|cant|p1b: Arcanine|flinch\n|\n|upkeep\n|turn|2\n|\n|t:|1700309704\n|switch|p2a: Ogerpon|Ogerpon-Wellspring, L50, F|100\/100\n|move|p1a: Illumise|Encore|p2b: Iron Hands\n|-start|p2b: Iron Hands|Encore\n|move|p1b: Arcanine|Rock Slide|p2a: Ogerpon|[spread] p2a,p2b\n|-resisted|p2b: Iron Hands\n|-damage|p2a: Ogerpon|76\/100\n|-damage|p2b: Iron Hands|76\/100\n|move|p2b: Iron Hands|Fake Out||[still]\n|-hint|Fake Out only works on your first turn out.\n|-fail|p2b: Iron Hands\n|\n|upkeep\n|turn|3\n|\n|t:|1700309725\n|switch|p1b: Empoleon|Empoleon, L50, M|100\/100\n|-end|p2b: Iron Hands|Quark Drive|[silent]\n|switch|p2b: Sinistcha|Sinistcha, L50|100\/100\n|-heal|p2a: Ogerpon|100\/100|[from] ability: Hospitality|[of] p2b: Sinistcha\n|move|p1a: Illumise|Thunder Wave|p2a: Ogerpon\n|-status|p2a: Ogerpon|par\n|move|p2a: Ogerpon|Ivy Cudgel|p1b: Empoleon|[anim] Ivy Cudgel Water\n|-resisted|p1b: Empoleon\n|-damage|p1b: Empoleon|69\/100\n|\n|-heal|p1b: Empoleon|75\/100|[from] item: Leftovers\n|upkeep\n|turn|4\n|\n|t:|1700309755\n|-terastallize|p2a: Ogerpon|Water\n|detailschange|p2a: Ogerpon|Ogerpon-Wellspring-Tera, L50, F, tera:Water\n|-ability|p2a: Ogerpon|Embody Aspect (Wellspring)|boost\n|-boost|p2a: Ogerpon|spd|1\n|move|p1a: Illumise|Thunder Wave|p2b: Sinistcha\n|-status|p2b: Sinistcha|par\n|move|p1b: Empoleon|Icy Wind|p2b: Sinistcha|[spread] p2a,p2b\n|-resisted|p2a: Ogerpon\n|-supereffective|p2b: Sinistcha\n|-damage|p2a: Ogerpon|96\/100 par\n|-damage|p2b: Sinistcha|76\/100 par\n|-unboost|p2a: Ogerpon|spe|1\n|-unboost|p2b: Sinistcha|spe|1\n|move|p2a: Ogerpon|Swords Dance|p2a: Ogerpon\n|-boost|p2a: Ogerpon|atk|2\n|move|p2b: Sinistcha|Matcha Gotcha|p1a: Illumise|[spread] p1a,p1b\n|-resisted|p1a: Illumise\n|-damage|p1a: Illumise|86\/100\n|-heal|p2b: Sinistcha|83\/100 par|[from] drain|[of] p1a: Illumise\n|-damage|p1b: Empoleon|54\/100\n|-heal|p2b: Sinistcha|94\/100 par|[from] drain|[of] p1b: Empoleon\n|\n|-heal|p1b: Empoleon|60\/100|[from] item: Leftovers\n|-sideend|p1: RNKnight|move: Tailwind\n|-sideend|p2: Rarchia|move: Tailwind\n|upkeep\n|turn|5\n|\n|t:|1700309790\n|move|p2b: Sinistcha|Rage Powder|p2b: Sinistcha\n|-singleturn|p2b: Sinistcha|move: Rage Powder\n|move|p1a: Illumise|Encore|p2b: Sinistcha\n|-start|p2b: Sinistcha|Encore\n|move|p1b: Empoleon|Flash Cannon|p2b: Sinistcha\n|-damage|p2b: Sinistcha|59\/100 par\n|move|p2a: Ogerpon|Horn Leech|p1b: Empoleon\n|-damage|p1b: Empoleon|0 fnt\n|-heal|p2a: Ogerpon|100\/100 par|[from] drain|[of] p1b: Empoleon\n|faint|p1b: Empoleon\n|\n|upkeep\n|\n|t:|1700309803\n|switch|p1b: Iron Hands|Iron Hands, L50|100\/100\n|turn|6\n|\n|t:|1700309814\n|move|p1b: Iron Hands|Fake Out|p2a: Ogerpon\n|-damage|p2a: Ogerpon|86\/100 par\n|cant|p2b: Sinistcha|par\n|move|p1a: Illumise|Tailwind|p1a: Illumise\n|-sidestart|p1: RNKnight|move: Tailwind\n|cant|p2a: Ogerpon|flinch\n|\n|upkeep\n|turn|7\n|\n|t:|1700309833\n|switch|p2a: Iron Hands|Iron Hands, L50|76\/100\n|move|p1a: Illumise|Helping Hand|p1b: Iron Hands\n|-singleturn|p1b: Iron Hands|Helping Hand|[of] p1a: Illumise\n|cant|p2b: Sinistcha|par\n|move|p1b: Iron Hands|Wild Charge|p2a: Iron Hands\n|-resisted|p2a: Iron Hands\n|-damage|p2a: Iron Hands|47\/100\n|-damage|p1b: Iron Hands|94\/100|[from] Recoil\n|\n|upkeep\n|turn|8\n|\n|t:|1700309871\n|move|p1a: Illumise|Helping Hand|p1b: Iron Hands\n|-singleturn|p1b: Iron Hands|Helping Hand|[of] p1a: Illumise\n|cant|p2b: Sinistcha|par\n|move|p1b: Iron Hands|Drain Punch|p2a: Iron Hands\n|-damage|p2a: Iron Hands|5\/100\n|-heal|p1b: Iron Hands|100\/100|[from] drain|[of] p2a: Iron Hands\n|move|p2a: Iron Hands|Drain Punch|p1b: Iron Hands\n|-damage|p1b: Iron Hands|71\/100\n|-heal|p2a: Iron Hands|20\/100|[from] drain|[of] p1b: Iron Hands\n|\n|-end|p2b: Sinistcha|Encore\n|upkeep\n|turn|9\n|\n|t:|1700309935\n|switch|p2b: Tornadus|Tornadus, L50, M|100\/100\n|move|p1a: Illumise|Helping Hand|p1b: Iron Hands\n|-singleturn|p1b: Iron Hands|Helping Hand|[of] p1a: Illumise\n|move|p1b: Iron Hands|Heavy Slam|p2b: Tornadus\n|-damage|p2b: Tornadus|6\/100\n|move|p2a: Iron Hands|Drain Punch|p1b: Iron Hands\n|-damage|p1b: Iron Hands|46\/100\n|-heal|p2a: Iron Hands|34\/100|[from] drain|[of] p1b: Iron Hands\n|\n|-sideend|p1: RNKnight|move: Tailwind\n|upkeep\n|turn|10\n|\n|t:|1700309960\n|move|p2b: Tornadus|Tailwind|p2b: Tornadus\n|-sidestart|p2: Rarchia|move: Tailwind\n|move|p1a: Illumise|Tailwind|p1a: Illumise\n|-sidestart|p1: RNKnight|move: Tailwind\n|move|p1b: Iron Hands|Drain Punch|p2a: Iron Hands\n|-damage|p2a: Iron Hands|2\/100\n|-heal|p1b: Iron Hands|61\/100|[from] drain|[of] p2a: Iron Hands\n|move|p2a: Iron Hands|Drain Punch|p1b: Iron Hands\n|-damage|p1b: Iron Hands|32\/100\n|-heal|p2a: Iron Hands|17\/100|[from] drain|[of] p1b: Iron Hands\n|\n|upkeep\n|turn|11\n|\n|t:|1700309983\n|-end|p2a: Iron Hands|Quark Drive|[silent]\n|switch|p2a: Sinistcha|Sinistcha, L50|59\/100 par\n|-heal|p2b: Tornadus|31\/100|[from] ability: Hospitality|[of] p2a: Sinistcha\n|move|p1a: Illumise|Encore|p2b: Tornadus\n|-start|p2b: Tornadus|Encore\n|move|p2b: Tornadus|Tailwind||[still]\n|-fail|p2b: Tornadus\n|move|p1b: Iron Hands|Wild Charge|p2a: Sinistcha\n|-resisted|p2a: Sinistcha\n|-damage|p2a: Sinistcha|35\/100 par\n|-damage|p1b: Iron Hands|15\/100|[from] item: Rocky Helmet|[of] p2a: Sinistcha\n|-damage|p1b: Iron Hands|11\/100|[from] Recoil\n|\n|upkeep\n|turn|12\n|\n|t:|1700310007\n|switch|p2b: Iron Hands|Iron Hands, L50|17\/100\n|move|p1a: Illumise|Thunder Wave|p2b: Iron Hands\n|-immune|p2b: Iron Hands\n|move|p1b: Iron Hands|Heavy Slam|p2a: Sinistcha\n|-damage|p2a: Sinistcha|0 fnt\n|-damage|p1b: Iron Hands|0 fnt|[from] item: Rocky Helmet|[of] p2a: Sinistcha\n|faint|p2a: Sinistcha\n|faint|p1b: Iron Hands\n|-end|p1b: Iron Hands|Quark Drive|[silent]\n|\n|upkeep\n|\n|t:|1700310021\n|switch|p2a: Tornadus|Tornadus, L50, M|31\/100\n|switch|p1b: Arcanine|Arcanine-Hisui, L50, F|94\/100\n|-ability|p1b: Arcanine|Intimidate|boost\n|-unboost|p2a: Tornadus|atk|1\n|-unboost|p2b: Iron Hands|atk|1\n|turn|13\n|\n|t:|1700310038\n|move|p1b: Arcanine|Protect|p1b: Arcanine\n|-singleturn|p1b: Arcanine|Protect\n|move|p2b: Iron Hands|Fake Out|p1b: Arcanine\n|-activate|p1b: Arcanine|move: Protect\n|move|p2a: Tornadus|Rain Dance|p2a: Tornadus\n|-weather|RainDance\n|move|p1a: Illumise|Thunder Wave|p2a: Tornadus\n|-status|p2a: Tornadus|par\n|\n|-weather|RainDance|[upkeep]\n|-sideend|p1: RNKnight|move: Tailwind\n|-sideend|p2: Rarchia|move: Tailwind\n|upkeep\n|turn|14\n|\n|t:|1700310072\n|switch|p2a: Ogerpon|Ogerpon-Wellspring-Tera, L50, F, tera:Water|86\/100 par\n|-ability|p2a: Ogerpon|Embody Aspect (Wellspring)|boost\n|-boost|p2a: Ogerpon|spd|1\n|move|p1a: Illumise|Encore||[still]\n|-fail|p1a: Illumise\n|move|p1b: Arcanine|Flare Blitz|p2b: Iron Hands\n|-damage|p2b: Iron Hands|0 fnt\n|faint|p2b: Iron Hands\n|-end|p2b: Iron Hands|Quark Drive|[silent]\n|-damage|p1b: Arcanine|86\/100|[from] Recoil\n|\n|-weather|RainDance|[upkeep]\n|upkeep\n|\n|t:|1700310086\n|switch|p2b: Tornadus|Tornadus, L50, M|31\/100 par\n|turn|15\n|\n|t:|1700310098\n|move|p1b: Arcanine|Protect|p1b: Arcanine\n|-singleturn|p1b: Arcanine|Protect\n|move|p1a: Illumise|Tailwind|p1a: Illumise\n|-sidestart|p1: RNKnight|move: Tailwind\n|move|p2b: Tornadus|Bleakwind Storm|p1b: Arcanine|[spread] p1a\n|-activate|p1b: Arcanine|move: Protect\n|-supereffective|p1a: Illumise\n|-damage|p1a: Illumise|5\/100\n|move|p2a: Ogerpon|Ivy Cudgel|p1b: Arcanine|[anim] Ivy Cudgel Water\n|-activate|p1b: Arcanine|move: Protect\n|\n|-weather|RainDance|[upkeep]\n|upkeep\n|turn|16\n|\n|t:|1700310158\n|-terastallize|p1b: Arcanine|Water\n|move|p1a: Illumise|Helping Hand|p1b: Arcanine\n|-singleturn|p1b: Arcanine|Helping Hand|[of] p1a: Illumise\n|move|p2b: Tornadus|Taunt|p1a: Illumise\n|-start|p1a: Illumise|move: Taunt\n|move|p1b: Arcanine|Rock Slide|p2a: Ogerpon|[spread] p2a,p2b\n|-supereffective|p2b: Tornadus\n|-damage|p2a: Ogerpon|46\/100 par\n|-damage|p2b: Tornadus|0 fnt\n|faint|p2b: Tornadus\n|move|p2a: Ogerpon|Ivy Cudgel|p1b: Arcanine|[anim] Ivy Cudgel Water\n|-resisted|p1b: Arcanine\n|-damage|p1b: Arcanine|17\/100\n|\n|-weather|RainDance|[upkeep]\n|upkeep\n|turn|17\n|\n|t:|1700310190\n|move|p1b: Arcanine|Protect|p1b: Arcanine\n|-singleturn|p1b: Arcanine|Protect\n|-activate|p1a: Illumise|move: Struggle\n|move|p1a: Illumise|Struggle|p2a: Ogerpon\n|-damage|p2a: Ogerpon|42\/100 par\n|-damage|p1a: Illumise|0 fnt|[from] recoil\n|faint|p1a: Illumise\n|move|p2a: Ogerpon|Horn Leech|p1b: Arcanine\n|-activate|p1b: Arcanine|move: Protect\n|\n|-weather|none\n|upkeep\n|turn|18\n|\n|t:|1700310216\n|move|p2a: Ogerpon|Spiky Shield|p2a: Ogerpon\n|-singleturn|p2a: Ogerpon|move: Protect\n|move|p1b: Arcanine|Rock Slide|p2a: Ogerpon\n|-activate|p2a: Ogerpon|move: Protect\n|\n|-sideend|p1: RNKnight|move: Tailwind\n|upkeep\n|turn|19\n|\n|t:|1700310229\n|move|p1b: Arcanine|Rock Slide|p2a: Ogerpon\n|-damage|p2a: Ogerpon|9\/100 par\n|cant|p2a: Ogerpon|flinch\n|\n|upkeep\n|turn|20\n|\n|t:|1700310293\n|move|p2a: Ogerpon|Spiky Shield|p2a: Ogerpon\n|-singleturn|p2a: Ogerpon|move: Protect\n|move|p1b: Arcanine|Extreme Speed|p2a: Ogerpon\n|-activate|p2a: Ogerpon|move: Protect\n|-damage|p1b: Arcanine|5\/100|[from] Spiky Shield|[of] p2a: Ogerpon\n|\n|upkeep\n|turn|21\n|\n|t:|1700310307\n|move|p2a: Ogerpon|Spiky Shield||[still]\n|-fail|p2a: Ogerpon\n|move|p1b: Arcanine|Rock Slide|p2a: Ogerpon\n|-damage|p2a: Ogerpon|0 fnt\n|faint|p2a: Ogerpon\n|\n|win|RNKnight\n|raw|RNKnight's rating: 1143 &rarr; <strong>1169<\/strong><br \/>(+26 for winning)\n|raw|Rarchia's rating: 1151 &rarr; <strong>1125<\/strong><br \/>(-26 for losing)\n|l|\u2606Rarchia\n|c|\u2606RNKnight|gg\n|l|\u2606RNKnight\n|j|\u2606RNKnight\n|player|p1|RNKnight|raifort\n","uploadtime":1700310337,"views":18,"p1id":"rnknight","p2id":"rarchia","formatid":"gen9vgc2023regulatione","rating":1125,"private":0,"password":""}