{"id":"gen9vgc2023regulatione-1995615176","p1":"Buff FlutterMane","p2":"Rvmt","format":"[Gen 9] VGC 2023 Regulation E","log":"|j|\u2606Buff FlutterMane\n|j|\u2606Rvmt\n|t:|1700587704\n|gametype|doubles\n|player|p1|Buff FlutterMane|turo|1486\n|player|p2|Rvmt|1|1413\n|teamsize|p1|6\n|teamsize|p2|6\n|gen|9\n|tier|[Gen 9] VGC 2023 Regulation E\n|rated|\n|rule|Species Clause: Limit one of each Pok\u00e9mon\n|rule|Item Clause: Limit one of each item\n|clearpoke\n|poke|p1|Regieleki, L50|\n|poke|p1|Rillaboom, L50, M|\n|poke|p1|Arcanine-Hisui, L50, M|\n|poke|p1|Landorus, L50, M|\n|poke|p1|Urshifu-*, L50, M|\n|poke|p1|Chien-Pao, L50|\n|poke|p2|Urshifu-*, L50, F|\n|poke|p2|Chien-Pao, L50|\n|poke|p2|Tornadus, L50, M|\n|poke|p2|Flutter Mane, L50|\n|poke|p2|Ogerpon-Wellspring, L50, F|\n|poke|p2|Chi-Yu, L50|\n|teampreview|4\n|inactive|Battle timer is ON: inactive players will automatically lose when time's up. (requested by Buff FlutterMane)\n|inactive|Buff FlutterMane has 60 seconds left.\n|inactive|Rvmt has 60 seconds left.\n|\n|t:|1700587743\n|start\n|switch|p1a: Hiusi|Arcanine-Hisui, L50, M, shiny|100\/100\n|switch|p1b: Regieleki|Regieleki, L50, shiny|100\/100\n|switch|p2a: Tornadus|Tornadus, L50, M|100\/100\n|switch|p2b: Urshifu|Urshifu-Rapid-Strike, L50, F|100\/100\n|-ability|p1a: Hiusi|Intimidate|boost\n|-unboost|p2a: Tornadus|atk|1\n|-unboost|p2b: Urshifu|atk|1\n|turn|1\n|inactive|Buff FlutterMane has 30 seconds left.\n|inactive|Buff FlutterMane has 20 seconds left.\n|inactive|Buff FlutterMane has 15 seconds left.\n|inactive|Rvmt has 30 seconds left.\n|inactive|Buff FlutterMane has 10 seconds left.\n|\n|t:|1700587797\n|switch|p1b: Balanced?|Urshifu-Rapid-Strike, L50, M|100\/100\n|-terastallize|p2b: Urshifu|Water\n|-terastallize|p1a: Hiusi|Normal\n|move|p2a: Tornadus|Rain Dance|p2a: Tornadus\n|-weather|RainDance\n|move|p2b: Urshifu|Aqua Jet|p1a: Hiusi\n|-damage|p1a: Hiusi|55\/100\n|move|p1a: Hiusi|Rock Slide|p2a: Tornadus|[spread] p2a,p2b\n|-supereffective|p2a: Tornadus\n|-damage|p2a: Tornadus|1\/100\n|-damage|p2b: Urshifu|57\/100\n|-enditem|p2a: Tornadus|Sitrus Berry|[eat]\n|-heal|p2a: Tornadus|26\/100|[from] item: Sitrus Berry\n|\n|-weather|RainDance|[upkeep]\n|upkeep\n|turn|2\n|inactive|Rvmt has 30 seconds left.\n|inactive|Rvmt has 20 seconds left.\n|inactive|Rvmt has 15 seconds left.\n|\n|t:|1700587839\n|switch|p2a: Flutter Mane|Flutter Mane, L50|100\/100\n|switch|p1a: Rillaboom|Rillaboom, L50, M, shiny|100\/100\n|-fieldstart|move: Grassy Terrain|[from] ability: Grassy Surge|[of] p1a: Rillaboom\n|move|p1b: Balanced?|Aqua Jet|p2a: Flutter Mane\n|-damage|p2a: Flutter Mane|42\/100\n|move|p2b: Urshifu|Surging Strikes|p1a: Rillaboom\n|-resisted|p1a: Rillaboom\n|-crit|p1a: Rillaboom\n|-damage|p1a: Rillaboom|76\/100\n|-resisted|p1a: Rillaboom\n|-crit|p1a: Rillaboom\n|-damage|p1a: Rillaboom|48\/100\n|-resisted|p1a: Rillaboom\n|-crit|p1a: Rillaboom\n|-damage|p1a: Rillaboom|24\/100\n|-hitcount|p1a: Rillaboom|3\n|\n|-weather|RainDance|[upkeep]\n|-heal|p2a: Flutter Mane|48\/100|[from] Grassy Terrain\n|-heal|p2b: Urshifu|63\/100|[from] Grassy Terrain\n|-heal|p1a: Rillaboom|30\/100|[from] Grassy Terrain\n|upkeep\n|turn|3\n|inactive|Rvmt has 30 seconds left.\n|\n|t:|1700587874\n|switch|p2b: Chien-Pao|Chien-Pao, L50|100\/100\n|-ability|p2b: Chien-Pao|Sword of Ruin\n|move|p1b: Balanced?|Aqua Jet|p2a: Flutter Mane\n|-damage|p2a: Flutter Mane|0 fnt\n|faint|p2a: Flutter Mane\n|-end|p2a: Flutter Mane|Protosynthesis|[silent]\n|move|p1a: Rillaboom|Grassy Glide|p2b: Chien-Pao\n|-damage|p2b: Chien-Pao|52\/100\n|\n|-weather|RainDance|[upkeep]\n|-heal|p2b: Chien-Pao|58\/100|[from] Grassy Terrain\n|-heal|p1a: Rillaboom|36\/100|[from] Grassy Terrain\n|upkeep\n|\n|t:|1700587888\n|switch|p2a: Urshifu|Urshifu-Rapid-Strike, L50, F, tera:Water|63\/100\n|turn|4\n|\n|t:|1700587898\n|switch|p1a: Hiusi|Arcanine-Hisui, L50, M, shiny, tera:Normal|55\/100\n|-ability|p1a: Hiusi|Intimidate|boost\n|-unboost|p2a: Urshifu|atk|1\n|-unboost|p2b: Chien-Pao|atk|1\n|move|p2b: Chien-Pao|Sucker Punch|p1b: Balanced?\n|-resisted|p1b: Balanced?\n|-damage|p1b: Balanced?|83\/100\n|move|p2a: Urshifu|Close Combat|p1b: Balanced?\n|-damage|p1b: Balanced?|23\/100\n|-unboost|p2a: Urshifu|def|1\n|-unboost|p2a: Urshifu|spd|1\n|move|p1b: Balanced?|Surging Strikes|p2b: Chien-Pao\n|-crit|p2b: Chien-Pao\n|-damage|p2b: Chien-Pao|11\/100\n|-crit|p2b: Chien-Pao\n|-damage|p2b: Chien-Pao|0 fnt\n|faint|p2b: Chien-Pao\n|-hitcount|p2: Chien-Pao|2\n|\n|-weather|RainDance|[upkeep]\n|-heal|p2a: Urshifu|68\/100|[from] Grassy Terrain\n|-heal|p1a: Hiusi|60\/100|[from] Grassy Terrain\n|-heal|p1b: Balanced?|29\/100|[from] Grassy Terrain\n|upkeep\n|\n|t:|1700587908\n|switch|p2b: Tornadus|Tornadus, L50, M|26\/100\n|turn|5\n|-message|Rvmt forfeited.\n|\n|win|Buff FlutterMane\n|raw|Buff FlutterMane's rating: 1486 &rarr; <strong>1502<\/strong><br \/>(+16 for winning)\n|raw|Rvmt's rating: 1413 &rarr; <strong>1397<\/strong><br \/>(-16 for losing)\n|l|\u2606Rvmt\n","uploadtime":1700587917,"views":1,"p1id":"bufffluttermane","p2id":"rvmt","formatid":"gen9vgc2023regulatione","rating":1397,"private":0,"password":""}