{"id":"gen9vgc2023regulatione-1990177950","p1":"Kzrkrzov","p2":"An0nymoose","format":"[Gen 9] VGC 2023 Regulation E","log":"|j|\u2606Kzrkrzov\n|j|\u2606An0nymoose\n|t:|1699933389\n|gametype|doubles\n|player|p1|Kzrkrzov|lance|1000\n|player|p2|An0nymoose|102|1081\n|teamsize|p1|6\n|teamsize|p2|6\n|gen|9\n|tier|[Gen 9] VGC 2023 Regulation E\n|rated|\n|rule|Species Clause: Limit one of each Pok\u00e9mon\n|rule|Item Clause: Limit one of each item\n|clearpoke\n|poke|p1|Flutter Mane, L50|\n|poke|p1|Tornadus, L50, M|\n|poke|p1|Rillaboom, L50, M|\n|poke|p1|Garganacl, L50, F|\n|poke|p1|Arcanine-Hisui, L50, M|\n|poke|p1|Chien-Pao, L50|\n|poke|p2|Inteleon, L50, M|\n|poke|p2|Dudunsparce-*, L50, F|\n|poke|p2|Typhlosion-Hisui, L50, M|\n|poke|p2|Lycanroc, L50, M|\n|poke|p2|Tyranitar, L50, F|\n|poke|p2|Sneasler, L50, M|\n|teampreview|4\n|inactive|Battle timer is ON: inactive players will automatically lose when time's up. (requested by An0nymoose)\n|\n|t:|1699933419\n|start\n|switch|p1a: Tornadus|Tornadus, L50, M|100\/100\n|switch|p1b: Garganacl|Garganacl, L50, F|100\/100\n|switch|p2a: Sneasler|Sneasler, L50, M|100\/100\n|switch|p2b: Typhlosion|Typhlosion-Hisui, L50, M|100\/100\n|-item|p1a: Tornadus|Rocky Helmet|[from] ability: Frisk|[of] p2b: Typhlosion|[identify]\n|-item|p1b: Garganacl|Sitrus Berry|[from] ability: Frisk|[of] p2b: Typhlosion|[identify]\n|turn|1\n|\n|t:|1699933443\n|move|p1b: Garganacl|Protect|p1b: Garganacl\n|-singleturn|p1b: Garganacl|Protect\n|move|p1a: Tornadus|Tailwind|p1a: Tornadus\n|-sidestart|p1: Kzrkrzov|move: Tailwind\n|move|p2b: Typhlosion|Infernal Parade|p1a: Tornadus\n|-damage|p1a: Tornadus|75\/100\n|move|p2a: Sneasler|Close Combat|p1b: Garganacl\n|-activate|p1b: Garganacl|move: Protect\n|\n|upkeep\n|turn|2\n|\n|t:|1699933461\n|-terastallize|p1b: Garganacl|Ghost\n|move|p1a: Tornadus|Bleakwind Storm|p2b: Typhlosion|[spread] p2a,p2b\n|-supereffective|p2a: Sneasler\n|-damage|p2a: Sneasler|8\/100\n|-damage|p2b: Typhlosion|60\/100\n|move|p2b: Typhlosion|Infernal Parade|p1a: Tornadus\n|-damage|p1a: Tornadus|50\/100\n|-status|p1a: Tornadus|brn\n|move|p2a: Sneasler|Close Combat|p1b: Garganacl\n|-immune|p1b: Garganacl\n|move|p1b: Garganacl|Salt Cure|p2b: Typhlosion\n|-supereffective|p2b: Typhlosion\n|-damage|p2b: Typhlosion|11\/100\n|-start|p2b: Typhlosion|Salt Cure\n|\n|-damage|p1a: Tornadus|44\/100 brn|[from] brn\n|-damage|p2b: Typhlosion|0 fnt|[from] Salt Cure\n|faint|p2b: Typhlosion\n|upkeep\n|\n|t:|1699933484\n|switch|p2b: Tyranitar|Tyranitar, L50, F|100\/100\n|-weather|Sandstorm|[from] ability: Sand Stream|[of] p2b: Tyranitar\n|turn|3\n|\n|t:|1699933501\n|move|p1b: Garganacl|Protect|p1b: Garganacl\n|-singleturn|p1b: Garganacl|Protect\n|move|p1a: Tornadus|Sunny Day|p1a: Tornadus\n|-weather|SunnyDay\n|move|p2a: Sneasler|Dire Claw|p1a: Tornadus\n|-damage|p1a: Tornadus|0 fnt\n|-damage|p2a: Sneasler|0 fnt|[from] item: Rocky Helmet|[of] p1a: Tornadus\n|faint|p1a: Tornadus\n|faint|p2a: Sneasler\n|move|p2b: Tyranitar|Knock Off|p1b: Garganacl\n|-activate|p1b: Garganacl|move: Protect\n|\n|-weather|SunnyDay|[upkeep]\n|upkeep\n|\n|t:|1699933514\n|switch|p2a: Inteleon|Inteleon, L50, M|100\/100\n|switch|p1a: Arcanine|Arcanine-Hisui, L50, M|100\/100\n|-ability|p1a: Arcanine|Intimidate|boost\n|-unboost|p2a: Inteleon|atk|1\n|-unboost|p2b: Tyranitar|atk|1\n|turn|4\n|\n|t:|1699933527\n|switch|p1a: Rillaboom|Rillaboom, L50, M|100\/100\n|-fieldstart|move: Grassy Terrain|[from] ability: Grassy Surge|[of] p1a: Rillaboom\n|move|p2a: Inteleon|Scald|p1a: Rillaboom\n|-resisted|p1a: Rillaboom\n|-damage|p1a: Rillaboom|92\/100\n|move|p1b: Garganacl|Salt Cure|p2a: Inteleon\n|-crit|p2a: Inteleon\n|-damage|p2a: Inteleon|59\/100\n|move|p2b: Tyranitar|Knock Off|p1b: Garganacl\n|-supereffective|p1b: Garganacl\n|-damage|p1b: Garganacl|51\/100\n|-enditem|p1b: Garganacl|Sitrus Berry|[from] move: Knock Off|[of] p2b: Tyranitar\n|\n|-weather|SunnyDay|[upkeep]\n|-heal|p1a: Rillaboom|98\/100|[from] Grassy Terrain\n|-heal|p2a: Inteleon|65\/100|[from] Grassy Terrain\n|-heal|p1b: Garganacl|57\/100|[from] Grassy Terrain\n|-sideend|p1: Kzrkrzov|move: Tailwind\n|upkeep\n|turn|5\n|inactive|An0nymoose has 30 seconds left.\n|\n|t:|1699933559\n|-terastallize|p2b: Tyranitar|Ghost\n|move|p1a: Rillaboom|Grassy Glide|p2a: Inteleon\n|-supereffective|p2a: Inteleon\n|-damage|p2a: Inteleon|0 fnt\n|faint|p2a: Inteleon\n|move|p1b: Garganacl|Iron Defense|p1b: Garganacl\n|-boost|p1b: Garganacl|def|2\n|move|p2b: Tyranitar|Avalanche|p1a: Rillaboom\n|-supereffective|p1a: Rillaboom\n|-damage|p1a: Rillaboom|67\/100\n|\n|-weather|SunnyDay|[upkeep]\n|-heal|p1a: Rillaboom|73\/100|[from] Grassy Terrain\n|-heal|p1b: Garganacl|63\/100|[from] Grassy Terrain\n|upkeep\n|turn|6\n|\n|t:|1699933584\n|switch|p1a: Arcanine|Arcanine-Hisui, L50, M|100\/100\n|-ability|p1a: Arcanine|Intimidate|boost\n|-unboost|p2b: Tyranitar|atk|1\n|move|p2b: Tyranitar|Knock Off|p1b: Garganacl\n|-supereffective|p1b: Garganacl\n|-damage|p1b: Garganacl|48\/100\n|move|p1b: Garganacl|Salt Cure|p2b: Tyranitar\n|-damage|p2b: Tyranitar|90\/100\n|-start|p2b: Tyranitar|Salt Cure\n|\n|-weather|SunnyDay|[upkeep]\n|-heal|p2b: Tyranitar|96\/100|[from] Grassy Terrain\n|-heal|p1b: Garganacl|54\/100|[from] Grassy Terrain\n|-damage|p2b: Tyranitar|84\/100|[from] Salt Cure\n|upkeep\n|turn|7\n|c|\u2606An0nymoose|Gg\n|-message|An0nymoose forfeited.\n|\n|win|Kzrkrzov\n|raw|Kzrkrzov's rating: 1000 &rarr; <strong>1049<\/strong><br \/>(+49 for winning)\n|raw|An0nymoose's rating: 1081 &rarr; <strong>1054<\/strong><br \/>(-27 for losing)\n|l|\u2606An0nymoose\n","uploadtime":1699933597,"views":8,"p1id":"kzrkrzov","p2id":"an0nymoose","formatid":"gen9vgc2023regulatione","rating":1049,"private":0,"password":""}