{"id":"gen9vgc2023regulatione-2000100091","p1":"3GearsTurning","p2":"ponlm","format":"[Gen 9] VGC 2023 Regulation E","log":"|j|\u26063GearsTurning\n|j|\u2606ponlm\n|t:|1701154757\n|gametype|doubles\n|player|p1|3GearsTurning|cyclist|1117\n|player|p2|ponlm|wattson|1135\n|teamsize|p1|6\n|teamsize|p2|6\n|gen|9\n|tier|[Gen 9] VGC 2023 Regulation E\n|rated|\n|rule|Species Clause: Limit one of each Pok\u00e9mon\n|rule|Item Clause: Limit one of each item\n|clearpoke\n|poke|p1|Sableye, L50, M|\n|poke|p1|Cinderace, L50, M|\n|poke|p1|Espathra, L50, F|\n|poke|p1|Iron Bundle, L50|\n|poke|p1|Sandy Shocks, L50|\n|poke|p1|Salamence, L50, F|\n|poke|p2|Volcarona, L50, F|\n|poke|p2|Rillaboom, L50, F|\n|poke|p2|Hydreigon, L50, F|\n|poke|p2|Landorus-Therian, L50, M|\n|poke|p2|Maushold, L50|\n|poke|p2|Gastrodon-East, L50, F|\n|teampreview|4\n3GearsTurning has agreed to open team sheets.\nponlm has agreed to open team sheets.\n|inactive|Battle timer is ON: inactive players will automatically lose when time's up. (requested by ponlm)\n|\n|t:|1701154878\n|start\n|switch|p1a: Sableye|Sableye, L50, M|100\/100\n|switch|p1b: Salamence|Salamence, L50, F|100\/100\n|switch|p2a: Hydreigon|Hydreigon, L50, F|100\/100\n|switch|p2b: Rillaboom|Rillaboom, L50, F|100\/100\n|-ability|p1b: Salamence|Intimidate|boost\n|-unboost|p2a: Hydreigon|atk|1\n|-unboost|p2b: Rillaboom|atk|1\n|-fieldstart|move: Grassy Terrain|[from] ability: Grassy Surge|[of] p2b: Rillaboom\n|turn|1\n|inactive|3GearsTurning has 30 seconds left.\n|inactive|3GearsTurning has 20 seconds left.\n|inactive|3GearsTurning has 15 seconds left.\n|inactive|3GearsTurning has 10 seconds left.\n|\n|t:|1701154924\n|move|p2b: Rillaboom|Fake Out|p1b: Salamence\n|-damage|p1b: Salamence|88\/100\n|move|p1a: Sableye|Gravity|p1a: Sableye\n|-fieldstart|move: Gravity\n|cant|p1b: Salamence|flinch\n|move|p2a: Hydreigon|Draco Meteor|p1b: Salamence\n|-supereffective|p1b: Salamence\n|-damage|p1b: Salamence|0 fnt\n|-unboost|p2a: Hydreigon|spa|2\n|faint|p1b: Salamence\n|\n|upkeep\n|\n|t:|1701154933\n|switch|p1b: Iron Bundle|Iron Bundle, L50|100\/100\n|turn|2\n|\n|t:|1701154955\n|-terastallize|p2a: Hydreigon|Poison\n|move|p1a: Sableye|Quash|p2b: Rillaboom\n|-activate|p2b: Rillaboom|move: Quash\n|move|p1b: Iron Bundle|Blizzard|p2b: Rillaboom|[spread] p2a,p2b\n|-supereffective|p2b: Rillaboom\n|-damage|p2a: Hydreigon|38\/100\n|-damage|p2b: Rillaboom|8\/100\n|move|p2a: Hydreigon|Tailwind|p2a: Hydreigon\n|-sidestart|p2: ponlm|move: Tailwind\n|move|p2b: Rillaboom|Wood Hammer|p1b: Iron Bundle\n|-supereffective|p1b: Iron Bundle\n|-crit|p1b: Iron Bundle\n|-damage|p1b: Iron Bundle|0 fnt\n|faint|p1b: Iron Bundle\n|-end|p1b: Iron Bundle|Quark Drive|[silent]\n|-damage|p2b: Rillaboom|0 fnt|[from] Recoil\n|faint|p2b: Rillaboom\n|\n|-heal|p2a: Hydreigon|44\/100|[from] Grassy Terrain\n|upkeep\n|inactive|ponlm has 30 seconds left.\n|\n|t:|1701154984\n|switch|p1b: Cinderace|Cinderace, L50, M|100\/100\n|switch|p2b: Volcarona|Volcarona, L50, F|100\/100\n|-enditem|p2b: Volcarona|Grassy Seed\n|-boost|p2b: Volcarona|def|1|[from] item: Grassy Seed\n|turn|3\n|inactive|3GearsTurning has 30 seconds left.\n|\n|t:|1701155014\n|-terastallize|p1b: Cinderace|Fire\n|move|p1a: Sableye|Encore|p2a: Hydreigon\n|-start|p2a: Hydreigon|Encore\n|move|p2b: Volcarona|Heat Wave|p1a: Sableye|[spread] p1a,p1b\n|-resisted|p1b: Cinderace\n|-damage|p1a: Sableye|63\/100\n|-damage|p1b: Cinderace|77\/100\n|move|p2a: Hydreigon|Tailwind||[still]\n|-fail|p2a: Hydreigon\n|move|p1b: Cinderace|Pyro Ball|p2b: Volcarona\n|-damage|p2b: Volcarona|18\/100\n|-damage|p1b: Cinderace|68\/100|[from] item: Life Orb\n|\n|-heal|p2b: Volcarona|24\/100|[from] Grassy Terrain\n|-heal|p2a: Hydreigon|49\/100|[from] Grassy Terrain\n|-heal|p1b: Cinderace|73\/100|[from] Grassy Terrain\n|-heal|p1a: Sableye|69\/100|[from] Grassy Terrain\n|upkeep\n|turn|4\n|inactive|ponlm has 30 seconds left.\n|\n|t:|1701155044\n|switch|p2a: Maushold|Maushold, L50|100\/100\n|move|p1a: Sableye|Quash|p2b: Volcarona\n|-activate|p2b: Volcarona|move: Quash\n|move|p1b: Cinderace|Pyro Ball|p2b: Volcarona\n|-damage|p2b: Volcarona|0 fnt\n|faint|p2b: Volcarona\n|-damage|p1b: Cinderace|64\/100|[from] item: Life Orb\n|\n|-heal|p1b: Cinderace|70\/100|[from] Grassy Terrain\n|-heal|p1a: Sableye|75\/100|[from] Grassy Terrain\n|upkeep\n|\n|t:|1701155055\n|switch|p2b: Hydreigon|Hydreigon, L50, F, tera:Poison|49\/100\n|turn|5\n|inactive|3GearsTurning has 30 seconds left.\n|inactive|3GearsTurning has 20 seconds left.\n|inactive|3GearsTurning has 15 seconds left.\n|\n|t:|1701155099\n|move|p2a: Maushold|Follow Me|p2a: Maushold\n|-singleturn|p2a: Maushold|move: Follow Me\n|move|p1a: Sableye|Quash||[still]\n|-fail|p1a: Sableye\n|move|p2b: Hydreigon|Draco Meteor|p1b: Cinderace\n|-damage|p1b: Cinderace|0 fnt\n|-unboost|p2b: Hydreigon|spa|2\n|faint|p1b: Cinderace\n|\n|-heal|p2b: Hydreigon|55\/100|[from] Grassy Terrain\n|-heal|p1a: Sableye|81\/100|[from] Grassy Terrain\n|-sideend|p2: ponlm|move: Tailwind\n|-fieldend|move: Gravity\n|-fieldend|move: Grassy Terrain\n|upkeep\n|turn|6\n|\n|t:|1701155123\n|move|p2a: Maushold|Helping Hand|p2b: Hydreigon\n|-singleturn|p2b: Hydreigon|Helping Hand|[of] p2a: Maushold\n|move|p1a: Sableye|Encore|p2a: Maushold\n|-start|p2a: Maushold|Encore\n|move|p2b: Hydreigon|Draco Meteor|p1a: Sableye\n|-damage|p1a: Sableye|38\/100\n|-unboost|p2b: Hydreigon|spa|2\n|-enditem|p1a: Sableye|Sitrus Berry|[eat]\n|-heal|p1a: Sableye|63\/100|[from] item: Sitrus Berry\n|\n|upkeep\n|turn|7\n|\n|t:|1701155148\n|move|p2a: Maushold|Helping Hand|p2b: Hydreigon\n|-singleturn|p2b: Hydreigon|Helping Hand|[of] p2a: Maushold\n|move|p2b: Hydreigon|Dark Pulse|p1a: Sableye\n|-damage|p1a: Sableye|45\/100\n|move|p1a: Sableye|Foul Play|p2b: Hydreigon\n|-damage|p2b: Hydreigon|27\/100\n|\n|upkeep\n|turn|8\n|\n|t:|1701155163\n|move|p2a: Maushold|Helping Hand|p2b: Hydreigon\n|-singleturn|p2b: Hydreigon|Helping Hand|[of] p2a: Maushold\n|move|p2b: Hydreigon|Draco Meteor|p1a: Sableye\n|-damage|p1a: Sableye|16\/100\n|-unboost|p2b: Hydreigon|spa|2\n|move|p1a: Sableye|Foul Play|p2b: Hydreigon\n|-damage|p2b: Hydreigon|0 fnt\n|faint|p2b: Hydreigon\n|\n|upkeep\n|turn|9\n|c|\u2606ponlm|gg\n|-message|ponlm forfeited.\n|\n|win|3GearsTurning\n|raw|3GearsTurning's rating: 1117 &rarr; <strong>1143<\/strong><br \/>(+26 for winning)\n|raw|ponlm's rating: 1135 &rarr; <strong>1109<\/strong><br \/>(-26 for losing)\n|l|\u2606ponlm\n|c|\u26063GearsTurning|gg\n","uploadtime":1701155187,"views":23,"p1id":"3gearsturning","p2id":"ponlm","formatid":"gen9vgc2023regulatione","rating":1109,"private":0,"password":""}