{"id":"gen9vgc2023regulatione-1989656550","p1":"poglu","p2":"Mariana Croth","format":"[Gen 9] VGC 2023 Regulation E","log":"|j|\u2606poglu\n|j|\u2606Mariana Croth\n|t:|1699883874\n|gametype|doubles\n|player|p1|poglu|caitlin|1382\n|player|p2|Mariana Croth|acetrainer|1369\n|teamsize|p1|6\n|teamsize|p2|6\n|gen|9\n|tier|[Gen 9] VGC 2023 Regulation E\n|rated|\n|rule|Species Clause: Limit one of each Pok\u00e9mon\n|rule|Item Clause: Limit one of each item\n|clearpoke\n|poke|p1|Kingambit, L50, M|\n|poke|p1|Iron Hands, L50|\n|poke|p1|Sinistcha, L50|\n|poke|p1|Urshifu-*, L50, F|\n|poke|p1|Heatran, L50, F|\n|poke|p1|Enamorus-Therian, L50, F|\n|poke|p2|Skeledirge, L50, F|\n|poke|p2|Ogerpon-Wellspring, L50, F|\n|poke|p2|Iron Hands, L50|\n|poke|p2|Farigiraf, L50, F|\n|poke|p2|Roaring Moon, L50|\n|poke|p2|Gholdengo, L50|\n|teampreview|4\n|inactive|Battle timer is ON: inactive players will automatically lose when time's up. (requested by Mariana Croth)\nMariana Croth has agreed to open team sheets.\n|inactive|poglu has 60 seconds left.\n|inactive|Mariana Croth has 60 seconds left.\npoglu rejected open team sheets.\n|\n|t:|1699883924\n|start\n|switch|p1a: Sinistcha|Sinistcha, L50|100\/100\n|switch|p1b: Kingambit|Kingambit, L50, M|100\/100\n|switch|p2a: Skeledirge|Skeledirge, L50, F|100\/100\n|switch|p2b: Roaring Moon|Roaring Moon, L50|100\/100\n|-enditem|p2b: Roaring Moon|Booster Energy\n|-activate|p2b: Roaring Moon|ability: Protosynthesis|[fromitem]\n|-start|p2b: Roaring Moon|protosynthesisspe\n|turn|1\n|\n|t:|1699883939\n|-terastallize|p2a: Skeledirge|Fairy\n|-terastallize|p1b: Kingambit|Dark\n|move|p1a: Sinistcha|Protect|p1a: Sinistcha\n|-singleturn|p1a: Sinistcha|Protect\n|move|p2b: Roaring Moon|Knock Off|p1b: Kingambit\n|-resisted|p1b: Kingambit\n|-damage|p1b: Kingambit|84\/100\n|-enditem|p1b: Kingambit|Black Glasses|[from] move: Knock Off|[of] p2b: Roaring Moon\n|move|p2a: Skeledirge|Torch Song|p1b: Kingambit\n|-damage|p1b: Kingambit|46\/100\n|-boost|p2a: Skeledirge|spa|1\n|move|p1b: Kingambit|Swords Dance|p1b: Kingambit\n|-boost|p1b: Kingambit|atk|2\n|\n|upkeep\n|turn|2\n|inactive|Mariana Croth has 30 seconds left.\n|\n|t:|1699883968\n|switch|p1a: Iron Hands|Iron Hands, L50|100\/100\n|move|p1b: Kingambit|Protect|p1b: Kingambit\n|-singleturn|p1b: Kingambit|Protect\n|move|p2b: Roaring Moon|Knock Off|p1a: Iron Hands\n|-resisted|p1a: Iron Hands\n|-damage|p1a: Iron Hands|84\/100\n|-enditem|p1a: Iron Hands|Assault Vest|[from] move: Knock Off|[of] p2b: Roaring Moon\n|move|p2a: Skeledirge|Torch Song|p1b: Kingambit\n|-activate|p1b: Kingambit|move: Protect\n|\n|upkeep\n|turn|3\n|inactive|poglu has 30 seconds left.\n|\n|t:|1699883998\n|move|p2b: Roaring Moon|Protect|p2b: Roaring Moon\n|-singleturn|p2b: Roaring Moon|Protect\n|move|p2a: Skeledirge|Protect|p2a: Skeledirge\n|-singleturn|p2a: Skeledirge|Protect\n|move|p1a: Iron Hands|Fake Out|p2b: Roaring Moon\n|-activate|p2b: Roaring Moon|move: Protect\n|move|p1b: Kingambit|Sucker Punch||[still]\n|-fail|p1b: Kingambit\n|\n|upkeep\n|turn|4\n|inactive|Mariana Croth has 30 seconds left.\n|inactive|Mariana Croth has 20 seconds left.\n|\n|t:|1699884035\n|-end|p1a: Iron Hands|Quark Drive|[silent]\n|switch|p1a: Sinistcha|Sinistcha, L50|100\/100\n|-heal|p1b: Kingambit|71\/100|[from] ability: Hospitality|[of] p1a: Sinistcha\n|move|p2b: Roaring Moon|Breaking Swipe|p1b: Kingambit|[spread] p1a,p1b\n|-damage|p1a: Sinistcha|75\/100\n|-damage|p1b: Kingambit|54\/100\n|-unboost|p1a: Sinistcha|atk|1\n|-unboost|p1b: Kingambit|atk|1\n|-ability|p1b: Kingambit|Defiant|boost\n|-boost|p1b: Kingambit|atk|2\n|move|p2a: Skeledirge|Torch Song|p1b: Kingambit\n|-damage|p1b: Kingambit|1\/100\n|-boost|p2a: Skeledirge|spa|1\n|move|p1b: Kingambit|Kowtow Cleave|p2a: Skeledirge\n|-resisted|p2a: Skeledirge\n|-damage|p2a: Skeledirge|72\/100\n|\n|-heal|p1a: Sinistcha|80\/100|[from] item: Leftovers\n|-heal|p2a: Skeledirge|78\/100|[from] item: Leftovers\n|upkeep\n|turn|5\n|inactive|poglu has 30 seconds left.\n|\n|t:|1699884060\n|switch|p1a: Enamorus|Enamorus-Therian, L50, F|100\/100\n|move|p1b: Kingambit|Protect|p1b: Kingambit\n|-singleturn|p1b: Kingambit|Protect\n|move|p2b: Roaring Moon|Breaking Swipe|p1a: Enamorus|[spread] \n|-activate|p1b: Kingambit|move: Protect\n|-immune|p1a: Enamorus\n|move|p2a: Skeledirge|Torch Song|p1a: Enamorus\n|-crit|p1a: Enamorus\n|-damage|p1a: Enamorus|8\/100\n|-boost|p2a: Skeledirge|spa|1\n|\n|-heal|p2a: Skeledirge|84\/100|[from] item: Leftovers\n|upkeep\n|turn|6\n|inactive|Mariana Croth has 30 seconds left.\n|\n|t:|1699884088\n|move|p1b: Kingambit|Sucker Punch|p2b: Roaring Moon\n|-resisted|p2b: Roaring Moon\n|-damage|p2b: Roaring Moon|31\/100\n|move|p2b: Roaring Moon|Knock Off|p1b: Kingambit\n|-resisted|p1b: Kingambit\n|-damage|p1b: Kingambit|0 fnt\n|faint|p1b: Kingambit\n|move|p2a: Skeledirge|Torch Song|p1a: Enamorus\n|-damage|p1a: Enamorus|0 fnt\n|-boost|p2a: Skeledirge|spa|1\n|faint|p1a: Enamorus\n|\n|-heal|p2a: Skeledirge|89\/100|[from] item: Leftovers\n|upkeep\n|\n|t:|1699884096\n|switch|p1b: Sinistcha|Sinistcha, L50|80\/100\n|switch|p1a: Iron Hands|Iron Hands, L50|84\/100\n|-heal|p1a: Iron Hands|100\/100|[from] ability: Hospitality|[of] p1b: Sinistcha\n|turn|7\n|\n|t:|1699884104\n|move|p1a: Iron Hands|Fake Out|p2a: Skeledirge\n|-damage|p2a: Skeledirge|75\/100\n|move|p2b: Roaring Moon|Breaking Swipe|p1a: Iron Hands|[spread] p1a,p1b\n|-damage|p1a: Iron Hands|84\/100\n|-damage|p1b: Sinistcha|57\/100\n|-unboost|p1a: Iron Hands|atk|1\n|-unboost|p1b: Sinistcha|atk|1\n|cant|p2a: Skeledirge|flinch\n|move|p1b: Sinistcha|Trick Room|p1b: Sinistcha\n|-fieldstart|move: Trick Room|[of] p1b: Sinistcha\n|\n|-heal|p2a: Skeledirge|81\/100|[from] item: Leftovers\n|-heal|p1b: Sinistcha|62\/100|[from] item: Leftovers\n|upkeep\n|turn|8\n|\n|t:|1699884118\n|move|p2b: Roaring Moon|Protect|p2b: Roaring Moon\n|-singleturn|p2b: Roaring Moon|Protect\n|move|p1a: Iron Hands|Heavy Slam|p2a: Skeledirge\n|-supereffective|p2a: Skeledirge\n|-damage|p2a: Skeledirge|50\/100\n|move|p2a: Skeledirge|Torch Song|p1b: Sinistcha\n|-supereffective|p1b: Sinistcha\n|-damage|p1b: Sinistcha|0 fnt\n|-boost|p2a: Skeledirge|spa|1\n|faint|p1b: Sinistcha\n|\n|-heal|p2a: Skeledirge|56\/100|[from] item: Leftovers\n|upkeep\n|turn|9\n|inactive|Mariana Croth has 30 seconds left.\n|\n|t:|1699884145\n|move|p1a: Iron Hands|Heavy Slam|p2a: Skeledirge\n|-supereffective|p2a: Skeledirge\n|-damage|p2a: Skeledirge|28\/100\n|move|p2a: Skeledirge|Torch Song|p1a: Iron Hands\n|-damage|p1a: Iron Hands|0 fnt\n|-boost|p2a: Skeledirge|spa|1\n|faint|p1a: Iron Hands\n|-end|p1a: Iron Hands|Quark Drive|[silent]\n|\n|win|Mariana Croth\n|raw|poglu's rating: 1382 &rarr; <strong>1361<\/strong><br \/>(-21 for losing)\n|raw|Mariana Croth's rating: 1369 &rarr; <strong>1390<\/strong><br \/>(+21 for winning)\n","uploadtime":1699884150,"views":23,"p1id":"poglu","p2id":"marianacroth","formatid":"gen9vgc2023regulatione","rating":1361,"private":0,"password":""}