{"id":"gen9vgc2023regulatione-1997579378","p1":"marscookie","p2":"shuruko","format":"[Gen 9] VGC 2023 Regulation E","log":"|j|\u2606marscookie\n|j|\u2606shuruko\n|t:|1700828420\n|gametype|doubles\n|player|p1|marscookie|1|1168\n|player|p2|shuruko|bugcatcher-gen4dp|1172\n|teamsize|p1|6\n|teamsize|p2|6\n|gen|9\n|tier|[Gen 9] VGC 2023 Regulation E\n|rated|\n|rule|Species Clause: Limit one of each Pok\u00e9mon\n|rule|Item Clause: Limit one of each item\n|clearpoke\n|poke|p1|Zapdos-Galar, L50|\n|poke|p1|Indeedee-F, L50, F|\n|poke|p1|Armarouge, L50, M|\n|poke|p1|Tornadus, L50, M|\n|poke|p1|Urshifu-*, L50, M|\n|poke|p1|Gholdengo, L50|\n|poke|p2|Lurantis, L50, F|\n|poke|p2|Grimmsnarl, L50, M|\n|poke|p2|Sinistcha-Masterpiece, L50|\n|poke|p2|Rillaboom, L50, M|\n|poke|p2|Scizor, L50, F|\n|poke|p2|Landorus-Therian, L50, M|\n|teampreview|4\n|inactive|Battle timer is ON: inactive players will automatically lose when time's up. (requested by marscookie)\nshuruko rejected open team sheets.\n|inactive|marscookie has 60 seconds left.\n|\n|t:|1700828461\n|start\n|switch|p1a: Indeedee|Indeedee-F, L50, F|100\/100\n|switch|p1b: Gholdengo|Gholdengo, L50|100\/100\n|switch|p2a: Lurantis|Lurantis, L50, F|100\/100\n|switch|p2b: Grimmsnarl|Grimmsnarl, L50, M|100\/100\n|-fieldstart|move: Psychic Terrain|[from] ability: Psychic Surge|[of] p1a: Indeedee\n|turn|1\n|inactive|marscookie has 30 seconds left.\n|\n|t:|1700828487\n|-terastallize|p2a: Lurantis|Fire\n|move|p2b: Grimmsnarl|Fake Tears|p2a: Lurantis\n|-boost|p2a: Lurantis|spd|2\n|move|p1b: Gholdengo|Make It Rain|p2a: Lurantis|[spread] p2a,p2b\n|-resisted|p2a: Lurantis\n|-supereffective|p2b: Grimmsnarl\n|-damage|p2a: Lurantis|87\/100\n|-damage|p2b: Grimmsnarl|0 fnt\n|-unboost|p1b: Gholdengo|spa|1\n|faint|p2b: Grimmsnarl\n|move|p1a: Indeedee|Dazzling Gleam|p2a: Lurantis\n|-resisted|p2a: Lurantis\n|-damage|p2a: Lurantis|84\/100\n|move|p2a: Lurantis|Superpower|p1a: Indeedee\n|-damage|p1a: Indeedee|62\/100\n|-boost|p2a: Lurantis|atk|1\n|-boost|p2a: Lurantis|def|1\n|\n|upkeep\n|\n|t:|1700828505\n|switch|p2b: Rillaboom|Rillaboom, L50, M|100\/100\n|-fieldstart|move: Grassy Terrain|[from] ability: Grassy Surge|[of] p2b: Rillaboom\n|-enditem|p2b: Rillaboom|Grassy Seed\n|-boost|p2b: Rillaboom|def|1|[from] item: Grassy Seed\n|turn|2\n|\n|t:|1700828530\n|switch|p1b: Zapdos|Zapdos-Galar, L50|100\/100\n|move|p1a: Indeedee|Protect|p1a: Indeedee\n|-singleturn|p1a: Indeedee|Protect\n|move|p2b: Rillaboom|Bulldoze|p1a: Indeedee|[spread] p2a\n|-activate|p1a: Indeedee|move: Protect\n|-immune|p1b: Zapdos\n|-supereffective|p2a: Lurantis\n|-damage|p2a: Lurantis|71\/100\n|-boost|p2a: Lurantis|spe|1\n|move|p2a: Lurantis|Tera Blast|p1b: Zapdos|[anim] Tera Blast Fire\n|-damage|p1b: Zapdos|38\/100\n|\n|-heal|p1a: Indeedee|68\/100|[from] Grassy Terrain\n|-heal|p2a: Lurantis|77\/100|[from] Grassy Terrain\n|upkeep\n|turn|3\n|inactive|shuruko has 30 seconds left.\n|\n|t:|1700828556\n|switch|p2b: Sinistcha|Sinistcha-Masterpiece, L50|100\/100\n|-heal|p2a: Lurantis|100\/100|[from] ability: Hospitality|[of] p2b: Sinistcha\n|move|p1a: Indeedee|Follow Me|p1a: Indeedee\n|-singleturn|p1a: Indeedee|move: Follow Me\n|move|p1b: Zapdos|Stomping Tantrum|p2a: Lurantis\n|-supereffective|p2a: Lurantis\n|-damage|p2a: Lurantis|61\/100\n|move|p2a: Lurantis|Superpower|p1a: Indeedee\n|-damage|p1a: Indeedee|10\/100\n|-boost|p2a: Lurantis|atk|1\n|-boost|p2a: Lurantis|def|1\n|-enditem|p1a: Indeedee|Sitrus Berry|[eat]\n|-heal|p1a: Indeedee|35\/100|[from] item: Sitrus Berry\n|\n|-heal|p1a: Indeedee|41\/100|[from] Grassy Terrain\n|-heal|p2a: Lurantis|67\/100|[from] Grassy Terrain\n|upkeep\n|turn|4\n|\n|t:|1700828579\n|move|p1a: Indeedee|Helping Hand|p1b: Zapdos\n|-singleturn|p1b: Zapdos|Helping Hand|[of] p1a: Indeedee\n|move|p1b: Zapdos|Stomping Tantrum|p2a: Lurantis\n|-supereffective|p2a: Lurantis\n|-damage|p2a: Lurantis|23\/100\n|move|p2a: Lurantis|Superpower|p1a: Indeedee\n|-damage|p1a: Indeedee|0 fnt\n|-boost|p2a: Lurantis|atk|1\n|-boost|p2a: Lurantis|def|1\n|faint|p1a: Indeedee\n|move|p2b: Sinistcha|Trick Room|p2b: Sinistcha\n|-fieldstart|move: Trick Room|[of] p2b: Sinistcha\n|\n|-heal|p2a: Lurantis|29\/100|[from] Grassy Terrain\n|upkeep\n|\n|t:|1700828597\n|switch|p1a: Gholdengo|Gholdengo, L50|100\/100\n|turn|5\n|\n|t:|1700828614\n|switch|p1b: Armarouge|Armarouge, L50, M|100\/100\n|move|p2b: Sinistcha|Rage Powder|p2b: Sinistcha\n|-singleturn|p2b: Sinistcha|move: Rage Powder\n|move|p2a: Lurantis|Tera Blast|p1a: Gholdengo|[anim] Tera Blast Fire\n|-supereffective|p1a: Gholdengo\n|-damage|p1a: Gholdengo|0 fnt\n|faint|p1a: Gholdengo\n|\n|-heal|p2a: Lurantis|36\/100|[from] Grassy Terrain\n|upkeep\n|\n|t:|1700828624\n|switch|p1a: Zapdos|Zapdos-Galar, L50|38\/100\n|turn|6\n|\n|t:|1700828646\n|-terastallize|p1a: Zapdos|Fire\n|move|p2b: Sinistcha|Life Dew||[still]|[spread] p2a,p2b\n|-heal|p2a: Lurantis|60\/100\n|-fail|p2b: Sinistcha|heal\n|move|p2a: Lurantis|Superpower|p1a: Zapdos\n|-damage|p1a: Zapdos|0 fnt\n|-boost|p2a: Lurantis|atk|1\n|-boost|p2a: Lurantis|def|1\n|faint|p1a: Zapdos\n|move|p1b: Armarouge|Armor Cannon|p2b: Sinistcha\n|-supereffective|p2b: Sinistcha\n|-damage|p2b: Sinistcha|0 fnt\n|-unboost|p1b: Armarouge|def|1\n|-unboost|p1b: Armarouge|spd|1\n|faint|p2b: Sinistcha\n|\n|-heal|p2a: Lurantis|67\/100|[from] Grassy Terrain\n|-fieldend|move: Grassy Terrain\n|upkeep\n|\n|t:|1700828661\n|switch|p2b: Rillaboom|Rillaboom, L50, M|100\/100\n|-fieldstart|move: Grassy Terrain|[from] ability: Grassy Surge|[of] p2b: Rillaboom\n|turn|7\n|-message|marscookie forfeited.\n|\n|win|shuruko\n|raw|marscookie's rating: 1168 &rarr; <strong>1143<\/strong><br \/>(-25 for losing)\n|raw|shuruko's rating: 1172 &rarr; <strong>1197<\/strong><br \/>(+25 for winning)\n|l|\u2606marscookie\n","uploadtime":1700828675,"views":17,"p1id":"marscookie","p2id":"shuruko","formatid":"gen9vgc2023regulatione","rating":1143,"private":0,"password":""}