{"id":"gen9vgc2023regulatione-1996392297","p1":"Omeega13","p2":"SprimLordLv","format":"[Gen 9] VGC 2023 Regulation E","log":"|j|\u2606Omeega13\n|j|\u2606SprimLordLv\n|t:|1700677674\n|gametype|doubles\n|player|p1|Omeega13|169|\n|player|p2|SprimLordLv|102|\n|teamsize|p1|6\n|teamsize|p2|6\n|gen|9\n|tier|[Gen 9] VGC 2023 Regulation E\n|rule|Species Clause: Limit one of each Pok\u00e9mon\n|rule|Item Clause: Limit one of each item\n|clearpoke\n|poke|p1|Flutter Mane, L50|\n|poke|p1|Palafin, L50, M|\n|poke|p1|Iron Jugulis, L50|\n|poke|p1|Iron Hands, L50|\n|poke|p1|Maushold-Four, L50|\n|poke|p1|Ceruledge, L50, F|\n|poke|p2|Iron Jugulis, L50|\n|poke|p2|Great Tusk, L50|\n|poke|p2|Iron Bundle, L50|\n|poke|p2|Iron Hands, L50|\n|poke|p2|Gholdengo, L50|\n|poke|p2|Gothitelle, L50, M|\n|teampreview|4\n|j| drakig\n|inactive|Battle timer is ON: inactive players will automatically lose when time's up. (requested by SprimLordLv)\n|j| Jaatiiiii\n|c| drakig|podeis empezar\n|c|\u2606SprimLordLv|Gl\n|j| Manuncho24\n|c|\u2606Omeega13|Gl\n|\n|t:|1700677718\n|start\n|switch|p1a: Flutter Mane|Flutter Mane, L50|100\/100\n|switch|p1b: Ceruledge|Ceruledge, L50, F|100\/100\n|switch|p2a: Iron Jugulis|Iron Jugulis, L50|100\/100\n|switch|p2b: Gholdengo|Gholdengo, L50|100\/100\n|-enditem|p2a: Iron Jugulis|Booster Energy\n|-activate|p2a: Iron Jugulis|ability: Quark Drive|[fromitem]\n|-start|p2a: Iron Jugulis|quarkdrivespe\n|turn|1\n|j| Machado-1497\n|\n|t:|1700677731\n|-terastallize|p1a: Flutter Mane|Fairy\n|move|p2a: Iron Jugulis|Tailwind|p2a: Iron Jugulis\n|-sidestart|p2: SprimLordLv|move: Tailwind\n|move|p2b: Gholdengo|Shadow Ball|p1b: Ceruledge\n|-supereffective|p1b: Ceruledge\n|-damage|p1b: Ceruledge|0 fnt\n|faint|p1b: Ceruledge\n|move|p1a: Flutter Mane|Dazzling Gleam|p2b: Gholdengo|[spread] p2a,p2b\n|-supereffective|p2a: Iron Jugulis\n|-resisted|p2b: Gholdengo\n|-damage|p2a: Iron Jugulis|0 fnt\n|-damage|p2b: Gholdengo|72\/100\n|faint|p2a: Iron Jugulis\n|-end|p2a: Iron Jugulis|Quark Drive|[silent]\n|\n|upkeep\n|\n|t:|1700677749\n|switch|p2a: Iron Hands|Iron Hands, L50|100\/100\n|switch|p1b: Iron Jugulis|Iron Jugulis, L50|100\/100\n|-enditem|p1b: Iron Jugulis|Booster Energy\n|-activate|p1b: Iron Jugulis|ability: Quark Drive|[fromitem]\n|-start|p1b: Iron Jugulis|quarkdrivespe\n|turn|2\n|inactive|SprimLordLv has 30 seconds left.\n|inactive|SprimLordLv has 20 seconds left.\n|j| StarDust_Leo\n|inactive|SprimLordLv has 15 seconds left.\n|inactive|SprimLordLv has 10 seconds left.\n|\n|t:|1700677799\n|move|p2a: Iron Hands|Fake Out|p1b: Iron Jugulis\n|-damage|p1b: Iron Jugulis|84\/100\n|cant|p1b: Iron Jugulis|flinch\n|move|p2b: Gholdengo|Shadow Ball|p1a: Flutter Mane\n|-damage|p1a: Flutter Mane|43\/100\n|move|p1a: Flutter Mane|Dazzling Gleam|p2a: Iron Hands|[spread] p2a,p2b\n|-supereffective|p2a: Iron Hands\n|-resisted|p2b: Gholdengo\n|-damage|p2a: Iron Hands|39\/100\n|-damage|p2b: Gholdengo|41\/100\n|\n|upkeep\n|turn|3\n|inactive|SprimLordLv has 30 seconds left.\n|inactive|SprimLordLv has 20 seconds left.\n|inactive|Omeega13 has 30 seconds left.\n|inactive|SprimLordLv has 15 seconds left.\n|inactive|SprimLordLv has 10 seconds left.\n|inactive|Omeega13 has 20 seconds left.\n|inactive|SprimLordLv has 5 seconds left.\n|\n|t:|1700677854\n|-end|p1a: Flutter Mane|Protosynthesis|[silent]\n|switch|p1a: Iron Hands|Iron Hands, L50|100\/100\n|move|p2a: Iron Hands|Fake Out||[still]\n|-hint|Fake Out only works on your first turn out.\n|-fail|p2a: Iron Hands\n|move|p1b: Iron Jugulis|Tailwind|p1b: Iron Jugulis\n|-sidestart|p1: Omeega13|move: Tailwind\n|move|p2b: Gholdengo|Shadow Ball|p1a: Iron Hands\n|-damage|p1a: Iron Hands|61\/100\n|\n|upkeep\n|turn|4\n|inactive|Omeega13 has 30 seconds left.\n|inactive|SprimLordLv has 30 seconds left.\n|inactive|SprimLordLv has 20 seconds left.\n|inactive|SprimLordLv has 15 seconds left.\n|inactive|SprimLordLv has 10 seconds left.\n|inactive|SprimLordLv has 5 seconds left.\n|\n|t:|1700677908\n|-terastallize|p2a: Iron Hands|Grass\n|move|p1a: Iron Hands|Fake Out|p2a: Iron Hands\n|-crit|p2a: Iron Hands\n|-damage|p2a: Iron Hands|23\/100\n|move|p1b: Iron Jugulis|Snarl|p2b: Gholdengo|[spread] p2a,p2b\n|-supereffective|p2b: Gholdengo\n|-damage|p2a: Iron Hands|15\/100\n|-damage|p2b: Gholdengo|6\/100\n|-unboost|p2a: Iron Hands|spa|1\n|-unboost|p2b: Gholdengo|spa|1\n|move|p2b: Gholdengo|Shadow Ball|p1a: Iron Hands\n|-damage|p1a: Iron Hands|37\/100\n|cant|p2a: Iron Hands|flinch\n|\n|-sideend|p2: SprimLordLv|move: Tailwind\n|upkeep\n|turn|5\n|\n|t:|1700677929\n|move|p1b: Iron Jugulis|Snarl|p2b: Gholdengo|[spread] p2a,p2b\n|-supereffective|p2b: Gholdengo\n|-damage|p2a: Iron Hands|7\/100\n|-damage|p2b: Gholdengo|0 fnt\n|-unboost|p2a: Iron Hands|spa|1\n|faint|p2b: Gholdengo\n|move|p1a: Iron Hands|Drain Punch|p2a: Iron Hands\n|-damage|p2a: Iron Hands|0 fnt\n|-heal|p1a: Iron Hands|40\/100|[from] drain|[of] p2a: Iron Hands\n|faint|p2a: Iron Hands\n|-end|p2a: Iron Hands|Quark Drive|[silent]\n|\n|upkeep\n|\n|t:|1700677938\n|switch|p2a: Great Tusk|Great Tusk, L50|100\/100\n|turn|6\n|\n|t:|1700677951\n|move|p1b: Iron Jugulis|Air Slash|p2a: Great Tusk\n|-supereffective|p2a: Great Tusk\n|-damage|p2a: Great Tusk|4\/100\n|move|p1a: Iron Hands|Drain Punch|p2a: Great Tusk\n|-damage|p2a: Great Tusk|0 fnt\n|-heal|p1a: Iron Hands|42\/100|[from] drain|[of] p2a: Great Tusk\n|faint|p2a: Great Tusk\n|-end|p2a: Great Tusk|Protosynthesis|[silent]\n|\n|win|Omeega13\n|c| Manuncho24|gg\n|c|\u2606Omeega13|GG\n|c| Jaatiiiii|gg\n|l| Machado-1497\n|c|\u2606SprimLordLv|Gg\n|l| StarDust_Leo\n","uploadtime":1700677984,"views":11,"p1id":"omeega13","p2id":"sprimlordlv","formatid":"gen9vgc2023regulatione","rating":0,"private":0,"password":""}