{"id":"gen9vgc2023regulatione-1998012729","p1":"bambichild","p2":"mnov09","format":"[Gen 9] VGC 2023 Regulation E","log":"|j|\u2606bambichild\n|j|\u2606mnov09\n|n|\u2606bambichild|bambichild\n|n|\u2606mnov09|mnov09\n|html|View the match progress at <a href=\"\/game-bestof3-gen9vgc2023regulatione-1998012728\">game-bestof3-gen9vgc2023regulatione-1998012728<\/a>\n|t:|1700878893\n|gametype|doubles\n|player|p1|bambichild|cynthia|\n|player|p2|mnov09|102|\n|teamsize|p1|6\n|teamsize|p2|6\n|gen|9\n|tier|[Gen 9] VGC 2023 Regulation E\n|rule|Species Clause: Limit one of each Pok\u00e9mon\n|rule|Item Clause: Limit one of each item\n|clearpoke\n|poke|p1|Hydreigon, L50, F|\n|poke|p1|Frosmoth, L50, F|\n|poke|p1|Raichu, L50, F|\n|poke|p1|Tornadus, L50, M|\n|poke|p1|Basculegion, L50, M|\n|poke|p1|Rotom-Heat, L50|\n|poke|p2|Urshifu-*, L50, M|\n|poke|p2|Regieleki, L50|\n|poke|p2|Corviknight, L50, M|\n|poke|p2|Ludicolo, L50, M|\n|poke|p2|Glimmora, L50, M|\n|poke|p2|Gliscor, L50, F|\n|teampreview|4\nbambichild rejected open team sheets.\n|\n|t:|1700878937\n|start\n|switch|p1a: Tornadus|Tornadus, L50, M, shiny|100\/100\n|switch|p1b: Raichu|Raichu, L50, F, shiny|100\/100\n|switch|p2a: Urshifu|Urshifu, L50, M|100\/100\n|switch|p2b: Corviknight|Corviknight, L50, M|100\/100\n|turn|1\n|\n|t:|1700878981\n|switch|p2a: Glimmora|Glimmora, L50, M|100\/100\n|move|p1b: Raichu|Fake Out|p2b: Corviknight\n|-resisted|p2b: Corviknight\n|-damage|p2b: Corviknight|98\/100\n|move|p1a: Tornadus|Tailwind|p1a: Tornadus\n|-sidestart|p1: bambichild|move: Tailwind\n|cant|p2b: Corviknight|flinch\n|\n|upkeep\n|turn|2\n|\n|t:|1700879053\n|switch|p1b: Basculegion|Basculegion, L50, M, shiny|100\/100\n|move|p1a: Tornadus|Rain Dance|p1a: Tornadus\n|-weather|RainDance\n|move|p2a: Glimmora|Rock Slide|p1b: Basculegion|[spread] p1b\n|-miss|p2a: Glimmora|p1a: Tornadus\n|-damage|p1b: Basculegion|85\/100\n|move|p2b: Corviknight|Tailwind|p2b: Corviknight\n|-sidestart|p2: mnov09|move: Tailwind\n|\n|-weather|RainDance|[upkeep]\n|upkeep\n|turn|3\n|\n|t:|1700879090\n|switch|p2b: Regieleki|Regieleki, L50|100\/100\n|-item|p2b: Regieleki|Air Balloon\n|move|p1b: Basculegion|Liquidation|p2a: Glimmora\n|-supereffective|p2a: Glimmora\n|-damage|p2a: Glimmora|0 fnt\n|-activate|p2a: Glimmora|ability: Toxic Debris\n|-sidestart|p1: bambichild|move: Toxic Spikes\n|faint|p2a: Glimmora\n|move|p1a: Tornadus|Bleakwind Storm|p2b: Regieleki\n|-resisted|p2b: Regieleki\n|-damage|p2b: Regieleki|67\/100\n|-enditem|p2b: Regieleki|Air Balloon\n|\n|-weather|RainDance|[upkeep]\n|upkeep\n|\n|t:|1700879106\n|switch|p2a: Corviknight|Corviknight, L50, M|98\/100\n|turn|4\n|\n|t:|1700879145\n|switch|p1a: Raichu|Raichu, L50, F, shiny|100\/100\n|-status|p1a: Raichu|psn\n|move|p2b: Regieleki|Electro Ball|p1a: Raichu\n|-ability|p1a: Raichu|Lightning Rod|boost\n|-boost|p1a: Raichu|spa|1\n|move|p1b: Basculegion|Liquidation|p2b: Regieleki\n|-damage|p2b: Regieleki|0 fnt\n|faint|p2b: Regieleki\n|move|p2a: Corviknight|Brave Bird|p1b: Basculegion\n|-damage|p1b: Basculegion|40\/100\n|-damage|p2a: Corviknight|84\/100|[from] Recoil\n|\n|-weather|RainDance|[upkeep]\n|-damage|p1a: Raichu|88\/100 psn|[from] psn\n|-sideend|p1: bambichild|move: Tailwind\n|upkeep\n|\n|t:|1700879162\n|switch|p2b: Urshifu|Urshifu, L50, M|100\/100\n|turn|5\n|\n|t:|1700879264\n|move|p1a: Raichu|Fake Out|p2b: Urshifu\n|-damage|p2b: Urshifu|93\/100\n|cant|p2b: Urshifu|flinch\n|move|p2a: Corviknight|Brave Bird|p1b: Basculegion\n|-damage|p1b: Basculegion|0 fnt\n|faint|p1b: Basculegion\n|-damage|p2a: Corviknight|71\/100|[from] Recoil\n|\n|-weather|RainDance|[upkeep]\n|-damage|p1a: Raichu|76\/100 psn|[from] psn\n|-sideend|p2: mnov09|move: Tailwind\n|upkeep\n|\n|t:|1700879283\n|switch|p1b: Tornadus|Tornadus, L50, M, shiny|100\/100\n|turn|6\n|\n|t:|1700879306\n|move|p1a: Raichu|Draining Kiss|p2b: Urshifu\n|-supereffective|p2b: Urshifu\n|-damage|p2b: Urshifu|2\/100\n|-heal|p1a: Raichu|100\/100 psn|[from] drain|[of] p2b: Urshifu\n|move|p2b: Urshifu|Ice Punch|p1b: Tornadus\n|-supereffective|p1b: Tornadus\n|-damage|p1b: Tornadus|35\/100\n|move|p1b: Tornadus|Bleakwind Storm|p2b: Urshifu|[spread] p2a,p2b\n|-resisted|p2a: Corviknight\n|-supereffective|p2b: Urshifu\n|-damage|p2a: Corviknight|55\/100\n|-damage|p2b: Urshifu|0 fnt\n|faint|p2b: Urshifu\n|move|p2a: Corviknight|Body Press|p1a: Raichu\n|-damage|p1a: Raichu|59\/100 psn\n|\n|-weather|none\n|-damage|p1a: Raichu|47\/100 psn|[from] psn\n|upkeep\n|turn|7\n|\n|t:|1700879331\n|move|p1b: Tornadus|Protect|p1b: Tornadus\n|-singleturn|p1b: Tornadus|Protect\n|move|p1a: Raichu|Thunderbolt|p2a: Corviknight\n|-supereffective|p2a: Corviknight\n|-damage|p2a: Corviknight|0 fnt\n|faint|p2a: Corviknight\n|\n|win|bambichild\n|c|&|\/uhtml prompt-bambichild,bambichild is ready for game 2!\n|c|&|\/uhtml prompt-bambichild,bambichild is ready for game 2!\n|inactive|mnov09 has 50 seconds to confirm battle start!\n|c|&|\/uhtml prompt-mnov09,mnov09 is ready for game 2!\nBoth players are ready! Starting next match!\n","uploadtime":1700879829,"views":21,"p1id":"bambichild","p2id":"mnov09","formatid":"gen9vgc2023regulatione","rating":0,"private":0,"password":""}