{"id":"gen9vgc2023regulatione-1990297020","p1":"Altimetfarmer","p2":"Th3D3b","format":"[Gen 9] VGC 2023 Regulation E","log":"|j|\u2606Altimetfarmer\n|j|\u2606Th3D3b\n|t:|1699952640\n|gametype|doubles\n|player|p1|Altimetfarmer|pokekid|1182\n|player|p2|Th3D3b|170|1260\n|teamsize|p1|6\n|teamsize|p2|6\n|gen|9\n|tier|[Gen 9] VGC 2023 Regulation E\n|rated|\n|rule|Species Clause: Limit one of each Pok\u00e9mon\n|rule|Item Clause: Limit one of each item\n|clearpoke\n|poke|p1|Tornadus, L50, M|\n|poke|p1|Urshifu-*, L50, F|\n|poke|p1|Chien-Pao, L50|\n|poke|p1|Ogerpon-Wellspring, L50, F|\n|poke|p1|Gholdengo, L50|\n|poke|p1|Weavile, L50, F|\n|poke|p2|Illumise, L50, F|\n|poke|p2|Farigiraf, L50, M|\n|poke|p2|Chi-Yu, L50|\n|poke|p2|Rillaboom, L50, M|\n|poke|p2|Flutter Mane, L50|\n|poke|p2|Kleavor, L50, M|\n|teampreview|4\n|inactive|Battle timer is ON: inactive players will automatically lose when time's up. (requested by Altimetfarmer)\n|\n|t:|1699952667\n|start\n|switch|p1a: Weavile|Weavile, L50, F|100\/100\n|switch|p1b: Gholdengo|Gholdengo, L50|100\/100\n|switch|p2a: Farigiraf|Farigiraf, L50, M|100\/100\n|switch|p2b: Chi-Yu|Chi-Yu, L50|100\/100\n|-ability|p2b: Chi-Yu|Beads of Ruin\n|turn|1\n|inactive|Altimetfarmer has 30 seconds left.\n|inactive|Altimetfarmer has 20 seconds left.\n|inactive|Altimetfarmer has 15 seconds left.\n|inactive|Altimetfarmer has 10 seconds left.\n|inactive|Altimetfarmer has 5 seconds left.\n|\n|t:|1699952719\n|switch|p1b: Ogerpon|Ogerpon-Wellspring, L50, F|100\/100\n|move|p1a: Weavile|Knock Off|p2b: Chi-Yu\n|-resisted|p2b: Chi-Yu\n|-damage|p2b: Chi-Yu|55\/100\n|-enditem|p2b: Chi-Yu|Choice Scarf|[from] move: Knock Off|[of] p1a: Weavile\n|move|p2b: Chi-Yu|Heat Wave|p1b: Ogerpon|[spread] p1a,p1b\n|-supereffective|p1a: Weavile\n|-damage|p1a: Weavile|0 fnt\n|-damage|p1b: Ogerpon|47\/100\n|faint|p1a: Weavile\n|move|p2a: Farigiraf|Trick Room|p2a: Farigiraf\n|-fieldstart|move: Trick Room|[of] p2a: Farigiraf\n|\n|upkeep\n|\n|t:|1699952739\n|switch|p1a: Chien-Pao|Chien-Pao, L50|100\/100\n|-ability|p1a: Chien-Pao|Sword of Ruin\n|turn|2\n|\n|t:|1699952756\n|move|p1a: Chien-Pao|Protect|p1a: Chien-Pao\n|-singleturn|p1a: Chien-Pao|Protect\n|move|p2a: Farigiraf|Dazzling Gleam|p1b: Ogerpon|[spread] p1b\n|-activate|p1a: Chien-Pao|move: Protect\n|-damage|p1b: Ogerpon|24\/100\n|move|p1b: Ogerpon|Ivy Cudgel|p2b: Chi-Yu|[anim] Ivy Cudgel Water\n|-supereffective|p2b: Chi-Yu\n|-crit|p2b: Chi-Yu\n|-damage|p2b: Chi-Yu|0 fnt\n|faint|p2b: Chi-Yu\n|\n|upkeep\n|\n|t:|1699952766\n|switch|p2b: Kleavor|Kleavor, L50, M|100\/100\n|turn|3\n|inactive|Altimetfarmer has 30 seconds left.\n|inactive|Altimetfarmer has 20 seconds left.\n|inactive|Altimetfarmer has 15 seconds left.\n|inactive|Altimetfarmer has 10 seconds left.\n|\n|t:|1699952812\n|-terastallize|p2b: Kleavor|Water\n|-terastallize|p1a: Chien-Pao|Dark\n|move|p2a: Farigiraf|Dazzling Gleam|p1a: Chien-Pao|[spread] p1a,p1b\n|-supereffective|p1a: Chien-Pao\n|-damage|p1a: Chien-Pao|46\/100\n|-damage|p1b: Ogerpon|9\/100\n|move|p2b: Kleavor|Stone Axe|p1a: Chien-Pao\n|-damage|p1a: Chien-Pao|0 fnt\n|-sidestart|p1: Altimetfarmer|move: Stealth Rock\n|faint|p1a: Chien-Pao\n|move|p1b: Ogerpon|Ivy Cudgel|p2b: Kleavor|[anim] Ivy Cudgel Water\n|-resisted|p2b: Kleavor\n|-damage|p2b: Kleavor|74\/100\n|\n|upkeep\n|\n|t:|1699952825\n|switch|p1a: Gholdengo|Gholdengo, L50|100\/100\n|-damage|p1a: Gholdengo|94\/100|[from] Stealth Rock\n|turn|4\n|inactive|Th3D3b has 30 seconds left.\n|inactive|Th3D3b has 20 seconds left.\n|\n|t:|1699952861\n|move|p1b: Ogerpon|Spiky Shield|p1b: Ogerpon\n|-singleturn|p1b: Ogerpon|move: Protect\n|move|p2a: Farigiraf|Dazzling Gleam|p1b: Ogerpon|[spread] p1a\n|-activate|p1b: Ogerpon|move: Protect\n|-resisted|p1a: Gholdengo\n|-damage|p1a: Gholdengo|84\/100\n|move|p2b: Kleavor|Stone Axe|p1a: Gholdengo\n|-resisted|p1a: Gholdengo\n|-damage|p1a: Gholdengo|51\/100\n|move|p1a: Gholdengo|Shadow Ball|p2b: Kleavor\n|-damage|p2b: Kleavor|10\/100\n|\n|upkeep\n|turn|5\n|inactive|Altimetfarmer has 30 seconds left.\n|inactive|Altimetfarmer has 20 seconds left.\n|\n|t:|1699952898\n|move|p1b: Ogerpon|Spiky Shield|p1b: Ogerpon\n|-singleturn|p1b: Ogerpon|move: Protect\n|move|p2a: Farigiraf|Dazzling Gleam|p1a: Gholdengo|[spread] p1a\n|-activate|p1b: Ogerpon|move: Protect\n|-resisted|p1a: Gholdengo\n|-crit|p1a: Gholdengo\n|-damage|p1a: Gholdengo|35\/100\n|move|p2b: Kleavor|X-Scissor|p1a: Gholdengo\n|-resisted|p1a: Gholdengo\n|-damage|p1a: Gholdengo|16\/100\n|move|p1a: Gholdengo|Shadow Ball|p2b: Kleavor\n|-damage|p2b: Kleavor|0 fnt\n|faint|p2b: Kleavor\n|\n|-fieldend|move: Trick Room\n|upkeep\n|\n|t:|1699952920\n|switch|p2b: Rillaboom|Rillaboom, L50, M|100\/100\n|-fieldstart|move: Grassy Terrain|[from] ability: Grassy Surge|[of] p2b: Rillaboom\n|turn|6\n|inactive|Altimetfarmer has 30 seconds left.\n|inactive|Altimetfarmer has 20 seconds left.\n|\n|t:|1699952957\n|move|p1b: Ogerpon|Spiky Shield|p1b: Ogerpon\n|-singleturn|p1b: Ogerpon|move: Protect\n|move|p2b: Rillaboom|Grassy Glide|p1a: Gholdengo\n|-resisted|p1a: Gholdengo\n|-damage|p1a: Gholdengo|0 fnt\n|faint|p1a: Gholdengo\n|move|p2a: Farigiraf|Psychic|p1b: Ogerpon\n|-activate|p1b: Ogerpon|move: Protect\n|\n|-heal|p1b: Ogerpon|14\/100|[from] Grassy Terrain\n|upkeep\n|turn|7\n|-message|Altimetfarmer forfeited.\n|\n|win|Th3D3b\n|raw|Altimetfarmer's rating: 1182 &rarr; <strong>1163<\/strong><br \/>(-19 for losing)\n|raw|Th3D3b's rating: 1260 &rarr; <strong>1279<\/strong><br \/>(+19 for winning)\n|l|\u2606Altimetfarmer\n","uploadtime":1699952978,"views":14,"p1id":"altimetfarmer","p2id":"th3d3b","formatid":"gen9vgc2023regulatione","rating":1163,"private":0,"password":""}