{"id":"gen9vgc2023regulatione-1999688677","p1":"Savagepkmn","p2":"Gymleader yugioh","format":"[Gen 9] VGC 2023 Regulation E","log":"|j|\u2606Savagepkmn\n|j|\u2606Gymleader yugioh\n|t:|1701107974\n|gametype|doubles\n|player|p1|Savagepkmn|2|1226\n|player|p2|Gymleader yugioh|blackbelt-gen4dp|1303\n|teamsize|p1|6\n|teamsize|p2|6\n|gen|9\n|tier|[Gen 9] VGC 2023 Regulation E\n|rated|\n|rule|Species Clause: Limit one of each Pok\u00e9mon\n|rule|Item Clause: Limit one of each item\n|clearpoke\n|poke|p1|Ursaluna-Bloodmoon, L50, M|\n|poke|p1|Tornadus, L50, M|\n|poke|p1|Annihilape, L50, F|\n|poke|p1|Ogerpon-Hearthflame, L50, F|\n|poke|p1|Gastrodon, L50, F|\n|poke|p1|Scizor, L50, M|\n|poke|p2|Flutter Mane, L50|\n|poke|p2|Kommo-o, L50, M|\n|poke|p2|Ogerpon-Wellspring, L50, F|\n|poke|p2|Arcanine-Hisui, L50, M|\n|poke|p2|Sinistcha, L50|\n|poke|p2|Tornadus, L50, M|\n|teampreview|4\n|l|\u2606Gymleader yugioh\n|player|p2|\n|j|\u2606Gymleader yugioh\n|player|p2|Gymleader yugioh|blackbelt-gen4dp\n|l|\u2606Gymleader yugioh\n|player|p2|\n|j|\u2606Gymleader yugioh\n|player|p2|Gymleader yugioh|blackbelt-gen4dp\n|\n|t:|1701108009\n|start\n|switch|p1a: Tornadus|Tornadus, L50, M|100\/100\n|switch|p1b: Ogerpon|Ogerpon-Hearthflame, L50, F|100\/100\n|switch|p2a: Tornadus|Tornadus, L50, M|100\/100\n|switch|p2b: Kommo-o|Kommo-o, L50, M|100\/100\n|-ability|p1b: Ogerpon|Mold Breaker\n|turn|1\n|inactive|Battle timer is ON: inactive players will automatically lose when time's up. (requested by Gymleader yugioh)\n|\n|t:|1701108025\n|move|p1a: Tornadus|Taunt|p2b: Kommo-o\n|-start|p2b: Kommo-o|move: Taunt\n|move|p2a: Tornadus|Tailwind|p2a: Tornadus\n|-sidestart|p2: Gymleader yugioh|move: Tailwind\n|cant|p2b: Kommo-o|move: Taunt|Clangorous Soul\n|move|p1b: Ogerpon|Ivy Cudgel|p2a: Tornadus|[anim] Ivy Cudgel Fire\n|-crit|p2a: Tornadus\n|-damage|p2a: Tornadus|3\/100\n|-enditem|p2a: Tornadus|Sitrus Berry|[eat]\n|-heal|p2a: Tornadus|28\/100|[from] item: Sitrus Berry\n|\n|upkeep\n|turn|2\n|\n|t:|1701108050\n|switch|p2b: Arcanine|Arcanine-Hisui, L50, M|100\/100\n|-ability|p2b: Arcanine|Intimidate|boost\n|-unboost|p1a: Tornadus|atk|1\n|-unboost|p1b: Ogerpon|atk|1\n|switch|p1b: Scizor|Scizor, L50, M|100\/100\n|move|p2a: Tornadus|Taunt|p1a: Tornadus\n|-start|p1a: Tornadus|move: Taunt\n|move|p1a: Tornadus|Bleakwind Storm|p2a: Tornadus|[spread] p2b\n|-miss|p1a: Tornadus|p2a: Tornadus\n|-resisted|p2b: Arcanine\n|-damage|p2b: Arcanine|78\/100\n|-unboost|p2b: Arcanine|spe|1\n|\n|upkeep\n|turn|3\n|inactive|Savagepkmn has 30 seconds left.\n|\n|t:|1701108077\n|switch|p1a: Gastrodon|Gastrodon, L50, F|100\/100\n|-terastallize|p1b: Scizor|Water\n|move|p1b: Scizor|Bullet Punch|p2a: Tornadus\n|-crit|p2a: Tornadus\n|-damage|p2a: Tornadus|0 fnt\n|faint|p2a: Tornadus\n|move|p2b: Arcanine|Flare Blitz|p1b: Scizor\n|-resisted|p1b: Scizor\n|-damage|p1b: Scizor|55\/100\n|-damage|p2b: Arcanine|62\/100|[from] Recoil\n|\n|upkeep\n|\n|t:|1701108088\n|switch|p2a: Kommo-o|Kommo-o, L50, M|100\/100\n|turn|4\n|\n|t:|1701108099\n|switch|p2b: Sinistcha|Sinistcha, L50|100\/100\n|move|p2a: Kommo-o|Clangorous Soul|p2a: Kommo-o\n|-boost|p2a: Kommo-o|atk|1\n|-boost|p2a: Kommo-o|def|1\n|-boost|p2a: Kommo-o|spa|1\n|-boost|p2a: Kommo-o|spd|1\n|-boost|p2a: Kommo-o|spe|1\n|-damage|p2a: Kommo-o|68\/100\n|-enditem|p2a: Kommo-o|Throat Spray\n|-boost|p2a: Kommo-o|spa|1|[from] item: Throat Spray\n|move|p1b: Scizor|Swords Dance|p1b: Scizor\n|-boost|p1b: Scizor|atk|2\n|move|p1a: Gastrodon|Yawn|p2a: Kommo-o\n|-start|p2a: Kommo-o|move: Yawn|[of] p1a: Gastrodon\n|\n|-sideend|p2: Gymleader yugioh|move: Tailwind\n|upkeep\n|turn|5\n|\n|t:|1701108118\n|-terastallize|p2a: Kommo-o|Steel\n|move|p1b: Scizor|Protect|p1b: Scizor\n|-singleturn|p1b: Scizor|Protect\n|move|p1a: Gastrodon|Protect|p1a: Gastrodon\n|-singleturn|p1a: Gastrodon|Protect\n|move|p2a: Kommo-o|Clangorous Soul|p2a: Kommo-o\n|-boost|p2a: Kommo-o|atk|1\n|-boost|p2a: Kommo-o|def|1\n|-boost|p2a: Kommo-o|spa|1\n|-boost|p2a: Kommo-o|spd|1\n|-boost|p2a: Kommo-o|spe|1\n|-damage|p2a: Kommo-o|35\/100\n|move|p2b: Sinistcha|Strength Sap|p1b: Scizor\n|-activate|p1b: Scizor|move: Protect\n|\n|-end|p2a: Kommo-o|move: Yawn|[silent]\n|-status|p2a: Kommo-o|slp\n|upkeep\n|turn|6\n|\n|t:|1701108137\n|move|p1b: Scizor|Bullet Punch|p2b: Sinistcha\n|-damage|p2b: Sinistcha|43\/100\n|cant|p2a: Kommo-o|slp\n|move|p2b: Sinistcha|Strength Sap|p1b: Scizor\n|-fail|p1b: Scizor|unboost|[from] item: Clear Amulet|[of] p1b: Scizor\n|-heal|p2b: Sinistcha|100\/100\n|move|p1a: Gastrodon|Earth Power|p2a: Kommo-o\n|-supereffective|p2a: Kommo-o\n|-damage|p2a: Kommo-o|6\/100 slp\n|-unboost|p2a: Kommo-o|spd|1\n|\n|upkeep\n|turn|7\n|\n|t:|1701108155\n|switch|p2b: Arcanine|Arcanine-Hisui, L50, M|62\/100\n|-ability|p2b: Arcanine|Intimidate|boost\n|-unboost|p1a: Gastrodon|atk|1\n|-fail|p1b: Scizor|unboost|[from] item: Clear Amulet|[of] p1b: Scizor\n|-curestatus|p2a: Kommo-o|slp|[msg]\n|move|p2a: Kommo-o|Protect|p2a: Kommo-o\n|-singleturn|p2a: Kommo-o|Protect\n|move|p1b: Scizor|Bullet Punch|p2a: Kommo-o\n|-activate|p2a: Kommo-o|move: Protect\n|move|p1a: Gastrodon|Yawn|p2b: Arcanine\n|-start|p2b: Arcanine|move: Yawn|[of] p1a: Gastrodon\n|\n|upkeep\n|turn|8\n|\n|t:|1701108172\n|switch|p2b: Sinistcha|Sinistcha, L50|100\/100\n|-heal|p2a: Kommo-o|31\/100|[from] ability: Hospitality|[of] p2b: Sinistcha\n|move|p1b: Scizor|Bullet Punch|p2a: Kommo-o\n|-resisted|p2a: Kommo-o\n|-damage|p2a: Kommo-o|17\/100\n|move|p2a: Kommo-o|Clangorous Soul||[still]\n|-fail|p2a: Kommo-o\n|move|p1a: Gastrodon|Earth Power|p2a: Kommo-o\n|-supereffective|p2a: Kommo-o\n|-damage|p2a: Kommo-o|0 fnt\n|faint|p2a: Kommo-o\n|\n|upkeep\n|\n|t:|1701108185\n|switch|p2a: Arcanine|Arcanine-Hisui, L50, M|62\/100\n|-ability|p2a: Arcanine|Intimidate|boost\n|-unboost|p1a: Gastrodon|atk|1\n|-fail|p1b: Scizor|unboost|[from] item: Clear Amulet|[of] p1b: Scizor\n|turn|9\n|\n|t:|1701108195\n|move|p2a: Arcanine|Wild Charge|p1b: Scizor\n|-supereffective|p1b: Scizor\n|-damage|p1b: Scizor|0 fnt\n|faint|p1b: Scizor\n|-damage|p2a: Arcanine|48\/100|[from] Recoil\n|move|p2b: Sinistcha|Calm Mind|p2b: Sinistcha\n|-boost|p2b: Sinistcha|spa|1\n|-boost|p2b: Sinistcha|spd|1\n|move|p1a: Gastrodon|Earth Power|p2a: Arcanine\n|-supereffective|p2a: Arcanine\n|-damage|p2a: Arcanine|0 fnt\n|faint|p2a: Arcanine\n|\n|upkeep\n|\n|t:|1701108199\n|switch|p1b: Ogerpon|Ogerpon-Hearthflame, L50, F|100\/100\n|-ability|p1b: Ogerpon|Mold Breaker\n|turn|10\n|\n|t:|1701108208\n|move|p1b: Ogerpon|Ivy Cudgel|p2b: Sinistcha|[anim] Ivy Cudgel Fire\n|-supereffective|p2b: Sinistcha\n|-damage|p2b: Sinistcha|4\/100\n|-enditem|p2b: Sinistcha|Wiki Berry|[eat]\n|-heal|p2b: Sinistcha|38\/100|[from] item: Wiki Berry\n|move|p2b: Sinistcha|Strength Sap|p1b: Ogerpon\n|-unboost|p1b: Ogerpon|atk|1\n|-heal|p2b: Sinistcha|100\/100\n|move|p1a: Gastrodon|Yawn|p2b: Sinistcha\n|-start|p2b: Sinistcha|move: Yawn|[of] p1a: Gastrodon\n|\n|upkeep\n|turn|11\n|\n|t:|1701108229\n|move|p1b: Ogerpon|Spiky Shield|p1b: Ogerpon\n|-singleturn|p1b: Ogerpon|move: Protect\n|move|p1a: Gastrodon|Protect|p1a: Gastrodon\n|-singleturn|p1a: Gastrodon|Protect\n|move|p2b: Sinistcha|Matcha Gotcha|p1b: Ogerpon|[spread] \n|-activate|p1a: Gastrodon|move: Protect\n|-activate|p1b: Ogerpon|move: Protect\n|\n|-end|p2b: Sinistcha|move: Yawn|[silent]\n|-status|p2b: Sinistcha|slp\n|upkeep\n|turn|12\n|\n|t:|1701108240\n|switch|p1a: Tornadus|Tornadus, L50, M|100\/100\n|move|p1b: Ogerpon|Ivy Cudgel|p2b: Sinistcha|[anim] Ivy Cudgel Fire\n|-supereffective|p2b: Sinistcha\n|-damage|p2b: Sinistcha|34\/100 slp\n|cant|p2b: Sinistcha|slp\n|\n|upkeep\n|turn|13\n|\n|t:|1701108251\n|move|p1a: Tornadus|Taunt|p2b: Sinistcha\n|-start|p2b: Sinistcha|move: Taunt\n|move|p1b: Ogerpon|Ivy Cudgel|p2b: Sinistcha|[anim] Ivy Cudgel Fire\n|-supereffective|p2b: Sinistcha\n|-damage|p2b: Sinistcha|0 fnt\n|faint|p2b: Sinistcha\n|\n|win|Savagepkmn\n|raw|Savagepkmn's rating: 1226 &rarr; <strong>1256<\/strong><br \/>(+30 for winning)\n|raw|Gymleader yugioh's rating: 1303 &rarr; <strong>1279<\/strong><br \/>(-24 for losing)\n|l|\u2606Gymleader yugioh\n","uploadtime":1701108266,"views":3,"p1id":"savagepkmn","p2id":"gymleaderyugioh","formatid":"gen9vgc2023regulatione","rating":1256,"private":0,"password":""}