{"id":"gen9vgc2023regulatione-1993737926","p1":"Beardmannn","p2":"BlindMagneton","format":"[Gen 9] VGC 2023 Regulation E","log":"|j|\u2606Beardmannn\n|j|\u2606BlindMagneton\n|t:|1700351341\n|gametype|doubles\n|player|p1|Beardmannn|102|1375\n|player|p2|BlindMagneton|wattson|1406\n|teamsize|p1|6\n|teamsize|p2|6\n|gen|9\n|tier|[Gen 9] VGC 2023 Regulation E\n|rated|\n|rule|Species Clause: Limit one of each Pok\u00e9mon\n|rule|Item Clause: Limit one of each item\n|clearpoke\n|poke|p1|Regidrago, L50|\n|poke|p1|Tornadus, L50, M|\n|poke|p1|Arcanine-Hisui, L50, M|\n|poke|p1|Amoonguss, L50, F|\n|poke|p1|Urshifu-*, L50, M|\n|poke|p1|Heatran, L50, M|\n|poke|p2|Mandibuzz, L50, F|\n|poke|p2|Ninetales-Alola, L50, M|\n|poke|p2|Iron Hands, L50|\n|poke|p2|Flamigo, L50, F|\n|poke|p2|Farigiraf, L50, M|\n|poke|p2|Hydreigon, L50, F|\n|teampreview|4\nBeardmannn rejected open team sheets.\n|\n|t:|1700351382\n|start\n|switch|p1a: Arcanine|Arcanine-Hisui, L50, M|100\/100\n|switch|p1b: Urshifu|Urshifu-Rapid-Strike, L50, M|100\/100\n|switch|p2a: Mandibuzz|Mandibuzz, L50, F|100\/100\n|switch|p2b: Ninetales|Ninetales-Alola, L50, M|100\/100\n|-weather|Snow|[from] ability: Snow Warning|[of] p2b: Ninetales\n|-ability|p1a: Arcanine|Intimidate|boost\n|-unboost|p2a: Mandibuzz|atk|1\n|-unboost|p2b: Ninetales|atk|1\n|turn|1\n|\n|t:|1700351447\n|move|p2b: Ninetales|Ice Shard|p2a: Mandibuzz\n|-supereffective|p2a: Mandibuzz\n|-damage|p2a: Mandibuzz|88\/100\n|-ability|p2a: Mandibuzz|Weak Armor|boost\n|-unboost|p2a: Mandibuzz|def|1\n|-boost|p2a: Mandibuzz|spe|2\n|-enditem|p2a: Mandibuzz|Weakness Policy\n|-boost|p2a: Mandibuzz|atk|2|[from] item: Weakness Policy\n|-boost|p2a: Mandibuzz|spa|2|[from] item: Weakness Policy\n|move|p2a: Mandibuzz|Bone Rush|p1a: Arcanine\n|-supereffective|p1a: Arcanine\n|-damage|p1a: Arcanine|57\/100\n|-supereffective|p1a: Arcanine\n|-damage|p1a: Arcanine|11\/100\n|-enditem|p1a: Arcanine|Sitrus Berry|[eat]\n|-heal|p1a: Arcanine|36\/100|[from] item: Sitrus Berry\n|-supereffective|p1a: Arcanine\n|-damage|p1a: Arcanine|0 fnt\n|faint|p1a: Arcanine\n|-hitcount|p1: Arcanine|3\n|move|p1b: Urshifu|U-turn|p2a: Mandibuzz\n|-damage|p2a: Mandibuzz|53\/100\n|-ability|p2a: Mandibuzz|Weak Armor|boost\n|-unboost|p2a: Mandibuzz|def|1\n|-boost|p2a: Mandibuzz|spe|2\n|\n|t:|1700351467\n|switch|p1b: Amoonguss|Amoonguss, L50, F|100\/100|[from] U-turn\n|\n|-weather|Snow|[upkeep]\n|upkeep\n|\n|t:|1700351475\n|switch|p1a: Heatran|Heatran, L50, M|100\/100\n|turn|2\n|\n|t:|1700351501\n|move|p2a: Mandibuzz|Protect|p2a: Mandibuzz\n|-singleturn|p2a: Mandibuzz|Protect\n|move|p1b: Amoonguss|Rage Powder|p1b: Amoonguss\n|-singleturn|p1b: Amoonguss|move: Rage Powder\n|move|p2b: Ninetales|Aurora Veil|p2b: Ninetales\n|-sidestart|p2: BlindMagneton|move: Aurora Veil\n|move|p1a: Heatran|Heat Wave|p2b: Ninetales|[spread] p2b\n|-activate|p2a: Mandibuzz|move: Protect\n|-supereffective|p2b: Ninetales\n|-damage|p2b: Ninetales|19\/100\n|-damage|p1a: Heatran|91\/100|[from] item: Life Orb\n|\n|-weather|Snow|[upkeep]\n|upkeep\n|turn|3\n|\n|t:|1700351518\n|switch|p2b: Flamigo|Flamigo, L50, F|100\/100\n|-copyboost|p2b: Flamigo|p2a: Mandibuzz|[from] ability: Costar\n|move|p1b: Amoonguss|Rage Powder|p1b: Amoonguss\n|-singleturn|p1b: Amoonguss|move: Rage Powder\n|move|p2a: Mandibuzz|Acrobatics|p1b: Amoonguss\n|-supereffective|p1b: Amoonguss\n|-damage|p1b: Amoonguss|2\/100\n|move|p1a: Heatran|Heat Wave|p2a: Mandibuzz|[spread] p2a,p2b\n|-damage|p2a: Mandibuzz|22\/100\n|-damage|p2b: Flamigo|48\/100\n|-damage|p1a: Heatran|81\/100|[from] item: Life Orb\n|\n|-weather|Snow|[upkeep]\n|upkeep\n|turn|4\n|inactive|Battle timer is ON: inactive players will automatically lose when time's up. (requested by Beardmannn)\n|\n|t:|1700351577\n|-terastallize|p1a: Heatran|Fairy\n|move|p1b: Amoonguss|Rage Powder|p1b: Amoonguss\n|-singleturn|p1b: Amoonguss|move: Rage Powder\n|move|p2b: Flamigo|Close Combat|p1b: Amoonguss\n|-resisted|p1b: Amoonguss\n|-crit|p1b: Amoonguss\n|-damage|p1b: Amoonguss|0 fnt\n|-unboost|p2b: Flamigo|def|1\n|-unboost|p2b: Flamigo|spd|1\n|faint|p1b: Amoonguss\n|move|p2a: Mandibuzz|Acrobatics|p1a: Heatran\n|-damage|p1a: Heatran|28\/100\n|move|p1a: Heatran|Heat Wave|p2b: Flamigo|[spread] p2a\n|-miss|p1a: Heatran|p2b: Flamigo\n|-damage|p2a: Mandibuzz|0 fnt\n|faint|p2a: Mandibuzz\n|-damage|p1a: Heatran|18\/100|[from] item: Life Orb\n|\n|-weather|Snow|[upkeep]\n|upkeep\n|inactive|BlindMagneton has 30 seconds left.\n|\n|t:|1700351611\n|switch|p2a: Hydreigon|Hydreigon, L50, F|100\/100\n|switch|p1b: Urshifu|Urshifu-Rapid-Strike, L50, M|100\/100\n|turn|5\n|\n|t:|1700351625\n|move|p1a: Heatran|Protect|p1a: Heatran\n|-singleturn|p1a: Heatran|Protect\n|move|p1b: Urshifu|Aqua Jet|p2b: Flamigo\n|-damage|p2b: Flamigo|0 fnt\n|faint|p2b: Flamigo\n|move|p2a: Hydreigon|Flash Cannon|p1a: Heatran\n|-activate|p1a: Heatran|move: Protect\n|\n|-weather|none\n|upkeep\n|\n|t:|1700351630\n|switch|p2b: Ninetales|Ninetales-Alola, L50, M|19\/100\n|-weather|Snow|[from] ability: Snow Warning|[of] p2b: Ninetales\n|turn|6\n|inactive|Beardmannn has 30 seconds left.\n|\n|t:|1700351662\n|move|p1b: Urshifu|Aqua Jet|p2b: Ninetales\n|-damage|p2b: Ninetales|5\/100\n|move|p2a: Hydreigon|Flash Cannon|p1a: Heatran\n|-supereffective|p1a: Heatran\n|-crit|p1a: Heatran\n|-damage|p1a: Heatran|0 fnt\n|faint|p1a: Heatran\n|move|p2b: Ninetales|Blizzard|p1b: Urshifu\n|-resisted|p1b: Urshifu\n|-damage|p1b: Urshifu|68\/100\n|\n|-weather|Snow|[upkeep]\n|-sideend|p2: BlindMagneton|move: Aurora Veil\n|upkeep\n|turn|7\n|\n|t:|1700351673\n|move|p1b: Urshifu|Aqua Jet|p2b: Ninetales\n|-damage|p2b: Ninetales|0 fnt\n|faint|p2b: Ninetales\n|move|p2a: Hydreigon|Flash Cannon|p1b: Urshifu\n|-resisted|p1b: Urshifu\n|-damage|p1b: Urshifu|44\/100\n|\n|-weather|Snow|[upkeep]\n|upkeep\n|turn|8\n|\n|t:|1700351681\n|move|p1b: Urshifu|Aqua Jet|p2a: Hydreigon\n|-resisted|p2a: Hydreigon\n|-damage|p2a: Hydreigon|89\/100\n|move|p2a: Hydreigon|Flash Cannon|p1b: Urshifu\n|-resisted|p1b: Urshifu\n|-damage|p1b: Urshifu|19\/100\n|\n|-weather|Snow|[upkeep]\n|upkeep\n|turn|9\n|\n|t:|1700351688\n|move|p1b: Urshifu|Aqua Jet|p2a: Hydreigon\n|-resisted|p2a: Hydreigon\n|-damage|p2a: Hydreigon|78\/100\n|move|p2a: Hydreigon|Flash Cannon|p1b: Urshifu\n|-resisted|p1b: Urshifu\n|-damage|p1b: Urshifu|0 fnt\n|faint|p1b: Urshifu\n|\n|win|BlindMagneton\n|raw|Beardmannn's rating: 1375 &rarr; <strong>1357<\/strong><br \/>(-18 for losing)\n|raw|BlindMagneton's rating: 1406 &rarr; <strong>1424<\/strong><br \/>(+18 for winning)\n","uploadtime":1700351693,"views":15,"p1id":"beardmannn","p2id":"blindmagneton","formatid":"gen9vgc2023regulatione","rating":1357,"private":0,"password":""}