{"id":"gen9vgc2023regulatione-1988650312","p1":"ShimeNaruka","p2":"Leon1das","format":"[Gen 9] VGC 2023 Regulation E","log":"|j|\u2606ShimeNaruka\n|j|\u2606Leon1das\n|n|\u2606ShimeNaruka|shimenaruka\n|n|\u2606Leon1das|leon1das\n|html|View the match progress at <a href=\"\/game-bestof3-gen9vgc2023regulatione-1988644844\">game-bestof3-gen9vgc2023regulatione-1988644844<\/a>\n|t:|1699746256\n|gametype|doubles\n|player|p1|ShimeNaruka|alder|\n|player|p2|Leon1das|265|\n|teamsize|p1|6\n|teamsize|p2|6\n|gen|9\n|tier|[Gen 9] VGC 2023 Regulation E\n|rule|Species Clause: Limit one of each Pok\u00e9mon\n|rule|Item Clause: Limit one of each item\n|clearpoke\n|poke|p1|Flutter Mane, L50|\n|poke|p1|Urshifu-*, L50, M|\n|poke|p1|Ogerpon-Wellspring, L50, F|\n|poke|p1|Iron Hands, L50|\n|poke|p1|Landorus, L50, M|\n|poke|p1|Arcanine-Hisui, L50, M|\n|poke|p2|Cresselia, L50, F|\n|poke|p2|Ursaluna-Bloodmoon, L50, M|\n|poke|p2|Iron Hands, L50|\n|poke|p2|Ogerpon-Wellspring, L50, F|\n|poke|p2|Arcanine-Hisui, L50, M|\n|poke|p2|Flutter Mane, L50|\n|teampreview|4\nShimeNaruka has agreed to open team sheets.\n|j| PSmonteiro\n|j| Rebornsan93\n|j| Bard0_Gamer\nLeon1das has agreed to open team sheets.\n|showteam|p1|Flutter Mane||BoosterEnergy|Protosynthesis|Moonblast,ShadowBall,IcyWind,Protect||||||50|,,,,,Fairy]Urshifu||FocusSash|UnseenFist|WickedBlow,CloseCombat,SuckerPunch,Protect|||M|||50|,,,,,Dark]Ogerpon-Wellspring||WellspringMask|WaterAbsorb|IvyCudgel,WoodHammer,FollowMe,SpikyShield|||F|||50|,,,,,Water]Iron Hands||AssaultVest|QuarkDrive|WildCharge,DrainPunch,HeavySlam,FakeOut||||||50|,,,,,Grass]Landorus||LifeOrb|SheerForce|EarthPower,SludgeBomb,Taunt,Protect|||M|||50|,,,,,Poison]Arcanine-Hisui||ChoiceBand|Intimidate|FlareBlitz,RockSlide,ExtremeSpeed,TeraBlast|||M|||50|,,,,,Fairy\n|showteam|p2|Cresselia||MentalHerb|Levitate|Psychic,HelpingHand,LunarBlessing,TrickRoom|||F|||50|,,,,,Fire]Ursaluna-Bloodmoon||ThroatSpray|MindsEye|BloodMoon,EarthPower,HyperVoice,Protect|||M|||50|,,,,,Grass]Iron Hands||AssaultVest|QuarkDrive|FakeOut,DrainPunch,WildCharge,HeavySlam||||||50|,,,,,Fire]Ogerpon-Wellspring||WellspringMask|WaterAbsorb|IvyCudgel,FollowMe,HornLeech,SpikyShield|||F|||50|,,,,,Water]Arcanine-Hisui||SitrusBerry|Intimidate|RockSlide,FlareBlitz,ExtremeSpeed,Protect|||M|||50|,,,,,Grass]Flutter Mane||BoosterEnergy|Protosynthesis|Moonblast,ShadowBall,DazzlingGleam,Protect||||||50|,,,,,Fairy\n|j| bb_hachi8\n|c|\u2606ShimeNaruka|pode come\u00e7ar?\n|c| Rebornsan93|sim\n|\n|t:|1699746333\n|start\n|switch|p1a: Arcanine|Arcanine-Hisui, L50, M|100\/100\n|switch|p1b: Flutter Mane|Flutter Mane, L50|100\/100\n|switch|p2a: La Ursa Luna|Ursaluna-Bloodmoon, L50, M|100\/100\n|switch|p2b: Lana del Rey|Ogerpon-Wellspring, L50, F|100\/100\n|-ability|p1a: Arcanine|Intimidate|boost\n|-unboost|p2a: La Ursa Luna|atk|1\n|-unboost|p2b: Lana del Rey|atk|1\n|-enditem|p1b: Flutter Mane|Booster Energy\n|-activate|p1b: Flutter Mane|ability: Protosynthesis|[fromitem]\n|-start|p1b: Flutter Mane|protosynthesisspe\n|turn|1\n|\n|t:|1699746371\n|move|p2b: Lana del Rey|Follow Me|p2b: Lana del Rey\n|-singleturn|p2b: Lana del Rey|move: Follow Me\n|move|p1b: Flutter Mane|Moonblast|p2b: Lana del Rey\n|-damage|p2b: Lana del Rey|59\/100\n|move|p1a: Arcanine|Flare Blitz|p2b: Lana del Rey\n|-damage|p2b: Lana del Rey|0 fnt\n|faint|p2b: Lana del Rey\n|-damage|p1a: Arcanine|82\/100|[from] Recoil\n|move|p2a: La Ursa Luna|Earth Power|p1a: Arcanine\n|-supereffective|p1a: Arcanine\n|-damage|p1a: Arcanine|0 fnt\n|faint|p1a: Arcanine\n|\n|upkeep\n|\n|t:|1699746388\n|switch|p2b: Celinha|Cresselia, L50, F|100\/100\n|switch|p1a: Urshifu|Urshifu, L50, M|100\/100\n|turn|2\n|\n|t:|1699746449\n|-terastallize|p2b: Celinha|Fire\n|move|p2a: La Ursa Luna|Protect|p2a: La Ursa Luna\n|-singleturn|p2a: La Ursa Luna|Protect\n|move|p1b: Flutter Mane|Moonblast|p2a: La Ursa Luna\n|-activate|p2a: La Ursa Luna|move: Protect\n|move|p1a: Urshifu|Wicked Blow|p2b: Celinha\n|-crit|p2b: Celinha\n|-damage|p2b: Celinha|57\/100\n|move|p2b: Celinha|Trick Room|p2b: Celinha\n|-fieldstart|move: Trick Room|[of] p2b: Celinha\n|\n|upkeep\n|turn|3\n|\n|t:|1699746506\n|move|p1a: Urshifu|Protect|p1a: Urshifu\n|-singleturn|p1a: Urshifu|Protect\n|move|p2a: La Ursa Luna|Hyper Voice|p1b: Flutter Mane|[spread] p1b\n|-activate|p1a: Urshifu|move: Protect\n|-damage|p1b: Flutter Mane|68\/100\n|-enditem|p2a: La Ursa Luna|Throat Spray\n|-boost|p2a: La Ursa Luna|spa|1|[from] item: Throat Spray\n|move|p2b: Celinha|Psychic|p1a: Urshifu\n|-activate|p1a: Urshifu|move: Protect\n|move|p1b: Flutter Mane|Moonblast|p2a: La Ursa Luna\n|-damage|p2a: La Ursa Luna|63\/100\n|\n|upkeep\n|turn|4\n|\n|t:|1699746563\n|move|p2a: La Ursa Luna|Earth Power|p1b: Flutter Mane\n|-damage|p1b: Flutter Mane|4\/100\n|move|p2b: Celinha|Psychic|p1a: Urshifu\n|-immune|p1a: Urshifu\n|move|p1a: Urshifu|Close Combat|p2a: La Ursa Luna\n|-supereffective|p2a: La Ursa Luna\n|-crit|p2a: La Ursa Luna\n|-damage|p2a: La Ursa Luna|0 fnt\n|-unboost|p1a: Urshifu|def|1\n|-unboost|p1a: Urshifu|spd|1\n|faint|p2a: La Ursa Luna\n|move|p1b: Flutter Mane|Moonblast|p2b: Celinha\n|-resisted|p2b: Celinha\n|-damage|p2b: Celinha|44\/100\n|\n|upkeep\n|\n|t:|1699746577\n|switch|p2a: Michelangelo|Iron Hands, L50|100\/100\n|turn|5\n|c|\u2606Leon1das|ngm viu\n|\n|t:|1699746610\n|move|p1a: Urshifu|Protect|p1a: Urshifu\n|-singleturn|p1a: Urshifu|Protect\n|move|p1b: Flutter Mane|Protect|p1b: Flutter Mane\n|-singleturn|p1b: Flutter Mane|Protect\n|move|p2a: Michelangelo|Drain Punch|p1a: Urshifu\n|-activate|p1a: Urshifu|move: Protect\n|move|p2b: Celinha|Lunar Blessing|p2b: Celinha|[spread] p2a,p2b\n|-heal|p2b: Celinha|69\/100\n|\n|upkeep\n|turn|6\n|c|\u2606ShimeNaruka|KKKKKKKKKKKKKKKKKKK eu logo notei\n|j| lucasarreguy\n|\n|t:|1699746627\n|switch|p1a: Landorus|Landorus, L50, M|100\/100\n|move|p2a: Michelangelo|Drain Punch|p1a: Landorus\n|-resisted|p1a: Landorus\n|-damage|p1a: Landorus|76\/100\n|move|p2b: Celinha|Psychic|p1b: Flutter Mane\n|-damage|p1b: Flutter Mane|0 fnt\n|faint|p1b: Flutter Mane\n|-end|p1b: Flutter Mane|Protosynthesis|[silent]\n|\n|-fieldend|move: Trick Room\n|upkeep\n|\n|t:|1699746634\n|switch|p1b: Urshifu|Urshifu, L50, M|100\/100\n|turn|7\n|\n|t:|1699746649\n|move|p1a: Landorus|Earth Power|p2a: Michelangelo\n|-supereffective|p2a: Michelangelo\n|-damage|p2a: Michelangelo|32\/100\n|move|p1b: Urshifu|Close Combat|p2a: Michelangelo\n|-damage|p2a: Michelangelo|0 fnt\n|-unboost|p1b: Urshifu|def|1\n|-unboost|p1b: Urshifu|spd|1\n|faint|p2a: Michelangelo\n|-end|p2a: Michelangelo|Quark Drive|[silent]\n|move|p2b: Celinha|Trick Room|p2b: Celinha\n|-fieldstart|move: Trick Room|[of] p2b: Celinha\n|\n|upkeep\n|turn|8\n|\n|t:|1699746668\n|move|p2b: Celinha|Psychic|p1a: Landorus\n|-damage|p1a: Landorus|43\/100\n|move|p1b: Urshifu|Wicked Blow|p2b: Celinha\n|-crit|p2b: Celinha\n|-damage|p2b: Celinha|30\/100\n|move|p1a: Landorus|Sludge Bomb|p2b: Celinha\n|-damage|p2b: Celinha|1\/100\n|\n|upkeep\n|turn|9\n|\n|t:|1699746679\n|move|p2b: Celinha|Helping Hand|p2: Michelangelo|[notarget]\n|-fail|p2b: Celinha\n|move|p1b: Urshifu|Sucker Punch||[still]\n|-fail|p1b: Urshifu\n|move|p1a: Landorus|Earth Power|p2b: Celinha\n|-immune|p2b: Celinha|[from] ability: Levitate\n|\n|upkeep\n|turn|10\n|c|\u2606Leon1das|q\n|c|\u2606ShimeNaruka|NGM VIU\n|\n|t:|1699746690\n|move|p2b: Celinha|Psychic|p1a: Landorus\n|-damage|p1a: Landorus|7\/100\n|move|p1b: Urshifu|Wicked Blow|p2b: Celinha\n|-crit|p2b: Celinha\n|-damage|p2b: Celinha|0 fnt\n|faint|p2b: Celinha\n|\n|win|ShimeNaruka\n|c| bb_hachi8|lol\n|l|\u2606Leon1das\n|l| bb_hachi8\n|l| Bard0_Gamer\n","uploadtime":1699746795,"views":10,"p1id":"shimenaruka","p2id":"leon1das","formatid":"gen9vgc2023regulatione","rating":0,"private":0,"password":""}