{"id":"gen9vgc2023regulatione-1996547417","p1":"OceanRayClark","p2":"Bruno Emerson","format":"[Gen 9] VGC 2023 Regulation E","log":"|j|\u2606OceanRayClark\n|j|\u2606Bruno Emerson\n|t:|1700692939\n|gametype|doubles\n|player|p1|OceanRayClark|marshal|1126\n|player|p2|Bruno Emerson|265|1061\n|teamsize|p1|6\n|teamsize|p2|6\n|gen|9\n|tier|[Gen 9] VGC 2023 Regulation E\n|rated|\n|rule|Species Clause: Limit one of each Pok\u00e9mon\n|rule|Item Clause: Limit one of each item\n|clearpoke\n|poke|p1|Annihilape, L50, M|\n|poke|p1|Gallade, L50, M|\n|poke|p1|Iron Hands, L50|\n|poke|p1|Glimmora, L50, F|\n|poke|p1|Ninetales-Alola, L50, F|\n|poke|p1|Haxorus, L50, M|\n|poke|p2|Arcanine-Hisui, L50, M|\n|poke|p2|Rillaboom, L50, M|\n|poke|p2|Gyarados, L50, M|\n|poke|p2|Gliscor, L50, F|\n|poke|p2|Gholdengo, L50|\n|poke|p2|Zoroark-Hisui, L50, F|\n|teampreview|4\nOceanRayClark rejected open team sheets.\n|inactive|Battle timer is ON: inactive players will automatically lose when time's up. (requested by OceanRayClark)\n|inactive|OceanRayClark has 60 seconds left.\n|inactive|Bruno Emerson has 60 seconds left.\n|c|\u2606OceanRayClark|GL and have fun\n|inactive|Bruno Emerson has 30 seconds left.\n|inactive|Bruno Emerson has 20 seconds left.\n|inactive|Bruno Emerson has 15 seconds left.\n|inactive|Bruno Emerson has 10 seconds left.\n|\n|t:|1700693029\n|start\n|switch|p1a: Beetlemon|Iron Hands, L50, shiny|100\/100\n|switch|p1b: Princess|Ninetales-Alola, L50, F|100\/100\n|switch|p2a: Gliscor|Gliscor, L50, F|100\/100\n|switch|p2b: Arcanine|Arcanine-Hisui, L50, M|100\/100\n|-weather|Snow|[from] ability: Snow Warning|[of] p1b: Princess\n|-ability|p2b: Arcanine|Intimidate|boost\n|-unboost|p1a: Beetlemon|atk|1\n|-unboost|p1b: Princess|atk|1\n|-enditem|p1a: Beetlemon|Booster Energy\n|-activate|p1a: Beetlemon|ability: Quark Drive|[fromitem]\n|-start|p1a: Beetlemon|quarkdrivedef\n|turn|1\n|\n|t:|1700693052\n|move|p1a: Beetlemon|Fake Out|p2b: Arcanine\n|-resisted|p2b: Arcanine\n|-damage|p2b: Arcanine|94\/100\n|move|p2a: Gliscor|Hyper Voice|p1a: Beetlemon|[spread] p1a,p1b\n|-damage|p1a: Beetlemon|68\/100\n|-damage|p1b: Princess|60\/100\n|-enditem|p2a: Gliscor|Throat Spray\n|-boost|p2a: Gliscor|spa|1|[from] item: Throat Spray\n|move|p1b: Princess|Blizzard|p2a: Gliscor|[spread] p2a,p2b\n|-resisted|p2b: Arcanine\n|-damage|p2a: Gliscor|35\/100\n|-damage|p2b: Arcanine|77\/100\n|-status|p2b: Arcanine|frz\n|replace|p2a: Zoroark|Zoroark-Hisui, L50, F\n|-end|p2a: Zoroark|Illusion\n|cant|p2b: Arcanine|frz\n|\n|-weather|Snow|[upkeep]\n|upkeep\n|turn|2\n|inactive|Bruno Emerson has 30 seconds left.\n|inactive|Bruno Emerson has 20 seconds left.\n|\n|t:|1700693090\n|-terastallize|p1a: Beetlemon|Ground\n|move|p1b: Princess|Protect|p1b: Princess\n|-singleturn|p1b: Princess|Protect\n|move|p2a: Zoroark|Hyper Voice|p1b: Princess|[spread] p1a\n|-activate|p1b: Princess|move: Protect\n|-damage|p1a: Beetlemon|26\/100\n|-curestatus|p2b: Arcanine|frz|[msg]\n|move|p2b: Arcanine|Rock Slide|p1a: Beetlemon|[spread] p1a\n|-activate|p1b: Princess|move: Protect\n|-resisted|p1a: Beetlemon\n|-damage|p1a: Beetlemon|16\/100\n|move|p1a: Beetlemon|Earthquake|p2b: Arcanine|[spread] p2a,p2b\n|-activate|p1b: Princess|move: Protect\n|-crit|p2a: Zoroark\n|-supereffective|p2b: Arcanine\n|-damage|p2a: Zoroark|0 fnt\n|-damage|p2b: Arcanine|0 fnt\n|faint|p2a: Zoroark\n|faint|p2b: Arcanine\n|\n|-weather|Snow|[upkeep]\n|upkeep\n|c|\u2606OceanRayClark|I said good luck >;(\n|\n|t:|1700693103\n|switch|p2a: Gholdengo|Gholdengo, L50|100\/100\n|switch|p2b: Gliscor|Gliscor, L50, F|100\/100\n|turn|3\n|\n|t:|1700693120\n|move|p2b: Gliscor|Protect|p2b: Gliscor\n|-singleturn|p2b: Gliscor|Protect\n|move|p1b: Princess|Blizzard|p2b: Gliscor|[spread] p2a\n|-activate|p2b: Gliscor|move: Protect\n|-resisted|p2a: Gholdengo\n|-damage|p2a: Gholdengo|86\/100\n|move|p2a: Gholdengo|Shadow Ball|p1a: Beetlemon\n|-crit|p1a: Beetlemon\n|-damage|p1a: Beetlemon|0 fnt\n|faint|p1a: Beetlemon\n|-end|p1a: Beetlemon|Quark Drive|[silent]\n|\n|-weather|Snow|[upkeep]\n|-heal|p2a: Gholdengo|92\/100|[from] item: Leftovers\n|-status|p2b: Gliscor|tox|[from] item: Toxic Orb\n|upkeep\n|\n|t:|1700693135\n|switch|p1a: Soul Slicer|Gallade, L50, M|100\/100\n|turn|4\n|\n|t:|1700693145\n|move|p1b: Princess|Blizzard|p2a: Gholdengo|[spread] p2a,p2b\n|-resisted|p2a: Gholdengo\n|-supereffective|p2b: Gliscor\n|-damage|p2a: Gholdengo|77\/100\n|-damage|p2b: Gliscor|0 fnt\n|faint|p2b: Gliscor\n|move|p1a: Soul Slicer|Night Slash|p2a: Gholdengo\n|-supereffective|p2a: Gholdengo\n|-damage|p2a: Gholdengo|12\/100\n|move|p2a: Gholdengo|Nasty Plot|p2a: Gholdengo\n|-boost|p2a: Gholdengo|spa|2\n|\n|-weather|Snow|[upkeep]\n|-heal|p2a: Gholdengo|18\/100|[from] item: Leftovers\n|upkeep\n|turn|5\n|\n|t:|1700693160\n|move|p1a: Soul Slicer|Wide Guard|p1a: Soul Slicer\n|-singleturn|p1a: Soul Slicer|Wide Guard\n|move|p1b: Princess|Blizzard|p2a: Gholdengo\n|-resisted|p2a: Gholdengo\n|-damage|p2a: Gholdengo|0 fnt\n|faint|p2a: Gholdengo\n|\n|win|OceanRayClark\n|raw|OceanRayClark's rating: 1126 &rarr; <strong>1146<\/strong><br \/>(+20 for winning)\n|raw|Bruno Emerson's rating: 1061 &rarr; <strong>1045<\/strong><br \/>(-16 for losing)\n|c|\u2606OceanRayClark|GG, a great battle to say the least... next time say good luck :)\n","uploadtime":1700693169,"views":13,"p1id":"oceanrayclark","p2id":"brunoemerson","formatid":"gen9vgc2023regulatione","rating":1045,"private":0,"password":""}