{"id":"gen9vgc2023regulatione-1991942727","p1":"omg_Zenith","p2":"Walalang","format":"[Gen 9] VGC 2023 Regulation E","log":"|j|\u2606omg_Zenith\n|j|\u2606Walalang\n|n|\u2606omg_Zenith|omgzenith\n|n|\u2606Walalang|walalang\n|html|View the match progress at <a href=\"\/game-bestof3-gen9vgc2023regulatione-1991942726\">game-bestof3-gen9vgc2023regulatione-1991942726<\/a>\n|t:|1700140896\n|gametype|doubles\n|player|p1|omg_Zenith|101|\n|player|p2|Walalang|lucas-gen4pt|\n|teamsize|p1|6\n|teamsize|p2|6\n|gen|9\n|tier|[Gen 9] VGC 2023 Regulation E\n|rule|Species Clause: Limit one of each Pok\u00e9mon\n|rule|Item Clause: Limit one of each item\n|clearpoke\n|poke|p1|Roaring Moon, L50|\n|poke|p1|Amoonguss, L50, M|\n|poke|p1|Heatran, L50, M|\n|poke|p1|Iron Hands, L50|\n|poke|p1|Ninetales-Alola, L50, F|\n|poke|p1|Kingambit, L50, M|\n|poke|p2|Thundurus, L50, M|\n|poke|p2|Landorus-Therian, L50, M|\n|poke|p2|Farigiraf, L50, M|\n|poke|p2|Pikachu, L50, M|\n|poke|p2|Mamoswine, L50, M|\n|poke|p2|Mienshao, L50, M|\n|teampreview|4\nWalalang has agreed to open team sheets.\nomg_Zenith has agreed to open team sheets.\n|showteam|p1|Roaring Moon||BoosterEnergy|Protosynthesis|Protect,DragonDance,KnockOff,Acrobatics||||||50|,,,,,Poison]Amoonguss||RockyHelmet|Regenerator|Protect,PollenPuff,Spore,RagePowder|||M|||50|,,,,,Water]Heatran||Leftovers|FlashFire|Protect,HeatWave,FlashCannon,EarthPower|||M|||50|,,,,,Fairy]Iron Hands||AssaultVest|QuarkDrive|FakeOut,WildCharge,DrainPunch,VoltSwitch||||||50|,,,,,Fire]Ninetales-Alola||LightClay|SnowWarning|Moonblast,FreezeDry,AuroraVeil,Protect|||F|||50|,,,,,Water]Kingambit||BlackGlasses|Defiant|Protect,SuckerPunch,KowtowCleave,SwordsDance|||M|||50|,,,,,Dark\n|showteam|p2|Thundurus||CovertCloak|Prankster|Discharge,ScaryFace,ElectricTerrain,KnockOff|||M|||50|,,,,,Electric]Landorus-Therian||ChoiceScarf|Intimidate|StompingTantrum,RockSlide,Uturn,TeraBlast|||M|||50|,,,,,Flying]Farigiraf||SitrusBerry|ArmorTail|Imprison,TrickRoom,DazzlingGleam,Psyshock|||M|||50|,,,,,Fairy]Pikachu||LightBall|LightningRod|Discharge,TeraBlast,FakeOut,Protect|||M|||50|,,,,,Ice]Mamoswine||AssaultVest|ThickFat|StompingTantrum,Earthquake,Avalanche,TeraBlast|||M|||50|,,,,,Water]Mienshao||FocusSash|Regenerator|PoisonJab,Protect,CloseCombat,Feint|||M|||50|,,,,,Poison\n|inactive|Battle timer is ON: inactive players will automatically lose when time's up. (requested by omg_Zenith)\n|inactiveoff|Battle timer is now OFF.\n|\n|t:|1700140954\n|start\n|switch|p1a: Roaring Moon|Roaring Moon, L50|100\/100\n|switch|p1b: Ninetales|Ninetales-Alola, L50, F|100\/100\n|switch|p2a: Adorabunny|Pikachu, L50, M|100\/100\n|switch|p2b: Isaiah|Mamoswine, L50, M|100\/100\n|-weather|Snow|[from] ability: Snow Warning|[of] p1b: Ninetales\n|-enditem|p1a: Roaring Moon|Booster Energy\n|-activate|p1a: Roaring Moon|ability: Protosynthesis|[fromitem]\n|-start|p1a: Roaring Moon|protosynthesisspe\n|turn|1\n|\n|t:|1700140982\n|move|p1a: Roaring Moon|Protect|p1a: Roaring Moon\n|-singleturn|p1a: Roaring Moon|Protect\n|move|p2a: Adorabunny|Fake Out|p1b: Ninetales\n|-damage|p1b: Ninetales|92\/100\n|cant|p1b: Ninetales|flinch\n|move|p2b: Isaiah|Avalanche|p1a: Roaring Moon\n|-activate|p1a: Roaring Moon|move: Protect\n|\n|-weather|Snow|[upkeep]\n|upkeep\n|turn|2\n|\n|t:|1700141001\n|move|p1a: Roaring Moon|Knock Off|p2b: Isaiah\n|-damage|p2b: Isaiah|67\/100\n|-enditem|p2b: Isaiah|Assault Vest|[from] move: Knock Off|[of] p1a: Roaring Moon\n|move|p1b: Ninetales|Aurora Veil|p1b: Ninetales\n|-sidestart|p1: omg_Zenith|move: Aurora Veil\n|move|p2a: Adorabunny|Discharge|p1b: Ninetales|[spread] p1a,p1b\n|-immune|p2b: Isaiah\n|-resisted|p1a: Roaring Moon\n|-damage|p1a: Roaring Moon|89\/100\n|-damage|p1b: Ninetales|71\/100\n|move|p2b: Isaiah|Avalanche|p1a: Roaring Moon\n|-supereffective|p1a: Roaring Moon\n|-damage|p1a: Roaring Moon|0 fnt\n|faint|p1a: Roaring Moon\n|-end|p1a: Roaring Moon|Protosynthesis|[silent]\n|\n|-weather|Snow|[upkeep]\n|upkeep\n|\n|t:|1700141014\n|switch|p1a: Franky|Iron Hands, L50|100\/100\n|turn|3\n|\n|t:|1700141027\n|switch|p2a: Palindrome|Farigiraf, L50, M|100\/100\n|move|p1a: Franky|Fake Out||[still]\n|cant|p2a: Palindrome|ability: Armor Tail|Fake Out|[of] p1a: Franky\n|move|p1b: Ninetales|Freeze-Dry|p2b: Isaiah\n|-damage|p2b: Isaiah|54\/100\n|move|p2b: Isaiah|Earthquake|p1b: Ninetales|[spread] p2a,p1a,p1b\n|-supereffective|p1a: Franky\n|-damage|p2a: Palindrome|56\/100\n|-damage|p1a: Franky|63\/100\n|-damage|p1b: Ninetales|48\/100\n|\n|-weather|Snow|[upkeep]\n|upkeep\n|turn|4\n|\n|t:|1700141056\n|move|p1b: Ninetales|Moonblast|p2a: Palindrome\n|-damage|p2a: Palindrome|28\/100\n|-enditem|p2a: Palindrome|Sitrus Berry|[eat]\n|-heal|p2a: Palindrome|53\/100|[from] item: Sitrus Berry\n|move|p2b: Isaiah|Earthquake|p1a: Franky|[spread] p2a,p1a,p1b\n|-supereffective|p1a: Franky\n|-damage|p2a: Palindrome|14\/100\n|-damage|p1a: Franky|23\/100\n|-damage|p1b: Ninetales|25\/100\n|move|p2a: Palindrome|Psyshock|p1b: Ninetales\n|-damage|p1b: Ninetales|7\/100\n|move|p1a: Franky|Drain Punch|p2b: Isaiah\n|-supereffective|p2b: Isaiah\n|-damage|p2b: Isaiah|0 fnt\n|-heal|p1a: Franky|45\/100|[from] drain|[of] p2b: Isaiah\n|faint|p2b: Isaiah\n|\n|-weather|Snow|[upkeep]\n|upkeep\n|\n|t:|1700141072\n|switch|p2b: Smogoncloud|Landorus-Therian, L50, M|100\/100\n|-ability|p2b: Smogoncloud|Intimidate|boost\n|-unboost|p1a: Franky|atk|1\n|-unboost|p1b: Ninetales|atk|1\n|turn|5\n|\n|t:|1700141095\n|switch|p1b: Amoonguss|Amoonguss, L50, M|100\/100\n|move|p2b: Smogoncloud|Stomping Tantrum|p1a: Franky\n|-supereffective|p1a: Franky\n|-damage|p1a: Franky|7\/100\n|move|p2a: Palindrome|Dazzling Gleam|p1a: Franky|[spread] p1a,p1b\n|-supereffective|p1a: Franky\n|-resisted|p1b: Amoonguss\n|-damage|p1a: Franky|0 fnt\n|-damage|p1b: Amoonguss|95\/100\n|faint|p1a: Franky\n|-end|p1a: Franky|Quark Drive|[silent]\n|\n|-weather|none\n|upkeep\n|\n|t:|1700141105\n|switch|p1a: Ninetales|Ninetales-Alola, L50, F|7\/100\n|-weather|Snow|[from] ability: Snow Warning|[of] p1a: Ninetales\n|turn|6\n|\n|t:|1700141130\n|move|p1b: Amoonguss|Rage Powder|p1b: Amoonguss\n|-singleturn|p1b: Amoonguss|move: Rage Powder\n|move|p2b: Smogoncloud|Stomping Tantrum|p1b: Amoonguss\n|-damage|p1b: Amoonguss|73\/100\n|-damage|p2b: Smogoncloud|84\/100|[from] item: Rocky Helmet|[of] p1b: Amoonguss\n|move|p1a: Ninetales|Moonblast|p2a: Palindrome\n|-damage|p2a: Palindrome|0 fnt\n|faint|p2a: Palindrome\n|\n|-weather|Snow|[upkeep]\n|upkeep\n|\n|t:|1700141139\n|switch|p2a: Adorabunny|Pikachu, L50, M|100\/100\n|turn|7\n|\n|t:|1700141149\n|move|p1a: Ninetales|Protect|p1a: Ninetales\n|-singleturn|p1a: Ninetales|Protect\n|move|p2a: Adorabunny|Fake Out|p1a: Ninetales\n|-activate|p1a: Ninetales|move: Protect\n|move|p2b: Smogoncloud|Stomping Tantrum|p1b: Amoonguss\n|-crit|p1b: Amoonguss\n|-damage|p1b: Amoonguss|22\/100\n|-damage|p2b: Smogoncloud|67\/100|[from] item: Rocky Helmet|[of] p1b: Amoonguss\n|move|p1b: Amoonguss|Spore|p2a: Adorabunny\n|-status|p2a: Adorabunny|slp|[from] move: Spore\n|\n|-weather|Snow|[upkeep]\n|upkeep\n|turn|8\n|\n|t:|1700141169\n|move|p1b: Amoonguss|Rage Powder|p1b: Amoonguss\n|-singleturn|p1b: Amoonguss|move: Rage Powder\n|move|p2b: Smogoncloud|Stomping Tantrum|p1b: Amoonguss\n|-damage|p1b: Amoonguss|0 fnt\n|-damage|p2b: Smogoncloud|51\/100|[from] item: Rocky Helmet|[of] p1b: Amoonguss\n|faint|p1b: Amoonguss\n|move|p1a: Ninetales|Freeze-Dry|p2b: Smogoncloud\n|-supereffective|p2b: Smogoncloud\n|-damage|p2b: Smogoncloud|0 fnt\n|faint|p2b: Smogoncloud\n|cant|p2a: Adorabunny|slp\n|\n|-weather|Snow|[upkeep]\n|upkeep\n|turn|9\n|\n|t:|1700141185\n|-terastallize|p2a: Adorabunny|Ice\n|move|p1a: Ninetales|Freeze-Dry|p2a: Adorabunny\n|-resisted|p2a: Adorabunny\n|-damage|p2a: Adorabunny|71\/100 slp\n|cant|p2a: Adorabunny|slp\n|\n|-weather|Snow|[upkeep]\n|-sideend|p1: omg_Zenith|move: Aurora Veil\n|upkeep\n|turn|10\n|\n|t:|1700141193\n|move|p1a: Ninetales|Moonblast|p2a: Adorabunny\n|-damage|p2a: Adorabunny|0 fnt\n|faint|p2a: Adorabunny\n|\n|win|omg_Zenith\n|c|&|\/uhtml prompt-omgzenith,omg_Zenith is ready for game 2!\n|c|&|\/uhtml prompt-walalang,Walalang is ready for game 2!\nBoth players are ready! Starting next match!\n","uploadtime":1700141554,"views":25,"p1id":"omgzenith","p2id":"walalang","formatid":"gen9vgc2023regulatione","rating":0,"private":0,"password":""}