{"id":"gen9vgc2023regulatione-1993852567","p1":"iPetBigfoot","p2":"LameLiarLeo","format":"[Gen 9] VGC 2023 Regulation E","log":"|j|\u2606iPetBigfoot\n|j|\u2606LameLiarLeo\n|n|\u2606iPetBigfoot|ipetbigfoot\n|n|\u2606LameLiarLeo|lameliarleo\n|html|View the match progress at <a href=\"\/game-bestof3-gen9vgc2023regulatione-1993849534\">game-bestof3-gen9vgc2023regulatione-1993849534<\/a>\n|t:|1700365437\n|gametype|doubles\n|player|p1|iPetBigfoot|carmine-festival|\n|player|p2|LameLiarLeo|caitlin|\n|teamsize|p1|6\n|teamsize|p2|6\n|gen|9\n|tier|[Gen 9] VGC 2023 Regulation E\n|rule|Species Clause: Limit one of each Pok\u00e9mon\n|rule|Item Clause: Limit one of each item\n|clearpoke\n|poke|p1|Chien-Pao, L50|\n|poke|p1|Amoonguss, L50, F|\n|poke|p1|Iron Hands, L50|\n|poke|p1|Landorus-Therian, L50, M|\n|poke|p1|Heatran, L50, M|\n|poke|p1|Urshifu-*, L50, F|\n|poke|p2|Iron Valiant, L50|\n|poke|p2|Gholdengo, L50|\n|poke|p2|Ogerpon-Wellspring, L50, F|\n|poke|p2|Rillaboom, L50, F|\n|poke|p2|Heatran, L50, F|\n|poke|p2|Ninetales-Alola, L50, M|\n|teampreview|4\n|inactive|Battle timer is ON: inactive players will automatically lose when time's up. (requested by LameLiarLeo)\niPetBigfoot has agreed to open team sheets.\n|inactive|iPetBigfoot has 60 seconds left.\n|inactive|LameLiarLeo has 60 seconds left.\n|\n|t:|1700365476\n|start\n|switch|p1a: Iron Hands|Iron Hands, L50|100\/100\n|switch|p1b: Heatran|Heatran, L50, M|100\/100\n|switch|p2a: Ninetales|Ninetales-Alola, L50, M|100\/100\n|switch|p2b: Iron Valiant|Iron Valiant, L50|100\/100\n|-weather|Snow|[from] ability: Snow Warning|[of] p2a: Ninetales\n|-enditem|p2b: Iron Valiant|Booster Energy\n|-activate|p2b: Iron Valiant|ability: Quark Drive|[fromitem]\n|-start|p2b: Iron Valiant|quarkdrivespe\n|turn|1\n|\n|t:|1700365493\n|-terastallize|p2b: Iron Valiant|Ghost\n|move|p2a: Ninetales|Protect|p2a: Ninetales\n|-singleturn|p2a: Ninetales|Protect\n|move|p1a: Iron Hands|Fake Out|p2b: Iron Valiant\n|-immune|p2b: Iron Valiant\n|move|p2b: Iron Valiant|Close Combat|p1b: Heatran\n|-supereffective|p1b: Heatran\n|-damage|p1b: Heatran|7\/100\n|-unboost|p2b: Iron Valiant|def|1\n|-unboost|p2b: Iron Valiant|spd|1\n|move|p1b: Heatran|Heat Wave|p2b: Iron Valiant|[spread] p2b\n|-activate|p2a: Ninetales|move: Protect\n|-damage|p2b: Iron Valiant|0 fnt\n|faint|p2b: Iron Valiant\n|-end|p2b: Iron Valiant|Quark Drive|[silent]\n|\n|-weather|Snow|[upkeep]\n|-heal|p1b: Heatran|13\/100|[from] item: Leftovers\n|upkeep\n|\n|t:|1700365512\n|switch|p2b: Ogerpon|Ogerpon-Wellspring, L50, F|100\/100\n|turn|2\n|\n|t:|1700365528\n|switch|p1b: Amoonguss|Amoonguss, L50, F|100\/100\n|move|p2a: Ninetales|Aurora Veil|p2a: Ninetales\n|-sidestart|p2: LameLiarLeo|move: Aurora Veil\n|move|p2b: Ogerpon|Ivy Cudgel|p1b: Amoonguss|[anim] Ivy Cudgel Water\n|-resisted|p1b: Amoonguss\n|-damage|p1b: Amoonguss|78\/100\n|move|p1a: Iron Hands|Heavy Slam|p2a: Ninetales\n|-supereffective|p2a: Ninetales\n|-damage|p2a: Ninetales|4\/100\n|-enditem|p2a: Ninetales|Sitrus Berry|[eat]\n|-heal|p2a: Ninetales|29\/100|[from] item: Sitrus Berry\n|\n|-weather|Snow|[upkeep]\n|upkeep\n|turn|3\n|inactive|LameLiarLeo has 30 seconds left.\n|\n|t:|1700365562\n|move|p1b: Amoonguss|Protect|p1b: Amoonguss\n|-singleturn|p1b: Amoonguss|Protect\n|move|p2a: Ninetales|Blizzard|p1a: Iron Hands|[spread] p1a\n|-activate|p1b: Amoonguss|move: Protect\n|-damage|p1a: Iron Hands|86\/100\n|move|p2b: Ogerpon|Ivy Cudgel|p1a: Iron Hands|[anim] Ivy Cudgel Water\n|-damage|p1a: Iron Hands|44\/100\n|move|p1a: Iron Hands|Wild Charge|p2a: Ninetales\n|-damage|p2a: Ninetales|2\/100\n|-damage|p1a: Iron Hands|39\/100|[from] Recoil\n|\n|-weather|Snow|[upkeep]\n|upkeep\n|turn|4\n|inactive|iPetBigfoot has 30 seconds left.\n|\n|t:|1700365588\n|move|p2a: Ninetales|Protect|p2a: Ninetales\n|-singleturn|p2a: Ninetales|Protect\n|move|p2b: Ogerpon|Ivy Cudgel|p1a: Iron Hands|[anim] Ivy Cudgel Water\n|-damage|p1a: Iron Hands|0 fnt\n|faint|p1a: Iron Hands\n|-end|p1a: Iron Hands|Quark Drive|[silent]\n|move|p1b: Amoonguss|Spore|p2a: Ninetales\n|-activate|p2a: Ninetales|move: Protect\n|\n|-weather|Snow|[upkeep]\n|upkeep\n|c|\u2606LameLiarLeo|Greedy\n|c|\u2606iPetBigfoot|?\n|inactive|iPetBigfoot has 30 seconds left.\n|inactive|iPetBigfoot has 20 seconds left.\n|inactive|iPetBigfoot has 15 seconds left.\n|\n|t:|1700365629\n|switch|p1a: Heatran|Heatran, L50, M|13\/100\n|turn|5\n|\n|t:|1700365651\n|move|p2a: Ninetales|Blizzard|p1a: Heatran|[spread] p1a,p1b\n|-resisted|p1a: Heatran\n|-crit|p1a: Heatran\n|-supereffective|p1b: Amoonguss\n|-damage|p1a: Heatran|5\/100\n|-damage|p1b: Amoonguss|28\/100\n|-enditem|p1b: Amoonguss|Sitrus Berry|[eat]\n|-heal|p1b: Amoonguss|53\/100|[from] item: Sitrus Berry\n|move|p2b: Ogerpon|Ivy Cudgel|p1a: Heatran|[anim] Ivy Cudgel Water\n|-supereffective|p1a: Heatran\n|-damage|p1a: Heatran|0 fnt\n|faint|p1a: Heatran\n|move|p1b: Amoonguss|Pollen Puff|p1: Heatran|[notarget]\n|-fail|p1b: Amoonguss\n|\n|-weather|none\n|upkeep\n|\n|t:|1700365658\n|switch|p1a: Landorus|Landorus-Therian, L50, M|100\/100\n|-ability|p1a: Landorus|Intimidate|boost\n|-unboost|p2a: Ninetales|atk|1\n|-unboost|p2b: Ogerpon|atk|1\n|turn|6\n|inactive|iPetBigfoot has 30 seconds left.\n|c|\u2606LameLiarLeo|Shold be gg\n|inactive|iPetBigfoot has 20 seconds left.\n|\n|t:|1700365698\n|-terastallize|p1a: Landorus|Flying\n|move|p2b: Ogerpon|Follow Me|p2b: Ogerpon\n|-singleturn|p2b: Ogerpon|move: Follow Me\n|move|p1a: Landorus|Tera Blast|p2b: Ogerpon|[anim] Tera Blast Flying\n|-supereffective|p2b: Ogerpon\n|-damage|p2b: Ogerpon|20\/100\n|move|p2a: Ninetales|Icy Wind|p1b: Amoonguss|[spread] p1a,p1b\n|-supereffective|p1a: Landorus\n|-supereffective|p1b: Amoonguss\n|-damage|p1a: Landorus|70\/100\n|-damage|p1b: Amoonguss|26\/100\n|-unboost|p1a: Landorus|spe|1\n|-unboost|p1b: Amoonguss|spe|1\n|move|p1b: Amoonguss|Pollen Puff|p2b: Ogerpon\n|-supereffective|p2b: Ogerpon\n|-damage|p2b: Ogerpon|0 fnt\n|faint|p2b: Ogerpon\n|\n|-sideend|p2: LameLiarLeo|move: Aurora Veil\n|upkeep\n|\n|t:|1700365706\n|switch|p2b: Heatran|Heatran, L50, F|100\/100\n|turn|7\n|\n|t:|1700365712\n|move|p2a: Ninetales|Icy Wind|p1b: Amoonguss|[spread] p1a,p1b\n|-supereffective|p1a: Landorus\n|-supereffective|p1b: Amoonguss\n|-damage|p1a: Landorus|39\/100\n|-damage|p1b: Amoonguss|3\/100\n|-unboost|p1a: Landorus|spe|1\n|-unboost|p1b: Amoonguss|spe|1\n|move|p1a: Landorus|Tera Blast|p2a: Ninetales|[anim] Tera Blast Flying\n|-damage|p2a: Ninetales|0 fnt\n|faint|p2a: Ninetales\n|move|p2b: Heatran|Heat Wave|p1a: Landorus|[spread] p1a\n|-miss|p2b: Heatran|p1b: Amoonguss\n|-damage|p1a: Landorus|0 fnt\n|faint|p1a: Landorus\n|-damage|p2b: Heatran|91\/100|[from] item: Life Orb\n|move|p1b: Amoonguss|Spore|p2b: Heatran\n|-status|p2b: Heatran|slp|[from] move: Spore\n|\n|upkeep\n|turn|8\n|\n|t:|1700365723\n|cant|p2b: Heatran|slp\n|move|p1b: Amoonguss|Pollen Puff|p2b: Heatran\n|-resisted|p2b: Heatran\n|-damage|p2b: Heatran|87\/100 slp\n|\n|upkeep\n|turn|9\n|\n|t:|1700365726\n|-curestatus|p2b: Heatran|slp|[msg]\n|move|p2b: Heatran|Earth Power|p1b: Amoonguss\n|-damage|p1b: Amoonguss|0 fnt\n|faint|p1b: Amoonguss\n|-damage|p2b: Heatran|77\/100|[from] item: Life Orb\n|\n|win|LameLiarLeo\n|c|&|\/uhtml prompt-ipetbigfoot,iPetBigfoot is ready for game 3!\n|c|&|\/uhtml prompt-lameliarleo,LameLiarLeo is ready for game 3!\nBoth players are ready! Starting next match!\n|l|\u2606iPetBigfoot\n","uploadtime":1700366292,"views":10,"p1id":"ipetbigfoot","p2id":"lameliarleo","formatid":"gen9vgc2023regulatione","rating":0,"private":0,"password":""}