{"id":"gen9vgc2023regulatione-1989493278","p1":"randomacctest","p2":"Jtrain101","format":"[Gen 9] VGC 2023 Regulation E","log":"|j|\u2606randomacctest\n|j|\u2606Jtrain101\n|t:|1699859957\n|gametype|doubles\n|player|p1|randomacctest|265|1055\n|player|p2|Jtrain101|brycenman|1154\n|teamsize|p1|6\n|teamsize|p2|6\n|gen|9\n|tier|[Gen 9] VGC 2023 Regulation E\n|rated|\n|rule|Species Clause: Limit one of each Pok\u00e9mon\n|rule|Item Clause: Limit one of each item\n|clearpoke\n|poke|p1|Roaring Moon, L50|\n|poke|p1|Tatsugiri, L50, M|\n|poke|p1|Dondozo, L50, F|\n|poke|p1|Gothitelle, L50, F|\n|poke|p1|Weezing, L50, M|\n|poke|p1|Flutter Mane, L50|\n|poke|p2|Clodsire, L50, M|\n|poke|p2|Farigiraf, L50, F|\n|poke|p2|Ogerpon-Wellspring, L50, F|\n|poke|p2|Amoonguss, L50, M|\n|poke|p2|Flutter Mane, L50|\n|poke|p2|Greninja-*, L50, F|\n|teampreview|4\n|inactive|Battle timer is ON: inactive players will automatically lose when time's up. (requested by Jtrain101)\n|inactive|Jtrain101 has 60 seconds left.\n|\n|t:|1699859998\n|start\n|switch|p1a: Roaring Moon|Roaring Moon, L50|100\/100\n|switch|p1b: Gothitelle|Gothitelle, L50, F|100\/100\n|switch|p2a: Clodsire|Clodsire, L50, M|100\/100\n|switch|p2b: Ogerpon|Ogerpon-Wellspring, L50, F|100\/100\n|-enditem|p1a: Roaring Moon|Booster Energy\n|-activate|p1a: Roaring Moon|ability: Protosynthesis|[fromitem]\n|-start|p1a: Roaring Moon|protosynthesisspe\n|turn|1\n|inactive|randomacctest has 30 seconds left.\n|inactive|randomacctest has 20 seconds left.\n|inactive|randomacctest has 15 seconds left.\n|\n|t:|1699860038\n|move|p1a: Roaring Moon|Acrobatics|p2b: Ogerpon\n|-supereffective|p2b: Ogerpon\n|-damage|p2b: Ogerpon|36\/100\n|move|p2b: Ogerpon|Knock Off|p1b: Gothitelle\n|-supereffective|p1b: Gothitelle\n|-damage|p1b: Gothitelle|39\/100\n|-enditem|p1b: Gothitelle|Wiki Berry|[from] move: Knock Off|[of] p2b: Ogerpon\n|move|p1b: Gothitelle|Psychic|p2a: Clodsire\n|-supereffective|p2a: Clodsire\n|-damage|p2a: Clodsire|54\/100\n|-enditem|p2a: Clodsire|Weakness Policy\n|-boost|p2a: Clodsire|atk|2|[from] item: Weakness Policy\n|-boost|p2a: Clodsire|spa|2|[from] item: Weakness Policy\n|move|p2a: Clodsire|Yawn|p1a: Roaring Moon\n|-start|p1a: Roaring Moon|move: Yawn|[of] p2a: Clodsire\n|\n|upkeep\n|turn|2\n|inactive|Jtrain101 has 30 seconds left.\n|\n|t:|1699860064\n|-end|p1a: Roaring Moon|Protosynthesis|[silent]\n|switch|p1a: Dondozo|Dondozo, L50, F|100\/100\n|move|p2b: Ogerpon|Spiky Shield|p2b: Ogerpon\n|-singleturn|p2b: Ogerpon|move: Protect\n|move|p1b: Gothitelle|Protect|p1b: Gothitelle\n|-singleturn|p1b: Gothitelle|Protect\n|move|p2a: Clodsire|Earthquake|p1a: Dondozo|[spread] p1a\n|-activate|p2b: Ogerpon|move: Protect\n|-activate|p1b: Gothitelle|move: Protect\n|-damage|p1a: Dondozo|84\/100\n|\n|-heal|p1a: Dondozo|90\/100|[from] item: Leftovers\n|upkeep\n|turn|3\n|inactive|randomacctest has 30 seconds left.\n|inactive|Jtrain101 has 30 seconds left.\n|\n|t:|1699860094\n|move|p1a: Dondozo|Protect|p1a: Dondozo\n|-singleturn|p1a: Dondozo|Protect\n|move|p2b: Ogerpon|Ivy Cudgel|p2a: Clodsire\n|-heal|p2a: Clodsire|79\/100|[from] ability: Water Absorb|[of] p2b: Ogerpon\n|move|p1b: Gothitelle|Psychic|p2a: Clodsire\n|-supereffective|p2a: Clodsire\n|-damage|p2a: Clodsire|35\/100\n|move|p2a: Clodsire|Heavy Slam|p1b: Gothitelle\n|-damage|p1b: Gothitelle|0 fnt\n|faint|p1b: Gothitelle\n|\n|-heal|p1a: Dondozo|97\/100|[from] item: Leftovers\n|upkeep\n|inactive|randomacctest has 30 seconds left.\n|\n|t:|1699860124\n|switch|p1b: Roaring Moon|Roaring Moon, L50|100\/100\n|turn|4\n|inactive|Jtrain101 has 30 seconds left.\n|inactive|Jtrain101 has 20 seconds left.\n|\n|t:|1699860161\n|move|p2b: Ogerpon|Spiky Shield|p2b: Ogerpon\n|-singleturn|p2b: Ogerpon|move: Protect\n|move|p2a: Clodsire|Protect|p2a: Clodsire\n|-singleturn|p2a: Clodsire|Protect\n|move|p1b: Roaring Moon|Acrobatics|p2a: Clodsire\n|-activate|p2a: Clodsire|move: Protect\n|move|p1a: Dondozo|Yawn|p2a: Clodsire\n|-activate|p2a: Clodsire|move: Protect\n|\n|-heal|p1a: Dondozo|100\/100|[from] item: Leftovers\n|upkeep\n|turn|5\n|inactive|randomacctest has 30 seconds left.\n|\n|t:|1699860187\n|move|p2b: Ogerpon|Follow Me|p2b: Ogerpon\n|-singleturn|p2b: Ogerpon|move: Follow Me\n|move|p1b: Roaring Moon|Acrobatics|p2b: Ogerpon\n|-supereffective|p2b: Ogerpon\n|-damage|p2b: Ogerpon|0 fnt\n|faint|p2b: Ogerpon\n|move|p1a: Dondozo|Yawn|p2a: Clodsire\n|-start|p2a: Clodsire|move: Yawn|[of] p1a: Dondozo\n|move|p2a: Clodsire|Yawn|p1a: Dondozo\n|-start|p1a: Dondozo|move: Yawn|[of] p2a: Clodsire\n|\n|upkeep\n|\n|t:|1699860198\n|switch|p2b: Flutter Mane|Flutter Mane, L50|100\/100\n|-enditem|p2b: Flutter Mane|Booster Energy\n|-activate|p2b: Flutter Mane|ability: Protosynthesis|[fromitem]\n|-start|p2b: Flutter Mane|protosynthesisspe\n|turn|6\n|inactive|Jtrain101 has 30 seconds left.\n|\n|t:|1699860228\n|switch|p1a: Tatsugiri|Tatsugiri, L50, M|100\/100\n|switch|p2a: Farigiraf|Farigiraf, L50, F|100\/100\n|move|p2b: Flutter Mane|Protect|p2b: Flutter Mane\n|-singleturn|p2b: Flutter Mane|Protect\n|move|p1b: Roaring Moon|Protect||[still]\n|-fail|p1b: Roaring Moon\n|\n|upkeep\n|turn|7\n|inactive|randomacctest has 30 seconds left.\n|inactive|randomacctest has 20 seconds left.\n|inactive|randomacctest has 15 seconds left.\n|inactive|randomacctest has 10 seconds left.\n|\n|t:|1699860277\n|-end|p1b: Roaring Moon|Protosynthesis|[silent]\n|switch|p1b: Dondozo|Dondozo, L50, F|100\/100\n|-activate|p1a: Tatsugiri|ability: Commander|[of] p1b: Dondozo\n|-boost|p1b: Dondozo|atk|2\n|-boost|p1b: Dondozo|spa|2\n|-boost|p1b: Dondozo|spe|2\n|-boost|p1b: Dondozo|def|2\n|-boost|p1b: Dondozo|spd|2\n|move|p2b: Flutter Mane|Moonblast|p1b: Dondozo\n|-damage|p1b: Dondozo|79\/100\n|move|p2a: Farigiraf|Dazzling Gleam|p1a: Tatsugiri|[spread] p1b\n|-miss|p2a: Farigiraf|p1a: Tatsugiri\n|-damage|p1b: Dondozo|71\/100\n|\n|-heal|p1b: Dondozo|78\/100|[from] item: Leftovers\n|upkeep\n|turn|8\n|inactive|Jtrain101 has 30 seconds left.\n|\n|t:|1699860304\n|-end|p2b: Flutter Mane|Protosynthesis|[silent]\n|switch|p2b: Clodsire|Clodsire, L50, M|35\/100\n|move|p1b: Dondozo|Yawn|p2a: Farigiraf\n|-start|p2a: Farigiraf|move: Yawn|[of] p1b: Dondozo\n|move|p2a: Farigiraf|Psyshock|p1b: Dondozo\n|-damage|p1b: Dondozo|65\/100\n|\n|-heal|p1b: Dondozo|71\/100|[from] item: Leftovers\n|upkeep\n|turn|9\n|inactive|Jtrain101 has 30 seconds left.\n|\n|t:|1699860333\n|switch|p2a: Flutter Mane|Flutter Mane, L50|100\/100\n|-terastallize|p2b: Clodsire|Ground\n|move|p1b: Dondozo|Yawn|p2b: Clodsire\n|-start|p2b: Clodsire|move: Yawn|[of] p1b: Dondozo\n|move|p2b: Clodsire|Yawn|p1b: Dondozo\n|-start|p1b: Dondozo|move: Yawn|[of] p2b: Clodsire\n|\n|-heal|p1b: Dondozo|77\/100|[from] item: Leftovers\n|upkeep\n|turn|10\n|\n|t:|1699860355\n|switch|p2b: Farigiraf|Farigiraf, L50, F|100\/100\n|move|p2a: Flutter Mane|Protect|p2a: Flutter Mane\n|-singleturn|p2a: Flutter Mane|Protect\n|move|p1b: Dondozo|Body Press|p2b: Farigiraf\n|-damage|p2b: Farigiraf|49\/100\n|\n|-heal|p1b: Dondozo|83\/100|[from] item: Leftovers\n|-end|p1b: Dondozo|move: Yawn|[silent]\n|-status|p1b: Dondozo|slp\n|upkeep\n|turn|11\n|\n|t:|1699860371\n|move|p2a: Flutter Mane|Moonblast|p1b: Dondozo\n|-damage|p1b: Dondozo|62\/100 slp\n|-unboost|p1b: Dondozo|spa|1\n|cant|p1b: Dondozo|slp\n|move|p2b: Farigiraf|Psyshock|p1b: Dondozo\n|-damage|p1b: Dondozo|50\/100 slp\n|\n|-heal|p1b: Dondozo|56\/100 slp|[from] item: Leftovers\n|upkeep\n|turn|12\n|\n|t:|1699860388\n|cant|p1b: Dondozo|slp\n|move|p2a: Flutter Mane|Moonblast|p1b: Dondozo\n|-damage|p1b: Dondozo|35\/100 slp\n|move|p2b: Farigiraf|Psyshock|p1b: Dondozo\n|-damage|p1b: Dondozo|22\/100 slp\n|\n|-heal|p1b: Dondozo|28\/100 slp|[from] item: Leftovers\n|upkeep\n|turn|13\n|\n|t:|1699860398\n|cant|p1b: Dondozo|slp\n|move|p2a: Flutter Mane|Moonblast|p1b: Dondozo\n|-damage|p1b: Dondozo|9\/100 slp\n|move|p2b: Farigiraf|Psyshock|p1b: Dondozo\n|-damage|p1b: Dondozo|0 fnt\n|faint|p1b: Dondozo\n|\n|upkeep\n|\n|t:|1699860408\n|switch|p1b: Roaring Moon|Roaring Moon, L50|100\/100\n|turn|14\n|\n|t:|1699860415\n|move|p1b: Roaring Moon|Protect|p1b: Roaring Moon\n|-singleturn|p1b: Roaring Moon|Protect\n|move|p2a: Flutter Mane|Moonblast|p1b: Roaring Moon\n|-activate|p1b: Roaring Moon|move: Protect\n|move|p1a: Tatsugiri|Icy Wind|p2b: Farigiraf|[spread] p2a,p2b\n|-damage|p2a: Flutter Mane|87\/100\n|-damage|p2b: Farigiraf|36\/100\n|-unboost|p2a: Flutter Mane|spe|1\n|-unboost|p2b: Farigiraf|spe|1\n|move|p2b: Farigiraf|Dazzling Gleam|p1b: Roaring Moon|[spread] p1a\n|-activate|p1b: Roaring Moon|move: Protect\n|-supereffective|p1a: Tatsugiri\n|-damage|p1a: Tatsugiri|47\/100\n|\n|upkeep\n|turn|15\n|inactive|randomacctest has 30 seconds left.\n|\n|t:|1699860445\n|-terastallize|p1b: Roaring Moon|Flying\n|move|p2a: Flutter Mane|Protect|p2a: Flutter Mane\n|-singleturn|p2a: Flutter Mane|Protect\n|move|p1b: Roaring Moon|Tailwind|p1b: Roaring Moon\n|-sidestart|p1: randomacctest|move: Tailwind\n|move|p1a: Tatsugiri|Icy Wind|p2a: Flutter Mane|[spread] p2b\n|-activate|p2a: Flutter Mane|move: Protect\n|-damage|p2b: Farigiraf|22\/100\n|-unboost|p2b: Farigiraf|spe|1\n|move|p2b: Farigiraf|Dazzling Gleam|p1a: Tatsugiri|[spread] p1a,p1b\n|-supereffective|p1a: Tatsugiri\n|-damage|p1a: Tatsugiri|0 fnt\n|-damage|p1b: Roaring Moon|82\/100\n|faint|p1a: Tatsugiri\n|\n|upkeep\n|turn|16\n|inactive|Jtrain101 has 30 seconds left.\n|\n|t:|1699860474\n|move|p1b: Roaring Moon|Acrobatics|p2a: Flutter Mane\n|-damage|p2a: Flutter Mane|0 fnt\n|faint|p2a: Flutter Mane\n|-end|p2a: Flutter Mane|Protosynthesis|[silent]\n|move|p2b: Farigiraf|Trick Room|p2b: Farigiraf\n|-fieldstart|move: Trick Room|[of] p2b: Farigiraf\n|\n|upkeep\n|\n|t:|1699860480\n|switch|p2a: Clodsire|Clodsire, L50, M, tera:Ground|35\/100\n|turn|17\n|\n|t:|1699860490\n|move|p1b: Roaring Moon|Protect|p1b: Roaring Moon\n|-singleturn|p1b: Roaring Moon|Protect\n|move|p2a: Clodsire|Heavy Slam|p1b: Roaring Moon\n|-activate|p1b: Roaring Moon|move: Protect\n|move|p2b: Farigiraf|Psyshock|p1b: Roaring Moon\n|-activate|p1b: Roaring Moon|move: Protect\n|\n|upkeep\n|turn|18\n|\n|t:|1699860502\n|move|p2a: Clodsire|Heavy Slam|p1b: Roaring Moon\n|-damage|p1b: Roaring Moon|70\/100\n|move|p2b: Farigiraf|Psyshock|p1b: Roaring Moon\n|-damage|p1b: Roaring Moon|21\/100\n|move|p1b: Roaring Moon|Acrobatics|p2b: Farigiraf\n|-damage|p2b: Farigiraf|0 fnt\n|faint|p2b: Farigiraf\n|\n|-sideend|p1: randomacctest|move: Tailwind\n|upkeep\n|turn|19\n|\n|t:|1699860516\n|move|p2a: Clodsire|Heavy Slam|p1b: Roaring Moon\n|-damage|p1b: Roaring Moon|8\/100\n|move|p1b: Roaring Moon|Acrobatics|p2a: Clodsire\n|-damage|p2a: Clodsire|0 fnt\n|faint|p2a: Clodsire\n|\n|win|randomacctest\n|raw|randomacctest's rating: 1055 &rarr; <strong>1096<\/strong><br \/>(+41 for winning)\n|raw|Jtrain101's rating: 1154 &rarr; <strong>1122<\/strong><br \/>(-32 for losing)\n|c|\u2606Jtrain101|gg\n|l|\u2606Jtrain101\n|l|\u2606randomacctest\n","uploadtime":1699861085,"views":25,"p1id":"randomacctest","p2id":"jtrain101","formatid":"gen9vgc2023regulatione","rating":1096,"private":0,"password":""}