{"id":"gen9vgc2023regulatione-1998947777","p1":"xingshen","p2":"Izumy_dk","format":"[Gen 9] VGC 2023 Regulation E","log":"|j|\u2606xingshen\n|j|\u2606Izumy_dk\n|t:|1701016535\n|gametype|doubles\n|player|p1|xingshen|1|1188\n|player|p2|Izumy_dk|volkner|1116\n|teamsize|p1|6\n|teamsize|p2|6\n|gen|9\n|tier|[Gen 9] VGC 2023 Regulation E\n|rated|\n|rule|Species Clause: Limit one of each Pok\u00e9mon\n|rule|Item Clause: Limit one of each item\n|clearpoke\n|poke|p1|Indeedee-F, L50, F|\n|poke|p1|Ting-Lu, L50|\n|poke|p1|Sinistcha-Masterpiece, L50|\n|poke|p1|Gallade, L50, M|\n|poke|p1|Avalugg-Hisui, L50, F|\n|poke|p1|Ursaluna-Bloodmoon, L50, M|\n|poke|p2|Gholdengo, L50|\n|poke|p2|Garchomp, L50, M|\n|poke|p2|Maushold, L50|\n|poke|p2|Annihilape, L50, F|\n|poke|p2|Murkrow, L50, F|\n|poke|p2|Hydreigon, L50, F|\n|teampreview|4\n|\n|t:|1701016574\n|start\n|switch|p1a: Indeedee|Indeedee-F, L50, F|100\/100\n|switch|p1b: Sinistcha|Sinistcha-Masterpiece, L50|100\/100\n|switch|p2a: Maushold|Maushold, L50, shiny|100\/100\n|switch|p2b: Annihilape|Annihilape, L50, F|100\/100\n|-fieldstart|move: Psychic Terrain|[from] ability: Psychic Surge|[of] p1a: Indeedee\n|turn|1\n|\n|t:|1701016603\n|move|p1a: Indeedee|Follow Me|p1a: Indeedee\n|-singleturn|p1a: Indeedee|move: Follow Me\n|move|p2b: Annihilape|Shadow Claw|p1a: Indeedee\n|-immune|p1a: Indeedee\n|move|p2a: Maushold|Population Bomb|p1a: Indeedee\n|-damage|p1a: Indeedee|92\/100\n|-damage|p2a: Maushold|84\/100|[from] item: Rocky Helmet|[of] p1a: Indeedee\n|-damage|p1a: Indeedee|85\/100\n|-damage|p2a: Maushold|67\/100|[from] item: Rocky Helmet|[of] p1a: Indeedee\n|-damage|p1a: Indeedee|77\/100\n|-damage|p2a: Maushold|51\/100|[from] item: Rocky Helmet|[of] p1a: Indeedee\n|-damage|p1a: Indeedee|69\/100\n|-damage|p2a: Maushold|34\/100|[from] item: Rocky Helmet|[of] p1a: Indeedee\n|-damage|p1a: Indeedee|62\/100\n|-damage|p2a: Maushold|18\/100|[from] item: Rocky Helmet|[of] p1a: Indeedee\n|-damage|p1a: Indeedee|54\/100\n|-damage|p2a: Maushold|1\/100|[from] item: Rocky Helmet|[of] p1a: Indeedee\n|-damage|p1a: Indeedee|47\/100\n|-damage|p2a: Maushold|0 fnt|[from] item: Rocky Helmet|[of] p1a: Indeedee\n|faint|p2a: Maushold\n|-hitcount|p1a: Indeedee|7\n|move|p1b: Sinistcha|Trick Room|p1b: Sinistcha\n|-fieldstart|move: Trick Room|[of] p1b: Sinistcha\n|\n|upkeep\n|\n|t:|1701016630\n|switch|p2a: Gholdengo|Gholdengo, L50|100\/100\n|turn|2\n|\n|t:|1701016655\n|-terastallize|p2a: Gholdengo|Steel\n|move|p1b: Sinistcha|Rage Powder|p1b: Sinistcha\n|-singleturn|p1b: Sinistcha|move: Rage Powder\n|move|p1a: Indeedee|Psychic|p2b: Annihilape\n|-supereffective|p2b: Annihilape\n|-damage|p2b: Annihilape|23\/100\n|move|p2a: Gholdengo|Make It Rain|p1b: Sinistcha|[spread] p1a,p1b\n|-damage|p1a: Indeedee|0 fnt\n|-damage|p1b: Sinistcha|0 fnt\n|-unboost|p2a: Gholdengo|spa|1\n|faint|p1a: Indeedee\n|faint|p1b: Sinistcha\n|move|p2b: Annihilape|Shadow Claw|p1: Indeedee|[notarget]\n|-fail|p2b: Annihilape\n|\n|upkeep\n|\n|t:|1701016677\n|switch|p1b: Ursaluna|Ursaluna-Bloodmoon, L50, M|100\/100\n|switch|p1a: Ting-Lu|Ting-Lu, L50|100\/100\n|-ability|p1a: Ting-Lu|Vessel of Ruin\n|turn|3\n|\n|t:|1701016701\n|switch|p2a: Hydreigon|Hydreigon, L50, F, shiny|100\/100\n|-terastallize|p1b: Ursaluna|Ghost\n|move|p1a: Ting-Lu|Snarl|p2b: Annihilape|[spread] p2a,p2b\n|-resisted|p2a: Hydreigon\n|-damage|p2a: Hydreigon|95\/100\n|-damage|p2b: Annihilape|14\/100\n|-unboost|p2a: Hydreigon|spa|1\n|-unboost|p2b: Annihilape|spa|1\n|-ability|p2b: Annihilape|Defiant|boost\n|-boost|p2b: Annihilape|atk|2\n|move|p1b: Ursaluna|Hyper Voice|p2b: Annihilape|[spread] p2a,p2b\n|-damage|p2a: Hydreigon|61\/100\n|-damage|p2b: Annihilape|0 fnt\n|faint|p2b: Annihilape\n|-enditem|p1b: Ursaluna|Throat Spray\n|-boost|p1b: Ursaluna|spa|1|[from] item: Throat Spray\n|\n|upkeep\n|\n|t:|1701016719\n|switch|p2b: Gholdengo|Gholdengo, L50, tera:Steel|100\/100\n|turn|4\n|\n|t:|1701016732\n|move|p1a: Ting-Lu|Stomping Tantrum|p2b: Gholdengo\n|-supereffective|p2b: Gholdengo\n|-damage|p2b: Gholdengo|12\/100\n|move|p1b: Ursaluna|Earth Power|p2b: Gholdengo\n|-supereffective|p2b: Gholdengo\n|-damage|p2b: Gholdengo|0 fnt\n|faint|p2b: Gholdengo\n|move|p2a: Hydreigon|Dark Pulse|p1b: Ursaluna\n|-supereffective|p1b: Ursaluna\n|-damage|p1b: Ursaluna|43\/100\n|-damage|p2a: Hydreigon|51\/100|[from] item: Life Orb\n|\n|upkeep\n|turn|5\n|\n|t:|1701016752\n|move|p1a: Ting-Lu|Snarl|p2a: Hydreigon\n|-resisted|p2a: Hydreigon\n|-damage|p2a: Hydreigon|44\/100\n|-unboost|p2a: Hydreigon|spa|1\n|move|p1b: Ursaluna|Blood Moon|p2a: Hydreigon\n|-damage|p2a: Hydreigon|0 fnt\n|faint|p2a: Hydreigon\n|\n|win|xingshen\n|raw|xingshen's rating: 1188 &rarr; <strong>1208<\/strong><br \/>(+20 for winning)\n|raw|Izumy_dk's rating: 1116 &rarr; <strong>1096<\/strong><br \/>(-20 for losing)\n|l|\u2606Izumy_dk\n","uploadtime":1701016765,"views":4,"p1id":"xingshen","p2id":"izumydk","formatid":"gen9vgc2023regulatione","rating":1096,"private":0,"password":""}