{"id":"gen9vgc2023regulatione-1995971346","p1":"Tenken11","p2":"Tampico11","format":"[Gen 9] VGC 2023 Regulation E","log":"|j|\u2606Tenken11\n|j|\u2606Tampico11\n|n|\u2606Tenken11|tenken11\n|n|\u2606Tampico11|tampico11\n|html|View the match progress at <a href=\"\/game-bestof3-gen9vgc2023regulatione-1995971345\">game-bestof3-gen9vgc2023regulatione-1995971345<\/a>\n|t:|1700623661\n|gametype|doubles\n|player|p1|Tenken11|266|\n|player|p2|Tampico11|ethan|\n|teamsize|p1|6\n|teamsize|p2|6\n|gen|9\n|tier|[Gen 9] VGC 2023 Regulation E\n|rule|Species Clause: Limit one of each Pok\u00e9mon\n|rule|Item Clause: Limit one of each item\n|clearpoke\n|poke|p1|Clefairy, L50, F|\n|poke|p1|Cetitan, L50, F|\n|poke|p1|Kommo-o, L50, M|\n|poke|p1|Sinistcha-Masterpiece, L50|\n|poke|p1|Landorus-Therian, L50, M|\n|poke|p1|Rillaboom, L50, M|\n|poke|p2|Iron Hands, L50|\n|poke|p2|Amoonguss, L50, M|\n|poke|p2|Grimmsnarl, L50, M|\n|poke|p2|Ursaluna-Bloodmoon, L50, M|\n|poke|p2|Annihilape, L50, M|\n|poke|p2|Cresselia, L50, F|\n|teampreview|4\nTampico11 has agreed to open team sheets.\nTenken11 has agreed to open team sheets.\n|showteam|p1|Clefairy||Eviolite|FriendGuard|FollowMe,HealPulse,HelpingHand,Protect|||F|||50|,,,,,Dark]Cetitan||SitrusBerry|ThickFat|Liquidation,IceShard,BellyDrum,Protect|||F|||50|,,,,,Water]Kommo-o||ThroatSpray|Overcoat|ClangingScales,FlashCannon,ClangorousSoul,Protect|||M|||50|,,,,,Steel]Sinistcha-Masterpiece||WideLens|Hospitality|MatchaGotcha,StrengthSap,RagePowder,TrickRoom||||||50|,,,,,Fire]Landorus-Therian||ChoiceScarf|Intimidate|StompingTantrum,TeraBlast,RockSlide,Uturn|||M|||50|,,,,,Flying]Rillaboom||AssaultVest|GrassySurge|WoodHammer,GrassyGlide,Uturn,FakeOut|||M|||50|,,,,,Fire\n|showteam|p2|Iron Hands||AssaultVest|QuarkDrive|FakeOut,DrainPunch,WildCharge,HeavySlam||||||50|,,,,,Water]Amoonguss||MentalHerb|Regenerator|PollenPuff,ClearSmog,RagePowder,Spore|||M|||50|,,,,,Fire]Grimmsnarl||CovertCloak|Prankster|SpiritBreak,PartingShot,Reflect,LightScreen|||M|||50|,,,,,Water]Ursaluna-Bloodmoon||SilkScarf|MindsEye|HyperVoice,BloodMoon,EarthPower,Protect|||M|||50|,,,,,Grass]Annihilape||SitrusBerry|Defiant|DrainPunch,RageFist,BulkUp,Protect|||M|||50|,,,,,Fire]Cresselia||SafetyGoggles|Levitate|IceBeam,LunarBlessing,HelpingHand,TrickRoom|||F|||50|,,,,,Fire\n|inactive|Battle timer is ON: inactive players will automatically lose when time's up. (requested by Tampico11)\n|inactive|Tenken11 has 60 seconds left.\n|inactive|Tenken11 has 30 seconds left.\n|inactive|Tenken11 has 20 seconds left.\n|inactive|Tenken11 has 15 seconds left.\n|\n|t:|1700623745\n|start\n|switch|p1a: Rillaboom|Rillaboom, L50, M|100\/100\n|switch|p1b: Cetitan|Cetitan, L50, F|100\/100\n|switch|p2a: Anestesia|Amoonguss, L50, M, shiny|100\/100\n|switch|p2b: Cresselia|Cresselia, L50, F|100\/100\n|-fieldstart|move: Grassy Terrain|[from] ability: Grassy Surge|[of] p1a: Rillaboom\n|turn|1\n|inactive|Tenken11 has 30 seconds left.\n|\n|t:|1700623779\n|switch|p1b: Sinistcha|Sinistcha-Masterpiece, L50|100\/100\n|move|p1a: Rillaboom|Fake Out|p2b: Cresselia\n|-damage|p2b: Cresselia|91\/100\n|move|p2a: Anestesia|Spore|p1b: Sinistcha\n|-immune|p1b: Sinistcha\n|cant|p2b: Cresselia|flinch\n|\n|upkeep\n|turn|2\n|\n|t:|1700623802\n|move|p1a: Rillaboom|Wood Hammer|p2b: Cresselia\n|-damage|p2b: Cresselia|37\/100\n|-damage|p1a: Rillaboom|79\/100|[from] Recoil\n|move|p1b: Sinistcha|Matcha Gotcha|p2a: Anestesia|[spread] p2a,p2b\n|-resisted|p2a: Anestesia\n|-damage|p2a: Anestesia|95\/100\n|-damage|p2b: Cresselia|17\/100\n|-status|p2b: Cresselia|brn\n|move|p2b: Cresselia|Ice Beam|p1a: Rillaboom\n|-supereffective|p1a: Rillaboom\n|-damage|p1a: Rillaboom|53\/100\n|move|p2a: Anestesia|Pollen Puff|p1a: Rillaboom\n|-supereffective|p1a: Rillaboom\n|-damage|p1a: Rillaboom|22\/100\n|\n|-heal|p1a: Rillaboom|28\/100|[from] Grassy Terrain\n|-heal|p2a: Anestesia|100\/100|[from] Grassy Terrain\n|-damage|p2b: Cresselia|11\/100 brn|[from] brn\n|upkeep\n|turn|3\n|inactive|Tampico11 has 30 seconds left.\n|inactive|Tenken11 has 30 seconds left.\n|inactive|Tampico11 has 20 seconds left.\n|inactive|Tampico11 has 15 seconds left.\n|\n|t:|1700623842\n|move|p2b: Cresselia|Helping Hand|p2a: Anestesia\n|-singleturn|p2a: Anestesia|Helping Hand|[of] p2b: Cresselia\n|move|p1a: Rillaboom|U-turn|p2b: Cresselia\n|-supereffective|p2b: Cresselia\n|-damage|p2b: Cresselia|0 fnt\n|faint|p2b: Cresselia\n|\n|t:|1700623848\n|switch|p1a: Clefairy|Clefairy, L50, F|100\/100|[from] U-turn\n|move|p1b: Sinistcha|Matcha Gotcha|p2a: Anestesia\n|-resisted|p2a: Anestesia\n|-damage|p2a: Anestesia|92\/100\n|move|p2a: Anestesia|Pollen Puff|p1a: Clefairy\n|-resisted|p1a: Clefairy\n|-damage|p1a: Clefairy|88\/100\n|\n|-heal|p1a: Clefairy|94\/100|[from] Grassy Terrain\n|-heal|p2a: Anestesia|98\/100|[from] Grassy Terrain\n|upkeep\n|\n|t:|1700623868\n|switch|p2b: Ursaluna|Ursaluna-Bloodmoon, L50, M|100\/100\n|turn|4\n|inactive|Tenken11 has 30 seconds left.\n|\n|t:|1700623897\n|-terastallize|p2b: Ursaluna|Grass\n|move|p1a: Clefairy|Helping Hand|p1b: Sinistcha\n|-singleturn|p1b: Sinistcha|Helping Hand|[of] p1a: Clefairy\n|move|p1b: Sinistcha|Matcha Gotcha|p2a: Anestesia|[spread] p2a,p2b\n|-resisted|p2a: Anestesia\n|-resisted|p2b: Ursaluna\n|-damage|p2a: Anestesia|90\/100\n|-damage|p2b: Ursaluna|75\/100\n|move|p2b: Ursaluna|Hyper Voice|p1a: Clefairy|[spread] p1a,p1b\n|-crit|p1b: Sinistcha\n|-damage|p1a: Clefairy|54\/100\n|-damage|p1b: Sinistcha|43\/100\n|move|p2a: Anestesia|Spore|p1a: Clefairy\n|-status|p1a: Clefairy|slp|[from] move: Spore\n|\n|-heal|p1b: Sinistcha|49\/100|[from] Grassy Terrain\n|-heal|p1a: Clefairy|60\/100 slp|[from] Grassy Terrain\n|-heal|p2b: Ursaluna|81\/100|[from] Grassy Terrain\n|-heal|p2a: Anestesia|96\/100|[from] Grassy Terrain\n|upkeep\n|turn|5\n|inactive|Tampico11 has 30 seconds left.\n|inactive|Tampico11 has 20 seconds left.\n|\n|t:|1700623935\n|cant|p1a: Clefairy|slp\n|move|p1b: Sinistcha|Strength Sap|p2a: Anestesia\n|-unboost|p2a: Anestesia|atk|1\n|-heal|p1b: Sinistcha|95\/100\n|move|p2b: Ursaluna|Hyper Voice|p1b: Sinistcha|[spread] p1a,p1b\n|-damage|p1a: Clefairy|15\/100 slp\n|-damage|p1b: Sinistcha|63\/100\n|move|p2a: Anestesia|Pollen Puff|p2b: Ursaluna\n|-heal|p2b: Ursaluna|100\/100\n|\n|-heal|p1b: Sinistcha|69\/100|[from] Grassy Terrain\n|-heal|p1a: Clefairy|21\/100 slp|[from] Grassy Terrain\n|-heal|p2a: Anestesia|100\/100|[from] Grassy Terrain\n|-fieldend|move: Grassy Terrain\n|upkeep\n|turn|6\n|inactive|Tenken11 has 30 seconds left.\n|\n|t:|1700623960\n|move|p1b: Sinistcha|Strength Sap|p2b: Ursaluna\n|-unboost|p2b: Ursaluna|atk|1\n|-heal|p1b: Sinistcha|100\/100\n|-curestatus|p1a: Clefairy|slp|[msg]\n|move|p1a: Clefairy|Heal Pulse|p1b: Sinistcha\n|-fail|p1b: Sinistcha|heal\n|move|p2b: Ursaluna|Blood Moon|p1b: Sinistcha\n|-damage|p1b: Sinistcha|27\/100\n|move|p2a: Anestesia|Clear Smog|p1a: Clefairy\n|-supereffective|p1a: Clefairy\n|-damage|p1a: Clefairy|0 fnt\n|-clearboost|p1a: Clefairy\n|faint|p1a: Clefairy\n|\n|upkeep\n|\n|t:|1700623984\n|switch|p1a: Rillaboom|Rillaboom, L50, M|28\/100\n|-fieldstart|move: Grassy Terrain|[from] ability: Grassy Surge|[of] p1a: Rillaboom\n|turn|7\n|\n|t:|1700624009\n|move|p1a: Rillaboom|Fake Out|p2b: Ursaluna\n|-damage|p2b: Ursaluna|90\/100\n|move|p1b: Sinistcha|Strength Sap|p2a: Anestesia\n|-unboost|p2a: Anestesia|atk|1\n|-heal|p1b: Sinistcha|58\/100\n|cant|p2b: Ursaluna|flinch\n|move|p2a: Anestesia|Spore|p1b: Sinistcha\n|-immune|p1b: Sinistcha\n|\n|-heal|p1a: Rillaboom|34\/100|[from] Grassy Terrain\n|-heal|p1b: Sinistcha|64\/100|[from] Grassy Terrain\n|-heal|p2b: Ursaluna|96\/100|[from] Grassy Terrain\n|upkeep\n|turn|8\n|\n|t:|1700624026\n|move|p1a: Rillaboom|U-turn|p2b: Ursaluna\n|-supereffective|p2b: Ursaluna\n|-damage|p2b: Ursaluna|56\/100\n|\n|t:|1700624029\n|switch|p1a: Cetitan|Cetitan, L50, F|100\/100|[from] U-turn\n|move|p1b: Sinistcha|Matcha Gotcha|p2a: Anestesia|[spread] p2a,p2b\n|-resisted|p2a: Anestesia\n|-resisted|p2b: Ursaluna\n|-damage|p2a: Anestesia|94\/100\n|-heal|p1b: Sinistcha|68\/100|[from] drain|[of] p2a: Anestesia\n|-damage|p2b: Ursaluna|40\/100\n|-heal|p1b: Sinistcha|78\/100|[from] drain|[of] p2b: Ursaluna\n|move|p2b: Ursaluna|Hyper Voice|p1a: Cetitan|[spread] p1a,p1b\n|-damage|p1a: Cetitan|59\/100\n|-damage|p1b: Sinistcha|31\/100\n|move|p2a: Anestesia|Pollen Puff|p2b: Ursaluna\n|-heal|p2b: Ursaluna|90\/100\n|\n|-heal|p1a: Cetitan|65\/100|[from] Grassy Terrain\n|-heal|p1b: Sinistcha|37\/100|[from] Grassy Terrain\n|-heal|p2b: Ursaluna|95\/100|[from] Grassy Terrain\n|-heal|p2a: Anestesia|99\/100|[from] Grassy Terrain\n|upkeep\n|turn|9\n|inactive|Tenken11 has 30 seconds left.\n|inactive|Tampico11 has 30 seconds left.\n|inactive|Tampico11 has 20 seconds left.\n|inactive|Tenken11 has 20 seconds left.\n|inactive|Tenken11 has 15 seconds left.\n|inactive|Tenken11 has 10 seconds left.\n|inactive|Tenken11 has 5 seconds left.\n|\n|t:|1700624085\n|switch|p1b: Rillaboom|Rillaboom, L50, M|34\/100\n|move|p1a: Cetitan|Protect|p1a: Cetitan\n|-singleturn|p1a: Cetitan|Protect\n|move|p2b: Ursaluna|Hyper Voice|p1b: Rillaboom|[spread] p1b\n|-activate|p1a: Cetitan|move: Protect\n|-damage|p1b: Rillaboom|0 fnt\n|faint|p1b: Rillaboom\n|move|p2a: Anestesia|Spore|p1a: Cetitan\n|-activate|p1a: Cetitan|move: Protect\n|\n|-heal|p1a: Cetitan|71\/100|[from] Grassy Terrain\n|-heal|p2b: Ursaluna|100\/100|[from] Grassy Terrain\n|-heal|p2a: Anestesia|100\/100|[from] Grassy Terrain\n|upkeep\n|\n|t:|1700624094\n|switch|p1b: Sinistcha|Sinistcha-Masterpiece, L50|37\/100\n|-heal|p1a: Cetitan|96\/100|[from] ability: Hospitality|[of] p1b: Sinistcha\n|turn|10\n|inactive|Tenken11 has 30 seconds left.\n|\n|t:|1700624121\n|move|p1a: Cetitan|Ice Shard|p2b: Ursaluna\n|-supereffective|p2b: Ursaluna\n|-damage|p2b: Ursaluna|70\/100\n|move|p1b: Sinistcha|Matcha Gotcha|p2b: Ursaluna|[spread] p2a,p2b\n|-resisted|p2a: Anestesia\n|-resisted|p2b: Ursaluna\n|-damage|p2a: Anestesia|95\/100\n|-heal|p1b: Sinistcha|41\/100|[from] drain|[of] p2a: Anestesia\n|-damage|p2b: Ursaluna|54\/100\n|-heal|p1b: Sinistcha|51\/100|[from] drain|[of] p2b: Ursaluna\n|-status|p2b: Ursaluna|brn\n|move|p2b: Ursaluna|Blood Moon|p1a: Cetitan\n|-damage|p1a: Cetitan|11\/100\n|-enditem|p1a: Cetitan|Sitrus Berry|[eat]\n|-heal|p1a: Cetitan|36\/100|[from] item: Sitrus Berry\n|move|p2a: Anestesia|Spore|p1a: Cetitan\n|-status|p1a: Cetitan|slp|[from] move: Spore\n|\n|-heal|p1a: Cetitan|42\/100 slp|[from] Grassy Terrain\n|-heal|p1b: Sinistcha|57\/100|[from] Grassy Terrain\n|-heal|p2b: Ursaluna|60\/100 brn|[from] Grassy Terrain\n|-heal|p2a: Anestesia|100\/100|[from] Grassy Terrain\n|-damage|p2b: Ursaluna|54\/100 brn|[from] brn\n|upkeep\n|turn|11\n|\n|t:|1700624142\n|cant|p1a: Cetitan|slp\n|move|p1b: Sinistcha|Matcha Gotcha|p2b: Ursaluna|[spread] p2a,p2b\n|-resisted|p2a: Anestesia\n|-resisted|p2b: Ursaluna\n|-damage|p2a: Anestesia|95\/100\n|-heal|p1b: Sinistcha|61\/100|[from] drain|[of] p2a: Anestesia\n|-damage|p2b: Ursaluna|37\/100 brn\n|-heal|p1b: Sinistcha|72\/100|[from] drain|[of] p2b: Ursaluna\n|move|p2b: Ursaluna|Hyper Voice|p1a: Cetitan|[spread] p1a,p1b\n|-damage|p1a: Cetitan|0 fnt\n|-damage|p1b: Sinistcha|24\/100\n|faint|p1a: Cetitan\n|move|p2a: Anestesia|Pollen Puff|p2b: Ursaluna\n|-heal|p2b: Ursaluna|87\/100 brn\n|\n|-heal|p1b: Sinistcha|30\/100|[from] Grassy Terrain\n|-heal|p2b: Ursaluna|93\/100 brn|[from] Grassy Terrain\n|-heal|p2a: Anestesia|100\/100|[from] Grassy Terrain\n|-damage|p2b: Ursaluna|87\/100 brn|[from] brn\n|-fieldend|move: Grassy Terrain\n|upkeep\n|turn|12\n|-message|Tenken11 forfeited.\n|\n|win|Tampico11\n|c|&|\/uhtml prompt-tenken11,Tenken11 is ready for game 2!\n|inactive|Tampico11 has 50 seconds to confirm battle start!\n|c|&|\/uhtml prompt-tampico11,Tampico11 is ready for game 2!\nBoth players are ready! Starting next match!\n","uploadtime":1700624173,"views":5,"p1id":"tenken11","p2id":"tampico11","formatid":"gen9vgc2023regulatione","rating":0,"private":0,"password":""}