{"id":"gen9vgc2023regulatione-1990843333","p1":"TonkyB","p2":"Harry_Styles2","format":"[Gen 9] VGC 2023 Regulation E","log":"|j|\u2606TonkyB\n|j|\u2606Harry_Styles2\n|t:|1700006663\n|gametype|doubles\n|player|p1|TonkyB|170|1396\n|player|p2|Harry_Styles2|170|1369\n|teamsize|p1|6\n|teamsize|p2|6\n|gen|9\n|tier|[Gen 9] VGC 2023 Regulation E\n|rated|\n|rule|Species Clause: Limit one of each Pok\u00e9mon\n|rule|Item Clause: Limit one of each item\n|clearpoke\n|poke|p1|Weezing-Galar, L50, F|\n|poke|p1|Torkoal, L50, M|\n|poke|p1|Cresselia, L50, F|\n|poke|p1|Chi-Yu, L50|\n|poke|p1|Slaking, L50, F|\n|poke|p1|Flutter Mane, L50|\n|poke|p2|Lycanroc, L50, F|\n|poke|p2|Tyranitar, L50, F|\n|poke|p2|Roaring Moon, L50|\n|poke|p2|Amoonguss, L50, M|\n|poke|p2|Gothitelle, L50, F|\n|poke|p2|Iron Bundle, L50|\n|teampreview|4\n|inactive|Battle timer is ON: inactive players will automatically lose when time's up. (requested by Harry_Styles2)\n|inactive|TonkyB has 60 seconds left.\n|inactive|Harry_Styles2 has 60 seconds left.\n|inactive|Harry_Styles2 has 30 seconds left.\n|inactive|Harry_Styles2 has 20 seconds left.\n|inactive|Harry_Styles2 has 15 seconds left.\n|\n|t:|1700006739\n|start\n|switch|p1a: Weezing|Weezing-Galar, L50, F|100\/100\n|switch|p1b: Slaking|Slaking, L50, F|100\/100\n|switch|p2a: Gothitelle|Gothitelle, L50, F|100\/100\n|switch|p2b: Roaring Moon|Roaring Moon, L50|100\/100\n|-ability|p1a: Weezing|Neutralizing Gas\n|turn|1\n|\n|t:|1700006753\n|-terastallize|p2b: Roaring Moon|Ground\n|move|p2a: Gothitelle|Fake Out|p1b: Slaking\n|-damage|p1b: Slaking|97\/100\n|-damage|p2a: Gothitelle|84\/100|[from] item: Rocky Helmet|[of] p1b: Slaking\n|move|p2b: Roaring Moon|Stomping Tantrum|p1a: Weezing\n|-supereffective|p1a: Weezing\n|-damage|p1a: Weezing|40\/100\n|cant|p1b: Slaking|flinch\n|move|p1a: Weezing|Substitute|p1a: Weezing\n|-start|p1a: Weezing|Substitute\n|-damage|p1a: Weezing|15\/100\n|\n|-heal|p1a: Weezing|21\/100|[from] item: Leftovers\n|upkeep\n|turn|2\n|inactive|Harry_Styles2 has 30 seconds left.\n|\n|t:|1700006781\n|move|p2b: Roaring Moon|Protect|p2b: Roaring Moon\n|-singleturn|p2b: Roaring Moon|Protect\n|move|p1a: Weezing|Protect|p1a: Weezing\n|-singleturn|p1a: Weezing|Protect\n|move|p1b: Slaking|Bulk Up|p1b: Slaking\n|-boost|p1b: Slaking|atk|1\n|-boost|p1b: Slaking|def|1\n|move|p2a: Gothitelle|Psyshock|p1a: Weezing\n|-activate|p1a: Weezing|move: Protect\n|\n|-heal|p1a: Weezing|27\/100|[from] item: Leftovers\n|upkeep\n|turn|3\n|inactive|TonkyB has 30 seconds left.\n|inactive|TonkyB has 20 seconds left.\n|inactive|TonkyB has 15 seconds left.\n|inactive|TonkyB has 10 seconds left.\n|\n|t:|1700006827\n|move|p2b: Roaring Moon|Stomping Tantrum|p1a: Weezing\n|-supereffective|p1a: Weezing\n|-end|p1a: Weezing|Substitute\n|move|p1b: Slaking|Bulk Up|p1b: Slaking\n|-boost|p1b: Slaking|atk|1\n|-boost|p1b: Slaking|def|1\n|move|p2a: Gothitelle|Psyshock|p1a: Weezing\n|-supereffective|p1a: Weezing\n|-damage|p1a: Weezing|0 fnt\n|faint|p1a: Weezing\n|-end|p1a: Weezing|ability: Neutralizing Gas\n|\n|upkeep\n|\n|t:|1700006837\n|switch|p1a: Cresselia|Cresselia, L50, F|100\/100\n|turn|4\n|\n|t:|1700006854\n|move|p2b: Roaring Moon|Protect|p2b: Roaring Moon\n|-singleturn|p2b: Roaring Moon|Protect\n|move|p2a: Gothitelle|Protect|p2a: Gothitelle\n|-singleturn|p2a: Gothitelle|Protect\n|cant|p1b: Slaking|ability: Truant\n|move|p1a: Cresselia|Ice Beam|p2b: Roaring Moon\n|-activate|p2b: Roaring Moon|move: Protect\n|\n|upkeep\n|turn|5\n|\n|t:|1700006873\n|-end|p2b: Roaring Moon|Protosynthesis|[silent]\n|switch|p2b: Lycanroc|Lycanroc, L50, F, shiny|100\/100\n|move|p2a: Gothitelle|Protect||[still]\n|-fail|p2a: Gothitelle\n|move|p1b: Slaking|Sucker Punch||[still]\n|-fail|p1b: Slaking\n|move|p1a: Cresselia|Ice Beam|p2b: Lycanroc\n|-damage|p2b: Lycanroc|67\/100\n|\n|upkeep\n|turn|6\n|\n|t:|1700006893\n|move|p2b: Lycanroc|Endeavor|p1b: Slaking\n|-damage|p1b: Slaking|36\/100\n|-damage|p2b: Lycanroc|51\/100|[from] item: Rocky Helmet|[of] p1b: Slaking\n|cant|p1b: Slaking|ability: Truant\n|move|p2a: Gothitelle|Taunt|p1b: Slaking\n|-start|p1b: Slaking|move: Taunt\n|move|p1a: Cresselia|Psychic|p2b: Lycanroc\n|-damage|p2b: Lycanroc|0 fnt\n|faint|p2b: Lycanroc\n|\n|upkeep\n|\n|t:|1700006904\n|switch|p2b: Roaring Moon|Roaring Moon, L50, tera:Ground|100\/100\n|turn|7\n|\n|t:|1700006914\n|move|p2b: Roaring Moon|Protect|p2b: Roaring Moon\n|-singleturn|p2b: Roaring Moon|Protect\n|move|p2a: Gothitelle|Protect|p2a: Gothitelle\n|-singleturn|p2a: Gothitelle|Protect\n|move|p1b: Slaking|Drain Punch|p2b: Roaring Moon\n|-activate|p2b: Roaring Moon|move: Protect\n|move|p1a: Cresselia|Ice Beam|p2b: Roaring Moon\n|-activate|p2b: Roaring Moon|move: Protect\n|\n|upkeep\n|turn|8\n|\n|t:|1700006931\n|cant|p1b: Slaking|ability: Truant\n|move|p2b: Roaring Moon|Stomping Tantrum|p1b: Slaking\n|-damage|p1b: Slaking|20\/100\n|-damage|p2b: Roaring Moon|84\/100|[from] item: Rocky Helmet|[of] p1b: Slaking\n|move|p2a: Gothitelle|Psyshock|p1b: Slaking\n|-damage|p1b: Slaking|12\/100\n|move|p1a: Cresselia|Ice Beam|p2b: Roaring Moon\n|-supereffective|p2b: Roaring Moon\n|-damage|p2b: Roaring Moon|50\/100\n|-status|p2b: Roaring Moon|frz\n|\n|upkeep\n|turn|9\n|\n|t:|1700006951\n|move|p2a: Gothitelle|Protect|p2a: Gothitelle\n|-singleturn|p2a: Gothitelle|Protect\n|move|p1b: Slaking|Sucker Punch||[still]\n|-fail|p1b: Slaking\n|-curestatus|p2b: Roaring Moon|frz|[msg]\n|move|p2b: Roaring Moon|Knock Off|p1b: Slaking\n|-damage|p1b: Slaking|0 fnt\n|-damage|p2b: Roaring Moon|34\/100|[from] item: Rocky Helmet|[of] p1b: Slaking\n|-enditem|p1b: Slaking|Rocky Helmet|[from] move: Knock Off|[of] p2b: Roaring Moon\n|faint|p1b: Slaking\n|move|p1a: Cresselia|Ice Beam|p2b: Roaring Moon\n|-supereffective|p2b: Roaring Moon\n|-damage|p2b: Roaring Moon|0 fnt\n|faint|p2b: Roaring Moon\n|-end|p2b: Roaring Moon|Protosynthesis|[silent]\n|\n|upkeep\n|\n|t:|1700006965\n|switch|p2b: Tyranitar|Tyranitar, L50, F|100\/100\n|switch|p1b: Flutter Mane|Flutter Mane, L50|100\/100\n|-weather|Sandstorm|[from] ability: Sand Stream|[of] p2b: Tyranitar\n|turn|10\n|\n|t:|1700006987\n|move|p1b: Flutter Mane|Dazzling Gleam|p2b: Tyranitar|[spread] p2a,p2b\n|-supereffective|p2b: Tyranitar\n|-damage|p2a: Gothitelle|33\/100\n|-damage|p2b: Tyranitar|60\/100\n|-enditem|p2a: Gothitelle|Sitrus Berry|[eat]\n|-heal|p2a: Gothitelle|58\/100|[from] item: Sitrus Berry\n|move|p2a: Gothitelle|Psyshock|p1b: Flutter Mane\n|-damage|p1b: Flutter Mane|43\/100\n|move|p2b: Tyranitar|Rock Slide|p1a: Cresselia|[spread] p1a,p1b\n|-damage|p1a: Cresselia|81\/100\n|-damage|p1b: Flutter Mane|0 fnt\n|faint|p1b: Flutter Mane\n|-end|p1b: Flutter Mane|Protosynthesis|[silent]\n|move|p1a: Cresselia|Lunar Blessing|p1a: Cresselia\n|-heal|p1a: Cresselia|100\/100\n|\n|-weather|Sandstorm|[upkeep]\n|-damage|p2a: Gothitelle|52\/100|[from] Sandstorm\n|-damage|p1a: Cresselia|94\/100|[from] Sandstorm\n|upkeep\n|turn|11\n|\n|t:|1700007007\n|-terastallize|p1a: Cresselia|Dark\n|move|p2a: Gothitelle|Psyshock|p1a: Cresselia\n|-immune|p1a: Cresselia\n|move|p2b: Tyranitar|Knock Off|p1a: Cresselia\n|-resisted|p1a: Cresselia\n|-damage|p1a: Cresselia|76\/100\n|-enditem|p1a: Cresselia|Covert Cloak|[from] move: Knock Off|[of] p2b: Tyranitar\n|move|p1a: Cresselia|Ice Beam|p2b: Tyranitar\n|-damage|p2b: Tyranitar|53\/100\n|\n|-weather|Sandstorm|[upkeep]\n|-damage|p2a: Gothitelle|46\/100|[from] Sandstorm\n|-damage|p1a: Cresselia|70\/100|[from] Sandstorm\n|upkeep\n|turn|12\n|\n|t:|1700007026\n|move|p2a: Gothitelle|Taunt|p1a: Cresselia\n|-start|p1a: Cresselia|move: Taunt\n|move|p2b: Tyranitar|Rock Slide|p1a: Cresselia|[miss]\n|-miss|p2b: Tyranitar|p1a: Cresselia\n|move|p1a: Cresselia|Ice Beam|p2b: Tyranitar\n|-damage|p2b: Tyranitar|45\/100\n|\n|-weather|Sandstorm|[upkeep]\n|-damage|p2a: Gothitelle|39\/100|[from] Sandstorm\n|-damage|p1a: Cresselia|64\/100|[from] Sandstorm\n|upkeep\n|turn|13\n|\n|t:|1700007042\n|move|p2a: Gothitelle|Taunt||[still]\n|-fail|p2a: Gothitelle\n|move|p2b: Tyranitar|Rock Slide|p1a: Cresselia\n|-damage|p1a: Cresselia|36\/100\n|move|p1a: Cresselia|Ice Beam|p2b: Tyranitar\n|-crit|p2b: Tyranitar\n|-damage|p2b: Tyranitar|35\/100\n|\n|-weather|Sandstorm|[upkeep]\n|-damage|p2a: Gothitelle|33\/100|[from] Sandstorm\n|-damage|p1a: Cresselia|30\/100|[from] Sandstorm\n|upkeep\n|turn|14\n|\n|t:|1700007053\n|move|p2a: Gothitelle|Taunt||[still]\n|-fail|p2a: Gothitelle\n|move|p2b: Tyranitar|Low Kick|p1a: Cresselia\n|-supereffective|p1a: Cresselia\n|-damage|p1a: Cresselia|0 fnt\n|faint|p1a: Cresselia\n|\n|win|Harry_Styles2\n|raw|TonkyB's rating: 1396 &rarr; <strong>1374<\/strong><br \/>(-22 for losing)\n|raw|Harry_Styles2's rating: 1369 &rarr; <strong>1391<\/strong><br \/>(+22 for winning)\n","uploadtime":1700007060,"views":10,"p1id":"tonkyb","p2id":"harrystyles2","formatid":"gen9vgc2023regulatione","rating":1374,"private":0,"password":""}