{"id":"gen9vgc2023regulatione-1991159121","p1":"Garando","p2":"Devlisted","format":"[Gen 9] VGC 2023 Regulation E","log":"|j|\u2606Garando\n|j|\u2606Devlisted\n|t:|1700051660\n|gametype|doubles\n|player|p1|Garando|1|\n|player|p2|Devlisted|170|\n|teamsize|p1|6\n|teamsize|p2|6\n|gen|9\n|tier|[Gen 9] VGC 2023 Regulation E\n|rule|Species Clause: Limit one of each Pok\u00e9mon\n|rule|Item Clause: Limit one of each item\n|clearpoke\n|poke|p1|Tatsugiri, L50, M|\n|poke|p1|Clefairy, L50, F|\n|poke|p1|Urshifu-*, L50, M|\n|poke|p1|Sinistcha, L50|\n|poke|p1|Ceruledge, L50, F|\n|poke|p1|Tornadus, L50, M|\n|poke|p2|Moltres-Galar, L50|\n|poke|p2|Arcanine-Hisui, L50, F|\n|poke|p2|Munkidori, L50, M|\n|poke|p2|Sinistcha, L50|\n|poke|p2|Grimmsnarl, L50, M|\n|poke|p2|Milotic, L50, F|\n|teampreview|4\n|\n|t:|1700051701\n|start\n|switch|p1a: Tornadus|Tornadus, L50, M|100\/100\n|switch|p1b: Clefairy|Clefairy, L50, F|100\/100\n|switch|p2a: Munkidori|Munkidori, L50, M|100\/100\n|switch|p2b: Moltres|Moltres-Galar, L50|100\/100\n|-item|p1a: Tornadus|Wacan Berry|[from] ability: Frisk|[of] p2a: Munkidori|[identify]\n|-item|p1b: Clefairy|Eviolite|[from] ability: Frisk|[of] p2a: Munkidori|[identify]\n|turn|1\n|j| Daehkcarc420\n|\n|t:|1700051733\n|move|p2a: Munkidori|Fake Out|p1a: Tornadus\n|-damage|p1a: Tornadus|94\/100\n|cant|p1a: Tornadus|flinch\n|move|p2b: Moltres|Nasty Plot|p2b: Moltres\n|-boost|p2b: Moltres|spa|2\n|move|p1b: Clefairy|Light Screen|p1b: Clefairy\n|-sidestart|p1: Garando|move: Light Screen\n|\n|upkeep\n|turn|2\n|\n|t:|1700051766\n|move|p1a: Tornadus|Tailwind|p1a: Tornadus\n|-sidestart|p1: Garando|move: Tailwind\n|move|p2a: Munkidori|Sludge Bomb|p1b: Clefairy\n|-supereffective|p1b: Clefairy\n|-damage|p1b: Clefairy|62\/100\n|move|p2b: Moltres|Air Slash|p1b: Clefairy\n|-damage|p1b: Clefairy|30\/100\n|cant|p1b: Clefairy|flinch\n|\n|upkeep\n|turn|3\n|\n|t:|1700051806\n|switch|p1a: Tatsugiri|Tatsugiri, L50, M|100\/100\n|move|p2a: Munkidori|Sludge Bomb|p1b: Clefairy\n|-supereffective|p1b: Clefairy\n|-damage|p1b: Clefairy|0 fnt\n|faint|p1b: Clefairy\n|move|p2b: Moltres|Fiery Wrath|p1a: Tatsugiri\n|-damage|p1a: Tatsugiri|38\/100\n|-enditem|p1a: Tatsugiri|Sitrus Berry|[eat]\n|-heal|p1a: Tatsugiri|62\/100|[from] item: Sitrus Berry\n|\n|upkeep\n|\n|t:|1700051820\n|switch|p1b: Tornadus|Tornadus, L50, M|94\/100\n|turn|4\n|\n|t:|1700051837\n|-terastallize|p1a: Tatsugiri|Steel\n|move|p1b: Tornadus|Rain Dance|p1b: Tornadus\n|-weather|RainDance\n|move|p1a: Tatsugiri|Dragon Dance|p1a: Tatsugiri\n|-boost|p1a: Tatsugiri|atk|1\n|-boost|p1a: Tatsugiri|spe|1\n|move|p2a: Munkidori|Sludge Bomb|p1b: Tornadus\n|-damage|p1b: Tornadus|69\/100\n|-status|p1b: Tornadus|psn\n|move|p2b: Moltres|Fiery Wrath|p1b: Tornadus|[spread] p1a,p1b\n|-damage|p1a: Tatsugiri|20\/100\n|-damage|p1b: Tornadus|34\/100 psn\n|\n|-weather|RainDance|[upkeep]\n|-damage|p1b: Tornadus|21\/100 psn|[from] psn\n|upkeep\n|turn|5\n|\n|t:|1700051867\n|move|p1a: Tatsugiri|Baton Pass|p1a: Tatsugiri\n|\n|t:|1700051870\n|switch|p1a: Urshifu|Urshifu-Rapid-Strike, L50, M|100\/100|[from] Baton Pass\n|move|p1b: Tornadus|Bleakwind Storm|p2a: Munkidori|[spread] p2a,p2b\n|-damage|p2a: Munkidori|60\/100\n|-damage|p2b: Moltres|77\/100\n|move|p2a: Munkidori|Parting Shot|p1a: Urshifu\n|-unboost|p1a: Urshifu|atk|1\n|-unboost|p1a: Urshifu|spa|1\n|\n|t:|1700051885\n|switch|p2a: Sinistcha|Sinistcha, L50|100\/100|[from] Parting Shot\n|-heal|p2b: Moltres|100\/100|[from] ability: Hospitality|[of] p2a: Sinistcha\n|move|p2b: Moltres|Fiery Wrath|p1a: Urshifu|[spread] p1a,p1b\n|-resisted|p1a: Urshifu\n|-damage|p1a: Urshifu|66\/100\n|-damage|p1b: Tornadus|0 fnt\n|faint|p1b: Tornadus\n|\n|-weather|RainDance|[upkeep]\n|-sideend|p1: Garando|move: Light Screen\n|-sideend|p1: Garando|move: Tailwind\n|upkeep\n|\n|t:|1700051895\n|switch|p1b: Tatsugiri|Tatsugiri, L50, M, tera:Steel|20\/100\n|turn|6\n|\n|t:|1700051909\n|move|p1b: Tatsugiri|Helping Hand|p1a: Urshifu\n|-singleturn|p1a: Urshifu|Helping Hand|[of] p1b: Tatsugiri\n|move|p2a: Sinistcha|Rage Powder|p2a: Sinistcha\n|-singleturn|p2a: Sinistcha|move: Rage Powder\n|move|p1a: Urshifu|Surging Strikes|p2a: Sinistcha\n|-resisted|p2a: Sinistcha\n|-crit|p2a: Sinistcha\n|-damage|p2a: Sinistcha|71\/100\n|-damage|p1a: Urshifu|50\/100|[from] item: Rocky Helmet|[of] p2a: Sinistcha\n|-resisted|p2a: Sinistcha\n|-crit|p2a: Sinistcha\n|-damage|p2a: Sinistcha|43\/100\n|-damage|p1a: Urshifu|33\/100|[from] item: Rocky Helmet|[of] p2a: Sinistcha\n|-resisted|p2a: Sinistcha\n|-crit|p2a: Sinistcha\n|-damage|p2a: Sinistcha|15\/100\n|-damage|p1a: Urshifu|17\/100|[from] item: Rocky Helmet|[of] p2a: Sinistcha\n|-hitcount|p2a: Sinistcha|3\n|-damage|p1a: Urshifu|7\/100|[from] item: Life Orb\n|move|p2b: Moltres|Fiery Wrath|p1a: Urshifu|[spread] p1a,p1b\n|-resisted|p1a: Urshifu\n|-damage|p1a: Urshifu|0 fnt\n|-damage|p1b: Tatsugiri|0 fnt\n|faint|p1a: Urshifu\n|faint|p1b: Tatsugiri\n|\n|win|Devlisted\n|l|\u2606Garando\n","uploadtime":1700051932,"views":8,"p1id":"garando","p2id":"devlisted","formatid":"gen9vgc2023regulatione","rating":0,"private":0,"password":""}