{"id":"gen9vgc2023regulatione-1993087265","p1":"Losingwithbadteam","p2":"Reckless Waif","format":"[Gen 9] VGC 2023 Regulation E","log":"|j|\u2606Losingwithbadteam\n|j|\u2606Reckless Waif\n|t:|1700263254\n|gametype|doubles\n|player|p1|Losingwithbadteam|170|1155\n|player|p2|Reckless Waif|101|1152\n|teamsize|p1|6\n|teamsize|p2|6\n|gen|9\n|tier|[Gen 9] VGC 2023 Regulation E\n|rated|\n|rule|Species Clause: Limit one of each Pok\u00e9mon\n|rule|Item Clause: Limit one of each item\n|clearpoke\n|poke|p1|Tornadus, L50, M|\n|poke|p1|Iron Valiant, L50|\n|poke|p1|Regieleki, L50|\n|poke|p1|Ogerpon-Hearthflame, L50, F|\n|poke|p1|Iron Hands, L50|\n|poke|p1|Rillaboom, L50, F|\n|poke|p2|Lurantis, L50, F|\n|poke|p2|Clefairy, L50, F|\n|poke|p2|Landorus-Therian, L50, M|\n|poke|p2|Heatran, L50, M|\n|poke|p2|Farigiraf, L50, F|\n|poke|p2|Iron Hands, L50|\n|teampreview|4\n|inactive|Battle timer is ON: inactive players will automatically lose when time's up. (requested by Losingwithbadteam)\n|inactive|Reckless Waif has 60 seconds left.\n|\n|t:|1700263303\n|start\n|switch|p1a: Regieleki|Regieleki, L50|100\/100\n|switch|p1b: Iron Valiant|Iron Valiant, L50|100\/100\n|switch|p2a: Landorus|Landorus-Therian, L50, M|100\/100\n|switch|p2b: Iron Hands|Iron Hands, L50|100\/100\n|-ability|p2a: Landorus|Intimidate|boost\n|-unboost|p1a: Regieleki|atk|1\n|-unboost|p1b: Iron Valiant|atk|1\n|-enditem|p1b: Iron Valiant|Booster Energy\n|-activate|p1b: Iron Valiant|ability: Quark Drive|[fromitem]\n|-start|p1b: Iron Valiant|quarkdrivespe\n|turn|1\n|\n|t:|1700263327\n|switch|p1a: Rillaboom|Rillaboom, L50, F|100\/100\n|-fieldstart|move: Grassy Terrain|[from] ability: Grassy Surge|[of] p1a: Rillaboom\n|-terastallize|p2a: Landorus|Flying\n|move|p2b: Iron Hands|Fake Out|p1a: Rillaboom\n|-damage|p1a: Rillaboom|84\/100\n|move|p1b: Iron Valiant|Calm Mind|p1b: Iron Valiant\n|-boost|p1b: Iron Valiant|spa|1\n|-boost|p1b: Iron Valiant|spd|1\n|move|p2a: Landorus|Tera Blast|p1b: Iron Valiant|[anim] Tera Blast Flying\n|-supereffective|p1b: Iron Valiant\n|-damage|p1b: Iron Valiant|0 fnt\n|faint|p1b: Iron Valiant\n|-end|p1b: Iron Valiant|Quark Drive|[silent]\n|\n|-heal|p1a: Rillaboom|90\/100|[from] Grassy Terrain\n|upkeep\n|\n|t:|1700263338\n|switch|p1b: Regieleki|Regieleki, L50|100\/100\n|turn|2\n|\n|t:|1700263353\n|switch|p2a: Farigiraf|Farigiraf, L50, F|100\/100\n|move|p1a: Rillaboom|Fake Out||[still]\n|cant|p2a: Farigiraf|ability: Armor Tail|Fake Out|[of] p1a: Rillaboom\n|move|p1b: Regieleki|Thunderbolt|p2a: Farigiraf\n|-damage|p2a: Farigiraf|58\/100\n|move|p2b: Iron Hands|Drain Punch|p1b: Regieleki\n|-damage|p1b: Regieleki|22\/100\n|\n|-heal|p1b: Regieleki|27\/100|[from] Grassy Terrain\n|-heal|p1a: Rillaboom|96\/100|[from] Grassy Terrain\n|-heal|p2a: Farigiraf|64\/100|[from] Grassy Terrain\n|upkeep\n|turn|3\n|inactive|Reckless Waif has 30 seconds left.\n|\n|t:|1700263385\n|-terastallize|p1b: Regieleki|Ghost\n|move|p2a: Farigiraf|Protect|p2a: Farigiraf\n|-singleturn|p2a: Farigiraf|Protect\n|move|p1b: Regieleki|Thunderbolt|p2a: Farigiraf\n|-activate|p2a: Farigiraf|move: Protect\n|move|p1a: Rillaboom|Knock Off|p2a: Farigiraf\n|-activate|p2a: Farigiraf|move: Protect\n|move|p2b: Iron Hands|Drain Punch|p1b: Regieleki\n|-immune|p1b: Regieleki\n|\n|-heal|p1b: Regieleki|33\/100|[from] Grassy Terrain\n|-heal|p1a: Rillaboom|100\/100|[from] Grassy Terrain\n|-heal|p2a: Farigiraf|71\/100|[from] Grassy Terrain\n|upkeep\n|turn|4\n|inactive|Reckless Waif has 30 seconds left.\n|\n|t:|1700263411\n|switch|p1b: Iron Hands|Iron Hands, L50|100\/100\n|move|p1a: Rillaboom|Knock Off|p2a: Farigiraf\n|-supereffective|p2a: Farigiraf\n|-damage|p2a: Farigiraf|4\/100\n|-enditem|p2a: Farigiraf|Aguav Berry|[from] move: Knock Off|[of] p1a: Rillaboom\n|move|p2b: Iron Hands|Wild Charge|p1b: Iron Hands\n|-resisted|p1b: Iron Hands\n|-damage|p1b: Iron Hands|81\/100\n|-damage|p2b: Iron Hands|96\/100|[from] Recoil\n|move|p2a: Farigiraf|Trick Room|p2a: Farigiraf\n|-fieldstart|move: Trick Room|[of] p2a: Farigiraf\n|\n|-heal|p2b: Iron Hands|100\/100|[from] Grassy Terrain\n|-heal|p2a: Farigiraf|10\/100|[from] Grassy Terrain\n|-heal|p1b: Iron Hands|87\/100|[from] Grassy Terrain\n|upkeep\n|turn|5\n|inactive|Reckless Waif has 30 seconds left.\n|inactive|Reckless Waif has 20 seconds left.\n|\n|t:|1700263450\n|move|p2b: Iron Hands|Drain Punch|p1a: Rillaboom\n|-damage|p1a: Rillaboom|59\/100\n|move|p2a: Farigiraf|Psychic|p1b: Iron Hands\n|-supereffective|p1b: Iron Hands\n|-damage|p1b: Iron Hands|37\/100\n|move|p1b: Iron Hands|Swords Dance|p1b: Iron Hands\n|-boost|p1b: Iron Hands|atk|2\n|move|p1a: Rillaboom|U-turn|p2a: Farigiraf\n|-supereffective|p2a: Farigiraf\n|-damage|p2a: Farigiraf|0 fnt\n|faint|p2a: Farigiraf\n|\n|t:|1700263459\n|switch|p1a: Regieleki|Regieleki, L50, tera:Ghost|33\/100|[from] U-turn\n|\n|-heal|p1b: Iron Hands|43\/100|[from] Grassy Terrain\n|-heal|p1a: Regieleki|39\/100|[from] Grassy Terrain\n|-fieldend|move: Grassy Terrain\n|upkeep\n|\n|t:|1700263463\n|switch|p2a: Lurantis|Lurantis, L50, F|100\/100\n|turn|6\n|\n|t:|1700263482\n|move|p1a: Regieleki|Protect|p1a: Regieleki\n|-singleturn|p1a: Regieleki|Protect\n|move|p2a: Lurantis|Superpower|p1b: Iron Hands\n|-damage|p1b: Iron Hands|24\/100\n|-boost|p2a: Lurantis|atk|1\n|-boost|p2a: Lurantis|def|1\n|move|p2b: Iron Hands|Wild Charge|p1a: Regieleki\n|-activate|p1a: Regieleki|move: Protect\n|move|p1b: Iron Hands|Drain Punch|p2b: Iron Hands\n|-damage|p2b: Iron Hands|47\/100\n|-heal|p1b: Iron Hands|54\/100|[from] drain|[of] p2b: Iron Hands\n|\n|upkeep\n|turn|7\n|\n|t:|1700263505\n|switch|p1a: Rillaboom|Rillaboom, L50, F|59\/100\n|-fieldstart|move: Grassy Terrain|[from] ability: Grassy Surge|[of] p1a: Rillaboom\n|move|p2a: Lurantis|Superpower|p1b: Iron Hands\n|-damage|p1b: Iron Hands|26\/100\n|-boost|p2a: Lurantis|atk|1\n|-boost|p2a: Lurantis|def|1\n|move|p2b: Iron Hands|Wild Charge|p1a: Rillaboom\n|-resisted|p1a: Rillaboom\n|-damage|p1a: Rillaboom|33\/100\n|-damage|p2b: Iron Hands|43\/100|[from] Recoil\n|move|p1b: Iron Hands|Drain Punch|p2a: Lurantis\n|-damage|p2a: Lurantis|51\/100\n|-heal|p1b: Iron Hands|45\/100|[from] drain|[of] p2a: Lurantis\n|\n|-heal|p2a: Lurantis|57\/100|[from] Grassy Terrain\n|-heal|p2b: Iron Hands|49\/100|[from] Grassy Terrain\n|-heal|p1b: Iron Hands|51\/100|[from] Grassy Terrain\n|-heal|p1a: Rillaboom|39\/100|[from] Grassy Terrain\n|upkeep\n|turn|8\n|\n|t:|1700263529\n|move|p1a: Rillaboom|Fake Out|p2a: Lurantis\n|-damage|p2a: Lurantis|49\/100\n|-enditem|p2a: Lurantis|Sitrus Berry|[eat]\n|-heal|p2a: Lurantis|74\/100|[from] item: Sitrus Berry\n|cant|p2a: Lurantis|flinch\n|move|p2b: Iron Hands|Drain Punch|p1a: Rillaboom\n|-damage|p1a: Rillaboom|0 fnt\n|-heal|p2b: Iron Hands|63\/100|[from] drain|[of] p1a: Rillaboom\n|faint|p1a: Rillaboom\n|move|p1b: Iron Hands|Swords Dance|p1b: Iron Hands\n|-boost|p1b: Iron Hands|atk|2\n|\n|-heal|p2a: Lurantis|80\/100|[from] Grassy Terrain\n|-heal|p2b: Iron Hands|69\/100|[from] Grassy Terrain\n|-heal|p1b: Iron Hands|57\/100|[from] Grassy Terrain\n|-fieldend|move: Trick Room\n|upkeep\n|\n|t:|1700263537\n|switch|p1a: Regieleki|Regieleki, L50, tera:Ghost|39\/100\n|turn|9\n|\n|t:|1700263551\n|-end|p2b: Iron Hands|Quark Drive|[silent]\n|switch|p2b: Landorus|Landorus-Therian, L50, M, tera:Flying|100\/100\n|-ability|p2b: Landorus|Intimidate|boost\n|-unboost|p1a: Regieleki|atk|1\n|-unboost|p1b: Iron Hands|atk|1\n|move|p1a: Regieleki|Tera Blast|p2b: Landorus|[anim] Tera Blast Ghost\n|-damage|p2b: Landorus|54\/100\n|move|p1b: Iron Hands|Drain Punch|p2a: Lurantis\n|-crit|p2a: Lurantis\n|-damage|p2a: Lurantis|0 fnt\n|-heal|p1b: Iron Hands|88\/100|[from] drain|[of] p2a: Lurantis\n|faint|p2a: Lurantis\n|\n|-heal|p1a: Regieleki|44\/100|[from] Grassy Terrain\n|-heal|p1b: Iron Hands|94\/100|[from] Grassy Terrain\n|upkeep\n|\n|t:|1700263562\n|switch|p2a: Iron Hands|Iron Hands, L50|69\/100\n|turn|10\n|\n|t:|1700263573\n|move|p2a: Iron Hands|Fake Out|p1b: Iron Hands\n|-damage|p1b: Iron Hands|82\/100\n|move|p1a: Regieleki|Thunderbolt|p2b: Landorus\n|-supereffective|p2b: Landorus\n|-damage|p2b: Landorus|0 fnt\n|faint|p2b: Landorus\n|cant|p1b: Iron Hands|flinch\n|\n|-heal|p1a: Regieleki|50\/100|[from] Grassy Terrain\n|-heal|p1b: Iron Hands|88\/100|[from] Grassy Terrain\n|-heal|p2a: Iron Hands|75\/100|[from] Grassy Terrain\n|upkeep\n|turn|11\n|-message|Reckless Waif forfeited.\n|\n|win|Losingwithbadteam\n|raw|Losingwithbadteam's rating: 1155 &rarr; <strong>1180<\/strong><br \/>(+25 for winning)\n|raw|Reckless Waif's rating: 1152 &rarr; <strong>1127<\/strong><br \/>(-25 for losing)\n|l|\u2606Reckless Waif\n","uploadtime":1700263594,"views":17,"p1id":"losingwithbadteam","p2id":"recklesswaif","formatid":"gen9vgc2023regulatione","rating":1127,"private":0,"password":""}