{"id":"gen9vgc2023regulatione-1989331694","p1":"magicalarcher57","p2":"alchemistake","format":"[Gen 9] VGC 2023 Regulation E","log":"|j|\u2606magicalarcher57\n|j|\u2606alchemistake\n|t:|1699837291\n|gametype|doubles\n|player|p1|magicalarcher57|cynthia-gen4|\n|player|p2|alchemistake|102|\n|teamsize|p1|6\n|teamsize|p2|6\n|gen|9\n|tier|[Gen 9] VGC 2023 Regulation E\n|rated|Tournament battle\n|rule|Species Clause: Limit one of each Pok\u00e9mon\n|rule|Item Clause: Limit one of each item\n|clearpoke\n|poke|p1|Tornadus, L50, M|\n|poke|p1|Sinistcha, L50|\n|poke|p1|Basculegion, L50, M|\n|poke|p1|Iron Hands, L50|\n|poke|p1|Arcanine-Hisui, L50, F|\n|poke|p1|Ninetales-Alola, L50, M|\n|poke|p2|Tornadus, L50, M|\n|poke|p2|Regidrago, L50|\n|poke|p2|Chien-Pao, L50|\n|poke|p2|Farigiraf, L50, M|\n|poke|p2|Gholdengo, L50|\n|poke|p2|Urshifu-*, L50, F|\n|teampreview|4\n|showteam|p1|Tornadus||MentalHerb|Prankster|BleakwindStorm,Tailwind,Taunt,ScaryFace|||M|||50|,,,,,Ghost]Sinistcha||SitrusBerry|Heatproof|MatchaGotcha,ShadowBall,NastyPlot,TrickRoom||||||50|,,,,,Dark]Basculegion||SpookyPlate|Adaptability|WaveCrash,LastRespects,AquaJet,Protect|||M|||50|,,,,,Dragon]Iron Hands||BoosterEnergy|QuarkDrive|FakeOut,CloseCombat,WildCharge,IcePunch||||||50|,,,,,Grass]Arcanine-Hisui||ChoiceBand|Intimidate|FlareBlitz,RockSlide,ExtremeSpeed,TeraBlast|||F|||50|,,,,,Fairy]Ninetales-Alola||LightClay|SnowWarning|Blizzard,Moonblast,IcyWind,AuroraVeil|||M|||50|,,,,,Ice\n|showteam|p2|Tornadus||EjectButton|Prankster|RainDance,BleakwindStorm,Tailwind,Taunt|||M|||50|,,,,,Dark]Regidrago||FocusSash|DragonsMaw|DragonEnergy,DracoMeteor,EarthPower,Protect||||||50|,,,,,Dragon]Chien-Pao||LifeOrb|SwordofRuin|SuckerPunch,ThroatChop,IceSpinner,SacredSword||||||50|,,,,,Dark]Farigiraf||RockyHelmet|ArmorTail|Psychic,DazzlingGleam,TrickRoom,Imprison|||M|||50|,,,,,Fairy]Gholdengo||MetalCoat|GoodasGold|ShadowBall,MakeItRain,NastyPlot,Protect||||||50|,,,,,Water]Urshifu-Rapid-Strike||MysticWater|UnseenFist|SurgingStrikes,AquaJet,CloseCombat,Detect|||F|||50|,,,,,Water\n|inactive|Battle timer is ON: inactive players will automatically lose when time's up. (requested by alchemistake)\n|c|\u2606alchemistake|glhf\n|j| ale cog\n|c|\u2606magicalarcher57|gl\n|j| Flarefox_7\n|j| Desmondrocks11\n|j| Faulty Avalugg\n|inactive|magicalarcher57 has 60 seconds left.\n|\n|t:|1699837326\n|start\n|switch|p1a: Scrapper|Iron Hands, L50, shiny|100\/100\n|switch|p1b: Shamonetales|Ninetales-Alola, L50, M|100\/100\n|switch|p2a: Regidrago|Regidrago, L50|100\/100\n|switch|p2b: Gholdengo|Gholdengo, L50|100\/100\n|-weather|Snow|[from] ability: Snow Warning|[of] p1b: Shamonetales\n|-enditem|p1a: Scrapper|Booster Energy\n|-activate|p1a: Scrapper|ability: Quark Drive|[fromitem]\n|-start|p1a: Scrapper|quarkdriveatk\n|turn|1\n|j| Choruto\n|l| Faulty Avalugg\n|\n|t:|1699837339\n|switch|p2a: Farigiraf|Farigiraf, L50, M|100\/100\n|move|p1b: Shamonetales|Aurora Veil|p1b: Shamonetales\n|-sidestart|p1: magicalarcher57|move: Aurora Veil\n|move|p2b: Gholdengo|Make It Rain|p1b: Shamonetales|[spread] p1a,p1b\n|-resisted|p1a: Scrapper\n|-supereffective|p1b: Shamonetales\n|-damage|p1a: Scrapper|84\/100\n|-damage|p1b: Shamonetales|0 fnt\n|-unboost|p2b: Gholdengo|spa|1\n|faint|p1b: Shamonetales\n|move|p1a: Scrapper|Ice Punch|p2a: Farigiraf\n|-damage|p2a: Farigiraf|75\/100\n|-damage|p1a: Scrapper|68\/100|[from] item: Rocky Helmet|[of] p2a: Farigiraf\n|\n|-weather|Snow|[upkeep]\n|upkeep\n|\n|t:|1699837351\n|switch|p1b: HarcOfTheCovenant|Arcanine-Hisui, L50, F|100\/100\n|-ability|p1b: HarcOfTheCovenant|Intimidate|boost\n|-unboost|p2a: Farigiraf|atk|1\n|-unboost|p2b: Gholdengo|atk|1\n|turn|2\n|\n|t:|1699837373\n|-terastallize|p2b: Gholdengo|Water\n|move|p1b: HarcOfTheCovenant|Flare Blitz|p2b: Gholdengo\n|-resisted|p2b: Gholdengo\n|-damage|p2b: Gholdengo|62\/100\n|-damage|p1b: HarcOfTheCovenant|87\/100|[from] Recoil\n|move|p2b: Gholdengo|Nasty Plot|p2b: Gholdengo\n|-boost|p2b: Gholdengo|spa|2\n|move|p2a: Farigiraf|Psychic|p1a: Scrapper\n|-supereffective|p1a: Scrapper\n|-damage|p1a: Scrapper|21\/100\n|move|p1a: Scrapper|Wild Charge|p2a: Farigiraf\n|-damage|p2a: Farigiraf|32\/100\n|-damage|p1a: Scrapper|5\/100|[from] item: Rocky Helmet|[of] p2a: Farigiraf\n|-damage|p1a: Scrapper|0 fnt|[from] Recoil\n|faint|p1a: Scrapper\n|-end|p1a: Scrapper|Quark Drive|[silent]\n|\n|-weather|Snow|[upkeep]\n|upkeep\n|\n|t:|1699837384\n|switch|p1a: Houndfish|Basculegion, L50, M|100\/100\n|turn|3\n|\n|t:|1699837409\n|move|p2b: Gholdengo|Protect|p2b: Gholdengo\n|-singleturn|p2b: Gholdengo|Protect\n|move|p1b: HarcOfTheCovenant|Flare Blitz|p2a: Farigiraf\n|-crit|p2a: Farigiraf\n|-damage|p2a: Farigiraf|0 fnt\n|-damage|p1b: HarcOfTheCovenant|71\/100|[from] item: Rocky Helmet|[of] p2a: Farigiraf\n|faint|p2a: Farigiraf\n|-damage|p1b: HarcOfTheCovenant|57\/100|[from] Recoil\n|move|p1a: Houndfish|Last Respects|p2b: Gholdengo\n|-activate|p2b: Gholdengo|move: Protect\n|\n|-weather|Snow|[upkeep]\n|upkeep\n|\n|t:|1699837422\n|switch|p2a: Chien-Pao|Chien-Pao, L50|100\/100\n|-ability|p2a: Chien-Pao|Sword of Ruin\n|turn|4\n|inactive|alchemistake has 30 seconds left.\n|inactive|alchemistake has 20 seconds left.\n|inactive|alchemistake has 15 seconds left.\n|\n|t:|1699837463\n|move|p2a: Chien-Pao|Sacred Sword|p1b: HarcOfTheCovenant\n|-supereffective|p1b: HarcOfTheCovenant\n|-crit|p1b: HarcOfTheCovenant\n|-damage|p1b: HarcOfTheCovenant|0 fnt\n|faint|p1b: HarcOfTheCovenant\n|-damage|p2a: Chien-Pao|91\/100|[from] item: Life Orb\n|move|p1a: Houndfish|Last Respects|p2b: Gholdengo\n|-damage|p2b: Gholdengo|0 fnt\n|faint|p2b: Gholdengo\n|\n|-weather|Snow|[upkeep]\n|upkeep\n|c|\u2606magicalarcher57|wait sash regi over sash chein\n|\n|t:|1699837472\n|switch|p2b: Regidrago|Regidrago, L50|100\/100\n|turn|5\n|\n|t:|1699837484\n|-terastallize|p1a: Houndfish|Dragon\n|move|p2a: Chien-Pao|Throat Chop|p1a: Houndfish\n|-damage|p1a: Houndfish|41\/100\n|-start|p1a: Houndfish|Throat Chop|[silent]\n|-damage|p2a: Chien-Pao|81\/100|[from] item: Life Orb\n|move|p2b: Regidrago|Draco Meteor|p1a: Houndfish\n|-supereffective|p1a: Houndfish\n|-damage|p1a: Houndfish|0 fnt\n|-unboost|p2b: Regidrago|spa|2\n|faint|p1a: Houndfish\n|\n|win|alchemistake\n|n|\u2606magicalarcher57|magicalarcher57\n|n|\u2606alchemistake|alchemistake\n|n| ale cog|alecog\n|n| Flarefox_7|flarefox7\n|n| Desmondrocks11|desmondrocks11\n|n| Choruto|choruto\n","uploadtime":1699837485,"views":12,"p1id":"magicalarcher57","p2id":"alchemistake","formatid":"gen9vgc2023regulatione","rating":0,"private":0,"password":""}