{"id":"gen9vgc2023regulatione-1994982939","p1":"Juytre","p2":"Eplante","format":"[Gen 9] VGC 2023 Regulation E","log":"|j|\u2606Juytre\n|j|\u203dEplante\n|t:|1700510372\n|gametype|doubles\n|player|p1|Juytre|will|\n|player|p2|Eplante|brycenman|\n|teamsize|p1|6\n|teamsize|p2|6\n|gen|9\n|tier|[Gen 9] VGC 2023 Regulation E\n|rated|Tournament battle\n|rule|Species Clause: Limit one of each Pok\u00e9mon\n|rule|Item Clause: Limit one of each item\n|clearpoke\n|poke|p1|Ninetales-Alola, L50, M|\n|poke|p1|Flutter Mane, L50|\n|poke|p1|Arcanine-Hisui, L50, M|\n|poke|p1|Cetitan, L50, F|\n|poke|p1|Rillaboom, L50, F|\n|poke|p1|Urshifu-*, L50, F|\n|poke|p2|Torkoal, L50, M|\n|poke|p2|Iron Hands, L50|\n|poke|p2|Iron Bundle, L50|\n|poke|p2|Sylveon, L50, M|\n|poke|p2|Conkeldurr, L50, F|\n|poke|p2|Oranguru, L50, F|\n|teampreview|4\n|showteam|p1|Ninetales-Alola||LightClay|SnowWarning|AuroraVeil,DazzlingGleam,Blizzard,Protect|||M|||50|,,,,,Steel]Flutter Mane||FocusSash|Protosynthesis|DazzlingGleam,Protect,ShadowBall,IcyWind||||||50|,,,,,Fairy]Arcanine-Hisui||ChoiceBand|Intimidate|TeraBlast,FlareBlitz,RockSlide,ExtremeSpeed|||M|||50|,,,,,Fairy]Cetitan||ClearAmulet|SlushRush|PlayRough,IcicleCrash,IceShard,HighHorsepower|||F|||50|,,,,,Fairy]Rillaboom||AssaultVest|GrassySurge|FakeOut,GrassyGlide,KnockOff,HighHorsepower|||F|||50|,,,,,Dark]Urshifu-Rapid-Strike||MysticWater|UnseenFist|SurgingStrikes,CloseCombat,Protect,AquaJet|||F|||50|,,,,,Water\n|showteam|p2|Torkoal||Charcoal|Drought|Eruption,HeatWave,EarthPower,Protect|||M|||50|,,,,,Fire]Iron Hands||AssaultVest|QuarkDrive|WildCharge,DrainPunch,HeavySlam,FakeOut||||||50|,,,,,Grass]Iron Bundle||BoosterEnergy|QuarkDrive|HydroPump,FreezeDry,IcyWind,Protect||||||50|,,,,,Ghost]Sylveon||ThroatSpray|Pixilate|HyperVoice,TeraBlast,QuickAttack,Protect|||M|||50|,,,,,Water]Conkeldurr||FlameOrb|Guts|DrainPunch,MachPunch,IcePunch,Protect|||F|||50|,,,,,Poison]Oranguru||MentalHerb|InnerFocus|FoulPlay,Instruct,TrickRoom,Yawn|||F|||50|,,,,,Fairy\n|inactive|Battle timer is ON: inactive players will automatically lose when time's up. (requested by Eplante)\n|\n|t:|1700510414\n|start\n|switch|p1a: Urshifu|Urshifu-Rapid-Strike, L50, F|100\/100\n|switch|p1b: Arcanine|Arcanine-Hisui, L50, M|100\/100\n|switch|p2a: Oranguru|Oranguru, L50, F, shiny|100\/100\n|switch|p2b: Iron Hands|Iron Hands, L50|100\/100\n|-ability|p1b: Arcanine|Intimidate|boost\n|-fail|p2a: Oranguru|unboost|Attack|[from] ability: Inner Focus|[of] p2a: Oranguru\n|-unboost|p2b: Iron Hands|atk|1\n|turn|1\n|\n|t:|1700510436\n|move|p2b: Iron Hands|Fake Out|p1a: Urshifu\n|-damage|p1a: Urshifu|89\/100\n|cant|p1a: Urshifu|flinch\n|move|p1b: Arcanine|Flare Blitz|p2a: Oranguru\n|-crit|p2a: Oranguru\n|-damage|p2a: Oranguru|0 fnt\n|faint|p2a: Oranguru\n|-damage|p1b: Arcanine|62\/100|[from] Recoil\n|\n|upkeep\n|\n|t:|1700510450\n|switch|p2a: Conkeldurr|Conkeldurr, L50, F, shiny|100\/100\n|turn|2\n|inactive|Juytre has 30 seconds left.\n|\n|t:|1700510480\n|switch|p1b: Rillaboom|Rillaboom, L50, F|100\/100\n|-fieldstart|move: Grassy Terrain|[from] ability: Grassy Surge|[of] p1b: Rillaboom\n|move|p2a: Conkeldurr|Protect|p2a: Conkeldurr\n|-singleturn|p2a: Conkeldurr|Protect\n|move|p1a: Urshifu|Surging Strikes|p2a: Conkeldurr\n|-crit|p2a: Conkeldurr\n|-damage|p2a: Conkeldurr|79\/100\n|-crit|p2a: Conkeldurr\n|-damage|p2a: Conkeldurr|57\/100\n|-crit|p2a: Conkeldurr\n|-damage|p2a: Conkeldurr|33\/100\n|-hitcount|p2a: Conkeldurr|3\n|move|p2b: Iron Hands|Wild Charge|p1a: Urshifu\n|-supereffective|p1a: Urshifu\n|-damage|p1a: Urshifu|12\/100\n|-damage|p2b: Iron Hands|86\/100|[from] Recoil\n|\n|-heal|p1a: Urshifu|18\/100|[from] Grassy Terrain\n|-heal|p2b: Iron Hands|92\/100|[from] Grassy Terrain\n|-heal|p2a: Conkeldurr|39\/100|[from] Grassy Terrain\n|-status|p2a: Conkeldurr|brn|[from] item: Flame Orb\n|upkeep\n|turn|3\n|inactive|Eplante has 30 seconds left.\n|\n|t:|1700510511\n|move|p1b: Rillaboom|Fake Out|p2b: Iron Hands\n|-damage|p2b: Iron Hands|81\/100\n|move|p2a: Conkeldurr|Mach Punch|p1a: Urshifu\n|-damage|p1a: Urshifu|0 fnt\n|faint|p1a: Urshifu\n|cant|p2b: Iron Hands|flinch\n|\n|-heal|p2b: Iron Hands|87\/100|[from] Grassy Terrain\n|-heal|p2a: Conkeldurr|45\/100 brn|[from] Grassy Terrain\n|-damage|p2a: Conkeldurr|39\/100 brn|[from] brn\n|upkeep\n|\n|t:|1700510519\n|switch|p1a: Arcanine|Arcanine-Hisui, L50, M|62\/100\n|-ability|p1a: Arcanine|Intimidate|boost\n|-unboost|p2a: Conkeldurr|atk|1\n|-unboost|p2b: Iron Hands|atk|1\n|turn|4\n|\n|t:|1700510536\n|-terastallize|p1a: Arcanine|Fairy\n|move|p1b: Rillaboom|Grassy Glide|p2a: Conkeldurr\n|-damage|p2a: Conkeldurr|2\/100 brn\n|move|p2a: Conkeldurr|Mach Punch|p1a: Arcanine\n|-resisted|p1a: Arcanine\n|-damage|p1a: Arcanine|47\/100\n|move|p1a: Arcanine|Tera Blast|p2b: Iron Hands|[anim] Tera Blast Fairy\n|-supereffective|p2b: Iron Hands\n|-damage|p2b: Iron Hands|6\/100\n|move|p2b: Iron Hands|Drain Punch|p1b: Rillaboom\n|-damage|p1b: Rillaboom|76\/100\n|-heal|p2b: Iron Hands|15\/100|[from] drain|[of] p1b: Rillaboom\n|\n|-heal|p1a: Arcanine|53\/100|[from] Grassy Terrain\n|-heal|p1b: Rillaboom|82\/100|[from] Grassy Terrain\n|-heal|p2b: Iron Hands|21\/100|[from] Grassy Terrain\n|-heal|p2a: Conkeldurr|8\/100 brn|[from] Grassy Terrain\n|-damage|p2a: Conkeldurr|2\/100 brn|[from] brn\n|upkeep\n|turn|5\n|inactive|Juytre has 30 seconds left.\n|\n|t:|1700510567\n|move|p1b: Rillaboom|Grassy Glide|p2a: Conkeldurr\n|-damage|p2a: Conkeldurr|0 fnt\n|faint|p2a: Conkeldurr\n|move|p1a: Arcanine|Tera Blast|p2b: Iron Hands|[anim] Tera Blast Fairy\n|-supereffective|p2b: Iron Hands\n|-damage|p2b: Iron Hands|0 fnt\n|faint|p2b: Iron Hands\n|-end|p2b: Iron Hands|Quark Drive|[silent]\n|\n|-heal|p1a: Arcanine|58\/100|[from] Grassy Terrain\n|-heal|p1b: Rillaboom|88\/100|[from] Grassy Terrain\n|upkeep\n|\n|t:|1700510582\n|switch|p2a: Torkoal|Torkoal, L50, M, shiny|100\/100\n|-weather|SunnyDay|[from] ability: Drought|[of] p2a: Torkoal\n|turn|6\n|\n|t:|1700510595\n|switch|p1a: Cetitan|Cetitan, L50, F|100\/100\n|-terastallize|p2a: Torkoal|Fire\n|move|p1b: Rillaboom|High Horsepower|p2a: Torkoal\n|-supereffective|p2a: Torkoal\n|-damage|p2a: Torkoal|51\/100\n|move|p2a: Torkoal|Eruption|p1a: Cetitan|[spread] p1a,p1b\n|-supereffective|p1a: Cetitan\n|-crit|p1a: Cetitan\n|-supereffective|p1b: Rillaboom\n|-damage|p1a: Cetitan|0 fnt\n|-damage|p1b: Rillaboom|0 fnt\n|faint|p1a: Cetitan\n|faint|p1b: Rillaboom\n|\n|-weather|SunnyDay|[upkeep]\n|-heal|p2a: Torkoal|57\/100|[from] Grassy Terrain\n|-fieldend|move: Grassy Terrain\n|upkeep\n|\n|t:|1700510602\n|switch|p1b: Arcanine|Arcanine-Hisui, L50, M, tera:Fairy|58\/100\n|-ability|p1b: Arcanine|Intimidate|boost\n|-unboost|p2a: Torkoal|atk|1\n|turn|7\n|inactive|Eplante has 30 seconds left.\n|inactive|Juytre has 30 seconds left.\n|inactive|Eplante has 20 seconds left.\n|inactive|Eplante has 15 seconds left.\n|inactive|Juytre has 20 seconds left.\n|inactive|Eplante has 10 seconds left.\n|inactive|Juytre has 15 seconds left.\n|inactive|Juytre has 10 seconds left.\n|inactive|Juytre has 5 seconds left.\n|\n|t:|1700510664\n|move|p1b: Arcanine|Rock Slide|p2a: Torkoal\n|-supereffective|p2a: Torkoal\n|-damage|p2a: Torkoal|0 fnt\n|faint|p2a: Torkoal\n|\n|win|Juytre\n|n|\u2606Juytre|juytre\n|n|\u203dEplante|eplante\n|l|\u2606Juytre\n|l|\u203dEplante\n","uploadtime":1700510680,"views":16,"p1id":"juytre","p2id":"eplante","formatid":"gen9vgc2023regulatione","rating":0,"private":0,"password":""}