{"id":"gen9vgc2023regulatione-1997973116","p1":"Kzjrzk","p2":"enriquecho","format":"[Gen 9] VGC 2023 Regulation E","log":"|j|\u2606Kzjrzk\n|j|\u2606enriquecho\n|t:|1700873975\n|gametype|doubles\n|player|p1|Kzjrzk|lance|1107\n|player|p2|enriquecho|benga|1156\n|teamsize|p1|6\n|teamsize|p2|6\n|gen|9\n|tier|[Gen 9] VGC 2023 Regulation E\n|rated|\n|rule|Species Clause: Limit one of each Pok\u00e9mon\n|rule|Item Clause: Limit one of each item\n|clearpoke\n|poke|p1|Flutter Mane, L50|\n|poke|p1|Tornadus, L50, M|\n|poke|p1|Rillaboom, L50, M|\n|poke|p1|Garganacl, L50, M|\n|poke|p1|Arcanine-Hisui, L50, M|\n|poke|p1|Chien-Pao, L50|\n|poke|p2|Tornadus, L50, M|\n|poke|p2|Urshifu-*, L50, M|\n|poke|p2|Thundurus-Therian, L50, M|\n|poke|p2|Salamence, L50, F|\n|poke|p2|Gholdengo, L50|\n|poke|p2|Flutter Mane, L50|\n|teampreview|4\n|\n|t:|1700873989\n|start\n|switch|p1a: Tornadus|Tornadus, L50, M|100\/100\n|switch|p1b: Garganacl|Garganacl, L50, M|100\/100\n|switch|p2a: Tornadus|Tornadus, L50, M|100\/100\n|switch|p2b: Urshifu|Urshifu-Rapid-Strike, L50, M|100\/100\n|turn|1\n|\n|t:|1700874003\n|-terastallize|p2b: Urshifu|Water\n|-terastallize|p1b: Garganacl|Ghost\n|move|p2a: Tornadus|Tailwind|p2a: Tornadus\n|-sidestart|p2: enriquecho|move: Tailwind\n|move|p2b: Urshifu|Surging Strikes|p1b: Garganacl\n|-crit|p1b: Garganacl\n|-damage|p1b: Garganacl|82\/100\n|-crit|p1b: Garganacl\n|-damage|p1b: Garganacl|64\/100\n|-crit|p1b: Garganacl\n|-damage|p1b: Garganacl|44\/100\n|-enditem|p1b: Garganacl|Sitrus Berry|[eat]\n|-heal|p1b: Garganacl|69\/100|[from] item: Sitrus Berry\n|-hitcount|p1b: Garganacl|3\n|move|p1a: Tornadus|Bleakwind Storm|p2b: Urshifu|[spread] p2a,p2b\n|-damage|p2a: Tornadus|69\/100\n|-damage|p2b: Urshifu|62\/100\n|-unboost|p2b: Urshifu|spe|1\n|move|p1b: Garganacl|Salt Cure|p2b: Urshifu\n|-damage|p2b: Urshifu|47\/100\n|-start|p2b: Urshifu|Salt Cure\n|\n|-damage|p2b: Urshifu|22\/100|[from] Salt Cure\n|upkeep\n|turn|2\n|\n|t:|1700874025\n|move|p2a: Tornadus|Rain Dance|p2a: Tornadus\n|-weather|RainDance\n|move|p2b: Urshifu|Surging Strikes|p1b: Garganacl\n|-crit|p1b: Garganacl\n|-damage|p1b: Garganacl|41\/100\n|-crit|p1b: Garganacl\n|-damage|p1b: Garganacl|11\/100\n|-crit|p1b: Garganacl\n|-damage|p1b: Garganacl|0 fnt\n|faint|p1b: Garganacl\n|-hitcount|p1: Garganacl|3\n|move|p1a: Tornadus|Bleakwind Storm|p2b: Urshifu|[spread] p2a,p2b\n|-damage|p2a: Tornadus|40\/100\n|-damage|p2b: Urshifu|0 fnt\n|-unboost|p2a: Tornadus|spe|1\n|faint|p2b: Urshifu\n|\n|-weather|RainDance|[upkeep]\n|upkeep\n|\n|t:|1700874039\n|switch|p2b: Thundurus|Thundurus-Therian, L50, M|100\/100\n|switch|p1b: Rillaboom|Rillaboom, L50, M|100\/100\n|-fieldstart|move: Grassy Terrain|[from] ability: Grassy Surge|[of] p1b: Rillaboom\n|turn|3\n|\n|t:|1700874052\n|switch|p2a: Salamence|Salamence, L50, F|100\/100\n|-ability|p2a: Salamence|Intimidate|boost\n|-unboost|p1a: Tornadus|atk|1\n|-unboost|p1b: Rillaboom|atk|1\n|move|p1b: Rillaboom|Fake Out|p2a: Salamence\n|-damage|p2a: Salamence|91\/100\n|move|p2b: Thundurus|Wildbolt Storm|p1b: Rillaboom|[spread] p1a,p1b\n|-supereffective|p1a: Tornadus\n|-resisted|p1b: Rillaboom\n|-damage|p1a: Tornadus|39\/100\n|-damage|p1b: Rillaboom|85\/100\n|move|p1a: Tornadus|Bleakwind Storm|p2b: Thundurus|[spread] p2a,p2b\n|-resisted|p2b: Thundurus\n|-damage|p2a: Salamence|60\/100\n|-damage|p2b: Thundurus|88\/100\n|-unboost|p2a: Salamence|spe|1\n|-unboost|p2b: Thundurus|spe|1\n|\n|-weather|RainDance|[upkeep]\n|-heal|p1b: Rillaboom|91\/100|[from] Grassy Terrain\n|upkeep\n|turn|4\n|\n|t:|1700874069\n|switch|p1b: Arcanine|Arcanine-Hisui, L50, M|100\/100\n|-ability|p1b: Arcanine|Intimidate|boost\n|-unboost|p2a: Salamence|atk|1\n|-unboost|p2b: Thundurus|atk|1\n|move|p2a: Salamence|Helping Hand|p2b: Thundurus\n|-singleturn|p2b: Thundurus|Helping Hand|[of] p2a: Salamence\n|move|p1a: Tornadus|Sunny Day|p1a: Tornadus\n|-weather|SunnyDay\n|move|p2b: Thundurus|Wildbolt Storm|p1b: Arcanine|[spread] p1a,p1b\n|-supereffective|p1a: Tornadus\n|-damage|p1a: Tornadus|0 fnt\n|-damage|p1b: Arcanine|33\/100\n|faint|p1a: Tornadus\n|\n|-weather|SunnyDay|[upkeep]\n|-heal|p1b: Arcanine|39\/100|[from] Grassy Terrain\n|-sideend|p2: enriquecho|move: Tailwind\n|upkeep\n|\n|t:|1700874075\n|switch|p1a: Rillaboom|Rillaboom, L50, M|91\/100\n|turn|5\n|\n|t:|1700874107\n|switch|p2a: Tornadus|Tornadus, L50, M|40\/100\n|move|p1a: Rillaboom|Fake Out|p2b: Thundurus\n|-damage|p2b: Thundurus|72\/100\n|move|p1b: Arcanine|Rock Slide|p2a: Tornadus|[spread] p2a,p2b\n|-supereffective|p2a: Tornadus\n|-supereffective|p2b: Thundurus\n|-damage|p2a: Tornadus|0 fnt\n|-damage|p2b: Thundurus|0 fnt\n|faint|p2a: Tornadus\n|faint|p2b: Thundurus\n|\n|-weather|SunnyDay|[upkeep]\n|-heal|p1b: Arcanine|45\/100|[from] Grassy Terrain\n|-heal|p1a: Rillaboom|97\/100|[from] Grassy Terrain\n|upkeep\n|\n|t:|1700874115\n|switch|p2b: Salamence|Salamence, L50, F|60\/100\n|-ability|p2b: Salamence|Intimidate|boost\n|-unboost|p1a: Rillaboom|atk|1\n|-unboost|p1b: Arcanine|atk|1\n|turn|6\n|\n|t:|1700874122\n|move|p1b: Arcanine|Rock Slide|p2b: Salamence\n|-supereffective|p2b: Salamence\n|-damage|p2b: Salamence|3\/100\n|-enditem|p2b: Salamence|Sitrus Berry|[eat]\n|-heal|p2b: Salamence|28\/100|[from] item: Sitrus Berry\n|cant|p2b: Salamence|flinch\n|move|p1a: Rillaboom|Wood Hammer|p2b: Salamence\n|-resisted|p2b: Salamence\n|-crit|p2b: Salamence\n|-damage|p2b: Salamence|0 fnt\n|faint|p2b: Salamence\n|-damage|p1a: Rillaboom|88\/100|[from] Recoil\n|\n|win|Kzjrzk\n|raw|Kzjrzk's rating: 1107 &rarr; <strong>1136<\/strong><br \/>(+29 for winning)\n|raw|enriquecho's rating: 1156 &rarr; <strong>1127<\/strong><br \/>(-29 for losing)\n|l|\u2606enriquecho\n","uploadtime":1700874129,"views":1,"p1id":"kzjrzk","p2id":"enriquecho","formatid":"gen9vgc2023regulatione","rating":1127,"private":0,"password":""}