{"id":"gen9vgc2023regulatione-1994304723","p1":"mookystank","p2":"Vgfgftftf","format":"[Gen 9] VGC 2023 Regulation E","log":"|j|\u2606mookystank\n|j|\u2606Vgfgftftf\n|t:|1700429092\n|gametype|doubles\n|player|p1|mookystank|266|1181\n|player|p2|Vgfgftftf|1|1142\n|teamsize|p1|6\n|teamsize|p2|6\n|gen|9\n|tier|[Gen 9] VGC 2023 Regulation E\n|rated|\n|rule|Species Clause: Limit one of each Pok\u00e9mon\n|rule|Item Clause: Limit one of each item\n|clearpoke\n|poke|p1|Arcanine-Hisui, L50, M|\n|poke|p1|Ogerpon, L50, F|\n|poke|p1|Chien-Pao, L50|\n|poke|p1|Urshifu-*, L50, M|\n|poke|p1|Salamence, L50, M|\n|poke|p1|Tornadus, L50, M|\n|poke|p2|Espeon, L50, M|\n|poke|p2|Indeedee-F, L50, F|\n|poke|p2|Dragapult, L50, M|\n|poke|p2|Grimmsnarl, L50, M|\n|poke|p2|Regieleki, L50|\n|poke|p2|Armarouge, L50, M|\n|teampreview|4\nVgfgftftf rejected open team sheets.\n|inactive|Battle timer is ON: inactive players will automatically lose when time's up. (requested by Vgfgftftf)\n|\n|t:|1700429205\n|start\n|switch|p1a: Arcanine|Arcanine-Hisui, L50, M|100\/100\n|switch|p1b: Chien-Pao|Chien-Pao, L50|100\/100\n|switch|p2a: Grimmsnarl|Grimmsnarl, L50, M|100\/100\n|switch|p2b: Regieleki|Regieleki, L50|100\/100\n|-ability|p1b: Chien-Pao|Sword of Ruin\n|-ability|p1a: Arcanine|Intimidate|boost\n|-unboost|p2a: Grimmsnarl|atk|1\n|-unboost|p2b: Regieleki|atk|1\n|turn|1\n|inactive|mookystank has 30 seconds left.\n|inactive|Vgfgftftf has 30 seconds left.\n|inactive|mookystank has 20 seconds left.\n|inactive|Vgfgftftf has 20 seconds left.\n|\n|t:|1700429243\n|move|p2a: Grimmsnarl|Reflect|p2a: Grimmsnarl\n|-sidestart|p2: Vgfgftftf|Reflect\n|move|p2b: Regieleki|Volt Switch|p1b: Chien-Pao\n|-damage|p1b: Chien-Pao|58\/100\n|\n|t:|1700429254\n|switch|p2b: Indeedee|Indeedee-F, L50, F|100\/100|[from] Volt Switch\n|-fieldstart|move: Psychic Terrain|[from] ability: Psychic Surge|[of] p2b: Indeedee\n|move|p1b: Chien-Pao|Sacred Sword|p2b: Indeedee\n|-damage|p2b: Indeedee|73\/100\n|-damage|p1b: Chien-Pao|42\/100|[from] item: Rocky Helmet|[of] p2b: Indeedee\n|move|p1a: Arcanine|Rock Slide|p2b: Indeedee|[spread] p2a,p2b\n|-crit|p2b: Indeedee\n|-damage|p2a: Grimmsnarl|77\/100\n|-damage|p2b: Indeedee|16\/100\n|\n|upkeep\n|turn|2\n|inactive|mookystank has 30 seconds left.\n|\n|t:|1700429282\n|move|p2b: Indeedee|Follow Me|p2b: Indeedee\n|-singleturn|p2b: Indeedee|move: Follow Me\n|move|p1b: Chien-Pao|Ice Spinner|p2b: Indeedee\n|-damage|p2b: Indeedee|0 fnt\n|-damage|p1b: Chien-Pao|26\/100|[from] item: Rocky Helmet|[of] p2b: Indeedee\n|-fieldend|move: Psychic Terrain\n|faint|p2b: Indeedee\n|move|p1a: Arcanine|Rock Slide|p2a: Grimmsnarl\n|-damage|p2a: Grimmsnarl|49\/100\n|move|p2a: Grimmsnarl|Spirit Break|p1b: Chien-Pao\n|-supereffective|p1b: Chien-Pao\n|-damage|p1b: Chien-Pao|0 fnt\n|faint|p1b: Chien-Pao\n|\n|upkeep\n|\n|t:|1700429297\n|switch|p1b: Tornadus|Tornadus, L50, M|100\/100\n|switch|p2b: Regieleki|Regieleki, L50|100\/100\n|turn|3\n|\n|t:|1700429318\n|switch|p2a: Dragapult|Dragapult, L50, M|100\/100\n|-terastallize|p2b: Regieleki|Normal\n|move|p1b: Tornadus|Tailwind|p1b: Tornadus\n|-sidestart|p1: mookystank|move: Tailwind\n|move|p2b: Regieleki|Explosion|p1a: Arcanine|[spread] p1a,p1b\n|-immune|p2a: Dragapult\n|-resisted|p1a: Arcanine\n|-damage|p1a: Arcanine|25\/100\n|-damage|p1b: Tornadus|0 fnt\n|faint|p2b: Regieleki\n|faint|p1b: Tornadus\n|move|p1a: Arcanine|Flare Blitz|p2a: Dragapult\n|-resisted|p2a: Dragapult\n|-damage|p2a: Dragapult|76\/100\n|-damage|p1a: Arcanine|16\/100|[from] Recoil\n|\n|upkeep\n|c|\u2606mookystank|w h a t\n|\n|t:|1700429341\n|switch|p2b: Grimmsnarl|Grimmsnarl, L50, M|49\/100\n|switch|p1b: Urshifu|Urshifu-Rapid-Strike, L50, M|100\/100\n|turn|4\n|\n|t:|1700429370\n|-terastallize|p1a: Arcanine|Fairy\n|move|p1b: Urshifu|Surging Strikes|p2b: Grimmsnarl\n|-crit|p2b: Grimmsnarl\n|-damage|p2b: Grimmsnarl|27\/100\n|-crit|p2b: Grimmsnarl\n|-damage|p2b: Grimmsnarl|6\/100\n|-crit|p2b: Grimmsnarl\n|-damage|p2b: Grimmsnarl|0 fnt\n|faint|p2b: Grimmsnarl\n|-hitcount|p2: Grimmsnarl|3\n|move|p1a: Arcanine|Tera Blast|p2a: Dragapult|[anim] Tera Blast Fairy\n|-supereffective|p2a: Dragapult\n|-damage|p2a: Dragapult|6\/100\n|-enditem|p2a: Dragapult|Aguav Berry|[eat]\n|-heal|p2a: Dragapult|39\/100|[from] item: Aguav Berry\n|move|p2a: Dragapult|Dragon Darts|p1b: Urshifu\n|-damage|p1b: Urshifu|81\/100\n|-anim|p2a: Dragapult|Dragon Darts|p1b: Urshifu\n|-damage|p1b: Urshifu|59\/100\n|\n|upkeep\n|turn|5\n|-message|Vgfgftftf forfeited.\n|\n|win|mookystank\n|raw|mookystank's rating: 1181 &rarr; <strong>1203<\/strong><br \/>(+22 for winning)\n|raw|Vgfgftftf's rating: 1142 &rarr; <strong>1120<\/strong><br \/>(-22 for losing)\n|l|\u2606Vgfgftftf\n|c|\u2606mookystank|gg\n","uploadtime":1700429413,"views":6,"p1id":"mookystank","p2id":"vgfgftftf","formatid":"gen9vgc2023regulatione","rating":1120,"private":0,"password":""}