{"id":"gen9vgc2023regulatione-1993162440","p1":"onassi2","p2":"pinapplehead","format":"[Gen 9] VGC 2023 Regulation E","log":"|j|\u2606onassi2\n|j|\u2606pinapplehead\n|t:|1700272361\n|gametype|doubles\n|player|p1|onassi2|lance|\n|player|p2|pinapplehead|janitor|\n|teamsize|p1|6\n|teamsize|p2|6\n|gen|9\n|tier|[Gen 9] VGC 2023 Regulation E\n|rule|Species Clause: Limit one of each Pok\u00e9mon\n|rule|Item Clause: Limit one of each item\n|clearpoke\n|poke|p1|Thundurus, L50, M|\n|poke|p1|Enamorus, L50, F|\n|poke|p1|Ting-Lu, L50|\n|poke|p1|Tyranitar, L50, F|\n|poke|p1|Corviknight, L50, F|\n|poke|p1|Gothorita, L50, M|\n|poke|p2|Farigiraf, L50, M|\n|poke|p2|Great Tusk, L50|\n|poke|p2|Scream Tail, L50|\n|poke|p2|Iron Jugulis, L50|\n|poke|p2|Salamence, L50, F|\n|poke|p2|Bisharp, L50, F|\n|teampreview|4\n|c|\u2606pinapplehead|GL\n|c|\u2606onassi2|you too!\n|j| smelio\n|j| JNEWMZ\n|inactive|Battle timer is ON: inactive players will automatically lose when time's up. (requested by onassi2)\n|c|\u2606pinapplehead|sorry dog is making noise\n|inactive|pinapplehead has 60 seconds left.\n|\n|t:|1700272538\n|start\n|switch|p1a: Wo-Pao|Thundurus, L50, M, shiny|100\/100\n|switch|p1b: Yu-Chien|Enamorus, L50, F|100\/100\n|switch|p2a: wanker|Iron Jugulis, L50|100\/100\n|switch|p2b: Jer Koff|Farigiraf, L50, M|100\/100\n|-enditem|p2a: wanker|Booster Energy\n|-activate|p2a: wanker|ability: Quark Drive|[fromitem]\n|-start|p2a: wanker|quarkdrivespe\n|turn|1\n|inactive|pinapplehead has 30 seconds left.\n|inactive|pinapplehead has 20 seconds left.\n|inactive|pinapplehead has 15 seconds left.\n|inactive|onassi2 has 30 seconds left.\n|inactive|pinapplehead has 10 seconds left.\n|inactiveoff|Battle timer is now OFF.\n|c|\u2606onassi2|idk why battle timer was on sorry\n|c|\u2606pinapplehead|panic mode\n|\n|t:|1700272624\n|switch|p2b: Sitonlefthand|Bisharp, L50, F|100\/100\n|move|p2a: wanker|Protect|p2a: wanker\n|-singleturn|p2a: wanker|Protect\n|move|p1a: Wo-Pao|Eerie Impulse|p1b: Yu-Chien\n|-boost|p1b: Yu-Chien|spa|2\n|move|p1b: Yu-Chien|Dazzling Gleam|p2b: Sitonlefthand|[spread] p2b\n|-activate|p2a: wanker|move: Protect\n|-damage|p2b: Sitonlefthand|45\/100\n|\n|upkeep\n|turn|2\n|c|\u2606pinapplehead|thats why i said dog\n|c|\u2606onassi2|sorry broseph\n|\n|t:|1700272661\n|move|p1b: Yu-Chien|Protect|p1b: Yu-Chien\n|-singleturn|p1b: Yu-Chien|Protect\n|move|p2a: wanker|Tailwind|p2a: wanker\n|-sidestart|p2: pinapplehead|move: Tailwind\n|move|p2b: Sitonlefthand|Iron Head|p1b: Yu-Chien\n|-activate|p1b: Yu-Chien|move: Protect\n|move|p1a: Wo-Pao|Wildbolt Storm|p2a: wanker|[spread] p2a,p2b\n|-supereffective|p2a: wanker\n|-damage|p2a: wanker|16\/100\n|-damage|p2b: Sitonlefthand|17\/100\n|\n|upkeep\n|turn|3\n|\n|t:|1700272689\n|move|p1a: Wo-Pao|Scary Face|p1b: Yu-Chien\n|-boost|p1b: Yu-Chien|spe|2\n|move|p2a: wanker|Dark Pulse|p1a: Wo-Pao\n|-damage|p1a: Wo-Pao|66\/100\n|move|p1b: Yu-Chien|Dazzling Gleam|p2a: wanker|[spread] p2a,p2b\n|-supereffective|p2a: wanker\n|-crit|p2a: wanker\n|-damage|p2a: wanker|0 fnt\n|-damage|p2b: Sitonlefthand|0 fnt\n|faint|p2a: wanker\n|-end|p2a: wanker|Quark Drive|[silent]\n|faint|p2b: Sitonlefthand\n|\n|upkeep\n|\n|t:|1700272700\n|switch|p2a: Palmala handerson|Great Tusk, L50|100\/100\n|switch|p2b: Jer Koff|Farigiraf, L50, M|100\/100\n|turn|4\n|\n|t:|1700272732\n|-terastallize|p2a: Palmala handerson|Steel\n|move|p1a: Wo-Pao|Scary Face|p1b: Yu-Chien\n|-boost|p1b: Yu-Chien|spe|2\n|move|p1b: Yu-Chien|Draining Kiss|p2a: Palmala handerson\n|-resisted|p2a: Palmala handerson\n|-damage|p2a: Palmala handerson|82\/100\n|move|p2a: Palmala handerson|Rock Slide|p1b: Yu-Chien|[spread] p1a,p1b\n|-supereffective|p1a: Wo-Pao\n|-supereffective|p1b: Yu-Chien\n|-damage|p1a: Wo-Pao|19\/100\n|-damage|p1b: Yu-Chien|55\/100\n|move|p2b: Jer Koff|Shadow Ball|p1b: Yu-Chien\n|-damage|p1b: Yu-Chien|27\/100\n|-boost|p1b: Yu-Chien|spd|1\n|\n|upkeep\n|turn|5\n|\n|t:|1700272757\n|move|p1b: Yu-Chien|Protect|p1b: Yu-Chien\n|-singleturn|p1b: Yu-Chien|Protect\n|move|p2a: Palmala handerson|Rock Slide|p1a: Wo-Pao|[spread] p1a\n|-activate|p1b: Yu-Chien|move: Protect\n|-supereffective|p1a: Wo-Pao\n|-damage|p1a: Wo-Pao|0 fnt\n|faint|p1a: Wo-Pao\n|move|p2b: Jer Koff|Imprison|p2b: Jer Koff\n|-start|p2b: Jer Koff|move: Imprison\n|\n|-sideend|p2: pinapplehead|move: Tailwind\n|upkeep\n|\n|t:|1700272761\n|switch|p1a: Ting-Pao|Tyranitar, L50, F, shiny|100\/100\n|-weather|Sandstorm|[from] ability: Sand Stream|[of] p1a: Ting-Pao\n|turn|6\n|\n|t:|1700272820\n|-terastallize|p1a: Ting-Pao|Flying\n|move|p1b: Yu-Chien|Earth Power|p2a: Palmala handerson\n|-supereffective|p2a: Palmala handerson\n|-damage|p2a: Palmala handerson|0 fnt\n|faint|p2a: Palmala handerson\n|-end|p2a: Palmala handerson|Protosynthesis|[silent]\n|move|p1a: Ting-Pao|Crunch|p2b: Jer Koff\n|-supereffective|p2b: Jer Koff\n|-damage|p2b: Jer Koff|16\/100\n|-enditem|p2b: Jer Koff|Sitrus Berry|[eat]\n|-heal|p2b: Jer Koff|41\/100|[from] item: Sitrus Berry\n|move|p2b: Jer Koff|Shadow Ball|p1a: Ting-Pao\n|-damage|p1a: Ting-Pao|87\/100\n|\n|-weather|Sandstorm|[upkeep]\n|-damage|p1a: Ting-Pao|82\/100|[from] Sandstorm\n|-damage|p2b: Jer Koff|35\/100|[from] Sandstorm\n|upkeep\n|turn|7\n|\n|t:|1700272836\n|move|p1b: Yu-Chien|Dazzling Gleam|p2b: Jer Koff\n|-damage|p2b: Jer Koff|0 fnt\n|faint|p2b: Jer Koff\n|\n|win|onassi2\n|c|\u2606pinapplehead|gg\n|c|\u2606onassi2|gg\n|l| JNEWMZ\n","uploadtime":1700272845,"views":43,"p1id":"onassi2","p2id":"pinapplehead","formatid":"gen9vgc2023regulatione","rating":0,"private":0,"password":""}