{"id":"gen9vgc2023regulatione-1998777250","p1":"Gobrantester","p2":"everlol","format":"[Gen 9] VGC 2023 Regulation E","log":"|j|\u2606Gobrantester\n|j|\u2606everlol\n|t:|1700988690\n|gametype|doubles\n|player|p1|Gobrantester|giovanni|1553\n|player|p2|everlol|265|1504\n|teamsize|p1|6\n|teamsize|p2|6\n|gen|9\n|tier|[Gen 9] VGC 2023 Regulation E\n|rated|\n|rule|Species Clause: Limit one of each Pok\u00e9mon\n|rule|Item Clause: Limit one of each item\n|clearpoke\n|poke|p1|Regieleki, L50|\n|poke|p1|Indeedee-F, L50, F|\n|poke|p1|Urshifu-*, L50, M|\n|poke|p1|Murkrow, L50, M|\n|poke|p1|Flutter Mane, L50|\n|poke|p1|Chi-Yu, L50|\n|poke|p2|Flutter Mane, L50|\n|poke|p2|Indeedee-F, L50, F|\n|poke|p2|Sneasler, L50, M|\n|poke|p2|Armarouge, L50, F|\n|poke|p2|Urshifu-*, L50, M|\n|poke|p2|Iron Bundle, L50|\n|teampreview|4\n|inactive|Battle timer is ON: inactive players will automatically lose when time's up. (requested by Gobrantester)\n|inactive|everlol also wants the timer to be on.\n|\n|t:|1700988716\n|start\n|switch|p1a: Murkrow|Murkrow, L50, M|100\/100\n|switch|p1b: Chi-Yu|Chi-Yu, L50|100\/100\n|switch|p2a: Iron Bundle|Iron Bundle, L50|100\/100\n|switch|p2b: Flutter Mane|Flutter Mane, L50|100\/100\n|-ability|p1b: Chi-Yu|Beads of Ruin\n|-enditem|p2a: Iron Bundle|Booster Energy\n|-activate|p2a: Iron Bundle|ability: Quark Drive|[fromitem]\n|-start|p2a: Iron Bundle|quarkdrivespe\n|turn|1\n|\n|t:|1700988734\n|-terastallize|p2a: Iron Bundle|Ground\n|move|p1a: Murkrow|Quash|p2a: Iron Bundle\n|-activate|p2a: Iron Bundle|move: Quash\n|move|p2b: Flutter Mane|Moonblast|p1a: Murkrow\n|-supereffective|p1a: Murkrow\n|-enditem|p1a: Murkrow|Focus Sash\n|-damage|p1a: Murkrow|1\/100\n|move|p1b: Chi-Yu|Snarl|p2b: Flutter Mane|[spread] p2a,p2b\n|-crit|p2b: Flutter Mane\n|-damage|p2a: Iron Bundle|43\/100\n|-damage|p2b: Flutter Mane|50\/100\n|-unboost|p2a: Iron Bundle|spa|1\n|-unboost|p2b: Flutter Mane|spa|1\n|move|p2a: Iron Bundle|Tera Blast|p1b: Chi-Yu|[anim] Tera Blast Ground\n|-supereffective|p1b: Chi-Yu\n|-damage|p1b: Chi-Yu|45\/100\n|\n|upkeep\n|turn|2\n|inactive|Gobrantester has 30 seconds left.\n|\n|t:|1700988768\n|-end|p2b: Flutter Mane|Protosynthesis|[silent]\n|switch|p2b: Indeedee|Indeedee-F, L50, F|100\/100\n|-fieldstart|move: Psychic Terrain|[from] ability: Psychic Surge|[of] p2b: Indeedee\n|switch|p1b: Indeedee|Indeedee-F, L50, F|100\/100\n|-enditem|p1b: Indeedee|Psychic Seed\n|-boost|p1b: Indeedee|spd|1|[from] item: Psychic Seed\n|move|p1a: Murkrow|Tailwind|p1a: Murkrow\n|-sidestart|p1: Gobrantester|move: Tailwind\n|move|p2a: Iron Bundle|Tera Blast|p1b: Indeedee|[anim] Tera Blast Ground\n|-damage|p1b: Indeedee|85\/100\n|\n|upkeep\n|turn|3\n|\n|t:|1700988789\n|move|p2a: Iron Bundle|Encore|p1a: Murkrow\n|-start|p1a: Murkrow|Encore\n|move|p1a: Murkrow|Tailwind||[still]\n|-fail|p1a: Murkrow\n|move|p1b: Indeedee|Hyper Voice|p2a: Iron Bundle|[spread] p2a,p2b\n|-damage|p2a: Iron Bundle|0 fnt\n|-damage|p2b: Indeedee|73\/100\n|faint|p2a: Iron Bundle\n|-end|p2a: Iron Bundle|Quark Drive|[silent]\n|move|p2b: Indeedee|Trick Room|p2b: Indeedee\n|-fieldstart|move: Trick Room|[of] p2b: Indeedee\n|\n|upkeep\n|\n|t:|1700988799\n|switch|p2a: Flutter Mane|Flutter Mane, L50|50\/100\n|turn|4\n|\n|t:|1700988806\n|move|p2b: Indeedee|Follow Me|p2b: Indeedee\n|-singleturn|p2b: Indeedee|move: Follow Me\n|move|p1a: Murkrow|Tailwind||[still]\n|-fail|p1a: Murkrow\n|move|p2a: Flutter Mane|Dazzling Gleam|p1b: Indeedee|[spread] p1a,p1b\n|-supereffective|p1a: Murkrow\n|-damage|p1a: Murkrow|0 fnt\n|-damage|p1b: Indeedee|59\/100\n|faint|p1a: Murkrow\n|move|p1b: Indeedee|Psychic|p2b: Indeedee\n|-resisted|p2b: Indeedee\n|-crit|p2b: Indeedee\n|-damage|p2b: Indeedee|37\/100\n|\n|upkeep\n|\n|t:|1700988818\n|switch|p1a: Chi-Yu|Chi-Yu, L50|45\/100\n|-ability|p1a: Chi-Yu|Beads of Ruin\n|turn|5\n|\n|t:|1700988831\n|switch|p2b: Sneasler|Sneasler, L50, M|100\/100\n|-enditem|p2b: Sneasler|Psychic Seed\n|-boost|p2b: Sneasler|spd|1|[from] item: Psychic Seed\n|-terastallize|p1a: Chi-Yu|Fire\n|move|p1b: Indeedee|Follow Me|p1b: Indeedee\n|-singleturn|p1b: Indeedee|move: Follow Me\n|move|p2a: Flutter Mane|Moonblast|p1b: Indeedee\n|-damage|p1b: Indeedee|5\/100\n|move|p1a: Chi-Yu|Heat Wave|p2a: Flutter Mane|[spread] p2a,p2b\n|-damage|p2a: Flutter Mane|0 fnt\n|-damage|p2b: Sneasler|26\/100\n|faint|p2a: Flutter Mane\n|-end|p2a: Flutter Mane|Protosynthesis|[silent]\n|\n|-sideend|p1: Gobrantester|move: Tailwind\n|upkeep\n|\n|t:|1700988843\n|switch|p2a: Indeedee|Indeedee-F, L50, F|37\/100\n|turn|6\n|\n|t:|1700988851\n|move|p2b: Sneasler|Protect|p2b: Sneasler\n|-singleturn|p2b: Sneasler|Protect\n|move|p1b: Indeedee|Follow Me|p1b: Indeedee\n|-singleturn|p1b: Indeedee|move: Follow Me\n|move|p2a: Indeedee|Dazzling Gleam|p1b: Indeedee|[spread] p1a,p1b\n|-resisted|p1a: Chi-Yu\n|-crit|p1b: Indeedee\n|-damage|p1a: Chi-Yu|37\/100\n|-damage|p1b: Indeedee|0 fnt\n|faint|p1b: Indeedee\n|move|p1a: Chi-Yu|Heat Wave|p2a: Indeedee|[spread] p2a\n|-activate|p2b: Sneasler|move: Protect\n|-damage|p2a: Indeedee|0 fnt\n|faint|p2a: Indeedee\n|\n|-fieldend|move: Psychic Terrain\n|upkeep\n|\n|t:|1700988858\n|switch|p1b: Regieleki|Regieleki, L50|100\/100\n|turn|7\n|\n|t:|1700988871\n|move|p1b: Regieleki|Protect|p1b: Regieleki\n|-singleturn|p1b: Regieleki|Protect\n|move|p2b: Sneasler|Protect||[still]\n|-fail|p2b: Sneasler\n|move|p1a: Chi-Yu|Heat Wave|p2b: Sneasler\n|-damage|p2b: Sneasler|0 fnt\n|faint|p2b: Sneasler\n|\n|win|Gobrantester\n|raw|Gobrantester's rating: 1553 &rarr; <strong>1570<\/strong><br \/>(+17 for winning)\n|raw|everlol's rating: 1504 &rarr; <strong>1487<\/strong><br \/>(-17 for losing)\n","uploadtime":1700988875,"views":1,"p1id":"gobrantester","p2id":"everlol","formatid":"gen9vgc2023regulatione","rating":1487,"private":0,"password":""}