{"id":"gen9vgc2023regulatione-1992939851","p1":"Spottedwoot","p2":"The Pringle Pirate","format":"[Gen 9] VGC 2023 Regulation E","log":"|j|\u2606Spottedwoot\n|j|\u2606The Pringle Pirate\n|t:|1700248644\n|gametype|doubles\n|player|p1|Spottedwoot|102|1662\n|player|p2|The Pringle Pirate|sailor|1611\n|teamsize|p1|6\n|teamsize|p2|6\n|gen|9\n|tier|[Gen 9] VGC 2023 Regulation E\n|rated|\n|rule|Species Clause: Limit one of each Pok\u00e9mon\n|rule|Item Clause: Limit one of each item\n|clearpoke\n|poke|p1|Ogerpon-Wellspring, L50, F|\n|poke|p1|Iron Hands, L50|\n|poke|p1|Kingambit, L50, M|\n|poke|p1|Chi-Yu, L50|\n|poke|p1|Flutter Mane, L50|\n|poke|p1|Landorus-Therian, L50, M|\n|poke|p2|Gliscor, L50, M|\n|poke|p2|Orthworm, L50, M|\n|poke|p2|Thundurus, L50, M|\n|poke|p2|Roaring Moon, L50|\n|poke|p2|Rotom-Heat, L50|\n|poke|p2|Articuno-Galar, L50|\n|teampreview|4\n|inactive|Battle timer is ON: inactive players will automatically lose when time's up. (requested by Spottedwoot)\n|\n|t:|1700248674\n|start\n|switch|p1a: Kingambit|Kingambit, L50, M|100\/100\n|switch|p1b: Flutter Mane|Flutter Mane, L50|100\/100\n|switch|p2a: Thundurus|Thundurus, L50, M|100\/100\n|switch|p2b: Orthworm|Orthworm, L50, M|100\/100\n|-enditem|p1b: Flutter Mane|Booster Energy\n|-activate|p1b: Flutter Mane|ability: Protosynthesis|[fromitem]\n|-start|p1b: Flutter Mane|protosynthesisspe\n|turn|1\n|\n|t:|1700248690\n|move|p2a: Thundurus|Eerie Impulse|p1b: Flutter Mane\n|-unboost|p1b: Flutter Mane|spa|2\n|move|p1b: Flutter Mane|Moonblast|p2a: Thundurus\n|-damage|p2a: Thundurus|70\/100\n|move|p2b: Orthworm|Heavy Slam|p1b: Flutter Mane\n|-supereffective|p1b: Flutter Mane\n|-damage|p1b: Flutter Mane|0 fnt\n|faint|p1b: Flutter Mane\n|-end|p1b: Flutter Mane|Protosynthesis|[silent]\n|move|p1a: Kingambit|Swords Dance|p1a: Kingambit\n|-boost|p1a: Kingambit|atk|2\n|\n|upkeep\n|\n|t:|1700248698\n|switch|p1b: Chi-Yu|Chi-Yu, L50|100\/100\n|-ability|p1b: Chi-Yu|Beads of Ruin\n|turn|2\n|\n|t:|1700248714\n|-terastallize|p2b: Orthworm|Fire\n|move|p1a: Kingambit|Sucker Punch|p2a: Thundurus\n|-damage|p2a: Thundurus|0 fnt\n|faint|p2a: Thundurus\n|move|p1b: Chi-Yu|Heat Wave|p2b: Orthworm\n|-resisted|p2b: Orthworm\n|-damage|p2b: Orthworm|59\/100\n|move|p2b: Orthworm|Body Press|p1a: Kingambit\n|-supereffective|p1a: Kingambit\n|-crit|p1a: Kingambit\n|-damage|p1a: Kingambit|0 fnt\n|faint|p1a: Kingambit\n|\n|upkeep\n|\n|t:|1700248728\n|switch|p2a: Articuno|Articuno-Galar, L50|100\/100\n|switch|p1a: Ogerpon|Ogerpon-Wellspring, L50, F|100\/100\n|turn|3\n|\n|t:|1700248738\n|-terastallize|p1a: Ogerpon|Water\n|detailschange|p1a: Ogerpon|Ogerpon-Wellspring-Tera, L50, F, tera:Water\n|-ability|p1a: Ogerpon|Embody Aspect (Wellspring)|boost\n|-boost|p1a: Ogerpon|spd|1\n|move|p1b: Chi-Yu|Dark Pulse|p2a: Articuno\n|-supereffective|p2a: Articuno\n|-damage|p2a: Articuno|23\/100\n|move|p1a: Ogerpon|Ivy Cudgel|p2b: Orthworm|[anim] Ivy Cudgel Water\n|-supereffective|p2b: Orthworm\n|-damage|p2b: Orthworm|0 fnt\n|faint|p2b: Orthworm\n|move|p2a: Articuno|Trick Room|p2a: Articuno\n|-fieldstart|move: Trick Room|[of] p2a: Articuno\n|\n|upkeep\n|\n|t:|1700248748\n|switch|p2b: Gliscor|Gliscor, L50, M|100\/100\n|turn|4\n|\n|t:|1700248765\n|move|p1b: Chi-Yu|Protect|p1b: Chi-Yu\n|-singleturn|p1b: Chi-Yu|Protect\n|move|p2a: Articuno|Air Slash|p1a: Ogerpon|[miss]\n|-miss|p2a: Articuno|p1a: Ogerpon\n|move|p2b: Gliscor|Swords Dance|p2b: Gliscor\n|-boost|p2b: Gliscor|atk|2\n|move|p1a: Ogerpon|Ivy Cudgel|p2a: Articuno|[anim] Ivy Cudgel Water\n|-damage|p2a: Articuno|0 fnt\n|faint|p2a: Articuno\n|\n|-status|p2b: Gliscor|tox|[from] item: Toxic Orb\n|upkeep\n|turn|5\n|\n|t:|1700248777\n|move|p2b: Gliscor|Earthquake|p1a: Ogerpon|[spread] p1a,p1b\n|-supereffective|p1b: Chi-Yu\n|-damage|p1a: Ogerpon|47\/100\n|-damage|p1b: Chi-Yu|0 fnt\n|faint|p1b: Chi-Yu\n|move|p1a: Ogerpon|Ivy Cudgel|p2b: Gliscor|[anim] Ivy Cudgel Water\n|-supereffective|p2b: Gliscor\n|-damage|p2b: Gliscor|3\/100 tox\n|\n|-heal|p2b: Gliscor|15\/100 tox|[from] ability: Poison Heal\n|upkeep\n|turn|6\n|\n|t:|1700248790\n|move|p1a: Ogerpon|Spiky Shield|p1a: Ogerpon\n|-singleturn|p1a: Ogerpon|move: Protect\n|move|p2b: Gliscor|Earthquake|p1a: Ogerpon\n|-activate|p1a: Ogerpon|move: Protect\n|\n|-heal|p2b: Gliscor|28\/100 tox|[from] ability: Poison Heal\n|upkeep\n|turn|7\n|\n|t:|1700248795\n|move|p2b: Gliscor|Earthquake|p1a: Ogerpon\n|-damage|p1a: Ogerpon|0 fnt\n|faint|p1a: Ogerpon\n|\n|win|The Pringle Pirate\n|raw|Spottedwoot's rating: 1662 &rarr; <strong>1639<\/strong><br \/>(-23 for losing)\n|raw|The Pringle Pirate's rating: 1611 &rarr; <strong>1634<\/strong><br \/>(+23 for winning)\n|l|\u2606Spottedwoot\n","uploadtime":1700248809,"views":10,"p1id":"spottedwoot","p2id":"thepringlepirate","formatid":"gen9vgc2023regulatione","rating":1634,"private":0,"password":""}