{"id":"gen9vgc2023regulatione-1987961901","p1":"ropelife","p2":"carpe_panem","format":"[Gen 9] VGC 2023 Regulation E","log":"|j|\u2606ropelife\n|j|\u2606carpe_panem\n|t:|1699653535\n|gametype|doubles\n|player|p1|ropelife|gambler|1037\n|player|p2|carpe_panem|266|1022\n|teamsize|p1|6\n|teamsize|p2|6\n|gen|9\n|tier|[Gen 9] VGC 2023 Regulation E\n|rated|\n|rule|Species Clause: Limit one of each Pok\u00e9mon\n|rule|Item Clause: Limit one of each item\n|clearpoke\n|poke|p1|Arcanine-Hisui, L50, F|\n|poke|p1|Rillaboom, L50, F|\n|poke|p1|Chien-Pao, L50|\n|poke|p1|Yanmega, L50, F|\n|poke|p1|Kommo-o, L50, F|\n|poke|p1|Regieleki, L50|\n|poke|p2|Torterra, L50, M|\n|poke|p2|Grimmsnarl, L50, M|\n|poke|p2|Urshifu-*, L50, M|\n|poke|p2|Cresselia, L50, F|\n|poke|p2|Ursaluna-Bloodmoon, L50, M|\n|poke|p2|Dusclops, L50, F|\n|teampreview|4\n|inactive|Battle timer is ON: inactive players will automatically lose when time's up. (requested by ropelife)\n|inactive|carpe_panem has 60 seconds left.\nropelife rejected open team sheets.\n|\n|t:|1699653577\n|start\n|switch|p1a: Regieleki|Regieleki, L50, shiny|100\/100\n|switch|p1b: Kommo-o|Kommo-o, L50, F, shiny|100\/100\n|switch|p2a: Torterra|Torterra, L50, M|100\/100\n|switch|p2b: Grimmsnarl|Grimmsnarl, L50, M|100\/100\n|turn|1\n|c|\u2606ropelife|glhf\n|\n|t:|1699653593\n|move|p2b: Grimmsnarl|Light Screen|p2b: Grimmsnarl\n|-sidestart|p2: carpe_panem|move: Light Screen\n|move|p1a: Regieleki|Volt Switch|p2b: Grimmsnarl\n|-damage|p2b: Grimmsnarl|71\/100\n|\n|t:|1699653597\n|switch|p1a: Rillaboom|Rillaboom, L50, F, shiny|100\/100|[from] Volt Switch\n|-fieldstart|move: Grassy Terrain|[from] ability: Grassy Surge|[of] p1a: Rillaboom\n|move|p1b: Kommo-o|Iron Defense|p1b: Kommo-o\n|-boost|p1b: Kommo-o|def|2\n|move|p2a: Torterra|Amnesia|p2a: Torterra\n|-boost|p2a: Torterra|spd|2\n|\n|-heal|p2b: Grimmsnarl|77\/100|[from] Grassy Terrain\n|upkeep\n|turn|2\n|\n|t:|1699653614\n|move|p1a: Rillaboom|Fake Out|p2b: Grimmsnarl\n|-damage|p2b: Grimmsnarl|65\/100\n|cant|p2b: Grimmsnarl|flinch\n|move|p1b: Kommo-o|Body Press|p2a: Torterra\n|-damage|p2a: Torterra|40\/100\n|-enditem|p2a: Torterra|Sitrus Berry|[eat]\n|-heal|p2a: Torterra|64\/100|[from] item: Sitrus Berry\n|move|p2a: Torterra|Iron Defense|p2a: Torterra\n|-boost|p2a: Torterra|def|2\n|\n|-heal|p2b: Grimmsnarl|71\/100|[from] Grassy Terrain\n|-heal|p2a: Torterra|70\/100|[from] Grassy Terrain\n|upkeep\n|turn|3\n|\n|t:|1699653634\n|move|p2b: Grimmsnarl|Reflect|p2b: Grimmsnarl\n|-sidestart|p2: carpe_panem|Reflect\n|move|p1a: Rillaboom|Knock Off|p2b: Grimmsnarl\n|-resisted|p2b: Grimmsnarl\n|-damage|p2b: Grimmsnarl|65\/100\n|-enditem|p2b: Grimmsnarl|Light Clay|[from] move: Knock Off|[of] p1a: Rillaboom\n|move|p1b: Kommo-o|Body Press|p2a: Torterra\n|-damage|p2a: Torterra|50\/100\n|move|p2a: Torterra|Iron Defense|p2a: Torterra\n|-boost|p2a: Torterra|def|2\n|\n|-heal|p2b: Grimmsnarl|71\/100|[from] Grassy Terrain\n|-heal|p2a: Torterra|56\/100|[from] Grassy Terrain\n|upkeep\n|turn|4\n|\n|t:|1699653652\n|move|p2b: Grimmsnarl|Parting Shot|p1b: Kommo-o\n|-unboost|p1b: Kommo-o|atk|1\n|-unboost|p1b: Kommo-o|spa|1\n|\n|t:|1699653668\n|switch|p2b: Cresselia|Cresselia, L50, F|100\/100|[from] Parting Shot\n|move|p1a: Rillaboom|U-turn|p2a: Torterra\n|-supereffective|p2a: Torterra\n|-damage|p2a: Torterra|49\/100\n|\n|t:|1699653678\n|switch|p1a: Arcanine|Arcanine-Hisui, L50, F, shiny|100\/100|[from] U-turn\n|-ability|p1a: Arcanine|Intimidate|boost\n|-unboost|p2a: Torterra|atk|1\n|-unboost|p2b: Cresselia|atk|1\n|move|p1b: Kommo-o|Iron Defense|p1b: Kommo-o\n|-boost|p1b: Kommo-o|def|2\n|move|p2a: Torterra|Synthesis|p2a: Torterra\n|-heal|p2a: Torterra|99\/100\n|\n|-heal|p2a: Torterra|100\/100|[from] Grassy Terrain\n|upkeep\n|turn|5\n|\n|t:|1699653693\n|move|p1a: Arcanine|Flare Blitz|p2a: Torterra\n|-supereffective|p2a: Torterra\n|-damage|p2a: Torterra|75\/100\n|-status|p2a: Torterra|brn\n|-damage|p1a: Arcanine|90\/100|[from] Recoil\n|move|p1b: Kommo-o|Body Press|p2a: Torterra\n|-damage|p2a: Torterra|55\/100 brn\n|move|p2a: Torterra|Iron Defense|p2a: Torterra\n|-boost|p2a: Torterra|def|2\n|move|p2b: Cresselia|Trick Room|p2b: Cresselia\n|-fieldstart|move: Trick Room|[of] p2b: Cresselia\n|\n|-heal|p2a: Torterra|61\/100 brn|[from] Grassy Terrain\n|-heal|p1a: Arcanine|96\/100|[from] Grassy Terrain\n|-damage|p2a: Torterra|55\/100 brn|[from] brn\n|-fieldend|move: Grassy Terrain\n|upkeep\n|turn|6\n|\n|t:|1699653712\n|switch|p1a: Rillaboom|Rillaboom, L50, F, shiny|100\/100\n|-fieldstart|move: Grassy Terrain|[from] ability: Grassy Surge|[of] p1a: Rillaboom\n|move|p2a: Torterra|Body Press|p1a: Rillaboom\n|-damage|p1a: Rillaboom|47\/100\n|move|p2b: Cresselia|Lunar Blessing|p2b: Cresselia|[spread] p2a,p2b\n|-heal|p2a: Torterra|80\/100 brn\n|-curestatus|p2a: Torterra|brn|[msg]\n|move|p1b: Kommo-o|Iron Defense|p1b: Kommo-o\n|-boost|p1b: Kommo-o|def|2\n|\n|-heal|p2a: Torterra|86\/100|[from] Grassy Terrain\n|-heal|p1a: Rillaboom|53\/100|[from] Grassy Terrain\n|upkeep\n|turn|7\n|inactive|carpe_panem has 30 seconds left.\n|\n|t:|1699653739\n|move|p1a: Rillaboom|Fake Out|p2b: Cresselia\n|-damage|p2b: Cresselia|96\/100\n|move|p2a: Torterra|Body Press|p1a: Rillaboom\n|-damage|p1a: Rillaboom|0 fnt\n|faint|p1a: Rillaboom\n|cant|p2b: Cresselia|flinch\n|move|p1b: Kommo-o|Body Press|p2a: Torterra\n|-damage|p2a: Torterra|68\/100\n|\n|-heal|p2a: Torterra|74\/100|[from] Grassy Terrain\n|upkeep\n|\n|t:|1699653749\n|switch|p1a: Arcanine|Arcanine-Hisui, L50, F, shiny|96\/100\n|-ability|p1a: Arcanine|Intimidate|boost\n|-unboost|p2a: Torterra|atk|1\n|-unboost|p2b: Cresselia|atk|1\n|turn|8\n|\n|t:|1699653762\n|move|p2a: Torterra|Body Press|p1a: Arcanine\n|-supereffective|p1a: Arcanine\n|-damage|p1a: Arcanine|0 fnt\n|faint|p1a: Arcanine\n|move|p2b: Cresselia|Calm Mind|p2b: Cresselia\n|-boost|p2b: Cresselia|spa|1\n|-boost|p2b: Cresselia|spd|1\n|move|p1b: Kommo-o|Body Press|p2a: Torterra\n|-damage|p2a: Torterra|55\/100\n|\n|-heal|p2a: Torterra|61\/100|[from] Grassy Terrain\n|-sideend|p2: carpe_panem|move: Light Screen\n|upkeep\n|\n|t:|1699653766\n|switch|p1a: Regieleki|Regieleki, L50, shiny|100\/100\n|turn|9\n|\n|t:|1699653789\n|move|p1b: Kommo-o|Protect|p1b: Kommo-o\n|-singleturn|p1b: Kommo-o|Protect\n|move|p1a: Regieleki|Protect|p1a: Regieleki\n|-singleturn|p1a: Regieleki|Protect\n|move|p2a: Torterra|Body Press|p1b: Kommo-o\n|-activate|p1b: Kommo-o|move: Protect\n|move|p2b: Cresselia|Lunar Blessing|p2b: Cresselia|[spread] p2a,p2b\n|-heal|p2a: Torterra|86\/100\n|-heal|p2b: Cresselia|100\/100\n|\n|-heal|p2a: Torterra|92\/100|[from] Grassy Terrain\n|-fieldend|move: Trick Room\n|upkeep\n|turn|10\n|\n|t:|1699653810\n|move|p1a: Regieleki|Thunderbolt|p2b: Cresselia\n|-damage|p2b: Cresselia|74\/100\n|move|p1b: Kommo-o|Body Press|p2b: Cresselia\n|-resisted|p2b: Cresselia\n|-damage|p2b: Cresselia|45\/100\n|move|p2a: Torterra|Body Press|p1b: Kommo-o\n|-damage|p1b: Kommo-o|83\/100\n|move|p2b: Cresselia|Trick Room|p2b: Cresselia\n|-fieldstart|move: Trick Room|[of] p2b: Cresselia\n|\n|-heal|p2a: Torterra|98\/100|[from] Grassy Terrain\n|-heal|p1b: Kommo-o|89\/100|[from] Grassy Terrain\n|-sideend|p2: carpe_panem|Reflect\n|-fieldend|move: Grassy Terrain\n|upkeep\n|turn|11\n|\n|t:|1699653832\n|switch|p2b: Ursaluna|Ursaluna-Bloodmoon, L50, M|100\/100\n|move|p2a: Torterra|Body Press|p1b: Kommo-o\n|-damage|p1b: Kommo-o|70\/100\n|move|p1b: Kommo-o|Body Press|p2b: Ursaluna\n|-supereffective|p2b: Ursaluna\n|-damage|p2b: Ursaluna|0 fnt\n|faint|p2b: Ursaluna\n|move|p1a: Regieleki|Thunderbolt|p2a: Torterra\n|-immune|p2a: Torterra\n|\n|upkeep\n|\n|t:|1699653844\n|switch|p2b: Grimmsnarl|Grimmsnarl, L50, M|71\/100\n|turn|12\n|\n|t:|1699653853\n|move|p1a: Regieleki|Protect|p1a: Regieleki\n|-singleturn|p1a: Regieleki|Protect\n|move|p2b: Grimmsnarl|Parting Shot|p1a: Regieleki\n|-activate|p1a: Regieleki|move: Protect\n|move|p2a: Torterra|Body Press|p1a: Regieleki\n|-activate|p1a: Regieleki|move: Protect\n|move|p1b: Kommo-o|Body Press|p2a: Torterra\n|-damage|p2a: Torterra|69\/100\n|\n|upkeep\n|turn|13\n|\n|t:|1699653874\n|move|p2b: Grimmsnarl|Reflect|p2b: Grimmsnarl\n|-sidestart|p2: carpe_panem|Reflect\n|move|p2a: Torterra|Body Press|p1a: Regieleki\n|-damage|p1a: Regieleki|0 fnt\n|faint|p1a: Regieleki\n|move|p1b: Kommo-o|Body Press|p2b: Grimmsnarl\n|-damage|p2b: Grimmsnarl|0 fnt\n|faint|p2b: Grimmsnarl\n|\n|upkeep\n|\n|t:|1699653882\n|switch|p2b: Cresselia|Cresselia, L50, F|45\/100\n|turn|14\n|\n|t:|1699653886\n|move|p2a: Torterra|Body Press|p1b: Kommo-o\n|-damage|p1b: Kommo-o|52\/100\n|move|p2b: Cresselia|Lunar Blessing|p2b: Cresselia|[spread] p2a,p2b\n|-heal|p2a: Torterra|94\/100\n|-heal|p2b: Cresselia|70\/100\n|move|p1b: Kommo-o|Body Press|p2b: Cresselia\n|-resisted|p2b: Cresselia\n|-damage|p2b: Cresselia|41\/100\n|\n|-fieldend|move: Trick Room\n|upkeep\n|turn|15\n|\n|t:|1699653903\n|move|p1b: Kommo-o|Body Press|p2b: Cresselia\n|-resisted|p2b: Cresselia\n|-damage|p2b: Cresselia|12\/100\n|move|p2a: Torterra|Body Press|p1b: Kommo-o\n|-damage|p1b: Kommo-o|32\/100\n|move|p2b: Cresselia|Trick Room|p2b: Cresselia\n|-fieldstart|move: Trick Room|[of] p2b: Cresselia\n|\n|upkeep\n|turn|16\n|\n|t:|1699653914\n|move|p2a: Torterra|Body Press|p1b: Kommo-o\n|-damage|p1b: Kommo-o|14\/100\n|-enditem|p1b: Kommo-o|Aguav Berry|[eat]\n|-heal|p1b: Kommo-o|48\/100|[from] item: Aguav Berry\n|move|p2b: Cresselia|Lunar Blessing|p2b: Cresselia|[spread] p2a,p2b\n|-heal|p2a: Torterra|100\/100\n|-heal|p2b: Cresselia|38\/100\n|move|p1b: Kommo-o|Body Press|p2b: Cresselia\n|-resisted|p2b: Cresselia\n|-damage|p2b: Cresselia|8\/100\n|\n|upkeep\n|turn|17\n|\n|t:|1699653932\n|move|p2a: Torterra|Body Press|p1b: Kommo-o\n|-damage|p1b: Kommo-o|28\/100\n|move|p2b: Cresselia|Lunar Blessing|p2b: Cresselia|[spread] p2a,p2b\n|-heal|p2b: Cresselia|34\/100\n|move|p1b: Kommo-o|Body Press|p2b: Cresselia\n|-resisted|p2b: Cresselia\n|-damage|p2b: Cresselia|3\/100\n|\n|-sideend|p2: carpe_panem|Reflect\n|upkeep\n|turn|18\n|\n|t:|1699653951\n|move|p2a: Torterra|Body Press|p1b: Kommo-o\n|-damage|p1b: Kommo-o|8\/100\n|move|p2b: Cresselia|Stored Power|p1b: Kommo-o\n|-supereffective|p1b: Kommo-o\n|-damage|p1b: Kommo-o|0 fnt\n|faint|p1b: Kommo-o\n|\n|win|carpe_panem\n|raw|ropelife's rating: 1037 &rarr; <strong>1021<\/strong><br \/>(-16 for losing)\n|raw|carpe_panem's rating: 1022 &rarr; <strong>1060<\/strong><br \/>(+38 for winning)\n|l|\u2606ropelife\n","uploadtime":1699653963,"views":26,"p1id":"ropelife","p2id":"carpepanem","formatid":"gen9vgc2023regulatione","rating":1021,"private":0,"password":""}