{"id":"gen9vgc2023regulatione-1990206048","p1":"Kzrkrzov","p2":"Manny#9","format":"[Gen 9] VGC 2023 Regulation E","log":"|j|\u2606Kzrkrzov\n|j|\u2606Manny#9\n|t:|1699937240\n|gametype|doubles\n|player|p1|Kzrkrzov|lance|1274\n|player|p2|Manny#9|102|1284\n|teamsize|p1|6\n|teamsize|p2|6\n|gen|9\n|tier|[Gen 9] VGC 2023 Regulation E\n|rated|\n|rule|Species Clause: Limit one of each Pok\u00e9mon\n|rule|Item Clause: Limit one of each item\n|clearpoke\n|poke|p1|Flutter Mane, L50|\n|poke|p1|Tornadus, L50, M|\n|poke|p1|Rillaboom, L50, M|\n|poke|p1|Garganacl, L50, M|\n|poke|p1|Arcanine-Hisui, L50, M|\n|poke|p1|Chien-Pao, L50|\n|poke|p2|Tyranitar, L50, M|\n|poke|p2|Lycanroc, L50, F|\n|poke|p2|Flutter Mane, L50|\n|poke|p2|Brute Bonnet, L50|\n|poke|p2|Chien-Pao, L50|\n|poke|p2|Iron Hands, L50|\n|teampreview|4\n|\n|t:|1699937300\n|start\n|switch|p1a: Tornadus|Tornadus, L50, M|100\/100\n|switch|p1b: Arcanine|Arcanine-Hisui, L50, M|100\/100\n|switch|p2a: Tyranitar|Tyranitar, L50, M|100\/100\n|switch|p2b: Lycanroc|Lycanroc, L50, F|100\/100\n|-ability|p1b: Arcanine|Intimidate|boost\n|-unboost|p2a: Tyranitar|atk|1\n|-unboost|p2b: Lycanroc|atk|1\n|-weather|Sandstorm|[from] ability: Sand Stream|[of] p2a: Tyranitar\n|turn|1\n|\n|t:|1699937321\n|switch|p1b: Garganacl|Garganacl, L50, M|100\/100\n|move|p1a: Tornadus|Sunny Day|p1a: Tornadus\n|-weather|SunnyDay\n|move|p2b: Lycanroc|Rock Slide|p1b: Garganacl|[spread] p1a,p1b\n|-supereffective|p1a: Tornadus\n|-damage|p1a: Tornadus|52\/100\n|-damage|p1b: Garganacl|86\/100\n|move|p2a: Tyranitar|Ice Punch|p1a: Tornadus\n|-supereffective|p1a: Tornadus\n|-damage|p1a: Tornadus|6\/100\n|-damage|p2a: Tyranitar|84\/100|[from] item: Rocky Helmet|[of] p1a: Tornadus\n|\n|-weather|SunnyDay|[upkeep]\n|upkeep\n|turn|2\n|\n|t:|1699937340\n|switch|p2a: Iron Hands|Iron Hands, L50|100\/100\n|-terastallize|p1b: Garganacl|Ghost\n|move|p1a: Tornadus|Tailwind|p1a: Tornadus\n|-sidestart|p1: Kzrkrzov|move: Tailwind\n|move|p2b: Lycanroc|Rock Slide|p1a: Tornadus|[spread] p1a,p1b\n|-supereffective|p1a: Tornadus\n|-damage|p1a: Tornadus|0 fnt\n|-damage|p1b: Garganacl|72\/100\n|faint|p1a: Tornadus\n|move|p1b: Garganacl|Iron Defense|p1b: Garganacl\n|-boost|p1b: Garganacl|def|2\n|\n|-weather|SunnyDay|[upkeep]\n|upkeep\n|\n|t:|1699937346\n|switch|p1a: Arcanine|Arcanine-Hisui, L50, M|100\/100\n|-ability|p1a: Arcanine|Intimidate|boost\n|-unboost|p2a: Iron Hands|atk|1\n|-unboost|p2b: Lycanroc|atk|1\n|turn|3\n|\n|t:|1699937368\n|move|p1a: Arcanine|Rock Slide|p2b: Lycanroc|[spread] p2a,p2b\n|-resisted|p2a: Iron Hands\n|-damage|p2a: Iron Hands|88\/100\n|-damage|p2b: Lycanroc|26\/100\n|cant|p2b: Lycanroc|flinch\n|move|p1b: Garganacl|Iron Defense|p1b: Garganacl\n|-boost|p1b: Garganacl|def|2\n|cant|p2a: Iron Hands|flinch\n|\n|-weather|SunnyDay|[upkeep]\n|upkeep\n|turn|4\n|\n|t:|1699937401\n|move|p2b: Lycanroc|Endure|p2b: Lycanroc\n|-singleturn|p2b: Lycanroc|move: Endure\n|move|p1a: Arcanine|Rock Slide|p2b: Lycanroc|[spread] p2a,p2b\n|-resisted|p2a: Iron Hands\n|-damage|p2a: Iron Hands|75\/100\n|-activate|p2b: Lycanroc|move: Endure\n|-damage|p2b: Lycanroc|1\/100\n|move|p1b: Garganacl|Iron Defense|p1b: Garganacl\n|-boost|p1b: Garganacl|def|2\n|move|p2a: Iron Hands|Drain Punch|p1a: Arcanine\n|-supereffective|p1a: Arcanine\n|-damage|p1a: Arcanine|22\/100\n|-heal|p2a: Iron Hands|100\/100|[from] drain|[of] p1a: Arcanine\n|\n|-weather|SunnyDay|[upkeep]\n|upkeep\n|turn|5\n|\n|t:|1699937439\n|switch|p1a: Flutter Mane|Flutter Mane, L50|100\/100\n|-activate|p1a: Flutter Mane|ability: Protosynthesis\n|-start|p1a: Flutter Mane|protosynthesisspe\n|move|p2b: Lycanroc|Endeavor|p1a: Flutter Mane\n|-immune|p1a: Flutter Mane\n|move|p1b: Garganacl|Salt Cure|p2b: Lycanroc\n|-damage|p2b: Lycanroc|0 fnt\n|faint|p2b: Lycanroc\n|move|p2a: Iron Hands|Drain Punch|p1a: Flutter Mane\n|-immune|p1a: Flutter Mane\n|\n|-weather|none\n|-end|p1a: Flutter Mane|Protosynthesis\n|-sideend|p1: Kzrkrzov|move: Tailwind\n|upkeep\n|-enditem|p1a: Flutter Mane|Booster Energy\n|-activate|p1a: Flutter Mane|ability: Protosynthesis|[fromitem]\n|-start|p1a: Flutter Mane|protosynthesisspe\n|\n|t:|1699937461\n|switch|p2b: Tyranitar|Tyranitar, L50, M|84\/100\n|-weather|Sandstorm|[from] ability: Sand Stream|[of] p2b: Tyranitar\n|turn|6\n|\n|t:|1699937478\n|-terastallize|p2b: Tyranitar|Flying\n|move|p1a: Flutter Mane|Protect|p1a: Flutter Mane\n|-singleturn|p1a: Flutter Mane|Protect\n|move|p2b: Tyranitar|Assurance|p1b: Garganacl\n|-supereffective|p1b: Garganacl\n|-damage|p1b: Garganacl|60\/100\n|move|p2a: Iron Hands|Heavy Slam|p1a: Flutter Mane\n|-activate|p1a: Flutter Mane|move: Protect\n|move|p1b: Garganacl|Salt Cure|p2b: Tyranitar\n|-supereffective|p2b: Tyranitar\n|-damage|p2b: Tyranitar|63\/100\n|-start|p2b: Tyranitar|Salt Cure\n|\n|-weather|Sandstorm|[upkeep]\n|-damage|p1a: Flutter Mane|94\/100|[from] Sandstorm\n|-damage|p2b: Tyranitar|57\/100|[from] Sandstorm\n|-damage|p2a: Iron Hands|94\/100|[from] Sandstorm\n|-damage|p1b: Garganacl|54\/100|[from] Sandstorm\n|-damage|p2b: Tyranitar|45\/100|[from] Salt Cure\n|upkeep\n|turn|7\n|\n|t:|1699937498\n|-end|p2a: Iron Hands|Quark Drive|[silent]\n|switch|p2a: Chien-Pao|Chien-Pao, L50|100\/100\n|-ability|p2a: Chien-Pao|Sword of Ruin\n|move|p1a: Flutter Mane|Substitute|p1a: Flutter Mane\n|-start|p1a: Flutter Mane|Substitute\n|-damage|p1a: Flutter Mane|70\/100\n|move|p2b: Tyranitar|Assurance|p1a: Flutter Mane\n|-end|p1a: Flutter Mane|Substitute\n|move|p1b: Garganacl|Recover|p1b: Garganacl\n|-heal|p1b: Garganacl|100\/100\n|\n|-weather|Sandstorm|[upkeep]\n|-damage|p1a: Flutter Mane|64\/100|[from] Sandstorm\n|-damage|p2a: Chien-Pao|95\/100|[from] Sandstorm\n|-damage|p2b: Tyranitar|39\/100|[from] Sandstorm\n|-damage|p1b: Garganacl|95\/100|[from] Sandstorm\n|-damage|p2b: Tyranitar|27\/100|[from] Salt Cure\n|upkeep\n|turn|8\n|\n|t:|1699937523\n|move|p1a: Flutter Mane|Protect|p1a: Flutter Mane\n|-singleturn|p1a: Flutter Mane|Protect\n|move|p2a: Chien-Pao|Sucker Punch||[still]\n|-fail|p2a: Chien-Pao\n|move|p2b: Tyranitar|Rock Slide|p1a: Flutter Mane|[spread] p1b\n|-activate|p1a: Flutter Mane|move: Protect\n|-damage|p1b: Garganacl|87\/100\n|cant|p1b: Garganacl|flinch\n|\n|-weather|Sandstorm|[upkeep]\n|-damage|p1a: Flutter Mane|57\/100|[from] Sandstorm\n|-damage|p2a: Chien-Pao|89\/100|[from] Sandstorm\n|-damage|p2b: Tyranitar|21\/100|[from] Sandstorm\n|-damage|p1b: Garganacl|81\/100|[from] Sandstorm\n|-damage|p2b: Tyranitar|9\/100|[from] Salt Cure\n|upkeep\n|turn|9\n|\n|t:|1699937546\n|move|p2a: Chien-Pao|Sucker Punch|p1a: Flutter Mane\n|-damage|p1a: Flutter Mane|0 fnt\n|faint|p1a: Flutter Mane\n|-end|p1a: Flutter Mane|Protosynthesis|[silent]\n|-damage|p2a: Chien-Pao|79\/100|[from] item: Life Orb\n|move|p2b: Tyranitar|Rock Slide|p1b: Garganacl\n|-damage|p1b: Garganacl|71\/100\n|move|p1b: Garganacl|Salt Cure|p2a: Chien-Pao\n|-supereffective|p2a: Chien-Pao\n|-damage|p2a: Chien-Pao|43\/100\n|-start|p2a: Chien-Pao|Salt Cure\n|\n|-weather|Sandstorm|[upkeep]\n|-damage|p2a: Chien-Pao|37\/100|[from] Sandstorm\n|-damage|p2b: Tyranitar|3\/100|[from] Sandstorm\n|-damage|p1b: Garganacl|65\/100|[from] Sandstorm\n|-damage|p2a: Chien-Pao|25\/100|[from] Salt Cure\n|-damage|p2b: Tyranitar|0 fnt|[from] Salt Cure\n|faint|p2b: Tyranitar\n|upkeep\n|\n|t:|1699937560\n|switch|p1a: Arcanine|Arcanine-Hisui, L50, M|22\/100\n|switch|p2b: Iron Hands|Iron Hands, L50|94\/100\n|-ability|p1a: Arcanine|Intimidate|boost\n|-unboost|p2a: Chien-Pao|atk|1\n|-unboost|p2b: Iron Hands|atk|1\n|turn|10\n|\n|t:|1699937573\n|move|p2b: Iron Hands|Fake Out|p1a: Arcanine\n|-resisted|p1a: Arcanine\n|-damage|p1a: Arcanine|13\/100\n|cant|p1a: Arcanine|flinch\n|move|p2a: Chien-Pao|Sucker Punch|p1b: Garganacl\n|-supereffective|p1b: Garganacl\n|-damage|p1b: Garganacl|50\/100\n|-enditem|p1b: Garganacl|Sitrus Berry|[eat]\n|-heal|p1b: Garganacl|75\/100|[from] item: Sitrus Berry\n|-damage|p2a: Chien-Pao|15\/100|[from] item: Life Orb\n|move|p1b: Garganacl|Salt Cure|p2b: Iron Hands\n|-resisted|p2b: Iron Hands\n|-damage|p2b: Iron Hands|89\/100\n|-start|p2b: Iron Hands|Salt Cure\n|\n|-weather|none\n|-damage|p2a: Chien-Pao|3\/100|[from] Salt Cure\n|-damage|p2b: Iron Hands|76\/100|[from] Salt Cure\n|upkeep\n|turn|11\n|\n|t:|1699937596\n|move|p1a: Arcanine|Extreme Speed|p2a: Chien-Pao\n|-damage|p2a: Chien-Pao|0 fnt\n|faint|p2a: Chien-Pao\n|move|p2b: Iron Hands|Thunder Punch|p1b: Garganacl\n|-damage|p1b: Garganacl|70\/100\n|move|p1b: Garganacl|Recover|p1b: Garganacl\n|-heal|p1b: Garganacl|100\/100\n|\n|-damage|p2b: Iron Hands|64\/100|[from] Salt Cure\n|upkeep\n|turn|12\n|\n|t:|1699937609\n|move|p1a: Arcanine|Extreme Speed|p2b: Iron Hands\n|-damage|p2b: Iron Hands|38\/100\n|move|p2b: Iron Hands|Drain Punch|p1a: Arcanine\n|-supereffective|p1a: Arcanine\n|-crit|p1a: Arcanine\n|-damage|p1a: Arcanine|0 fnt\n|-heal|p2b: Iron Hands|42\/100|[from] drain|[of] p1a: Arcanine\n|faint|p1a: Arcanine\n|move|p1b: Garganacl|Salt Cure|p2b: Iron Hands\n|-resisted|p2b: Iron Hands\n|-damage|p2b: Iron Hands|38\/100\n|\n|-damage|p2b: Iron Hands|25\/100|[from] Salt Cure\n|upkeep\n|turn|13\n|inactive|Battle timer is ON: inactive players will automatically lose when time's up. (requested by Kzrkrzov)\n|\n|t:|1699937628\n|move|p1b: Garganacl|Protect|p1b: Garganacl\n|-singleturn|p1b: Garganacl|Protect\n|move|p2b: Iron Hands|Heavy Slam|p1b: Garganacl\n|-activate|p1b: Garganacl|move: Protect\n|\n|-damage|p2b: Iron Hands|13\/100|[from] Salt Cure\n|upkeep\n|turn|14\n|\n|t:|1699937635\n|move|p1b: Garganacl|Protect||[still]\n|-fail|p1b: Garganacl\n|move|p2b: Iron Hands|Heavy Slam|p1b: Garganacl\n|-damage|p1b: Garganacl|98\/100\n|\n|-damage|p2b: Iron Hands|1\/100|[from] Salt Cure\n|upkeep\n|turn|15\n|\n|t:|1699937643\n|move|p2b: Iron Hands|Thunder Punch|p1b: Garganacl\n|-damage|p1b: Garganacl|92\/100\n|move|p1b: Garganacl|Recover|p1b: Garganacl\n|-heal|p1b: Garganacl|100\/100\n|\n|-damage|p2b: Iron Hands|0 fnt|[from] Salt Cure\n|faint|p2b: Iron Hands\n|-end|p2b: Iron Hands|Quark Drive|[silent]\n|\n|win|Kzrkrzov\n|upkeep\n|raw|Kzrkrzov's rating: 1274 &rarr; <strong>1300<\/strong><br \/>(+26 for winning)\n|raw|Manny#9's rating: 1284 &rarr; <strong>1258<\/strong><br \/>(-26 for losing)\n","uploadtime":1699937647,"views":8,"p1id":"kzrkrzov","p2id":"manny9","formatid":"gen9vgc2023regulatione","rating":1258,"private":0,"password":""}