{"id":"gen9vgc2023regulatione-1994684109","p1":"FlopyFlopsters","p2":"fairynanbawan","format":"[Gen 9] VGC 2023 Regulation E","log":"|j|\u2606FlopyFlopsters\n|j|\u2606fairynanbawan\n|t:|1700480619\n|gametype|doubles\n|player|p1|FlopyFlopsters|nate|1478\n|player|p2|fairynanbawan|skierf|1552\n|teamsize|p1|6\n|teamsize|p2|6\n|gen|9\n|tier|[Gen 9] VGC 2023 Regulation E\n|rated|\n|rule|Species Clause: Limit one of each Pok\u00e9mon\n|rule|Item Clause: Limit one of each item\n|clearpoke\n|poke|p1|Tornadus, L50, M|\n|poke|p1|Urshifu-*, L50, F|\n|poke|p1|Iron Hands, L50|\n|poke|p1|Sinistcha-Masterpiece, L50|\n|poke|p1|Chien-Pao, L50|\n|poke|p1|Arcanine-Hisui, L50, M|\n|poke|p2|Ninetales-Alola, L50, M|\n|poke|p2|Iron Bundle, L50|\n|poke|p2|Armarouge, L50, M|\n|poke|p2|Indeedee-F, L50, F|\n|poke|p2|Sneasler, L50, F|\n|poke|p2|Mamoswine, L50, F|\n|teampreview|4\n|inactive|Battle timer is ON: inactive players will automatically lose when time's up. (requested by FlopyFlopsters)\nfairynanbawan rejected open team sheets.\n|inactive|fairynanbawan has 60 seconds left.\n|\n|t:|1700480650\n|start\n|switch|p1a: Tornadus|Tornadus, L50, M|100\/100\n|switch|p1b: Urshifu|Urshifu-Rapid-Strike, L50, F|100\/100\n|switch|p2a: Grinch|Armarouge, L50, M, shiny|100\/100\n|switch|p2b: Cindy Lou|Indeedee-F, L50, F, shiny|100\/100\n|-fieldstart|move: Psychic Terrain|[from] ability: Psychic Surge|[of] p2b: Cindy Lou\n|turn|1\n|\n|t:|1700480669\n|-terastallize|p1b: Urshifu|Water\n|move|p2a: Grinch|Endure|p2a: Grinch\n|-singleturn|p2a: Grinch|move: Endure\n|move|p1b: Urshifu|Surging Strikes|p2b: Cindy Lou\n|-crit|p2b: Cindy Lou\n|-damage|p2b: Cindy Lou|69\/100\n|-damage|p1b: Urshifu|84\/100|[from] item: Rocky Helmet|[of] p2b: Cindy Lou\n|-crit|p2b: Cindy Lou\n|-damage|p2b: Cindy Lou|34\/100\n|-damage|p1b: Urshifu|67\/100|[from] item: Rocky Helmet|[of] p2b: Cindy Lou\n|-crit|p2b: Cindy Lou\n|-damage|p2b: Cindy Lou|0 fnt\n|-damage|p1b: Urshifu|51\/100|[from] item: Rocky Helmet|[of] p2b: Cindy Lou\n|faint|p2b: Cindy Lou\n|-hitcount|p2: Cindy Lou|3\n|move|p1a: Tornadus|Bleakwind Storm|p2a: Grinch\n|-damage|p2a: Grinch|41\/100\n|\n|upkeep\n|\n|t:|1700480672\n|switch|p2b: Scrooge|Sneasler, L50, F, shiny|100\/100\n|-enditem|p2b: Scrooge|Psychic Seed\n|-boost|p2b: Scrooge|spd|1|[from] item: Psychic Seed\n|turn|2\n|\n|t:|1700480688\n|move|p1a: Tornadus|Tailwind|p1a: Tornadus\n|-sidestart|p1: FlopyFlopsters|move: Tailwind\n|move|p2b: Scrooge|Dire Claw|p1b: Urshifu\n|-damage|p1b: Urshifu|0 fnt\n|faint|p1b: Urshifu\n|move|p2a: Grinch|Expanding Force|p1a: Tornadus\n|-damage|p1a: Tornadus|11\/100\n|\n|upkeep\n|\n|t:|1700480699\n|switch|p1b: Chien-Pao|Chien-Pao, L50|100\/100\n|-ability|p1b: Chien-Pao|Sword of Ruin\n|turn|3\n|\n|t:|1700480712\n|move|p2a: Grinch|Endure|p2a: Grinch\n|-singleturn|p2a: Grinch|move: Endure\n|move|p1b: Chien-Pao|Ice Spinner|p2b: Scrooge\n|-damage|p2b: Scrooge|17\/100\n|-fieldend|move: Psychic Terrain\n|move|p2b: Scrooge|Dire Claw|p1a: Tornadus\n|-damage|p1a: Tornadus|0 fnt\n|-damage|p2b: Scrooge|0 fnt|[from] item: Rocky Helmet|[of] p1a: Tornadus\n|faint|p1a: Tornadus\n|faint|p2b: Scrooge\n|\n|upkeep\n|\n|t:|1700480724\n|switch|p2b: Mrs. Claus|Ninetales-Alola, L50, M, shiny|100\/100\n|switch|p1a: Iron Hands|Iron Hands, L50|100\/100\n|-weather|Snow|[from] ability: Snow Warning|[of] p2b: Mrs. Claus\n|turn|4\n|\n|t:|1700480742\n|-terastallize|p2b: Mrs. Claus|Water\n|move|p2a: Grinch|Endure||[still]\n|-fail|p2a: Grinch\n|move|p1b: Chien-Pao|Sucker Punch||[still]\n|-fail|p1b: Chien-Pao\n|move|p2b: Mrs. Claus|Moonblast|p1b: Chien-Pao\n|-supereffective|p1b: Chien-Pao\n|-enditem|p1b: Chien-Pao|Focus Sash\n|-damage|p1b: Chien-Pao|1\/100\n|move|p1a: Iron Hands|Heavy Slam|p2b: Mrs. Claus\n|-resisted|p2b: Mrs. Claus\n|-damage|p2b: Mrs. Claus|57\/100\n|\n|-weather|Snow|[upkeep]\n|upkeep\n|turn|5\n|inactive|fairynanbawan has 30 seconds left.\n|\n|t:|1700480767\n|move|p1b: Chien-Pao|Protect|p1b: Chien-Pao\n|-singleturn|p1b: Chien-Pao|Protect\n|move|p2a: Grinch|Endure|p2a: Grinch\n|-singleturn|p2a: Grinch|move: Endure\n|move|p2b: Mrs. Claus|Encore|p1a: Iron Hands\n|-start|p1a: Iron Hands|Encore\n|move|p1a: Iron Hands|Heavy Slam|p2b: Mrs. Claus\n|-resisted|p2b: Mrs. Claus\n|-damage|p2b: Mrs. Claus|6\/100\n|\n|-weather|Snow|[upkeep]\n|-sideend|p1: FlopyFlopsters|move: Tailwind\n|upkeep\n|turn|6\n|\n|t:|1700480787\n|move|p2b: Mrs. Claus|Protect|p2b: Mrs. Claus\n|-singleturn|p2b: Mrs. Claus|Protect\n|move|p1b: Chien-Pao|Sucker Punch||[still]\n|-fail|p1b: Chien-Pao\n|move|p2a: Grinch|Aura Sphere|p1b: Chien-Pao\n|-supereffective|p1b: Chien-Pao\n|-damage|p1b: Chien-Pao|0 fnt\n|faint|p1b: Chien-Pao\n|move|p1a: Iron Hands|Heavy Slam|p2a: Grinch\n|-resisted|p2a: Grinch\n|-damage|p2a: Grinch|18\/100\n|-ability|p2a: Grinch|Weak Armor|boost\n|-unboost|p2a: Grinch|def|1\n|-boost|p2a: Grinch|spe|2\n|\n|-weather|Snow|[upkeep]\n|upkeep\n|turn|7\n|\n|t:|1700480798\n|move|p2a: Grinch|Expanding Force|p1a: Iron Hands\n|-supereffective|p1a: Iron Hands\n|-damage|p1a: Iron Hands|48\/100\n|move|p2b: Mrs. Claus|Moonblast|p1a: Iron Hands\n|-supereffective|p1a: Iron Hands\n|-damage|p1a: Iron Hands|9\/100\n|move|p1a: Iron Hands|Heavy Slam|p2b: Mrs. Claus\n|-resisted|p2b: Mrs. Claus\n|-damage|p2b: Mrs. Claus|0 fnt\n|faint|p2b: Mrs. Claus\n|\n|-weather|Snow|[upkeep]\n|-end|p1a: Iron Hands|Encore\n|upkeep\n|turn|8\n|\n|t:|1700480802\n|move|p2a: Grinch|Expanding Force|p1a: Iron Hands\n|-supereffective|p1a: Iron Hands\n|-damage|p1a: Iron Hands|0 fnt\n|faint|p1a: Iron Hands\n|-end|p1a: Iron Hands|Quark Drive|[silent]\n|\n|win|fairynanbawan\n|raw|FlopyFlopsters's rating: 1478 &rarr; <strong>1464<\/strong><br \/>(-14 for losing)\n|raw|fairynanbawan's rating: 1578 &rarr; <strong>1592<\/strong><br \/>(+14 for winning)\n|l|\u2606FlopyFlopsters\n","uploadtime":1700480809,"views":4,"p1id":"flopyflopsters","p2id":"fairynanbawan","formatid":"gen9vgc2023regulatione","rating":1464,"private":0,"password":""}