{"id":"gen9vgc2023regulatione-1994976524","p1":"Kai Rones","p2":"adrienandmarinete","format":"[Gen 9] VGC 2023 Regulation E","log":"|j|\u2606Kai Rones\n|j|\u2606adrienandmarinete\n|t:|1700509739\n|gametype|doubles\n|player|p1|Kai Rones|iris|1054\n|player|p2|adrienandmarinete|steven|1071\n|teamsize|p1|6\n|teamsize|p2|6\n|gen|9\n|tier|[Gen 9] VGC 2023 Regulation E\n|rated|\n|rule|Species Clause: Limit one of each Pok\u00e9mon\n|rule|Item Clause: Limit one of each item\n|clearpoke\n|poke|p1|Milotic, L50, F|\n|poke|p1|Krookodile, L50, M|\n|poke|p1|Arcanine, L50, M|\n|poke|p1|Pachirisu, L50, F|\n|poke|p1|Tinkaton, L50, F|\n|poke|p1|Staraptor, L50, F|\n|poke|p2|Gholdengo, L50|\n|poke|p2|Roaring Moon, L50|\n|poke|p2|Arcanine, L50, F|\n|poke|p2|Palafin, L50, F|\n|poke|p2|Iron Hands, L50|\n|poke|p2|Sinistcha-Masterpiece, L50|\n|teampreview|4\n|\n|t:|1700509771\n|start\n|switch|p1a: Staraptor|Staraptor, L50, F, shiny|100\/100\n|switch|p1b: Pachirisu|Pachirisu, L50, F, shiny|100\/100\n|switch|p2a: Gholdengo|Gholdengo, L50|100\/100\n|switch|p2b: Palafin|Palafin, L50, F|100\/100\n|turn|1\n|\n|t:|1700509802\n|detailschange|p2b: Palafin|Palafin-Hero, L50, F\n|switch|p2b: Iron Hands|Iron Hands, L50, shiny|100\/100\n|move|p1a: Staraptor|Double-Edge|p2b: Iron Hands\n|-damage|p2b: Iron Hands|48\/100\n|-damage|p1a: Staraptor|74\/100|[from] Recoil\n|move|p2a: Gholdengo|Thunderbolt|p1a: Staraptor\n|-supereffective|p1a: Staraptor\n|-damage|p1a: Staraptor|0 fnt\n|faint|p1a: Staraptor\n|move|p1b: Pachirisu|Nuzzle|p2a: Gholdengo\n|-damage|p2a: Gholdengo|96\/100\n|-status|p2a: Gholdengo|par\n|\n|upkeep\n|\n|t:|1700509816\n|switch|p1a: Krookodile|Krookodile, L50, M, shiny|100\/100\n|-ability|p1a: Krookodile|Intimidate|boost\n|-unboost|p2a: Gholdengo|atk|1\n|-unboost|p2b: Iron Hands|atk|1\n|turn|2\n|\n|t:|1700509841\n|switch|p2a: Palafin|Palafin-Hero, L50, F|100\/100\n|-activate|p2a: Palafin|ability: Zero to Hero\n|-terastallize|p1a: Krookodile|Electric\n|-terastallize|p2b: Iron Hands|Grass\n|move|p1b: Pachirisu|Protect|p1b: Pachirisu\n|-singleturn|p1b: Pachirisu|Protect\n|move|p1a: Krookodile|Earthquake|p2a: Palafin|[spread] p2a,p2b\n|-activate|p1b: Pachirisu|move: Protect\n|-resisted|p2b: Iron Hands\n|-damage|p2a: Palafin|59\/100\n|-damage|p2b: Iron Hands|32\/100\n|-damage|p1a: Krookodile|90\/100|[from] item: Life Orb\n|move|p2b: Iron Hands|Drain Punch|p1a: Krookodile\n|-damage|p1a: Krookodile|55\/100\n|-heal|p2b: Iron Hands|44\/100|[from] drain|[of] p1a: Krookodile\n|\n|upkeep\n|turn|3\n|\n|t:|1700509864\n|move|p1a: Krookodile|Tera Blast|p2a: Palafin|[anim] Tera Blast Electric\n|-supereffective|p2a: Palafin\n|-damage|p2a: Palafin|0 fnt\n|faint|p2a: Palafin\n|-damage|p1a: Krookodile|45\/100|[from] item: Life Orb\n|move|p1b: Pachirisu|Nuzzle|p2b: Iron Hands\n|-resisted|p2b: Iron Hands\n|-damage|p2b: Iron Hands|43\/100\n|-status|p2b: Iron Hands|par\n|move|p2b: Iron Hands|Drain Punch|p1a: Krookodile\n|-damage|p1a: Krookodile|8\/100\n|-heal|p2b: Iron Hands|56\/100 par|[from] drain|[of] p1a: Krookodile\n|\n|upkeep\n|\n|t:|1700509884\n|switch|p2a: Sinistcha|Sinistcha-Masterpiece, L50|100\/100\n|-heal|p2b: Iron Hands|81\/100 par|[from] ability: Hospitality|[of] p2a: Sinistcha\n|turn|4\n|\n|t:|1700509898\n|move|p1b: Pachirisu|Follow Me|p1b: Pachirisu\n|-singleturn|p1b: Pachirisu|move: Follow Me\n|move|p1a: Krookodile|Knock Off|p2a: Sinistcha\n|-supereffective|p2a: Sinistcha\n|-damage|p2a: Sinistcha|0 fnt\n|-enditem|p2a: Sinistcha|Kasib Berry|[from] move: Knock Off|[of] p1a: Krookodile\n|faint|p2a: Sinistcha\n|-damage|p1a: Krookodile|0 fnt|[from] item: Life Orb\n|faint|p1a: Krookodile\n|cant|p2b: Iron Hands|par\n|\n|upkeep\n|\n|t:|1700509911\n|switch|p1a: Milotic|Milotic, L50, F, shiny|100\/100\n|switch|p2a: Gholdengo|Gholdengo, L50|96\/100 par\n|turn|5\n|\n|t:|1700509934\n|move|p1b: Pachirisu|Super Fang|p2b: Iron Hands|[miss]\n|-miss|p1b: Pachirisu|p2b: Iron Hands\n|move|p2a: Gholdengo|Thunderbolt|p1a: Milotic\n|-supereffective|p1a: Milotic\n|-damage|p1a: Milotic|51\/100\n|move|p1a: Milotic|Ice Beam|p2b: Iron Hands\n|-supereffective|p2b: Iron Hands\n|-damage|p2b: Iron Hands|57\/100 par\n|move|p2b: Iron Hands|Drain Punch|p1b: Pachirisu\n|-damage|p1b: Pachirisu|68\/100\n|-heal|p2b: Iron Hands|69\/100 par|[from] drain|[of] p1b: Pachirisu\n|\n|-status|p1a: Milotic|brn|[from] item: Flame Orb\n|upkeep\n|turn|6\n|\n|t:|1700509961\n|move|p1b: Pachirisu|Follow Me|p1b: Pachirisu\n|-singleturn|p1b: Pachirisu|move: Follow Me\n|move|p2a: Gholdengo|Thunderbolt|p1b: Pachirisu\n|-heal|p1b: Pachirisu|92\/100|[from] ability: Volt Absorb|[of] p2a: Gholdengo\n|move|p1a: Milotic|Recover|p1a: Milotic\n|-heal|p1a: Milotic|100\/100 brn\n|cant|p2b: Iron Hands|par\n|\n|-damage|p1a: Milotic|95\/100 brn|[from] brn\n|upkeep\n|turn|7\n|\n|t:|1700509989\n|move|p1b: Pachirisu|Super Fang|p2b: Iron Hands\n|-damage|p2b: Iron Hands|35\/100 par\n|move|p2a: Gholdengo|Thunderbolt|p1a: Milotic\n|-supereffective|p1a: Milotic\n|-damage|p1a: Milotic|49\/100 brn\n|move|p1a: Milotic|Ice Beam|p2b: Iron Hands\n|-supereffective|p2b: Iron Hands\n|-damage|p2b: Iron Hands|10\/100 par\n|move|p2b: Iron Hands|Drain Punch|p1b: Pachirisu\n|-damage|p1b: Pachirisu|62\/100\n|-heal|p2b: Iron Hands|20\/100 par|[from] drain|[of] p1b: Pachirisu\n|\n|-damage|p1a: Milotic|43\/100 brn|[from] brn\n|upkeep\n|turn|8\n|\n|t:|1700510017\n|move|p1b: Pachirisu|Follow Me|p1b: Pachirisu\n|-singleturn|p1b: Pachirisu|move: Follow Me\n|cant|p2a: Gholdengo|par\n|move|p1a: Milotic|Ice Beam|p2b: Iron Hands\n|-supereffective|p2b: Iron Hands\n|-damage|p2b: Iron Hands|0 fnt\n|faint|p2b: Iron Hands\n|-end|p2b: Iron Hands|Quark Drive|[silent]\n|\n|-damage|p1a: Milotic|37\/100 brn|[from] brn\n|upkeep\n|turn|9\n|c|\u2606adrienandmarinete|gg\n|\n|t:|1700510063\n|move|p1b: Pachirisu|Follow Me|p1b: Pachirisu\n|-singleturn|p1b: Pachirisu|move: Follow Me\n|move|p2a: Gholdengo|Thunderbolt|p1b: Pachirisu\n|-heal|p1b: Pachirisu|86\/100|[from] ability: Volt Absorb|[of] p2a: Gholdengo\n|move|p1a: Milotic|Recover|p1a: Milotic\n|-heal|p1a: Milotic|87\/100 brn\n|\n|-damage|p1a: Milotic|81\/100 brn|[from] brn\n|upkeep\n|turn|10\n|\n|t:|1700510080\n|move|p1b: Pachirisu|Nuzzle|p2a: Gholdengo\n|-damage|p2a: Gholdengo|92\/100 par\n|cant|p2a: Gholdengo|par\n|move|p1a: Milotic|Scald|p2a: Gholdengo\n|-damage|p2a: Gholdengo|59\/100 par\n|\n|-damage|p1a: Milotic|75\/100 brn|[from] brn\n|upkeep\n|turn|11\n|\n|t:|1700510120\n|move|p1b: Pachirisu|Follow Me|p1b: Pachirisu\n|-singleturn|p1b: Pachirisu|move: Follow Me\n|move|p2a: Gholdengo|Thunderbolt|p1b: Pachirisu\n|-heal|p1b: Pachirisu|100\/100|[from] ability: Volt Absorb|[of] p2a: Gholdengo\n|move|p1a: Milotic|Scald|p2a: Gholdengo\n|-damage|p2a: Gholdengo|26\/100 par\n|\n|-damage|p1a: Milotic|69\/100 brn|[from] brn\n|upkeep\n|turn|12\n|inactive|Battle timer is ON: inactive players will automatically lose when time's up. (requested by Kai Rones)\n|-message|adrienandmarinete forfeited.\n|\n|win|Kai Rones\n|raw|Kai Rones's rating: 1054 &rarr; <strong>1087<\/strong><br \/>(+33 for winning)\n|raw|adrienandmarinete's rating: 1071 &rarr; <strong>1049<\/strong><br \/>(-22 for losing)\n|l|\u2606adrienandmarinete\n","uploadtime":1700510137,"views":5,"p1id":"kairones","p2id":"adrienandmarinete","formatid":"gen9vgc2023regulatione","rating":1049,"private":0,"password":""}