{"id":"gen9vgc2023regulatione-1990091928","p1":"Tutkan","p2":"westleyfsm","format":"[Gen 9] VGC 2023 Regulation E","log":"|j|\u2606Tutkan\n|j|\u2606westleyfsm\n|t:|1699923650\n|gametype|doubles\n|player|p1|Tutkan|lucas|1330\n|player|p2|westleyfsm|2|1258\n|teamsize|p1|6\n|teamsize|p2|6\n|gen|9\n|tier|[Gen 9] VGC 2023 Regulation E\n|rated|\n|rule|Species Clause: Limit one of each Pok\u00e9mon\n|rule|Item Clause: Limit one of each item\n|clearpoke\n|poke|p1|Heatran, L50, F|\n|poke|p1|Chien-Pao, L50|\n|poke|p1|Dragonite, L50, M|\n|poke|p1|Urshifu-*, L50, F|\n|poke|p1|Flutter Mane, L50|\n|poke|p1|Tornadus, L50, M|\n|poke|p2|Empoleon, L50, F|\n|poke|p2|Oranguru, L50, F|\n|poke|p2|Iron Hands, L50|\n|poke|p2|Ninetales-Alola, L50, M|\n|poke|p2|Rillaboom, L50, F|\n|poke|p2|Ceruledge, L50, M|\n|teampreview|4\n|inactive|Battle timer is ON: inactive players will automatically lose when time's up. (requested by Tutkan)\n|inactive|westleyfsm has 60 seconds left.\n|\n|t:|1699923775\n|start\n|switch|p1a: Dragonite|Dragonite, L50, M|100\/100\n|switch|p1b: Chien-Pao|Chien-Pao, L50|100\/100\n|switch|p2a: Iron Hands|Iron Hands, L50|100\/100\n|switch|p2b: Ninetales|Ninetales-Alola, L50, M|100\/100\n|-ability|p1b: Chien-Pao|Sword of Ruin\n|-weather|Snow|[from] ability: Snow Warning|[of] p2b: Ninetales\n|turn|1\n|inactive|Tutkan has 30 seconds left.\n|inactive|Tutkan has 20 seconds left.\n|inactive|Tutkan has 15 seconds left.\n|inactive|Tutkan has 10 seconds left.\n|inactive|Tutkan has 5 seconds left.\n|\n|t:|1699923830\n|move|p2a: Iron Hands|Fake Out|p1b: Chien-Pao\n|-damage|p1b: Chien-Pao|86\/100\n|move|p1a: Dragonite|Extreme Speed|p2b: Ninetales\n|-damage|p2b: Ninetales|47\/100\n|cant|p1b: Chien-Pao|flinch\n|move|p2b: Ninetales|Aurora Veil|p2b: Ninetales\n|-sidestart|p2: westleyfsm|move: Aurora Veil\n|\n|-weather|Snow|[upkeep]\n|upkeep\n|turn|2\n|\n|t:|1699923847\n|-terastallize|p1a: Dragonite|Normal\n|move|p1a: Dragonite|Extreme Speed|p2a: Iron Hands\n|-damage|p2a: Iron Hands|61\/100\n|move|p1b: Chien-Pao|Ice Spinner|p2a: Iron Hands\n|-damage|p2a: Iron Hands|38\/100\n|move|p2b: Ninetales|Blizzard|p1a: Dragonite|[spread] p1a,p1b\n|-resisted|p1b: Chien-Pao\n|-damage|p1a: Dragonite|75\/100\n|-damage|p1b: Chien-Pao|65\/100\n|move|p2a: Iron Hands|Drain Punch|p1b: Chien-Pao\n|-supereffective|p1b: Chien-Pao\n|-damage|p1b: Chien-Pao|0 fnt\n|-heal|p2a: Iron Hands|58\/100|[from] drain|[of] p1b: Chien-Pao\n|faint|p1b: Chien-Pao\n|\n|-weather|Snow|[upkeep]\n|upkeep\n|\n|t:|1699923865\n|switch|p1b: Heatran|Heatran, L50, F|100\/100\n|turn|3\n|\n|t:|1699923874\n|move|p1a: Dragonite|Extreme Speed|p2a: Iron Hands\n|-damage|p2a: Iron Hands|27\/100\n|move|p2b: Ninetales|Blizzard|p1b: Heatran|[spread] p1a,p1b\n|-resisted|p1b: Heatran\n|-damage|p1a: Dragonite|51\/100\n|-damage|p1b: Heatran|97\/100\n|move|p1b: Heatran|Earth Power|p2a: Iron Hands\n|-supereffective|p2a: Iron Hands\n|-damage|p2a: Iron Hands|1\/100\n|move|p2a: Iron Hands|Drain Punch|p1a: Dragonite\n|-supereffective|p1a: Dragonite\n|-damage|p1a: Dragonite|0 fnt\n|-heal|p2a: Iron Hands|19\/100|[from] drain|[of] p1a: Dragonite\n|faint|p1a: Dragonite\n|\n|-weather|Snow|[upkeep]\n|upkeep\n|\n|t:|1699923889\n|switch|p1a: Flutter Mane|Flutter Mane, L50|100\/100\n|-enditem|p1a: Flutter Mane|Booster Energy\n|-activate|p1a: Flutter Mane|ability: Protosynthesis|[fromitem]\n|-start|p1a: Flutter Mane|protosynthesisspe\n|turn|4\n|\n|t:|1699923902\n|move|p1a: Flutter Mane|Dazzling Gleam|p2b: Ninetales|[spread] p2a,p2b\n|-supereffective|p2a: Iron Hands\n|-damage|p2a: Iron Hands|0 fnt\n|-damage|p2b: Ninetales|26\/100\n|faint|p2a: Iron Hands\n|-end|p2a: Iron Hands|Quark Drive|[silent]\n|move|p2b: Ninetales|Blizzard|p1b: Heatran|[spread] p1a,p1b\n|-resisted|p1b: Heatran\n|-damage|p1a: Flutter Mane|77\/100\n|-damage|p1b: Heatran|93\/100\n|move|p1b: Heatran|Heat Wave|p2b: Ninetales\n|-supereffective|p2b: Ninetales\n|-damage|p2b: Ninetales|0 fnt\n|faint|p2b: Ninetales\n|\n|-weather|Snow|[upkeep]\n|upkeep\n|\n|t:|1699923906\n|switch|p2b: Ceruledge|Ceruledge, L50, M|100\/100\n|switch|p2a: Empoleon|Empoleon, L50, F|100\/100\n|turn|5\n|inactive|Tutkan has 30 seconds left.\n|\n|t:|1699923940\n|-terastallize|p2b: Ceruledge|Grass\n|move|p1a: Flutter Mane|Thunderbolt|p2a: Empoleon\n|-supereffective|p2a: Empoleon\n|-damage|p2a: Empoleon|65\/100\n|-status|p2a: Empoleon|par\n|-enditem|p2a: Empoleon|Weakness Policy\n|-boost|p2a: Empoleon|atk|2|[from] item: Weakness Policy\n|-boost|p2a: Empoleon|spa|2|[from] item: Weakness Policy\n|move|p1b: Heatran|Earth Power|p2a: Empoleon\n|-supereffective|p2a: Empoleon\n|-crit|p2a: Empoleon\n|-damage|p2a: Empoleon|0 fnt\n|faint|p2a: Empoleon\n|move|p2b: Ceruledge|Bitter Blade|p1a: Flutter Mane\n|-damage|p1a: Flutter Mane|0 fnt\n|faint|p1a: Flutter Mane\n|-end|p1a: Flutter Mane|Protosynthesis|[silent]\n|\n|-weather|none\n|upkeep\n|turn|6\n|\n|t:|1699923959\n|move|p1b: Heatran|Heat Wave|p2b: Ceruledge\n|-start|p2b: Ceruledge|ability: Flash Fire\n|move|p2b: Ceruledge|Swords Dance|p2b: Ceruledge\n|-boost|p2b: Ceruledge|atk|2\n|\n|upkeep\n|turn|7\n|\n|t:|1699923968\n|move|p1b: Heatran|Flash Cannon|p2b: Ceruledge\n|-damage|p2b: Ceruledge|69\/100\n|-unboost|p2b: Ceruledge|spd|1\n|move|p2b: Ceruledge|Swords Dance|p2b: Ceruledge\n|-boost|p2b: Ceruledge|atk|2\n|\n|-heal|p2b: Ceruledge|75\/100|[from] item: Leftovers\n|upkeep\n|turn|8\n|\n|t:|1699923978\n|move|p1b: Heatran|Flash Cannon|p2b: Ceruledge\n|-damage|p2b: Ceruledge|35\/100\n|move|p2b: Ceruledge|Poltergeist|p1b: Heatran\n|-activate|p1b: Heatran|move: Poltergeist|Assault Vest\n|-damage|p1b: Heatran|0 fnt\n|faint|p1b: Heatran\n|\n|win|westleyfsm\n|raw|Tutkan's rating: 1330 &rarr; <strong>1306<\/strong><br \/>(-24 for losing)\n|raw|westleyfsm's rating: 1258 &rarr; <strong>1288<\/strong><br \/>(+30 for winning)\n","uploadtime":1699923989,"views":11,"p1id":"tutkan","p2id":"westleyfsm","formatid":"gen9vgc2023regulatione","rating":1288,"private":0,"password":""}