{"id":"gen9vgc2023regulatione-1989374370","p1":"PacInBlac","p2":"VigVigFan64","format":"[Gen 9] VGC 2023 Regulation E","log":"|j|\u2606PacInBlac\n|j|\u2606VigVigFan64\n|t:|1699842273\n|gametype|doubles\n|player|p1|PacInBlac|hiker-gen4|\n|player|p2|VigVigFan64|swimmerf-gen4|\n|teamsize|p1|6\n|teamsize|p2|6\n|gen|9\n|tier|[Gen 9] VGC 2023 Regulation E\n|rule|Species Clause: Limit one of each Pok\u00e9mon\n|rule|Item Clause: Limit one of each item\n|clearpoke\n|poke|p1|Palafin, L50, M|\n|poke|p1|Pelipper, L50, F|\n|poke|p1|Basculegion, L50, M|\n|poke|p1|Sinistcha, L50|\n|poke|p1|Fezandipiti, L50, M|\n|poke|p1|Garchomp, L50, M|\n|poke|p2|Slaking, L50, M|\n|poke|p2|Weezing-Galar, L50, F|\n|poke|p2|Dusclops, L50, M|\n|poke|p2|Slowking-Galar, L50, M|\n|poke|p2|Meowscarada, L50, M|\n|poke|p2|Dragonite, L50, F|\n|teampreview|4\nVigVigFan64 has agreed to open team sheets.\nPacInBlac has agreed to open team sheets.\n|showteam|p1|Palafin||MysticWater|ZerotoHero|CloseCombat,WaveCrash,JetPunch,Protect|||M|||50|,,,,,Grass]Pelipper||DampRock|Drizzle|Tailwind,Hurricane,HelpingHand,RainDance|||F|||50|,,,,,Ground]Basculegion||LifeOrb|SwiftSwim|AquaJet,LastRespects,WaveCrash,Protect|||M|||50|,,,,,Water]Sinistcha||RockyHelmet|Hospitality|MatchaGotcha,TrickRoom,ShadowBall,RagePowder||||||50|,,,,,Fire]Fezandipiti||CovertCloak|ToxicChain|IcyWind,Hurricane,DazzlingGleam,Venoshock|||M|||50|,,,,,Flying]Garchomp||ClearAmulet|RoughSkin|Earthquake,Protect,RockSlide,SwordsDance|||M|||50|,,,,,Steel\n|showteam|p2|Slaking||AguavBerry|Truant|BodySlam,Earthquake,BulkUp,HeavySlam|||M|||50|,,,,,Ghost]Weezing-Galar||SitrusBerry|NeutralizingGas|WillOWisp,Protect,SludgeBomb,DazzlingGleam|||F|||50|,,,,,Flying]Dusclops||Eviolite|Pressure|SkillSwap,PainSplit,Haze,BrickBreak|||M|||50|,,,,,Normal]Slowking-Galar||BlackSludge|Regenerator|TrickRoom,SludgeBomb,Psychic,IceBeam|||M|||50|,,,,,Dark]Meowscarada||ChoiceBand|Protean|FlowerTrick,SuckerPunch,Uturn,KnockOff|||M|||50|,,,,,Grass]Dragonite||LifeOrb|Multiscale|ExtremeSpeed,AerialAce,DragonClaw,TeraBlast|||F|||50|,,,,,Normal\n|\n|t:|1699842378\n|start\n|switch|p1a: Fezandipiti|Fezandipiti, L50, M|100\/100\n|switch|p1b: Garchomp|Garchomp, L50, M|100\/100\n|switch|p2a: fart|Weezing-Galar, L50, F|100\/100\n|switch|p2b: mmfmhfmnh|Slowking-Galar, L50, M|100\/100\n|-ability|p2a: fart|Neutralizing Gas\n|turn|1\n|\n|t:|1699842426\n|-terastallize|p1b: Garchomp|Steel\n|move|p2a: fart|Protect|p2a: fart\n|-singleturn|p2a: fart|Protect\n|move|p1b: Garchomp|Swords Dance|p1b: Garchomp\n|-boost|p1b: Garchomp|atk|2\n|move|p1a: Fezandipiti|Icy Wind|p2a: fart|[spread] p2b\n|-activate|p2a: fart|move: Protect\n|-damage|p2b: mmfmhfmnh|93\/100\n|-unboost|p2b: mmfmhfmnh|spe|1\n|move|p2b: mmfmhfmnh|Ice Beam|p1b: Garchomp\n|-resisted|p1b: Garchomp\n|-damage|p1b: Garchomp|85\/100\n|\n|-heal|p2b: mmfmhfmnh|99\/100|[from] item: Black Sludge\n|upkeep\n|turn|2\n|\n|t:|1699842464\n|switch|p1a: Pelipper|Pelipper, L50, F|100\/100\n|-terastallize|p2a: fart|Flying\n|move|p1b: Garchomp|Earthquake|p2a: fart|[spread] p2b\n|-immune|p1a: Pelipper\n|-immune|p2a: fart\n|-supereffective|p2b: mmfmhfmnh\n|-damage|p2b: mmfmhfmnh|0 fnt\n|faint|p2b: mmfmhfmnh\n|move|p2a: fart|Will-O-Wisp|p1b: Garchomp\n|-status|p1b: Garchomp|brn\n|\n|-damage|p1b: Garchomp|79\/100 brn|[from] brn\n|upkeep\n|\n|t:|1699842504\n|switch|p2b: epicfh husband|Meowscarada, L50, M|100\/100\n|turn|3\n|\n|t:|1699842530\n|move|p1a: Pelipper|Helping Hand|p1b: Garchomp\n|-singleturn|p1b: Garchomp|Helping Hand|[of] p1a: Pelipper\n|move|p2b: epicfh husband|Knock Off|p1b: Garchomp\n|-damage|p1b: Garchomp|16\/100 brn\n|-enditem|p1b: Garchomp|Clear Amulet|[from] move: Knock Off|[of] p2b: epicfh husband\n|move|p1b: Garchomp|Rock Slide|p2b: epicfh husband|[spread] p2a,p2b\n|-supereffective|p2a: fart\n|-damage|p2a: fart|53\/100\n|-damage|p2b: epicfh husband|57\/100\n|move|p2a: fart|Sludge Bomb|p1a: Pelipper\n|-crit|p1a: Pelipper\n|-damage|p1a: Pelipper|43\/100\n|\n|-damage|p1b: Garchomp|10\/100 brn|[from] brn\n|upkeep\n|turn|4\n|\n|t:|1699842557\n|move|p1b: Garchomp|Protect|p1b: Garchomp\n|-singleturn|p1b: Garchomp|Protect\n|move|p2b: epicfh husband|Knock Off|p1b: Garchomp\n|-activate|p1b: Garchomp|move: Protect\n|move|p1a: Pelipper|Hurricane|p2b: epicfh husband\n|-supereffective|p2b: epicfh husband\n|-damage|p2b: epicfh husband|0 fnt\n|faint|p2b: epicfh husband\n|move|p2a: fart|Sludge Bomb|p1a: Pelipper\n|-crit|p1a: Pelipper\n|-damage|p1a: Pelipper|0 fnt\n|faint|p1a: Pelipper\n|\n|-damage|p1b: Garchomp|4\/100 brn|[from] brn\n|upkeep\n|\n|t:|1699842577\n|switch|p2b: donkey wife|Dragonite, L50, F|100\/100\n|switch|p1a: Fezandipiti|Fezandipiti, L50, M|100\/100\n|turn|5\n|\n|t:|1699842594\n|move|p2b: donkey wife|Extreme Speed|p1b: Garchomp\n|-resisted|p1b: Garchomp\n|-damage|p1b: Garchomp|0 fnt\n|faint|p1b: Garchomp\n|-damage|p2b: donkey wife|91\/100|[from] item: Life Orb\n|move|p1a: Fezandipiti|Dazzling Gleam|p2b: donkey wife|[spread] p2a,p2b\n|-supereffective|p2b: donkey wife\n|-damage|p2a: fart|35\/100\n|-damage|p2b: donkey wife|55\/100\n|-enditem|p2a: fart|Sitrus Berry|[eat]\n|-heal|p2a: fart|60\/100|[from] item: Sitrus Berry\n|move|p2a: fart|Sludge Bomb|p1a: Fezandipiti\n|-damage|p1a: Fezandipiti|79\/100\n|\n|upkeep\n|\n|t:|1699842606\n|switch|p1b: Palafin|Palafin, L50, M|100\/100\n|turn|6\n|\n|t:|1699842636\n|move|p2b: donkey wife|Extreme Speed|p1a: Fezandipiti\n|-damage|p1a: Fezandipiti|34\/100\n|-damage|p2b: donkey wife|45\/100|[from] item: Life Orb\n|move|p1a: Fezandipiti|Icy Wind|p2b: donkey wife|[spread] p2a,p2b\n|-supereffective|p2a: fart\n|-supereffective|p2b: donkey wife\n|-damage|p2a: fart|44\/100\n|-damage|p2b: donkey wife|11\/100\n|-unboost|p2a: fart|spe|1\n|-unboost|p2b: donkey wife|spe|1\n|move|p1b: Palafin|Wave Crash|p2a: fart\n|-damage|p2a: fart|0 fnt\n|faint|p2a: fart\n|-end|p2a: fart|ability: Neutralizing Gas\n|-damage|p1b: Palafin|89\/100|[from] Recoil\n|\n|upkeep\n|turn|7\n|\n|t:|1699842653\n|move|p2b: donkey wife|Extreme Speed|p1a: Fezandipiti\n|-damage|p1a: Fezandipiti|0 fnt\n|faint|p1a: Fezandipiti\n|-damage|p2b: donkey wife|2\/100|[from] item: Life Orb\n|move|p1b: Palafin|Jet Punch|p2b: donkey wife\n|-resisted|p2b: donkey wife\n|-damage|p2b: donkey wife|0 fnt\n|faint|p2b: donkey wife\n|\n|win|PacInBlac\n|c|\u2606VigVigFan64|gg\n|c|\u2606PacInBlac|gg\n","uploadtime":1699842666,"views":23,"p1id":"pacinblac","p2id":"vigvigfan64","formatid":"gen9vgc2023regulatione","rating":0,"private":0,"password":""}