{"id":"gen9vgc2023regulatione-1994864589","p1":"Tagiruz","p2":"alexatorra15","format":"[Gen 9] VGC 2023 Regulation E","log":"|j|\u2606Tagiruz\n|j|\u2606alexatorra15\n|n|\u2606Tagiruz|tagiruz\n|n|\u2606alexatorra15|alexatorra15\n|html|View the match progress at <a href=\"\/game-bestof3-gen9vgc2023regulatione-1994859729\">game-bestof3-gen9vgc2023regulatione-1994859729<\/a>\n|t:|1700499801\n|gametype|doubles\n|player|p1|Tagiruz|hugh|\n|player|p2|alexatorra15|hoopster|\n|teamsize|p1|6\n|teamsize|p2|6\n|gen|9\n|tier|[Gen 9] VGC 2023 Regulation E\n|rated|Tournament battle\n|rule|Species Clause: Limit one of each Pok\u00e9mon\n|rule|Item Clause: Limit one of each item\n|clearpoke\n|poke|p1|Baxcalibur, L50, F|\n|poke|p1|Tornadus, L50, M|\n|poke|p1|Arcanine-Hisui, L50, M|\n|poke|p1|Ninetales-Alola, L50, M|\n|poke|p1|Rillaboom, L50, F|\n|poke|p1|Urshifu-*, L50, M|\n|poke|p2|Lilligant, L50, F|\n|poke|p2|Torkoal, L50, F|\n|poke|p2|Flutter Mane, L50|\n|poke|p2|Kingambit, L50, F|\n|poke|p2|Dragonite, L50, F|\n|poke|p2|Great Tusk, L50|\n|teampreview|4\n|showteam|p1|Baxcalibur||LoadedDice|ThermalExchange|IcicleSpear,HighHorsepower,DragonDance,Protect|||F|||50|,,,,,Poison]Tornadus||CovertCloak|Prankster|BleakwindStorm,RainDance,Taunt,Tailwind|||M|||50|,,,,,Flying]Arcanine-Hisui||SitrusBerry|Intimidate|RockSlide,FlareBlitz,WillOWisp,Protect|||M|||50|,,,,,Fairy]Ninetales-Alola||LightClay|SnowWarning|FreezeDry,Moonblast,Encore,AuroraVeil|||M|||50|,,,,,Water]Rillaboom||MiracleSeed|GrassySurge|WoodHammer,GrassyGlide,FakeOut,Protect|||F|||50|,,,,,Fire]Urshifu-Rapid-Strike||ChoiceScarf|UnseenFist|AquaJet,SurgingStrikes,CloseCombat,Uturn|||M|||50|,,,,,Water\n|showteam|p2|Lilligant||FocusSash|Chlorophyll|SleepPowder,LeafStorm,AfterYou,Protect|||F|||50|,,,,,Ghost]Torkoal||Charcoal|Drought|Eruption,Flamethrower,EarthPower,Protect|||F|||50|,,,,,Fire]Flutter Mane||ChoiceSpecs|Protosynthesis|Moonblast,DazzlingGleam,ShadowBall,PowerGem||||||50|,,,,,Fairy]Kingambit||AssaultVest|Defiant|KowtowCleave,SuckerPunch,IronHead,TeraBlast|||F|||50|,,,,,Fire]Dragonite||LumBerry|Multiscale|TeraBlast,IceSpinner,ExtremeSpeed,Protect|||F|||50|,,,,,Flying]Great Tusk||ChoiceScarf|Protosynthesis|HeadlongRush,Earthquake,CloseCombat,RockSlide||||||50|,,,,,Steel\n|inactive|Battle timer is ON: inactive players will automatically lose when time's up. (requested by alexatorra15)\n|\n|t:|1700499824\n|start\n|switch|p1a: Cobra Kai|Urshifu-Rapid-Strike, L50, M|100\/100\n|switch|p1b: Rajang|Rillaboom, L50, F, shiny|100\/100\n|switch|p2a: TT|Lilligant, L50, F, shiny|100\/100\n|switch|p2b: Breakthrough|Torkoal, L50, F, shiny|100\/100\n|-fieldstart|move: Grassy Terrain|[from] ability: Grassy Surge|[of] p1b: Rajang\n|-weather|SunnyDay|[from] ability: Drought|[of] p2b: Breakthrough\n|turn|1\n|inactive|Tagiruz has 30 seconds left.\n|inactive|Tagiruz has 20 seconds left.\n|inactive|Tagiruz has 15 seconds left.\n|\n|t:|1700499868\n|-terastallize|p1a: Cobra Kai|Water\n|move|p1b: Rajang|Fake Out|p2a: TT\n|-damage|p2a: TT|79\/100\n|cant|p2a: TT|flinch\n|move|p1a: Cobra Kai|Surging Strikes|p2b: Breakthrough\n|-supereffective|p2b: Breakthrough\n|-crit|p2b: Breakthrough\n|-damage|p2b: Breakthrough|80\/100\n|-supereffective|p2b: Breakthrough\n|-crit|p2b: Breakthrough\n|-damage|p2b: Breakthrough|60\/100\n|-supereffective|p2b: Breakthrough\n|-crit|p2b: Breakthrough\n|-damage|p2b: Breakthrough|39\/100\n|-hitcount|p2b: Breakthrough|3\n|move|p2b: Breakthrough|Eruption|p1b: Rajang|[spread] p1a,p1b\n|-resisted|p1a: Cobra Kai\n|-supereffective|p1b: Rajang\n|-damage|p1a: Cobra Kai|77\/100\n|-damage|p1b: Rajang|23\/100\n|\n|-weather|SunnyDay|[upkeep]\n|-heal|p2a: TT|85\/100|[from] Grassy Terrain\n|-heal|p1a: Cobra Kai|83\/100|[from] Grassy Terrain\n|-heal|p1b: Rajang|29\/100|[from] Grassy Terrain\n|-heal|p2b: Breakthrough|46\/100|[from] Grassy Terrain\n|upkeep\n|turn|2\n|\n|t:|1700499885\n|move|p1b: Rajang|Protect|p1b: Rajang\n|-singleturn|p1b: Rajang|Protect\n|move|p2a: TT|After You|p2b: Breakthrough\n|-activate|p2b: Breakthrough|move: After You\n|move|p2b: Breakthrough|Flamethrower|p1b: Rajang\n|-activate|p1b: Rajang|move: Protect\n|move|p1a: Cobra Kai|Surging Strikes|p2b: Breakthrough\n|-supereffective|p2b: Breakthrough\n|-crit|p2b: Breakthrough\n|-damage|p2b: Breakthrough|25\/100\n|-supereffective|p2b: Breakthrough\n|-crit|p2b: Breakthrough\n|-damage|p2b: Breakthrough|5\/100\n|-supereffective|p2b: Breakthrough\n|-crit|p2b: Breakthrough\n|-damage|p2b: Breakthrough|0 fnt\n|faint|p2b: Breakthrough\n|-hitcount|p2: Breakthrough|3\n|\n|-weather|SunnyDay|[upkeep]\n|-heal|p2a: TT|92\/100|[from] Grassy Terrain\n|-heal|p1a: Cobra Kai|89\/100|[from] Grassy Terrain\n|-heal|p1b: Rajang|35\/100|[from] Grassy Terrain\n|upkeep\n|\n|t:|1700499900\n|switch|p2b: HOT|Kingambit, L50, F, shiny|100\/100\n|turn|3\n|inactive|Tagiruz has 30 seconds left.\n|\n|t:|1700499935\n|switch|p1a: Cloudy|Tornadus, L50, M|100\/100\n|-terastallize|p2b: HOT|Fire\n|move|p2a: TT|Leaf Storm|p1a: Cloudy\n|-resisted|p1a: Cloudy\n|-damage|p1a: Cloudy|55\/100\n|-unboost|p2a: TT|spa|2\n|move|p1b: Rajang|Wood Hammer|p2b: HOT\n|-resisted|p2b: HOT\n|-damage|p2b: HOT|61\/100\n|-damage|p1b: Rajang|22\/100|[from] Recoil\n|move|p2b: HOT|Tera Blast|p1b: Rajang|[anim] Tera Blast Fire\n|-supereffective|p1b: Rajang\n|-crit|p1b: Rajang\n|-damage|p1b: Rajang|0 fnt\n|faint|p1b: Rajang\n|\n|-weather|SunnyDay|[upkeep]\n|-heal|p2a: TT|98\/100|[from] Grassy Terrain\n|-heal|p2b: HOT|67\/100|[from] Grassy Terrain\n|upkeep\n|\n|t:|1700499948\n|switch|p1b: Cobra Kai|Urshifu-Rapid-Strike, L50, M, tera:Water|89\/100\n|turn|4\n|\n|t:|1700499962\n|switch|p2b: Espresso|Dragonite, L50, F|100\/100\n|move|p2a: TT|Protect|p2a: TT\n|-singleturn|p2a: TT|Protect\n|move|p1a: Cloudy|Rain Dance|p1a: Cloudy\n|-weather|RainDance\n|move|p1b: Cobra Kai|Surging Strikes|p2b: Espresso\n|-resisted|p2b: Espresso\n|-crit|p2b: Espresso\n|-damage|p2b: Espresso|90\/100\n|-resisted|p2b: Espresso\n|-crit|p2b: Espresso\n|-damage|p2b: Espresso|67\/100\n|-resisted|p2b: Espresso\n|-crit|p2b: Espresso\n|-damage|p2b: Espresso|43\/100\n|-hitcount|p2b: Espresso|3\n|\n|-weather|RainDance|[upkeep]\n|-heal|p1b: Cobra Kai|95\/100|[from] Grassy Terrain\n|-heal|p2a: TT|100\/100|[from] Grassy Terrain\n|upkeep\n|turn|5\n|\n|t:|1700499982\n|move|p1a: Cloudy|Tailwind|p1a: Cloudy\n|-sidestart|p1: Tagiruz|move: Tailwind\n|move|p1b: Cobra Kai|Surging Strikes|p2b: Espresso\n|-resisted|p2b: Espresso\n|-crit|p2b: Espresso\n|-damage|p2b: Espresso|21\/100\n|-resisted|p2b: Espresso\n|-crit|p2b: Espresso\n|-damage|p2b: Espresso|1\/100\n|-resisted|p2b: Espresso\n|-crit|p2b: Espresso\n|-damage|p2b: Espresso|0 fnt\n|faint|p2b: Espresso\n|-hitcount|p2: Espresso|3\n|move|p2a: TT|Sleep Powder|p1b: Cobra Kai\n|-status|p1b: Cobra Kai|slp|[from] move: Sleep Powder\n|\n|-weather|RainDance|[upkeep]\n|-heal|p1b: Cobra Kai|100\/100 slp|[from] Grassy Terrain\n|-fieldend|move: Grassy Terrain\n|upkeep\n|\n|t:|1700499991\n|switch|p2b: HOT|Kingambit, L50, F, shiny, tera:Fire|67\/100\n|turn|6\n|\n|t:|1700500002\n|move|p1a: Cloudy|Taunt|p2a: TT\n|-start|p2a: TT|move: Taunt\n|move|p2b: HOT|Sucker Punch||[still]\n|-fail|p2b: HOT\n|cant|p1b: Cobra Kai|slp\n|move|p2a: TT|Leaf Storm|p1b: Cobra Kai\n|-supereffective|p1b: Cobra Kai\n|-damage|p1b: Cobra Kai|17\/100 slp\n|-unboost|p2a: TT|spa|2\n|\n|-weather|RainDance|[upkeep]\n|upkeep\n|turn|7\n|inactive|Tagiruz has 30 seconds left.\n|inactive|Tagiruz has 20 seconds left.\n|inactive|Tagiruz has 15 seconds left.\n|\n|t:|1700500046\n|move|p1a: Cloudy|Taunt|p2b: HOT\n|-start|p2b: HOT|move: Taunt\n|-curestatus|p1b: Cobra Kai|slp|[msg]\n|move|p1b: Cobra Kai|Surging Strikes|p2b: HOT\n|-supereffective|p2b: HOT\n|-crit|p2b: HOT\n|-damage|p2b: HOT|7\/100\n|-supereffective|p2b: HOT\n|-crit|p2b: HOT\n|-damage|p2b: HOT|0 fnt\n|faint|p2b: HOT\n|-hitcount|p2: HOT|2\n|move|p2a: TT|Leaf Storm|p1b: Cobra Kai\n|-supereffective|p1b: Cobra Kai\n|-damage|p1b: Cobra Kai|0 fnt\n|-unboost|p2a: TT|spa|2\n|faint|p1b: Cobra Kai\n|\n|-weather|RainDance|[upkeep]\n|upkeep\n|\n|t:|1700500057\n|switch|p1b: Kong|Baxcalibur, L50, F|100\/100\n|turn|8\n|-message|alexatorra15 forfeited.\n|\n|win|Tagiruz\n|l|\u2606alexatorra15\n|c|\u2606Tagiruz|gg\n","uploadtime":1700500085,"views":3,"p1id":"tagiruz","p2id":"alexatorra15","formatid":"gen9vgc2023regulatione","rating":0,"private":0,"password":""}