{"id":"gen9vgc2023regulatione-1990265314","p1":"5Sscreen","p2":"Osamabld","format":"[Gen 9] VGC 2023 Regulation E","log":"|j|\u26065Sscreen\n|j|\u2606Osamabld\n|t:|1699947330\n|gametype|doubles\n|player|p1|5Sscreen|pokekid|1141\n|player|p2|Osamabld|1|1131\n|teamsize|p1|6\n|teamsize|p2|6\n|gen|9\n|tier|[Gen 9] VGC 2023 Regulation E\n|rated|\n|rule|Species Clause: Limit one of each Pok\u00e9mon\n|rule|Item Clause: Limit one of each item\n|clearpoke\n|poke|p1|Goodra-Hisui, L50, M|\n|poke|p1|Sinistcha, L50|\n|poke|p1|Bellibolt, L50, F|\n|poke|p1|Landorus-Therian, L50, M|\n|poke|p1|Grimmsnarl, L50, M|\n|poke|p1|Corviknight, L50, F|\n|poke|p2|Iron Hands, L50|\n|poke|p2|Landorus-Therian, L50, M|\n|poke|p2|Tornadus, L50, M|\n|poke|p2|Flutter Mane, L50|\n|poke|p2|Arcanine, L50, F|\n|poke|p2|Urshifu-*, L50, M|\n|teampreview|4\n|inactive|Battle timer is ON: inactive players will automatically lose when time's up. (requested by Osamabld)\n|inactive|5Sscreen has 60 seconds left.\n|\n|t:|1699947366\n|start\n|switch|p1a: Grimmsnarl|Grimmsnarl, L50, M|100\/100\n|switch|p1b: Landorus|Landorus-Therian, L50, M|100\/100\n|switch|p2a: Wind Mage|Tornadus, L50, M|100\/100\n|switch|p2b: Guand Doggirl|Arcanine, L50, F, shiny|100\/100\n|-ability|p1b: Landorus|Intimidate|boost\n|-unboost|p2a: Wind Mage|atk|1\n|-unboost|p2b: Guand Doggirl|atk|1\n|-ability|p2b: Guand Doggirl|Intimidate|boost\n|-unboost|p1a: Grimmsnarl|atk|1\n|-unboost|p1b: Landorus|atk|1\n|turn|1\n|\n|t:|1699947387\n|switch|p2b: General Shao|Landorus-Therian, L50, M|100\/100\n|-ability|p2b: General Shao|Intimidate|boost\n|-unboost|p1a: Grimmsnarl|atk|1\n|-unboost|p1b: Landorus|atk|1\n|move|p2a: Wind Mage|Tailwind|p2a: Wind Mage\n|-sidestart|p2: Osamabld|move: Tailwind\n|move|p1a: Grimmsnarl|Reflect|p1a: Grimmsnarl\n|-sidestart|p1: 5Sscreen|Reflect\n|move|p1b: Landorus|U-turn|p2b: General Shao\n|-resisted|p2b: General Shao\n|-damage|p2b: General Shao|91\/100\n|\n|t:|1699947398\n|switch|p1b: Bellibolt|Bellibolt, L50, F|100\/100|[from] U-turn\n|\n|upkeep\n|turn|2\n|\n|t:|1699947415\n|switch|p2a: Brawler Hand|Iron Hands, L50|100\/100\n|move|p1a: Grimmsnarl|Parting Shot|p2b: General Shao\n|-unboost|p2b: General Shao|atk|1\n|-unboost|p2b: General Shao|spa|1\n|\n|t:|1699947420\n|switch|p1a: Landorus|Landorus-Therian, L50, M|100\/100|[from] Parting Shot\n|-ability|p1a: Landorus|Intimidate|boost\n|-unboost|p2a: Brawler Hand|atk|1\n|-unboost|p2b: General Shao|atk|1\n|move|p2b: General Shao|Stomping Tantrum|p1b: Bellibolt\n|-supereffective|p1b: Bellibolt\n|-damage|p1b: Bellibolt|76\/100\n|-start|p1b: Bellibolt|Charge|Stomping Tantrum|[from] ability: Electromorphosis\n|move|p1b: Bellibolt|Muddy Water|p2b: General Shao|[spread] p2a\n|-miss|p1b: Bellibolt|p2b: General Shao\n|-damage|p2a: Brawler Hand|92\/100\n|\n|upkeep\n|turn|3\n|inactive|5Sscreen has 30 seconds left.\n|\n|t:|1699947450\n|switch|p2b: Guand Doggirl|Arcanine, L50, F, shiny|100\/100\n|-ability|p2b: Guand Doggirl|Intimidate|boost\n|-unboost|p1a: Landorus|atk|1\n|-unboost|p1b: Bellibolt|atk|1\n|switch|p1a: Sinistcha|Sinistcha, L50|100\/100\n|-heal|p1b: Bellibolt|100\/100|[from] ability: Hospitality|[of] p1a: Sinistcha\n|move|p2a: Brawler Hand|Fake Out|p1a: Sinistcha\n|-immune|p1a: Sinistcha\n|move|p1b: Bellibolt|Acid Spray|p2a: Brawler Hand\n|-damage|p2a: Brawler Hand|87\/100\n|-unboost|p2a: Brawler Hand|spd|2\n|\n|upkeep\n|turn|4\n|\n|t:|1699947469\n|-end|p2a: Brawler Hand|Quark Drive|[silent]\n|switch|p2a: General Shao|Landorus-Therian, L50, M|91\/100\n|-ability|p2a: General Shao|Intimidate|boost\n|-unboost|p1a: Sinistcha|atk|1\n|-unboost|p1b: Bellibolt|atk|1\n|move|p1a: Sinistcha|Protect|p1a: Sinistcha\n|-singleturn|p1a: Sinistcha|Protect\n|move|p2b: Guand Doggirl|Snarl|p1a: Sinistcha|[spread] p1b\n|-activate|p1a: Sinistcha|move: Protect\n|-damage|p1b: Bellibolt|94\/100\n|-unboost|p1b: Bellibolt|spa|1\n|-start|p1b: Bellibolt|Charge|Snarl|[from] ability: Electromorphosis\n|move|p1b: Bellibolt|Parabolic Charge|p2b: Guand Doggirl|[spread] p2b\n|-activate|p1a: Sinistcha|move: Protect\n|-immune|p2a: General Shao\n|-damage|p2b: Guand Doggirl|81\/100\n|-heal|p1b: Bellibolt|100\/100|[from] drain|[of] p2b: Guand Doggirl\n|-end|p1b: Bellibolt|Charge|[silent]\n|\n|-sideend|p2: Osamabld|move: Tailwind\n|upkeep\n|turn|5\n|inactive|5Sscreen has 30 seconds left.\n|\n|t:|1699947498\n|switch|p1a: Landorus|Landorus-Therian, L50, M|100\/100\n|-ability|p1a: Landorus|Intimidate|boost\n|-unboost|p2a: General Shao|atk|1\n|-unboost|p2b: Guand Doggirl|atk|1\n|move|p2a: General Shao|Rock Slide|p1b: Bellibolt|[spread] p1a,p1b\n|-damage|p1a: Landorus|89\/100\n|-damage|p1b: Bellibolt|93\/100\n|-start|p1b: Bellibolt|Charge|Rock Slide|[from] ability: Electromorphosis\n|move|p2b: Guand Doggirl|Snarl|p1a: Landorus|[spread] p1a,p1b\n|-damage|p1a: Landorus|76\/100\n|-damage|p1b: Bellibolt|87\/100\n|-unboost|p1a: Landorus|spa|1\n|-unboost|p1b: Bellibolt|spa|1\n|-start|p1b: Bellibolt|Charge|Snarl|[from] ability: Electromorphosis\n|move|p1b: Bellibolt|Muddy Water|p2a: General Shao|[spread] p2a,p2b\n|-supereffective|p2a: General Shao\n|-supereffective|p2b: Guand Doggirl\n|-damage|p2a: General Shao|70\/100\n|-damage|p2b: Guand Doggirl|66\/100\n|-unboost|p2a: General Shao|accuracy|1\n|-unboost|p2b: Guand Doggirl|accuracy|1\n|\n|upkeep\n|turn|6\n|inactive|5Sscreen has 30 seconds left.\n|inactive|5Sscreen has 20 seconds left.\n|\n|t:|1699947534\n|switch|p2a: Brawler Hand|Iron Hands, L50|87\/100\n|switch|p1a: Sinistcha|Sinistcha, L50|100\/100\n|-heal|p1b: Bellibolt|100\/100|[from] ability: Hospitality|[of] p1a: Sinistcha\n|move|p2b: Guand Doggirl|Protect|p2b: Guand Doggirl\n|-singleturn|p2b: Guand Doggirl|Protect\n|move|p1b: Bellibolt|Thunderbolt|p2b: Guand Doggirl\n|-activate|p2b: Guand Doggirl|move: Protect\n|-end|p1b: Bellibolt|Charge|[silent]\n|\n|upkeep\n|turn|7\n|inactive|5Sscreen has 30 seconds left.\n|\n|t:|1699947561\n|switch|p2b: General Shao|Landorus-Therian, L50, M|70\/100\n|-ability|p2b: General Shao|Intimidate|boost\n|-unboost|p1a: Sinistcha|atk|1\n|-unboost|p1b: Bellibolt|atk|1\n|switch|p1a: Landorus|Landorus-Therian, L50, M|76\/100\n|-ability|p1a: Landorus|Intimidate|boost\n|-unboost|p2a: Brawler Hand|atk|1\n|-unboost|p2b: General Shao|atk|1\n|move|p2a: Brawler Hand|Heavy Slam|p1a: Landorus\n|-damage|p1a: Landorus|51\/100\n|move|p1b: Bellibolt|Thunderbolt|p2b: General Shao\n|-immune|p2b: General Shao\n|\n|upkeep\n|turn|8\n|\n|t:|1699947580\n|switch|p1a: Grimmsnarl|Grimmsnarl, L50, M|100\/100\n|switch|p1b: Sinistcha|Sinistcha, L50|100\/100\n|move|p2a: Brawler Hand|Fake Out||[still]\n|-hint|Fake Out only works on your first turn out.\n|-fail|p2a: Brawler Hand\n|move|p2b: General Shao|Stomping Tantrum|p1b: Sinistcha\n|-resisted|p1b: Sinistcha\n|-damage|p1b: Sinistcha|91\/100\n|\n|-sideend|p1: 5Sscreen|Reflect\n|upkeep\n|turn|9\n|\n|t:|1699947596\n|switch|p2b: Wind Mage|Tornadus, L50, M|100\/100\n|move|p1a: Grimmsnarl|Reflect|p1a: Grimmsnarl\n|-sidestart|p1: 5Sscreen|Reflect\n|move|p1b: Sinistcha|Matcha Gotcha|p2b: Wind Mage|[spread] p2a\n|-miss|p1b: Sinistcha|p2b: Wind Mage\n|-damage|p2a: Brawler Hand|74\/100\n|-heal|p1b: Sinistcha|99\/100|[from] drain|[of] p2a: Brawler Hand\n|move|p2a: Brawler Hand|Heavy Slam|p1a: Grimmsnarl\n|-supereffective|p1a: Grimmsnarl\n|-damage|p1a: Grimmsnarl|55\/100\n|\n|upkeep\n|turn|10\n|\n|t:|1699947620\n|switch|p1b: Bellibolt|Bellibolt, L50, F|100\/100\n|move|p1a: Grimmsnarl|Parting Shot|p2a: Brawler Hand\n|-unboost|p2a: Brawler Hand|atk|1\n|-unboost|p2a: Brawler Hand|spa|1\n|\n|t:|1699947627\n|switch|p1a: Landorus|Landorus-Therian, L50, M|51\/100|[from] Parting Shot\n|-ability|p1a: Landorus|Intimidate|boost\n|-unboost|p2a: Brawler Hand|atk|1\n|-unboost|p2b: Wind Mage|atk|1\n|move|p2b: Wind Mage|Bleakwind Storm|p1b: Bellibolt|[spread] p1a,p1b\n|-resisted|p1b: Bellibolt\n|-damage|p1a: Landorus|14\/100\n|-damage|p1b: Bellibolt|92\/100\n|-start|p1b: Bellibolt|Charge|Bleakwind Storm|[from] ability: Electromorphosis\n|move|p2a: Brawler Hand|Heavy Slam|p1a: Landorus\n|-damage|p1a: Landorus|0 fnt\n|faint|p1a: Landorus\n|\n|upkeep\n|\n|t:|1699947640\n|switch|p1a: Grimmsnarl|Grimmsnarl, L50, M|55\/100\n|turn|11\n|\n|t:|1699947656\n|switch|p2b: General Shao|Landorus-Therian, L50, M|70\/100\n|-ability|p2b: General Shao|Intimidate|boost\n|-unboost|p1a: Grimmsnarl|atk|1\n|-unboost|p1b: Bellibolt|atk|1\n|move|p1a: Grimmsnarl|Parting Shot|p2b: General Shao\n|-unboost|p2b: General Shao|atk|1\n|-unboost|p2b: General Shao|spa|1\n|\n|t:|1699947662\n|switch|p1a: Sinistcha|Sinistcha, L50|99\/100|[from] Parting Shot\n|-heal|p1b: Bellibolt|100\/100|[from] ability: Hospitality|[of] p1a: Sinistcha\n|move|p2a: Brawler Hand|Heavy Slam|p1a: Sinistcha\n|-damage|p1a: Sinistcha|89\/100\n|move|p1b: Bellibolt|Acid Spray|p2b: General Shao\n|-resisted|p2b: General Shao\n|-damage|p2b: General Shao|64\/100\n|-unboost|p2b: General Shao|spd|2\n|\n|upkeep\n|turn|12\n|inactive|Osamabld has 30 seconds left.\n|\n|t:|1699947689\n|move|p2b: General Shao|Stomping Tantrum|p1b: Bellibolt\n|-supereffective|p1b: Bellibolt\n|-damage|p1b: Bellibolt|73\/100\n|-start|p1b: Bellibolt|Charge|Stomping Tantrum|[from] ability: Electromorphosis\n|move|p1a: Sinistcha|Matcha Gotcha|p2b: General Shao|[spread] p2a,p2b\n|-damage|p2a: Brawler Hand|60\/100\n|-heal|p1a: Sinistcha|99\/100|[from] drain|[of] p2a: Brawler Hand\n|-damage|p2b: General Shao|0 fnt\n|-heal|p1a: Sinistcha|100\/100|[from] drain|[of] p2b: General Shao\n|faint|p2b: General Shao\n|move|p2a: Brawler Hand|Heavy Slam|p1a: Sinistcha\n|-damage|p1a: Sinistcha|91\/100\n|move|p1b: Bellibolt|Muddy Water|p2a: Brawler Hand\n|-damage|p2a: Brawler Hand|47\/100\n|\n|upkeep\n|\n|t:|1699947706\n|switch|p2b: Guand Doggirl|Arcanine, L50, F, shiny|66\/100\n|-ability|p2b: Guand Doggirl|Intimidate|boost\n|-unboost|p1a: Sinistcha|atk|1\n|-unboost|p1b: Bellibolt|atk|1\n|turn|13\n|\n|t:|1699947727\n|-end|p2a: Brawler Hand|Quark Drive|[silent]\n|switch|p2a: Wind Mage|Tornadus, L50, M|100\/100\n|move|p1a: Sinistcha|Protect|p1a: Sinistcha\n|-singleturn|p1a: Sinistcha|Protect\n|move|p2b: Guand Doggirl|Flare Blitz|p1a: Sinistcha\n|-activate|p1a: Sinistcha|move: Protect\n|move|p1b: Bellibolt|Parabolic Charge|p2b: Guand Doggirl|[spread] p2a,p2b\n|-activate|p1a: Sinistcha|move: Protect\n|-supereffective|p2a: Wind Mage\n|-damage|p2a: Wind Mage|16\/100\n|-heal|p1b: Bellibolt|100\/100|[from] drain|[of] p2a: Wind Mage\n|-damage|p2b: Guand Doggirl|36\/100\n|-enditem|p2b: Guand Doggirl|Sitrus Berry|[eat]\n|-heal|p2b: Guand Doggirl|61\/100|[from] item: Sitrus Berry\n|-end|p1b: Bellibolt|Charge|[silent]\n|\n|upkeep\n|turn|14\n|inactive|5Sscreen has 30 seconds left.\n|inactive|Osamabld has 30 seconds left.\n|\n|t:|1699947757\n|switch|p2a: Brawler Hand|Iron Hands, L50|47\/100\n|-terastallize|p2b: Guand Doggirl|Grass\n|-terastallize|p1a: Sinistcha|Water\n|move|p2b: Guand Doggirl|Flare Blitz|p1a: Sinistcha\n|-resisted|p1a: Sinistcha\n|-damage|p1a: Sinistcha|77\/100\n|-damage|p2b: Guand Doggirl|57\/100|[from] Recoil\n|move|p1a: Sinistcha|Matcha Gotcha|p2b: Guand Doggirl|[spread] p2a,p2b\n|-resisted|p2b: Guand Doggirl\n|-damage|p2a: Brawler Hand|34\/100\n|-heal|p1a: Sinistcha|86\/100|[from] drain|[of] p2a: Brawler Hand\n|-damage|p2b: Guand Doggirl|47\/100\n|-heal|p1a: Sinistcha|92\/100|[from] drain|[of] p2b: Guand Doggirl\n|move|p1b: Bellibolt|Thunderbolt|p2b: Guand Doggirl\n|-resisted|p2b: Guand Doggirl\n|-damage|p2b: Guand Doggirl|35\/100\n|\n|upkeep\n|turn|15\n|\n|t:|1699947780\n|move|p1a: Sinistcha|Protect|p1a: Sinistcha\n|-singleturn|p1a: Sinistcha|Protect\n|move|p2b: Guand Doggirl|Snarl|p1b: Bellibolt|[spread] p1b\n|-activate|p1a: Sinistcha|move: Protect\n|-damage|p1b: Bellibolt|95\/100\n|-unboost|p1b: Bellibolt|spa|1\n|-start|p1b: Bellibolt|Charge|Snarl|[from] ability: Electromorphosis\n|move|p2a: Brawler Hand|Wild Charge|p1a: Sinistcha\n|-activate|p1a: Sinistcha|move: Protect\n|move|p1b: Bellibolt|Parabolic Charge|p2a: Brawler Hand|[spread] p2a,p2b\n|-activate|p1a: Sinistcha|move: Protect\n|-resisted|p2a: Brawler Hand\n|-resisted|p2b: Guand Doggirl\n|-damage|p2a: Brawler Hand|29\/100\n|-heal|p1b: Bellibolt|98\/100|[from] drain|[of] p2a: Brawler Hand\n|-damage|p2b: Guand Doggirl|25\/100\n|-heal|p1b: Bellibolt|100\/100|[from] drain|[of] p2b: Guand Doggirl\n|-end|p1b: Bellibolt|Charge|[silent]\n|\n|upkeep\n|turn|16\n|inactive|5Sscreen has 30 seconds left.\n|\n|t:|1699947810\n|switch|p1a: Grimmsnarl|Grimmsnarl, L50, M|55\/100\n|move|p2b: Guand Doggirl|Protect|p2b: Guand Doggirl\n|-singleturn|p2b: Guand Doggirl|Protect\n|move|p2a: Brawler Hand|Drain Punch|p1b: Bellibolt\n|-damage|p1b: Bellibolt|78\/100\n|-heal|p2a: Brawler Hand|39\/100|[from] drain|[of] p1b: Bellibolt\n|-start|p1b: Bellibolt|Charge|Drain Punch|[from] ability: Electromorphosis\n|move|p1b: Bellibolt|Acid Spray|p2b: Guand Doggirl\n|-activate|p2b: Guand Doggirl|move: Protect\n|\n|-sideend|p1: 5Sscreen|Reflect\n|upkeep\n|turn|17\n|inactive|5Sscreen has 30 seconds left.\n|\n|t:|1699947837\n|move|p1a: Grimmsnarl|Reflect|p1a: Grimmsnarl\n|-sidestart|p1: 5Sscreen|Reflect\n|move|p2b: Guand Doggirl|Snarl|p1b: Bellibolt|[spread] p1a,p1b\n|-resisted|p1a: Grimmsnarl\n|-crit|p1a: Grimmsnarl\n|-damage|p1a: Grimmsnarl|52\/100\n|-damage|p1b: Bellibolt|72\/100\n|-unboost|p1a: Grimmsnarl|spa|1\n|-unboost|p1b: Bellibolt|spa|1\n|-start|p1b: Bellibolt|Charge|Snarl|[from] ability: Electromorphosis\n|move|p2a: Brawler Hand|Wild Charge|p1a: Grimmsnarl\n|-damage|p1a: Grimmsnarl|14\/100\n|-damage|p2a: Brawler Hand|31\/100|[from] Recoil\n|move|p1b: Bellibolt|Thunderbolt|p2b: Guand Doggirl\n|-resisted|p2b: Guand Doggirl\n|-damage|p2b: Guand Doggirl|13\/100\n|-end|p1b: Bellibolt|Charge|[silent]\n|\n|upkeep\n|turn|18\n|inactive|5Sscreen has 30 seconds left.\n|inactive|5Sscreen has 20 seconds left.\n|\n|t:|1699947861\n|move|p2b: Guand Doggirl|Protect|p2b: Guand Doggirl\n|-singleturn|p2b: Guand Doggirl|Protect\n|move|p1a: Grimmsnarl|Parting Shot|p2a: Brawler Hand\n|-unboost|p2a: Brawler Hand|atk|1\n|-unboost|p2a: Brawler Hand|spa|1\n|inactive|5Sscreen has 20 seconds left this turn.\n|inactive|5Sscreen has 15 seconds left.\n|\n|t:|1699947867\n|switch|p1a: Sinistcha|Sinistcha, L50, tera:Water|92\/100|[from] Parting Shot\n|-heal|p1b: Bellibolt|97\/100|[from] ability: Hospitality|[of] p1a: Sinistcha\n|move|p2a: Brawler Hand|Drain Punch|p1b: Bellibolt\n|-damage|p1b: Bellibolt|82\/100\n|-heal|p2a: Brawler Hand|38\/100|[from] drain|[of] p1b: Bellibolt\n|-start|p1b: Bellibolt|Charge|Drain Punch|[from] ability: Electromorphosis\n|move|p1b: Bellibolt|Parabolic Charge|p2b: Guand Doggirl|[spread] p1a,p2a\n|-activate|p2b: Guand Doggirl|move: Protect\n|-supereffective|p1a: Sinistcha\n|-resisted|p2a: Brawler Hand\n|-damage|p1a: Sinistcha|55\/100\n|-heal|p1b: Bellibolt|97\/100|[from] drain|[of] p1a: Sinistcha\n|-damage|p2a: Brawler Hand|34\/100\n|-heal|p1b: Bellibolt|99\/100|[from] drain|[of] p2a: Brawler Hand\n|-end|p1b: Bellibolt|Charge|[silent]\n|\n|upkeep\n|turn|19\n|inactive|5Sscreen has 15 seconds left this turn.\n|inactive|5Sscreen has 10 seconds left.\n|inactive|5Sscreen has 5 seconds left.\n|-message|5Sscreen lost due to inactivity.\n|\n|win|Osamabld\n|raw|5Sscreen's rating: 1141 &rarr; <strong>1115<\/strong><br \/>(-26 for losing)\n|raw|Osamabld's rating: 1131 &rarr; <strong>1157<\/strong><br \/>(+26 for winning)\n|l|\u2606Osamabld\n|c|\u26065Sscreen|@@\n","uploadtime":1699947894,"views":20,"p1id":"5sscreen","p2id":"osamabld","formatid":"gen9vgc2023regulatione","rating":1115,"private":0,"password":""}