{"id":"gen9vgc2023regulatione-1994415582","p1":"joey71","p2":"Angelhuberpokr","format":"[Gen 9] VGC 2023 Regulation E","log":"|j|\u2606joey71\n|j|\u2606Angelhuberpokr\n|t:|1700441389\n|gametype|doubles\n|player|p1|joey71|birdkeeper-gen4dp|1144\n|player|p2|Angelhuberpokr|nate|1083\n|teamsize|p1|6\n|teamsize|p2|6\n|gen|9\n|tier|[Gen 9] VGC 2023 Regulation E\n|rated|\n|rule|Species Clause: Limit one of each Pok\u00e9mon\n|rule|Item Clause: Limit one of each item\n|clearpoke\n|poke|p1|Torkoal, L50, M|\n|poke|p1|Glastrier, L50|\n|poke|p1|Copperajah, L50, M|\n|poke|p1|Golem-Alola, L50, F|\n|poke|p1|Hatterene, L50, F|\n|poke|p1|Armarouge, L50, F|\n|poke|p2|Ninetales-Alola, L50, M|\n|poke|p2|Baxcalibur, L50, M|\n|poke|p2|Ogerpon-Wellspring, L50, F|\n|poke|p2|Rillaboom, L50, F|\n|poke|p2|Chi-Yu, L50|\n|poke|p2|Flutter Mane, L50|\n|teampreview|4\n|inactive|Battle timer is ON: inactive players will automatically lose when time's up. (requested by joey71)\n|inactive|Angelhuberpokr has 60 seconds left.\n|\n|t:|1700441426\n|start\n|switch|p1a: Armarouge|Armarouge, L50, F|100\/100\n|switch|p1b: Hatterene|Hatterene, L50, F|100\/100\n|switch|p2a: Ogerpon|Ogerpon-Wellspring, L50, F|100\/100\n|switch|p2b: Flutter Mane|Flutter Mane, L50|100\/100\n|-enditem|p2b: Flutter Mane|Booster Energy\n|-activate|p2b: Flutter Mane|ability: Protosynthesis|[fromitem]\n|-start|p2b: Flutter Mane|protosynthesisspe\n|turn|1\n|\n|t:|1700441440\n|move|p1a: Armarouge|Wide Guard|p1a: Armarouge\n|-singleturn|p1a: Armarouge|Wide Guard\n|move|p2b: Flutter Mane|Shadow Ball|p1a: Armarouge\n|-supereffective|p1a: Armarouge\n|-damage|p1a: Armarouge|6\/100\n|-unboost|p1a: Armarouge|spd|1\n|move|p2a: Ogerpon|Taunt|p1b: Hatterene\n|move|p1b: Hatterene|Taunt|p2a: Ogerpon|[from]ability: Magic Bounce\n|-start|p2a: Ogerpon|move: Taunt\n|move|p1b: Hatterene|Trick Room|p1b: Hatterene\n|-fieldstart|move: Trick Room|[of] p1b: Hatterene\n|\n|upkeep\n|turn|2\n|inactive|joey71 has 30 seconds left.\n|\n|t:|1700441467\n|move|p2b: Flutter Mane|Protect|p2b: Flutter Mane\n|-singleturn|p2b: Flutter Mane|Protect\n|move|p1b: Hatterene|Dazzling Gleam|p2b: Flutter Mane|[spread] p2a\n|-activate|p2b: Flutter Mane|move: Protect\n|-damage|p2a: Ogerpon|67\/100\n|move|p1a: Armarouge|Armor Cannon|p2b: Flutter Mane\n|-activate|p2b: Flutter Mane|move: Protect\n|move|p2a: Ogerpon|Ivy Cudgel|p1a: Armarouge|[anim] Ivy Cudgel Water\n|-supereffective|p1a: Armarouge\n|-damage|p1a: Armarouge|0 fnt\n|faint|p1a: Armarouge\n|\n|upkeep\n|\n|t:|1700441485\n|switch|p1a: Torkoal|Torkoal, L50, M|100\/100\n|-weather|SunnyDay|[from] ability: Drought|[of] p1a: Torkoal\n|turn|3\n|\n|t:|1700441500\n|switch|p2a: Chi-Yu|Chi-Yu, L50|100\/100\n|-ability|p2a: Chi-Yu|Beads of Ruin\n|-terastallize|p1a: Torkoal|Fire\n|move|p1a: Torkoal|Eruption|p2b: Flutter Mane|[spread] p2a,p2b\n|-resisted|p2a: Chi-Yu\n|-damage|p2a: Chi-Yu|36\/100\n|-damage|p2b: Flutter Mane|0 fnt\n|faint|p2b: Flutter Mane\n|-end|p2b: Flutter Mane|Protosynthesis|[silent]\n|move|p1b: Hatterene|Dazzling Gleam|p2a: Chi-Yu\n|-damage|p2a: Chi-Yu|0 fnt\n|faint|p2a: Chi-Yu\n|\n|-weather|SunnyDay|[upkeep]\n|upkeep\n|\n|t:|1700441507\n|switch|p2a: Rillaboom|Rillaboom, L50, F|100\/100\n|switch|p2b: Ogerpon|Ogerpon-Wellspring, L50, F|67\/100\n|-fieldstart|move: Grassy Terrain|[from] ability: Grassy Surge|[of] p2a: Rillaboom\n|turn|4\n|inactive|joey71 has 30 seconds left.\n|\n|t:|1700441534\n|move|p2a: Rillaboom|Fake Out|p1a: Torkoal\n|-damage|p1a: Torkoal|90\/100\n|cant|p1a: Torkoal|flinch\n|move|p1b: Hatterene|Dazzling Gleam|p2a: Rillaboom|[spread] p2a,p2b\n|-damage|p2a: Rillaboom|73\/100\n|-damage|p2b: Ogerpon|29\/100\n|move|p2b: Ogerpon|Ivy Cudgel|p1a: Torkoal|[anim] Ivy Cudgel Water\n|-supereffective|p1a: Torkoal\n|-damage|p1a: Torkoal|46\/100\n|\n|-weather|SunnyDay|[upkeep]\n|-heal|p1a: Torkoal|52\/100|[from] Grassy Terrain\n|-heal|p2a: Rillaboom|79\/100|[from] Grassy Terrain\n|-heal|p2b: Ogerpon|35\/100|[from] Grassy Terrain\n|upkeep\n|turn|5\n|inactiveoff|Battle timer is now OFF.\n|\n|t:|1700441559\n|-terastallize|p2a: Rillaboom|Fire\n|move|p2b: Ogerpon|Spiky Shield|p2b: Ogerpon\n|-singleturn|p2b: Ogerpon|move: Protect\n|move|p1a: Torkoal|Eruption|p2a: Rillaboom|[spread] p2a\n|-activate|p2b: Ogerpon|move: Protect\n|-resisted|p2a: Rillaboom\n|-damage|p2a: Rillaboom|59\/100\n|move|p1b: Hatterene|Dazzling Gleam|p2a: Rillaboom|[spread] p2a\n|-activate|p2b: Ogerpon|move: Protect\n|-resisted|p2a: Rillaboom\n|-damage|p2a: Rillaboom|46\/100\n|move|p2a: Rillaboom|Knock Off|p1b: Hatterene\n|-damage|p1b: Hatterene|61\/100\n|-enditem|p1b: Hatterene|Fairy Feather|[from] move: Knock Off|[of] p2a: Rillaboom\n|\n|-weather|SunnyDay|[upkeep]\n|-heal|p1a: Torkoal|58\/100|[from] Grassy Terrain\n|-heal|p1b: Hatterene|67\/100|[from] Grassy Terrain\n|-heal|p2a: Rillaboom|52\/100|[from] Grassy Terrain\n|-heal|p2b: Ogerpon|41\/100|[from] Grassy Terrain\n|-fieldend|move: Trick Room\n|upkeep\n|turn|6\n|\n|t:|1700441609\n|move|p2b: Ogerpon|Ivy Cudgel|p1a: Torkoal|[anim] Ivy Cudgel Water\n|-supereffective|p1a: Torkoal\n|-damage|p1a: Torkoal|14\/100\n|move|p2a: Rillaboom|Knock Off|p1a: Torkoal\n|-damage|p1a: Torkoal|0 fnt\n|-enditem|p1a: Torkoal|Charcoal|[from] move: Knock Off|[of] p2a: Rillaboom\n|faint|p1a: Torkoal\n|move|p1b: Hatterene|Trick Room|p1b: Hatterene\n|-fieldstart|move: Trick Room|[of] p1b: Hatterene\n|\n|-weather|SunnyDay|[upkeep]\n|-heal|p1b: Hatterene|73\/100|[from] Grassy Terrain\n|-heal|p2a: Rillaboom|58\/100|[from] Grassy Terrain\n|-heal|p2b: Ogerpon|47\/100|[from] Grassy Terrain\n|upkeep\n|\n|t:|1700441623\n|switch|p1a: Copperajah|Copperajah, L50, M|100\/100\n|turn|7\n|\n|t:|1700441634\n|move|p2b: Ogerpon|Spiky Shield|p2b: Ogerpon\n|-singleturn|p2b: Ogerpon|move: Protect\n|move|p1a: Copperajah|Rock Slide|p2a: Rillaboom|[spread] p2a\n|-activate|p2b: Ogerpon|move: Protect\n|-supereffective|p2a: Rillaboom\n|-damage|p2a: Rillaboom|0 fnt\n|faint|p2a: Rillaboom\n|move|p1b: Hatterene|Dazzling Gleam|p2b: Ogerpon\n|-activate|p2b: Ogerpon|move: Protect\n|\n|-weather|none\n|-heal|p1b: Hatterene|79\/100|[from] Grassy Terrain\n|-heal|p2b: Ogerpon|53\/100|[from] Grassy Terrain\n|upkeep\n|turn|8\n|\n|t:|1700441660\n|move|p1a: Copperajah|Body Slam|p2b: Ogerpon\n|-damage|p2b: Ogerpon|0 fnt\n|faint|p2b: Ogerpon\n|\n|win|joey71\n|raw|joey71's rating: 1144 &rarr; <strong>1165<\/strong><br \/>(+21 for winning)\n|raw|Angelhuberpokr's rating: 1083 &rarr; <strong>1064<\/strong><br \/>(-19 for losing)\n","uploadtime":1700441667,"views":4,"p1id":"joey71","p2id":"angelhuberpokr","formatid":"gen9vgc2023regulatione","rating":1064,"private":0,"password":""}