{"id":"gen9vgc2023regulatione-1991560326","p1":"Geronimo0078","p2":"Lego superman","format":"[Gen 9] VGC 2023 Regulation E","log":"|j|\u2606Geronimo0078\n|j|\u2606Lego superman\n|t:|1700088428\n|gametype|doubles\n|player|p1|Geronimo0078|cynthia|1084\n|player|p2|Lego superman|gentleman-gen4|1133\n|teamsize|p1|6\n|teamsize|p2|6\n|gen|9\n|tier|[Gen 9] VGC 2023 Regulation E\n|rated|\n|rule|Species Clause: Limit one of each Pok\u00e9mon\n|rule|Item Clause: Limit one of each item\n|clearpoke\n|poke|p1|Farigiraf, L50, M|\n|poke|p1|Hariyama, L50, M|\n|poke|p1|Dudunsparce-*, L50, M|\n|poke|p1|Sinistcha, L50|\n|poke|p1|Ting-Lu, L50|\n|poke|p1|Weezing-Galar, L50, M|\n|poke|p2|Iron Thorns, L50|\n|poke|p2|Sinistcha-Masterpiece, L50|\n|poke|p2|Thundurus, L50, M|\n|poke|p2|Sneasler, L50, F|\n|poke|p2|Iron Bundle, L50|\n|poke|p2|Sableye, L50, F|\n|teampreview|4\n|inactive|Battle timer is ON: inactive players will automatically lose when time's up. (requested by Lego superman)\n|\n|t:|1700088479\n|start\n|switch|p1a: Farigiraf|Farigiraf, L50, M|100\/100\n|switch|p1b: Dudunsparce|Dudunsparce-Three-Segment, L50, M|100\/100\n|switch|p2a: Sableye|Sableye, L50, F|100\/100\n|switch|p2b: Iron Thorns|Iron Thorns, L50|100\/100\n|turn|1\n|inactive|Geronimo0078 has 30 seconds left.\n|inactive|Lego superman has 30 seconds left.\n|\n|t:|1700088514\n|move|p2a: Sableye|Reflect|p2a: Sableye\n|-sidestart|p2: Lego superman|Reflect\n|move|p2b: Iron Thorns|Rock Slide|p1a: Farigiraf|[spread] p1a,p1b\n|-damage|p1a: Farigiraf|73\/100\n|-damage|p1b: Dudunsparce|72\/100\n|cant|p1b: Dudunsparce|flinch\n|cant|p1a: Farigiraf|flinch\n|\n|upkeep\n|turn|2\n|\n|t:|1700088531\n|move|p1b: Dudunsparce|Protect|p1b: Dudunsparce\n|-singleturn|p1b: Dudunsparce|Protect\n|move|p2a: Sableye|Light Screen|p2a: Sableye\n|-sidestart|p2: Lego superman|move: Light Screen\n|move|p2b: Iron Thorns|Rock Slide|p1a: Farigiraf|[spread] p1a\n|-activate|p1b: Dudunsparce|move: Protect\n|-damage|p1a: Farigiraf|45\/100\n|move|p1a: Farigiraf|Trick Room|p1a: Farigiraf\n|-fieldstart|move: Trick Room|[of] p1a: Farigiraf\n|\n|upkeep\n|turn|3\n|inactive|Lego superman has 30 seconds left.\n|\n|t:|1700088564\n|-terastallize|p2b: Iron Thorns|Dragon\n|move|p1a: Farigiraf|Protect|p1a: Farigiraf\n|-singleturn|p1a: Farigiraf|Protect\n|move|p2a: Sableye|Encore||[still]\n|cant|p1a: Farigiraf|ability: Armor Tail|Encore|[of] p2a: Sableye\n|move|p1b: Dudunsparce|Rock Slide|p2a: Sableye|[spread] p2a,p2b\n|-crit|p2a: Sableye\n|-damage|p2a: Sableye|72\/100\n|-damage|p2b: Iron Thorns|91\/100\n|cant|p2b: Iron Thorns|flinch\n|\n|upkeep\n|turn|4\n|\n|t:|1700088584\n|switch|p2a: Sinistcha|Sinistcha-Masterpiece, L50|100\/100\n|-heal|p2b: Iron Thorns|100\/100|[from] ability: Hospitality|[of] p2a: Sinistcha\n|move|p1b: Dudunsparce|Rock Slide|p2b: Iron Thorns|[spread] p2a,p2b\n|-damage|p2a: Sinistcha|91\/100\n|-damage|p2b: Iron Thorns|92\/100\n|move|p1a: Farigiraf|Shadow Ball|p2a: Sinistcha\n|-supereffective|p2a: Sinistcha\n|-damage|p2a: Sinistcha|61\/100\n|cant|p2b: Iron Thorns|flinch\n|\n|-heal|p2a: Sinistcha|67\/100|[from] item: Leftovers\n|upkeep\n|turn|5\n|\n|t:|1700088604\n|move|p2a: Sinistcha|Rage Powder|p2a: Sinistcha\n|-singleturn|p2a: Sinistcha|move: Rage Powder\n|move|p1b: Dudunsparce|Rock Slide|p2a: Sinistcha|[spread] p2a,p2b\n|-damage|p2a: Sinistcha|57\/100\n|-damage|p2b: Iron Thorns|83\/100\n|move|p1a: Farigiraf|Shadow Ball|p2a: Sinistcha\n|-supereffective|p2a: Sinistcha\n|-damage|p2a: Sinistcha|29\/100\n|cant|p2b: Iron Thorns|flinch\n|\n|-heal|p2a: Sinistcha|35\/100|[from] item: Leftovers\n|upkeep\n|turn|6\n|\n|t:|1700088624\n|switch|p2a: Sableye|Sableye, L50, F|72\/100\n|move|p1b: Dudunsparce|Rock Slide|p2b: Iron Thorns|[spread] p2a,p2b\n|-damage|p2a: Sableye|60\/100\n|-damage|p2b: Iron Thorns|75\/100\n|move|p1a: Farigiraf|Shadow Ball|p2a: Sableye\n|-damage|p2a: Sableye|38\/100\n|cant|p2b: Iron Thorns|flinch\n|\n|-fieldend|move: Trick Room\n|upkeep\n|turn|7\n|\n|t:|1700088643\n|switch|p2a: Sinistcha|Sinistcha-Masterpiece, L50|35\/100\n|-heal|p2b: Iron Thorns|99\/100|[from] ability: Hospitality|[of] p2a: Sinistcha\n|move|p1b: Dudunsparce|Protect|p1b: Dudunsparce\n|-singleturn|p1b: Dudunsparce|Protect\n|move|p2b: Iron Thorns|Dragon Claw|p1a: Farigiraf\n|-damage|p1a: Farigiraf|7\/100\n|move|p1a: Farigiraf|Trick Room|p1a: Farigiraf\n|-fieldstart|move: Trick Room|[of] p1a: Farigiraf\n|\n|-heal|p2a: Sinistcha|41\/100|[from] item: Leftovers\n|upkeep\n|turn|8\n|\n|t:|1700088665\n|switch|p1a: Sinistcha|Sinistcha, L50|100\/100\n|-heal|p1b: Dudunsparce|97\/100|[from] ability: Hospitality|[of] p1a: Sinistcha\n|move|p1b: Dudunsparce|Air Slash|p2a: Sinistcha\n|-supereffective|p2a: Sinistcha\n|-damage|p2a: Sinistcha|23\/100\n|move|p2a: Sinistcha|Strength Sap|p1b: Dudunsparce\n|-unboost|p1b: Dudunsparce|atk|1\n|-heal|p2a: Sinistcha|100\/100\n|move|p2b: Iron Thorns|Rock Slide|p1a: Sinistcha|[spread] p1a,p1b\n|-damage|p1a: Sinistcha|75\/100\n|-damage|p1b: Dudunsparce|71\/100\n|\n|-sideend|p2: Lego superman|Reflect\n|upkeep\n|turn|9\n|inactive|Lego superman has 30 seconds left.\n|\n|t:|1700088692\n|move|p1b: Dudunsparce|Air Slash|p2a: Sinistcha\n|-supereffective|p2a: Sinistcha\n|-damage|p2a: Sinistcha|80\/100\n|move|p1a: Sinistcha|Life Dew|p1a: Sinistcha|[spread] p1a,p1b\n|-heal|p1a: Sinistcha|100\/100\n|-heal|p1b: Dudunsparce|96\/100\n|cant|p2a: Sinistcha|flinch\n|move|p2b: Iron Thorns|Dragon Dance|p2b: Iron Thorns\n|-boost|p2b: Iron Thorns|atk|1\n|-boost|p2b: Iron Thorns|spe|1\n|\n|-heal|p2a: Sinistcha|86\/100|[from] item: Leftovers\n|-sideend|p2: Lego superman|move: Light Screen\n|upkeep\n|turn|10\n|inactive|Geronimo0078 has 30 seconds left.\n|\n|t:|1700088718\n|switch|p2a: Sableye|Sableye, L50, F|38\/100\n|-terastallize|p1b: Dudunsparce|Flying\n|move|p1a: Sinistcha|Rage Powder|p1a: Sinistcha\n|-singleturn|p1a: Sinistcha|move: Rage Powder\n|move|p1b: Dudunsparce|Air Slash|p2a: Sableye\n|-damage|p2a: Sableye|6\/100\n|move|p2b: Iron Thorns|Dragon Dance|p2b: Iron Thorns\n|-boost|p2b: Iron Thorns|atk|1\n|-boost|p2b: Iron Thorns|spe|1\n|\n|upkeep\n|turn|11\n|inactive|Geronimo0078 has 30 seconds left.\n|\n|t:|1700088746\n|move|p2a: Sableye|Reflect|p2a: Sableye\n|-sidestart|p2: Lego superman|Reflect\n|move|p1b: Dudunsparce|Rock Slide|p2a: Sableye|[spread] p2a,p2b\n|-damage|p2a: Sableye|0 fnt\n|-damage|p2b: Iron Thorns|94\/100\n|faint|p2a: Sableye\n|move|p1a: Sinistcha|Matcha Gotcha|p2b: Iron Thorns\n|-resisted|p2b: Iron Thorns\n|-damage|p2b: Iron Thorns|76\/100\n|cant|p2b: Iron Thorns|flinch\n|\n|-fieldend|move: Trick Room\n|upkeep\n|c|\u2606Geronimo0078|jeez\n|\n|t:|1700088761\n|switch|p2a: Sneasler|Sneasler, L50, F|100\/100\n|turn|12\n|\n|t:|1700088771\n|move|p1b: Dudunsparce|Protect|p1b: Dudunsparce\n|-singleturn|p1b: Dudunsparce|Protect\n|move|p2b: Iron Thorns|Rock Slide|p1a: Sinistcha|[spread] p1a\n|-activate|p1b: Dudunsparce|move: Protect\n|-damage|p1a: Sinistcha|53\/100\n|move|p2a: Sneasler|Dire Claw|p1a: Sinistcha\n|-damage|p1a: Sinistcha|19\/100\n|cant|p1a: Sinistcha|flinch\n|\n|upkeep\n|turn|13\n|\n|t:|1700088793\n|move|p1a: Sinistcha|Rage Powder|p1a: Sinistcha\n|-singleturn|p1a: Sinistcha|move: Rage Powder\n|move|p2b: Iron Thorns|Dragon Dance|p2b: Iron Thorns\n|-boost|p2b: Iron Thorns|atk|1\n|-boost|p2b: Iron Thorns|spe|1\n|move|p2a: Sneasler|Dire Claw|p1a: Sinistcha\n|-damage|p1a: Sinistcha|0 fnt\n|faint|p1a: Sinistcha\n|move|p1b: Dudunsparce|Air Slash|p2a: Sneasler\n|-supereffective|p2a: Sneasler\n|-damage|p2a: Sneasler|41\/100\n|\n|upkeep\n|\n|t:|1700088806\n|switch|p1a: Ting-Lu|Ting-Lu, L50|100\/100\n|-ability|p1a: Ting-Lu|Vessel of Ruin\n|turn|14\n|\n|t:|1700088819\n|move|p2b: Iron Thorns|Dragon Dance|p2b: Iron Thorns\n|-boost|p2b: Iron Thorns|atk|1\n|-boost|p2b: Iron Thorns|spe|1\n|move|p2a: Sneasler|Close Combat|p1a: Ting-Lu\n|-supereffective|p1a: Ting-Lu\n|-damage|p1a: Ting-Lu|23\/100\n|-unboost|p2a: Sneasler|def|1\n|-unboost|p2a: Sneasler|spd|1\n|move|p1a: Ting-Lu|Ruination|p2b: Iron Thorns\n|-damage|p2b: Iron Thorns|39\/100\n|move|p1b: Dudunsparce|Hyper Drill|p2b: Iron Thorns\n|-damage|p2b: Iron Thorns|23\/100\n|\n|upkeep\n|turn|15\n|inactive|Geronimo0078 has 30 seconds left.\n|\n|t:|1700088845\n|switch|p2a: Sinistcha|Sinistcha-Masterpiece, L50|86\/100\n|-heal|p2b: Iron Thorns|48\/100|[from] ability: Hospitality|[of] p2a: Sinistcha\n|move|p2b: Iron Thorns|Dragon Claw|p1b: Dudunsparce\n|-damage|p1b: Dudunsparce|0 fnt\n|faint|p1b: Dudunsparce\n|move|p1a: Ting-Lu|Stomping Tantrum|p2b: Iron Thorns\n|-damage|p2b: Iron Thorns|29\/100\n|\n|-heal|p2a: Sinistcha|93\/100|[from] item: Leftovers\n|upkeep\n|-message|Geronimo0078 forfeited.\n|\n|win|Lego superman\n|raw|Geronimo0078's rating: 1084 &rarr; <strong>1065<\/strong><br \/>(-19 for losing)\n|raw|Lego superman's rating: 1133 &rarr; <strong>1154<\/strong><br \/>(+21 for winning)\n|l|\u2606Geronimo0078\n","uploadtime":1700089081,"views":11,"p1id":"geronimo0078","p2id":"legosuperman","formatid":"gen9vgc2023regulatione","rating":1065,"private":0,"password":""}