{"id":"gen9vgc2023regulatione-1994987196","p1":"JayoticNL","p2":"Mellowthepokemoon","format":"[Gen 9] VGC 2023 Regulation E","log":"|j|\u2606JayoticNL\n|j|\u2606Mellowthepokemoon\n|n|\u2606JayoticNL|jayoticnl\n|n|\u2606Mellowthepokemoon|mellowthepokemoon\n|html|View the match progress at <a href=\"\/game-bestof3-gen9vgc2023regulatione-1994987195\">game-bestof3-gen9vgc2023regulatione-1994987195<\/a>\n|t:|1700510785\n|gametype|doubles\n|player|p1|JayoticNL|2|\n|player|p2|Mellowthepokemoon|pokemonbreederf-gen4|\n|teamsize|p1|6\n|teamsize|p2|6\n|gen|9\n|tier|[Gen 9] VGC 2023 Regulation E\n|rule|Species Clause: Limit one of each Pok\u00e9mon\n|rule|Item Clause: Limit one of each item\n|clearpoke\n|poke|p1|Dondozo, L50, M|\n|poke|p1|Tatsugiri, L50, F|\n|poke|p1|Cresselia, L50, F|\n|poke|p1|Ursaluna-Bloodmoon, L50, M|\n|poke|p1|Wo-Chien, L50|\n|poke|p1|Glimmora, L50, F|\n|poke|p2|Ogerpon, L50, F|\n|poke|p2|Thundurus, L50, M|\n|poke|p2|Chi-Yu, L50|\n|poke|p2|Flutter Mane, L50|\n|poke|p2|Dondozo, L50, M|\n|poke|p2|Tatsugiri, L50, F|\n|teampreview|4\n|\n|t:|1700510815\n|start\n|switch|p1a: Glimmora|Glimmora, L50, F|100\/100\n|switch|p1b: Wo-Chien|Wo-Chien, L50|100\/100\n|switch|p2a: Chi-Yu|Chi-Yu, L50|100\/100\n|switch|p2b: Ogerpon|Ogerpon, L50, F|100\/100\n|-ability|p2a: Chi-Yu|Beads of Ruin\n|-ability|p1b: Wo-Chien|Tablets of Ruin\n|turn|1\n|\n|t:|1700510868\n|-terastallize|p1b: Wo-Chien|Poison\n|move|p2a: Chi-Yu|Overheat|p1b: Wo-Chien|[miss]\n|-miss|p2a: Chi-Yu|p1b: Wo-Chien\n|move|p2b: Ogerpon|Ivy Cudgel|p1a: Glimmora\n|-damage|p1a: Glimmora|56\/100\n|-activate|p1a: Glimmora|ability: Toxic Debris\n|-sidestart|p2: Mellowthepokemoon|move: Toxic Spikes\n|move|p1a: Glimmora|Mortal Spin|p2a: Chi-Yu|[spread] p2a,p2b\n|-supereffective|p2b: Ogerpon\n|-damage|p2a: Chi-Yu|96\/100\n|-damage|p2b: Ogerpon|93\/100\n|-status|p2a: Chi-Yu|psn\n|-status|p2b: Ogerpon|psn\n|move|p1b: Wo-Chien|Leech Seed|p2a: Chi-Yu\n|-start|p2a: Chi-Yu|move: Leech Seed\n|\n|-damage|p2a: Chi-Yu|84\/100 psn|[from] Leech Seed|[of] p1b: Wo-Chien\n|-damage|p2a: Chi-Yu|71\/100 psn|[from] psn\n|-damage|p2b: Ogerpon|81\/100 psn|[from] psn\n|upkeep\n|turn|2\n|\n|t:|1700510927\n|-terastallize|p2a: Chi-Yu|Ghost\n|move|p2a: Chi-Yu|Overheat|p1b: Wo-Chien\n|-damage|p1b: Wo-Chien|24\/100\n|-unboost|p2a: Chi-Yu|spa|2\n|move|p2b: Ogerpon|Stomping Tantrum|p1a: Glimmora\n|-supereffective|p1a: Glimmora\n|-damage|p1a: Glimmora|0 fnt\n|-activate|p1a: Glimmora|ability: Toxic Debris\n|-sidestart|p2: Mellowthepokemoon|move: Toxic Spikes\n|faint|p1a: Glimmora\n|move|p1b: Wo-Chien|Pollen Puff|p1: Glimmora|[notarget]\n|-fail|p1b: Wo-Chien\n|\n|-damage|p2a: Chi-Yu|59\/100 psn|[from] Leech Seed|[of] p1b: Wo-Chien\n|-heal|p1b: Wo-Chien|35\/100|[silent]\n|-damage|p2a: Chi-Yu|47\/100 psn|[from] psn\n|-damage|p2b: Ogerpon|68\/100 psn|[from] psn\n|upkeep\n|\n|t:|1700510944\n|switch|p1a: Dondozo|Dondozo, L50, M|100\/100\n|turn|3\n|\n|t:|1700510977\n|move|p1a: Dondozo|Protect|p1a: Dondozo\n|-singleturn|p1a: Dondozo|Protect\n|move|p2a: Chi-Yu|Overheat|p1a: Dondozo\n|-activate|p1a: Dondozo|move: Protect\n|move|p2b: Ogerpon|Stomping Tantrum|p1a: Dondozo\n|-activate|p1a: Dondozo|move: Protect\n|move|p1b: Wo-Chien|Ruination|p2b: Ogerpon\n|-damage|p2b: Ogerpon|34\/100 psn\n|\n|-damage|p2a: Chi-Yu|35\/100 psn|[from] Leech Seed|[of] p1b: Wo-Chien\n|-heal|p1b: Wo-Chien|46\/100|[silent]\n|-damage|p2a: Chi-Yu|23\/100 psn|[from] psn\n|-damage|p2b: Ogerpon|22\/100 psn|[from] psn\n|upkeep\n|turn|4\n|\n|t:|1700511000\n|switch|p2b: Dondozo|Dondozo, L50, M|100\/100\n|-status|p2b: Dondozo|tox\n|switch|p1b: Tatsugiri|Tatsugiri, L50, F|100\/100\n|-activate|p1b: Tatsugiri|ability: Commander|[of] p1a: Dondozo\n|-boost|p1a: Dondozo|atk|2\n|-boost|p1a: Dondozo|spa|2\n|-boost|p1a: Dondozo|spe|2\n|-boost|p1a: Dondozo|def|2\n|-boost|p1a: Dondozo|spd|2\n|move|p2a: Chi-Yu|Overheat|p1b: Tatsugiri|[miss]\n|-miss|p2a: Chi-Yu|p1b: Tatsugiri\n|move|p1a: Dondozo|Order Up|p2b: Dondozo\n|-damage|p2b: Dondozo|88\/100 tox\n|-boost|p1a: Dondozo|atk|1\n|\n|-heal|p2b: Dondozo|95\/100 tox|[from] item: Leftovers\n|-damage|p2a: Chi-Yu|10\/100 psn|[from] Leech Seed|[of] p1b: Tatsugiri\n|-damage|p2a: Chi-Yu|0 fnt|[from] psn\n|faint|p2a: Chi-Yu\n|-damage|p2b: Dondozo|88\/100 tox|[from] psn\n|upkeep\n|\n|t:|1700511026\n|switch|p2a: Ogerpon|Ogerpon, L50, F|22\/100 psn\n|turn|5\n|\n|t:|1700511040\n|move|p2a: Ogerpon|Spiky Shield|p2a: Ogerpon\n|-singleturn|p2a: Ogerpon|move: Protect\n|move|p1a: Dondozo|Protect|p1a: Dondozo\n|-singleturn|p1a: Dondozo|Protect\n|move|p2b: Dondozo|Earthquake|p1a: Dondozo|[spread] \n|-miss|p2b: Dondozo|p1b: Tatsugiri\n|-activate|p2a: Ogerpon|move: Protect\n|-activate|p1a: Dondozo|move: Protect\n|\n|-heal|p2b: Dondozo|95\/100 tox|[from] item: Leftovers\n|-damage|p2a: Ogerpon|10\/100 psn|[from] psn\n|-damage|p2b: Dondozo|82\/100 tox|[from] psn\n|upkeep\n|turn|6\n|\n|t:|1700511073\n|move|p2a: Ogerpon|Encore|p1a: Dondozo\n|-start|p1a: Dondozo|Encore\n|move|p1a: Dondozo|Protect|p1a: Dondozo\n|-singleturn|p1a: Dondozo|Protect\n|move|p2b: Dondozo|Earthquake|p1b: Tatsugiri|[spread] p2a\n|-miss|p2b: Dondozo|p1b: Tatsugiri\n|-activate|p1a: Dondozo|move: Protect\n|-resisted|p2a: Ogerpon\n|-damage|p2a: Ogerpon|0 fnt\n|faint|p2a: Ogerpon\n|\n|-heal|p2b: Dondozo|88\/100 tox|[from] item: Leftovers\n|-damage|p2b: Dondozo|70\/100 tox|[from] psn\n|upkeep\n|\n|t:|1700511088\n|switch|p2a: Tatsugiri|Tatsugiri, L50, F|100\/100\n|-activate|p2a: Tatsugiri|ability: Commander|[of] p2b: Dondozo\n|-boost|p2b: Dondozo|atk|2\n|-boost|p2b: Dondozo|spa|2\n|-boost|p2b: Dondozo|spe|2\n|-boost|p2b: Dondozo|def|2\n|-boost|p2b: Dondozo|spd|2\n|turn|7\n|\n|t:|1700511097\n|move|p2b: Dondozo|Protect|p2b: Dondozo\n|-singleturn|p2b: Dondozo|Protect\n|move|p1a: Dondozo|Protect||[still]\n|-fail|p1a: Dondozo\n|\n|-heal|p2b: Dondozo|76\/100 tox|[from] item: Leftovers\n|-damage|p2b: Dondozo|51\/100 tox|[from] psn\n|upkeep\n|turn|8\n|\n|t:|1700511110\n|move|p1a: Dondozo|Protect|p1a: Dondozo\n|-singleturn|p1a: Dondozo|Protect\n|move|p2b: Dondozo|Earthquake|p1b: Tatsugiri|[spread] \n|-miss|p2b: Dondozo|p2a: Tatsugiri\n|-miss|p2b: Dondozo|p1b: Tatsugiri\n|-activate|p1a: Dondozo|move: Protect\n|\n|-heal|p2b: Dondozo|57\/100 tox|[from] item: Leftovers\n|-damage|p2b: Dondozo|26\/100 tox|[from] psn\n|-end|p1a: Dondozo|Encore\n|upkeep\n|turn|9\n|c|\u2606JayoticNL|dondozo wins by doing absolutely nothing\n|\n|t:|1700511125\n|move|p1a: Dondozo|Protect||[still]\n|-fail|p1a: Dondozo\n|move|p2b: Dondozo|Earthquake|p1a: Dondozo|[spread] p1a\n|-miss|p2b: Dondozo|p2a: Tatsugiri\n|-miss|p2b: Dondozo|p1b: Tatsugiri\n|-crit|p1a: Dondozo\n|-damage|p1a: Dondozo|84\/100\n|\n|-heal|p2b: Dondozo|32\/100 tox|[from] item: Leftovers\n|-heal|p1a: Dondozo|90\/100|[from] item: Leftovers\n|-damage|p2b: Dondozo|0 fnt|[from] psn\n|faint|p2b: Dondozo\n|upkeep\n|turn|10\n|c|\u2606JayoticNL|optimal\n|\n|t:|1700511142\n|move|p2a: Tatsugiri|Icy Wind|p1b: Tatsugiri|[spread] p1a\n|-miss|p2a: Tatsugiri|p1b: Tatsugiri\n|-resisted|p1a: Dondozo\n|-damage|p1a: Dondozo|88\/100\n|-unboost|p1a: Dondozo|spe|1\n|move|p1a: Dondozo|Order Up|p2a: Tatsugiri\n|-supereffective|p2a: Tatsugiri\n|-damage|p2a: Tatsugiri|0 fnt\n|faint|p2a: Tatsugiri\n|\n|win|JayoticNL\n|inactive|JayoticNL has 50 seconds to confirm battle start!\n|inactive|Mellowthepokemoon has 50 seconds to confirm battle start!\n|c|&|\/uhtml prompt-jayoticnl,JayoticNL is ready for game 2!\n|inactive|Mellowthepokemoon has 40 seconds to confirm battle start!\n|inactive|Mellowthepokemoon has 29 seconds to confirm battle start!\n|inactive|Mellowthepokemoon has 19 seconds to confirm battle start!\n|c|&|\/uhtml prompt-jayoticnl,JayoticNL is ready for game 2!\n|inactive|Mellowthepokemoon has 8 seconds to confirm battle start!\nBoth players are ready! Starting next match!\n|l|\u2606Mellowthepokemoon\n","uploadtime":1700512407,"views":11,"p1id":"jayoticnl","p2id":"mellowthepokemoon","formatid":"gen9vgc2023regulatione","rating":0,"private":0,"password":""}