{"id":"gen9vgc2023regulatione-1998471194","p1":"Specs Hex Pex","p2":"Squirly","format":"[Gen 9] VGC 2023 Regulation E","log":"|j|\u2606Specs Hex Pex\n|j|\u2606Squirly\n|n|\u2606Specs Hex Pex|specshexpex\n|n|\u2606Squirly|squirly\n|html|View the match progress at <a href=\"\/game-bestof3-gen9vgc2023regulatione-1998471193\">game-bestof3-gen9vgc2023regulatione-1998471193<\/a>\n|t:|1700946037\n|gametype|doubles\n|player|p1|Specs Hex Pex|lady|\n|player|p2|Squirly|psychic-gen4|\n|teamsize|p1|6\n|teamsize|p2|6\n|gen|9\n|tier|[Gen 9] VGC 2023 Regulation E\n|rule|Species Clause: Limit one of each Pok\u00e9mon\n|rule|Item Clause: Limit one of each item\n|clearpoke\n|poke|p1|Kommo-o, L50, F|\n|poke|p1|Indeedee-F, L50, F|\n|poke|p1|Azumarill, L50, M|\n|poke|p1|Armarouge, L50, M|\n|poke|p1|Sneasel, L50, M|\n|poke|p1|Slither Wing, L50|\n|poke|p2|Foongus, L50, M|\n|poke|p2|Gardevoir, L50, F|\n|poke|p2|Skeledirge, L50, M|\n|poke|p2|Mamoswine, L50, M|\n|poke|p2|Milotic, L50, M|\n|poke|p2|Iron Jugulis, L50|\n|teampreview|4\n|c|\u2606Specs Hex Pex|gl hf\nSquirly rejected open team sheets.\n|c|\u2606Squirly|glhf\n|j| Pear456987\n|\n|t:|1700946139\n|start\n|switch|p1a: Sneasel|Sneasel, L50, M|100\/100\n|switch|p1b: Armarouge|Armarouge, L50, M|100\/100\n|switch|p2a: Iron Jugulis|Iron Jugulis, L50|100\/100\n|switch|p2b: Mamoswine|Mamoswine, L50, M|100\/100\n|-enditem|p2a: Iron Jugulis|Booster Energy\n|-activate|p2a: Iron Jugulis|ability: Quark Drive|[fromitem]\n|-start|p2a: Iron Jugulis|quarkdrivespe\n|turn|1\n|\n|t:|1700946192\n|move|p1b: Armarouge|Protect|p1b: Armarouge\n|-singleturn|p1b: Armarouge|Protect\n|move|p2a: Iron Jugulis|Tailwind|p2a: Iron Jugulis\n|-sidestart|p2: Squirly|move: Tailwind\n|move|p2b: Mamoswine|Earthquake|p1a: Sneasel|[spread] p1a\n|-activate|p1b: Armarouge|move: Protect\n|-immune|p2a: Iron Jugulis\n|-damage|p1a: Sneasel|10\/100\n|move|p1a: Sneasel|Icicle Crash|p2a: Iron Jugulis\n|-supereffective|p2a: Iron Jugulis\n|-damage|p2a: Iron Jugulis|15\/100\n|\n|upkeep\n|turn|2\n|\n|t:|1700946218\n|switch|p1b: Indeedee|Indeedee-F, L50, F|100\/100\n|-fieldstart|move: Psychic Terrain|[from] ability: Psychic Surge|[of] p1b: Indeedee\n|-enditem|p1b: Indeedee|Psychic Seed\n|-boost|p1b: Indeedee|spd|1|[from] item: Psychic Seed\n|move|p1a: Sneasel|Ice Shard|p2a: Iron Jugulis\n|-hint|Psychic Terrain doesn't affect Pok\u00e9mon immune to Ground.\n|-supereffective|p2a: Iron Jugulis\n|-damage|p2a: Iron Jugulis|0 fnt\n|faint|p2a: Iron Jugulis\n|-end|p2a: Iron Jugulis|Quark Drive|[silent]\n|move|p2b: Mamoswine|Earthquake|p1b: Indeedee|[spread] p1a,p1b\n|-damage|p1a: Sneasel|0 fnt\n|-damage|p1b: Indeedee|61\/100\n|faint|p1a: Sneasel\n|\n|upkeep\n|c| Pear456987|giga brain\n|\n|t:|1700946277\n|switch|p1a: Slither Wing|Slither Wing, L50|100\/100\n|switch|p2a: Skeledirge|Skeledirge, L50, M|100\/100\n|turn|3\n|\n|t:|1700946322\n|move|p2b: Mamoswine|Protect|p2b: Mamoswine\n|-singleturn|p2b: Mamoswine|Protect\n|move|p2a: Skeledirge|Torch Song|p1b: Indeedee\n|-damage|p1b: Indeedee|21\/100\n|-boost|p2a: Skeledirge|spa|1\n|-enditem|p2a: Skeledirge|Throat Spray\n|-boost|p2a: Skeledirge|spa|1|[from] item: Throat Spray\n|move|p1a: Slither Wing|Close Combat|p2b: Mamoswine\n|-activate|p2b: Mamoswine|move: Protect\n|move|p1b: Indeedee|Heal Pulse|p1a: Slither Wing\n|-fail|p1a: Slither Wing|heal\n|\n|upkeep\n|turn|4\n|\n|t:|1700946348\n|move|p1b: Indeedee|Helping Hand|p1a: Slither Wing\n|-singleturn|p1a: Slither Wing|Helping Hand|[of] p1b: Indeedee\n|move|p2b: Mamoswine|High Horsepower|p1b: Indeedee\n|-damage|p1b: Indeedee|0 fnt\n|faint|p1b: Indeedee\n|move|p2a: Skeledirge|Torch Song|p1a: Slither Wing\n|-supereffective|p1a: Slither Wing\n|-damage|p1a: Slither Wing|0 fnt\n|-boost|p2a: Skeledirge|spa|1\n|faint|p1a: Slither Wing\n|-end|p1a: Slither Wing|Protosynthesis|[silent]\n|\n|-sideend|p2: Squirly|move: Tailwind\n|upkeep\n|\n|t:|1700946360\n|switch|p1b: Armarouge|Armarouge, L50, M|100\/100\n|turn|5\n|\n|t:|1700946374\n|-terastallize|p1b: Armarouge|Grass\n|move|p2b: Mamoswine|Protect|p2b: Mamoswine\n|-singleturn|p2b: Mamoswine|Protect\n|move|p2a: Skeledirge|Protect|p2a: Skeledirge\n|-singleturn|p2a: Skeledirge|Protect\n|move|p1b: Armarouge|Expanding Force|p2a: Skeledirge|[spread] \n|-activate|p2a: Skeledirge|move: Protect\n|-activate|p2b: Mamoswine|move: Protect\n|\n|upkeep\n|turn|6\n|\n|t:|1700946423\n|-terastallize|p2a: Skeledirge|Psychic\n|move|p1b: Armarouge|Expanding Force|p2a: Skeledirge|[spread] p2a,p2b\n|-resisted|p2a: Skeledirge\n|-damage|p2a: Skeledirge|76\/100\n|-damage|p2b: Mamoswine|39\/100\n|move|p2b: Mamoswine|Icicle Crash|p1b: Armarouge\n|-supereffective|p1b: Armarouge\n|-damage|p1b: Armarouge|14\/100\n|-ability|p1b: Armarouge|Weak Armor|boost\n|-unboost|p1b: Armarouge|def|1\n|-boost|p1b: Armarouge|spe|2\n|-enditem|p1b: Armarouge|Weakness Policy\n|-boost|p1b: Armarouge|atk|2|[from] item: Weakness Policy\n|-boost|p1b: Armarouge|spa|2|[from] item: Weakness Policy\n|move|p2a: Skeledirge|Shadow Ball|p1b: Armarouge\n|-damage|p1b: Armarouge|0 fnt\n|faint|p1b: Armarouge\n|\n|win|Squirly\n|inactive|Specs Hex Pex has 50 seconds to confirm battle start!\n|inactive|Squirly has 50 seconds to confirm battle start!\n|c|&|\/uhtml prompt-squirly,Squirly is ready for game 2!\n|c|&|\/uhtml prompt-specshexpex,Specs Hex Pex is ready for game 2!\nBoth players are ready! Starting next match!\n|l| Pear456987\n","uploadtime":1700946623,"views":20,"p1id":"specshexpex","p2id":"squirly","formatid":"gen9vgc2023regulatione","rating":0,"private":0,"password":""}