{"id":"gen9vgc2023regulatione-1990790112","p1":"Deathbend","p2":"Strider755","format":"[Gen 9] VGC 2023 Regulation E","log":"|j|\u2606Deathbend\n|j|\u2606Strider755\n|t:|1700001088\n|gametype|doubles\n|player|p1|Deathbend|clown|1210\n|player|p2|Strider755|veteran-gen4|1241\n|teamsize|p1|6\n|teamsize|p2|6\n|gen|9\n|tier|[Gen 9] VGC 2023 Regulation E\n|rated|\n|rule|Species Clause: Limit one of each Pok\u00e9mon\n|rule|Item Clause: Limit one of each item\n|clearpoke\n|poke|p1|Iron Bundle, L50|\n|poke|p1|Iron Hands, L50|\n|poke|p1|Chi-Yu, L50|\n|poke|p1|Landorus-Therian, L50, M|\n|poke|p1|Cresselia, L50, F|\n|poke|p1|Snorlax, L50, F|\n|poke|p2|Torkoal, L50, M|\n|poke|p2|Lilligant-Hisui, L50, F|\n|poke|p2|Dusclops, L50, F|\n|poke|p2|Ursaluna, L50, F|\n|poke|p2|Armarouge, L50, M|\n|poke|p2|Indeedee-F, L50, F|\n|teampreview|4\n|inactive|Battle timer is ON: inactive players will automatically lose when time's up. (requested by Strider755)\nStrider755 has agreed to open team sheets.\n|inactive|Strider755 has 60 seconds left.\n|\n|t:|1700001140\n|start\n|switch|p1a: Rawr XP|Landorus-Therian, L50, M|100\/100\n|switch|p1b: BIG RIG|Iron Hands, L50|100\/100\n|switch|p2a: Lilligant|Lilligant-Hisui, L50, F|100\/100\n|switch|p2b: Torkoal|Torkoal, L50, M|100\/100\n|-ability|p1a: Rawr XP|Intimidate|boost\n|-unboost|p2a: Lilligant|atk|1\n|-unboost|p2b: Torkoal|atk|1\n|-weather|SunnyDay|[from] ability: Drought|[of] p2b: Torkoal\n|turn|1\n|\n|t:|1700001162\n|-terastallize|p1a: Rawr XP|Flying\n|move|p2b: Torkoal|Protect|p2b: Torkoal\n|-singleturn|p2b: Torkoal|Protect\n|move|p1b: BIG RIG|Fake Out|p2b: Torkoal\n|-activate|p2b: Torkoal|move: Protect\n|move|p2a: Lilligant|Sleep Powder|p1a: Rawr XP|[miss]\n|-miss|p2a: Lilligant|p1a: Rawr XP\n|move|p1a: Rawr XP|Tera Blast|p2a: Lilligant|[anim] Tera Blast Flying\n|-supereffective|p2a: Lilligant\n|-enditem|p2a: Lilligant|Focus Sash\n|-damage|p2a: Lilligant|1\/100\n|\n|-weather|SunnyDay|[upkeep]\n|upkeep\n|turn|2\n|\n|t:|1700001183\n|-terastallize|p2b: Torkoal|Fire\n|move|p2a: Lilligant|After You|p2b: Torkoal\n|-activate|p2b: Torkoal|move: After You\n|move|p2b: Torkoal|Eruption|p1b: BIG RIG|[spread] p1a,p1b\n|-damage|p1a: Rawr XP|0 fnt\n|-damage|p1b: BIG RIG|31\/100\n|faint|p1a: Rawr XP\n|move|p1b: BIG RIG|Drain Punch|p2a: Lilligant\n|-damage|p2a: Lilligant|0 fnt\n|-heal|p1b: BIG RIG|31\/100|[from] drain|[of] p2a: Lilligant\n|faint|p2a: Lilligant\n|\n|-weather|SunnyDay|[upkeep]\n|upkeep\n|c|\u2606Strider755|Big surprise there\n|\n|t:|1700001193\n|switch|p2a: Dusclops|Dusclops, L50, F|100\/100\n|switch|p1a: BiBi|Iron Bundle, L50, shiny|100\/100\n|-ability|p2a: Dusclops|Pressure\n|-enditem|p1a: BiBi|Booster Energy\n|-activate|p1a: BiBi|ability: Quark Drive|[fromitem]\n|-start|p1a: BiBi|quarkdrivespe\n|turn|3\n|\n|t:|1700001202\n|move|p1a: BiBi|Protect|p1a: BiBi\n|-singleturn|p1a: BiBi|Protect\n|move|p2b: Torkoal|Protect|p2b: Torkoal\n|-singleturn|p2b: Torkoal|Protect\n|move|p1b: BIG RIG|Drain Punch|p2b: Torkoal\n|-activate|p2b: Torkoal|move: Protect\n|move|p2a: Dusclops|Trick Room|p2a: Dusclops\n|-fieldstart|move: Trick Room|[of] p2a: Dusclops\n|\n|-weather|SunnyDay|[upkeep]\n|upkeep\n|turn|4\n|\n|t:|1700001219\n|move|p2b: Torkoal|Eruption|p1a: BiBi|[spread] p1a,p1b\n|-damage|p1a: BiBi|0 fnt\n|-damage|p1b: BIG RIG|0 fnt\n|faint|p1a: BiBi\n|-end|p1a: BiBi|Quark Drive|[silent]\n|faint|p1b: BIG RIG\n|-end|p1b: BIG RIG|Quark Drive|[silent]\n|move|p2a: Dusclops|Night Shade|p1: BiBi|[notarget]\n|-fail|p2a: Dusclops\n|\n|-weather|SunnyDay|[upkeep]\n|upkeep\n|\n|t:|1700001224\n|switch|p1b: glugluglu|Chi-Yu, L50|100\/100\n|-ability|p1b: glugluglu|Beads of Ruin\n|turn|5\n|\n|t:|1700001237\n|move|p2b: Torkoal|Eruption|p1b: glugluglu\n|-resisted|p1b: glugluglu\n|-damage|p1b: glugluglu|14\/100\n|move|p2a: Dusclops|Night Shade|p1b: glugluglu\n|-damage|p1b: glugluglu|0 fnt\n|faint|p1b: glugluglu\n|\n|win|Strider755\n|raw|Deathbend's rating: 1210 &rarr; <strong>1187<\/strong><br \/>(-23 for losing)\n|raw|Strider755's rating: 1241 &rarr; <strong>1264<\/strong><br \/>(+23 for winning)\n","uploadtime":1700001277,"views":11,"p1id":"deathbend","p2id":"strider755","formatid":"gen9vgc2023regulatione","rating":1187,"private":0,"password":""}