{"id":"gen9vgc2023regulatione-1998804462","p1":"tmptj","p2":"Neutralist","format":"[Gen 9] VGC 2023 Regulation E","log":"|j|\u2606tmptj\n|j|\u2606Neutralist\n|t:|1700994405\n|gametype|doubles\n|player|p1|tmptj|benga|1231\n|player|p2|Neutralist|101|1330\n|teamsize|p1|6\n|teamsize|p2|6\n|gen|9\n|tier|[Gen 9] VGC 2023 Regulation E\n|rated|\n|rule|Species Clause: Limit one of each Pok\u00e9mon\n|rule|Item Clause: Limit one of each item\n|clearpoke\n|poke|p1|Dragapult, L50, M|\n|poke|p1|Landorus-Therian, L50, M|\n|poke|p1|Rillaboom, L50, F|\n|poke|p1|Sneasler, L50, F|\n|poke|p1|Farigiraf, L50, M|\n|poke|p1|Milotic, L50, F|\n|poke|p2|Baxcalibur, L50, M|\n|poke|p2|Ninetales-Alola, L50, F|\n|poke|p2|Ogerpon-Wellspring, L50, F|\n|poke|p2|Rillaboom, L50, M|\n|poke|p2|Heatran, L50, M|\n|poke|p2|Moltres-Galar, L50|\n|teampreview|4\n|\n|t:|1700994440\n|start\n|switch|p1a: Dragapult|Dragapult, L50, M|100\/100\n|switch|p1b: Landorus|Landorus-Therian, L50, M|100\/100\n|switch|p2a: Soulseer|Ninetales-Alola, L50, F|100\/100\n|switch|p2b: Glavenus|Baxcalibur, L50, M|100\/100\n|-ability|p1b: Landorus|Intimidate|boost\n|-unboost|p2a: Soulseer|atk|1\n|-unboost|p2b: Glavenus|atk|1\n|-weather|Snow|[from] ability: Snow Warning|[of] p2a: Soulseer\n|turn|1\n|inactive|Battle timer is ON: inactive players will automatically lose when time's up. (requested by Neutralist)\n|\n|t:|1700994464\n|-terastallize|p1b: Landorus|Water\n|move|p2b: Glavenus|Protect|p2b: Glavenus\n|-singleturn|p2b: Glavenus|Protect\n|move|p1b: Landorus|Rock Slide|p2a: Soulseer|[spread] p2a\n|-activate|p2b: Glavenus|move: Protect\n|-supereffective|p2a: Soulseer\n|-damage|p2a: Soulseer|64\/100\n|move|p1a: Dragapult|Dragon Darts|p2b: Glavenus\n|-immune|p2a: Soulseer\n|move|p2a: Soulseer|Aurora Veil|p2a: Soulseer\n|-sidestart|p2: Neutralist|move: Aurora Veil\n|\n|-weather|Snow|[upkeep]\n|upkeep\n|turn|2\n|inactive|tmptj has 30 seconds left.\n|\n|t:|1700994495\n|move|p1b: Landorus|Rock Slide|p2b: Glavenus|[spread] p2a,p2b\n|-supereffective|p2a: Soulseer\n|-supereffective|p2b: Glavenus\n|-crit|p2b: Glavenus\n|-damage|p2a: Soulseer|42\/100\n|-damage|p2b: Glavenus|64\/100\n|move|p1a: Dragapult|U-turn|p2b: Glavenus\n|-crit|p2b: Glavenus\n|-damage|p2b: Glavenus|36\/100\n|-damage|p1a: Dragapult|91\/100|[from] item: Life Orb\n|c|\u2606Neutralist|Wow\n|\n|t:|1700994504\n|switch|p1a: Milotic|Milotic, L50, F|100\/100|[from] U-turn\n|move|p2a: Soulseer|Icy Wind|p1b: Landorus|[spread] p1a,p1b\n|-resisted|p1a: Milotic\n|-resisted|p1b: Landorus\n|-damage|p1a: Milotic|96\/100\n|-damage|p1b: Landorus|93\/100\n|-unboost|p1a: Milotic|spe|1\n|-ability|p1a: Milotic|Competitive|boost\n|-boost|p1a: Milotic|spa|2\n|-unboost|p1b: Landorus|spe|1\n|move|p2b: Glavenus|Scale Shot|p1a: Milotic\n|-damage|p1a: Milotic|89\/100\n|-damage|p1a: Milotic|81\/100\n|-damage|p1a: Milotic|73\/100\n|-damage|p1a: Milotic|65\/100\n|-hitcount|p1a: Milotic|4\n|-unboost|p2b: Glavenus|def|1\n|-boost|p2b: Glavenus|spe|1\n|\n|-weather|Snow|[upkeep]\n|-heal|p2b: Glavenus|42\/100|[from] ability: Ice Body\n|upkeep\n|turn|3\n|inactive|tmptj has 30 seconds left.\n|\n|t:|1700994537\n|move|p2b: Glavenus|Swords Dance|p2b: Glavenus\n|-boost|p2b: Glavenus|atk|2\n|move|p2a: Soulseer|Icy Wind|p1b: Landorus|[spread] p1a,p1b\n|-resisted|p1a: Milotic\n|-resisted|p1b: Landorus\n|-damage|p1a: Milotic|61\/100\n|-damage|p1b: Landorus|85\/100\n|-unboost|p1a: Milotic|spe|1\n|-ability|p1a: Milotic|Competitive|boost\n|-boost|p1a: Milotic|spa|2\n|-unboost|p1b: Landorus|spe|1\n|move|p1b: Landorus|Rock Slide|p2a: Soulseer|[spread] p2a,p2b\n|-supereffective|p2a: Soulseer\n|-supereffective|p2b: Glavenus\n|-damage|p2a: Soulseer|20\/100\n|-damage|p2b: Glavenus|16\/100\n|move|p1a: Milotic|Scald|p2a: Soulseer\n|-damage|p2a: Soulseer|0 fnt\n|faint|p2a: Soulseer\n|\n|-weather|Snow|[upkeep]\n|-heal|p2b: Glavenus|22\/100|[from] ability: Ice Body\n|upkeep\n|\n|t:|1700994543\n|switch|p2a: L\u2019monki|Rillaboom, L50, M|100\/100\n|-fieldstart|move: Grassy Terrain|[from] ability: Grassy Surge|[of] p2a: L\u2019monki\n|turn|4\n|inactive|tmptj has 30 seconds left.\n|\n|t:|1700994571\n|switch|p1a: Dragapult|Dragapult, L50, M|91\/100\n|move|p2b: Glavenus|Scale Shot|p1a: Dragapult\n|-supereffective|p1a: Dragapult\n|-damage|p1a: Dragapult|34\/100\n|-supereffective|p1a: Dragapult\n|-damage|p1a: Dragapult|0 fnt\n|faint|p1a: Dragapult\n|-hitcount|p1: Dragapult|2\n|-unboost|p2b: Glavenus|def|1\n|-boost|p2b: Glavenus|spe|1\n|move|p1b: Landorus|Rock Slide|p2a: L\u2019monki|[spread] p2a,p2b\n|-supereffective|p2b: Glavenus\n|-damage|p2a: L\u2019monki|86\/100\n|-damage|p2b: Glavenus|0 fnt\n|faint|p2b: Glavenus\n|move|p2a: L\u2019monki|Wood Hammer|p1b: Landorus\n|-supereffective|p1b: Landorus\n|-damage|p1b: Landorus|0 fnt\n|faint|p1b: Landorus\n|-damage|p2a: L\u2019monki|62\/100|[from] Recoil\n|\n|-weather|Snow|[upkeep]\n|-heal|p2a: L\u2019monki|68\/100|[from] Grassy Terrain\n|upkeep\n|\n|t:|1700994596\n|switch|p1a: Sneasler|Sneasler, L50, F|100\/100\n|switch|p1b: Milotic|Milotic, L50, F|61\/100\n|switch|p2b: -1.0|Moltres-Galar, L50|100\/100\n|-enditem|p1a: Sneasler|Grassy Seed\n|-boost|p1a: Sneasler|def|1|[from] item: Grassy Seed\n|turn|5\n|\n|t:|1700994610\n|-terastallize|p2b: -1.0|Poison\n|move|p2a: L\u2019monki|Grassy Glide|p1b: Milotic\n|-supereffective|p1b: Milotic\n|-damage|p1b: Milotic|0 fnt\n|faint|p1b: Milotic\n|move|p1a: Sneasler|Dire Claw|p2a: L\u2019monki\n|-supereffective|p2a: L\u2019monki\n|-damage|p2a: L\u2019monki|4\/100\n|-status|p2a: L\u2019monki|psn\n|move|p2b: -1.0|Air Slash|p1a: Sneasler\n|-supereffective|p1a: Sneasler\n|-damage|p1a: Sneasler|15\/100\n|\n|-weather|none\n|-heal|p1a: Sneasler|21\/100|[from] Grassy Terrain\n|-heal|p2a: L\u2019monki|10\/100 psn|[from] Grassy Terrain\n|-damage|p2a: L\u2019monki|0 fnt|[from] psn\n|faint|p2a: L\u2019monki\n|upkeep\n|turn|6\n|inactive|tmptj has 30 seconds left.\n|\n|t:|1700994640\n|move|p1a: Sneasler|Dire Claw|p2b: -1.0\n|-resisted|p2b: -1.0\n|-damage|p2b: -1.0|87\/100\n|-status|p2b: -1.0|par\n|move|p2b: -1.0|Fiery Wrath|p1a: Sneasler\n|-resisted|p1a: Sneasler\n|-damage|p1a: Sneasler|0 fnt\n|faint|p1a: Sneasler\n|\n|win|Neutralist\n|raw|tmptj's rating: 1231 &rarr; <strong>1213<\/strong><br \/>(-18 for losing)\n|raw|Neutralist's rating: 1330 &rarr; <strong>1344<\/strong><br \/>(+14 for winning)\n|l|\u2606tmptj\n","uploadtime":1700994688,"views":12,"p1id":"tmptj","p2id":"neutralist","formatid":"gen9vgc2023regulatione","rating":1213,"private":0,"password":""}