{"id":"gen9vgc2023regulatione-1992998584","p1":"doggybears","p2":"sbll","format":"[Gen 9] VGC 2023 Regulation E","log":"|j|\u2606doggybears\n|j|\u2606sbll\n|t:|1700254056\n|gametype|doubles\n|player|p1|doggybears|janitor|1303\n|player|p2|sbll|scientistf|1309\n|teamsize|p1|6\n|teamsize|p2|6\n|gen|9\n|tier|[Gen 9] VGC 2023 Regulation E\n|rated|\n|rule|Species Clause: Limit one of each Pok\u00e9mon\n|rule|Item Clause: Limit one of each item\n|clearpoke\n|poke|p1|Chien-Pao, L50|\n|poke|p1|Rillaboom, L50, M|\n|poke|p1|Arcanine-Hisui, L50, F|\n|poke|p1|Tornadus, L50, M|\n|poke|p1|Urshifu-*, L50, F|\n|poke|p1|Flutter Mane, L50|\n|poke|p2|Murkrow, L50, M|\n|poke|p2|Chi-Yu, L50|\n|poke|p2|Iron Bundle, L50|\n|poke|p2|Amoonguss, L50, M|\n|poke|p2|Iron Hands, L50|\n|poke|p2|Annihilape, L50, M|\n|teampreview|4\ndoggybears has agreed to open team sheets.\n|inactive|Battle timer is ON: inactive players will automatically lose when time's up. (requested by doggybears)\n|\n|t:|1700254132\n|start\n|switch|p1a: Tornadus|Tornadus, L50, M|100\/100\n|switch|p1b: Arcanine|Arcanine-Hisui, L50, F|100\/100\n|switch|p2a: Handsoap|Iron Hands, L50, shiny|100\/100\n|switch|p2b: Annihilape|Annihilape, L50, M|100\/100\n|-ability|p1b: Arcanine|Intimidate|boost\n|-unboost|p2a: Handsoap|atk|1\n|-unboost|p2b: Annihilape|atk|1\n|-ability|p2b: Annihilape|Defiant|boost\n|-boost|p2b: Annihilape|atk|2\n|turn|1\n|inactive|doggybears has 30 seconds left.\n|inactive|doggybears has 20 seconds left.\n|\n|t:|1700254170\n|-terastallize|p1a: Tornadus|Ghost\n|move|p2a: Handsoap|Fake Out|p1b: Arcanine\n|-resisted|p1b: Arcanine\n|-damage|p1b: Arcanine|94\/100\n|move|p1a: Tornadus|Taunt|p2b: Annihilape\n|-start|p2b: Annihilape|move: Taunt\n|cant|p1b: Arcanine|flinch\n|move|p2b: Annihilape|Drain Punch|p1b: Arcanine\n|-supereffective|p1b: Arcanine\n|-damage|p1b: Arcanine|0 fnt\n|faint|p1b: Arcanine\n|\n|upkeep\n|\n|t:|1700254184\n|switch|p1b: Flutter Mane|Flutter Mane, L50|100\/100\n|-enditem|p1b: Flutter Mane|Booster Energy\n|-activate|p1b: Flutter Mane|ability: Protosynthesis|[fromitem]\n|-start|p1b: Flutter Mane|protosynthesisspa\n|turn|2\n|\n|t:|1700254203\n|-terastallize|p2b: Annihilape|Poison\n|move|p1b: Flutter Mane|Protect|p1b: Flutter Mane\n|-singleturn|p1b: Flutter Mane|Protect\n|move|p1a: Tornadus|Rain Dance|p1a: Tornadus\n|-weather|RainDance\n|move|p2b: Annihilape|Rage Fist|p1b: Flutter Mane\n|-activate|p1b: Flutter Mane|move: Protect\n|move|p2a: Handsoap|Wild Charge|p1a: Tornadus\n|-damage|p1a: Tornadus|59\/100\n|-damage|p2a: Handsoap|84\/100|[from] item: Rocky Helmet|[of] p1a: Tornadus\n|-damage|p2a: Handsoap|76\/100|[from] Recoil\n|\n|-weather|RainDance|[upkeep]\n|upkeep\n|turn|3\n|inactive|doggybears has 30 seconds left.\n|inactive|sbll has 30 seconds left.\n|\n|t:|1700254232\n|move|p1b: Flutter Mane|Moonblast|p2a: Handsoap\n|-supereffective|p2a: Handsoap\n|-damage|p2a: Handsoap|7\/100\n|move|p1a: Tornadus|Bleakwind Storm|p2b: Annihilape|[spread] p2a,p2b\n|-damage|p2a: Handsoap|0 fnt\n|-damage|p2b: Annihilape|73\/100\n|faint|p2a: Handsoap\n|-end|p2a: Handsoap|Quark Drive|[silent]\n|move|p2b: Annihilape|Rage Fist|p1b: Flutter Mane\n|-supereffective|p1b: Flutter Mane\n|-damage|p1b: Flutter Mane|0 fnt\n|faint|p1b: Flutter Mane\n|-end|p1b: Flutter Mane|Protosynthesis|[silent]\n|\n|-weather|RainDance|[upkeep]\n|-heal|p2b: Annihilape|79\/100|[from] item: Leftovers\n|-end|p2b: Annihilape|move: Taunt\n|upkeep\n|\n|t:|1700254249\n|switch|p1b: Chien-Pao|Chien-Pao, L50|100\/100\n|switch|p2a: Troms\u00f8|Iron Bundle, L50|100\/100\n|-ability|p1b: Chien-Pao|Sword of Ruin\n|-enditem|p2a: Troms\u00f8|Booster Energy\n|-activate|p2a: Troms\u00f8|ability: Quark Drive|[fromitem]\n|-start|p2a: Troms\u00f8|quarkdrivespe\n|turn|4\n|inactive|sbll has 30 seconds left.\n|inactive|sbll has 20 seconds left.\n|inactive|sbll has 15 seconds left.\n|inactive|sbll has 10 seconds left.\n|\n|t:|1700254298\n|move|p1a: Tornadus|Tailwind|p1a: Tornadus\n|-sidestart|p1: doggybears|move: Tailwind\n|move|p1b: Chien-Pao|Icicle Crash|p2b: Annihilape\n|-damage|p2b: Annihilape|22\/100\n|move|p2a: Troms\u00f8|Icy Wind|p1a: Tornadus|[spread] p1a,p1b\n|-resisted|p1b: Chien-Pao\n|-damage|p1a: Tornadus|37\/100\n|-damage|p1b: Chien-Pao|86\/100\n|-unboost|p1a: Tornadus|spe|1\n|-unboost|p1b: Chien-Pao|spe|1\n|move|p2b: Annihilape|Drain Punch|p1b: Chien-Pao\n|-supereffective|p1b: Chien-Pao\n|-damage|p1b: Chien-Pao|0 fnt\n|-heal|p2b: Annihilape|53\/100|[from] drain|[of] p1b: Chien-Pao\n|faint|p1b: Chien-Pao\n|\n|-weather|RainDance|[upkeep]\n|-heal|p2b: Annihilape|59\/100|[from] item: Leftovers\n|upkeep\n|turn|5\n|-message|doggybears forfeited.\n|\n|win|sbll\n|raw|doggybears's rating: 1303 &rarr; <strong>1283<\/strong><br \/>(-20 for losing)\n|raw|sbll's rating: 1309 &rarr; <strong>1329<\/strong><br \/>(+20 for winning)\n","uploadtime":1700254321,"views":37,"p1id":"doggybears","p2id":"sbll","formatid":"gen9vgc2023regulatione","rating":1283,"private":0,"password":""}