{"id":"gen9vgc2023regulatione-1988491432","p1":"psyflame05","p2":"Steve9999","format":"[Gen 9] VGC 2023 Regulation E","log":"|j|\u2606psyflame05\n|j|\u2606Steve9999\n|t:|1699728653\n|gametype|doubles\n|player|p1|psyflame05|swimmer-gen4dp|1220\n|player|p2|Steve9999|265|1189\n|teamsize|p1|6\n|teamsize|p2|6\n|gen|9\n|tier|[Gen 9] VGC 2023 Regulation E\n|rated|\n|rule|Species Clause: Limit one of each Pok\u00e9mon\n|rule|Item Clause: Limit one of each item\n|clearpoke\n|poke|p1|Mudsdale, L50, M|\n|poke|p1|Overqwil, L50, F|\n|poke|p1|Gastrodon, L50, F|\n|poke|p1|Thundurus, L50, M|\n|poke|p1|Empoleon, L50, F|\n|poke|p1|Enamorus, L50, F|\n|poke|p2|Ogerpon-Wellspring, L50, F|\n|poke|p2|Flutter Mane, L50|\n|poke|p2|Roaring Moon, L50|\n|poke|p2|Iron Hands, L50|\n|poke|p2|Weezing, L50, M|\n|poke|p2|Landorus-Therian, L50, M|\n|teampreview|4\n|\n|t:|1699728684\n|start\n|switch|p1a: Mudsdale|Mudsdale, L50, M|100\/100\n|switch|p1b: Enamorus|Enamorus, L50, F|100\/100\n|switch|p2a: Weezing|Weezing, L50, M, shiny|100\/100\n|switch|p2b: Roaring Moon|Roaring Moon, L50|100\/100\n|-ability|p2a: Weezing|Neutralizing Gas\n|-enditem|p2b: Roaring Moon|Booster Energy\n|-activate|p2b: Roaring Moon|ability: Protosynthesis|[fromitem]\n|-start|p2b: Roaring Moon|protosynthesisspe\n|turn|1\n|\n|t:|1699728716\n|-terastallize|p2b: Roaring Moon|Flying\n|move|p2b: Roaring Moon|Tailwind|p2b: Roaring Moon\n|-sidestart|p2: Steve9999|move: Tailwind\n|move|p2a: Weezing|Sludge Bomb|p1b: Enamorus\n|-supereffective|p1b: Enamorus\n|-damage|p1b: Enamorus|20\/100\n|-status|p1b: Enamorus|psn\n|move|p1b: Enamorus|Earth Power|p2a: Weezing\n|-supereffective|p2a: Weezing\n|-damage|p2a: Weezing|32\/100\n|-unboost|p2a: Weezing|spd|1\n|-enditem|p2a: Weezing|Sitrus Berry|[eat]\n|-heal|p2a: Weezing|57\/100|[from] item: Sitrus Berry\n|move|p1a: Mudsdale|High Horsepower|p2a: Weezing\n|-supereffective|p2a: Weezing\n|-damage|p2a: Weezing|0 fnt\n|faint|p2a: Weezing\n|-end|p2a: Weezing|ability: Neutralizing Gas\n|\n|-damage|p1b: Enamorus|8\/100 psn|[from] psn\n|upkeep\n|\n|t:|1699728736\n|switch|p2a: Iron Hands|Iron Hands, L50, shiny|100\/100\n|turn|2\n|\n|t:|1699728764\n|move|p2a: Iron Hands|Fake Out|p1b: Enamorus\n|-damage|p1b: Enamorus|0 fnt\n|faint|p1b: Enamorus\n|move|p2b: Roaring Moon|Knock Off|p1a: Mudsdale\n|-damage|p1a: Mudsdale|63\/100\n|-ability|p1a: Mudsdale|Stamina|boost\n|-boost|p1a: Mudsdale|def|1\n|-enditem|p1a: Mudsdale|Assault Vest|[from] move: Knock Off|[of] p2b: Roaring Moon\n|move|p1a: Mudsdale|High Horsepower|p2a: Iron Hands\n|-supereffective|p2a: Iron Hands\n|-damage|p2a: Iron Hands|56\/100\n|\n|upkeep\n|\n|t:|1699728781\n|switch|p1b: Gastrodon|Gastrodon, L50, F|100\/100\n|turn|3\n|\n|t:|1699728834\n|move|p2b: Roaring Moon|Knock Off|p1b: Gastrodon\n|-damage|p1b: Gastrodon|43\/100\n|-enditem|p1b: Gastrodon|Bright Powder|[from] move: Knock Off|[of] p2b: Roaring Moon\n|move|p2a: Iron Hands|Drain Punch|p1a: Mudsdale\n|-damage|p1a: Mudsdale|44\/100\n|-heal|p2a: Iron Hands|63\/100|[from] drain|[of] p1a: Mudsdale\n|-ability|p1a: Mudsdale|Stamina|boost\n|-boost|p1a: Mudsdale|def|1\n|move|p1b: Gastrodon|Ice Beam|p2b: Roaring Moon\n|-supereffective|p2b: Roaring Moon\n|-damage|p2b: Roaring Moon|52\/100\n|move|p1a: Mudsdale|High Horsepower|p2a: Iron Hands\n|-supereffective|p2a: Iron Hands\n|-damage|p2a: Iron Hands|21\/100\n|\n|upkeep\n|turn|4\n|\n|t:|1699728864\n|move|p2b: Roaring Moon|Acrobatics|p1a: Mudsdale\n|-crit|p1a: Mudsdale\n|-damage|p1a: Mudsdale|0 fnt\n|faint|p1a: Mudsdale\n|move|p2a: Iron Hands|Drain Punch|p1b: Gastrodon\n|-damage|p1b: Gastrodon|1\/100\n|-heal|p2a: Iron Hands|38\/100|[from] drain|[of] p1b: Gastrodon\n|move|p1b: Gastrodon|Ice Beam|p2b: Roaring Moon\n|-supereffective|p2b: Roaring Moon\n|-damage|p2b: Roaring Moon|5\/100\n|\n|-sideend|p2: Steve9999|move: Tailwind\n|upkeep\n|\n|t:|1699728877\n|switch|p1a: Empoleon|Empoleon, L50, F|100\/100\n|turn|5\n|\n|t:|1699728886\n|move|p2b: Roaring Moon|Tailwind|p2b: Roaring Moon\n|-sidestart|p2: Steve9999|move: Tailwind\n|move|p2a: Iron Hands|Drain Punch|p1a: Empoleon\n|-supereffective|p1a: Empoleon\n|-damage|p1a: Empoleon|24\/100\n|-heal|p2a: Iron Hands|66\/100|[from] drain|[of] p1a: Empoleon\n|-enditem|p1a: Empoleon|Iapapa Berry|[eat]\n|-heal|p1a: Empoleon|57\/100|[from] item: Iapapa Berry\n|move|p1a: Empoleon|Surf|p2b: Roaring Moon|[spread] p2a,p2b\n|-ability|p1b: Gastrodon|Storm Drain|boost\n|-boost|p1b: Gastrodon|spa|1\n|-crit|p2a: Iron Hands\n|-damage|p2a: Iron Hands|33\/100\n|-damage|p2b: Roaring Moon|0 fnt\n|faint|p2b: Roaring Moon\n|-end|p2b: Roaring Moon|Protosynthesis|[silent]\n|move|p1b: Gastrodon|Muddy Water|p2a: Iron Hands\n|-damage|p2a: Iron Hands|0 fnt\n|faint|p2a: Iron Hands\n|-end|p2a: Iron Hands|Quark Drive|[silent]\n|\n|upkeep\n|\n|t:|1699728902\n|switch|p2b: Landorus|Landorus-Therian, L50, M|100\/100\n|-ability|p2b: Landorus|Intimidate|boost\n|-unboost|p1a: Empoleon|atk|1\n|-ability|p1a: Empoleon|Competitive|boost\n|-boost|p1a: Empoleon|spa|2\n|-unboost|p1b: Gastrodon|atk|1\n|turn|6\n|\n|t:|1699728918\n|-terastallize|p1a: Empoleon|Ghost\n|move|p2b: Landorus|Stomping Tantrum|p1a: Empoleon\n|-damage|p1a: Empoleon|16\/100\n|move|p1a: Empoleon|Icy Wind|p2b: Landorus\n|-supereffective|p2b: Landorus\n|-damage|p2b: Landorus|0 fnt\n|faint|p2b: Landorus\n|\n|win|psyflame05\n|raw|psyflame05's rating: 1220 &rarr; <strong>1243<\/strong><br \/>(+23 for winning)\n|raw|Steve9999's rating: 1189 &rarr; <strong>1166<\/strong><br \/>(-23 for losing)\n|l|\u2606psyflame05\n|j|\u2606psyflame05\n|player|p1|psyflame05|swimmer-gen4dp\n|l|\u2606psyflame05\n|player|p1|\n","uploadtime":1699728927,"views":10,"p1id":"psyflame05","p2id":"steve9999","formatid":"gen9vgc2023regulatione","rating":1166,"private":0,"password":""}