{"id":"gen9vgc2023regulatione-1991524378","p1":"secretstudent","p2":"Abc Megalovania","format":"[Gen 9] VGC 2023 Regulation E","log":"|j|\u2606secretstudent\n|j|\u2606Abc Megalovania\n|t:|1700084878\n|gametype|doubles\n|player|p1|secretstudent|beauty|1069\n|player|p2|Abc Megalovania|larry|1000\n|teamsize|p1|6\n|teamsize|p2|6\n|gen|9\n|tier|[Gen 9] VGC 2023 Regulation E\n|rated|\n|rule|Species Clause: Limit one of each Pok\u00e9mon\n|rule|Item Clause: Limit one of each item\n|clearpoke\n|poke|p1|Chien-Pao, L50|\n|poke|p1|Amoonguss, L50, M|\n|poke|p1|Hatterene, L50, F|\n|poke|p1|Gyarados, L50, M|\n|poke|p1|Volcarona, L50, F|\n|poke|p1|Ogerpon, L50, F|\n|poke|p2|Arcanine-Hisui, L50, M|\n|poke|p2|Urshifu-*, L50, F|\n|poke|p2|Iron Hands, L50|\n|poke|p2|Chien-Pao, L50|\n|poke|p2|Landorus-Therian, L50, M|\n|poke|p2|Rillaboom, L50, F|\n|teampreview|4\n|inactive|Battle timer is ON: inactive players will automatically lose when time's up. (requested by Abc Megalovania)\nAbc Megalovania has agreed to open team sheets.\n|inactive|secretstudent has 60 seconds left.\n|\n|t:|1700084919\n|start\n|switch|p1a: Amoonguss|Amoonguss, L50, M|100\/100\n|switch|p1b: Hatterene|Hatterene, L50, F|100\/100\n|switch|p2a: Landorus|Landorus-Therian, L50, M|100\/100\n|switch|p2b: Iron Hands|Iron Hands, L50|100\/100\n|-ability|p2a: Landorus|Intimidate|boost\n|-unboost|p1a: Amoonguss|atk|1\n|-unboost|p1b: Hatterene|atk|1\n|turn|1\n|\n|t:|1700084939\n|-terastallize|p2a: Landorus|Flying\n|move|p1a: Amoonguss|Protect|p1a: Amoonguss\n|-singleturn|p1a: Amoonguss|Protect\n|move|p2b: Iron Hands|Fake Out|p1b: Hatterene\n|-damage|p1b: Hatterene|84\/100\n|move|p2a: Landorus|Tera Blast|p1a: Amoonguss|[anim] Tera Blast Flying\n|-activate|p1a: Amoonguss|move: Protect\n|move|p1b: Hatterene|Trick Room|p1b: Hatterene\n|-fieldstart|move: Trick Room|[of] p1b: Hatterene\n|\n|upkeep\n|turn|2\n|\n|t:|1700084957\n|move|p1b: Hatterene|Psychic|p2b: Iron Hands\n|-supereffective|p2b: Iron Hands\n|-damage|p2b: Iron Hands|48\/100\n|move|p1a: Amoonguss|Spore|p2a: Landorus\n|-status|p2a: Landorus|slp|[from] move: Spore\n|move|p2b: Iron Hands|Heavy Slam|p1b: Hatterene\n|-supereffective|p1b: Hatterene\n|-damage|p1b: Hatterene|0 fnt\n|faint|p1b: Hatterene\n|cant|p2a: Landorus|slp\n|\n|upkeep\n|\n|t:|1700084966\n|switch|p1b: Chien-Pao|Chien-Pao, L50|100\/100\n|-ability|p1b: Chien-Pao|Sword of Ruin\n|turn|3\n|\n|t:|1700084989\n|switch|p2a: Arcanine|Arcanine-Hisui, L50, M|100\/100\n|-ability|p2a: Arcanine|Intimidate|boost\n|-unboost|p1a: Amoonguss|atk|1\n|-unboost|p1b: Chien-Pao|atk|1\n|move|p1a: Amoonguss|Spore|p2b: Iron Hands\n|-status|p2b: Iron Hands|slp|[from] move: Spore\n|cant|p2b: Iron Hands|slp\n|move|p1b: Chien-Pao|Icicle Crash|p2a: Arcanine\n|-resisted|p2a: Arcanine\n|-damage|p2a: Arcanine|75\/100\n|\n|upkeep\n|turn|4\n|inactive|Abc Megalovania has 30 seconds left.\n|inactive|secretstudent has 30 seconds left.\n|\n|t:|1700085031\n|move|p1a: Amoonguss|Rage Powder|p1a: Amoonguss\n|-singleturn|p1a: Amoonguss|move: Rage Powder\n|-curestatus|p2b: Iron Hands|slp|[msg]\n|move|p2b: Iron Hands|Drain Punch|p1a: Amoonguss\n|-resisted|p1a: Amoonguss\n|-damage|p1a: Amoonguss|77\/100\n|-heal|p2b: Iron Hands|59\/100|[from] drain|[of] p1a: Amoonguss\n|move|p2a: Arcanine|Rock Slide|p1b: Chien-Pao|[spread] p1b\n|-miss|p2a: Arcanine|p1a: Amoonguss\n|-supereffective|p1b: Chien-Pao\n|-enditem|p1b: Chien-Pao|Focus Sash\n|-damage|p1b: Chien-Pao|1\/100\n|move|p1b: Chien-Pao|Sacred Sword|p2a: Arcanine\n|-supereffective|p2a: Arcanine\n|-damage|p2a: Arcanine|8\/100\n|\n|upkeep\n|turn|5\n|\n|t:|1700085050\n|-end|p2b: Iron Hands|Quark Drive|[silent]\n|switch|p2b: Landorus|Landorus-Therian, L50, M, tera:Flying|100\/100 slp\n|-ability|p2b: Landorus|Intimidate|boost\n|-unboost|p1a: Amoonguss|atk|1\n|-unboost|p1b: Chien-Pao|atk|1\n|move|p1b: Chien-Pao|Sucker Punch|p2a: Arcanine\n|-damage|p2a: Arcanine|0 fnt\n|faint|p2a: Arcanine\n|move|p1a: Amoonguss|Spore|p2b: Landorus\n|-fail|p2b: Landorus|slp\n|\n|-fieldend|move: Trick Room\n|upkeep\n|\n|t:|1700085062\n|switch|p2a: Iron Hands|Iron Hands, L50|59\/100\n|turn|6\n|\n|t:|1700085068\n|move|p1b: Chien-Pao|Protect|p1b: Chien-Pao\n|-singleturn|p1b: Chien-Pao|Protect\n|move|p1a: Amoonguss|Protect|p1a: Amoonguss\n|-singleturn|p1a: Amoonguss|Protect\n|move|p2a: Iron Hands|Fake Out|p1a: Amoonguss\n|-activate|p1a: Amoonguss|move: Protect\n|cant|p2b: Landorus|slp\n|\n|upkeep\n|turn|7\n|\n|t:|1700085080\n|move|p1a: Amoonguss|Rage Powder|p1a: Amoonguss\n|-singleturn|p1a: Amoonguss|move: Rage Powder\n|cant|p2b: Landorus|slp\n|move|p1b: Chien-Pao|Icicle Crash|p2b: Landorus\n|-supereffective|p2b: Landorus\n|-damage|p2b: Landorus|31\/100 slp\n|move|p2a: Iron Hands|Heavy Slam|p1a: Amoonguss\n|-damage|p1a: Amoonguss|30\/100\n|\n|upkeep\n|turn|8\n|\n|t:|1700085096\n|move|p1b: Chien-Pao|Sucker Punch|p2b: Landorus\n|-damage|p2b: Landorus|4\/100 slp\n|-curestatus|p2b: Landorus|slp|[msg]\n|move|p2b: Landorus|Rock Slide|p1a: Amoonguss|[spread] p1a\n|-miss|p2b: Landorus|p1b: Chien-Pao\n|-damage|p1a: Amoonguss|7\/100\n|-enditem|p1a: Amoonguss|Iapapa Berry|[eat]\n|-heal|p1a: Amoonguss|40\/100|[from] item: Iapapa Berry\n|move|p2a: Iron Hands|Heavy Slam|p1a: Amoonguss\n|-damage|p1a: Amoonguss|0 fnt\n|faint|p1a: Amoonguss\n|\n|upkeep\n|\n|t:|1700085103\n|switch|p1a: Volcarona|Volcarona, L50, F|100\/100\n|turn|9\n|\n|t:|1700085122\n|switch|p2b: Urshifu|Urshifu-Rapid-Strike, L50, F|100\/100\n|-terastallize|p1a: Volcarona|Dragon\n|move|p1b: Chien-Pao|Sucker Punch||[still]\n|-fail|p1b: Chien-Pao\n|move|p1a: Volcarona|Quiver Dance|p1a: Volcarona\n|-boost|p1a: Volcarona|spa|1\n|-boost|p1a: Volcarona|spd|1\n|-boost|p1a: Volcarona|spe|1\n|move|p2a: Iron Hands|Wild Charge|p1b: Chien-Pao\n|-damage|p1b: Chien-Pao|0 fnt\n|faint|p1b: Chien-Pao\n|-damage|p2a: Iron Hands|58\/100|[from] Recoil\n|\n|upkeep\n|turn|10\n|\n|t:|1700085145\n|move|p1a: Volcarona|Quiver Dance|p1a: Volcarona\n|-boost|p1a: Volcarona|spa|1\n|-boost|p1a: Volcarona|spd|1\n|-boost|p1a: Volcarona|spe|1\n|move|p2b: Urshifu|Close Combat|p1a: Volcarona\n|-damage|p1a: Volcarona|15\/100\n|-unboost|p2b: Urshifu|def|1\n|-unboost|p2b: Urshifu|spd|1\n|-status|p2b: Urshifu|brn|[from] ability: Flame Body|[of] p1a: Volcarona\n|move|p2a: Iron Hands|Drain Punch|p1a: Volcarona\n|-damage|p1a: Volcarona|0 fnt\n|-heal|p2a: Iron Hands|64\/100|[from] drain|[of] p1a: Volcarona\n|faint|p1a: Volcarona\n|\n|win|Abc Megalovania\n|raw|secretstudent's rating: 1069 &rarr; <strong>1045<\/strong><br \/>(-24 for losing)\n|raw|Abc Megalovania's rating: 1000 &rarr; <strong>1048<\/strong><br \/>(+48 for winning)\n|c|\u2606secretstudent|gg wp\n|l|\u2606Abc Megalovania\n","uploadtime":1700085150,"views":7,"p1id":"secretstudent","p2id":"abcmegalovania","formatid":"gen9vgc2023regulatione","rating":1045,"private":0,"password":""}