{"id":"gen9vgc2023regulatione-1999670616","p1":"christianfinity","p2":"slimejrlegit","format":"[Gen 9] VGC 2023 Regulation E","log":"|j|\u2606christianfinity\n|j|\u2606slimejrlegit\n|t:|1701106391\n|gametype|doubles\n|player|p1|christianfinity|youngathlete|1612\n|player|p2|slimejrlegit|169|1545\n|teamsize|p1|6\n|teamsize|p2|6\n|gen|9\n|tier|[Gen 9] VGC 2023 Regulation E\n|rated|\n|rule|Species Clause: Limit one of each Pok\u00e9mon\n|rule|Item Clause: Limit one of each item\n|clearpoke\n|poke|p1|Chien-Pao, L50|\n|poke|p1|Iron Hands, L50|\n|poke|p1|Heatran, L50, M|\n|poke|p1|Landorus-Therian, L50, M|\n|poke|p1|Urshifu-*, L50, F|\n|poke|p1|Amoonguss, L50, F|\n|poke|p2|Armarouge, L50, M|\n|poke|p2|Roaring Moon, L50|\n|poke|p2|Regieleki, L50|\n|poke|p2|Enamorus, L50, F|\n|poke|p2|Sneasler, L50, M|\n|poke|p2|Indeedee-F, L50, F|\n|teampreview|4\n|inactive|Battle timer is ON: inactive players will automatically lose when time's up. (requested by slimejrlegit)\n|j| andy8105\n|\n|t:|1701106433\n|start\n|switch|p1a: Feral Palms|Iron Hands, L50|100\/100\n|switch|p1b: Heatran|Heatran, L50, M|100\/100\n|switch|p2a: Armarouge|Armarouge, L50, M|100\/100\n|switch|p2b: Indeedee|Indeedee-F, L50, F|100\/100\n|-fieldstart|move: Psychic Terrain|[from] ability: Psychic Surge|[of] p2b: Indeedee\n|turn|1\n|\n|t:|1701106449\n|-end|p1a: Feral Palms|Quark Drive|[silent]\n|switch|p1a: HFMD|Chien-Pao, L50|100\/100\n|-ability|p1a: HFMD|Sword of Ruin\n|-terastallize|p2a: Armarouge|Psychic\n|move|p2b: Indeedee|Helping Hand|p2a: Armarouge\n|-singleturn|p2a: Armarouge|Helping Hand|[of] p2b: Indeedee\n|move|p1b: Heatran|Magma Storm|p2b: Indeedee\n|-damage|p2b: Indeedee|63\/100\n|-activate|p2b: Indeedee|move: Magma Storm|[of] p1b: Heatran\n|move|p2a: Armarouge|Expanding Force|p1a: HFMD|[spread] p1b\n|-immune|p1a: HFMD\n|-resisted|p1b: Heatran\n|-damage|p1b: Heatran|23\/100\n|-damage|p2a: Armarouge|91\/100|[from] item: Life Orb\n|\n|-heal|p1b: Heatran|29\/100|[from] item: Leftovers\n|-damage|p2b: Indeedee|50\/100|[from] move: Magma Storm|[partiallytrapped]\n|upkeep\n|turn|2\n|inactive|christianfinity has 30 seconds left.\n|\n|t:|1701106478\n|move|p2b: Indeedee|Follow Me|p2b: Indeedee\n|-singleturn|p2b: Indeedee|move: Follow Me\n|move|p1a: HFMD|Icicle Crash|p2b: Indeedee\n|-damage|p2b: Indeedee|0 fnt\n|faint|p2b: Indeedee\n|move|p1b: Heatran|Earth Power|p2a: Armarouge\n|-damage|p2a: Armarouge|53\/100\n|move|p2a: Armarouge|Armor Cannon|p1a: HFMD\n|-supereffective|p1a: HFMD\n|-enditem|p1a: HFMD|Focus Sash\n|-damage|p1a: HFMD|1\/100\n|-unboost|p2a: Armarouge|def|1\n|-unboost|p2a: Armarouge|spd|1\n|-damage|p2a: Armarouge|43\/100|[from] item: Life Orb\n|\n|-heal|p1b: Heatran|35\/100|[from] item: Leftovers\n|upkeep\n|\n|t:|1701106501\n|switch|p2b: Agent Sneeze|Sneasler, L50, M, shiny|100\/100\n|-enditem|p2b: Agent Sneeze|Psychic Seed\n|-boost|p2b: Agent Sneeze|spd|1|[from] item: Psychic Seed\n|turn|3\n|inactive|christianfinity has 30 seconds left.\n|\n|t:|1701106527\n|switch|p2a: Roaring Moon|Roaring Moon, L50|100\/100\n|-enditem|p2a: Roaring Moon|Booster Energy\n|-activate|p2a: Roaring Moon|ability: Protosynthesis|[fromitem]\n|-start|p2a: Roaring Moon|protosynthesisspe\n|move|p2b: Agent Sneeze|Acrobatics|p1a: HFMD\n|-damage|p1a: HFMD|0 fnt\n|faint|p1a: HFMD\n|move|p1b: Heatran|Earth Power|p2a: Roaring Moon\n|-damage|p2a: Roaring Moon|70\/100\n|\n|-heal|p1b: Heatran|41\/100|[from] item: Leftovers\n|upkeep\n|\n|t:|1701106536\n|switch|p1a: Landorus|Landorus-Therian, L50, M|100\/100\n|-ability|p1a: Landorus|Intimidate|boost\n|-unboost|p2a: Roaring Moon|atk|1\n|-unboost|p2b: Agent Sneeze|atk|1\n|turn|4\n|\n|t:|1701106558\n|move|p1b: Heatran|Protect|p1b: Heatran\n|-singleturn|p1b: Heatran|Protect\n|move|p2b: Agent Sneeze|Swords Dance|p2b: Agent Sneeze\n|-boost|p2b: Agent Sneeze|atk|2\n|move|p2a: Roaring Moon|Breaking Swipe|p1a: Landorus|[spread] p1a\n|-activate|p1b: Heatran|move: Protect\n|-damage|p1a: Landorus|85\/100\n|move|p1a: Landorus|Stomping Tantrum|p2b: Agent Sneeze\n|-supereffective|p2b: Agent Sneeze\n|-damage|p2b: Agent Sneeze|0 fnt\n|faint|p2b: Agent Sneeze\n|\n|-heal|p1b: Heatran|47\/100|[from] item: Leftovers\n|upkeep\n|\n|t:|1701106571\n|switch|p2b: Armarouge|Armarouge, L50, M, tera:Psychic|43\/100\n|turn|5\n|\n|t:|1701106581\n|move|p2a: Roaring Moon|Tailwind|p2a: Roaring Moon\n|-sidestart|p2: slimejrlegit|move: Tailwind\n|move|p2b: Armarouge|Expanding Force|p1a: Landorus|[spread] p1a,p1b\n|-resisted|p1b: Heatran\n|-damage|p1a: Landorus|0 fnt\n|-damage|p1b: Heatran|0 fnt\n|faint|p1a: Landorus\n|faint|p1b: Heatran\n|-damage|p2b: Armarouge|33\/100|[from] item: Life Orb\n|\n|-fieldend|move: Psychic Terrain\n|upkeep\n|\n|t:|1701106585\n|switch|p1b: Feral Palms|Iron Hands, L50|100\/100\n|turn|6\n|\n|t:|1701106594\n|-terastallize|p1b: Feral Palms|Water\n|move|p2a: Roaring Moon|Breaking Swipe|p1b: Feral Palms\n|-damage|p1b: Feral Palms|85\/100\n|-unboost|p1b: Feral Palms|atk|1\n|move|p2b: Armarouge|Expanding Force|p1b: Feral Palms\n|-damage|p1b: Feral Palms|42\/100\n|-damage|p2b: Armarouge|23\/100|[from] item: Life Orb\n|move|p1b: Feral Palms|Drain Punch|p2a: Roaring Moon\n|-supereffective|p2a: Roaring Moon\n|-damage|p2a: Roaring Moon|7\/100\n|-heal|p1b: Feral Palms|66\/100|[from] drain|[of] p2a: Roaring Moon\n|\n|upkeep\n|turn|7\n|j| oMigerlonz\n|\n|t:|1701106615\n|move|p2a: Roaring Moon|Knock Off|p1b: Feral Palms\n|-damage|p1b: Feral Palms|43\/100\n|-enditem|p1b: Feral Palms|Assault Vest|[from] move: Knock Off|[of] p2a: Roaring Moon\n|move|p2b: Armarouge|Expanding Force|p1b: Feral Palms\n|-damage|p1b: Feral Palms|0 fnt\n|faint|p1b: Feral Palms\n|-end|p1b: Feral Palms|Quark Drive|[silent]\n|-damage|p2b: Armarouge|13\/100|[from] item: Life Orb\n|\n|win|slimejrlegit\n|raw|christianfinity's rating: 1612 &rarr; <strong>1588<\/strong><br \/>(-24 for losing)\n|raw|slimejrlegit's rating: 1545 &rarr; <strong>1569<\/strong><br \/>(+24 for winning)\n","uploadtime":1701106629,"views":1,"p1id":"christianfinity","p2id":"slimejrlegit","formatid":"gen9vgc2023regulatione","rating":1569,"private":0,"password":""}