{"id":"gen9vgc2023regulatione-1991292080","p1":"Iono1119","p2":"maku8319","format":"[Gen 9] VGC 2023 Regulation E","log":"|j|\u2606Iono1119\n|j|\u2606maku8319\n|n|\u2606Iono1119|iono1119\n|n|\u2606maku8319|maku8319\n|html|View the match progress at <a href=\"\/game-bestof3-gen9vgc2023regulatione-1991279513\">game-bestof3-gen9vgc2023regulatione-1991279513<\/a>\n|t:|1700064876\n|gametype|doubles\n|player|p1|Iono1119|iono|\n|player|p2|maku8319|red|\n|teamsize|p1|6\n|teamsize|p2|6\n|gen|9\n|tier|[Gen 9] VGC 2023 Regulation E\n|rule|Species Clause: Limit one of each Pok\u00e9mon\n|rule|Item Clause: Limit one of each item\n|clearpoke\n|poke|p1|Landorus-Therian, L50, M|\n|poke|p1|Okidogi, L50, M|\n|poke|p1|Iron Hands, L50|\n|poke|p1|Ogerpon-Wellspring, L50, F|\n|poke|p1|Grimmsnarl, L50, M|\n|poke|p1|Moltres-Galar, L50|\n|poke|p2|Chi-Yu, L50|\n|poke|p2|Iron Hands, L50|\n|poke|p2|Landorus-Therian, L50, M|\n|poke|p2|Dusclops, L50, M|\n|poke|p2|Ogerpon-Wellspring, L50, F|\n|poke|p2|Ursaluna-Bloodmoon, L50, M|\n|teampreview|4\n|j| XinBluQAQ\n|inactive|Battle timer is ON: inactive players will automatically lose when time's up. (requested by Iono1119)\nIono1119 has agreed to open team sheets.\nmaku8319 has agreed to open team sheets.\n|showteam|p1|Landorus-Therian||ChoiceScarf|Intimidate|StompingTantrum,RockSlide,TeraBlast,Uturn|||M|||50|,,,,,Flying]Okidogi||Leftovers|GuardDog|DrainPunch,PoisonJab,BulkUp,Protect|||M|||50|,,,,,Water]Iron Hands||AssaultVest|QuarkDrive|DrainPunch,WildCharge,HeavySlam,FakeOut||||||50|,,,,,Grass]Ogerpon-Wellspring||WellspringMask|WaterAbsorb|IvyCudgel,HornLeech,FollowMe,SpikyShield|||F|||50|,,,,,Water]Grimmsnarl||LightClay|Prankster|SpiritBreak,Reflect,LightScreen,PartingShot|||M|||50|,,,,,Fire]Moltres-Galar||SitrusBerry|Berserk|FieryWrath,AirSlash,NastyPlot,Protect||||||50|,,,,,Poison\n|showteam|p2|Chi-Yu||ChoiceSpecs|BeadsofRuin|Overheat,DarkPulse,Snarl,HeatWave||||||50|,,,,,Ghost]Iron Hands||AssaultVest|QuarkDrive|WildCharge,DrainPunch,VoltSwitch,FakeOut||||||50|,,,,,Fire]Landorus-Therian||ChoiceScarf|Intimidate|RockSlide,StompingTantrum,Uturn,TeraBlast|||M|||50|,,,,,Flying]Dusclops||Eviolite|Frisk|WillOWisp,TrickRoom,PainSplit,BrickBreak|||M|||50|,,,,,Dark]Ogerpon-Wellspring||WellspringMask|WaterAbsorb|SpikyShield,FollowMe,HornLeech,IvyCudgel|||F|||50|,,,,,Water]Ursaluna-Bloodmoon||WeaknessPolicy|MindsEye|EarthPower,BloodMoon,HyperVoice,Protect|||M|||50|,,,,,Normal\n|\n|t:|1700064939\n|start\n|switch|p1a: Grimmsnarl|Grimmsnarl, L50, M, shiny|100\/100\n|switch|p1b: Moltres|Moltres-Galar, L50, shiny|100\/100\n|switch|p2a: Dusclops|Dusclops, L50, M|100\/100\n|switch|p2b: Iron Hands|Iron Hands, L50|100\/100\n|-item|p1a: Grimmsnarl|Light Clay|[from] ability: Frisk|[of] p2a: Dusclops|[identify]\n|-item|p1b: Moltres|Sitrus Berry|[from] ability: Frisk|[of] p2a: Dusclops|[identify]\n|turn|1\n|inactive|Iono1119 has 30 seconds left.\n|\n|t:|1700064965\n|move|p1b: Moltres|Protect|p1b: Moltres\n|-singleturn|p1b: Moltres|Protect\n|move|p2b: Iron Hands|Fake Out|p1b: Moltres\n|-activate|p1b: Moltres|move: Protect\n|move|p1a: Grimmsnarl|Reflect|p1a: Grimmsnarl\n|-sidestart|p1: Iono1119|Reflect\n|move|p2a: Dusclops|Trick Room|p2a: Dusclops\n|-fieldstart|move: Trick Room|[of] p2a: Dusclops\n|\n|upkeep\n|turn|2\n|\n|t:|1700064981\n|-end|p2b: Iron Hands|Quark Drive|[silent]\n|switch|p2b: Ursaluna|Ursaluna-Bloodmoon, L50, M|100\/100\n|-terastallize|p1b: Moltres|Poison\n|move|p1a: Grimmsnarl|Parting Shot|p2b: Ursaluna\n|-unboost|p2b: Ursaluna|atk|1\n|-unboost|p2b: Ursaluna|spa|1\n|\n|t:|1700064989\n|switch|p1a: Okidogi|Okidogi, L50, M|100\/100|[from] Parting Shot\n|move|p2a: Dusclops|Brick Break|p2b: Ursaluna\n|-supereffective|p2b: Ursaluna\n|-damage|p2b: Ursaluna|84\/100\n|-enditem|p2b: Ursaluna|Weakness Policy\n|-boost|p2b: Ursaluna|atk|2|[from] item: Weakness Policy\n|-boost|p2b: Ursaluna|spa|2|[from] item: Weakness Policy\n|move|p1b: Moltres|Nasty Plot|p1b: Moltres\n|-boost|p1b: Moltres|spa|2\n|\n|upkeep\n|turn|3\n|inactive|maku8319 has 30 seconds left.\n|inactive|maku8319 has 20 seconds left.\n|\n|t:|1700065029\n|switch|p2a: Iron Hands|Iron Hands, L50|100\/100\n|switch|p1a: Grimmsnarl|Grimmsnarl, L50, M, shiny|100\/100\n|move|p1b: Moltres|Protect|p1b: Moltres\n|-singleturn|p1b: Moltres|Protect\n|move|p2b: Ursaluna|Earth Power|p1a: Grimmsnarl\n|-damage|p1a: Grimmsnarl|31\/100\n|\n|upkeep\n|turn|4\n|inactive|Iono1119 has 30 seconds left.\n|inactive|Iono1119 has 20 seconds left.\n|inactive|Iono1119 has 15 seconds left.\n|inactive|Iono1119 has 10 seconds left.\n|\n|t:|1700065074\n|-terastallize|p2b: Ursaluna|Normal\n|move|p2a: Iron Hands|Fake Out|p1a: Grimmsnarl\n|-damage|p1a: Grimmsnarl|21\/100\n|cant|p1a: Grimmsnarl|flinch\n|move|p2b: Ursaluna|Blood Moon|p1b: Moltres\n|-damage|p1b: Moltres|0 fnt\n|faint|p1b: Moltres\n|\n|upkeep\n|\n|t:|1700065084\n|switch|p1b: Okidogi|Okidogi, L50, M|100\/100\n|turn|5\n|\n|t:|1700065112\n|move|p1b: Okidogi|Protect|p1b: Okidogi\n|-singleturn|p1b: Okidogi|Protect\n|move|p1a: Grimmsnarl|Parting Shot|p2b: Ursaluna\n|-unboost|p2b: Ursaluna|atk|1\n|-unboost|p2b: Ursaluna|spa|1\n|\n|t:|1700065117\n|switch|p1a: \u63a8\u3057\u306e\u692a|Ogerpon-Wellspring, L50, F|100\/100|[from] Parting Shot\n|move|p2b: Ursaluna|Hyper Voice|p1a: \u63a8\u3057\u306e\u692a|[spread] p1a\n|-activate|p1b: Okidogi|move: Protect\n|-damage|p1a: \u63a8\u3057\u306e\u692a|51\/100\n|move|p2a: Iron Hands|Volt Switch|p1a: \u63a8\u3057\u306e\u692a\n|-damage|p1a: \u63a8\u3057\u306e\u692a|38\/100\n|\n|t:|1700065129\n|-end|p2a: Iron Hands|Quark Drive|[silent]\n|switch|p2a: Dusclops|Dusclops, L50, M|100\/100|[from] Volt Switch\n|-item|p1a: \u63a8\u3057\u306e\u692a|Wellspring Mask|[from] ability: Frisk|[of] p2a: Dusclops|[identify]\n|-item|p1b: Okidogi|Leftovers|[from] ability: Frisk|[of] p2a: Dusclops|[identify]\n|\n|-fieldend|move: Trick Room\n|upkeep\n|turn|6\n|\n|t:|1700065141\n|move|p2b: Ursaluna|Protect|p2b: Ursaluna\n|-singleturn|p2b: Ursaluna|Protect\n|move|p1a: \u63a8\u3057\u306e\u692a|Ivy Cudgel|p2a: Dusclops|[anim] Ivy Cudgel Water\n|-damage|p2a: Dusclops|63\/100\n|move|p1b: Okidogi|Bulk Up|p1b: Okidogi\n|-boost|p1b: Okidogi|atk|1\n|-boost|p1b: Okidogi|def|1\n|move|p2a: Dusclops|Trick Room|p2a: Dusclops\n|-fieldstart|move: Trick Room|[of] p2a: Dusclops\n|\n|upkeep\n|turn|7\n|inactive|maku8319 has 30 seconds left.\n|\n|t:|1700065170\n|switch|p2b: Iron Hands|Iron Hands, L50|100\/100\n|move|p1b: Okidogi|Protect|p1b: Okidogi\n|-singleturn|p1b: Okidogi|Protect\n|move|p1a: \u63a8\u3057\u306e\u692a|Spiky Shield|p1a: \u63a8\u3057\u306e\u692a\n|-singleturn|p1a: \u63a8\u3057\u306e\u692a|move: Protect\n|move|p2a: Dusclops|Will-O-Wisp|p1b: Okidogi\n|-activate|p1b: Okidogi|move: Protect\n|\n|upkeep\n|turn|8\n|\n|t:|1700065184\n|move|p2b: Iron Hands|Fake Out|p1a: \u63a8\u3057\u306e\u692a\n|-damage|p1a: \u63a8\u3057\u306e\u692a|29\/100\n|cant|p1a: \u63a8\u3057\u306e\u692a|flinch\n|move|p2a: Dusclops|Will-O-Wisp|p1b: Okidogi\n|-status|p1b: Okidogi|brn\n|move|p1b: Okidogi|Drain Punch|p2b: Iron Hands\n|-damage|p2b: Iron Hands|81\/100\n|\n|-damage|p1b: Okidogi|94\/100 brn|[from] brn\n|-sideend|p1: Iono1119|Reflect\n|upkeep\n|turn|9\n|\n|t:|1700065205\n|move|p1a: \u63a8\u3057\u306e\u692a|Spiky Shield|p1a: \u63a8\u3057\u306e\u692a\n|-singleturn|p1a: \u63a8\u3057\u306e\u692a|move: Protect\n|move|p2a: Dusclops|Pain Split|p1b: Okidogi\n|-sethp|p1b: Okidogi|73\/100 brn|[from] move: Pain Split|[silent]\n|-sethp|p2a: Dusclops|88\/100|[from] move: Pain Split\n|move|p2b: Iron Hands|Drain Punch|p1a: \u63a8\u3057\u306e\u692a\n|-activate|p1a: \u63a8\u3057\u306e\u692a|move: Protect\n|-damage|p2b: Iron Hands|69\/100|[from] Spiky Shield|[of] p1a: \u63a8\u3057\u306e\u692a\n|move|p1b: Okidogi|Poison Jab|p2b: Iron Hands\n|-crit|p2b: Iron Hands\n|-damage|p2b: Iron Hands|37\/100\n|\n|-heal|p1b: Okidogi|79\/100 brn|[from] item: Leftovers\n|-damage|p1b: Okidogi|73\/100 brn|[from] brn\n|upkeep\n|turn|10\n|j| Aries83199\n|\n|t:|1700065228\n|switch|p1a: Grimmsnarl|Grimmsnarl, L50, M, shiny|21\/100\n|move|p2a: Dusclops|Pain Split|p1b: Okidogi\n|-sethp|p1b: Okidogi|73\/100 brn|[from] move: Pain Split|[silent]\n|-sethp|p2a: Dusclops|88\/100|[from] move: Pain Split\n|move|p2b: Iron Hands|Drain Punch|p1a: Grimmsnarl\n|-damage|p1a: Grimmsnarl|0 fnt\n|-heal|p2b: Iron Hands|45\/100|[from] drain|[of] p1a: Grimmsnarl\n|faint|p1a: Grimmsnarl\n|move|p1b: Okidogi|Poison Jab|p2a: Dusclops\n|-resisted|p2a: Dusclops\n|-damage|p2a: Dusclops|77\/100\n|-status|p2a: Dusclops|psn\n|\n|-heal|p1b: Okidogi|79\/100 brn|[from] item: Leftovers\n|-damage|p2a: Dusclops|64\/100 psn|[from] psn\n|-damage|p1b: Okidogi|73\/100 brn|[from] brn\n|-fieldend|move: Trick Room\n|upkeep\n|\n|t:|1700065242\n|switch|p1a: \u63a8\u3057\u306e\u692a|Ogerpon-Wellspring, L50, F|29\/100\n|turn|11\n|\n|t:|1700065251\n|switch|p2a: Ogerpon|Ogerpon-Wellspring, L50, F|100\/100\n|move|p1a: \u63a8\u3057\u306e\u692a|Ivy Cudgel|p2b: Iron Hands|[anim] Ivy Cudgel Water\n|-damage|p2b: Iron Hands|9\/100\n|move|p1b: Okidogi|Poison Jab|p2b: Iron Hands\n|-damage|p2b: Iron Hands|0 fnt\n|faint|p2b: Iron Hands\n|-end|p2b: Iron Hands|Quark Drive|[silent]\n|\n|-heal|p1b: Okidogi|79\/100 brn|[from] item: Leftovers\n|-damage|p1b: Okidogi|73\/100 brn|[from] brn\n|upkeep\n|\n|t:|1700065260\n|switch|p2b: Ursaluna|Ursaluna-Bloodmoon, L50, M, tera:Normal|84\/100\n|turn|12\n|\n|t:|1700065271\n|move|p1b: Okidogi|Protect|p1b: Okidogi\n|-singleturn|p1b: Okidogi|Protect\n|move|p2a: Ogerpon|Follow Me|p2a: Ogerpon\n|-singleturn|p2a: Ogerpon|move: Follow Me\n|move|p1a: \u63a8\u3057\u306e\u692a|Horn Leech|p2a: Ogerpon\n|-damage|p2a: Ogerpon|54\/100\n|-heal|p1a: \u63a8\u3057\u306e\u692a|53\/100|[from] drain|[of] p2a: Ogerpon\n|move|p2b: Ursaluna|Hyper Voice|p1b: Okidogi|[spread] p1a\n|-activate|p1b: Okidogi|move: Protect\n|-damage|p1a: \u63a8\u3057\u306e\u692a|2\/100\n|\n|-heal|p1b: Okidogi|79\/100 brn|[from] item: Leftovers\n|-damage|p1b: Okidogi|73\/100 brn|[from] brn\n|upkeep\n|turn|13\n|inactive|maku8319 has 30 seconds left.\n|\n|t:|1700065297\n|move|p2a: Ogerpon|Follow Me|p2a: Ogerpon\n|-singleturn|p2a: Ogerpon|move: Follow Me\n|move|p1a: \u63a8\u3057\u306e\u692a|Horn Leech|p2a: Ogerpon\n|-damage|p2a: Ogerpon|11\/100\n|-heal|p1a: \u63a8\u3057\u306e\u692a|23\/100|[from] drain|[of] p2a: Ogerpon\n|move|p1b: Okidogi|Drain Punch|p2a: Ogerpon\n|-damage|p2a: Ogerpon|0 fnt\n|-heal|p1b: Okidogi|79\/100 brn|[from] drain|[of] p2a: Ogerpon\n|faint|p2a: Ogerpon\n|move|p2b: Ursaluna|Hyper Voice|p1b: Okidogi|[spread] p1a,p1b\n|-damage|p1a: \u63a8\u3057\u306e\u692a|0 fnt\n|-damage|p1b: Okidogi|31\/100 brn\n|faint|p1a: \u63a8\u3057\u306e\u692a\n|\n|-heal|p1b: Okidogi|37\/100 brn|[from] item: Leftovers\n|-damage|p1b: Okidogi|31\/100 brn|[from] brn\n|upkeep\n|\n|t:|1700065304\n|switch|p2a: Dusclops|Dusclops, L50, M|64\/100 psn\n|-item|p1b: Okidogi|Leftovers|[from] ability: Frisk|[of] p2a: Dusclops|[identify]\n|turn|14\n|\n|t:|1700065312\n|move|p2b: Ursaluna|Protect|p2b: Ursaluna\n|-singleturn|p2b: Ursaluna|Protect\n|move|p1b: Okidogi|Poison Jab|p2a: Dusclops\n|-resisted|p2a: Dusclops\n|-damage|p2a: Dusclops|54\/100 psn\n|move|p2a: Dusclops|Trick Room|p2a: Dusclops\n|-fieldstart|move: Trick Room|[of] p2a: Dusclops\n|\n|-heal|p1b: Okidogi|37\/100 brn|[from] item: Leftovers\n|-damage|p2a: Dusclops|42\/100 psn|[from] psn\n|-damage|p1b: Okidogi|31\/100 brn|[from] brn\n|upkeep\n|turn|15\n|\n|t:|1700065326\n|move|p1b: Okidogi|Protect|p1b: Okidogi\n|-singleturn|p1b: Okidogi|Protect\n|move|p2a: Dusclops|Pain Split|p1b: Okidogi\n|-activate|p1b: Okidogi|move: Protect\n|move|p2b: Ursaluna|Earth Power|p1b: Okidogi\n|-activate|p1b: Okidogi|move: Protect\n|\n|-heal|p1b: Okidogi|37\/100 brn|[from] item: Leftovers\n|-damage|p2a: Dusclops|30\/100 psn|[from] psn\n|-damage|p1b: Okidogi|31\/100 brn|[from] brn\n|upkeep\n|turn|16\n|\n|t:|1700065339\n|move|p1b: Okidogi|Protect||[still]\n|-fail|p1b: Okidogi\n|move|p2a: Dusclops|Pain Split|p1b: Okidogi\n|-sethp|p1b: Okidogi|28\/100 brn|[from] move: Pain Split|[silent]\n|-sethp|p2a: Dusclops|33\/100 psn|[from] move: Pain Split\n|move|p2b: Ursaluna|Earth Power|p1b: Okidogi\n|-supereffective|p1b: Okidogi\n|-damage|p1b: Okidogi|0 fnt\n|faint|p1b: Okidogi\n|\n|win|maku8319\n|l|\u2606Iono1119\n|l| Aries83199\n","uploadtime":1700065402,"views":10,"p1id":"iono1119","p2id":"maku8319","formatid":"gen9vgc2023regulatione","rating":0,"private":0,"password":""}