{"id":"gen9vgc2023regulatione-1991279514","p1":"Iono1119","p2":"maku8319","format":"[Gen 9] VGC 2023 Regulation E","log":"|j|\u2606Iono1119\n|j|\u2606maku8319\n|n|\u2606Iono1119|iono1119\n|n|\u2606maku8319|maku8319\n|html|View the match progress at <a href=\"\/game-bestof3-gen9vgc2023regulatione-1991279513\">game-bestof3-gen9vgc2023regulatione-1991279513<\/a>\n|t:|1700063815\n|gametype|doubles\n|player|p1|Iono1119|102|\n|player|p2|maku8319|red|\n|teamsize|p1|6\n|teamsize|p2|6\n|gen|9\n|tier|[Gen 9] VGC 2023 Regulation E\n|rule|Species Clause: Limit one of each Pok\u00e9mon\n|rule|Item Clause: Limit one of each item\n|clearpoke\n|poke|p1|Landorus-Therian, L50, M|\n|poke|p1|Okidogi, L50, M|\n|poke|p1|Iron Hands, L50|\n|poke|p1|Ogerpon-Wellspring, L50, F|\n|poke|p1|Grimmsnarl, L50, M|\n|poke|p1|Moltres-Galar, L50|\n|poke|p2|Chi-Yu, L50|\n|poke|p2|Iron Hands, L50|\n|poke|p2|Landorus-Therian, L50, M|\n|poke|p2|Dusclops, L50, M|\n|poke|p2|Ogerpon-Wellspring, L50, F|\n|poke|p2|Ursaluna-Bloodmoon, L50, M|\n|teampreview|4\n|inactive|Battle timer is ON: inactive players will automatically lose when time's up. (requested by Iono1119)\nmaku8319 has agreed to open team sheets.\n|j| Aries83199\n|j| XinBluQAQ\n|inactive|maku8319 has 60 seconds left.\n|\n|t:|1700063873\n|start\n|switch|p1a: Grimmsnarl|Grimmsnarl, L50, M, shiny|100\/100\n|switch|p1b: \u63a8\u3057\u306e\u692a|Ogerpon-Wellspring, L50, F|100\/100\n|switch|p2a: Iron Hands|Iron Hands, L50|100\/100\n|switch|p2b: Dusclops|Dusclops, L50, M|100\/100\n|-item|p1a: Grimmsnarl|Light Clay|[from] ability: Frisk|[of] p2b: Dusclops|[identify]\n|-item|p1b: \u63a8\u3057\u306e\u692a|Wellspring Mask|[from] ability: Frisk|[of] p2b: Dusclops|[identify]\n|turn|1\n|inactive|maku8319 has 30 seconds left.\n|inactive|maku8319 has 20 seconds left.\n|inactive|maku8319 has 15 seconds left.\n|inactive|maku8319 has 10 seconds left.\n|\n|t:|1700063921\n|move|p1b: \u63a8\u3057\u306e\u692a|Spiky Shield|p1b: \u63a8\u3057\u306e\u692a\n|-singleturn|p1b: \u63a8\u3057\u306e\u692a|move: Protect\n|move|p1a: Grimmsnarl|Reflect|p1a: Grimmsnarl\n|-sidestart|p1: Iono1119|Reflect\n|move|p2a: Iron Hands|Drain Punch|p1b: \u63a8\u3057\u306e\u692a\n|-activate|p1b: \u63a8\u3057\u306e\u692a|move: Protect\n|-damage|p2a: Iron Hands|88\/100|[from] Spiky Shield|[of] p1b: \u63a8\u3057\u306e\u692a\n|move|p2b: Dusclops|Trick Room|p2b: Dusclops\n|-fieldstart|move: Trick Room|[of] p2b: Dusclops\n|\n|upkeep\n|turn|2\n|\n|t:|1700063943\n|switch|p1b: Okidogi|Okidogi, L50, M|100\/100\n|move|p1a: Grimmsnarl|Parting Shot|p2a: Iron Hands\n|-unboost|p2a: Iron Hands|atk|1\n|-unboost|p2a: Iron Hands|spa|1\n|\n|t:|1700063948\n|switch|p1a: Moltres|Moltres-Galar, L50, shiny|100\/100|[from] Parting Shot\n|move|p2b: Dusclops|Brick Break|p1a: Moltres\n|-sideend|p1: Iono1119|Reflect\n|-damage|p1a: Moltres|89\/100\n|move|p2a: Iron Hands|Wild Charge|p1b: Okidogi\n|-damage|p1b: Okidogi|72\/100\n|-damage|p2a: Iron Hands|83\/100|[from] Recoil\n|\n|-heal|p1b: Okidogi|78\/100|[from] item: Leftovers\n|upkeep\n|turn|3\n|\n|t:|1700063969\n|switch|p1b: Grimmsnarl|Grimmsnarl, L50, M, shiny|100\/100\n|move|p1a: Moltres|Protect|p1a: Moltres\n|-singleturn|p1a: Moltres|Protect\n|move|p2b: Dusclops|Will-O-Wisp|p1b: Grimmsnarl\n|-status|p1b: Grimmsnarl|brn\n|move|p2a: Iron Hands|Volt Switch|p1b: Grimmsnarl\n|-damage|p1b: Grimmsnarl|93\/100 brn\n|\n|t:|1700063978\n|-end|p2a: Iron Hands|Quark Drive|[silent]\n|switch|p2a: Chi-Yu|Chi-Yu, L50|100\/100|[from] Volt Switch\n|-ability|p2a: Chi-Yu|Beads of Ruin\n|\n|-damage|p1b: Grimmsnarl|87\/100 brn|[from] brn\n|upkeep\n|turn|4\n|\n|t:|1700064000\n|switch|p2b: Iron Hands|Iron Hands, L50|83\/100\n|move|p1b: Grimmsnarl|Light Screen|p1b: Grimmsnarl\n|-sidestart|p1: Iono1119|move: Light Screen\n|move|p1a: Moltres|Nasty Plot|p1a: Moltres\n|-boost|p1a: Moltres|spa|2\n|move|p2a: Chi-Yu|Overheat|p1a: Moltres\n|-damage|p1a: Moltres|27\/100\n|-unboost|p2a: Chi-Yu|spa|2\n|-ability|p1a: Moltres|Berserk|boost\n|-boost|p1a: Moltres|spa|1\n|-enditem|p1a: Moltres|Sitrus Berry|[eat]\n|-heal|p1a: Moltres|52\/100|[from] item: Sitrus Berry\n|\n|-damage|p1b: Grimmsnarl|81\/100 brn|[from] brn\n|upkeep\n|turn|5\n|inactive|maku8319 has 30 seconds left.\n|\n|t:|1700064035\n|switch|p2a: Ursaluna|Ursaluna-Bloodmoon, L50, M|100\/100\n|move|p1a: Moltres|Protect|p1a: Moltres\n|-singleturn|p1a: Moltres|Protect\n|move|p1b: Grimmsnarl|Reflect|p1b: Grimmsnarl\n|-sidestart|p1: Iono1119|Reflect\n|move|p2b: Iron Hands|Volt Switch|p1b: Grimmsnarl\n|-damage|p1b: Grimmsnarl|73\/100 brn\n|\n|t:|1700064047\n|-end|p2b: Iron Hands|Quark Drive|[silent]\n|switch|p2b: Chi-Yu|Chi-Yu, L50|100\/100|[from] Volt Switch\n|-ability|p2b: Chi-Yu|Beads of Ruin\n|\n|-damage|p1b: Grimmsnarl|67\/100 brn|[from] brn\n|-fieldend|move: Trick Room\n|upkeep\n|turn|6\n|l| Aries83199\n|inactive|Iono1119 has 30 seconds left.\n|\n|t:|1700064074\n|move|p1b: Grimmsnarl|Parting Shot|p2a: Ursaluna\n|-unboost|p2a: Ursaluna|atk|1\n|-unboost|p2a: Ursaluna|spa|1\n|\n|t:|1700064077\n|switch|p1b: \u63a8\u3057\u306e\u692a|Ogerpon-Wellspring, L50, F|100\/100|[from] Parting Shot\n|move|p2b: Chi-Yu|Overheat|p1a: Moltres\n|-damage|p1a: Moltres|0 fnt\n|-unboost|p2b: Chi-Yu|spa|2\n|faint|p1a: Moltres\n|move|p2a: Ursaluna|Blood Moon|p1b: \u63a8\u3057\u306e\u692a\n|-damage|p1b: \u63a8\u3057\u306e\u692a|56\/100\n|\n|upkeep\n|\n|t:|1700064089\n|switch|p1a: Okidogi|Okidogi, L50, M|78\/100\n|turn|7\n|\n|t:|1700064111\n|switch|p2a: Iron Hands|Iron Hands, L50|83\/100\n|-terastallize|p1a: Okidogi|Water\n|move|p2b: Chi-Yu|Overheat|p1b: \u63a8\u3057\u306e\u692a\n|-damage|p1b: \u63a8\u3057\u306e\u692a|15\/100\n|-unboost|p2b: Chi-Yu|spa|2\n|move|p1b: \u63a8\u3057\u306e\u692a|Ivy Cudgel|p2b: Chi-Yu|[anim] Ivy Cudgel Water\n|-supereffective|p2b: Chi-Yu\n|-damage|p2b: Chi-Yu|0 fnt\n|faint|p2b: Chi-Yu\n|move|p1a: Okidogi|Drain Punch|p2a: Iron Hands\n|-damage|p2a: Iron Hands|55\/100\n|-heal|p1a: Okidogi|97\/100|[from] drain|[of] p2a: Iron Hands\n|\n|-heal|p1a: Okidogi|100\/100|[from] item: Leftovers\n|upkeep\n|\n|t:|1700064121\n|switch|p2b: Dusclops|Dusclops, L50, M|100\/100\n|-item|p1a: Okidogi|Leftovers|[from] ability: Frisk|[of] p2b: Dusclops|[identify]\n|-item|p1b: \u63a8\u3057\u306e\u692a|Wellspring Mask|[from] ability: Frisk|[of] p2b: Dusclops|[identify]\n|turn|8\n|\n|t:|1700064133\n|move|p1b: \u63a8\u3057\u306e\u692a|Spiky Shield|p1b: \u63a8\u3057\u306e\u692a\n|-singleturn|p1b: \u63a8\u3057\u306e\u692a|move: Protect\n|move|p2a: Iron Hands|Fake Out|p1a: Okidogi\n|-damage|p1a: Okidogi|91\/100\n|cant|p1a: Okidogi|flinch\n|move|p2b: Dusclops|Trick Room|p2b: Dusclops\n|-fieldstart|move: Trick Room|[of] p2b: Dusclops\n|\n|-heal|p1a: Okidogi|97\/100|[from] item: Leftovers\n|upkeep\n|turn|9\n|inactive|maku8319 has 30 seconds left.\n|inactive|maku8319 has 20 seconds left.\n|inactive|maku8319 has 15 seconds left.\n|inactive|maku8319 has 10 seconds left.\n|\n|t:|1700064178\n|move|p1b: \u63a8\u3057\u306e\u692a|Follow Me|p1b: \u63a8\u3057\u306e\u692a\n|-singleturn|p1b: \u63a8\u3057\u306e\u692a|move: Follow Me\n|move|p2b: Dusclops|Brick Break|p1b: \u63a8\u3057\u306e\u692a\n|-sideend|p1: Iono1119|Reflect\n|-sideend|p1: Iono1119|move: Light Screen\n|-damage|p1b: \u63a8\u3057\u306e\u692a|4\/100\n|move|p2a: Iron Hands|Wild Charge|p1b: \u63a8\u3057\u306e\u692a\n|-damage|p1b: \u63a8\u3057\u306e\u692a|0 fnt\n|faint|p1b: \u63a8\u3057\u306e\u692a\n|-damage|p2a: Iron Hands|54\/100|[from] Recoil\n|move|p1a: Okidogi|Bulk Up|p1a: Okidogi\n|-boost|p1a: Okidogi|atk|1\n|-boost|p1a: Okidogi|def|1\n|\n|-heal|p1a: Okidogi|100\/100|[from] item: Leftovers\n|upkeep\n|\n|t:|1700064194\n|switch|p1b: Grimmsnarl|Grimmsnarl, L50, M, shiny|67\/100 brn\n|turn|10\n|\n|t:|1700064214\n|move|p1b: Grimmsnarl|Reflect|p1b: Grimmsnarl\n|-sidestart|p1: Iono1119|Reflect\n|move|p2b: Dusclops|Will-O-Wisp|p1a: Okidogi\n|-status|p1a: Okidogi|brn\n|move|p2a: Iron Hands|Volt Switch|p1b: Grimmsnarl\n|-damage|p1b: Grimmsnarl|56\/100 brn\n|\n|t:|1700064221\n|-end|p2a: Iron Hands|Quark Drive|[silent]\n|switch|p2a: Ursaluna|Ursaluna-Bloodmoon, L50, M|100\/100|[from] Volt Switch\n|move|p1a: Okidogi|Poison Jab|p2a: Ursaluna\n|-resisted|p2a: Ursaluna\n|-damage|p2a: Ursaluna|90\/100\n|\n|-damage|p1b: Grimmsnarl|50\/100 brn|[from] brn\n|-damage|p1a: Okidogi|94\/100 brn|[from] brn\n|upkeep\n|turn|11\n|\n|t:|1700064245\n|-terastallize|p2a: Ursaluna|Normal\n|move|p1a: Okidogi|Protect|p1a: Okidogi\n|-singleturn|p1a: Okidogi|Protect\n|move|p1b: Grimmsnarl|Light Screen|p1b: Grimmsnarl\n|-sidestart|p1: Iono1119|move: Light Screen\n|move|p2b: Dusclops|Brick Break|p2a: Ursaluna\n|-supereffective|p2a: Ursaluna\n|-damage|p2a: Ursaluna|71\/100\n|-enditem|p2a: Ursaluna|Weakness Policy\n|-boost|p2a: Ursaluna|atk|2|[from] item: Weakness Policy\n|-boost|p2a: Ursaluna|spa|2|[from] item: Weakness Policy\n|move|p2a: Ursaluna|Blood Moon|p1a: Okidogi\n|-activate|p1a: Okidogi|move: Protect\n|\n|-heal|p1a: Okidogi|100\/100 brn|[from] item: Leftovers\n|-damage|p1b: Grimmsnarl|45\/100 brn|[from] brn\n|-damage|p1a: Okidogi|94\/100 brn|[from] brn\n|upkeep\n|turn|12\n|c| XinBluQAQ|Jab Jab Jab\n|\n|t:|1700064261\n|move|p2a: Ursaluna|Protect|p2a: Ursaluna\n|-singleturn|p2a: Ursaluna|Protect\n|move|p1b: Grimmsnarl|Parting Shot|p2a: Ursaluna\n|-activate|p2a: Ursaluna|move: Protect\n|move|p2b: Dusclops|Brick Break|p1a: Okidogi\n|-sideend|p1: Iono1119|Reflect\n|-sideend|p1: Iono1119|move: Light Screen\n|-damage|p1a: Okidogi|87\/100 brn\n|move|p1a: Okidogi|Drain Punch|p2a: Ursaluna\n|-activate|p2a: Ursaluna|move: Protect\n|\n|-heal|p1a: Okidogi|93\/100 brn|[from] item: Leftovers\n|-damage|p1b: Grimmsnarl|39\/100 brn|[from] brn\n|-damage|p1a: Okidogi|87\/100 brn|[from] brn\n|-fieldend|move: Trick Room\n|upkeep\n|turn|13\n|\n|t:|1700064279\n|move|p1b: Grimmsnarl|Parting Shot|p2a: Ursaluna\n|-unboost|p2a: Ursaluna|atk|1\n|-unboost|p2a: Ursaluna|spa|1\n|move|p1a: Okidogi|Drain Punch|p2a: Ursaluna\n|-supereffective|p2a: Ursaluna\n|-damage|p2a: Ursaluna|28\/100\n|-heal|p1a: Okidogi|100\/100 brn|[from] drain|[of] p2a: Ursaluna\n|move|p2a: Ursaluna|Blood Moon|p1a: Okidogi\n|-damage|p1a: Okidogi|0 fnt\n|faint|p1a: Okidogi\n|move|p2b: Dusclops|Trick Room|p2b: Dusclops\n|-fieldstart|move: Trick Room|[of] p2b: Dusclops\n|\n|-damage|p1b: Grimmsnarl|33\/100 brn|[from] brn\n|upkeep\n|turn|14\n|\n|t:|1700064300\n|move|p2b: Dusclops|Will-O-Wisp|p1b: Grimmsnarl\n|-fail|p1b: Grimmsnarl|brn\n|move|p2a: Ursaluna|Hyper Voice|p1b: Grimmsnarl\n|-damage|p1b: Grimmsnarl|0 fnt\n|faint|p1b: Grimmsnarl\n|\n|win|maku8319\n|c|&|\/uhtml prompt-maku8319,maku8319 is ready for game 2!\n|c|&|\/uhtml prompt-iono1119,Iono1119 is ready for game 2!\nBoth players are ready! Starting next match!\n|l| XinBluQAQ\n","uploadtime":1700065344,"views":15,"p1id":"iono1119","p2id":"maku8319","formatid":"gen9vgc2023regulatione","rating":0,"private":0,"password":""}