{"id":"gen9vgc2023regulatione-1989326449","p1":"THS Mike","p2":"Cooltrizzle","format":"[Gen 9] VGC 2023 Regulation E","log":"|j|\u2606THS Mike\n|j|\u2606Cooltrizzle\n|t:|1699836695\n|gametype|doubles\n|player|p1|THS Mike|169|1637\n|player|p2|Cooltrizzle|hiker-gen4|1781\n|teamsize|p1|6\n|teamsize|p2|6\n|gen|9\n|tier|[Gen 9] VGC 2023 Regulation E\n|rated|\n|rule|Species Clause: Limit one of each Pok\u00e9mon\n|rule|Item Clause: Limit one of each item\n|clearpoke\n|poke|p1|Moltres-Galar, L50|\n|poke|p1|Sinistcha-Masterpiece, L50|\n|poke|p1|Ninetales-Alola, L50, F|\n|poke|p1|Landorus-Therian, L50, M|\n|poke|p1|Iron Hands, L50|\n|poke|p1|Heatran, L50, M|\n|poke|p2|Okidogi, L50, M|\n|poke|p2|Ninetales-Alola, L50, M|\n|poke|p2|Landorus-Therian, L50, M|\n|poke|p2|Sinistcha-Masterpiece, L50|\n|poke|p2|Heatran, L50, F|\n|poke|p2|Roaring Moon, L50|\n|teampreview|4\n|inactive|Battle timer is ON: inactive players will automatically lose when time's up. (requested by Cooltrizzle)\n|\n|t:|1699836720\n|start\n|switch|p1a: Ninetales|Ninetales-Alola, L50, F|100\/100\n|switch|p1b: Heatran|Heatran, L50, M|100\/100\n|switch|p2a: Ninetales|Ninetales-Alola, L50, M|100\/100\n|switch|p2b: Landorus|Landorus-Therian, L50, M|100\/100\n|-weather|Snow|[from] ability: Snow Warning|[of] p2a: Ninetales\n|-ability|p2b: Landorus|Intimidate|boost\n|-unboost|p1a: Ninetales|atk|1\n|-unboost|p1b: Heatran|atk|1\n|turn|1\n|inactive|Cooltrizzle has 30 seconds left.\n|\n|t:|1699836747\n|switch|p2a: Heatran|Heatran, L50, F|100\/100\n|switch|p1b: Iron Hands|Iron Hands, L50|100\/100\n|move|p1a: Ninetales|Protect|p1a: Ninetales\n|-singleturn|p1a: Ninetales|Protect\n|move|p2b: Landorus|Stomping Tantrum|p1b: Iron Hands\n|-supereffective|p1b: Iron Hands\n|-damage|p1b: Iron Hands|35\/100\n|\n|-weather|Snow|[upkeep]\n|upkeep\n|turn|2\n|inactive|Cooltrizzle has 30 seconds left.\n|\n|t:|1699836774\n|switch|p2b: Ninetales|Ninetales-Alola, L50, M|100\/100\n|-end|p1b: Iron Hands|Quark Drive|[silent]\n|switch|p1b: Moltres|Moltres-Galar, L50|100\/100\n|-terastallize|p1a: Ninetales|Water\n|move|p1a: Ninetales|Aurora Veil|p1a: Ninetales\n|-sidestart|p1: THS Mike|move: Aurora Veil\n|move|p2a: Heatran|Earth Power|p1b: Moltres\n|-immune|p1b: Moltres\n|\n|-weather|Snow|[upkeep]\n|upkeep\n|turn|3\n|j| mighty dozo\n|\n|t:|1699836796\n|switch|p1a: Iron Hands|Iron Hands, L50|35\/100\n|move|p2b: Ninetales|Icy Wind|p1b: Moltres|[spread] p1a,p1b\n|-supereffective|p1b: Moltres\n|-damage|p1a: Iron Hands|31\/100\n|-damage|p1b: Moltres|90\/100\n|-unboost|p1a: Iron Hands|spe|1\n|-unboost|p1b: Moltres|spe|1\n|move|p2a: Heatran|Flash Cannon|p1b: Moltres\n|-damage|p1b: Moltres|61\/100\n|-damage|p2a: Heatran|91\/100|[from] item: Life Orb\n|move|p1b: Moltres|Nasty Plot|p1b: Moltres\n|-boost|p1b: Moltres|spa|2\n|\n|-weather|Snow|[upkeep]\n|upkeep\n|turn|4\n|\n|t:|1699836817\n|switch|p2a: Landorus|Landorus-Therian, L50, M|100\/100\n|-ability|p2a: Landorus|Intimidate|boost\n|-unboost|p1a: Iron Hands|atk|1\n|-unboost|p1b: Moltres|atk|1\n|-terastallize|p2b: Ninetales|Ghost\n|move|p1a: Iron Hands|Fake Out|p2b: Ninetales\n|-immune|p2b: Ninetales\n|move|p2b: Ninetales|Encore|p1b: Moltres\n|-start|p1b: Moltres|Encore\n|move|p1b: Moltres|Nasty Plot|p1b: Moltres\n|-boost|p1b: Moltres|spa|2\n|\n|-weather|Snow|[upkeep]\n|upkeep\n|turn|5\n|inactive|Cooltrizzle has 30 seconds left.\n|\n|t:|1699836849\n|switch|p1b: Ninetales|Ninetales-Alola, L50, F, tera:Water|100\/100\n|move|p2b: Ninetales|Icy Wind|p1a: Iron Hands|[spread] p1a,p1b\n|-resisted|p1b: Ninetales\n|-damage|p1a: Iron Hands|27\/100\n|-damage|p1b: Ninetales|97\/100\n|-unboost|p1a: Iron Hands|spe|1\n|-unboost|p1b: Ninetales|spe|1\n|move|p2a: Landorus|U-turn|p1a: Iron Hands\n|-resisted|p1a: Iron Hands\n|-damage|p1a: Iron Hands|21\/100\n|\n|t:|1699836858\n|switch|p2a: Sinistcha|Sinistcha-Masterpiece, L50|100\/100|[from] U-turn\n|move|p1a: Iron Hands|Drain Punch|p2b: Ninetales\n|-immune|p2b: Ninetales\n|\n|-weather|none\n|upkeep\n|turn|6\n|-message|THS Mike forfeited.\n|\n|win|Cooltrizzle\n|raw|THS Mike's rating: 1637 &rarr; <strong>1625<\/strong><br \/>(-12 for losing)\n|raw|Cooltrizzle's rating: 1781 &rarr; <strong>1793<\/strong><br \/>(+12 for winning)\n|l|\u2606THS Mike\n|l|\u2606Cooltrizzle\n","uploadtime":1699836972,"views":12,"p1id":"thsmike","p2id":"cooltrizzle","formatid":"gen9vgc2023regulatione","rating":1625,"private":0,"password":""}