{"id":"gen9vgc2023regulatione-1992688505","p1":"Buff FlutterMane","p2":"edomila99","format":"[Gen 9] VGC 2023 Regulation E","log":"|j|\u2606Buff FlutterMane\n|j|\u2606edomila99\n|t:|1700225437\n|gametype|doubles\n|player|p1|Buff FlutterMane|turo|1406\n|player|p2|edomila99|266|1514\n|teamsize|p1|6\n|teamsize|p2|6\n|gen|9\n|tier|[Gen 9] VGC 2023 Regulation E\n|rated|\n|rule|Species Clause: Limit one of each Pok\u00e9mon\n|rule|Item Clause: Limit one of each item\n|clearpoke\n|poke|p1|Urshifu-*, L50, F|\n|poke|p1|Roaring Moon, L50|\n|poke|p1|Heatran, L50, M|\n|poke|p1|Flutter Mane, L50|\n|poke|p1|Sinistcha-Masterpiece, L50|\n|poke|p1|Ninetales-Alola, L50, F|\n|poke|p2|Dondozo, L50, M|\n|poke|p2|Tatsugiri, L50, M|\n|poke|p2|Scream Tail, L50|\n|poke|p2|Flamigo, L50, M|\n|poke|p2|Chien-Pao, L50|\n|poke|p2|Dragonite, L50, F|\n|teampreview|4\n|inactive|Battle timer is ON: inactive players will automatically lose when time's up. (requested by Buff FlutterMane)\n|inactive|Buff FlutterMane has 60 seconds left.\n|\n|t:|1700225479\n|start\n|switch|p1a: BloodMoon|Roaring Moon, L50, shiny|100\/100\n|switch|p1b: No GholdengoPlz|Ninetales-Alola, L50, F, shiny|100\/100\n|switch|p2a: Tatsugiri|Tatsugiri, L50, M|100\/100\n|switch|p2b: Scream Tail|Scream Tail, L50|100\/100\n|-weather|Snow|[from] ability: Snow Warning|[of] p1b: No GholdengoPlz\n|-enditem|p1a: BloodMoon|Booster Energy\n|-activate|p1a: BloodMoon|ability: Protosynthesis|[fromitem]\n|-start|p1a: BloodMoon|protosynthesisspe\n|-enditem|p2b: Scream Tail|Booster Energy\n|-activate|p2b: Scream Tail|ability: Protosynthesis|[fromitem]\n|-start|p2b: Scream Tail|protosynthesisspe\n|turn|1\n|inactive|edomila99 has 30 seconds left.\n|\n|t:|1700225506\n|move|p2a: Tatsugiri|Protect|p2a: Tatsugiri\n|-singleturn|p2a: Tatsugiri|Protect\n|move|p1a: BloodMoon|Breaking Swipe|p2a: Tatsugiri|[spread] \n|-activate|p2a: Tatsugiri|move: Protect\n|-immune|p2b: Scream Tail\n|move|p2b: Scream Tail|Perish Song|p2b: Scream Tail\n|-start|p1a: BloodMoon|perish3|[silent]\n|-start|p1b: No GholdengoPlz|perish3|[silent]\n|-start|p2a: Tatsugiri|perish3|[silent]\n|-start|p2b: Scream Tail|perish3|[silent]\n|-fieldactivate|move: Perish Song\n|move|p1b: No GholdengoPlz|Moonblast|p2a: Tatsugiri\n|-activate|p2a: Tatsugiri|move: Protect\n|\n|-weather|Snow|[upkeep]\n|-start|p1a: BloodMoon|perish3\n|-start|p2b: Scream Tail|perish3\n|-start|p1b: No GholdengoPlz|perish3\n|-start|p2a: Tatsugiri|perish3\n|upkeep\n|turn|2\n|inactive|edomila99 has 30 seconds left.\n|inactive|edomila99 has 20 seconds left.\n|\n|t:|1700225544\n|-terastallize|p2a: Tatsugiri|Steel\n|move|p1a: BloodMoon|Breaking Swipe|p2b: Scream Tail|[spread] p2a\n|-immune|p2b: Scream Tail\n|-resisted|p2a: Tatsugiri\n|-crit|p2a: Tatsugiri\n|-damage|p2a: Tatsugiri|69\/100\n|-unboost|p2a: Tatsugiri|atk|1\n|move|p2b: Scream Tail|Encore|p1b: No GholdengoPlz\n|-start|p1b: No GholdengoPlz|Encore\n|move|p1b: No GholdengoPlz|Moonblast|p2a: Tatsugiri\n|-resisted|p2a: Tatsugiri\n|-damage|p2a: Tatsugiri|52\/100\n|move|p2a: Tatsugiri|Draco Meteor|p1a: BloodMoon\n|-supereffective|p1a: BloodMoon\n|-damage|p1a: BloodMoon|0 fnt\n|-unboost|p2a: Tatsugiri|spa|2\n|faint|p1a: BloodMoon\n|-end|p1a: BloodMoon|Protosynthesis|[silent]\n|\n|-weather|Snow|[upkeep]\n|-start|p2b: Scream Tail|perish2\n|-start|p1b: No GholdengoPlz|perish2\n|-start|p2a: Tatsugiri|perish2\n|upkeep\n|\n|t:|1700225558\n|switch|p1a: Balanced?|Urshifu-Rapid-Strike, L50, F|100\/100\n|turn|3\n|\n|t:|1700225574\n|switch|p1b: Give Me Spore|Sinistcha-Masterpiece, L50, shiny|100\/100\n|move|p2a: Tatsugiri|Endure|p2a: Tatsugiri\n|-singleturn|p2a: Tatsugiri|move: Endure\n|move|p2b: Scream Tail|Perish Song|p2b: Scream Tail\n|-start|p1a: Balanced?|perish3|[silent]\n|-start|p1b: Give Me Spore|perish3|[silent]\n|-fieldactivate|move: Perish Song\n|move|p1a: Balanced?|Swords Dance|p1a: Balanced?\n|-boost|p1a: Balanced?|atk|2\n|\n|-weather|Snow|[upkeep]\n|-start|p2b: Scream Tail|perish1\n|-start|p2a: Tatsugiri|perish1\n|-start|p1a: Balanced?|perish3\n|-start|p1b: Give Me Spore|perish3\n|upkeep\n|turn|4\n|\n|t:|1700225588\n|-end|p2b: Scream Tail|Protosynthesis|[silent]\n|switch|p2b: Dondozo|Dondozo, L50, M|100\/100\n|-activate|p2a: Tatsugiri|ability: Commander|[of] p2b: Dondozo\n|-boost|p2b: Dondozo|atk|2\n|-boost|p2b: Dondozo|spa|2\n|-boost|p2b: Dondozo|spe|2\n|-boost|p2b: Dondozo|def|2\n|-boost|p2b: Dondozo|spd|2\n|-terastallize|p1a: Balanced?|Water\n|move|p1a: Balanced?|Surging Strikes|p2b: Dondozo\n|-resisted|p2b: Dondozo\n|-crit|p2b: Dondozo\n|-damage|p2b: Dondozo|90\/100\n|-resisted|p2b: Dondozo\n|-crit|p2b: Dondozo\n|-damage|p2b: Dondozo|80\/100\n|-resisted|p2b: Dondozo\n|-crit|p2b: Dondozo\n|-damage|p2b: Dondozo|71\/100\n|-hitcount|p2b: Dondozo|3\n|move|p1b: Give Me Spore|Matcha Gotcha|p2b: Dondozo|[spread] p2b\n|-miss|p1b: Give Me Spore|p2a: Tatsugiri\n|-supereffective|p2b: Dondozo\n|-damage|p2b: Dondozo|44\/100\n|-status|p2b: Dondozo|brn\n|\n|-weather|Snow|[upkeep]\n|-heal|p2b: Dondozo|50\/100 brn|[from] item: Leftovers\n|-damage|p2b: Dondozo|44\/100 brn|[from] brn\n|-start|p2a: Tatsugiri|perish0\n|-start|p1a: Balanced?|perish2\n|faint|p2a: Tatsugiri\n|-start|p1b: Give Me Spore|perish2\n|upkeep\n|inactive|edomila99 has 30 seconds left.\n|\n|t:|1700225614\n|switch|p2a: Flamigo|Flamigo, L50, M|100\/100\n|-copyboost|p2a: Flamigo|p2b: Dondozo|[from] ability: Costar\n|turn|5\n|\n|t:|1700225635\n|move|p1b: Give Me Spore|Rage Powder|p1b: Give Me Spore\n|-singleturn|p1b: Give Me Spore|move: Rage Powder\n|move|p2a: Flamigo|Brave Bird|p1b: Give Me Spore\n|-supereffective|p1b: Give Me Spore\n|-damage|p1b: Give Me Spore|0 fnt\n|faint|p1b: Give Me Spore\n|-damage|p2a: Flamigo|63\/100|[from] Recoil\n|move|p2b: Dondozo|Order Up|p1a: Balanced?\n|-damage|p1a: Balanced?|79\/100\n|-boost|p2b: Dondozo|atk|1\n|move|p1a: Balanced?|Surging Strikes|p2a: Flamigo\n|-crit|p2a: Flamigo\n|-damage|p2a: Flamigo|0 fnt\n|faint|p2a: Flamigo\n|-hitcount|p2: Flamigo|1\n|\n|-weather|none\n|-heal|p2b: Dondozo|50\/100 brn|[from] item: Leftovers\n|-damage|p2b: Dondozo|44\/100 brn|[from] brn\n|-start|p1a: Balanced?|perish1\n|upkeep\n|\n|t:|1700225649\n|switch|p2a: Scream Tail|Scream Tail, L50|100\/100\n|switch|p1b: No GholdengoPlz|Ninetales-Alola, L50, F, shiny|100\/100\n|-weather|Snow|[from] ability: Snow Warning|[of] p1b: No GholdengoPlz\n|turn|6\n|inactive|edomila99 has 30 seconds left.\n|inactive|edomila99 has 20 seconds left.\n|inactive|edomila99 has 15 seconds left.\n|inactive|edomila99 has 10 seconds left.\n|\n|t:|1700225695\n|move|p2a: Scream Tail|Protect|p2a: Scream Tail\n|-singleturn|p2a: Scream Tail|Protect\n|move|p1b: No GholdengoPlz|Aurora Veil|p1b: No GholdengoPlz\n|-sidestart|p1: Buff FlutterMane|move: Aurora Veil\n|move|p2b: Dondozo|Order Up|p1a: Balanced?\n|-damage|p1a: Balanced?|62\/100\n|-boost|p2b: Dondozo|atk|1\n|move|p1a: Balanced?|Surging Strikes|p2a: Scream Tail\n|-crit|p2a: Scream Tail\n|-damage|p2a: Scream Tail|65\/100\n|-crit|p2a: Scream Tail\n|-damage|p2a: Scream Tail|26\/100\n|-crit|p2a: Scream Tail\n|-damage|p2a: Scream Tail|0 fnt\n|faint|p2a: Scream Tail\n|-end|p2a: Scream Tail|Protosynthesis|[silent]\n|-hitcount|p2: Scream Tail|3\n|\n|-weather|Snow|[upkeep]\n|-heal|p2b: Dondozo|50\/100 brn|[from] item: Leftovers\n|-damage|p2b: Dondozo|44\/100 brn|[from] brn\n|-start|p1a: Balanced?|perish0\n|faint|p1a: Balanced?\n|upkeep\n|turn|7\n|\n|t:|1700225720\n|move|p2b: Dondozo|Protect|p2b: Dondozo\n|-singleturn|p2b: Dondozo|Protect\n|move|p1b: No GholdengoPlz|Moonblast|p2b: Dondozo\n|-activate|p2b: Dondozo|move: Protect\n|\n|-weather|Snow|[upkeep]\n|-heal|p2b: Dondozo|50\/100 brn|[from] item: Leftovers\n|-damage|p2b: Dondozo|44\/100 brn|[from] brn\n|upkeep\n|turn|8\n|\n|t:|1700225742\n|move|p1b: No GholdengoPlz|Moonblast|p2b: Dondozo\n|-damage|p2b: Dondozo|29\/100 brn\n|move|p2b: Dondozo|Earthquake|p1b: No GholdengoPlz\n|-damage|p1b: No GholdengoPlz|77\/100\n|\n|-weather|Snow|[upkeep]\n|-heal|p2b: Dondozo|36\/100 brn|[from] item: Leftovers\n|-damage|p2b: Dondozo|29\/100 brn|[from] brn\n|upkeep\n|turn|9\n|\n|t:|1700225755\n|move|p2b: Dondozo|Protect|p2b: Dondozo\n|-singleturn|p2b: Dondozo|Protect\n|move|p1b: No GholdengoPlz|Icy Wind|p2b: Dondozo\n|-activate|p2b: Dondozo|move: Protect\n|\n|-weather|Snow|[upkeep]\n|-heal|p2b: Dondozo|36\/100 brn|[from] item: Leftovers\n|-damage|p2b: Dondozo|29\/100 brn|[from] brn\n|upkeep\n|turn|10\n|\n|t:|1700225770\n|move|p1b: No GholdengoPlz|Moonblast|p2b: Dondozo\n|-damage|p2b: Dondozo|16\/100 brn\n|move|p2b: Dondozo|Earthquake|p1b: No GholdengoPlz\n|-damage|p1b: No GholdengoPlz|53\/100\n|\n|-weather|none\n|-heal|p2b: Dondozo|22\/100 brn|[from] item: Leftovers\n|-damage|p2b: Dondozo|16\/100 brn|[from] brn\n|upkeep\n|turn|11\n|\n|t:|1700225778\n|move|p2b: Dondozo|Protect|p2b: Dondozo\n|-singleturn|p2b: Dondozo|Protect\n|move|p1b: No GholdengoPlz|Moonblast|p2b: Dondozo\n|-activate|p2b: Dondozo|move: Protect\n|\n|-heal|p2b: Dondozo|22\/100 brn|[from] item: Leftovers\n|-damage|p2b: Dondozo|16\/100 brn|[from] brn\n|upkeep\n|turn|12\n|\n|t:|1700225788\n|move|p1b: No GholdengoPlz|Moonblast|p2b: Dondozo\n|-damage|p2b: Dondozo|2\/100 brn\n|move|p2b: Dondozo|Earthquake|p1b: No GholdengoPlz\n|-damage|p1b: No GholdengoPlz|20\/100\n|\n|-heal|p2b: Dondozo|8\/100 brn|[from] item: Leftovers\n|-damage|p2b: Dondozo|2\/100 brn|[from] brn\n|upkeep\n|turn|13\n|\n|t:|1700225799\n|move|p2b: Dondozo|Protect|p2b: Dondozo\n|-singleturn|p2b: Dondozo|Protect\n|move|p1b: No GholdengoPlz|Moonblast|p2b: Dondozo\n|-activate|p2b: Dondozo|move: Protect\n|\n|-heal|p2b: Dondozo|8\/100 brn|[from] item: Leftovers\n|-damage|p2b: Dondozo|2\/100 brn|[from] brn\n|-sideend|p1: Buff FlutterMane|move: Aurora Veil\n|upkeep\n|turn|14\n|\n|t:|1700225809\n|move|p1b: No GholdengoPlz|Moonblast|p2b: Dondozo\n|-damage|p2b: Dondozo|0 fnt\n|faint|p2b: Dondozo\n|\n|win|Buff FlutterMane\n|raw|Buff FlutterMane's rating: 1406 &rarr; <strong>1432<\/strong><br \/>(+26 for winning)\n|raw|edomila99's rating: 1514 &rarr; <strong>1488<\/strong><br \/>(-26 for losing)\n|l|\u2606edomila99\n","uploadtime":1700225819,"views":30,"p1id":"bufffluttermane","p2id":"edomila99","formatid":"gen9vgc2023regulatione","rating":1432,"private":0,"password":""}