{"id":"gen9vgc2023regulatione-1995723877","p1":"RENANBERNARDO","p2":"TobiYume","format":"[Gen 9] VGC 2023 Regulation E","log":"|j|\u2606RENANBERNARDO\n|j|\u2606TobiYume\n|n|\u2606RENANBERNARDO|renanbernardo\n|n|\u2606TobiYume|tobiyume\n|html|View the match progress at <a href=\"\/game-bestof3-gen9vgc2023regulatione-1995719985\">game-bestof3-gen9vgc2023regulatione-1995719985<\/a>\n|t:|1700597225\n|gametype|doubles\n|player|p1|RENANBERNARDO|iris-gen5bw2|\n|player|p2|TobiYume|n|\n|teamsize|p1|6\n|teamsize|p2|6\n|gen|9\n|tier|[Gen 9] VGC 2023 Regulation E\n|rule|Species Clause: Limit one of each Pok\u00e9mon\n|rule|Item Clause: Limit one of each item\n|clearpoke\n|poke|p1|Gholdengo, L50|\n|poke|p1|Ogerpon-Wellspring, L50, F|\n|poke|p1|Landorus-Therian, L50, M|\n|poke|p1|Urshifu-*, L50, F|\n|poke|p1|Farigiraf, L50, F|\n|poke|p1|Flutter Mane, L50|\n|poke|p2|Kommo-o, L50, F|\n|poke|p2|Arcanine-Hisui, L50, M|\n|poke|p2|Rillaboom, L50, M|\n|poke|p2|Moltres-Galar, L50|\n|poke|p2|Ninetales-Alola, L50, F|\n|poke|p2|Sinistcha, L50|\n|teampreview|4\nTobiYume has agreed to open team sheets.\nRENANBERNARDO has agreed to open team sheets.\n|showteam|p1|Gholdengo||ChoiceSpecs|GoodasGold|MakeItRain,ShadowBall,Thunderbolt,Trick||||||50|,,,,,Water]Ogerpon-Wellspring||WellspringMask|WaterAbsorb|SpikyShield,HornLeech,IvyCudgel,FollowMe|||F|||50|,,,,,Water]Landorus-Therian||ChoiceScarf|Intimidate|StompingTantrum,RockSlide,TeraBlast,Uturn|||M|||50|,,,,,Flying]Urshifu||ChoiceBand|UnseenFist|SuckerPunch,WickedBlow,CloseCombat,Uturn|||F|||50|,,,,,Poison]Farigiraf||RockyHelmet|ArmorTail|DazzlingGleam,TrickRoom,Psychic,Imprison|||F|||50|,,,,,Fairy]Flutter Mane||FocusSash|Protosynthesis|Moonblast,ShadowBall,DazzlingGleam,Protect||||||50|,,,,,Fairy\n|showteam|p2|Kommo-o||Leftovers|Bulletproof|IronDefense,BodyPress,IronHead,Protect|||F|||50|,,,,,Steel]Arcanine-Hisui||SafetyGoggles|Intimidate|FlareBlitz,RockSlide,ExtremeSpeed,WillOWisp|||M|||50|,,,,,Water]Rillaboom||AssaultVest|GrassySurge|FakeOut,GrassyGlide,WoodHammer,Uturn|||M|||50|,,,,,Fire]Moltres-Galar||SitrusBerry|Berserk|FieryWrath,AirSlash,NastyPlot,Protect||||||50|,,,,,Poison]Ninetales-Alola||LightClay|SnowWarning|AuroraVeil,IcyWind,Moonblast,HelpingHand|||F|||50|,,,,,Water]Sinistcha||RockyHelmet|Hospitality|MatchaGotcha,LifeDew,TrickRoom,RagePowder||||||50|,,,,,Fairy\n|\n|t:|1700597249\n|start\n|switch|p1a: Urshifu|Urshifu, L50, F|100\/100\n|switch|p1b: Farigiraf|Farigiraf, L50, F|100\/100\n|switch|p2a: Moltres|Moltres-Galar, L50|100\/100\n|switch|p2b: Arcanine|Arcanine-Hisui, L50, M|100\/100\n|-ability|p2b: Arcanine|Intimidate|boost\n|-unboost|p1a: Urshifu|atk|1\n|-unboost|p1b: Farigiraf|atk|1\n|turn|1\n|inactive|Battle timer is ON: inactive players will automatically lose when time's up. (requested by RENANBERNARDO)\n|inactive|RENANBERNARDO has 60 seconds left.\n|inactive|TobiYume has 60 seconds left.\n|inactive|RENANBERNARDO has 30 seconds left.\n|inactive|RENANBERNARDO has 20 seconds left.\n|\n|t:|1700597323\n|-terastallize|p1a: Urshifu|Poison\n|-terastallize|p2a: Moltres|Poison\n|move|p2b: Arcanine|Will-O-Wisp|p1a: Urshifu|[miss]\n|-miss|p2b: Arcanine|p1a: Urshifu\n|move|p1a: Urshifu|Close Combat|p2b: Arcanine\n|-supereffective|p2b: Arcanine\n|-damage|p2b: Arcanine|0 fnt\n|-unboost|p1a: Urshifu|def|1\n|-unboost|p1a: Urshifu|spd|1\n|faint|p2b: Arcanine\n|move|p2a: Moltres|Air Slash|p1a: Urshifu\n|-damage|p1a: Urshifu|46\/100\n|move|p1b: Farigiraf|Dazzling Gleam|p2a: Moltres\n|-resisted|p2a: Moltres\n|-damage|p2a: Moltres|93\/100\n|\n|upkeep\n|\n|t:|1700597337\n|switch|p2b: Rillaboom|Rillaboom, L50, M|100\/100\n|-fieldstart|move: Grassy Terrain|[from] ability: Grassy Surge|[of] p2b: Rillaboom\n|turn|2\n|\n|t:|1700597357\n|move|p1a: Urshifu|Close Combat|p2b: Rillaboom\n|-damage|p2b: Rillaboom|45\/100\n|-unboost|p1a: Urshifu|def|1\n|-unboost|p1a: Urshifu|spd|1\n|move|p2a: Moltres|Fiery Wrath|p1b: Farigiraf|[spread] p1a,p1b\n|-supereffective|p1b: Farigiraf\n|-crit|p1b: Farigiraf\n|-damage|p1a: Urshifu|0 fnt\n|-damage|p1b: Farigiraf|19\/100\n|faint|p1a: Urshifu\n|move|p2b: Rillaboom|Wood Hammer|p1b: Farigiraf\n|-damage|p1b: Farigiraf|0 fnt\n|-damage|p2b: Rillaboom|29\/100|[from] item: Rocky Helmet|[of] p1b: Farigiraf\n|faint|p1b: Farigiraf\n|-damage|p2b: Rillaboom|22\/100|[from] Recoil\n|\n|-heal|p2a: Moltres|99\/100|[from] Grassy Terrain\n|-heal|p2b: Rillaboom|28\/100|[from] Grassy Terrain\n|upkeep\n|\n|t:|1700597373\n|switch|p1a: Flutter Mane|Flutter Mane, L50|100\/100\n|switch|p1b: Landorus|Landorus-Therian, L50, M|100\/100\n|-ability|p1b: Landorus|Intimidate|boost\n|-unboost|p2a: Moltres|atk|1\n|-unboost|p2b: Rillaboom|atk|1\n|turn|3\n|inactive|RENANBERNARDO has 30 seconds left.\n|inactive|RENANBERNARDO has 20 seconds left.\n|inactive|RENANBERNARDO has 15 seconds left.\n|inactive|RENANBERNARDO has 10 seconds left.\n|\n|t:|1700597422\n|move|p2a: Moltres|Protect|p2a: Moltres\n|-singleturn|p2a: Moltres|Protect\n|move|p2b: Rillaboom|Grassy Glide|p1a: Flutter Mane\n|-damage|p1a: Flutter Mane|47\/100\n|move|p1b: Landorus|Stomping Tantrum|p2b: Rillaboom\n|-resisted|p2b: Rillaboom\n|-damage|p2b: Rillaboom|10\/100\n|move|p1a: Flutter Mane|Moonblast|p2a: Moltres\n|-activate|p2a: Moltres|move: Protect\n|\n|-heal|p1a: Flutter Mane|53\/100|[from] Grassy Terrain\n|-heal|p2a: Moltres|100\/100|[from] Grassy Terrain\n|-heal|p2b: Rillaboom|16\/100|[from] Grassy Terrain\n|upkeep\n|turn|4\n|\n|t:|1700597442\n|move|p2b: Rillaboom|Grassy Glide|p1a: Flutter Mane\n|-damage|p1a: Flutter Mane|1\/100\n|move|p1b: Landorus|Stomping Tantrum|p2b: Rillaboom\n|-resisted|p2b: Rillaboom\n|-damage|p2b: Rillaboom|0 fnt\n|faint|p2b: Rillaboom\n|move|p1a: Flutter Mane|Moonblast|p2a: Moltres\n|-resisted|p2a: Moltres\n|-damage|p2a: Moltres|80\/100\n|-unboost|p2a: Moltres|spa|1\n|move|p2a: Moltres|Fiery Wrath|p1a: Flutter Mane|[spread] p1a,p1b\n|-damage|p1a: Flutter Mane|0 fnt\n|-damage|p1b: Landorus|79\/100\n|faint|p1a: Flutter Mane\n|-end|p1a: Flutter Mane|Protosynthesis|[silent]\n|\n|-heal|p2a: Moltres|86\/100|[from] Grassy Terrain\n|upkeep\n|\n|t:|1700597454\n|switch|p2b: Sinistcha|Sinistcha, L50|100\/100\n|-heal|p2a: Moltres|100\/100|[from] ability: Hospitality|[of] p2b: Sinistcha\n|turn|5\n|\n|t:|1700597461\n|move|p2b: Sinistcha|Rage Powder|p2b: Sinistcha\n|-singleturn|p2b: Sinistcha|move: Rage Powder\n|move|p1b: Landorus|Stomping Tantrum|p2b: Sinistcha\n|-resisted|p2b: Sinistcha\n|-damage|p2b: Sinistcha|82\/100\n|-damage|p1b: Landorus|63\/100|[from] item: Rocky Helmet|[of] p2b: Sinistcha\n|move|p2a: Moltres|Nasty Plot|p2a: Moltres\n|-boost|p2a: Moltres|spa|2\n|\n|-heal|p2b: Sinistcha|88\/100|[from] Grassy Terrain\n|upkeep\n|turn|6\n|c|\u2606RENANBERNARDO|g\n|c|\u2606RENANBERNARDO|gg\n|\n|t:|1700597473\n|move|p1b: Landorus|Stomping Tantrum|p2b: Sinistcha\n|-resisted|p2b: Sinistcha\n|-damage|p2b: Sinistcha|70\/100\n|-damage|p1b: Landorus|46\/100|[from] item: Rocky Helmet|[of] p2b: Sinistcha\n|move|p2a: Moltres|Fiery Wrath|p1b: Landorus\n|-damage|p1b: Landorus|0 fnt\n|faint|p1b: Landorus\n|\n|win|TobiYume\n|c|\u2606TobiYume|gg\n|l|\u2606RENANBERNARDO\n","uploadtime":1700597497,"views":0,"p1id":"renanbernardo","p2id":"tobiyume","formatid":"gen9vgc2023regulatione","rating":0,"private":0,"password":""}