{"id":"gen9vgc2023regulatione-1996393464","p1":"peLLaSvgc","p2":"L-DNSZ","format":"[Gen 9] VGC 2023 Regulation E","log":"|j|\u2606peLLaSvgc\n|j|\u2606L-DNSZ\n|t:|1700677785\n|gametype|doubles\n|player|p1|peLLaSvgc|265|1124\n|player|p2|L-DNSZ|hilbert-wonderlauncher|1135\n|teamsize|p1|6\n|teamsize|p2|6\n|gen|9\n|tier|[Gen 9] VGC 2023 Regulation E\n|rated|\n|rule|Species Clause: Limit one of each Pok\u00e9mon\n|rule|Item Clause: Limit one of each item\n|clearpoke\n|poke|p1|Iron Hands, L50|\n|poke|p1|Arcanine-Hisui, L50, F|\n|poke|p1|Amoonguss, L50, M|\n|poke|p1|Salamence, L50, F|\n|poke|p1|Urshifu-*, L50, F|\n|poke|p1|Flutter Mane, L50|\n|poke|p2|Ogerpon-Hearthflame, L50, F|\n|poke|p2|Flutter Mane, L50|\n|poke|p2|Kingambit, L50, M|\n|poke|p2|Tornadus, L50, M|\n|poke|p2|Chien-Pao, L50|\n|poke|p2|Amoonguss, L50, F|\n|teampreview|4\n|inactive|Battle timer is ON: inactive players will automatically lose when time's up. (requested by peLLaSvgc)\n|inactive|L-DNSZ has 60 seconds left.\n|\n|t:|1700677839\n|start\n|switch|p1a: Iron Hands|Iron Hands, L50|100\/100\n|switch|p1b: Arcanine|Arcanine-Hisui, L50, F|100\/100\n|switch|p2a: Flutter Mane|Flutter Mane, L50|100\/100\n|switch|p2b: Tornadus|Tornadus, L50, M|100\/100\n|-enditem|p2a: Flutter Mane|Booster Energy\n|-activate|p2a: Flutter Mane|ability: Protosynthesis|[fromitem]\n|-start|p2a: Flutter Mane|protosynthesisspa\n|turn|1\n|inactive|L-DNSZ has 30 seconds left.\n|\n|t:|1700677866\n|-terastallize|p2a: Flutter Mane|Fairy\n|-terastallize|p1a: Iron Hands|Water\n|move|p2b: Tornadus|Tailwind|p2b: Tornadus\n|-sidestart|p2: L-DNSZ|move: Tailwind\n|move|p2a: Flutter Mane|Dazzling Gleam|p1b: Arcanine|[spread] p1a,p1b\n|-resisted|p1b: Arcanine\n|-damage|p1a: Iron Hands|70\/100\n|-damage|p1b: Arcanine|73\/100\n|move|p1b: Arcanine|Rock Slide|p2b: Tornadus|[spread] p2a,p2b\n|-supereffective|p2b: Tornadus\n|-damage|p2a: Flutter Mane|46\/100\n|-damage|p2b: Tornadus|0 fnt\n|faint|p2b: Tornadus\n|-damage|p1b: Arcanine|63\/100|[from] item: Life Orb\n|move|p1a: Iron Hands|Heavy Slam|p2a: Flutter Mane\n|-supereffective|p2a: Flutter Mane\n|-damage|p2a: Flutter Mane|0 fnt\n|faint|p2a: Flutter Mane\n|-end|p2a: Flutter Mane|Protosynthesis|[silent]\n|\n|upkeep\n|\n|t:|1700677889\n|switch|p2a: Chien-Pao|Chien-Pao, L50|100\/100\n|switch|p2b: Ogerpon|Ogerpon-Hearthflame, L50, F|100\/100\n|-ability|p2a: Chien-Pao|Sword of Ruin\n|-ability|p2b: Ogerpon|Mold Breaker\n|turn|2\n|\n|t:|1700677906\n|move|p2a: Chien-Pao|Sacred Sword|p1b: Arcanine\n|-supereffective|p1b: Arcanine\n|-damage|p1b: Arcanine|0 fnt\n|faint|p1b: Arcanine\n|move|p2b: Ogerpon|Play Rough|p1a: Iron Hands\n|-damage|p1a: Iron Hands|39\/100\n|-unboost|p1a: Iron Hands|atk|1\n|move|p1a: Iron Hands|Drain Punch|p2b: Ogerpon\n|-damage|p2b: Ogerpon|50\/100\n|-heal|p1a: Iron Hands|56\/100|[from] drain|[of] p2b: Ogerpon\n|\n|upkeep\n|\n|t:|1700677921\n|switch|p1b: Salamence|Salamence, L50, F|100\/100\n|-ability|p1b: Salamence|Intimidate|boost\n|-unboost|p2a: Chien-Pao|atk|1\n|-unboost|p2b: Ogerpon|atk|1\n|turn|3\n|\n|t:|1700677944\n|move|p2a: Chien-Pao|Ice Spinner|p1b: Salamence\n|-supereffective|p1b: Salamence\n|-damage|p1b: Salamence|0 fnt\n|-damage|p2a: Chien-Pao|84\/100|[from] item: Rocky Helmet|[of] p1b: Salamence\n|faint|p1b: Salamence\n|move|p2b: Ogerpon|Wood Hammer|p1a: Iron Hands\n|-supereffective|p1a: Iron Hands\n|-damage|p1a: Iron Hands|0 fnt\n|faint|p1a: Iron Hands\n|-end|p1a: Iron Hands|Quark Drive|[silent]\n|-damage|p2b: Ogerpon|22\/100|[from] Recoil\n|\n|upkeep\n|\n|t:|1700677956\n|switch|p1a: Urshifu|Urshifu, L50, F|100\/100\n|turn|4\n|\n|t:|1700677968\n|move|p1a: Urshifu|Sucker Punch|p2b: Ogerpon\n|-damage|p2b: Ogerpon|0 fnt\n|faint|p2b: Ogerpon\n|move|p2a: Chien-Pao|Sacred Sword|p1a: Urshifu\n|-supereffective|p1a: Urshifu\n|-damage|p1a: Urshifu|48\/100\n|\n|-sideend|p2: L-DNSZ|move: Tailwind\n|upkeep\n|turn|5\n|\n|t:|1700677979\n|move|p1a: Urshifu|Detect|p1a: Urshifu\n|-singleturn|p1a: Urshifu|Protect\n|move|p2a: Chien-Pao|Sacred Sword|p1a: Urshifu\n|-activate|p1a: Urshifu|move: Protect\n|\n|upkeep\n|turn|6\n|\n|t:|1700677989\n|move|p2a: Chien-Pao|Sacred Sword|p1a: Urshifu\n|-supereffective|p1a: Urshifu\n|-damage|p1a: Urshifu|0 fnt\n|faint|p1a: Urshifu\n|\n|win|L-DNSZ\n|raw|peLLaSvgc's rating: 1124 &rarr; <strong>1100<\/strong><br \/>(-24 for losing)\n|raw|L-DNSZ's rating: 1135 &rarr; <strong>1159<\/strong><br \/>(+24 for winning)\n|l|\u2606peLLaSvgc\n","uploadtime":1700678181,"views":6,"p1id":"pellasvgc","p2id":"ldnsz","formatid":"gen9vgc2023regulatione","rating":1100,"private":0,"password":""}