{"id":"gen9vgc2023regulatione-1989748414","p1":"boi in the back","p2":"dariovader08","format":"[Gen 9] VGC 2023 Regulation E","log":"|j|\u2606boi in the back\n|j|\u2606dariovader08\n|t:|1699892405\n|gametype|doubles\n|player|p1|boi in the back|peony|1050\n|player|p2|dariovader08|266|1130\n|teamsize|p1|6\n|teamsize|p2|6\n|gen|9\n|tier|[Gen 9] VGC 2023 Regulation E\n|rated|\n|rule|Species Clause: Limit one of each Pok\u00e9mon\n|rule|Item Clause: Limit one of each item\n|clearpoke\n|poke|p1|Articuno-Galar, L50|\n|poke|p1|Chansey, L50, F|\n|poke|p1|Appletun, L50, F|\n|poke|p1|Cresselia, L50, F|\n|poke|p1|Ursaluna, L50, F|\n|poke|p1|Kingambit, L50, M|\n|poke|p2|Volcarona, L50, F|\n|poke|p2|Amoonguss, L50, F|\n|poke|p2|Arcanine-Hisui, L50, M|\n|poke|p2|Lilligant-Hisui, L50, F|\n|poke|p2|Ogerpon-Wellspring, L50, F|\n|poke|p2|Grimmsnarl, L50, M|\n|teampreview|4\n|inactive|Battle timer is ON: inactive players will automatically lose when time's up. (requested by boi in the back)\n|\n|t:|1699892433\n|start\n|switch|p1a: Articuno|Articuno-Galar, L50|100\/100\n|switch|p1b: Chansey|Chansey, L50, F, shiny|100\/100\n|switch|p2a: Grimmsnarl|Grimmsnarl, L50, M|100\/100\n|switch|p2b: Lilligant|Lilligant-Hisui, L50, F|100\/100\n|turn|1\n|inactive|dariovader08 has 30 seconds left.\n|\n|t:|1699892458\n|-terastallize|p1a: Articuno|Electric\n|move|p2a: Grimmsnarl|Fake Out|p1a: Articuno\n|-damage|p1a: Articuno|88\/100\n|move|p2b: Lilligant|Petal Blizzard|p1b: Chansey|[spread] p2a,p1b\n|-miss|p2b: Lilligant|p1a: Articuno\n|-damage|p2a: Grimmsnarl|35\/100\n|-damage|p1b: Chansey|57\/100\n|move|p1b: Chansey|Bulldoze|p2a: Grimmsnarl|[spread] p1a,p2a,p2b\n|-supereffective|p1a: Articuno\n|-resisted|p2b: Lilligant\n|-damage|p1a: Articuno|83\/100\n|-damage|p2a: Grimmsnarl|33\/100\n|-damage|p2b: Lilligant|99\/100\n|-unboost|p1a: Articuno|spe|1\n|-unboost|p2a: Grimmsnarl|spe|1\n|-unboost|p2b: Lilligant|spe|1\n|-enditem|p1a: Articuno|Weakness Policy\n|-boost|p1a: Articuno|atk|2|[from] item: Weakness Policy\n|-boost|p1a: Articuno|spa|2|[from] item: Weakness Policy\n|cant|p1a: Articuno|flinch\n|\n|upkeep\n|turn|2\n|inactive|dariovader08 has 30 seconds left.\n|\n|t:|1699892485\n|switch|p2b: Volcarona|Volcarona, L50, F|100\/100\n|move|p2a: Grimmsnarl|Light Screen|p2a: Grimmsnarl\n|-sidestart|p2: dariovader08|move: Light Screen\n|move|p1b: Chansey|Soft-Boiled|p1b: Chansey\n|-heal|p1b: Chansey|100\/100\n|move|p1a: Articuno|Trick Room|p1a: Articuno\n|-fieldstart|move: Trick Room|[of] p1a: Articuno\n|\n|upkeep\n|turn|3\n|\n|t:|1699892504\n|move|p2a: Grimmsnarl|Reflect|p2a: Grimmsnarl\n|-sidestart|p2: dariovader08|Reflect\n|move|p1a: Articuno|Tera Blast|p2a: Grimmsnarl|[anim] Tera Blast Electric\n|-damage|p2a: Grimmsnarl|0 fnt\n|faint|p2a: Grimmsnarl\n|move|p1b: Chansey|Bulldoze|p2b: Volcarona|[spread] p1a,p2b\n|-supereffective|p1a: Articuno\n|-damage|p1a: Articuno|78\/100\n|-damage|p2b: Volcarona|98\/100\n|-unboost|p1a: Articuno|spe|1\n|-unboost|p2b: Volcarona|spe|1\n|move|p2b: Volcarona|Quiver Dance|p2b: Volcarona\n|-boost|p2b: Volcarona|spa|1\n|-boost|p2b: Volcarona|spd|1\n|-boost|p2b: Volcarona|spe|1\n|\n|upkeep\n|\n|t:|1699892521\n|switch|p2a: Lilligant|Lilligant-Hisui, L50, F|99\/100\n|turn|4\n|inactive|dariovader08 has 30 seconds left.\n|\n|t:|1699892555\n|move|p1b: Chansey|Helping Hand|p1a: Articuno\n|-singleturn|p1a: Articuno|Helping Hand|[of] p1b: Chansey\n|move|p1a: Articuno|Air Slash|p2b: Volcarona\n|-supereffective|p2b: Volcarona\n|-damage|p2b: Volcarona|0 fnt\n|faint|p2b: Volcarona\n|move|p2a: Lilligant|Petal Blizzard|p1a: Articuno|[spread] p1a,p1b\n|-damage|p1a: Articuno|6\/100\n|-damage|p1b: Chansey|54\/100\n|\n|upkeep\n|\n|t:|1699892565\n|switch|p2b: Ogerpon|Ogerpon-Wellspring, L50, F|100\/100\n|turn|5\n|\n|t:|1699892576\n|move|p2b: Ogerpon|Spiky Shield|p2b: Ogerpon\n|-singleturn|p2b: Ogerpon|move: Protect\n|move|p1a: Articuno|Air Slash|p2a: Lilligant|[miss]\n|-miss|p1a: Articuno|p2a: Lilligant\n|move|p1b: Chansey|Soft-Boiled|p1b: Chansey\n|-heal|p1b: Chansey|100\/100\n|move|p2a: Lilligant|Petal Blizzard|p1b: Chansey|[spread] p1a,p1b\n|-activate|p2b: Ogerpon|move: Protect\n|-crit|p1b: Chansey\n|-damage|p1a: Articuno|0 fnt\n|-damage|p1b: Chansey|32\/100\n|faint|p1a: Articuno\n|\n|upkeep\n|\n|t:|1699892585\n|switch|p1a: Appletun|Appletun, L50, F, shiny|100\/100\n|turn|6\n|inactive|dariovader08 has 30 seconds left.\n|inactive|dariovader08 has 20 seconds left.\n|\n|t:|1699892622\n|-terastallize|p2a: Lilligant|Grass\n|move|p2b: Ogerpon|Spiky Shield|p2b: Ogerpon\n|-singleturn|p2b: Ogerpon|move: Protect\n|move|p1a: Appletun|Apple Acid|p2a: Lilligant\n|-resisted|p2a: Lilligant\n|-damage|p2a: Lilligant|84\/100\n|-unboost|p2a: Lilligant|spd|1\n|move|p1b: Chansey|Soft-Boiled|p1b: Chansey\n|-heal|p1b: Chansey|83\/100\n|move|p2a: Lilligant|Petal Blizzard|p1b: Chansey|[spread] p1a,p1b\n|-activate|p2b: Ogerpon|move: Protect\n|-resisted|p1a: Appletun\n|-damage|p1a: Appletun|78\/100\n|-damage|p1b: Chansey|27\/100\n|\n|-fieldend|move: Trick Room\n|upkeep\n|turn|7\n|inactive|dariovader08 has 30 seconds left.\n|\n|t:|1699892648\n|move|p1b: Chansey|Helping Hand|p1a: Appletun\n|-singleturn|p1a: Appletun|Helping Hand|[of] p1b: Chansey\n|move|p2a: Lilligant|Petal Blizzard|p1a: Appletun|[spread] p2b,p1b\n|-miss|p2a: Lilligant|p1a: Appletun\n|-crit|p1b: Chansey\n|-damage|p2b: Ogerpon|45\/100\n|-damage|p1b: Chansey|0 fnt\n|faint|p1b: Chansey\n|move|p2b: Ogerpon|Ivy Cudgel|p1a: Appletun\n|-resisted|p1a: Appletun\n|-damage|p1a: Appletun|65\/100\n|move|p1a: Appletun|Apple Acid|p2a: Lilligant\n|-resisted|p2a: Lilligant\n|-damage|p2a: Lilligant|50\/100\n|-unboost|p2a: Lilligant|spd|1\n|\n|upkeep\n|\n|t:|1699892663\n|switch|p1b: Cresselia|Cresselia, L50, F|100\/100\n|turn|8\n|\n|t:|1699892667\n|move|p2b: Ogerpon|Spiky Shield|p2b: Ogerpon\n|-singleturn|p2b: Ogerpon|move: Protect\n|move|p2a: Lilligant|Petal Blizzard|p1b: Cresselia|[spread] p1a,p1b\n|-activate|p2b: Ogerpon|move: Protect\n|-resisted|p1a: Appletun\n|-damage|p1a: Appletun|42\/100\n|-damage|p1b: Cresselia|31\/100\n|-activate|p1a: Appletun|ability: Ripen\n|-enditem|p1a: Appletun|Sitrus Berry|[eat]\n|-heal|p1a: Appletun|92\/100|[from] item: Sitrus Berry\n|move|p1b: Cresselia|Future Sight|p2a: Lilligant\n|-start|p1b: Cresselia|move: Future Sight\n|move|p1a: Appletun|Recover|p1a: Appletun\n|-heal|p1a: Appletun|100\/100\n|\n|-heal|p1b: Cresselia|37\/100|[from] item: Leftovers\n|upkeep\n|turn|9\n|inactive|boi in the back has 30 seconds left.\n|inactive|dariovader08 has 30 seconds left.\n|\n|t:|1699892694\n|move|p2a: Lilligant|Petal Blizzard|p1b: Cresselia|[spread] p2b,p1a,p1b\n|-resisted|p1a: Appletun\n|-damage|p2b: Ogerpon|0 fnt\n|-damage|p1a: Appletun|79\/100\n|-damage|p1b: Cresselia|0 fnt\n|faint|p2b: Ogerpon\n|faint|p1b: Cresselia\n|move|p1a: Appletun|Apple Acid|p2a: Lilligant\n|-resisted|p2a: Lilligant\n|-damage|p2a: Lilligant|19\/100\n|-unboost|p2a: Lilligant|spd|1\n|\n|-sideend|p2: dariovader08|move: Light Screen\n|upkeep\n|turn|10\n|\n|t:|1699892706\n|move|p2a: Lilligant|Petal Blizzard|p1a: Appletun\n|-resisted|p1a: Appletun\n|-damage|p1a: Appletun|51\/100\n|move|p1a: Appletun|Recover|p1a: Appletun\n|-heal|p1a: Appletun|100\/100\n|\n|-end|p2a: Lilligant|move: Future Sight\n|-damage|p2a: Lilligant|0 fnt\n|faint|p2a: Lilligant\n|\n|win|boi in the back\n|upkeep\n|raw|boi in the back's rating: 1050 &rarr; <strong>1090<\/strong><br \/>(+40 for winning)\n|raw|dariovader08's rating: 1130 &rarr; <strong>1099<\/strong><br \/>(-31 for losing)\n","uploadtime":1699892715,"views":7,"p1id":"boiintheback","p2id":"dariovader08","formatid":"gen9vgc2023regulatione","rating":1090,"private":0,"password":""}