{"id":"gen9vgc2023regulatione-1999662732","p1":"MorningElegy","p2":"CouchLamp","format":"[Gen 9] VGC 2023 Regulation E","log":"|j|\u2606MorningElegy\n|j|\u2606CouchLamp\n|n|\u2606MorningElegy|morningelegy\n|n|\u2606CouchLamp|couchlamp\n|html|View the match progress at <a href=\"\/game-bestof3-gen9vgc2023regulatione-1999662731\">game-bestof3-gen9vgc2023regulatione-1999662731<\/a>\n|t:|1701105690\n|gametype|doubles\n|player|p1|MorningElegy|psychic-gen2|\n|player|p2|CouchLamp|steven|\n|teamsize|p1|6\n|teamsize|p2|6\n|gen|9\n|tier|[Gen 9] VGC 2023 Regulation E\n|rated|Tournament battle\n|rule|Species Clause: Limit one of each Pok\u00e9mon\n|rule|Item Clause: Limit one of each item\n|clearpoke\n|poke|p1|Urshifu-*, L50, F|\n|poke|p1|Gholdengo, L50|\n|poke|p1|Salamence, L50, M|\n|poke|p1|Politoed, L50, F|\n|poke|p1|Gothitelle, L50, M|\n|poke|p1|Amoonguss, L50, F|\n|poke|p2|Chien-Pao, L50|\n|poke|p2|Dragonite, L50, F|\n|poke|p2|Urshifu-*, L50, M|\n|poke|p2|Rillaboom, L50, M|\n|poke|p2|Heatran, L50, F|\n|poke|p2|Farigiraf, L50, M|\n|teampreview|4\n|showteam|p1|Urshifu-Rapid-Strike||ChoiceScarf|UnseenFist|SurgingStrikes,CloseCombat,Uturn,AquaJet|||F|||50|,,,,,Water]Gholdengo||MetalCoat|GoodasGold|MakeItRain,ShadowBall,NastyPlot,Protect||||||50|,,,,,Dragon]Salamence||CovertCloak|Intimidate|DracoMeteor,Hurricane,Tailwind,Protect|||M|||50|,,,,,Flying]Politoed||DampRock|Drizzle|MuddyWater,PerishSong,Encore,Protect|||F|||50|,,,,,Dark]Gothitelle||SitrusBerry|ShadowTag|Psychic,FakeOut,TrickRoom,Protect|||M|||50|,,,,,Fairy]Amoonguss||RockyHelmet|Regenerator|PollenPuff,Spore,RagePowder,Protect|||F|||50|,,,,,Water\n|showteam|p2|Chien-Pao||FocusSash|SwordofRuin|SuckerPunch,Protect,IcicleCrash,SacredSword||||||50|,,,,,Ghost]Dragonite||ChoiceBand|InnerFocus|ExtremeSpeed,Outrage,StompingTantrum,IceSpinner|||F|||50|,,,,,Normal]Urshifu-Rapid-Strike||ChoiceScarf|UnseenFist|SurgingStrikes,RockSlide,CloseCombat,Uturn|||M|||50|,,,,,Water]Rillaboom||MiracleSeed|GrassySurge|FakeOut,Protect,WoodHammer,GrassyGlide|||M|||50|,,,,,Fire]Heatran||AssaultVest|FlashFire|HeatWave,FlashCannon,TeraBlast,EarthPower|||F|||50|,,,,,Fairy]Farigiraf||RockyHelmet|ArmorTail|Psychic,HelpingHand,TrickRoom,DazzlingGleam|||M|||50|,,,,,Fairy\n|j| GreenMachine798\n|c|\u2606CouchLamp|glhf\n|\n|t:|1701105794\n|start\n|switch|p1a: K\u00f6zi|Gholdengo, L50|100\/100\n|switch|p1b: Tetsu|Amoonguss, L50, F, shiny|100\/100\n|switch|p2a: Chien-Pao|Chien-Pao, L50|100\/100\n|switch|p2b: Dragonite|Dragonite, L50, F|100\/100\n|-ability|p2a: Chien-Pao|Sword of Ruin\n|turn|1\n|\n|t:|1701105824\n|-terastallize|p1b: Tetsu|Water\n|move|p2a: Chien-Pao|Protect|p2a: Chien-Pao\n|-singleturn|p2a: Chien-Pao|Protect\n|move|p1b: Tetsu|Rage Powder|p1b: Tetsu\n|-singleturn|p1b: Tetsu|move: Rage Powder\n|move|p1a: K\u00f6zi|Nasty Plot|p1a: K\u00f6zi\n|-boost|p1a: K\u00f6zi|spa|2\n|move|p2b: Dragonite|Outrage|p1b: Tetsu\n|-damage|p1b: Tetsu|0 fnt\n|-damage|p2b: Dragonite|84\/100|[from] item: Rocky Helmet|[of] p1b: Tetsu\n|faint|p1b: Tetsu\n|\n|upkeep\n|\n|t:|1701105846\n|switch|p1b: Urshifu|Urshifu-Rapid-Strike, L50, F|100\/100\n|turn|2\n|\n|t:|1701105862\n|move|p2a: Chien-Pao|Sucker Punch|p1a: K\u00f6zi\n|-supereffective|p1a: K\u00f6zi\n|-damage|p1a: K\u00f6zi|16\/100\n|move|p1b: Urshifu|Surging Strikes|p2a: Chien-Pao\n|-crit|p2a: Chien-Pao\n|-damage|p2a: Chien-Pao|71\/100\n|-crit|p2a: Chien-Pao\n|-damage|p2a: Chien-Pao|41\/100\n|-crit|p2a: Chien-Pao\n|-damage|p2a: Chien-Pao|12\/100\n|-hitcount|p2a: Chien-Pao|3\n|move|p1a: K\u00f6zi|Shadow Ball|p2b: Dragonite\n|-damage|p2b: Dragonite|4\/100\n|move|p2b: Dragonite|Outrage|p1a: K\u00f6zi|[from]lockedmove\n|-resisted|p1a: K\u00f6zi\n|-damage|p1a: K\u00f6zi|0 fnt\n|faint|p1a: K\u00f6zi\n|-start|p2b: Dragonite|confusion|[fatigue]\n|\n|upkeep\n|\n|t:|1701105876\n|switch|p1a: Kami|Politoed, L50, F|100\/100\n|-weather|RainDance|[from] ability: Drizzle|[of] p1a: Kami\n|turn|3\n|\n|t:|1701105885\n|move|p2a: Chien-Pao|Sucker Punch|p1b: Urshifu\n|-resisted|p1b: Urshifu\n|-damage|p1b: Urshifu|75\/100\n|move|p1b: Urshifu|Surging Strikes|p2b: Dragonite\n|-resisted|p2b: Dragonite\n|-crit|p2b: Dragonite\n|-damage|p2b: Dragonite|0 fnt\n|faint|p2b: Dragonite\n|-hitcount|p2: Dragonite|1\n|move|p1a: Kami|Muddy Water|p2a: Chien-Pao\n|-damage|p2a: Chien-Pao|0 fnt\n|faint|p2a: Chien-Pao\n|\n|-weather|RainDance|[upkeep]\n|upkeep\n|\n|t:|1701105894\n|switch|p2a: Heatran|Heatran, L50, F|100\/100\n|switch|p2b: Rillaboom|Rillaboom, L50, M|100\/100\n|-fieldstart|move: Grassy Terrain|[from] ability: Grassy Surge|[of] p2b: Rillaboom\n|turn|4\n|l| GreenMachine798\n|\n|t:|1701105923\n|-terastallize|p2a: Heatran|Fairy\n|move|p2b: Rillaboom|Fake Out|p1b: Urshifu\n|-damage|p1b: Urshifu|61\/100\n|cant|p1b: Urshifu|flinch\n|move|p1a: Kami|Encore|p2b: Rillaboom\n|-start|p2b: Rillaboom|Encore\n|move|p2a: Heatran|Earth Power|p1a: Kami\n|-damage|p1a: Kami|73\/100\n|\n|-weather|RainDance|[upkeep]\n|-heal|p1b: Urshifu|67\/100|[from] Grassy Terrain\n|-heal|p1a: Kami|79\/100|[from] Grassy Terrain\n|upkeep\n|turn|5\n|\n|t:|1701105942\n|move|p2b: Rillaboom|Fake Out||[still]\n|-hint|Fake Out only works on your first turn out.\n|-fail|p2b: Rillaboom\n|move|p1b: Urshifu|Surging Strikes|p2a: Heatran\n|-crit|p2a: Heatran\n|-damage|p2a: Heatran|72\/100\n|-crit|p2a: Heatran\n|-damage|p2a: Heatran|44\/100\n|-crit|p2a: Heatran\n|-damage|p2a: Heatran|14\/100\n|-hitcount|p2a: Heatran|3\n|move|p1a: Kami|Muddy Water|p2b: Rillaboom|[spread] p2a,p2b\n|-resisted|p2b: Rillaboom\n|-damage|p2a: Heatran|0 fnt\n|-damage|p2b: Rillaboom|82\/100\n|faint|p2a: Heatran\n|\n|-weather|RainDance|[upkeep]\n|-heal|p1b: Urshifu|73\/100|[from] Grassy Terrain\n|-heal|p2b: Rillaboom|88\/100|[from] Grassy Terrain\n|-heal|p1a: Kami|85\/100|[from] Grassy Terrain\n|upkeep\n|turn|6\n|\n|t:|1701105955\n|move|p2b: Rillaboom|Fake Out||[still]\n|-hint|Fake Out only works on your first turn out.\n|-fail|p2b: Rillaboom\n|move|p1b: Urshifu|Surging Strikes|p2b: Rillaboom\n|-resisted|p2b: Rillaboom\n|-crit|p2b: Rillaboom\n|-damage|p2b: Rillaboom|73\/100\n|-resisted|p2b: Rillaboom\n|-crit|p2b: Rillaboom\n|-damage|p2b: Rillaboom|57\/100\n|-resisted|p2b: Rillaboom\n|-crit|p2b: Rillaboom\n|-damage|p2b: Rillaboom|42\/100\n|-hitcount|p2b: Rillaboom|3\n|move|p1a: Kami|Perish Song|p1a: Kami\n|-start|p1a: Kami|perish3|[silent]\n|-start|p1b: Urshifu|perish3|[silent]\n|-start|p2b: Rillaboom|perish3|[silent]\n|-fieldactivate|move: Perish Song\n|\n|-weather|RainDance|[upkeep]\n|-heal|p1b: Urshifu|79\/100|[from] Grassy Terrain\n|-heal|p2b: Rillaboom|48\/100|[from] Grassy Terrain\n|-heal|p1a: Kami|91\/100|[from] Grassy Terrain\n|-start|p1b: Urshifu|perish3\n|-start|p2b: Rillaboom|perish3\n|-start|p1a: Kami|perish3\n|upkeep\n|turn|7\n|\n|t:|1701105962\n|move|p2b: Rillaboom|Fake Out||[still]\n|-hint|Fake Out only works on your first turn out.\n|-fail|p2b: Rillaboom\n|move|p1b: Urshifu|Surging Strikes|p2b: Rillaboom\n|-resisted|p2b: Rillaboom\n|-crit|p2b: Rillaboom\n|-damage|p2b: Rillaboom|31\/100\n|-resisted|p2b: Rillaboom\n|-crit|p2b: Rillaboom\n|-damage|p2b: Rillaboom|15\/100\n|-resisted|p2b: Rillaboom\n|-crit|p2b: Rillaboom\n|-damage|p2b: Rillaboom|0 fnt\n|faint|p2b: Rillaboom\n|-hitcount|p2: Rillaboom|3\n|\n|win|MorningElegy\n|c|&|\/uhtml prompt-couchlamp,CouchLamp is ready for game 2!\n|inactive|MorningElegy has 50 seconds to confirm battle start!\n|inactive|MorningElegy has 39 seconds to confirm battle start!\n","uploadtime":1701105990,"views":5,"p1id":"morningelegy","p2id":"couchlamp","formatid":"gen9vgc2023regulatione","rating":0,"private":0,"password":""}