{"id":"gen9vgc2023regulatione-1998309119","p1":"newusernovice","p2":"MaChmp","format":"[Gen 9] VGC 2023 Regulation E","log":"|j|\u2606newusernovice\n|j|\u2606MaChmp\n|t:|1700927705\n|gametype|doubles\n|player|p1|newusernovice|brawly|1399\n|player|p2|MaChmp|169|1297\n|teamsize|p1|6\n|teamsize|p2|6\n|gen|9\n|tier|[Gen 9] VGC 2023 Regulation E\n|rated|\n|rule|Species Clause: Limit one of each Pok\u00e9mon\n|rule|Item Clause: Limit one of each item\n|clearpoke\n|poke|p1|Tornadus, L50, M|\n|poke|p1|Flutter Mane, L50|\n|poke|p1|Rillaboom, L50, M|\n|poke|p1|Ogerpon-Hearthflame, L50, F|\n|poke|p1|Arcanine-Hisui, L50, M|\n|poke|p1|Urshifu-*, L50, M|\n|poke|p2|Moltres-Galar, L50|\n|poke|p2|Sinistcha-Masterpiece, L50|\n|poke|p2|Landorus-Therian, L50, M|\n|poke|p2|Iron Hands, L50|\n|poke|p2|Heatran, L50, F|\n|poke|p2|Milotic, L50, F|\n|teampreview|4\n|inactive|Battle timer is ON: inactive players will automatically lose when time's up. (requested by newusernovice)\n|\n|t:|1700927732\n|start\n|switch|p1a: Flutter Mane|Flutter Mane, L50, shiny|100\/100\n|switch|p1b: Rillaboom|Rillaboom, L50, M|100\/100\n|switch|p2a: Iron Hands|Iron Hands, L50|100\/100\n|switch|p2b: Landorus|Landorus-Therian, L50, M|100\/100\n|-ability|p2b: Landorus|Intimidate|boost\n|-unboost|p1a: Flutter Mane|atk|1\n|-unboost|p1b: Rillaboom|atk|1\n|-fieldstart|move: Grassy Terrain|[from] ability: Grassy Surge|[of] p1b: Rillaboom\n|-enditem|p1a: Flutter Mane|Booster Energy\n|-activate|p1a: Flutter Mane|ability: Protosynthesis|[fromitem]\n|-start|p1a: Flutter Mane|protosynthesisspa\n|turn|1\n|inactive|newusernovice has 30 seconds left.\n|inactive|MaChmp has 30 seconds left.\n|\n|t:|1700927765\n|-terastallize|p2b: Landorus|Flying\n|move|p1b: Rillaboom|Fake Out|p2b: Landorus\n|-damage|p2b: Landorus|86\/100\n|-damage|p1b: Rillaboom|91\/100|[from] item: Life Orb\n|cant|p2b: Landorus|flinch\n|move|p1a: Flutter Mane|Moonblast|p2b: Landorus\n|-damage|p2b: Landorus|5\/100\n|move|p2a: Iron Hands|Heavy Slam|p1a: Flutter Mane\n|-supereffective|p1a: Flutter Mane\n|-damage|p1a: Flutter Mane|0 fnt\n|faint|p1a: Flutter Mane\n|-end|p1a: Flutter Mane|Protosynthesis|[silent]\n|\n|-heal|p1b: Rillaboom|97\/100|[from] Grassy Terrain\n|upkeep\n|\n|t:|1700927782\n|switch|p1a: Ogerpon|Ogerpon-Hearthflame, L50, F|100\/100\n|-ability|p1a: Ogerpon|Mold Breaker\n|turn|2\n|\n|t:|1700927795\n|-terastallize|p1a: Ogerpon|Fire\n|detailschange|p1a: Ogerpon|Ogerpon-Hearthflame-Tera, L50, F, tera:Fire\n|-ability|p1a: Ogerpon|Embody Aspect (Hearthflame)|boost\n|-boost|p1a: Ogerpon|atk|1\n|move|p1b: Rillaboom|Grassy Glide|p2b: Landorus\n|-resisted|p2b: Landorus\n|-damage|p2b: Landorus|0 fnt\n|faint|p2b: Landorus\n|-damage|p1b: Rillaboom|87\/100|[from] item: Life Orb\n|move|p1a: Ogerpon|Ivy Cudgel|p2a: Iron Hands|[anim] Ivy Cudgel Fire\n|-damage|p2a: Iron Hands|13\/100\n|move|p2a: Iron Hands|Drain Punch|p1a: Ogerpon\n|-damage|p1a: Ogerpon|52\/100\n|-heal|p2a: Iron Hands|32\/100|[from] drain|[of] p1a: Ogerpon\n|\n|-heal|p1a: Ogerpon|58\/100|[from] Grassy Terrain\n|-heal|p1b: Rillaboom|93\/100|[from] Grassy Terrain\n|-heal|p2a: Iron Hands|38\/100|[from] Grassy Terrain\n|upkeep\n|\n|t:|1700927813\n|switch|p2b: Moltres|Moltres-Galar, L50|100\/100\n|turn|3\n|inactive|newusernovice has 30 seconds left.\n|\n|t:|1700927840\n|move|p1a: Ogerpon|Grassy Glide|p2a: Iron Hands\n|-damage|p2a: Iron Hands|0 fnt\n|faint|p2a: Iron Hands\n|-end|p2a: Iron Hands|Quark Drive|[silent]\n|move|p1b: Rillaboom|Grassy Glide|p2b: Moltres\n|-resisted|p2b: Moltres\n|-damage|p2b: Moltres|84\/100\n|-damage|p1b: Rillaboom|84\/100|[from] item: Life Orb\n|move|p2b: Moltres|Fiery Wrath|p1b: Rillaboom|[spread] p1a,p1b\n|-damage|p1a: Ogerpon|33\/100\n|-damage|p1b: Rillaboom|48\/100\n|\n|-heal|p1a: Ogerpon|38\/100|[from] Grassy Terrain\n|-heal|p1b: Rillaboom|54\/100|[from] Grassy Terrain\n|upkeep\n|\n|t:|1700927853\n|switch|p2a: Sinistcha|Sinistcha-Masterpiece, L50|100\/100\n|-heal|p2b: Moltres|100\/100|[from] ability: Hospitality|[of] p2a: Sinistcha\n|turn|4\n|\n|t:|1700927872\n|move|p1a: Ogerpon|Ivy Cudgel|p2a: Sinistcha|[anim] Ivy Cudgel Fire\n|-supereffective|p2a: Sinistcha\n|-damage|p2a: Sinistcha|0 fnt\n|faint|p2a: Sinistcha\n|move|p2b: Moltres|Fiery Wrath|p1a: Ogerpon|[spread] p1a,p1b\n|-damage|p1a: Ogerpon|14\/100\n|-damage|p1b: Rillaboom|20\/100\n|move|p1b: Rillaboom|High Horsepower|p2b: Moltres\n|-immune|p2b: Moltres\n|\n|-heal|p1a: Ogerpon|20\/100|[from] Grassy Terrain\n|-heal|p1b: Rillaboom|27\/100|[from] Grassy Terrain\n|upkeep\n|turn|5\n|\n|t:|1700927884\n|move|p1b: Rillaboom|Grassy Glide|p2b: Moltres\n|-resisted|p2b: Moltres\n|-damage|p2b: Moltres|85\/100\n|-damage|p1b: Rillaboom|17\/100|[from] item: Life Orb\n|move|p1a: Ogerpon|Ivy Cudgel|p2b: Moltres|[anim] Ivy Cudgel Fire\n|-damage|p2b: Moltres|0 fnt\n|faint|p2b: Moltres\n|\n|win|newusernovice\n|raw|newusernovice's rating: 1399 &rarr; <strong>1413<\/strong><br \/>(+14 for winning)\n|raw|MaChmp's rating: 1297 &rarr; <strong>1279<\/strong><br \/>(-18 for losing)\n|l|\u2606MaChmp\n","uploadtime":1700927910,"views":6,"p1id":"newusernovice","p2id":"machmp","formatid":"gen9vgc2023regulatione","rating":1279,"private":0,"password":""}