{"id":"gen9vgc2023regulatione-1996831517","p1":"Mortipherus","p2":"Rock090","format":"[Gen 9] VGC 2023 Regulation E","log":"|j|\u2606Mortipherus\n|j|\u2606Rock090\n|t:|1700732365\n|gametype|doubles\n|player|p1|Mortipherus|biker-gen4|1439\n|player|p2|Rock090|265|1380\n|teamsize|p1|6\n|teamsize|p2|6\n|gen|9\n|tier|[Gen 9] VGC 2023 Regulation E\n|rated|\n|rule|Species Clause: Limit one of each Pok\u00e9mon\n|rule|Item Clause: Limit one of each item\n|clearpoke\n|poke|p1|Gholdengo, L50|\n|poke|p1|Roaring Moon, L50|\n|poke|p1|Iron Hands, L50|\n|poke|p1|Ogerpon-Hearthflame, L50, F|\n|poke|p1|Landorus-Therian, L50, M|\n|poke|p1|Flutter Mane, L50|\n|poke|p2|Weezing, L50, M|\n|poke|p2|Flutter Mane, L50|\n|poke|p2|Iron Hands, L50|\n|poke|p2|Roaring Moon, L50|\n|poke|p2|Ogerpon-Wellspring, L50, F|\n|poke|p2|Landorus-Therian, L50, M|\n|teampreview|4\nMortipherus has agreed to open team sheets.\n|inactive|Battle timer is ON: inactive players will automatically lose when time's up. (requested by Mortipherus)\n|\n|t:|1700732405\n|start\n|switch|p1a: Landorus|Landorus-Therian, L50, M|100\/100\n|switch|p1b: Roaring Moon|Roaring Moon, L50, shiny|100\/100\n|switch|p2a: Landorus|Landorus-Therian, L50, M|100\/100\n|switch|p2b: Ogerpon|Ogerpon-Wellspring, L50, F|100\/100\n|-ability|p2a: Landorus|Intimidate|boost\n|-unboost|p1a: Landorus|atk|1\n|-unboost|p1b: Roaring Moon|atk|1\n|-ability|p1a: Landorus|Intimidate|boost\n|-unboost|p2a: Landorus|atk|1\n|-unboost|p2b: Ogerpon|atk|1\n|-enditem|p1b: Roaring Moon|Booster Energy\n|-activate|p1b: Roaring Moon|ability: Protosynthesis|[fromitem]\n|-start|p1b: Roaring Moon|protosynthesisspe\n|turn|1\n|inactive|Mortipherus has 30 seconds left.\n|\n|t:|1700732434\n|-terastallize|p1a: Landorus|Flying\n|move|p1b: Roaring Moon|Acrobatics|p2b: Ogerpon\n|-supereffective|p2b: Ogerpon\n|-damage|p2b: Ogerpon|41\/100\n|move|p2a: Landorus|Stomping Tantrum|p1a: Landorus\n|-immune|p1a: Landorus\n|move|p1a: Landorus|Tera Blast|p2b: Ogerpon|[anim] Tera Blast Flying\n|-supereffective|p2b: Ogerpon\n|-damage|p2b: Ogerpon|0 fnt\n|faint|p2b: Ogerpon\n|\n|upkeep\n|\n|t:|1700732443\n|switch|p2b: Iron Hands|Iron Hands, L50|100\/100\n|turn|2\n|\n|t:|1700732459\n|switch|p1a: Ogerpon|Ogerpon-Hearthflame, L50, F|100\/100\n|-ability|p1a: Ogerpon|Mold Breaker\n|move|p1b: Roaring Moon|Protect|p1b: Roaring Moon\n|-singleturn|p1b: Roaring Moon|Protect\n|move|p2b: Iron Hands|Fake Out|p1a: Ogerpon\n|-damage|p1a: Ogerpon|84\/100\n|move|p2a: Landorus|Stomping Tantrum|p1b: Roaring Moon\n|-activate|p1b: Roaring Moon|move: Protect\n|\n|upkeep\n|turn|3\n|inactive|Rock090 has 30 seconds left.\n|\n|t:|1700732489\n|-terastallize|p2b: Iron Hands|Water\n|move|p1b: Roaring Moon|Knock Off|p2b: Iron Hands\n|-damage|p2b: Iron Hands|76\/100\n|-enditem|p2b: Iron Hands|Assault Vest|[from] move: Knock Off|[of] p1b: Roaring Moon\n|move|p2a: Landorus|Stomping Tantrum|p1b: Roaring Moon\n|-damage|p1b: Roaring Moon|67\/100\n|move|p1a: Ogerpon|Swords Dance|p1a: Ogerpon\n|-boost|p1a: Ogerpon|atk|2\n|move|p2b: Iron Hands|Drain Punch|p1b: Roaring Moon\n|-supereffective|p1b: Roaring Moon\n|-damage|p1b: Roaring Moon|0 fnt\n|-heal|p2b: Iron Hands|100\/100|[from] drain|[of] p1b: Roaring Moon\n|faint|p1b: Roaring Moon\n|-end|p1b: Roaring Moon|Protosynthesis|[silent]\n|\n|upkeep\n|\n|t:|1700732506\n|switch|p1b: Landorus|Landorus-Therian, L50, M, tera:Flying|100\/100\n|-ability|p1b: Landorus|Intimidate|boost\n|-unboost|p2a: Landorus|atk|1\n|-unboost|p2b: Iron Hands|atk|1\n|turn|4\n|\n|t:|1700732518\n|move|p2a: Landorus|Stomping Tantrum|p1a: Ogerpon\n|-damage|p1a: Ogerpon|58\/100\n|move|p1b: Landorus|U-turn|p2a: Landorus\n|-resisted|p2a: Landorus\n|-damage|p2a: Landorus|86\/100\n|\n|t:|1700732524\n|switch|p1b: Flutter Mane|Flutter Mane, L50, shiny|100\/100|[from] U-turn\n|move|p1a: Ogerpon|Horn Leech|p2b: Iron Hands\n|-supereffective|p2b: Iron Hands\n|-damage|p2b: Iron Hands|0 fnt\n|-heal|p1a: Ogerpon|100\/100|[from] drain|[of] p2b: Iron Hands\n|faint|p2b: Iron Hands\n|-end|p2b: Iron Hands|Quark Drive|[silent]\n|\n|upkeep\n|\n|t:|1700732529\n|switch|p2b: Flutter Mane|Flutter Mane, L50|100\/100\n|turn|5\n|\n|t:|1700732542\n|move|p1b: Flutter Mane|Protect|p1b: Flutter Mane\n|-singleturn|p1b: Flutter Mane|Protect\n|move|p2a: Landorus|Stomping Tantrum|p1a: Ogerpon\n|-damage|p1a: Ogerpon|73\/100\n|move|p2b: Flutter Mane|Shadow Ball|p1b: Flutter Mane\n|-activate|p1b: Flutter Mane|move: Protect\n|move|p1a: Ogerpon|Ivy Cudgel|p2b: Flutter Mane|[anim] Ivy Cudgel Fire\n|-damage|p2b: Flutter Mane|0 fnt\n|faint|p2b: Flutter Mane\n|-end|p2b: Flutter Mane|Protosynthesis|[silent]\n|\n|upkeep\n|turn|6\n|-message|Rock090 forfeited.\n|\n|win|Mortipherus\n|raw|Mortipherus's rating: 1439 &rarr; <strong>1456<\/strong><br \/>(+17 for winning)\n|raw|Rock090's rating: 1380 &rarr; <strong>1363<\/strong><br \/>(-17 for losing)\n|l|\u2606Rock090\n","uploadtime":1700732567,"views":18,"p1id":"mortipherus","p2id":"rock090","formatid":"gen9vgc2023regulatione","rating":1363,"private":0,"password":""}