{"id":"gen9vgc2023regulatione-1989871189","p1":"Juicy_Tanner2","p2":"kidturtle","format":"[Gen 9] VGC 2023 Regulation E","log":"|j|\u2606Juicy_Tanner2\n|j|\u2606kidturtle\n|t:|1699902674\n|gametype|doubles\n|player|p1|Juicy_Tanner2|clay|\n|player|p2|kidturtle|hoopster|\n|teamsize|p1|6\n|teamsize|p2|6\n|gen|9\n|tier|[Gen 9] VGC 2023 Regulation E\n|rated|Tournament battle\n|rule|Species Clause: Limit one of each Pok\u00e9mon\n|rule|Item Clause: Limit one of each item\n|clearpoke\n|poke|p1|Chien-Pao, L50|\n|poke|p1|Dragapult, L50, F|\n|poke|p1|Heatran, L50, M|\n|poke|p1|Farigiraf, L50, F|\n|poke|p1|Rillaboom, L50, M|\n|poke|p1|Urshifu-*, L50, F|\n|poke|p2|Ursaluna, L50, M|\n|poke|p2|Cresselia, L50, F|\n|poke|p2|Flutter Mane, L50|\n|poke|p2|Chi-Yu, L50|\n|poke|p2|Iron Hands, L50|\n|poke|p2|Urshifu-*, L50, M|\n|teampreview|4\n|showteam|p1|Chien-Pao||FocusSash|SwordofRuin|IcicleCrash,Crunch,SuckerPunch,Protect||||||50|,,,,,Dark]Dragapult||ChoiceBand|ClearBody|DragonDarts,PhantomForce,TeraBlast,SuckerPunch|||F|||50|,,,,,Ghost]Heatran||AssaultVest|FlashFire|HeatWave,FlashCannon,EarthPower,TeraBlast|||M|||50|,,,,,Grass]Farigiraf||RockyHelmet|ArmorTail|Psychic,DazzlingGleam,TrickRoom,Imprison|||F|||50|,,,,,Fairy]Rillaboom||SitrusBerry|GrassySurge|WoodHammer,StompingTantrum,FakeOut,Protect|||M|||50|,,,,,Poison]Urshifu-Rapid-Strike||ChoiceScarf|UnseenFist|SurgingStrikes,CloseCombat,Uturn,AquaJet|||F|||50|,,,,,Water\n|showteam|p2|Ursaluna||FlameOrb|Guts|Facade,Earthquake,SwordsDance,Protect|||M|||50|,,,,,Ghost]Cresselia||MentalHerb|Levitate|IceBeam,AllySwitch,LunarBlessing,TrickRoom|||F|||50|,,,,,Fairy]Flutter Mane||BoosterEnergy|Protosynthesis|IcyWind,ShadowBall,Moonblast,Protect||||||50|,,,,,Fairy]Chi-Yu||ChoiceSpecs|BeadsofRuin|BurningJealousy,DarkPulse,Overheat,Snarl||||||50|,,,,,Ghost]Iron Hands||SitrusBerry|QuarkDrive|DrainPunch,WildCharge,FakeOut,SwordsDance||||||50|,,,,,Fire]Urshifu||FocusSash|UnseenFist|Detect,WickedBlow,CloseCombat,SuckerPunch|||M|||50|,,,,,Dark\n|inactive|Battle timer is ON: inactive players will automatically lose when time's up. (requested by kidturtle)\n|inactive|Juicy_Tanner2 has 60 seconds left.\n|inactive|Juicy_Tanner2 has 30 seconds left.\n|inactive|Juicy_Tanner2 has 20 seconds left.\n|\n|t:|1699902749\n|start\n|switch|p1a: Farigiraf|Farigiraf, L50, F|100\/100\n|switch|p1b: Dragapult|Dragapult, L50, F|100\/100\n|switch|p2a: Flutter Mane|Flutter Mane, L50, shiny|100\/100\n|switch|p2b: Chi-Yu|Chi-Yu, L50|100\/100\n|-ability|p2b: Chi-Yu|Beads of Ruin\n|-enditem|p2a: Flutter Mane|Booster Energy\n|-activate|p2a: Flutter Mane|ability: Protosynthesis|[fromitem]\n|-start|p2a: Flutter Mane|protosynthesisspe\n|turn|1\n|inactive|Juicy_Tanner2 has 30 seconds left.\n|inactive|kidturtle has 30 seconds left.\n|inactive|Juicy_Tanner2 has 20 seconds left.\n|inactive|Juicy_Tanner2 has 15 seconds left.\n|inactive|kidturtle has 20 seconds left.\n|\n|t:|1699902792\n|-terastallize|p1a: Farigiraf|Fairy\n|move|p1b: Dragapult|Sucker Punch|p2a: Flutter Mane\n|-damage|p2a: Flutter Mane|26\/100\n|move|p2a: Flutter Mane|Shadow Ball|p1b: Dragapult\n|-supereffective|p1b: Dragapult\n|-damage|p1b: Dragapult|0 fnt\n|faint|p1b: Dragapult\n|move|p2b: Chi-Yu|Snarl|p1a: Farigiraf\n|-resisted|p1a: Farigiraf\n|-damage|p1a: Farigiraf|72\/100\n|-unboost|p1a: Farigiraf|spa|1\n|move|p1a: Farigiraf|Dazzling Gleam|p2a: Flutter Mane|[spread] p2a,p2b\n|-damage|p2a: Flutter Mane|2\/100\n|-damage|p2b: Chi-Yu|80\/100\n|\n|upkeep\n|\n|t:|1699902807\n|switch|p1b: Rillaboom|Rillaboom, L50, M|100\/100\n|-fieldstart|move: Grassy Terrain|[from] ability: Grassy Surge|[of] p1b: Rillaboom\n|turn|2\n|\n|t:|1699902822\n|switch|p2b: Ursaluna|Ursaluna, L50, M|100\/100\n|move|p1b: Rillaboom|Fake Out|p2b: Ursaluna\n|-damage|p2b: Ursaluna|91\/100\n|move|p2a: Flutter Mane|Moonblast|p1a: Farigiraf\n|-damage|p1a: Farigiraf|20\/100\n|move|p1a: Farigiraf|Dazzling Gleam|p2b: Ursaluna|[spread] p2a,p2b\n|-damage|p2a: Flutter Mane|0 fnt\n|-damage|p2b: Ursaluna|77\/100\n|faint|p2a: Flutter Mane\n|-end|p2a: Flutter Mane|Protosynthesis|[silent]\n|\n|-heal|p1a: Farigiraf|26\/100|[from] Grassy Terrain\n|-heal|p2b: Ursaluna|83\/100|[from] Grassy Terrain\n|-status|p2b: Ursaluna|brn|[from] item: Flame Orb\n|upkeep\n|\n|t:|1699902826\n|switch|p2a: Cresselia|Cresselia, L50, F|100\/100\n|turn|3\n|\n|t:|1699902843\n|-terastallize|p2b: Ursaluna|Ghost\n|move|p1b: Rillaboom|Wood Hammer|p2b: Ursaluna\n|-crit|p2b: Ursaluna\n|-damage|p2b: Ursaluna|0 fnt\n|faint|p2b: Ursaluna\n|-damage|p1b: Rillaboom|70\/100|[from] Recoil\n|move|p1a: Farigiraf|Imprison|p1a: Farigiraf\n|-start|p1a: Farigiraf|move: Imprison\n|cant|p2a: Cresselia|move: Imprison|Trick Room\n|\n|-heal|p1b: Rillaboom|75\/100|[from] Grassy Terrain\n|-heal|p1a: Farigiraf|33\/100|[from] Grassy Terrain\n|upkeep\n|j| LanternComic\n|\n|t:|1699902857\n|switch|p2b: Chi-Yu|Chi-Yu, L50|80\/100\n|-ability|p2b: Chi-Yu|Beads of Ruin\n|turn|4\n|\n|t:|1699902876\n|move|p1b: Rillaboom|Protect|p1b: Rillaboom\n|-singleturn|p1b: Rillaboom|Protect\n|move|p2b: Chi-Yu|Burning Jealousy|p1a: Farigiraf|[spread] p1a\n|-activate|p1b: Rillaboom|move: Protect\n|-damage|p1a: Farigiraf|0 fnt\n|faint|p1a: Farigiraf\n|move|p2a: Cresselia|Lunar Blessing|p2a: Cresselia|[spread] p2a,p2b\n|-heal|p2b: Chi-Yu|100\/100\n|\n|-heal|p1b: Rillaboom|81\/100|[from] Grassy Terrain\n|upkeep\n|l| LanternComic\n|\n|t:|1699902887\n|switch|p1a: Chien-Pao|Chien-Pao, L50|100\/100\n|-ability|p1a: Chien-Pao|Sword of Ruin\n|turn|5\n|\n|t:|1699902900\n|move|p2a: Cresselia|Ally Switch|p2a: Cresselia\n|swap|p2a: Cresselia|1|[from] move: Ally Switch\n|move|p1a: Chien-Pao|Icicle Crash|p2a: Chi-Yu\n|-resisted|p2a: Chi-Yu\n|-damage|p2a: Chi-Yu|47\/100\n|move|p2a: Chi-Yu|Burning Jealousy|p1b: Rillaboom|[spread] p1a,p1b\n|-supereffective|p1a: Chien-Pao\n|-supereffective|p1b: Rillaboom\n|-enditem|p1a: Chien-Pao|Focus Sash\n|-damage|p1a: Chien-Pao|1\/100\n|-damage|p1b: Rillaboom|0 fnt\n|faint|p1b: Rillaboom\n|\n|-heal|p1a: Chien-Pao|7\/100|[from] Grassy Terrain\n|-heal|p2a: Chi-Yu|53\/100|[from] Grassy Terrain\n|upkeep\n|turn|6\n|inactive|Juicy_Tanner2 has 30 seconds left.\n|\n|t:|1699902933\n|move|p1a: Chien-Pao|Crunch|p2b: Cresselia\n|-supereffective|p2b: Cresselia\n|-damage|p2b: Cresselia|34\/100\n|move|p2a: Chi-Yu|Burning Jealousy|p1a: Chien-Pao\n|-supereffective|p1a: Chien-Pao\n|-damage|p1a: Chien-Pao|0 fnt\n|faint|p1a: Chien-Pao\n|\n|win|kidturtle\n|n|\u2606Juicy_Tanner2|juicytanner2\n|n|\u2606kidturtle|kidturtle\n","uploadtime":1699902941,"views":19,"p1id":"juicytanner2","p2id":"kidturtle","formatid":"gen9vgc2023regulatione","rating":0,"private":0,"password":""}