{"id":"gen9vgc2023regulatione-1992155592","p1":"EnigmaticEevee","p2":"TheRealHitchhiker","format":"[Gen 9] VGC 2023 Regulation E","log":"|j|\u2606EnigmaticEevee\n|j|\u2606TheRealHitchhiker\n|t:|1700159633\n|gametype|doubles\n|player|p1|EnigmaticEevee|cynthia|1011\n|player|p2|TheRealHitchhiker|eusine|1105\n|teamsize|p1|6\n|teamsize|p2|6\n|gen|9\n|tier|[Gen 9] VGC 2023 Regulation E\n|rated|\n|rule|Species Clause: Limit one of each Pok\u00e9mon\n|rule|Item Clause: Limit one of each item\n|clearpoke\n|poke|p1|Sinistcha-Masterpiece, L50|\n|poke|p1|Iron Valiant, L50|\n|poke|p1|Tornadus, L50, M|\n|poke|p1|Chien-Pao, L50|\n|poke|p1|Dragonite, L50, M|\n|poke|p1|Fezandipiti, L50, M|\n|poke|p2|Glimmora, L50, F|\n|poke|p2|Grimmsnarl, L50, M|\n|poke|p2|Sinistcha, L50|\n|poke|p2|Iron Hands, L50|\n|poke|p2|Garganacl, L50, F|\n|poke|p2|Torterra, L50, F|\n|teampreview|4\n|inactive|Battle timer is ON: inactive players will automatically lose when time's up. (requested by EnigmaticEevee)\nEnigmaticEevee rejected open team sheets.\n|\n|t:|1700159658\n|start\n|switch|p1a: Sinistcha|Sinistcha-Masterpiece, L50|100\/100\n|switch|p1b: Tornadus|Tornadus, L50, M|100\/100\n|switch|p2a: Glimmora|Glimmora, L50, F|100\/100\n|switch|p2b: Iron Hands|Iron Hands, L50|100\/100\n|turn|1\n|\n|t:|1700159675\n|move|p1b: Tornadus|Tailwind|p1b: Tornadus\n|-sidestart|p1: EnigmaticEevee|move: Tailwind\n|move|p1a: Sinistcha|Matcha Gotcha|p2a: Glimmora|[spread] p2b\n|-miss|p1a: Sinistcha|p2a: Glimmora\n|-damage|p2b: Iron Hands|83\/100\n|move|p2a: Glimmora|Stealth Rock|p1a: Sinistcha\n|-sidestart|p1: EnigmaticEevee|move: Stealth Rock\n|move|p2b: Iron Hands|Wild Charge|p1b: Tornadus\n|-supereffective|p1b: Tornadus\n|-damage|p1b: Tornadus|0 fnt\n|faint|p1b: Tornadus\n|-damage|p2b: Iron Hands|68\/100|[from] Recoil\n|\n|upkeep\n|\n|t:|1700159690\n|switch|p1b: Dragonite|Dragonite, L50, M|100\/100\n|-damage|p1b: Dragonite|76\/100|[from] Stealth Rock\n|turn|2\n|inactive|TheRealHitchhiker has 30 seconds left.\n|\n|t:|1700159720\n|-terastallize|p1b: Dragonite|Steel\n|move|p1a: Sinistcha|Matcha Gotcha|p2a: Glimmora|[spread] p2a,p2b\n|-damage|p2a: Glimmora|67\/100\n|-damage|p2b: Iron Hands|49\/100\n|-enditem|p2a: Glimmora|Red Card|[of] p1a: Sinistcha\n|drag|p1a: Chien-Pao|Chien-Pao, L50|100\/100\n|-damage|p1a: Chien-Pao|76\/100|[from] Stealth Rock\n|-ability|p1a: Chien-Pao|Sword of Ruin\n|move|p1b: Dragonite|Dragon Dance|p1b: Dragonite\n|-boost|p1b: Dragonite|atk|1\n|-boost|p1b: Dragonite|spe|1\n|move|p2a: Glimmora|Mortal Spin|p1a: Chien-Pao|[spread] p1a\n|-immune|p1b: Dragonite\n|-damage|p1a: Chien-Pao|70\/100\n|-status|p1a: Chien-Pao|psn\n|move|p2b: Iron Hands|Wild Charge|p1b: Dragonite\n|-crit|p1b: Dragonite\n|-damage|p1b: Dragonite|0 fnt\n|faint|p1b: Dragonite\n|-damage|p2b: Iron Hands|37\/100|[from] Recoil\n|\n|-damage|p1a: Chien-Pao|58\/100 psn|[from] psn\n|upkeep\n|\n|t:|1700159741\n|switch|p1b: Sinistcha|Sinistcha-Masterpiece, L50|100\/100\n|-damage|p1b: Sinistcha|88\/100|[from] Stealth Rock\n|turn|3\n|\n|t:|1700159754\n|move|p1a: Chien-Pao|Psychic Fangs|p2b: Iron Hands\n|-supereffective|p2b: Iron Hands\n|-damage|p2b: Iron Hands|0 fnt\n|faint|p2b: Iron Hands\n|-end|p2b: Iron Hands|Quark Drive|[silent]\n|move|p1b: Sinistcha|Matcha Gotcha|p2a: Glimmora\n|-damage|p2a: Glimmora|20\/100\n|-heal|p1b: Sinistcha|100\/100|[from] drain|[of] p2a: Glimmora\n|move|p2a: Glimmora|Venoshock|p1a: Chien-Pao\n|-damage|p1a: Chien-Pao|0 fnt\n|faint|p1a: Chien-Pao\n|\n|upkeep\n|\n|t:|1700159765\n|switch|p2b: Torterra|Torterra, L50, F|100\/100\n|turn|4\n|\n|t:|1700159778\n|move|p1b: Sinistcha|Matcha Gotcha|p2b: Torterra|[spread] p2a,p2b\n|-damage|p2a: Glimmora|0 fnt\n|-damage|p2b: Torterra|81\/100\n|faint|p2a: Glimmora\n|move|p2b: Torterra|Curse|p2b: Torterra\n|-unboost|p2b: Torterra|spe|1\n|-boost|p2b: Torterra|atk|1\n|-boost|p2b: Torterra|def|1\n|\n|-heal|p2b: Torterra|87\/100|[from] item: Leftovers\n|-sideend|p1: EnigmaticEevee|move: Tailwind\n|upkeep\n|\n|t:|1700159788\n|switch|p2a: Garganacl|Garganacl, L50, F|100\/100\n|turn|5\n|\n|t:|1700159797\n|-terastallize|p2a: Garganacl|Ghost\n|move|p2b: Torterra|Protect|p2b: Torterra\n|-singleturn|p2b: Torterra|Protect\n|move|p1b: Sinistcha|Matcha Gotcha|p2b: Torterra|[spread] p2a\n|-activate|p2b: Torterra|move: Protect\n|-damage|p2a: Garganacl|82\/100\n|move|p2a: Garganacl|Salt Cure|p1b: Sinistcha\n|-damage|p1b: Sinistcha|84\/100\n|-start|p1b: Sinistcha|Salt Cure\n|\n|-heal|p2b: Torterra|93\/100|[from] item: Leftovers\n|-damage|p1b: Sinistcha|72\/100|[from] Salt Cure\n|upkeep\n|turn|6\n|\n|t:|1700159818\n|move|p1b: Sinistcha|Matcha Gotcha|p2a: Garganacl|[spread] p2a,p2b\n|-damage|p2a: Garganacl|60\/100\n|-heal|p1b: Sinistcha|87\/100|[from] drain|[of] p2a: Garganacl\n|-damage|p2b: Torterra|73\/100\n|-heal|p1b: Sinistcha|100\/100|[from] drain|[of] p2b: Torterra\n|-status|p2b: Torterra|brn\n|move|p2a: Garganacl|Salt Cure|p1b: Sinistcha\n|-damage|p1b: Sinistcha|84\/100\n|move|p2b: Torterra|High Horsepower|p1b: Sinistcha\n|-resisted|p1b: Sinistcha\n|-damage|p1b: Sinistcha|69\/100\n|\n|-heal|p2b: Torterra|79\/100 brn|[from] item: Leftovers\n|-damage|p2b: Torterra|73\/100 brn|[from] brn\n|-damage|p1b: Sinistcha|57\/100|[from] Salt Cure\n|upkeep\n|turn|7\n|\n|t:|1700159843\n|move|p1b: Sinistcha|Matcha Gotcha|p2b: Torterra|[spread] p2b\n|-miss|p1b: Sinistcha|p2a: Garganacl\n|-damage|p2b: Torterra|51\/100 brn\n|-heal|p1b: Sinistcha|72\/100|[from] drain|[of] p2b: Torterra\n|move|p2a: Garganacl|Salt Cure|p1b: Sinistcha\n|-damage|p1b: Sinistcha|55\/100\n|move|p2b: Torterra|High Horsepower|p1b: Sinistcha\n|-resisted|p1b: Sinistcha\n|-damage|p1b: Sinistcha|39\/100\n|\n|-heal|p2b: Torterra|57\/100 brn|[from] item: Leftovers\n|-damage|p2b: Torterra|51\/100 brn|[from] brn\n|-damage|p1b: Sinistcha|27\/100|[from] Salt Cure\n|upkeep\n|turn|8\n|\n|t:|1700159866\n|move|p1b: Sinistcha|Matcha Gotcha|p2a: Garganacl|[spread] p2a,p2b\n|-damage|p2a: Garganacl|38\/100\n|-heal|p1b: Sinistcha|42\/100|[from] drain|[of] p2a: Garganacl\n|-damage|p2b: Torterra|32\/100 brn\n|-heal|p1b: Sinistcha|56\/100|[from] drain|[of] p2b: Torterra\n|move|p2a: Garganacl|Salt Cure|p1b: Sinistcha\n|-damage|p1b: Sinistcha|41\/100\n|move|p2b: Torterra|High Horsepower|p1b: Sinistcha\n|-resisted|p1b: Sinistcha\n|-damage|p1b: Sinistcha|27\/100\n|\n|-heal|p2b: Torterra|38\/100 brn|[from] item: Leftovers\n|-damage|p2b: Torterra|32\/100 brn|[from] brn\n|-damage|p1b: Sinistcha|14\/100|[from] Salt Cure\n|upkeep\n|turn|9\n|\n|t:|1700159886\n|move|p1b: Sinistcha|Matcha Gotcha|p2b: Torterra|[spread] p2a,p2b\n|-damage|p2a: Garganacl|19\/100\n|-heal|p1b: Sinistcha|28\/100|[from] drain|[of] p2a: Garganacl\n|-damage|p2b: Torterra|11\/100 brn\n|-heal|p1b: Sinistcha|43\/100|[from] drain|[of] p2b: Torterra\n|move|p2a: Garganacl|Salt Cure|p1b: Sinistcha\n|-damage|p1b: Sinistcha|27\/100\n|move|p2b: Torterra|High Horsepower|p1b: Sinistcha\n|-resisted|p1b: Sinistcha\n|-damage|p1b: Sinistcha|12\/100\n|\n|-heal|p2b: Torterra|17\/100 brn|[from] item: Leftovers\n|-damage|p2b: Torterra|11\/100 brn|[from] brn\n|-damage|p1b: Sinistcha|0 fnt|[from] Salt Cure\n|faint|p1b: Sinistcha\n|\n|win|TheRealHitchhiker\n|upkeep\n|raw|EnigmaticEevee's rating: 1011 &rarr; <strong>1002<\/strong><br \/>(-9 for losing)\n|raw|TheRealHitchhiker's rating: 1105 &rarr; <strong>1123<\/strong><br \/>(+18 for winning)\n|l|\u2606TheRealHitchhiker\n","uploadtime":1700159906,"views":11,"p1id":"enigmaticeevee","p2id":"therealhitchhiker","formatid":"gen9vgc2023regulatione","rating":1002,"private":0,"password":""}