{"id":"gen9vgc2023regulatione-1992425701","p1":"xS0CCERPR0x","p2":"Thud124","format":"[Gen 9] VGC 2023 Regulation E","log":"|j|\u2606xS0CCERPR0x\n|j|\u203dThud124\n|n|\u2606xS0CCERPR0x|xs0ccerpr0x\n|n|\u203dThud124|thud124\n|html|View the match progress at <a href=\"\/game-bestof3-gen9vgc2023regulatione-1992425700\">game-bestof3-gen9vgc2023regulatione-1992425700<\/a>\n|t:|1700186104\n|gametype|doubles\n|player|p1|xS0CCERPR0x|acetrainerf-gen4dp|\n|player|p2|Thud124|juan-gen3|\n|teamsize|p1|6\n|teamsize|p2|6\n|gen|9\n|tier|[Gen 9] VGC 2023 Regulation E\n|rule|Species Clause: Limit one of each Pok\u00e9mon\n|rule|Item Clause: Limit one of each item\n|clearpoke\n|poke|p1|Arbok, L50, F|\n|poke|p1|Espathra, L50, M|\n|poke|p1|Goodra-Hisui, L50, F|\n|poke|p1|Braviary-Hisui, L50, M|\n|poke|p1|Tsareena, L50, F|\n|poke|p1|Greninja-*, L50, F|\n|poke|p2|Gothitelle, L50, F|\n|poke|p2|Scream Tail, L50|\n|poke|p2|Urshifu-*, L50, M|\n|poke|p2|Politoed, L50, F|\n|poke|p2|Ludicolo, L50, M|\n|poke|p2|Kilowattrel, L50, M|\n|teampreview|4\nxS0CCERPR0x rejected open team sheets.\n|n|\u2606Thud124|thud124\n|c|\u2606xS0CCERPR0x|arbok - psychic, espath - grass, goo - electric, braviary - psychic, tsar - grass, gren - fairy\n|c|\u2606Thud124|goth - dark, scream tail - dark, urshi - water, toed - grass, ludi - water, kilowattrel - electric\n|\n|t:|1700186257\n|start\n|switch|p1a: Tsareena Katarin|Tsareena, L50, F, shiny|100\/100\n|switch|p1b: Markus Wulfhart|Braviary-Hisui, L50, M|100\/100\n|switch|p2a: Scream Tail|Scream Tail, L50|100\/100\n|switch|p2b: Urshifu|Urshifu-Rapid-Strike, L50, M|100\/100\n|-enditem|p2a: Scream Tail|Booster Energy\n|-activate|p2a: Scream Tail|ability: Protosynthesis|[fromitem]\n|-start|p2a: Scream Tail|protosynthesisspe\n|turn|1\n|\n|t:|1700186291\n|move|p2a: Scream Tail|Play Rough|p1a: Tsareena Katarin\n|-damage|p1a: Tsareena Katarin|80\/100\n|move|p2b: Urshifu|U-turn|p1a: Tsareena Katarin\n|-supereffective|p1a: Tsareena Katarin\n|-damage|p1a: Tsareena Katarin|21\/100\n|\n|t:|1700186303\n|switch|p2b: Gothitelle|Gothitelle, L50, F|100\/100|[from] U-turn\n|move|p1a: Tsareena Katarin|U-turn|p2b: Gothitelle\n|-supereffective|p2b: Gothitelle\n|-damage|p2b: Gothitelle|51\/100\n|\n|t:|1700186309\n|switch|p1a: Throgg|Goodra-Hisui, L50, F|100\/100|[from] U-turn\n|move|p1b: Markus Wulfhart|Tailwind|p1b: Markus Wulfhart\n|-sidestart|p1: xS0CCERPR0x|move: Tailwind\n|\n|upkeep\n|turn|2\n|\n|t:|1700186328\n|move|p2b: Gothitelle|Fake Out|p1b: Markus Wulfhart\n|-damage|p1b: Markus Wulfhart|94\/100\n|move|p2a: Scream Tail|Perish Song|p2a: Scream Tail\n|-start|p1a: Throgg|perish3|[silent]\n|-start|p1b: Markus Wulfhart|perish3|[silent]\n|-start|p2a: Scream Tail|perish3|[silent]\n|-start|p2b: Gothitelle|perish3|[silent]\n|-fieldactivate|move: Perish Song\n|cant|p1b: Markus Wulfhart|flinch\n|move|p1a: Throgg|Flash Cannon|p2a: Scream Tail\n|-supereffective|p2a: Scream Tail\n|-damage|p2a: Scream Tail|46\/100\n|\n|-start|p2a: Scream Tail|perish3\n|-start|p1b: Markus Wulfhart|perish3\n|-start|p1a: Throgg|perish3\n|-start|p2b: Gothitelle|perish3\n|upkeep\n|turn|3\n|\n|t:|1700186362\n|move|p2a: Scream Tail|Protect|p2a: Scream Tail\n|-singleturn|p2a: Scream Tail|Protect\n|move|p2b: Gothitelle|Protect|p2b: Gothitelle\n|-singleturn|p2b: Gothitelle|Protect\n|move|p1b: Markus Wulfhart|Icy Wind|p2a: Scream Tail|[spread] \n|-activate|p2a: Scream Tail|move: Protect\n|-activate|p2b: Gothitelle|move: Protect\n|move|p1a: Throgg|Flash Cannon|p2a: Scream Tail\n|-activate|p2a: Scream Tail|move: Protect\n|\n|-start|p2a: Scream Tail|perish2\n|-start|p1b: Markus Wulfhart|perish2\n|-start|p1a: Throgg|perish2\n|-start|p2b: Gothitelle|perish2\n|upkeep\n|turn|4\n|\n|t:|1700186390\n|move|p2a: Scream Tail|Disable|p1a: Throgg\n|-start|p1a: Throgg|Disable|Flash Cannon\n|move|p1b: Markus Wulfhart|Icy Wind|p2a: Scream Tail|[spread] p2a,p2b\n|-damage|p2a: Scream Tail|35\/100\n|-damage|p2b: Gothitelle|39\/100\n|-unboost|p2a: Scream Tail|spe|1\n|-unboost|p2b: Gothitelle|spe|1\n|-enditem|p2b: Gothitelle|Sitrus Berry|[eat]\n|-heal|p2b: Gothitelle|64\/100|[from] item: Sitrus Berry\n|move|p1a: Throgg|Thunderbolt|p2b: Gothitelle\n|-damage|p2b: Gothitelle|41\/100\n|move|p2b: Gothitelle|Hypnosis|p1b: Markus Wulfhart\n|-status|p1b: Markus Wulfhart|slp|[from] move: Hypnosis\n|\n|-start|p2a: Scream Tail|perish1\n|-start|p1b: Markus Wulfhart|perish1\n|-start|p1a: Throgg|perish1\n|-start|p2b: Gothitelle|perish1\n|-sideend|p1: xS0CCERPR0x|move: Tailwind\n|upkeep\n|turn|5\n|\n|t:|1700186482\n|-end|p2a: Scream Tail|Protosynthesis|[silent]\n|switch|p2a: Ludicolo|Ludicolo, L50, M|100\/100\n|cant|p1b: Markus Wulfhart|slp\n|move|p1a: Throgg|Life Dew||[still]|[spread] p1a,p1b\n|-fail|p1a: Throgg|heal\n|-heal|p1b: Markus Wulfhart|100\/100 slp\n|move|p2b: Gothitelle|Hypnosis|p1a: Throgg|[miss]\n|-miss|p2b: Gothitelle|p1a: Throgg\n|\n|-start|p1b: Markus Wulfhart|perish0\n|-start|p1a: Throgg|perish0\n|-start|p2b: Gothitelle|perish0\n|upkeep\n|faint|p1b: Markus Wulfhart\n|faint|p1a: Throgg\n|faint|p2b: Gothitelle\n|c|\u2606xS0CCERPR0x|interesting\n|\n|t:|1700186498\n|switch|p1b: Tsareena Katarin|Tsareena, L50, F, shiny|21\/100\n|switch|p2b: Scream Tail|Scream Tail, L50|35\/100\n|switch|p1a: Isabella|Espathra, L50, M|100\/100\n|turn|6\n|\n|t:|1700186525\n|-terastallize|p1a: Isabella|Grass\n|move|p1a: Isabella|Flash Cannon|p2b: Scream Tail\n|-supereffective|p2b: Scream Tail\n|-damage|p2b: Scream Tail|0 fnt\n|faint|p2b: Scream Tail\n|-end|p2b: Scream Tail|Protosynthesis|[silent]\n|move|p2a: Ludicolo|Energy Ball|p1b: Tsareena Katarin\n|-resisted|p1b: Tsareena Katarin\n|-damage|p1b: Tsareena Katarin|2\/100\n|-damage|p2a: Ludicolo|91\/100|[from] item: Life Orb\n|move|p1b: Tsareena Katarin|U-turn|p2a: Ludicolo\n|-supereffective|p2a: Ludicolo\n|-damage|p2a: Ludicolo|23\/100\n|\n|-ability|p1a: Isabella|Speed Boost|boost\n|-boost|p1a: Isabella|spe|1\n|upkeep\n|\n|t:|1700186533\n|switch|p2b: Urshifu|Urshifu-Rapid-Strike, L50, M|100\/100\n|turn|7\n|\n|t:|1700186573\n|move|p1a: Isabella|Flash Cannon|p2a: Ludicolo\n|-resisted|p2a: Ludicolo\n|-damage|p2a: Ludicolo|10\/100\n|-unboost|p2a: Ludicolo|spd|1\n|move|p2b: Urshifu|U-turn|p1a: Isabella\n|-supereffective|p1a: Isabella\n|-damage|p1a: Isabella|17\/100\n|move|p2a: Ludicolo|Weather Ball|p1b: Tsareena Katarin\n|-damage|p1b: Tsareena Katarin|0 fnt\n|faint|p1b: Tsareena Katarin\n|-damage|p2a: Ludicolo|0 fnt|[from] item: Life Orb\n|faint|p2a: Ludicolo\n|\n|-ability|p1a: Isabella|Speed Boost|boost\n|-boost|p1a: Isabella|spe|1\n|upkeep\n|turn|8\n|\n|t:|1700186591\n|-terastallize|p2b: Urshifu|Water\n|move|p1a: Isabella|Flash Cannon|p2b: Urshifu\n|-resisted|p2b: Urshifu\n|-damage|p2b: Urshifu|80\/100\n|move|p2b: Urshifu|U-turn|p1a: Isabella\n|-supereffective|p1a: Isabella\n|-damage|p1a: Isabella|0 fnt\n|faint|p1a: Isabella\n|\n|win|Thud124\n|c|\u2606xS0CCERPR0x|unfortunate, gg\n|inactive|xS0CCERPR0x has 50 seconds to confirm battle start!\n|inactive|Thud124 has 50 seconds to confirm battle start!\n|c|&|\/uhtml prompt-xs0ccerpr0x,xS0CCERPR0x is ready for game 2!\n|inactive|Thud124 has 40 seconds to confirm battle start!\n|c|&|\/uhtml prompt-xs0ccerpr0x,xS0CCERPR0x is ready for game 2!\n|inactive|Thud124 has 30 seconds to confirm battle start!\n|inactive|Thud124 has 20 seconds to confirm battle start!\n|l|\u2606Thud124\n|j|\u2606Thud124\n|player|p2|Thud124|juan-gen3\n|inactive|Thud124 has 10 seconds to confirm battle start!\nBoth players are ready! Starting next match!\n","uploadtime":1700186954,"views":17,"p1id":"xs0ccerpr0x","p2id":"thud124","formatid":"gen9vgc2023regulatione","rating":0,"private":0,"password":""}