{"id":"gen9vgc2023regulatione-1993914700","p1":"gamerkr4","p2":"PunkRockObstagoon","format":"[Gen 9] VGC 2023 Regulation E","log":"|j|\u2606gamerkr4\n|j|\u2606PunkRockObstagoon\n|t:|1700374656\n|gametype|doubles\n|player|p1|gamerkr4|102|1403\n|player|p2|PunkRockObstagoon|hilbert|1414\n|teamsize|p1|6\n|teamsize|p2|6\n|gen|9\n|tier|[Gen 9] VGC 2023 Regulation E\n|rated|\n|rule|Species Clause: Limit one of each Pok\u00e9mon\n|rule|Item Clause: Limit one of each item\n|clearpoke\n|poke|p1|Landorus, L50, M|\n|poke|p1|Ogerpon-Wellspring, L50, F|\n|poke|p1|Iron Hands, L50|\n|poke|p1|Chien-Pao, L50|\n|poke|p1|Arcanine-Hisui, L50, M|\n|poke|p1|Flutter Mane, L50|\n|poke|p2|Spinarak, L50, M|\n|poke|p2|Tatsugiri-Droopy, L50, M|\n|poke|p2|Lurantis, L50, F|\n|poke|p2|Armarouge, L50, M|\n|poke|p2|Farigiraf, L50, F|\n|poke|p2|Roaring Moon, L50|\n|teampreview|4\n|inactive|Battle timer is ON: inactive players will automatically lose when time's up. (requested by PunkRockObstagoon)\ngamerkr4 rejected open team sheets.\n|inactive|gamerkr4 has 60 seconds left.\n|inactive|PunkRockObstagoon has 60 seconds left.\n|inactive|PunkRockObstagoon has 30 seconds left.\n|\n|t:|1700374724\n|start\n|switch|p1a: Landorus|Landorus, L50, M|100\/100\n|switch|p1b: Ogerpon|Ogerpon-Wellspring, L50, F|100\/100\n|switch|p2a: Farigiraf|Farigiraf, L50, F|100\/100\n|switch|p2b: Roaring Moon|Roaring Moon, L50|100\/100\n|-enditem|p2b: Roaring Moon|Booster Energy\n|-activate|p2b: Roaring Moon|ability: Protosynthesis|[fromitem]\n|-start|p2b: Roaring Moon|protosynthesisspe\n|turn|1\n|\n|t:|1700374741\n|switch|p2a: Lurantis|Lurantis, L50, F|100\/100\n|move|p1b: Ogerpon|Follow Me|p1b: Ogerpon\n|-singleturn|p1b: Ogerpon|move: Follow Me\n|move|p2b: Roaring Moon|Knock Off|p1b: Ogerpon\n|-damage|p1b: Ogerpon|62\/100\n|move|p1a: Landorus|Substitute|p1a: Landorus\n|-start|p1a: Landorus|Substitute\n|-damage|p1a: Landorus|76\/100\n|\n|upkeep\n|turn|2\n|\n|t:|1700374763\n|move|p1b: Ogerpon|Follow Me|p1b: Ogerpon\n|-singleturn|p1b: Ogerpon|move: Follow Me\n|move|p2b: Roaring Moon|Breaking Swipe|p1b: Ogerpon|[spread] p1a,p1b\n|-end|p1a: Landorus|Substitute\n|-damage|p1b: Ogerpon|37\/100\n|-unboost|p1b: Ogerpon|atk|1\n|move|p1a: Landorus|Sludge Bomb|p2a: Lurantis\n|-supereffective|p2a: Lurantis\n|-damage|p2a: Lurantis|30\/100\n|move|p2a: Lurantis|Leaf Blade|p1b: Ogerpon\n|-damage|p1b: Ogerpon|0 fnt\n|faint|p1b: Ogerpon\n|\n|upkeep\n|\n|t:|1700374775\n|switch|p1b: Arcanine|Arcanine-Hisui, L50, M|100\/100\n|-ability|p1b: Arcanine|Intimidate|boost\n|-boost|p2a: Lurantis|atk|1\n|-unboost|p2b: Roaring Moon|atk|1\n|turn|3\n|\n|t:|1700374789\n|switch|p2a: Armarouge|Armarouge, L50, M|100\/100\n|-terastallize|p1b: Arcanine|Normal\n|move|p1b: Arcanine|Extreme Speed|p2b: Roaring Moon\n|-damage|p2b: Roaring Moon|40\/100\n|move|p2b: Roaring Moon|Knock Off|p1a: Landorus\n|-damage|p1a: Landorus|39\/100\n|-enditem|p1a: Landorus|Life Orb|[from] move: Knock Off|[of] p2b: Roaring Moon\n|move|p1a: Landorus|Earth Power|p2b: Roaring Moon\n|-damage|p2b: Roaring Moon|0 fnt\n|faint|p2b: Roaring Moon\n|-end|p2b: Roaring Moon|Protosynthesis|[silent]\n|\n|upkeep\n|\n|t:|1700374799\n|switch|p2b: Farigiraf|Farigiraf, L50, F|100\/100\n|turn|4\n|\n|t:|1700374808\n|switch|p1b: Iron Hands|Iron Hands, L50|100\/100\n|move|p1a: Landorus|Substitute|p1a: Landorus\n|-start|p1a: Landorus|Substitute\n|-damage|p1a: Landorus|14\/100\n|move|p2a: Armarouge|Heat Wave|p1a: Landorus|[spread] p1a,p1b\n|-end|p1a: Landorus|Substitute\n|-damage|p1b: Iron Hands|78\/100\n|move|p2b: Farigiraf|Trick Room|p2b: Farigiraf\n|-fieldstart|move: Trick Room|[of] p2b: Farigiraf\n|\n|upkeep\n|turn|5\n|\n|t:|1700374824\n|move|p1a: Landorus|Protect|p1a: Landorus\n|-singleturn|p1a: Landorus|Protect\n|move|p2b: Farigiraf|Psychic|p1b: Iron Hands\n|-supereffective|p1b: Iron Hands\n|-damage|p1b: Iron Hands|32\/100\n|move|p2a: Armarouge|Heat Wave|p1b: Iron Hands|[spread] p1b\n|-activate|p1a: Landorus|move: Protect\n|-damage|p1b: Iron Hands|12\/100\n|move|p1b: Iron Hands|Drain Punch|p2b: Farigiraf\n|-damage|p2b: Farigiraf|48\/100\n|-heal|p1b: Iron Hands|32\/100|[from] drain|[of] p2b: Farigiraf\n|\n|upkeep\n|turn|6\n|\n|t:|1700374842\n|move|p2b: Farigiraf|Psychic|p1b: Iron Hands\n|-supereffective|p1b: Iron Hands\n|-damage|p1b: Iron Hands|0 fnt\n|faint|p1b: Iron Hands\n|-end|p1b: Iron Hands|Quark Drive|[silent]\n|move|p2a: Armarouge|Tera Blast|p1a: Landorus\n|-damage|p1a: Landorus|0 fnt\n|faint|p1a: Landorus\n|\n|upkeep\n|\n|t:|1700374845\n|switch|p1b: Arcanine|Arcanine-Hisui, L50, M, tera:Normal|100\/100\n|-ability|p1b: Arcanine|Intimidate|boost\n|-unboost|p2a: Armarouge|atk|1\n|-unboost|p2b: Farigiraf|atk|1\n|turn|7\n|\n|t:|1700374852\n|move|p2b: Farigiraf|Low Kick|p1b: Arcanine\n|-supereffective|p1b: Arcanine\n|-damage|p1b: Arcanine|51\/100\n|move|p2a: Armarouge|Heat Wave|p1b: Arcanine\n|-damage|p1b: Arcanine|0 fnt\n|faint|p1b: Arcanine\n|\n|win|PunkRockObstagoon\n|raw|gamerkr4's rating: 1403 &rarr; <strong>1384<\/strong><br \/>(-19 for losing)\n|raw|PunkRockObstagoon's rating: 1414 &rarr; <strong>1433<\/strong><br \/>(+19 for winning)\n|l|\u2606gamerkr4\n","uploadtime":1700374856,"views":9,"p1id":"gamerkr4","p2id":"punkrockobstagoon","formatid":"gen9vgc2023regulatione","rating":1384,"private":0,"password":""}