{"id":"gen9vgc2023regulatione-1997746098","p1":"Latte_0024","p2":"kahnular","format":"[Gen 9] VGC 2023 Regulation E","log":"|j|\u2606Latte_0024\n|j|\u2606kahnular\n|t:|1700848250\n|gametype|doubles\n|player|p1|Latte_0024|acetrainerf|1000\n|player|p2|kahnular|2|1037\n|teamsize|p1|6\n|teamsize|p2|6\n|gen|9\n|tier|[Gen 9] VGC 2023 Regulation E\n|rated|\n|rule|Species Clause: Limit one of each Pok\u00e9mon\n|rule|Item Clause: Limit one of each item\n|clearpoke\n|poke|p1|Arcanine, L50, F|\n|poke|p1|Palafin, L50, F|\n|poke|p1|Sylveon, L50, F|\n|poke|p1|Amoonguss, L50, F|\n|poke|p1|Chien-Pao, L50|\n|poke|p1|Dragonite, L50, F|\n|poke|p2|Tornadus, L50, M|\n|poke|p2|Dragapult, L50, F|\n|poke|p2|Hariyama, L50, M|\n|poke|p2|Chi-Yu, L50|\n|poke|p2|Inteleon, L50, F|\n|poke|p2|Amoonguss, L50, F|\n|teampreview|4\n|inactive|Battle timer is ON: inactive players will automatically lose when time's up. (requested by Latte_0024)\n|inactive|kahnular has 60 seconds left.\n|\n|t:|1700848286\n|start\n|switch|p1a: Arcanine|Arcanine, L50, F|100\/100\n|switch|p1b: Palafin|Palafin, L50, F|100\/100\n|switch|p2a: Amoonguss|Amoonguss, L50, F|100\/100\n|switch|p2b: Hariyama|Hariyama, L50, M|100\/100\n|-ability|p1a: Arcanine|Intimidate|boost\n|-unboost|p2a: Amoonguss|atk|1\n|-unboost|p2b: Hariyama|atk|1\n|turn|1\n|\n|t:|1700848304\n|move|p1b: Palafin|Protect|p1b: Palafin\n|-singleturn|p1b: Palafin|Protect\n|move|p2a: Amoonguss|Protect|p2a: Amoonguss\n|-singleturn|p2a: Amoonguss|Protect\n|move|p2b: Hariyama|Fake Out|p1b: Palafin\n|-activate|p1b: Palafin|move: Protect\n|move|p1a: Arcanine|Roar|p1b: Palafin\n|detailschange|p1b: Palafin|Palafin-Hero, L50, F\n|drag|p1b: Amoonguss|Amoonguss, L50, F|100\/100\n|\n|-status|p2b: Hariyama|brn|[from] item: Flame Orb\n|upkeep\n|turn|2\n|\n|t:|1700848326\n|switch|p2a: Chi-Yu|Chi-Yu, L50|100\/100\n|-ability|p2a: Chi-Yu|Beads of Ruin\n|move|p1b: Amoonguss|Rage Powder|p1b: Amoonguss\n|-singleturn|p1b: Amoonguss|move: Rage Powder\n|move|p2b: Hariyama|Headlong Rush|p1b: Amoonguss\n|-damage|p1b: Amoonguss|66\/100\n|-unboost|p2b: Hariyama|def|1\n|-unboost|p2b: Hariyama|spd|1\n|move|p1a: Arcanine|Roar|p2b: Hariyama\n|drag|p2b: Inteleon|Inteleon, L50, F|100\/100\n|\n|upkeep\n|turn|3\n|inactive|kahnular has 30 seconds left.\n|\n|t:|1700848357\n|switch|p2b: Amoonguss|Amoonguss, L50, F|100\/100\n|switch|p1a: Palafin|Palafin-Hero, L50, F|100\/100\n|-activate|p1a: Palafin|ability: Zero to Hero\n|move|p1b: Amoonguss|Rage Powder|p1b: Amoonguss\n|-singleturn|p1b: Amoonguss|move: Rage Powder\n|move|p2a: Chi-Yu|Heat Wave|p1b: Amoonguss|[spread] p1a,p1b\n|-resisted|p1a: Palafin\n|-supereffective|p1b: Amoonguss\n|-damage|p1a: Palafin|67\/100\n|-damage|p1b: Amoonguss|0 fnt\n|faint|p1b: Amoonguss\n|-damage|p2a: Chi-Yu|91\/100|[from] item: Life Orb\n|\n|upkeep\n|\n|t:|1700848369\n|switch|p1b: Chien-Pao|Chien-Pao, L50|100\/100\n|-ability|p1b: Chien-Pao|Sword of Ruin\n|turn|4\n|\n|t:|1700848382\n|switch|p2a: Inteleon|Inteleon, L50, F|100\/100\n|move|p1a: Palafin|Protect|p1a: Palafin\n|-singleturn|p1a: Palafin|Protect\n|move|p1b: Chien-Pao|Ice Spinner|p2b: Amoonguss\n|-supereffective|p2b: Amoonguss\n|-damage|p2b: Amoonguss|0 fnt\n|faint|p2b: Amoonguss\n|\n|upkeep\n|\n|t:|1700848391\n|switch|p2b: Hariyama|Hariyama, L50, M|100\/100 brn\n|turn|5\n|\n|t:|1700848403\n|-terastallize|p1a: Palafin|Water\n|move|p1b: Chien-Pao|Sucker Punch|p2a: Inteleon\n|-damage|p2a: Inteleon|28\/100\n|move|p2a: Inteleon|Air Slash|p1a: Palafin\n|-damage|p1a: Palafin|37\/100\n|cant|p1a: Palafin|flinch\n|move|p2b: Hariyama|Close Combat|p1b: Chien-Pao\n|-supereffective|p1b: Chien-Pao\n|-enditem|p1b: Chien-Pao|Focus Sash\n|-damage|p1b: Chien-Pao|1\/100\n|-unboost|p2b: Hariyama|def|1\n|-unboost|p2b: Hariyama|spd|1\n|\n|-damage|p2b: Hariyama|95\/100 brn|[from] brn\n|upkeep\n|turn|6\n|\n|t:|1700848427\n|move|p1a: Palafin|Protect|p1a: Palafin\n|-singleturn|p1a: Palafin|Protect\n|move|p1b: Chien-Pao|Sucker Punch|p2a: Inteleon\n|-damage|p2a: Inteleon|0 fnt\n|faint|p2a: Inteleon\n|move|p2b: Hariyama|Bullet Punch|p1b: Chien-Pao\n|-supereffective|p1b: Chien-Pao\n|-damage|p1b: Chien-Pao|0 fnt\n|faint|p1b: Chien-Pao\n|\n|-damage|p2b: Hariyama|89\/100 brn|[from] brn\n|upkeep\n|\n|t:|1700848440\n|switch|p1b: Arcanine|Arcanine, L50, F|100\/100\n|switch|p2a: Chi-Yu|Chi-Yu, L50|91\/100\n|-ability|p2a: Chi-Yu|Beads of Ruin\n|-ability|p1b: Arcanine|Intimidate|boost\n|-unboost|p2a: Chi-Yu|atk|1\n|-unboost|p2b: Hariyama|atk|1\n|turn|7\n|inactive|kahnular has 30 seconds left.\n|\n|t:|1700848465\n|move|p1b: Arcanine|Helping Hand|p1a: Palafin\n|-singleturn|p1a: Palafin|Helping Hand|[of] p1b: Arcanine\n|move|p2a: Chi-Yu|Protect|p2a: Chi-Yu\n|-singleturn|p2a: Chi-Yu|Protect\n|move|p1a: Palafin|Jet Punch|p2a: Chi-Yu\n|-activate|p2a: Chi-Yu|move: Protect\n|move|p2b: Hariyama|Headlong Rush|p1b: Arcanine\n|-supereffective|p1b: Arcanine\n|-damage|p1b: Arcanine|5\/100\n|-unboost|p2b: Hariyama|def|1\n|-unboost|p2b: Hariyama|spd|1\n|\n|-damage|p2b: Hariyama|83\/100 brn|[from] brn\n|upkeep\n|turn|8\n|\n|t:|1700848489\n|-terastallize|p2a: Chi-Yu|Dark\n|move|p1a: Palafin|Jet Punch|p2b: Hariyama\n|-damage|p2b: Hariyama|0 fnt\n|faint|p2b: Hariyama\n|move|p2a: Chi-Yu|Dark Pulse|p1a: Palafin\n|-damage|p1a: Palafin|0 fnt\n|faint|p1a: Palafin\n|-damage|p2a: Chi-Yu|81\/100|[from] item: Life Orb\n|move|p1b: Arcanine|Flare Blitz|p2a: Chi-Yu\n|-crit|p2a: Chi-Yu\n|-damage|p2a: Chi-Yu|0 fnt\n|faint|p2a: Chi-Yu\n|-damage|p1b: Arcanine|0 fnt|[from] Recoil\n|faint|p1b: Arcanine\n|\n|win|Latte_0024\n|raw|Latte_0024's rating: 1000 &rarr; <strong>1044<\/strong><br \/>(+44 for winning)\n|raw|kahnular's rating: 1037 &rarr; <strong>1020<\/strong><br \/>(-17 for losing)\n|l|\u2606kahnular\n","uploadtime":1700848561,"views":1,"p1id":"latte0024","p2id":"kahnular","formatid":"gen9vgc2023regulatione","rating":1020,"private":0,"password":""}