{"id":"gen9vgc2023regulatione-1997897036","p1":"CheebsGeebs","p2":"russianbluecatOvO","format":"[Gen 9] VGC 2023 Regulation E","log":"|j|\u2606CheebsGeebs\n|j|\u2606russianbluecatOvO\n|t:|1700864920\n|gametype|doubles\n|player|p1|CheebsGeebs|brock|1031\n|player|p2|russianbluecatOvO|dawn-gen4pt|1113\n|teamsize|p1|6\n|teamsize|p2|6\n|gen|9\n|tier|[Gen 9] VGC 2023 Regulation E\n|rated|\n|rule|Species Clause: Limit one of each Pok\u00e9mon\n|rule|Item Clause: Limit one of each item\n|clearpoke\n|poke|p1|Ninetales-Alola, L50, M|\n|poke|p1|Iron Bundle, L50|\n|poke|p1|Arcanine-Hisui, L50, F|\n|poke|p1|Rillaboom, L50, M|\n|poke|p1|Gholdengo, L50|\n|poke|p1|Urshifu-*, L50, M|\n|poke|p2|Sneasler, L50, F|\n|poke|p2|Indeedee-F, L50, F|\n|poke|p2|Armarouge, L50, F|\n|poke|p2|Urshifu-*, L50, F|\n|poke|p2|Chien-Pao, L50|\n|poke|p2|Tornadus, L50, M|\n|teampreview|4\nCheebsGeebs has agreed to open team sheets.\n|inactive|Battle timer is ON: inactive players will automatically lose when time's up. (requested by CheebsGeebs)\n|\n|t:|1700864982\n|start\n|switch|p1a: Ninetales|Ninetales-Alola, L50, M|100\/100\n|switch|p1b: Iron Bundle|Iron Bundle, L50|100\/100\n|switch|p2a: Sneasler|Sneasler, L50, F|100\/100\n|switch|p2b: Indeedee|Indeedee-F, L50, F|100\/100\n|-weather|Snow|[from] ability: Snow Warning|[of] p1a: Ninetales\n|-fieldstart|move: Psychic Terrain|[from] ability: Psychic Surge|[of] p2b: Indeedee\n|-enditem|p2a: Sneasler|Psychic Seed\n|-boost|p2a: Sneasler|spd|1|[from] item: Psychic Seed\n|-enditem|p1b: Iron Bundle|Booster Energy\n|-activate|p1b: Iron Bundle|ability: Quark Drive|[fromitem]\n|-start|p1b: Iron Bundle|quarkdrivespe\n|turn|1\n|inactive|CheebsGeebs has 30 seconds left.\n|inactive|CheebsGeebs has 20 seconds left.\n|inactive|CheebsGeebs has 15 seconds left.\n|\n|t:|1700865026\n|-terastallize|p2a: Sneasler|Rock\n|move|p2b: Indeedee|Helping Hand|p2a: Sneasler\n|-singleturn|p2a: Sneasler|Helping Hand|[of] p2b: Indeedee\n|move|p2a: Sneasler|Rock Slide|p1a: Ninetales|[spread] p1a,p1b\n|-supereffective|p1a: Ninetales\n|-supereffective|p1b: Iron Bundle\n|-damage|p1a: Ninetales|8\/100\n|-damage|p1b: Iron Bundle|26\/100\n|move|p1b: Iron Bundle|Blizzard|p2b: Indeedee|[spread] p2a,p2b\n|-damage|p2a: Sneasler|63\/100\n|-damage|p2b: Indeedee|57\/100\n|move|p1a: Ninetales|Moonblast|p2a: Sneasler\n|-damage|p2a: Sneasler|31\/100\n|\n|-weather|Snow|[upkeep]\n|upkeep\n|turn|2\n|inactive|CheebsGeebs has 30 seconds left.\n|inactive|russianbluecatOvO has 30 seconds left.\n|inactive|CheebsGeebs has 20 seconds left.\n|inactive|CheebsGeebs has 15 seconds left.\n|inactive|CheebsGeebs has 10 seconds left.\n|inactive|CheebsGeebs has 5 seconds left.\n|\n|t:|1700865080\n|move|p2b: Indeedee|Helping Hand|p2a: Sneasler\n|-singleturn|p2a: Sneasler|Helping Hand|[of] p2b: Indeedee\n|move|p1a: Ninetales|Protect|p1a: Ninetales\n|-singleturn|p1a: Ninetales|Protect\n|move|p2a: Sneasler|Rock Slide|p1a: Ninetales|[spread] p1b\n|-activate|p1a: Ninetales|move: Protect\n|-supereffective|p1b: Iron Bundle\n|-damage|p1b: Iron Bundle|0 fnt\n|faint|p1b: Iron Bundle\n|-end|p1b: Iron Bundle|Quark Drive|[silent]\n|\n|-weather|Snow|[upkeep]\n|upkeep\n|\n|t:|1700865099\n|switch|p1b: Arcanine|Arcanine-Hisui, L50, F|100\/100\n|-ability|p1b: Arcanine|Intimidate|boost\n|-unboost|p2a: Sneasler|atk|1\n|-unboost|p2b: Indeedee|atk|1\n|turn|3\n|\n|t:|1700865120\n|move|p2b: Indeedee|Helping Hand|p2a: Sneasler\n|-singleturn|p2a: Sneasler|Helping Hand|[of] p2b: Indeedee\n|move|p2a: Sneasler|Rock Slide|p1b: Arcanine|[spread] p1a,p1b\n|-supereffective|p1a: Ninetales\n|-supereffective|p1b: Arcanine\n|-damage|p1a: Ninetales|0 fnt\n|-damage|p1b: Arcanine|28\/100\n|faint|p1a: Ninetales\n|move|p1b: Arcanine|Rock Slide|p2a: Sneasler|[spread] p2a,p2b\n|-damage|p2a: Sneasler|0 fnt\n|-damage|p2b: Indeedee|0 fnt\n|faint|p2a: Sneasler\n|faint|p2b: Indeedee\n|\n|-weather|Snow|[upkeep]\n|upkeep\n|\n|t:|1700865138\n|switch|p1a: Urshifu|Urshifu-Rapid-Strike, L50, M|100\/100\n|switch|p2a: Armarouge|Armarouge, L50, F|100\/100\n|switch|p2b: Urshifu|Urshifu-Rapid-Strike, L50, F|100\/100\n|turn|4\n|\n|t:|1700865156\n|-terastallize|p1a: Urshifu|Water\n|move|p2a: Armarouge|Endure|p2a: Armarouge\n|-singleturn|p2a: Armarouge|move: Endure\n|move|p2b: Urshifu|Surging Strikes|p1b: Arcanine\n|-supereffective|p1b: Arcanine\n|-crit|p1b: Arcanine\n|-damage|p1b: Arcanine|0 fnt\n|faint|p1b: Arcanine\n|-hitcount|p1: Arcanine|1\n|move|p1a: Urshifu|Surging Strikes|p2a: Armarouge\n|-supereffective|p2a: Armarouge\n|-crit|p2a: Armarouge\n|-damage|p2a: Armarouge|28\/100\n|-ability|p2a: Armarouge|Weak Armor|boost\n|-unboost|p2a: Armarouge|def|1\n|-boost|p2a: Armarouge|spe|2\n|-supereffective|p2a: Armarouge\n|-crit|p2a: Armarouge\n|-activate|p2a: Armarouge|move: Endure\n|-damage|p2a: Armarouge|1\/100\n|-ability|p2a: Armarouge|Weak Armor|boost\n|-unboost|p2a: Armarouge|def|1\n|-boost|p2a: Armarouge|spe|2\n|-supereffective|p2a: Armarouge\n|-crit|p2a: Armarouge\n|-activate|p2a: Armarouge|move: Endure\n|-damage|p2a: Armarouge|1\/100\n|-ability|p2a: Armarouge|Weak Armor|boost\n|-unboost|p2a: Armarouge|def|1\n|-boost|p2a: Armarouge|spe|2\n|-hitcount|p2a: Armarouge|3\n|\n|-weather|Snow|[upkeep]\n|upkeep\n|turn|5\n|inactive|CheebsGeebs has 30 seconds left.\n|inactive|russianbluecatOvO has 30 seconds left.\n|\n|t:|1700865190\n|move|p2a: Armarouge|Expanding Force|p1a: Urshifu\n|-damage|p1a: Urshifu|0 fnt\n|faint|p1a: Urshifu\n|\n|win|russianbluecatOvO\n|raw|CheebsGeebs's rating: 1031 &rarr; <strong>1020<\/strong><br \/>(-11 for losing)\n|raw|russianbluecatOvO's rating: 1113 &rarr; <strong>1132<\/strong><br \/>(+19 for winning)\n","uploadtime":1700865198,"views":2,"p1id":"cheebsgeebs","p2id":"russianbluecatovo","formatid":"gen9vgc2023regulatione","rating":1020,"private":0,"password":""}