{"id":"gen9vgc2023regulatione-1990303956","p1":"loveblu2","p2":"magicalarcher57","format":"[Gen 9] VGC 2023 Regulation E","log":"|j|\u2606loveblu2\n|j|\u2606magicalarcher57\n|t:|1699953754\n|gametype|doubles\n|player|p1|loveblu2|boarder|\n|player|p2|magicalarcher57|cynthia-gen4|\n|teamsize|p1|6\n|teamsize|p2|6\n|gen|9\n|tier|[Gen 9] VGC 2023 Regulation E\n|rated|Tournament battle\n|rule|Species Clause: Limit one of each Pok\u00e9mon\n|rule|Item Clause: Limit one of each item\n|clearpoke\n|poke|p1|Meowscarada, L50, M|\n|poke|p1|Thundurus, L50, M|\n|poke|p1|Ogerpon-Wellspring, L50, F|\n|poke|p1|Arcanine-Hisui, L50, M|\n|poke|p1|Flutter Mane, L50|\n|poke|p1|Gholdengo, L50|\n|poke|p2|Regidrago, L50|\n|poke|p2|Indeedee-F, L50, F|\n|poke|p2|Armarouge, L50, M|\n|poke|p2|Ursaluna, L50, F|\n|poke|p2|Torkoal, L50, M|\n|poke|p2|Lilligant-Hisui, L50, F|\n|teampreview|4\n|showteam|p1|Meowscarada||FocusSash|Overgrow|KnockOff,FlowerTrick,FakeTears,Protect|||M|||50|,,,,,Grass]Thundurus||CovertCloak|Prankster|Leer,ThunderWave,WildboltStorm,Taunt|||M|||50|,,,,,Poison]Ogerpon-Wellspring||WellspringMask|WaterAbsorb|SpikyShield,IvyCudgel,PowerWhip,FollowMe|||F|||50|,,,,,Water]Arcanine-Hisui||ChoiceBand|Intimidate|ExtremeSpeed,FlareBlitz,HeadSmash,RockSlide|||M|||50|,,,,,Grass]Flutter Mane||ChoiceSpecs|Protosynthesis|DazzlingGleam,Moonblast,ShadowBall,IcyWind||||||50|,,,,,Fairy]Gholdengo||Leftovers|GoodasGold|MakeItRain,NastyPlot,ShadowBall,Protect||||||50|,,,,,Dragon\n|showteam|p2|Regidrago||ChoiceScarf|DragonsMaw|DragonEnergy,DracoMeteor,DragonPulse,EarthPower||||||50|,,,,,Dragon]Indeedee-F||RockyHelmet|PsychicSurge|FollowMe,HelpingHand,TrickRoom,DazzlingGleam|||F|||50|,,,,,Steel]Armarouge||LifeOrb|FlashFire|ExpandingForce,HeatWave,TrickRoom,Protect|||M|||50|,,,,,Psychic]Ursaluna||FlameOrb|Guts|Facade,HeadlongRush,Earthquake,Protect|||F|||50|,,,,,Ghost]Torkoal||Charcoal|Drought|Eruption,HeatWave,EarthPower,Protect|||M|||50|,,,,,Fire]Lilligant-Hisui||FocusSash|Chlorophyll|CloseCombat,SolarBlade,AfterYou,SleepPowder|||F|||50|,,,,,Ghost\n|\n|t:|1699953799\n|start\n|switch|p1a: Arcanine|Arcanine-Hisui, L50, M|100\/100\n|switch|p1b: Ogerpon|Ogerpon-Wellspring, L50, F|100\/100\n|switch|p2a: Indeedee|Indeedee-F, L50, F|100\/100\n|switch|p2b: Armarouge|Armarouge, L50, M|100\/100\n|-ability|p1a: Arcanine|Intimidate|boost\n|-unboost|p2a: Indeedee|atk|1\n|-unboost|p2b: Armarouge|atk|1\n|-fieldstart|move: Psychic Terrain|[from] ability: Psychic Surge|[of] p2a: Indeedee\n|turn|1\n|\n|t:|1699953853\n|move|p2b: Armarouge|Protect|p2b: Armarouge\n|-singleturn|p2b: Armarouge|Protect\n|move|p1b: Ogerpon|Ivy Cudgel|p2b: Armarouge|[anim] Ivy Cudgel Water\n|-activate|p2b: Armarouge|move: Protect\n|move|p1a: Arcanine|Rock Slide|p2a: Indeedee|[spread] p2a\n|-activate|p2b: Armarouge|move: Protect\n|-damage|p2a: Indeedee|56\/100\n|cant|p2a: Indeedee|flinch\n|\n|upkeep\n|turn|2\n|\n|t:|1699953865\n|-terastallize|p1b: Ogerpon|Water\n|detailschange|p1b: Ogerpon|Ogerpon-Wellspring-Tera, L50, F, tera:Water\n|-ability|p1b: Ogerpon|Embody Aspect (Wellspring)|boost\n|-boost|p1b: Ogerpon|spd|1\n|move|p2a: Indeedee|Follow Me|p2a: Indeedee\n|-singleturn|p2a: Indeedee|move: Follow Me\n|move|p1b: Ogerpon|Ivy Cudgel|p2a: Indeedee|[anim] Ivy Cudgel Water\n|-damage|p2a: Indeedee|0 fnt\n|faint|p2a: Indeedee\n|move|p1a: Arcanine|Rock Slide|p2b: Armarouge\n|-supereffective|p2b: Armarouge\n|-damage|p2b: Armarouge|0 fnt\n|faint|p2b: Armarouge\n|\n|upkeep\n|\n|t:|1699953876\n|switch|p2a: Ursaluna|Ursaluna, L50, F|100\/100\n|switch|p2b: Torkoal|Torkoal, L50, M|100\/100\n|-weather|SunnyDay|[from] ability: Drought|[of] p2b: Torkoal\n|turn|3\n|c|\u2606magicalarcher57|ahh\n|c|\u2606magicalarcher57|the flinch got me\n|\n|t:|1699953887\n|move|p2b: Torkoal|Protect|p2b: Torkoal\n|-singleturn|p2b: Torkoal|Protect\n|move|p1b: Ogerpon|Ivy Cudgel|p2a: Ursaluna|[anim] Ivy Cudgel Water\n|-supereffective|p2a: Ursaluna\n|-damage|p2a: Ursaluna|33\/100\n|move|p1a: Arcanine|Rock Slide|p2a: Ursaluna|[spread] p2a\n|-activate|p2b: Torkoal|move: Protect\n|-resisted|p2a: Ursaluna\n|-damage|p2a: Ursaluna|18\/100\n|move|p2a: Ursaluna|Earthquake|p1b: Ogerpon|[spread] p1a,p1b\n|-activate|p2b: Torkoal|move: Protect\n|-supereffective|p1a: Arcanine\n|-damage|p1a: Arcanine|0 fnt\n|-damage|p1b: Ogerpon|45\/100\n|faint|p1a: Arcanine\n|\n|-weather|SunnyDay|[upkeep]\n|-status|p2a: Ursaluna|brn|[from] item: Flame Orb\n|upkeep\n|c|\u2606loveblu2|sry\n|\n|t:|1699953900\n|switch|p1a: Flutter Mane|Flutter Mane, L50|100\/100\n|-activate|p1a: Flutter Mane|ability: Protosynthesis\n|-start|p1a: Flutter Mane|protosynthesisspe\n|turn|4\n|\n|t:|1699953925\n|-terastallize|p2b: Torkoal|Fire\n|move|p1a: Flutter Mane|Dazzling Gleam|p2b: Torkoal|[spread] p2a,p2b\n|-resisted|p2b: Torkoal\n|-damage|p2a: Ursaluna|0 fnt\n|-damage|p2b: Torkoal|74\/100\n|faint|p2a: Ursaluna\n|move|p1b: Ogerpon|Ivy Cudgel|p2b: Torkoal|[anim] Ivy Cudgel Water\n|-supereffective|p2b: Torkoal\n|-damage|p2b: Torkoal|7\/100\n|move|p2b: Torkoal|Eruption|p1a: Flutter Mane|[spread] p1a,p1b\n|-resisted|p1b: Ogerpon\n|-damage|p1a: Flutter Mane|94\/100\n|-damage|p1b: Ogerpon|42\/100\n|\n|-weather|SunnyDay|[upkeep]\n|upkeep\n|turn|5\n|c|\u2606magicalarcher57|gg\n|\n|t:|1699953936\n|move|p1a: Flutter Mane|Dazzling Gleam|p2b: Torkoal\n|-resisted|p2b: Torkoal\n|-damage|p2b: Torkoal|0 fnt\n|faint|p2b: Torkoal\n|\n|win|loveblu2\n|n|\u2606loveblu2|loveblu2\n|n|\u2606magicalarcher57|magicalarcher57\n|l|\u2606magicalarcher57\n|c|\u2606loveblu2|gg\n|l|\u2606loveblu2\n|j|\u2606magicalarcher57\n|player|p2|magicalarcher57|cynthia-gen4\n","uploadtime":1699954123,"views":10,"p1id":"loveblu2","p2id":"magicalarcher57","formatid":"gen9vgc2023regulatione","rating":0,"private":0,"password":""}