{"id":"gen9vgc2023regulatione-1991877490","p1":"ParadiseVGC","p2":"nomis1","format":"[Gen 9] VGC 2023 Regulation E","log":"|j|\u2606ParadiseVGC\n|j|\u2606nomis1\n|t:|1700132413\n|gametype|doubles\n|player|p1|ParadiseVGC|red|1293\n|player|p2|nomis1|nate|1351\n|teamsize|p1|6\n|teamsize|p2|6\n|gen|9\n|tier|[Gen 9] VGC 2023 Regulation E\n|rated|\n|rule|Species Clause: Limit one of each Pok\u00e9mon\n|rule|Item Clause: Limit one of each item\n|clearpoke\n|poke|p1|Ninetales, L50, M|\n|poke|p1|Charizard, L50, F|\n|poke|p1|Flutter Mane, L50|\n|poke|p1|Indeedee-F, L50, F|\n|poke|p1|Chien-Pao, L50|\n|poke|p1|Sandy Shocks, L50|\n|poke|p2|Dondozo, L50, M|\n|poke|p2|Tatsugiri, L50, F|\n|poke|p2|Glimmora, L50, F|\n|poke|p2|Chien-Pao, L50|\n|poke|p2|Ogerpon-Wellspring, L50, F|\n|poke|p2|Roaring Moon, L50|\n|teampreview|4\n|inactive|Battle timer is ON: inactive players will automatically lose when time's up. (requested by ParadiseVGC)\n|\n|t:|1700132443\n|start\n|switch|p1a: Ninetales|Ninetales, L50, M|100\/100\n|switch|p1b: Flutter Mane|Flutter Mane, L50|100\/100\n|switch|p2a: Roaring Moon|Roaring Moon, L50|100\/100\n|switch|p2b: Ogerpon|Ogerpon-Wellspring, L50, F|100\/100\n|-weather|SunnyDay|[from] ability: Drought|[of] p1a: Ninetales\n|-activate|p2a: Roaring Moon|ability: Protosynthesis\n|-start|p2a: Roaring Moon|protosynthesisatk\n|-activate|p1b: Flutter Mane|ability: Protosynthesis\n|-start|p1b: Flutter Mane|protosynthesisspa\n|turn|1\n|inactive|ParadiseVGC has 30 seconds left.\n|inactive|nomis1 has 30 seconds left.\n|\n|t:|1700132471\n|-terastallize|p1b: Flutter Mane|Fairy\n|-terastallize|p2b: Ogerpon|Water\n|detailschange|p2b: Ogerpon|Ogerpon-Wellspring-Tera, L50, F, tera:Water\n|-ability|p2b: Ogerpon|Embody Aspect (Wellspring)|boost\n|-boost|p2b: Ogerpon|spd|1\n|move|p1a: Ninetales|Overheat|p2b: Ogerpon\n|-resisted|p2b: Ogerpon\n|-damage|p2b: Ogerpon|69\/100\n|-unboost|p1a: Ninetales|spa|2\n|move|p2a: Roaring Moon|Knock Off|p1b: Flutter Mane\n|-resisted|p1b: Flutter Mane\n|-damage|p1b: Flutter Mane|34\/100\n|-enditem|p1b: Flutter Mane|Pixie Plate|[from] move: Knock Off|[of] p2a: Roaring Moon\n|move|p1b: Flutter Mane|Dazzling Gleam|p2b: Ogerpon|[spread] p2a,p2b\n|-supereffective|p2a: Roaring Moon\n|-crit|p2b: Ogerpon\n|-damage|p2a: Roaring Moon|0 fnt\n|-damage|p2b: Ogerpon|0 fnt\n|faint|p2a: Roaring Moon\n|-end|p2a: Roaring Moon|Protosynthesis|[silent]\n|faint|p2b: Ogerpon\n|\n|-weather|SunnyDay|[upkeep]\n|upkeep\n|\n|t:|1700132490\n|switch|p2a: Dondozo|Dondozo, L50, M|100\/100\n|switch|p2b: Tatsugiri|Tatsugiri, L50, F|100\/100\n|-activate|p2b: Tatsugiri|ability: Commander|[of] p2a: Dondozo\n|-boost|p2a: Dondozo|atk|2\n|-boost|p2a: Dondozo|spa|2\n|-boost|p2a: Dondozo|spe|2\n|-boost|p2a: Dondozo|def|2\n|-boost|p2a: Dondozo|spd|2\n|turn|2\n|inactive|ParadiseVGC has 30 seconds left.\n|\n|t:|1700132524\n|switch|p1a: Sandy Shocks|Sandy Shocks, L50|100\/100\n|-activate|p1a: Sandy Shocks|ability: Protosynthesis\n|-start|p1a: Sandy Shocks|protosynthesisspa\n|move|p1b: Flutter Mane|Moonblast|p2a: Dondozo\n|-damage|p2a: Dondozo|52\/100\n|move|p2a: Dondozo|Order Up|p1a: Sandy Shocks\n|-damage|p1a: Sandy Shocks|42\/100\n|-boost|p2a: Dondozo|atk|1\n|\n|-weather|SunnyDay|[upkeep]\n|-heal|p2a: Dondozo|58\/100|[from] item: Leftovers\n|upkeep\n|turn|3\n|\n|t:|1700132542\n|move|p2a: Dondozo|Protect|p2a: Dondozo\n|-singleturn|p2a: Dondozo|Protect\n|move|p1b: Flutter Mane|Moonblast|p2a: Dondozo\n|-activate|p2a: Dondozo|move: Protect\n|move|p1a: Sandy Shocks|Thunderbolt|p2a: Dondozo\n|-activate|p2a: Dondozo|move: Protect\n|\n|-weather|SunnyDay|[upkeep]\n|-heal|p2a: Dondozo|64\/100|[from] item: Leftovers\n|upkeep\n|turn|4\n|\n|t:|1700132566\n|move|p1b: Flutter Mane|Moonblast|p2a: Dondozo\n|-crit|p2a: Dondozo\n|-damage|p2a: Dondozo|0 fnt\n|faint|p2a: Dondozo\n|move|p1a: Sandy Shocks|Thunderbolt|p2b: Tatsugiri\n|-damage|p2b: Tatsugiri|21\/100\n|\n|-weather|SunnyDay|[upkeep]\n|upkeep\n|turn|5\n|\n|t:|1700132579\n|move|p2b: Tatsugiri|Muddy Water|p1a: Sandy Shocks|[spread] p1b\n|-miss|p2b: Tatsugiri|p1a: Sandy Shocks\n|-damage|p1b: Flutter Mane|16\/100\n|move|p1b: Flutter Mane|Moonblast|p2b: Tatsugiri\n|-supereffective|p2b: Tatsugiri\n|-damage|p2b: Tatsugiri|0 fnt\n|faint|p2b: Tatsugiri\n|\n|win|ParadiseVGC\n|raw|ParadiseVGC's rating: 1293 &rarr; <strong>1322<\/strong><br \/>(+29 for winning)\n|raw|nomis1's rating: 1351 &rarr; <strong>1328<\/strong><br \/>(-23 for losing)\n|c|\u2606nomis1|gg\n","uploadtime":1700132588,"views":38,"p1id":"paradisevgc","p2id":"nomis1","formatid":"gen9vgc2023regulatione","rating":1322,"private":0,"password":""}