{"id":"gen9vgc2023regulatione-1992174286","p1":"Atyrri","p2":"Ibanez303x","format":"[Gen 9] VGC 2023 Regulation E","log":"|j|\u2606Atyrri\n|j|\u2606Ibanez303x\n|t:|1700161158\n|gametype|doubles\n|player|p1|Atyrri|n|1024\n|player|p2|Ibanez303x|169|1032\n|teamsize|p1|6\n|teamsize|p2|6\n|gen|9\n|tier|[Gen 9] VGC 2023 Regulation E\n|rated|\n|rule|Species Clause: Limit one of each Pok\u00e9mon\n|rule|Item Clause: Limit one of each item\n|clearpoke\n|poke|p1|Meowscarada, L50, F|\n|poke|p1|Empoleon, L50, M|\n|poke|p1|Typhlosion-Hisui, L50, M|\n|poke|p1|Iron Hands, L50|\n|poke|p1|Landorus-Therian, L50, M|\n|poke|p1|Sinistcha, L50|\n|poke|p2|Tinkaton, L50, F|\n|poke|p2|Iron Hands, L50|\n|poke|p2|Roaring Moon, L50|\n|poke|p2|Gholdengo, L50|\n|poke|p2|Ogerpon-Wellspring, L50, F|\n|poke|p2|Gliscor, L50, M|\n|teampreview|4\n|inactive|Battle timer is ON: inactive players will automatically lose when time's up. (requested by Ibanez303x)\n|inactive|Atyrri has 60 seconds left.\n|\n|t:|1700161229\n|start\n|switch|p1a: Typhlosion|Typhlosion-Hisui, L50, M|100\/100\n|switch|p1b: Landorus|Landorus-Therian, L50, M|100\/100\n|switch|p2a: Tinkaton|Tinkaton, L50, F, shiny|100\/100\n|switch|p2b: Iron Hands|Iron Hands, L50|100\/100\n|-ability|p1b: Landorus|Intimidate|boost\n|-unboost|p2a: Tinkaton|atk|1\n|-unboost|p2b: Iron Hands|atk|1\n|-item|p2a: Tinkaton|Sitrus Berry|[from] ability: Frisk|[of] p1a: Typhlosion|[identify]\n|-item|p2b: Iron Hands|Focus Sash|[from] ability: Frisk|[of] p1a: Typhlosion|[identify]\n|-ability|p2a: Tinkaton|Mold Breaker\n|turn|1\n|inactive|Ibanez303x has 30 seconds left.\n|inactive|Ibanez303x has 20 seconds left.\n|inactive|Ibanez303x has 15 seconds left.\n|\n|t:|1700161270\n|switch|p1b: Sinistcha|Sinistcha, L50|100\/100\n|-terastallize|p2a: Tinkaton|Water\n|move|p2a: Tinkaton|Fake Out|p1b: Sinistcha\n|-immune|p1b: Sinistcha\n|move|p1a: Typhlosion|Heat Wave|p2b: Iron Hands|[spread] p2a,p2b\n|-resisted|p2a: Tinkaton\n|-damage|p2a: Tinkaton|84\/100\n|-damage|p2b: Iron Hands|67\/100\n|-status|p2b: Iron Hands|brn\n|move|p2b: Iron Hands|Swords Dance|p2b: Iron Hands\n|-boost|p2b: Iron Hands|atk|2\n|\n|-damage|p2b: Iron Hands|60\/100 brn|[from] brn\n|upkeep\n|turn|2\n|inactive|Atyrri has 30 seconds left.\n|inactive|Ibanez303x has 30 seconds left.\n|\n|t:|1700161303\n|move|p1a: Typhlosion|Infernal Parade|p2b: Iron Hands\n|-damage|p2b: Iron Hands|8\/100 brn\n|move|p2a: Tinkaton|Thunder Wave|p1b: Sinistcha\n|-status|p1b: Sinistcha|par\n|move|p2b: Iron Hands|Swords Dance|p2b: Iron Hands\n|-boost|p2b: Iron Hands|atk|2\n|cant|p1b: Sinistcha|par\n|\n|-damage|p2b: Iron Hands|2\/100 brn|[from] brn\n|upkeep\n|turn|3\n|inactive|Atyrri has 30 seconds left.\n|inactive|Ibanez303x has 30 seconds left.\n|inactive|Atyrri has 20 seconds left.\n|inactive|Atyrri has 15 seconds left.\n|inactive|Ibanez303x has 20 seconds left.\n|inactive|Atyrri has 10 seconds left.\n|inactive|Ibanez303x has 15 seconds left.\n|inactive|Ibanez303x has 10 seconds left.\n|\n|t:|1700161353\n|switch|p1a: Landorus|Landorus-Therian, L50, M|100\/100\n|-ability|p1a: Landorus|Intimidate|boost\n|-unboost|p2a: Tinkaton|atk|1\n|-unboost|p2b: Iron Hands|atk|1\n|move|p2a: Tinkaton|Knock Off|p1b: Sinistcha\n|-supereffective|p1b: Sinistcha\n|-damage|p1b: Sinistcha|85\/100 par\n|-damage|p2a: Tinkaton|67\/100|[from] item: Rocky Helmet|[of] p1b: Sinistcha\n|-enditem|p1b: Sinistcha|Rocky Helmet|[from] move: Knock Off|[of] p2a: Tinkaton\n|move|p2b: Iron Hands|Drain Punch|p1a: Landorus\n|-resisted|p1a: Landorus\n|-damage|p1a: Landorus|75\/100\n|-heal|p2b: Iron Hands|11\/100 brn|[from] drain|[of] p1a: Landorus\n|cant|p1b: Sinistcha|par\n|\n|-damage|p2b: Iron Hands|5\/100 brn|[from] brn\n|upkeep\n|turn|4\n|inactive|Atyrri has 30 seconds left.\n|inactive|Ibanez303x has 30 seconds left.\n|\n|t:|1700161383\n|move|p1a: Landorus|U-turn|p2b: Iron Hands\n|-resisted|p2b: Iron Hands\n|-damage|p2b: Iron Hands|0 fnt\n|faint|p2b: Iron Hands\n|-end|p2b: Iron Hands|Quark Drive|[silent]\n|\n|t:|1700161395\n|switch|p1a: Empoleon|Empoleon, L50, M|100\/100|[from] U-turn\n|move|p2a: Tinkaton|Gigaton Hammer|p1a: Empoleon\n|-resisted|p1a: Empoleon\n|-crit|p1a: Empoleon\n|-damage|p1a: Empoleon|83\/100\n|cant|p1b: Sinistcha|par\n|\n|upkeep\n|\n|t:|1700161402\n|switch|p2b: Ogerpon|Ogerpon-Wellspring, L50, F|100\/100\n|turn|5\n|c|\u2606Atyrri|lol gaming\n|\n|t:|1700161421\n|move|p1a: Empoleon|Protect|p1a: Empoleon\n|-singleturn|p1a: Empoleon|Protect\n|move|p2b: Ogerpon|Horn Leech|p1a: Empoleon\n|-activate|p1a: Empoleon|move: Protect\n|move|p2a: Tinkaton|Knock Off|p1a: Empoleon\n|-activate|p1a: Empoleon|move: Protect\n|cant|p1b: Sinistcha|par\n|\n|upkeep\n|turn|6\n|inactive|Atyrri has 30 seconds left.\n|inactive|Atyrri has 20 seconds left.\n|inactive|Atyrri has 15 seconds left.\n|\n|t:|1700161464\n|move|p2b: Ogerpon|Horn Leech|p1a: Empoleon\n|-damage|p1a: Empoleon|43\/100\n|move|p2a: Tinkaton|Gigaton Hammer|p1b: Sinistcha\n|-crit|p1b: Sinistcha\n|-damage|p1b: Sinistcha|17\/100 par\n|move|p1a: Empoleon|Flip Turn|p2a: Tinkaton\n|-resisted|p2a: Tinkaton\n|-damage|p2a: Tinkaton|59\/100\n|\n|t:|1700161479\n|switch|p1a: Landorus|Landorus-Therian, L50, M|75\/100|[from] Flip Turn\n|-ability|p1a: Landorus|Intimidate|boost\n|-unboost|p2a: Tinkaton|atk|1\n|-unboost|p2b: Ogerpon|atk|1\n|cant|p1b: Sinistcha|par\n|\n|upkeep\n|turn|7\n|c|\u2606Atyrri|5\n|inactive|Atyrri has 30 seconds left.\n|inactive|Atyrri has 20 seconds left.\n|inactive|Atyrri has 15 seconds left.\n|inactive|Atyrri has 10 seconds left.\n|\n|t:|1700161524\n|move|p1a: Landorus|U-turn|p2b: Ogerpon\n|-supereffective|p2b: Ogerpon\n|-damage|p2b: Ogerpon|48\/100\n|\n|t:|1700161527\n|switch|p1a: Empoleon|Empoleon, L50, M|43\/100|[from] U-turn\n|move|p2b: Ogerpon|Ivy Cudgel|p1a: Empoleon|[anim] Ivy Cudgel Water\n|-resisted|p1a: Empoleon\n|-damage|p1a: Empoleon|27\/100\n|move|p2a: Tinkaton|Knock Off|p1a: Empoleon\n|-damage|p1a: Empoleon|20\/100\n|-enditem|p1a: Empoleon|Custap Berry|[from] move: Knock Off|[of] p2a: Tinkaton\n|cant|p1b: Sinistcha|par\n|\n|upkeep\n|turn|8\n|inactive|Ibanez303x has 30 seconds left.\n|\n|t:|1700161559\n|move|p1a: Empoleon|Protect|p1a: Empoleon\n|-singleturn|p1a: Empoleon|Protect\n|move|p2b: Ogerpon|Ivy Cudgel|p1b: Sinistcha|[anim] Ivy Cudgel Water\n|-resisted|p1b: Sinistcha\n|-damage|p1b: Sinistcha|2\/100 par\n|move|p2a: Tinkaton|Thunder Wave|p1a: Empoleon\n|-activate|p1a: Empoleon|move: Protect\n|move|p1b: Sinistcha|Matcha Gotcha|p2a: Tinkaton|[spread] p2b\n|-miss|p1b: Sinistcha|p2a: Tinkaton\n|-damage|p2b: Ogerpon|22\/100\n|-heal|p1b: Sinistcha|16\/100 par|[from] drain|[of] p2b: Ogerpon\n|\n|upkeep\n|turn|9\n|c|\u2606Atyrri|yeah\n|inactive|Atyrri has 30 seconds left.\n|c|\u2606Atyrri|now this is pokemon\n|inactive|Atyrri has 20 seconds left.\n|inactive|Atyrri has 15 seconds left.\n|\n|t:|1700161601\n|move|p1b: Sinistcha|Protect|p1b: Sinistcha\n|-singleturn|p1b: Sinistcha|Protect\n|move|p2b: Ogerpon|Horn Leech|p1a: Empoleon\n|-damage|p1a: Empoleon|0 fnt\n|-heal|p2b: Ogerpon|32\/100|[from] drain|[of] p1a: Empoleon\n|faint|p1a: Empoleon\n|move|p2a: Tinkaton|Gigaton Hammer|p1b: Sinistcha\n|-activate|p1b: Sinistcha|move: Protect\n|\n|upkeep\n|\n|t:|1700161611\n|switch|p1a: Landorus|Landorus-Therian, L50, M|75\/100\n|-ability|p1a: Landorus|Intimidate|boost\n|-unboost|p2a: Tinkaton|atk|1\n|-unboost|p2b: Ogerpon|atk|1\n|turn|10\n|inactive|Atyrri has 30 seconds left.\n|inactive|Atyrri has 20 seconds left.\n|\n|t:|1700161651\n|switch|p2a: Roaring Moon|Roaring Moon, L50, shiny|100\/100\n|-enditem|p2a: Roaring Moon|Booster Energy\n|-activate|p2a: Roaring Moon|ability: Protosynthesis|[fromitem]\n|-start|p2a: Roaring Moon|protosynthesisatk\n|-terastallize|p1a: Landorus|Flying\n|move|p2b: Ogerpon|Spiky Shield|p2b: Ogerpon\n|-singleturn|p2b: Ogerpon|move: Protect\n|move|p1b: Sinistcha|Rage Powder|p1b: Sinistcha\n|-singleturn|p1b: Sinistcha|move: Rage Powder\n|move|p1a: Landorus|Tera Blast|p2a: Roaring Moon|[anim] Tera Blast Flying\n|-damage|p2a: Roaring Moon|31\/100\n|\n|upkeep\n|turn|11\n|inactive|Ibanez303x has 30 seconds left.\n|inactive|Ibanez303x has 20 seconds left.\n|inactive|Ibanez303x has 15 seconds left.\n|inactive|Ibanez303x has 10 seconds left.\n|\n|t:|1700161699\n|move|p1b: Sinistcha|Rage Powder|p1b: Sinistcha\n|-singleturn|p1b: Sinistcha|move: Rage Powder\n|move|p1a: Landorus|Tera Blast|p2b: Ogerpon|[anim] Tera Blast Flying\n|-supereffective|p2b: Ogerpon\n|-damage|p2b: Ogerpon|0 fnt\n|faint|p2b: Ogerpon\n|move|p2a: Roaring Moon|Throat Chop|p1b: Sinistcha\n|-supereffective|p1b: Sinistcha\n|-damage|p1b: Sinistcha|0 fnt\n|faint|p1b: Sinistcha\n|\n|upkeep\n|\n|t:|1700161708\n|switch|p2b: Tinkaton|Tinkaton, L50, F, shiny, tera:Water|59\/100\n|switch|p1b: Typhlosion|Typhlosion-Hisui, L50, M|100\/100\n|-item|p2b: Tinkaton|Sitrus Berry|[from] ability: Frisk|[of] p1b: Typhlosion|[identify]\n|-ability|p2b: Tinkaton|Mold Breaker\n|turn|12\n|\n|t:|1700161723\n|move|p1a: Landorus|Tera Blast|p2b: Tinkaton|[anim] Tera Blast Flying\n|-damage|p2b: Tinkaton|6\/100\n|-enditem|p2b: Tinkaton|Sitrus Berry|[eat]\n|-heal|p2b: Tinkaton|31\/100|[from] item: Sitrus Berry\n|move|p1b: Typhlosion|Heat Wave|p2a: Roaring Moon|[spread] p2a,p2b\n|-resisted|p2a: Roaring Moon\n|-resisted|p2b: Tinkaton\n|-damage|p2a: Roaring Moon|11\/100\n|-damage|p2b: Tinkaton|14\/100\n|move|p2a: Roaring Moon|Throat Chop|p1b: Typhlosion\n|-supereffective|p1b: Typhlosion\n|-damage|p1b: Typhlosion|0 fnt\n|faint|p1b: Typhlosion\n|move|p2b: Tinkaton|Gigaton Hammer|p1a: Landorus\n|-damage|p1a: Landorus|30\/100\n|\n|upkeep\n|turn|13\n|inactive|Ibanez303x has 30 seconds left.\n|\n|t:|1700161754\n|move|p1a: Landorus|Tera Blast|p2a: Roaring Moon|[anim] Tera Blast Flying\n|-damage|p2a: Roaring Moon|0 fnt\n|faint|p2a: Roaring Moon\n|-end|p2a: Roaring Moon|Protosynthesis|[silent]\n|move|p2b: Tinkaton|Knock Off|p1a: Landorus\n|-damage|p1a: Landorus|9\/100\n|-enditem|p1a: Landorus|Choice Scarf|[from] move: Knock Off|[of] p2b: Tinkaton\n|\n|upkeep\n|turn|14\n|inactive|Atyrri has 30 seconds left.\n|\n|t:|1700161763\n|move|p1a: Landorus|Tera Blast|p2b: Tinkaton|[anim] Tera Blast Flying\n|-damage|p2b: Tinkaton|0 fnt\n|faint|p2b: Tinkaton\n|\n|win|Atyrri\n|inactive|Atyrri has 30 seconds left this turn.\n|raw|Atyrri's rating: 1024 &rarr; <strong>1061<\/strong><br \/>(+37 for winning)\n|raw|Ibanez303x's rating: 1032 &rarr; <strong>1017<\/strong><br \/>(-15 for losing)\n|c|\u2606Ibanez303x|gg\n|c|\u2606Atyrri|gg\n|l|\u2606Ibanez303x\n","uploadtime":1700161806,"views":23,"p1id":"atyrri","p2id":"ibanez303x","formatid":"gen9vgc2023regulatione","rating":1017,"private":0,"password":""}