{"id":"gen9vgc2023regulatione-1998689792","p1":"cyberhex","p2":"CrypticLeonVGC","format":"[Gen 9] VGC 2023 Regulation E","log":"|j|\u2606cyberhex\n|j|\u2606CrypticLeonVGC\n|t:|1700972955\n|gametype|doubles\n|player|p1|cyberhex|101|1339\n|player|p2|CrypticLeonVGC|riley|1395\n|teamsize|p1|6\n|teamsize|p2|6\n|gen|9\n|tier|[Gen 9] VGC 2023 Regulation E\n|rated|\n|rule|Species Clause: Limit one of each Pok\u00e9mon\n|rule|Item Clause: Limit one of each item\n|clearpoke\n|poke|p1|Gholdengo, L50|\n|poke|p1|Arcanine-Hisui, L50, F|\n|poke|p1|Iron Hands, L50|\n|poke|p1|Articuno-Galar, L50|\n|poke|p1|Roaring Moon, L50|\n|poke|p1|Urshifu-*, L50, M|\n|poke|p2|Tornadus, L50, M|\n|poke|p2|Rillaboom, L50, F|\n|poke|p2|Urshifu-*, L50, F|\n|poke|p2|Flutter Mane, L50|\n|poke|p2|Gholdengo, L50|\n|poke|p2|Landorus-Therian, L50, M|\n|teampreview|4\n|inactive|Battle timer is ON: inactive players will automatically lose when time's up. (requested by cyberhex)\nCrypticLeonVGC has agreed to open team sheets.\n|\n|t:|1700972981\n|start\n|switch|p1a: Arcanine|Arcanine-Hisui, L50, F|100\/100\n|switch|p1b: Articuno|Articuno-Galar, L50|100\/100\n|switch|p2a: Tornadus|Tornadus, L50, M|100\/100\n|switch|p2b: Landorus|Landorus-Therian, L50, M|100\/100\n|-ability|p2b: Landorus|Intimidate|boost\n|-unboost|p1a: Arcanine|atk|1\n|-unboost|p1b: Articuno|atk|1\n|-ability|p1b: Articuno|Competitive|boost\n|-boost|p1b: Articuno|spa|2\n|-ability|p1a: Arcanine|Intimidate|boost\n|-unboost|p2a: Tornadus|atk|1\n|-unboost|p2b: Landorus|atk|1\n|turn|1\n|inactive|cyberhex has 30 seconds left.\n|inactive|cyberhex has 20 seconds left.\n|\n|t:|1700973018\n|switch|p1a: Roaring Moon|Roaring Moon, L50, shiny|100\/100\n|-enditem|p1a: Roaring Moon|Booster Energy\n|-activate|p1a: Roaring Moon|ability: Protosynthesis|[fromitem]\n|-start|p1a: Roaring Moon|protosynthesisspe\n|-terastallize|p1b: Articuno|Ground\n|move|p2a: Tornadus|Tailwind|p2a: Tornadus\n|-sidestart|p2: CrypticLeonVGC|move: Tailwind\n|move|p2b: Landorus|Rock Slide|p1a: Roaring Moon|[spread] p1a,p1b\n|-resisted|p1b: Articuno\n|-damage|p1a: Roaring Moon|87\/100\n|-damage|p1b: Articuno|95\/100\n|move|p1b: Articuno|Calm Mind|p1b: Articuno\n|-boost|p1b: Articuno|spa|1\n|-boost|p1b: Articuno|spd|1\n|\n|upkeep\n|turn|2\n|inactive|cyberhex has 30 seconds left.\n|inactive|CrypticLeonVGC has 30 seconds left.\n|\n|t:|1700973051\n|move|p2a: Tornadus|Rain Dance|p2a: Tornadus\n|-weather|RainDance\n|move|p2b: Landorus|Rock Slide|p1a: Roaring Moon|[spread] p1a,p1b\n|-resisted|p1b: Articuno\n|-damage|p1a: Roaring Moon|75\/100\n|-damage|p1b: Articuno|90\/100\n|cant|p1a: Roaring Moon|flinch\n|cant|p1b: Articuno|flinch\n|\n|-weather|RainDance|[upkeep]\n|upkeep\n|turn|3\n|\n|t:|1700973073\n|move|p2b: Landorus|Rock Slide|p1b: Articuno|[spread] p1a,p1b\n|-resisted|p1b: Articuno\n|-damage|p1a: Roaring Moon|61\/100\n|-damage|p1b: Articuno|84\/100\n|move|p2a: Tornadus|Bleakwind Storm|p1a: Roaring Moon|[spread] p1a,p1b\n|-damage|p1a: Roaring Moon|33\/100\n|-damage|p1b: Articuno|68\/100\n|-unboost|p1a: Roaring Moon|spe|1\n|move|p1a: Roaring Moon|Knock Off|p2b: Landorus\n|-damage|p2b: Landorus|54\/100\n|-enditem|p2b: Landorus|Choice Scarf|[from] move: Knock Off|[of] p1a: Roaring Moon\n|move|p1b: Articuno|Freezing Glare|p2a: Tornadus\n|-damage|p2a: Tornadus|0 fnt\n|faint|p2a: Tornadus\n|\n|-weather|RainDance|[upkeep]\n|upkeep\n|\n|t:|1700973094\n|switch|p2a: Gholdengo|Gholdengo, L50|100\/100\n|turn|4\n|inactive|cyberhex has 30 seconds left.\n|\n|t:|1700973120\n|-terastallize|p2a: Gholdengo|Dragon\n|move|p1a: Roaring Moon|Protect|p1a: Roaring Moon\n|-singleturn|p1a: Roaring Moon|Protect\n|move|p2b: Landorus|U-turn|p1b: Articuno\n|-damage|p1b: Articuno|54\/100\n|-damage|p2b: Landorus|38\/100|[from] item: Rocky Helmet|[of] p1b: Articuno\n|\n|t:|1700973127\n|switch|p2b: Urshifu|Urshifu-Rapid-Strike, L50, F|100\/100|[from] U-turn\n|move|p2a: Gholdengo|Make It Rain|p1a: Roaring Moon|[spread] p1b\n|-activate|p1a: Roaring Moon|move: Protect\n|-damage|p1b: Articuno|28\/100\n|-unboost|p2a: Gholdengo|spa|1\n|move|p1b: Articuno|Tera Blast|p2a: Gholdengo|[anim] Tera Blast Ground\n|-crit|p2a: Gholdengo\n|-damage|p2a: Gholdengo|0 fnt\n|faint|p2a: Gholdengo\n|\n|-weather|RainDance|[upkeep]\n|-sideend|p2: CrypticLeonVGC|move: Tailwind\n|upkeep\n|\n|t:|1700973137\n|switch|p2a: Landorus|Landorus-Therian, L50, M|38\/100\n|-ability|p2a: Landorus|Intimidate|boost\n|-unboost|p1a: Roaring Moon|atk|1\n|-unboost|p1b: Articuno|atk|1\n|-ability|p1b: Articuno|Competitive|boost\n|-boost|p1b: Articuno|spa|2\n|turn|5\n|inactive|cyberhex has 30 seconds left.\n|inactive|CrypticLeonVGC has 30 seconds left.\n|\n|t:|1700973169\n|switch|p1b: Gholdengo|Gholdengo, L50|100\/100\n|move|p1a: Roaring Moon|Tailwind|p1a: Roaring Moon\n|-sidestart|p1: cyberhex|move: Tailwind\n|move|p2b: Urshifu|Surging Strikes|p1a: Roaring Moon\n|-resisted|p1a: Roaring Moon\n|-crit|p1a: Roaring Moon\n|-damage|p1a: Roaring Moon|15\/100\n|-resisted|p1a: Roaring Moon\n|-crit|p1a: Roaring Moon\n|-damage|p1a: Roaring Moon|0 fnt\n|faint|p1a: Roaring Moon\n|-end|p1a: Roaring Moon|Protosynthesis|[silent]\n|-hitcount|p1: Roaring Moon|2\n|move|p2a: Landorus|Stomping Tantrum|p1b: Gholdengo\n|-supereffective|p1b: Gholdengo\n|-damage|p1b: Gholdengo|13\/100\n|\n|-weather|RainDance|[upkeep]\n|upkeep\n|\n|t:|1700973183\n|switch|p1a: Arcanine|Arcanine-Hisui, L50, F|100\/100\n|-ability|p1a: Arcanine|Intimidate|boost\n|-unboost|p2a: Landorus|atk|1\n|-unboost|p2b: Urshifu|atk|1\n|turn|6\n|inactive|cyberhex has 30 seconds left.\n|\n|t:|1700973209\n|move|p1a: Arcanine|Extreme Speed|p2a: Landorus\n|-damage|p2a: Landorus|0 fnt\n|faint|p2a: Landorus\n|move|p2b: Urshifu|Aqua Jet|p1b: Gholdengo\n|-damage|p1b: Gholdengo|0 fnt\n|faint|p1b: Gholdengo\n|\n|-weather|none\n|upkeep\n|\n|t:|1700973217\n|switch|p1b: Articuno|Articuno-Galar, L50, tera:Ground|28\/100\n|turn|7\n|\n|t:|1700973226\n|move|p2b: Urshifu|Protect|p2b: Urshifu\n|-singleturn|p2b: Urshifu|Protect\n|move|p1a: Arcanine|Extreme Speed|p2b: Urshifu\n|-activate|p2b: Urshifu|move: Protect\n|move|p1b: Articuno|Freezing Glare|p2b: Urshifu\n|-activate|p2b: Urshifu|move: Protect\n|\n|upkeep\n|turn|8\n|\n|t:|1700973236\n|move|p1a: Arcanine|Extreme Speed|p2b: Urshifu\n|-damage|p2b: Urshifu|60\/100\n|move|p2b: Urshifu|Aqua Jet|p1b: Articuno\n|-supereffective|p1b: Articuno\n|-damage|p1b: Articuno|0 fnt\n|-damage|p2b: Urshifu|43\/100|[from] item: Rocky Helmet|[of] p1b: Articuno\n|faint|p1b: Articuno\n|\n|-sideend|p1: cyberhex|move: Tailwind\n|upkeep\n|turn|9\n|\n|t:|1700973247\n|move|p1a: Arcanine|Extreme Speed|p2b: Urshifu\n|-damage|p2b: Urshifu|4\/100\n|move|p2b: Urshifu|Surging Strikes|p1a: Arcanine\n|-supereffective|p1a: Arcanine\n|-crit|p1a: Arcanine\n|-damage|p1a: Arcanine|7\/100\n|-supereffective|p1a: Arcanine\n|-crit|p1a: Arcanine\n|-damage|p1a: Arcanine|0 fnt\n|faint|p1a: Arcanine\n|-hitcount|p1: Arcanine|2\n|\n|win|CrypticLeonVGC\n|raw|cyberhex's rating: 1339 &rarr; <strong>1322<\/strong><br \/>(-17 for losing)\n|raw|CrypticLeonVGC's rating: 1395 &rarr; <strong>1412<\/strong><br \/>(+17 for winning)\n|c|\u2606CrypticLeonVGC|ggs\n|c|\u2606cyberhex|gg\n|l|\u2606cyberhex\n","uploadtime":1700973261,"views":10,"p1id":"cyberhex","p2id":"crypticleonvgc","formatid":"gen9vgc2023regulatione","rating":1322,"private":0,"password":""}