{"id":"gen9vgc2023regulatione-1990064980","p1":"yawn+sleep1234","p2":"Incenedorus","format":"[Gen 9] VGC 2023 Regulation E","log":"|j|\u2606yawn+sleep1234\n|j|\u2606Incenedorus\n|t:|1699920758\n|gametype|doubles\n|player|p1|yawn+sleep1234|hugh|1380\n|player|p2|Incenedorus|pokemaniac|1415\n|teamsize|p1|6\n|teamsize|p2|6\n|gen|9\n|tier|[Gen 9] VGC 2023 Regulation E\n|rated|\n|rule|Species Clause: Limit one of each Pok\u00e9mon\n|rule|Item Clause: Limit one of each item\n|clearpoke\n|poke|p1|Kingambit, L50, M|\n|poke|p1|Weezing, L50, M|\n|poke|p1|Flutter Mane, L50|\n|poke|p1|Rillaboom, L50, M|\n|poke|p1|Kommo-o, L50, M|\n|poke|p1|Clefable, L50, F|\n|poke|p2|Iron Valiant, L50|\n|poke|p2|Ting-Lu, L50|\n|poke|p2|Ogerpon-Hearthflame, L50, F|\n|poke|p2|Rotom-Wash, L50|\n|poke|p2|Gholdengo, L50|\n|poke|p2|Dragonite, L50, M|\n|teampreview|4\n|inactive|Battle timer is ON: inactive players will automatically lose when time's up. (requested by yawn+sleep1234)\nIncenedorus has agreed to open team sheets.\n|inactive|yawn+sleep1234 has 60 seconds left.\n|inactive|Incenedorus has 60 seconds left.\n|\n|t:|1699920806\n|start\n|switch|p1a: Rillaboom|Rillaboom, L50, M|100\/100\n|switch|p1b: Clefable|Clefable, L50, F|100\/100\n|switch|p2a: Mimi \"Incen\" Rotom|Rotom-Wash, L50|100\/100\n|switch|p2b: Ogerpon|Ogerpon-Hearthflame, L50, F|100\/100\n|-ability|p2b: Ogerpon|Mold Breaker\n|-fieldstart|move: Grassy Terrain|[from] ability: Grassy Surge|[of] p1a: Rillaboom\n|turn|1\n|\n|t:|1699920828\n|move|p2b: Ogerpon|Spiky Shield|p2b: Ogerpon\n|-singleturn|p2b: Ogerpon|move: Protect\n|move|p2a: Mimi \"Incen\" Rotom|Protect|p2a: Mimi \"Incen\" Rotom\n|-singleturn|p2a: Mimi \"Incen\" Rotom|Protect\n|move|p1a: Rillaboom|Fake Out|p2a: Mimi \"Incen\" Rotom\n|-activate|p2a: Mimi \"Incen\" Rotom|move: Protect\n|move|p1b: Clefable|Cosmic Power|p1b: Clefable\n|-boost|p1b: Clefable|def|1\n|-boost|p1b: Clefable|spd|1\n|\n|upkeep\n|turn|2\n|inactive|yawn+sleep1234 has 30 seconds left.\n|\n|t:|1699920859\n|switch|p2b: Gholdengo|Gholdengo, L50|100\/100\n|switch|p1a: Kommo-o|Kommo-o, L50, M, shiny|100\/100\n|-terastallize|p1b: Clefable|Dragon\n|move|p2a: Mimi \"Incen\" Rotom|Will-O-Wisp|p1a: Kommo-o\n|-status|p1a: Kommo-o|brn\n|move|p1b: Clefable|Cosmic Power|p1b: Clefable\n|-boost|p1b: Clefable|def|1\n|-boost|p1b: Clefable|spd|1\n|\n|-damage|p1a: Kommo-o|94\/100 brn|[from] brn\n|upkeep\n|turn|3\n|\n|t:|1699920882\n|switch|p2a: Dragonite|Dragonite, L50, M|100\/100\n|move|p1a: Kommo-o|Protect|p1a: Kommo-o\n|-singleturn|p1a: Kommo-o|Protect\n|move|p2b: Gholdengo|Make It Rain|p1b: Clefable|[spread] p1b\n|-activate|p1a: Kommo-o|move: Protect\n|-damage|p1b: Clefable|85\/100\n|-unboost|p2b: Gholdengo|spa|1\n|move|p1b: Clefable|Cosmic Power|p1b: Clefable\n|-boost|p1b: Clefable|def|1\n|-boost|p1b: Clefable|spd|1\n|\n|-heal|p1a: Kommo-o|100\/100 brn|[from] Grassy Terrain\n|-heal|p1b: Clefable|91\/100|[from] Grassy Terrain\n|-heal|p1b: Clefable|97\/100|[from] item: Leftovers\n|-damage|p1a: Kommo-o|94\/100 brn|[from] brn\n|upkeep\n|turn|4\n|inactive|yawn+sleep1234 has 30 seconds left.\n|inactive|yawn+sleep1234 has 20 seconds left.\n|\n|t:|1699920917\n|switch|p2b: Ogerpon|Ogerpon-Hearthflame, L50, F|100\/100\n|-ability|p2b: Ogerpon|Mold Breaker\n|move|p1b: Clefable|Follow Me|p1b: Clefable\n|-singleturn|p1b: Clefable|move: Follow Me\n|move|p1a: Kommo-o|Clangorous Soul|p1a: Kommo-o\n|-boost|p1a: Kommo-o|atk|1\n|-boost|p1a: Kommo-o|def|1\n|-boost|p1a: Kommo-o|spa|1\n|-boost|p1a: Kommo-o|spd|1\n|-boost|p1a: Kommo-o|spe|1\n|-damage|p1a: Kommo-o|62\/100 brn\n|-enditem|p1a: Kommo-o|Throat Spray\n|-boost|p1a: Kommo-o|spa|1|[from] item: Throat Spray\n|move|p2a: Dragonite|Outrage|p1b: Clefable\n|-supereffective|p1b: Clefable\n|-damage|p1b: Clefable|60\/100\n|\n|-heal|p1a: Kommo-o|68\/100 brn|[from] Grassy Terrain\n|-heal|p1b: Clefable|66\/100|[from] Grassy Terrain\n|-heal|p1b: Clefable|72\/100|[from] item: Leftovers\n|-damage|p1a: Kommo-o|62\/100 brn|[from] brn\n|upkeep\n|turn|5\n|inactive|Incenedorus has 30 seconds left.\n|\n|t:|1699920946\n|move|p1a: Kommo-o|Protect|p1a: Kommo-o\n|-singleturn|p1a: Kommo-o|Protect\n|move|p2b: Ogerpon|Leech Seed|p1a: Kommo-o\n|-activate|p1a: Kommo-o|move: Protect\n|move|p2a: Dragonite|Outrage|p1b: Clefable|[from]lockedmove\n|-supereffective|p1b: Clefable\n|-damage|p1b: Clefable|34\/100\n|-start|p2a: Dragonite|confusion|[fatigue]\n|move|p1b: Clefable|Life Dew|p1b: Clefable|[spread] p1a,p1b\n|-heal|p1a: Kommo-o|86\/100 brn\n|-heal|p1b: Clefable|59\/100\n|\n|-heal|p1a: Kommo-o|93\/100 brn|[from] Grassy Terrain\n|-heal|p1b: Clefable|65\/100|[from] Grassy Terrain\n|-heal|p1b: Clefable|71\/100|[from] item: Leftovers\n|-damage|p1a: Kommo-o|86\/100 brn|[from] brn\n|-fieldend|move: Grassy Terrain\n|upkeep\n|turn|6\n|inactive|Incenedorus has 30 seconds left.\n|inactive|Incenedorus has 20 seconds left.\n|inactive|Incenedorus has 15 seconds left.\n|\n|t:|1699920986\n|switch|p2b: Gholdengo|Gholdengo, L50|100\/100\n|-terastallize|p2a: Dragonite|Grass\n|move|p1b: Clefable|Follow Me|p1b: Clefable\n|-singleturn|p1b: Clefable|move: Follow Me\n|move|p1a: Kommo-o|Clangorous Soul|p1a: Kommo-o\n|-boost|p1a: Kommo-o|atk|1\n|-boost|p1a: Kommo-o|def|1\n|-boost|p1a: Kommo-o|spa|1\n|-boost|p1a: Kommo-o|spd|1\n|-boost|p1a: Kommo-o|spe|1\n|-damage|p1a: Kommo-o|54\/100 brn\n|-activate|p2a: Dragonite|confusion\n|move|p2a: Dragonite|Outrage|p1b: Clefable\n|-supereffective|p1b: Clefable\n|-damage|p1b: Clefable|32\/100\n|\n|-heal|p1b: Clefable|38\/100|[from] item: Leftovers\n|-damage|p1a: Kommo-o|47\/100 brn|[from] brn\n|upkeep\n|turn|7\n|\n|t:|1699921006\n|move|p1a: Kommo-o|Protect|p1a: Kommo-o\n|-singleturn|p1a: Kommo-o|Protect\n|move|p2b: Gholdengo|Make It Rain|p1b: Clefable|[spread] p1b\n|-activate|p1a: Kommo-o|move: Protect\n|-damage|p1b: Clefable|24\/100\n|-unboost|p2b: Gholdengo|spa|1\n|-activate|p2a: Dragonite|confusion\n|move|p2a: Dragonite|Outrage|p1b: Clefable|[from]lockedmove\n|-supereffective|p1b: Clefable\n|-damage|p1b: Clefable|0 fnt\n|faint|p1b: Clefable\n|\n|-damage|p1a: Kommo-o|41\/100 brn|[from] brn\n|upkeep\n|\n|t:|1699921022\n|switch|p1b: Kingambit|Kingambit, L50, M|100\/100\n|turn|8\n|\n|t:|1699921036\n|switch|p2b: Ogerpon|Ogerpon-Hearthflame, L50, F|100\/100\n|-ability|p2b: Ogerpon|Mold Breaker\n|move|p1b: Kingambit|Sucker Punch||[still]\n|-fail|p1b: Kingambit\n|move|p1a: Kommo-o|Clanging Scales|p2a: Dragonite|[spread] p2a,p2b\n|-damage|p2a: Dragonite|74\/100\n|-damage|p2b: Ogerpon|29\/100\n|-unboost|p1a: Kommo-o|def|1\n|-activate|p2a: Dragonite|confusion\n|move|p2a: Dragonite|Outrage|p1a: Kommo-o|[from]lockedmove\n|-supereffective|p1a: Kommo-o\n|-damage|p1a: Kommo-o|0 fnt\n|faint|p1a: Kommo-o\n|\n|upkeep\n|\n|t:|1699921050\n|switch|p1a: Rillaboom|Rillaboom, L50, M|100\/100\n|-fieldstart|move: Grassy Terrain|[from] ability: Grassy Surge|[of] p1a: Rillaboom\n|turn|9\n|\n|t:|1699921068\n|switch|p2a: Mimi \"Incen\" Rotom|Rotom-Wash, L50|100\/100\n|move|p1a: Rillaboom|Fake Out|p2a: Mimi \"Incen\" Rotom\n|-damage|p2a: Mimi \"Incen\" Rotom|88\/100\n|move|p2b: Ogerpon|Leech Seed|p1b: Kingambit\n|-start|p1b: Kingambit|move: Leech Seed\n|move|p1b: Kingambit|Swords Dance|p1b: Kingambit\n|-boost|p1b: Kingambit|atk|2\n|\n|-heal|p2b: Ogerpon|35\/100|[from] Grassy Terrain\n|-damage|p1b: Kingambit|88\/100|[from] Leech Seed|[of] p2b: Ogerpon\n|-heal|p2b: Ogerpon|48\/100|[silent]\n|upkeep\n|turn|10\n|\n|t:|1699921084\n|move|p1a: Rillaboom|Grassy Glide|p2a: Mimi \"Incen\" Rotom\n|-supereffective|p2a: Mimi \"Incen\" Rotom\n|-damage|p2a: Mimi \"Incen\" Rotom|19\/100\n|-enditem|p2a: Mimi \"Incen\" Rotom|Sitrus Berry|[eat]\n|-heal|p2a: Mimi \"Incen\" Rotom|44\/100|[from] item: Sitrus Berry\n|move|p2b: Ogerpon|Ivy Cudgel|p1b: Kingambit\n|-supereffective|p1b: Kingambit\n|-damage|p1b: Kingambit|13\/100\n|move|p2a: Mimi \"Incen\" Rotom|Will-O-Wisp|p1b: Kingambit\n|-status|p1b: Kingambit|brn\n|move|p1b: Kingambit|Kowtow Cleave|p2a: Mimi \"Incen\" Rotom\n|-damage|p2a: Mimi \"Incen\" Rotom|0 fnt\n|faint|p2a: Mimi \"Incen\" Rotom\n|\n|-heal|p2b: Ogerpon|54\/100|[from] Grassy Terrain\n|-heal|p1b: Kingambit|19\/100 brn|[from] Grassy Terrain\n|-damage|p1b: Kingambit|7\/100 brn|[from] Leech Seed|[of] p2b: Ogerpon\n|-heal|p2b: Ogerpon|68\/100|[silent]\n|-damage|p1b: Kingambit|1\/100 brn|[from] brn\n|upkeep\n|\n|t:|1699921106\n|switch|p2a: Gholdengo|Gholdengo, L50|100\/100\n|turn|11\n|\n|t:|1699921113\n|move|p2b: Ogerpon|Spiky Shield|p2b: Ogerpon\n|-singleturn|p2b: Ogerpon|move: Protect\n|move|p2a: Gholdengo|Protect|p2a: Gholdengo\n|-singleturn|p2a: Gholdengo|Protect\n|move|p1b: Kingambit|Sucker Punch||[still]\n|-fail|p1b: Kingambit\n|move|p1a: Rillaboom|High Horsepower|p2b: Ogerpon\n|-activate|p2b: Ogerpon|move: Protect\n|-damage|p1a: Rillaboom|88\/100|[from] Spiky Shield|[of] p2b: Ogerpon\n|\n|-heal|p2b: Ogerpon|73\/100|[from] Grassy Terrain\n|-heal|p1a: Rillaboom|94\/100|[from] Grassy Terrain\n|-heal|p1b: Kingambit|7\/100 brn|[from] Grassy Terrain\n|-damage|p1b: Kingambit|0 fnt|[from] Leech Seed|[of] p2b: Ogerpon\n|-heal|p2b: Ogerpon|80\/100|[silent]\n|faint|p1b: Kingambit\n|upkeep\n|turn|12\n|\n|t:|1699921123\n|switch|p2b: Dragonite|Dragonite, L50, M, tera:Grass|74\/100\n|move|p1a: Rillaboom|High Horsepower|p2b: Dragonite\n|-resisted|p2b: Dragonite\n|-damage|p2b: Dragonite|60\/100\n|move|p2a: Gholdengo|Make It Rain|p1a: Rillaboom\n|-damage|p1a: Rillaboom|56\/100\n|-unboost|p2a: Gholdengo|spa|1\n|\n|-heal|p1a: Rillaboom|62\/100|[from] Grassy Terrain\n|-heal|p2b: Dragonite|67\/100|[from] Grassy Terrain\n|upkeep\n|turn|13\n|-message|yawn+sleep1234 forfeited.\n|\n|win|Incenedorus\n|raw|yawn+sleep1234's rating: 1380 &rarr; <strong>1362<\/strong><br \/>(-18 for losing)\n|raw|Incenedorus's rating: 1415 &rarr; <strong>1433<\/strong><br \/>(+18 for winning)\n|l|\u2606yawn+sleep1234\n","uploadtime":1699921136,"views":12,"p1id":"yawnsleep1234","p2id":"incenedorus","formatid":"gen9vgc2023regulatione","rating":1362,"private":0,"password":""}