{"id":"gen9vgc2023regulatione-1991310637","p1":"Pauliet123","p2":"mil0battles","format":"[Gen 9] VGC 2023 Regulation E","log":"|j|\u2606Pauliet123\n|j|\u2606mil0battles\n|t:|1700066461\n|gametype|doubles\n|player|p1|Pauliet123|101|1409\n|player|p2|mil0battles|265|1431\n|teamsize|p1|6\n|teamsize|p2|6\n|gen|9\n|tier|[Gen 9] VGC 2023 Regulation E\n|rated|\n|rule|Species Clause: Limit one of each Pok\u00e9mon\n|rule|Item Clause: Limit one of each item\n|clearpoke\n|poke|p1|Volcarona, L50, M|\n|poke|p1|Glimmora, L50, F|\n|poke|p1|Iron Hands, L50|\n|poke|p1|Baxcalibur, L50, M|\n|poke|p1|Dondozo, L50, F|\n|poke|p1|Tatsugiri, L50, F|\n|poke|p2|Dondozo, L50, F|\n|poke|p2|Tatsugiri, L50, F|\n|poke|p2|Glimmora, L50, F|\n|poke|p2|Flutter Mane, L50|\n|poke|p2|Ninetales-Alola, L50, F|\n|poke|p2|Iron Hands, L50|\n|teampreview|4\n|inactive|Battle timer is ON: inactive players will automatically lose when time's up. (requested by mil0battles)\n|\n|t:|1700066486\n|start\n|switch|p1a: Dondozo|Dondozo, L50, F|100\/100\n|switch|p1b: Tatsugiri|Tatsugiri, L50, F|100\/100\n|switch|p2a: Ninetales|Ninetales-Alola, L50, F|100\/100\n|switch|p2b: Glimmora|Glimmora, L50, F|100\/100\n|-activate|p1b: Tatsugiri|ability: Commander|[of] p1a: Dondozo\n|-boost|p1a: Dondozo|atk|2\n|-boost|p1a: Dondozo|spa|2\n|-boost|p1a: Dondozo|spe|2\n|-boost|p1a: Dondozo|def|2\n|-boost|p1a: Dondozo|spd|2\n|-weather|Snow|[from] ability: Snow Warning|[of] p2a: Ninetales\n|turn|1\n|\n|t:|1700066498\n|move|p2a: Ninetales|Aurora Veil|p2a: Ninetales\n|-sidestart|p2: mil0battles|move: Aurora Veil\n|move|p2b: Glimmora|Mortal Spin|p1a: Dondozo|[spread] p1a\n|-miss|p2b: Glimmora|p1b: Tatsugiri\n|-damage|p1a: Dondozo|99\/100\n|-status|p1a: Dondozo|psn\n|move|p1a: Dondozo|Earthquake|p2b: Glimmora|[spread] p2a,p2b\n|-miss|p1a: Dondozo|p1b: Tatsugiri\n|-supereffective|p2b: Glimmora\n|-damage|p2a: Ninetales|68\/100\n|-enditem|p2b: Glimmora|Focus Sash\n|-damage|p2b: Glimmora|1\/100\n|-activate|p2b: Glimmora|ability: Toxic Debris\n|-sidestart|p1: Pauliet123|move: Toxic Spikes\n|\n|-weather|Snow|[upkeep]\n|-heal|p1a: Dondozo|100\/100 psn|[from] item: Leftovers\n|-damage|p1a: Dondozo|88\/100 psn|[from] psn\n|upkeep\n|turn|2\n|\n|t:|1700066522\n|move|p2a: Ninetales|Blizzard|p1b: Tatsugiri|[spread] p1a\n|-miss|p2a: Ninetales|p1b: Tatsugiri\n|-resisted|p1a: Dondozo\n|-damage|p1a: Dondozo|81\/100 psn\n|move|p2b: Glimmora|Sludge Bomb|p1a: Dondozo\n|-damage|p1a: Dondozo|56\/100 psn\n|move|p1a: Dondozo|Wave Crash|p2a: Ninetales\n|-damage|p2a: Ninetales|0 fnt\n|faint|p2a: Ninetales\n|-damage|p1a: Dondozo|43\/100 psn|[from] Recoil\n|\n|-weather|Snow|[upkeep]\n|-heal|p1a: Dondozo|50\/100 psn|[from] item: Leftovers\n|-damage|p1a: Dondozo|37\/100 psn|[from] psn\n|upkeep\n|\n|t:|1700066532\n|switch|p2a: Dondozo|Dondozo, L50, F|100\/100\n|turn|3\n|\n|t:|1700066554\n|move|p2a: Dondozo|Protect|p2a: Dondozo\n|-singleturn|p2a: Dondozo|Protect\n|move|p2b: Glimmora|Sludge Bomb|p1a: Dondozo\n|-damage|p1a: Dondozo|11\/100 psn\n|move|p1a: Dondozo|Order Up|p2a: Dondozo\n|-activate|p2a: Dondozo|move: Protect\n|\n|-weather|Snow|[upkeep]\n|-heal|p1a: Dondozo|18\/100 psn|[from] item: Leftovers\n|-damage|p1a: Dondozo|5\/100 psn|[from] psn\n|upkeep\n|turn|4\n|\n|t:|1700066575\n|switch|p2b: Tatsugiri|Tatsugiri, L50, F|100\/100\n|-activate|p2b: Tatsugiri|ability: Commander|[of] p2a: Dondozo\n|-boost|p2a: Dondozo|atk|2\n|-boost|p2a: Dondozo|spa|2\n|-boost|p2a: Dondozo|spe|2\n|-boost|p2a: Dondozo|def|2\n|-boost|p2a: Dondozo|spd|2\n|move|p2a: Dondozo|Order Up|p1a: Dondozo\n|-damage|p1a: Dondozo|0 fnt\n|faint|p1a: Dondozo\n|-boost|p2a: Dondozo|atk|1\n|\n|-weather|Snow|[upkeep]\n|upkeep\n|\n|t:|1700066586\n|switch|p1a: Glimmora|Glimmora, L50, F|100\/100\n|-sideend|p1: Pauliet123|move: Toxic Spikes|[of] p1a: Glimmora\n|turn|5\n|\n|t:|1700066608\n|-terastallize|p1a: Glimmora|Grass\n|move|p2a: Dondozo|Protect|p2a: Dondozo\n|-singleturn|p2a: Dondozo|Protect\n|move|p1b: Tatsugiri|Draco Meteor|p2a: Dondozo\n|-activate|p2a: Dondozo|move: Protect\n|move|p1a: Glimmora|Mortal Spin|p2b: Tatsugiri|[spread] \n|-miss|p1a: Glimmora|p2b: Tatsugiri\n|-activate|p2a: Dondozo|move: Protect\n|\n|-weather|none\n|upkeep\n|turn|6\n|\n|t:|1700066617\n|move|p1b: Tatsugiri|Draco Meteor|p2a: Dondozo|[miss]\n|-miss|p1b: Tatsugiri|p2a: Dondozo\n|move|p2a: Dondozo|Order Up|p1b: Tatsugiri\n|-supereffective|p1b: Tatsugiri\n|-crit|p1b: Tatsugiri\n|-damage|p1b: Tatsugiri|0 fnt\n|faint|p1b: Tatsugiri\n|-boost|p2a: Dondozo|atk|1\n|move|p1a: Glimmora|Sludge Bomb|p2a: Dondozo\n|-damage|p2a: Dondozo|84\/100\n|\n|-heal|p2a: Dondozo|90\/100|[from] item: Leftovers\n|upkeep\n|j| Playsterco\n|\n|t:|1700066623\n|switch|p1b: Iron Hands|Iron Hands, L50|100\/100\n|turn|7\n|\n|t:|1700066628\n|move|p2a: Dondozo|Protect|p2a: Dondozo\n|-singleturn|p2a: Dondozo|Protect\n|move|p1b: Iron Hands|Fake Out|p2a: Dondozo\n|-activate|p2a: Dondozo|move: Protect\n|move|p1a: Glimmora|Mortal Spin|p2a: Dondozo|[spread] \n|-miss|p1a: Glimmora|p2b: Tatsugiri\n|-activate|p2a: Dondozo|move: Protect\n|\n|-heal|p2a: Dondozo|96\/100|[from] item: Leftovers\n|upkeep\n|turn|8\n|\n|t:|1700066637\n|move|p2a: Dondozo|Order Up|p1b: Iron Hands\n|-damage|p1b: Iron Hands|55\/100\n|-boost|p2a: Dondozo|atk|1\n|move|p1a: Glimmora|Mortal Spin|p2a: Dondozo|[spread] p2a\n|-miss|p1a: Glimmora|p2b: Tatsugiri\n|-damage|p2a: Dondozo|95\/100\n|-status|p2a: Dondozo|psn\n|move|p1b: Iron Hands|Wild Charge|p2a: Dondozo\n|-supereffective|p2a: Dondozo\n|-damage|p2a: Dondozo|68\/100 psn\n|-damage|p1b: Iron Hands|50\/100|[from] Recoil\n|\n|-heal|p2a: Dondozo|75\/100 psn|[from] item: Leftovers\n|-damage|p2a: Dondozo|62\/100 psn|[from] psn\n|-sideend|p2: mil0battles|move: Aurora Veil\n|upkeep\n|turn|9\n|\n|t:|1700066659\n|move|p2a: Dondozo|Earthquake|p1a: Glimmora|[spread] p1a,p1b\n|-miss|p2a: Dondozo|p2b: Tatsugiri\n|-resisted|p1a: Glimmora\n|-supereffective|p1b: Iron Hands\n|-damage|p1a: Glimmora|52\/100\n|-damage|p1b: Iron Hands|0 fnt\n|-activate|p1a: Glimmora|ability: Toxic Debris\n|-sidestart|p2: mil0battles|move: Toxic Spikes\n|faint|p1b: Iron Hands\n|-end|p1b: Iron Hands|Quark Drive|[silent]\n|move|p1a: Glimmora|Sludge Bomb|p2a: Dondozo\n|-damage|p2a: Dondozo|36\/100 psn\n|\n|-heal|p2a: Dondozo|42\/100 psn|[from] item: Leftovers\n|-damage|p2a: Dondozo|29\/100 psn|[from] psn\n|upkeep\n|turn|10\n|\n|t:|1700066674\n|move|p1a: Glimmora|Spiky Shield|p1a: Glimmora\n|-singleturn|p1a: Glimmora|move: Protect\n|move|p2a: Dondozo|Order Up|p1a: Glimmora\n|-activate|p1a: Glimmora|move: Protect\n|\n|-heal|p2a: Dondozo|36\/100 psn|[from] item: Leftovers\n|-damage|p2a: Dondozo|23\/100 psn|[from] psn\n|upkeep\n|turn|11\n|\n|t:|1700066689\n|move|p2a: Dondozo|Order Up|p1a: Glimmora\n|-damage|p1a: Glimmora|0 fnt\n|-activate|p1a: Glimmora|ability: Toxic Debris\n|-sidestart|p2: mil0battles|move: Toxic Spikes\n|faint|p1a: Glimmora\n|\n|win|mil0battles\n|raw|Pauliet123's rating: 1409 &rarr; <strong>1390<\/strong><br \/>(-19 for losing)\n|raw|mil0battles's rating: 1431 &rarr; <strong>1450<\/strong><br \/>(+19 for winning)\n","uploadtime":1700066696,"views":17,"p1id":"pauliet123","p2id":"mil0battles","formatid":"gen9vgc2023regulatione","rating":1390,"private":0,"password":""}