{"id":"gen9vgc2023regulatione-1994649062","p1":"Sykamori","p2":"Shadow Reaper ZYX","format":"[Gen 9] VGC 2023 Regulation E","log":"|j|\u2606Sykamori\n|j|\u2606Shadow Reaper ZYX\n|t:|1700475313\n|gametype|doubles\n|player|p1|Sykamori|266|1000\n|player|p2|Shadow Reaper ZYX|veteranf|1041\n|teamsize|p1|6\n|teamsize|p2|6\n|gen|9\n|tier|[Gen 9] VGC 2023 Regulation E\n|rated|\n|rule|Species Clause: Limit one of each Pok\u00e9mon\n|rule|Item Clause: Limit one of each item\n|clearpoke\n|poke|p1|Noivern, L50, M|\n|poke|p1|Torkoal, L50, M|\n|poke|p1|Ludicolo, L50, M|\n|poke|p1|Houndoom, L50, M|\n|poke|p1|Pelipper, L50, F|\n|poke|p1|Shiftry, L50, M|\n|poke|p2|Mimikyu, L50, M|\n|poke|p2|Sinistcha, L50|\n|poke|p2|Regieleki, L50|\n|poke|p2|Chien-Pao, L50|\n|poke|p2|Chi-Yu, L50|\n|poke|p2|Ogerpon-Wellspring, L50, F|\n|teampreview|4\n|\n|t:|1700475342\n|start\n|switch|p1a: Noivern|Noivern, L50, M|100\/100\n|switch|p1b: Torkoal|Torkoal, L50, M, shiny|100\/100\n|switch|p2a: Mimikyu|Mimikyu, L50, M, shiny|100\/100\n|switch|p2b: Regieleki|Regieleki, L50|100\/100\n|-weather|SunnyDay|[from] ability: Drought|[of] p1b: Torkoal\n|turn|1\n|\n|t:|1700475367\n|-terastallize|p2b: Regieleki|Ice\n|move|p2b: Regieleki|Tera Blast|p1a: Noivern|[anim] Tera Blast Ice\n|-supereffective|p1a: Noivern\n|-damage|p1a: Noivern|0 fnt\n|faint|p1a: Noivern\n|move|p2a: Mimikyu|Shadow Claw|p1b: Torkoal\n|-damage|p1b: Torkoal|84\/100\n|-damage|p2a: Mimikyu|90\/100|[from] item: Life Orb\n|move|p1b: Torkoal|Lava Plume|p2b: Regieleki|[spread] p2a,p2b\n|-supereffective|p2b: Regieleki\n|-activate|p2a: Mimikyu|ability: Disguise\n|-damage|p2a: Mimikyu|90\/100\n|-damage|p2b: Regieleki|0 fnt\n|detailschange|p2a: Mimikyu|Mimikyu-Busted, L50, M, shiny\n|-damage|p2a: Mimikyu|78\/100|[from] pokemon: Mimikyu-Busted\n|faint|p2b: Regieleki\n|\n|-weather|SunnyDay|[upkeep]\n|upkeep\n|\n|t:|1700475391\n|switch|p2b: Sinistcha|Sinistcha, L50|100\/100\n|switch|p1a: Houndoom|Houndoom, L50, M|100\/100\n|-heal|p2a: Mimikyu|100\/100|[from] ability: Hospitality|[of] p2b: Sinistcha\n|turn|2\n|\n|t:|1700475408\n|move|p2b: Sinistcha|Protect|p2b: Sinistcha\n|-singleturn|p2b: Sinistcha|Protect\n|move|p2a: Mimikyu|Swords Dance|p2a: Mimikyu\n|-boost|p2a: Mimikyu|atk|2\n|move|p1a: Houndoom|Flamethrower|p2b: Sinistcha\n|-activate|p2b: Sinistcha|move: Protect\n|move|p1b: Torkoal|Lava Plume|p2b: Sinistcha|[spread] p2a\n|-activate|p2b: Sinistcha|move: Protect\n|-start|p1a: Houndoom|ability: Flash Fire\n|-damage|p2a: Mimikyu|67\/100\n|\n|-weather|SunnyDay|[upkeep]\n|upkeep\n|turn|3\n|\n|t:|1700475442\n|move|p2a: Mimikyu|Shadow Claw|p1b: Torkoal\n|-damage|p1b: Torkoal|48\/100\n|-damage|p2a: Mimikyu|57\/100|[from] item: Life Orb\n|move|p1a: Houndoom|Flamethrower|p2b: Sinistcha\n|-supereffective|p2b: Sinistcha\n|-damage|p2b: Sinistcha|0 fnt\n|faint|p2b: Sinistcha\n|move|p1b: Torkoal|Lava Plume|p2a: Mimikyu|[spread] p2a\n|-immune|p1a: Houndoom|[from] ability: Flash Fire\n|-damage|p2a: Mimikyu|29\/100\n|\n|-weather|SunnyDay|[upkeep]\n|upkeep\n|\n|t:|1700475448\n|switch|p2b: Chien-Pao|Chien-Pao, L50|100\/100\n|-ability|p2b: Chien-Pao|Sword of Ruin\n|turn|4\n|\n|t:|1700475468\n|move|p1b: Torkoal|Protect|p1b: Torkoal\n|-singleturn|p1b: Torkoal|Protect\n|move|p2b: Chien-Pao|Brick Break|p1a: Houndoom\n|-supereffective|p1a: Houndoom\n|-damage|p1a: Houndoom|0 fnt\n|faint|p1a: Houndoom\n|move|p2a: Mimikyu|Shadow Claw|p1b: Torkoal\n|-activate|p1b: Torkoal|move: Protect\n|\n|-weather|SunnyDay|[upkeep]\n|upkeep\n|\n|t:|1700475477\n|switch|p1a: Shiftry|Shiftry, L50, M, shiny|100\/100\n|turn|5\n|\n|t:|1700475502\n|move|p1a: Shiftry|Air Slash|p2b: Chien-Pao\n|-damage|p2b: Chien-Pao|77\/100\n|cant|p2b: Chien-Pao|flinch\n|move|p2a: Mimikyu|Swords Dance|p2a: Mimikyu\n|-boost|p2a: Mimikyu|atk|2\n|move|p1b: Torkoal|Body Press|p2b: Chien-Pao\n|-supereffective|p2b: Chien-Pao\n|-damage|p2b: Chien-Pao|0 fnt\n|faint|p2b: Chien-Pao\n|\n|-weather|SunnyDay|[upkeep]\n|upkeep\n|turn|6\n|\n|t:|1700475527\n|move|p1a: Shiftry|Solar Blade||[still]\n|-prepare|p1a: Shiftry|Solar Blade\n|-anim|p1a: Shiftry|Solar Blade|p2a: Mimikyu\n|-damage|p2a: Mimikyu|0 fnt\n|faint|p2a: Mimikyu\n|\n|win|Sykamori\n|raw|Sykamori's rating: 1000 &rarr; <strong>1045<\/strong><br \/>(+45 for winning)\n|raw|Shadow Reaper ZYX's rating: 1041 &rarr; <strong>1023<\/strong><br \/>(-18 for losing)\n|l|\u2606Shadow Reaper ZYX\n","uploadtime":1700475541,"views":2,"p1id":"sykamori","p2id":"shadowreaperzyx","formatid":"gen9vgc2023regulatione","rating":1023,"private":0,"password":""}