{"id":"gen9vgc2023regulatione-1993234466","p1":"batterytestingzone","p2":"PixelMelon","format":"[Gen 9] VGC 2023 Regulation E","log":"|j|\u2606batterytestingzone\n|j|\u2606PixelMelon\n|t:|1700281868\n|gametype|doubles\n|player|p1|batterytestingzone|169|1149\n|player|p2|PixelMelon|swimmer|1073\n|teamsize|p1|6\n|teamsize|p2|6\n|gen|9\n|tier|[Gen 9] VGC 2023 Regulation E\n|rated|\n|rule|Species Clause: Limit one of each Pok\u00e9mon\n|rule|Item Clause: Limit one of each item\n|clearpoke\n|poke|p1|Arcanine-Hisui, L50, F|\n|poke|p1|Maushold-Four, L50|\n|poke|p1|Iron Hands, L50|\n|poke|p1|Zoroark-Hisui, L50, M|\n|poke|p1|Ogerpon-Wellspring, L50, F|\n|poke|p1|Annihilape, L50, M|\n|poke|p2|Sinistcha, L50|\n|poke|p2|Veluza, L50, M|\n|poke|p2|Ninetales-Alola, L50, M|\n|poke|p2|Arcanine-Hisui, L50, M|\n|poke|p2|Iron Hands, L50|\n|poke|p2|Tornadus, L50, M|\n|teampreview|4\nPixelMelon rejected open team sheets.\n|\n|t:|1700281913\n|start\n|switch|p1a: Maushold|Maushold-Four, L50|100\/100\n|switch|p1b: Annihilape|Annihilape, L50, M|100\/100\n|switch|p2a: Man|Tornadus, L50, M|100\/100\n|switch|p2b: Fish|Veluza, L50, M|100\/100\n|turn|1\n|\n|t:|1700281930\n|move|p2a: Man|Tailwind|p2a: Man\n|-sidestart|p2: PixelMelon|move: Tailwind\n|move|p2b: Fish|Fillet Away|p2b: Fish\n|-boost|p2b: Fish|atk|2\n|-boost|p2b: Fish|spa|2\n|-boost|p2b: Fish|spe|2\n|-damage|p2b: Fish|51\/100\n|move|p1a: Maushold|Bitter Malice|p2b: Fish\n|-supereffective|p2b: Fish\n|-damage|p2b: Fish|0 fnt\n|faint|p2b: Fish\n|move|p1b: Annihilape|Bulk Up|p1b: Annihilape\n|-boost|p1b: Annihilape|atk|1\n|-boost|p1b: Annihilape|def|1\n|\n|upkeep\n|\n|t:|1700281954\n|switch|p2b: Dog|Arcanine-Hisui, L50, M|100\/100\n|-ability|p2b: Dog|Intimidate|boost\n|-unboost|p1a: Maushold|atk|1\n|-unboost|p1b: Annihilape|atk|1\n|-ability|p1b: Annihilape|Defiant|boost\n|-boost|p1b: Annihilape|atk|2\n|turn|2\n|\n|t:|1700281976\n|switch|p1a: Arcanine|Arcanine-Hisui, L50, F|100\/100\n|-ability|p1a: Arcanine|Intimidate|boost\n|-unboost|p2a: Man|atk|1\n|-unboost|p2b: Dog|atk|1\n|move|p1b: Annihilape|Protect|p1b: Annihilape\n|-singleturn|p1b: Annihilape|Protect\n|move|p2b: Dog|Rock Slide|p1a: Arcanine|[spread] p1a\n|-activate|p1b: Annihilape|move: Protect\n|-supereffective|p1a: Arcanine\n|-damage|p1a: Arcanine|33\/100\n|move|p2a: Man|Bleakwind Storm|p1a: Arcanine|[spread] p1a\n|-activate|p1b: Annihilape|move: Protect\n|-resisted|p1a: Arcanine\n|-damage|p1a: Arcanine|13\/100\n|\n|upkeep\n|turn|3\n|\n|t:|1700282004\n|-terastallize|p1b: Annihilape|Fire\n|move|p1a: Arcanine|Extreme Speed|p2a: Man\n|-damage|p2a: Man|42\/100\n|move|p2b: Dog|Rock Slide|p1b: Annihilape|[spread] p1a,p1b\n|-supereffective|p1a: Arcanine\n|-supereffective|p1b: Annihilape\n|-damage|p1a: Arcanine|0 fnt\n|-damage|p1b: Annihilape|59\/100\n|faint|p1a: Arcanine\n|move|p2a: Man|Bleakwind Storm|p1b: Annihilape\n|-damage|p1b: Annihilape|21\/100\n|move|p1b: Annihilape|Drain Punch|p2b: Dog\n|-supereffective|p2b: Dog\n|-damage|p2b: Dog|0 fnt\n|-heal|p1b: Annihilape|63\/100|[from] drain|[of] p2b: Dog\n|faint|p2b: Dog\n|-damage|p1b: Annihilape|53\/100|[from] item: Life Orb\n|\n|upkeep\n|\n|t:|1700282024\n|switch|p2b: Pot|Sinistcha, L50|100\/100\n|switch|p1a: Maushold|Maushold-Four, L50|100\/100\n|-heal|p2a: Man|67\/100|[from] ability: Hospitality|[of] p2b: Pot\n|turn|4\n|\n|t:|1700282038\n|move|p1b: Annihilape|Protect|p1b: Annihilape\n|-singleturn|p1b: Annihilape|Protect\n|move|p2a: Man|Bleakwind Storm|p1a: Maushold|[spread] p1a\n|-activate|p1b: Annihilape|move: Protect\n|-damage|p1a: Maushold|63\/100\n|-unboost|p1a: Maushold|spe|1\n|move|p2b: Pot|Matcha Gotcha|p1a: Maushold|[spread] \n|-activate|p1b: Annihilape|move: Protect\n|-miss|p2b: Pot|p1a: Maushold\n|move|p1a: Maushold|Taunt|p2b: Pot\n|-start|p2b: Pot|move: Taunt\n|\n|-sideend|p2: PixelMelon|move: Tailwind\n|upkeep\n|turn|5\n|\n|t:|1700282080\n|move|p2a: Man|Tailwind|p2a: Man\n|-sidestart|p2: PixelMelon|move: Tailwind\n|move|p2b: Pot|Matcha Gotcha|p1a: Maushold|[spread] p1a,p1b\n|-resisted|p1b: Annihilape\n|-damage|p1a: Maushold|35\/100\n|-damage|p1b: Annihilape|45\/100\n|move|p1a: Maushold|Population Bomb|p2a: Man\n|-damage|p2a: Man|59\/100\n|-damage|p2a: Man|52\/100\n|-damage|p2a: Man|45\/100\n|-damage|p2a: Man|37\/100\n|-damage|p2a: Man|28\/100\n|-damage|p2a: Man|20\/100\n|-damage|p2a: Man|12\/100\n|-damage|p2a: Man|5\/100\n|-damage|p2a: Man|0 fnt\n|faint|p2a: Man\n|-hitcount|p2: Man|9\n|move|p1b: Annihilape|Rage Fist|p2b: Pot\n|-supereffective|p2b: Pot\n|-damage|p2b: Pot|0 fnt\n|faint|p2b: Pot\n|-damage|p1b: Annihilape|35\/100|[from] item: Life Orb\n|\n|win|batterytestingzone\n|raw|batterytestingzone's rating: 1149 &rarr; <strong>1169<\/strong><br \/>(+20 for winning)\n|raw|PixelMelon's rating: 1073 &rarr; <strong>1057<\/strong><br \/>(-16 for losing)\n","uploadtime":1700282108,"views":17,"p1id":"batterytestingzone","p2id":"pixelmelon","formatid":"gen9vgc2023regulatione","rating":1057,"private":0,"password":""}