{"id":"gen9vgc2023regulatione-1998545069","p1":"fsdgdsg","p2":"yungelghonami","format":"[Gen 9] VGC 2023 Regulation E","log":"|j|\u2606fsdgdsg\n|j|\u2606yungelghonami\n|t:|1700954563\n|gametype|doubles\n|player|p1|fsdgdsg|169|1040\n|player|p2|yungelghonami|265|1000\n|teamsize|p1|6\n|teamsize|p2|6\n|gen|9\n|tier|[Gen 9] VGC 2023 Regulation E\n|rated|\n|rule|Species Clause: Limit one of each Pok\u00e9mon\n|rule|Item Clause: Limit one of each item\n|clearpoke\n|poke|p1|Rillaboom, L50, F|\n|poke|p1|Vikavolt, L50, F|\n|poke|p1|Gastrodon-East, L50, F|\n|poke|p1|Ursaluna, L50, M|\n|poke|p1|Heatran, L50, M|\n|poke|p1|Cresselia, L50, F|\n|poke|p2|Baxcalibur, L50, M|\n|poke|p2|Ninetales-Alola, L50, F|\n|poke|p2|Cetitan, L50, F|\n|poke|p2|Annihilape, L50, M|\n|poke|p2|Rillaboom, L50, F|\n|poke|p2|Ogerpon-Hearthflame, L50, F|\n|teampreview|4\n|inactive|Battle timer is ON: inactive players will automatically lose when time's up. (requested by fsdgdsg)\n|\n|t:|1700954588\n|start\n|switch|p1a: Rillaboom|Rillaboom, L50, F, shiny|100\/100\n|switch|p1b: Heatran|Heatran, L50, M, shiny|100\/100\n|switch|p2a: Ninetales|Ninetales-Alola, L50, F|100\/100\n|switch|p2b: Cetitan|Cetitan, L50, F|100\/100\n|-weather|Snow|[from] ability: Snow Warning|[of] p2a: Ninetales\n|-fieldstart|move: Grassy Terrain|[from] ability: Grassy Surge|[of] p1a: Rillaboom\n|turn|1\n|\n|t:|1700954605\n|move|p1a: Rillaboom|Fake Out|p2a: Ninetales\n|-damage|p2a: Ninetales|88\/100\n|move|p2b: Cetitan|High Horsepower|p1b: Heatran\n|-supereffective|p1b: Heatran\n|-enditem|p1b: Heatran|Focus Sash\n|-damage|p1b: Heatran|1\/100\n|cant|p2a: Ninetales|flinch\n|move|p1b: Heatran|Heat Wave|p2b: Cetitan|[spread] p2b\n|-miss|p1b: Heatran|p2a: Ninetales\n|-supereffective|p2b: Cetitan\n|-damage|p2b: Cetitan|46\/100\n|\n|-weather|Snow|[upkeep]\n|-heal|p2b: Cetitan|52\/100|[from] Grassy Terrain\n|-heal|p2a: Ninetales|94\/100|[from] Grassy Terrain\n|-heal|p1b: Heatran|7\/100|[from] Grassy Terrain\n|upkeep\n|turn|2\n|inactive|yungelghonami has 30 seconds left.\n|\n|t:|1700954638\n|switch|p1a: Cresselia|Cresselia, L50, F, shiny|100\/100\n|move|p1b: Heatran|Protect|p1b: Heatran\n|-singleturn|p1b: Heatran|Protect\n|move|p2b: Cetitan|Ice Spinner|p1b: Heatran\n|-activate|p1b: Heatran|move: Protect\n|move|p2a: Ninetales|Aurora Veil|p2a: Ninetales\n|-sidestart|p2: yungelghonami|move: Aurora Veil\n|\n|-weather|Snow|[upkeep]\n|-heal|p2b: Cetitan|59\/100|[from] Grassy Terrain\n|-heal|p2a: Ninetales|100\/100|[from] Grassy Terrain\n|-heal|p1b: Heatran|13\/100|[from] Grassy Terrain\n|upkeep\n|turn|3\n|\n|t:|1700954659\n|switch|p1b: Rillaboom|Rillaboom, L50, F, shiny|100\/100\n|move|p2b: Cetitan|Ice Spinner|p1a: Cresselia\n|-damage|p1a: Cresselia|72\/100\n|-fieldend|move: Grassy Terrain\n|move|p2a: Ninetales|Blizzard|p1b: Rillaboom|[spread] p1a,p1b\n|-supereffective|p1b: Rillaboom\n|-damage|p1a: Cresselia|56\/100\n|-damage|p1b: Rillaboom|59\/100\n|move|p1a: Cresselia|Trick Room|p1a: Cresselia\n|-fieldstart|move: Trick Room|[of] p1a: Cresselia\n|\n|-weather|Snow|[upkeep]\n|upkeep\n|turn|4\n|inactive|fsdgdsg has 30 seconds left.\n|\n|t:|1700954686\n|switch|p2b: Rillaboom|Rillaboom, L50, F|100\/100\n|-fieldstart|move: Grassy Terrain|[from] ability: Grassy Surge|[of] p2b: Rillaboom\n|-enditem|p2b: Rillaboom|Grassy Seed\n|-boost|p2b: Rillaboom|def|1|[from] item: Grassy Seed\n|move|p2a: Ninetales|Protect|p2a: Ninetales\n|-singleturn|p2a: Ninetales|Protect\n|move|p1b: Rillaboom|Fake Out|p2b: Rillaboom\n|-damage|p2b: Rillaboom|95\/100\n|move|p1a: Cresselia|Calm Mind|p1a: Cresselia\n|-boost|p1a: Cresselia|spa|1\n|-boost|p1a: Cresselia|spd|1\n|\n|-weather|Snow|[upkeep]\n|-heal|p2b: Rillaboom|100\/100|[from] Grassy Terrain\n|-heal|p1b: Rillaboom|65\/100|[from] Grassy Terrain\n|upkeep\n|turn|5\n|inactive|fsdgdsg has 30 seconds left.\n|\n|t:|1700954713\n|switch|p2a: Baxcalibur|Baxcalibur, L50, M|100\/100\n|move|p1a: Cresselia|Calm Mind|p1a: Cresselia\n|-boost|p1a: Cresselia|spa|1\n|-boost|p1a: Cresselia|spd|1\n|move|p2b: Rillaboom|Acrobatics|p1b: Rillaboom\n|-supereffective|p1b: Rillaboom\n|-damage|p1b: Rillaboom|0 fnt\n|faint|p1b: Rillaboom\n|\n|-weather|none\n|upkeep\n|\n|t:|1700954721\n|switch|p1b: Heatran|Heatran, L50, M, shiny|13\/100\n|turn|6\n|inactive|yungelghonami has 30 seconds left.\n|\n|t:|1700954752\n|move|p1b: Heatran|Protect|p1b: Heatran\n|-singleturn|p1b: Heatran|Protect\n|move|p2b: Rillaboom|Grassy Glide|p1b: Heatran\n|-activate|p1b: Heatran|move: Protect\n|move|p1a: Cresselia|Lunar Blessing|p1a: Cresselia|[spread] p1a,p1b\n|-heal|p1a: Cresselia|81\/100\n|-heal|p1b: Heatran|38\/100\n|move|p2a: Baxcalibur|Icicle Spear|p1a: Cresselia\n|-damage|p1a: Cresselia|69\/100\n|-damage|p1a: Cresselia|58\/100\n|-damage|p1a: Cresselia|45\/100\n|-damage|p1a: Cresselia|34\/100\n|-damage|p1a: Cresselia|23\/100\n|-hitcount|p1a: Cresselia|5\n|\n|-heal|p1b: Heatran|44\/100|[from] Grassy Terrain\n|upkeep\n|turn|7\n|inactive|yungelghonami has 30 seconds left.\n|inactive|yungelghonami has 20 seconds left.\n|inactive|yungelghonami has 15 seconds left.\n|\n|t:|1700954796\n|move|p2a: Baxcalibur|Protect|p2a: Baxcalibur\n|-singleturn|p2a: Baxcalibur|Protect\n|move|p2b: Rillaboom|Grassy Glide|p1a: Cresselia\n|-damage|p1a: Cresselia|0 fnt\n|faint|p1a: Cresselia\n|move|p1b: Heatran|Heat Wave|p2b: Rillaboom|[spread] p2b\n|-activate|p2a: Baxcalibur|move: Protect\n|-supereffective|p2b: Rillaboom\n|-damage|p2b: Rillaboom|56\/100\n|\n|-heal|p1b: Heatran|50\/100|[from] Grassy Terrain\n|-heal|p2b: Rillaboom|62\/100|[from] Grassy Terrain\n|-fieldend|move: Trick Room\n|upkeep\n|-message|fsdgdsg forfeited.\n|\n|win|yungelghonami\n|raw|fsdgdsg's rating: 1040 &rarr; <strong>1022<\/strong><br \/>(-18 for losing)\n|raw|yungelghonami's rating: 1000 &rarr; <strong>1045<\/strong><br \/>(+45 for winning)\n|l|\u2606fsdgdsg\n","uploadtime":1700954821,"views":8,"p1id":"fsdgdsg","p2id":"yungelghonami","formatid":"gen9vgc2023regulatione","rating":1022,"private":0,"password":""}