{"id":"gen9vgc2023regulatione-2000062909","p1":"GB2023pO","p2":"tyranitrev","format":"[Gen 9] VGC 2023 Regulation E","log":"|j|\u2606GB2023pO\n|j|\u2606tyranitrev\n|t:|1701148148\n|gametype|doubles\n|player|p1|GB2023pO|266|1171\n|player|p2|tyranitrev|169|1230\n|teamsize|p1|6\n|teamsize|p2|6\n|gen|9\n|tier|[Gen 9] VGC 2023 Regulation E\n|rated|\n|rule|Species Clause: Limit one of each Pok\u00e9mon\n|rule|Item Clause: Limit one of each item\n|clearpoke\n|poke|p1|Gholdengo, L50|\n|poke|p1|Arcanine-Hisui, L50, F|\n|poke|p1|Chien-Pao, L50|\n|poke|p1|Tornadus, L50, M|\n|poke|p1|Urshifu-*, L50, M|\n|poke|p1|Rillaboom, L50, F|\n|poke|p2|Arcanine-Hisui, L50, F|\n|poke|p2|Articuno-Galar, L50|\n|poke|p2|Gholdengo, L50|\n|poke|p2|Iron Hands, L50|\n|poke|p2|Roaring Moon, L50|\n|poke|p2|Urshifu-*, L50, F|\n|teampreview|4\n|inactive|Battle timer is ON: inactive players will automatically lose when time's up. (requested by GB2023pO)\n|inactive|GB2023pO has 60 seconds left.\n|inactive|tyranitrev has 60 seconds left.\n|inactive|GB2023pO has 30 seconds left.\n|inactive|tyranitrev has 30 seconds left.\n|inactive|GB2023pO has 20 seconds left.\n|inactive|tyranitrev has 20 seconds left.\n|inactive|GB2023pO has 15 seconds left.\n|inactive|GB2023pO has 10 seconds left.\n|inactive|GB2023pO has 5 seconds left.\n|\n|t:|1701148238\n|start\n|switch|p1a: Gholdengo|Gholdengo, L50|100\/100\n|switch|p1b: Arcanine|Arcanine-Hisui, L50, F, shiny|100\/100\n|switch|p2a: Arcanine|Arcanine-Hisui, L50, F|100\/100\n|switch|p2b: Articuno|Articuno-Galar, L50|100\/100\n|-ability|p1b: Arcanine|Intimidate|boost\n|-unboost|p2a: Arcanine|atk|1\n|-unboost|p2b: Articuno|atk|1\n|-ability|p2b: Articuno|Competitive|boost\n|-boost|p2b: Articuno|spa|2\n|-ability|p2a: Arcanine|Intimidate|boost\n|-unboost|p1a: Gholdengo|atk|1\n|-unboost|p1b: Arcanine|atk|1\n|turn|1\n|inactive|GB2023pO has 30 seconds left.\n|inactive|tyranitrev has 30 seconds left.\n|inactive|GB2023pO has 20 seconds left.\n|inactive|GB2023pO has 15 seconds left.\n|inactive|GB2023pO has 10 seconds left.\n|inactive|GB2023pO has 5 seconds left.\n|\n|t:|1701148292\n|switch|p1a: Tornadus|Tornadus, L50, M|100\/100\n|switch|p2a: Roaring Moon|Roaring Moon, L50|100\/100\n|-enditem|p2a: Roaring Moon|Booster Energy\n|-activate|p2a: Roaring Moon|ability: Protosynthesis|[fromitem]\n|-start|p2a: Roaring Moon|protosynthesisspe\n|-terastallize|p2b: Articuno|Ground\n|move|p1b: Arcanine|Rock Slide|p2b: Articuno|[spread] p2a,p2b\n|-resisted|p2b: Articuno\n|-damage|p2a: Roaring Moon|73\/100\n|-damage|p2b: Articuno|87\/100\n|move|p2b: Articuno|Tera Blast|p1a: Tornadus|[anim] Tera Blast Ground\n|-immune|p1a: Tornadus\n|\n|upkeep\n|turn|2\n|\n|t:|1701148315\n|switch|p1b: Chien-Pao|Chien-Pao, L50|100\/100\n|-ability|p1b: Chien-Pao|Sword of Ruin\n|move|p1a: Tornadus|Tailwind|p1a: Tornadus\n|-sidestart|p1: GB2023pO|move: Tailwind\n|move|p2a: Roaring Moon|Tailwind|p2a: Roaring Moon\n|-sidestart|p2: tyranitrev|move: Tailwind\n|move|p2b: Articuno|Tera Blast|p1b: Chien-Pao|[anim] Tera Blast Ground\n|-enditem|p1b: Chien-Pao|Focus Sash\n|-damage|p1b: Chien-Pao|1\/100\n|\n|upkeep\n|turn|3\n|\n|t:|1701148340\n|move|p2b: Articuno|Protect|p2b: Articuno\n|-singleturn|p2b: Articuno|Protect\n|move|p2a: Roaring Moon|Breaking Swipe|p1b: Chien-Pao|[spread] p1a,p1b\n|-damage|p1a: Tornadus|65\/100\n|-damage|p1b: Chien-Pao|0 fnt\n|faint|p1b: Chien-Pao\n|move|p1a: Tornadus|Bleakwind Storm|p2a: Roaring Moon|[spread] p2a\n|-activate|p2b: Articuno|move: Protect\n|-damage|p2a: Roaring Moon|41\/100\n|\n|upkeep\n|\n|t:|1701148349\n|switch|p1b: Gholdengo|Gholdengo, L50|100\/100\n|turn|4\n|\n|t:|1701148361\n|-terastallize|p1b: Gholdengo|Steel\n|move|p2a: Roaring Moon|Knock Off|p1b: Gholdengo\n|-damage|p1b: Gholdengo|48\/100\n|-enditem|p1b: Gholdengo|Choice Specs|[from] move: Knock Off|[of] p2a: Roaring Moon\n|move|p1a: Tornadus|Bleakwind Storm|p2a: Roaring Moon|[spread] p2a,p2b\n|-damage|p2a: Roaring Moon|9\/100\n|-damage|p2b: Articuno|56\/100\n|move|p1b: Gholdengo|Make It Rain|p2a: Roaring Moon|[spread] p2a,p2b\n|-damage|p2a: Roaring Moon|0 fnt\n|-damage|p2b: Articuno|0 fnt\n|-unboost|p1b: Gholdengo|spa|1\n|faint|p2a: Roaring Moon\n|-end|p2a: Roaring Moon|Protosynthesis|[silent]\n|faint|p2b: Articuno\n|\n|upkeep\n|\n|t:|1701148375\n|switch|p2a: Arcanine|Arcanine-Hisui, L50, F|100\/100\n|switch|p2b: Gholdengo|Gholdengo, L50|100\/100\n|-ability|p2a: Arcanine|Intimidate|boost\n|-unboost|p1a: Tornadus|atk|1\n|-unboost|p1b: Gholdengo|atk|1\n|turn|5\n|\n|t:|1701148405\n|switch|p1a: Arcanine|Arcanine-Hisui, L50, F, shiny|100\/100\n|-ability|p1a: Arcanine|Intimidate|boost\n|-unboost|p2a: Arcanine|atk|1\n|-unboost|p2b: Gholdengo|atk|1\n|move|p1b: Gholdengo|Make It Rain|p2a: Arcanine|[spread] p2a,p2b\n|-resisted|p2b: Gholdengo\n|-damage|p2a: Arcanine|58\/100\n|-damage|p2b: Gholdengo|76\/100\n|-unboost|p1b: Gholdengo|spa|1\n|move|p2b: Gholdengo|Make It Rain|p1a: Arcanine|[spread] p1a,p1b\n|-resisted|p1b: Gholdengo\n|-damage|p1a: Arcanine|13\/100\n|-damage|p1b: Gholdengo|12\/100\n|-unboost|p2b: Gholdengo|spa|1\n|-damage|p2b: Gholdengo|66\/100|[from] item: Life Orb\n|move|p2a: Arcanine|Rock Slide|p1a: Arcanine|[spread] p1a,p1b\n|-supereffective|p1a: Arcanine\n|-resisted|p1b: Gholdengo\n|-damage|p1a: Arcanine|0 fnt\n|-damage|p1b: Gholdengo|0 fnt\n|faint|p1a: Arcanine\n|faint|p1b: Gholdengo\n|\n|-sideend|p1: GB2023pO|move: Tailwind\n|-sideend|p2: tyranitrev|move: Tailwind\n|upkeep\n|\n|t:|1701148421\n|switch|p1b: Tornadus|Tornadus, L50, M|65\/100\n|turn|6\n|\n|t:|1701148435\n|move|p1b: Tornadus|Bleakwind Storm|p2a: Arcanine|[spread] \n|-miss|p1b: Tornadus|p2a: Arcanine\n|-miss|p1b: Tornadus|p2b: Gholdengo\n|move|p2b: Gholdengo|Make It Rain|p1b: Tornadus\n|-damage|p1b: Tornadus|0 fnt\n|-unboost|p2b: Gholdengo|spa|1\n|faint|p1b: Tornadus\n|-damage|p2b: Gholdengo|56\/100|[from] item: Life Orb\n|\n|win|tyranitrev\n|raw|GB2023pO's rating: 1171 &rarr; <strong>1150<\/strong><br \/>(-21 for losing)\n|raw|tyranitrev's rating: 1230 &rarr; <strong>1251<\/strong><br \/>(+21 for winning)\n|l|\u2606GB2023pO\n","uploadtime":1701148445,"views":7,"p1id":"gb2023po","p2id":"tyranitrev","formatid":"gen9vgc2023regulatione","rating":1150,"private":0,"password":""}