{"id":"gen9vgc2023regulatione-1994289525","p1":"KingOfGreed64","p2":"bualulu","format":"[Gen 9] VGC 2023 Regulation E","log":"|j|\u2606KingOfGreed64\n|j|\u2606bualulu\n|t:|1700427495\n|gametype|doubles\n|player|p1|KingOfGreed64|guzma|1121\n|player|p2|bualulu|265|1097\n|teamsize|p1|6\n|teamsize|p2|6\n|gen|9\n|tier|[Gen 9] VGC 2023 Regulation E\n|rated|\n|rule|Species Clause: Limit one of each Pok\u00e9mon\n|rule|Item Clause: Limit one of each item\n|clearpoke\n|poke|p1|Dudunsparce-*, L50, M|\n|poke|p1|Clefairy, L50, M|\n|poke|p1|Rillaboom, L50, M|\n|poke|p1|Ogerpon-Hearthflame, L50, F|\n|poke|p1|Landorus-Therian, L50, M|\n|poke|p1|Gholdengo, L50|\n|poke|p2|Landorus-Therian, L50, M|\n|poke|p2|Murkrow, L50, F|\n|poke|p2|Baxcalibur, L50, M|\n|poke|p2|Amoonguss, L50, F|\n|poke|p2|Flutter Mane, L50|\n|poke|p2|Iron Hands, L50|\n|teampreview|4\nbualulu has agreed to open team sheets.\n|inactive|Battle timer is ON: inactive players will automatically lose when time's up. (requested by bualulu)\n|inactive|bualulu has 60 seconds left.\n|inactive|bualulu has 30 seconds left.\n|\n|t:|1700427570\n|start\n|switch|p1a: prince fluff|Clefairy, L50, M, shiny|100\/100\n|switch|p1b: lando|Landorus-Therian, L50, M|100\/100\n|switch|p2a: Iron Hands|Iron Hands, L50|100\/100\n|switch|p2b: Landorus|Landorus-Therian, L50, M|100\/100\n|-ability|p2b: Landorus|Intimidate|boost\n|-unboost|p1a: prince fluff|atk|1\n|-unboost|p1b: lando|atk|1\n|-ability|p1b: lando|Intimidate|boost\n|-unboost|p2a: Iron Hands|atk|1\n|-unboost|p2b: Landorus|atk|1\n|turn|1\n|inactive|KingOfGreed64 has 30 seconds left.\n|inactive|KingOfGreed64 has 20 seconds left.\n|inactive|KingOfGreed64 has 15 seconds left.\n|\n|t:|1700427614\n|move|p2a: Iron Hands|Fake Out|p1b: lando\n|-damage|p1b: lando|91\/100\n|move|p2b: Landorus|U-turn|p1a: prince fluff\n|-resisted|p1a: prince fluff\n|-damage|p1a: prince fluff|94\/100\n|\n|t:|1700427620\n|switch|p2b: Murkrow|Murkrow, L50, F|100\/100|[from] U-turn\n|cant|p1b: lando|flinch\n|move|p1a: prince fluff|Icy Wind|p2a: Iron Hands|[spread] p2a,p2b\n|-supereffective|p2b: Murkrow\n|-damage|p2a: Iron Hands|96\/100\n|-damage|p2b: Murkrow|91\/100\n|-unboost|p2a: Iron Hands|spe|1\n|-unboost|p2b: Murkrow|spe|1\n|\n|upkeep\n|turn|2\n|inactive|bualulu has 30 seconds left.\n|\n|t:|1700427646\n|-end|p2a: Iron Hands|Quark Drive|[silent]\n|switch|p2a: Landorus|Landorus-Therian, L50, M|100\/100\n|-ability|p2a: Landorus|Intimidate|boost\n|-unboost|p1a: prince fluff|atk|1\n|-unboost|p1b: lando|atk|1\n|move|p2b: Murkrow|Taunt|p1a: prince fluff\n|-start|p1a: prince fluff|move: Taunt\n|move|p1b: lando|Stomping Tantrum|p2a: Landorus\n|-immune|p2a: Landorus\n|move|p1a: prince fluff|Icy Wind|p2a: Landorus|[spread] p2a,p2b\n|-supereffective|p2a: Landorus\n|-supereffective|p2b: Murkrow\n|-damage|p2a: Landorus|69\/100\n|-damage|p2b: Murkrow|80\/100\n|-unboost|p2a: Landorus|spe|1\n|-unboost|p2b: Murkrow|spe|1\n|\n|upkeep\n|turn|3\n|\n|t:|1700427665\n|switch|p1b: Dududunsparce|Dudunsparce-Three-Segment, L50, M|100\/100\n|move|p2b: Murkrow|Feather Dance|p1b: Dududunsparce\n|-unboost|p1b: Dududunsparce|atk|2\n|move|p2a: Landorus|Earthquake|p1b: Dududunsparce|[spread] p1a,p1b\n|-immune|p2b: Murkrow\n|-damage|p1a: prince fluff|65\/100\n|-damage|p1b: Dududunsparce|72\/100\n|move|p1a: prince fluff|Icy Wind|p2b: Murkrow|[spread] p2a,p2b\n|-supereffective|p2a: Landorus\n|-supereffective|p2b: Murkrow\n|-crit|p2b: Murkrow\n|-damage|p2a: Landorus|32\/100\n|-damage|p2b: Murkrow|63\/100\n|-unboost|p2a: Landorus|spe|1\n|-unboost|p2b: Murkrow|spe|1\n|\n|-heal|p1b: Dududunsparce|78\/100|[from] item: Leftovers\n|upkeep\n|turn|4\n|inactive|bualulu has 30 seconds left.\n|\n|t:|1700427699\n|switch|p2a: Iron Hands|Iron Hands, L50|96\/100\n|move|p2b: Murkrow|Taunt|p1b: Dududunsparce\n|-start|p1b: Dududunsparce|move: Taunt\n|cant|p1b: Dududunsparce|move: Taunt|Coil\n|move|p1a: prince fluff|Icy Wind|p2b: Murkrow|[spread] p2a,p2b\n|-supereffective|p2b: Murkrow\n|-damage|p2a: Iron Hands|92\/100\n|-damage|p2b: Murkrow|53\/100\n|-unboost|p2a: Iron Hands|spe|1\n|-unboost|p2b: Murkrow|spe|1\n|\n|-heal|p1b: Dududunsparce|84\/100|[from] item: Leftovers\n|-end|p1a: prince fluff|move: Taunt\n|upkeep\n|turn|5\n|\n|t:|1700427720\n|switch|p1b: lando|Landorus-Therian, L50, M|91\/100\n|-ability|p1b: lando|Intimidate|boost\n|-unboost|p2a: Iron Hands|atk|1\n|-unboost|p2b: Murkrow|atk|1\n|move|p1a: prince fluff|Life Dew|p1a: prince fluff|[spread] p1a,p1b\n|-heal|p1a: prince fluff|90\/100\n|-heal|p1b: lando|100\/100\n|move|p2a: Iron Hands|Heavy Slam|p1a: prince fluff\n|-supereffective|p1a: prince fluff\n|-damage|p1a: prince fluff|42\/100\n|move|p2b: Murkrow|Foul Play|p1b: lando\n|-damage|p1b: lando|52\/100\n|\n|upkeep\n|turn|6\n|\n|t:|1700427745\n|-end|p2a: Iron Hands|Quark Drive|[silent]\n|switch|p2a: Landorus|Landorus-Therian, L50, M|32\/100\n|-ability|p2a: Landorus|Intimidate|boost\n|-unboost|p1a: prince fluff|atk|1\n|-unboost|p1b: lando|atk|1\n|move|p2b: Murkrow|Feather Dance|p1b: lando\n|-unboost|p1b: lando|atk|2\n|move|p1b: lando|Rock Slide|p2a: Landorus|[spread] p2a,p2b\n|-supereffective|p2b: Murkrow\n|-damage|p2a: Landorus|22\/100\n|-damage|p2b: Murkrow|29\/100\n|move|p1a: prince fluff|Life Dew|p1a: prince fluff|[spread] p1a,p1b\n|-heal|p1a: prince fluff|67\/100\n|-heal|p1b: lando|77\/100\n|\n|upkeep\n|turn|7\n|\n|t:|1700427770\n|move|p2a: Landorus|Rock Slide|p1a: prince fluff|[spread] p1a,p1b\n|-damage|p1a: prince fluff|52\/100\n|-damage|p1b: lando|58\/100\n|move|p1b: lando|Rock Slide|p2a: Landorus|[spread] p2a,p2b\n|-supereffective|p2b: Murkrow\n|-damage|p2a: Landorus|10\/100\n|-damage|p2b: Murkrow|1\/100\n|move|p1a: prince fluff|Life Dew|p1a: prince fluff|[spread] p1a,p1b\n|-heal|p1a: prince fluff|77\/100\n|-heal|p1b: lando|83\/100\n|move|p2b: Murkrow|Foul Play|p1b: lando\n|-damage|p1b: lando|64\/100\n|\n|upkeep\n|turn|8\n|\n|t:|1700427786\n|switch|p2a: Iron Hands|Iron Hands, L50|92\/100\n|move|p2b: Murkrow|Taunt|p1a: prince fluff\n|-start|p1a: prince fluff|move: Taunt\n|move|p1b: lando|Rock Slide|p2b: Murkrow|[spread] p2a\n|-miss|p1b: lando|p2b: Murkrow\n|-resisted|p2a: Iron Hands\n|-damage|p2a: Iron Hands|89\/100\n|cant|p1a: prince fluff|move: Taunt|Life Dew\n|\n|upkeep\n|turn|9\n|\n|t:|1700427804\n|switch|p1b: dream|Ogerpon-Hearthflame, L50, F|100\/100\n|-ability|p1b: dream|Mold Breaker\n|move|p2b: Murkrow|Feather Dance|p1b: dream\n|-unboost|p1b: dream|atk|2\n|move|p2a: Iron Hands|Heavy Slam|p1a: prince fluff\n|-supereffective|p1a: prince fluff\n|-damage|p1a: prince fluff|7\/100\n|move|p1a: prince fluff|Icy Wind|p2a: Iron Hands|[spread] p2a,p2b\n|-supereffective|p2b: Murkrow\n|-damage|p2a: Iron Hands|85\/100\n|-damage|p2b: Murkrow|0 fnt\n|-unboost|p2a: Iron Hands|spe|1\n|faint|p2b: Murkrow\n|\n|upkeep\n|\n|t:|1700427818\n|switch|p2b: Landorus|Landorus-Therian, L50, M|10\/100\n|-ability|p2b: Landorus|Intimidate|boost\n|-unboost|p1a: prince fluff|atk|1\n|-unboost|p1b: dream|atk|1\n|turn|10\n|\n|t:|1700427833\n|move|p1b: dream|Spiky Shield|p1b: dream\n|-singleturn|p1b: dream|move: Protect\n|move|p2b: Landorus|Stomping Tantrum|p1b: dream\n|-activate|p1b: dream|move: Protect\n|-damage|p2b: Landorus|0 fnt|[from] Spiky Shield|[of] p1b: dream\n|faint|p2b: Landorus\n|move|p1a: prince fluff|Icy Wind|p2a: Iron Hands\n|-damage|p2a: Iron Hands|79\/100\n|-unboost|p2a: Iron Hands|spe|1\n|move|p2a: Iron Hands|Heavy Slam|p1a: prince fluff\n|-supereffective|p1a: prince fluff\n|-damage|p1a: prince fluff|0 fnt\n|faint|p1a: prince fluff\n|\n|upkeep\n|\n|t:|1700427844\n|switch|p2b: Baxcalibur|Baxcalibur, L50, M|100\/100\n|switch|p1a: lando|Landorus-Therian, L50, M|64\/100\n|-ability|p1a: lando|Intimidate|boost\n|-unboost|p2a: Iron Hands|atk|1\n|-unboost|p2b: Baxcalibur|atk|1\n|turn|11\n|\n|t:|1700427858\n|switch|p1b: Dududunsparce|Dudunsparce-Three-Segment, L50, M|84\/100\n|-terastallize|p2b: Baxcalibur|Dragon\n|move|p1a: lando|Rock Slide|p2b: Baxcalibur|[spread] p2a,p2b\n|-resisted|p2a: Iron Hands\n|-crit|p2b: Baxcalibur\n|-damage|p2a: Iron Hands|73\/100\n|-damage|p2b: Baxcalibur|65\/100\n|cant|p2b: Baxcalibur|flinch\n|cant|p2a: Iron Hands|flinch\n|\n|-heal|p1b: Dududunsparce|91\/100|[from] item: Leftovers\n|upkeep\n|turn|12\n|\n|t:|1700427871\n|-terastallize|p1b: Dududunsparce|Ghost\n|move|p1a: lando|Rock Slide|p2b: Baxcalibur|[spread] p2a,p2b\n|-resisted|p2a: Iron Hands\n|-damage|p2a: Iron Hands|65\/100\n|-damage|p2b: Baxcalibur|43\/100\n|cant|p2b: Baxcalibur|flinch\n|move|p1b: Dududunsparce|Coil|p1b: Dududunsparce\n|-boost|p1b: Dududunsparce|atk|1\n|-boost|p1b: Dududunsparce|def|1\n|-boost|p1b: Dududunsparce|accuracy|1\n|cant|p2a: Iron Hands|flinch\n|\n|-heal|p1b: Dududunsparce|97\/100|[from] item: Leftovers\n|upkeep\n|turn|13\n|c|\u2606KingOfGreed64|sorry\n|\n|t:|1700427889\n|move|p1a: lando|Rock Slide|p2b: Baxcalibur|[spread] p2a,p2b\n|-resisted|p2a: Iron Hands\n|-damage|p2a: Iron Hands|58\/100\n|-damage|p2b: Baxcalibur|22\/100\n|cant|p2b: Baxcalibur|flinch\n|move|p1b: Dududunsparce|Coil|p1b: Dududunsparce\n|-boost|p1b: Dududunsparce|atk|1\n|-boost|p1b: Dududunsparce|def|1\n|-boost|p1b: Dududunsparce|accuracy|1\n|move|p2a: Iron Hands|Thunder Punch|p1b: Dududunsparce\n|-damage|p1b: Dududunsparce|82\/100\n|\n|-heal|p1b: Dududunsparce|88\/100|[from] item: Leftovers\n|upkeep\n|turn|14\n|-message|bualulu forfeited.\n|\n|win|KingOfGreed64\n|raw|KingOfGreed64's rating: 1121 &rarr; <strong>1144<\/strong><br \/>(+23 for winning)\n|raw|bualulu's rating: 1097 &rarr; <strong>1074<\/strong><br \/>(-23 for losing)\n|l|\u2606bualulu\n","uploadtime":1700427903,"views":4,"p1id":"kingofgreed64","p2id":"bualulu","formatid":"gen9vgc2023regulatione","rating":1074,"private":0,"password":""}