{"id":"gen9vgc2023regulatione-1998952498","p1":"fsd879fsdfsd","p2":"IKill4Cookies95","format":"[Gen 9] VGC 2023 Regulation E","log":"|j|\u2606fsd879fsdfsd\n|j|\u2606IKill4Cookies95\n|t:|1701017095\n|gametype|doubles\n|player|p1|fsd879fsdfsd|pokemaniac|1140\n|player|p2|IKill4Cookies95|riley|1204\n|teamsize|p1|6\n|teamsize|p2|6\n|gen|9\n|tier|[Gen 9] VGC 2023 Regulation E\n|rated|\n|rule|Species Clause: Limit one of each Pok\u00e9mon\n|rule|Item Clause: Limit one of each item\n|clearpoke\n|poke|p1|Tornadus, L50, M|\n|poke|p1|Urshifu-*, L50, M|\n|poke|p1|Gholdengo, L50|\n|poke|p1|Arcanine-Hisui, L50, M|\n|poke|p1|Rillaboom, L50, F|\n|poke|p1|Amoonguss, L50, M|\n|poke|p2|Dragonite, L50, M|\n|poke|p2|Charizard, L50, F|\n|poke|p2|Tornadus, L50, M|\n|poke|p2|Landorus-Therian, L50, M|\n|poke|p2|Volcarona, L50, M|\n|poke|p2|Chi-Yu, L50|\n|teampreview|4\n|inactive|Battle timer is ON: inactive players will automatically lose when time's up. (requested by IKill4Cookies95)\nfsd879fsdfsd rejected open team sheets.\n|inactive|fsd879fsdfsd has 60 seconds left.\n|inactive|IKill4Cookies95 has 60 seconds left.\n|\n|t:|1701017145\n|start\n|switch|p1a: Urshifu|Urshifu-Rapid-Strike, L50, M|100\/100\n|switch|p1b: Tornadus|Tornadus, L50, M|100\/100\n|switch|p2a: Tornadus|Tornadus, L50, M|100\/100\n|switch|p2b: Landorus|Landorus-Therian, L50, M|100\/100\n|-ability|p2b: Landorus|Intimidate|boost\n|-unboost|p1a: Urshifu|atk|1\n|-unboost|p1b: Tornadus|atk|1\n|turn|1\n|inactive|IKill4Cookies95 has 30 seconds left.\n|\n|t:|1701017176\n|-terastallize|p1a: Urshifu|Water\n|-terastallize|p2b: Landorus|Water\n|move|p2a: Tornadus|Tailwind|p2a: Tornadus\n|-sidestart|p2: IKill4Cookies95|move: Tailwind\n|move|p1b: Tornadus|Tailwind|p1b: Tornadus\n|-sidestart|p1: fsd879fsdfsd|move: Tailwind\n|move|p1a: Urshifu|Surging Strikes|p2b: Landorus\n|-resisted|p2b: Landorus\n|-crit|p2b: Landorus\n|-damage|p2b: Landorus|84\/100\n|-resisted|p2b: Landorus\n|-crit|p2b: Landorus\n|-damage|p2b: Landorus|69\/100\n|-resisted|p2b: Landorus\n|-crit|p2b: Landorus\n|-damage|p2b: Landorus|55\/100\n|-hitcount|p2b: Landorus|3\n|move|p2b: Landorus|Rock Slide|p1b: Tornadus|[spread] p1b\n|-miss|p2b: Landorus|p1a: Urshifu\n|-supereffective|p1b: Tornadus\n|-damage|p1b: Tornadus|58\/100\n|\n|upkeep\n|turn|2\n|inactive|IKill4Cookies95 has 30 seconds left.\n|\n|t:|1701017208\n|move|p1a: Urshifu|Surging Strikes|p2a: Tornadus\n|-crit|p2a: Tornadus\n|-damage|p2a: Tornadus|58\/100\n|-crit|p2a: Tornadus\n|-damage|p2a: Tornadus|17\/100\n|-crit|p2a: Tornadus\n|-damage|p2a: Tornadus|0 fnt\n|faint|p2a: Tornadus\n|-hitcount|p2: Tornadus|3\n|move|p1b: Tornadus|Icy Wind|p2b: Landorus\n|-resisted|p2b: Landorus\n|-damage|p2b: Landorus|45\/100\n|move|p2b: Landorus|Rock Slide|p1a: Urshifu|[spread] p1b\n|-miss|p2b: Landorus|p1a: Urshifu\n|-supereffective|p1b: Tornadus\n|-damage|p1b: Tornadus|8\/100\n|\n|upkeep\n|\n|t:|1701017226\n|switch|p2a: Volcarona|Volcarona, L50, M|100\/100\n|turn|3\n|\n|t:|1701017242\n|move|p1a: Urshifu|Surging Strikes|p2a: Volcarona\n|-supereffective|p2a: Volcarona\n|-crit|p2a: Volcarona\n|-damage|p2a: Volcarona|21\/100\n|-status|p1a: Urshifu|brn|[from] ability: Flame Body|[of] p2a: Volcarona\n|-supereffective|p2a: Volcarona\n|-crit|p2a: Volcarona\n|-damage|p2a: Volcarona|0 fnt\n|faint|p2a: Volcarona\n|-hitcount|p2: Volcarona|2\n|move|p1b: Tornadus|Bleakwind Storm|p2b: Landorus|[miss]\n|-miss|p1b: Tornadus|p2b: Landorus\n|move|p2b: Landorus|Rock Slide|p1a: Urshifu|[spread] p1a,p1b\n|-supereffective|p1b: Tornadus\n|-damage|p1a: Urshifu|80\/100 brn\n|-damage|p1b: Tornadus|0 fnt\n|faint|p1b: Tornadus\n|\n|-damage|p1a: Urshifu|74\/100 brn|[from] brn\n|upkeep\n|\n|t:|1701017265\n|switch|p1b: Rillaboom|Rillaboom, L50, F|100\/100\n|switch|p2a: Charizard|Charizard, L50, F|100\/100\n|-fieldstart|move: Grassy Terrain|[from] ability: Grassy Surge|[of] p1b: Rillaboom\n|turn|4\n|\n|t:|1701017281\n|move|p2b: Landorus|Protect|p2b: Landorus\n|-singleturn|p2b: Landorus|Protect\n|move|p1b: Rillaboom|Grassy Glide|p2b: Landorus\n|-activate|p2b: Landorus|move: Protect\n|move|p1a: Urshifu|Surging Strikes|p2a: Charizard\n|-supereffective|p2a: Charizard\n|-crit|p2a: Charizard\n|-damage|p2a: Charizard|65\/100\n|-supereffective|p2a: Charizard\n|-crit|p2a: Charizard\n|-damage|p2a: Charizard|31\/100\n|-supereffective|p2a: Charizard\n|-crit|p2a: Charizard\n|-damage|p2a: Charizard|0 fnt\n|faint|p2a: Charizard\n|-hitcount|p2: Charizard|3\n|\n|-heal|p1a: Urshifu|80\/100 brn|[from] Grassy Terrain\n|-heal|p2b: Landorus|51\/100|[from] Grassy Terrain\n|-damage|p1a: Urshifu|74\/100 brn|[from] brn\n|-sideend|p2: IKill4Cookies95|move: Tailwind\n|-sideend|p1: fsd879fsdfsd|move: Tailwind\n|upkeep\n|turn|5\n|-message|IKill4Cookies95 forfeited.\n|\n|win|fsd879fsdfsd\n|raw|fsd879fsdfsd's rating: 1140 &rarr; <strong>1170<\/strong><br \/>(+30 for winning)\n|raw|IKill4Cookies95's rating: 1204 &rarr; <strong>1174<\/strong><br \/>(-30 for losing)\n|l|\u2606IKill4Cookies95\n","uploadtime":1701017301,"views":1,"p1id":"fsd879fsdfsd","p2id":"ikill4cookies95","formatid":"gen9vgc2023regulatione","rating":1170,"private":0,"password":""}