{"id":"gen9vgc2023regulatione-1993253821","p1":"A01562026","p2":"the third altD","format":"[Gen 9] VGC 2023 Regulation E","log":"|j|\u2606A01562026\n|j|\u2606the third altD\n|t:|1700284813\n|gametype|doubles\n|player|p1|A01562026|102|1478\n|player|p2|the third altD|n|1431\n|teamsize|p1|6\n|teamsize|p2|6\n|gen|9\n|tier|[Gen 9] VGC 2023 Regulation E\n|rated|\n|rule|Species Clause: Limit one of each Pok\u00e9mon\n|rule|Item Clause: Limit one of each item\n|clearpoke\n|poke|p1|Grimmsnarl, L50, M|\n|poke|p1|Moltres-Galar, L50|\n|poke|p1|Sinistcha-Masterpiece, L50|\n|poke|p1|Gyarados, L50, M|\n|poke|p1|Clodsire, L50, M|\n|poke|p1|Annihilape, L50, F|\n|poke|p2|Sableye, L50, F|\n|poke|p2|Salamence, L50, F|\n|poke|p2|Scizor, L50, M|\n|poke|p2|Zapdos-Galar, L50|\n|poke|p2|Rillaboom, L50, F|\n|poke|p2|Ogerpon-Wellspring, L50, F|\n|teampreview|4\nthe third altD has agreed to open team sheets.\n|\n|t:|1700284846\n|start\n|switch|p1a: Grimmsnarl|Grimmsnarl, L50, M|100\/100\n|switch|p1b: Annihilape|Annihilape, L50, F|100\/100\n|switch|p2a: Scizor|Scizor, L50, M|100\/100\n|switch|p2b: Rillaboom|Rillaboom, L50, F|100\/100\n|-fieldstart|move: Grassy Terrain|[from] ability: Grassy Surge|[of] p2b: Rillaboom\n|turn|1\n|\n|t:|1700284871\n|switch|p1a: Sinistcha|Sinistcha-Masterpiece, L50|100\/100\n|move|p2b: Rillaboom|Fake Out|p1a: Sinistcha\n|-immune|p1a: Sinistcha\n|move|p2a: Scizor|Bullet Punch|p1a: Sinistcha\n|-damage|p1a: Sinistcha|68\/100\n|-damage|p2a: Scizor|84\/100|[from] item: Rocky Helmet|[of] p1a: Sinistcha\n|move|p1b: Annihilape|Bulk Up|p1b: Annihilape\n|-boost|p1b: Annihilape|atk|1\n|-boost|p1b: Annihilape|def|1\n|\n|-heal|p2a: Scizor|90\/100|[from] Grassy Terrain\n|-heal|p1a: Sinistcha|75\/100|[from] Grassy Terrain\n|upkeep\n|turn|2\n|\n|t:|1700284898\n|move|p1b: Annihilape|Bulk Up|p1b: Annihilape\n|-boost|p1b: Annihilape|atk|1\n|-boost|p1b: Annihilape|def|1\n|move|p2b: Rillaboom|Wood Hammer|p1b: Annihilape\n|-damage|p1b: Annihilape|59\/100\n|-damage|p2b: Rillaboom|85\/100|[from] Recoil\n|move|p2a: Scizor|Dual Wingbeat|p1b: Annihilape\n|-supereffective|p1b: Annihilape\n|-crit|p1b: Annihilape\n|-damage|p1b: Annihilape|1\/100\n|-supereffective|p1b: Annihilape\n|-damage|p1b: Annihilape|0 fnt\n|faint|p1b: Annihilape\n|-hitcount|p1: Annihilape|2\n|move|p1a: Sinistcha|Matcha Gotcha|p2b: Rillaboom|[spread] p2b\n|-miss|p1a: Sinistcha|p2a: Scizor\n|-resisted|p2b: Rillaboom\n|-damage|p2b: Rillaboom|68\/100\n|-heal|p1a: Sinistcha|84\/100|[from] drain|[of] p2b: Rillaboom\n|\n|-heal|p2b: Rillaboom|74\/100|[from] Grassy Terrain\n|-heal|p2a: Scizor|96\/100|[from] Grassy Terrain\n|-heal|p1a: Sinistcha|90\/100|[from] Grassy Terrain\n|upkeep\n|\n|t:|1700284924\n|switch|p1b: Grimmsnarl|Grimmsnarl, L50, M|100\/100\n|turn|3\n|\n|t:|1700284933\n|move|p2b: Rillaboom|Grassy Glide|p1b: Grimmsnarl\n|-damage|p1b: Grimmsnarl|50\/100\n|move|p2a: Scizor|Bullet Punch|p1b: Grimmsnarl\n|-supereffective|p1b: Grimmsnarl\n|-damage|p1b: Grimmsnarl|0 fnt\n|faint|p1b: Grimmsnarl\n|move|p1a: Sinistcha|Matcha Gotcha|p2b: Rillaboom|[spread] p2a,p2b\n|-resisted|p2a: Scizor\n|-resisted|p2b: Rillaboom\n|-damage|p2a: Scizor|90\/100\n|-heal|p1a: Sinistcha|93\/100|[from] drain|[of] p2a: Scizor\n|-damage|p2b: Rillaboom|57\/100\n|-heal|p1a: Sinistcha|100\/100|[from] drain|[of] p2b: Rillaboom\n|\n|-heal|p2b: Rillaboom|63\/100|[from] Grassy Terrain\n|-heal|p2a: Scizor|96\/100|[from] Grassy Terrain\n|upkeep\n|\n|t:|1700284951\n|switch|p1b: Moltres|Moltres-Galar, L50|100\/100\n|turn|4\n|\n|t:|1700284964\n|move|p1b: Moltres|Fiery Wrath|p2b: Rillaboom|[spread] p2a,p2b\n|-crit|p2b: Rillaboom\n|-damage|p2a: Scizor|68\/100\n|-damage|p2b: Rillaboom|15\/100\n|move|p2b: Rillaboom|Knock Off|p1a: Sinistcha\n|-supereffective|p1a: Sinistcha\n|-crit|p1a: Sinistcha\n|-damage|p1a: Sinistcha|15\/100\n|-damage|p2b: Rillaboom|0 fnt|[from] item: Rocky Helmet|[of] p1a: Sinistcha\n|faint|p2b: Rillaboom\n|move|p2a: Scizor|U-turn|p1a: Sinistcha\n|-damage|p1a: Sinistcha|0 fnt\n|-damage|p2a: Scizor|51\/100|[from] item: Rocky Helmet|[of] p1a: Sinistcha\n|faint|p1a: Sinistcha\n|\n|t:|1700284975\n|switch|p2a: Zapdos|Zapdos-Galar, L50|100\/100|[from] U-turn\n|\n|upkeep\n|\n|t:|1700284980\n|switch|p2b: Scizor|Scizor, L50, M|51\/100\n|turn|5\n|\n|t:|1700285002\n|-terastallize|p2a: Zapdos|Steel\n|-terastallize|p1b: Moltres|Poison\n|move|p2a: Zapdos|Thunderous Kick|p1b: Moltres\n|-resisted|p1b: Moltres\n|-damage|p1b: Moltres|78\/100\n|-unboost|p1b: Moltres|def|1\n|move|p1b: Moltres|Fiery Wrath|p2a: Zapdos|[spread] p2a,p2b\n|-damage|p2a: Zapdos|65\/100\n|-damage|p2b: Scizor|23\/100\n|move|p2b: Scizor|Knock Off|p1b: Moltres\n|-crit|p1b: Moltres\n|-damage|p1b: Moltres|0 fnt\n|-enditem|p1b: Moltres|Sitrus Berry|[from] move: Knock Off|[of] p2b: Scizor\n|faint|p1b: Moltres\n|\n|win|the third altD\n|raw|A01562026's rating: 1478 &rarr; <strong>1455<\/strong><br \/>(-23 for losing)\n|raw|the third altD's rating: 1431 &rarr; <strong>1454<\/strong><br \/>(+23 for winning)\n|c|\u2606the third altD|ggs\n|l|\u2606A01562026\n","uploadtime":1700285028,"views":29,"p1id":"a01562026","p2id":"thethirdaltd","formatid":"gen9vgc2023regulatione","rating":1454,"private":0,"password":""}