{"id":"gen9vgc2023regulatione-2000505756","p1":"newusernovice","p2":"RichardTheSlayer","format":"[Gen 9] VGC 2023 Regulation E","log":"|j|\u2606newusernovice\n|j|\u2606RichardTheSlayer\n|t:|1701200478\n|gametype|doubles\n|player|p1|newusernovice|brawly|1432\n|player|p2|RichardTheSlayer|265|1486\n|teamsize|p1|6\n|teamsize|p2|6\n|gen|9\n|tier|[Gen 9] VGC 2023 Regulation E\n|rated|\n|rule|Species Clause: Limit one of each Pok\u00e9mon\n|rule|Item Clause: Limit one of each item\n|clearpoke\n|poke|p1|Kingambit, L50, M|\n|poke|p1|Iron Hands, L50|\n|poke|p1|Tornadus, L50, M|\n|poke|p1|Amoonguss, L50, M|\n|poke|p1|Arcanine-Hisui, L50, M|\n|poke|p1|Landorus-Therian, L50, M|\n|poke|p2|Chi-Yu, L50|\n|poke|p2|Torkoal, L50, F|\n|poke|p2|Flutter Mane, L50|\n|poke|p2|Iron Hands, L50|\n|poke|p2|Roaring Moon, L50|\n|poke|p2|Farigiraf, L50, M|\n|teampreview|4\n|inactive|Battle timer is ON: inactive players will automatically lose when time's up. (requested by newusernovice)\n|inactive|newusernovice has 60 seconds left.\n|inactive|newusernovice has 30 seconds left.\n|inactive|newusernovice has 20 seconds left.\n|\n|t:|1701200549\n|start\n|switch|p1a: Kingambit|Kingambit, L50, M, shiny|100\/100\n|switch|p1b: Landorus|Landorus-Therian, L50, M|100\/100\n|switch|p2a: Iron Hands|Iron Hands, L50|100\/100\n|switch|p2b: Farigiraf|Farigiraf, L50, M|100\/100\n|-ability|p1b: Landorus|Intimidate|boost\n|-unboost|p2a: Iron Hands|atk|1\n|-unboost|p2b: Farigiraf|atk|1\n|turn|1\n|inactive|newusernovice has 30 seconds left.\n|inactive|RichardTheSlayer has 30 seconds left.\n|inactive|newusernovice has 20 seconds left.\n|inactive|newusernovice has 15 seconds left.\n|inactive|newusernovice has 10 seconds left.\n|inactive|newusernovice has 5 seconds left.\n|\n|t:|1701200600\n|move|p2a: Iron Hands|Fake Out|p1a: Kingambit\n|-resisted|p1a: Kingambit\n|-damage|p1a: Kingambit|97\/100\n|move|p1b: Landorus|U-turn|p2b: Farigiraf\n|-supereffective|p2b: Farigiraf\n|-damage|p2b: Farigiraf|30\/100\n|-enditem|p2b: Farigiraf|Sitrus Berry|[eat]\n|-heal|p2b: Farigiraf|55\/100|[from] item: Sitrus Berry\n|\n|t:|1701200611\n|switch|p1b: Amoonguss|Amoonguss, L50, M|100\/100|[from] U-turn\n|cant|p1a: Kingambit|flinch\n|move|p2b: Farigiraf|Trick Room|p2b: Farigiraf\n|-fieldstart|move: Trick Room|[of] p2b: Farigiraf\n|\n|upkeep\n|turn|2\n|inactive|newusernovice has 30 seconds left.\n|inactive|RichardTheSlayer has 30 seconds left.\n|inactive|newusernovice has 20 seconds left.\n|inactive|newusernovice has 15 seconds left.\n|inactive|newusernovice has 10 seconds left.\n|inactive|newusernovice has 5 seconds left.\n|\n|t:|1701200666\n|move|p1b: Amoonguss|Rage Powder|p1b: Amoonguss\n|-singleturn|p1b: Amoonguss|move: Rage Powder\n|move|p2a: Iron Hands|Volt Switch|p1b: Amoonguss\n|-resisted|p1b: Amoonguss\n|-damage|p1b: Amoonguss|95\/100\n|\n|t:|1701200670\n|-end|p2a: Iron Hands|Quark Drive|[silent]\n|switch|p2a: Torkoal|Torkoal, L50, F|100\/100|[from] Volt Switch\n|-weather|SunnyDay|[from] ability: Drought|[of] p2a: Torkoal\n|move|p2b: Farigiraf|Psychic|p1b: Amoonguss\n|-supereffective|p1b: Amoonguss\n|-damage|p1b: Amoonguss|37\/100\n|move|p1a: Kingambit|Kowtow Cleave|p2a: Torkoal\n|-damage|p2a: Torkoal|52\/100\n|-damage|p1a: Kingambit|87\/100|[from] item: Life Orb\n|\n|-weather|SunnyDay|[upkeep]\n|upkeep\n|turn|3\n|inactive|newusernovice has 30 seconds left.\n|inactive|newusernovice has 20 seconds left.\n|inactive|newusernovice has 15 seconds left.\n|inactive|newusernovice has 10 seconds left.\n|inactive|newusernovice has 5 seconds left.\n|\n|t:|1701200725\n|switch|p1a: Arcanine|Arcanine-Hisui, L50, M|100\/100\n|-ability|p1a: Arcanine|Intimidate|boost\n|-unboost|p2a: Torkoal|atk|1\n|-unboost|p2b: Farigiraf|atk|1\n|-terastallize|p2a: Torkoal|Grass\n|move|p2b: Farigiraf|Helping Hand|p2a: Torkoal\n|-singleturn|p2a: Torkoal|Helping Hand|[of] p2b: Farigiraf\n|move|p1b: Amoonguss|Protect|p1b: Amoonguss\n|-singleturn|p1b: Amoonguss|Protect\n|move|p2a: Torkoal|Heat Wave|p1a: Arcanine|[spread] \n|-activate|p1b: Amoonguss|move: Protect\n|-miss|p2a: Torkoal|p1a: Arcanine\n|\n|-weather|SunnyDay|[upkeep]\n|upkeep\n|turn|4\n|inactive|newusernovice has 30 seconds left.\n|inactive|RichardTheSlayer has 30 seconds left.\n|inactive|newusernovice has 20 seconds left.\n|inactive|RichardTheSlayer has 20 seconds left.\n|inactive|RichardTheSlayer has 15 seconds left.\n|inactive|RichardTheSlayer has 10 seconds left.\n|inactive|RichardTheSlayer has 5 seconds left.\n|\n|t:|1701200776\n|move|p1b: Amoonguss|Protect|p1b: Amoonguss\n|-singleturn|p1b: Amoonguss|Protect\n|move|p2a: Torkoal|Earth Power|p1a: Arcanine\n|-supereffective|p1a: Arcanine\n|-damage|p1a: Arcanine|0 fnt\n|faint|p1a: Arcanine\n|move|p2b: Farigiraf|Psychic|p1b: Amoonguss\n|-activate|p1b: Amoonguss|move: Protect\n|\n|-weather|SunnyDay|[upkeep]\n|upkeep\n|\n|t:|1701200792\n|switch|p1a: Landorus|Landorus-Therian, L50, M|100\/100\n|-ability|p1a: Landorus|Intimidate|boost\n|-unboost|p2a: Torkoal|atk|1\n|-unboost|p2b: Farigiraf|atk|1\n|turn|5\n|inactive|newusernovice has 30 seconds left.\n|\n|t:|1701200823\n|-terastallize|p1a: Landorus|Water\n|move|p2b: Farigiraf|Helping Hand|p2a: Torkoal\n|-singleturn|p2a: Torkoal|Helping Hand|[of] p2b: Farigiraf\n|move|p1b: Amoonguss|Protect|p1b: Amoonguss\n|-singleturn|p1b: Amoonguss|Protect\n|move|p2a: Torkoal|Eruption|p1b: Amoonguss|[spread] p1a\n|-activate|p1b: Amoonguss|move: Protect\n|-resisted|p1a: Landorus\n|-damage|p1a: Landorus|68\/100\n|move|p1a: Landorus|U-turn|p2b: Farigiraf\n|-supereffective|p2b: Farigiraf\n|-damage|p2b: Farigiraf|0 fnt\n|faint|p2b: Farigiraf\n|\n|t:|1701200842\n|switch|p1a: Kingambit|Kingambit, L50, M, shiny|87\/100|[from] U-turn\n|\n|-weather|SunnyDay|[upkeep]\n|-fieldend|move: Trick Room\n|upkeep\n|\n|t:|1701200846\n|switch|p2b: Chi-Yu|Chi-Yu, L50|100\/100\n|-ability|p2b: Chi-Yu|Beads of Ruin\n|turn|6\n|inactive|newusernovice has 30 seconds left.\n|\n|t:|1701200881\n|move|p1a: Kingambit|Sucker Punch|p2a: Torkoal\n|-damage|p2a: Torkoal|16\/100\n|-damage|p1a: Kingambit|77\/100|[from] item: Life Orb\n|move|p2b: Chi-Yu|Heat Wave|p1a: Kingambit|[spread] p1a,p1b\n|-supereffective|p1a: Kingambit\n|-supereffective|p1b: Amoonguss\n|-enditem|p1b: Amoonguss|Occa Berry|[eat]\n|-enditem|p1b: Amoonguss|Occa Berry|[weaken]\n|-damage|p1a: Kingambit|0 fnt\n|-damage|p1b: Amoonguss|0 fnt\n|faint|p1a: Kingambit\n|faint|p1b: Amoonguss\n|move|p2a: Torkoal|Earth Power|p1: Kingambit|[notarget]\n|-fail|p2a: Torkoal\n|\n|-weather|none\n|upkeep\n|n|!RichardTheSlayer|richardtheslayer\n|\n|t:|1701200894\n|switch|p1a: Landorus|Landorus-Therian, L50, M, tera:Water|68\/100\n|-ability|p1a: Landorus|Intimidate|boost\n|-unboost|p2a: Torkoal|atk|1\n|-unboost|p2b: Chi-Yu|atk|1\n|turn|7\n|\n|t:|1701200902\n|move|p2b: Chi-Yu|Protect|p2b: Chi-Yu\n|-singleturn|p2b: Chi-Yu|Protect\n|move|p1a: Landorus|Earthquake|p2b: Chi-Yu|[spread] p2a\n|-activate|p2b: Chi-Yu|move: Protect\n|-resisted|p2a: Torkoal\n|-damage|p2a: Torkoal|0 fnt\n|faint|p2a: Torkoal\n|\n|upkeep\n|\n|t:|1701200908\n|switch|p2a: Iron Hands|Iron Hands, L50|100\/100\n|turn|8\n|-message|newusernovice forfeited.\n|\n|win|RichardTheSlayer\n|raw|newusernovice's rating: 1432 &rarr; <strong>1415<\/strong><br \/>(-17 for losing)\n|raw|RichardTheSlayer's rating: 1486 &rarr; <strong>1503<\/strong><br \/>(+17 for winning)\n|l|\u2606newusernovice\n","uploadtime":1701200895,"views":0,"p1id":"newusernovice","p2id":"richardtheslayer","formatid":"gen9vgc2023regulatione","rating":1415,"private":0,"password":""}