{"id":"gen9vgc2023regulatione-1998523514","p1":"Thehoppa117","p2":"wilhelminaslater","format":"[Gen 9] VGC 2023 Regulation E","log":"|j|\u2606Thehoppa117\n|j|\u2606wilhelminaslater\n|t:|1700952040\n|gametype|doubles\n|player|p1|Thehoppa117|1|1133\n|player|p2|wilhelminaslater|iris-gen5bw2|1085\n|teamsize|p1|6\n|teamsize|p2|6\n|gen|9\n|tier|[Gen 9] VGC 2023 Regulation E\n|rated|\n|rule|Species Clause: Limit one of each Pok\u00e9mon\n|rule|Item Clause: Limit one of each item\n|clearpoke\n|poke|p1|Iron Jugulis, L50|\n|poke|p1|Iron Hands, L50|\n|poke|p1|Iron Moth, L50|\n|poke|p1|Ogerpon-Hearthflame, L50, F|\n|poke|p1|Flutter Mane, L50|\n|poke|p1|Sinistcha, L50|\n|poke|p2|Indeedee-F, L50, F|\n|poke|p2|Hatterene, L50, F|\n|poke|p2|Chi-Yu, L50|\n|poke|p2|Armarouge, L50, M|\n|poke|p2|Toxapex, L50, M|\n|poke|p2|Grimmsnarl, L50, M|\n|teampreview|4\n|inactive|Battle timer is ON: inactive players will automatically lose when time's up. (requested by Thehoppa117)\nThehoppa117 has agreed to open team sheets.\n|inactive|wilhelminaslater has 60 seconds left.\n|\n|t:|1700952092\n|start\n|switch|p1a: Iron Jugulis|Iron Jugulis, L50|100\/100\n|switch|p1b: Iron Hands|Iron Hands, L50|100\/100\n|switch|p2a: Grimmsnarl|Grimmsnarl, L50, M|100\/100\n|switch|p2b: Toxapex|Toxapex, L50, M|100\/100\n|-enditem|p1a: Iron Jugulis|Booster Energy\n|-activate|p1a: Iron Jugulis|ability: Quark Drive|[fromitem]\n|-start|p1a: Iron Jugulis|quarkdrivespe\n|turn|1\n|inactive|wilhelminaslater has 30 seconds left.\n|\n|t:|1700952124\n|move|p2a: Grimmsnarl|Reflect|p2a: Grimmsnarl\n|-sidestart|p2: wilhelminaslater|Reflect\n|move|p1a: Iron Jugulis|Electric Terrain|p1a: Iron Jugulis\n|-fieldstart|move: Electric Terrain\n|-activate|p1b: Iron Hands|ability: Quark Drive\n|-start|p1b: Iron Hands|quarkdriveatk\n|move|p1b: Iron Hands|Thunder Punch|p2b: Toxapex\n|-supereffective|p2b: Toxapex\n|-damage|p2b: Toxapex|22\/100\n|move|p2b: Toxapex|Chilling Water|p1b: Iron Hands\n|-damage|p1b: Iron Hands|94\/100\n|-unboost|p1b: Iron Hands|atk|1\n|\n|-heal|p2b: Toxapex|27\/100|[from] item: Leftovers\n|upkeep\n|turn|2\n|inactive|Thehoppa117 has 30 seconds left.\n|inactive|wilhelminaslater has 30 seconds left.\n|\n|t:|1700952157\n|switch|p2b: Indeedee|Indeedee-F, L50, F|100\/100\n|-fieldstart|move: Psychic Terrain|[from] ability: Psychic Surge|[of] p2b: Indeedee\n|-enditem|p2b: Indeedee|Psychic Seed\n|-boost|p2b: Indeedee|spd|1|[from] item: Psychic Seed\n|-end|p1b: Iron Hands|Quark Drive\n|move|p2a: Grimmsnarl|Light Screen|p2a: Grimmsnarl\n|-sidestart|p2: wilhelminaslater|move: Light Screen\n|move|p1a: Iron Jugulis|Air Slash|p2a: Grimmsnarl\n|-damage|p2a: Grimmsnarl|84\/100\n|move|p1b: Iron Hands|Earthquake|p2a: Grimmsnarl|[spread] p2a,p2b\n|-immune|p1a: Iron Jugulis\n|-damage|p2a: Grimmsnarl|69\/100\n|-damage|p2b: Indeedee|89\/100\n|\n|upkeep\n|turn|3\n|inactive|wilhelminaslater has 30 seconds left.\n|inactive|wilhelminaslater has 20 seconds left.\n|\n|t:|1700952195\n|move|p1a: Iron Jugulis|Electric Terrain|p1a: Iron Jugulis\n|-fieldstart|move: Electric Terrain\n|-activate|p1b: Iron Hands|ability: Quark Drive\n|-start|p1b: Iron Hands|quarkdriveatk\n|move|p1b: Iron Hands|Thunder Punch|p2b: Indeedee\n|-damage|p2b: Indeedee|58\/100\n|-status|p2b: Indeedee|par\n|move|p2a: Grimmsnarl|Spirit Break|p1a: Iron Jugulis\n|-supereffective|p1a: Iron Jugulis\n|-damage|p1a: Iron Jugulis|38\/100\n|-unboost|p1a: Iron Jugulis|spa|1\n|move|p2b: Indeedee|Trick Room|p2b: Indeedee\n|-fieldstart|move: Trick Room|[of] p2b: Indeedee\n|\n|upkeep\n|turn|4\n|inactive|Thehoppa117 has 30 seconds left.\n|\n|t:|1700952223\n|switch|p2b: Toxapex|Toxapex, L50, M|60\/100\n|move|p2a: Grimmsnarl|Chilling Water|p1b: Iron Hands\n|-damage|p1b: Iron Hands|86\/100\n|-unboost|p1b: Iron Hands|atk|1\n|move|p1b: Iron Hands|Drain Punch|p2a: Grimmsnarl\n|-damage|p2a: Grimmsnarl|43\/100\n|-heal|p1b: Iron Hands|96\/100|[from] drain|[of] p2a: Grimmsnarl\n|move|p1a: Iron Jugulis|Sunny Day|p1a: Iron Jugulis\n|-weather|SunnyDay\n|\n|-weather|SunnyDay|[upkeep]\n|-heal|p2b: Toxapex|66\/100|[from] item: Leftovers\n|upkeep\n|turn|5\n|inactive|Thehoppa117 has 30 seconds left.\n|inactive|wilhelminaslater has 30 seconds left.\n|\n|t:|1700952251\n|move|p2b: Toxapex|Infestation|p1b: Iron Hands\n|-resisted|p1b: Iron Hands\n|-damage|p1b: Iron Hands|95\/100\n|-activate|p1b: Iron Hands|move: Infestation|[of] p2b: Toxapex\n|move|p2a: Grimmsnarl|Spirit Break|p1a: Iron Jugulis\n|-supereffective|p1a: Iron Jugulis\n|-damage|p1a: Iron Jugulis|0 fnt\n|faint|p1a: Iron Jugulis\n|-end|p1a: Iron Jugulis|Quark Drive|[silent]\n|move|p1b: Iron Hands|Thunder Punch|p2b: Toxapex\n|-supereffective|p2b: Toxapex\n|-damage|p2b: Toxapex|22\/100\n|\n|-weather|SunnyDay|[upkeep]\n|-heal|p2b: Toxapex|28\/100|[from] item: Leftovers\n|-damage|p1b: Iron Hands|83\/100|[from] move: Infestation|[partiallytrapped]\n|upkeep\n|\n|t:|1700952265\n|switch|p1a: Sinistcha|Sinistcha, L50|100\/100\n|-heal|p1b: Iron Hands|100\/100|[from] ability: Hospitality|[of] p1a: Sinistcha\n|-enditem|p1a: Sinistcha|Electric Seed\n|-boost|p1a: Sinistcha|def|1|[from] item: Electric Seed\n|turn|6\n|\n|t:|1700952288\n|move|p2b: Toxapex|Baneful Bunker|p2b: Toxapex\n|-singleturn|p2b: Toxapex|move: Protect\n|move|p2a: Grimmsnarl|Spirit Break|p1a: Sinistcha\n|-damage|p1a: Sinistcha|87\/100\n|-unboost|p1a: Sinistcha|spa|1\n|move|p1b: Iron Hands|Drain Punch|p2a: Grimmsnarl\n|-damage|p2a: Grimmsnarl|19\/100\n|move|p1a: Sinistcha|Matcha Gotcha|p2a: Grimmsnarl|[spread] p2a\n|-activate|p2b: Toxapex|move: Protect\n|-damage|p2a: Grimmsnarl|11\/100\n|-heal|p1a: Sinistcha|92\/100|[from] drain|[of] p2a: Grimmsnarl\n|\n|-weather|SunnyDay|[upkeep]\n|-heal|p2b: Toxapex|34\/100|[from] item: Leftovers\n|-damage|p1b: Iron Hands|88\/100|[from] move: Infestation|[partiallytrapped]\n|upkeep\n|turn|7\n|\n|t:|1700952308\n|move|p2b: Toxapex|Chilling Water|p1b: Iron Hands\n|-damage|p1b: Iron Hands|85\/100\n|-unboost|p1b: Iron Hands|atk|1\n|move|p2a: Grimmsnarl|Chilling Water|p1b: Iron Hands\n|-damage|p1b: Iron Hands|81\/100\n|-unboost|p1b: Iron Hands|atk|1\n|move|p1b: Iron Hands|Thunder Punch|p2b: Toxapex\n|-supereffective|p2b: Toxapex\n|-damage|p2b: Toxapex|8\/100\n|move|p1a: Sinistcha|Matcha Gotcha|p2a: Grimmsnarl|[spread] p2a,p2b\n|-damage|p2a: Grimmsnarl|2\/100\n|-heal|p1a: Sinistcha|97\/100|[from] drain|[of] p2a: Grimmsnarl\n|-damage|p2b: Toxapex|0 fnt\n|-heal|p1a: Sinistcha|99\/100|[from] drain|[of] p2b: Toxapex\n|faint|p2b: Toxapex\n|\n|-weather|SunnyDay|[upkeep]\n|-end|p1b: Iron Hands|Infestation|[partiallytrapped]|[silent]\n|-fieldend|move: Trick Room\n|-fieldend|move: Electric Terrain\n|-end|p1b: Iron Hands|Quark Drive\n|upkeep\n|\n|t:|1700952327\n|switch|p2b: Indeedee|Indeedee-F, L50, F|58\/100 par\n|-fieldstart|move: Psychic Terrain|[from] ability: Psychic Surge|[of] p2b: Indeedee\n|turn|8\n|\n|t:|1700952339\n|-end|p1b: Iron Hands|Quark Drive|[silent]\n|switch|p1b: Flutter Mane|Flutter Mane, L50|100\/100\n|-activate|p1b: Flutter Mane|ability: Protosynthesis\n|-start|p1b: Flutter Mane|protosynthesisspe\n|switch|p2a: Hatterene|Hatterene, L50, F|100\/100\n|move|p1a: Sinistcha|Rage Powder|p1a: Sinistcha\n|-singleturn|p1a: Sinistcha|move: Rage Powder\n|cant|p2b: Indeedee|par\n|\n|-weather|none\n|-end|p1b: Flutter Mane|Protosynthesis\n|-sideend|p2: wilhelminaslater|Reflect\n|upkeep\n|turn|9\n|\n|t:|1700952362\n|move|p2b: Indeedee|Follow Me|p2b: Indeedee\n|-singleturn|p2b: Indeedee|move: Follow Me\n|move|p1b: Flutter Mane|Shadow Ball|p2b: Indeedee\n|-immune|p2b: Indeedee\n|move|p1a: Sinistcha|Matcha Gotcha|p2a: Hatterene|[spread] p2a,p2b\n|-damage|p2a: Hatterene|89\/100\n|-heal|p1a: Sinistcha|100\/100|[from] drain|[of] p2a: Hatterene\n|-damage|p2b: Indeedee|47\/100 par\n|move|p2a: Hatterene|Trick Room|p2a: Hatterene\n|-fieldstart|move: Trick Room|[of] p2a: Hatterene\n|\n|-sideend|p2: wilhelminaslater|move: Light Screen\n|upkeep\n|turn|10\n|\n|t:|1700952383\n|cant|p2b: Indeedee|par\n|move|p1a: Sinistcha|Rage Powder|p1a: Sinistcha\n|-singleturn|p1a: Sinistcha|move: Rage Powder\n|move|p2a: Hatterene|Psyshock|p1a: Sinistcha\n|-damage|p1a: Sinistcha|63\/100\n|-damage|p2a: Hatterene|79\/100|[from] item: Life Orb\n|move|p1b: Flutter Mane|Dazzling Gleam|p2b: Indeedee|[spread] p2a,p2b\n|-damage|p2a: Hatterene|31\/100\n|-damage|p2b: Indeedee|8\/100 par\n|-damage|p1b: Flutter Mane|90\/100|[from] item: Life Orb\n|\n|upkeep\n|turn|11\n|inactive|wilhelminaslater has 30 seconds left.\n|\n|t:|1700952415\n|move|p2a: Hatterene|Psyshock|p1b: Flutter Mane\n|-damage|p1b: Flutter Mane|0 fnt\n|faint|p1b: Flutter Mane\n|-end|p1b: Flutter Mane|Protosynthesis|[silent]\n|-damage|p2a: Hatterene|21\/100|[from] item: Life Orb\n|move|p2b: Indeedee|Dazzling Gleam|p1a: Sinistcha\n|-damage|p1a: Sinistcha|44\/100\n|move|p1a: Sinistcha|Matcha Gotcha|p2a: Hatterene|[spread] p2a,p2b\n|-damage|p2a: Hatterene|3\/100\n|-heal|p1a: Sinistcha|52\/100|[from] drain|[of] p2a: Hatterene\n|-damage|p2b: Indeedee|0 fnt\n|-heal|p1a: Sinistcha|56\/100|[from] drain|[of] p2b: Indeedee\n|faint|p2b: Indeedee\n|\n|upkeep\n|\n|t:|1700952429\n|switch|p2b: Grimmsnarl|Grimmsnarl, L50, M|2\/100\n|switch|p1b: Iron Hands|Iron Hands, L50|81\/100\n|turn|12\n|-message|wilhelminaslater forfeited.\n|\n|win|Thehoppa117\n|raw|Thehoppa117's rating: 1133 &rarr; <strong>1155<\/strong><br \/>(+22 for winning)\n|raw|wilhelminaslater's rating: 1085 &rarr; <strong>1065<\/strong><br \/>(-20 for losing)\n|l|\u2606wilhelminaslater\n","uploadtime":1700952452,"views":4,"p1id":"thehoppa117","p2id":"wilhelminaslater","formatid":"gen9vgc2023regulatione","rating":1065,"private":0,"password":""}