{"id":"gen9vgc2023regulatione-1991489078","p1":"kojiminori1","p2":"rennui-","format":"[Gen 9] VGC 2023 Regulation E","log":"|j|\u2606kojiminori1\n|j|\u2606rennui-\n|t:|1700081595\n|gametype|doubles\n|player|p1|kojiminori1|265|1668\n|player|p2|rennui-|erika|1622\n|teamsize|p1|6\n|teamsize|p2|6\n|gen|9\n|tier|[Gen 9] VGC 2023 Regulation E\n|rated|\n|rule|Species Clause: Limit one of each Pok\u00e9mon\n|rule|Item Clause: Limit one of each item\n|clearpoke\n|poke|p1|Iron Bundle, L50|\n|poke|p1|Regieleki, L50|\n|poke|p1|Urshifu-*, L50, M|\n|poke|p1|Ogerpon-Hearthflame, L50, F|\n|poke|p1|Rillaboom, L50, F|\n|poke|p1|Landorus, L50, M|\n|poke|p2|Flutter Mane, L50|\n|poke|p2|Chi-Yu, L50|\n|poke|p2|Torkoal, L50, M|\n|poke|p2|Ogerpon-Wellspring, L50, F|\n|poke|p2|Farigiraf, L50, F|\n|poke|p2|Iron Hands, L50|\n|teampreview|4\n|inactive|Battle timer is ON: inactive players will automatically lose when time's up. (requested by kojiminori1)\nrennui- has agreed to open team sheets.\n|\n|t:|1700081618\n|start\n|switch|p1a: Ogerpon|Ogerpon-Hearthflame, L50, F|100\/100\n|switch|p1b: Landorus|Landorus, L50, M|100\/100\n|switch|p2a: Ogerpon|Ogerpon-Wellspring, L50, F|100\/100\n|switch|p2b: Farigiraf|Farigiraf, L50, F, shiny|100\/100\n|-ability|p1a: Ogerpon|Mold Breaker\n|turn|1\n|\n|t:|1700081633\n|-terastallize|p1a: Ogerpon|Fire\n|detailschange|p1a: Ogerpon|Ogerpon-Hearthflame-Tera, L50, F, tera:Fire\n|-ability|p1a: Ogerpon|Embody Aspect (Hearthflame)|boost\n|-boost|p1a: Ogerpon|atk|1\n|move|p2a: Ogerpon|Follow Me|p2a: Ogerpon\n|-singleturn|p2a: Ogerpon|move: Follow Me\n|move|p1a: Ogerpon|Ivy Cudgel|p2a: Ogerpon|[anim] Ivy Cudgel Fire\n|-crit|p2a: Ogerpon\n|-damage|p2a: Ogerpon|0 fnt\n|faint|p2a: Ogerpon\n|move|p1b: Landorus|Sludge Bomb|p2b: Farigiraf\n|-damage|p2b: Farigiraf|47\/100\n|-enditem|p2b: Farigiraf|Sitrus Berry|[eat]\n|-heal|p2b: Farigiraf|72\/100|[from] item: Sitrus Berry\n|move|p2b: Farigiraf|Trick Room|p2b: Farigiraf\n|-fieldstart|move: Trick Room|[of] p2b: Farigiraf\n|\n|upkeep\n|\n|t:|1700081653\n|switch|p2a: Torkoal|Torkoal, L50, M, shiny|100\/100\n|-weather|SunnyDay|[from] ability: Drought|[of] p2a: Torkoal\n|turn|2\n|inactive|kojiminori1 has 30 seconds left.\n|\n|t:|1700081680\n|move|p1b: Landorus|Protect|p1b: Landorus\n|-singleturn|p1b: Landorus|Protect\n|move|p2a: Torkoal|Eruption|p1b: Landorus|[spread] p1a\n|-activate|p1b: Landorus|move: Protect\n|-resisted|p1a: Ogerpon\n|-damage|p1a: Ogerpon|50\/100\n|move|p2b: Farigiraf|Psychic|p1a: Ogerpon\n|-damage|p1a: Ogerpon|1\/100\n|move|p1a: Ogerpon|Ivy Cudgel|p2a: Torkoal|[anim] Ivy Cudgel Fire\n|-resisted|p2a: Torkoal\n|-damage|p2a: Torkoal|33\/100\n|\n|-weather|SunnyDay|[upkeep]\n|upkeep\n|turn|3\n|\n|t:|1700081703\n|move|p1a: Ogerpon|Spiky Shield|p1a: Ogerpon\n|-singleturn|p1a: Ogerpon|move: Protect\n|move|p2a: Torkoal|Eruption|p1a: Ogerpon|[spread] p1b\n|-activate|p1a: Ogerpon|move: Protect\n|-damage|p1b: Landorus|64\/100\n|move|p2b: Farigiraf|Psychic|p1b: Landorus\n|-damage|p1b: Landorus|9\/100\n|move|p1b: Landorus|Earth Power|p2a: Torkoal\n|-supereffective|p2a: Torkoal\n|-damage|p2a: Torkoal|0 fnt\n|faint|p2a: Torkoal\n|\n|-weather|SunnyDay|[upkeep]\n|upkeep\n|\n|t:|1700081708\n|switch|p2a: Iron Hands|Iron Hands, L50|100\/100\n|turn|4\n|inactive|kojiminori1 has 30 seconds left.\n|inactive|kojiminori1 has 20 seconds left.\n|\n|t:|1700081744\n|switch|p1a: Rillaboom|Rillaboom, L50, F|100\/100\n|-fieldstart|move: Grassy Terrain|[from] ability: Grassy Surge|[of] p1a: Rillaboom\n|move|p1b: Landorus|Protect|p1b: Landorus\n|-singleturn|p1b: Landorus|Protect\n|move|p2a: Iron Hands|Drain Punch|p1b: Landorus\n|-activate|p1b: Landorus|move: Protect\n|move|p2b: Farigiraf|Dazzling Gleam|p1b: Landorus|[spread] p1a\n|-activate|p1b: Landorus|move: Protect\n|-damage|p1a: Rillaboom|86\/100\n|\n|-weather|SunnyDay|[upkeep]\n|-heal|p2b: Farigiraf|78\/100|[from] Grassy Terrain\n|-heal|p1a: Rillaboom|92\/100|[from] Grassy Terrain\n|upkeep\n|turn|5\n|j| neusrel\n|j| Ziren_13\n|inactive|kojiminori1 has 30 seconds left.\n|\n|t:|1700081774\n|move|p2a: Iron Hands|Drain Punch|p1a: Rillaboom\n|-damage|p1a: Rillaboom|46\/100\n|move|p2b: Farigiraf|Dazzling Gleam|p1b: Landorus|[spread] p1a,p1b\n|-damage|p1a: Rillaboom|32\/100\n|-damage|p1b: Landorus|0 fnt\n|faint|p1b: Landorus\n|move|p1a: Rillaboom|Wood Hammer|p2b: Farigiraf\n|-damage|p2b: Farigiraf|0 fnt\n|faint|p2b: Farigiraf\n|-damage|p1a: Rillaboom|5\/100|[from] Recoil\n|\n|-weather|SunnyDay|[upkeep]\n|-heal|p1a: Rillaboom|11\/100|[from] Grassy Terrain\n|-fieldend|move: Trick Room\n|upkeep\n|\n|t:|1700081789\n|switch|p1b: Ogerpon|Ogerpon-Hearthflame-Tera, L50, F, tera:Fire|1\/100\n|-ability|p1b: Ogerpon|Embody Aspect (Hearthflame)|boost\n|-boost|p1b: Ogerpon|atk|1\n|turn|6\n|\n|t:|1700081796\n|move|p1b: Ogerpon|Ivy Cudgel|p2a: Iron Hands|[anim] Ivy Cudgel Fire\n|-damage|p2a: Iron Hands|0 fnt\n|faint|p2a: Iron Hands\n|-end|p2a: Iron Hands|Quark Drive|[silent]\n|\n|win|kojiminori1\n|raw|kojiminori1's rating: 1668 &rarr; <strong>1685<\/strong><br \/>(+17 for winning)\n|raw|rennui-'s rating: 1622 &rarr; <strong>1605<\/strong><br \/>(-17 for losing)\n|l|\u2606kojiminori1\n","uploadtime":1700081803,"views":21,"p1id":"kojiminori1","p2id":"rennui","formatid":"gen9vgc2023regulatione","rating":1605,"private":0,"password":""}