{"id":"gen9vgc2023regulatione-1991294408","p1":"Pete8738","p2":"wdytyaia","format":"[Gen 9] VGC 2023 Regulation E","log":"|j|\u2606Pete8738\n|j|\u2606wdytyaia\n|t:|1700065071\n|gametype|doubles\n|player|p1|Pete8738|2|1162\n|player|p2|wdytyaia|irida|1165\n|teamsize|p1|6\n|teamsize|p2|6\n|gen|9\n|tier|[Gen 9] VGC 2023 Regulation E\n|rated|\n|rule|Species Clause: Limit one of each Pok\u00e9mon\n|rule|Item Clause: Limit one of each item\n|clearpoke\n|poke|p1|Golem-Alola, L50, F|\n|poke|p1|Sinistcha, L50|\n|poke|p1|Dondozo, L50, F|\n|poke|p1|Iron Hands, L50|\n|poke|p1|Maushold, L50|\n|poke|p1|Rabsca, L50, M|\n|poke|p2|Chien-Pao, L50|\n|poke|p2|Dragonite, L50, F|\n|poke|p2|Rillaboom, L50, F|\n|poke|p2|Heatran, L50, F|\n|poke|p2|Urshifu-*, L50, F|\n|poke|p2|Farigiraf, L50, F|\n|teampreview|4\n|inactive|Battle timer is ON: inactive players will automatically lose when time's up. (requested by Pete8738)\nwdytyaia has agreed to open team sheets.\n|inactive|wdytyaia has 60 seconds left.\n|inactive|wdytyaia has 30 seconds left.\n|inactive|Pete8738 has 60 seconds left.\n|inactive|wdytyaia has 20 seconds left.\n|inactive|wdytyaia has 15 seconds left.\n|\n|t:|1700065150\n|start\n|switch|p1a: Golem|Golem-Alola, L50, F|100\/100\n|switch|p1b: Rabsca|Rabsca, L50, M|100\/100\n|switch|p2a: Rillaboom|Rillaboom, L50, F|100\/100\n|switch|p2b: Dragonite|Dragonite, L50, F|100\/100\n|-fieldstart|move: Grassy Terrain|[from] ability: Grassy Surge|[of] p2a: Rillaboom\n|turn|1\n|inactive|wdytyaia has 30 seconds left.\n|\n|t:|1700065175\n|move|p2a: Rillaboom|Fake Out|p1b: Rabsca\n|-damage|p1b: Rabsca|88\/100\n|move|p2b: Dragonite|Extreme Speed|p1b: Rabsca\n|-damage|p1b: Rabsca|44\/100\n|move|p1a: Golem|Body Slam|p2b: Dragonite\n|-damage|p2b: Dragonite|32\/100\n|-status|p2b: Dragonite|par\n|cant|p1b: Rabsca|flinch\n|\n|-heal|p1b: Rabsca|50\/100|[from] Grassy Terrain\n|upkeep\n|turn|2\n|\n|t:|1700065197\n|move|p2b: Dragonite|Extreme Speed|p1b: Rabsca\n|-damage|p1b: Rabsca|7\/100\n|move|p2a: Rillaboom|Wood Hammer|p1b: Rabsca\n|-resisted|p1b: Rabsca\n|-crit|p1b: Rabsca\n|-damage|p1b: Rabsca|0 fnt\n|faint|p1b: Rabsca\n|-damage|p2a: Rillaboom|98\/100|[from] Recoil\n|move|p1a: Golem|Body Slam|p2b: Dragonite\n|-damage|p2b: Dragonite|0 fnt\n|faint|p2b: Dragonite\n|\n|-heal|p2a: Rillaboom|100\/100|[from] Grassy Terrain\n|upkeep\n|\n|t:|1700065210\n|switch|p2b: Chien-Pao|Chien-Pao, L50|100\/100\n|switch|p1b: Iron Hands|Iron Hands, L50|100\/100\n|-ability|p2b: Chien-Pao|Sword of Ruin\n|turn|3\n|\n|t:|1700065229\n|-terastallize|p1a: Golem|Electric\n|move|p2b: Chien-Pao|Protect|p2b: Chien-Pao\n|-singleturn|p2b: Chien-Pao|Protect\n|move|p2a: Rillaboom|Protect|p2a: Rillaboom\n|-singleturn|p2a: Rillaboom|Protect\n|move|p1b: Iron Hands|Fake Out|p2a: Rillaboom\n|-activate|p2a: Rillaboom|move: Protect\n|move|p1a: Golem|Body Slam|p2b: Chien-Pao\n|-activate|p2b: Chien-Pao|move: Protect\n|\n|upkeep\n|turn|4\n|\n|t:|1700065249\n|move|p2b: Chien-Pao|Sucker Punch|p1a: Golem\n|-damage|p1a: Golem|65\/100\n|move|p2a: Rillaboom|Wood Hammer|p1a: Golem\n|-damage|p1a: Golem|0 fnt\n|faint|p1a: Golem\n|-damage|p2a: Rillaboom|80\/100|[from] Recoil\n|move|p1b: Iron Hands|Drain Punch|p2b: Chien-Pao\n|-supereffective|p2b: Chien-Pao\n|-enditem|p2b: Chien-Pao|Focus Sash\n|-damage|p2b: Chien-Pao|1\/100\n|\n|-heal|p2b: Chien-Pao|7\/100|[from] Grassy Terrain\n|-heal|p2a: Rillaboom|86\/100|[from] Grassy Terrain\n|upkeep\n|\n|t:|1700065262\n|switch|p1a: Dondozo|Dondozo, L50, F|100\/100\n|turn|5\n|\n|t:|1700065284\n|-terastallize|p2a: Rillaboom|Grass\n|move|p1a: Dondozo|Protect|p1a: Dondozo\n|-singleturn|p1a: Dondozo|Protect\n|move|p2b: Chien-Pao|Sacred Sword|p1b: Iron Hands\n|-damage|p1b: Iron Hands|73\/100\n|move|p2a: Rillaboom|Wood Hammer|p1b: Iron Hands\n|-damage|p1b: Iron Hands|0 fnt\n|faint|p1b: Iron Hands\n|-end|p1b: Iron Hands|Quark Drive|[silent]\n|-damage|p2a: Rillaboom|55\/100|[from] Recoil\n|\n|-heal|p2b: Chien-Pao|13\/100|[from] Grassy Terrain\n|-heal|p2a: Rillaboom|61\/100|[from] Grassy Terrain\n|-fieldend|move: Grassy Terrain\n|upkeep\n|turn|6\n|-message|Pete8738 forfeited.\n|\n|win|wdytyaia\n|raw|Pete8738's rating: 1162 &rarr; <strong>1137<\/strong><br \/>(-25 for losing)\n|raw|wdytyaia's rating: 1165 &rarr; <strong>1190<\/strong><br \/>(+25 for winning)\n|l|\u2606Pete8738\n","uploadtime":1700065308,"views":9,"p1id":"pete8738","p2id":"wdytyaia","formatid":"gen9vgc2023regulatione","rating":1137,"private":0,"password":""}