{"id":"gen9vgc2023regulatione-1989999128","p1":"snakevnm","p2":"Cycrum","format":"[Gen 9] VGC 2023 Regulation E","log":"|j|\u2606snakevnm\n|j|\u2606Cycrum\n|n|\u2606snakevnm|snakevnm\n|n|\u2606Cycrum|cycrum\n|html|View the match progress at <a href=\"\/game-bestof3-gen9vgc2023regulatione-1989999127\">game-bestof3-gen9vgc2023regulatione-1989999127<\/a>\n|t:|1699913976\n|gametype|doubles\n|player|p1|snakevnm|169|\n|player|p2|Cycrum|hilbert|\n|teamsize|p1|6\n|teamsize|p2|6\n|gen|9\n|tier|[Gen 9] VGC 2023 Regulation E\n|rule|Species Clause: Limit one of each Pok\u00e9mon\n|rule|Item Clause: Limit one of each item\n|clearpoke\n|poke|p1|Armarouge, L50, F|\n|poke|p1|Indeedee-F, L50, F|\n|poke|p1|Ursaluna, L50, F|\n|poke|p1|Quaquaval, L50, M|\n|poke|p1|Dragapult, L50, M|\n|poke|p1|Maushold-Four, L50|\n|poke|p2|Ninetales-Alola, L50, M|\n|poke|p2|Gholdengo, L50|\n|poke|p2|Annihilape, L50, F|\n|poke|p2|Baxcalibur, L50, M|\n|poke|p2|Murkrow, L50, F|\n|poke|p2|Empoleon, L50, M|\n|teampreview|4\nCycrum has agreed to open team sheets.\nsnakevnm has agreed to open team sheets.\n|showteam|p1|Armarouge||ChestoBerry|FlashFire|ExpandingForce,ArmorCannon,Protect,Rest|||F|||50|,,,,,Psychic]Indeedee-F||SitrusBerry|PsychicSurge|TrickRoom,FollowMe,Psychic,Protect|||F|||50|,,,,,Normal]Ursaluna||FlameOrb|Guts|HeadlongRush,Facade,Protect,CloseCombat|||F|||50|,,,,,Poison]Quaquaval||MysticWater|Moxie|AquaStep,CloseCombat,Protect,IceSpinner|||M|||50|,,,,,Fairy]Dragapult||PowerHerb|ClearBody|DragonDarts,PhantomForce,Protect,Uturn|||M|||50|,,,,,Electric]Maushold-Four||WideLens|Technician|PopulationBomb,TidyUp,Substitute,Protect||||||50|,,,,,Ghost\n|showteam|p2|Ninetales-Alola||LightClay|SnowWarning|Blizzard,Moonblast,AuroraVeil,Protect|||M|||50|,,,,,Water]Gholdengo||ChoiceSpecs|GoodasGold|MakeItRain,ShadowBall,Thunderbolt,Trick||||||50|,,,,,Steel]Annihilape||Leftovers|Defiant|DrainPunch,RageFist,BulkUp,TeraBlast|||F|||50|,,,,,Fire]Baxcalibur||LoadedDice|ThermalExchange|IcicleSpear,ScaleShot,SwordsDance,Protect|||M|||50|,,,,,Poison]Murkrow||Eviolite|Prankster|FoulPlay,Tailwind,Haze,Taunt|||F|||50|,,,,,Ghost]Empoleon||AssaultVest|Competitive|FlashCannon,FlipTurn,IcyWind,HydroPump|||M|||50|,,,,,Grass\n|\n|t:|1699914015\n|start\n|switch|p1a: i fingerpaint|Armarouge, L50, F, shiny|100\/100\n|switch|p1b: paint|Indeedee-F, L50, F, shiny|100\/100\n|switch|p2a: Baxcalibur|Baxcalibur, L50, M|100\/100\n|switch|p2b: Annihilape|Annihilape, L50, F|100\/100\n|-fieldstart|move: Psychic Terrain|[from] ability: Psychic Surge|[of] p1b: paint\n|turn|1\n|j| ilovenons\n|\n|t:|1699914064\n|-terastallize|p2b: Annihilape|Fire\n|move|p1a: i fingerpaint|Protect|p1a: i fingerpaint\n|-singleturn|p1a: i fingerpaint|Protect\n|move|p2a: Baxcalibur|Swords Dance|p2a: Baxcalibur\n|-boost|p2a: Baxcalibur|atk|2\n|move|p2b: Annihilape|Drain Punch|p1b: paint\n|-damage|p1b: paint|53\/100\n|move|p1b: paint|Trick Room|p1b: paint\n|-fieldstart|move: Trick Room|[of] p1b: paint\n|\n|upkeep\n|turn|2\n|\n|t:|1699914088\n|-terastallize|p1a: i fingerpaint|Psychic\n|move|p2a: Baxcalibur|Protect|p2a: Baxcalibur\n|-singleturn|p2a: Baxcalibur|Protect\n|move|p1b: paint|Follow Me|p1b: paint\n|-singleturn|p1b: paint|move: Follow Me\n|move|p1a: i fingerpaint|Expanding Force|p2b: Annihilape|[spread] p2b\n|-activate|p2a: Baxcalibur|move: Protect\n|-damage|p2b: Annihilape|28\/100\n|move|p2b: Annihilape|Rage Fist|p1b: paint\n|-immune|p1b: paint\n|\n|-heal|p2b: Annihilape|34\/100|[from] item: Leftovers\n|upkeep\n|turn|3\n|\n|t:|1699914121\n|move|p1b: paint|Follow Me|p1b: paint\n|-singleturn|p1b: paint|move: Follow Me\n|move|p1a: i fingerpaint|Expanding Force|p2a: Baxcalibur|[spread] p2a,p2b\n|-damage|p2a: Baxcalibur|22\/100\n|-damage|p2b: Annihilape|0 fnt\n|faint|p2b: Annihilape\n|move|p2a: Baxcalibur|Scale Shot|p1b: paint\n|-damage|p1b: paint|22\/100\n|-enditem|p1b: paint|Sitrus Berry|[eat]\n|-heal|p1b: paint|47\/100|[from] item: Sitrus Berry\n|-damage|p1b: paint|14\/100\n|-damage|p1b: paint|0 fnt\n|faint|p1b: paint\n|-hitcount|p1: paint|3\n|-unboost|p2a: Baxcalibur|def|1\n|-boost|p2a: Baxcalibur|spe|1\n|\n|upkeep\n|\n|t:|1699914140\n|switch|p1b: emadrews|Ursaluna, L50, F, shiny|100\/100\n|switch|p2b: Empoleon|Empoleon, L50, M|100\/100\n|turn|4\n|\n|t:|1699914156\n|move|p2a: Baxcalibur|Protect|p2a: Baxcalibur\n|-singleturn|p2a: Baxcalibur|Protect\n|move|p1b: emadrews|Headlong Rush|p2b: Empoleon\n|-supereffective|p2b: Empoleon\n|-damage|p2b: Empoleon|0 fnt\n|-unboost|p1b: emadrews|def|1\n|-unboost|p1b: emadrews|spd|1\n|faint|p2b: Empoleon\n|move|p1a: i fingerpaint|Expanding Force|p2a: Baxcalibur\n|-activate|p2a: Baxcalibur|move: Protect\n|\n|-status|p1b: emadrews|brn|[from] item: Flame Orb\n|upkeep\n|\n|t:|1699914161\n|switch|p2b: Ninetales|Ninetales-Alola, L50, M|100\/100\n|-weather|Snow|[from] ability: Snow Warning|[of] p2b: Ninetales\n|turn|5\n|\n|t:|1699914182\n|move|p2b: Ninetales|Protect|p2b: Ninetales\n|-singleturn|p2b: Ninetales|Protect\n|move|p2a: Baxcalibur|Protect||[still]\n|-fail|p2a: Baxcalibur\n|move|p1b: emadrews|Facade|p2b: Ninetales\n|-activate|p2b: Ninetales|move: Protect\n|move|p1a: i fingerpaint|Expanding Force|p2b: Ninetales|[spread] p2a\n|-activate|p2b: Ninetales|move: Protect\n|-damage|p2a: Baxcalibur|0 fnt\n|faint|p2a: Baxcalibur\n|\n|-weather|Snow|[upkeep]\n|-damage|p1b: emadrews|95\/100 brn|[from] brn\n|-fieldend|move: Trick Room\n|-fieldend|move: Psychic Terrain\n|upkeep\n|turn|6\n|\n|t:|1699914202\n|move|p2b: Ninetales|Blizzard|p1b: emadrews|[spread] p1a,p1b\n|-supereffective|p1b: emadrews\n|-damage|p1a: i fingerpaint|60\/100\n|-damage|p1b: emadrews|10\/100 brn\n|move|p1a: i fingerpaint|Armor Cannon|p2b: Ninetales\n|-supereffective|p2b: Ninetales\n|-damage|p2b: Ninetales|0 fnt\n|-unboost|p1a: i fingerpaint|def|1\n|-unboost|p1a: i fingerpaint|spd|1\n|faint|p2b: Ninetales\n|\n|win|snakevnm\n|c|&|\/uhtml prompt-cycrum,Cycrum is ready for game 2!\n|inactive|snakevnm has 50 seconds to confirm battle start!\n","uploadtime":1699914214,"views":14,"p1id":"snakevnm","p2id":"cycrum","formatid":"gen9vgc2023regulatione","rating":0,"private":0,"password":""}