{"id":"gen9vgc2023regulatione-1995210484","p1":"GinGearity","p2":"Fireeh002","format":"[Gen 9] VGC 2023 Regulation E","log":"|j|\u2606GinGearity\n|j|\u2606Fireeh002\n|t:|1700535023\n|gametype|doubles\n|player|p1|GinGearity|marshal|1195\n|player|p2|Fireeh002|cynthia-gen4|1214\n|teamsize|p1|6\n|teamsize|p2|6\n|gen|9\n|tier|[Gen 9] VGC 2023 Regulation E\n|rated|\n|rule|Species Clause: Limit one of each Pok\u00e9mon\n|rule|Item Clause: Limit one of each item\n|clearpoke\n|poke|p1|Falinks, L50|\n|poke|p1|Indeedee-F, L50, F|\n|poke|p1|Armarouge, L50, M|\n|poke|p1|Dragapult, L50, F|\n|poke|p1|Ursaluna, L50, F|\n|poke|p1|Hatterene, L50, F|\n|poke|p2|Zapdos-Galar, L50|\n|poke|p2|Dragonite, L50, F|\n|poke|p2|Chien-Pao, L50|\n|poke|p2|Rillaboom, L50, F|\n|poke|p2|Dondozo, L50, F|\n|poke|p2|Heatran, L50, F|\n|teampreview|4\n|\n|t:|1700535048\n|start\n|switch|p1a: Mucama|Indeedee-F, L50, F|100\/100\n|switch|p1b: La Bruja|Hatterene, L50, F|100\/100\n|switch|p2a: ola conpermiso|Zapdos-Galar, L50|100\/100\n|switch|p2b: si|Chien-Pao, L50|100\/100\n|-ability|p2b: si|Sword of Ruin\n|-fieldstart|move: Psychic Terrain|[from] ability: Psychic Surge|[of] p1a: Mucama\n|turn|1\n|\n|t:|1700535066\n|-terastallize|p2a: ola conpermiso|Ghost\n|move|p1a: Mucama|Follow Me|p1a: Mucama\n|-singleturn|p1a: Mucama|move: Follow Me\n|move|p2a: ola conpermiso|Brave Bird|p1a: Mucama\n|-damage|p1a: Mucama|11\/100\n|-damage|p2a: ola conpermiso|84\/100|[from] item: Rocky Helmet|[of] p1a: Mucama\n|-damage|p2a: ola conpermiso|53\/100|[from] Recoil\n|move|p2b: si|Crunch|p1a: Mucama\n|-supereffective|p1a: Mucama\n|-damage|p1a: Mucama|0 fnt\n|-damage|p2b: si|84\/100|[from] item: Rocky Helmet|[of] p1a: Mucama\n|faint|p1a: Mucama\n|move|p1b: La Bruja|Trick Room|p1b: La Bruja\n|-fieldstart|move: Trick Room|[of] p1b: La Bruja\n|\n|upkeep\n|\n|t:|1700535082\n|switch|p1a: Oso Marron|Ursaluna, L50, F|100\/100\n|turn|2\n|\n|t:|1700535113\n|move|p1a: Oso Marron|Protect|p1a: Oso Marron\n|-singleturn|p1a: Oso Marron|Protect\n|move|p2b: si|Protect|p2b: si\n|-singleturn|p2b: si|Protect\n|move|p1b: La Bruja|Dazzling Gleam|p2a: ola conpermiso|[spread] p2a\n|-activate|p2b: si|move: Protect\n|-damage|p2a: ola conpermiso|13\/100\n|move|p2a: ola conpermiso|Brave Bird|p1a: Oso Marron\n|-activate|p1a: Oso Marron|move: Protect\n|\n|-status|p1a: Oso Marron|brn|[from] item: Flame Orb\n|upkeep\n|turn|3\n|\n|t:|1700535134\n|switch|p2b: donkikongo|Rillaboom, L50, F|100\/100\n|-fieldstart|move: Grassy Terrain|[from] ability: Grassy Surge|[of] p2b: donkikongo\n|move|p1b: La Bruja|Psychic|p2a: ola conpermiso\n|-damage|p2a: ola conpermiso|0 fnt\n|faint|p2a: ola conpermiso\n|move|p1a: Oso Marron|Facade|p2b: donkikongo\n|-damage|p2b: donkikongo|0 fnt\n|faint|p2b: donkikongo\n|\n|-damage|p1a: Oso Marron|95\/100 brn|[from] brn\n|upkeep\n|\n|t:|1700535145\n|switch|p2b: trucoconcigarro|Heatran, L50, F|100\/100\n|switch|p2a: si|Chien-Pao, L50|84\/100\n|-ability|p2a: si|Sword of Ruin\n|turn|4\n|\n|t:|1700535168\n|-terastallize|p1b: La Bruja|Fire\n|move|p2b: trucoconcigarro|Protect|p2b: trucoconcigarro\n|-singleturn|p2b: trucoconcigarro|Protect\n|move|p2a: si|Sucker Punch|p1b: La Bruja\n|-damage|p1b: La Bruja|38\/100\n|move|p1b: La Bruja|Mystical Fire|p2a: si\n|-supereffective|p2a: si\n|-damage|p2a: si|0 fnt\n|faint|p2a: si\n|move|p1a: Oso Marron|High Horsepower|p2b: trucoconcigarro\n|-activate|p2b: trucoconcigarro|move: Protect\n|\n|-heal|p1b: La Bruja|44\/100|[from] Grassy Terrain\n|-heal|p1a: Oso Marron|100\/100 brn|[from] Grassy Terrain\n|-damage|p1a: Oso Marron|95\/100 brn|[from] brn\n|upkeep\n|turn|5\n|\n|t:|1700535188\n|move|p1b: La Bruja|Psychic|p2b: trucoconcigarro\n|-resisted|p2b: trucoconcigarro\n|-damage|p2b: trucoconcigarro|78\/100\n|move|p1a: Oso Marron|High Horsepower|p2b: trucoconcigarro\n|-supereffective|p2b: trucoconcigarro\n|-damage|p2b: trucoconcigarro|0 fnt\n|faint|p2b: trucoconcigarro\n|\n|win|GinGearity\n|raw|GinGearity's rating: 1195 &rarr; <strong>1221<\/strong><br \/>(+26 for winning)\n|raw|Fireeh002's rating: 1214 &rarr; <strong>1188<\/strong><br \/>(-26 for losing)\n|l|\u2606Fireeh002\n","uploadtime":1700535197,"views":19,"p1id":"gingearity","p2id":"fireeh002","formatid":"gen9vgc2023regulatione","rating":1188,"private":0,"password":""}