{"id":"gen9vgc2023regulatione-1992397321","p1":"hjgklm3k","p2":"Uitolo","format":"[Gen 9] VGC 2023 Regulation E","log":"|j|\u2606hjgklm3k\n|j|\u2606Uitolo\n|t:|1700182827\n|gametype|doubles\n|player|p1|hjgklm3k|266|1309\n|player|p2|Uitolo|lucas|1299\n|teamsize|p1|6\n|teamsize|p2|6\n|gen|9\n|tier|[Gen 9] VGC 2023 Regulation E\n|rated|\n|rule|Species Clause: Limit one of each Pok\u00e9mon\n|rule|Item Clause: Limit one of each item\n|clearpoke\n|poke|p1|Tornadus, L50, M|\n|poke|p1|Ogerpon-Hearthflame, L50, F|\n|poke|p1|Flutter Mane, L50|\n|poke|p1|Dragonite, L50, F|\n|poke|p1|Chi-Yu, L50|\n|poke|p1|Iron Bundle, L50|\n|poke|p2|Gastrodon, L50, M|\n|poke|p2|Rillaboom, L50, F|\n|poke|p2|Chi-Yu, L50|\n|poke|p2|Tornadus, L50, M|\n|poke|p2|Flutter Mane, L50|\n|poke|p2|Landorus-Therian, L50, M|\n|teampreview|4\n|\n|t:|1700182868\n|start\n|switch|p1a: Tornadus|Tornadus, L50, M|100\/100\n|switch|p1b: Flutter Mane|Flutter Mane, L50|100\/100\n|switch|p2a: Flutter Mane|Flutter Mane, L50|100\/100\n|switch|p2b: Tornadus|Tornadus, L50, M|100\/100\n|turn|1\n|\n|t:|1700182917\n|-terastallize|p2a: Flutter Mane|Fairy\n|move|p1a: Tornadus|Tailwind|p1a: Tornadus\n|-sidestart|p1: hjgklm3k|move: Tailwind\n|move|p2b: Tornadus|Tailwind|p2b: Tornadus\n|-sidestart|p2: Uitolo|move: Tailwind\n|move|p2a: Flutter Mane|Shadow Ball|p1b: Flutter Mane\n|-supereffective|p1b: Flutter Mane\n|-damage|p1b: Flutter Mane|0 fnt\n|faint|p1b: Flutter Mane\n|-end|p1b: Flutter Mane|Protosynthesis|[silent]\n|\n|upkeep\n|\n|t:|1700182929\n|switch|p1b: Ogerpon|Ogerpon-Hearthflame, L50, F|100\/100\n|-ability|p1b: Ogerpon|Mold Breaker\n|turn|2\n|\n|t:|1700182941\n|-end|p2a: Flutter Mane|Protosynthesis|[silent]\n|switch|p2a: Landorus|Landorus-Therian, L50, M|100\/100\n|-ability|p2a: Landorus|Intimidate|boost\n|-unboost|p1a: Tornadus|atk|1\n|-unboost|p1b: Ogerpon|atk|1\n|move|p1a: Tornadus|Icy Wind|p2b: Tornadus|[spread] p2a,p2b\n|-supereffective|p2a: Landorus\n|-supereffective|p2b: Tornadus\n|-damage|p2a: Landorus|37\/100\n|-damage|p2b: Tornadus|71\/100\n|-unboost|p2a: Landorus|spe|1\n|move|p1b: Ogerpon|Ivy Cudgel|p2a: Landorus|[anim] Ivy Cudgel Fire\n|-damage|p2a: Landorus|0 fnt\n|faint|p2a: Landorus\n|move|p2b: Tornadus|Bleakwind Storm|p1b: Ogerpon|[spread] p1a,p1b\n|-supereffective|p1b: Ogerpon\n|-damage|p1a: Tornadus|69\/100\n|-damage|p1b: Ogerpon|31\/100\n|\n|upkeep\n|\n|t:|1700182956\n|switch|p2a: Flutter Mane|Flutter Mane, L50, tera:Fairy|100\/100\n|turn|3\n|\n|t:|1700182977\n|move|p1b: Ogerpon|Spiky Shield|p1b: Ogerpon\n|-singleturn|p1b: Ogerpon|move: Protect\n|move|p2b: Tornadus|Sunny Day|p2b: Tornadus\n|-weather|SunnyDay\n|-activate|p2a: Flutter Mane|ability: Protosynthesis\n|-start|p2a: Flutter Mane|protosynthesisspe\n|move|p2a: Flutter Mane|Shadow Ball|p1b: Ogerpon\n|-activate|p1b: Ogerpon|move: Protect\n|move|p1a: Tornadus|Icy Wind|p2b: Tornadus|[spread] p2a,p2b\n|-supereffective|p2b: Tornadus\n|-damage|p2a: Flutter Mane|89\/100\n|-damage|p2b: Tornadus|45\/100\n|-unboost|p2a: Flutter Mane|spe|1\n|\n|-weather|SunnyDay|[upkeep]\n|upkeep\n|turn|4\n|\n|t:|1700182994\n|switch|p1b: Chi-Yu|Chi-Yu, L50|100\/100\n|-ability|p1b: Chi-Yu|Beads of Ruin\n|move|p2a: Flutter Mane|Shadow Ball|p1b: Chi-Yu\n|-resisted|p1b: Chi-Yu\n|-damage|p1b: Chi-Yu|64\/100\n|-unboost|p1b: Chi-Yu|spd|1\n|move|p1a: Tornadus|Icy Wind|p2b: Tornadus|[spread] p2a,p2b\n|-supereffective|p2b: Tornadus\n|-damage|p2a: Flutter Mane|75\/100\n|-damage|p2b: Tornadus|10\/100\n|-unboost|p2a: Flutter Mane|spe|1\n|move|p2b: Tornadus|Bleakwind Storm|p1a: Tornadus|[spread] p1b\n|-miss|p2b: Tornadus|p1a: Tornadus\n|-damage|p1b: Chi-Yu|10\/100\n|-unboost|p1b: Chi-Yu|spe|1\n|\n|-weather|SunnyDay|[upkeep]\n|-sideend|p1: hjgklm3k|move: Tailwind\n|-sideend|p2: Uitolo|move: Tailwind\n|upkeep\n|turn|5\n|\n|t:|1700183017\n|-end|p2a: Flutter Mane|Protosynthesis|[silent]\n|switch|p2a: Rillaboom|Rillaboom, L50, F|100\/100\n|-fieldstart|move: Grassy Terrain|[from] ability: Grassy Surge|[of] p2a: Rillaboom\n|move|p1b: Chi-Yu|Protect|p1b: Chi-Yu\n|-singleturn|p1b: Chi-Yu|Protect\n|move|p1a: Tornadus|Tailwind|p1a: Tornadus\n|-sidestart|p1: hjgklm3k|move: Tailwind\n|move|p2b: Tornadus|Bleakwind Storm|p1b: Chi-Yu|[spread] p1a\n|-activate|p1b: Chi-Yu|move: Protect\n|-damage|p1a: Tornadus|28\/100\n|\n|-weather|SunnyDay|[upkeep]\n|-heal|p1b: Chi-Yu|17\/100|[from] Grassy Terrain\n|upkeep\n|turn|6\n|\n|t:|1700183047\n|move|p1a: Tornadus|Taunt|p2b: Tornadus\n|-start|p2b: Tornadus|move: Taunt\n|cant|p2b: Tornadus|move: Taunt|Tailwind\n|move|p1b: Chi-Yu|Heat Wave|p2a: Rillaboom|[spread] p2a,p2b\n|-supereffective|p2a: Rillaboom\n|-damage|p2a: Rillaboom|0 fnt\n|-damage|p2b: Tornadus|0 fnt\n|faint|p2a: Rillaboom\n|faint|p2b: Tornadus\n|-damage|p1b: Chi-Yu|7\/100|[from] item: Life Orb\n|\n|-weather|SunnyDay|[upkeep]\n|-heal|p1b: Chi-Yu|13\/100|[from] Grassy Terrain\n|upkeep\n|\n|t:|1700183065\n|switch|p2b: Flutter Mane|Flutter Mane, L50, tera:Fairy|75\/100\n|-activate|p2b: Flutter Mane|ability: Protosynthesis\n|-start|p2b: Flutter Mane|protosynthesisspe\n|turn|7\n|\n|t:|1700183081\n|move|p1a: Tornadus|Icy Wind|p2b: Flutter Mane\n|-damage|p2b: Flutter Mane|56\/100\n|-unboost|p2b: Flutter Mane|spe|1\n|move|p1b: Chi-Yu|Heat Wave|p2b: Flutter Mane\n|-damage|p2b: Flutter Mane|0 fnt\n|faint|p2b: Flutter Mane\n|-end|p2b: Flutter Mane|Protosynthesis|[silent]\n|-damage|p1b: Chi-Yu|3\/100|[from] item: Life Orb\n|\n|win|hjgklm3k\n|raw|hjgklm3k's rating: 1309 &rarr; <strong>1328<\/strong><br \/>(+19 for winning)\n|raw|Uitolo's rating: 1299 &rarr; <strong>1275<\/strong><br \/>(-24 for losing)\n","uploadtime":1700183088,"views":9,"p1id":"hjgklm3k","p2id":"uitolo","formatid":"gen9vgc2023regulatione","rating":1275,"private":0,"password":""}