{"id":"gen9vgc2023regulatione-1999726991","p1":"RucolaLuca","p2":"xxbobbywasabixx","format":"[Gen 9] VGC 2023 Regulation E","log":"|j|\u2606RucolaLuca\n|j|\u2606xxbobbywasabixx\n|t:|1701111338\n|gametype|doubles\n|player|p1|RucolaLuca|swimmerf-gen4|1064\n|player|p2|xxbobbywasabixx|1|1053\n|teamsize|p1|6\n|teamsize|p2|6\n|gen|9\n|tier|[Gen 9] VGC 2023 Regulation E\n|rated|\n|rule|Species Clause: Limit one of each Pok\u00e9mon\n|rule|Item Clause: Limit one of each item\n|clearpoke\n|poke|p1|Heatran, L50, M|\n|poke|p1|Samurott-Hisui, L50, M|\n|poke|p1|Girafarig, L50, M|\n|poke|p1|Dachsbun, L50, F|\n|poke|p1|Dragapult, L50, F|\n|poke|p1|Camerupt, L50, F|\n|poke|p2|Iron Bundle, L50|\n|poke|p2|Salamence, L50, M|\n|poke|p2|Pelipper, L50, M|\n|poke|p2|Gholdengo, L50|\n|poke|p2|Rillaboom, L50, M|\n|poke|p2|Amoonguss, L50, M|\n|teampreview|4\n|\n|t:|1701111377\n|start\n|switch|p1a: Samurott|Samurott-Hisui, L50, M, shiny|100\/100\n|switch|p1b: Heatran|Heatran, L50, M|100\/100\n|switch|p2a: Pelipper|Pelipper, L50, M|100\/100\n|switch|p2b: Gholdengo|Gholdengo, L50|100\/100\n|-weather|RainDance|[from] ability: Drizzle|[of] p2a: Pelipper\n|turn|1\n|\n|t:|1701111402\n|switch|p2b: Rillaboom|Rillaboom, L50, M|100\/100\n|-fieldstart|move: Grassy Terrain|[from] ability: Grassy Surge|[of] p2b: Rillaboom\n|move|p1a: Samurott|Knock Off|p2b: Rillaboom\n|-crit|p2b: Rillaboom\n|-damage|p2b: Rillaboom|30\/100\n|-enditem|p2b: Rillaboom|Assault Vest|[from] move: Knock Off|[of] p1a: Samurott\n|move|p1b: Heatran|Power Gem|p2a: Pelipper\n|-supereffective|p2a: Pelipper\n|-damage|p2a: Pelipper|1\/100\n|-damage|p1b: Heatran|91\/100|[from] item: Life Orb\n|move|p2a: Pelipper|Weather Ball|p1b: Heatran\n|-supereffective|p1b: Heatran\n|-damage|p1b: Heatran|0 fnt\n|faint|p1b: Heatran\n|\n|-weather|RainDance|[upkeep]\n|-heal|p2b: Rillaboom|36\/100|[from] Grassy Terrain\n|upkeep\n|\n|t:|1701111440\n|switch|p1b: Dragapult|Dragapult, L50, F|100\/100\n|turn|2\n|\n|t:|1701111466\n|switch|p1a: Dachsbun|Dachsbun, L50, F|100\/100\n|move|p2a: Pelipper|Protect|p2a: Pelipper\n|-singleturn|p2a: Pelipper|Protect\n|move|p2b: Rillaboom|Fake Out|p1a: Dachsbun\n|-damage|p1a: Dachsbun|82\/100\n|-damage|p2b: Rillaboom|20\/100|[from] item: Rocky Helmet|[of] p1a: Dachsbun\n|move|p1b: Dragapult|Dragon Darts|p2b: Rillaboom\n|-damage|p2b: Rillaboom|0 fnt\n|faint|p2b: Rillaboom\n|\n|-weather|RainDance|[upkeep]\n|-heal|p1a: Dachsbun|88\/100|[from] Grassy Terrain\n|upkeep\n|\n|t:|1701111479\n|switch|p2b: Gholdengo|Gholdengo, L50|100\/100\n|turn|3\n|\n|t:|1701111499\n|-terastallize|p2b: Gholdengo|Steel\n|move|p1b: Dragapult|U-turn|p2b: Gholdengo\n|-resisted|p2b: Gholdengo\n|-damage|p2b: Gholdengo|88\/100\n|\n|t:|1701111504\n|switch|p1b: Samurott|Samurott-Hisui, L50, M, shiny|100\/100|[from] U-turn\n|move|p1a: Dachsbun|Body Press|p2a: Pelipper\n|-resisted|p2a: Pelipper\n|-damage|p2a: Pelipper|0 fnt\n|faint|p2a: Pelipper\n|move|p2b: Gholdengo|Make It Rain|p1a: Dachsbun|[spread] p1a,p1b\n|-supereffective|p1a: Dachsbun\n|-resisted|p1b: Samurott\n|-damage|p1a: Dachsbun|0 fnt\n|-damage|p1b: Samurott|51\/100\n|-unboost|p2b: Gholdengo|spa|1\n|faint|p1a: Dachsbun\n|\n|-weather|RainDance|[upkeep]\n|-heal|p1b: Samurott|57\/100|[from] Grassy Terrain\n|-heal|p2b: Gholdengo|94\/100|[from] Grassy Terrain\n|-heal|p2b: Gholdengo|100\/100|[from] item: Leftovers\n|upkeep\n|\n|t:|1701111522\n|switch|p1a: Dragapult|Dragapult, L50, F|100\/100\n|switch|p2a: Salamence|Salamence, L50, M|100\/100\n|-ability|p2a: Salamence|Intimidate|boost\n|-fail|p1a: Dragapult|unboost|[from] ability: Clear Body|[of] p1a: Dragapult\n|-unboost|p1b: Samurott|atk|1\n|turn|4\n|\n|t:|1701111550\n|-terastallize|p1a: Dragapult|Dragon\n|move|p1b: Samurott|Sacred Sword|p2b: Gholdengo\n|-supereffective|p2b: Gholdengo\n|-damage|p2b: Gholdengo|41\/100\n|move|p1a: Dragapult|Dragon Darts|p2a: Salamence\n|-supereffective|p2a: Salamence\n|-damage|p2a: Salamence|23\/100\n|-anim|p1a: Dragapult|Dragon Darts|p2b: Gholdengo\n|-resisted|p2b: Gholdengo\n|-damage|p2b: Gholdengo|23\/100\n|move|p2a: Salamence|Draco Meteor|p1a: Dragapult|[miss]\n|-miss|p2a: Salamence|p1a: Dragapult\n|move|p2b: Gholdengo|Shadow Ball|p1a: Dragapult\n|-damage|p1a: Dragapult|64\/100\n|\n|-weather|RainDance|[upkeep]\n|-heal|p1b: Samurott|63\/100|[from] Grassy Terrain\n|-heal|p1a: Dragapult|70\/100|[from] Grassy Terrain\n|-heal|p1a: Dragapult|76\/100|[from] item: Leftovers\n|-heal|p2b: Gholdengo|30\/100|[from] Grassy Terrain\n|-heal|p2b: Gholdengo|36\/100|[from] item: Leftovers\n|upkeep\n|turn|5\n|-message|xxbobbywasabixx forfeited.\n|\n|win|RucolaLuca\n|raw|RucolaLuca's rating: 1064 &rarr; <strong>1093<\/strong><br \/>(+29 for winning)\n|raw|xxbobbywasabixx's rating: 1053 &rarr; <strong>1036<\/strong><br \/>(-17 for losing)\n|l|\u2606xxbobbywasabixx\n","uploadtime":1701111625,"views":9,"p1id":"rucolaluca","p2id":"xxbobbywasabixx","formatid":"gen9vgc2023regulatione","rating":1036,"private":0,"password":""}