{"id":"gen9vgc2023regulatione-1993608521","p1":"Tony2810","p2":"deboroh","format":"[Gen 9] VGC 2023 Regulation E","log":"|j|\u2606Tony2810\n|j|\u2606deboroh\n|t:|1700337024\n|gametype|doubles\n|player|p1|Tony2810|acetrainer-gen4dp|1658\n|player|p2|deboroh|blackbelt-gen4dp|1606\n|teamsize|p1|6\n|teamsize|p2|6\n|gen|9\n|tier|[Gen 9] VGC 2023 Regulation E\n|rated|\n|rule|Species Clause: Limit one of each Pok\u00e9mon\n|rule|Item Clause: Limit one of each item\n|clearpoke\n|poke|p1|Sinistcha, L50|\n|poke|p1|Okidogi, L50, M|\n|poke|p1|Grimmsnarl, L50, M|\n|poke|p1|Arcanine-Hisui, L50, F|\n|poke|p1|Iron Hands, L50|\n|poke|p1|Ogerpon-Wellspring, L50, F|\n|poke|p2|Urshifu-*, L50, F|\n|poke|p2|Farigiraf, L50, F|\n|poke|p2|Clefairy, L50, M|\n|poke|p2|Ogerpon-Hearthflame, L50, F|\n|poke|p2|Ursaluna-Bloodmoon, L50, M|\n|poke|p2|Okidogi, L50, M|\n|teampreview|4\n|inactive|Battle timer is ON: inactive players will automatically lose when time's up. (requested by deboroh)\n|\n|t:|1700337104\n|start\n|switch|p1a: Grimmsnarl|Grimmsnarl, L50, M|100\/100\n|switch|p1b: Ogerpon|Ogerpon-Wellspring, L50, F|100\/100\n|switch|p2a: Urshifu|Urshifu-Rapid-Strike, L50, F|100\/100\n|switch|p2b: Clefairy|Clefairy, L50, M|100\/100\n|turn|1\n|\n|t:|1700337124\n|switch|p2b: Farigiraf|Farigiraf, L50, F|100\/100\n|move|p1a: Grimmsnarl|Reflect|p1a: Grimmsnarl\n|-sidestart|p1: Tony2810|Reflect\n|move|p2a: Urshifu|U-turn|p1b: Ogerpon\n|-supereffective|p1b: Ogerpon\n|-damage|p1b: Ogerpon|64\/100\n|\n|t:|1700337130\n|switch|p2a: Clefairy|Clefairy, L50, M|100\/100|[from] U-turn\n|move|p1b: Ogerpon|Ivy Cudgel|p2b: Farigiraf|[anim] Ivy Cudgel Water\n|-damage|p2b: Farigiraf|60\/100\n|\n|upkeep\n|turn|2\n|\n|t:|1700337144\n|move|p1a: Grimmsnarl|Light Screen|p1a: Grimmsnarl\n|-sidestart|p1: Tony2810|move: Light Screen\n|move|p1b: Ogerpon|Horn Leech|p2b: Farigiraf\n|-crit|p2b: Farigiraf\n|-damage|p2b: Farigiraf|17\/100\n|-heal|p1b: Ogerpon|89\/100|[from] drain|[of] p2b: Farigiraf\n|-enditem|p2b: Farigiraf|Sitrus Berry|[eat]\n|-heal|p2b: Farigiraf|42\/100|[from] item: Sitrus Berry\n|move|p2a: Clefairy|Heal Pulse|p2b: Farigiraf\n|-heal|p2b: Farigiraf|92\/100\n|move|p2b: Farigiraf|Trick Room|p2b: Farigiraf\n|-fieldstart|move: Trick Room|[of] p2b: Farigiraf\n|\n|upkeep\n|turn|3\n|inactive|deboroh has 30 seconds left.\n|\n|t:|1700337173\n|move|p1b: Ogerpon|Spiky Shield|p1b: Ogerpon\n|-singleturn|p1b: Ogerpon|move: Protect\n|move|p2a: Clefairy|Heal Pulse|p2b: Farigiraf\n|-heal|p2b: Farigiraf|100\/100\n|move|p2b: Farigiraf|Nasty Plot|p2b: Farigiraf\n|-boost|p2b: Farigiraf|spa|2\n|move|p1a: Grimmsnarl|Spirit Break|p2b: Farigiraf\n|-damage|p2b: Farigiraf|75\/100\n|-unboost|p2b: Farigiraf|spa|1\n|\n|upkeep\n|turn|4\n|\n|t:|1700337193\n|-terastallize|p1b: Ogerpon|Water\n|detailschange|p1b: Ogerpon|Ogerpon-Wellspring-Tera, L50, F, tera:Water\n|-ability|p1b: Ogerpon|Embody Aspect (Wellspring)|boost\n|-boost|p1b: Ogerpon|spd|1\n|move|p2a: Clefairy|Heal Pulse|p2b: Farigiraf\n|-heal|p2b: Farigiraf|100\/100\n|move|p2b: Farigiraf|Nasty Plot|p2b: Farigiraf\n|-boost|p2b: Farigiraf|spa|2\n|move|p1a: Grimmsnarl|Spirit Break|p2a: Clefairy\n|-damage|p2a: Clefairy|77\/100\n|-unboost|p2a: Clefairy|spa|1\n|move|p1b: Ogerpon|Ivy Cudgel|p2a: Clefairy|[anim] Ivy Cudgel Water\n|-crit|p2a: Clefairy\n|-damage|p2a: Clefairy|0 fnt\n|faint|p2a: Clefairy\n|\n|upkeep\n|\n|t:|1700337208\n|switch|p2a: Ursaluna|Ursaluna-Bloodmoon, L50, M|100\/100\n|turn|5\n|\n|t:|1700337225\n|move|p1b: Ogerpon|Spiky Shield|p1b: Ogerpon\n|-singleturn|p1b: Ogerpon|move: Protect\n|move|p2a: Ursaluna|Hyper Voice|p1b: Ogerpon|[spread] p1a\n|-activate|p1b: Ogerpon|move: Protect\n|-damage|p1a: Grimmsnarl|68\/100\n|-damage|p2a: Ursaluna|91\/100|[from] item: Life Orb\n|move|p2b: Farigiraf|Psychic|p1b: Ogerpon\n|-activate|p1b: Ogerpon|move: Protect\n|move|p1a: Grimmsnarl|Spirit Break|p2a: Ursaluna\n|-damage|p2a: Ursaluna|66\/100\n|-unboost|p2a: Ursaluna|spa|1\n|\n|upkeep\n|turn|6\n|inactive|deboroh has 30 seconds left.\n|\n|t:|1700337252\n|switch|p1b: Iron Hands|Iron Hands, L50|100\/100\n|move|p2a: Ursaluna|Hyper Voice|p1a: Grimmsnarl|[spread] p1a,p1b\n|-crit|p1b: Iron Hands\n|-damage|p1a: Grimmsnarl|45\/100\n|-damage|p1b: Iron Hands|64\/100\n|-damage|p2a: Ursaluna|56\/100|[from] item: Life Orb\n|move|p2b: Farigiraf|Psychic|p1b: Iron Hands\n|-supereffective|p1b: Iron Hands\n|-damage|p1b: Iron Hands|2\/100\n|move|p1a: Grimmsnarl|Spirit Break|p2a: Ursaluna\n|-damage|p2a: Ursaluna|32\/100\n|-unboost|p2a: Ursaluna|spa|1\n|\n|-fieldend|move: Trick Room\n|upkeep\n|turn|7\n|\n|t:|1700337272\n|switch|p2a: Urshifu|Urshifu-Rapid-Strike, L50, F|100\/100\n|move|p1a: Grimmsnarl|Spirit Break|p2b: Farigiraf\n|-damage|p2b: Farigiraf|69\/100\n|-unboost|p2b: Farigiraf|spa|1\n|move|p2b: Farigiraf|Dazzling Gleam|p1a: Grimmsnarl|[spread] p1a,p1b\n|-supereffective|p1a: Grimmsnarl\n|-supereffective|p1b: Iron Hands\n|-damage|p1a: Grimmsnarl|1\/100\n|-damage|p1b: Iron Hands|0 fnt\n|faint|p1b: Iron Hands\n|-end|p1b: Iron Hands|Quark Drive|[silent]\n|\n|upkeep\n|\n|t:|1700337282\n|switch|p1b: Ogerpon|Ogerpon-Wellspring-Tera, L50, F, tera:Water|89\/100\n|-ability|p1b: Ogerpon|Embody Aspect (Wellspring)|boost\n|-boost|p1b: Ogerpon|spd|1\n|turn|8\n|inactive|deboroh has 30 seconds left.\n|inactive|deboroh has 20 seconds left.\n|inactive|Tony2810 has 30 seconds left.\n|inactive|deboroh has 15 seconds left.\n|\n|t:|1700337327\n|move|p2a: Urshifu|U-turn|p1a: Grimmsnarl\n|-damage|p1a: Grimmsnarl|0 fnt\n|faint|p1a: Grimmsnarl\n|\n|t:|1700337331\n|switch|p2a: Ursaluna|Ursaluna-Bloodmoon, L50, M|32\/100|[from] U-turn\n|move|p1b: Ogerpon|Ivy Cudgel|p2b: Farigiraf|[anim] Ivy Cudgel Water\n|-crit|p2b: Farigiraf\n|-damage|p2b: Farigiraf|0 fnt\n|faint|p2b: Farigiraf\n|\n|-sideend|p1: Tony2810|Reflect\n|upkeep\n|inactive|Tony2810 has 30 seconds left.\n|inactive|Tony2810 has 20 seconds left.\n|inactive|Tony2810 has 15 seconds left.\n|\n|t:|1700337374\n|switch|p1a: Okidogi|Okidogi, L50, M|100\/100\n|switch|p2b: Urshifu|Urshifu-Rapid-Strike, L50, F|100\/100\n|turn|9\n|inactive|deboroh has 30 seconds left.\n|inactive|deboroh has 20 seconds left.\n|inactive|deboroh has 15 seconds left.\n|inactive|deboroh has 10 seconds left.\n|\n|t:|1700337424\n|-terastallize|p2b: Urshifu|Water\n|move|p2a: Ursaluna|Protect|p2a: Ursaluna\n|-singleturn|p2a: Ursaluna|Protect\n|move|p2b: Urshifu|Surging Strikes|p1a: Okidogi\n|-crit|p1a: Okidogi\n|-damage|p1a: Okidogi|76\/100\n|-crit|p1a: Okidogi\n|-damage|p1a: Okidogi|53\/100\n|-crit|p1a: Okidogi\n|-damage|p1a: Okidogi|31\/100\n|-enditem|p1a: Okidogi|Sitrus Berry|[eat]\n|-heal|p1a: Okidogi|55\/100|[from] item: Sitrus Berry\n|-hitcount|p1a: Okidogi|3\n|move|p1b: Ogerpon|Horn Leech|p2b: Urshifu\n|-supereffective|p2b: Urshifu\n|-damage|p2b: Urshifu|9\/100\n|-heal|p1b: Ogerpon|100\/100|[from] drain|[of] p2b: Urshifu\n|move|p1a: Okidogi|Drain Punch|p2a: Ursaluna\n|-activate|p2a: Ursaluna|move: Protect\n|\n|-sideend|p1: Tony2810|move: Light Screen\n|upkeep\n|turn|10\n|inactive|Tony2810 has 30 seconds left.\n|inactive|deboroh has 30 seconds left.\n|\n|t:|1700337451\n|move|p2b: Urshifu|Surging Strikes|p1a: Okidogi\n|-crit|p1a: Okidogi\n|-damage|p1a: Okidogi|34\/100\n|-crit|p1a: Okidogi\n|-damage|p1a: Okidogi|10\/100\n|-crit|p1a: Okidogi\n|-damage|p1a: Okidogi|0 fnt\n|faint|p1a: Okidogi\n|-hitcount|p1: Okidogi|3\n|move|p1b: Ogerpon|Ivy Cudgel|p2a: Ursaluna|[anim] Ivy Cudgel Water\n|-supereffective|p2a: Ursaluna\n|-damage|p2a: Ursaluna|0 fnt\n|faint|p2a: Ursaluna\n|\n|upkeep\n|turn|11\n|\n|t:|1700337461\n|move|p2b: Urshifu|Surging Strikes|p1b: Ogerpon\n|-resisted|p1b: Ogerpon\n|-crit|p1b: Ogerpon\n|-damage|p1b: Ogerpon|85\/100\n|-resisted|p1b: Ogerpon\n|-crit|p1b: Ogerpon\n|-damage|p1b: Ogerpon|71\/100\n|-resisted|p1b: Ogerpon\n|-crit|p1b: Ogerpon\n|-damage|p1b: Ogerpon|57\/100\n|-hitcount|p1b: Ogerpon|3\n|move|p1b: Ogerpon|Horn Leech|p2b: Urshifu\n|-supereffective|p2b: Urshifu\n|-damage|p2b: Urshifu|0 fnt\n|-heal|p1b: Ogerpon|61\/100|[from] drain|[of] p2b: Urshifu\n|faint|p2b: Urshifu\n|\n|win|Tony2810\n|raw|Tony2810's rating: 1636 &rarr; <strong>1654<\/strong><br \/>(+18 for winning)\n|raw|deboroh's rating: 1606 &rarr; <strong>1588<\/strong><br \/>(-18 for losing)\n|c|\u2606Tony2810|gg\n|c|\u2606deboroh|gg\n","uploadtime":1700337485,"views":7,"p1id":"tony2810","p2id":"deboroh","formatid":"gen9vgc2023regulatione","rating":1588,"private":0,"password":""}