{"id":"gen9vgc2023regulatione-1990323024","p1":"Drunkendengo","p2":"Tilzy","format":"[Gen 9] VGC 2023 Regulation E","log":"|j|\u2606Drunkendengo\n|j|\u2606Tilzy\n|t:|1699956680\n|gametype|doubles\n|player|p1|Drunkendengo|266|\n|player|p2|Tilzy|102|\n|teamsize|p1|6\n|teamsize|p2|6\n|gen|9\n|tier|[Gen 9] VGC 2023 Regulation E\n|rated|Tournament battle\n|rule|Species Clause: Limit one of each Pok\u00e9mon\n|rule|Item Clause: Limit one of each item\n|clearpoke\n|poke|p1|Urshifu-*, L50, M|\n|poke|p1|Tornadus, L50, M|\n|poke|p1|Landorus-Therian, L50, M|\n|poke|p1|Chien-Pao, L50|\n|poke|p1|Amoonguss, L50, M|\n|poke|p1|Gholdengo, L50|\n|poke|p2|Regidrago, L50|\n|poke|p2|Tornadus, L50, M|\n|poke|p2|Urshifu-*, L50, F|\n|poke|p2|Rillaboom, L50, M|\n|poke|p2|Gholdengo, L50|\n|poke|p2|Ogerpon-Hearthflame, L50, F|\n|teampreview|4\n|showteam|p1|Urshifu-Rapid-Strike||MysticWater|UnseenFist|SurgingStrikes,AquaJet,CloseCombat,Detect|||M|||50|,,,,,Water]Tornadus||RockyHelmet|Prankster|Tailwind,BleakwindStorm,Taunt,ScaryFace|||M|||50|,,,,,Ghost]Landorus-Therian||ChoiceScarf|Intimidate|StompingTantrum,TeraBlast,Uturn,RockSlide|||M|||50|,,,,,Flying]Chien-Pao||FocusSash|SwordofRuin|IceSpinner,SuckerPunch,SacredSword,Protect||||||50|,,,,,Ghost]Amoonguss||SitrusBerry|Regenerator|PollenPuff,Spore,RagePowder,Protect|||M|||50|,,,,,Water]Gholdengo||Leftovers|GoodasGold|MakeItRain,ShadowBall,NastyPlot,Protect||||||50|,,,,,Dragon\n|showteam|p2|Regidrago||DragonFang|DragonsMaw|DragonEnergy,DragonPulse,EarthPower,Protect||||||50|,,,,,Steel]Tornadus||FocusSash|Prankster|IcyWind,Protect,BleakwindStorm,Tailwind|||M|||50|,,,,,Ghost]Urshifu-Rapid-Strike||ChoiceScarf|UnseenFist|SurgingStrikes,CloseCombat,AquaJet,RockSlide|||F|||50|,,,,,Water]Rillaboom||AssaultVest|GrassySurge|GrassyGlide,HighHorsepower,WoodHammer,FakeOut|||M|||50|,,,,,Fire]Gholdengo||ChoiceSpecs|GoodasGold|MakeItRain,ShadowBall,Thunderbolt,PowerGem||||||50|,,,,,Steel]Ogerpon-Hearthflame||HearthflameMask|MoldBreaker|IvyCudgel,GrassyGlide,FollowMe,SpikyShield|||F|||50|,,,,,Fire\n|j| Wheeel\n|inactive|Battle timer is ON: inactive players will automatically lose when time's up. (requested by Tilzy)\n|\n|t:|1699956696\n|start\n|switch|p1a: Chien-Pao|Chien-Pao, L50|100\/100\n|switch|p1b: Landorus|Landorus-Therian, L50, M|100\/100\n|switch|p2a: Tornadus|Tornadus, L50, M, shiny|100\/100\n|switch|p2b: Gholdengo|Gholdengo, L50, shiny|100\/100\n|-ability|p1b: Landorus|Intimidate|boost\n|-unboost|p2a: Tornadus|atk|1\n|-unboost|p2b: Gholdengo|atk|1\n|-ability|p1a: Chien-Pao|Sword of Ruin\n|turn|1\n|\n|t:|1699956712\n|switch|p1b: Scarf|Gholdengo, L50|100\/100\n|-terastallize|p2b: Gholdengo|Steel\n|move|p2a: Tornadus|Tailwind|p2a: Tornadus\n|-sidestart|p2: Tilzy|move: Tailwind\n|move|p2b: Gholdengo|Make It Rain|p1b: Scarf|[spread] p1a,p1b\n|-supereffective|p1a: Chien-Pao\n|-resisted|p1b: Scarf\n|-crit|p1b: Scarf\n|-enditem|p1a: Chien-Pao|Focus Sash\n|-damage|p1a: Chien-Pao|1\/100\n|-damage|p1b: Scarf|30\/100\n|-unboost|p2b: Gholdengo|spa|1\n|move|p1a: Chien-Pao|Sacred Sword|p2b: Gholdengo\n|-supereffective|p2b: Gholdengo\n|-damage|p2b: Gholdengo|11\/100\n|\n|-heal|p1b: Scarf|36\/100|[from] item: Leftovers\n|upkeep\n|turn|2\n|\n|t:|1699956726\n|switch|p2b: Rillaboom|Rillaboom, L50, M, shiny|100\/100\n|-fieldstart|move: Grassy Terrain|[from] ability: Grassy Surge|[of] p2b: Rillaboom\n|move|p1a: Chien-Pao|Protect|p1a: Chien-Pao\n|-singleturn|p1a: Chien-Pao|Protect\n|move|p2a: Tornadus|Bleakwind Storm|p1b: Scarf|[spread] p1b\n|-activate|p1a: Chien-Pao|move: Protect\n|-resisted|p1b: Scarf\n|-damage|p1b: Scarf|17\/100\n|move|p1b: Scarf|Nasty Plot|p1b: Scarf\n|-boost|p1b: Scarf|spa|2\n|\n|-heal|p1a: Chien-Pao|7\/100|[from] Grassy Terrain\n|-heal|p1b: Scarf|23\/100|[from] Grassy Terrain\n|-heal|p1b: Scarf|30\/100|[from] item: Leftovers\n|upkeep\n|turn|3\n|\n|t:|1699956747\n|switch|p1a: Spikemuth|Tornadus, L50, M|100\/100\n|move|p1b: Scarf|Protect|p1b: Scarf\n|-singleturn|p1b: Scarf|Protect\n|move|p2b: Rillaboom|Grassy Glide|p1b: Scarf\n|-activate|p1b: Scarf|move: Protect\n|move|p2a: Tornadus|Bleakwind Storm|p1b: Scarf|[spread] p1a\n|-activate|p1b: Scarf|move: Protect\n|-damage|p1a: Spikemuth|61\/100\n|\n|-heal|p1b: Scarf|36\/100|[from] Grassy Terrain\n|-heal|p1b: Scarf|42\/100|[from] item: Leftovers\n|upkeep\n|turn|4\n|\n|t:|1699956757\n|move|p1a: Spikemuth|Tailwind|p1a: Spikemuth\n|-sidestart|p1: Drunkendengo|move: Tailwind\n|move|p2a: Tornadus|Icy Wind|p1b: Scarf|[spread] p1a,p1b\n|-supereffective|p1a: Spikemuth\n|-crit|p1a: Spikemuth\n|-resisted|p1b: Scarf\n|-damage|p1a: Spikemuth|11\/100\n|-damage|p1b: Scarf|36\/100\n|-unboost|p1a: Spikemuth|spe|1\n|-unboost|p1b: Scarf|spe|1\n|move|p2b: Rillaboom|Wood Hammer|p1b: Scarf\n|-resisted|p1b: Scarf\n|-damage|p1b: Scarf|0 fnt\n|faint|p1b: Scarf\n|-damage|p2b: Rillaboom|89\/100|[from] Recoil\n|\n|-heal|p2b: Rillaboom|95\/100|[from] Grassy Terrain\n|-sideend|p2: Tilzy|move: Tailwind\n|upkeep\n|\n|t:|1699956767\n|switch|p1b: Landorus|Landorus-Therian, L50, M|100\/100\n|-ability|p1b: Landorus|Intimidate|boost\n|-unboost|p2a: Tornadus|atk|1\n|-unboost|p2b: Rillaboom|atk|1\n|turn|5\n|\n|t:|1699956776\n|-terastallize|p1b: Landorus|Flying\n|move|p2b: Rillaboom|Grassy Glide|p1b: Landorus\n|-resisted|p1b: Landorus\n|-damage|p1b: Landorus|88\/100\n|move|p1b: Landorus|Tera Blast|p2b: Rillaboom|[anim] Tera Blast Flying\n|-supereffective|p2b: Rillaboom\n|-damage|p2b: Rillaboom|0 fnt\n|faint|p2b: Rillaboom\n|move|p1a: Spikemuth|Bleakwind Storm|p2a: Tornadus\n|-damage|p2a: Tornadus|44\/100\n|move|p2a: Tornadus|Icy Wind|p1b: Landorus|[spread] p1a,p1b\n|-supereffective|p1a: Spikemuth\n|-supereffective|p1b: Landorus\n|-damage|p1a: Spikemuth|0 fnt\n|-damage|p1b: Landorus|53\/100\n|-unboost|p1b: Landorus|spe|1\n|faint|p1a: Spikemuth\n|\n|upkeep\n|\n|t:|1699956786\n|switch|p1a: Chien-Pao|Chien-Pao, L50|7\/100\n|switch|p2b: Ogerpon|Ogerpon-Hearthflame, L50, F|100\/100\n|-ability|p1a: Chien-Pao|Sword of Ruin\n|-ability|p2b: Ogerpon|Mold Breaker\n|turn|6\n|\n|t:|1699956803\n|move|p1a: Chien-Pao|Protect|p1a: Chien-Pao\n|-singleturn|p1a: Chien-Pao|Protect\n|move|p2b: Ogerpon|Spiky Shield|p2b: Ogerpon\n|-singleturn|p2b: Ogerpon|move: Protect\n|move|p2a: Tornadus|Tailwind|p2a: Tornadus\n|-sidestart|p2: Tilzy|move: Tailwind\n|move|p1b: Landorus|Tera Blast|p2b: Ogerpon|[anim] Tera Blast Flying\n|-activate|p2b: Ogerpon|move: Protect\n|\n|-heal|p1a: Chien-Pao|13\/100|[from] Grassy Terrain\n|-fieldend|move: Grassy Terrain\n|upkeep\n|turn|7\n|-message|Drunkendengo forfeited.\n|\n|win|Tilzy\n|n|\u2606Drunkendengo|drunkendengo\n|n|\u2606Tilzy|tilzy\n|n| Wheeel|wheeel\n","uploadtime":1699956812,"views":8,"p1id":"drunkendengo","p2id":"tilzy","formatid":"gen9vgc2023regulatione","rating":0,"private":0,"password":""}