{"id":"gen9vgc2023regulatione-1990541740","p1":"LasPruebitas","p2":"YSE-Mill","format":"[Gen 9] VGC 2023 Regulation E","log":"|j|\u2606LasPruebitas\n|j|\u2606YSE-Mill\n|t:|1699979975\n|gametype|doubles\n|player|p1|LasPruebitas|dragontamer|1353\n|player|p2|YSE-Mill|102|1344\n|teamsize|p1|6\n|teamsize|p2|6\n|gen|9\n|tier|[Gen 9] VGC 2023 Regulation E\n|rated|\n|rule|Species Clause: Limit one of each Pok\u00e9mon\n|rule|Item Clause: Limit one of each item\n|clearpoke\n|poke|p1|Zapdos-Galar, L50|\n|poke|p1|Amoonguss, L50, M|\n|poke|p1|Maushold, L50|\n|poke|p1|Heatran, L50, F|\n|poke|p1|Empoleon, L50, F|\n|poke|p1|Iron Hands, L50|\n|poke|p2|Cresselia, L50, F|\n|poke|p2|Iron Hands, L50|\n|poke|p2|Ursaluna-Bloodmoon, L50, M|\n|poke|p2|Urshifu-*, L50, M|\n|poke|p2|Tornadus, L50, M|\n|poke|p2|Landorus-Therian, L50, M|\n|teampreview|4\n|inactive|Battle timer is ON: inactive players will automatically lose when time's up. (requested by LasPruebitas)\n|inactive|LasPruebitas has 60 seconds left.\n|\n|t:|1699980007\n|start\n|switch|p1a: LegDayZapdos|Zapdos-Galar, L50|100\/100\n|switch|p1b: Los Ramirez|Maushold, L50|100\/100\n|switch|p2a: Iron Hands|Iron Hands, L50|100\/100\n|switch|p2b: Cresselia|Cresselia, L50, F, shiny|100\/100\n|turn|1\n|inactive|LasPruebitas has 30 seconds left.\n|\n|t:|1699980038\n|switch|p1a: Manolo|Amoonguss, L50, M|100\/100\n|move|p2a: Iron Hands|Fake Out|p1a: Manolo\n|-damage|p1a: Manolo|91\/100\n|move|p1b: Los Ramirez|Super Fang|p2b: Cresselia\n|-damage|p2b: Cresselia|50\/100\n|move|p2b: Cresselia|Trick Room|p2b: Cresselia\n|-fieldstart|move: Trick Room|[of] p2b: Cresselia\n|\n|upkeep\n|turn|2\n|\n|t:|1699980060\n|move|p1a: Manolo|Spore|p2b: Cresselia\n|-status|p2b: Cresselia|slp|[from] move: Spore\n|move|p2a: Iron Hands|Drain Punch|p1b: Los Ramirez\n|-supereffective|p1b: Los Ramirez\n|-damage|p1b: Los Ramirez|7\/100\n|-damage|p2a: Iron Hands|84\/100|[from] item: Rocky Helmet|[of] p1b: Los Ramirez\n|move|p1b: Los Ramirez|Super Fang|p2a: Iron Hands\n|-damage|p2a: Iron Hands|42\/100\n|cant|p2b: Cresselia|slp\n|\n|upkeep\n|turn|3\n|\n|t:|1699980075\n|move|p1a: Manolo|Spore|p2a: Iron Hands\n|-status|p2a: Iron Hands|slp|[from] move: Spore\n|cant|p2a: Iron Hands|slp\n|move|p1b: Los Ramirez|Super Fang|p2b: Cresselia\n|-damage|p2b: Cresselia|25\/100 slp\n|cant|p2b: Cresselia|slp\n|\n|upkeep\n|turn|4\n|\n|t:|1699980093\n|switch|p1b: LegDayZapdos|Zapdos-Galar, L50|100\/100\n|move|p1a: Manolo|Pollen Puff|p2b: Cresselia\n|-supereffective|p2b: Cresselia\n|-damage|p2b: Cresselia|2\/100 slp\n|-curestatus|p2a: Iron Hands|slp|[msg]\n|move|p2a: Iron Hands|Drain Punch|p1b: LegDayZapdos\n|-resisted|p1b: LegDayZapdos\n|-damage|p1b: LegDayZapdos|75\/100\n|-heal|p2a: Iron Hands|51\/100|[from] drain|[of] p1b: LegDayZapdos\n|cant|p2b: Cresselia|slp\n|\n|upkeep\n|turn|5\n|\n|t:|1699980114\n|move|p1a: Manolo|Rage Powder|p1a: Manolo\n|-singleturn|p1a: Manolo|move: Rage Powder\n|move|p2a: Iron Hands|Wild Charge|p1a: Manolo\n|-resisted|p1a: Manolo\n|-damage|p1a: Manolo|72\/100\n|-damage|p2a: Iron Hands|46\/100|[from] Recoil\n|-curestatus|p2b: Cresselia|slp|[msg]\n|move|p2b: Cresselia|Lunar Blessing|p2b: Cresselia|[spread] p2a,p2b\n|-heal|p2a: Iron Hands|72\/100\n|-heal|p2b: Cresselia|27\/100\n|move|p1b: LegDayZapdos|Thunderous Kick|p2a: Iron Hands\n|-damage|p2a: Iron Hands|33\/100\n|-unboost|p2a: Iron Hands|def|1\n|\n|-fieldend|move: Trick Room\n|upkeep\n|turn|6\n|\n|t:|1699980139\n|-terastallize|p1b: LegDayZapdos|Steel\n|move|p1a: Manolo|Rage Powder|p1a: Manolo\n|-singleturn|p1a: Manolo|move: Rage Powder\n|move|p1b: LegDayZapdos|Thunderous Kick|p2a: Iron Hands\n|-damage|p2a: Iron Hands|0 fnt\n|faint|p2a: Iron Hands\n|-end|p2a: Iron Hands|Quark Drive|[silent]\n|move|p2b: Cresselia|Psychic|p1a: Manolo\n|-supereffective|p1a: Manolo\n|-damage|p1a: Manolo|23\/100\n|-unboost|p1a: Manolo|spd|1\n|-enditem|p1a: Manolo|Sitrus Berry|[eat]\n|-heal|p1a: Manolo|48\/100|[from] item: Sitrus Berry\n|\n|upkeep\n|\n|t:|1699980144\n|switch|p2a: Ursaluna|Ursaluna-Bloodmoon, L50, M|100\/100\n|turn|7\n|inactive|LasPruebitas has 30 seconds left.\n|inactive|LasPruebitas has 20 seconds left.\n|\n|t:|1699980179\n|switch|p1a: Los Ramirez|Maushold, L50|7\/100\n|move|p2a: Ursaluna|Protect|p2a: Ursaluna\n|-singleturn|p2a: Ursaluna|Protect\n|move|p1b: LegDayZapdos|Thunderous Kick|p2a: Ursaluna\n|-activate|p2a: Ursaluna|move: Protect\n|move|p2b: Cresselia|Trick Room|p2b: Cresselia\n|-fieldstart|move: Trick Room|[of] p2b: Cresselia\n|\n|upkeep\n|turn|8\n|\n|t:|1699980195\n|move|p1a: Los Ramirez|Follow Me|p1a: Los Ramirez\n|-singleturn|p1a: Los Ramirez|move: Follow Me\n|move|p2a: Ursaluna|Earth Power|p1a: Los Ramirez\n|-damage|p1a: Los Ramirez|0 fnt\n|faint|p1a: Los Ramirez\n|-damage|p2a: Ursaluna|91\/100|[from] item: Life Orb\n|move|p2b: Cresselia|Icy Wind|p1b: LegDayZapdos\n|-resisted|p1b: LegDayZapdos\n|-damage|p1b: LegDayZapdos|70\/100\n|-unboost|p1b: LegDayZapdos|spe|1\n|-ability|p1b: LegDayZapdos|Defiant|boost\n|-boost|p1b: LegDayZapdos|atk|2\n|move|p1b: LegDayZapdos|Thunderous Kick|p2a: Ursaluna\n|-supereffective|p2a: Ursaluna\n|-damage|p2a: Ursaluna|0 fnt\n|faint|p2a: Ursaluna\n|\n|upkeep\n|\n|t:|1699980214\n|switch|p2a: Urshifu|Urshifu-Rapid-Strike, L50, M|100\/100\n|switch|p1a: Manolo|Amoonguss, L50, M|81\/100\n|turn|9\n|-message|YSE-Mill forfeited.\n|\n|win|LasPruebitas\n|raw|LasPruebitas's rating: 1353 &rarr; <strong>1372<\/strong><br \/>(+19 for winning)\n|raw|YSE-Mill's rating: 1344 &rarr; <strong>1325<\/strong><br \/>(-19 for losing)\n|l|\u2606YSE-Mill\n","uploadtime":1699980227,"views":13,"p1id":"laspruebitas","p2id":"ysemill","formatid":"gen9vgc2023regulatione","rating":1325,"private":0,"password":""}