{"id":"gen9vgc2023regulatione-1988182371","p1":"AediionVGC","p2":"Youngaren","format":"[Gen 9] VGC 2023 Regulation E","log":"|j|\u2606AediionVGC\n|j|\u2606Youngaren\n|n|\u2606AediionVGC|aediionvgc\n|n|\u2606Youngaren|youngaren\n|html|View the match progress at <a href=\"\/game-bestof3-gen9vgc2023regulatione-1988178893\">game-bestof3-gen9vgc2023regulatione-1988178893<\/a>\n|t:|1699680841\n|gametype|doubles\n|player|p1|AediionVGC|nessa|\n|player|p2|Youngaren|byron|\n|teamsize|p1|6\n|teamsize|p2|6\n|gen|9\n|tier|[Gen 9] VGC 2023 Regulation E\n|rule|Species Clause: Limit one of each Pok\u00e9mon\n|rule|Item Clause: Limit one of each item\n|clearpoke\n|poke|p1|Thwackey, L50, M|\n|poke|p1|Ogerpon-Hearthflame, L50, F|\n|poke|p1|Murkrow, L50, M|\n|poke|p1|Gyarados, L50, M|\n|poke|p1|Mesprit, L50|\n|poke|p1|Arcanine, L50, M|\n|poke|p2|Iron Hands, L50|\n|poke|p2|Articuno-Galar, L50|\n|poke|p2|Ogerpon-Cornerstone, L50, F|\n|poke|p2|Tyranitar, L50, M|\n|poke|p2|Ursaluna, L50, M|\n|poke|p2|Palossand, L50, M|\n|teampreview|4\n|j| PTP_VGC\n|\n|t:|1699680884\n|start\n|switch|p1a: Nick Cage|Mesprit, L50, shiny|100\/100\n|switch|p1b: Reginald|Arcanine, L50, M|100\/100\n|switch|p2a: Iron Hands|Iron Hands, L50|100\/100\n|switch|p2b: Articuno|Articuno-Galar, L50|100\/100\n|-ability|p1b: Reginald|Intimidate|boost\n|-unboost|p2a: Iron Hands|atk|1\n|-unboost|p2b: Articuno|atk|1\n|-ability|p2b: Articuno|Competitive|boost\n|-boost|p2b: Articuno|spa|2\n|-enditem|p2a: Iron Hands|Booster Energy\n|-activate|p2a: Iron Hands|ability: Quark Drive|[fromitem]\n|-start|p2a: Iron Hands|quarkdriveatk\n|turn|1\n|\n|t:|1699680906\n|-terastallize|p2a: Iron Hands|Fire\n|move|p1b: Reginald|Will-O-Wisp|p2a: Iron Hands\n|-immune|p2a: Iron Hands\n|move|p1a: Nick Cage|Ice Beam|p2b: Articuno\n|-supereffective|p2b: Articuno\n|-damage|p2b: Articuno|58\/100\n|move|p2a: Iron Hands|Whirlwind|p1a: Nick Cage\n|drag|p1a: Fiona|Ogerpon-Hearthflame, L50, F|100\/100\n|-ability|p1a: Fiona|Mold Breaker\n|move|p2b: Articuno|Trick Room|p2b: Articuno\n|-fieldstart|move: Trick Room|[of] p2b: Articuno\n|\n|upkeep\n|turn|2\n|\n|t:|1699680939\n|move|p1a: Fiona|Spiky Shield|p1a: Fiona\n|-singleturn|p1a: Fiona|move: Protect\n|move|p2a: Iron Hands|Drain Punch|p1a: Fiona\n|-activate|p1a: Fiona|move: Protect\n|-damage|p2a: Iron Hands|88\/100|[from] Spiky Shield|[of] p1a: Fiona\n|move|p2b: Articuno|Freezing Glare|p1b: Reginald\n|-damage|p1b: Reginald|9\/100\n|move|p1b: Reginald|Flare Blitz|p2b: Articuno\n|-damage|p2b: Articuno|15\/100\n|-damage|p1b: Reginald|0 fnt|[from] Recoil\n|faint|p1b: Reginald\n|\n|upkeep\n|\n|t:|1699680953\n|switch|p1b: Nick Cage|Mesprit, L50, shiny|100\/100\n|turn|3\n|\n|t:|1699680970\n|-terastallize|p1b: Nick Cage|Ghost\n|move|p1a: Fiona|Spiky Shield|p1a: Fiona\n|-singleturn|p1a: Fiona|move: Protect\n|move|p2a: Iron Hands|Wild Charge|p1b: Nick Cage\n|-damage|p1b: Nick Cage|55\/100\n|-damage|p2a: Iron Hands|80\/100|[from] Recoil\n|move|p2b: Articuno|Freezing Glare|p1a: Fiona\n|-activate|p1a: Fiona|move: Protect\n|move|p1b: Nick Cage|Trick Room|p1b: Nick Cage\n|-fieldend|move: Trick Room\n|\n|upkeep\n|turn|4\n|\n|t:|1699680997\n|switch|p1a: Guppy|Gyarados, L50, M, shiny|100\/100\n|-ability|p1a: Guppy|Intimidate|boost\n|-unboost|p2a: Iron Hands|atk|1\n|-unboost|p2b: Articuno|atk|1\n|-ability|p2b: Articuno|Competitive|boost\n|-boost|p2b: Articuno|spa|2\n|move|p2b: Articuno|Protect|p2b: Articuno\n|-singleturn|p2b: Articuno|Protect\n|move|p1b: Nick Cage|Ice Beam|p2b: Articuno\n|-activate|p2b: Articuno|move: Protect\n|move|p2a: Iron Hands|Wild Charge|p1b: Nick Cage\n|-damage|p1b: Nick Cage|22\/100\n|-damage|p2a: Iron Hands|74\/100|[from] Recoil\n|\n|upkeep\n|turn|5\n|\n|t:|1699681039\n|switch|p2b: Tyranitar|Tyranitar, L50, M|100\/100\n|-weather|Sandstorm|[from] ability: Sand Stream|[of] p2b: Tyranitar\n|move|p1a: Guppy|Waterfall|p2a: Iron Hands\n|-supereffective|p2a: Iron Hands\n|-damage|p2a: Iron Hands|5\/100\n|-damage|p1a: Guppy|91\/100|[from] item: Life Orb\n|move|p1b: Nick Cage|Ice Beam|p2b: Tyranitar\n|-damage|p2b: Tyranitar|92\/100\n|move|p2a: Iron Hands|Wild Charge|p1a: Guppy\n|-supereffective|p1a: Guppy\n|-damage|p1a: Guppy|0 fnt\n|faint|p1a: Guppy\n|-damage|p2a: Iron Hands|0 fnt|[from] Recoil\n|faint|p2a: Iron Hands\n|-end|p2a: Iron Hands|Quark Drive|[silent]\n|\n|-weather|Sandstorm|[upkeep]\n|-damage|p1b: Nick Cage|17\/100|[from] Sandstorm\n|upkeep\n|\n|t:|1699681064\n|switch|p1a: Fiona|Ogerpon-Hearthflame, L50, F|100\/100\n|switch|p2a: Ursaluna|Ursaluna, L50, M|100\/100\n|-ability|p1a: Fiona|Mold Breaker\n|turn|6\n|\n|t:|1699681101\n|move|p1b: Nick Cage|Protect|p1b: Nick Cage\n|-singleturn|p1b: Nick Cage|Protect\n|move|p1a: Fiona|Trailblaze|p2b: Tyranitar\n|-supereffective|p2b: Tyranitar\n|-damage|p2b: Tyranitar|43\/100\n|-boost|p1a: Fiona|spe|1\n|move|p2b: Tyranitar|Rock Slide|p1b: Nick Cage|[spread] p1a\n|-activate|p1b: Nick Cage|move: Protect\n|-supereffective|p1a: Fiona\n|-damage|p1a: Fiona|22\/100\n|move|p2a: Ursaluna|Headlong Rush|p1a: Fiona\n|-damage|p1a: Fiona|0 fnt\n|-unboost|p2a: Ursaluna|def|1\n|-unboost|p2a: Ursaluna|spd|1\n|faint|p1a: Fiona\n|\n|-weather|Sandstorm|[upkeep]\n|-damage|p1b: Nick Cage|11\/100|[from] Sandstorm\n|-status|p2a: Ursaluna|brn|[from] item: Flame Orb\n|upkeep\n|turn|7\n|c|\u2606AediionVGC|ggs Aren\n|\n|t:|1699681129\n|move|p1b: Nick Cage|Ice Beam|p2b: Tyranitar\n|-damage|p2b: Tyranitar|34\/100\n|move|p2b: Tyranitar|Knock Off|p1b: Nick Cage\n|-supereffective|p1b: Nick Cage\n|-enditem|p1b: Nick Cage|Colbur Berry|[eat]\n|-enditem|p1b: Nick Cage|Colbur Berry|[weaken]\n|-damage|p1b: Nick Cage|0 fnt\n|faint|p1b: Nick Cage\n|\n|win|Youngaren\n|c|\u2606Youngaren|Ggs\n|l| PTP_VGC\n|l|\u2606AediionVGC\n|l|\u2606Youngaren\n|j|\u2606AediionVGC\n|player|p1|AediionVGC|nessa\n|l|\u2606AediionVGC\n|player|p1|\n|j|\u2606Youngaren\n|player|p2|Youngaren|byron\n|l|\u2606Youngaren\n|player|p2|\n|j| PTP_VGC\n|j|\u2606Youngaren\n|player|p2|Youngaren|byron\n|l|\u2606Youngaren\n|player|p2|\n","uploadtime":1699681246,"views":66,"p1id":"aediionvgc","p2id":"youngaren","formatid":"gen9vgc2023regulatione","rating":0,"private":0,"password":""}