{"id":"gen9vgc2023regulatione-1999106988","p1":"Ronan Kenny","p2":"xnkasy_2","format":"[Gen 9] VGC 2023 Regulation E","log":"|j|\u2606Ronan Kenny\n|j|\u2606xnkasy_2\n|t:|1701033865\n|gametype|doubles\n|player|p1|Ronan Kenny|102|1130\n|player|p2|xnkasy_2|2|1137\n|teamsize|p1|6\n|teamsize|p2|6\n|gen|9\n|tier|[Gen 9] VGC 2023 Regulation E\n|rated|\n|rule|Species Clause: Limit one of each Pok\u00e9mon\n|rule|Item Clause: Limit one of each item\n|clearpoke\n|poke|p1|Iron Hands, L50|\n|poke|p1|Tornadus, L50, M|\n|poke|p1|Ogerpon-Wellspring, L50, F|\n|poke|p1|Urshifu-*, L50, M|\n|poke|p1|Clefairy, L50, F|\n|poke|p1|Amoonguss, L50, F|\n|poke|p2|Iron Hands, L50|\n|poke|p2|Roaring Moon, L50|\n|poke|p2|Iron Moth, L50|\n|poke|p2|Urshifu-*, L50, F|\n|poke|p2|Pawmot, L50, M|\n|poke|p2|Thundurus, L50, M|\n|teampreview|4\n|inactive|Battle timer is ON: inactive players will automatically lose when time's up. (requested by Ronan Kenny)\n|\n|t:|1701033888\n|start\n|switch|p1a: Tornadus|Tornadus, L50, M|100\/100\n|switch|p1b: Urshifu|Urshifu-Rapid-Strike, L50, M|100\/100\n|switch|p2a: Thundurus|Thundurus, L50, M|100\/100\n|switch|p2b: Iron Hands|Iron Hands, L50|100\/100\n|turn|1\n|inactive|Ronan Kenny has 30 seconds left.\n|inactive|Ronan Kenny has 20 seconds left.\n|\n|t:|1701033928\n|switch|p1b: Amoonguss|Amoonguss, L50, F|100\/100\n|move|p2b: Iron Hands|Fake Out|p1a: Tornadus\n|-damage|p1a: Tornadus|84\/100\n|move|p2a: Thundurus|Electric Terrain|p2a: Thundurus\n|-fieldstart|move: Electric Terrain\n|-activate|p2b: Iron Hands|ability: Quark Drive\n|-start|p2b: Iron Hands|quarkdriveatk\n|cant|p1a: Tornadus|flinch\n|\n|-heal|p1a: Tornadus|90\/100|[from] item: Leftovers\n|upkeep\n|turn|2\n|inactive|xnkasy_2 has 30 seconds left.\n|\n|t:|1701033955\n|move|p1b: Amoonguss|Rage Powder|p1b: Amoonguss\n|-singleturn|p1b: Amoonguss|move: Rage Powder\n|move|p1a: Tornadus|Tailwind|p1a: Tornadus\n|-sidestart|p1: Ronan Kenny|move: Tailwind\n|move|p2a: Thundurus|Wildbolt Storm|p1b: Amoonguss|[spread] p1a,p1b\n|-supereffective|p1a: Tornadus\n|-resisted|p1b: Amoonguss\n|-damage|p1a: Tornadus|35\/100\n|-damage|p1b: Amoonguss|89\/100\n|-status|p1b: Amoonguss|par\n|move|p2b: Iron Hands|Drain Punch|p1b: Amoonguss\n|-resisted|p1b: Amoonguss\n|-damage|p1b: Amoonguss|60\/100 par\n|\n|-heal|p1a: Tornadus|41\/100|[from] item: Leftovers\n|upkeep\n|turn|3\n|\n|t:|1701033976\n|move|p1a: Tornadus|Protect|p1a: Tornadus\n|-singleturn|p1a: Tornadus|Protect\n|move|p2a: Thundurus|Wildbolt Storm|p1b: Amoonguss|[spread] p1b\n|-activate|p1a: Tornadus|move: Protect\n|-resisted|p1b: Amoonguss\n|-damage|p1b: Amoonguss|49\/100 par\n|-enditem|p1b: Amoonguss|Sitrus Berry|[eat]\n|-heal|p1b: Amoonguss|74\/100 par|[from] item: Sitrus Berry\n|move|p2b: Iron Hands|Wild Charge|p1b: Amoonguss\n|-resisted|p1b: Amoonguss\n|-damage|p1b: Amoonguss|35\/100 par\n|-damage|p2b: Iron Hands|92\/100|[from] Recoil\n|move|p1b: Amoonguss|Spore|p2b: Iron Hands\n|-activate|p2b: Iron Hands|move: Electric Terrain\n|\n|-heal|p1a: Tornadus|47\/100|[from] item: Leftovers\n|upkeep\n|turn|4\n|\n|t:|1701034000\n|move|p1a: Tornadus|Protect||[still]\n|-fail|p1a: Tornadus\n|move|p1b: Amoonguss|Protect|p1b: Amoonguss\n|-singleturn|p1b: Amoonguss|Protect\n|move|p2a: Thundurus|Wildbolt Storm|p1b: Amoonguss|[spread] p1a\n|-activate|p1b: Amoonguss|move: Protect\n|-supereffective|p1a: Tornadus\n|-damage|p1a: Tornadus|0 fnt\n|faint|p1a: Tornadus\n|move|p2b: Iron Hands|Drain Punch|p1b: Amoonguss\n|-activate|p1b: Amoonguss|move: Protect\n|\n|upkeep\n|\n|t:|1701034014\n|switch|p1a: Urshifu|Urshifu-Rapid-Strike, L50, M|100\/100\n|turn|5\n|\n|t:|1701034029\n|-terastallize|p1a: Urshifu|Steel\n|move|p1b: Amoonguss|Rage Powder|p1b: Amoonguss\n|-singleturn|p1b: Amoonguss|move: Rage Powder\n|move|p1a: Urshifu|Close Combat|p2b: Iron Hands\n|-damage|p2b: Iron Hands|30\/100\n|-unboost|p1a: Urshifu|def|1\n|-unboost|p1a: Urshifu|spd|1\n|move|p2a: Thundurus|Wildbolt Storm|p1a: Urshifu|[spread] p1a,p1b\n|-resisted|p1b: Amoonguss\n|-damage|p1a: Urshifu|29\/100\n|-damage|p1b: Amoonguss|24\/100 par\n|-status|p1a: Urshifu|par\n|move|p2b: Iron Hands|Wild Charge|p1b: Amoonguss\n|-resisted|p1b: Amoonguss\n|-damage|p1b: Amoonguss|0 fnt\n|faint|p1b: Amoonguss\n|-damage|p2b: Iron Hands|25\/100|[from] Recoil\n|\n|-sideend|p1: Ronan Kenny|move: Tailwind\n|-fieldend|move: Electric Terrain\n|-end|p2b: Iron Hands|Quark Drive\n|upkeep\n|\n|t:|1701034050\n|switch|p1b: Ogerpon|Ogerpon-Wellspring, L50, F|100\/100\n|turn|6\n|\n|t:|1701034069\n|move|p1b: Ogerpon|Ivy Cudgel|p2a: Thundurus|[anim] Ivy Cudgel Water\n|-damage|p2a: Thundurus|41\/100\n|move|p2a: Thundurus|Wildbolt Storm|p1a: Urshifu|[spread] p1a,p1b\n|-damage|p1a: Urshifu|0 fnt\n|-damage|p1b: Ogerpon|58\/100\n|-status|p1b: Ogerpon|par\n|faint|p1a: Urshifu\n|move|p2b: Iron Hands|Drain Punch|p1b: Ogerpon\n|-damage|p1b: Ogerpon|11\/100 par\n|-heal|p2b: Iron Hands|39\/100|[from] drain|[of] p1b: Ogerpon\n|\n|upkeep\n|turn|7\n|l|\u2606Ronan Kenny\n|inactive|Ronan Kenny disconnected and has a minute to reconnect!\n|player|p1|\n|inactive|Ronan Kenny has 30 seconds left.\n|inactive|Ronan Kenny has 20 seconds left.\n|inactive|Ronan Kenny has 15 seconds left.\n|inactive|Ronan Kenny has 10 seconds left.\n|inactive|Ronan Kenny has 5 seconds left.\n|-message|Ronan Kenny lost due to inactivity.\n|\n|win|xnkasy_2\n|raw|Ronan Kenny's rating: 1130 &rarr; <strong>1106<\/strong><br \/>(-24 for losing)\n|raw|xnkasy_2's rating: 1137 &rarr; <strong>1161<\/strong><br \/>(+24 for winning)\n","uploadtime":1701034136,"views":5,"p1id":"ronankenny","p2id":"xnkasy2","formatid":"gen9vgc2023regulatione","rating":1106,"private":0,"password":""}