{"id":"gen9vgc2023regulatione-1991781580","p1":"MysticSpiritVGC","p2":"huangshunjian","format":"[Gen 9] VGC 2023 Regulation E","log":"|j|\u2606MysticSpiritVGC\n|j|\u2606huangshunjian\n|t:|1700116204\n|gametype|doubles\n|player|p1|MysticSpiritVGC|hilbert|1729\n|player|p2|huangshunjian|1|1711\n|teamsize|p1|6\n|teamsize|p2|6\n|gen|9\n|tier|[Gen 9] VGC 2023 Regulation E\n|rated|\n|rule|Species Clause: Limit one of each Pok\u00e9mon\n|rule|Item Clause: Limit one of each item\n|clearpoke\n|poke|p1|Armarouge, L50, M|\n|poke|p1|Indeedee-F, L50, F|\n|poke|p1|Urshifu-*, L50, M|\n|poke|p1|Sylveon, L50, F|\n|poke|p1|Arcanine-Hisui, L50, M|\n|poke|p1|Iron Hands, L50|\n|poke|p2|Tatsugiri, L50, M|\n|poke|p2|Chi-Yu, L50|\n|poke|p2|Chien-Pao, L50|\n|poke|p2|Flutter Mane, L50|\n|poke|p2|Dondozo, L50, F|\n|poke|p2|Arcanine-Hisui, L50, F|\n|teampreview|4\n|inactive|Battle timer is ON: inactive players will automatically lose when time's up. (requested by MysticSpiritVGC)\nhuangshunjian rejected open team sheets.\n|\n|t:|1700116221\n|start\n|switch|p1a: Sylveon|Sylveon, L50, F|100\/100\n|switch|p1b: Arcanine|Arcanine-Hisui, L50, M|100\/100\n|switch|p2a: Chi-Yu|Chi-Yu, L50|100\/100\n|switch|p2b: Flutter Mane|Flutter Mane, L50|100\/100\n|-ability|p1b: Arcanine|Intimidate|boost\n|-unboost|p2a: Chi-Yu|atk|1\n|-unboost|p2b: Flutter Mane|atk|1\n|-ability|p2a: Chi-Yu|Beads of Ruin\n|turn|1\n|j| neusrel\n|j| Therazer456\n|\n|t:|1700116241\n|move|p1a: Sylveon|Protect|p1a: Sylveon\n|-singleturn|p1a: Sylveon|Protect\n|move|p2b: Flutter Mane|Moonblast|p1a: Sylveon\n|-activate|p1a: Sylveon|move: Protect\n|move|p1b: Arcanine|Rock Slide|p2b: Flutter Mane|[spread] p2a,p2b\n|-supereffective|p2a: Chi-Yu\n|-damage|p2a: Chi-Yu|28\/100\n|-damage|p2b: Flutter Mane|59\/100\n|cant|p2a: Chi-Yu|flinch\n|\n|upkeep\n|turn|2\n|\n|t:|1700116259\n|-end|p2b: Flutter Mane|Protosynthesis|[silent]\n|switch|p2b: Dondozo|Dondozo, L50, F|100\/100\n|switch|p2a: Tatsugiri|Tatsugiri, L50, M|100\/100\n|-activate|p2a: Tatsugiri|ability: Commander|[of] p2b: Dondozo\n|-boost|p2b: Dondozo|atk|2\n|-boost|p2b: Dondozo|spa|2\n|-boost|p2b: Dondozo|spe|2\n|-boost|p2b: Dondozo|def|2\n|-boost|p2b: Dondozo|spd|2\n|move|p1b: Arcanine|Rock Slide|p2a: Tatsugiri|[spread] p2b\n|-miss|p1b: Arcanine|p2a: Tatsugiri\n|-damage|p2b: Dondozo|93\/100\n|move|p1a: Sylveon|Substitute|p1a: Sylveon\n|-start|p1a: Sylveon|Substitute\n|-damage|p1a: Sylveon|76\/100\n|\n|-heal|p2b: Dondozo|99\/100|[from] item: Leftovers\n|upkeep\n|turn|3\n|inactive|MysticSpiritVGC has 30 seconds left.\n|\n|t:|1700116286\n|move|p1a: Sylveon|Protect|p1a: Sylveon\n|-singleturn|p1a: Sylveon|Protect\n|move|p1b: Arcanine|Will-O-Wisp|p2b: Dondozo|[miss]\n|-miss|p1b: Arcanine|p2b: Dondozo\n|move|p2b: Dondozo|Earthquake|p1b: Arcanine|[spread] p1b\n|-miss|p2b: Dondozo|p2a: Tatsugiri\n|-activate|p1a: Sylveon|move: Protect\n|-supereffective|p1b: Arcanine\n|-damage|p1b: Arcanine|0 fnt\n|faint|p1b: Arcanine\n|\n|-heal|p2b: Dondozo|100\/100|[from] item: Leftovers\n|upkeep\n|\n|t:|1700116293\n|switch|p1b: Urshifu|Urshifu, L50, M|100\/100\n|turn|4\n|\n|t:|1700116303\n|move|p1b: Urshifu|Wicked Blow|p2b: Dondozo\n|-crit|p2b: Dondozo\n|-damage|p2b: Dondozo|60\/100\n|move|p2b: Dondozo|Earthquake|p1b: Urshifu|[spread] p1a,p1b\n|-miss|p2b: Dondozo|p2a: Tatsugiri\n|-end|p1a: Sylveon|Substitute\n|-damage|p1b: Urshifu|56\/100\n|move|p1a: Sylveon|Hyper Voice|p2a: Tatsugiri|[spread] p2b\n|-miss|p1a: Sylveon|p2a: Tatsugiri\n|-damage|p2b: Dondozo|41\/100\n|\n|-heal|p2b: Dondozo|47\/100|[from] item: Leftovers\n|upkeep\n|turn|5\n|\n|t:|1700116318\n|-terastallize|p1b: Urshifu|Dark\n|move|p1b: Urshifu|Wicked Blow|p2b: Dondozo\n|-crit|p2b: Dondozo\n|-damage|p2b: Dondozo|0 fnt\n|faint|p2b: Dondozo\n|move|p1a: Sylveon|Substitute|p1a: Sylveon\n|-start|p1a: Sylveon|Substitute\n|-damage|p1a: Sylveon|51\/100\n|\n|upkeep\n|\n|t:|1700116325\n|switch|p2b: Flutter Mane|Flutter Mane, L50|59\/100\n|turn|6\n|\n|t:|1700116331\n|switch|p1b: Iron Hands|Iron Hands, L50|100\/100\n|-terastallize|p2b: Flutter Mane|Fairy\n|move|p2b: Flutter Mane|Dazzling Gleam|p1a: Sylveon|[spread] p1a,p1b\n|-end|p1a: Sylveon|Substitute\n|-supereffective|p1b: Iron Hands\n|-damage|p1b: Iron Hands|56\/100\n|move|p2a: Tatsugiri|Muddy Water|p1b: Iron Hands|[spread] p1a,p1b\n|-damage|p1a: Sylveon|22\/100\n|-damage|p1b: Iron Hands|38\/100\n|-unboost|p1b: Iron Hands|accuracy|1\n|move|p1a: Sylveon|Hyper Voice|p2a: Tatsugiri|[spread] p2a,p2b\n|-supereffective|p2a: Tatsugiri\n|-enditem|p2a: Tatsugiri|Focus Sash\n|-damage|p2a: Tatsugiri|1\/100\n|-damage|p2b: Flutter Mane|13\/100\n|\n|upkeep\n|turn|7\n|j| Kid Kommy\n|inactive|MysticSpiritVGC has 30 seconds left.\n|inactive|huangshunjian has 30 seconds left.\n|inactive|MysticSpiritVGC has 20 seconds left.\n|\n|t:|1700116367\n|-end|p2b: Flutter Mane|Protosynthesis|[silent]\n|switch|p2b: Chi-Yu|Chi-Yu, L50|28\/100\n|-ability|p2b: Chi-Yu|Beads of Ruin\n|move|p1a: Sylveon|Protect|p1a: Sylveon\n|-singleturn|p1a: Sylveon|Protect\n|move|p1b: Iron Hands|Fake Out|p2b: Chi-Yu\n|-damage|p2b: Chi-Yu|4\/100\n|move|p2a: Tatsugiri|Muddy Water|p1a: Sylveon|[spread] p1b\n|-activate|p1a: Sylveon|move: Protect\n|-damage|p1b: Iron Hands|15\/100\n|-unboost|p1b: Iron Hands|accuracy|1\n|\n|upkeep\n|turn|8\n|j| Chemistry Tutor 2\n|\n|t:|1700116385\n|move|p2b: Chi-Yu|Snarl|p1b: Iron Hands|[spread] p1a,p1b\n|-resisted|p1a: Sylveon\n|-resisted|p1b: Iron Hands\n|-damage|p1a: Sylveon|5\/100\n|-damage|p1b: Iron Hands|2\/100\n|-unboost|p1a: Sylveon|spa|1\n|-unboost|p1b: Iron Hands|spa|1\n|move|p2a: Tatsugiri|Muddy Water|p1a: Sylveon|[spread] p1a,p1b\n|-damage|p1a: Sylveon|0 fnt\n|-damage|p1b: Iron Hands|0 fnt\n|faint|p1a: Sylveon\n|faint|p1b: Iron Hands\n|-end|p1b: Iron Hands|Quark Drive|[silent]\n|\n|upkeep\n|\n|t:|1700116395\n|switch|p1a: Urshifu|Urshifu, L50, M, tera:Dark|56\/100\n|turn|9\n|\n|t:|1700116399\n|move|p1a: Urshifu|Rock Slide|p2a: Tatsugiri|[spread] p2a,p2b\n|-supereffective|p2b: Chi-Yu\n|-damage|p2a: Tatsugiri|0 fnt\n|-damage|p2b: Chi-Yu|0 fnt\n|faint|p2a: Tatsugiri\n|faint|p2b: Chi-Yu\n|\n|upkeep\n|\n|t:|1700116402\n|switch|p2b: Flutter Mane|Flutter Mane, L50, tera:Fairy|13\/100\n|turn|10\n|\n|t:|1700116405\n|move|p2b: Flutter Mane|Moonblast|p1a: Urshifu\n|-supereffective|p1a: Urshifu\n|-damage|p1a: Urshifu|0 fnt\n|faint|p1a: Urshifu\n|\n|win|huangshunjian\n|raw|MysticSpiritVGC's rating: 1729 &rarr; <strong>1708<\/strong><br \/>(-21 for losing)\n|raw|huangshunjian's rating: 1711 &rarr; <strong>1732<\/strong><br \/>(+21 for winning)\n|l|\u2606MysticSpiritVGC\n|l| Therazer456\n","uploadtime":1700116428,"views":21,"p1id":"mysticspiritvgc","p2id":"huangshunjian","formatid":"gen9vgc2023regulatione","rating":1708,"private":0,"password":""}