{"id":"gen9vgc2023regulatione-1998188288","p1":"KathyKane","p2":"skyelol","format":"[Gen 9] VGC 2023 Regulation E","log":"|j|\u2606KathyKane\n|j|\u2606skyelol\n|t:|1700909110\n|gametype|doubles\n|player|p1|KathyKane|raifort|1142\n|player|p2|skyelol|2|1036\n|teamsize|p1|6\n|teamsize|p2|6\n|gen|9\n|tier|[Gen 9] VGC 2023 Regulation E\n|rated|\n|rule|Species Clause: Limit one of each Pok\u00e9mon\n|rule|Item Clause: Limit one of each item\n|clearpoke\n|poke|p1|Iron Hands, L50|\n|poke|p1|Arcanine-Hisui, L50, F|\n|poke|p1|Urshifu-*, L50, M|\n|poke|p1|Gholdengo, L50|\n|poke|p1|Roaring Moon, L50|\n|poke|p1|Ogerpon, L50, F|\n|poke|p2|Ogerpon-Wellspring, L50, F|\n|poke|p2|Gholdengo, L50|\n|poke|p2|Rillaboom, L50, F|\n|poke|p2|Tornadus, L50, M|\n|poke|p2|Landorus-Therian, L50, M|\n|poke|p2|Urshifu-*, L50, M|\n|teampreview|4\n|inactive|Battle timer is ON: inactive players will automatically lose when time's up. (requested by skyelol)\nKathyKane has agreed to open team sheets.\n|inactive|skyelol has 60 seconds left.\n|inactive|KathyKane has 60 seconds left.\n|\n|t:|1700909146\n|start\n|switch|p1a: Salamence lite|Roaring Moon, L50|100\/100\n|switch|p1b: Ogerpon|Ogerpon, L50, F|100\/100\n|switch|p2a: Landorus|Landorus-Therian, L50, M|100\/100\n|switch|p2b: Tornadus|Tornadus, L50, M|100\/100\n|-ability|p2a: Landorus|Intimidate|boost\n|-unboost|p1a: Salamence lite|atk|1\n|-unboost|p1b: Ogerpon|atk|1\n|-ability|p1b: Ogerpon|Defiant|boost\n|-boost|p1b: Ogerpon|atk|2\n|-enditem|p1a: Salamence lite|Booster Energy\n|-activate|p1a: Salamence lite|ability: Protosynthesis|[fromitem]\n|-start|p1a: Salamence lite|protosynthesisspe\n|turn|1\n|\n|t:|1700909169\n|switch|p2a: Rillaboom|Rillaboom, L50, F|100\/100\n|move|p2b: Tornadus|Protect|p2b: Tornadus\n|-singleturn|p2b: Tornadus|Protect\n|move|p1b: Ogerpon|Spiky Shield|p1b: Ogerpon\n|-singleturn|p1b: Ogerpon|move: Protect\n|move|p1a: Salamence lite|Tailwind|p1a: Salamence lite\n|-sidestart|p1: KathyKane|move: Tailwind\n|\n|upkeep\n|turn|2\n|inactive|KathyKane has 30 seconds left.\n|inactive|KathyKane has 20 seconds left.\n|\n|t:|1700909205\n|move|p2a: Rillaboom|Fake Out|p1a: Salamence lite\n|-damage|p1a: Salamence lite|86\/100\n|move|p2b: Tornadus|Tailwind|p2b: Tornadus\n|-sidestart|p2: skyelol|move: Tailwind\n|cant|p1a: Salamence lite|flinch\n|move|p1b: Ogerpon|Ivy Cudgel|p2b: Tornadus\n|-resisted|p2b: Tornadus\n|-crit|p2b: Tornadus\n|-damage|p2b: Tornadus|12\/100\n|\n|upkeep\n|turn|3\n|\n|t:|1700909228\n|move|p1b: Ogerpon|Spiky Shield|p1b: Ogerpon\n|-singleturn|p1b: Ogerpon|move: Protect\n|move|p1a: Salamence lite|Breaking Swipe|p2a: Rillaboom|[spread] p2a,p2b\n|-damage|p2a: Rillaboom|85\/100\n|-damage|p2b: Tornadus|0 fnt\n|-unboost|p2a: Rillaboom|atk|1\n|-damage|p1a: Salamence lite|69\/100|[from] item: Rocky Helmet|[of] p2b: Tornadus\n|faint|p2b: Tornadus\n|move|p2a: Rillaboom|U-turn|p1b: Ogerpon\n|-activate|p1b: Ogerpon|move: Protect\n|-damage|p2a: Rillaboom|73\/100|[from] Spiky Shield|[of] p1b: Ogerpon\n|\n|upkeep\n|\n|t:|1700909244\n|switch|p2b: Urshifu|Urshifu-Rapid-Strike, L50, M|100\/100\n|turn|4\n|\n|t:|1700909261\n|-terastallize|p1b: Ogerpon|Grass\n|detailschange|p1b: Ogerpon|Ogerpon-Teal-Tera, L50, F, tera:Grass\n|-ability|p1b: Ogerpon|Embody Aspect (Teal)|boost\n|-boost|p1b: Ogerpon|spe|1\n|-terastallize|p2b: Urshifu|Poison\n|move|p1b: Ogerpon|Ivy Cudgel|p2b: Urshifu\n|-resisted|p2b: Urshifu\n|-damage|p2b: Urshifu|50\/100\n|move|p1a: Salamence lite|Breaking Swipe|p2a: Rillaboom|[spread] p2a,p2b\n|-damage|p2a: Rillaboom|58\/100\n|-damage|p2b: Urshifu|36\/100\n|-unboost|p2a: Rillaboom|atk|1\n|-unboost|p2b: Urshifu|atk|1\n|move|p2b: Urshifu|Close Combat|p1a: Salamence lite\n|-supereffective|p1a: Salamence lite\n|-damage|p1a: Salamence lite|0 fnt\n|-unboost|p2b: Urshifu|def|1\n|-unboost|p2b: Urshifu|spd|1\n|faint|p1a: Salamence lite\n|-end|p1a: Salamence lite|Protosynthesis|[silent]\n|-damage|p2b: Urshifu|26\/100|[from] item: Life Orb\n|move|p2a: Rillaboom|Wood Hammer|p1b: Ogerpon\n|-resisted|p1b: Ogerpon\n|-damage|p1b: Ogerpon|80\/100\n|-damage|p2a: Rillaboom|52\/100|[from] Recoil\n|\n|-sideend|p1: KathyKane|move: Tailwind\n|upkeep\n|\n|t:|1700909279\n|switch|p1a: Good Boi|Arcanine-Hisui, L50, F|100\/100\n|-ability|p1a: Good Boi|Intimidate|boost\n|-unboost|p2a: Rillaboom|atk|1\n|-unboost|p2b: Urshifu|atk|1\n|turn|5\n|\n|t:|1700909301\n|move|p1b: Ogerpon|Follow Me|p1b: Ogerpon\n|-singleturn|p1b: Ogerpon|move: Follow Me\n|move|p2b: Urshifu|Aqua Jet|p1b: Ogerpon\n|-resisted|p1b: Ogerpon\n|-crit|p1b: Ogerpon\n|-damage|p1b: Ogerpon|50\/100\n|-damage|p2b: Urshifu|17\/100|[from] item: Life Orb\n|move|p2a: Rillaboom|Wood Hammer|p1b: Ogerpon\n|-resisted|p1b: Ogerpon\n|-damage|p1b: Ogerpon|34\/100\n|-damage|p2a: Rillaboom|48\/100|[from] Recoil\n|move|p1a: Good Boi|Rock Slide|p2b: Urshifu|[spread] p2a,p2b\n|-damage|p2a: Rillaboom|3\/100\n|-damage|p2b: Urshifu|0 fnt\n|faint|p2b: Urshifu\n|\n|-sideend|p2: skyelol|move: Tailwind\n|upkeep\n|-message|skyelol forfeited.\n|\n|win|KathyKane\n|raw|KathyKane's rating: 1142 &rarr; <strong>1160<\/strong><br \/>(+18 for winning)\n|raw|skyelol's rating: 1036 &rarr; <strong>1025<\/strong><br \/>(-11 for losing)\n|l|\u2606skyelol\n","uploadtime":1700909322,"views":8,"p1id":"kathykane","p2id":"skyelol","formatid":"gen9vgc2023regulatione","rating":1025,"private":0,"password":""}