{"id":"gen9vgc2023regulatione-1999407307","p1":"Jippt351","p2":"Isaacmax2","format":"[Gen 9] VGC 2023 Regulation E","log":"|j|\u2606Jippt351\n|j|\u2606Isaacmax2\n|t:|1701075286\n|gametype|doubles\n|player|p1|Jippt351|266|1260\n|player|p2|Isaacmax2|265|1333\n|teamsize|p1|6\n|teamsize|p2|6\n|gen|9\n|tier|[Gen 9] VGC 2023 Regulation E\n|rated|\n|rule|Species Clause: Limit one of each Pok\u00e9mon\n|rule|Item Clause: Limit one of each item\n|clearpoke\n|poke|p1|Lilligant-Hisui, L50, F|\n|poke|p1|Torkoal, L50, F|\n|poke|p1|Regidrago, L50|\n|poke|p1|Ursaluna, L50, F|\n|poke|p1|Armarouge, L50, F|\n|poke|p1|Indeedee-F, L50, F|\n|poke|p2|Urshifu-*, L50, F|\n|poke|p2|Tornadus, L50, M|\n|poke|p2|Regidrago, L50|\n|poke|p2|Amoonguss, L50, M|\n|poke|p2|Flutter Mane, L50|\n|poke|p2|Chi-Yu, L50|\n|teampreview|4\n|inactive|Battle timer is ON: inactive players will automatically lose when time's up. (requested by Jippt351)\n|\n|t:|1701075306\n|start\n|switch|p1a: Armarouge|Armarouge, L50, F|100\/100\n|switch|p1b: Indeedee|Indeedee-F, L50, F|100\/100\n|switch|p2a: Tornadus|Tornadus, L50, M|100\/100\n|switch|p2b: Flutter Mane|Flutter Mane, L50, shiny|100\/100\n|-fieldstart|move: Psychic Terrain|[from] ability: Psychic Surge|[of] p1b: Indeedee\n|-enditem|p2b: Flutter Mane|Booster Energy\n|-activate|p2b: Flutter Mane|ability: Protosynthesis|[fromitem]\n|-start|p2b: Flutter Mane|protosynthesisspe\n|turn|1\n|\n|t:|1701075320\n|switch|p2a: Chi-Yu|Chi-Yu, L50|100\/100\n|-ability|p2a: Chi-Yu|Beads of Ruin\n|-terastallize|p2b: Flutter Mane|Fairy\n|move|p1b: Indeedee|Follow Me|p1b: Indeedee\n|-singleturn|p1b: Indeedee|move: Follow Me\n|move|p2b: Flutter Mane|Moonblast|p1b: Indeedee\n|-damage|p1b: Indeedee|20\/100\n|-unboost|p1b: Indeedee|spa|1\n|move|p1a: Armarouge|Trick Room|p1a: Armarouge\n|-fieldstart|move: Trick Room|[of] p1a: Armarouge\n|\n|upkeep\n|turn|2\n|l|\u2606Jippt351\n|inactive|Jippt351 disconnected and has a minute to reconnect!\n|player|p1|\n|inactive|Jippt351 has 30 seconds left.\n|j|\u2606Jippt351\n|inactive|Jippt351 reconnected and has 25 seconds left.\n|player|p1|Jippt351|266\n|inactive|Jippt351 has 20 seconds left.\n|\n|t:|1701075356\n|move|p1b: Indeedee|Helping Hand|p1a: Armarouge\n|-singleturn|p1a: Armarouge|Helping Hand|[of] p1b: Indeedee\n|move|p1a: Armarouge|Heat Wave|p2a: Chi-Yu|[spread] p2a,p2b\n|-resisted|p2a: Chi-Yu\n|-damage|p2a: Chi-Yu|52\/100\n|-damage|p2b: Flutter Mane|6\/100\n|-damage|p1a: Armarouge|91\/100|[from] item: Life Orb\n|move|p2a: Chi-Yu|Snarl|p1b: Indeedee|[spread] p1a,p1b\n|-supereffective|p1a: Armarouge\n|-supereffective|p1b: Indeedee\n|-damage|p1a: Armarouge|0 fnt\n|-damage|p1b: Indeedee|0 fnt\n|faint|p1a: Armarouge\n|faint|p1b: Indeedee\n|-damage|p2a: Chi-Yu|42\/100|[from] item: Life Orb\n|move|p2b: Flutter Mane|Moonblast|p1: Armarouge|[notarget]\n|-fail|p2b: Flutter Mane\n|\n|upkeep\n|\n|t:|1701075362\n|switch|p1a: Ursaluna|Ursaluna, L50, F|100\/100\n|switch|p1b: Torkoal|Torkoal, L50, F|100\/100\n|-weather|SunnyDay|[from] ability: Drought|[of] p1b: Torkoal\n|turn|3\n|\n|t:|1701075382\n|move|p1b: Torkoal|Protect|p1b: Torkoal\n|-singleturn|p1b: Torkoal|Protect\n|move|p2a: Chi-Yu|Protect|p2a: Chi-Yu\n|-singleturn|p2a: Chi-Yu|Protect\n|move|p2b: Flutter Mane|Protect|p2b: Flutter Mane\n|-singleturn|p2b: Flutter Mane|Protect\n|move|p1a: Ursaluna|Earthquake|p2a: Chi-Yu|[spread] \n|-activate|p1b: Torkoal|move: Protect\n|-activate|p2a: Chi-Yu|move: Protect\n|-activate|p2b: Flutter Mane|move: Protect\n|\n|-weather|SunnyDay|[upkeep]\n|-status|p1a: Ursaluna|brn|[from] item: Flame Orb\n|upkeep\n|turn|4\n|\n|t:|1701075397\n|-terastallize|p1b: Torkoal|Fire\n|move|p1b: Torkoal|Eruption|p2a: Chi-Yu|[spread] p2a,p2b\n|-resisted|p2a: Chi-Yu\n|-damage|p2a: Chi-Yu|0 fnt\n|-damage|p2b: Flutter Mane|0 fnt\n|faint|p2a: Chi-Yu\n|faint|p2b: Flutter Mane\n|-end|p2b: Flutter Mane|Protosynthesis|[silent]\n|move|p1a: Ursaluna|Facade|p2: Chi-Yu|[notarget]\n|-fail|p1a: Ursaluna\n|\n|-weather|SunnyDay|[upkeep]\n|-damage|p1a: Ursaluna|95\/100 brn|[from] brn\n|upkeep\n|\n|t:|1701075407\n|switch|p2a: Tornadus|Tornadus, L50, M|100\/100\n|switch|p2b: Amoonguss|Amoonguss, L50, M|100\/100\n|turn|5\n|\n|t:|1701075418\n|move|p2a: Tornadus|Rain Dance|p2a: Tornadus\n|-weather|RainDance\n|move|p1b: Torkoal|Eruption|p2a: Tornadus|[spread] p2a,p2b\n|-supereffective|p2b: Amoonguss\n|-damage|p2a: Tornadus|54\/100\n|-damage|p2b: Amoonguss|40\/100\n|-enditem|p2b: Amoonguss|Sitrus Berry|[eat]\n|-heal|p2b: Amoonguss|65\/100|[from] item: Sitrus Berry\n|move|p1a: Ursaluna|Facade|p2a: Tornadus\n|-damage|p2a: Tornadus|0 fnt\n|-damage|p1a: Ursaluna|78\/100 brn|[from] item: Rocky Helmet|[of] p2a: Tornadus\n|faint|p2a: Tornadus\n|move|p2b: Amoonguss|Pollen Puff|p2: Tornadus|[notarget]\n|-fail|p2b: Amoonguss\n|\n|-weather|RainDance|[upkeep]\n|-damage|p1a: Ursaluna|72\/100 brn|[from] brn\n|-fieldend|move: Trick Room\n|-fieldend|move: Psychic Terrain\n|upkeep\n|turn|6\n|l|\u2606Isaacmax2\n|inactive|Isaacmax2 disconnected and has a minute to reconnect!\n|player|p2|\n|inactive|Isaacmax2 has 30 seconds left.\n|inactive|Isaacmax2 has 20 seconds left.\n|inactive|Isaacmax2 has 15 seconds left.\n|inactive|Isaacmax2 has 10 seconds left.\n|inactive|Isaacmax2 has 5 seconds left.\n|-message|Isaacmax2 lost due to inactivity.\n|\n|win|Jippt351\n|raw|Jippt351's rating: 1260 &rarr; <strong>1290<\/strong><br \/>(+30 for winning)\n|raw|Isaacmax2's rating: 1333 &rarr; <strong>1309<\/strong><br \/>(-24 for losing)\n","uploadtime":1701075479,"views":7,"p1id":"jippt351","p2id":"isaacmax2","formatid":"gen9vgc2023regulatione","rating":1290,"private":0,"password":""}