{"id":"gen9vgc2023regulatione-1999153672","p1":"fayetssf","p2":"Everybo-D","format":"[Gen 9] VGC 2023 Regulation E","log":"|j|\u2606fayetssf\n|j|\u2606Everybo-D\n|n|\u2606fayetssf|fayetssf\n|n|\u2606Everybo-D|everybod\n|html|View the match progress at <a href=\"\/game-bestof3-gen9vgc2023regulatione-1999153671\">game-bestof3-gen9vgc2023regulatione-1999153671<\/a>\n|t:|1701039043\n|gametype|doubles\n|player|p1|fayetssf|iono|\n|player|p2|Everybo-D|266|\n|teamsize|p1|6\n|teamsize|p2|6\n|gen|9\n|tier|[Gen 9] VGC 2023 Regulation E\n|rule|Species Clause: Limit one of each Pok\u00e9mon\n|rule|Item Clause: Limit one of each item\n|clearpoke\n|poke|p1|Weezing-Galar, L50, M|\n|poke|p1|Kingambit, L50, M|\n|poke|p1|Gyarados, L50, M|\n|poke|p1|Clefable, L50, M|\n|poke|p1|Pawmot, L50, F|\n|poke|p1|Dusclops, L50, F|\n|poke|p2|Glastrier, L50|\n|poke|p2|Tyranitar, L50, F|\n|poke|p2|Landorus, L50, M|\n|poke|p2|Houndstone, L50, M|\n|poke|p2|Hariyama, L50, F|\n|poke|p2|Azelf, L50|\n|teampreview|4\n|inactive|Battle timer is ON: inactive players will automatically lose when time's up. (requested by fayetssf)\n|c|\u2606Everybo-D|Hf!\n|inactive|fayetssf has 60 seconds left.\n|inactive|Everybo-D has 60 seconds left.\n|c|\u2606Everybo-D|Timer\n|inactiveoff|Battle timer is now OFF.\n|c|\u2606fayetssf|u2 : )\n|j| DozenSBU\n|j| Toxic Chain\n|\n|t:|1701039144\n|start\n|switch|p1a: Gyarados|Gyarados, L50, M|100\/100\n|switch|p1b: Pawmot|Pawmot, L50, F|100\/100\n|switch|p2a: Ebenholz|Azelf, L50|100\/100\n|switch|p2b: Jackie|Houndstone, L50, M|100\/100\n|-ability|p1a: Gyarados|Intimidate|boost\n|-unboost|p2a: Ebenholz|atk|1\n|-unboost|p2b: Jackie|atk|1\n|turn|1\n|\n|t:|1701039189\n|move|p1b: Pawmot|Fake Out|p2a: Ebenholz\n|-damage|p2a: Ebenholz|82\/100\n|cant|p2a: Ebenholz|flinch\n|move|p2b: Jackie|Will-O-Wisp|p1a: Gyarados\n|-status|p1a: Gyarados|brn\n|move|p1a: Gyarados|Whirlpool|p2a: Ebenholz\n|-damage|p2a: Ebenholz|68\/100\n|-activate|p2a: Ebenholz|move: Whirlpool|[of] p1a: Gyarados\n|\n|-damage|p1a: Gyarados|95\/100 brn|[from] brn\n|-damage|p2a: Ebenholz|56\/100|[from] move: Whirlpool|[partiallytrapped]\n|upkeep\n|turn|2\n|\n|t:|1701039214\n|switch|p1b: Clefable|Clefable, L50, M|100\/100\n|move|p2a: Ebenholz|Psychic|p1b: Clefable\n|-damage|p1b: Clefable|59\/100\n|move|p2b: Jackie|Body Press|p1b: Clefable\n|-resisted|p1b: Clefable\n|-damage|p1b: Clefable|49\/100\n|move|p1a: Gyarados|Thunder Wave|p2b: Jackie\n|-status|p2b: Jackie|par\n|\n|-heal|p1a: Gyarados|100\/100 brn|[from] item: Leftovers\n|-damage|p1a: Gyarados|95\/100 brn|[from] brn\n|-damage|p2a: Ebenholz|44\/100|[from] move: Whirlpool|[partiallytrapped]\n|upkeep\n|turn|3\n|\n|t:|1701039244\n|move|p2b: Jackie|Ally Switch|p2b: Jackie\n|swap|p2b: Jackie|0|[from] move: Ally Switch\n|move|p2b: Ebenholz|Taunt|p1b: Clefable\n|-start|p1b: Clefable|move: Taunt\n|move|p1a: Gyarados|Whirlpool|p2b: Ebenholz\n|-damage|p2b: Ebenholz|30\/100\n|move|p1b: Clefable|Knock Off|p2b: Ebenholz\n|-supereffective|p2b: Ebenholz\n|-damage|p2b: Ebenholz|0 fnt\n|-enditem|p2b: Ebenholz|Focus Sash|[from] move: Knock Off|[of] p1b: Clefable\n|faint|p2b: Ebenholz\n|\n|-heal|p1a: Gyarados|100\/100 brn|[from] item: Leftovers\n|-damage|p1a: Gyarados|95\/100 brn|[from] brn\n|upkeep\n|\n|t:|1701039274\n|switch|p2b: Big Bob|Hariyama, L50, F|100\/100\n|turn|4\n|\n|t:|1701039299\n|switch|p1a: Pawmot|Pawmot, L50, F|100\/100\n|move|p2b: Big Bob|Heavy Slam|p1b: Clefable\n|-supereffective|p1b: Clefable\n|-damage|p1b: Clefable|0 fnt\n|faint|p1b: Clefable\n|move|p2a: Jackie|Last Respects|p1a: Pawmot\n|-damage|p1a: Pawmot|64\/100\n|\n|upkeep\n|\n|t:|1701039311\n|switch|p1b: Gyarados|Gyarados, L50, M|95\/100 brn\n|-ability|p1b: Gyarados|Intimidate|boost\n|-unboost|p2a: Jackie|atk|1\n|-unboost|p2b: Big Bob|atk|1\n|turn|5\n|\n|t:|1701039324\n|move|p1a: Pawmot|Revival Blessing|p1a: Pawmot\n|\n|t:|1701039325\n|-heal|p1: Clefable|50\/100|[from] move: Revival Blessing\n|move|p1b: Gyarados|Thunder Wave|p2b: Big Bob\n|-status|p2b: Big Bob|par\n|cant|p2a: Jackie|par\n|move|p2b: Big Bob|Drain Punch|p1a: Pawmot\n|-damage|p1a: Pawmot|0 fnt\n|faint|p1a: Pawmot\n|\n|-heal|p1b: Gyarados|100\/100 brn|[from] item: Leftovers\n|-damage|p1b: Gyarados|95\/100 brn|[from] brn\n|upkeep\n|\n|t:|1701039355\n|switch|p1a: Kingambit|Kingambit, L50, M, shiny|100\/100\n|turn|6\n|\n|t:|1701039411\n|switch|p1a: Clefable|Clefable, L50, M|50\/100\n|-terastallize|p2a: Jackie|Fighting\n|move|p2b: Big Bob|Protect|p2b: Big Bob\n|-singleturn|p2b: Big Bob|Protect\n|move|p1b: Gyarados|Whirlpool|p2b: Big Bob\n|-activate|p2b: Big Bob|move: Protect\n|move|p2a: Jackie|Will-O-Wisp|p1a: Clefable\n|-status|p1a: Clefable|brn\n|\n|-heal|p1b: Gyarados|100\/100 brn|[from] item: Leftovers\n|-damage|p1b: Gyarados|95\/100 brn|[from] brn\n|-damage|p1a: Clefable|45\/100 brn|[from] brn\n|upkeep\n|turn|7\n|j| Ori11\n|c| Ori11|eyes\n|\n|t:|1701039482\n|switch|p2a: FlyingFortress|Landorus, L50, M|100\/100\n|move|p1b: Gyarados|Whirlpool|p2a: FlyingFortress\n|-supereffective|p2a: FlyingFortress\n|-damage|p2a: FlyingFortress|87\/100\n|-activate|p2a: FlyingFortress|move: Whirlpool|[of] p1b: Gyarados\n|move|p1a: Clefable|Charm|p2b: Big Bob\n|-unboost|p2b: Big Bob|atk|2\n|cant|p2b: Big Bob|par\n|\n|-heal|p1b: Gyarados|100\/100 brn|[from] item: Leftovers\n|-damage|p1b: Gyarados|95\/100 brn|[from] brn\n|-damage|p1a: Clefable|39\/100 brn|[from] brn\n|-damage|p2a: FlyingFortress|75\/100|[from] move: Whirlpool|[partiallytrapped]\n|upkeep\n|turn|8\n|\n|t:|1701039503\n|move|p2a: FlyingFortress|Sludge Bomb|p1a: Clefable\n|-supereffective|p1a: Clefable\n|-damage|p1a: Clefable|0 fnt\n|faint|p1a: Clefable\n|move|p1b: Gyarados|Whirlpool|p2b: Big Bob\n|-damage|p2b: Big Bob|90\/100 par\n|-activate|p2b: Big Bob|move: Whirlpool|[of] p1b: Gyarados\n|move|p2b: Big Bob|Drain Punch|p1b: Gyarados\n|-resisted|p1b: Gyarados\n|-damage|p1b: Gyarados|83\/100 brn\n|-heal|p2b: Big Bob|95\/100 par|[from] drain|[of] p1b: Gyarados\n|\n|-heal|p1b: Gyarados|89\/100 brn|[from] item: Leftovers\n|-damage|p1b: Gyarados|83\/100 brn|[from] brn\n|-damage|p2a: FlyingFortress|63\/100|[from] move: Whirlpool|[partiallytrapped]\n|-damage|p2b: Big Bob|82\/100 par|[from] move: Whirlpool|[partiallytrapped]\n|upkeep\n|\n|t:|1701039513\n|switch|p1a: Kingambit|Kingambit, L50, M, shiny|100\/100\n|turn|9\n|\n|t:|1701039531\n|-terastallize|p1a: Kingambit|Fairy\n|move|p2a: FlyingFortress|Sludge Bomb|p1a: Kingambit\n|-supereffective|p1a: Kingambit\n|-damage|p1a: Kingambit|54\/100\n|move|p1b: Gyarados|Whirlpool|p2a: FlyingFortress\n|-supereffective|p2a: FlyingFortress\n|-crit|p2a: FlyingFortress\n|-damage|p2a: FlyingFortress|41\/100\n|move|p1a: Kingambit|Swords Dance|p1a: Kingambit\n|-boost|p1a: Kingambit|atk|2\n|move|p2b: Big Bob|Drain Punch|p1a: Kingambit\n|-resisted|p1a: Kingambit\n|-damage|p1a: Kingambit|45\/100\n|-heal|p2b: Big Bob|86\/100 par|[from] drain|[of] p1a: Kingambit\n|\n|-heal|p1b: Gyarados|89\/100 brn|[from] item: Leftovers\n|-damage|p1b: Gyarados|83\/100 brn|[from] brn\n|-damage|p2a: FlyingFortress|29\/100|[from] move: Whirlpool|[partiallytrapped]\n|-damage|p2b: Big Bob|74\/100 par|[from] move: Whirlpool|[partiallytrapped]\n|upkeep\n|turn|10\n|\n|t:|1701039558\n|move|p1a: Kingambit|Sucker Punch|p2a: FlyingFortress\n|-damage|p2a: FlyingFortress|0 fnt\n|faint|p2a: FlyingFortress\n|cant|p2b: Big Bob|par\n|move|p1b: Gyarados|Avalanche|p2b: Big Bob\n|-damage|p2b: Big Bob|67\/100 par\n|-damage|p1b: Gyarados|66\/100 brn|[from] item: Rocky Helmet|[of] p2b: Big Bob\n|\n|-heal|p1b: Gyarados|72\/100 brn|[from] item: Leftovers\n|-damage|p1b: Gyarados|66\/100 brn|[from] brn\n|-damage|p2b: Big Bob|54\/100 par|[from] move: Whirlpool|[partiallytrapped]\n|upkeep\n|\n|t:|1701039569\n|switch|p2a: Jackie|Houndstone, L50, M, tera:Fighting|100\/100 par\n|turn|11\n|\n|t:|1701039576\n|move|p1b: Gyarados|Whirlpool|p2a: Jackie\n|-damage|p2a: Jackie|93\/100 par\n|-activate|p2a: Jackie|move: Whirlpool|[of] p1b: Gyarados\n|move|p1a: Kingambit|Iron Head|p2a: Jackie\n|-damage|p2a: Jackie|57\/100 par\n|move|p2a: Jackie|Last Respects|p1a: Kingambit\n|-damage|p1a: Kingambit|6\/100\n|move|p2b: Big Bob|Heavy Slam|p1a: Kingambit\n|-supereffective|p1a: Kingambit\n|-damage|p1a: Kingambit|0 fnt\n|faint|p1a: Kingambit\n|\n|-heal|p1b: Gyarados|72\/100 brn|[from] item: Leftovers\n|-damage|p1b: Gyarados|66\/100 brn|[from] brn\n|-damage|p2a: Jackie|45\/100 par|[from] move: Whirlpool|[partiallytrapped]\n|-damage|p2b: Big Bob|42\/100 par|[from] move: Whirlpool|[partiallytrapped]\n|upkeep\n|-enditem|p2a: Jackie|Sitrus Berry|[eat]\n|-heal|p2a: Jackie|70\/100 par|[from] item: Sitrus Berry\n|turn|12\n|\n|t:|1701039595\n|move|p1b: Gyarados|Protect|p1b: Gyarados\n|-singleturn|p1b: Gyarados|Protect\n|cant|p2a: Jackie|par\n|move|p2b: Big Bob|Drain Punch|p1b: Gyarados\n|-activate|p1b: Gyarados|move: Protect\n|\n|-heal|p1b: Gyarados|72\/100 brn|[from] item: Leftovers\n|-damage|p1b: Gyarados|66\/100 brn|[from] brn\n|-damage|p2a: Jackie|57\/100 par|[from] move: Whirlpool|[partiallytrapped]\n|-end|p2b: Big Bob|Whirlpool|[partiallytrapped]\n|upkeep\n|turn|13\n|\n|t:|1701039604\n|move|p1b: Gyarados|Whirlpool|p2b: Big Bob\n|-damage|p2b: Big Bob|32\/100 par\n|-activate|p2b: Big Bob|move: Whirlpool|[of] p1b: Gyarados\n|move|p2a: Jackie|Last Respects|p1b: Gyarados\n|-damage|p1b: Gyarados|14\/100 brn\n|move|p2b: Big Bob|Drain Punch|p1b: Gyarados\n|-resisted|p1b: Gyarados\n|-damage|p1b: Gyarados|2\/100 brn\n|-heal|p2b: Big Bob|37\/100 par|[from] drain|[of] p1b: Gyarados\n|\n|-heal|p1b: Gyarados|8\/100 brn|[from] item: Leftovers\n|-damage|p1b: Gyarados|2\/100 brn|[from] brn\n|-damage|p2a: Jackie|45\/100 par|[from] move: Whirlpool|[partiallytrapped]\n|-damage|p2b: Big Bob|25\/100 par|[from] move: Whirlpool|[partiallytrapped]\n|upkeep\n|turn|14\n|\n|t:|1701039619\n|move|p1b: Gyarados|Whirlpool|p2a: Jackie|[miss]\n|-miss|p1b: Gyarados|p2a: Jackie\n|cant|p2a: Jackie|par\n|move|p2b: Big Bob|Drain Punch|p1b: Gyarados\n|-resisted|p1b: Gyarados\n|-damage|p1b: Gyarados|0 fnt\n|-heal|p2b: Big Bob|26\/100 par|[from] drain|[of] p1b: Gyarados\n|faint|p1b: Gyarados\n|\n|win|Everybo-D\n|c|&|\/uhtml prompt-everybod,Everybo-D is ready for game 2!\n|inactive|fayetssf has 50 seconds to confirm battle start!\n","uploadtime":1701039631,"views":13,"p1id":"fayetssf","p2id":"everybod","formatid":"gen9vgc2023regulatione","rating":0,"private":0,"password":""}