{"id":"gen9vgc2023regulatione-1999284350","p1":"Mazovin","p2":"Matteo315","format":"[Gen 9] VGC 2023 Regulation E","log":"|j|\u2606Mazovin\n|j|\u2606Matteo315\n|t:|1701054968\n|gametype|doubles\n|player|p1|Mazovin|lance|1086\n|player|p2|Matteo315|169|1000\n|teamsize|p1|6\n|teamsize|p2|6\n|gen|9\n|tier|[Gen 9] VGC 2023 Regulation E\n|rated|\n|rule|Species Clause: Limit one of each Pok\u00e9mon\n|rule|Item Clause: Limit one of each item\n|clearpoke\n|poke|p1|Flutter Mane, L50|\n|poke|p1|Tornadus, L50, M|\n|poke|p1|Rillaboom, L50, M|\n|poke|p1|Garganacl, L50, M|\n|poke|p1|Arcanine-Hisui, L50, F|\n|poke|p1|Chien-Pao, L50|\n|poke|p2|Krookodile, L50, F|\n|poke|p2|Gliscor, L50, F|\n|poke|p2|Iron Hands, L50|\n|poke|p2|Maushold-Four, L50|\n|poke|p2|Cresselia, L50, F|\n|poke|p2|Fezandipiti, L50, M|\n|teampreview|4\n|inactive|Battle timer is ON: inactive players will automatically lose when time's up. (requested by Mazovin)\n|\n|t:|1701054981\n|start\n|switch|p1a: Tornadus|Tornadus, L50, M|100\/100\n|switch|p1b: Garganacl|Garganacl, L50, M|100\/100\n|switch|p2a: Krookodile|Krookodile, L50, F, shiny|100\/100\n|switch|p2b: Fezandipiti|Fezandipiti, L50, M|100\/100\n|turn|1\n|\n|t:|1701054997\n|-terastallize|p1b: Garganacl|Ghost\n|move|p2a: Krookodile|Crunch|p1b: Garganacl\n|-supereffective|p1b: Garganacl\n|-damage|p1b: Garganacl|60\/100\n|move|p2b: Fezandipiti|Poison Tail|p2a: Krookodile\n|-resisted|p2a: Krookodile\n|-damage|p2a: Krookodile|92\/100\n|-status|p2a: Krookodile|tox|[from] ability: Toxic Chain|[of] p2b: Fezandipiti\n|-enditem|p2a: Krookodile|Pecha Berry|[eat]\n|-curestatus|p2a: Krookodile|tox|[msg]\n|move|p1a: Tornadus|Bleakwind Storm|p2a: Krookodile|[spread] p2a\n|-miss|p1a: Tornadus|p2b: Fezandipiti\n|-damage|p2a: Krookodile|56\/100\n|move|p1b: Garganacl|Iron Defense|p1b: Garganacl\n|-boost|p1b: Garganacl|def|2\n|\n|upkeep\n|turn|2\n|\n|t:|1701055020\n|move|p1b: Garganacl|Protect|p1b: Garganacl\n|-singleturn|p1b: Garganacl|Protect\n|move|p1a: Tornadus|Tailwind|p1a: Tornadus\n|-sidestart|p1: Mazovin|move: Tailwind\n|move|p2a: Krookodile|Crunch|p1b: Garganacl\n|-activate|p1b: Garganacl|move: Protect\n|move|p2b: Fezandipiti|Poison Tail|p2a: Krookodile\n|-resisted|p2a: Krookodile\n|-damage|p2a: Krookodile|48\/100\n|\n|upkeep\n|turn|3\n|\n|t:|1701055036\n|move|p1a: Tornadus|Bleakwind Storm|p2a: Krookodile|[spread] p2a\n|-miss|p1a: Tornadus|p2b: Fezandipiti\n|-damage|p2a: Krookodile|14\/100\n|move|p2a: Krookodile|Crunch|p1b: Garganacl\n|-supereffective|p1b: Garganacl\n|-damage|p1b: Garganacl|37\/100\n|-unboost|p1b: Garganacl|def|1\n|-enditem|p1b: Garganacl|Sitrus Berry|[eat]\n|-heal|p1b: Garganacl|61\/100|[from] item: Sitrus Berry\n|move|p2b: Fezandipiti|Poison Tail|p2a: Krookodile\n|-resisted|p2a: Krookodile\n|-damage|p2a: Krookodile|5\/100\n|move|p1b: Garganacl|Recover|p1b: Garganacl\n|-heal|p1b: Garganacl|100\/100\n|\n|upkeep\n|turn|4\n|\n|t:|1701055054\n|move|p2a: Krookodile|Protect|p2a: Krookodile\n|-singleturn|p2a: Krookodile|Protect\n|move|p1a: Tornadus|Bleakwind Storm|p2b: Fezandipiti|[spread] \n|-activate|p2a: Krookodile|move: Protect\n|-miss|p1a: Tornadus|p2b: Fezandipiti\n|move|p2b: Fezandipiti|Icy Wind|p1a: Tornadus|[spread] p1a,p1b\n|-supereffective|p1a: Tornadus\n|-crit|p1a: Tornadus\n|-damage|p1a: Tornadus|80\/100\n|-damage|p1b: Garganacl|95\/100\n|-unboost|p1a: Tornadus|spe|1\n|-unboost|p1b: Garganacl|spe|1\n|move|p1b: Garganacl|Salt Cure|p2b: Fezandipiti\n|-crit|p2b: Fezandipiti\n|-damage|p2b: Fezandipiti|77\/100\n|-start|p2b: Fezandipiti|Salt Cure\n|\n|-damage|p2b: Fezandipiti|65\/100|[from] Salt Cure\n|upkeep\n|turn|5\n|\n|t:|1701055078\n|move|p1a: Tornadus|Bleakwind Storm|p2a: Krookodile|[spread] p2b\n|-miss|p1a: Tornadus|p2a: Krookodile\n|-damage|p2b: Fezandipiti|40\/100\n|move|p2a: Krookodile|Crunch|p1b: Garganacl\n|-supereffective|p1b: Garganacl\n|-damage|p1b: Garganacl|69\/100\n|move|p2b: Fezandipiti|Icy Wind|p1b: Garganacl|[spread] p1a,p1b\n|-supereffective|p1a: Tornadus\n|-damage|p1a: Tornadus|68\/100\n|-damage|p1b: Garganacl|63\/100\n|-unboost|p1a: Tornadus|spe|1\n|-unboost|p1b: Garganacl|spe|1\n|move|p1b: Garganacl|Salt Cure|p2a: Krookodile\n|-resisted|p2a: Krookodile\n|-damage|p2a: Krookodile|0 fnt\n|faint|p2a: Krookodile\n|\n|-damage|p2b: Fezandipiti|28\/100|[from] Salt Cure\n|-sideend|p1: Mazovin|move: Tailwind\n|upkeep\n|\n|t:|1701055089\n|switch|p2a: Maushold|Maushold-Four, L50, shiny|100\/100\n|turn|6\n|\n|t:|1701055100\n|move|p1a: Tornadus|Taunt|p2a: Maushold\n|-start|p2a: Maushold|move: Taunt\n|cant|p2a: Maushold|move: Taunt|Switcheroo\n|move|p2b: Fezandipiti|Icy Wind|p1a: Tornadus|[spread] p1a,p1b\n|-supereffective|p1a: Tornadus\n|-damage|p1a: Tornadus|55\/100\n|-damage|p1b: Garganacl|58\/100\n|-unboost|p1a: Tornadus|spe|1\n|-unboost|p1b: Garganacl|spe|1\n|move|p1b: Garganacl|Iron Defense|p1b: Garganacl\n|-boost|p1b: Garganacl|def|2\n|\n|-damage|p2a: Maushold|88\/100|[from] item: Black Sludge\n|-damage|p2b: Fezandipiti|15\/100|[from] Salt Cure\n|upkeep\n|turn|7\n|\n|t:|1701055112\n|move|p1a: Tornadus|Tailwind|p1a: Tornadus\n|-sidestart|p1: Mazovin|move: Tailwind\n|move|p2a: Maushold|Shadow Claw|p1b: Garganacl\n|-supereffective|p1b: Garganacl\n|-damage|p1b: Garganacl|54\/100\n|move|p2b: Fezandipiti|Icy Wind|p1b: Garganacl|[spread] p1a,p1b\n|-supereffective|p1a: Tornadus\n|-damage|p1a: Tornadus|44\/100\n|-damage|p1b: Garganacl|48\/100\n|-unboost|p1a: Tornadus|spe|1\n|-unboost|p1b: Garganacl|spe|1\n|move|p1b: Garganacl|Salt Cure|p2a: Maushold\n|-damage|p2a: Maushold|68\/100\n|-start|p2a: Maushold|Salt Cure\n|\n|-damage|p2a: Maushold|56\/100|[from] item: Black Sludge\n|-damage|p2a: Maushold|44\/100|[from] Salt Cure\n|-damage|p2b: Fezandipiti|3\/100|[from] Salt Cure\n|upkeep\n|turn|8\n|\n|t:|1701055132\n|move|p2a: Maushold|Population Bomb|p1a: Tornadus\n|-damage|p1a: Tornadus|37\/100\n|-damage|p2a: Maushold|28\/100|[from] item: Rocky Helmet|[of] p1a: Tornadus\n|-damage|p1a: Tornadus|28\/100\n|-damage|p2a: Maushold|11\/100|[from] item: Rocky Helmet|[of] p1a: Tornadus\n|-damage|p1a: Tornadus|20\/100\n|-damage|p2a: Maushold|0 fnt|[from] item: Rocky Helmet|[of] p1a: Tornadus\n|faint|p2a: Maushold\n|-hitcount|p1a: Tornadus|3\n|move|p2b: Fezandipiti|Icy Wind|p1b: Garganacl|[spread] p1a,p1b\n|-supereffective|p1a: Tornadus\n|-damage|p1a: Tornadus|6\/100\n|-damage|p1b: Garganacl|43\/100\n|-unboost|p1a: Tornadus|spe|1\n|-unboost|p1b: Garganacl|spe|1\n|move|p1a: Tornadus|Bleakwind Storm|p2b: Fezandipiti\n|-damage|p2b: Fezandipiti|0 fnt\n|faint|p2b: Fezandipiti\n|move|p1b: Garganacl|Recover|p1b: Garganacl\n|-heal|p1b: Garganacl|93\/100\n|\n|upkeep\n|\n|t:|1701055140\n|switch|p2b: Iron Hands|Iron Hands, L50, shiny|100\/100\n|-enditem|p2b: Iron Hands|Booster Energy\n|-activate|p2b: Iron Hands|ability: Quark Drive|[fromitem]\n|-start|p2b: Iron Hands|quarkdriveatk\n|turn|9\n|\n|t:|1701055156\n|move|p2b: Iron Hands|Fake Out|p1a: Tornadus\n|-damage|p1a: Tornadus|0 fnt\n|-damage|p2b: Iron Hands|84\/100|[from] item: Rocky Helmet|[of] p1a: Tornadus\n|faint|p1a: Tornadus\n|move|p1b: Garganacl|Salt Cure|p2b: Iron Hands\n|-resisted|p2b: Iron Hands\n|-damage|p2b: Iron Hands|80\/100\n|-start|p2b: Iron Hands|Salt Cure\n|\n|-damage|p2b: Iron Hands|68\/100|[from] Salt Cure\n|upkeep\n|\n|t:|1701055159\n|switch|p1a: Arcanine|Arcanine-Hisui, L50, F|100\/100\n|-ability|p1a: Arcanine|Intimidate|boost\n|-unboost|p2b: Iron Hands|atk|1\n|turn|10\n|\n|t:|1701055175\n|switch|p1a: Flutter Mane|Flutter Mane, L50|100\/100\n|-enditem|p1a: Flutter Mane|Booster Energy\n|-activate|p1a: Flutter Mane|ability: Protosynthesis|[fromitem]\n|-start|p1a: Flutter Mane|protosynthesisspe\n|move|p2b: Iron Hands|Drain Punch|p1a: Flutter Mane\n|-immune|p1a: Flutter Mane\n|move|p1b: Garganacl|Iron Defense|p1b: Garganacl\n|-boost|p1b: Garganacl|def|2\n|\n|-damage|p2b: Iron Hands|55\/100|[from] Salt Cure\n|-sideend|p1: Mazovin|move: Tailwind\n|upkeep\n|turn|11\n|-message|Matteo315 forfeited.\n|\n|win|Mazovin\n|raw|Mazovin's rating: 1086 &rarr; <strong>1107<\/strong><br \/>(+21 for winning)\n|raw|Matteo315's rating: 1000 &rarr; <strong>1000<\/strong><br \/>(+0 for losing)\n|l|\u2606Matteo315\n","uploadtime":1701055183,"views":2,"p1id":"mazovin","p2id":"matteo315","formatid":"gen9vgc2023regulatione","rating":1000,"private":0,"password":""}