{"id":"gen9vgc2023regulatione-1991094972","p1":"natcentre","p2":"Leef2","format":"[Gen 9] VGC 2023 Regulation E","log":"|j|\u2606natcentre\n|j|\u2606Leef2\n|t:|1700042050\n|gametype|doubles\n|player|p1|natcentre|169|\n|player|p2|Leef2|artist-gen4|\n|teamsize|p1|6\n|teamsize|p2|6\n|gen|9\n|tier|[Gen 9] VGC 2023 Regulation E\n|rated|Tournament battle\n|rule|Species Clause: Limit one of each Pok\u00e9mon\n|rule|Item Clause: Limit one of each item\n|clearpoke\n|poke|p1|Regieleki, L50|\n|poke|p1|Ursaluna-Bloodmoon, L50, M|\n|poke|p1|Rillaboom, L50, F|\n|poke|p1|Ogerpon-Hearthflame, L50, F|\n|poke|p1|Urshifu-*, L50, F|\n|poke|p1|Farigiraf, L50, M|\n|poke|p2|Regieleki, L50|\n|poke|p2|Rillaboom, L50, F|\n|poke|p2|Azumarill, L50, F|\n|poke|p2|Arcanine-Hisui, L50, F|\n|poke|p2|Gholdengo, L50|\n|poke|p2|Cresselia, L50, F|\n|teampreview|4\n|showteam|p1|Regieleki||LifeOrb|Transistor|Protect,Thunderbolt,VoltSwitch,TeraBlast||||||50|,,,,,Ice]Ursaluna-Bloodmoon||ThroatSpray|MindsEye|Protect,HyperVoice,BloodMoon,EarthPower|||M|||50|,,,,,Ghost]Rillaboom||AssaultVest|GrassySurge|FakeOut,GrassyGlide,WoodHammer,Uturn|||F|||50|,,,,,Fire]Ogerpon-Hearthflame||HearthflameMask|MoldBreaker|SpikyShield,IvyCudgel,GrassyGlide,StompingTantrum|||F|||50|,,,,,Fire]Urshifu-Rapid-Strike||ChoiceScarf|UnseenFist|SurgingStrikes,CloseCombat,Uturn,Taunt|||F|||50|,,,,,Water]Farigiraf||SitrusBerry|ArmorTail|Psychic,DazzlingGleam,HelpingHand,TrickRoom|||M|||50|,,,,,Fairy\n|showteam|p2|Regieleki||Magnet|Transistor|Thunderbolt,VoltSwitch,Electroweb,Protect||||||50|,,,,,Fairy]Rillaboom||MiracleSeed|GrassySurge|FakeOut,GrassyGlide,WoodHammer,Protect|||F|||50|,,,,,Fire]Azumarill||Leftovers|HugePower|AquaJet,Liquidation,PlayRough,Protect|||F|||50|,,,,,Fire]Arcanine-Hisui||SitrusBerry|Intimidate|ExtremeSpeed,FlareBlitz,RockSlide,WillOWisp|||F|||50|,,,,,Fairy]Gholdengo||MetalCoat|GoodasGold|MakeItRain,ShadowBall,Protect,NastyPlot||||||50|,,,,,Dragon]Cresselia||SafetyGoggles|Levitate|TrickRoom,LunarBlessing,IcyWind,Psychic|||F|||50|,,,,,Fairy\n|c|\u2606Leef2|glhf\n|c|\u2606natcentre|u2\n|j| SWAG_MASSIAH\n|inactive|Battle timer is ON: inactive players will automatically lose when time's up. (requested by natcentre)\n|j| speedrunlegend\n|inactive|Leef2 has 60 seconds left.\n|inactive|Leef2 has 30 seconds left.\n|\n|t:|1700042159\n|start\n|switch|p1a: Regieleki|Regieleki, L50|100\/100\n|switch|p1b: Farigiraf|Farigiraf, L50, M|100\/100\n|switch|p2a: Derro|Rillaboom, L50, F|100\/100\n|switch|p2b: Silver|Gholdengo, L50|100\/100\n|-fieldstart|move: Grassy Terrain|[from] ability: Grassy Surge|[of] p2a: Derro\n|turn|1\n|inactive|natcentre has 30 seconds left.\n|inactive|Leef2 has 30 seconds left.\n|inactive|natcentre has 20 seconds left.\n|\n|t:|1700042197\n|switch|p2b: Sue\u00f1o|Cresselia, L50, F|100\/100\n|move|p1b: Farigiraf|Helping Hand|p1a: Regieleki\n|-singleturn|p1a: Regieleki|Helping Hand|[of] p1b: Farigiraf\n|move|p1a: Regieleki|Thunderbolt|p2b: Sue\u00f1o\n|-damage|p2b: Sue\u00f1o|35\/100\n|-damage|p1a: Regieleki|91\/100|[from] item: Life Orb\n|move|p2a: Derro|Wood Hammer|p1a: Regieleki\n|-damage|p1a: Regieleki|0 fnt\n|faint|p1a: Regieleki\n|-damage|p2a: Derro|77\/100|[from] Recoil\n|\n|-heal|p2a: Derro|83\/100|[from] Grassy Terrain\n|upkeep\n|\n|t:|1700042215\n|switch|p1a: Ogerpon|Ogerpon-Hearthflame, L50, F|100\/100\n|-ability|p1a: Ogerpon|Mold Breaker\n|turn|2\n|inactive|Leef2 has 30 seconds left.\n|\n|t:|1700042248\n|switch|p2a: Smokey|Arcanine-Hisui, L50, F|100\/100\n|-ability|p2a: Smokey|Intimidate|boost\n|-unboost|p1a: Ogerpon|atk|1\n|-unboost|p1b: Farigiraf|atk|1\n|move|p1b: Farigiraf|Helping Hand|p1a: Ogerpon\n|-singleturn|p1a: Ogerpon|Helping Hand|[of] p1b: Farigiraf\n|move|p1a: Ogerpon|Ivy Cudgel|p2b: Sue\u00f1o|[anim] Ivy Cudgel Fire\n|-damage|p2b: Sue\u00f1o|1\/100\n|move|p2b: Sue\u00f1o|Psychic|p1a: Ogerpon\n|-damage|p1a: Ogerpon|74\/100\n|\n|-heal|p1a: Ogerpon|80\/100|[from] Grassy Terrain\n|upkeep\n|turn|3\n|c| speedrunlegend|Cress calcs soe\n|c| speedrunlegend|Doe*\n|inactive|natcentre has 30 seconds left.\n|c|\u2606natcentre|lol\n|inactive|natcentre has 20 seconds left.\n|inactive|natcentre has 15 seconds left.\n|inactive|natcentre has 10 seconds left.\n|c|\u2606Leef2|Lmao\n|\n|t:|1700042298\n|-terastallize|p1a: Ogerpon|Fire\n|detailschange|p1a: Ogerpon|Ogerpon-Hearthflame-Tera, L50, F, tera:Fire\n|-ability|p1a: Ogerpon|Embody Aspect (Hearthflame)|boost\n|-boost|p1a: Ogerpon|atk|1\n|move|p1b: Farigiraf|Helping Hand|p1a: Ogerpon\n|-singleturn|p1a: Ogerpon|Helping Hand|[of] p1b: Farigiraf\n|move|p1a: Ogerpon|Ivy Cudgel|p2a: Smokey|[anim] Ivy Cudgel Fire\n|-resisted|p2a: Smokey\n|-damage|p2a: Smokey|62\/100\n|move|p2a: Smokey|Rock Slide|p1a: Ogerpon|[spread] p1a,p1b\n|-supereffective|p1a: Ogerpon\n|-damage|p1a: Ogerpon|9\/100\n|-damage|p1b: Farigiraf|76\/100\n|move|p2b: Sue\u00f1o|Lunar Blessing|p2b: Sue\u00f1o|[spread] p2a,p2b\n|-heal|p2a: Smokey|86\/100\n|-heal|p2b: Sue\u00f1o|26\/100\n|\n|-heal|p1a: Ogerpon|15\/100|[from] Grassy Terrain\n|-heal|p2a: Smokey|92\/100|[from] Grassy Terrain\n|-heal|p1b: Farigiraf|82\/100|[from] Grassy Terrain\n|upkeep\n|turn|4\n|c| SWAG_MASSIAH|rigged lmao\n|inactive|natcentre has 30 seconds left.\n|inactive|natcentre has 20 seconds left.\n|\n|t:|1700042334\n|move|p1a: Ogerpon|Stomping Tantrum|p2a: Smokey\n|-supereffective|p2a: Smokey\n|-damage|p2a: Smokey|0 fnt\n|faint|p2a: Smokey\n|move|p2b: Sue\u00f1o|Psychic|p1a: Ogerpon\n|-damage|p1a: Ogerpon|0 fnt\n|faint|p1a: Ogerpon\n|move|p1b: Farigiraf|Psychic|p2b: Sue\u00f1o\n|-resisted|p2b: Sue\u00f1o\n|-damage|p2b: Sue\u00f1o|14\/100\n|\n|-heal|p1b: Farigiraf|87\/100|[from] Grassy Terrain\n|upkeep\n|\n|t:|1700042341\n|switch|p1a: Rillaboom|Rillaboom, L50, F|100\/100\n|switch|p2a: Silver|Gholdengo, L50|100\/100\n|turn|5\n|c|\u2606natcentre|gg\n|c|\u2606Leef2|gg\n|inactive|natcentre has 30 seconds left.\n|\n|t:|1700042367\n|move|p1a: Rillaboom|Grassy Glide|p2b: Sue\u00f1o\n|-crit|p2b: Sue\u00f1o\n|-damage|p2b: Sue\u00f1o|0 fnt\n|faint|p2b: Sue\u00f1o\n|move|p2a: Silver|Nasty Plot|p2a: Silver\n|-boost|p2a: Silver|spa|2\n|move|p1b: Farigiraf|Psychic|p2a: Silver\n|-resisted|p2a: Silver\n|-damage|p2a: Silver|82\/100\n|\n|-heal|p2a: Silver|88\/100|[from] Grassy Terrain\n|-heal|p1b: Farigiraf|93\/100|[from] Grassy Terrain\n|-fieldend|move: Grassy Terrain\n|upkeep\n|\n|t:|1700042371\n|switch|p2b: Derro|Rillaboom, L50, F|83\/100\n|-fieldstart|move: Grassy Terrain|[from] ability: Grassy Surge|[of] p2b: Derro\n|turn|6\n|\n|t:|1700042384\n|move|p1b: Farigiraf|Helping Hand|p1a: Rillaboom\n|-singleturn|p1a: Rillaboom|Helping Hand|[of] p1b: Farigiraf\n|move|p2a: Silver|Make It Rain|p1b: Farigiraf|[spread] p1a,p1b\n|-damage|p1a: Rillaboom|31\/100\n|-damage|p1b: Farigiraf|0 fnt\n|-unboost|p2a: Silver|spa|1\n|faint|p1b: Farigiraf\n|move|p2b: Derro|Wood Hammer|p1a: Rillaboom\n|-resisted|p1a: Rillaboom\n|-damage|p1a: Rillaboom|0 fnt\n|faint|p1a: Rillaboom\n|-damage|p2b: Derro|73\/100|[from] Recoil\n|\n|win|Leef2\n|n|\u2606natcentre|natcentre\n|n|\u2606Leef2|leef2\n|n| SWAG_MASSIAH|swagmassiah\n|n| speedrunlegend|speedrunlegend\n","uploadtime":1700042386,"views":11,"p1id":"natcentre","p2id":"leef2","formatid":"gen9vgc2023regulatione","rating":0,"private":0,"password":""}