{"id":"gen9vgc2023regulatione-1989348122","p1":"Arcan52","p2":"DarkMcL0vin","format":"[Gen 9] VGC 2023 Regulation E","log":"|j|\u2606Arcan52\n|j|\u2606DarkMcL0vin\n|t:|1699839199\n|gametype|doubles\n|player|p1|Arcan52|ethan|1037\n|player|p2|DarkMcL0vin|milo|1118\n|teamsize|p1|6\n|teamsize|p2|6\n|gen|9\n|tier|[Gen 9] VGC 2023 Regulation E\n|rated|\n|rule|Species Clause: Limit one of each Pok\u00e9mon\n|rule|Item Clause: Limit one of each item\n|clearpoke\n|poke|p1|Gothitelle, L50, M|\n|poke|p1|Scream Tail, L50|\n|poke|p1|Muk-Alola, L50, M|\n|poke|p1|Basculegion, L50, M|\n|poke|p1|Azumarill, L50, M|\n|poke|p1|Amoonguss, L50, F|\n|poke|p2|Medicham, L50, M|\n|poke|p2|Clefairy, L50, F|\n|poke|p2|Landorus-Therian, L50, M|\n|poke|p2|Iron Hands, L50|\n|poke|p2|Talonflame, L50, M|\n|poke|p2|Amoonguss, L50, F|\n|teampreview|4\n|inactive|Battle timer is ON: inactive players will automatically lose when time's up. (requested by DarkMcL0vin)\n|\n|t:|1699839213\n|start\n|switch|p1a: Gothitelle|Gothitelle, L50, M|100\/100\n|switch|p1b: Scream Tail|Scream Tail, L50|100\/100\n|switch|p2a: Medicham|Medicham, L50, M|100\/100\n|switch|p2b: Clefairy|Clefairy, L50, F|100\/100\n|turn|1\n|\n|t:|1699839234\n|move|p1a: Gothitelle|Fake Out|p2a: Medicham\n|-damage|p2a: Medicham|92\/100\n|move|p2b: Clefairy|Follow Me|p2b: Clefairy\n|-singleturn|p2b: Clefairy|move: Follow Me\n|cant|p2a: Medicham|flinch\n|move|p1b: Scream Tail|Perish Song|p1b: Scream Tail\n|-start|p1a: Gothitelle|perish3|[silent]\n|-start|p1b: Scream Tail|perish3|[silent]\n|-start|p2a: Medicham|perish3|[silent]\n|-start|p2b: Clefairy|perish3|[silent]\n|-fieldactivate|move: Perish Song\n|\n|-start|p2a: Medicham|perish3\n|-start|p1b: Scream Tail|perish3\n|-start|p1a: Gothitelle|perish3\n|-start|p2b: Clefairy|perish3\n|upkeep\n|turn|2\n|\n|t:|1699839247\n|move|p1b: Scream Tail|Protect|p1b: Scream Tail\n|-singleturn|p1b: Scream Tail|Protect\n|move|p1a: Gothitelle|Protect|p1a: Gothitelle\n|-singleturn|p1a: Gothitelle|Protect\n|move|p2b: Clefairy|Follow Me|p2b: Clefairy\n|-singleturn|p2b: Clefairy|move: Follow Me\n|move|p2a: Medicham|Poison Jab|p1b: Scream Tail\n|-activate|p1b: Scream Tail|move: Protect\n|\n|-start|p2a: Medicham|perish2\n|-start|p1b: Scream Tail|perish2\n|-start|p1a: Gothitelle|perish2\n|-start|p2b: Clefairy|perish2\n|upkeep\n|turn|3\n|\n|t:|1699839273\n|-end|p1b: Scream Tail|Protosynthesis|[silent]\n|switch|p1b: Muk|Muk-Alola, L50, M|100\/100\n|move|p2b: Clefairy|Helping Hand|p2a: Medicham\n|-singleturn|p2a: Medicham|Helping Hand|[of] p2b: Clefairy\n|move|p2a: Medicham|Poison Jab|p1a: Gothitelle\n|-damage|p1a: Gothitelle|17\/100\n|-status|p1a: Gothitelle|psn\n|move|p1a: Gothitelle|Future Sight|p2a: Medicham\n|-start|p1a: Gothitelle|move: Future Sight\n|\n|-damage|p1a: Gothitelle|4\/100 psn|[from] psn\n|-start|p2a: Medicham|perish1\n|-start|p1a: Gothitelle|perish1\n|-start|p2b: Clefairy|perish1\n|upkeep\n|turn|4\n|\n|t:|1699839291\n|move|p1a: Gothitelle|Protect|p1a: Gothitelle\n|-singleturn|p1a: Gothitelle|Protect\n|move|p1b: Muk|Protect|p1b: Muk\n|-singleturn|p1b: Muk|Protect\n|move|p2b: Clefairy|Follow Me|p2b: Clefairy\n|-singleturn|p2b: Clefairy|move: Follow Me\n|move|p2a: Medicham|Poison Jab|p1a: Gothitelle\n|-activate|p1a: Gothitelle|move: Protect\n|\n|-damage|p1a: Gothitelle|0 fnt|[from] psn\n|faint|p1a: Gothitelle\n|-ability|p1b: Muk|Shadow Tag|[from] ability: Power of Alchemy|[of] p1a: Gothitelle\n|-start|p2a: Medicham|perish0\n|-start|p2b: Clefairy|perish0\n|faint|p2a: Medicham\n|faint|p2b: Clefairy\n|upkeep\n|\n|t:|1699839305\n|switch|p2a: Landorus|Landorus-Therian, L50, M|100\/100\n|switch|p1a: Scream Tail|Scream Tail, L50|100\/100\n|switch|p2b: Iron Hands|Iron Hands, L50|100\/100\n|-ability|p2a: Landorus|Intimidate|boost\n|-unboost|p1a: Scream Tail|atk|1\n|-unboost|p1b: Muk|atk|1\n|turn|5\n|\n|t:|1699839326\n|move|p2b: Iron Hands|Fake Out|p1a: Scream Tail\n|-damage|p1a: Scream Tail|90\/100\n|move|p2a: Landorus|Stomping Tantrum|p1b: Muk\n|-supereffective|p1b: Muk\n|-damage|p1b: Muk|13\/100\n|-enditem|p1b: Muk|Figy Berry|[eat]\n|-heal|p1b: Muk|46\/100|[from] item: Figy Berry\n|cant|p1a: Scream Tail|flinch\n|move|p1b: Muk|Knock Off|p2b: Iron Hands\n|-resisted|p2b: Iron Hands\n|-damage|p2b: Iron Hands|89\/100\n|-enditem|p2b: Iron Hands|Assault Vest|[from] move: Knock Off|[of] p1b: Muk\n|\n|-end|p2a: Landorus|move: Future Sight\n|-damage|p2a: Landorus|44\/100\n|upkeep\n|turn|6\n|\n|t:|1699839345\n|move|p1b: Muk|Protect|p1b: Muk\n|-singleturn|p1b: Muk|Protect\n|move|p2a: Landorus|Stomping Tantrum|p1b: Muk\n|-activate|p1b: Muk|move: Protect\n|move|p1a: Scream Tail|Perish Song|p1a: Scream Tail\n|-start|p1a: Scream Tail|perish3|[silent]\n|-start|p1b: Muk|perish3|[silent]\n|-start|p2a: Landorus|perish3|[silent]\n|-start|p2b: Iron Hands|perish3|[silent]\n|-fieldactivate|move: Perish Song\n|move|p2b: Iron Hands|Heavy Slam|p1a: Scream Tail\n|-supereffective|p1a: Scream Tail\n|-damage|p1a: Scream Tail|32\/100\n|\n|-start|p2a: Landorus|perish3\n|-start|p1a: Scream Tail|perish3\n|-start|p2b: Iron Hands|perish3\n|-start|p1b: Muk|perish3\n|upkeep\n|turn|7\n|inactive|DarkMcL0vin has 30 seconds left.\n|inactive|DarkMcL0vin has 20 seconds left.\n|inactive|DarkMcL0vin has 15 seconds left.\n|inactive|DarkMcL0vin has 10 seconds left.\n|\n|t:|1699839392\n|switch|p1b: Azumarill|Azumarill, L50, M|100\/100\n|move|p1a: Scream Tail|Protect|p1a: Scream Tail\n|-singleturn|p1a: Scream Tail|Protect\n|move|p2a: Landorus|Stomping Tantrum|p1b: Azumarill\n|-damage|p1b: Azumarill|50\/100\n|move|p2b: Iron Hands|Heavy Slam|p1a: Scream Tail\n|-activate|p1a: Scream Tail|move: Protect\n|\n|-start|p2a: Landorus|perish2\n|-start|p1a: Scream Tail|perish2\n|-start|p2b: Iron Hands|perish2\n|upkeep\n|turn|8\n|inactive|Arcan52 has 30 seconds left.\n|inactive|Arcan52 has 20 seconds left.\n|inactive|Arcan52 has 15 seconds left.\n|\n|t:|1699839435\n|-terastallize|p2a: Landorus|Flying\n|-terastallize|p1a: Scream Tail|Steel\n|move|p1b: Azumarill|Protect|p1b: Azumarill\n|-singleturn|p1b: Azumarill|Protect\n|move|p2a: Landorus|Stomping Tantrum|p1b: Azumarill\n|-activate|p1b: Azumarill|move: Protect\n|move|p1a: Scream Tail|Play Rough|p2a: Landorus\n|-damage|p2a: Landorus|25\/100\n|move|p2b: Iron Hands|Heavy Slam|p1b: Azumarill\n|-activate|p1b: Azumarill|move: Protect\n|\n|-start|p2a: Landorus|perish1\n|-start|p1a: Scream Tail|perish1\n|-start|p2b: Iron Hands|perish1\n|upkeep\n|turn|9\n|n|!DarkMcL0vin|darkmcl0vin\n|-message|DarkMcL0vin forfeited.\n|\n|win|Arcan52\n|raw|Arcan52's rating: 1037 &rarr; <strong>1079<\/strong><br \/>(+42 for winning)\n|raw|DarkMcL0vin's rating: 1118 &rarr; <strong>1087<\/strong><br \/>(-31 for losing)\n","uploadtime":1699839449,"views":9,"p1id":"arcan52","p2id":"darkmcl0vin","formatid":"gen9vgc2023regulatione","rating":1079,"private":0,"password":""}