{"id":"gen9vgc2023regulatione-2000671089","p1":"lord denominator","p2":"Bjajaja","format":"[Gen 9] VGC 2023 Regulation E","log":"|j|\u203dlord denominator\n|j|\u2606Bjajaja\n|t:|1701216972\n|gametype|doubles\n|player|p1|lord denominator|carmine|1296\n|player|p2|Bjajaja|1|1207\n|teamsize|p1|6\n|teamsize|p2|6\n|gen|9\n|tier|[Gen 9] VGC 2023 Regulation E\n|rated|\n|rule|Species Clause: Limit one of each Pok\u00e9mon\n|rule|Item Clause: Limit one of each item\n|clearpoke\n|poke|p1|Indeedee-F, L50, F|\n|poke|p1|Flutter Mane, L50|\n|poke|p1|Chi-Yu, L50|\n|poke|p1|Ogerpon-Wellspring, L50, F|\n|poke|p1|Tornadus, L50, M|\n|poke|p1|Regieleki, L50|\n|poke|p2|Heatran, L50, F|\n|poke|p2|Weezing-Galar, L50, F|\n|poke|p2|Urshifu-*, L50, F|\n|poke|p2|Rillaboom, L50, M|\n|poke|p2|Mamoswine, L50, M|\n|poke|p2|Thundurus-Therian, L50, M|\n|teampreview|4\n|inactive|Battle timer is ON: inactive players will automatically lose when time's up. (requested by Bjajaja)\nlord denominator has agreed to open team sheets.\n|inactive|Bjajaja has 60 seconds left.\n|\n|t:|1701217005\n|start\n|switch|p1a: Indeedee|Indeedee-F, L50, F|100\/100\n|switch|p1b: Chi-Yu|Chi-Yu, L50|100\/100\n|switch|p2a: Weezing|Weezing-Galar, L50, F|100\/100\n|switch|p2b: Mamoswine|Mamoswine, L50, M|100\/100\n|-ability|p2a: Weezing|Neutralizing Gas\n|turn|1\n|inactive|lord denominator has 30 seconds left.\n|\n|t:|1701217037\n|-end|p2a: Weezing|ability: Neutralizing Gas\n|-ability|p1b: Chi-Yu|Beads of Ruin\n|-fieldstart|move: Psychic Terrain|[from] ability: Psychic Surge|[of] p1a: Indeedee\n|-enditem|p1a: Indeedee|Psychic Seed\n|-boost|p1a: Indeedee|spd|1|[from] item: Psychic Seed\n|switch|p2a: Heatran|Heatran, L50, F|100\/100\n|-terastallize|p1b: Chi-Yu|Fire\n|move|p1a: Indeedee|Helping Hand|p1b: Chi-Yu\n|-singleturn|p1b: Chi-Yu|Helping Hand|[of] p1a: Indeedee\n|move|p1b: Chi-Yu|Heat Wave|p2a: Heatran|[spread] p2b\n|-start|p2a: Heatran|ability: Flash Fire\n|-supereffective|p2b: Mamoswine\n|-damage|p2b: Mamoswine|0 fnt\n|faint|p2b: Mamoswine\n|-damage|p1b: Chi-Yu|91\/100|[from] item: Life Orb\n|\n|upkeep\n|\n|t:|1701217058\n|switch|p2b: Weezing|Weezing-Galar, L50, F|100\/100\n|-ability|p2b: Weezing|Neutralizing Gas\n|turn|2\n|\n|t:|1701217069\n|move|p1a: Indeedee|Follow Me|p1a: Indeedee\n|-singleturn|p1a: Indeedee|move: Follow Me\n|move|p1b: Chi-Yu|Dark Pulse|p2a: Heatran\n|-damage|p2a: Heatran|46\/100\n|-damage|p1b: Chi-Yu|82\/100|[from] item: Life Orb\n|move|p2a: Heatran|Earth Power|p1a: Indeedee\n|-damage|p1a: Indeedee|76\/100\n|-damage|p2a: Heatran|36\/100|[from] item: Life Orb\n|move|p2b: Weezing|Strange Steam|p1a: Indeedee\n|-damage|p1a: Indeedee|56\/100\n|\n|upkeep\n|turn|3\n|\n|t:|1701217088\n|move|p2a: Heatran|Protect|p2a: Heatran\n|-singleturn|p2a: Heatran|Protect\n|move|p1b: Chi-Yu|Dark Pulse|p2a: Heatran\n|-activate|p2a: Heatran|move: Protect\n|move|p1a: Indeedee|Psychic|p2b: Weezing\n|-supereffective|p2b: Weezing\n|-crit|p2b: Weezing\n|-damage|p2b: Weezing|0 fnt\n|faint|p2b: Weezing\n|-end|p2b: Weezing|ability: Neutralizing Gas\n|-ability|p1b: Chi-Yu|Beads of Ruin\n|\n|upkeep\n|\n|t:|1701217100\n|switch|p2b: Thundurus|Thundurus-Therian, L50, M|100\/100\n|turn|4\n|\n|t:|1701217116\n|move|p1b: Chi-Yu|Protect|p1b: Chi-Yu\n|-singleturn|p1b: Chi-Yu|Protect\n|move|p2b: Thundurus|Wildbolt Storm|p1a: Indeedee|[spread] \n|-activate|p1b: Chi-Yu|move: Protect\n|-miss|p2b: Thundurus|p1a: Indeedee\n|move|p2a: Heatran|Earth Power|p1b: Chi-Yu\n|-activate|p1b: Chi-Yu|move: Protect\n|move|p1a: Indeedee|Psychic|p2b: Thundurus\n|-damage|p2b: Thundurus|55\/100\n|\n|upkeep\n|turn|5\n|\n|t:|1701217130\n|move|p1a: Indeedee|Follow Me|p1a: Indeedee\n|-singleturn|p1a: Indeedee|move: Follow Me\n|move|p1b: Chi-Yu|Dark Pulse|p2a: Heatran\n|-damage|p2a: Heatran|0 fnt\n|faint|p2a: Heatran\n|-damage|p1b: Chi-Yu|72\/100|[from] item: Life Orb\n|move|p2b: Thundurus|Wildbolt Storm|p1b: Chi-Yu|[spread] p1a,p1b\n|-damage|p1a: Indeedee|17\/100\n|-damage|p1b: Chi-Yu|22\/100\n|\n|-fieldend|move: Psychic Terrain\n|upkeep\n|turn|6\n|\n|t:|1701217144\n|move|p1a: Indeedee|Helping Hand|p1b: Chi-Yu\n|-singleturn|p1b: Chi-Yu|Helping Hand|[of] p1a: Indeedee\n|move|p1b: Chi-Yu|Overheat|p2b: Thundurus\n|-damage|p2b: Thundurus|0 fnt\n|-unboost|p1b: Chi-Yu|spa|2\n|faint|p2b: Thundurus\n|-damage|p1b: Chi-Yu|13\/100|[from] item: Life Orb\n|\n|win|lord denominator\n|raw|lord denominator's rating: 1296 &rarr; <strong>1315<\/strong><br \/>(+19 for winning)\n|raw|Bjajaja's rating: 1207 &rarr; <strong>1188<\/strong><br \/>(-19 for losing)\n|l|\u2606Bjajaja\n","uploadtime":1701217153,"views":0,"p1id":"lorddenominator","p2id":"bjajaja","formatid":"gen9vgc2023regulatione","rating":1188,"private":0,"password":""}