{"id":"gen9vgc2023regulatione-1994470508","p1":"nosadboyinhere5","p2":"Kzjrjzk","format":"[Gen 9] VGC 2023 Regulation E","log":"|j|\u2606nosadboyinhere5\n|j|\u2606Kzjrjzk\n|t:|1700447668\n|gametype|doubles\n|player|p1|nosadboyinhere5|pokekid|1063\n|player|p2|Kzjrjzk|lance|1059\n|teamsize|p1|6\n|teamsize|p2|6\n|gen|9\n|tier|[Gen 9] VGC 2023 Regulation E\n|rated|\n|rule|Species Clause: Limit one of each Pok\u00e9mon\n|rule|Item Clause: Limit one of each item\n|clearpoke\n|poke|p1|Amoonguss, L50, M|\n|poke|p1|Tornadus, L50, M|\n|poke|p1|Gliscor, L50, F|\n|poke|p1|Annihilape, L50, M|\n|poke|p1|Arcanine-Hisui, L50, F|\n|poke|p1|Gardevoir, L50, F|\n|poke|p2|Flutter Mane, L50|\n|poke|p2|Tornadus, L50, M|\n|poke|p2|Rillaboom, L50, M|\n|poke|p2|Garganacl, L50, F|\n|poke|p2|Arcanine-Hisui, L50, M|\n|poke|p2|Chien-Pao, L50|\n|teampreview|4\n|inactive|Battle timer is ON: inactive players will automatically lose when time's up. (requested by nosadboyinhere5)\n|\n|t:|1700447699\n|start\n|switch|p1a: Amoonguss|Amoonguss, L50, M|100\/100\n|switch|p1b: Gliscor|Gliscor, L50, F|100\/100\n|switch|p2a: Tornadus|Tornadus, L50, M|100\/100\n|switch|p2b: Garganacl|Garganacl, L50, F|100\/100\n|turn|1\n|\n|t:|1700447712\n|-terastallize|p2b: Garganacl|Ghost\n|move|p2a: Tornadus|Taunt|p1a: Amoonguss\n|-start|p1a: Amoonguss|move: Taunt\n|move|p1b: Gliscor|Knock Off|p2a: Tornadus\n|-damage|p2a: Tornadus|71\/100\n|-damage|p1b: Gliscor|84\/100|[from] item: Rocky Helmet|[of] p2a: Tornadus\n|-enditem|p2a: Tornadus|Rocky Helmet|[from] move: Knock Off|[of] p1b: Gliscor\n|move|p2b: Garganacl|Iron Defense|p2b: Garganacl\n|-boost|p2b: Garganacl|def|2\n|cant|p1a: Amoonguss|move: Taunt|Spore\n|\n|-status|p1b: Gliscor|tox|[from] item: Toxic Orb\n|upkeep\n|turn|2\n|\n|t:|1700447725\n|move|p2a: Tornadus|Tailwind|p2a: Tornadus\n|-sidestart|p2: Kzjrjzk|move: Tailwind\n|move|p1b: Gliscor|Toxic|p2a: Tornadus\n|-status|p2a: Tornadus|tox\n|move|p2b: Garganacl|Salt Cure|p1b: Gliscor\n|-damage|p1b: Gliscor|74\/100 tox\n|-start|p1b: Gliscor|Salt Cure\n|move|p1a: Amoonguss|Clear Smog|p2b: Garganacl\n|-resisted|p2b: Garganacl\n|-damage|p2b: Garganacl|96\/100\n|-clearboost|p2b: Garganacl\n|\n|-damage|p2a: Tornadus|65\/100 tox|[from] psn\n|-heal|p1b: Gliscor|86\/100 tox|[from] ability: Poison Heal\n|-damage|p1b: Gliscor|74\/100 tox|[from] Salt Cure\n|upkeep\n|turn|3\n|\n|t:|1700447749\n|switch|p1b: Arcanine|Arcanine-Hisui, L50, F|100\/100\n|move|p2a: Tornadus|Bleakwind Storm|p1b: Arcanine|[spread] p1a,p1b\n|-supereffective|p1a: Amoonguss\n|-resisted|p1b: Arcanine\n|-damage|p1a: Amoonguss|48\/100\n|-damage|p1b: Arcanine|82\/100\n|move|p2b: Garganacl|Salt Cure|p1a: Amoonguss\n|-damage|p1a: Amoonguss|36\/100\n|-start|p1a: Amoonguss|Salt Cure\n|move|p1a: Amoonguss|Giga Drain|p2b: Garganacl\n|-damage|p2b: Garganacl|79\/100\n|-heal|p1a: Amoonguss|43\/100|[from] drain|[of] p2b: Garganacl\n|\n|-heal|p1a: Amoonguss|49\/100|[from] item: Black Sludge\n|-damage|p2a: Tornadus|53\/100 tox|[from] psn\n|-damage|p1a: Amoonguss|37\/100|[from] Salt Cure\n|-end|p1a: Amoonguss|move: Taunt\n|upkeep\n|turn|4\n|\n|t:|1700447767\n|move|p1a: Amoonguss|Rage Powder|p1a: Amoonguss\n|-singleturn|p1a: Amoonguss|move: Rage Powder\n|move|p2a: Tornadus|Bleakwind Storm|p1b: Arcanine|[spread] p1a\n|-miss|p2a: Tornadus|p1b: Arcanine\n|-supereffective|p1a: Amoonguss\n|-damage|p1a: Amoonguss|0 fnt\n|faint|p1a: Amoonguss\n|move|p1b: Arcanine|Head Smash|p2a: Tornadus\n|-supereffective|p2a: Tornadus\n|-damage|p2a: Tornadus|0 fnt\n|faint|p2a: Tornadus\n|move|p2b: Garganacl|Salt Cure|p1b: Arcanine\n|-supereffective|p1b: Arcanine\n|-damage|p1b: Arcanine|43\/100\n|-start|p1b: Arcanine|Salt Cure\n|\n|-damage|p1b: Arcanine|31\/100|[from] Salt Cure\n|upkeep\n|\n|t:|1700447780\n|switch|p2a: Flutter Mane|Flutter Mane, L50|100\/100\n|switch|p1a: Gliscor|Gliscor, L50, F|74\/100 tox\n|-enditem|p2a: Flutter Mane|Booster Energy\n|-activate|p2a: Flutter Mane|ability: Protosynthesis|[fromitem]\n|-start|p2a: Flutter Mane|protosynthesisspe\n|turn|5\n|\n|t:|1700447789\n|switch|p1b: Tornadus|Tornadus, L50, M|100\/100\n|move|p2a: Flutter Mane|Protect|p2a: Flutter Mane\n|-singleturn|p2a: Flutter Mane|Protect\n|move|p1a: Gliscor|Protect|p1a: Gliscor\n|-singleturn|p1a: Gliscor|Protect\n|move|p2b: Garganacl|Salt Cure|p1a: Gliscor\n|-activate|p1a: Gliscor|move: Protect\n|\n|-heal|p1a: Gliscor|86\/100 tox|[from] ability: Poison Heal\n|-sideend|p2: Kzjrjzk|move: Tailwind\n|upkeep\n|turn|6\n|\n|t:|1700447814\n|move|p1b: Tornadus|Tailwind|p1b: Tornadus\n|-sidestart|p1: nosadboyinhere5|move: Tailwind\n|move|p2a: Flutter Mane|Substitute|p2a: Flutter Mane\n|-start|p2a: Flutter Mane|Substitute\n|-damage|p2a: Flutter Mane|76\/100\n|move|p1a: Gliscor|Knock Off|p2a: Flutter Mane\n|-end|p2a: Flutter Mane|Substitute\n|move|p2b: Garganacl|Salt Cure|p1b: Tornadus\n|-supereffective|p1b: Tornadus\n|-damage|p1b: Tornadus|64\/100\n|\n|-heal|p1a: Gliscor|98\/100 tox|[from] ability: Poison Heal\n|upkeep\n|turn|7\n|\n|t:|1700447836\n|move|p2a: Flutter Mane|Protect|p2a: Flutter Mane\n|-singleturn|p2a: Flutter Mane|Protect\n|move|p1b: Tornadus|Taunt|p2a: Flutter Mane\n|-activate|p2a: Flutter Mane|move: Protect\n|move|p1a: Gliscor|Knock Off|p2a: Flutter Mane\n|-activate|p2a: Flutter Mane|move: Protect\n|move|p2b: Garganacl|Salt Cure|p1a: Gliscor\n|-damage|p1a: Gliscor|90\/100 tox\n|-start|p1a: Gliscor|Salt Cure\n|\n|-heal|p1a: Gliscor|100\/100 tox|[from] ability: Poison Heal\n|-damage|p1a: Gliscor|88\/100 tox|[from] Salt Cure\n|upkeep\n|turn|8\n|\n|t:|1700447847\n|-end|p2a: Flutter Mane|Protosynthesis|[silent]\n|switch|p2a: Rillaboom|Rillaboom, L50, M|100\/100\n|-fieldstart|move: Grassy Terrain|[from] ability: Grassy Surge|[of] p2a: Rillaboom\n|move|p1b: Tornadus|Scary Face|p2a: Rillaboom\n|-unboost|p2a: Rillaboom|spe|2\n|move|p1a: Gliscor|Knock Off|p2b: Garganacl\n|-supereffective|p2b: Garganacl\n|-damage|p2b: Garganacl|48\/100\n|-enditem|p2b: Garganacl|Sitrus Berry|[from] move: Knock Off|[of] p1a: Gliscor\n|move|p2b: Garganacl|Salt Cure|p1b: Tornadus\n|-supereffective|p1b: Tornadus\n|-damage|p1b: Tornadus|27\/100\n|\n|-heal|p2b: Garganacl|54\/100|[from] Grassy Terrain\n|-heal|p1a: Gliscor|100\/100 tox|[from] ability: Poison Heal\n|-damage|p1a: Gliscor|88\/100 tox|[from] Salt Cure\n|upkeep\n|turn|9\n|\n|t:|1700447869\n|switch|p1a: Arcanine|Arcanine-Hisui, L50, F|31\/100\n|move|p2a: Rillaboom|Fake Out|p1b: Tornadus\n|-damage|p1b: Tornadus|9\/100\n|move|p1b: Tornadus|Bleakwind Storm|p2b: Garganacl|[spread] p2a\n|-miss|p1b: Tornadus|p2b: Garganacl\n|-supereffective|p2a: Rillaboom\n|-damage|p2a: Rillaboom|53\/100\n|move|p2b: Garganacl|Recover|p2b: Garganacl\n|-heal|p2b: Garganacl|100\/100\n|\n|-heal|p1a: Arcanine|37\/100|[from] Grassy Terrain\n|-heal|p2a: Rillaboom|59\/100|[from] Grassy Terrain\n|-sideend|p1: nosadboyinhere5|move: Tailwind\n|upkeep\n|turn|10\n|inactive|nosadboyinhere5 has 30 seconds left.\n|\n|t:|1700447894\n|move|p2a: Rillaboom|Grassy Glide|p1b: Tornadus\n|-resisted|p1b: Tornadus\n|-damage|p1b: Tornadus|0 fnt\n|faint|p1b: Tornadus\n|move|p1a: Arcanine|Flare Blitz|p2a: Rillaboom\n|-supereffective|p2a: Rillaboom\n|-damage|p2a: Rillaboom|0 fnt\n|faint|p2a: Rillaboom\n|move|p2b: Garganacl|Salt Cure|p1a: Arcanine\n|-supereffective|p1a: Arcanine\n|-damage|p1a: Arcanine|2\/100\n|-start|p1a: Arcanine|Salt Cure\n|\n|-heal|p1a: Arcanine|8\/100|[from] Grassy Terrain\n|-damage|p1a: Arcanine|0 fnt|[from] Salt Cure\n|faint|p1a: Arcanine\n|upkeep\n|\n|t:|1700447910\n|switch|p1a: Gliscor|Gliscor, L50, F|88\/100 tox\n|switch|p2a: Flutter Mane|Flutter Mane, L50|76\/100\n|turn|11\n|\n|t:|1700447917\n|move|p2a: Flutter Mane|Protect|p2a: Flutter Mane\n|-singleturn|p2a: Flutter Mane|Protect\n|move|p1a: Gliscor|Knock Off|p2b: Garganacl\n|-supereffective|p2b: Garganacl\n|-damage|p2b: Garganacl|80\/100\n|move|p2b: Garganacl|Salt Cure|p1a: Gliscor\n|-damage|p1a: Gliscor|80\/100 tox\n|-start|p1a: Gliscor|Salt Cure\n|\n|-heal|p2a: Flutter Mane|82\/100|[from] Grassy Terrain\n|-heal|p2b: Garganacl|86\/100|[from] Grassy Terrain\n|-heal|p1a: Gliscor|92\/100 tox|[from] ability: Poison Heal\n|-damage|p1a: Gliscor|80\/100 tox|[from] Salt Cure\n|upkeep\n|turn|12\n|l|\u2606nosadboyinhere5\n|inactive|nosadboyinhere5 disconnected and has a minute to reconnect!\n|player|p1|\n|inactive|nosadboyinhere5 has 30 seconds left.\n|j|\u2606nosadboyinhere5\n|inactive|nosadboyinhere5 reconnected and has 30 seconds left.\n|player|p1|nosadboyinhere5|pokekid\n|\n|t:|1700447947\n|move|p1a: Gliscor|Protect|p1a: Gliscor\n|-singleturn|p1a: Gliscor|Protect\n|move|p2a: Flutter Mane|Substitute|p2a: Flutter Mane\n|-start|p2a: Flutter Mane|Substitute\n|-damage|p2a: Flutter Mane|57\/100\n|move|p2b: Garganacl|Iron Defense|p2b: Garganacl\n|-boost|p2b: Garganacl|def|2\n|\n|-heal|p2a: Flutter Mane|64\/100|[from] Grassy Terrain\n|-heal|p2b: Garganacl|92\/100|[from] Grassy Terrain\n|-heal|p1a: Gliscor|92\/100 tox|[from] ability: Poison Heal\n|-damage|p1a: Gliscor|80\/100 tox|[from] Salt Cure\n|-fieldend|move: Grassy Terrain\n|upkeep\n|turn|13\n|\n|t:|1700447963\n|-terastallize|p1a: Gliscor|Ground\n|move|p2a: Flutter Mane|Protect|p2a: Flutter Mane\n|-singleturn|p2a: Flutter Mane|Protect\n|move|p2b: Garganacl|Protect|p2b: Garganacl\n|-singleturn|p2b: Garganacl|Protect\n|move|p1a: Gliscor|Earthquake|p2a: Flutter Mane|[spread] \n|-activate|p2a: Flutter Mane|move: Protect\n|-activate|p2b: Garganacl|move: Protect\n|\n|-heal|p1a: Gliscor|92\/100 tox|[from] ability: Poison Heal\n|-damage|p1a: Gliscor|80\/100 tox|[from] Salt Cure\n|upkeep\n|turn|14\n|\n|t:|1700447973\n|move|p2a: Flutter Mane|Moonblast|p1a: Gliscor\n|-damage|p1a: Gliscor|20\/100 tox\n|-unboost|p1a: Gliscor|spa|1\n|move|p1a: Gliscor|Earthquake|p2b: Garganacl|[spread] p2a,p2b\n|-crit|p2a: Flutter Mane\n|-end|p2a: Flutter Mane|Substitute\n|-damage|p2b: Garganacl|80\/100\n|move|p2b: Garganacl|Iron Defense|p2b: Garganacl\n|-boost|p2b: Garganacl|def|2\n|\n|-heal|p1a: Gliscor|32\/100 tox|[from] ability: Poison Heal\n|-damage|p1a: Gliscor|20\/100 tox|[from] Salt Cure\n|upkeep\n|turn|15\n|-message|nosadboyinhere5 forfeited.\n|\n|win|Kzjrjzk\n|raw|nosadboyinhere5's rating: 1063 &rarr; <strong>1043<\/strong><br \/>(-20 for losing)\n|raw|Kzjrjzk's rating: 1059 &rarr; <strong>1091<\/strong><br \/>(+32 for winning)\n|l|\u2606nosadboyinhere5\n","uploadtime":1700447991,"views":8,"p1id":"nosadboyinhere5","p2id":"kzjrjzk","formatid":"gen9vgc2023regulatione","rating":1043,"private":0,"password":""}