{"id":"gen9vgc2023regulatione-1993511508","p1":"Tuvain","p2":"Sour Cigar","format":"[Gen 9] VGC 2023 Regulation E","log":"|j|\u2606Tuvain\n|j|\u2606Sour Cigar\n|t:|1700326496\n|gametype|doubles\n|player|p1|Tuvain|2|1257\n|player|p2|Sour Cigar|cynthia|1270\n|teamsize|p1|6\n|teamsize|p2|6\n|gen|9\n|tier|[Gen 9] VGC 2023 Regulation E\n|rated|\n|rule|Species Clause: Limit one of each Pok\u00e9mon\n|rule|Item Clause: Limit one of each item\n|clearpoke\n|poke|p1|Armarouge, L50, F|\n|poke|p1|Ogerpon, L50, F|\n|poke|p1|Ursaluna, L50, F|\n|poke|p1|Indeedee-F, L50, F|\n|poke|p1|Cresselia, L50, F|\n|poke|p1|Urshifu-*, L50, M|\n|poke|p2|Urshifu-*, L50, M|\n|poke|p2|Gholdengo, L50|\n|poke|p2|Roaring Moon, L50|\n|poke|p2|Amoonguss, L50, M|\n|poke|p2|Iron Hands, L50|\n|poke|p2|Arcanine-Hisui, L50, M|\n|teampreview|4\n|inactive|Battle timer is ON: inactive players will automatically lose when time's up. (requested by Sour Cigar)\nSour Cigar has agreed to open team sheets.\n|\n|t:|1700326518\n|start\n|switch|p1a: Armarouge|Armarouge, L50, F|100\/100\n|switch|p1b: Indeedee|Indeedee-F, L50, F|100\/100\n|switch|p2a: Gholdengo|Gholdengo, L50|100\/100\n|switch|p2b: Roaring Moon|Roaring Moon, L50|100\/100\n|-fieldstart|move: Psychic Terrain|[from] ability: Psychic Surge|[of] p1b: Indeedee\n|-enditem|p2b: Roaring Moon|Booster Energy\n|-activate|p2b: Roaring Moon|ability: Protosynthesis|[fromitem]\n|-start|p2b: Roaring Moon|protosynthesisspe\n|turn|1\n|inactive|Sour Cigar has 30 seconds left.\n|\n|t:|1700326544\n|move|p2a: Gholdengo|Protect|p2a: Gholdengo\n|-singleturn|p2a: Gholdengo|Protect\n|move|p1b: Indeedee|Follow Me|p1b: Indeedee\n|-singleturn|p1b: Indeedee|move: Follow Me\n|move|p2b: Roaring Moon|Knock Off|p1b: Indeedee\n|-supereffective|p1b: Indeedee\n|-damage|p1b: Indeedee|6\/100\n|-damage|p2b: Roaring Moon|84\/100|[from] item: Rocky Helmet|[of] p1b: Indeedee\n|-enditem|p1b: Indeedee|Rocky Helmet|[from] move: Knock Off|[of] p2b: Roaring Moon\n|move|p1a: Armarouge|Armor Cannon|p2a: Gholdengo\n|-activate|p2a: Gholdengo|move: Protect\n|\n|upkeep\n|turn|2\n|\n|t:|1700326564\n|switch|p1b: Urshifu|Urshifu-Rapid-Strike, L50, M|100\/100\n|-terastallize|p2a: Gholdengo|Dragon\n|move|p2b: Roaring Moon|Breaking Swipe|p1b: Urshifu|[spread] p1a,p1b\n|-damage|p1a: Armarouge|82\/100\n|-damage|p1b: Urshifu|80\/100\n|-unboost|p1a: Armarouge|atk|1\n|-unboost|p1b: Urshifu|atk|1\n|move|p2a: Gholdengo|Shadow Ball|p1a: Armarouge\n|-supereffective|p1a: Armarouge\n|-damage|p1a: Armarouge|0 fnt\n|faint|p1a: Armarouge\n|-damage|p2a: Gholdengo|91\/100|[from] item: Life Orb\n|\n|-heal|p1b: Urshifu|86\/100|[from] item: Leftovers\n|upkeep\n|inactive|Tuvain has 30 seconds left.\n|inactive|Tuvain has 20 seconds left.\n|inactive|Tuvain has 15 seconds left.\n|inactive|Tuvain has 10 seconds left.\n|\n|t:|1700326613\n|switch|p1a: Ogerpon|Ogerpon, L50, F|100\/100\n|turn|3\n|inactive|Tuvain has 30 seconds left.\n|\n|t:|1700326643\n|move|p1a: Ogerpon|Spiky Shield|p1a: Ogerpon\n|-singleturn|p1a: Ogerpon|move: Protect\n|move|p2b: Roaring Moon|Tailwind|p2b: Roaring Moon\n|-sidestart|p2: Sour Cigar|move: Tailwind\n|move|p2a: Gholdengo|Nasty Plot|p2a: Gholdengo\n|-boost|p2a: Gholdengo|spa|2\n|move|p1b: Urshifu|Close Combat|p2b: Roaring Moon\n|-supereffective|p2b: Roaring Moon\n|-damage|p2b: Roaring Moon|5\/100\n|-unboost|p1b: Urshifu|def|1\n|-unboost|p1b: Urshifu|spd|1\n|\n|-heal|p1b: Urshifu|91\/100|[from] item: Leftovers\n|upkeep\n|turn|4\n|inactive|Tuvain has 30 seconds left.\n|inactive|Sour Cigar has 30 seconds left.\n|\n|t:|1700326668\n|move|p1b: Urshifu|Aqua Jet|p2b: Roaring Moon\n|-activate|p2b: Roaring Moon|move: Psychic Terrain\n|move|p2b: Roaring Moon|Knock Off|p1b: Urshifu\n|-resisted|p1b: Urshifu\n|-damage|p1b: Urshifu|54\/100\n|-enditem|p1b: Urshifu|Leftovers|[from] move: Knock Off|[of] p2b: Roaring Moon\n|move|p2a: Gholdengo|Shadow Ball|p1b: Urshifu\n|-damage|p1b: Urshifu|0 fnt\n|faint|p1b: Urshifu\n|-damage|p2a: Gholdengo|81\/100|[from] item: Life Orb\n|move|p1a: Ogerpon|Swords Dance|p1a: Ogerpon\n|-boost|p1a: Ogerpon|atk|2\n|\n|upkeep\n|\n|t:|1700326686\n|switch|p1b: Indeedee|Indeedee-F, L50, F|6\/100\n|turn|5\n|inactive|Tuvain has 30 seconds left.\n|inactive|Tuvain has 20 seconds left.\n|inactive|Tuvain has 15 seconds left.\n|inactive|Tuvain has 10 seconds left.\n|\n|t:|1700326732\n|move|p1b: Indeedee|Follow Me|p1b: Indeedee\n|-singleturn|p1b: Indeedee|move: Follow Me\n|move|p2b: Roaring Moon|Knock Off|p1b: Indeedee\n|-supereffective|p1b: Indeedee\n|-damage|p1b: Indeedee|0 fnt\n|faint|p1b: Indeedee\n|move|p2a: Gholdengo|Make It Rain|p1a: Ogerpon\n|-damage|p1a: Ogerpon|0 fnt\n|-unboost|p2a: Gholdengo|spa|1\n|faint|p1a: Ogerpon\n|-damage|p2a: Gholdengo|72\/100|[from] item: Life Orb\n|\n|win|Sour Cigar\n|raw|Tuvain's rating: 1257 &rarr; <strong>1233<\/strong><br \/>(-24 for losing)\n|raw|Sour Cigar's rating: 1270 &rarr; <strong>1294<\/strong><br \/>(+24 for winning)\n","uploadtime":1700326746,"views":26,"p1id":"tuvain","p2id":"sourcigar","formatid":"gen9vgc2023regulatione","rating":1233,"private":0,"password":""}