{"id":"gen9vgc2023regulatione-1992474697","p1":"GaurdianA","p2":"Bassefar1","format":"[Gen 9] VGC 2023 Regulation E","log":"|j|\u2606GaurdianA\n|j|\u2606Bassefar1\n|t:|1700192097\n|gametype|doubles\n|player|p1|GaurdianA|bellelba|1070\n|player|p2|Bassefar1|101|1181\n|teamsize|p1|6\n|teamsize|p2|6\n|gen|9\n|tier|[Gen 9] VGC 2023 Regulation E\n|rated|\n|rule|Species Clause: Limit one of each Pok\u00e9mon\n|rule|Item Clause: Limit one of each item\n|clearpoke\n|poke|p1|Sinistcha, L50|\n|poke|p1|Ogerpon-Wellspring, L50, F|\n|poke|p1|Basculegion, L50, M|\n|poke|p1|Grimmsnarl, L50, M|\n|poke|p1|Goodra-Hisui, L50, M|\n|poke|p1|Pelipper, L50, M|\n|poke|p2|Tornadus, L50, M|\n|poke|p2|Arcanine-Hisui, L50, F|\n|poke|p2|Iron Hands, L50|\n|poke|p2|Gholdengo, L50|\n|poke|p2|Urshifu-*, L50, M|\n|poke|p2|Ogerpon-Wellspring, L50, F|\n|teampreview|4\nGaurdianA rejected open team sheets.\n|\n|t:|1700192149\n|start\n|switch|p1a: Grimmsnarl|Grimmsnarl, L50, M|100\/100\n|switch|p1b: Garry|Goodra-Hisui, L50, M|100\/100\n|switch|p2a: Iron Hands|Iron Hands, L50|100\/100\n|switch|p2b: Urshifu|Urshifu-Rapid-Strike, L50, M|100\/100\n|turn|1\n|inactive|Battle timer is ON: inactive players will automatically lose when time's up. (requested by Bassefar1)\n|\n|t:|1700192189\n|switch|p1a: Basculegion|Basculegion, L50, M, shiny|100\/100\n|-terastallize|p1b: Garry|Water\n|move|p2a: Iron Hands|Fake Out|p1b: Garry\n|-damage|p1b: Garry|88\/100\n|-enditem|p1b: Garry|Kee Berry|[eat]\n|-boost|p1b: Garry|def|1|[from] item: Kee Berry\n|move|p2b: Urshifu|U-turn|p1a: Basculegion\n|-resisted|p1a: Basculegion\n|-damage|p1a: Basculegion|84\/100\n|\n|t:|1700192203\n|switch|p2b: Tornadus|Tornadus, L50, M|100\/100|[from] U-turn\n|cant|p1b: Garry|flinch\n|\n|upkeep\n|turn|2\n|\n|t:|1700192218\n|move|p1a: Basculegion|Protect|p1a: Basculegion\n|-singleturn|p1a: Basculegion|Protect\n|move|p2b: Tornadus|Taunt|p1b: Garry\n|-start|p1b: Garry|move: Taunt\n|move|p2a: Iron Hands|Wild Charge|p1a: Basculegion\n|-activate|p1a: Basculegion|move: Protect\n|cant|p1b: Garry|move: Taunt|Shelter\n|\n|upkeep\n|turn|3\n|\n|t:|1700192240\n|switch|p1a: Grimmsnarl|Grimmsnarl, L50, M|100\/100\n|move|p2b: Tornadus|Tailwind|p2b: Tornadus\n|-sidestart|p2: Bassefar1|move: Tailwind\n|move|p2a: Iron Hands|Wild Charge|p1a: Grimmsnarl\n|-damage|p1a: Grimmsnarl|45\/100\n|-damage|p2a: Iron Hands|91\/100|[from] Recoil\n|move|p1b: Garry|Heavy Slam|p2b: Tornadus\n|-damage|p2b: Tornadus|53\/100\n|\n|upkeep\n|turn|4\n|inactive|Bassefar1 has 30 seconds left.\n|\n|t:|1700192266\n|move|p1a: Grimmsnarl|Bulk Up|p1a: Grimmsnarl\n|-boost|p1a: Grimmsnarl|atk|1\n|-boost|p1a: Grimmsnarl|def|1\n|move|p2b: Tornadus|Bleakwind Storm|p1a: Grimmsnarl|[spread] p1a\n|-miss|p2b: Tornadus|p1b: Garry\n|-damage|p1a: Grimmsnarl|6\/100\n|-unboost|p1a: Grimmsnarl|spe|1\n|move|p2a: Iron Hands|Wild Charge|p1b: Garry\n|-supereffective|p1b: Garry\n|-damage|p1b: Garry|37\/100\n|-damage|p2a: Iron Hands|82\/100|[from] Recoil\n|move|p1b: Garry|Body Press|p2b: Tornadus\n|-resisted|p2b: Tornadus\n|-damage|p2b: Tornadus|32\/100\n|\n|-end|p1b: Garry|move: Taunt\n|upkeep\n|turn|5\n|\n|t:|1700192291\n|move|p1b: Garry|Protect|p1b: Garry\n|-singleturn|p1b: Garry|Protect\n|move|p2b: Tornadus|Taunt|p1b: Garry\n|-activate|p1b: Garry|move: Protect\n|move|p2a: Iron Hands|Wild Charge|p1b: Garry\n|-activate|p1b: Garry|move: Protect\n|move|p1a: Grimmsnarl|Spirit Break|p2a: Iron Hands\n|-supereffective|p2a: Iron Hands\n|-damage|p2a: Iron Hands|7\/100\n|-unboost|p2a: Iron Hands|spa|1\n|\n|upkeep\n|turn|6\n|\n|t:|1700192310\n|move|p1b: Garry|Protect||[still]\n|-fail|p1b: Garry\n|move|p2b: Tornadus|Taunt|p1b: Garry\n|-start|p1b: Garry|move: Taunt\n|move|p2a: Iron Hands|Wild Charge|p1b: Garry\n|-supereffective|p1b: Garry\n|-damage|p1b: Garry|0 fnt\n|faint|p1b: Garry\n|-damage|p2a: Iron Hands|1\/100|[from] Recoil\n|move|p1a: Grimmsnarl|Spirit Break|p2a: Iron Hands\n|-supereffective|p2a: Iron Hands\n|-damage|p2a: Iron Hands|0 fnt\n|faint|p2a: Iron Hands\n|-end|p2a: Iron Hands|Quark Drive|[silent]\n|\n|-sideend|p2: Bassefar1|move: Tailwind\n|upkeep\n|\n|t:|1700192326\n|switch|p2a: Gholdengo|Gholdengo, L50|100\/100\n|switch|p1b: Perry|Pelipper, L50, M, shiny|100\/100\n|-weather|RainDance|[from] ability: Drizzle|[of] p1b: Perry\n|turn|7\n|\n|t:|1700192349\n|move|p1b: Perry|Wide Guard|p1b: Perry\n|-singleturn|p1b: Perry|Wide Guard\n|move|p2b: Tornadus|Bleakwind Storm|p1b: Perry|[spread] \n|-activate|p1a: Grimmsnarl|move: Wide Guard\n|-activate|p1b: Perry|move: Wide Guard\n|move|p2a: Gholdengo|Nasty Plot|p2a: Gholdengo\n|-boost|p2a: Gholdengo|spa|2\n|move|p1a: Grimmsnarl|False Surrender|p2a: Gholdengo\n|-supereffective|p2a: Gholdengo\n|-damage|p2a: Gholdengo|0 fnt\n|faint|p2a: Gholdengo\n|\n|-weather|RainDance|[upkeep]\n|upkeep\n|\n|t:|1700192361\n|switch|p2a: Urshifu|Urshifu-Rapid-Strike, L50, M|100\/100\n|turn|8\n|\n|t:|1700192381\n|-terastallize|p2a: Urshifu|Water\n|move|p2b: Tornadus|Tailwind|p2b: Tornadus\n|-sidestart|p2: Bassefar1|move: Tailwind\n|move|p2a: Urshifu|Surging Strikes|p1a: Grimmsnarl\n|-crit|p1a: Grimmsnarl\n|-damage|p1a: Grimmsnarl|0 fnt\n|faint|p1a: Grimmsnarl\n|-hitcount|p1: Grimmsnarl|1\n|move|p1b: Perry|Hurricane|p2a: Urshifu\n|-damage|p2a: Urshifu|33\/100\n|-start|p2a: Urshifu|confusion\n|\n|-weather|RainDance|[upkeep]\n|upkeep\n|\n|t:|1700192393\n|switch|p1a: Basculegion|Basculegion, L50, M, shiny|84\/100\n|turn|9\n|\n|t:|1700192404\n|move|p1b: Perry|Wide Guard|p1b: Perry\n|-singleturn|p1b: Perry|Wide Guard\n|-activate|p2a: Urshifu|confusion\n|move|p2a: Urshifu|Surging Strikes|p1a: Basculegion\n|-resisted|p1a: Basculegion\n|-crit|p1a: Basculegion\n|-damage|p1a: Basculegion|57\/100\n|-resisted|p1a: Basculegion\n|-crit|p1a: Basculegion\n|-damage|p1a: Basculegion|32\/100\n|-resisted|p1a: Basculegion\n|-crit|p1a: Basculegion\n|-damage|p1a: Basculegion|2\/100\n|-hitcount|p1a: Basculegion|3\n|move|p2b: Tornadus|Bleakwind Storm|p1a: Basculegion|[spread] \n|-activate|p1a: Basculegion|move: Wide Guard\n|-activate|p1b: Perry|move: Wide Guard\n|move|p1a: Basculegion|Last Respects|p2a: Urshifu\n|-damage|p2a: Urshifu|0 fnt\n|faint|p2a: Urshifu\n|-damage|p1a: Basculegion|0 fnt|[from] item: Life Orb\n|faint|p1a: Basculegion\n|\n|-weather|RainDance|[upkeep]\n|upkeep\n|turn|10\n|\n|t:|1700192426\n|move|p2b: Tornadus|Bleakwind Storm|p1b: Perry\n|-damage|p1b: Perry|29\/100\n|move|p1b: Perry|Hurricane|p2b: Tornadus\n|-damage|p2b: Tornadus|0 fnt\n|faint|p2b: Tornadus\n|\n|win|GaurdianA\n|raw|GaurdianA's rating: 1070 &rarr; <strong>1109<\/strong><br \/>(+39 for winning)\n|raw|Bassefar1's rating: 1181 &rarr; <strong>1148<\/strong><br \/>(-33 for losing)\n|l|\u2606Bassefar1\n|c|\u2606GaurdianA|gg\n","uploadtime":1700192439,"views":29,"p1id":"gaurdiana","p2id":"bassefar1","formatid":"gen9vgc2023regulatione","rating":1109,"private":0,"password":""}