{"id":"gen9vgc2023regulatione-1988440177","p1":"stottzy","p2":"foiledfeline","format":"[Gen 9] VGC 2023 Regulation E","log":"|j|\u2606stottzy\n|j|\u2606foiledfeline\n|n|\u2606stottzy|stottzy\n|n|\u2606foiledfeline|foiledfeline\n|html|View the match progress at <a href=\"\/game-bestof3-gen9vgc2023regulatione-1988440176\">game-bestof3-gen9vgc2023regulatione-1988440176<\/a>\n|t:|1699723158\n|gametype|doubles\n|player|p1|stottzy|266|\n|player|p2|foiledfeline|steven|\n|teamsize|p1|6\n|teamsize|p2|6\n|gen|9\n|tier|[Gen 9] VGC 2023 Regulation E\n|rule|Species Clause: Limit one of each Pok\u00e9mon\n|rule|Item Clause: Limit one of each item\n|clearpoke\n|poke|p1|Urshifu-*, L50, F|\n|poke|p1|Tornadus, L50, M|\n|poke|p1|Raichu, L50, M|\n|poke|p1|Skeledirge, L50, F|\n|poke|p1|Cetitan, L50, F|\n|poke|p1|Frosmoth, L50, M|\n|poke|p2|Goodra-Hisui, L50, F|\n|poke|p2|Foongus, L50, F|\n|poke|p2|Espathra, L50, M|\n|poke|p2|Bronzong, L50|\n|poke|p2|Ursaluna-Bloodmoon, L50, M|\n|poke|p2|Decidueye, L50, F|\n|teampreview|4\nfoiledfeline rejected open team sheets.\n|c|\u2606stottzy|glhf!\n|c|\u2606foiledfeline|gl hf!\n|\n|t:|1699723235\n|start\n|switch|p1a: Raichu|Raichu, L50, M|100\/100\n|switch|p1b: Tornadus|Tornadus, L50, M|100\/100\n|switch|p2a: Foongy|Foongus, L50, F, shiny|100\/100\n|switch|p2b: Bronzy|Bronzong, L50, shiny|100\/100\n|-item|p1a: Raichu|Air Balloon\n|turn|1\n|\n|t:|1699723281\n|move|p2b: Bronzy|Protect|p2b: Bronzy\n|-singleturn|p2b: Bronzy|Protect\n|move|p2a: Foongy|Protect|p2a: Foongy\n|-singleturn|p2a: Foongy|Protect\n|move|p1a: Raichu|Fake Out|p2a: Foongy\n|-activate|p2a: Foongy|move: Protect\n|move|p1b: Tornadus|Rain Dance|p1b: Tornadus\n|-weather|RainDance\n|\n|-weather|RainDance|[upkeep]\n|upkeep\n|turn|2\n|\n|t:|1699723303\n|move|p2a: Foongy|Rage Powder|p2a: Foongy\n|-singleturn|p2a: Foongy|move: Rage Powder\n|move|p1b: Tornadus|Taunt|p2a: Foongy\n|-start|p2a: Foongy|move: Taunt\n|move|p1a: Raichu|Nuzzle|p2a: Foongy\n|-resisted|p2a: Foongy\n|-damage|p2a: Foongy|97\/100\n|-status|p2a: Foongy|par\n|-status|p1a: Raichu|slp|[from] ability: Effect Spore|[of] p2a: Foongy\n|move|p2b: Bronzy|Trick Room|p2b: Bronzy\n|-fieldstart|move: Trick Room|[of] p2b: Bronzy\n|\n|-weather|RainDance|[upkeep]\n|upkeep\n|turn|3\n|\n|t:|1699723331\n|switch|p2a: Ursaluny|Ursaluna-Bloodmoon, L50, M|100\/100\n|move|p2b: Bronzy|Psychic|p1b: Tornadus\n|-damage|p1b: Tornadus|65\/100\n|cant|p1a: Raichu|slp\n|move|p1b: Tornadus|Bleakwind Storm|p2a: Ursaluny|[spread] p2a,p2b\n|-resisted|p2b: Bronzy\n|-damage|p2a: Ursaluny|69\/100\n|-damage|p2b: Bronzy|90\/100\n|-unboost|p2a: Ursaluny|spe|1\n|\n|-weather|RainDance|[upkeep]\n|upkeep\n|turn|4\n|\n|t:|1699723379\n|move|p2b: Bronzy|Helping Hand|p2a: Ursaluny\n|-singleturn|p2a: Ursaluny|Helping Hand|[of] p2b: Bronzy\n|move|p1b: Tornadus|Taunt|p2b: Bronzy\n|-start|p2b: Bronzy|move: Taunt\n|-enditem|p2b: Bronzy|Mental Herb\n|-end|p2b: Bronzy|move: Taunt\n|move|p2a: Ursaluny|Hyper Voice|p1b: Tornadus|[spread] p1a,p1b\n|-damage|p1a: Raichu|9\/100 slp\n|-damage|p1b: Tornadus|0 fnt\n|-enditem|p1a: Raichu|Air Balloon\n|faint|p1b: Tornadus\n|-damage|p2a: Ursaluny|59\/100|[from] item: Life Orb\n|cant|p1a: Raichu|slp\n|\n|-weather|RainDance|[upkeep]\n|upkeep\n|j| Memes4.0\n|\n|t:|1699723393\n|switch|p1b: Urshifu|Urshifu-Rapid-Strike, L50, F|100\/100\n|turn|5\n|c| Memes4.0|Bear\n|c|\u2606stottzy|v strong\n|\n|t:|1699723420\n|-terastallize|p2a: Ursaluny|Ghost\n|move|p2b: Bronzy|Helping Hand|p2a: Ursaluny\n|-singleturn|p2a: Ursaluny|Helping Hand|[of] p2b: Bronzy\n|move|p2a: Ursaluny|Hyper Voice|p1b: Urshifu|[spread] p1a,p1b\n|-damage|p1a: Raichu|0 fnt\n|-damage|p1b: Urshifu|0 fnt\n|faint|p1a: Raichu\n|faint|p1b: Urshifu\n|-damage|p2a: Ursaluny|49\/100|[from] item: Life Orb\n|\n|-weather|none\n|upkeep\n|\n|t:|1699723424\n|switch|p1b: Skeledirge|Skeledirge, L50, F|100\/100\n|turn|6\n|c|\u2606stottzy|o\n|\n|t:|1699723443\n|-terastallize|p1b: Skeledirge|Fairy\n|move|p2b: Bronzy|Helping Hand|p2a: Ursaluny\n|-singleturn|p2a: Ursaluny|Helping Hand|[of] p2b: Bronzy\n|move|p2a: Ursaluny|Blood Moon|p1b: Skeledirge\n|-damage|p1b: Skeledirge|0 fnt\n|faint|p1b: Skeledirge\n|-damage|p2a: Ursaluny|40\/100|[from] item: Life Orb\n|\n|win|foiledfeline\n|inactive|stottzy has 50 seconds to confirm battle start!\n|inactive|foiledfeline has 50 seconds to confirm battle start!\n|c|\u2606stottzy|gg!\n|c|&|\/uhtml prompt-stottzy,stottzy is ready for game 2!\n|c|\u2606foiledfeline|g\n|c|\u2606foiledfeline|g\n|c|&|\/uhtml prompt-foiledfeline,foiledfeline is ready for game 2!\nBoth players are ready! Starting next match!\n","uploadtime":1699724024,"views":40,"p1id":"stottzy","p2id":"foiledfeline","formatid":"gen9vgc2023regulatione","rating":0,"private":0,"password":""}