{"id":"gen9vgc2023regulatione-2000186455","p1":"Ilovestrangerteams","p2":"xingshen","format":"[Gen 9] VGC 2023 Regulation E","log":"|j|\u2606Ilovestrangerteams\n|j|\u2606xingshen\n|t:|1701169176\n|gametype|doubles\n|player|p1|Ilovestrangerteams|hiker-gen4|1301\n|player|p2|xingshen|101|1338\n|teamsize|p1|6\n|teamsize|p2|6\n|gen|9\n|tier|[Gen 9] VGC 2023 Regulation E\n|rated|\n|rule|Species Clause: Limit one of each Pok\u00e9mon\n|rule|Item Clause: Limit one of each item\n|clearpoke\n|poke|p1|Gliscor, L50, F|\n|poke|p1|Clefairy, L50, F|\n|poke|p1|Arcanine-Hisui, L50, F|\n|poke|p1|Ogerpon-Wellspring, L50, F|\n|poke|p1|Iron Bundle, L50|\n|poke|p1|Ninetales-Alola, L50, M|\n|poke|p2|Indeedee-F, L50, F|\n|poke|p2|Sneasler, L50, F|\n|poke|p2|Salamence, L50, M|\n|poke|p2|Gholdengo, L50|\n|poke|p2|Ogerpon-Wellspring, L50, F|\n|poke|p2|Urshifu-*, L50, F|\n|teampreview|4\n|inactive|Battle timer is ON: inactive players will automatically lose when time's up. (requested by Ilovestrangerteams)\n|\n|t:|1701169202\n|start\n|switch|p1a: Gliscor|Gliscor, L50, F|100\/100\n|switch|p1b: Clefairy|Clefairy, L50, F|100\/100\n|switch|p2a: Indeedee|Indeedee-F, L50, F|100\/100\n|switch|p2b: Salamence|Salamence, L50, M|100\/100\n|-ability|p2b: Salamence|Intimidate|boost\n|-unboost|p1a: Gliscor|atk|1\n|-unboost|p1b: Clefairy|atk|1\n|-fieldstart|move: Psychic Terrain|[from] ability: Psychic Surge|[of] p2a: Indeedee\n|turn|1\n|\n|t:|1701169221\n|move|p2b: Salamence|Tailwind|p2b: Salamence\n|-sidestart|p2: xingshen|move: Tailwind\n|move|p2a: Indeedee|Imprison|p2a: Indeedee\n|-start|p2a: Indeedee|move: Imprison\n|move|p1a: Gliscor|Harden|p1a: Gliscor\n|-boost|p1a: Gliscor|def|1\n|move|p1b: Clefairy|Dazzling Gleam|p2b: Salamence|[spread] p2a,p2b\n|-crit|p2a: Indeedee\n|-supereffective|p2b: Salamence\n|-damage|p2a: Indeedee|78\/100\n|-damage|p2b: Salamence|69\/100\n|\n|-status|p1a: Gliscor|tox|[from] item: Toxic Orb\n|upkeep\n|turn|2\n|inactive|xingshen has 30 seconds left.\n|\n|t:|1701169255\n|switch|p2b: Gholdengo|Gholdengo, L50|100\/100\n|move|p2a: Indeedee|Follow Me|p2a: Indeedee\n|-singleturn|p2a: Indeedee|move: Follow Me\n|move|p1a: Gliscor|Harden|p1a: Gliscor\n|-boost|p1a: Gliscor|def|1\n|move|p1b: Clefairy|Dazzling Gleam|p2a: Indeedee|[spread] p2a,p2b\n|-resisted|p2b: Gholdengo\n|-damage|p2a: Indeedee|64\/100\n|-damage|p2b: Gholdengo|93\/100\n|\n|-heal|p2b: Gholdengo|99\/100|[from] item: Leftovers\n|upkeep\n|turn|3\n|\n|t:|1701169276\n|move|p2a: Indeedee|Follow Me|p2a: Indeedee\n|-singleturn|p2a: Indeedee|move: Follow Me\n|move|p2b: Gholdengo|Nasty Plot|p2b: Gholdengo\n|-boost|p2b: Gholdengo|spa|2\n|move|p1a: Gliscor|High Horsepower|p2a: Indeedee\n|-damage|p2a: Indeedee|44\/100\n|move|p1b: Clefairy|Dazzling Gleam|p2a: Indeedee|[spread] p2a,p2b\n|-resisted|p2b: Gholdengo\n|-damage|p2a: Indeedee|30\/100\n|-damage|p2b: Gholdengo|91\/100\n|\n|-heal|p2b: Gholdengo|97\/100|[from] item: Leftovers\n|upkeep\n|turn|4\n|\n|t:|1701169295\n|switch|p1b: Iron Bundle|Iron Bundle, L50|100\/100\n|move|p2a: Indeedee|Follow Me|p2a: Indeedee\n|-singleturn|p2a: Indeedee|move: Follow Me\n|move|p2b: Gholdengo|Nasty Plot|p2b: Gholdengo\n|-boost|p2b: Gholdengo|spa|2\n|move|p1a: Gliscor|High Horsepower|p2a: Indeedee\n|-damage|p2a: Indeedee|9\/100\n|-enditem|p2a: Indeedee|Aguav Berry|[eat]\n|-heal|p2a: Indeedee|42\/100|[from] item: Aguav Berry\n|\n|-heal|p2b: Gholdengo|100\/100|[from] item: Leftovers\n|-sideend|p2: xingshen|move: Tailwind\n|upkeep\n|turn|5\n|\n|t:|1701169317\n|-terastallize|p2b: Gholdengo|Steel\n|move|p2a: Indeedee|Follow Me|p2a: Indeedee\n|-singleturn|p2a: Indeedee|move: Follow Me\n|move|p1b: Iron Bundle|Icy Wind|p2a: Indeedee|[spread] p2a,p2b\n|-resisted|p2b: Gholdengo\n|-damage|p2a: Indeedee|13\/100\n|-damage|p2b: Gholdengo|84\/100\n|-unboost|p2a: Indeedee|spe|1\n|-unboost|p2b: Gholdengo|spe|1\n|move|p1a: Gliscor|High Horsepower|p2a: Indeedee\n|-damage|p2a: Indeedee|0 fnt\n|faint|p2a: Indeedee\n|move|p2b: Gholdengo|Make It Rain|p1a: Gliscor|[spread] p1a,p1b\n|-damage|p1a: Gliscor|0 fnt\n|-damage|p1b: Iron Bundle|0 fnt\n|-unboost|p2b: Gholdengo|spa|1\n|faint|p1a: Gliscor\n|faint|p1b: Iron Bundle\n|-end|p1b: Iron Bundle|Quark Drive|[silent]\n|\n|-heal|p2b: Gholdengo|90\/100|[from] item: Leftovers\n|-fieldend|move: Psychic Terrain\n|upkeep\n|\n|t:|1701169341\n|switch|p1b: Arcanine|Arcanine-Hisui, L50, F|100\/100\n|switch|p1a: Clefairy|Clefairy, L50, F|100\/100\n|switch|p2a: Salamence|Salamence, L50, M|69\/100\n|-ability|p2a: Salamence|Intimidate|boost\n|-unboost|p1a: Clefairy|atk|1\n|-unboost|p1b: Arcanine|atk|1\n|-ability|p1b: Arcanine|Intimidate|boost\n|-unboost|p2a: Salamence|atk|1\n|-unboost|p2b: Gholdengo|atk|1\n|turn|6\n|\n|t:|1701169355\n|move|p2b: Gholdengo|Protect|p2b: Gholdengo\n|-singleturn|p2b: Gholdengo|Protect\n|move|p2a: Salamence|Tailwind|p2a: Salamence\n|-sidestart|p2: xingshen|move: Tailwind\n|move|p1b: Arcanine|Rock Slide|p2a: Salamence|[spread] p2a\n|-activate|p2b: Gholdengo|move: Protect\n|-supereffective|p2a: Salamence\n|-damage|p2a: Salamence|27\/100\n|move|p1a: Clefairy|Dazzling Gleam|p2b: Gholdengo|[spread] p2a\n|-activate|p2b: Gholdengo|move: Protect\n|-supereffective|p2a: Salamence\n|-damage|p2a: Salamence|0 fnt\n|faint|p2a: Salamence\n|\n|-heal|p2b: Gholdengo|96\/100|[from] item: Leftovers\n|upkeep\n|\n|t:|1701169373\n|switch|p2a: Sneasler|Sneasler, L50, F|100\/100\n|turn|7\n|\n|t:|1701169381\n|move|p1a: Clefairy|Follow Me|p1a: Clefairy\n|-singleturn|p1a: Clefairy|move: Follow Me\n|move|p2a: Sneasler|Dire Claw|p1a: Clefairy\n|-supereffective|p1a: Clefairy\n|-damage|p1a: Clefairy|21\/100\n|move|p2b: Gholdengo|Make It Rain|p1b: Arcanine|[spread] p1a,p1b\n|-supereffective|p1a: Clefairy\n|-damage|p1a: Clefairy|0 fnt\n|-damage|p1b: Arcanine|0 fnt\n|-unboost|p2b: Gholdengo|spa|1\n|faint|p1a: Clefairy\n|faint|p1b: Arcanine\n|\n|win|xingshen\n|raw|Ilovestrangerteams's rating: 1301 &rarr; <strong>1283<\/strong><br \/>(-18 for losing)\n|raw|xingshen's rating: 1338 &rarr; <strong>1356<\/strong><br \/>(+18 for winning)\n|l|\u2606Ilovestrangerteams\n","uploadtime":1701169398,"views":4,"p1id":"ilovestrangerteams","p2id":"xingshen","formatid":"gen9vgc2023regulatione","rating":1283,"private":0,"password":""}