{"id":"gen9vgc2023regulatione-1998382838","p1":"SquirtleK","p2":"meesterkrebs","format":"[Gen 9] VGC 2023 Regulation E","log":"|j|\u2606SquirtleK\n|j|\u2606meesterkrebs\n|t:|1700936128\n|gametype|doubles\n|player|p1|SquirtleK|pokekid|1208\n|player|p2|meesterkrebs|steven|1236\n|teamsize|p1|6\n|teamsize|p2|6\n|gen|9\n|tier|[Gen 9] VGC 2023 Regulation E\n|rated|\n|rule|Species Clause: Limit one of each Pok\u00e9mon\n|rule|Item Clause: Limit one of each item\n|clearpoke\n|poke|p1|Chien-Pao, L50|\n|poke|p1|Chi-Yu, L50|\n|poke|p1|Roaring Moon, L50|\n|poke|p1|Dragapult, L50, M|\n|poke|p1|Arcanine-Hisui, L50, F|\n|poke|p1|Flutter Mane, L50|\n|poke|p2|Urshifu-*, L50, F|\n|poke|p2|Gholdengo, L50|\n|poke|p2|Arcanine, L50, M|\n|poke|p2|Rillaboom, L50, F|\n|poke|p2|Sableye, L50, F|\n|poke|p2|Roaring Moon, L50|\n|teampreview|4\n|inactive|Battle timer is ON: inactive players will automatically lose when time's up. (requested by SquirtleK)\n|inactive|meesterkrebs has 60 seconds left.\n|inactive|meesterkrebs has 30 seconds left.\n|inactive|meesterkrebs has 20 seconds left.\n|\n|t:|1700936202\n|start\n|switch|p1a: Roaring Moon|Roaring Moon, L50|100\/100\n|switch|p1b: Chi-Yu|Chi-Yu, L50|100\/100\n|switch|p2a: Gholdengo|Gholdengo, L50|100\/100\n|switch|p2b: Rillaboom|Rillaboom, L50, F|100\/100\n|-ability|p1b: Chi-Yu|Beads of Ruin\n|-fieldstart|move: Grassy Terrain|[from] ability: Grassy Surge|[of] p2b: Rillaboom\n|-enditem|p1a: Roaring Moon|Booster Energy\n|-activate|p1a: Roaring Moon|ability: Protosynthesis|[fromitem]\n|-start|p1a: Roaring Moon|protosynthesisspe\n|turn|1\n|\n|t:|1700936218\n|-terastallize|p1b: Chi-Yu|Ghost\n|move|p2b: Rillaboom|Fake Out|p1b: Chi-Yu\n|-immune|p1b: Chi-Yu\n|move|p1a: Roaring Moon|Tailwind|p1a: Roaring Moon\n|-sidestart|p1: SquirtleK|move: Tailwind\n|move|p1b: Chi-Yu|Heat Wave|p2a: Gholdengo|[spread] p2a,p2b\n|-supereffective|p2a: Gholdengo\n|-supereffective|p2b: Rillaboom\n|-damage|p2a: Gholdengo|0 fnt\n|-damage|p2b: Rillaboom|0 fnt\n|faint|p2a: Gholdengo\n|faint|p2b: Rillaboom\n|\n|upkeep\n|c|\u2606meesterkrebs|lol\n|\n|t:|1700936231\n|switch|p2a: Urshifu|Urshifu-Rapid-Strike, L50, F|100\/100\n|switch|p2b: Arcanine|Arcanine, L50, M|100\/100\n|-ability|p2b: Arcanine|Intimidate|boost\n|-unboost|p1a: Roaring Moon|atk|1\n|-unboost|p1b: Chi-Yu|atk|1\n|turn|2\n|inactive|meesterkrebs has 30 seconds left.\n|\n|t:|1700936256\n|switch|p1b: Dragapult|Dragapult, L50, M|100\/100\n|-terastallize|p2a: Urshifu|Water\n|move|p1a: Roaring Moon|Acrobatics|p2a: Urshifu\n|-damage|p2a: Urshifu|77\/100\n|move|p2b: Arcanine|Howl|p2b: Arcanine|[spread] p2a,p2b\n|-boost|p2a: Urshifu|atk|1\n|-boost|p2b: Arcanine|atk|1\n|move|p2a: Urshifu|Surging Strikes|p1b: Dragapult\n|-resisted|p1b: Dragapult\n|-crit|p1b: Dragapult\n|-damage|p1b: Dragapult|66\/100\n|-resisted|p1b: Dragapult\n|-crit|p1b: Dragapult\n|-damage|p1b: Dragapult|29\/100\n|-resisted|p1b: Dragapult\n|-crit|p1b: Dragapult\n|-damage|p1b: Dragapult|0 fnt\n|faint|p1b: Dragapult\n|-hitcount|p1: Dragapult|3\n|\n|-heal|p2a: Urshifu|83\/100|[from] Grassy Terrain\n|upkeep\n|\n|t:|1700936276\n|switch|p1b: Chien-Pao|Chien-Pao, L50|100\/100\n|-ability|p1b: Chien-Pao|Sword of Ruin\n|turn|3\n|\n|t:|1700936294\n|move|p1b: Chien-Pao|Sucker Punch||[still]\n|-fail|p1b: Chien-Pao\n|move|p1a: Roaring Moon|Breaking Swipe|p2b: Arcanine|[spread] p2a,p2b\n|-damage|p2a: Urshifu|66\/100\n|-damage|p2b: Arcanine|77\/100\n|-unboost|p2a: Urshifu|atk|1\n|-unboost|p2b: Arcanine|atk|1\n|move|p2b: Arcanine|Howl|p2b: Arcanine|[spread] p2a,p2b\n|-boost|p2a: Urshifu|atk|1\n|-boost|p2b: Arcanine|atk|1\n|move|p2a: Urshifu|Surging Strikes|p1b: Chien-Pao\n|-crit|p1b: Chien-Pao\n|-damage|p1b: Chien-Pao|36\/100\n|-crit|p1b: Chien-Pao\n|-damage|p1b: Chien-Pao|0 fnt\n|faint|p1b: Chien-Pao\n|-hitcount|p1: Chien-Pao|2\n|\n|-heal|p2b: Arcanine|83\/100|[from] Grassy Terrain\n|-heal|p2a: Urshifu|72\/100|[from] Grassy Terrain\n|upkeep\n|\n|t:|1700936304\n|switch|p1b: Chi-Yu|Chi-Yu, L50, tera:Ghost|100\/100\n|-ability|p1b: Chi-Yu|Beads of Ruin\n|turn|4\n|inactive|meesterkrebs has 30 seconds left.\n|\n|t:|1700936338\n|move|p2a: Urshifu|Aqua Jet|p1b: Chi-Yu\n|-damage|p1b: Chi-Yu|37\/100\n|move|p1a: Roaring Moon|Breaking Swipe|p2b: Arcanine|[spread] p2a,p2b\n|-crit|p2b: Arcanine\n|-damage|p2a: Urshifu|57\/100\n|-damage|p2b: Arcanine|43\/100\n|-unboost|p2a: Urshifu|atk|1\n|-unboost|p2b: Arcanine|atk|1\n|-enditem|p2b: Arcanine|Sitrus Berry|[eat]\n|-heal|p2b: Arcanine|68\/100|[from] item: Sitrus Berry\n|move|p1b: Chi-Yu|Dark Pulse|p2a: Urshifu\n|-damage|p2a: Urshifu|0 fnt\n|faint|p2a: Urshifu\n|move|p2b: Arcanine|Howl|p2b: Arcanine\n|-boost|p2b: Arcanine|atk|1\n|\n|-heal|p1b: Chi-Yu|44\/100|[from] Grassy Terrain\n|-heal|p2b: Arcanine|74\/100|[from] Grassy Terrain\n|-sideend|p1: SquirtleK|move: Tailwind\n|upkeep\n|turn|5\n|\n|t:|1700936360\n|move|p1a: Roaring Moon|Acrobatics|p2b: Arcanine\n|-damage|p2b: Arcanine|45\/100\n|move|p1b: Chi-Yu|Dark Pulse|p2b: Arcanine\n|-damage|p2b: Arcanine|0 fnt\n|faint|p2b: Arcanine\n|\n|win|SquirtleK\n|raw|SquirtleK's rating: 1208 &rarr; <strong>1235<\/strong><br \/>(+27 for winning)\n|raw|meesterkrebs's rating: 1236 &rarr; <strong>1209<\/strong><br \/>(-27 for losing)\n|l|\u2606SquirtleK\n","uploadtime":1700936370,"views":1,"p1id":"squirtlek","p2id":"meesterkrebs","formatid":"gen9vgc2023regulatione","rating":1209,"private":0,"password":""}