{"id":"gen9vgc2023regulatione-1989143971","p1":"EpicDadGrillFail","p2":"Jadedragon61","format":"[Gen 9] VGC 2023 Regulation E","log":"|j|\u2606EpicDadGrillFail\n|j|\u2606Jadedragon61\n|n|\u2606EpicDadGrillFail|epicdadgrillfail\n|n|\u2606Jadedragon61|jadedragon61\n|html|View the match progress at <a href=\"\/game-bestof3-gen9vgc2023regulatione-1989139556\">game-bestof3-gen9vgc2023regulatione-1989139556<\/a>\n|t:|1699816909\n|gametype|doubles\n|player|p1|EpicDadGrillFail|guzma|\n|player|p2|Jadedragon61|colress|\n|teamsize|p1|6\n|teamsize|p2|6\n|gen|9\n|tier|[Gen 9] VGC 2023 Regulation E\n|rule|Species Clause: Limit one of each Pok\u00e9mon\n|rule|Item Clause: Limit one of each item\n|clearpoke\n|poke|p1|Moltres, L50|\n|poke|p1|Rotom-Mow, L50|\n|poke|p1|Azumarill, L50, M|\n|poke|p1|Kingambit, L50, M|\n|poke|p1|Cyclizar, L50, F|\n|poke|p1|Qwilfish-Hisui, L50, F|\n|poke|p2|Amoonguss, L50, F|\n|poke|p2|Tyranitar, L50, F|\n|poke|p2|Lycanroc, L50, F|\n|poke|p2|Salamence, L50, M|\n|poke|p2|Toxapex, L50, M|\n|poke|p2|Impidimp, L50, M|\n|teampreview|4\n|j| OmegaAlpha01\n|c|\u2606Jadedragon61|glhf\n|c|\u2606EpicDadGrillFail|frlg\n|\n|t:|1699816979\n|start\n|switch|p1a: Cyclizar|Cyclizar, L50, F|100\/100\n|switch|p1b: Azumarill|Azumarill, L50, M|100\/100\n|switch|p2a: 2Birds|Tyranitar, L50, F, shiny|100\/100\n|switch|p2b: No defiant pleeee|Salamence, L50, M, shiny|100\/100\n|-ability|p2b: No defiant pleeee|Intimidate|boost\n|-unboost|p1a: Cyclizar|atk|1\n|-unboost|p1b: Azumarill|atk|1\n|-weather|Sandstorm|[from] ability: Sand Stream|[of] p2a: 2Birds\n|turn|1\n|c| OmegaAlpha01|This is the test\n|c| OmegaAlpha01|of whether he committed to the bit\n|\n|t:|1699817015\n|switch|p2a: *insert bad joke*|Amoonguss, L50, F, shiny|100\/100\n|move|p2b: No defiant pleeee|Draco Meteor|p1a: Cyclizar\n|-supereffective|p1a: Cyclizar\n|-damage|p1a: Cyclizar|0 fnt\n|-unboost|p2b: No defiant pleeee|spa|2\n|faint|p1a: Cyclizar\n|move|p1b: Azumarill|Metronome|p1b: Azumarill\n|move|p1b: Azumarill|Sleep Powder|p2a: *insert bad joke*|[from]move: Metronome\n|-immune|p2a: *insert bad joke*\n|\n|-weather|Sandstorm|[upkeep]\n|-damage|p2b: No defiant pleeee|94\/100|[from] Sandstorm\n|-damage|p1b: Azumarill|95\/100|[from] Sandstorm\n|-damage|p2a: *insert bad joke*|95\/100|[from] Sandstorm\n|upkeep\n|c|\u2606Jadedragon61|no way\n|\n|t:|1699817029\n|switch|p1a: Kingambit|Kingambit, L50, M|100\/100\n|turn|2\n|\n|t:|1699817041\n|switch|p2b: 2Birds|Tyranitar, L50, F, shiny|100\/100\n|-terastallize|p1a: Kingambit|Fairy\n|move|p1a: Kingambit|Guillotine|p2a: *insert bad joke*\n|-damage|p2a: *insert bad joke*|0 fnt\n|faint|p2a: *insert bad joke*\n|-ohko\n|move|p1b: Azumarill|Metronome|p1b: Azumarill\n|move|p1b: Azumarill|Recycle||[from]move: Metronome|[still]\n|-fail|p1b: Azumarill\n|\n|-weather|Sandstorm|[upkeep]\n|-damage|p1a: Kingambit|94\/100|[from] Sandstorm\n|-damage|p1b: Azumarill|89\/100|[from] Sandstorm\n|upkeep\n|c|\u2606Jadedragon61|alright mr qwert\n|c|\u2606EpicDadGrillFail|NO SHOT\n|\n|t:|1699817057\n|switch|p2a: Singles McGee|Toxapex, L50, M, shiny|100\/100\n|turn|3\n|c| OmegaAlpha01|THEY COMMITTED\n|c|\u2606EpicDadGrillFail|wait til you see the set\n|j| Pokemon_and_beer\n|\n|t:|1699817077\n|move|p2b: 2Birds|Protect|p2b: 2Birds\n|-singleturn|p2b: 2Birds|Protect\n|move|p1a: Kingambit|Guillotine|p2a: Singles McGee\n|-damage|p2a: Singles McGee|0 fnt\n|faint|p2a: Singles McGee\n|-ohko\n|move|p1b: Azumarill|Metronome|p1b: Azumarill\n|move|p1b: Azumarill|Mean Look|p2b: 2Birds|[from]move: Metronome\n|-activate|p2b: 2Birds|trapped\n|\n|-weather|Sandstorm|[upkeep]\n|-damage|p1a: Kingambit|88\/100|[from] Sandstorm\n|-damage|p1b: Azumarill|83\/100|[from] Sandstorm\n|upkeep\n|c|\u2606EpicDadGrillFail|I WANT TO MISS\n|c|\u2606Jadedragon61|im sorry what\n|c|\u2606EpicDadGrillFail|WHAT IS THIS\n|\n|t:|1699817090\n|switch|p2a: No defiant pleeee|Salamence, L50, M, shiny|94\/100\n|-ability|p2a: No defiant pleeee|Intimidate|boost\n|-unboost|p1a: Kingambit|atk|1\n|-ability|p1a: Kingambit|Defiant|boost\n|-boost|p1a: Kingambit|atk|2\n|-unboost|p1b: Azumarill|atk|1\n|turn|4\n|\n|t:|1699817122\n|-terastallize|p2b: 2Birds|Fighting\n|move|p2a: No defiant pleeee|Hurricane|p1a: Kingambit\n|-damage|p1a: Kingambit|27\/100\n|-start|p1a: Kingambit|confusion\n|-activate|p1a: Kingambit|confusion\n|move|p1a: Kingambit|Guillotine|p2b: 2Birds\n|-damage|p2b: 2Birds|0 fnt\n|faint|p2b: 2Birds\n|-ohko\n|move|p1b: Azumarill|Metronome|p1b: Azumarill\n|move|p1b: Azumarill|Whirlpool|p2a: No defiant pleeee|[from]move: Metronome\n|-resisted|p2a: No defiant pleeee\n|-damage|p2a: No defiant pleeee|90\/100\n|-activate|p2a: No defiant pleeee|move: Whirlpool|[of] p1b: Azumarill\n|\n|-weather|Sandstorm|[upkeep]\n|-damage|p2a: No defiant pleeee|84\/100|[from] Sandstorm\n|-damage|p1a: Kingambit|21\/100|[from] Sandstorm\n|-damage|p1b: Azumarill|77\/100|[from] Sandstorm\n|-damage|p2a: No defiant pleeee|71\/100|[from] move: Whirlpool|[partiallytrapped]\n|upkeep\n|turn|5\n|c|\u2606EpicDadGrillFail|WHAT\n|c|\u2606Jadedragon61|no wayu\n|c|\u2606EpicDadGrillFail|THE FUCK\n|c| OmegaAlpha01|4\/4 LESS GOOOO\n|c| OmegaAlpha01|DO IT AGAIN\n|c|\u2606Jadedragon61|this is the most cale match of all time\n|c|\u2606EpicDadGrillFail|nah we are doing a game 3\n|c|\u2606Jadedragon61|3 guillotines\n|c|\u2606Jadedragon61|my god\n|c|\u2606EpicDadGrillFail|i'm not letting myself get away with this\n|c|\u2606Jadedragon61|gg i guess\n|\n|t:|1699817191\n|move|p2a: No defiant pleeee|Hurricane|p1b: Azumarill\n|-damage|p1b: Azumarill|19\/100\n|-start|p1b: Azumarill|confusion\n|-activate|p1a: Kingambit|confusion\n|-damage|p1a: Kingambit|3\/100|[from] confusion\n|-activate|p1b: Azumarill|confusion\n|-damage|p1b: Azumarill|15\/100|[from] confusion\n|\n|-weather|none\n|-damage|p2a: No defiant pleeee|59\/100|[from] move: Whirlpool|[partiallytrapped]\n|upkeep\n|turn|6\n|\n|t:|1699817202\n|move|p2a: No defiant pleeee|Hurricane|p1b: Azumarill|[miss]\n|-miss|p2a: No defiant pleeee|p1b: Azumarill\n|-end|p1a: Kingambit|confusion\n|move|p1a: Kingambit|Guillotine|p2a: No defiant pleeee|[miss]\n|-miss|p1a: Kingambit|p2a: No defiant pleeee\n|-end|p1b: Azumarill|confusion\n|move|p1b: Azumarill|Metronome|p1b: Azumarill\n|move|p1b: Azumarill|Psychic|p2a: No defiant pleeee|[from]move: Metronome\n|-damage|p2a: No defiant pleeee|43\/100\n|\n|-damage|p2a: No defiant pleeee|31\/100|[from] move: Whirlpool|[partiallytrapped]\n|upkeep\n|turn|7\n|c|\u2606Jadedragon61|im going to die to whirlpool\n|-message|EpicDadGrillFail forfeited.\n|\n|win|Jadedragon61\n|c|\u2606EpicDadGrillFail|g3\n|c|&|\/uhtml prompt-epicdadgrillfail,EpicDadGrillFail is ready for game 3!\n|c|\u2606Jadedragon61|lmao\n|inactive|Jadedragon61 has 50 seconds to confirm battle start!\n|l| OmegaAlpha01\n|c|&|\/uhtml prompt-jadedragon61,Jadedragon61 is ready for game 3!\nBoth players are ready! Starting next match!\n|l| Pokemon_and_beer\n|j| Pokemon_and_beer\n|j| OmegaAlpha01\n|l| OmegaAlpha01\n|l| Pokemon_and_beer\n","uploadtime":1699817895,"views":37,"p1id":"epicdadgrillfail","p2id":"jadedragon61","formatid":"gen9vgc2023regulatione","rating":0,"private":0,"password":""}