{"id":"gen9vgc2023regulatione-1991632091","p1":"Spearstorms","p2":"xatudrip","format":"[Gen 9] VGC 2023 Regulation E","log":"|j|\u2606Spearstorms\n|j|\u2606xatudrip\n|n|\u2606Spearstorms|spearstorms\n|n|\u2606xatudrip|xatudrip\n|html|View the match progress at <a href=\"\/game-bestof3-gen9vgc2023regulatione-1991629986\">game-bestof3-gen9vgc2023regulatione-1991629986<\/a>\n|t:|1700096382\n|gametype|doubles\n|player|p1|Spearstorms|102|\n|player|p2|xatudrip|clair|\n|teamsize|p1|6\n|teamsize|p2|6\n|gen|9\n|tier|[Gen 9] VGC 2023 Regulation E\n|rule|Species Clause: Limit one of each Pok\u00e9mon\n|rule|Item Clause: Limit one of each item\n|clearpoke\n|poke|p1|Rillaboom, L50, M|\n|poke|p1|Urshifu-*, L50, M|\n|poke|p1|Ninetales-Alola, L50, F|\n|poke|p1|Articuno, L50|\n|poke|p1|Arcanine, L50, M|\n|poke|p1|Ogerpon-Cornerstone, L50, F|\n|poke|p2|Tornadus, L50, M|\n|poke|p2|Sinistcha-Masterpiece, L50|\n|poke|p2|Baxcalibur, L50, F|\n|poke|p2|Abomasnow, L50, M|\n|poke|p2|Mienshao, L50, M|\n|poke|p2|Ribombee, L50, F|\n|teampreview|4\nSpearstorms has agreed to open team sheets.\n|\n|t:|1700096419\n|start\n|switch|p1a: Ninetales|Ninetales-Alola, L50, F|100\/100\n|switch|p1b: Articuno|Articuno, L50|100\/100\n|switch|p2a: Sinistcha|Sinistcha-Masterpiece, L50|100\/100\n|switch|p2b: Baxcalibur|Baxcalibur, L50, F|100\/100\n|-weather|Snow|[from] ability: Snow Warning|[of] p1a: Ninetales\n|turn|1\n|\n|t:|1700096445\n|-terastallize|p2b: Baxcalibur|Steel\n|move|p2a: Sinistcha|Protect|p2a: Sinistcha\n|-singleturn|p2a: Sinistcha|Protect\n|move|p1a: Ninetales|Aurora Veil|p1a: Ninetales\n|-sidestart|p1: Spearstorms|move: Aurora Veil\n|move|p2b: Baxcalibur|Icicle Spear|p1b: Articuno|[miss]\n|-miss|p2b: Baxcalibur|p1b: Articuno\n|move|p1b: Articuno|Blizzard|p2b: Baxcalibur|[spread] p2b\n|-activate|p2a: Sinistcha|move: Protect\n|-resisted|p2b: Baxcalibur\n|-damage|p2b: Baxcalibur|83\/100\n|\n|-weather|Snow|[upkeep]\n|-heal|p2b: Baxcalibur|89\/100|[from] ability: Ice Body\n|upkeep\n|turn|2\n|\n|t:|1700096472\n|switch|p1a: Arcanine|Arcanine, L50, M|100\/100\n|-ability|p1a: Arcanine|Intimidate|boost\n|-unboost|p2a: Sinistcha|atk|1\n|-unboost|p2b: Baxcalibur|atk|1\n|switch|p2a: Abomasnow|Abomasnow, L50, M|100\/100\n|move|p2b: Baxcalibur|Dragon Dance|p2b: Baxcalibur\n|-boost|p2b: Baxcalibur|atk|1\n|-boost|p2b: Baxcalibur|spe|1\n|move|p1b: Articuno|Blizzard|p2a: Abomasnow|[spread] p2a,p2b\n|-resisted|p2b: Baxcalibur\n|-damage|p2a: Abomasnow|76\/100\n|-damage|p2b: Baxcalibur|72\/100\n|\n|-weather|Snow|[upkeep]\n|-heal|p2b: Baxcalibur|77\/100|[from] ability: Ice Body\n|upkeep\n|turn|3\n|\n|t:|1700096498\n|move|p2b: Baxcalibur|Scale Shot|p1a: Arcanine\n|-damage|p1a: Arcanine|89\/100\n|-damage|p1a: Arcanine|78\/100\n|-damage|p1a: Arcanine|65\/100\n|-damage|p1a: Arcanine|54\/100\n|-damage|p1a: Arcanine|42\/100\n|-hitcount|p1a: Arcanine|5\n|-unboost|p2b: Baxcalibur|def|1\n|-boost|p2b: Baxcalibur|spe|1\n|move|p1a: Arcanine|Flare Blitz|p2a: Abomasnow\n|-supereffective|p2a: Abomasnow\n|-damage|p2a: Abomasnow|0 fnt\n|faint|p2a: Abomasnow\n|-damage|p1a: Arcanine|17\/100|[from] Recoil\n|move|p1b: Articuno|Haze|p1b: Articuno\n|-clearallboost\n|\n|-weather|Snow|[upkeep]\n|-heal|p2b: Baxcalibur|83\/100|[from] ability: Ice Body\n|upkeep\n|\n|t:|1700096521\n|switch|p2a: Ribombee|Ribombee, L50, F|100\/100\n|turn|4\n|\n|t:|1700096565\n|switch|p1a: Ninetales|Ninetales-Alola, L50, F|100\/100\n|move|p2a: Ribombee|Bug Buzz|p1a: Ninetales\n|-resisted|p1a: Ninetales\n|-damage|p1a: Ninetales|83\/100\n|move|p2b: Baxcalibur|Scale Shot|p1b: Articuno\n|-damage|p1b: Articuno|94\/100\n|-damage|p1b: Articuno|87\/100\n|-damage|p1b: Articuno|81\/100\n|-damage|p1b: Articuno|75\/100\n|-hitcount|p1b: Articuno|4\n|-unboost|p2b: Baxcalibur|def|1\n|-boost|p2b: Baxcalibur|spe|1\n|move|p1b: Articuno|Blizzard|p2a: Ribombee|[spread] p2a,p2b\n|-resisted|p2b: Baxcalibur\n|-damage|p2a: Ribombee|46\/100\n|-damage|p2b: Baxcalibur|66\/100\n|-status|p2a: Ribombee|frz\n|\n|-weather|Snow|[upkeep]\n|-heal|p2b: Baxcalibur|72\/100|[from] ability: Ice Body\n|upkeep\n|turn|5\n|c|\u2606xatudrip|\ud83d\udc4e\n|\n|t:|1700096605\n|cant|p2a: Ribombee|frz\n|move|p2b: Baxcalibur|Icicle Spear|p1b: Articuno\n|-damage|p1b: Articuno|69\/100\n|-damage|p1b: Articuno|63\/100\n|-damage|p1b: Articuno|57\/100\n|-crit|p1b: Articuno\n|-damage|p1b: Articuno|42\/100\n|-hitcount|p1b: Articuno|4\n|move|p1a: Ninetales|Moonblast|p2b: Baxcalibur\n|-resisted|p2b: Baxcalibur\n|-damage|p2b: Baxcalibur|52\/100\n|move|p1b: Articuno|Blizzard|p2a: Ribombee|[spread] p2a,p2b\n|-crit|p2a: Ribombee\n|-resisted|p2b: Baxcalibur\n|-damage|p2a: Ribombee|0 fnt\n|-damage|p2b: Baxcalibur|35\/100\n|faint|p2a: Ribombee\n|\n|-weather|none\n|-sideend|p1: Spearstorms|move: Aurora Veil\n|upkeep\n|\n|t:|1700096624\n|switch|p2a: Sinistcha|Sinistcha-Masterpiece, L50|100\/100\n|-heal|p2b: Baxcalibur|59\/100|[from] ability: Hospitality|[of] p2a: Sinistcha\n|turn|6\n|\n|t:|1700096641\n|switch|p1a: Arcanine|Arcanine, L50, M|17\/100\n|-ability|p1a: Arcanine|Intimidate|boost\n|-unboost|p2a: Sinistcha|atk|1\n|-unboost|p2b: Baxcalibur|atk|1\n|move|p2b: Baxcalibur|Scale Shot|p1b: Articuno\n|-damage|p1b: Articuno|32\/100\n|-crit|p1b: Articuno\n|-damage|p1b: Articuno|11\/100\n|-damage|p1b: Articuno|1\/100\n|-damage|p1b: Articuno|0 fnt\n|faint|p1b: Articuno\n|-hitcount|p1: Articuno|4\n|-unboost|p2b: Baxcalibur|def|1\n|-boost|p2b: Baxcalibur|spe|1\n|move|p2a: Sinistcha|Matcha Gotcha|p1a: Arcanine\n|-resisted|p1a: Arcanine\n|-damage|p1a: Arcanine|6\/100\n|\n|upkeep\n|\n|t:|1700096658\n|switch|p1b: Ninetales|Ninetales-Alola, L50, F|83\/100\n|-weather|Snow|[from] ability: Snow Warning|[of] p1b: Ninetales\n|turn|7\n|\n|t:|1700096678\n|move|p2a: Sinistcha|Protect|p2a: Sinistcha\n|-singleturn|p2a: Sinistcha|Protect\n|move|p1a: Arcanine|Extreme Speed|p2b: Baxcalibur\n|-resisted|p2b: Baxcalibur\n|-damage|p2b: Baxcalibur|33\/100\n|move|p2b: Baxcalibur|Icicle Spear|p1a: Arcanine\n|-resisted|p1a: Arcanine\n|-damage|p1a: Arcanine|0 fnt\n|faint|p1a: Arcanine\n|-hitcount|p1: Arcanine|1\n|move|p1b: Ninetales|Freeze-Dry|p2b: Baxcalibur\n|-resisted|p2b: Baxcalibur\n|-crit|p2b: Baxcalibur\n|-damage|p2b: Baxcalibur|10\/100\n|\n|-weather|Snow|[upkeep]\n|-heal|p2b: Baxcalibur|16\/100|[from] ability: Ice Body\n|upkeep\n|\n|t:|1700096685\n|switch|p1a: Ogerpon|Ogerpon-Cornerstone, L50, F|100\/100\n|turn|8\n|\n|t:|1700096700\n|-terastallize|p1a: Ogerpon|Rock\n|detailschange|p1a: Ogerpon|Ogerpon-Cornerstone-Tera, L50, F, tera:Rock\n|-ability|p1a: Ogerpon|Embody Aspect (Cornerstone)|boost\n|-boost|p1a: Ogerpon|def|1\n|move|p2b: Baxcalibur|Protect|p2b: Baxcalibur\n|-singleturn|p2b: Baxcalibur|Protect\n|move|p1a: Ogerpon|Ivy Cudgel|p2a: Sinistcha|[anim] Ivy Cudgel Rock\n|-damage|p2a: Sinistcha|47\/100\n|move|p1b: Ninetales|Moonblast|p2b: Baxcalibur\n|-activate|p2b: Baxcalibur|move: Protect\n|move|p2a: Sinistcha|Matcha Gotcha|p1b: Ninetales|[spread] p1a,p1b\n|-supereffective|p1a: Ogerpon\n|-damage|p1a: Ogerpon|45\/100\n|-heal|p2a: Sinistcha|78\/100|[from] drain|[of] p1a: Ogerpon\n|-damage|p1b: Ninetales|53\/100\n|-heal|p2a: Sinistcha|95\/100|[from] drain|[of] p1b: Ninetales\n|\n|-weather|Snow|[upkeep]\n|-heal|p2b: Baxcalibur|22\/100|[from] ability: Ice Body\n|upkeep\n|turn|9\n|\n|t:|1700096737\n|move|p1a: Ogerpon|Spiky Shield|p1a: Ogerpon\n|-singleturn|p1a: Ogerpon|move: Protect\n|move|p2b: Baxcalibur|Icicle Spear|p1a: Ogerpon\n|-activate|p1a: Ogerpon|move: Protect\n|move|p1b: Ninetales|Freeze-Dry|p2a: Sinistcha\n|-supereffective|p2a: Sinistcha\n|-damage|p2a: Sinistcha|36\/100\n|move|p2a: Sinistcha|Matcha Gotcha|p1a: Ogerpon|[spread] p1b\n|-activate|p1a: Ogerpon|move: Protect\n|-damage|p1b: Ninetales|25\/100\n|-heal|p2a: Sinistcha|52\/100|[from] drain|[of] p1b: Ninetales\n|\n|-weather|Snow|[upkeep]\n|-heal|p2b: Baxcalibur|28\/100|[from] ability: Ice Body\n|upkeep\n|turn|10\n|\n|t:|1700096779\n|move|p2b: Baxcalibur|Icicle Spear|p1b: Ninetales\n|-resisted|p1b: Ninetales\n|-damage|p1b: Ninetales|19\/100\n|-resisted|p1b: Ninetales\n|-damage|p1b: Ninetales|14\/100\n|-resisted|p1b: Ninetales\n|-damage|p1b: Ninetales|9\/100\n|-resisted|p1b: Ninetales\n|-damage|p1b: Ninetales|3\/100\n|-resisted|p1b: Ninetales\n|-damage|p1b: Ninetales|0 fnt\n|faint|p1b: Ninetales\n|-hitcount|p1: Ninetales|5\n|move|p1a: Ogerpon|Superpower|p2b: Baxcalibur\n|-supereffective|p2b: Baxcalibur\n|-damage|p2b: Baxcalibur|0 fnt\n|-unboost|p1a: Ogerpon|atk|1\n|-unboost|p1a: Ogerpon|def|1\n|faint|p2b: Baxcalibur\n|move|p2a: Sinistcha|Matcha Gotcha|p1a: Ogerpon\n|-supereffective|p1a: Ogerpon\n|-damage|p1a: Ogerpon|0 fnt\n|-heal|p2a: Sinistcha|77\/100|[from] drain|[of] p1a: Ogerpon\n|faint|p1a: Ogerpon\n|\n|win|xatudrip\n|inactive|Spearstorms has 50 seconds to confirm battle start!\n|inactive|xatudrip has 50 seconds to confirm battle start!\n","uploadtime":1700096793,"views":19,"p1id":"spearstorms","p2id":"xatudrip","formatid":"gen9vgc2023regulatione","rating":0,"private":0,"password":""}