{"id":"gen9vgc2023regulatione-1993810749","p1":"Ytterby","p2":"Volcano0","format":"[Gen 9] VGC 2023 Regulation E","log":"|j|\u2606Ytterby\n|j|\u2606Volcano0\n|t:|1700360122\n|gametype|doubles\n|player|p1|Ytterby|brycenman|\n|player|p2|Volcano0|benga|\n|teamsize|p1|6\n|teamsize|p2|6\n|gen|9\n|tier|[Gen 9] VGC 2023 Regulation E\n|rated|Tournament battle\n|rule|Species Clause: Limit one of each Pok\u00e9mon\n|rule|Item Clause: Limit one of each item\n|clearpoke\n|poke|p1|Indeedee-F, L50, F|\n|poke|p1|Armarouge, L50, M|\n|poke|p1|Torkoal, L50, M|\n|poke|p1|Lilligant-Hisui, L50, F|\n|poke|p1|Snorlax, L50, F|\n|poke|p1|Amoonguss, L50, F|\n|poke|p2|Cresselia, L50, F|\n|poke|p2|Heatran, L50, M|\n|poke|p2|Amoonguss, L50, M|\n|poke|p2|Landorus-Therian, L50, M|\n|poke|p2|Iron Hands, L50|\n|poke|p2|Milotic, L50, M|\n|teampreview|4\n|showteam|p1|Indeedee-F||RockyHelmet|PsychicSurge|FollowMe,TrickRoom,HelpingHand,Psychic|||F|||50|,,,,,Water]Armarouge||LifeOrb|FlashFire|ExpandingForce,ArmorCannon,TrickRoom,WideGuard|||M|||50|,,,,,Grass]Torkoal||ChoiceSpecs|Drought|Eruption,Flamethrower,SolarBeam,EarthPower|||M|||50|,,,,,Fire]Lilligant-Hisui||CovertCloak|Chlorophyll|CloseCombat,SolarBlade,SwordsDance,AfterYou|||F|||50|,,,,,Rock]Snorlax||SitrusBerry|ThickFat|BodySlam,BellyDrum,Metronome,HighHorsepower|||F|||50|,,,,,Normal]Amoonguss||MentalHerb|Regenerator|Spore,RagePowder,PollenPuff,LeafStorm|||F|||50|,,,,,Water\n|showteam|p2|Cresselia||MentalHerb|Levitate|TrickRoom,LunarBlessing,HelpingHand,IcyWind|||F|||50|,,,,,Fire]Heatran||AbilityShield|FlashFire|HeatWave,EarthPower,TeraBlast,Protect|||M|||50|,,,,,Grass]Amoonguss||RockyHelmet|Regenerator|Spore,PollenPuff,RagePowder,Protect|||M|||50|,,,,,Water]Landorus-Therian||ChoiceScarf|Intimidate|TeraBlast,StompingTantrum,Uturn,RockSlide|||M|||50|,,,,,Flying]Iron Hands||AssaultVest|QuarkDrive|FakeOut,DrainPunch,WildCharge,HeavySlam||||||50|,,,,,Grass]Milotic||Leftovers|Competitive|Scald,IcyWind,LifeDew,Protect|||M|||50|,,,,,Dragon\n|inactive|Battle timer is ON: inactive players will automatically lose when time's up. (requested by Volcano0)\n|\n|t:|1700360147\n|start\n|switch|p1a: Lilligant|Lilligant-Hisui, L50, F|100\/100\n|switch|p1b: Torkoal|Torkoal, L50, M|100\/100\n|switch|p2a: Heatran|Heatran, L50, M|100\/100\n|switch|p2b: Landorus|Landorus-Therian, L50, M|100\/100\n|-ability|p2b: Landorus|Intimidate|boost\n|-unboost|p1a: Lilligant|atk|1\n|-unboost|p1b: Torkoal|atk|1\n|-weather|SunnyDay|[from] ability: Drought|[of] p1b: Torkoal\n|turn|1\n|inactive|Ytterby has 30 seconds left.\n|inactive|Volcano0 has 30 seconds left.\n|inactive|Ytterby has 20 seconds left.\n|inactive|Ytterby has 15 seconds left.\n|inactive|Ytterby has 10 seconds left.\n|inactive|Ytterby has 5 seconds left.\n|\n|t:|1700360202\n|switch|p2b: Milotic|Milotic, L50, M|100\/100\n|-terastallize|p2a: Heatran|Grass\n|move|p1a: Lilligant|Close Combat|p2b: Milotic\n|-crit|p2b: Milotic\n|-damage|p2b: Milotic|16\/100\n|-unboost|p1a: Lilligant|def|1\n|-unboost|p1a: Lilligant|spd|1\n|move|p2a: Heatran|Earth Power|p1b: Torkoal\n|-supereffective|p1b: Torkoal\n|-damage|p1b: Torkoal|21\/100\n|move|p1b: Torkoal|Eruption|p2a: Heatran|[spread] p2b\n|-start|p2a: Heatran|ability: Flash Fire\n|-resisted|p2b: Milotic\n|-damage|p2b: Milotic|7\/100\n|\n|-weather|SunnyDay|[upkeep]\n|-heal|p2b: Milotic|13\/100|[from] item: Leftovers\n|upkeep\n|turn|2\n|inactive|Ytterby has 30 seconds left.\n|inactive|Ytterby has 20 seconds left.\n|inactive|Ytterby has 15 seconds left.\n|inactive|Ytterby has 10 seconds left.\n|inactive|Ytterby has 5 seconds left.\n|\n|t:|1700360257\n|move|p2b: Milotic|Protect|p2b: Milotic\n|-singleturn|p2b: Milotic|Protect\n|move|p1a: Lilligant|Close Combat|p2b: Milotic\n|-activate|p2b: Milotic|move: Protect\n|move|p2a: Heatran|Heat Wave|p1b: Torkoal|[spread] p1a,p1b\n|-supereffective|p1a: Lilligant\n|-resisted|p1b: Torkoal\n|-damage|p1a: Lilligant|0 fnt\n|-damage|p1b: Torkoal|0 fnt\n|faint|p1a: Lilligant\n|faint|p1b: Torkoal\n|\n|-weather|SunnyDay|[upkeep]\n|-heal|p2b: Milotic|19\/100|[from] item: Leftovers\n|upkeep\n|j| FatalEspresso\n|inactive|Ytterby has 30 seconds left.\n|inactive|Ytterby has 20 seconds left.\n|inactive|Ytterby has 15 seconds left.\n|inactive|Ytterby has 10 seconds left.\n|inactive|Ytterby has 5 seconds left.\n|\n|t:|1700360312\n|switch|p1a: Indeedee|Indeedee-F, L50, F|100\/100\n|switch|p1b: Armarouge|Armarouge, L50, M|100\/100\n|-fieldstart|move: Psychic Terrain|[from] ability: Psychic Surge|[of] p1a: Indeedee\n|turn|3\n|inactive|Ytterby has 30 seconds left.\n|j| Hypersonicly\n|inactive|Ytterby has 20 seconds left.\n|inactive|Ytterby has 15 seconds left.\n|inactive|Ytterby has 10 seconds left.\n|inactive|Ytterby has 5 seconds left.\n|\n|t:|1700360367\n|move|p1a: Indeedee|Follow Me|p1a: Indeedee\n|-singleturn|p1a: Indeedee|move: Follow Me\n|move|p2b: Milotic|Scald|p1a: Indeedee\n|-damage|p1a: Indeedee|87\/100\n|move|p2a: Heatran|Earth Power|p1a: Indeedee\n|-damage|p1a: Indeedee|59\/100\n|move|p1b: Armarouge|Expanding Force|p2a: Heatran|[spread] p2a,p2b\n|-damage|p2a: Heatran|33\/100\n|-damage|p2b: Milotic|0 fnt\n|faint|p2b: Milotic\n|-damage|p1b: Armarouge|91\/100|[from] item: Life Orb\n|\n|-weather|SunnyDay|[upkeep]\n|upkeep\n|\n|t:|1700360376\n|switch|p2b: Landorus|Landorus-Therian, L50, M|100\/100\n|-ability|p2b: Landorus|Intimidate|boost\n|-unboost|p1a: Indeedee|atk|1\n|-unboost|p1b: Armarouge|atk|1\n|turn|4\n|\n|t:|1700360397\n|move|p1a: Indeedee|Helping Hand|p1b: Armarouge\n|-singleturn|p1b: Armarouge|Helping Hand|[of] p1a: Indeedee\n|move|p2a: Heatran|Protect|p2a: Heatran\n|-singleturn|p2a: Heatran|Protect\n|move|p2b: Landorus|U-turn|p1a: Indeedee\n|-supereffective|p1a: Indeedee\n|-damage|p1a: Indeedee|0 fnt\n|-damage|p2b: Landorus|84\/100|[from] item: Rocky Helmet|[of] p1a: Indeedee\n|faint|p1a: Indeedee\n|\n|t:|1700360406\n|switch|p2b: Iron Hands|Iron Hands, L50|100\/100|[from] U-turn\n|move|p1b: Armarouge|Expanding Force|p2b: Iron Hands|[spread] p2b\n|-activate|p2a: Heatran|move: Protect\n|-supereffective|p2b: Iron Hands\n|-damage|p2b: Iron Hands|0 fnt\n|faint|p2b: Iron Hands\n|-end|p2b: Iron Hands|Quark Drive|[silent]\n|-damage|p1b: Armarouge|81\/100|[from] item: Life Orb\n|\n|-weather|SunnyDay|[upkeep]\n|upkeep\n|\n|t:|1700360415\n|switch|p2b: Landorus|Landorus-Therian, L50, M|84\/100\n|-ability|p2b: Landorus|Intimidate|boost\n|-unboost|p1b: Armarouge|atk|1\n|turn|5\n|inactive|Volcano0 has 30 seconds left.\n|\n|t:|1700360448\n|-terastallize|p1b: Armarouge|Grass\n|move|p2b: Landorus|U-turn|p1b: Armarouge\n|-supereffective|p1b: Armarouge\n|-damage|p1b: Armarouge|29\/100\n|move|p2a: Heatran|Earth Power|p1b: Armarouge\n|-resisted|p1b: Armarouge\n|-damage|p1b: Armarouge|9\/100\n|move|p1b: Armarouge|Expanding Force|p2a: Heatran|[spread] p2a,p2b\n|-damage|p2a: Heatran|0 fnt\n|-damage|p2b: Landorus|0 fnt\n|faint|p2a: Heatran\n|faint|p2b: Landorus\n|-damage|p1b: Armarouge|0 fnt|[from] item: Life Orb\n|faint|p1b: Armarouge\n|\n|win|Ytterby\n|n|\u2606Ytterby|ytterby\n|n|\u2606Volcano0|volcano0\n|n| FatalEspresso|fatalespresso\n|n| Hypersonicly|hypersonicly\n|l|\u2606Volcano0\n","uploadtime":1700360462,"views":8,"p1id":"ytterby","p2id":"volcano0","formatid":"gen9vgc2023regulatione","rating":0,"private":0,"password":""}