{"id":"gen9vgc2023regulatione-1999505684","p1":"Tilzy","p2":"slimejrlegit","format":"[Gen 9] VGC 2023 Regulation E","log":"|j|\u2606Tilzy\n|j|\u2606slimejrlegit\n|t:|1701090211\n|gametype|doubles\n|player|p1|Tilzy|265|1611\n|player|p2|slimejrlegit|266|1598\n|teamsize|p1|6\n|teamsize|p2|6\n|gen|9\n|tier|[Gen 9] VGC 2023 Regulation E\n|rated|\n|rule|Species Clause: Limit one of each Pok\u00e9mon\n|rule|Item Clause: Limit one of each item\n|clearpoke\n|poke|p1|Regidrago, L50|\n|poke|p1|Tornadus, L50, M|\n|poke|p1|Urshifu-*, L50, F|\n|poke|p1|Rillaboom, L50, M|\n|poke|p1|Gholdengo, L50|\n|poke|p1|Arcanine-Hisui, L50, M|\n|poke|p2|Armarouge, L50, M|\n|poke|p2|Milotic, L50, M|\n|poke|p2|Regieleki, L50|\n|poke|p2|Enamorus, L50, F|\n|poke|p2|Sneasler, L50, F|\n|poke|p2|Indeedee-F, L50, F|\n|teampreview|4\nTilzy has agreed to open team sheets.\n|inactive|Battle timer is ON: inactive players will automatically lose when time's up. (requested by slimejrlegit)\n|j| Braindeadmeta\n|inactive|Tilzy has 60 seconds left.\n|inactive|Tilzy has 30 seconds left.\n|\n|t:|1701090315\n|start\n|switch|p1a: Tornadus|Tornadus, L50, M, shiny|100\/100\n|switch|p1b: Urshifu|Urshifu-Rapid-Strike, L50, F|100\/100\n|switch|p2a: Milotic|Milotic, L50, M|100\/100\n|switch|p2b: Armarouge|Armarouge, L50, M|100\/100\n|turn|1\n|\n|t:|1701090331\n|switch|p2b: Indeedee|Indeedee-F, L50, F|100\/100\n|-fieldstart|move: Psychic Terrain|[from] ability: Psychic Surge|[of] p2b: Indeedee\n|move|p1a: Tornadus|Bleakwind Storm|p2a: Milotic|[spread] p2a,p2b\n|-damage|p2a: Milotic|77\/100\n|-damage|p2b: Indeedee|75\/100\n|-unboost|p2a: Milotic|spe|1\n|-ability|p2a: Milotic|Competitive|boost\n|-boost|p2a: Milotic|spa|2\n|-unboost|p2b: Indeedee|spe|1\n|move|p1b: Urshifu|Surging Strikes|p2b: Indeedee\n|-crit|p2b: Indeedee\n|-damage|p2b: Indeedee|39\/100\n|-damage|p1b: Urshifu|84\/100|[from] item: Rocky Helmet|[of] p2b: Indeedee\n|-crit|p2b: Indeedee\n|-damage|p2b: Indeedee|2\/100\n|-damage|p1b: Urshifu|67\/100|[from] item: Rocky Helmet|[of] p2b: Indeedee\n|-crit|p2b: Indeedee\n|-damage|p2b: Indeedee|0 fnt\n|-damage|p1b: Urshifu|50\/100|[from] item: Rocky Helmet|[of] p2b: Indeedee\n|faint|p2b: Indeedee\n|-hitcount|p2: Indeedee|3\n|move|p2a: Milotic|Scald|p1b: Urshifu\n|-resisted|p1b: Urshifu\n|-damage|p1b: Urshifu|0 fnt\n|faint|p1b: Urshifu\n|\n|upkeep\n|\n|t:|1701090349\n|switch|p1b: Rillaboom|Rillaboom, L50, M, shiny|100\/100\n|switch|p2b: Agent Sneeze|Sneasler, L50, F, shiny|100\/100\n|-enditem|p2b: Agent Sneeze|Psychic Seed\n|-boost|p2b: Agent Sneeze|spd|1|[from] item: Psychic Seed\n|-fieldstart|move: Grassy Terrain|[from] ability: Grassy Surge|[of] p1b: Rillaboom\n|turn|2\n|\n|t:|1701090373\n|-terastallize|p2b: Agent Sneeze|Flying\n|move|p2a: Milotic|Protect|p2a: Milotic\n|-singleturn|p2a: Milotic|Protect\n|move|p1a: Tornadus|Tailwind|p1a: Tornadus\n|-sidestart|p1: Tilzy|move: Tailwind\n|move|p2b: Agent Sneeze|Swords Dance|p2b: Agent Sneeze\n|-boost|p2b: Agent Sneeze|atk|2\n|move|p1b: Rillaboom|Wood Hammer|p2a: Milotic\n|-activate|p2a: Milotic|move: Protect\n|\n|-heal|p2a: Milotic|83\/100|[from] Grassy Terrain\n|upkeep\n|turn|3\n|\n|t:|1701090393\n|switch|p2a: Armarouge|Armarouge, L50, M|100\/100\n|move|p1b: Rillaboom|Grassy Glide|p2a: Armarouge\n|-resisted|p2a: Armarouge\n|-damage|p2a: Armarouge|83\/100\n|move|p1a: Tornadus|Bleakwind Storm|p2b: Agent Sneeze|[spread] p2a,p2b\n|-damage|p2a: Armarouge|44\/100\n|-damage|p2b: Agent Sneeze|68\/100\n|-unboost|p2a: Armarouge|spe|1\n|move|p2b: Agent Sneeze|Dire Claw|p1b: Rillaboom\n|-supereffective|p1b: Rillaboom\n|-damage|p1b: Rillaboom|0 fnt\n|faint|p1b: Rillaboom\n|\n|-heal|p2a: Armarouge|50\/100|[from] Grassy Terrain\n|upkeep\n|\n|t:|1701090404\n|switch|p1b: Arcanine|Arcanine-Hisui, L50, M|100\/100\n|-ability|p1b: Arcanine|Intimidate|boost\n|-unboost|p2a: Armarouge|atk|1\n|-unboost|p2b: Agent Sneeze|atk|1\n|turn|4\n|\n|t:|1701090421\n|move|p2a: Armarouge|Wide Guard|p2a: Armarouge\n|-singleturn|p2a: Armarouge|Wide Guard\n|move|p1a: Tornadus|Bleakwind Storm|p2b: Agent Sneeze|[spread] \n|-activate|p2a: Armarouge|move: Wide Guard\n|-activate|p2b: Agent Sneeze|move: Wide Guard\n|move|p2b: Agent Sneeze|Close Combat|p1b: Arcanine\n|-supereffective|p1b: Arcanine\n|-damage|p1b: Arcanine|0 fnt\n|-unboost|p2b: Agent Sneeze|def|1\n|-unboost|p2b: Agent Sneeze|spd|1\n|faint|p1b: Arcanine\n|\n|-heal|p2a: Armarouge|57\/100|[from] Grassy Terrain\n|upkeep\n|turn|5\n|-message|Tilzy forfeited.\n|\n|win|slimejrlegit\n|raw|Tilzy's rating: 1611 &rarr; <strong>1590<\/strong><br \/>(-21 for losing)\n|raw|slimejrlegit's rating: 1598 &rarr; <strong>1619<\/strong><br \/>(+21 for winning)\n|l|\u2606Tilzy\n|l| Braindeadmeta\n|l|\u2606slimejrlegit\n|j|\u2606slimejrlegit\n|player|p2|slimejrlegit|266\n","uploadtime":1701090436,"views":10,"p1id":"tilzy","p2id":"slimejrlegit","formatid":"gen9vgc2023regulatione","rating":1590,"private":0,"password":""}