{"id":"gen9vgc2023regulatione-1992809230","p1":"Luckiest Ludicolo","p2":"deathbane98","format":"[Gen 9] VGC 2023 Regulation E","log":"|j|\u2606Luckiest Ludicolo\n|j|\u2606deathbane98\n|n|\u2606Luckiest Ludicolo|luckiestludicolo\n|n|\u2606deathbane98|deathbane98\n|html|View the match progress at <a href=\"\/game-bestof3-gen9vgc2023regulatione-1992809229\">game-bestof3-gen9vgc2023regulatione-1992809229<\/a>\n|t:|1700237333\n|gametype|doubles\n|player|p1|Luckiest Ludicolo|pokemaniac|\n|player|p2|deathbane98|alder|\n|teamsize|p1|6\n|teamsize|p2|6\n|gen|9\n|tier|[Gen 9] VGC 2023 Regulation E\n|rule|Species Clause: Limit one of each Pok\u00e9mon\n|rule|Item Clause: Limit one of each item\n|clearpoke\n|poke|p1|Ursaluna-Bloodmoon, L50, M|\n|poke|p1|Ogerpon, L50, F|\n|poke|p1|Slowbro, L50, M|\n|poke|p1|Sneasel-Hisui, L50, M|\n|poke|p1|Iron Jugulis, L50|\n|poke|p1|Ceruledge, L50, F|\n|poke|p2|Typhlosion, L50, F|\n|poke|p2|Volbeat, L50, M|\n|poke|p2|Urshifu-*, L50, F|\n|poke|p2|Maushold, L50|\n|poke|p2|Volcarona, L50, F|\n|poke|p2|Vikavolt, L50, F|\n|teampreview|4\nLuckiest Ludicolo rejected open team sheets.\n|c|\u2606Luckiest Ludicolo|https:\/\/pokepast.es\/29cd3cb610e23ee7\n|c|\u2606deathbane98|oh i put mine in the BO\u00a3 thing\n|c|\u2606Luckiest Ludicolo|You good with live spectators?\n|c|\u2606deathbane98|*BO3\n|c|\u2606deathbane98|yea go for it\n|c|\u2606Luckiest Ludicolo|glhf sir!\n|j| ML Lacius\n|j| Omega_Jirachi\n|c|\u2606deathbane98|glhf\n|j| AeroFlames\n|c| AeroFlames|Volbeat is so cute\n|c|\u2606deathbane98|wait till you see his name\n|c| AeroFlames|I always have nicknames off but I'll look at it then\n|\n|t:|1700237489\n|start\n|switch|p1a: Crestfallen|Sneasel-Hisui, L50, M, shiny|100\/100\n|switch|p1b: The Raven Child|Iron Jugulis, L50|100\/100\n|switch|p2a: Lil' Stinker|Volbeat, L50, M, shiny|100\/100\n|switch|p2b: I am Atomic|Typhlosion, L50, F, shiny|100\/100\n|-enditem|p1b: The Raven Child|Booster Energy\n|-activate|p1b: The Raven Child|ability: Quark Drive|[fromitem]\n|-start|p1b: The Raven Child|quarkdrivespe\n|turn|1\n|j| Neb5\n|c| Neb5|hi\n|c| AeroFlames|Much less cute\n|c|\u2606deathbane98|accurate though\n|\n|t:|1700237530\n|switch|p2b: Tower of Grey|Vikavolt, L50, F, shiny|100\/100\n|move|p1a: Crestfallen|Fake Out|p2b: Tower of Grey\n|-damage|p2b: Tower of Grey|88\/100\n|move|p2a: Lil' Stinker|Tailwind|p2a: Lil' Stinker\n|-sidestart|p2: deathbane98|move: Tailwind\n|move|p1b: The Raven Child|Tailwind|p1b: The Raven Child\n|-sidestart|p1: Luckiest Ludicolo|move: Tailwind\n|\n|upkeep\n|turn|2\n|j| Abused24test\n|\n|t:|1700237639\n|move|p1b: The Raven Child|Protect|p1b: The Raven Child\n|-singleturn|p1b: The Raven Child|Protect\n|move|p1a: Crestfallen|Gunk Shot|p2b: Tower of Grey|[miss]\n|-miss|p1a: Crestfallen|p2b: Tower of Grey\n|move|p2a: Lil' Stinker|U-turn|p1b: The Raven Child\n|-activate|p1b: The Raven Child|move: Protect\n|move|p2b: Tower of Grey|Thunderbolt|p1b: The Raven Child\n|-activate|p1b: The Raven Child|move: Protect\n|\n|upkeep\n|turn|3\n|c|\u2606Luckiest Ludicolo|-_-\n|c| Omega_Jirachi|that was something\n|c|\u2606deathbane98|tower of grey is just her\n|\n|t:|1700237719\n|move|p2a: Lil' Stinker|Protect|p2a: Lil' Stinker\n|-singleturn|p2a: Lil' Stinker|Protect\n|move|p2b: Tower of Grey|Protect|p2b: Tower of Grey\n|-singleturn|p2b: Tower of Grey|Protect\n|move|p1b: The Raven Child|Air Slash|p2b: Tower of Grey\n|-activate|p2b: Tower of Grey|move: Protect\n|move|p1a: Crestfallen|Gunk Shot|p2b: Tower of Grey\n|-activate|p2b: Tower of Grey|move: Protect\n|\n|upkeep\n|turn|4\n|\n|t:|1700237752\n|switch|p2a: I am Atomic|Typhlosion, L50, F, shiny|100\/100\n|move|p1b: The Raven Child|Air Slash|p2b: Tower of Grey\n|-damage|p2b: Tower of Grey|47\/100\n|move|p1a: Crestfallen|Gunk Shot|p2b: Tower of Grey\n|-damage|p2b: Tower of Grey|0 fnt\n|faint|p2b: Tower of Grey\n|\n|-sideend|p2: deathbane98|move: Tailwind\n|-sideend|p1: Luckiest Ludicolo|move: Tailwind\n|upkeep\n|c| Neb5|listen aero\n|c|\u2606deathbane98|what did she ever do to you?\n|\n|t:|1700237763\n|switch|p2b: Lil' Stinker|Volbeat, L50, M, shiny|100\/100\n|turn|5\n|c| Neb5|would love to schedule but people dont get back this year\n|\n|t:|1700237816\n|switch|p1a: Unchain the Light|Ceruledge, L50, F|100\/100\n|-terastallize|p2a: I am Atomic|Fire\n|move|p1b: The Raven Child|Protect|p1b: The Raven Child\n|-singleturn|p1b: The Raven Child|Protect\n|move|p2b: Lil' Stinker|Tailwind|p2b: Lil' Stinker\n|-sidestart|p2: deathbane98|move: Tailwind\n|move|p2a: I am Atomic|Eruption|p1a: Unchain the Light|[spread] \n|-activate|p1b: The Raven Child|move: Protect\n|-start|p1a: Unchain the Light|ability: Flash Fire\n|\n|upkeep\n|turn|6\n|\n|t:|1700237860\n|move|p2b: Lil' Stinker|Sunny Day|p2b: Lil' Stinker\n|-weather|SunnyDay\n|move|p1a: Unchain the Light|Shadow Sneak|p2a: I am Atomic\n|-damage|p2a: I am Atomic|75\/100\n|move|p2a: I am Atomic|Eruption|p1b: The Raven Child|[spread] p1b\n|-immune|p1a: Unchain the Light|[from] ability: Flash Fire\n|-damage|p1b: The Raven Child|10\/100\n|move|p1b: The Raven Child|Tailwind|p1b: The Raven Child\n|-sidestart|p1: Luckiest Ludicolo|move: Tailwind\n|\n|-weather|SunnyDay|[upkeep]\n|upkeep\n|turn|7\n|\n|t:|1700237883\n|move|p1b: The Raven Child|Air Slash|p2b: Lil' Stinker\n|-supereffective|p2b: Lil' Stinker\n|-damage|p2b: Lil' Stinker|26\/100\n|-enditem|p2b: Lil' Stinker|Sitrus Berry|[eat]\n|-heal|p2b: Lil' Stinker|51\/100|[from] item: Sitrus Berry\n|move|p2a: I am Atomic|Eruption|p1b: The Raven Child|[spread] p1b\n|-immune|p1a: Unchain the Light|[from] ability: Flash Fire\n|-damage|p1b: The Raven Child|0 fnt\n|faint|p1b: The Raven Child\n|-end|p1b: The Raven Child|Quark Drive|[silent]\n|move|p1a: Unchain the Light|Poltergeist|p2a: I am Atomic\n|-activate|p2a: I am Atomic|move: Poltergeist|Choice Scarf\n|-damage|p2a: I am Atomic|0 fnt\n|faint|p2a: I am Atomic\n|move|p2b: Lil' Stinker|U-turn|p1a: Unchain the Light\n|-resisted|p1a: Unchain the Light\n|-damage|p1a: Unchain the Light|96\/100\n|\n|t:|1700237890\n|switch|p2b: Nolan Greyson|Urshifu, L50, F|100\/100|[from] U-turn\n|\n|-weather|SunnyDay|[upkeep]\n|upkeep\n|\n|t:|1700237911\n|switch|p1b: Crestfallen|Sneasel-Hisui, L50, M, shiny|100\/100\n|switch|p2a: Lil' Stinker|Volbeat, L50, M, shiny|51\/100\n|turn|8\n|\n|t:|1700237926\n|move|p2a: Lil' Stinker|Protect|p2a: Lil' Stinker\n|-singleturn|p2a: Lil' Stinker|Protect\n|move|p2b: Nolan Greyson|Protect|p2b: Nolan Greyson\n|-singleturn|p2b: Nolan Greyson|Protect\n|move|p1b: Crestfallen|Fake Out|p2b: Nolan Greyson\n|-activate|p2b: Nolan Greyson|move: Protect\n|move|p1a: Unchain the Light|Bitter Blade|p2a: Lil' Stinker\n|-activate|p2a: Lil' Stinker|move: Protect\n|\n|-weather|SunnyDay|[upkeep]\n|-sideend|p2: deathbane98|move: Tailwind\n|upkeep\n|turn|9\n|\n|t:|1700237952\n|move|p1b: Crestfallen|Close Combat|p2b: Nolan Greyson\n|-supereffective|p2b: Nolan Greyson\n|-damage|p2b: Nolan Greyson|4\/100\n|-unboost|p1b: Crestfallen|def|1\n|-unboost|p1b: Crestfallen|spd|1\n|move|p1a: Unchain the Light|Close Combat|p2b: Nolan Greyson\n|-supereffective|p2b: Nolan Greyson\n|-damage|p2b: Nolan Greyson|0 fnt\n|-unboost|p1a: Unchain the Light|def|1\n|-unboost|p1a: Unchain the Light|spd|1\n|faint|p2b: Nolan Greyson\n|move|p2a: Lil' Stinker|U-turn|p1b: Crestfallen\n|-resisted|p1b: Crestfallen\n|-damage|p1b: Crestfallen|91\/100\n|\n|-weather|SunnyDay|[upkeep]\n|-sideend|p1: Luckiest Ludicolo|move: Tailwind\n|upkeep\n|turn|10\n|c|\u2606deathbane98|ahhh\n|c|\u2606Luckiest Ludicolo|gg!\n|c|\u2606deathbane98|i miscalculated\n|c|\u2606deathbane98|wasnt paying attemtion to tw rip\n|c|\u2606deathbane98|gg\n|c|\u2606Luckiest Ludicolo|onto G2 we go\n|\n|t:|1700237996\n|move|p2a: Lil' Stinker|Sunny Day||[still]\n|-fail|p2a: Lil' Stinker\n|move|p1b: Crestfallen|Close Combat|p2a: Lil' Stinker\n|-resisted|p2a: Lil' Stinker\n|-damage|p2a: Lil' Stinker|25\/100\n|-unboost|p1b: Crestfallen|def|1\n|-unboost|p1b: Crestfallen|spd|1\n|move|p1a: Unchain the Light|Bitter Blade|p2a: Lil' Stinker\n|-supereffective|p2a: Lil' Stinker\n|-damage|p2a: Lil' Stinker|0 fnt\n|-heal|p1a: Unchain the Light|100\/100|[from] drain|[of] p2a: Lil' Stinker\n|faint|p2a: Lil' Stinker\n|\n|win|Luckiest Ludicolo\n|c|&|\/uhtml prompt-deathbane98,deathbane98 is ready for game 2!\n|inactive|Luckiest Ludicolo has 50 seconds to confirm battle start!\n","uploadtime":1700238009,"views":31,"p1id":"luckiestludicolo","p2id":"deathbane98","formatid":"gen9vgc2023regulatione","rating":0,"private":0,"password":""}