{"id":"gen9vgc2023regulatione-1994742423","p1":"bangdu","p2":"Orionseas","format":"[Gen 9] VGC 2023 Regulation E","log":"|j|\u2606bangdu\n|j|\u2606Orionseas\n|t:|1700488099\n|gametype|doubles\n|player|p1|bangdu|169|1148\n|player|p2|Orionseas|2|1206\n|teamsize|p1|6\n|teamsize|p2|6\n|gen|9\n|tier|[Gen 9] VGC 2023 Regulation E\n|rated|\n|rule|Species Clause: Limit one of each Pok\u00e9mon\n|rule|Item Clause: Limit one of each item\n|clearpoke\n|poke|p1|Roaring Moon, L50|\n|poke|p1|Grimmsnarl, L50, M|\n|poke|p1|Amoonguss, L50, F|\n|poke|p1|Arcanine, L50, M|\n|poke|p1|Iron Moth, L50|\n|poke|p1|Chien-Pao, L50|\n|poke|p2|Snorlax, L50, F|\n|poke|p2|Sinistcha-Masterpiece, L50|\n|poke|p2|Empoleon, L50, F|\n|poke|p2|Chandelure, L50, M|\n|poke|p2|Gyarados, L50, M|\n|poke|p2|Cresselia, L50, F|\n|teampreview|4\n|\n|t:|1700488144\n|start\n|switch|p1a: Roaring Moon|Roaring Moon, L50|100\/100\n|switch|p1b: Amoonguss|Amoonguss, L50, F|100\/100\n|switch|p2a: Snorlax|Snorlax, L50, F|100\/100\n|switch|p2b: Cresselia|Cresselia, L50, F|100\/100\n|-enditem|p1a: Roaring Moon|Booster Energy\n|-activate|p1a: Roaring Moon|ability: Protosynthesis|[fromitem]\n|-start|p1a: Roaring Moon|protosynthesisatk\n|turn|1\n|\n|t:|1700488183\n|move|p1a: Roaring Moon|Dragon Dance|p1a: Roaring Moon\n|-boost|p1a: Roaring Moon|atk|1\n|-boost|p1a: Roaring Moon|spe|1\n|move|p2b: Cresselia|Moonblast|p1a: Roaring Moon\n|-supereffective|p1a: Roaring Moon\n|-damage|p1a: Roaring Moon|25\/100\n|move|p2a: Snorlax|Belly Drum|p2a: Snorlax\n|-damage|p2a: Snorlax|50\/100\n|-setboost|p2a: Snorlax|atk|6|[from] move: Belly Drum\n|-enditem|p2a: Snorlax|Sitrus Berry|[eat]\n|-heal|p2a: Snorlax|75\/100|[from] item: Sitrus Berry\n|move|p1b: Amoonguss|Spore|p2b: Cresselia\n|-status|p2b: Cresselia|slp|[from] move: Spore\n|\n|upkeep\n|turn|2\n|\n|t:|1700488211\n|move|p1b: Amoonguss|Rage Powder|p1b: Amoonguss\n|-singleturn|p1b: Amoonguss|move: Rage Powder\n|move|p1a: Roaring Moon|Acrobatics|p2a: Snorlax\n|-damage|p2a: Snorlax|3\/100\n|cant|p2b: Cresselia|slp\n|move|p2a: Snorlax|Facade|p1b: Amoonguss\n|-damage|p1b: Amoonguss|0 fnt\n|faint|p1b: Amoonguss\n|\n|upkeep\n|\n|t:|1700488226\n|switch|p1b: Grimmsnarl|Grimmsnarl, L50, M|100\/100\n|turn|3\n|\n|t:|1700488235\n|move|p2a: Snorlax|Protect|p2a: Snorlax\n|-singleturn|p2a: Snorlax|Protect\n|move|p1b: Grimmsnarl|Fake Out|p2a: Snorlax\n|-activate|p2a: Snorlax|move: Protect\n|move|p1a: Roaring Moon|Jaw Lock|p2b: Cresselia\n|-supereffective|p2b: Cresselia\n|-damage|p2b: Cresselia|0 fnt\n|faint|p2b: Cresselia\n|\n|upkeep\n|\n|t:|1700488246\n|switch|p2b: Gyarados|Gyarados, L50, M|100\/100\n|-ability|p2b: Gyarados|Intimidate|boost\n|-unboost|p1a: Roaring Moon|atk|1\n|-unboost|p1b: Grimmsnarl|atk|1\n|turn|4\n|inactive|Battle timer is ON: inactive players will automatically lose when time's up. (requested by bangdu)\n|inactive|bangdu has 60 seconds left.\n|\n|t:|1700488288\n|move|p1a: Roaring Moon|Protect|p1a: Roaring Moon\n|-singleturn|p1a: Roaring Moon|Protect\n|move|p2a: Snorlax|Protect||[still]\n|-fail|p2a: Snorlax\n|move|p1b: Grimmsnarl|Parting Shot|p2b: Gyarados\n|-unboost|p2b: Gyarados|atk|1\n|-unboost|p2b: Gyarados|spa|1\n|\n|t:|1700488297\n|switch|p1b: Chien-Pao|Chien-Pao, L50|100\/100|[from] Parting Shot\n|-ability|p1b: Chien-Pao|Sword of Ruin\n|move|p2b: Gyarados|Thunder Wave|p1a: Roaring Moon\n|-activate|p1a: Roaring Moon|move: Protect\n|\n|upkeep\n|turn|5\n|\n|t:|1700488317\n|move|p2a: Snorlax|Protect|p2a: Snorlax\n|-singleturn|p2a: Snorlax|Protect\n|move|p1a: Roaring Moon|Acrobatics|p2b: Gyarados\n|-damage|p2b: Gyarados|31\/100\n|move|p1b: Chien-Pao|Icicle Crash|p2a: Snorlax\n|-activate|p2a: Snorlax|move: Protect\n|move|p2b: Gyarados|Thunder Wave|p1a: Roaring Moon\n|-status|p1a: Roaring Moon|par\n|\n|-heal|p2b: Gyarados|37\/100|[from] item: Leftovers\n|upkeep\n|turn|6\n|inactive|Orionseas has 30 seconds left.\n|\n|t:|1700488342\n|move|p1b: Chien-Pao|Crunch|p2a: Snorlax\n|-damage|p2a: Snorlax|0 fnt\n|faint|p2a: Snorlax\n|cant|p1a: Roaring Moon|par\n|move|p2b: Gyarados|Waterfall|p1b: Chien-Pao\n|-damage|p1b: Chien-Pao|68\/100\n|\n|-heal|p2b: Gyarados|44\/100|[from] item: Leftovers\n|upkeep\n|\n|t:|1700488345\n|switch|p2a: Chandelure|Chandelure, L50, M|100\/100\n|turn|7\n|\n|t:|1700488365\n|-terastallize|p2a: Chandelure|Fairy\n|-terastallize|p1a: Roaring Moon|Flying\n|move|p2b: Gyarados|Protect|p2b: Gyarados\n|-singleturn|p2b: Gyarados|Protect\n|move|p2a: Chandelure|Heat Wave|p1a: Roaring Moon|[spread] p1a,p1b\n|-supereffective|p1b: Chien-Pao\n|-damage|p1a: Roaring Moon|0 fnt\n|-damage|p1b: Chien-Pao|0 fnt\n|faint|p1a: Roaring Moon\n|-end|p1a: Roaring Moon|Protosynthesis|[silent]\n|faint|p1b: Chien-Pao\n|\n|-heal|p2b: Gyarados|50\/100|[from] item: Leftovers\n|upkeep\n|\n|t:|1700488382\n|switch|p1b: Grimmsnarl|Grimmsnarl, L50, M|100\/100\n|turn|8\n|-message|bangdu forfeited.\n|\n|win|Orionseas\n|raw|bangdu's rating: 1148 &rarr; <strong>1127<\/strong><br \/>(-21 for losing)\n|raw|Orionseas's rating: 1206 &rarr; <strong>1227<\/strong><br \/>(+21 for winning)\n|l|\u2606bangdu\n","uploadtime":1700488395,"views":7,"p1id":"bangdu","p2id":"orionseas","formatid":"gen9vgc2023regulatione","rating":1127,"private":0,"password":""}