{"id":"gen9vgc2023regulatione-1993756971","p1":"Orionseas","p2":"SquishBeak","format":"[Gen 9] VGC 2023 Regulation E","log":"|j|\u2606Orionseas\n|j|\u2606SquishBeak\n|t:|1700353604\n|gametype|doubles\n|player|p1|Orionseas|266|1296\n|player|p2|SquishBeak|brycen|1336\n|teamsize|p1|6\n|teamsize|p2|6\n|gen|9\n|tier|[Gen 9] VGC 2023 Regulation E\n|rated|\n|rule|Species Clause: Limit one of each Pok\u00e9mon\n|rule|Item Clause: Limit one of each item\n|clearpoke\n|poke|p1|Landorus-Therian, L50, M|\n|poke|p1|Iron Hands, L50|\n|poke|p1|Roaring Moon, L50|\n|poke|p1|Sinistcha-Masterpiece, L50|\n|poke|p1|Heatran, L50, M|\n|poke|p1|Flutter Mane, L50|\n|poke|p2|Scizor, L50, M|\n|poke|p2|Chien-Pao, L50|\n|poke|p2|Flutter Mane, L50|\n|poke|p2|Dragonite, L50, M|\n|poke|p2|Corviknight, L50, M|\n|poke|p2|Quaquaval, L50, F|\n|teampreview|4\nSquishBeak has agreed to open team sheets.\n|\n|t:|1700353642\n|start\n|switch|p1a: Heatran|Heatran, L50, M|100\/100\n|switch|p1b: Roaring Moon|Roaring Moon, L50|100\/100\n|switch|p2a: Chien-Pao|Chien-Pao, L50|100\/100\n|switch|p2b: Dragonite|Dragonite, L50, M|100\/100\n|-ability|p2a: Chien-Pao|Sword of Ruin\n|-enditem|p1b: Roaring Moon|Booster Energy\n|-activate|p1b: Roaring Moon|ability: Protosynthesis|[fromitem]\n|-start|p1b: Roaring Moon|protosynthesisspe\n|turn|1\n|\n|t:|1700353686\n|switch|p1a: Landorus|Landorus-Therian, L50, M|100\/100\n|-ability|p1a: Landorus|Intimidate|boost\n|-unboost|p2a: Chien-Pao|atk|1\n|-fail|p2b: Dragonite|unboost|Attack|[from] ability: Inner Focus|[of] p2b: Dragonite\n|move|p1b: Roaring Moon|Breaking Swipe|p2b: Dragonite|[spread] p2a,p2b\n|-supereffective|p2b: Dragonite\n|-damage|p2a: Chien-Pao|66\/100\n|-damage|p2b: Dragonite|40\/100\n|-unboost|p2a: Chien-Pao|atk|1\n|-unboost|p2b: Dragonite|atk|1\n|move|p2a: Chien-Pao|Ice Spinner|p1b: Roaring Moon\n|-supereffective|p1b: Roaring Moon\n|-crit|p1b: Roaring Moon\n|-damage|p1b: Roaring Moon|0 fnt\n|faint|p1b: Roaring Moon\n|-end|p1b: Roaring Moon|Protosynthesis|[silent]\n|move|p2b: Dragonite|Stomping Tantrum|p1a: Landorus\n|-immune|p1a: Landorus\n|\n|upkeep\n|\n|t:|1700353709\n|switch|p1b: Heatran|Heatran, L50, M|100\/100\n|turn|2\n|\n|t:|1700353722\n|move|p1a: Landorus|Rock Slide|p2a: Chien-Pao|[spread] p2a,p2b\n|-supereffective|p2a: Chien-Pao\n|-supereffective|p2b: Dragonite\n|-damage|p2a: Chien-Pao|4\/100\n|-damage|p2b: Dragonite|0 fnt\n|faint|p2b: Dragonite\n|move|p2a: Chien-Pao|Ice Spinner|p1b: Heatran\n|-resisted|p1b: Heatran\n|-damage|p1b: Heatran|94\/100\n|move|p1b: Heatran|Heat Wave|p2a: Chien-Pao\n|-supereffective|p2a: Chien-Pao\n|-damage|p2a: Chien-Pao|0 fnt\n|faint|p2a: Chien-Pao\n|\n|upkeep\n|\n|t:|1700353733\n|switch|p2a: Flutter Mane|Flutter Mane, L50|100\/100\n|switch|p2b: Scizor|Scizor, L50, M|100\/100\n|turn|3\n|\n|t:|1700353755\n|-terastallize|p2b: Scizor|Fire\n|move|p1a: Landorus|Rock Slide|p2b: Scizor|[spread] p2a,p2b\n|-supereffective|p2b: Scizor\n|-damage|p2a: Flutter Mane|47\/100\n|-damage|p2b: Scizor|56\/100\n|move|p2a: Flutter Mane|Moonblast|p1a: Landorus\n|-damage|p1a: Landorus|4\/100\n|-unboost|p1a: Landorus|spa|1\n|move|p1b: Heatran|Heat Wave|p2a: Flutter Mane|[spread] p2b\n|-miss|p1b: Heatran|p2a: Flutter Mane\n|-resisted|p2b: Scizor\n|-damage|p2b: Scizor|31\/100\n|move|p2b: Scizor|Close Combat|p1b: Heatran\n|-supereffective|p1b: Heatran\n|-damage|p1b: Heatran|11\/100\n|-unboost|p2b: Scizor|def|1\n|-unboost|p2b: Scizor|spd|1\n|\n|upkeep\n|turn|4\n|\n|t:|1700353788\n|switch|p1a: Sinistcha|Sinistcha-Masterpiece, L50|100\/100\n|-heal|p1b: Heatran|35\/100|[from] ability: Hospitality|[of] p1a: Sinistcha\n|-terastallize|p1b: Heatran|Fairy\n|move|p2b: Scizor|Bullet Punch|p1a: Sinistcha\n|-damage|p1a: Sinistcha|67\/100\n|-damage|p2b: Scizor|14\/100|[from] item: Rocky Helmet|[of] p1a: Sinistcha\n|move|p2a: Flutter Mane|Moonblast|p1b: Heatran\n|-damage|p1b: Heatran|0 fnt\n|faint|p1b: Heatran\n|\n|upkeep\n|\n|t:|1700353801\n|switch|p1b: Landorus|Landorus-Therian, L50, M|4\/100\n|-ability|p1b: Landorus|Intimidate|boost\n|-unboost|p2a: Flutter Mane|atk|1\n|-fail|p2b: Scizor|unboost|[from] item: Clear Amulet|[of] p2b: Scizor\n|turn|5\n|\n|t:|1700353814\n|move|p1a: Sinistcha|Rage Powder|p1a: Sinistcha\n|-singleturn|p1a: Sinistcha|move: Rage Powder\n|move|p2b: Scizor|Bullet Punch|p1a: Sinistcha\n|-damage|p1a: Sinistcha|35\/100\n|-damage|p2b: Scizor|0 fnt|[from] item: Rocky Helmet|[of] p1a: Sinistcha\n|faint|p2b: Scizor\n|move|p1b: Landorus|Rock Slide|p2a: Flutter Mane|[miss]\n|-miss|p1b: Landorus|p2a: Flutter Mane\n|move|p2a: Flutter Mane|Moonblast|p1a: Sinistcha\n|-damage|p1a: Sinistcha|0 fnt\n|faint|p1a: Sinistcha\n|\n|upkeep\n|turn|6\n|\n|t:|1700353822\n|move|p1b: Landorus|Rock Slide|p2a: Flutter Mane\n|-damage|p2a: Flutter Mane|0 fnt\n|faint|p2a: Flutter Mane\n|-end|p2a: Flutter Mane|Protosynthesis|[silent]\n|\n|win|Orionseas\n|raw|Orionseas's rating: 1296 &rarr; <strong>1324<\/strong><br \/>(+28 for winning)\n|raw|SquishBeak's rating: 1336 &rarr; <strong>1314<\/strong><br \/>(-22 for losing)\n|l|\u2606SquishBeak\n","uploadtime":1700353841,"views":19,"p1id":"orionseas","p2id":"squishbeak","formatid":"gen9vgc2023regulatione","rating":1314,"private":0,"password":""}