{"id":"gen9vgc2023regulatione-1995797698","p1":"dsfantic","p2":"eEmeraldl","format":"[Gen 9] VGC 2023 Regulation E","log":"|j|\u2606dsfantic\n|j|\u2606eEmeraldl\n|t:|1700604139\n|gametype|doubles\n|player|p1|dsfantic|265|1150\n|player|p2|eEmeraldl|ethan|1175\n|teamsize|p1|6\n|teamsize|p2|6\n|gen|9\n|tier|[Gen 9] VGC 2023 Regulation E\n|rated|\n|rule|Species Clause: Limit one of each Pok\u00e9mon\n|rule|Item Clause: Limit one of each item\n|clearpoke\n|poke|p1|Cramorant, L50, M|\n|poke|p1|Amoonguss, L50, F|\n|poke|p1|Farigiraf, L50, F|\n|poke|p1|Landorus-Therian, L50, M|\n|poke|p1|Iron Hands, L50|\n|poke|p1|Chi-Yu, L50|\n|poke|p2|Glaceon, L50, M|\n|poke|p2|Ninetales-Alola, L50, F|\n|poke|p2|Regieleki, L50|\n|poke|p2|Arcanine-Hisui, L50, M|\n|poke|p2|Tornadus, L50, M|\n|poke|p2|Rillaboom, L50, M|\n|teampreview|4\n|inactive|Battle timer is ON: inactive players will automatically lose when time's up. (requested by eEmeraldl)\n|\n|t:|1700604167\n|start\n|switch|p1a: Farigiraf|Farigiraf, L50, F|100\/100\n|switch|p1b: Cramorant|Cramorant, L50, M|100\/100\n|switch|p2a: Glaceon|Glaceon, L50, M|100\/100\n|switch|p2b: Ninetales|Ninetales-Alola, L50, F|100\/100\n|-weather|Snow|[from] ability: Snow Warning|[of] p2b: Ninetales\n|turn|1\n|\n|t:|1700604191\n|switch|p1b: Chi-Yu|Chi-Yu, L50|100\/100\n|-ability|p1b: Chi-Yu|Beads of Ruin\n|move|p2b: Ninetales|Aurora Veil|p2b: Ninetales\n|-sidestart|p2: eEmeraldl|move: Aurora Veil\n|move|p2a: Glaceon|Blizzard|p1b: Chi-Yu|[spread] p1a,p1b\n|-resisted|p1b: Chi-Yu\n|-damage|p1a: Farigiraf|56\/100\n|-damage|p1b: Chi-Yu|70\/100\n|move|p1a: Farigiraf|Trick Room|p1a: Farigiraf\n|-fieldstart|move: Trick Room|[of] p1a: Farigiraf\n|\n|-weather|Snow|[upkeep]\n|upkeep\n|turn|2\n|inactive|dsfantic has 30 seconds left.\n|inactive|eEmeraldl has 30 seconds left.\n|\n|t:|1700604219\n|switch|p1a: Iron Hands|Iron Hands, L50|100\/100\n|-terastallize|p2a: Glaceon|Fairy\n|-terastallize|p1b: Chi-Yu|Ghost\n|move|p2b: Ninetales|Helping Hand|p2a: Glaceon\n|-singleturn|p2a: Glaceon|Helping Hand|[of] p2b: Ninetales\n|move|p2a: Glaceon|Blizzard|p1a: Iron Hands|[spread] p1a,p1b\n|-damage|p1a: Iron Hands|38\/100\n|-damage|p1b: Chi-Yu|0 fnt\n|faint|p1b: Chi-Yu\n|\n|-weather|Snow|[upkeep]\n|upkeep\n|\n|t:|1700604234\n|switch|p1b: Cramorant|Cramorant, L50, M|100\/100\n|turn|3\n|\n|t:|1700604246\n|move|p2b: Ninetales|Helping Hand|p2a: Glaceon\n|-singleturn|p2a: Glaceon|Helping Hand|[of] p2b: Ninetales\n|move|p1b: Cramorant|Protect|p1b: Cramorant\n|-singleturn|p1b: Cramorant|Protect\n|move|p1a: Iron Hands|Heavy Slam|p2a: Glaceon\n|-supereffective|p2a: Glaceon\n|-damage|p2a: Glaceon|36\/100\n|move|p2a: Glaceon|Blizzard|p1a: Iron Hands|[spread] p1a\n|-activate|p1b: Cramorant|move: Protect\n|-damage|p1a: Iron Hands|0 fnt\n|faint|p1a: Iron Hands\n|-end|p1a: Iron Hands|Quark Drive|[silent]\n|\n|-weather|Snow|[upkeep]\n|upkeep\n|l|\u2606eEmeraldl\n|inactive|eEmeraldl disconnected and has a minute to reconnect!\n|player|p2|\n|\n|t:|1700604259\n|switch|p1a: Farigiraf|Farigiraf, L50, F|56\/100\n|turn|4\n|j|\u2606eEmeraldl\n|inactive|eEmeraldl reconnected and has 55 seconds left.\n|player|p2|eEmeraldl|ethan\n|\n|t:|1700604271\n|move|p2b: Ninetales|Helping Hand|p2a: Glaceon\n|-singleturn|p2a: Glaceon|Helping Hand|[of] p2b: Ninetales\n|move|p1a: Farigiraf|Psychic|p2a: Glaceon\n|-damage|p2a: Glaceon|11\/100\n|move|p2a: Glaceon|Blizzard|p1a: Farigiraf|[spread] p1a,p1b\n|-crit|p1b: Cramorant\n|-damage|p1a: Farigiraf|9\/100\n|-damage|p1b: Cramorant|0 fnt\n|-enditem|p1a: Farigiraf|Sitrus Berry|[eat]\n|-heal|p1a: Farigiraf|34\/100|[from] item: Sitrus Berry\n|faint|p1b: Cramorant\n|\n|-weather|Snow|[upkeep]\n|upkeep\n|turn|5\n|-message|dsfantic forfeited.\n|\n|win|eEmeraldl\n|raw|dsfantic's rating: 1150 &rarr; <strong>1127<\/strong><br \/>(-23 for losing)\n|raw|eEmeraldl's rating: 1175 &rarr; <strong>1198<\/strong><br \/>(+23 for winning)\n|l|\u2606dsfantic\n","uploadtime":1700604347,"views":1,"p1id":"dsfantic","p2id":"eemeraldl","formatid":"gen9vgc2023regulatione","rating":1127,"private":0,"password":""}