{"id":"gen9vgc2023regulatione-1997614720","p1":"Donler","p2":"bea the queen","format":"[Gen 9] VGC 2023 Regulation E","log":"|j|\u2606Donler\n|j|\u2606bea the queen\n|t:|1700833222\n|gametype|doubles\n|player|p1|Donler|1|\n|player|p2|bea the queen|n|\n|teamsize|p1|6\n|teamsize|p2|6\n|gen|9\n|tier|[Gen 9] VGC 2023 Regulation E\n|rule|Species Clause: Limit one of each Pok\u00e9mon\n|rule|Item Clause: Limit one of each item\n|clearpoke\n|poke|p1|Roaring Moon, L50|\n|poke|p1|Annihilape, L50, F|\n|poke|p1|Chien-Pao, L50|\n|poke|p1|Sylveon, L50, M|\n|poke|p1|Articuno-Galar, L50|\n|poke|p1|Regieleki, L50|\n|poke|p2|Tornadus, L50, M|\n|poke|p2|Farigiraf, L50, M|\n|poke|p2|Regidrago, L50|\n|poke|p2|Gholdengo, L50|\n|poke|p2|Arcanine, L50, F|\n|poke|p2|Ogerpon-Wellspring, L50, F|\n|teampreview|4\n|\n|t:|1700833266\n|start\n|switch|p1a: UwU|Roaring Moon, L50|100\/100\n|switch|p1b: :3|Annihilape, L50, F|100\/100\n|switch|p2a: ramona's cat|Arcanine, L50, F|100\/100\n|switch|p2b: g man|Gholdengo, L50|100\/100\n|-ability|p2a: ramona's cat|Intimidate|boost\n|-unboost|p1a: UwU|atk|1\n|-unboost|p1b: :3|atk|1\n|-ability|p1b: :3|Defiant|boost\n|-boost|p1b: :3|atk|2\n|-enditem|p1a: UwU|Booster Energy\n|-activate|p1a: UwU|ability: Protosynthesis|[fromitem]\n|-start|p1a: UwU|protosynthesisspe\n|turn|1\n|\n|t:|1700833310\n|move|p1a: UwU|Rock Slide|p2a: ramona's cat|[spread] p2a,p2b\n|-supereffective|p2a: ramona's cat\n|-resisted|p2b: g man\n|-damage|p2a: ramona's cat|71\/100\n|-damage|p2b: g man|92\/100\n|move|p2a: ramona's cat|Will-O-Wisp|p1b: :3\n|-status|p1b: :3|brn\n|cant|p2b: g man|flinch\n|move|p1b: :3|Rage Fist|p2b: g man\n|-supereffective|p2b: g man\n|-damage|p2b: g man|50\/100\n|\n|-damage|p1b: :3|95\/100 brn|[from] brn\n|upkeep\n|turn|2\n|\n|t:|1700833333\n|move|p1a: UwU|Rock Slide|p2b: g man|[spread] p2a,p2b\n|-supereffective|p2a: ramona's cat\n|-resisted|p2b: g man\n|-damage|p2a: ramona's cat|43\/100\n|-damage|p2b: g man|42\/100\n|move|p2a: ramona's cat|Will-O-Wisp|p1a: UwU\n|-status|p1a: UwU|brn\n|move|p2b: g man|Shadow Ball|p1b: :3\n|-supereffective|p1b: :3\n|-damage|p1b: :3|14\/100 brn\n|move|p1b: :3|Bulk Up|p1b: :3\n|-boost|p1b: :3|atk|1\n|-boost|p1b: :3|def|1\n|\n|-heal|p1b: :3|20\/100 brn|[from] item: Leftovers\n|-damage|p1a: UwU|94\/100 brn|[from] brn\n|-damage|p1b: :3|14\/100 brn|[from] brn\n|upkeep\n|turn|3\n|\n|t:|1700833351\n|switch|p2b: ramona flowers|Tornadus, L50, M|100\/100\n|move|p1b: :3|Protect|p1b: :3\n|-singleturn|p1b: :3|Protect\n|move|p1a: UwU|Rock Slide|p2b: ramona flowers|[spread] p2b\n|-miss|p1a: UwU|p2a: ramona's cat\n|-supereffective|p2b: ramona flowers\n|-damage|p2b: ramona flowers|78\/100\n|move|p2a: ramona's cat|Flare Blitz|p1b: :3\n|-activate|p1b: :3|move: Protect\n|\n|-heal|p1b: :3|20\/100 brn|[from] item: Leftovers\n|-damage|p1a: UwU|88\/100 brn|[from] brn\n|-damage|p1b: :3|14\/100 brn|[from] brn\n|upkeep\n|turn|4\n|\n|t:|1700833374\n|move|p2b: ramona flowers|Tailwind|p2b: ramona flowers\n|-sidestart|p2: bea the queen|move: Tailwind\n|move|p2a: ramona's cat|Flare Blitz|p1b: :3\n|-damage|p1b: :3|0 fnt\n|faint|p1b: :3\n|-damage|p2a: ramona's cat|38\/100|[from] Recoil\n|move|p1a: UwU|Rock Slide|p2b: ramona flowers|[spread] p2a,p2b\n|-supereffective|p2a: ramona's cat\n|-supereffective|p2b: ramona flowers\n|-damage|p2a: ramona's cat|22\/100\n|-damage|p2b: ramona flowers|58\/100\n|\n|-damage|p1a: UwU|82\/100 brn|[from] brn\n|upkeep\n|\n|t:|1700833387\n|switch|p1b: OwO|Sylveon, L50, M|100\/100\n|turn|5\n|\n|t:|1700833396\n|-terastallize|p1b: OwO|Fairy\n|move|p2b: ramona flowers|Taunt|p1b: OwO\n|-start|p1b: OwO|move: Taunt\n|move|p2a: ramona's cat|Flare Blitz|p1b: OwO\n|-damage|p1b: OwO|33\/100\n|-damage|p2a: ramona's cat|3\/100|[from] Recoil\n|move|p1a: UwU|Rock Slide|p2b: ramona flowers|[spread] p2a\n|-miss|p1a: UwU|p2b: ramona flowers\n|-supereffective|p2a: ramona's cat\n|-damage|p2a: ramona's cat|0 fnt\n|faint|p2a: ramona's cat\n|move|p1b: OwO|Hyper Voice|p2b: ramona flowers\n|-damage|p2b: ramona flowers|0 fnt\n|faint|p2b: ramona flowers\n|\n|-damage|p1a: UwU|76\/100 brn|[from] brn\n|upkeep\n|\n|t:|1700833410\n|switch|p2b: scot pilgrim|Regidrago, L50|100\/100\n|switch|p2a: g man|Gholdengo, L50|42\/100\n|turn|6\n|\n|t:|1700833422\n|-terastallize|p2b: scot pilgrim|Dragon\n|move|p2a: g man|Make It Rain|p1b: OwO|[spread] p1a,p1b\n|-supereffective|p1b: OwO\n|-damage|p1a: UwU|25\/100 brn\n|-damage|p1b: OwO|0 fnt\n|-unboost|p2a: g man|spa|1\n|faint|p1b: OwO\n|move|p2b: scot pilgrim|Dragon Energy|p1a: UwU\n|-supereffective|p1a: UwU\n|-damage|p1a: UwU|0 fnt\n|faint|p1a: UwU\n|-end|p1a: UwU|Protosynthesis|[silent]\n|\n|upkeep\n|\n|t:|1700833429\n|switch|p1a: >:3|Chien-Pao, L50|100\/100\n|-ability|p1a: >:3|Sword of Ruin\n|turn|7\n|\n|t:|1700833436\n|move|p1a: >:3|Protect|p1a: >:3\n|-singleturn|p1a: >:3|Protect\n|move|p2a: g man|Make It Rain|p1a: >:3\n|-activate|p1a: >:3|move: Protect\n|move|p2b: scot pilgrim|Dragon Energy|p1a: >:3\n|-activate|p1a: >:3|move: Protect\n|\n|-sideend|p2: bea the queen|move: Tailwind\n|upkeep\n|turn|8\n|\n|t:|1700833453\n|move|p1a: >:3|Sucker Punch|p2a: g man\n|-supereffective|p2a: g man\n|-damage|p2a: g man|0 fnt\n|faint|p2a: g man\n|move|p2b: scot pilgrim|Dragon Energy|p1a: >:3\n|-damage|p1a: >:3|0 fnt\n|faint|p1a: >:3\n|\n|win|bea the queen\n|c|\u2606bea the queen|gg\n|c|\u2606Donler|gg\n","uploadtime":1700833773,"views":7,"p1id":"donler","p2id":"beathequeen","formatid":"gen9vgc2023regulatione","rating":0,"private":0,"password":""}