{"id":"gen9vgc2023regulatione-1994847900","p1":"Cataxtrophe","p2":"Llort365","format":"[Gen 9] VGC 2023 Regulation E","log":"|j|\u2606Cataxtrophe\n|j|\u2606Llort365\n|t:|1700498297\n|gametype|doubles\n|player|p1|Cataxtrophe|shadowtriad|1087\n|player|p2|Llort365|hilbert-wonderlauncher|1082\n|teamsize|p1|6\n|teamsize|p2|6\n|gen|9\n|tier|[Gen 9] VGC 2023 Regulation E\n|rated|\n|rule|Species Clause: Limit one of each Pok\u00e9mon\n|rule|Item Clause: Limit one of each item\n|clearpoke\n|poke|p1|Kleavor, L50, F|\n|poke|p1|Tornadus, L50, M|\n|poke|p1|Urshifu-*, L50, F|\n|poke|p1|Chien-Pao, L50|\n|poke|p1|Dragapult, L50, M|\n|poke|p1|Heatran, L50, M|\n|poke|p2|Tinkaton, L50, F|\n|poke|p2|Amoonguss, L50, F|\n|poke|p2|Iron Bundle, L50|\n|poke|p2|Flutter Mane, L50|\n|poke|p2|Kingambit, L50, F|\n|poke|p2|Chi-Yu, L50|\n|teampreview|4\nLlort365 has agreed to open team sheets.\n|inactive|Battle timer is ON: inactive players will automatically lose when time's up. (requested by Cataxtrophe)\n|\n|t:|1700498374\n|start\n|switch|p1a: Tornadus|Tornadus, L50, M|100\/100\n|switch|p1b: Urshifu|Urshifu-Rapid-Strike, L50, F|100\/100\n|switch|p2a: Iron Bundle|Iron Bundle, L50|100\/100\n|switch|p2b: Amoonguss|Amoonguss, L50, F|100\/100\n|-enditem|p2a: Iron Bundle|Booster Energy\n|-activate|p2a: Iron Bundle|ability: Quark Drive|[fromitem]\n|-start|p2a: Iron Bundle|quarkdrivespe\n|turn|1\n|inactive|Cataxtrophe has 30 seconds left.\n|inactive|Llort365 has 30 seconds left.\n|inactive|Cataxtrophe has 20 seconds left.\n|\n|t:|1700498411\n|move|p1a: Tornadus|Tailwind|p1a: Tornadus\n|-sidestart|p1: Cataxtrophe|move: Tailwind\n|move|p1b: Urshifu|Close Combat|p2a: Iron Bundle\n|-supereffective|p2a: Iron Bundle\n|-damage|p2a: Iron Bundle|0 fnt\n|-unboost|p1b: Urshifu|def|1\n|-unboost|p1b: Urshifu|spd|1\n|faint|p2a: Iron Bundle\n|-end|p2a: Iron Bundle|Quark Drive|[silent]\n|move|p2b: Amoonguss|Spore|p1a: Tornadus\n|-status|p1a: Tornadus|slp|[from] move: Spore\n|\n|upkeep\n|\n|t:|1700498426\n|switch|p2a: Flutter Mane|Flutter Mane, L50|100\/100\n|turn|2\n|\n|t:|1700498445\n|-terastallize|p1b: Urshifu|Water\n|-terastallize|p2a: Flutter Mane|Fairy\n|move|p2b: Amoonguss|Rage Powder|p2b: Amoonguss\n|-singleturn|p2b: Amoonguss|move: Rage Powder\n|cant|p1a: Tornadus|slp\n|move|p1b: Urshifu|Surging Strikes|p2b: Amoonguss\n|-resisted|p2b: Amoonguss\n|-crit|p2b: Amoonguss\n|-damage|p2b: Amoonguss|87\/100\n|-resisted|p2b: Amoonguss\n|-crit|p2b: Amoonguss\n|-damage|p2b: Amoonguss|74\/100\n|-resisted|p2b: Amoonguss\n|-crit|p2b: Amoonguss\n|-damage|p2b: Amoonguss|60\/100\n|-hitcount|p2b: Amoonguss|3\n|move|p2a: Flutter Mane|Shadow Ball|p1b: Urshifu\n|-damage|p1b: Urshifu|22\/100\n|-unboost|p1b: Urshifu|spd|1\n|\n|upkeep\n|turn|3\n|inactive|Cataxtrophe has 30 seconds left.\n|inactive|Llort365 has 30 seconds left.\n|inactive|Cataxtrophe has 20 seconds left.\n|inactive|Llort365 has 20 seconds left.\n|\n|t:|1700498486\n|switch|p1b: Heatran|Heatran, L50, M, shiny|100\/100\n|move|p2b: Amoonguss|Rage Powder|p2b: Amoonguss\n|-singleturn|p2b: Amoonguss|move: Rage Powder\n|-curestatus|p1a: Tornadus|slp|[msg]\n|move|p1a: Tornadus|Heat Wave|p2a: Flutter Mane|[spread] p2a\n|-miss|p1a: Tornadus|p2b: Amoonguss\n|-damage|p2a: Flutter Mane|77\/100\n|move|p2a: Flutter Mane|Dazzling Gleam|p1b: Heatran|[spread] p1a,p1b\n|-resisted|p1b: Heatran\n|-damage|p1a: Tornadus|43\/100\n|-damage|p1b: Heatran|90\/100\n|-enditem|p1a: Tornadus|Sitrus Berry|[eat]\n|-heal|p1a: Tornadus|68\/100|[from] item: Sitrus Berry\n|\n|-heal|p1b: Heatran|96\/100|[from] item: Leftovers\n|upkeep\n|turn|4\n|inactive|Cataxtrophe has 30 seconds left.\n|inactive|Llort365 has 30 seconds left.\n|\n|t:|1700498518\n|switch|p2b: Tinkaton|Tinkaton, L50, F|100\/100\n|-ability|p2b: Tinkaton|Mold Breaker\n|move|p2a: Flutter Mane|Protect|p2a: Flutter Mane\n|-singleturn|p2a: Flutter Mane|Protect\n|move|p1a: Tornadus|Heat Wave|p2b: Tinkaton|[spread] \n|-activate|p2a: Flutter Mane|move: Protect\n|-miss|p1a: Tornadus|p2b: Tinkaton\n|move|p1b: Heatran|Flash Cannon|p2a: Flutter Mane\n|-activate|p2a: Flutter Mane|move: Protect\n|\n|-heal|p1b: Heatran|100\/100|[from] item: Leftovers\n|-sideend|p1: Cataxtrophe|move: Tailwind\n|upkeep\n|turn|5\n|\n|t:|1700498535\n|move|p2b: Tinkaton|Fake Out|p1b: Heatran\n|-resisted|p1b: Heatran\n|-damage|p1b: Heatran|97\/100\n|move|p1a: Tornadus|Tailwind|p1a: Tornadus\n|-sidestart|p1: Cataxtrophe|move: Tailwind\n|cant|p1b: Heatran|flinch\n|move|p2a: Flutter Mane|Moonblast|p1a: Tornadus\n|-damage|p1a: Tornadus|0 fnt\n|faint|p1a: Tornadus\n|\n|-heal|p1b: Heatran|100\/100|[from] item: Leftovers\n|upkeep\n|\n|t:|1700498556\n|switch|p1a: Urshifu|Urshifu-Rapid-Strike, L50, F, tera:Water|22\/100\n|turn|6\n|\n|t:|1700498579\n|-end|p2a: Flutter Mane|Protosynthesis|[silent]\n|switch|p2a: Amoonguss|Amoonguss, L50, F|94\/100\n|move|p1a: Urshifu|Surging Strikes|p2a: Amoonguss\n|-resisted|p2a: Amoonguss\n|-crit|p2a: Amoonguss\n|-damage|p2a: Amoonguss|81\/100\n|-resisted|p2a: Amoonguss\n|-crit|p2a: Amoonguss\n|-damage|p2a: Amoonguss|68\/100\n|-resisted|p2a: Amoonguss\n|-crit|p2a: Amoonguss\n|-damage|p2a: Amoonguss|54\/100\n|-hitcount|p2a: Amoonguss|3\n|move|p1b: Heatran|Earth Power|p2b: Tinkaton\n|-supereffective|p2b: Tinkaton\n|-damage|p2b: Tinkaton|57\/100\n|move|p2b: Tinkaton|Thunder Wave|p1a: Urshifu\n|-status|p1a: Urshifu|par\n|\n|upkeep\n|turn|7\n|inactive|Llort365 has 30 seconds left.\n|\n|t:|1700498610\n|switch|p2b: Flutter Mane|Flutter Mane, L50, tera:Fairy|77\/100\n|move|p2a: Amoonguss|Rage Powder|p2a: Amoonguss\n|-singleturn|p2a: Amoonguss|move: Rage Powder\n|move|p1b: Heatran|Earth Power|p2a: Amoonguss\n|-damage|p2a: Amoonguss|26\/100\n|move|p1a: Urshifu|Surging Strikes|p2a: Amoonguss\n|-resisted|p2a: Amoonguss\n|-crit|p2a: Amoonguss\n|-damage|p2a: Amoonguss|13\/100\n|-resisted|p2a: Amoonguss\n|-crit|p2a: Amoonguss\n|-damage|p2a: Amoonguss|1\/100\n|-resisted|p2a: Amoonguss\n|-crit|p2a: Amoonguss\n|-damage|p2a: Amoonguss|0 fnt\n|faint|p2a: Amoonguss\n|-hitcount|p2: Amoonguss|3\n|\n|upkeep\n|\n|t:|1700498624\n|switch|p2a: Tinkaton|Tinkaton, L50, F|57\/100\n|-ability|p2a: Tinkaton|Mold Breaker\n|turn|8\n|\n|t:|1700498631\n|move|p1b: Heatran|Protect|p1b: Heatran\n|-singleturn|p1b: Heatran|Protect\n|move|p1a: Urshifu|Detect|p1a: Urshifu\n|-singleturn|p1a: Urshifu|Protect\n|move|p2a: Tinkaton|Fake Out|p1b: Heatran\n|-activate|p1b: Heatran|move: Protect\n|move|p2b: Flutter Mane|Dazzling Gleam|p1a: Urshifu|[spread] \n|-activate|p1a: Urshifu|move: Protect\n|-activate|p1b: Heatran|move: Protect\n|\n|-sideend|p1: Cataxtrophe|move: Tailwind\n|upkeep\n|turn|9\n|\n|t:|1700498656\n|move|p2b: Flutter Mane|Dazzling Gleam|p1b: Heatran|[spread] p1a,p1b\n|-crit|p1a: Urshifu\n|-resisted|p1b: Heatran\n|-damage|p1a: Urshifu|0 fnt\n|-damage|p1b: Heatran|90\/100\n|faint|p1a: Urshifu\n|move|p1b: Heatran|Heat Wave|p2a: Tinkaton|[spread] p2a\n|-miss|p1b: Heatran|p2b: Flutter Mane\n|-supereffective|p2a: Tinkaton\n|-damage|p2a: Tinkaton|4\/100\n|move|p2a: Tinkaton|Thunder Wave|p1b: Heatran|[miss]\n|-miss|p2a: Tinkaton|p1b: Heatran\n|\n|-heal|p1b: Heatran|96\/100|[from] item: Leftovers\n|upkeep\n|\n|t:|1700498669\n|switch|p1a: Kleavor|Kleavor, L50, F|100\/100\n|turn|10\n|\n|t:|1700498687\n|move|p1a: Kleavor|Stone Axe|p2b: Flutter Mane|[miss]\n|-miss|p1a: Kleavor|p2b: Flutter Mane\n|move|p2b: Flutter Mane|Shadow Ball|p1b: Heatran\n|-damage|p1b: Heatran|56\/100\n|move|p1b: Heatran|Flash Cannon|p2b: Flutter Mane\n|-supereffective|p2b: Flutter Mane\n|-damage|p2b: Flutter Mane|0 fnt\n|faint|p2b: Flutter Mane\n|-end|p2b: Flutter Mane|Protosynthesis|[silent]\n|move|p2a: Tinkaton|Gigaton Hammer|p1a: Kleavor\n|-supereffective|p1a: Kleavor\n|-damage|p1a: Kleavor|0 fnt\n|faint|p1a: Kleavor\n|\n|-heal|p1b: Heatran|62\/100|[from] item: Leftovers\n|upkeep\n|turn|11\n|c|\u2606Llort365|gg\n|\n|t:|1700498703\n|move|p1b: Heatran|Heat Wave|p2a: Tinkaton\n|-supereffective|p2a: Tinkaton\n|-damage|p2a: Tinkaton|0 fnt\n|faint|p2a: Tinkaton\n|\n|win|Cataxtrophe\n|raw|Cataxtrophe's rating: 1087 &rarr; <strong>1114<\/strong><br \/>(+27 for winning)\n|raw|Llort365's rating: 1082 &rarr; <strong>1060<\/strong><br \/>(-22 for losing)\n","uploadtime":1700498708,"views":2,"p1id":"cataxtrophe","p2id":"llort365","formatid":"gen9vgc2023regulatione","rating":1060,"private":0,"password":""}