{"id":"gen9vgc2023regulatione-1989674024","p1":"SwimWithTheFishies","p2":"senonericosi","format":"[Gen 9] VGC 2023 Regulation E","log":"|j|\u2606SwimWithTheFishies\n|j|\u2606senonericosi\n|t:|1699885637\n|gametype|doubles\n|player|p1|SwimWithTheFishies|swimmer-gen4dp|1163\n|player|p2|senonericosi|101|1072\n|teamsize|p1|6\n|teamsize|p2|6\n|gen|9\n|tier|[Gen 9] VGC 2023 Regulation E\n|rated|\n|rule|Species Clause: Limit one of each Pok\u00e9mon\n|rule|Item Clause: Limit one of each item\n|clearpoke\n|poke|p1|Iron Hands, L50|\n|poke|p1|Landorus-Therian, L50, M|\n|poke|p1|Flutter Mane, L50|\n|poke|p1|Amoonguss, L50, F|\n|poke|p1|Heatran, L50, M|\n|poke|p1|Roaring Moon, L50|\n|poke|p2|Grimmsnarl, L50, M|\n|poke|p2|Landorus-Therian, L50, M|\n|poke|p2|Glimmora, L50, F|\n|poke|p2|Milotic, L50, M|\n|poke|p2|Iron Hands, L50|\n|poke|p2|Slowbro-Galar, L50, F|\n|teampreview|4\n|inactive|Battle timer is ON: inactive players will automatically lose when time's up. (requested by SwimWithTheFishies)\nSwimWithTheFishies has agreed to open team sheets.\n|inactive|SwimWithTheFishies has 60 seconds left.\n|inactive|senonericosi has 60 seconds left.\n|\n|t:|1699885684\n|start\n|switch|p1a: Flutter Mane|Flutter Mane, L50|100\/100\n|switch|p1b: Amoonguss|Amoonguss, L50, F|100\/100\n|switch|p2a: Grimmsnarl|Grimmsnarl, L50, M|100\/100\n|switch|p2b: Milotic|Milotic, L50, M|100\/100\n|turn|1\n|inactive|senonericosi has 30 seconds left.\n|inactive|senonericosi has 20 seconds left.\n|inactive|senonericosi has 15 seconds left.\n|\n|t:|1699885727\n|move|p2a: Grimmsnarl|Parting Shot|p1a: Flutter Mane\n|-unboost|p1a: Flutter Mane|atk|1\n|-unboost|p1a: Flutter Mane|spa|1\n|\n|t:|1699885734\n|switch|p2a: Landorus|Landorus-Therian, L50, M|100\/100|[from] Parting Shot\n|-ability|p2a: Landorus|Intimidate|boost\n|-unboost|p1a: Flutter Mane|atk|1\n|-unboost|p1b: Amoonguss|atk|1\n|move|p1a: Flutter Mane|Moonblast|p2a: Landorus\n|-damage|p2a: Landorus|40\/100\n|move|p2b: Milotic|Icy Wind|p1b: Amoonguss|[spread] p1a,p1b\n|-supereffective|p1b: Amoonguss\n|-damage|p1a: Flutter Mane|92\/100\n|-damage|p1b: Amoonguss|82\/100\n|-unboost|p1a: Flutter Mane|spe|1\n|-unboost|p1b: Amoonguss|spe|1\n|move|p1b: Amoonguss|Spore|p2b: Milotic\n|-status|p2b: Milotic|slp|[from] move: Spore\n|\n|upkeep\n|turn|2\n|inactive|SwimWithTheFishies has 30 seconds left.\n|inactive|senonericosi has 30 seconds left.\n|inactive|SwimWithTheFishies has 20 seconds left.\n|inactive|SwimWithTheFishies has 15 seconds left.\n|\n|t:|1699885776\n|-terastallize|p2a: Landorus|Flying\n|move|p1b: Amoonguss|Rage Powder|p1b: Amoonguss\n|-singleturn|p1b: Amoonguss|move: Rage Powder\n|move|p2a: Landorus|Tera Blast|p1b: Amoonguss|[anim] Tera Blast Flying\n|-supereffective|p1b: Amoonguss\n|-damage|p1b: Amoonguss|0 fnt\n|faint|p1b: Amoonguss\n|move|p1a: Flutter Mane|Moonblast|p2a: Landorus\n|-damage|p2a: Landorus|0 fnt\n|faint|p2a: Landorus\n|cant|p2b: Milotic|slp\n|\n|upkeep\n|\n|t:|1699885790\n|switch|p2a: Grimmsnarl|Grimmsnarl, L50, M|100\/100\n|switch|p1b: Iron Hands|Iron Hands, L50|100\/100\n|turn|3\n|\n|t:|1699885807\n|switch|p2a: Slowbro|Slowbro-Galar, L50, F|100\/100\n|-terastallize|p1a: Flutter Mane|Fairy\n|move|p1b: Iron Hands|Fake Out|p2a: Slowbro\n|-damage|p2a: Slowbro|90\/100\n|move|p1a: Flutter Mane|Moonblast|p2a: Slowbro\n|-resisted|p2a: Slowbro\n|-damage|p2a: Slowbro|56\/100\n|-unboost|p2a: Slowbro|spa|1\n|cant|p2b: Milotic|slp\n|\n|upkeep\n|turn|4\n|inactive|senonericosi has 30 seconds left.\n|\n|t:|1699885833\n|-end|p1a: Flutter Mane|Protosynthesis|[silent]\n|switch|p1a: Heatran|Heatran, L50, M|100\/100\n|-curestatus|p2b: Milotic|slp|[msg]\n|move|p2b: Milotic|Scald|p1a: Heatran\n|-supereffective|p1a: Heatran\n|-damage|p1a: Heatran|56\/100\n|move|p1b: Iron Hands|Wild Charge|p2b: Milotic\n|-supereffective|p2b: Milotic\n|-damage|p2b: Milotic|0 fnt\n|faint|p2b: Milotic\n|-damage|p1b: Iron Hands|79\/100|[from] Recoil\n|move|p2a: Slowbro|Psychic|p1b: Iron Hands\n|-supereffective|p1b: Iron Hands\n|-damage|p1b: Iron Hands|55\/100\n|\n|-heal|p1a: Heatran|62\/100|[from] item: Leftovers\n|upkeep\n|\n|t:|1699885849\n|switch|p2b: Grimmsnarl|Grimmsnarl, L50, M|100\/100\n|turn|5\n|\n|t:|1699885866\n|move|p2a: Slowbro|Protect|p2a: Slowbro\n|-singleturn|p2a: Slowbro|Protect\n|move|p1a: Heatran|Earth Power|p2a: Slowbro\n|-activate|p2a: Slowbro|move: Protect\n|move|p2b: Grimmsnarl|Spirit Break|p1b: Iron Hands\n|-supereffective|p1b: Iron Hands\n|-damage|p1b: Iron Hands|17\/100\n|-unboost|p1b: Iron Hands|spa|1\n|move|p1b: Iron Hands|Heavy Slam|p2b: Grimmsnarl\n|-supereffective|p2b: Grimmsnarl\n|-damage|p2b: Grimmsnarl|14\/100\n|\n|-heal|p1a: Heatran|68\/100|[from] item: Leftovers\n|upkeep\n|turn|6\n|\n|t:|1699885887\n|move|p2b: Grimmsnarl|Light Screen|p2b: Grimmsnarl\n|-sidestart|p2: senonericosi|move: Light Screen\n|move|p1a: Heatran|Earth Power|p2a: Slowbro\n|-supereffective|p2a: Slowbro\n|-damage|p2a: Slowbro|4\/100\n|move|p1b: Iron Hands|Heavy Slam|p2b: Grimmsnarl\n|-supereffective|p2b: Grimmsnarl\n|-damage|p2b: Grimmsnarl|0 fnt\n|faint|p2b: Grimmsnarl\n|move|p2a: Slowbro|Psychic|p1b: Iron Hands\n|-supereffective|p1b: Iron Hands\n|-damage|p1b: Iron Hands|0 fnt\n|faint|p1b: Iron Hands\n|-end|p1b: Iron Hands|Quark Drive|[silent]\n|\n|-heal|p1a: Heatran|74\/100|[from] item: Leftovers\n|upkeep\n|\n|t:|1699885899\n|switch|p1b: Flutter Mane|Flutter Mane, L50, tera:Fairy|92\/100\n|turn|7\n|-message|senonericosi forfeited.\n|\n|win|SwimWithTheFishies\n|raw|SwimWithTheFishies's rating: 1163 &rarr; <strong>1182<\/strong><br \/>(+19 for winning)\n|raw|senonericosi's rating: 1072 &rarr; <strong>1057<\/strong><br \/>(-15 for losing)\n|l|\u2606senonericosi\n","uploadtime":1699885905,"views":31,"p1id":"swimwiththefishies","p2id":"senonericosi","formatid":"gen9vgc2023regulatione","rating":1057,"private":0,"password":""}