{"id":"gen9vgc2023regulatione-1998930955","p1":"CardoTr","p2":"Nyctorio","format":"[Gen 9] VGC 2023 Regulation E","log":"|j|\u2606CardoTr\n|j|\u2606Nyctorio\n|t:|1701014502\n|gametype|doubles\n|player|p1|CardoTr|alder|1321\n|player|p2|Nyctorio|janitor|1258\n|teamsize|p1|6\n|teamsize|p2|6\n|gen|9\n|tier|[Gen 9] VGC 2023 Regulation E\n|rated|\n|rule|Species Clause: Limit one of each Pok\u00e9mon\n|rule|Item Clause: Limit one of each item\n|clearpoke\n|poke|p1|Kingambit, L50, M|\n|poke|p1|Landorus-Therian, L50, M|\n|poke|p1|Cresselia, L50, F|\n|poke|p1|Brambleghast, L50, F|\n|poke|p1|Rillaboom, L50, M|\n|poke|p1|Gastrodon, L50, F|\n|poke|p2|Ogerpon-Hearthflame, L50, F|\n|poke|p2|Urshifu-*, L50, M|\n|poke|p2|Tornadus, L50, M|\n|poke|p2|Landorus-Therian, L50, M|\n|poke|p2|Flutter Mane, L50|\n|poke|p2|Kingambit, L50, M|\n|teampreview|4\n|inactive|Battle timer is ON: inactive players will automatically lose when time's up. (requested by CardoTr)\n|inactive|Nyctorio also wants the timer to be on.\n|inactive|CardoTr has 60 seconds left.\n|inactive|Nyctorio has 60 seconds left.\n|\n|t:|1701014562\n|start\n|switch|p1a: Brambleghast|Brambleghast, L50, F|100\/100\n|switch|p1b: Gastrodon|Gastrodon, L50, F|100\/100\n|switch|p2a: Kingambit|Kingambit, L50, M, shiny|100\/100\n|switch|p2b: Urshifu|Urshifu-Rapid-Strike, L50, M|100\/100\n|turn|1\n|inactive|CardoTr has 30 seconds left.\n|inactive|CardoTr has 20 seconds left.\n|inactive|CardoTr has 15 seconds left.\n|inactive|CardoTr has 10 seconds left.\n|inactive|CardoTr has 5 seconds left.\n|\n|t:|1701014615\n|switch|p2b: Ogerpon|Ogerpon-Hearthflame, L50, F|100\/100\n|-ability|p2b: Ogerpon|Mold Breaker\n|move|p2a: Kingambit|Protect|p2a: Kingambit\n|-singleturn|p2a: Kingambit|Protect\n|move|p1a: Brambleghast|Seed Bomb|p2b: Ogerpon\n|-resisted|p2b: Ogerpon\n|-damage|p2b: Ogerpon|90\/100\n|move|p1b: Gastrodon|Yawn|p2a: Kingambit\n|-activate|p2a: Kingambit|move: Protect\n|\n|upkeep\n|turn|2\n|inactive|Nyctorio has 30 seconds left.\n|\n|t:|1701014651\n|-terastallize|p1b: Gastrodon|Fire\n|move|p2b: Ogerpon|Ivy Cudgel|p1b: Gastrodon|[anim] Ivy Cudgel Fire\n|-resisted|p1b: Gastrodon\n|-crit|p1b: Gastrodon\n|-damage|p1b: Gastrodon|62\/100\n|move|p1a: Brambleghast|Seed Bomb|p2a: Kingambit\n|-resisted|p2a: Kingambit\n|-damage|p2a: Kingambit|85\/100\n|move|p2a: Kingambit|Swords Dance|p2a: Kingambit\n|-boost|p2a: Kingambit|atk|2\n|move|p1b: Gastrodon|Yawn|p2a: Kingambit\n|-start|p2a: Kingambit|move: Yawn|[of] p1b: Gastrodon\n|\n|-heal|p1b: Gastrodon|68\/100|[from] item: Leftovers\n|upkeep\n|turn|3\n|\n|t:|1701014676\n|switch|p1a: Landorus|Landorus-Therian, L50, M|100\/100\n|-ability|p1a: Landorus|Intimidate|boost\n|-unboost|p2a: Kingambit|atk|1\n|-ability|p2a: Kingambit|Defiant|boost\n|-boost|p2a: Kingambit|atk|2\n|-unboost|p2b: Ogerpon|atk|1\n|switch|p2a: Landorus|Landorus-Therian, L50, M|100\/100\n|-ability|p2a: Landorus|Intimidate|boost\n|-unboost|p1a: Landorus|atk|1\n|-unboost|p1b: Gastrodon|atk|1\n|move|p2b: Ogerpon|Ivy Cudgel|p1a: Landorus|[anim] Ivy Cudgel Fire\n|-damage|p1a: Landorus|53\/100\n|move|p1b: Gastrodon|Icy Wind|p2a: Landorus|[spread] p2a,p2b\n|-supereffective|p2a: Landorus\n|-damage|p2a: Landorus|51\/100\n|-damage|p2b: Ogerpon|82\/100\n|-unboost|p2a: Landorus|spe|1\n|-unboost|p2b: Ogerpon|spe|1\n|\n|-heal|p1b: Gastrodon|74\/100|[from] item: Leftovers\n|upkeep\n|turn|4\n|inactive|CardoTr has 30 seconds left.\n|inactive|Nyctorio has 30 seconds left.\n|inactive|Nyctorio has 20 seconds left.\n|\n|t:|1701014713\n|switch|p2a: Urshifu|Urshifu-Rapid-Strike, L50, M|100\/100\n|move|p2b: Ogerpon|Spiky Shield|p2b: Ogerpon\n|-singleturn|p2b: Ogerpon|move: Protect\n|move|p1a: Landorus|U-turn|p2a: Urshifu\n|-resisted|p2a: Urshifu\n|-damage|p2a: Urshifu|91\/100\n|\n|t:|1701014722\n|switch|p1a: Brambleghast|Brambleghast, L50, F|100\/100|[from] U-turn\n|move|p1b: Gastrodon|Earth Power|p2a: Urshifu\n|-damage|p2a: Urshifu|40\/100\n|\n|-heal|p1b: Gastrodon|80\/100|[from] item: Leftovers\n|upkeep\n|turn|5\n|inactive|Nyctorio has 30 seconds left.\n|inactive|Nyctorio has 20 seconds left.\n|inactive|Nyctorio has 15 seconds left.\n|\n|t:|1701014762\n|switch|p2a: Landorus|Landorus-Therian, L50, M|51\/100\n|-ability|p2a: Landorus|Intimidate|boost\n|-unboost|p1a: Brambleghast|atk|1\n|-unboost|p1b: Gastrodon|atk|1\n|move|p1a: Brambleghast|Seed Bomb|p2a: Landorus\n|-damage|p2a: Landorus|17\/100\n|move|p2b: Ogerpon|Ivy Cudgel|p1a: Brambleghast|[anim] Ivy Cudgel Fire\n|-supereffective|p1a: Brambleghast\n|-enditem|p1a: Brambleghast|Focus Sash\n|-damage|p1a: Brambleghast|1\/100\n|move|p1b: Gastrodon|Yawn|p2b: Ogerpon\n|-start|p2b: Ogerpon|move: Yawn|[of] p1b: Gastrodon\n|\n|-heal|p1b: Gastrodon|86\/100|[from] item: Leftovers\n|upkeep\n|turn|6\n|inactive|Nyctorio has 30 seconds left.\n|inactive|Nyctorio has 20 seconds left.\n|\n|t:|1701014802\n|switch|p2b: Urshifu|Urshifu-Rapid-Strike, L50, M|40\/100\n|move|p1a: Brambleghast|Shadow Sneak|p2a: Landorus\n|-damage|p2a: Landorus|0 fnt\n|faint|p2a: Landorus\n|move|p1b: Gastrodon|Yawn|p2b: Urshifu\n|-start|p2b: Urshifu|move: Yawn|[of] p1b: Gastrodon\n|\n|-heal|p1b: Gastrodon|92\/100|[from] item: Leftovers\n|upkeep\n|\n|t:|1701014813\n|switch|p2a: Kingambit|Kingambit, L50, M, shiny|85\/100\n|turn|7\n|\n|t:|1701014825\n|move|p2a: Kingambit|Protect|p2a: Kingambit\n|-singleturn|p2a: Kingambit|Protect\n|move|p2b: Urshifu|Close Combat|p1b: Gastrodon\n|-damage|p1b: Gastrodon|21\/100\n|-unboost|p2b: Urshifu|def|1\n|-unboost|p2b: Urshifu|spd|1\n|move|p1a: Brambleghast|Strength Sap|p2b: Urshifu\n|-unboost|p2b: Urshifu|atk|1\n|-heal|p1a: Brambleghast|100\/100\n|move|p1b: Gastrodon|Yawn|p2a: Kingambit\n|-activate|p2a: Kingambit|move: Protect\n|\n|-heal|p1b: Gastrodon|27\/100|[from] item: Leftovers\n|-end|p2b: Urshifu|move: Yawn|[silent]\n|-status|p2b: Urshifu|slp\n|upkeep\n|turn|8\n|inactive|Nyctorio has 30 seconds left.\n|\n|t:|1701014859\n|switch|p2b: Ogerpon|Ogerpon-Hearthflame, L50, F|82\/100\n|-ability|p2b: Ogerpon|Mold Breaker\n|move|p1b: Gastrodon|Protect|p1b: Gastrodon\n|-singleturn|p1b: Gastrodon|Protect\n|move|p1a: Brambleghast|Seed Bomb|p2b: Ogerpon\n|-resisted|p2b: Ogerpon\n|-damage|p2b: Ogerpon|74\/100\n|move|p2a: Kingambit|Kowtow Cleave|p1b: Gastrodon\n|-activate|p1b: Gastrodon|move: Protect\n|\n|-heal|p1b: Gastrodon|33\/100|[from] item: Leftovers\n|upkeep\n|turn|9\n|\n|t:|1701014882\n|-terastallize|p2a: Kingambit|Dark\n|move|p1a: Brambleghast|Shadow Sneak|p2b: Ogerpon\n|-crit|p2b: Ogerpon\n|-damage|p2b: Ogerpon|38\/100\n|move|p2b: Ogerpon|Ivy Cudgel|p1a: Brambleghast|[anim] Ivy Cudgel Fire\n|-supereffective|p1a: Brambleghast\n|-damage|p1a: Brambleghast|0 fnt\n|faint|p1a: Brambleghast\n|move|p2a: Kingambit|Kowtow Cleave|p1b: Gastrodon\n|-damage|p1b: Gastrodon|0 fnt\n|faint|p1b: Gastrodon\n|\n|upkeep\n|\n|t:|1701014892\n|switch|p1a: Landorus|Landorus-Therian, L50, M|53\/100\n|switch|p1b: Rillaboom|Rillaboom, L50, M|100\/100\n|-ability|p1a: Landorus|Intimidate|boost\n|-unboost|p2a: Kingambit|atk|1\n|-ability|p2a: Kingambit|Defiant|boost\n|-boost|p2a: Kingambit|atk|2\n|-unboost|p2b: Ogerpon|atk|1\n|-fieldstart|move: Grassy Terrain|[from] ability: Grassy Surge|[of] p1b: Rillaboom\n|turn|10\n|\n|t:|1701014905\n|move|p2b: Ogerpon|Spiky Shield|p2b: Ogerpon\n|-singleturn|p2b: Ogerpon|move: Protect\n|move|p2a: Kingambit|Protect|p2a: Kingambit\n|-singleturn|p2a: Kingambit|Protect\n|move|p1b: Rillaboom|Grassy Glide|p2a: Kingambit\n|-activate|p2a: Kingambit|move: Protect\n|move|p1a: Landorus|Stomping Tantrum|p2b: Ogerpon\n|-activate|p2b: Ogerpon|move: Protect\n|-damage|p1a: Landorus|40\/100|[from] Spiky Shield|[of] p2b: Ogerpon\n|\n|-heal|p2b: Ogerpon|44\/100|[from] Grassy Terrain\n|-heal|p2a: Kingambit|90\/100|[from] Grassy Terrain\n|upkeep\n|turn|11\n|\n|t:|1701014920\n|move|p1b: Rillaboom|Grassy Glide|p2a: Kingambit\n|-damage|p2a: Kingambit|57\/100\n|move|p2a: Kingambit|Sucker Punch|p1a: Landorus\n|-damage|p1a: Landorus|0 fnt\n|faint|p1a: Landorus\n|move|p2b: Ogerpon|Ivy Cudgel|p1b: Rillaboom|[anim] Ivy Cudgel Fire\n|-supereffective|p1b: Rillaboom\n|-damage|p1b: Rillaboom|25\/100\n|\n|-heal|p2b: Ogerpon|50\/100|[from] Grassy Terrain\n|-heal|p1b: Rillaboom|31\/100|[from] Grassy Terrain\n|-heal|p2a: Kingambit|63\/100|[from] Grassy Terrain\n|upkeep\n|turn|12\n|-message|CardoTr forfeited.\n|\n|win|Nyctorio\n|raw|CardoTr's rating: 1321 &rarr; <strong>1297<\/strong><br \/>(-24 for losing)\n|raw|Nyctorio's rating: 1258 &rarr; <strong>1287<\/strong><br \/>(+29 for winning)\n|l|\u2606CardoTr\n|c|\u2606Nyctorio|Gg\n","uploadtime":1701014952,"views":1,"p1id":"cardotr","p2id":"nyctorio","formatid":"gen9vgc2023regulatione","rating":1287,"private":0,"password":""}