{"id":"gen9vgc2023regulatione-1998999873","p1":"Migi402","p2":"Rosa Tubsman","format":"[Gen 9] VGC 2023 Regulation E","log":"|j|\u2606Migi402\n|j|\u2606Rosa Tubsman\n|t:|1701022438\n|gametype|doubles\n|player|p1|Migi402|1|1084\n|player|p2|Rosa Tubsman|266|1040\n|teamsize|p1|6\n|teamsize|p2|6\n|gen|9\n|tier|[Gen 9] VGC 2023 Regulation E\n|rated|\n|rule|Species Clause: Limit one of each Pok\u00e9mon\n|rule|Item Clause: Limit one of each item\n|clearpoke\n|poke|p1|Farigiraf, L50, F|\n|poke|p1|Dragapult, L50, M|\n|poke|p1|Chien-Pao, L50|\n|poke|p1|Landorus-Therian, L50, M|\n|poke|p1|Talonflame, L50, M|\n|poke|p1|Ogerpon-Wellspring, L50, F|\n|poke|p2|Baxcalibur, L50, M|\n|poke|p2|Goodra-Hisui, L50, F|\n|poke|p2|Scream Tail, L50|\n|poke|p2|Landorus-Therian, L50, M|\n|poke|p2|Moltres-Galar, L50|\n|poke|p2|Ninetales-Alola, L50, F|\n|teampreview|4\n|inactive|Battle timer is ON: inactive players will automatically lose when time's up. (requested by Rosa Tubsman)\n|\n|t:|1701022475\n|start\n|switch|p1a: Dragapult|Dragapult, L50, M|100\/100\n|switch|p1b: Chien-Pao|Chien-Pao, L50|100\/100\n|switch|p2a: Dawg?|Landorus-Therian, L50, M, shiny|100\/100\n|switch|p2b: Mufasa|Moltres-Galar, L50|100\/100\n|-ability|p2a: Dawg?|Intimidate|boost\n|-fail|p1a: Dragapult|unboost|[from] ability: Clear Body|[of] p1a: Dragapult\n|-unboost|p1b: Chien-Pao|atk|1\n|-ability|p1b: Chien-Pao|Sword of Ruin\n|turn|1\n|inactive|Migi402 has 30 seconds left.\n|\n|t:|1701022501\n|-terastallize|p1a: Dragapult|Dark\n|move|p2a: Dawg?|Rock Slide|p1a: Dragapult|[spread] p1a,p1b\n|-supereffective|p1b: Chien-Pao\n|-damage|p1a: Dragapult|62\/100\n|-damage|p1b: Chien-Pao|39\/100\n|cant|p1a: Dragapult|flinch\n|move|p1b: Chien-Pao|Ice Spinner|p2a: Dawg?\n|-supereffective|p2a: Dawg?\n|-damage|p2a: Dawg?|0 fnt\n|faint|p2a: Dawg?\n|move|p2b: Mufasa|Fiery Wrath|p1a: Dragapult|[spread] p1a,p1b\n|-resisted|p1a: Dragapult\n|-resisted|p1b: Chien-Pao\n|-damage|p1a: Dragapult|39\/100\n|-damage|p1b: Chien-Pao|15\/100\n|\n|upkeep\n|\n|t:|1701022511\n|switch|p2a: Antarctica|Ninetales-Alola, L50, F|100\/100\n|-weather|Snow|[from] ability: Snow Warning|[of] p2a: Antarctica\n|turn|2\n|\n|t:|1701022529\n|move|p1b: Chien-Pao|Protect|p1b: Chien-Pao\n|-singleturn|p1b: Chien-Pao|Protect\n|move|p1a: Dragapult|Dragon Darts|p2b: Mufasa\n|-damage|p2b: Mufasa|60\/100\n|-anim|p1a: Dragapult|Dragon Darts|p2b: Mufasa\n|-crit|p2b: Mufasa\n|-damage|p2b: Mufasa|3\/100\n|-ability|p2b: Mufasa|Berserk|boost\n|-boost|p2b: Mufasa|spa|1\n|-damage|p1a: Dragapult|29\/100|[from] item: Life Orb\n|move|p2a: Antarctica|Aurora Veil|p2a: Antarctica\n|-sidestart|p2: Rosa Tubsman|move: Aurora Veil\n|move|p2b: Mufasa|Fiery Wrath|p1b: Chien-Pao|[spread] p1a\n|-activate|p1b: Chien-Pao|move: Protect\n|-resisted|p1a: Dragapult\n|-damage|p1a: Dragapult|0 fnt\n|faint|p1a: Dragapult\n|\n|-weather|Snow|[upkeep]\n|upkeep\n|\n|t:|1701022551\n|switch|p1a: Ogerpon|Ogerpon-Wellspring, L50, F|100\/100\n|turn|3\n|\n|t:|1701022568\n|move|p2b: Mufasa|Protect|p2b: Mufasa\n|-singleturn|p2b: Mufasa|Protect\n|move|p1b: Chien-Pao|Ice Shard|p2b: Mufasa\n|-activate|p2b: Mufasa|move: Protect\n|move|p1a: Ogerpon|Ivy Cudgel|p2a: Antarctica|[anim] Ivy Cudgel Water\n|-damage|p2a: Antarctica|64\/100\n|move|p2a: Antarctica|Icy Wind|p1b: Chien-Pao|[spread] p1a\n|-miss|p2a: Antarctica|p1b: Chien-Pao\n|-damage|p1a: Ogerpon|88\/100\n|-unboost|p1a: Ogerpon|spe|1\n|\n|-weather|Snow|[upkeep]\n|upkeep\n|turn|4\n|\n|t:|1701022586\n|switch|p2b: GOJIRA|Baxcalibur, L50, M|100\/100\n|move|p1b: Chien-Pao|Ice Shard|p2b: GOJIRA\n|-damage|p2b: GOJIRA|93\/100\n|move|p2a: Antarctica|Icy Wind|p1b: Chien-Pao|[spread] p1a,p1b\n|-resisted|p1b: Chien-Pao\n|-damage|p1a: Ogerpon|75\/100\n|-damage|p1b: Chien-Pao|5\/100\n|-unboost|p1a: Ogerpon|spe|1\n|-unboost|p1b: Chien-Pao|spe|1\n|move|p1a: Ogerpon|Ivy Cudgel|p2a: Antarctica|[anim] Ivy Cudgel Water\n|-damage|p2a: Antarctica|28\/100\n|\n|-weather|Snow|[upkeep]\n|upkeep\n|turn|5\n|inactive|Migi402 has 30 seconds left.\n|inactive|Rosa Tubsman has 30 seconds left.\n|inactive|Migi402 has 20 seconds left.\n|\n|t:|1701022624\n|switch|p2a: Mufasa|Moltres-Galar, L50|3\/100\n|move|p1b: Chien-Pao|Protect|p1b: Chien-Pao\n|-singleturn|p1b: Chien-Pao|Protect\n|move|p2b: GOJIRA|Swords Dance|p2b: GOJIRA\n|-boost|p2b: GOJIRA|atk|2\n|move|p1a: Ogerpon|Horn Leech|p2a: Mufasa\n|-resisted|p2a: Mufasa\n|-damage|p2a: Mufasa|0 fnt\n|-heal|p1a: Ogerpon|76\/100|[from] drain|[of] p2a: Mufasa\n|faint|p2a: Mufasa\n|\n|-weather|Snow|[upkeep]\n|upkeep\n|\n|t:|1701022627\n|switch|p2a: Antarctica|Ninetales-Alola, L50, F|28\/100\n|turn|6\n|inactive|Migi402 has 30 seconds left.\n|\n|t:|1701022655\n|move|p2a: Antarctica|Icy Wind|p1b: Chien-Pao|[spread] p1a,p1b\n|-resisted|p1b: Chien-Pao\n|-damage|p1a: Ogerpon|65\/100\n|-damage|p1b: Chien-Pao|0 fnt\n|-unboost|p1a: Ogerpon|spe|1\n|faint|p1b: Chien-Pao\n|move|p2b: GOJIRA|Glaive Rush|p1a: Ogerpon\n|-damage|p1a: Ogerpon|0 fnt\n|-singlemove|p2b: GOJIRA|Glaive Rush|[silent]\n|faint|p1a: Ogerpon\n|\n|-weather|none\n|-sideend|p2: Rosa Tubsman|move: Aurora Veil\n|upkeep\n|\n|t:|1701022667\n|switch|p1b: Landorus|Landorus-Therian, L50, M|100\/100\n|-ability|p1b: Landorus|Intimidate|boost\n|-unboost|p2a: Antarctica|atk|1\n|-fail|p2b: GOJIRA|unboost|[from] item: Clear Amulet|[of] p2b: GOJIRA\n|turn|7\n|\n|t:|1701022685\n|move|p2a: Antarctica|Helping Hand|p2b: GOJIRA\n|-singleturn|p2b: GOJIRA|Helping Hand|[of] p2a: Antarctica\n|move|p2b: GOJIRA|Ice Shard|p1b: Landorus\n|-supereffective|p1b: Landorus\n|-damage|p1b: Landorus|0 fnt\n|faint|p1b: Landorus\n|\n|win|Rosa Tubsman\n|raw|Migi402's rating: 1084 &rarr; <strong>1059<\/strong><br \/>(-25 for losing)\n|raw|Rosa Tubsman's rating: 1040 &rarr; <strong>1078<\/strong><br \/>(+38 for winning)\n|l|\u2606Migi402\n","uploadtime":1701022714,"views":14,"p1id":"migi402","p2id":"rosatubsman","formatid":"gen9vgc2023regulatione","rating":1059,"private":0,"password":""}