{"id":"gen9vgc2023regulatione-1996499952","p1":"Big Dripplin","p2":"Pokenerd62","format":"[Gen 9] VGC 2023 Regulation E","log":"|j|\u2606Big Dripplin\n|j|\u2606Pokenerd62\n|t:|1700688032\n|gametype|doubles\n|player|p1|Big Dripplin|102|1385\n|player|p2|Pokenerd62|170|1406\n|teamsize|p1|6\n|teamsize|p2|6\n|gen|9\n|tier|[Gen 9] VGC 2023 Regulation E\n|rated|\n|rule|Species Clause: Limit one of each Pok\u00e9mon\n|rule|Item Clause: Limit one of each item\n|clearpoke\n|poke|p1|Arcanine-Hisui, L50, F|\n|poke|p1|Tyranitar, L50, F|\n|poke|p1|Tornadus, L50, M|\n|poke|p1|Flutter Mane, L50|\n|poke|p1|Ogerpon-Wellspring, L50, F|\n|poke|p1|Gholdengo, L50|\n|poke|p2|Chi-Yu, L50|\n|poke|p2|Iron Hands, L50|\n|poke|p2|Flutter Mane, L50|\n|poke|p2|Ogerpon-Hearthflame, L50, F|\n|poke|p2|Tornadus, L50, M|\n|poke|p2|Dragonite, L50, F|\n|teampreview|4\n|inactive|Battle timer is ON: inactive players will automatically lose when time's up. (requested by Big Dripplin)\n|\n|t:|1700688117\n|start\n|switch|p1a: Tyranitar|Tyranitar, L50, F|100\/100\n|switch|p1b: Tornadus|Tornadus, L50, M|100\/100\n|switch|p2a: Dragonite|Dragonite, L50, F|100\/100\n|switch|p2b: Tornadus|Tornadus, L50, M|100\/100\n|-weather|Sandstorm|[from] ability: Sand Stream|[of] p1a: Tyranitar\n|turn|1\n|\n|t:|1700688130\n|-terastallize|p2a: Dragonite|Normal\n|move|p1b: Tornadus|Tailwind|p1b: Tornadus\n|-sidestart|p1: Big Dripplin|move: Tailwind\n|move|p2b: Tornadus|Tailwind|p2b: Tornadus\n|-sidestart|p2: Pokenerd62|move: Tailwind\n|move|p2a: Dragonite|Ice Spinner|p1b: Tornadus\n|-supereffective|p1b: Tornadus\n|-damage|p1b: Tornadus|34\/100\n|move|p1a: Tyranitar|Rock Slide|p2b: Tornadus|[spread] p2a,p2b\n|-supereffective|p2b: Tornadus\n|-damage|p2a: Dragonite|84\/100\n|-damage|p2b: Tornadus|25\/100\n|\n|-weather|Sandstorm|[upkeep]\n|-damage|p1b: Tornadus|28\/100|[from] Sandstorm\n|-damage|p2b: Tornadus|19\/100|[from] Sandstorm\n|-damage|p2a: Dragonite|79\/100|[from] Sandstorm\n|upkeep\n|turn|2\n|\n|t:|1700688150\n|move|p2a: Dragonite|Extreme Speed|p1b: Tornadus\n|-damage|p1b: Tornadus|0 fnt\n|faint|p1b: Tornadus\n|move|p2b: Tornadus|Knock Off|p1a: Tyranitar\n|-resisted|p1a: Tyranitar\n|-damage|p1a: Tyranitar|92\/100\n|-enditem|p1a: Tyranitar|Assault Vest|[from] move: Knock Off|[of] p2b: Tornadus\n|move|p1a: Tyranitar|Rock Slide|p2b: Tornadus|[spread] p2a\n|-miss|p1a: Tyranitar|p2b: Tornadus\n|-damage|p2a: Dragonite|48\/100\n|\n|-weather|Sandstorm|[upkeep]\n|-damage|p2b: Tornadus|13\/100|[from] Sandstorm\n|-damage|p2a: Dragonite|42\/100|[from] Sandstorm\n|upkeep\n|\n|t:|1700688156\n|switch|p1b: Arcanine|Arcanine-Hisui, L50, F|100\/100\n|-ability|p1b: Arcanine|Intimidate|boost\n|-fail|p2a: Dragonite|unboost|[from] item: Clear Amulet|[of] p2a: Dragonite\n|-unboost|p2b: Tornadus|atk|1\n|turn|3\n|\n|t:|1700688170\n|switch|p2b: Iron Hands|Iron Hands, L50|100\/100\n|move|p1b: Arcanine|Will-O-Wisp|p2a: Dragonite\n|-status|p2a: Dragonite|brn\n|move|p2a: Dragonite|Stomping Tantrum|p1b: Arcanine\n|-supereffective|p1b: Arcanine\n|-damage|p1b: Arcanine|38\/100\n|-enditem|p1b: Arcanine|Sitrus Berry|[eat]\n|-heal|p1b: Arcanine|63\/100|[from] item: Sitrus Berry\n|move|p1a: Tyranitar|Rock Slide|p2a: Dragonite|[spread] \n|-miss|p1a: Tyranitar|p2a: Dragonite\n|-miss|p1a: Tyranitar|p2b: Iron Hands\n|\n|-weather|Sandstorm|[upkeep]\n|-damage|p2a: Dragonite|36\/100 brn|[from] Sandstorm\n|-damage|p2b: Iron Hands|94\/100|[from] Sandstorm\n|-damage|p2a: Dragonite|30\/100 brn|[from] brn\n|upkeep\n|turn|4\n|\n|t:|1700688184\n|move|p1b: Arcanine|Protect|p1b: Arcanine\n|-singleturn|p1b: Arcanine|Protect\n|move|p2b: Iron Hands|Fake Out|p1b: Arcanine\n|-activate|p1b: Arcanine|move: Protect\n|move|p2a: Dragonite|Stomping Tantrum|p1b: Arcanine\n|-activate|p1b: Arcanine|move: Protect\n|move|p1a: Tyranitar|Earthquake|p2b: Iron Hands|[spread] p2a,p2b\n|-activate|p1b: Arcanine|move: Protect\n|-supereffective|p2b: Iron Hands\n|-damage|p2a: Dragonite|0 fnt\n|-damage|p2b: Iron Hands|54\/100\n|faint|p2a: Dragonite\n|\n|-weather|Sandstorm|[upkeep]\n|-damage|p2b: Iron Hands|48\/100|[from] Sandstorm\n|-sideend|p2: Pokenerd62|move: Tailwind\n|-sideend|p1: Big Dripplin|move: Tailwind\n|upkeep\n|\n|t:|1700688186\n|switch|p2a: Tornadus|Tornadus, L50, M|13\/100\n|turn|5\n|\n|t:|1700688201\n|switch|p1b: Ogerpon|Ogerpon-Wellspring, L50, F|100\/100\n|move|p2a: Tornadus|Tailwind|p2a: Tornadus\n|-sidestart|p2: Pokenerd62|move: Tailwind\n|move|p2b: Iron Hands|Drain Punch|p1b: Ogerpon\n|-damage|p1b: Ogerpon|60\/100\n|-heal|p2b: Iron Hands|64\/100|[from] drain|[of] p1b: Ogerpon\n|move|p1a: Tyranitar|Rock Slide|p2a: Tornadus|[spread] p2a,p2b\n|-supereffective|p2a: Tornadus\n|-resisted|p2b: Iron Hands\n|-damage|p2a: Tornadus|0 fnt\n|-damage|p2b: Iron Hands|55\/100\n|faint|p2a: Tornadus\n|\n|-weather|none\n|upkeep\n|\n|t:|1700688205\n|switch|p2a: Ogerpon|Ogerpon-Hearthflame, L50, F|100\/100\n|-ability|p2a: Ogerpon|Mold Breaker\n|turn|6\n|\n|t:|1700688227\n|switch|p1a: Arcanine|Arcanine-Hisui, L50, F|63\/100\n|-ability|p1a: Arcanine|Intimidate|boost\n|-unboost|p2a: Ogerpon|atk|1\n|-unboost|p2b: Iron Hands|atk|1\n|move|p1b: Ogerpon|Spiky Shield|p1b: Ogerpon\n|-singleturn|p1b: Ogerpon|move: Protect\n|move|p2a: Ogerpon|Horn Leech|p1a: Arcanine\n|-damage|p1a: Arcanine|33\/100\n|move|p2b: Iron Hands|Drain Punch|p1b: Ogerpon\n|-activate|p1b: Ogerpon|move: Protect\n|-damage|p2b: Iron Hands|42\/100|[from] Spiky Shield|[of] p1b: Ogerpon\n|\n|upkeep\n|turn|7\n|inactive|Pokenerd62 has 30 seconds left.\n|\n|t:|1700688260\n|move|p1b: Ogerpon|Follow Me|p1b: Ogerpon\n|-singleturn|p1b: Ogerpon|move: Follow Me\n|move|p2a: Ogerpon|Horn Leech|p1b: Ogerpon\n|-damage|p1b: Ogerpon|32\/100\n|move|p2b: Iron Hands|Drain Punch|p1b: Ogerpon\n|-damage|p1b: Ogerpon|6\/100\n|-heal|p2b: Iron Hands|52\/100|[from] drain|[of] p1b: Ogerpon\n|move|p1a: Arcanine|Will-O-Wisp|p2b: Iron Hands\n|-status|p2b: Iron Hands|brn\n|\n|-damage|p2b: Iron Hands|46\/100 brn|[from] brn\n|upkeep\n|turn|8\n|\n|t:|1700688282\n|-terastallize|p1a: Arcanine|Fairy\n|move|p1b: Ogerpon|Spiky Shield|p1b: Ogerpon\n|-singleturn|p1b: Ogerpon|move: Protect\n|move|p2a: Ogerpon|Encore|p1a: Arcanine\n|-start|p1a: Arcanine|Encore\n|move|p2b: Iron Hands|Drain Punch|p1a: Arcanine\n|-resisted|p1a: Arcanine\n|-damage|p1a: Arcanine|26\/100\n|-heal|p2b: Iron Hands|49\/100 brn|[from] drain|[of] p1a: Arcanine\n|move|p1a: Arcanine|Will-O-Wisp|p2a: Ogerpon\n|-immune|p2a: Ogerpon\n|\n|-damage|p2b: Iron Hands|43\/100 brn|[from] brn\n|-sideend|p2: Pokenerd62|move: Tailwind\n|upkeep\n|turn|9\n|inactive|Pokenerd62 has 30 seconds left.\n|\n|t:|1700688312\n|switch|p1a: Tyranitar|Tyranitar, L50, F|92\/100\n|-weather|Sandstorm|[from] ability: Sand Stream|[of] p1a: Tyranitar\n|move|p2a: Ogerpon|Horn Leech|p1b: Ogerpon\n|-damage|p1b: Ogerpon|0 fnt\n|faint|p1b: Ogerpon\n|move|p2b: Iron Hands|Heavy Slam|p1a: Tyranitar\n|-supereffective|p1a: Tyranitar\n|-damage|p1a: Tyranitar|84\/100\n|\n|-weather|Sandstorm|[upkeep]\n|-damage|p2a: Ogerpon|94\/100|[from] Sandstorm\n|-damage|p2b: Iron Hands|37\/100 brn|[from] Sandstorm\n|-damage|p2b: Iron Hands|31\/100 brn|[from] brn\n|upkeep\n|\n|t:|1700688317\n|switch|p1b: Arcanine|Arcanine-Hisui, L50, F, tera:Fairy|26\/100\n|-ability|p1b: Arcanine|Intimidate|boost\n|-unboost|p2a: Ogerpon|atk|1\n|-unboost|p2b: Iron Hands|atk|1\n|turn|10\n|\n|t:|1700688327\n|move|p2a: Ogerpon|Ivy Cudgel|p1b: Arcanine|[anim] Ivy Cudgel Fire\n|-damage|p1b: Arcanine|0 fnt\n|faint|p1b: Arcanine\n|move|p2b: Iron Hands|Drain Punch|p1a: Tyranitar\n|-supereffective|p1a: Tyranitar\n|-damage|p1a: Tyranitar|51\/100\n|-heal|p2b: Iron Hands|46\/100 brn|[from] drain|[of] p1a: Tyranitar\n|move|p1a: Tyranitar|Rock Slide|p2b: Iron Hands|[spread] p2a,p2b\n|-supereffective|p2a: Ogerpon\n|-resisted|p2b: Iron Hands\n|-damage|p2a: Ogerpon|18\/100\n|-damage|p2b: Iron Hands|36\/100 brn\n|\n|-weather|Sandstorm|[upkeep]\n|-damage|p2a: Ogerpon|12\/100|[from] Sandstorm\n|-damage|p2b: Iron Hands|30\/100 brn|[from] Sandstorm\n|-damage|p2b: Iron Hands|24\/100 brn|[from] brn\n|upkeep\n|turn|11\n|\n|t:|1700688341\n|move|p2a: Ogerpon|Horn Leech|p1a: Tyranitar\n|-supereffective|p1a: Tyranitar\n|-damage|p1a: Tyranitar|16\/100\n|-heal|p2a: Ogerpon|32\/100|[from] drain|[of] p1a: Tyranitar\n|move|p2b: Iron Hands|Drain Punch|p1a: Tyranitar\n|-supereffective|p1a: Tyranitar\n|-damage|p1a: Tyranitar|0 fnt\n|-heal|p2b: Iron Hands|31\/100 brn|[from] drain|[of] p1a: Tyranitar\n|faint|p1a: Tyranitar\n|\n|win|Pokenerd62\n|raw|Big Dripplin's rating: 1385 &rarr; <strong>1366<\/strong><br \/>(-19 for losing)\n|raw|Pokenerd62's rating: 1406 &rarr; <strong>1425<\/strong><br \/>(+19 for winning)\n|l|\u2606Big Dripplin\n","uploadtime":1700688357,"views":22,"p1id":"bigdripplin","p2id":"pokenerd62","formatid":"gen9vgc2023regulatione","rating":1366,"private":0,"password":""}