{"id":"gen9vgc2023regulatione-1997488805","p1":"JKAngelz","p2":"electricboogaloo12","format":"[Gen 9] VGC 2023 Regulation E","log":"|j|\u2606JKAngelz\n|j|\u203delectricboogaloo12\n|t:|1700814202\n|gametype|doubles\n|player|p1|JKAngelz|1|1330\n|player|p2|electricboogaloo12|cynthia|1220\n|teamsize|p1|6\n|teamsize|p2|6\n|gen|9\n|tier|[Gen 9] VGC 2023 Regulation E\n|rated|\n|rule|Species Clause: Limit one of each Pok\u00e9mon\n|rule|Item Clause: Limit one of each item\n|clearpoke\n|poke|p1|Iron Bundle, L50|\n|poke|p1|Gholdengo, L50|\n|poke|p1|Ogerpon-Wellspring, L50, F|\n|poke|p1|Iron Hands, L50|\n|poke|p1|Arcanine-Hisui, L50, M|\n|poke|p1|Amoonguss, L50, F|\n|poke|p2|Gastrodon, L50, F|\n|poke|p2|Grimmsnarl, L50, M|\n|poke|p2|Articuno-Galar, L50|\n|poke|p2|Heatran, L50, M|\n|poke|p2|Houndoom, L50, M|\n|poke|p2|Raichu, L50, M|\n|teampreview|4\n|inactive|Battle timer is ON: inactive players will automatically lose when time's up. (requested by electricboogaloo12)\n|\n|t:|1700814231\n|start\n|switch|p1a: Amoonguss|Amoonguss, L50, F|100\/100\n|switch|p1b: Arcanine|Arcanine-Hisui, L50, M|100\/100\n|switch|p2a: Grimmsnarl|Grimmsnarl, L50, M|100\/100\n|switch|p2b: Articuno|Articuno-Galar, L50|100\/100\n|-ability|p1b: Arcanine|Intimidate|boost\n|-unboost|p2a: Grimmsnarl|atk|1\n|-unboost|p2b: Articuno|atk|1\n|-ability|p2b: Articuno|Competitive|boost\n|-boost|p2b: Articuno|spa|2\n|turn|1\n|\n|t:|1700814242\n|move|p2b: Articuno|Protect|p2b: Articuno\n|-singleturn|p2b: Articuno|Protect\n|move|p1a: Amoonguss|Protect|p1a: Amoonguss\n|-singleturn|p1a: Amoonguss|Protect\n|move|p2a: Grimmsnarl|Taunt|p1a: Amoonguss\n|-activate|p1a: Amoonguss|move: Protect\n|move|p1b: Arcanine|Rock Slide|p2a: Grimmsnarl|[spread] \n|-activate|p2b: Articuno|move: Protect\n|-miss|p1b: Arcanine|p2a: Grimmsnarl\n|\n|upkeep\n|turn|2\n|\n|t:|1700814262\n|switch|p1a: Iron Hands|Iron Hands, L50, shiny|100\/100\n|-terastallize|p2b: Articuno|Ground\n|move|p2a: Grimmsnarl|Taunt|p1a: Iron Hands\n|-start|p1a: Iron Hands|move: Taunt\n|move|p1b: Arcanine|Rock Slide|p2a: Grimmsnarl|[spread] p2a,p2b\n|-crit|p2a: Grimmsnarl\n|-resisted|p2b: Articuno\n|-damage|p2a: Grimmsnarl|36\/100\n|-damage|p2b: Articuno|79\/100\n|move|p2b: Articuno|Tera Blast|p1b: Arcanine|[anim] Tera Blast Ground\n|-supereffective|p1b: Arcanine\n|-damage|p1b: Arcanine|0 fnt\n|faint|p1b: Arcanine\n|\n|upkeep\n|\n|t:|1700814280\n|switch|p1b: Iron Bundle|Iron Bundle, L50, shiny|100\/100\n|-enditem|p1b: Iron Bundle|Booster Energy\n|-activate|p1b: Iron Bundle|ability: Quark Drive|[fromitem]\n|-start|p1b: Iron Bundle|quarkdrivespe\n|turn|3\n|\n|t:|1700814293\n|move|p2b: Articuno|Protect|p2b: Articuno\n|-singleturn|p2b: Articuno|Protect\n|move|p1a: Iron Hands|Fake Out|p2a: Grimmsnarl\n|-damage|p2a: Grimmsnarl|19\/100\n|move|p2a: Grimmsnarl|Parting Shot|p1b: Iron Bundle\n|-unboost|p1b: Iron Bundle|atk|1\n|-unboost|p1b: Iron Bundle|spa|1\n|\n|t:|1700814312\n|switch|p2a: Gastrodon|Gastrodon, L50, F, shiny|100\/100|[from] Parting Shot\n|move|p1b: Iron Bundle|Freeze-Dry|p2a: Gastrodon\n|-supereffective|p2a: Gastrodon\n|-damage|p2a: Gastrodon|35\/100\n|-enditem|p2a: Gastrodon|Sitrus Berry|[eat]\n|-heal|p2a: Gastrodon|60\/100|[from] item: Sitrus Berry\n|\n|upkeep\n|turn|4\n|\n|t:|1700814330\n|move|p1b: Iron Bundle|Freeze-Dry|p2b: Articuno\n|-supereffective|p2b: Articuno\n|-damage|p2b: Articuno|38\/100\n|move|p2b: Articuno|Freezing Glare|p1a: Iron Hands\n|-supereffective|p1a: Iron Hands\n|-damage|p1a: Iron Hands|2\/100\n|move|p1a: Iron Hands|Drain Punch|p2b: Articuno\n|-damage|p2b: Articuno|0 fnt\n|-heal|p1a: Iron Hands|16\/100|[from] drain|[of] p2b: Articuno\n|faint|p2b: Articuno\n|move|p2a: Gastrodon|Yawn|p1b: Iron Bundle\n|-start|p1b: Iron Bundle|move: Yawn|[of] p2a: Gastrodon\n|\n|-end|p1a: Iron Hands|move: Taunt\n|upkeep\n|\n|t:|1700814342\n|switch|p2b: Grimmsnarl|Grimmsnarl, L50, M|19\/100\n|turn|5\n|\n|t:|1700814354\n|-end|p1b: Iron Bundle|Quark Drive|[silent]\n|switch|p1b: Amoonguss|Amoonguss, L50, F|100\/100\n|move|p2b: Grimmsnarl|Fake Out|p1a: Iron Hands\n|-damage|p1a: Iron Hands|7\/100\n|cant|p1a: Iron Hands|flinch\n|move|p2a: Gastrodon|Earth Power|p1b: Amoonguss\n|-damage|p1b: Amoonguss|76\/100\n|\n|upkeep\n|turn|6\n|inactive|JKAngelz has 30 seconds left.\n|\n|t:|1700814384\n|move|p1b: Amoonguss|Rage Powder|p1b: Amoonguss\n|-singleturn|p1b: Amoonguss|move: Rage Powder\n|move|p2b: Grimmsnarl|Taunt|p1b: Amoonguss\n|-start|p1b: Amoonguss|move: Taunt\n|move|p1a: Iron Hands|Drain Punch|p2a: Gastrodon\n|-damage|p2a: Gastrodon|12\/100\n|-heal|p1a: Iron Hands|27\/100|[from] drain|[of] p2a: Gastrodon\n|move|p2a: Gastrodon|Earth Power|p1b: Amoonguss\n|-damage|p1b: Amoonguss|53\/100\n|\n|upkeep\n|turn|7\n|\n|t:|1700814399\n|move|p2b: Grimmsnarl|Spirit Break|p1a: Iron Hands\n|-supereffective|p1a: Iron Hands\n|-damage|p1a: Iron Hands|0 fnt\n|faint|p1a: Iron Hands\n|-end|p1a: Iron Hands|Quark Drive|[silent]\n|move|p2a: Gastrodon|Yawn|p1b: Amoonguss\n|-start|p1b: Amoonguss|move: Yawn|[of] p2a: Gastrodon\n|move|p1b: Amoonguss|Pollen Puff|p1: Iron Hands|[notarget]\n|-fail|p1b: Amoonguss\n|\n|upkeep\n|\n|t:|1700814402\n|switch|p1a: Iron Bundle|Iron Bundle, L50, shiny|100\/100\n|turn|8\n|\n|t:|1700814420\n|move|p2b: Grimmsnarl|Parting Shot|p1a: Iron Bundle\n|-unboost|p1a: Iron Bundle|atk|1\n|-unboost|p1a: Iron Bundle|spa|1\n|\n|t:|1700814423\n|switch|p2b: Heatran|Heatran, L50, M|100\/100|[from] Parting Shot\n|move|p1a: Iron Bundle|Icy Wind|p2b: Heatran|[spread] p2a,p2b\n|-resisted|p2b: Heatran\n|-damage|p2a: Gastrodon|1\/100\n|-damage|p2b: Heatran|99\/100\n|-unboost|p2a: Gastrodon|spe|1\n|-unboost|p2b: Heatran|spe|1\n|move|p2a: Gastrodon|Yawn|p1a: Iron Bundle\n|-start|p1a: Iron Bundle|move: Yawn|[of] p2a: Gastrodon\n|move|p1b: Amoonguss|Pollen Puff|p2b: Heatran\n|-resisted|p2b: Heatran\n|-damage|p2b: Heatran|97\/100\n|\n|-end|p1b: Amoonguss|move: Yawn|[silent]\n|-status|p1b: Amoonguss|slp\n|upkeep\n|turn|9\n|inactive|JKAngelz has 30 seconds left.\n|\n|t:|1700814455\n|switch|p2b: Grimmsnarl|Grimmsnarl, L50, M|19\/100\n|-terastallize|p1b: Amoonguss|Water\n|move|p1a: Iron Bundle|Icy Wind|p2b: Grimmsnarl|[spread] p2a,p2b\n|-damage|p2a: Gastrodon|0 fnt\n|-damage|p2b: Grimmsnarl|7\/100\n|faint|p2a: Gastrodon\n|cant|p1b: Amoonguss|slp\n|\n|-end|p1b: Amoonguss|move: Taunt\n|-end|p1a: Iron Bundle|move: Yawn|[silent]\n|-status|p1a: Iron Bundle|slp\n|upkeep\n|\n|t:|1700814465\n|switch|p2a: Heatran|Heatran, L50, M|97\/100\n|turn|10\n|\n|t:|1700814473\n|cant|p1a: Iron Bundle|slp\n|move|p2a: Heatran|Heat Wave|p1b: Amoonguss|[spread] p1a,p1b\n|-resisted|p1b: Amoonguss\n|-damage|p1a: Iron Bundle|48\/100 slp\n|-damage|p1b: Amoonguss|38\/100 slp\n|-enditem|p1b: Amoonguss|Sitrus Berry|[eat]\n|-heal|p1b: Amoonguss|62\/100 slp|[from] item: Sitrus Berry\n|move|p2b: Grimmsnarl|Spirit Break|p1a: Iron Bundle\n|-damage|p1a: Iron Bundle|13\/100 slp\n|-unboost|p1a: Iron Bundle|spa|1\n|cant|p1b: Amoonguss|slp\n|\n|upkeep\n|turn|11\n|inactive|electricboogaloo12 has 30 seconds left.\n|\n|t:|1700814499\n|cant|p1a: Iron Bundle|slp\n|move|p2b: Grimmsnarl|Taunt|p1b: Amoonguss\n|-start|p1b: Amoonguss|move: Taunt\n|move|p2a: Heatran|Earth Power|p1a: Iron Bundle\n|-damage|p1a: Iron Bundle|0 fnt\n|faint|p1a: Iron Bundle\n|-end|p1a: Iron Bundle|Quark Drive|[silent]\n|-curestatus|p1b: Amoonguss|slp|[msg]\n|cant|p1b: Amoonguss|move: Taunt|Spore\n|\n|upkeep\n|turn|12\n|\n|t:|1700814514\n|move|p2a: Heatran|Earth Power|p1b: Amoonguss\n|-damage|p1b: Amoonguss|39\/100\n|move|p2b: Grimmsnarl|Spirit Break|p2a: Heatran\n|-resisted|p2a: Heatran\n|-damage|p2a: Heatran|89\/100\n|-unboost|p2a: Heatran|spa|1\n|move|p1b: Amoonguss|Pollen Puff|p2b: Grimmsnarl\n|-damage|p2b: Grimmsnarl|0 fnt\n|faint|p2b: Grimmsnarl\n|\n|upkeep\n|turn|13\n|\n|t:|1700814525\n|move|p2a: Heatran|Flash Cannon|p1b: Amoonguss\n|-resisted|p1b: Amoonguss\n|-damage|p1b: Amoonguss|28\/100\n|move|p1b: Amoonguss|Pollen Puff|p2a: Heatran\n|-resisted|p2a: Heatran\n|-damage|p2a: Heatran|87\/100\n|\n|-end|p1b: Amoonguss|move: Taunt\n|upkeep\n|turn|14\n|\n|t:|1700814530\n|move|p2a: Heatran|Earth Power|p1b: Amoonguss\n|-damage|p1b: Amoonguss|12\/100\n|move|p1b: Amoonguss|Spore|p2a: Heatran\n|-status|p2a: Heatran|slp|[from] move: Spore\n|\n|upkeep\n|turn|15\n|\n|t:|1700814536\n|cant|p2a: Heatran|slp\n|move|p1b: Amoonguss|Pollen Puff|p2a: Heatran\n|-resisted|p2a: Heatran\n|-damage|p2a: Heatran|84\/100 slp\n|\n|upkeep\n|turn|16\n|\n|t:|1700814542\n|cant|p2a: Heatran|slp\n|move|p1b: Amoonguss|Pollen Puff|p2a: Heatran\n|-resisted|p2a: Heatran\n|-damage|p2a: Heatran|81\/100 slp\n|\n|upkeep\n|turn|17\n|\n|t:|1700814548\n|cant|p2a: Heatran|slp\n|move|p1b: Amoonguss|Pollen Puff|p2a: Heatran\n|-resisted|p2a: Heatran\n|-damage|p2a: Heatran|79\/100 slp\n|\n|upkeep\n|turn|18\n|\n|t:|1700814554\n|-curestatus|p2a: Heatran|slp|[msg]\n|move|p2a: Heatran|Earth Power|p1b: Amoonguss\n|-damage|p1b: Amoonguss|0 fnt\n|faint|p1b: Amoonguss\n|\n|win|electricboogaloo12\n|raw|JKAngelz's rating: 1330 &rarr; <strong>1304<\/strong><br \/>(-26 for losing)\n|raw|electricboogaloo12's rating: 1220 &rarr; <strong>1253<\/strong><br \/>(+33 for winning)\n","uploadtime":1700814563,"views":4,"p1id":"jkangelz","p2id":"electricboogaloo12","formatid":"gen9vgc2023regulatione","rating":1253,"private":0,"password":""}