{"id":"gen9vgc2023regulatione-1990806462","p1":"thecellosong1","p2":"SwaseyVGC","format":"[Gen 9] VGC 2023 Regulation E","log":"|j|\u2606thecellosong1\n|j|\u2606SwaseyVGC\n|t:|1700002745\n|gametype|doubles\n|player|p1|thecellosong1|colress|1338\n|player|p2|SwaseyVGC|265|1393\n|teamsize|p1|6\n|teamsize|p2|6\n|gen|9\n|tier|[Gen 9] VGC 2023 Regulation E\n|rated|\n|rule|Species Clause: Limit one of each Pok\u00e9mon\n|rule|Item Clause: Limit one of each item\n|clearpoke\n|poke|p1|Iron Hands, L50|\n|poke|p1|Weezing, L50, M|\n|poke|p1|Landorus-Therian, L50, M|\n|poke|p1|Ogerpon-Wellspring, L50, F|\n|poke|p1|Flutter Mane, L50|\n|poke|p1|Roaring Moon, L50|\n|poke|p2|Urshifu-*, L50, M|\n|poke|p2|Enamorus, L50, F|\n|poke|p2|Rillaboom, L50, M|\n|poke|p2|Roaring Moon, L50|\n|poke|p2|Arcanine-Hisui, L50, F|\n|poke|p2|Gholdengo, L50|\n|teampreview|4\n|inactive|Battle timer is ON: inactive players will automatically lose when time's up. (requested by thecellosong1)\nthecellosong1 has agreed to open team sheets.\nSwaseyVGC has agreed to open team sheets.\n|c|\u2606SwaseyVGC|glhf\n|inactive|thecellosong1 has 30 seconds left.\n|inactive|SwaseyVGC has 30 seconds left.\n|inactive|thecellosong1 has 20 seconds left.\n|inactive|SwaseyVGC has 20 seconds left.\n|inactive|thecellosong1 has 15 seconds left.\n|inactive|SwaseyVGC has 15 seconds left.\n|inactive|thecellosong1 has 10 seconds left.\n|inactive|SwaseyVGC has 10 seconds left.\n|\n|t:|1700002798\n|start\n|switch|p1a: Landorus|Landorus-Therian, L50, M|100\/100\n|switch|p1b: Ogerpon|Ogerpon-Wellspring, L50, F|100\/100\n|switch|p2a: Enamorus|Enamorus, L50, F|100\/100\n|switch|p2b: Roaring Moon|Roaring Moon, L50|100\/100\n|-ability|p1a: Landorus|Intimidate|boost\n|-boost|p2a: Enamorus|atk|1\n|-unboost|p2b: Roaring Moon|atk|1\n|-enditem|p2b: Roaring Moon|Booster Energy\n|-activate|p2b: Roaring Moon|ability: Protosynthesis|[fromitem]\n|-start|p2b: Roaring Moon|protosynthesisspe\n|turn|1\n|inactive|thecellosong1 has 30 seconds left.\n|inactive|SwaseyVGC has 30 seconds left.\n|\n|t:|1700002827\n|-terastallize|p1b: Ogerpon|Water\n|detailschange|p1b: Ogerpon|Ogerpon-Wellspring-Tera, L50, F, tera:Water\n|-ability|p1b: Ogerpon|Embody Aspect (Wellspring)|boost\n|-boost|p1b: Ogerpon|spd|1\n|move|p2a: Enamorus|Protect|p2a: Enamorus\n|-singleturn|p2a: Enamorus|Protect\n|move|p2b: Roaring Moon|Knock Off|p1a: Landorus\n|-damage|p1a: Landorus|60\/100\n|-enditem|p1a: Landorus|Choice Scarf|[from] move: Knock Off|[of] p2b: Roaring Moon\n|move|p1b: Ogerpon|Swords Dance|p1b: Ogerpon\n|-boost|p1b: Ogerpon|atk|2\n|move|p1a: Landorus|Rock Slide|p2a: Enamorus|[spread] p2b\n|-activate|p2a: Enamorus|move: Protect\n|-damage|p2b: Roaring Moon|75\/100\n|\n|upkeep\n|turn|2\n|inactive|SwaseyVGC has 30 seconds left.\n|\n|t:|1700002859\n|move|p2b: Roaring Moon|Breaking Swipe|p1a: Landorus|[spread] p1a,p1b\n|-damage|p1a: Landorus|42\/100\n|-damage|p1b: Ogerpon|81\/100\n|-unboost|p1a: Landorus|atk|1\n|-unboost|p1b: Ogerpon|atk|1\n|move|p1b: Ogerpon|Ivy Cudgel|p2a: Enamorus|[anim] Ivy Cudgel Water\n|-damage|p2a: Enamorus|0 fnt\n|faint|p2a: Enamorus\n|move|p1a: Landorus|U-turn|p2b: Roaring Moon\n|-supereffective|p2b: Roaring Moon\n|-crit|p2b: Roaring Moon\n|-damage|p2b: Roaring Moon|0 fnt\n|faint|p2b: Roaring Moon\n|-end|p2b: Roaring Moon|Protosynthesis|[silent]\n|\n|t:|1700002877\n|switch|p1a: Iron Hands|Iron Hands, L50|100\/100|[from] U-turn\n|\n|upkeep\n|\n|t:|1700002880\n|switch|p2b: Arcanine|Arcanine-Hisui, L50, F|100\/100\n|switch|p2a: Rillaboom|Rillaboom, L50, M|100\/100\n|-ability|p2b: Arcanine|Intimidate|boost\n|-unboost|p1a: Iron Hands|atk|1\n|-unboost|p1b: Ogerpon|atk|1\n|-fieldstart|move: Grassy Terrain|[from] ability: Grassy Surge|[of] p2a: Rillaboom\n|turn|3\n|\n|t:|1700002903\n|switch|p1b: Landorus|Landorus-Therian, L50, M|42\/100\n|-ability|p1b: Landorus|Intimidate|boost\n|-unboost|p2a: Rillaboom|atk|1\n|-unboost|p2b: Arcanine|atk|1\n|-terastallize|p2b: Arcanine|Fairy\n|move|p2a: Rillaboom|Fake Out|p1a: Iron Hands\n|-damage|p1a: Iron Hands|93\/100\n|move|p2b: Arcanine|Tera Blast|p1a: Iron Hands|[anim] Tera Blast Fairy\n|-supereffective|p1a: Iron Hands\n|-damage|p1a: Iron Hands|36\/100\n|cant|p1a: Iron Hands|flinch\n|\n|-heal|p1a: Iron Hands|42\/100|[from] Grassy Terrain\n|upkeep\n|turn|4\n|\n|t:|1700002923\n|-end|p1a: Iron Hands|Quark Drive|[silent]\n|switch|p1a: Weezing|Weezing, L50, M|100\/100\n|-ability|p1a: Weezing|Neutralizing Gas\n|move|p1b: Landorus|U-turn|p2a: Rillaboom\n|-supereffective|p2a: Rillaboom\n|-damage|p2a: Rillaboom|44\/100\n|\n|t:|1700002930\n|switch|p1b: Iron Hands|Iron Hands, L50|42\/100|[from] U-turn\n|move|p2b: Arcanine|Tera Blast|p1a: Weezing|[anim] Tera Blast Fairy\n|-resisted|p1a: Weezing\n|-damage|p1a: Weezing|86\/100\n|move|p2a: Rillaboom|Wood Hammer|p1b: Iron Hands\n|-crit|p1b: Iron Hands\n|-damage|p1b: Iron Hands|0 fnt\n|faint|p1b: Iron Hands\n|-end|p1b: Iron Hands|Quark Drive|[silent]\n|-damage|p2a: Rillaboom|28\/100|[from] Recoil\n|\n|-heal|p2a: Rillaboom|34\/100|[from] Grassy Terrain\n|-heal|p1a: Weezing|92\/100|[from] Grassy Terrain\n|upkeep\n|\n|t:|1700002941\n|switch|p1b: Ogerpon|Ogerpon-Wellspring-Tera, L50, F, tera:Water|81\/100\n|turn|5\n|-message|SwaseyVGC forfeited.\n|\n|win|thecellosong1\n|raw|thecellosong1's rating: 1338 &rarr; <strong>1361<\/strong><br \/>(+23 for winning)\n|raw|SwaseyVGC's rating: 1393 &rarr; <strong>1370<\/strong><br \/>(-23 for losing)\n|l|\u2606thecellosong1\n","uploadtime":1700002956,"views":25,"p1id":"thecellosong1","p2id":"swaseyvgc","formatid":"gen9vgc2023regulatione","rating":1361,"private":0,"password":""}