{"id":"gen9vgc2023regulatione-1993572166","p1":"Darkbadger2606","p2":"Cruzer108","format":"[Gen 9] VGC 2023 Regulation E","log":"|j|\u2606Darkbadger2606\n|j|\u2606Cruzer108\n|n|\u2606Darkbadger2606|darkbadger2606\n|n|\u2606Cruzer108|cruzer108\n|html|View the match progress at <a href=\"\/game-bestof3-gen9vgc2023regulatione-1993566215\">game-bestof3-gen9vgc2023regulatione-1993566215<\/a>\n|t:|1700333099\n|gametype|doubles\n|player|p1|Darkbadger2606|linebacker|\n|player|p2|Cruzer108|giovanni|\n|teamsize|p1|6\n|teamsize|p2|6\n|gen|9\n|tier|[Gen 9] VGC 2023 Regulation E\n|rule|Species Clause: Limit one of each Pok\u00e9mon\n|rule|Item Clause: Limit one of each item\n|clearpoke\n|poke|p1|Sandy Shocks, L50|\n|poke|p1|Espathra, L50, M|\n|poke|p1|Kommo-o, L50, F|\n|poke|p1|Ogerpon-Hearthflame, L50, F|\n|poke|p1|Illumise, L50, F|\n|poke|p1|Palafin, L50, M|\n|poke|p2|Arcanine, L50, M|\n|poke|p2|Iron Hands, L50|\n|poke|p2|Klefki, L50, M|\n|poke|p2|Flutter Mane, L50|\n|poke|p2|Goodra, L50, F|\n|poke|p2|Sandaconda, L50, F|\n|teampreview|4\n|j| Salivadora\n|c|\u2606Darkbadger2606|G2 glhf\n|j| Raikia\n|c|\u2606Cruzer108|you didnt even bring the right team and i wish you did\n|inactive|Battle timer is ON: inactive players will automatically lose when time's up. (requested by Darkbadger2606)\n|c|\u2606Cruzer108|this sucks\n|j| deathbane98\n|\n|t:|1700333147\n|start\n|switch|p1a: Sandy Shocks|Sandy Shocks, L50, shiny|100\/100\n|switch|p1b: Espathra|Espathra, L50, M, shiny|100\/100\n|switch|p2a: Flutter Mane|Flutter Mane, L50|100\/100\n|switch|p2b: Arcanine|Arcanine, L50, M|100\/100\n|-enditem|p2a: Flutter Mane|Booster Energy\n|-activate|p2a: Flutter Mane|ability: Protosynthesis|[fromitem]\n|-start|p2a: Flutter Mane|protosynthesisspa\n|-enditem|p1a: Sandy Shocks|Booster Energy\n|-activate|p1a: Sandy Shocks|ability: Protosynthesis|[fromitem]\n|-start|p1a: Sandy Shocks|protosynthesisspe\n|turn|1\n|c| Salivadora|Man Barry\u2019s theme sucks\n|\n|t:|1700333171\n|move|p1a: Sandy Shocks|Protect|p1a: Sandy Shocks\n|-singleturn|p1a: Sandy Shocks|Protect\n|move|p1b: Espathra|Protect|p1b: Espathra\n|-singleturn|p1b: Espathra|Protect\n|move|p2a: Flutter Mane|Shadow Ball|p1b: Espathra\n|-activate|p1b: Espathra|move: Protect\n|move|p2b: Arcanine|Flare Blitz|p1a: Sandy Shocks\n|-activate|p1a: Sandy Shocks|move: Protect\n|\n|-ability|p1b: Espathra|Speed Boost|boost\n|-boost|p1b: Espathra|spe|1\n|upkeep\n|turn|2\n|\n|t:|1700333186\n|move|p2b: Arcanine|Extreme Speed|p1b: Espathra\n|-damage|p1b: Espathra|63\/100\n|move|p1a: Sandy Shocks|Gravity|p1a: Sandy Shocks\n|-fieldstart|move: Gravity\n|move|p1b: Espathra|Hypnosis|p2a: Flutter Mane\n|-status|p2a: Flutter Mane|slp|[from] move: Hypnosis\n|cant|p2a: Flutter Mane|slp\n|\n|-ability|p1b: Espathra|Speed Boost|boost\n|-boost|p1b: Espathra|spe|1\n|upkeep\n|turn|3\n|l| deathbane98\n|inactive|Cruzer108 has 30 seconds left.\n|\n|t:|1700333218\n|switch|p2b: Sandaconda|Sandaconda, L50, F|100\/100\n|move|p1b: Espathra|Hypnosis|p2b: Sandaconda\n|-status|p2b: Sandaconda|slp|[from] move: Hypnosis\n|move|p1a: Sandy Shocks|Earth Power|p2a: Flutter Mane\n|-damage|p2a: Flutter Mane|52\/100 slp\n|cant|p2a: Flutter Mane|slp\n|\n|-ability|p1b: Espathra|Speed Boost|boost\n|-boost|p1b: Espathra|spe|1\n|upkeep\n|turn|4\n|j| deathbane98\n|\n|t:|1700333234\n|move|p1b: Espathra|Dazzling Gleam|p2b: Sandaconda|[spread] p2a,p2b\n|-damage|p2a: Flutter Mane|30\/100 slp\n|-damage|p2b: Sandaconda|76\/100 slp\n|move|p1a: Sandy Shocks|Earth Power|p2a: Flutter Mane\n|-damage|p2a: Flutter Mane|0 fnt\n|faint|p2a: Flutter Mane\n|-end|p2a: Flutter Mane|Protosynthesis|[silent]\n|cant|p2b: Sandaconda|slp\n|\n|-heal|p2b: Sandaconda|83\/100 slp|[from] item: Leftovers\n|-ability|p1b: Espathra|Speed Boost|boost\n|-boost|p1b: Espathra|spe|1\n|upkeep\n|\n|t:|1700333242\n|switch|p2a: Iron Hands|Iron Hands, L50|100\/100\n|turn|5\n|\n|t:|1700333256\n|-terastallize|p2a: Iron Hands|Fire\n|move|p1b: Espathra|Lumina Crash|p2a: Iron Hands\n|-damage|p2a: Iron Hands|67\/100\n|-unboost|p2a: Iron Hands|spd|2\n|move|p1a: Sandy Shocks|Earth Power|p2a: Iron Hands\n|-supereffective|p2a: Iron Hands\n|-damage|p2a: Iron Hands|0 fnt\n|faint|p2a: Iron Hands\n|-end|p2a: Iron Hands|Quark Drive|[silent]\n|cant|p2b: Sandaconda|slp\n|\n|-heal|p2b: Sandaconda|89\/100 slp|[from] item: Leftovers\n|-ability|p1b: Espathra|Speed Boost|boost\n|-boost|p1b: Espathra|spe|1\n|upkeep\n|\n|t:|1700333261\n|switch|p2a: Arcanine|Arcanine, L50, M|100\/100\n|turn|6\n|c| Salivadora|Oh they gave Espathras model in, nice\n|c|\u2606Cruzer108|I HAVE SHED SKIN EVEN\n|c|\u2606Cruzer108|This isnt fun\n|inactive|Cruzer108 has 30 seconds left.\n|c|\u2606Darkbadger2606|Im so sorry\n|\n|t:|1700333287\n|move|p1b: Espathra|Hypnosis|p2a: Arcanine\n|-status|p2a: Arcanine|slp|[from] move: Hypnosis\n|move|p1a: Sandy Shocks|Earth Power|p2a: Arcanine\n|-supereffective|p2a: Arcanine\n|-damage|p2a: Arcanine|0 fnt\n|faint|p2a: Arcanine\n|-curestatus|p2b: Sandaconda|slp|[msg]\n|move|p2b: Sandaconda|High Horsepower|p1a: Sandy Shocks\n|-supereffective|p1a: Sandy Shocks\n|-damage|p1a: Sandy Shocks|7\/100\n|\n|-heal|p2b: Sandaconda|95\/100|[from] item: Leftovers\n|-fieldend|move: Gravity\n|-ability|p1b: Espathra|Speed Boost|boost\n|-boost|p1b: Espathra|spe|1\n|upkeep\n|turn|7\n|c|\u2606Cruzer108|ik you arent\n|c|\u2606Cruzer108|this is just bs\n|\n|t:|1700333304\n|move|p1b: Espathra|Hypnosis|p2b: Sandaconda|[miss]\n|-miss|p1b: Espathra|p2b: Sandaconda\n|move|p1a: Sandy Shocks|Gravity|p1a: Sandy Shocks\n|-fieldstart|move: Gravity\n|move|p2b: Sandaconda|High Horsepower|p1b: Espathra\n|-damage|p1b: Espathra|0 fnt\n|faint|p1b: Espathra\n|\n|-heal|p2b: Sandaconda|100\/100|[from] item: Leftovers\n|upkeep\n|\n|t:|1700333313\n|switch|p1b: Ogerpon|Ogerpon-Hearthflame, L50, F|100\/100\n|-ability|p1b: Ogerpon|Mold Breaker\n|turn|8\n|\n|t:|1700333318\n|move|p1a: Sandy Shocks|Earth Power|p2b: Sandaconda\n|-damage|p2b: Sandaconda|51\/100\n|-unboost|p2b: Sandaconda|spd|1\n|move|p1b: Ogerpon|Horn Leech|p2b: Sandaconda\n|-supereffective|p2b: Sandaconda\n|-damage|p2b: Sandaconda|0 fnt\n|faint|p2b: Sandaconda\n|\n|win|Darkbadger2606\n|c|\u2606Darkbadger2606|gg\n|c|\u2606Cruzer108|gg\n|l| Salivadora\n|l| deathbane98\n|l|\u2606Cruzer108\n|l| Raikia\n|j| anime thighs uwu\n|j| Raikia\n|l| Raikia\n|l| anime thighs uwu\n|j| Lkynmbr24\n|j| anime thighs uwu\n|j| Huxley187\n","uploadtime":1700333562,"views":22,"p1id":"darkbadger2606","p2id":"cruzer108","formatid":"gen9vgc2023regulatione","rating":0,"private":0,"password":""}