{"id":"gen9vgc2023regulatione-1995830189","p1":"Gimbo","p2":"MaxStarPower","format":"[Gen 9] VGC 2023 Regulation E","log":"|j|\u2606Gimbo\n|j|\u2606MaxStarPower\n|t:|1700607371\n|gametype|doubles\n|player|p1|Gimbo|170|1065\n|player|p2|MaxStarPower|backersf|1025\n|teamsize|p1|6\n|teamsize|p2|6\n|gen|9\n|tier|[Gen 9] VGC 2023 Regulation E\n|rated|\n|rule|Species Clause: Limit one of each Pok\u00e9mon\n|rule|Item Clause: Limit one of each item\n|clearpoke\n|poke|p1|Ogerpon-Wellspring, L50, F|\n|poke|p1|Tornadus, L50, M|\n|poke|p1|Sneasler, L50, F|\n|poke|p1|Ting-Lu, L50|\n|poke|p1|Torterra, L50, F|\n|poke|p1|Rillaboom, L50, M|\n|poke|p2|Scream Tail, L50|\n|poke|p2|Gholdengo, L50|\n|poke|p2|Ninetales-Alola, L50, F|\n|poke|p2|Ogerpon-Wellspring, L50, F|\n|poke|p2|Iron Hands, L50|\n|poke|p2|Volcarona, L50, F|\n|teampreview|4\n|inactive|Battle timer is ON: inactive players will automatically lose when time's up. (requested by MaxStarPower)\n|\n|t:|1700607431\n|start\n|switch|p1a: Sneasler|Sneasler, L50, F|100\/100\n|switch|p1b: Rillaboom|Rillaboom, L50, M|100\/100\n|switch|p2a: Ninetales|Ninetales-Alola, L50, F|100\/100\n|switch|p2b: Volcarona|Volcarona, L50, F|100\/100\n|-weather|Snow|[from] ability: Snow Warning|[of] p2a: Ninetales\n|-fieldstart|move: Grassy Terrain|[from] ability: Grassy Surge|[of] p1b: Rillaboom\n|-enditem|p1a: Sneasler|Grassy Seed\n|-boost|p1a: Sneasler|def|1|[from] item: Grassy Seed\n|turn|1\n|l|\u2606MaxStarPower\n|inactive|MaxStarPower disconnected and has a minute to reconnect!\n|player|p2|\n|j|\u2606MaxStarPower\n|inactive|MaxStarPower reconnected and has 45 seconds left.\n|player|p2|MaxStarPower|backersf\n|\n|t:|1700607452\n|-terastallize|p1a: Sneasler|Flying\n|move|p1b: Rillaboom|Fake Out|p2a: Ninetales\n|-damage|p2a: Ninetales|86\/100\n|-damage|p1b: Rillaboom|91\/100|[from] item: Life Orb\n|move|p1a: Sneasler|Acrobatics|p2b: Volcarona\n|-supereffective|p2b: Volcarona\n|-damage|p2b: Volcarona|0 fnt\n|faint|p2b: Volcarona\n|cant|p2a: Ninetales|flinch\n|\n|-weather|Snow|[upkeep]\n|-heal|p2a: Ninetales|92\/100|[from] Grassy Terrain\n|-heal|p1b: Rillaboom|96\/100|[from] Grassy Terrain\n|upkeep\n|inactive|MaxStarPower has 30 seconds left.\n|\n|t:|1700607487\n|switch|p2b: Iron Hands|Iron Hands, L50, shiny|100\/100\n|turn|2\n|inactive|MaxStarPower has 30 seconds left.\n|\n|t:|1700607513\n|switch|p1a: Ting-Lu|Ting-Lu, L50|100\/100\n|-ability|p1a: Ting-Lu|Vessel of Ruin\n|move|p2b: Iron Hands|Fake Out|p1a: Ting-Lu\n|-damage|p1a: Ting-Lu|94\/100\n|move|p2a: Ninetales|Aurora Veil|p2a: Ninetales\n|-sidestart|p2: MaxStarPower|move: Aurora Veil\n|move|p1b: Rillaboom|Knock Off|p2a: Ninetales\n|-resisted|p2a: Ninetales\n|-damage|p2a: Ninetales|81\/100\n|-enditem|p2a: Ninetales|Mental Herb|[from] move: Knock Off|[of] p1b: Rillaboom\n|-damage|p1b: Rillaboom|87\/100|[from] item: Life Orb\n|\n|-weather|Snow|[upkeep]\n|-heal|p2a: Ninetales|87\/100|[from] Grassy Terrain\n|-heal|p1b: Rillaboom|92\/100|[from] Grassy Terrain\n|-heal|p1a: Ting-Lu|99\/100|[from] Grassy Terrain\n|upkeep\n|turn|3\n|inactive|MaxStarPower has 30 seconds left.\n|inactive|MaxStarPower has 20 seconds left.\n|inactive|MaxStarPower has 15 seconds left.\n|inactive|MaxStarPower has 10 seconds left.\n|inactive|MaxStarPower has 5 seconds left.\n|\n|t:|1700607568\n|move|p2b: Iron Hands|Fake Out||[still]\n|-hint|Fake Out only works on your first turn out.\n|-fail|p2b: Iron Hands\n|move|p2a: Ninetales|Aurora Veil||[still]\n|-fail|p2a: Ninetales\n|move|p1b: Rillaboom|Knock Off|p2b: Iron Hands\n|-resisted|p2b: Iron Hands\n|-damage|p2b: Iron Hands|91\/100\n|-enditem|p2b: Iron Hands|Assault Vest|[from] move: Knock Off|[of] p1b: Rillaboom\n|-damage|p1b: Rillaboom|83\/100|[from] item: Life Orb\n|move|p1a: Ting-Lu|Heavy Slam|p2a: Ninetales\n|-supereffective|p2a: Ninetales\n|-damage|p2a: Ninetales|17\/100\n|\n|-weather|Snow|[upkeep]\n|-heal|p2a: Ninetales|23\/100|[from] Grassy Terrain\n|-heal|p1b: Rillaboom|88\/100|[from] Grassy Terrain\n|-heal|p2b: Iron Hands|97\/100|[from] Grassy Terrain\n|-heal|p1a: Ting-Lu|100\/100|[from] Grassy Terrain\n|upkeep\n|turn|4\n|inactive|MaxStarPower has 30 seconds left.\n|\n|t:|1700607599\n|move|p1b: Rillaboom|Grassy Glide|p2b: Iron Hands\n|-damage|p2b: Iron Hands|77\/100\n|-damage|p1b: Rillaboom|79\/100|[from] item: Life Orb\n|move|p2a: Ninetales|Blizzard|p1a: Ting-Lu|[spread] p1a,p1b\n|-supereffective|p1a: Ting-Lu\n|-supereffective|p1b: Rillaboom\n|-damage|p1a: Ting-Lu|79\/100\n|-damage|p1b: Rillaboom|27\/100\n|move|p2b: Iron Hands|Close Combat|p1a: Ting-Lu\n|-supereffective|p1a: Ting-Lu\n|-damage|p1a: Ting-Lu|15\/100\n|-unboost|p2b: Iron Hands|def|1\n|-unboost|p2b: Iron Hands|spd|1\n|move|p1a: Ting-Lu|Heavy Slam|p2a: Ninetales\n|-supereffective|p2a: Ninetales\n|-damage|p2a: Ninetales|0 fnt\n|faint|p2a: Ninetales\n|\n|-weather|Snow|[upkeep]\n|-heal|p1b: Rillaboom|33\/100|[from] Grassy Terrain\n|-heal|p2b: Iron Hands|83\/100|[from] Grassy Terrain\n|-heal|p1a: Ting-Lu|21\/100|[from] Grassy Terrain\n|upkeep\n|inactive|MaxStarPower has 30 seconds left.\n|\n|t:|1700607630\n|switch|p2a: Gholdengo|Gholdengo, L50|100\/100\n|turn|5\n|\n|t:|1700607646\n|move|p1b: Rillaboom|Knock Off|p2a: Gholdengo\n|-supereffective|p2a: Gholdengo\n|-damage|p2a: Gholdengo|41\/100\n|-enditem|p2a: Gholdengo|Sitrus Berry|[from] move: Knock Off|[of] p1b: Rillaboom\n|-damage|p1b: Rillaboom|23\/100|[from] item: Life Orb\n|move|p2a: Gholdengo|Shadow Ball|p1b: Rillaboom\n|-damage|p1b: Rillaboom|0 fnt\n|faint|p1b: Rillaboom\n|move|p2b: Iron Hands|Drain Punch|p1a: Ting-Lu\n|-supereffective|p1a: Ting-Lu\n|-damage|p1a: Ting-Lu|0 fnt\n|-heal|p2b: Iron Hands|94\/100|[from] drain|[of] p1a: Ting-Lu\n|faint|p1a: Ting-Lu\n|\n|-weather|none\n|-heal|p2a: Gholdengo|47\/100|[from] Grassy Terrain\n|-heal|p2b: Iron Hands|99\/100|[from] Grassy Terrain\n|-fieldend|move: Grassy Terrain\n|upkeep\n|\n|t:|1700607659\n|switch|p1b: Sneasler|Sneasler, L50, F, tera:Flying|100\/100\n|switch|p1a: Torterra|Torterra, L50, F|100\/100\n|turn|6\n|inactive|MaxStarPower has 30 seconds left.\n|inactive|MaxStarPower has 20 seconds left.\n|inactive|MaxStarPower has 15 seconds left.\n|\n|t:|1700607700\n|-terastallize|p2a: Gholdengo|Steel\n|move|p1b: Sneasler|Fake Out|p2b: Iron Hands\n|-damage|p2b: Iron Hands|90\/100\n|move|p1a: Torterra|Shell Smash|p1a: Torterra\n|-unboost|p1a: Torterra|def|1\n|-unboost|p1a: Torterra|spd|1\n|-boost|p1a: Torterra|atk|2\n|-boost|p1a: Torterra|spa|2\n|-boost|p1a: Torterra|spe|2\n|-enditem|p1a: Torterra|White Herb\n|-clearnegativeboost|p1a: Torterra|[silent]\n|move|p2a: Gholdengo|Recover|p2a: Gholdengo\n|-heal|p2a: Gholdengo|97\/100\n|cant|p2b: Iron Hands|flinch\n|\n|-sideend|p2: MaxStarPower|move: Aurora Veil\n|upkeep\n|turn|7\n|inactive|MaxStarPower has 30 seconds left.\n|\n|t:|1700607725\n|move|p1a: Torterra|Earthquake|p2a: Gholdengo|[spread] p2a,p2b\n|-immune|p1b: Sneasler\n|-supereffective|p2a: Gholdengo\n|-supereffective|p2b: Iron Hands\n|-damage|p2a: Gholdengo|0 fnt\n|-damage|p2b: Iron Hands|0 fnt\n|faint|p2a: Gholdengo\n|faint|p2b: Iron Hands\n|-end|p2b: Iron Hands|Quark Drive|[silent]\n|\n|win|Gimbo\n|raw|Gimbo's rating: 1065 &rarr; <strong>1092<\/strong><br \/>(+27 for winning)\n|raw|MaxStarPower's rating: 1025 &rarr; <strong>1013<\/strong><br \/>(-12 for losing)\n|l|\u2606Gimbo\n","uploadtime":1700607795,"views":11,"p1id":"gimbo","p2id":"maxstarpower","formatid":"gen9vgc2023regulatione","rating":1013,"private":0,"password":""}