{"id":"gen9vgc2023regulatione-1990922611","p1":"DominikMysterioVGC","p2":"MysticSpiritVGC","format":"[Gen 9] VGC 2023 Regulation E","log":"|j|\u2606DominikMysterioVGC\n|j|\u2606MysticSpiritVGC\n|t:|1700015517\n|gametype|doubles\n|player|p1|DominikMysterioVGC|rocketgrunt|1701\n|player|p2|MysticSpiritVGC|hilbert|1627\n|teamsize|p1|6\n|teamsize|p2|6\n|gen|9\n|tier|[Gen 9] VGC 2023 Regulation E\n|rated|\n|rule|Species Clause: Limit one of each Pok\u00e9mon\n|rule|Item Clause: Limit one of each item\n|clearpoke\n|poke|p1|Iron Hands, L50|\n|poke|p1|Landorus-Therian, L50, M|\n|poke|p1|Chi-Yu, L50|\n|poke|p1|Flutter Mane, L50|\n|poke|p1|Cresselia, L50, F|\n|poke|p1|Amoonguss, L50, F|\n|poke|p2|Armarouge, L50, M|\n|poke|p2|Indeedee-F, L50, F|\n|poke|p2|Urshifu-*, L50, M|\n|poke|p2|Flutter Mane, L50|\n|poke|p2|Iron Hands, L50|\n|poke|p2|Cresselia, L50, F|\n|teampreview|4\n|inactive|Battle timer is ON: inactive players will automatically lose when time's up. (requested by DominikMysterioVGC)\n|j| 5Sscreen\nDominikMysterioVGC has agreed to open team sheets.\nMysticSpiritVGC has agreed to open team sheets.\n|inactive|DominikMysterioVGC has 30 seconds left.\n|inactive|DominikMysterioVGC has 20 seconds left.\n|\n|t:|1700015566\n|start\n|switch|p1a: Chi-Yu|Chi-Yu, L50|100\/100\n|switch|p1b: Iron Hands|Iron Hands, L50|100\/100\n|switch|p2a: Iron Hands|Iron Hands, L50|100\/100\n|switch|p2b: Urshifu|Urshifu, L50, M|100\/100\n|-ability|p1a: Chi-Yu|Beads of Ruin\n|turn|1\n|\n|t:|1700015579\n|switch|p2b: Indeedee|Indeedee-F, L50, F|100\/100\n|-fieldstart|move: Psychic Terrain|[from] ability: Psychic Surge|[of] p2b: Indeedee\n|switch|p1a: Landorus|Landorus-Therian, L50, M|100\/100\n|-ability|p1a: Landorus|Intimidate|boost\n|-unboost|p2a: Iron Hands|atk|1\n|-unboost|p2b: Indeedee|atk|1\n|move|p1b: Iron Hands|Drain Punch|p2b: Indeedee\n|-damage|p2b: Indeedee|63\/100\n|-damage|p1b: Iron Hands|84\/100|[from] item: Rocky Helmet|[of] p2b: Indeedee\n|move|p2a: Iron Hands|Drain Punch|p1a: Landorus\n|-resisted|p1a: Landorus\n|-damage|p1a: Landorus|84\/100\n|\n|upkeep\n|turn|2\n|inactive|DominikMysterioVGC has 30 seconds left.\n|inactive|DominikMysterioVGC has 20 seconds left.\n|\n|t:|1700015616\n|-end|p2a: Iron Hands|Quark Drive|[silent]\n|switch|p2a: Urshifu|Urshifu, L50, M|100\/100\n|move|p1a: Landorus|U-turn|p2b: Indeedee\n|-supereffective|p2b: Indeedee\n|-damage|p2b: Indeedee|13\/100\n|-damage|p1a: Landorus|67\/100|[from] item: Rocky Helmet|[of] p2b: Indeedee\n|\n|t:|1700015625\n|switch|p1a: Flutter Mane|Flutter Mane, L50|100\/100|[from] U-turn\n|-enditem|p1a: Flutter Mane|Booster Energy\n|-activate|p1a: Flutter Mane|ability: Protosynthesis|[fromitem]\n|-start|p1a: Flutter Mane|protosynthesisspe\n|move|p2b: Indeedee|Dazzling Gleam|p1a: Flutter Mane|[spread] p1a,p1b\n|-supereffective|p1b: Iron Hands\n|-damage|p1a: Flutter Mane|89\/100\n|-damage|p1b: Iron Hands|70\/100\n|move|p1b: Iron Hands|Heavy Slam|p2b: Indeedee\n|-damage|p2b: Indeedee|0 fnt\n|-damage|p1b: Iron Hands|53\/100|[from] item: Rocky Helmet|[of] p2b: Indeedee\n|faint|p2b: Indeedee\n|\n|upkeep\n|\n|t:|1700015637\n|switch|p2b: Iron Hands|Iron Hands, L50|100\/100\n|turn|3\n|inactive|DominikMysterioVGC has 30 seconds left.\n|\n|t:|1700015668\n|switch|p2a: Armarouge|Armarouge, L50, M|100\/100\n|-end|p1b: Iron Hands|Quark Drive|[silent]\n|switch|p1b: Landorus|Landorus-Therian, L50, M|67\/100\n|-ability|p1b: Landorus|Intimidate|boost\n|-unboost|p2a: Armarouge|atk|1\n|-unboost|p2b: Iron Hands|atk|1\n|move|p1a: Flutter Mane|Moonblast|p2a: Armarouge\n|-resisted|p2a: Armarouge\n|-damage|p2a: Armarouge|76\/100\n|move|p2b: Iron Hands|Heavy Slam|p1a: Flutter Mane\n|-supereffective|p1a: Flutter Mane\n|-damage|p1a: Flutter Mane|0 fnt\n|faint|p1a: Flutter Mane\n|-end|p1a: Flutter Mane|Protosynthesis|[silent]\n|\n|upkeep\n|\n|t:|1700015676\n|switch|p1a: Chi-Yu|Chi-Yu, L50|100\/100\n|-ability|p1a: Chi-Yu|Beads of Ruin\n|turn|4\n|j| previouslyunnamed\n|\n|t:|1700015690\n|-terastallize|p1a: Chi-Yu|Ghost\n|-terastallize|p2a: Armarouge|Grass\n|move|p1b: Landorus|Stomping Tantrum|p2b: Iron Hands\n|-supereffective|p2b: Iron Hands\n|-damage|p2b: Iron Hands|42\/100\n|move|p1a: Chi-Yu|Dark Pulse|p2a: Armarouge\n|-damage|p2a: Armarouge|0 fnt\n|faint|p2a: Armarouge\n|move|p2b: Iron Hands|Drain Punch|p1a: Chi-Yu\n|-immune|p1a: Chi-Yu\n|\n|upkeep\n|\n|t:|1700015698\n|switch|p2a: Urshifu|Urshifu, L50, M|100\/100\n|turn|5\n|c| previouslyunnamed|gg\n|\n|t:|1700015721\n|move|p1b: Landorus|Stomping Tantrum|p2b: Iron Hands\n|-supereffective|p2b: Iron Hands\n|-damage|p2b: Iron Hands|0 fnt\n|faint|p2b: Iron Hands\n|-end|p2b: Iron Hands|Quark Drive|[silent]\n|move|p2a: Urshifu|Wicked Blow|p1a: Chi-Yu\n|-supereffective|p1a: Chi-Yu\n|-crit|p1a: Chi-Yu\n|-damage|p1a: Chi-Yu|0 fnt\n|faint|p1a: Chi-Yu\n|\n|-fieldend|move: Psychic Terrain\n|upkeep\n|\n|t:|1700015723\n|switch|p1a: Iron Hands|Iron Hands, L50|53\/100\n|turn|6\n|\n|t:|1700015727\n|move|p1a: Iron Hands|Fake Out|p2a: Urshifu\n|-damage|p2a: Urshifu|85\/100\n|move|p1b: Landorus|Stomping Tantrum|p2a: Urshifu\n|-damage|p2a: Urshifu|44\/100\n|cant|p2a: Urshifu|flinch\n|\n|upkeep\n|turn|7\n|\n|t:|1700015732\n|move|p1b: Landorus|Stomping Tantrum|p2a: Urshifu\n|-damage|p2a: Urshifu|1\/100\n|move|p2a: Urshifu|Wicked Blow|p1b: Landorus\n|-crit|p1b: Landorus\n|-damage|p1b: Landorus|0 fnt\n|faint|p1b: Landorus\n|move|p1a: Iron Hands|Drain Punch|p2a: Urshifu\n|-supereffective|p2a: Urshifu\n|-damage|p2a: Urshifu|0 fnt\n|-heal|p1a: Iron Hands|54\/100|[from] drain|[of] p2a: Urshifu\n|faint|p2a: Urshifu\n|\n|win|DominikMysterioVGC\n|raw|DominikMysterioVGC's rating: 1701 &rarr; <strong>1717<\/strong><br \/>(+16 for winning)\n|raw|MysticSpiritVGC's rating: 1627 &rarr; <strong>1611<\/strong><br \/>(-16 for losing)\n|c|\u2606MysticSpiritVGC|gg\n|c|\u2606DominikMysterioVGC|gg\n|l|\u2606MysticSpiritVGC\n|l|\u2606DominikMysterioVGC\n|l| previouslyunnamed\n","uploadtime":1700015891,"views":19,"p1id":"dominikmysteriovgc","p2id":"mysticspiritvgc","formatid":"gen9vgc2023regulatione","rating":1611,"private":0,"password":""}