{"id":"gen9vgc2023regulatione-1999348264","p1":"F3EF0O","p2":"gabtesting","format":"[Gen 9] VGC 2023 Regulation E","log":"|j|\u2606F3EF0O\n|j|\u2606gabtesting\n|t:|1701064395\n|gametype|doubles\n|player|p1|F3EF0O|2|\n|player|p2|gabtesting|169|\n|teamsize|p1|6\n|teamsize|p2|6\n|gen|9\n|tier|[Gen 9] VGC 2023 Regulation E\n|rule|Species Clause: Limit one of each Pok\u00e9mon\n|rule|Item Clause: Limit one of each item\n|clearpoke\n|poke|p1|Charizard, L50, F|\n|poke|p1|Greninja-*, L50, M|\n|poke|p1|Cinderace, L50, F|\n|poke|p1|Rillaboom, L50, M|\n|poke|p1|Chesnaught, L50, F|\n|poke|p1|Empoleon, L50, F|\n|poke|p2|Ninetales-Alola, L50, M|\n|poke|p2|Cetitan, L50, M|\n|poke|p2|Baxcalibur, L50, F|\n|poke|p2|Landorus-Therian, L50, M|\n|poke|p2|Heatran, L50, M|\n|poke|p2|Zapdos, L50|\n|teampreview|4\n|inactive|Battle timer is ON: inactive players will automatically lose when time's up. (requested by F3EF0O)\n|inactive|gabtesting also wants the timer to be on.\ngabtesting has agreed to open team sheets.\n|c|\u2606F3EF0O|i got 1 more fun team after this\n|c|\u2606F3EF0O|which is dudunsparce\n|c|\u2606F3EF0O|with rattled\nF3EF0O has agreed to open team sheets.\n|showteam|p1|Charizard||SitrusBerry|Blaze|DragonDance,FlareBlitz,ThunderPunch,RockSlide|||F|||50|,,,,,Fire]Greninja||ChoiceSpecs|Torrent|HydroPump,DarkPulse,IceBeam,WaterShuriken|||M|||50|,,,,,Water]Cinderace||HeavyDutyBoots|Libero|PyroBall,Uturn,Protect,ZenHeadbutt|||F|||50|,,,,,Flying]Rillaboom||Leftovers|GrassySurge|FakeOut,GrassyGlide,KnockOff,DrainPunch|||M|||50|,,,,,Grass]Chesnaught||RockyHelmet|Bulletproof|Protect,WoodHammer,DrainPunch,Synthesis|||F|||50|,,,,,Fighting]Empoleon||WikiBerry|Torrent|Liquidation,IcyWind,Roar,Protect|||F|||50|,,,,,Psychic\n|showteam|p2|Ninetales-Alola||SitrusBerry|SnowWarning|Blizzard,Moonblast,AuroraVeil,Protect|||M|||50|,,,,,Water]Cetitan||AssaultVest|SlushRush|IcicleCrash,Liquidation,HeavySlam,Superpower|||M|||50|,,,,,Water]Baxcalibur||LoadedDice|IceBody|IcicleSpear,ScaleShot,SwordsDance,Protect|||F|||50|,,,,,Poison]Landorus-Therian||ChoiceScarf|Intimidate|RockSlide,StompingTantrum,TeraBlast,Uturn|||M|||50|,,,,,Flying]Heatran||LifeOrb|FlashFire|HeatWave,TeraBlast,EarthPower,Protect|||M|||50|,,,,,Grass]Zapdos||RockyHelmet|Static|Thunderbolt,Hurricane,Tailwind,Roost||||||50|,,,,,Ghost\n|c|\u2606gabtesting|hahah nice. i'm down\n|\n|t:|1701064422\n|start\n|switch|p1a: Cinderace|Cinderace, L50, F|100\/100\n|switch|p1b: Charizard|Charizard, L50, F, shiny|100\/100\n|switch|p2a: Ninetales|Ninetales-Alola, L50, M|100\/100\n|switch|p2b: Cetitan|Cetitan, L50, M|100\/100\n|-weather|Snow|[from] ability: Snow Warning|[of] p2a: Ninetales\n|turn|1\n|c|\u2606gabtesting|add me at @rojasgabriel on here btw. that's my main account\n|inactive|gabtesting has 30 seconds left.\n|inactive|gabtesting has 20 seconds left.\n|\n|t:|1701064457\n|-terastallize|p2a: Ninetales|Water\n|move|p2b: Cetitan|Liquidation|p1a: Cinderace\n|-supereffective|p1a: Cinderace\n|-damage|p1a: Cinderace|25\/100\n|move|p1a: Cinderace|Pyro Ball|p2a: Ninetales\n|-resisted|p2a: Ninetales\n|-damage|p2a: Ninetales|69\/100\n|move|p2a: Ninetales|Aurora Veil|p2a: Ninetales\n|-sidestart|p2: gabtesting|move: Aurora Veil\n|move|p1b: Charizard|Dragon Dance|p1b: Charizard\n|-boost|p1b: Charizard|atk|1\n|-boost|p1b: Charizard|spe|1\n|\n|-weather|Snow|[upkeep]\n|upkeep\n|turn|2\n|inactive|F3EF0O has 30 seconds left.\n|\n|t:|1701064484\n|move|p2a: Ninetales|Protect|p2a: Ninetales\n|-singleturn|p2a: Ninetales|Protect\n|move|p1b: Charizard|Thunder Punch|p2a: Ninetales\n|-activate|p2a: Ninetales|move: Protect\n|move|p2b: Cetitan|Liquidation|p1b: Charizard\n|-supereffective|p1b: Charizard\n|-damage|p1b: Charizard|16\/100\n|-enditem|p1b: Charizard|Sitrus Berry|[eat]\n|-heal|p1b: Charizard|40\/100|[from] item: Sitrus Berry\n|move|p1a: Cinderace|Pyro Ball|p2b: Cetitan\n|-supereffective|p2b: Cetitan\n|-damage|p2b: Cetitan|57\/100\n|\n|-weather|Snow|[upkeep]\n|upkeep\n|turn|3\n|\n|t:|1701064505\n|switch|p2a: Baxcalibur|Baxcalibur, L50, F|100\/100\n|move|p1b: Charizard|Thunder Punch|p2a: Baxcalibur\n|-resisted|p2a: Baxcalibur\n|-damage|p2a: Baxcalibur|94\/100\n|move|p2b: Cetitan|Liquidation|p1b: Charizard\n|-supereffective|p1b: Charizard\n|-damage|p1b: Charizard|0 fnt\n|faint|p1b: Charizard\n|move|p1a: Cinderace|Pyro Ball|p2b: Cetitan\n|-supereffective|p2b: Cetitan\n|-crit|p2b: Cetitan\n|-damage|p2b: Cetitan|0 fnt\n|faint|p2b: Cetitan\n|\n|-weather|Snow|[upkeep]\n|-heal|p2a: Baxcalibur|100\/100|[from] ability: Ice Body\n|upkeep\n|c|\u2606F3EF0O|my charizard got good coverage\n|\n|t:|1701064521\n|switch|p1b: Chesnaught|Chesnaught, L50, F, shiny|100\/100\n|switch|p2b: Ninetales|Ninetales-Alola, L50, M, tera:Water|69\/100\n|turn|4\n|inactive|F3EF0O has 30 seconds left.\n|inactive|F3EF0O has 20 seconds left.\n|\n|t:|1701064561\n|move|p1a: Cinderace|Pyro Ball|p2a: Baxcalibur|[miss]\n|-miss|p1a: Cinderace|p2a: Baxcalibur\n|move|p2b: Ninetales|Blizzard|p1a: Cinderace|[spread] p1a,p1b\n|-resisted|p1a: Cinderace\n|-crit|p1a: Cinderace\n|-supereffective|p1b: Chesnaught\n|-damage|p1a: Cinderace|2\/100\n|-damage|p1b: Chesnaught|35\/100\n|-status|p1a: Cinderace|frz\n|-status|p1b: Chesnaught|frz\n|move|p2a: Baxcalibur|Icicle Spear|p1b: Chesnaught\n|-supereffective|p1b: Chesnaught\n|-damage|p1b: Chesnaught|16\/100 frz\n|-supereffective|p1b: Chesnaught\n|-damage|p1b: Chesnaught|0 fnt\n|faint|p1b: Chesnaught\n|-hitcount|p1: Chesnaught|2\n|\n|-weather|Snow|[upkeep]\n|upkeep\n|c|\u2606F3EF0O|:c\n|c|\u2606gabtesting|oh wow\n|c|\u2606F3EF0O|..\n|c|\u2606F3EF0O|...\n|c|\u2606F3EF0O|.....\n|\n|t:|1701064577\n|switch|p1b: Empoleon|Empoleon, L50, F, shiny|100\/100\n|turn|5\n|c|\u2606gabtesting|it's happened a couple of times tonight ngl. is the freeze rate higher in snow?\n|\n|t:|1701064596\n|-curestatus|p1a: Cinderace|frz|[from] move: Pyro Ball\n|move|p1a: Cinderace|Pyro Ball|p2a: Baxcalibur\n|-damage|p2a: Baxcalibur|80\/100\n|move|p2b: Ninetales|Blizzard|p1a: Cinderace|[spread] p1a,p1b\n|-resisted|p1a: Cinderace\n|-resisted|p1b: Empoleon\n|-damage|p1a: Cinderace|0 fnt\n|-damage|p1b: Empoleon|96\/100\n|faint|p1a: Cinderace\n|move|p2a: Baxcalibur|Swords Dance|p2a: Baxcalibur\n|-boost|p2a: Baxcalibur|atk|2\n|move|p1b: Empoleon|Icy Wind|p2b: Ninetales|[spread] p2a,p2b\n|-resisted|p2b: Ninetales\n|-damage|p2a: Baxcalibur|75\/100\n|-damage|p2b: Ninetales|65\/100\n|-unboost|p2a: Baxcalibur|spe|1\n|-unboost|p2b: Ninetales|spe|1\n|\n|-weather|none\n|-sideend|p2: gabtesting|move: Aurora Veil\n|upkeep\n|turn|6\n|c|\u2606F3EF0O|0 turn freeze\n|c|\u2606F3EF0O|>:D\n|\n|t:|1701064615\n|switch|p2b: Heatran|Heatran, L50, M|100\/100\n|move|p2a: Baxcalibur|Scale Shot|p1b: Empoleon\n|-resisted|p1b: Empoleon\n|-damage|p1b: Empoleon|82\/100\n|-resisted|p1b: Empoleon\n|-damage|p1b: Empoleon|65\/100\n|-resisted|p1b: Empoleon\n|-damage|p1b: Empoleon|50\/100\n|-resisted|p1b: Empoleon\n|-damage|p1b: Empoleon|35\/100\n|-resisted|p1b: Empoleon\n|-damage|p1b: Empoleon|20\/100\n|-enditem|p1b: Empoleon|Wiki Berry|[eat]\n|-heal|p1b: Empoleon|53\/100|[from] item: Wiki Berry\n|-hitcount|p1b: Empoleon|5\n|-unboost|p2a: Baxcalibur|def|1\n|-boost|p2a: Baxcalibur|spe|1\n|move|p1b: Empoleon|Roar|p2a: Baxcalibur\n|drag|p2a: Ninetales|Ninetales-Alola, L50, M, tera:Water|65\/100\n|-weather|Snow|[from] ability: Snow Warning|[of] p2a: Ninetales\n|\n|-weather|Snow|[upkeep]\n|upkeep\n|turn|7\n|\n|t:|1701064638\n|move|p2a: Ninetales|Moonblast|p1b: Empoleon\n|-resisted|p1b: Empoleon\n|-damage|p1b: Empoleon|43\/100\n|move|p2b: Heatran|Earth Power|p1b: Empoleon\n|-supereffective|p1b: Empoleon\n|-damage|p1b: Empoleon|0 fnt\n|faint|p1b: Empoleon\n|-damage|p2b: Heatran|91\/100|[from] item: Life Orb\n|\n|win|gabtesting\n|c|\u2606gabtesting|dudunsparce time?\n","uploadtime":1701064662,"views":7,"p1id":"f3ef0o","p2id":"gabtesting","formatid":"gen9vgc2023regulatione","rating":0,"private":0,"password":""}