{"id":"gen9vgc2023regulatione-1995751452","p1":"Heyo15","p2":"Dogman3000","format":"[Gen 9] VGC 2023 Regulation E","log":"|j|\u2606Heyo15\n|j|\u2606Dogman3000\n|t:|1700599763\n|gametype|doubles\n|player|p1|Heyo15|170|1083\n|player|p2|Dogman3000|2|1000\n|teamsize|p1|6\n|teamsize|p2|6\n|gen|9\n|tier|[Gen 9] VGC 2023 Regulation E\n|rated|\n|rule|Species Clause: Limit one of each Pok\u00e9mon\n|rule|Item Clause: Limit one of each item\n|clearpoke\n|poke|p1|Bombirdier, L50, M|\n|poke|p1|Iron Hands, L50|\n|poke|p1|Flutter Mane, L50|\n|poke|p1|Cresselia, L50, F|\n|poke|p1|Urshifu-*, L50, M|\n|poke|p1|Arcanine, L50, F|\n|poke|p2|Palafin, L50, F|\n|poke|p2|Pelipper, L50, F|\n|poke|p2|Iron Bundle, L50|\n|poke|p2|Kommo-o, L50, M|\n|poke|p2|Squawkabilly-Blue, L50, F|\n|poke|p2|Iron Hands, L50|\n|teampreview|4\n|inactive|Battle timer is ON: inactive players will automatically lose when time's up. (requested by Dogman3000)\nDogman3000 rejected open team sheets.\n|inactive|Dogman3000 has 60 seconds left.\n|\n|t:|1700599806\n|start\n|switch|p1a: Bombirdier|Bombirdier, L50, M|100\/100\n|switch|p1b: Iron Hands|Iron Hands, L50|100\/100\n|switch|p2a: \u0634\u0641\u062a\u0649|Pelipper, L50, F|100\/100\n|switch|p2b: \u064a\u062a\u0637\u0631\u0642\u0627|Squawkabilly-Blue, L50, F, shiny|100\/100\n|-ability|p2b: \u064a\u062a\u0637\u0631\u0642\u0627|Intimidate|boost\n|-unboost|p1a: Bombirdier|atk|1\n|-unboost|p1b: Iron Hands|atk|1\n|-weather|RainDance|[from] ability: Drizzle|[of] p2a: \u0634\u0641\u062a\u0649\n|turn|1\n|\n|t:|1700599827\n|-terastallize|p1a: Bombirdier|Rock\n|move|p2b: \u064a\u062a\u0637\u0631\u0642\u0627|Parting Shot|p1b: Iron Hands\n|-unboost|p1b: Iron Hands|atk|1\n|-unboost|p1b: Iron Hands|spa|1\n|\n|t:|1700599841\n|switch|p2b: \u0627\u0644\u0644\u0647|Iron Hands, L50|100\/100|[from] Parting Shot\n|-enditem|p2b: \u0627\u0644\u0644\u0647|Booster Energy\n|-activate|p2b: \u0627\u0644\u0644\u0647|ability: Quark Drive|[fromitem]\n|-start|p2b: \u0627\u0644\u0644\u0647|quarkdriveatk\n|move|p1a: Bombirdier|Rock Blast|p2b: \u0627\u0644\u0644\u0647|[miss]\n|-miss|p1a: Bombirdier|p2b: \u0627\u0644\u0644\u0647\n|move|p2a: \u0634\u0641\u062a\u0649|Tailwind|p2a: \u0634\u0641\u062a\u0649\n|-sidestart|p2: Dogman3000|move: Tailwind\n|move|p1b: Iron Hands|Wild Charge|p2a: \u0634\u0641\u062a\u0649\n|-supereffective|p2a: \u0634\u0641\u062a\u0649\n|-enditem|p2a: \u0634\u0641\u062a\u0649|Wacan Berry|[eat]\n|-enditem|p2a: \u0634\u0641\u062a\u0649|Wacan Berry|[weaken]\n|-damage|p2a: \u0634\u0641\u062a\u0649|39\/100\n|-damage|p1b: Iron Hands|90\/100|[from] Recoil\n|\n|-weather|RainDance|[upkeep]\n|upkeep\n|turn|2\n|inactive|Dogman3000 has 30 seconds left.\n|\n|t:|1700599872\n|switch|p1a: Flutter Mane|Flutter Mane, L50|100\/100\n|-enditem|p1a: Flutter Mane|Booster Energy\n|-activate|p1a: Flutter Mane|ability: Protosynthesis|[fromitem]\n|-start|p1a: Flutter Mane|protosynthesisspe\n|move|p2b: \u0627\u0644\u0644\u0647|Fake Out|p1a: Flutter Mane\n|-immune|p1a: Flutter Mane\n|move|p2a: \u0634\u0641\u062a\u0649|Hurricane|p1b: Iron Hands\n|-damage|p1b: Iron Hands|68\/100\n|move|p1b: Iron Hands|Wild Charge|p2a: \u0634\u0641\u062a\u0649\n|-supereffective|p2a: \u0634\u0641\u062a\u0649\n|-damage|p2a: \u0634\u0641\u062a\u0649|0 fnt\n|faint|p2a: \u0634\u0641\u062a\u0649\n|-damage|p1b: Iron Hands|62\/100|[from] Recoil\n|\n|-weather|RainDance|[upkeep]\n|upkeep\n|\n|t:|1700599894\n|switch|p2a: \u064a\u062a\u0637\u0631\u0642\u0627|Squawkabilly-Blue, L50, F, shiny|100\/100\n|-ability|p2a: \u064a\u062a\u0637\u0631\u0642\u0627|Intimidate|boost\n|-unboost|p1a: Flutter Mane|atk|1\n|-unboost|p1b: Iron Hands|atk|1\n|turn|3\n|\n|t:|1700599917\n|-terastallize|p2b: \u0627\u0644\u0644\u0647|Steel\n|move|p2a: \u064a\u062a\u0637\u0631\u0642\u0627|Protect|p2a: \u064a\u062a\u0637\u0631\u0642\u0627\n|-singleturn|p2a: \u064a\u062a\u0637\u0631\u0642\u0627|Protect\n|move|p1a: Flutter Mane|Moonblast|p2b: \u0627\u0644\u0644\u0647\n|-resisted|p2b: \u0627\u0644\u0644\u0647\n|-damage|p2b: \u0627\u0644\u0644\u0647|78\/100\n|-unboost|p2b: \u0627\u0644\u0644\u0647|spa|1\n|move|p2b: \u0627\u0644\u0644\u0647|Iron Head|p1a: Flutter Mane\n|-supereffective|p1a: Flutter Mane\n|-damage|p1a: Flutter Mane|0 fnt\n|faint|p1a: Flutter Mane\n|-end|p1a: Flutter Mane|Protosynthesis|[silent]\n|move|p1b: Iron Hands|Drain Punch|p2b: \u0627\u0644\u0644\u0647\n|-supereffective|p2b: \u0627\u0644\u0644\u0647\n|-damage|p2b: \u0627\u0644\u0644\u0647|52\/100\n|-heal|p1b: Iron Hands|75\/100|[from] drain|[of] p2b: \u0627\u0644\u0644\u0647\n|\n|-weather|RainDance|[upkeep]\n|upkeep\n|\n|t:|1700599926\n|switch|p1a: Urshifu|Urshifu-Rapid-Strike, L50, M|100\/100\n|turn|4\n|inactive|Dogman3000 has 30 seconds left.\n|\n|t:|1700599955\n|move|p2a: \u064a\u062a\u0637\u0631\u0642\u0627|Brave Bird|p1a: Urshifu\n|-supereffective|p1a: Urshifu\n|-damage|p1a: Urshifu|17\/100\n|-damage|p2a: \u064a\u062a\u0637\u0631\u0642\u0627|75\/100|[from] Recoil\n|move|p1a: Urshifu|Drain Punch|p2b: \u0627\u0644\u0644\u0647\n|-supereffective|p2b: \u0627\u0644\u0644\u0647\n|-damage|p2b: \u0627\u0644\u0644\u0647|0 fnt\n|-heal|p1a: Urshifu|56\/100|[from] drain|[of] p2b: \u0627\u0644\u0644\u0647\n|faint|p2b: \u0627\u0644\u0644\u0647\n|-end|p2b: \u0627\u0644\u0644\u0647|Quark Drive|[silent]\n|move|p1b: Iron Hands|Drain Punch|p2a: \u064a\u062a\u0637\u0631\u0642\u0627\n|-damage|p2a: \u064a\u062a\u0637\u0631\u0642\u0627|43\/100\n|-heal|p1b: Iron Hands|86\/100|[from] drain|[of] p2a: \u064a\u062a\u0637\u0631\u0642\u0627\n|\n|-weather|RainDance|[upkeep]\n|-sideend|p2: Dogman3000|move: Tailwind\n|upkeep\n|\n|t:|1700599969\n|switch|p2b: \u0627\u0644\u0633\u0648\u062f\u0627\u0646|Kommo-o, L50, M|100\/100\n|turn|5\n|\n|t:|1700599992\n|move|p2a: \u064a\u062a\u0637\u0631\u0642\u0627|Protect|p2a: \u064a\u062a\u0637\u0631\u0642\u0627\n|-singleturn|p2a: \u064a\u062a\u0637\u0631\u0642\u0627|Protect\n|move|p1a: Urshifu|Drain Punch|p2b: \u0627\u0644\u0633\u0648\u062f\u0627\u0646\n|-damage|p2b: \u0627\u0644\u0633\u0648\u062f\u0627\u0646|54\/100\n|-heal|p1a: Urshifu|80\/100|[from] drain|[of] p2b: \u0627\u0644\u0633\u0648\u062f\u0627\u0646\n|move|p2b: \u0627\u0644\u0633\u0648\u062f\u0627\u0646|Dragon Claw|p1a: Urshifu\n|-damage|p1a: Urshifu|36\/100\n|move|p1b: Iron Hands|Drain Punch|p2b: \u0627\u0644\u0633\u0648\u062f\u0627\u0646\n|-damage|p2b: \u0627\u0644\u0633\u0648\u062f\u0627\u0646|40\/100\n|-heal|p1b: Iron Hands|92\/100|[from] drain|[of] p2b: \u0627\u0644\u0633\u0648\u062f\u0627\u0646\n|\n|-weather|none\n|upkeep\n|turn|6\n|\n|t:|1700600017\n|move|p1a: Urshifu|Drain Punch|p2b: \u0627\u0644\u0633\u0648\u062f\u0627\u0646\n|-damage|p2b: \u0627\u0644\u0633\u0648\u062f\u0627\u0646|0 fnt\n|-heal|p1a: Urshifu|57\/100|[from] drain|[of] p2b: \u0627\u0644\u0633\u0648\u062f\u0627\u0646\n|faint|p2b: \u0627\u0644\u0633\u0648\u062f\u0627\u0646\n|move|p2a: \u064a\u062a\u0637\u0631\u0642\u0627|Tailwind|p2a: \u064a\u062a\u0637\u0631\u0642\u0627\n|-sidestart|p2: Dogman3000|move: Tailwind\n|move|p1b: Iron Hands|Wild Charge|p2a: \u064a\u062a\u0637\u0631\u0642\u0627\n|-supereffective|p2a: \u064a\u062a\u0637\u0631\u0642\u0627\n|-damage|p2a: \u064a\u062a\u0637\u0631\u0642\u0627|0 fnt\n|faint|p2a: \u064a\u062a\u0637\u0631\u0642\u0627\n|-damage|p1b: Iron Hands|84\/100|[from] Recoil\n|\n|win|Heyo15\n|raw|Heyo15's rating: 1083 &rarr; <strong>1104<\/strong><br \/>(+21 for winning)\n|raw|Dogman3000's rating: 1000 &rarr; <strong>1000<\/strong><br \/>(+0 for losing)\n|l|\u2606Dogman3000\n","uploadtime":1700600031,"views":7,"p1id":"heyo15","p2id":"dogman3000","formatid":"gen9vgc2023regulatione","rating":1000,"private":0,"password":""}