{"id":"gen9vgc2023regulatione-1993776348","p1":"PunkRockObstagoon","p2":"Katiconyt","format":"[Gen 9] VGC 2023 Regulation E","log":"|j|\u2606PunkRockObstagoon\n|j|\u2606Katiconyt\n|t:|1700355906\n|gametype|doubles\n|player|p1|PunkRockObstagoon|bruno|1348\n|player|p2|Katiconyt|colress|1334\n|teamsize|p1|6\n|teamsize|p2|6\n|gen|9\n|tier|[Gen 9] VGC 2023 Regulation E\n|rated|\n|rule|Species Clause: Limit one of each Pok\u00e9mon\n|rule|Item Clause: Limit one of each item\n|clearpoke\n|poke|p1|Spinarak, L50, M|\n|poke|p1|Tatsugiri-Droopy, L50, M|\n|poke|p1|Urshifu-*, L50, M|\n|poke|p1|Lurantis, L50, F|\n|poke|p1|Armarouge, L50, M|\n|poke|p1|Farigiraf, L50, F|\n|poke|p2|Torterra, L50, F|\n|poke|p2|Sinistcha, L50|\n|poke|p2|Tornadus, L50, M|\n|poke|p2|Ogerpon-Wellspring, L50, F|\n|poke|p2|Urshifu-*, L50, F|\n|poke|p2|Chien-Pao, L50|\n|teampreview|4\n|inactive|Battle timer is ON: inactive players will automatically lose when time's up. (requested by Katiconyt)\n|inactive|PunkRockObstagoon also wants the timer to be on.\nKaticonyt has agreed to open team sheets.\n|inactive|Katiconyt has 60 seconds left.\n|\n|t:|1700355951\n|start\n|switch|p1a: Urshifu|Urshifu-Rapid-Strike, L50, M|100\/100\n|switch|p1b: Farigiraf|Farigiraf, L50, F|100\/100\n|switch|p2a: Tornadus|Tornadus, L50, M|100\/100\n|switch|p2b: Urshifu|Urshifu-Rapid-Strike, L50, F|100\/100\n|turn|1\n|\n|t:|1700355970\n|switch|p1a: Tatsugiri|Tatsugiri-Droopy, L50, M|100\/100\n|-terastallize|p2b: Urshifu|Water\n|move|p2b: Urshifu|Surging Strikes|p1a: Tatsugiri\n|-activate|p1a: Tatsugiri|ability: Storm Drain\n|-ability|p1a: Tatsugiri|Storm Drain|boost\n|-boost|p1a: Tatsugiri|spa|1\n|move|p2a: Tornadus|Bleakwind Storm|p1a: Tatsugiri|[spread] p1a,p1b\n|-damage|p1a: Tatsugiri|64\/100\n|-damage|p1b: Farigiraf|65\/100\n|-unboost|p1b: Farigiraf|spe|1\n|move|p1b: Farigiraf|Trick Room|p1b: Farigiraf\n|-fieldstart|move: Trick Room|[of] p1b: Farigiraf\n|\n|-heal|p1a: Tatsugiri|70\/100|[from] item: Leftovers\n|upkeep\n|turn|2\n|\n|t:|1700355992\n|switch|p2b: Chien-Pao|Chien-Pao, L50|100\/100\n|-ability|p2b: Chien-Pao|Sword of Ruin\n|move|p1b: Farigiraf|Hyper Voice|p2b: Chien-Pao|[spread] p2a,p2b\n|-damage|p2a: Tornadus|68\/100\n|-damage|p2b: Chien-Pao|44\/100\n|move|p1a: Tatsugiri|Muddy Water|p2a: Tornadus|[spread] \n|-miss|p1a: Tatsugiri|p2a: Tornadus\n|-miss|p1a: Tatsugiri|p2b: Chien-Pao\n|move|p2a: Tornadus|Bleakwind Storm|p1b: Farigiraf|[spread] p1a,p1b\n|-damage|p1a: Tatsugiri|38\/100\n|-damage|p1b: Farigiraf|24\/100\n|\n|-heal|p1a: Tatsugiri|44\/100|[from] item: Leftovers\n|upkeep\n|turn|3\n|\n|t:|1700356009\n|move|p2b: Chien-Pao|Sucker Punch||[still]\n|cant|p1b: Farigiraf|ability: Armor Tail|Sucker Punch|[of] p2b: Chien-Pao\n|move|p1b: Farigiraf|Hyper Voice|p2b: Chien-Pao|[spread] p2a,p2b\n|-damage|p2a: Tornadus|35\/100\n|-damage|p2b: Chien-Pao|0 fnt\n|faint|p2b: Chien-Pao\n|move|p1a: Tatsugiri|Muddy Water|p2a: Tornadus\n|-damage|p2a: Tornadus|0 fnt\n|faint|p2a: Tornadus\n|\n|-heal|p1a: Tatsugiri|50\/100|[from] item: Leftovers\n|upkeep\n|\n|t:|1700356017\n|switch|p2a: Urshifu|Urshifu-Rapid-Strike, L50, F, tera:Water|100\/100\n|switch|p2b: Ogerpon|Ogerpon-Wellspring, L50, F|100\/100\n|turn|4\n|\n|t:|1700356040\n|-terastallize|p1a: Tatsugiri|Flying\n|move|p1b: Farigiraf|Hyper Voice|p2a: Urshifu|[spread] p2a,p2b\n|-damage|p2a: Urshifu|46\/100\n|-damage|p2b: Ogerpon|61\/100\n|move|p1a: Tatsugiri|Tera Blast|p2b: Ogerpon|[anim] Tera Blast Flying\n|-supereffective|p2b: Ogerpon\n|-damage|p2b: Ogerpon|0 fnt\n|faint|p2b: Ogerpon\n|move|p2a: Urshifu|U-turn|p1b: Farigiraf\n|-supereffective|p1b: Farigiraf\n|-crit|p1b: Farigiraf\n|-damage|p1b: Farigiraf|0 fnt\n|faint|p1b: Farigiraf\n|\n|-heal|p1a: Tatsugiri|55\/100|[from] item: Leftovers\n|upkeep\n|\n|t:|1700356042\n|switch|p1b: Lurantis|Lurantis, L50, F|100\/100\n|turn|5\n|\n|t:|1700356050\n|move|p1b: Lurantis|Leaf Blade|p2a: Urshifu\n|-supereffective|p2a: Urshifu\n|-damage|p2a: Urshifu|0 fnt\n|faint|p2a: Urshifu\n|\n|win|PunkRockObstagoon\n|raw|PunkRockObstagoon's rating: 1348 &rarr; <strong>1367<\/strong><br \/>(+19 for winning)\n|raw|Katiconyt's rating: 1334 &rarr; <strong>1315<\/strong><br \/>(-19 for losing)\n|l|\u2606Katiconyt\n","uploadtime":1700356070,"views":13,"p1id":"punkrockobstagoon","p2id":"katiconyt","formatid":"gen9vgc2023regulatione","rating":1315,"private":0,"password":""}