{"id":"gen9vgc2023regulatione-1994150213","p1":"BlueJayX2","p2":"Lobstart","format":"[Gen 9] VGC 2023 Regulation E","log":"|j|\u2606BlueJayX2\n|j|\u2606Lobstart\n|t:|1700412724\n|gametype|doubles\n|player|p1|BlueJayX2|marley|1283\n|player|p2|Lobstart|265|1221\n|teamsize|p1|6\n|teamsize|p2|6\n|gen|9\n|tier|[Gen 9] VGC 2023 Regulation E\n|rated|\n|rule|Species Clause: Limit one of each Pok\u00e9mon\n|rule|Item Clause: Limit one of each item\n|clearpoke\n|poke|p1|Lucario, L50, F|\n|poke|p1|Arcanine-Hisui, L50, F|\n|poke|p1|Dragonite, L50, F|\n|poke|p1|Regieleki, L50|\n|poke|p1|Illumise, L50, F|\n|poke|p1|Sylveon, L50, F|\n|poke|p2|Sinistcha-Masterpiece, L50|\n|poke|p2|Iron Hands, L50|\n|poke|p2|Ursaluna-Bloodmoon, L50, M|\n|poke|p2|Arcanine-Hisui, L50, M|\n|poke|p2|Gliscor, L50, F|\n|poke|p2|Chien-Pao, L50|\n|teampreview|4\n|inactive|Battle timer is ON: inactive players will automatically lose when time's up. (requested by BlueJayX2)\n|inactive|Lobstart has 60 seconds left.\n|\n|t:|1700412768\n|start\n|switch|p1a: Illumise|Illumise, L50, F, shiny|100\/100\n|switch|p1b: Sylveon|Sylveon, L50, F, shiny|100\/100\n|switch|p2a: Iron Hands|Iron Hands, L50|100\/100\n|switch|p2b: Gliscor|Gliscor, L50, F|100\/100\n|turn|1\n|inactive|Lobstart has 30 seconds left.\n|\n|t:|1700412795\n|-terastallize|p1a: Illumise|Ghost\n|move|p1b: Sylveon|Protect|p1b: Sylveon\n|-singleturn|p1b: Sylveon|Protect\n|move|p2a: Iron Hands|Fake Out|p1a: Illumise\n|-immune|p1a: Illumise\n|move|p1a: Illumise|Tailwind|p1a: Illumise\n|-sidestart|p1: BlueJayX2|move: Tailwind\n|move|p2b: Gliscor|Taunt|p1a: Illumise\n|-start|p1a: Illumise|move: Taunt\n|-enditem|p1a: Illumise|Mental Herb\n|-end|p1a: Illumise|move: Taunt\n|\n|-status|p2b: Gliscor|tox|[from] item: Toxic Orb\n|upkeep\n|turn|2\n|inactive|Lobstart has 30 seconds left.\n|inactive|Lobstart has 20 seconds left.\n|\n|t:|1700412835\n|move|p1a: Illumise|Encore|p2a: Iron Hands\n|-start|p2a: Iron Hands|Encore\n|move|p1b: Sylveon|Hyper Voice|p2b: Gliscor|[spread] p2a,p2b\n|-supereffective|p2a: Iron Hands\n|-damage|p2a: Iron Hands|52\/100\n|-damage|p2b: Gliscor|64\/100 tox\n|-enditem|p1b: Sylveon|Throat Spray\n|-boost|p1b: Sylveon|spa|1|[from] item: Throat Spray\n|move|p2b: Gliscor|Knock Off|p1b: Sylveon\n|-resisted|p1b: Sylveon\n|-damage|p1b: Sylveon|89\/100\n|move|p2a: Iron Hands|Fake Out||[still]\n|-hint|Fake Out only works on your first turn out.\n|-fail|p2a: Iron Hands\n|\n|-heal|p2b: Gliscor|76\/100 tox|[from] ability: Poison Heal\n|upkeep\n|turn|3\n|\n|t:|1700412857\n|-end|p2a: Iron Hands|Quark Drive|[silent]\n|switch|p2a: Arcanine|Arcanine-Hisui, L50, M|100\/100\n|-ability|p2a: Arcanine|Intimidate|boost\n|-unboost|p1a: Illumise|atk|1\n|-unboost|p1b: Sylveon|atk|1\n|move|p1a: Illumise|Helping Hand|p1b: Sylveon\n|-singleturn|p1b: Sylveon|Helping Hand|[of] p1a: Illumise\n|move|p1b: Sylveon|Hyper Voice|p2a: Arcanine|[spread] p2a,p2b\n|-resisted|p2a: Arcanine\n|-damage|p2a: Arcanine|42\/100\n|-damage|p2b: Gliscor|0 fnt\n|faint|p2b: Gliscor\n|\n|upkeep\n|\n|t:|1700412870\n|switch|p2b: Iron Hands|Iron Hands, L50|52\/100\n|turn|4\n|inactive|Lobstart has 30 seconds left.\n|\n|t:|1700412897\n|-terastallize|p2a: Arcanine|Normal\n|move|p1b: Sylveon|Protect|p1b: Sylveon\n|-singleturn|p1b: Sylveon|Protect\n|move|p2a: Arcanine|Extreme Speed|p1b: Sylveon\n|-activate|p1b: Sylveon|move: Protect\n|move|p1a: Illumise|Thunder Wave|p2a: Arcanine\n|-status|p2a: Arcanine|par\n|move|p2b: Iron Hands|Wild Charge|p1a: Illumise\n|-damage|p1a: Illumise|53\/100\n|-damage|p2b: Iron Hands|44\/100|[from] Recoil\n|\n|-sideend|p1: BlueJayX2|move: Tailwind\n|upkeep\n|turn|5\n|\n|t:|1700412921\n|move|p2a: Arcanine|Extreme Speed|p1b: Sylveon\n|-damage|p1b: Sylveon|12\/100\n|move|p1a: Illumise|Tailwind|p1a: Illumise\n|-sidestart|p1: BlueJayX2|move: Tailwind\n|move|p1b: Sylveon|Hyper Voice|p2b: Iron Hands|[spread] p2a,p2b\n|-supereffective|p2b: Iron Hands\n|-crit|p2b: Iron Hands\n|-damage|p2a: Arcanine|0 fnt\n|-damage|p2b: Iron Hands|0 fnt\n|faint|p2a: Arcanine\n|faint|p2b: Iron Hands\n|-end|p2b: Iron Hands|Quark Drive|[silent]\n|\n|upkeep\n|inactive|Lobstart has 30 seconds left.\n|-message|Lobstart forfeited.\n|\n|win|BlueJayX2\n|raw|BlueJayX2's rating: 1283 &rarr; <strong>1304<\/strong><br \/>(+21 for winning)\n|raw|Lobstart's rating: 1221 &rarr; <strong>1200<\/strong><br \/>(-21 for losing)\n|l|\u2606Lobstart\n","uploadtime":1700412965,"views":11,"p1id":"bluejayx2","p2id":"lobstart","formatid":"gen9vgc2023regulatione","rating":1200,"private":0,"password":""}