{"id":"gen9vgc2023regulatione-1989246688","p1":"ArcixVGC","p2":"gerby vgc","format":"[Gen 9] VGC 2023 Regulation E","log":"|j|\u2606ArcixVGC\n|j|\u2606gerby vgc\n|n|\u2606ArcixVGC|arcixvgc\n|n|\u2606gerby vgc|gerbyvgc\n|html|View the match progress at <a href=\"\/game-bestof3-gen9vgc2023regulatione-1989241936\">game-bestof3-gen9vgc2023regulatione-1989241936<\/a>\n|t:|1699827634\n|gametype|doubles\n|player|p1|ArcixVGC|blackbelt|\n|player|p2|gerby vgc|266|\n|teamsize|p1|6\n|teamsize|p2|6\n|gen|9\n|tier|[Gen 9] VGC 2023 Regulation E\n|rule|Species Clause: Limit one of each Pok\u00e9mon\n|rule|Item Clause: Limit one of each item\n|clearpoke\n|poke|p1|Chien-Pao, L50|\n|poke|p1|Dragonite, L50, F|\n|poke|p1|Heatran, L50, M|\n|poke|p1|Farigiraf, L50, M|\n|poke|p1|Rillaboom, L50, F|\n|poke|p1|Urshifu-*, L50, M|\n|poke|p2|Tornadus, L50, M|\n|poke|p2|Urshifu-*, L50, M|\n|poke|p2|Arcanine-Hisui, L50, F|\n|poke|p2|Iron Hands, L50|\n|poke|p2|Amoonguss, L50, M|\n|poke|p2|Gholdengo, L50|\n|teampreview|4\nArcixVGC has agreed to open team sheets.\ngerby vgc has agreed to open team sheets.\n|showteam|p1|Chien-Pao||FocusSash|SwordofRuin|IcicleCrash,LashOut,SuckerPunch,Protect||||||50|,,,,,Dark]Dragonite||ChoiceBand|InnerFocus|ExtremeSpeed,AerialAce,StompingTantrum,Outrage|||F|||50|,,,,,Normal]Heatran||AssaultVest|FlashFire|HeatWave,FlashCannon,EarthPower,TeraBlast|||M|||50|,,,,,Grass]Farigiraf||RockyHelmet|ArmorTail|Psychic,DazzlingGleam,TrickRoom,Imprison|||M|||50|,,,,,Fairy]Rillaboom||MiracleSeed|GrassySurge|WoodHammer,Protect,FakeOut,GrassyGlide|||F|||50|,,,,,Grass]Urshifu-Rapid-Strike||ChoiceScarf|UnseenFist|SurgingStrikes,CloseCombat,AquaJet,Uturn|||M|||50|,,,,,Water\n|showteam|p2|Tornadus||RockyHelmet|Prankster|BleakwindStorm,RainDance,Tailwind,Protect|||M|||50|,,,,,Steel]Urshifu-Rapid-Strike||MysticWater|UnseenFist|SurgingStrikes,CloseCombat,AquaJet,Protect|||M|||50|,,,,,Water]Arcanine-Hisui||ChoiceBand|Intimidate|FlareBlitz,RockSlide,ExtremeSpeed,TeraBlast|||F|||50|,,,,,Fairy]Iron Hands||AssaultVest|QuarkDrive|WildCharge,DrainPunch,VoltSwitch,FakeOut||||||50|,,,,,Water]Amoonguss||SitrusBerry|Regenerator|PollenPuff,Spore,RagePowder,Protect|||M|||50|,,,,,Fire]Gholdengo||Leftovers|GoodasGold|MakeItRain,ShadowBall,NastyPlot,Protect||||||50|,,,,,Dragon\n|j| glopp_97\n|j| PizzelVGC\n|l| PizzelVGC\n|j| Faze gabii\n|j| PizzelVGC\n|\n|t:|1699827768\n|start\n|switch|p1a: Rillaboom|Rillaboom, L50, F|100\/100\n|switch|p1b: Heatran|Heatran, L50, M|100\/100\n|switch|p2a: Arcanine|Arcanine-Hisui, L50, F|100\/100\n|switch|p2b: Iron Hands|Iron Hands, L50|100\/100\n|-ability|p2a: Arcanine|Intimidate|boost\n|-unboost|p1a: Rillaboom|atk|1\n|-unboost|p1b: Heatran|atk|1\n|-fieldstart|move: Grassy Terrain|[from] ability: Grassy Surge|[of] p1a: Rillaboom\n|turn|1\n|j| crudo de fava\n|\n|t:|1699827831\n|-terastallize|p1b: Heatran|Grass\n|move|p1a: Rillaboom|Protect|p1a: Rillaboom\n|-singleturn|p1a: Rillaboom|Protect\n|move|p2b: Iron Hands|Fake Out|p1b: Heatran\n|-crit|p1b: Heatran\n|-damage|p1b: Heatran|82\/100\n|move|p2a: Arcanine|Flare Blitz|p1a: Rillaboom\n|-activate|p1a: Rillaboom|move: Protect\n|cant|p1b: Heatran|flinch\n|\n|-heal|p1b: Heatran|88\/100|[from] Grassy Terrain\n|upkeep\n|turn|2\n|\n|t:|1699827854\n|switch|p1a: Urshifu|Urshifu-Rapid-Strike, L50, M|100\/100\n|move|p2a: Arcanine|Flare Blitz|p1a: Urshifu\n|-resisted|p1a: Urshifu\n|-crit|p1a: Urshifu\n|-damage|p1a: Urshifu|39\/100\n|-damage|p2a: Arcanine|81\/100|[from] Recoil\n|move|p1b: Heatran|Earth Power|p2a: Arcanine\n|-supereffective|p2a: Arcanine\n|-damage|p2a: Arcanine|0 fnt\n|faint|p2a: Arcanine\n|move|p2b: Iron Hands|Drain Punch|p1b: Heatran\n|-damage|p1b: Heatran|48\/100\n|\n|-heal|p1a: Urshifu|45\/100|[from] Grassy Terrain\n|-heal|p1b: Heatran|54\/100|[from] Grassy Terrain\n|upkeep\n|\n|t:|1699827879\n|switch|p2a: Gholdengo|Gholdengo, L50|100\/100\n|turn|3\n|l| PizzelVGC\n|\n|t:|1699827904\n|-terastallize|p2a: Gholdengo|Dragon\n|move|p1a: Urshifu|U-turn|p2b: Iron Hands\n|-resisted|p2b: Iron Hands\n|-damage|p2b: Iron Hands|92\/100\n|\n|t:|1699827908\n|switch|p1a: Rillaboom|Rillaboom, L50, F|100\/100|[from] U-turn\n|move|p2a: Gholdengo|Nasty Plot|p2a: Gholdengo\n|-boost|p2a: Gholdengo|spa|2\n|move|p1b: Heatran|Earth Power|p2b: Iron Hands\n|-supereffective|p2b: Iron Hands\n|-damage|p2b: Iron Hands|59\/100\n|move|p2b: Iron Hands|Wild Charge|p1a: Rillaboom\n|-resisted|p1a: Rillaboom\n|-damage|p1a: Rillaboom|79\/100\n|-damage|p2b: Iron Hands|55\/100|[from] Recoil\n|\n|-heal|p1a: Rillaboom|85\/100|[from] Grassy Terrain\n|-heal|p1b: Heatran|60\/100|[from] Grassy Terrain\n|-heal|p2b: Iron Hands|61\/100|[from] Grassy Terrain\n|upkeep\n|turn|4\n|j| PizzelVGC\n|\n|t:|1699827942\n|-end|p2b: Iron Hands|Quark Drive|[silent]\n|switch|p2b: Amoonguss|Amoonguss, L50, M|100\/100\n|move|p2a: Gholdengo|Protect|p2a: Gholdengo\n|-singleturn|p2a: Gholdengo|Protect\n|move|p1a: Rillaboom|Fake Out|p2a: Gholdengo\n|-activate|p2a: Gholdengo|move: Protect\n|move|p1b: Heatran|Earth Power|p2b: Amoonguss\n|-damage|p2b: Amoonguss|69\/100\n|\n|-heal|p1a: Rillaboom|90\/100|[from] Grassy Terrain\n|-heal|p1b: Heatran|66\/100|[from] Grassy Terrain\n|-heal|p2b: Amoonguss|75\/100|[from] Grassy Terrain\n|upkeep\n|turn|5\n|\n|t:|1699827962\n|move|p2b: Amoonguss|Protect|p2b: Amoonguss\n|-singleturn|p2b: Amoonguss|Protect\n|move|p2a: Gholdengo|Shadow Ball|p1b: Heatran\n|-damage|p1b: Heatran|17\/100\n|move|p1a: Rillaboom|Wood Hammer|p2a: Gholdengo\n|-resisted|p2a: Gholdengo\n|-damage|p2a: Gholdengo|47\/100\n|-damage|p1a: Rillaboom|74\/100|[from] Recoil\n|move|p1b: Heatran|Heat Wave|p2a: Gholdengo|[spread] p2a\n|-activate|p2b: Amoonguss|move: Protect\n|-resisted|p2a: Gholdengo\n|-damage|p2a: Gholdengo|28\/100\n|\n|-heal|p2a: Gholdengo|34\/100|[from] Grassy Terrain\n|-heal|p2a: Gholdengo|41\/100|[from] item: Leftovers\n|-heal|p1a: Rillaboom|80\/100|[from] Grassy Terrain\n|-heal|p1b: Heatran|23\/100|[from] Grassy Terrain\n|-heal|p2b: Amoonguss|81\/100|[from] Grassy Terrain\n|-fieldend|move: Grassy Terrain\n|upkeep\n|turn|6\n|\n|t:|1699828050\n|move|p2a: Gholdengo|Make It Rain|p1a: Rillaboom|[spread] p1a,p1b\n|-damage|p1a: Rillaboom|0 fnt\n|-damage|p1b: Heatran|0 fnt\n|-unboost|p2a: Gholdengo|spa|1\n|faint|p1a: Rillaboom\n|faint|p1b: Heatran\n|move|p2b: Amoonguss|Pollen Puff|p2a: Gholdengo\n|-heal|p2a: Gholdengo|91\/100\n|\n|-heal|p2a: Gholdengo|97\/100|[from] item: Leftovers\n|upkeep\n|\n|t:|1699828055\n|switch|p1a: Chien-Pao|Chien-Pao, L50|100\/100\n|switch|p1b: Urshifu|Urshifu-Rapid-Strike, L50, M|45\/100\n|-ability|p1a: Chien-Pao|Sword of Ruin\n|turn|7\n|\n|t:|1699828079\n|move|p2b: Amoonguss|Rage Powder|p2b: Amoonguss\n|-singleturn|p2b: Amoonguss|move: Rage Powder\n|move|p1b: Urshifu|Close Combat|p2b: Amoonguss\n|-resisted|p2b: Amoonguss\n|-damage|p2b: Amoonguss|47\/100\n|-unboost|p1b: Urshifu|def|1\n|-unboost|p1b: Urshifu|spd|1\n|-enditem|p2b: Amoonguss|Sitrus Berry|[eat]\n|-heal|p2b: Amoonguss|72\/100|[from] item: Sitrus Berry\n|move|p1a: Chien-Pao|Icicle Crash|p2b: Amoonguss\n|-supereffective|p2b: Amoonguss\n|-damage|p2b: Amoonguss|0 fnt\n|faint|p2b: Amoonguss\n|move|p2a: Gholdengo|Shadow Ball|p1b: Urshifu\n|-damage|p1b: Urshifu|0 fnt\n|faint|p1b: Urshifu\n|\n|-heal|p2a: Gholdengo|100\/100|[from] item: Leftovers\n|upkeep\n|\n|t:|1699828084\n|switch|p2b: Iron Hands|Iron Hands, L50|61\/100\n|turn|8\n|\n|t:|1699828088\n|move|p1a: Chien-Pao|Protect|p1a: Chien-Pao\n|-singleturn|p1a: Chien-Pao|Protect\n|move|p2b: Iron Hands|Fake Out|p1a: Chien-Pao\n|-activate|p1a: Chien-Pao|move: Protect\n|move|p2a: Gholdengo|Make It Rain|p1a: Chien-Pao\n|-activate|p1a: Chien-Pao|move: Protect\n|\n|upkeep\n|turn|9\n|\n|t:|1699828100\n|move|p1a: Chien-Pao|Icicle Crash|p2a: Gholdengo\n|-supereffective|p2a: Gholdengo\n|-damage|p2a: Gholdengo|0 fnt\n|faint|p2a: Gholdengo\n|move|p2b: Iron Hands|Drain Punch|p1a: Chien-Pao\n|-supereffective|p1a: Chien-Pao\n|-enditem|p1a: Chien-Pao|Focus Sash\n|-damage|p1a: Chien-Pao|1\/100\n|-heal|p2b: Iron Hands|93\/100|[from] drain|[of] p1a: Chien-Pao\n|\n|upkeep\n|turn|10\n|\n|t:|1699828106\n|move|p1a: Chien-Pao|Icicle Crash|p2b: Iron Hands\n|-damage|p2b: Iron Hands|50\/100\n|cant|p2b: Iron Hands|flinch\n|\n|upkeep\n|turn|11\n|\n|t:|1699828113\n|move|p1a: Chien-Pao|Icicle Crash|p2b: Iron Hands\n|-damage|p2b: Iron Hands|8\/100\n|move|p2b: Iron Hands|Drain Punch|p1a: Chien-Pao\n|-supereffective|p1a: Chien-Pao\n|-damage|p1a: Chien-Pao|0 fnt\n|-heal|p2b: Iron Hands|8\/100|[from] drain|[of] p1a: Chien-Pao\n|faint|p1a: Chien-Pao\n|\n|win|gerby vgc\n|c|\u2606gerby vgc|ggs\n|l| PizzelVGC\n|c|\u2606ArcixVGC|gg\n|l| glopp_97\n|l|\u2606gerby vgc\n|l| crudo de fava\n|l| Faze gabii\n|j| PizzelVGC\n|l| PizzelVGC\n","uploadtime":1699828205,"views":35,"p1id":"arcixvgc","p2id":"gerbyvgc","formatid":"gen9vgc2023regulatione","rating":0,"private":0,"password":""}