{"id":"gen9vgc2023regulatione-1994146211","p1":"Kzjrzkz","p2":"towhoitWILLconcern","format":"[Gen 9] VGC 2023 Regulation E","log":"|j|\u2606Kzjrzkz\n|j|\u2606towhoitWILLconcern\n|t:|1700412279\n|gametype|doubles\n|player|p1|Kzjrzkz|lance|1105\n|player|p2|towhoitWILLconcern|birdkeeper-gen4dp|1038\n|teamsize|p1|6\n|teamsize|p2|6\n|gen|9\n|tier|[Gen 9] VGC 2023 Regulation E\n|rated|\n|rule|Species Clause: Limit one of each Pok\u00e9mon\n|rule|Item Clause: Limit one of each item\n|clearpoke\n|poke|p1|Flutter Mane, L50|\n|poke|p1|Tornadus, L50, M|\n|poke|p1|Rillaboom, L50, M|\n|poke|p1|Garganacl, L50, M|\n|poke|p1|Arcanine-Hisui, L50, F|\n|poke|p1|Chien-Pao, L50|\n|poke|p2|Gogoat, L50, M|\n|poke|p2|Rillaboom, L50, M|\n|poke|p2|Arbok, L50, M|\n|poke|p2|Arcanine, L50, M|\n|poke|p2|Ninetales-Alola, L50, M|\n|poke|p2|Cetitan, L50, M|\n|teampreview|4\n|inactive|Battle timer is ON: inactive players will automatically lose when time's up. (requested by towhoitWILLconcern)\ntowhoitWILLconcern has agreed to open team sheets.\nKzjrzkz has agreed to open team sheets.\n|\n|t:|1700412315\n|start\n|switch|p1a: Tornadus|Tornadus, L50, M|100\/100\n|switch|p1b: Garganacl|Garganacl, L50, M|100\/100\n|switch|p2a: smackey|Rillaboom, L50, M, shiny|100\/100\n|switch|p2b: tails from sonic|Ninetales-Alola, L50, M, shiny|100\/100\n|-weather|Snow|[from] ability: Snow Warning|[of] p2b: tails from sonic\n|-fieldstart|move: Grassy Terrain|[from] ability: Grassy Surge|[of] p2a: smackey\n|turn|1\n|\n|t:|1700412332\n|-terastallize|p1b: Garganacl|Ghost\n|move|p2a: smackey|Fake Out|p1a: Tornadus\n|-damage|p1a: Tornadus|83\/100\n|-damage|p2a: smackey|84\/100|[from] item: Rocky Helmet|[of] p1a: Tornadus\n|cant|p1a: Tornadus|flinch\n|move|p2b: tails from sonic|Blizzard|p1b: Garganacl|[spread] p1a,p1b\n|-supereffective|p1a: Tornadus\n|-damage|p1a: Tornadus|2\/100\n|-damage|p1b: Garganacl|70\/100\n|move|p1b: Garganacl|Iron Defense|p1b: Garganacl\n|-boost|p1b: Garganacl|def|2\n|\n|-weather|Snow|[upkeep]\n|-heal|p2a: smackey|90\/100|[from] Grassy Terrain\n|-heal|p2a: smackey|96\/100|[from] item: Leftovers\n|-heal|p1b: Garganacl|76\/100|[from] Grassy Terrain\n|upkeep\n|turn|2\n|inactive|Kzjrzkz has 30 seconds left.\n|\n|t:|1700412362\n|move|p1a: Tornadus|Sunny Day|p1a: Tornadus\n|-weather|SunnyDay\n|move|p2a: smackey|Grassy Glide|p1a: Tornadus\n|-resisted|p1a: Tornadus\n|-damage|p1a: Tornadus|0 fnt\n|-damage|p2a: smackey|80\/100|[from] item: Rocky Helmet|[of] p1a: Tornadus\n|faint|p1a: Tornadus\n|move|p2b: tails from sonic|Blizzard|p1b: Garganacl\n|-damage|p1b: Garganacl|37\/100\n|-enditem|p1b: Garganacl|Sitrus Berry|[eat]\n|-heal|p1b: Garganacl|61\/100|[from] item: Sitrus Berry\n|move|p1b: Garganacl|Salt Cure|p2b: tails from sonic\n|-supereffective|p2b: tails from sonic\n|-damage|p2b: tails from sonic|59\/100\n|-start|p2b: tails from sonic|Salt Cure\n|\n|-weather|SunnyDay|[upkeep]\n|-heal|p2b: tails from sonic|65\/100|[from] Grassy Terrain\n|-heal|p2a: smackey|85\/100|[from] Grassy Terrain\n|-heal|p2a: smackey|91\/100|[from] item: Leftovers\n|-heal|p1b: Garganacl|67\/100|[from] Grassy Terrain\n|-damage|p2b: tails from sonic|53\/100|[from] Salt Cure\n|upkeep\n|\n|t:|1700412376\n|switch|p1a: Arcanine|Arcanine-Hisui, L50, F|100\/100\n|-ability|p1a: Arcanine|Intimidate|boost\n|-unboost|p2a: smackey|atk|1\n|-unboost|p2b: tails from sonic|atk|1\n|turn|3\n|\n|t:|1700412393\n|switch|p2b: tje dobg|Arcanine, L50, M, shiny|100\/100\n|-ability|p2b: tje dobg|Intimidate|boost\n|-unboost|p1a: Arcanine|atk|1\n|-unboost|p1b: Garganacl|atk|1\n|move|p1a: Arcanine|Rock Slide|p2a: smackey|[spread] p2a,p2b\n|-supereffective|p2b: tje dobg\n|-damage|p2a: smackey|71\/100\n|-damage|p2b: tje dobg|35\/100\n|-enditem|p2b: tje dobg|Sitrus Berry|[eat]\n|-heal|p2b: tje dobg|59\/100|[from] item: Sitrus Berry\n|move|p2a: smackey|Wood Hammer|p1b: Garganacl\n|-damage|p1b: Garganacl|51\/100\n|-damage|p2a: smackey|65\/100|[from] Recoil\n|move|p1b: Garganacl|Recover|p1b: Garganacl\n|-heal|p1b: Garganacl|100\/100\n|\n|-weather|SunnyDay|[upkeep]\n|-heal|p2b: tje dobg|65\/100|[from] Grassy Terrain\n|-heal|p2a: smackey|71\/100|[from] Grassy Terrain\n|-heal|p2a: smackey|76\/100|[from] item: Leftovers\n|upkeep\n|turn|4\n|inactive|towhoitWILLconcern has 30 seconds left.\n|\n|t:|1700412423\n|move|p2b: tje dobg|Helping Hand|p2a: smackey\n|-singleturn|p2a: smackey|Helping Hand|[of] p2b: tje dobg\n|move|p1a: Arcanine|Rock Slide|p2b: tje dobg|[spread] p2a,p2b\n|-supereffective|p2b: tje dobg\n|-damage|p2a: smackey|56\/100\n|-damage|p2b: tje dobg|5\/100\n|cant|p2a: smackey|flinch\n|move|p1b: Garganacl|Salt Cure|p2b: tje dobg\n|-supereffective|p2b: tje dobg\n|-damage|p2b: tje dobg|0 fnt\n|faint|p2b: tje dobg\n|\n|-weather|SunnyDay|[upkeep]\n|-heal|p2a: smackey|62\/100|[from] Grassy Terrain\n|-heal|p2a: smackey|68\/100|[from] item: Leftovers\n|upkeep\n|\n|t:|1700412441\n|switch|p2b: tails from sonic|Ninetales-Alola, L50, M, shiny|53\/100\n|-weather|Snow|[from] ability: Snow Warning|[of] p2b: tails from sonic\n|turn|5\n|\n|t:|1700412449\n|move|p2b: tails from sonic|Dark Pulse|p1b: Garganacl\n|-supereffective|p1b: Garganacl\n|-damage|p1b: Garganacl|60\/100\n|move|p1a: Arcanine|Rock Slide|p2b: tails from sonic|[spread] p2a,p2b\n|-supereffective|p2b: tails from sonic\n|-damage|p2a: smackey|46\/100\n|-damage|p2b: tails from sonic|0 fnt\n|faint|p2b: tails from sonic\n|move|p2a: smackey|Drain Punch|p1a: Arcanine\n|-supereffective|p1a: Arcanine\n|-damage|p1a: Arcanine|57\/100\n|-heal|p2a: smackey|65\/100|[from] drain|[of] p1a: Arcanine\n|move|p1b: Garganacl|Salt Cure|p2a: smackey\n|-damage|p2a: smackey|57\/100\n|-start|p2a: smackey|Salt Cure\n|\n|-weather|Snow|[upkeep]\n|-heal|p1a: Arcanine|63\/100|[from] Grassy Terrain\n|-heal|p2a: smackey|63\/100|[from] Grassy Terrain\n|-heal|p2a: smackey|69\/100|[from] item: Leftovers\n|-heal|p1b: Garganacl|66\/100|[from] Grassy Terrain\n|-damage|p2a: smackey|57\/100|[from] Salt Cure\n|-fieldend|move: Grassy Terrain\n|upkeep\n|\n|t:|1700412464\n|switch|p2b: goldifucks|Arbok, L50, M, shiny|100\/100\n|-ability|p2b: goldifucks|Intimidate|boost\n|-unboost|p1a: Arcanine|atk|1\n|-unboost|p1b: Garganacl|atk|1\n|turn|6\n|\n|t:|1700412476\n|switch|p1a: Flutter Mane|Flutter Mane, L50|100\/100\n|-enditem|p1a: Flutter Mane|Booster Energy\n|-activate|p1a: Flutter Mane|ability: Protosynthesis|[fromitem]\n|-start|p1a: Flutter Mane|protosynthesisspe\n|move|p2b: goldifucks|Coil|p2b: goldifucks\n|-boost|p2b: goldifucks|atk|1\n|-boost|p2b: goldifucks|def|1\n|-boost|p2b: goldifucks|accuracy|1\n|move|p2a: smackey|Drain Punch|p1a: Flutter Mane\n|-immune|p1a: Flutter Mane\n|move|p1b: Garganacl|Salt Cure|p2b: goldifucks\n|-damage|p2b: goldifucks|92\/100\n|-start|p2b: goldifucks|Salt Cure\n|\n|-weather|Snow|[upkeep]\n|-heal|p2a: smackey|62\/100|[from] item: Leftovers\n|-damage|p2b: goldifucks|80\/100|[from] Salt Cure\n|-damage|p2a: smackey|50\/100|[from] Salt Cure\n|upkeep\n|turn|7\n|inactive|towhoitWILLconcern has 30 seconds left.\n|\n|t:|1700412504\n|move|p1a: Flutter Mane|Protect|p1a: Flutter Mane\n|-singleturn|p1a: Flutter Mane|Protect\n|move|p2b: goldifucks|Gunk Shot|p1a: Flutter Mane\n|-activate|p1a: Flutter Mane|move: Protect\n|move|p2a: smackey|Wood Hammer|p1b: Garganacl\n|-damage|p1b: Garganacl|52\/100\n|-damage|p2a: smackey|46\/100|[from] Recoil\n|move|p1b: Garganacl|Iron Defense|p1b: Garganacl\n|-boost|p1b: Garganacl|def|2\n|\n|-weather|Snow|[upkeep]\n|-heal|p2a: smackey|51\/100|[from] item: Leftovers\n|-damage|p2b: goldifucks|68\/100|[from] Salt Cure\n|-damage|p2a: smackey|39\/100|[from] Salt Cure\n|upkeep\n|turn|8\n|\n|t:|1700412514\n|move|p1a: Flutter Mane|Substitute|p1a: Flutter Mane\n|-start|p1a: Flutter Mane|Substitute\n|-damage|p1a: Flutter Mane|76\/100\n|move|p2b: goldifucks|Earthquake|p1b: Garganacl|[spread] p2a,p1a,p1b\n|-end|p1a: Flutter Mane|Substitute\n|-resisted|p2a: smackey\n|-damage|p2a: smackey|29\/100\n|-damage|p1b: Garganacl|45\/100\n|move|p2a: smackey|Wood Hammer|p1b: Garganacl\n|-damage|p1b: Garganacl|36\/100\n|-damage|p2a: smackey|26\/100|[from] Recoil\n|move|p1b: Garganacl|Recover|p1b: Garganacl\n|-heal|p1b: Garganacl|86\/100\n|\n|-weather|Snow|[upkeep]\n|-heal|p2a: smackey|31\/100|[from] item: Leftovers\n|-damage|p2b: goldifucks|56\/100|[from] Salt Cure\n|-damage|p2a: smackey|19\/100|[from] Salt Cure\n|upkeep\n|turn|9\n|\n|t:|1700412530\n|move|p1a: Flutter Mane|Protect|p1a: Flutter Mane\n|-singleturn|p1a: Flutter Mane|Protect\n|move|p1b: Garganacl|Protect|p1b: Garganacl\n|-singleturn|p1b: Garganacl|Protect\n|move|p2b: goldifucks|Earthquake|p1b: Garganacl|[spread] p2a\n|-activate|p1a: Flutter Mane|move: Protect\n|-activate|p1b: Garganacl|move: Protect\n|-resisted|p2a: smackey\n|-damage|p2a: smackey|8\/100\n|move|p2a: smackey|Wood Hammer|p1b: Garganacl\n|-activate|p1b: Garganacl|move: Protect\n|\n|-weather|none\n|-heal|p2a: smackey|14\/100|[from] item: Leftovers\n|-damage|p2b: goldifucks|44\/100|[from] Salt Cure\n|-damage|p2a: smackey|2\/100|[from] Salt Cure\n|upkeep\n|turn|10\n|\n|t:|1700412549\n|move|p1a: Flutter Mane|Shadow Ball|p2b: goldifucks\n|-damage|p2b: goldifucks|0 fnt\n|faint|p2b: goldifucks\n|move|p2a: smackey|Wood Hammer|p1b: Garganacl\n|-damage|p1b: Garganacl|78\/100\n|-damage|p2a: smackey|0 fnt|[from] Recoil\n|faint|p2a: smackey\n|\n|win|Kzjrzkz\n|raw|Kzjrzkz's rating: 1105 &rarr; <strong>1125<\/strong><br \/>(+20 for winning)\n|raw|towhoitWILLconcern's rating: 1038 &rarr; <strong>1025<\/strong><br \/>(-13 for losing)\n|c|\u2606towhoitWILLconcern|gg\n|l|\u2606towhoitWILLconcern\n|c|\u2606Kzjrzkz|gg\n","uploadtime":1700412561,"views":6,"p1id":"kzjrzkz","p2id":"towhoitwillconcern","formatid":"gen9vgc2023regulatione","rating":1025,"private":0,"password":""}