{"id":"gen9vgc2023regulatione-1998866261","p1":"Yae Miko simp2","p2":"chunkstestaccount","format":"[Gen 9] VGC 2023 Regulation E","log":"|j|\u2606Yae Miko simp2\n|j|\u2606chunkstestaccount\n|n|\u2606Yae Miko simp2|yaemikosimp2\n|n|\u2606chunkstestaccount|chunkstestaccount\n|html|View the match progress at <a href=\"\/game-bestof3-gen9vgc2023regulatione-1998866260\">game-bestof3-gen9vgc2023regulatione-1998866260<\/a>\n|t:|1701005580\n|gametype|doubles\n|player|p1|Yae Miko simp2|266|\n|player|p2|chunkstestaccount|102|\n|teamsize|p1|6\n|teamsize|p2|6\n|gen|9\n|tier|[Gen 9] VGC 2023 Regulation E\n|rule|Species Clause: Limit one of each Pok\u00e9mon\n|rule|Item Clause: Limit one of each item\n|clearpoke\n|poke|p1|Sandy Shocks, L50|\n|poke|p1|Ogerpon-Hearthflame, L50, F|\n|poke|p1|Sinistcha, L50|\n|poke|p1|Palafin, L50, M|\n|poke|p1|Espathra, L50, M|\n|poke|p1|Passimian, L50, F|\n|poke|p2|Roaring Moon, L50|\n|poke|p2|Sylveon, L50, F|\n|poke|p2|Gholdengo, L50|\n|poke|p2|Torterra, L50, F|\n|poke|p2|Venonat, L50, F|\n|poke|p2|Salazzle, L50, F|\n|teampreview|4\nYae Miko simp2 rejected open team sheets.\n|c|\u2606Yae Miko simp2|https:\/\/pokepast.es\/1f0a272d849e6988\n|c|\u2606chunkstestaccount|https:\/\/pokepast.es\/55ca8fc659858cc3\n|c|\u2606Yae Miko simp2|glhf\n|c|\u2606chunkstestaccount|You 2\n|\n|t:|1701005617\n|start\n|switch|p1a: Sandy Shocks|Sandy Shocks, L50|100\/100\n|switch|p1b: Espathra|Espathra, L50, M|100\/100\n|switch|p2a: Torterra|Torterra, L50, F|100\/100\n|switch|p2b: Salazzle|Salazzle, L50, F|100\/100\n|-enditem|p1a: Sandy Shocks|Booster Energy\n|-activate|p1a: Sandy Shocks|ability: Protosynthesis|[fromitem]\n|-start|p1a: Sandy Shocks|protosynthesisspe\n|turn|1\n|\n|t:|1701005637\n|move|p1a: Sandy Shocks|Protect|p1a: Sandy Shocks\n|-singleturn|p1a: Sandy Shocks|Protect\n|move|p1b: Espathra|Protect|p1b: Espathra\n|-singleturn|p1b: Espathra|Protect\n|move|p2b: Salazzle|Fake Out|p1a: Sandy Shocks\n|-activate|p1a: Sandy Shocks|move: Protect\n|move|p2a: Torterra|Shell Smash|p2a: Torterra\n|-unboost|p2a: Torterra|def|1\n|-unboost|p2a: Torterra|spd|1\n|-boost|p2a: Torterra|atk|2\n|-boost|p2a: Torterra|spa|2\n|-boost|p2a: Torterra|spe|2\n|-enditem|p2a: Torterra|White Herb\n|-clearnegativeboost|p2a: Torterra|[silent]\n|\n|-ability|p1b: Espathra|Speed Boost|boost\n|-boost|p1b: Espathra|spe|1\n|upkeep\n|turn|2\n|\n|t:|1701005657\n|move|p1a: Sandy Shocks|Gravity|p1a: Sandy Shocks\n|-fieldstart|move: Gravity\n|move|p1b: Espathra|Hypnosis|p2a: Torterra\n|-status|p2a: Torterra|slp|[from] move: Hypnosis\n|cant|p2a: Torterra|slp\n|move|p2b: Salazzle|Sludge Bomb|p1b: Espathra\n|-damage|p1b: Espathra|33\/100\n|-status|p1b: Espathra|psn\n|\n|-damage|p1b: Espathra|21\/100 psn|[from] psn\n|-ability|p1b: Espathra|Speed Boost|boost\n|-boost|p1b: Espathra|spe|1\n|upkeep\n|turn|3\n|\n|t:|1701005675\n|switch|p2b: Roaring Moon|Roaring Moon, L50|100\/100\n|-enditem|p2b: Roaring Moon|Booster Energy\n|-activate|p2b: Roaring Moon|ability: Protosynthesis|[fromitem]\n|-start|p2b: Roaring Moon|protosynthesisspe\n|move|p1a: Sandy Shocks|Protect|p1a: Sandy Shocks\n|-singleturn|p1a: Sandy Shocks|Protect\n|move|p1b: Espathra|Lumina Crash|p2a: Torterra\n|-damage|p2a: Torterra|56\/100 slp\n|-unboost|p2a: Torterra|spd|2\n|cant|p2a: Torterra|slp\n|\n|-damage|p1b: Espathra|9\/100 psn|[from] psn\n|-ability|p1b: Espathra|Speed Boost|boost\n|-boost|p1b: Espathra|spe|1\n|upkeep\n|turn|4\n|\n|t:|1701005703\n|-end|p2b: Roaring Moon|Protosynthesis|[silent]\n|switch|p2b: Gholdengo|Gholdengo, L50|100\/100\n|-terastallize|p1b: Espathra|Fairy\n|move|p1b: Espathra|Tera Blast|p2b: Gholdengo|[anim] Tera Blast Fairy\n|-resisted|p2b: Gholdengo\n|-damage|p2b: Gholdengo|80\/100\n|move|p1a: Sandy Shocks|Earth Power|p2a: Torterra\n|-resisted|p2a: Torterra\n|-damage|p2a: Torterra|7\/100 slp\n|cant|p2a: Torterra|slp\n|\n|-damage|p1b: Espathra|0 fnt|[from] psn\n|faint|p1b: Espathra\n|upkeep\n|\n|t:|1701005707\n|switch|p1b: Ogerpon|Ogerpon-Hearthflame, L50, F|100\/100\n|-ability|p1b: Ogerpon|Mold Breaker\n|turn|5\n|\n|t:|1701005727\n|switch|p2b: Roaring Moon|Roaring Moon, L50|100\/100\n|move|p1a: Sandy Shocks|Earth Power|p2a: Torterra\n|-resisted|p2a: Torterra\n|-damage|p2a: Torterra|0 fnt\n|faint|p2a: Torterra\n|move|p1b: Ogerpon|Ivy Cudgel|p2b: Roaring Moon|[anim] Ivy Cudgel Fire\n|-resisted|p2b: Roaring Moon\n|-crit|p2b: Roaring Moon\n|-damage|p2b: Roaring Moon|52\/100\n|\n|upkeep\n|\n|t:|1701005737\n|switch|p2a: Salazzle|Salazzle, L50, F|100\/100\n|turn|6\n|\n|t:|1701005750\n|move|p2a: Salazzle|Fake Out|p1a: Sandy Shocks\n|-damage|p1a: Sandy Shocks|93\/100\n|cant|p1a: Sandy Shocks|flinch\n|move|p2b: Roaring Moon|Tailwind|p2b: Roaring Moon\n|-sidestart|p2: chunkstestaccount|move: Tailwind\n|move|p1b: Ogerpon|Play Rough|p2b: Roaring Moon\n|-supereffective|p2b: Roaring Moon\n|-damage|p2b: Roaring Moon|0 fnt\n|faint|p2b: Roaring Moon\n|-end|p2b: Roaring Moon|Protosynthesis|[silent]\n|\n|-fieldend|move: Gravity\n|upkeep\n|\n|t:|1701005759\n|switch|p2b: Gholdengo|Gholdengo, L50|80\/100\n|turn|7\n|\n|t:|1701005777\n|-terastallize|p2b: Gholdengo|Water\n|move|p1a: Sandy Shocks|Protect|p1a: Sandy Shocks\n|-singleturn|p1a: Sandy Shocks|Protect\n|move|p2a: Salazzle|Sludge Bomb|p1b: Ogerpon\n|-supereffective|p1b: Ogerpon\n|-damage|p1b: Ogerpon|6\/100\n|move|p2b: Gholdengo|Tera Blast|p1a: Sandy Shocks|[anim] Tera Blast Water\n|-activate|p1a: Sandy Shocks|move: Protect\n|move|p1b: Ogerpon|Ivy Cudgel|p2b: Gholdengo|[anim] Ivy Cudgel Fire\n|-resisted|p2b: Gholdengo\n|-damage|p2b: Gholdengo|48\/100\n|\n|upkeep\n|turn|8\n|\n|t:|1701005822\n|move|p2a: Salazzle|Sludge Bomb|p1b: Ogerpon\n|-supereffective|p1b: Ogerpon\n|-damage|p1b: Ogerpon|0 fnt\n|faint|p1b: Ogerpon\n|move|p2b: Gholdengo|Tera Blast|p1a: Sandy Shocks|[anim] Tera Blast Water\n|-supereffective|p1a: Sandy Shocks\n|-damage|p1a: Sandy Shocks|0 fnt\n|faint|p1a: Sandy Shocks\n|-end|p1a: Sandy Shocks|Protosynthesis|[silent]\n|\n|upkeep\n|\n|t:|1701005827\n|switch|p1a: Sinistcha|Sinistcha, L50|100\/100\n|turn|9\n|-message|Yae Miko simp2 forfeited.\n|\n|win|chunkstestaccount\n|c|\u2606Yae Miko simp2|gg\n|c|&|\/uhtml prompt-yaemikosimp2,Yae Miko simp2 is ready for game 2!\n|c|\u2606chunkstestaccount|Gg\n|c|&|\/uhtml prompt-chunkstestaccount,chunkstestaccount is ready for game 2!\nBoth players are ready! Starting next match!\n","uploadtime":1701006069,"views":5,"p1id":"yaemikosimp2","p2id":"chunkstestaccount","formatid":"gen9vgc2023regulatione","rating":0,"private":0,"password":""}