{"id":"gen9vgc2023regulatione-1988166242","p1":"DCTChampion","p2":"whale1668","format":"[Gen 9] VGC 2023 Regulation E","log":"|j|\u2606DCTChampion\n|j|\u2606whale1668\n|n|\u2606DCTChampion|dctchampion\n|n|\u2606whale1668|whale1668\n|html|View the match progress at <a href=\"\/game-bestof3-gen9vgc2023regulatione-1988159506\">game-bestof3-gen9vgc2023regulatione-1988159506<\/a>\n|t:|1699678314\n|gametype|doubles\n|player|p1|DCTChampion|170|\n|player|p2|whale1668|265|\n|teamsize|p1|6\n|teamsize|p2|6\n|gen|9\n|tier|[Gen 9] VGC 2023 Regulation E\n|rule|Species Clause: Limit one of each Pok\u00e9mon\n|rule|Item Clause: Limit one of each item\n|clearpoke\n|poke|p1|Zapdos, L50|\n|poke|p1|Landorus-Therian, L50, M|\n|poke|p1|Cresselia, L50, F|\n|poke|p1|Weezing-Galar, L50, M|\n|poke|p1|Ogerpon-Wellspring, L50, F|\n|poke|p1|Kingambit, L50, F|\n|poke|p2|Basculegion, L50, M|\n|poke|p2|Thundurus, L50, M|\n|poke|p2|Azumarill, L50, F|\n|poke|p2|Iron Bundle, L50|\n|poke|p2|Clefable, L50, M|\n|poke|p2|Urshifu-*, L50, F|\n|teampreview|4\n|j| TomGang\nwhale1668 has agreed to open team sheets.\n|\n|t:|1699678457\n|start\n|switch|p1a: Weezing|Weezing-Galar, L50, M|100\/100\n|switch|p1b: Ogerpon|Ogerpon-Wellspring, L50, F|100\/100\n|switch|p2a: Thundurus|Thundurus, L50, M|100\/100\n|switch|p2b: Clefable|Clefable, L50, M|100\/100\n|-ability|p1a: Weezing|Neutralizing Gas\n|turn|1\n|j| Sharkrai SJSU\n|\n|t:|1699678564\n|switch|p2a: Iron Bundle|Iron Bundle, L50|100\/100\n|-enditem|p2a: Iron Bundle|Booster Energy\n|-activate|p2a: Iron Bundle|ability: Quark Drive|[fromitem]\n|-start|p2a: Iron Bundle|quarkdrivespa\n|move|p1b: Ogerpon|Ivy Cudgel|p2a: Iron Bundle\n|-resisted|p2a: Iron Bundle\n|-damage|p2a: Iron Bundle|66\/100\n|move|p1a: Weezing|Taunt|p2b: Clefable\n|-start|p2b: Clefable|move: Taunt\n|cant|p2b: Clefable|move: Taunt|Encore\n|\n|upkeep\n|turn|2\n|\n|t:|1699678682\n|move|p1b: Ogerpon|Spiky Shield|p1b: Ogerpon\n|-singleturn|p1b: Ogerpon|move: Protect\n|move|p2a: Iron Bundle|Icy Wind|p1a: Weezing|[spread] p1a\n|-activate|p1b: Ogerpon|move: Protect\n|-damage|p1a: Weezing|73\/100\n|-unboost|p1a: Weezing|spe|1\n|move|p2b: Clefable|Draining Kiss|p1b: Ogerpon\n|-activate|p1b: Ogerpon|move: Protect\n|-damage|p2b: Clefable|88\/100|[from] Spiky Shield|[of] p1b: Ogerpon\n|move|p1a: Weezing|Dazzling Gleam|p2b: Clefable|[spread] p2a,p2b\n|-damage|p2a: Iron Bundle|30\/100\n|-damage|p2b: Clefable|75\/100\n|\n|upkeep\n|turn|3\n|\n|t:|1699678774\n|-terastallize|p1b: Ogerpon|Water\n|detailschange|p1b: Ogerpon|Ogerpon-Wellspring-Tera, L50, F, tera:Water\n|move|p2a: Iron Bundle|Freeze-Dry|p1b: Ogerpon\n|-supereffective|p1b: Ogerpon\n|-damage|p1b: Ogerpon|0 fnt\n|faint|p1b: Ogerpon\n|move|p2b: Clefable|Draining Kiss|p1a: Weezing\n|-resisted|p1a: Weezing\n|-damage|p1a: Weezing|64\/100\n|-heal|p2b: Clefable|80\/100|[from] drain|[of] p1a: Weezing\n|-damage|p2b: Clefable|64\/100|[from] item: Rocky Helmet|[of] p1a: Weezing\n|move|p1a: Weezing|Dazzling Gleam|p2a: Iron Bundle|[spread] p2a,p2b\n|-crit|p2a: Iron Bundle\n|-damage|p2a: Iron Bundle|0 fnt\n|-damage|p2b: Clefable|52\/100\n|faint|p2a: Iron Bundle\n|-end|p2a: Iron Bundle|Quark Drive|[silent]\n|\n|-end|p2b: Clefable|move: Taunt\n|upkeep\n|\n|t:|1699678817\n|switch|p2a: Basculegion|Basculegion, L50, M|100\/100\n|switch|p1b: Landorus|Landorus-Therian, L50, M|100\/100\n|turn|4\n|\n|t:|1699678897\n|switch|p1b: Zapdos|Zapdos, L50|100\/100\n|-terastallize|p2a: Basculegion|Grass\n|move|p2b: Clefable|Protect|p2b: Clefable\n|-singleturn|p2b: Clefable|Protect\n|move|p2a: Basculegion|Aqua Jet|p1b: Zapdos\n|-damage|p1b: Zapdos|64\/100\n|move|p1a: Weezing|Pain Split|p2a: Basculegion\n|-sethp|p2a: Basculegion|75\/100|[from] move: Pain Split|[silent]\n|-sethp|p1a: Weezing|98\/100|[from] move: Pain Split\n|\n|upkeep\n|turn|5\n|\n|t:|1699678960\n|move|p2a: Basculegion|Aqua Jet|p1b: Zapdos\n|-damage|p1b: Zapdos|26\/100\n|-enditem|p1b: Zapdos|Sitrus Berry|[eat]\n|-heal|p1b: Zapdos|51\/100|[from] item: Sitrus Berry\n|move|p1b: Zapdos|Roost|p1b: Zapdos\n|-heal|p1b: Zapdos|100\/100\n|-singleturn|p1b: Zapdos|move: Roost\n|move|p2b: Clefable|Draining Kiss|p1b: Zapdos\n|-damage|p1b: Zapdos|78\/100\n|-heal|p2b: Clefable|66\/100|[from] drain|[of] p1b: Zapdos\n|move|p1a: Weezing|Heat Wave|p2b: Clefable|[spread] p2a,p2b\n|-supereffective|p2a: Basculegion\n|-damage|p2a: Basculegion|47\/100\n|-damage|p2b: Clefable|56\/100\n|\n|upkeep\n|turn|6\n|\n|t:|1699679036\n|switch|p2a: Thundurus|Thundurus, L50, M|100\/100\n|-end|p1a: Weezing|ability: Neutralizing Gas\n|switch|p1a: Landorus|Landorus-Therian, L50, M|100\/100\n|-ability|p1a: Landorus|Intimidate|boost\n|-unboost|p2a: Thundurus|atk|1\n|-ability|p2a: Thundurus|Defiant|boost\n|-boost|p2a: Thundurus|atk|2\n|-unboost|p2b: Clefable|atk|1\n|move|p1b: Zapdos|Discharge|p2b: Clefable|[spread] p2a,p2b\n|-immune|p1a: Landorus\n|-damage|p2a: Thundurus|63\/100\n|-damage|p2b: Clefable|34\/100\n|move|p2b: Clefable|Encore|p1b: Zapdos\n|-start|p1b: Zapdos|Encore\n|\n|upkeep\n|turn|7\n|\n|t:|1699679127\n|move|p1a: Landorus|Rock Slide|p2a: Thundurus|[spread] p2a,p2b\n|-supereffective|p2a: Thundurus\n|-damage|p2a: Thundurus|4\/100\n|-damage|p2b: Clefable|6\/100\n|move|p1b: Zapdos|Discharge|p2b: Clefable|[spread] p2a,p2b\n|-immune|p1a: Landorus\n|-damage|p2a: Thundurus|0 fnt\n|-damage|p2b: Clefable|0 fnt\n|faint|p2a: Thundurus\n|faint|p2b: Clefable\n|\n|upkeep\n|\n|t:|1699679140\n|switch|p2a: Basculegion|Basculegion, L50, M, tera:Grass|47\/100\n|turn|8\n|\n|t:|1699679150\n|switch|p1a: Weezing|Weezing-Galar, L50, M|98\/100\n|-ability|p1a: Weezing|Neutralizing Gas\n|move|p1b: Zapdos|Discharge|p2a: Basculegion|[spread] p1a,p2a\n|-resisted|p2a: Basculegion\n|-damage|p1a: Weezing|69\/100\n|-damage|p2a: Basculegion|33\/100\n|-status|p1a: Weezing|par\n|move|p2a: Basculegion|Wave Crash|p1a: Weezing\n|-damage|p1a: Weezing|0 fnt\n|-damage|p2a: Basculegion|16\/100|[from] item: Rocky Helmet|[of] p1a: Weezing\n|faint|p1a: Weezing\n|-end|p1a: Weezing|ability: Neutralizing Gas\n|-damage|p2a: Basculegion|0 fnt|[from] Recoil\n|faint|p2a: Basculegion\n|\n|win|DCTChampion\n|inactive|DCTChampion has 50 seconds to confirm battle start!\n|inactive|whale1668 has 50 seconds to confirm battle start!\n|inactive|DCTChampion has 40 seconds to confirm battle start!\n|inactive|whale1668 has 40 seconds to confirm battle start!\n","uploadtime":1699679167,"views":36,"p1id":"dctchampion","p2id":"whale1668","formatid":"gen9vgc2023regulatione","rating":0,"private":0,"password":""}