{"id":"gen9vgc2023regulatione-1993311945","p1":"TyL8","p2":"damayr","format":"[Gen 9] VGC 2023 Regulation E","log":"|j|\u203dTyL8\n|j|\u2606damayr\n|t:|1700295841\n|gametype|doubles\n|player|p1|TyL8|dawn|1357\n|player|p2|damayr|parasollady-gen4|1430\n|teamsize|p1|6\n|teamsize|p2|6\n|gen|9\n|tier|[Gen 9] VGC 2023 Regulation E\n|rated|\n|rule|Species Clause: Limit one of each Pok\u00e9mon\n|rule|Item Clause: Limit one of each item\n|clearpoke\n|poke|p1|Espathra, L50, F|\n|poke|p1|Grimmsnarl, L50, M|\n|poke|p1|Amoonguss, L50, M|\n|poke|p1|Thundurus, L50, M|\n|poke|p1|Landorus-Therian, L50, M|\n|poke|p1|Clefairy, L50, M|\n|poke|p2|Fezandipiti, L50, M|\n|poke|p2|Flutter Mane, L50|\n|poke|p2|Arcanine, L50, F|\n|poke|p2|Ogerpon-Wellspring, L50, F|\n|poke|p2|Urshifu-*, L50, F|\n|poke|p2|Landorus, L50, M|\n|teampreview|4\n|inactive|Battle timer is ON: inactive players will automatically lose when time's up. (requested by TyL8)\n|inactive|TyL8 has 60 seconds left.\n|\n|t:|1700295886\n|start\n|switch|p1a: Espathra|Espathra, L50, F, shiny|100\/100\n|switch|p1b: Clefairy|Clefairy, L50, M|100\/100\n|switch|p2a: Flutter Mane|Flutter Mane, L50|100\/100\n|switch|p2b: Fezandipiti|Fezandipiti, L50, M|100\/100\n|-enditem|p2a: Flutter Mane|Booster Energy\n|-activate|p2a: Flutter Mane|ability: Protosynthesis|[fromitem]\n|-start|p2a: Flutter Mane|protosynthesisspa\n|turn|1\n|\n|t:|1700295903\n|switch|p1b: Thundurus|Thundurus, L50, M|100\/100\n|-terastallize|p2a: Flutter Mane|Fairy\n|move|p1a: Espathra|Protect|p1a: Espathra\n|-singleturn|p1a: Espathra|Protect\n|move|p2b: Fezandipiti|Icy Wind|p1b: Thundurus|[spread] p1b\n|-activate|p1a: Espathra|move: Protect\n|-supereffective|p1b: Thundurus\n|-damage|p1b: Thundurus|82\/100\n|-unboost|p1b: Thundurus|spe|1\n|move|p2a: Flutter Mane|Dazzling Gleam|p1b: Thundurus|[spread] p1b\n|-activate|p1a: Espathra|move: Protect\n|-damage|p1b: Thundurus|15\/100\n|-enditem|p1b: Thundurus|Sitrus Berry|[eat]\n|-heal|p1b: Thundurus|39\/100|[from] item: Sitrus Berry\n|\n|-ability|p1a: Espathra|Speed Boost|boost\n|-boost|p1a: Espathra|spe|1\n|upkeep\n|turn|2\n|\n|t:|1700295922\n|move|p1b: Thundurus|Eerie Impulse|p2a: Flutter Mane\n|-unboost|p2a: Flutter Mane|spa|2\n|move|p2b: Fezandipiti|Icy Wind|p1b: Thundurus|[spread] p1a,p1b\n|-supereffective|p1b: Thundurus\n|-damage|p1a: Espathra|91\/100\n|-damage|p1b: Thundurus|23\/100\n|-unboost|p1a: Espathra|spe|1\n|-unboost|p1b: Thundurus|spe|1\n|-status|p1b: Thundurus|tox|[from] ability: Toxic Chain|[of] p2b: Fezandipiti\n|move|p2a: Flutter Mane|Dazzling Gleam|p1b: Thundurus|[spread] p1a,p1b\n|-damage|p1a: Espathra|54\/100\n|-damage|p1b: Thundurus|0 fnt\n|faint|p1b: Thundurus\n|move|p1a: Espathra|Calm Mind|p1a: Espathra\n|-boost|p1a: Espathra|spa|1\n|-boost|p1a: Espathra|spd|1\n|\n|-heal|p1a: Espathra|60\/100|[from] item: Leftovers\n|-ability|p1a: Espathra|Speed Boost|boost\n|-boost|p1a: Espathra|spe|1\n|upkeep\n|\n|t:|1700295941\n|switch|p1b: Grimmsnarl|Grimmsnarl, L50, M|100\/100\n|turn|3\n|\n|t:|1700295956\n|-end|p2a: Flutter Mane|Protosynthesis|[silent]\n|switch|p2a: Landorus|Landorus, L50, M|100\/100\n|move|p1b: Grimmsnarl|Light Screen|p1b: Grimmsnarl\n|-sidestart|p1: TyL8|move: Light Screen\n|move|p2b: Fezandipiti|Icy Wind|p1a: Espathra|[spread] p1a,p1b\n|-damage|p1a: Espathra|55\/100\n|-damage|p1b: Grimmsnarl|96\/100\n|-unboost|p1a: Espathra|spe|1\n|-unboost|p1b: Grimmsnarl|spe|1\n|-status|p1b: Grimmsnarl|tox|[from] ability: Toxic Chain|[of] p2b: Fezandipiti\n|move|p1a: Espathra|Calm Mind|p1a: Espathra\n|-boost|p1a: Espathra|spa|1\n|-boost|p1a: Espathra|spd|1\n|\n|-heal|p1a: Espathra|61\/100|[from] item: Leftovers\n|-damage|p1b: Grimmsnarl|90\/100 tox|[from] psn\n|-ability|p1a: Espathra|Speed Boost|boost\n|-boost|p1a: Espathra|spe|1\n|upkeep\n|turn|4\n|\n|t:|1700295974\n|move|p1a: Espathra|Protect|p1a: Espathra\n|-singleturn|p1a: Espathra|Protect\n|move|p1b: Grimmsnarl|Parting Shot|p2a: Landorus\n|-unboost|p2a: Landorus|atk|1\n|-unboost|p2a: Landorus|spa|1\n|\n|t:|1700295979\n|switch|p1b: Clefairy|Clefairy, L50, M|100\/100|[from] Parting Shot\n|move|p2b: Fezandipiti|Icy Wind|p1b: Clefairy|[spread] p1b\n|-activate|p1a: Espathra|move: Protect\n|-damage|p1b: Clefairy|95\/100\n|-unboost|p1b: Clefairy|spe|1\n|move|p2a: Landorus|Earth Power|p1a: Espathra\n|-activate|p1a: Espathra|move: Protect\n|\n|-heal|p1a: Espathra|66\/100|[from] item: Leftovers\n|-ability|p1a: Espathra|Speed Boost|boost\n|-boost|p1a: Espathra|spe|1\n|upkeep\n|turn|5\n|inactive|TyL8 has 30 seconds left.\n|\n|t:|1700296009\n|move|p1a: Espathra|Stored Power|p2a: Landorus\n|-damage|p2a: Landorus|0 fnt\n|faint|p2a: Landorus\n|move|p2b: Fezandipiti|Icy Wind|p1a: Espathra|[spread] p1a,p1b\n|-damage|p1a: Espathra|63\/100\n|-damage|p1b: Clefairy|89\/100\n|-unboost|p1a: Espathra|spe|1\n|-unboost|p1b: Clefairy|spe|1\n|-status|p1a: Espathra|tox|[from] ability: Toxic Chain|[of] p2b: Fezandipiti\n|move|p1b: Clefairy|Heal Pulse|p1a: Espathra\n|-heal|p1a: Espathra|100\/100 tox\n|\n|-damage|p1a: Espathra|95\/100 tox|[from] psn\n|-ability|p1a: Espathra|Speed Boost|boost\n|-boost|p1a: Espathra|spe|1\n|upkeep\n|\n|t:|1700296028\n|switch|p2a: Flutter Mane|Flutter Mane, L50, tera:Fairy|100\/100\n|turn|6\n|\n|t:|1700296035\n|move|p2a: Flutter Mane|Protect|p2a: Flutter Mane\n|-singleturn|p2a: Flutter Mane|Protect\n|move|p1b: Clefairy|Follow Me|p1b: Clefairy\n|-singleturn|p1b: Clefairy|move: Follow Me\n|move|p1a: Espathra|Stored Power|p2b: Fezandipiti\n|-supereffective|p2b: Fezandipiti\n|-damage|p2b: Fezandipiti|0 fnt\n|faint|p2b: Fezandipiti\n|\n|-heal|p1a: Espathra|100\/100 tox|[from] item: Leftovers\n|-damage|p1a: Espathra|89\/100 tox|[from] psn\n|-ability|p1a: Espathra|Speed Boost|boost\n|-boost|p1a: Espathra|spe|1\n|upkeep\n|\n|t:|1700296044\n|switch|p2b: Arcanine|Arcanine, L50, F|100\/100\n|-ability|p2b: Arcanine|Intimidate|boost\n|-unboost|p1a: Espathra|atk|1\n|-unboost|p1b: Clefairy|atk|1\n|turn|7\n|\n|t:|1700296055\n|move|p2a: Flutter Mane|Protect||[still]\n|-fail|p2a: Flutter Mane\n|move|p1a: Espathra|Stored Power|p2a: Flutter Mane\n|-damage|p2a: Flutter Mane|0 fnt\n|faint|p2a: Flutter Mane\n|-end|p2a: Flutter Mane|Protosynthesis|[silent]\n|move|p2b: Arcanine|Flare Blitz|p1a: Espathra\n|-damage|p1a: Espathra|55\/100 tox\n|-damage|p2b: Arcanine|89\/100|[from] Recoil\n|move|p1b: Clefairy|Heal Pulse|p1a: Espathra\n|-heal|p1a: Espathra|100\/100 tox\n|\n|-damage|p1a: Espathra|83\/100 tox|[from] psn\n|-ability|p1a: Espathra|Speed Boost|boost\n|-boost|p1a: Espathra|spe|1\n|upkeep\n|turn|8\n|\n|t:|1700296073\n|move|p2b: Arcanine|Protect|p2b: Arcanine\n|-singleturn|p2b: Arcanine|Protect\n|move|p1a: Espathra|Stored Power|p2b: Arcanine\n|-activate|p2b: Arcanine|move: Protect\n|move|p1b: Clefairy|Heal Pulse|p1a: Espathra\n|-heal|p1a: Espathra|100\/100 tox\n|\n|-damage|p1a: Espathra|77\/100 tox|[from] psn\n|-ability|p1a: Espathra|Speed Boost|boost\n|-boost|p1a: Espathra|spe|1\n|upkeep\n|turn|9\n|\n|t:|1700296080\n|move|p2b: Arcanine|Protect||[still]\n|-fail|p2b: Arcanine\n|move|p1a: Espathra|Stored Power|p2b: Arcanine\n|-damage|p2b: Arcanine|0 fnt\n|faint|p2b: Arcanine\n|\n|win|TyL8\n|raw|TyL8's rating: 1357 &rarr; <strong>1381<\/strong><br \/>(+24 for winning)\n|raw|damayr's rating: 1430 &rarr; <strong>1406<\/strong><br \/>(-24 for losing)\n|l|\u2606damayr\n","uploadtime":1700296090,"views":7,"p1id":"tyl8","p2id":"damayr","formatid":"gen9vgc2023regulatione","rating":1381,"private":0,"password":""}