{"id":"gen9vgc2023regulatione-1988478185","p1":"Bolt-Beam Studios","p2":"That_Leek","format":"[Gen 9] VGC 2023 Regulation E","log":"|j|\u2606Bolt-Beam Studios\n|j|\u2606That_Leek\n|n|\u2606Bolt-Beam Studios|boltbeamstudios\n|n|\u2606That_Leek|thatleek\n|html|View the match progress at <a href=\"\/game-bestof3-gen9vgc2023regulatione-1988475478\">game-bestof3-gen9vgc2023regulatione-1988475478<\/a>\n|t:|1699727232\n|gametype|doubles\n|player|p1|Bolt-Beam Studios|courtney-gen3|\n|player|p2|That_Leek|blue|\n|teamsize|p1|6\n|teamsize|p2|6\n|gen|9\n|tier|[Gen 9] VGC 2023 Regulation E\n|rule|Species Clause: Limit one of each Pok\u00e9mon\n|rule|Item Clause: Limit one of each item\n|clearpoke\n|poke|p1|Hydreigon, L50, M|\n|poke|p1|Landorus-Therian, L50, M|\n|poke|p1|Heatran, L50, M|\n|poke|p1|Flutter Mane, L50|\n|poke|p1|Rillaboom, L50, F|\n|poke|p1|Ogerpon-Wellspring, L50, F|\n|poke|p2|Dondozo, L50, M|\n|poke|p2|Tatsugiri, L50, M|\n|poke|p2|Heatran, L50, M|\n|poke|p2|Sinistcha, L50|\n|poke|p2|Landorus-Therian, L50, M|\n|poke|p2|Flutter Mane, L50|\n|teampreview|4\n|inactive|Battle timer is ON: inactive players will automatically lose when time's up. (requested by Bolt-Beam Studios)\nThat_Leek has agreed to open team sheets.\n|inactive|Bolt-Beam Studios has 60 seconds left.\n|inactive|That_Leek has 60 seconds left.\n|\n|t:|1699727268\n|start\n|switch|p1a: Kong|Rillaboom, L50, F, shiny|100\/100\n|switch|p1b: Landorus|Landorus-Therian, L50, M|100\/100\n|switch|p2a: Sinistcha|Sinistcha, L50|100\/100\n|switch|p2b: Landorus|Landorus-Therian, L50, M|100\/100\n|-ability|p2b: Landorus|Intimidate|boost\n|-unboost|p1a: Kong|atk|1\n|-unboost|p1b: Landorus|atk|1\n|-ability|p1b: Landorus|Intimidate|boost\n|-unboost|p2a: Sinistcha|atk|1\n|-unboost|p2b: Landorus|atk|1\n|-fieldstart|move: Grassy Terrain|[from] ability: Grassy Surge|[of] p1a: Kong\n|turn|1\n|inactive|That_Leek has 30 seconds left.\n|\n|t:|1699727295\n|move|p1a: Kong|Fake Out|p2b: Landorus\n|-damage|p2b: Landorus|89\/100\n|cant|p2b: Landorus|flinch\n|move|p1b: Landorus|U-turn|p2a: Sinistcha\n|-damage|p2a: Sinistcha|82\/100\n|-damage|p1b: Landorus|84\/100|[from] item: Rocky Helmet|[of] p2a: Sinistcha\n|\n|t:|1699727302\n|switch|p1b: Heatran|Heatran, L50, M|100\/100|[from] U-turn\n|move|p2a: Sinistcha|Matcha Gotcha|p1b: Heatran|[spread] p1a,p1b\n|-resisted|p1a: Kong\n|-resisted|p1b: Heatran\n|-damage|p1a: Kong|79\/100\n|-heal|p2a: Sinistcha|94\/100|[from] drain|[of] p1a: Kong\n|-damage|p1b: Heatran|92\/100\n|-heal|p2a: Sinistcha|98\/100|[from] drain|[of] p1b: Heatran\n|\n|-heal|p1b: Heatran|98\/100|[from] Grassy Terrain\n|-heal|p1b: Heatran|100\/100|[from] item: Leftovers\n|-heal|p1a: Kong|84\/100|[from] Grassy Terrain\n|-heal|p2a: Sinistcha|100\/100|[from] Grassy Terrain\n|upkeep\n|turn|2\n|\n|t:|1699727324\n|switch|p1b: Landorus|Landorus-Therian, L50, M|84\/100\n|-ability|p1b: Landorus|Intimidate|boost\n|-unboost|p2a: Sinistcha|atk|1\n|-unboost|p2b: Landorus|atk|1\n|move|p2b: Landorus|U-turn|p1a: Kong\n|-supereffective|p1a: Kong\n|-damage|p1a: Kong|56\/100\n|\n|t:|1699727331\n|switch|p2b: Tatsugiri|Tatsugiri, L50, M|100\/100|[from] U-turn\n|move|p1a: Kong|Wood Hammer|p2b: Tatsugiri\n|-enditem|p2b: Tatsugiri|Focus Sash\n|-damage|p2b: Tatsugiri|1\/100\n|-damage|p1a: Kong|30\/100|[from] Recoil\n|move|p2a: Sinistcha|Matcha Gotcha|p1b: Landorus|[spread] p1a,p1b\n|-resisted|p1a: Kong\n|-damage|p1a: Kong|9\/100\n|-damage|p1b: Landorus|46\/100\n|\n|-heal|p2b: Tatsugiri|7\/100|[from] Grassy Terrain\n|-heal|p1a: Kong|15\/100|[from] Grassy Terrain\n|upkeep\n|turn|3\n|\n|t:|1699727347\n|switch|p2b: Landorus|Landorus-Therian, L50, M|89\/100\n|-ability|p2b: Landorus|Intimidate|boost\n|-unboost|p1a: Kong|atk|1\n|-unboost|p1b: Landorus|atk|1\n|-terastallize|p1b: Landorus|Flying\n|move|p1b: Landorus|Tera Blast|p2a: Sinistcha|[anim] Tera Blast Flying\n|-supereffective|p2a: Sinistcha\n|-damage|p2a: Sinistcha|22\/100\n|move|p1a: Kong|Wood Hammer|p2a: Sinistcha\n|-resisted|p2a: Sinistcha\n|-damage|p2a: Sinistcha|0 fnt\n|-damage|p1a: Kong|0 fnt|[from] item: Rocky Helmet|[of] p2a: Sinistcha\n|faint|p2a: Sinistcha\n|faint|p1a: Kong\n|\n|upkeep\n|\n|t:|1699727360\n|switch|p1a: Ogerpon|Ogerpon-Wellspring, L50, F|100\/100\n|switch|p2a: Dondozo|Dondozo, L50, M|100\/100\n|turn|4\n|\n|t:|1699727379\n|move|p2a: Dondozo|Protect|p2a: Dondozo\n|-singleturn|p2a: Dondozo|Protect\n|move|p1a: Ogerpon|Grassy Glide|p2a: Dondozo\n|-activate|p2a: Dondozo|move: Protect\n|move|p2b: Landorus|U-turn|p1a: Ogerpon\n|-supereffective|p1a: Ogerpon\n|-damage|p1a: Ogerpon|40\/100\n|\n|t:|1699727382\n|switch|p2b: Tatsugiri|Tatsugiri, L50, M|7\/100|[from] U-turn\n|-activate|p2b: Tatsugiri|ability: Commander|[of] p2a: Dondozo\n|-boost|p2a: Dondozo|atk|2\n|-boost|p2a: Dondozo|spa|2\n|-boost|p2a: Dondozo|spe|2\n|-boost|p2a: Dondozo|def|2\n|-boost|p2a: Dondozo|spd|2\n|move|p1b: Landorus|Tera Blast|p2a: Dondozo|[anim] Tera Blast Flying\n|-activate|p2a: Dondozo|move: Protect\n|\n|-heal|p2b: Tatsugiri|12\/100|[from] Grassy Terrain\n|-heal|p1a: Ogerpon|46\/100|[from] Grassy Terrain\n|upkeep\n|turn|5\n|\n|t:|1699727394\n|switch|p1b: Heatran|Heatran, L50, M|100\/100\n|move|p1a: Ogerpon|Grassy Glide|p2a: Dondozo\n|-supereffective|p2a: Dondozo\n|-damage|p2a: Dondozo|69\/100\n|move|p2a: Dondozo|Order Up|p1b: Heatran\n|-resisted|p1b: Heatran\n|-damage|p1b: Heatran|80\/100\n|-boost|p2a: Dondozo|atk|1\n|\n|-heal|p2a: Dondozo|75\/100|[from] Grassy Terrain\n|-heal|p2a: Dondozo|81\/100|[from] item: Leftovers\n|-heal|p2b: Tatsugiri|18\/100|[from] Grassy Terrain\n|-heal|p1a: Ogerpon|52\/100|[from] Grassy Terrain\n|-heal|p1b: Heatran|86\/100|[from] Grassy Terrain\n|-heal|p1b: Heatran|92\/100|[from] item: Leftovers\n|-fieldend|move: Grassy Terrain\n|upkeep\n|turn|6\n|\n|t:|1699727409\n|move|p2a: Dondozo|Order Up|p1a: Ogerpon\n|-damage|p1a: Ogerpon|0 fnt\n|faint|p1a: Ogerpon\n|-boost|p2a: Dondozo|atk|1\n|move|p1b: Heatran|Heat Wave|p2a: Dondozo|[spread] p2a\n|-miss|p1b: Heatran|p2b: Tatsugiri\n|-resisted|p2a: Dondozo\n|-damage|p2a: Dondozo|73\/100\n|\n|-heal|p2a: Dondozo|79\/100|[from] item: Leftovers\n|-heal|p1b: Heatran|98\/100|[from] item: Leftovers\n|upkeep\n|\n|t:|1699727411\n|switch|p1a: Landorus|Landorus-Therian, L50, M, tera:Flying|46\/100\n|-ability|p1a: Landorus|Intimidate|boost\n|-unboost|p2a: Dondozo|atk|1\n|-unboost|p2b: Tatsugiri|atk|1\n|turn|7\n|\n|t:|1699727417\n|move|p1a: Landorus|Tera Blast|p2a: Dondozo|[anim] Tera Blast Flying\n|-damage|p2a: Dondozo|56\/100\n|move|p2a: Dondozo|Order Up|p1a: Landorus\n|-damage|p1a: Landorus|0 fnt\n|faint|p1a: Landorus\n|-boost|p2a: Dondozo|atk|1\n|move|p1b: Heatran|Heat Wave|p2a: Dondozo|[spread] p2a\n|-miss|p1b: Heatran|p2b: Tatsugiri\n|-resisted|p2a: Dondozo\n|-damage|p2a: Dondozo|47\/100\n|\n|-heal|p2a: Dondozo|53\/100|[from] item: Leftovers\n|-heal|p1b: Heatran|100\/100|[from] item: Leftovers\n|upkeep\n|turn|8\n|\n|t:|1699727422\n|move|p2a: Dondozo|Protect|p2a: Dondozo\n|-singleturn|p2a: Dondozo|Protect\n|move|p1b: Heatran|Heat Wave|p2a: Dondozo|[spread] \n|-miss|p1b: Heatran|p2b: Tatsugiri\n|-activate|p2a: Dondozo|move: Protect\n|\n|-heal|p2a: Dondozo|59\/100|[from] item: Leftovers\n|upkeep\n|turn|9\n|\n|t:|1699727426\n|move|p2a: Dondozo|Earthquake|p1b: Heatran|[spread] p1b\n|-miss|p2a: Dondozo|p2b: Tatsugiri\n|-supereffective|p1b: Heatran\n|-damage|p1b: Heatran|0 fnt\n|faint|p1b: Heatran\n|\n|win|That_Leek\n|c|\u2606That_Leek|gg\n|l|\u2606Bolt-Beam Studios\n","uploadtime":1699727432,"views":12,"p1id":"boltbeamstudios","p2id":"thatleek","formatid":"gen9vgc2023regulatione","rating":0,"private":0,"password":""}