{"id":"gen9vgc2023regulatione-1993167536","p1":"j1m13o","p2":"Toshimon56","format":"[Gen 9] VGC 2023 Regulation E","log":"|j|\u2606j1m13o\n|j|\u2606Toshimon56\n|t:|1700273002\n|gametype|doubles\n|player|p1|j1m13o|101|1100\n|player|p2|Toshimon56|2|1009\n|teamsize|p1|6\n|teamsize|p2|6\n|gen|9\n|tier|[Gen 9] VGC 2023 Regulation E\n|rated|\n|rule|Species Clause: Limit one of each Pok\u00e9mon\n|rule|Item Clause: Limit one of each item\n|clearpoke\n|poke|p1|Ursaluna-Bloodmoon, L50, M|\n|poke|p1|Torkoal, L50, F|\n|poke|p1|Dusclops, L50, M|\n|poke|p1|Clefable, L50, M|\n|poke|p1|Glastrier, L50|\n|poke|p1|Urshifu-*, L50, F|\n|poke|p2|Heatran, L50, F|\n|poke|p2|Cresselia, L50, F|\n|poke|p2|Amoonguss, L50, F|\n|poke|p2|Chien-Pao, L50|\n|poke|p2|Arcanine-Hisui, L50, M|\n|poke|p2|Iron Hands, L50|\n|teampreview|4\n|\n|t:|1700273041\n|start\n|switch|p1a: Mr. Hands|Dusclops, L50, M|100\/100\n|switch|p1b: Clefable|Clefable, L50, M|100\/100\n|switch|p2a: Heatran|Heatran, L50, F|100\/100\n|switch|p2b: Amoonguss|Amoonguss, L50, F|100\/100\n|-item|p2a: Heatran|Leftovers|[from] ability: Frisk|[of] p1a: Mr. Hands|[identify]\n|-item|p2b: Amoonguss|Sitrus Berry|[from] ability: Frisk|[of] p1a: Mr. Hands|[identify]\n|turn|1\n|\n|t:|1700273065\n|move|p1b: Clefable|Follow Me|p1b: Clefable\n|-singleturn|p1b: Clefable|move: Follow Me\n|move|p2a: Heatran|Substitute|p2a: Heatran\n|-start|p2a: Heatran|Substitute\n|-damage|p2a: Heatran|76\/100\n|move|p2b: Amoonguss|Spore|p1b: Clefable\n|-status|p1b: Clefable|slp|[from] move: Spore\n|move|p1a: Mr. Hands|Taunt|p2b: Amoonguss\n|-start|p2b: Amoonguss|move: Taunt\n|\n|-heal|p2a: Heatran|82\/100|[from] item: Leftovers\n|upkeep\n|turn|2\n|\n|t:|1700273080\n|move|p2a: Heatran|Heat Wave|p1b: Clefable|[spread] p1a,p1b\n|-damage|p1a: Mr. Hands|78\/100\n|-damage|p1b: Clefable|71\/100 slp\n|-enditem|p1b: Clefable|Eject Button\n|\n|t:|1700273096\n|switch|p1b: Ursaluna|Ursaluna-Bloodmoon, L50, M|100\/100\n|move|p2b: Amoonguss|Pollen Puff|p2a: Heatran\n|-heal|p2a: Heatran|100\/100\n|move|p1a: Mr. Hands|Trick Room|p1a: Mr. Hands\n|-fieldstart|move: Trick Room|[of] p1a: Mr. Hands\n|\n|upkeep\n|turn|3\n|\n|t:|1700273119\n|switch|p2b: Cresselia|Cresselia, L50, F|100\/100\n|move|p1a: Mr. Hands|Protect|p1a: Mr. Hands\n|-singleturn|p1a: Mr. Hands|Protect\n|move|p1b: Ursaluna|Earth Power|p2a: Heatran\n|-supereffective|p2a: Heatran\n|-end|p2a: Heatran|Substitute\n|move|p2a: Heatran|Heat Wave|p1a: Mr. Hands|[spread] p1b\n|-activate|p1a: Mr. Hands|move: Protect\n|-damage|p1b: Ursaluna|56\/100\n|\n|upkeep\n|turn|4\n|\n|t:|1700273154\n|-terastallize|p1b: Ursaluna|Normal\n|-terastallize|p2a: Heatran|Fairy\n|move|p1a: Mr. Hands|Helping Hand|p1b: Ursaluna\n|-singleturn|p1b: Ursaluna|Helping Hand|[of] p1a: Mr. Hands\n|move|p1b: Ursaluna|Hyper Voice|p2a: Heatran|[spread] p2a,p2b\n|-enditem|p1b: Ursaluna|Normal Gem|[from] gem\n|-damage|p2a: Heatran|14\/100\n|-damage|p2b: Cresselia|36\/100\n|move|p2a: Heatran|Heat Wave|p1a: Mr. Hands|[spread] p1a,p1b\n|-damage|p1a: Mr. Hands|59\/100\n|-damage|p1b: Ursaluna|11\/100\n|move|p2b: Cresselia|Icy Wind|p1b: Ursaluna|[spread] p1b\n|-miss|p2b: Cresselia|p1a: Mr. Hands\n|-damage|p1b: Ursaluna|2\/100\n|-unboost|p1b: Ursaluna|spe|1\n|\n|-heal|p2a: Heatran|20\/100|[from] item: Leftovers\n|upkeep\n|turn|5\n|\n|t:|1700273171\n|move|p1a: Mr. Hands|Helping Hand|p1b: Ursaluna\n|-singleturn|p1b: Ursaluna|Helping Hand|[of] p1a: Mr. Hands\n|move|p2a: Heatran|Protect|p2a: Heatran\n|-singleturn|p2a: Heatran|Protect\n|move|p1b: Ursaluna|Hyper Voice|p2a: Heatran|[spread] p2b\n|-activate|p2a: Heatran|move: Protect\n|-damage|p2b: Cresselia|0 fnt\n|faint|p2b: Cresselia\n|\n|-heal|p2a: Heatran|26\/100|[from] item: Leftovers\n|upkeep\n|\n|t:|1700273182\n|switch|p2b: Amoonguss|Amoonguss, L50, F|100\/100\n|turn|6\n|\n|t:|1700273207\n|move|p1a: Mr. Hands|Taunt|p2b: Amoonguss\n|-start|p2b: Amoonguss|move: Taunt\n|move|p1b: Ursaluna|Hyper Voice|p2b: Amoonguss|[spread] p2a,p2b\n|-damage|p2a: Heatran|0 fnt\n|-damage|p2b: Amoonguss|46\/100\n|-enditem|p2b: Amoonguss|Sitrus Berry|[eat]\n|-heal|p2b: Amoonguss|71\/100|[from] item: Sitrus Berry\n|faint|p2a: Heatran\n|move|p2b: Amoonguss|Pollen Puff|p2: Heatran|[notarget]\n|-fail|p2b: Amoonguss\n|\n|-fieldend|move: Trick Room\n|upkeep\n|\n|t:|1700273215\n|switch|p2a: Arcanine|Arcanine-Hisui, L50, M|100\/100\n|-ability|p2a: Arcanine|Intimidate|boost\n|-unboost|p1a: Mr. Hands|atk|1\n|-unboost|p1b: Ursaluna|atk|1\n|turn|7\n|\n|t:|1700273236\n|move|p1b: Ursaluna|Protect|p1b: Ursaluna\n|-singleturn|p1b: Ursaluna|Protect\n|move|p2a: Arcanine|Rock Slide|p1b: Ursaluna|[spread] p1a\n|-activate|p1b: Ursaluna|move: Protect\n|-damage|p1a: Mr. Hands|34\/100\n|move|p2b: Amoonguss|Pollen Puff|p1a: Mr. Hands\n|-resisted|p1a: Mr. Hands\n|-damage|p1a: Mr. Hands|29\/100\n|cant|p1a: Mr. Hands|flinch\n|\n|upkeep\n|turn|8\n|\n|t:|1700273255\n|switch|p1b: Urshifu|Urshifu-Rapid-Strike, L50, F|100\/100\n|move|p1a: Mr. Hands|Protect|p1a: Mr. Hands\n|-singleturn|p1a: Mr. Hands|Protect\n|move|p2a: Arcanine|Rock Slide|p1b: Urshifu|[spread] p1b\n|-activate|p1a: Mr. Hands|move: Protect\n|-resisted|p1b: Urshifu\n|-damage|p1b: Urshifu|83\/100\n|move|p2b: Amoonguss|Pollen Puff|p1a: Mr. Hands\n|-activate|p1a: Mr. Hands|move: Protect\n|\n|-end|p2b: Amoonguss|move: Taunt\n|upkeep\n|turn|9\n|\n|t:|1700273271\n|move|p1b: Urshifu|Surging Strikes|p2a: Arcanine\n|-supereffective|p2a: Arcanine\n|-crit|p2a: Arcanine\n|-damage|p2a: Arcanine|0 fnt\n|faint|p2a: Arcanine\n|-hitcount|p2: Arcanine|1\n|move|p2b: Amoonguss|Spore|p1b: Urshifu\n|-status|p1b: Urshifu|slp|[from] move: Spore\n|move|p1a: Mr. Hands|Taunt|p2b: Amoonguss\n|-start|p2b: Amoonguss|move: Taunt\n|\n|upkeep\n|turn|10\n|-message|Toshimon56 forfeited.\n|\n|win|j1m13o\n|raw|j1m13o's rating: 1100 &rarr; <strong>1119<\/strong><br \/>(+19 for winning)\n|raw|Toshimon56's rating: 1009 &rarr; <strong>1001<\/strong><br \/>(-8 for losing)\n|l|\u2606Toshimon56\n|c|\u2606j1m13o|wp\n","uploadtime":1700273284,"views":9,"p1id":"j1m13o","p2id":"toshimon56","formatid":"gen9vgc2023regulatione","rating":1001,"private":0,"password":""}