{"id":"gen9vgc2023regulatione-1991736730","p1":"HeffNastyy","p2":"dinokitae","format":"[Gen 9] VGC 2023 Regulation E","log":"|j|\u2606HeffNastyy\n|j|\u2606dinokitae\n|t:|1700108887\n|gametype|doubles\n|player|p1|HeffNastyy|1|1514\n|player|p2|dinokitae|officeworker|1541\n|teamsize|p1|6\n|teamsize|p2|6\n|gen|9\n|tier|[Gen 9] VGC 2023 Regulation E\n|rated|\n|rule|Species Clause: Limit one of each Pok\u00e9mon\n|rule|Item Clause: Limit one of each item\n|clearpoke\n|poke|p1|Tornadus, L50, M|\n|poke|p1|Arcanine-Hisui, L50, F|\n|poke|p1|Gholdengo, L50|\n|poke|p1|Urshifu-*, L50, F|\n|poke|p1|Rillaboom, L50, F|\n|poke|p1|Hydreigon, L50, F|\n|poke|p2|Torterra, L50, M|\n|poke|p2|Iron Bundle, L50|\n|poke|p2|Chi-Yu, L50|\n|poke|p2|Farigiraf, L50, F|\n|poke|p2|Milotic, L50, F|\n|poke|p2|Goodra-Hisui, L50, M|\n|teampreview|4\n|inactive|Battle timer is ON: inactive players will automatically lose when time's up. (requested by dinokitae)\n|inactive|HeffNastyy has 60 seconds left.\n|\n|t:|1700108947\n|start\n|switch|p1a: Gholdengo|Gholdengo, L50|100\/100\n|switch|p1b: Urshifu|Urshifu-Rapid-Strike, L50, F|100\/100\n|switch|p2a: \uc704\uc720\uc774|Chi-Yu, L50|100\/100\n|switch|p2b: \ud1a0\ub300\ubd80\uae30|Torterra, L50, M|100\/100\n|-ability|p2a: \uc704\uc720\uc774|Beads of Ruin\n|turn|1\n|inactive|HeffNastyy has 30 seconds left.\n|\n|t:|1700108974\n|switch|p2a: \ud0a4\ud0a4\ub9c1|Farigiraf, L50, F|100\/100\n|-terastallize|p1a: Gholdengo|Dragon\n|move|p2b: \ud1a0\ub300\ubd80\uae30|Wide Guard|p2b: \ud1a0\ub300\ubd80\uae30\n|-singleturn|p2b: \ud1a0\ub300\ubd80\uae30|Wide Guard\n|move|p1b: Urshifu|Surging Strikes|p2a: \ud0a4\ud0a4\ub9c1\n|-crit|p2a: \ud0a4\ud0a4\ub9c1\n|-damage|p2a: \ud0a4\ud0a4\ub9c1|85\/100\n|-damage|p1b: Urshifu|84\/100|[from] item: Rocky Helmet|[of] p2a: \ud0a4\ud0a4\ub9c1\n|-crit|p2a: \ud0a4\ud0a4\ub9c1\n|-damage|p2a: \ud0a4\ud0a4\ub9c1|68\/100\n|-damage|p1b: Urshifu|67\/100|[from] item: Rocky Helmet|[of] p2a: \ud0a4\ud0a4\ub9c1\n|-crit|p2a: \ud0a4\ud0a4\ub9c1\n|-damage|p2a: \ud0a4\ud0a4\ub9c1|52\/100\n|-damage|p1b: Urshifu|50\/100|[from] item: Rocky Helmet|[of] p2a: \ud0a4\ud0a4\ub9c1\n|-hitcount|p2a: \ud0a4\ud0a4\ub9c1|3\n|move|p1a: Gholdengo|Nasty Plot|p1a: Gholdengo\n|-boost|p1a: Gholdengo|spa|2\n|\n|upkeep\n|turn|2\n|\n|t:|1700108999\n|-terastallize|p2a: \ud0a4\ud0a4\ub9c1|Fairy\n|move|p2b: \ud1a0\ub300\ubd80\uae30|Wide Guard|p2b: \ud1a0\ub300\ubd80\uae30\n|-singleturn|p2b: \ud1a0\ub300\ubd80\uae30|Wide Guard\n|move|p1b: Urshifu|Surging Strikes|p2b: \ud1a0\ub300\ubd80\uae30\n|-damage|p2b: \ud1a0\ub300\ubd80\uae30|89\/100\n|-damage|p2b: \ud1a0\ub300\ubd80\uae30|75\/100\n|-damage|p2b: \ud1a0\ub300\ubd80\uae30|63\/100\n|-hitcount|p2b: \ud1a0\ub300\ubd80\uae30|3\n|move|p1a: Gholdengo|Shadow Ball|p2b: \ud1a0\ub300\ubd80\uae30\n|-damage|p2b: \ud1a0\ub300\ubd80\uae30|0 fnt\n|faint|p2b: \ud1a0\ub300\ubd80\uae30\n|-damage|p1a: Gholdengo|91\/100|[from] item: Life Orb\n|move|p2a: \ud0a4\ud0a4\ub9c1|Trick Room|p2a: \ud0a4\ud0a4\ub9c1\n|-fieldstart|move: Trick Room|[of] p2a: \ud0a4\ud0a4\ub9c1\n|\n|upkeep\n|\n|t:|1700109013\n|switch|p2b: \ubbf8\ub044\ub798\uace4|Goodra-Hisui, L50, M|100\/100\n|turn|3\n|inactive|HeffNastyy has 30 seconds left.\n|\n|t:|1700109043\n|switch|p1b: Rillaboom|Rillaboom, L50, F|100\/100\n|-fieldstart|move: Grassy Terrain|[from] ability: Grassy Surge|[of] p1b: Rillaboom\n|move|p2b: \ubbf8\ub044\ub798\uace4|Draco Meteor|p1a: Gholdengo\n|-supereffective|p1a: Gholdengo\n|-damage|p1a: Gholdengo|0 fnt\n|-unboost|p2b: \ubbf8\ub044\ub798\uace4|spa|2\n|faint|p1a: Gholdengo\n|move|p2a: \ud0a4\ud0a4\ub9c1|Dazzling Gleam|p1b: Rillaboom\n|-damage|p1b: Rillaboom|68\/100\n|\n|-heal|p2a: \ud0a4\ud0a4\ub9c1|58\/100|[from] Grassy Terrain\n|-heal|p1b: Rillaboom|74\/100|[from] Grassy Terrain\n|upkeep\n|inactive|HeffNastyy has 30 seconds left.\n|\n|t:|1700109071\n|switch|p1a: Hydreigon|Hydreigon, L50, F|100\/100\n|turn|4\n|\n|t:|1700109084\n|move|p1b: Rillaboom|Protect|p1b: Rillaboom\n|-singleturn|p1b: Rillaboom|Protect\n|move|p2b: \ubbf8\ub044\ub798\uace4|Acid Spray|p1b: Rillaboom\n|-activate|p1b: Rillaboom|move: Protect\n|move|p2a: \ud0a4\ud0a4\ub9c1|Dazzling Gleam|p1a: Hydreigon|[spread] p1a\n|-activate|p1b: Rillaboom|move: Protect\n|-supereffective|p1a: Hydreigon\n|-damage|p1a: Hydreigon|45\/100\n|move|p1a: Hydreigon|Flash Cannon|p2a: \ud0a4\ud0a4\ub9c1\n|-supereffective|p2a: \ud0a4\ud0a4\ub9c1\n|-damage|p2a: \ud0a4\ud0a4\ub9c1|11\/100\n|\n|-heal|p2a: \ud0a4\ud0a4\ub9c1|17\/100|[from] Grassy Terrain\n|-heal|p1b: Rillaboom|80\/100|[from] Grassy Terrain\n|upkeep\n|turn|5\n|inactive|HeffNastyy has 30 seconds left.\n|\n|t:|1700109112\n|move|p2b: \ubbf8\ub044\ub798\uace4|Acid Spray|p1b: Rillaboom\n|-supereffective|p1b: Rillaboom\n|-damage|p1b: Rillaboom|69\/100\n|-unboost|p1b: Rillaboom|spd|2\n|move|p2a: \ud0a4\ud0a4\ub9c1|Dazzling Gleam|p1a: Hydreigon|[spread] p1a,p1b\n|-supereffective|p1a: Hydreigon\n|-damage|p1a: Hydreigon|0 fnt\n|-damage|p1b: Rillaboom|18\/100\n|faint|p1a: Hydreigon\n|move|p1b: Rillaboom|Wood Hammer|p2a: \ud0a4\ud0a4\ub9c1\n|-damage|p2a: \ud0a4\ud0a4\ub9c1|0 fnt\n|-damage|p1b: Rillaboom|1\/100|[from] item: Rocky Helmet|[of] p2a: \ud0a4\ud0a4\ub9c1\n|faint|p2a: \ud0a4\ud0a4\ub9c1\n|-damage|p1b: Rillaboom|0 fnt|[from] Recoil\n|faint|p1b: Rillaboom\n|\n|upkeep\n|\n|t:|1700109127\n|switch|p2a: \uc704\uc720\uc774|Chi-Yu, L50|100\/100\n|switch|p1b: Urshifu|Urshifu-Rapid-Strike, L50, F|50\/100\n|-ability|p2a: \uc704\uc720\uc774|Beads of Ruin\n|turn|6\n|\n|t:|1700109143\n|move|p1b: Urshifu|Aqua Jet|p2a: \uc704\uc720\uc774\n|-supereffective|p2a: \uc704\uc720\uc774\n|-damage|p2a: \uc704\uc720\uc774|24\/100\n|move|p2b: \ubbf8\ub044\ub798\uace4|Acid Spray|p1b: Urshifu\n|-damage|p1b: Urshifu|42\/100\n|-unboost|p1b: Urshifu|spd|2\n|move|p2a: \uc704\uc720\uc774|Overheat|p1b: Urshifu|[miss]\n|-miss|p2a: \uc704\uc720\uc774|p1b: Urshifu\n|\n|-heal|p1b: Urshifu|48\/100|[from] Grassy Terrain\n|-heal|p2a: \uc704\uc720\uc774|30\/100|[from] Grassy Terrain\n|-fieldend|move: Trick Room\n|upkeep\n|turn|7\n|\n|t:|1700109157\n|move|p1b: Urshifu|Aqua Jet|p2a: \uc704\uc720\uc774\n|-supereffective|p2a: \uc704\uc720\uc774\n|-damage|p2a: \uc704\uc720\uc774|0 fnt\n|faint|p2a: \uc704\uc720\uc774\n|move|p2b: \ubbf8\ub044\ub798\uace4|Draco Meteor|p1b: Urshifu\n|-damage|p1b: Urshifu|0 fnt\n|-unboost|p2b: \ubbf8\ub044\ub798\uace4|spa|2\n|faint|p1b: Urshifu\n|\n|win|dinokitae\n|raw|HeffNastyy's rating: 1514 &rarr; <strong>1496<\/strong><br \/>(-18 for losing)\n|raw|dinokitae's rating: 1541 &rarr; <strong>1559<\/strong><br \/>(+18 for winning)\n","uploadtime":1700109167,"views":17,"p1id":"heffnastyy","p2id":"dinokitae","formatid":"gen9vgc2023regulatione","rating":1496,"private":0,"password":""}