{"id":"gen9vgc2023regulatione-1990087660","p1":"mongoose1235","p2":"darrybest","format":"[Gen 9] VGC 2023 Regulation E","log":"|j|\u203dmongoose1235\n|j|\u2606darrybest\n|t:|1699923199\n|gametype|doubles\n|player|p1|mongoose1235|101|1046\n|player|p2|darrybest|102|1124\n|teamsize|p1|6\n|teamsize|p2|6\n|gen|9\n|tier|[Gen 9] VGC 2023 Regulation E\n|rated|\n|rule|Species Clause: Limit one of each Pok\u00e9mon\n|rule|Item Clause: Limit one of each item\n|clearpoke\n|poke|p1|Dragonite, L50, F|\n|poke|p1|Flutter Mane, L50|\n|poke|p1|Rillaboom, L50, M|\n|poke|p1|Arcanine-Hisui, L50, F|\n|poke|p1|Landorus-Therian, L50, M|\n|poke|p1|Kingambit, L50, M|\n|poke|p2|Dusclops, L50, F|\n|poke|p2|Amoonguss, L50, F|\n|poke|p2|Gothitelle, L50, F|\n|poke|p2|Torkoal, L50, M|\n|poke|p2|Wo-Chien, L50|\n|poke|p2|Gyarados, L50, M|\n|teampreview|4\n|\n|t:|1699923224\n|start\n|switch|p1a: Rillaboom|Rillaboom, L50, M|100\/100\n|switch|p1b: Arcanine|Arcanine-Hisui, L50, F|100\/100\n|switch|p2a: Wo-Chien|Wo-Chien, L50|100\/100\n|switch|p2b: Gothitelle|Gothitelle, L50, F|100\/100\n|-fieldstart|move: Grassy Terrain|[from] ability: Grassy Surge|[of] p1a: Rillaboom\n|-enditem|p1a: Rillaboom|Grassy Seed\n|-boost|p1a: Rillaboom|def|1|[from] item: Grassy Seed\n|-ability|p2a: Wo-Chien|Tablets of Ruin\n|turn|1\n|\n|t:|1699923276\n|switch|p2b: Gyarados|Gyarados, L50, M|100\/100\n|-ability|p2b: Gyarados|Intimidate|boost\n|-unboost|p1a: Rillaboom|atk|1\n|-unboost|p1b: Arcanine|atk|1\n|-terastallize|p2a: Wo-Chien|Electric\n|move|p1b: Arcanine|Will-O-Wisp|p2a: Wo-Chien|[miss]\n|-miss|p1b: Arcanine|p2a: Wo-Chien\n|move|p1a: Rillaboom|Knock Off|p2b: Gyarados\n|-damage|p2b: Gyarados|86\/100\n|-enditem|p2b: Gyarados|Leftovers|[from] move: Knock Off|[of] p1a: Rillaboom\n|move|p2a: Wo-Chien|Leech Seed|p1b: Arcanine\n|-start|p1b: Arcanine|move: Leech Seed\n|\n|-damage|p1b: Arcanine|88\/100|[from] Leech Seed|[of] p2a: Wo-Chien\n|upkeep\n|turn|2\n|\n|t:|1699923300\n|move|p2a: Wo-Chien|Protect|p2a: Wo-Chien\n|-singleturn|p2a: Wo-Chien|Protect\n|move|p1b: Arcanine|Head Smash|p2b: Gyarados\n|-supereffective|p2b: Gyarados\n|-damage|p2b: Gyarados|27\/100\n|move|p1a: Rillaboom|Knock Off|p2a: Wo-Chien\n|-activate|p2a: Wo-Chien|move: Protect\n|move|p2b: Gyarados|Thunder Wave|p1b: Arcanine\n|-status|p1b: Arcanine|par\n|\n|-heal|p1b: Arcanine|94\/100 par|[from] Grassy Terrain\n|-damage|p1b: Arcanine|82\/100 par|[from] Leech Seed|[of] p2a: Wo-Chien\n|upkeep\n|turn|3\n|\n|t:|1699923327\n|switch|p1b: Landorus|Landorus-Therian, L50, M|100\/100\n|-ability|p1b: Landorus|Intimidate|boost\n|-unboost|p2a: Wo-Chien|atk|1\n|-unboost|p2b: Gyarados|atk|1\n|move|p1a: Rillaboom|Knock Off|p2a: Wo-Chien\n|-damage|p2a: Wo-Chien|85\/100\n|-enditem|p2a: Wo-Chien|Big Root|[from] move: Knock Off|[of] p1a: Rillaboom\n|move|p2b: Gyarados|Thunder Wave|p1a: Rillaboom\n|-status|p1a: Rillaboom|par\n|move|p2a: Wo-Chien|Substitute|p2a: Wo-Chien\n|-start|p2a: Wo-Chien|Substitute\n|-damage|p2a: Wo-Chien|60\/100\n|\n|-heal|p2a: Wo-Chien|66\/100|[from] Grassy Terrain\n|upkeep\n|turn|4\n|\n|t:|1699923363\n|switch|p1a: Arcanine|Arcanine-Hisui, L50, F|82\/100 par\n|move|p1b: Landorus|U-turn|p2b: Gyarados\n|-resisted|p2b: Gyarados\n|-damage|p2b: Gyarados|19\/100\n|\n|t:|1699923368\n|switch|p1b: Rillaboom|Rillaboom, L50, M|100\/100 par|[from] U-turn\n|move|p2b: Gyarados|Whirlpool|p1b: Rillaboom\n|-resisted|p1b: Rillaboom\n|-damage|p1b: Rillaboom|95\/100 par\n|-activate|p1b: Rillaboom|move: Whirlpool|[of] p2b: Gyarados\n|move|p2a: Wo-Chien|Leech Seed|p1b: Rillaboom\n|-immune|p1b: Rillaboom\n|\n|-heal|p2a: Wo-Chien|72\/100|[from] Grassy Terrain\n|-heal|p1a: Arcanine|88\/100 par|[from] Grassy Terrain\n|-heal|p1b: Rillaboom|100\/100 par|[from] Grassy Terrain\n|-damage|p1b: Rillaboom|88\/100 par|[from] move: Whirlpool|[partiallytrapped]\n|upkeep\n|turn|5\n|\n|t:|1699923402\n|switch|p2b: Gothitelle|Gothitelle, L50, F|100\/100\n|move|p1b: Rillaboom|Grassy Glide|p2b: Gothitelle\n|-damage|p2b: Gothitelle|76\/100\n|move|p2a: Wo-Chien|Leech Seed|p1a: Arcanine\n|-start|p1a: Arcanine|move: Leech Seed\n|move|p1a: Arcanine|Will-O-Wisp|p2a: Wo-Chien|[miss]\n|-miss|p1a: Arcanine|p2a: Wo-Chien\n|\n|-heal|p2a: Wo-Chien|78\/100|[from] Grassy Terrain\n|-heal|p2b: Gothitelle|82\/100|[from] Grassy Terrain\n|-heal|p1a: Arcanine|93\/100 par|[from] Grassy Terrain\n|-heal|p1b: Rillaboom|94\/100 par|[from] Grassy Terrain\n|-damage|p1a: Arcanine|81\/100 par|[from] Leech Seed|[of] p2a: Wo-Chien\n|-heal|p2a: Wo-Chien|90\/100|[silent]\n|-end|p1b: Rillaboom|Whirlpool|[partiallytrapped]|[silent]\n|-fieldend|move: Grassy Terrain\n|upkeep\n|turn|6\n|\n|t:|1699923423\n|move|p2a: Wo-Chien|Ruination|p1b: Rillaboom\n|-damage|p1b: Rillaboom|47\/100 par\n|move|p2b: Gothitelle|Foul Play|p1b: Rillaboom\n|-damage|p1b: Rillaboom|19\/100 par\n|cant|p1a: Arcanine|par\n|cant|p1b: Rillaboom|par\n|\n|-damage|p1a: Arcanine|69\/100 par|[from] Leech Seed|[of] p2a: Wo-Chien\n|-heal|p2a: Wo-Chien|100\/100|[silent]\n|upkeep\n|turn|7\n|\n|t:|1699923439\n|move|p2a: Wo-Chien|Ruination|p1a: Arcanine\n|-damage|p1a: Arcanine|35\/100 par\n|move|p2b: Gothitelle|Foul Play|p1b: Rillaboom\n|-damage|p1b: Rillaboom|0 fnt\n|faint|p1b: Rillaboom\n|cant|p1a: Arcanine|par\n|\n|-damage|p1a: Arcanine|22\/100 par|[from] Leech Seed|[of] p2a: Wo-Chien\n|upkeep\n|\n|t:|1699923450\n|switch|p1b: Landorus|Landorus-Therian, L50, M|100\/100\n|-ability|p1b: Landorus|Intimidate|boost\n|-immune|p2a: Wo-Chien\n|-unboost|p2b: Gothitelle|atk|1\n|turn|8\n|\n|t:|1699923470\n|switch|p2b: Gyarados|Gyarados, L50, M|19\/100\n|-ability|p2b: Gyarados|Intimidate|boost\n|-unboost|p1a: Arcanine|atk|1\n|-unboost|p1b: Landorus|atk|1\n|move|p1b: Landorus|U-turn|p2b: Gyarados\n|-resisted|p2b: Gyarados\n|-damage|p2b: Gyarados|13\/100\n|\n|t:|1699923476\n|switch|p1b: Dragonite|Dragonite, L50, F|100\/100|[from] U-turn\n|move|p2a: Wo-Chien|Leech Seed|p1b: Dragonite\n|-start|p1b: Dragonite|move: Leech Seed\n|cant|p1a: Arcanine|par\n|\n|-damage|p1b: Dragonite|88\/100|[from] Leech Seed|[of] p2a: Wo-Chien\n|-damage|p1a: Arcanine|10\/100 par|[from] Leech Seed|[of] p2a: Wo-Chien\n|upkeep\n|turn|9\n|\n|t:|1699923503\n|switch|p2b: Gothitelle|Gothitelle, L50, F|82\/100\n|-terastallize|p1b: Dragonite|Normal\n|move|p1b: Dragonite|Extreme Speed|p2b: Gothitelle\n|-damage|p2b: Gothitelle|33\/100\n|-enditem|p2b: Gothitelle|Sitrus Berry|[eat]\n|-heal|p2b: Gothitelle|58\/100|[from] item: Sitrus Berry\n|move|p2a: Wo-Chien|Ruination|p1b: Dragonite\n|-damage|p1b: Dragonite|44\/100\n|move|p1a: Arcanine|Flare Blitz|p2a: Wo-Chien\n|-activate|p2a: Wo-Chien|move: Substitute|[damage]\n|\n|-damage|p1b: Dragonite|32\/100|[from] Leech Seed|[of] p2a: Wo-Chien\n|-damage|p1a: Arcanine|0 fnt|[from] Leech Seed|[of] p2a: Wo-Chien\n|faint|p1a: Arcanine\n|upkeep\n|\n|t:|1699923518\n|switch|p1a: Landorus|Landorus-Therian, L50, M|100\/100\n|-ability|p1a: Landorus|Intimidate|boost\n|-immune|p2a: Wo-Chien\n|-unboost|p2b: Gothitelle|atk|1\n|turn|10\n|\n|t:|1699923529\n|switch|p2b: Gyarados|Gyarados, L50, M|13\/100\n|-ability|p2b: Gyarados|Intimidate|boost\n|-unboost|p1a: Landorus|atk|1\n|-unboost|p1b: Dragonite|atk|1\n|move|p1b: Dragonite|Extreme Speed|p2a: Wo-Chien\n|-end|p2a: Wo-Chien|Substitute\n|move|p1a: Landorus|Stomping Tantrum|p2a: Wo-Chien\n|-supereffective|p2a: Wo-Chien\n|-damage|p2a: Wo-Chien|64\/100\n|move|p2a: Wo-Chien|Leech Seed|p1a: Landorus\n|-start|p1a: Landorus|move: Leech Seed\n|\n|-damage|p1a: Landorus|88\/100|[from] Leech Seed|[of] p2a: Wo-Chien\n|-heal|p2a: Wo-Chien|75\/100|[silent]\n|-damage|p1b: Dragonite|20\/100|[from] Leech Seed|[of] p2a: Wo-Chien\n|-heal|p2a: Wo-Chien|88\/100|[silent]\n|upkeep\n|turn|11\n|\n|t:|1699923542\n|switch|p2b: Dusclops|Dusclops, L50, F|100\/100\n|-item|p1a: Landorus|Choice Scarf|[from] ability: Frisk|[of] p2b: Dusclops|[identify]\n|-item|p1b: Dragonite|Choice Band|[from] ability: Frisk|[of] p2b: Dusclops|[identify]\n|move|p2a: Wo-Chien|Protect|p2a: Wo-Chien\n|-singleturn|p2a: Wo-Chien|Protect\n|move|p1b: Dragonite|Extreme Speed|p2b: Dusclops\n|-immune|p2b: Dusclops\n|move|p1a: Landorus|Stomping Tantrum|p2a: Wo-Chien\n|-activate|p2a: Wo-Chien|move: Protect\n|\n|-damage|p1a: Landorus|76\/100|[from] Leech Seed|[of] p2a: Wo-Chien\n|-heal|p2a: Wo-Chien|98\/100|[silent]\n|-damage|p1b: Dragonite|8\/100|[from] Leech Seed|[of] p2a: Wo-Chien\n|-heal|p2a: Wo-Chien|100\/100|[silent]\n|upkeep\n|turn|12\n|\n|t:|1699923557\n|switch|p2b: Gyarados|Gyarados, L50, M|13\/100\n|-ability|p2b: Gyarados|Intimidate|boost\n|-unboost|p1a: Landorus|atk|1\n|-unboost|p1b: Dragonite|atk|1\n|move|p1b: Dragonite|Extreme Speed|p2a: Wo-Chien\n|-damage|p2a: Wo-Chien|79\/100\n|move|p1a: Landorus|Stomping Tantrum|p2a: Wo-Chien\n|-supereffective|p2a: Wo-Chien\n|-damage|p2a: Wo-Chien|50\/100\n|move|p2a: Wo-Chien|Substitute|p2a: Wo-Chien\n|-start|p2a: Wo-Chien|Substitute\n|-damage|p2a: Wo-Chien|25\/100\n|\n|-damage|p1a: Landorus|64\/100|[from] Leech Seed|[of] p2a: Wo-Chien\n|-heal|p2a: Wo-Chien|36\/100|[silent]\n|-damage|p1b: Dragonite|0 fnt|[from] Leech Seed|[of] p2a: Wo-Chien\n|-heal|p2a: Wo-Chien|44\/100|[silent]\n|faint|p1b: Dragonite\n|upkeep\n|turn|13\n|-message|mongoose1235 forfeited.\n|\n|win|darrybest\n|raw|mongoose1235's rating: 1046 &rarr; <strong>1033<\/strong><br \/>(-13 for losing)\n|raw|darrybest's rating: 1124 &rarr; <strong>1143<\/strong><br \/>(+19 for winning)\n|l|\u203dmongoose1235\n","uploadtime":1699923578,"views":9,"p1id":"mongoose1235","p2id":"darrybest","formatid":"gen9vgc2023regulatione","rating":1033,"private":0,"password":""}