{"id":"gen9vgc2023regulatione-1989202256","p1":"Vaain","p2":"drake pregnant","format":"[Gen 9] VGC 2023 Regulation E","log":"|j|\u2606Vaain\n|j|\u2606drake pregnant\n|t:|1699822926\n|gametype|doubles\n|player|p1|Vaain|170|1126\n|player|p2|drake pregnant|marnie|1080\n|teamsize|p1|6\n|teamsize|p2|6\n|gen|9\n|tier|[Gen 9] VGC 2023 Regulation E\n|rated|\n|rule|Species Clause: Limit one of each Pok\u00e9mon\n|rule|Item Clause: Limit one of each item\n|clearpoke\n|poke|p1|Iron Hands, L50|\n|poke|p1|Roaring Moon, L50|\n|poke|p1|Iron Bundle, L50|\n|poke|p1|Arcanine-Hisui, L50, M|\n|poke|p1|Ninetales-Alola, L50, F|\n|poke|p1|Landorus-Therian, L50, M|\n|poke|p2|Iron Hands, L50|\n|poke|p2|Landorus-Therian, L50, M|\n|poke|p2|Ogerpon-Hearthflame, L50, F|\n|poke|p2|Chien-Pao, L50|\n|poke|p2|Flutter Mane, L50|\n|poke|p2|Regieleki, L50|\n|teampreview|4\n|inactive|Battle timer is ON: inactive players will automatically lose when time's up. (requested by drake pregnant)\ndrake pregnant has agreed to open team sheets.\n|\n|t:|1699822950\n|start\n|switch|p1a: Meowscles|Landorus-Therian, L50, M|100\/100\n|switch|p1b: Kuma|Ninetales-Alola, L50, F|100\/100\n|switch|p2a: Flutter Mane|Flutter Mane, L50|100\/100\n|switch|p2b: Regieleki|Regieleki, L50|100\/100\n|-ability|p1a: Meowscles|Intimidate|boost\n|-unboost|p2a: Flutter Mane|atk|1\n|-unboost|p2b: Regieleki|atk|1\n|-weather|Snow|[from] ability: Snow Warning|[of] p1b: Kuma\n|turn|1\n|inactive|drake pregnant has 30 seconds left.\n|\n|t:|1699822984\n|move|p2b: Regieleki|Tera Blast|p1a: Meowscles\n|-damage|p1a: Meowscles|70\/100\n|move|p1a: Meowscles|Stomping Tantrum|p2b: Regieleki\n|-supereffective|p2b: Regieleki\n|-enditem|p2b: Regieleki|Shuca Berry|[eat]\n|-enditem|p2b: Regieleki|Shuca Berry|[weaken]\n|-damage|p2b: Regieleki|23\/100\n|move|p2a: Flutter Mane|Moonblast|p1a: Meowscles\n|-damage|p1a: Meowscles|0 fnt\n|faint|p1a: Meowscles\n|-damage|p2a: Flutter Mane|90\/100|[from] item: Life Orb\n|move|p1b: Kuma|Aurora Veil|p1b: Kuma\n|-sidestart|p1: Vaain|move: Aurora Veil\n|\n|-weather|Snow|[upkeep]\n|upkeep\n|inactive|Vaain has 30 seconds left.\n|\n|t:|1699823012\n|switch|p1a: Rawring Moon|Roaring Moon, L50|100\/100\n|turn|2\n|\n|t:|1699823034\n|-terastallize|p1a: Rawring Moon|Steel\n|move|p2b: Regieleki|Electroweb|p1a: Rawring Moon|[spread] p1a,p1b\n|-damage|p1a: Rawring Moon|85\/100\n|-damage|p1b: Kuma|81\/100\n|-unboost|p1a: Rawring Moon|spe|1\n|-unboost|p1b: Kuma|spe|1\n|move|p2a: Flutter Mane|Dazzling Gleam|p1a: Rawring Moon|[spread] p1a,p1b\n|-resisted|p1a: Rawring Moon\n|-damage|p1a: Rawring Moon|72\/100\n|-damage|p1b: Kuma|45\/100\n|-damage|p2a: Flutter Mane|80\/100|[from] item: Life Orb\n|move|p1a: Rawring Moon|Iron Head|p2a: Flutter Mane\n|-supereffective|p2a: Flutter Mane\n|-damage|p2a: Flutter Mane|0 fnt\n|faint|p2a: Flutter Mane\n|-end|p2a: Flutter Mane|Protosynthesis|[silent]\n|-damage|p1a: Rawring Moon|62\/100|[from] item: Life Orb\n|move|p1b: Kuma|Blizzard|p2b: Regieleki\n|-damage|p2b: Regieleki|0 fnt\n|faint|p2b: Regieleki\n|\n|-weather|Snow|[upkeep]\n|upkeep\n|\n|t:|1699823050\n|switch|p2b: Iron Hands|Iron Hands, L50|100\/100\n|switch|p2a: Chien-Pao|Chien-Pao, L50|100\/100\n|-ability|p2a: Chien-Pao|Sword of Ruin\n|turn|3\n|\n|t:|1699823062\n|move|p1a: Rawring Moon|Protect|p1a: Rawring Moon\n|-singleturn|p1a: Rawring Moon|Protect\n|move|p1b: Kuma|Protect|p1b: Kuma\n|-singleturn|p1b: Kuma|Protect\n|move|p2b: Iron Hands|Fake Out|p1a: Rawring Moon\n|-activate|p1a: Rawring Moon|move: Protect\n|move|p2a: Chien-Pao|Sacred Sword|p1a: Rawring Moon\n|-activate|p1a: Rawring Moon|move: Protect\n|\n|-weather|Snow|[upkeep]\n|upkeep\n|turn|4\n|\n|t:|1699823073\n|move|p2a: Chien-Pao|Sacred Sword|p1a: Rawring Moon\n|-supereffective|p1a: Rawring Moon\n|-damage|p1a: Rawring Moon|0 fnt\n|faint|p1a: Rawring Moon\n|-end|p1a: Rawring Moon|Protosynthesis|[silent]\n|move|p1b: Kuma|Dazzling Gleam|p2b: Iron Hands|[spread] p2a,p2b\n|-supereffective|p2a: Chien-Pao\n|-supereffective|p2b: Iron Hands\n|-damage|p2a: Chien-Pao|20\/100\n|-damage|p2b: Iron Hands|74\/100\n|move|p2b: Iron Hands|Heavy Slam|p1b: Kuma\n|-supereffective|p1b: Kuma\n|-damage|p1b: Kuma|0 fnt\n|faint|p1b: Kuma\n|\n|-weather|Snow|[upkeep]\n|upkeep\n|\n|t:|1699823084\n|switch|p1b: Them Hands|Iron Hands, L50, shiny|100\/100\n|turn|5\n|inactive|drake pregnant has 30 seconds left.\n|\n|t:|1699823111\n|move|p1b: Them Hands|Fake Out|p2a: Chien-Pao\n|-damage|p2a: Chien-Pao|8\/100\n|cant|p2a: Chien-Pao|flinch\n|move|p2b: Iron Hands|Drain Punch|p1b: Them Hands\n|-damage|p1b: Them Hands|81\/100\n|-heal|p2b: Iron Hands|84\/100|[from] drain|[of] p1b: Them Hands\n|\n|-weather|none\n|upkeep\n|turn|6\n|\n|t:|1699823120\n|move|p2a: Chien-Pao|Crunch|p1b: Them Hands\n|-resisted|p1b: Them Hands\n|-damage|p1b: Them Hands|70\/100\n|move|p2b: Iron Hands|Drain Punch|p1b: Them Hands\n|-damage|p1b: Them Hands|48\/100\n|-heal|p2b: Iron Hands|94\/100|[from] drain|[of] p1b: Them Hands\n|move|p1b: Them Hands|Drain Punch|p2a: Chien-Pao\n|-supereffective|p2a: Chien-Pao\n|-damage|p2a: Chien-Pao|0 fnt\n|-heal|p1b: Them Hands|51\/100|[from] drain|[of] p2a: Chien-Pao\n|faint|p2a: Chien-Pao\n|\n|upkeep\n|turn|7\n|\n|t:|1699823133\n|move|p2b: Iron Hands|Drain Punch|p1b: Them Hands\n|-damage|p1b: Them Hands|34\/100\n|-heal|p2b: Iron Hands|100\/100|[from] drain|[of] p1b: Them Hands\n|move|p1b: Them Hands|Drain Punch|p2b: Iron Hands\n|-damage|p2b: Iron Hands|80\/100\n|-heal|p1b: Them Hands|45\/100|[from] drain|[of] p2b: Iron Hands\n|\n|upkeep\n|turn|8\n|\n|t:|1699823143\n|move|p2b: Iron Hands|Drain Punch|p1b: Them Hands\n|-damage|p1b: Them Hands|28\/100\n|-heal|p2b: Iron Hands|87\/100|[from] drain|[of] p1b: Them Hands\n|move|p1b: Them Hands|Drain Punch|p2b: Iron Hands\n|-damage|p2b: Iron Hands|64\/100\n|-heal|p1b: Them Hands|41\/100|[from] drain|[of] p2b: Iron Hands\n|\n|-sideend|p1: Vaain|move: Aurora Veil\n|upkeep\n|turn|9\n|\n|t:|1699823153\n|move|p2b: Iron Hands|Drain Punch|p1b: Them Hands\n|-damage|p1b: Them Hands|14\/100\n|-heal|p2b: Iron Hands|77\/100|[from] drain|[of] p1b: Them Hands\n|move|p1b: Them Hands|Drain Punch|p2b: Iron Hands\n|-crit|p2b: Iron Hands\n|-damage|p2b: Iron Hands|44\/100\n|-heal|p1b: Them Hands|33\/100|[from] drain|[of] p2b: Iron Hands\n|\n|upkeep\n|turn|10\n|\n|t:|1699823162\n|move|p2b: Iron Hands|Drain Punch|p1b: Them Hands\n|-damage|p1b: Them Hands|8\/100\n|-heal|p2b: Iron Hands|55\/100|[from] drain|[of] p1b: Them Hands\n|move|p1b: Them Hands|Drain Punch|p2b: Iron Hands\n|-damage|p2b: Iron Hands|33\/100\n|-heal|p1b: Them Hands|20\/100|[from] drain|[of] p2b: Iron Hands\n|\n|upkeep\n|turn|11\n|\n|t:|1699823175\n|move|p2b: Iron Hands|Drain Punch|p1b: Them Hands\n|-damage|p1b: Them Hands|0 fnt\n|-heal|p2b: Iron Hands|42\/100|[from] drain|[of] p1b: Them Hands\n|faint|p1b: Them Hands\n|-end|p1b: Them Hands|Quark Drive|[silent]\n|\n|win|drake pregnant\n|raw|Vaain's rating: 1126 &rarr; <strong>1098<\/strong><br \/>(-28 for losing)\n|raw|drake pregnant's rating: 1080 &rarr; <strong>1112<\/strong><br \/>(+32 for winning)\n|l|\u2606Vaain\n","uploadtime":1699823196,"views":22,"p1id":"vaain","p2id":"drakepregnant","formatid":"gen9vgc2023regulatione","rating":1098,"private":0,"password":""}