{"id":"gen9vgc2023regulatione-1995476445","p1":"QrdeJegoMac","p2":"jiegg123456","format":"[Gen 9] VGC 2023 Regulation E","log":"|j|\u2606QrdeJegoMac\n|j|\u2606jiegg123456\n|t:|1700575065\n|gametype|doubles\n|player|p1|QrdeJegoMac|266|1571\n|player|p2|jiegg123456|dawn|1570\n|teamsize|p1|6\n|teamsize|p2|6\n|gen|9\n|tier|[Gen 9] VGC 2023 Regulation E\n|rated|\n|rule|Species Clause: Limit one of each Pok\u00e9mon\n|rule|Item Clause: Limit one of each item\n|clearpoke\n|poke|p1|Chien-Pao, L50|\n|poke|p1|Arcanine-Hisui, L50, M|\n|poke|p1|Urshifu-*, L50, F|\n|poke|p1|Tornadus, L50, M|\n|poke|p1|Rillaboom, L50, M|\n|poke|p1|Flutter Mane, L50|\n|poke|p2|Heatran, L50, F|\n|poke|p2|Landorus-Therian, L50, M|\n|poke|p2|Grimmsnarl, L50, M|\n|poke|p2|Enamorus, L50, F|\n|poke|p2|Palafin, L50, F|\n|poke|p2|Ogerpon-Wellspring, L50, F|\n|teampreview|4\n|inactive|Battle timer is ON: inactive players will automatically lose when time's up. (requested by QrdeJegoMac)\n|\n|t:|1700575082\n|start\n|switch|p1a: Chien-Pao|Chien-Pao, L50|100\/100\n|switch|p1b: Rillaboom|Rillaboom, L50, M|100\/100\n|switch|p2a: Grimmsnarl|Grimmsnarl, L50, M, shiny|100\/100\n|switch|p2b: Palafin|Palafin, L50, F, shiny|100\/100\n|-ability|p1a: Chien-Pao|Sword of Ruin\n|-fieldstart|move: Grassy Terrain|[from] ability: Grassy Surge|[of] p1b: Rillaboom\n|turn|1\n|inactive|jiegg123456 has 30 seconds left.\n|inactive|QrdeJegoMac has 30 seconds left.\n|\n|t:|1700575121\n|detailschange|p2b: Palafin|Palafin-Hero, L50, F, shiny\n|switch|p2b: Ogerpon|Ogerpon-Wellspring, L50, F|100\/100\n|switch|p2a: Heatran|Heatran, L50, F, shiny|100\/100\n|-terastallize|p1a: Chien-Pao|Poison\n|move|p1b: Rillaboom|Fake Out|p2a: Heatran\n|-resisted|p2a: Heatran\n|-damage|p2a: Heatran|93\/100\n|move|p1a: Chien-Pao|Sacred Sword|p2b: Ogerpon\n|-damage|p2b: Ogerpon|54\/100\n|-damage|p1a: Chien-Pao|91\/100|[from] item: Life Orb\n|\n|-heal|p1a: Chien-Pao|97\/100|[from] Grassy Terrain\n|-heal|p2b: Ogerpon|60\/100|[from] Grassy Terrain\n|-heal|p2a: Heatran|99\/100|[from] Grassy Terrain\n|upkeep\n|turn|2\n|inactive|jiegg123456 has 30 seconds left.\n|inactive|jiegg123456 has 20 seconds left.\n|inactive|jiegg123456 has 15 seconds left.\n|inactive|jiegg123456 has 10 seconds left.\n|\n|t:|1700575170\n|switch|p1a: Arcanine|Arcanine-Hisui, L50, M|100\/100\n|-ability|p1a: Arcanine|Intimidate|boost\n|-unboost|p2a: Heatran|atk|1\n|-unboost|p2b: Ogerpon|atk|1\n|-terastallize|p2a: Heatran|Grass\n|move|p2b: Ogerpon|Leech Seed|p1a: Arcanine\n|-start|p1a: Arcanine|move: Leech Seed\n|move|p1b: Rillaboom|Wood Hammer|p2b: Ogerpon\n|-damage|p2b: Ogerpon|0 fnt\n|faint|p2b: Ogerpon\n|-damage|p1b: Rillaboom|83\/100|[from] Recoil\n|move|p2a: Heatran|Heat Wave|p1a: Arcanine|[spread] p1a,p1b\n|-resisted|p1a: Arcanine\n|-supereffective|p1b: Rillaboom\n|-damage|p1a: Arcanine|89\/100\n|-damage|p1b: Rillaboom|20\/100\n|\n|-heal|p1a: Arcanine|95\/100|[from] Grassy Terrain\n|-heal|p1b: Rillaboom|26\/100|[from] Grassy Terrain\n|-heal|p2a: Heatran|100\/100|[from] Grassy Terrain\n|upkeep\n|\n|t:|1700575192\n|switch|p2b: Grimmsnarl|Grimmsnarl, L50, M, shiny|100\/100\n|turn|3\n|\n|t:|1700575206\n|switch|p1a: Flutter Mane|Flutter Mane, L50|100\/100\n|-enditem|p1a: Flutter Mane|Booster Energy\n|-activate|p1a: Flutter Mane|ability: Protosynthesis|[fromitem]\n|-start|p1a: Flutter Mane|protosynthesisspe\n|move|p2b: Grimmsnarl|Reflect|p2b: Grimmsnarl\n|-sidestart|p2: jiegg123456|Reflect\n|move|p1b: Rillaboom|Wood Hammer|p2b: Grimmsnarl\n|-damage|p2b: Grimmsnarl|51\/100\n|-damage|p1b: Rillaboom|10\/100|[from] Recoil\n|move|p2a: Heatran|Heat Wave|p1a: Flutter Mane|[spread] p1b\n|-miss|p2a: Heatran|p1a: Flutter Mane\n|-supereffective|p1b: Rillaboom\n|-damage|p1b: Rillaboom|0 fnt\n|faint|p1b: Rillaboom\n|\n|-heal|p2b: Grimmsnarl|57\/100|[from] Grassy Terrain\n|upkeep\n|\n|t:|1700575211\n|switch|p1b: Chien-Pao|Chien-Pao, L50, tera:Poison|97\/100\n|-ability|p1b: Chien-Pao|Sword of Ruin\n|turn|4\n|\n|t:|1700575235\n|move|p2b: Grimmsnarl|Light Screen|p2b: Grimmsnarl\n|-sidestart|p2: jiegg123456|move: Light Screen\n|move|p1a: Flutter Mane|Dazzling Gleam|p2b: Grimmsnarl|[spread] p2a,p2b\n|-supereffective|p2b: Grimmsnarl\n|-damage|p2a: Heatran|84\/100\n|-damage|p2b: Grimmsnarl|17\/100\n|move|p1b: Chien-Pao|Icicle Crash|p2a: Heatran\n|-supereffective|p2a: Heatran\n|-damage|p2a: Heatran|0 fnt\n|faint|p2a: Heatran\n|-damage|p1b: Chien-Pao|87\/100|[from] item: Life Orb\n|\n|-heal|p1b: Chien-Pao|93\/100|[from] Grassy Terrain\n|-heal|p2b: Grimmsnarl|23\/100|[from] Grassy Terrain\n|upkeep\n|\n|t:|1700575249\n|switch|p2a: Palafin|Palafin-Hero, L50, F, shiny|100\/100\n|-activate|p2a: Palafin|ability: Zero to Hero\n|turn|5\n|\n|t:|1700575265\n|move|p1b: Chien-Pao|Sucker Punch|p2a: Palafin\n|-damage|p2a: Palafin|69\/100\n|-damage|p1b: Chien-Pao|84\/100|[from] item: Life Orb\n|move|p2a: Palafin|Jet Punch|p1b: Chien-Pao\n|-damage|p1b: Chien-Pao|40\/100\n|move|p1a: Flutter Mane|Dazzling Gleam|p2a: Palafin|[spread] p2a,p2b\n|-supereffective|p2b: Grimmsnarl\n|-damage|p2a: Palafin|58\/100\n|-damage|p2b: Grimmsnarl|0 fnt\n|faint|p2b: Grimmsnarl\n|\n|-heal|p1b: Chien-Pao|46\/100|[from] Grassy Terrain\n|-heal|p2a: Palafin|64\/100|[from] Grassy Terrain\n|-fieldend|move: Grassy Terrain\n|upkeep\n|turn|6\n|\n|t:|1700575287\n|move|p1b: Chien-Pao|Sucker Punch|p2a: Palafin\n|-damage|p2a: Palafin|34\/100\n|-damage|p1b: Chien-Pao|36\/100|[from] item: Life Orb\n|move|p2a: Palafin|Jet Punch|p1b: Chien-Pao\n|-damage|p1b: Chien-Pao|0 fnt\n|faint|p1b: Chien-Pao\n|move|p1a: Flutter Mane|Shadow Ball|p2a: Palafin\n|-damage|p2a: Palafin|18\/100\n|\n|upkeep\n|\n|t:|1700575292\n|switch|p1b: Arcanine|Arcanine-Hisui, L50, M|95\/100\n|-ability|p1b: Arcanine|Intimidate|boost\n|-unboost|p2a: Palafin|atk|1\n|turn|7\n|\n|t:|1700575302\n|move|p1b: Arcanine|Extreme Speed|p2a: Palafin\n|-damage|p2a: Palafin|0 fnt\n|faint|p2a: Palafin\n|\n|win|QrdeJegoMac\n|raw|QrdeJegoMac's rating: 1571 &rarr; <strong>1591<\/strong><br \/>(+20 for winning)\n|raw|jiegg123456's rating: 1570 &rarr; <strong>1550<\/strong><br \/>(-20 for losing)\n","uploadtime":1700575311,"views":6,"p1id":"qrdejegomac","p2id":"jiegg123456","formatid":"gen9vgc2023regulatione","rating":1550,"private":0,"password":""}