{"id":"gen9vgc2023regulatione-1992194407","p1":"TannerJosh","p2":"Mambae2","format":"[Gen 9] VGC 2023 Regulation E","log":"|j|\u2606TannerJosh\n|j|\u2606Mambae2\n|n|\u2606TannerJosh|tannerjosh\n|n|\u2606Mambae2|mambae2\n|html|View the match progress at <a href=\"\/game-bestof3-gen9vgc2023regulatione-1992189979\">game-bestof3-gen9vgc2023regulatione-1992189979<\/a>\n|t:|1700162816\n|gametype|doubles\n|player|p1|TannerJosh|koga|\n|player|p2|Mambae2|101|\n|teamsize|p1|6\n|teamsize|p2|6\n|gen|9\n|tier|[Gen 9] VGC 2023 Regulation E\n|rated|Tournament battle\n|rule|Species Clause: Limit one of each Pok\u00e9mon\n|rule|Item Clause: Limit one of each item\n|clearpoke\n|poke|p1|Snorlax, L50, F|\n|poke|p1|Sinistcha, L50|\n|poke|p1|Landorus-Therian, L50, M|\n|poke|p1|Iron Hands, L50|\n|poke|p1|Clefairy, L50, F|\n|poke|p1|Kommo-o, L50, F|\n|poke|p2|Gholdengo, L50|\n|poke|p2|Iron Hands, L50|\n|poke|p2|Amoonguss, L50, F|\n|poke|p2|Iron Bundle, L50|\n|poke|p2|Pelipper, L50, F|\n|poke|p2|Salamence, L50, F|\n|teampreview|4\n|showteam|p1|Snorlax||SitrusBerry|ThickFat|Protect,BellyDrum,Facade,HighHorsepower|||F|||50|,,,,,Water]Sinistcha||MentalHerb|Hospitality|MatchaGotcha,TrickRoom,RagePowder,StrengthSap||||||50|,,,,,Fire]Landorus-Therian||ChoiceScarf|Intimidate|Uturn,StompingTantrum,RockSlide,TeraBlast|||M|||50|,,,,,Flying]Iron Hands||AssaultVest|QuarkDrive|WildCharge,FakeOut,DrainPunch,HeavySlam||||||50|,,,,,Water]Clefairy||Eviolite|FriendGuard|FollowMe,HealPulse,Protect,HelpingHand|||F|||50|,,,,,Grass]Kommo-o||ThroatSpray|Bulletproof|ClangingScales,ClangorousSoul,Protect,FlashCannon|||F|||50|,,,,,Steel\n|showteam|p2|Gholdengo||Leftovers|GoodasGold|MakeItRain,NastyPlot,ShadowBall,Protect||||||50|,,,,,Dragon]Iron Hands||AssaultVest|QuarkDrive|FakeOut,HeavySlam,WildCharge,DrainPunch||||||50|,,,,,Water]Amoonguss||SitrusBerry|Regenerator|Spore,RagePowder,PollenPuff,Protect|||F|||50|,,,,,Water]Iron Bundle||BoosterEnergy|QuarkDrive|IcyWind,FreezeDry,HydroPump,Protect||||||50|,,,,,Ghost]Pelipper||FocusSash|Drizzle|Hurricane,WeatherBall,Protect,WideGuard|||F|||50|,,,,,Flying]Salamence||ChoiceScarf|Intimidate|Hurricane,DracoMeteor,Tailwind,AirSlash|||F|||50|,,,,,Flying\n|\n|t:|1700162843\n|start\n|switch|p1a: Kommo-o|Kommo-o, L50, F|100\/100\n|switch|p1b: Landorus|Landorus-Therian, L50, M, shiny|100\/100\n|switch|p2a: Gholdengo|Gholdengo, L50|100\/100\n|switch|p2b: Amoonguss|Amoonguss, L50, F|100\/100\n|-ability|p1b: Landorus|Intimidate|boost\n|-unboost|p2a: Gholdengo|atk|1\n|-unboost|p2b: Amoonguss|atk|1\n|turn|1\n|\n|t:|1700162889\n|move|p2b: Amoonguss|Rage Powder|p2b: Amoonguss\n|-singleturn|p2b: Amoonguss|move: Rage Powder\n|move|p1b: Landorus|U-turn|p2b: Amoonguss\n|-damage|p2b: Amoonguss|80\/100\n|\n|t:|1700162894\n|switch|p1b: Clefairy|Clefairy, L50, F, shiny|100\/100|[from] U-turn\n|move|p2a: Gholdengo|Nasty Plot|p2a: Gholdengo\n|-boost|p2a: Gholdengo|spa|2\n|move|p1a: Kommo-o|Clangorous Soul|p1a: Kommo-o\n|-boost|p1a: Kommo-o|atk|1\n|-boost|p1a: Kommo-o|def|1\n|-boost|p1a: Kommo-o|spa|1\n|-boost|p1a: Kommo-o|spd|1\n|-boost|p1a: Kommo-o|spe|1\n|-damage|p1a: Kommo-o|68\/100\n|-enditem|p1a: Kommo-o|Throat Spray\n|-boost|p1a: Kommo-o|spa|1|[from] item: Throat Spray\n|\n|upkeep\n|turn|2\n|\n|t:|1700162916\n|move|p1a: Kommo-o|Clanging Scales|p2b: Amoonguss|[spread] p2a,p2b\n|-resisted|p2a: Gholdengo\n|-damage|p2a: Gholdengo|61\/100\n|-damage|p2b: Amoonguss|18\/100\n|-enditem|p2b: Amoonguss|Sitrus Berry|[eat]\n|-heal|p2b: Amoonguss|43\/100|[from] item: Sitrus Berry\n|-unboost|p1a: Kommo-o|def|1\n|move|p2a: Gholdengo|Nasty Plot|p2a: Gholdengo\n|-boost|p2a: Gholdengo|spa|2\n|move|p1b: Clefairy|Heal Pulse|p1a: Kommo-o\n|-heal|p1a: Kommo-o|100\/100\n|move|p2b: Amoonguss|Spore|p1a: Kommo-o\n|-status|p1a: Kommo-o|slp|[from] move: Spore\n|\n|-heal|p2a: Gholdengo|67\/100|[from] item: Leftovers\n|upkeep\n|turn|3\n|\n|t:|1700162970\n|cant|p1a: Kommo-o|slp\n|move|p1b: Clefairy|Protect|p1b: Clefairy\n|-singleturn|p1b: Clefairy|Protect\n|move|p2a: Gholdengo|Shadow Ball|p1b: Clefairy\n|-activate|p1b: Clefairy|move: Protect\n|move|p2b: Amoonguss|Pollen Puff|p2a: Gholdengo\n|-heal|p2a: Gholdengo|100\/100\n|\n|upkeep\n|turn|4\n|\n|t:|1700163018\n|switch|p2b: Iron Hands|Iron Hands, L50|100\/100\n|-terastallize|p1a: Kommo-o|Steel\n|move|p1b: Clefairy|Follow Me|p1b: Clefairy\n|-singleturn|p1b: Clefairy|move: Follow Me\n|cant|p1a: Kommo-o|slp\n|move|p2a: Gholdengo|Make It Rain|p1b: Clefairy|[spread] p1a,p1b\n|-resisted|p1a: Kommo-o\n|-supereffective|p1b: Clefairy\n|-damage|p1a: Kommo-o|62\/100 slp\n|-damage|p1b: Clefairy|0 fnt\n|-unboost|p2a: Gholdengo|spa|1\n|faint|p1b: Clefairy\n|\n|upkeep\n|\n|t:|1700163040\n|switch|p1b: Landorus|Landorus-Therian, L50, M, shiny|100\/100\n|-ability|p1b: Landorus|Intimidate|boost\n|-unboost|p2a: Gholdengo|atk|1\n|-unboost|p2b: Iron Hands|atk|1\n|turn|5\n|\n|t:|1700163062\n|move|p2b: Iron Hands|Fake Out|p1b: Landorus\n|-damage|p1b: Landorus|88\/100\n|cant|p1b: Landorus|flinch\n|-curestatus|p1a: Kommo-o|slp|[msg]\n|move|p1a: Kommo-o|Clanging Scales|p2a: Gholdengo|[spread] p2a,p2b\n|-resisted|p2a: Gholdengo\n|-damage|p2a: Gholdengo|64\/100\n|-damage|p2b: Iron Hands|63\/100\n|-unboost|p1a: Kommo-o|def|1\n|move|p2a: Gholdengo|Shadow Ball|p1b: Landorus\n|-damage|p1b: Landorus|0 fnt\n|faint|p1b: Landorus\n|\n|-heal|p2a: Gholdengo|70\/100|[from] item: Leftovers\n|upkeep\n|\n|t:|1700163076\n|switch|p1b: Sinistcha|Sinistcha, L50|100\/100\n|-heal|p1a: Kommo-o|87\/100|[from] ability: Hospitality|[of] p1b: Sinistcha\n|turn|6\n|\n|t:|1700163103\n|-end|p2b: Iron Hands|Quark Drive|[silent]\n|switch|p2b: Amoonguss|Amoonguss, L50, F|76\/100\n|move|p1a: Kommo-o|Clanging Scales|p2b: Amoonguss|[spread] p2a,p2b\n|-resisted|p2a: Gholdengo\n|-damage|p2a: Gholdengo|36\/100\n|-damage|p2b: Amoonguss|6\/100\n|-unboost|p1a: Kommo-o|def|1\n|move|p2a: Gholdengo|Shadow Ball|p1b: Sinistcha\n|-supereffective|p1b: Sinistcha\n|-damage|p1b: Sinistcha|0 fnt\n|faint|p1b: Sinistcha\n|\n|-heal|p2a: Gholdengo|42\/100|[from] item: Leftovers\n|upkeep\n|turn|7\n|\n|t:|1700163123\n|move|p2a: Gholdengo|Protect|p2a: Gholdengo\n|-singleturn|p2a: Gholdengo|Protect\n|move|p1a: Kommo-o|Clanging Scales|p2a: Gholdengo|[spread] p2b\n|-activate|p2a: Gholdengo|move: Protect\n|-damage|p2b: Amoonguss|0 fnt\n|faint|p2b: Amoonguss\n|-unboost|p1a: Kommo-o|def|1\n|\n|-heal|p2a: Gholdengo|48\/100|[from] item: Leftovers\n|upkeep\n|\n|t:|1700163132\n|switch|p2b: Salamence|Salamence, L50, F|100\/100\n|-ability|p2b: Salamence|Intimidate|boost\n|-unboost|p1a: Kommo-o|atk|1\n|turn|8\n|\n|t:|1700163141\n|move|p2b: Salamence|Tailwind|p2b: Salamence\n|-sidestart|p2: Mambae2|move: Tailwind\n|move|p2a: Gholdengo|Make It Rain|p1a: Kommo-o\n|-resisted|p1a: Kommo-o\n|-damage|p1a: Kommo-o|27\/100\n|-unboost|p2a: Gholdengo|spa|1\n|move|p1a: Kommo-o|Clanging Scales|p2a: Gholdengo|[spread] p2a,p2b\n|-resisted|p2a: Gholdengo\n|-supereffective|p2b: Salamence\n|-damage|p2a: Gholdengo|9\/100\n|-damage|p2b: Salamence|0 fnt\n|faint|p2b: Salamence\n|-unboost|p1a: Kommo-o|def|1\n|\n|-heal|p2a: Gholdengo|15\/100|[from] item: Leftovers\n|upkeep\n|\n|t:|1700163148\n|switch|p2b: Iron Hands|Iron Hands, L50|63\/100\n|turn|9\n|\n|t:|1700163166\n|move|p1a: Kommo-o|Protect|p1a: Kommo-o\n|-singleturn|p1a: Kommo-o|Protect\n|move|p2b: Iron Hands|Fake Out|p1a: Kommo-o\n|-activate|p1a: Kommo-o|move: Protect\n|move|p2a: Gholdengo|Make It Rain|p1a: Kommo-o\n|-activate|p1a: Kommo-o|move: Protect\n|\n|-heal|p2a: Gholdengo|21\/100|[from] item: Leftovers\n|upkeep\n|turn|10\n|\n|t:|1700163180\n|move|p2a: Gholdengo|Make It Rain|p1a: Kommo-o\n|-resisted|p1a: Kommo-o\n|-damage|p1a: Kommo-o|0 fnt\n|-unboost|p2a: Gholdengo|spa|1\n|faint|p1a: Kommo-o\n|\n|win|Mambae2\n|c|\u2606TannerJosh|gg\n|c|\u2606Mambae2|gg\n","uploadtime":1700163235,"views":16,"p1id":"tannerjosh","p2id":"mambae2","formatid":"gen9vgc2023regulatione","rating":0,"private":0,"password":""}