{"id":"gen9vgc2023regulatione-1991770027","p1":"avogadrotoast","p2":"eru_kh","format":"[Gen 9] VGC 2023 Regulation E","log":"|j|\u2606avogadrotoast\n|j|\u2606eru_kh\n|t:|1700114132\n|gametype|doubles\n|player|p1|avogadrotoast|101|1474\n|player|p2|eru_kh|1|1537\n|teamsize|p1|6\n|teamsize|p2|6\n|gen|9\n|tier|[Gen 9] VGC 2023 Regulation E\n|rated|\n|rule|Species Clause: Limit one of each Pok\u00e9mon\n|rule|Item Clause: Limit one of each item\n|clearpoke\n|poke|p1|Dusclops, L50, F|\n|poke|p1|Ursaluna-Bloodmoon, L50, M|\n|poke|p1|Sylveon, L50, M|\n|poke|p1|Indeedee-F, L50, F|\n|poke|p1|Dondozo, L50, M|\n|poke|p1|Tatsugiri, L50, F|\n|poke|p2|Fezandipiti, L50, M|\n|poke|p2|Dondozo, L50, F|\n|poke|p2|Ogerpon-Wellspring, L50, F|\n|poke|p2|Heatran, L50, F|\n|poke|p2|Tatsugiri, L50, F|\n|poke|p2|Iron Hands, L50|\n|teampreview|4\n|\n|t:|1700114175\n|start\n|switch|p1a: nicki minaj|Dusclops, L50, F, shiny|100\/100\n|switch|p1b: grumpy|Ursaluna-Bloodmoon, L50, M|100\/100\n|switch|p2a: Fezandipiti|Fezandipiti, L50, M|100\/100\n|switch|p2b: Heatran|Heatran, L50, F|100\/100\n|-item|p2a: Fezandipiti|Sitrus Berry|[from] ability: Frisk|[of] p1a: nicki minaj|[identify]\n|-item|p2b: Heatran|Shuca Berry|[from] ability: Frisk|[of] p1a: nicki minaj|[identify]\n|turn|1\n|\n|t:|1700114190\n|move|p1b: grumpy|Protect|p1b: grumpy\n|-singleturn|p1b: grumpy|Protect\n|move|p2a: Fezandipiti|Dazzling Gleam|p1b: grumpy|[spread] p1a\n|-activate|p1b: grumpy|move: Protect\n|-damage|p1a: nicki minaj|90\/100\n|move|p2b: Heatran|Flash Cannon|p1a: nicki minaj\n|-damage|p1a: nicki minaj|67\/100\n|move|p1a: nicki minaj|Trick Room|p1a: nicki minaj\n|-fieldstart|move: Trick Room|[of] p1a: nicki minaj\n|\n|upkeep\n|turn|2\n|\n|t:|1700114206\n|-terastallize|p1b: grumpy|Normal\n|move|p2b: Heatran|Protect|p2b: Heatran\n|-singleturn|p2b: Heatran|Protect\n|move|p1a: nicki minaj|Brick Break|p1b: grumpy\n|-supereffective|p1b: grumpy\n|-damage|p1b: grumpy|86\/100\n|-enditem|p1b: grumpy|Weakness Policy\n|-boost|p1b: grumpy|atk|2|[from] item: Weakness Policy\n|-boost|p1b: grumpy|spa|2|[from] item: Weakness Policy\n|move|p1b: grumpy|Hyper Voice|p2b: Heatran|[spread] p2a\n|-activate|p2b: Heatran|move: Protect\n|-damage|p2a: Fezandipiti|20\/100\n|-enditem|p2a: Fezandipiti|Sitrus Berry|[eat]\n|-heal|p2a: Fezandipiti|45\/100|[from] item: Sitrus Berry\n|move|p2a: Fezandipiti|Dazzling Gleam|p1b: grumpy|[spread] p1a,p1b\n|-damage|p1a: nicki minaj|54\/100\n|-damage|p1b: grumpy|61\/100\n|-status|p1a: nicki minaj|tox|[from] ability: Toxic Chain|[of] p2a: Fezandipiti\n|\n|-damage|p1a: nicki minaj|48\/100 tox|[from] psn\n|upkeep\n|turn|3\n|\n|t:|1700114248\n|switch|p2b: Dondozo|Dondozo, L50, F|100\/100\n|move|p1a: nicki minaj|Night Shade|p2a: Fezandipiti\n|-damage|p2a: Fezandipiti|19\/100\n|move|p1b: grumpy|Blood Moon|p2b: Dondozo\n|-damage|p2b: Dondozo|22\/100\n|move|p2a: Fezandipiti|Sludge Bomb|p1b: grumpy\n|-damage|p1b: grumpy|22\/100\n|\n|-heal|p2b: Dondozo|29\/100|[from] item: Leftovers\n|-damage|p1a: nicki minaj|36\/100 tox|[from] psn\n|upkeep\n|turn|4\n|\n|t:|1700114276\n|move|p2b: Dondozo|Protect|p2b: Dondozo\n|-singleturn|p2b: Dondozo|Protect\n|move|p1a: nicki minaj|Will-O-Wisp|p2b: Dondozo\n|-activate|p2b: Dondozo|move: Protect\n|move|p1b: grumpy|Hyper Voice|p2b: Dondozo|[spread] p2a\n|-activate|p2b: Dondozo|move: Protect\n|-damage|p2a: Fezandipiti|0 fnt\n|faint|p2a: Fezandipiti\n|\n|-heal|p2b: Dondozo|35\/100|[from] item: Leftovers\n|-damage|p1a: nicki minaj|18\/100 tox|[from] psn\n|upkeep\n|\n|t:|1700114288\n|switch|p2a: Heatran|Heatran, L50, F|100\/100\n|turn|5\n|\n|t:|1700114304\n|switch|p2b: Tatsugiri|Tatsugiri, L50, F|100\/100\n|move|p1a: nicki minaj|Will-O-Wisp|p2b: Tatsugiri\n|-status|p2b: Tatsugiri|brn\n|move|p1b: grumpy|Earth Power|p2a: Heatran\n|-supereffective|p2a: Heatran\n|-enditem|p2a: Heatran|Shuca Berry|[eat]\n|-enditem|p2a: Heatran|Shuca Berry|[weaken]\n|-damage|p2a: Heatran|0 fnt\n|faint|p2a: Heatran\n|\n|-damage|p1a: nicki minaj|0 fnt|[from] psn\n|faint|p1a: nicki minaj\n|-damage|p2b: Tatsugiri|95\/100 brn|[from] brn\n|-fieldend|move: Trick Room\n|upkeep\n|\n|t:|1700114315\n|switch|p2a: Dondozo|Dondozo, L50, F|35\/100\n|switch|p1a: Dondozo|Dondozo, L50, M|100\/100\n|-activate|p2b: Tatsugiri|ability: Commander|[of] p2a: Dondozo\n|-boost|p2a: Dondozo|atk|2\n|-boost|p2a: Dondozo|spa|2\n|-boost|p2a: Dondozo|spe|2\n|-boost|p2a: Dondozo|def|2\n|-boost|p2a: Dondozo|spd|2\n|turn|6\n|\n|t:|1700114341\n|move|p1a: Dondozo|Protect|p1a: Dondozo\n|-singleturn|p1a: Dondozo|Protect\n|move|p2a: Dondozo|Earthquake|p1b: grumpy|[spread] p1b\n|-miss|p2a: Dondozo|p2b: Tatsugiri\n|-activate|p1a: Dondozo|move: Protect\n|-damage|p1b: grumpy|0 fnt\n|faint|p1b: grumpy\n|\n|-heal|p2a: Dondozo|41\/100|[from] item: Leftovers\n|-damage|p2b: Tatsugiri|89\/100 brn|[from] brn\n|upkeep\n|\n|t:|1700114347\n|switch|p1b: Tatsugiri|Tatsugiri, L50, F|100\/100\n|-activate|p1b: Tatsugiri|ability: Commander|[of] p1a: Dondozo\n|-boost|p1a: Dondozo|atk|2\n|-boost|p1a: Dondozo|spa|2\n|-boost|p1a: Dondozo|spe|2\n|-boost|p1a: Dondozo|def|2\n|-boost|p1a: Dondozo|spd|2\n|turn|7\n|\n|t:|1700114351\n|move|p2a: Dondozo|Protect|p2a: Dondozo\n|-singleturn|p2a: Dondozo|Protect\n|move|p1a: Dondozo|Order Up|p2a: Dondozo\n|-activate|p2a: Dondozo|move: Protect\n|\n|-heal|p2a: Dondozo|47\/100|[from] item: Leftovers\n|-damage|p2b: Tatsugiri|83\/100 brn|[from] brn\n|upkeep\n|turn|8\n|\n|t:|1700114356\n|move|p1a: Dondozo|Order Up|p2a: Dondozo\n|-damage|p2a: Dondozo|33\/100\n|-boost|p1a: Dondozo|atk|1\n|move|p2a: Dondozo|Order Up|p1a: Dondozo\n|-damage|p1a: Dondozo|87\/100\n|-boost|p2a: Dondozo|atk|1\n|\n|-heal|p1a: Dondozo|93\/100|[from] item: Leftovers\n|-heal|p2a: Dondozo|39\/100|[from] item: Leftovers\n|-damage|p2b: Tatsugiri|77\/100 brn|[from] brn\n|upkeep\n|turn|9\n|\n|t:|1700114364\n|move|p1a: Dondozo|Substitute|p1a: Dondozo\n|-start|p1a: Dondozo|Substitute\n|-damage|p1a: Dondozo|68\/100\n|move|p2a: Dondozo|Order Up|p1a: Dondozo\n|-activate|p1a: Dondozo|move: Substitute|[damage]\n|-boost|p2a: Dondozo|atk|1\n|\n|-heal|p1a: Dondozo|74\/100|[from] item: Leftovers\n|-heal|p2a: Dondozo|45\/100|[from] item: Leftovers\n|-damage|p2b: Tatsugiri|71\/100 brn|[from] brn\n|upkeep\n|turn|10\n|\n|t:|1700114374\n|move|p1a: Dondozo|Order Up|p2a: Dondozo\n|-damage|p2a: Dondozo|31\/100\n|-boost|p1a: Dondozo|atk|1\n|move|p2a: Dondozo|Order Up|p1a: Dondozo\n|-end|p1a: Dondozo|Substitute\n|-boost|p2a: Dondozo|atk|1\n|\n|-heal|p1a: Dondozo|80\/100|[from] item: Leftovers\n|-heal|p2a: Dondozo|37\/100|[from] item: Leftovers\n|-damage|p2b: Tatsugiri|65\/100 brn|[from] brn\n|upkeep\n|turn|11\n|j| 5Sscreen\n|c|\u2606avogadrotoast|great endgame\n|\n|t:|1700114387\n|move|p1a: Dondozo|Order Up|p2a: Dondozo\n|-damage|p2a: Dondozo|22\/100\n|-boost|p1a: Dondozo|atk|1\n|move|p2a: Dondozo|Order Up|p1a: Dondozo\n|-damage|p1a: Dondozo|66\/100\n|-boost|p2a: Dondozo|atk|1\n|\n|-heal|p1a: Dondozo|72\/100|[from] item: Leftovers\n|-heal|p2a: Dondozo|28\/100|[from] item: Leftovers\n|-damage|p2b: Tatsugiri|59\/100 brn|[from] brn\n|upkeep\n|turn|12\n|c|\u2606avogadrotoast|i hate dozo so fucking much\n|\n|t:|1700114403\n|move|p1a: Dondozo|Order Up|p2a: Dondozo\n|-damage|p2a: Dondozo|13\/100\n|-boost|p1a: Dondozo|atk|1\n|move|p2a: Dondozo|Order Up|p1a: Dondozo\n|-damage|p1a: Dondozo|59\/100\n|-boost|p2a: Dondozo|atk|0\n|\n|-heal|p1a: Dondozo|65\/100|[from] item: Leftovers\n|-heal|p2a: Dondozo|20\/100|[from] item: Leftovers\n|-damage|p2b: Tatsugiri|53\/100 brn|[from] brn\n|upkeep\n|turn|13\n|\n|t:|1700114420\n|move|p1a: Dondozo|Order Up|p2a: Dondozo\n|-damage|p2a: Dondozo|4\/100\n|-boost|p1a: Dondozo|atk|0\n|move|p2a: Dondozo|Order Up|p1a: Dondozo\n|-damage|p1a: Dondozo|51\/100\n|-boost|p2a: Dondozo|atk|0\n|\n|-heal|p1a: Dondozo|57\/100|[from] item: Leftovers\n|-heal|p2a: Dondozo|10\/100|[from] item: Leftovers\n|-damage|p2b: Tatsugiri|47\/100 brn|[from] brn\n|upkeep\n|turn|14\n|\n|t:|1700114430\n|move|p2a: Dondozo|Protect|p2a: Dondozo\n|-singleturn|p2a: Dondozo|Protect\n|move|p1a: Dondozo|Order Up|p2a: Dondozo\n|-activate|p2a: Dondozo|move: Protect\n|\n|-heal|p1a: Dondozo|63\/100|[from] item: Leftovers\n|-heal|p2a: Dondozo|17\/100|[from] item: Leftovers\n|-damage|p2b: Tatsugiri|41\/100 brn|[from] brn\n|upkeep\n|turn|15\n|\n|t:|1700114432\n|move|p1a: Dondozo|Order Up|p2a: Dondozo\n|-damage|p2a: Dondozo|0 fnt\n|faint|p2a: Dondozo\n|-boost|p1a: Dondozo|atk|0\n|\n|-heal|p1a: Dondozo|69\/100|[from] item: Leftovers\n|-damage|p2b: Tatsugiri|35\/100 brn|[from] brn\n|upkeep\n|turn|16\n|\n|t:|1700114437\n|move|p2b: Tatsugiri|Draco Meteor|p1a: Dondozo\n|-damage|p1a: Dondozo|41\/100\n|-unboost|p2b: Tatsugiri|spa|2\n|move|p1a: Dondozo|Order Up|p2b: Tatsugiri\n|-supereffective|p2b: Tatsugiri\n|-damage|p2b: Tatsugiri|0 fnt\n|faint|p2b: Tatsugiri\n|\n|win|avogadrotoast\n|raw|avogadrotoast's rating: 1474 &rarr; <strong>1498<\/strong><br \/>(+24 for winning)\n|raw|eru_kh's rating: 1537 &rarr; <strong>1513<\/strong><br \/>(-24 for losing)\n|l|\u2606eru_kh\n|c|\u2606avogadrotoast|ggs\n","uploadtime":1700114450,"views":29,"p1id":"avogadrotoast","p2id":"erukh","formatid":"gen9vgc2023regulatione","rating":1498,"private":0,"password":""}