{"id":"gen9vgc2023regulatione-1988543200","p1":"VGCErickdadude72","p2":"NobdyspecialVGC","format":"[Gen 9] VGC 2023 Regulation E","log":"|j|\u2606NobdyspecialVGC\n|n|\u2606NobdyspecialVGC|nobdyspecialvgc\n|html|View the match progress at <a href=\"\/game-bestof3-gen9vgc2023regulatione-1988540959\">game-bestof3-gen9vgc2023regulatione-1988540959<\/a>\n|t:|1699734251\n|gametype|doubles\n|player|p1|VGCErickdadude72|hilbert-wonderlauncher|\n|player|p2|NobdyspecialVGC|170|\n|teamsize|p1|6\n|teamsize|p2|6\n|gen|9\n|tier|[Gen 9] VGC 2023 Regulation E\n|rule|Species Clause: Limit one of each Pok\u00e9mon\n|rule|Item Clause: Limit one of each item\n|clearpoke\n|poke|p1|Clefairy, L50, F|\n|poke|p1|Sinistcha, L50|\n|poke|p1|Cetitan, L50, F|\n|poke|p1|Ogerpon-Hearthflame, L50, F|\n|poke|p1|Iron Hands, L50|\n|poke|p1|Ursaluna-Bloodmoon, L50, M|\n|poke|p2|Ogerpon-Wellspring, L50, F|\n|poke|p2|Chi-Yu, L50|\n|poke|p2|Ursaluna-Bloodmoon, L50, M|\n|poke|p2|Dusclops, L50, M|\n|poke|p2|Iron Hands, L50|\n|poke|p2|Landorus-Therian, L50, M|\n|teampreview|4\n|j|\u2606VGCErickdadude72\n|\n|t:|1699734405\n|start\n|switch|p1a: Cetitan|Cetitan, L50, F|100\/100\n|switch|p1b: Iron Hands|Iron Hands, L50|100\/100\n|switch|p2a: Demeteros|Landorus-Therian, L50, M, shiny|100\/100\n|switch|p2b: Eisenhand|Iron Hands, L50, shiny|100\/100\n|-ability|p2a: Demeteros|Intimidate|boost\n|-unboost|p1a: Cetitan|atk|1\n|-unboost|p1b: Iron Hands|atk|1\n|turn|1\n|\n|t:|1699734462\n|switch|p2a: Ogerpon|Ogerpon-Wellspring, L50, F|100\/100\n|-end|p1b: Iron Hands|Quark Drive|[silent]\n|switch|p1b: Sinistcha|Sinistcha, L50|100\/100\n|move|p1a: Cetitan|Belly Drum|p1a: Cetitan\n|-damage|p1a: Cetitan|50\/100\n|-setboost|p1a: Cetitan|atk|6|[from] move: Belly Drum\n|-enditem|p1a: Cetitan|Sitrus Berry|[eat]\n|-heal|p1a: Cetitan|75\/100|[from] item: Sitrus Berry\n|move|p2b: Eisenhand|Volt Switch|p1a: Cetitan\n|-damage|p1a: Cetitan|64\/100\n|\n|t:|1699734475\n|-end|p2b: Eisenhand|Quark Drive|[silent]\n|switch|p2b: Demeteros|Landorus-Therian, L50, M, shiny|100\/100|[from] Volt Switch\n|-ability|p2b: Demeteros|Intimidate|boost\n|-unboost|p1a: Cetitan|atk|1\n|-unboost|p1b: Sinistcha|atk|1\n|\n|upkeep\n|turn|2\n|\n|t:|1699734513\n|move|p1a: Cetitan|Ice Shard|p2b: Demeteros\n|-supereffective|p2b: Demeteros\n|-damage|p2b: Demeteros|0 fnt\n|faint|p2b: Demeteros\n|move|p2a: Ogerpon|Horn Leech|p1a: Cetitan\n|-damage|p1a: Cetitan|19\/100\n|move|p1b: Sinistcha|Strength Sap|p2a: Ogerpon\n|-unboost|p2a: Ogerpon|atk|1\n|\n|upkeep\n|\n|t:|1699734523\n|switch|p2b: Eisenhand|Iron Hands, L50, shiny|100\/100\n|turn|3\n|\n|t:|1699734542\n|move|p2a: Ogerpon|Spiky Shield|p2a: Ogerpon\n|-singleturn|p2a: Ogerpon|move: Protect\n|move|p2b: Eisenhand|Fake Out|p1a: Cetitan\n|-damage|p1a: Cetitan|3\/100\n|move|p1b: Sinistcha|Rage Powder|p1b: Sinistcha\n|-singleturn|p1b: Sinistcha|move: Rage Powder\n|cant|p1a: Cetitan|flinch\n|\n|upkeep\n|turn|4\n|\n|t:|1699734566\n|move|p1a: Cetitan|Ice Shard|p2a: Ogerpon\n|-damage|p2a: Ogerpon|35\/100\n|move|p2a: Ogerpon|Horn Leech|p1a: Cetitan\n|-damage|p1a: Cetitan|0 fnt\n|-heal|p2a: Ogerpon|36\/100|[from] drain|[of] p1a: Cetitan\n|faint|p1a: Cetitan\n|move|p2b: Eisenhand|Heavy Slam|p1b: Sinistcha\n|-damage|p1b: Sinistcha|47\/100\n|move|p1b: Sinistcha|Trick Room|p1b: Sinistcha\n|-fieldstart|move: Trick Room|[of] p1b: Sinistcha\n|\n|upkeep\n|inactive|Battle timer is ON: inactive players will automatically lose when time's up. (requested by NobdyspecialVGC)\n|\n|t:|1699734581\n|switch|p1a: Iron Hands|Iron Hands, L50|100\/100\n|turn|5\n|\n|t:|1699734600\n|-end|p2b: Eisenhand|Quark Drive|[silent]\n|switch|p2b: Yuyu|Chi-Yu, L50|100\/100\n|-ability|p2b: Yuyu|Beads of Ruin\n|move|p2a: Ogerpon|Spiky Shield|p2a: Ogerpon\n|-singleturn|p2a: Ogerpon|move: Protect\n|move|p1a: Iron Hands|Drain Punch|p2b: Yuyu\n|-supereffective|p2b: Yuyu\n|-damage|p2b: Yuyu|0 fnt\n|faint|p2b: Yuyu\n|move|p1b: Sinistcha|Matcha Gotcha|p2a: Ogerpon\n|-activate|p2a: Ogerpon|move: Protect\n|\n|upkeep\n|\n|t:|1699734610\n|switch|p2b: Eisenhand|Iron Hands, L50, shiny|100\/100\n|turn|6\n|\n|t:|1699734622\n|move|p2b: Eisenhand|Fake Out|p1a: Iron Hands\n|-damage|p1a: Iron Hands|89\/100\n|cant|p1a: Iron Hands|flinch\n|move|p1b: Sinistcha|Strength Sap|p2b: Eisenhand\n|-unboost|p2b: Eisenhand|atk|1\n|-heal|p1b: Sinistcha|100\/100\n|move|p2a: Ogerpon|Horn Leech|p1a: Iron Hands\n|-damage|p1a: Iron Hands|69\/100\n|-heal|p2a: Ogerpon|49\/100|[from] drain|[of] p1a: Iron Hands\n|\n|upkeep\n|turn|7\n|inactive|VGCErickdadude72 has 30 seconds left.\n|inactive|NobdyspecialVGC has 30 seconds left.\n|inactive|NobdyspecialVGC has 20 seconds left.\n|\n|t:|1699734661\n|-terastallize|p2b: Eisenhand|Fire\n|-terastallize|p1a: Iron Hands|Grass\n|move|p2b: Eisenhand|Heavy Slam|p1b: Sinistcha\n|-damage|p1b: Sinistcha|66\/100\n|move|p1a: Iron Hands|Drain Punch|p2b: Eisenhand\n|-damage|p2b: Eisenhand|67\/100\n|-heal|p1a: Iron Hands|86\/100|[from] drain|[of] p2b: Eisenhand\n|move|p1b: Sinistcha|Matcha Gotcha|p2b: Eisenhand|[spread] p2a,p2b\n|-resisted|p2b: Eisenhand\n|-damage|p2a: Ogerpon|16\/100\n|-heal|p1b: Sinistcha|87\/100|[from] drain|[of] p2a: Ogerpon\n|-damage|p2b: Eisenhand|58\/100\n|-heal|p1b: Sinistcha|94\/100|[from] drain|[of] p2b: Eisenhand\n|-heal|p1b: Sinistcha|100\/100|[from] item: Shell Bell|[of] p2b: Eisenhand\n|move|p2a: Ogerpon|Ivy Cudgel|p1a: Iron Hands\n|-resisted|p1a: Iron Hands\n|-damage|p1a: Iron Hands|73\/100\n|\n|upkeep\n|turn|8\n|\n|t:|1699734685\n|move|p2b: Eisenhand|Heavy Slam|p1b: Sinistcha\n|-damage|p1b: Sinistcha|64\/100\n|move|p1a: Iron Hands|Drain Punch|p2b: Eisenhand\n|-crit|p2b: Eisenhand\n|-damage|p2b: Eisenhand|9\/100\n|-heal|p1a: Iron Hands|98\/100|[from] drain|[of] p2b: Eisenhand\n|move|p1b: Sinistcha|Matcha Gotcha|p2a: Ogerpon|[spread] p2a,p2b\n|-resisted|p2b: Eisenhand\n|-damage|p2a: Ogerpon|0 fnt\n|-heal|p1b: Sinistcha|74\/100|[from] drain|[of] p2a: Ogerpon\n|-damage|p2b: Eisenhand|0 fnt\n|-heal|p1b: Sinistcha|80\/100|[from] drain|[of] p2b: Eisenhand\n|faint|p2a: Ogerpon\n|faint|p2b: Eisenhand\n|-end|p2b: Eisenhand|Quark Drive|[silent]\n|-heal|p1b: Sinistcha|84\/100|[from] item: Shell Bell|[of] p2: Eisenhand\n|\n|win|VGCErickdadude72\n","uploadtime":1699734698,"views":9,"p1id":"vgcerickdadude72","p2id":"nobdyspecialvgc","formatid":"gen9vgc2023regulatione","rating":0,"private":0,"password":""}