{"id":"gen9vgc2023regulatione-1990292081","p1":"kinglysquizz","p2":"rha1998","format":"[Gen 9] VGC 2023 Regulation E","log":"|j|\u2606kinglysquizz\n|j|\u2606rha1998\n|n|\u2606kinglysquizz|kinglysquizz\n|n|\u2606rha1998|rha1998\n|html|View the match progress at <a href=\"\/game-bestof3-gen9vgc2023regulatione-1990288310\">game-bestof3-gen9vgc2023regulatione-1990288310<\/a>\n|t:|1699951844\n|gametype|doubles\n|player|p1|kinglysquizz|265|\n|player|p2|rha1998|pokekid|\n|teamsize|p1|6\n|teamsize|p2|6\n|gen|9\n|tier|[Gen 9] VGC 2023 Regulation E\n|rule|Species Clause: Limit one of each Pok\u00e9mon\n|rule|Item Clause: Limit one of each item\n|clearpoke\n|poke|p1|Ogerpon-Hearthflame, L50, F|\n|poke|p1|Sinistcha, L50|\n|poke|p1|Fezandipiti, L50, M|\n|poke|p1|Thundurus, L50, M|\n|poke|p1|Kommo-o, L50, F|\n|poke|p1|Gyarados, L50, M|\n|poke|p2|Flutter Mane, L50|\n|poke|p2|Arcanine-Hisui, L50, F|\n|poke|p2|Roaring Moon, L50|\n|poke|p2|Ogerpon-Wellspring, L50, F|\n|poke|p2|Chien-Pao, L50|\n|poke|p2|Chi-Yu, L50|\n|teampreview|4\n|j| JamiWami\nrha1998 has agreed to open team sheets.\n|\n|t:|1699951878\n|start\n|switch|p1a: Kommo-o|Kommo-o, L50, F|100\/100\n|switch|p1b: Fezandipiti|Fezandipiti, L50, M|100\/100\n|switch|p2a: Chien-Pao|Chien-Pao, L50|100\/100\n|switch|p2b: Roaring Moon|Roaring Moon, L50|100\/100\n|-ability|p2a: Chien-Pao|Sword of Ruin\n|-enditem|p2b: Roaring Moon|Booster Energy\n|-activate|p2b: Roaring Moon|ability: Protosynthesis|[fromitem]\n|-start|p2b: Roaring Moon|protosynthesisatk\n|turn|1\n|inactive|Battle timer is ON: inactive players will automatically lose when time's up. (requested by rha1998)\n|\n|t:|1699951908\n|move|p1a: Kommo-o|Protect|p1a: Kommo-o\n|-singleturn|p1a: Kommo-o|Protect\n|move|p2a: Chien-Pao|Sacred Sword|p1a: Kommo-o\n|-activate|p1a: Kommo-o|move: Protect\n|move|p2b: Roaring Moon|Acrobatics|p1a: Kommo-o\n|-activate|p1a: Kommo-o|move: Protect\n|move|p1b: Fezandipiti|Icy Wind|p2b: Roaring Moon|[spread] p2b\n|-miss|p1b: Fezandipiti|p2a: Chien-Pao\n|-supereffective|p2b: Roaring Moon\n|-crit|p2b: Roaring Moon\n|-damage|p2b: Roaring Moon|73\/100\n|-unboost|p2b: Roaring Moon|spe|1\n|\n|upkeep\n|turn|2\n|inactive|kinglysquizz has 30 seconds left.\n|\n|t:|1699951937\n|move|p1a: Kommo-o|Vacuum Wave|p2b: Roaring Moon\n|-supereffective|p2b: Roaring Moon\n|-damage|p2b: Roaring Moon|41\/100\n|move|p2a: Chien-Pao|Sacred Sword|p1a: Kommo-o\n|-damage|p1a: Kommo-o|60\/100\n|move|p1b: Fezandipiti|Dazzling Gleam|p2a: Chien-Pao|[spread] p2a,p2b\n|-supereffective|p2a: Chien-Pao\n|-supereffective|p2b: Roaring Moon\n|-damage|p2a: Chien-Pao|19\/100\n|-damage|p2b: Roaring Moon|0 fnt\n|-status|p2a: Chien-Pao|tox|[from] ability: Toxic Chain|[of] p1b: Fezandipiti\n|faint|p2b: Roaring Moon\n|-end|p2b: Roaring Moon|Protosynthesis|[silent]\n|\n|-damage|p2a: Chien-Pao|13\/100 tox|[from] psn\n|upkeep\n|\n|t:|1699951949\n|switch|p2b: Flutter Mane|Flutter Mane, L50|100\/100\n|turn|3\n|\n|t:|1699951968\n|move|p1a: Kommo-o|Protect|p1a: Kommo-o\n|-singleturn|p1a: Kommo-o|Protect\n|move|p2a: Chien-Pao|Icicle Crash|p1b: Fezandipiti\n|-damage|p1b: Fezandipiti|24\/100\n|move|p2b: Flutter Mane|Dazzling Gleam|p1b: Fezandipiti|[spread] p1b\n|-activate|p1a: Kommo-o|move: Protect\n|-resisted|p1b: Fezandipiti\n|-damage|p1b: Fezandipiti|12\/100\n|move|p1b: Fezandipiti|Icy Wind|p2b: Flutter Mane|[spread] p2a,p2b\n|-resisted|p2a: Chien-Pao\n|-damage|p2a: Chien-Pao|4\/100 tox\n|-damage|p2b: Flutter Mane|91\/100\n|-unboost|p2a: Chien-Pao|spe|1\n|-unboost|p2b: Flutter Mane|spe|1\n|\n|-damage|p2a: Chien-Pao|0 fnt|[from] psn\n|faint|p2a: Chien-Pao\n|upkeep\n|\n|t:|1699951984\n|switch|p2a: Arcanine|Arcanine-Hisui, L50, F|100\/100\n|-ability|p2a: Arcanine|Intimidate|boost\n|-unboost|p1a: Kommo-o|atk|1\n|-unboost|p1b: Fezandipiti|atk|1\n|turn|4\n|\n|t:|1699952004\n|switch|p1b: Sinistcha|Sinistcha, L50|100\/100\n|-heal|p1a: Kommo-o|85\/100|[from] ability: Hospitality|[of] p1b: Sinistcha\n|-terastallize|p1a: Kommo-o|Steel\n|move|p2a: Arcanine|Rock Slide|p1b: Sinistcha|[spread] p1a,p1b\n|-resisted|p1a: Kommo-o\n|-damage|p1a: Kommo-o|75\/100\n|-damage|p1b: Sinistcha|85\/100\n|move|p1a: Kommo-o|Clangorous Soul|p1a: Kommo-o\n|-boost|p1a: Kommo-o|atk|1\n|-boost|p1a: Kommo-o|def|1\n|-boost|p1a: Kommo-o|spa|1\n|-boost|p1a: Kommo-o|spd|1\n|-boost|p1a: Kommo-o|spe|1\n|-damage|p1a: Kommo-o|42\/100\n|-enditem|p1a: Kommo-o|Throat Spray\n|-boost|p1a: Kommo-o|spa|1|[from] item: Throat Spray\n|move|p2b: Flutter Mane|Dazzling Gleam|p1b: Sinistcha|[spread] p1a,p1b\n|-resisted|p1a: Kommo-o\n|-damage|p1a: Kommo-o|23\/100\n|-damage|p1b: Sinistcha|27\/100\n|-enditem|p1b: Sinistcha|Sitrus Berry|[eat]\n|-heal|p1b: Sinistcha|52\/100|[from] item: Sitrus Berry\n|\n|upkeep\n|turn|5\n|inactive|kinglysquizz has 30 seconds left.\n|inactive|rha1998 has 30 seconds left.\n|inactive|kinglysquizz has 20 seconds left.\n|inactive|rha1998 has 20 seconds left.\n|\n|t:|1699952043\n|switch|p1b: Fezandipiti|Fezandipiti, L50, M|12\/100\n|-terastallize|p2a: Arcanine|Grass\n|move|p1a: Kommo-o|Protect|p1a: Kommo-o\n|-singleturn|p1a: Kommo-o|Protect\n|move|p2a: Arcanine|Flare Blitz|p1a: Kommo-o\n|-activate|p1a: Kommo-o|move: Protect\n|move|p2b: Flutter Mane|Dazzling Gleam|p1b: Fezandipiti|[spread] p1b\n|-activate|p1a: Kommo-o|move: Protect\n|-resisted|p1b: Fezandipiti\n|-damage|p1b: Fezandipiti|0 fnt\n|faint|p1b: Fezandipiti\n|\n|upkeep\n|\n|t:|1699952055\n|switch|p1b: Sinistcha|Sinistcha, L50|52\/100\n|-heal|p1a: Kommo-o|48\/100|[from] ability: Hospitality|[of] p1b: Sinistcha\n|turn|6\n|\n|t:|1699952069\n|move|p1a: Kommo-o|Clanging Scales|p2b: Flutter Mane|[spread] p2a\n|-immune|p2b: Flutter Mane\n|-damage|p2a: Arcanine|13\/100\n|-enditem|p2a: Arcanine|Sitrus Berry|[eat]\n|-heal|p2a: Arcanine|38\/100|[from] item: Sitrus Berry\n|-unboost|p1a: Kommo-o|def|1\n|move|p2a: Arcanine|Flare Blitz|p1a: Kommo-o\n|-supereffective|p1a: Kommo-o\n|-damage|p1a: Kommo-o|0 fnt\n|faint|p1a: Kommo-o\n|-damage|p2a: Arcanine|25\/100|[from] Recoil\n|move|p2b: Flutter Mane|Dazzling Gleam|p1b: Sinistcha\n|-damage|p1b: Sinistcha|0 fnt\n|faint|p1b: Sinistcha\n|\n|upkeep\n|\n|t:|1699952086\n|switch|p1a: Ogerpon|Ogerpon-Hearthflame, L50, F|100\/100\n|-ability|p1a: Ogerpon|Mold Breaker\n|turn|7\n|\n|t:|1699952107\n|move|p1a: Ogerpon|Spiky Shield|p1a: Ogerpon\n|-singleturn|p1a: Ogerpon|move: Protect\n|move|p2a: Arcanine|Rock Slide|p1a: Ogerpon\n|-activate|p1a: Ogerpon|move: Protect\n|move|p2b: Flutter Mane|Dazzling Gleam|p1a: Ogerpon\n|-activate|p1a: Ogerpon|move: Protect\n|\n|upkeep\n|turn|8\n|\n|t:|1699952127\n|move|p2a: Arcanine|Extreme Speed|p1a: Ogerpon\n|-damage|p1a: Ogerpon|73\/100\n|move|p1a: Ogerpon|Ivy Cudgel|p2b: Flutter Mane\n|-damage|p2b: Flutter Mane|0 fnt\n|faint|p2b: Flutter Mane\n|-end|p2b: Flutter Mane|Protosynthesis|[silent]\n|\n|upkeep\n|turn|9\n|\n|t:|1699952139\n|move|p1a: Ogerpon|Spiky Shield|p1a: Ogerpon\n|-singleturn|p1a: Ogerpon|move: Protect\n|move|p2a: Arcanine|Extreme Speed|p1a: Ogerpon\n|-activate|p1a: Ogerpon|move: Protect\n|-damage|p2a: Arcanine|13\/100|[from] Spiky Shield|[of] p1a: Ogerpon\n|\n|upkeep\n|turn|10\n|\n|t:|1699952149\n|move|p2a: Arcanine|Extreme Speed|p1a: Ogerpon\n|-damage|p1a: Ogerpon|43\/100\n|move|p1a: Ogerpon|Ivy Cudgel|p2a: Arcanine\n|-supereffective|p2a: Arcanine\n|-damage|p2a: Arcanine|0 fnt\n|faint|p2a: Arcanine\n|\n|win|kinglysquizz\n|player|p1|kinglysquizz|265\n","uploadtime":1699952237,"views":16,"p1id":"kinglysquizz","p2id":"rha1998","formatid":"gen9vgc2023regulatione","rating":0,"private":0,"password":""}