{"id":"gen9vgc2023regulatione-1988775784","p1":"Vengeful potato","p2":"qwertyslopmcflop","format":"[Gen 9] VGC 2023 Regulation E","log":"|j|\u2606Vengeful potato\n|j|\u2606qwertyslopmcflop\n|t:|1699761588\n|gametype|doubles\n|player|p1|Vengeful potato|swimmer|1610\n|player|p2|qwertyslopmcflop|li|1682\n|teamsize|p1|6\n|teamsize|p2|6\n|gen|9\n|tier|[Gen 9] VGC 2023 Regulation E\n|rated|\n|rule|Species Clause: Limit one of each Pok\u00e9mon\n|rule|Item Clause: Limit one of each item\n|clearpoke\n|poke|p1|Articuno-Galar, L50|\n|poke|p1|Maushold, L50|\n|poke|p1|Urshifu-*, L50, F|\n|poke|p1|Sinistcha-Masterpiece, L50|\n|poke|p1|Heatran, L50, F|\n|poke|p1|Regidrago, L50|\n|poke|p2|Tornadus, L50, M|\n|poke|p2|Urshifu-*, L50, M|\n|poke|p2|Iron Hands, L50|\n|poke|p2|Farigiraf, L50, F|\n|poke|p2|Chien-Pao, L50|\n|poke|p2|Decidueye-Hisui, L50, F|\n|teampreview|4\n|inactive|Battle timer is ON: inactive players will automatically lose when time's up. (requested by qwertyslopmcflop)\n|inactive|Vengeful potato has 60 seconds left.\n|inactive|Vengeful potato has 30 seconds left.\n|inactive|Vengeful potato has 20 seconds left.\n|\n|t:|1699761664\n|start\n|switch|p1a: The Rizzler\ud83d\ude31\ud83d\udcaf\ud83d\udde3\ufe0f|Articuno-Galar, L50, shiny|100\/100\n|switch|p1b: Despereaux|Maushold, L50, shiny|100\/100\n|switch|p2a: Tornadus|Tornadus, L50, M|100\/100\n|switch|p2b: Urshifu|Urshifu-Rapid-Strike, L50, M|100\/100\n|turn|1\n|\n|t:|1699761688\n|move|p2b: Urshifu|Detect|p2b: Urshifu\n|-singleturn|p2b: Urshifu|Protect\n|move|p1b: Despereaux|Follow Me|p1b: Despereaux\n|-singleturn|p1b: Despereaux|move: Follow Me\n|move|p2a: Tornadus|Tailwind|p2a: Tornadus\n|-sidestart|p2: qwertyslopmcflop|move: Tailwind\n|move|p1a: The Rizzler\ud83d\ude31\ud83d\udcaf\ud83d\udde3\ufe0f|Trick Room|p1a: The Rizzler\ud83d\ude31\ud83d\udcaf\ud83d\udde3\ufe0f\n|-fieldstart|move: Trick Room|[of] p1a: The Rizzler\ud83d\ude31\ud83d\udcaf\ud83d\udde3\ufe0f\n|\n|upkeep\n|turn|2\n|\n|t:|1699761704\n|-terastallize|p2b: Urshifu|Water\n|move|p1a: The Rizzler\ud83d\ude31\ud83d\udcaf\ud83d\udde3\ufe0f|Freezing Glare|p2b: Urshifu\n|-damage|p2b: Urshifu|34\/100\n|move|p1b: Despereaux|Super Fang|p2a: Tornadus\n|-damage|p2a: Tornadus|50\/100\n|-damage|p1b: Despereaux|84\/100|[from] item: Rocky Helmet|[of] p2a: Tornadus\n|move|p2a: Tornadus|Bleakwind Storm|p1a: The Rizzler\ud83d\ude31\ud83d\udcaf\ud83d\udde3\ufe0f|[spread] p1a,p1b\n|-damage|p1a: The Rizzler\ud83d\ude31\ud83d\udcaf\ud83d\udde3\ufe0f|81\/100\n|-damage|p1b: Despereaux|47\/100\n|move|p2b: Urshifu|Surging Strikes|p1a: The Rizzler\ud83d\ude31\ud83d\udcaf\ud83d\udde3\ufe0f\n|-crit|p1a: The Rizzler\ud83d\ude31\ud83d\udcaf\ud83d\udde3\ufe0f\n|-damage|p1a: The Rizzler\ud83d\ude31\ud83d\udcaf\ud83d\udde3\ufe0f|59\/100\n|-crit|p1a: The Rizzler\ud83d\ude31\ud83d\udcaf\ud83d\udde3\ufe0f\n|-damage|p1a: The Rizzler\ud83d\ude31\ud83d\udcaf\ud83d\udde3\ufe0f|35\/100\n|-crit|p1a: The Rizzler\ud83d\ude31\ud83d\udcaf\ud83d\udde3\ufe0f\n|-damage|p1a: The Rizzler\ud83d\ude31\ud83d\udcaf\ud83d\udde3\ufe0f|11\/100\n|-hitcount|p1a: The Rizzler\ud83d\ude31\ud83d\udcaf\ud83d\udde3\ufe0f|3\n|\n|upkeep\n|turn|3\n|j| JunetheOtter\n|\n|t:|1699761725\n|move|p2b: Urshifu|Detect|p2b: Urshifu\n|-singleturn|p2b: Urshifu|Protect\n|move|p1b: Despereaux|Follow Me|p1b: Despereaux\n|-singleturn|p1b: Despereaux|move: Follow Me\n|move|p1a: The Rizzler\ud83d\ude31\ud83d\udcaf\ud83d\udde3\ufe0f|Freezing Glare|p2a: Tornadus\n|-damage|p2a: Tornadus|9\/100\n|move|p2a: Tornadus|Bleakwind Storm|p1b: Despereaux|[spread] p1a,p1b\n|-damage|p1a: The Rizzler\ud83d\ude31\ud83d\udcaf\ud83d\udde3\ufe0f|0 fnt\n|-damage|p1b: Despereaux|8\/100\n|faint|p1a: The Rizzler\ud83d\ude31\ud83d\udcaf\ud83d\udde3\ufe0f\n|\n|upkeep\n|\n|t:|1699761735\n|switch|p1a: Notorious T.E.A.|Sinistcha-Masterpiece, L50|100\/100\n|-heal|p1b: Despereaux|33\/100|[from] ability: Hospitality|[of] p1a: Notorious T.E.A.\n|turn|4\n|\n|t:|1699761744\n|move|p2b: Urshifu|Aqua Jet|p1b: Despereaux\n|-damage|p1b: Despereaux|0 fnt\n|-damage|p2b: Urshifu|17\/100|[from] item: Rocky Helmet|[of] p1b: Despereaux\n|faint|p1b: Despereaux\n|move|p1a: Notorious T.E.A.|Matcha Gotcha|p2b: Urshifu|[spread] p2a,p2b\n|-resisted|p2a: Tornadus\n|-supereffective|p2b: Urshifu\n|-damage|p2a: Tornadus|0 fnt\n|-damage|p2b: Urshifu|0 fnt\n|faint|p2a: Tornadus\n|faint|p2b: Urshifu\n|\n|-sideend|p2: qwertyslopmcflop|move: Tailwind\n|upkeep\n|\n|t:|1699761755\n|switch|p1b: THE DRAGON BALL\ud83e\udd76|Regidrago, L50, shiny|100\/100\n|switch|p2a: Iron Hands|Iron Hands, L50|100\/100\n|switch|p2b: Chien-Pao|Chien-Pao, L50|100\/100\n|-ability|p2b: Chien-Pao|Sword of Ruin\n|turn|5\n|\n|t:|1699761776\n|-terastallize|p1a: Notorious T.E.A.|Water\n|move|p1b: THE DRAGON BALL\ud83e\udd76|Protect|p1b: THE DRAGON BALL\ud83e\udd76\n|-singleturn|p1b: THE DRAGON BALL\ud83e\udd76|Protect\n|move|p2b: Chien-Pao|Protect|p2b: Chien-Pao\n|-singleturn|p2b: Chien-Pao|Protect\n|move|p2a: Iron Hands|Fake Out|p1b: THE DRAGON BALL\ud83e\udd76\n|-activate|p1b: THE DRAGON BALL\ud83e\udd76|move: Protect\n|move|p1a: Notorious T.E.A.|Matcha Gotcha|p2a: Iron Hands|[spread] p2a\n|-activate|p2b: Chien-Pao|move: Protect\n|-crit|p2a: Iron Hands\n|-damage|p2a: Iron Hands|75\/100\n|-status|p2a: Iron Hands|brn\n|\n|-damage|p2a: Iron Hands|69\/100 brn|[from] brn\n|-fieldend|move: Trick Room\n|upkeep\n|turn|6\n|j| White653\n|\n|t:|1699761793\n|move|p1a: Notorious T.E.A.|Rage Powder|p1a: Notorious T.E.A.\n|-singleturn|p1a: Notorious T.E.A.|move: Rage Powder\n|move|p2b: Chien-Pao|Ice Spinner|p1a: Notorious T.E.A.\n|-resisted|p1a: Notorious T.E.A.\n|-damage|p1a: Notorious T.E.A.|73\/100\n|move|p1b: THE DRAGON BALL\ud83e\udd76|Dragon Energy|p2a: Iron Hands|[spread] p2a,p2b\n|-damage|p2a: Iron Hands|14\/100 brn\n|-enditem|p2b: Chien-Pao|Focus Sash\n|-damage|p2b: Chien-Pao|1\/100\n|move|p2a: Iron Hands|Wild Charge|p1a: Notorious T.E.A.\n|-supereffective|p1a: Notorious T.E.A.\n|-damage|p1a: Notorious T.E.A.|2\/100\n|-damage|p2a: Iron Hands|2\/100 brn|[from] Recoil\n|\n|-damage|p2a: Iron Hands|0 fnt|[from] brn\n|faint|p2a: Iron Hands\n|-end|p2a: Iron Hands|Quark Drive|[silent]\n|upkeep\n|turn|7\n|\n|t:|1699761810\n|move|p2b: Chien-Pao|Ice Spinner|p1b: THE DRAGON BALL\ud83e\udd76\n|-supereffective|p1b: THE DRAGON BALL\ud83e\udd76\n|-damage|p1b: THE DRAGON BALL\ud83e\udd76|1\/100\n|move|p1a: Notorious T.E.A.|Scald|p2b: Chien-Pao\n|-damage|p2b: Chien-Pao|0 fnt\n|faint|p2b: Chien-Pao\n|-heal|p1a: Notorious T.E.A.|2\/100|[from] item: Shell Bell|[of] p2: Chien-Pao\n|\n|win|Vengeful potato\n|raw|Vengeful potato's rating: 1610 &rarr; <strong>1634<\/strong><br \/>(+24 for winning)\n|raw|qwertyslopmcflop's rating: 1682 &rarr; <strong>1658<\/strong><br \/>(-24 for losing)\n|l|\u2606qwertyslopmcflop\n|c|\u2606Vengeful potato|Gg\n","uploadtime":1699761823,"views":11,"p1id":"vengefulpotato","p2id":"qwertyslopmcflop","formatid":"gen9vgc2023regulatione","rating":1634,"private":0,"password":""}