{"id":"gen9vgc2023regulatione-1989299455","p1":"bitter bold","p2":"BowDog!","format":"[Gen 9] VGC 2023 Regulation E","log":"|j|\u2606bitter bold\n|j|\u2606BowDog!\n|t:|1699833550\n|gametype|doubles\n|player|p1|bitter bold|ethan|1152\n|player|p2|BowDog!|winona|1177\n|teamsize|p1|6\n|teamsize|p2|6\n|gen|9\n|tier|[Gen 9] VGC 2023 Regulation E\n|rated|\n|rule|Species Clause: Limit one of each Pok\u00e9mon\n|rule|Item Clause: Limit one of each item\n|clearpoke\n|poke|p1|Ogerpon-Hearthflame, L50, F|\n|poke|p1|Arcanine, L50, M|\n|poke|p1|Kommo-o, L50, M|\n|poke|p1|Dragapult, L50, M|\n|poke|p1|Typhlosion-Hisui, L50, F|\n|poke|p1|Murkrow, L50, M|\n|poke|p2|Chien-Pao, L50|\n|poke|p2|Urshifu-*, L50, F|\n|poke|p2|Chi-Yu, L50|\n|poke|p2|Flutter Mane, L50|\n|poke|p2|Dragonite, L50, F|\n|poke|p2|Rillaboom, L50, F|\n|teampreview|4\n|inactive|Battle timer is ON: inactive players will automatically lose when time's up. (requested by bitter bold)\nBowDog! has agreed to open team sheets.\n|inactive|BowDog! has 60 seconds left.\nbitter bold has agreed to open team sheets.\n|\n|t:|1699833600\n|start\n|switch|p1a: Arcanine|Arcanine, L50, M|100\/100\n|switch|p1b: Murkrow|Murkrow, L50, M|100\/100\n|switch|p2a: Chi-Yu|Chi-Yu, L50|100\/100\n|switch|p2b: Flutter Mane|Flutter Mane, L50|100\/100\n|-ability|p2a: Chi-Yu|Beads of Ruin\n|-ability|p1a: Arcanine|Intimidate|boost\n|-unboost|p2a: Chi-Yu|atk|1\n|-unboost|p2b: Flutter Mane|atk|1\n|-enditem|p2b: Flutter Mane|Booster Energy\n|-activate|p2b: Flutter Mane|ability: Protosynthesis|[fromitem]\n|-start|p2b: Flutter Mane|protosynthesisspe\n|turn|1\n|inactive|BowDog! has 30 seconds left.\n|inactive|BowDog! has 20 seconds left.\n|\n|t:|1699833640\n|move|p1b: Murkrow|Tailwind|p1b: Murkrow\n|-sidestart|p1: bitter bold|move: Tailwind\n|move|p2b: Flutter Mane|Moonblast|p1a: Arcanine\n|-resisted|p1a: Arcanine\n|-damage|p1a: Arcanine|70\/100\n|-unboost|p1a: Arcanine|spa|1\n|move|p1a: Arcanine|Flare Blitz|p2b: Flutter Mane\n|-damage|p2b: Flutter Mane|32\/100\n|-damage|p1a: Arcanine|50\/100|[from] Recoil\n|move|p2a: Chi-Yu|Heat Wave|p1b: Murkrow|[spread] p1a,p1b\n|-resisted|p1a: Arcanine\n|-damage|p1a: Arcanine|7\/100\n|-damage|p1b: Murkrow|14\/100\n|\n|upkeep\n|turn|2\n|inactive|BowDog! has 30 seconds left.\n|\n|t:|1699833674\n|move|p1a: Arcanine|Extreme Speed|p2a: Chi-Yu\n|-damage|p2a: Chi-Yu|65\/100\n|move|p2b: Flutter Mane|Icy Wind|p1b: Murkrow|[spread] p1a,p1b\n|-resisted|p1a: Arcanine\n|-supereffective|p1b: Murkrow\n|-damage|p1a: Arcanine|0 fnt\n|-damage|p1b: Murkrow|0 fnt\n|faint|p1a: Arcanine\n|faint|p1b: Murkrow\n|move|p2a: Chi-Yu|Heat Wave|p1: Arcanine|[notarget]\n|-fail|p2a: Chi-Yu\n|\n|upkeep\n|\n|t:|1699833680\n|switch|p1a: Kommo-o|Kommo-o, L50, M|100\/100\n|switch|p1b: Dragapult|Dragapult, L50, M|100\/100\n|turn|3\n|\n|t:|1699833704\n|-terastallize|p1a: Kommo-o|Steel\n|move|p1b: Dragapult|Dragon Darts|p2a: Chi-Yu\n|-damage|p2a: Chi-Yu|6\/100\n|-anim|p1b: Dragapult|Dragon Darts|p2a: Chi-Yu\n|-damage|p2a: Chi-Yu|0 fnt\n|faint|p2a: Chi-Yu\n|move|p2b: Flutter Mane|Moonblast|p1a: Kommo-o\n|-resisted|p1a: Kommo-o\n|-damage|p1a: Kommo-o|79\/100\n|move|p1a: Kommo-o|Flash Cannon|p2b: Flutter Mane\n|-supereffective|p2b: Flutter Mane\n|-damage|p2b: Flutter Mane|0 fnt\n|faint|p2b: Flutter Mane\n|-end|p2b: Flutter Mane|Protosynthesis|[silent]\n|\n|upkeep\n|\n|t:|1699833717\n|switch|p2b: Urshifu|Urshifu-Rapid-Strike, L50, F|100\/100\n|switch|p2a: Dragonite|Dragonite, L50, F|100\/100\n|turn|4\n|inactive|BowDog! has 30 seconds left.\n|inactive|BowDog! has 20 seconds left.\n|inactive|BowDog! has 15 seconds left.\n|inactive|BowDog! has 10 seconds left.\n|inactive|BowDog! has 5 seconds left.\n|\n|t:|1699833772\n|move|p2a: Dragonite|Extreme Speed|p1a: Kommo-o\n|-resisted|p1a: Kommo-o\n|-damage|p1a: Kommo-o|55\/100\n|move|p1b: Dragapult|Dragon Darts|p2b: Urshifu\n|-damage|p2b: Urshifu|64\/100\n|-anim|p1b: Dragapult|Dragon Darts|p2a: Dragonite\n|-supereffective|p2a: Dragonite\n|-damage|p2a: Dragonite|26\/100\n|move|p1a: Kommo-o|Clanging Scales|p2a: Dragonite|[spread] p2a,p2b\n|-supereffective|p2a: Dragonite\n|-damage|p2a: Dragonite|0 fnt\n|-damage|p2b: Urshifu|3\/100\n|faint|p2a: Dragonite\n|-unboost|p1a: Kommo-o|def|1\n|-enditem|p1a: Kommo-o|Throat Spray\n|-boost|p1a: Kommo-o|spa|1|[from] item: Throat Spray\n|move|p2b: Urshifu|Surging Strikes|p1a: Kommo-o\n|-crit|p1a: Kommo-o\n|-damage|p1a: Kommo-o|18\/100\n|-crit|p1a: Kommo-o\n|-damage|p1a: Kommo-o|0 fnt\n|faint|p1a: Kommo-o\n|-hitcount|p1: Kommo-o|2\n|\n|-sideend|p1: bitter bold|move: Tailwind\n|upkeep\n|turn|5\n|inactive|BowDog! has 30 seconds left.\n|\n|t:|1699833798\n|-terastallize|p2b: Urshifu|Water\n|move|p1b: Dragapult|Dragon Darts|p2b: Urshifu\n|-damage|p2b: Urshifu|0 fnt\n|faint|p2b: Urshifu\n|\n|win|bitter bold\n|raw|bitter bold's rating: 1152 &rarr; <strong>1179<\/strong><br \/>(+27 for winning)\n|raw|BowDog!'s rating: 1177 &rarr; <strong>1150<\/strong><br \/>(-27 for losing)\n","uploadtime":1699833807,"views":12,"p1id":"bitterbold","p2id":"bowdog","formatid":"gen9vgc2023regulatione","rating":1150,"private":0,"password":""}