{"id":"gen9vgc2023regulatione-1989032139","p1":"madbluecatz","p2":"The Bongo Time","format":"[Gen 9] VGC 2023 Regulation E","log":"|j|\u2606madbluecatz\n|j|\u2606The Bongo Time\n|t:|1699804486\n|gametype|doubles\n|player|p1|madbluecatz|colress|1069\n|player|p2|The Bongo Time|janitor|1061\n|teamsize|p1|6\n|teamsize|p2|6\n|gen|9\n|tier|[Gen 9] VGC 2023 Regulation E\n|rated|\n|rule|Species Clause: Limit one of each Pok\u00e9mon\n|rule|Item Clause: Limit one of each item\n|clearpoke\n|poke|p1|Gengar, L50, M|\n|poke|p1|Muk-Alola, L50, M|\n|poke|p1|Grimer-Alola, L50, F|\n|poke|p1|Salazzle, L50, F|\n|poke|p1|Salandit, L50, M|\n|poke|p1|Clodsire, L50, M|\n|poke|p2|Basculegion, L50, M|\n|poke|p2|Chien-Pao, L50|\n|poke|p2|Pelipper, L50, M|\n|poke|p2|Urshifu-*, L50, F|\n|poke|p2|Gholdengo, L50|\n|poke|p2|Flutter Mane, L50|\n|teampreview|4\n|\n|t:|1699804500\n|start\n|switch|p1a: Gengar|Gengar, L50, M|100\/100\n|switch|p1b: Salazzle|Salazzle, L50, F|100\/100\n|switch|p2a: Urshifu|Urshifu-Rapid-Strike, L50, F|100\/100\n|switch|p2b: Chien-Pao|Chien-Pao, L50|100\/100\n|-ability|p2b: Chien-Pao|Sword of Ruin\n|-item|p1b: Salazzle|Air Balloon\n|turn|1\n|\n|t:|1699804527\n|switch|p1b: Clodsire|Clodsire, L50, M|100\/100\n|move|p2b: Chien-Pao|Sucker Punch||[still]\n|-fail|p2b: Chien-Pao\n|move|p2a: Urshifu|Aqua Jet|p1b: Clodsire\n|-immune|p1b: Clodsire|[from] ability: Water Absorb\n|move|p1a: Gengar|Trick Room|p1a: Gengar\n|-fieldstart|move: Trick Room|[of] p1a: Gengar\n|\n|upkeep\n|turn|2\n|\n|t:|1699804549\n|move|p2a: Urshifu|Detect|p2a: Urshifu\n|-singleturn|p2a: Urshifu|Protect\n|move|p1b: Clodsire|Ancient Power|p2b: Chien-Pao\n|-supereffective|p2b: Chien-Pao\n|-damage|p2b: Chien-Pao|76\/100\n|move|p1a: Gengar|Sludge Bomb|p2b: Chien-Pao\n|-damage|p2b: Chien-Pao|0 fnt\n|faint|p2b: Chien-Pao\n|\n|upkeep\n|\n|t:|1699804561\n|switch|p2b: Pelipper|Pelipper, L50, M|100\/100\n|-weather|RainDance|[from] ability: Drizzle|[of] p2b: Pelipper\n|turn|3\n|\n|t:|1699804571\n|move|p2b: Pelipper|Protect|p2b: Pelipper\n|-singleturn|p2b: Pelipper|Protect\n|move|p1b: Clodsire|Stockpile|p1b: Clodsire\n|-start|p1b: Clodsire|stockpile1\n|-boost|p1b: Clodsire|def|1\n|-boost|p1b: Clodsire|spd|1\n|move|p1a: Gengar|Sludge Bomb|p2b: Pelipper\n|-activate|p2b: Pelipper|move: Protect\n|move|p2a: Urshifu|Surging Strikes|p1a: Gengar\n|-crit|p1a: Gengar\n|-damage|p1a: Gengar|42\/100\n|-start|p2a: Urshifu|Disable|Surging Strikes|[from] ability: Cursed Body|[of] p1a: Gengar\n|-crit|p1a: Gengar\n|-damage|p1a: Gengar|0 fnt\n|faint|p1a: Gengar\n|-hitcount|p1: Gengar|2\n|\n|-weather|RainDance|[upkeep]\n|upkeep\n|\n|t:|1699804588\n|switch|p1a: Muk|Muk-Alola, L50, M|100\/100\n|turn|4\n|\n|t:|1699804634\n|move|p2a: Urshifu|Detect|p2a: Urshifu\n|-singleturn|p2a: Urshifu|Protect\n|move|p1b: Clodsire|Stockpile|p1b: Clodsire\n|-start|p1b: Clodsire|stockpile2\n|-boost|p1b: Clodsire|def|1\n|-boost|p1b: Clodsire|spd|1\n|move|p1a: Muk|Stockpile|p1a: Muk\n|-start|p1a: Muk|stockpile1\n|-boost|p1a: Muk|def|1\n|-boost|p1a: Muk|spd|1\n|move|p2b: Pelipper|Hurricane|p1b: Clodsire\n|-damage|p1b: Clodsire|85\/100\n|\n|-weather|RainDance|[upkeep]\n|-heal|p1b: Clodsire|91\/100|[from] item: Leftovers\n|upkeep\n|turn|5\n|\n|t:|1699804651\n|-terastallize|p2a: Urshifu|Fighting\n|move|p1b: Clodsire|Stockpile|p1b: Clodsire\n|-start|p1b: Clodsire|stockpile3\n|-boost|p1b: Clodsire|def|1\n|-boost|p1b: Clodsire|spd|1\n|move|p1a: Muk|Stockpile|p1a: Muk\n|-start|p1a: Muk|stockpile2\n|-boost|p1a: Muk|def|1\n|-boost|p1a: Muk|spd|1\n|move|p2b: Pelipper|Hurricane|p1a: Muk\n|-damage|p1a: Muk|85\/100\n|-start|p1a: Muk|confusion\n|move|p2a: Urshifu|Close Combat|p1a: Muk\n|-damage|p1a: Muk|49\/100\n|-unboost|p2a: Urshifu|def|1\n|-unboost|p2a: Urshifu|spd|1\n|-enditem|p1a: Muk|Figy Berry|[eat]\n|-heal|p1a: Muk|82\/100|[from] item: Figy Berry\n|\n|-weather|RainDance|[upkeep]\n|-heal|p1b: Clodsire|97\/100|[from] item: Leftovers\n|-fieldend|move: Trick Room\n|upkeep\n|turn|6\n|\n|t:|1699804685\n|switch|p2a: Basculegion|Basculegion, L50, M|100\/100\n|move|p2b: Pelipper|Hurricane|p1a: Muk\n|-crit|p1a: Muk\n|-damage|p1a: Muk|38\/100\n|-activate|p1a: Muk|confusion\n|move|p1a: Muk|Stockpile|p1a: Muk\n|-start|p1a: Muk|stockpile3\n|-boost|p1a: Muk|def|1\n|-boost|p1a: Muk|spd|1\n|move|p1b: Clodsire|Ancient Power|p2b: Pelipper\n|-supereffective|p2b: Pelipper\n|-damage|p2b: Pelipper|79\/100\n|\n|-weather|RainDance|[upkeep]\n|-heal|p1b: Clodsire|100\/100|[from] item: Leftovers\n|upkeep\n|turn|7\n|\n|t:|1699804702\n|move|p2a: Basculegion|Wave Crash|p1a: Muk\n|-damage|p1a: Muk|0 fnt\n|faint|p1a: Muk\n|-damage|p2a: Basculegion|88\/100|[from] Recoil\n|-damage|p2a: Basculegion|78\/100|[from] item: Life Orb\n|move|p2b: Pelipper|Hurricane|p1b: Clodsire\n|-damage|p1b: Clodsire|90\/100\n|move|p1b: Clodsire|Ancient Power|p2b: Pelipper\n|-supereffective|p2b: Pelipper\n|-damage|p2b: Pelipper|57\/100\n|\n|-weather|RainDance|[upkeep]\n|-heal|p1b: Clodsire|96\/100|[from] item: Leftovers\n|upkeep\n|\n|t:|1699804714\n|switch|p1a: Salazzle|Salazzle, L50, F|100\/100\n|-item|p1a: Salazzle|Air Balloon\n|turn|8\n|\n|t:|1699804728\n|move|p2b: Pelipper|Protect|p2b: Pelipper\n|-singleturn|p2b: Pelipper|Protect\n|move|p1a: Salazzle|Fake Out|p2b: Pelipper\n|-activate|p2b: Pelipper|move: Protect\n|move|p2a: Basculegion|Aqua Jet|p1a: Salazzle\n|-supereffective|p1a: Salazzle\n|-damage|p1a: Salazzle|0 fnt\n|-enditem|p1a: Salazzle|Air Balloon\n|faint|p1a: Salazzle\n|-damage|p2a: Basculegion|69\/100|[from] item: Life Orb\n|move|p1b: Clodsire|Ancient Power|p2b: Pelipper\n|-activate|p2b: Pelipper|move: Protect\n|\n|-weather|RainDance|[upkeep]\n|-heal|p1b: Clodsire|100\/100|[from] item: Leftovers\n|upkeep\n|turn|9\n|\n|t:|1699804746\n|move|p2a: Basculegion|Last Respects|p1b: Clodsire\n|-damage|p1b: Clodsire|80\/100\n|-damage|p2a: Basculegion|59\/100|[from] item: Life Orb\n|move|p2b: Pelipper|Hurricane|p1b: Clodsire\n|-damage|p1b: Clodsire|69\/100\n|-start|p1b: Clodsire|confusion\n|-activate|p1b: Clodsire|confusion\n|move|p1b: Clodsire|Ancient Power|p2b: Pelipper\n|-supereffective|p2b: Pelipper\n|-damage|p2b: Pelipper|33\/100\n|-boost|p1b: Clodsire|atk|1\n|-boost|p1b: Clodsire|def|1\n|-boost|p1b: Clodsire|spa|1\n|-boost|p1b: Clodsire|spd|1\n|-boost|p1b: Clodsire|spe|1\n|\n|-weather|RainDance|[upkeep]\n|-heal|p1b: Clodsire|75\/100|[from] item: Leftovers\n|upkeep\n|turn|10\n|\n|t:|1699804762\n|move|p2a: Basculegion|Last Respects|p1b: Clodsire\n|-damage|p1b: Clodsire|60\/100\n|-damage|p2a: Basculegion|49\/100|[from] item: Life Orb\n|move|p2b: Pelipper|Hurricane|p1b: Clodsire\n|-damage|p1b: Clodsire|49\/100\n|-activate|p1b: Clodsire|confusion\n|move|p1b: Clodsire|Ancient Power|p2b: Pelipper\n|-supereffective|p2b: Pelipper\n|-damage|p2b: Pelipper|2\/100\n|\n|-weather|none\n|-heal|p1b: Clodsire|55\/100|[from] item: Leftovers\n|upkeep\n|turn|11\n|\n|t:|1699804786\n|move|p2a: Basculegion|Protect|p2a: Basculegion\n|-singleturn|p2a: Basculegion|Protect\n|move|p2b: Pelipper|Hurricane|p1b: Clodsire\n|-damage|p1b: Clodsire|45\/100\n|-activate|p1b: Clodsire|confusion\n|move|p1b: Clodsire|Recover|p1b: Clodsire\n|-heal|p1b: Clodsire|95\/100\n|\n|-heal|p1b: Clodsire|100\/100|[from] item: Leftovers\n|upkeep\n|turn|12\n|\n|t:|1699804796\n|switch|p2a: Urshifu|Urshifu-Rapid-Strike, L50, F, tera:Fighting|100\/100\n|move|p2b: Pelipper|Hurricane|p1b: Clodsire\n|-damage|p1b: Clodsire|90\/100\n|-activate|p1b: Clodsire|confusion\n|-damage|p1b: Clodsire|87\/100|[from] confusion\n|\n|-heal|p1b: Clodsire|93\/100|[from] item: Leftovers\n|upkeep\n|turn|13\n|\n|t:|1699804807\n|move|p2a: Urshifu|Close Combat|p1b: Clodsire\n|-resisted|p1b: Clodsire\n|-damage|p1b: Clodsire|84\/100\n|-unboost|p2a: Urshifu|def|1\n|-unboost|p2a: Urshifu|spd|1\n|move|p2b: Pelipper|Hurricane|p1b: Clodsire\n|-damage|p1b: Clodsire|74\/100\n|-end|p1b: Clodsire|confusion\n|move|p1b: Clodsire|Ancient Power|p2b: Pelipper\n|-supereffective|p2b: Pelipper\n|-damage|p2b: Pelipper|0 fnt\n|faint|p2b: Pelipper\n|\n|-heal|p1b: Clodsire|80\/100|[from] item: Leftovers\n|upkeep\n|\n|t:|1699804810\n|switch|p2b: Basculegion|Basculegion, L50, M|49\/100\n|turn|14\n|\n|t:|1699804826\n|move|p2a: Urshifu|Close Combat|p1b: Clodsire\n|-resisted|p1b: Clodsire\n|-damage|p1b: Clodsire|69\/100\n|-unboost|p2a: Urshifu|def|1\n|-unboost|p2a: Urshifu|spd|1\n|move|p2b: Basculegion|Last Respects|p1b: Clodsire\n|-damage|p1b: Clodsire|46\/100\n|-damage|p2b: Basculegion|39\/100|[from] item: Life Orb\n|move|p1b: Clodsire|Ancient Power|p2b: Basculegion\n|-damage|p2b: Basculegion|28\/100\n|-boost|p1b: Clodsire|atk|1\n|-boost|p1b: Clodsire|def|1\n|-boost|p1b: Clodsire|spa|1\n|-boost|p1b: Clodsire|spd|1\n|-boost|p1b: Clodsire|spe|1\n|\n|-heal|p1b: Clodsire|52\/100|[from] item: Leftovers\n|upkeep\n|turn|15\n|\n|t:|1699804841\n|move|p2a: Urshifu|Close Combat|p1b: Clodsire\n|-resisted|p1b: Clodsire\n|-damage|p1b: Clodsire|42\/100\n|-unboost|p2a: Urshifu|def|1\n|-unboost|p2a: Urshifu|spd|1\n|move|p2b: Basculegion|Last Respects|p1b: Clodsire\n|-damage|p1b: Clodsire|22\/100\n|-damage|p2b: Basculegion|18\/100|[from] item: Life Orb\n|move|p1b: Clodsire|Recover|p1b: Clodsire\n|-heal|p1b: Clodsire|72\/100\n|\n|-heal|p1b: Clodsire|78\/100|[from] item: Leftovers\n|upkeep\n|turn|16\n|\n|t:|1699804856\n|move|p2a: Urshifu|Close Combat|p1b: Clodsire\n|-resisted|p1b: Clodsire\n|-damage|p1b: Clodsire|68\/100\n|-unboost|p2a: Urshifu|def|1\n|-unboost|p2a: Urshifu|spd|1\n|move|p2b: Basculegion|Last Respects|p1b: Clodsire\n|-damage|p1b: Clodsire|47\/100\n|-damage|p2b: Basculegion|8\/100|[from] item: Life Orb\n|move|p1b: Clodsire|Stomping Tantrum|p2a: Urshifu\n|-damage|p2a: Urshifu|0 fnt\n|faint|p2a: Urshifu\n|\n|-heal|p1b: Clodsire|53\/100|[from] item: Leftovers\n|upkeep\n|turn|17\n|c|\u2606The Bongo Time|lmao thats awesome\n|c|\u2606The Bongo Time|ggwp bro\n|c|\u2606madbluecatz|thank you\n|c|\u2606madbluecatz|ggwp\n|c|\u2606madbluecatz|have a nice day\n|\n|t:|1699804885\n|move|p2b: Basculegion|Last Respects|p1b: Clodsire\n|-damage|p1b: Clodsire|27\/100\n|-damage|p2b: Basculegion|0 fnt|[from] item: Life Orb\n|faint|p2b: Basculegion\n|\n|win|madbluecatz\n|raw|madbluecatz's rating: 1069 &rarr; <strong>1098<\/strong><br \/>(+29 for winning)\n|raw|The Bongo Time's rating: 1061 &rarr; <strong>1042<\/strong><br \/>(-19 for losing)\n|c|\u2606The Bongo Time|you too\n|l|\u2606The Bongo Time\n","uploadtime":1699805295,"views":164,"p1id":"madbluecatz","p2id":"thebongotime","formatid":"gen9vgc2023regulatione","rating":1042,"private":0,"password":""}