{"id":"gen9vgc2023regulatione-2000376260","p1":"bandstudent","p2":"Siaxisdk","format":"[Gen 9] VGC 2023 Regulation E","log":"|j|\u2606bandstudent\n|j|\u2606Siaxisdk\n|t:|1701189606\n|gametype|doubles\n|player|p1|bandstudent|ingo|1112\n|player|p2|Siaxisdk|hiker|1069\n|teamsize|p1|6\n|teamsize|p2|6\n|gen|9\n|tier|[Gen 9] VGC 2023 Regulation E\n|rated|\n|rule|Species Clause: Limit one of each Pok\u00e9mon\n|rule|Item Clause: Limit one of each item\n|clearpoke\n|poke|p1|Snorlax, L50, M|\n|poke|p1|Sinistcha, L50|\n|poke|p1|Kommo-o, L50, M|\n|poke|p1|Iron Hands, L50|\n|poke|p1|Landorus-Therian, L50, M|\n|poke|p1|Clefairy, L50, M|\n|poke|p2|Dragapult, L50, M|\n|poke|p2|Chien-Pao, L50|\n|poke|p2|Tornadus, L50, M|\n|poke|p2|Urshifu-*, L50, M|\n|poke|p2|Arcanine-Hisui, L50, F|\n|poke|p2|Farigiraf, L50, M|\n|teampreview|4\nbandstudent has agreed to open team sheets.\nSiaxisdk has agreed to open team sheets.\n|\n|t:|1701189654\n|start\n|switch|p1a: Snorlax|Snorlax, L50, M|100\/100\n|switch|p1b: Landorus|Landorus-Therian, L50, M|100\/100\n|switch|p2a: Tornadus|Tornadus, L50, M|100\/100\n|switch|p2b: Chien-Pao|Chien-Pao, L50|100\/100\n|-ability|p1b: Landorus|Intimidate|boost\n|-unboost|p2a: Tornadus|atk|1\n|-unboost|p2b: Chien-Pao|atk|1\n|-ability|p2b: Chien-Pao|Sword of Ruin\n|turn|1\n|\n|t:|1701189675\n|move|p2a: Tornadus|Protect|p2a: Tornadus\n|-singleturn|p2a: Tornadus|Protect\n|move|p1a: Snorlax|Protect|p1a: Snorlax\n|-singleturn|p1a: Snorlax|Protect\n|move|p1b: Landorus|U-turn|p2b: Chien-Pao\n|-supereffective|p2b: Chien-Pao\n|-damage|p2b: Chien-Pao|17\/100\n|\n|t:|1701189685\n|switch|p1b: Iron Hands|Iron Hands, L50|100\/100|[from] U-turn\n|move|p2b: Chien-Pao|Ice Spinner|p1b: Iron Hands\n|-damage|p1b: Iron Hands|77\/100\n|\n|upkeep\n|turn|2\n|c|\u2606Siaxisdk|worlds strongest uturn lol\n|\n|t:|1701189716\n|move|p2b: Chien-Pao|Protect|p2b: Chien-Pao\n|-singleturn|p2b: Chien-Pao|Protect\n|move|p1b: Iron Hands|Fake Out|p2b: Chien-Pao\n|-activate|p2b: Chien-Pao|move: Protect\n|move|p2a: Tornadus|Taunt|p1a: Snorlax\n|-start|p1a: Snorlax|move: Taunt\n|cant|p1a: Snorlax|move: Taunt|Belly Drum\n|\n|upkeep\n|turn|3\n|\n|t:|1701189736\n|move|p2b: Chien-Pao|Sucker Punch|p1b: Iron Hands\n|-resisted|p1b: Iron Hands\n|-damage|p1b: Iron Hands|67\/100\n|move|p2a: Tornadus|Tailwind|p2a: Tornadus\n|-sidestart|p2: Siaxisdk|move: Tailwind\n|move|p1b: Iron Hands|Wild Charge|p2a: Tornadus\n|-supereffective|p2a: Tornadus\n|-damage|p2a: Tornadus|0 fnt\n|faint|p2a: Tornadus\n|-damage|p1b: Iron Hands|49\/100|[from] Recoil\n|move|p1a: Snorlax|Facade|p2b: Chien-Pao\n|-damage|p2b: Chien-Pao|0 fnt\n|faint|p2b: Chien-Pao\n|\n|upkeep\n|\n|t:|1701189762\n|switch|p2b: Dragapult|Dragapult, L50, M, shiny|100\/100\n|switch|p2a: Arcanine|Arcanine-Hisui, L50, F|100\/100\n|-ability|p2a: Arcanine|Intimidate|boost\n|-unboost|p1a: Snorlax|atk|1\n|-unboost|p1b: Iron Hands|atk|1\n|turn|4\n|\n|t:|1701189780\n|switch|p1a: Sinistcha|Sinistcha, L50|100\/100\n|-heal|p1b: Iron Hands|74\/100|[from] ability: Hospitality|[of] p1a: Sinistcha\n|-terastallize|p2b: Dragapult|Ghost\n|move|p2b: Dragapult|Tera Blast|p1b: Iron Hands|[anim] Tera Blast Ghost\n|-damage|p1b: Iron Hands|25\/100\n|move|p2a: Arcanine|Rock Slide|p1b: Iron Hands|[spread] p1a,p1b\n|-resisted|p1b: Iron Hands\n|-damage|p1a: Sinistcha|71\/100\n|-damage|p1b: Iron Hands|17\/100\n|move|p1b: Iron Hands|Drain Punch|p2a: Arcanine\n|-supereffective|p2a: Arcanine\n|-damage|p2a: Arcanine|35\/100\n|-heal|p1b: Iron Hands|39\/100|[from] drain|[of] p2a: Arcanine\n|\n|upkeep\n|turn|5\n|\n|t:|1701189811\n|-terastallize|p1a: Sinistcha|Fire\n|move|p2b: Dragapult|Tera Blast|p1b: Iron Hands|[anim] Tera Blast Ghost\n|-damage|p1b: Iron Hands|0 fnt\n|faint|p1b: Iron Hands\n|-end|p1b: Iron Hands|Quark Drive|[silent]\n|move|p2a: Arcanine|Rock Slide|p1a: Sinistcha\n|-supereffective|p1a: Sinistcha\n|-damage|p1a: Sinistcha|6\/100\n|move|p1a: Sinistcha|Trick Room|p1a: Sinistcha\n|-fieldstart|move: Trick Room|[of] p1a: Sinistcha\n|\n|upkeep\n|\n|t:|1701189825\n|switch|p1b: Snorlax|Snorlax, L50, M|100\/100\n|turn|6\n|\n|t:|1701189835\n|move|p1a: Sinistcha|Rage Powder|p1a: Sinistcha\n|-singleturn|p1a: Sinistcha|move: Rage Powder\n|move|p2a: Arcanine|Extreme Speed|p1a: Sinistcha\n|-damage|p1a: Sinistcha|0 fnt\n|faint|p1a: Sinistcha\n|move|p1b: Snorlax|Belly Drum|p1b: Snorlax\n|-damage|p1b: Snorlax|50\/100\n|-setboost|p1b: Snorlax|atk|6|[from] move: Belly Drum\n|-enditem|p1b: Snorlax|Sitrus Berry|[eat]\n|-heal|p1b: Snorlax|75\/100|[from] item: Sitrus Berry\n|move|p2b: Dragapult|Tera Blast|p1b: Snorlax|[anim] Tera Blast Ghost\n|-immune|p1b: Snorlax\n|\n|-sideend|p2: Siaxisdk|move: Tailwind\n|upkeep\n|\n|t:|1701189850\n|switch|p1a: Landorus|Landorus-Therian, L50, M|100\/100\n|-ability|p1a: Landorus|Intimidate|boost\n|-unboost|p2a: Arcanine|atk|1\n|-fail|p2b: Dragapult|unboost|[from] ability: Clear Body|[of] p2b: Dragapult\n|turn|7\n|\n|t:|1701189870\n|move|p2a: Arcanine|Extreme Speed|p1a: Landorus\n|-damage|p1a: Landorus|78\/100\n|move|p1b: Snorlax|High Horsepower|p2b: Dragapult|[miss]\n|-miss|p1b: Snorlax|p2b: Dragapult\n|move|p2b: Dragapult|Tera Blast|p1a: Landorus|[anim] Tera Blast Ghost\n|-damage|p1a: Landorus|0 fnt\n|faint|p1a: Landorus\n|\n|upkeep\n|turn|8\n|c|\u2606Siaxisdk|GG\n|\n|t:|1701189905\n|move|p1b: Snorlax|High Horsepower|p2b: Dragapult\n|-damage|p2b: Dragapult|0 fnt\n|faint|p2b: Dragapult\n|move|p2a: Arcanine|Flare Blitz|p1b: Snorlax\n|-damage|p1b: Snorlax|59\/100\n|-damage|p2a: Arcanine|28\/100|[from] Recoil\n|\n|upkeep\n|turn|9\n|c|\u2606bandstudent|gg\n|\n|t:|1701189933\n|move|p1b: Snorlax|Facade|p2a: Arcanine\n|-resisted|p2a: Arcanine\n|-damage|p2a: Arcanine|0 fnt\n|faint|p2a: Arcanine\n|\n|win|bandstudent\n|raw|bandstudent's rating: 1112 &rarr; <strong>1134<\/strong><br \/>(+22 for winning)\n|raw|Siaxisdk's rating: 1069 &rarr; <strong>1051<\/strong><br \/>(-18 for losing)\n|l|\u2606Siaxisdk\n","uploadtime":1701189942,"views":2,"p1id":"bandstudent","p2id":"siaxisdk","formatid":"gen9vgc2023regulatione","rating":1051,"private":0,"password":""}