{"id":"gen9vgc2023regulatione-1995656071","p1":"ScorchSb","p2":"Mr.Play&C","format":"[Gen 9] VGC 2023 Regulation E","log":"|j|\u2606ScorchSb\n|j|\u2606Mr.Play&C\n|n|\u2606ScorchSb|scorchsb\n|n|\u2606Mr.Play&C|mrplayc\n|html|View the match progress at <a href=\"\/game-bestof3-gen9vgc2023regulatione-1995656070\">game-bestof3-gen9vgc2023regulatione-1995656070<\/a>\n|t:|1700591283\n|gametype|doubles\n|player|p1|ScorchSb|101|\n|player|p2|Mr.Play&C|ingo|\n|teamsize|p1|6\n|teamsize|p2|6\n|gen|9\n|tier|[Gen 9] VGC 2023 Regulation E\n|rule|Species Clause: Limit one of each Pok\u00e9mon\n|rule|Item Clause: Limit one of each item\n|clearpoke\n|poke|p1|Landorus-Therian, L50, M|\n|poke|p1|Regieleki, L50|\n|poke|p1|Talonflame, L50, M|\n|poke|p1|Pincurchin, L50, M|\n|poke|p1|Zoroark-Hisui, L50, F|\n|poke|p1|Palafin, L50, M|\n|poke|p2|Rillaboom, L50, M|\n|poke|p2|Annihilape, L50, M|\n|poke|p2|Klefki, L50, M|\n|poke|p2|Rotom-Wash, L50|\n|poke|p2|Weavile, L50, F|\n|poke|p2|Magnezone, L50|\n|teampreview|4\nScorchSb rejected open team sheets.\n|\n|t:|1700591335\n|start\n|switch|p1a: Talonflame|Talonflame, L50, M|100\/100\n|switch|p1b: Landorus|Landorus-Therian, L50, M|100\/100\n|switch|p2a: Klefki|Klefki, L50, M|100\/100\n|switch|p2b: Rillaboom|Rillaboom, L50, M|100\/100\n|-ability|p1b: Landorus|Intimidate|boost\n|-unboost|p2a: Klefki|atk|1\n|-unboost|p2b: Rillaboom|atk|1\n|-fieldstart|move: Grassy Terrain|[from] ability: Grassy Surge|[of] p2b: Rillaboom\n|turn|1\n|\n|t:|1700591366\n|move|p2b: Rillaboom|Fake Out|p1a: Talonflame\n|-damage|p1a: Talonflame|91\/100\n|move|p2a: Klefki|Reflect|p2a: Klefki\n|-sidestart|p2: Mr.Play&C|Reflect\n|cant|p1a: Talonflame|flinch\n|move|p1b: Landorus|Rock Slide|p2b: Rillaboom|[spread] p2b\n|-miss|p1b: Landorus|p2a: Klefki\n|-damage|p2b: Rillaboom|88\/100\n|\n|-heal|p2b: Rillaboom|94\/100|[from] Grassy Terrain\n|upkeep\n|turn|2\n|\n|t:|1700591435\n|move|p2b: Rillaboom|Grassy Glide|p1b: Landorus\n|-damage|p1b: Landorus|76\/100\n|move|p1a: Talonflame|Will-O-Wisp|p2b: Rillaboom\n|-status|p2b: Rillaboom|brn\n|move|p1b: Landorus|Earthquake|p2b: Rillaboom|[spread] p2a,p2b\n|-immune|p1a: Talonflame\n|-supereffective|p2a: Klefki\n|-resisted|p2b: Rillaboom\n|-damage|p2a: Klefki|70\/100\n|-damage|p2b: Rillaboom|88\/100 brn\n|move|p2a: Klefki|Play Rough|p1a: Talonflame\n|-resisted|p1a: Talonflame\n|-damage|p1a: Talonflame|82\/100\n|\n|-heal|p2b: Rillaboom|94\/100 brn|[from] Grassy Terrain\n|-heal|p2a: Klefki|76\/100|[from] Grassy Terrain\n|-heal|p2a: Klefki|82\/100|[from] item: Leftovers\n|-damage|p2b: Rillaboom|88\/100 brn|[from] brn\n|upkeep\n|turn|3\n|\n|t:|1700591477\n|move|p2a: Klefki|Protect|p2a: Klefki\n|-singleturn|p2a: Klefki|Protect\n|move|p1a: Talonflame|Tailwind|p1a: Talonflame\n|-sidestart|p1: ScorchSb|move: Tailwind\n|move|p1b: Landorus|U-turn|p2b: Rillaboom\n|-supereffective|p2b: Rillaboom\n|-damage|p2b: Rillaboom|60\/100 brn\n|\n|t:|1700591486\n|switch|p1b: Regieleki|Regieleki, L50|100\/100|[from] U-turn\n|move|p2b: Rillaboom|U-turn|p1b: Regieleki\n|-resisted|p1b: Regieleki\n|-damage|p1b: Regieleki|92\/100\n|replace|p1b: Zoroark|Zoroark-Hisui, L50, F\n|-end|p1b: Zoroark|Illusion\n|\n|t:|1700591505\n|switch|p2b: Weavile|Weavile, L50, F|100\/100|[from] U-turn\n|-ability|p2b: Weavile|Pressure\n|\n|-heal|p1b: Zoroark|98\/100|[from] Grassy Terrain\n|-heal|p2a: Klefki|88\/100|[from] Grassy Terrain\n|-heal|p2a: Klefki|94\/100|[from] item: Leftovers\n|upkeep\n|turn|4\n|\n|t:|1700591556\n|switch|p2a: Annihilape|Annihilape, L50, M|100\/100\n|move|p1b: Zoroark|Flamethrower|p2b: Weavile\n|-supereffective|p2b: Weavile\n|-enditem|p2b: Weavile|Focus Sash\n|-damage|p2b: Weavile|1\/100\n|move|p1a: Talonflame|Will-O-Wisp|p2b: Weavile\n|-status|p2b: Weavile|brn\n|move|p2b: Weavile|Foul Play|p1b: Zoroark\n|-supereffective|p1b: Zoroark\n|-damage|p1b: Zoroark|35\/100\n|\n|-heal|p1b: Zoroark|41\/100|[from] Grassy Terrain\n|-heal|p2b: Weavile|7\/100 brn|[from] Grassy Terrain\n|-damage|p2b: Weavile|1\/100 brn|[from] brn\n|upkeep\n|turn|5\n|\n|t:|1700591600\n|move|p1b: Zoroark|Flamethrower|p2b: Weavile\n|-supereffective|p2b: Weavile\n|-damage|p2b: Weavile|0 fnt\n|faint|p2b: Weavile\n|move|p1a: Talonflame|Air Slash|p2a: Annihilape|[miss]\n|-miss|p1a: Talonflame|p2a: Annihilape\n|move|p2a: Annihilape|Bulk Up|p2a: Annihilape\n|-boost|p2a: Annihilape|atk|1\n|-boost|p2a: Annihilape|def|1\n|\n|-heal|p1b: Zoroark|47\/100|[from] Grassy Terrain\n|-sideend|p2: Mr.Play&C|Reflect\n|-fieldend|move: Grassy Terrain\n|upkeep\n|\n|t:|1700591613\n|switch|p2b: Klefki|Klefki, L50, M|94\/100\n|turn|6\n|\n|t:|1700591629\n|move|p2b: Klefki|Reflect|p2b: Klefki\n|-sidestart|p2: Mr.Play&C|Reflect\n|move|p1b: Zoroark|Flamethrower|p2b: Klefki\n|-supereffective|p2b: Klefki\n|-damage|p2b: Klefki|0 fnt\n|faint|p2b: Klefki\n|move|p1a: Talonflame|Will-O-Wisp|p2a: Annihilape\n|-status|p2a: Annihilape|brn\n|move|p2a: Annihilape|Drain Punch|p1b: Zoroark\n|-immune|p1b: Zoroark\n|\n|-damage|p2a: Annihilape|95\/100 brn|[from] brn\n|-sideend|p1: ScorchSb|move: Tailwind\n|upkeep\n|\n|t:|1700591643\n|switch|p2b: Rillaboom|Rillaboom, L50, M|60\/100 brn\n|-fieldstart|move: Grassy Terrain|[from] ability: Grassy Surge|[of] p2b: Rillaboom\n|turn|7\n|\n|t:|1700591667\n|move|p2b: Rillaboom|Fake Out|p1b: Zoroark\n|-immune|p1b: Zoroark\n|move|p1b: Zoroark|Flamethrower|p2b: Rillaboom\n|-supereffective|p2b: Rillaboom\n|-damage|p2b: Rillaboom|0 fnt\n|faint|p2b: Rillaboom\n|move|p1a: Talonflame|Air Slash|p2a: Annihilape\n|-supereffective|p2a: Annihilape\n|-damage|p2a: Annihilape|56\/100 brn\n|move|p2a: Annihilape|Rage Fist|p1a: Talonflame\n|-damage|p1a: Talonflame|42\/100\n|\n|-heal|p1b: Zoroark|54\/100|[from] Grassy Terrain\n|-heal|p2a: Annihilape|62\/100 brn|[from] Grassy Terrain\n|-damage|p2a: Annihilape|56\/100 brn|[from] brn\n|upkeep\n|turn|8\n|\n|t:|1700591695\n|move|p1b: Zoroark|Flamethrower|p2a: Annihilape\n|-damage|p2a: Annihilape|17\/100 brn\n|-enditem|p2a: Annihilape|Sitrus Berry|[eat]\n|-heal|p2a: Annihilape|42\/100 brn|[from] item: Sitrus Berry\n|move|p1a: Talonflame|Air Slash|p2a: Annihilape|[miss]\n|-miss|p1a: Talonflame|p2a: Annihilape\n|move|p2a: Annihilape|Drain Punch|p1a: Talonflame\n|-resisted|p1a: Talonflame\n|-damage|p1a: Talonflame|26\/100\n|-heal|p2a: Annihilape|48\/100 brn|[from] drain|[of] p1a: Talonflame\n|\n|-heal|p1b: Zoroark|60\/100|[from] Grassy Terrain\n|-heal|p2a: Annihilape|54\/100 brn|[from] Grassy Terrain\n|-damage|p2a: Annihilape|48\/100 brn|[from] brn\n|upkeep\n|turn|9\n|\n|t:|1700591715\n|move|p1b: Zoroark|Flamethrower|p2a: Annihilape\n|-damage|p2a: Annihilape|9\/100 brn\n|move|p1a: Talonflame|Air Slash|p2a: Annihilape\n|-supereffective|p2a: Annihilape\n|-damage|p2a: Annihilape|0 fnt\n|faint|p2a: Annihilape\n|\n|win|ScorchSb\n|c|&|\/uhtml prompt-scorchsb,ScorchSb is ready for game 2!\n|inactive|Mr.Play&C has 50 seconds to confirm battle start!\n|c|&|\/uhtml prompt-mrplayc,Mr.Play&amp;C is ready for game 2!\nBoth players are ready! Starting next match!\n","uploadtime":1700592551,"views":14,"p1id":"scorchsb","p2id":"mrplayc","formatid":"gen9vgc2023regulatione","rating":0,"private":0,"password":""}