{"id":"gen9vgc2023regulatione-1999839846","p1":"Xyzkun","p2":"Ulekulele","format":"[Gen 9] VGC 2023 Regulation E","log":"|j|\u2606Xyzkun\n|j|\u2606Ulekulele\n|t:|1701121625\n|gametype|doubles\n|player|p1|Xyzkun|iris-gen5bw2|1115\n|player|p2|Ulekulele|265|1209\n|teamsize|p1|6\n|teamsize|p2|6\n|gen|9\n|tier|[Gen 9] VGC 2023 Regulation E\n|rated|\n|rule|Species Clause: Limit one of each Pok\u00e9mon\n|rule|Item Clause: Limit one of each item\n|clearpoke\n|poke|p1|Rillaboom, L50, M|\n|poke|p1|Espathra, L50, M|\n|poke|p1|Amoonguss, L50, M|\n|poke|p1|Kommo-o, L50, M|\n|poke|p1|Indeedee-F, L50, F|\n|poke|p1|Chi-Yu, L50|\n|poke|p2|Sylveon, L50, F|\n|poke|p2|Oranguru, L50, M|\n|poke|p2|Heatran, L50, M|\n|poke|p2|Sinistcha, L50|\n|poke|p2|Iron Hands, L50|\n|poke|p2|Milotic, L50, F|\n|teampreview|4\nUlekulele has agreed to open team sheets.\n|\n|t:|1701121667\n|start\n|switch|p1a: Kommo-o|Kommo-o, L50, M|100\/100\n|switch|p1b: Amoonguss|Amoonguss, L50, M|100\/100\n|switch|p2a: Iron Hands|Iron Hands, L50|100\/100\n|switch|p2b: Oranguru|Oranguru, L50, M|100\/100\n|-enditem|p2a: Iron Hands|Booster Energy\n|-activate|p2b: Oranguru|ability: Symbiosis|Assault Vest|[of] p2a: Iron Hands\n|-activate|p2a: Iron Hands|ability: Quark Drive|[fromitem]\n|-start|p2a: Iron Hands|quarkdriveatk\n|turn|1\n|inactive|Battle timer is ON: inactive players will automatically lose when time's up. (requested by Xyzkun)\n|\n|t:|1701121685\n|switch|p1b: Indeedee|Indeedee-F, L50, F|100\/100\n|-fieldstart|move: Psychic Terrain|[from] ability: Psychic Surge|[of] p1b: Indeedee\n|-enditem|p1b: Indeedee|Psychic Seed\n|-boost|p1b: Indeedee|spd|1|[from] item: Psychic Seed\n|move|p2a: Iron Hands|Fake Out|p1b: Indeedee\n|-activate|p1b: Indeedee|move: Psychic Terrain\n|move|p1a: Kommo-o|Clangorous Soul|p1a: Kommo-o\n|-boost|p1a: Kommo-o|atk|1\n|-boost|p1a: Kommo-o|def|1\n|-boost|p1a: Kommo-o|spa|1\n|-boost|p1a: Kommo-o|spd|1\n|-boost|p1a: Kommo-o|spe|1\n|-damage|p1a: Kommo-o|68\/100\n|-enditem|p1a: Kommo-o|Throat Spray\n|-boost|p1a: Kommo-o|spa|1|[from] item: Throat Spray\n|move|p2b: Oranguru|Trick Room|p2b: Oranguru\n|-fieldstart|move: Trick Room|[of] p2b: Oranguru\n|\n|upkeep\n|turn|2\n|inactive|Xyzkun has 30 seconds left.\n|inactive|Ulekulele has 30 seconds left.\n|inactive|Ulekulele has 20 seconds left.\n|\n|t:|1701121724\n|move|p1b: Indeedee|Follow Me|p1b: Indeedee\n|-singleturn|p1b: Indeedee|move: Follow Me\n|move|p2a: Iron Hands|Drain Punch|p1b: Indeedee\n|-damage|p1b: Indeedee|44\/100\n|move|p2b: Oranguru|Psychic|p1b: Indeedee\n|-resisted|p1b: Indeedee\n|-damage|p1b: Indeedee|34\/100\n|move|p1a: Kommo-o|Clanging Scales|p2a: Iron Hands|[spread] p2a,p2b\n|-damage|p2a: Iron Hands|63\/100\n|-damage|p2b: Oranguru|45\/100\n|-unboost|p1a: Kommo-o|def|1\n|\n|upkeep\n|turn|3\n|inactive|Xyzkun has 30 seconds left.\n|inactive|Xyzkun has 20 seconds left.\n|\n|t:|1701121759\n|-terastallize|p1b: Indeedee|Fairy\n|move|p1b: Indeedee|Follow Me|p1b: Indeedee\n|-singleturn|p1b: Indeedee|move: Follow Me\n|move|p2a: Iron Hands|Drain Punch|p1b: Indeedee\n|-resisted|p1b: Indeedee\n|-damage|p1b: Indeedee|4\/100\n|-heal|p2a: Iron Hands|73\/100|[from] drain|[of] p1b: Indeedee\n|move|p2b: Oranguru|Psychic|p1b: Indeedee\n|-damage|p1b: Indeedee|0 fnt\n|faint|p1b: Indeedee\n|move|p1a: Kommo-o|Clanging Scales|p2b: Oranguru|[spread] p2a,p2b\n|-damage|p2a: Iron Hands|37\/100\n|-damage|p2b: Oranguru|0 fnt\n|faint|p2b: Oranguru\n|-unboost|p1a: Kommo-o|def|1\n|\n|upkeep\n|\n|t:|1701121778\n|switch|p2b: Milotic|Milotic, L50, F|100\/100\n|switch|p1b: Amoonguss|Amoonguss, L50, M|100\/100\n|turn|4\n|inactive|Xyzkun has 30 seconds left.\n|\n|t:|1701121808\n|-terastallize|p2a: Iron Hands|Grass\n|move|p1b: Amoonguss|Spore|p2a: Iron Hands\n|-immune|p2a: Iron Hands\n|move|p2a: Iron Hands|Drain Punch|p1a: Kommo-o\n|-damage|p1a: Kommo-o|1\/100\n|-heal|p2a: Iron Hands|59\/100|[from] drain|[of] p1a: Kommo-o\n|move|p2b: Milotic|Ice Beam|p1a: Kommo-o\n|-supereffective|p1a: Kommo-o\n|-damage|p1a: Kommo-o|0 fnt\n|faint|p1a: Kommo-o\n|\n|upkeep\n|\n|t:|1701121813\n|switch|p1a: Chi-Yu|Chi-Yu, L50|100\/100\n|-ability|p1a: Chi-Yu|Beads of Ruin\n|turn|5\n|\n|t:|1701121826\n|move|p1b: Amoonguss|Rage Powder|p1b: Amoonguss\n|-singleturn|p1b: Amoonguss|move: Rage Powder\n|move|p2a: Iron Hands|Drain Punch|p1a: Chi-Yu\n|-supereffective|p1a: Chi-Yu\n|-damage|p1a: Chi-Yu|0 fnt\n|-heal|p2a: Iron Hands|90\/100|[from] drain|[of] p1a: Chi-Yu\n|faint|p1a: Chi-Yu\n|move|p2b: Milotic|Ice Beam|p1b: Amoonguss\n|-supereffective|p1b: Amoonguss\n|-damage|p1b: Amoonguss|64\/100\n|-status|p1b: Amoonguss|frz\n|\n|-fieldend|move: Trick Room\n|-fieldend|move: Psychic Terrain\n|upkeep\n|turn|6\n|-message|Xyzkun forfeited.\n|\n|win|Ulekulele\n|raw|Xyzkun's rating: 1115 &rarr; <strong>1097<\/strong><br \/>(-18 for losing)\n|raw|Ulekulele's rating: 1209 &rarr; <strong>1227<\/strong><br \/>(+18 for winning)\n|l|\u2606Xyzkun\n","uploadtime":1701121852,"views":11,"p1id":"xyzkun","p2id":"ulekulele","formatid":"gen9vgc2023regulatione","rating":1097,"private":0,"password":""}