{"id":"gen9vgc2023regulatione-1998214579","p1":"hii7766","p2":"newusernovice","format":"[Gen 9] VGC 2023 Regulation E","log":"|j|\u2606hii7766\n|j|\u2606newusernovice\n|t:|1700913993\n|gametype|doubles\n|player|p1|hii7766|102|1183\n|player|p2|newusernovice|brawly|1284\n|teamsize|p1|6\n|teamsize|p2|6\n|gen|9\n|tier|[Gen 9] VGC 2023 Regulation E\n|rated|\n|rule|Species Clause: Limit one of each Pok\u00e9mon\n|rule|Item Clause: Limit one of each item\n|clearpoke\n|poke|p1|Umbreon, L50, M|\n|poke|p1|Ninetales-Alola, L50, F|\n|poke|p1|Flutter Mane, L50|\n|poke|p1|Ursaluna, L50, F|\n|poke|p1|Hatterene, L50, F|\n|poke|p1|Cresselia, L50, F|\n|poke|p2|Arcanine-Hisui, L50, M|\n|poke|p2|Tornadus, L50, M|\n|poke|p2|Urshifu-*, L50, M|\n|poke|p2|Flutter Mane, L50|\n|poke|p2|Rillaboom, L50, F|\n|poke|p2|Ogerpon-Wellspring, L50, F|\n|teampreview|4\n|inactive|Battle timer is ON: inactive players will automatically lose when time's up. (requested by newusernovice)\n|inactive|hii7766 has 60 seconds left.\n|inactive|newusernovice has 60 seconds left.\n|\n|t:|1700914026\n|start\n|switch|p1a: Cresselia|Cresselia, L50, F|100\/100\n|switch|p1b: Umbreon|Umbreon, L50, M|100\/100\n|switch|p2a: Rillaboom|Rillaboom, L50, F|100\/100\n|switch|p2b: Ogerpon|Ogerpon-Wellspring, L50, F|100\/100\n|-fieldstart|move: Grassy Terrain|[from] ability: Grassy Surge|[of] p2a: Rillaboom\n|turn|1\n|inactive|hii7766 has 30 seconds left.\n|inactive|newusernovice has 30 seconds left.\n|inactive|newusernovice has 20 seconds left.\n|\n|t:|1700914063\n|move|p2a: Rillaboom|Fake Out|p1a: Cresselia\n|-damage|p1a: Cresselia|92\/100\n|move|p2b: Ogerpon|Wood Hammer|p1a: Cresselia\n|-damage|p1a: Cresselia|34\/100\n|-damage|p2b: Ogerpon|78\/100|[from] Recoil\n|move|p1b: Umbreon|Foul Play|p2b: Ogerpon\n|-damage|p2b: Ogerpon|25\/100\n|cant|p1a: Cresselia|flinch\n|\n|-heal|p2b: Ogerpon|30\/100|[from] Grassy Terrain\n|upkeep\n|turn|2\n|inactive|hii7766 has 30 seconds left.\n|\n|t:|1700914093\n|move|p2b: Ogerpon|Wood Hammer|p1a: Cresselia\n|-damage|p1a: Cresselia|0 fnt\n|faint|p1a: Cresselia\n|-damage|p2b: Ogerpon|17\/100|[from] Recoil\n|move|p2a: Rillaboom|Wood Hammer|p1b: Umbreon\n|-damage|p1b: Umbreon|37\/100\n|-damage|p2a: Rillaboom|79\/100|[from] Recoil\n|move|p1b: Umbreon|Foul Play|p2b: Ogerpon\n|-damage|p2b: Ogerpon|0 fnt\n|faint|p2b: Ogerpon\n|\n|-heal|p2a: Rillaboom|85\/100|[from] Grassy Terrain\n|-heal|p1b: Umbreon|43\/100|[from] Grassy Terrain\n|-heal|p1b: Umbreon|49\/100|[from] item: Leftovers\n|upkeep\n|\n|t:|1700914117\n|switch|p2b: Flutter Mane|Flutter Mane, L50, shiny|100\/100\n|switch|p1a: Hatterene|Hatterene, L50, F|100\/100\n|-enditem|p2b: Flutter Mane|Booster Energy\n|-activate|p2b: Flutter Mane|ability: Protosynthesis|[fromitem]\n|-start|p2b: Flutter Mane|protosynthesisspa\n|turn|3\n|\n|t:|1700914138\n|-terastallize|p1b: Umbreon|Poison\n|move|p1a: Hatterene|Protect|p1a: Hatterene\n|-singleturn|p1a: Hatterene|Protect\n|move|p2b: Flutter Mane|Shadow Ball|p1a: Hatterene\n|-activate|p1a: Hatterene|move: Protect\n|move|p2a: Rillaboom|Wood Hammer|p1a: Hatterene\n|-activate|p1a: Hatterene|move: Protect\n|move|p1b: Umbreon|Foul Play|p2a: Rillaboom\n|-damage|p2a: Rillaboom|31\/100\n|\n|-heal|p2a: Rillaboom|37\/100|[from] Grassy Terrain\n|-heal|p1b: Umbreon|54\/100|[from] Grassy Terrain\n|-heal|p1b: Umbreon|60\/100|[from] item: Leftovers\n|upkeep\n|turn|4\n|\n|t:|1700914159\n|move|p1a: Hatterene|Protect||[still]\n|-fail|p1a: Hatterene\n|move|p2b: Flutter Mane|Shadow Ball|p1a: Hatterene\n|-supereffective|p1a: Hatterene\n|-damage|p1a: Hatterene|0 fnt\n|faint|p1a: Hatterene\n|move|p2a: Rillaboom|Wood Hammer|p1b: Umbreon\n|-resisted|p1b: Umbreon\n|-damage|p1b: Umbreon|30\/100\n|-damage|p2a: Rillaboom|27\/100|[from] Recoil\n|move|p1b: Umbreon|Foul Play|p2a: Rillaboom\n|-damage|p2a: Rillaboom|0 fnt\n|faint|p2a: Rillaboom\n|\n|-heal|p1b: Umbreon|36\/100|[from] Grassy Terrain\n|-heal|p1b: Umbreon|42\/100|[from] item: Leftovers\n|upkeep\n|\n|t:|1700914177\n|switch|p2a: Urshifu|Urshifu-Rapid-Strike, L50, M|100\/100\n|switch|p1a: Ursaluna|Ursaluna, L50, F|100\/100\n|turn|5\n|\n|t:|1700914198\n|-terastallize|p2a: Urshifu|Water\n|move|p2b: Flutter Mane|Shadow Ball|p1b: Umbreon\n|-damage|p1b: Umbreon|0 fnt\n|faint|p1b: Umbreon\n|move|p2a: Urshifu|Surging Strikes|p1a: Ursaluna\n|-supereffective|p1a: Ursaluna\n|-crit|p1a: Ursaluna\n|-damage|p1a: Ursaluna|53\/100\n|-supereffective|p1a: Ursaluna\n|-crit|p1a: Ursaluna\n|-damage|p1a: Ursaluna|1\/100\n|-supereffective|p1a: Ursaluna\n|-crit|p1a: Ursaluna\n|-damage|p1a: Ursaluna|0 fnt\n|faint|p1a: Ursaluna\n|-hitcount|p1: Ursaluna|3\n|\n|win|newusernovice\n|raw|hii7766's rating: 1183 &rarr; <strong>1165<\/strong><br \/>(-18 for losing)\n|raw|newusernovice's rating: 1284 &rarr; <strong>1302<\/strong><br \/>(+18 for winning)\n|l|\u2606hii7766\n","uploadtime":1700914214,"views":2,"p1id":"hii7766","p2id":"newusernovice","formatid":"gen9vgc2023regulatione","rating":1165,"private":0,"password":""}