{"id":"gen9vgc2023regulatione-1994434082","p1":"MochaMatcha","p2":"SpadesHS","format":"[Gen 9] VGC 2023 Regulation E","log":"|j|\u2606MochaMatcha\n|j|\u2606SpadesHS\n|t:|1700443486\n|gametype|doubles\n|player|p1|MochaMatcha|iono|\n|player|p2|SpadesHS|n|\n|teamsize|p1|6\n|teamsize|p2|6\n|gen|9\n|tier|[Gen 9] VGC 2023 Regulation E\n|rated|Tournament battle\n|rule|Species Clause: Limit one of each Pok\u00e9mon\n|rule|Item Clause: Limit one of each item\n|clearpoke\n|poke|p1|Azumarill, L50, F|\n|poke|p1|Farigiraf, L50, M|\n|poke|p1|Gholdengo, L50|\n|poke|p1|Dunsparce, L50, M|\n|poke|p1|Sinistcha-Masterpiece, L50|\n|poke|p1|Vikavolt, L50, M|\n|poke|p2|Ogerpon, L50, F|\n|poke|p2|Roaring Moon, L50|\n|poke|p2|Arcanine-Hisui, L50, F|\n|poke|p2|Gholdengo, L50|\n|poke|p2|Urshifu-*, L50, M|\n|poke|p2|Thundurus-Therian, L50, M|\n|teampreview|4\n|showteam|p1|Azumarill||SitrusBerry|HugePower|BellyDrum,AquaJet,Waterfall,PlayRough|||F|||50|,,,,,Grass]Farigiraf||MentalHerb|ArmorTail|TrickRoom,Roar,TeraBlast,Protect|||M|||50|,,,,,Fire]Gholdengo||Leftovers|GoodasGold|NastyPlot,MakeItRain,ShadowBall,Protect||||||50|,,,,,Dragon]Dunsparce||Eviolite|SereneGrace|RockSlide,Coil,IceSpinner,Roost|||M|||50|,,,,,Ghost]Sinistcha-Masterpiece||WikiBerry|Hospitality|TrickRoom,RagePowder,MatchaGotcha,StrengthSap||||||50|,,,,,Fire]Vikavolt||LifeOrb|Levitate|Thunderbolt,BugBuzz,VoltSwitch,AirSlash|||M|||50|,,,,,Flying\n|showteam|p2|Ogerpon||LifeOrb|Defiant|SpikyShield,IvyCudgel,StompingTantrum,SwordsDance|||F|||50|,,,,,Grass]Roaring Moon||BoosterEnergy|Protosynthesis|BreakingSwipe,KnockOff,Tailwind,Protect||||||50|,,,,,Poison]Arcanine-Hisui||ChoiceBand|Intimidate|FlareBlitz,RockSlide,ExtremeSpeed,TeraBlast|||F|||50|,,,,,Fairy]Gholdengo||Leftovers|GoodasGold|MakeItRain,ShadowBall,NastyPlot,Protect||||||50|,,,,,Dragon]Urshifu-Rapid-Strike||MysticWater|UnseenFist|SurgingStrikes,CloseCombat,Detect,AquaJet|||M|||50|,,,,,Water]Thundurus-Therian||AssaultVest|VoltAbsorb|Thunderbolt,TeraBlast,GrassKnot,WildboltStorm|||M|||50|,,,,,Flying\n|\n|t:|1700443534\n|start\n|switch|p1a: Farigiraf|Farigiraf, L50, M|100\/100\n|switch|p1b: Dunsparce|Dunsparce, L50, M, shiny|100\/100\n|switch|p2a: Atarka|Roaring Moon, L50|100\/100\n|switch|p2b: Fun Police|Arcanine-Hisui, L50, F|100\/100\n|-ability|p2b: Fun Police|Intimidate|boost\n|-unboost|p1a: Farigiraf|atk|1\n|-unboost|p1b: Dunsparce|atk|1\n|-enditem|p2a: Atarka|Booster Energy\n|-activate|p2a: Atarka|ability: Protosynthesis|[fromitem]\n|-start|p2a: Atarka|protosynthesisspe\n|turn|1\n|\n|t:|1700443552\n|-terastallize|p1a: Farigiraf|Fire\n|move|p2a: Atarka|Knock Off|p1b: Dunsparce\n|-damage|p1b: Dunsparce|69\/100\n|-enditem|p1b: Dunsparce|Eviolite|[from] move: Knock Off|[of] p2a: Atarka\n|move|p2b: Fun Police|Flare Blitz|p1b: Dunsparce\n|-damage|p1b: Dunsparce|0 fnt\n|faint|p1b: Dunsparce\n|-damage|p2b: Fun Police|81\/100|[from] Recoil\n|move|p1a: Farigiraf|Trick Room|p1a: Farigiraf\n|-fieldstart|move: Trick Room|[of] p1a: Farigiraf\n|\n|upkeep\n|\n|t:|1700443561\n|switch|p1b: Azumarill|Azumarill, L50, F, shiny|100\/100\n|turn|2\n|\n|t:|1700443580\n|move|p1b: Azumarill|Waterfall|p2b: Fun Police\n|-supereffective|p2b: Fun Police\n|-damage|p2b: Fun Police|0 fnt\n|faint|p2b: Fun Police\n|move|p2a: Atarka|Knock Off|p1b: Azumarill\n|-resisted|p1b: Azumarill\n|-damage|p1b: Azumarill|76\/100\n|-enditem|p1b: Azumarill|Sitrus Berry|[from] move: Knock Off|[of] p2a: Atarka\n|move|p1a: Farigiraf|Roar|p2a: Atarka\n|-end|p2a: Atarka|Protosynthesis|[silent]\n|drag|p2a: Laet|Ogerpon, L50, F|100\/100\n|\n|upkeep\n|\n|t:|1700443589\n|switch|p2b: Zeus|Thundurus-Therian, L50, M|100\/100\n|turn|3\n|\n|t:|1700443604\n|switch|p1a: Matcha|Sinistcha-Masterpiece, L50, shiny|100\/100\n|-heal|p1b: Azumarill|100\/100|[from] ability: Hospitality|[of] p1a: Matcha\n|move|p2a: Laet|Spiky Shield|p2a: Laet\n|-singleturn|p2a: Laet|move: Protect\n|move|p1b: Azumarill|Play Rough|p2a: Laet\n|-activate|p2a: Laet|move: Protect\n|-damage|p1b: Azumarill|88\/100|[from] Spiky Shield|[of] p2a: Laet\n|move|p2b: Zeus|Thunderbolt|p1b: Azumarill\n|-supereffective|p1b: Azumarill\n|-damage|p1b: Azumarill|0 fnt\n|faint|p1b: Azumarill\n|\n|upkeep\n|\n|t:|1700443611\n|switch|p1b: Farigiraf|Farigiraf, L50, M, tera:Fire|100\/100\n|turn|4\n|\n|t:|1700443619\n|switch|p2a: Atarka|Roaring Moon, L50|100\/100\n|move|p1a: Matcha|Matcha Gotcha|p2a: Atarka|[spread] p2a,p2b\n|-resisted|p2a: Atarka\n|-resisted|p2b: Zeus\n|-damage|p2a: Atarka|89\/100\n|-damage|p2b: Zeus|90\/100\n|move|p1b: Farigiraf|Tera Blast|p2a: Atarka|[anim] Tera Blast Fire\n|-resisted|p2a: Atarka\n|-damage|p2a: Atarka|77\/100\n|move|p2b: Zeus|Wildbolt Storm|p1a: Matcha|[spread] p1a\n|-miss|p2b: Zeus|p1b: Farigiraf\n|-resisted|p1a: Matcha\n|-damage|p1a: Matcha|82\/100\n|\n|upkeep\n|turn|5\n|\n|t:|1700443636\n|move|p1a: Matcha|Matcha Gotcha|p2a: Atarka|[spread] p2a,p2b\n|-resisted|p2a: Atarka\n|-resisted|p2b: Zeus\n|-damage|p2a: Atarka|66\/100\n|-heal|p1a: Matcha|88\/100|[from] drain|[of] p2a: Atarka\n|-damage|p2b: Zeus|80\/100\n|-heal|p1a: Matcha|93\/100|[from] drain|[of] p2b: Zeus\n|-status|p2a: Atarka|brn\n|move|p1b: Farigiraf|Tera Blast|p2b: Zeus|[anim] Tera Blast Fire\n|-damage|p2b: Zeus|53\/100\n|move|p2b: Zeus|Wildbolt Storm|p1b: Farigiraf|[spread] p1a\n|-miss|p2b: Zeus|p1b: Farigiraf\n|-resisted|p1a: Matcha\n|-damage|p1a: Matcha|72\/100\n|move|p2a: Atarka|Knock Off|p1a: Matcha\n|-supereffective|p1a: Matcha\n|-damage|p1a: Matcha|25\/100\n|-enditem|p1a: Matcha|Wiki Berry|[from] move: Knock Off|[of] p2a: Atarka\n|\n|-damage|p2a: Atarka|60\/100 brn|[from] brn\n|-fieldend|move: Trick Room\n|upkeep\n|turn|6\n|\n|t:|1700443657\n|move|p2a: Atarka|Knock Off|p1a: Matcha\n|-supereffective|p1a: Matcha\n|-damage|p1a: Matcha|0 fnt\n|faint|p1a: Matcha\n|move|p2b: Zeus|Wildbolt Storm|p1b: Farigiraf\n|-damage|p1b: Farigiraf|50\/100\n|move|p1b: Farigiraf|Trick Room|p1b: Farigiraf\n|-fieldstart|move: Trick Room|[of] p1b: Farigiraf\n|\n|-damage|p2a: Atarka|54\/100 brn|[from] brn\n|upkeep\n|turn|7\n|\n|t:|1700443685\n|move|p1b: Farigiraf|Tera Blast|p2b: Zeus|[anim] Tera Blast Fire\n|-damage|p2b: Zeus|24\/100\n|move|p2b: Zeus|Thunderbolt|p1b: Farigiraf\n|-damage|p1b: Farigiraf|7\/100\n|move|p2a: Atarka|Knock Off|p1b: Farigiraf\n|-damage|p1b: Farigiraf|0 fnt\n|-enditem|p1b: Farigiraf|Mental Herb|[from] move: Knock Off|[of] p2a: Atarka\n|faint|p1b: Farigiraf\n|\n|win|SpadesHS\n|n|\u2606MochaMatcha|mochamatcha\n|n|\u2606SpadesHS|spadeshs\n|l|\u2606MochaMatcha\n","uploadtime":1700445701,"views":8,"p1id":"mochamatcha","p2id":"spadeshs","formatid":"gen9vgc2023regulatione","rating":0,"private":0,"password":""}