{"id":"gen9vgc2023regulatione-1993870040","p1":"PunkRockObstagoon","p2":"FlopyFlopsters","format":"[Gen 9] VGC 2023 Regulation E","log":"|j|\u2606PunkRockObstagoon\n|j|\u2606FlopyFlopsters\n|t:|1700367810\n|gametype|doubles\n|player|p1|PunkRockObstagoon|hilbert|1459\n|player|p2|FlopyFlopsters|nate|1568\n|teamsize|p1|6\n|teamsize|p2|6\n|gen|9\n|tier|[Gen 9] VGC 2023 Regulation E\n|rated|\n|rule|Species Clause: Limit one of each Pok\u00e9mon\n|rule|Item Clause: Limit one of each item\n|clearpoke\n|poke|p1|Spinarak, L50, M|\n|poke|p1|Tatsugiri-Droopy, L50, M|\n|poke|p1|Urshifu-*, L50, M|\n|poke|p1|Lurantis, L50, F|\n|poke|p1|Armarouge, L50, M|\n|poke|p1|Farigiraf, L50, F|\n|poke|p2|Tornadus, L50, M|\n|poke|p2|Urshifu-*, L50, M|\n|poke|p2|Iron Hands, L50|\n|poke|p2|Farigiraf, L50, F|\n|poke|p2|Chien-Pao, L50|\n|poke|p2|Arcanine-Hisui, L50, M|\n|teampreview|4\n|inactive|Battle timer is ON: inactive players will automatically lose when time's up. (requested by PunkRockObstagoon)\n|inactive|FlopyFlopsters also wants the timer to be on.\n|c|\u2606FlopyFlopsters|is that eviolite spooder\n|c|\u2606FlopyFlopsters|crap what tech is this\n|inactive|PunkRockObstagoon has 60 seconds left.\n|c|\u2606FlopyFlopsters|what move it gets\n|c|\u2606FlopyFlopsters|lemme google rq\n|inactive|FlopyFlopsters no longer wants the timer on, but the timer is staying on because punkrockobstagoon still does.\n|\n|t:|1700367847\n|start\n|switch|p1a: Farigiraf|Farigiraf, L50, F|100\/100\n|switch|p1b: Urshifu|Urshifu, L50, M|100\/100\n|switch|p2a: Jimmy|Tornadus, L50, M|100\/100\n|switch|p2b: Timmy|Urshifu-Rapid-Strike, L50, M|100\/100\n|turn|1\n|c|\u2606FlopyFlopsters|dood plz\n|c|\u2606FlopyFlopsters|turn off timer\n|c|\u2606FlopyFlopsters|i need to see spooder moves\n|\n|t:|1700367861\n|switch|p1b: Tatsugiri|Tatsugiri-Droopy, L50, M|100\/100\n|-terastallize|p2b: Timmy|Water\n|move|p2a: Jimmy|Rain Dance|p2a: Jimmy\n|-weather|RainDance\n|move|p2b: Timmy|Surging Strikes|p1b: Tatsugiri\n|-activate|p1b: Tatsugiri|ability: Storm Drain\n|-ability|p1b: Tatsugiri|Storm Drain|boost\n|-boost|p1b: Tatsugiri|spa|1\n|move|p1a: Farigiraf|Trick Room|p1a: Farigiraf\n|-fieldstart|move: Trick Room|[of] p1a: Farigiraf\n|\n|-weather|RainDance|[upkeep]\n|upkeep\n|turn|2\n|\n|t:|1700367873\n|move|p2b: Timmy|Detect|p2b: Timmy\n|-singleturn|p2b: Timmy|Protect\n|move|p1a: Farigiraf|Hyper Voice|p2b: Timmy|[spread] p2a\n|-activate|p2b: Timmy|move: Protect\n|-damage|p2a: Jimmy|67\/100\n|move|p1b: Tatsugiri|Muddy Water|p2a: Jimmy|[spread] p2a\n|-activate|p2b: Timmy|move: Protect\n|-damage|p2a: Jimmy|0 fnt\n|faint|p2a: Jimmy\n|\n|-weather|RainDance|[upkeep]\n|upkeep\n|\n|t:|1700367884\n|switch|p2a: Billy|Iron Hands, L50|100\/100\n|turn|3\n|\n|t:|1700367890\n|move|p2a: Billy|Wild Charge|p1b: Tatsugiri\n|-damage|p1b: Tatsugiri|23\/100\n|-damage|p2a: Billy|86\/100|[from] Recoil\n|move|p1a: Farigiraf|Psychic|p2a: Billy\n|-supereffective|p2a: Billy\n|-damage|p2a: Billy|32\/100\n|move|p1b: Tatsugiri|Muddy Water|p2b: Timmy|[spread] p2a,p2b\n|-resisted|p2b: Timmy\n|-damage|p2a: Billy|0 fnt\n|-damage|p2b: Timmy|40\/100\n|-unboost|p2b: Timmy|accuracy|1\n|faint|p2a: Billy\n|-end|p2a: Billy|Quark Drive|[silent]\n|move|p2b: Timmy|Close Combat|p1a: Farigiraf\n|-damage|p1a: Farigiraf|22\/100\n|-unboost|p2b: Timmy|def|1\n|-unboost|p2b: Timmy|spd|1\n|\n|-weather|RainDance|[upkeep]\n|-heal|p1b: Tatsugiri|29\/100|[from] item: Leftovers\n|upkeep\n|\n|t:|1700367907\n|switch|p2a: Johnny|Chien-Pao, L50|100\/100\n|-ability|p2a: Johnny|Sword of Ruin\n|turn|4\n|\n|t:|1700367915\n|move|p2b: Timmy|Detect|p2b: Timmy\n|-singleturn|p2b: Timmy|Protect\n|move|p1a: Farigiraf|Hyper Voice|p2a: Johnny|[spread] p2a\n|-activate|p2b: Timmy|move: Protect\n|-damage|p2a: Johnny|48\/100\n|move|p1b: Tatsugiri|Substitute|p1b: Tatsugiri\n|-start|p1b: Tatsugiri|Substitute\n|-damage|p1b: Tatsugiri|4\/100\n|move|p2a: Johnny|Ice Spinner|p1b: Tatsugiri\n|-end|p1b: Tatsugiri|Substitute\n|\n|-weather|RainDance|[upkeep]\n|-heal|p1b: Tatsugiri|10\/100|[from] item: Leftovers\n|upkeep\n|turn|5\n|\n|t:|1700367931\n|-terastallize|p1b: Tatsugiri|Flying\n|move|p2a: Johnny|Protect|p2a: Johnny\n|-singleturn|p2a: Johnny|Protect\n|move|p1a: Farigiraf|Low Kick|p2a: Johnny\n|-activate|p2a: Johnny|move: Protect\n|move|p1b: Tatsugiri|Tera Blast|p2b: Timmy|[anim] Tera Blast Flying\n|-damage|p2b: Timmy|0 fnt\n|faint|p2b: Timmy\n|\n|-weather|none\n|-heal|p1b: Tatsugiri|15\/100|[from] item: Leftovers\n|-fieldend|move: Trick Room\n|upkeep\n|turn|6\n|c|\u2606FlopyFlopsters|ggwp\n|\n|t:|1700367943\n|move|p2a: Johnny|Ice Spinner|p1a: Farigiraf\n|-damage|p1a: Farigiraf|0 fnt\n|faint|p1a: Farigiraf\n|move|p1b: Tatsugiri|Tera Blast|p2a: Johnny|[anim] Tera Blast Flying\n|-damage|p2a: Johnny|0 fnt\n|faint|p2a: Johnny\n|\n|win|PunkRockObstagoon\n|raw|PunkRockObstagoon's rating: 1459 &rarr; <strong>1485<\/strong><br \/>(+26 for winning)\n|raw|FlopyFlopsters's rating: 1568 &rarr; <strong>1542<\/strong><br \/>(-26 for losing)\n|l|\u2606FlopyFlopsters\n|c|\u2606PunkRockObstagoon|ggwp\n","uploadtime":1700367946,"views":7,"p1id":"punkrockobstagoon","p2id":"flopyflopsters","formatid":"gen9vgc2023regulatione","rating":1485,"private":0,"password":""}