{"id":"gen9vgc2023regulatione-1998002920","p1":"TREY_NJVGC","p2":"tomate palta","format":"[Gen 9] VGC 2023 Regulation E","log":"|j|\u2606TREY_NJVGC\n|j|\u2606tomate palta\n|t:|1700877658\n|gametype|doubles\n|player|p1|TREY_NJVGC|bede-leader|1115\n|player|p2|tomate palta|cheren-gen5bw2|1077\n|teamsize|p1|6\n|teamsize|p2|6\n|gen|9\n|tier|[Gen 9] VGC 2023 Regulation E\n|rated|\n|rule|Species Clause: Limit one of each Pok\u00e9mon\n|rule|Item Clause: Limit one of each item\n|clearpoke\n|poke|p1|Urshifu-*, L50, F|\n|poke|p1|Politoed, L50, F|\n|poke|p1|Ludicolo, L50, M|\n|poke|p1|Thundurus-Therian, L50, M|\n|poke|p1|Tornadus, L50, M|\n|poke|p1|Sinistcha, L50|\n|poke|p2|Ninetales, L50, F|\n|poke|p2|Arcanine-Hisui, L50, M|\n|poke|p2|Milotic, L50, F|\n|poke|p2|Trevenant, L50, M|\n|poke|p2|Noivern, L50, M|\n|poke|p2|Ogerpon-Hearthflame, L50, F|\n|teampreview|4\n|inactive|Battle timer is ON: inactive players will automatically lose when time's up. (requested by tomate palta)\n|c|\u2606TREY_NJVGC|ahh the classic\n|c|\u2606TREY_NJVGC|sun v rain\n|c|\u2606TREY_NJVGC|glhf\n|c|\u2606tomate palta|our battle will be legendary\n|inactive|TREY_NJVGC has 60 seconds left.\n|inactive|tomate palta has 60 seconds left.\n|\n|t:|1700877710\n|start\n|switch|p1a: Tornadus|Tornadus, L50, M|100\/100\n|switch|p1b: Urshifu|Urshifu-Rapid-Strike, L50, F|100\/100\n|switch|p2a: Milotic|Milotic, L50, F, shiny|100\/100\n|switch|p2b: Arcanine|Arcanine-Hisui, L50, M, shiny|100\/100\n|-ability|p2b: Arcanine|Intimidate|boost\n|-unboost|p1a: Tornadus|atk|1\n|-fail|p1b: Urshifu|unboost|[from] item: Clear Amulet|[of] p1b: Urshifu\n|turn|1\n|inactive|TREY_NJVGC has 30 seconds left.\n|\n|t:|1700877737\n|switch|p2b: Ninetales|Ninetales, L50, F, shiny|100\/100\n|-weather|SunnyDay|[from] ability: Drought|[of] p2b: Ninetales\n|-terastallize|p1b: Urshifu|Water\n|move|p1a: Tornadus|Tailwind|p1a: Tornadus\n|-sidestart|p1: TREY_NJVGC|move: Tailwind\n|move|p1b: Urshifu|Surging Strikes|p2b: Ninetales\n|-supereffective|p2b: Ninetales\n|-crit|p2b: Ninetales\n|-damage|p2b: Ninetales|57\/100\n|-supereffective|p2b: Ninetales\n|-crit|p2b: Ninetales\n|-damage|p2b: Ninetales|22\/100\n|-supereffective|p2b: Ninetales\n|-crit|p2b: Ninetales\n|-damage|p2b: Ninetales|0 fnt\n|faint|p2b: Ninetales\n|-hitcount|p2: Ninetales|3\n|move|p2a: Milotic|Weather Ball|p1a: Tornadus\n|-damage|p1a: Tornadus|46\/100\n|\n|-weather|SunnyDay|[upkeep]\n|-status|p2a: Milotic|brn|[from] item: Flame Orb\n|upkeep\n|\n|t:|1700877756\n|switch|p2b: Ogerpon|Ogerpon-Hearthflame, L50, F|100\/100\n|-ability|p2b: Ogerpon|Mold Breaker\n|turn|2\n|\n|t:|1700877775\n|switch|p1a: Politoed|Politoed, L50, F|100\/100\n|-weather|RainDance|[from] ability: Drizzle|[of] p1a: Politoed\n|move|p1b: Urshifu|Detect|p1b: Urshifu\n|-singleturn|p1b: Urshifu|Protect\n|move|p2b: Ogerpon|Trailblaze|p1b: Urshifu\n|-activate|p1b: Urshifu|move: Protect\n|move|p2a: Milotic|Weather Ball|p1a: Politoed\n|-resisted|p1a: Politoed\n|-damage|p1a: Politoed|79\/100\n|\n|-weather|RainDance|[upkeep]\n|-damage|p2a: Milotic|95\/100 brn|[from] brn\n|upkeep\n|turn|3\n|\n|t:|1700877799\n|move|p1a: Politoed|Helping Hand|p1b: Urshifu\n|-singleturn|p1b: Urshifu|Helping Hand|[of] p1a: Politoed\n|move|p2b: Ogerpon|Spiky Shield|p2b: Ogerpon\n|-singleturn|p2b: Ogerpon|move: Protect\n|move|p1b: Urshifu|Close Combat|p2b: Ogerpon\n|-damage|p2b: Ogerpon|0 fnt\n|-unboost|p1b: Urshifu|def|1\n|-unboost|p1b: Urshifu|spd|1\n|faint|p2b: Ogerpon\n|move|p2a: Milotic|Draining Kiss|p1b: Urshifu\n|-damage|p1b: Urshifu|74\/100\n|-heal|p2a: Milotic|100\/100 brn|[from] drain|[of] p1b: Urshifu\n|\n|-weather|RainDance|[upkeep]\n|-damage|p2a: Milotic|95\/100 brn|[from] brn\n|upkeep\n|\n|t:|1700877815\n|switch|p2b: Arcanine|Arcanine-Hisui, L50, M, shiny|100\/100\n|-ability|p2b: Arcanine|Intimidate|boost\n|-unboost|p1a: Politoed|atk|1\n|-fail|p1b: Urshifu|unboost|[from] item: Clear Amulet|[of] p1b: Urshifu\n|turn|4\n|\n|t:|1700877829\n|switch|p1b: Tornadus|Tornadus, L50, M|46\/100\n|-terastallize|p2b: Arcanine|Normal\n|move|p2b: Arcanine|Extreme Speed|p1b: Tornadus\n|-damage|p1b: Tornadus|0 fnt\n|faint|p1b: Tornadus\n|move|p1a: Politoed|Perish Song|p1a: Politoed\n|-start|p1a: Politoed|perish3|[silent]\n|-start|p2a: Milotic|perish3|[silent]\n|-start|p2b: Arcanine|perish3|[silent]\n|-fieldactivate|move: Perish Song\n|move|p2a: Milotic|Draining Kiss|p1a: Politoed\n|-damage|p1a: Politoed|69\/100\n|-heal|p2a: Milotic|100\/100 brn|[from] drain|[of] p1a: Politoed\n|\n|-weather|RainDance|[upkeep]\n|-damage|p2a: Milotic|95\/100 brn|[from] brn\n|-start|p1a: Politoed|perish3\n|-start|p2b: Arcanine|perish3\n|-start|p2a: Milotic|perish3\n|-sideend|p1: TREY_NJVGC|move: Tailwind\n|upkeep\n|\n|t:|1700877847\n|switch|p1b: Urshifu|Urshifu-Rapid-Strike, L50, F, tera:Water|74\/100\n|turn|5\n|c|\u2606tomate palta|GOOD OL PERISH SONG\n|c|\u2606TREY_NJVGC|but ofc B)\n|\n|t:|1700877865\n|move|p1b: Urshifu|Detect|p1b: Urshifu\n|-singleturn|p1b: Urshifu|Protect\n|move|p1a: Politoed|Protect|p1a: Politoed\n|-singleturn|p1a: Politoed|Protect\n|move|p2b: Arcanine|Extreme Speed|p1b: Urshifu\n|-activate|p1b: Urshifu|move: Protect\n|move|p2a: Milotic|Draining Kiss|p1b: Urshifu\n|-activate|p1b: Urshifu|move: Protect\n|\n|-weather|RainDance|[upkeep]\n|-damage|p2a: Milotic|89\/100 brn|[from] brn\n|-start|p2b: Arcanine|perish2\n|-start|p2a: Milotic|perish2\n|-start|p1a: Politoed|perish2\n|upkeep\n|turn|6\n|inactive|TREY_NJVGC has 30 seconds left.\n|\n|t:|1700877897\n|move|p2b: Arcanine|Extreme Speed|p1b: Urshifu\n|-damage|p1b: Urshifu|6\/100\n|move|p1b: Urshifu|Close Combat|p2b: Arcanine\n|-supereffective|p2b: Arcanine\n|-damage|p2b: Arcanine|0 fnt\n|-unboost|p1b: Urshifu|def|1\n|-unboost|p1b: Urshifu|spd|1\n|faint|p2b: Arcanine\n|move|p2a: Milotic|Weather Ball|p1b: Urshifu\n|-resisted|p1b: Urshifu\n|-damage|p1b: Urshifu|0 fnt\n|faint|p1b: Urshifu\n|move|p1a: Politoed|Chilling Water|p2a: Milotic\n|-resisted|p2a: Milotic\n|-damage|p2a: Milotic|80\/100 brn\n|-unboost|p2a: Milotic|atk|1\n|\n|-weather|none\n|-damage|p2a: Milotic|74\/100 brn|[from] brn\n|-start|p2a: Milotic|perish1\n|-start|p1a: Politoed|perish1\n|upkeep\n|\n|t:|1700877911\n|switch|p1b: Thundurus|Thundurus-Therian, L50, M|100\/100\n|turn|7\n|\n|t:|1700877919\n|move|p1a: Politoed|Helping Hand|p1b: Thundurus\n|-singleturn|p1b: Thundurus|Helping Hand|[of] p1a: Politoed\n|move|p1b: Thundurus|Wildbolt Storm|p2a: Milotic\n|-supereffective|p2a: Milotic\n|-damage|p2a: Milotic|0 fnt\n|faint|p2a: Milotic\n|\n|win|TREY_NJVGC\n|raw|TREY_NJVGC's rating: 1115 &rarr; <strong>1137<\/strong><br \/>(+22 for winning)\n|raw|tomate palta's rating: 1077 &rarr; <strong>1058<\/strong><br \/>(-19 for losing)\n|c|\u2606tomate palta|gg man\n|c|\u2606TREY_NJVGC|gg sir\n","uploadtime":1700877936,"views":5,"p1id":"treynjvgc","p2id":"tomatepalta","formatid":"gen9vgc2023regulatione","rating":1058,"private":0,"password":""}