{"id":"gen9vgc2023regulatione-1999378397","p1":"Mirai_Burai","p2":"Mallow_sux","format":"[Gen 9] VGC 2023 Regulation E","log":"|j|\u2606Mirai_Burai\n|j|\u2606Mallow_sux\n|n|\u2606Mirai_Burai|miraiburai\n|n|\u2606Mallow_sux|mallowsux\n|html|View the match progress at <a href=\"\/game-bestof3-gen9vgc2023regulatione-1999378396\">game-bestof3-gen9vgc2023regulatione-1999378396<\/a>\n|t:|1701070064\n|gametype|doubles\n|player|p1|Mirai_Burai|skyla|\n|player|p2|Mallow_sux|shauntal|\n|teamsize|p1|6\n|teamsize|p2|6\n|gen|9\n|tier|[Gen 9] VGC 2023 Regulation E\n|rule|Species Clause: Limit one of each Pok\u00e9mon\n|rule|Item Clause: Limit one of each item\n|clearpoke\n|poke|p1|Empoleon, L50, M|\n|poke|p1|Tornadus, L50, M|\n|poke|p1|Ninetales-Alola, L50, F|\n|poke|p1|Sinistcha, L50|\n|poke|p1|Okidogi, L50, M|\n|poke|p1|Urshifu-*, L50, M|\n|poke|p2|Iron Bundle, L50|\n|poke|p2|Tornadus, L50, M|\n|poke|p2|Flutter Mane, L50|\n|poke|p2|Ogerpon-Hearthflame, L50, F|\n|poke|p2|Rillaboom, L50, M|\n|poke|p2|Chi-Yu, L50|\n|teampreview|4\n|\n|t:|1701070096\n|start\n|switch|p1a: Ninetales|Ninetales-Alola, L50, F, shiny|100\/100\n|switch|p1b: Empoleon|Empoleon, L50, M|100\/100\n|switch|p2a: Rillaboom|Rillaboom, L50, M|100\/100\n|switch|p2b: Ogerpon|Ogerpon-Hearthflame, L50, F|100\/100\n|-weather|Snow|[from] ability: Snow Warning|[of] p1a: Ninetales\n|-ability|p2b: Ogerpon|Mold Breaker\n|-fieldstart|move: Grassy Terrain|[from] ability: Grassy Surge|[of] p2a: Rillaboom\n|turn|1\n|\n|t:|1701070126\n|-terastallize|p1a: Ninetales|Ghost\n|move|p2a: Rillaboom|Fake Out|p1a: Ninetales\n|-immune|p1a: Ninetales\n|move|p2b: Ogerpon|Grassy Glide|p1b: Empoleon\n|-damage|p1b: Empoleon|56\/100\n|move|p1a: Ninetales|Aurora Veil|p1a: Ninetales\n|-sidestart|p1: Mirai_Burai|move: Aurora Veil\n|move|p1b: Empoleon|Blizzard|p2b: Ogerpon|[spread] p2a,p2b\n|-supereffective|p2a: Rillaboom\n|-damage|p2a: Rillaboom|57\/100\n|-damage|p2b: Ogerpon|73\/100\n|\n|-weather|Snow|[upkeep]\n|-heal|p2b: Ogerpon|79\/100|[from] Grassy Terrain\n|-heal|p2a: Rillaboom|63\/100|[from] Grassy Terrain\n|-heal|p1b: Empoleon|62\/100|[from] Grassy Terrain\n|upkeep\n|turn|2\n|\n|t:|1701070164\n|switch|p1a: Tornadus|Tornadus, L50, M|100\/100\n|move|p2b: Ogerpon|Grassy Glide|p1b: Empoleon\n|-damage|p1b: Empoleon|30\/100\n|move|p2a: Rillaboom|Grassy Glide|p1b: Empoleon\n|-damage|p1b: Empoleon|3\/100\n|move|p1b: Empoleon|Blizzard|p2b: Ogerpon|[spread] p2a,p2b\n|-supereffective|p2a: Rillaboom\n|-damage|p2a: Rillaboom|20\/100\n|-damage|p2b: Ogerpon|49\/100\n|-status|p2b: Ogerpon|frz\n|\n|-weather|Snow|[upkeep]\n|-heal|p2b: Ogerpon|55\/100 frz|[from] Grassy Terrain\n|-heal|p2a: Rillaboom|26\/100|[from] Grassy Terrain\n|-heal|p1b: Empoleon|9\/100|[from] Grassy Terrain\n|upkeep\n|turn|3\n|\n|t:|1701070199\n|move|p1a: Tornadus|Tailwind|p1a: Tornadus\n|-sidestart|p1: Mirai_Burai|move: Tailwind\n|move|p2a: Rillaboom|Grassy Glide|p1b: Empoleon\n|-damage|p1b: Empoleon|0 fnt\n|faint|p1b: Empoleon\n|cant|p2b: Ogerpon|frz\n|\n|-weather|Snow|[upkeep]\n|-heal|p2b: Ogerpon|61\/100 frz|[from] Grassy Terrain\n|-heal|p2a: Rillaboom|32\/100|[from] Grassy Terrain\n|upkeep\n|\n|t:|1701070209\n|switch|p1b: Urshifu|Urshifu, L50, M|100\/100\n|turn|4\n|\n|t:|1701070242\n|move|p1a: Tornadus|Bleakwind Storm|p2a: Rillaboom|[spread] p2a,p2b\n|-supereffective|p2a: Rillaboom\n|-supereffective|p2b: Ogerpon\n|-damage|p2a: Rillaboom|0 fnt\n|-damage|p2b: Ogerpon|0 fnt\n|faint|p2a: Rillaboom\n|faint|p2b: Ogerpon\n|move|p1b: Urshifu|Close Combat|p2: Rillaboom|[notarget]\n|-fail|p1b: Urshifu\n|\n|-weather|Snow|[upkeep]\n|upkeep\n|\n|t:|1701070251\n|switch|p2b: Iron Bundle|Iron Bundle, L50|100\/100\n|switch|p2a: Flutter Mane|Flutter Mane, L50|100\/100\n|-enditem|p2b: Iron Bundle|Booster Energy\n|-activate|p2b: Iron Bundle|ability: Quark Drive|[fromitem]\n|-start|p2b: Iron Bundle|quarkdrivespe\n|turn|5\n|\n|t:|1701070305\n|switch|p1b: Ninetales|Ninetales-Alola, L50, F, shiny, tera:Ghost|100\/100\n|-terastallize|p2a: Flutter Mane|Fairy\n|move|p1a: Tornadus|Bleakwind Storm|p2b: Iron Bundle|[spread] p2b\n|-miss|p1a: Tornadus|p2a: Flutter Mane\n|-damage|p2b: Iron Bundle|35\/100\n|move|p2b: Iron Bundle|Icy Wind|p1a: Tornadus|[spread] p1a,p1b\n|-supereffective|p1a: Tornadus\n|-damage|p1a: Tornadus|64\/100\n|-damage|p1b: Ninetales|86\/100\n|-unboost|p1b: Ninetales|spe|1\n|move|p2a: Flutter Mane|Moonblast|p1b: Ninetales\n|-damage|p1b: Ninetales|31\/100\n|\n|-weather|none\n|-heal|p2b: Iron Bundle|41\/100|[from] Grassy Terrain\n|-heal|p1b: Ninetales|37\/100|[from] Grassy Terrain\n|-fieldend|move: Grassy Terrain\n|upkeep\n|turn|6\n|\n|t:|1701070345\n|move|p1b: Ninetales|Protect|p1b: Ninetales\n|-singleturn|p1b: Ninetales|Protect\n|move|p1a: Tornadus|Rain Dance|p1a: Tornadus\n|-weather|RainDance\n|move|p2b: Iron Bundle|Freeze-Dry|p1a: Tornadus\n|-supereffective|p1a: Tornadus\n|-damage|p1a: Tornadus|0 fnt\n|faint|p1a: Tornadus\n|move|p2a: Flutter Mane|Shadow Ball|p1b: Ninetales\n|-activate|p1b: Ninetales|move: Protect\n|\n|-weather|RainDance|[upkeep]\n|-sideend|p1: Mirai_Burai|move: Tailwind\n|upkeep\n|\n|t:|1701070355\n|switch|p1a: Urshifu|Urshifu, L50, M|100\/100\n|turn|7\n|\n|t:|1701070367\n|move|p2b: Iron Bundle|Protect|p2b: Iron Bundle\n|-singleturn|p2b: Iron Bundle|Protect\n|move|p1b: Ninetales|Protect||[still]\n|-fail|p1b: Ninetales\n|move|p2a: Flutter Mane|Shadow Ball|p1b: Ninetales\n|-supereffective|p1b: Ninetales\n|-damage|p1b: Ninetales|0 fnt\n|faint|p1b: Ninetales\n|move|p1a: Urshifu|Close Combat|p2b: Iron Bundle\n|-supereffective|p2b: Iron Bundle\n|-damage|p2b: Iron Bundle|0 fnt\n|-unboost|p1a: Urshifu|def|1\n|-unboost|p1a: Urshifu|spd|1\n|faint|p2b: Iron Bundle\n|-end|p2b: Iron Bundle|Quark Drive|[silent]\n|\n|-weather|RainDance|[upkeep]\n|upkeep\n|turn|8\n|\n|t:|1701070390\n|move|p2a: Flutter Mane|Moonblast|p1a: Urshifu\n|-supereffective|p1a: Urshifu\n|-damage|p1a: Urshifu|0 fnt\n|faint|p1a: Urshifu\n|\n|win|Mallow_sux\n","uploadtime":1701070397,"views":4,"p1id":"miraiburai","p2id":"mallowsux","formatid":"gen9vgc2023regulatione","rating":0,"private":0,"password":""}