{"id":"gen9vgc2023regulatione-1989618733","p1":"Tilzy","p2":"Treeman480","format":"[Gen 9] VGC 2023 Regulation E","log":"|j|\u2606Tilzy\n|j|\u2606Treeman480\n|t:|1699879576\n|gametype|doubles\n|player|p1|Tilzy|2|\n|player|p2|Treeman480|n|\n|teamsize|p1|6\n|teamsize|p2|6\n|gen|9\n|tier|[Gen 9] VGC 2023 Regulation E\n|rated|Tournament battle\n|rule|Species Clause: Limit one of each Pok\u00e9mon\n|rule|Item Clause: Limit one of each item\n|clearpoke\n|poke|p1|Regidrago, L50|\n|poke|p1|Tornadus, L50, M|\n|poke|p1|Urshifu-*, L50, M|\n|poke|p1|Rillaboom, L50, F|\n|poke|p1|Gholdengo, L50|\n|poke|p1|Ogerpon-Hearthflame, L50, F|\n|poke|p2|Iron Hands, L50|\n|poke|p2|Urshifu-*, L50, M|\n|poke|p2|Heatran, L50, M|\n|poke|p2|Chien-Pao, L50|\n|poke|p2|Cresselia, L50, F|\n|poke|p2|Amoonguss, L50, F|\n|teampreview|4\n|showteam|p1|Regidrago||DragonFang|DragonsMaw|DragonEnergy,DragonPulse,EarthPower,Protect||||||50|,,,,,Steel]Tornadus||FocusSash|Prankster|IcyWind,Protect,BleakwindStorm,Tailwind|||M|||50|,,,,,Ghost]Urshifu-Rapid-Strike||ChoiceScarf|UnseenFist|SurgingStrikes,CloseCombat,AquaJet,RockSlide|||M|||50|,,,,,Water]Rillaboom||AssaultVest|GrassySurge|GrassyGlide,HighHorsepower,WoodHammer,FakeOut|||F|||50|,,,,,Fire]Gholdengo||ChoiceSpecs|GoodasGold|MakeItRain,ShadowBall,Thunderbolt,PowerGem||||||50|,,,,,Steel]Ogerpon-Hearthflame||HearthflameMask|MoldBreaker|IvyCudgel,GrassyGlide,FollowMe,SpikyShield|||F|||50|,,,,,Fire\n|showteam|p2|Iron Hands||AssaultVest|QuarkDrive|DrainPunch,WildCharge,FakeOut,VoltSwitch||||||50|,,,,,Grass]Urshifu-Rapid-Strike||ChoiceScarf|UnseenFist|SurgingStrikes,CloseCombat,AquaJet,Uturn|||M|||50|,,,,,Water]Heatran||LifeOrb|FlashFire|FlashCannon,Protect,Flamethrower,TeraBlast|||M|||50|,,,,,Grass]Chien-Pao||FocusSash|SwordofRuin|IceSpinner,Protect,SacredSword,SuckerPunch||||||50|,,,,,Ghost]Cresselia||SafetyGoggles|Levitate|Psychic,IceBeam,LunarBlessing,TrickRoom|||F|||50|,,,,,Electric]Amoonguss||SitrusBerry|Regenerator|Spore,PollenPuff,GrassKnot,RagePowder|||F|||50|,,,,,Water\n|c|\u2606Treeman480|GlHf\n|c|\u2606Tilzy|glhf\n|j| Psyscar\n|l| Psyscar\n|\n|t:|1699879643\n|start\n|switch|p1a: Gholdengo|Gholdengo, L50, shiny|100\/100\n|switch|p1b: Tornadus|Tornadus, L50, M, shiny|100\/100\n|switch|p2a: Cresselia|Cresselia, L50, F|100\/100\n|switch|p2b: Chien-Pao|Chien-Pao, L50|100\/100\n|-ability|p2b: Chien-Pao|Sword of Ruin\n|turn|1\n|\n|t:|1699879667\n|-terastallize|p1a: Gholdengo|Steel\n|-terastallize|p2a: Cresselia|Electric\n|move|p2b: Chien-Pao|Sucker Punch|p1a: Gholdengo\n|-damage|p1a: Gholdengo|53\/100\n|move|p1b: Tornadus|Bleakwind Storm|p2b: Chien-Pao|[spread] \n|-miss|p1b: Tornadus|p2a: Cresselia\n|-miss|p1b: Tornadus|p2b: Chien-Pao\n|move|p1a: Gholdengo|Make It Rain|p2a: Cresselia|[spread] p2a,p2b\n|-resisted|p2a: Cresselia\n|-supereffective|p2b: Chien-Pao\n|-damage|p2a: Cresselia|69\/100\n|-enditem|p2b: Chien-Pao|Focus Sash\n|-damage|p2b: Chien-Pao|1\/100\n|-unboost|p1a: Gholdengo|spa|1\n|move|p2a: Cresselia|Trick Room|p2a: Cresselia\n|-fieldstart|move: Trick Room|[of] p2a: Cresselia\n|\n|upkeep\n|turn|2\n|\n|t:|1699879700\n|switch|p2b: Heatran|Heatran, L50, M|100\/100\n|move|p2a: Cresselia|Ice Beam|p1b: Tornadus\n|-supereffective|p1b: Tornadus\n|-damage|p1b: Tornadus|39\/100\n|move|p1a: Gholdengo|Make It Rain|p2a: Cresselia|[spread] p2a,p2b\n|-resisted|p2a: Cresselia\n|-resisted|p2b: Heatran\n|-damage|p2a: Cresselia|49\/100\n|-damage|p2b: Heatran|88\/100\n|-unboost|p1a: Gholdengo|spa|1\n|move|p1b: Tornadus|Bleakwind Storm|p2a: Cresselia|[spread] p2a,p2b\n|-resisted|p2a: Cresselia\n|-resisted|p2b: Heatran\n|-damage|p2a: Cresselia|38\/100\n|-damage|p2b: Heatran|71\/100\n|-unboost|p2a: Cresselia|spe|1\n|\n|upkeep\n|turn|3\n|\n|t:|1699879721\n|move|p2a: Cresselia|Lunar Blessing|p2a: Cresselia|[spread] p2a,p2b\n|-heal|p2a: Cresselia|63\/100\n|-heal|p2b: Heatran|96\/100\n|move|p2b: Heatran|Flamethrower|p1a: Gholdengo\n|-supereffective|p1a: Gholdengo\n|-damage|p1a: Gholdengo|0 fnt\n|faint|p1a: Gholdengo\n|-damage|p2b: Heatran|86\/100|[from] item: Life Orb\n|move|p1b: Tornadus|Bleakwind Storm|p2a: Cresselia|[spread] p2b\n|-miss|p1b: Tornadus|p2a: Cresselia\n|-resisted|p2b: Heatran\n|-crit|p2b: Heatran\n|-damage|p2b: Heatran|64\/100\n|\n|upkeep\n|\n|t:|1699879782\n|switch|p1a: Rillaboom|Rillaboom, L50, F, shiny|100\/100\n|-fieldstart|move: Grassy Terrain|[from] ability: Grassy Surge|[of] p1a: Rillaboom\n|turn|4\n|\n|t:|1699879794\n|move|p2b: Heatran|Protect|p2b: Heatran\n|-singleturn|p2b: Heatran|Protect\n|move|p1a: Rillaboom|Fake Out|p2b: Heatran\n|-activate|p2b: Heatran|move: Protect\n|move|p2a: Cresselia|Ice Beam|p1b: Tornadus\n|-supereffective|p1b: Tornadus\n|-crit|p1b: Tornadus\n|-damage|p1b: Tornadus|0 fnt\n|faint|p1b: Tornadus\n|\n|-heal|p2b: Heatran|70\/100|[from] Grassy Terrain\n|upkeep\n|\n|t:|1699879797\n|switch|p1b: Ogerpon|Ogerpon-Hearthflame, L50, F|100\/100\n|-ability|p1b: Ogerpon|Mold Breaker\n|turn|5\n|\n|t:|1699879812\n|move|p2a: Cresselia|Psychic|p1b: Ogerpon\n|-damage|p1b: Ogerpon|68\/100\n|move|p2b: Heatran|Flamethrower|p1a: Rillaboom\n|-supereffective|p1a: Rillaboom\n|-damage|p1a: Rillaboom|0 fnt\n|faint|p1a: Rillaboom\n|-damage|p2b: Heatran|60\/100|[from] item: Life Orb\n|move|p1b: Ogerpon|Ivy Cudgel|p2a: Cresselia\n|-damage|p2a: Cresselia|24\/100\n|\n|-heal|p2b: Heatran|66\/100|[from] Grassy Terrain\n|-heal|p1b: Ogerpon|74\/100|[from] Grassy Terrain\n|-fieldend|move: Trick Room\n|upkeep\n|turn|6\n|\n|t:|1699879842\n|move|p1b: Ogerpon|Ivy Cudgel|p2a: Cresselia\n|-crit|p2a: Cresselia\n|-damage|p2a: Cresselia|0 fnt\n|faint|p2a: Cresselia\n|move|p2b: Heatran|Flamethrower|p1b: Ogerpon\n|-damage|p1b: Ogerpon|5\/100\n|-damage|p2b: Heatran|57\/100|[from] item: Life Orb\n|\n|-heal|p1b: Ogerpon|11\/100|[from] Grassy Terrain\n|-heal|p2b: Heatran|63\/100|[from] Grassy Terrain\n|upkeep\n|\n|t:|1699879849\n|switch|p2a: Chien-Pao|Chien-Pao, L50|1\/100\n|-ability|p2a: Chien-Pao|Sword of Ruin\n|turn|7\n|\n|t:|1699879903\n|move|p1b: Ogerpon|Spiky Shield|p1b: Ogerpon\n|-singleturn|p1b: Ogerpon|move: Protect\n|move|p2a: Chien-Pao|Sucker Punch||[still]\n|-fail|p2a: Chien-Pao\n|move|p2b: Heatran|Flamethrower|p1b: Ogerpon\n|-activate|p1b: Ogerpon|move: Protect\n|\n|-heal|p2a: Chien-Pao|7\/100|[from] Grassy Terrain\n|-heal|p1b: Ogerpon|17\/100|[from] Grassy Terrain\n|-heal|p2b: Heatran|69\/100|[from] Grassy Terrain\n|upkeep\n|turn|8\n|c|\u2606Tilzy|gg\n|-message|Tilzy forfeited.\n|\n|win|Treeman480\n|n|\u2606Tilzy|tilzy\n|n|\u2606Treeman480|treeman480\n","uploadtime":1699879910,"views":27,"p1id":"tilzy","p2id":"treeman480","formatid":"gen9vgc2023regulatione","rating":0,"private":0,"password":""}