{"id":"gen9vgc2023regulatione-1988123437","p1":"Gianlucccc","p2":"1234567www","format":"[Gen 9] VGC 2023 Regulation E","log":"|j|\u2606Gianlucccc\n|j|\u26061234567www\n|t:|1699672448\n|gametype|doubles\n|player|p1|Gianlucccc|elesa|1062\n|player|p2|1234567www|ethan|1026\n|teamsize|p1|6\n|teamsize|p2|6\n|gen|9\n|tier|[Gen 9] VGC 2023 Regulation E\n|rated|\n|rule|Species Clause: Limit one of each Pok\u00e9mon\n|rule|Item Clause: Limit one of each item\n|clearpoke\n|poke|p1|Talonflame, L50, M|\n|poke|p1|Armarouge, L50, M|\n|poke|p1|Indeedee-F, L50, F|\n|poke|p1|Ninetales-Alola, L50, F|\n|poke|p1|Infernape, L50, M|\n|poke|p1|Iron Bundle, L50|\n|poke|p2|Ogerpon-Hearthflame, L50, F|\n|poke|p2|Urshifu-*, L50, M|\n|poke|p2|Tornadus, L50, M|\n|poke|p2|Flutter Mane, L50|\n|poke|p2|Iron Hands, L50|\n|poke|p2|Landorus-Therian, L50, M|\n|teampreview|4\n|\n|t:|1699672481\n|start\n|switch|p1a: Talonflame|Talonflame, L50, M, shiny|100\/100\n|switch|p1b: Ninetales|Ninetales-Alola, L50, F|100\/100\n|switch|p2a: Iron Hands|Iron Hands, L50|100\/100\n|switch|p2b: Landorus|Landorus-Therian, L50, M|100\/100\n|-ability|p2b: Landorus|Intimidate|boost\n|-unboost|p1a: Talonflame|atk|1\n|-unboost|p1b: Ninetales|atk|1\n|-weather|Snow|[from] ability: Snow Warning|[of] p1b: Ninetales\n|turn|1\n|\n|t:|1699672506\n|move|p2a: Iron Hands|Fake Out|p1a: Talonflame\n|-damage|p1a: Talonflame|76\/100\n|-enditem|p1a: Talonflame|Eject Button\n|\n|t:|1699672524\n|switch|p1a: Infernape|Infernape, L50, M|100\/100\n|move|p2b: Landorus|Rock Slide|p1a: Infernape|[spread] p1a,p1b\n|-supereffective|p1b: Ninetales\n|-damage|p1a: Infernape|69\/100\n|-damage|p1b: Ninetales|68\/100\n|move|p1b: Ninetales|Aurora Veil|p1b: Ninetales\n|-sidestart|p1: Gianlucccc|move: Aurora Veil\n|\n|-weather|Snow|[upkeep]\n|upkeep\n|turn|2\n|\n|t:|1699672555\n|-end|p2a: Iron Hands|Quark Drive|[silent]\n|switch|p2a: Ogerpon|Ogerpon-Hearthflame, L50, F|100\/100\n|-ability|p2a: Ogerpon|Mold Breaker\n|move|p1a: Infernape|Endure|p1a: Infernape\n|-singleturn|p1a: Infernape|move: Endure\n|move|p2b: Landorus|Rock Slide|p1a: Infernape|[spread] p1a\n|-miss|p2b: Landorus|p1b: Ninetales\n|-damage|p1a: Infernape|48\/100\n|move|p1b: Ninetales|Icy Wind|p2a: Ogerpon|[spread] p2a,p2b\n|-supereffective|p2b: Landorus\n|-damage|p2a: Ogerpon|87\/100\n|-damage|p2b: Landorus|40\/100\n|-unboost|p2a: Ogerpon|spe|1\n|-unboost|p2b: Landorus|spe|1\n|\n|-weather|Snow|[upkeep]\n|upkeep\n|turn|3\n|\n|t:|1699672593\n|switch|p2b: Iron Hands|Iron Hands, L50|100\/100\n|-terastallize|p2a: Ogerpon|Fire\n|detailschange|p2a: Ogerpon|Ogerpon-Hearthflame-Tera, L50, F, tera:Fire\n|-ability|p2a: Ogerpon|Embody Aspect (Hearthflame)|boost\n|-boost|p2a: Ogerpon|atk|1\n|move|p1b: Ninetales|Howl|p1b: Ninetales|[spread] p1a,p1b\n|-boost|p1a: Infernape|atk|1\n|-boost|p1b: Ninetales|atk|1\n|move|p1a: Infernape|Rock Slide|p2b: Iron Hands|[spread] p2a,p2b\n|-supereffective|p2a: Ogerpon\n|-resisted|p2b: Iron Hands\n|-damage|p2a: Ogerpon|31\/100\n|-damage|p2b: Iron Hands|92\/100\n|cant|p2a: Ogerpon|flinch\n|\n|-weather|Snow|[upkeep]\n|upkeep\n|turn|4\n|\n|t:|1699672628\n|move|p1a: Infernape|Endure|p1a: Infernape\n|-singleturn|p1a: Infernape|move: Endure\n|move|p1b: Ninetales|Howl|p1b: Ninetales|[spread] p1a,p1b\n|-boost|p1a: Infernape|atk|1\n|-boost|p1b: Ninetales|atk|1\n|move|p2a: Ogerpon|Ivy Cudgel|p1a: Infernape\n|-resisted|p1a: Infernape\n|-activate|p1a: Infernape|move: Endure\n|-damage|p1a: Infernape|1\/100\n|move|p2b: Iron Hands|Heavy Slam|p1b: Ninetales\n|-supereffective|p1b: Ninetales\n|-damage|p1b: Ninetales|0 fnt\n|faint|p1b: Ninetales\n|\n|-weather|Snow|[upkeep]\n|upkeep\n|\n|t:|1699672651\n|switch|p1b: Talonflame|Talonflame, L50, M, shiny|76\/100\n|turn|5\n|\n|t:|1699672702\n|switch|p2a: Urshifu|Urshifu-Rapid-Strike, L50, M|100\/100\n|-terastallize|p1a: Infernape|Fighting\n|move|p1b: Talonflame|Brave Bird|p2a: Urshifu\n|-supereffective|p2a: Urshifu\n|-damage|p2a: Urshifu|0 fnt\n|faint|p2a: Urshifu\n|-damage|p1b: Talonflame|38\/100|[from] Recoil\n|move|p1a: Infernape|Reversal|p2b: Iron Hands\n|-damage|p2b: Iron Hands|0 fnt\n|faint|p2b: Iron Hands\n|-end|p2b: Iron Hands|Quark Drive|[silent]\n|\n|-weather|none\n|upkeep\n|-message|1234567www forfeited.\n|\n|win|Gianlucccc\n|raw|Gianlucccc's rating: 1062 &rarr; <strong>1090<\/strong><br \/>(+28 for winning)\n|raw|1234567www's rating: 1026 &rarr; <strong>1014<\/strong><br \/>(-12 for losing)\n|l|\u26061234567www\n","uploadtime":1699672738,"views":14,"p1id":"gianlucccc","p2id":"1234567www","formatid":"gen9vgc2023regulatione","rating":1014,"private":0,"password":""}