{"id":"gen9vgc2023regulatione-1989434320","p1":"Trains go BRRR","p2":"TonkyB","format":"[Gen 9] VGC 2023 Regulation E","log":"|j|\u2606Trains go BRRR\n|j|\u2606TonkyB\n|t:|1699849910\n|gametype|doubles\n|player|p1|Trains go BRRR|102|1436\n|player|p2|TonkyB|266|1362\n|teamsize|p1|6\n|teamsize|p2|6\n|gen|9\n|tier|[Gen 9] VGC 2023 Regulation E\n|rated|\n|rule|Species Clause: Limit one of each Pok\u00e9mon\n|rule|Item Clause: Limit one of each item\n|clearpoke\n|poke|p1|Milotic, L50, F|\n|poke|p1|Rillaboom, L50, M|\n|poke|p1|Heatran, L50, M|\n|poke|p1|Landorus-Therian, L50, M|\n|poke|p1|Dragonite, L50, M|\n|poke|p1|Chien-Pao, L50|\n|poke|p2|Weezing-Galar, L50, F|\n|poke|p2|Torkoal, L50, F|\n|poke|p2|Cresselia, L50, F|\n|poke|p2|Chi-Yu, L50|\n|poke|p2|Slaking, L50, M|\n|poke|p2|Flutter Mane, L50|\n|teampreview|4\n|inactive|Battle timer is ON: inactive players will automatically lose when time's up. (requested by TonkyB)\n|\n|t:|1699849929\n|start\n|switch|p1a: Dragonite|Dragonite, L50, M|100\/100\n|switch|p1b: Landorus|Landorus-Therian, L50, M|100\/100\n|switch|p2a: Flutter Mane|Flutter Mane, L50|100\/100\n|switch|p2b: Chi-Yu|Chi-Yu, L50|100\/100\n|-ability|p2b: Chi-Yu|Beads of Ruin\n|-ability|p1b: Landorus|Intimidate|boost\n|-unboost|p2a: Flutter Mane|atk|1\n|-unboost|p2b: Chi-Yu|atk|1\n|turn|1\n|inactive|Trains go BRRR has 30 seconds left.\n|inactive|Trains go BRRR has 20 seconds left.\n|inactive|Trains go BRRR has 15 seconds left.\n|\n|t:|1699849970\n|-terastallize|p1a: Dragonite|Normal\n|move|p2b: Chi-Yu|Dark Pulse|p1b: Landorus\n|-damage|p1b: Landorus|37\/100\n|cant|p1b: Landorus|flinch\n|move|p2a: Flutter Mane|Dazzling Gleam|p1b: Landorus|[spread] p1a,p1b\n|-damage|p1a: Dragonite|33\/100\n|-damage|p1b: Landorus|0 fnt\n|faint|p1b: Landorus\n|move|p1a: Dragonite|Stomping Tantrum|p2b: Chi-Yu\n|-supereffective|p2b: Chi-Yu\n|-damage|p2b: Chi-Yu|0 fnt\n|faint|p2b: Chi-Yu\n|\n|upkeep\n|\n|t:|1699849985\n|switch|p2b: Slaking|Slaking, L50, M|100\/100\n|switch|p1b: Heatran|Heatran, L50, M|100\/100\n|turn|2\n|\n|t:|1699850003\n|move|p2a: Flutter Mane|Dazzling Gleam|p1a: Dragonite|[spread] p1a,p1b\n|-resisted|p1b: Heatran\n|-damage|p1a: Dragonite|0 fnt\n|-damage|p1b: Heatran|90\/100\n|faint|p1a: Dragonite\n|move|p2b: Slaking|Bulk Up|p2b: Slaking\n|-boost|p2b: Slaking|atk|1\n|-boost|p2b: Slaking|def|1\n|move|p1b: Heatran|Flash Cannon|p2a: Flutter Mane\n|-supereffective|p2a: Flutter Mane\n|-damage|p2a: Flutter Mane|0 fnt\n|faint|p2a: Flutter Mane\n|-end|p2a: Flutter Mane|Protosynthesis|[silent]\n|-damage|p1b: Heatran|80\/100|[from] item: Life Orb\n|\n|upkeep\n|\n|t:|1699850014\n|switch|p2a: Weezing|Weezing-Galar, L50, F|100\/100\n|switch|p1a: Chien-Pao|Chien-Pao, L50|100\/100\n|-ability|p2a: Weezing|Neutralizing Gas\n|turn|3\n|\n|t:|1699850038\n|move|p2a: Weezing|Protect|p2a: Weezing\n|-singleturn|p2a: Weezing|Protect\n|move|p1a: Chien-Pao|Sacred Sword|p2b: Slaking\n|-supereffective|p2b: Slaking\n|-damage|p2b: Slaking|60\/100\n|-damage|p1a: Chien-Pao|84\/100|[from] item: Rocky Helmet|[of] p2b: Slaking\n|move|p2b: Slaking|Drain Punch|p1b: Heatran\n|-supereffective|p1b: Heatran\n|-damage|p1b: Heatran|0 fnt\n|-heal|p2b: Slaking|90\/100|[from] drain|[of] p1b: Heatran\n|faint|p1b: Heatran\n|\n|upkeep\n|turn|4\n|\n|t:|1699850052\n|move|p1a: Chien-Pao|Icicle Crash|p2b: Slaking\n|-damage|p2b: Slaking|71\/100\n|cant|p2b: Slaking|flinch\n|move|p2a: Weezing|Dazzling Gleam|p1a: Chien-Pao\n|-supereffective|p1a: Chien-Pao\n|-damage|p1a: Chien-Pao|7\/100\n|\n|upkeep\n|turn|5\n|\n|t:|1699850062\n|move|p2b: Slaking|Sucker Punch|p1a: Chien-Pao\n|-resisted|p1a: Chien-Pao\n|-damage|p1a: Chien-Pao|0 fnt\n|faint|p1a: Chien-Pao\n|\n|win|TonkyB\n|raw|Trains go BRRR's rating: 1436 &rarr; <strong>1412<\/strong><br \/>(-24 for losing)\n|raw|TonkyB's rating: 1362 &rarr; <strong>1386<\/strong><br \/>(+24 for winning)\n|l|\u2606TonkyB\n","uploadtime":1699850068,"views":13,"p1id":"trainsgobrrr","p2id":"tonkyb","formatid":"gen9vgc2023regulatione","rating":1386,"private":0,"password":""}