{"id":"gen9vgc2023regulatione-1990184650","p1":"Relativityvgc","p2":"ClubSandwichBread","format":"[Gen 9] VGC 2023 Regulation E","log":"|j|\u2606Relativityvgc\n|j|\u2606ClubSandwichBread\n|t:|1699934264\n|gametype|doubles\n|player|p1|Relativityvgc|lucas|1227\n|player|p2|ClubSandwichBread|swimmer-gen4dp|1332\n|teamsize|p1|6\n|teamsize|p2|6\n|gen|9\n|tier|[Gen 9] VGC 2023 Regulation E\n|rated|\n|rule|Species Clause: Limit one of each Pok\u00e9mon\n|rule|Item Clause: Limit one of each item\n|clearpoke\n|poke|p1|Tornadus, L50, M|\n|poke|p1|Flutter Mane, L50|\n|poke|p1|Kommo-o, L50, F|\n|poke|p1|Heatran, L50, F|\n|poke|p1|Landorus-Therian, L50, M|\n|poke|p1|Indeedee-F, L50, F|\n|poke|p2|Amoonguss, L50, F|\n|poke|p2|Roaring Moon, L50|\n|poke|p2|Tornadus, L50, M|\n|poke|p2|Urshifu-*, L50, M|\n|poke|p2|Arcanine-Hisui, L50, M|\n|poke|p2|Tinkaton, L50, F|\n|teampreview|4\n|inactive|Battle timer is ON: inactive players will automatically lose when time's up. (requested by ClubSandwichBread)\nClubSandwichBread has agreed to open team sheets.\nRelativityvgc has agreed to open team sheets.\n|inactive|Relativityvgc has 30 seconds left.\n|inactive|ClubSandwichBread has 30 seconds left.\n|inactive|Relativityvgc has 20 seconds left.\n|inactive|ClubSandwichBread has 20 seconds left.\n|inactive|Relativityvgc has 15 seconds left.\n|inactive|ClubSandwichBread has 15 seconds left.\n|inactive|ClubSandwichBread has 10 seconds left.\n|\n|t:|1699934319\n|start\n|switch|p1a: Tornadus|Tornadus, L50, M|100\/100\n|switch|p1b: Heatran|Heatran, L50, F|100\/100\n|switch|p2a: Arcanine|Arcanine-Hisui, L50, M|100\/100\n|switch|p2b: Tornadus|Tornadus, L50, M|100\/100\n|-ability|p2a: Arcanine|Intimidate|boost\n|-unboost|p1a: Tornadus|atk|1\n|-unboost|p1b: Heatran|atk|1\n|turn|1\n|\n|t:|1699934341\n|-terastallize|p2a: Arcanine|Fairy\n|move|p2b: Tornadus|Tailwind|p2b: Tornadus\n|-sidestart|p2: ClubSandwichBread|move: Tailwind\n|move|p1a: Tornadus|Tailwind|p1a: Tornadus\n|-sidestart|p1: Relativityvgc|move: Tailwind\n|move|p2a: Arcanine|Rock Slide|p1a: Tornadus|[spread] p1a,p1b\n|-supereffective|p1a: Tornadus\n|-enditem|p1a: Tornadus|Focus Sash\n|-damage|p1a: Tornadus|1\/100\n|-damage|p1b: Heatran|58\/100\n|cant|p1b: Heatran|flinch\n|\n|upkeep\n|turn|2\n|\n|t:|1699934362\n|move|p1a: Tornadus|Protect|p1a: Tornadus\n|-singleturn|p1a: Tornadus|Protect\n|move|p2b: Tornadus|Bleakwind Storm|p1a: Tornadus|[spread] p1b\n|-activate|p1a: Tornadus|move: Protect\n|-resisted|p1b: Heatran\n|-damage|p1b: Heatran|44\/100\n|move|p2a: Arcanine|Rock Slide|p1b: Heatran|[spread] p1b\n|-activate|p1a: Tornadus|move: Protect\n|-crit|p1b: Heatran\n|-damage|p1b: Heatran|0 fnt\n|faint|p1b: Heatran\n|\n|upkeep\n|\n|t:|1699934376\n|switch|p1b: Flutter Mane|Flutter Mane, L50|100\/100\n|-enditem|p1b: Flutter Mane|Booster Energy\n|-activate|p1b: Flutter Mane|ability: Protosynthesis|[fromitem]\n|-start|p1b: Flutter Mane|protosynthesisspa\n|turn|3\n|\n|t:|1699934399\n|switch|p2a: Amoonguss|Amoonguss, L50, F|100\/100\n|move|p1b: Flutter Mane|Shadow Ball|p2a: Amoonguss\n|-damage|p2a: Amoonguss|51\/100\n|move|p2b: Tornadus|Bleakwind Storm|p1b: Flutter Mane|[spread] p1b\n|-miss|p2b: Tornadus|p1a: Tornadus\n|-damage|p1b: Flutter Mane|70\/100\n|-unboost|p1b: Flutter Mane|spe|1\n|move|p1a: Tornadus|Bleakwind Storm|p2b: Tornadus|[spread] p2a,p2b\n|-supereffective|p2a: Amoonguss\n|-damage|p2a: Amoonguss|0 fnt\n|-damage|p2b: Tornadus|54\/100\n|faint|p2a: Amoonguss\n|\n|upkeep\n|\n|t:|1699934415\n|switch|p2a: Urshifu|Urshifu-Rapid-Strike, L50, M|100\/100\n|turn|4\n|\n|t:|1699934430\n|-terastallize|p1b: Flutter Mane|Grass\n|move|p2b: Tornadus|Taunt|p1b: Flutter Mane\n|-start|p1b: Flutter Mane|move: Taunt\n|move|p2a: Urshifu|Aqua Jet|p1a: Tornadus\n|-damage|p1a: Tornadus|0 fnt\n|faint|p1a: Tornadus\n|move|p1b: Flutter Mane|Moonblast|p2a: Urshifu\n|-supereffective|p2a: Urshifu\n|-enditem|p2a: Urshifu|Focus Sash\n|-damage|p2a: Urshifu|1\/100\n|\n|-sideend|p2: ClubSandwichBread|move: Tailwind\n|-sideend|p1: Relativityvgc|move: Tailwind\n|upkeep\n|\n|t:|1699934442\n|switch|p1a: Kommo-o|Kommo-o, L50, F|100\/100\n|turn|5\n|inactive|ClubSandwichBread has 30 seconds left.\n|inactive|ClubSandwichBread has 20 seconds left.\n|\n|t:|1699934479\n|move|p1a: Kommo-o|Protect|p1a: Kommo-o\n|-singleturn|p1a: Kommo-o|Protect\n|move|p2b: Tornadus|Tailwind|p2b: Tornadus\n|-sidestart|p2: ClubSandwichBread|move: Tailwind\n|move|p2a: Urshifu|Close Combat|p1b: Flutter Mane\n|-damage|p1b: Flutter Mane|0 fnt\n|-unboost|p2a: Urshifu|def|1\n|-unboost|p2a: Urshifu|spd|1\n|faint|p1b: Flutter Mane\n|-end|p1b: Flutter Mane|Protosynthesis|[silent]\n|\n|upkeep\n|turn|6\n|inactive|ClubSandwichBread has 30 seconds left.\n|\n|t:|1699934505\n|move|p2b: Tornadus|Tailwind||[still]\n|-fail|p2b: Tornadus\n|move|p2a: Urshifu|Close Combat|p1a: Kommo-o\n|-damage|p1a: Kommo-o|36\/100\n|-unboost|p2a: Urshifu|def|1\n|-unboost|p2a: Urshifu|spd|1\n|move|p1a: Kommo-o|Clanging Scales|p2b: Tornadus|[spread] p2a,p2b\n|-crit|p2a: Urshifu\n|-damage|p2a: Urshifu|0 fnt\n|-damage|p2b: Tornadus|13\/100\n|faint|p2a: Urshifu\n|-unboost|p1a: Kommo-o|def|1\n|-enditem|p1a: Kommo-o|Throat Spray\n|-boost|p1a: Kommo-o|spa|1|[from] item: Throat Spray\n|\n|upkeep\n|\n|t:|1699934518\n|switch|p2a: Arcanine|Arcanine-Hisui, L50, M, tera:Fairy|100\/100\n|-ability|p2a: Arcanine|Intimidate|boost\n|-unboost|p1a: Kommo-o|atk|1\n|turn|7\n|\n|t:|1699934533\n|move|p2b: Tornadus|Rain Dance|p2b: Tornadus\n|-weather|RainDance\n|move|p2a: Arcanine|Tera Blast|p1a: Kommo-o|[anim] Tera Blast Fairy\n|-supereffective|p1a: Kommo-o\n|-damage|p1a: Kommo-o|0 fnt\n|faint|p1a: Kommo-o\n|\n|win|ClubSandwichBread\n|raw|Relativityvgc's rating: 1227 &rarr; <strong>1209<\/strong><br \/>(-18 for losing)\n|raw|ClubSandwichBread's rating: 1332 &rarr; <strong>1346<\/strong><br \/>(+14 for winning)\n","uploadtime":1699934540,"views":12,"p1id":"relativityvgc","p2id":"clubsandwichbread","formatid":"gen9vgc2023regulatione","rating":1209,"private":0,"password":""}