{"id":"gen9vgc2023regulatione-1993232948","p1":"jacket456","p2":"Xeko03","format":"[Gen 9] VGC 2023 Regulation E","log":"|j|\u2606jacket456\n|j|\u2606Xeko03\n|t:|1700281643\n|gametype|doubles\n|player|p1|jacket456|dawn|1372\n|player|p2|Xeko03|169|1349\n|teamsize|p1|6\n|teamsize|p2|6\n|gen|9\n|tier|[Gen 9] VGC 2023 Regulation E\n|rated|\n|rule|Species Clause: Limit one of each Pok\u00e9mon\n|rule|Item Clause: Limit one of each item\n|clearpoke\n|poke|p1|Weezing, L50, M|\n|poke|p1|Landorus-Therian, L50, M|\n|poke|p1|Iron Hands, L50|\n|poke|p1|Flutter Mane, L50|\n|poke|p1|Kommo-o, L50, F|\n|poke|p1|Roaring Moon, L50|\n|poke|p2|Landorus-Therian, L50, M|\n|poke|p2|Thundurus, L50, M|\n|poke|p2|Roaring Moon, L50|\n|poke|p2|Farigiraf, L50, F|\n|poke|p2|Flutter Mane, L50|\n|poke|p2|Iron Hands, L50|\n|teampreview|4\n|inactive|Battle timer is ON: inactive players will automatically lose when time's up. (requested by Xeko03)\n|j| SCRAAH\n|inactive|Xeko03 has 60 seconds left.\n|\n|t:|1700281674\n|start\n|switch|p1a: Weezing|Weezing, L50, M|100\/100\n|switch|p1b: Landorus|Landorus-Therian, L50, M|100\/100\n|switch|p2a: Thundurus|Thundurus, L50, M|100\/100\n|switch|p2b: Roaring Moon|Roaring Moon, L50|100\/100\n|-ability|p1a: Weezing|Neutralizing Gas\n|-block|p1b: Landorus|item: Ability Shield\n|-ability|p1b: Landorus|Intimidate|boost\n|-unboost|p2a: Thundurus|atk|1\n|-unboost|p2b: Roaring Moon|atk|1\n|-enditem|p2b: Roaring Moon|Booster Energy\n|-activate|p2b: Roaring Moon|ability: Protosynthesis|[fromitem]\n|-start|p2b: Roaring Moon|protosynthesisspe\n|turn|1\n|\n|t:|1700281698\n|move|p1a: Weezing|Protect|p1a: Weezing\n|-singleturn|p1a: Weezing|Protect\n|move|p2b: Roaring Moon|Tailwind|p2b: Roaring Moon\n|-sidestart|p2: Xeko03|move: Tailwind\n|move|p2a: Thundurus|Taunt|p1a: Weezing\n|-activate|p1a: Weezing|move: Protect\n|move|p1b: Landorus|Rock Slide|p2a: Thundurus|[spread] p2a,p2b\n|-supereffective|p2a: Thundurus\n|-damage|p2a: Thundurus|63\/100\n|-damage|p2b: Roaring Moon|76\/100\n|\n|upkeep\n|turn|2\n|\n|t:|1700281720\n|-end|p1a: Weezing|ability: Neutralizing Gas\n|switch|p1a: Flutter Mane|Flutter Mane, L50|100\/100\n|move|p2a: Thundurus|Taunt|p1a: Flutter Mane\n|-start|p1a: Flutter Mane|move: Taunt\n|move|p2b: Roaring Moon|Breaking Swipe|p1a: Flutter Mane|[spread] p1b\n|-immune|p1a: Flutter Mane\n|-damage|p1b: Landorus|86\/100\n|-unboost|p1b: Landorus|atk|1\n|move|p1b: Landorus|U-turn|p2b: Roaring Moon\n|-supereffective|p2b: Roaring Moon\n|-damage|p2b: Roaring Moon|32\/100\n|\n|t:|1700281734\n|switch|p1b: Weezing|Weezing, L50, M|100\/100|[from] U-turn\n|-ability|p1b: Weezing|Neutralizing Gas\n|\n|upkeep\n|turn|3\n|\n|t:|1700281749\n|-end|p2b: Roaring Moon|Protosynthesis|[silent]\n|switch|p2b: Iron Hands|Iron Hands, L50|100\/100\n|-end|p1a: Flutter Mane|Protosynthesis|[silent]\n|switch|p1a: Landorus|Landorus-Therian, L50, M|86\/100\n|-ability|p1a: Landorus|Intimidate|boost\n|-unboost|p2a: Thundurus|atk|1\n|-unboost|p2b: Iron Hands|atk|1\n|move|p2a: Thundurus|Taunt|p1b: Weezing\n|-start|p1b: Weezing|move: Taunt\n|move|p1b: Weezing|Gunk Shot|p2a: Thundurus\n|-damage|p2a: Thundurus|27\/100\n|\n|upkeep\n|turn|4\n|inactive|Xeko03 has 30 seconds left.\n|\n|t:|1700281782\n|switch|p2a: Landorus|Landorus-Therian, L50, M|100\/100\n|move|p1a: Landorus|Protect|p1a: Landorus\n|-singleturn|p1a: Landorus|Protect\n|move|p2b: Iron Hands|Fake Out|p1b: Weezing\n|-damage|p1b: Weezing|93\/100\n|cant|p1b: Weezing|flinch\n|\n|-sideend|p2: Xeko03|move: Tailwind\n|upkeep\n|turn|5\n|\n|t:|1700281806\n|-end|p2b: Iron Hands|Quark Drive|[silent]\n|switch|p2b: Thundurus|Thundurus, L50, M|27\/100\n|-end|p1b: Weezing|ability: Neutralizing Gas\n|-ability|p2a: Landorus|Intimidate|boost\n|-unboost|p1a: Landorus|atk|1\n|-unboost|p1b: Weezing|atk|1\n|switch|p1b: Kommo-o|Kommo-o, L50, F|100\/100\n|move|p2a: Landorus|Stomping Tantrum|p1b: Kommo-o\n|-damage|p1b: Kommo-o|71\/100\n|move|p1a: Landorus|U-turn|p2b: Thundurus\n|-resisted|p2b: Thundurus\n|-damage|p2b: Thundurus|20\/100\n|-damage|p1a: Landorus|69\/100|[from] item: Rocky Helmet|[of] p2b: Thundurus\n|\n|t:|1700281818\n|switch|p1a: Flutter Mane|Flutter Mane, L50|100\/100|[from] U-turn\n|\n|-heal|p1b: Kommo-o|77\/100|[from] item: Leftovers\n|upkeep\n|turn|6\n|\n|t:|1700281837\n|switch|p2a: Iron Hands|Iron Hands, L50|100\/100\n|move|p2b: Thundurus|Thunder Wave|p1a: Flutter Mane\n|-status|p1a: Flutter Mane|par\n|move|p1b: Kommo-o|Iron Defense|p1b: Kommo-o\n|-boost|p1b: Kommo-o|def|2\n|move|p1a: Flutter Mane|Dazzling Gleam|p2a: Iron Hands|[spread] p2a,p2b\n|-supereffective|p2a: Iron Hands\n|-damage|p2a: Iron Hands|55\/100\n|-damage|p2b: Thundurus|0 fnt\n|faint|p2b: Thundurus\n|\n|-heal|p1b: Kommo-o|83\/100|[from] item: Leftovers\n|upkeep\n|\n|t:|1700281853\n|switch|p2b: Landorus|Landorus-Therian, L50, M|100\/100\n|-ability|p2b: Landorus|Intimidate|boost\n|-unboost|p1a: Flutter Mane|atk|1\n|-unboost|p1b: Kommo-o|atk|1\n|turn|7\n|inactive|Xeko03 has 30 seconds left.\n|\n|t:|1700281880\n|-end|p1a: Flutter Mane|Protosynthesis|[silent]\n|switch|p1a: Landorus|Landorus-Therian, L50, M|69\/100\n|-ability|p1a: Landorus|Intimidate|boost\n|-unboost|p2a: Iron Hands|atk|1\n|-unboost|p2b: Landorus|atk|1\n|-terastallize|p2b: Landorus|Flying\n|move|p1b: Kommo-o|Protect|p1b: Kommo-o\n|-singleturn|p1b: Kommo-o|Protect\n|move|p2b: Landorus|Tera Blast|p1b: Kommo-o|[anim] Tera Blast Flying\n|-activate|p1b: Kommo-o|move: Protect\n|move|p2a: Iron Hands|Heavy Slam|p1a: Landorus\n|-damage|p1a: Landorus|41\/100\n|\n|-heal|p1b: Kommo-o|89\/100|[from] item: Leftovers\n|upkeep\n|turn|8\n|inactive|Xeko03 has 30 seconds left.\n|\n|t:|1700281912\n|-end|p2a: Iron Hands|Quark Drive|[silent]\n|switch|p2a: Roaring Moon|Roaring Moon, L50|32\/100\n|-terastallize|p1b: Kommo-o|Steel\n|move|p2b: Landorus|Tera Blast|p1b: Kommo-o|[anim] Tera Blast Flying\n|-resisted|p1b: Kommo-o\n|-damage|p1b: Kommo-o|81\/100\n|move|p1a: Landorus|Rock Slide|p2a: Roaring Moon|[spread] p2a,p2b\n|-supereffective|p2b: Landorus\n|-damage|p2a: Roaring Moon|7\/100\n|-damage|p2b: Landorus|53\/100\n|move|p1b: Kommo-o|Body Press|p2a: Roaring Moon\n|-supereffective|p2a: Roaring Moon\n|-damage|p2a: Roaring Moon|0 fnt\n|faint|p2a: Roaring Moon\n|-end|p2a: Roaring Moon|Protosynthesis|[silent]\n|\n|-heal|p1b: Kommo-o|87\/100|[from] item: Leftovers\n|upkeep\n|\n|t:|1700281931\n|switch|p2a: Iron Hands|Iron Hands, L50|55\/100\n|turn|9\n|\n|t:|1700281939\n|switch|p1a: Weezing|Weezing, L50, M|93\/100\n|-ability|p1a: Weezing|Neutralizing Gas\n|move|p1b: Kommo-o|Protect|p1b: Kommo-o\n|-singleturn|p1b: Kommo-o|Protect\n|move|p2a: Iron Hands|Fake Out|p1b: Kommo-o\n|-activate|p1b: Kommo-o|move: Protect\n|move|p2b: Landorus|Tera Blast|p1a: Weezing|[anim] Tera Blast Flying\n|-damage|p1a: Weezing|63\/100\n|\n|-heal|p1b: Kommo-o|93\/100|[from] item: Leftovers\n|upkeep\n|turn|10\n|\n|t:|1700281958\n|move|p2b: Landorus|Tera Blast|p1a: Weezing|[anim] Tera Blast Flying\n|-damage|p1a: Weezing|28\/100\n|-enditem|p1a: Weezing|Sitrus Berry|[eat]\n|-heal|p1a: Weezing|53\/100|[from] item: Sitrus Berry\n|move|p1b: Kommo-o|Body Press|p2b: Landorus\n|-resisted|p2b: Landorus\n|-damage|p2b: Landorus|4\/100\n|move|p2a: Iron Hands|Drain Punch|p1b: Kommo-o\n|-supereffective|p1b: Kommo-o\n|-damage|p1b: Kommo-o|62\/100\n|-heal|p2a: Iron Hands|67\/100|[from] drain|[of] p1b: Kommo-o\n|move|p1a: Weezing|Will-O-Wisp|p2a: Iron Hands|[miss]\n|-miss|p1a: Weezing|p2a: Iron Hands\n|\n|-heal|p1b: Kommo-o|68\/100|[from] item: Leftovers\n|upkeep\n|turn|11\n|\n|t:|1700281979\n|move|p2b: Landorus|Tera Blast|p1a: Weezing|[anim] Tera Blast Flying\n|-damage|p1a: Weezing|21\/100\n|move|p1b: Kommo-o|Body Press|p2b: Landorus\n|-resisted|p2b: Landorus\n|-damage|p2b: Landorus|0 fnt\n|faint|p2b: Landorus\n|move|p2a: Iron Hands|Drain Punch|p1b: Kommo-o\n|-supereffective|p1b: Kommo-o\n|-damage|p1b: Kommo-o|42\/100\n|-heal|p2a: Iron Hands|77\/100|[from] drain|[of] p1b: Kommo-o\n|move|p1a: Weezing|Will-O-Wisp|p2a: Iron Hands\n|-status|p2a: Iron Hands|brn\n|\n|-heal|p1b: Kommo-o|48\/100|[from] item: Leftovers\n|-damage|p2a: Iron Hands|71\/100 brn|[from] brn\n|upkeep\n|turn|12\n|c|\u2606jacket456|gg\n|\n|t:|1700281998\n|-end|p1a: Weezing|ability: Neutralizing Gas\n|switch|p1a: Landorus|Landorus-Therian, L50, M|41\/100\n|-ability|p1a: Landorus|Intimidate|boost\n|-unboost|p2a: Iron Hands|atk|1\n|move|p1b: Kommo-o|Protect|p1b: Kommo-o\n|-singleturn|p1b: Kommo-o|Protect\n|move|p2a: Iron Hands|Drain Punch|p1b: Kommo-o\n|-activate|p1b: Kommo-o|move: Protect\n|\n|-heal|p1b: Kommo-o|54\/100|[from] item: Leftovers\n|-damage|p2a: Iron Hands|65\/100 brn|[from] brn\n|upkeep\n|turn|13\n|\n|t:|1700282014\n|move|p1a: Landorus|Stomping Tantrum|p2a: Iron Hands\n|-supereffective|p2a: Iron Hands\n|-damage|p2a: Iron Hands|12\/100 brn\n|move|p1b: Kommo-o|Body Press|p2a: Iron Hands\n|-damage|p2a: Iron Hands|0 fnt\n|faint|p2a: Iron Hands\n|-end|p2a: Iron Hands|Quark Drive|[silent]\n|\n|win|jacket456\n|raw|jacket456's rating: 1372 &rarr; <strong>1391<\/strong><br \/>(+19 for winning)\n|raw|Xeko03's rating: 1349 &rarr; <strong>1330<\/strong><br \/>(-19 for losing)\n","uploadtime":1700282022,"views":15,"p1id":"jacket456","p2id":"xeko03","formatid":"gen9vgc2023regulatione","rating":1330,"private":0,"password":""}