{"id":"gen9vgc2023regulatione-1991788452","p1":"ChiefBeef999","p2":"tyranitrev","format":"[Gen 9] VGC 2023 Regulation E","log":"|j|\u2606ChiefBeef999\n|j|\u2606tyranitrev\n|t:|1700117487\n|gametype|doubles\n|player|p1|ChiefBeef999|flannery|1170\n|player|p2|tyranitrev|170|1289\n|teamsize|p1|6\n|teamsize|p2|6\n|gen|9\n|tier|[Gen 9] VGC 2023 Regulation E\n|rated|\n|rule|Species Clause: Limit one of each Pok\u00e9mon\n|rule|Item Clause: Limit one of each item\n|clearpoke\n|poke|p1|Sinistcha, L50|\n|poke|p1|Ogerpon-Wellspring, L50, F|\n|poke|p1|Iron Hands, L50|\n|poke|p1|Ursaluna-Bloodmoon, L50, M|\n|poke|p1|Torkoal, L50, M|\n|poke|p1|Indeedee-F, L50, F|\n|poke|p2|Gholdengo, L50|\n|poke|p2|Iron Hands, L50|\n|poke|p2|Amoonguss, L50, M|\n|poke|p2|Iron Bundle, L50|\n|poke|p2|Pelipper, L50, M|\n|poke|p2|Salamence, L50, M|\n|teampreview|4\n|\n|t:|1700117526\n|start\n|switch|p1a: Tatsumaki|Indeedee-F, L50, F|100\/100\n|switch|p1b: Shrek2OnDVD*|Ogerpon-Wellspring, L50, F|100\/100\n|switch|p2a: Gholdengo|Gholdengo, L50|100\/100\n|switch|p2b: Amoonguss|Amoonguss, L50, M|100\/100\n|-fieldstart|move: Psychic Terrain|[from] ability: Psychic Surge|[of] p1a: Tatsumaki\n|-enditem|p1a: Tatsumaki|Psychic Seed\n|-boost|p1a: Tatsumaki|spd|1|[from] item: Psychic Seed\n|turn|1\n|inactive|Battle timer is ON: inactive players will automatically lose when time's up. (requested by tyranitrev)\n|\n|t:|1700117592\n|switch|p2b: Iron Hands|Iron Hands, L50|100\/100\n|move|p1a: Tatsumaki|Follow Me|p1a: Tatsumaki\n|-singleturn|p1a: Tatsumaki|move: Follow Me\n|move|p1b: Shrek2OnDVD*|Swords Dance|p1b: Shrek2OnDVD*\n|-boost|p1b: Shrek2OnDVD*|atk|2\n|move|p2a: Gholdengo|Nasty Plot|p2a: Gholdengo\n|-boost|p2a: Gholdengo|spa|2\n|\n|upkeep\n|turn|2\n|inactive|tyranitrev has 30 seconds left.\n|\n|t:|1700117620\n|move|p2a: Gholdengo|Protect|p2a: Gholdengo\n|-singleturn|p2a: Gholdengo|Protect\n|move|p1b: Shrek2OnDVD*|Ivy Cudgel|p2a: Gholdengo|[anim] Ivy Cudgel Water\n|-activate|p2a: Gholdengo|move: Protect\n|move|p1a: Tatsumaki|Psychic|p2a: Gholdengo\n|-activate|p2a: Gholdengo|move: Protect\n|move|p2b: Iron Hands|Wild Charge|p1b: Shrek2OnDVD*\n|-damage|p1b: Shrek2OnDVD*|60\/100\n|-damage|p2b: Iron Hands|93\/100|[from] Recoil\n|\n|upkeep\n|turn|3\n|c|\u2606tyranitrev|!weakness Gholdengo\n|c| tyranitrev|\/raw <div class=\"infobox\">Gholdengo (ignoring abilities):<br \/><span class=\"message-effect-weak\">Weaknesses<\/span>: Dark, Fire, Ghost, Ground<br \/><span class=\"message-effect-resist\">Resistances<\/span>: <b>Bug<\/b>, Dragon, Fairy, Flying, Grass, Ice, Psychic, Rock, Steel<br \/><span class=\"message-effect-immune\">Immunities<\/span>: Fighting, Normal, Poison, Sandstorm damage, Toxic, Trapping<\/div>\n|inactive|tyranitrev has 30 seconds left.\n|inactive|tyranitrev has 20 seconds left.\n|\n|t:|1700117658\n|-terastallize|p2a: Gholdengo|Dragon\n|move|p1b: Shrek2OnDVD*|Ivy Cudgel|p2a: Gholdengo|[anim] Ivy Cudgel Water\n|-resisted|p2a: Gholdengo\n|-damage|p2a: Gholdengo|51\/100\n|move|p2a: Gholdengo|Make It Rain|p1b: Shrek2OnDVD*|[spread] p1a,p1b\n|-resisted|p1b: Shrek2OnDVD*\n|-damage|p1a: Tatsumaki|33\/100\n|-damage|p1b: Shrek2OnDVD*|10\/100\n|-unboost|p2a: Gholdengo|spa|1\n|move|p1a: Tatsumaki|Psychic|p2a: Gholdengo\n|-damage|p2a: Gholdengo|5\/100\n|move|p2b: Iron Hands|Drain Punch|p1b: Shrek2OnDVD*\n|-damage|p1b: Shrek2OnDVD*|0 fnt\n|-heal|p2b: Iron Hands|96\/100|[from] drain|[of] p1b: Shrek2OnDVD*\n|faint|p1b: Shrek2OnDVD*\n|\n|-heal|p2a: Gholdengo|11\/100|[from] item: Leftovers\n|upkeep\n|\n|t:|1700117681\n|switch|p1b: Big Chungus|Iron Hands, L50|100\/100\n|turn|4\n|\n|t:|1700117705\n|-end|p2b: Iron Hands|Quark Drive|[silent]\n|switch|p2b: Amoonguss|Amoonguss, L50, M|100\/100\n|move|p2a: Gholdengo|Protect|p2a: Gholdengo\n|-singleturn|p2a: Gholdengo|Protect\n|move|p1a: Tatsumaki|Psychic|p2b: Amoonguss\n|-supereffective|p2b: Amoonguss\n|-damage|p2b: Amoonguss|26\/100\n|-enditem|p2b: Amoonguss|Sitrus Berry|[eat]\n|-heal|p2b: Amoonguss|51\/100|[from] item: Sitrus Berry\n|move|p1b: Big Chungus|Drain Punch|p2a: Gholdengo\n|-activate|p2a: Gholdengo|move: Protect\n|\n|-heal|p2a: Gholdengo|17\/100|[from] item: Leftovers\n|upkeep\n|turn|5\n|inactive|ChiefBeef999 has 30 seconds left.\n|inactive|tyranitrev has 30 seconds left.\n|inactive|tyranitrev has 20 seconds left.\n|\n|t:|1700117744\n|move|p2b: Amoonguss|Protect|p2b: Amoonguss\n|-singleturn|p2b: Amoonguss|Protect\n|move|p2a: Gholdengo|Make It Rain|p1b: Big Chungus|[spread] p1a,p1b\n|-resisted|p1b: Big Chungus\n|-damage|p1a: Tatsumaki|0 fnt\n|-damage|p1b: Big Chungus|82\/100\n|-unboost|p2a: Gholdengo|spa|1\n|faint|p1a: Tatsumaki\n|move|p1b: Big Chungus|Drain Punch|p2a: Gholdengo\n|-crit|p2a: Gholdengo\n|-damage|p2a: Gholdengo|0 fnt\n|-heal|p1b: Big Chungus|89\/100|[from] drain|[of] p2a: Gholdengo\n|faint|p2a: Gholdengo\n|\n|-fieldend|move: Psychic Terrain\n|upkeep\n|\n|t:|1700117765\n|switch|p2a: Pelipper|Pelipper, L50, M|100\/100\n|switch|p1a: Franklin|Torkoal, L50, M|100\/100\n|-weather|RainDance|[from] ability: Drizzle|[of] p2a: Pelipper\n|-weather|SunnyDay|[from] ability: Drought|[of] p1a: Franklin\n|turn|6\n|inactive|tyranitrev has 30 seconds left.\n|\n|t:|1700117792\n|move|p2a: Pelipper|Wide Guard|p2a: Pelipper\n|-singleturn|p2a: Pelipper|Wide Guard\n|move|p1b: Big Chungus|Wild Charge|p2b: Amoonguss\n|-resisted|p2b: Amoonguss\n|-damage|p2b: Amoonguss|33\/100\n|-damage|p1b: Big Chungus|85\/100|[from] Recoil\n|move|p2b: Amoonguss|Spore|p1a: Franklin\n|-status|p1a: Franklin|slp|[from] move: Spore\n|cant|p1a: Franklin|slp\n|\n|-weather|SunnyDay|[upkeep]\n|upkeep\n|turn|7\n|\n|t:|1700117815\n|switch|p2a: Iron Hands|Iron Hands, L50|96\/100\n|move|p2b: Amoonguss|Protect|p2b: Amoonguss\n|-singleturn|p2b: Amoonguss|Protect\n|move|p1b: Big Chungus|Drain Punch|p2b: Amoonguss\n|-activate|p2b: Amoonguss|move: Protect\n|-curestatus|p1a: Franklin|slp|[msg]\n|move|p1a: Franklin|Solar Beam||[still]\n|-prepare|p1a: Franklin|Solar Beam\n|-anim|p1a: Franklin|Solar Beam|p2a: Iron Hands\n|-damage|p2a: Iron Hands|71\/100\n|\n|-weather|SunnyDay|[upkeep]\n|upkeep\n|turn|8\n|\n|t:|1700117836\n|switch|p2b: Pelipper|Pelipper, L50, M|100\/100\n|-weather|RainDance|[from] ability: Drizzle|[of] p2b: Pelipper\n|move|p1b: Big Chungus|Drain Punch|p2a: Iron Hands\n|-damage|p2a: Iron Hands|42\/100\n|-heal|p1b: Big Chungus|99\/100|[from] drain|[of] p2a: Iron Hands\n|move|p2a: Iron Hands|Drain Punch|p1a: Franklin\n|-damage|p1a: Franklin|67\/100\n|-heal|p2a: Iron Hands|55\/100|[from] drain|[of] p1a: Franklin\n|move|p1a: Franklin|Solar Beam||[still]\n|-prepare|p1a: Franklin|Solar Beam\n|\n|-weather|RainDance|[upkeep]\n|upkeep\n|turn|9\n|\n|t:|1700117860\n|move|p2b: Pelipper|Hurricane|p1b: Big Chungus\n|-damage|p1b: Big Chungus|79\/100\n|-start|p1b: Big Chungus|confusion\n|move|p2a: Iron Hands|Drain Punch|p1a: Franklin\n|-damage|p1a: Franklin|32\/100\n|-heal|p2a: Iron Hands|68\/100|[from] drain|[of] p1a: Franklin\n|-activate|p1b: Big Chungus|confusion\n|move|p1b: Big Chungus|Wild Charge|p2b: Pelipper\n|-supereffective|p2b: Pelipper\n|-enditem|p2b: Pelipper|Focus Sash\n|-damage|p2b: Pelipper|1\/100\n|-damage|p1b: Big Chungus|64\/100|[from] Recoil\n|move|p1a: Franklin|Solar Beam|p2a: Iron Hands|[from]lockedmove\n|-damage|p2a: Iron Hands|56\/100\n|\n|-weather|RainDance|[upkeep]\n|upkeep\n|turn|10\n|\n|t:|1700117883\n|move|p2b: Pelipper|Protect|p2b: Pelipper\n|-singleturn|p2b: Pelipper|Protect\n|-activate|p1b: Big Chungus|confusion\n|move|p1b: Big Chungus|Drain Punch|p2a: Iron Hands\n|-damage|p2a: Iron Hands|27\/100\n|-heal|p1b: Big Chungus|78\/100|[from] drain|[of] p2a: Iron Hands\n|move|p2a: Iron Hands|Drain Punch|p1a: Franklin\n|-damage|p1a: Franklin|0 fnt\n|-heal|p2a: Iron Hands|38\/100|[from] drain|[of] p1a: Franklin\n|faint|p1a: Franklin\n|\n|-weather|RainDance|[upkeep]\n|upkeep\n|turn|11\n|inactive|tyranitrev has 30 seconds left.\n|\n|t:|1700117912\n|move|p2b: Pelipper|Hurricane|p1b: Big Chungus\n|-damage|p1b: Big Chungus|57\/100\n|-activate|p1b: Big Chungus|confusion\n|-damage|p1b: Big Chungus|47\/100|[from] confusion\n|move|p2a: Iron Hands|Drain Punch|p1b: Big Chungus\n|-damage|p1b: Big Chungus|15\/100\n|-heal|p2a: Iron Hands|54\/100|[from] drain|[of] p1b: Big Chungus\n|\n|-weather|RainDance|[upkeep]\n|upkeep\n|turn|12\n|-message|ChiefBeef999 forfeited.\n|\n|win|tyranitrev\n|raw|ChiefBeef999's rating: 1170 &rarr; <strong>1153<\/strong><br \/>(-17 for losing)\n|raw|tyranitrev's rating: 1289 &rarr; <strong>1306<\/strong><br \/>(+17 for winning)\n|l|\u2606ChiefBeef999\n","uploadtime":1700117927,"views":20,"p1id":"chiefbeef999","p2id":"tyranitrev","formatid":"gen9vgc2023regulatione","rating":1153,"private":0,"password":""}