{"id":"gen9vgc2023regulatione-1993086713","p1":"JakeStewart400","p2":"idolhunter28273","format":"[Gen 9] VGC 2023 Regulation E","log":"|j|\u2606JakeStewart400\n|j|\u2606idolhunter28273\n|t:|1700263193\n|gametype|doubles\n|player|p1|JakeStewart400|hilbert-wonderlauncher|\n|player|p2|idolhunter28273|266|\n|teamsize|p1|6\n|teamsize|p2|6\n|gen|9\n|tier|[Gen 9] VGC 2023 Regulation E\n|rule|Species Clause: Limit one of each Pok\u00e9mon\n|rule|Item Clause: Limit one of each item\n|clearpoke\n|poke|p1|Ogerpon-Hearthflame, L50, F|\n|poke|p1|Landorus-Therian, L50, M|\n|poke|p1|Fezandipiti, L50, M|\n|poke|p1|Magnezone, L50|\n|poke|p1|Spiritomb, L50, F|\n|poke|p1|Toxapex, L50, M|\n|poke|p2|Enamorus-Therian, L50, F|\n|poke|p2|Mandibuzz, L50, F|\n|poke|p2|Cresselia, L50, F|\n|poke|p2|Ursaluna, L50, F|\n|poke|p2|Medicham, L50, F|\n|poke|p2|Zoroark, L50, M|\n|teampreview|4\n|inactive|Battle timer is ON: inactive players will automatically lose when time's up. (requested by JakeStewart400)\nJakeStewart400 rejected open team sheets.\n|inactiveoff|Battle timer is now OFF.\n|c|\u2606JakeStewart400|glhf!\n|c|\u2606idolhunter28273|you too!\n|j| 5wamp\n|j| OmegaAlpha01\n|l| 5wamp\n|j| 5wamp\n|\n|t:|1700263259\n|start\n|switch|p1a: Fezandipiti|Fezandipiti, L50, M|100\/100\n|switch|p1b: Spiritomb|Spiritomb, L50, F|100\/100\n|switch|p2a: Mandibuzz|Mandibuzz, L50, F|100\/100\n|switch|p2b: Medicham|Medicham, L50, F|100\/100\n|-ability|p1b: Spiritomb|Pressure\n|-item|p1b: Spiritomb|Air Balloon\n|turn|1\n|\n|t:|1700263292\n|switch|p1b: Toxapex|Toxapex, L50, M, shiny|100\/100\n|move|p2b: Medicham|Psychic|p1a: Fezandipiti\n|-supereffective|p1a: Fezandipiti\n|-damage|p1a: Fezandipiti|28\/100\n|-enditem|p1a: Fezandipiti|Sitrus Berry|[eat]\n|-heal|p1a: Fezandipiti|52\/100|[from] item: Sitrus Berry\n|move|p1a: Fezandipiti|Icy Wind|p2b: Medicham|[spread] p2b\n|-miss|p1a: Fezandipiti|p2a: Mandibuzz\n|-crit|p2b: Medicham\n|-damage|p2b: Medicham|78\/100\n|-unboost|p2b: Medicham|spe|1\n|replace|p2b: Zoroark|Zoroark, L50, M\n|-end|p2b: Zoroark|Illusion\n|move|p2a: Mandibuzz|Tailwind|p2a: Mandibuzz\n|-sidestart|p2: idolhunter28273|move: Tailwind\n|\n|upkeep\n|turn|2\n|c| 5wamp|I legit thought that was special attacking medicham for a sec\n|\n|t:|1700263334\n|switch|p1a: Spiritomb|Spiritomb, L50, F|100\/100\n|-ability|p1a: Spiritomb|Pressure\n|-item|p1a: Spiritomb|Air Balloon\n|move|p2b: Zoroark|Psychic|p1a: Spiritomb\n|-immune|p1a: Spiritomb\n|move|p2a: Mandibuzz|Foul Play|p1a: Spiritomb\n|-damage|p1a: Spiritomb|74\/100\n|-enditem|p1a: Spiritomb|Air Balloon\n|move|p1b: Toxapex|Toxic|p2a: Mandibuzz\n|-status|p2a: Mandibuzz|tox\n|\n|-damage|p2a: Mandibuzz|95\/100 tox|[from] psn\n|upkeep\n|turn|3\n|\n|t:|1700263354\n|move|p1a: Spiritomb|Protect|p1a: Spiritomb\n|-singleturn|p1a: Spiritomb|Protect\n|move|p2b: Zoroark|Psychic|p1b: Toxapex\n|-supereffective|p1b: Toxapex\n|-crit|p1b: Toxapex\n|-damage|p1b: Toxapex|0 fnt\n|faint|p1b: Toxapex\n|move|p2a: Mandibuzz|Foul Play|p1a: Spiritomb\n|-activate|p1a: Spiritomb|move: Protect\n|\n|-damage|p2a: Mandibuzz|83\/100 tox|[from] psn\n|upkeep\n|c|\u2606JakeStewart400|that is quite unfortunate lol\n|c|\u2606idolhunter28273|agreed\n|\n|t:|1700263377\n|switch|p1b: Ogerpon|Ogerpon-Hearthflame, L50, F|100\/100\n|-ability|p1b: Ogerpon|Mold Breaker\n|turn|4\n|l| 5wamp\n|\n|t:|1700263395\n|switch|p1a: Fezandipiti|Fezandipiti, L50, M|52\/100\n|move|p1b: Ogerpon|Spiky Shield|p1b: Ogerpon\n|-singleturn|p1b: Ogerpon|move: Protect\n|move|p2b: Zoroark|Psychic|p1b: Ogerpon\n|-activate|p1b: Ogerpon|move: Protect\n|move|p2a: Mandibuzz|Foul Play|p1b: Ogerpon\n|-activate|p1b: Ogerpon|move: Protect\n|-damage|p2a: Mandibuzz|70\/100 tox|[from] Spiky Shield|[of] p1b: Ogerpon\n|\n|-damage|p2a: Mandibuzz|52\/100 tox|[from] psn\n|-sideend|p2: idolhunter28273|move: Tailwind\n|upkeep\n|turn|5\n|j| 5wamp\n|\n|t:|1700263429\n|switch|p1b: Spiritomb|Spiritomb, L50, F|74\/100\n|-ability|p1b: Spiritomb|Pressure\n|switch|p2b: Enamorus|Enamorus-Therian, L50, F|100\/100\n|switch|p2a: Medicham|Medicham, L50, F|100\/100\n|move|p1a: Fezandipiti|Icy Wind|p2b: Enamorus|[spread] p2a,p2b\n|-supereffective|p2b: Enamorus\n|-damage|p2a: Medicham|87\/100\n|-damage|p2b: Enamorus|83\/100\n|-unboost|p2a: Medicham|spe|1\n|-unboost|p2b: Enamorus|spe|1\n|\n|upkeep\n|turn|6\n|\n|t:|1700263475\n|move|p2a: Medicham|Fake Out|p1a: Fezandipiti\n|-damage|p1a: Fezandipiti|33\/100\n|cant|p1a: Fezandipiti|flinch\n|move|p2b: Enamorus|Earth Power|p1a: Fezandipiti\n|-supereffective|p1a: Fezandipiti\n|-damage|p1a: Fezandipiti|0 fnt\n|faint|p1a: Fezandipiti\n|-damage|p2b: Enamorus|73\/100|[from] item: Life Orb\n|move|p1b: Spiritomb|Imprison|p1b: Spiritomb\n|-start|p1b: Spiritomb|move: Imprison\n|\n|upkeep\n|\n|t:|1700263486\n|switch|p1a: Ogerpon|Ogerpon-Hearthflame, L50, F|100\/100\n|-ability|p1a: Ogerpon|Mold Breaker\n|turn|7\n|\n|t:|1700263499\n|-terastallize|p1a: Ogerpon|Fire\n|detailschange|p1a: Ogerpon|Ogerpon-Hearthflame-Tera, L50, F, tera:Fire\n|-ability|p1a: Ogerpon|Embody Aspect (Hearthflame)|boost\n|-boost|p1a: Ogerpon|atk|1\n|move|p1a: Ogerpon|Ivy Cudgel|p2b: Enamorus|[anim] Ivy Cudgel Fire\n|-damage|p2b: Enamorus|0 fnt\n|faint|p2b: Enamorus\n|move|p2a: Medicham|Close Combat|p1a: Ogerpon\n|-crit|p1a: Ogerpon\n|-damage|p1a: Ogerpon|0 fnt\n|-unboost|p2a: Medicham|def|1\n|-unboost|p2a: Medicham|spd|1\n|faint|p1a: Ogerpon\n|move|p1b: Spiritomb|Foul Play|p2a: Medicham\n|-damage|p2a: Medicham|7\/100\n|\n|upkeep\n|\n|t:|1700263504\n|switch|p2b: Mandibuzz|Mandibuzz, L50, F|78\/100\n|turn|8\n|j| amlodude\n|c|\u2606JakeStewart400|bruh\n|\n|t:|1700263528\n|move|p2b: Mandibuzz|Night Daze|p1b: Spiritomb\n|-damage|p1b: Spiritomb|24\/100\n|-unboost|p1b: Spiritomb|accuracy|1\n|move|p2a: Medicham|Close Combat|p1b: Spiritomb\n|-immune|p1b: Spiritomb\n|move|p1b: Spiritomb|Foul Play|p2a: Medicham|[miss]\n|-miss|p1b: Spiritomb|p2a: Medicham\n|\n|upkeep\n|turn|9\n|c|\u2606idolhunter28273|i feel bad saying gg but gg\n|l| 5wamp\n|c|\u2606idolhunter28273|cuz this one was rough for ya\n|c|\u2606JakeStewart400|gg\n|c|\u2606JakeStewart400|yeah that was definitely some hax lol. oh well\n|\n|t:|1700263562\n|move|p2b: Mandibuzz|Night Daze|p1b: Spiritomb\n|-crit|p1b: Spiritomb\n|-damage|p1b: Spiritomb|0 fnt\n|faint|p1b: Spiritomb\n|\n|win|idolhunter28273\n|c|\u2606idolhunter28273|gg man\n|c|\u2606JakeStewart400|ggs\n|c|\u2606idolhunter28273|wp on your end for sure\n|c|\u2606JakeStewart400|you as well\n|c|\u2606idolhunter28273|thanks!\n|l|\u2606JakeStewart400\n|j| 5wamp\n|l| 5wamp\n","uploadtime":1700263720,"views":17,"p1id":"jakestewart400","p2id":"idolhunter28273","formatid":"gen9vgc2023regulatione","rating":0,"private":0,"password":""}