{"id":"gen9vgc2023regulatione-1996984975","p1":"Dr Ferbus","p2":"aaztral","format":"[Gen 9] VGC 2023 Regulation E","log":"|j|\u2606Dr Ferbus\n|j|\u2606aaztral\n|t:|1700752630\n|gametype|doubles\n|player|p1|Dr Ferbus|boarder|1220\n|player|p2|aaztral|elesa-masters|1198\n|teamsize|p1|6\n|teamsize|p2|6\n|gen|9\n|tier|[Gen 9] VGC 2023 Regulation E\n|rated|\n|rule|Species Clause: Limit one of each Pok\u00e9mon\n|rule|Item Clause: Limit one of each item\n|clearpoke\n|poke|p1|Iron Hands, L50|\n|poke|p1|Landorus-Therian, L50, M|\n|poke|p1|Enamorus-Therian, L50, F|\n|poke|p1|Sinistcha, L50|\n|poke|p1|Kingambit, L50, F|\n|poke|p1|Torkoal, L50, M|\n|poke|p2|Dedenne, L50, F|\n|poke|p2|Toxtricity-Low-Key, L50, F|\n|poke|p2|Arcanine-Hisui, L50, M|\n|poke|p2|Flutter Mane, L50|\n|poke|p2|Tornadus, L50, M|\n|poke|p2|Urshifu-*, L50, F|\n|teampreview|4\n|inactive|Battle timer is ON: inactive players will automatically lose when time's up. (requested by aaztral)\n|\n|t:|1700752660\n|start\n|switch|p1a: Iron Hands|Iron Hands, L50|100\/100\n|switch|p1b: Sinistcha|Sinistcha, L50|100\/100\n|switch|p2a: Flutter Mane|Flutter Mane, L50|100\/100\n|switch|p2b: Arcanine|Arcanine-Hisui, L50, M|100\/100\n|-ability|p2b: Arcanine|Intimidate|boost\n|-unboost|p1a: Iron Hands|atk|1\n|-unboost|p1b: Sinistcha|atk|1\n|-enditem|p2a: Flutter Mane|Booster Energy\n|-activate|p2a: Flutter Mane|ability: Protosynthesis|[fromitem]\n|-start|p2a: Flutter Mane|protosynthesisspe\n|turn|1\n|\n|t:|1700752684\n|-terastallize|p1b: Sinistcha|Poison\n|move|p1a: Iron Hands|Fake Out|p2b: Arcanine\n|-resisted|p2b: Arcanine\n|-crit|p2b: Arcanine\n|-damage|p2b: Arcanine|87\/100\n|move|p2a: Flutter Mane|Hex|p1b: Sinistcha\n|-damage|p1b: Sinistcha|61\/100\n|cant|p2b: Arcanine|flinch\n|move|p1b: Sinistcha|Trick Room|p1b: Sinistcha\n|-fieldstart|move: Trick Room|[of] p1b: Sinistcha\n|\n|-heal|p2b: Arcanine|93\/100|[from] item: Leftovers\n|upkeep\n|turn|2\n|\n|t:|1700752707\n|move|p1a: Iron Hands|Heavy Slam|p2a: Flutter Mane\n|-supereffective|p2a: Flutter Mane\n|-damage|p2a: Flutter Mane|0 fnt\n|faint|p2a: Flutter Mane\n|-end|p2a: Flutter Mane|Protosynthesis|[silent]\n|move|p1b: Sinistcha|Strength Sap|p2b: Arcanine\n|-unboost|p2b: Arcanine|atk|1\n|-heal|p1b: Sinistcha|100\/100\n|move|p2b: Arcanine|Will-O-Wisp|p1a: Iron Hands\n|-status|p1a: Iron Hands|brn\n|\n|-heal|p2b: Arcanine|99\/100|[from] item: Leftovers\n|-damage|p1a: Iron Hands|94\/100 brn|[from] brn\n|upkeep\n|\n|t:|1700752721\n|switch|p2a: Tornadus|Tornadus, L50, M|100\/100\n|turn|3\n|\n|t:|1700752741\n|-end|p1a: Iron Hands|Quark Drive|[silent]\n|switch|p1a: Torkoal|Torkoal, L50, M|100\/100\n|-weather|SunnyDay|[from] ability: Drought|[of] p1a: Torkoal\n|move|p1b: Sinistcha|Rage Powder|p1b: Sinistcha\n|-singleturn|p1b: Sinistcha|move: Rage Powder\n|move|p2b: Arcanine|Will-O-Wisp|p1b: Sinistcha|[miss]\n|-miss|p2b: Arcanine|p1b: Sinistcha\n|move|p2a: Tornadus|Bleakwind Storm|p1b: Sinistcha|[spread] p1a,p1b\n|-damage|p1a: Torkoal|55\/100\n|-damage|p1b: Sinistcha|61\/100\n|\n|-weather|SunnyDay|[upkeep]\n|-heal|p2b: Arcanine|100\/100|[from] item: Leftovers\n|upkeep\n|turn|4\n|inactive|Dr Ferbus has 30 seconds left.\n|inactive|Dr Ferbus has 20 seconds left.\n|\n|t:|1700752779\n|switch|p1b: Kingambit|Kingambit, L50, F|100\/100\n|move|p2a: Tornadus|Rain Dance|p2a: Tornadus\n|-weather|RainDance\n|move|p1a: Torkoal|Eruption|p2b: Arcanine|[spread] p2a,p2b\n|-resisted|p2b: Arcanine\n|-damage|p2a: Tornadus|83\/100\n|-damage|p2b: Arcanine|96\/100\n|move|p2b: Arcanine|Snarl|p1a: Torkoal|[spread] p1a,p1b\n|-resisted|p1b: Kingambit\n|-damage|p1a: Torkoal|45\/100\n|-damage|p1b: Kingambit|96\/100\n|-unboost|p1a: Torkoal|spa|1\n|-unboost|p1b: Kingambit|spa|1\n|-ability|p1b: Kingambit|Defiant|boost\n|-boost|p1b: Kingambit|atk|2\n|\n|-weather|RainDance|[upkeep]\n|-heal|p2b: Arcanine|100\/100|[from] item: Leftovers\n|upkeep\n|turn|5\n|\n|t:|1700752802\n|move|p1a: Torkoal|Yawn|p2b: Arcanine\n|-start|p2b: Arcanine|move: Yawn|[of] p1a: Torkoal\n|move|p1b: Kingambit|Swords Dance|p1b: Kingambit\n|-boost|p1b: Kingambit|atk|2\n|move|p2b: Arcanine|Will-O-Wisp|p1b: Kingambit\n|-status|p1b: Kingambit|brn\n|move|p2a: Tornadus|Bleakwind Storm|p1b: Kingambit|[spread] p1a,p1b\n|-resisted|p1b: Kingambit\n|-damage|p1a: Torkoal|0 fnt\n|-damage|p1b: Kingambit|81\/100 brn\n|faint|p1a: Torkoal\n|\n|-weather|RainDance|[upkeep]\n|-damage|p1b: Kingambit|75\/100 brn|[from] brn\n|-fieldend|move: Trick Room\n|upkeep\n|\n|t:|1700752816\n|switch|p1a: Sinistcha|Sinistcha, L50, tera:Poison|61\/100\n|-heal|p1b: Kingambit|99\/100 brn|[from] ability: Hospitality|[of] p1a: Sinistcha\n|turn|6\n|\n|t:|1700752838\n|switch|p2b: Urshifu|Urshifu-Rapid-Strike, L50, F|100\/100\n|move|p1a: Sinistcha|Rage Powder|p1a: Sinistcha\n|-singleturn|p1a: Sinistcha|move: Rage Powder\n|move|p1b: Kingambit|Sucker Punch|p2a: Tornadus\n|-damage|p2a: Tornadus|0 fnt\n|faint|p2a: Tornadus\n|-damage|p1b: Kingambit|90\/100 brn|[from] item: Life Orb\n|\n|-weather|RainDance|[upkeep]\n|-damage|p1b: Kingambit|84\/100 brn|[from] brn\n|upkeep\n|\n|t:|1700752845\n|switch|p2a: Arcanine|Arcanine-Hisui, L50, M|100\/100\n|-ability|p2a: Arcanine|Intimidate|boost\n|-unboost|p1a: Sinistcha|atk|1\n|-unboost|p1b: Kingambit|atk|1\n|-ability|p1b: Kingambit|Defiant|boost\n|-boost|p1b: Kingambit|atk|2\n|turn|7\n|inactive|Dr Ferbus has 30 seconds left.\n|\n|t:|1700752877\n|move|p1a: Sinistcha|Rage Powder|p1a: Sinistcha\n|-singleturn|p1a: Sinistcha|move: Rage Powder\n|move|p1b: Kingambit|Sucker Punch|p2a: Arcanine\n|-damage|p2a: Arcanine|6\/100\n|-damage|p1b: Kingambit|74\/100 brn|[from] item: Life Orb\n|move|p2b: Urshifu|Surging Strikes|p1a: Sinistcha\n|-crit|p1a: Sinistcha\n|-damage|p1a: Sinistcha|37\/100\n|-damage|p2b: Urshifu|84\/100|[from] item: Rocky Helmet|[of] p1a: Sinistcha\n|-crit|p1a: Sinistcha\n|-damage|p1a: Sinistcha|12\/100\n|-damage|p2b: Urshifu|67\/100|[from] item: Rocky Helmet|[of] p1a: Sinistcha\n|-crit|p1a: Sinistcha\n|-damage|p1a: Sinistcha|0 fnt\n|-damage|p2b: Urshifu|51\/100|[from] item: Rocky Helmet|[of] p1a: Sinistcha\n|faint|p1a: Sinistcha\n|-hitcount|p1: Sinistcha|3\n|move|p2a: Arcanine|Rock Slide|p1b: Kingambit\n|-resisted|p1b: Kingambit\n|-damage|p1b: Kingambit|63\/100 brn\n|\n|-weather|RainDance|[upkeep]\n|-heal|p2a: Arcanine|12\/100|[from] item: Leftovers\n|-damage|p1b: Kingambit|57\/100 brn|[from] brn\n|upkeep\n|\n|t:|1700752898\n|switch|p1a: Iron Hands|Iron Hands, L50|94\/100 brn\n|turn|8\n|inactive|Dr Ferbus has 30 seconds left.\n|inactive|Dr Ferbus has 20 seconds left.\n|inactive|Dr Ferbus has 15 seconds left.\n|inactive|Dr Ferbus has 10 seconds left.\n|\n|t:|1700752944\n|move|p2b: Urshifu|Protect|p2b: Urshifu\n|-singleturn|p2b: Urshifu|Protect\n|move|p2a: Arcanine|Protect|p2a: Arcanine\n|-singleturn|p2a: Arcanine|Protect\n|move|p1a: Iron Hands|Fake Out|p2b: Urshifu\n|-activate|p2b: Urshifu|move: Protect\n|move|p1b: Kingambit|Sucker Punch||[still]\n|-fail|p1b: Kingambit\n|\n|-weather|none\n|-heal|p2a: Arcanine|18\/100|[from] item: Leftovers\n|-damage|p1b: Kingambit|51\/100 brn|[from] brn\n|-damage|p1a: Iron Hands|88\/100 brn|[from] brn\n|upkeep\n|turn|9\n|\n|t:|1700752967\n|-terastallize|p2b: Urshifu|Water\n|move|p2b: Urshifu|Aqua Jet|p1b: Kingambit\n|-damage|p1b: Kingambit|24\/100 brn\n|move|p1b: Kingambit|Sucker Punch|p2a: Arcanine\n|-damage|p2a: Arcanine|0 fnt\n|faint|p2a: Arcanine\n|-damage|p1b: Kingambit|15\/100 brn|[from] item: Life Orb\n|move|p1a: Iron Hands|Wild Charge|p2b: Urshifu\n|-supereffective|p2b: Urshifu\n|-damage|p2b: Urshifu|3\/100\n|-damage|p1a: Iron Hands|79\/100 brn|[from] Recoil\n|\n|-damage|p1a: Iron Hands|73\/100 brn|[from] brn\n|-damage|p1b: Kingambit|9\/100 brn|[from] brn\n|upkeep\n|turn|10\n|inactive|Dr Ferbus has 30 seconds left.\n|inactive|Dr Ferbus has 20 seconds left.\n|j| Ciaot\n|inactive|Dr Ferbus has 15 seconds left.\n|inactive|Dr Ferbus has 10 seconds left.\n|\n|t:|1700753013\n|move|p2b: Urshifu|Protect|p2b: Urshifu\n|-singleturn|p2b: Urshifu|Protect\n|move|p1b: Kingambit|Sucker Punch||[still]\n|-fail|p1b: Kingambit\n|move|p1a: Iron Hands|Drain Punch|p2b: Urshifu\n|-activate|p2b: Urshifu|move: Protect\n|\n|-damage|p1b: Kingambit|3\/100 brn|[from] brn\n|-damage|p1a: Iron Hands|67\/100 brn|[from] brn\n|upkeep\n|turn|11\n|\n|t:|1700753025\n|move|p2b: Urshifu|Protect|p2b: Urshifu\n|-singleturn|p2b: Urshifu|Protect\n|move|p1b: Kingambit|Sucker Punch||[still]\n|-fail|p1b: Kingambit\n|move|p1a: Iron Hands|Wild Charge|p2b: Urshifu\n|-activate|p2b: Urshifu|move: Protect\n|\n|-damage|p1b: Kingambit|0 fnt|[from] brn\n|faint|p1b: Kingambit\n|-damage|p1a: Iron Hands|61\/100 brn|[from] brn\n|upkeep\n|turn|12\n|\n|t:|1700753037\n|move|p2b: Urshifu|Surging Strikes|p1a: Iron Hands\n|-crit|p1a: Iron Hands\n|-damage|p1a: Iron Hands|39\/100 brn\n|-crit|p1a: Iron Hands\n|-damage|p1a: Iron Hands|19\/100 brn\n|-crit|p1a: Iron Hands\n|-damage|p1a: Iron Hands|0 fnt\n|faint|p1a: Iron Hands\n|-end|p1a: Iron Hands|Quark Drive|[silent]\n|-hitcount|p1: Iron Hands|3\n|\n|win|aaztral\n|raw|Dr Ferbus's rating: 1220 &rarr; <strong>1193<\/strong><br \/>(-27 for losing)\n|raw|aaztral's rating: 1198 &rarr; <strong>1225<\/strong><br \/>(+27 for winning)\n|l|\u2606Dr Ferbus\n|c|\u2606aaztral|LMAAAOO\n|c|\u2606aaztral|gg\n|l| Ciaot\n","uploadtime":1700753084,"views":5,"p1id":"drferbus","p2id":"aaztral","formatid":"gen9vgc2023regulatione","rating":1193,"private":0,"password":""}