{"id":"gen9vgc2023regulatione-1988385508","p1":"akijuen","p2":"Izzywooperstan","format":"[Gen 9] VGC 2023 Regulation E","log":"|j|\u2606akijuen\n|j|\u2606Izzywooperstan\n|t:|1699716985\n|gametype|doubles\n|player|p1|akijuen|giovanni|\n|player|p2|Izzywooperstan|lady|\n|teamsize|p1|6\n|teamsize|p2|6\n|gen|9\n|tier|[Gen 9] VGC 2023 Regulation E\n|rated|Tournament battle\n|rule|Species Clause: Limit one of each Pok\u00e9mon\n|rule|Item Clause: Limit one of each item\n|clearpoke\n|poke|p1|Tornadus, L50, M|\n|poke|p1|Flutter Mane, L50|\n|poke|p1|Rillaboom, L50, F|\n|poke|p1|Ogerpon-Hearthflame, L50, F|\n|poke|p1|Chien-Pao, L50|\n|poke|p1|Dragonite, L50, F|\n|poke|p2|Ogerpon-Wellspring, L50, F|\n|poke|p2|Rillaboom, L50, M|\n|poke|p2|Baxcalibur, L50, M|\n|poke|p2|Ninetales-Alola, L50, F|\n|poke|p2|Heatran, L50, F|\n|poke|p2|Landorus-Therian, L50, M|\n|teampreview|4\n|showteam|p1|Tornadus||CovertCloak|Prankster|BleakwindStorm,SunnyDay,Tailwind,Taunt|||M|||50|,,,,,Dark]Flutter Mane||ChoiceSpecs|Protosynthesis|Moonblast,ShadowBall,DazzlingGleam,EnergyBall||||||50|,,,,,Fairy]Rillaboom||AssaultVest|GrassySurge|StompingTantrum,WoodHammer,GrassyGlide,FakeOut|||F|||50|,,,,,Water]Ogerpon-Hearthflame||HearthflameMask|MoldBreaker|IvyCudgel,WoodHammer,GrassyGlide,SpikyShield|||F|||50|,,,,,Fire]Chien-Pao||FocusSash|SwordofRuin|IcicleCrash,Crunch,SuckerPunch,Protect||||||50|,,,,,Ghost]Dragonite||ChoiceBand|InnerFocus|ExtremeSpeed,Outrage,StompingTantrum,FirePunch|||F|||50|,,,,,Normal\n|showteam|p2|Ogerpon-Wellspring||WellspringMask|WaterAbsorb|IvyCudgel,HornLeech,FollowMe,SpikyShield|||F|||50|,,,,,Water]Rillaboom||AssaultVest|GrassySurge|WoodHammer,GrassyGlide,HighHorsepower,FakeOut|||M|||50|,,,,,Fire]Baxcalibur||LoadedDice|IceBody|IcicleSpear,ScaleShot,SwordsDance,Protect|||M|||50|,,,,,Fire]Ninetales-Alola||LightClay|SnowWarning|AuroraVeil,Moonblast,IcyWind,Encore|||F|||50|,,,,,Ghost]Heatran||Leftovers|FlashFire|HeatWave,EarthPower,FlashCannon,Protect|||F|||50|,,,,,Fairy]Landorus-Therian||ChoiceScarf|Intimidate|StompingTantrum,Uturn,RockSlide,TeraBlast|||M|||50|,,,,,Flying\n|inactive|Battle timer is ON: inactive players will automatically lose when time's up. (requested by Izzywooperstan)\n|j| O1OOO11O\n|inactive|akijuen has 60 seconds left.\n|inactive|Izzywooperstan has 60 seconds left.\n|c|\u2606akijuen|gl\n|c|\u2606Izzywooperstan|glhf\n|inactive|akijuen has 30 seconds left.\n|inactive|akijuen has 20 seconds left.\n|j| MattC (Banned)\n|inactive|akijuen has 15 seconds left.\n|\n|t:|1699717062\n|start\n|switch|p1a: Ventisca|Tornadus, L50, M|100\/100\n|switch|p1b: Dragonite|Dragonite, L50, F|100\/100\n|switch|p2a: Ninetales|Ninetales-Alola, L50, F|100\/100\n|switch|p2b: Baxcalibur|Baxcalibur, L50, M|100\/100\n|-weather|Snow|[from] ability: Snow Warning|[of] p2a: Ninetales\n|turn|1\n|l| MattC (Banned)\n|\n|t:|1699717081\n|move|p2b: Baxcalibur|Protect|p2b: Baxcalibur\n|-singleturn|p2b: Baxcalibur|Protect\n|move|p1a: Ventisca|Sunny Day|p1a: Ventisca\n|-weather|SunnyDay\n|move|p2a: Ninetales|Icy Wind|p1b: Dragonite|[spread] p1a,p1b\n|-supereffective|p1a: Ventisca\n|-supereffective|p1b: Dragonite\n|-damage|p1a: Ventisca|71\/100\n|-damage|p1b: Dragonite|54\/100\n|-unboost|p1b: Dragonite|spe|1\n|move|p1b: Dragonite|Outrage|p2b: Baxcalibur\n|-activate|p2b: Baxcalibur|move: Protect\n|\n|-weather|SunnyDay|[upkeep]\n|upkeep\n|turn|2\n|\n|t:|1699717100\n|switch|p2b: Heatran|Heatran, L50, F|100\/100\n|move|p1a: Ventisca|Tailwind|p1a: Ventisca\n|-sidestart|p1: akijuen|move: Tailwind\n|move|p2a: Ninetales|Icy Wind|p1a: Ventisca|[spread] p1a,p1b\n|-supereffective|p1a: Ventisca\n|-supereffective|p1b: Dragonite\n|-damage|p1a: Ventisca|44\/100\n|-damage|p1b: Dragonite|9\/100\n|-unboost|p1b: Dragonite|spe|1\n|move|p1b: Dragonite|Outrage|p2a: Ninetales\n|-immune|p2a: Ninetales\n|\n|-weather|SunnyDay|[upkeep]\n|upkeep\n|turn|3\n|j| Jesuuuus\n|\n|t:|1699717123\n|move|p1a: Ventisca|Bleakwind Storm|p2b: Heatran|[spread] p2a\n|-miss|p1a: Ventisca|p2b: Heatran\n|-damage|p2a: Ninetales|61\/100\n|move|p2a: Ninetales|Moonblast|p1b: Dragonite\n|-supereffective|p1b: Dragonite\n|-damage|p1b: Dragonite|0 fnt\n|faint|p1b: Dragonite\n|move|p2b: Heatran|Heat Wave|p1a: Ventisca\n|-damage|p1a: Ventisca|0 fnt\n|faint|p1a: Ventisca\n|\n|-weather|SunnyDay|[upkeep]\n|upkeep\n|\n|t:|1699717130\n|switch|p1a: Ogerpon|Ogerpon-Hearthflame, L50, F|100\/100\n|switch|p1b: Brujita|Flutter Mane, L50|100\/100\n|-activate|p1b: Brujita|ability: Protosynthesis\n|-start|p1b: Brujita|protosynthesisspa\n|-ability|p1a: Ogerpon|Mold Breaker\n|turn|4\n|\n|t:|1699717152\n|switch|p2a: Landorus|Landorus-Therian, L50, M|100\/100\n|-ability|p2a: Landorus|Intimidate|boost\n|-unboost|p1a: Ogerpon|atk|1\n|-unboost|p1b: Brujita|atk|1\n|move|p1b: Brujita|Moonblast|p2a: Landorus\n|-damage|p2a: Landorus|0 fnt\n|faint|p2a: Landorus\n|move|p1a: Ogerpon|Ivy Cudgel|p2b: Heatran\n|-damage|p2b: Heatran|50\/100\n|move|p2b: Heatran|Heat Wave|p1b: Brujita|[spread] p1a,p1b\n|-damage|p1a: Ogerpon|42\/100\n|-damage|p1b: Brujita|42\/100\n|\n|-weather|SunnyDay|[upkeep]\n|-heal|p2b: Heatran|56\/100|[from] item: Leftovers\n|upkeep\n|\n|t:|1699717169\n|switch|p2a: Baxcalibur|Baxcalibur, L50, M|100\/100\n|turn|5\n|c| Jesuuuus|why didnt he go to ninetales\n|\n|t:|1699717185\n|-terastallize|p1b: Brujita|Fairy\n|move|p2a: Baxcalibur|Protect|p2a: Baxcalibur\n|-singleturn|p2a: Baxcalibur|Protect\n|move|p1b: Brujita|Moonblast|p2b: Heatran\n|-resisted|p2b: Heatran\n|-damage|p2b: Heatran|30\/100\n|move|p1a: Ogerpon|Ivy Cudgel|p2b: Heatran\n|-damage|p2b: Heatran|0 fnt\n|faint|p2b: Heatran\n|\n|-weather|none\n|-end|p1b: Brujita|Protosynthesis\n|-sideend|p1: akijuen|move: Tailwind\n|upkeep\n|\n|t:|1699717195\n|switch|p2b: Ninetales|Ninetales-Alola, L50, F|61\/100\n|-weather|Snow|[from] ability: Snow Warning|[of] p2b: Ninetales\n|turn|6\n|\n|t:|1699717218\n|-terastallize|p2a: Baxcalibur|Fire\n|move|p2b: Ninetales|Aurora Veil|p2b: Ninetales\n|-sidestart|p2: Izzywooperstan|move: Aurora Veil\n|move|p1b: Brujita|Moonblast|p2a: Baxcalibur\n|-resisted|p2a: Baxcalibur\n|-damage|p2a: Baxcalibur|72\/100\n|move|p1a: Ogerpon|Ivy Cudgel|p2b: Ninetales\n|-supereffective|p2b: Ninetales\n|-damage|p2b: Ninetales|15\/100\n|move|p2a: Baxcalibur|Icicle Spear|p1b: Brujita\n|-crit|p1b: Brujita\n|-damage|p1b: Brujita|11\/100\n|-damage|p1b: Brujita|0 fnt\n|faint|p1b: Brujita\n|-end|p1b: Brujita|Protosynthesis|[silent]\n|-hitcount|p1: Brujita|2\n|\n|-weather|Snow|[upkeep]\n|-heal|p2a: Baxcalibur|77\/100|[from] ability: Ice Body\n|upkeep\n|turn|7\n|c|\u2606akijuen|gg\n|-message|akijuen forfeited.\n|\n|win|Izzywooperstan\n|n|\u2606akijuen|akijuen\n|n|\u2606Izzywooperstan|izzywooperstan\n|n| O1OOO11O|o1ooo11o\n|n| Jesuuuus|jesuuuus\n","uploadtime":1699717231,"views":16,"p1id":"akijuen","p2id":"izzywooperstan","formatid":"gen9vgc2023regulatione","rating":0,"private":0,"password":""}