{"id":"gen9vgc2023regulatione-1989195639","p1":"Matt142718","p2":"KaosCarter","format":"[Gen 9] VGC 2023 Regulation E","log":"|j|\u2606Matt142718\n|j|\u2606KaosCarter\n|n|\u2606Matt142718|matt142718\n|n|\u2606KaosCarter|kaoscarter\n|html|View the match progress at <a href=\"\/game-bestof3-gen9vgc2023regulatione-1989191945\">game-bestof3-gen9vgc2023regulatione-1989191945<\/a>\n|t:|1699822239\n|gametype|doubles\n|player|p1|Matt142718|266|\n|player|p2|KaosCarter|acetrainer-gen4dp|\n|teamsize|p1|6\n|teamsize|p2|6\n|gen|9\n|tier|[Gen 9] VGC 2023 Regulation E\n|rule|Species Clause: Limit one of each Pok\u00e9mon\n|rule|Item Clause: Limit one of each item\n|clearpoke\n|poke|p1|Tornadus, L50, M|\n|poke|p1|Urshifu-*, L50, F|\n|poke|p1|Rillaboom, L50, F|\n|poke|p1|Chien-Pao, L50|\n|poke|p1|Arcanine-Hisui, L50, F|\n|poke|p1|Flutter Mane, L50|\n|poke|p2|Heatran, L50, M|\n|poke|p2|Tornadus, L50, M|\n|poke|p2|Sneasler, L50, F|\n|poke|p2|Shiftry, L50, M|\n|poke|p2|Chi-Yu, L50|\n|poke|p2|Indeedee-F, L50, F|\n|teampreview|4\n|inactive|Battle timer is ON: inactive players will automatically lose when time's up. (requested by KaosCarter)\nKaosCarter has agreed to open team sheets.\n|inactive|Matt142718 has 60 seconds left.\n|inactive|KaosCarter has 60 seconds left.\n|inactive|KaosCarter has 30 seconds left.\n|\n|t:|1699822311\n|start\n|switch|p1a: Tornadus|Tornadus, L50, M|100\/100\n|switch|p1b: Urshifu|Urshifu-Rapid-Strike, L50, F|100\/100\n|switch|p2a: Sneasler|Sneasler, L50, F|100\/100\n|switch|p2b: Tornadus|Tornadus, L50, M|100\/100\n|turn|1\n|\n|t:|1699822332\n|-terastallize|p1b: Urshifu|Water\n|move|p2a: Sneasler|Protect|p2a: Sneasler\n|-singleturn|p2a: Sneasler|Protect\n|move|p1a: Tornadus|Rain Dance|p1a: Tornadus\n|-weather|RainDance\n|move|p2b: Tornadus|Bleakwind Storm|p1b: Urshifu|[spread] p1a,p1b\n|-damage|p1a: Tornadus|59\/100\n|-damage|p1b: Urshifu|43\/100\n|-unboost|p1b: Urshifu|spe|1\n|move|p1b: Urshifu|Surging Strikes|p2b: Tornadus\n|-crit|p2b: Tornadus\n|-damage|p2b: Tornadus|25\/100\n|-crit|p2b: Tornadus\n|-damage|p2b: Tornadus|0 fnt\n|faint|p2b: Tornadus\n|-hitcount|p2: Tornadus|2\n|\n|-weather|RainDance|[upkeep]\n|upkeep\n|\n|t:|1699822353\n|switch|p2b: Indeedee|Indeedee-F, L50, F|100\/100\n|-fieldstart|move: Psychic Terrain|[from] ability: Psychic Surge|[of] p2b: Indeedee\n|-enditem|p2b: Indeedee|Psychic Seed\n|-boost|p2b: Indeedee|spd|1|[from] item: Psychic Seed\n|turn|2\n|inactive|Matt142718 has 30 seconds left.\n|inactive|KaosCarter has 30 seconds left.\n|inactive|KaosCarter has 20 seconds left.\n|inactive|KaosCarter has 15 seconds left.\n|inactive|KaosCarter has 10 seconds left.\n|\n|t:|1699822399\n|switch|p1a: Rillaboom|Rillaboom, L50, F|100\/100\n|-fieldstart|move: Grassy Terrain|[from] ability: Grassy Surge|[of] p1a: Rillaboom\n|move|p2b: Indeedee|Follow Me|p2b: Indeedee\n|-singleturn|p2b: Indeedee|move: Follow Me\n|move|p2a: Sneasler|Dire Claw|p1b: Urshifu\n|-damage|p1b: Urshifu|0 fnt\n|faint|p1b: Urshifu\n|\n|-weather|RainDance|[upkeep]\n|upkeep\n|\n|t:|1699822418\n|switch|p1b: Arcanine|Arcanine-Hisui, L50, F|100\/100\n|-ability|p1b: Arcanine|Intimidate|boost\n|-fail|p2a: Sneasler|unboost|[from] item: Clear Amulet|[of] p2a: Sneasler\n|-unboost|p2b: Indeedee|atk|1\n|turn|3\n|\n|t:|1699822428\n|switch|p2b: Heatran|Heatran, L50, M|100\/100\n|move|p2a: Sneasler|Protect|p2a: Sneasler\n|-singleturn|p2a: Sneasler|Protect\n|move|p1a: Rillaboom|Fake Out|p2a: Sneasler\n|-activate|p2a: Sneasler|move: Protect\n|move|p1b: Arcanine|Rock Slide|p2b: Heatran|[spread] p2b\n|-activate|p2a: Sneasler|move: Protect\n|-damage|p2b: Heatran|65\/100\n|\n|-weather|RainDance|[upkeep]\n|-heal|p2b: Heatran|71\/100|[from] Grassy Terrain\n|upkeep\n|turn|4\n|inactive|Matt142718 has 30 seconds left.\n|inactive|KaosCarter has 30 seconds left.\n|inactive|KaosCarter has 20 seconds left.\n|\n|t:|1699822465\n|move|p2a: Sneasler|Dire Claw|p1a: Rillaboom\n|-supereffective|p1a: Rillaboom\n|-damage|p1a: Rillaboom|13\/100\n|move|p1b: Arcanine|Rock Slide|p2b: Heatran|[spread] p2a,p2b\n|-resisted|p2a: Sneasler\n|-damage|p2a: Sneasler|68\/100\n|-damage|p2b: Heatran|32\/100\n|-enditem|p2b: Heatran|Sitrus Berry|[eat]\n|-heal|p2b: Heatran|57\/100|[from] item: Sitrus Berry\n|move|p1a: Rillaboom|High Horsepower|p2b: Heatran\n|-supereffective|p2b: Heatran\n|-damage|p2b: Heatran|0 fnt\n|faint|p2b: Heatran\n|\n|-weather|RainDance|[upkeep]\n|-heal|p2a: Sneasler|73\/100|[from] Grassy Terrain\n|-heal|p1a: Rillaboom|19\/100|[from] Grassy Terrain\n|upkeep\n|\n|t:|1699822482\n|switch|p2b: Indeedee|Indeedee-F, L50, F|100\/100\n|-fieldstart|move: Psychic Terrain|[from] ability: Psychic Surge|[of] p2b: Indeedee\n|turn|5\n|\n|t:|1699822495\n|switch|p1a: Tornadus|Tornadus, L50, M|59\/100\n|-terastallize|p2a: Sneasler|Flying\n|move|p2a: Sneasler|Close Combat|p1b: Arcanine\n|-supereffective|p1b: Arcanine\n|-damage|p1b: Arcanine|0 fnt\n|-unboost|p2a: Sneasler|def|1\n|-unboost|p2a: Sneasler|spd|1\n|faint|p1b: Arcanine\n|move|p2b: Indeedee|Psyshock|p1a: Tornadus\n|-damage|p1a: Tornadus|8\/100\n|\n|-weather|none\n|upkeep\n|\n|t:|1699822511\n|switch|p1b: Rillaboom|Rillaboom, L50, F|19\/100\n|-fieldstart|move: Grassy Terrain|[from] ability: Grassy Surge|[of] p1b: Rillaboom\n|turn|6\n|\n|t:|1699822527\n|move|p2a: Sneasler|Protect|p2a: Sneasler\n|-singleturn|p2a: Sneasler|Protect\n|move|p1b: Rillaboom|Fake Out|p2b: Indeedee\n|-damage|p2b: Indeedee|83\/100\n|move|p1a: Tornadus|Tailwind|p1a: Tornadus\n|-sidestart|p1: Matt142718|move: Tailwind\n|cant|p2b: Indeedee|flinch\n|\n|-heal|p1b: Rillaboom|25\/100|[from] Grassy Terrain\n|-heal|p2b: Indeedee|88\/100|[from] Grassy Terrain\n|upkeep\n|turn|7\n|\n|t:|1699822542\n|move|p2b: Indeedee|Follow Me|p2b: Indeedee\n|-singleturn|p2b: Indeedee|move: Follow Me\n|move|p1a: Tornadus|Bleakwind Storm|p2b: Indeedee|[spread] p2b\n|-miss|p1a: Tornadus|p2a: Sneasler\n|-damage|p2b: Indeedee|50\/100\n|move|p1b: Rillaboom|Wood Hammer|p2b: Indeedee\n|-damage|p2b: Indeedee|0 fnt\n|faint|p2b: Indeedee\n|-damage|p1b: Rillaboom|12\/100|[from] Recoil\n|move|p2a: Sneasler|Dire Claw|p1b: Rillaboom\n|-supereffective|p1b: Rillaboom\n|-damage|p1b: Rillaboom|0 fnt\n|faint|p1b: Rillaboom\n|\n|upkeep\n|turn|8\n|\n|t:|1699822566\n|move|p2a: Sneasler|Protect|p2a: Sneasler\n|-singleturn|p2a: Sneasler|Protect\n|move|p1a: Tornadus|Bleakwind Storm|p2a: Sneasler\n|-activate|p2a: Sneasler|move: Protect\n|\n|upkeep\n|turn|9\n|\n|t:|1699822574\n|move|p1a: Tornadus|Bleakwind Storm|p2a: Sneasler|[miss]\n|-miss|p1a: Tornadus|p2a: Sneasler\n|move|p2a: Sneasler|Dire Claw|p1a: Tornadus\n|-damage|p1a: Tornadus|0 fnt\n|faint|p1a: Tornadus\n|\n|win|KaosCarter\n|c|\u2606KaosCarter|Gg\n|c|\u2606Matt142718|Gg\n|l|\u2606Matt142718\n","uploadtime":1699822607,"views":12,"p1id":"matt142718","p2id":"kaoscarter","formatid":"gen9vgc2023regulatione","rating":0,"private":0,"password":""}