{"id":"gen9vgc2023regulatione-1989925657","p1":"avrgshowdownplayer","p2":"jphilli2","format":"[Gen 9] VGC 2023 Regulation E","log":"|j|\u2606avrgshowdownplayer\n|j|\u2606jphilli2\n|t:|1699907285\n|gametype|doubles\n|player|p1|avrgshowdownplayer|cilan|1126\n|player|p2|jphilli2|acetrainerf-gen4|1113\n|teamsize|p1|6\n|teamsize|p2|6\n|gen|9\n|tier|[Gen 9] VGC 2023 Regulation E\n|rated|\n|rule|Species Clause: Limit one of each Pok\u00e9mon\n|rule|Item Clause: Limit one of each item\n|clearpoke\n|poke|p1|Gardevoir, L50, F|\n|poke|p1|Glimmora, L50, M|\n|poke|p1|Grimmsnarl, L50, M|\n|poke|p1|Regieleki, L50|\n|poke|p1|Gyarados, L50, M|\n|poke|p1|Espathra, L50, F|\n|poke|p2|Typhlosion, L50, F|\n|poke|p2|Torkoal, L50, F|\n|poke|p2|Lilligant-Hisui, L50, F|\n|poke|p2|Umbreon, L50, F|\n|poke|p2|Farigiraf, L50, M|\n|poke|p2|Scizor, L50, F|\n|teampreview|4\n|inactive|Battle timer is ON: inactive players will automatically lose when time's up. (requested by avrgshowdownplayer)\njphilli2 rejected open team sheets.\n|inactive|jphilli2 has 60 seconds left.\n|\n|t:|1699907331\n|start\n|switch|p1a: Grimmsnarl|Grimmsnarl, L50, M|100\/100\n|switch|p1b: Gyarados|Gyarados, L50, M|100\/100\n|switch|p2a: Lilligant|Lilligant-Hisui, L50, F|100\/100\n|switch|p2b: Torkoal|Torkoal, L50, F|100\/100\n|-ability|p1b: Gyarados|Intimidate|boost\n|-unboost|p2a: Lilligant|atk|1\n|-unboost|p2b: Torkoal|atk|1\n|-weather|SunnyDay|[from] ability: Drought|[of] p2b: Torkoal\n|turn|1\n|\n|t:|1699907353\n|switch|p2b: Farigiraf|Farigiraf, L50, M|100\/100\n|-terastallize|p1b: Gyarados|Flying\n|move|p1a: Grimmsnarl|Fake Out||[still]\n|cant|p2b: Farigiraf|ability: Armor Tail|Fake Out|[of] p1a: Grimmsnarl\n|move|p2a: Lilligant|Sleep Powder|p1a: Grimmsnarl\n|-status|p1a: Grimmsnarl|slp|[from] move: Sleep Powder\n|move|p1b: Gyarados|Tera Blast|p2a: Lilligant|[anim] Tera Blast Flying\n|-supereffective|p2a: Lilligant\n|-enditem|p2a: Lilligant|Focus Sash\n|-damage|p2a: Lilligant|1\/100\n|\n|-weather|SunnyDay|[upkeep]\n|upkeep\n|turn|2\n|inactive|jphilli2 has 30 seconds left.\n|inactive|avrgshowdownplayer has 30 seconds left.\n|inactive|jphilli2 has 20 seconds left.\n|inactive|jphilli2 has 15 seconds left.\n|inactive|jphilli2 has 10 seconds left.\n|inactive|jphilli2 has 5 seconds left.\n|\n|t:|1699907404\n|switch|p1a: Gardevoir|Gardevoir, L50, F|100\/100\n|-ability|p1a: Gardevoir|Armor Tail|[from] ability: Trace|[of] p2b: Farigiraf\n|move|p2a: Lilligant|Sleep Powder|p1b: Gyarados\n|-status|p1b: Gyarados|slp|[from] move: Sleep Powder\n|cant|p1b: Gyarados|slp\n|move|p2b: Farigiraf|Hyper Voice|p1a: Gardevoir|[spread] p1a,p1b\n|-damage|p1a: Gardevoir|67\/100\n|-damage|p1b: Gyarados|65\/100 slp\n|-enditem|p2b: Farigiraf|Throat Spray\n|-boost|p2b: Farigiraf|spa|1|[from] item: Throat Spray\n|\n|-weather|SunnyDay|[upkeep]\n|upkeep\n|turn|3\n|\n|t:|1699907424\n|switch|p1b: Glimmora|Glimmora, L50, M|100\/100\n|move|p2a: Lilligant|Sleep Powder|p1a: Gardevoir\n|-status|p1a: Gardevoir|slp|[from] move: Sleep Powder\n|move|p2b: Farigiraf|Hyper Voice|p1b: Glimmora|[spread] p1a,p1b\n|-resisted|p1b: Glimmora\n|-damage|p1a: Gardevoir|22\/100 slp\n|-damage|p1b: Glimmora|76\/100\n|cant|p1a: Gardevoir|slp\n|\n|-weather|SunnyDay|[upkeep]\n|upkeep\n|turn|4\n|\n|t:|1699907445\n|move|p1b: Glimmora|Protect|p1b: Glimmora\n|-singleturn|p1b: Glimmora|Protect\n|move|p2a: Lilligant|Close Combat|p1b: Glimmora\n|-activate|p1b: Glimmora|move: Protect\n|move|p2b: Farigiraf|Hyper Voice|p1a: Gardevoir|[spread] p1a\n|-activate|p1b: Glimmora|move: Protect\n|-damage|p1a: Gardevoir|0 fnt\n|faint|p1a: Gardevoir\n|\n|-weather|SunnyDay|[upkeep]\n|upkeep\n|c|\u2606avrgshowdownplayer|This is fucking bull shit\n|c|\u2606avrgshowdownplayer|No sleep clause ofc\n|c|\u2606jphilli2|:(\n|\n|t:|1699907467\n|switch|p1a: Gyarados|Gyarados, L50, M, tera:Flying|65\/100 slp\n|-ability|p1a: Gyarados|Intimidate|boost\n|-unboost|p2a: Lilligant|atk|1\n|-unboost|p2b: Farigiraf|atk|1\n|turn|5\n|\n|t:|1699907475\n|move|p2a: Lilligant|Close Combat|p1b: Glimmora\n|-damage|p1b: Glimmora|44\/100\n|-unboost|p2a: Lilligant|def|1\n|-unboost|p2a: Lilligant|spd|1\n|cant|p1a: Gyarados|slp\n|move|p1b: Glimmora|Mortal Spin|p2a: Lilligant|[spread] p2a,p2b\n|-supereffective|p2a: Lilligant\n|-damage|p2a: Lilligant|0 fnt\n|-damage|p2b: Farigiraf|96\/100\n|-status|p2b: Farigiraf|psn\n|faint|p2a: Lilligant\n|move|p2b: Farigiraf|Hyper Voice|p1a: Gyarados|[spread] p1a,p1b\n|-resisted|p1b: Glimmora\n|-damage|p1a: Gyarados|10\/100 slp\n|-damage|p1b: Glimmora|17\/100\n|\n|-weather|SunnyDay|[upkeep]\n|-damage|p2b: Farigiraf|84\/100 psn|[from] psn\n|upkeep\n|\n|t:|1699907487\n|switch|p2a: Typhlosion|Typhlosion, L50, F|100\/100\n|turn|6\n|\n|t:|1699907495\n|-curestatus|p1a: Gyarados|slp|[msg]\n|move|p1a: Gyarados|Protect|p1a: Gyarados\n|-singleturn|p1a: Gyarados|Protect\n|move|p1b: Glimmora|Protect|p1b: Glimmora\n|-singleturn|p1b: Glimmora|Protect\n|move|p2a: Typhlosion|Eruption|p1a: Gyarados|[spread] \n|-activate|p1a: Gyarados|move: Protect\n|-activate|p1b: Glimmora|move: Protect\n|move|p2b: Farigiraf|Imprison|p2b: Farigiraf\n|-start|p2b: Farigiraf|move: Imprison\n|\n|-weather|SunnyDay|[upkeep]\n|-damage|p2b: Farigiraf|71\/100 psn|[from] psn\n|upkeep\n|turn|7\n|c|\u2606jphilli2|no more protect for you!\n|inactive|avrgshowdownplayer has 30 seconds left.\n|\n|t:|1699907523\n|move|p2a: Typhlosion|Eruption|p1a: Gyarados|[spread] p1a,p1b\n|-resisted|p1b: Glimmora\n|-crit|p1b: Glimmora\n|-damage|p1a: Gyarados|0 fnt\n|-damage|p1b: Glimmora|0 fnt\n|faint|p1a: Gyarados\n|faint|p1b: Glimmora\n|move|p2b: Farigiraf|Hyper Voice|p1: Gyarados|[notarget]\n|-fail|p2b: Farigiraf\n|\n|-weather|SunnyDay|[upkeep]\n|-damage|p2b: Farigiraf|59\/100 psn|[from] psn\n|upkeep\n|\n|t:|1699907526\n|switch|p1b: Grimmsnarl|Grimmsnarl, L50, M|100\/100 slp\n|turn|8\n|-message|avrgshowdownplayer forfeited.\n|\n|win|jphilli2\n|raw|avrgshowdownplayer's rating: 1126 &rarr; <strong>1100<\/strong><br \/>(-26 for losing)\n|raw|jphilli2's rating: 1113 &rarr; <strong>1139<\/strong><br \/>(+26 for winning)\n","uploadtime":1699907456,"views":8,"p1id":"avrgshowdownplayer","p2id":"jphilli2","formatid":"gen9vgc2023regulatione","rating":1100,"private":0,"password":""}