{"id":"gen9vgc2023regulatione-1992963534","p1":"OOOOOOOOkay","p2":"Grewt","format":"[Gen 9] VGC 2023 Regulation E","log":"|j|\u2606OOOOOOOOkay\n|j|\u2606Grewt\n|t:|1700250771\n|gametype|doubles\n|player|p1|OOOOOOOOkay|burglar|1402\n|player|p2|Grewt|102|1492\n|teamsize|p1|6\n|teamsize|p2|6\n|gen|9\n|tier|[Gen 9] VGC 2023 Regulation E\n|rated|\n|rule|Species Clause: Limit one of each Pok\u00e9mon\n|rule|Item Clause: Limit one of each item\n|clearpoke\n|poke|p1|Okidogi, L50, M|\n|poke|p1|Arcanine-Hisui, L50, M|\n|poke|p1|Ogerpon-Wellspring, L50, F|\n|poke|p1|Ninetales-Alola, L50, F|\n|poke|p1|Weezing, L50, F|\n|poke|p1|Rillaboom, L50, F|\n|poke|p2|Chesnaught, L50, M|\n|poke|p2|Munkidori, L50, M|\n|poke|p2|Grimmsnarl, L50, M|\n|poke|p2|Iron Bundle, L50|\n|poke|p2|Arcanine-Hisui, L50, F|\n|poke|p2|Gholdengo, L50|\n|teampreview|4\n|inactive|Battle timer is ON: inactive players will automatically lose when time's up. (requested by OOOOOOOOkay)\n|\n|t:|1700250801\n|start\n|switch|p1a: Ogerpon|Ogerpon-Wellspring, L50, F|100\/100\n|switch|p1b: Arcanine|Arcanine-Hisui, L50, M|100\/100\n|switch|p2a: Grimmsnarl|Grimmsnarl, L50, M|100\/100\n|switch|p2b: Munkidori|Munkidori, L50, M|100\/100\n|-ability|p1b: Arcanine|Intimidate|boost\n|-unboost|p2a: Grimmsnarl|atk|1\n|-unboost|p2b: Munkidori|atk|1\n|turn|1\n|\n|t:|1700250826\n|-terastallize|p1a: Ogerpon|Water\n|detailschange|p1a: Ogerpon|Ogerpon-Wellspring-Tera, L50, F, tera:Water\n|-ability|p1a: Ogerpon|Embody Aspect (Wellspring)|boost\n|-boost|p1a: Ogerpon|spd|1\n|move|p2b: Munkidori|Fake Out|p1b: Arcanine\n|-resisted|p1b: Arcanine\n|-damage|p1b: Arcanine|98\/100\n|move|p2a: Grimmsnarl|Reflect|p2a: Grimmsnarl\n|-sidestart|p2: Grewt|Reflect\n|move|p1a: Ogerpon|Ivy Cudgel|p2b: Munkidori|[anim] Ivy Cudgel Water\n|-damage|p2b: Munkidori|25\/100\n|cant|p1b: Arcanine|flinch\n|\n|upkeep\n|turn|2\n|\n|t:|1700250843\n|move|p1b: Arcanine|Extreme Speed|p2b: Munkidori\n|-damage|p2b: Munkidori|0 fnt\n|faint|p2b: Munkidori\n|move|p2a: Grimmsnarl|Parting Shot|p1b: Arcanine\n|-unboost|p1b: Arcanine|atk|1\n|-unboost|p1b: Arcanine|spa|1\n|\n|t:|1700250846\n|switch|p2a: Chesnaught|Chesnaught, L50, M|100\/100|[from] Parting Shot\n|move|p1a: Ogerpon|Swords Dance|p1a: Ogerpon\n|-boost|p1a: Ogerpon|atk|2\n|\n|upkeep\n|\n|t:|1700250851\n|switch|p2b: Grimmsnarl|Grimmsnarl, L50, M|100\/100\n|turn|3\n|\n|t:|1700250862\n|switch|p1b: Rillaboom|Rillaboom, L50, F|100\/100\n|-fieldstart|move: Grassy Terrain|[from] ability: Grassy Surge|[of] p1b: Rillaboom\n|move|p1a: Ogerpon|Spiky Shield|p1a: Ogerpon\n|-singleturn|p1a: Ogerpon|move: Protect\n|move|p2b: Grimmsnarl|Parting Shot|p1b: Rillaboom\n|-unboost|p1b: Rillaboom|atk|1\n|-unboost|p1b: Rillaboom|spa|1\n|\n|t:|1700250866\n|switch|p2b: Gholdengo|Gholdengo, L50|100\/100|[from] Parting Shot\n|move|p2a: Chesnaught|Iron Defense|p2a: Chesnaught\n|-boost|p2a: Chesnaught|def|2\n|\n|upkeep\n|turn|4\n|\n|t:|1700250886\n|move|p2a: Chesnaught|Spiky Shield|p2a: Chesnaught\n|-singleturn|p2a: Chesnaught|move: Protect\n|move|p1b: Rillaboom|Fake Out|p2a: Chesnaught\n|-activate|p2a: Chesnaught|move: Protect\n|-damage|p1b: Rillaboom|88\/100|[from] Spiky Shield|[of] p2a: Chesnaught\n|move|p2b: Gholdengo|Shadow Ball|p1a: Ogerpon\n|-damage|p1a: Ogerpon|75\/100\n|move|p1a: Ogerpon|Ivy Cudgel|p2b: Gholdengo|[anim] Ivy Cudgel Water\n|-damage|p2b: Gholdengo|0 fnt\n|faint|p2b: Gholdengo\n|\n|-heal|p1a: Ogerpon|81\/100|[from] Grassy Terrain\n|-heal|p1b: Rillaboom|94\/100|[from] Grassy Terrain\n|upkeep\n|\n|t:|1700250889\n|switch|p2b: Grimmsnarl|Grimmsnarl, L50, M|100\/100\n|turn|5\n|\n|t:|1700250909\n|switch|p1a: Arcanine|Arcanine-Hisui, L50, M|98\/100\n|-ability|p1a: Arcanine|Intimidate|boost\n|-unboost|p2a: Chesnaught|atk|1\n|-unboost|p2b: Grimmsnarl|atk|1\n|move|p2b: Grimmsnarl|Parting Shot|p1a: Arcanine\n|-unboost|p1a: Arcanine|atk|1\n|-unboost|p1a: Arcanine|spa|1\n|move|p1b: Rillaboom|U-turn|p2b: Grimmsnarl\n|-damage|p2b: Grimmsnarl|88\/100\n|\n|t:|1700250918\n|switch|p1b: Ninetales|Ninetales-Alola, L50, F|100\/100|[from] U-turn\n|-weather|Snow|[from] ability: Snow Warning|[of] p1b: Ninetales\n|move|p2a: Chesnaught|Leech Seed|p1a: Arcanine\n|-start|p1a: Arcanine|move: Leech Seed\n|\n|-weather|Snow|[upkeep]\n|-heal|p1a: Arcanine|100\/100|[from] Grassy Terrain\n|-heal|p2b: Grimmsnarl|94\/100|[from] Grassy Terrain\n|-damage|p1a: Arcanine|88\/100|[from] Leech Seed|[of] p2a: Chesnaught\n|upkeep\n|turn|6\n|\n|t:|1700250942\n|switch|p1a: Rillaboom|Rillaboom, L50, F|94\/100\n|move|p2b: Grimmsnarl|Light Screen|p2b: Grimmsnarl\n|-sidestart|p2: Grewt|move: Light Screen\n|move|p1b: Ninetales|Blizzard|p2b: Grimmsnarl|[spread] p2a,p2b\n|-supereffective|p2a: Chesnaught\n|-damage|p2a: Chesnaught|72\/100\n|-damage|p2b: Grimmsnarl|79\/100\n|move|p2a: Chesnaught|Body Press|p1b: Ninetales\n|-damage|p1b: Ninetales|47\/100\n|\n|-weather|Snow|[upkeep]\n|-heal|p1b: Ninetales|53\/100|[from] Grassy Terrain\n|-heal|p1a: Rillaboom|99\/100|[from] Grassy Terrain\n|-heal|p2a: Chesnaught|78\/100|[from] Grassy Terrain\n|-heal|p2a: Chesnaught|84\/100|[from] item: Leftovers\n|-heal|p2b: Grimmsnarl|85\/100|[from] Grassy Terrain\n|upkeep\n|turn|7\n|\n|t:|1700250965\n|-terastallize|p2a: Chesnaught|Poison\n|move|p1a: Rillaboom|Fake Out|p2b: Grimmsnarl\n|-damage|p2b: Grimmsnarl|75\/100\n|cant|p2b: Grimmsnarl|flinch\n|move|p1b: Ninetales|Aurora Veil|p1b: Ninetales\n|-sidestart|p1: OOOOOOOOkay|move: Aurora Veil\n|move|p2a: Chesnaught|Iron Defense|p2a: Chesnaught\n|-boost|p2a: Chesnaught|def|2\n|\n|-weather|Snow|[upkeep]\n|-heal|p1b: Ninetales|59\/100|[from] Grassy Terrain\n|-heal|p1a: Rillaboom|100\/100|[from] Grassy Terrain\n|-heal|p2a: Chesnaught|90\/100|[from] Grassy Terrain\n|-heal|p2a: Chesnaught|96\/100|[from] item: Leftovers\n|-heal|p2b: Grimmsnarl|82\/100|[from] Grassy Terrain\n|-fieldend|move: Grassy Terrain\n|upkeep\n|turn|8\n|\n|t:|1700250985\n|switch|p1a: Arcanine|Arcanine-Hisui, L50, M|88\/100\n|-ability|p1a: Arcanine|Intimidate|boost\n|-unboost|p2a: Chesnaught|atk|1\n|-unboost|p2b: Grimmsnarl|atk|1\n|move|p1b: Ninetales|Protect|p1b: Ninetales\n|-singleturn|p1b: Ninetales|Protect\n|move|p2b: Grimmsnarl|Parting Shot|p1a: Arcanine\n|-unboost|p1a: Arcanine|atk|1\n|-unboost|p1a: Arcanine|spa|1\n|move|p2a: Chesnaught|Iron Defense|p2a: Chesnaught\n|-boost|p2a: Chesnaught|def|2\n|\n|-weather|Snow|[upkeep]\n|-heal|p2a: Chesnaught|100\/100|[from] item: Leftovers\n|-sideend|p2: Grewt|Reflect\n|upkeep\n|turn|9\n|\n|t:|1700251001\n|switch|p1b: Rillaboom|Rillaboom, L50, F|100\/100\n|-fieldstart|move: Grassy Terrain|[from] ability: Grassy Surge|[of] p1b: Rillaboom\n|move|p2b: Grimmsnarl|Reflect|p2b: Grimmsnarl\n|-sidestart|p2: Grewt|Reflect\n|move|p1a: Arcanine|Flare Blitz|p2b: Grimmsnarl\n|-damage|p2b: Grimmsnarl|37\/100\n|-damage|p1a: Arcanine|72\/100|[from] Recoil\n|move|p2a: Chesnaught|Body Press|p1a: Arcanine\n|-supereffective|p1a: Arcanine\n|-damage|p1a: Arcanine|0 fnt\n|faint|p1a: Arcanine\n|\n|-weather|none\n|-heal|p2b: Grimmsnarl|43\/100|[from] Grassy Terrain\n|upkeep\n|\n|t:|1700251016\n|switch|p1a: Ninetales|Ninetales-Alola, L50, F|59\/100\n|-weather|Snow|[from] ability: Snow Warning|[of] p1a: Ninetales\n|turn|10\n|\n|t:|1700251026\n|move|p2a: Chesnaught|Spiky Shield|p2a: Chesnaught\n|-singleturn|p2a: Chesnaught|move: Protect\n|move|p1a: Ninetales|Moonblast|p2b: Grimmsnarl\n|-supereffective|p2b: Grimmsnarl\n|-damage|p2b: Grimmsnarl|6\/100\n|move|p1b: Rillaboom|U-turn|p2b: Grimmsnarl\n|-damage|p2b: Grimmsnarl|0 fnt\n|faint|p2b: Grimmsnarl\n|\n|t:|1700251036\n|switch|p1b: Ogerpon|Ogerpon-Wellspring-Tera, L50, F, tera:Water|81\/100|[from] U-turn\n|-ability|p1b: Ogerpon|Embody Aspect (Wellspring)|boost\n|-boost|p1b: Ogerpon|spd|1\n|\n|-weather|Snow|[upkeep]\n|-heal|p1a: Ninetales|64\/100|[from] Grassy Terrain\n|-heal|p1b: Ogerpon|87\/100|[from] Grassy Terrain\n|upkeep\n|turn|11\n|\n|t:|1700251049\n|switch|p1a: Rillaboom|Rillaboom, L50, F|100\/100\n|move|p1b: Ogerpon|Swords Dance|p1b: Ogerpon\n|-boost|p1b: Ogerpon|atk|2\n|move|p2a: Chesnaught|Leech Seed|p1b: Ogerpon\n|-start|p1b: Ogerpon|move: Leech Seed\n|\n|-weather|Snow|[upkeep]\n|-heal|p1b: Ogerpon|92\/100|[from] Grassy Terrain\n|-damage|p1b: Ogerpon|80\/100|[from] Leech Seed|[of] p2a: Chesnaught\n|upkeep\n|turn|12\n|\n|t:|1700251061\n|move|p2a: Chesnaught|Spiky Shield|p2a: Chesnaught\n|-singleturn|p2a: Chesnaught|move: Protect\n|move|p1a: Rillaboom|Fake Out|p2a: Chesnaught\n|-activate|p2a: Chesnaught|move: Protect\n|-damage|p1a: Rillaboom|88\/100|[from] Spiky Shield|[of] p2a: Chesnaught\n|move|p1b: Ogerpon|Swords Dance|p1b: Ogerpon\n|-boost|p1b: Ogerpon|atk|2\n|\n|-weather|Snow|[upkeep]\n|-heal|p1b: Ogerpon|86\/100|[from] Grassy Terrain\n|-heal|p1a: Rillaboom|94\/100|[from] Grassy Terrain\n|-damage|p1b: Ogerpon|74\/100|[from] Leech Seed|[of] p2a: Chesnaught\n|upkeep\n|turn|13\n|\n|t:|1700251071\n|switch|p1a: Ninetales|Ninetales-Alola, L50, F|64\/100\n|move|p1b: Ogerpon|Ivy Cudgel|p2a: Chesnaught|[anim] Ivy Cudgel Water\n|-damage|p2a: Chesnaught|73\/100\n|move|p2a: Chesnaught|Body Press|p1b: Ogerpon\n|-damage|p1b: Ogerpon|0 fnt\n|faint|p1b: Ogerpon\n|\n|-weather|Snow|[upkeep]\n|-heal|p1a: Ninetales|70\/100|[from] Grassy Terrain\n|-heal|p2a: Chesnaught|79\/100|[from] Grassy Terrain\n|-heal|p2a: Chesnaught|86\/100|[from] item: Leftovers\n|-sideend|p2: Grewt|move: Light Screen\n|-fieldend|move: Grassy Terrain\n|upkeep\n|\n|t:|1700251079\n|switch|p1b: Rillaboom|Rillaboom, L50, F|94\/100\n|-fieldstart|move: Grassy Terrain|[from] ability: Grassy Surge|[of] p1b: Rillaboom\n|turn|14\n|\n|t:|1700251087\n|move|p2a: Chesnaught|Spiky Shield|p2a: Chesnaught\n|-singleturn|p2a: Chesnaught|move: Protect\n|move|p1a: Ninetales|Blizzard|p2a: Chesnaught\n|-activate|p2a: Chesnaught|move: Protect\n|move|p1b: Rillaboom|Wood Hammer|p2a: Chesnaught\n|-activate|p2a: Chesnaught|move: Protect\n|-damage|p1b: Rillaboom|82\/100|[from] Spiky Shield|[of] p2a: Chesnaught\n|\n|-weather|none\n|-heal|p1a: Ninetales|76\/100|[from] Grassy Terrain\n|-heal|p1b: Rillaboom|88\/100|[from] Grassy Terrain\n|-heal|p2a: Chesnaught|92\/100|[from] Grassy Terrain\n|-heal|p2a: Chesnaught|98\/100|[from] item: Leftovers\n|-sideend|p1: OOOOOOOOkay|move: Aurora Veil\n|upkeep\n|turn|15\n|\n|t:|1700251101\n|move|p1a: Ninetales|Blizzard|p2a: Chesnaught|[miss]\n|-miss|p1a: Ninetales|p2a: Chesnaught\n|move|p1b: Rillaboom|Wood Hammer|p2a: Chesnaught\n|-resisted|p2a: Chesnaught\n|-crit|p2a: Chesnaught\n|-damage|p2a: Chesnaught|53\/100\n|-damage|p1b: Rillaboom|73\/100|[from] Recoil\n|move|p2a: Chesnaught|Body Press|p1b: Rillaboom\n|-damage|p1b: Rillaboom|0 fnt\n|faint|p1b: Rillaboom\n|\n|-heal|p1a: Ninetales|82\/100|[from] Grassy Terrain\n|-heal|p2a: Chesnaught|59\/100|[from] Grassy Terrain\n|-heal|p2a: Chesnaught|65\/100|[from] item: Leftovers\n|upkeep\n|turn|16\n|\n|t:|1700251111\n|move|p1a: Ninetales|Blizzard|p2a: Chesnaught\n|-damage|p2a: Chesnaught|36\/100\n|move|p2a: Chesnaught|Body Press|p1a: Ninetales\n|-damage|p1a: Ninetales|0 fnt\n|faint|p1a: Ninetales\n|\n|win|Grewt\n|raw|OOOOOOOOkay's rating: 1402 &rarr; <strong>1387<\/strong><br \/>(-15 for losing)\n|raw|Grewt's rating: 1492 &rarr; <strong>1507<\/strong><br \/>(+15 for winning)\n|l|\u2606OOOOOOOOkay\n|c|\u2606Grewt|Gg\n","uploadtime":1700251623,"views":9,"p1id":"ooooooookay","p2id":"grewt","formatid":"gen9vgc2023regulatione","rating":1387,"private":0,"password":""}