{"id":"gen9vgc2023regulatione-2000018568","p1":"AndrwApple","p2":"LifeOrbPex","format":"[Gen 9] VGC 2023 Regulation E","log":"|j|\u2606AndrwApple\n|j|\u2606LifeOrbPex\n|t:|1701141836\n|gametype|doubles\n|player|p1|AndrwApple|dawn|\n|player|p2|LifeOrbPex|carmine-festival|\n|teamsize|p1|6\n|teamsize|p2|6\n|gen|9\n|tier|[Gen 9] VGC 2023 Regulation E\n|rule|Species Clause: Limit one of each Pok\u00e9mon\n|rule|Item Clause: Limit one of each item\n|clearpoke\n|poke|p1|Tornadus, L50, M|\n|poke|p1|Urshifu-*, L50, F|\n|poke|p1|Arcanine-Hisui, L50, M|\n|poke|p1|Iron Hands, L50|\n|poke|p1|Amoonguss, L50, F|\n|poke|p1|Gholdengo, L50|\n|poke|p2|Roaring Moon, L50|\n|poke|p2|Ninetales, L50, F|\n|poke|p2|Flutter Mane, L50|\n|poke|p2|Landorus-Therian, L50, M|\n|poke|p2|Amoonguss, L50, M|\n|poke|p2|Iron Hands, L50|\n|teampreview|4\nLifeOrbPex rejected open team sheets.\n|c|\u2606AndrwApple|WTF HAPPENED TO FM\n|c|\u2606AndrwApple|What is that New sprite\n|\n|t:|1701141926\n|start\n|switch|p1a: Tornadus|Tornadus, L50, M|100\/100\n|switch|p1b: Urshifu|Urshifu-Rapid-Strike, L50, F|100\/100\n|switch|p2a: Ninetales|Ninetales, L50, F|100\/100\n|switch|p2b: Iron Hands|Iron Hands, L50|100\/100\n|-weather|SunnyDay|[from] ability: Drought|[of] p2a: Ninetales\n|turn|1\n|\n|t:|1701141946\n|move|p1b: Urshifu|Protect|p1b: Urshifu\n|-singleturn|p1b: Urshifu|Protect\n|move|p1a: Tornadus|Tailwind|p1a: Tornadus\n|-sidestart|p1: AndrwApple|move: Tailwind\n|move|p2a: Ninetales|Encore|p1a: Tornadus\n|-start|p1a: Tornadus|Encore\n|move|p2b: Iron Hands|Wild Charge|p1b: Urshifu\n|-activate|p1b: Urshifu|move: Protect\n|\n|-weather|SunnyDay|[upkeep]\n|upkeep\n|turn|2\n|c|\u2606LifeOrbPex|no uturn wp\n|\n|t:|1701141973\n|switch|p1a: Iron Hands|Iron Hands, L50|100\/100\n|switch|p1b: Arcanine|Arcanine-Hisui, L50, M|100\/100\n|move|p2a: Ninetales|Howl|p2a: Ninetales|[spread] p2a,p2b\n|-boost|p2a: Ninetales|atk|1\n|-boost|p2b: Iron Hands|atk|1\n|move|p2b: Iron Hands|Wild Charge|p1b: Arcanine\n|-damage|p1b: Arcanine|11\/100\n|-damage|p2b: Iron Hands|85\/100|[from] Recoil\n|\n|-weather|SunnyDay|[upkeep]\n|upkeep\n|turn|3\n|c|\u2606LifeOrbPex|Hahahaha!\n|c|\u2606AndrwApple|FUCK\n|\n|t:|1701142011\n|move|p2a: Ninetales|Protect|p2a: Ninetales\n|-singleturn|p2a: Ninetales|Protect\n|move|p1b: Arcanine|Head Smash|p2a: Ninetales\n|-activate|p2a: Ninetales|move: Protect\n|move|p1a: Iron Hands|Iron Defense|p1a: Iron Hands\n|-boost|p1a: Iron Hands|def|2\n|move|p2b: Iron Hands|Drain Punch|p1b: Arcanine\n|-supereffective|p1b: Arcanine\n|-damage|p1b: Arcanine|0 fnt\n|-heal|p2b: Iron Hands|89\/100|[from] drain|[of] p1b: Arcanine\n|faint|p1b: Arcanine\n|\n|-weather|SunnyDay|[upkeep]\n|upkeep\n|\n|t:|1701142016\n|switch|p1b: Urshifu|Urshifu-Rapid-Strike, L50, F|100\/100\n|turn|4\n|\n|t:|1701142030\n|move|p1b: Urshifu|Surging Strikes|p2a: Ninetales\n|-supereffective|p2a: Ninetales\n|-crit|p2a: Ninetales\n|-damage|p2a: Ninetales|79\/100\n|-supereffective|p2a: Ninetales\n|-crit|p2a: Ninetales\n|-damage|p2a: Ninetales|54\/100\n|-supereffective|p2a: Ninetales\n|-crit|p2a: Ninetales\n|-damage|p2a: Ninetales|33\/100\n|-enditem|p2a: Ninetales|Sitrus Berry|[eat]\n|-heal|p2a: Ninetales|58\/100|[from] item: Sitrus Berry\n|-hitcount|p2a: Ninetales|3\n|move|p2a: Ninetales|Encore|p1a: Iron Hands\n|-start|p1a: Iron Hands|Encore\n|move|p1a: Iron Hands|Iron Defense|p1a: Iron Hands\n|-boost|p1a: Iron Hands|def|2\n|move|p2b: Iron Hands|Wild Charge|p1b: Urshifu\n|-supereffective|p1b: Urshifu\n|-damage|p1b: Urshifu|0 fnt\n|faint|p1b: Urshifu\n|-damage|p2b: Iron Hands|71\/100|[from] Recoil\n|\n|-weather|SunnyDay|[upkeep]\n|-sideend|p1: AndrwApple|move: Tailwind\n|upkeep\n|\n|t:|1701142035\n|switch|p1b: Tornadus|Tornadus, L50, M|100\/100\n|turn|5\n|\n|t:|1701142076\n|-terastallize|p1b: Tornadus|Ghost\n|move|p2a: Ninetales|Howl|p2a: Ninetales|[spread] p2a,p2b\n|-boost|p2a: Ninetales|atk|1\n|-boost|p2b: Iron Hands|atk|1\n|move|p1b: Tornadus|Bleakwind Storm|p2b: Iron Hands|[spread] p2b\n|-miss|p1b: Tornadus|p2a: Ninetales\n|-damage|p2b: Iron Hands|54\/100\n|move|p2b: Iron Hands|Wild Charge|p1b: Tornadus\n|-damage|p1b: Tornadus|9\/100\n|-damage|p2b: Iron Hands|37\/100|[from] Recoil\n|move|p1a: Iron Hands|Iron Defense|p1a: Iron Hands\n|-boost|p1a: Iron Hands|def|2\n|\n|-weather|none\n|upkeep\n|turn|6\n|c|\u2606AndrwApple|Gg\n|-message|AndrwApple forfeited.\n|\n|win|LifeOrbPex\n|c|\u2606LifeOrbPex|lolol\n|l|\u2606AndrwApple\n|j|\u2606AndrwApple\n|player|p1|AndrwApple|dawn\n|l|\u2606AndrwApple\n|player|p1|\n","uploadtime":1701142620,"views":11,"p1id":"andrwapple","p2id":"lifeorbpex","formatid":"gen9vgc2023regulatione","rating":0,"private":0,"password":""}