{"id":"gen9vgc2023regulatione-1996770521","p1":"mochipupusa","p2":"ckrypto","format":"[Gen 9] VGC 2023 Regulation E","log":"|j|\u2606mochipupusa\n|j|\u2606ckrypto\n|t:|1700722408\n|gametype|doubles\n|player|p1|mochipupusa|101|1227\n|player|p2|ckrypto|102|1191\n|teamsize|p1|6\n|teamsize|p2|6\n|gen|9\n|tier|[Gen 9] VGC 2023 Regulation E\n|rated|\n|rule|Species Clause: Limit one of each Pok\u00e9mon\n|rule|Item Clause: Limit one of each item\n|clearpoke\n|poke|p1|Roaring Moon, L50|\n|poke|p1|Milotic, L50, M|\n|poke|p1|Landorus-Therian, L50, M|\n|poke|p1|Flutter Mane, L50|\n|poke|p1|Iron Hands, L50|\n|poke|p1|Ogerpon-Hearthflame, L50, F|\n|poke|p2|Landorus-Therian, L50, M|\n|poke|p2|Ogerpon-Hearthflame, L50, F|\n|poke|p2|Flutter Mane, L50|\n|poke|p2|Tornadus, L50, M|\n|poke|p2|Kingambit, L50, F|\n|poke|p2|Urshifu-*, L50, F|\n|teampreview|4\nmochipupusa has agreed to open team sheets.\nckrypto has agreed to open team sheets.\n|\n|t:|1700722503\n|start\n|switch|p1a: Roaring Moon|Roaring Moon, L50|100\/100\n|switch|p1b: Iron Hands|Iron Hands, L50|100\/100\n|switch|p2a: Flutter Mane|Flutter Mane, L50|100\/100\n|switch|p2b: Tornadus|Tornadus, L50, M|100\/100\n|-enditem|p1a: Roaring Moon|Booster Energy\n|-activate|p1a: Roaring Moon|ability: Protosynthesis|[fromitem]\n|-start|p1a: Roaring Moon|protosynthesisatk\n|turn|1\n|\n|t:|1700722557\n|-end|p2a: Flutter Mane|Protosynthesis|[silent]\n|switch|p2a: Urshifu|Urshifu-Rapid-Strike, L50, F|100\/100\n|switch|p2b: Landorus|Landorus-Therian, L50, M|100\/100\n|-ability|p2b: Landorus|Intimidate|boost\n|-unboost|p1a: Roaring Moon|atk|1\n|-unboost|p1b: Iron Hands|atk|1\n|-terastallize|p1a: Roaring Moon|Flying\n|move|p1a: Roaring Moon|Tailwind|p1a: Roaring Moon\n|-sidestart|p1: mochipupusa|move: Tailwind\n|move|p1b: Iron Hands|Heavy Slam|p2a: Urshifu\n|-resisted|p2a: Urshifu\n|-damage|p2a: Urshifu|91\/100\n|\n|upkeep\n|turn|2\n|\n|t:|1700722584\n|move|p2a: Urshifu|Protect|p2a: Urshifu\n|-singleturn|p2a: Urshifu|Protect\n|move|p1a: Roaring Moon|Acrobatics|p2a: Urshifu\n|-activate|p2a: Urshifu|move: Protect\n|move|p2b: Landorus|Stomping Tantrum|p1b: Iron Hands\n|-supereffective|p1b: Iron Hands\n|-damage|p1b: Iron Hands|40\/100\n|move|p1b: Iron Hands|Wild Charge|p2a: Urshifu\n|-activate|p2a: Urshifu|move: Protect\n|\n|upkeep\n|turn|3\n|\n|t:|1700722624\n|-end|p1b: Iron Hands|Quark Drive|[silent]\n|switch|p1b: Ogerpon|Ogerpon-Hearthflame, L50, F|100\/100\n|-ability|p1b: Ogerpon|Mold Breaker\n|move|p1a: Roaring Moon|Acrobatics|p2a: Urshifu\n|-supereffective|p2a: Urshifu\n|-damage|p2a: Urshifu|0 fnt\n|faint|p2a: Urshifu\n|move|p2b: Landorus|Stomping Tantrum|p1b: Ogerpon\n|-damage|p1b: Ogerpon|54\/100\n|\n|upkeep\n|\n|t:|1700722640\n|switch|p2a: Tornadus|Tornadus, L50, M|100\/100\n|turn|4\n|\n|t:|1700722659\n|move|p1b: Ogerpon|Spiky Shield|p1b: Ogerpon\n|-singleturn|p1b: Ogerpon|move: Protect\n|move|p2a: Tornadus|Tailwind|p2a: Tornadus\n|-sidestart|p2: ckrypto|move: Tailwind\n|move|p2b: Landorus|Stomping Tantrum|p1b: Ogerpon\n|-activate|p1b: Ogerpon|move: Protect\n|-damage|p2b: Landorus|88\/100|[from] Spiky Shield|[of] p1b: Ogerpon\n|move|p1a: Roaring Moon|Acrobatics|p2b: Landorus\n|-damage|p2b: Landorus|34\/100\n|\n|-sideend|p1: mochipupusa|move: Tailwind\n|upkeep\n|turn|5\n|\n|t:|1700722698\n|move|p1b: Ogerpon|Spiky Shield|p1b: Ogerpon\n|-singleturn|p1b: Ogerpon|move: Protect\n|move|p2b: Landorus|Stomping Tantrum|p1b: Ogerpon\n|-activate|p1b: Ogerpon|move: Protect\n|-damage|p2b: Landorus|21\/100|[from] Spiky Shield|[of] p1b: Ogerpon\n|move|p2a: Tornadus|Bleakwind Storm|p1b: Ogerpon|[spread] \n|-activate|p1b: Ogerpon|move: Protect\n|-miss|p2a: Tornadus|p1a: Roaring Moon\n|move|p1a: Roaring Moon|Tailwind|p1a: Roaring Moon\n|-sidestart|p1: mochipupusa|move: Tailwind\n|\n|upkeep\n|turn|6\n|\n|t:|1700722722\n|move|p2b: Landorus|Stomping Tantrum|p1b: Ogerpon\n|-damage|p1b: Ogerpon|0 fnt\n|faint|p1b: Ogerpon\n|move|p2a: Tornadus|Bleakwind Storm|p1a: Roaring Moon\n|-damage|p1a: Roaring Moon|63\/100\n|-unboost|p1a: Roaring Moon|spe|1\n|move|p1a: Roaring Moon|Acrobatics|p2b: Landorus\n|-damage|p2b: Landorus|0 fnt\n|faint|p2b: Landorus\n|\n|upkeep\n|\n|t:|1700722737\n|switch|p1b: Iron Hands|Iron Hands, L50|40\/100\n|switch|p2b: Flutter Mane|Flutter Mane, L50|100\/100\n|turn|7\n|\n|t:|1700722762\n|-terastallize|p2b: Flutter Mane|Fairy\n|move|p2b: Flutter Mane|Dazzling Gleam|p1b: Iron Hands|[spread] p1a,p1b\n|-supereffective|p1b: Iron Hands\n|-damage|p1a: Roaring Moon|14\/100\n|-damage|p1b: Iron Hands|0 fnt\n|faint|p1b: Iron Hands\n|-end|p1b: Iron Hands|Quark Drive|[silent]\n|move|p2a: Tornadus|Bleakwind Storm|p1a: Roaring Moon\n|-damage|p1a: Roaring Moon|0 fnt\n|faint|p1a: Roaring Moon\n|-end|p1a: Roaring Moon|Protosynthesis|[silent]\n|\n|-sideend|p2: ckrypto|move: Tailwind\n|upkeep\n|\n|t:|1700722775\n|switch|p1b: Flutter Mane|Flutter Mane, L50|100\/100\n|turn|8\n|\n|t:|1700722808\n|move|p1b: Flutter Mane|Moonblast|p2b: Flutter Mane\n|-damage|p2b: Flutter Mane|41\/100\n|-unboost|p2b: Flutter Mane|spa|1\n|move|p2b: Flutter Mane|Dazzling Gleam|p1b: Flutter Mane\n|-damage|p1b: Flutter Mane|45\/100\n|move|p2a: Tornadus|Bleakwind Storm|p1b: Flutter Mane\n|-damage|p1b: Flutter Mane|5\/100\n|\n|-sideend|p1: mochipupusa|move: Tailwind\n|upkeep\n|turn|9\n|\n|t:|1700722821\n|move|p2a: Tornadus|Tailwind|p2a: Tornadus\n|-sidestart|p2: ckrypto|move: Tailwind\n|move|p2b: Flutter Mane|Dazzling Gleam|p1b: Flutter Mane\n|-damage|p1b: Flutter Mane|0 fnt\n|faint|p1b: Flutter Mane\n|-end|p1b: Flutter Mane|Protosynthesis|[silent]\n|\n|win|ckrypto\n|raw|mochipupusa's rating: 1227 &rarr; <strong>1199<\/strong><br \/>(-28 for losing)\n|raw|ckrypto's rating: 1191 &rarr; <strong>1219<\/strong><br \/>(+28 for winning)\n|l|\u2606ckrypto\n","uploadtime":1700722829,"views":4,"p1id":"mochipupusa","p2id":"ckrypto","formatid":"gen9vgc2023regulatione","rating":1199,"private":0,"password":""}