{"id":"gen9vgc2023regulatione-1999862362","p1":"YongDragon","p2":"fakeTooth","format":"[Gen 9] VGC 2023 Regulation E","log":"|j|\u2606YongDragon\n|j|\u2606fakeTooth\n|t:|1701123874\n|gametype|doubles\n|player|p1|YongDragon|giovanni|1115\n|player|p2|fakeTooth|silver-gen2|1132\n|teamsize|p1|6\n|teamsize|p2|6\n|gen|9\n|tier|[Gen 9] VGC 2023 Regulation E\n|rated|\n|rule|Species Clause: Limit one of each Pok\u00e9mon\n|rule|Item Clause: Limit one of each item\n|clearpoke\n|poke|p1|Drifloon, L50, M|\n|poke|p1|Cresselia, L50, F|\n|poke|p1|Ursaluna-Bloodmoon, L50, M|\n|poke|p1|Iron Hands, L50|\n|poke|p1|Corviknight, L50, F|\n|poke|p1|Sinistcha-Masterpiece, L50|\n|poke|p2|Grimmsnarl, L50, M|\n|poke|p2|Okidogi, L50, M|\n|poke|p2|Flutter Mane, L50|\n|poke|p2|Urshifu-*, L50, M|\n|poke|p2|Ogerpon-Hearthflame, L50, F|\n|poke|p2|Arcanine-Hisui, L50, M|\n|teampreview|4\n|inactive|Battle timer is ON: inactive players will automatically lose when time's up. (requested by fakeTooth)\n|\n|t:|1701123925\n|start\n|switch|p1a: SuperPapelito|Drifloon, L50, M, shiny|100\/100\n|switch|p1b: Perifante|Corviknight, L50, F, shiny|100\/100\n|switch|p2a: Grimmsnarl|Grimmsnarl, L50, M, shiny|100\/100\n|switch|p2b: Flutter Mane|Flutter Mane, L50|100\/100\n|turn|1\n|inactive|YongDragon has 30 seconds left.\n|inactive|fakeTooth has 30 seconds left.\n|\n|t:|1701123958\n|-terastallize|p2b: Flutter Mane|Water\n|-terastallize|p1a: SuperPapelito|Dark\n|move|p2a: Grimmsnarl|Light Screen|p2a: Grimmsnarl\n|-sidestart|p2: fakeTooth|move: Light Screen\n|move|p2b: Flutter Mane|Shadow Ball|p1a: SuperPapelito\n|-resisted|p1a: SuperPapelito\n|-damage|p1a: SuperPapelito|73\/100\n|move|p1b: Perifante|Iron Head|p2b: Flutter Mane\n|-resisted|p2b: Flutter Mane\n|-damage|p2b: Flutter Mane|75\/100\n|move|p1a: SuperPapelito|Trick Room|p1a: SuperPapelito\n|-fieldstart|move: Trick Room|[of] p1a: SuperPapelito\n|\n|upkeep\n|turn|2\n|inactive|YongDragon has 30 seconds left.\n|\n|t:|1701123983\n|switch|p1a: Oso Vampiro|Ursaluna-Bloodmoon, L50, M|100\/100\n|-end|p2b: Flutter Mane|Protosynthesis|[silent]\n|switch|p2b: Urshifu|Urshifu-Rapid-Strike, L50, M|100\/100\n|move|p2a: Grimmsnarl|Reflect|p2a: Grimmsnarl\n|-sidestart|p2: fakeTooth|Reflect\n|move|p1b: Perifante|Iron Head|p2a: Grimmsnarl\n|-supereffective|p2a: Grimmsnarl\n|-damage|p2a: Grimmsnarl|58\/100\n|\n|upkeep\n|turn|3\n|\n|t:|1701124002\n|move|p2a: Grimmsnarl|Parting Shot|p1a: Oso Vampiro\n|-unboost|p1a: Oso Vampiro|atk|1\n|-unboost|p1a: Oso Vampiro|spa|1\n|\n|t:|1701124009\n|switch|p2a: Okidogi|Okidogi, L50, M|100\/100|[from] Parting Shot\n|move|p1a: Oso Vampiro|Blood Moon|p2b: Urshifu\n|-damage|p2b: Urshifu|34\/100\n|-damage|p1a: Oso Vampiro|91\/100|[from] item: Life Orb\n|move|p1b: Perifante|Brave Bird|p2b: Urshifu\n|-supereffective|p2b: Urshifu\n|-crit|p2b: Urshifu\n|-damage|p2b: Urshifu|0 fnt\n|faint|p2b: Urshifu\n|-damage|p1b: Perifante|89\/100|[from] Recoil\n|\n|upkeep\n|\n|t:|1701124025\n|switch|p2b: Grimmsnarl|Grimmsnarl, L50, M, shiny|58\/100\n|turn|4\n|\n|t:|1701124042\n|switch|p1a: SuperPapelito|Drifloon, L50, M, shiny, tera:Dark|73\/100\n|move|p2b: Grimmsnarl|Parting Shot|p1a: SuperPapelito\n|-hint|Since gen 7, Dark is immune to Prankster moves.\n|-immune|p1a: SuperPapelito\n|move|p1b: Perifante|Brave Bird|p2a: Okidogi\n|-supereffective|p2a: Okidogi\n|-damage|p2a: Okidogi|44\/100\n|-damage|p1b: Perifante|68\/100|[from] Recoil\n|move|p2a: Okidogi|Bulk Up|p2a: Okidogi\n|-boost|p2a: Okidogi|atk|1\n|-boost|p2a: Okidogi|def|1\n|\n|-heal|p2a: Okidogi|50\/100|[from] item: Black Sludge\n|upkeep\n|turn|5\n|\n|t:|1701124066\n|move|p2b: Grimmsnarl|Parting Shot|p1b: Perifante\n|-ability|p1b: Perifante|Mirror Armor\n|-unboost|p2b: Grimmsnarl|atk|1\n|-ability|p1b: Perifante|Mirror Armor\n|-unboost|p2b: Grimmsnarl|spa|1\n|\n|t:|1701124073\n|switch|p2b: Flutter Mane|Flutter Mane, L50, tera:Water|75\/100|[from] Parting Shot\n|move|p1b: Perifante|Brave Bird|p2a: Okidogi\n|-supereffective|p2a: Okidogi\n|-damage|p2a: Okidogi|13\/100\n|-damage|p1b: Perifante|54\/100|[from] Recoil\n|move|p1a: SuperPapelito|Will-O-Wisp|p2a: Okidogi\n|-status|p2a: Okidogi|brn\n|move|p2a: Okidogi|Drain Punch|p1a: SuperPapelito\n|-supereffective|p1a: SuperPapelito\n|-damage|p1a: SuperPapelito|25\/100\n|-heal|p2a: Okidogi|35\/100 brn|[from] drain|[of] p1a: SuperPapelito\n|\n|-heal|p2a: Okidogi|41\/100 brn|[from] item: Black Sludge\n|-damage|p2a: Okidogi|35\/100 brn|[from] brn\n|-fieldend|move: Trick Room\n|upkeep\n|turn|6\n|-message|fakeTooth forfeited.\n|\n|win|YongDragon\n|raw|YongDragon's rating: 1115 &rarr; <strong>1141<\/strong><br \/>(+26 for winning)\n|raw|fakeTooth's rating: 1132 &rarr; <strong>1106<\/strong><br \/>(-26 for losing)\n|l|\u2606fakeTooth\n","uploadtime":1701124101,"views":11,"p1id":"yongdragon","p2id":"faketooth","formatid":"gen9vgc2023regulatione","rating":1106,"private":0,"password":""}