{"id":"gen9vgc2023regulatione-1989311358","p1":"Andrew Dooley","p2":"BowDog!","format":"[Gen 9] VGC 2023 Regulation E","log":"|j|\u2606Andrew Dooley\n|j|\u2606BowDog!\n|t:|1699834950\n|gametype|doubles\n|player|p1|Andrew Dooley|byron|1068\n|player|p2|BowDog!|winona|1105\n|teamsize|p1|6\n|teamsize|p2|6\n|gen|9\n|tier|[Gen 9] VGC 2023 Regulation E\n|rated|\n|rule|Species Clause: Limit one of each Pok\u00e9mon\n|rule|Item Clause: Limit one of each item\n|clearpoke\n|poke|p1|Dragonite, L50, M|\n|poke|p1|Arcanine, L50, F|\n|poke|p1|Gholdengo, L50|\n|poke|p1|Amoonguss, L50, M|\n|poke|p1|Chien-Pao, L50|\n|poke|p1|Iron Hands, L50|\n|poke|p2|Chien-Pao, L50|\n|poke|p2|Urshifu-*, L50, F|\n|poke|p2|Chi-Yu, L50|\n|poke|p2|Flutter Mane, L50|\n|poke|p2|Dragonite, L50, M|\n|poke|p2|Rillaboom, L50, M|\n|teampreview|4\n|inactive|Battle timer is ON: inactive players will automatically lose when time's up. (requested by Andrew Dooley)\n|inactive|Andrew Dooley has 60 seconds left.\n|inactive|BowDog! has 60 seconds left.\n|inactive|BowDog! has 30 seconds left.\nBowDog! has agreed to open team sheets.\n|inactive|Andrew Dooley has 30 seconds left.\nAndrew Dooley rejected open team sheets.\n|\n|t:|1699835023\n|start\n|switch|p1a: Arcanine|Arcanine, L50, F|100\/100\n|switch|p1b: Iron Hands|Iron Hands, L50|100\/100\n|switch|p2a: Chien-Pao|Chien-Pao, L50|100\/100\n|switch|p2b: Urshifu|Urshifu-Rapid-Strike, L50, F|100\/100\n|-ability|p2a: Chien-Pao|Sword of Ruin\n|-ability|p1a: Arcanine|Intimidate|boost\n|-unboost|p2a: Chien-Pao|atk|1\n|-unboost|p2b: Urshifu|atk|1\n|turn|1\n|inactive|Andrew Dooley has 30 seconds left.\n|inactive|Andrew Dooley has 20 seconds left.\n|\n|t:|1699835060\n|switch|p1a: Gholdengo|Gholdengo, L50|100\/100\n|move|p2a: Chien-Pao|Protect|p2a: Chien-Pao\n|-singleturn|p2a: Chien-Pao|Protect\n|move|p2b: Urshifu|Detect|p2b: Urshifu\n|-singleturn|p2b: Urshifu|Protect\n|move|p1b: Iron Hands|Fake Out|p2a: Chien-Pao\n|-activate|p2a: Chien-Pao|move: Protect\n|\n|upkeep\n|turn|2\n|inactive|BowDog! has 30 seconds left.\n|\n|t:|1699835094\n|-end|p1b: Iron Hands|Quark Drive|[silent]\n|switch|p1b: Arcanine|Arcanine, L50, F|100\/100\n|-ability|p1b: Arcanine|Intimidate|boost\n|-unboost|p2a: Chien-Pao|atk|1\n|-unboost|p2b: Urshifu|atk|1\n|-terastallize|p1a: Gholdengo|Steel\n|move|p2a: Chien-Pao|Crunch|p1a: Gholdengo\n|-damage|p1a: Gholdengo|73\/100\n|move|p1a: Gholdengo|Nasty Plot|p1a: Gholdengo\n|-boost|p1a: Gholdengo|spa|2\n|move|p2b: Urshifu|Surging Strikes|p1b: Arcanine\n|-supereffective|p1b: Arcanine\n|-crit|p1b: Arcanine\n|-damage|p1b: Arcanine|18\/100\n|-supereffective|p1b: Arcanine\n|-crit|p1b: Arcanine\n|-damage|p1b: Arcanine|0 fnt\n|faint|p1b: Arcanine\n|-hitcount|p1: Arcanine|2\n|\n|upkeep\n|\n|t:|1699835111\n|switch|p1b: Chien-Pao|Chien-Pao, L50|100\/100\n|-ability|p1b: Chien-Pao|Sword of Ruin\n|turn|3\n|inactive|BowDog! has 30 seconds left.\n|inactive|BowDog! has 20 seconds left.\n|\n|t:|1699835150\n|move|p2a: Chien-Pao|Sucker Punch|p1b: Chien-Pao\n|-resisted|p1b: Chien-Pao\n|-damage|p1b: Chien-Pao|88\/100\n|move|p1b: Chien-Pao|Psychic Fangs|p2b: Urshifu\n|-supereffective|p2b: Urshifu\n|-damage|p2b: Urshifu|11\/100\n|move|p1a: Gholdengo|Make It Rain|p2b: Urshifu|[spread] p2a,p2b\n|-supereffective|p2a: Chien-Pao\n|-resisted|p2b: Urshifu\n|-enditem|p2a: Chien-Pao|Focus Sash\n|-damage|p2a: Chien-Pao|1\/100\n|-damage|p2b: Urshifu|0 fnt\n|-unboost|p1a: Gholdengo|spa|1\n|faint|p2b: Urshifu\n|\n|upkeep\n|c|\u2606Andrew Dooley|sash on pao?\n|c|\u2606Andrew Dooley|nice lol\n|\n|t:|1699835166\n|switch|p2b: Chi-Yu|Chi-Yu, L50|100\/100\n|-ability|p2b: Chi-Yu|Beads of Ruin\n|turn|4\n|inactive|Andrew Dooley has 30 seconds left.\n|inactive|BowDog! has 30 seconds left.\n|\n|t:|1699835193\n|move|p2a: Chien-Pao|Protect|p2a: Chien-Pao\n|-singleturn|p2a: Chien-Pao|Protect\n|move|p1b: Chien-Pao|Ice Spinner|p2a: Chien-Pao\n|-activate|p2a: Chien-Pao|move: Protect\n|move|p2b: Chi-Yu|Heat Wave|p1b: Chien-Pao|[spread] \n|-miss|p2b: Chi-Yu|p1a: Gholdengo\n|-miss|p2b: Chi-Yu|p1b: Chien-Pao\n|move|p1a: Gholdengo|Make It Rain|p2a: Chien-Pao|[spread] p2b\n|-activate|p2a: Chien-Pao|move: Protect\n|-resisted|p2b: Chi-Yu\n|-damage|p2b: Chi-Yu|49\/100\n|-unboost|p1a: Gholdengo|spa|1\n|\n|upkeep\n|turn|5\n|c|\u2606BowDog!|wow lol\n|inactive|BowDog! has 30 seconds left.\n|c|\u2606Andrew Dooley|unlucky bro\n|inactive|BowDog! has 20 seconds left.\n|inactive|Andrew Dooley has 30 seconds left.\n|inactive|BowDog! has 15 seconds left.\n|inactive|BowDog! has 10 seconds left.\n|inactive|Andrew Dooley has 20 seconds left.\n|inactive|BowDog! has 5 seconds left.\n|\n|t:|1699835247\n|move|p2a: Chien-Pao|Sucker Punch|p1a: Gholdengo\n|-crit|p1a: Gholdengo\n|-damage|p1a: Gholdengo|0 fnt\n|faint|p1a: Gholdengo\n|move|p1b: Chien-Pao|Ice Spinner|p2b: Chi-Yu\n|-resisted|p2b: Chi-Yu\n|-damage|p2b: Chi-Yu|5\/100\n|move|p2b: Chi-Yu|Heat Wave|p1b: Chien-Pao\n|-supereffective|p1b: Chien-Pao\n|-damage|p1b: Chien-Pao|0 fnt\n|faint|p1b: Chien-Pao\n|\n|upkeep\n|c|\u2606Andrew Dooley|huge crit lol\n|c|\u2606Andrew Dooley|gg\n|inactive|Andrew Dooley has 30 seconds left.\n|c|\u2606BowDog!|unscriptable sorry\n|-message|Andrew Dooley forfeited.\n|\n|win|BowDog!\n|raw|Andrew Dooley's rating: 1068 &rarr; <strong>1050<\/strong><br \/>(-18 for losing)\n|raw|BowDog!'s rating: 1105 &rarr; <strong>1127<\/strong><br \/>(+22 for winning)\n|l|\u2606Andrew Dooley\n|l|\u2606BowDog!\n|j|\u2606BowDog!\n|player|p2|BowDog!|winona\n","uploadtime":1699835291,"views":11,"p1id":"andrewdooley","p2id":"bowdog","formatid":"gen9vgc2023regulatione","rating":1050,"private":0,"password":""}