{"id":"gen9vgc2023regulatione-1988247315","p1":"gg3g3","p2":"madbluecatz","format":"[Gen 9] VGC 2023 Regulation E","log":"|j|\u2606gg3g3\n|j|\u2606madbluecatz\n|t:|1699693797\n|gametype|doubles\n|player|p1|gg3g3|iris|1044\n|player|p2|madbluecatz|colress|1042\n|teamsize|p1|6\n|teamsize|p2|6\n|gen|9\n|tier|[Gen 9] VGC 2023 Regulation E\n|rated|\n|rule|Species Clause: Limit one of each Pok\u00e9mon\n|rule|Item Clause: Limit one of each item\n|clearpoke\n|poke|p1|Cresselia, L50, F|\n|poke|p1|Snorlax, L50, F|\n|poke|p1|Chien-Pao, L50|\n|poke|p1|Grimmsnarl, L50, M|\n|poke|p1|Chi-Yu, L50|\n|poke|p1|Gastrodon, L50, F|\n|poke|p2|Gastly, L50, F|\n|poke|p2|Muk-Alola, L50, F|\n|poke|p2|Salazzle, L50, F|\n|poke|p2|Toxapex, L50, F|\n|poke|p2|Salandit, L50, F|\n|poke|p2|Wo-Chien, L50|\n|teampreview|4\n|inactive|Battle timer is ON: inactive players will automatically lose when time's up. (requested by gg3g3)\n|inactive|madbluecatz has 60 seconds left.\n|\n|t:|1699693830\n|start\n|switch|p1a: Cresselia|Cresselia, L50, F|100\/100\n|switch|p1b: Snorlax|Snorlax, L50, F|100\/100\n|switch|p2a: Gastly|Gastly, L50, F|100\/100\n|switch|p2b: Salazzle|Salazzle, L50, F|100\/100\n|turn|1\n|\n|t:|1699693844\n|move|p1b: Snorlax|Protect|p1b: Snorlax\n|-singleturn|p1b: Snorlax|Protect\n|move|p2b: Salazzle|Poison Gas|p1a: Cresselia|[spread] p1a\n|-activate|p1b: Snorlax|move: Protect\n|-status|p1a: Cresselia|psn\n|move|p1a: Cresselia|Trick Room|p1a: Cresselia\n|-fieldstart|move: Trick Room|[of] p1a: Cresselia\n|move|p2a: Gastly|Trick Room|p2a: Gastly\n|-fieldend|move: Trick Room\n|\n|-damage|p1a: Cresselia|88\/100 psn|[from] psn\n|upkeep\n|turn|2\n|\n|t:|1699693862\n|move|p2b: Salazzle|Toxic Spikes|p1a: Cresselia\n|-sidestart|p1: gg3g3|move: Toxic Spikes\n|move|p1b: Snorlax|Hammer Arm|p2b: Salazzle\n|-resisted|p2b: Salazzle\n|-damage|p2b: Salazzle|70\/100\n|-unboost|p1b: Snorlax|spe|1\n|-enditem|p2b: Salazzle|Eject Button\n|\n|t:|1699693871\n|switch|p2b: Muk|Muk-Alola, L50, F|100\/100\n|move|p1a: Cresselia|Trick Room|p1a: Cresselia\n|-fieldstart|move: Trick Room|[of] p1a: Cresselia\n|move|p2a: Gastly|Trick Room|p2a: Gastly\n|-fieldend|move: Trick Room\n|\n|-damage|p1a: Cresselia|76\/100 psn|[from] psn\n|upkeep\n|turn|3\n|\n|t:|1699693895\n|move|p1a: Cresselia|Lunar Blessing|p1a: Cresselia|[spread] p1a,p1b\n|-heal|p1a: Cresselia|100\/100 psn\n|-curestatus|p1a: Cresselia|psn|[msg]\n|move|p2a: Gastly|Toxic|p1b: Snorlax\n|-immune|p1b: Snorlax|[from] ability: Immunity\n|move|p2b: Muk|Minimize|p2b: Muk\n|-boost|p2b: Muk|evasion|2\n|move|p1b: Snorlax|Hammer Arm|p2b: Muk\n|-damage|p2b: Muk|74\/100\n|-unboost|p1b: Snorlax|spe|1\n|\n|upkeep\n|turn|4\n|inactive|gg3g3 has 30 seconds left.\n|\n|t:|1699693921\n|move|p1a: Cresselia|Dazzling Gleam|p2a: Gastly|[spread] p2a\n|-miss|p1a: Cresselia|p2b: Muk\n|-resisted|p2a: Gastly\n|-damage|p2a: Gastly|84\/100\n|move|p2a: Gastly|Curse|p1b: Snorlax\n|-start|p1b: Snorlax|Curse|[of] p2a: Gastly\n|-damage|p2a: Gastly|35\/100\n|move|p2b: Muk|Minimize|p2b: Muk\n|-boost|p2b: Muk|evasion|2\n|move|p1b: Snorlax|Body Slam|p2b: Muk\n|-damage|p2b: Muk|10\/100\n|-enditem|p2b: Muk|Sitrus Berry|[eat]\n|-heal|p2b: Muk|35\/100|[from] item: Sitrus Berry\n|\n|-damage|p1b: Snorlax|76\/100|[from] Curse\n|upkeep\n|turn|5\n|inactive|gg3g3 has 30 seconds left.\n|\n|t:|1699693951\n|switch|p1b: Chi-Yu|Chi-Yu, L50|100\/100\n|-status|p1b: Chi-Yu|psn\n|-ability|p1b: Chi-Yu|Beads of Ruin\n|move|p1a: Cresselia|Lunar Blessing|p1a: Cresselia|[spread] p1a,p1b\n|-curestatus|p1b: Chi-Yu|psn|[msg]\n|move|p2a: Gastly|Curse|p1a: Cresselia\n|-start|p1a: Cresselia|Curse|[of] p2a: Gastly\n|-damage|p2a: Gastly|0 fnt\n|faint|p2a: Gastly\n|-ability|p2b: Muk|Levitate|[from] ability: Power of Alchemy|[of] p2a: Gastly\n|move|p2b: Muk|Recycle|p2b: Muk\n|-item|p2b: Muk|Sitrus Berry|[from] move: Recycle\n|-enditem|p2b: Muk|Sitrus Berry|[eat]\n|-heal|p2b: Muk|60\/100|[from] item: Sitrus Berry\n|\n|-damage|p1a: Cresselia|76\/100|[from] Curse\n|upkeep\n|\n|t:|1699693974\n|switch|p2a: Toxapex|Toxapex, L50, F|100\/100\n|turn|6\n|\n|t:|1699693987\n|switch|p1a: Chien-Pao|Chien-Pao, L50|100\/100\n|-status|p1a: Chien-Pao|psn\n|-ability|p1a: Chien-Pao|Sword of Ruin\n|-terastallize|p1b: Chi-Yu|Electric\n|move|p1b: Chi-Yu|Heat Wave|p2b: Muk|[spread] p2b\n|-miss|p1b: Chi-Yu|p2a: Toxapex\n|-damage|p2b: Muk|10\/100\n|-damage|p1b: Chi-Yu|90\/100|[from] item: Life Orb\n|move|p2b: Muk|Minimize|p2b: Muk\n|-boost|p2b: Muk|evasion|2\n|move|p2a: Toxapex|Stockpile|p2a: Toxapex\n|-start|p2a: Toxapex|stockpile1\n|-boost|p2a: Toxapex|def|1\n|-boost|p2a: Toxapex|spd|1\n|\n|-damage|p1a: Chien-Pao|88\/100 psn|[from] psn\n|upkeep\n|turn|7\n|inactive|gg3g3 has 30 seconds left.\n|\n|t:|1699694021\n|move|p1a: Chien-Pao|Ice Shard|p2a: Toxapex\n|-resisted|p2a: Toxapex\n|-damage|p2a: Toxapex|94\/100\n|move|p1b: Chi-Yu|Heat Wave|p2a: Toxapex|[spread] p2a,p2b\n|-resisted|p2a: Toxapex\n|-damage|p2a: Toxapex|79\/100\n|-damage|p2b: Muk|0 fnt\n|faint|p2b: Muk\n|-damage|p1b: Chi-Yu|80\/100|[from] item: Life Orb\n|move|p2a: Toxapex|Infestation|p1b: Chi-Yu\n|-damage|p1b: Chi-Yu|77\/100\n|-activate|p1b: Chi-Yu|move: Infestation|[of] p2a: Toxapex\n|\n|-damage|p1a: Chien-Pao|76\/100 psn|[from] psn\n|-damage|p1b: Chi-Yu|64\/100|[from] move: Infestation|[partiallytrapped]\n|upkeep\n|\n|t:|1699694034\n|switch|p2b: Salazzle|Salazzle, L50, F|70\/100\n|turn|8\n|inactive|madbluecatz has 30 seconds left.\n|\n|t:|1699694059\n|switch|p1a: Cresselia|Cresselia, L50, F|76\/100\n|move|p2b: Salazzle|Overheat|p1a: Cresselia\n|-damage|p1a: Cresselia|30\/100\n|-unboost|p2b: Salazzle|spa|2\n|move|p1b: Chi-Yu|Tera Blast|p2a: Toxapex|[anim] Tera Blast Electric\n|-supereffective|p2a: Toxapex\n|-damage|p2a: Toxapex|5\/100\n|-damage|p1b: Chi-Yu|54\/100|[from] item: Life Orb\n|move|p2a: Toxapex|Infestation|p1a: Cresselia\n|-supereffective|p1a: Cresselia\n|-damage|p1a: Cresselia|23\/100\n|-activate|p1a: Cresselia|move: Infestation|[of] p2a: Toxapex\n|-damage|p2a: Toxapex|0 fnt|[from] item: Rocky Helmet|[of] p1a: Cresselia\n|faint|p2a: Toxapex\n|\n|-end|p1b: Chi-Yu|Infestation|[partiallytrapped]|[silent]\n|-end|p1a: Cresselia|Infestation|[partiallytrapped]|[silent]\n|upkeep\n|turn|9\n|inactive|gg3g3 has 30 seconds left.\n|\n|t:|1699694085\n|move|p2b: Salazzle|Overheat|p1a: Cresselia\n|-damage|p1a: Cresselia|2\/100\n|-unboost|p2b: Salazzle|spa|2\n|move|p1b: Chi-Yu|Tera Blast|p2b: Salazzle|[anim] Tera Blast Electric\n|-damage|p2b: Salazzle|0 fnt\n|faint|p2b: Salazzle\n|-damage|p1b: Chi-Yu|44\/100|[from] item: Life Orb\n|\n|win|gg3g3\n|raw|gg3g3's rating: 1044 &rarr; <strong>1077<\/strong><br \/>(+33 for winning)\n|raw|madbluecatz's rating: 1042 &rarr; <strong>1026<\/strong><br \/>(-16 for losing)\n|l|\u2606madbluecatz\n","uploadtime":1699694114,"views":31,"p1id":"gg3g3","p2id":"madbluecatz","formatid":"gen9vgc2023regulatione","rating":1026,"private":0,"password":""}