{"id":"gen9vgc2023regulatione-1998535997","p1":"gubad10","p2":"Matt Moissat","format":"[Gen 9] VGC 2023 Regulation E","log":"|j|\u2606gubad10\n|j|\u2606Matt Moissat\n|t:|1700953503\n|gametype|doubles\n|player|p1|gubad10|2|1032\n|player|p2|Matt Moissat|policeman-gen4|1000\n|teamsize|p1|6\n|teamsize|p2|6\n|gen|9\n|tier|[Gen 9] VGC 2023 Regulation E\n|rated|\n|rule|Species Clause: Limit one of each Pok\u00e9mon\n|rule|Item Clause: Limit one of each item\n|clearpoke\n|poke|p1|Ninetales-Alola, L50, M|\n|poke|p1|Baxcalibur, L50, M|\n|poke|p1|Iron Bundle, L50|\n|poke|p1|Articuno, L50|\n|poke|p1|Chien-Pao, L50|\n|poke|p1|Mamoswine, L50, M|\n|poke|p2|Passimian, L50, M|\n|poke|p2|Numel, L50, F|\n|poke|p2|Indeedee-F, L50, F|\n|poke|p2|Inteleon, L50, M|\n|poke|p2|Iron Valiant, L50|\n|poke|p2|Avalugg, L50, M|\n|teampreview|4\n|inactive|Battle timer is ON: inactive players will automatically lose when time's up. (requested by Matt Moissat)\n|inactive|gubad10 has 60 seconds left.\n|\n|t:|1700953554\n|start\n|switch|p1a: Ninetales|Ninetales-Alola, L50, M|100\/100\n|switch|p1b: Mamoswine|Mamoswine, L50, M|100\/100\n|switch|p2a: Passimian|Passimian, L50, M, shiny|100\/100\n|switch|p2b: Numel|Numel, L50, F|100\/100\n|-weather|Snow|[from] ability: Snow Warning|[of] p1a: Ninetales\n|turn|1\n|\n|t:|1700953577\n|move|p1a: Ninetales|Protect|p1a: Ninetales\n|-singleturn|p1a: Ninetales|Protect\n|move|p2a: Passimian|Protect|p2a: Passimian\n|-singleturn|p2a: Passimian|Protect\n|move|p1b: Mamoswine|Earthquake|p2b: Numel|[spread] p2b\n|-activate|p1a: Ninetales|move: Protect\n|-activate|p2a: Passimian|move: Protect\n|-supereffective|p2b: Numel\n|-damage|p2b: Numel|0 fnt\n|faint|p2b: Numel\n|-ability|p2a: Passimian|Simple|[from] ability: Receiver|[of] p2b: Numel\n|\n|-weather|Snow|[upkeep]\n|upkeep\n|\n|t:|1700953596\n|switch|p2b: Indeedee|Indeedee-F, L50, F|100\/100\n|-fieldstart|move: Psychic Terrain|[from] ability: Psychic Surge|[of] p2b: Indeedee\n|-enditem|p2a: Passimian|Psychic Seed\n|-boost|p2a: Passimian|spd|2|[from] item: Psychic Seed\n|turn|2\n|\n|t:|1700953613\n|switch|p2b: Inteleon|Inteleon, L50, M|100\/100\n|move|p1a: Ninetales|Aurora Veil|p1a: Ninetales\n|-sidestart|p1: gubad10|move: Aurora Veil\n|move|p1b: Mamoswine|Icicle Crash|p2a: Passimian\n|-damage|p2a: Passimian|50\/100\n|move|p2a: Passimian|Bulk Up|p2a: Passimian\n|-boost|p2a: Passimian|atk|2\n|-boost|p2a: Passimian|def|2\n|\n|-weather|Snow|[upkeep]\n|upkeep\n|turn|3\n|inactive|Matt Moissat has 30 seconds left.\n|\n|t:|1700953640\n|-terastallize|p2a: Passimian|Grass\n|move|p2b: Inteleon|Soak|p1a: Ninetales\n|-start|p1a: Ninetales|typechange|Water\n|move|p1a: Ninetales|Dazzling Gleam|p2a: Passimian|[spread] p2a,p2b\n|-damage|p2a: Passimian|40\/100\n|-damage|p2b: Inteleon|81\/100\n|move|p1b: Mamoswine|Trailblaze|p2b: Inteleon\n|-supereffective|p2b: Inteleon\n|-damage|p2b: Inteleon|22\/100\n|-boost|p1b: Mamoswine|spe|1\n|move|p2a: Passimian|Seed Bomb|p1a: Ninetales\n|-supereffective|p1a: Ninetales\n|-damage|p1a: Ninetales|0 fnt\n|faint|p1a: Ninetales\n|\n|-weather|Snow|[upkeep]\n|upkeep\n|\n|t:|1700953660\n|switch|p1a: Chien-Pao|Chien-Pao, L50|100\/100\n|-ability|p1a: Chien-Pao|Sword of Ruin\n|turn|4\n|\n|t:|1700953675\n|move|p1a: Chien-Pao|Sucker Punch||[still]\n|-fail|p1a: Chien-Pao\n|move|p2b: Inteleon|Soak|p1a: Chien-Pao\n|-start|p1a: Chien-Pao|typechange|Water\n|move|p1b: Mamoswine|Earthquake|p2b: Inteleon|[spread] p1a,p2a,p2b\n|-resisted|p2a: Passimian\n|-damage|p1a: Chien-Pao|62\/100\n|-damage|p2a: Passimian|26\/100\n|-damage|p2b: Inteleon|0 fnt\n|faint|p2b: Inteleon\n|move|p2a: Passimian|Seed Bomb|p1a: Chien-Pao\n|-supereffective|p1a: Chien-Pao\n|-damage|p1a: Chien-Pao|0 fnt\n|faint|p1a: Chien-Pao\n|\n|-weather|Snow|[upkeep]\n|upkeep\n|\n|t:|1700953691\n|switch|p1a: Baxcalibur|Baxcalibur, L50, M|100\/100\n|switch|p2b: Indeedee|Indeedee-F, L50, F|100\/100\n|turn|5\n|inactive|Matt Moissat has 30 seconds left.\n|\n|t:|1700953723\n|move|p1a: Baxcalibur|Protect|p1a: Baxcalibur\n|-singleturn|p1a: Baxcalibur|Protect\n|move|p1b: Mamoswine|Earthquake|p2a: Passimian|[spread] p2a,p2b\n|-activate|p1a: Baxcalibur|move: Protect\n|-resisted|p2a: Passimian\n|-damage|p2a: Passimian|16\/100\n|-damage|p2b: Indeedee|32\/100\n|move|p2b: Indeedee|Psychic|p1a: Baxcalibur\n|-activate|p1a: Baxcalibur|move: Protect\n|move|p2a: Passimian|Bulk Up|p2a: Passimian\n|-boost|p2a: Passimian|atk|2\n|-boost|p2a: Passimian|def|2\n|\n|-weather|Snow|[upkeep]\n|-heal|p2b: Indeedee|38\/100|[from] item: Leftovers\n|upkeep\n|turn|6\n|inactive|gubad10 has 30 seconds left.\n|inactive|gubad10 has 20 seconds left.\n|inactive|gubad10 has 15 seconds left.\n|inactive|gubad10 has 10 seconds left.\n|\n|t:|1700953770\n|move|p2a: Passimian|Protect|p2a: Passimian\n|-singleturn|p2a: Passimian|Protect\n|move|p1b: Mamoswine|Knock Off|p2b: Indeedee\n|-supereffective|p2b: Indeedee\n|-damage|p2b: Indeedee|0 fnt\n|-enditem|p2b: Indeedee|Leftovers|[from] move: Knock Off|[of] p1b: Mamoswine\n|faint|p2b: Indeedee\n|move|p1a: Baxcalibur|Glaive Rush|p2a: Passimian\n|-activate|p2a: Passimian|move: Protect\n|\n|-weather|Snow|[upkeep]\n|-sideend|p1: gubad10|move: Aurora Veil\n|-fieldend|move: Psychic Terrain\n|upkeep\n|turn|7\n|\n|t:|1700953788\n|move|p1a: Baxcalibur|Ice Shard|p2a: Passimian\n|-supereffective|p2a: Passimian\n|-damage|p2a: Passimian|0 fnt\n|faint|p2a: Passimian\n|\n|win|gubad10\n|raw|gubad10's rating: 1032 &rarr; <strong>1064<\/strong><br \/>(+32 for winning)\n|raw|Matt Moissat's rating: 1000 &rarr; <strong>1000<\/strong><br \/>(+0 for losing)\n|l|\u2606Matt Moissat\n","uploadtime":1700953801,"views":9,"p1id":"gubad10","p2id":"mattmoissat","formatid":"gen9vgc2023regulatione","rating":1000,"private":0,"password":""}