{"id":"gen9vgc2023regulatione-1999304576","p1":"BattleBlazikenVGC","p2":"LegnaK","format":"[Gen 9] VGC 2023 Regulation E","log":"|j|\u2606BattleBlazikenVGC\n|j|\u2606LegnaK\n|n|\u2606BattleBlazikenVGC|battleblazikenvgc\n|n|\u2606LegnaK|legnak\n|html|View the match progress at <a href=\"\/game-bestof3-gen9vgc2023regulatione-1999304575\">game-bestof3-gen9vgc2023regulatione-1999304575<\/a>\n|t:|1701057592\n|gametype|doubles\n|player|p1|BattleBlazikenVGC|ltsurge|\n|player|p2|LegnaK|colress|\n|teamsize|p1|6\n|teamsize|p2|6\n|gen|9\n|tier|[Gen 9] VGC 2023 Regulation E\n|rule|Species Clause: Limit one of each Pok\u00e9mon\n|rule|Item Clause: Limit one of each item\n|clearpoke\n|poke|p1|Drifblim, L50, M|\n|poke|p1|Clefairy, L50, F|\n|poke|p1|Dondozo, L50, F|\n|poke|p1|Tatsugiri, L50, F|\n|poke|p1|Azelf, L50|\n|poke|p1|Flamigo, L50, M|\n|poke|p2|Arcanine-Hisui, L50, F|\n|poke|p2|Ogerpon, L50, F|\n|poke|p2|Dondozo, L50, M|\n|poke|p2|Tatsugiri, L50, F|\n|poke|p2|Gholdengo, L50|\n|poke|p2|Tornadus, L50, M|\n|teampreview|4\nBattleBlazikenVGC has agreed to open team sheets.\nLegnaK has agreed to open team sheets.\n|showteam|p1|Drifblim||SitrusBerry|Unburden|Minimize,StoredPower,BatonPass,CalmMind|||M|||50|,,,,,Fairy]Clefairy||Eviolite|FriendGuard|FollowMe,HelpingHand,LifeDew,Protect|||F|||50|,,,,,Ghost]Dondozo||Leftovers|Unaware|Substitute,OrderUp,Earthquake,TeraBlast|||F|||50|,,,,,Poison]Tatsugiri||ToxicOrb|Commander|Endure,DracoMeteor,MuddyWater,Taunt|||F|||50|,,,,,Dragon]Azelf||CovertCloak|Levitate|Explosion,BatonPass,Protect,StealthRock||||||50|,,,,,Normal]Flamigo||ClearAmulet|Costar|CloseCombat,BraveBird,Protect,Roost|||M|||50|,,,,,Steel\n|showteam|p2|Arcanine-Hisui||ChoiceBand|Intimidate|ExtremeSpeed,FlareBlitz,RockSlide,WildCharge|||F|||50|,,,,,Normal]Ogerpon||RazorClaw|Defiant|IvyCudgel,StompingTantrum,SwordsDance,SpikyShield|||F|||50|,,,,,Grass]Dondozo||Leftovers|Unaware|Earthquake,OrderUp,WaveCrash,Protect|||M|||50|,,,,,Dragon]Tatsugiri||AbilityShield|Commander|Protect,DracoMeteor,TeraBlast,MuddyWater|||F|||50|,,,,,Steel]Gholdengo||ChoiceSpecs|GoodasGold|MakeItRain,ShadowBall,Thunderbolt,Trick||||||50|,,,,,Steel]Tornadus||CovertCloak|Prankster|Tailwind,BleakwindStorm,RainDance,Taunt|||M|||50|,,,,,Flying\n|\n|t:|1701057636\n|start\n|switch|p1a: Azelf|Azelf, L50|100\/100\n|switch|p1b: Tatsugiri|Tatsugiri, L50, F|100\/100\n|switch|p2a: Brutus|Arcanine-Hisui, L50, F|100\/100\n|switch|p2b: Chedda|Gholdengo, L50|100\/100\n|-ability|p2a: Brutus|Intimidate|boost\n|-unboost|p1a: Azelf|atk|1\n|-unboost|p1b: Tatsugiri|atk|1\n|turn|1\n|\n|t:|1701057681\n|move|p1a: Azelf|Stealth Rock|p2b: Chedda\n|-sidestart|p2: LegnaK|move: Stealth Rock\n|move|p1b: Tatsugiri|Muddy Water|p2a: Brutus|[spread] p2a,p2b\n|-supereffective|p2a: Brutus\n|-damage|p2a: Brutus|0 fnt\n|-damage|p2b: Chedda|70\/100\n|faint|p2a: Brutus\n|move|p2b: Chedda|Trick|p1b: Tatsugiri\n|-activate|p2b: Chedda|move: Trick|[of] p1b: Tatsugiri\n|-item|p1b: Tatsugiri|Choice Specs|[from] move: Trick\n|-item|p2b: Chedda|Toxic Orb|[from] move: Trick\n|\n|upkeep\n|\n|t:|1701057690\n|switch|p2a: Casterbait|Dondozo, L50, M, shiny|100\/100\n|-damage|p2a: Casterbait|88\/100|[from] Stealth Rock\n|turn|2\n|\n|t:|1701057702\n|move|p1a: Azelf|Protect|p1a: Azelf\n|-singleturn|p1a: Azelf|Protect\n|move|p2a: Casterbait|Protect|p2a: Casterbait\n|-singleturn|p2a: Casterbait|Protect\n|move|p1b: Tatsugiri|Draco Meteor|p2a: Casterbait\n|-activate|p2a: Casterbait|move: Protect\n|move|p2b: Chedda|Shadow Ball|p1a: Azelf\n|-activate|p1a: Azelf|move: Protect\n|\n|-heal|p2a: Casterbait|94\/100|[from] item: Leftovers\n|upkeep\n|turn|3\n|\n|t:|1701057722\n|switch|p1a: Flamigo|Flamigo, L50, M|100\/100\n|-copyboost|p1a: Flamigo|p1b: Tatsugiri|[from] ability: Costar\n|switch|p2b: Sushi|Tatsugiri, L50, F|100\/100\n|-activate|p2b: Sushi|ability: Commander|[of] p2a: Casterbait\n|-boost|p2a: Casterbait|atk|2\n|-boost|p2a: Casterbait|spa|2\n|-boost|p2a: Casterbait|spe|2\n|-boost|p2a: Casterbait|def|2\n|-boost|p2a: Casterbait|spd|2\n|move|p1b: Tatsugiri|Draco Meteor|p2a: Casterbait\n|-damage|p2a: Casterbait|50\/100\n|-unboost|p1b: Tatsugiri|spa|2\n|move|p2a: Casterbait|Order Up|p1b: Tatsugiri\n|-supereffective|p1b: Tatsugiri\n|-damage|p1b: Tatsugiri|0 fnt\n|faint|p1b: Tatsugiri\n|-boost|p2a: Casterbait|atk|1\n|\n|-heal|p2a: Casterbait|56\/100|[from] item: Leftovers\n|upkeep\n|\n|t:|1701057736\n|switch|p1b: Dondozo|Dondozo, L50, F|100\/100\n|turn|4\n|\n|t:|1701057757\n|switch|p1a: Azelf|Azelf, L50|100\/100\n|move|p2a: Casterbait|Wave Crash|p1a: Azelf\n|-damage|p1a: Azelf|0 fnt\n|faint|p1a: Azelf\n|-damage|p2a: Casterbait|32\/100|[from] Recoil\n|move|p1b: Dondozo|Substitute|p1b: Dondozo\n|-start|p1b: Dondozo|Substitute\n|-damage|p1b: Dondozo|76\/100\n|\n|-heal|p2a: Casterbait|39\/100|[from] item: Leftovers\n|-heal|p1b: Dondozo|82\/100|[from] item: Leftovers\n|upkeep\n|\n|t:|1701057766\n|switch|p1a: Flamigo|Flamigo, L50, M|100\/100\n|-copyboost|p1a: Flamigo|p1b: Dondozo|[from] ability: Costar\n|turn|5\n|\n|t:|1701057775\n|-terastallize|p1b: Dondozo|Poison\n|move|p1a: Flamigo|Protect|p1a: Flamigo\n|-singleturn|p1a: Flamigo|Protect\n|move|p2a: Casterbait|Wave Crash|p1a: Flamigo\n|-activate|p1a: Flamigo|move: Protect\n|move|p1b: Dondozo|Tera Blast|p2a: Casterbait|[anim] Tera Blast Poison\n|-damage|p2a: Casterbait|16\/100\n|\n|-heal|p2a: Casterbait|23\/100|[from] item: Leftovers\n|-heal|p1b: Dondozo|88\/100|[from] item: Leftovers\n|upkeep\n|turn|6\n|\n|t:|1701057818\n|move|p2a: Casterbait|Protect|p2a: Casterbait\n|-singleturn|p2a: Casterbait|Protect\n|move|p1a: Flamigo|Close Combat|p2a: Casterbait\n|-activate|p2a: Casterbait|move: Protect\n|move|p1b: Dondozo|Order Up|p2a: Casterbait\n|-activate|p2a: Casterbait|move: Protect\n|\n|-heal|p2a: Casterbait|29\/100|[from] item: Leftovers\n|-heal|p1b: Dondozo|94\/100|[from] item: Leftovers\n|upkeep\n|turn|7\n|\n|t:|1701057841\n|move|p1a: Flamigo|Brave Bird|p2a: Casterbait\n|-damage|p2a: Casterbait|9\/100\n|-damage|p1a: Flamigo|90\/100|[from] Recoil\n|move|p2a: Casterbait|Wave Crash|p1a: Flamigo\n|-damage|p1a: Flamigo|0 fnt\n|faint|p1a: Flamigo\n|-damage|p2a: Casterbait|0 fnt|[from] Recoil\n|faint|p2a: Casterbait\n|move|p1b: Dondozo|Tera Blast|p2b: Sushi|[anim] Tera Blast Poison\n|-damage|p2b: Sushi|43\/100\n|\n|-heal|p1b: Dondozo|100\/100|[from] item: Leftovers\n|upkeep\n|\n|t:|1701057846\n|switch|p2a: Chedda|Gholdengo, L50|70\/100\n|-damage|p2a: Chedda|64\/100|[from] Stealth Rock\n|turn|8\n|\n|t:|1701057856\n|move|p2a: Chedda|Shadow Ball|p1b: Dondozo\n|-crit|p1b: Dondozo\n|-end|p1b: Dondozo|Substitute\n|move|p2b: Sushi|Draco Meteor|p1b: Dondozo\n|-damage|p1b: Dondozo|20\/100\n|-unboost|p2b: Sushi|spa|2\n|move|p1b: Dondozo|Earthquake|p2a: Chedda|[spread] p2a,p2b\n|-supereffective|p2a: Chedda\n|-damage|p2a: Chedda|23\/100\n|-damage|p2b: Sushi|11\/100\n|\n|-heal|p1b: Dondozo|26\/100|[from] item: Leftovers\n|upkeep\n|turn|9\n|\n|t:|1701057886\n|move|p2a: Chedda|Shadow Ball|p1b: Dondozo\n|-damage|p1b: Dondozo|0 fnt\n|faint|p1b: Dondozo\n|\n|win|LegnaK\n|c|&|\/uhtml prompt-legnak,LegnaK is ready for game 2!\n|c|&|\/uhtml prompt-battleblazikenvgc,BattleBlazikenVGC is ready for game 2!\nBoth players are ready! Starting next match!\n|l|\u2606LegnaK\n","uploadtime":1701058421,"views":2,"p1id":"battleblazikenvgc","p2id":"legnak","formatid":"gen9vgc2023regulatione","rating":0,"private":0,"password":""}