{"id":"gen9vgc2023regulatione-1994926224","p1":"huffingkoffinggas","p2":"Machoke333","format":"[Gen 9] VGC 2023 Regulation E","log":"|j|\u2606huffingkoffinggas\n|j|\u2606Machoke333\n|t:|1700505288\n|gametype|doubles\n|player|p1|huffingkoffinggas|medium|1177\n|player|p2|Machoke333|mars|1184\n|teamsize|p1|6\n|teamsize|p2|6\n|gen|9\n|tier|[Gen 9] VGC 2023 Regulation E\n|rated|\n|rule|Species Clause: Limit one of each Pok\u00e9mon\n|rule|Item Clause: Limit one of each item\n|clearpoke\n|poke|p1|Ursaluna-Bloodmoon, L50, M|\n|poke|p1|Iron Bundle, L50|\n|poke|p1|Sableye, L50, M|\n|poke|p1|Landorus, L50, M|\n|poke|p1|Tyranitar, L50, F|\n|poke|p1|Sinistcha-Masterpiece, L50|\n|poke|p2|Ninetales-Alola, L50, M|\n|poke|p2|Hariyama, L50, F|\n|poke|p2|Jumpluff, L50, F|\n|poke|p2|Cresselia, L50, F|\n|poke|p2|Flutter Mane, L50|\n|poke|p2|Baxcalibur, L50, M|\n|teampreview|4\n|inactive|Battle timer is ON: inactive players will automatically lose when time's up. (requested by huffingkoffinggas)\nMachoke333 rejected open team sheets.\n|inactive|huffingkoffinggas has 60 seconds left.\n|\n|t:|1700505338\n|start\n|switch|p1a: Ursaluna|Ursaluna-Bloodmoon, L50, M|100\/100\n|switch|p1b: Sableye|Sableye, L50, M|100\/100\n|switch|p2a: Jumpluff|Jumpluff, L50, F|100\/100\n|switch|p2b: Flutter Mane|Flutter Mane, L50|100\/100\n|-enditem|p2b: Flutter Mane|Booster Energy\n|-activate|p2b: Flutter Mane|ability: Protosynthesis|[fromitem]\n|-start|p2b: Flutter Mane|protosynthesisspa\n|turn|1\n|inactive|huffingkoffinggas has 30 seconds left.\n|inactive|Machoke333 has 30 seconds left.\n|inactive|Machoke333 has 20 seconds left.\n|\n|t:|1700505373\n|move|p1b: Sableye|Fake Out|p2a: Jumpluff\n|-damage|p2a: Jumpluff|91\/100\n|move|p2b: Flutter Mane|Moonblast|p1b: Sableye\n|-supereffective|p1b: Sableye\n|-damage|p1b: Sableye|0 fnt\n|faint|p1b: Sableye\n|cant|p2a: Jumpluff|flinch\n|move|p1a: Ursaluna|Hyper Voice|p2b: Flutter Mane|[spread] p2a,p2b\n|-crit|p2a: Jumpluff\n|-damage|p2a: Jumpluff|33\/100\n|-damage|p2b: Flutter Mane|59\/100\n|-enditem|p1a: Ursaluna|Throat Spray\n|-boost|p1a: Ursaluna|spa|1|[from] item: Throat Spray\n|\n|upkeep\n|\n|t:|1700505383\n|switch|p1b: Sinistcha|Sinistcha-Masterpiece, L50|100\/100\n|turn|2\n|\n|t:|1700505395\n|-terastallize|p1b: Sinistcha|Water\n|move|p2b: Flutter Mane|Shadow Ball|p1b: Sinistcha\n|-damage|p1b: Sinistcha|44\/100\n|-unboost|p1b: Sinistcha|spd|1\n|move|p2a: Jumpluff|Sleep Powder|p1a: Ursaluna\n|-status|p1a: Ursaluna|slp|[from] move: Sleep Powder\n|cant|p1a: Ursaluna|slp\n|move|p1b: Sinistcha|Trick Room|p1b: Sinistcha\n|-fieldstart|move: Trick Room|[of] p1b: Sinistcha\n|\n|upkeep\n|turn|3\n|\n|t:|1700505417\n|cant|p1a: Ursaluna|slp\n|move|p1b: Sinistcha|Matcha Gotcha|p2b: Flutter Mane|[spread] p2b\n|-miss|p1b: Sinistcha|p2a: Jumpluff\n|-damage|p2b: Flutter Mane|31\/100\n|-heal|p1b: Sinistcha|54\/100|[from] drain|[of] p2b: Flutter Mane\n|-status|p2b: Flutter Mane|brn\n|move|p2a: Jumpluff|Sleep Powder|p1b: Sinistcha\n|-status|p1b: Sinistcha|slp|[from] move: Sleep Powder\n|move|p2b: Flutter Mane|Dazzling Gleam|p1a: Ursaluna|[spread] p1a,p1b\n|-damage|p1a: Ursaluna|52\/100 slp\n|-damage|p1b: Sinistcha|0 fnt\n|faint|p1b: Sinistcha\n|\n|-damage|p2b: Flutter Mane|25\/100 brn|[from] brn\n|upkeep\n|\n|t:|1700505430\n|switch|p1b: Tyranitar|Tyranitar, L50, F|100\/100\n|-weather|Sandstorm|[from] ability: Sand Stream|[of] p1b: Tyranitar\n|turn|4\n|\n|t:|1700505444\n|move|p2a: Jumpluff|Rage Powder|p2a: Jumpluff\n|-singleturn|p2a: Jumpluff|move: Rage Powder\n|-curestatus|p1a: Ursaluna|slp|[msg]\n|move|p1a: Ursaluna|Hyper Voice|p2b: Flutter Mane|[spread] p2a,p2b\n|-crit|p2a: Jumpluff\n|-damage|p2a: Jumpluff|0 fnt\n|-damage|p2b: Flutter Mane|0 fnt\n|faint|p2a: Jumpluff\n|faint|p2b: Flutter Mane\n|-end|p2b: Flutter Mane|Protosynthesis|[silent]\n|move|p1b: Tyranitar|Rock Slide|p2: Jumpluff|[notarget]\n|-fail|p1b: Tyranitar\n|\n|-weather|Sandstorm|[upkeep]\n|upkeep\n|\n|t:|1700505451\n|switch|p2a: Ninetales|Ninetales-Alola, L50, M|100\/100\n|switch|p2b: Baxcalibur|Baxcalibur, L50, M|100\/100\n|-weather|Snow|[from] ability: Snow Warning|[of] p2a: Ninetales\n|turn|5\n|\n|t:|1700505460\n|move|p2b: Baxcalibur|Protect|p2b: Baxcalibur\n|-singleturn|p2b: Baxcalibur|Protect\n|move|p1a: Ursaluna|Moonblast|p2b: Baxcalibur\n|-activate|p2b: Baxcalibur|move: Protect\n|move|p1b: Tyranitar|Rock Slide|p2a: Ninetales|[spread] p2a\n|-activate|p2b: Baxcalibur|move: Protect\n|-supereffective|p2a: Ninetales\n|-damage|p2a: Ninetales|48\/100\n|cant|p2a: Ninetales|flinch\n|\n|-weather|Snow|[upkeep]\n|upkeep\n|turn|6\n|inactive|Machoke333 has 30 seconds left.\n|inactive|Machoke333 has 20 seconds left.\n|inactive|Machoke333 has 15 seconds left.\n|\n|t:|1700505503\n|move|p1a: Ursaluna|Moonblast|p2b: Baxcalibur\n|-supereffective|p2b: Baxcalibur\n|-damage|p2b: Baxcalibur|0 fnt\n|faint|p2b: Baxcalibur\n|move|p1b: Tyranitar|Rock Slide|p2a: Ninetales\n|-supereffective|p2a: Ninetales\n|-damage|p2a: Ninetales|0 fnt\n|faint|p2a: Ninetales\n|\n|win|huffingkoffinggas\n|raw|huffingkoffinggas's rating: 1177 &rarr; <strong>1203<\/strong><br \/>(+26 for winning)\n|raw|Machoke333's rating: 1184 &rarr; <strong>1158<\/strong><br \/>(-26 for losing)\n|c|\u2606huffingkoffinggas|gg\n|c|\u2606Machoke333|gg\n|l|\u2606Machoke333\n","uploadtime":1700505516,"views":23,"p1id":"huffingkoffinggas","p2id":"machoke333","formatid":"gen9vgc2023regulatione","rating":1158,"private":0,"password":""}