{"id":"gen9vgc2023regulatione-1992034439","p1":"PokeKidMax","p2":"Kemils","format":"[Gen 9] VGC 2023 Regulation E","log":"|j|\u2606PokeKidMax\n|j|\u2606Kemils\n|t:|1700149542\n|gametype|doubles\n|player|p1|PokeKidMax|blue-lgpe|\n|player|p2|Kemils|roxie|\n|teamsize|p1|6\n|teamsize|p2|6\n|gen|9\n|tier|[Gen 9] VGC 2023 Regulation E\n|rated|Tournament battle\n|rule|Species Clause: Limit one of each Pok\u00e9mon\n|rule|Item Clause: Limit one of each item\n|clearpoke\n|poke|p1|Urshifu-*, L50, M|\n|poke|p1|Gholdengo, L50|\n|poke|p1|Iron Hands, L50|\n|poke|p1|Politoed, L50, F|\n|poke|p1|Gothitelle, L50, F|\n|poke|p1|Amoonguss, L50, M|\n|poke|p2|Goodra-Hisui, L50, F|\n|poke|p2|Flutter Mane, L50|\n|poke|p2|Ogerpon-Hearthflame, L50, F|\n|poke|p2|Rillaboom, L50, M|\n|poke|p2|Urshifu-*, L50, F|\n|poke|p2|Grimmsnarl, L50, M|\n|teampreview|4\n|showteam|p1|Urshifu-Rapid-Strike||MysticWater|UnseenFist|SurgingStrikes,CloseCombat,IceSpinner,Detect|||M|||50|,,,,,Water]Gholdengo||MetalCoat|GoodasGold|MakeItRain,ShadowBall,NastyPlot,Protect||||||50|,,,,,Dragon]Iron Hands||AssaultVest|QuarkDrive|WildCharge,DrainPunch,VoltSwitch,FakeOut||||||50|,,,,,Fire]Politoed||RockyHelmet|Drizzle|WeatherBall,IcyWind,PerishSong,Protect|||F|||50|,,,,,Grass]Gothitelle||SitrusBerry|ShadowTag|FakeOut,Psychic,HealPulse,Protect|||F|||50|,,,,,Dark]Amoonguss||MentalHerb|Regenerator|PollenPuff,Spore,RagePowder,Protect|||M|||50|,,,,,Water\n|showteam|p2|Goodra-Hisui||Leftovers|ShellArmor|BodyPress,HeavySlam,Shelter,Protect|||F|||50|,,,,,Fairy]Flutter Mane||BoosterEnergy|Protosynthesis|Moonblast,IcyWind,ShadowBall,Protect||||||50|,,,,,Fairy]Ogerpon-Hearthflame||HearthflameMask|MoldBreaker|IvyCudgel,GrassyGlide,SwordsDance,SpikyShield|||F|||50|,,,,,Fire]Rillaboom||AssaultVest|GrassySurge|WoodHammer,GrassyGlide,HighHorsepower,FakeOut|||M|||50|,,,,,Fire]Urshifu-Rapid-Strike||ChoiceScarf|UnseenFist|SurgingStrikes,AquaJet,Uturn,CloseCombat|||F|||50|,,,,,Water]Grimmsnarl||LightClay|Prankster|SpiritBreak,ThunderWave,Reflect,LightScreen|||M|||50|,,,,,Ghost\n|inactive|Battle timer is ON: inactive players will automatically lose when time's up. (requested by PokeKidMax)\n|c|\u2606Kemils|glhf\n|j| downfall18\n|c|\u2606PokeKidMax|glhf!\n|j| NoctHowell\n|inactive|PokeKidMax has 60 seconds left.\n|inactive|Kemils has 60 seconds left.\n|j| Sir.Ghandin\n|\n|t:|1700149598\n|start\n|switch|p1a: Urshifu|Urshifu-Rapid-Strike, L50, M|100\/100\n|switch|p1b: Politoed|Politoed, L50, F, shiny|100\/100\n|switch|p2a: Rillaboom|Rillaboom, L50, M|100\/100\n|switch|p2b: Ogerpon|Ogerpon-Hearthflame, L50, F|100\/100\n|-ability|p2b: Ogerpon|Mold Breaker\n|-fieldstart|move: Grassy Terrain|[from] ability: Grassy Surge|[of] p2a: Rillaboom\n|-weather|RainDance|[from] ability: Drizzle|[of] p1b: Politoed\n|turn|1\n|inactive|PokeKidMax has 30 seconds left.\n|\n|t:|1700149630\n|move|p1a: Urshifu|Detect|p1a: Urshifu\n|-singleturn|p1a: Urshifu|Protect\n|move|p1b: Politoed|Protect|p1b: Politoed\n|-singleturn|p1b: Politoed|Protect\n|move|p2a: Rillaboom|Fake Out|p1b: Politoed\n|-activate|p1b: Politoed|move: Protect\n|move|p2b: Ogerpon|Swords Dance|p2b: Ogerpon\n|-boost|p2b: Ogerpon|atk|2\n|\n|-weather|RainDance|[upkeep]\n|upkeep\n|turn|2\n|inactive|Kemils has 30 seconds left.\n|\n|t:|1700149661\n|switch|p1a: Iron Hands|Iron Hands, L50, shiny|100\/100\n|-terastallize|p1b: Politoed|Grass\n|move|p2b: Ogerpon|Ivy Cudgel|p1a: Iron Hands|[anim] Ivy Cudgel Fire\n|-crit|p1a: Iron Hands\n|-damage|p1a: Iron Hands|43\/100\n|move|p2a: Rillaboom|Wood Hammer|p1b: Politoed\n|-resisted|p1b: Politoed\n|-damage|p1b: Politoed|56\/100\n|-damage|p2a: Rillaboom|84\/100|[from] item: Rocky Helmet|[of] p1b: Politoed\n|-damage|p2a: Rillaboom|70\/100|[from] Recoil\n|move|p1b: Politoed|Weather Ball|p2b: Ogerpon\n|-damage|p2b: Ogerpon|48\/100\n|\n|-weather|RainDance|[upkeep]\n|-heal|p2b: Ogerpon|53\/100|[from] Grassy Terrain\n|-heal|p2a: Rillaboom|76\/100|[from] Grassy Terrain\n|-heal|p1b: Politoed|62\/100|[from] Grassy Terrain\n|-heal|p1a: Iron Hands|49\/100|[from] Grassy Terrain\n|upkeep\n|turn|3\n|inactive|PokeKidMax has 30 seconds left.\n|inactive|Kemils has 30 seconds left.\n|\n|t:|1700149689\n|switch|p2a: Flutter Mane|Flutter Mane, L50|100\/100\n|-enditem|p2a: Flutter Mane|Booster Energy\n|-activate|p2a: Flutter Mane|ability: Protosynthesis|[fromitem]\n|-start|p2a: Flutter Mane|protosynthesisspe\n|move|p2b: Ogerpon|Spiky Shield|p2b: Ogerpon\n|-singleturn|p2b: Ogerpon|move: Protect\n|move|p1a: Iron Hands|Fake Out|p2b: Ogerpon\n|-activate|p2b: Ogerpon|move: Protect\n|-damage|p1a: Iron Hands|37\/100|[from] Spiky Shield|[of] p2b: Ogerpon\n|move|p1b: Politoed|Icy Wind|p2a: Flutter Mane|[spread] p2a\n|-activate|p2b: Ogerpon|move: Protect\n|-damage|p2a: Flutter Mane|91\/100\n|-unboost|p2a: Flutter Mane|spe|1\n|\n|-weather|RainDance|[upkeep]\n|-heal|p2a: Flutter Mane|97\/100|[from] Grassy Terrain\n|-heal|p2b: Ogerpon|59\/100|[from] Grassy Terrain\n|-heal|p1b: Politoed|69\/100|[from] Grassy Terrain\n|-heal|p1a: Iron Hands|42\/100|[from] Grassy Terrain\n|upkeep\n|turn|4\n|inactive|PokeKidMax has 30 seconds left.\n|inactive|Kemils has 30 seconds left.\n|\n|t:|1700149722\n|move|p2a: Flutter Mane|Moonblast|p1a: Iron Hands\n|-supereffective|p1a: Iron Hands\n|-damage|p1a: Iron Hands|0 fnt\n|faint|p1a: Iron Hands\n|-end|p1a: Iron Hands|Quark Drive|[silent]\n|move|p2b: Ogerpon|Ivy Cudgel|p1b: Politoed|[anim] Ivy Cudgel Fire\n|-supereffective|p1b: Politoed\n|-damage|p1b: Politoed|0 fnt\n|faint|p1b: Politoed\n|\n|-weather|RainDance|[upkeep]\n|-heal|p2a: Flutter Mane|100\/100|[from] Grassy Terrain\n|-heal|p2b: Ogerpon|65\/100|[from] Grassy Terrain\n|upkeep\n|\n|t:|1700149730\n|switch|p1b: Gholdengo|Gholdengo, L50, shiny|100\/100\n|switch|p1a: Urshifu|Urshifu-Rapid-Strike, L50, M|100\/100\n|turn|5\n|c|\u2606PokeKidMax|lol\n|\n|t:|1700149754\n|move|p2a: Flutter Mane|Protect|p2a: Flutter Mane\n|-singleturn|p2a: Flutter Mane|Protect\n|move|p1a: Urshifu|Detect|p1a: Urshifu\n|-singleturn|p1a: Urshifu|Protect\n|move|p1b: Gholdengo|Protect|p1b: Gholdengo\n|-singleturn|p1b: Gholdengo|Protect\n|move|p2b: Ogerpon|Grassy Glide|p1a: Urshifu\n|-activate|p1a: Urshifu|move: Protect\n|\n|-weather|none\n|-heal|p2b: Ogerpon|71\/100|[from] Grassy Terrain\n|-fieldend|move: Grassy Terrain\n|upkeep\n|turn|6\n|inactive|PokeKidMax has 30 seconds left.\n|\n|t:|1700149788\n|-end|p2a: Flutter Mane|Protosynthesis|[silent]\n|switch|p2a: Rillaboom|Rillaboom, L50, M|76\/100\n|-fieldstart|move: Grassy Terrain|[from] ability: Grassy Surge|[of] p2a: Rillaboom\n|move|p2b: Ogerpon|Grassy Glide|p1a: Urshifu\n|-supereffective|p1a: Urshifu\n|-damage|p1a: Urshifu|0 fnt\n|faint|p1a: Urshifu\n|move|p1b: Gholdengo|Shadow Ball|p2b: Ogerpon\n|-damage|p2b: Ogerpon|20\/100\n|\n|-heal|p2b: Ogerpon|26\/100|[from] Grassy Terrain\n|-heal|p2a: Rillaboom|82\/100|[from] Grassy Terrain\n|upkeep\n|turn|7\n|c|\u2606PokeKidMax|heyyyy\n|\n|t:|1700149804\n|move|p2b: Ogerpon|Ivy Cudgel|p1b: Gholdengo|[anim] Ivy Cudgel Fire\n|-supereffective|p1b: Gholdengo\n|-damage|p1b: Gholdengo|0 fnt\n|faint|p1b: Gholdengo\n|\n|win|Kemils\n|n|\u2606PokeKidMax|pokekidmax\n|n|\u2606Kemils|kemils\n|n| downfall18|downfall18\n|n| NoctHowell|nocthowell\n|n| Sir.Ghandin|sirghandin\n|c|\u2606Kemils|ggs\n|l| NoctHowell\n|l| Sir.Ghandin\n|l|\u2606Kemils\n|c|\u2606PokeKidMax|ggs\n|j| LasermanZ11\n|l|\u2606PokeKidMax\n","uploadtime":1700149806,"views":16,"p1id":"pokekidmax","p2id":"kemils","formatid":"gen9vgc2023regulatione","rating":0,"private":0,"password":""}