{"id":"gen9vgc2023regulatione-1998843350","p1":"moai maniac","p2":"newusernovice","format":"[Gen 9] VGC 2023 Regulation E","log":"|j|\u2606moai maniac\n|j|\u2606newusernovice\n|t:|1701001771\n|gametype|doubles\n|player|p1|moai maniac|cameraman|1391\n|player|p2|newusernovice|brawly|1347\n|teamsize|p1|6\n|teamsize|p2|6\n|gen|9\n|tier|[Gen 9] VGC 2023 Regulation E\n|rated|\n|rule|Species Clause: Limit one of each Pok\u00e9mon\n|rule|Item Clause: Limit one of each item\n|clearpoke\n|poke|p1|Tornadus, L50, M|\n|poke|p1|Heatran, L50, M|\n|poke|p1|Urshifu-*, L50, M|\n|poke|p1|Flutter Mane, L50|\n|poke|p1|Rillaboom, L50, F|\n|poke|p1|Amoonguss, L50, M|\n|poke|p2|Pelipper, L50, M|\n|poke|p2|Amoonguss, L50, M|\n|poke|p2|Salamence, L50, M|\n|poke|p2|Urshifu-*, L50, M|\n|poke|p2|Iron Hands, L50|\n|poke|p2|Rillaboom, L50, M|\n|teampreview|4\n|inactive|Battle timer is ON: inactive players will automatically lose when time's up. (requested by newusernovice)\n|inactive|newusernovice has 60 seconds left.\n|j| Lanorak095\n|inactive|newusernovice has 30 seconds left.\n|\n|t:|1701001838\n|start\n|switch|p1a: Tornadus|Tornadus, L50, M|100\/100\n|switch|p1b: Rillaboom|Rillaboom, L50, F|100\/100\n|switch|p2a: Pelipper|Pelipper, L50, M|100\/100\n|switch|p2b: Iron Hands|Iron Hands, L50, shiny|100\/100\n|-weather|RainDance|[from] ability: Drizzle|[of] p2a: Pelipper\n|-fieldstart|move: Grassy Terrain|[from] ability: Grassy Surge|[of] p1b: Rillaboom\n|turn|1\n|l| Lanorak095\n|inactive|newusernovice has 30 seconds left.\n|inactive|newusernovice has 20 seconds left.\n|\n|t:|1701001877\n|move|p1b: Rillaboom|Fake Out|p2a: Pelipper\n|-damage|p2a: Pelipper|80\/100\n|move|p2b: Iron Hands|Fake Out|p1a: Tornadus\n|-damage|p1a: Tornadus|81\/100\n|move|p1a: Tornadus|Bleakwind Storm|p2b: Iron Hands|[spread] p2a,p2b\n|-damage|p2a: Pelipper|9\/100\n|-damage|p2b: Iron Hands|77\/100\n|-unboost|p2a: Pelipper|spe|1\n|cant|p2a: Pelipper|flinch\n|\n|-weather|RainDance|[upkeep]\n|-heal|p2b: Iron Hands|83\/100|[from] Grassy Terrain\n|upkeep\n|turn|2\n|inactive|moai maniac has 30 seconds left.\n|inactive|newusernovice has 30 seconds left.\n|\n|t:|1701001915\n|switch|p1a: Amoonguss|Amoonguss, L50, M|100\/100\n|move|p1b: Rillaboom|Wood Hammer|p2a: Pelipper\n|-damage|p2a: Pelipper|0 fnt\n|faint|p2a: Pelipper\n|-damage|p1b: Rillaboom|99\/100|[from] Recoil\n|move|p2b: Iron Hands|Heavy Slam|p1a: Amoonguss\n|-damage|p1a: Amoonguss|56\/100\n|-damage|p2b: Iron Hands|67\/100|[from] item: Rocky Helmet|[of] p1a: Amoonguss\n|\n|-weather|RainDance|[upkeep]\n|-heal|p1b: Rillaboom|100\/100|[from] Grassy Terrain\n|-heal|p2b: Iron Hands|73\/100|[from] Grassy Terrain\n|-heal|p1a: Amoonguss|62\/100|[from] Grassy Terrain\n|upkeep\n|\n|t:|1701001937\n|switch|p2a: Salamence|Salamence, L50, M|100\/100\n|-ability|p2a: Salamence|Intimidate|boost\n|-unboost|p1a: Amoonguss|atk|1\n|-unboost|p1b: Rillaboom|atk|1\n|turn|3\n|inactive|newusernovice has 30 seconds left.\n|inactive|newusernovice has 20 seconds left.\n|\n|t:|1701001977\n|switch|p1b: Tornadus|Tornadus, L50, M|81\/100\n|-terastallize|p2a: Salamence|Flying\n|move|p1a: Amoonguss|Protect|p1a: Amoonguss\n|-singleturn|p1a: Amoonguss|Protect\n|move|p2a: Salamence|Hurricane|p1a: Amoonguss\n|-activate|p1a: Amoonguss|move: Protect\n|move|p2b: Iron Hands|Heavy Slam|p1b: Tornadus\n|-damage|p1b: Tornadus|17\/100\n|\n|-weather|RainDance|[upkeep]\n|-heal|p2b: Iron Hands|79\/100|[from] Grassy Terrain\n|-heal|p1a: Amoonguss|68\/100|[from] Grassy Terrain\n|upkeep\n|turn|4\n|inactive|moai maniac has 30 seconds left.\n|\n|t:|1701002011\n|move|p1a: Amoonguss|Rage Powder|p1a: Amoonguss\n|-singleturn|p1a: Amoonguss|move: Rage Powder\n|move|p2a: Salamence|Hurricane|p1a: Amoonguss\n|-supereffective|p1a: Amoonguss\n|-damage|p1a: Amoonguss|0 fnt\n|faint|p1a: Amoonguss\n|move|p1b: Tornadus|Bleakwind Storm|p2b: Iron Hands|[spread] p2a,p2b\n|-damage|p2a: Salamence|56\/100\n|-damage|p2b: Iron Hands|56\/100\n|-unboost|p2a: Salamence|spe|1\n|move|p2b: Iron Hands|Heavy Slam|p1b: Tornadus\n|-damage|p1b: Tornadus|0 fnt\n|faint|p1b: Tornadus\n|\n|-weather|RainDance|[upkeep]\n|-heal|p2b: Iron Hands|62\/100|[from] Grassy Terrain\n|upkeep\n|\n|t:|1701002019\n|switch|p1b: Rillaboom|Rillaboom, L50, F|100\/100\n|switch|p1a: Urshifu|Urshifu-Rapid-Strike, L50, M|100\/100\n|turn|5\n|inactive|newusernovice has 30 seconds left.\n|\n|t:|1701002049\n|-terastallize|p1a: Urshifu|Water\n|move|p1b: Rillaboom|Fake Out|p2a: Salamence\n|-damage|p2a: Salamence|37\/100\n|cant|p2a: Salamence|flinch\n|move|p1a: Urshifu|Surging Strikes|p2b: Iron Hands\n|-crit|p2b: Iron Hands\n|-damage|p2b: Iron Hands|26\/100\n|-crit|p2b: Iron Hands\n|-damage|p2b: Iron Hands|0 fnt\n|faint|p2b: Iron Hands\n|-end|p2b: Iron Hands|Quark Drive|[silent]\n|-hitcount|p2: Iron Hands|2\n|\n|-weather|none\n|-fieldend|move: Grassy Terrain\n|upkeep\n|\n|t:|1701002061\n|switch|p2b: Rillaboom|Rillaboom, L50, M|100\/100\n|-fieldstart|move: Grassy Terrain|[from] ability: Grassy Surge|[of] p2b: Rillaboom\n|turn|6\n|\n|t:|1701002078\n|move|p1a: Urshifu|Detect|p1a: Urshifu\n|-singleturn|p1a: Urshifu|Protect\n|move|p2b: Rillaboom|Fake Out|p1a: Urshifu\n|-activate|p1a: Urshifu|move: Protect\n|move|p2a: Salamence|Hurricane|p1b: Rillaboom\n|-supereffective|p1b: Rillaboom\n|-damage|p1b: Rillaboom|0 fnt\n|faint|p1b: Rillaboom\n|\n|upkeep\n|turn|7\n|\n|t:|1701002096\n|move|p2a: Salamence|Hurricane|p1a: Urshifu|[miss]\n|-miss|p2a: Salamence|p1a: Urshifu\n|move|p1a: Urshifu|Close Combat|p2b: Rillaboom\n|-damage|p2b: Rillaboom|34\/100\n|-unboost|p1a: Urshifu|def|1\n|-unboost|p1a: Urshifu|spd|1\n|move|p2b: Rillaboom|Wood Hammer|p1a: Urshifu\n|-supereffective|p1a: Urshifu\n|-damage|p1a: Urshifu|0 fnt\n|faint|p1a: Urshifu\n|-damage|p2b: Rillaboom|5\/100|[from] Recoil\n|\n|win|newusernovice\n|raw|moai maniac's rating: 1391 &rarr; <strong>1368<\/strong><br \/>(-23 for losing)\n|raw|newusernovice's rating: 1347 &rarr; <strong>1370<\/strong><br \/>(+23 for winning)\n|l|\u2606moai maniac\n","uploadtime":1701002121,"views":2,"p1id":"moaimaniac","p2id":"newusernovice","formatid":"gen9vgc2023regulatione","rating":1368,"private":0,"password":""}