{"id":"gen9vgc2023regulatione-1997691359","p1":"jiangchuan","p2":"xingshen","format":"[Gen 9] VGC 2023 Regulation E","log":"|j|\u2606jiangchuan\n|j|\u2606xingshen\n|t:|1700842283\n|gametype|doubles\n|player|p1|jiangchuan|102|1122\n|player|p2|xingshen|169|1082\n|teamsize|p1|6\n|teamsize|p2|6\n|gen|9\n|tier|[Gen 9] VGC 2023 Regulation E\n|rated|\n|rule|Species Clause: Limit one of each Pok\u00e9mon\n|rule|Item Clause: Limit one of each item\n|clearpoke\n|poke|p1|Flutter Mane, L50|\n|poke|p1|Ogerpon-Wellspring, L50, F|\n|poke|p1|Chi-Yu, L50|\n|poke|p1|Iron Hands, L50|\n|poke|p1|Sableye, L50, F|\n|poke|p1|Espathra, L50, M|\n|poke|p2|Roaring Moon, L50|\n|poke|p2|Chi-Yu, L50|\n|poke|p2|Ogerpon-Hearthflame, L50, F|\n|poke|p2|Tornadus, L50, M|\n|poke|p2|Flutter Mane, L50|\n|poke|p2|Scovillain, L50, M|\n|teampreview|4\n|\n|t:|1700842318\n|start\n|switch|p1a: Sableye|Sableye, L50, F|100\/100\n|switch|p1b: Espathra|Espathra, L50, M|100\/100\n|switch|p2a: Flutter Mane|Flutter Mane, L50|100\/100\n|switch|p2b: Tornadus|Tornadus, L50, M|100\/100\n|turn|1\n|\n|t:|1700842350\n|move|p2b: Tornadus|Sunny Day|p2b: Tornadus\n|-weather|SunnyDay\n|-activate|p2a: Flutter Mane|ability: Protosynthesis\n|-start|p2a: Flutter Mane|protosynthesisspe\n|move|p1a: Sableye|Gravity|p1a: Sableye\n|-fieldstart|move: Gravity\n|move|p2a: Flutter Mane|Dazzling Gleam|p1b: Espathra|[spread] p1a,p1b\n|-supereffective|p1a: Sableye\n|-damage|p1a: Sableye|5\/100\n|-damage|p1b: Espathra|31\/100\n|-enditem|p1a: Sableye|Eject Button\n|\n|t:|1700842360\n|switch|p1a: Iron Hands|Iron Hands, L50|100\/100\n|move|p1b: Espathra|Hypnosis|p2a: Flutter Mane\n|-status|p2a: Flutter Mane|slp|[from] move: Hypnosis\n|\n|-weather|SunnyDay|[upkeep]\n|-ability|p1b: Espathra|Speed Boost|boost\n|-boost|p1b: Espathra|spe|1\n|upkeep\n|turn|2\n|\n|t:|1700842399\n|-end|p2a: Flutter Mane|Protosynthesis|[silent]\n|switch|p2a: Scovillain|Scovillain, L50, M|100\/100\n|move|p2b: Tornadus|Taunt|p1a: Iron Hands\n|-start|p1a: Iron Hands|move: Taunt\n|move|p1b: Espathra|Hypnosis|p2b: Tornadus\n|-status|p2b: Tornadus|slp|[from] move: Hypnosis\n|cant|p1a: Iron Hands|move: Taunt|Belly Drum\n|\n|-weather|SunnyDay|[upkeep]\n|-ability|p1b: Espathra|Speed Boost|boost\n|-boost|p1b: Espathra|spe|1\n|upkeep\n|turn|3\n|\n|t:|1700842434\n|cant|p2b: Tornadus|slp\n|move|p1b: Espathra|Hypnosis|p2a: Scovillain\n|-status|p2a: Scovillain|slp|[from] move: Hypnosis\n|cant|p2a: Scovillain|slp\n|move|p1a: Iron Hands|Drain Punch|p2a: Scovillain\n|-damage|p2a: Scovillain|55\/100 slp\n|\n|-weather|SunnyDay|[upkeep]\n|-ability|p1b: Espathra|Speed Boost|boost\n|-boost|p1b: Espathra|spe|1\n|upkeep\n|turn|4\n|\n|t:|1700842457\n|switch|p2a: Flutter Mane|Flutter Mane, L50|100\/100 slp\n|-activate|p2a: Flutter Mane|ability: Protosynthesis\n|-start|p2a: Flutter Mane|protosynthesisspe\n|-curestatus|p2b: Tornadus|slp|[msg]\n|move|p2b: Tornadus|Taunt|p1b: Espathra\n|-start|p1b: Espathra|move: Taunt\n|-enditem|p1b: Espathra|Mental Herb\n|-end|p1b: Espathra|move: Taunt\n|move|p1b: Espathra|Lumina Crash|p2a: Flutter Mane\n|-damage|p2a: Flutter Mane|68\/100 slp\n|-unboost|p2a: Flutter Mane|spd|2\n|move|p1a: Iron Hands|Thunder Punch|p2b: Tornadus\n|-supereffective|p2b: Tornadus\n|-damage|p2b: Tornadus|13\/100\n|\n|-weather|SunnyDay|[upkeep]\n|-end|p1a: Iron Hands|move: Taunt\n|-ability|p1b: Espathra|Speed Boost|boost\n|-boost|p1b: Espathra|spe|1\n|upkeep\n|turn|5\n|\n|t:|1700842485\n|-terastallize|p1a: Iron Hands|Fire\n|move|p1b: Espathra|Protect|p1b: Espathra\n|-singleturn|p1b: Espathra|Protect\n|move|p2b: Tornadus|Taunt|p1a: Iron Hands\n|-start|p1a: Iron Hands|move: Taunt\n|cant|p2a: Flutter Mane|slp\n|cant|p1a: Iron Hands|move: Taunt|Belly Drum\n|\n|-weather|none\n|-end|p2a: Flutter Mane|Protosynthesis\n|-fieldend|move: Gravity\n|-ability|p1b: Espathra|Speed Boost|boost\n|-boost|p1b: Espathra|spe|1\n|upkeep\n|turn|6\n|\n|t:|1700842535\n|switch|p1b: Ogerpon|Ogerpon-Wellspring, L50, F|100\/100\n|move|p2b: Tornadus|Taunt|p1b: Ogerpon\n|-start|p1b: Ogerpon|move: Taunt\n|-curestatus|p2a: Flutter Mane|slp|[msg]\n|move|p2a: Flutter Mane|Dazzling Gleam|p1a: Iron Hands|[spread] p1a,p1b\n|-resisted|p1a: Iron Hands\n|-damage|p1a: Iron Hands|84\/100\n|-damage|p1b: Ogerpon|56\/100\n|move|p1a: Iron Hands|Thunder Punch|p2b: Tornadus\n|-supereffective|p2b: Tornadus\n|-damage|p2b: Tornadus|0 fnt\n|faint|p2b: Tornadus\n|\n|upkeep\n|\n|t:|1700842552\n|switch|p2b: Roaring Moon|Roaring Moon, L50|100\/100\n|-enditem|p2b: Roaring Moon|Booster Energy\n|-activate|p2b: Roaring Moon|ability: Protosynthesis|[fromitem]\n|-start|p2b: Roaring Moon|protosynthesisspe\n|turn|7\n|\n|t:|1700842571\n|-terastallize|p2b: Roaring Moon|Flying\n|move|p2b: Roaring Moon|Rock Slide|p1b: Ogerpon|[spread] p1a,p1b\n|-supereffective|p1a: Iron Hands\n|-crit|p1a: Iron Hands\n|-damage|p1a: Iron Hands|46\/100\n|-damage|p1b: Ogerpon|34\/100\n|-enditem|p1a: Iron Hands|Sitrus Berry|[eat]\n|-heal|p1a: Iron Hands|71\/100|[from] item: Sitrus Berry\n|move|p2a: Flutter Mane|Dazzling Gleam|p1b: Ogerpon|[spread] p1a,p1b\n|-resisted|p1a: Iron Hands\n|-crit|p1a: Iron Hands\n|-damage|p1a: Iron Hands|45\/100\n|-damage|p1b: Ogerpon|0 fnt\n|faint|p1b: Ogerpon\n|move|p1a: Iron Hands|Thunder Punch|p2b: Roaring Moon\n|-supereffective|p2b: Roaring Moon\n|-damage|p2b: Roaring Moon|0 fnt\n|faint|p2b: Roaring Moon\n|-end|p2b: Roaring Moon|Protosynthesis|[silent]\n|\n|-end|p1a: Iron Hands|move: Taunt\n|upkeep\n|\n|t:|1700842591\n|switch|p2b: Scovillain|Scovillain, L50, M|55\/100 slp\n|switch|p1b: Sableye|Sableye, L50, F|5\/100\n|turn|8\n|\n|t:|1700842604\n|-curestatus|p2b: Scovillain|slp|[msg]\n|move|p2b: Scovillain|Rage Powder|p2b: Scovillain\n|-singleturn|p2b: Scovillain|move: Rage Powder\n|move|p1b: Sableye|Quash||[still]\n|-fail|p1b: Sableye\n|move|p2a: Flutter Mane|Dazzling Gleam|p1a: Iron Hands|[spread] p1a,p1b\n|-resisted|p1a: Iron Hands\n|-supereffective|p1b: Sableye\n|-damage|p1a: Iron Hands|29\/100\n|-damage|p1b: Sableye|0 fnt\n|faint|p1b: Sableye\n|move|p1a: Iron Hands|Thunder Punch|p2b: Scovillain\n|-resisted|p2b: Scovillain\n|-damage|p2b: Scovillain|32\/100\n|\n|upkeep\n|\n|t:|1700842616\n|switch|p1b: Espathra|Espathra, L50, M|31\/100\n|turn|9\n|\n|t:|1700842626\n|move|p2b: Scovillain|Rage Powder|p2b: Scovillain\n|-singleturn|p2b: Scovillain|move: Rage Powder\n|move|p2a: Flutter Mane|Dazzling Gleam|p1a: Iron Hands|[spread] p1a,p1b\n|-resisted|p1a: Iron Hands\n|-damage|p1a: Iron Hands|11\/100\n|-damage|p1b: Espathra|0 fnt\n|faint|p1b: Espathra\n|move|p1a: Iron Hands|Drain Punch|p2b: Scovillain\n|-damage|p2b: Scovillain|0 fnt\n|-heal|p1a: Iron Hands|22\/100|[from] drain|[of] p2b: Scovillain\n|faint|p2b: Scovillain\n|\n|upkeep\n|turn|10\n|\n|t:|1700842648\n|move|p2a: Flutter Mane|Dazzling Gleam|p1a: Iron Hands\n|-resisted|p1a: Iron Hands\n|-damage|p1a: Iron Hands|0 fnt\n|faint|p1a: Iron Hands\n|-end|p1a: Iron Hands|Quark Drive|[silent]\n|\n|win|xingshen\n|raw|jiangchuan's rating: 1122 &rarr; <strong>1092<\/strong><br \/>(-30 for losing)\n|raw|xingshen's rating: 1055 &rarr; <strong>1093<\/strong><br \/>(+38 for winning)\n|l|\u2606jiangchuan\n","uploadtime":1700842657,"views":6,"p1id":"jiangchuan","p2id":"xingshen","formatid":"gen9vgc2023regulatione","rating":1092,"private":0,"password":""}