{"id":"gen9vgc2023regulatione-1994958369","p1":"Joshsensei","p2":"taco_bowl_mx","format":"[Gen 9] VGC 2023 Regulation E","log":"|j|\u2606Joshsensei\n|j|\u2606taco_bowl_mx\n|t:|1700508114\n|gametype|doubles\n|player|p1|Joshsensei|265|1445\n|player|p2|taco_bowl_mx|dawn-gen4pt|1378\n|teamsize|p1|6\n|teamsize|p2|6\n|gen|9\n|tier|[Gen 9] VGC 2023 Regulation E\n|rated|\n|rule|Species Clause: Limit one of each Pok\u00e9mon\n|rule|Item Clause: Limit one of each item\n|clearpoke\n|poke|p1|Okidogi, L50, M|\n|poke|p1|Roaring Moon, L50|\n|poke|p1|Ninetales-Alola, L50, F|\n|poke|p1|Landorus-Therian, L50, M|\n|poke|p1|Heatran, L50, M|\n|poke|p1|Ogerpon-Wellspring, L50, F|\n|poke|p2|Flutter Mane, L50|\n|poke|p2|Chien-Pao, L50|\n|poke|p2|Iron Hands, L50|\n|poke|p2|Heatran, L50, M|\n|poke|p2|Ogerpon-Wellspring, L50, F|\n|poke|p2|Landorus-Therian, L50, M|\n|teampreview|4\ntaco_bowl_mx has agreed to open team sheets.\n|inactive|Battle timer is ON: inactive players will automatically lose when time's up. (requested by taco_bowl_mx)\n|\n|t:|1700508146\n|start\n|switch|p1a: Ninetales|Ninetales-Alola, L50, F|100\/100\n|switch|p1b: Landorus|Landorus-Therian, L50, M|100\/100\n|switch|p2a: Chien-Pao|Chien-Pao, L50|100\/100\n|switch|p2b: Flutter Mane|Flutter Mane, L50|100\/100\n|-ability|p1b: Landorus|Intimidate|boost\n|-unboost|p2a: Chien-Pao|atk|1\n|-unboost|p2b: Flutter Mane|atk|1\n|-ability|p2a: Chien-Pao|Sword of Ruin\n|-weather|Snow|[from] ability: Snow Warning|[of] p1a: Ninetales\n|turn|1\n|inactive|taco_bowl_mx has 30 seconds left.\n|\n|t:|1700508173\n|move|p1b: Landorus|U-turn|p2a: Chien-Pao\n|-supereffective|p2a: Chien-Pao\n|-damage|p2a: Chien-Pao|51\/100\n|\n|t:|1700508179\n|switch|p1b: Ogerpon|Ogerpon-Wellspring, L50, F|100\/100|[from] U-turn\n|move|p2a: Chien-Pao|Ice Spinner|p1b: Ogerpon\n|-damage|p1b: Ogerpon|68\/100\n|move|p2b: Flutter Mane|Power Gem|p1a: Ninetales\n|-supereffective|p1a: Ninetales\n|-damage|p1a: Ninetales|21\/100\n|move|p1a: Ninetales|Aurora Veil|p1a: Ninetales\n|-sidestart|p1: Joshsensei|move: Aurora Veil\n|\n|-weather|Snow|[upkeep]\n|upkeep\n|turn|2\n|\n|t:|1700508200\n|-end|p2b: Flutter Mane|Protosynthesis|[silent]\n|switch|p2b: Iron Hands|Iron Hands, L50, shiny|100\/100\n|-terastallize|p1b: Ogerpon|Water\n|detailschange|p1b: Ogerpon|Ogerpon-Wellspring-Tera, L50, F, tera:Water\n|-ability|p1b: Ogerpon|Embody Aspect (Wellspring)|boost\n|-boost|p1b: Ogerpon|spd|1\n|move|p2a: Chien-Pao|Sucker Punch|p1a: Ninetales\n|-resisted|p1a: Ninetales\n|-damage|p1a: Ninetales|13\/100\n|move|p1a: Ninetales|Blizzard|p2a: Chien-Pao|[spread] p2a,p2b\n|-resisted|p2a: Chien-Pao\n|-damage|p2a: Chien-Pao|34\/100\n|-damage|p2b: Iron Hands|87\/100\n|move|p1b: Ogerpon|Ivy Cudgel|p2b: Iron Hands|[anim] Ivy Cudgel Water\n|-damage|p2b: Iron Hands|23\/100\n|\n|-weather|Snow|[upkeep]\n|upkeep\n|turn|3\n|inactive|taco_bowl_mx has 30 seconds left.\n|\n|t:|1700508231\n|switch|p1a: Okidogi|Okidogi, L50, M|100\/100\n|move|p1b: Ogerpon|Spiky Shield|p1b: Ogerpon\n|-singleturn|p1b: Ogerpon|move: Protect\n|move|p2b: Iron Hands|Fake Out|p1a: Okidogi\n|-damage|p1a: Okidogi|90\/100\n|move|p2a: Chien-Pao|Ice Spinner|p1a: Okidogi\n|-damage|p1a: Okidogi|71\/100\n|\n|-weather|Snow|[upkeep]\n|-heal|p1a: Okidogi|78\/100|[from] item: Leftovers\n|upkeep\n|turn|4\n|\n|t:|1700508255\n|move|p2a: Chien-Pao|Haze|p2a: Chien-Pao\n|-clearallboost\n|move|p1b: Ogerpon|Ivy Cudgel|p2b: Iron Hands|[anim] Ivy Cudgel Water\n|-damage|p2b: Iron Hands|0 fnt\n|faint|p2b: Iron Hands\n|-end|p2b: Iron Hands|Quark Drive|[silent]\n|move|p1a: Okidogi|Drain Punch|p2a: Chien-Pao\n|-supereffective|p2a: Chien-Pao\n|-damage|p2a: Chien-Pao|0 fnt\n|-heal|p1a: Okidogi|91\/100|[from] drain|[of] p2a: Chien-Pao\n|faint|p2a: Chien-Pao\n|\n|-weather|Snow|[upkeep]\n|-heal|p1a: Okidogi|97\/100|[from] item: Leftovers\n|upkeep\n|\n|t:|1700508268\n|switch|p2a: Flutter Mane|Flutter Mane, L50|100\/100\n|switch|p2b: Heatran|Heatran, L50, M|100\/100\n|turn|5\n|inactive|taco_bowl_mx has 30 seconds left.\n|\n|t:|1700508302\n|-terastallize|p2b: Heatran|Grass\n|move|p2a: Flutter Mane|Shadow Ball|p1a: Okidogi\n|-damage|p1a: Okidogi|61\/100\n|move|p1b: Ogerpon|Wood Hammer|p2a: Flutter Mane\n|-damage|p2a: Flutter Mane|0 fnt\n|faint|p2a: Flutter Mane\n|-end|p2a: Flutter Mane|Protosynthesis|[silent]\n|-damage|p1b: Ogerpon|43\/100|[from] Recoil\n|move|p2b: Heatran|Earth Power|p1a: Okidogi\n|-supereffective|p1a: Okidogi\n|-damage|p1a: Okidogi|13\/100\n|move|p1a: Okidogi|Drain Punch|p2b: Heatran\n|-damage|p2b: Heatran|66\/100\n|-heal|p1a: Okidogi|31\/100|[from] drain|[of] p2b: Heatran\n|\n|-weather|none\n|-heal|p2b: Heatran|72\/100|[from] item: Leftovers\n|-heal|p1a: Okidogi|37\/100|[from] item: Leftovers\n|upkeep\n|turn|6\n|\n|t:|1700508322\n|move|p2b: Heatran|Protect|p2b: Heatran\n|-singleturn|p2b: Heatran|Protect\n|move|p1b: Ogerpon|Follow Me|p1b: Ogerpon\n|-singleturn|p1b: Ogerpon|move: Follow Me\n|move|p1a: Okidogi|Gunk Shot|p2b: Heatran\n|-activate|p2b: Heatran|move: Protect\n|\n|-heal|p2b: Heatran|78\/100|[from] item: Leftovers\n|-heal|p1a: Okidogi|43\/100|[from] item: Leftovers\n|upkeep\n|turn|7\n|\n|t:|1700508331\n|move|p1b: Ogerpon|Follow Me|p1b: Ogerpon\n|-singleturn|p1b: Ogerpon|move: Follow Me\n|move|p2b: Heatran|Heat Wave|p1a: Okidogi|[spread] p1a,p1b\n|-resisted|p1b: Ogerpon\n|-damage|p1a: Okidogi|19\/100\n|-damage|p1b: Ogerpon|30\/100\n|move|p1a: Okidogi|Bulk Up|p1a: Okidogi\n|-boost|p1a: Okidogi|atk|1\n|-boost|p1a: Okidogi|def|1\n|\n|-heal|p2b: Heatran|84\/100|[from] item: Leftovers\n|-heal|p1a: Okidogi|25\/100|[from] item: Leftovers\n|upkeep\n|turn|8\n|\n|t:|1700508351\n|move|p1a: Okidogi|Protect|p1a: Okidogi\n|-singleturn|p1a: Okidogi|Protect\n|move|p1b: Ogerpon|Ivy Cudgel|p2b: Heatran|[anim] Ivy Cudgel Water\n|-resisted|p2b: Heatran\n|-damage|p2b: Heatran|52\/100\n|move|p2b: Heatran|Heat Wave|p1a: Okidogi|[spread] p1b\n|-activate|p1a: Okidogi|move: Protect\n|-resisted|p1b: Ogerpon\n|-damage|p1b: Ogerpon|19\/100\n|-status|p1b: Ogerpon|brn\n|\n|-heal|p2b: Heatran|58\/100|[from] item: Leftovers\n|-heal|p1a: Okidogi|31\/100|[from] item: Leftovers\n|-damage|p1b: Ogerpon|13\/100 brn|[from] brn\n|-sideend|p1: Joshsensei|move: Aurora Veil\n|upkeep\n|turn|9\n|\n|t:|1700508371\n|move|p2b: Heatran|Protect|p2b: Heatran\n|-singleturn|p2b: Heatran|Protect\n|move|p1b: Ogerpon|Ivy Cudgel|p2b: Heatran|[anim] Ivy Cudgel Water\n|-activate|p2b: Heatran|move: Protect\n|move|p1a: Okidogi|Gunk Shot|p2b: Heatran\n|-activate|p2b: Heatran|move: Protect\n|\n|-heal|p2b: Heatran|64\/100|[from] item: Leftovers\n|-heal|p1a: Okidogi|37\/100|[from] item: Leftovers\n|-damage|p1b: Ogerpon|7\/100 brn|[from] brn\n|upkeep\n|turn|10\n|\n|t:|1700508385\n|move|p1a: Okidogi|Protect|p1a: Okidogi\n|-singleturn|p1a: Okidogi|Protect\n|move|p1b: Ogerpon|Wood Hammer|p2b: Heatran\n|-resisted|p2b: Heatran\n|-damage|p2b: Heatran|48\/100\n|-damage|p1b: Ogerpon|2\/100 brn|[from] Recoil\n|move|p2b: Heatran|Earth Power|p1a: Okidogi\n|-activate|p1a: Okidogi|move: Protect\n|\n|-heal|p2b: Heatran|54\/100|[from] item: Leftovers\n|-heal|p1a: Okidogi|44\/100|[from] item: Leftovers\n|-damage|p1b: Ogerpon|0 fnt|[from] brn\n|faint|p1b: Ogerpon\n|upkeep\n|\n|t:|1700508392\n|switch|p1b: Ninetales|Ninetales-Alola, L50, F|13\/100\n|-weather|Snow|[from] ability: Snow Warning|[of] p1b: Ninetales\n|turn|11\n|\n|t:|1700508402\n|move|p1b: Ninetales|Blizzard|p2b: Heatran\n|-supereffective|p2b: Heatran\n|-damage|p2b: Heatran|0 fnt\n|faint|p2b: Heatran\n|\n|win|Joshsensei\n|raw|Joshsensei's rating: 1445 &rarr; <strong>1461<\/strong><br \/>(+16 for winning)\n|raw|taco_bowl_mx's rating: 1378 &rarr; <strong>1362<\/strong><br \/>(-16 for losing)\n","uploadtime":1700508407,"views":15,"p1id":"joshsensei","p2id":"tacobowlmx","formatid":"gen9vgc2023regulatione","rating":1362,"private":0,"password":""}