{"id":"gen9vgc2023regulatione-1993246390","p1":"weeeggggggeeeee","p2":"kavonpokebros","format":"[Gen 9] VGC 2023 Regulation E","log":"|j|\u2606weeeggggggeeeee\n|j|\u2606kavonpokebros\n|t:|1700283638\n|gametype|doubles\n|player|p1|weeeggggggeeeee|clay|1107\n|player|p2|kavonpokebros|worker-gen4|1087\n|teamsize|p1|6\n|teamsize|p2|6\n|gen|9\n|tier|[Gen 9] VGC 2023 Regulation E\n|rated|\n|rule|Species Clause: Limit one of each Pok\u00e9mon\n|rule|Item Clause: Limit one of each item\n|clearpoke\n|poke|p1|Hypno, L50, F|\n|poke|p1|Ursaluna, L50, F|\n|poke|p1|Sinistcha, L50|\n|poke|p1|Palafin, L50, M|\n|poke|p1|Brute Bonnet, L50|\n|poke|p1|Skeledirge, L50, F|\n|poke|p2|Persian-Alola, L50, F|\n|poke|p2|Arcanine, L50, F|\n|poke|p2|Milotic, L50, F|\n|poke|p2|Mimikyu, L50, M|\n|poke|p2|Appletun, L50, M|\n|poke|p2|Sneasler, L50, M|\n|teampreview|4\n|\n|t:|1700283652\n|start\n|switch|p1a: Palafin|Palafin, L50, M|100\/100\n|switch|p1b: Brute Bonnet|Brute Bonnet, L50|100\/100\n|switch|p2a: Persian|Persian-Alola, L50, F|100\/100\n|switch|p2b: Sneasler|Sneasler, L50, M|100\/100\n|-enditem|p1b: Brute Bonnet|Booster Energy\n|-activate|p1b: Brute Bonnet|ability: Protosynthesis|[fromitem]\n|-start|p1b: Brute Bonnet|protosynthesisatk\n|turn|1\n|\n|t:|1700283679\n|move|p2a: Persian|Fake Out|p1a: Palafin\n|-damage|p1a: Palafin|95\/100\n|move|p1b: Brute Bonnet|Rage Powder|p1b: Brute Bonnet\n|-singleturn|p1b: Brute Bonnet|move: Rage Powder\n|move|p2b: Sneasler|Dire Claw|p1b: Brute Bonnet\n|-supereffective|p1b: Brute Bonnet\n|-damage|p1b: Brute Bonnet|0 fnt\n|faint|p1b: Brute Bonnet\n|-end|p1b: Brute Bonnet|Protosynthesis|[silent]\n|cant|p1a: Palafin|flinch\n|\n|upkeep\n|\n|t:|1700283693\n|switch|p1b: Skeledirge|Skeledirge, L50, F|100\/100\n|turn|2\n|\n|t:|1700283715\n|switch|p2b: Milotic|Milotic, L50, F|100\/100\n|detailschange|p1a: Palafin|Palafin-Hero, L50, M\n|switch|p1a: Sinistcha|Sinistcha, L50|100\/100\n|-terastallize|p1b: Skeledirge|Fire\n|move|p2a: Persian|Snarl|p1a: Sinistcha|[spread] p1a,p1b\n|-supereffective|p1a: Sinistcha\n|-damage|p1a: Sinistcha|79\/100\n|-damage|p1b: Skeledirge|91\/100\n|-unboost|p1a: Sinistcha|spa|1\n|-unboost|p1b: Skeledirge|spa|1\n|move|p1b: Skeledirge|Will-O-Wisp|p2b: Milotic\n|-status|p2b: Milotic|brn\n|\n|-damage|p2b: Milotic|94\/100 brn|[from] brn\n|upkeep\n|turn|3\n|\n|t:|1700283745\n|move|p2a: Persian|Snarl|p1b: Skeledirge|[spread] p1a,p1b\n|-supereffective|p1a: Sinistcha\n|-damage|p1a: Sinistcha|59\/100\n|-damage|p1b: Skeledirge|83\/100\n|-unboost|p1a: Sinistcha|spa|1\n|-unboost|p1b: Skeledirge|spa|1\n|move|p2b: Milotic|Ice Beam|p1a: Sinistcha\n|-supereffective|p1a: Sinistcha\n|-damage|p1a: Sinistcha|0 fnt\n|faint|p1a: Sinistcha\n|move|p1b: Skeledirge|Torch Song|p2a: Persian\n|-damage|p2a: Persian|72\/100\n|-boost|p1b: Skeledirge|spa|1\n|-enditem|p1b: Skeledirge|Throat Spray\n|-boost|p1b: Skeledirge|spa|1|[from] item: Throat Spray\n|\n|-damage|p2b: Milotic|88\/100 brn|[from] brn\n|upkeep\n|\n|t:|1700283762\n|switch|p1a: Palafin|Palafin-Hero, L50, M|95\/100\n|-activate|p1a: Palafin|ability: Zero to Hero\n|turn|4\n|\n|t:|1700283773\n|switch|p2b: Arcanine|Arcanine, L50, F|100\/100\n|-ability|p2b: Arcanine|Intimidate|boost\n|-unboost|p1a: Palafin|atk|1\n|-unboost|p1b: Skeledirge|atk|1\n|move|p2a: Persian|Snarl|p1a: Palafin|[spread] p1a,p1b\n|-damage|p1a: Palafin|83\/100\n|-damage|p1b: Skeledirge|74\/100\n|-unboost|p1a: Palafin|spa|1\n|-unboost|p1b: Skeledirge|spa|1\n|move|p1a: Palafin|Drain Punch|p2a: Persian\n|-supereffective|p2a: Persian\n|-damage|p2a: Persian|32\/100\n|-heal|p1a: Palafin|99\/100|[from] drain|[of] p2a: Persian\n|move|p1b: Skeledirge|Torch Song|p2b: Arcanine\n|-resisted|p2b: Arcanine\n|-damage|p2b: Arcanine|86\/100\n|-boost|p1b: Skeledirge|spa|1\n|-enditem|p2b: Arcanine|Mirror Herb\n|-boost|p2b: Arcanine|spa|1|[from] item: Mirror Herb\n|\n|upkeep\n|turn|5\n|\n|t:|1700283800\n|-terastallize|p2b: Arcanine|Water\n|move|p1a: Palafin|Jet Punch|p2b: Arcanine\n|-resisted|p2b: Arcanine\n|-damage|p2b: Arcanine|73\/100\n|move|p2a: Persian|Parting Shot|p1a: Palafin\n|-unboost|p1a: Palafin|atk|1\n|-unboost|p1a: Palafin|spa|1\n|\n|t:|1700283808\n|switch|p2a: Milotic|Milotic, L50, F|88\/100 brn|[from] Parting Shot\n|move|p2b: Arcanine|Will-O-Wisp|p1a: Palafin\n|-status|p1a: Palafin|brn\n|move|p1b: Skeledirge|Torch Song|p2a: Milotic\n|-resisted|p2a: Milotic\n|-damage|p2a: Milotic|73\/100 brn\n|-boost|p1b: Skeledirge|spa|1\n|\n|-damage|p1a: Palafin|93\/100 brn|[from] brn\n|-damage|p2a: Milotic|66\/100 brn|[from] brn\n|upkeep\n|turn|6\n|\n|t:|1700283835\n|move|p1a: Palafin|Drain Punch|p2b: Arcanine\n|-damage|p2b: Arcanine|64\/100\n|-heal|p1a: Palafin|98\/100 brn|[from] drain|[of] p2b: Arcanine\n|move|p2b: Arcanine|Flare Blitz|p1a: Palafin\n|-resisted|p1a: Palafin\n|-damage|p1a: Palafin|72\/100 brn\n|-damage|p2b: Arcanine|55\/100|[from] Recoil\n|move|p2a: Milotic|Scald|p1b: Skeledirge\n|-supereffective|p1b: Skeledirge\n|-crit|p1b: Skeledirge\n|-damage|p1b: Skeledirge|0 fnt\n|faint|p1b: Skeledirge\n|\n|-damage|p1a: Palafin|66\/100 brn|[from] brn\n|-damage|p2a: Milotic|60\/100 brn|[from] brn\n|upkeep\n|turn|7\n|\n|t:|1700283857\n|move|p1a: Palafin|Drain Punch|p2b: Arcanine\n|-damage|p2b: Arcanine|47\/100\n|-heal|p1a: Palafin|70\/100 brn|[from] drain|[of] p2b: Arcanine\n|move|p2b: Arcanine|Flare Blitz|p1a: Palafin\n|-resisted|p1a: Palafin\n|-damage|p1a: Palafin|44\/100 brn\n|-damage|p2b: Arcanine|39\/100|[from] Recoil\n|move|p2a: Milotic|Scald|p1a: Palafin\n|-resisted|p1a: Palafin\n|-damage|p1a: Palafin|18\/100 brn\n|\n|-damage|p1a: Palafin|13\/100 brn|[from] brn\n|-damage|p2a: Milotic|54\/100 brn|[from] brn\n|upkeep\n|turn|8\n|\n|t:|1700283875\n|move|p1a: Palafin|Drain Punch|p2b: Arcanine\n|-damage|p2b: Arcanine|30\/100\n|-heal|p1a: Palafin|17\/100 brn|[from] drain|[of] p2b: Arcanine\n|move|p2b: Arcanine|Flare Blitz|p1a: Palafin\n|-resisted|p1a: Palafin\n|-damage|p1a: Palafin|0 fnt\n|faint|p1a: Palafin\n|-damage|p2b: Arcanine|24\/100|[from] Recoil\n|\n|win|kavonpokebros\n|raw|weeeggggggeeeee's rating: 1107 &rarr; <strong>1081<\/strong><br \/>(-26 for losing)\n|raw|kavonpokebros's rating: 1087 &rarr; <strong>1115<\/strong><br \/>(+28 for winning)\n|l|\u2606weeeggggggeeeee\n","uploadtime":1700283887,"views":10,"p1id":"weeeggggggeeeee","p2id":"kavonpokebros","formatid":"gen9vgc2023regulatione","rating":1081,"private":0,"password":""}