{"id":"gen9vgc2023regulatione-1999850796","p1":"squigsquag","p2":"bigbranonbampus","format":"[Gen 9] VGC 2023 Regulation E","log":"|j|\u2606squigsquag\n|j|\u2606bigbranonbampus\n|t:|1701122693\n|gametype|doubles\n|player|p1|squigsquag|depotagent|\n|player|p2|bigbranonbampus|hiker|\n|teamsize|p1|6\n|teamsize|p2|6\n|gen|9\n|tier|[Gen 9] VGC 2023 Regulation E\n|rule|Species Clause: Limit one of each Pok\u00e9mon\n|rule|Item Clause: Limit one of each item\n|clearpoke\n|poke|p1|Iron Bundle, L50|\n|poke|p1|Hawlucha, L50, M|\n|poke|p1|Garganacl, L50, M|\n|poke|p1|Sinistcha-Masterpiece, L50|\n|poke|p1|Toxapex, L50, M|\n|poke|p1|Goodra-Hisui, L50, M|\n|poke|p2|Urshifu-*, L50, M|\n|poke|p2|Arcanine-Hisui, L50, F|\n|poke|p2|Iron Hands, L50|\n|poke|p2|Chien-Pao, L50|\n|poke|p2|Kingambit, L50, M|\n|poke|p2|Flutter Mane, L50|\n|teampreview|4\n|inactive|Battle timer is ON: inactive players will automatically lose when time's up. (requested by bigbranonbampus)\n|inactive|squigsquag has 60 seconds left.\n|\n|t:|1701122728\n|start\n|switch|p1a: Goodra|Goodra-Hisui, L50, M|100\/100\n|switch|p1b: Garganacl|Garganacl, L50, M|100\/100\n|switch|p2a: Arcanine|Arcanine-Hisui, L50, F|100\/100\n|switch|p2b: Urshifu|Urshifu-Rapid-Strike, L50, M|100\/100\n|-ability|p2a: Arcanine|Intimidate|boost\n|-unboost|p1a: Goodra|atk|1\n|-unboost|p1b: Garganacl|atk|1\n|turn|1\n|inactive|squigsquag has 30 seconds left.\n|inactive|bigbranonbampus has 30 seconds left.\n|\n|t:|1701122757\n|switch|p2b: Iron Hands|Iron Hands, L50|100\/100\n|-terastallize|p1a: Goodra|Water\n|move|p2a: Arcanine|Howl|p2a: Arcanine|[spread] p2a,p2b\n|-boost|p2a: Arcanine|atk|1\n|-boost|p2b: Iron Hands|atk|1\n|move|p1a: Goodra|Acid Armor|p1a: Goodra\n|-boost|p1a: Goodra|def|2\n|move|p1b: Garganacl|Salt Cure|p2b: Iron Hands\n|-resisted|p2b: Iron Hands\n|-damage|p2b: Iron Hands|97\/100\n|-start|p2b: Iron Hands|Salt Cure\n|\n|-damage|p2b: Iron Hands|85\/100|[from] Salt Cure\n|upkeep\n|turn|2\n|inactive|squigsquag has 30 seconds left.\n|inactive|squigsquag has 20 seconds left.\n|\n|t:|1701122793\n|move|p2a: Arcanine|Howl|p2a: Arcanine|[spread] p2a,p2b\n|-boost|p2a: Arcanine|atk|1\n|-boost|p2b: Iron Hands|atk|1\n|move|p1a: Goodra|Body Press|p2a: Arcanine\n|-supereffective|p2a: Arcanine\n|-damage|p2a: Arcanine|5\/100\n|move|p2b: Iron Hands|Wild Charge|p1a: Goodra\n|-supereffective|p1a: Goodra\n|-damage|p1a: Goodra|0 fnt\n|faint|p1a: Goodra\n|-damage|p2b: Iron Hands|67\/100|[from] Recoil\n|move|p1b: Garganacl|Stone Edge|p2a: Arcanine\n|-supereffective|p2a: Arcanine\n|-damage|p2a: Arcanine|0 fnt\n|faint|p2a: Arcanine\n|\n|-damage|p2b: Iron Hands|55\/100|[from] Salt Cure\n|upkeep\n|inactive|bigbranonbampus has 30 seconds left.\n|\n|t:|1701122819\n|switch|p2a: Chien-Pao|Chien-Pao, L50|100\/100\n|switch|p1a: Iron Bundle|Iron Bundle, L50|100\/100\n|-ability|p2a: Chien-Pao|Sword of Ruin\n|-enditem|p1a: Iron Bundle|Booster Energy\n|-activate|p1a: Iron Bundle|ability: Quark Drive|[fromitem]\n|-start|p1a: Iron Bundle|quarkdrivespe\n|turn|3\n|inactive|squigsquag has 30 seconds left.\n|\n|t:|1701122850\n|switch|p1b: Hawlucha|Hawlucha, L50, M|100\/100\n|move|p1a: Iron Bundle|Protect|p1a: Iron Bundle\n|-singleturn|p1a: Iron Bundle|Protect\n|move|p2a: Chien-Pao|Protect|p2a: Chien-Pao\n|-singleturn|p2a: Chien-Pao|Protect\n|move|p2b: Iron Hands|Drain Punch|p1b: Hawlucha\n|-resisted|p1b: Hawlucha\n|-damage|p1b: Hawlucha|10\/100\n|-heal|p2b: Iron Hands|81\/100|[from] drain|[of] p1b: Hawlucha\n|-enditem|p1b: Hawlucha|Red Card|[of] p2b: Iron Hands\n|-end|p2b: Iron Hands|Quark Drive|[silent]\n|drag|p2b: Urshifu|Urshifu-Rapid-Strike, L50, M|100\/100\n|\n|upkeep\n|turn|4\n|inactive|bigbranonbampus has 30 seconds left.\n|\n|t:|1701122876\n|move|p2a: Chien-Pao|Sucker Punch|p1b: Hawlucha\n|-resisted|p1b: Hawlucha\n|-damage|p1b: Hawlucha|0 fnt\n|faint|p1b: Hawlucha\n|-damage|p2a: Chien-Pao|91\/100|[from] item: Life Orb\n|move|p1a: Iron Bundle|Freeze-Dry|p2b: Urshifu\n|-supereffective|p2b: Urshifu\n|-damage|p2b: Urshifu|10\/100\n|move|p2b: Urshifu|Close Combat|p1a: Iron Bundle\n|-supereffective|p1a: Iron Bundle\n|-damage|p1a: Iron Bundle|0 fnt\n|-unboost|p2b: Urshifu|def|1\n|-unboost|p2b: Urshifu|spd|1\n|faint|p1a: Iron Bundle\n|-end|p1a: Iron Bundle|Quark Drive|[silent]\n|\n|upkeep\n|\n|t:|1701122880\n|switch|p1a: Garganacl|Garganacl, L50, M|100\/100\n|turn|5\n|c|\u2606squigsquag|F\n|\n|t:|1701122900\n|move|p2a: Chien-Pao|Sucker Punch|p1a: Garganacl\n|-damage|p1a: Garganacl|66\/100\n|-damage|p2a: Chien-Pao|81\/100|[from] item: Life Orb\n|move|p2b: Urshifu|Close Combat|p1a: Garganacl\n|-supereffective|p1a: Garganacl\n|-damage|p1a: Garganacl|0 fnt\n|-unboost|p2b: Urshifu|def|1\n|-unboost|p2b: Urshifu|spd|1\n|faint|p1a: Garganacl\n|\n|win|bigbranonbampus\n","uploadtime":1701122906,"views":2,"p1id":"squigsquag","p2id":"bigbranonbampus","formatid":"gen9vgc2023regulatione","rating":0,"private":0,"password":""}