{"id":"gen9vgc2023regulatione-1996885880","p1":"xingshen","p2":"R_Kite","format":"[Gen 9] VGC 2023 Regulation E","log":"|j|\u2606xingshen\n|j|\u2606R_Kite\n|t:|1700740315\n|gametype|doubles\n|player|p1|xingshen|265|1103\n|player|p2|R_Kite|caitlin|1048\n|teamsize|p1|6\n|teamsize|p2|6\n|gen|9\n|tier|[Gen 9] VGC 2023 Regulation E\n|rated|\n|rule|Species Clause: Limit one of each Pok\u00e9mon\n|rule|Item Clause: Limit one of each item\n|clearpoke\n|poke|p1|Landorus-Therian, L50, M|\n|poke|p1|Chi-Yu, L50|\n|poke|p1|Ogerpon-Hearthflame, L50, F|\n|poke|p1|Tornadus, L50, M|\n|poke|p1|Flutter Mane, L50|\n|poke|p1|Dragonite, L50, F|\n|poke|p2|Roaring Moon, L50|\n|poke|p2|Ogerpon-Cornerstone, L50, F|\n|poke|p2|Arcanine-Hisui, L50, M|\n|poke|p2|Sinistcha, L50|\n|poke|p2|Urshifu-*, L50, M|\n|poke|p2|Goodra-Hisui, L50, F|\n|teampreview|4\n|inactive|Battle timer is ON: inactive players will automatically lose when time's up. (requested by R_Kite)\n|\n|t:|1700740338\n|start\n|switch|p1a: Tornadus|Tornadus, L50, M|100\/100\n|switch|p1b: Landorus|Landorus-Therian, L50, M|100\/100\n|switch|p2a: Roaring Moon|Roaring Moon, L50|100\/100\n|switch|p2b: Ogerpon|Ogerpon-Cornerstone, L50, F|100\/100\n|-ability|p1b: Landorus|Intimidate|boost\n|-unboost|p2a: Roaring Moon|atk|1\n|-unboost|p2b: Ogerpon|atk|1\n|-enditem|p2a: Roaring Moon|Booster Energy\n|-activate|p2a: Roaring Moon|ability: Protosynthesis|[fromitem]\n|-start|p2a: Roaring Moon|protosynthesisspe\n|turn|1\n|inactive|xingshen has 30 seconds left.\n|\n|t:|1700740363\n|move|p1a: Tornadus|Tailwind|p1a: Tornadus\n|-sidestart|p1: xingshen|move: Tailwind\n|move|p1b: Landorus|U-turn|p2a: Roaring Moon\n|-supereffective|p2a: Roaring Moon\n|-damage|p2a: Roaring Moon|40\/100\n|\n|t:|1700740375\n|switch|p1b: Chi-Yu|Chi-Yu, L50|100\/100|[from] U-turn\n|-ability|p1b: Chi-Yu|Beads of Ruin\n|move|p2a: Roaring Moon|Tailwind|p2a: Roaring Moon\n|-sidestart|p2: R_Kite|move: Tailwind\n|move|p2b: Ogerpon|Swords Dance|p2b: Ogerpon\n|-boost|p2b: Ogerpon|atk|2\n|\n|upkeep\n|turn|2\n|\n|t:|1700740398\n|switch|p1b: Landorus|Landorus-Therian, L50, M|100\/100\n|-ability|p1b: Landorus|Intimidate|boost\n|-unboost|p2a: Roaring Moon|atk|1\n|-unboost|p2b: Ogerpon|atk|1\n|move|p2a: Roaring Moon|Protect|p2a: Roaring Moon\n|-singleturn|p2a: Roaring Moon|Protect\n|move|p2b: Ogerpon|Ivy Cudgel|p1b: Landorus|[anim] Ivy Cudgel Rock\n|-damage|p1b: Landorus|36\/100\n|move|p1a: Tornadus|Bleakwind Storm|p2a: Roaring Moon|[spread] p2b\n|-activate|p2a: Roaring Moon|move: Protect\n|-damage|p2b: Ogerpon|66\/100\n|-unboost|p2b: Ogerpon|spe|1\n|\n|upkeep\n|turn|3\n|inactive|xingshen has 30 seconds left.\n|\n|t:|1700740428\n|-end|p2a: Roaring Moon|Protosynthesis|[silent]\n|switch|p2a: Arcanine|Arcanine-Hisui, L50, M|100\/100\n|-ability|p2a: Arcanine|Intimidate|boost\n|-unboost|p1a: Tornadus|atk|1\n|-unboost|p1b: Landorus|atk|1\n|move|p2b: Ogerpon|Spiky Shield|p2b: Ogerpon\n|-singleturn|p2b: Ogerpon|move: Protect\n|move|p1a: Tornadus|Taunt|p2b: Ogerpon\n|-activate|p2b: Ogerpon|move: Protect\n|move|p1b: Landorus|U-turn|p2b: Ogerpon\n|-activate|p2b: Ogerpon|move: Protect\n|-damage|p1b: Landorus|24\/100|[from] Spiky Shield|[of] p2b: Ogerpon\n|\n|upkeep\n|turn|4\n|inactive|xingshen has 30 seconds left.\n|inactive|R_Kite has 30 seconds left.\n|\n|t:|1700740460\n|move|p1b: Landorus|U-turn|p2b: Ogerpon\n|-supereffective|p2b: Ogerpon\n|-crit|p2b: Ogerpon\n|-damage|p2b: Ogerpon|0 fnt\n|faint|p2b: Ogerpon\n|\n|t:|1700740484\n|switch|p1b: Ogerpon|Ogerpon-Hearthflame, L50, F|100\/100|[from] U-turn\n|-ability|p1b: Ogerpon|Mold Breaker\n|move|p1a: Tornadus|Bleakwind Storm|p2a: Arcanine\n|-resisted|p2a: Arcanine\n|-damage|p2a: Arcanine|75\/100\n|-unboost|p2a: Arcanine|spe|1\n|move|p2a: Arcanine|Rock Slide|p1a: Tornadus|[spread] p1a,p1b\n|-supereffective|p1a: Tornadus\n|-supereffective|p1b: Ogerpon\n|-damage|p1a: Tornadus|0 fnt\n|-damage|p1b: Ogerpon|0 fnt\n|faint|p1a: Tornadus\n|faint|p1b: Ogerpon\n|\n|-sideend|p2: R_Kite|move: Tailwind\n|-sideend|p1: xingshen|move: Tailwind\n|upkeep\n|\n|t:|1700740503\n|switch|p2b: Roaring Moon|Roaring Moon, L50|40\/100\n|switch|p1a: Landorus|Landorus-Therian, L50, M|24\/100\n|switch|p1b: Chi-Yu|Chi-Yu, L50|100\/100\n|-ability|p1a: Landorus|Intimidate|boost\n|-unboost|p2a: Arcanine|atk|1\n|-unboost|p2b: Roaring Moon|atk|1\n|-ability|p1b: Chi-Yu|Beads of Ruin\n|turn|5\n|\n|t:|1700740521\n|-terastallize|p1b: Chi-Yu|Ghost\n|move|p1a: Landorus|Rock Slide|p2a: Arcanine|[spread] p2a,p2b\n|-supereffective|p2a: Arcanine\n|-damage|p2a: Arcanine|16\/100\n|-damage|p2b: Roaring Moon|16\/100\n|cant|p2b: Roaring Moon|flinch\n|move|p1b: Chi-Yu|Dark Pulse|p2a: Arcanine\n|-damage|p2a: Arcanine|0 fnt\n|faint|p2a: Arcanine\n|\n|upkeep\n|\n|t:|1700740530\n|switch|p2a: Goodra|Goodra-Hisui, L50, F|100\/100\n|turn|6\n|\n|t:|1700740553\n|-terastallize|p2a: Goodra|Fairy\n|move|p2b: Roaring Moon|Protect|p2b: Roaring Moon\n|-singleturn|p2b: Roaring Moon|Protect\n|move|p1a: Landorus|Rock Slide|p2b: Roaring Moon|[spread] p2a\n|-activate|p2b: Roaring Moon|move: Protect\n|-damage|p2a: Goodra|82\/100\n|move|p1b: Chi-Yu|Nasty Plot|p1b: Chi-Yu\n|-boost|p1b: Chi-Yu|spa|2\n|cant|p2a: Goodra|flinch\n|\n|-heal|p2a: Goodra|88\/100|[from] item: Leftovers\n|upkeep\n|turn|7\n|inactive|R_Kite has 30 seconds left.\n|\n|t:|1700740580\n|move|p1a: Landorus|Rock Slide|p2a: Goodra|[spread] p2b\n|-miss|p1a: Landorus|p2a: Goodra\n|-damage|p2b: Roaring Moon|0 fnt\n|faint|p2b: Roaring Moon\n|-end|p2b: Roaring Moon|Protosynthesis|[silent]\n|move|p1b: Chi-Yu|Heat Wave|p2a: Goodra\n|-damage|p2a: Goodra|1\/100\n|move|p2a: Goodra|Acid Armor|p2a: Goodra\n|-boost|p2a: Goodra|def|2\n|\n|-heal|p2a: Goodra|7\/100|[from] item: Leftovers\n|upkeep\n|turn|8\n|-message|R_Kite forfeited.\n|\n|win|xingshen\n|raw|xingshen's rating: 1079 &rarr; <strong>1105<\/strong><br \/>(+26 for winning)\n|raw|R_Kite's rating: 1048 &rarr; <strong>1032<\/strong><br \/>(-16 for losing)\n|l|\u2606R_Kite\n","uploadtime":1700740598,"views":5,"p1id":"xingshen","p2id":"rkite","formatid":"gen9vgc2023regulatione","rating":1032,"private":0,"password":""}