{"id":"gen9vgc2023regulatione-1995932526","p1":"DamEdge","p2":"Anipok","format":"[Gen 9] VGC 2023 Regulation E","log":"|j|\u2606DamEdge\n|j|\u2606Anipok\n|n|\u2606DamEdge|damedge\n|n|\u2606Anipok|anipok\n|html|View the match progress at <a href=\"\/game-bestof3-gen9vgc2023regulatione-1995932525\">game-bestof3-gen9vgc2023regulatione-1995932525<\/a>\n|t:|1700618933\n|gametype|doubles\n|player|p1|DamEdge|rocketgrunt|\n|player|p2|Anipok|erika|\n|teamsize|p1|6\n|teamsize|p2|6\n|gen|9\n|tier|[Gen 9] VGC 2023 Regulation E\n|rule|Species Clause: Limit one of each Pok\u00e9mon\n|rule|Item Clause: Limit one of each item\n|clearpoke\n|poke|p1|Urshifu-*, L50, M|\n|poke|p1|Tornadus, L50, M|\n|poke|p1|Arcanine-Hisui, L50, M|\n|poke|p1|Dipplin, L50, F|\n|poke|p1|Hydreigon, L50, F|\n|poke|p1|Mienshao, L50, F|\n|poke|p2|Noctowl, L50, F|\n|poke|p2|Ninetales-Alola, L50, M|\n|poke|p2|Lurantis, L50, F|\n|poke|p2|Vaporeon, L50, F|\n|poke|p2|Cresselia, L50, F|\n|poke|p2|Volbeat, L50, M|\n|teampreview|4\n|c|\u2606Anipok|https:\/\/pokepast.es\/6fcf415720c417ec\n|c|\u2606DamEdge|https:\/\/pokepast.es\/0aba493fcd0b7136\n|\n|t:|1700619034\n|start\n|switch|p1a: Tornadus|Tornadus, L50, M|100\/100\n|switch|p1b: Arcanine|Arcanine-Hisui, L50, M|100\/100\n|switch|p2a: Lurantis|Lurantis, L50, F, shiny|100\/100\n|switch|p2b: Cresselia|Cresselia, L50, F, shiny|100\/100\n|turn|1\n|\n|t:|1700619079\n|-terastallize|p1b: Arcanine|Water\n|-terastallize|p2a: Lurantis|Fighting\n|move|p2b: Cresselia|Ally Switch|p2b: Cresselia\n|swap|p2b: Cresselia|0|[from] move: Ally Switch\n|move|p1a: Tornadus|Bleakwind Storm|p2b: Lurantis|[spread] p2a,p2b\n|-supereffective|p2b: Lurantis\n|-damage|p2a: Cresselia|75\/100\n|-damage|p2b: Lurantis|17\/100\n|-unboost|p2a: Cresselia|spe|1\n|move|p1b: Arcanine|Rock Slide|p2b: Lurantis|[spread] p2b\n|-miss|p1b: Arcanine|p2a: Cresselia\n|-resisted|p2b: Lurantis\n|-damage|p2b: Lurantis|0 fnt\n|faint|p2b: Lurantis\n|\n|upkeep\n|\n|t:|1700619093\n|switch|p2b: Vaporeon|Vaporeon, L50, F, shiny|100\/100\n|turn|2\n|\n|t:|1700619117\n|move|p1a: Tornadus|Taunt|p2a: Cresselia\n|-start|p2a: Cresselia|move: Taunt\n|move|p1b: Arcanine|Snarl|p2b: Vaporeon|[spread] p2a,p2b\n|-supereffective|p2a: Cresselia\n|-crit|p2b: Vaporeon\n|-damage|p2a: Cresselia|65\/100\n|-damage|p2b: Vaporeon|91\/100\n|-unboost|p2a: Cresselia|spa|1\n|-unboost|p2b: Vaporeon|spa|1\n|move|p2b: Vaporeon|Muddy Water|p1a: Tornadus|[spread] p1a,p1b\n|-resisted|p1b: Arcanine\n|-damage|p1a: Tornadus|75\/100\n|-damage|p1b: Arcanine|94\/100\n|-unboost|p1b: Arcanine|accuracy|1\n|move|p2a: Cresselia|Moonblast|p1b: Arcanine\n|-damage|p1b: Arcanine|82\/100\n|\n|upkeep\n|turn|3\n|\n|t:|1700619135\n|switch|p1a: Dipplin|Dipplin, L50, F|100\/100\n|-ability|p1a: Dipplin|Supersweet Syrup\n|-ability|p1a: Dipplin|Supersweet Syrup|boost\n|-unboost|p2a: Cresselia|evasion|1\n|-unboost|p2b: Vaporeon|evasion|1\n|move|p1b: Arcanine|Snarl|p2a: Cresselia|[spread] p2a,p2b\n|-supereffective|p2a: Cresselia\n|-damage|p2a: Cresselia|53\/100\n|-damage|p2b: Vaporeon|85\/100\n|-unboost|p2a: Cresselia|spa|1\n|-unboost|p2b: Vaporeon|spa|1\n|move|p2b: Vaporeon|Muddy Water|p1a: Dipplin|[spread] p1a,p1b\n|-resisted|p1a: Dipplin\n|-resisted|p1b: Arcanine\n|-damage|p1a: Dipplin|98\/100\n|-damage|p1b: Arcanine|76\/100\n|-unboost|p1b: Arcanine|accuracy|1\n|move|p2a: Cresselia|Moonblast|p1a: Dipplin\n|-supereffective|p1a: Dipplin\n|-damage|p1a: Dipplin|82\/100\n|\n|upkeep\n|turn|4\n|\n|t:|1700619159\n|switch|p1b: Tornadus|Tornadus, L50, M|75\/100\n|move|p2b: Vaporeon|Flip Turn|p1a: Dipplin\n|-resisted|p1a: Dipplin\n|-damage|p1a: Dipplin|80\/100\n|\n|t:|1700619165\n|switch|p2b: Ninetales|Ninetales-Alola, L50, M|100\/100|[from] Flip Turn\n|-weather|Snow|[from] ability: Snow Warning|[of] p2b: Ninetales\n|move|p2a: Cresselia|Moonblast|p1a: Dipplin\n|-supereffective|p1a: Dipplin\n|-damage|p1a: Dipplin|64\/100\n|move|p1a: Dipplin|Energy Ball|p2b: Ninetales\n|-damage|p2b: Ninetales|64\/100\n|\n|-weather|Snow|[upkeep]\n|-end|p2a: Cresselia|move: Taunt\n|upkeep\n|turn|5\n|\n|t:|1700619182\n|move|p1b: Tornadus|Taunt|p2b: Ninetales\n|-start|p2b: Ninetales|move: Taunt\n|move|p2b: Ninetales|Moonblast|p1a: Dipplin\n|-supereffective|p1a: Dipplin\n|-damage|p1a: Dipplin|26\/100\n|-unboost|p1a: Dipplin|spa|1\n|move|p2a: Cresselia|Moonblast|p1a: Dipplin\n|-supereffective|p1a: Dipplin\n|-damage|p1a: Dipplin|10\/100\n|move|p1a: Dipplin|Infestation|p2a: Cresselia\n|-supereffective|p2a: Cresselia\n|-damage|p2a: Cresselia|49\/100\n|-activate|p2a: Cresselia|move: Infestation|[of] p1a: Dipplin\n|\n|-weather|Snow|[upkeep]\n|-damage|p2a: Cresselia|37\/100|[from] move: Infestation|[partiallytrapped]\n|upkeep\n|turn|6\n|\n|t:|1700619199\n|move|p1b: Tornadus|Tailwind|p1b: Tornadus\n|-sidestart|p1: DamEdge|move: Tailwind\n|move|p2b: Ninetales|Moonblast|p1b: Tornadus\n|-damage|p1b: Tornadus|37\/100\n|move|p1a: Dipplin|Recover|p1a: Dipplin\n|-heal|p1a: Dipplin|60\/100\n|move|p2a: Cresselia|Moonblast|p1a: Dipplin\n|-supereffective|p1a: Dipplin\n|-damage|p1a: Dipplin|44\/100\n|\n|-weather|Snow|[upkeep]\n|-damage|p2a: Cresselia|24\/100|[from] move: Infestation|[partiallytrapped]\n|upkeep\n|turn|7\n|\n|t:|1700619225\n|move|p1b: Tornadus|Bleakwind Storm|p2b: Ninetales|[spread] p2a,p2b\n|-damage|p2a: Cresselia|0 fnt\n|-damage|p2b: Ninetales|19\/100\n|faint|p2a: Cresselia\n|move|p2b: Ninetales|Freeze-Dry|p1b: Tornadus\n|-supereffective|p1b: Tornadus\n|-damage|p1b: Tornadus|0 fnt\n|faint|p1b: Tornadus\n|move|p1a: Dipplin|Recover|p1a: Dipplin\n|-heal|p1a: Dipplin|94\/100\n|\n|-weather|Snow|[upkeep]\n|-end|p2b: Ninetales|move: Taunt\n|upkeep\n|\n|t:|1700619240\n|switch|p1b: Arcanine|Arcanine-Hisui, L50, M, tera:Water|76\/100\n|switch|p2a: Vaporeon|Vaporeon, L50, F, shiny|85\/100\n|turn|8\n|\n|t:|1700619252\n|move|p1b: Arcanine|Rock Slide|p2b: Ninetales|[spread] p2a,p2b\n|-supereffective|p2b: Ninetales\n|-crit|p2b: Ninetales\n|-damage|p2a: Vaporeon|55\/100\n|-damage|p2b: Ninetales|0 fnt\n|faint|p2b: Ninetales\n|move|p2a: Vaporeon|Muddy Water|p1b: Arcanine|[spread] p1a,p1b\n|-resisted|p1a: Dipplin\n|-resisted|p1b: Arcanine\n|-damage|p1a: Dipplin|90\/100\n|-damage|p1b: Arcanine|64\/100\n|-unboost|p1a: Dipplin|accuracy|1\n|move|p1a: Dipplin|Pollen Puff|p1b: Arcanine\n|-heal|p1b: Arcanine|100\/100\n|\n|-weather|none\n|upkeep\n|turn|9\n|\n|t:|1700619272\n|move|p1b: Arcanine|Rock Slide|p2a: Vaporeon\n|-damage|p2a: Vaporeon|15\/100\n|-enditem|p2a: Vaporeon|Sitrus Berry|[eat]\n|-heal|p2a: Vaporeon|40\/100|[from] item: Sitrus Berry\n|cant|p2a: Vaporeon|flinch\n|move|p1a: Dipplin|Infestation|p2a: Vaporeon|[miss]\n|-miss|p1a: Dipplin|p2a: Vaporeon\n|\n|-sideend|p1: DamEdge|move: Tailwind\n|upkeep\n|turn|10\n|\n|t:|1700619292\n|move|p1b: Arcanine|Rock Slide|p2a: Vaporeon\n|-damage|p2a: Vaporeon|0 fnt\n|faint|p2a: Vaporeon\n|\n|win|DamEdge\n|c|\u2606Anipok|Mind giving me 15 mins after this round, i need to deal with smth\n|inactive|DamEdge has 50 seconds to confirm battle start!\n|inactive|Anipok has 50 seconds to confirm battle start!\n|c|\u2606DamEdge|15 rn?\n|inactive|DamEdge has 40 seconds to confirm battle start!\n|inactive|Anipok has 40 seconds to confirm battle start!\n|inactive|DamEdge has 30 seconds to confirm battle start!\n|inactive|Anipok has 30 seconds to confirm battle start!\n|inactive|DamEdge has 20 seconds to confirm battle start!\n|inactive|Anipok has 20 seconds to confirm battle start!\n|c|&|\/uhtml prompt-damedge,DamEdge is ready for game 2!\n|inactive|Anipok has 10 seconds to confirm battle start!\n|c|\u2606Anipok|ye\nBoth players are ready! Starting next match!\n|l|\u2606Anipok\n|player|p1|DamEdge|rocketgrunt\n","uploadtime":1700620184,"views":1,"p1id":"damedge","p2id":"anipok","formatid":"gen9vgc2023regulatione","rating":0,"private":0,"password":""}