{"id":"gen9vgc2023regulatione-1994273569","p1":"JLFalcon","p2":"PKAB","format":"[Gen 9] VGC 2023 Regulation E","log":"|j|\u2606JLFalcon\n|j|\u2606PKAB\n|n|\u2606JLFalcon|jlfalcon\n|n|\u2606PKAB|pkab\n|html|View the match progress at <a href=\"\/game-bestof3-gen9vgc2023regulatione-1994273568\">game-bestof3-gen9vgc2023regulatione-1994273568<\/a>\n|t:|1700425863\n|gametype|doubles\n|player|p1|JLFalcon|brycen|\n|player|p2|PKAB|camper|\n|teamsize|p1|6\n|teamsize|p2|6\n|gen|9\n|tier|[Gen 9] VGC 2023 Regulation E\n|rule|Species Clause: Limit one of each Pok\u00e9mon\n|rule|Item Clause: Limit one of each item\n|clearpoke\n|poke|p1|Misdreavus, L50, F|\n|poke|p1|Gothita, L50, M|\n|poke|p1|Voltorb-Hisui, L50|\n|poke|p1|Diglett, L50, M|\n|poke|p1|Ekans, L50, M|\n|poke|p1|Meowth-Alola, L50, M|\n|poke|p2|Glimmet, L50, F|\n|poke|p2|Bellsprout, L50, M|\n|poke|p2|Sentret, L50, F|\n|poke|p2|Vulpix, L50, M|\n|poke|p2|Riolu, L50, F|\n|poke|p2|Finneon, L50, M|\n|teampreview|4\n|c|\u2606JLFalcon|glhf!!\n|c|\u2606PKAB|u2 o7\n|\n|t:|1700425943\n|start\n|switch|p1a: Gothita|Gothita, L50, M|100\/100\n|switch|p1b: Voltorb|Voltorb-Hisui, L50, shiny|100\/100\n|switch|p2a: Bellsprout|Bellsprout, L50, M|100\/100\n|switch|p2b: Vulpix|Vulpix, L50, M|100\/100\n|-weather|SunnyDay|[from] ability: Drought|[of] p2b: Vulpix\n|turn|1\n|\n|t:|1700425962\n|-terastallize|p1b: Voltorb|Fire\n|move|p1a: Gothita|Fake Out|p2b: Vulpix\n|-damage|p2b: Vulpix|91\/100\n|move|p1b: Voltorb|Tera Blast|p2a: Bellsprout|[anim] Tera Blast Fire\n|-supereffective|p2a: Bellsprout\n|-damage|p2a: Bellsprout|0 fnt\n|faint|p2a: Bellsprout\n|cant|p2b: Vulpix|flinch\n|\n|-weather|SunnyDay|[upkeep]\n|upkeep\n|\n|t:|1700425970\n|switch|p2a: Glimmet|Glimmet, L50, F|100\/100\n|turn|2\n|\n|t:|1700425986\n|move|p2a: Glimmet|Protect|p2a: Glimmet\n|-singleturn|p2a: Glimmet|Protect\n|move|p1b: Voltorb|Tera Blast|p2a: Glimmet|[anim] Tera Blast Fire\n|-activate|p2a: Glimmet|move: Protect\n|move|p2b: Vulpix|Snarl|p1a: Gothita|[spread] p1a\n|-immune|p1b: Voltorb|[from] ability: Soundproof\n|-supereffective|p1a: Gothita\n|-damage|p1a: Gothita|83\/100\n|-unboost|p1a: Gothita|spa|1\n|move|p1a: Gothita|Psychic|p2a: Glimmet\n|-activate|p2a: Glimmet|move: Protect\n|\n|-weather|SunnyDay|[upkeep]\n|upkeep\n|turn|3\n|\n|t:|1700426002\n|move|p1a: Gothita|Helping Hand|p1b: Voltorb\n|-singleturn|p1b: Voltorb|Helping Hand|[of] p1a: Gothita\n|move|p1b: Voltorb|Tera Blast|p2b: Vulpix|[anim] Tera Blast Fire\n|-resisted|p2b: Vulpix\n|-damage|p2b: Vulpix|36\/100\n|move|p2b: Vulpix|Snarl|p1a: Gothita|[spread] p1a\n|-immune|p1b: Voltorb|[from] ability: Soundproof\n|-supereffective|p1a: Gothita\n|-damage|p1a: Gothita|65\/100\n|-unboost|p1a: Gothita|spa|1\n|move|p2a: Glimmet|Sludge Bomb|p1a: Gothita\n|-damage|p1a: Gothita|22\/100\n|-status|p1a: Gothita|psn\n|\n|-weather|SunnyDay|[upkeep]\n|-damage|p1a: Gothita|9\/100 psn|[from] psn\n|upkeep\n|turn|4\n|\n|t:|1700426033\n|move|p1a: Gothita|Helping Hand|p1b: Voltorb\n|-singleturn|p1b: Voltorb|Helping Hand|[of] p1a: Gothita\n|move|p2b: Vulpix|Protect|p2b: Vulpix\n|-singleturn|p2b: Vulpix|Protect\n|move|p1b: Voltorb|Tera Blast|p2a: Glimmet|[anim] Tera Blast Fire\n|-resisted|p2a: Glimmet\n|-damage|p2a: Glimmet|66\/100\n|move|p2a: Glimmet|Power Gem|p1b: Voltorb\n|-supereffective|p1b: Voltorb\n|-damage|p1b: Voltorb|0 fnt\n|faint|p1b: Voltorb\n|\n|-weather|SunnyDay|[upkeep]\n|-damage|p1a: Gothita|0 fnt|[from] psn\n|faint|p1a: Gothita\n|upkeep\n|\n|t:|1700426043\n|switch|p1b: Ekans|Ekans, L50, M|100\/100\n|switch|p1a: Misdreavus|Misdreavus, L50, F|100\/100\n|-ability|p1b: Ekans|Intimidate|boost\n|-unboost|p2a: Glimmet|atk|1\n|-unboost|p2b: Vulpix|atk|1\n|turn|5\n|\n|t:|1700426054\n|move|p1a: Misdreavus|Protect|p1a: Misdreavus\n|-singleturn|p1a: Misdreavus|Protect\n|move|p2a: Glimmet|Protect|p2a: Glimmet\n|-singleturn|p2a: Glimmet|Protect\n|move|p1b: Ekans|Earthquake|p2a: Glimmet|[spread] p2b\n|-activate|p1a: Misdreavus|move: Protect\n|-activate|p2a: Glimmet|move: Protect\n|-supereffective|p2b: Vulpix\n|-damage|p2b: Vulpix|0 fnt\n|faint|p2b: Vulpix\n|\n|-weather|none\n|upkeep\n|\n|t:|1700426058\n|switch|p2b: Sentret|Sentret, L50, F|100\/100\n|-item|p1a: Misdreavus|Colbur Berry|[from] ability: Frisk|[of] p2b: Sentret|[identify]\n|-item|p1b: Ekans|Leftovers|[from] ability: Frisk|[of] p2b: Sentret|[identify]\n|turn|6\n|\n|t:|1700426097\n|-terastallize|p2a: Glimmet|Water\n|move|p1a: Misdreavus|Dazzling Gleam|p2b: Sentret|[spread] p2a,p2b\n|-damage|p2a: Glimmet|46\/100\n|-damage|p2b: Sentret|74\/100\n|move|p1b: Ekans|Earthquake|p2b: Sentret|[spread] p2a,p2b\n|-immune|p1a: Misdreavus|[from] ability: Levitate\n|-damage|p2a: Glimmet|23\/100\n|-damage|p2b: Sentret|31\/100\n|-activate|p2a: Glimmet|ability: Toxic Debris\n|-sidestart|p1: JLFalcon|move: Toxic Spikes\n|move|p2a: Glimmet|Power Gem|p1b: Ekans\n|-damage|p1b: Ekans|28\/100\n|move|p2b: Sentret|Body Slam|p1b: Ekans\n|-damage|p1b: Ekans|0 fnt\n|faint|p1b: Ekans\n|\n|upkeep\n|turn|7\n|\n|t:|1700426120\n|move|p2b: Sentret|Sucker Punch|p1a: Misdreavus\n|-supereffective|p1a: Misdreavus\n|-enditem|p1a: Misdreavus|Colbur Berry|[eat]\n|-enditem|p1a: Misdreavus|Colbur Berry|[weaken]\n|-damage|p1a: Misdreavus|84\/100\n|move|p1a: Misdreavus|Dazzling Gleam|p2b: Sentret|[spread] p2a,p2b\n|-damage|p2a: Glimmet|4\/100\n|-damage|p2b: Sentret|3\/100\n|move|p2a: Glimmet|Power Gem|p1a: Misdreavus\n|-damage|p1a: Misdreavus|22\/100\n|\n|upkeep\n|turn|8\n|c|\u2606JLFalcon|gg\n|\n|t:|1700426133\n|move|p2b: Sentret|Sucker Punch|p1a: Misdreavus\n|-supereffective|p1a: Misdreavus\n|-damage|p1a: Misdreavus|0 fnt\n|faint|p1a: Misdreavus\n|\n|win|PKAB\n|c|&|\/uhtml prompt-pkab,PKAB is ready for game 2!\n|c|&|\/uhtml prompt-jlfalcon,JLFalcon is ready for game 2!\nBoth players are ready! Starting next match!\n|c|\u2606PKAB|gg\n|l|\u2606JLFalcon\n","uploadtime":1700426419,"views":34,"p1id":"jlfalcon","p2id":"pkab","formatid":"gen9vgc2023regulatione","rating":0,"private":0,"password":""}