{"id":"gen9vgc2023regulatione-1992664001","p1":"WillWheelWoll","p2":"Barry Baksteen","format":"[Gen 9] VGC 2023 Regulation E","log":"|j|\u2606WillWheelWoll\n|j|\u2606Barry Baksteen\n|t:|1700222301\n|gametype|doubles\n|player|p1|WillWheelWoll|benga|1115\n|player|p2|Barry Baksteen|gambler|1262\n|teamsize|p1|6\n|teamsize|p2|6\n|gen|9\n|tier|[Gen 9] VGC 2023 Regulation E\n|rated|\n|rule|Species Clause: Limit one of each Pok\u00e9mon\n|rule|Item Clause: Limit one of each item\n|clearpoke\n|poke|p1|Iron Treads, L50|\n|poke|p1|Rillaboom, L50, M|\n|poke|p1|Arcanine-Hisui, L50, F|\n|poke|p1|Indeedee-F, L50, F|\n|poke|p1|Milotic, L50, F|\n|poke|p1|Iron Hands, L50|\n|poke|p2|Torkoal, L50, F|\n|poke|p2|Flutter Mane, L50|\n|poke|p2|Roaring Moon, L50|\n|poke|p2|Sinistcha-Masterpiece, L50|\n|poke|p2|Landorus-Therian, L50, M|\n|poke|p2|Rillaboom, L50, F|\n|teampreview|4\n|inactive|Battle timer is ON: inactive players will automatically lose when time's up. (requested by WillWheelWoll)\n|inactive|WillWheelWoll has 60 seconds left.\n|\n|t:|1700222335\n|start\n|switch|p1a: Rillaboom|Rillaboom, L50, M|100\/100\n|switch|p1b: Iron Treads|Iron Treads, L50|100\/100\n|switch|p2a: Landorus|Landorus-Therian, L50, M|100\/100\n|switch|p2b: Roaring Moon|Roaring Moon, L50|100\/100\n|-ability|p2a: Landorus|Intimidate|boost\n|-unboost|p1a: Rillaboom|atk|1\n|-unboost|p1b: Iron Treads|atk|1\n|-fieldstart|move: Grassy Terrain|[from] ability: Grassy Surge|[of] p1a: Rillaboom\n|turn|1\n|inactive|WillWheelWoll has 30 seconds left.\n|inactive|Barry Baksteen has 30 seconds left.\n|\n|t:|1700222362\n|-end|p1b: Iron Treads|Quark Drive|[silent]\n|switch|p1b: Milotic|Milotic, L50, F|100\/100\n|move|p1a: Rillaboom|Fake Out|p2b: Roaring Moon\n|-crit|p2b: Roaring Moon\n|-damage|p2b: Roaring Moon|74\/100\n|move|p2a: Landorus|Sandsear Storm|p1a: Rillaboom|[spread] p1a,p1b\n|-resisted|p1a: Rillaboom\n|-damage|p1a: Rillaboom|83\/100\n|-damage|p1b: Milotic|76\/100\n|cant|p2b: Roaring Moon|flinch\n|\n|-heal|p2b: Roaring Moon|80\/100|[from] Grassy Terrain\n|-heal|p1a: Rillaboom|88\/100|[from] Grassy Terrain\n|-heal|p1b: Milotic|82\/100|[from] Grassy Terrain\n|-heal|p1b: Milotic|88\/100|[from] item: Leftovers\n|upkeep\n|turn|2\n|\n|t:|1700222383\n|switch|p2a: Rillaboom|Rillaboom, L50, F|100\/100\n|move|p1a: Rillaboom|Protect|p1a: Rillaboom\n|-singleturn|p1a: Rillaboom|Protect\n|move|p2b: Roaring Moon|U-turn|p1a: Rillaboom\n|-activate|p1a: Rillaboom|move: Protect\n|move|p1b: Milotic|Ice Beam|p2a: Rillaboom\n|-supereffective|p2a: Rillaboom\n|-damage|p2a: Rillaboom|70\/100\n|-status|p2a: Rillaboom|frz\n|\n|-heal|p2b: Roaring Moon|86\/100|[from] Grassy Terrain\n|-heal|p2a: Rillaboom|75\/100 frz|[from] Grassy Terrain\n|-heal|p1a: Rillaboom|94\/100|[from] Grassy Terrain\n|-heal|p1b: Milotic|94\/100|[from] Grassy Terrain\n|-heal|p1b: Milotic|99\/100|[from] item: Leftovers\n|upkeep\n|turn|3\n|inactive|WillWheelWoll has 30 seconds left.\n|\n|t:|1700222415\n|switch|p1a: Iron Treads|Iron Treads, L50|100\/100\n|cant|p2a: Rillaboom|frz\n|move|p2b: Roaring Moon|U-turn|p1a: Iron Treads\n|-resisted|p1a: Iron Treads\n|-damage|p1a: Iron Treads|84\/100\n|\n|t:|1700222421\n|-end|p2b: Roaring Moon|Protosynthesis|[silent]\n|switch|p2b: Sinistcha|Sinistcha-Masterpiece, L50|100\/100|[from] U-turn\n|-heal|p2a: Rillaboom|99\/100 frz|[from] ability: Hospitality|[of] p2b: Sinistcha\n|move|p1b: Milotic|Ice Beam|p2a: Rillaboom\n|-supereffective|p2a: Rillaboom\n|-damage|p2a: Rillaboom|69\/100 frz\n|\n|-heal|p1a: Iron Treads|91\/100|[from] Grassy Terrain\n|-heal|p2a: Rillaboom|75\/100 frz|[from] Grassy Terrain\n|-heal|p1b: Milotic|100\/100|[from] Grassy Terrain\n|upkeep\n|turn|4\n|\n|t:|1700222444\n|-terastallize|p1b: Milotic|Dragon\n|move|p1a: Iron Treads|Steel Roller|p2a: Rillaboom\n|-damage|p2a: Rillaboom|15\/100 frz\n|-fieldend|move: Grassy Terrain\n|cant|p2a: Rillaboom|frz\n|move|p1b: Milotic|Ice Beam|p2a: Rillaboom\n|-supereffective|p2a: Rillaboom\n|-damage|p2a: Rillaboom|0 fnt\n|faint|p2a: Rillaboom\n|move|p2b: Sinistcha|Matcha Gotcha|p1a: Iron Treads|[spread] p1a,p1b\n|-resisted|p1b: Milotic\n|-damage|p1a: Iron Treads|72\/100\n|-damage|p1b: Milotic|92\/100\n|\n|-heal|p1b: Milotic|98\/100|[from] item: Leftovers\n|upkeep\n|\n|t:|1700222453\n|switch|p2a: Landorus|Landorus-Therian, L50, M|100\/100\n|-ability|p2a: Landorus|Intimidate|boost\n|-unboost|p1a: Iron Treads|atk|1\n|-unboost|p1b: Milotic|atk|1\n|-ability|p1b: Milotic|Competitive|boost\n|-boost|p1b: Milotic|spa|2\n|turn|5\n|inactive|WillWheelWoll has 30 seconds left.\n|\n|t:|1700222479\n|-end|p1a: Iron Treads|Quark Drive|[silent]\n|switch|p1a: Iron Hands|Iron Hands, L50|100\/100\n|-terastallize|p2a: Landorus|Ice\n|move|p2a: Landorus|Tera Blast|p1b: Milotic|[anim] Tera Blast Ice\n|-supereffective|p1b: Milotic\n|-damage|p1b: Milotic|46\/100\n|move|p1b: Milotic|Ice Beam|p2a: Landorus\n|-resisted|p2a: Landorus\n|-damage|p2a: Landorus|74\/100\n|move|p2b: Sinistcha|Matcha Gotcha|p1b: Milotic|[spread] p1a,p1b\n|-resisted|p1b: Milotic\n|-damage|p1a: Iron Hands|80\/100\n|-damage|p1b: Milotic|37\/100\n|\n|-heal|p1b: Milotic|43\/100|[from] item: Leftovers\n|upkeep\n|turn|6\n|inactive|WillWheelWoll has 30 seconds left.\n|\n|t:|1700222506\n|switch|p1b: Iron Treads|Iron Treads, L50|72\/100\n|move|p2b: Sinistcha|Rage Powder|p2b: Sinistcha\n|-singleturn|p2b: Sinistcha|move: Rage Powder\n|move|p2a: Landorus|Tera Blast|p1b: Iron Treads|[anim] Tera Blast Ice\n|-damage|p1b: Iron Treads|46\/100\n|move|p1a: Iron Hands|Drain Punch|p2b: Sinistcha\n|-immune|p2b: Sinistcha\n|\n|upkeep\n|turn|7\n|\n|t:|1700222521\n|move|p2a: Landorus|Tera Blast|p1b: Iron Treads|[anim] Tera Blast Ice\n|-damage|p1b: Iron Treads|19\/100\n|move|p1b: Iron Treads|Iron Head|p2a: Landorus\n|-supereffective|p2a: Landorus\n|-damage|p2a: Landorus|0 fnt\n|faint|p2a: Landorus\n|move|p2b: Sinistcha|Matcha Gotcha|p1a: Iron Hands|[spread] p1a,p1b\n|-damage|p1a: Iron Hands|59\/100\n|-damage|p1b: Iron Treads|2\/100\n|-status|p1a: Iron Hands|brn\n|move|p1a: Iron Hands|Swords Dance|p1a: Iron Hands\n|-boost|p1a: Iron Hands|atk|2\n|\n|-damage|p1a: Iron Hands|53\/100 brn|[from] brn\n|upkeep\n|\n|t:|1700222526\n|switch|p2a: Roaring Moon|Roaring Moon, L50|86\/100\n|turn|8\n|\n|t:|1700222543\n|-end|p1b: Iron Treads|Quark Drive|[silent]\n|switch|p1b: Rillaboom|Rillaboom, L50, M|94\/100\n|-fieldstart|move: Grassy Terrain|[from] ability: Grassy Surge|[of] p1b: Rillaboom\n|move|p2b: Sinistcha|Rage Powder|p2b: Sinistcha\n|-singleturn|p2b: Sinistcha|move: Rage Powder\n|move|p2a: Roaring Moon|Rock Slide|p1a: Iron Hands|[spread] p1a,p1b\n|-resisted|p1a: Iron Hands\n|-damage|p1a: Iron Hands|42\/100 brn\n|-damage|p1b: Rillaboom|68\/100\n|move|p1a: Iron Hands|Ice Punch|p2b: Sinistcha\n|-supereffective|p2b: Sinistcha\n|-damage|p2b: Sinistcha|59\/100\n|\n|-heal|p2a: Roaring Moon|92\/100|[from] Grassy Terrain\n|-heal|p1b: Rillaboom|73\/100|[from] Grassy Terrain\n|-heal|p2b: Sinistcha|66\/100|[from] Grassy Terrain\n|-heal|p1a: Iron Hands|48\/100 brn|[from] Grassy Terrain\n|-damage|p1a: Iron Hands|42\/100 brn|[from] brn\n|upkeep\n|turn|9\n|inactive|WillWheelWoll has 30 seconds left.\n|\n|t:|1700222572\n|move|p1b: Rillaboom|Grassy Glide|p2b: Sinistcha\n|-resisted|p2b: Sinistcha\n|-damage|p2b: Sinistcha|48\/100\n|-enditem|p2b: Sinistcha|Sitrus Berry|[eat]\n|-heal|p2b: Sinistcha|73\/100|[from] item: Sitrus Berry\n|move|p2a: Roaring Moon|Rock Slide|p1b: Rillaboom|[spread] p1b\n|-miss|p2a: Roaring Moon|p1a: Iron Hands\n|-damage|p1b: Rillaboom|44\/100\n|move|p2b: Sinistcha|Life Dew|p2b: Sinistcha|[spread] p2a,p2b\n|-heal|p2a: Roaring Moon|100\/100\n|-heal|p2b: Sinistcha|98\/100\n|move|p1a: Iron Hands|Ice Punch|p2b: Sinistcha\n|-supereffective|p2b: Sinistcha\n|-damage|p2b: Sinistcha|58\/100\n|\n|-heal|p1b: Rillaboom|50\/100|[from] Grassy Terrain\n|-heal|p2b: Sinistcha|64\/100|[from] Grassy Terrain\n|-heal|p1a: Iron Hands|48\/100 brn|[from] Grassy Terrain\n|-damage|p1a: Iron Hands|42\/100 brn|[from] brn\n|upkeep\n|turn|10\n|inactive|WillWheelWoll has 30 seconds left.\n|\n|t:|1700222598\n|-end|p1a: Iron Hands|Quark Drive|[silent]\n|switch|p1a: Milotic|Milotic, L50, F, tera:Dragon|43\/100\n|move|p2a: Roaring Moon|Rock Slide|p1b: Rillaboom|[spread] p1a,p1b\n|-damage|p1a: Milotic|19\/100\n|-damage|p1b: Rillaboom|20\/100\n|cant|p1b: Rillaboom|flinch\n|move|p2b: Sinistcha|Life Dew||[still]|[spread] p2a,p2b\n|-fail|p2a: Roaring Moon|heal\n|-heal|p2b: Sinistcha|89\/100\n|\n|-heal|p1b: Rillaboom|26\/100|[from] Grassy Terrain\n|-heal|p1a: Milotic|25\/100|[from] Grassy Terrain\n|-heal|p1a: Milotic|31\/100|[from] item: Leftovers\n|-heal|p2b: Sinistcha|95\/100|[from] Grassy Terrain\n|upkeep\n|turn|11\n|\n|t:|1700222621\n|move|p1b: Rillaboom|Protect|p1b: Rillaboom\n|-singleturn|p1b: Rillaboom|Protect\n|move|p2a: Roaring Moon|Rock Slide|p1a: Milotic|[spread] p1a\n|-activate|p1b: Rillaboom|move: Protect\n|-damage|p1a: Milotic|8\/100\n|move|p1a: Milotic|Draining Kiss|p2a: Roaring Moon\n|-supereffective|p2a: Roaring Moon\n|-damage|p2a: Roaring Moon|59\/100\n|-heal|p1a: Milotic|36\/100|[from] drain|[of] p2a: Roaring Moon\n|move|p2b: Sinistcha|Matcha Gotcha|p1a: Milotic|[spread] p1a\n|-activate|p1b: Rillaboom|move: Protect\n|-resisted|p1a: Milotic\n|-damage|p1a: Milotic|25\/100\n|-heal|p2b: Sinistcha|100\/100|[from] drain|[of] p1a: Milotic\n|\n|-heal|p2a: Roaring Moon|65\/100|[from] Grassy Terrain\n|-heal|p1b: Rillaboom|32\/100|[from] Grassy Terrain\n|-heal|p1a: Milotic|31\/100|[from] Grassy Terrain\n|-heal|p1a: Milotic|37\/100|[from] item: Leftovers\n|upkeep\n|turn|12\n|inactive|WillWheelWoll has 30 seconds left.\n|\n|t:|1700222650\n|switch|p1b: Iron Treads|Iron Treads, L50|2\/100\n|move|p2b: Sinistcha|Rage Powder|p2b: Sinistcha\n|-singleturn|p2b: Sinistcha|move: Rage Powder\n|move|p2a: Roaring Moon|Rock Slide|p1b: Iron Treads|[spread] p1a,p1b\n|-resisted|p1b: Iron Treads\n|-damage|p1a: Milotic|10\/100\n|-damage|p1b: Iron Treads|0 fnt\n|faint|p1b: Iron Treads\n|-end|p1b: Iron Treads|Quark Drive|[silent]\n|move|p1a: Milotic|Draining Kiss|p2b: Sinistcha\n|-damage|p2b: Sinistcha|87\/100\n|-heal|p1a: Milotic|19\/100|[from] drain|[of] p2b: Sinistcha\n|\n|-heal|p2a: Roaring Moon|71\/100|[from] Grassy Terrain\n|-heal|p1a: Milotic|25\/100|[from] Grassy Terrain\n|-heal|p1a: Milotic|31\/100|[from] item: Leftovers\n|-heal|p2b: Sinistcha|93\/100|[from] Grassy Terrain\n|-fieldend|move: Grassy Terrain\n|upkeep\n|\n|t:|1700222666\n|switch|p1b: Rillaboom|Rillaboom, L50, M|32\/100\n|-fieldstart|move: Grassy Terrain|[from] ability: Grassy Surge|[of] p1b: Rillaboom\n|turn|13\n|\n|t:|1700222687\n|move|p2b: Sinistcha|Rage Powder|p2b: Sinistcha\n|-singleturn|p2b: Sinistcha|move: Rage Powder\n|move|p1b: Rillaboom|Grassy Glide|p2b: Sinistcha\n|-resisted|p2b: Sinistcha\n|-damage|p2b: Sinistcha|78\/100\n|move|p2a: Roaring Moon|Rock Slide|p1a: Milotic|[spread] p1a,p1b\n|-crit|p1b: Rillaboom\n|-damage|p1a: Milotic|6\/100\n|-damage|p1b: Rillaboom|0 fnt\n|faint|p1b: Rillaboom\n|move|p1a: Milotic|Ice Beam|p2b: Sinistcha\n|-supereffective|p2b: Sinistcha\n|-damage|p2b: Sinistcha|26\/100\n|\n|-heal|p2a: Roaring Moon|77\/100|[from] Grassy Terrain\n|-heal|p1a: Milotic|12\/100|[from] Grassy Terrain\n|-heal|p1a: Milotic|18\/100|[from] item: Leftovers\n|-heal|p2b: Sinistcha|33\/100|[from] Grassy Terrain\n|upkeep\n|\n|t:|1700222703\n|switch|p1b: Iron Hands|Iron Hands, L50|42\/100 brn\n|turn|14\n|\n|t:|1700222720\n|move|p2b: Sinistcha|Rage Powder|p2b: Sinistcha\n|-singleturn|p2b: Sinistcha|move: Rage Powder\n|move|p2a: Roaring Moon|Rock Slide|p1b: Iron Hands|[spread] p1a,p1b\n|-resisted|p1b: Iron Hands\n|-damage|p1a: Milotic|0 fnt\n|-damage|p1b: Iron Hands|32\/100 brn\n|faint|p1a: Milotic\n|move|p1b: Iron Hands|Swords Dance|p1b: Iron Hands\n|-boost|p1b: Iron Hands|atk|2\n|\n|-heal|p2a: Roaring Moon|83\/100|[from] Grassy Terrain\n|-heal|p2b: Sinistcha|39\/100|[from] Grassy Terrain\n|-heal|p1b: Iron Hands|38\/100 brn|[from] Grassy Terrain\n|-damage|p1b: Iron Hands|32\/100 brn|[from] brn\n|upkeep\n|turn|15\n|\n|t:|1700222734\n|move|p2b: Sinistcha|Rage Powder|p2b: Sinistcha\n|-singleturn|p2b: Sinistcha|move: Rage Powder\n|move|p2a: Roaring Moon|Rock Slide|p1b: Iron Hands\n|-resisted|p1b: Iron Hands\n|-damage|p1b: Iron Hands|18\/100 brn\n|move|p1b: Iron Hands|Drain Punch|p2b: Sinistcha\n|-immune|p2b: Sinistcha\n|\n|-heal|p2a: Roaring Moon|89\/100|[from] Grassy Terrain\n|-heal|p2b: Sinistcha|45\/100|[from] Grassy Terrain\n|-heal|p1b: Iron Hands|24\/100 brn|[from] Grassy Terrain\n|-damage|p1b: Iron Hands|18\/100 brn|[from] brn\n|upkeep\n|turn|16\n|\n|t:|1700222741\n|move|p2b: Sinistcha|Rage Powder|p2b: Sinistcha\n|-singleturn|p2b: Sinistcha|move: Rage Powder\n|move|p2a: Roaring Moon|Rock Slide|p1b: Iron Hands\n|-resisted|p1b: Iron Hands\n|-damage|p1b: Iron Hands|4\/100 brn\n|move|p1b: Iron Hands|Ice Punch|p2b: Sinistcha\n|-supereffective|p2b: Sinistcha\n|-crit|p2b: Sinistcha\n|-damage|p2b: Sinistcha|0 fnt\n|faint|p2b: Sinistcha\n|\n|-heal|p2a: Roaring Moon|95\/100|[from] Grassy Terrain\n|-heal|p1b: Iron Hands|10\/100 brn|[from] Grassy Terrain\n|-damage|p1b: Iron Hands|4\/100 brn|[from] brn\n|upkeep\n|turn|17\n|\n|t:|1700222754\n|move|p2a: Roaring Moon|Rock Slide|p1b: Iron Hands|[miss]\n|-miss|p2a: Roaring Moon|p1b: Iron Hands\n|move|p1b: Iron Hands|Drain Punch|p2a: Roaring Moon\n|-supereffective|p2a: Roaring Moon\n|-damage|p2a: Roaring Moon|0 fnt\n|-heal|p1b: Iron Hands|39\/100 brn|[from] drain|[of] p2a: Roaring Moon\n|faint|p2a: Roaring Moon\n|-end|p2a: Roaring Moon|Protosynthesis|[silent]\n|\n|win|WillWheelWoll\n|raw|WillWheelWoll's rating: 1115 &rarr; <strong>1150<\/strong><br \/>(+35 for winning)\n|raw|Barry Baksteen's rating: 1262 &rarr; <strong>1227<\/strong><br \/>(-35 for losing)\n","uploadtime":1700222763,"views":13,"p1id":"willwheelwoll","p2id":"barrybaksteen","formatid":"gen9vgc2023regulatione","rating":1150,"private":0,"password":""}