{"id":"gen9vgc2023regulatione-1993407064","p1":"YoTesting","p2":"Blanc&GibleVGC","format":"[Gen 9] VGC 2023 Regulation E","log":"|j|\u2606YoTesting\n|j|\u2606Blanc&GibleVGC\n|t:|1700313645\n|gametype|doubles\n|player|p1|YoTesting|102|1306\n|player|p2|Blanc&GibleVGC|psychic-gen4|1219\n|teamsize|p1|6\n|teamsize|p2|6\n|gen|9\n|tier|[Gen 9] VGC 2023 Regulation E\n|rated|\n|rule|Species Clause: Limit one of each Pok\u00e9mon\n|rule|Item Clause: Limit one of each item\n|clearpoke\n|poke|p1|Toxtricity, L50, M|\n|poke|p1|Sableye, L50, F|\n|poke|p1|Urshifu-*, L50, M|\n|poke|p1|Dragonite, L50, M|\n|poke|p1|Arcanine-Hisui, L50, M|\n|poke|p1|Chien-Pao, L50|\n|poke|p2|Kleavor, L50, F|\n|poke|p2|Arcanine, L50, M|\n|poke|p2|Ogerpon-Hearthflame, L50, F|\n|poke|p2|Iron Hands, L50|\n|poke|p2|Iron Bundle, L50|\n|poke|p2|Flutter Mane, L50|\n|teampreview|4\n|inactive|Battle timer is ON: inactive players will automatically lose when time's up. (requested by Blanc&GibleVGC)\n|inactive|YoTesting has 60 seconds left.\n|\n|t:|1700313683\n|start\n|switch|p1a: Toxtricity|Toxtricity, L50, M|100\/100\n|switch|p1b: Arcanine|Arcanine-Hisui, L50, M|100\/100\n|switch|p2a: Iron Hands|Iron Hands, L50|100\/100\n|switch|p2b: Kleavor|Kleavor, L50, F, shiny|100\/100\n|-ability|p1b: Arcanine|Intimidate|boost\n|-unboost|p2a: Iron Hands|atk|1\n|-unboost|p2b: Kleavor|atk|1\n|turn|1\n|inactive|YoTesting has 30 seconds left.\n|inactive|Blanc&GibleVGC has 30 seconds left.\n|\n|t:|1700313712\n|move|p2b: Kleavor|Rock Slide|p1b: Arcanine|[spread] p1a,p1b\n|-supereffective|p1b: Arcanine\n|-damage|p1a: Toxtricity|42\/100\n|-damage|p1b: Arcanine|5\/100\n|-enditem|p1b: Arcanine|Sitrus Berry|[eat]\n|-heal|p1b: Arcanine|30\/100|[from] item: Sitrus Berry\n|move|p1b: Arcanine|Rock Slide|p2a: Iron Hands|[spread] p2a,p2b\n|-resisted|p2a: Iron Hands\n|-supereffective|p2b: Kleavor\n|-damage|p2a: Iron Hands|91\/100\n|-damage|p2b: Kleavor|39\/100\n|move|p1a: Toxtricity|Sludge Bomb|p2b: Kleavor\n|-resisted|p2b: Kleavor\n|-damage|p2b: Kleavor|6\/100\n|-status|p2b: Kleavor|psn\n|move|p2a: Iron Hands|Drain Punch|p1b: Arcanine\n|-supereffective|p1b: Arcanine\n|-crit|p1b: Arcanine\n|-damage|p1b: Arcanine|0 fnt\n|-heal|p2a: Iron Hands|100\/100|[from] drain|[of] p1b: Arcanine\n|faint|p1b: Arcanine\n|\n|-damage|p2b: Kleavor|0 fnt|[from] psn\n|faint|p2b: Kleavor\n|upkeep\n|inactive|YoTesting has 30 seconds left.\n|inactive|YoTesting has 20 seconds left.\n|inactive|YoTesting has 15 seconds left.\n|inactive|YoTesting has 10 seconds left.\n|\n|t:|1700313760\n|switch|p2b: Iron Bundle|Iron Bundle, L50|100\/100\n|switch|p1b: Chien-Pao|Chien-Pao, L50|100\/100\n|-ability|p1b: Chien-Pao|Sword of Ruin\n|-enditem|p2b: Iron Bundle|Booster Energy\n|-activate|p2b: Iron Bundle|ability: Quark Drive|[fromitem]\n|-start|p2b: Iron Bundle|quarkdrivespe\n|turn|2\n|inactive|YoTesting has 30 seconds left.\n|\n|t:|1700313789\n|-terastallize|p2b: Iron Bundle|Ghost\n|-terastallize|p1b: Chien-Pao|Ghost\n|move|p2b: Iron Bundle|Hydro Pump|p1a: Toxtricity|[miss]\n|-miss|p2b: Iron Bundle|p1a: Toxtricity\n|move|p1b: Chien-Pao|Sacred Sword|p2b: Iron Bundle\n|-immune|p2b: Iron Bundle\n|move|p1a: Toxtricity|Boomburst|p2b: Iron Bundle|[spread] p2a\n|-immune|p1b: Chien-Pao\n|-immune|p2b: Iron Bundle\n|-damage|p2a: Iron Hands|78\/100\n|move|p2a: Iron Hands|Drain Punch|p1b: Chien-Pao\n|-immune|p1b: Chien-Pao\n|\n|upkeep\n|turn|3\n|inactive|YoTesting has 30 seconds left.\n|inactive|Blanc&GibleVGC has 30 seconds left.\n|\n|t:|1700313822\n|move|p2b: Iron Bundle|Protect|p2b: Iron Bundle\n|-singleturn|p2b: Iron Bundle|Protect\n|move|p1b: Chien-Pao|Crunch|p2b: Iron Bundle\n|-activate|p2b: Iron Bundle|move: Protect\n|move|p1a: Toxtricity|Boomburst|p2a: Iron Hands|[spread] p2a\n|-activate|p2b: Iron Bundle|move: Protect\n|-immune|p1b: Chien-Pao\n|-damage|p2a: Iron Hands|54\/100\n|move|p2a: Iron Hands|Wild Charge|p1b: Chien-Pao\n|-damage|p1b: Chien-Pao|54\/100\n|-damage|p2a: Iron Hands|46\/100|[from] Recoil\n|\n|upkeep\n|turn|4\n|inactive|Blanc&GibleVGC has 30 seconds left.\n|\n|t:|1700313856\n|-end|p2b: Iron Bundle|Quark Drive|[silent]\n|switch|p2b: Flutter Mane|Flutter Mane, L50|100\/100\n|move|p1b: Chien-Pao|Sucker Punch||[still]\n|-fail|p1b: Chien-Pao\n|move|p1a: Toxtricity|Boomburst|p2b: Flutter Mane|[spread] p2a\n|-immune|p1b: Chien-Pao\n|-immune|p2b: Flutter Mane\n|-damage|p2a: Iron Hands|22\/100\n|move|p2a: Iron Hands|Stomping Tantrum|p1a: Toxtricity\n|-supereffective|p1a: Toxtricity\n|-damage|p1a: Toxtricity|0 fnt\n|faint|p1a: Toxtricity\n|\n|upkeep\n|c|\u2606YoTesting|tutti io li trovo\n|\n|t:|1700313874\n|switch|p1a: Urshifu|Urshifu-Rapid-Strike, L50, M|100\/100\n|turn|5\n|inactive|YoTesting has 30 seconds left.\n|\n|t:|1700313909\n|move|p1b: Chien-Pao|Icicle Crash|p2b: Flutter Mane\n|-damage|p2b: Flutter Mane|6\/100\n|move|p2b: Flutter Mane|Dazzling Gleam|p1a: Urshifu|[spread] p1a,p1b\n|-supereffective|p1a: Urshifu\n|-damage|p1a: Urshifu|0 fnt\n|-damage|p1b: Chien-Pao|0 fnt\n|faint|p1a: Urshifu\n|faint|p1b: Chien-Pao\n|\n|win|Blanc&GibleVGC\n|raw|YoTesting's rating: 1306 &rarr; <strong>1281<\/strong><br \/>(-25 for losing)\n|raw|Blanc&amp;GibleVGC's rating: 1219 &rarr; <strong>1250<\/strong><br \/>(+31 for winning)\n|c|\u2606YoTesting|incredibile\n|l|\u2606YoTesting\n","uploadtime":1700313932,"views":17,"p1id":"yotesting","p2id":"blancgiblevgc","formatid":"gen9vgc2023regulatione","rating":1250,"private":0,"password":""}