{"id":"gen9vgc2023regulatione-2000059830","p1":"Golshi","p2":"FGC IRONGOD","format":"[Gen 9] VGC 2023 Regulation E","log":"|j|\u2606Golshi\n|j|\u2606FGC IRONGOD\n|t:|1701147657\n|gametype|doubles\n|player|p1|Golshi|lass|1429\n|player|p2|FGC IRONGOD|cynthia|1492\n|teamsize|p1|6\n|teamsize|p2|6\n|gen|9\n|tier|[Gen 9] VGC 2023 Regulation E\n|rated|\n|rule|Species Clause: Limit one of each Pok\u00e9mon\n|rule|Item Clause: Limit one of each item\n|clearpoke\n|poke|p1|Iron Hands, L50|\n|poke|p1|Landorus, L50, M|\n|poke|p1|Politoed, L50, M|\n|poke|p1|Chien-Pao, L50|\n|poke|p1|Tornadus, L50, M|\n|poke|p1|Tsareena, L50, F|\n|poke|p2|Iron Hands, L50|\n|poke|p2|Landorus-Therian, L50, M|\n|poke|p2|Sinistcha, L50|\n|poke|p2|Grimmsnarl, L50, M|\n|poke|p2|Goodra-Hisui, L50, F|\n|poke|p2|Toxapex, L50, F|\n|teampreview|4\n|inactive|Battle timer is ON: inactive players will automatically lose when time's up. (requested by Golshi)\n|inactive|Golshi has 60 seconds left.\n|inactive|FGC IRONGOD has 60 seconds left.\n|inactive|Golshi has 30 seconds left.\n|inactive|FGC IRONGOD has 30 seconds left.\n|inactive|Golshi has 20 seconds left.\n|inactive|FGC IRONGOD has 20 seconds left.\n|\n|t:|1701147728\n|start\n|switch|p1a: Landorus|Landorus, L50, M|100\/100\n|switch|p1b: Politoed|Politoed, L50, M|100\/100\n|switch|p2a: Grimmsnarl|Grimmsnarl, L50, M|100\/100\n|switch|p2b: Toxapex|Toxapex, L50, F|100\/100\n|-weather|RainDance|[from] ability: Drizzle|[of] p1b: Politoed\n|turn|1\n|inactive|FGC IRONGOD has 30 seconds left.\n|\n|t:|1701147760\n|switch|p1b: Tsareena|Tsareena, L50, F|100\/100\n|-terastallize|p2b: Toxapex|Dragon\n|move|p2a: Grimmsnarl|Light Screen|p2a: Grimmsnarl\n|-sidestart|p2: FGC IRONGOD|move: Light Screen\n|move|p1a: Landorus|Sandsear Storm|p2b: Toxapex|[spread] p2a,p2b\n|-damage|p2a: Grimmsnarl|70\/100\n|-damage|p2b: Toxapex|78\/100\n|move|p2b: Toxapex|Infestation|p1a: Landorus\n|-resisted|p1a: Landorus\n|-damage|p1a: Landorus|99\/100\n|-activate|p1a: Landorus|move: Infestation|[of] p2b: Toxapex\n|\n|-weather|RainDance|[upkeep]\n|-damage|p1a: Landorus|82\/100|[from] move: Infestation|[partiallytrapped]\n|upkeep\n|turn|2\n|inactive|Golshi has 30 seconds left.\n|\n|t:|1701147791\n|move|p2a: Grimmsnarl|Parting Shot||[still]\n|cant|p1b: Tsareena|ability: Queenly Majesty|Parting Shot|[of] p2a: Grimmsnarl\n|move|p1a: Landorus|Sandsear Storm|p2a: Grimmsnarl|[spread] p2a,p2b\n|-damage|p2a: Grimmsnarl|42\/100\n|-damage|p2b: Toxapex|53\/100\n|move|p1b: Tsareena|Trop Kick|p2a: Grimmsnarl\n|-damage|p2a: Grimmsnarl|15\/100\n|move|p2b: Toxapex|Infestation|p1b: Tsareena\n|-supereffective|p1b: Tsareena\n|-damage|p1b: Tsareena|94\/100\n|-activate|p1b: Tsareena|move: Infestation|[of] p2b: Toxapex\n|\n|-weather|RainDance|[upkeep]\n|-damage|p1a: Landorus|66\/100|[from] move: Infestation|[partiallytrapped]\n|-damage|p1b: Tsareena|77\/100|[from] move: Infestation|[partiallytrapped]\n|upkeep\n|turn|3\n|\n|t:|1701147809\n|move|p1a: Landorus|Sandsear Storm|p2a: Grimmsnarl|[spread] p2a,p2b\n|-damage|p2a: Grimmsnarl|0 fnt\n|-damage|p2b: Toxapex|32\/100\n|faint|p2a: Grimmsnarl\n|move|p1b: Tsareena|Knock Off|p2b: Toxapex\n|-damage|p2b: Toxapex|13\/100\n|-enditem|p2b: Toxapex|Binding Band|[from] move: Knock Off|[of] p1b: Tsareena\n|move|p2b: Toxapex|Recover|p2b: Toxapex\n|-heal|p2b: Toxapex|63\/100\n|\n|-weather|RainDance|[upkeep]\n|-damage|p1a: Landorus|49\/100|[from] move: Infestation|[partiallytrapped]\n|-damage|p1b: Tsareena|61\/100|[from] move: Infestation|[partiallytrapped]\n|upkeep\n|\n|t:|1701147825\n|switch|p2a: Iron Hands|Iron Hands, L50|100\/100\n|turn|4\n|\n|t:|1701147842\n|move|p1b: Tsareena|Helping Hand|p1a: Landorus\n|-singleturn|p1a: Landorus|Helping Hand|[of] p1b: Tsareena\n|move|p2a: Iron Hands|Fake Out||[still]\n|cant|p1b: Tsareena|ability: Queenly Majesty|Fake Out|[of] p2a: Iron Hands\n|move|p1a: Landorus|Sandsear Storm|p2a: Iron Hands|[spread] p2a,p2b\n|-supereffective|p2a: Iron Hands\n|-damage|p2a: Iron Hands|48\/100\n|-damage|p2b: Toxapex|25\/100\n|move|p2b: Toxapex|Substitute|p2b: Toxapex\n|-fail|p2b: Toxapex|move: Substitute|[weak]\n|\n|-weather|RainDance|[upkeep]\n|-damage|p1a: Landorus|33\/100|[from] move: Infestation|[partiallytrapped]\n|-damage|p1b: Tsareena|45\/100|[from] move: Infestation|[partiallytrapped]\n|upkeep\n|turn|5\n|c|\u2606FGC IRONGOD|im stupid\n|\n|t:|1701147863\n|move|p1b: Tsareena|Helping Hand|p1a: Landorus\n|-singleturn|p1a: Landorus|Helping Hand|[of] p1b: Tsareena\n|move|p2b: Toxapex|Baneful Bunker|p2b: Toxapex\n|-singleturn|p2b: Toxapex|move: Protect\n|move|p1a: Landorus|Sandsear Storm|p2b: Toxapex|[spread] p2a\n|-activate|p2b: Toxapex|move: Protect\n|-supereffective|p2a: Iron Hands\n|-damage|p2a: Iron Hands|0 fnt\n|faint|p2a: Iron Hands\n|-end|p2a: Iron Hands|Quark Drive|[silent]\n|\n|-weather|none\n|-end|p1a: Landorus|Infestation|[partiallytrapped]\n|-damage|p1b: Tsareena|28\/100|[from] move: Infestation|[partiallytrapped]\n|-sideend|p2: FGC IRONGOD|move: Light Screen\n|upkeep\n|\n|t:|1701147871\n|switch|p2a: Goodra|Goodra-Hisui, L50, F|100\/100\n|turn|6\n|\n|t:|1701147884\n|move|p1b: Tsareena|Helping Hand|p1a: Landorus\n|-singleturn|p1a: Landorus|Helping Hand|[of] p1b: Tsareena\n|move|p2b: Toxapex|Baneful Bunker||[still]\n|-fail|p2b: Toxapex\n|move|p1a: Landorus|Sandsear Storm|p2b: Toxapex|[spread] p2a,p2b\n|-supereffective|p2a: Goodra\n|-damage|p2a: Goodra|7\/100\n|-damage|p2b: Toxapex|0 fnt\n|faint|p2b: Toxapex\n|move|p2a: Goodra|Heavy Slam|p1a: Landorus\n|-damage|p1a: Landorus|0 fnt\n|faint|p1a: Landorus\n|\n|-heal|p2a: Goodra|13\/100|[from] item: Leftovers\n|-end|p1b: Tsareena|Infestation|[partiallytrapped]\n|upkeep\n|\n|t:|1701147898\n|switch|p1a: Chien-Pao|Chien-Pao, L50|100\/100\n|-ability|p1a: Chien-Pao|Sword of Ruin\n|turn|7\n|-message|FGC IRONGOD forfeited.\n|\n|win|Golshi\n|raw|Golshi's rating: 1429 &rarr; <strong>1453<\/strong><br \/>(+24 for winning)\n|raw|FGC IRONGOD's rating: 1492 &rarr; <strong>1468<\/strong><br \/>(-24 for losing)\n|l|\u2606FGC IRONGOD\n","uploadtime":1701147914,"views":4,"p1id":"golshi","p2id":"fgcirongod","formatid":"gen9vgc2023regulatione","rating":1453,"private":0,"password":""}