{"id":"gen9vgc2023regulatione-2000080067","p1":"Okaywut","p2":"FunkyColdRegirock","format":"[Gen 9] VGC 2023 Regulation E","log":"|j|\u2606Okaywut\n|j|\u2606FunkyColdRegirock\n|t:|1701151027\n|gametype|doubles\n|player|p1|Okaywut|266|\n|player|p2|FunkyColdRegirock|102|\n|teamsize|p1|6\n|teamsize|p2|6\n|gen|9\n|tier|[Gen 9] VGC 2023 Regulation E\n|rated|Tournament battle\n|rule|Species Clause: Limit one of each Pok\u00e9mon\n|rule|Item Clause: Limit one of each item\n|clearpoke\n|poke|p1|Rillaboom, L50, F|\n|poke|p1|Urshifu-*, L50, F|\n|poke|p1|Tornadus, L50, M|\n|poke|p1|Landorus-Therian, L50, M|\n|poke|p1|Zapdos, L50|\n|poke|p1|Arcanine-Hisui, L50, M|\n|poke|p2|Ogerpon, L50, F|\n|poke|p2|Urshifu-*, L50, M|\n|poke|p2|Gholdengo, L50|\n|poke|p2|Arcanine-Hisui, L50, M|\n|poke|p2|Iron Hands, L50|\n|poke|p2|Tornadus, L50, M|\n|teampreview|4\n|showteam|p1|Rillaboom||AssaultVest|GrassySurge|WoodHammer,Uturn,GrassyGlide,FakeOut|||F|||50|,,,,,Poison]Urshifu-Rapid-Strike||MysticWater|UnseenFist|SurgingStrikes,AquaJet,CloseCombat,Detect|||F|||50|,,,,,Water]Tornadus||CovertCloak|Prankster|BleakwindStorm,Taunt,RainDance,Tailwind|||M|||50|,,,,,Steel]Landorus-Therian||ChoiceScarf|Intimidate|StompingTantrum,TeraBlast,RockSlide,Uturn|||M|||50|,,,,,Flying]Zapdos||RockyHelmet|Static|Thunderbolt,Hurricane,Roost,Detect||||||50|,,,,,Electric]Arcanine-Hisui||SitrusBerry|Intimidate|FlareBlitz,RockSlide,ExtremeSpeed,Protect|||M|||50|,,,,,Fairy\n|showteam|p2|Ogerpon||RazorClaw|Defiant|IvyCudgel,StompingTantrum,FollowMe,SpikyShield|||F|||50|,,,,,Grass]Urshifu-Rapid-Strike||MysticWater|UnseenFist|SurgingStrikes,CloseCombat,AquaJet,Detect|||M|||50|,,,,,Poison]Gholdengo||MetalCoat|GoodasGold|MakeItRain,ShadowBall,NastyPlot,Protect||||||50|,,,,,Dragon]Arcanine-Hisui||ChoiceBand|Intimidate|FlareBlitz,RockSlide,TeraBlast,ExtremeSpeed|||M|||50|,,,,,Fairy]Iron Hands||AssaultVest|QuarkDrive|FakeOut,WildCharge,DrainPunch,HeavySlam||||||50|,,,,,Grass]Tornadus||CovertCloak|Prankster|BleakwindStorm,Tailwind,Taunt,Protect|||M|||50|,,,,,Dark\n|j| Frostyvap\n|\n|t:|1701151114\n|start\n|switch|p1a: Zapdos|Zapdos, L50|100\/100\n|switch|p1b: Tornadus|Tornadus, L50, M|100\/100\n|switch|p2a: Tornadus|Tornadus, L50, M|100\/100\n|switch|p2b: Kotonowaka|Arcanine-Hisui, L50, M|100\/100\n|-ability|p2b: Kotonowaka|Intimidate|boost\n|-unboost|p1a: Zapdos|atk|1\n|-unboost|p1b: Tornadus|atk|1\n|turn|1\n|\n|t:|1701151142\n|-terastallize|p1a: Zapdos|Electric\n|-terastallize|p2a: Tornadus|Dark\n|move|p1b: Tornadus|Tailwind|p1b: Tornadus\n|-sidestart|p1: Okaywut|move: Tailwind\n|move|p2a: Tornadus|Tailwind|p2a: Tornadus\n|-sidestart|p2: FunkyColdRegirock|move: Tailwind\n|move|p1a: Zapdos|Thunderbolt|p2a: Tornadus\n|-damage|p2a: Tornadus|40\/100\n|move|p2b: Kotonowaka|Rock Slide|p1a: Zapdos|[spread] p1a,p1b\n|-supereffective|p1b: Tornadus\n|-damage|p1a: Zapdos|64\/100\n|-damage|p1b: Tornadus|0 fnt\n|faint|p1b: Tornadus\n|\n|upkeep\n|\n|t:|1701151156\n|switch|p1b: Landorus|Landorus-Therian, L50, M|100\/100\n|-ability|p1b: Landorus|Intimidate|boost\n|-unboost|p2a: Tornadus|atk|1\n|-unboost|p2b: Kotonowaka|atk|1\n|turn|2\n|\n|t:|1701151184\n|switch|p2b: Asanoyama|Ogerpon, L50, F|100\/100\n|move|p1b: Landorus|U-turn|p2a: Tornadus\n|-supereffective|p2a: Tornadus\n|-damage|p2a: Tornadus|0 fnt\n|faint|p2a: Tornadus\n|\n|t:|1701151190\n|switch|p1b: Rillaboom|Rillaboom, L50, F|100\/100|[from] U-turn\n|-fieldstart|move: Grassy Terrain|[from] ability: Grassy Surge|[of] p1b: Rillaboom\n|move|p1a: Zapdos|Thunderbolt|p2b: Asanoyama\n|-resisted|p2b: Asanoyama\n|-damage|p2b: Asanoyama|79\/100\n|-status|p2b: Asanoyama|par\n|\n|-heal|p1a: Zapdos|70\/100|[from] Grassy Terrain\n|-heal|p2b: Asanoyama|85\/100 par|[from] Grassy Terrain\n|upkeep\n|\n|t:|1701151204\n|switch|p2a: Kotonowaka|Arcanine-Hisui, L50, M|100\/100\n|-ability|p2a: Kotonowaka|Intimidate|boost\n|-unboost|p1a: Zapdos|atk|1\n|-unboost|p1b: Rillaboom|atk|1\n|turn|3\n|\n|t:|1701151243\n|move|p1b: Rillaboom|Fake Out|p2a: Kotonowaka\n|-resisted|p2a: Kotonowaka\n|-damage|p2a: Kotonowaka|94\/100\n|move|p2b: Asanoyama|Follow Me|p2b: Asanoyama\n|-singleturn|p2b: Asanoyama|move: Follow Me\n|move|p1a: Zapdos|Thunderbolt|p2b: Asanoyama\n|-resisted|p2b: Asanoyama\n|-damage|p2b: Asanoyama|61\/100 par\n|cant|p2a: Kotonowaka|flinch\n|\n|-heal|p2a: Kotonowaka|100\/100|[from] Grassy Terrain\n|-heal|p1a: Zapdos|76\/100|[from] Grassy Terrain\n|-heal|p2b: Asanoyama|67\/100 par|[from] Grassy Terrain\n|upkeep\n|turn|4\n|\n|t:|1701151265\n|switch|p1b: Landorus|Landorus-Therian, L50, M|100\/100\n|-ability|p1b: Landorus|Intimidate|boost\n|-unboost|p2a: Kotonowaka|atk|1\n|-unboost|p2b: Asanoyama|atk|1\n|-ability|p2b: Asanoyama|Defiant|boost\n|-boost|p2b: Asanoyama|atk|2\n|move|p2b: Asanoyama|Follow Me|p2b: Asanoyama\n|-singleturn|p2b: Asanoyama|move: Follow Me\n|move|p2a: Kotonowaka|Flare Blitz|p1b: Landorus\n|-damage|p1b: Landorus|22\/100\n|-status|p1b: Landorus|brn\n|-damage|p2a: Kotonowaka|76\/100|[from] Recoil\n|move|p1a: Zapdos|Thunderbolt|p2b: Asanoyama\n|-resisted|p2b: Asanoyama\n|-damage|p2b: Asanoyama|43\/100 par\n|\n|-heal|p1a: Zapdos|82\/100|[from] Grassy Terrain\n|-heal|p2a: Kotonowaka|82\/100|[from] Grassy Terrain\n|-heal|p2b: Asanoyama|49\/100 par|[from] Grassy Terrain\n|-damage|p1b: Landorus|16\/100 brn|[from] brn\n|-sideend|p2: FunkyColdRegirock|move: Tailwind\n|-sideend|p1: Okaywut|move: Tailwind\n|upkeep\n|turn|5\n|\n|t:|1701151306\n|move|p1b: Landorus|U-turn|p2b: Asanoyama\n|-supereffective|p2b: Asanoyama\n|-damage|p2b: Asanoyama|20\/100 par\n|\n|t:|1701151308\n|switch|p1b: Rillaboom|Rillaboom, L50, F|100\/100|[from] U-turn\n|move|p2a: Kotonowaka|Flare Blitz|p1a: Zapdos\n|-damage|p1a: Zapdos|29\/100\n|-damage|p2a: Kotonowaka|66\/100|[from] item: Rocky Helmet|[of] p1a: Zapdos\n|-status|p2a: Kotonowaka|par|[from] ability: Static|[of] p1a: Zapdos\n|-damage|p2a: Kotonowaka|47\/100 par|[from] Recoil\n|move|p1a: Zapdos|Thunderbolt|p2a: Kotonowaka\n|-damage|p2a: Kotonowaka|0 fnt\n|faint|p2a: Kotonowaka\n|move|p2b: Asanoyama|Ivy Cudgel|p1b: Rillaboom\n|-resisted|p1b: Rillaboom\n|-crit|p1b: Rillaboom\n|-damage|p1b: Rillaboom|39\/100\n|\n|-heal|p1a: Zapdos|35\/100|[from] Grassy Terrain\n|-heal|p1b: Rillaboom|45\/100|[from] Grassy Terrain\n|-heal|p2b: Asanoyama|26\/100 par|[from] Grassy Terrain\n|upkeep\n|\n|t:|1701151325\n|switch|p2a: Hoshoryu|Urshifu-Rapid-Strike, L50, M|100\/100\n|turn|6\n|\n|t:|1701151338\n|move|p2a: Hoshoryu|Detect|p2a: Hoshoryu\n|-singleturn|p2a: Hoshoryu|Protect\n|move|p2b: Asanoyama|Spiky Shield|p2b: Asanoyama\n|-singleturn|p2b: Asanoyama|move: Protect\n|move|p1b: Rillaboom|Fake Out|p2a: Hoshoryu\n|-activate|p2a: Hoshoryu|move: Protect\n|move|p1a: Zapdos|Roost|p1a: Zapdos\n|-heal|p1a: Zapdos|85\/100\n|\n|-heal|p1a: Zapdos|90\/100|[from] Grassy Terrain\n|-heal|p1b: Rillaboom|51\/100|[from] Grassy Terrain\n|-heal|p2b: Asanoyama|32\/100 par|[from] Grassy Terrain\n|-fieldend|move: Grassy Terrain\n|upkeep\n|turn|7\n|\n|t:|1701151374\n|move|p2a: Hoshoryu|Close Combat|p1b: Rillaboom\n|-damage|p1b: Rillaboom|0 fnt\n|-unboost|p2a: Hoshoryu|def|1\n|-unboost|p2a: Hoshoryu|spd|1\n|faint|p1b: Rillaboom\n|move|p1a: Zapdos|Thunderbolt|p2a: Hoshoryu\n|-supereffective|p2a: Hoshoryu\n|-damage|p2a: Hoshoryu|0 fnt\n|faint|p2a: Hoshoryu\n|cant|p2b: Asanoyama|par\n|\n|upkeep\n|\n|t:|1701151384\n|switch|p1b: Landorus|Landorus-Therian, L50, M|16\/100 brn\n|-ability|p1b: Landorus|Intimidate|boost\n|-unboost|p2b: Asanoyama|atk|1\n|-ability|p2b: Asanoyama|Defiant|boost\n|-boost|p2b: Asanoyama|atk|2\n|turn|8\n|\n|t:|1701151405\n|move|p2b: Asanoyama|Spiky Shield|p2b: Asanoyama\n|-singleturn|p2b: Asanoyama|move: Protect\n|move|p1b: Landorus|U-turn|p2b: Asanoyama\n|-activate|p2b: Asanoyama|move: Protect\n|-damage|p1b: Landorus|3\/100 brn|[from] Spiky Shield|[of] p2b: Asanoyama\n|move|p1a: Zapdos|Thunderbolt|p2b: Asanoyama\n|-activate|p2b: Asanoyama|move: Protect\n|\n|-damage|p1b: Landorus|0 fnt|[from] brn\n|faint|p1b: Landorus\n|upkeep\n|turn|9\n|\n|t:|1701151421\n|move|p1a: Zapdos|Thunderbolt|p2b: Asanoyama\n|-resisted|p2b: Asanoyama\n|-damage|p2b: Asanoyama|8\/100 par\n|cant|p2b: Asanoyama|par\n|\n|upkeep\n|turn|10\n|l| Frostyvap\n|\n|t:|1701151432\n|move|p1a: Zapdos|Thunderbolt|p2b: Asanoyama\n|-resisted|p2b: Asanoyama\n|-damage|p2b: Asanoyama|0 fnt\n|faint|p2b: Asanoyama\n|\n|win|Okaywut\n|n|\u2606Okaywut|okaywut\n|n|\u2606FunkyColdRegirock|funkycoldregirock\n|l|\u2606FunkyColdRegirock\n","uploadtime":1701151824,"views":4,"p1id":"okaywut","p2id":"funkycoldregirock","formatid":"gen9vgc2023regulatione","rating":0,"private":0,"password":""}