{"id":"gen9vgc2023regulatione-1993741548","p1":"varanoluano","p2":"AvianRoseline","format":"[Gen 9] VGC 2023 Regulation E","log":"|j|\u2606varanoluano\n|j|\u2606AvianRoseline\n|t:|1700351762\n|gametype|doubles\n|player|p1|varanoluano|clown|1113\n|player|p2|AvianRoseline|cynthia-gen4|1103\n|teamsize|p1|6\n|teamsize|p2|6\n|gen|9\n|tier|[Gen 9] VGC 2023 Regulation E\n|rated|\n|rule|Species Clause: Limit one of each Pok\u00e9mon\n|rule|Item Clause: Limit one of each item\n|clearpoke\n|poke|p1|Roaring Moon, L50|\n|poke|p1|Torkoal, L50, M|\n|poke|p1|Goodra-Hisui, L50, F|\n|poke|p1|Regieleki, L50|\n|poke|p1|Grimmsnarl, L50, M|\n|poke|p1|Enamorus-Therian, L50, F|\n|poke|p2|Amoonguss, L50, F|\n|poke|p2|Snorlax, L50, F|\n|poke|p2|Ogerpon-Hearthflame, L50, F|\n|poke|p2|Cresselia, L50, F|\n|poke|p2|Baxcalibur, L50, F|\n|poke|p2|Glastrier, L50|\n|teampreview|4\n|inactive|Battle timer is ON: inactive players will automatically lose when time's up. (requested by varanoluano)\n|\n|t:|1700351782\n|start\n|switch|p1a: Regieleki|Regieleki, L50|100\/100\n|switch|p1b: Roaring Moon|Roaring Moon, L50|100\/100\n|switch|p2a: Support Madness|Cresselia, L50, F, shiny|100\/100\n|switch|p2b: Snoozelax|Snorlax, L50, F, shiny|100\/100\n|turn|1\n|\n|t:|1700351801\n|-terastallize|p2b: Snoozelax|Fairy\n|move|p1a: Regieleki|Electroweb|p2a: Support Madness|[spread] p2a,p2b\n|-damage|p2a: Support Madness|86\/100\n|-damage|p2b: Snoozelax|86\/100\n|-unboost|p2a: Support Madness|spe|1\n|-unboost|p2b: Snoozelax|spe|1\n|move|p1b: Roaring Moon|Knock Off|p2a: Support Madness\n|-supereffective|p2a: Support Madness\n|-crit|p2a: Support Madness\n|-damage|p2a: Support Madness|0 fnt\n|-enditem|p2a: Support Madness|Mental Herb|[from] move: Knock Off|[of] p1b: Roaring Moon\n|faint|p2a: Support Madness\n|move|p2b: Snoozelax|Belly Drum|p2b: Snoozelax\n|-damage|p2b: Snoozelax|36\/100\n|-setboost|p2b: Snoozelax|atk|6|[from] move: Belly Drum\n|\n|upkeep\n|\n|t:|1700351818\n|switch|p2a: Amoonguss|Amoonguss, L50, F, shiny|100\/100\n|turn|2\n|\n|t:|1700351829\n|move|p2a: Amoonguss|Rage Powder|p2a: Amoonguss\n|-singleturn|p2a: Amoonguss|move: Rage Powder\n|move|p1a: Regieleki|Thunderbolt|p2a: Amoonguss\n|-resisted|p2a: Amoonguss\n|-damage|p2a: Amoonguss|74\/100\n|move|p1b: Roaring Moon|Knock Off|p2a: Amoonguss\n|-damage|p2a: Amoonguss|31\/100\n|-enditem|p2a: Amoonguss|Leftovers|[from] move: Knock Off|[of] p1b: Roaring Moon\n|move|p2b: Snoozelax|Earthquake|p1b: Roaring Moon|[spread] p2a,p1a,p1b\n|-supereffective|p1a: Regieleki\n|-damage|p2a: Amoonguss|0 fnt\n|-enditem|p1a: Regieleki|Focus Sash\n|-damage|p1a: Regieleki|1\/100\n|-damage|p1b: Roaring Moon|0 fnt\n|faint|p2a: Amoonguss\n|faint|p1b: Roaring Moon\n|-end|p1b: Roaring Moon|Protosynthesis|[silent]\n|\n|upkeep\n|\n|t:|1700351848\n|switch|p1b: Grimmsnarl|Grimmsnarl, L50, M|100\/100\n|switch|p2a: Chilling Bing|Glastrier, L50|100\/100\n|turn|3\n|\n|t:|1700351872\n|move|p1b: Grimmsnarl|Fake Out|p2b: Snoozelax\n|-damage|p2b: Snoozelax|25\/100\n|-enditem|p2b: Snoozelax|Aguav Berry|[eat]\n|-heal|p2b: Snoozelax|59\/100|[from] item: Aguav Berry\n|move|p1a: Regieleki|Thunderbolt|p2b: Snoozelax\n|-damage|p2b: Snoozelax|27\/100\n|move|p2a: Chilling Bing|Heavy Slam|p1b: Grimmsnarl\n|-supereffective|p1b: Grimmsnarl\n|-damage|p1b: Grimmsnarl|0 fnt\n|faint|p1b: Grimmsnarl\n|-ability|p2a: Chilling Bing|Chilling Neigh|boost\n|-boost|p2a: Chilling Bing|atk|1\n|cant|p2b: Snoozelax|flinch\n|\n|upkeep\n|\n|t:|1700351882\n|switch|p1b: Goodra|Goodra-Hisui, L50, F|100\/100\n|turn|4\n|\n|t:|1700351905\n|-terastallize|p1b: Goodra|Steel\n|move|p1a: Regieleki|Thunderbolt|p2b: Snoozelax\n|-damage|p2b: Snoozelax|0 fnt\n|faint|p2b: Snoozelax\n|move|p1b: Goodra|Flash Cannon|p2a: Chilling Bing\n|-supereffective|p2a: Chilling Bing\n|-damage|p2a: Chilling Bing|44\/100\n|move|p2a: Chilling Bing|High Horsepower|p1b: Goodra\n|-supereffective|p1b: Goodra\n|-damage|p1b: Goodra|0 fnt\n|faint|p1b: Goodra\n|-ability|p2a: Chilling Bing|Chilling Neigh|boost\n|-boost|p2a: Chilling Bing|atk|1\n|\n|upkeep\n|turn|5\n|\n|t:|1700351925\n|move|p1a: Regieleki|Thunderbolt|p2a: Chilling Bing\n|-damage|p2a: Chilling Bing|18\/100\n|move|p2a: Chilling Bing|Heavy Slam|p1a: Regieleki\n|-resisted|p1a: Regieleki\n|-damage|p1a: Regieleki|0 fnt\n|faint|p1a: Regieleki\n|\n|win|AvianRoseline\n|raw|varanoluano's rating: 1113 &rarr; <strong>1087<\/strong><br \/>(-26 for losing)\n|raw|AvianRoseline's rating: 1103 &rarr; <strong>1129<\/strong><br \/>(+26 for winning)\n|l|\u2606varanoluano\n","uploadtime":1700351936,"views":12,"p1id":"varanoluano","p2id":"avianroseline","formatid":"gen9vgc2023regulatione","rating":1087,"private":0,"password":""}