{"id":"gen9vgc2023regulatione-1998246309","p1":"Wascos1","p2":"Lurvas","format":"[Gen 9] VGC 2023 Regulation E","log":"|j|\u2606Wascos1\n|j|\u2606Lurvas\n|t:|1700919241\n|gametype|doubles\n|player|p1|Wascos1|102|1098\n|player|p2|Lurvas|alder|1040\n|teamsize|p1|6\n|teamsize|p2|6\n|gen|9\n|tier|[Gen 9] VGC 2023 Regulation E\n|rated|\n|rule|Species Clause: Limit one of each Pok\u00e9mon\n|rule|Item Clause: Limit one of each item\n|clearpoke\n|poke|p1|Arcanine-Hisui, L50, F|\n|poke|p1|Tornadus, L50, M|\n|poke|p1|Urshifu-*, L50, F|\n|poke|p1|Chien-Pao, L50|\n|poke|p1|Iron Hands, L50|\n|poke|p1|Gholdengo, L50|\n|poke|p2|Urshifu-*, L50, F|\n|poke|p2|Rillaboom, L50, M|\n|poke|p2|Flutter Mane, L50|\n|poke|p2|Arcanine-Hisui, L50, F|\n|poke|p2|Chien-Pao, L50|\n|poke|p2|Tornadus, L50, M|\n|teampreview|4\n|inactive|Battle timer is ON: inactive players will automatically lose when time's up. (requested by Lurvas)\nLurvas has agreed to open team sheets.\n|inactive|Wascos1 has 60 seconds left.\n|\n|t:|1700919279\n|start\n|switch|p1a: Tornadus|Tornadus, L50, M|100\/100\n|switch|p1b: Arcanine|Arcanine-Hisui, L50, F|100\/100\n|switch|p2a: Arcanine|Arcanine-Hisui, L50, F|100\/100\n|switch|p2b: Tornadus|Tornadus, L50, M|100\/100\n|-ability|p2a: Arcanine|Intimidate|boost\n|-unboost|p1a: Tornadus|atk|1\n|-unboost|p1b: Arcanine|atk|1\n|-ability|p1b: Arcanine|Intimidate|boost\n|-unboost|p2a: Arcanine|atk|1\n|-unboost|p2b: Tornadus|atk|1\n|turn|1\n|\n|t:|1700919298\n|-terastallize|p1b: Arcanine|Water\n|move|p2b: Tornadus|Rain Dance|p2b: Tornadus\n|-weather|RainDance\n|move|p1a: Tornadus|Taunt|p2b: Tornadus\n|-start|p2b: Tornadus|move: Taunt\n|move|p2a: Arcanine|Rock Slide|p1b: Arcanine|[spread] p1a,p1b\n|-supereffective|p1a: Tornadus\n|-damage|p1a: Tornadus|38\/100\n|-damage|p1b: Arcanine|67\/100\n|move|p1b: Arcanine|Rock Slide|p2a: Arcanine|[spread] p2a,p2b\n|-supereffective|p2a: Arcanine\n|-supereffective|p2b: Tornadus\n|-damage|p2a: Arcanine|30\/100\n|-damage|p2b: Tornadus|39\/100\n|\n|-weather|RainDance|[upkeep]\n|upkeep\n|turn|2\n|inactive|Wascos1 has 30 seconds left.\n|\n|t:|1700919323\n|switch|p2a: Urshifu|Urshifu-Rapid-Strike, L50, F|100\/100\n|move|p1a: Tornadus|Tailwind|p1a: Tornadus\n|-sidestart|p1: Wascos1|move: Tailwind\n|move|p1b: Arcanine|Rock Slide|p2a: Urshifu|[spread] p2a,p2b\n|-resisted|p2a: Urshifu\n|-supereffective|p2b: Tornadus\n|-damage|p2a: Urshifu|87\/100\n|-damage|p2b: Tornadus|0 fnt\n|faint|p2b: Tornadus\n|\n|-weather|RainDance|[upkeep]\n|upkeep\n|\n|t:|1700919334\n|switch|p2b: Flutter Mane|Flutter Mane, L50|100\/100\n|-enditem|p2b: Flutter Mane|Booster Energy\n|-activate|p2b: Flutter Mane|ability: Protosynthesis|[fromitem]\n|-start|p2b: Flutter Mane|protosynthesisspe\n|turn|3\n|\n|t:|1700919354\n|switch|p1b: Gholdengo|Gholdengo, L50|100\/100\n|move|p2a: Urshifu|Detect|p2a: Urshifu\n|-singleturn|p2a: Urshifu|Protect\n|move|p2b: Flutter Mane|Moonblast|p1b: Gholdengo\n|-resisted|p1b: Gholdengo\n|-damage|p1b: Gholdengo|77\/100\n|move|p1a: Tornadus|Bleakwind Storm|p2b: Flutter Mane|[spread] p2b\n|-activate|p2a: Urshifu|move: Protect\n|-damage|p2b: Flutter Mane|71\/100\n|\n|-weather|RainDance|[upkeep]\n|-heal|p1b: Gholdengo|83\/100|[from] item: Leftovers\n|upkeep\n|turn|4\n|inactive|Wascos1 has 30 seconds left.\n|\n|t:|1700919381\n|move|p2b: Flutter Mane|Shadow Ball|p1b: Gholdengo\n|-supereffective|p1b: Gholdengo\n|-damage|p1b: Gholdengo|8\/100\n|-unboost|p1b: Gholdengo|spd|1\n|move|p1a: Tornadus|Bleakwind Storm|p2a: Urshifu|[spread] p2a,p2b\n|-supereffective|p2a: Urshifu\n|-damage|p2a: Urshifu|10\/100\n|-damage|p2b: Flutter Mane|42\/100\n|-unboost|p2a: Urshifu|spe|1\n|-unboost|p2b: Flutter Mane|spe|1\n|move|p1b: Gholdengo|Shadow Ball|p2b: Flutter Mane\n|-supereffective|p2b: Flutter Mane\n|-damage|p2b: Flutter Mane|0 fnt\n|faint|p2b: Flutter Mane\n|-end|p2b: Flutter Mane|Protosynthesis|[silent]\n|move|p2a: Urshifu|Surging Strikes|p1a: Tornadus\n|-crit|p1a: Tornadus\n|-damage|p1a: Tornadus|0 fnt\n|faint|p1a: Tornadus\n|-hitcount|p1: Tornadus|1\n|\n|-weather|RainDance|[upkeep]\n|-heal|p1b: Gholdengo|14\/100|[from] item: Leftovers\n|upkeep\n|\n|t:|1700919400\n|switch|p2b: Arcanine|Arcanine-Hisui, L50, F|30\/100\n|switch|p1a: Arcanine|Arcanine-Hisui, L50, F, tera:Water|67\/100\n|-ability|p1a: Arcanine|Intimidate|boost\n|-unboost|p2a: Urshifu|atk|1\n|-unboost|p2b: Arcanine|atk|1\n|-ability|p2b: Arcanine|Intimidate|boost\n|-unboost|p1a: Arcanine|atk|1\n|-unboost|p1b: Gholdengo|atk|1\n|turn|5\n|\n|t:|1700919421\n|-terastallize|p2b: Arcanine|Fairy\n|move|p1b: Gholdengo|Protect|p1b: Gholdengo\n|-singleturn|p1b: Gholdengo|Protect\n|move|p2a: Urshifu|Detect|p2a: Urshifu\n|-singleturn|p2a: Urshifu|Protect\n|move|p1a: Arcanine|Rock Slide|p2a: Urshifu|[spread] p2b\n|-activate|p2a: Urshifu|move: Protect\n|-damage|p2b: Arcanine|0 fnt\n|faint|p2b: Arcanine\n|\n|-weather|none\n|-heal|p1b: Gholdengo|21\/100|[from] item: Leftovers\n|-sideend|p1: Wascos1|move: Tailwind\n|upkeep\n|turn|6\n|\n|t:|1700919438\n|move|p1a: Arcanine|Rock Slide|p2a: Urshifu\n|-resisted|p2a: Urshifu\n|-damage|p2a: Urshifu|0 fnt\n|faint|p2a: Urshifu\n|\n|win|Wascos1\n|raw|Wascos1's rating: 1098 &rarr; <strong>1119<\/strong><br \/>(+21 for winning)\n|raw|Lurvas's rating: 1040 &rarr; <strong>1027<\/strong><br \/>(-13 for losing)\n|c|\u2606Lurvas|ggwp\n","uploadtime":1700919446,"views":0,"p1id":"wascos1","p2id":"lurvas","formatid":"gen9vgc2023regulatione","rating":1027,"private":0,"password":""}