{"id":"gen9vgc2023regulatione-1991442243","p1":"kidturtle","p2":"dfnjrfsdmg","format":"[Gen 9] VGC 2023 Regulation E","log":"|j|\u2606kidturtle\n|j|\u2606dfnjrfsdmg\n|t:|1700077446\n|gametype|doubles\n|player|p1|kidturtle|hoopster|\n|player|p2|dfnjrfsdmg|102|\n|teamsize|p1|6\n|teamsize|p2|6\n|gen|9\n|tier|[Gen 9] VGC 2023 Regulation E\n|rated|Tournament battle\n|rule|Species Clause: Limit one of each Pok\u00e9mon\n|rule|Item Clause: Limit one of each item\n|clearpoke\n|poke|p1|Ursaluna, L50, M|\n|poke|p1|Cresselia, L50, F|\n|poke|p1|Flutter Mane, L50|\n|poke|p1|Chi-Yu, L50|\n|poke|p1|Iron Hands, L50|\n|poke|p1|Urshifu-*, L50, M|\n|poke|p2|Tornadus, L50, M|\n|poke|p2|Urshifu-*, L50, M|\n|poke|p2|Glimmora, L50, M|\n|poke|p2|Dondozo, L50, M|\n|poke|p2|Tatsugiri, L50, M|\n|poke|p2|Flutter Mane, L50|\n|teampreview|4\n|showteam|p1|Ursaluna||FlameOrb|Guts|Facade,Earthquake,SwordsDance,Protect|||M|||50|,,,,,Ghost]Cresselia||MentalHerb|Levitate|IceBeam,AllySwitch,LunarBlessing,TrickRoom|||F|||50|,,,,,Fairy]Flutter Mane||BoosterEnergy|Protosynthesis|IcyWind,ShadowBall,Moonblast,Protect||||||50|,,,,,Fairy]Chi-Yu||ChoiceSpecs|BeadsofRuin|BurningJealousy,DarkPulse,Overheat,Snarl||||||50|,,,,,Ghost]Iron Hands||SitrusBerry|QuarkDrive|DrainPunch,WildCharge,FakeOut,SwordsDance||||||50|,,,,,Fire]Urshifu||FocusSash|UnseenFist|Detect,WickedBlow,CloseCombat,SuckerPunch|||M|||50|,,,,,Dark\n|showteam|p2|Tornadus||CovertCloak|Prankster|Tailwind,BleakwindStorm,IcyWind,Protect|||M|||50|,,,,,Steel]Urshifu||LifeOrb|UnseenFist|WickedBlow,CloseCombat,SuckerPunch,Detect|||M|||50|,,,,,Poison]Glimmora||FocusSash|ToxicDebris|SludgeBomb,PowerGem,MortalSpin,SpikyShield|||M|||50|,,,,,Grass]Dondozo||Leftovers|Unaware|Substitute,Earthquake,OrderUp,Protect|||M|||50|,,,,,Dragon]Tatsugiri||AbilityShield|Commander|DracoMeteor,MuddyWater,Taunt,Protect|||M|||50|,,,,,Steel]Flutter Mane||BoosterEnergy|Protosynthesis|Moonblast,ShadowBall,DazzlingGleam,Protect||||||50|,,,,,Fairy\n|inactive|Battle timer is ON: inactive players will automatically lose when time's up. (requested by kidturtle)\n|j| Copper05\n|l| Copper05\n|\n|t:|1700077474\n|start\n|switch|p1a: Iron Hands|Iron Hands, L50|100\/100\n|switch|p1b: Cresselia|Cresselia, L50, F|100\/100\n|switch|p2a: Urshifu|Urshifu, L50, M|100\/100\n|switch|p2b: Glimmora|Glimmora, L50, M|100\/100\n|turn|1\n|inactive|kidturtle has 30 seconds left.\n|inactive|dfnjrfsdmg has 30 seconds left.\n|\n|t:|1700077506\n|-terastallize|p2a: Urshifu|Poison\n|move|p1a: Iron Hands|Fake Out|p2a: Urshifu\n|-damage|p2a: Urshifu|83\/100\n|cant|p2a: Urshifu|flinch\n|move|p2b: Glimmora|Sludge Bomb|p1b: Cresselia\n|-damage|p1b: Cresselia|70\/100\n|move|p1b: Cresselia|Trick Room|p1b: Cresselia\n|-fieldstart|move: Trick Room|[of] p1b: Cresselia\n|\n|upkeep\n|turn|2\n|\n|t:|1700077526\n|switch|p1b: Urshifu|Urshifu, L50, M|100\/100\n|move|p1a: Iron Hands|Wild Charge|p2a: Urshifu\n|-damage|p2a: Urshifu|28\/100\n|-damage|p1a: Iron Hands|90\/100|[from] Recoil\n|move|p2b: Glimmora|Mortal Spin|p1b: Urshifu|[spread] p1a,p1b\n|-damage|p1a: Iron Hands|87\/100\n|-damage|p1b: Urshifu|95\/100\n|-status|p1a: Iron Hands|psn\n|-status|p1b: Urshifu|psn\n|move|p2a: Urshifu|Wicked Blow|p1b: Urshifu\n|-resisted|p1b: Urshifu\n|-crit|p1b: Urshifu\n|-damage|p1b: Urshifu|73\/100 psn\n|-damage|p2a: Urshifu|18\/100|[from] item: Life Orb\n|\n|-damage|p1a: Iron Hands|75\/100 psn|[from] psn\n|-damage|p1b: Urshifu|61\/100 psn|[from] psn\n|upkeep\n|turn|3\n|\n|t:|1700077545\n|move|p2b: Glimmora|Spiky Shield|p2b: Glimmora\n|-singleturn|p2b: Glimmora|move: Protect\n|move|p2a: Urshifu|Detect|p2a: Urshifu\n|-singleturn|p2a: Urshifu|Protect\n|move|p1a: Iron Hands|Wild Charge|p2a: Urshifu\n|-activate|p2a: Urshifu|move: Protect\n|move|p1b: Urshifu|Wicked Blow|p2a: Urshifu\n|-crit|p2a: Urshifu\n|-damage|p2a: Urshifu|0 fnt\n|faint|p2a: Urshifu\n|\n|-damage|p1a: Iron Hands|63\/100 psn|[from] psn\n|-damage|p1b: Urshifu|49\/100 psn|[from] psn\n|upkeep\n|\n|t:|1700077559\n|switch|p2a: Dondozo|Dondozo, L50, M|100\/100\n|turn|4\n|\n|t:|1700077564\n|switch|p2b: Tatsugiri|Tatsugiri, L50, M|100\/100\n|-activate|p2b: Tatsugiri|ability: Commander|[of] p2a: Dondozo\n|-boost|p2a: Dondozo|atk|2\n|-boost|p2a: Dondozo|spa|2\n|-boost|p2a: Dondozo|spe|2\n|-boost|p2a: Dondozo|def|2\n|-boost|p2a: Dondozo|spd|2\n|move|p1a: Iron Hands|Wild Charge|p2a: Dondozo\n|-supereffective|p2a: Dondozo\n|-damage|p2a: Dondozo|62\/100\n|-damage|p1a: Iron Hands|54\/100 psn|[from] Recoil\n|move|p1b: Urshifu|Wicked Blow|p2a: Dondozo\n|-crit|p2a: Dondozo\n|-damage|p2a: Dondozo|20\/100\n|move|p2a: Dondozo|Earthquake|p1b: Urshifu|[spread] p1a,p1b\n|-miss|p2a: Dondozo|p2b: Tatsugiri\n|-supereffective|p1a: Iron Hands\n|-damage|p1a: Iron Hands|0 fnt\n|-damage|p1b: Urshifu|4\/100 psn\n|faint|p1a: Iron Hands\n|-end|p1a: Iron Hands|Quark Drive|[silent]\n|\n|-heal|p2a: Dondozo|26\/100|[from] item: Leftovers\n|-damage|p1b: Urshifu|0 fnt|[from] psn\n|faint|p1b: Urshifu\n|upkeep\n|\n|t:|1700077567\n|switch|p1a: Ursaluna|Ursaluna, L50, M|100\/100\n|switch|p1b: Cresselia|Cresselia, L50, F|70\/100\n|turn|5\n|\n|t:|1700077584\n|-terastallize|p1a: Ursaluna|Ghost\n|move|p2a: Dondozo|Protect|p2a: Dondozo\n|-singleturn|p2a: Dondozo|Protect\n|move|p1a: Ursaluna|Facade|p2a: Dondozo\n|-activate|p2a: Dondozo|move: Protect\n|move|p1b: Cresselia|Lunar Blessing|p1b: Cresselia|[spread] p1a,p1b\n|-heal|p1b: Cresselia|95\/100\n|\n|-heal|p2a: Dondozo|32\/100|[from] item: Leftovers\n|-fieldend|move: Trick Room\n|-status|p1a: Ursaluna|brn|[from] item: Flame Orb\n|upkeep\n|turn|6\n|\n|t:|1700077603\n|move|p2a: Dondozo|Order Up|p1b: Cresselia\n|-damage|p1b: Cresselia|69\/100\n|-boost|p2a: Dondozo|atk|1\n|move|p1a: Ursaluna|Facade|p2a: Dondozo\n|-damage|p2a: Dondozo|0 fnt\n|faint|p2a: Dondozo\n|move|p1b: Cresselia|Trick Room|p1b: Cresselia\n|-fieldstart|move: Trick Room|[of] p1b: Cresselia\n|\n|-damage|p1a: Ursaluna|95\/100 brn|[from] brn\n|upkeep\n|\n|t:|1700077613\n|switch|p2a: Glimmora|Glimmora, L50, M|100\/100\n|turn|7\n|\n|t:|1700077619\n|move|p2b: Tatsugiri|Protect|p2b: Tatsugiri\n|-singleturn|p2b: Tatsugiri|Protect\n|move|p2a: Glimmora|Spiky Shield|p2a: Glimmora\n|-singleturn|p2a: Glimmora|move: Protect\n|move|p1a: Ursaluna|Facade|p2b: Tatsugiri\n|-activate|p2b: Tatsugiri|move: Protect\n|move|p1b: Cresselia|Lunar Blessing|p1b: Cresselia|[spread] p1a,p1b\n|-heal|p1a: Ursaluna|100\/100 brn\n|-curestatus|p1a: Ursaluna|brn|[msg]\n|-heal|p1b: Cresselia|94\/100\n|\n|-status|p1a: Ursaluna|brn|[from] item: Flame Orb\n|upkeep\n|turn|8\n|\n|t:|1700077637\n|move|p1a: Ursaluna|Facade|p2b: Tatsugiri\n|-damage|p2b: Tatsugiri|0 fnt\n|faint|p2b: Tatsugiri\n|move|p1b: Cresselia|Ice Beam|p2a: Glimmora\n|-damage|p2a: Glimmora|78\/100\n|move|p2a: Glimmora|Sludge Bomb|p1a: Ursaluna\n|-resisted|p1a: Ursaluna\n|-damage|p1a: Ursaluna|78\/100 brn\n|\n|-damage|p1a: Ursaluna|72\/100 brn|[from] brn\n|upkeep\n|turn|9\n|-message|dfnjrfsdmg forfeited.\n|\n|win|kidturtle\n|n|\u2606kidturtle|kidturtle\n|n|\u2606dfnjrfsdmg|dfnjrfsdmg\n|l|\u2606dfnjrfsdmg\n","uploadtime":1700077650,"views":14,"p1id":"kidturtle","p2id":"dfnjrfsdmg","formatid":"gen9vgc2023regulatione","rating":0,"private":0,"password":""}