{"id":"gen9vgc2023regulatione-1995074239","p1":"vivyan_owo","p2":"testpip90","format":"[Gen 9] VGC 2023 Regulation E","log":"|j|\u2606vivyan_owo\n|j|\u2606testpip90\n|t:|1700519725\n|gametype|doubles\n|player|p1|vivyan_owo|acerola-masters|1294\n|player|p2|testpip90|giovanni|1352\n|teamsize|p1|6\n|teamsize|p2|6\n|gen|9\n|tier|[Gen 9] VGC 2023 Regulation E\n|rated|\n|rule|Species Clause: Limit one of each Pok\u00e9mon\n|rule|Item Clause: Limit one of each item\n|clearpoke\n|poke|p1|Torkoal, L50, F|\n|poke|p1|Lilligant-Hisui, L50, F|\n|poke|p1|Iron Hands, L50|\n|poke|p1|Ursaluna, L50, F|\n|poke|p1|Ogerpon-Hearthflame, L50, F|\n|poke|p1|Cresselia, L50, F|\n|poke|p2|Torterra, L50, F|\n|poke|p2|Clefairy, L50, M|\n|poke|p2|Iron Hands, L50|\n|poke|p2|Milotic, L50, M|\n|poke|p2|Gothitelle, L50, F|\n|poke|p2|Sableye, L50, F|\n|teampreview|4\n|inactive|Battle timer is ON: inactive players will automatically lose when time's up. (requested by vivyan_owo)\n|inactive|vivyan_owo has 60 seconds left.\n|inactive|testpip90 has 60 seconds left.\n|\n|t:|1700519783\n|start\n|switch|p1a: jerald|Torkoal, L50, F, shiny|100\/100\n|switch|p1b: Lesbian-Hisui|Lilligant-Hisui, L50, F, shiny|100\/100\n|switch|p2a: Sableye|Sableye, L50, F|100\/100\n|switch|p2b: Gothitelle|Gothitelle, L50, F|100\/100\n|-weather|SunnyDay|[from] ability: Drought|[of] p1a: jerald\n|turn|1\n|\n|t:|1700519809\n|move|p2a: Sableye|Protect|p2a: Sableye\n|-singleturn|p2a: Sableye|Protect\n|move|p2b: Gothitelle|Protect|p2b: Gothitelle\n|-singleturn|p2b: Gothitelle|Protect\n|move|p1b: Lesbian-Hisui|Solar Blade||[still]\n|-prepare|p1b: Lesbian-Hisui|Solar Blade\n|-anim|p1b: Lesbian-Hisui|Solar Blade|p2a: Sableye\n|-activate|p2a: Sableye|move: Protect\n|move|p1a: jerald|Eruption|p2a: Sableye|[spread] \n|-activate|p2a: Sableye|move: Protect\n|-activate|p2b: Gothitelle|move: Protect\n|\n|-weather|SunnyDay|[upkeep]\n|upkeep\n|turn|2\n|inactive|testpip90 has 30 seconds left.\n|inactive|testpip90 has 20 seconds left.\n|\n|t:|1700519847\n|switch|p2a: Clefairy|Clefairy, L50, M|100\/100\n|move|p1b: Lesbian-Hisui|Sleep Powder|p2b: Gothitelle\n|-status|p2b: Gothitelle|slp|[from] move: Sleep Powder\n|cant|p2b: Gothitelle|slp\n|move|p1a: jerald|Eruption|p2a: Clefairy|[spread] p2a,p2b\n|-damage|p2a: Clefairy|29\/100\n|-damage|p2b: Gothitelle|46\/100 slp\n|\n|-weather|SunnyDay|[upkeep]\n|upkeep\n|turn|3\n|\n|t:|1700519868\n|move|p2a: Clefairy|Protect|p2a: Clefairy\n|-singleturn|p2a: Clefairy|Protect\n|move|p1b: Lesbian-Hisui|Sleep Powder|p2a: Clefairy\n|-activate|p2a: Clefairy|move: Protect\n|cant|p2b: Gothitelle|slp\n|move|p1a: jerald|Eruption|p2b: Gothitelle|[spread] p2b\n|-activate|p2a: Clefairy|move: Protect\n|-damage|p2b: Gothitelle|0 fnt\n|faint|p2b: Gothitelle\n|\n|-weather|SunnyDay|[upkeep]\n|upkeep\n|\n|t:|1700519885\n|switch|p2b: Sableye|Sableye, L50, F|100\/100\n|turn|4\n|\n|t:|1700519896\n|move|p2b: Sableye|Disable|p1b: Lesbian-Hisui\n|-start|p1b: Lesbian-Hisui|Disable|Sleep Powder\n|move|p1b: Lesbian-Hisui|Solar Blade||[still]\n|-prepare|p1b: Lesbian-Hisui|Solar Blade\n|-anim|p1b: Lesbian-Hisui|Solar Blade|p2b: Sableye\n|-damage|p2b: Sableye|52\/100\n|move|p2a: Clefairy|Life Dew|p2a: Clefairy|[spread] p2a,p2b\n|-heal|p2a: Clefairy|54\/100\n|-heal|p2b: Sableye|77\/100\n|move|p1a: jerald|Eruption|p2b: Sableye|[spread] p2a,p2b\n|-damage|p2a: Clefairy|0 fnt\n|-damage|p2b: Sableye|4\/100\n|-enditem|p2b: Sableye|Sitrus Berry|[eat]\n|-heal|p2b: Sableye|29\/100|[from] item: Sitrus Berry\n|faint|p2a: Clefairy\n|\n|-weather|SunnyDay|[upkeep]\n|upkeep\n|\n|t:|1700519915\n|switch|p2a: Torterra|Torterra, L50, F|100\/100\n|turn|5\n|\n|t:|1700519925\n|-terastallize|p2a: Torterra|Fire\n|move|p2b: Sableye|Disable|p1a: jerald\n|-start|p1a: jerald|Disable|Eruption\n|move|p1b: Lesbian-Hisui|After You|p1a: jerald\n|-activate|p1a: jerald|move: After You\n|cant|p1a: jerald|Disable|Eruption\n|move|p2a: Torterra|Amnesia|p2a: Torterra\n|-boost|p2a: Torterra|spd|2\n|\n|-weather|none\n|upkeep\n|turn|6\n|\n|t:|1700519946\n|move|p2b: Sableye|Encore|p1a: jerald\n|-start|p1a: jerald|Encore\n|move|p1b: Lesbian-Hisui|Solar Blade||[still]\n|-prepare|p1b: Lesbian-Hisui|Solar Blade\n|move|p2a: Torterra|Iron Defense|p2a: Torterra\n|-boost|p2a: Torterra|def|2\n|cant|p1a: jerald|Disable|Eruption\n|\n|upkeep\n|turn|7\n|\n|t:|1700519962\n|switch|p1a: brian|Iron Hands, L50, shiny|100\/100\n|move|p2b: Sableye|Protect|p2b: Sableye\n|-singleturn|p2b: Sableye|Protect\n|move|p1b: Lesbian-Hisui|Solar Blade|p2b: Sableye|[from]lockedmove\n|-activate|p2b: Sableye|move: Protect\n|move|p2a: Torterra|Iron Defense|p2a: Torterra\n|-boost|p2a: Torterra|def|2\n|\n|-end|p1b: Lesbian-Hisui|Disable\n|upkeep\n|turn|8\n|inactive|vivyan_owo has 30 seconds left.\n|inactive|testpip90 has 30 seconds left.\n|\n|t:|1700519989\n|move|p2b: Sableye|Encore|p1b: Lesbian-Hisui\n|-start|p1b: Lesbian-Hisui|Encore\n|move|p1b: Lesbian-Hisui|Solar Blade||[still]\n|-prepare|p1b: Lesbian-Hisui|Solar Blade\n|move|p2a: Torterra|Leech Seed|p1a: brian\n|-start|p1a: brian|move: Leech Seed\n|move|p1a: brian|Wild Charge|p2b: Sableye\n|-damage|p2b: Sableye|0 fnt\n|faint|p2b: Sableye\n|-damage|p1a: brian|96\/100|[from] Recoil\n|\n|-damage|p1a: brian|84\/100|[from] Leech Seed|[of] p2a: Torterra\n|upkeep\n|turn|9\n|\n|t:|1700520007\n|-end|p1a: brian|Quark Drive|[silent]\n|switch|p1a: jerald|Torkoal, L50, F, shiny|100\/100\n|-weather|SunnyDay|[from] ability: Drought|[of] p1a: jerald\n|move|p1b: Lesbian-Hisui|Solar Blade|p2a: Torterra|[from]lockedmove\n|-resisted|p2a: Torterra\n|-damage|p2a: Torterra|94\/100\n|move|p2a: Torterra|Body Press|p1b: Lesbian-Hisui\n|-enditem|p1b: Lesbian-Hisui|Focus Sash\n|-damage|p1b: Lesbian-Hisui|1\/100\n|\n|-weather|SunnyDay|[upkeep]\n|-heal|p2a: Torterra|99\/100|[from] item: Leftovers\n|upkeep\n|turn|10\n|\n|t:|1700520030\n|switch|p1b: brian|Iron Hands, L50, shiny|84\/100\n|move|p2a: Torterra|Body Press|p1b: brian\n|-damage|p1b: brian|37\/100\n|move|p1a: jerald|Earth Power|p2a: Torterra\n|-supereffective|p2a: Torterra\n|-damage|p2a: Torterra|75\/100\n|\n|-weather|SunnyDay|[upkeep]\n|-heal|p2a: Torterra|81\/100|[from] item: Leftovers\n|upkeep\n|turn|11\n|\n|t:|1700520046\n|switch|p1a: Lesbian-Hisui|Lilligant-Hisui, L50, F, shiny|1\/100\n|move|p1b: brian|Fake Out|p2a: Torterra\n|-damage|p2a: Torterra|77\/100\n|cant|p2a: Torterra|flinch\n|\n|-weather|SunnyDay|[upkeep]\n|-heal|p2a: Torterra|83\/100|[from] item: Leftovers\n|upkeep\n|turn|12\n|\n|t:|1700520057\n|move|p1a: Lesbian-Hisui|Sleep Powder|p2a: Torterra\n|-status|p2a: Torterra|slp|[from] move: Sleep Powder\n|cant|p2a: Torterra|slp\n|move|p1b: brian|Drain Punch|p2a: Torterra\n|-damage|p2a: Torterra|72\/100 slp\n|-heal|p1b: brian|41\/100|[from] drain|[of] p2a: Torterra\n|\n|-weather|SunnyDay|[upkeep]\n|-heal|p2a: Torterra|78\/100 slp|[from] item: Leftovers\n|upkeep\n|turn|13\n|inactive|vivyan_owo has 30 seconds left.\n|\n|t:|1700520083\n|-end|p1b: brian|Quark Drive|[silent]\n|switch|p1b: jerald|Torkoal, L50, F, shiny|100\/100\n|move|p1a: Lesbian-Hisui|Close Combat|p2a: Torterra\n|-damage|p2a: Torterra|65\/100 slp\n|-unboost|p1a: Lesbian-Hisui|def|1\n|-unboost|p1a: Lesbian-Hisui|spd|1\n|cant|p2a: Torterra|slp\n|\n|-weather|none\n|-heal|p2a: Torterra|71\/100 slp|[from] item: Leftovers\n|upkeep\n|turn|14\n|inactive|vivyan_owo has 30 seconds left.\n|\n|t:|1700520111\n|-terastallize|p1a: Lesbian-Hisui|Ghost\n|move|p1a: Lesbian-Hisui|Close Combat|p2a: Torterra\n|-damage|p2a: Torterra|58\/100 slp\n|-unboost|p1a: Lesbian-Hisui|def|1\n|-unboost|p1a: Lesbian-Hisui|spd|1\n|-curestatus|p2a: Torterra|slp|[msg]\n|move|p2a: Torterra|Body Press|p1a: Lesbian-Hisui\n|-immune|p1a: Lesbian-Hisui\n|move|p1b: jerald|Earth Power|p2a: Torterra\n|-supereffective|p2a: Torterra\n|-damage|p2a: Torterra|35\/100\n|\n|-heal|p2a: Torterra|41\/100|[from] item: Leftovers\n|upkeep\n|turn|15\n|\n|t:|1700520133\n|move|p1a: Lesbian-Hisui|Sleep Powder|p2a: Torterra\n|-status|p2a: Torterra|slp|[from] move: Sleep Powder\n|cant|p2a: Torterra|slp\n|move|p1b: jerald|Earth Power|p2a: Torterra\n|-supereffective|p2a: Torterra\n|-damage|p2a: Torterra|18\/100 slp\n|\n|-heal|p2a: Torterra|24\/100 slp|[from] item: Leftovers\n|upkeep\n|turn|16\n|\n|t:|1700520137\n|move|p1a: Lesbian-Hisui|Close Combat|p2a: Torterra\n|-damage|p2a: Torterra|12\/100 slp\n|-unboost|p1a: Lesbian-Hisui|def|1\n|-unboost|p1a: Lesbian-Hisui|spd|1\n|-curestatus|p2a: Torterra|slp|[msg]\n|move|p2a: Torterra|Leech Seed|p1b: jerald\n|-start|p1b: jerald|move: Leech Seed\n|move|p1b: jerald|Earth Power|p2a: Torterra\n|-supereffective|p2a: Torterra\n|-damage|p2a: Torterra|0 fnt\n|faint|p2a: Torterra\n|\n|win|vivyan_owo\n|raw|vivyan_owo's rating: 1294 &rarr; <strong>1323<\/strong><br \/>(+29 for winning)\n|raw|testpip90's rating: 1352 &rarr; <strong>1329<\/strong><br \/>(-23 for losing)\n|c|\u2606vivyan_owo|holy shit gg\n","uploadtime":1700520145,"views":2,"p1id":"vivyanowo","p2id":"testpip90","formatid":"gen9vgc2023regulatione","rating":1323,"private":0,"password":""}