{"id":"gen9vgc2023regulatione-1999195614","p1":"yakenonokarasu","p2":"Olimario98","format":"[Gen 9] VGC 2023 Regulation E","log":"|j|\u2606yakenonokarasu\n|j|\u2606Olimario98\n|n|\u2606yakenonokarasu|yakenonokarasu\n|n|\u2606Olimario98|olimario98\n|html|View the match progress at <a href=\"\/game-bestof3-gen9vgc2023regulatione-1999193569\">game-bestof3-gen9vgc2023regulatione-1999193569<\/a>\n|t:|1701044038\n|gametype|doubles\n|player|p1|yakenonokarasu|roxie|\n|player|p2|Olimario98|unknown|\n|teamsize|p1|6\n|teamsize|p2|6\n|gen|9\n|tier|[Gen 9] VGC 2023 Regulation E\n|rule|Species Clause: Limit one of each Pok\u00e9mon\n|rule|Item Clause: Limit one of each item\n|clearpoke\n|poke|p1|Gholdengo, L50|\n|poke|p1|Ting-Lu, L50|\n|poke|p1|Maushold-Four, L50|\n|poke|p1|Urshifu-*, L50, F|\n|poke|p1|Conkeldurr, L50, M|\n|poke|p1|Toxtricity, L50, M|\n|poke|p2|Iron Hands, L50|\n|poke|p2|Tornadus, L50, M|\n|poke|p2|Brambleghast, L50, F|\n|poke|p2|Politoed, L50, F|\n|poke|p2|Ludicolo, L50, M|\n|poke|p2|Houndstone, L50, F|\n|teampreview|4\nOlimario98 rejected open team sheets.\n|\n|t:|1701044072\n|start\n|switch|p1a: Toxtricity|Toxtricity, L50, M|100\/100\n|switch|p1b: Maushold|Maushold-Four, L50, shiny|100\/100\n|switch|p2a: Politoed|Politoed, L50, F|100\/100\n|switch|p2b: Ludicolo|Ludicolo, L50, M|100\/100\n|-weather|RainDance|[from] ability: Drizzle|[of] p2a: Politoed\n|turn|1\n|\n|t:|1701044091\n|-terastallize|p1b: Maushold|Ghost\n|move|p2b: Ludicolo|Fake Out|p1a: Toxtricity\n|-damage|p1a: Toxtricity|94\/100\n|move|p1b: Maushold|Follow Me|p1b: Maushold\n|-singleturn|p1b: Maushold|move: Follow Me\n|cant|p1a: Toxtricity|flinch\n|move|p2a: Politoed|Icy Wind|p1b: Maushold|[spread] p1a,p1b\n|-damage|p1a: Toxtricity|85\/100\n|-damage|p1b: Maushold|89\/100\n|-unboost|p1a: Toxtricity|spe|1\n|-unboost|p1b: Maushold|spe|1\n|\n|-weather|RainDance|[upkeep]\n|upkeep\n|turn|2\n|\n|t:|1701044121\n|move|p1b: Maushold|Helping Hand|p1a: Toxtricity\n|-singleturn|p1a: Toxtricity|Helping Hand|[of] p1b: Maushold\n|move|p2b: Ludicolo|Hydro Pump|p1a: Toxtricity\n|-damage|p1a: Toxtricity|19\/100\n|move|p2a: Politoed|Chilling Water|p1b: Maushold\n|-damage|p1b: Maushold|56\/100\n|-unboost|p1b: Maushold|atk|1\n|move|p1a: Toxtricity|Boomburst|p2b: Ludicolo|[spread] p2a,p2b\n|-immune|p1b: Maushold\n|-damage|p2a: Politoed|31\/100\n|-damage|p2b: Ludicolo|38\/100\n|-enditem|p2a: Politoed|Sitrus Berry|[eat]\n|-heal|p2a: Politoed|56\/100|[from] item: Sitrus Berry\n|-enditem|p1a: Toxtricity|Throat Spray\n|-boost|p1a: Toxtricity|spa|1|[from] item: Throat Spray\n|\n|-weather|RainDance|[upkeep]\n|-heal|p2b: Ludicolo|44\/100|[from] item: Leftovers\n|upkeep\n|turn|3\n|\n|t:|1701044146\n|move|p1a: Toxtricity|Protect|p1a: Toxtricity\n|-singleturn|p1a: Toxtricity|Protect\n|move|p1b: Maushold|Follow Me|p1b: Maushold\n|-singleturn|p1b: Maushold|move: Follow Me\n|move|p2b: Ludicolo|Giga Drain|p1b: Maushold\n|-crit|p1b: Maushold\n|-damage|p1b: Maushold|0 fnt\n|-heal|p2b: Ludicolo|71\/100|[from] drain|[of] p1b: Maushold\n|faint|p1b: Maushold\n|move|p2a: Politoed|Icy Wind|p1a: Toxtricity\n|-activate|p1a: Toxtricity|move: Protect\n|\n|-weather|RainDance|[upkeep]\n|-heal|p2b: Ludicolo|77\/100|[from] item: Leftovers\n|upkeep\n|\n|t:|1701044156\n|switch|p1b: Gholdengo|Gholdengo, L50|100\/100\n|turn|4\n|\n|t:|1701044177\n|move|p2b: Ludicolo|Hydro Pump|p1b: Gholdengo\n|-damage|p1b: Gholdengo|23\/100\n|move|p1b: Gholdengo|Thunderbolt|p2a: Politoed\n|-supereffective|p2a: Politoed\n|-damage|p2a: Politoed|0 fnt\n|faint|p2a: Politoed\n|move|p1a: Toxtricity|Boomburst|p2b: Ludicolo|[spread] p2b\n|-immune|p1b: Gholdengo\n|-damage|p2b: Ludicolo|3\/100\n|\n|-weather|RainDance|[upkeep]\n|-heal|p2b: Ludicolo|9\/100|[from] item: Leftovers\n|upkeep\n|\n|t:|1701044195\n|switch|p2a: Brambleghast|Brambleghast, L50, F|100\/100\n|turn|5\n|\n|t:|1701044208\n|move|p1a: Toxtricity|Protect|p1a: Toxtricity\n|-singleturn|p1a: Toxtricity|Protect\n|move|p2a: Brambleghast|Shadow Sneak|p1b: Gholdengo\n|-supereffective|p1b: Gholdengo\n|-damage|p1b: Gholdengo|0 fnt\n|faint|p1b: Gholdengo\n|move|p2b: Ludicolo|Giga Drain|p1a: Toxtricity\n|-activate|p1a: Toxtricity|move: Protect\n|\n|-weather|none\n|-heal|p2b: Ludicolo|15\/100|[from] item: Leftovers\n|upkeep\n|\n|t:|1701044217\n|switch|p1b: Urshifu|Urshifu-Rapid-Strike, L50, F|100\/100\n|turn|6\n|\n|t:|1701044234\n|move|p1b: Urshifu|Protect|p1b: Urshifu\n|-singleturn|p1b: Urshifu|Protect\n|move|p2a: Brambleghast|Shadow Sneak|p1a: Toxtricity\n|-damage|p1a: Toxtricity|0 fnt\n|faint|p1a: Toxtricity\n|move|p2b: Ludicolo|Giga Drain|p1b: Urshifu\n|-activate|p1b: Urshifu|move: Protect\n|\n|-heal|p2b: Ludicolo|21\/100|[from] item: Leftovers\n|upkeep\n|turn|7\n|\n|t:|1701044266\n|move|p1b: Urshifu|Ice Punch|p2a: Brambleghast\n|-supereffective|p2a: Brambleghast\n|-damage|p2a: Brambleghast|46\/100\n|-status|p2a: Brambleghast|frz\n|-damage|p1b: Urshifu|84\/100|[from] item: Rocky Helmet|[of] p2a: Brambleghast\n|cant|p2a: Brambleghast|frz\n|move|p2b: Ludicolo|Giga Drain|p1b: Urshifu\n|-supereffective|p1b: Urshifu\n|-crit|p1b: Urshifu\n|-damage|p1b: Urshifu|0 fnt\n|-heal|p2b: Ludicolo|60\/100|[from] drain|[of] p1b: Urshifu\n|faint|p1b: Urshifu\n|\n|win|Olimario98\n|c|&|\/uhtml prompt-yakenonokarasu,yakenonokarasu is ready for game 3!\n|inactive|Olimario98 has 50 seconds to confirm battle start!\n|c|&|\/uhtml prompt-olimario98,Olimario98 is ready for game 3!\nBoth players are ready! Starting next match!\n","uploadtime":1701044579,"views":29,"p1id":"yakenonokarasu","p2id":"olimario98","formatid":"gen9vgc2023regulatione","rating":0,"private":0,"password":""}