{"id":"gen9vgc2023regulatione-1996626965","p1":"hellycopeter","p2":"Zadom123","format":"[Gen 9] VGC 2023 Regulation E","log":"|j|\u2606hellycopeter\n|j|\u203dZadom123\n|t:|1700702312\n|gametype|doubles\n|player|p1|hellycopeter|2|1058\n|player|p2|Zadom123|benga|1130\n|teamsize|p1|6\n|teamsize|p2|6\n|gen|9\n|tier|[Gen 9] VGC 2023 Regulation E\n|rated|\n|rule|Species Clause: Limit one of each Pok\u00e9mon\n|rule|Item Clause: Limit one of each item\n|clearpoke\n|poke|p1|Landorus-Therian, L50, M|\n|poke|p1|Farigiraf, L50, F|\n|poke|p1|Heatran, L50, M|\n|poke|p1|Ogerpon-Wellspring, L50, F|\n|poke|p1|Grimmsnarl, L50, M|\n|poke|p1|Spectrier, L50|\n|poke|p2|Wo-Chien, L50|\n|poke|p2|Clefairy, L50, F|\n|poke|p2|Flutter Mane, L50|\n|poke|p2|Murkrow, L50, F|\n|poke|p2|Chi-Yu, L50|\n|poke|p2|Azumarill, L50, M|\n|teampreview|4\n|inactive|Battle timer is ON: inactive players will automatically lose when time's up. (requested by Zadom123)\n|inactive|hellycopeter also wants the timer to be on.\nZadom123 has agreed to open team sheets.\n|inactive|Zadom123 has 60 seconds left.\n|\n|t:|1700702344\n|start\n|switch|p1a: Grimmsnarl|Grimmsnarl, L50, M|100\/100\n|switch|p1b: Heatran|Heatran, L50, M|100\/100\n|switch|p2a: Flutter Mane|Flutter Mane, L50|100\/100\n|switch|p2b: Wo-Chien|Wo-Chien, L50|100\/100\n|-ability|p2b: Wo-Chien|Tablets of Ruin\n|-enditem|p2a: Flutter Mane|Booster Energy\n|-activate|p2a: Flutter Mane|ability: Protosynthesis|[fromitem]\n|-start|p2a: Flutter Mane|protosynthesisspe\n|turn|1\n|inactive|hellycopeter has 30 seconds left.\n|inactive|Zadom123 has 30 seconds left.\n|inactive|hellycopeter has 20 seconds left.\n|\n|t:|1700702380\n|-terastallize|p2b: Wo-Chien|Water\n|move|p1a: Grimmsnarl|Light Screen|p1a: Grimmsnarl\n|-sidestart|p1: hellycopeter|move: Light Screen\n|move|p2a: Flutter Mane|Dazzling Gleam|p1b: Heatran|[spread] p1a,p1b\n|-supereffective|p1a: Grimmsnarl\n|-resisted|p1b: Heatran\n|-damage|p1a: Grimmsnarl|65\/100\n|-damage|p1b: Heatran|96\/100\n|move|p1b: Heatran|Heat Wave|p2b: Wo-Chien|[spread] p2a,p2b\n|-resisted|p2b: Wo-Chien\n|-damage|p2a: Flutter Mane|61\/100\n|-damage|p2b: Wo-Chien|86\/100\n|move|p2b: Wo-Chien|Mean Look|p1b: Heatran\n|-activate|p1b: Heatran|trapped\n|\n|-heal|p2b: Wo-Chien|92\/100|[from] item: Leftovers\n|upkeep\n|turn|2\n|\n|t:|1700702402\n|-end|p2a: Flutter Mane|Protosynthesis|[silent]\n|switch|p2a: Azumarill|Azumarill, L50, M|100\/100\n|move|p1a: Grimmsnarl|Parting Shot|p2a: Azumarill\n|-unboost|p2a: Azumarill|atk|1\n|-unboost|p2a: Azumarill|spa|1\n|\n|t:|1700702409\n|switch|p1a: Ogerpon|Ogerpon-Wellspring, L50, F|100\/100|[from] Parting Shot\n|move|p1b: Heatran|Heat Wave|p2a: Azumarill|[spread] p2a,p2b\n|-resisted|p2a: Azumarill\n|-resisted|p2b: Wo-Chien\n|-damage|p2a: Azumarill|92\/100\n|-damage|p2b: Wo-Chien|78\/100\n|move|p2b: Wo-Chien|Mean Look|p1a: Ogerpon\n|-activate|p1a: Ogerpon|trapped\n|\n|-heal|p2b: Wo-Chien|84\/100|[from] item: Leftovers\n|upkeep\n|turn|3\n|\n|t:|1700702431\n|move|p1b: Heatran|Protect|p1b: Heatran\n|-singleturn|p1b: Heatran|Protect\n|move|p1a: Ogerpon|Horn Leech|p2b: Wo-Chien\n|-supereffective|p2b: Wo-Chien\n|-damage|p2b: Wo-Chien|28\/100\n|move|p2b: Wo-Chien|Pollen Puff|p2a: Azumarill\n|-heal|p2a: Azumarill|100\/100\n|move|p2a: Azumarill|Perish Song|p2a: Azumarill\n|-start|p1a: Ogerpon|perish3|[silent]\n|-start|p1b: Heatran|perish3|[silent]\n|-start|p2a: Azumarill|perish3|[silent]\n|-start|p2b: Wo-Chien|perish3|[silent]\n|-fieldactivate|move: Perish Song\n|\n|-heal|p2b: Wo-Chien|34\/100|[from] item: Leftovers\n|-start|p1a: Ogerpon|perish3\n|-start|p1b: Heatran|perish3\n|-start|p2b: Wo-Chien|perish3\n|-start|p2a: Azumarill|perish3\n|upkeep\n|turn|4\n|inactive|hellycopeter has 30 seconds left.\n|inactive|Zadom123 has 30 seconds left.\n|inactive|hellycopeter has 20 seconds left.\n|inactive|hellycopeter has 15 seconds left.\n|inactive|hellycopeter has 10 seconds left.\n|inactive|hellycopeter has 5 seconds left.\n|\n|t:|1700702486\n|switch|p2b: Chi-Yu|Chi-Yu, L50|100\/100\n|-ability|p2b: Chi-Yu|Beads of Ruin\n|move|p1a: Ogerpon|Ivy Cudgel|p2a: Azumarill|[anim] Ivy Cudgel Water\n|-resisted|p2a: Azumarill\n|-damage|p2a: Azumarill|73\/100\n|move|p1b: Heatran|Heat Wave|p2b: Chi-Yu|[spread] p2a,p2b\n|-resisted|p2a: Azumarill\n|-resisted|p2b: Chi-Yu\n|-crit|p2b: Chi-Yu\n|-damage|p2a: Azumarill|62\/100\n|-damage|p2b: Chi-Yu|62\/100\n|move|p2a: Azumarill|Knock Off|p1a: Ogerpon\n|-damage|p1a: Ogerpon|94\/100\n|\n|-start|p1a: Ogerpon|perish2\n|-start|p1b: Heatran|perish2\n|-start|p2a: Azumarill|perish2\n|upkeep\n|turn|5\n|inactive|hellycopeter has 30 seconds left.\n|inactive|Zadom123 has 30 seconds left.\n|inactive|Zadom123 has 20 seconds left.\n|\n|t:|1700702524\n|move|p2b: Chi-Yu|Protect|p2b: Chi-Yu\n|-singleturn|p2b: Chi-Yu|Protect\n|move|p1a: Ogerpon|Horn Leech|p2a: Azumarill\n|-supereffective|p2a: Azumarill\n|-damage|p2a: Azumarill|0 fnt\n|-heal|p1a: Ogerpon|100\/100|[from] drain|[of] p2a: Azumarill\n|faint|p2a: Azumarill\n|move|p1b: Heatran|Earth Power|p2b: Chi-Yu\n|-activate|p2b: Chi-Yu|move: Protect\n|\n|-start|p1a: Ogerpon|perish1\n|-start|p1b: Heatran|perish1\n|upkeep\n|\n|t:|1700702536\n|switch|p2a: Flutter Mane|Flutter Mane, L50|61\/100\n|turn|6\n|\n|t:|1700702552\n|switch|p2b: Wo-Chien|Wo-Chien, L50, tera:Water|34\/100\n|-ability|p2b: Wo-Chien|Tablets of Ruin\n|switch|p1a: Grimmsnarl|Grimmsnarl, L50, M|65\/100\n|switch|p1b: Spectrier|Spectrier, L50|100\/100\n|move|p2a: Flutter Mane|Phantom Force||[still]\n|-prepare|p2a: Flutter Mane|Phantom Force\n|\n|-heal|p2b: Wo-Chien|40\/100|[from] item: Leftovers\n|upkeep\n|turn|7\n|inactive|Zadom123 has 30 seconds left.\n|inactive|Zadom123 has 20 seconds left.\n|inactive|Zadom123 has 15 seconds left.\n|-message|Zadom123 forfeited.\n|\n|win|hellycopeter\n|raw|hellycopeter's rating: 1058 &rarr; <strong>1096<\/strong><br \/>(+38 for winning)\n|raw|Zadom123's rating: 1130 &rarr; <strong>1100<\/strong><br \/>(-30 for losing)\n|l|\u203dZadom123\n|l|\u2606hellycopeter\n|j|\u203dZadom123\n|player|p2|Zadom123|benga\n","uploadtime":1700702625,"views":6,"p1id":"hellycopeter","p2id":"zadom123","formatid":"gen9vgc2023regulatione","rating":1096,"private":0,"password":""}