{"id":"gen9vgc2023regulatione-1989450654","p1":"ImMewtoThis312","p2":"Evendot","format":"[Gen 9] VGC 2023 Regulation E","log":"|j|\u2606ImMewtoThis312\n|j|\u2606Evendot\n|t:|1699852361\n|gametype|doubles\n|player|p1|ImMewtoThis312|whitney|\n|player|p2|Evendot|102|\n|teamsize|p1|6\n|teamsize|p2|6\n|gen|9\n|tier|[Gen 9] VGC 2023 Regulation E\n|rule|Species Clause: Limit one of each Pok\u00e9mon\n|rule|Item Clause: Limit one of each item\n|clearpoke\n|poke|p1|Baxcalibur, L50, M|\n|poke|p1|Umbreon, L50, M|\n|poke|p1|Gallade, L50, M|\n|poke|p1|Corviknight, L50, M|\n|poke|p1|Hydreigon, L50, F|\n|poke|p1|Gyarados, L50, M|\n|poke|p2|Dondozo, L50, F|\n|poke|p2|Mismagius, L50, M|\n|poke|p2|Rotom-Heat, L50|\n|poke|p2|Scizor, L50, M|\n|poke|p2|Lucario, L50, M|\n|poke|p2|Haxorus, L50, F|\n|teampreview|4\n|\n|t:|1699852415\n|start\n|switch|p1a: Gallade|Gallade, L50, M|100\/100\n|switch|p1b: Umbreon|Umbreon, L50, M|100\/100\n|switch|p2a: Dondozo|Dondozo, L50, F|100\/100\n|switch|p2b: Mismagius|Mismagius, L50, M|100\/100\n|turn|1\n|\n|t:|1699852438\n|switch|p2b: Scizor|Scizor, L50, M, shiny|100\/100\n|-terastallize|p2a: Dondozo|Fighting\n|move|p1a: Gallade|Leaf Blade|p2a: Dondozo\n|-damage|p2a: Dondozo|80\/100\n|move|p1b: Umbreon|Foul Play|p2b: Scizor\n|-damage|p2b: Scizor|36\/100\n|move|p2a: Dondozo|Body Press|p1b: Umbreon\n|-supereffective|p1b: Umbreon\n|-damage|p1b: Umbreon|25\/100\n|\n|-heal|p1b: Umbreon|31\/100|[from] item: Leftovers\n|-heal|p2a: Dondozo|86\/100|[from] item: Leftovers\n|upkeep\n|turn|2\n|\n|t:|1699852487\n|switch|p1a: Hydreigon|Hydreigon, L50, F|100\/100\n|move|p2b: Scizor|Bullet Punch|p1b: Umbreon\n|-damage|p1b: Umbreon|6\/100\n|move|p1b: Umbreon|Wish|p1b: Umbreon\n|move|p2a: Dondozo|Body Press|p1a: Hydreigon\n|-supereffective|p1a: Hydreigon\n|-damage|p1a: Hydreigon|0 fnt\n|faint|p1a: Hydreigon\n|\n|-heal|p1b: Umbreon|12\/100|[from] item: Leftovers\n|-heal|p2a: Dondozo|93\/100|[from] item: Leftovers\n|upkeep\n|\n|t:|1699852510\n|switch|p1a: Gallade|Gallade, L50, M|100\/100\n|turn|3\n|\n|t:|1699852536\n|move|p1a: Gallade|Leaf Blade|p2b: Scizor\n|-resisted|p2b: Scizor\n|-damage|p2b: Scizor|23\/100\n|move|p2b: Scizor|Dual Wingbeat|p1a: Gallade|[miss]\n|-miss|p2b: Scizor|p1a: Gallade\n|move|p1b: Umbreon|Yawn|p2a: Dondozo\n|-start|p2a: Dondozo|move: Yawn|[of] p1b: Umbreon\n|move|p2a: Dondozo|Body Press|p1b: Umbreon\n|-supereffective|p1b: Umbreon\n|-damage|p1b: Umbreon|0 fnt\n|faint|p1b: Umbreon\n|\n|-heal|p2a: Dondozo|99\/100|[from] item: Leftovers\n|upkeep\n|\n|t:|1699852550\n|switch|p1b: Baxcalibur|Baxcalibur, L50, M|100\/100\n|turn|4\n|\n|t:|1699852595\n|switch|p2a: Lucario|Lucario, L50, M|100\/100\n|move|p1a: Gallade|Protect|p1a: Gallade\n|-singleturn|p1a: Gallade|Protect\n|move|p1b: Baxcalibur|Ice Shard|p2b: Scizor\n|-resisted|p2b: Scizor\n|-damage|p2b: Scizor|7\/100\n|move|p2b: Scizor|Bullet Punch|p1b: Baxcalibur\n|-supereffective|p1b: Baxcalibur\n|-damage|p1b: Baxcalibur|21\/100\n|\n|upkeep\n|turn|5\n|\n|t:|1699852639\n|move|p1b: Baxcalibur|Ice Shard|p2a: Lucario\n|-resisted|p2a: Lucario\n|-damage|p2a: Lucario|83\/100\n|move|p2b: Scizor|Bullet Punch|p1b: Baxcalibur\n|-supereffective|p1b: Baxcalibur\n|-damage|p1b: Baxcalibur|0 fnt\n|faint|p1b: Baxcalibur\n|move|p2a: Lucario|Dragon Pulse|p1a: Gallade\n|-damage|p1a: Gallade|71\/100\n|move|p1a: Gallade|Leaf Blade|p2b: Scizor\n|-resisted|p2b: Scizor\n|-crit|p2b: Scizor\n|-damage|p2b: Scizor|0 fnt\n|faint|p2b: Scizor\n|\n|upkeep\n|\n|t:|1699852657\n|switch|p2b: Mismagius|Mismagius, L50, M|100\/100\n|turn|6\n|\n|t:|1699852675\n|move|p2b: Mismagius|Poltergeist|p1a: Gallade\n|-activate|p1a: Gallade|move: Poltergeist|Expert Belt\n|-supereffective|p1a: Gallade\n|-damage|p1a: Gallade|0 fnt\n|faint|p1a: Gallade\n|\n|win|Evendot\n|c|\u2606ImMewtoThis312|Gg!\n|l|\u2606ImMewtoThis312\n|c|\u2606Evendot|Gg\n|l|\u2606Evendot\n|j|\u2606Evendot\n|player|p2|Evendot|102\n","uploadtime":1699853100,"views":10,"p1id":"immewtothis312","p2id":"evendot","formatid":"gen9vgc2023regulatione","rating":0,"private":0,"password":""}