{"id":"gen9vgc2023regulatione-1997777116","p1":"tealpens3","p2":"mbiriba","format":"[Gen 9] VGC 2023 Regulation E","log":"|j|\u2606tealpens3\n|j|\u2606mbiriba\n|t:|1700851533\n|gametype|doubles\n|player|p1|tealpens3|2|1248\n|player|p2|mbiriba|lucas|1163\n|teamsize|p1|6\n|teamsize|p2|6\n|gen|9\n|tier|[Gen 9] VGC 2023 Regulation E\n|rated|\n|rule|Species Clause: Limit one of each Pok\u00e9mon\n|rule|Item Clause: Limit one of each item\n|clearpoke\n|poke|p1|Gothitelle, L50, F|\n|poke|p1|Urshifu-*, L50, M|\n|poke|p1|Rillaboom, L50, F|\n|poke|p1|Flutter Mane, L50|\n|poke|p1|Dragonite, L50, F|\n|poke|p1|Chien-Pao, L50|\n|poke|p2|Gholdengo, L50|\n|poke|p2|Tornadus, L50, M|\n|poke|p2|Chi-Yu, L50|\n|poke|p2|Ogerpon-Wellspring, L50, F|\n|poke|p2|Urshifu-*, L50, M|\n|poke|p2|Iron Hands, L50|\n|teampreview|4\n|inactive|Battle timer is ON: inactive players will automatically lose when time's up. (requested by tealpens3)\n|\n|t:|1700851566\n|start\n|switch|p1a: Gothitelle|Gothitelle, L50, F|100\/100\n|switch|p1b: Urshifu|Urshifu-Rapid-Strike, L50, M|100\/100\n|switch|p2a: Chi-Yu|Chi-Yu, L50|100\/100\n|switch|p2b: Gholdengo|Gholdengo, L50, shiny|100\/100\n|-ability|p2a: Chi-Yu|Beads of Ruin\n|turn|1\n|inactive|tealpens3 has 30 seconds left.\n|inactive|mbiriba has 30 seconds left.\n|\n|t:|1700851599\n|switch|p1a: Chien-Pao|Chien-Pao, L50|100\/100\n|-ability|p1a: Chien-Pao|Sword of Ruin\n|-terastallize|p1b: Urshifu|Water\n|-terastallize|p2b: Gholdengo|Dragon\n|move|p2a: Chi-Yu|Protect|p2a: Chi-Yu\n|-singleturn|p2a: Chi-Yu|Protect\n|move|p1b: Urshifu|Surging Strikes|p2b: Gholdengo\n|-resisted|p2b: Gholdengo\n|-crit|p2b: Gholdengo\n|-damage|p2b: Gholdengo|82\/100\n|-resisted|p2b: Gholdengo\n|-crit|p2b: Gholdengo\n|-damage|p2b: Gholdengo|62\/100\n|-resisted|p2b: Gholdengo\n|-crit|p2b: Gholdengo\n|-damage|p2b: Gholdengo|42\/100\n|-hitcount|p2b: Gholdengo|3\n|move|p2b: Gholdengo|Nasty Plot|p2b: Gholdengo\n|-boost|p2b: Gholdengo|spa|2\n|\n|-heal|p2b: Gholdengo|48\/100|[from] item: Leftovers\n|upkeep\n|turn|2\n|inactive|mbiriba has 30 seconds left.\n|\n|t:|1700851625\n|move|p1b: Urshifu|Surging Strikes|p2a: Chi-Yu\n|-supereffective|p2a: Chi-Yu\n|-crit|p2a: Chi-Yu\n|-damage|p2a: Chi-Yu|0 fnt\n|faint|p2a: Chi-Yu\n|-hitcount|p2: Chi-Yu|1\n|move|p1a: Chien-Pao|Icicle Crash|p2b: Gholdengo\n|-supereffective|p2b: Gholdengo\n|-damage|p2b: Gholdengo|0 fnt\n|faint|p2b: Gholdengo\n|\n|upkeep\n|c|\u2606tealpens3|dayum\n|\n|t:|1700851635\n|switch|p2a: Iron Hands|Iron Hands, L50|100\/100\n|switch|p2b: Ogerpon|Ogerpon-Wellspring, L50, F|100\/100\n|turn|3\n|inactive|tealpens3 has 30 seconds left.\n|inactive|tealpens3 has 20 seconds left.\n|\n|t:|1700851674\n|switch|p1b: Dragonite|Dragonite, L50, F|100\/100\n|move|p1a: Chien-Pao|Protect|p1a: Chien-Pao\n|-singleturn|p1a: Chien-Pao|Protect\n|move|p2a: Iron Hands|Fake Out|p1a: Chien-Pao\n|-activate|p1a: Chien-Pao|move: Protect\n|move|p2b: Ogerpon|Horn Leech|p1b: Dragonite\n|-resisted|p1b: Dragonite\n|-damage|p1b: Dragonite|86\/100\n|\n|upkeep\n|turn|4\n|inactive|tealpens3 has 30 seconds left.\n|inactive|tealpens3 has 20 seconds left.\n|\n|t:|1700851712\n|move|p2b: Ogerpon|Spiky Shield|p2b: Ogerpon\n|-singleturn|p2b: Ogerpon|move: Protect\n|move|p1a: Chien-Pao|Icicle Crash|p2a: Iron Hands\n|-damage|p2a: Iron Hands|58\/100\n|move|p1b: Dragonite|Stomping Tantrum|p2a: Iron Hands\n|-supereffective|p2a: Iron Hands\n|-damage|p2a: Iron Hands|0 fnt\n|faint|p2a: Iron Hands\n|-end|p2a: Iron Hands|Quark Drive|[silent]\n|\n|upkeep\n|turn|5\n|c|\u2606tealpens3|gg\n|c|\u2606mbiriba|gg bro\n|\n|t:|1700851734\n|switch|p1b: Gothitelle|Gothitelle, L50, F|100\/100\n|move|p2b: Ogerpon|Spiky Shield|p2b: Ogerpon\n|-singleturn|p2b: Ogerpon|move: Protect\n|move|p1a: Chien-Pao|Sacred Sword|p2b: Ogerpon\n|-activate|p2b: Ogerpon|move: Protect\n|-damage|p1a: Chien-Pao|88\/100|[from] Spiky Shield|[of] p2b: Ogerpon\n|\n|upkeep\n|turn|6\n|c|\u2606tealpens3|im surprised you didnt follow me and clicked protect\n|c|\u2606tealpens3|it didnt help you\n|\n|t:|1700851752\n|move|p1b: Gothitelle|Fake Out|p2b: Ogerpon\n|-damage|p2b: Ogerpon|93\/100\n|move|p1a: Chien-Pao|Sacred Sword|p2b: Ogerpon\n|-damage|p2b: Ogerpon|45\/100\n|cant|p2b: Ogerpon|flinch\n|\n|upkeep\n|turn|7\n|-message|mbiriba forfeited.\n|\n|win|tealpens3\n|raw|tealpens3's rating: 1248 &rarr; <strong>1267<\/strong><br \/>(+19 for winning)\n|raw|mbiriba's rating: 1163 &rarr; <strong>1144<\/strong><br \/>(-19 for losing)\n|l|\u2606mbiriba\n","uploadtime":1700851768,"views":17,"p1id":"tealpens3","p2id":"mbiriba","formatid":"gen9vgc2023regulatione","rating":1144,"private":0,"password":""}