{"id":"gen9vgc2023regulatione-1991501122","p1":"Samuel Spindawin","p2":"Astarosa9001","format":"[Gen 9] VGC 2023 Regulation E","log":"|j|\u2606Samuel Spindawin\n|j|\u2606Astarosa9001\n|t:|1700082705\n|gametype|doubles\n|player|p1|Samuel Spindawin|266|1204\n|player|p2|Astarosa9001|lady-gen4|1278\n|teamsize|p1|6\n|teamsize|p2|6\n|gen|9\n|tier|[Gen 9] VGC 2023 Regulation E\n|rated|\n|rule|Species Clause: Limit one of each Pok\u00e9mon\n|rule|Item Clause: Limit one of each item\n|clearpoke\n|poke|p1|Volcarona, L50, F|\n|poke|p1|Landorus-Therian, L50, M|\n|poke|p1|Gholdengo, L50|\n|poke|p1|Grimmsnarl, L50, M|\n|poke|p1|Ogerpon-Wellspring, L50, F|\n|poke|p1|Tornadus, L50, M|\n|poke|p2|Chien-Pao, L50|\n|poke|p2|Dragonite, L50, M|\n|poke|p2|Arcanine-Hisui, L50, F|\n|poke|p2|Iron Hands, L50|\n|poke|p2|Flutter Mane, L50|\n|poke|p2|Rillaboom, L50, M|\n|teampreview|4\n|j| Kari-Hime\nAstarosa9001 has agreed to open team sheets.\nSamuel Spindawin has agreed to open team sheets.\n|\n|t:|1700082776\n|start\n|switch|p1a: Grimmsnarl|Grimmsnarl, L50, M|100\/100\n|switch|p1b: Landorus|Landorus-Therian, L50, M|100\/100\n|switch|p2a: Dragonite|Dragonite, L50, M|100\/100\n|switch|p2b: Chien-Pao|Chien-Pao, L50|100\/100\n|-ability|p1b: Landorus|Intimidate|boost\n|-fail|p2a: Dragonite|unboost|Attack|[from] ability: Inner Focus|[of] p2a: Dragonite\n|-unboost|p2b: Chien-Pao|atk|1\n|-ability|p2b: Chien-Pao|Sword of Ruin\n|turn|1\n|\n|t:|1700082827\n|-terastallize|p2a: Dragonite|Normal\n|move|p2b: Chien-Pao|Protect|p2b: Chien-Pao\n|-singleturn|p2b: Chien-Pao|Protect\n|move|p2a: Dragonite|Extreme Speed|p1a: Grimmsnarl\n|-damage|p1a: Grimmsnarl|22\/100\n|move|p1a: Grimmsnarl|Reflect|p1a: Grimmsnarl\n|-sidestart|p1: Samuel Spindawin|Reflect\n|move|p1b: Landorus|U-turn|p2a: Dragonite\n|-damage|p2a: Dragonite|58\/100\n|\n|t:|1700082841\n|switch|p1b: Volcarona|Volcarona, L50, F|100\/100|[from] U-turn\n|\n|upkeep\n|turn|2\n|\n|t:|1700082887\n|switch|p2b: Arcanine|Arcanine-Hisui, L50, F|100\/100\n|-ability|p2b: Arcanine|Intimidate|boost\n|-unboost|p1a: Grimmsnarl|atk|1\n|-unboost|p1b: Volcarona|atk|1\n|switch|p1a: Landorus|Landorus-Therian, L50, M|100\/100\n|-ability|p1a: Landorus|Intimidate|boost\n|-fail|p2a: Dragonite|unboost|Attack|[from] ability: Inner Focus|[of] p2a: Dragonite\n|-unboost|p2b: Arcanine|atk|1\n|move|p2a: Dragonite|Extreme Speed|p1a: Landorus\n|-damage|p1a: Landorus|49\/100\n|move|p1b: Volcarona|Will-O-Wisp|p2a: Dragonite|[miss]\n|-miss|p1b: Volcarona|p2a: Dragonite\n|\n|upkeep\n|turn|3\n|\n|t:|1700082924\n|switch|p1a: Grimmsnarl|Grimmsnarl, L50, M|22\/100\n|switch|p2a: Iron Hands|Iron Hands, L50|100\/100\n|move|p1b: Volcarona|Protect|p1b: Volcarona\n|-singleturn|p1b: Volcarona|Protect\n|move|p2b: Arcanine|Rock Slide|p1b: Volcarona|[spread] p1a\n|-activate|p1b: Volcarona|move: Protect\n|-damage|p1a: Grimmsnarl|10\/100\n|\n|upkeep\n|turn|4\n|\n|t:|1700082948\n|move|p2a: Iron Hands|Fake Out|p1b: Volcarona\n|-damage|p1b: Volcarona|91\/100\n|move|p1a: Grimmsnarl|Parting Shot|p2b: Arcanine\n|-unboost|p2b: Arcanine|atk|1\n|-unboost|p2b: Arcanine|spa|1\n|\n|t:|1700082953\n|switch|p1a: Landorus|Landorus-Therian, L50, M|49\/100|[from] Parting Shot\n|-ability|p1a: Landorus|Intimidate|boost\n|-unboost|p2a: Iron Hands|atk|1\n|-unboost|p2b: Arcanine|atk|1\n|cant|p1b: Volcarona|flinch\n|move|p2b: Arcanine|Rock Slide|p1b: Volcarona|[spread] p1a,p1b\n|-supereffective|p1b: Volcarona\n|-damage|p1a: Landorus|40\/100\n|-damage|p1b: Volcarona|65\/100\n|\n|upkeep\n|turn|5\n|\n|t:|1700083019\n|switch|p1a: Grimmsnarl|Grimmsnarl, L50, M|10\/100\n|switch|p2b: Chien-Pao|Chien-Pao, L50|100\/100\n|-ability|p2b: Chien-Pao|Sword of Ruin\n|move|p1b: Volcarona|Will-O-Wisp|p2a: Iron Hands\n|-status|p2a: Iron Hands|brn\n|move|p2a: Iron Hands|Wild Charge|p1b: Volcarona\n|-damage|p1b: Volcarona|51\/100\n|-damage|p2a: Iron Hands|98\/100 brn|[from] Recoil\n|\n|-damage|p2a: Iron Hands|92\/100 brn|[from] brn\n|upkeep\n|turn|6\n|\n|t:|1700083052\n|switch|p2b: Arcanine|Arcanine-Hisui, L50, F|100\/100\n|-ability|p2b: Arcanine|Intimidate|boost\n|-unboost|p1a: Grimmsnarl|atk|1\n|-unboost|p1b: Volcarona|atk|1\n|move|p1a: Grimmsnarl|Parting Shot|p2a: Iron Hands\n|-unboost|p2a: Iron Hands|atk|1\n|-unboost|p2a: Iron Hands|spa|1\n|\n|t:|1700083058\n|switch|p1a: Landorus|Landorus-Therian, L50, M|40\/100|[from] Parting Shot\n|-ability|p1a: Landorus|Intimidate|boost\n|-unboost|p2a: Iron Hands|atk|1\n|-unboost|p2b: Arcanine|atk|1\n|move|p1b: Volcarona|Heat Wave|p2a: Iron Hands|[spread] p2a,p2b\n|-resisted|p2b: Arcanine\n|-damage|p2a: Iron Hands|71\/100 brn\n|-damage|p2b: Arcanine|93\/100\n|move|p2a: Iron Hands|Heavy Slam|p1a: Landorus\n|-damage|p1a: Landorus|33\/100\n|\n|-heal|p2b: Arcanine|99\/100|[from] item: Leftovers\n|-damage|p2a: Iron Hands|64\/100 brn|[from] brn\n|upkeep\n|turn|7\n|\n|t:|1700083086\n|switch|p1b: Ogerpon|Ogerpon-Wellspring, L50, F|100\/100\n|switch|p2b: Chien-Pao|Chien-Pao, L50|100\/100\n|-ability|p2b: Chien-Pao|Sword of Ruin\n|-end|p2a: Iron Hands|Quark Drive|[silent]\n|switch|p2a: Dragonite|Dragonite, L50, M, tera:Normal|58\/100\n|move|p1a: Landorus|U-turn|p2a: Dragonite\n|-damage|p2a: Dragonite|21\/100\n|\n|t:|1700083101\n|switch|p1a: Grimmsnarl|Grimmsnarl, L50, M|10\/100|[from] U-turn\n|\n|upkeep\n|turn|8\n|\n|t:|1700083129\n|switch|p2a: Iron Hands|Iron Hands, L50|64\/100 brn\n|move|p2b: Chien-Pao|Sacred Sword|p1a: Grimmsnarl\n|-damage|p1a: Grimmsnarl|0 fnt\n|faint|p1a: Grimmsnarl\n|move|p1b: Ogerpon|Swords Dance|p1b: Ogerpon\n|-boost|p1b: Ogerpon|atk|2\n|\n|-damage|p2a: Iron Hands|58\/100 brn|[from] brn\n|-sideend|p1: Samuel Spindawin|Reflect\n|upkeep\n|\n|t:|1700083140\n|switch|p1a: Volcarona|Volcarona, L50, F|51\/100\n|turn|9\n|\n|t:|1700083185\n|switch|p2b: Arcanine|Arcanine-Hisui, L50, F|99\/100\n|-ability|p2b: Arcanine|Intimidate|boost\n|-unboost|p1a: Volcarona|atk|1\n|-unboost|p1b: Ogerpon|atk|1\n|move|p2a: Iron Hands|Fake Out|p1b: Ogerpon\n|-damage|p1b: Ogerpon|90\/100\n|cant|p1b: Ogerpon|flinch\n|move|p1a: Volcarona|Heat Wave|p2b: Arcanine|[spread] p2a,p2b\n|-resisted|p2b: Arcanine\n|-damage|p2a: Iron Hands|38\/100 brn\n|-damage|p2b: Arcanine|91\/100\n|\n|-heal|p2b: Arcanine|97\/100|[from] item: Leftovers\n|-damage|p2a: Iron Hands|32\/100 brn|[from] brn\n|upkeep\n|turn|10\n|\n|t:|1700083219\n|move|p1a: Volcarona|Protect|p1a: Volcarona\n|-singleturn|p1a: Volcarona|Protect\n|move|p1b: Ogerpon|Ivy Cudgel|p2b: Arcanine|[anim] Ivy Cudgel Water\n|-supereffective|p2b: Arcanine\n|-damage|p2b: Arcanine|0 fnt\n|faint|p2b: Arcanine\n|move|p2a: Iron Hands|Wild Charge|p1a: Volcarona\n|-activate|p1a: Volcarona|move: Protect\n|\n|-damage|p2a: Iron Hands|26\/100 brn|[from] brn\n|upkeep\n|\n|t:|1700083240\n|switch|p2b: Dragonite|Dragonite, L50, M, tera:Normal|21\/100\n|turn|11\n|\n|t:|1700083261\n|-end|p2a: Iron Hands|Quark Drive|[silent]\n|switch|p2a: Chien-Pao|Chien-Pao, L50|100\/100\n|-ability|p2a: Chien-Pao|Sword of Ruin\n|move|p1b: Ogerpon|Spiky Shield|p1b: Ogerpon\n|-singleturn|p1b: Ogerpon|move: Protect\n|move|p2b: Dragonite|Extreme Speed|p1b: Ogerpon\n|-activate|p1b: Ogerpon|move: Protect\n|-damage|p2b: Dragonite|9\/100|[from] Spiky Shield|[of] p1b: Ogerpon\n|move|p1a: Volcarona|Heat Wave|p2b: Dragonite|[spread] p2b\n|-miss|p1a: Volcarona|p2a: Chien-Pao\n|-damage|p2b: Dragonite|0 fnt\n|faint|p2b: Dragonite\n|\n|upkeep\n|\n|t:|1700083267\n|switch|p2b: Iron Hands|Iron Hands, L50|26\/100 brn\n|turn|12\n|\n|t:|1700083285\n|switch|p1b: Landorus|Landorus-Therian, L50, M|33\/100\n|-ability|p1b: Landorus|Intimidate|boost\n|-unboost|p2a: Chien-Pao|atk|1\n|-unboost|p2b: Iron Hands|atk|1\n|move|p2a: Chien-Pao|Icicle Crash|p1b: Landorus\n|-supereffective|p1b: Landorus\n|-damage|p1b: Landorus|0 fnt\n|faint|p1b: Landorus\n|move|p1a: Volcarona|Heat Wave|p2a: Chien-Pao|[spread] p2b\n|-miss|p1a: Volcarona|p2a: Chien-Pao\n|-damage|p2b: Iron Hands|5\/100 brn\n|move|p2b: Iron Hands|Wild Charge|p1a: Volcarona\n|-damage|p1a: Volcarona|28\/100\n|-enditem|p1a: Volcarona|Sitrus Berry|[eat]\n|-heal|p1a: Volcarona|53\/100|[from] item: Sitrus Berry\n|-damage|p2b: Iron Hands|1\/100 brn|[from] Recoil\n|\n|-damage|p2b: Iron Hands|0 fnt|[from] brn\n|faint|p2b: Iron Hands\n|-end|p2b: Iron Hands|Quark Drive|[silent]\n|upkeep\n|\n|t:|1700083299\n|switch|p1b: Ogerpon|Ogerpon-Wellspring, L50, F|90\/100\n|turn|13\n|\n|t:|1700083315\n|-terastallize|p1b: Ogerpon|Water\n|detailschange|p1b: Ogerpon|Ogerpon-Wellspring-Tera, L50, F, tera:Water\n|-ability|p1b: Ogerpon|Embody Aspect (Wellspring)|boost\n|-boost|p1b: Ogerpon|spd|1\n|move|p2a: Chien-Pao|Icicle Crash|p1b: Ogerpon\n|-resisted|p1b: Ogerpon\n|-damage|p1b: Ogerpon|65\/100\n|move|p1b: Ogerpon|Ivy Cudgel|p2a: Chien-Pao|[anim] Ivy Cudgel Water\n|-crit|p2a: Chien-Pao\n|-enditem|p2a: Chien-Pao|Focus Sash\n|-damage|p2a: Chien-Pao|1\/100\n|move|p1a: Volcarona|Will-O-Wisp|p2a: Chien-Pao\n|-status|p2a: Chien-Pao|brn\n|\n|-damage|p2a: Chien-Pao|0 fnt|[from] brn\n|faint|p2a: Chien-Pao\n|\n|win|Samuel Spindawin\n|upkeep\n|raw|Samuel Spindawin's rating: 1204 &rarr; <strong>1234<\/strong><br \/>(+30 for winning)\n|raw|Astarosa9001's rating: 1278 &rarr; <strong>1248<\/strong><br \/>(-30 for losing)\n|l| Kari-Hime\n","uploadtime":1700083334,"views":23,"p1id":"samuelspindawin","p2id":"astarosa9001","formatid":"gen9vgc2023regulatione","rating":1234,"private":0,"password":""}