{"id":"gen9vgc2023regulatione-1999941060","p1":"Bidoof slays","p2":"Kzjzkz","format":"[Gen 9] VGC 2023 Regulation E","log":"|j|\u2606Bidoof slays\n|j|\u2606Kzjzkz\n|t:|1701132590\n|gametype|doubles\n|player|p1|Bidoof slays|unknown|1053\n|player|p2|Kzjzkz|lance|1078\n|teamsize|p1|6\n|teamsize|p2|6\n|gen|9\n|tier|[Gen 9] VGC 2023 Regulation E\n|rated|\n|rule|Species Clause: Limit one of each Pok\u00e9mon\n|rule|Item Clause: Limit one of each item\n|clearpoke\n|poke|p1|Sinistcha-Masterpiece, L50|\n|poke|p1|Chi-Yu, L50|\n|poke|p1|Tornadus, L50, M|\n|poke|p1|Ninetales-Alola, L50, M|\n|poke|p1|Regieleki, L50|\n|poke|p1|Urshifu-*, L50, M|\n|poke|p2|Flutter Mane, L50|\n|poke|p2|Tornadus, L50, M|\n|poke|p2|Rillaboom, L50, F|\n|poke|p2|Garganacl, L50, M|\n|poke|p2|Arcanine-Hisui, L50, F|\n|poke|p2|Chien-Pao, L50|\n|teampreview|4\n|n|\u2606Kzjzkz|kzjzkz\n|inactive|Battle timer is ON: inactive players will automatically lose when time's up. (requested by Kzjzkz)\n|\n|t:|1701132622\n|start\n|switch|p1a: Regieleki|Regieleki, L50|100\/100\n|switch|p1b: Ninetales|Ninetales-Alola, L50, M|100\/100\n|switch|p2a: Tornadus|Tornadus, L50, M|100\/100\n|switch|p2b: Garganacl|Garganacl, L50, M|100\/100\n|-weather|Snow|[from] ability: Snow Warning|[of] p1b: Ninetales\n|turn|1\n|\n|t:|1701132640\n|-terastallize|p2b: Garganacl|Ghost\n|move|p2a: Tornadus|Tailwind|p2a: Tornadus\n|-sidestart|p2: Kzjzkz|move: Tailwind\n|move|p1a: Regieleki|Thunderbolt|p2a: Tornadus\n|-supereffective|p2a: Tornadus\n|-damage|p2a: Tornadus|17\/100\n|move|p1b: Ninetales|Aurora Veil|p1b: Ninetales\n|-sidestart|p1: Bidoof slays|move: Aurora Veil\n|move|p2b: Garganacl|Salt Cure|p1a: Regieleki\n|-damage|p1a: Regieleki|86\/100\n|-start|p1a: Regieleki|Salt Cure\n|\n|-weather|Snow|[upkeep]\n|-damage|p1a: Regieleki|73\/100|[from] Salt Cure\n|upkeep\n|turn|2\n|\n|t:|1701132660\n|move|p2a: Tornadus|Bleakwind Storm|p1a: Regieleki|[spread] p1a,p1b\n|-resisted|p1a: Regieleki\n|-damage|p1a: Regieleki|62\/100\n|-damage|p1b: Ninetales|78\/100\n|-unboost|p1a: Regieleki|spe|1\n|move|p1a: Regieleki|Volt Switch|p2a: Tornadus\n|-supereffective|p2a: Tornadus\n|-damage|p2a: Tornadus|0 fnt\n|faint|p2a: Tornadus\n|\n|t:|1701132672\n|switch|p1a: Sinistcha|Sinistcha-Masterpiece, L50|100\/100|[from] Volt Switch\n|move|p1b: Ninetales|Blizzard|p2b: Garganacl\n|-damage|p2b: Garganacl|67\/100\n|move|p2b: Garganacl|Salt Cure|p1b: Ninetales\n|-supereffective|p1b: Ninetales\n|-damage|p1b: Ninetales|60\/100\n|-start|p1b: Ninetales|Salt Cure\n|\n|-weather|Snow|[upkeep]\n|-damage|p1b: Ninetales|48\/100|[from] Salt Cure\n|upkeep\n|\n|t:|1701132680\n|switch|p2a: Arcanine|Arcanine-Hisui, L50, F|100\/100\n|-ability|p2a: Arcanine|Intimidate|boost\n|-unboost|p1a: Sinistcha|atk|1\n|-unboost|p1b: Ninetales|atk|1\n|turn|3\n|\n|t:|1701132700\n|switch|p1b: Urshifu|Urshifu-Rapid-Strike, L50, M|100\/100\n|-terastallize|p1a: Sinistcha|Water\n|move|p2a: Arcanine|Rock Slide|p1b: Urshifu|[spread] p1a,p1b\n|-resisted|p1b: Urshifu\n|-damage|p1a: Sinistcha|75\/100\n|-damage|p1b: Urshifu|87\/100\n|move|p2b: Garganacl|Salt Cure|p1a: Sinistcha\n|-damage|p1a: Sinistcha|65\/100\n|-start|p1a: Sinistcha|Salt Cure\n|move|p1a: Sinistcha|Strength Sap|p2a: Arcanine\n|-unboost|p2a: Arcanine|atk|1\n|-heal|p1a: Sinistcha|100\/100\n|\n|-weather|Snow|[upkeep]\n|-damage|p1a: Sinistcha|76\/100|[from] Salt Cure\n|upkeep\n|turn|4\n|\n|t:|1701132724\n|switch|p2a: Rillaboom|Rillaboom, L50, F|100\/100\n|-fieldstart|move: Grassy Terrain|[from] ability: Grassy Surge|[of] p2a: Rillaboom\n|move|p1b: Urshifu|Surging Strikes|p2a: Rillaboom\n|-resisted|p2a: Rillaboom\n|-crit|p2a: Rillaboom\n|-damage|p2a: Rillaboom|90\/100\n|-resisted|p2a: Rillaboom\n|-crit|p2a: Rillaboom\n|-damage|p2a: Rillaboom|79\/100\n|-resisted|p2a: Rillaboom\n|-crit|p2a: Rillaboom\n|-damage|p2a: Rillaboom|68\/100\n|-hitcount|p2a: Rillaboom|3\n|move|p2b: Garganacl|Salt Cure|p1b: Urshifu\n|-resisted|p1b: Urshifu\n|-damage|p1b: Urshifu|82\/100\n|-start|p1b: Urshifu|Salt Cure\n|move|p1a: Sinistcha|Shadow Ball|p2b: Garganacl\n|-supereffective|p2b: Garganacl\n|-damage|p2b: Garganacl|37\/100\n|-enditem|p2b: Garganacl|Sitrus Berry|[eat]\n|-heal|p2b: Garganacl|62\/100|[from] item: Sitrus Berry\n|\n|-weather|Snow|[upkeep]\n|-heal|p2a: Rillaboom|73\/100|[from] Grassy Terrain\n|-heal|p1b: Urshifu|88\/100|[from] Grassy Terrain\n|-heal|p2b: Garganacl|68\/100|[from] Grassy Terrain\n|-heal|p1a: Sinistcha|82\/100|[from] Grassy Terrain\n|-damage|p1b: Urshifu|63\/100|[from] Salt Cure\n|-damage|p1a: Sinistcha|57\/100|[from] Salt Cure\n|-sideend|p2: Kzjzkz|move: Tailwind\n|upkeep\n|turn|5\n|inactive|Bidoof slays has 30 seconds left.\n|\n|t:|1701132756\n|move|p1b: Urshifu|Aqua Jet|p2b: Garganacl\n|-damage|p2b: Garganacl|49\/100\n|move|p2a: Rillaboom|Wood Hammer|p1a: Sinistcha\n|-supereffective|p1a: Sinistcha\n|-damage|p1a: Sinistcha|0 fnt\n|faint|p1a: Sinistcha\n|-damage|p2a: Rillaboom|58\/100|[from] Recoil\n|move|p2b: Garganacl|Recover|p2b: Garganacl\n|-heal|p2b: Garganacl|99\/100\n|\n|-weather|none\n|-heal|p1b: Urshifu|69\/100|[from] Grassy Terrain\n|-heal|p2a: Rillaboom|63\/100|[from] Grassy Terrain\n|-heal|p2b: Garganacl|100\/100|[from] Grassy Terrain\n|-damage|p1b: Urshifu|44\/100|[from] Salt Cure\n|-sideend|p1: Bidoof slays|move: Aurora Veil\n|upkeep\n|\n|t:|1701132774\n|switch|p1a: Regieleki|Regieleki, L50|62\/100\n|turn|6\n|-message|Bidoof slays forfeited.\n|\n|win|Kzjzkz\n|raw|Bidoof slays's rating: 1053 &rarr; <strong>1036<\/strong><br \/>(-17 for losing)\n|raw|Kzjzkz's rating: 1078 &rarr; <strong>1104<\/strong><br \/>(+26 for winning)\n|l|\u2606Bidoof slays\n","uploadtime":1701132788,"views":4,"p1id":"bidoofslays","p2id":"kzjzkz","formatid":"gen9vgc2023regulatione","rating":1036,"private":0,"password":""}