{"id":"gen9vgc2023regulatione-1992337965","p1":"Leek_Alt","p2":"teamcb3","format":"[Gen 9] VGC 2023 Regulation E","log":"|j|\u203dLeek_Alt\n|j|\u2606teamcb3\n|t:|1700176187\n|gametype|doubles\n|player|p1|Leek_Alt|101|1147\n|player|p2|teamcb3|266|1097\n|teamsize|p1|6\n|teamsize|p2|6\n|gen|9\n|tier|[Gen 9] VGC 2023 Regulation E\n|rated|\n|rule|Species Clause: Limit one of each Pok\u00e9mon\n|rule|Item Clause: Limit one of each item\n|clearpoke\n|poke|p1|Iron Bundle, L50|\n|poke|p1|Gholdengo, L50|\n|poke|p1|Landorus-Therian, L50, M|\n|poke|p1|Amoonguss, L50, M|\n|poke|p1|Arcanine-Hisui, L50, M|\n|poke|p1|Flutter Mane, L50|\n|poke|p2|Glastrier, L50|\n|poke|p2|Amoonguss, L50, F|\n|poke|p2|Armarouge, L50, M|\n|poke|p2|Indeedee-F, L50, F|\n|poke|p2|Ninetales-Alola, L50, M|\n|poke|p2|Sandslash-Alola, L50, F|\n|teampreview|4\n|inactive|Battle timer is ON: inactive players will automatically lose when time's up. (requested by teamcb3)\nLeek_Alt has agreed to open team sheets.\nteamcb3 has agreed to open team sheets.\n|\n|t:|1700176213\n|start\n|switch|p1a: Arcanine|Arcanine-Hisui, L50, M|100\/100\n|switch|p1b: Gholdengo|Gholdengo, L50|100\/100\n|switch|p2a: Indeedee|Indeedee-F, L50, F|100\/100\n|switch|p2b: Armarouge|Armarouge, L50, M|100\/100\n|-ability|p1a: Arcanine|Intimidate|boost\n|-unboost|p2a: Indeedee|atk|1\n|-unboost|p2b: Armarouge|atk|1\n|-fieldstart|move: Psychic Terrain|[from] ability: Psychic Surge|[of] p2a: Indeedee\n|turn|1\n|\n|t:|1700176230\n|move|p2a: Indeedee|Follow Me|p2a: Indeedee\n|-singleturn|p2a: Indeedee|move: Follow Me\n|move|p1a: Arcanine|Rock Slide|p2a: Indeedee|[spread] p2a,p2b\n|-supereffective|p2b: Armarouge\n|-damage|p2a: Indeedee|73\/100\n|-damage|p2b: Armarouge|47\/100\n|move|p1b: Gholdengo|Make It Rain|p2a: Indeedee|[spread] p2a,p2b\n|-resisted|p2b: Armarouge\n|-damage|p2a: Indeedee|11\/100\n|-damage|p2b: Armarouge|16\/100\n|-unboost|p1b: Gholdengo|spa|1\n|-damage|p1b: Gholdengo|90\/100|[from] item: Life Orb\n|move|p2b: Armarouge|Trick Room|p2b: Armarouge\n|-fieldstart|move: Trick Room|[of] p2b: Armarouge\n|\n|upkeep\n|turn|2\n|\n|t:|1700176250\n|-terastallize|p2b: Armarouge|Grass\n|move|p1a: Arcanine|Protect|p1a: Arcanine\n|-singleturn|p1a: Arcanine|Protect\n|move|p2b: Armarouge|Expanding Force|p1a: Arcanine|[spread] p1b\n|-activate|p1a: Arcanine|move: Protect\n|-resisted|p1b: Gholdengo\n|-damage|p1b: Gholdengo|56\/100\n|move|p1b: Gholdengo|Nasty Plot|p1b: Gholdengo\n|-boost|p1b: Gholdengo|spa|2\n|move|p2a: Indeedee|Heal Pulse|p2b: Armarouge\n|-heal|p2b: Armarouge|66\/100\n|\n|upkeep\n|turn|3\n|\n|t:|1700176270\n|switch|p1a: Amoonguss|Amoonguss, L50, M|100\/100\n|-terastallize|p1b: Gholdengo|Dragon\n|move|p2b: Armarouge|Armor Cannon|p1b: Gholdengo\n|-resisted|p1b: Gholdengo\n|-damage|p1b: Gholdengo|20\/100\n|-unboost|p2b: Armarouge|def|1\n|-unboost|p2b: Armarouge|spd|1\n|move|p1b: Gholdengo|Make It Rain|p2a: Indeedee|[spread] p2a,p2b\n|-damage|p2a: Indeedee|0 fnt\n|-damage|p2b: Armarouge|0 fnt\n|-unboost|p1b: Gholdengo|spa|1\n|faint|p2a: Indeedee\n|faint|p2b: Armarouge\n|-damage|p1b: Gholdengo|10\/100|[from] item: Life Orb\n|\n|upkeep\n|\n|t:|1700176286\n|switch|p2b: Amoonguss|Amoonguss, L50, F, shiny|100\/100\n|switch|p2a: Glastrier|Glastrier, L50|100\/100\n|turn|4\n|\n|t:|1700176308\n|switch|p1b: Arcanine|Arcanine-Hisui, L50, M|100\/100\n|-ability|p1b: Arcanine|Intimidate|boost\n|-unboost|p2a: Glastrier|atk|1\n|-unboost|p2b: Amoonguss|atk|1\n|move|p2a: Glastrier|Icicle Crash|p1a: Amoonguss\n|-supereffective|p1a: Amoonguss\n|-damage|p1a: Amoonguss|41\/100\n|cant|p1a: Amoonguss|flinch\n|move|p2b: Amoonguss|Pollen Puff|p1b: Arcanine\n|-resisted|p1b: Arcanine\n|-damage|p1b: Arcanine|93\/100\n|\n|upkeep\n|turn|5\n|\n|t:|1700176326\n|switch|p1a: Landorus|Landorus-Therian, L50, M|100\/100\n|-ability|p1a: Landorus|Intimidate|boost\n|-unboost|p2a: Glastrier|atk|1\n|-unboost|p2b: Amoonguss|atk|1\n|move|p2b: Amoonguss|Rage Powder|p2b: Amoonguss\n|-singleturn|p2b: Amoonguss|move: Rage Powder\n|move|p2a: Glastrier|Icicle Crash|p1a: Landorus\n|-supereffective|p1a: Landorus\n|-damage|p1a: Landorus|0 fnt\n|faint|p1a: Landorus\n|-ability|p2a: Glastrier|Chilling Neigh|boost\n|-boost|p2a: Glastrier|atk|1\n|move|p1b: Arcanine|Will-O-Wisp|p2b: Amoonguss\n|-status|p2b: Amoonguss|brn\n|\n|-damage|p2b: Amoonguss|95\/100 brn|[from] brn\n|-fieldend|move: Trick Room\n|-fieldend|move: Psychic Terrain\n|upkeep\n|\n|t:|1700176338\n|switch|p1a: Gholdengo|Gholdengo, L50, tera:Dragon|10\/100\n|turn|6\n|\n|t:|1700176353\n|move|p2b: Amoonguss|Rage Powder|p2b: Amoonguss\n|-singleturn|p2b: Amoonguss|move: Rage Powder\n|move|p1b: Arcanine|Flare Blitz|p2b: Amoonguss\n|-supereffective|p2b: Amoonguss\n|-damage|p2b: Amoonguss|10\/100 brn\n|-enditem|p2b: Amoonguss|Sitrus Berry|[eat]\n|-heal|p2b: Amoonguss|34\/100 brn|[from] item: Sitrus Berry\n|-damage|p1b: Arcanine|62\/100|[from] Recoil\n|move|p1a: Gholdengo|Make It Rain|p2a: Glastrier|[spread] p2a,p2b\n|-supereffective|p2a: Glastrier\n|-crit|p2a: Glastrier\n|-damage|p2a: Glastrier|0 fnt\n|-damage|p2b: Amoonguss|0 fnt\n|-unboost|p1a: Gholdengo|spa|1\n|faint|p2a: Glastrier\n|faint|p2b: Amoonguss\n|-damage|p1a: Gholdengo|0 fnt|[from] item: Life Orb\n|faint|p1a: Gholdengo\n|\n|win|Leek_Alt\n|raw|Leek_Alt's rating: 1147 &rarr; <strong>1168<\/strong><br \/>(+21 for winning)\n|raw|teamcb3's rating: 1097 &rarr; <strong>1076<\/strong><br \/>(-21 for losing)\n|l|\u2606teamcb3\n","uploadtime":1700176372,"views":12,"p1id":"leekalt","p2id":"teamcb3","formatid":"gen9vgc2023regulatione","rating":1076,"private":0,"password":""}