{"id":"gen9vgc2023regulatione-1999139444","p1":"gabtesting","p2":"on11chan69","format":"[Gen 9] VGC 2023 Regulation E","log":"|j|\u2606gabtesting\n|j|\u2606on11chan69\n|t:|1701037443\n|gametype|doubles\n|player|p1|gabtesting|wallace|1077\n|player|p2|on11chan69|2|1158\n|teamsize|p1|6\n|teamsize|p2|6\n|gen|9\n|tier|[Gen 9] VGC 2023 Regulation E\n|rated|\n|rule|Species Clause: Limit one of each Pok\u00e9mon\n|rule|Item Clause: Limit one of each item\n|clearpoke\n|poke|p1|Ninetales-Alola, L50, F|\n|poke|p1|Cetitan, L50, F|\n|poke|p1|Baxcalibur, L50, M|\n|poke|p1|Landorus-Therian, L50, M|\n|poke|p1|Heatran, L50, F|\n|poke|p1|Zapdos, L50|\n|poke|p2|Breloom, L50, M|\n|poke|p2|Urshifu-*, L50, M|\n|poke|p2|Volcarona, L50, M|\n|poke|p2|Iron Bundle, L50|\n|poke|p2|Iron Hands, L50|\n|poke|p2|Dragonite, L50, F|\n|teampreview|4\n|inactive|Battle timer is ON: inactive players will automatically lose when time's up. (requested by gabtesting)\n|\n|t:|1701037473\n|start\n|switch|p1a: Ninetales|Ninetales-Alola, L50, F|100\/100\n|switch|p1b: Baxcalibur|Baxcalibur, L50, M|100\/100\n|switch|p2a: Breloom|Breloom, L50, M|100\/100\n|switch|p2b: Iron Hands|Iron Hands, L50|100\/100\n|-weather|Snow|[from] ability: Snow Warning|[of] p1a: Ninetales\n|turn|1\n|\n|t:|1701037487\n|move|p2b: Iron Hands|Fake Out|p1a: Ninetales\n|-damage|p1a: Ninetales|88\/100\n|cant|p1a: Ninetales|flinch\n|move|p1b: Baxcalibur|Swords Dance|p1b: Baxcalibur\n|-boost|p1b: Baxcalibur|atk|2\n|move|p2a: Breloom|Spore|p1a: Ninetales\n|-status|p1a: Ninetales|slp|[from] move: Spore\n|\n|-weather|Snow|[upkeep]\n|upkeep\n|turn|2\n|\n|t:|1701037504\n|switch|p1a: Cetitan|Cetitan, L50, F|100\/100\n|move|p1b: Baxcalibur|Icicle Spear|p2a: Breloom\n|-supereffective|p2a: Breloom\n|-damage|p2a: Breloom|10\/100\n|-supereffective|p2a: Breloom\n|-damage|p2a: Breloom|0 fnt\n|faint|p2a: Breloom\n|-hitcount|p2: Breloom|2\n|move|p2b: Iron Hands|Drain Punch|p1a: Cetitan\n|-supereffective|p1a: Cetitan\n|-damage|p1a: Cetitan|51\/100\n|\n|-weather|Snow|[upkeep]\n|upkeep\n|\n|t:|1701037513\n|switch|p2a: Volcarona|Volcarona, L50, M|100\/100\n|turn|3\n|\n|t:|1701037530\n|move|p1b: Baxcalibur|Protect|p1b: Baxcalibur\n|-singleturn|p1b: Baxcalibur|Protect\n|move|p1a: Cetitan|Liquidation|p2a: Volcarona\n|-supereffective|p2a: Volcarona\n|-damage|p2a: Volcarona|46\/100\n|-unboost|p2a: Volcarona|def|1\n|-enditem|p2a: Volcarona|Sitrus Berry|[eat]\n|-heal|p2a: Volcarona|71\/100|[from] item: Sitrus Berry\n|move|p2a: Volcarona|Quiver Dance|p2a: Volcarona\n|-boost|p2a: Volcarona|spa|1\n|-boost|p2a: Volcarona|spd|1\n|-boost|p2a: Volcarona|spe|1\n|move|p2b: Iron Hands|Drain Punch|p1b: Baxcalibur\n|-activate|p1b: Baxcalibur|move: Protect\n|\n|-weather|Snow|[upkeep]\n|upkeep\n|turn|4\n|inactive|gabtesting has 30 seconds left.\n|\n|t:|1701037556\n|-terastallize|p2a: Volcarona|Ground\n|-terastallize|p1a: Cetitan|Water\n|move|p2a: Volcarona|Tera Blast|p1b: Baxcalibur|[anim] Tera Blast Ground\n|-damage|p1b: Baxcalibur|56\/100\n|move|p1a: Cetitan|Liquidation|p2a: Volcarona\n|-supereffective|p2a: Volcarona\n|-damage|p2a: Volcarona|0 fnt\n|-status|p1a: Cetitan|brn|[from] ability: Flame Body|[of] p2a: Volcarona\n|faint|p2a: Volcarona\n|move|p1b: Baxcalibur|Scale Shot|p2b: Iron Hands|[miss]\n|-miss|p1b: Baxcalibur|p2b: Iron Hands\n|move|p2b: Iron Hands|Drain Punch|p1b: Baxcalibur\n|-supereffective|p1b: Baxcalibur\n|-damage|p1b: Baxcalibur|3\/100\n|\n|-weather|Snow|[upkeep]\n|-heal|p1b: Baxcalibur|9\/100|[from] ability: Ice Body\n|-damage|p1a: Cetitan|45\/100 brn|[from] brn\n|upkeep\n|\n|t:|1701037575\n|switch|p2a: Dragonite|Dragonite, L50, F|100\/100\n|turn|5\n|\n|t:|1701037593\n|move|p1b: Baxcalibur|Protect|p1b: Baxcalibur\n|-singleturn|p1b: Baxcalibur|Protect\n|move|p2a: Dragonite|Extreme Speed|p1b: Baxcalibur\n|-activate|p1b: Baxcalibur|move: Protect\n|move|p1a: Cetitan|Icicle Crash|p2a: Dragonite|[miss]\n|-miss|p1a: Cetitan|p2a: Dragonite\n|move|p2b: Iron Hands|Drain Punch|p1a: Cetitan\n|-damage|p1a: Cetitan|7\/100 brn\n|\n|-weather|none\n|-damage|p1a: Cetitan|0 fnt|[from] brn\n|faint|p1a: Cetitan\n|upkeep\n|\n|t:|1701037605\n|switch|p1a: Ninetales|Ninetales-Alola, L50, F|88\/100 slp\n|-weather|Snow|[from] ability: Snow Warning|[of] p1a: Ninetales\n|turn|6\n|\n|t:|1701037625\n|switch|p1b: Zapdos|Zapdos, L50|100\/100\n|move|p2a: Dragonite|Extreme Speed|p1b: Zapdos\n|-damage|p1b: Zapdos|75\/100\n|-damage|p2a: Dragonite|84\/100|[from] item: Rocky Helmet|[of] p1b: Zapdos\n|cant|p1a: Ninetales|slp\n|move|p2b: Iron Hands|Drain Punch|p1a: Ninetales\n|-damage|p1a: Ninetales|56\/100 slp\n|\n|-weather|Snow|[upkeep]\n|upkeep\n|turn|7\n|inactive|on11chan69 has 30 seconds left.\n|\n|t:|1701037651\n|cant|p1a: Ninetales|slp\n|move|p1b: Zapdos|Thunderbolt|p2a: Dragonite\n|-damage|p2a: Dragonite|48\/100\n|move|p2a: Dragonite|Ice Spinner|p1b: Zapdos\n|-supereffective|p1b: Zapdos\n|-damage|p1b: Zapdos|21\/100\n|-damage|p2a: Dragonite|31\/100|[from] item: Rocky Helmet|[of] p1b: Zapdos\n|move|p2b: Iron Hands|Heavy Slam|p1a: Ninetales\n|-supereffective|p1a: Ninetales\n|-damage|p1a: Ninetales|0 fnt\n|faint|p1a: Ninetales\n|\n|-weather|Snow|[upkeep]\n|upkeep\n|\n|t:|1701037662\n|switch|p1a: Baxcalibur|Baxcalibur, L50, M|9\/100\n|turn|8\n|\n|t:|1701037677\n|move|p2a: Dragonite|Extreme Speed|p1a: Baxcalibur\n|-damage|p1a: Baxcalibur|0 fnt\n|faint|p1a: Baxcalibur\n|move|p1b: Zapdos|Roost|p1b: Zapdos\n|-heal|p1b: Zapdos|71\/100\n|-singleturn|p1b: Zapdos|move: Roost\n|move|p2b: Iron Hands|Wild Charge|p1b: Zapdos\n|-resisted|p1b: Zapdos\n|-damage|p1b: Zapdos|48\/100\n|-damage|p2b: Iron Hands|84\/100|[from] item: Rocky Helmet|[of] p1b: Zapdos\n|-damage|p2b: Iron Hands|79\/100|[from] Recoil\n|\n|-weather|Snow|[upkeep]\n|upkeep\n|turn|9\n|\n|t:|1701037694\n|move|p1b: Zapdos|Thunderbolt|p2a: Dragonite\n|-damage|p2a: Dragonite|0 fnt\n|faint|p2a: Dragonite\n|move|p2b: Iron Hands|Wild Charge|p1b: Zapdos\n|-damage|p1b: Zapdos|0 fnt\n|-damage|p2b: Iron Hands|63\/100|[from] item: Rocky Helmet|[of] p1b: Zapdos\n|faint|p1b: Zapdos\n|-damage|p2b: Iron Hands|52\/100|[from] Recoil\n|\n|win|on11chan69\n|raw|gabtesting's rating: 1077 &rarr; <strong>1060<\/strong><br \/>(-17 for losing)\n|raw|on11chan69's rating: 1158 &rarr; <strong>1177<\/strong><br \/>(+19 for winning)\n|c|\u2606gabtesting|gg\n","uploadtime":1701037712,"views":14,"p1id":"gabtesting","p2id":"on11chan69","formatid":"gen9vgc2023regulatione","rating":1060,"private":0,"password":""}