{"id":"gen9vgc2023regulatione-1995669446","p1":"ELFRAN132","p2":"Squrtal005","format":"[Gen 9] VGC 2023 Regulation E","log":"|j|\u2606ELFRAN132\n|j|\u2606Squrtal005\n|t:|1700592433\n|gametype|doubles\n|player|p1|ELFRAN132|2|1301\n|player|p2|Squrtal005|265|1408\n|teamsize|p1|6\n|teamsize|p2|6\n|gen|9\n|tier|[Gen 9] VGC 2023 Regulation E\n|rated|\n|rule|Species Clause: Limit one of each Pok\u00e9mon\n|rule|Item Clause: Limit one of each item\n|clearpoke\n|poke|p1|Zapdos-Galar, L50|\n|poke|p1|Dragonite, L50, M|\n|poke|p1|Chien-Pao, L50|\n|poke|p1|Rillaboom, L50, F|\n|poke|p1|Dondozo, L50, F|\n|poke|p1|Heatran, L50, F|\n|poke|p2|Goodra-Hisui, L50, M|\n|poke|p2|Arcanine-Hisui, L50, M|\n|poke|p2|Grimmsnarl, L50, M|\n|poke|p2|Flutter Mane, L50|\n|poke|p2|Landorus-Therian, L50, M|\n|poke|p2|Ogerpon-Wellspring, L50, F|\n|teampreview|4\n|inactive|Battle timer is ON: inactive players will automatically lose when time's up. (requested by Squrtal005)\nELFRAN132 has agreed to open team sheets.\nSqurtal005 rejected open team sheets.\n|inactive|ELFRAN132 has 60 seconds left.\n|\n|t:|1700592485\n|start\n|switch|p1a: Zapdos|Zapdos-Galar, L50|100\/100\n|switch|p1b: Chien-Pao|Chien-Pao, L50|100\/100\n|switch|p2a: Ogerpon|Ogerpon-Wellspring, L50, F|100\/100\n|switch|p2b: Grimmsnarl|Grimmsnarl, L50, M|100\/100\n|-ability|p1b: Chien-Pao|Sword of Ruin\n|turn|1\n|inactive|Squrtal005 has 30 seconds left.\n|\n|t:|1700592511\n|move|p1b: Chien-Pao|Protect|p1b: Chien-Pao\n|-singleturn|p1b: Chien-Pao|Protect\n|move|p2b: Grimmsnarl|Reflect|p2b: Grimmsnarl\n|-sidestart|p2: Squrtal005|Reflect\n|move|p1a: Zapdos|U-turn|p2b: Grimmsnarl\n|-damage|p2b: Grimmsnarl|75\/100\n|\n|t:|1700592525\n|switch|p1a: Dondozo|Dondozo, L50, F|100\/100|[from] U-turn\n|move|p2a: Ogerpon|Ivy Cudgel|p1b: Chien-Pao|[anim] Ivy Cudgel Water\n|-activate|p1b: Chien-Pao|move: Protect\n|\n|upkeep\n|turn|2\n|\n|t:|1700592550\n|-terastallize|p1a: Dondozo|Dragon\n|move|p1b: Chien-Pao|Icicle Crash|p2a: Ogerpon\n|-damage|p2a: Ogerpon|53\/100\n|cant|p2a: Ogerpon|flinch\n|move|p2b: Grimmsnarl|Spirit Break|p1b: Chien-Pao\n|-supereffective|p1b: Chien-Pao\n|-enditem|p1b: Chien-Pao|Focus Sash\n|-damage|p1b: Chien-Pao|1\/100\n|-unboost|p1b: Chien-Pao|spa|1\n|move|p1a: Dondozo|Yawn|p2b: Grimmsnarl\n|-start|p2b: Grimmsnarl|move: Yawn|[of] p1a: Dondozo\n|\n|upkeep\n|turn|3\n|inactive|Squrtal005 has 30 seconds left.\n|inactive|Squrtal005 has 20 seconds left.\n|inactive|Squrtal005 has 15 seconds left.\n|\n|t:|1700592592\n|move|p2a: Ogerpon|Spiky Shield|p2a: Ogerpon\n|-singleturn|p2a: Ogerpon|move: Protect\n|move|p2b: Grimmsnarl|Parting Shot|p1b: Chien-Pao\n|-hint|Since gen 7, Dark is immune to Prankster moves.\n|-immune|p1b: Chien-Pao\n|move|p1b: Chien-Pao|Icicle Crash|p2a: Ogerpon\n|-activate|p2a: Ogerpon|move: Protect\n|move|p1a: Dondozo|Yawn||[still]\n|-fail|p1a: Dondozo\n|\n|-end|p2b: Grimmsnarl|move: Yawn|[silent]\n|-status|p2b: Grimmsnarl|slp\n|upkeep\n|turn|4\n|\n|t:|1700592610\n|move|p1b: Chien-Pao|Protect|p1b: Chien-Pao\n|-singleturn|p1b: Chien-Pao|Protect\n|move|p2a: Ogerpon|Ivy Cudgel|p1b: Chien-Pao|[anim] Ivy Cudgel Water\n|-activate|p1b: Chien-Pao|move: Protect\n|cant|p2b: Grimmsnarl|slp\n|move|p1a: Dondozo|Yawn|p2a: Ogerpon\n|-start|p2a: Ogerpon|move: Yawn|[of] p1a: Dondozo\n|\n|upkeep\n|turn|5\n|\n|t:|1700592632\n|switch|p2a: Landorus|Landorus-Therian, L50, M|100\/100\n|-ability|p2a: Landorus|Intimidate|boost\n|-unboost|p1a: Dondozo|atk|1\n|-unboost|p1b: Chien-Pao|atk|1\n|move|p1b: Chien-Pao|Icicle Crash|p2a: Landorus\n|-supereffective|p2a: Landorus\n|-crit|p2a: Landorus\n|-damage|p2a: Landorus|0 fnt\n|faint|p2a: Landorus\n|-curestatus|p2b: Grimmsnarl|slp|[msg]\n|move|p2b: Grimmsnarl|Spirit Break|p1b: Chien-Pao\n|-supereffective|p1b: Chien-Pao\n|-damage|p1b: Chien-Pao|0 fnt\n|faint|p1b: Chien-Pao\n|move|p1a: Dondozo|Yawn|p2b: Grimmsnarl\n|-start|p2b: Grimmsnarl|move: Yawn|[of] p1a: Dondozo\n|\n|upkeep\n|\n|t:|1700592651\n|switch|p1b: Zapdos|Zapdos-Galar, L50|100\/100\n|switch|p2a: Goodra|Goodra-Hisui, L50, M|100\/100\n|turn|6\n|inactive|ELFRAN132 has 30 seconds left.\n|inactive|ELFRAN132 has 20 seconds left.\n|\n|t:|1700592687\n|move|p1b: Zapdos|Thunderous Kick|p2a: Goodra\n|-supereffective|p2a: Goodra\n|-damage|p2a: Goodra|49\/100\n|-unboost|p2a: Goodra|def|1\n|move|p2b: Grimmsnarl|Spirit Break|p1a: Dondozo\n|-supereffective|p1a: Dondozo\n|-damage|p1a: Dondozo|52\/100\n|-unboost|p1a: Dondozo|spa|1\n|-damage|p2b: Grimmsnarl|59\/100|[from] item: Rocky Helmet|[of] p1a: Dondozo\n|move|p2a: Goodra|Acid Armor|p2a: Goodra\n|-boost|p2a: Goodra|def|2\n|move|p1a: Dondozo|Yawn||[still]\n|-fail|p1a: Dondozo\n|\n|-heal|p2a: Goodra|55\/100|[from] item: Leftovers\n|-end|p2b: Grimmsnarl|move: Yawn|[silent]\n|-status|p2b: Grimmsnarl|slp\n|upkeep\n|turn|7\n|inactive|Squrtal005 has 30 seconds left.\n|\n|t:|1700592721\n|-terastallize|p2a: Goodra|Water\n|move|p1b: Zapdos|Thunderous Kick|p2a: Goodra\n|-damage|p2a: Goodra|40\/100\n|-unboost|p2a: Goodra|def|1\n|cant|p2b: Grimmsnarl|slp\n|move|p2a: Goodra|Acid Armor|p2a: Goodra\n|-boost|p2a: Goodra|def|2\n|move|p1a: Dondozo|Yawn|p2a: Goodra\n|-start|p2a: Goodra|move: Yawn|[of] p1a: Dondozo\n|\n|-heal|p2a: Goodra|45\/100|[from] item: Leftovers\n|upkeep\n|turn|8\n|\n|t:|1700592743\n|move|p1b: Zapdos|Thunderous Kick|p2b: Grimmsnarl\n|-damage|p2b: Grimmsnarl|19\/100 slp\n|-unboost|p2b: Grimmsnarl|def|1\n|cant|p2b: Grimmsnarl|slp\n|move|p2a: Goodra|Life Dew|p2a: Goodra|[spread] p2a,p2b\n|-heal|p2a: Goodra|71\/100\n|-heal|p2b: Grimmsnarl|45\/100 slp\n|move|p1a: Dondozo|Fissure|p2a: Goodra\n|-damage|p2a: Goodra|0 fnt\n|faint|p2a: Goodra\n|-ohko\n|\n|-sideend|p2: Squrtal005|Reflect\n|upkeep\n|\n|t:|1700592755\n|switch|p2a: Ogerpon|Ogerpon-Wellspring, L50, F|53\/100\n|turn|9\n|\n|t:|1700592778\n|cant|p2b: Grimmsnarl|slp\n|move|p1b: Zapdos|Thunderous Kick|p2b: Grimmsnarl\n|-damage|p2b: Grimmsnarl|0 fnt\n|faint|p2b: Grimmsnarl\n|move|p2a: Ogerpon|Ivy Cudgel|p1b: Zapdos|[anim] Ivy Cudgel Water\n|-damage|p1b: Zapdos|26\/100\n|move|p1a: Dondozo|Yawn|p2a: Ogerpon\n|-start|p2a: Ogerpon|move: Yawn|[of] p1a: Dondozo\n|\n|upkeep\n|turn|10\n|inactive|Squrtal005 has 30 seconds left.\n|inactive|Squrtal005 has 20 seconds left.\n|\n|t:|1700592818\n|move|p1a: Dondozo|Protect|p1a: Dondozo\n|-singleturn|p1a: Dondozo|Protect\n|move|p1b: Zapdos|Thunderous Kick|p2a: Ogerpon\n|-damage|p2a: Ogerpon|1\/100\n|-unboost|p2a: Ogerpon|def|1\n|move|p2a: Ogerpon|Ivy Cudgel|p1b: Zapdos|[anim] Ivy Cudgel Water\n|-damage|p1b: Zapdos|0 fnt\n|faint|p1b: Zapdos\n|\n|-end|p2a: Ogerpon|move: Yawn|[silent]\n|-status|p2a: Ogerpon|slp\n|upkeep\n|\n|t:|1700592829\n|switch|p1b: Heatran|Heatran, L50, F|100\/100\n|turn|11\n|\n|t:|1700592836\n|cant|p2a: Ogerpon|slp\n|move|p1b: Heatran|Flamethrower|p2a: Ogerpon\n|-damage|p2a: Ogerpon|0 fnt\n|faint|p2a: Ogerpon\n|\n|win|ELFRAN132\n|raw|ELFRAN132's rating: 1301 &rarr; <strong>1327<\/strong><br \/>(+26 for winning)\n|raw|Squrtal005's rating: 1408 &rarr; <strong>1382<\/strong><br \/>(-26 for losing)\n|l|\u2606Squrtal005\n","uploadtime":1700592843,"views":0,"p1id":"elfran132","p2id":"squrtal005","formatid":"gen9vgc2023regulatione","rating":1327,"private":0,"password":""}