{"id":"gen9vgc2023regulatione-1989375950","p1":"Yahar","p2":"rozay1","format":"[Gen 9] VGC 2023 Regulation E","log":"|j|\u2606Yahar\n|j|\u2606rozay1\n|t:|1699842461\n|gametype|doubles\n|player|p1|Yahar|shauntal|1265\n|player|p2|rozay1|170|1200\n|teamsize|p1|6\n|teamsize|p2|6\n|gen|9\n|tier|[Gen 9] VGC 2023 Regulation E\n|rated|\n|rule|Species Clause: Limit one of each Pok\u00e9mon\n|rule|Item Clause: Limit one of each item\n|clearpoke\n|poke|p1|Zapdos, L50|\n|poke|p1|Iron Bundle, L50|\n|poke|p1|Heatran, L50, F|\n|poke|p1|Ogerpon-Wellspring, L50, F|\n|poke|p1|Rillaboom, L50, F|\n|poke|p1|Urshifu-*, L50, M|\n|poke|p2|Chien-Pao, L50|\n|poke|p2|Dragonite, L50, F|\n|poke|p2|Rillaboom, L50, M|\n|poke|p2|Urshifu-*, L50, F|\n|poke|p2|Heatran, L50, F|\n|poke|p2|Farigiraf, L50, F|\n|teampreview|4\n|inactive|Battle timer is ON: inactive players will automatically lose when time's up. (requested by Yahar)\nYahar has agreed to open team sheets.\n|inactive|Yahar has 60 seconds left.\nrozay1 rejected open team sheets.\n|inactive|Yahar has 30 seconds left.\n|inactive|Yahar has 20 seconds left.\n|\n|t:|1699842534\n|start\n|switch|p1a: Zapdos|Zapdos, L50|100\/100\n|switch|p1b: Iron Bundle|Iron Bundle, L50|100\/100\n|switch|p2a: Rillaboom|Rillaboom, L50, M, shiny|100\/100\n|switch|p2b: Chien-Pao|Chien-Pao, L50|100\/100\n|-ability|p2b: Chien-Pao|Sword of Ruin\n|-fieldstart|move: Grassy Terrain|[from] ability: Grassy Surge|[of] p2a: Rillaboom\n|-enditem|p1b: Iron Bundle|Booster Energy\n|-activate|p1b: Iron Bundle|ability: Quark Drive|[fromitem]\n|-start|p1b: Iron Bundle|quarkdrivespe\n|turn|1\n|inactive|Yahar has 30 seconds left.\n|inactive|Yahar has 20 seconds left.\n|inactive|Yahar has 15 seconds left.\n|inactive|Yahar has 10 seconds left.\n|\n|t:|1699842582\n|-terastallize|p1a: Zapdos|Steel\n|move|p2a: Rillaboom|Fake Out|p1b: Iron Bundle\n|-damage|p1b: Iron Bundle|79\/100\n|cant|p1b: Iron Bundle|flinch\n|move|p2b: Chien-Pao|Icicle Crash|p1a: Zapdos\n|-resisted|p1a: Zapdos\n|-damage|p1a: Zapdos|77\/100\n|cant|p1a: Zapdos|flinch\n|\n|-heal|p1b: Iron Bundle|85\/100|[from] Grassy Terrain\n|-heal|p1a: Zapdos|83\/100|[from] Grassy Terrain\n|upkeep\n|turn|2\n|\n|t:|1699842599\n|switch|p2b: Urshifu|Urshifu-Rapid-Strike, L50, F|100\/100\n|move|p1b: Iron Bundle|Protect|p1b: Iron Bundle\n|-singleturn|p1b: Iron Bundle|Protect\n|move|p2a: Rillaboom|Protect|p2a: Rillaboom\n|-singleturn|p2a: Rillaboom|Protect\n|move|p1a: Zapdos|Tailwind|p1a: Zapdos\n|-sidestart|p1: Yahar|move: Tailwind\n|\n|-heal|p1b: Iron Bundle|90\/100|[from] Grassy Terrain\n|-heal|p1a: Zapdos|90\/100|[from] Grassy Terrain\n|upkeep\n|turn|3\n|inactive|Yahar has 30 seconds left.\n|\n|t:|1699842626\n|move|p2b: Urshifu|Detect|p2b: Urshifu\n|-singleturn|p2b: Urshifu|Protect\n|move|p2a: Rillaboom|Grassy Glide|p1b: Iron Bundle\n|-supereffective|p1b: Iron Bundle\n|-damage|p1b: Iron Bundle|0 fnt\n|faint|p1b: Iron Bundle\n|-end|p1b: Iron Bundle|Quark Drive|[silent]\n|move|p1a: Zapdos|Hurricane|p2b: Urshifu\n|-activate|p2b: Urshifu|move: Protect\n|\n|-heal|p1a: Zapdos|96\/100|[from] Grassy Terrain\n|upkeep\n|\n|t:|1699842634\n|switch|p1b: Heatran|Heatran, L50, F, shiny|100\/100\n|turn|4\n|\n|t:|1699842654\n|switch|p2a: Chien-Pao|Chien-Pao, L50|100\/100\n|-ability|p2a: Chien-Pao|Sword of Ruin\n|-terastallize|p2b: Urshifu|Water\n|move|p1a: Zapdos|Hurricane|p2b: Urshifu\n|-damage|p2b: Urshifu|39\/100\n|move|p1b: Heatran|Heat Wave|p2b: Urshifu|[spread] p2a,p2b\n|-supereffective|p2a: Chien-Pao\n|-resisted|p2b: Urshifu\n|-enditem|p2a: Chien-Pao|Focus Sash\n|-damage|p2a: Chien-Pao|1\/100\n|-damage|p2b: Urshifu|18\/100\n|move|p2b: Urshifu|Surging Strikes|p1a: Zapdos\n|-crit|p1a: Zapdos\n|-damage|p1a: Zapdos|62\/100\n|-damage|p2b: Urshifu|1\/100|[from] item: Rocky Helmet|[of] p1a: Zapdos\n|-crit|p1a: Zapdos\n|-damage|p1a: Zapdos|27\/100\n|-damage|p2b: Urshifu|0 fnt|[from] item: Rocky Helmet|[of] p1a: Zapdos\n|faint|p2b: Urshifu\n|-hitcount|p1a: Zapdos|2\n|\n|-heal|p1a: Zapdos|34\/100|[from] Grassy Terrain\n|-heal|p2a: Chien-Pao|7\/100|[from] Grassy Terrain\n|upkeep\n|\n|t:|1699842677\n|switch|p2b: Rillaboom|Rillaboom, L50, M, shiny|100\/100\n|turn|5\n|\n|t:|1699842687\n|move|p2b: Rillaboom|Fake Out|p1b: Heatran\n|-resisted|p1b: Heatran\n|-damage|p1b: Heatran|93\/100\n|move|p2a: Chien-Pao|Sucker Punch||[still]\n|-fail|p2a: Chien-Pao\n|move|p1a: Zapdos|Roost|p1a: Zapdos\n|-heal|p1a: Zapdos|84\/100\n|cant|p1b: Heatran|flinch\n|\n|-heal|p1a: Zapdos|90\/100|[from] Grassy Terrain\n|-heal|p2a: Chien-Pao|13\/100|[from] Grassy Terrain\n|-heal|p1b: Heatran|99\/100|[from] Grassy Terrain\n|-sideend|p1: Yahar|move: Tailwind\n|-fieldend|move: Grassy Terrain\n|upkeep\n|turn|6\n|inactive|rozay1 has 30 seconds left.\n|\n|t:|1699842712\n|move|p2b: Rillaboom|Protect|p2b: Rillaboom\n|-singleturn|p2b: Rillaboom|Protect\n|move|p2a: Chien-Pao|Sacred Sword|p1a: Zapdos\n|-supereffective|p1a: Zapdos\n|-damage|p1a: Zapdos|26\/100\n|-damage|p2a: Chien-Pao|0 fnt|[from] item: Rocky Helmet|[of] p1a: Zapdos\n|faint|p2a: Chien-Pao\n|move|p1a: Zapdos|Tailwind|p1a: Zapdos\n|-sidestart|p1: Yahar|move: Tailwind\n|move|p1b: Heatran|Heat Wave|p2b: Rillaboom\n|-activate|p2b: Rillaboom|move: Protect\n|\n|upkeep\n|\n|t:|1699842725\n|switch|p2a: Dragonite|Dragonite, L50, F|100\/100\n|turn|7\n|\n|t:|1699842746\n|move|p1a: Zapdos|Roost|p1a: Zapdos\n|-heal|p1a: Zapdos|76\/100\n|move|p1b: Heatran|Heat Wave|p2a: Dragonite|[spread] p2a,p2b\n|-resisted|p2a: Dragonite\n|-supereffective|p2b: Rillaboom\n|-damage|p2a: Dragonite|82\/100\n|-damage|p2b: Rillaboom|15\/100\n|move|p2a: Dragonite|Stomping Tantrum|p1b: Heatran\n|-supereffective|p1b: Heatran\n|-damage|p1b: Heatran|0 fnt\n|faint|p1b: Heatran\n|move|p2b: Rillaboom|Grassy Glide|p1a: Zapdos\n|-resisted|p1a: Zapdos\n|-damage|p1a: Zapdos|61\/100\n|-damage|p2b: Rillaboom|0 fnt|[from] item: Rocky Helmet|[of] p1a: Zapdos\n|faint|p2b: Rillaboom\n|\n|upkeep\n|\n|t:|1699842765\n|switch|p1b: Urshifu|Urshifu, L50, M|100\/100\n|turn|8\n|\n|t:|1699842774\n|move|p1b: Urshifu|Close Combat|p2a: Dragonite\n|-resisted|p2a: Dragonite\n|-damage|p2a: Dragonite|49\/100\n|-unboost|p1b: Urshifu|def|1\n|-unboost|p1b: Urshifu|spd|1\n|move|p1a: Zapdos|Thunderbolt|p2a: Dragonite\n|-damage|p2a: Dragonite|11\/100\n|move|p2a: Dragonite|Stomping Tantrum|p1a: Zapdos\n|-supereffective|p1a: Zapdos\n|-damage|p1a: Zapdos|0 fnt\n|-damage|p2a: Dragonite|0 fnt|[from] item: Rocky Helmet|[of] p1a: Zapdos\n|faint|p1a: Zapdos\n|faint|p2a: Dragonite\n|\n|win|Yahar\n|raw|Yahar's rating: 1265 &rarr; <strong>1285<\/strong><br \/>(+20 for winning)\n|raw|rozay1's rating: 1200 &rarr; <strong>1180<\/strong><br \/>(-20 for losing)\n|l|\u2606rozay1\n","uploadtime":1699842799,"views":24,"p1id":"yahar","p2id":"rozay1","formatid":"gen9vgc2023regulatione","rating":1180,"private":0,"password":""}