{"id":"gen9vgc2023regulatione-1996465241","p1":"WexfordWarri0r","p2":"sike038","format":"[Gen 9] VGC 2023 Regulation E","log":"|j|\u2606WexfordWarri0r\n|j|\u2606sike038\n|n|\u2606WexfordWarri0r|wexfordwarri0r\n|n|\u2606sike038|sike038\n|html|View the match progress at <a href=\"\/game-bestof3-gen9vgc2023regulatione-1996465240\">game-bestof3-gen9vgc2023regulatione-1996465240<\/a>\n|t:|1700684638\n|gametype|doubles\n|player|p1|WexfordWarri0r|blue|\n|player|p2|sike038|gardenia|\n|teamsize|p1|6\n|teamsize|p2|6\n|gen|9\n|tier|[Gen 9] VGC 2023 Regulation E\n|rule|Species Clause: Limit one of each Pok\u00e9mon\n|rule|Item Clause: Limit one of each item\n|clearpoke\n|poke|p1|Landorus-Therian, L50, M|\n|poke|p1|Flutter Mane, L50|\n|poke|p1|Heatran, L50, F|\n|poke|p1|Iron Hands, L50|\n|poke|p1|Amoonguss, L50, F|\n|poke|p1|Roaring Moon, L50|\n|poke|p2|Regidrago, L50|\n|poke|p2|Tornadus, L50, M|\n|poke|p2|Indeedee-F, L50, F|\n|poke|p2|Amoonguss, L50, M|\n|poke|p2|Arcanine-Hisui, L50, F|\n|poke|p2|Ursaluna-Bloodmoon, L50, M|\n|teampreview|4\n|c|\u2606sike038|gl hf\nsike038 has agreed to open team sheets.\n|c|\u2606WexfordWarri0r|glhf :)\nWexfordWarri0r has agreed to open team sheets.\n|showteam|p1|Landorus-Therian||ChoiceScarf|Intimidate|StompingTantrum,TeraBlast,Uturn,RockSlide|||M|||50|,,,,,Flying]Flutter Mane||ChoiceSpecs|Protosynthesis|Moonblast,DazzlingGleam,ShadowBall,PerishSong||||||50|,,,,,Fairy]Heatran||LifeOrb|FlashFire|HeatWave,EarthPower,FlashCannon,Protect|||F|||50|,,,,,Fairy]Iron Hands||AssaultVest|QuarkDrive|FakeOut,DrainPunch,WildCharge,HeavySlam||||||50|,,,,,Grass]Amoonguss||RockyHelmet|Regenerator|Spore,RagePowder,PollenPuff,Protect|||F|||50|,,,,,Water]Roaring Moon||BoosterEnergy|Protosynthesis|Acrobatics,KnockOff,DragonDance,Protect||||||50|,,,,,Flying\n|showteam|p2|Regidrago||DragonFang|DragonsMaw|DragonEnergy,DracoMeteor,EarthPower,Protect||||||50|,,,,,Steel]Tornadus||CovertCloak|Prankster|Tailwind,Taunt,BleakwindStorm,RainDance|||M|||50|,,,,,Dark]Indeedee-F||PsychicSeed|PsychicSurge|FollowMe,HelpingHand,DazzlingGleam,TrickRoom|||F|||50|,,,,,Fairy]Amoonguss||RockyHelmet|Regenerator|RagePowder,PollenPuff,Spore,GrassKnot|||M|||50|,,,,,Water]Arcanine-Hisui||ChoiceBand|Intimidate|RockSlide,FlareBlitz,ExtremeSpeed,TeraBlast|||F|||50|,,,,,Fairy]Ursaluna-Bloodmoon||ThroatSpray|MindsEye|HyperVoice,BloodMoon,EarthPower,Protect|||M|||50|,,,,,Normal\n|\n|t:|1700684744\n|start\n|switch|p1a: Iron Hands|Iron Hands, L50|100\/100\n|switch|p1b: Roaring Moon|Roaring Moon, L50|100\/100\n|switch|p2a: Indeedee|Indeedee-F, L50, F|100\/100\n|switch|p2b: Arcanine|Arcanine-Hisui, L50, F|100\/100\n|-ability|p2b: Arcanine|Intimidate|boost\n|-unboost|p1a: Iron Hands|atk|1\n|-unboost|p1b: Roaring Moon|atk|1\n|-fieldstart|move: Psychic Terrain|[from] ability: Psychic Surge|[of] p2a: Indeedee\n|-enditem|p2a: Indeedee|Psychic Seed\n|-boost|p2a: Indeedee|spd|1|[from] item: Psychic Seed\n|-enditem|p1b: Roaring Moon|Booster Energy\n|-activate|p1b: Roaring Moon|ability: Protosynthesis|[fromitem]\n|-start|p1b: Roaring Moon|protosynthesisspe\n|turn|1\n|\n|t:|1700684810\n|-end|p1a: Iron Hands|Quark Drive|[silent]\n|switch|p1a: Heatran|Heatran, L50, F|100\/100\n|-terastallize|p2b: Arcanine|Fairy\n|move|p1b: Roaring Moon|Knock Off|p2a: Indeedee\n|-supereffective|p2a: Indeedee\n|-damage|p2a: Indeedee|52\/100\n|move|p2b: Arcanine|Tera Blast|p1b: Roaring Moon|[anim] Tera Blast Fairy\n|-supereffective|p1b: Roaring Moon\n|-damage|p1b: Roaring Moon|0 fnt\n|faint|p1b: Roaring Moon\n|-end|p1b: Roaring Moon|Protosynthesis|[silent]\n|move|p2a: Indeedee|Trick Room|p2a: Indeedee\n|-fieldstart|move: Trick Room|[of] p2a: Indeedee\n|\n|upkeep\n|\n|t:|1700684821\n|switch|p1b: Iron Hands|Iron Hands, L50|100\/100\n|turn|2\n|\n|t:|1700684838\n|move|p1b: Iron Hands|Heavy Slam|p2b: Arcanine\n|-supereffective|p2b: Arcanine\n|-damage|p2b: Arcanine|48\/100\n|move|p2a: Indeedee|Dazzling Gleam|p1a: Heatran|[spread] p1a,p1b\n|-resisted|p1a: Heatran\n|-supereffective|p1b: Iron Hands\n|-damage|p1a: Heatran|98\/100\n|-damage|p1b: Iron Hands|86\/100\n|move|p1a: Heatran|Heat Wave|p2a: Indeedee|[spread] p2a,p2b\n|-crit|p2a: Indeedee\n|-damage|p2a: Indeedee|0 fnt\n|-damage|p2b: Arcanine|0 fnt\n|faint|p2a: Indeedee\n|faint|p2b: Arcanine\n|-damage|p1a: Heatran|88\/100|[from] item: Life Orb\n|\n|upkeep\n|\n|t:|1700684848\n|switch|p2a: Regidrago|Regidrago, L50|100\/100\n|switch|p2b: Ursaluna|Ursaluna-Bloodmoon, L50, M|100\/100\n|turn|3\n|\n|t:|1700684881\n|-terastallize|p1a: Heatran|Fairy\n|move|p2b: Ursaluna|Hyper Voice|p1a: Heatran|[spread] p1a,p1b\n|-crit|p1a: Heatran\n|-damage|p1a: Heatran|43\/100\n|-damage|p1b: Iron Hands|65\/100\n|-enditem|p2b: Ursaluna|Throat Spray\n|-boost|p2b: Ursaluna|spa|1|[from] item: Throat Spray\n|move|p1b: Iron Hands|Drain Punch|p2b: Ursaluna\n|-supereffective|p2b: Ursaluna\n|-damage|p2b: Ursaluna|45\/100\n|-heal|p1b: Iron Hands|91\/100|[from] drain|[of] p2b: Ursaluna\n|move|p1a: Heatran|Earth Power|p2a: Regidrago\n|-damage|p2a: Regidrago|58\/100\n|-damage|p1a: Heatran|33\/100|[from] item: Life Orb\n|move|p2a: Regidrago|Earth Power|p1a: Heatran\n|-damage|p1a: Heatran|8\/100\n|\n|upkeep\n|turn|4\n|\n|t:|1700684904\n|move|p2b: Ursaluna|Hyper Voice|p1a: Heatran|[spread] p1a,p1b\n|-damage|p1a: Heatran|0 fnt\n|-damage|p1b: Iron Hands|59\/100\n|faint|p1a: Heatran\n|move|p1b: Iron Hands|Drain Punch|p2b: Ursaluna\n|-supereffective|p2b: Ursaluna\n|-damage|p2b: Ursaluna|0 fnt\n|-heal|p1b: Iron Hands|80\/100|[from] drain|[of] p2b: Ursaluna\n|faint|p2b: Ursaluna\n|move|p2a: Regidrago|Draco Meteor|p1b: Iron Hands\n|-damage|p1b: Iron Hands|22\/100\n|-unboost|p2a: Regidrago|spa|2\n|\n|upkeep\n|\n|t:|1700684910\n|switch|p1a: Flutter Mane|Flutter Mane, L50|100\/100\n|turn|5\n|\n|t:|1700684921\n|move|p1b: Iron Hands|Drain Punch|p2a: Regidrago\n|-damage|p2a: Regidrago|20\/100\n|-heal|p1b: Iron Hands|44\/100|[from] drain|[of] p2a: Regidrago\n|move|p2a: Regidrago|Earth Power|p1a: Flutter Mane\n|-damage|p1a: Flutter Mane|86\/100\n|move|p1a: Flutter Mane|Moonblast|p2a: Regidrago\n|-supereffective|p2a: Regidrago\n|-damage|p2a: Regidrago|0 fnt\n|faint|p2a: Regidrago\n|\n|win|WexfordWarri0r\n|c|&|\/uhtml prompt-wexfordwarri0r,WexfordWarri0r is ready for game 2!\n","uploadtime":1700684935,"views":0,"p1id":"wexfordwarri0r","p2id":"sike038","formatid":"gen9vgc2023regulatione","rating":0,"private":0,"password":""}