{"id":"gen9vgc2023regulatione-1990062019","p1":"Fidgetmls","p2":"M1guelEsh","format":"[Gen 9] VGC 2023 Regulation E","log":"|j|\u2606Fidgetmls\n|j|\u2606M1guelEsh\n|t:|1699920439\n|gametype|doubles\n|player|p1|Fidgetmls|2|1413\n|player|p2|M1guelEsh|hilbert|1384\n|teamsize|p1|6\n|teamsize|p2|6\n|gen|9\n|tier|[Gen 9] VGC 2023 Regulation E\n|rated|\n|rule|Species Clause: Limit one of each Pok\u00e9mon\n|rule|Item Clause: Limit one of each item\n|clearpoke\n|poke|p1|Urshifu-*, L50, F|\n|poke|p1|Tornadus, L50, M|\n|poke|p1|Iron Hands, L50|\n|poke|p1|Flutter Mane, L50|\n|poke|p1|Chien-Pao, L50|\n|poke|p1|Ogerpon-Hearthflame, L50, F|\n|poke|p2|Amoonguss, L50, F|\n|poke|p2|Landorus-Therian, L50, M|\n|poke|p2|Flutter Mane, L50|\n|poke|p2|Iron Hands, L50|\n|poke|p2|Roaring Moon, L50|\n|poke|p2|Heatran, L50, M|\n|teampreview|4\n|inactive|Battle timer is ON: inactive players will automatically lose when time's up. (requested by Fidgetmls)\n|inactive|Fidgetmls has 60 seconds left.\n|inactive|M1guelEsh has 60 seconds left.\n|inactive|Fidgetmls has 30 seconds left.\n|inactive|Fidgetmls has 20 seconds left.\n|inactive|Fidgetmls has 15 seconds left.\n|inactive|Fidgetmls has 10 seconds left.\nM1guelEsh has agreed to open team sheets.\n|\n|t:|1699920526\n|start\n|switch|p1a: Ogerpon|Ogerpon-Hearthflame, L50, F|100\/100\n|switch|p1b: Urshifu|Urshifu-Rapid-Strike, L50, F|100\/100\n|switch|p2a: Amoonguss|Amoonguss, L50, F|100\/100\n|switch|p2b: Roaring Moon|Roaring Moon, L50|100\/100\n|-ability|p1a: Ogerpon|Mold Breaker\n|-enditem|p2b: Roaring Moon|Booster Energy\n|-activate|p2b: Roaring Moon|ability: Protosynthesis|[fromitem]\n|-start|p2b: Roaring Moon|protosynthesisatk\n|turn|1\n|inactive|M1guelEsh has 30 seconds left.\n|inactive|M1guelEsh has 20 seconds left.\n|inactive|M1guelEsh has 15 seconds left.\n|\n|t:|1699920567\n|-terastallize|p1a: Ogerpon|Fire\n|detailschange|p1a: Ogerpon|Ogerpon-Hearthflame-Tera, L50, F, tera:Fire\n|-ability|p1a: Ogerpon|Embody Aspect (Hearthflame)|boost\n|-boost|p1a: Ogerpon|atk|1\n|-terastallize|p2a: Amoonguss|Water\n|move|p2a: Amoonguss|Rage Powder|p2a: Amoonguss\n|-singleturn|p2a: Amoonguss|move: Rage Powder\n|move|p1b: Urshifu|Close Combat|p2a: Amoonguss\n|-damage|p2a: Amoonguss|59\/100\n|-unboost|p1b: Urshifu|def|1\n|-unboost|p1b: Urshifu|spd|1\n|-damage|p1b: Urshifu|84\/100|[from] item: Rocky Helmet|[of] p2a: Amoonguss\n|move|p2b: Roaring Moon|Dragon Dance|p2b: Roaring Moon\n|-boost|p2b: Roaring Moon|atk|1\n|-boost|p2b: Roaring Moon|spe|1\n|move|p1a: Ogerpon|Ivy Cudgel|p2a: Amoonguss\n|-resisted|p2a: Amoonguss\n|-damage|p2a: Amoonguss|17\/100\n|\n|upkeep\n|turn|2\n|inactive|Fidgetmls has 30 seconds left.\n|inactive|M1guelEsh has 30 seconds left.\n|inactive|Fidgetmls has 20 seconds left.\n|inactive|M1guelEsh has 20 seconds left.\n|inactive|M1guelEsh has 15 seconds left.\n|\n|t:|1699920611\n|switch|p2a: Landorus|Landorus-Therian, L50, M|100\/100\n|-ability|p2a: Landorus|Intimidate|boost\n|-unboost|p1a: Ogerpon|atk|1\n|-unboost|p1b: Urshifu|atk|1\n|move|p1a: Ogerpon|Follow Me|p1a: Ogerpon\n|-singleturn|p1a: Ogerpon|move: Follow Me\n|move|p1b: Urshifu|Close Combat|p2b: Roaring Moon\n|-supereffective|p2b: Roaring Moon\n|-damage|p2b: Roaring Moon|3\/100\n|-unboost|p1b: Urshifu|def|1\n|-unboost|p1b: Urshifu|spd|1\n|move|p2b: Roaring Moon|Acrobatics|p1a: Ogerpon\n|-damage|p1a: Ogerpon|18\/100\n|\n|upkeep\n|turn|3\n|inactive|M1guelEsh has 30 seconds left.\n|inactive|M1guelEsh has 20 seconds left.\n|\n|t:|1699920647\n|switch|p1b: Tornadus|Tornadus, L50, M, shiny|100\/100\n|move|p1a: Ogerpon|Spiky Shield|p1a: Ogerpon\n|-singleturn|p1a: Ogerpon|move: Protect\n|move|p2b: Roaring Moon|Acrobatics|p1a: Ogerpon\n|-activate|p1a: Ogerpon|move: Protect\n|-damage|p2b: Roaring Moon|0 fnt|[from] Spiky Shield|[of] p1a: Ogerpon\n|faint|p2b: Roaring Moon\n|-end|p2b: Roaring Moon|Protosynthesis|[silent]\n|move|p2a: Landorus|Stomping Tantrum|p1b: Tornadus\n|-immune|p1b: Tornadus\n|\n|upkeep\n|\n|t:|1699920657\n|switch|p2b: Iron Hands|Iron Hands, L50|100\/100\n|turn|4\n|inactive|Fidgetmls has 30 seconds left.\n|inactive|Fidgetmls has 20 seconds left.\n|inactive|Fidgetmls has 15 seconds left.\n|\n|t:|1699920701\n|move|p2b: Iron Hands|Fake Out|p1b: Tornadus\n|-damage|p1b: Tornadus|81\/100\n|move|p2a: Landorus|Stomping Tantrum|p1a: Ogerpon\n|-supereffective|p1a: Ogerpon\n|-damage|p1a: Ogerpon|0 fnt\n|faint|p1a: Ogerpon\n|cant|p1b: Tornadus|flinch\n|\n|upkeep\n|\n|t:|1699920712\n|switch|p1a: Urshifu|Urshifu-Rapid-Strike, L50, F|84\/100\n|turn|5\n|\n|t:|1699920722\n|switch|p2a: Amoonguss|Amoonguss, L50, F, tera:Water|50\/100\n|move|p1a: Urshifu|Surging Strikes|p2a: Amoonguss\n|-resisted|p2a: Amoonguss\n|-crit|p2a: Amoonguss\n|-damage|p2a: Amoonguss|43\/100\n|-damage|p1a: Urshifu|68\/100|[from] item: Rocky Helmet|[of] p2a: Amoonguss\n|-resisted|p2a: Amoonguss\n|-crit|p2a: Amoonguss\n|-damage|p2a: Amoonguss|35\/100\n|-damage|p1a: Urshifu|51\/100|[from] item: Rocky Helmet|[of] p2a: Amoonguss\n|-resisted|p2a: Amoonguss\n|-crit|p2a: Amoonguss\n|-damage|p2a: Amoonguss|28\/100\n|-damage|p1a: Urshifu|35\/100|[from] item: Rocky Helmet|[of] p2a: Amoonguss\n|-hitcount|p2a: Amoonguss|3\n|move|p1b: Tornadus|Chilling Water|p2b: Iron Hands\n|-damage|p2b: Iron Hands|94\/100\n|-unboost|p2b: Iron Hands|atk|1\n|move|p2b: Iron Hands|Wild Charge|p1a: Urshifu\n|-supereffective|p1a: Urshifu\n|-crit|p1a: Urshifu\n|-damage|p1a: Urshifu|0 fnt\n|faint|p1a: Urshifu\n|-damage|p2b: Iron Hands|87\/100|[from] Recoil\n|\n|upkeep\n|\n|t:|1699920740\n|switch|p1a: Chien-Pao|Chien-Pao, L50|100\/100\n|-ability|p1a: Chien-Pao|Sword of Ruin\n|turn|6\n|\n|t:|1699920764\n|move|p2a: Amoonguss|Protect|p2a: Amoonguss\n|-singleturn|p2a: Amoonguss|Protect\n|move|p1a: Chien-Pao|Icicle Crash|p2a: Amoonguss\n|-activate|p2a: Amoonguss|move: Protect\n|move|p1b: Tornadus|Bleakwind Storm|p2b: Iron Hands|[spread] p2b\n|-activate|p2a: Amoonguss|move: Protect\n|-damage|p2b: Iron Hands|72\/100\n|move|p2b: Iron Hands|Wild Charge|p1b: Tornadus\n|-supereffective|p1b: Tornadus\n|-damage|p1b: Tornadus|0 fnt\n|faint|p1b: Tornadus\n|-damage|p2b: Iron Hands|57\/100|[from] Recoil\n|\n|upkeep\n|turn|7\n|\n|t:|1699920781\n|move|p1a: Chien-Pao|Icicle Crash|p2a: Amoonguss\n|-resisted|p2a: Amoonguss\n|-damage|p2a: Amoonguss|0 fnt\n|faint|p2a: Amoonguss\n|-damage|p1a: Chien-Pao|91\/100|[from] item: Life Orb\n|move|p2b: Iron Hands|Drain Punch|p1a: Chien-Pao\n|-supereffective|p1a: Chien-Pao\n|-damage|p1a: Chien-Pao|0 fnt\n|-heal|p2b: Iron Hands|86\/100|[from] drain|[of] p1a: Chien-Pao\n|faint|p1a: Chien-Pao\n|\n|win|M1guelEsh\n|raw|Fidgetmls's rating: 1413 &rarr; <strong>1391<\/strong><br \/>(-22 for losing)\n|raw|M1guelEsh's rating: 1384 &rarr; <strong>1406<\/strong><br \/>(+22 for winning)\n|c|\u2606M1guelEsh|gg\n","uploadtime":1699920794,"views":11,"p1id":"fidgetmls","p2id":"m1guelesh","formatid":"gen9vgc2023regulatione","rating":1391,"private":0,"password":""}