{"id":"gen9vgc2023regulatione-1992327680","p1":"Dylidally","p2":"celeme","format":"[Gen 9] VGC 2023 Regulation E","log":"|j|\u2606Dylidally\n|j|\u2606celeme\n|t:|1700175111\n|gametype|doubles\n|player|p1|Dylidally|266|1109\n|player|p2|celeme|170|1153\n|teamsize|p1|6\n|teamsize|p2|6\n|gen|9\n|tier|[Gen 9] VGC 2023 Regulation E\n|rated|\n|rule|Species Clause: Limit one of each Pok\u00e9mon\n|rule|Item Clause: Limit one of each item\n|clearpoke\n|poke|p1|Ninetales-Alola, L50, F|\n|poke|p1|Landorus-Therian, L50, M|\n|poke|p1|Iron Hands, L50|\n|poke|p1|Articuno, L50|\n|poke|p1|Roaring Moon, L50|\n|poke|p1|Ogerpon-Hearthflame, L50, F|\n|poke|p2|Ogerpon-Wellspring, L50, F|\n|poke|p2|Rillaboom, L50, M|\n|poke|p2|Glastrier, L50|\n|poke|p2|Ting-Lu, L50|\n|poke|p2|Enamorus-Therian, L50, F|\n|poke|p2|Wyrdeer, L50, F|\n|teampreview|4\n|inactive|Battle timer is ON: inactive players will automatically lose when time's up. (requested by celeme)\n|\n|t:|1700175177\n|start\n|switch|p1a: Iron Hands|Iron Hands, L50|100\/100\n|switch|p1b: Ogerpon|Ogerpon-Hearthflame, L50, F|100\/100\n|switch|p2a: Ting-Lu|Ting-Lu, L50|100\/100\n|switch|p2b: Wyrdeer|Wyrdeer, L50, F|100\/100\n|-ability|p1b: Ogerpon|Mold Breaker\n|-ability|p2a: Ting-Lu|Vessel of Ruin\n|-ability|p2b: Wyrdeer|Intimidate|boost\n|-unboost|p1a: Iron Hands|atk|1\n|-unboost|p1b: Ogerpon|atk|1\n|turn|1\n|\n|t:|1700175200\n|move|p2a: Ting-Lu|Protect|p2a: Ting-Lu\n|-singleturn|p2a: Ting-Lu|Protect\n|move|p1b: Ogerpon|Horn Leech|p2a: Ting-Lu\n|-activate|p2a: Ting-Lu|move: Protect\n|move|p1a: Iron Hands|Drain Punch|p2a: Ting-Lu\n|-activate|p2a: Ting-Lu|move: Protect\n|move|p2b: Wyrdeer|Trick Room|p2b: Wyrdeer\n|-fieldstart|move: Trick Room|[of] p2b: Wyrdeer\n|\n|upkeep\n|turn|2\n|\n|t:|1700175219\n|switch|p1b: Landorus|Landorus-Therian, L50, M|100\/100\n|-ability|p1b: Landorus|Intimidate|boost\n|-unboost|p2a: Ting-Lu|atk|1\n|-unboost|p2b: Wyrdeer|atk|1\n|move|p2b: Wyrdeer|Skill Swap|p2a: Ting-Lu\n|-activate|p2b: Wyrdeer|move: Skill Swap|||[of] p2a: Ting-Lu\n|-ability|p2b: Wyrdeer|Vessel of Ruin\n|-ability|p2a: Ting-Lu|Intimidate|boost\n|-unboost|p1a: Iron Hands|atk|1\n|-unboost|p1b: Landorus|atk|1\n|move|p2a: Ting-Lu|Ruination|p1a: Iron Hands\n|-damage|p1a: Iron Hands|51\/100\n|move|p1a: Iron Hands|Drain Punch|p2a: Ting-Lu\n|-supereffective|p2a: Ting-Lu\n|-damage|p2a: Ting-Lu|75\/100\n|-heal|p1a: Iron Hands|65\/100|[from] drain|[of] p2a: Ting-Lu\n|\n|upkeep\n|turn|3\n|inactive|celeme has 30 seconds left.\n|\n|t:|1700175248\n|-end|p1a: Iron Hands|Quark Drive|[silent]\n|switch|p1a: Ogerpon|Ogerpon-Hearthflame, L50, F|100\/100\n|-ability|p1a: Ogerpon|Mold Breaker\n|move|p2b: Wyrdeer|Skill Swap|p2a: Ting-Lu\n|-activate|p2b: Wyrdeer|move: Skill Swap|||[of] p2a: Ting-Lu\n|-ability|p2b: Wyrdeer|Intimidate|boost\n|-unboost|p1a: Ogerpon|atk|1\n|-unboost|p1b: Landorus|atk|1\n|-ability|p2a: Ting-Lu|Vessel of Ruin\n|move|p2a: Ting-Lu|Ruination|p1a: Ogerpon\n|-damage|p1a: Ogerpon|50\/100\n|move|p1b: Landorus|U-turn|p2a: Ting-Lu\n|-supereffective|p2a: Ting-Lu\n|-damage|p2a: Ting-Lu|60\/100\n|\n|t:|1700175261\n|switch|p1b: Iron Hands|Iron Hands, L50|65\/100|[from] U-turn\n|\n|upkeep\n|turn|4\n|inactive|celeme has 30 seconds left.\n|\n|t:|1700175290\n|-terastallize|p1a: Ogerpon|Fire\n|detailschange|p1a: Ogerpon|Ogerpon-Hearthflame-Tera, L50, F, tera:Fire\n|-ability|p1a: Ogerpon|Embody Aspect (Hearthflame)|boost\n|-boost|p1a: Ogerpon|atk|1\n|move|p2a: Ting-Lu|Protect|p2a: Ting-Lu\n|-singleturn|p2a: Ting-Lu|Protect\n|move|p1b: Iron Hands|Fake Out|p2b: Wyrdeer\n|-damage|p2b: Wyrdeer|87\/100\n|move|p2b: Wyrdeer|Extrasensory|p1b: Iron Hands\n|-supereffective|p1b: Iron Hands\n|-damage|p1b: Iron Hands|44\/100\n|move|p1a: Ogerpon|Horn Leech|p2a: Ting-Lu\n|-activate|p2a: Ting-Lu|move: Protect\n|\n|upkeep\n|turn|5\n|inactive|celeme has 30 seconds left.\n|inactive|celeme has 20 seconds left.\n|\n|t:|1700175330\n|switch|p2a: Enamorus|Enamorus-Therian, L50, F|100\/100\n|switch|p1a: Landorus|Landorus-Therian, L50, M|100\/100\n|-ability|p1a: Landorus|Intimidate|boost\n|-unboost|p2a: Enamorus|atk|1\n|-unboost|p2b: Wyrdeer|atk|1\n|move|p2b: Wyrdeer|Skill Swap|p2a: Enamorus\n|-activate|p2b: Wyrdeer|move: Skill Swap|||[of] p2a: Enamorus\n|-ability|p2a: Enamorus|Intimidate|boost\n|-unboost|p1a: Landorus|atk|1\n|-unboost|p1b: Iron Hands|atk|1\n|move|p1b: Iron Hands|Drain Punch|p2a: Enamorus\n|-resisted|p2a: Enamorus\n|-damage|p2a: Enamorus|95\/100\n|-heal|p1b: Iron Hands|46\/100|[from] drain|[of] p2a: Enamorus\n|\n|-fieldend|move: Trick Room\n|upkeep\n|turn|6\n|inactive|celeme has 30 seconds left.\n|inactive|celeme has 20 seconds left.\n|\n|t:|1700175367\n|-end|p1b: Iron Hands|Quark Drive|[silent]\n|switch|p1b: Articuno|Articuno, L50|100\/100\n|-terastallize|p2a: Enamorus|Fairy\n|move|p1a: Landorus|Rock Slide|p2a: Enamorus|[spread] p2a,p2b\n|-damage|p2a: Enamorus|82\/100\n|-damage|p2b: Wyrdeer|73\/100\n|move|p2a: Enamorus|Dazzling Gleam|p1b: Articuno|[spread] p1a\n|-miss|p2a: Enamorus|p1b: Articuno\n|-damage|p1a: Landorus|11\/100\n|move|p2b: Wyrdeer|Trick Room|p2b: Wyrdeer\n|-fieldstart|move: Trick Room|[of] p2b: Wyrdeer\n|\n|upkeep\n|turn|7\n|\n|t:|1700175388\n|switch|p1a: Iron Hands|Iron Hands, L50|46\/100\n|move|p2b: Wyrdeer|Helping Hand|p2a: Enamorus\n|-singleturn|p2a: Enamorus|Helping Hand|[of] p2b: Wyrdeer\n|move|p2a: Enamorus|Dazzling Gleam|p1b: Articuno|[spread] p1a,p1b\n|-supereffective|p1a: Iron Hands\n|-damage|p1a: Iron Hands|0 fnt\n|-damage|p1b: Articuno|13\/100\n|faint|p1a: Iron Hands\n|-end|p1a: Iron Hands|Quark Drive|[silent]\n|move|p1b: Articuno|Blizzard|p2b: Wyrdeer|[spread] p2a\n|-miss|p1b: Articuno|p2b: Wyrdeer\n|-damage|p2a: Enamorus|46\/100\n|\n|upkeep\n|\n|t:|1700175402\n|switch|p1a: Ogerpon|Ogerpon-Hearthflame-Tera, L50, F, tera:Fire|50\/100\n|-ability|p1a: Ogerpon|Embody Aspect (Hearthflame)|boost\n|-boost|p1a: Ogerpon|atk|1\n|turn|8\n|\n|t:|1700175423\n|move|p2b: Wyrdeer|Helping Hand|p2a: Enamorus\n|-singleturn|p2a: Enamorus|Helping Hand|[of] p2b: Wyrdeer\n|move|p2a: Enamorus|Dazzling Gleam|p1b: Articuno|[spread] p1a\n|-miss|p2a: Enamorus|p1b: Articuno\n|-resisted|p1a: Ogerpon\n|-damage|p1a: Ogerpon|0 fnt\n|faint|p1a: Ogerpon\n|move|p1b: Articuno|Blizzard|p2b: Wyrdeer|[spread] p2a\n|-miss|p1b: Articuno|p2b: Wyrdeer\n|-damage|p2a: Enamorus|9\/100\n|\n|upkeep\n|\n|t:|1700175434\n|switch|p1a: Landorus|Landorus-Therian, L50, M|11\/100\n|-ability|p1a: Landorus|Intimidate|boost\n|-unboost|p2a: Enamorus|atk|1\n|-unboost|p2b: Wyrdeer|atk|1\n|turn|9\n|\n|t:|1700175444\n|move|p2a: Enamorus|Dazzling Gleam|p1a: Landorus|[spread] p1a,p1b\n|-crit|p1a: Landorus\n|-damage|p1a: Landorus|0 fnt\n|-damage|p1b: Articuno|0 fnt\n|faint|p1a: Landorus\n|faint|p1b: Articuno\n|\n|win|celeme\n|raw|Dylidally's rating: 1109 &rarr; <strong>1087<\/strong><br \/>(-22 for losing)\n|raw|celeme's rating: 1153 &rarr; <strong>1175<\/strong><br \/>(+22 for winning)\n|l|\u2606Dylidally\n","uploadtime":1700175452,"views":10,"p1id":"dylidally","p2id":"celeme","formatid":"gen9vgc2023regulatione","rating":1087,"private":0,"password":""}