{"id":"gen9vgc2023regulatione-1999984842","p1":"ReachForBleach","p2":"be g 1000","format":"[Gen 9] VGC 2023 Regulation E","log":"|j|\u2606ReachForBleach\n|j|\u2606be g 1000\n|t:|1701137731\n|gametype|doubles\n|player|p1|ReachForBleach|marlon|1448\n|player|p2|be g 1000|flint|1387\n|teamsize|p1|6\n|teamsize|p2|6\n|gen|9\n|tier|[Gen 9] VGC 2023 Regulation E\n|rated|\n|rule|Species Clause: Limit one of each Pok\u00e9mon\n|rule|Item Clause: Limit one of each item\n|clearpoke\n|poke|p1|Ogerpon-Hearthflame, L50, F|\n|poke|p1|Tornadus, L50, M|\n|poke|p1|Flutter Mane, L50|\n|poke|p1|Weezing-Galar, L50, F|\n|poke|p1|Kingambit, L50, F|\n|poke|p1|Landorus-Therian, L50, M|\n|poke|p2|Ninetales-Alola, L50, F|\n|poke|p2|Rillaboom, L50, M|\n|poke|p2|Baxcalibur, L50, M|\n|poke|p2|Landorus-Therian, L50, M|\n|poke|p2|Empoleon, L50, F|\n|poke|p2|Iron Hands, L50|\n|teampreview|4\n|inactive|Battle timer is ON: inactive players will automatically lose when time's up. (requested by ReachForBleach)\n|\n|t:|1701137755\n|start\n|switch|p1a: Tornadus|Tornadus, L50, M|100\/100\n|switch|p1b: Flutter Mane|Flutter Mane, L50|100\/100\n|switch|p2a: Landorus|Landorus-Therian, L50, M|100\/100\n|switch|p2b: Empoleon|Empoleon, L50, F, shiny|100\/100\n|-ability|p2a: Landorus|Intimidate|boost\n|-unboost|p1a: Tornadus|atk|1\n|-unboost|p1b: Flutter Mane|atk|1\n|turn|1\n|\n|t:|1701137776\n|-end|p1b: Flutter Mane|Protosynthesis|[silent]\n|switch|p1b: Landorus|Landorus-Therian, L50, M|100\/100\n|-ability|p1b: Landorus|Intimidate|boost\n|-unboost|p2a: Landorus|atk|1\n|-unboost|p2b: Empoleon|atk|1\n|-ability|p2b: Empoleon|Competitive|boost\n|-boost|p2b: Empoleon|spa|2\n|move|p1a: Tornadus|Tailwind|p1a: Tornadus\n|-sidestart|p1: ReachForBleach|move: Tailwind\n|move|p2a: Landorus|Stomping Tantrum|p1b: Landorus\n|-immune|p1b: Landorus\n|move|p2b: Empoleon|Flash Cannon|p1b: Landorus\n|-damage|p1b: Landorus|17\/100\n|\n|upkeep\n|turn|2\n|\n|t:|1701137795\n|switch|p2a: Ninetales|Ninetales-Alola, L50, F, shiny|100\/100\n|-weather|Snow|[from] ability: Snow Warning|[of] p2a: Ninetales\n|move|p1a: Tornadus|Bleakwind Storm|p2a: Ninetales|[spread] p2b\n|-miss|p1a: Tornadus|p2a: Ninetales\n|-resisted|p2b: Empoleon\n|-damage|p2b: Empoleon|85\/100\n|-unboost|p2b: Empoleon|spe|1\n|-ability|p2b: Empoleon|Competitive|boost\n|-boost|p2b: Empoleon|spa|2\n|move|p1b: Landorus|Stomping Tantrum|p2b: Empoleon\n|-supereffective|p2b: Empoleon\n|-damage|p2b: Empoleon|13\/100\n|move|p2b: Empoleon|Ice Beam|p1a: Tornadus\n|-supereffective|p1a: Tornadus\n|-damage|p1a: Tornadus|0 fnt\n|faint|p1a: Tornadus\n|\n|-weather|Snow|[upkeep]\n|-heal|p2b: Empoleon|19\/100|[from] item: Leftovers\n|upkeep\n|\n|t:|1701137815\n|switch|p1a: Ogerpon|Ogerpon-Hearthflame, L50, F|100\/100\n|-ability|p1a: Ogerpon|Mold Breaker\n|turn|3\n|\n|t:|1701137827\n|-terastallize|p1a: Ogerpon|Fire\n|detailschange|p1a: Ogerpon|Ogerpon-Hearthflame-Tera, L50, F, tera:Fire\n|-ability|p1a: Ogerpon|Embody Aspect (Hearthflame)|boost\n|-boost|p1a: Ogerpon|atk|1\n|move|p2b: Empoleon|Protect|p2b: Empoleon\n|-singleturn|p2b: Empoleon|Protect\n|move|p1a: Ogerpon|Ivy Cudgel|p2a: Ninetales|[anim] Ivy Cudgel Fire\n|-supereffective|p2a: Ninetales\n|-damage|p2a: Ninetales|0 fnt\n|faint|p2a: Ninetales\n|move|p1b: Landorus|Stomping Tantrum|p2b: Empoleon\n|-activate|p2b: Empoleon|move: Protect\n|\n|-weather|Snow|[upkeep]\n|-heal|p2b: Empoleon|25\/100|[from] item: Leftovers\n|upkeep\n|\n|t:|1701137836\n|switch|p2a: Landorus|Landorus-Therian, L50, M|100\/100\n|-ability|p2a: Landorus|Intimidate|boost\n|-unboost|p1a: Ogerpon|atk|1\n|-fail|p1b: Landorus|unboost|[from] item: Clear Amulet|[of] p1b: Landorus\n|turn|4\n|\n|t:|1701137843\n|move|p1a: Ogerpon|Ivy Cudgel|p2a: Landorus|[anim] Ivy Cudgel Fire\n|-crit|p2a: Landorus\n|-damage|p2a: Landorus|0 fnt\n|faint|p2a: Landorus\n|move|p1b: Landorus|Stomping Tantrum|p2b: Empoleon\n|-supereffective|p2b: Empoleon\n|-damage|p2b: Empoleon|0 fnt\n|faint|p2b: Empoleon\n|\n|-weather|Snow|[upkeep]\n|-sideend|p1: ReachForBleach|move: Tailwind\n|upkeep\n|\n|t:|1701137849\n|switch|p2b: Baxcalibur|Baxcalibur, L50, M|100\/100\n|turn|5\n|c|\u2606be g 1000|Tuff\n|\n|t:|1701137859\n|-terastallize|p2b: Baxcalibur|Fire\n|move|p2b: Baxcalibur|Ice Shard|p1b: Landorus\n|-supereffective|p1b: Landorus\n|-damage|p1b: Landorus|0 fnt\n|faint|p1b: Landorus\n|move|p1a: Ogerpon|Ivy Cudgel|p2b: Baxcalibur|[anim] Ivy Cudgel Fire\n|-resisted|p2b: Baxcalibur\n|-damage|p2b: Baxcalibur|68\/100\n|\n|-weather|Snow|[upkeep]\n|-heal|p2b: Baxcalibur|75\/100|[from] ability: Ice Body\n|upkeep\n|c|\u2606be g 1000|Forgot about tw\n|\n|t:|1701137863\n|switch|p1b: Flutter Mane|Flutter Mane, L50|100\/100\n|turn|6\n|inactive|be g 1000 has 30 seconds left.\n|\n|t:|1701137888\n|move|p1a: Ogerpon|Follow Me|p1a: Ogerpon\n|-singleturn|p1a: Ogerpon|move: Follow Me\n|move|p1b: Flutter Mane|Shadow Ball|p2b: Baxcalibur\n|-damage|p2b: Baxcalibur|10\/100\n|move|p2b: Baxcalibur|Swords Dance|p2b: Baxcalibur\n|-boost|p2b: Baxcalibur|atk|2\n|\n|-weather|none\n|upkeep\n|turn|7\n|\n|t:|1701137900\n|move|p1a: Ogerpon|Follow Me|p1a: Ogerpon\n|-singleturn|p1a: Ogerpon|move: Follow Me\n|move|p2b: Baxcalibur|Ice Shard|p1a: Ogerpon\n|-resisted|p1a: Ogerpon\n|-damage|p1a: Ogerpon|66\/100\n|move|p1b: Flutter Mane|Shadow Ball|p2b: Baxcalibur\n|-damage|p2b: Baxcalibur|0 fnt\n|faint|p2b: Baxcalibur\n|\n|win|ReachForBleach\n|raw|ReachForBleach's rating: 1448 &rarr; <strong>1465<\/strong><br \/>(+17 for winning)\n|raw|be g 1000's rating: 1387 &rarr; <strong>1370<\/strong><br \/>(-17 for losing)\n|c|\u2606be g 1000|Gg\n|l|\u2606be g 1000\n|l|\u2606ReachForBleach\n","uploadtime":1701137982,"views":2,"p1id":"reachforbleach","p2id":"beg1000","formatid":"gen9vgc2023regulatione","rating":1370,"private":0,"password":""}