{"id":"gen9vgc2023regulatione-1993818399","p1":"PeyPey1122","p2":"BowDog!","format":"[Gen 9] VGC 2023 Regulation E","log":"|j|\u2606PeyPey1122\n|j|\u2606BowDog!\n|t:|1700361081\n|gametype|doubles\n|player|p1|PeyPey1122|ethan|1162\n|player|p2|BowDog!|winona|1087\n|teamsize|p1|6\n|teamsize|p2|6\n|gen|9\n|tier|[Gen 9] VGC 2023 Regulation E\n|rated|\n|rule|Species Clause: Limit one of each Pok\u00e9mon\n|rule|Item Clause: Limit one of each item\n|clearpoke\n|poke|p1|Ogerpon-Hearthflame, L50, F|\n|poke|p1|Urshifu-*, L50, F|\n|poke|p1|Tornadus, L50, M|\n|poke|p1|Landorus-Therian, L50, M|\n|poke|p1|Flutter Mane, L50|\n|poke|p1|Kingambit, L50, M|\n|poke|p2|Landorus-Therian, L50, M|\n|poke|p2|Tornadus, L50, M|\n|poke|p2|Iron Bundle, L50|\n|poke|p2|Sylveon, L50, F|\n|poke|p2|Ogerpon-Hearthflame, L50, F|\n|poke|p2|Urshifu-*, L50, F|\n|teampreview|4\nBowDog! has agreed to open team sheets.\n|inactive|Battle timer is ON: inactive players will automatically lose when time's up. (requested by BowDog!)\n|inactive|BowDog! has 60 seconds left.\n|\n|t:|1700361129\n|start\n|switch|p1a: Ogerpon|Ogerpon-Hearthflame, L50, F|100\/100\n|switch|p1b: Kingambit|Kingambit, L50, M, shiny|100\/100\n|switch|p2a: Iron Bundle|Iron Bundle, L50|100\/100\n|switch|p2b: Tornadus|Tornadus, L50, M|100\/100\n|-ability|p1a: Ogerpon|Mold Breaker\n|-enditem|p2a: Iron Bundle|Booster Energy\n|-activate|p2a: Iron Bundle|ability: Quark Drive|[fromitem]\n|-start|p2a: Iron Bundle|quarkdrivespe\n|turn|1\n|inactive|BowDog! has 30 seconds left.\n|\n|t:|1700361163\n|move|p1a: Ogerpon|Follow Me|p1a: Ogerpon\n|-singleturn|p1a: Ogerpon|move: Follow Me\n|move|p2a: Iron Bundle|Hydro Pump|p1a: Ogerpon\n|-damage|p1a: Ogerpon|46\/100\n|move|p2b: Tornadus|Bleakwind Storm|p1b: Kingambit|[spread] p1a,p1b\n|-supereffective|p1a: Ogerpon\n|-resisted|p1b: Kingambit\n|-damage|p1a: Ogerpon|0 fnt\n|-damage|p1b: Kingambit|81\/100\n|faint|p1a: Ogerpon\n|move|p1b: Kingambit|Swords Dance|p1b: Kingambit\n|-boost|p1b: Kingambit|atk|2\n|\n|upkeep\n|\n|t:|1700361177\n|switch|p1a: Urshifu|Urshifu-Rapid-Strike, L50, F|100\/100\n|turn|2\n|inactive|BowDog! has 30 seconds left.\n|\n|t:|1700361210\n|move|p1a: Urshifu|Protect|p1a: Urshifu\n|-singleturn|p1a: Urshifu|Protect\n|move|p1b: Kingambit|Sucker Punch|p2a: Iron Bundle\n|-damage|p2a: Iron Bundle|0 fnt\n|faint|p2a: Iron Bundle\n|-end|p2a: Iron Bundle|Quark Drive|[silent]\n|move|p2b: Tornadus|Bleakwind Storm|p1a: Urshifu|[spread] p1b\n|-activate|p1a: Urshifu|move: Protect\n|-resisted|p1b: Kingambit\n|-damage|p1b: Kingambit|64\/100\n|\n|upkeep\n|\n|t:|1700361228\n|switch|p2a: Ogerpon|Ogerpon-Hearthflame, L50, F|100\/100\n|-ability|p2a: Ogerpon|Mold Breaker\n|turn|3\n|inactive|BowDog! has 30 seconds left.\n|\n|t:|1700361257\n|-terastallize|p1b: Kingambit|Dark\n|move|p2a: Ogerpon|Ivy Cudgel|p1b: Kingambit|[anim] Ivy Cudgel Fire\n|-damage|p1b: Kingambit|22\/100\n|move|p1a: Urshifu|Surging Strikes|p2a: Ogerpon\n|-crit|p2a: Ogerpon\n|-damage|p2a: Ogerpon|75\/100\n|-crit|p2a: Ogerpon\n|-damage|p2a: Ogerpon|46\/100\n|-crit|p2a: Ogerpon\n|-damage|p2a: Ogerpon|20\/100\n|-hitcount|p2a: Ogerpon|3\n|move|p2b: Tornadus|Bleakwind Storm|p1b: Kingambit|[spread] p1b\n|-miss|p2b: Tornadus|p1a: Urshifu\n|-damage|p1b: Kingambit|0 fnt\n|faint|p1b: Kingambit\n|\n|upkeep\n|\n|t:|1700361271\n|switch|p1b: Flutter Mane|Flutter Mane, L50|100\/100\n|turn|4\n|inactive|BowDog! has 30 seconds left.\n|\n|t:|1700361300\n|move|p2a: Ogerpon|Spiky Shield|p2a: Ogerpon\n|-singleturn|p2a: Ogerpon|move: Protect\n|move|p1a: Urshifu|Aqua Jet|p2a: Ogerpon\n|-damage|p2a: Ogerpon|0 fnt\n|faint|p2a: Ogerpon\n|move|p2b: Tornadus|Tailwind|p2b: Tornadus\n|-sidestart|p2: BowDog!|move: Tailwind\n|move|p1b: Flutter Mane|Moonblast|p2b: Tornadus\n|-damage|p2b: Tornadus|17\/100\n|\n|upkeep\n|\n|t:|1700361310\n|switch|p2a: BowDog!|Sylveon, L50, F|100\/100\n|turn|5\n|\n|t:|1700361332\n|move|p1a: Urshifu|Aqua Jet|p2b: Tornadus\n|-damage|p2b: Tornadus|0 fnt\n|faint|p2b: Tornadus\n|move|p1b: Flutter Mane|Moonblast|p2a: BowDog!\n|-damage|p2a: BowDog!|45\/100\n|-unboost|p2a: BowDog!|spa|1\n|move|p2a: BowDog!|Hyper Voice|p1b: Flutter Mane|[spread] p1a,p1b\n|-supereffective|p1a: Urshifu\n|-damage|p1a: Urshifu|19\/100\n|-damage|p1b: Flutter Mane|78\/100\n|-enditem|p2a: BowDog!|Throat Spray\n|-boost|p2a: BowDog!|spa|1|[from] item: Throat Spray\n|\n|upkeep\n|turn|6\n|\n|t:|1700361348\n|-terastallize|p2a: BowDog!|Steel\n|move|p1a: Urshifu|Aqua Jet|p2a: BowDog!\n|-damage|p2a: BowDog!|18\/100\n|move|p1b: Flutter Mane|Moonblast|p2a: BowDog!\n|-resisted|p2a: BowDog!\n|-damage|p2a: BowDog!|0 fnt\n|faint|p2a: BowDog!\n|\n|win|PeyPey1122\n|raw|PeyPey1122's rating: 1162 &rarr; <strong>1182<\/strong><br \/>(+20 for winning)\n|raw|BowDog!'s rating: 1087 &rarr; <strong>1069<\/strong><br \/>(-18 for losing)\n|c|\u2606PeyPey1122|ggs\n|l|\u2606PeyPey1122\n","uploadtime":1700361375,"views":7,"p1id":"peypey1122","p2id":"bowdog","formatid":"gen9vgc2023regulatione","rating":1069,"private":0,"password":""}