{"id":"gen9vgc2023regulatione-1998572271","p1":"huntchaser","p2":"TheMemePerson","format":"[Gen 9] VGC 2023 Regulation E","log":"|j|\u2606huntchaser\n|j|\u2606TheMemePerson\n|t:|1700957895\n|gametype|doubles\n|player|p1|huntchaser|atticus|1064\n|player|p2|TheMemePerson|cynthia-gen4|1066\n|teamsize|p1|6\n|teamsize|p2|6\n|gen|9\n|tier|[Gen 9] VGC 2023 Regulation E\n|rated|\n|rule|Species Clause: Limit one of each Pok\u00e9mon\n|rule|Item Clause: Limit one of each item\n|clearpoke\n|poke|p1|Raichu-Alola, L50, F|\n|poke|p1|Pincurchin, L50, M|\n|poke|p1|Tauros-Paldea-Blaze, L50, M|\n|poke|p1|Ogerpon-Wellspring, L50, F|\n|poke|p1|Gholdengo, L50|\n|poke|p1|Iron Bundle, L50|\n|poke|p2|Ninetales-Alola, L50, F|\n|poke|p2|Baxcalibur, L50, M|\n|poke|p2|Articuno, L50|\n|poke|p2|Ogerpon-Wellspring, L50, F|\n|poke|p2|Landorus-Therian, L50, M|\n|poke|p2|Dragapult, L50, M|\n|teampreview|4\n|inactive|Battle timer is ON: inactive players will automatically lose when time's up. (requested by huntchaser)\n|\n|t:|1700957917\n|start\n|switch|p1a: Tauros|Tauros-Paldea-Blaze, L50, M|100\/100\n|switch|p1b: Iron Bundle|Iron Bundle, L50|100\/100\n|switch|p2a: Ninetales|Ninetales-Alola, L50, F|100\/100\n|switch|p2b: Baxcalibur|Baxcalibur, L50, M|100\/100\n|-weather|Snow|[from] ability: Snow Warning|[of] p2a: Ninetales\n|-ability|p1a: Tauros|Intimidate|boost\n|-unboost|p2a: Ninetales|atk|1\n|-unboost|p2b: Baxcalibur|atk|1\n|-enditem|p1b: Iron Bundle|Booster Energy\n|-activate|p1b: Iron Bundle|ability: Quark Drive|[fromitem]\n|-start|p1b: Iron Bundle|quarkdrivespe\n|turn|1\n|\n|t:|1700957940\n|switch|p2b: Articuno|Articuno, L50|100\/100\n|move|p1b: Iron Bundle|Icy Wind|p2a: Ninetales|[spread] p2a,p2b\n|-resisted|p2a: Ninetales\n|-damage|p2a: Ninetales|90\/100\n|-damage|p2b: Articuno|91\/100\n|-unboost|p2a: Ninetales|spe|1\n|-unboost|p2b: Articuno|spe|1\n|move|p1a: Tauros|Raging Bull|p2a: Ninetales\n|-supereffective|p2a: Ninetales\n|-damage|p2a: Ninetales|17\/100\n|move|p2a: Ninetales|Aurora Veil|p2a: Ninetales\n|-sidestart|p2: TheMemePerson|move: Aurora Veil\n|\n|-weather|Snow|[upkeep]\n|-heal|p2b: Articuno|97\/100|[from] item: Leftovers\n|upkeep\n|turn|2\n|\n|t:|1700957958\n|switch|p2a: Ogerpon|Ogerpon-Wellspring, L50, F|100\/100\n|move|p1b: Iron Bundle|Icy Wind|p2b: Articuno|[spread] p2a\n|-miss|p1b: Iron Bundle|p2b: Articuno\n|-damage|p2a: Ogerpon|86\/100\n|-unboost|p2a: Ogerpon|spe|1\n|move|p1a: Tauros|Raging Bull|p2b: Articuno\n|-sideend|p2: TheMemePerson|move: Aurora Veil\n|-supereffective|p2b: Articuno\n|-damage|p2b: Articuno|52\/100\n|move|p2b: Articuno|Tailwind|p2b: Articuno\n|-sidestart|p2: TheMemePerson|move: Tailwind\n|\n|-weather|Snow|[upkeep]\n|-heal|p2b: Articuno|58\/100|[from] item: Leftovers\n|upkeep\n|turn|3\n|inactive|TheMemePerson has 30 seconds left.\n|\n|t:|1700957984\n|move|p1b: Iron Bundle|Freeze-Dry|p2a: Ogerpon\n|-supereffective|p2a: Ogerpon\n|-damage|p2a: Ogerpon|0 fnt\n|faint|p2a: Ogerpon\n|move|p2b: Articuno|Haze|p2b: Articuno\n|-clearallboost\n|move|p1a: Tauros|Raging Bull|p2b: Articuno\n|-supereffective|p2b: Articuno\n|-damage|p2b: Articuno|9\/100\n|\n|-weather|Snow|[upkeep]\n|-heal|p2b: Articuno|15\/100|[from] item: Leftovers\n|upkeep\n|\n|t:|1700957990\n|switch|p2a: Baxcalibur|Baxcalibur, L50, M|100\/100\n|turn|4\n|\n|t:|1700958000\n|move|p2a: Baxcalibur|Scale Shot|p1b: Iron Bundle\n|-crit|p1b: Iron Bundle\n|-damage|p1b: Iron Bundle|85\/100\n|-damage|p1b: Iron Bundle|76\/100\n|-damage|p1b: Iron Bundle|66\/100\n|-damage|p1b: Iron Bundle|57\/100\n|-hitcount|p1b: Iron Bundle|4\n|-unboost|p2a: Baxcalibur|def|1\n|-boost|p2a: Baxcalibur|spe|1\n|move|p1b: Iron Bundle|Icy Wind|p2a: Baxcalibur|[spread] p2a,p2b\n|-damage|p2a: Baxcalibur|81\/100\n|-damage|p2b: Articuno|6\/100\n|-unboost|p2a: Baxcalibur|spe|1\n|-unboost|p2b: Articuno|spe|1\n|move|p2b: Articuno|Freeze-Dry|p1b: Iron Bundle\n|-damage|p1b: Iron Bundle|29\/100\n|move|p1a: Tauros|Raging Bull|p2a: Baxcalibur\n|-damage|p2a: Baxcalibur|42\/100\n|-ability|p2a: Baxcalibur|Thermal Exchange|boost\n|-boost|p2a: Baxcalibur|atk|1\n|\n|-weather|Snow|[upkeep]\n|-heal|p2b: Articuno|12\/100|[from] item: Leftovers\n|upkeep\n|turn|5\n|inactive|huntchaser has 30 seconds left.\n|inactive|TheMemePerson has 30 seconds left.\n|\n|t:|1700958032\n|-terastallize|p2a: Baxcalibur|Steel\n|move|p2a: Baxcalibur|Scale Shot|p1b: Iron Bundle|[miss]\n|-miss|p2a: Baxcalibur|p1b: Iron Bundle\n|move|p1b: Iron Bundle|Icy Wind|p2b: Articuno|[spread] p2a\n|-miss|p1b: Iron Bundle|p2b: Articuno\n|-resisted|p2a: Baxcalibur\n|-damage|p2a: Baxcalibur|33\/100\n|-unboost|p2a: Baxcalibur|spe|1\n|move|p2b: Articuno|Roost|p2b: Articuno\n|-heal|p2b: Articuno|62\/100\n|-singleturn|p2b: Articuno|move: Roost\n|move|p1a: Tauros|Zen Headbutt|p2a: Baxcalibur\n|-resisted|p2a: Baxcalibur\n|-damage|p2a: Baxcalibur|17\/100\n|\n|-weather|none\n|-heal|p2b: Articuno|69\/100|[from] item: Leftovers\n|-sideend|p2: TheMemePerson|move: Tailwind\n|upkeep\n|turn|6\n|inactive|huntchaser has 30 seconds left.\n|\n|t:|1700958060\n|move|p1b: Iron Bundle|Hydro Pump|p2b: Articuno\n|-damage|p2b: Articuno|45\/100\n|move|p1a: Tauros|Raging Bull|p2a: Baxcalibur\n|-supereffective|p2a: Baxcalibur\n|-damage|p2a: Baxcalibur|0 fnt\n|faint|p2a: Baxcalibur\n|move|p2b: Articuno|Tailwind|p2b: Articuno\n|-sidestart|p2: TheMemePerson|move: Tailwind\n|\n|-heal|p2b: Articuno|51\/100|[from] item: Leftovers\n|upkeep\n|\n|t:|1700958077\n|switch|p2a: Ninetales|Ninetales-Alola, L50, F|17\/100\n|-weather|Snow|[from] ability: Snow Warning|[of] p2a: Ninetales\n|turn|7\n|c|\u2606TheMemePerson|ggs\n|\n|t:|1700958086\n|move|p2a: Ninetales|Moonblast|p1a: Tauros\n|-damage|p1a: Tauros|71\/100\n|move|p1b: Iron Bundle|Hydro Pump|p2a: Ninetales\n|-damage|p2a: Ninetales|0 fnt\n|faint|p2a: Ninetales\n|move|p2b: Articuno|Freeze-Dry|p1a: Tauros\n|-resisted|p1a: Tauros\n|-damage|p1a: Tauros|60\/100\n|move|p1a: Tauros|Raging Bull|p2b: Articuno|[miss]\n|-miss|p1a: Tauros|p2b: Articuno\n|\n|-weather|Snow|[upkeep]\n|-heal|p2b: Articuno|57\/100|[from] item: Leftovers\n|upkeep\n|turn|8\n|\n|t:|1700958103\n|move|p1b: Iron Bundle|Hydro Pump|p2b: Articuno|[miss]\n|-miss|p1b: Iron Bundle|p2b: Articuno\n|move|p2b: Articuno|Freeze-Dry|p1b: Iron Bundle\n|-damage|p1b: Iron Bundle|1\/100\n|move|p1a: Tauros|Raging Bull|p2b: Articuno|[miss]\n|-miss|p1a: Tauros|p2b: Articuno\n|\n|-weather|Snow|[upkeep]\n|-heal|p2b: Articuno|63\/100|[from] item: Leftovers\n|upkeep\n|turn|9\n|\n|t:|1700958120\n|move|p1b: Iron Bundle|Hydro Pump|p2b: Articuno|[miss]\n|-miss|p1b: Iron Bundle|p2b: Articuno\n|move|p2b: Articuno|Freeze-Dry|p1b: Iron Bundle\n|-damage|p1b: Iron Bundle|0 fnt\n|faint|p1b: Iron Bundle\n|-end|p1b: Iron Bundle|Quark Drive|[silent]\n|move|p1a: Tauros|Raging Bull|p2b: Articuno\n|-supereffective|p2b: Articuno\n|-damage|p2b: Articuno|20\/100\n|\n|-weather|Snow|[upkeep]\n|-heal|p2b: Articuno|26\/100|[from] item: Leftovers\n|-sideend|p2: TheMemePerson|move: Tailwind\n|upkeep\n|\n|t:|1700958132\n|switch|p1b: Raichu|Raichu-Alola, L50, F|100\/100\n|turn|10\n|\n|t:|1700958138\n|move|p1b: Raichu|Thunderbolt|p2b: Articuno\n|-supereffective|p2b: Articuno\n|-damage|p2b: Articuno|0 fnt\n|faint|p2b: Articuno\n|\n|win|huntchaser\n|raw|huntchaser's rating: 1064 &rarr; <strong>1095<\/strong><br \/>(+31 for winning)\n|raw|TheMemePerson's rating: 1066 &rarr; <strong>1046<\/strong><br \/>(-20 for losing)\n|c|\u2606huntchaser|gg\n","uploadtime":1700958144,"views":9,"p1id":"huntchaser","p2id":"thememeperson","formatid":"gen9vgc2023regulatione","rating":1046,"private":0,"password":""}