{"id":"gen9vgc2023regulatione-1992350098","p1":"SkechiArt","p2":"wingwingy55","format":"[Gen 9] VGC 2023 Regulation E","log":"|j|\u2606SkechiArt\n|j|\u2606wingwingy55\n|t:|1700177493\n|gametype|doubles\n|player|p1|SkechiArt|acetrainerf|1031\n|player|p2|wingwingy55|preschooler|1098\n|teamsize|p1|6\n|teamsize|p2|6\n|gen|9\n|tier|[Gen 9] VGC 2023 Regulation E\n|rated|\n|rule|Species Clause: Limit one of each Pok\u00e9mon\n|rule|Item Clause: Limit one of each item\n|clearpoke\n|poke|p1|Ogerpon-Wellspring, L50, F|\n|poke|p1|Roaring Moon, L50|\n|poke|p1|Maushold, L50|\n|poke|p1|Farigiraf, L50, F|\n|poke|p1|Sinistcha, L50|\n|poke|p1|Kommo-o, L50, F|\n|poke|p2|Dragapult, L50, M|\n|poke|p2|Arcanine-Hisui, L50, F|\n|poke|p2|Ogerpon, L50, F|\n|poke|p2|Iron Hands, L50|\n|poke|p2|Chien-Pao, L50|\n|poke|p2|Spectrier, L50|\n|teampreview|4\nSkechiArt rejected open team sheets.\n|\n|t:|1700177534\n|start\n|switch|p1a: Ogerpon|Ogerpon-Wellspring, L50, F|100\/100\n|switch|p1b: Roaring Moon|Roaring Moon, L50|100\/100\n|switch|p2a: Spectrier|Spectrier, L50|100\/100\n|switch|p2b: Tank Hands|Iron Hands, L50|100\/100\n|-enditem|p1b: Roaring Moon|Booster Energy\n|-activate|p1b: Roaring Moon|ability: Protosynthesis|[fromitem]\n|-start|p1b: Roaring Moon|protosynthesisatk\n|turn|1\n|\n|t:|1700177561\n|move|p2b: Tank Hands|Fake Out|p1a: Ogerpon\n|-damage|p1a: Ogerpon|84\/100\n|cant|p1a: Ogerpon|flinch\n|move|p2a: Spectrier|Draining Kiss|p1b: Roaring Moon\n|-supereffective|p1b: Roaring Moon\n|-damage|p1b: Roaring Moon|27\/100\n|move|p1b: Roaring Moon|Dragon Dance|p1b: Roaring Moon\n|-boost|p1b: Roaring Moon|atk|1\n|-boost|p1b: Roaring Moon|spe|1\n|\n|upkeep\n|turn|2\n|\n|t:|1700177579\n|-terastallize|p1b: Roaring Moon|Flying\n|move|p1a: Ogerpon|Follow Me|p1a: Ogerpon\n|-singleturn|p1a: Ogerpon|move: Follow Me\n|move|p1b: Roaring Moon|Knock Off|p2a: Spectrier\n|-supereffective|p2a: Spectrier\n|-damage|p2a: Spectrier|0 fnt\n|-enditem|p2a: Spectrier|Sitrus Berry|[from] move: Knock Off|[of] p1b: Roaring Moon\n|faint|p2a: Spectrier\n|move|p2b: Tank Hands|Drain Punch|p1a: Ogerpon\n|-damage|p1a: Ogerpon|43\/100\n|\n|upkeep\n|\n|t:|1700177592\n|switch|p2a: Dragapult|Dragapult, L50, M, shiny|100\/100\n|turn|3\n|\n|t:|1700177622\n|switch|p1a: Sinistcha|Sinistcha, L50|100\/100\n|-heal|p1b: Roaring Moon|52\/100|[from] ability: Hospitality|[of] p1a: Sinistcha\n|-terastallize|p2a: Dragapult|Steel\n|move|p1b: Roaring Moon|Scale Shot|p2a: Dragapult\n|-resisted|p2a: Dragapult\n|-damage|p2a: Dragapult|81\/100\n|-resisted|p2a: Dragapult\n|-damage|p2a: Dragapult|63\/100\n|-resisted|p2a: Dragapult\n|-damage|p2a: Dragapult|43\/100\n|-resisted|p2a: Dragapult\n|-damage|p2a: Dragapult|24\/100\n|-resisted|p2a: Dragapult\n|-damage|p2a: Dragapult|6\/100\n|-hitcount|p2a: Dragapult|5\n|-unboost|p1b: Roaring Moon|def|1\n|-boost|p1b: Roaring Moon|spe|1\n|move|p2a: Dragapult|Dragon Darts|p1a: Sinistcha\n|-damage|p1a: Sinistcha|78\/100\n|-anim|p2a: Dragapult|Dragon Darts|p1b: Roaring Moon\n|-crit|p1b: Roaring Moon\n|-damage|p1b: Roaring Moon|0 fnt\n|faint|p1b: Roaring Moon\n|-end|p1b: Roaring Moon|Protosynthesis|[silent]\n|-damage|p2a: Dragapult|0 fnt|[from] item: Life Orb\n|faint|p2a: Dragapult\n|move|p2b: Tank Hands|Drain Punch|p1a: Sinistcha\n|-immune|p1a: Sinistcha\n|\n|-heal|p1a: Sinistcha|84\/100|[from] item: Leftovers\n|upkeep\n|\n|t:|1700177646\n|switch|p2a: Ogerpon|Ogerpon, L50, F|100\/100\n|switch|p1b: Farigiraf|Farigiraf, L50, F|100\/100\n|turn|4\n|l|\u2606wingwingy55\n|player|p2|\n|\n|t:|1700177659\n|move|p2a: Ogerpon|Swords Dance|p2a: Ogerpon\n|-boost|p2a: Ogerpon|atk|2\n|move|p1a: Sinistcha|Strength Sap|p2a: Ogerpon\n|-unboost|p2a: Ogerpon|atk|1\n|-ability|p2a: Ogerpon|Defiant|boost\n|-boost|p2a: Ogerpon|atk|2\n|-heal|p1a: Sinistcha|100\/100\n|move|p1b: Farigiraf|Thunder Wave|p2a: Ogerpon|[miss]\n|-miss|p1b: Farigiraf|p2a: Ogerpon\n|move|p2b: Tank Hands|Wild Charge|p1a: Sinistcha\n|-resisted|p1a: Sinistcha\n|-damage|p1a: Sinistcha|85\/100\n|-damage|p2b: Tank Hands|98\/100|[from] Recoil\n|\n|-heal|p1a: Sinistcha|92\/100|[from] item: Leftovers\n|upkeep\n|turn|5\n|inactive|Battle timer is ON: inactive players will automatically lose when time's up. (requested by SkechiArt)\n|j|\u2606wingwingy55\n|inactive|wingwingy55 reconnected and has 85 seconds left.\n|player|p2|wingwingy55|preschooler\n|\n|t:|1700177713\n|move|p1a: Sinistcha|Rage Powder|p1a: Sinistcha\n|-singleturn|p1a: Sinistcha|move: Rage Powder\n|move|p2a: Ogerpon|Ivy Cudgel|p1b: Farigiraf\n|-damage|p1b: Farigiraf|0 fnt\n|faint|p1b: Farigiraf\n|move|p2b: Tank Hands|Wild Charge|p1a: Sinistcha\n|-resisted|p1a: Sinistcha\n|-damage|p1a: Sinistcha|75\/100\n|-damage|p2b: Tank Hands|95\/100|[from] Recoil\n|\n|-heal|p1a: Sinistcha|81\/100|[from] item: Leftovers\n|upkeep\n|\n|t:|1700177730\n|switch|p1b: Ogerpon|Ogerpon-Wellspring, L50, F|43\/100\n|turn|6\n|\n|t:|1700177737\n|move|p1b: Ogerpon|Spiky Shield|p1b: Ogerpon\n|-singleturn|p1b: Ogerpon|move: Protect\n|move|p2a: Ogerpon|Ivy Cudgel|p1b: Ogerpon\n|-activate|p1b: Ogerpon|move: Protect\n|move|p1a: Sinistcha|Life Dew|p1a: Sinistcha|[spread] p1a\n|-heal|p1b: Ogerpon|67\/100|[from] ability: Water Absorb|[of] p1a: Sinistcha\n|-heal|p1a: Sinistcha|100\/100\n|move|p2b: Tank Hands|Heavy Slam|p1a: Sinistcha\n|-damage|p1a: Sinistcha|74\/100\n|\n|-heal|p1a: Sinistcha|80\/100|[from] item: Leftovers\n|upkeep\n|turn|7\n|\n|t:|1700177759\n|move|p2a: Ogerpon|Ivy Cudgel|p1b: Ogerpon\n|-crit|p1b: Ogerpon\n|-damage|p1b: Ogerpon|0 fnt\n|faint|p1b: Ogerpon\n|move|p1a: Sinistcha|Matcha Gotcha|p2a: Ogerpon|[spread] p2a\n|-miss|p1a: Sinistcha|p2b: Tank Hands\n|-resisted|p2a: Ogerpon\n|-damage|p2a: Ogerpon|86\/100\n|-heal|p1a: Sinistcha|86\/100|[from] drain|[of] p2a: Ogerpon\n|move|p2b: Tank Hands|Heavy Slam|p1a: Sinistcha\n|-damage|p1a: Sinistcha|59\/100\n|\n|-heal|p1a: Sinistcha|65\/100|[from] item: Leftovers\n|upkeep\n|turn|8\n|-message|SkechiArt forfeited.\n|\n|win|wingwingy55\n|raw|SkechiArt's rating: 1031 &rarr; <strong>1019<\/strong><br \/>(-12 for losing)\n|raw|wingwingy55's rating: 1098 &rarr; <strong>1118<\/strong><br \/>(+20 for winning)\n|l|\u2606SkechiArt\n","uploadtime":1700177782,"views":23,"p1id":"skechiart","p2id":"wingwingy55","formatid":"gen9vgc2023regulatione","rating":1019,"private":0,"password":""}