{"id":"gen9vgc2023regulatione-1999783704","p1":"K1tfox","p2":"Suessasd","format":"[Gen 9] VGC 2023 Regulation E","log":"|j|\u2606K1tfox\n|j|\u2606Suessasd\n|t:|1701116338\n|gametype|doubles\n|player|p1|K1tfox|harlequin|1000\n|player|p2|Suessasd|koga|1052\n|teamsize|p1|6\n|teamsize|p2|6\n|gen|9\n|tier|[Gen 9] VGC 2023 Regulation E\n|rated|\n|rule|Species Clause: Limit one of each Pok\u00e9mon\n|rule|Item Clause: Limit one of each item\n|clearpoke\n|poke|p1|Arcanine, L50, M|\n|poke|p1|Maushold, L50|\n|poke|p1|Baxcalibur, L50, M|\n|poke|p1|Wyrdeer, L50, F|\n|poke|p1|Bruxish, L50, M|\n|poke|p1|Scizor, L50, F|\n|poke|p2|Scizor, L50, F|\n|poke|p2|Chien-Pao, L50|\n|poke|p2|Dragonite, L50, M|\n|poke|p2|Talonflame, L50, F|\n|poke|p2|Toxicroak, L50, M|\n|poke|p2|Pelipper, L50, F|\n|teampreview|4\n|inactive|Battle timer is ON: inactive players will automatically lose when time's up. (requested by Suessasd)\n|\n|t:|1701116350\n|start\n|switch|p1a: Bottom|Arcanine, L50, M|100\/100\n|switch|p1b: Top|Maushold, L50|100\/100\n|switch|p2a: Scizor|Scizor, L50, F|100\/100\n|switch|p2b: Chien-Pao|Chien-Pao, L50|100\/100\n|-ability|p2b: Chien-Pao|Sword of Ruin\n|turn|1\n|inactive|Suessasd has 30 seconds left.\n|\n|t:|1701116378\n|move|p2b: Chien-Pao|Protect|p2b: Chien-Pao\n|-singleturn|p2b: Chien-Pao|Protect\n|move|p1b: Top|Beat Up|p1a: Bottom\n|-crit|p1a: Bottom\n|-damage|p1a: Bottom|95\/100\n|-ability|p1a: Bottom|Justified|boost\n|-boost|p1a: Bottom|atk|1\n|-damage|p1a: Bottom|93\/100\n|-ability|p1a: Bottom|Justified|boost\n|-boost|p1a: Bottom|atk|1\n|-damage|p1a: Bottom|89\/100\n|-ability|p1a: Bottom|Justified|boost\n|-boost|p1a: Bottom|atk|1\n|-damage|p1a: Bottom|85\/100\n|-ability|p1a: Bottom|Justified|boost\n|-boost|p1a: Bottom|atk|1\n|-hitcount|p1a: Bottom|4\n|move|p1a: Bottom|Raging Fury|p2a: Scizor\n|-supereffective|p2a: Scizor\n|-crit|p2a: Scizor\n|-damage|p2a: Scizor|0 fnt\n|faint|p2a: Scizor\n|\n|upkeep\n|\n|t:|1701116396\n|switch|p2a: Toxicroak|Toxicroak, L50, M|100\/100\n|turn|2\n|inactive|K1tfox has 30 seconds left.\n|inactive|Suessasd has 30 seconds left.\n|inactive|Suessasd has 20 seconds left.\n|inactive|Suessasd has 15 seconds left.\n|\n|t:|1701116440\n|move|p2a: Toxicroak|Fake Out|p1a: Bottom\n|-damage|p1a: Bottom|71\/100\n|move|p2b: Chien-Pao|Ice Spinner|p1a: Bottom\n|-resisted|p1a: Bottom\n|-damage|p1a: Bottom|46\/100\n|move|p1b: Top|Super Fang|p2b: Chien-Pao\n|-damage|p2b: Chien-Pao|50\/100\n|cant|p1a: Bottom|flinch\n|\n|upkeep\n|turn|3\n|inactive|K1tfox has 30 seconds left.\n|\n|t:|1701116469\n|-terastallize|p1a: Bottom|Normal\n|move|p1a: Bottom|Extreme Speed|p2b: Chien-Pao\n|-damage|p2b: Chien-Pao|0 fnt\n|faint|p2b: Chien-Pao\n|move|p2a: Toxicroak|Sucker Punch||[still]\n|-fail|p2a: Toxicroak\n|move|p1b: Top|Encore|p2a: Toxicroak\n|-start|p2a: Toxicroak|Encore\n|\n|upkeep\n|\n|t:|1701116478\n|switch|p2b: Pelipper|Pelipper, L50, F|100\/100\n|-weather|RainDance|[from] ability: Drizzle|[of] p2b: Pelipper\n|turn|4\n|\n|t:|1701116490\n|move|p1a: Bottom|Extreme Speed|p2a: Toxicroak\n|-enditem|p2a: Toxicroak|Focus Sash\n|-damage|p2a: Toxicroak|1\/100\n|move|p2a: Toxicroak|Sucker Punch|p1b: Top\n|-damage|p1b: Top|71\/100\n|move|p1b: Top|Super Fang|p2b: Pelipper\n|-damage|p2b: Pelipper|50\/100\n|move|p2b: Pelipper|Surf|p1a: Bottom|[spread] p1a,p1b\n|-heal|p2a: Toxicroak|26\/100|[from] ability: Dry Skin|[of] p2b: Pelipper\n|-damage|p1a: Bottom|11\/100\n|-damage|p1b: Top|14\/100\n|\n|-weather|RainDance|[upkeep]\n|-heal|p2a: Toxicroak|38\/100|[from] ability: Dry Skin\n|-heal|p2b: Pelipper|56\/100|[from] item: Leftovers\n|upkeep\n|turn|5\n|\n|t:|1701116514\n|-terastallize|p2a: Toxicroak|Fire\n|move|p1b: Top|Helping Hand|p1a: Bottom\n|-singleturn|p1a: Bottom|Helping Hand|[of] p1b: Top\n|move|p1a: Bottom|Extreme Speed|p2b: Pelipper\n|-damage|p2b: Pelipper|0 fnt\n|faint|p2b: Pelipper\n|move|p2a: Toxicroak|Sucker Punch||[still]\n|-fail|p2a: Toxicroak\n|\n|-weather|RainDance|[upkeep]\n|-heal|p2a: Toxicroak|50\/100|[from] ability: Dry Skin\n|upkeep\n|turn|6\n|\n|t:|1701116538\n|move|p1b: Top|Helping Hand|p1a: Bottom\n|-singleturn|p1a: Bottom|Helping Hand|[of] p1b: Top\n|move|p1a: Bottom|Extreme Speed|p2a: Toxicroak\n|-damage|p2a: Toxicroak|0 fnt\n|faint|p2a: Toxicroak\n|\n|win|K1tfox\n|raw|K1tfox's rating: 1000 &rarr; <strong>1046<\/strong><br \/>(+46 for winning)\n|raw|Suessasd's rating: 1052 &rarr; <strong>1032<\/strong><br \/>(-20 for losing)\n|c|\u2606K1tfox|Gg\n|l|\u2606Suessasd\n","uploadtime":1701116898,"views":2,"p1id":"k1tfox","p2id":"suessasd","formatid":"gen9vgc2023regulatione","rating":1032,"private":0,"password":""}