{"id":"gen9vgc2023regulatione-1995883210","p1":"Krisallen96","p2":"tombstoan","format":"[Gen 9] VGC 2023 Regulation E","log":"|j|\u2606Krisallen96\n|j|\u2606tombstoan\n|t:|1700613259\n|gametype|doubles\n|player|p1|Krisallen96|2|\n|player|p2|tombstoan|swimmer|\n|teamsize|p1|6\n|teamsize|p2|6\n|gen|9\n|tier|[Gen 9] VGC 2023 Regulation E\n|rule|Species Clause: Limit one of each Pok\u00e9mon\n|rule|Item Clause: Limit one of each item\n|clearpoke\n|poke|p1|Tornadus, L50, M|\n|poke|p1|Arcanine-Hisui, L50, M|\n|poke|p1|Iron Hands, L50|\n|poke|p1|Gholdengo, L50|\n|poke|p1|Urshifu-*, L50, M|\n|poke|p1|Basculegion, L50, M|\n|poke|p2|Weezing, L50, M|\n|poke|p2|Slaking, L50, M|\n|poke|p2|Dragonite, L50, M|\n|poke|p2|Chien-Pao, L50|\n|poke|p2|Palafin, L50, F|\n|poke|p2|Flutter Mane, L50|\n|teampreview|4\n|\n|t:|1700613309\n|start\n|switch|p1a: Iron Hands|Iron Hands, L50|100\/100\n|switch|p1b: Tornadus|Tornadus, L50, M|100\/100\n|switch|p2a: Weezing|Weezing, L50, M|100\/100\n|switch|p2b: Slaking|Slaking, L50, M|100\/100\n|-ability|p2a: Weezing|Neutralizing Gas\n|turn|1\n|\n|t:|1700613335\n|-terastallize|p2b: Slaking|Ghost\n|move|p1a: Iron Hands|Fake Out|p2b: Slaking\n|-immune|p2b: Slaking\n|move|p2b: Slaking|Bulk Up|p2b: Slaking\n|-boost|p2b: Slaking|atk|1\n|-boost|p2b: Slaking|def|1\n|move|p1b: Tornadus|Tailwind|p1b: Tornadus\n|-sidestart|p1: Krisallen96|move: Tailwind\n|move|p2a: Weezing|Will-O-Wisp|p1a: Iron Hands|[miss]\n|-miss|p2a: Weezing|p1a: Iron Hands\n|\n|upkeep\n|turn|2\n|\n|t:|1700613363\n|move|p1b: Tornadus|Taunt|p2a: Weezing\n|-start|p2a: Weezing|move: Taunt\n|move|p2b: Slaking|Body Slam|p1b: Tornadus\n|-damage|p1b: Tornadus|17\/100\n|move|p1a: Iron Hands|Heavy Slam|p2a: Weezing\n|-damage|p2a: Weezing|66\/100\n|cant|p2a: Weezing|move: Taunt|Will-O-Wisp\n|\n|upkeep\n|turn|3\n|\n|t:|1700613384\n|move|p1b: Tornadus|Taunt|p2b: Slaking\n|-start|p2b: Slaking|move: Taunt\n|cant|p2b: Slaking|move: Taunt|Bulk Up\n|move|p1a: Iron Hands|Heavy Slam|p2a: Weezing\n|-damage|p2a: Weezing|30\/100\n|-enditem|p2a: Weezing|Sitrus Berry|[eat]\n|-heal|p2a: Weezing|55\/100|[from] item: Sitrus Berry\n|move|p2a: Weezing|Sludge Bomb|p1b: Tornadus\n|-damage|p1b: Tornadus|0 fnt\n|faint|p1b: Tornadus\n|\n|upkeep\n|\n|t:|1700613400\n|switch|p1b: Gholdengo|Gholdengo, L50|100\/100\n|turn|4\n|\n|t:|1700613425\n|move|p2b: Slaking|Sucker Punch||[still]\n|-fail|p2b: Slaking\n|move|p1b: Gholdengo|Nasty Plot|p1b: Gholdengo\n|-boost|p1b: Gholdengo|spa|2\n|move|p1a: Iron Hands|Heavy Slam|p2a: Weezing\n|-damage|p2a: Weezing|22\/100\n|move|p2a: Weezing|Sludge Bomb|p1a: Iron Hands\n|-damage|p1a: Iron Hands|86\/100\n|-status|p1a: Iron Hands|psn\n|\n|-damage|p1a: Iron Hands|74\/100 psn|[from] psn\n|-end|p2a: Weezing|move: Taunt\n|-sideend|p1: Krisallen96|move: Tailwind\n|upkeep\n|turn|5\n|\n|t:|1700613450\n|-terastallize|p1b: Gholdengo|Dragon\n|move|p2b: Slaking|Sucker Punch|p1b: Gholdengo\n|-damage|p1b: Gholdengo|67\/100\n|move|p1b: Gholdengo|Shadow Ball|p2b: Slaking\n|-supereffective|p2b: Slaking\n|-damage|p2b: Slaking|0 fnt\n|faint|p2b: Slaking\n|move|p2a: Weezing|Sludge Bomb|p1a: Iron Hands\n|-damage|p1a: Iron Hands|59\/100 psn\n|move|p1a: Iron Hands|Heavy Slam|p2a: Weezing\n|-damage|p2a: Weezing|0 fnt\n|faint|p2a: Weezing\n|-end|p2a: Weezing|ability: Neutralizing Gas\n|\n|-heal|p1b: Gholdengo|74\/100|[from] item: Leftovers\n|-damage|p1a: Iron Hands|47\/100 psn|[from] psn\n|upkeep\n|\n|t:|1700613470\n|switch|p2b: Flutter Mane|Flutter Mane, L50|100\/100\n|switch|p2a: Chien-Pao|Chien-Pao, L50|100\/100\n|-ability|p2a: Chien-Pao|Sword of Ruin\n|-enditem|p2b: Flutter Mane|Booster Energy\n|-activate|p2b: Flutter Mane|ability: Protosynthesis|[fromitem]\n|-start|p2b: Flutter Mane|protosynthesisspa\n|turn|6\n|\n|t:|1700613497\n|move|p1b: Gholdengo|Protect|p1b: Gholdengo\n|-singleturn|p1b: Gholdengo|Protect\n|move|p2a: Chien-Pao|Ice Spinner|p1b: Gholdengo\n|-activate|p1b: Gholdengo|move: Protect\n|move|p2b: Flutter Mane|Dazzling Gleam|p1a: Iron Hands|[spread] p1a\n|-activate|p1b: Gholdengo|move: Protect\n|-supereffective|p1a: Iron Hands\n|-damage|p1a: Iron Hands|7\/100 psn\n|move|p1a: Iron Hands|Drain Punch|p2a: Chien-Pao\n|-supereffective|p2a: Chien-Pao\n|-enditem|p2a: Chien-Pao|Focus Sash\n|-damage|p2a: Chien-Pao|1\/100\n|-heal|p1a: Iron Hands|39\/100 psn|[from] drain|[of] p2a: Chien-Pao\n|\n|-heal|p1b: Gholdengo|80\/100|[from] item: Leftovers\n|-damage|p1a: Iron Hands|26\/100 psn|[from] psn\n|upkeep\n|turn|7\n|\n|t:|1700613520\n|move|p2a: Chien-Pao|Ice Spinner|p1b: Gholdengo\n|-supereffective|p1b: Gholdengo\n|-damage|p1b: Gholdengo|0 fnt\n|faint|p1b: Gholdengo\n|move|p2b: Flutter Mane|Dazzling Gleam|p1a: Iron Hands\n|-supereffective|p1a: Iron Hands\n|-damage|p1a: Iron Hands|0 fnt\n|faint|p1a: Iron Hands\n|-end|p1a: Iron Hands|Quark Drive|[silent]\n|\n|upkeep\n|\n|t:|1700613524\n|switch|p1b: Urshifu|Urshifu-Rapid-Strike, L50, M|100\/100\n|turn|8\n|\n|t:|1700613541\n|move|p2a: Chien-Pao|Sucker Punch|p1b: Urshifu\n|-resisted|p1b: Urshifu\n|-damage|p1b: Urshifu|74\/100\n|move|p1b: Urshifu|Surging Strikes|p2b: Flutter Mane\n|-crit|p2b: Flutter Mane\n|-damage|p2b: Flutter Mane|60\/100\n|-crit|p2b: Flutter Mane\n|-damage|p2b: Flutter Mane|19\/100\n|-crit|p2b: Flutter Mane\n|-damage|p2b: Flutter Mane|0 fnt\n|faint|p2b: Flutter Mane\n|-end|p2b: Flutter Mane|Protosynthesis|[silent]\n|-hitcount|p2: Flutter Mane|3\n|\n|upkeep\n|turn|9\n|\n|t:|1700613562\n|move|p1b: Urshifu|Surging Strikes|p2a: Chien-Pao\n|-crit|p2a: Chien-Pao\n|-damage|p2a: Chien-Pao|0 fnt\n|faint|p2a: Chien-Pao\n|-hitcount|p2: Chien-Pao|1\n|\n|win|Krisallen96\n|l|\u2606tombstoan\n","uploadtime":1700613570,"views":24,"p1id":"krisallen96","p2id":"tombstoan","formatid":"gen9vgc2023regulatione","rating":0,"private":0,"password":""}