{"id":"gen9vgc2023regulatione-1992768493","p1":"5hnyrtbbtr","p2":"boltund238","format":"[Gen 9] VGC 2023 Regulation E","log":"|j|\u26065hnyrtbbtr\n|j|\u203dboltund238\n|t:|1700233757\n|gametype|doubles\n|player|p1|5hnyrtbbtr|265|1268\n|player|p2|boltund238|1|1373\n|teamsize|p1|6\n|teamsize|p2|6\n|gen|9\n|tier|[Gen 9] VGC 2023 Regulation E\n|rated|\n|rule|Species Clause: Limit one of each Pok\u00e9mon\n|rule|Item Clause: Limit one of each item\n|clearpoke\n|poke|p1|Regieleki, L50|\n|poke|p1|Chien-Pao, L50|\n|poke|p1|Dusclops, L50, M|\n|poke|p1|Ursaluna-Bloodmoon, L50, M|\n|poke|p1|Sinistcha, L50|\n|poke|p1|Iron Hands, L50|\n|poke|p2|Flutter Mane, L50|\n|poke|p2|Iron Hands, L50|\n|poke|p2|Tornadus, L50, M|\n|poke|p2|Landorus-Therian, L50, M|\n|poke|p2|Ogerpon-Wellspring, L50, F|\n|poke|p2|Heatran, L50, F|\n|teampreview|4\n|inactive|Battle timer is ON: inactive players will automatically lose when time's up. (requested by boltund238)\nboltund238 has agreed to open team sheets.\n|inactive|boltund238 has 60 seconds left.\n|\n|t:|1700233802\n|start\n|switch|p1a: Regieleki|Regieleki, L50|100\/100\n|switch|p1b: Dusclops|Dusclops, L50, M|100\/100\n|switch|p2a: Tornadus|Tornadus, L50, M|100\/100\n|switch|p2b: Flutter Mane|Flutter Mane, L50|100\/100\n|-ability|p1b: Dusclops|Pressure\n|turn|1\n|inactive|boltund238 has 30 seconds left.\n|inactive|boltund238 has 20 seconds left.\n|inactive|boltund238 has 15 seconds left.\n|\n|t:|1700233843\n|-terastallize|p2b: Flutter Mane|Fairy\n|-terastallize|p1b: Dusclops|Dark\n|move|p2a: Tornadus|Tailwind|p2a: Tornadus\n|-sidestart|p2: boltund238|move: Tailwind\n|move|p2b: Flutter Mane|Dazzling Gleam|p1a: Regieleki|[spread] p1a,p1b\n|-supereffective|p1b: Dusclops\n|-damage|p1a: Regieleki|0 fnt\n|-damage|p1b: Dusclops|7\/100\n|faint|p1a: Regieleki\n|move|p1b: Dusclops|Trick Room|p1b: Dusclops\n|-fieldstart|move: Trick Room|[of] p1b: Dusclops\n|\n|upkeep\n|\n|t:|1700233851\n|switch|p1a: Ursaluna|Ursaluna-Bloodmoon, L50, M|100\/100\n|turn|2\n|\n|t:|1700233871\n|-end|p2b: Flutter Mane|Protosynthesis|[silent]\n|switch|p2b: Iron Hands|Iron Hands, L50|100\/100\n|move|p1b: Dusclops|Brick Break|p1a: Ursaluna\n|-supereffective|p1a: Ursaluna\n|-damage|p1a: Ursaluna|82\/100\n|-enditem|p1a: Ursaluna|Weakness Policy\n|-boost|p1a: Ursaluna|atk|2|[from] item: Weakness Policy\n|-boost|p1a: Ursaluna|spa|2|[from] item: Weakness Policy\n|move|p1a: Ursaluna|Blood Moon|p2b: Iron Hands\n|-damage|p2b: Iron Hands|15\/100\n|move|p2a: Tornadus|Bleakwind Storm|p1b: Dusclops|[spread] p1a,p1b\n|-damage|p1a: Ursaluna|55\/100\n|-damage|p1b: Dusclops|0 fnt\n|faint|p1b: Dusclops\n|\n|upkeep\n|\n|t:|1700233876\n|switch|p1b: Iron Hands|Iron Hands, L50|100\/100\n|turn|3\n|inactive|boltund238 has 30 seconds left.\n|\n|t:|1700233906\n|move|p1b: Iron Hands|Fake Out|p2b: Iron Hands\n|-damage|p2b: Iron Hands|7\/100\n|move|p1a: Ursaluna|Hyper Voice|p2a: Tornadus|[spread] p2a,p2b\n|-damage|p2a: Tornadus|30\/100\n|-damage|p2b: Iron Hands|0 fnt\n|faint|p2b: Iron Hands\n|-end|p2b: Iron Hands|Quark Drive|[silent]\n|move|p2a: Tornadus|Bleakwind Storm|p1b: Iron Hands|[spread] p1b\n|-miss|p2a: Tornadus|p1a: Ursaluna\n|-damage|p1b: Iron Hands|85\/100\n|\n|upkeep\n|\n|t:|1700233919\n|switch|p2b: Heatran|Heatran, L50, F|100\/100\n|turn|4\n|\n|t:|1700233932\n|move|p1b: Iron Hands|Wild Charge|p2a: Tornadus\n|-supereffective|p2a: Tornadus\n|-damage|p2a: Tornadus|0 fnt\n|faint|p2a: Tornadus\n|-damage|p1b: Iron Hands|79\/100|[from] Recoil\n|move|p1a: Ursaluna|Earth Power|p2b: Heatran\n|-supereffective|p2b: Heatran\n|-damage|p2b: Heatran|0 fnt\n|faint|p2b: Heatran\n|\n|-sideend|p2: boltund238|move: Tailwind\n|upkeep\n|\n|t:|1700233945\n|switch|p2b: Flutter Mane|Flutter Mane, L50, tera:Fairy|100\/100\n|turn|5\n|\n|t:|1700233953\n|move|p1b: Iron Hands|Wild Charge|p2b: Flutter Mane\n|-damage|p2b: Flutter Mane|9\/100\n|-damage|p1b: Iron Hands|65\/100|[from] Recoil\n|move|p1a: Ursaluna|Blood Moon|p2b: Flutter Mane\n|-damage|p2b: Flutter Mane|0 fnt\n|faint|p2b: Flutter Mane\n|-end|p2b: Flutter Mane|Protosynthesis|[silent]\n|\n|win|5hnyrtbbtr\n|raw|5hnyrtbbtr's rating: 1268 &rarr; <strong>1300<\/strong><br \/>(+32 for winning)\n|raw|boltund238's rating: 1373 &rarr; <strong>1347<\/strong><br \/>(-26 for losing)\n","uploadtime":1700233959,"views":33,"p1id":"5hnyrtbbtr","p2id":"boltund238","formatid":"gen9vgc2023regulatione","rating":1300,"private":0,"password":""}