{"id":"gen9vgc2023regulatione-1989028839","p1":"MJSCANON11","p2":"PenglinHeHe","format":"[Gen 9] VGC 2023 Regulation E","log":"|j|\u2606MJSCANON11\n|j|\u2606PenglinHeHe\n|n|\u2606MJSCANON11|mjscanon11\n|n|\u2606PenglinHeHe|penglinhehe\n|html|View the match progress at <a href=\"\/game-bestof3-gen9vgc2023regulatione-1989028838\">game-bestof3-gen9vgc2023regulatione-1989028838<\/a>\n|t:|1699804086\n|gametype|doubles\n|player|p1|MJSCANON11|unknownf|\n|player|p2|PenglinHeHe|lady|\n|teamsize|p1|6\n|teamsize|p2|6\n|gen|9\n|tier|[Gen 9] VGC 2023 Regulation E\n|rule|Species Clause: Limit one of each Pok\u00e9mon\n|rule|Item Clause: Limit one of each item\n|clearpoke\n|poke|p1|Arcanine-Hisui, L50, M|\n|poke|p1|Enamorus-Therian, L50, F|\n|poke|p1|Regieleki, L50|\n|poke|p1|Rillaboom, L50, M|\n|poke|p1|Sneasler, L50, F|\n|poke|p1|Urshifu-*, L50, M|\n|poke|p2|Indeedee-F, L50, F|\n|poke|p2|Sylveon, L50, M|\n|poke|p2|Armarouge, L50, M|\n|poke|p2|Murkrow, L50, M|\n|poke|p2|Urshifu-*, L50, F|\n|poke|p2|Chi-Yu, L50|\n|teampreview|4\n|inactive|Battle timer is ON: inactive players will automatically lose when time's up. (requested by PenglinHeHe)\nMJSCANON11 has agreed to open team sheets.\nPenglinHeHe has agreed to open team sheets.\n|showteam|p1|Arcanine-Hisui||SitrusBerry|Intimidate|FlareBlitz,RockSlide,ExtremeSpeed,WillOWisp|||M|||50|,,,,,Water]Enamorus-Therian||Leftovers|Overcoat|Moonblast,EarthPower,CalmMind,Protect|||F|||50|,,,,,Steel]Regieleki||LifeOrb|Transistor|Thunderbolt,VoltSwitch,TeraBlast,Protect||||||50|,,,,,Ice]Rillaboom||AssaultVest|GrassySurge|WoodHammer,GrassyGlide,FakeOut,HighHorsepower|||M|||50|,,,,,Fire]Sneasler||GrassySeed|Unburden|CloseCombat,Acrobatics,SwordsDance,Protect|||F|||50|,,,,,Flying]Urshifu-Rapid-Strike||ChoiceScarf|UnseenFist|CloseCombat,SurgingStrikes,AquaJet,Uturn|||M|||50|,,,,,Water\n|showteam|p2|Indeedee-F||SafetyGoggles|PsychicSurge|FollowMe,HealPulse,Psychic,TrickRoom|||F|||50|,,,,,Dragon]Sylveon||SitrusBerry|Pixilate|ShadowBall,HyperVoice,CalmMind,Detect|||M|||50|,,,,,Ghost]Armarouge||LifeOrb|FlashFire|HeatWave,ExpandingForce,TeraBlast,Protect|||M|||50|,,,,,Fairy]Murkrow||FocusSash|Insomnia|Tailwind,Flatter,RainDance,Snarl|||M|||50|,,,,,Ghost]Urshifu-Rapid-Strike||ChoiceScarf|UnseenFist|SurgingStrikes,DrainPunch,PoisonJab,Uturn|||F|||50|,,,,,Poison]Chi-Yu||MirrorHerb|BeadsofRuin|TeraBlast,BurningJealousy,DarkPulse,Protect||||||50|,,,,,Water\n|c|\u2606PenglinHeHe|whats ur rillaboom speed fr\n|inactive|MJSCANON11 has 30 seconds left.\n|inactive|PenglinHeHe has 30 seconds left.\n|inactive|MJSCANON11 has 20 seconds left.\n|inactive|PenglinHeHe has 20 seconds left.\n|c|\u2606MJSCANON11|60 evs\n|inactive|MJSCANON11 has 15 seconds left.\n|inactive|MJSCANON11 has 10 seconds left.\n|inactive|PenglinHeHe has 15 seconds left.\n|inactive|MJSCANON11 has 5 seconds left.\n|inactive|PenglinHeHe has 10 seconds left.\n|\n|t:|1699804142\n|start\n|switch|p1a: Arcanine|Arcanine-Hisui, L50, M|100\/100\n|switch|p1b: Regieleki|Regieleki, L50|100\/100\n|switch|p2a: Indeedee|Indeedee-F, L50, F, shiny|100\/100\n|switch|p2b: Armarouge|Armarouge, L50, M, shiny|100\/100\n|-ability|p1a: Arcanine|Intimidate|boost\n|-unboost|p2a: Indeedee|atk|1\n|-unboost|p2b: Armarouge|atk|1\n|-fieldstart|move: Psychic Terrain|[from] ability: Psychic Surge|[of] p2a: Indeedee\n|turn|1\n|inactive|MJSCANON11 has 30 seconds left.\n|inactive|PenglinHeHe has 30 seconds left.\n|\n|t:|1699804172\n|-terastallize|p2b: Armarouge|Fairy\n|move|p1b: Regieleki|Thunderbolt|p2a: Indeedee\n|-damage|p2a: Indeedee|34\/100\n|-status|p2a: Indeedee|par\n|-damage|p1b: Regieleki|90\/100|[from] item: Life Orb\n|move|p1a: Arcanine|Rock Slide|p2b: Armarouge|[spread] p2a,p2b\n|-damage|p2a: Indeedee|11\/100 par\n|-damage|p2b: Armarouge|81\/100\n|cant|p2b: Armarouge|flinch\n|move|p2a: Indeedee|Trick Room|p2a: Indeedee\n|-fieldstart|move: Trick Room|[of] p2a: Indeedee\n|\n|upkeep\n|turn|2\n|inactive|MJSCANON11 has 30 seconds left.\n|\n|t:|1699804204\n|switch|p1b: Rillaboom|Rillaboom, L50, M|100\/100\n|-fieldstart|move: Grassy Terrain|[from] ability: Grassy Surge|[of] p1b: Rillaboom\n|move|p1a: Arcanine|Extreme Speed|p2a: Indeedee\n|-damage|p2a: Indeedee|0 fnt\n|faint|p2a: Indeedee\n|move|p2b: Armarouge|Expanding Force|p1a: Arcanine\n|-damage|p1a: Arcanine|37\/100\n|-enditem|p1a: Arcanine|Sitrus Berry|[eat]\n|-heal|p1a: Arcanine|62\/100|[from] item: Sitrus Berry\n|-damage|p2b: Armarouge|71\/100|[from] item: Life Orb\n|\n|-heal|p2b: Armarouge|77\/100|[from] Grassy Terrain\n|-heal|p1a: Arcanine|68\/100|[from] Grassy Terrain\n|upkeep\n|\n|t:|1699804213\n|switch|p2a: Sylveon|Sylveon, L50, M|100\/100\n|turn|3\n|inactive|MJSCANON11 has 30 seconds left.\n|\n|t:|1699804246\n|-terastallize|p1b: Rillaboom|Fire\n|move|p2a: Sylveon|Detect|p2a: Sylveon\n|-singleturn|p2a: Sylveon|Protect\n|move|p2b: Armarouge|Heat Wave|p1a: Arcanine|[spread] p1a,p1b\n|-resisted|p1a: Arcanine\n|-resisted|p1b: Rillaboom\n|-damage|p1a: Arcanine|55\/100\n|-damage|p1b: Rillaboom|82\/100\n|-damage|p2b: Armarouge|68\/100|[from] item: Life Orb\n|move|p1b: Rillaboom|Wood Hammer|p2a: Sylveon\n|-activate|p2a: Sylveon|move: Protect\n|move|p1a: Arcanine|Rock Slide|p2a: Sylveon|[spread] p2b\n|-activate|p2a: Sylveon|move: Protect\n|-damage|p2b: Armarouge|45\/100\n|\n|-heal|p2b: Armarouge|51\/100|[from] Grassy Terrain\n|-heal|p1b: Rillaboom|88\/100|[from] Grassy Terrain\n|-heal|p1a: Arcanine|61\/100|[from] Grassy Terrain\n|upkeep\n|turn|4\n|inactive|PenglinHeHe has 30 seconds left.\n|\n|t:|1699804274\n|move|p2a: Sylveon|Shadow Ball|p1b: Rillaboom\n|-damage|p1b: Rillaboom|69\/100\n|-unboost|p1b: Rillaboom|spd|1\n|move|p2b: Armarouge|Expanding Force|p1b: Rillaboom\n|-damage|p1b: Rillaboom|8\/100\n|-damage|p2b: Armarouge|41\/100|[from] item: Life Orb\n|move|p1b: Rillaboom|Wood Hammer|p2a: Sylveon\n|-damage|p2a: Sylveon|1\/100\n|-enditem|p2a: Sylveon|Sitrus Berry|[eat]\n|-heal|p2a: Sylveon|26\/100|[from] item: Sitrus Berry\n|-damage|p1b: Rillaboom|0 fnt|[from] Recoil\n|faint|p1b: Rillaboom\n|move|p1a: Arcanine|Flare Blitz|p2a: Sylveon\n|-damage|p2a: Sylveon|0 fnt\n|faint|p2a: Sylveon\n|-damage|p1a: Arcanine|53\/100|[from] Recoil\n|\n|-heal|p2b: Armarouge|47\/100|[from] Grassy Terrain\n|-heal|p1a: Arcanine|59\/100|[from] Grassy Terrain\n|upkeep\n|inactive|MJSCANON11 has 30 seconds left.\n|\n|t:|1699804306\n|switch|p2a: UrCasualJackieChan|Urshifu-Rapid-Strike, L50, F|100\/100\n|switch|p1b: Sneasler|Sneasler, L50, F|100\/100\n|-enditem|p1b: Sneasler|Grassy Seed\n|-boost|p1b: Sneasler|def|1|[from] item: Grassy Seed\n|turn|5\n|\n|t:|1699804327\n|switch|p1a: Regieleki|Regieleki, L50|90\/100\n|move|p1b: Sneasler|Protect|p1b: Sneasler\n|-singleturn|p1b: Sneasler|Protect\n|move|p2b: Armarouge|Expanding Force|p1a: Regieleki\n|-damage|p1a: Regieleki|0 fnt\n|faint|p1a: Regieleki\n|-damage|p2b: Armarouge|38\/100|[from] item: Life Orb\n|move|p2a: UrCasualJackieChan|Surging Strikes|p1b: Sneasler\n|-crit|p1b: Sneasler\n|-damage|p1b: Sneasler|73\/100\n|-crit|p1b: Sneasler\n|-damage|p1b: Sneasler|44\/100\n|-crit|p1b: Sneasler\n|-damage|p1b: Sneasler|15\/100\n|-hitcount|p1b: Sneasler|3\n|\n|-heal|p2b: Armarouge|43\/100|[from] Grassy Terrain\n|-heal|p1b: Sneasler|21\/100|[from] Grassy Terrain\n|-fieldend|move: Trick Room\n|upkeep\n|\n|t:|1699804337\n|switch|p1a: Arcanine|Arcanine-Hisui, L50, M|59\/100\n|-ability|p1a: Arcanine|Intimidate|boost\n|-unboost|p2a: UrCasualJackieChan|atk|1\n|-unboost|p2b: Armarouge|atk|1\n|turn|6\n|\n|t:|1699804351\n|move|p1b: Sneasler|Acrobatics|p2a: UrCasualJackieChan\n|-supereffective|p2a: UrCasualJackieChan\n|-damage|p2a: UrCasualJackieChan|25\/100\n|move|p2a: UrCasualJackieChan|Surging Strikes|p1a: Arcanine\n|-supereffective|p1a: Arcanine\n|-crit|p1a: Arcanine\n|-damage|p1a: Arcanine|0 fnt\n|faint|p1a: Arcanine\n|-hitcount|p1: Arcanine|1\n|move|p2b: Armarouge|Expanding Force|p1b: Sneasler\n|-supereffective|p1b: Sneasler\n|-damage|p1b: Sneasler|0 fnt\n|faint|p1b: Sneasler\n|-damage|p2b: Armarouge|34\/100|[from] item: Life Orb\n|\n|win|PenglinHeHe\n|c|&|\/uhtml prompt-penglinhehe,PenglinHeHe is ready for game 2!\n|inactive|MJSCANON11 has 50 seconds to confirm battle start!\n|c|&|\/uhtml prompt-mjscanon11,MJSCANON11 is ready for game 2!\nBoth players are ready! Starting next match!\n","uploadtime":1699804359,"views":9,"p1id":"mjscanon11","p2id":"penglinhehe","formatid":"gen9vgc2023regulatione","rating":0,"private":0,"password":""}