{"id":"gen9vgc2023regulatione-1999129614","p1":"Love Korra","p2":"yokai19","format":"[Gen 9] VGC 2023 Regulation E","log":"|j|\u2606Love Korra\n|j|\u2606yokai19\n|t:|1701036325\n|gametype|doubles\n|player|p1|Love Korra|skierf|1355\n|player|p2|yokai19|102|1345\n|teamsize|p1|4\n|teamsize|p2|6\n|gen|9\n|tier|[Gen 9] VGC 2023 Regulation E\n|rated|\n|rule|Species Clause: Limit one of each Pok\u00e9mon\n|rule|Item Clause: Limit one of each item\n|clearpoke\n|poke|p1|Sylveon, L50, M|\n|poke|p1|Dragonite, L50, F|\n|poke|p1|Chien-Pao, L50|\n|poke|p1|Iron Hands, L50|\n|poke|p2|Salamence, L50, M|\n|poke|p2|Rillaboom, L50, F|\n|poke|p2|Urshifu-*, L50, F|\n|poke|p2|Heatran, L50, M|\n|poke|p2|Iron Hands, L50|\n|poke|p2|Flutter Mane, L50|\n|teampreview|4\n|inactive|Battle timer is ON: inactive players will automatically lose when time's up. (requested by Love Korra)\n|inactive|yokai19 has 60 seconds left.\n|\n|t:|1701036382\n|start\n|switch|p1a: Sylveon|Sylveon, L50, M|100\/100\n|switch|p1b: Iron Hands|Iron Hands, L50|100\/100\n|switch|p2a: Rillaboom|Rillaboom, L50, F|100\/100\n|switch|p2b: Flutter Mane|Flutter Mane, L50|100\/100\n|-fieldstart|move: Grassy Terrain|[from] ability: Grassy Surge|[of] p2a: Rillaboom\n|-enditem|p2b: Flutter Mane|Booster Energy\n|-activate|p2b: Flutter Mane|ability: Protosynthesis|[fromitem]\n|-start|p2b: Flutter Mane|protosynthesisspe\n|turn|1\n|inactive|yokai19 has 30 seconds left.\n|inactive|yokai19 has 20 seconds left.\n|inactive|yokai19 has 15 seconds left.\n|inactive|yokai19 has 10 seconds left.\n|inactive|yokai19 has 5 seconds left.\n|\n|t:|1701036434\n|-end|p2b: Flutter Mane|Protosynthesis|[silent]\n|switch|p2b: Iron Hands|Iron Hands, L50|100\/100\n|-end|p1b: Iron Hands|Quark Drive|[silent]\n|switch|p1b: Dragonite|Dragonite, L50, F|100\/100\n|move|p2a: Rillaboom|Fake Out|p1a: Sylveon\n|-damage|p1a: Sylveon|88\/100\n|cant|p1a: Sylveon|flinch\n|\n|-heal|p1a: Sylveon|94\/100|[from] Grassy Terrain\n|upkeep\n|turn|2\n|inactive|yokai19 has 30 seconds left.\n|\n|t:|1701036467\n|-terastallize|p1b: Dragonite|Fairy\n|-terastallize|p2a: Rillaboom|Ghost\n|move|p1b: Dragonite|Extreme Speed|p2a: Rillaboom\n|-immune|p2a: Rillaboom\n|move|p2a: Rillaboom|Wood Hammer|p1a: Sylveon\n|-damage|p1a: Sylveon|16\/100\n|-damage|p2a: Rillaboom|73\/100|[from] Recoil\n|move|p1a: Sylveon|Skill Swap|p1b: Dragonite\n|-activate|p1a: Sylveon|move: Skill Swap|||[of] p1b: Dragonite\n|move|p2b: Iron Hands|Drain Punch|p1b: Dragonite\n|-resisted|p1b: Dragonite\n|-damage|p1b: Dragonite|75\/100\n|\n|-heal|p1b: Dragonite|81\/100|[from] Grassy Terrain\n|-heal|p2a: Rillaboom|80\/100|[from] Grassy Terrain\n|-heal|p1a: Sylveon|22\/100|[from] Grassy Terrain\n|upkeep\n|turn|3\n|inactive|yokai19 has 30 seconds left.\n|inactive|yokai19 has 20 seconds left.\n|inactive|yokai19 has 15 seconds left.\n|inactive|yokai19 has 10 seconds left.\n|inactive|yokai19 has 5 seconds left.\n|\n|t:|1701036519\n|move|p1a: Sylveon|Helping Hand|p1b: Dragonite\n|-singleturn|p1b: Dragonite|Helping Hand|[of] p1a: Sylveon\n|move|p1b: Dragonite|Extreme Speed|p2b: Iron Hands\n|-supereffective|p2b: Iron Hands\n|-damage|p2b: Iron Hands|0 fnt\n|faint|p2b: Iron Hands\n|-end|p2b: Iron Hands|Quark Drive|[silent]\n|move|p2a: Rillaboom|Wood Hammer|p1b: Dragonite\n|-damage|p1b: Dragonite|0 fnt\n|faint|p1b: Dragonite\n|-damage|p2a: Rillaboom|57\/100|[from] Recoil\n|\n|-heal|p2a: Rillaboom|63\/100|[from] Grassy Terrain\n|-heal|p1a: Sylveon|28\/100|[from] Grassy Terrain\n|upkeep\n|\n|t:|1701036536\n|switch|p1b: Chien-Pao|Chien-Pao, L50|100\/100\n|switch|p2b: Flutter Mane|Flutter Mane, L50|100\/100\n|-ability|p1b: Chien-Pao|Sword of Ruin\n|turn|4\n|\n|t:|1701036553\n|move|p1a: Sylveon|Helping Hand|p1b: Chien-Pao\n|-singleturn|p1b: Chien-Pao|Helping Hand|[of] p1a: Sylveon\n|move|p2a: Rillaboom|Grassy Glide|p1b: Chien-Pao\n|-damage|p1b: Chien-Pao|35\/100\n|move|p1b: Chien-Pao|Ice Spinner|p2b: Flutter Mane\n|-damage|p2b: Flutter Mane|0 fnt\n|-fieldend|move: Grassy Terrain\n|faint|p2b: Flutter Mane\n|-end|p2b: Flutter Mane|Protosynthesis|[silent]\n|\n|upkeep\n|\n|t:|1701036566\n|switch|p2b: Urshifu|Urshifu-Rapid-Strike, L50, F|100\/100\n|turn|5\n|\n|t:|1701036574\n|move|p1a: Sylveon|Helping Hand|p1b: Chien-Pao\n|-singleturn|p1b: Chien-Pao|Helping Hand|[of] p1a: Sylveon\n|move|p1b: Chien-Pao|Sucker Punch|p2a: Rillaboom\n|-supereffective|p2a: Rillaboom\n|-damage|p2a: Rillaboom|0 fnt\n|faint|p2a: Rillaboom\n|move|p2b: Urshifu|Surging Strikes|p1a: Sylveon\n|-crit|p1a: Sylveon\n|-damage|p1a: Sylveon|3\/100\n|-crit|p1a: Sylveon\n|-damage|p1a: Sylveon|0 fnt\n|faint|p1a: Sylveon\n|-hitcount|p1: Sylveon|2\n|\n|upkeep\n|\n|t:|1701036579\n|switch|p1a: Iron Hands|Iron Hands, L50|100\/100\n|turn|6\n|\n|t:|1701036585\n|move|p1a: Iron Hands|Fake Out|p2b: Urshifu\n|-damage|p2b: Urshifu|77\/100\n|cant|p2b: Urshifu|flinch\n|move|p1b: Chien-Pao|Sacred Sword|p2b: Urshifu\n|-damage|p2b: Urshifu|36\/100\n|\n|upkeep\n|turn|7\n|\n|t:|1701036589\n|move|p2b: Urshifu|Surging Strikes|p1a: Iron Hands\n|-crit|p1a: Iron Hands\n|-damage|p1a: Iron Hands|80\/100\n|-crit|p1a: Iron Hands\n|-damage|p1a: Iron Hands|57\/100\n|-crit|p1a: Iron Hands\n|-damage|p1a: Iron Hands|34\/100\n|-hitcount|p1a: Iron Hands|3\n|move|p1b: Chien-Pao|Ice Spinner|p2b: Urshifu\n|-resisted|p2b: Urshifu\n|-damage|p2b: Urshifu|8\/100\n|move|p1a: Iron Hands|Wild Charge|p2b: Urshifu\n|-supereffective|p2b: Urshifu\n|-damage|p2b: Urshifu|0 fnt\n|faint|p2b: Urshifu\n|-damage|p1a: Iron Hands|32\/100|[from] Recoil\n|\n|win|Love Korra\n|raw|Love Korra's rating: 1355 &rarr; <strong>1374<\/strong><br \/>(+19 for winning)\n|raw|yokai19's rating: 1345 &rarr; <strong>1326<\/strong><br \/>(-19 for losing)\n","uploadtime":1701036603,"views":3,"p1id":"lovekorra","p2id":"yokai19","formatid":"gen9vgc2023regulatione","rating":1326,"private":0,"password":""}