{"id":"gen9vgc2023regulatione-1992434434","p1":"justincaseuforgot","p2":"loneleon","format":"[Gen 9] VGC 2023 Regulation E","log":"|j|\u2606justincaseuforgot\n|j|\u2606loneleon\n|n|\u2606justincaseuforgot|justincaseuforgot\n|n|\u2606loneleon|loneleon\n|html|View the match progress at <a href=\"\/game-bestof3-gen9vgc2023regulatione-1992434433\">game-bestof3-gen9vgc2023regulatione-1992434433<\/a>\n|t:|1700187152\n|gametype|doubles\n|player|p1|justincaseuforgot|alder|\n|player|p2|loneleon|roxie|\n|teamsize|p1|6\n|teamsize|p2|6\n|gen|9\n|tier|[Gen 9] VGC 2023 Regulation E\n|rule|Species Clause: Limit one of each Pok\u00e9mon\n|rule|Item Clause: Limit one of each item\n|clearpoke\n|poke|p1|Ursaring, L50, M|\n|poke|p1|Grimmsnarl, L50, M|\n|poke|p1|Honchkrow, L50, F|\n|poke|p1|Gengar, L50, F|\n|poke|p1|Clefairy, L50, F|\n|poke|p1|Typhlosion-Hisui, L50, M|\n|poke|p2|Overqwil, L50, M|\n|poke|p2|Politoed, L50, F|\n|poke|p2|Rillaboom, L50, M|\n|poke|p2|Sylveon, L50, M|\n|poke|p2|Lokix, L50, M|\n|poke|p2|Espathra, L50, M|\n|teampreview|4\n|j| Xanej\n|j| malvric\nloneleon has agreed to open team sheets.\njustincaseuforgot has agreed to open team sheets.\n|showteam|p1|Ursaring||FlameOrb|Guts|Protect,IcePunch,Facade,CloseCombat|||M|||50|,,,,,Normal]Grimmsnarl||LightClay|Prankster|ThunderWave,Reflect,SpiritBreak,PartingShot|||M|||50|,,,,,Fairy]Honchkrow||ScopeLens|SuperLuck|Tailwind,Protect,NightSlash,AirCutter|||F|||50|,,,,,Dark]Gengar||LifeOrb|CursedBody|SludgeBomb,DazzlingGleam,NastyPlot,Hex|||F|||50|,,,,,Fairy]Clefairy||Eviolite|FriendGuard|DazzlingGleam,FollowMe,Protect,HelpingHand|||F|||50|,,,,,Fairy]Typhlosion-Hisui||ChoiceScarf|Blaze|TeraBlast,Eruption,Flamethrower,InfernalParade|||M|||50|,,,,,Ice\n|showteam|p2|Overqwil||AssaultVest|SwiftSwim|BarbBarrage,Crunch,Liquidation,AquaJet|||M|||50|,,,,,Water]Politoed||ThroatSpray|Drizzle|IcyWind,MuddyWater,HyperVoice,Protect|||F|||50|,,,,,Normal]Rillaboom||Leftovers|GrassySurge|FakeOut,HighHorsepower,KnockOff,Protect|||M|||50|,,,,,Ground]Sylveon||ChoiceSpecs|Pixilate|HyperBeam,ShadowBall,Psyshock,QuickAttack|||M|||50|,,,,,Fairy]Lokix||LifeOrb|TintedLens|SwordsDance,LeechLife,SuckerPunch,TeraBlast|||M|||50|,,,,,Steel]Espathra||FocusSash|Opportunist|DazzlingGleam,LuminaCrash,TrickRoom,Protect|||M|||50|,,,,,Fairy\n|l| Xanej\n|\n|t:|1700187239\n|start\n|switch|p1a: tall goblin|Grimmsnarl, L50, M, shiny|100\/100\n|switch|p1b: poke doll again|Clefairy, L50, F, shiny|100\/100\n|switch|p2a: Epi Pen|Overqwil, L50, M, shiny|100\/100\n|switch|p2b: THE BOULDER|Rillaboom, L50, M, shiny|100\/100\n|-fieldstart|move: Grassy Terrain|[from] ability: Grassy Surge|[of] p2b: THE BOULDER\n|turn|1\n|j| Xanej\n|\n|t:|1700187258\n|move|p2b: THE BOULDER|Fake Out|p1a: tall goblin\n|-damage|p1a: tall goblin|88\/100\n|move|p1b: poke doll again|Follow Me|p1b: poke doll again\n|-singleturn|p1b: poke doll again|move: Follow Me\n|cant|p1a: tall goblin|flinch\n|move|p2a: Epi Pen|Barb Barrage|p1b: poke doll again\n|-supereffective|p1b: poke doll again\n|-damage|p1b: poke doll again|38\/100\n|-status|p1b: poke doll again|psn\n|\n|-heal|p1a: tall goblin|93\/100|[from] Grassy Terrain\n|-heal|p1b: poke doll again|45\/100 psn|[from] Grassy Terrain\n|-damage|p1b: poke doll again|32\/100 psn|[from] psn\n|upkeep\n|turn|2\n|\n|t:|1700187288\n|move|p1b: poke doll again|Protect|p1b: poke doll again\n|-singleturn|p1b: poke doll again|Protect\n|move|p1a: tall goblin|Thunder Wave|p2b: THE BOULDER\n|-status|p2b: THE BOULDER|par\n|move|p2a: Epi Pen|Barb Barrage|p1b: poke doll again\n|-activate|p1b: poke doll again|move: Protect\n|move|p2b: THE BOULDER|Knock Off|p1a: tall goblin\n|-resisted|p1a: tall goblin\n|-damage|p1a: tall goblin|86\/100\n|-enditem|p1a: tall goblin|Light Clay|[from] move: Knock Off|[of] p2b: THE BOULDER\n|\n|-heal|p1a: tall goblin|92\/100|[from] Grassy Terrain\n|-heal|p1b: poke doll again|38\/100 psn|[from] Grassy Terrain\n|-damage|p1b: poke doll again|26\/100 psn|[from] psn\n|upkeep\n|turn|3\n|\n|t:|1700187362\n|switch|p2b: Not Sylveon|Politoed, L50, F, shiny|100\/100\n|-weather|RainDance|[from] ability: Drizzle|[of] p2b: Not Sylveon\n|move|p1b: poke doll again|Follow Me|p1b: poke doll again\n|-singleturn|p1b: poke doll again|move: Follow Me\n|move|p1a: tall goblin|Parting Shot|p2b: Not Sylveon\n|-unboost|p2b: Not Sylveon|atk|1\n|-unboost|p2b: Not Sylveon|spa|1\n|\n|t:|1700187385\n|switch|p1a: spooky clefable|Gengar, L50, F|100\/100|[from] Parting Shot\n|move|p2a: Epi Pen|Barb Barrage|p1b: poke doll again\n|-supereffective|p1b: poke doll again\n|-damage|p1b: poke doll again|0 fnt\n|faint|p1b: poke doll again\n|\n|-weather|RainDance|[upkeep]\n|upkeep\n|\n|t:|1700187399\n|switch|p1b: tall goblin|Grimmsnarl, L50, M, shiny|92\/100\n|turn|4\n|l| Xanej\n|j| Xanej\n|\n|t:|1700187435\n|switch|p2b: THE BOULDER|Rillaboom, L50, M, shiny|100\/100 par\n|move|p1b: tall goblin|Reflect|p1b: tall goblin\n|-sidestart|p1: justincaseuforgot|Reflect\n|move|p2a: Epi Pen|Barb Barrage|p1b: tall goblin\n|-supereffective|p1b: tall goblin\n|-damage|p1b: tall goblin|35\/100\n|-status|p1b: tall goblin|psn\n|move|p1a: spooky clefable|Nasty Plot|p1a: spooky clefable\n|-boost|p1a: spooky clefable|spa|2\n|\n|-weather|RainDance|[upkeep]\n|-heal|p1b: tall goblin|40\/100 psn|[from] Grassy Terrain\n|-damage|p1b: tall goblin|28\/100 psn|[from] psn\n|upkeep\n|turn|5\n|\n|t:|1700187458\n|-terastallize|p2a: Epi Pen|Water\n|move|p1b: tall goblin|Thunder Wave|p2a: Epi Pen\n|-status|p2a: Epi Pen|par\n|move|p1a: spooky clefable|Sludge Bomb|p2b: THE BOULDER\n|-supereffective|p2b: THE BOULDER\n|-damage|p2b: THE BOULDER|0 fnt\n|faint|p2b: THE BOULDER\n|-damage|p1a: spooky clefable|91\/100|[from] item: Life Orb\n|move|p2a: Epi Pen|Crunch|p1a: spooky clefable\n|-supereffective|p1a: spooky clefable\n|-damage|p1a: spooky clefable|0 fnt\n|faint|p1a: spooky clefable\n|\n|-weather|RainDance|[upkeep]\n|-heal|p1b: tall goblin|34\/100 psn|[from] Grassy Terrain\n|-damage|p1b: tall goblin|22\/100 psn|[from] psn\n|-fieldend|move: Grassy Terrain\n|upkeep\n|\n|t:|1700187477\n|switch|p1a: teddy weddy|Ursaring, L50, M, shiny|100\/100\n|switch|p2b: Not Sylveon|Politoed, L50, F, shiny|100\/100\n|turn|6\n|\n|t:|1700187492\n|move|p1a: teddy weddy|Protect|p1a: teddy weddy\n|-singleturn|p1a: teddy weddy|Protect\n|move|p2a: Epi Pen|Aqua Jet|p1b: tall goblin\n|-damage|p1b: tall goblin|0 fnt\n|faint|p1b: tall goblin\n|move|p2b: Not Sylveon|Hyper Voice|p1a: teddy weddy\n|-activate|p1a: teddy weddy|move: Protect\n|\n|-weather|RainDance|[upkeep]\n|-status|p1a: teddy weddy|brn|[from] item: Flame Orb\n|upkeep\n|turn|7\n|\n|t:|1700187511\n|cant|p2a: Epi Pen|par\n|move|p2b: Not Sylveon|Muddy Water|p1a: teddy weddy\n|-damage|p1a: teddy weddy|38\/100 brn\n|move|p1a: teddy weddy|Facade|p2a: Epi Pen\n|-damage|p2a: Epi Pen|0 fnt\n|faint|p2a: Epi Pen\n|\n|-weather|none\n|-damage|p1a: teddy weddy|32\/100 brn|[from] brn\n|upkeep\n|\n|t:|1700187520\n|switch|p2a: Buster Call|Sylveon, L50, M|100\/100\n|turn|8\n|\n|t:|1700187535\n|move|p2a: Buster Call|Quick Attack|p1a: teddy weddy\n|-damage|p1a: teddy weddy|24\/100 brn\n|move|p2b: Not Sylveon|Hyper Voice|p1a: teddy weddy\n|-damage|p1a: teddy weddy|0 fnt\n|faint|p1a: teddy weddy\n|-enditem|p2b: Not Sylveon|Throat Spray\n|\n|win|loneleon\n|inactive|justincaseuforgot has 50 seconds to confirm battle start!\n|inactive|loneleon has 50 seconds to confirm battle start!\n|inactive|justincaseuforgot has 39 seconds to confirm battle start!\n|inactive|loneleon has 39 seconds to confirm battle start!\n","uploadtime":1700187553,"views":20,"p1id":"justincaseuforgot","p2id":"loneleon","formatid":"gen9vgc2023regulatione","rating":0,"private":0,"password":""}