{"id":"gen9vgc2023regulatione-1990363285","p1":"Yo mammma","p2":"TobiVGC","format":"[Gen 9] VGC 2023 Regulation E","log":"|j|\u2606Yo mammma\n|j|\u2606TobiVGC\n|t:|1699962427\n|gametype|doubles\n|player|p1|Yo mammma|wattson|1065\n|player|p2|TobiVGC|101|1106\n|teamsize|p1|6\n|teamsize|p2|6\n|gen|9\n|tier|[Gen 9] VGC 2023 Regulation E\n|rated|\n|rule|Species Clause: Limit one of each Pok\u00e9mon\n|rule|Item Clause: Limit one of each item\n|clearpoke\n|poke|p1|Ogerpon-Wellspring, L50, F|\n|poke|p1|Tornadus, L50, M|\n|poke|p1|Gholdengo, L50|\n|poke|p1|Glimmora, L50, M|\n|poke|p1|Gliscor, L50, M|\n|poke|p1|Ninetales-Alola, L50, M|\n|poke|p2|Rabsca, L50, M|\n|poke|p2|Golem-Alola, L50, F|\n|poke|p2|Pawmot, L50, F|\n|poke|p2|Dragonite, L50, M|\n|poke|p2|Chien-Pao, L50|\n|poke|p2|Flutter Mane, L50|\n|teampreview|4\n|inactive|Battle timer is ON: inactive players will automatically lose when time's up. (requested by Yo mammma)\n|inactive|Yo mammma has 60 seconds left.\n|\n|t:|1699962462\n|start\n|switch|p1a: Tornadus|Tornadus, L50, M|100\/100\n|switch|p1b: Ogerpon|Ogerpon-Wellspring, L50, F|100\/100\n|switch|p2a: Pawmot|Pawmot, L50, F|100\/100\n|switch|p2b: WayTo144Jumgfrauen|Golem-Alola, L50, F, shiny|100\/100\n|turn|1\n|\n|t:|1699962478\n|-terastallize|p2b: WayTo144Jumgfrauen|Electric\n|move|p2a: Pawmot|Fake Out|p1b: Ogerpon\n|-damage|p1b: Ogerpon|81\/100\n|move|p1a: Tornadus|Tailwind|p1a: Tornadus\n|-sidestart|p1: Yo mammma|move: Tailwind\n|cant|p1b: Ogerpon|flinch\n|move|p2b: WayTo144Jumgfrauen|Explosion|p1b: Ogerpon|[spread] p1a,p1b\n|-immune|p2a: Pawmot|[from] ability: Volt Absorb\n|-supereffective|p1a: Tornadus\n|-damage|p1a: Tornadus|0 fnt\n|-damage|p1b: Ogerpon|0 fnt\n|faint|p2b: WayTo144Jumgfrauen\n|faint|p1a: Tornadus\n|faint|p1b: Ogerpon\n|\n|upkeep\n|\n|t:|1699962495\n|switch|p1a: Gliscor|Gliscor, L50, M|100\/100\n|switch|p1b: Gholdengo|Gholdengo, L50|100\/100\n|switch|p2b: Dragonite|Dragonite, L50, M|100\/100\n|turn|2\n|\n|t:|1699962512\n|move|p2a: Pawmot|Helping Hand|p2b: Dragonite\n|-singleturn|p2b: Dragonite|Helping Hand|[of] p2a: Pawmot\n|move|p1a: Gliscor|Swords Dance|p1a: Gliscor\n|-boost|p1a: Gliscor|atk|2\n|move|p1b: Gholdengo|Trick|p2b: Dragonite\n|-activate|p1b: Gholdengo|move: Trick|[of] p2b: Dragonite\n|-item|p2b: Dragonite|Choice Specs|[from] move: Trick\n|-item|p1b: Gholdengo|Choice Band|[from] move: Trick\n|move|p2b: Dragonite|Earthquake|p1b: Gholdengo|[spread] p2a,p1b\n|-immune|p1a: Gliscor\n|-supereffective|p2a: Pawmot\n|-supereffective|p1b: Gholdengo\n|-enditem|p2a: Pawmot|Focus Sash\n|-damage|p2a: Pawmot|1\/100\n|-damage|p1b: Gholdengo|5\/100\n|\n|-status|p1a: Gliscor|tox|[from] item: Toxic Orb\n|upkeep\n|turn|3\n|inactive|Yo mammma has 30 seconds left.\n|\n|t:|1699962537\n|move|p1a: Gliscor|Dual Wingbeat|p2b: Dragonite\n|-damage|p2b: Dragonite|55\/100\n|-damage|p2b: Dragonite|11\/100\n|-hitcount|p2b: Dragonite|2\n|move|p1b: Gholdengo|Shadow Ball|p2a: Pawmot\n|-damage|p2a: Pawmot|0 fnt\n|faint|p2a: Pawmot\n|move|p2b: Dragonite|Earthquake|p1b: Gholdengo|[spread] p1b\n|-immune|p1a: Gliscor\n|-supereffective|p1b: Gholdengo\n|-damage|p1b: Gholdengo|0 fnt\n|faint|p1b: Gholdengo\n|\n|upkeep\n|\n|t:|1699962552\n|switch|p2a: Chien-Pao|Chien-Pao, L50|100\/100\n|-ability|p2a: Chien-Pao|Sword of Ruin\n|turn|4\n|\n|t:|1699962560\n|-terastallize|p1a: Gliscor|Normal\n|move|p2a: Chien-Pao|Protect|p2a: Chien-Pao\n|-singleturn|p2a: Chien-Pao|Protect\n|move|p1a: Gliscor|Facade|p2a: Chien-Pao\n|-activate|p2a: Chien-Pao|move: Protect\n|move|p2b: Dragonite|Earthquake|p1a: Gliscor|[spread] p1a\n|-activate|p2a: Chien-Pao|move: Protect\n|-damage|p1a: Gliscor|62\/100 tox\n|\n|-heal|p1a: Gliscor|74\/100 tox|[from] ability: Poison Heal\n|-sideend|p1: Yo mammma|move: Tailwind\n|upkeep\n|turn|5\n|\n|t:|1699962573\n|move|p2a: Chien-Pao|Sacred Sword|p1a: Gliscor\n|-supereffective|p1a: Gliscor\n|-damage|p1a: Gliscor|0 fnt\n|faint|p1a: Gliscor\n|-damage|p2a: Chien-Pao|91\/100|[from] item: Life Orb\n|\n|win|TobiVGC\n|raw|Yo mammma's rating: 1065 &rarr; <strong>1048<\/strong><br \/>(-17 for losing)\n|raw|TobiVGC's rating: 1106 &rarr; <strong>1128<\/strong><br \/>(+22 for winning)\n|c|\u2606Yo mammma|god\n|c|\u2606Yo mammma|gg\n|l|\u2606Yo mammma\n","uploadtime":1699962585,"views":13,"p1id":"yomammma","p2id":"tobivgc","formatid":"gen9vgc2023regulatione","rating":1048,"private":0,"password":""}