{"id":"gen9vgc2023regulatione-2000678752","p1":"CarlosDark","p2":"Kedrigz","format":"[Gen 9] VGC 2023 Regulation E","log":"|j|\u2606CarlosDark\n|j|\u2606Kedrigz\n|n|\u2606CarlosDark|carlosdark\n|n|\u2606Kedrigz|kedrigz\n|html|View the match progress at <a href=\"\/game-bestof3-gen9vgc2023regulatione-2000678751\">game-bestof3-gen9vgc2023regulatione-2000678751<\/a>\n|t:|1701217857\n|gametype|doubles\n|player|p1|CarlosDark|101|\n|player|p2|Kedrigz|steven|\n|teamsize|p1|6\n|teamsize|p2|6\n|gen|9\n|tier|[Gen 9] VGC 2023 Regulation E\n|rule|Species Clause: Limit one of each Pok\u00e9mon\n|rule|Item Clause: Limit one of each item\n|clearpoke\n|poke|p1|Salamence, L50, M|\n|poke|p1|Flutter Mane, L50|\n|poke|p1|Heatran, L50, F|\n|poke|p1|Urshifu-*, L50, F|\n|poke|p1|Rillaboom, L50, F|\n|poke|p1|Farigiraf, L50, F|\n|poke|p2|Kommo-o, L50, F|\n|poke|p2|Tyranitar, L50, M|\n|poke|p2|Rillaboom, L50, F|\n|poke|p2|Iron Bundle, L50|\n|poke|p2|Flutter Mane, L50|\n|poke|p2|Arcanine-Hisui, L50, M|\n|teampreview|4\nKedrigz has agreed to open team sheets.\nCarlosDark has agreed to open team sheets.\n|showteam|p1|Salamence||RockyHelmet|Intimidate|DualWingbeat,IronHead,Tailwind,Roost|||M|||50|,,,,,Steel]Flutter Mane||BoosterEnergy|Protosynthesis|Moonblast,ShadowBall,DazzlingGleam,Protect||||||50|,,,,,Fairy]Heatran||Leftovers|FlashFire|HeatWave,EarthPower,Substitute,Protect|||F|||50|,,,,,Grass]Urshifu-Rapid-Strike||MysticWater|UnseenFist|SurgingStrikes,AquaJet,CloseCombat,Protect|||F|||50|,,,,,Water]Rillaboom||AssaultVest|GrassySurge|FakeOut,WoodHammer,Uturn,StompingTantrum|||F|||50|,,,,,Fire]Farigiraf||SafetyGoggles|ArmorTail|Psychic,DazzlingGleam,TrickRoom,Imprison|||F|||50|,,,,,Fairy\n|showteam|p2|Kommo-o||Leftovers|Bulletproof|IronDefense,BodyPress,Protect,IronHead|||F|||50|,,,,,Steel]Tyranitar||AssaultVest|SandStream|KnockOff,LowKick,RockSlide,TeraBlast|||M|||50|,,,,,Psychic]Rillaboom||MiracleSeed|GrassySurge|FakeOut,GrassyGlide,Taunt,WoodHammer|||F|||50|,,,,,Grass]Iron Bundle||BoosterEnergy|QuarkDrive|IcyWind,FreezeDry,Protect,HydroPump||||||50|,,,,,Ghost]Flutter Mane||FocusSash|Protosynthesis|Moonblast,DazzlingGleam,ShadowBall,Psyshock||||||50|,,,,,Fairy]Arcanine-Hisui||SitrusBerry|Intimidate|FlareBlitz,WillOWisp,Howl,RockSlide|||M|||50|,,,,,Water\n|\n|t:|1701217918\n|start\n|switch|p1a: Flutter Mane|Flutter Mane, L50|100\/100\n|switch|p1b: Urshifu|Urshifu-Rapid-Strike, L50, F|100\/100\n|switch|p2a: Tyranitar|Tyranitar, L50, M, shiny|100\/100\n|switch|p2b: Arcanine|Arcanine-Hisui, L50, M, shiny|100\/100\n|-ability|p2b: Arcanine|Intimidate|boost\n|-unboost|p1a: Flutter Mane|atk|1\n|-unboost|p1b: Urshifu|atk|1\n|-weather|Sandstorm|[from] ability: Sand Stream|[of] p2a: Tyranitar\n|-enditem|p1a: Flutter Mane|Booster Energy\n|-activate|p1a: Flutter Mane|ability: Protosynthesis|[fromitem]\n|-start|p1a: Flutter Mane|protosynthesisspa\n|turn|1\n|\n|t:|1701217988\n|switch|p1b: Heatran|Heatran, L50, F|100\/100\n|switch|p2a: Rillaboom|Rillaboom, L50, F|100\/100\n|-fieldstart|move: Grassy Terrain|[from] ability: Grassy Surge|[of] p2a: Rillaboom\n|move|p1a: Flutter Mane|Dazzling Gleam|p2a: Rillaboom|[spread] p2a,p2b\n|-resisted|p2b: Arcanine\n|-crit|p2b: Arcanine\n|-damage|p2a: Rillaboom|57\/100\n|-damage|p2b: Arcanine|81\/100\n|move|p2b: Arcanine|Flare Blitz|p1a: Flutter Mane\n|-damage|p1a: Flutter Mane|23\/100\n|-damage|p2b: Arcanine|61\/100|[from] Recoil\n|\n|-weather|Sandstorm|[upkeep]\n|-damage|p1a: Flutter Mane|17\/100|[from] Sandstorm\n|-damage|p2a: Rillaboom|51\/100|[from] Sandstorm\n|-heal|p1a: Flutter Mane|23\/100|[from] Grassy Terrain\n|-heal|p2b: Arcanine|67\/100|[from] Grassy Terrain\n|-heal|p2a: Rillaboom|57\/100|[from] Grassy Terrain\n|upkeep\n|turn|2\n|\n|t:|1701218017\n|-end|p1a: Flutter Mane|Protosynthesis|[silent]\n|switch|p1a: Salamence|Salamence, L50, M|100\/100\n|-ability|p1a: Salamence|Intimidate|boost\n|-unboost|p2a: Rillaboom|atk|1\n|-unboost|p2b: Arcanine|atk|1\n|move|p2a: Rillaboom|Fake Out|p1b: Heatran\n|-resisted|p1b: Heatran\n|-damage|p1b: Heatran|96\/100\n|move|p2b: Arcanine|Flare Blitz|p1a: Salamence\n|-resisted|p1a: Salamence\n|-damage|p1a: Salamence|85\/100\n|-damage|p2b: Arcanine|50\/100|[from] item: Rocky Helmet|[of] p1a: Salamence\n|-enditem|p2b: Arcanine|Sitrus Berry|[eat]\n|-heal|p2b: Arcanine|75\/100|[from] item: Sitrus Berry\n|-damage|p2b: Arcanine|70\/100|[from] Recoil\n|cant|p1b: Heatran|flinch\n|\n|-weather|Sandstorm|[upkeep]\n|-damage|p1a: Salamence|79\/100|[from] Sandstorm\n|-damage|p2a: Rillaboom|51\/100|[from] Sandstorm\n|-heal|p2b: Arcanine|76\/100|[from] Grassy Terrain\n|-heal|p1b: Heatran|100\/100|[from] Grassy Terrain\n|-heal|p2a: Rillaboom|57\/100|[from] Grassy Terrain\n|upkeep\n|turn|3\n|\n|t:|1701218052\n|switch|p2b: Tyranitar|Tyranitar, L50, M, shiny|100\/100\n|switch|p2a: Kommo-o|Kommo-o, L50, F, shiny|100\/100\n|move|p1a: Salamence|Tailwind|p1a: Salamence\n|-sidestart|p1: CarlosDark|move: Tailwind\n|move|p1b: Heatran|Substitute|p1b: Heatran\n|-start|p1b: Heatran|Substitute\n|-damage|p1b: Heatran|75\/100\n|\n|-weather|Sandstorm|[upkeep]\n|-damage|p1a: Salamence|73\/100|[from] Sandstorm\n|-damage|p2a: Kommo-o|94\/100|[from] Sandstorm\n|-heal|p1b: Heatran|82\/100|[from] Grassy Terrain\n|-heal|p1b: Heatran|88\/100|[from] item: Leftovers\n|-heal|p2a: Kommo-o|100\/100|[from] Grassy Terrain\n|upkeep\n|turn|4\n|\n|t:|1701218085\n|move|p1a: Salamence|Iron Head|p2b: Tyranitar\n|-supereffective|p2b: Tyranitar\n|-damage|p2b: Tyranitar|45\/100\n|move|p1b: Heatran|Earth Power|p2b: Tyranitar\n|-supereffective|p2b: Tyranitar\n|-damage|p2b: Tyranitar|14\/100\n|move|p2b: Tyranitar|Knock Off|p1a: Salamence\n|-crit|p1a: Salamence\n|-damage|p1a: Salamence|0 fnt\n|-damage|p2b: Tyranitar|0 fnt|[from] item: Rocky Helmet|[of] p1a: Salamence\n|faint|p1a: Salamence\n|faint|p2b: Tyranitar\n|move|p2a: Kommo-o|Iron Defense|p2a: Kommo-o\n|-boost|p2a: Kommo-o|def|2\n|\n|-weather|Sandstorm|[upkeep]\n|-damage|p2a: Kommo-o|94\/100|[from] Sandstorm\n|-heal|p1b: Heatran|94\/100|[from] Grassy Terrain\n|-heal|p1b: Heatran|100\/100|[from] item: Leftovers\n|-heal|p2a: Kommo-o|100\/100|[from] Grassy Terrain\n|upkeep\n|\n|t:|1701218111\n|switch|p1a: Urshifu|Urshifu-Rapid-Strike, L50, F|100\/100\n|switch|p2b: Arcanine|Arcanine-Hisui, L50, M, shiny|76\/100\n|-ability|p2b: Arcanine|Intimidate|boost\n|-unboost|p1a: Urshifu|atk|1\n|-immune|p1b: Heatran\n|turn|5\n|\n|t:|1701218129\n|-terastallize|p2b: Arcanine|Water\n|move|p1a: Urshifu|Surging Strikes|p2b: Arcanine\n|-resisted|p2b: Arcanine\n|-crit|p2b: Arcanine\n|-damage|p2b: Arcanine|64\/100\n|-resisted|p2b: Arcanine\n|-crit|p2b: Arcanine\n|-damage|p2b: Arcanine|51\/100\n|-resisted|p2b: Arcanine\n|-crit|p2b: Arcanine\n|-damage|p2b: Arcanine|38\/100\n|-hitcount|p2b: Arcanine|3\n|move|p1b: Heatran|Earth Power|p2b: Arcanine\n|-damage|p2b: Arcanine|7\/100\n|move|p2b: Arcanine|Will-O-Wisp|p1a: Urshifu\n|-status|p1a: Urshifu|brn\n|move|p2a: Kommo-o|Iron Defense|p2a: Kommo-o\n|-boost|p2a: Kommo-o|def|2\n|\n|-weather|none\n|-heal|p2b: Arcanine|13\/100|[from] Grassy Terrain\n|-damage|p1a: Urshifu|94\/100 brn|[from] brn\n|-fieldend|move: Grassy Terrain\n|upkeep\n|turn|6\n|\n|t:|1701218154\n|move|p1a: Urshifu|Surging Strikes|p2b: Arcanine\n|-resisted|p2b: Arcanine\n|-crit|p2b: Arcanine\n|-damage|p2b: Arcanine|7\/100\n|-resisted|p2b: Arcanine\n|-crit|p2b: Arcanine\n|-damage|p2b: Arcanine|0 fnt\n|faint|p2b: Arcanine\n|-hitcount|p2: Arcanine|2\n|move|p1b: Heatran|Earth Power|p2a: Kommo-o\n|-damage|p2a: Kommo-o|71\/100\n|move|p2a: Kommo-o|Body Press|p1a: Urshifu\n|-damage|p1a: Urshifu|0 fnt\n|faint|p1a: Urshifu\n|\n|-heal|p2a: Kommo-o|77\/100|[from] item: Leftovers\n|-sideend|p1: CarlosDark|move: Tailwind\n|upkeep\n|\n|t:|1701218172\n|switch|p2b: Rillaboom|Rillaboom, L50, F|57\/100\n|switch|p1a: Flutter Mane|Flutter Mane, L50|23\/100\n|-fieldstart|move: Grassy Terrain|[from] ability: Grassy Surge|[of] p2b: Rillaboom\n|turn|7\n|\n|t:|1701218202\n|-terastallize|p1a: Flutter Mane|Fairy\n|move|p1a: Flutter Mane|Protect|p1a: Flutter Mane\n|-singleturn|p1a: Flutter Mane|Protect\n|move|p2b: Rillaboom|Grassy Glide|p1a: Flutter Mane\n|-activate|p1a: Flutter Mane|move: Protect\n|move|p1b: Heatran|Heat Wave|p2b: Rillaboom|[spread] p2a\n|-miss|p1b: Heatran|p2b: Rillaboom\n|-resisted|p2a: Kommo-o\n|-damage|p2a: Kommo-o|60\/100\n|move|p2a: Kommo-o|Body Press|p1b: Heatran\n|-supereffective|p1b: Heatran\n|-end|p1b: Heatran|Substitute\n|\n|-heal|p1a: Flutter Mane|28\/100|[from] Grassy Terrain\n|-heal|p2b: Rillaboom|63\/100|[from] Grassy Terrain\n|-heal|p2a: Kommo-o|66\/100|[from] Grassy Terrain\n|-heal|p2a: Kommo-o|72\/100|[from] item: Leftovers\n|upkeep\n|turn|8\n|\n|t:|1701218226\n|move|p1a: Flutter Mane|Protect|p1a: Flutter Mane\n|-singleturn|p1a: Flutter Mane|Protect\n|move|p2b: Rillaboom|Grassy Glide|p1a: Flutter Mane\n|-activate|p1a: Flutter Mane|move: Protect\n|move|p1b: Heatran|Heat Wave|p2b: Rillaboom|[spread] p2a,p2b\n|-resisted|p2a: Kommo-o\n|-supereffective|p2b: Rillaboom\n|-damage|p2a: Kommo-o|55\/100\n|-damage|p2b: Rillaboom|0 fnt\n|faint|p2b: Rillaboom\n|move|p2a: Kommo-o|Body Press|p1b: Heatran\n|-supereffective|p1b: Heatran\n|-damage|p1b: Heatran|0 fnt\n|faint|p1b: Heatran\n|\n|-heal|p1a: Flutter Mane|34\/100|[from] Grassy Terrain\n|-heal|p2a: Kommo-o|61\/100|[from] Grassy Terrain\n|-heal|p2a: Kommo-o|68\/100|[from] item: Leftovers\n|upkeep\n|turn|9\n|\n|t:|1701218249\n|move|p1a: Flutter Mane|Dazzling Gleam|p2a: Kommo-o\n|-supereffective|p2a: Kommo-o\n|-damage|p2a: Kommo-o|0 fnt\n|faint|p2a: Kommo-o\n|\n|win|CarlosDark\n|l|\u2606Kedrigz\n|inactive|CarlosDark has 50 seconds to confirm battle start!\n|inactive|Kedrigz has 50 seconds to confirm battle start!\n|inactive|CarlosDark has 40 seconds to confirm battle start!\n|inactive|Kedrigz has 40 seconds to confirm battle start!\n|inactive|CarlosDark has 30 seconds to confirm battle start!\n|inactive|Kedrigz has 30 seconds to confirm battle start!\n|c|&|\/uhtml prompt-carlosdark,CarlosDark is ready for game 2!\n|inactive|Kedrigz has 20 seconds to confirm battle start!\n|c|&|\/uhtml prompt-kedrigz,Kedrigz is ready for game 2!\nBoth players are ready! Starting next match!\n|player|p1|CarlosDark|101\n","uploadtime":1701218614,"views":0,"p1id":"carlosdark","p2id":"kedrigz","formatid":"gen9vgc2023regulatione","rating":0,"private":0,"password":""}