{"id":"gen9vgc2023regulatione-1989770868","p1":"Vaain","p2":"bobforte22","format":"[Gen 9] VGC 2023 Regulation E","log":"|j|\u2606Vaain\n|j|\u2606bobforte22\n|n|\u2606Vaain|vaain\n|n|\u2606bobforte22|bobforte22\n|html|View the match progress at <a href=\"\/game-bestof3-gen9vgc2023regulatione-1989770867\">game-bestof3-gen9vgc2023regulatione-1989770867<\/a>\n|t:|1699894310\n|gametype|doubles\n|player|p1|Vaain|101|\n|player|p2|bobforte22|pilot|\n|teamsize|p1|6\n|teamsize|p2|6\n|gen|9\n|tier|[Gen 9] VGC 2023 Regulation E\n|rated|Tournament battle\n|rule|Species Clause: Limit one of each Pok\u00e9mon\n|rule|Item Clause: Limit one of each item\n|clearpoke\n|poke|p1|Ursaluna-Bloodmoon, L50, M|\n|poke|p1|Iron Hands, L50|\n|poke|p1|Farigiraf, L50, F|\n|poke|p1|Ogerpon-Wellspring, L50, F|\n|poke|p1|Tornadus, L50, M|\n|poke|p1|Amoonguss, L50, F|\n|poke|p2|Chi-Yu, L50|\n|poke|p2|Jolteon, L50, M|\n|poke|p2|Iron Hands, L50|\n|poke|p2|Iron Bundle, L50|\n|poke|p2|Arcanine, L50, F|\n|poke|p2|Iron Jugulis, L50|\n|teampreview|4\n|showteam|p1|Ursaluna-Bloodmoon||LifeOrb|MindsEye|Protect,BloodMoon,Moonblast,EarthPower|||M|||50|,,,,,Fairy]Iron Hands||AssaultVest|QuarkDrive|DrainPunch,WildCharge,HeavySlam,FakeOut||||||50|,,,,,Steel]Farigiraf||ColburBerry|ArmorTail|AllySwitch,Protect,TrickRoom,Psychic|||F|||50|,,,,,Fairy]Ogerpon-Wellspring||WellspringMask|WaterAbsorb|IvyCudgel,SpikyShield,HornLeech,PlayRough|||F|||50|,,,,,Water]Tornadus||MentalHerb|Prankster|Tailwind,BleakwindStorm,Protect,RainDance|||M|||50|,,,,,Flying]Amoonguss||CobaBerry|Regenerator|PollenPuff,Protect,RagePowder,Spore|||F|||50|,,,,,Water\n|showteam|p2|Chi-Yu||ChoiceSpecs|BeadsofRuin|DarkPulse,HeatWave,Flamethrower,TeraBlast||||||50|,,,,,Ghost]Jolteon||LifeOrb|VoltAbsorb|FakeTears,Protect,LightScreen,Thunderbolt|||M|||50|,,,,,Grass]Iron Hands||AssaultVest|QuarkDrive|FakeOut,TeraBlast,DrainPunch,WildCharge||||||50|,,,,,Fire]Iron Bundle||CovertCloak|QuarkDrive|FreezeDry,HydroPump,Protect,Encore||||||50|,,,,,Fairy]Arcanine||RockyHelmet|Intimidate|FlareBlitz,WillOWisp,Protect,Roar|||F|||50|,,,,,Water]Iron Jugulis||ChoiceScarf|QuarkDrive|HydroPump,DarkPulse,AirSlash,EarthPower||||||50|,,,,,Water\n|inactive|Battle timer is ON: inactive players will automatically lose when time's up. (requested by Vaain)\n|c|\u2606bobforte22|Glhf\n|c|\u2606Vaain|glhf\n|inactive|Vaain has 60 seconds left.\n|inactive|bobforte22 has 60 seconds left.\n|\n|t:|1699894361\n|start\n|switch|p1a: J.B.|Tornadus, L50, M|100\/100\n|switch|p1b: Lancelot|Ogerpon-Wellspring, L50, F|100\/100\n|switch|p2a: Chi-Yu|Chi-Yu, L50|100\/100\n|switch|p2b: Jolteon|Jolteon, L50, M|100\/100\n|-ability|p2a: Chi-Yu|Beads of Ruin\n|turn|1\n|inactive|Vaain has 30 seconds left.\n|inactive|bobforte22 has 30 seconds left.\n|inactive|bobforte22 has 20 seconds left.\n|inactive|bobforte22 has 15 seconds left.\n|inactive|bobforte22 has 10 seconds left.\n|inactive|bobforte22 has 5 seconds left.\n|\n|t:|1699894413\n|-terastallize|p2a: Chi-Yu|Ghost\n|move|p1b: Lancelot|Spiky Shield|p1b: Lancelot\n|-singleturn|p1b: Lancelot|move: Protect\n|move|p1a: J.B.|Tailwind|p1a: J.B.\n|-sidestart|p1: Vaain|move: Tailwind\n|move|p2b: Jolteon|Thunderbolt|p1a: J.B.\n|-supereffective|p1a: J.B.\n|-damage|p1a: J.B.|0 fnt\n|faint|p1a: J.B.\n|-damage|p2b: Jolteon|91\/100|[from] item: Life Orb\n|move|p2a: Chi-Yu|Heat Wave|p1b: Lancelot\n|-activate|p1b: Lancelot|move: Protect\n|\n|upkeep\n|\n|t:|1699894427\n|switch|p1a: Charley|Amoonguss, L50, F|100\/100\n|turn|2\n|\n|t:|1699894443\n|-terastallize|p1a: Charley|Water\n|move|p1b: Lancelot|Ivy Cudgel|p2a: Chi-Yu\n|-damage|p2a: Chi-Yu|11\/100\n|move|p2b: Jolteon|Fake Tears|p1a: Charley\n|-unboost|p1a: Charley|spd|2\n|move|p2a: Chi-Yu|Heat Wave|p1a: Charley|[spread] p1a,p1b\n|-resisted|p1a: Charley\n|-damage|p1a: Charley|48\/100\n|-damage|p1b: Lancelot|15\/100\n|move|p1a: Charley|Spore|p2b: Jolteon\n|-status|p2b: Jolteon|slp|[from] move: Spore\n|\n|upkeep\n|turn|3\n|\n|t:|1699894464\n|cant|p2b: Jolteon|slp\n|move|p1b: Lancelot|Horn Leech|p2a: Chi-Yu\n|-damage|p2a: Chi-Yu|0 fnt\n|-heal|p1b: Lancelot|20\/100|[from] drain|[of] p2a: Chi-Yu\n|faint|p2a: Chi-Yu\n|move|p1a: Charley|Pollen Puff|p1b: Lancelot\n|-heal|p1b: Lancelot|70\/100\n|\n|upkeep\n|\n|t:|1699894477\n|switch|p2a: Iron Bundle|Iron Bundle, L50|100\/100\n|turn|4\n|inactive|Vaain has 30 seconds left.\n|\n|t:|1699894508\n|move|p1b: Lancelot|Horn Leech|p2b: Jolteon\n|-damage|p2b: Jolteon|28\/100 slp\n|-heal|p1b: Lancelot|100\/100|[from] drain|[of] p2b: Jolteon\n|move|p2a: Iron Bundle|Freeze-Dry|p1a: Charley\n|-supereffective|p1a: Charley\n|-damage|p1a: Charley|0 fnt\n|faint|p1a: Charley\n|cant|p2b: Jolteon|slp\n|\n|-sideend|p1: Vaain|move: Tailwind\n|upkeep\n|\n|t:|1699894516\n|switch|p1a: Handful|Iron Hands, L50|100\/100\n|turn|5\n|\n|t:|1699894528\n|move|p2a: Iron Bundle|Protect|p2a: Iron Bundle\n|-singleturn|p2a: Iron Bundle|Protect\n|move|p1b: Lancelot|Spiky Shield|p1b: Lancelot\n|-singleturn|p1b: Lancelot|move: Protect\n|-curestatus|p2b: Jolteon|slp|[msg]\n|move|p2b: Jolteon|Protect|p2b: Jolteon\n|-singleturn|p2b: Jolteon|Protect\n|move|p1a: Handful|Drain Punch|p2a: Iron Bundle\n|-activate|p2a: Iron Bundle|move: Protect\n|\n|upkeep\n|turn|6\n|\n|t:|1699894552\n|move|p1b: Lancelot|Spiky Shield|p1b: Lancelot\n|-singleturn|p1b: Lancelot|move: Protect\n|move|p2a: Iron Bundle|Freeze-Dry|p1b: Lancelot\n|-activate|p1b: Lancelot|move: Protect\n|move|p2b: Jolteon|Fake Tears|p1b: Lancelot\n|-activate|p1b: Lancelot|move: Protect\n|move|p1a: Handful|Drain Punch|p2a: Iron Bundle\n|-supereffective|p2a: Iron Bundle\n|-damage|p2a: Iron Bundle|36\/100\n|\n|upkeep\n|turn|7\n|\n|t:|1699894572\n|move|p2a: Iron Bundle|Freeze-Dry|p1b: Lancelot\n|-supereffective|p1b: Lancelot\n|-damage|p1b: Lancelot|0 fnt\n|faint|p1b: Lancelot\n|move|p2b: Jolteon|Fake Tears|p1a: Handful\n|-unboost|p1a: Handful|spd|2\n|move|p1a: Handful|Wild Charge|p2a: Iron Bundle\n|-supereffective|p2a: Iron Bundle\n|-damage|p2a: Iron Bundle|0 fnt\n|faint|p2a: Iron Bundle\n|-end|p2a: Iron Bundle|Quark Drive|[silent]\n|-damage|p1a: Handful|94\/100|[from] Recoil\n|\n|upkeep\n|\n|t:|1699894580\n|switch|p2a: Iron Hands|Iron Hands, L50|100\/100\n|turn|8\n|\n|t:|1699894586\n|move|p2a: Iron Hands|Fake Out|p1a: Handful\n|-damage|p1a: Handful|85\/100\n|move|p2b: Jolteon|Thunderbolt|p1a: Handful\n|-resisted|p1a: Handful\n|-damage|p1a: Handful|66\/100\n|-damage|p2b: Jolteon|18\/100|[from] item: Life Orb\n|cant|p1a: Handful|flinch\n|\n|upkeep\n|turn|9\n|\n|t:|1699894601\n|move|p2b: Jolteon|Thunderbolt|p1a: Handful\n|-resisted|p1a: Handful\n|-damage|p1a: Handful|45\/100\n|-damage|p2b: Jolteon|8\/100|[from] item: Life Orb\n|move|p1a: Handful|Drain Punch|p2a: Iron Hands\n|-damage|p2a: Iron Hands|76\/100\n|-heal|p1a: Handful|58\/100|[from] drain|[of] p2a: Iron Hands\n|move|p2a: Iron Hands|Drain Punch|p1a: Handful\n|-damage|p1a: Handful|30\/100\n|-heal|p2a: Iron Hands|89\/100|[from] drain|[of] p1a: Handful\n|\n|upkeep\n|turn|10\n|\n|t:|1699894616\n|move|p2b: Jolteon|Thunderbolt|p1a: Handful\n|-resisted|p1a: Handful\n|-damage|p1a: Handful|7\/100\n|-damage|p2b: Jolteon|0 fnt|[from] item: Life Orb\n|faint|p2b: Jolteon\n|move|p2a: Iron Hands|Drain Punch|p1a: Handful\n|-damage|p1a: Handful|0 fnt\n|-heal|p2a: Iron Hands|92\/100|[from] drain|[of] p1a: Handful\n|faint|p1a: Handful\n|-end|p1a: Handful|Quark Drive|[silent]\n|\n|win|bobforte22\n|c|&|\/uhtml prompt-vaain,Vaain is ready for game 2!\n|inactive|bobforte22 has 50 seconds to confirm battle start!\n","uploadtime":1699894629,"views":8,"p1id":"vaain","p2id":"bobforte22","formatid":"gen9vgc2023regulatione","rating":0,"private":0,"password":""}