{"id":"gen9vgc2023regulatione-1991027017","p1":"Mortipherus","p2":"XaviXucoso","format":"[Gen 9] VGC 2023 Regulation E","log":"|j|\u2606Mortipherus\n|j|\u2606XaviXucoso\n|t:|1700030421\n|gametype|doubles\n|player|p1|Mortipherus|biker-gen4|1211\n|player|p2|XaviXucoso|102|1173\n|teamsize|p1|6\n|teamsize|p2|6\n|gen|9\n|tier|[Gen 9] VGC 2023 Regulation E\n|rated|\n|rule|Species Clause: Limit one of each Pok\u00e9mon\n|rule|Item Clause: Limit one of each item\n|clearpoke\n|poke|p1|Zapdos-Galar, L50|\n|poke|p1|Flutter Mane, L50|\n|poke|p1|Chi-Yu, L50|\n|poke|p1|Iron Hands, L50|\n|poke|p1|Ogerpon-Wellspring, L50, F|\n|poke|p1|Farigiraf, L50, F|\n|poke|p2|Tauros-Paldea-Blaze, L50, M|\n|poke|p2|Landorus-Therian, L50, M|\n|poke|p2|Okidogi, L50, M|\n|poke|p2|Thundurus, L50, M|\n|poke|p2|Moltres-Galar, L50|\n|poke|p2|Flutter Mane, L50|\n|teampreview|4\nMortipherus has agreed to open team sheets.\n|\n|t:|1700030457\n|start\n|switch|p1a: Zapdos|Zapdos-Galar, L50|100\/100\n|switch|p1b: Flutter Mane|Flutter Mane, L50, shiny|100\/100\n|switch|p2a: Flutter Mane|Flutter Mane, L50|100\/100\n|switch|p2b: Landorus|Landorus-Therian, L50, M, shiny|100\/100\n|-ability|p2b: Landorus|Intimidate|boost\n|-unboost|p1a: Zapdos|atk|1\n|-ability|p1a: Zapdos|Defiant|boost\n|-boost|p1a: Zapdos|atk|2\n|-unboost|p1b: Flutter Mane|atk|1\n|-enditem|p2a: Flutter Mane|Booster Energy\n|-activate|p2a: Flutter Mane|ability: Protosynthesis|[fromitem]\n|-start|p2a: Flutter Mane|protosynthesisspe\n|-enditem|p1b: Flutter Mane|Booster Energy\n|-activate|p1b: Flutter Mane|ability: Protosynthesis|[fromitem]\n|-start|p1b: Flutter Mane|protosynthesisspe\n|turn|1\n|inactive|Battle timer is ON: inactive players will automatically lose when time's up. (requested by Mortipherus)\n|\n|t:|1700030482\n|-terastallize|p2a: Flutter Mane|Fairy\n|-terastallize|p1a: Zapdos|Flying\n|move|p2a: Flutter Mane|Dazzling Gleam|p1a: Zapdos|[spread] p1a,p1b\n|-damage|p1a: Zapdos|46\/100\n|-damage|p1b: Flutter Mane|54\/100\n|move|p1b: Flutter Mane|Icy Wind|p2a: Flutter Mane|[spread] p2a,p2b\n|-supereffective|p2b: Landorus\n|-damage|p2a: Flutter Mane|84\/100\n|-damage|p2b: Landorus|23\/100\n|-unboost|p2a: Flutter Mane|spe|1\n|-unboost|p2b: Landorus|spe|1\n|move|p1a: Zapdos|Brave Bird|p2a: Flutter Mane\n|-damage|p2a: Flutter Mane|0 fnt\n|faint|p2a: Flutter Mane\n|-end|p2a: Flutter Mane|Protosynthesis|[silent]\n|-damage|p1a: Zapdos|24\/100|[from] Recoil\n|move|p2b: Landorus|Rock Slide|p1a: Zapdos|[spread] p1a,p1b\n|-supereffective|p1a: Zapdos\n|-crit|p1a: Zapdos\n|-damage|p1a: Zapdos|0 fnt\n|-damage|p1b: Flutter Mane|15\/100\n|faint|p1a: Zapdos\n|\n|upkeep\n|inactive|Mortipherus has 30 seconds left.\n|\n|t:|1700030507\n|switch|p2a: Moltres|Moltres-Galar, L50|100\/100\n|switch|p1a: Iron Hands|Iron Hands, L50|100\/100\n|turn|2\n|\n|t:|1700030515\n|switch|p2b: Okidogi|Okidogi, L50, M|100\/100\n|move|p1a: Iron Hands|Fake Out|p2a: Moltres\n|-damage|p2a: Moltres|85\/100\n|move|p1b: Flutter Mane|Icy Wind|p2b: Okidogi|[spread] p2a,p2b\n|-supereffective|p2a: Moltres\n|-damage|p2a: Moltres|62\/100\n|-damage|p2b: Okidogi|91\/100\n|-unboost|p2a: Moltres|spe|1\n|-unboost|p2b: Okidogi|spe|1\n|-enditem|p2a: Moltres|Weakness Policy\n|-boost|p2a: Moltres|atk|2|[from] item: Weakness Policy\n|-boost|p2a: Moltres|spa|2|[from] item: Weakness Policy\n|cant|p2a: Moltres|flinch\n|\n|upkeep\n|turn|3\n|\n|t:|1700030534\n|move|p1b: Flutter Mane|Protect|p1b: Flutter Mane\n|-singleturn|p1b: Flutter Mane|Protect\n|move|p1a: Iron Hands|Wild Charge|p2a: Moltres\n|-supereffective|p2a: Moltres\n|-damage|p2a: Moltres|0 fnt\n|faint|p2a: Moltres\n|-damage|p1a: Iron Hands|88\/100|[from] Recoil\n|move|p2b: Okidogi|Knock Off|p1a: Iron Hands\n|-resisted|p1a: Iron Hands\n|-damage|p1a: Iron Hands|79\/100\n|-enditem|p1a: Iron Hands|Assault Vest|[from] move: Knock Off|[of] p2b: Okidogi\n|\n|upkeep\n|\n|t:|1700030546\n|switch|p2a: Landorus|Landorus-Therian, L50, M, shiny|23\/100\n|-ability|p2a: Landorus|Intimidate|boost\n|-unboost|p1a: Iron Hands|atk|1\n|-unboost|p1b: Flutter Mane|atk|1\n|turn|4\n|\n|t:|1700030559\n|-end|p1a: Iron Hands|Quark Drive|[silent]\n|switch|p1a: Farigiraf|Farigiraf, L50, F|100\/100\n|move|p1b: Flutter Mane|Icy Wind|p2b: Okidogi|[spread] p2a,p2b\n|-supereffective|p2a: Landorus\n|-damage|p2a: Landorus|0 fnt\n|-damage|p2b: Okidogi|81\/100\n|-unboost|p2b: Okidogi|spe|1\n|faint|p2a: Landorus\n|move|p2b: Okidogi|Poison Jab|p1b: Flutter Mane\n|-damage|p1b: Flutter Mane|0 fnt\n|faint|p1b: Flutter Mane\n|-end|p1b: Flutter Mane|Protosynthesis|[silent]\n|\n|upkeep\n|\n|t:|1700030572\n|switch|p1b: Iron Hands|Iron Hands, L50|79\/100\n|turn|5\n|\n|t:|1700030585\n|move|p1b: Iron Hands|Fake Out|p2b: Okidogi\n|-damage|p2b: Okidogi|71\/100\n|move|p1a: Farigiraf|Psychic|p2b: Okidogi\n|-supereffective|p2b: Okidogi\n|-damage|p2b: Okidogi|0 fnt\n|faint|p2b: Okidogi\n|\n|win|Mortipherus\n|raw|Mortipherus's rating: 1211 &rarr; <strong>1233<\/strong><br \/>(+22 for winning)\n|raw|XaviXucoso's rating: 1173 &rarr; <strong>1151<\/strong><br \/>(-22 for losing)\n|l|\u2606XaviXucoso\n","uploadtime":1700030595,"views":17,"p1id":"mortipherus","p2id":"xavixucoso","formatid":"gen9vgc2023regulatione","rating":1151,"private":0,"password":""}