{"id":"gen9vgc2023regulatione-1991792172","p1":"jeikono","p2":"OvenfreshO1","format":"[Gen 9] VGC 2023 Regulation E","log":"|j|\u2606jeikono\n|j|\u2606OvenfreshO1\n|t:|1700118198\n|gametype|doubles\n|player|p1|jeikono|whitney|1132\n|player|p2|OvenfreshO1|2|1233\n|teamsize|p1|4\n|teamsize|p2|6\n|gen|9\n|tier|[Gen 9] VGC 2023 Regulation E\n|rated|\n|rule|Species Clause: Limit one of each Pok\u00e9mon\n|rule|Item Clause: Limit one of each item\n|clearpoke\n|poke|p1|Sableye, L50, M|\n|poke|p1|Maushold, L50|\n|poke|p1|Sinistcha-Masterpiece, L50|\n|poke|p1|Garganacl, L50, M|\n|poke|p2|Krookodile, L50, F|\n|poke|p2|Rillaboom, L50, F|\n|poke|p2|Urshifu-*, L50, M|\n|poke|p2|Froslass, L50, F|\n|poke|p2|Tauros-Paldea-Blaze, L50, M|\n|poke|p2|Sinistcha, L50|\n|teampreview|4\n|inactive|Battle timer is ON: inactive players will automatically lose when time's up. (requested by jeikono)\njeikono rejected open team sheets.\n|\n|t:|1700118208\n|start\n|switch|p1a: Sinistcha|Sinistcha-Masterpiece, L50|100\/100\n|switch|p1b: Sableye|Sableye, L50, M|100\/100\n|switch|p2a: Krookodile|Krookodile, L50, F|100\/100\n|switch|p2b: Urshifu|Urshifu-Rapid-Strike, L50, M|100\/100\n|turn|1\n|\n|t:|1700118214\n|move|p2b: Urshifu|Detect|p2b: Urshifu\n|-singleturn|p2b: Urshifu|Protect\n|move|p2a: Krookodile|Protect|p2a: Krookodile\n|-singleturn|p2a: Krookodile|Protect\n|move|p1b: Sableye|Gravity|p1b: Sableye\n|-fieldstart|move: Gravity\n|move|p1a: Sinistcha|Matcha Gotcha|p2a: Krookodile|[spread] \n|-activate|p2a: Krookodile|move: Protect\n|-activate|p2b: Urshifu|move: Protect\n|\n|upkeep\n|turn|2\n|\n|t:|1700118227\n|move|p2a: Krookodile|Endure||[still]\n|-fail|p2a: Krookodile\n|move|p1b: Sableye|Encore|p2b: Urshifu\n|-start|p2b: Urshifu|Encore\n|move|p2b: Urshifu|Detect||[still]\n|-fail|p2b: Urshifu\n|move|p1a: Sinistcha|Matcha Gotcha|p2a: Krookodile|[spread] p2a,p2b\n|-supereffective|p2a: Krookodile\n|-supereffective|p2b: Urshifu\n|-damage|p2a: Krookodile|8\/100\n|-enditem|p2b: Urshifu|Focus Sash\n|-damage|p2b: Urshifu|1\/100\n|-status|p2b: Urshifu|brn\n|-enditem|p2a: Krookodile|Salac Berry|[eat]\n|-boost|p2a: Krookodile|spe|1|[from] item: Salac Berry\n|\n|-damage|p2b: Urshifu|0 fnt|[from] brn\n|faint|p2b: Urshifu\n|upkeep\n|\n|t:|1700118243\n|switch|p2b: Rillaboom|Rillaboom, L50, F|100\/100\n|-fieldstart|move: Grassy Terrain|[from] ability: Grassy Surge|[of] p2b: Rillaboom\n|-enditem|p2b: Rillaboom|Grassy Seed\n|-boost|p2b: Rillaboom|def|1|[from] item: Grassy Seed\n|turn|3\n|\n|t:|1700118254\n|move|p1b: Sableye|Encore|p2a: Krookodile\n|-hint|Since gen 7, Dark is immune to Prankster moves.\n|-immune|p2a: Krookodile\n|move|p2a: Krookodile|Rock Slide|p1a: Sinistcha|[spread] p1a,p1b\n|-damage|p1a: Sinistcha|80\/100\n|-damage|p1b: Sableye|81\/100\n|-enditem|p1b: Sableye|Eject Button\n|\n|t:|1700118262\n|switch|p1b: Maushold|Maushold, L50|100\/100\n|move|p2b: Rillaboom|U-turn|p1a: Sinistcha\n|-damage|p1a: Sinistcha|53\/100\n|\n|t:|1700118266\n|switch|p2b: Sinistcha|Sinistcha, L50|100\/100|[from] U-turn\n|-heal|p2a: Krookodile|33\/100|[from] ability: Hospitality|[of] p2b: Sinistcha\n|move|p1a: Sinistcha|Matcha Gotcha|p2a: Krookodile|[spread] p2a,p2b\n|-supereffective|p2a: Krookodile\n|-resisted|p2b: Sinistcha\n|-damage|p2a: Krookodile|0 fnt\n|-heal|p1a: Sinistcha|69\/100|[from] drain|[of] p2a: Krookodile\n|-damage|p2b: Sinistcha|78\/100\n|-heal|p1a: Sinistcha|80\/100|[from] drain|[of] p2b: Sinistcha\n|faint|p2a: Krookodile\n|\n|-heal|p2b: Sinistcha|84\/100|[from] Grassy Terrain\n|-heal|p1a: Sinistcha|86\/100|[from] Grassy Terrain\n|upkeep\n|\n|t:|1700118268\n|switch|p2a: Rillaboom|Rillaboom, L50, F|100\/100\n|turn|4\n|\n|t:|1700118283\n|move|p1b: Maushold|Population Bomb|p2a: Rillaboom\n|-damage|p2a: Rillaboom|89\/100\n|-damage|p2a: Rillaboom|77\/100\n|-damage|p2a: Rillaboom|67\/100\n|-damage|p2a: Rillaboom|55\/100\n|-damage|p2a: Rillaboom|44\/100\n|-damage|p2a: Rillaboom|34\/100\n|-damage|p2a: Rillaboom|22\/100\n|-damage|p2a: Rillaboom|12\/100\n|-damage|p2a: Rillaboom|0 fnt\n|faint|p2a: Rillaboom\n|-hitcount|p2: Rillaboom|9\n|move|p2b: Sinistcha|Life Dew|p2b: Sinistcha\n|-heal|p2b: Sinistcha|100\/100\n|move|p1a: Sinistcha|Shadow Ball|p2b: Sinistcha\n|-supereffective|p2b: Sinistcha\n|-damage|p2b: Sinistcha|10\/100\n|-enditem|p2b: Sinistcha|Sitrus Berry|[eat]\n|-heal|p2b: Sinistcha|35\/100|[from] item: Sitrus Berry\n|\n|-heal|p2b: Sinistcha|41\/100|[from] Grassy Terrain\n|-heal|p1a: Sinistcha|92\/100|[from] Grassy Terrain\n|upkeep\n|turn|5\n|-message|OvenfreshO1 forfeited.\n|\n|win|jeikono\n|raw|jeikono's rating: 1132 &rarr; <strong>1164<\/strong><br \/>(+32 for winning)\n|raw|OvenfreshO1's rating: 1233 &rarr; <strong>1201<\/strong><br \/>(-32 for losing)\n|l|\u2606OvenfreshO1\n","uploadtime":1700118311,"views":18,"p1id":"jeikono","p2id":"ovenfresho1","formatid":"gen9vgc2023regulatione","rating":1164,"private":0,"password":""}