{"id":"gen9vgc2023regulatione-1992378975","p1":"ChinaIsADummy","p2":"Beard387","format":"[Gen 9] VGC 2023 Regulation E","log":"|j|\u2606ChinaIsADummy\n|j|\u2606Beard387\n|t:|1700180733\n|gametype|doubles\n|player|p1|ChinaIsADummy|skierf|1082\n|player|p2|Beard387|biker|1119\n|teamsize|p1|6\n|teamsize|p2|6\n|gen|9\n|tier|[Gen 9] VGC 2023 Regulation E\n|rated|\n|rule|Species Clause: Limit one of each Pok\u00e9mon\n|rule|Item Clause: Limit one of each item\n|clearpoke\n|poke|p1|Pikachu-Kalos, L50, M|\n|poke|p1|Zapdos, L50|\n|poke|p1|Landorus-Therian, L50, M|\n|poke|p1|Dipplin, L50, M|\n|poke|p1|Espathra, L50, F|\n|poke|p1|Ogerpon-Wellspring, L50, F|\n|poke|p2|Weezing, L50, F|\n|poke|p2|Landorus, L50, M|\n|poke|p2|Hippowdon, L50, F|\n|poke|p2|Roaring Moon, L50|\n|poke|p2|Tatsugiri, L50, F|\n|poke|p2|Slaking, L50, F|\n|teampreview|4\n|inactive|Battle timer is ON: inactive players will automatically lose when time's up. (requested by Beard387)\n|inactive|ChinaIsADummy also wants the timer to be on.\n|inactive|ChinaIsADummy has 60 seconds left.\n|inactive|Beard387 has 60 seconds left.\n|\n|t:|1700180786\n|start\n|switch|p1a: Dipplin|Dipplin, L50, M|100\/100\n|switch|p1b: Espathra|Espathra, L50, F|100\/100\n|switch|p2a: Landorus|Landorus, L50, M|100\/100\n|switch|p2b: Hippowdon|Hippowdon, L50, F|100\/100\n|-weather|Sandstorm|[from] ability: Sand Stream|[of] p2b: Hippowdon\n|-ability|p1a: Dipplin|Supersweet Syrup\n|-ability|p1a: Dipplin|Supersweet Syrup|boost\n|-unboost|p2a: Landorus|evasion|1\n|-unboost|p2b: Hippowdon|evasion|1\n|turn|1\n|inactive|ChinaIsADummy has 30 seconds left.\n|inactive|Beard387 has 30 seconds left.\n|\n|t:|1700180816\n|move|p2a: Landorus|Rock Slide|p1b: Espathra|[spread] p1a,p1b\n|-damage|p1a: Dipplin|87\/100\n|-damage|p1b: Espathra|59\/100\n|move|p1b: Espathra|Hypnosis|p2a: Landorus\n|-status|p2a: Landorus|slp|[from] move: Hypnosis\n|move|p2b: Hippowdon|Stealth Rock|p1b: Espathra\n|-sidestart|p1: ChinaIsADummy|move: Stealth Rock\n|move|p1a: Dipplin|Syrup Bomb|p2b: Hippowdon\n|-supereffective|p2b: Hippowdon\n|-damage|p2b: Hippowdon|56\/100\n|-start|p2b: Hippowdon|Syrup Bomb\n|\n|-weather|Sandstorm|[upkeep]\n|-damage|p1b: Espathra|53\/100|[from] Sandstorm\n|-damage|p1a: Dipplin|81\/100|[from] Sandstorm\n|-unboost|p2b: Hippowdon|spe|1\n|-ability|p1b: Espathra|Speed Boost|boost\n|-boost|p1b: Espathra|spe|1\n|upkeep\n|turn|2\n|inactive|Beard387 has 30 seconds left.\n|inactive|ChinaIsADummy has 30 seconds left.\n|\n|t:|1700180848\n|switch|p2a: Roaring Moon|Roaring Moon, L50|100\/100\n|-enditem|p2a: Roaring Moon|Booster Energy\n|-activate|p2a: Roaring Moon|ability: Protosynthesis|[fromitem]\n|-start|p2a: Roaring Moon|protosynthesisspe\n|move|p1b: Espathra|Dazzling Gleam|p2a: Roaring Moon|[spread] p2a,p2b\n|-supereffective|p2a: Roaring Moon\n|-damage|p2a: Roaring Moon|38\/100\n|-damage|p2b: Hippowdon|36\/100\n|move|p1a: Dipplin|Syrup Bomb|p2b: Hippowdon\n|-supereffective|p2b: Hippowdon\n|-damage|p2b: Hippowdon|0 fnt\n|faint|p2b: Hippowdon\n|\n|-weather|Sandstorm|[upkeep]\n|-damage|p2a: Roaring Moon|32\/100|[from] Sandstorm\n|-damage|p1b: Espathra|47\/100|[from] Sandstorm\n|-damage|p1a: Dipplin|75\/100|[from] Sandstorm\n|-ability|p1b: Espathra|Speed Boost|boost\n|-boost|p1b: Espathra|spe|1\n|upkeep\n|\n|t:|1700180869\n|switch|p2b: Weezing|Weezing, L50, F|100\/100\n|-ability|p2b: Weezing|Neutralizing Gas\n|turn|3\n|inactive|Beard387 has 30 seconds left.\n|inactive|Beard387 has 20 seconds left.\n|\n|t:|1700180907\n|-terastallize|p2a: Roaring Moon|Flying\n|move|p1b: Espathra|Protect|p1b: Espathra\n|-singleturn|p1b: Espathra|Protect\n|move|p2a: Roaring Moon|Acrobatics|p1a: Dipplin\n|-supereffective|p1a: Dipplin\n|-damage|p1a: Dipplin|13\/100\n|move|p2b: Weezing|Will-O-Wisp|p1b: Espathra\n|-activate|p1b: Espathra|move: Protect\n|move|p1a: Dipplin|Dragon Pulse|p2b: Weezing\n|-damage|p2b: Weezing|74\/100\n|\n|-weather|Sandstorm|[upkeep]\n|-damage|p1b: Espathra|41\/100|[from] Sandstorm\n|-damage|p2a: Roaring Moon|26\/100|[from] Sandstorm\n|-damage|p2b: Weezing|69\/100|[from] Sandstorm\n|-damage|p1a: Dipplin|7\/100|[from] Sandstorm\n|upkeep\n|turn|4\n|inactive|ChinaIsADummy has 30 seconds left.\n|inactive|Beard387 has 30 seconds left.\n|\n|t:|1700180942\n|move|p1b: Espathra|Lumina Crash|p2a: Roaring Moon\n|-damage|p2a: Roaring Moon|0 fnt\n|faint|p2a: Roaring Moon\n|-end|p2a: Roaring Moon|Protosynthesis|[silent]\n|move|p2b: Weezing|Sludge Bomb|p1b: Espathra\n|-damage|p1b: Espathra|0 fnt\n|faint|p1b: Espathra\n|move|p1a: Dipplin|Dragon Pulse|p2b: Weezing\n|-damage|p2b: Weezing|42\/100\n|\n|-weather|Sandstorm|[upkeep]\n|-damage|p2b: Weezing|37\/100|[from] Sandstorm\n|-damage|p1a: Dipplin|1\/100|[from] Sandstorm\n|upkeep\n|\n|t:|1700180959\n|switch|p2a: Landorus|Landorus, L50, M|100\/100 slp\n|switch|p1b: Landorus|Landorus-Therian, L50, M, shiny|100\/100\n|-damage|p1b: Landorus|88\/100|[from] Stealth Rock\n|turn|5\n|\n|t:|1700180983\n|cant|p2a: Landorus|slp\n|move|p1b: Landorus|Stomping Tantrum|p2b: Weezing\n|-supereffective|p2b: Weezing\n|-damage|p2b: Weezing|0 fnt\n|-damage|p1b: Landorus|72\/100|[from] item: Rocky Helmet|[of] p2b: Weezing\n|faint|p2b: Weezing\n|-end|p2b: Weezing|ability: Neutralizing Gas\n|-ability|p1b: Landorus|Intimidate|boost\n|-unboost|p2a: Landorus|atk|1\n|move|p1a: Dipplin|Syrup Bomb|p2a: Landorus\n|-damage|p2a: Landorus|72\/100 slp\n|-start|p2a: Landorus|Syrup Bomb\n|\n|-weather|none\n|-unboost|p2a: Landorus|spe|1\n|upkeep\n|turn|6\n|inactive|ChinaIsADummy has 30 seconds left.\n|\n|t:|1700181010\n|switch|p1b: Pikachu|Pikachu-Kalos, L50, M|100\/100\n|-damage|p1b: Pikachu|89\/100|[from] Stealth Rock\n|-curestatus|p2a: Landorus|slp|[msg]\n|move|p2a: Landorus|Rock Slide|p1b: Pikachu|[spread] p1a,p1b\n|-damage|p1a: Dipplin|0 fnt\n|-damage|p1b: Pikachu|47\/100\n|faint|p1a: Dipplin\n|\n|-unboost|p2a: Landorus|spe|1\n|upkeep\n|\n|t:|1700181022\n|switch|p1a: Landorus|Landorus-Therian, L50, M, shiny|72\/100\n|-damage|p1a: Landorus|60\/100|[from] Stealth Rock\n|-ability|p1a: Landorus|Intimidate|boost\n|-unboost|p2a: Landorus|atk|1\n|turn|7\n|\n|t:|1700181031\n|-terastallize|p1b: Pikachu|Ice\n|move|p1a: Landorus|Rock Slide|p2a: Landorus\n|-damage|p2a: Landorus|33\/100\n|move|p1b: Pikachu|Tera Blast|p2a: Landorus|[anim] Tera Blast Ice\n|-supereffective|p2a: Landorus\n|-damage|p2a: Landorus|0 fnt\n|faint|p2a: Landorus\n|\n|win|ChinaIsADummy\n|raw|ChinaIsADummy's rating: 1082 &rarr; <strong>1113<\/strong><br \/>(+31 for winning)\n|raw|Beard387's rating: 1119 &rarr; <strong>1091<\/strong><br \/>(-28 for losing)\n|l|\u2606Beard387\n","uploadtime":1700181067,"views":22,"p1id":"chinaisadummy","p2id":"beard387","formatid":"gen9vgc2023regulatione","rating":1091,"private":0,"password":""}