{"id":"gen9vgc2023regulatione-1998941248","p1":"MattC (Banned)","p2":"National Unity","format":"[Gen 9] VGC 2023 Regulation E","log":"|j|\u2606MattC (Banned)\n|j|\u2606National Unity\n|t:|1701015751\n|gametype|doubles\n|player|p1|MattC (Banned)|gladion|\n|player|p2|National Unity|lady-gen4|\n|teamsize|p1|6\n|teamsize|p2|6\n|gen|9\n|tier|[Gen 9] VGC 2023 Regulation E\n|rated|Tournament battle\n|rule|Species Clause: Limit one of each Pok\u00e9mon\n|rule|Item Clause: Limit one of each item\n|clearpoke\n|poke|p1|Tornadus, L50, M|\n|poke|p1|Scream Tail, L50|\n|poke|p1|Iron Hands, L50|\n|poke|p1|Gholdengo, L50|\n|poke|p1|Landorus-Therian, L50, M|\n|poke|p1|Ogerpon-Wellspring, L50, F|\n|poke|p2|Landorus-Therian, L50, M|\n|poke|p2|Flutter Mane, L50|\n|poke|p2|Roaring Moon, L50|\n|poke|p2|Iron Hands, L50|\n|poke|p2|Urshifu-*, L50, M|\n|poke|p2|Amoonguss, L50, M|\n|teampreview|4\n|showteam|p1|Tornadus||MentalHerb|Prankster|BleakwindStorm,ScaryFace,Tailwind,Protect|||M|||50|,,,,,Ghost]Scream Tail||BoosterEnergy|Protosynthesis|PsychicFangs,Disable,Encore,Protect||||||50|,,,,,Grass]Iron Hands||AssaultVest|QuarkDrive|DrainPunch,HeavySlam,VoltSwitch,FakeOut||||||50|,,,,,Fire]Gholdengo||Leftovers|GoodasGold|MakeItRain,ShadowBall,NastyPlot,Protect||||||50|,,,,,Dragon]Landorus-Therian||ChoiceScarf|Intimidate|StompingTantrum,RockSlide,TeraBlast,Uturn|||M|||50|,,,,,Flying]Ogerpon-Wellspring||WellspringMask|WaterAbsorb|IvyCudgel,HornLeech,FollowMe,SpikyShield|||F|||50|,,,,,Water\n|showteam|p2|Landorus-Therian||ChoiceScarf|Intimidate|StompingTantrum,RockSlide,Uturn,TeraBlast|||M|||50|,,,,,Flying]Flutter Mane||ChoiceSpecs|Protosynthesis|DazzlingGleam,ShadowBall,MysticalFire,PowerGem||||||50|,,,,,Fairy]Roaring Moon||BoosterEnergy|Protosynthesis|KnockOff,Acrobatics,BreakingSwipe,Tailwind||||||50|,,,,,Flying]Iron Hands||AssaultVest|QuarkDrive|WildCharge,DrainPunch,FakeOut,IcePunch||||||50|,,,,,Grass]Urshifu-Rapid-Strike||ChoiceBand|UnseenFist|SurgingStrikes,CloseCombat,AquaJet,IceSpinner|||M|||50|,,,,,Water]Amoonguss||RockyHelmet|Regenerator|Spore,PollenPuff,RagePowder,FoulPlay|||M|||50|,,,,,Water\n|j|%Radio Free C-Side\n|c|\u2606MattC (Banned)|glhf\n|\n|t:|1701015828\n|start\n|switch|p1a: Iron Hands|Iron Hands, L50|100\/100\n|switch|p1b: Gholdengo|Gholdengo, L50|100\/100\n|switch|p2a: Roaring Moon|Roaring Moon, L50|100\/100\n|switch|p2b: Landorus|Landorus-Therian, L50, M|100\/100\n|-ability|p2b: Landorus|Intimidate|boost\n|-unboost|p1a: Iron Hands|atk|1\n|-unboost|p1b: Gholdengo|atk|1\n|-enditem|p2a: Roaring Moon|Booster Energy\n|-activate|p2a: Roaring Moon|ability: Protosynthesis|[fromitem]\n|-start|p2a: Roaring Moon|protosynthesisspe\n|turn|1\n|\n|t:|1701015875\n|switch|p1b: Scream Tail|Scream Tail, L50|100\/100\n|-enditem|p1b: Scream Tail|Booster Energy\n|-activate|p1b: Scream Tail|ability: Protosynthesis|[fromitem]\n|-start|p1b: Scream Tail|protosynthesisspe\n|move|p2a: Roaring Moon|Knock Off|p1b: Scream Tail\n|-damage|p1b: Scream Tail|72\/100\n|move|p2b: Landorus|Stomping Tantrum|p1b: Scream Tail\n|-damage|p1b: Scream Tail|41\/100\n|move|p1a: Iron Hands|Drain Punch|p2a: Roaring Moon\n|-supereffective|p2a: Roaring Moon\n|-damage|p2a: Roaring Moon|41\/100\n|\n|upkeep\n|turn|2\n|\n|t:|1701015900\n|switch|p2b: Flutter Mane|Flutter Mane, L50|100\/100\n|move|p2a: Roaring Moon|Tailwind|p2a: Roaring Moon\n|-sidestart|p2: National Unity|move: Tailwind\n|move|p1b: Scream Tail|Disable||[still]\n|-fail|p1b: Scream Tail\n|move|p1a: Iron Hands|Volt Switch|p2a: Roaring Moon\n|-resisted|p2a: Roaring Moon\n|-damage|p2a: Roaring Moon|35\/100\n|\n|t:|1701015909\n|-end|p1a: Iron Hands|Quark Drive|[silent]\n|switch|p1a: Gholdengo|Gholdengo, L50|100\/100|[from] Volt Switch\n|\n|upkeep\n|turn|3\n|\n|t:|1701015921\n|-terastallize|p2b: Flutter Mane|Fairy\n|move|p1b: Scream Tail|Protect|p1b: Scream Tail\n|-singleturn|p1b: Scream Tail|Protect\n|move|p1a: Gholdengo|Protect|p1a: Gholdengo\n|-singleturn|p1a: Gholdengo|Protect\n|move|p2a: Roaring Moon|Knock Off|p1a: Gholdengo\n|-activate|p1a: Gholdengo|move: Protect\n|move|p2b: Flutter Mane|Dazzling Gleam|p1b: Scream Tail|[spread] \n|-activate|p1a: Gholdengo|move: Protect\n|-activate|p1b: Scream Tail|move: Protect\n|\n|upkeep\n|turn|4\n|c|\u2606MattC (Banned)|shit uum\n|\n|t:|1701015957\n|-end|p1b: Scream Tail|Protosynthesis|[silent]\n|switch|p1b: Iron Hands|Iron Hands, L50|100\/100\n|move|p2a: Roaring Moon|Breaking Swipe|p1b: Iron Hands|[spread] p1a,p1b\n|-resisted|p1a: Gholdengo\n|-damage|p1a: Gholdengo|90\/100\n|-damage|p1b: Iron Hands|85\/100\n|-unboost|p1a: Gholdengo|atk|1\n|-unboost|p1b: Iron Hands|atk|1\n|move|p2b: Flutter Mane|Dazzling Gleam|p1a: Gholdengo|[spread] p1a,p1b\n|-resisted|p1a: Gholdengo\n|-supereffective|p1b: Iron Hands\n|-damage|p1a: Gholdengo|63\/100\n|-damage|p1b: Iron Hands|25\/100\n|move|p1a: Gholdengo|Make It Rain|p2a: Roaring Moon|[spread] p2a,p2b\n|-supereffective|p2b: Flutter Mane\n|-damage|p2a: Roaring Moon|0 fnt\n|-damage|p2b: Flutter Mane|19\/100\n|-unboost|p1a: Gholdengo|spa|1\n|faint|p2a: Roaring Moon\n|-end|p2a: Roaring Moon|Protosynthesis|[silent]\n|\n|-heal|p1a: Gholdengo|69\/100|[from] item: Leftovers\n|upkeep\n|c|\u2606MattC (Banned)|yessss\n|\n|t:|1701015978\n|switch|p2a: Landorus|Landorus-Therian, L50, M|100\/100\n|-ability|p2a: Landorus|Intimidate|boost\n|-unboost|p1a: Gholdengo|atk|1\n|-unboost|p1b: Iron Hands|atk|1\n|turn|5\n|\n|t:|1701015994\n|-end|p2b: Flutter Mane|Protosynthesis|[silent]\n|switch|p2b: Iron Hands|Iron Hands, L50|100\/100\n|switch|p1a: Ogerpon|Ogerpon-Wellspring, L50, F|100\/100\n|move|p1b: Iron Hands|Fake Out|p2b: Iron Hands\n|-damage|p2b: Iron Hands|96\/100\n|move|p2a: Landorus|Stomping Tantrum|p1b: Iron Hands\n|-supereffective|p1b: Iron Hands\n|-damage|p1b: Iron Hands|0 fnt\n|faint|p1b: Iron Hands\n|-end|p1b: Iron Hands|Quark Drive|[silent]\n|\n|-sideend|p2: National Unity|move: Tailwind\n|upkeep\n|\n|t:|1701016004\n|switch|p1b: Gholdengo|Gholdengo, L50|69\/100\n|turn|6\n|\n|t:|1701016058\n|-end|p2b: Iron Hands|Quark Drive|[silent]\n|switch|p2b: Flutter Mane|Flutter Mane, L50, tera:Fairy|19\/100\n|move|p1a: Ogerpon|Spiky Shield|p1a: Ogerpon\n|-singleturn|p1a: Ogerpon|move: Protect\n|move|p1b: Gholdengo|Protect|p1b: Gholdengo\n|-singleturn|p1b: Gholdengo|Protect\n|move|p2a: Landorus|Stomping Tantrum|p1b: Gholdengo\n|-activate|p1b: Gholdengo|move: Protect\n|\n|-heal|p1b: Gholdengo|75\/100|[from] item: Leftovers\n|upkeep\n|turn|7\n|\n|t:|1701016074\n|move|p1a: Ogerpon|Follow Me|p1a: Ogerpon\n|-singleturn|p1a: Ogerpon|move: Follow Me\n|move|p2a: Landorus|Stomping Tantrum|p1a: Ogerpon\n|-resisted|p1a: Ogerpon\n|-damage|p1a: Ogerpon|80\/100\n|move|p2b: Flutter Mane|Dazzling Gleam|p1a: Ogerpon|[spread] p1a,p1b\n|-resisted|p1b: Gholdengo\n|-damage|p1a: Ogerpon|34\/100\n|-damage|p1b: Gholdengo|48\/100\n|move|p1b: Gholdengo|Make It Rain|p2a: Landorus|[spread] p2a,p2b\n|-supereffective|p2b: Flutter Mane\n|-damage|p2a: Landorus|44\/100\n|-damage|p2b: Flutter Mane|0 fnt\n|-unboost|p1b: Gholdengo|spa|1\n|faint|p2b: Flutter Mane\n|-end|p2b: Flutter Mane|Protosynthesis|[silent]\n|\n|-heal|p1b: Gholdengo|54\/100|[from] item: Leftovers\n|upkeep\n|\n|t:|1701016091\n|switch|p2b: Iron Hands|Iron Hands, L50|96\/100\n|turn|8\n|\n|t:|1701016113\n|switch|p1b: Scream Tail|Scream Tail, L50|41\/100\n|move|p1a: Ogerpon|Spiky Shield|p1a: Ogerpon\n|-singleturn|p1a: Ogerpon|move: Protect\n|move|p2a: Landorus|Stomping Tantrum|p1b: Scream Tail\n|-damage|p1b: Scream Tail|8\/100\n|move|p2b: Iron Hands|Wild Charge|p1b: Scream Tail\n|-damage|p1b: Scream Tail|0 fnt\n|faint|p1b: Scream Tail\n|-end|p1b: Scream Tail|Protosynthesis|[silent]\n|-damage|p2b: Iron Hands|94\/100|[from] Recoil\n|\n|upkeep\n|\n|t:|1701016121\n|switch|p1b: Gholdengo|Gholdengo, L50|54\/100\n|turn|9\n|\n|t:|1701016160\n|move|p1b: Gholdengo|Protect|p1b: Gholdengo\n|-singleturn|p1b: Gholdengo|Protect\n|move|p2a: Landorus|Stomping Tantrum|p1b: Gholdengo\n|-activate|p1b: Gholdengo|move: Protect\n|move|p1a: Ogerpon|Ivy Cudgel|p2a: Landorus|[anim] Ivy Cudgel Water\n|-supereffective|p2a: Landorus\n|-damage|p2a: Landorus|0 fnt\n|faint|p2a: Landorus\n|move|p2b: Iron Hands|Ice Punch|p1b: Gholdengo\n|-activate|p1b: Gholdengo|move: Protect\n|\n|-heal|p1b: Gholdengo|60\/100|[from] item: Leftovers\n|upkeep\n|turn|10\n|j| pokeveteran04\n|\n|t:|1701016200\n|move|p1a: Ogerpon|Ivy Cudgel|p2b: Iron Hands|[anim] Ivy Cudgel Water\n|-damage|p2b: Iron Hands|58\/100\n|move|p1b: Gholdengo|Nasty Plot|p1b: Gholdengo\n|-boost|p1b: Gholdengo|spa|2\n|move|p2b: Iron Hands|Wild Charge|p1a: Ogerpon\n|-damage|p1a: Ogerpon|0 fnt\n|faint|p1a: Ogerpon\n|-damage|p2b: Iron Hands|52\/100|[from] Recoil\n|\n|-heal|p1b: Gholdengo|66\/100|[from] item: Leftovers\n|upkeep\n|turn|11\n|\n|t:|1701016214\n|move|p1b: Gholdengo|Protect|p1b: Gholdengo\n|-singleturn|p1b: Gholdengo|Protect\n|move|p2b: Iron Hands|Ice Punch|p1b: Gholdengo\n|-activate|p1b: Gholdengo|move: Protect\n|\n|-heal|p1b: Gholdengo|73\/100|[from] item: Leftovers\n|upkeep\n|turn|12\n|c|\u2606MattC (Banned)|oh man\n|\n|t:|1701016224\n|move|p1b: Gholdengo|Shadow Ball|p2b: Iron Hands\n|-damage|p2b: Iron Hands|2\/100\n|-unboost|p2b: Iron Hands|spd|1\n|move|p2b: Iron Hands|Wild Charge|p1b: Gholdengo\n|-damage|p1b: Gholdengo|18\/100\n|-damage|p2b: Iron Hands|0 fnt|[from] Recoil\n|faint|p2b: Iron Hands\n|-end|p2b: Iron Hands|Quark Drive|[silent]\n|\n|win|MattC (Banned)\n|n|\u2606MattC (Banned)|mattcbanned\n|n|\u2606National Unity|nationalunity\n|n| Radio Free C-Side|radiofreecside\n|n| pokeveteran04|pokeveteran04\n|c|\u2606MattC (Banned)|gg\n|l| Radio Free C-Side\n|l|\u2606MattC (Banned)\n|l| pokeveteran04\n","uploadtime":1701016234,"views":4,"p1id":"mattcbanned","p2id":"nationalunity","formatid":"gen9vgc2023regulatione","rating":0,"private":0,"password":""}