{"id":"gen9vgc2023regulatione-2000567120","p1":"Jack00VGC","p2":"jxnh","format":"[Gen 9] VGC 2023 Regulation E","log":"|j|\u2606Jack00VGC\n|j|\u2606jxnh\n|t:|1701206015\n|gametype|doubles\n|player|p1|Jack00VGC|alder|1180\n|player|p2|jxnh|1|1222\n|teamsize|p1|6\n|teamsize|p2|6\n|gen|9\n|tier|[Gen 9] VGC 2023 Regulation E\n|rated|\n|rule|Species Clause: Limit one of each Pok\u00e9mon\n|rule|Item Clause: Limit one of each item\n|clearpoke\n|poke|p1|Toxicroak, L50, F|\n|poke|p1|Politoed, L50, M|\n|poke|p1|Iron Hands, L50|\n|poke|p1|Sinistcha, L50|\n|poke|p1|Gyarados, L50, M|\n|poke|p1|Gholdengo, L50|\n|poke|p2|Tornadus, L50, M|\n|poke|p2|Urshifu-*, L50, M|\n|poke|p2|Arcanine-Hisui, L50, F|\n|poke|p2|Iron Hands, L50|\n|poke|p2|Sinistcha, L50|\n|poke|p2|Gholdengo, L50|\n|teampreview|4\n|inactive|Battle timer is ON: inactive players will automatically lose when time's up. (requested by Jack00VGC)\nJack00VGC rejected open team sheets.\n|inactive|Jack00VGC has 60 seconds left.\n|inactive|jxnh has 60 seconds left.\n|\n|t:|1701206058\n|start\n|switch|p1a: Gholdengo|Gholdengo, L50|100\/100\n|switch|p1b: Politoed|Politoed, L50, M|100\/100\n|switch|p2a: Tornadus|Tornadus, L50, M|100\/100\n|switch|p2b: Sinistcha|Sinistcha, L50|100\/100\n|-weather|RainDance|[from] ability: Drizzle|[of] p1b: Politoed\n|turn|1\n|\n|t:|1701206080\n|move|p2a: Tornadus|Tailwind|p2a: Tornadus\n|-sidestart|p2: jxnh|move: Tailwind\n|move|p1a: Gholdengo|Trick|p2a: Tornadus\n|-activate|p1a: Gholdengo|move: Trick|[of] p2a: Tornadus\n|-item|p2a: Tornadus|Choice Scarf|[from] move: Trick\n|-item|p1a: Gholdengo|Sitrus Berry|[from] move: Trick\n|move|p2b: Sinistcha|Matcha Gotcha|p1b: Politoed|[spread] p1a,p1b\n|-resisted|p1a: Gholdengo\n|-supereffective|p1b: Politoed\n|-damage|p1a: Gholdengo|86\/100\n|-damage|p1b: Politoed|57\/100\n|move|p1b: Politoed|Icy Wind|p2a: Tornadus|[spread] p2a,p2b\n|-supereffective|p2a: Tornadus\n|-supereffective|p2b: Sinistcha\n|-crit|p2b: Sinistcha\n|-damage|p2a: Tornadus|83\/100\n|-damage|p2b: Sinistcha|75\/100\n|-unboost|p2a: Tornadus|spe|1\n|-unboost|p2b: Sinistcha|spe|1\n|\n|-weather|RainDance|[upkeep]\n|upkeep\n|turn|2\n|inactive|Jack00VGC has 30 seconds left.\n|inactive|jxnh has 30 seconds left.\n|inactive|jxnh has 20 seconds left.\n|inactive|Jack00VGC has 20 seconds left.\n|inactive|jxnh has 15 seconds left.\n|\n|t:|1701206122\n|move|p1b: Politoed|Protect|p1b: Politoed\n|-singleturn|p1b: Politoed|Protect\n|move|p2a: Tornadus|Bleakwind Storm|p1b: Politoed|[spread] p1a\n|-activate|p1b: Politoed|move: Protect\n|-resisted|p1a: Gholdengo\n|-damage|p1a: Gholdengo|66\/100\n|move|p1a: Gholdengo|Shadow Ball|p2b: Sinistcha\n|-supereffective|p2b: Sinistcha\n|-damage|p2b: Sinistcha|0 fnt\n|faint|p2b: Sinistcha\n|\n|-weather|RainDance|[upkeep]\n|upkeep\n|\n|t:|1701206136\n|switch|p2b: Iron Hands|Iron Hands, L50|100\/100\n|turn|3\n|\n|t:|1701206154\n|move|p2a: Tornadus|Bleakwind Storm|p1b: Politoed|[spread] p1a,p1b\n|-resisted|p1a: Gholdengo\n|-damage|p1a: Gholdengo|45\/100\n|-damage|p1b: Politoed|26\/100\n|-unboost|p1b: Politoed|spe|1\n|-enditem|p1a: Gholdengo|Sitrus Berry|[eat]\n|-heal|p1a: Gholdengo|70\/100|[from] item: Sitrus Berry\n|-enditem|p1b: Politoed|Sitrus Berry|[eat]\n|-heal|p1b: Politoed|51\/100|[from] item: Sitrus Berry\n|move|p2b: Iron Hands|Wild Charge|p1b: Politoed\n|-supereffective|p1b: Politoed\n|-damage|p1b: Politoed|0 fnt\n|faint|p1b: Politoed\n|-damage|p2b: Iron Hands|91\/100|[from] Recoil\n|move|p1a: Gholdengo|Shadow Ball|p2b: Iron Hands\n|-damage|p2b: Iron Hands|70\/100\n|-unboost|p2b: Iron Hands|spd|1\n|\n|-weather|RainDance|[upkeep]\n|upkeep\n|\n|t:|1701206173\n|switch|p1b: Sinistcha|Sinistcha, L50|100\/100\n|-heal|p1a: Gholdengo|94\/100|[from] ability: Hospitality|[of] p1b: Sinistcha\n|turn|4\n|\n|t:|1701206197\n|move|p2a: Tornadus|Bleakwind Storm|p1b: Sinistcha|[spread] p1a,p1b\n|-resisted|p1a: Gholdengo\n|-supereffective|p1b: Sinistcha\n|-damage|p1a: Gholdengo|74\/100\n|-damage|p1b: Sinistcha|36\/100\n|move|p2b: Iron Hands|Heavy Slam|p1a: Gholdengo\n|-resisted|p1a: Gholdengo\n|-damage|p1a: Gholdengo|49\/100\n|move|p1a: Gholdengo|Trick|p2a: Tornadus\n|-activate|p1a: Gholdengo|move: Trick|[of] p2a: Tornadus\n|-enditem|p2a: Tornadus|Choice Scarf|[silent]|[from] move: Trick\n|-item|p1a: Gholdengo|Choice Scarf|[from] move: Trick\n|move|p1b: Sinistcha|Strength Sap|p2b: Iron Hands\n|-unboost|p2b: Iron Hands|atk|1\n|-heal|p1b: Sinistcha|100\/100\n|\n|-weather|RainDance|[upkeep]\n|-sideend|p2: jxnh|move: Tailwind\n|upkeep\n|turn|5\n|inactive|Jack00VGC has 30 seconds left.\n|inactive|Jack00VGC has 20 seconds left.\n|inactive|jxnh has 30 seconds left.\n|\n|t:|1701206236\n|move|p2a: Tornadus|Tailwind|p2a: Tornadus\n|-sidestart|p2: jxnh|move: Tailwind\n|move|p1a: Gholdengo|Thunderbolt|p2a: Tornadus\n|-supereffective|p2a: Tornadus\n|-damage|p2a: Tornadus|24\/100\n|move|p2b: Iron Hands|Heavy Slam|p1a: Gholdengo\n|-resisted|p1a: Gholdengo\n|-damage|p1a: Gholdengo|33\/100\n|move|p1b: Sinistcha|Trick Room|p1b: Sinistcha\n|-fieldstart|move: Trick Room|[of] p1b: Sinistcha\n|\n|-weather|none\n|upkeep\n|turn|6\n|\n|t:|1701206255\n|move|p2a: Tornadus|Protect|p2a: Tornadus\n|-singleturn|p2a: Tornadus|Protect\n|move|p1b: Sinistcha|Strength Sap|p2b: Iron Hands\n|-unboost|p2b: Iron Hands|atk|1\n|move|p2b: Iron Hands|Wild Charge|p1a: Gholdengo\n|-crit|p1a: Gholdengo\n|-damage|p1a: Gholdengo|0 fnt\n|faint|p1a: Gholdengo\n|-damage|p2b: Iron Hands|64\/100|[from] Recoil\n|\n|upkeep\n|\n|t:|1701206265\n|switch|p1a: Gyarados|Gyarados, L50, M|100\/100\n|-ability|p1a: Gyarados|Intimidate|boost\n|-unboost|p2a: Tornadus|atk|1\n|-unboost|p2b: Iron Hands|atk|1\n|turn|7\n|\n|t:|1701206280\n|-terastallize|p1a: Gyarados|Grass\n|move|p1b: Sinistcha|Matcha Gotcha|p2b: Iron Hands|[spread] p2a,p2b\n|-resisted|p2a: Tornadus\n|-damage|p2a: Tornadus|11\/100\n|-damage|p2b: Iron Hands|47\/100\n|move|p1a: Gyarados|Waterfall|p2a: Tornadus\n|-damage|p2a: Tornadus|0 fnt\n|faint|p2a: Tornadus\n|move|p2b: Iron Hands|Wild Charge|p1a: Gyarados\n|-resisted|p1a: Gyarados\n|-damage|p1a: Gyarados|91\/100\n|-damage|p2b: Iron Hands|45\/100|[from] Recoil\n|\n|upkeep\n|\n|t:|1701206295\n|switch|p2a: Urshifu|Urshifu-Rapid-Strike, L50, M|100\/100\n|turn|8\n|\n|t:|1701206315\n|-terastallize|p2b: Iron Hands|Poison\n|move|p1b: Sinistcha|Matcha Gotcha|p2a: Urshifu|[spread] p2a,p2b\n|-supereffective|p2a: Urshifu\n|-resisted|p2b: Iron Hands\n|-damage|p2a: Urshifu|38\/100\n|-damage|p2b: Iron Hands|34\/100\n|move|p1a: Gyarados|Thunder Wave|p2a: Urshifu|[miss]\n|-miss|p1a: Gyarados|p2a: Urshifu\n|move|p2b: Iron Hands|Heavy Slam|p1b: Sinistcha\n|-damage|p1b: Sinistcha|85\/100\n|-damage|p2b: Iron Hands|18\/100|[from] item: Rocky Helmet|[of] p1b: Sinistcha\n|move|p2a: Urshifu|Ice Spinner|p1b: Sinistcha\n|-supereffective|p1b: Sinistcha\n|-damage|p1b: Sinistcha|27\/100\n|-damage|p2a: Urshifu|21\/100|[from] item: Rocky Helmet|[of] p1b: Sinistcha\n|\n|-sideend|p2: jxnh|move: Tailwind\n|upkeep\n|turn|9\n|inactive|jxnh has 30 seconds left.\n|inactive|jxnh has 20 seconds left.\n|inactive|jxnh has 15 seconds left.\n|inactive|jxnh has 10 seconds left.\n|inactive|jxnh has 5 seconds left.\n|\n|t:|1701206370\n|move|p2b: Iron Hands|Drain Punch|p1b: Sinistcha\n|-immune|p1b: Sinistcha\n|move|p1b: Sinistcha|Matcha Gotcha|p2a: Urshifu|[spread] p2a,p2b\n|-supereffective|p2a: Urshifu\n|-resisted|p2b: Iron Hands\n|-damage|p2a: Urshifu|0 fnt\n|-heal|p1b: Sinistcha|38\/100|[from] drain|[of] p2a: Urshifu\n|-damage|p2b: Iron Hands|8\/100\n|-heal|p1b: Sinistcha|45\/100|[from] drain|[of] p2b: Iron Hands\n|-status|p2b: Iron Hands|brn\n|faint|p2a: Urshifu\n|move|p1a: Gyarados|Waterfall|p2b: Iron Hands\n|-damage|p2b: Iron Hands|0 fnt\n|faint|p2b: Iron Hands\n|-end|p2b: Iron Hands|Quark Drive|[silent]\n|\n|win|Jack00VGC\n|raw|Jack00VGC's rating: 1180 &rarr; <strong>1208<\/strong><br \/>(+28 for winning)\n|raw|jxnh's rating: 1222 &rarr; <strong>1194<\/strong><br \/>(-28 for losing)\n","uploadtime":1701206386,"views":0,"p1id":"jack00vgc","p2id":"jxnh","formatid":"gen9vgc2023regulatione","rating":1194,"private":0,"password":""}