{"id":"gen9vgc2023regulatione-1989757593","p1":"Prf.Anu","p2":"Muk masters","format":"[Gen 9] VGC 2023 Regulation E","log":"|j|\u2606Prf.Anu\n|j|\u2606Muk masters\n|t:|1699893191\n|gametype|doubles\n|player|p1|Prf.Anu|unknown|1171\n|player|p2|Muk masters|170|1121\n|teamsize|p1|6\n|teamsize|p2|6\n|gen|9\n|tier|[Gen 9] VGC 2023 Regulation E\n|rated|\n|rule|Species Clause: Limit one of each Pok\u00e9mon\n|rule|Item Clause: Limit one of each item\n|clearpoke\n|poke|p1|Urshifu-*, L50, F|\n|poke|p1|Roaring Moon, L50|\n|poke|p1|Weezing-Galar, L50, F|\n|poke|p1|Landorus-Therian, L50, M|\n|poke|p1|Ogerpon-Wellspring, L50, F|\n|poke|p1|Grimmsnarl, L50, M|\n|poke|p2|Golduck, L50, F|\n|poke|p2|Dondozo, L50, M|\n|poke|p2|Goodra-Hisui, L50, F|\n|poke|p2|Indeedee-F, L50, F|\n|poke|p2|Tatsugiri, L50, M|\n|poke|p2|Cresselia, L50, F|\n|teampreview|4\n|inactive|Battle timer is ON: inactive players will automatically lose when time's up. (requested by Prf.Anu)\n|\n|t:|1699893211\n|start\n|switch|p1a: Weezing|Weezing-Galar, L50, F|100\/100\n|switch|p1b: Grimmsnarl|Grimmsnarl, L50, M|100\/100\n|switch|p2a: Golduck|Golduck, L50, F, shiny|100\/100\n|switch|p2b: Indeedee|Indeedee-F, L50, F|100\/100\n|-ability|p1a: Weezing|Neutralizing Gas\n|turn|1\n|\n|t:|1699893232\n|move|p1a: Weezing|Protect|p1a: Weezing\n|-singleturn|p1a: Weezing|Protect\n|move|p2a: Golduck|Yawn|p1a: Weezing\n|-activate|p1a: Weezing|move: Protect\n|move|p2b: Indeedee|Calm Mind|p2b: Indeedee\n|-boost|p2b: Indeedee|spa|1\n|-boost|p2b: Indeedee|spd|1\n|move|p1b: Grimmsnarl|Light Screen|p1b: Grimmsnarl\n|-sidestart|p1: Prf.Anu|move: Light Screen\n|\n|upkeep\n|turn|2\n|inactive|Prf.Anu has 30 seconds left.\n|\n|t:|1699893263\n|move|p2a: Golduck|Ice Beam|p1a: Weezing\n|-damage|p1a: Weezing|84\/100\n|move|p2b: Indeedee|Calm Mind|p2b: Indeedee\n|-boost|p2b: Indeedee|spa|1\n|-boost|p2b: Indeedee|spd|1\n|move|p1b: Grimmsnarl|Thunder Wave|p2b: Indeedee\n|-status|p2b: Indeedee|par\n|move|p1a: Weezing|Sludge Bomb|p2b: Indeedee\n|-damage|p2b: Indeedee|85\/100 par\n|\n|-heal|p1a: Weezing|90\/100|[from] item: Black Sludge\n|upkeep\n|turn|3\n|inactive|Prf.Anu has 30 seconds left.\n|\n|t:|1699893290\n|move|p2a: Golduck|Yawn|p1b: Grimmsnarl\n|-start|p1b: Grimmsnarl|move: Yawn|[of] p2a: Golduck\n|move|p1a: Weezing|Will-O-Wisp|p2a: Golduck|[miss]\n|-miss|p1a: Weezing|p2a: Golduck\n|move|p1b: Grimmsnarl|Reflect|p1b: Grimmsnarl\n|-sidestart|p1: Prf.Anu|Reflect\n|move|p2b: Indeedee|Calm Mind|p2b: Indeedee\n|-boost|p2b: Indeedee|spa|1\n|-boost|p2b: Indeedee|spd|1\n|\n|-heal|p1a: Weezing|96\/100|[from] item: Black Sludge\n|upkeep\n|turn|4\n|inactive|Prf.Anu has 30 seconds left.\n|\n|t:|1699893319\n|-end|p1a: Weezing|ability: Neutralizing Gas\n|-fieldstart|move: Psychic Terrain|[from] ability: Psychic Surge|[of] p2b: Indeedee\n|-enditem|p2b: Indeedee|Psychic Seed\n|-boost|p2b: Indeedee|spd|1|[from] item: Psychic Seed\n|switch|p1a: Roaring Moon|Roaring Moon, L50|100\/100\n|-enditem|p1a: Roaring Moon|Booster Energy\n|-activate|p1a: Roaring Moon|ability: Protosynthesis|[fromitem]\n|-start|p1a: Roaring Moon|protosynthesisatk\n|move|p1b: Grimmsnarl|Thunder Wave|p2a: Golduck\n|-activate|p2a: Golduck|move: Psychic Terrain\n|move|p2a: Golduck|Yawn|p1a: Roaring Moon\n|-start|p1a: Roaring Moon|move: Yawn|[of] p2a: Golduck\n|move|p2b: Indeedee|Baton Pass|p2b: Indeedee\n|\n|t:|1699893332\n|switch|p2b: Goodra|Goodra-Hisui, L50, F|100\/100|[from] Baton Pass\n|\n|-damage|p2b: Goodra|88\/100|[from] item: Black Sludge\n|-end|p1b: Grimmsnarl|move: Yawn|[silent]\n|-status|p1b: Grimmsnarl|slp\n|upkeep\n|turn|5\n|\n|t:|1699893356\n|-terastallize|p1a: Roaring Moon|Flying\n|-terastallize|p2b: Goodra|Poison\n|cant|p1b: Grimmsnarl|slp\n|move|p1a: Roaring Moon|Acrobatics|p2a: Golduck\n|-damage|p2a: Golduck|0 fnt\n|faint|p2a: Golduck\n|move|p2b: Goodra|Shelter|p2b: Goodra\n|-boost|p2b: Goodra|def|2\n|\n|-heal|p2b: Goodra|94\/100|[from] item: Black Sludge\n|-end|p1a: Roaring Moon|move: Yawn|[silent]\n|-status|p1a: Roaring Moon|slp\n|-sideend|p1: Prf.Anu|move: Light Screen\n|upkeep\n|\n|t:|1699893369\n|switch|p2a: Cresselia|Cresselia, L50, F|100\/100\n|turn|6\n|\n|t:|1699893382\n|cant|p1b: Grimmsnarl|slp\n|cant|p1a: Roaring Moon|slp\n|move|p2a: Cresselia|Lunar Blessing|p2a: Cresselia|[spread] p2a,p2b\n|-heal|p2b: Goodra|100\/100\n|move|p2b: Goodra|Body Press|p1a: Roaring Moon\n|-resisted|p1a: Roaring Moon\n|-damage|p1a: Roaring Moon|81\/100 slp\n|\n|upkeep\n|turn|7\n|\n|t:|1699893397\n|-curestatus|p1b: Grimmsnarl|slp|[msg]\n|move|p1b: Grimmsnarl|Reflect||[still]\n|-fail|p1b: Grimmsnarl\n|cant|p1a: Roaring Moon|slp\n|move|p2a: Cresselia|Dazzling Gleam|p1b: Grimmsnarl|[spread] p1a,p1b\n|-supereffective|p1b: Grimmsnarl\n|-crit|p1b: Grimmsnarl\n|-damage|p1a: Roaring Moon|72\/100 slp\n|-damage|p1b: Grimmsnarl|70\/100\n|move|p2b: Goodra|Knock Off|p1a: Roaring Moon\n|-damage|p1a: Roaring Moon|60\/100 slp\n|\n|-sideend|p1: Prf.Anu|Reflect\n|upkeep\n|turn|8\n|\n|t:|1699893418\n|move|p1b: Grimmsnarl|Light Screen|p1b: Grimmsnarl\n|-sidestart|p1: Prf.Anu|move: Light Screen\n|cant|p1a: Roaring Moon|slp\n|move|p2a: Cresselia|Dazzling Gleam|p1b: Grimmsnarl|[spread] p1a,p1b\n|-supereffective|p1b: Grimmsnarl\n|-damage|p1a: Roaring Moon|54\/100 slp\n|-damage|p1b: Grimmsnarl|58\/100\n|move|p2b: Goodra|Shelter|p2b: Goodra\n|-boost|p2b: Goodra|def|2\n|\n|-fieldend|move: Psychic Terrain\n|upkeep\n|turn|9\n|\n|t:|1699893439\n|switch|p2a: Indeedee|Indeedee-F, L50, F|85\/100 par\n|-fieldstart|move: Psychic Terrain|[from] ability: Psychic Surge|[of] p2a: Indeedee\n|move|p1b: Grimmsnarl|Thunder Wave|p2a: Indeedee\n|-activate|p2a: Indeedee|move: Psychic Terrain\n|-curestatus|p1a: Roaring Moon|slp|[msg]\n|move|p1a: Roaring Moon|Tailwind|p1a: Roaring Moon\n|-sidestart|p1: Prf.Anu|move: Tailwind\n|move|p2b: Goodra|Body Press|p1b: Grimmsnarl\n|-damage|p1b: Grimmsnarl|0 fnt\n|-damage|p2b: Goodra|84\/100|[from] item: Rocky Helmet|[of] p1b: Grimmsnarl\n|faint|p1b: Grimmsnarl\n|\n|-heal|p2b: Goodra|90\/100|[from] item: Black Sludge\n|upkeep\n|\n|t:|1699893445\n|switch|p1b: Ogerpon|Ogerpon-Wellspring, L50, F|100\/100\n|turn|10\n|\n|t:|1699893464\n|move|p1b: Ogerpon|Spiky Shield|p1b: Ogerpon\n|-singleturn|p1b: Ogerpon|move: Protect\n|move|p2a: Indeedee|Follow Me|p2a: Indeedee\n|-singleturn|p2a: Indeedee|move: Follow Me\n|move|p1a: Roaring Moon|Acrobatics|p2a: Indeedee\n|-damage|p2a: Indeedee|5\/100 par\n|move|p2b: Goodra|Body Press|p1b: Ogerpon\n|-activate|p1b: Ogerpon|move: Protect\n|-damage|p2b: Goodra|78\/100|[from] Spiky Shield|[of] p1b: Ogerpon\n|\n|-heal|p2b: Goodra|83\/100|[from] item: Black Sludge\n|upkeep\n|turn|11\n|inactive|Prf.Anu has 30 seconds left.\n|\n|t:|1699893494\n|move|p2a: Indeedee|Follow Me|p2a: Indeedee\n|-singleturn|p2a: Indeedee|move: Follow Me\n|move|p1a: Roaring Moon|Acrobatics|p2a: Indeedee\n|-damage|p2a: Indeedee|0 fnt\n|faint|p2a: Indeedee\n|move|p1b: Ogerpon|Horn Leech|p2b: Goodra\n|-resisted|p2b: Goodra\n|-damage|p2b: Goodra|78\/100\n|move|p2b: Goodra|Body Press|p1a: Roaring Moon\n|-resisted|p1a: Roaring Moon\n|-damage|p1a: Roaring Moon|11\/100\n|\n|-heal|p2b: Goodra|83\/100|[from] item: Black Sludge\n|upkeep\n|\n|t:|1699893506\n|switch|p2a: Cresselia|Cresselia, L50, F|100\/100\n|turn|12\n|\n|t:|1699893518\n|move|p1a: Roaring Moon|Knock Off|p2a: Cresselia\n|-supereffective|p2a: Cresselia\n|-damage|p2a: Cresselia|16\/100\n|-enditem|p2a: Cresselia|White Herb|[from] move: Knock Off|[of] p1a: Roaring Moon\n|move|p1b: Ogerpon|Ivy Cudgel|p2a: Cresselia\n|-crit|p2a: Cresselia\n|-damage|p2a: Cresselia|0 fnt\n|faint|p2a: Cresselia\n|move|p2b: Goodra|Body Press|p1a: Roaring Moon\n|-resisted|p1a: Roaring Moon\n|-damage|p1a: Roaring Moon|0 fnt\n|faint|p1a: Roaring Moon\n|-end|p1a: Roaring Moon|Protosynthesis|[silent]\n|\n|-heal|p2b: Goodra|89\/100|[from] item: Black Sludge\n|-sideend|p1: Prf.Anu|move: Light Screen\n|-sideend|p1: Prf.Anu|move: Tailwind\n|upkeep\n|\n|t:|1699893533\n|switch|p1a: Weezing|Weezing-Galar, L50, F|96\/100\n|-ability|p1a: Weezing|Neutralizing Gas\n|turn|13\n|\n|t:|1699893546\n|move|p2b: Goodra|Protect|p2b: Goodra\n|-singleturn|p2b: Goodra|Protect\n|move|p1b: Ogerpon|Ivy Cudgel|p2b: Goodra\n|-activate|p2b: Goodra|move: Protect\n|move|p1a: Weezing|Shadow Ball|p2b: Goodra\n|-activate|p2b: Goodra|move: Protect\n|\n|-heal|p1a: Weezing|100\/100|[from] item: Black Sludge\n|-heal|p2b: Goodra|95\/100|[from] item: Black Sludge\n|-fieldend|move: Psychic Terrain\n|upkeep\n|turn|14\n|inactive|Prf.Anu has 30 seconds left.\n|\n|t:|1699893572\n|move|p1b: Ogerpon|Follow Me|p1b: Ogerpon\n|-singleturn|p1b: Ogerpon|move: Follow Me\n|move|p1a: Weezing|Will-O-Wisp|p2b: Goodra\n|-status|p2b: Goodra|brn\n|move|p2b: Goodra|Body Press|p1b: Ogerpon\n|-damage|p1b: Ogerpon|53\/100\n|\n|-heal|p2b: Goodra|100\/100 brn|[from] item: Black Sludge\n|-damage|p2b: Goodra|95\/100 brn|[from] brn\n|upkeep\n|turn|15\n|\n|t:|1699893591\n|move|p1b: Ogerpon|Follow Me|p1b: Ogerpon\n|-singleturn|p1b: Ogerpon|move: Follow Me\n|move|p1a: Weezing|Shadow Ball|p2b: Goodra\n|-damage|p2b: Goodra|90\/100 brn\n|move|p2b: Goodra|Shelter|p2b: Goodra\n|-boost|p2b: Goodra|def|2\n|\n|-heal|p2b: Goodra|96\/100 brn|[from] item: Black Sludge\n|-damage|p2b: Goodra|90\/100 brn|[from] brn\n|upkeep\n|turn|16\n|\n|t:|1699893604\n|move|p1b: Ogerpon|Spiky Shield|p1b: Ogerpon\n|-singleturn|p1b: Ogerpon|move: Protect\n|move|p1a: Weezing|Shadow Ball|p2b: Goodra\n|-damage|p2b: Goodra|86\/100 brn\n|move|p2b: Goodra|Body Press|p1b: Ogerpon\n|-activate|p1b: Ogerpon|move: Protect\n|-damage|p2b: Goodra|74\/100 brn|[from] Spiky Shield|[of] p1b: Ogerpon\n|\n|-heal|p2b: Goodra|80\/100 brn|[from] item: Black Sludge\n|-damage|p2b: Goodra|74\/100 brn|[from] brn\n|upkeep\n|turn|17\n|inactive|Prf.Anu has 30 seconds left.\n|\n|t:|1699893634\n|move|p1b: Ogerpon|Ivy Cudgel|p2b: Goodra\n|-damage|p2b: Goodra|62\/100 brn\n|move|p1a: Weezing|Sludge Bomb|p2b: Goodra\n|-resisted|p2b: Goodra\n|-damage|p2b: Goodra|58\/100 brn\n|move|p2b: Goodra|Body Press|p1b: Ogerpon\n|-damage|p1b: Ogerpon|0 fnt\n|faint|p1b: Ogerpon\n|\n|-heal|p2b: Goodra|64\/100 brn|[from] item: Black Sludge\n|-damage|p2b: Goodra|58\/100 brn|[from] brn\n|upkeep\n|turn|18\n|\n|t:|1699893652\n|move|p1a: Weezing|Shadow Ball|p2b: Goodra\n|-damage|p2b: Goodra|53\/100 brn\n|move|p2b: Goodra|Knock Off|p1a: Weezing\n|-resisted|p1a: Weezing\n|-damage|p1a: Weezing|95\/100\n|-enditem|p1a: Weezing|Black Sludge|[from] move: Knock Off|[of] p2b: Goodra\n|\n|-heal|p2b: Goodra|59\/100 brn|[from] item: Black Sludge\n|-damage|p2b: Goodra|53\/100 brn|[from] brn\n|upkeep\n|turn|19\n|\n|t:|1699893665\n|move|p1a: Weezing|Shadow Ball|p2b: Goodra\n|-damage|p2b: Goodra|49\/100 brn\n|-unboost|p2b: Goodra|spd|1\n|move|p2b: Goodra|Body Press|p1a: Weezing\n|-resisted|p1a: Weezing\n|-damage|p1a: Weezing|84\/100\n|\n|-heal|p2b: Goodra|55\/100 brn|[from] item: Black Sludge\n|-damage|p2b: Goodra|49\/100 brn|[from] brn\n|upkeep\n|turn|20\n|\n|t:|1699893678\n|move|p1a: Weezing|Shadow Ball|p2b: Goodra\n|-damage|p2b: Goodra|44\/100 brn\n|move|p2b: Goodra|Body Press|p1a: Weezing\n|-resisted|p1a: Weezing\n|-crit|p1a: Weezing\n|-damage|p1a: Weezing|68\/100\n|\n|-heal|p2b: Goodra|50\/100 brn|[from] item: Black Sludge\n|-damage|p2b: Goodra|44\/100 brn|[from] brn\n|upkeep\n|turn|21\n|inactive|Prf.Anu has 30 seconds left.\n|\n|t:|1699893700\n|move|p1a: Weezing|Shadow Ball|p2b: Goodra\n|-damage|p2b: Goodra|38\/100 brn\n|move|p2b: Goodra|Body Press|p1a: Weezing\n|-resisted|p1a: Weezing\n|-damage|p1a: Weezing|57\/100\n|\n|-heal|p2b: Goodra|44\/100 brn|[from] item: Black Sludge\n|-damage|p2b: Goodra|38\/100 brn|[from] brn\n|upkeep\n|turn|22\n|inactive|Prf.Anu has 25 seconds left this turn.\n|inactive|Prf.Anu has 20 seconds left.\n|inactive|Prf.Anu has 15 seconds left.\n|\n|t:|1699893711\n|move|p1a: Weezing|Sludge Bomb|p2b: Goodra\n|-resisted|p2b: Goodra\n|-damage|p2b: Goodra|34\/100 brn\n|move|p2b: Goodra|Body Press|p1a: Weezing\n|-resisted|p1a: Weezing\n|-damage|p1a: Weezing|45\/100\n|\n|-heal|p2b: Goodra|40\/100 brn|[from] item: Black Sludge\n|-damage|p2b: Goodra|34\/100 brn|[from] brn\n|upkeep\n|turn|23\n|inactive|Prf.Anu has 15 seconds left this turn.\n|inactive|Prf.Anu has 10 seconds left.\n|inactive|Prf.Anu has 5 seconds left.\n|\n|t:|1699893723\n|move|p1a: Weezing|Shadow Ball|p2b: Goodra\n|-damage|p2b: Goodra|29\/100 brn\n|move|p2b: Goodra|Body Press|p1a: Weezing\n|-resisted|p1a: Weezing\n|-damage|p1a: Weezing|34\/100\n|\n|-heal|p2b: Goodra|35\/100 brn|[from] item: Black Sludge\n|-damage|p2b: Goodra|29\/100 brn|[from] brn\n|upkeep\n|turn|24\n|inactive|Prf.Anu has 5 seconds left this turn.\n|-message|Prf.Anu lost due to inactivity.\n|\n|win|Muk masters\n|raw|Prf.Anu's rating: 1171 &rarr; <strong>1142<\/strong><br \/>(-29 for losing)\n|raw|Muk masters's rating: 1121 &rarr; <strong>1150<\/strong><br \/>(+29 for winning)\n|l|\u2606Muk masters\n|l|\u2606Prf.Anu\n|j|\u2606Prf.Anu\n|player|p1|Prf.Anu|unknown\n","uploadtime":1699894379,"views":17,"p1id":"prfanu","p2id":"mukmasters","formatid":"gen9vgc2023regulatione","rating":1142,"private":0,"password":""}