{"id":"gen9vgc2023regulatione-1991154665","p1":"TxigaXYZ","p2":"Smoggy__","format":"[Gen 9] VGC 2023 Regulation E","log":"|j|\u2606TxigaXYZ\n|j|\u2606Smoggy__\n|t:|1700051068\n|gametype|doubles\n|player|p1|TxigaXYZ|265|1492\n|player|p2|Smoggy__|1|1573\n|teamsize|p1|6\n|teamsize|p2|6\n|gen|9\n|tier|[Gen 9] VGC 2023 Regulation E\n|rated|\n|rule|Species Clause: Limit one of each Pok\u00e9mon\n|rule|Item Clause: Limit one of each item\n|clearpoke\n|poke|p1|Ursaluna-Bloodmoon, L50, M|\n|poke|p1|Cresselia, L50, F|\n|poke|p1|Dondozo, L50, M|\n|poke|p1|Tatsugiri, L50, M|\n|poke|p1|Regidrago, L50|\n|poke|p1|Tornadus, L50, M|\n|poke|p2|Tornadus, L50, M|\n|poke|p2|Regidrago, L50|\n|poke|p2|Urshifu-*, L50, M|\n|poke|p2|Farigiraf, L50, F|\n|poke|p2|Flutter Mane, L50|\n|poke|p2|Arcanine-Hisui, L50, M|\n|teampreview|4\n|inactive|Battle timer is ON: inactive players will automatically lose when time's up. (requested by TxigaXYZ)\n|\n|t:|1700051101\n|start\n|switch|p1a: Regidrago|Regidrago, L50|100\/100\n|switch|p1b: Tornadus|Tornadus, L50, M|100\/100\n|switch|p2a: Tornadus|Tornadus, L50, M|100\/100\n|switch|p2b: Regidrago|Regidrago, L50|100\/100\n|turn|1\n|\n|t:|1700051109\n|-terastallize|p2b: Regidrago|Poison\n|move|p2a: Tornadus|Tailwind|p2a: Tornadus\n|-sidestart|p2: Smoggy__|move: Tailwind\n|move|p1b: Tornadus|Tailwind|p1b: Tornadus\n|-sidestart|p1: TxigaXYZ|move: Tailwind\n|move|p1a: Regidrago|Dragon Energy|p2a: Tornadus|[spread] p2a,p2b\n|-enditem|p2a: Tornadus|Focus Sash\n|-damage|p2a: Tornadus|1\/100\n|-damage|p2b: Regidrago|0 fnt\n|faint|p2b: Regidrago\n|\n|upkeep\n|\n|t:|1700051119\n|switch|p2b: Flutter Mane|Flutter Mane, L50|100\/100\n|-enditem|p2b: Flutter Mane|Booster Energy\n|-activate|p2b: Flutter Mane|ability: Protosynthesis|[fromitem]\n|-start|p2b: Flutter Mane|protosynthesisspa\n|turn|2\n|\n|t:|1700051128\n|move|p2b: Flutter Mane|Moonblast|p1a: Regidrago\n|-supereffective|p1a: Regidrago\n|-damage|p1a: Regidrago|0 fnt\n|faint|p1a: Regidrago\n|move|p2a: Tornadus|Bleakwind Storm|p1b: Tornadus\n|-damage|p1b: Tornadus|34\/100\n|move|p1b: Tornadus|Bleakwind Storm|p2b: Flutter Mane|[spread] p2a\n|-miss|p1b: Tornadus|p2b: Flutter Mane\n|-damage|p2a: Tornadus|0 fnt\n|faint|p2a: Tornadus\n|\n|upkeep\n|c|\u2606Smoggy__|you speed or spa nature?\n|\n|t:|1700051139\n|switch|p2a: Urshifu|Urshifu, L50, M|100\/100\n|switch|p1a: Dondozo|Dondozo, L50, M|100\/100\n|turn|3\n|c|\u2606TxigaXYZ|my regi?\n|c|\u2606Smoggy__|yeh\n|\n|t:|1700051151\n|switch|p1b: Tatsugiri|Tatsugiri, L50, M|100\/100\n|-activate|p1b: Tatsugiri|ability: Commander|[of] p1a: Dondozo\n|-boost|p1a: Dondozo|atk|2\n|-boost|p1a: Dondozo|spa|2\n|-boost|p1a: Dondozo|spe|2\n|-boost|p1a: Dondozo|def|2\n|-boost|p1a: Dondozo|spd|2\n|move|p2a: Urshifu|Wicked Blow|p1a: Dondozo\n|-crit|p1a: Dondozo\n|-damage|p1a: Dondozo|52\/100\n|move|p1a: Dondozo|Waterfall|p2b: Flutter Mane\n|-damage|p2b: Flutter Mane|0 fnt\n|faint|p2b: Flutter Mane\n|-end|p2b: Flutter Mane|Protosynthesis|[silent]\n|\n|-heal|p1a: Dondozo|58\/100|[from] item: Leftovers\n|upkeep\n|turn|4\n|c|\u2606TxigaXYZ|full speed\n|c|\u2606Smoggy__|ah no coinflip then XD\n|c|\u2606Smoggy__|ggs\n|\n|t:|1700051166\n|move|p2a: Urshifu|Wicked Blow|p1a: Dondozo\n|-crit|p1a: Dondozo\n|-damage|p1a: Dondozo|13\/100\n|move|p1a: Dondozo|Waterfall|p2a: Urshifu\n|-damage|p2a: Urshifu|28\/100\n|\n|-heal|p1a: Dondozo|19\/100|[from] item: Leftovers\n|-sideend|p2: Smoggy__|move: Tailwind\n|-sideend|p1: TxigaXYZ|move: Tailwind\n|upkeep\n|turn|5\n|\n|t:|1700051169\n|move|p2a: Urshifu|Wicked Blow|p1a: Dondozo\n|-crit|p1a: Dondozo\n|-damage|p1a: Dondozo|0 fnt\n|faint|p1a: Dondozo\n|\n|upkeep\n|\n|t:|1700051171\n|switch|p1a: Tornadus|Tornadus, L50, M|34\/100\n|turn|6\n|\n|t:|1700051179\n|move|p2a: Urshifu|Wicked Blow|p1b: Tatsugiri\n|-crit|p1b: Tatsugiri\n|-damage|p1b: Tatsugiri|0 fnt\n|faint|p1b: Tatsugiri\n|move|p1a: Tornadus|Bleakwind Storm|p2a: Urshifu|[miss]\n|-miss|p1a: Tornadus|p2a: Urshifu\n|\n|upkeep\n|turn|7\n|c|\u2606TxigaXYZ|lmao\n|\n|t:|1700051183\n|move|p2a: Urshifu|Wicked Blow|p1a: Tornadus\n|-crit|p1a: Tornadus\n|-damage|p1a: Tornadus|0 fnt\n|faint|p1a: Tornadus\n|\n|win|Smoggy__\n|raw|TxigaXYZ's rating: 1492 &rarr; <strong>1477<\/strong><br \/>(-15 for losing)\n|raw|Smoggy__'s rating: 1573 &rarr; <strong>1588<\/strong><br \/>(+15 for winning)\n|c|\u2606TxigaXYZ|gg\n|c|\u2606Smoggy__|sorry man\n|l|\u2606TxigaXYZ\n|c|\u2606Smoggy__|I hate that\n","uploadtime":1700051195,"views":9,"p1id":"txigaxyz","p2id":"smoggy","formatid":"gen9vgc2023regulatione","rating":1477,"private":0,"password":""}