{"id":"gen9vgc2023regulatione-1989255235","p1":"Walt Whitman VGC","p2":"H2obama","format":"[Gen 9] VGC 2023 Regulation E","log":"|j|\u2606Walt Whitman VGC\n|j|\u2606H2obama\n|t:|1699828557\n|gametype|doubles\n|player|p1|Walt Whitman VGC|backpacker|1261\n|player|p2|H2obama|170|1329\n|teamsize|p1|6\n|teamsize|p2|6\n|gen|9\n|tier|[Gen 9] VGC 2023 Regulation E\n|rated|\n|rule|Species Clause: Limit one of each Pok\u00e9mon\n|rule|Item Clause: Limit one of each item\n|clearpoke\n|poke|p1|Tornadus, L50, M|\n|poke|p1|Flutter Mane, L50|\n|poke|p1|Landorus-Therian, L50, M|\n|poke|p1|Rillaboom, L50, M|\n|poke|p1|Ogerpon-Hearthflame, L50, F|\n|poke|p1|Farigiraf, L50, M|\n|poke|p2|Arcanine-Hisui, L50, M|\n|poke|p2|Rillaboom, L50, M|\n|poke|p2|Roaring Moon, L50|\n|poke|p2|Weezing, L50, M|\n|poke|p2|Milotic, L50, F|\n|poke|p2|Chien-Pao, L50|\n|teampreview|4\n|inactive|Battle timer is ON: inactive players will automatically lose when time's up. (requested by Walt Whitman VGC)\n|inactive|Walt Whitman VGC has 60 seconds left.\n|inactive|H2obama has 60 seconds left.\n|\n|t:|1699828619\n|start\n|switch|p1a: Tornadus|Tornadus, L50, M|100\/100\n|switch|p1b: Farigiraf|Farigiraf, L50, M|100\/100\n|switch|p2a: Weezing|Weezing, L50, M|100\/100\n|switch|p2b: Roaring Moon|Roaring Moon, L50|100\/100\n|-ability|p2a: Weezing|Neutralizing Gas\n|-enditem|p2b: Roaring Moon|Booster Energy\n|-activate|p2b: Roaring Moon|ability: Protosynthesis|[fromitem]\n|-start|p2b: Roaring Moon|protosynthesisspe\n|turn|1\n|inactive|Walt Whitman VGC has 30 seconds left.\n|inactive|Walt Whitman VGC has 20 seconds left.\n|inactive|Walt Whitman VGC has 15 seconds left.\n|inactive|Walt Whitman VGC has 10 seconds left.\n|\n|t:|1699828667\n|-terastallize|p1b: Farigiraf|Fairy\n|move|p2a: Weezing|Protect|p2a: Weezing\n|-singleturn|p2a: Weezing|Protect\n|move|p2b: Roaring Moon|Knock Off|p1b: Farigiraf\n|-resisted|p1b: Farigiraf\n|-damage|p1b: Farigiraf|82\/100\n|-damage|p2b: Roaring Moon|84\/100|[from] item: Rocky Helmet|[of] p1b: Farigiraf\n|-enditem|p1b: Farigiraf|Rocky Helmet|[from] move: Knock Off|[of] p2b: Roaring Moon\n|move|p1a: Tornadus|Tailwind|p1a: Tornadus\n|-sidestart|p1: Walt Whitman VGC|move: Tailwind\n|move|p1b: Farigiraf|Psychic|p2a: Weezing\n|-activate|p2a: Weezing|move: Protect\n|\n|upkeep\n|turn|2\n|inactive|H2obama has 30 seconds left.\n|inactive|H2obama has 20 seconds left.\n|inactive|H2obama has 15 seconds left.\n|\n|t:|1699828707\n|-end|p2a: Weezing|ability: Neutralizing Gas\n|switch|p2a: Arcanine|Arcanine-Hisui, L50, M|100\/100\n|-ability|p2a: Arcanine|Intimidate|boost\n|-unboost|p1a: Tornadus|atk|1\n|-unboost|p1b: Farigiraf|atk|1\n|-terastallize|p2b: Roaring Moon|Flying\n|move|p1a: Tornadus|Taunt|p2a: Arcanine\n|-start|p2a: Arcanine|move: Taunt\n|move|p2b: Roaring Moon|Acrobatics|p1b: Farigiraf\n|-damage|p1b: Farigiraf|38\/100\n|move|p1b: Farigiraf|Psychic|p2a: Arcanine\n|-damage|p2a: Arcanine|54\/100\n|\n|upkeep\n|turn|3\n|inactive|Walt Whitman VGC has 30 seconds left.\n|inactive|Walt Whitman VGC has 20 seconds left.\n|inactive|Walt Whitman VGC has 15 seconds left.\n|inactive|Walt Whitman VGC has 10 seconds left.\n|\n|t:|1699828754\n|move|p1a: Tornadus|Bleakwind Storm|p2b: Roaring Moon|[spread] p2a,p2b\n|-resisted|p2a: Arcanine\n|-damage|p2a: Arcanine|31\/100\n|-damage|p2b: Roaring Moon|47\/100\n|-unboost|p2a: Arcanine|spe|1\n|move|p2b: Roaring Moon|Tailwind|p2b: Roaring Moon\n|-sidestart|p2: H2obama|move: Tailwind\n|move|p2a: Arcanine|Rock Slide|p1a: Tornadus|[spread] p1a,p1b\n|-supereffective|p1a: Tornadus\n|-enditem|p1a: Tornadus|Focus Sash\n|-damage|p1a: Tornadus|1\/100\n|-damage|p1b: Farigiraf|5\/100\n|move|p1b: Farigiraf|Psychic|p2b: Roaring Moon\n|-damage|p2b: Roaring Moon|17\/100\n|\n|upkeep\n|turn|4\n|inactive|Walt Whitman VGC has 30 seconds left.\n|\n|t:|1699828781\n|switch|p2a: Weezing|Weezing, L50, M|100\/100\n|-ability|p2a: Weezing|Neutralizing Gas\n|move|p2b: Roaring Moon|Acrobatics|p1b: Farigiraf\n|-damage|p1b: Farigiraf|0 fnt\n|faint|p1b: Farigiraf\n|move|p1a: Tornadus|Bleakwind Storm|p2b: Roaring Moon|[spread] p2a\n|-miss|p1a: Tornadus|p2b: Roaring Moon\n|-damage|p2a: Weezing|55\/100\n|\n|-sideend|p1: Walt Whitman VGC|move: Tailwind\n|upkeep\n|\n|t:|1699828796\n|switch|p1b: Rillaboom|Rillaboom, L50, M|100\/100\n|turn|5\n|inactive|Walt Whitman VGC has 30 seconds left.\n|\n|t:|1699828828\n|move|p2b: Roaring Moon|Protect|p2b: Roaring Moon\n|-singleturn|p2b: Roaring Moon|Protect\n|move|p2a: Weezing|Taunt|p1a: Tornadus\n|-start|p1a: Tornadus|move: Taunt\n|cant|p1a: Tornadus|move: Taunt|Tailwind\n|move|p1b: Rillaboom|High Horsepower|p2a: Weezing\n|-supereffective|p2a: Weezing\n|-crit|p2a: Weezing\n|-damage|p2a: Weezing|0 fnt\n|faint|p2a: Weezing\n|-end|p2a: Weezing|ability: Neutralizing Gas\n|-fieldstart|move: Grassy Terrain|[from] ability: Grassy Surge|[of] p1b: Rillaboom\n|\n|upkeep\n|\n|t:|1699828840\n|switch|p2a: Arcanine|Arcanine-Hisui, L50, M|31\/100\n|-ability|p2a: Arcanine|Intimidate|boost\n|-unboost|p1a: Tornadus|atk|1\n|-unboost|p1b: Rillaboom|atk|1\n|turn|6\n|\n|t:|1699828856\n|switch|p1a: Ogerpon|Ogerpon-Hearthflame, L50, F|100\/100\n|-ability|p1a: Ogerpon|Mold Breaker\n|move|p2a: Arcanine|Extreme Speed|p1a: Ogerpon\n|-damage|p1a: Ogerpon|48\/100\n|move|p1b: Rillaboom|Grassy Glide|p2b: Roaring Moon\n|-resisted|p2b: Roaring Moon\n|-damage|p2b: Roaring Moon|3\/100\n|move|p2b: Roaring Moon|Acrobatics|p1b: Rillaboom\n|-supereffective|p1b: Rillaboom\n|-damage|p1b: Rillaboom|0 fnt\n|faint|p1b: Rillaboom\n|\n|-heal|p2a: Arcanine|36\/100|[from] Grassy Terrain\n|-heal|p1a: Ogerpon|54\/100|[from] Grassy Terrain\n|-sideend|p2: H2obama|move: Tailwind\n|upkeep\n|\n|t:|1699828870\n|switch|p1b: Tornadus|Tornadus, L50, M|1\/100\n|turn|7\n|\n|t:|1699828891\n|move|p1a: Ogerpon|Spiky Shield|p1a: Ogerpon\n|-singleturn|p1a: Ogerpon|move: Protect\n|move|p2a: Arcanine|Extreme Speed|p1b: Tornadus\n|-damage|p1b: Tornadus|0 fnt\n|faint|p1b: Tornadus\n|move|p2b: Roaring Moon|Tailwind|p2b: Roaring Moon\n|-sidestart|p2: H2obama|move: Tailwind\n|\n|-heal|p2a: Arcanine|42\/100|[from] Grassy Terrain\n|-heal|p1a: Ogerpon|60\/100|[from] Grassy Terrain\n|upkeep\n|turn|8\n|inactive|Walt Whitman VGC has 30 seconds left.\n|\n|t:|1699828921\n|move|p1a: Ogerpon|Spiky Shield||[still]\n|-fail|p1a: Ogerpon\n|move|p2a: Arcanine|Extreme Speed|p1a: Ogerpon\n|-damage|p1a: Ogerpon|6\/100\n|move|p2b: Roaring Moon|Acrobatics|p1a: Ogerpon\n|-supereffective|p1a: Ogerpon\n|-damage|p1a: Ogerpon|0 fnt\n|faint|p1a: Ogerpon\n|\n|win|H2obama\n|raw|Walt Whitman VGC's rating: 1261 &rarr; <strong>1241<\/strong><br \/>(-20 for losing)\n|raw|H2obama's rating: 1329 &rarr; <strong>1345<\/strong><br \/>(+16 for winning)\n|l|\u2606Walt Whitman VGC\n|l|\u2606H2obama\n|j|\u2606H2obama\n|player|p2|H2obama|170\n","uploadtime":1699829113,"views":10,"p1id":"waltwhitmanvgc","p2id":"h2obama","formatid":"gen9vgc2023regulatione","rating":1241,"private":0,"password":""}