{"id":"gen9vgc2023regulatione-1995030674","p1":"vlopes777","p2":"testpip90","format":"[Gen 9] VGC 2023 Regulation E","log":"|j|\u2606vlopes777\n|j|\u2606testpip90\n|t:|1700515144\n|gametype|doubles\n|player|p1|vlopes777|pokekid|1217\n|player|p2|testpip90|giovanni|1314\n|teamsize|p1|6\n|teamsize|p2|6\n|gen|9\n|tier|[Gen 9] VGC 2023 Regulation E\n|rated|\n|rule|Species Clause: Limit one of each Pok\u00e9mon\n|rule|Item Clause: Limit one of each item\n|clearpoke\n|poke|p1|Landorus-Therian, L50, M|\n|poke|p1|Tornadus, L50, M|\n|poke|p1|Iron Hands, L50|\n|poke|p1|Amoonguss, L50, F|\n|poke|p1|Heatran, L50, M|\n|poke|p1|Flutter Mane, L50|\n|poke|p2|Torterra, L50, F|\n|poke|p2|Clefairy, L50, F|\n|poke|p2|Iron Hands, L50|\n|poke|p2|Milotic, L50, M|\n|poke|p2|Gothitelle, L50, M|\n|poke|p2|Sableye, L50, M|\n|teampreview|4\n|inactive|Battle timer is ON: inactive players will automatically lose when time's up. (requested by vlopes777)\nvlopes777 has agreed to open team sheets.\n|inactive|vlopes777 has 60 seconds left.\n|\n|t:|1700515205\n|start\n|switch|p1a: Flutter Mane|Flutter Mane, L50|100\/100\n|switch|p1b: Iron Hands|Iron Hands, L50|100\/100\n|switch|p2a: Milotic|Milotic, L50, M|100\/100\n|switch|p2b: Iron Hands|Iron Hands, L50|100\/100\n|turn|1\n|inactive|testpip90 has 30 seconds left.\n|\n|t:|1700515234\n|switch|p2a: Torterra|Torterra, L50, F|100\/100\n|-terastallize|p1a: Flutter Mane|Fairy\n|move|p1a: Flutter Mane|Moonblast|p2b: Iron Hands\n|-supereffective|p2b: Iron Hands\n|-damage|p2b: Iron Hands|9\/100\n|move|p2b: Iron Hands|Heavy Slam|p1a: Flutter Mane\n|-supereffective|p1a: Flutter Mane\n|-damage|p1a: Flutter Mane|0 fnt\n|faint|p1a: Flutter Mane\n|-end|p1a: Flutter Mane|Protosynthesis|[silent]\n|move|p1b: Iron Hands|Wild Charge|p2a: Torterra\n|-immune|p2a: Torterra\n|\n|upkeep\n|\n|t:|1700515251\n|switch|p1a: Heatran|Heatran, L50, M|100\/100\n|turn|2\n|\n|t:|1700515279\n|-end|p2b: Iron Hands|Quark Drive|[silent]\n|switch|p2b: Gothitelle|Gothitelle, L50, M|100\/100\n|move|p1a: Heatran|Heat Wave|p2b: Gothitelle|[spread] p2a,p2b\n|-supereffective|p2a: Torterra\n|-damage|p2a: Torterra|18\/100\n|-damage|p2b: Gothitelle|59\/100\n|-damage|p1a: Heatran|91\/100|[from] item: Life Orb\n|move|p2a: Torterra|Amnesia|p2a: Torterra\n|-boost|p2a: Torterra|spd|2\n|move|p1b: Iron Hands|Wild Charge|p2b: Gothitelle\n|-damage|p2b: Gothitelle|23\/100\n|-damage|p1b: Iron Hands|94\/100|[from] Recoil\n|\n|-heal|p2a: Torterra|24\/100|[from] item: Leftovers\n|upkeep\n|turn|3\n|inactive|vlopes777 has 30 seconds left.\n|inactive|testpip90 has 30 seconds left.\n|\n|t:|1700515312\n|move|p2b: Gothitelle|Fake Out|p1a: Heatran\n|-resisted|p1a: Heatran\n|-damage|p1a: Heatran|88\/100\n|cant|p1a: Heatran|flinch\n|move|p2a: Torterra|Iron Defense|p2a: Torterra\n|-boost|p2a: Torterra|def|2\n|move|p1b: Iron Hands|Drain Punch|p2a: Torterra\n|-damage|p2a: Torterra|12\/100\n|-heal|p1b: Iron Hands|99\/100|[from] drain|[of] p2a: Torterra\n|\n|-heal|p2a: Torterra|18\/100|[from] item: Leftovers\n|upkeep\n|turn|4\n|\n|t:|1700515340\n|-terastallize|p2a: Torterra|Fire\n|move|p1a: Heatran|Heat Wave|p2b: Gothitelle|[spread] p2a\n|-miss|p1a: Heatran|p2b: Gothitelle\n|-resisted|p2a: Torterra\n|-damage|p2a: Torterra|7\/100\n|-damage|p1a: Heatran|79\/100|[from] item: Life Orb\n|move|p2b: Gothitelle|Psychic|p1b: Iron Hands\n|-supereffective|p1b: Iron Hands\n|-damage|p1b: Iron Hands|70\/100\n|move|p2a: Torterra|Body Press|p1a: Heatran\n|-supereffective|p1a: Heatran\n|-damage|p1a: Heatran|0 fnt\n|faint|p1a: Heatran\n|move|p1b: Iron Hands|Drain Punch|p2b: Gothitelle\n|-resisted|p2b: Gothitelle\n|-damage|p2b: Gothitelle|8\/100\n|-heal|p1b: Iron Hands|75\/100|[from] drain|[of] p2b: Gothitelle\n|\n|-heal|p2a: Torterra|13\/100|[from] item: Leftovers\n|upkeep\n|\n|t:|1700515358\n|switch|p1a: Amoonguss|Amoonguss, L50, F|100\/100\n|turn|5\n|inactive|vlopes777 has 30 seconds left.\n|\n|t:|1700515383\n|move|p2b: Gothitelle|Taunt|p1a: Amoonguss\n|-start|p1a: Amoonguss|move: Taunt\n|move|p2a: Torterra|Iron Defense|p2a: Torterra\n|-boost|p2a: Torterra|def|2\n|move|p1b: Iron Hands|Drain Punch|p2b: Gothitelle\n|-resisted|p2b: Gothitelle\n|-damage|p2b: Gothitelle|0 fnt\n|-heal|p1b: Iron Hands|78\/100|[from] drain|[of] p2b: Gothitelle\n|faint|p2b: Gothitelle\n|move|p1a: Amoonguss|Clear Smog|p2a: Torterra\n|-damage|p2a: Torterra|6\/100\n|-clearboost|p2a: Torterra\n|\n|-heal|p2a: Torterra|12\/100|[from] item: Leftovers\n|upkeep\n|\n|t:|1700515403\n|switch|p2b: Iron Hands|Iron Hands, L50|9\/100\n|turn|6\n|\n|t:|1700515425\n|move|p2b: Iron Hands|Fake Out|p1b: Iron Hands\n|-damage|p1b: Iron Hands|68\/100\n|move|p2a: Torterra|Leech Seed|p1b: Iron Hands\n|-start|p1b: Iron Hands|move: Leech Seed\n|cant|p1b: Iron Hands|flinch\n|move|p1a: Amoonguss|Pollen Puff|p2a: Torterra\n|-resisted|p2a: Torterra\n|-damage|p2a: Torterra|3\/100\n|\n|-heal|p2a: Torterra|9\/100|[from] item: Leftovers\n|-damage|p1b: Iron Hands|55\/100|[from] Leech Seed|[of] p2a: Torterra\n|-heal|p2a: Torterra|24\/100|[silent]\n|upkeep\n|turn|7\n|\n|t:|1700515448\n|move|p2a: Torterra|Iron Defense|p2a: Torterra\n|-boost|p2a: Torterra|def|2\n|move|p2b: Iron Hands|Drain Punch|p1b: Iron Hands\n|-damage|p1b: Iron Hands|27\/100\n|-heal|p2b: Iron Hands|24\/100|[from] drain|[of] p1b: Iron Hands\n|move|p1b: Iron Hands|Drain Punch|p2a: Torterra\n|-damage|p2a: Torterra|11\/100\n|-heal|p1b: Iron Hands|33\/100|[from] drain|[of] p2a: Torterra\n|move|p1a: Amoonguss|Pollen Puff|p1b: Iron Hands\n|-heal|p1b: Iron Hands|83\/100\n|\n|-heal|p2a: Torterra|17\/100|[from] item: Leftovers\n|-damage|p1b: Iron Hands|70\/100|[from] Leech Seed|[of] p2a: Torterra\n|-heal|p2a: Torterra|32\/100|[silent]\n|-end|p1a: Amoonguss|move: Taunt\n|upkeep\n|turn|8\n|inactive|testpip90 has 30 seconds left.\n|inactive|testpip90 has 20 seconds left.\n|\n|t:|1700515487\n|switch|p2a: Milotic|Milotic, L50, M|100\/100\n|move|p2b: Iron Hands|Drain Punch|p1b: Iron Hands\n|-damage|p1b: Iron Hands|46\/100\n|-heal|p2b: Iron Hands|36\/100|[from] drain|[of] p1b: Iron Hands\n|move|p1b: Iron Hands|Drain Punch|p2a: Milotic\n|-damage|p2a: Milotic|63\/100\n|-heal|p1b: Iron Hands|62\/100|[from] drain|[of] p2a: Milotic\n|-damage|p1b: Iron Hands|46\/100|[from] item: Rocky Helmet|[of] p2a: Milotic\n|move|p1a: Amoonguss|Spore|p2a: Milotic\n|-status|p2a: Milotic|slp|[from] move: Spore\n|\n|-damage|p1b: Iron Hands|33\/100|[from] Leech Seed|[of] p2a: Milotic\n|-heal|p2a: Milotic|78\/100 slp|[silent]\n|upkeep\n|turn|9\n|inactive|vlopes777 has 30 seconds left.\n|inactive|vlopes777 has 20 seconds left.\n|\n|t:|1700515522\n|switch|p2a: Torterra|Torterra, L50, F, tera:Fire|32\/100\n|move|p2b: Iron Hands|Drain Punch|p1b: Iron Hands\n|-damage|p1b: Iron Hands|8\/100\n|-heal|p2b: Iron Hands|49\/100|[from] drain|[of] p1b: Iron Hands\n|move|p1b: Iron Hands|Drain Punch|p2a: Torterra\n|-damage|p2a: Torterra|6\/100\n|-heal|p1b: Iron Hands|19\/100|[from] drain|[of] p2a: Torterra\n|move|p1a: Amoonguss|Pollen Puff|p1b: Iron Hands\n|-heal|p1b: Iron Hands|69\/100\n|\n|-heal|p2a: Torterra|12\/100|[from] item: Leftovers\n|-damage|p1b: Iron Hands|56\/100|[from] Leech Seed|[of] p2a: Torterra\n|-heal|p2a: Torterra|27\/100|[silent]\n|upkeep\n|turn|10\n|inactive|testpip90 has 30 seconds left.\n|\n|t:|1700515551\n|switch|p2a: Milotic|Milotic, L50, M|78\/100 slp\n|move|p2b: Iron Hands|Drain Punch|p1b: Iron Hands\n|-damage|p1b: Iron Hands|32\/100\n|-heal|p2b: Iron Hands|61\/100|[from] drain|[of] p1b: Iron Hands\n|move|p1b: Iron Hands|Drain Punch|p2a: Milotic\n|-damage|p2a: Milotic|41\/100 slp\n|-heal|p1b: Iron Hands|48\/100|[from] drain|[of] p2a: Milotic\n|-damage|p1b: Iron Hands|31\/100|[from] item: Rocky Helmet|[of] p2a: Milotic\n|move|p1a: Amoonguss|Spore|p2b: Iron Hands\n|-status|p2b: Iron Hands|slp|[from] move: Spore\n|\n|-damage|p1b: Iron Hands|19\/100|[from] Leech Seed|[of] p2a: Milotic\n|-heal|p2a: Milotic|56\/100 slp|[silent]\n|upkeep\n|turn|11\n|inactive|vlopes777 has 30 seconds left.\n|\n|t:|1700515577\n|cant|p2a: Milotic|slp\n|cant|p2b: Iron Hands|slp\n|move|p1b: Iron Hands|Drain Punch|p2a: Milotic\n|-damage|p2a: Milotic|17\/100 slp\n|-heal|p1b: Iron Hands|36\/100|[from] drain|[of] p2a: Milotic\n|-damage|p1b: Iron Hands|19\/100|[from] item: Rocky Helmet|[of] p2a: Milotic\n|move|p1a: Amoonguss|Pollen Puff|p1b: Iron Hands\n|-heal|p1b: Iron Hands|69\/100\n|\n|-damage|p1b: Iron Hands|57\/100|[from] Leech Seed|[of] p2a: Milotic\n|-heal|p2a: Milotic|32\/100 slp|[silent]\n|upkeep\n|turn|12\n|inactive|testpip90 has 30 seconds left.\n|\n|t:|1700515613\n|cant|p2a: Milotic|slp\n|-curestatus|p2b: Iron Hands|slp|[msg]\n|move|p2b: Iron Hands|Drain Punch|p1b: Iron Hands\n|-damage|p1b: Iron Hands|33\/100\n|-heal|p2b: Iron Hands|73\/100|[from] drain|[of] p1b: Iron Hands\n|move|p1b: Iron Hands|Drain Punch|p2a: Milotic\n|-damage|p2a: Milotic|0 fnt\n|-heal|p1b: Iron Hands|46\/100|[from] drain|[of] p2a: Milotic\n|-damage|p1b: Iron Hands|29\/100|[from] item: Rocky Helmet|[of] p2a: Milotic\n|faint|p2a: Milotic\n|move|p1a: Amoonguss|Pollen Puff|p1b: Iron Hands\n|-heal|p1b: Iron Hands|79\/100\n|\n|upkeep\n|\n|t:|1700515625\n|switch|p2a: Torterra|Torterra, L50, F, tera:Fire|27\/100\n|turn|13\n|\n|t:|1700515637\n|move|p2a: Torterra|Iron Defense|p2a: Torterra\n|-boost|p2a: Torterra|def|2\n|move|p2b: Iron Hands|Drain Punch|p1b: Iron Hands\n|-damage|p1b: Iron Hands|51\/100\n|-heal|p2b: Iron Hands|87\/100|[from] drain|[of] p1b: Iron Hands\n|move|p1b: Iron Hands|Drain Punch|p2a: Torterra\n|-damage|p2a: Torterra|15\/100\n|-heal|p1b: Iron Hands|56\/100|[from] drain|[of] p2a: Torterra\n|move|p1a: Amoonguss|Spore|p2b: Iron Hands\n|-status|p2b: Iron Hands|slp|[from] move: Spore\n|\n|-heal|p2a: Torterra|21\/100|[from] item: Leftovers\n|-damage|p1b: Iron Hands|44\/100|[from] Leech Seed|[of] p2a: Torterra\n|-heal|p2a: Torterra|36\/100|[silent]\n|upkeep\n|turn|14\n|\n|t:|1700515662\n|move|p2a: Torterra|Body Press|p1b: Iron Hands\n|-damage|p1b: Iron Hands|16\/100\n|cant|p2b: Iron Hands|slp\n|move|p1b: Iron Hands|Drain Punch|p2a: Torterra\n|-damage|p2a: Torterra|23\/100\n|-heal|p1b: Iron Hands|21\/100|[from] drain|[of] p2a: Torterra\n|move|p1a: Amoonguss|Spore|p2a: Torterra\n|-status|p2a: Torterra|slp|[from] move: Spore\n|\n|-heal|p2a: Torterra|29\/100 slp|[from] item: Leftovers\n|-damage|p1b: Iron Hands|9\/100|[from] Leech Seed|[of] p2a: Torterra\n|-heal|p2a: Torterra|44\/100 slp|[silent]\n|upkeep\n|turn|15\n|\n|t:|1700515682\n|cant|p2a: Torterra|slp\n|cant|p2b: Iron Hands|slp\n|move|p1b: Iron Hands|Drain Punch|p2a: Torterra\n|-damage|p2a: Torterra|32\/100 slp\n|-heal|p1b: Iron Hands|14\/100|[from] drain|[of] p2a: Torterra\n|move|p1a: Amoonguss|Pollen Puff|p1b: Iron Hands\n|-heal|p1b: Iron Hands|64\/100\n|\n|-heal|p2a: Torterra|38\/100 slp|[from] item: Leftovers\n|-damage|p1b: Iron Hands|51\/100|[from] Leech Seed|[of] p2a: Torterra\n|-heal|p2a: Torterra|53\/100 slp|[silent]\n|upkeep\n|turn|16\n|\n|t:|1700515705\n|cant|p2a: Torterra|slp\n|cant|p2b: Iron Hands|slp\n|move|p1b: Iron Hands|Drain Punch|p2a: Torterra\n|-damage|p2a: Torterra|40\/100 slp\n|-heal|p1b: Iron Hands|57\/100|[from] drain|[of] p2a: Torterra\n|move|p1a: Amoonguss|Clear Smog|p2a: Torterra\n|-damage|p2a: Torterra|26\/100 slp\n|-clearboost|p2a: Torterra\n|\n|-heal|p2a: Torterra|32\/100 slp|[from] item: Leftovers\n|-damage|p1b: Iron Hands|45\/100|[from] Leech Seed|[of] p2a: Torterra\n|-heal|p2a: Torterra|47\/100 slp|[silent]\n|upkeep\n|turn|17\n|\n|t:|1700515726\n|-curestatus|p2a: Torterra|slp|[msg]\n|move|p2a: Torterra|Iron Defense|p2a: Torterra\n|-boost|p2a: Torterra|def|2\n|-curestatus|p2b: Iron Hands|slp|[msg]\n|move|p2b: Iron Hands|Drain Punch|p1b: Iron Hands\n|-damage|p1b: Iron Hands|19\/100\n|-heal|p2b: Iron Hands|100\/100|[from] drain|[of] p1b: Iron Hands\n|move|p1b: Iron Hands|Drain Punch|p2a: Torterra\n|-damage|p2a: Torterra|35\/100\n|-heal|p1b: Iron Hands|24\/100|[from] drain|[of] p2a: Torterra\n|move|p1a: Amoonguss|Pollen Puff|p1b: Iron Hands\n|-heal|p1b: Iron Hands|74\/100\n|\n|-heal|p2a: Torterra|41\/100|[from] item: Leftovers\n|-damage|p1b: Iron Hands|61\/100|[from] Leech Seed|[of] p2a: Torterra\n|-heal|p2a: Torterra|56\/100|[silent]\n|upkeep\n|turn|18\n|inactive|vlopes777 has 30 seconds left.\n|inactive|testpip90 has 30 seconds left.\n|\n|t:|1700515755\n|move|p2a: Torterra|Body Press|p1b: Iron Hands\n|-damage|p1b: Iron Hands|32\/100\n|move|p2b: Iron Hands|Drain Punch|p1b: Iron Hands\n|-damage|p1b: Iron Hands|8\/100\n|move|p1b: Iron Hands|Drain Punch|p2a: Torterra\n|-damage|p2a: Torterra|44\/100\n|-heal|p1b: Iron Hands|13\/100|[from] drain|[of] p2a: Torterra\n|move|p1a: Amoonguss|Spore|p2a: Torterra\n|-status|p2a: Torterra|slp|[from] move: Spore\n|\n|-heal|p2a: Torterra|50\/100 slp|[from] item: Leftovers\n|-damage|p1b: Iron Hands|1\/100|[from] Leech Seed|[of] p2a: Torterra\n|-heal|p2a: Torterra|65\/100 slp|[silent]\n|upkeep\n|turn|19\n|inactive|vlopes777 has 25 seconds left this turn.\n|inactive|vlopes777 has 20 seconds left.\n|inactive|vlopes777 has 15 seconds left.\n|inactive|vlopes777 has 10 seconds left.\n|inactive|testpip90 has 30 seconds left.\n|inactive|vlopes777 has 5 seconds left.\n|-message|vlopes777 lost due to inactivity.\n|\n|win|testpip90\n|raw|vlopes777's rating: 1217 &rarr; <strong>1199<\/strong><br \/>(-18 for losing)\n|raw|testpip90's rating: 1314 &rarr; <strong>1329<\/strong><br \/>(+15 for winning)\n|l|\u2606testpip90\n","uploadtime":1700515805,"views":10,"p1id":"vlopes777","p2id":"testpip90","formatid":"gen9vgc2023regulatione","rating":1199,"private":0,"password":""}