{"id":"gen9vgc2023regulatione-1999750607","p1":"lorylagg","p2":"Clllouuudddddd","format":"[Gen 9] VGC 2023 Regulation E","log":"|j|\u2606lorylagg\n|j|\u2606Clllouuudddddd\n|t:|1701113401\n|gametype|doubles\n|player|p1|lorylagg|unknownf|1499\n|player|p2|Clllouuudddddd|169|1549\n|teamsize|p1|6\n|teamsize|p2|6\n|gen|9\n|tier|[Gen 9] VGC 2023 Regulation E\n|rated|\n|rule|Species Clause: Limit one of each Pok\u00e9mon\n|rule|Item Clause: Limit one of each item\n|clearpoke\n|poke|p1|Urshifu-*, L50, F|\n|poke|p1|Arcanine-Hisui, L50, M|\n|poke|p1|Gholdengo, L50|\n|poke|p1|Tornadus, L50, M|\n|poke|p1|Rillaboom, L50, M|\n|poke|p1|Flutter Mane, L50|\n|poke|p2|Tatsugiri, L50, M|\n|poke|p2|Arcanine-Hisui, L50, M|\n|poke|p2|Amoonguss, L50, M|\n|poke|p2|Chien-Pao, L50|\n|poke|p2|Regieleki, L50|\n|poke|p2|Mimikyu, L50, M|\n|teampreview|4\nlorylagg has agreed to open team sheets.\n|inactive|Battle timer is ON: inactive players will automatically lose when time's up. (requested by Clllouuudddddd)\n|inactive|lorylagg has 60 seconds left.\n|inactive|Clllouuudddddd has 60 seconds left.\n|\n|t:|1701113481\n|start\n|switch|p1a: Rillaboom|Rillaboom, L50, M|100\/100\n|switch|p1b: Arcanine|Arcanine-Hisui, L50, M|100\/100\n|switch|p2a: Chien-Pao|Chien-Pao, L50|100\/100\n|switch|p2b: Mimikyu|Mimikyu, L50, M|100\/100\n|-ability|p2a: Chien-Pao|Sword of Ruin\n|-ability|p1b: Arcanine|Intimidate|boost\n|-unboost|p2a: Chien-Pao|atk|1\n|-unboost|p2b: Mimikyu|atk|1\n|-fieldstart|move: Grassy Terrain|[from] ability: Grassy Surge|[of] p1a: Rillaboom\n|turn|1\n|inactive|Clllouuudddddd has 30 seconds left.\n|\n|t:|1701113508\n|switch|p2a: Arcanine|Arcanine-Hisui, L50, M|100\/100\n|-ability|p2a: Arcanine|Intimidate|boost\n|-unboost|p1a: Rillaboom|atk|1\n|-unboost|p1b: Arcanine|atk|1\n|move|p2b: Mimikyu|Protect|p2b: Mimikyu\n|-singleturn|p2b: Mimikyu|Protect\n|move|p1a: Rillaboom|Grassy Glide|p2b: Mimikyu\n|-activate|p2b: Mimikyu|move: Protect\n|move|p1b: Arcanine|Rock Slide|p2b: Mimikyu|[spread] p2a\n|-activate|p2b: Mimikyu|move: Protect\n|-supereffective|p2a: Arcanine\n|-damage|p2a: Arcanine|61\/100\n|\n|-heal|p2a: Arcanine|67\/100|[from] Grassy Terrain\n|upkeep\n|turn|2\n|inactive|lorylagg has 30 seconds left.\n|inactive|Clllouuudddddd has 30 seconds left.\n|inactive|lorylagg has 20 seconds left.\n|inactive|lorylagg has 15 seconds left.\n|inactive|lorylagg has 10 seconds left.\n|inactive|lorylagg has 5 seconds left.\n|\n|t:|1701113559\n|move|p1a: Rillaboom|Grassy Glide|p2b: Mimikyu\n|-activate|p2b: Mimikyu|ability: Disguise\n|-damage|p2b: Mimikyu|100\/100\n|detailschange|p2b: Mimikyu|Mimikyu-Busted, L50, M\n|-damage|p2b: Mimikyu|89\/100|[from] pokemon: Mimikyu-Busted\n|move|p2a: Arcanine|Flare Blitz|p1a: Rillaboom\n|-supereffective|p1a: Rillaboom\n|-crit|p1a: Rillaboom\n|-damage|p1a: Rillaboom|0 fnt\n|faint|p1a: Rillaboom\n|-damage|p2a: Arcanine|34\/100|[from] Recoil\n|move|p2b: Mimikyu|Play Rough|p1b: Arcanine\n|-resisted|p1b: Arcanine\n|-damage|p1b: Arcanine|83\/100\n|-damage|p2b: Mimikyu|79\/100|[from] item: Life Orb\n|move|p1b: Arcanine|Rock Slide|p2b: Mimikyu|[spread] p2a,p2b\n|-supereffective|p2a: Arcanine\n|-damage|p2a: Arcanine|0 fnt\n|-damage|p2b: Mimikyu|56\/100\n|faint|p2a: Arcanine\n|\n|-heal|p2b: Mimikyu|62\/100|[from] Grassy Terrain\n|-heal|p1b: Arcanine|89\/100|[from] Grassy Terrain\n|upkeep\n|inactive|lorylagg has 30 seconds left.\n|\n|t:|1701113591\n|switch|p2a: Chien-Pao|Chien-Pao, L50|100\/100\n|switch|p1a: Tornadus|Tornadus, L50, M|100\/100\n|-ability|p2a: Chien-Pao|Sword of Ruin\n|turn|3\n|\n|t:|1701113615\n|move|p1a: Tornadus|Tailwind|p1a: Tornadus\n|-sidestart|p1: lorylagg|move: Tailwind\n|move|p1b: Arcanine|Rock Slide|p2a: Chien-Pao|[spread] p2a,p2b\n|-supereffective|p2a: Chien-Pao\n|-crit|p2a: Chien-Pao\n|-enditem|p2a: Chien-Pao|Focus Sash\n|-damage|p2a: Chien-Pao|1\/100\n|-damage|p2b: Mimikyu|30\/100\n|move|p2a: Chien-Pao|Ice Spinner|p1a: Tornadus\n|-supereffective|p1a: Tornadus\n|-damage|p1a: Tornadus|0 fnt\n|-damage|p2a: Chien-Pao|0 fnt|[from] item: Rocky Helmet|[of] p1a: Tornadus\n|faint|p1a: Tornadus\n|faint|p2a: Chien-Pao\n|cant|p2b: Mimikyu|flinch\n|\n|-heal|p1b: Arcanine|95\/100|[from] Grassy Terrain\n|-heal|p2b: Mimikyu|36\/100|[from] Grassy Terrain\n|upkeep\n|c|\u2606Clllouuudddddd|-_-\n|\n|t:|1701113636\n|switch|p2a: Tatsugiri|Tatsugiri, L50, M|100\/100\n|switch|p1a: Urs4lun4-Bloodmoon|Gholdengo, L50|100\/100\n|turn|4\n|c|\u2606lorylagg|i dont think it mattered\n|c|\u2606Clllouuudddddd|I was hitting tr lol\n|inactive|lorylagg has 30 seconds left.\n|inactive|lorylagg has 20 seconds left.\n|\n|t:|1701113673\n|-terastallize|p1a: Urs4lun4-Bloodmoon|Steel\n|-terastallize|p2a: Tatsugiri|Water\n|move|p2b: Mimikyu|Protect|p2b: Mimikyu\n|-singleturn|p2b: Mimikyu|Protect\n|move|p1b: Arcanine|Extreme Speed|p2a: Tatsugiri\n|-crit|p2a: Tatsugiri\n|-damage|p2a: Tatsugiri|48\/100\n|move|p1a: Urs4lun4-Bloodmoon|Make It Rain|p2a: Tatsugiri|[spread] p2a\n|-activate|p2b: Mimikyu|move: Protect\n|-resisted|p2a: Tatsugiri\n|-damage|p2a: Tatsugiri|0 fnt\n|-unboost|p1a: Urs4lun4-Bloodmoon|spa|1\n|faint|p2a: Tatsugiri\n|\n|-heal|p1b: Arcanine|100\/100|[from] Grassy Terrain\n|-heal|p2b: Mimikyu|41\/100|[from] Grassy Terrain\n|upkeep\n|turn|5\n|c|\u2606Clllouuudddddd|damn\n|inactive|lorylagg has 30 seconds left.\n|inactive|Clllouuudddddd has 30 seconds left.\n|\n|t:|1701113700\n|move|p2b: Mimikyu|Shadow Sneak|p1a: Urs4lun4-Bloodmoon\n|-damage|p1a: Urs4lun4-Bloodmoon|85\/100\n|-damage|p2b: Mimikyu|32\/100|[from] item: Life Orb\n|move|p1a: Urs4lun4-Bloodmoon|Make It Rain|p2b: Mimikyu\n|-supereffective|p2b: Mimikyu\n|-damage|p2b: Mimikyu|0 fnt\n|-unboost|p1a: Urs4lun4-Bloodmoon|spa|1\n|faint|p2b: Mimikyu\n|\n|win|lorylagg\n|raw|lorylagg's rating: 1499 &rarr; <strong>1522<\/strong><br \/>(+23 for winning)\n|raw|Clllouuudddddd's rating: 1549 &rarr; <strong>1526<\/strong><br \/>(-23 for losing)\n|c|\u2606Clllouuudddddd|crit mattered too. tatsu is all bulk\n|l|\u2606Clllouuudddddd\n|l|\u2606lorylagg\n|j|\u2606lorylagg\n|player|p1|lorylagg|unknownf\n","uploadtime":1701113803,"views":22,"p1id":"lorylagg","p2id":"clllouuudddddd","formatid":"gen9vgc2023regulatione","rating":1522,"private":0,"password":""}