{"id":"gen9vgc2023regulatione-1991540570","p1":"Peligrosplgs","p2":"Heaven64","format":"[Gen 9] VGC 2023 Regulation E","log":"|j|\u2606Peligrosplgs\n|j|\u2606Heaven64\n|t:|1700086450\n|gametype|doubles\n|player|p1|Peligrosplgs|102|1237\n|player|p2|Heaven64|hilda-wonderlauncher|1265\n|teamsize|p1|6\n|teamsize|p2|6\n|gen|9\n|tier|[Gen 9] VGC 2023 Regulation E\n|rated|\n|rule|Species Clause: Limit one of each Pok\u00e9mon\n|rule|Item Clause: Limit one of each item\n|clearpoke\n|poke|p1|Ursaluna-Bloodmoon, L50, M|\n|poke|p1|Sinistcha-Masterpiece, L50|\n|poke|p1|Cresselia, L50, F|\n|poke|p1|Arcanine, L50, M|\n|poke|p1|Iron Hands, L50|\n|poke|p1|Ogerpon-Hearthflame, L50, F|\n|poke|p2|Kommo-o, L50, M|\n|poke|p2|Volcarona, L50, F|\n|poke|p2|Tinkaton, L50, F|\n|poke|p2|Slowbro, L50, M|\n|poke|p2|Wo-Chien, L50|\n|poke|p2|Dusknoir, L50, M|\n|teampreview|4\n|\n|t:|1700086502\n|start\n|switch|p1a: Arcanine|Arcanine, L50, M|100\/100\n|switch|p1b: Ogerpon|Ogerpon-Hearthflame, L50, F|100\/100\n|switch|p2a: Zweihander|Kommo-o, L50, M|100\/100\n|switch|p2b: Poleaxe|Tinkaton, L50, F|100\/100\n|-ability|p1b: Ogerpon|Mold Breaker\n|-ability|p1a: Arcanine|Intimidate|boost\n|-unboost|p2a: Zweihander|atk|1\n|-unboost|p2b: Poleaxe|atk|1\n|-ability|p2b: Poleaxe|Mold Breaker\n|turn|1\n|\n|t:|1700086532\n|-terastallize|p1b: Ogerpon|Fire\n|detailschange|p1b: Ogerpon|Ogerpon-Hearthflame-Tera, L50, F, tera:Fire\n|-ability|p1b: Ogerpon|Embody Aspect (Hearthflame)|boost\n|-boost|p1b: Ogerpon|atk|1\n|move|p2b: Poleaxe|Fake Out|p1b: Ogerpon\n|-damage|p1b: Ogerpon|90\/100\n|-damage|p2b: Poleaxe|91\/100|[from] item: Life Orb\n|cant|p1b: Ogerpon|flinch\n|move|p1a: Arcanine|Snarl|p2b: Poleaxe|[spread] p2b\n|-immune|p2a: Zweihander|[from] ability: Soundproof\n|-resisted|p2b: Poleaxe\n|-damage|p2b: Poleaxe|87\/100\n|-unboost|p2b: Poleaxe|spa|1\n|move|p2a: Zweihander|Clangorous Soul|p2a: Zweihander\n|-boost|p2a: Zweihander|atk|1\n|-boost|p2a: Zweihander|def|1\n|-boost|p2a: Zweihander|spa|1\n|-boost|p2a: Zweihander|spd|1\n|-boost|p2a: Zweihander|spe|1\n|-enditem|p1a: Arcanine|Mirror Herb\n|-boost|p1a: Arcanine|atk|1|[from] item: Mirror Herb\n|-boost|p1a: Arcanine|def|1|[from] item: Mirror Herb\n|-boost|p1a: Arcanine|spa|1|[from] item: Mirror Herb\n|-boost|p1a: Arcanine|spd|1|[from] item: Mirror Herb\n|-boost|p1a: Arcanine|spe|1|[from] item: Mirror Herb\n|-damage|p2a: Zweihander|68\/100\n|-enditem|p2a: Zweihander|Throat Spray\n|-boost|p2a: Zweihander|spa|1|[from] item: Throat Spray\n|\n|upkeep\n|turn|2\n|\n|t:|1700086578\n|switch|p2b: Morgenstern|Volcarona, L50, F|100\/100\n|move|p2a: Zweihander|Protect|p2a: Zweihander\n|-singleturn|p2a: Zweihander|Protect\n|move|p1a: Arcanine|Flare Blitz|p2a: Zweihander\n|-activate|p2a: Zweihander|move: Protect\n|move|p1b: Ogerpon|Ivy Cudgel|p2b: Morgenstern|[anim] Ivy Cudgel Fire\n|-damage|p2b: Morgenstern|0 fnt\n|faint|p2b: Morgenstern\n|\n|upkeep\n|\n|t:|1700086588\n|switch|p2b: Poleaxe|Tinkaton, L50, F|87\/100\n|-ability|p2b: Poleaxe|Mold Breaker\n|turn|3\n|\n|t:|1700086602\n|move|p1a: Arcanine|Protect|p1a: Arcanine\n|-singleturn|p1a: Arcanine|Protect\n|move|p1b: Ogerpon|Spiky Shield|p1b: Ogerpon\n|-singleturn|p1b: Ogerpon|move: Protect\n|move|p2b: Poleaxe|Fake Out|p1b: Ogerpon\n|-activate|p1b: Ogerpon|move: Protect\n|-damage|p2b: Poleaxe|75\/100|[from] Spiky Shield|[of] p1b: Ogerpon\n|move|p2a: Zweihander|Clangorous Soul|p2a: Zweihander\n|-boost|p2a: Zweihander|atk|1\n|-boost|p2a: Zweihander|def|1\n|-boost|p2a: Zweihander|spa|1\n|-boost|p2a: Zweihander|spd|1\n|-boost|p2a: Zweihander|spe|1\n|-damage|p2a: Zweihander|35\/100\n|\n|upkeep\n|turn|4\n|\n|t:|1700086619\n|switch|p2b: Claymore|Dusknoir, L50, M|100\/100\n|-item|p1b: Ogerpon|Hearthflame Mask|[from] ability: Frisk|[of] p2b: Claymore|[identify]\n|-terastallize|p2a: Zweihander|Normal\n|move|p1a: Arcanine|Flare Blitz|p2a: Zweihander\n|-damage|p2a: Zweihander|6\/100\n|-damage|p1a: Arcanine|92\/100|[from] Recoil\n|move|p2a: Zweihander|Boomburst|p1b: Ogerpon|[spread] p1a,p1b\n|-immune|p2b: Claymore\n|-damage|p1a: Arcanine|0 fnt\n|-damage|p1b: Ogerpon|0 fnt\n|faint|p1a: Arcanine\n|faint|p1b: Ogerpon\n|\n|upkeep\n|\n|t:|1700086635\n|switch|p1b: Sinistcha|Sinistcha-Masterpiece, L50|100\/100\n|switch|p1a: Iron Hands|Iron Hands, L50|100\/100\n|turn|5\n|\n|t:|1700086652\n|move|p2a: Zweihander|Protect|p2a: Zweihander\n|-singleturn|p2a: Zweihander|Protect\n|move|p1b: Sinistcha|Scald|p2a: Zweihander\n|-activate|p2a: Zweihander|move: Protect\n|move|p1a: Iron Hands|Swords Dance|p1a: Iron Hands\n|-boost|p1a: Iron Hands|atk|2\n|move|p2b: Claymore|Will-O-Wisp|p1a: Iron Hands\n|-status|p1a: Iron Hands|brn\n|\n|-damage|p1a: Iron Hands|94\/100 brn|[from] brn\n|upkeep\n|turn|6\n|\n|t:|1700086675\n|move|p2a: Zweihander|Boomburst|p1b: Sinistcha|[spread] p1a\n|-immune|p2b: Claymore\n|-immune|p1b: Sinistcha\n|-damage|p1a: Iron Hands|0 fnt\n|faint|p1a: Iron Hands\n|-end|p1a: Iron Hands|Quark Drive|[silent]\n|move|p1b: Sinistcha|Scald|p2a: Zweihander\n|-damage|p2a: Zweihander|0 fnt\n|faint|p2a: Zweihander\n|move|p2b: Claymore|Poltergeist|p1b: Sinistcha\n|-activate|p1b: Sinistcha|move: Poltergeist|Figy Berry\n|-supereffective|p1b: Sinistcha\n|-crit|p1b: Sinistcha\n|-damage|p1b: Sinistcha|0 fnt\n|faint|p1b: Sinistcha\n|\n|win|Heaven64\n|raw|Peligrosplgs's rating: 1237 &rarr; <strong>1214<\/strong><br \/>(-23 for losing)\n|raw|Heaven64's rating: 1265 &rarr; <strong>1288<\/strong><br \/>(+23 for winning)\n|l|\u2606Peligrosplgs\n","uploadtime":1700086691,"views":14,"p1id":"peligrosplgs","p2id":"heaven64","formatid":"gen9vgc2023regulatione","rating":1214,"private":0,"password":""}