{"id":"gen9vgc2023regulatione-1993471196","p1":"Topperlecat","p2":"folovolo","format":"[Gen 9] VGC 2023 Regulation E","log":"|j|\u2606Topperlecat\n|j|\u2606folovolo\n|n|\u2606Topperlecat|topperlecat\n|n|\u2606folovolo|folovolo\n|html|View the match progress at <a href=\"\/game-bestof3-gen9vgc2023regulatione-1993471195\">game-bestof3-gen9vgc2023regulatione-1993471195<\/a>\n|t:|1700321924\n|gametype|doubles\n|player|p1|Topperlecat|102|\n|player|p2|folovolo|pokemonranger-gen4|\n|teamsize|p1|6\n|teamsize|p2|6\n|gen|9\n|tier|[Gen 9] VGC 2023 Regulation E\n|rated|Tournament battle\n|rule|Species Clause: Limit one of each Pok\u00e9mon\n|rule|Item Clause: Limit one of each item\n|clearpoke\n|poke|p1|Rillaboom, L50, F|\n|poke|p1|Arcanine-Hisui, L50, F|\n|poke|p1|Urshifu-*, L50, F|\n|poke|p1|Farigiraf, L50, F|\n|poke|p1|Iron Hands, L50|\n|poke|p1|Chien-Pao, L50|\n|poke|p2|Tornadus, L50, M|\n|poke|p2|Roaring Moon, L50|\n|poke|p2|Landorus-Therian, L50, M|\n|poke|p2|Heatran, L50, F|\n|poke|p2|Iron Hands, L50|\n|poke|p2|Wo-Chien, L50|\n|teampreview|4\n|showteam|p1|Rillaboom||MiracleSeed|GrassySurge|GrassyGlide,WoodHammer,FakeOut,Taunt|||F|||50|,,,,,Grass]Arcanine-Hisui||SitrusBerry|Intimidate|RockSlide,FlareBlitz,Protect,WillOWisp|||F|||50|,,,,,Water]Urshifu-Rapid-Strike||ChoiceScarf|UnseenFist|SurgingStrikes,CloseCombat,Uturn,AquaJet|||F|||50|,,,,,Water]Farigiraf||SafetyGoggles|ArmorTail|TrickRoom,NastyPlot,Psychic,DazzlingGleam|||F|||50|,,,,,Fairy]Iron Hands||AssaultVest|QuarkDrive|DrainPunch,FakeOut,HeavySlam,WildCharge||||||50|,,,,,Water]Chien-Pao||FocusSash|SwordofRuin|IcicleCrash,SuckerPunch,Protect,SacredSword||||||50|,,,,,Dark\n|showteam|p2|Tornadus||CovertCloak|Prankster|SunnyDay,Taunt,Tailwind,BleakwindStorm|||M|||50|,,,,,Dark]Roaring Moon||BoosterEnergy|Protosynthesis|DragonDance,Acrobatics,KnockOff,Protect||||||50|,,,,,Flying]Landorus-Therian||ChoiceScarf|Intimidate|TeraBlast,StompingTantrum,RockSlide,Uturn|||M|||50|,,,,,Flying]Heatran||ShucaBerry|FlashFire|FlashCannon,HeatWave,EarthPower,Protect|||F|||50|,,,,,Fairy]Iron Hands||AssaultVest|QuarkDrive|FakeOut,DrainPunch,HeavySlam,WildCharge||||||50|,,,,,Grass]Wo-Chien||Leftovers|TabletsofRuin|FoulPlay,LeechSeed,GigaDrain,Protect||||||50|,,,,,Poison\n|c|\u2606Topperlecat|WO CHIEN\n|c|\u2606Topperlecat|glhf\n|j|%Radio Free C-Side\n|j| EmceeMikey\n|c|\u2606folovolo|u2\n|\n|t:|1700321989\n|start\n|switch|p1a: Arcanine|Arcanine-Hisui, L50, F|100\/100\n|switch|p1b: Chien-Pao|Chien-Pao, L50|100\/100\n|switch|p2a: Iron Hands|Iron Hands, L50|100\/100\n|switch|p2b: Wo-Champion|Wo-Chien, L50|100\/100\n|-ability|p1b: Chien-Pao|Sword of Ruin\n|-ability|p1a: Arcanine|Intimidate|boost\n|-unboost|p2a: Iron Hands|atk|1\n|-unboost|p2b: Wo-Champion|atk|1\n|-ability|p2b: Wo-Champion|Tablets of Ruin\n|turn|1\n|inactive|Battle timer is ON: inactive players will automatically lose when time's up. (requested by folovolo)\n|\n|t:|1700322004\n|-end|p2a: Iron Hands|Quark Drive|[silent]\n|switch|p2a: Landorus|Landorus-Therian, L50, M|100\/100\n|-ability|p2a: Landorus|Intimidate|boost\n|-unboost|p1a: Arcanine|atk|1\n|-unboost|p1b: Chien-Pao|atk|1\n|move|p1b: Chien-Pao|Protect|p1b: Chien-Pao\n|-singleturn|p1b: Chien-Pao|Protect\n|move|p1a: Arcanine|Protect|p1a: Arcanine\n|-singleturn|p1a: Arcanine|Protect\n|move|p2b: Wo-Champion|Protect||[still]\n|-fail|p2b: Wo-Champion\n|\n|upkeep\n|turn|2\n|inactive|Topperlecat has 30 seconds left.\n|\n|t:|1700322030\n|switch|p1a: Farigiraf|Farigiraf, L50, F|100\/100\n|switch|p2b: Iron Hands|Iron Hands, L50|100\/100\n|move|p2a: Landorus|U-turn|p1b: Chien-Pao\n|-supereffective|p1b: Chien-Pao\n|-damage|p1b: Chien-Pao|30\/100\n|\n|t:|1700322044\n|switch|p2a: Wo-Champion|Wo-Chien, L50|100\/100|[from] U-turn\n|-ability|p2a: Wo-Champion|Tablets of Ruin\n|move|p1b: Chien-Pao|Icicle Crash|p2a: Wo-Champion\n|-supereffective|p2a: Wo-Champion\n|-damage|p2a: Wo-Champion|54\/100\n|\n|-heal|p2a: Wo-Champion|60\/100|[from] item: Leftovers\n|upkeep\n|turn|3\n|\n|t:|1700322062\n|move|p1b: Chien-Pao|Protect|p1b: Chien-Pao\n|-singleturn|p1b: Chien-Pao|Protect\n|move|p2a: Wo-Champion|Leech Seed|p1a: Farigiraf\n|-start|p1a: Farigiraf|move: Leech Seed\n|move|p2b: Iron Hands|Heavy Slam|p1b: Chien-Pao\n|-activate|p1b: Chien-Pao|move: Protect\n|move|p1a: Farigiraf|Nasty Plot|p1a: Farigiraf\n|-boost|p1a: Farigiraf|spa|2\n|\n|-heal|p2a: Wo-Champion|66\/100|[from] item: Leftovers\n|-damage|p1a: Farigiraf|88\/100|[from] Leech Seed|[of] p2a: Wo-Champion\n|-heal|p2a: Wo-Champion|81\/100|[silent]\n|upkeep\n|turn|4\n|\n|t:|1700322082\n|-terastallize|p1a: Farigiraf|Fairy\n|move|p1b: Chien-Pao|Icicle Crash|p2a: Wo-Champion\n|-supereffective|p2a: Wo-Champion\n|-damage|p2a: Wo-Champion|33\/100\n|move|p2a: Wo-Champion|Foul Play|p1a: Farigiraf\n|-resisted|p1a: Farigiraf\n|-damage|p1a: Farigiraf|77\/100\n|move|p2b: Iron Hands|Wild Charge|p1a: Farigiraf\n|-damage|p1a: Farigiraf|40\/100\n|-damage|p2b: Iron Hands|92\/100|[from] Recoil\n|move|p1a: Farigiraf|Dazzling Gleam|p2a: Wo-Champion|[spread] p2a,p2b\n|-supereffective|p2a: Wo-Champion\n|-supereffective|p2b: Iron Hands\n|-damage|p2a: Wo-Champion|0 fnt\n|-damage|p2b: Iron Hands|41\/100\n|faint|p2a: Wo-Champion\n|\n|upkeep\n|inactive|folovolo has 30 seconds left.\n|\n|t:|1700322115\n|switch|p2a: Landorus|Landorus-Therian, L50, M|100\/100\n|-ability|p2a: Landorus|Intimidate|boost\n|-unboost|p1a: Farigiraf|atk|1\n|-unboost|p1b: Chien-Pao|atk|1\n|turn|5\n|l| EmceeMikey\n|\n|t:|1700322124\n|switch|p1b: Arcanine|Arcanine-Hisui, L50, F|100\/100\n|-ability|p1b: Arcanine|Intimidate|boost\n|-unboost|p2a: Landorus|atk|1\n|-unboost|p2b: Iron Hands|atk|1\n|move|p2a: Landorus|Stomping Tantrum|p1a: Farigiraf\n|-damage|p1a: Farigiraf|20\/100\n|move|p2b: Iron Hands|Drain Punch|p1b: Arcanine\n|-supereffective|p1b: Arcanine\n|-damage|p1b: Arcanine|36\/100\n|-heal|p2b: Iron Hands|65\/100|[from] drain|[of] p1b: Arcanine\n|-enditem|p1b: Arcanine|Sitrus Berry|[eat]\n|-heal|p1b: Arcanine|61\/100|[from] item: Sitrus Berry\n|move|p1a: Farigiraf|Dazzling Gleam|p2b: Iron Hands|[spread] p2a,p2b\n|-supereffective|p2b: Iron Hands\n|-damage|p2a: Landorus|44\/100\n|-damage|p2b: Iron Hands|10\/100\n|\n|-damage|p1a: Farigiraf|8\/100|[from] Leech Seed|[of] p2a: Landorus\n|-heal|p2a: Landorus|59\/100|[silent]\n|upkeep\n|turn|6\n|\n|t:|1700322141\n|move|p1b: Arcanine|Protect|p1b: Arcanine\n|-singleturn|p1b: Arcanine|Protect\n|move|p2a: Landorus|Stomping Tantrum|p1b: Arcanine\n|-activate|p1b: Arcanine|move: Protect\n|move|p2b: Iron Hands|Drain Punch|p1a: Farigiraf\n|-resisted|p1a: Farigiraf\n|-damage|p1a: Farigiraf|0 fnt\n|-heal|p2b: Iron Hands|14\/100|[from] drain|[of] p1a: Farigiraf\n|faint|p1a: Farigiraf\n|\n|upkeep\n|\n|t:|1700322148\n|switch|p1a: Iron Hands|Iron Hands, L50|100\/100\n|turn|7\n|inactive|folovolo has 30 seconds left.\n|\n|t:|1700322175\n|switch|p2a: Roaring Moon|Roaring Moon, L50|100\/100\n|-enditem|p2a: Roaring Moon|Booster Energy\n|-activate|p2a: Roaring Moon|ability: Protosynthesis|[fromitem]\n|-start|p2a: Roaring Moon|protosynthesisatk\n|move|p1a: Iron Hands|Fake Out|p2a: Roaring Moon\n|-damage|p2a: Roaring Moon|84\/100\n|move|p1b: Arcanine|Flare Blitz|p2b: Iron Hands\n|-damage|p2b: Iron Hands|0 fnt\n|faint|p2b: Iron Hands\n|-end|p2b: Iron Hands|Quark Drive|[silent]\n|-damage|p1b: Arcanine|55\/100|[from] Recoil\n|\n|upkeep\n|\n|t:|1700322183\n|switch|p2b: Landorus|Landorus-Therian, L50, M|59\/100\n|-ability|p2b: Landorus|Intimidate|boost\n|-unboost|p1a: Iron Hands|atk|1\n|-unboost|p1b: Arcanine|atk|1\n|turn|8\n|\n|t:|1700322194\n|-terastallize|p2a: Roaring Moon|Flying\n|move|p1b: Arcanine|Protect|p1b: Arcanine\n|-singleturn|p1b: Arcanine|Protect\n|move|p2b: Landorus|Stomping Tantrum|p1a: Iron Hands\n|-supereffective|p1a: Iron Hands\n|-damage|p1a: Iron Hands|48\/100\n|move|p2a: Roaring Moon|Dragon Dance|p2a: Roaring Moon\n|-boost|p2a: Roaring Moon|atk|1\n|-boost|p2a: Roaring Moon|spe|1\n|move|p1a: Iron Hands|Drain Punch|p2a: Roaring Moon\n|-resisted|p2a: Roaring Moon\n|-damage|p2a: Roaring Moon|68\/100\n|-heal|p1a: Iron Hands|55\/100|[from] drain|[of] p2a: Roaring Moon\n|\n|upkeep\n|turn|9\n|inactive|folovolo has 30 seconds left.\n|inactive|folovolo has 20 seconds left.\n|\n|t:|1700322230\n|move|p2a: Roaring Moon|Protect|p2a: Roaring Moon\n|-singleturn|p2a: Roaring Moon|Protect\n|move|p2b: Landorus|Stomping Tantrum|p1b: Arcanine\n|-supereffective|p1b: Arcanine\n|-damage|p1b: Arcanine|0 fnt\n|faint|p1b: Arcanine\n|move|p1a: Iron Hands|Wild Charge|p2a: Roaring Moon\n|-activate|p2a: Roaring Moon|move: Protect\n|\n|upkeep\n|\n|t:|1700322238\n|switch|p1b: Chien-Pao|Chien-Pao, L50|30\/100\n|-ability|p1b: Chien-Pao|Sword of Ruin\n|turn|10\n|\n|t:|1700322262\n|move|p1b: Chien-Pao|Sucker Punch|p2b: Landorus\n|-crit|p2b: Landorus\n|-damage|p2b: Landorus|0 fnt\n|faint|p2b: Landorus\n|move|p2a: Roaring Moon|Acrobatics|p1a: Iron Hands\n|-damage|p1a: Iron Hands|0 fnt\n|faint|p1a: Iron Hands\n|-end|p1a: Iron Hands|Quark Drive|[silent]\n|\n|upkeep\n|turn|11\n|\n|t:|1700322279\n|move|p1b: Chien-Pao|Sucker Punch|p2a: Roaring Moon\n|-damage|p2a: Roaring Moon|14\/100\n|move|p2a: Roaring Moon|Acrobatics|p1b: Chien-Pao\n|-damage|p1b: Chien-Pao|0 fnt\n|faint|p1b: Chien-Pao\n|\n|win|folovolo\n|l|%Radio Free C-Side\n|c|&|\/uhtml prompt-topperlecat,Topperlecat is ready for game 2!\n|inactive|folovolo has 50 seconds to confirm battle start!\n|c|&|\/uhtml prompt-topperlecat,Topperlecat is ready for game 2!\n|inactive|folovolo has 40 seconds to confirm battle start!\n|c|&|\/uhtml prompt-folovolo,folovolo is ready for game 2!\nBoth players are ready! Starting next match!\n","uploadtime":1700322309,"views":14,"p1id":"topperlecat","p2id":"folovolo","formatid":"gen9vgc2023regulatione","rating":0,"private":0,"password":""}