{"id":"gen9vgc2023regulatione-1992334469","p1":"iloveyveldon","p2":"McLovinX100pre","format":"[Gen 9] VGC 2023 Regulation E","log":"|j|\u2606iloveyveldon\n|j|\u2606McLovinX100pre\n|t:|1700175822\n|gametype|doubles\n|player|p1|iloveyveldon|169|1163\n|player|p2|McLovinX100pre|lucas|1125\n|teamsize|p1|6\n|teamsize|p2|6\n|gen|9\n|tier|[Gen 9] VGC 2023 Regulation E\n|rated|\n|rule|Species Clause: Limit one of each Pok\u00e9mon\n|rule|Item Clause: Limit one of each item\n|clearpoke\n|poke|p1|Articuno, L50|\n|poke|p1|Ninetales-Alola, L50, F|\n|poke|p1|Iron Hands, L50|\n|poke|p1|Landorus-Therian, L50, M|\n|poke|p1|Ogerpon-Wellspring, L50, F|\n|poke|p1|Arcanine-Hisui, L50, F|\n|poke|p2|Dondozo, L50, M|\n|poke|p2|Tatsugiri-Stretchy, L50, F|\n|poke|p2|Gholdengo, L50|\n|poke|p2|Meowscarada, L50, F|\n|poke|p2|Murkrow, L50, F|\n|poke|p2|Baxcalibur, L50, F|\n|teampreview|4\niloveyveldon has agreed to open team sheets.\n|\n|t:|1700175854\n|start\n|switch|p1a: Articuno|Articuno, L50|100\/100\n|switch|p1b: Ninetales|Ninetales-Alola, L50, F|100\/100\n|switch|p2a: Baxcalibur|Baxcalibur, L50, F, shiny|100\/100\n|switch|p2b: Gholdengo|Gholdengo, L50, shiny|100\/100\n|-weather|Snow|[from] ability: Snow Warning|[of] p1b: Ninetales\n|turn|1\n|\n|t:|1700175890\n|move|p1b: Ninetales|Aurora Veil|p1b: Ninetales\n|-sidestart|p1: iloveyveldon|move: Aurora Veil\n|move|p1a: Articuno|Sheer Cold|p2b: Gholdengo|[miss]\n|-miss|p1a: Articuno|p2b: Gholdengo\n|move|p2b: Gholdengo|Make It Rain|p1b: Ninetales|[spread] p1a,p1b\n|-supereffective|p1a: Articuno\n|-supereffective|p1b: Ninetales\n|-damage|p1a: Articuno|21\/100\n|-damage|p1b: Ninetales|0 fnt\n|-unboost|p2b: Gholdengo|spa|1\n|faint|p1b: Ninetales\n|move|p2a: Baxcalibur|Icicle Spear|p1a: Articuno|[miss]\n|-miss|p2a: Baxcalibur|p1a: Articuno\n|\n|-weather|Snow|[upkeep]\n|upkeep\n|\n|t:|1700175905\n|switch|p1b: Arcanine|Arcanine-Hisui, L50, F|100\/100\n|-ability|p1b: Arcanine|Intimidate|boost\n|-unboost|p2a: Baxcalibur|atk|1\n|-unboost|p2b: Gholdengo|atk|1\n|turn|2\n|\n|t:|1700175921\n|switch|p2b: Meowscarada|Meowscarada, L50, F, shiny|100\/100\n|switch|p2a: Murkrow|Murkrow, L50, F, shiny|100\/100\n|move|p1a: Articuno|Sheer Cold|p2b: Meowscarada|[miss]\n|-miss|p1a: Articuno|p2b: Meowscarada\n|move|p1b: Arcanine|Rock Slide|p2b: Meowscarada|[spread] p2a,p2b\n|-supereffective|p2a: Murkrow\n|-damage|p2a: Murkrow|35\/100\n|-damage|p2b: Meowscarada|39\/100\n|\n|-weather|Snow|[upkeep]\n|upkeep\n|turn|3\n|\n|t:|1700175940\n|switch|p1a: Iron Hands|Iron Hands, L50|100\/100\n|move|p2a: Murkrow|Tailwind|p2a: Murkrow\n|-sidestart|p2: McLovinX100pre|move: Tailwind\n|move|p2b: Meowscarada|Knock Off|p1a: Iron Hands\n|-start|p2b: Meowscarada|typechange|Dark|[from] ability: Protean\n|-resisted|p1a: Iron Hands\n|-damage|p1a: Iron Hands|91\/100\n|-enditem|p1a: Iron Hands|Assault Vest|[from] move: Knock Off|[of] p2b: Meowscarada\n|move|p1b: Arcanine|Rock Slide|p2a: Murkrow|[spread] p2a,p2b\n|-supereffective|p2a: Murkrow\n|-damage|p2a: Murkrow|0 fnt\n|-damage|p2b: Meowscarada|0 fnt\n|faint|p2a: Murkrow\n|faint|p2b: Meowscarada\n|\n|-weather|Snow|[upkeep]\n|upkeep\n|\n|t:|1700175959\n|switch|p2b: Gholdengo|Gholdengo, L50, shiny|100\/100\n|switch|p2a: Baxcalibur|Baxcalibur, L50, F, shiny|100\/100\n|turn|4\n|\n|t:|1700175988\n|-terastallize|p2a: Baxcalibur|Water\n|move|p2b: Gholdengo|Make It Rain|p1b: Arcanine|[spread] p1a,p1b\n|-resisted|p1a: Iron Hands\n|-damage|p1a: Iron Hands|74\/100\n|-damage|p1b: Arcanine|50\/100\n|-unboost|p2b: Gholdengo|spa|1\n|move|p2a: Baxcalibur|Icicle Spear|p1b: Arcanine\n|-resisted|p1b: Arcanine\n|-damage|p1b: Arcanine|44\/100\n|-resisted|p1b: Arcanine\n|-damage|p1b: Arcanine|39\/100\n|-resisted|p1b: Arcanine\n|-damage|p1b: Arcanine|33\/100\n|-resisted|p1b: Arcanine\n|-damage|p1b: Arcanine|28\/100\n|-hitcount|p1b: Arcanine|4\n|move|p1b: Arcanine|Rock Slide|p2a: Baxcalibur|[spread] p2a,p2b\n|-resisted|p2b: Gholdengo\n|-damage|p2a: Baxcalibur|62\/100\n|-damage|p2b: Gholdengo|77\/100\n|move|p1a: Iron Hands|Drain Punch|p2a: Baxcalibur\n|-damage|p2a: Baxcalibur|25\/100\n|-heal|p1a: Iron Hands|91\/100|[from] drain|[of] p2a: Baxcalibur\n|\n|-weather|Snow|[upkeep]\n|upkeep\n|turn|5\n|\n|t:|1700176023\n|move|p2b: Gholdengo|Make It Rain|p1b: Arcanine|[spread] p1a,p1b\n|-resisted|p1a: Iron Hands\n|-damage|p1a: Iron Hands|80\/100\n|-damage|p1b: Arcanine|0 fnt\n|-unboost|p2b: Gholdengo|spa|1\n|faint|p1b: Arcanine\n|move|p2a: Baxcalibur|Glaive Rush|p1a: Iron Hands\n|-damage|p1a: Iron Hands|47\/100\n|-singlemove|p2a: Baxcalibur|Glaive Rush|[silent]\n|move|p1a: Iron Hands|Drain Punch|p2a: Baxcalibur\n|-damage|p2a: Baxcalibur|0 fnt\n|-heal|p1a: Iron Hands|58\/100|[from] drain|[of] p2a: Baxcalibur\n|faint|p2a: Baxcalibur\n|\n|-weather|none\n|upkeep\n|\n|t:|1700176027\n|switch|p1b: Articuno|Articuno, L50|21\/100\n|turn|6\n|\n|t:|1700176042\n|move|p2b: Gholdengo|Make It Rain|p1a: Iron Hands|[spread] p1a,p1b\n|-resisted|p1a: Iron Hands\n|-supereffective|p1b: Articuno\n|-damage|p1a: Iron Hands|49\/100\n|-damage|p1b: Articuno|0 fnt\n|-unboost|p2b: Gholdengo|spa|1\n|faint|p1b: Articuno\n|move|p1a: Iron Hands|Wild Charge|p2b: Gholdengo\n|-damage|p2b: Gholdengo|23\/100\n|-damage|p1a: Iron Hands|40\/100|[from] Recoil\n|\n|-sideend|p2: McLovinX100pre|move: Tailwind\n|upkeep\n|turn|7\n|\n|t:|1700176046\n|move|p2b: Gholdengo|Make It Rain|p1a: Iron Hands\n|-resisted|p1a: Iron Hands\n|-damage|p1a: Iron Hands|31\/100\n|-unboost|p2b: Gholdengo|spa|1\n|move|p1a: Iron Hands|Wild Charge|p2b: Gholdengo\n|-damage|p2b: Gholdengo|0 fnt\n|faint|p2b: Gholdengo\n|-damage|p1a: Iron Hands|27\/100|[from] Recoil\n|\n|win|iloveyveldon\n|raw|iloveyveldon's rating: 1163 &rarr; <strong>1185<\/strong><br \/>(+22 for winning)\n|raw|McLovinX100pre's rating: 1125 &rarr; <strong>1103<\/strong><br \/>(-22 for losing)\n","uploadtime":1700176051,"views":14,"p1id":"iloveyveldon","p2id":"mclovinx100pre","formatid":"gen9vgc2023regulatione","rating":1103,"private":0,"password":""}