{"id":"gen9vgc2023regulatione-1999000224","p1":"kdnsjfq","p2":"FernandoT15","format":"[Gen 9] VGC 2023 Regulation E","log":"|j|\u2606kdnsjfq\n|j|\u2606FernandoT15\n|t:|1701022475\n|gametype|doubles\n|player|p1|kdnsjfq|169|1318\n|player|p2|FernandoT15|102|1317\n|teamsize|p1|6\n|teamsize|p2|6\n|gen|9\n|tier|[Gen 9] VGC 2023 Regulation E\n|rated|\n|rule|Species Clause: Limit one of each Pok\u00e9mon\n|rule|Item Clause: Limit one of each item\n|clearpoke\n|poke|p1|Chi-Yu, L50|\n|poke|p1|Urshifu-*, L50, M|\n|poke|p1|Brambleghast, L50, F|\n|poke|p1|Tinkaton, L50, F|\n|poke|p1|Kilowattrel, L50, F|\n|poke|p1|Farigiraf, L50, M|\n|poke|p2|Heatran, L50, M|\n|poke|p2|Rillaboom, L50, M|\n|poke|p2|Dragonite, L50, F|\n|poke|p2|Chien-Pao, L50|\n|poke|p2|Farigiraf, L50, M|\n|poke|p2|Urshifu-*, L50, F|\n|teampreview|4\n|c|\u2606kdnsjfq|good luck\n|\n|t:|1701022520\n|start\n|switch|p1a: Tinkaton|Tinkaton, L50, F|100\/100\n|switch|p1b: Urshifu|Urshifu-Rapid-Strike, L50, M|100\/100\n|switch|p2a: Dragonite|Dragonite, L50, F|100\/100\n|switch|p2b: Urshifu|Urshifu-Rapid-Strike, L50, F|100\/100\n|-ability|p1a: Tinkaton|Mold Breaker\n|turn|1\n|\n|t:|1701022557\n|switch|p1b: Farigiraf|Farigiraf, L50, M|100\/100\n|move|p1a: Tinkaton|Fake Out|p2b: Urshifu\n|-crit|p2b: Urshifu\n|-damage|p2b: Urshifu|90\/100\n|move|p2a: Dragonite|Extreme Speed||[still]\n|cant|p1b: Farigiraf|ability: Armor Tail|Extreme Speed|[of] p2a: Dragonite\n|cant|p2b: Urshifu|flinch\n|\n|upkeep\n|turn|2\n|\n|t:|1701022579\n|switch|p2a: Rillaboom|Rillaboom, L50, M|100\/100\n|-fieldstart|move: Grassy Terrain|[from] ability: Grassy Surge|[of] p2a: Rillaboom\n|move|p1b: Farigiraf|Helping Hand|p1a: Tinkaton\n|-singleturn|p1a: Tinkaton|Helping Hand|[of] p1b: Farigiraf\n|move|p2b: Urshifu|U-turn|p1b: Farigiraf\n|-supereffective|p1b: Farigiraf\n|-damage|p1b: Farigiraf|58\/100\n|-damage|p2b: Urshifu|73\/100|[from] item: Rocky Helmet|[of] p1b: Farigiraf\n|\n|t:|1701022590\n|switch|p2b: Heatran|Heatran, L50, M|100\/100|[from] U-turn\n|move|p1a: Tinkaton|Play Rough|p2b: Heatran\n|-resisted|p2b: Heatran\n|-damage|p2b: Heatran|93\/100\n|-unboost|p2b: Heatran|atk|1\n|\n|-heal|p2b: Heatran|98\/100|[from] Grassy Terrain\n|-heal|p1b: Farigiraf|64\/100|[from] Grassy Terrain\n|upkeep\n|turn|3\n|\n|t:|1701022619\n|move|p1a: Tinkaton|Protect|p1a: Tinkaton\n|-singleturn|p1a: Tinkaton|Protect\n|move|p2a: Rillaboom|U-turn|p1b: Farigiraf\n|-supereffective|p1b: Farigiraf\n|-damage|p1b: Farigiraf|22\/100\n|-damage|p2a: Rillaboom|84\/100|[from] item: Rocky Helmet|[of] p1b: Farigiraf\n|\n|t:|1701022630\n|switch|p2a: Dragonite|Dragonite, L50, F|100\/100|[from] U-turn\n|move|p2b: Heatran|Heat Wave|p1b: Farigiraf|[spread] p1b\n|-activate|p1a: Tinkaton|move: Protect\n|-damage|p1b: Farigiraf|0 fnt\n|faint|p1b: Farigiraf\n|\n|-heal|p2b: Heatran|100\/100|[from] Grassy Terrain\n|upkeep\n|\n|t:|1701022648\n|switch|p1b: Urshifu|Urshifu-Rapid-Strike, L50, M|100\/100\n|turn|4\n|\n|t:|1701022677\n|switch|p1a: Chi-Yu|Chi-Yu, L50|100\/100\n|-ability|p1a: Chi-Yu|Beads of Ruin\n|-terastallize|p2b: Heatran|Grass\n|move|p2a: Dragonite|Extreme Speed|p1b: Urshifu\n|-damage|p1b: Urshifu|53\/100\n|move|p1b: Urshifu|Close Combat|p2b: Heatran\n|-damage|p2b: Heatran|44\/100\n|-unboost|p1b: Urshifu|def|1\n|-unboost|p1b: Urshifu|spd|1\n|move|p2b: Heatran|Heat Wave|p1b: Urshifu|[spread] p1a,p1b\n|-resisted|p1a: Chi-Yu\n|-resisted|p1b: Urshifu\n|-damage|p1a: Chi-Yu|78\/100\n|-damage|p1b: Urshifu|0 fnt\n|faint|p1b: Urshifu\n|\n|-heal|p1a: Chi-Yu|84\/100|[from] Grassy Terrain\n|-heal|p2b: Heatran|50\/100|[from] Grassy Terrain\n|upkeep\n|\n|t:|1701022691\n|switch|p1b: Tinkaton|Tinkaton, L50, F|100\/100\n|-ability|p1b: Tinkaton|Mold Breaker\n|turn|5\n|\n|t:|1701022707\n|-terastallize|p1b: Tinkaton|Water\n|move|p2a: Dragonite|Extreme Speed|p1a: Chi-Yu\n|-crit|p1a: Chi-Yu\n|-damage|p1a: Chi-Yu|0 fnt\n|faint|p1a: Chi-Yu\n|move|p1b: Tinkaton|Play Rough|p2a: Dragonite\n|-supereffective|p2a: Dragonite\n|-damage|p2a: Dragonite|51\/100\n|move|p2b: Heatran|Heat Wave|p1b: Tinkaton\n|-resisted|p1b: Tinkaton\n|-damage|p1b: Tinkaton|79\/100\n|\n|-heal|p1b: Tinkaton|86\/100|[from] Grassy Terrain\n|-heal|p1b: Tinkaton|92\/100|[from] item: Leftovers\n|-heal|p2b: Heatran|56\/100|[from] Grassy Terrain\n|upkeep\n|turn|6\n|\n|t:|1701022725\n|move|p2a: Dragonite|Extreme Speed|p1b: Tinkaton\n|-damage|p1b: Tinkaton|46\/100\n|move|p1b: Tinkaton|Play Rough|p2a: Dragonite\n|-supereffective|p2a: Dragonite\n|-damage|p2a: Dragonite|1\/100\n|move|p2b: Heatran|Tera Blast|p1b: Tinkaton|[anim] Tera Blast Grass\n|-supereffective|p1b: Tinkaton\n|-damage|p1b: Tinkaton|0 fnt\n|faint|p1b: Tinkaton\n|\n|win|FernandoT15\n|raw|kdnsjfq's rating: 1318 &rarr; <strong>1298<\/strong><br \/>(-20 for losing)\n|raw|FernandoT15's rating: 1317 &rarr; <strong>1337<\/strong><br \/>(+20 for winning)\n|c|\u2606kdnsjfq|gg\n|c|\u2606FernandoT15|gg\n|l|\u2606kdnsjfq\n","uploadtime":1701022751,"views":10,"p1id":"kdnsjfq","p2id":"fernandot15","formatid":"gen9vgc2023regulatione","rating":1298,"private":0,"password":""}