{"id":"gen9vgc2023regulatione-1990707978","p1":"Rhinellat","p2":"ThiagoPrates23","format":"[Gen 9] VGC 2023 Regulation E","log":"|j|\u203dRhinellat\n|j|\u2606ThiagoPrates23\n|t:|1699993593\n|gametype|doubles\n|player|p1|Rhinellat|pokemaniac|1393\n|player|p2|ThiagoPrates23|lance|1458\n|teamsize|p1|6\n|teamsize|p2|6\n|gen|9\n|tier|[Gen 9] VGC 2023 Regulation E\n|rated|\n|rule|Species Clause: Limit one of each Pok\u00e9mon\n|rule|Item Clause: Limit one of each item\n|clearpoke\n|poke|p1|Ogerpon-Hearthflame, L50, F|\n|poke|p1|Landorus-Therian, L50, M|\n|poke|p1|Grimmsnarl, L50, M|\n|poke|p1|Chien-Pao, L50|\n|poke|p1|Flutter Mane, L50|\n|poke|p1|Tornadus, L50, M|\n|poke|p2|Dragonite, L50, M|\n|poke|p2|Chien-Pao, L50|\n|poke|p2|Urshifu-*, L50, M|\n|poke|p2|Tornadus, L50, M|\n|poke|p2|Flutter Mane, L50|\n|poke|p2|Chi-Yu, L50|\n|teampreview|4\nRhinellat has agreed to open team sheets.\n|inactive|Battle timer is ON: inactive players will automatically lose when time's up. (requested by ThiagoPrates23)\n|\n|t:|1699993614\n|start\n|switch|p1a: Grimmsnarl|Grimmsnarl, L50, M|100\/100\n|switch|p1b: Ogerpon|Ogerpon-Hearthflame, L50, F|100\/100\n|switch|p2a: Tornadus|Tornadus, L50, M|100\/100\n|switch|p2b: Urshifu|Urshifu-Rapid-Strike, L50, M|100\/100\n|-ability|p1b: Ogerpon|Mold Breaker\n|turn|1\n|\n|t:|1699993627\n|move|p2b: Urshifu|Detect|p2b: Urshifu\n|-singleturn|p2b: Urshifu|Protect\n|move|p1a: Grimmsnarl|Fake Out|p2b: Urshifu\n|-activate|p2b: Urshifu|move: Protect\n|move|p2a: Tornadus|Rain Dance|p2a: Tornadus\n|-weather|RainDance\n|move|p1b: Ogerpon|Horn Leech|p2b: Urshifu\n|-activate|p2b: Urshifu|move: Protect\n|\n|-weather|RainDance|[upkeep]\n|upkeep\n|turn|2\n|\n|t:|1699993646\n|move|p2a: Tornadus|Tailwind|p2a: Tornadus\n|-sidestart|p2: ThiagoPrates23|move: Tailwind\n|move|p2b: Urshifu|Surging Strikes|p1b: Ogerpon\n|-crit|p1b: Ogerpon\n|-damage|p1b: Ogerpon|50\/100\n|-crit|p1b: Ogerpon\n|-damage|p1b: Ogerpon|6\/100\n|-crit|p1b: Ogerpon\n|-damage|p1b: Ogerpon|0 fnt\n|faint|p1b: Ogerpon\n|-hitcount|p1: Ogerpon|3\n|move|p1a: Grimmsnarl|Spirit Break|p2b: Urshifu\n|-supereffective|p2b: Urshifu\n|-damage|p2b: Urshifu|31\/100\n|-unboost|p2b: Urshifu|spa|1\n|\n|-weather|RainDance|[upkeep]\n|upkeep\n|\n|t:|1699993664\n|switch|p1b: Chien-Pao|Chien-Pao, L50|100\/100\n|-ability|p1b: Chien-Pao|Sword of Ruin\n|turn|3\n|\n|t:|1699993671\n|-terastallize|p2b: Urshifu|Water\n|move|p1b: Chien-Pao|Sucker Punch|p2b: Urshifu\n|-damage|p2b: Urshifu|0 fnt\n|faint|p2b: Urshifu\n|move|p2a: Tornadus|Bleakwind Storm|p1b: Chien-Pao|[spread] p1a,p1b\n|-damage|p1a: Grimmsnarl|68\/100\n|-damage|p1b: Chien-Pao|45\/100\n|-unboost|p1b: Chien-Pao|spe|1\n|move|p1a: Grimmsnarl|Spirit Break|p2a: Tornadus\n|-damage|p2a: Tornadus|49\/100\n|-unboost|p2a: Tornadus|spa|1\n|\n|-weather|RainDance|[upkeep]\n|upkeep\n|\n|t:|1699993687\n|switch|p2b: Dragonite|Dragonite, L50, M, shiny|100\/100\n|turn|4\n|\n|t:|1699993697\n|move|p1b: Chien-Pao|Protect|p1b: Chien-Pao\n|-singleturn|p1b: Chien-Pao|Protect\n|move|p2b: Dragonite|Extreme Speed|p1b: Chien-Pao\n|-activate|p1b: Chien-Pao|move: Protect\n|move|p2a: Tornadus|Bleakwind Storm|p1b: Chien-Pao|[spread] p1a\n|-activate|p1b: Chien-Pao|move: Protect\n|-damage|p1a: Grimmsnarl|44\/100\n|move|p1a: Grimmsnarl|Spirit Break|p2b: Dragonite\n|-supereffective|p2b: Dragonite\n|-crit|p2b: Dragonite\n|-damage|p2b: Dragonite|0 fnt\n|faint|p2b: Dragonite\n|\n|-weather|RainDance|[upkeep]\n|upkeep\n|\n|t:|1699993710\n|switch|p2b: Chien-Pao|Chien-Pao, L50|100\/100\n|-ability|p2b: Chien-Pao|Sword of Ruin\n|turn|5\n|\n|t:|1699993722\n|move|p2b: Chien-Pao|Sucker Punch|p1b: Chien-Pao\n|-resisted|p1b: Chien-Pao\n|-damage|p1b: Chien-Pao|19\/100\n|move|p1b: Chien-Pao|Sucker Punch|p2a: Tornadus\n|-damage|p2a: Tornadus|2\/100\n|move|p2a: Tornadus|Bleakwind Storm|p1a: Grimmsnarl|[spread] p1a,p1b\n|-damage|p1a: Grimmsnarl|21\/100\n|-damage|p1b: Chien-Pao|0 fnt\n|faint|p1b: Chien-Pao\n|move|p1a: Grimmsnarl|Spirit Break|p2b: Chien-Pao\n|-supereffective|p2b: Chien-Pao\n|-enditem|p2b: Chien-Pao|Focus Sash\n|-damage|p2b: Chien-Pao|1\/100\n|-unboost|p2b: Chien-Pao|spa|1\n|\n|-weather|none\n|-sideend|p2: ThiagoPrates23|move: Tailwind\n|upkeep\n|\n|t:|1699993739\n|switch|p1b: Landorus|Landorus-Therian, L50, M|100\/100\n|-ability|p1b: Landorus|Intimidate|boost\n|-unboost|p2a: Tornadus|atk|1\n|-unboost|p2b: Chien-Pao|atk|1\n|turn|6\n|\n|t:|1699993752\n|move|p2a: Tornadus|Tailwind|p2a: Tornadus\n|-sidestart|p2: ThiagoPrates23|move: Tailwind\n|move|p1a: Grimmsnarl|Reflect|p1a: Grimmsnarl\n|-sidestart|p1: Rhinellat|Reflect\n|move|p2b: Chien-Pao|Icicle Crash|p1b: Landorus\n|-supereffective|p1b: Landorus\n|-damage|p1b: Landorus|0 fnt\n|faint|p1b: Landorus\n|\n|upkeep\n|turn|7\n|\n|t:|1699993764\n|move|p2b: Chien-Pao|Lash Out|p1a: Grimmsnarl\n|-resisted|p1a: Grimmsnarl\n|-damage|p1a: Grimmsnarl|14\/100\n|move|p2a: Tornadus|Bleakwind Storm|p1a: Grimmsnarl\n|-damage|p1a: Grimmsnarl|0 fnt\n|faint|p1a: Grimmsnarl\n|\n|win|ThiagoPrates23\n|raw|Rhinellat's rating: 1393 &rarr; <strong>1377<\/strong><br \/>(-16 for losing)\n|raw|ThiagoPrates23's rating: 1458 &rarr; <strong>1474<\/strong><br \/>(+16 for winning)\n|l|\u203dRhinellat\n","uploadtime":1699993778,"views":10,"p1id":"rhinellat","p2id":"thiagoprates23","formatid":"gen9vgc2023regulatione","rating":1377,"private":0,"password":""}