{"id":"gen9vgc2023regulatione-1995038424","p1":"Daniel1132","p2":"Sprinklez619","format":"[Gen 9] VGC 2023 Regulation E","log":"|j|\u2606Daniel1132\n|j|\u2606Sprinklez619\n|t:|1700515952\n|gametype|doubles\n|player|p1|Daniel1132|wattson|1018\n|player|p2|Sprinklez619|1|1010\n|teamsize|p1|6\n|teamsize|p2|6\n|gen|9\n|tier|[Gen 9] VGC 2023 Regulation E\n|rated|\n|rule|Species Clause: Limit one of each Pok\u00e9mon\n|rule|Item Clause: Limit one of each item\n|clearpoke\n|poke|p1|Tornadus, L50, M|\n|poke|p1|Urshifu-*, L50, F|\n|poke|p1|Flutter Mane, L50|\n|poke|p1|Chien-Pao, L50|\n|poke|p1|Rillaboom, L50, M|\n|poke|p1|Arcanine-Hisui, L50, M|\n|poke|p2|Regieleki, L50|\n|poke|p2|Roaring Moon, L50|\n|poke|p2|Chi-Yu, L50|\n|poke|p2|Sinistcha, L50|\n|poke|p2|Landorus-Therian, L50, M|\n|poke|p2|Ogerpon-Wellspring, L50, F|\n|teampreview|4\n|\n|t:|1700516005\n|start\n|switch|p1a: Tornadus|Tornadus, L50, M|100\/100\n|switch|p1b: Flutter Mane|Flutter Mane, L50|100\/100\n|switch|p2a: Regieleki|Regieleki, L50|100\/100\n|switch|p2b: Chi-Yu|Chi-Yu, L50|100\/100\n|-ability|p2b: Chi-Yu|Beads of Ruin\n|-enditem|p1b: Flutter Mane|Booster Energy\n|-activate|p1b: Flutter Mane|ability: Protosynthesis|[fromitem]\n|-start|p1b: Flutter Mane|protosynthesisspe\n|turn|1\n|\n|t:|1700516034\n|move|p1a: Tornadus|Tailwind|p1a: Tornadus\n|-sidestart|p1: Daniel1132|move: Tailwind\n|move|p1b: Flutter Mane|Dazzling Gleam|p2a: Regieleki|[spread] p2a,p2b\n|-damage|p2a: Regieleki|23\/100\n|-damage|p2b: Chi-Yu|64\/100\n|move|p2a: Regieleki|Electroweb|p1b: Flutter Mane|[spread] p1a,p1b\n|-supereffective|p1a: Tornadus\n|-damage|p1a: Tornadus|36\/100\n|-damage|p1b: Flutter Mane|54\/100\n|-unboost|p1a: Tornadus|spe|1\n|-unboost|p1b: Flutter Mane|spe|1\n|move|p2b: Chi-Yu|Snarl|p1b: Flutter Mane|[spread] p1a\n|-miss|p2b: Chi-Yu|p1b: Flutter Mane\n|-damage|p1a: Tornadus|0 fnt\n|faint|p1a: Tornadus\n|\n|upkeep\n|\n|t:|1700516050\n|switch|p1a: Urshifu|Urshifu-Rapid-Strike, L50, F|100\/100\n|turn|2\n|\n|t:|1700516066\n|switch|p2b: Sinistcha|Sinistcha, L50|100\/100\n|-heal|p2a: Regieleki|48\/100|[from] ability: Hospitality|[of] p2b: Sinistcha\n|move|p2a: Regieleki|Protect|p2a: Regieleki\n|-singleturn|p2a: Regieleki|Protect\n|move|p1b: Flutter Mane|Dazzling Gleam|p2b: Sinistcha|[spread] p2b\n|-activate|p2a: Regieleki|move: Protect\n|-damage|p2b: Sinistcha|67\/100\n|move|p1a: Urshifu|Surging Strikes|p2b: Sinistcha\n|-resisted|p2b: Sinistcha\n|-crit|p2b: Sinistcha\n|-damage|p2b: Sinistcha|57\/100\n|-damage|p1a: Urshifu|84\/100|[from] item: Rocky Helmet|[of] p2b: Sinistcha\n|-resisted|p2b: Sinistcha\n|-crit|p2b: Sinistcha\n|-damage|p2b: Sinistcha|44\/100\n|-damage|p1a: Urshifu|67\/100|[from] item: Rocky Helmet|[of] p2b: Sinistcha\n|-resisted|p2b: Sinistcha\n|-crit|p2b: Sinistcha\n|-damage|p2b: Sinistcha|33\/100\n|-damage|p1a: Urshifu|51\/100|[from] item: Rocky Helmet|[of] p2b: Sinistcha\n|-hitcount|p2b: Sinistcha|3\n|\n|upkeep\n|turn|3\n|\n|t:|1700516097\n|move|p1b: Flutter Mane|Shadow Ball|p2b: Sinistcha\n|-supereffective|p2b: Sinistcha\n|-damage|p2b: Sinistcha|0 fnt\n|faint|p2b: Sinistcha\n|move|p1a: Urshifu|Surging Strikes|p2a: Regieleki\n|-crit|p2a: Regieleki\n|-damage|p2a: Regieleki|9\/100\n|-crit|p2a: Regieleki\n|-damage|p2a: Regieleki|0 fnt\n|faint|p2a: Regieleki\n|-hitcount|p2: Regieleki|2\n|\n|upkeep\n|\n|t:|1700516109\n|switch|p2a: Chi-Yu|Chi-Yu, L50|64\/100\n|switch|p2b: Landorus|Landorus-Therian, L50, M|100\/100\n|-ability|p2b: Landorus|Intimidate|boost\n|-unboost|p1a: Urshifu|atk|1\n|-unboost|p1b: Flutter Mane|atk|1\n|-ability|p2a: Chi-Yu|Beads of Ruin\n|turn|4\n|\n|t:|1700516144\n|-terastallize|p1a: Urshifu|Water\n|-terastallize|p2a: Chi-Yu|Psychic\n|move|p1b: Flutter Mane|Dazzling Gleam|p2a: Chi-Yu|[spread] p2a,p2b\n|-damage|p2a: Chi-Yu|27\/100\n|-damage|p2b: Landorus|42\/100\n|move|p1a: Urshifu|Surging Strikes|p2a: Chi-Yu\n|-crit|p2a: Chi-Yu\n|-damage|p2a: Chi-Yu|0 fnt\n|faint|p2a: Chi-Yu\n|-hitcount|p2: Chi-Yu|1\n|move|p2b: Landorus|Rock Slide|p1a: Urshifu|[spread] p1a,p1b\n|-damage|p1a: Urshifu|27\/100\n|-damage|p1b: Flutter Mane|3\/100\n|\n|-sideend|p1: Daniel1132|move: Tailwind\n|upkeep\n|turn|5\n|\n|t:|1700516167\n|move|p2b: Landorus|Rock Slide|p1b: Flutter Mane|[spread] p1b\n|-miss|p2b: Landorus|p1a: Urshifu\n|-damage|p1b: Flutter Mane|0 fnt\n|faint|p1b: Flutter Mane\n|-end|p1b: Flutter Mane|Protosynthesis|[silent]\n|move|p1a: Urshifu|Surging Strikes|p2b: Landorus\n|-supereffective|p2b: Landorus\n|-crit|p2b: Landorus\n|-damage|p2b: Landorus|0 fnt\n|faint|p2b: Landorus\n|-hitcount|p2: Landorus|1\n|\n|win|Daniel1132\n|raw|Daniel1132's rating: 1018 &rarr; <strong>1054<\/strong><br \/>(+36 for winning)\n|raw|Sprinklez619's rating: 1010 &rarr; <strong>1000<\/strong><br \/>(-10 for losing)\n|l|\u2606Sprinklez619\n","uploadtime":1700516314,"views":14,"p1id":"daniel1132","p2id":"sprinklez619","formatid":"gen9vgc2023regulatione","rating":1000,"private":0,"password":""}