{"id":"gen9vgc2023regulatione-1995825609","p1":"StonerSomeone","p2":"WickedCheeseTouch","format":"[Gen 9] VGC 2023 Regulation E","log":"|j|\u2606StonerSomeone\n|j|\u2606WickedCheeseTouch\n|n|\u2606StonerSomeone|stonersomeone\n|n|\u2606WickedCheeseTouch|wickedcheesetouch\n|html|View the match progress at <a href=\"\/game-bestof3-gen9vgc2023regulatione-1995822961\">game-bestof3-gen9vgc2023regulatione-1995822961<\/a>\n|t:|1700606892\n|gametype|doubles\n|player|p1|StonerSomeone|anabel|\n|player|p2|WickedCheeseTouch|lucas|\n|teamsize|p1|6\n|teamsize|p2|6\n|gen|9\n|tier|[Gen 9] VGC 2023 Regulation E\n|rated|Tournament battle\n|rule|Species Clause: Limit one of each Pok\u00e9mon\n|rule|Item Clause: Limit one of each item\n|clearpoke\n|poke|p1|Moltres, L50|\n|poke|p1|Iron Hands, L50|\n|poke|p1|Urshifu-*, L50, F|\n|poke|p1|Flutter Mane, L50|\n|poke|p1|Landorus-Therian, L50, M|\n|poke|p1|Milotic, L50, F|\n|poke|p2|Roaring Moon, L50|\n|poke|p2|Rillaboom, L50, M|\n|poke|p2|Clefairy, L50, F|\n|poke|p2|Arcanine-Hisui, L50, M|\n|poke|p2|Urshifu-*, L50, M|\n|poke|p2|Gholdengo, L50|\n|teampreview|4\n|showteam|p1|Moltres||RockyHelmet|FlameBody|HeatWave,AirSlash,Tailwind,Roost||||||50|,,,,,Dragon]Iron Hands||AssaultVest|QuarkDrive|DrainPunch,WildCharge,HeavySlam,FakeOut||||||50|,,,,,Fire]Urshifu||BlackGlasses|UnseenFist|Protect,WickedBlow,SuckerPunch,CloseCombat|||F|||50|,,,,,Poison]Flutter Mane||ChoiceSpecs|Protosynthesis|PowerGem,DazzlingGleam,Moonblast,ShadowBall||||||50|,,,,,Fairy]Landorus-Therian||ChoiceScarf|Intimidate|TeraBlast,StompingTantrum,Uturn,RockSlide|||M|||50|,,,,,Flying]Milotic||SitrusBerry|Competitive|Scald,IcyWind,Recover,Protect|||F|||50|,,,,,Grass\n|showteam|p2|Roaring Moon||BoosterEnergy|Protosynthesis|BreakingSwipe,Tailwind,KnockOff,Protect||||||50|,,,,,Poison]Rillaboom||AssaultVest|GrassySurge|FakeOut,WoodHammer,GrassyGlide,HighHorsepower|||M|||50|,,,,,Fire]Clefairy||Eviolite|FriendGuard|FollowMe,HealPulse,Encore,Protect|||F|||50|,,,,,Grass]Arcanine-Hisui||ChoiceBand|Intimidate|FlareBlitz,RockSlide,HeadSmash,ExtremeSpeed|||M|||50|,,,,,Fairy]Urshifu-Rapid-Strike||ChoiceScarf|UnseenFist|SurgingStrikes,CloseCombat,AquaJet,Uturn|||M|||50|,,,,,Water]Gholdengo||Leftovers|GoodasGold|MakeItRain,ShadowBall,NastyPlot,Protect||||||50|,,,,,Dragon\n|inactive|Battle timer is ON: inactive players will automatically lose when time's up. (requested by StonerSomeone)\n|j| KingFlavoris\n|j| Red Fang X\n|j| Lawrence_lmao\n|inactive|StonerSomeone has 60 seconds left.\n|inactive|WickedCheeseTouch has 60 seconds left.\n|\n|t:|1700606942\n|start\n|switch|p1a: Iron Hands|Iron Hands, L50|100\/100\n|switch|p1b: Moltres|Moltres, L50|100\/100\n|switch|p2a: Urshifu|Urshifu-Rapid-Strike, L50, M|100\/100\n|switch|p2b: Gholdengo|Gholdengo, L50, shiny|100\/100\n|turn|1\n|\n|t:|1700606957\n|switch|p2a: Rillaboom|Rillaboom, L50, M|100\/100\n|-fieldstart|move: Grassy Terrain|[from] ability: Grassy Surge|[of] p2a: Rillaboom\n|-terastallize|p2b: Gholdengo|Dragon\n|move|p1a: Iron Hands|Fake Out|p2a: Rillaboom\n|-damage|p2a: Rillaboom|86\/100\n|move|p2b: Gholdengo|Nasty Plot|p2b: Gholdengo\n|-boost|p2b: Gholdengo|spa|2\n|move|p1b: Moltres|Tailwind|p1b: Moltres\n|-sidestart|p1: StonerSomeone|move: Tailwind\n|\n|-heal|p2a: Rillaboom|92\/100|[from] Grassy Terrain\n|upkeep\n|turn|2\n|\n|t:|1700606986\n|move|p2a: Rillaboom|Fake Out|p1a: Iron Hands\n|-damage|p1a: Iron Hands|90\/100\n|move|p1b: Moltres|Air Slash|p2b: Gholdengo\n|-damage|p2b: Gholdengo|64\/100\n|cant|p1a: Iron Hands|flinch\n|move|p2b: Gholdengo|Shadow Ball|p1b: Moltres\n|-damage|p1b: Moltres|20\/100\n|-unboost|p1b: Moltres|spd|1\n|\n|-heal|p1a: Iron Hands|96\/100|[from] Grassy Terrain\n|-heal|p2b: Gholdengo|70\/100|[from] Grassy Terrain\n|-heal|p2b: Gholdengo|76\/100|[from] item: Leftovers\n|-heal|p2a: Rillaboom|98\/100|[from] Grassy Terrain\n|upkeep\n|turn|3\n|\n|t:|1700607006\n|switch|p2a: Roaring Moon|Roaring Moon, L50|100\/100\n|-enditem|p2a: Roaring Moon|Booster Energy\n|-activate|p2a: Roaring Moon|ability: Protosynthesis|[fromitem]\n|-start|p2a: Roaring Moon|protosynthesisspe\n|move|p1b: Moltres|Air Slash|p2b: Gholdengo\n|-damage|p2b: Gholdengo|37\/100\n|move|p1a: Iron Hands|Drain Punch|p2b: Gholdengo\n|-damage|p2b: Gholdengo|0 fnt\n|-heal|p1a: Iron Hands|100\/100|[from] drain|[of] p2b: Gholdengo\n|faint|p2b: Gholdengo\n|\n|upkeep\n|\n|t:|1700607018\n|switch|p2b: Urshifu|Urshifu-Rapid-Strike, L50, M|100\/100\n|turn|4\n|\n|t:|1700607032\n|switch|p1b: Milotic|Milotic, L50, F|100\/100\n|move|p2a: Roaring Moon|Knock Off|p1b: Milotic\n|-damage|p1b: Milotic|60\/100\n|-enditem|p1b: Milotic|Sitrus Berry|[from] move: Knock Off|[of] p2a: Roaring Moon\n|move|p2b: Urshifu|Surging Strikes|p1a: Iron Hands\n|-crit|p1a: Iron Hands\n|-damage|p1a: Iron Hands|86\/100\n|-crit|p1a: Iron Hands\n|-damage|p1a: Iron Hands|72\/100\n|-crit|p1a: Iron Hands\n|-damage|p1a: Iron Hands|59\/100\n|-hitcount|p1a: Iron Hands|3\n|move|p1a: Iron Hands|Drain Punch|p2a: Roaring Moon\n|-supereffective|p2a: Roaring Moon\n|-damage|p2a: Roaring Moon|25\/100\n|-heal|p1a: Iron Hands|93\/100|[from] drain|[of] p2a: Roaring Moon\n|\n|-heal|p2a: Roaring Moon|31\/100|[from] Grassy Terrain\n|-heal|p1b: Milotic|66\/100|[from] Grassy Terrain\n|-heal|p1a: Iron Hands|99\/100|[from] Grassy Terrain\n|-sideend|p1: StonerSomeone|move: Tailwind\n|upkeep\n|turn|5\n|\n|t:|1700607049\n|move|p2a: Roaring Moon|Tailwind|p2a: Roaring Moon\n|-sidestart|p2: WickedCheeseTouch|move: Tailwind\n|move|p2b: Urshifu|Surging Strikes|p1a: Iron Hands\n|-crit|p1a: Iron Hands\n|-damage|p1a: Iron Hands|86\/100\n|-crit|p1a: Iron Hands\n|-damage|p1a: Iron Hands|71\/100\n|-crit|p1a: Iron Hands\n|-damage|p1a: Iron Hands|56\/100\n|-hitcount|p1a: Iron Hands|3\n|move|p1b: Milotic|Icy Wind|p2a: Roaring Moon|[spread] p2a,p2b\n|-supereffective|p2a: Roaring Moon\n|-resisted|p2b: Urshifu\n|-damage|p2a: Roaring Moon|14\/100\n|-damage|p2b: Urshifu|93\/100\n|-unboost|p2a: Roaring Moon|spe|1\n|-unboost|p2b: Urshifu|spe|1\n|move|p1a: Iron Hands|Wild Charge|p2b: Urshifu\n|-supereffective|p2b: Urshifu\n|-damage|p2b: Urshifu|0 fnt\n|faint|p2b: Urshifu\n|-damage|p1a: Iron Hands|39\/100|[from] Recoil\n|\n|-heal|p2a: Roaring Moon|20\/100|[from] Grassy Terrain\n|-heal|p1b: Milotic|72\/100|[from] Grassy Terrain\n|-heal|p1a: Iron Hands|45\/100|[from] Grassy Terrain\n|-fieldend|move: Grassy Terrain\n|upkeep\n|\n|t:|1700607055\n|switch|p2b: Rillaboom|Rillaboom, L50, M|98\/100\n|-fieldstart|move: Grassy Terrain|[from] ability: Grassy Surge|[of] p2b: Rillaboom\n|turn|6\n|\n|t:|1700607062\n|-end|p1a: Iron Hands|Quark Drive|[silent]\n|switch|p1a: Moltres|Moltres, L50|20\/100\n|move|p2a: Roaring Moon|Protect|p2a: Roaring Moon\n|-singleturn|p2a: Roaring Moon|Protect\n|move|p1b: Milotic|Protect|p1b: Milotic\n|-singleturn|p1b: Milotic|Protect\n|move|p2b: Rillaboom|Wood Hammer|p1a: Moltres\n|-resisted|p1a: Moltres\n|-damage|p1a: Moltres|2\/100\n|-damage|p2b: Rillaboom|81\/100|[from] item: Rocky Helmet|[of] p1a: Moltres\n|-damage|p2b: Rillaboom|75\/100|[from] Recoil\n|\n|-heal|p2a: Roaring Moon|27\/100|[from] Grassy Terrain\n|-heal|p2b: Rillaboom|81\/100|[from] Grassy Terrain\n|-heal|p1b: Milotic|79\/100|[from] Grassy Terrain\n|upkeep\n|turn|7\n|\n|t:|1700607082\n|switch|p1b: Landorus|Landorus-Therian, L50, M|100\/100\n|-ability|p1b: Landorus|Intimidate|boost\n|-unboost|p2a: Roaring Moon|atk|1\n|-unboost|p2b: Rillaboom|atk|1\n|move|p2a: Roaring Moon|Breaking Swipe|p1b: Landorus|[spread] p1a,p1b\n|-damage|p1a: Moltres|0 fnt\n|-damage|p1b: Landorus|85\/100\n|-unboost|p1b: Landorus|atk|1\n|-damage|p2a: Roaring Moon|10\/100|[from] item: Rocky Helmet|[of] p1a: Moltres\n|faint|p1a: Moltres\n|move|p2b: Rillaboom|Wood Hammer|p1b: Landorus\n|-damage|p1b: Landorus|31\/100\n|-damage|p2b: Rillaboom|66\/100|[from] Recoil\n|\n|-heal|p2a: Roaring Moon|16\/100|[from] Grassy Terrain\n|-heal|p2b: Rillaboom|72\/100|[from] Grassy Terrain\n|upkeep\n|\n|t:|1700607089\n|switch|p1a: Milotic|Milotic, L50, F|79\/100\n|turn|8\n|\n|t:|1700607111\n|switch|p1b: Iron Hands|Iron Hands, L50|45\/100\n|-terastallize|p1a: Milotic|Grass\n|move|p2a: Roaring Moon|Protect|p2a: Roaring Moon\n|-singleturn|p2a: Roaring Moon|Protect\n|move|p2b: Rillaboom|Wood Hammer|p1b: Iron Hands\n|-damage|p1b: Iron Hands|10\/100\n|-damage|p2b: Rillaboom|59\/100|[from] Recoil\n|move|p1a: Milotic|Icy Wind|p2b: Rillaboom|[spread] p2b\n|-activate|p2a: Roaring Moon|move: Protect\n|-supereffective|p2b: Rillaboom\n|-crit|p2b: Rillaboom\n|-damage|p2b: Rillaboom|34\/100\n|-unboost|p2b: Rillaboom|spe|1\n|\n|-heal|p2a: Roaring Moon|22\/100|[from] Grassy Terrain\n|-heal|p2b: Rillaboom|40\/100|[from] Grassy Terrain\n|-heal|p1a: Milotic|85\/100|[from] Grassy Terrain\n|-heal|p1b: Iron Hands|16\/100|[from] Grassy Terrain\n|-sideend|p2: WickedCheeseTouch|move: Tailwind\n|upkeep\n|turn|9\n|-message|WickedCheeseTouch forfeited.\n|\n|win|StonerSomeone\n|l|\u2606WickedCheeseTouch\n|c|&|\/uhtml prompt-wickedcheesetouch,WickedCheeseTouch is ready for game 3!\n","uploadtime":1700607123,"views":5,"p1id":"stonersomeone","p2id":"wickedcheesetouch","formatid":"gen9vgc2023regulatione","rating":0,"private":0,"password":""}