{"id":"gen9vgc2023regulatione-1989738187","p1":"legsyy","p2":"Ayresbrun","format":"[Gen 9] VGC 2023 Regulation E","log":"|j|\u2606legsyy\n|j|\u2606Ayresbrun\n|t:|1699891521\n|gametype|doubles\n|player|p1|legsyy|101|1190\n|player|p2|Ayresbrun|266|1164\n|teamsize|p1|6\n|teamsize|p2|6\n|gen|9\n|tier|[Gen 9] VGC 2023 Regulation E\n|rated|\n|rule|Species Clause: Limit one of each Pok\u00e9mon\n|rule|Item Clause: Limit one of each item\n|clearpoke\n|poke|p1|Iron Hands, L50|\n|poke|p1|Urshifu-*, L50, M|\n|poke|p1|Flutter Mane, L50|\n|poke|p1|Rillaboom, L50, F|\n|poke|p1|Arcanine-Hisui, L50, F|\n|poke|p1|Tornadus, L50, M|\n|poke|p2|Flutter Mane, L50|\n|poke|p2|Tornadus, L50, M|\n|poke|p2|Heatran, L50, M|\n|poke|p2|Rillaboom, L50, F|\n|poke|p2|Arcanine, L50, M|\n|poke|p2|Hydreigon, L50, F|\n|teampreview|4\nAyresbrun has agreed to open team sheets.\n|inactive|Battle timer is ON: inactive players will automatically lose when time's up. (requested by Ayresbrun)\nlegsyy has agreed to open team sheets.\n|inactive|legsyy has 30 seconds left.\n|inactive|Ayresbrun has 30 seconds left.\n|inactive|legsyy has 20 seconds left.\n|inactive|Ayresbrun has 20 seconds left.\n|inactive|legsyy has 15 seconds left.\n|inactive|Ayresbrun has 15 seconds left.\n|inactive|legsyy has 10 seconds left.\n|inactive|Ayresbrun has 10 seconds left.\n|inactive|legsyy has 5 seconds left.\n|inactive|Ayresbrun has 5 seconds left.\n|\n|t:|1699891582\n|start\n|switch|p1a: Iron Hands|Iron Hands, L50|100\/100\n|switch|p1b: Urshifu|Urshifu-Rapid-Strike, L50, M|100\/100\n|switch|p2a: Tornadus|Tornadus, L50, M|100\/100\n|switch|p2b: Rillaboom|Rillaboom, L50, F|100\/100\n|-fieldstart|move: Grassy Terrain|[from] ability: Grassy Surge|[of] p2b: Rillaboom\n|turn|1\n|\n|t:|1699891597\n|move|p2b: Rillaboom|Fake Out|p1a: Iron Hands\n|-damage|p1a: Iron Hands|93\/100\n|cant|p1a: Iron Hands|flinch\n|move|p2a: Tornadus|Sunny Day|p2a: Tornadus\n|-weather|SunnyDay\n|move|p1b: Urshifu|U-turn|p2b: Rillaboom\n|-supereffective|p2b: Rillaboom\n|-damage|p2b: Rillaboom|52\/100\n|\n|t:|1699891607\n|switch|p1b: Arcanine|Arcanine-Hisui, L50, F|100\/100|[from] U-turn\n|-ability|p1b: Arcanine|Intimidate|boost\n|-unboost|p2a: Tornadus|atk|1\n|-unboost|p2b: Rillaboom|atk|1\n|\n|-weather|SunnyDay|[upkeep]\n|-heal|p2b: Rillaboom|58\/100|[from] Grassy Terrain\n|-heal|p1a: Iron Hands|99\/100|[from] Grassy Terrain\n|upkeep\n|turn|2\n|inactive|legsyy has 30 seconds left.\n|inactive|legsyy has 20 seconds left.\n|inactive|legsyy has 15 seconds left.\n|inactive|legsyy has 10 seconds left.\n|inactive|legsyy has 5 seconds left.\n|\n|t:|1699891662\n|switch|p2b: Arcanine|Arcanine, L50, M|100\/100\n|-ability|p2b: Arcanine|Intimidate|boost\n|-unboost|p1a: Iron Hands|atk|1\n|-unboost|p1b: Arcanine|atk|1\n|move|p2a: Tornadus|Tailwind|p2a: Tornadus\n|-sidestart|p2: Ayresbrun|move: Tailwind\n|move|p1b: Arcanine|Howl|p1b: Arcanine|[spread] p1a,p1b\n|-boost|p1a: Iron Hands|atk|1\n|-boost|p1b: Arcanine|atk|1\n|move|p1a: Iron Hands|Wild Charge|p2a: Tornadus\n|-supereffective|p2a: Tornadus\n|-damage|p2a: Tornadus|13\/100\n|-damage|p1a: Iron Hands|83\/100|[from] Recoil\n|\n|-weather|SunnyDay|[upkeep]\n|-heal|p1a: Iron Hands|89\/100|[from] Grassy Terrain\n|upkeep\n|turn|3\n|inactive|legsyy has 30 seconds left.\n|inactive|Ayresbrun has 30 seconds left.\n|\n|t:|1699891688\n|-end|p1a: Iron Hands|Quark Drive|[silent]\n|switch|p1a: Flutter Mane|Flutter Mane, L50|100\/100\n|-activate|p1a: Flutter Mane|ability: Protosynthesis\n|-start|p1a: Flutter Mane|protosynthesisspe\n|move|p1b: Arcanine|Extreme Speed|p2a: Tornadus\n|-damage|p2a: Tornadus|0 fnt\n|faint|p2a: Tornadus\n|move|p2b: Arcanine|Will-O-Wisp|p1a: Flutter Mane\n|-status|p1a: Flutter Mane|brn\n|\n|-weather|SunnyDay|[upkeep]\n|-damage|p1a: Flutter Mane|94\/100 brn|[from] brn\n|upkeep\n|\n|t:|1699891701\n|switch|p2a: Flutter Mane|Flutter Mane, L50|100\/100\n|-activate|p2a: Flutter Mane|ability: Protosynthesis\n|-start|p2a: Flutter Mane|protosynthesisspa\n|turn|4\n|inactive|Ayresbrun has 30 seconds left.\n|inactive|Ayresbrun has 20 seconds left.\n|inactive|Ayresbrun has 15 seconds left.\n|\n|t:|1699891743\n|move|p1a: Flutter Mane|Protect|p1a: Flutter Mane\n|-singleturn|p1a: Flutter Mane|Protect\n|move|p2a: Flutter Mane|Moonblast|p1a: Flutter Mane\n|-activate|p1a: Flutter Mane|move: Protect\n|move|p2b: Arcanine|Flare Blitz|p1a: Flutter Mane\n|-activate|p1a: Flutter Mane|move: Protect\n|move|p1b: Arcanine|Rock Slide|p2b: Arcanine|[spread] p2a,p2b\n|-supereffective|p2b: Arcanine\n|-damage|p2a: Flutter Mane|62\/100\n|-damage|p2b: Arcanine|57\/100\n|\n|-weather|SunnyDay|[upkeep]\n|-heal|p2a: Flutter Mane|68\/100|[from] Grassy Terrain\n|-heal|p1a: Flutter Mane|100\/100 brn|[from] Grassy Terrain\n|-heal|p2b: Arcanine|63\/100|[from] Grassy Terrain\n|-damage|p1a: Flutter Mane|94\/100 brn|[from] brn\n|upkeep\n|turn|5\n|inactive|legsyy has 30 seconds left.\n|inactive|Ayresbrun has 30 seconds left.\n|inactive|legsyy has 20 seconds left.\n|inactive|legsyy has 15 seconds left.\n|inactive|legsyy has 10 seconds left.\n|inactive|legsyy has 5 seconds left.\n|\n|t:|1699891796\n|move|p2a: Flutter Mane|Moonblast|p1a: Flutter Mane\n|-damage|p1a: Flutter Mane|0 fnt\n|faint|p1a: Flutter Mane\n|-end|p1a: Flutter Mane|Protosynthesis|[silent]\n|move|p2b: Arcanine|Flare Blitz|p1b: Arcanine\n|-resisted|p1b: Arcanine\n|-damage|p1b: Arcanine|80\/100\n|-damage|p2b: Arcanine|57\/100|[from] Recoil\n|move|p1b: Arcanine|Rock Slide|p2b: Arcanine|[spread] p2a,p2b\n|-supereffective|p2b: Arcanine\n|-damage|p2a: Flutter Mane|27\/100\n|-damage|p2b: Arcanine|11\/100\n|-enditem|p2b: Arcanine|Sitrus Berry|[eat]\n|-heal|p2b: Arcanine|36\/100|[from] item: Sitrus Berry\n|\n|-weather|none\n|-end|p2a: Flutter Mane|Protosynthesis\n|-heal|p2a: Flutter Mane|33\/100|[from] Grassy Terrain\n|-heal|p2b: Arcanine|42\/100|[from] Grassy Terrain\n|-heal|p1b: Arcanine|86\/100|[from] Grassy Terrain\n|-sideend|p2: Ayresbrun|move: Tailwind\n|-fieldend|move: Grassy Terrain\n|upkeep\n|inactive|legsyy has 30 seconds left.\n|\n|t:|1699891827\n|switch|p1a: Iron Hands|Iron Hands, L50|89\/100\n|turn|6\n|\n|t:|1699891852\n|-terastallize|p1a: Iron Hands|Water\n|move|p2b: Arcanine|Protect|p2b: Arcanine\n|-singleturn|p2b: Arcanine|Protect\n|move|p2a: Flutter Mane|Moonblast|p1a: Iron Hands\n|-damage|p1a: Iron Hands|48\/100\n|move|p1b: Arcanine|Howl|p1b: Arcanine|[spread] p1a,p1b\n|-boost|p1a: Iron Hands|atk|1\n|-boost|p1b: Arcanine|atk|1\n|move|p1a: Iron Hands|Heavy Slam|p2a: Flutter Mane\n|-supereffective|p2a: Flutter Mane\n|-damage|p2a: Flutter Mane|0 fnt\n|faint|p2a: Flutter Mane\n|-end|p2a: Flutter Mane|Protosynthesis|[silent]\n|\n|upkeep\n|\n|t:|1699891863\n|switch|p2a: Rillaboom|Rillaboom, L50, F|58\/100\n|-fieldstart|move: Grassy Terrain|[from] ability: Grassy Surge|[of] p2a: Rillaboom\n|turn|7\n|inactive|Ayresbrun has 30 seconds left.\n|inactive|Ayresbrun has 20 seconds left.\n|inactive|Ayresbrun has 15 seconds left.\n|inactive|Ayresbrun has 10 seconds left.\n|inactive|Ayresbrun has 5 seconds left.\n|\n|t:|1699891916\n|-terastallize|p2b: Arcanine|Grass\n|move|p2b: Arcanine|Extreme Speed|p1a: Iron Hands\n|-damage|p1a: Iron Hands|34\/100\n|move|p2a: Rillaboom|Grassy Glide|p1a: Iron Hands\n|-supereffective|p1a: Iron Hands\n|-damage|p1a: Iron Hands|0 fnt\n|faint|p1a: Iron Hands\n|-end|p1a: Iron Hands|Quark Drive|[silent]\n|move|p1b: Arcanine|Rock Slide|p2b: Arcanine|[spread] p2a,p2b\n|-damage|p2a: Rillaboom|25\/100\n|-damage|p2b: Arcanine|9\/100\n|\n|-heal|p1b: Arcanine|92\/100|[from] Grassy Terrain\n|-heal|p2b: Arcanine|15\/100|[from] Grassy Terrain\n|-heal|p2a: Rillaboom|30\/100|[from] Grassy Terrain\n|upkeep\n|\n|t:|1699891931\n|switch|p1a: Urshifu|Urshifu-Rapid-Strike, L50, M|100\/100\n|turn|8\n|\n|t:|1699891949\n|move|p1b: Arcanine|Extreme Speed|p2a: Rillaboom\n|-damage|p2a: Rillaboom|0 fnt\n|faint|p2a: Rillaboom\n|move|p2b: Arcanine|Extreme Speed|p1a: Urshifu\n|-damage|p1a: Urshifu|77\/100\n|move|p1a: Urshifu|Ice Spinner|p2b: Arcanine\n|-supereffective|p2b: Arcanine\n|-damage|p2b: Arcanine|0 fnt\n|-fieldend|move: Grassy Terrain\n|faint|p2b: Arcanine\n|\n|win|legsyy\n|raw|legsyy's rating: 1190 &rarr; <strong>1213<\/strong><br \/>(+23 for winning)\n|raw|Ayresbrun's rating: 1164 &rarr; <strong>1141<\/strong><br \/>(-23 for losing)\n","uploadtime":1699891962,"views":11,"p1id":"legsyy","p2id":"ayresbrun","formatid":"gen9vgc2023regulatione","rating":1141,"private":0,"password":""}