{"id":"gen9vgc2023regulatione-1991799984","p1":"jeikono","p2":"SubmissiveToby","format":"[Gen 9] VGC 2023 Regulation E","log":"|j|\u2606jeikono\n|j|\u2606SubmissiveToby\n|t:|1700119666\n|gametype|doubles\n|player|p1|jeikono|whitney|1118\n|player|p2|SubmissiveToby|fisherman-gen4|1054\n|teamsize|p1|4\n|teamsize|p2|6\n|gen|9\n|tier|[Gen 9] VGC 2023 Regulation E\n|rated|\n|rule|Species Clause: Limit one of each Pok\u00e9mon\n|rule|Item Clause: Limit one of each item\n|clearpoke\n|poke|p1|Sableye, L50, M|\n|poke|p1|Maushold, L50|\n|poke|p1|Sinistcha-Masterpiece, L50|\n|poke|p1|Garganacl, L50, M|\n|poke|p2|Illumise, L50, F|\n|poke|p2|Gumshoos, L50, F|\n|poke|p2|Clodsire, L50, F|\n|poke|p2|Chandelure, L50, M|\n|poke|p2|Haxorus, L50, M|\n|poke|p2|Quaquaval, L50, M|\n|teampreview|4\n|inactive|Battle timer is ON: inactive players will automatically lose when time's up. (requested by SubmissiveToby)\n|inactive|jeikono also wants the timer to be on.\njeikono rejected open team sheets.\n|\n|t:|1700119694\n|start\n|switch|p1a: Sinistcha|Sinistcha-Masterpiece, L50|100\/100\n|switch|p1b: Sableye|Sableye, L50, M|100\/100\n|switch|p2a: Illumise|Illumise, L50, F, shiny|100\/100\n|switch|p2b: Darkwing Duck|Quaquaval, L50, M|100\/100\n|turn|1\n|\n|t:|1700119718\n|move|p2a: Illumise|Tailwind|p2a: Illumise\n|-sidestart|p2: SubmissiveToby|move: Tailwind\n|move|p1b: Sableye|Gravity|p1b: Sableye\n|-fieldstart|move: Gravity\n|move|p2b: Darkwing Duck|Flip Turn|p1b: Sableye\n|-damage|p1b: Sableye|67\/100\n|-enditem|p1b: Sableye|Eject Button\n|\n|t:|1700119725\n|switch|p1b: Maushold|Maushold, L50|100\/100\n|move|p1a: Sinistcha|Matcha Gotcha|p2b: Darkwing Duck|[spread] p2a,p2b\n|-resisted|p2a: Illumise\n|-supereffective|p2b: Darkwing Duck\n|-damage|p2a: Illumise|81\/100\n|-damage|p2b: Darkwing Duck|49\/100\n|-status|p2b: Darkwing Duck|brn\n|\n|-damage|p2b: Darkwing Duck|43\/100 brn|[from] brn\n|upkeep\n|turn|2\n|\n|t:|1700119747\n|move|p2a: Illumise|Charm|p1b: Maushold\n|-unboost|p1b: Maushold|atk|2\n|move|p2b: Darkwing Duck|Flip Turn|p1b: Maushold\n|-damage|p1b: Maushold|74\/100\n|\n|t:|1700119754\n|switch|p2b: Chandelure|Chandelure, L50, M, shiny|100\/100|[from] Flip Turn\n|move|p1b: Maushold|Population Bomb|p2a: Illumise\n|-damage|p2a: Illumise|74\/100\n|-crit|p2a: Illumise\n|-damage|p2a: Illumise|50\/100\n|-damage|p2a: Illumise|41\/100\n|-damage|p2a: Illumise|32\/100\n|-crit|p2a: Illumise\n|-damage|p2a: Illumise|9\/100\n|-damage|p2a: Illumise|1\/100\n|-crit|p2a: Illumise\n|-damage|p2a: Illumise|0 fnt\n|faint|p2a: Illumise\n|-hitcount|p2: Illumise|7\n|move|p1a: Sinistcha|Matcha Gotcha|p2b: Chandelure\n|-resisted|p2b: Chandelure\n|-damage|p2b: Chandelure|72\/100\n|\n|upkeep\n|\n|t:|1700119761\n|switch|p2a: Trump Weasel|Gumshoos, L50, F|100\/100\n|turn|3\n|\n|t:|1700119778\n|move|p2b: Chandelure|Heat Wave|p1b: Maushold|[spread] p1a,p1b\n|-supereffective|p1a: Sinistcha\n|-enditem|p1a: Sinistcha|Focus Sash\n|-damage|p1a: Sinistcha|1\/100\n|-damage|p1b: Maushold|5\/100\n|move|p1b: Maushold|Beat Up|p2b: Chandelure\n|-supereffective|p2b: Chandelure\n|-damage|p2b: Chandelure|64\/100\n|-supereffective|p2b: Chandelure\n|-damage|p2b: Chandelure|57\/100\n|-supereffective|p2b: Chandelure\n|-damage|p2b: Chandelure|50\/100\n|-supereffective|p2b: Chandelure\n|-crit|p2b: Chandelure\n|-damage|p2b: Chandelure|23\/100\n|-hitcount|p2b: Chandelure|4\n|move|p2a: Trump Weasel|Crunch|p1a: Sinistcha\n|-supereffective|p1a: Sinistcha\n|-crit|p1a: Sinistcha\n|-damage|p1a: Sinistcha|0 fnt\n|faint|p1a: Sinistcha\n|-damage|p2a: Trump Weasel|91\/100|[from] item: Life Orb\n|\n|upkeep\n|\n|t:|1700119795\n|switch|p1a: Sableye|Sableye, L50, M|67\/100\n|turn|4\n|\n|t:|1700119809\n|move|p1a: Sableye|Disable|p2b: Chandelure\n|-start|p2b: Chandelure|Disable|Heat Wave\n|cant|p2b: Chandelure|Disable|Heat Wave\n|move|p1b: Maushold|Population Bomb|p2a: Trump Weasel\n|-damage|p2a: Trump Weasel|81\/100\n|-crit|p2a: Trump Weasel\n|-damage|p2a: Trump Weasel|57\/100\n|-damage|p2a: Trump Weasel|48\/100\n|-crit|p2a: Trump Weasel\n|-damage|p2a: Trump Weasel|24\/100\n|-damage|p2a: Trump Weasel|15\/100\n|-damage|p2a: Trump Weasel|7\/100\n|-damage|p2a: Trump Weasel|0 fnt\n|faint|p2a: Trump Weasel\n|-hitcount|p2: Trump Weasel|7\n|\n|-sideend|p2: SubmissiveToby|move: Tailwind\n|upkeep\n|\n|t:|1700119811\n|switch|p2a: Darkwing Duck|Quaquaval, L50, M|43\/100 brn\n|turn|5\n|inactive|jeikono has 30 seconds left.\n|\n|t:|1700119837\n|move|p1a: Sableye|Encore|p2b: Chandelure\n|-start|p2b: Chandelure|Encore\n|move|p1b: Maushold|Population Bomb|p2a: Darkwing Duck\n|-damage|p2a: Darkwing Duck|36\/100 brn\n|-damage|p2a: Darkwing Duck|30\/100 brn\n|-crit|p2a: Darkwing Duck\n|-damage|p2a: Darkwing Duck|11\/100 brn\n|-damage|p2a: Darkwing Duck|5\/100 brn\n|-damage|p2a: Darkwing Duck|0 fnt\n|faint|p2a: Darkwing Duck\n|-hitcount|p2: Darkwing Duck|5\n|cant|p2b: Chandelure|Disable|Heat Wave\n|\n|-fieldend|move: Gravity\n|upkeep\n|turn|6\n|\n|t:|1700119855\n|move|p1a: Sableye|Gravity|p1a: Sableye\n|-fieldstart|move: Gravity\n|move|p1b: Maushold|Beat Up|p2b: Chandelure\n|-supereffective|p2b: Chandelure\n|-damage|p2b: Chandelure|16\/100\n|-supereffective|p2b: Chandelure\n|-damage|p2b: Chandelure|9\/100\n|-supereffective|p2b: Chandelure\n|-damage|p2b: Chandelure|0 fnt\n|faint|p2b: Chandelure\n|-hitcount|p2: Chandelure|3\n|\n|win|jeikono\n|raw|jeikono's rating: 1118 &rarr; <strong>1138<\/strong><br \/>(+20 for winning)\n|raw|SubmissiveToby's rating: 1054 &rarr; <strong>1039<\/strong><br \/>(-15 for losing)\n|l|\u2606SubmissiveToby\n","uploadtime":1700119867,"views":20,"p1id":"jeikono","p2id":"submissivetoby","formatid":"gen9vgc2023regulatione","rating":1039,"private":0,"password":""}