{"id":"gen9vgc2023regulatione-1998725849","p1":"zeus_swerve","p2":"ArizonaT","format":"[Gen 9] VGC 2023 Regulation E","log":"|j|\u2606zeus_swerve\n|j|\u2606ArizonaT\n|t:|1700978509\n|gametype|doubles\n|player|p1|zeus_swerve|red|1025\n|player|p2|ArizonaT|2|1031\n|teamsize|p1|6\n|teamsize|p2|6\n|gen|9\n|tier|[Gen 9] VGC 2023 Regulation E\n|rated|\n|rule|Species Clause: Limit one of each Pok\u00e9mon\n|rule|Item Clause: Limit one of each item\n|clearpoke\n|poke|p1|Tatsugiri, L50, M|\n|poke|p1|Dondozo, L50, F|\n|poke|p1|Glimmora, L50, F|\n|poke|p1|Chi-Yu, L50|\n|poke|p1|Flutter Mane, L50|\n|poke|p1|Tornadus, L50, M|\n|poke|p2|Sinistcha, L50|\n|poke|p2|Volcarona, L50, F|\n|poke|p2|Klawf, L50, M|\n|poke|p2|Indeedee-F, L50, F|\n|poke|p2|Mandibuzz, L50, F|\n|poke|p2|Iron Bundle, L50|\n|teampreview|4\nArizonaT has agreed to open team sheets.\nzeus_swerve has agreed to open team sheets.\n|\n|t:|1700978563\n|start\n|switch|p1a: Chi-Yu|Chi-Yu, L50|100\/100\n|switch|p1b: Tornadus|Tornadus, L50, M, shiny|100\/100\n|switch|p2a: Indeedee|Indeedee-F, L50, F|100\/100\n|switch|p2b: Mandibuzz|Mandibuzz, L50, F|100\/100\n|-ability|p1a: Chi-Yu|Beads of Ruin\n|-fieldstart|move: Psychic Terrain|[from] ability: Psychic Surge|[of] p2a: Indeedee\n|-enditem|p2b: Mandibuzz|Psychic Seed\n|-boost|p2b: Mandibuzz|spd|1|[from] item: Psychic Seed\n|turn|1\n|\n|t:|1700978614\n|move|p2a: Indeedee|Follow Me|p2a: Indeedee\n|-singleturn|p2a: Indeedee|move: Follow Me\n|move|p1b: Tornadus|Taunt|p2a: Indeedee\n|-activate|p2a: Indeedee|move: Psychic Terrain\n|move|p1a: Chi-Yu|Dark Pulse|p2a: Indeedee\n|-supereffective|p2a: Indeedee\n|-enditem|p2a: Indeedee|Colbur Berry|[eat]\n|-enditem|p2a: Indeedee|Colbur Berry|[weaken]\n|-damage|p2a: Indeedee|12\/100\n|move|p2b: Mandibuzz|Tailwind|p2b: Mandibuzz\n|-sidestart|p2: ArizonaT|move: Tailwind\n|\n|upkeep\n|turn|2\n|\n|t:|1700978645\n|move|p2a: Indeedee|Psychic|p1b: Tornadus\n|-damage|p1b: Tornadus|44\/100\n|move|p2b: Mandibuzz|Knock Off|p1b: Tornadus\n|-damage|p1b: Tornadus|13\/100\n|-enditem|p1b: Tornadus|Covert Cloak|[from] move: Knock Off|[of] p2b: Mandibuzz\n|move|p1a: Chi-Yu|Dark Pulse|p2a: Indeedee\n|-supereffective|p2a: Indeedee\n|-damage|p2a: Indeedee|0 fnt\n|faint|p2a: Indeedee\n|move|p1b: Tornadus|Bleakwind Storm|p2b: Mandibuzz\n|-damage|p2b: Mandibuzz|58\/100\n|\n|upkeep\n|\n|t:|1700978659\n|switch|p2a: Volcarona|Volcarona, L50, F|100\/100\n|turn|3\n|\n|t:|1700978684\n|move|p1b: Tornadus|Tailwind|p1b: Tornadus\n|-sidestart|p1: zeus_swerve|move: Tailwind\n|move|p1a: Chi-Yu|Dark Pulse|p2b: Mandibuzz\n|-resisted|p2b: Mandibuzz\n|-damage|p2b: Mandibuzz|31\/100\n|move|p2a: Volcarona|Struggle Bug|p1b: Tornadus|[spread] p1a,p1b\n|-resisted|p1b: Tornadus\n|-damage|p1a: Chi-Yu|85\/100\n|-damage|p1b: Tornadus|1\/100\n|-unboost|p1a: Chi-Yu|spa|1\n|-unboost|p1b: Tornadus|spa|1\n|move|p2b: Mandibuzz|Acrobatics|p1a: Chi-Yu\n|-damage|p1a: Chi-Yu|48\/100\n|\n|upkeep\n|turn|4\n|\n|t:|1700978714\n|move|p2a: Volcarona|Rage Powder|p2a: Volcarona\n|-singleturn|p2a: Volcarona|move: Rage Powder\n|move|p1b: Tornadus|Rain Dance|p1b: Tornadus\n|-weather|RainDance\n|move|p1a: Chi-Yu|Dark Pulse|p2a: Volcarona\n|-damage|p2a: Volcarona|62\/100\n|move|p2b: Mandibuzz|Roost|p2b: Mandibuzz\n|-heal|p2b: Mandibuzz|82\/100\n|-singleturn|p2b: Mandibuzz|move: Roost\n|\n|-weather|RainDance|[upkeep]\n|-sideend|p2: ArizonaT|move: Tailwind\n|upkeep\n|turn|5\n|\n|t:|1700978735\n|move|p1b: Tornadus|Taunt|p2b: Mandibuzz\n|-hint|Since gen 7, Dark is immune to Prankster moves.\n|-immune|p2b: Mandibuzz\n|move|p1a: Chi-Yu|Dark Pulse|p2b: Mandibuzz\n|-resisted|p2b: Mandibuzz\n|-crit|p2b: Mandibuzz\n|-damage|p2b: Mandibuzz|30\/100\n|move|p2a: Volcarona|Struggle Bug|p1b: Tornadus|[spread] p1a,p1b\n|-resisted|p1b: Tornadus\n|-damage|p1a: Chi-Yu|31\/100\n|-damage|p1b: Tornadus|0 fnt\n|-unboost|p1a: Chi-Yu|spa|1\n|faint|p1b: Tornadus\n|cant|p2b: Mandibuzz|flinch\n|\n|-weather|RainDance|[upkeep]\n|-fieldend|move: Psychic Terrain\n|upkeep\n|\n|t:|1700978749\n|switch|p1b: Dondozo|Dondozo, L50, F|100\/100\n|turn|6\n|\n|t:|1700978774\n|switch|p1a: Tatsugiri|Tatsugiri, L50, M|100\/100\n|-activate|p1a: Tatsugiri|ability: Commander|[of] p1b: Dondozo\n|-boost|p1b: Dondozo|atk|2\n|-boost|p1b: Dondozo|spa|2\n|-boost|p1b: Dondozo|spe|2\n|-boost|p1b: Dondozo|def|2\n|-boost|p1b: Dondozo|spd|2\n|move|p1b: Dondozo|Protect|p1b: Dondozo\n|-singleturn|p1b: Dondozo|Protect\n|move|p2a: Volcarona|Struggle Bug|p1b: Dondozo|[spread] \n|-miss|p2a: Volcarona|p1a: Tatsugiri\n|-activate|p1b: Dondozo|move: Protect\n|move|p2b: Mandibuzz|Roost|p2b: Mandibuzz\n|-heal|p2b: Mandibuzz|81\/100\n|-singleturn|p2b: Mandibuzz|move: Roost\n|\n|-weather|RainDance|[upkeep]\n|-sideend|p1: zeus_swerve|move: Tailwind\n|upkeep\n|turn|7\n|\n|t:|1700978798\n|move|p2a: Volcarona|Rage Powder|p2a: Volcarona\n|-singleturn|p2a: Volcarona|move: Rage Powder\n|move|p1b: Dondozo|Order Up|p2a: Volcarona\n|-damage|p2a: Volcarona|0 fnt\n|faint|p2a: Volcarona\n|-boost|p1b: Dondozo|atk|1\n|move|p2b: Mandibuzz|Knock Off|p1b: Dondozo\n|-damage|p1b: Dondozo|91\/100\n|-enditem|p1b: Dondozo|Sitrus Berry|[from] move: Knock Off|[of] p2b: Mandibuzz\n|\n|-weather|RainDance|[upkeep]\n|upkeep\n|\n|t:|1700978809\n|switch|p2a: Iron Bundle|Iron Bundle, L50, shiny|100\/100\n|-enditem|p2a: Iron Bundle|Booster Energy\n|-activate|p2a: Iron Bundle|ability: Quark Drive|[fromitem]\n|-start|p2a: Iron Bundle|quarkdrivespe\n|turn|8\n|\n|t:|1700978827\n|-terastallize|p1b: Dondozo|Dragon\n|move|p2a: Iron Bundle|Hydro Pump|p1b: Dondozo\n|-resisted|p1b: Dondozo\n|-damage|p1b: Dondozo|71\/100\n|move|p1b: Dondozo|Order Up|p2a: Iron Bundle\n|-damage|p2a: Iron Bundle|4\/100\n|-boost|p1b: Dondozo|atk|1\n|move|p2b: Mandibuzz|Tailwind|p2b: Mandibuzz\n|-sidestart|p2: ArizonaT|move: Tailwind\n|\n|-weather|none\n|upkeep\n|turn|9\n|\n|t:|1700978851\n|move|p2a: Iron Bundle|Icy Wind|p1a: Tatsugiri|[spread] p1b\n|-miss|p2a: Iron Bundle|p1a: Tatsugiri\n|-supereffective|p1b: Dondozo\n|-damage|p1b: Dondozo|53\/100\n|-unboost|p1b: Dondozo|spe|1\n|move|p2b: Mandibuzz|Acrobatics|p1b: Dondozo\n|-damage|p1b: Dondozo|42\/100\n|move|p1b: Dondozo|Order Up|p2a: Iron Bundle\n|-damage|p2a: Iron Bundle|0 fnt\n|faint|p2a: Iron Bundle\n|-end|p2a: Iron Bundle|Quark Drive|[silent]\n|-boost|p1b: Dondozo|atk|1\n|\n|upkeep\n|turn|10\n|\n|t:|1700978872\n|-terastallize|p2b: Mandibuzz|Steel\n|move|p1b: Dondozo|Protect|p1b: Dondozo\n|-singleturn|p1b: Dondozo|Protect\n|move|p2b: Mandibuzz|Acrobatics|p1b: Dondozo\n|-activate|p1b: Dondozo|move: Protect\n|\n|upkeep\n|turn|11\n|\n|t:|1700978881\n|move|p2b: Mandibuzz|Acrobatics|p1b: Dondozo\n|-damage|p1b: Dondozo|31\/100\n|move|p1b: Dondozo|Order Up|p2b: Mandibuzz\n|-resisted|p2b: Mandibuzz\n|-damage|p2b: Mandibuzz|43\/100\n|-boost|p1b: Dondozo|atk|1\n|\n|-sideend|p2: ArizonaT|move: Tailwind\n|upkeep\n|turn|12\n|\n|t:|1700978894\n|move|p1b: Dondozo|Order Up|p2b: Mandibuzz\n|-resisted|p2b: Mandibuzz\n|-damage|p2b: Mandibuzz|4\/100\n|-boost|p1b: Dondozo|atk|0\n|move|p2b: Mandibuzz|Acrobatics|p1b: Dondozo\n|-damage|p1b: Dondozo|21\/100\n|\n|upkeep\n|turn|13\n|\n|t:|1700978903\n|move|p1b: Dondozo|Order Up|p2b: Mandibuzz\n|-resisted|p2b: Mandibuzz\n|-damage|p2b: Mandibuzz|0 fnt\n|faint|p2b: Mandibuzz\n|\n|win|zeus_swerve\n|raw|zeus_swerve's rating: 1025 &rarr; <strong>1062<\/strong><br \/>(+37 for winning)\n|raw|ArizonaT's rating: 1031 &rarr; <strong>1016<\/strong><br \/>(-15 for losing)\n","uploadtime":1700978911,"views":24,"p1id":"zeusswerve","p2id":"arizonat","formatid":"gen9vgc2023regulatione","rating":1016,"private":0,"password":""}