{"id":"gen9vgc2023regulatione-1988473062","p1":"MonstaMeatball","p2":"Tessera","format":"[Gen 9] VGC 2023 Regulation E","log":"|j|\u2606MonstaMeatball\n|j|\u2606Tessera\n|n|\u2606MonstaMeatball|monstameatball\n|n|\u2606Tessera|tessera\n|html|View the match progress at <a href=\"\/game-bestof3-gen9vgc2023regulatione-1988467996\">game-bestof3-gen9vgc2023regulatione-1988467996<\/a>\n|t:|1699726672\n|gametype|doubles\n|player|p1|MonstaMeatball|169|\n|player|p2|Tessera|lass-gen4dp|\n|teamsize|p1|6\n|teamsize|p2|6\n|gen|9\n|tier|[Gen 9] VGC 2023 Regulation E\n|rule|Species Clause: Limit one of each Pok\u00e9mon\n|rule|Item Clause: Limit one of each item\n|clearpoke\n|poke|p1|Urshifu-*, L50, M|\n|poke|p1|Tornadus, L50, M|\n|poke|p1|Regidrago, L50|\n|poke|p1|Rillaboom, L50, M|\n|poke|p1|Arcanine-Hisui, L50, F|\n|poke|p1|Gholdengo, L50|\n|poke|p2|Iron Hands, L50|\n|poke|p2|Flutter Mane, L50|\n|poke|p2|Roaring Moon, L50|\n|poke|p2|Amoonguss, L50, M|\n|poke|p2|Heatran, L50, F|\n|poke|p2|Landorus-Therian, L50, M|\n|teampreview|4\n|inactive|Battle timer is ON: inactive players will automatically lose when time's up. (requested by Tessera)\nTessera has agreed to open team sheets.\n|\n|t:|1699726970\n|start\n|switch|p1a: Fuujin|Tornadus, L50, M|100\/100\n|switch|p1b: Kyogai|Rillaboom, L50, M|100\/100\n|switch|p2a: Flutter Mane|Flutter Mane, L50|100\/100\n|switch|p2b: Roaring Moon|Roaring Moon, L50|100\/100\n|-fieldstart|move: Grassy Terrain|[from] ability: Grassy Surge|[of] p1b: Kyogai\n|-enditem|p2b: Roaring Moon|Booster Energy\n|-activate|p2b: Roaring Moon|ability: Protosynthesis|[fromitem]\n|-start|p2b: Roaring Moon|protosynthesisatk\n|turn|1\n|\n|t:|1699726992\n|-end|p2a: Flutter Mane|Protosynthesis|[silent]\n|switch|p2a: Amoonguss|Amoonguss, L50, M|100\/100\n|move|p1b: Kyogai|Fake Out|p2b: Roaring Moon\n|-damage|p2b: Roaring Moon|81\/100\n|move|p1a: Fuujin|Rain Dance|p1a: Fuujin\n|-weather|RainDance\n|cant|p2b: Roaring Moon|flinch\n|\n|-weather|RainDance|[upkeep]\n|-heal|p2b: Roaring Moon|87\/100|[from] Grassy Terrain\n|upkeep\n|turn|2\n|\n|t:|1699727017\n|switch|p2a: Heatran|Heatran, L50, F|100\/100\n|-terastallize|p2b: Roaring Moon|Flying\n|move|p2b: Roaring Moon|Acrobatics|p1b: Kyogai\n|-supereffective|p1b: Kyogai\n|-damage|p1b: Kyogai|0 fnt\n|faint|p1b: Kyogai\n|move|p1a: Fuujin|Bleakwind Storm|p2b: Roaring Moon|[spread] p2a,p2b\n|-resisted|p2a: Heatran\n|-damage|p2a: Heatran|87\/100\n|-damage|p2b: Roaring Moon|57\/100\n|\n|-weather|RainDance|[upkeep]\n|-heal|p2a: Heatran|93\/100|[from] Grassy Terrain\n|-heal|p2a: Heatran|99\/100|[from] item: Leftovers\n|upkeep\n|\n|t:|1699727035\n|switch|p1b: Chuuni|Regidrago, L50|100\/100\n|turn|3\n|\n|t:|1699727047\n|-end|p2b: Roaring Moon|Protosynthesis|[silent]\n|switch|p2b: Flutter Mane|Flutter Mane, L50|100\/100\n|move|p1a: Fuujin|Tailwind|p1a: Fuujin\n|-sidestart|p1: MonstaMeatball|move: Tailwind\n|move|p1b: Chuuni|Dragon Energy|p2b: Flutter Mane|[spread] p2a\n|-immune|p2b: Flutter Mane\n|-resisted|p2a: Heatran\n|-damage|p2a: Heatran|60\/100\n|move|p2a: Heatran|Substitute|p2a: Heatran\n|-start|p2a: Heatran|Substitute\n|-damage|p2a: Heatran|35\/100\n|\n|-weather|RainDance|[upkeep]\n|-heal|p2a: Heatran|42\/100|[from] Grassy Terrain\n|-heal|p2a: Heatran|48\/100|[from] item: Leftovers\n|upkeep\n|turn|4\n|\n|t:|1699727067\n|-terastallize|p1b: Chuuni|Steel\n|move|p1a: Fuujin|Bleakwind Storm|p2b: Flutter Mane|[spread] p2a,p2b\n|-resisted|p2a: Heatran\n|-activate|p2a: Heatran|move: Substitute|[damage]\n|-damage|p2b: Flutter Mane|74\/100\n|move|p1b: Chuuni|Tera Blast|p2b: Flutter Mane|[anim] Tera Blast Steel\n|-supereffective|p2b: Flutter Mane\n|-damage|p2b: Flutter Mane|5\/100\n|move|p2b: Flutter Mane|Dazzling Gleam|p1b: Chuuni|[spread] p1a,p1b\n|-resisted|p1b: Chuuni\n|-damage|p1a: Fuujin|61\/100\n|-damage|p1b: Chuuni|78\/100\n|move|p2a: Heatran|Earth Power|p1b: Chuuni\n|-supereffective|p1b: Chuuni\n|-damage|p1b: Chuuni|11\/100\n|\n|-weather|RainDance|[upkeep]\n|-heal|p1b: Chuuni|18\/100|[from] Grassy Terrain\n|-heal|p2b: Flutter Mane|11\/100|[from] Grassy Terrain\n|-heal|p2a: Heatran|54\/100|[from] Grassy Terrain\n|-heal|p2a: Heatran|60\/100|[from] item: Leftovers\n|upkeep\n|turn|5\n|\n|t:|1699727079\n|switch|p1b: Garou|Urshifu-Rapid-Strike, L50, M|100\/100\n|move|p1a: Fuujin|Bleakwind Storm|p2b: Flutter Mane|[spread] p2a,p2b\n|-resisted|p2a: Heatran\n|-crit|p2a: Heatran\n|-end|p2a: Heatran|Substitute\n|-damage|p2b: Flutter Mane|0 fnt\n|faint|p2b: Flutter Mane\n|-end|p2b: Flutter Mane|Protosynthesis|[silent]\n|move|p2a: Heatran|Heat Wave|p1a: Fuujin|[spread] p1b\n|-miss|p2a: Heatran|p1a: Fuujin\n|-resisted|p1b: Garou\n|-crit|p1b: Garou\n|-damage|p1b: Garou|79\/100\n|\n|-weather|none\n|-heal|p1b: Garou|84\/100|[from] Grassy Terrain\n|-heal|p2a: Heatran|67\/100|[from] Grassy Terrain\n|-heal|p2a: Heatran|73\/100|[from] item: Leftovers\n|-fieldend|move: Grassy Terrain\n|upkeep\n|\n|t:|1699727089\n|switch|p2b: Amoonguss|Amoonguss, L50, M|100\/100\n|turn|6\n|\n|t:|1699727102\n|move|p1a: Fuujin|Rain Dance|p1a: Fuujin\n|-weather|RainDance\n|move|p1b: Garou|Surging Strikes|p2a: Heatran\n|-supereffective|p2a: Heatran\n|-crit|p2a: Heatran\n|-damage|p2a: Heatran|10\/100\n|-supereffective|p2a: Heatran\n|-crit|p2a: Heatran\n|-damage|p2a: Heatran|0 fnt\n|faint|p2a: Heatran\n|-hitcount|p2: Heatran|2\n|move|p2b: Amoonguss|Spore|p1b: Garou\n|-status|p1b: Garou|slp|[from] move: Spore\n|\n|-weather|RainDance|[upkeep]\n|-sideend|p1: MonstaMeatball|move: Tailwind\n|upkeep\n|\n|t:|1699727107\n|switch|p2a: Roaring Moon|Roaring Moon, L50, tera:Flying|57\/100\n|turn|7\n|\n|t:|1699727119\n|switch|p1b: Chuuni|Regidrago, L50, tera:Steel|18\/100\n|move|p2a: Roaring Moon|Dragon Dance|p2a: Roaring Moon\n|-boost|p2a: Roaring Moon|atk|1\n|-boost|p2a: Roaring Moon|spe|1\n|move|p1a: Fuujin|Bleakwind Storm|p2b: Amoonguss|[spread] p2a,p2b\n|-supereffective|p2b: Amoonguss\n|-damage|p2a: Roaring Moon|27\/100\n|-damage|p2b: Amoonguss|43\/100\n|-unboost|p2b: Amoonguss|spe|1\n|move|p2b: Amoonguss|Spore|p1a: Fuujin\n|-status|p1a: Fuujin|slp|[from] move: Spore\n|\n|-weather|RainDance|[upkeep]\n|upkeep\n|turn|8\n|\n|t:|1699727138\n|move|p2a: Roaring Moon|Acrobatics|p1b: Chuuni\n|-resisted|p1b: Chuuni\n|-damage|p1b: Chuuni|0 fnt\n|faint|p1b: Chuuni\n|cant|p1a: Fuujin|slp\n|move|p2b: Amoonguss|Pollen Puff|p2a: Roaring Moon\n|-heal|p2a: Roaring Moon|77\/100\n|\n|-weather|RainDance|[upkeep]\n|upkeep\n|\n|t:|1699727143\n|switch|p1b: Garou|Urshifu-Rapid-Strike, L50, M|84\/100 slp\n|turn|9\n|\n|t:|1699727156\n|move|p2b: Amoonguss|Rage Powder|p2b: Amoonguss\n|-singleturn|p2b: Amoonguss|move: Rage Powder\n|-curestatus|p1a: Fuujin|slp|[msg]\n|move|p1a: Fuujin|Tailwind|p1a: Fuujin\n|-sidestart|p1: MonstaMeatball|move: Tailwind\n|cant|p1b: Garou|slp\n|move|p2a: Roaring Moon|Knock Off|p1a: Fuujin\n|-damage|p1a: Fuujin|0 fnt\n|-damage|p2a: Roaring Moon|61\/100|[from] item: Rocky Helmet|[of] p1a: Fuujin\n|-enditem|p1a: Fuujin|Rocky Helmet|[from] move: Knock Off|[of] p2a: Roaring Moon\n|faint|p1a: Fuujin\n|\n|-weather|RainDance|[upkeep]\n|upkeep\n|turn|10\n|\n|t:|1699727164\n|move|p2b: Amoonguss|Rage Powder|p2b: Amoonguss\n|-singleturn|p2b: Amoonguss|move: Rage Powder\n|cant|p1b: Garou|slp\n|move|p2a: Roaring Moon|Acrobatics|p1b: Garou\n|-supereffective|p1b: Garou\n|-crit|p1b: Garou\n|-damage|p1b: Garou|0 fnt\n|faint|p1b: Garou\n|\n|win|Tessera\n|l|\u2606MonstaMeatball\n|j|\u2606MonstaMeatball\n|player|p1|MonstaMeatball|169\n","uploadtime":1699727841,"views":14,"p1id":"monstameatball","p2id":"tessera","formatid":"gen9vgc2023regulatione","rating":0,"private":0,"password":""}