{"id":"gen9vgc2023regulatione-1991651795","p1":"Just_Howling","p2":"shadowclause","format":"[Gen 9] VGC 2023 Regulation E","log":"|j|\u2606Just_Howling\n|j|\u2606shadowclause\n|t:|1700098633\n|gametype|doubles\n|player|p1|Just_Howling|1|1159\n|player|p2|shadowclause|101|1080\n|teamsize|p1|6\n|teamsize|p2|6\n|gen|9\n|tier|[Gen 9] VGC 2023 Regulation E\n|rated|\n|rule|Species Clause: Limit one of each Pok\u00e9mon\n|rule|Item Clause: Limit one of each item\n|clearpoke\n|poke|p1|Arcanine-Hisui, L50, F|\n|poke|p1|Zapdos-Galar, L50|\n|poke|p1|Tyranitar, L50, M|\n|poke|p1|Farigiraf, L50, F|\n|poke|p1|Chien-Pao, L50|\n|poke|p1|Sinistcha-Masterpiece, L50|\n|poke|p2|Dipplin, L50, F|\n|poke|p2|Torkoal, L50, F|\n|poke|p2|Sawsbuck-Autumn, L50, M|\n|poke|p2|Scovillain, L50, M|\n|poke|p2|Lilligant-Hisui, L50, F|\n|poke|p2|Gastrodon-East, L50, M|\n|teampreview|4\n|inactive|Battle timer is ON: inactive players will automatically lose when time's up. (requested by Just_Howling)\nshadowclause has agreed to open team sheets.\n|inactive|Just_Howling has 60 seconds left.\n|inactive|shadowclause has 60 seconds left.\n|\n|t:|1700098685\n|start\n|switch|p1a: Tyranitar|Tyranitar, L50, M|100\/100\n|switch|p1b: Arcanine|Arcanine-Hisui, L50, F|100\/100\n|switch|p2a: Torkoal|Torkoal, L50, F|100\/100\n|switch|p2b: Scovillain|Scovillain, L50, M|100\/100\n|-ability|p1b: Arcanine|Intimidate|boost\n|-unboost|p2a: Torkoal|atk|1\n|-unboost|p2b: Scovillain|atk|1\n|-weather|Sandstorm|[from] ability: Sand Stream|[of] p1a: Tyranitar\n|-weather|SunnyDay|[from] ability: Drought|[of] p2a: Torkoal\n|turn|1\n|inactive|Just_Howling has 30 seconds left.\n|inactive|shadowclause has 30 seconds left.\n|inactive|Just_Howling has 20 seconds left.\n|\n|t:|1700098721\n|switch|p1a: Sinistcha|Sinistcha-Masterpiece, L50|100\/100\n|move|p2b: Scovillain|Burning Jealousy|p1b: Arcanine|[spread] p1a,p1b\n|-supereffective|p1a: Sinistcha\n|-resisted|p1b: Arcanine\n|-damage|p1a: Sinistcha|15\/100\n|-damage|p1b: Arcanine|88\/100\n|move|p1b: Arcanine|Rock Slide|p2b: Scovillain|[spread] p2a,p2b\n|-supereffective|p2a: Torkoal\n|-supereffective|p2b: Scovillain\n|-damage|p2a: Torkoal|59\/100\n|-damage|p2b: Scovillain|0 fnt\n|faint|p2b: Scovillain\n|move|p2a: Torkoal|Stealth Rock|p1a: Sinistcha\n|-sidestart|p1: Just_Howling|move: Stealth Rock\n|\n|-weather|SunnyDay|[upkeep]\n|-heal|p1a: Sinistcha|21\/100|[from] item: Leftovers\n|upkeep\n|\n|t:|1700098737\n|switch|p2b: Dipplin|Dipplin, L50, F|100\/100\n|-ability|p2b: Dipplin|Supersweet Syrup\n|-ability|p2b: Dipplin|Supersweet Syrup|boost\n|-unboost|p1a: Sinistcha|evasion|1\n|-fail|p1b: Arcanine|unboost|[from] item: Clear Amulet|[of] p1b: Arcanine\n|turn|2\n|inactive|shadowclause has 30 seconds left.\n|inactive|shadowclause has 20 seconds left.\n|\n|t:|1700098774\n|move|p2b: Dipplin|Protect|p2b: Dipplin\n|-singleturn|p2b: Dipplin|Protect\n|move|p1b: Arcanine|Extreme Speed|p2a: Torkoal\n|-damage|p2a: Torkoal|37\/100\n|move|p1a: Sinistcha|Strength Sap|p2b: Dipplin\n|-activate|p2b: Dipplin|move: Protect\n|move|p2a: Torkoal|Heat Wave|p1a: Sinistcha|[spread] p1a,p1b\n|-supereffective|p1a: Sinistcha\n|-resisted|p1b: Arcanine\n|-damage|p1a: Sinistcha|0 fnt\n|-damage|p1b: Arcanine|74\/100\n|faint|p1a: Sinistcha\n|\n|-weather|SunnyDay|[upkeep]\n|upkeep\n|l|\u2606shadowclause\n|inactive|shadowclause disconnected and has a minute to reconnect!\n|player|p2|\n|j|\u2606shadowclause\n|inactive|shadowclause reconnected.\n|player|p2|shadowclause|101\n|\n|t:|1700098789\n|switch|p1a: Tyranitar|Tyranitar, L50, M|100\/100\n|-damage|p1a: Tyranitar|88\/100|[from] Stealth Rock\n|-weather|Sandstorm|[from] ability: Sand Stream|[of] p1a: Tyranitar\n|turn|3\n|inactive|shadowclause has 30 seconds left.\n|\n|t:|1700098820\n|switch|p2a: Gastrodon|Gastrodon-East, L50, M|100\/100\n|move|p1b: Arcanine|Rock Slide|p2b: Dipplin|[spread] p2a,p2b\n|-resisted|p2a: Gastrodon\n|-crit|p2b: Dipplin\n|-damage|p2a: Gastrodon|84\/100\n|-damage|p2b: Dipplin|79\/100\n|move|p1a: Tyranitar|Rock Slide|p2a: Gastrodon|[spread] p2a,p2b\n|-resisted|p2a: Gastrodon\n|-damage|p2a: Gastrodon|64\/100\n|-damage|p2b: Dipplin|63\/100\n|move|p2b: Dipplin|Infestation|p1a: Tyranitar\n|-supereffective|p1a: Tyranitar\n|-damage|p1a: Tyranitar|84\/100\n|-activate|p1a: Tyranitar|move: Infestation|[of] p2b: Dipplin\n|\n|-weather|Sandstorm|[upkeep]\n|-damage|p2b: Dipplin|57\/100|[from] Sandstorm\n|-heal|p2a: Gastrodon|70\/100|[from] item: Leftovers\n|-damage|p1a: Tyranitar|72\/100|[from] move: Infestation|[partiallytrapped]\n|upkeep\n|turn|4\n|inactive|Just_Howling has 30 seconds left.\n|inactive|shadowclause has 30 seconds left.\n|inactive|Just_Howling has 20 seconds left.\n|inactive|Just_Howling has 15 seconds left.\n|inactive|shadowclause has 20 seconds left.\n|\n|t:|1700098868\n|switch|p1b: Chien-Pao|Chien-Pao, L50|100\/100\n|-damage|p1b: Chien-Pao|76\/100|[from] Stealth Rock\n|-ability|p1b: Chien-Pao|Sword of Ruin\n|move|p1a: Tyranitar|Crunch|p2a: Gastrodon\n|-damage|p2a: Gastrodon|5\/100\n|move|p2b: Dipplin|Syrup Bomb|p1b: Chien-Pao\n|-damage|p1b: Chien-Pao|45\/100\n|-start|p1b: Chien-Pao|Syrup Bomb\n|move|p2a: Gastrodon|Muddy Water|p1a: Tyranitar|[spread] p1a\n|-miss|p2a: Gastrodon|p1b: Chien-Pao\n|-supereffective|p1a: Tyranitar\n|-damage|p1a: Tyranitar|49\/100\n|\n|-weather|Sandstorm|[upkeep]\n|-damage|p1b: Chien-Pao|39\/100|[from] Sandstorm\n|-damage|p2b: Dipplin|51\/100|[from] Sandstorm\n|-heal|p2a: Gastrodon|11\/100|[from] item: Leftovers\n|-damage|p1a: Tyranitar|37\/100|[from] move: Infestation|[partiallytrapped]\n|-unboost|p1b: Chien-Pao|spe|1\n|upkeep\n|turn|5\n|inactive|Just_Howling has 30 seconds left.\n|inactive|shadowclause has 30 seconds left.\n|inactive|shadowclause has 20 seconds left.\n|inactive|shadowclause has 15 seconds left.\n|inactive|shadowclause has 10 seconds left.\n|\n|t:|1700098914\n|-terastallize|p2b: Dipplin|Steel\n|move|p1b: Chien-Pao|Ice Spinner|p2b: Dipplin\n|-resisted|p2b: Dipplin\n|-damage|p2b: Dipplin|36\/100\n|move|p1a: Tyranitar|Rock Slide|p2a: Gastrodon|[spread] p2a\n|-miss|p1a: Tyranitar|p2b: Dipplin\n|-resisted|p2a: Gastrodon\n|-damage|p2a: Gastrodon|0 fnt\n|faint|p2a: Gastrodon\n|move|p2b: Dipplin|Infestation|p1b: Chien-Pao\n|-supereffective|p1b: Chien-Pao\n|-damage|p1b: Chien-Pao|22\/100\n|-activate|p1b: Chien-Pao|move: Infestation|[of] p2b: Dipplin\n|\n|-weather|Sandstorm|[upkeep]\n|-damage|p1b: Chien-Pao|17\/100|[from] Sandstorm\n|-damage|p1b: Chien-Pao|4\/100|[from] move: Infestation|[partiallytrapped]\n|-damage|p1a: Tyranitar|24\/100|[from] move: Infestation|[partiallytrapped]\n|-unboost|p1b: Chien-Pao|spe|1\n|upkeep\n|\n|t:|1700098931\n|switch|p2a: Torkoal|Torkoal, L50, F|37\/100\n|-weather|SunnyDay|[from] ability: Drought|[of] p2a: Torkoal\n|turn|6\n|\n|t:|1700098955\n|move|p2b: Dipplin|Protect|p2b: Dipplin\n|-singleturn|p2b: Dipplin|Protect\n|move|p1b: Chien-Pao|Sucker Punch|p2a: Torkoal\n|-damage|p2a: Torkoal|0 fnt\n|faint|p2a: Torkoal\n|move|p1a: Tyranitar|Rock Slide|p2b: Dipplin\n|-activate|p2b: Dipplin|move: Protect\n|\n|-weather|SunnyDay|[upkeep]\n|-damage|p1b: Chien-Pao|0 fnt|[from] move: Infestation|[partiallytrapped]\n|faint|p1b: Chien-Pao\n|-damage|p1a: Tyranitar|12\/100|[from] move: Infestation|[partiallytrapped]\n|upkeep\n|\n|t:|1700098966\n|switch|p1b: Arcanine|Arcanine-Hisui, L50, F|74\/100\n|-damage|p1b: Arcanine|49\/100|[from] Stealth Rock\n|-ability|p1b: Arcanine|Intimidate|boost\n|-unboost|p2b: Dipplin|atk|1\n|turn|7\n|\n|t:|1700098986\n|-terastallize|p1b: Arcanine|Normal\n|move|p1b: Arcanine|Extreme Speed|p2b: Dipplin\n|-resisted|p2b: Dipplin\n|-damage|p2b: Dipplin|24\/100\n|move|p1a: Tyranitar|Crunch|p2b: Dipplin\n|-damage|p2b: Dipplin|0 fnt\n|faint|p2b: Dipplin\n|\n|win|Just_Howling\n|raw|Just_Howling's rating: 1159 &rarr; <strong>1178<\/strong><br \/>(+19 for winning)\n|raw|shadowclause's rating: 1080 &rarr; <strong>1063<\/strong><br \/>(-17 for losing)\n|c|\u2606Just_Howling|gg\n|l|\u2606Just_Howling\n|c|\u2606shadowclause|gg!\n","uploadtime":1700099001,"views":15,"p1id":"justhowling","p2id":"shadowclause","formatid":"gen9vgc2023regulatione","rating":1063,"private":0,"password":""}