{"id":"gen9vgc2023regulatione-1990749354","p1":"CharlienoB","p2":"AXELLARAMENA","format":"[Gen 9] VGC 2023 Regulation E","log":"|j|\u2606CharlienoB\n|j|\u2606AXELLARAMENA\n|t:|1699997238\n|gametype|doubles\n|player|p1|CharlienoB|169|1063\n|player|p2|AXELLARAMENA|101|1117\n|teamsize|p1|6\n|teamsize|p2|6\n|gen|9\n|tier|[Gen 9] VGC 2023 Regulation E\n|rated|\n|rule|Species Clause: Limit one of each Pok\u00e9mon\n|rule|Item Clause: Limit one of each item\n|clearpoke\n|poke|p1|Espathra, L50, F|\n|poke|p1|Sinistcha, L50|\n|poke|p1|Chi-Yu, L50|\n|poke|p1|Basculegion, L50, M|\n|poke|p1|Hydreigon, L50, M|\n|poke|p1|Annihilape, L50, F|\n|poke|p2|Torterra, L50, M|\n|poke|p2|Sinistcha, L50|\n|poke|p2|Kommo-o, L50, M|\n|poke|p2|Grumpig, L50, M|\n|poke|p2|Talonflame, L50, F|\n|poke|p2|Ursaluna-Bloodmoon, L50, M|\n|teampreview|4\n|\n|t:|1699997265\n|start\n|switch|p1a: Annihilape|Annihilape, L50, F|100\/100\n|switch|p1b: Espathra|Espathra, L50, F|100\/100\n|switch|p2a: Grumpig|Grumpig, L50, M, shiny|100\/100\n|switch|p2b: Ursaluna|Ursaluna-Bloodmoon, L50, M|100\/100\n|turn|1\n|\n|t:|1699997285\n|-terastallize|p2b: Ursaluna|Ghost\n|move|p1a: Annihilape|Drain Punch|p2b: Ursaluna\n|-immune|p2b: Ursaluna\n|move|p1b: Espathra|Skill Swap|p1a: Annihilape\n|-activate|p1b: Espathra|move: Skill Swap|||[of] p1a: Annihilape\n|move|p2a: Grumpig|Simple Beam|p2b: Ursaluna\n|-endability|p2b: Ursaluna|Mind's Eye|[from] move: Simple Beam\n|-ability|p2b: Ursaluna|Simple|[from] move: Simple Beam\n|move|p2b: Ursaluna|Calm Mind|p2b: Ursaluna\n|-boost|p2b: Ursaluna|spa|2\n|-boost|p2b: Ursaluna|spd|2\n|\n|-ability|p1a: Annihilape|Speed Boost|boost\n|-boost|p1a: Annihilape|spe|1\n|upkeep\n|turn|2\n|\n|t:|1699997316\n|switch|p1a: Basculegion|Basculegion, L50, M|100\/100\n|move|p2b: Ursaluna|Protect|p2b: Ursaluna\n|-singleturn|p2b: Ursaluna|Protect\n|move|p1b: Espathra|Skill Swap|p2b: Ursaluna\n|-activate|p2b: Ursaluna|move: Protect\n|move|p2a: Grumpig|Trick Room|p2a: Grumpig\n|-fieldstart|move: Trick Room|[of] p2a: Grumpig\n|\n|upkeep\n|turn|3\n|\n|t:|1699997337\n|move|p1a: Basculegion|Protect|p1a: Basculegion\n|-singleturn|p1a: Basculegion|Protect\n|move|p2b: Ursaluna|Earth Power|p1a: Basculegion\n|-activate|p1a: Basculegion|move: Protect\n|move|p2a: Grumpig|Taunt|p1b: Espathra\n|-start|p1b: Espathra|move: Taunt\n|cant|p1b: Espathra|move: Taunt|Skill Swap\n|\n|upkeep\n|turn|4\n|\n|t:|1699997366\n|switch|p2a: Sinistcha|Sinistcha, L50, shiny|100\/100\n|-terastallize|p1b: Espathra|Fairy\n|move|p2b: Ursaluna|Earth Power|p1a: Basculegion\n|-damage|p1a: Basculegion|0 fnt\n|faint|p1a: Basculegion\n|move|p1b: Espathra|Dazzling Gleam|p2b: Ursaluna|[spread] p2a,p2b\n|-damage|p2a: Sinistcha|79\/100\n|-damage|p2b: Ursaluna|89\/100\n|\n|upkeep\n|\n|t:|1699997381\n|switch|p1a: Annihilape|Annihilape, L50, F|100\/100\n|turn|5\n|-message|CharlienoB forfeited.\n|\n|win|AXELLARAMENA\n|raw|CharlienoB's rating: 1063 &rarr; <strong>1047<\/strong><br \/>(-16 for losing)\n|raw|AXELLARAMENA's rating: 1117 &rarr; <strong>1138<\/strong><br \/>(+21 for winning)\n|l|\u2606CharlienoB\n","uploadtime":1699997403,"views":15,"p1id":"charlienob","p2id":"axellaramena","formatid":"gen9vgc2023regulatione","rating":1047,"private":0,"password":""}