{"id":"gen9vgc2023regulatione-1995716043","p1":"jalo3705","p2":"Bulbasaurteam35","format":"[Gen 9] VGC 2023 Regulation E","log":"|j|\u2606jalo3705\n|j|\u2606Bulbasaurteam35\n|t:|1700596513\n|gametype|doubles\n|player|p1|jalo3705|2|1326\n|player|p2|Bulbasaurteam35|pokemaniac|1339\n|teamsize|p1|6\n|teamsize|p2|6\n|gen|9\n|tier|[Gen 9] VGC 2023 Regulation E\n|rated|\n|rule|Species Clause: Limit one of each Pok\u00e9mon\n|rule|Item Clause: Limit one of each item\n|clearpoke\n|poke|p1|Gholdengo, L50|\n|poke|p1|Amoonguss, L50, F|\n|poke|p1|Ogerpon-Wellspring, L50, F|\n|poke|p1|Urshifu-*, L50, M|\n|poke|p1|Tornadus, L50, M|\n|poke|p1|Chien-Pao, L50|\n|poke|p2|Ninetales-Alola, L50, M|\n|poke|p2|Iron Bundle, L50|\n|poke|p2|Chi-Yu, L50|\n|poke|p2|Dachsbun, L50, F|\n|poke|p2|Rillaboom, L50, M|\n|poke|p2|Ogerpon-Hearthflame, L50, F|\n|teampreview|4\n|inactive|Battle timer is ON: inactive players will automatically lose when time's up. (requested by Bulbasaurteam35)\n|\n|t:|1700596539\n|start\n|switch|p1a: Tornadus|Tornadus, L50, M|100\/100\n|switch|p1b: Urshifu|Urshifu-Rapid-Strike, L50, M|100\/100\n|switch|p2a: Iron Bundle|Iron Bundle, L50|100\/100\n|switch|p2b: Ninetales|Ninetales-Alola, L50, M|100\/100\n|-weather|Snow|[from] ability: Snow Warning|[of] p2b: Ninetales\n|-enditem|p2a: Iron Bundle|Booster Energy\n|-activate|p2a: Iron Bundle|ability: Quark Drive|[fromitem]\n|-start|p2a: Iron Bundle|quarkdrivespe\n|turn|1\n|inactive|jalo3705 has 30 seconds left.\n|\n|t:|1700596567\n|-terastallize|p1b: Urshifu|Poison\n|move|p1a: Tornadus|Rain Dance|p1a: Tornadus\n|-weather|RainDance\n|move|p2a: Iron Bundle|Icy Wind|p1b: Urshifu|[spread] p1a,p1b\n|-supereffective|p1a: Tornadus\n|-damage|p1a: Tornadus|53\/100\n|-damage|p1b: Urshifu|75\/100\n|-unboost|p1b: Urshifu|spe|1\n|move|p2b: Ninetales|Icy Wind|p1a: Tornadus|[spread] p1a,p1b\n|-supereffective|p1a: Tornadus\n|-damage|p1a: Tornadus|13\/100\n|-damage|p1b: Urshifu|54\/100\n|-unboost|p1b: Urshifu|spe|1\n|move|p1b: Urshifu|Surging Strikes|p2a: Iron Bundle\n|-resisted|p2a: Iron Bundle\n|-crit|p2a: Iron Bundle\n|-damage|p2a: Iron Bundle|83\/100\n|-resisted|p2a: Iron Bundle\n|-crit|p2a: Iron Bundle\n|-damage|p2a: Iron Bundle|65\/100\n|-resisted|p2a: Iron Bundle\n|-crit|p2a: Iron Bundle\n|-damage|p2a: Iron Bundle|49\/100\n|-hitcount|p2a: Iron Bundle|3\n|\n|-weather|RainDance|[upkeep]\n|upkeep\n|turn|2\n|inactive|jalo3705 has 30 seconds left.\n|\n|t:|1700596593\n|move|p1a: Tornadus|Tailwind|p1a: Tornadus\n|-sidestart|p1: jalo3705|move: Tailwind\n|move|p2a: Iron Bundle|Freeze-Dry|p1b: Urshifu\n|-damage|p1b: Urshifu|5\/100\n|move|p1b: Urshifu|Surging Strikes|p2b: Ninetales\n|-crit|p2b: Ninetales\n|-damage|p2b: Ninetales|52\/100\n|-crit|p2b: Ninetales\n|-damage|p2b: Ninetales|10\/100\n|-crit|p2b: Ninetales\n|-damage|p2b: Ninetales|0 fnt\n|faint|p2b: Ninetales\n|-hitcount|p2: Ninetales|3\n|\n|-weather|RainDance|[upkeep]\n|upkeep\n|\n|t:|1700596612\n|switch|p2b: Dachsbun|Dachsbun, L50, F|100\/100\n|turn|3\n|\n|t:|1700596625\n|switch|p1b: Chien-Pao|Chien-Pao, L50|100\/100\n|-ability|p1b: Chien-Pao|Sword of Ruin\n|move|p1a: Tornadus|Taunt|p2b: Dachsbun\n|-start|p2b: Dachsbun|move: Taunt\n|move|p2a: Iron Bundle|Icy Wind|p1a: Tornadus|[spread] p1a\n|-miss|p2a: Iron Bundle|p1b: Chien-Pao\n|-supereffective|p1a: Tornadus\n|-damage|p1a: Tornadus|0 fnt\n|faint|p1a: Tornadus\n|cant|p2b: Dachsbun|move: Taunt|Substitute\n|\n|-weather|RainDance|[upkeep]\n|upkeep\n|\n|t:|1700596636\n|switch|p1a: Ogerpon|Ogerpon-Wellspring, L50, F|100\/100\n|turn|4\n|\n|t:|1700596648\n|move|p1a: Ogerpon|Spiky Shield|p1a: Ogerpon\n|-singleturn|p1a: Ogerpon|move: Protect\n|move|p2a: Iron Bundle|Protect|p2a: Iron Bundle\n|-singleturn|p2a: Iron Bundle|Protect\n|move|p1b: Chien-Pao|Sacred Sword|p2a: Iron Bundle\n|-activate|p2a: Iron Bundle|move: Protect\n|move|p2b: Dachsbun|Snarl|p1a: Ogerpon|[spread] p1b\n|-activate|p1a: Ogerpon|move: Protect\n|-resisted|p1b: Chien-Pao\n|-crit|p1b: Chien-Pao\n|-damage|p1b: Chien-Pao|95\/100\n|-unboost|p1b: Chien-Pao|spa|1\n|\n|-weather|RainDance|[upkeep]\n|upkeep\n|turn|5\n|\n|t:|1700596662\n|move|p1b: Chien-Pao|Sacred Sword|p2a: Iron Bundle\n|-supereffective|p2a: Iron Bundle\n|-damage|p2a: Iron Bundle|0 fnt\n|faint|p2a: Iron Bundle\n|-end|p2a: Iron Bundle|Quark Drive|[silent]\n|move|p1a: Ogerpon|Ivy Cudgel|p2b: Dachsbun|[anim] Ivy Cudgel Water\n|-damage|p2b: Dachsbun|0 fnt\n|faint|p2b: Dachsbun\n|\n|-weather|none\n|-sideend|p1: jalo3705|move: Tailwind\n|upkeep\n|\n|t:|1700596675\n|switch|p2b: Chi-Yu|Chi-Yu, L50|100\/100\n|-ability|p2b: Chi-Yu|Beads of Ruin\n|turn|6\n|\n|t:|1700596684\n|-terastallize|p2b: Chi-Yu|Ghost\n|move|p2b: Chi-Yu|Heat Wave|p1b: Chien-Pao|[spread] p1a,p1b\n|-supereffective|p1b: Chien-Pao\n|-damage|p1a: Ogerpon|47\/100\n|-damage|p1b: Chien-Pao|0 fnt\n|faint|p1b: Chien-Pao\n|move|p1a: Ogerpon|Ivy Cudgel|p2b: Chi-Yu|[anim] Ivy Cudgel Water\n|-damage|p2b: Chi-Yu|22\/100\n|\n|upkeep\n|\n|t:|1700596692\n|switch|p1b: Urshifu|Urshifu-Rapid-Strike, L50, M, tera:Poison|5\/100\n|turn|7\n|\n|t:|1700596697\n|move|p2b: Chi-Yu|Heat Wave|p1a: Ogerpon|[spread] p1a,p1b\n|-damage|p1a: Ogerpon|0 fnt\n|-damage|p1b: Urshifu|0 fnt\n|faint|p1a: Ogerpon\n|faint|p1b: Urshifu\n|\n|win|Bulbasaurteam35\n|raw|jalo3705's rating: 1326 &rarr; <strong>1307<\/strong><br \/>(-19 for losing)\n|raw|Bulbasaurteam35's rating: 1339 &rarr; <strong>1358<\/strong><br \/>(+19 for winning)\n|l|\u2606jalo3705\n","uploadtime":1700596710,"views":3,"p1id":"jalo3705","p2id":"bulbasaurteam35","formatid":"gen9vgc2023regulatione","rating":1307,"private":0,"password":""}