{"id":"gen9vgc2023regulatione-1992054567","p1":"Square K","p2":"TheKnewNorm","format":"[Gen 9] VGC 2023 Regulation E","log":"|j|\u2606Square K\n|j|\u2606TheKnewNorm\n|t:|1700151268\n|gametype|doubles\n|player|p1|Square K|chuck|1069\n|player|p2|TheKnewNorm|shadowtriad|1074\n|teamsize|p1|6\n|teamsize|p2|6\n|gen|9\n|tier|[Gen 9] VGC 2023 Regulation E\n|rated|\n|rule|Species Clause: Limit one of each Pok\u00e9mon\n|rule|Item Clause: Limit one of each item\n|clearpoke\n|poke|p1|Ursaluna-Bloodmoon, L50, M|\n|poke|p1|Dusclops, L50, F|\n|poke|p1|Enamorus-Therian, L50, F|\n|poke|p1|Oranguru, L50, F|\n|poke|p1|Amoonguss, L50, F|\n|poke|p1|Dragonite, L50, F|\n|poke|p2|Ogerpon-Wellspring, L50, F|\n|poke|p2|Urshifu-*, L50, M|\n|poke|p2|Flutter Mane, L50|\n|poke|p2|Amoonguss, L50, F|\n|poke|p2|Heatran, L50, F|\n|poke|p2|Landorus-Therian, L50, M|\n|teampreview|4\n|inactive|Battle timer is ON: inactive players will automatically lose when time's up. (requested by Square K)\n|\n|t:|1700151305\n|start\n|switch|p1a: \u5e9e\u7edf|Dusclops, L50, F|100\/100\n|switch|p1b: \u5f20\u7ffc\u5fb7|Ursaluna-Bloodmoon, L50, M|100\/100\n|switch|p2a: Flutter Mane|Flutter Mane, L50|100\/100\n|switch|p2b: Amoonguss|Amoonguss, L50, F, shiny|100\/100\n|-item|p2a: Flutter Mane|Booster Energy|[from] ability: Frisk|[of] p1a: \u5e9e\u7edf|[identify]\n|-item|p2b: Amoonguss|Sitrus Berry|[from] ability: Frisk|[of] p1a: \u5e9e\u7edf|[identify]\n|-enditem|p2a: Flutter Mane|Booster Energy\n|-activate|p2a: Flutter Mane|ability: Protosynthesis|[fromitem]\n|-start|p2a: Flutter Mane|protosynthesisspe\n|turn|1\n|inactive|TheKnewNorm has 30 seconds left.\n|inactive|Square K has 30 seconds left.\n|\n|t:|1700151338\n|move|p1a: \u5e9e\u7edf|Helping Hand|p1b: \u5f20\u7ffc\u5fb7\n|-singleturn|p1b: \u5f20\u7ffc\u5fb7|Helping Hand|[of] p1a: \u5e9e\u7edf\n|move|p2a: Flutter Mane|Moonblast|p1b: \u5f20\u7ffc\u5fb7\n|-damage|p1b: \u5f20\u7ffc\u5fb7|43\/100\n|move|p1b: \u5f20\u7ffc\u5fb7|Blood Moon|p2b: Amoonguss\n|-damage|p2b: Amoonguss|23\/100\n|-enditem|p2b: Amoonguss|Sitrus Berry|[eat]\n|-heal|p2b: Amoonguss|48\/100|[from] item: Sitrus Berry\n|move|p2b: Amoonguss|Spore|p1a: \u5e9e\u7edf\n|-status|p1a: \u5e9e\u7edf|slp|[from] move: Spore\n|\n|upkeep\n|turn|2\n|\n|t:|1700151358\n|switch|p1b: \u5218\u7384\u5fb7|Amoonguss, L50, F|100\/100\n|move|p2b: Amoonguss|Rage Powder|p2b: Amoonguss\n|-singleturn|p2b: Amoonguss|move: Rage Powder\n|move|p2a: Flutter Mane|Dazzling Gleam|p1b: \u5218\u7384\u5fb7|[spread] p1a,p1b\n|-resisted|p1b: \u5218\u7384\u5fb7\n|-damage|p1a: \u5e9e\u7edf|86\/100 slp\n|-damage|p1b: \u5218\u7384\u5fb7|86\/100\n|cant|p1a: \u5e9e\u7edf|slp\n|\n|-heal|p1b: \u5218\u7384\u5fb7|91\/100|[from] item: Black Sludge\n|upkeep\n|turn|3\n|\n|t:|1700151378\n|switch|p2b: Landorus|Landorus-Therian, L50, M, shiny|100\/100\n|-ability|p2b: Landorus|Intimidate|boost\n|-unboost|p1a: \u5e9e\u7edf|atk|1\n|-unboost|p1b: \u5218\u7384\u5fb7|atk|1\n|move|p2a: Flutter Mane|Shadow Ball|p1a: \u5e9e\u7edf\n|-supereffective|p1a: \u5e9e\u7edf\n|-damage|p1a: \u5e9e\u7edf|41\/100 slp\n|cant|p1a: \u5e9e\u7edf|slp\n|move|p1b: \u5218\u7384\u5fb7|Spore|p2a: Flutter Mane\n|-status|p2a: Flutter Mane|slp|[from] move: Spore\n|\n|-heal|p1b: \u5218\u7384\u5fb7|97\/100|[from] item: Black Sludge\n|upkeep\n|turn|4\n|inactive|Square K has 30 seconds left.\n|inactive|TheKnewNorm has 30 seconds left.\n|inactive|Square K has 20 seconds left.\n|inactive|TheKnewNorm has 20 seconds left.\n|\n|t:|1700151414\n|-terastallize|p1a: \u5e9e\u7edf|Fairy\n|cant|p2a: Flutter Mane|slp\n|move|p2b: Landorus|U-turn|p1b: \u5218\u7384\u5fb7\n|-damage|p1b: \u5218\u7384\u5fb7|78\/100\n|\n|t:|1700151420\n|switch|p2b: Amoonguss|Amoonguss, L50, F, shiny|81\/100|[from] U-turn\n|-curestatus|p1a: \u5e9e\u7edf|slp|[msg]\n|move|p1a: \u5e9e\u7edf|Pain Split|p2b: Amoonguss\n|-sethp|p2b: Amoonguss|54\/100|[from] move: Pain Split|[silent]\n|-sethp|p1a: \u5e9e\u7edf|81\/100|[from] move: Pain Split\n|move|p1b: \u5218\u7384\u5fb7|Spore|p2b: Amoonguss\n|-immune|p2b: Amoonguss\n|\n|-heal|p1b: \u5218\u7384\u5fb7|84\/100|[from] item: Black Sludge\n|upkeep\n|turn|5\n|\n|t:|1700151442\n|switch|p1b: \u5173\u4e91\u957f|Enamorus-Therian, L50, F|100\/100\n|cant|p2a: Flutter Mane|slp\n|move|p2b: Amoonguss|Spore|p1a: \u5e9e\u7edf\n|-status|p1a: \u5e9e\u7edf|slp|[from] move: Spore\n|cant|p1a: \u5e9e\u7edf|slp\n|\n|upkeep\n|turn|6\n|\n|t:|1700151464\n|cant|p2a: Flutter Mane|slp\n|move|p2b: Amoonguss|Spore|p1b: \u5173\u4e91\u957f\n|-immune|p1b: \u5173\u4e91\u957f|[from] ability: Overcoat\n|move|p1b: \u5173\u4e91\u957f|Psychic|p2b: Amoonguss\n|-supereffective|p2b: Amoonguss\n|-crit|p2b: Amoonguss\n|-damage|p2b: Amoonguss|0 fnt\n|faint|p2b: Amoonguss\n|-damage|p1b: \u5173\u4e91\u957f|91\/100|[from] item: Life Orb\n|cant|p1a: \u5e9e\u7edf|slp\n|\n|upkeep\n|\n|t:|1700151475\n|switch|p2b: Landorus|Landorus-Therian, L50, M, shiny|100\/100\n|-ability|p2b: Landorus|Intimidate|boost\n|-unboost|p1a: \u5e9e\u7edf|atk|1\n|-unboost|p1b: \u5173\u4e91\u957f|atk|1\n|turn|7\n|inactive|TheKnewNorm has 30 seconds left.\n|\n|t:|1700151505\n|-terastallize|p2a: Flutter Mane|Steel\n|-curestatus|p2a: Flutter Mane|slp|[msg]\n|move|p2a: Flutter Mane|Shadow Ball|p1a: \u5e9e\u7edf\n|-damage|p1a: \u5e9e\u7edf|60\/100 slp\n|-unboost|p1a: \u5e9e\u7edf|spd|1\n|move|p2b: Landorus|Tera Blast|p1b: \u5173\u4e91\u957f\n|-damage|p1b: \u5173\u4e91\u957f|70\/100\n|move|p1b: \u5173\u4e91\u957f|Dazzling Gleam|p2a: Flutter Mane|[spread] p2a,p2b\n|-resisted|p2a: Flutter Mane\n|-damage|p2a: Flutter Mane|77\/100\n|-damage|p2b: Landorus|33\/100\n|-damage|p1b: \u5173\u4e91\u957f|60\/100|[from] item: Life Orb\n|cant|p1a: \u5e9e\u7edf|slp\n|\n|upkeep\n|turn|8\n|\n|t:|1700151527\n|-curestatus|p1a: \u5e9e\u7edf|slp|[msg]\n|move|p1a: \u5e9e\u7edf|Helping Hand|p1b: \u5173\u4e91\u957f\n|-singleturn|p1b: \u5173\u4e91\u957f|Helping Hand|[of] p1a: \u5e9e\u7edf\n|move|p2a: Flutter Mane|Shadow Ball|p1b: \u5173\u4e91\u957f\n|-damage|p1b: \u5173\u4e91\u957f|21\/100\n|move|p2b: Landorus|U-turn|p1b: \u5173\u4e91\u957f\n|-resisted|p1b: \u5173\u4e91\u957f\n|-damage|p1b: \u5173\u4e91\u957f|16\/100\n|\n|t:|1700151536\n|switch|p2b: Urshifu|Urshifu-Rapid-Strike, L50, M|100\/100|[from] U-turn\n|move|p1b: \u5173\u4e91\u957f|Dazzling Gleam|p2a: Flutter Mane|[spread] p2a,p2b\n|-resisted|p2a: Flutter Mane\n|-supereffective|p2b: Urshifu\n|-damage|p2a: Flutter Mane|44\/100\n|-damage|p2b: Urshifu|0 fnt\n|faint|p2b: Urshifu\n|-damage|p1b: \u5173\u4e91\u957f|6\/100|[from] item: Life Orb\n|\n|upkeep\n|\n|t:|1700151544\n|switch|p2b: Landorus|Landorus-Therian, L50, M, shiny|33\/100\n|-ability|p2b: Landorus|Intimidate|boost\n|-unboost|p1a: \u5e9e\u7edf|atk|1\n|-unboost|p1b: \u5173\u4e91\u957f|atk|1\n|turn|9\n|\n|t:|1700151553\n|move|p2a: Flutter Mane|Dazzling Gleam|p1b: \u5173\u4e91\u957f|[spread] p1a,p1b\n|-damage|p1a: \u5e9e\u7edf|36\/100\n|-damage|p1b: \u5173\u4e91\u957f|0 fnt\n|faint|p1b: \u5173\u4e91\u957f\n|move|p2b: Landorus|Stomping Tantrum|p1a: \u5e9e\u7edf\n|-damage|p1a: \u5e9e\u7edf|11\/100\n|move|p1a: \u5e9e\u7edf|Trick Room|p1a: \u5e9e\u7edf\n|-fieldstart|move: Trick Room|[of] p1a: \u5e9e\u7edf\n|\n|upkeep\n|\n|t:|1700151557\n|switch|p1b: \u5f20\u7ffc\u5fb7|Ursaluna-Bloodmoon, L50, M|43\/100\n|turn|10\n|\n|t:|1700151568\n|move|p1a: \u5e9e\u7edf|Helping Hand|p1b: \u5f20\u7ffc\u5fb7\n|-singleturn|p1b: \u5f20\u7ffc\u5fb7|Helping Hand|[of] p1a: \u5e9e\u7edf\n|move|p1b: \u5f20\u7ffc\u5fb7|Hyper Voice|p2b: Landorus|[spread] p2a,p2b\n|-resisted|p2a: Flutter Mane\n|-damage|p2a: Flutter Mane|12\/100\n|-damage|p2b: Landorus|0 fnt\n|faint|p2b: Landorus\n|-enditem|p1b: \u5f20\u7ffc\u5fb7|Throat Spray\n|-boost|p1b: \u5f20\u7ffc\u5fb7|spa|1|[from] item: Throat Spray\n|move|p2a: Flutter Mane|Dazzling Gleam|p1b: \u5f20\u7ffc\u5fb7|[spread] p1a,p1b\n|-damage|p1a: \u5e9e\u7edf|0 fnt\n|-damage|p1b: \u5f20\u7ffc\u5fb7|5\/100\n|faint|p1a: \u5e9e\u7edf\n|\n|upkeep\n|\n|t:|1700151575\n|switch|p1a: \u5218\u7384\u5fb7|Amoonguss, L50, F|100\/100\n|turn|11\n|c|\u2606TheKnewNorm|gg\n|-message|TheKnewNorm forfeited.\n|\n|win|Square K\n|raw|Square K's rating: 1069 &rarr; <strong>1099<\/strong><br \/>(+30 for winning)\n|raw|TheKnewNorm's rating: 1074 &rarr; <strong>1053<\/strong><br \/>(-21 for losing)\n|l|\u2606TheKnewNorm\n","uploadtime":1700151598,"views":11,"p1id":"squarek","p2id":"theknewnorm","formatid":"gen9vgc2023regulatione","rating":1053,"private":0,"password":""}