{"id":"gen9vgc2023regulatione-1987949959","p1":"adesso basta","p2":"pr1ncip3","format":"[Gen 9] VGC 2023 Regulation E","log":"|j|\u2606adesso basta\n|j|\u2606pr1ncip3\n|t:|1699652276\n|gametype|doubles\n|player|p1|adesso basta|steven|1367\n|player|p2|pr1ncip3|102|1377\n|teamsize|p1|6\n|teamsize|p2|6\n|gen|9\n|tier|[Gen 9] VGC 2023 Regulation E\n|rated|\n|rule|Species Clause: Limit one of each Pok\u00e9mon\n|rule|Item Clause: Limit one of each item\n|clearpoke\n|poke|p1|Kingambit, L50, F|\n|poke|p1|Chien-Pao, L50|\n|poke|p1|Landorus-Therian, L50, M|\n|poke|p1|Ogerpon-Hearthflame, L50, F|\n|poke|p1|Tornadus, L50, M|\n|poke|p1|Flutter Mane, L50|\n|poke|p2|Tornadus, L50, M|\n|poke|p2|Arcanine-Hisui, L50, M|\n|poke|p2|Iron Hands, L50|\n|poke|p2|Gholdengo, L50|\n|poke|p2|Urshifu-*, L50, M|\n|poke|p2|Ogerpon-Wellspring, L50, F|\n|teampreview|4\nadesso basta has agreed to open team sheets.\npr1ncip3 has agreed to open team sheets.\n|c|\u2606pr1ncip3|non ti arrabbiareper\u00f2\n|\n|t:|1699652350\n|start\n|switch|p1a: Tornadus|Tornadus, L50, M|100\/100\n|switch|p1b: Landorus|Landorus-Therian, L50, M|100\/100\n|switch|p2a: Tornadus|Tornadus, L50, M|100\/100\n|switch|p2b: Urshifu|Urshifu-Rapid-Strike, L50, M|100\/100\n|-ability|p1b: Landorus|Intimidate|boost\n|-unboost|p2a: Tornadus|atk|1\n|-unboost|p2b: Urshifu|atk|1\n|turn|1\n|c|\u2606adesso basta|Mi incazzo solo se usi lead idiote come indeedee e ararouge\n|c|\u2606adesso basta|Quindi tranqui\n|\n|t:|1699652436\n|switch|p1b: Kingambit|Kingambit, L50, F|100\/100\n|-terastallize|p2b: Urshifu|Water\n|move|p1a: Tornadus|Sunny Day|p1a: Tornadus\n|-weather|SunnyDay\n|move|p2a: Tornadus|Tailwind|p2a: Tornadus\n|-sidestart|p2: pr1ncip3|move: Tailwind\n|move|p2b: Urshifu|Surging Strikes|p1b: Kingambit\n|-crit|p1b: Kingambit\n|-damage|p1b: Kingambit|91\/100\n|-crit|p1b: Kingambit\n|-damage|p1b: Kingambit|80\/100\n|-crit|p1b: Kingambit\n|-damage|p1b: Kingambit|71\/100\n|-hitcount|p1b: Kingambit|3\n|\n|-weather|SunnyDay|[upkeep]\n|upkeep\n|turn|2\n|\n|t:|1699652475\n|switch|p2b: Iron Hands|Iron Hands, L50|100\/100\n|switch|p1a: Landorus|Landorus-Therian, L50, M|100\/100\n|-ability|p1a: Landorus|Intimidate|boost\n|-unboost|p2a: Tornadus|atk|1\n|-unboost|p2b: Iron Hands|atk|1\n|-terastallize|p1b: Kingambit|Dark\n|move|p2a: Tornadus|Taunt|p1a: Landorus\n|-start|p1a: Landorus|move: Taunt\n|move|p1b: Kingambit|Kowtow Cleave|p2b: Iron Hands\n|-resisted|p2b: Iron Hands\n|-damage|p2b: Iron Hands|74\/100\n|\n|-weather|SunnyDay|[upkeep]\n|upkeep\n|turn|3\n|\n|t:|1699652507\n|switch|p1a: Tornadus|Tornadus, L50, M|100\/100\n|move|p1b: Kingambit|Protect|p1b: Kingambit\n|-singleturn|p1b: Kingambit|Protect\n|move|p2b: Iron Hands|Fake Out|p1a: Tornadus\n|-damage|p1a: Tornadus|86\/100\n|move|p2a: Tornadus|Rain Dance|p2a: Tornadus\n|-weather|RainDance\n|\n|-weather|RainDance|[upkeep]\n|upkeep\n|turn|4\n|\n|t:|1699652521\n|switch|p1b: Landorus|Landorus-Therian, L50, M|100\/100\n|-ability|p1b: Landorus|Intimidate|boost\n|-unboost|p2a: Tornadus|atk|1\n|-unboost|p2b: Iron Hands|atk|1\n|move|p2a: Tornadus|Taunt|p1a: Tornadus\n|-start|p1a: Tornadus|move: Taunt\n|cant|p1a: Tornadus|move: Taunt|Sunny Day\n|move|p2b: Iron Hands|Drain Punch|p1b: Landorus\n|-resisted|p1b: Landorus\n|-crit|p1b: Landorus\n|-damage|p1b: Landorus|62\/100\n|-heal|p2b: Iron Hands|87\/100|[from] drain|[of] p1b: Landorus\n|\n|-weather|RainDance|[upkeep]\n|-sideend|p2: pr1ncip3|move: Tailwind\n|upkeep\n|turn|5\n|\n|t:|1699652548\n|move|p1b: Landorus|Stomping Tantrum|p2b: Iron Hands\n|-supereffective|p2b: Iron Hands\n|-damage|p2b: Iron Hands|22\/100\n|move|p1a: Tornadus|Bleakwind Storm|p2b: Iron Hands|[spread] p2a,p2b\n|-damage|p2a: Tornadus|71\/100\n|-damage|p2b: Iron Hands|6\/100\n|-unboost|p2b: Iron Hands|spe|1\n|move|p2a: Tornadus|Bleakwind Storm|p1b: Landorus|[spread] p1a,p1b\n|-damage|p1a: Tornadus|46\/100\n|-damage|p1b: Landorus|18\/100\n|-unboost|p1b: Landorus|spe|1\n|move|p2b: Iron Hands|Drain Punch|p1b: Landorus\n|-resisted|p1b: Landorus\n|-damage|p1b: Landorus|7\/100\n|-heal|p2b: Iron Hands|10\/100|[from] drain|[of] p1b: Landorus\n|\n|-weather|RainDance|[upkeep]\n|upkeep\n|turn|6\n|\n|t:|1699652599\n|-end|p2b: Iron Hands|Quark Drive|[silent]\n|switch|p2b: Urshifu|Urshifu-Rapid-Strike, L50, M, tera:Water|100\/100\n|move|p1a: Tornadus|Bleakwind Storm|p2b: Urshifu|[spread] p2a,p2b\n|-damage|p2a: Tornadus|40\/100\n|-damage|p2b: Urshifu|52\/100\n|move|p1b: Landorus|Stomping Tantrum|p2b: Urshifu\n|-damage|p2b: Urshifu|5\/100\n|move|p2a: Tornadus|Bleakwind Storm|p1b: Landorus|[spread] p1a,p1b\n|-damage|p1a: Tornadus|3\/100\n|-damage|p1b: Landorus|0 fnt\n|faint|p1b: Landorus\n|\n|-weather|RainDance|[upkeep]\n|-end|p1a: Tornadus|move: Taunt\n|upkeep\n|\n|t:|1699652614\n|switch|p1b: Ogerpon|Ogerpon-Hearthflame, L50, F|100\/100\n|-ability|p1b: Ogerpon|Mold Breaker\n|turn|7\n|\n|t:|1699652629\n|move|p1a: Tornadus|Sunny Day|p1a: Tornadus\n|-weather|SunnyDay\n|move|p2b: Urshifu|U-turn|p1a: Tornadus\n|-resisted|p1a: Tornadus\n|-damage|p1a: Tornadus|0 fnt\n|faint|p1a: Tornadus\n|\n|t:|1699652635\n|switch|p2b: Iron Hands|Iron Hands, L50|10\/100|[from] U-turn\n|move|p1b: Ogerpon|Horn Leech|p2b: Iron Hands\n|-damage|p2b: Iron Hands|0 fnt\n|faint|p2b: Iron Hands\n|-end|p2b: Iron Hands|Quark Drive|[silent]\n|move|p2a: Tornadus|Bleakwind Storm|p1b: Ogerpon|[miss]\n|-miss|p2a: Tornadus|p1b: Ogerpon\n|\n|-weather|SunnyDay|[upkeep]\n|upkeep\n|\n|t:|1699652645\n|switch|p1a: Kingambit|Kingambit, L50, F, tera:Dark|71\/100\n|switch|p2b: Arcanine|Arcanine-Hisui, L50, M|100\/100\n|-ability|p2b: Arcanine|Intimidate|boost\n|-unboost|p1a: Kingambit|atk|1\n|-ability|p1a: Kingambit|Defiant|boost\n|-boost|p1a: Kingambit|atk|2\n|-unboost|p1b: Ogerpon|atk|1\n|turn|8\n|\n|t:|1699652679\n|move|p1b: Ogerpon|Spiky Shield|p1b: Ogerpon\n|-singleturn|p1b: Ogerpon|move: Protect\n|move|p2a: Tornadus|Tailwind|p2a: Tornadus\n|-sidestart|p2: pr1ncip3|move: Tailwind\n|move|p1a: Kingambit|Sucker Punch|p2b: Arcanine\n|-damage|p2b: Arcanine|0 fnt\n|faint|p2b: Arcanine\n|\n|-weather|SunnyDay|[upkeep]\n|upkeep\n|\n|t:|1699652686\n|switch|p2b: Urshifu|Urshifu-Rapid-Strike, L50, M, tera:Water|5\/100\n|turn|9\n|\n|t:|1699652705\n|move|p1a: Kingambit|Sucker Punch|p2b: Urshifu\n|-damage|p2b: Urshifu|0 fnt\n|faint|p2b: Urshifu\n|move|p2a: Tornadus|Bleakwind Storm|p1b: Ogerpon|[spread] p1a,p1b\n|-supereffective|p1b: Ogerpon\n|-damage|p1a: Kingambit|37\/100\n|-damage|p1b: Ogerpon|23\/100\n|-unboost|p1a: Kingambit|spe|1\n|-ability|p1a: Kingambit|Defiant|boost\n|-boost|p1a: Kingambit|atk|2\n|move|p1b: Ogerpon|Ivy Cudgel|p2a: Tornadus\n|-damage|p2a: Tornadus|0 fnt\n|faint|p2a: Tornadus\n|\n|win|adesso basta\n|raw|adesso basta's rating: 1367 &rarr; <strong>1388<\/strong><br \/>(+21 for winning)\n|raw|pr1ncip3's rating: 1377 &rarr; <strong>1356<\/strong><br \/>(-21 for losing)\n|c|\u2606pr1ncip3|gg\n","uploadtime":1699652723,"views":18,"p1id":"adessobasta","p2id":"pr1ncip3","formatid":"gen9vgc2023regulatione","rating":1356,"private":0,"password":""}