{"id":"gen9vgc2023regulatione-1988836072","p1":"Ryan&Ditto","p2":"Soicyyy","format":"[Gen 9] VGC 2023 Regulation E","log":"|j|\u2606Ryan&Ditto\n|j|\u2606Soicyyy\n|t:|1699770706\n|gametype|doubles\n|player|p1|Ryan&Ditto|unknown|1195\n|player|p2|Soicyyy|102|1196\n|teamsize|p1|6\n|teamsize|p2|6\n|gen|9\n|tier|[Gen 9] VGC 2023 Regulation E\n|rated|\n|rule|Species Clause: Limit one of each Pok\u00e9mon\n|rule|Item Clause: Limit one of each item\n|clearpoke\n|poke|p1|Moltres-Galar, L50|\n|poke|p1|Sinistcha, L50|\n|poke|p1|Grimmsnarl, L50, M|\n|poke|p1|Milotic, L50, F|\n|poke|p1|Iron Hands, L50|\n|poke|p1|Arcanine-Hisui, L50, F|\n|poke|p2|Iron Hands, L50|\n|poke|p2|Ursaluna, L50, M|\n|poke|p2|Slowbro, L50, M|\n|poke|p2|Sinistcha, L50|\n|poke|p2|Greedent, L50, M|\n|poke|p2|Gothorita, L50, M|\n|teampreview|4\n|c|\u2606Soicyyy|I like your team\n|\n|t:|1699770728\n|start\n|switch|p1a: Sinisn'tea|Sinistcha, L50|100\/100\n|switch|p1b: Valkyrie|Moltres-Galar, L50|100\/100\n|switch|p2a: Iron Hands|Iron Hands, L50|100\/100\n|switch|p2b: Slowbro|Slowbro, L50, M|100\/100\n|turn|1\n|j| anubisjr\n|\n|t:|1699770755\n|move|p2a: Iron Hands|Fake Out|p1b: Valkyrie\n|-damage|p1b: Valkyrie|85\/100\n|move|p1a: Sinisn'tea|Rage Powder|p1a: Sinisn'tea\n|-singleturn|p1a: Sinisn'tea|move: Rage Powder\n|cant|p1b: Valkyrie|flinch\n|move|p2b: Slowbro|Trick Room|p2b: Slowbro\n|-fieldstart|move: Trick Room|[of] p2b: Slowbro\n|\n|upkeep\n|turn|2\n|\n|t:|1699770783\n|switch|p2b: Ursaluna|Ursaluna, L50, M|100\/100\n|-terastallize|p1b: Valkyrie|Poison\n|move|p2a: Iron Hands|Thunder Punch|p1b: Valkyrie\n|-damage|p1b: Valkyrie|42\/100\n|-ability|p1b: Valkyrie|Berserk|boost\n|-boost|p1b: Valkyrie|spa|1\n|-enditem|p1b: Valkyrie|Sitrus Berry|[eat]\n|-heal|p1b: Valkyrie|67\/100|[from] item: Sitrus Berry\n|move|p1b: Valkyrie|Nasty Plot|p1b: Valkyrie\n|-boost|p1b: Valkyrie|spa|2\n|move|p1a: Sinisn'tea|Trick Room|p1a: Sinisn'tea\n|-fieldend|move: Trick Room\n|\n|-status|p2b: Ursaluna|brn|[from] item: Flame Orb\n|upkeep\n|turn|3\n|\n|t:|1699770829\n|-end|p2a: Iron Hands|Quark Drive|[silent]\n|switch|p2a: Slowbro|Slowbro, L50, M|100\/100\n|move|p1a: Sinisn'tea|Rage Powder|p1a: Sinisn'tea\n|-singleturn|p1a: Sinisn'tea|move: Rage Powder\n|move|p1b: Valkyrie|Fiery Wrath|p2b: Ursaluna|[spread] p2a,p2b\n|-supereffective|p2a: Slowbro\n|-damage|p2a: Slowbro|0 fnt\n|-damage|p2b: Ursaluna|25\/100 brn\n|faint|p2a: Slowbro\n|cant|p2b: Ursaluna|flinch\n|\n|-damage|p2b: Ursaluna|20\/100 brn|[from] brn\n|upkeep\n|\n|t:|1699770846\n|switch|p2a: Sinistcha|Sinistcha, L50|100\/100\n|-heal|p2b: Ursaluna|45\/100 brn|[from] ability: Hospitality|[of] p2a: Sinistcha\n|turn|4\n|\n|t:|1699770865\n|move|p1b: Valkyrie|Air Slash|p2a: Sinistcha\n|-supereffective|p2a: Sinistcha\n|-crit|p2a: Sinistcha\n|-damage|p2a: Sinistcha|0 fnt\n|faint|p2a: Sinistcha\n|move|p1a: Sinisn'tea|Matcha Gotcha|p2b: Ursaluna\n|-supereffective|p2b: Ursaluna\n|-damage|p2b: Ursaluna|0 fnt\n|faint|p2b: Ursaluna\n|\n|upkeep\n|\n|t:|1699770873\n|switch|p2b: Iron Hands|Iron Hands, L50|100\/100\n|turn|5\n|c|\u2606Soicyyy|I just got wrecked\n|c|\u2606Ryan&Ditto|ggs\n|c|\u2606Ryan&Ditto|moltres is him\n|c|\u2606Soicyyy|Galarian moltres is crazy\n|\n|t:|1699770902\n|move|p1b: Valkyrie|Protect|p1b: Valkyrie\n|-singleturn|p1b: Valkyrie|Protect\n|move|p1a: Sinisn'tea|Life Dew||[still]|[spread] p1a,p1b\n|-fail|p1a: Sinisn'tea|heal\n|-heal|p1b: Valkyrie|92\/100\n|move|p2b: Iron Hands|Heavy Slam|p1a: Sinisn'tea\n|-damage|p1a: Sinisn'tea|65\/100\n|-damage|p2b: Iron Hands|84\/100|[from] item: Rocky Helmet|[of] p1a: Sinisn'tea\n|\n|upkeep\n|turn|6\n|\n|t:|1699770920\n|-terastallize|p2b: Iron Hands|Water\n|move|p1b: Valkyrie|Air Slash|p2b: Iron Hands\n|-damage|p2b: Iron Hands|42\/100\n|move|p1a: Sinisn'tea|Matcha Gotcha|p2b: Iron Hands\n|-supereffective|p2b: Iron Hands\n|-damage|p2b: Iron Hands|9\/100\n|-heal|p1a: Sinisn'tea|87\/100|[from] drain|[of] p2b: Iron Hands\n|-status|p2b: Iron Hands|brn\n|move|p2b: Iron Hands|Heavy Slam|p1a: Sinisn'tea\n|-damage|p1a: Sinisn'tea|66\/100\n|-damage|p2b: Iron Hands|0 fnt|[from] item: Rocky Helmet|[of] p1a: Sinisn'tea\n|faint|p2b: Iron Hands\n|-end|p2b: Iron Hands|Quark Drive|[silent]\n|\n|win|Ryan&Ditto\n|raw|Ryan&amp;Ditto's rating: 1195 &rarr; <strong>1220<\/strong><br \/>(+25 for winning)\n|raw|Soicyyy's rating: 1196 &rarr; <strong>1171<\/strong><br \/>(-25 for losing)\n|l|\u2606Soicyyy\n","uploadtime":1699770935,"views":12,"p1id":"ryanditto","p2id":"soicyyy","formatid":"gen9vgc2023regulatione","rating":1171,"private":0,"password":""}