{"id":"gen9vgc2023regulatione-1990057996","p1":"Zan-07","p2":"oRinNeGa7V1","format":"[Gen 9] VGC 2023 Regulation E","log":"|j|\u2606Zan-07\n|j|\u2606oRinNeGa7V1\n|t:|1699920003\n|gametype|doubles\n|player|p1|Zan-07|alec-anime|1364\n|player|p2|oRinNeGa7V1|miriam|1342\n|teamsize|p1|6\n|teamsize|p2|6\n|gen|9\n|tier|[Gen 9] VGC 2023 Regulation E\n|rated|\n|rule|Species Clause: Limit one of each Pok\u00e9mon\n|rule|Item Clause: Limit one of each item\n|clearpoke\n|poke|p1|Ogerpon-Wellspring, L50, F|\n|poke|p1|Tornadus, L50, M|\n|poke|p1|Arcanine-Hisui, L50, F|\n|poke|p1|Iron Hands, L50|\n|poke|p1|Sinistcha-Masterpiece, L50|\n|poke|p1|Gholdengo, L50|\n|poke|p2|Moltres-Galar, L50|\n|poke|p2|Arcanine-Hisui, L50, F|\n|poke|p2|Munkidori, L50, M|\n|poke|p2|Sinistcha, L50|\n|poke|p2|Grimmsnarl, L50, M|\n|poke|p2|Milotic, L50, M|\n|teampreview|4\n|inactive|Battle timer is ON: inactive players will automatically lose when time's up. (requested by Zan-07)\n|\n|t:|1699920031\n|start\n|switch|p1a: Iron Hands|Iron Hands, L50|100\/100\n|switch|p1b: Gholdengo|Gholdengo, L50|100\/100\n|switch|p2a: Moltres|Moltres-Galar, L50|100\/100\n|switch|p2b: Munkidori|Munkidori, L50, M|100\/100\n|-item|p1a: Iron Hands|Assault Vest|[from] ability: Frisk|[of] p2b: Munkidori|[identify]\n|-item|p1b: Gholdengo|Leftovers|[from] ability: Frisk|[of] p2b: Munkidori|[identify]\n|turn|1\n|\n|t:|1699920043\n|move|p2b: Munkidori|Fake Out|p1a: Iron Hands\n|-damage|p1a: Iron Hands|96\/100\n|move|p1b: Gholdengo|Nasty Plot|p1b: Gholdengo\n|-boost|p1b: Gholdengo|spa|2\n|move|p2a: Moltres|Nasty Plot|p2a: Moltres\n|-boost|p2a: Moltres|spa|2\n|cant|p1a: Iron Hands|flinch\n|\n|upkeep\n|turn|2\n|\n|t:|1699920068\n|-end|p1a: Iron Hands|Quark Drive|[silent]\n|switch|p1a: Sinistcha|Sinistcha-Masterpiece, L50|100\/100\n|move|p2a: Moltres|Protect|p2a: Moltres\n|-singleturn|p2a: Moltres|Protect\n|move|p2b: Munkidori|Parting Shot|p1a: Sinistcha\n|-unboost|p1a: Sinistcha|atk|1\n|-unboost|p1a: Sinistcha|spa|1\n|\n|t:|1699920074\n|switch|p2b: Grimmsnarl|Grimmsnarl, L50, M|100\/100|[from] Parting Shot\n|move|p1b: Gholdengo|Nasty Plot|p1b: Gholdengo\n|-boost|p1b: Gholdengo|spa|2\n|\n|upkeep\n|turn|3\n|\n|t:|1699920083\n|move|p2b: Grimmsnarl|Light Screen|p2b: Grimmsnarl\n|-sidestart|p2: oRinNeGa7V1|move: Light Screen\n|move|p1b: Gholdengo|Nasty Plot|p1b: Gholdengo\n|-boost|p1b: Gholdengo|spa|2\n|move|p2a: Moltres|Fiery Wrath|p1b: Gholdengo|[spread] p1a,p1b\n|-supereffective|p1a: Sinistcha\n|-supereffective|p1b: Gholdengo\n|-enditem|p1a: Sinistcha|Focus Sash\n|-damage|p1a: Sinistcha|1\/100\n|-damage|p1b: Gholdengo|0 fnt\n|faint|p1b: Gholdengo\n|move|p1a: Sinistcha|Trick Room|p1a: Sinistcha\n|-fieldstart|move: Trick Room|[of] p1a: Sinistcha\n|\n|upkeep\n|\n|t:|1699920093\n|switch|p1b: Iron Hands|Iron Hands, L50|96\/100\n|turn|4\n|\n|t:|1699920102\n|move|p2a: Moltres|Protect|p2a: Moltres\n|-singleturn|p2a: Moltres|Protect\n|move|p2b: Grimmsnarl|Reflect|p2b: Grimmsnarl\n|-sidestart|p2: oRinNeGa7V1|Reflect\n|move|p1b: Iron Hands|Heavy Slam|p2b: Grimmsnarl\n|-supereffective|p2b: Grimmsnarl\n|-damage|p2b: Grimmsnarl|43\/100\n|move|p1a: Sinistcha|Strength Sap|p2b: Grimmsnarl\n|-unboost|p2b: Grimmsnarl|atk|1\n|-heal|p1a: Sinistcha|97\/100\n|\n|upkeep\n|turn|5\n|inactive|Zan-07 has 30 seconds left.\n|inactive|Zan-07 has 20 seconds left.\n|\n|t:|1699920140\n|move|p2b: Grimmsnarl|Parting Shot|p1b: Iron Hands\n|-unboost|p1b: Iron Hands|atk|1\n|-unboost|p1b: Iron Hands|spa|1\n|\n|t:|1699920146\n|switch|p2b: Munkidori|Munkidori, L50, M|100\/100|[from] Parting Shot\n|-item|p1b: Iron Hands|Assault Vest|[from] ability: Frisk|[of] p2b: Munkidori|[identify]\n|move|p1b: Iron Hands|Wild Charge|p2a: Moltres\n|-supereffective|p2a: Moltres\n|-damage|p2a: Moltres|49\/100\n|-damage|p1b: Iron Hands|85\/100|[from] Recoil\n|-ability|p2a: Moltres|Berserk|boost\n|-boost|p2a: Moltres|spa|1\n|-enditem|p2a: Moltres|Sitrus Berry|[eat]\n|-heal|p2a: Moltres|74\/100|[from] item: Sitrus Berry\n|move|p1a: Sinistcha|Matcha Gotcha|p2b: Munkidori|[spread] p2a,p2b\n|-resisted|p2a: Moltres\n|-resisted|p2b: Munkidori\n|-damage|p2a: Moltres|70\/100\n|-heal|p1a: Sinistcha|100\/100|[from] drain|[of] p2a: Moltres\n|-damage|p2b: Munkidori|93\/100\n|move|p2a: Moltres|Fiery Wrath|p1b: Iron Hands|[spread] p1a,p1b\n|-supereffective|p1a: Sinistcha\n|-resisted|p1b: Iron Hands\n|-damage|p1a: Sinistcha|0 fnt\n|-damage|p1b: Iron Hands|66\/100\n|faint|p1a: Sinistcha\n|\n|upkeep\n|-message|Zan-07 forfeited.\n|\n|win|oRinNeGa7V1\n|raw|Zan-07's rating: 1364 &rarr; <strong>1343<\/strong><br \/>(-21 for losing)\n|raw|oRinNeGa7V1's rating: 1342 &rarr; <strong>1363<\/strong><br \/>(+21 for winning)\n|l|\u2606Zan-07\n","uploadtime":1699920174,"views":13,"p1id":"zan07","p2id":"orinnega7v1","formatid":"gen9vgc2023regulatione","rating":1343,"private":0,"password":""}