{"id":"gen9vgc2023regulatione-1999480200","p1":"TEEJMCNIFTY","p2":"12laudaa","format":"[Gen 9] VGC 2023 Regulation E","log":"|j|\u2606TEEJMCNIFTY\n|j|\u260612laudaa\n|t:|1701086909\n|gametype|doubles\n|player|p1|TEEJMCNIFTY|101|1168\n|player|p2|12laudaa|169|1118\n|teamsize|p1|6\n|teamsize|p2|6\n|gen|9\n|tier|[Gen 9] VGC 2023 Regulation E\n|rated|\n|rule|Species Clause: Limit one of each Pok\u00e9mon\n|rule|Item Clause: Limit one of each item\n|clearpoke\n|poke|p1|Iron Bundle, L50|\n|poke|p1|Dondozo, L50, F|\n|poke|p1|Tatsugiri-Stretchy, L50, F|\n|poke|p1|Grimmsnarl, L50, M|\n|poke|p1|Flutter Mane, L50|\n|poke|p1|Kingambit, L50, F|\n|poke|p2|Roaring Moon, L50|\n|poke|p2|Lilligant, L50, F|\n|poke|p2|Tornadus, L50, M|\n|poke|p2|Landorus-Therian, L50, M|\n|poke|p2|Torkoal, L50, M|\n|poke|p2|Flutter Mane, L50|\n|teampreview|4\n|\n|t:|1701086941\n|start\n|switch|p1a: Slip n Slide|Iron Bundle, L50|100\/100\n|switch|p1b: Premium Bozo|Dondozo, L50, F|100\/100\n|switch|p2a: Sumire|Lilligant, L50, F|100\/100\n|switch|p2b: Torkoal|Torkoal, L50, M|100\/100\n|-weather|SunnyDay|[from] ability: Drought|[of] p2b: Torkoal\n|-enditem|p1a: Slip n Slide|Booster Energy\n|-activate|p1a: Slip n Slide|ability: Quark Drive|[fromitem]\n|-start|p1a: Slip n Slide|quarkdrivespe\n|turn|1\n|inactive|Battle timer is ON: inactive players will automatically lose when time's up. (requested by TEEJMCNIFTY)\n|\n|t:|1701086959\n|-terastallize|p1b: Premium Bozo|Ground\n|-terastallize|p2b: Torkoal|Fire\n|move|p1a: Slip n Slide|Flip Turn|p1b: Premium Bozo\n|-supereffective|p1b: Premium Bozo\n|-damage|p1b: Premium Bozo|90\/100\n|-enditem|p1b: Premium Bozo|Weakness Policy\n|-boost|p1b: Premium Bozo|atk|2|[from] item: Weakness Policy\n|-boost|p1b: Premium Bozo|spa|2|[from] item: Weakness Policy\n|\n|t:|1701086966\n|-end|p1a: Slip n Slide|Quark Drive|[silent]\n|switch|p1a: Weak Chin|Tatsugiri-Stretchy, L50, F|100\/100|[from] Flip Turn\n|-activate|p1a: Weak Chin|ability: Commander|[of] p1b: Premium Bozo\n|-boost|p1b: Premium Bozo|atk|2\n|-boost|p1b: Premium Bozo|spa|2\n|-boost|p1b: Premium Bozo|spe|2\n|-boost|p1b: Premium Bozo|def|2\n|-boost|p1b: Premium Bozo|spd|2\n|move|p2a: Sumire|Sleep Powder|p1b: Premium Bozo\n|-status|p1b: Premium Bozo|slp|[from] move: Sleep Powder\n|cant|p1b: Premium Bozo|slp\n|move|p2b: Torkoal|Eruption|p1b: Premium Bozo|[spread] p1b\n|-miss|p2b: Torkoal|p1a: Weak Chin\n|-damage|p1b: Premium Bozo|33\/100 slp\n|\n|-weather|SunnyDay|[upkeep]\n|upkeep\n|turn|2\n|\n|t:|1701086982\n|move|p2a: Sumire|Solar Beam||[still]\n|-prepare|p2a: Sumire|Solar Beam\n|-anim|p2a: Sumire|Solar Beam|p1b: Premium Bozo\n|-supereffective|p1b: Premium Bozo\n|-damage|p1b: Premium Bozo|0 fnt\n|faint|p1b: Premium Bozo\n|move|p2b: Torkoal|Eruption|p1a: Weak Chin\n|-resisted|p1a: Weak Chin\n|-damage|p1a: Weak Chin|50\/100\n|\n|-weather|SunnyDay|[upkeep]\n|upkeep\n|c|\u260612laudaa|lmao\n|\n|t:|1701086994\n|switch|p1b: Butter Dog|Flutter Mane, L50|100\/100\n|-activate|p1b: Butter Dog|ability: Protosynthesis\n|-start|p1b: Butter Dog|protosynthesisspe\n|turn|3\n|\n|t:|1701087005\n|move|p1b: Butter Dog|Mystical Fire|p2a: Sumire\n|-supereffective|p2a: Sumire\n|-damage|p2a: Sumire|0 fnt\n|faint|p2a: Sumire\n|move|p1a: Weak Chin|Muddy Water|p2b: Torkoal\n|-supereffective|p2b: Torkoal\n|-damage|p2b: Torkoal|39\/100\n|-unboost|p2b: Torkoal|accuracy|1\n|move|p2b: Torkoal|Eruption|p1b: Butter Dog|[spread] \n|-miss|p2b: Torkoal|p1a: Weak Chin\n|-miss|p2b: Torkoal|p1b: Butter Dog\n|\n|-weather|SunnyDay|[upkeep]\n|upkeep\n|\n|t:|1701087016\n|switch|p2a: RAWR|Landorus-Therian, L50, M, shiny|100\/100\n|-ability|p2a: RAWR|Intimidate|boost\n|-unboost|p1a: Weak Chin|atk|1\n|-unboost|p1b: Butter Dog|atk|1\n|turn|4\n|\n|t:|1701087024\n|move|p1b: Butter Dog|Mystical Fire|p2a: RAWR\n|-damage|p2a: RAWR|24\/100\n|-unboost|p2a: RAWR|spa|1\n|move|p1a: Weak Chin|Muddy Water|p2a: RAWR|[spread] p2a,p2b\n|-supereffective|p2a: RAWR\n|-crit|p2a: RAWR\n|-supereffective|p2b: Torkoal\n|-damage|p2a: RAWR|0 fnt\n|-damage|p2b: Torkoal|0 fnt\n|faint|p2a: RAWR\n|faint|p2b: Torkoal\n|\n|-weather|SunnyDay|[upkeep]\n|upkeep\n|c|\u2606TEEJMCNIFTY|ahem\n|\n|t:|1701087031\n|switch|p2b: Roaring Moon|Roaring Moon, L50|100\/100\n|-activate|p2b: Roaring Moon|ability: Protosynthesis\n|-start|p2b: Roaring Moon|protosynthesisatk\n|turn|5\n|c|\u2606TEEJMCNIFTY|\"lmao\"\n|c|\u260612laudaa|lmao\n|\n|t:|1701087053\n|-end|p1b: Butter Dog|Protosynthesis|[silent]\n|switch|p1b: Slip n Slide|Iron Bundle, L50|100\/100\n|move|p1a: Weak Chin|Muddy Water|p2b: Roaring Moon\n|-resisted|p2b: Roaring Moon\n|-damage|p2b: Roaring Moon|90\/100\n|-unboost|p2b: Roaring Moon|accuracy|1\n|move|p2b: Roaring Moon|Earthquake|p1a: Weak Chin|[spread] p1a,p1b\n|-damage|p1a: Weak Chin|0 fnt\n|-damage|p1b: Slip n Slide|50\/100\n|faint|p1a: Weak Chin\n|\n|-weather|none\n|-end|p2b: Roaring Moon|Protosynthesis\n|upkeep\n|-enditem|p2b: Roaring Moon|Booster Energy\n|-activate|p2b: Roaring Moon|ability: Protosynthesis|[fromitem]\n|-start|p2b: Roaring Moon|protosynthesisatk\n|\n|t:|1701087061\n|switch|p1a: Butter Dog|Flutter Mane, L50|100\/100\n|turn|6\n|\n|t:|1701087066\n|move|p1b: Slip n Slide|Icy Wind|p2b: Roaring Moon\n|-supereffective|p2b: Roaring Moon\n|-crit|p2b: Roaring Moon\n|-damage|p2b: Roaring Moon|12\/100\n|-unboost|p2b: Roaring Moon|spe|1\n|move|p1a: Butter Dog|Moonblast|p2b: Roaring Moon\n|-supereffective|p2b: Roaring Moon\n|-damage|p2b: Roaring Moon|0 fnt\n|faint|p2b: Roaring Moon\n|-end|p2b: Roaring Moon|Protosynthesis|[silent]\n|\n|win|TEEJMCNIFTY\n|raw|TEEJMCNIFTY's rating: 1168 &rarr; <strong>1189<\/strong><br \/>(+21 for winning)\n|raw|12laudaa's rating: 1118 &rarr; <strong>1097<\/strong><br \/>(-21 for losing)\n|l|\u260612laudaa\n","uploadtime":1701087084,"views":8,"p1id":"teejmcnifty","p2id":"12laudaa","formatid":"gen9vgc2023regulatione","rating":1097,"private":0,"password":""}