{"id":"gen9vgc2023regulatione-1990132295","p1":"Matcha Man Savage","p2":"jenzz2","format":"[Gen 9] VGC 2023 Regulation E","log":"|j|\u2606Matcha Man Savage\n|j|\u2606jenzz2\n|t:|1699928034\n|gametype|doubles\n|player|p1|Matcha Man Savage|pokemaniac|\n|player|p2|jenzz2|169|\n|teamsize|p1|6\n|teamsize|p2|6\n|gen|9\n|tier|[Gen 9] VGC 2023 Regulation E\n|rule|Species Clause: Limit one of each Pok\u00e9mon\n|rule|Item Clause: Limit one of each item\n|clearpoke\n|poke|p1|Iron Hands, L50|\n|poke|p1|Chi-Yu, L50|\n|poke|p1|Flutter Mane, L50|\n|poke|p1|Torkoal, L50, M|\n|poke|p1|Lilligant-Hisui, L50, F|\n|poke|p1|Dusclops, L50, M|\n|poke|p2|Flutter Mane, L50|\n|poke|p2|Indeedee-F, L50, F|\n|poke|p2|Landorus-Therian, L50, M|\n|poke|p2|Iron Hands, L50|\n|poke|p2|Sinistcha-Masterpiece, L50|\n|poke|p2|Moltres-Galar, L50|\n|teampreview|4\n|inactive|Battle timer is ON: inactive players will automatically lose when time's up. (requested by Matcha Man Savage)\n|\n|t:|1699928046\n|start\n|switch|p1a: Torque|Torkoal, L50, M|100\/100\n|switch|p1b: Genus Lilium|Lilligant-Hisui, L50, F, shiny|100\/100\n|switch|p2a: Main Squeeze|Flutter Mane, L50|100\/100\n|switch|p2b: Mt. 4:19|Indeedee-F, L50, F|100\/100\n|-fieldstart|move: Psychic Terrain|[from] ability: Psychic Surge|[of] p2b: Mt. 4:19\n|-weather|SunnyDay|[from] ability: Drought|[of] p1a: Torque\n|-activate|p2a: Main Squeeze|ability: Protosynthesis\n|-start|p2a: Main Squeeze|protosynthesisspa\n|turn|1\n|\n|t:|1699928064\n|-terastallize|p2a: Main Squeeze|Fairy\n|move|p1b: Genus Lilium|Sleep Powder|p2b: Mt. 4:19\n|-status|p2b: Mt. 4:19|slp|[from] move: Sleep Powder\n|move|p2a: Main Squeeze|Dazzling Gleam|p1a: Torque|[spread] p1a,p1b\n|-resisted|p1a: Torque\n|-supereffective|p1b: Genus Lilium\n|-damage|p1a: Torque|42\/100\n|-enditem|p1b: Genus Lilium|Focus Sash\n|-damage|p1b: Genus Lilium|1\/100\n|cant|p2b: Mt. 4:19|slp\n|move|p1a: Torque|Overheat|p2a: Main Squeeze\n|-damage|p2a: Main Squeeze|7\/100\n|-unboost|p1a: Torque|spa|2\n|-enditem|p1a: Torque|Eject Pack\n|\n|t:|1699928080\n|switch|p1a: Tairy Fera|Flutter Mane, L50|100\/100\n|-activate|p1a: Tairy Fera|ability: Protosynthesis\n|-start|p1a: Tairy Fera|protosynthesisspa\n|\n|-weather|SunnyDay|[upkeep]\n|upkeep\n|turn|2\n|inactive|Matcha Man Savage has 30 seconds left.\n|inactive|jenzz2 has 30 seconds left.\n|inactive|Matcha Man Savage has 20 seconds left.\n|\n|t:|1699928121\n|-terastallize|p1a: Tairy Fera|Fairy\n|move|p1b: Genus Lilium|Solar Blade||[still]\n|-prepare|p1b: Genus Lilium|Solar Blade\n|-anim|p1b: Genus Lilium|Solar Blade|p2a: Main Squeeze\n|-damage|p2a: Main Squeeze|0 fnt\n|faint|p2a: Main Squeeze\n|-end|p2a: Main Squeeze|Protosynthesis|[silent]\n|move|p1a: Tairy Fera|Dazzling Gleam|p2b: Mt. 4:19\n|-damage|p2b: Mt. 4:19|26\/100 slp\n|-curestatus|p2b: Mt. 4:19|slp|[msg]\n|move|p2b: Mt. 4:19|Psychic|p1b: Genus Lilium\n|-supereffective|p1b: Genus Lilium\n|-damage|p1b: Genus Lilium|0 fnt\n|faint|p1b: Genus Lilium\n|\n|-weather|SunnyDay|[upkeep]\n|upkeep\n|\n|t:|1699928138\n|switch|p2a: Landorus|Landorus-Therian, L50, M|100\/100\n|switch|p1b: Chi-Yu|Chi-Yu, L50|100\/100\n|-ability|p1b: Chi-Yu|Beads of Ruin\n|-ability|p2a: Landorus|Intimidate|boost\n|-unboost|p1a: Tairy Fera|atk|1\n|-unboost|p1b: Chi-Yu|atk|1\n|turn|3\n|inactive|jenzz2 has 30 seconds left.\n|\n|t:|1699928167\n|move|p2b: Mt. 4:19|Helping Hand|p2a: Landorus\n|-singleturn|p2a: Landorus|Helping Hand|[of] p2b: Mt. 4:19\n|move|p1a: Tairy Fera|Icy Wind|p2b: Mt. 4:19|[spread] p2a,p2b\n|-supereffective|p2a: Landorus\n|-damage|p2a: Landorus|23\/100\n|-damage|p2b: Mt. 4:19|0 fnt\n|-unboost|p2a: Landorus|spe|1\n|faint|p2b: Mt. 4:19\n|move|p1b: Chi-Yu|Heat Wave|p2a: Landorus\n|-damage|p2a: Landorus|0 fnt\n|faint|p2a: Landorus\n|-damage|p1b: Chi-Yu|91\/100|[from] item: Life Orb\n|\n|-weather|SunnyDay|[upkeep]\n|upkeep\n|\n|t:|1699928182\n|switch|p2b: Moltres|Moltres-Galar, L50|100\/100\n|turn|4\n|\n|t:|1699928196\n|move|p1a: Tairy Fera|Shadow Ball|p2b: Moltres\n|-resisted|p2b: Moltres\n|-damage|p2b: Moltres|68\/100\n|move|p1b: Chi-Yu|Snarl|p2b: Moltres\n|-resisted|p2b: Moltres\n|-damage|p2b: Moltres|46\/100\n|-unboost|p2b: Moltres|spa|1\n|-ability|p2b: Moltres|Berserk|boost\n|-boost|p2b: Moltres|spa|1\n|-damage|p1b: Chi-Yu|82\/100|[from] item: Life Orb\n|move|p2b: Moltres|Fiery Wrath|p1a: Tairy Fera|[spread] p1a,p1b\n|-resisted|p1a: Tairy Fera\n|-resisted|p1b: Chi-Yu\n|-damage|p1a: Tairy Fera|88\/100\n|-damage|p1b: Chi-Yu|66\/100\n|\n|-weather|SunnyDay|[upkeep]\n|upkeep\n|turn|5\n|-message|jenzz2 forfeited.\n|\n|win|Matcha Man Savage\n|l|\u2606jenzz2\n","uploadtime":1699928216,"views":19,"p1id":"matchamansavage","p2id":"jenzz2","formatid":"gen9vgc2023regulatione","rating":0,"private":0,"password":""}