{"id":"gen9vgc2023regulatione-1992390665","p1":"MoggyOh","p2":"SeaWolfMikess","format":"[Gen 9] VGC 2023 Regulation E","log":"|j|\u2606MoggyOh\n|j|\u2606SeaWolfMikess\n|t:|1700182070\n|gametype|doubles\n|player|p1|MoggyOh|lucas|1334\n|player|p2|SeaWolfMikess|hugh|1550\n|teamsize|p1|6\n|teamsize|p2|6\n|gen|9\n|tier|[Gen 9] VGC 2023 Regulation E\n|rated|\n|rule|Species Clause: Limit one of each Pok\u00e9mon\n|rule|Item Clause: Limit one of each item\n|clearpoke\n|poke|p1|Rillaboom, L50, M|\n|poke|p1|Heatran, L50, M|\n|poke|p1|Chien-Pao, L50|\n|poke|p1|Landorus-Therian, L50, M|\n|poke|p1|Milotic, L50, F|\n|poke|p1|Farigiraf, L50, M|\n|poke|p2|Tornadus, L50, M|\n|poke|p2|Urshifu-*, L50, M|\n|poke|p2|Flutter Mane, L50|\n|poke|p2|Landorus-Therian, L50, M|\n|poke|p2|Rillaboom, L50, M|\n|poke|p2|Ogerpon-Hearthflame, L50, F|\n|teampreview|4\nMoggyOh has agreed to open team sheets.\nSeaWolfMikess has agreed to open team sheets.\n|inactive|Battle timer is ON: inactive players will automatically lose when time's up. (requested by SeaWolfMikess)\n|\n|t:|1700182176\n|start\n|switch|p1a: Uma Delicia|Rillaboom, L50, M, shiny|100\/100\n|switch|p1b: Gholdenfield|Landorus-Therian, L50, M, shiny|100\/100\n|switch|p2a: Flutter Mane|Flutter Mane, L50|100\/100\n|switch|p2b: Urshifu|Urshifu-Rapid-Strike, L50, M|100\/100\n|-ability|p1b: Gholdenfield|Intimidate|boost\n|-unboost|p2a: Flutter Mane|atk|1\n|-unboost|p2b: Urshifu|atk|1\n|-fieldstart|move: Grassy Terrain|[from] ability: Grassy Surge|[of] p1a: Uma Delicia\n|turn|1\n|inactive|MoggyOh has 30 seconds left.\n|inactive|MoggyOh has 20 seconds left.\n|inactive|MoggyOh has 15 seconds left.\n|inactive|MoggyOh has 10 seconds left.\n|inactive|MoggyOh has 5 seconds left.\n|\n|t:|1700182229\n|-end|p2a: Flutter Mane|Protosynthesis|[silent]\n|switch|p2a: Landorus|Landorus-Therian, L50, M|100\/100\n|-ability|p2a: Landorus|Intimidate|boost\n|-unboost|p1a: Uma Delicia|atk|1\n|-unboost|p1b: Gholdenfield|atk|1\n|-terastallize|p1b: Gholdenfield|Flying\n|move|p2b: Urshifu|Protect|p2b: Urshifu\n|-singleturn|p2b: Urshifu|Protect\n|move|p1a: Uma Delicia|Grassy Glide|p2a: Landorus\n|-damage|p2a: Landorus|69\/100\n|move|p1b: Gholdenfield|Tera Blast|p2b: Urshifu|[anim] Tera Blast Flying\n|-activate|p2b: Urshifu|move: Protect\n|\n|upkeep\n|turn|2\n|inactive|MoggyOh has 30 seconds left.\n|\n|t:|1700182257\n|switch|p1b: Farigiraf|Farigiraf, L50, M|100\/100\n|-terastallize|p2b: Urshifu|Water\n|move|p2a: Landorus|U-turn|p1a: Uma Delicia\n|-supereffective|p1a: Uma Delicia\n|-damage|p1a: Uma Delicia|56\/100\n|\n|t:|1700182264\n|switch|p2a: Rillaboom|Rillaboom, L50, M|100\/100|[from] U-turn\n|move|p2b: Urshifu|Surging Strikes|p1b: Farigiraf\n|-crit|p1b: Farigiraf\n|-damage|p1b: Farigiraf|64\/100\n|-damage|p2b: Urshifu|84\/100|[from] item: Rocky Helmet|[of] p1b: Farigiraf\n|-crit|p1b: Farigiraf\n|-damage|p1b: Farigiraf|31\/100\n|-damage|p2b: Urshifu|67\/100|[from] item: Rocky Helmet|[of] p1b: Farigiraf\n|-crit|p1b: Farigiraf\n|-damage|p1b: Farigiraf|0 fnt\n|-damage|p2b: Urshifu|51\/100|[from] item: Rocky Helmet|[of] p1b: Farigiraf\n|faint|p1b: Farigiraf\n|-hitcount|p1: Farigiraf|3\n|move|p1a: Uma Delicia|Wood Hammer|p2b: Urshifu\n|-supereffective|p2b: Urshifu\n|-damage|p2b: Urshifu|0 fnt\n|faint|p2b: Urshifu\n|-damage|p1a: Uma Delicia|40\/100|[from] Recoil\n|\n|-heal|p1a: Uma Delicia|46\/100|[from] Grassy Terrain\n|upkeep\n|\n|t:|1700182284\n|switch|p2b: Landorus|Landorus-Therian, L50, M|69\/100\n|switch|p1b: Giroro|Heatran, L50, M, shiny|100\/100\n|-ability|p2b: Landorus|Intimidate|boost\n|-unboost|p1a: Uma Delicia|atk|1\n|-unboost|p1b: Giroro|atk|1\n|turn|3\n|\n|t:|1700182294\n|switch|p1b: Gholdenfield|Landorus-Therian, L50, M, shiny, tera:Flying|100\/100\n|-ability|p1b: Gholdenfield|Intimidate|boost\n|-unboost|p2a: Rillaboom|atk|1\n|-unboost|p2b: Landorus|atk|1\n|move|p1a: Uma Delicia|Protect|p1a: Uma Delicia\n|-singleturn|p1a: Uma Delicia|Protect\n|move|p2a: Rillaboom|Fake Out|p1b: Gholdenfield\n|-damage|p1b: Gholdenfield|92\/100\n|move|p2b: Landorus|U-turn|p1a: Uma Delicia\n|-activate|p1a: Uma Delicia|move: Protect\n|\n|-heal|p1a: Uma Delicia|52\/100|[from] Grassy Terrain\n|upkeep\n|turn|4\n|inactive|MoggyOh has 30 seconds left.\n|inactive|MoggyOh has 20 seconds left.\n|\n|t:|1700182330\n|switch|p1a: Giroro|Heatran, L50, M, shiny|100\/100\n|move|p1b: Gholdenfield|Tera Blast|p2a: Rillaboom|[anim] Tera Blast Flying\n|-supereffective|p2a: Rillaboom\n|-damage|p2a: Rillaboom|2\/100\n|move|p2b: Landorus|U-turn|p1a: Giroro\n|-resisted|p1a: Giroro\n|-damage|p1a: Giroro|97\/100\n|\n|t:|1700182337\n|switch|p2b: Flutter Mane|Flutter Mane, L50|100\/100|[from] U-turn\n|move|p2a: Rillaboom|High Horsepower|p1a: Giroro\n|-supereffective|p1a: Giroro\n|-damage|p1a: Giroro|27\/100\n|\n|-heal|p2a: Rillaboom|8\/100|[from] Grassy Terrain\n|-heal|p1a: Giroro|33\/100|[from] Grassy Terrain\n|upkeep\n|turn|5\n|inactive|SeaWolfMikess has 30 seconds left.\n|\n|t:|1700182363\n|move|p1b: Gholdenfield|Tera Blast|p2a: Rillaboom|[anim] Tera Blast Flying\n|-supereffective|p2a: Rillaboom\n|-damage|p2a: Rillaboom|0 fnt\n|faint|p2a: Rillaboom\n|move|p2b: Flutter Mane|Thunderbolt|p1b: Gholdenfield\n|-supereffective|p1b: Gholdenfield\n|-damage|p1b: Gholdenfield|0 fnt\n|faint|p1b: Gholdenfield\n|move|p1a: Giroro|Flash Cannon|p2b: Flutter Mane\n|-supereffective|p2b: Flutter Mane\n|-damage|p2b: Flutter Mane|7\/100\n|\n|-heal|p2b: Flutter Mane|13\/100|[from] Grassy Terrain\n|-heal|p1a: Giroro|39\/100|[from] Grassy Terrain\n|-fieldend|move: Grassy Terrain\n|upkeep\n|\n|t:|1700182375\n|switch|p1b: Uma Delicia|Rillaboom, L50, M, shiny|52\/100\n|switch|p2a: Landorus|Landorus-Therian, L50, M|69\/100\n|-ability|p2a: Landorus|Intimidate|boost\n|-unboost|p1a: Giroro|atk|1\n|-unboost|p1b: Uma Delicia|atk|1\n|-fieldstart|move: Grassy Terrain|[from] ability: Grassy Surge|[of] p1b: Uma Delicia\n|turn|6\n|inactive|MoggyOh has 30 seconds left.\n|inactive|MoggyOh has 20 seconds left.\n|inactive|MoggyOh has 15 seconds left.\n|\n|t:|1700182416\n|move|p1b: Uma Delicia|Grassy Glide|p2b: Flutter Mane\n|-damage|p2b: Flutter Mane|0 fnt\n|faint|p2b: Flutter Mane\n|-end|p2b: Flutter Mane|Protosynthesis|[silent]\n|move|p2a: Landorus|Rock Slide|p1a: Giroro|[spread] p1a,p1b\n|-damage|p1a: Giroro|23\/100\n|-damage|p1b: Uma Delicia|34\/100\n|move|p1a: Giroro|Heat Wave|p2a: Landorus\n|-damage|p2a: Landorus|6\/100\n|\n|-heal|p1b: Uma Delicia|40\/100|[from] Grassy Terrain\n|-heal|p1a: Giroro|29\/100|[from] Grassy Terrain\n|upkeep\n|turn|7\n|-message|SeaWolfMikess forfeited.\n|\n|win|MoggyOh\n|raw|MoggyOh's rating: 1334 &rarr; <strong>1365<\/strong><br \/>(+31 for winning)\n|raw|SeaWolfMikess's rating: 1550 &rarr; <strong>1519<\/strong><br \/>(-31 for losing)\n|l|\u2606SeaWolfMikess\n","uploadtime":1700182439,"views":31,"p1id":"moggyoh","p2id":"seawolfmikess","formatid":"gen9vgc2023regulatione","rating":1365,"private":0,"password":""}