{"id":"gen9vgc2023regulatione-1998064195","p1":"Montendoz","p2":"HeffNastyy","format":"[Gen 9] VGC 2023 Regulation E","log":"|j|\u2606Montendoz\n|j|\u2606HeffNastyy\n|t:|1700885751\n|gametype|doubles\n|player|p1|Montendoz|170|1381\n|player|p2|HeffNastyy|lance|1469\n|teamsize|p1|6\n|teamsize|p2|6\n|gen|9\n|tier|[Gen 9] VGC 2023 Regulation E\n|rated|\n|rule|Species Clause: Limit one of each Pok\u00e9mon\n|rule|Item Clause: Limit one of each item\n|clearpoke\n|poke|p1|Armarouge, L50, M|\n|poke|p1|Ursaluna, L50, M|\n|poke|p1|Ogerpon-Cornerstone, L50, F|\n|poke|p1|Indeedee-F, L50, F|\n|poke|p1|Enamorus-Therian, L50, F|\n|poke|p1|Urshifu-*, L50, M|\n|poke|p2|Tornadus, L50, M|\n|poke|p2|Arcanine-Hisui, L50, F|\n|poke|p2|Gholdengo, L50|\n|poke|p2|Urshifu-*, L50, M|\n|poke|p2|Rillaboom, L50, M|\n|poke|p2|Zapdos, L50|\n|teampreview|4\nHeffNastyy has agreed to open team sheets.\n|inactive|Battle timer is ON: inactive players will automatically lose when time's up. (requested by HeffNastyy)\n|inactive|HeffNastyy has 60 seconds left.\n|\n|t:|1700885808\n|start\n|switch|p1a: Armarouge|Armarouge, L50, M|100\/100\n|switch|p1b: Indeedee|Indeedee-F, L50, F|100\/100\n|switch|p2a: Gholdengo|Gholdengo, L50|100\/100\n|switch|p2b: Arcanine|Arcanine-Hisui, L50, F|100\/100\n|-ability|p2b: Arcanine|Intimidate|boost\n|-unboost|p1a: Armarouge|atk|1\n|-unboost|p1b: Indeedee|atk|1\n|-fieldstart|move: Psychic Terrain|[from] ability: Psychic Surge|[of] p1b: Indeedee\n|turn|1\n|inactive|Montendoz has 30 seconds left.\n|inactive|HeffNastyy has 30 seconds left.\n|inactive|HeffNastyy has 20 seconds left.\n|inactive|HeffNastyy has 15 seconds left.\n|inactive|HeffNastyy has 10 seconds left.\n|inactive|HeffNastyy has 5 seconds left.\n|\n|t:|1700885863\n|move|p1b: Indeedee|Follow Me|p1b: Indeedee\n|-singleturn|p1b: Indeedee|move: Follow Me\n|move|p2b: Arcanine|Flare Blitz|p1b: Indeedee\n|-damage|p1b: Indeedee|13\/100\n|-damage|p2b: Arcanine|84\/100|[from] item: Rocky Helmet|[of] p1b: Indeedee\n|-damage|p2b: Arcanine|55\/100|[from] Recoil\n|move|p2a: Gholdengo|Make It Rain|p1b: Indeedee|[spread] p1a,p1b\n|-resisted|p1a: Armarouge\n|-damage|p1a: Armarouge|65\/100\n|-damage|p1b: Indeedee|0 fnt\n|-unboost|p2a: Gholdengo|spa|1\n|faint|p1b: Indeedee\n|-damage|p2a: Gholdengo|91\/100|[from] item: Life Orb\n|move|p1a: Armarouge|Trick Room|p1a: Armarouge\n|-fieldstart|move: Trick Room|[of] p1a: Armarouge\n|\n|upkeep\n|\n|t:|1700885883\n|switch|p1b: Enamorus|Enamorus-Therian, L50, F|100\/100\n|turn|2\n|inactive|HeffNastyy has 30 seconds left.\n|inactive|HeffNastyy has 20 seconds left.\n|inactive|HeffNastyy has 15 seconds left.\n|inactive|HeffNastyy has 10 seconds left.\n|\n|t:|1700885932\n|switch|p2b: Rillaboom|Rillaboom, L50, M|100\/100\n|-fieldstart|move: Grassy Terrain|[from] ability: Grassy Surge|[of] p2b: Rillaboom\n|move|p2a: Gholdengo|Protect|p2a: Gholdengo\n|-singleturn|p2a: Gholdengo|Protect\n|move|p1b: Enamorus|Earth Power|p2a: Gholdengo\n|-activate|p2a: Gholdengo|move: Protect\n|move|p1a: Armarouge|Expanding Force|p2b: Rillaboom\n|-damage|p2b: Rillaboom|63\/100\n|\n|-heal|p1a: Armarouge|71\/100|[from] Grassy Terrain\n|-heal|p2b: Rillaboom|68\/100|[from] Grassy Terrain\n|-heal|p2a: Gholdengo|97\/100|[from] Grassy Terrain\n|upkeep\n|turn|3\n|inactive|Montendoz has 30 seconds left.\n|\n|t:|1700885967\n|switch|p2a: Zapdos|Zapdos, L50|100\/100\n|move|p2b: Rillaboom|Fake Out|p1a: Armarouge\n|-damage|p1a: Armarouge|58\/100\n|move|p1b: Enamorus|Earth Power|p2a: Zapdos\n|-immune|p2a: Zapdos\n|cant|p1a: Armarouge|flinch\n|\n|-heal|p1a: Armarouge|64\/100|[from] Grassy Terrain\n|-heal|p2b: Rillaboom|74\/100|[from] Grassy Terrain\n|upkeep\n|turn|4\n|inactive|HeffNastyy has 30 seconds left.\n|\n|t:|1700885999\n|switch|p1b: Ursaluna|Ursaluna, L50, M|100\/100\n|-terastallize|p2b: Rillaboom|Fire\n|move|p1a: Armarouge|Armor Cannon|p2b: Rillaboom\n|-resisted|p2b: Rillaboom\n|-damage|p2b: Rillaboom|51\/100\n|-unboost|p1a: Armarouge|def|1\n|-unboost|p1a: Armarouge|spd|1\n|move|p2b: Rillaboom|High Horsepower|p1a: Armarouge\n|-supereffective|p1a: Armarouge\n|-damage|p1a: Armarouge|0 fnt\n|faint|p1a: Armarouge\n|move|p2a: Zapdos|Thunderbolt|p1b: Ursaluna\n|-immune|p1b: Ursaluna\n|\n|-heal|p2b: Rillaboom|57\/100|[from] Grassy Terrain\n|-status|p1b: Ursaluna|brn|[from] item: Flame Orb\n|upkeep\n|\n|t:|1700886015\n|switch|p1a: Enamorus|Enamorus-Therian, L50, F|100\/100\n|turn|5\n|inactive|Montendoz has 30 seconds left.\n|inactive|Montendoz has 20 seconds left.\n|inactive|Montendoz has 15 seconds left.\n|\n|t:|1700886058\n|-terastallize|p1a: Enamorus|Fairy\n|move|p2b: Rillaboom|Grassy Glide|p1b: Ursaluna\n|-supereffective|p1b: Ursaluna\n|-damage|p1b: Ursaluna|45\/100 brn\n|move|p1a: Enamorus|Dazzling Gleam|p2a: Zapdos|[spread] p2a,p2b\n|-resisted|p2b: Rillaboom\n|-damage|p2a: Zapdos|35\/100\n|-damage|p2b: Rillaboom|31\/100\n|-enditem|p2a: Zapdos|Sitrus Berry|[eat]\n|-heal|p2a: Zapdos|60\/100|[from] item: Sitrus Berry\n|move|p1b: Ursaluna|Headlong Rush|p2a: Zapdos\n|-immune|p2a: Zapdos\n|move|p2a: Zapdos|Thunderbolt|p1a: Enamorus\n|-damage|p1a: Enamorus|55\/100\n|\n|-heal|p1a: Enamorus|61\/100|[from] Grassy Terrain\n|-heal|p1b: Ursaluna|51\/100 brn|[from] Grassy Terrain\n|-heal|p2b: Rillaboom|36\/100|[from] Grassy Terrain\n|-damage|p1b: Ursaluna|45\/100 brn|[from] brn\n|-fieldend|move: Trick Room\n|upkeep\n|turn|6\n|inactive|HeffNastyy has 30 seconds left.\n|inactive|HeffNastyy has 20 seconds left.\n|\n|t:|1700886095\n|move|p1b: Ursaluna|Protect|p1b: Ursaluna\n|-singleturn|p1b: Ursaluna|Protect\n|move|p2a: Zapdos|Hurricane|p1a: Enamorus\n|-damage|p1a: Enamorus|6\/100\n|move|p2b: Rillaboom|Wood Hammer|p1b: Ursaluna\n|-activate|p1b: Ursaluna|move: Protect\n|move|p1a: Enamorus|Dazzling Gleam|p2a: Zapdos|[spread] p2a,p2b\n|-resisted|p2b: Rillaboom\n|-damage|p2a: Zapdos|0 fnt\n|-damage|p2b: Rillaboom|13\/100\n|faint|p2a: Zapdos\n|\n|-heal|p2b: Rillaboom|19\/100|[from] Grassy Terrain\n|-heal|p1b: Ursaluna|51\/100 brn|[from] Grassy Terrain\n|-heal|p1a: Enamorus|12\/100|[from] Grassy Terrain\n|-damage|p1b: Ursaluna|45\/100 brn|[from] brn\n|-fieldend|move: Grassy Terrain\n|upkeep\n|inactive|HeffNastyy has 30 seconds left.\n|\n|t:|1700886128\n|switch|p2a: Arcanine|Arcanine-Hisui, L50, F|55\/100\n|-ability|p2a: Arcanine|Intimidate|boost\n|-unboost|p1a: Enamorus|atk|1\n|-unboost|p1b: Ursaluna|atk|1\n|turn|7\n|inactive|Montendoz has 30 seconds left.\n|inactive|Montendoz has 20 seconds left.\n|inactive|Montendoz has 15 seconds left.\n|\n|t:|1700886168\n|move|p2a: Arcanine|Flare Blitz|p1a: Enamorus\n|-damage|p1a: Enamorus|0 fnt\n|faint|p1a: Enamorus\n|-damage|p2a: Arcanine|51\/100|[from] Recoil\n|move|p2b: Rillaboom|Wood Hammer|p1b: Ursaluna\n|-supereffective|p1b: Ursaluna\n|-damage|p1b: Ursaluna|0 fnt\n|faint|p1b: Ursaluna\n|-damage|p2b: Rillaboom|2\/100|[from] Recoil\n|\n|win|HeffNastyy\n|raw|Montendoz's rating: 1381 &rarr; <strong>1366<\/strong><br \/>(-15 for losing)\n|raw|HeffNastyy's rating: 1469 &rarr; <strong>1484<\/strong><br \/>(+15 for winning)\n|l|\u2606Montendoz\n","uploadtime":1700886181,"views":10,"p1id":"montendoz","p2id":"heffnastyy","formatid":"gen9vgc2023regulatione","rating":1366,"private":0,"password":""}