{"id":"gen9vgc2023regulatione-1999751428","p1":"TrendanBrendan","p2":"Tom10261","format":"[Gen 9] VGC 2023 Regulation E","log":"|j|\u2606TrendanBrendan\n|j|\u2606Tom10261\n|t:|1701113470\n|gametype|doubles\n|player|p1|TrendanBrendan|elio|1230\n|player|p2|Tom10261|101|1176\n|teamsize|p1|6\n|teamsize|p2|6\n|gen|9\n|tier|[Gen 9] VGC 2023 Regulation E\n|rated|\n|rule|Species Clause: Limit one of each Pok\u00e9mon\n|rule|Item Clause: Limit one of each item\n|clearpoke\n|poke|p1|Amoonguss, L50, M|\n|poke|p1|Heatran, L50, F|\n|poke|p1|Roaring Moon, L50|\n|poke|p1|Iron Hands, L50|\n|poke|p1|Flutter Mane, L50|\n|poke|p1|Landorus-Therian, L50, M|\n|poke|p2|Chien-Pao, L50|\n|poke|p2|Arcanine, L50, F|\n|poke|p2|Iron Hands, L50|\n|poke|p2|Iron Bundle, L50|\n|poke|p2|Amoonguss, L50, M|\n|poke|p2|Farigiraf, L50, M|\n|teampreview|4\nTrendanBrendan has agreed to open team sheets.\n|c|\u2606TrendanBrendan|glhf\n|\n|t:|1701113517\n|start\n|switch|p1a: Amoonguss|Amoonguss, L50, M|100\/100\n|switch|p1b: Roaring Moon|Roaring Moon, L50|100\/100\n|switch|p2a: Iron Bundle|Iron Bundle, L50|100\/100\n|switch|p2b: Iron Hands|Iron Hands, L50|100\/100\n|-enditem|p2a: Iron Bundle|Booster Energy\n|-activate|p2a: Iron Bundle|ability: Quark Drive|[fromitem]\n|-start|p2a: Iron Bundle|quarkdrivespe\n|-enditem|p1b: Roaring Moon|Booster Energy\n|-activate|p1b: Roaring Moon|ability: Protosynthesis|[fromitem]\n|-start|p1b: Roaring Moon|protosynthesisspe\n|turn|1\n|inactive|Battle timer is ON: inactive players will automatically lose when time's up. (requested by Tom10261)\n|\n|t:|1701113547\n|move|p1b: Roaring Moon|Protect|p1b: Roaring Moon\n|-singleturn|p1b: Roaring Moon|Protect\n|move|p2b: Iron Hands|Fake Out|p1a: Amoonguss\n|-damage|p1a: Amoonguss|89\/100\n|-damage|p2b: Iron Hands|84\/100|[from] item: Rocky Helmet|[of] p1a: Amoonguss\n|move|p2a: Iron Bundle|Icy Wind|p1b: Roaring Moon|[spread] p1a\n|-activate|p1b: Roaring Moon|move: Protect\n|-supereffective|p1a: Amoonguss\n|-damage|p1a: Amoonguss|53\/100\n|-unboost|p1a: Amoonguss|spe|1\n|cant|p1a: Amoonguss|flinch\n|\n|upkeep\n|turn|2\n|\n|t:|1701113563\n|-terastallize|p1b: Roaring Moon|Poison\n|move|p2a: Iron Bundle|Freeze-Dry|p1a: Amoonguss\n|-supereffective|p1a: Amoonguss\n|-damage|p1a: Amoonguss|0 fnt\n|faint|p1a: Amoonguss\n|move|p1b: Roaring Moon|Tailwind|p1b: Roaring Moon\n|-sidestart|p1: TrendanBrendan|move: Tailwind\n|move|p2b: Iron Hands|Drain Punch|p1b: Roaring Moon\n|-resisted|p1b: Roaring Moon\n|-damage|p1b: Roaring Moon|75\/100\n|-heal|p2b: Iron Hands|93\/100|[from] drain|[of] p1b: Roaring Moon\n|\n|upkeep\n|\n|t:|1701113571\n|switch|p1a: Flutter Mane|Flutter Mane, L50|100\/100\n|turn|3\n|inactive|Tom10261 has 30 seconds left.\n|inactive|Tom10261 has 20 seconds left.\n|inactive|Tom10261 has 15 seconds left.\n|inactive|Tom10261 has 10 seconds left.\n|\n|t:|1701113619\n|move|p1b: Roaring Moon|Breaking Swipe|p2a: Iron Bundle|[spread] p2a,p2b\n|-damage|p2a: Iron Bundle|68\/100\n|-damage|p2b: Iron Hands|78\/100\n|-unboost|p2a: Iron Bundle|atk|1\n|-unboost|p2b: Iron Hands|atk|1\n|move|p1a: Flutter Mane|Dazzling Gleam|p2a: Iron Bundle|[spread] p2a,p2b\n|-supereffective|p2b: Iron Hands\n|-damage|p2a: Iron Bundle|0 fnt\n|-damage|p2b: Iron Hands|30\/100\n|faint|p2a: Iron Bundle\n|-end|p2a: Iron Bundle|Quark Drive|[silent]\n|move|p2b: Iron Hands|Heavy Slam|p1a: Flutter Mane\n|-supereffective|p1a: Flutter Mane\n|-damage|p1a: Flutter Mane|7\/100\n|\n|upkeep\n|\n|t:|1701113632\n|switch|p2a: Chien-Pao|Chien-Pao, L50|100\/100\n|-ability|p2a: Chien-Pao|Sword of Ruin\n|turn|4\n|\n|t:|1701113654\n|-end|p1a: Flutter Mane|Protosynthesis|[silent]\n|switch|p1a: Landorus|Landorus-Therian, L50, M|100\/100\n|-ability|p1a: Landorus|Intimidate|boost\n|-unboost|p2a: Chien-Pao|atk|1\n|-unboost|p2b: Iron Hands|atk|1\n|move|p2a: Chien-Pao|Sucker Punch||[still]\n|-fail|p2a: Chien-Pao\n|move|p1b: Roaring Moon|Breaking Swipe|p2b: Iron Hands|[spread] p2a,p2b\n|-damage|p2a: Chien-Pao|69\/100\n|-damage|p2b: Iron Hands|10\/100\n|-unboost|p2a: Chien-Pao|atk|1\n|-unboost|p2b: Iron Hands|atk|1\n|move|p2b: Iron Hands|Wild Charge|p1b: Roaring Moon\n|-damage|p1b: Roaring Moon|42\/100\n|-damage|p2b: Iron Hands|4\/100|[from] Recoil\n|\n|upkeep\n|turn|5\n|\n|t:|1701113673\n|-end|p2b: Iron Hands|Quark Drive|[silent]\n|switch|p2b: Farigiraf|Farigiraf, L50, M|100\/100\n|move|p1b: Roaring Moon|Protect|p1b: Roaring Moon\n|-singleturn|p1b: Roaring Moon|Protect\n|move|p1a: Landorus|Rock Slide|p2a: Chien-Pao|[spread] p2a,p2b\n|-supereffective|p2a: Chien-Pao\n|-damage|p2a: Chien-Pao|19\/100\n|-damage|p2b: Farigiraf|71\/100\n|move|p2a: Chien-Pao|Ice Spinner|p1a: Landorus\n|-supereffective|p1a: Landorus\n|-damage|p1a: Landorus|0 fnt\n|faint|p1a: Landorus\n|\n|-sideend|p1: TrendanBrendan|move: Tailwind\n|upkeep\n|\n|t:|1701113682\n|switch|p1a: Flutter Mane|Flutter Mane, L50|7\/100\n|turn|6\n|\n|t:|1701113698\n|switch|p2a: Iron Hands|Iron Hands, L50|4\/100\n|move|p1b: Roaring Moon|Knock Off|p2b: Farigiraf\n|-supereffective|p2b: Farigiraf\n|-crit|p2b: Farigiraf\n|-damage|p2b: Farigiraf|0 fnt\n|-enditem|p2b: Farigiraf|Sitrus Berry|[from] move: Knock Off|[of] p1b: Roaring Moon\n|faint|p2b: Farigiraf\n|move|p1a: Flutter Mane|Dazzling Gleam|p2a: Iron Hands\n|-supereffective|p2a: Iron Hands\n|-damage|p2a: Iron Hands|0 fnt\n|faint|p2a: Iron Hands\n|-end|p2a: Iron Hands|Quark Drive|[silent]\n|\n|upkeep\n|\n|t:|1701113706\n|switch|p2b: Chien-Pao|Chien-Pao, L50|19\/100\n|-ability|p2b: Chien-Pao|Sword of Ruin\n|turn|7\n|-message|Tom10261 forfeited.\n|\n|win|TrendanBrendan\n|raw|TrendanBrendan's rating: 1230 &rarr; <strong>1251<\/strong><br \/>(+21 for winning)\n|raw|Tom10261's rating: 1176 &rarr; <strong>1155<\/strong><br \/>(-21 for losing)\n|l|\u2606Tom10261\n","uploadtime":1701113722,"views":10,"p1id":"trendanbrendan","p2id":"tom10261","formatid":"gen9vgc2023regulatione","rating":1155,"private":0,"password":""}