{"id":"gen9vgc2023regulatione-2000484011","p1":"Cricetodalpendolo","p2":"meesterkrebs","format":"[Gen 9] VGC 2023 Regulation E","log":"|j|\u2606Cricetodalpendolo\n|j|\u2606meesterkrebs\n|t:|1701198651\n|gametype|doubles\n|player|p1|Cricetodalpendolo|1|1173\n|player|p2|meesterkrebs|steven|1225\n|teamsize|p1|6\n|teamsize|p2|6\n|gen|9\n|tier|[Gen 9] VGC 2023 Regulation E\n|rated|\n|rule|Species Clause: Limit one of each Pok\u00e9mon\n|rule|Item Clause: Limit one of each item\n|clearpoke\n|poke|p1|Chi-Yu, L50|\n|poke|p1|Flutter Mane, L50|\n|poke|p1|Illumise, L50, F|\n|poke|p1|Landorus-Therian, L50, M|\n|poke|p1|Ogerpon-Wellspring, L50, F|\n|poke|p1|Amoonguss, L50, F|\n|poke|p2|Urshifu-*, L50, M|\n|poke|p2|Gholdengo, L50|\n|poke|p2|Arcanine, L50, M|\n|poke|p2|Rillaboom, L50, M|\n|poke|p2|Sableye, L50, M|\n|poke|p2|Iron Bundle, L50|\n|teampreview|4\n|inactive|Battle timer is ON: inactive players will automatically lose when time's up. (requested by Cricetodalpendolo)\n|\n|t:|1701198707\n|start\n|switch|p1a: Illumise|Illumise, L50, F|100\/100\n|switch|p1b: Flutter Mane|Flutter Mane, L50|100\/100\n|switch|p2a: Iron Bundle|Iron Bundle, L50|100\/100\n|switch|p2b: Urshifu|Urshifu-Rapid-Strike, L50, M|100\/100\n|-enditem|p2a: Iron Bundle|Booster Energy\n|-activate|p2a: Iron Bundle|ability: Quark Drive|[fromitem]\n|-start|p2a: Iron Bundle|quarkdrivespe\n|turn|1\n|inactive|Cricetodalpendolo has 30 seconds left.\n|inactive|meesterkrebs has 30 seconds left.\n|inactive|Cricetodalpendolo has 20 seconds left.\n|inactive|Cricetodalpendolo has 15 seconds left.\n|\n|t:|1701198751\n|-terastallize|p2b: Urshifu|Water\n|move|p1a: Illumise|Thunder Wave|p2a: Iron Bundle\n|-status|p2a: Iron Bundle|par\n|move|p1b: Flutter Mane|Hex|p2a: Iron Bundle\n|-damage|p2a: Iron Bundle|0 fnt\n|faint|p2a: Iron Bundle\n|-end|p2a: Iron Bundle|Quark Drive|[silent]\n|move|p2b: Urshifu|Surging Strikes|p1b: Flutter Mane\n|-crit|p1b: Flutter Mane\n|-damage|p1b: Flutter Mane|36\/100\n|-crit|p1b: Flutter Mane\n|-damage|p1b: Flutter Mane|0 fnt\n|faint|p1b: Flutter Mane\n|-end|p1b: Flutter Mane|Protosynthesis|[silent]\n|-hitcount|p1: Flutter Mane|2\n|\n|upkeep\n|\n|t:|1701198770\n|switch|p1b: Ogerpon|Ogerpon-Wellspring, L50, F|100\/100\n|switch|p2a: Rillaboom|Rillaboom, L50, M|100\/100\n|-fieldstart|move: Grassy Terrain|[from] ability: Grassy Surge|[of] p2a: Rillaboom\n|turn|2\n|\n|t:|1701198793\n|move|p1b: Ogerpon|Spiky Shield|p1b: Ogerpon\n|-singleturn|p1b: Ogerpon|move: Protect\n|move|p2a: Rillaboom|Fake Out|p1b: Ogerpon\n|-activate|p1b: Ogerpon|move: Protect\n|-damage|p2a: Rillaboom|88\/100|[from] Spiky Shield|[of] p1b: Ogerpon\n|move|p1a: Illumise|Thunder Wave|p2b: Urshifu\n|-status|p2b: Urshifu|par\n|move|p2b: Urshifu|Taunt|p1a: Illumise\n|-start|p1a: Illumise|move: Taunt\n|\n|-heal|p2a: Rillaboom|94\/100|[from] Grassy Terrain\n|upkeep\n|turn|3\n|inactive|meesterkrebs has 30 seconds left.\n|inactive|meesterkrebs has 20 seconds left.\n|\n|t:|1701198833\n|switch|p2b: Sableye|Sableye, L50, M|100\/100\n|move|p1b: Ogerpon|Horn Leech|p2b: Sableye\n|-damage|p2b: Sableye|12\/100\n|move|p2a: Rillaboom|Wood Hammer|p1b: Ogerpon\n|-damage|p1b: Ogerpon|0 fnt\n|faint|p1b: Ogerpon\n|-damage|p2a: Rillaboom|70\/100|[from] Recoil\n|move|p1a: Illumise|Struggle Bug|p2b: Sableye|[spread] p2a,p2b\n|-supereffective|p2a: Rillaboom\n|-damage|p2a: Rillaboom|54\/100\n|-damage|p2b: Sableye|2\/100\n|-unboost|p2a: Rillaboom|spa|1\n|-unboost|p2b: Sableye|spa|1\n|\n|-heal|p2a: Rillaboom|60\/100|[from] Grassy Terrain\n|-heal|p2b: Sableye|8\/100|[from] Grassy Terrain\n|upkeep\n|\n|t:|1701198843\n|switch|p1b: Chi-Yu|Chi-Yu, L50|100\/100\n|-ability|p1b: Chi-Yu|Beads of Ruin\n|turn|4\n|\n|t:|1701198867\n|switch|p2a: Urshifu|Urshifu-Rapid-Strike, L50, M, tera:Water|100\/100 par\n|move|p2b: Sableye|Disable|p1a: Illumise\n|-start|p1a: Illumise|Disable|Struggle Bug\n|move|p1b: Chi-Yu|Hex|p2a: Urshifu\n|-damage|p2a: Urshifu|4\/100 par\n|cant|p1a: Illumise|Disable|Struggle Bug\n|\n|-heal|p2a: Urshifu|10\/100 par|[from] Grassy Terrain\n|-heal|p2b: Sableye|13\/100|[from] Grassy Terrain\n|upkeep\n|turn|5\n|inactive|meesterkrebs has 30 seconds left.\n|\n|t:|1701198897\n|switch|p2b: Rillaboom|Rillaboom, L50, M|60\/100\n|move|p2a: Urshifu|Aqua Jet|p1b: Chi-Yu\n|-supereffective|p1b: Chi-Yu\n|-damage|p1b: Chi-Yu|0 fnt\n|faint|p1b: Chi-Yu\n|-activate|p1a: Illumise|move: Struggle\n|move|p1a: Illumise|Struggle|p2b: Rillaboom\n|-damage|p2b: Rillaboom|55\/100\n|-damage|p1a: Illumise|76\/100|[from] recoil\n|\n|-heal|p2b: Rillaboom|61\/100|[from] Grassy Terrain\n|-heal|p1a: Illumise|81\/100|[from] Grassy Terrain\n|-heal|p2a: Urshifu|16\/100 par|[from] Grassy Terrain\n|-end|p1a: Illumise|move: Taunt\n|upkeep\n|turn|6\n|-message|Cricetodalpendolo forfeited.\n|\n|win|meesterkrebs\n|raw|Cricetodalpendolo's rating: 1173 &rarr; <strong>1152<\/strong><br \/>(-21 for losing)\n|raw|meesterkrebs's rating: 1225 &rarr; <strong>1246<\/strong><br \/>(+21 for winning)\n|l|\u2606Cricetodalpendolo\n","uploadtime":1701198922,"views":4,"p1id":"cricetodalpendolo","p2id":"meesterkrebs","formatid":"gen9vgc2023regulatione","rating":1152,"private":0,"password":""}