{"id":"gen9vgc2023regulatione-1994822376","p1":"givi","p2":"blindfishptsd","format":"[Gen 9] VGC 2023 Regulation E","log":"|j|\u2606givi\n|j|\u2606blindfishptsd\n|t:|1700496015\n|gametype|doubles\n|player|p1|givi|lucas|\n|player|p2|blindfishptsd|medium|\n|teamsize|p1|6\n|teamsize|p2|6\n|gen|9\n|tier|[Gen 9] VGC 2023 Regulation E\n|rated|Tournament battle\n|rule|Species Clause: Limit one of each Pok\u00e9mon\n|rule|Item Clause: Limit one of each item\n|clearpoke\n|poke|p1|Moltres-Galar, L50|\n|poke|p1|Sinistcha-Masterpiece, L50|\n|poke|p1|Ninetales-Alola, L50, M|\n|poke|p1|Landorus-Therian, L50, M|\n|poke|p1|Iron Hands, L50|\n|poke|p1|Heatran, L50, M|\n|poke|p2|Urshifu-*, L50, F|\n|poke|p2|Farigiraf, L50, F|\n|poke|p2|Ursaluna-Bloodmoon, L50, M|\n|poke|p2|Chi-Yu, L50|\n|poke|p2|Ogerpon-Wellspring, L50, F|\n|poke|p2|Tornadus, L50, M|\n|teampreview|4\n|showteam|p1|Moltres-Galar||SitrusBerry|Berserk|FieryWrath,AirSlash,NastyPlot,Protect||||||50|,,,,,Poison]Sinistcha-Masterpiece||RockyHelmet|Hospitality|MatchaGotcha,RagePowder,StrengthSap,TrickRoom||||||50|,,,,,Water]Ninetales-Alola||LightClay|SnowWarning|Moonblast,Blizzard,AuroraVeil,Protect|||M|||50|,,,,,Water]Landorus-Therian||ChoiceScarf|Intimidate|StompingTantrum,RockSlide,Uturn,TeraBlast|||M|||50|,,,,,Flying]Iron Hands||AssaultVest|QuarkDrive|FakeOut,WildCharge,DrainPunch,HeavySlam||||||50|,,,,,Water]Heatran||Leftovers|FlashFire|HeatWave,EarthPower,TeraBlast,Protect|||M|||50|,,,,,Fairy\n|showteam|p2|Urshifu||ChoiceScarf|UnseenFist|WickedBlow,CloseCombat,SuckerPunch,Uturn|||F|||50|,,,,,Dark]Farigiraf||RockyHelmet|ArmorTail|Psychic,DazzlingGleam,HelpingHand,TrickRoom|||F|||50|,,,,,Fairy]Ursaluna-Bloodmoon||LifeOrb|MindsEye|HyperVoice,BloodMoon,EarthPower,Protect|||M|||50|,,,,,Normal]Chi-Yu||ChoiceSpecs|BeadsofRuin|HeatWave,Overheat,DarkPulse,Snarl||||||50|,,,,,Ghost]Ogerpon-Wellspring||WellspringMask|WaterAbsorb|FollowMe,IvyCudgel,HornLeech,SpikyShield|||F|||50|,,,,,Water]Tornadus||MentalHerb|Prankster|SunnyDay,Tailwind,BleakwindStorm,Protect|||M|||50|,,,,,Flying\n|inactive|Battle timer is ON: inactive players will automatically lose when time's up. (requested by blindfishptsd)\n|j|%Radio Free C-Side\n|c|\u2606blindfishptsd|glhf\n|j| Red Fang X\n|c|\u2606givi|glhf\n|inactive|givi has 60 seconds left.\n|inactive|blindfishptsd has 60 seconds left.\n|\n|t:|1700496065\n|start\n|switch|p1a: Landorus|Landorus-Therian, L50, M|100\/100\n|switch|p1b: Iron Hands|Iron Hands, L50|100\/100\n|switch|p2a: Urshifu|Urshifu, L50, F|100\/100\n|switch|p2b: Farigiraf|Farigiraf, L50, F|100\/100\n|-ability|p1a: Landorus|Intimidate|boost\n|-unboost|p2a: Urshifu|atk|1\n|-unboost|p2b: Farigiraf|atk|1\n|turn|1\n|j| Luke111192\n|inactive|blindfishptsd has 30 seconds left.\n|\n|t:|1700496090\n|move|p2a: Urshifu|Wicked Blow|p1b: Iron Hands\n|-resisted|p1b: Iron Hands\n|-crit|p1b: Iron Hands\n|-damage|p1b: Iron Hands|78\/100\n|move|p1a: Landorus|U-turn|p2b: Farigiraf\n|-supereffective|p2b: Farigiraf\n|-damage|p2b: Farigiraf|57\/100\n|-damage|p1a: Landorus|84\/100|[from] item: Rocky Helmet|[of] p2b: Farigiraf\n|\n|t:|1700496101\n|switch|p1a: Heatran|Heatran, L50, M|100\/100|[from] U-turn\n|move|p1b: Iron Hands|Drain Punch|p2a: Urshifu\n|-supereffective|p2a: Urshifu\n|-damage|p2a: Urshifu|23\/100\n|-heal|p1b: Iron Hands|100\/100|[from] drain|[of] p2a: Urshifu\n|move|p2b: Farigiraf|Trick Room|p2b: Farigiraf\n|-fieldstart|move: Trick Room|[of] p2b: Farigiraf\n|\n|upkeep\n|turn|2\n|\n|t:|1700496121\n|move|p1b: Iron Hands|Drain Punch|p2b: Farigiraf\n|-crit|p2b: Farigiraf\n|-damage|p2b: Farigiraf|10\/100\n|-damage|p1b: Iron Hands|84\/100|[from] item: Rocky Helmet|[of] p2b: Farigiraf\n|move|p2b: Farigiraf|Psychic|p1b: Iron Hands\n|-supereffective|p1b: Iron Hands\n|-damage|p1b: Iron Hands|49\/100\n|move|p1a: Heatran|Heat Wave|p2b: Farigiraf|[spread] p2a,p2b\n|-crit|p2a: Urshifu\n|-damage|p2a: Urshifu|0 fnt\n|-damage|p2b: Farigiraf|0 fnt\n|faint|p2a: Urshifu\n|faint|p2b: Farigiraf\n|\n|upkeep\n|\n|t:|1700496130\n|switch|p2b: Ogerpon|Ogerpon-Wellspring, L50, F|100\/100\n|switch|p2a: Ursaluna|Ursaluna-Bloodmoon, L50, M|100\/100\n|turn|3\n|inactive|givi has 30 seconds left.\n|\n|t:|1700496160\n|-terastallize|p2b: Ogerpon|Water\n|detailschange|p2b: Ogerpon|Ogerpon-Wellspring-Tera, L50, F, tera:Water\n|-ability|p2b: Ogerpon|Embody Aspect (Wellspring)|boost\n|-boost|p2b: Ogerpon|spd|1\n|move|p2a: Ursaluna|Blood Moon|p1b: Iron Hands\n|-damage|p1b: Iron Hands|0 fnt\n|faint|p1b: Iron Hands\n|-end|p1b: Iron Hands|Quark Drive|[silent]\n|-damage|p2a: Ursaluna|90\/100|[from] item: Life Orb\n|move|p1a: Heatran|Heat Wave|p2b: Ogerpon|[spread] \n|-miss|p1a: Heatran|p2a: Ursaluna\n|-miss|p1a: Heatran|p2b: Ogerpon\n|move|p2b: Ogerpon|Ivy Cudgel|p1a: Heatran|[anim] Ivy Cudgel Water\n|-supereffective|p1a: Heatran\n|-damage|p1a: Heatran|0 fnt\n|faint|p1a: Heatran\n|\n|upkeep\n|\n|t:|1700496170\n|switch|p1b: Landorus|Landorus-Therian, L50, M|84\/100\n|switch|p1a: Sinistcha|Sinistcha-Masterpiece, L50|100\/100\n|-heal|p1b: Landorus|100\/100|[from] ability: Hospitality|[of] p1a: Sinistcha\n|-ability|p1b: Landorus|Intimidate|boost\n|-unboost|p2a: Ursaluna|atk|1\n|-unboost|p2b: Ogerpon|atk|1\n|turn|4\n|c|\u2606blindfishptsd|mb\n|inactive|givi has 30 seconds left.\n|\n|t:|1700496200\n|-terastallize|p1b: Landorus|Flying\n|move|p2a: Ursaluna|Hyper Voice|p1b: Landorus|[spread] p1a,p1b\n|-damage|p1a: Sinistcha|45\/100\n|-damage|p1b: Landorus|40\/100\n|-damage|p2a: Ursaluna|80\/100|[from] item: Life Orb\n|move|p1a: Sinistcha|Matcha Gotcha|p2a: Ursaluna|[spread] p2a\n|-miss|p1a: Sinistcha|p2b: Ogerpon\n|-supereffective|p2a: Ursaluna\n|-damage|p2a: Ursaluna|10\/100\n|-heal|p1a: Sinistcha|89\/100|[from] drain|[of] p2a: Ursaluna\n|-status|p2a: Ursaluna|brn\n|move|p2b: Ogerpon|Ivy Cudgel|p1b: Landorus|[anim] Ivy Cudgel Water\n|-damage|p1b: Landorus|0 fnt\n|faint|p1b: Landorus\n|\n|-damage|p2a: Ursaluna|4\/100 brn|[from] brn\n|upkeep\n|turn|5\n|\n|t:|1700496218\n|move|p2a: Ursaluna|Blood Moon|p1a: Sinistcha\n|-damage|p1a: Sinistcha|0 fnt\n|faint|p1a: Sinistcha\n|-damage|p2a: Ursaluna|0 fnt|[from] item: Life Orb\n|faint|p2a: Ursaluna\n|\n|win|blindfishptsd\n|n|\u2606givi|givi\n|n|\u2606blindfishptsd|blindfishptsd\n|n| Radio Free C-Side|radiofreecside\n|n| Red Fang X|redfangx\n|n| Luke111192|luke111192\n","uploadtime":1700496219,"views":2,"p1id":"givi","p2id":"blindfishptsd","formatid":"gen9vgc2023regulatione","rating":0,"private":0,"password":""}