{"id":"gen9vgc2023regulatione-1996549122","p1":"xX_Goober2011_Xx","p2":"luizhsouza3","format":"[Gen 9] VGC 2023 Regulation E","log":"|j|\u2606xX_Goober2011_Xx\n|j|\u2606luizhsouza3\n|t:|1700693130\n|gametype|doubles\n|player|p1|xX_Goober2011_Xx|hilda|1000\n|player|p2|luizhsouza3|striker|1005\n|teamsize|p1|6\n|teamsize|p2|6\n|gen|9\n|tier|[Gen 9] VGC 2023 Regulation E\n|rated|\n|rule|Species Clause: Limit one of each Pok\u00e9mon\n|rule|Item Clause: Limit one of each item\n|clearpoke\n|poke|p1|Cresselia, L50, F|\n|poke|p1|Torkoal, L50, M|\n|poke|p1|Iron Hands, L50|\n|poke|p1|Ursaluna, L50, M|\n|poke|p1|Farigiraf, L50, M|\n|poke|p1|Kingambit, L50, F|\n|poke|p2|Kingambit, L50, F|\n|poke|p2|Arcanine-Hisui, L50, F|\n|poke|p2|Landorus-Therian, L50, M|\n|poke|p2|Breloom, L50, M|\n|poke|p2|Flutter Mane, L50|\n|poke|p2|Cloyster, L50, F|\n|teampreview|4\n|inactive|Battle timer is ON: inactive players will automatically lose when time's up. (requested by luizhsouza3)\n|inactive|xX_Goober2011_Xx has 60 seconds left.\n|inactive|xX_Goober2011_Xx has 30 seconds left.\n|\n|t:|1700693191\n|start\n|switch|p1a: Iron Hands|Iron Hands, L50|100\/100\n|switch|p1b: Farigiraf|Farigiraf, L50, M|100\/100\n|switch|p2a: Arcanine|Arcanine-Hisui, L50, F|100\/100\n|switch|p2b: Breloom|Breloom, L50, M|100\/100\n|turn|1\n|inactive|xX_Goober2011_Xx has 30 seconds left.\n|\n|t:|1700693217\n|move|p1a: Iron Hands|Fake Out|p2b: Breloom\n|-damage|p2b: Breloom|78\/100\n|move|p2a: Arcanine|Head Smash|p1b: Farigiraf\n|-damage|p1b: Farigiraf|21\/100\n|cant|p2b: Breloom|flinch\n|move|p1b: Farigiraf|Trick Room|p1b: Farigiraf\n|-fieldstart|move: Trick Room|[of] p1b: Farigiraf\n|\n|upkeep\n|turn|2\n|inactive|xX_Goober2011_Xx has 30 seconds left.\n|\n|t:|1700693249\n|move|p1b: Farigiraf|Helping Hand|p1a: Iron Hands\n|-singleturn|p1a: Iron Hands|Helping Hand|[of] p1b: Farigiraf\n|move|p1a: Iron Hands|Wild Charge|p2a: Arcanine\n|-damage|p2a: Arcanine|0 fnt\n|faint|p2a: Arcanine\n|-damage|p1a: Iron Hands|82\/100|[from] Recoil\n|move|p2b: Breloom|Spore|p1a: Iron Hands\n|-status|p1a: Iron Hands|slp|[from] move: Spore\n|\n|upkeep\n|\n|t:|1700693266\n|switch|p2a: Cloyster|Cloyster, L50, F|100\/100\n|turn|3\n|\n|t:|1700693282\n|move|p1b: Farigiraf|Protect|p1b: Farigiraf\n|-singleturn|p1b: Farigiraf|Protect\n|cant|p1a: Iron Hands|slp\n|move|p2a: Cloyster|Icicle Spear|p1b: Farigiraf\n|-activate|p1b: Farigiraf|move: Protect\n|move|p2b: Breloom|Bullet Seed|p1a: Iron Hands\n|-damage|p1a: Iron Hands|69\/100 slp\n|-damage|p1a: Iron Hands|56\/100 slp\n|-damage|p1a: Iron Hands|41\/100 slp\n|-damage|p1a: Iron Hands|25\/100 slp\n|-hitcount|p1a: Iron Hands|4\n|\n|upkeep\n|turn|4\n|inactive|xX_Goober2011_Xx has 30 seconds left.\n|\n|t:|1700693310\n|switch|p2a: Landorus|Landorus-Therian, L50, M|100\/100\n|-ability|p2a: Landorus|Intimidate|boost\n|-unboost|p1a: Iron Hands|atk|1\n|-unboost|p1b: Farigiraf|atk|1\n|move|p1b: Farigiraf|Protect||[still]\n|-fail|p1b: Farigiraf\n|cant|p1a: Iron Hands|slp\n|move|p2b: Breloom|Bullet Seed|p1a: Iron Hands\n|-crit|p1a: Iron Hands\n|-damage|p1a: Iron Hands|3\/100 slp\n|-damage|p1a: Iron Hands|0 fnt\n|faint|p1a: Iron Hands\n|-end|p1a: Iron Hands|Quark Drive|[silent]\n|-hitcount|p1: Iron Hands|2\n|\n|upkeep\n|\n|t:|1700693335\n|switch|p1a: Torkoal|Torkoal, L50, M|100\/100\n|-weather|SunnyDay|[from] ability: Drought|[of] p1a: Torkoal\n|turn|5\n|\n|t:|1700693355\n|-terastallize|p1a: Torkoal|Fire\n|move|p1b: Farigiraf|Helping Hand|p1a: Torkoal\n|-singleturn|p1a: Torkoal|Helping Hand|[of] p1b: Farigiraf\n|move|p1a: Torkoal|Heat Wave|p2b: Breloom|[spread] p2a,p2b\n|-supereffective|p2b: Breloom\n|-damage|p2a: Landorus|0 fnt\n|-damage|p2b: Breloom|0 fnt\n|faint|p2a: Landorus\n|faint|p2b: Breloom\n|\n|-weather|SunnyDay|[upkeep]\n|-fieldend|move: Trick Room\n|upkeep\n|-message|luizhsouza3 forfeited.\n|\n|win|xX_Goober2011_Xx\n|raw|xX_Goober2011_Xx's rating: 1000 &rarr; <strong>1041<\/strong><br \/>(+41 for winning)\n|raw|luizhsouza3's rating: 1005 &rarr; <strong>1000<\/strong><br \/>(-5 for losing)\n|l|\u2606luizhsouza3\n","uploadtime":1700693370,"views":14,"p1id":"xxgoober2011xx","p2id":"luizhsouza3","formatid":"gen9vgc2023regulatione","rating":1000,"private":0,"password":""}