{"id":"gen9vgc2023regulatione-1999391203","p1":"newusernovice","p2":"biei525","format":"[Gen 9] VGC 2023 Regulation E","log":"|j|\u2606newusernovice\n|j|\u2606biei525\n|t:|1701072456\n|gametype|doubles\n|player|p1|newusernovice|brawly|1322\n|player|p2|biei525|lillie-z|1400\n|teamsize|p1|6\n|teamsize|p2|6\n|gen|9\n|tier|[Gen 9] VGC 2023 Regulation E\n|rated|\n|rule|Species Clause: Limit one of each Pok\u00e9mon\n|rule|Item Clause: Limit one of each item\n|clearpoke\n|poke|p1|Urshifu-*, L50, M|\n|poke|p1|Ogerpon-Wellspring, L50, F|\n|poke|p1|Chien-Pao, L50|\n|poke|p1|Tornadus, L50, M|\n|poke|p1|Gholdengo, L50|\n|poke|p1|Dragapult, L50, M|\n|poke|p2|Sylveon, L50, F|\n|poke|p2|Torkoal, L50, F|\n|poke|p2|Oranguru, L50, F|\n|poke|p2|Sableye, L50, M|\n|poke|p2|Lurantis, L50, F|\n|poke|p2|Murkrow, L50, M|\n|teampreview|4\n|inactive|Battle timer is ON: inactive players will automatically lose when time's up. (requested by newusernovice)\n|inactive|newusernovice has 60 seconds left.\n|inactive|newusernovice has 30 seconds left.\n|inactive|newusernovice has 20 seconds left.\n|inactive|newusernovice has 15 seconds left.\n|c|\u2606biei525|hurry up\n|inactive|newusernovice has 10 seconds left.\n|inactive|newusernovice has 5 seconds left.\n|\n|t:|1701072542\n|start\n|switch|p1a: Gholdengo|Gholdengo, L50|100\/100\n|switch|p1b: Dragapult|Dragapult, L50, M, shiny|100\/100\n|switch|p2a: Sableye|Sableye, L50, M|100\/100\n|switch|p2b: Sylveon|Sylveon, L50, F|100\/100\n|turn|1\n|\n|t:|1701072557\n|-terastallize|p1b: Dragapult|Ghost\n|-terastallize|p2b: Sylveon|Fire\n|move|p2a: Sableye|Light Screen|p2a: Sableye\n|-sidestart|p2: biei525|move: Light Screen\n|move|p1b: Dragapult|Tera Blast|p2b: Sylveon|[anim] Tera Blast Ghost\n|-damage|p2b: Sylveon|0 fnt\n|faint|p2b: Sylveon\n|move|p1a: Gholdengo|Make It Rain|p2a: Sableye\n|-enditem|p2a: Sableye|Focus Sash\n|-damage|p2a: Sableye|1\/100\n|-unboost|p1a: Gholdengo|spa|1\n|\n|upkeep\n|\n|t:|1701072562\n|switch|p2b: Oranguru|Oranguru, L50, F|100\/100\n|turn|2\n|inactive|newusernovice has 30 seconds left.\n|inactive|newusernovice has 20 seconds left.\n|inactive|newusernovice has 15 seconds left.\n|inactive|newusernovice has 10 seconds left.\n|\n|t:|1701072611\n|switch|p1b: Urshifu|Urshifu, L50, M|100\/100\n|switch|p1a: Chien-Pao|Chien-Pao, L50|100\/100\n|-ability|p1a: Chien-Pao|Sword of Ruin\n|move|p2a: Sableye|Encore|p1b: Urshifu\n|-hint|Since gen 7, Dark is immune to Prankster moves.\n|-immune|p1b: Urshifu\n|move|p2b: Oranguru|Trick Room|p2b: Oranguru\n|-fieldstart|move: Trick Room|[of] p2b: Oranguru\n|\n|upkeep\n|turn|3\n|inactive|newusernovice has 30 seconds left.\n|inactive|newusernovice has 20 seconds left.\n|inactive|newusernovice has 15 seconds left.\n|\n|t:|1701072656\n|move|p2a: Sableye|Reflect|p2a: Sableye\n|-sidestart|p2: biei525|Reflect\n|move|p2b: Oranguru|Foul Play|p1a: Chien-Pao\n|-resisted|p1a: Chien-Pao\n|-damage|p1a: Chien-Pao|78\/100\n|move|p1b: Urshifu|Wicked Blow|p2b: Oranguru\n|-supereffective|p2b: Oranguru\n|-crit|p2b: Oranguru\n|-damage|p2b: Oranguru|0 fnt\n|faint|p2b: Oranguru\n|move|p1a: Chien-Pao|Lash Out|p2a: Sableye\n|-damage|p2a: Sableye|0 fnt\n|faint|p2a: Sableye\n|-damage|p1a: Chien-Pao|68\/100|[from] item: Life Orb\n|\n|upkeep\n|\n|t:|1701072661\n|switch|p2a: Torkoal|Torkoal, L50, F|100\/100\n|-weather|SunnyDay|[from] ability: Drought|[of] p2a: Torkoal\n|turn|4\n|\n|t:|1701072674\n|move|p1b: Urshifu|Protect|p1b: Urshifu\n|-singleturn|p1b: Urshifu|Protect\n|move|p1a: Chien-Pao|Protect|p1a: Chien-Pao\n|-singleturn|p1a: Chien-Pao|Protect\n|move|p2a: Torkoal|Eruption|p1b: Urshifu|[spread] \n|-activate|p1a: Chien-Pao|move: Protect\n|-activate|p1b: Urshifu|move: Protect\n|\n|-weather|SunnyDay|[upkeep]\n|upkeep\n|turn|5\n|\n|t:|1701072696\n|move|p1b: Urshifu|Sucker Punch|p2a: Torkoal\n|-damage|p2a: Torkoal|72\/100\n|move|p1a: Chien-Pao|Sucker Punch|p2a: Torkoal\n|-damage|p2a: Torkoal|39\/100\n|-damage|p1a: Chien-Pao|59\/100|[from] item: Life Orb\n|move|p2a: Torkoal|Eruption|p1a: Chien-Pao|[spread] p1a,p1b\n|-supereffective|p1a: Chien-Pao\n|-damage|p1a: Chien-Pao|0 fnt\n|-damage|p1b: Urshifu|54\/100\n|faint|p1a: Chien-Pao\n|\n|-weather|SunnyDay|[upkeep]\n|-sideend|p2: biei525|move: Light Screen\n|upkeep\n|-message|biei525 forfeited.\n|\n|win|newusernovice\n|raw|newusernovice's rating: 1322 &rarr; <strong>1346<\/strong><br \/>(+24 for winning)\n|raw|biei525's rating: 1400 &rarr; <strong>1376<\/strong><br \/>(-24 for losing)\n|l|\u2606biei525\n","uploadtime":1701072737,"views":3,"p1id":"newusernovice","p2id":"biei525","formatid":"gen9vgc2023regulatione","rating":1346,"private":0,"password":""}