{"id":"gen9vgc2023regulatione-1996289796","p1":"RoyTan","p2":"Bulba9933","format":"[Gen 9] VGC 2023 Regulation E","log":"|j|\u2606RoyTan\n|j|\u2606Bulba9933\n|t:|1700667951\n|gametype|doubles\n|player|p1|RoyTan|101|1110\n|player|p2|Bulba9933|170|1088\n|teamsize|p1|6\n|teamsize|p2|6\n|gen|9\n|tier|[Gen 9] VGC 2023 Regulation E\n|rated|\n|rule|Species Clause: Limit one of each Pok\u00e9mon\n|rule|Item Clause: Limit one of each item\n|clearpoke\n|poke|p1|Farigiraf, L50, F|\n|poke|p1|Urshifu-*, L50, M|\n|poke|p1|Ursaluna-Bloodmoon, L50, M|\n|poke|p1|Iron Hands, L50|\n|poke|p1|Heatran, L50, M|\n|poke|p1|Ogerpon-Wellspring, L50, F|\n|poke|p2|Politoed, L50, M|\n|poke|p2|Gothitelle, L50, F|\n|poke|p2|Flutter Mane, L50|\n|poke|p2|Amoonguss, L50, M|\n|poke|p2|Kingambit, L50, F|\n|poke|p2|Arcanine-Hisui, L50, F|\n|teampreview|4\n|inactive|Battle timer is ON: inactive players will automatically lose when time's up. (requested by RoyTan)\n|inactive|RoyTan has 60 seconds left.\n|\n|t:|1700667988\n|start\n|switch|p1a: Farigiraf|Farigiraf, L50, F|100\/100\n|switch|p1b: Urshifu|Urshifu, L50, M|100\/100\n|switch|p2a: Politoed|Politoed, L50, M, shiny|100\/100\n|switch|p2b: Gothitelle|Gothitelle, L50, F, shiny|100\/100\n|-weather|RainDance|[from] ability: Drizzle|[of] p2a: Politoed\n|turn|1\n|inactive|RoyTan has 30 seconds left.\n|inactive|RoyTan has 20 seconds left.\n|inactive|RoyTan has 15 seconds left.\n|\n|t:|1700668029\n|-terastallize|p2b: Gothitelle|Water\n|move|p1a: Farigiraf|Helping Hand|p1b: Urshifu\n|-singleturn|p1b: Urshifu|Helping Hand|[of] p1a: Farigiraf\n|move|p1b: Urshifu|Wicked Blow|p2b: Gothitelle\n|-crit|p2b: Gothitelle\n|-damage|p2b: Gothitelle|12\/100\n|move|p2a: Politoed|Perish Song|p2a: Politoed\n|-start|p1a: Farigiraf|perish3|[silent]\n|-start|p1b: Urshifu|perish3|[silent]\n|-start|p2a: Politoed|perish3|[silent]\n|-start|p2b: Gothitelle|perish3|[silent]\n|-fieldactivate|move: Perish Song\n|move|p2b: Gothitelle|Trick Room|p2b: Gothitelle\n|-fieldstart|move: Trick Room|[of] p2b: Gothitelle\n|\n|-weather|RainDance|[upkeep]\n|-start|p1a: Farigiraf|perish3\n|-start|p2b: Gothitelle|perish3\n|-start|p2a: Politoed|perish3\n|-start|p1b: Urshifu|perish3\n|upkeep\n|turn|2\n|inactive|RoyTan has 30 seconds left.\n|inactive|Bulba9933 has 30 seconds left.\n|inactive|Bulba9933 has 20 seconds left.\n|\n|t:|1700668066\n|switch|p2b: Amoonguss|Amoonguss, L50, M, shiny|100\/100\n|-terastallize|p1b: Urshifu|Dark\n|move|p1a: Farigiraf|Dazzling Gleam|p2a: Politoed|[spread] p2a,p2b\n|-resisted|p2b: Amoonguss\n|-damage|p2a: Politoed|81\/100\n|-damage|p2b: Amoonguss|92\/100\n|move|p2a: Politoed|Weather Ball|p1b: Urshifu\n|-damage|p1b: Urshifu|27\/100\n|move|p1b: Urshifu|Wicked Blow|p2a: Politoed\n|-crit|p2a: Politoed\n|-damage|p2a: Politoed|20\/100\n|-enditem|p2a: Politoed|Sitrus Berry|[eat]\n|-heal|p2a: Politoed|45\/100|[from] item: Sitrus Berry\n|\n|-weather|RainDance|[upkeep]\n|-start|p1a: Farigiraf|perish2\n|-start|p2a: Politoed|perish2\n|-start|p1b: Urshifu|perish2\n|upkeep\n|turn|3\n|inactive|RoyTan has 30 seconds left.\n|inactive|Bulba9933 has 30 seconds left.\n|\n|t:|1700668100\n|move|p2b: Amoonguss|Spore|p1a: Farigiraf\n|-status|p1a: Farigiraf|slp|[from] move: Spore\n|cant|p1a: Farigiraf|slp\n|move|p2a: Politoed|Weather Ball|p1b: Urshifu\n|-crit|p1b: Urshifu\n|-damage|p1b: Urshifu|0 fnt\n|faint|p1b: Urshifu\n|\n|-weather|RainDance|[upkeep]\n|-start|p1a: Farigiraf|perish1\n|-start|p2a: Politoed|perish1\n|upkeep\n|\n|t:|1700668115\n|switch|p1b: Heatran|Heatran, L50, M|100\/100\n|turn|4\n|\n|t:|1700668130\n|-curestatus|p1a: Farigiraf|slp|[msg]\n|move|p1a: Farigiraf|Helping Hand|p1b: Heatran\n|-singleturn|p1b: Heatran|Helping Hand|[of] p1a: Farigiraf\n|move|p2b: Amoonguss|Protect|p2b: Amoonguss\n|-singleturn|p2b: Amoonguss|Protect\n|move|p2a: Politoed|Perish Song|p2a: Politoed\n|-start|p1b: Heatran|perish3|[silent]\n|-start|p2b: Amoonguss|perish3|[silent]\n|-fieldactivate|move: Perish Song\n|move|p1b: Heatran|Heat Wave|p2a: Politoed|[spread] \n|-activate|p2b: Amoonguss|move: Protect\n|-miss|p1b: Heatran|p2a: Politoed\n|\n|-weather|RainDance|[upkeep]\n|-start|p2b: Amoonguss|perish3\n|-start|p1a: Farigiraf|perish0\n|-start|p2a: Politoed|perish0\n|-start|p1b: Heatran|perish3\n|faint|p1a: Farigiraf\n|faint|p2a: Politoed\n|upkeep\n|inactive|RoyTan has 30 seconds left.\n|\n|t:|1700668155\n|switch|p1a: Iron Hands|Iron Hands, L50|100\/100\n|switch|p2a: Flutter Mane|Flutter Mane, L50, shiny|100\/100\n|turn|5\n|\n|t:|1700668182\n|move|p2b: Amoonguss|Spore|p1b: Heatran\n|-status|p1b: Heatran|slp|[from] move: Spore\n|move|p1a: Iron Hands|Wild Charge|p2a: Flutter Mane\n|-enditem|p2a: Flutter Mane|Focus Sash\n|-damage|p2a: Flutter Mane|1\/100\n|-damage|p1a: Iron Hands|88\/100|[from] Recoil\n|cant|p1b: Heatran|slp\n|move|p2a: Flutter Mane|Perish Song|p2a: Flutter Mane\n|-start|p1a: Iron Hands|perish3|[silent]\n|-start|p2a: Flutter Mane|perish3|[silent]\n|-fieldactivate|move: Perish Song\n|\n|-weather|none\n|-start|p2b: Amoonguss|perish2\n|-start|p1a: Iron Hands|perish3\n|-start|p1b: Heatran|perish2\n|-start|p2a: Flutter Mane|perish3\n|-fieldend|move: Trick Room\n|upkeep\n|turn|6\n|\n|t:|1700668203\n|move|p2a: Flutter Mane|Protect|p2a: Flutter Mane\n|-singleturn|p2a: Flutter Mane|Protect\n|-curestatus|p1b: Heatran|slp|[msg]\n|move|p1b: Heatran|Heat Wave|p2a: Flutter Mane|[spread] p2b\n|-activate|p2a: Flutter Mane|move: Protect\n|-supereffective|p2b: Amoonguss\n|-damage|p2b: Amoonguss|29\/100\n|move|p1a: Iron Hands|Volt Switch|p2a: Flutter Mane\n|-activate|p2a: Flutter Mane|move: Protect\n|move|p2b: Amoonguss|Spore|p1a: Iron Hands\n|-status|p1a: Iron Hands|slp|[from] move: Spore\n|\n|-start|p2a: Flutter Mane|perish2\n|-start|p1b: Heatran|perish1\n|-start|p1a: Iron Hands|perish2\n|-start|p2b: Amoonguss|perish1\n|upkeep\n|turn|7\n|inactive|RoyTan has 30 seconds left.\n|inactive|Bulba9933 has 30 seconds left.\n|\n|t:|1700668236\n|move|p2a: Flutter Mane|Protect|p2a: Flutter Mane\n|-singleturn|p2a: Flutter Mane|Protect\n|move|p2b: Amoonguss|Rage Powder|p2b: Amoonguss\n|-singleturn|p2b: Amoonguss|move: Rage Powder\n|move|p1b: Heatran|Heat Wave|p2b: Amoonguss|[spread] p2b\n|-activate|p2a: Flutter Mane|move: Protect\n|-supereffective|p2b: Amoonguss\n|-damage|p2b: Amoonguss|0 fnt\n|faint|p2b: Amoonguss\n|cant|p1a: Iron Hands|slp\n|\n|-start|p2a: Flutter Mane|perish1\n|-start|p1b: Heatran|perish0\n|-start|p1a: Iron Hands|perish1\n|faint|p1b: Heatran\n|upkeep\n|\n|t:|1700668250\n|switch|p2b: Gothitelle|Gothitelle, L50, F, shiny, tera:Water|12\/100\n|turn|8\n|\n|t:|1700668263\n|move|p2a: Flutter Mane|Protect||[still]\n|-fail|p2a: Flutter Mane\n|move|p2b: Gothitelle|Fake Out|p1a: Iron Hands\n|-damage|p1a: Iron Hands|84\/100 slp\n|-curestatus|p1a: Iron Hands|slp|[msg]\n|cant|p1a: Iron Hands|flinch\n|\n|-start|p2a: Flutter Mane|perish0\n|-start|p1a: Iron Hands|perish0\n|upkeep\n|faint|p2a: Flutter Mane\n|-end|p2a: Flutter Mane|Protosynthesis|[silent]\n|faint|p1a: Iron Hands\n|-end|p1a: Iron Hands|Quark Drive|[silent]\n|\n|win|Bulba9933\n|raw|RoyTan's rating: 1110 &rarr; <strong>1083<\/strong><br \/>(-27 for losing)\n|raw|Bulba9933's rating: 1088 &rarr; <strong>1116<\/strong><br \/>(+28 for winning)\n","uploadtime":1700668278,"views":10,"p1id":"roytan","p2id":"bulba9933","formatid":"gen9vgc2023regulatione","rating":1083,"private":0,"password":""}