{"id":"gen9vgc2023regulatione-1991143708","p1":"Cbutty","p2":"Mamaeat","format":"[Gen 9] VGC 2023 Regulation E","log":"|j|\u2606Cbutty\n|j|\u2606Mamaeat\n|t:|1700049517\n|gametype|doubles\n|player|p1|Cbutty|acetrainer|1110\n|player|p2|Mamaeat|2|1000\n|teamsize|p1|6\n|teamsize|p2|6\n|gen|9\n|tier|[Gen 9] VGC 2023 Regulation E\n|rated|\n|rule|Species Clause: Limit one of each Pok\u00e9mon\n|rule|Item Clause: Limit one of each item\n|clearpoke\n|poke|p1|Chi-Yu, L50|\n|poke|p1|Flutter Mane, L50|\n|poke|p1|Iron Bundle, L50|\n|poke|p1|Iron Hands, L50|\n|poke|p1|Landorus-Therian, L50, M|\n|poke|p1|Amoonguss, L50, M|\n|poke|p2|Dragapult, L50, M|\n|poke|p2|Salamence, L50, M|\n|poke|p2|Politoed, L50, F|\n|poke|p2|Gothitelle, L50, F|\n|poke|p2|Grimmsnarl, L50, M|\n|poke|p2|Ogerpon-Hearthflame, L50, F|\n|teampreview|4\n|inactive|Battle timer is ON: inactive players will automatically lose when time's up. (requested by Cbutty)\nCbutty has agreed to open team sheets.\n|\n|t:|1700049540\n|start\n|switch|p1a: Chi-Yu|Chi-Yu, L50|100\/100\n|switch|p1b: Landorus|Landorus-Therian, L50, M|100\/100\n|switch|p2a: Dragapult|Dragapult, L50, M|100\/100\n|switch|p2b: Yoshi|Salamence, L50, M, shiny|100\/100\n|-ability|p2b: Yoshi|Intimidate|boost\n|-unboost|p1a: Chi-Yu|atk|1\n|-unboost|p1b: Landorus|atk|1\n|-ability|p1b: Landorus|Intimidate|boost\n|-fail|p2a: Dragapult|unboost|[from] ability: Clear Body|[of] p2a: Dragapult\n|-unboost|p2b: Yoshi|atk|1\n|-ability|p1a: Chi-Yu|Beads of Ruin\n|turn|1\n|\n|t:|1700049557\n|move|p2a: Dragapult|Protect|p2a: Dragapult\n|-singleturn|p2a: Dragapult|Protect\n|move|p2b: Yoshi|Bulldoze|p1b: Landorus|[spread] p1a\n|-activate|p2a: Dragapult|move: Protect\n|-immune|p1b: Landorus\n|-supereffective|p1a: Chi-Yu\n|-damage|p1a: Chi-Yu|82\/100\n|-unboost|p1a: Chi-Yu|spe|1\n|move|p1b: Landorus|Rock Slide|p2b: Yoshi|[spread] p2b\n|-activate|p2a: Dragapult|move: Protect\n|-supereffective|p2b: Yoshi\n|-damage|p2b: Yoshi|62\/100\n|move|p1a: Chi-Yu|Nasty Plot|p1a: Chi-Yu\n|-boost|p1a: Chi-Yu|spa|2\n|\n|-heal|p1a: Chi-Yu|88\/100|[from] item: Leftovers\n|upkeep\n|turn|2\n|inactive|Cbutty has 30 seconds left.\n|inactive|Mamaeat has 30 seconds left.\n|c|\u2606Cbutty|Is that Tera Steel weakness policy Pult\n|inactive|Cbutty has 20 seconds left.\n|inactive|Cbutty has 15 seconds left.\n|\n|t:|1700049598\n|-terastallize|p2a: Dragapult|Steel\n|move|p2b: Yoshi|Bulldoze|p1a: Chi-Yu|[spread] p2a,p1a\n|-immune|p1b: Landorus\n|-supereffective|p2a: Dragapult\n|-supereffective|p1a: Chi-Yu\n|-damage|p2a: Dragapult|81\/100\n|-damage|p1a: Chi-Yu|70\/100\n|-unboost|p1a: Chi-Yu|spe|1\n|-enditem|p2a: Dragapult|Weakness Policy\n|-boost|p2a: Dragapult|atk|2|[from] item: Weakness Policy\n|-boost|p2a: Dragapult|spa|2|[from] item: Weakness Policy\n|move|p1b: Landorus|Rock Slide|p2a: Dragapult|[spread] p2a\n|-miss|p1b: Landorus|p2b: Yoshi\n|-resisted|p2a: Dragapult\n|-damage|p2a: Dragapult|72\/100\n|move|p2a: Dragapult|Phantom Force||[still]\n|-prepare|p2a: Dragapult|Phantom Force\n|move|p1a: Chi-Yu|Heat Wave|p2a: Dragapult|[spread] \n|-miss|p1a: Chi-Yu|p2a: Dragapult\n|-miss|p1a: Chi-Yu|p2b: Yoshi\n|\n|-heal|p1a: Chi-Yu|76\/100|[from] item: Leftovers\n|upkeep\n|turn|3\n|c|\u2606Cbutty|I KNEW IT\n|inactive|Mamaeat has 30 seconds left.\n|\n|t:|1700049624\n|switch|p2b: Politoed|Politoed, L50, F|100\/100\n|-weather|RainDance|[from] ability: Drizzle|[of] p2b: Politoed\n|switch|p1b: Iron Hands|Iron Hands, L50|100\/100\n|move|p2a: Dragapult|Phantom Force|p1b: Iron Hands|[from]lockedmove\n|-damage|p1b: Iron Hands|43\/100\n|move|p1a: Chi-Yu|Heat Wave|p2a: Dragapult|[spread] p2a,p2b\n|-supereffective|p2a: Dragapult\n|-resisted|p2b: Politoed\n|-damage|p2a: Dragapult|0 fnt\n|-damage|p2b: Politoed|81\/100\n|faint|p2a: Dragapult\n|\n|-weather|RainDance|[upkeep]\n|-heal|p1a: Chi-Yu|82\/100|[from] item: Leftovers\n|upkeep\n|\n|t:|1700049637\n|switch|p2a: Yoshi|Salamence, L50, M, shiny|62\/100\n|-ability|p2a: Yoshi|Intimidate|boost\n|-unboost|p1a: Chi-Yu|atk|1\n|-unboost|p1b: Iron Hands|atk|1\n|turn|4\n|\n|t:|1700049647\n|move|p1b: Iron Hands|Fake Out|p2b: Politoed\n|-damage|p2b: Politoed|73\/100\n|move|p2a: Yoshi|Hurricane|p1a: Chi-Yu\n|-damage|p1a: Chi-Yu|33\/100\n|cant|p2b: Politoed|flinch\n|move|p1a: Chi-Yu|Dark Pulse|p2a: Yoshi\n|-damage|p2a: Yoshi|0 fnt\n|faint|p2a: Yoshi\n|\n|-weather|RainDance|[upkeep]\n|-heal|p1a: Chi-Yu|39\/100|[from] item: Leftovers\n|upkeep\n|\n|t:|1700049656\n|switch|p2a: Ogerpon|Ogerpon-Hearthflame, L50, F|100\/100\n|-ability|p2a: Ogerpon|Mold Breaker\n|turn|5\n|\n|t:|1700049663\n|-end|p1b: Iron Hands|Quark Drive|[silent]\n|switch|p1b: Landorus|Landorus-Therian, L50, M|100\/100\n|-ability|p1b: Landorus|Intimidate|boost\n|-unboost|p2a: Ogerpon|atk|1\n|-unboost|p2b: Politoed|atk|1\n|move|p2a: Ogerpon|Protect|p2a: Ogerpon\n|-singleturn|p2a: Ogerpon|Protect\n|move|p1a: Chi-Yu|Protect|p1a: Chi-Yu\n|-singleturn|p1a: Chi-Yu|Protect\n|move|p2b: Politoed|Perish Song|p2b: Politoed\n|-start|p1a: Chi-Yu|perish3|[silent]\n|-start|p1b: Landorus|perish3|[silent]\n|-start|p2a: Ogerpon|perish3|[silent]\n|-start|p2b: Politoed|perish3|[silent]\n|-fieldactivate|move: Perish Song\n|\n|-weather|RainDance|[upkeep]\n|-heal|p1a: Chi-Yu|46\/100|[from] item: Leftovers\n|-start|p1b: Landorus|perish3\n|-start|p2a: Ogerpon|perish3\n|-start|p2b: Politoed|perish3\n|-start|p1a: Chi-Yu|perish3\n|upkeep\n|turn|6\n|\n|t:|1700049677\n|move|p1b: Landorus|Rock Slide|p2a: Ogerpon|[spread] p2a,p2b\n|-supereffective|p2a: Ogerpon\n|-damage|p2a: Ogerpon|48\/100\n|-damage|p2b: Politoed|54\/100\n|move|p2a: Ogerpon|Power Whip|p1b: Landorus\n|-damage|p1b: Landorus|51\/100\n|move|p2b: Politoed|Muddy Water|p1b: Landorus|[spread] p1b\n|-miss|p2b: Politoed|p1a: Chi-Yu\n|-supereffective|p1b: Landorus\n|-damage|p1b: Landorus|0 fnt\n|faint|p1b: Landorus\n|move|p1a: Chi-Yu|Dark Pulse|p2a: Ogerpon\n|-damage|p2a: Ogerpon|0 fnt\n|faint|p2a: Ogerpon\n|\n|-weather|RainDance|[upkeep]\n|-heal|p1a: Chi-Yu|52\/100|[from] item: Leftovers\n|-start|p2b: Politoed|perish2\n|-start|p1a: Chi-Yu|perish2\n|upkeep\n|\n|t:|1700049687\n|switch|p1b: Iron Hands|Iron Hands, L50|43\/100\n|turn|7\n|-message|Mamaeat forfeited.\n|\n|win|Cbutty\n|raw|Cbutty's rating: 1110 &rarr; <strong>1127<\/strong><br \/>(+17 for winning)\n|raw|Mamaeat's rating: 1000 &rarr; <strong>1000<\/strong><br \/>(+0 for losing)\n|l|\u2606Mamaeat\n","uploadtime":1700049703,"views":10,"p1id":"cbutty","p2id":"mamaeat","formatid":"gen9vgc2023regulatione","rating":1000,"private":0,"password":""}