{"id":"gen9vgc2023regulatione-2000108884","p1":"asianbabygirl53","p2":"cressuna","format":"[Gen 9] VGC 2023 Regulation E","log":"|j|\u2606asianbabygirl53\n|j|\u203dcressuna\n|t:|1701156415\n|gametype|doubles\n|player|p1|asianbabygirl53|rosa|1159\n|player|p2|cressuna|pokemonranger-gen4|1210\n|teamsize|p1|6\n|teamsize|p2|6\n|gen|9\n|tier|[Gen 9] VGC 2023 Regulation E\n|rated|\n|rule|Species Clause: Limit one of each Pok\u00e9mon\n|rule|Item Clause: Limit one of each item\n|clearpoke\n|poke|p1|Iron Hands, L50|\n|poke|p1|Landorus-Therian, L50, M|\n|poke|p1|Sinistcha, L50|\n|poke|p1|Grimmsnarl, L50, M|\n|poke|p1|Goodra-Hisui, L50, M|\n|poke|p1|Toxapex, L50, F|\n|poke|p2|Ursaluna, L50, F|\n|poke|p2|Cresselia, L50, F|\n|poke|p2|Indeedee-F, L50, F|\n|poke|p2|Armarouge, L50, F|\n|poke|p2|Lilligant-Hisui, L50, F|\n|poke|p2|Torkoal, L50, M|\n|teampreview|4\n|inactive|Battle timer is ON: inactive players will automatically lose when time's up. (requested by cressuna)\n|inactive|cressuna has 60 seconds left.\n|\n|t:|1701156459\n|start\n|switch|p1a: Grimmsnarl|Grimmsnarl, L50, M|100\/100\n|switch|p1b: Goodra|Goodra-Hisui, L50, M|100\/100\n|switch|p2a: Lilligant|Lilligant-Hisui, L50, F, shiny|100\/100\n|switch|p2b: Torkoal|Torkoal, L50, M|100\/100\n|-weather|SunnyDay|[from] ability: Drought|[of] p2b: Torkoal\n|turn|1\n|\n|t:|1701156478\n|-terastallize|p1b: Goodra|Water\n|move|p1a: Grimmsnarl|Light Screen|p1a: Grimmsnarl\n|-sidestart|p1: asianbabygirl53|move: Light Screen\n|move|p2a: Lilligant|Sleep Powder|p1b: Goodra\n|-ability|p1b: Goodra|Sap Sipper|boost\n|-boost|p1b: Goodra|atk|1\n|move|p1b: Goodra|Shelter|p1b: Goodra\n|-boost|p1b: Goodra|def|2\n|move|p2b: Torkoal|Earth Power|p1b: Goodra\n|-damage|p1b: Goodra|88\/100\n|-unboost|p1b: Goodra|spd|1\n|\n|-weather|SunnyDay|[upkeep]\n|-heal|p1b: Goodra|94\/100|[from] item: Leftovers\n|upkeep\n|turn|2\n|inactive|cressuna has 30 seconds left.\n|\n|t:|1701156511\n|-terastallize|p2b: Torkoal|Fire\n|move|p2a: Lilligant|After You|p2b: Torkoal\n|-activate|p2b: Torkoal|move: After You\n|move|p2b: Torkoal|Eruption|p1a: Grimmsnarl|[spread] p1a,p1b\n|-resisted|p1b: Goodra\n|-damage|p1a: Grimmsnarl|27\/100\n|-damage|p1b: Goodra|52\/100\n|move|p1b: Goodra|Body Press|p2b: Torkoal\n|-crit|p2b: Torkoal\n|-damage|p2b: Torkoal|31\/100\n|move|p1a: Grimmsnarl|Spirit Break|p2a: Lilligant\n|-supereffective|p2a: Lilligant\n|-damage|p2a: Lilligant|8\/100\n|-unboost|p2a: Lilligant|spa|1\n|\n|-weather|SunnyDay|[upkeep]\n|-heal|p1b: Goodra|58\/100|[from] item: Leftovers\n|upkeep\n|turn|3\n|inactive|cressuna has 30 seconds left.\n|\n|t:|1701156538\n|move|p2b: Torkoal|Protect|p2b: Torkoal\n|-singleturn|p2b: Torkoal|Protect\n|move|p1a: Grimmsnarl|Taunt|p2a: Lilligant\n|-start|p2a: Lilligant|move: Taunt\n|move|p2a: Lilligant|Close Combat|p1b: Goodra\n|-damage|p1b: Goodra|39\/100\n|-unboost|p2a: Lilligant|def|1\n|-unboost|p2a: Lilligant|spd|1\n|move|p1b: Goodra|Body Press|p2b: Torkoal\n|-activate|p2b: Torkoal|move: Protect\n|\n|-weather|SunnyDay|[upkeep]\n|-heal|p1b: Goodra|45\/100|[from] item: Leftovers\n|upkeep\n|turn|4\n|\n|t:|1701156562\n|move|p2a: Lilligant|Close Combat|p1b: Goodra\n|-damage|p1b: Goodra|26\/100\n|-unboost|p2a: Lilligant|def|1\n|-unboost|p2a: Lilligant|spd|1\n|move|p1b: Goodra|Body Press|p2b: Torkoal\n|-crit|p2b: Torkoal\n|-damage|p2b: Torkoal|0 fnt\n|faint|p2b: Torkoal\n|move|p1a: Grimmsnarl|Spirit Break|p2a: Lilligant\n|-supereffective|p2a: Lilligant\n|-damage|p2a: Lilligant|0 fnt\n|faint|p2a: Lilligant\n|\n|-weather|SunnyDay|[upkeep]\n|-heal|p1b: Goodra|32\/100|[from] item: Leftovers\n|upkeep\n|\n|t:|1701156576\n|switch|p2a: Ursaluna|Ursaluna, L50, F|100\/100\n|switch|p2b: Cresselia|Cresselia, L50, F|100\/100\n|turn|5\n|\n|t:|1701156597\n|move|p2a: Ursaluna|Protect|p2a: Ursaluna\n|-singleturn|p2a: Ursaluna|Protect\n|move|p1a: Grimmsnarl|Taunt|p2b: Cresselia\n|-start|p2b: Cresselia|move: Taunt\n|-enditem|p2b: Cresselia|Mental Herb\n|-end|p2b: Cresselia|move: Taunt\n|move|p1b: Goodra|Life Dew|p1b: Goodra|[spread] p1a,p1b\n|-heal|p1a: Grimmsnarl|52\/100\n|-heal|p1b: Goodra|57\/100\n|move|p2b: Cresselia|Trick Room|p2b: Cresselia\n|-fieldstart|move: Trick Room|[of] p2b: Cresselia\n|\n|-weather|none\n|-heal|p1b: Goodra|63\/100|[from] item: Leftovers\n|-sideend|p1: asianbabygirl53|move: Light Screen\n|-status|p2a: Ursaluna|brn|[from] item: Flame Orb\n|upkeep\n|turn|6\n|\n|t:|1701156621\n|move|p2b: Cresselia|Ally Switch|p2b: Cresselia\n|swap|p2b: Cresselia|0|[from] move: Ally Switch\n|move|p1a: Grimmsnarl|Light Screen|p1a: Grimmsnarl\n|-sidestart|p1: asianbabygirl53|move: Light Screen\n|move|p2b: Ursaluna|Swords Dance|p2b: Ursaluna\n|-boost|p2b: Ursaluna|atk|2\n|move|p1b: Goodra|Life Dew|p1b: Goodra|[spread] p1a,p1b\n|-heal|p1a: Grimmsnarl|78\/100\n|-heal|p1b: Goodra|88\/100\n|\n|-heal|p1b: Goodra|94\/100|[from] item: Leftovers\n|-damage|p2b: Ursaluna|94\/100 brn|[from] brn\n|upkeep\n|turn|7\n|\n|t:|1701156642\n|move|p1a: Grimmsnarl|Taunt|p2b: Ursaluna\n|-start|p2b: Ursaluna|move: Taunt\n|move|p2b: Ursaluna|Facade|p1b: Goodra\n|-damage|p1b: Goodra|8\/100\n|move|p1b: Goodra|Body Press|p2b: Ursaluna\n|-supereffective|p2b: Ursaluna\n|-damage|p2b: Ursaluna|24\/100 brn\n|move|p2a: Cresselia|Lunar Blessing|p2a: Cresselia|[spread] p2a,p2b\n|-heal|p2b: Ursaluna|49\/100 brn\n|-curestatus|p2b: Ursaluna|brn|[msg]\n|\n|-heal|p1b: Goodra|14\/100|[from] item: Leftovers\n|-status|p2b: Ursaluna|brn|[from] item: Flame Orb\n|upkeep\n|turn|8\n|inactive|asianbabygirl53 has 30 seconds left.\n|\n|t:|1701156668\n|move|p1a: Grimmsnarl|Parting Shot|p2b: Ursaluna\n|-unboost|p2b: Ursaluna|atk|1\n|-unboost|p2b: Ursaluna|spa|1\n|\n|t:|1701156672\n|switch|p1a: Toxapex|Toxapex, L50, F|100\/100|[from] Parting Shot\n|move|p2b: Ursaluna|Earthquake|p1a: Toxapex|[spread] p1a,p1b\n|-immune|p2a: Cresselia|[from] ability: Levitate\n|-supereffective|p1a: Toxapex\n|-damage|p1a: Toxapex|0 fnt\n|-damage|p1b: Goodra|0 fnt\n|faint|p1a: Toxapex\n|faint|p1b: Goodra\n|move|p2a: Cresselia|Lunar Blessing|p2a: Cresselia|[spread] p2a,p2b\n|-heal|p2b: Ursaluna|74\/100 brn\n|-curestatus|p2b: Ursaluna|brn|[msg]\n|\n|-status|p2b: Ursaluna|brn|[from] item: Flame Orb\n|upkeep\n|\n|t:|1701156686\n|switch|p1a: Grimmsnarl|Grimmsnarl, L50, M|78\/100\n|switch|p1b: Landorus|Landorus-Therian, L50, M|100\/100\n|-ability|p1b: Landorus|Intimidate|boost\n|-unboost|p2a: Cresselia|atk|1\n|-unboost|p2b: Ursaluna|atk|1\n|turn|9\n|\n|t:|1701156703\n|move|p2a: Cresselia|Ally Switch|p2a: Cresselia\n|swap|p2a: Cresselia|1|[from] move: Ally Switch\n|move|p1a: Grimmsnarl|Taunt||[still]\n|-fail|p1a: Grimmsnarl\n|move|p2a: Ursaluna|Facade|p1b: Landorus\n|-damage|p1b: Landorus|0 fnt\n|faint|p1b: Landorus\n|\n|-damage|p2a: Ursaluna|68\/100 brn|[from] brn\n|-end|p2a: Ursaluna|move: Taunt\n|-fieldend|move: Trick Room\n|upkeep\n|turn|10\n|-message|asianbabygirl53 forfeited.\n|\n|win|cressuna\n|raw|asianbabygirl53's rating: 1159 &rarr; <strong>1138<\/strong><br \/>(-21 for losing)\n|raw|cressuna's rating: 1210 &rarr; <strong>1231<\/strong><br \/>(+21 for winning)\n|l|\u2606asianbabygirl53\n|l|\u203dcressuna\n","uploadtime":1701157075,"views":3,"p1id":"asianbabygirl53","p2id":"cressuna","formatid":"gen9vgc2023regulatione","rating":1138,"private":0,"password":""}