{"id":"gen9vgc2023regulatione-1991568734","p1":"Greed_escarlata","p2":"Bubbles303","format":"[Gen 9] VGC 2023 Regulation E","log":"|j|\u2606Greed_escarlata\n|j|\u2606Bubbles303\n|t:|1700089317\n|gametype|doubles\n|player|p1|Greed_escarlata|shadowtriad|1073\n|player|p2|Bubbles303|blackbelt-gen4dp|1052\n|teamsize|p1|6\n|teamsize|p2|6\n|gen|9\n|tier|[Gen 9] VGC 2023 Regulation E\n|rated|\n|rule|Species Clause: Limit one of each Pok\u00e9mon\n|rule|Item Clause: Limit one of each item\n|clearpoke\n|poke|p1|Dudunsparce-*, L50, M|\n|poke|p1|Flutter Mane, L50|\n|poke|p1|Zoroark-Hisui, L50, F|\n|poke|p1|Ogerpon-Hearthflame, L50, F|\n|poke|p1|Goodra-Hisui, L50, M|\n|poke|p1|Urshifu-*, L50, F|\n|poke|p2|Tornadus, L50, M|\n|poke|p2|Arcanine-Hisui, L50, F|\n|poke|p2|Iron Hands, L50|\n|poke|p2|Gholdengo, L50|\n|poke|p2|Urshifu-*, L50, M|\n|poke|p2|Ogerpon-Wellspring, L50, F|\n|teampreview|4\n|inactive|Battle timer is ON: inactive players will automatically lose when time's up. (requested by Bubbles303)\n|inactive|Greed_escarlata has 60 seconds left.\nBubbles303 rejected open team sheets.\n|inactive|Greed_escarlata has 30 seconds left.\n|\n|t:|1700089378\n|start\n|switch|p1a: Flutter Mane|Flutter Mane, L50|100\/100\n|switch|p1b: balance all|Ogerpon-Hearthflame, L50, F|100\/100\n|switch|p2a: Ogerpon|Ogerpon-Wellspring, L50, F|100\/100\n|switch|p2b: Gholdengo|Gholdengo, L50|100\/100\n|-ability|p1b: balance all|Mold Breaker\n|turn|1\n|\n|t:|1700089396\n|move|p1b: balance all|Spiky Shield|p1b: balance all\n|-singleturn|p1b: balance all|move: Protect\n|move|p2a: Ogerpon|Follow Me|p2a: Ogerpon\n|-singleturn|p2a: Ogerpon|move: Follow Me\n|move|p1a: Flutter Mane|Shadow Ball|p2a: Ogerpon\n|-damage|p2a: Ogerpon|40\/100\n|move|p2b: Gholdengo|Make It Rain|p1a: Flutter Mane|[spread] p1a\n|-activate|p1b: balance all|move: Protect\n|-supereffective|p1a: Flutter Mane\n|-damage|p1a: Flutter Mane|21\/100\n|-unboost|p2b: Gholdengo|spa|1\n|\n|upkeep\n|turn|2\n|\n|t:|1700089418\n|-terastallize|p2b: Gholdengo|Dragon\n|move|p2a: Ogerpon|Spiky Shield|p2a: Ogerpon\n|-singleturn|p2a: Ogerpon|move: Protect\n|move|p1a: Flutter Mane|Shadow Ball|p2a: Ogerpon\n|-activate|p2a: Ogerpon|move: Protect\n|move|p1b: balance all|Ivy Cudgel|p2b: Gholdengo|[anim] Ivy Cudgel Fire\n|-resisted|p2b: Gholdengo\n|-damage|p2b: Gholdengo|79\/100\n|move|p2b: Gholdengo|Nasty Plot|p2b: Gholdengo\n|-boost|p2b: Gholdengo|spa|2\n|\n|-heal|p2b: Gholdengo|85\/100|[from] item: Leftovers\n|upkeep\n|turn|3\n|inactive|Bubbles303 has 30 seconds left.\n|\n|t:|1700089450\n|-end|p1a: Flutter Mane|Protosynthesis|[silent]\n|switch|p1a: Dudunsparce|Dudunsparce-Three-Segment, L50, M|100\/100\n|move|p1b: balance all|Horn Leech|p2a: Ogerpon\n|-damage|p2a: Ogerpon|0 fnt\n|faint|p2a: Ogerpon\n|move|p2b: Gholdengo|Shadow Ball|p1a: Dudunsparce\n|-immune|p1a: Dudunsparce\n|\n|-heal|p2b: Gholdengo|92\/100|[from] item: Leftovers\n|upkeep\n|\n|t:|1700089461\n|switch|p2a: Urshifu|Urshifu-Rapid-Strike, L50, M|100\/100\n|turn|4\n|\n|t:|1700089478\n|switch|p1b: Urshifu|Urshifu, L50, F|100\/100\n|move|p2a: Urshifu|Surging Strikes|p1b: Urshifu\n|-crit|p1b: Urshifu\n|-damage|p1b: Urshifu|81\/100\n|-crit|p1b: Urshifu\n|-damage|p1b: Urshifu|58\/100\n|-crit|p1b: Urshifu\n|-damage|p1b: Urshifu|38\/100\n|-hitcount|p1b: Urshifu|3\n|move|p2b: Gholdengo|Make It Rain|p1a: Dudunsparce|[spread] p1a,p1b\n|-damage|p1a: Dudunsparce|48\/100\n|-damage|p1b: Urshifu|0 fnt\n|-unboost|p2b: Gholdengo|spa|1\n|faint|p1b: Urshifu\n|move|p1a: Dudunsparce|Tailwind|p1a: Dudunsparce\n|-sidestart|p1: Greed_escarlata|move: Tailwind\n|\n|-heal|p2b: Gholdengo|98\/100|[from] item: Leftovers\n|upkeep\n|\n|t:|1700089502\n|switch|p1b: balance all|Ogerpon-Hearthflame, L50, F|100\/100\n|-ability|p1b: balance all|Mold Breaker\n|turn|5\n|\n|t:|1700089521\n|switch|p2a: Iron Hands|Iron Hands, L50, shiny|100\/100\n|move|p2b: Gholdengo|Protect|p2b: Gholdengo\n|-singleturn|p2b: Gholdengo|Protect\n|move|p1b: balance all|Horn Leech|p2a: Iron Hands\n|-damage|p2a: Iron Hands|76\/100\n|move|p1a: Dudunsparce|Rock Slide|p2a: Iron Hands|[spread] p2a\n|-activate|p2b: Gholdengo|move: Protect\n|-resisted|p2a: Iron Hands\n|-damage|p2a: Iron Hands|72\/100\n|\n|-heal|p2b: Gholdengo|100\/100|[from] item: Leftovers\n|upkeep\n|turn|6\n|inactive|Greed_escarlata has 30 seconds left.\n|inactive|Bubbles303 has 30 seconds left.\n|\n|t:|1700089547\n|switch|p2b: Urshifu|Urshifu-Rapid-Strike, L50, M|100\/100\n|move|p1b: balance all|Focus Energy|p1b: balance all\n|-start|p1b: balance all|move: Focus Energy\n|move|p1a: Dudunsparce|Rock Slide|p2a: Iron Hands|[spread] p2a,p2b\n|-resisted|p2a: Iron Hands\n|-resisted|p2b: Urshifu\n|-damage|p2a: Iron Hands|68\/100\n|-damage|p2b: Urshifu|94\/100\n|cant|p2a: Iron Hands|flinch\n|\n|upkeep\n|turn|7\n|inactive|Greed_escarlata has 30 seconds left.\n|inactive|Bubbles303 has 30 seconds left.\n|\n|t:|1700089574\n|move|p1b: balance all|Ivy Cudgel|p2a: Iron Hands|[anim] Ivy Cudgel Fire\n|-crit|p2a: Iron Hands\n|-damage|p2a: Iron Hands|18\/100\n|move|p2b: Urshifu|U-turn|p1a: Dudunsparce\n|-damage|p1a: Dudunsparce|27\/100\n|\n|t:|1700089579\n|switch|p2b: Gholdengo|Gholdengo, L50, tera:Dragon|100\/100|[from] U-turn\n|move|p1a: Dudunsparce|Body Slam|p2b: Gholdengo\n|-damage|p2b: Gholdengo|77\/100\n|-status|p2b: Gholdengo|par\n|move|p2a: Iron Hands|Drain Punch|p1b: balance all\n|-damage|p1b: balance all|55\/100\n|-heal|p2a: Iron Hands|34\/100|[from] drain|[of] p1b: balance all\n|\n|-heal|p2b: Gholdengo|83\/100 par|[from] item: Leftovers\n|-sideend|p1: Greed_escarlata|move: Tailwind\n|upkeep\n|turn|8\n|\n|t:|1700089599\n|-end|p2a: Iron Hands|Quark Drive|[silent]\n|switch|p2a: Urshifu|Urshifu-Rapid-Strike, L50, M|94\/100\n|move|p1b: balance all|Spiky Shield|p1b: balance all\n|-singleturn|p1b: balance all|move: Protect\n|move|p1a: Dudunsparce|Tailwind|p1a: Dudunsparce\n|-sidestart|p1: Greed_escarlata|move: Tailwind\n|move|p2b: Gholdengo|Make It Rain|p1b: balance all|[spread] p1a\n|-activate|p1b: balance all|move: Protect\n|-damage|p1a: Dudunsparce|0 fnt\n|-unboost|p2b: Gholdengo|spa|1\n|faint|p1a: Dudunsparce\n|\n|-heal|p2b: Gholdengo|89\/100 par|[from] item: Leftovers\n|upkeep\n|\n|t:|1700089613\n|switch|p1a: Flutter Mane|Flutter Mane, L50|21\/100\n|turn|9\n|\n|t:|1700089637\n|cant|p2b: Gholdengo|par\n|move|p1a: Flutter Mane|Dazzling Gleam|p2a: Urshifu|[spread] p2a,p2b\n|-supereffective|p2a: Urshifu\n|-supereffective|p2b: Gholdengo\n|-damage|p2a: Urshifu|0 fnt\n|-damage|p2b: Gholdengo|0 fnt\n|faint|p2a: Urshifu\n|faint|p2b: Gholdengo\n|move|p1b: balance all|Horn Leech|p2: Urshifu|[notarget]\n|-fail|p1b: balance all\n|\n|upkeep\n|-message|Bubbles303 forfeited.\n|\n|win|Greed_escarlata\n|raw|Greed_escarlata's rating: 1073 &rarr; <strong>1100<\/strong><br \/>(+27 for winning)\n|raw|Bubbles303's rating: 1052 &rarr; <strong>1035<\/strong><br \/>(-17 for losing)\n|l|\u2606Bubbles303\n","uploadtime":1700089656,"views":12,"p1id":"greedescarlata","p2id":"bubbles303","formatid":"gen9vgc2023regulatione","rating":1035,"private":0,"password":""}