{"id":"gen9vgc2023regulatione-1990305278","p1":"Choruto","p2":"loveblu2","format":"[Gen 9] VGC 2023 Regulation E","log":"|j|\u2606Choruto\n|j|\u2606loveblu2\n|t:|1699953958\n|gametype|doubles\n|player|p1|Choruto|fisherman|\n|player|p2|loveblu2|boarder|\n|teamsize|p1|6\n|teamsize|p2|6\n|gen|9\n|tier|[Gen 9] VGC 2023 Regulation E\n|rated|Tournament battle\n|rule|Species Clause: Limit one of each Pok\u00e9mon\n|rule|Item Clause: Limit one of each item\n|clearpoke\n|poke|p1|Farigiraf, L50, F|\n|poke|p1|Sylveon, L50, F|\n|poke|p1|Arcanine-Hisui, L50, M|\n|poke|p1|Urshifu-*, L50, M|\n|poke|p1|Rillaboom, L50, M|\n|poke|p1|Tornadus, L50, M|\n|poke|p2|Meowscarada, L50, M|\n|poke|p2|Thundurus, L50, M|\n|poke|p2|Ogerpon-Wellspring, L50, F|\n|poke|p2|Arcanine-Hisui, L50, F|\n|poke|p2|Flutter Mane, L50|\n|poke|p2|Gholdengo, L50|\n|teampreview|4\n|showteam|p1|Farigiraf||SitrusBerry|ArmorTail|Psychic,HyperVoice,TrickRoom,Imprison|||F|||50|,,,,,Fairy]Sylveon||ChoiceSpecs|Pixilate|HyperVoice,Moonblast,QuickAttack,HyperBeam|||F|||50|,,,,,Fairy]Arcanine-Hisui||ChoiceBand|Intimidate|FlareBlitz,RockSlide,TeraBlast,ExtremeSpeed|||M|||50|,,,,,Fairy]Urshifu-Rapid-Strike||ChoiceScarf|UnseenFist|SurgingStrikes,CloseCombat,AquaJet,Uturn|||M|||50|,,,,,Water]Rillaboom||AssaultVest|GrassySurge|WoodHammer,HighHorsepower,GrassyGlide,FakeOut|||M|||50|,,,,,Water]Tornadus||SkyPlate|Prankster|BleakwindStorm,Tailwind,Taunt,RainDance|||M|||50|,,,,,Flying\n|showteam|p2|Meowscarada||FocusSash|Overgrow|KnockOff,FlowerTrick,FakeTears,Protect|||M|||50|,,,,,Grass]Thundurus||CovertCloak|Prankster|Leer,ThunderWave,WildboltStorm,Taunt|||M|||50|,,,,,Poison]Ogerpon-Wellspring||WellspringMask|WaterAbsorb|SpikyShield,IvyCudgel,PowerWhip,FollowMe|||F|||50|,,,,,Water]Arcanine-Hisui||ChoiceBand|Intimidate|ExtremeSpeed,FlareBlitz,HeadSmash,RockSlide|||F|||50|,,,,,Grass]Flutter Mane||ChoiceSpecs|Protosynthesis|DazzlingGleam,Moonblast,ShadowBall,IcyWind||||||50|,,,,,Fairy]Gholdengo||Leftovers|GoodasGold|MakeItRain,NastyPlot,ShadowBall,Protect||||||50|,,,,,Dragon\n|j| fyfyyalt1\n|\n|t:|1699954019\n|start\n|switch|p1a: Typhoon|Tornadus, L50, M, shiny|100\/100\n|switch|p1b: Napoleon|Urshifu-Rapid-Strike, L50, M|100\/100\n|switch|p2a: Ogerpon|Ogerpon-Wellspring, L50, F|100\/100\n|switch|p2b: Thundurus|Thundurus, L50, M|100\/100\n|turn|1\n|\n|t:|1699954037\n|move|p2a: Ogerpon|Spiky Shield|p2a: Ogerpon\n|-singleturn|p2a: Ogerpon|move: Protect\n|move|p1a: Typhoon|Tailwind|p1a: Typhoon\n|-sidestart|p1: Choruto|move: Tailwind\n|move|p1b: Napoleon|U-turn|p2a: Ogerpon\n|-supereffective|p2a: Ogerpon\n|-damage|p2a: Ogerpon|38\/100\n|\n|t:|1699954068\n|switch|p1b: Angel|Sylveon, L50, F, shiny|100\/100|[from] U-turn\n|move|p2b: Thundurus|Wildbolt Storm|p1a: Typhoon|[spread] p1a,p1b\n|-supereffective|p1a: Typhoon\n|-damage|p1a: Typhoon|24\/100\n|-damage|p1b: Angel|79\/100\n|\n|upkeep\n|turn|2\n|\n|t:|1699954083\n|switch|p2a: Gholdengo|Gholdengo, L50|100\/100\n|-terastallize|p1b: Angel|Fairy\n|move|p1a: Typhoon|Taunt|p2b: Thundurus\n|-start|p2b: Thundurus|move: Taunt\n|move|p2b: Thundurus|Wildbolt Storm|p1a: Typhoon|[spread] p1a,p1b\n|-supereffective|p1a: Typhoon\n|-damage|p1a: Typhoon|0 fnt\n|-damage|p1b: Angel|58\/100\n|faint|p1a: Typhoon\n|move|p1b: Angel|Hyper Voice|p2b: Thundurus|[spread] p2a,p2b\n|-resisted|p2a: Gholdengo\n|-damage|p2a: Gholdengo|65\/100\n|-damage|p2b: Thundurus|22\/100\n|\n|-heal|p2a: Gholdengo|72\/100|[from] item: Leftovers\n|upkeep\n|\n|t:|1699954104\n|switch|p1a: Rush|Arcanine-Hisui, L50, M, shiny|100\/100\n|-ability|p1a: Rush|Intimidate|boost\n|-unboost|p2a: Gholdengo|atk|1\n|-unboost|p2b: Thundurus|atk|1\n|turn|3\n|\n|t:|1699954127\n|switch|p2b: Arcanine|Arcanine-Hisui, L50, F|100\/100\n|-ability|p2b: Arcanine|Intimidate|boost\n|-unboost|p1a: Rush|atk|1\n|-unboost|p1b: Angel|atk|1\n|move|p2a: Gholdengo|Protect|p2a: Gholdengo\n|-singleturn|p2a: Gholdengo|Protect\n|move|p1a: Rush|Flare Blitz|p2a: Gholdengo\n|-activate|p2a: Gholdengo|move: Protect\n|move|p1b: Angel|Hyper Voice|p2a: Gholdengo|[spread] p2b\n|-activate|p2a: Gholdengo|move: Protect\n|-resisted|p2b: Arcanine\n|-damage|p2b: Arcanine|53\/100\n|\n|-heal|p2a: Gholdengo|78\/100|[from] item: Leftovers\n|upkeep\n|turn|4\n|\n|t:|1699954150\n|switch|p2a: Thundurus|Thundurus, L50, M|22\/100\n|move|p1a: Rush|Flare Blitz|p2a: Thundurus\n|-damage|p2a: Thundurus|0 fnt\n|faint|p2a: Thundurus\n|-damage|p1a: Rush|93\/100|[from] Recoil\n|move|p1b: Angel|Hyper Voice|p2b: Arcanine\n|-resisted|p2b: Arcanine\n|-damage|p2b: Arcanine|0 fnt\n|faint|p2b: Arcanine\n|\n|-sideend|p1: Choruto|move: Tailwind\n|upkeep\n|\n|t:|1699954158\n|switch|p2a: Ogerpon|Ogerpon-Wellspring, L50, F|38\/100\n|switch|p2b: Gholdengo|Gholdengo, L50|78\/100\n|turn|5\n|\n|t:|1699954167\n|switch|p1a: Napoleon|Urshifu-Rapid-Strike, L50, M|100\/100\n|move|p2a: Ogerpon|Ivy Cudgel|p1a: Napoleon|[anim] Ivy Cudgel Water\n|-resisted|p1a: Napoleon\n|-damage|p1a: Napoleon|68\/100\n|move|p2b: Gholdengo|Make It Rain|p1b: Angel|[spread] p1a,p1b\n|-resisted|p1a: Napoleon\n|-supereffective|p1b: Angel\n|-damage|p1a: Napoleon|34\/100\n|-damage|p1b: Angel|0 fnt\n|-unboost|p2b: Gholdengo|spa|1\n|faint|p1b: Angel\n|\n|-heal|p2b: Gholdengo|84\/100|[from] item: Leftovers\n|upkeep\n|\n|t:|1699954170\n|switch|p1b: Rush|Arcanine-Hisui, L50, M, shiny|93\/100\n|-ability|p1b: Rush|Intimidate|boost\n|-unboost|p2a: Ogerpon|atk|1\n|-unboost|p2b: Gholdengo|atk|1\n|turn|6\n|\n|t:|1699954181\n|-terastallize|p2b: Gholdengo|Dragon\n|move|p2a: Ogerpon|Follow Me|p2a: Ogerpon\n|-singleturn|p2a: Ogerpon|move: Follow Me\n|move|p1a: Napoleon|Close Combat|p2a: Ogerpon\n|-damage|p2a: Ogerpon|0 fnt\n|-unboost|p1a: Napoleon|def|1\n|-unboost|p1a: Napoleon|spd|1\n|faint|p2a: Ogerpon\n|move|p1b: Rush|Flare Blitz|p2b: Gholdengo\n|-resisted|p2b: Gholdengo\n|-damage|p2b: Gholdengo|41\/100\n|-damage|p1b: Rush|78\/100|[from] Recoil\n|move|p2b: Gholdengo|Nasty Plot|p2b: Gholdengo\n|-boost|p2b: Gholdengo|spa|2\n|\n|-heal|p2b: Gholdengo|47\/100|[from] item: Leftovers\n|upkeep\n|turn|7\n|j| Metal Wing Smash\n|l| Metal Wing Smash\n|\n|t:|1699954206\n|move|p1a: Napoleon|Close Combat|p2b: Gholdengo\n|-damage|p2b: Gholdengo|0 fnt\n|-unboost|p1a: Napoleon|def|1\n|-unboost|p1a: Napoleon|spd|1\n|faint|p2b: Gholdengo\n|\n|win|Choruto\n|n|\u2606Choruto|choruto\n|n|\u2606loveblu2|loveblu2\n|n| fyfyyalt1|fyfyyalt1\n","uploadtime":1699954208,"views":18,"p1id":"choruto","p2id":"loveblu2","formatid":"gen9vgc2023regulatione","rating":0,"private":0,"password":""}