{"id":"gen9vgc2023regulatione-1988125203","p1":"Jacob fjjdjdjdjd","p2":"sumperkenny","format":"[Gen 9] VGC 2023 Regulation E","log":"|j|\u2606Jacob fjjdjdjdjd\n|j|\u2606sumperkenny\n|t:|1699672673\n|gametype|doubles\n|player|p1|Jacob fjjdjdjdjd|170|1047\n|player|p2|sumperkenny|fisherman-gen4|1124\n|teamsize|p1|6\n|teamsize|p2|6\n|gen|9\n|tier|[Gen 9] VGC 2023 Regulation E\n|rated|\n|rule|Species Clause: Limit one of each Pok\u00e9mon\n|rule|Item Clause: Limit one of each item\n|clearpoke\n|poke|p1|Coalossal, L50, F|\n|poke|p1|Dragapult, L50, F|\n|poke|p1|Ogerpon-Wellspring, L50, F|\n|poke|p1|Iron Hands, L50|\n|poke|p1|Arcanine, L50, M|\n|poke|p1|Iron Bundle, L50|\n|poke|p2|Arcanine-Hisui, L50, F|\n|poke|p2|Rillaboom, L50, F|\n|poke|p2|Chien-Pao, L50|\n|poke|p2|Flutter Mane, L50|\n|poke|p2|Landorus-Therian, L50, M|\n|poke|p2|Tornadus, L50, M|\n|teampreview|4\n|inactive|Battle timer is ON: inactive players will automatically lose when time's up. (requested by sumperkenny)\n|\n|t:|1699672690\n|start\n|switch|p1a: Iron Hands|Iron Hands, L50|100\/100\n|switch|p1b: Iron Bundle|Iron Bundle, L50|100\/100\n|switch|p2a: Arcanine|Arcanine-Hisui, L50, F|100\/100\n|switch|p2b: Landorus|Landorus-Therian, L50, M|100\/100\n|-ability|p2b: Landorus|Intimidate|boost\n|-unboost|p1a: Iron Hands|atk|1\n|-unboost|p1b: Iron Bundle|atk|1\n|-ability|p2a: Arcanine|Intimidate|boost\n|-unboost|p1a: Iron Hands|atk|1\n|-unboost|p1b: Iron Bundle|atk|1\n|turn|1\n|\n|t:|1699672703\n|move|p1a: Iron Hands|Fake Out|p2b: Landorus\n|-damage|p2b: Landorus|90\/100\n|cant|p2b: Landorus|flinch\n|move|p1b: Iron Bundle|Flip Turn|p2a: Arcanine\n|-supereffective|p2a: Arcanine\n|-damage|p2a: Arcanine|71\/100\n|\n|t:|1699672712\n|-end|p1b: Iron Bundle|Quark Drive|[silent]\n|switch|p1b: Ogerpon|Ogerpon-Wellspring, L50, F|100\/100|[from] Flip Turn\n|move|p2a: Arcanine|Rock Slide|p1b: Ogerpon|[spread] p1a,p1b\n|-resisted|p1a: Iron Hands\n|-damage|p1a: Iron Hands|86\/100\n|-damage|p1b: Ogerpon|54\/100\n|\n|upkeep\n|turn|2\n|inactive|Jacob fjjdjdjdjd has 30 seconds left.\n|\n|t:|1699672744\n|switch|p2a: Tornadus|Tornadus, L50, M|100\/100\n|switch|p1b: Coalossal|Coalossal, L50, F|100\/100\n|move|p2b: Landorus|U-turn|p1b: Coalossal\n|-resisted|p1b: Coalossal\n|-crit|p1b: Coalossal\n|-damage|p1b: Coalossal|84\/100\n|\n|t:|1699672754\n|switch|p2b: Flutter Mane|Flutter Mane, L50|100\/100|[from] U-turn\n|-enditem|p2b: Flutter Mane|Booster Energy\n|-activate|p2b: Flutter Mane|ability: Protosynthesis|[fromitem]\n|-start|p2b: Flutter Mane|protosynthesisspe\n|move|p1a: Iron Hands|Volt Switch|p2a: Tornadus\n|-supereffective|p2a: Tornadus\n|-damage|p2a: Tornadus|66\/100\n|\n|t:|1699672774\n|-end|p1a: Iron Hands|Quark Drive|[silent]\n|switch|p1a: Ogerpon|Ogerpon-Wellspring, L50, F|54\/100|[from] Volt Switch\n|\n|upkeep\n|turn|3\n|\n|t:|1699672788\n|switch|p1a: Iron Hands|Iron Hands, L50|86\/100\n|move|p1b: Coalossal|Protect|p1b: Coalossal\n|-singleturn|p1b: Coalossal|Protect\n|move|p2b: Flutter Mane|Shadow Ball|p1b: Coalossal\n|-activate|p1b: Coalossal|move: Protect\n|move|p2a: Tornadus|Bleakwind Storm|p1b: Coalossal|[spread] p1a\n|-activate|p1b: Coalossal|move: Protect\n|-damage|p1a: Iron Hands|60\/100\n|\n|upkeep\n|turn|4\n|inactive|Jacob fjjdjdjdjd has 30 seconds left.\n|inactive|Jacob fjjdjdjdjd has 20 seconds left.\n|\n|t:|1699672823\n|move|p2a: Tornadus|Taunt|p1b: Coalossal\n|-start|p1b: Coalossal|move: Taunt\n|move|p2b: Flutter Mane|Moonblast|p1a: Iron Hands\n|-supereffective|p1a: Iron Hands\n|-damage|p1a: Iron Hands|0 fnt\n|faint|p1a: Iron Hands\n|-end|p1a: Iron Hands|Quark Drive|[silent]\n|move|p1b: Coalossal|Power Gem|p2a: Tornadus\n|-supereffective|p2a: Tornadus\n|-damage|p2a: Tornadus|0 fnt\n|faint|p2a: Tornadus\n|\n|upkeep\n|\n|t:|1699672836\n|switch|p2a: Landorus|Landorus-Therian, L50, M|90\/100\n|switch|p1a: Iron Bundle|Iron Bundle, L50|100\/100\n|-ability|p2a: Landorus|Intimidate|boost\n|-unboost|p1a: Iron Bundle|atk|1\n|-unboost|p1b: Coalossal|atk|1\n|turn|5\n|\n|t:|1699672851\n|-terastallize|p1b: Coalossal|Fire\n|move|p2b: Flutter Mane|Moonblast|p1a: Iron Bundle\n|-enditem|p1a: Iron Bundle|Focus Sash\n|-damage|p1a: Iron Bundle|1\/100\n|-unboost|p1a: Iron Bundle|spa|1\n|move|p2a: Landorus|Stomping Tantrum|p1b: Coalossal\n|-supereffective|p1b: Coalossal\n|-damage|p1b: Coalossal|14\/100\n|-enditem|p1b: Coalossal|Weakness Policy\n|-boost|p1b: Coalossal|atk|2|[from] item: Weakness Policy\n|-boost|p1b: Coalossal|spa|2|[from] item: Weakness Policy\n|move|p1a: Iron Bundle|Flip Turn|p2a: Landorus\n|-supereffective|p2a: Landorus\n|-damage|p2a: Landorus|65\/100\n|\n|t:|1699672868\n|-end|p1a: Iron Bundle|Quark Drive|[silent]\n|switch|p1a: Ogerpon|Ogerpon-Wellspring, L50, F|54\/100|[from] Flip Turn\n|move|p1b: Coalossal|Heat Wave|p2b: Flutter Mane|[spread] p2a,p2b\n|-crit|p2b: Flutter Mane\n|-damage|p2a: Landorus|0 fnt\n|-damage|p2b: Flutter Mane|0 fnt\n|faint|p2a: Landorus\n|faint|p2b: Flutter Mane\n|-end|p2b: Flutter Mane|Protosynthesis|[silent]\n|\n|upkeep\n|\n|t:|1699672871\n|switch|p2b: Arcanine|Arcanine-Hisui, L50, F|71\/100\n|-ability|p2b: Arcanine|Intimidate|boost\n|-unboost|p1a: Ogerpon|atk|1\n|-unboost|p1b: Coalossal|atk|1\n|turn|6\n|\n|t:|1699672886\n|-terastallize|p2b: Arcanine|Fairy\n|move|p1a: Ogerpon|Follow Me|p1a: Ogerpon\n|-singleturn|p1a: Ogerpon|move: Follow Me\n|move|p2b: Arcanine|Rock Slide|p1b: Coalossal|[spread] p1b\n|-miss|p2b: Arcanine|p1a: Ogerpon\n|-supereffective|p1b: Coalossal\n|-crit|p1b: Coalossal\n|-damage|p1b: Coalossal|0 fnt\n|faint|p1b: Coalossal\n|\n|upkeep\n|\n|t:|1699672894\n|switch|p1b: Iron Bundle|Iron Bundle, L50|1\/100\n|turn|7\n|\n|t:|1699672902\n|move|p1b: Iron Bundle|Hydro Pump|p2b: Arcanine\n|-damage|p2b: Arcanine|1\/100\n|move|p2b: Arcanine|Rock Slide|p1a: Ogerpon|[spread] p1a,p1b\n|-supereffective|p1b: Iron Bundle\n|-damage|p1a: Ogerpon|4\/100\n|-damage|p1b: Iron Bundle|0 fnt\n|faint|p1b: Iron Bundle\n|-end|p1b: Iron Bundle|Quark Drive|[silent]\n|move|p1a: Ogerpon|Ivy Cudgel|p2b: Arcanine\n|-damage|p2b: Arcanine|0 fnt\n|faint|p2b: Arcanine\n|\n|win|Jacob fjjdjdjdjd\n|raw|Jacob fjjdjdjdjd's rating: 1047 &rarr; <strong>1087<\/strong><br \/>(+40 for winning)\n|raw|sumperkenny's rating: 1124 &rarr; <strong>1094<\/strong><br \/>(-30 for losing)\n","uploadtime":1699672912,"views":12,"p1id":"jacobfjjdjdjdjd","p2id":"sumperkenny","formatid":"gen9vgc2023regulatione","rating":1087,"private":0,"password":""}