{"id":"gen9vgc2023regulatione-1996552386","p1":"UnderratedBanana","p2":"kbzn_","format":"[Gen 9] VGC 2023 Regulation E","log":"|j|\u2606UnderratedBanana\n|j|\u2606kbzn_\n|t:|1700693488\n|gametype|doubles\n|player|p1|UnderratedBanana|psychic|1284\n|player|p2|kbzn_|infielder|1334\n|teamsize|p1|6\n|teamsize|p2|6\n|gen|9\n|tier|[Gen 9] VGC 2023 Regulation E\n|rated|\n|rule|Species Clause: Limit one of each Pok\u00e9mon\n|rule|Item Clause: Limit one of each item\n|clearpoke\n|poke|p1|Roaring Moon, L50|\n|poke|p1|Cresselia, L50, F|\n|poke|p1|Flutter Mane, L50|\n|poke|p1|Ogerpon-Wellspring, L50, F|\n|poke|p1|Torkoal, L50, M|\n|poke|p1|Ursaluna-Bloodmoon, L50, M|\n|poke|p2|Iron Bundle, L50|\n|poke|p2|Arcanine-Hisui, L50, F|\n|poke|p2|Kingambit, L50, M|\n|poke|p2|Gholdengo, L50|\n|poke|p2|Iron Hands, L50|\n|poke|p2|Ogerpon-Wellspring, L50, F|\n|teampreview|4\n|inactive|Battle timer is ON: inactive players will automatically lose when time's up. (requested by kbzn_)\nUnderratedBanana has agreed to open team sheets.\n|inactive|kbzn_ has 60 seconds left.\n|\n|t:|1700693523\n|start\n|switch|p1a: Cresselia|Cresselia, L50, F|100\/100\n|switch|p1b: Flutter Mane|Flutter Mane, L50|100\/100\n|switch|p2a: Iron Hands|Iron Hands, L50|100\/100\n|switch|p2b: Arcanine|Arcanine-Hisui, L50, F|100\/100\n|-ability|p2b: Arcanine|Intimidate|boost\n|-unboost|p1a: Cresselia|atk|1\n|-unboost|p1b: Flutter Mane|atk|1\n|turn|1\n|\n|t:|1700693538\n|move|p1a: Cresselia|Helping Hand|p1b: Flutter Mane\n|-singleturn|p1b: Flutter Mane|Helping Hand|[of] p1a: Cresselia\n|move|p1b: Flutter Mane|Shadow Ball|p2b: Arcanine\n|-crit|p2b: Arcanine\n|-damage|p2b: Arcanine|0 fnt\n|faint|p2b: Arcanine\n|move|p2a: Iron Hands|Heavy Slam|p1b: Flutter Mane\n|-supereffective|p1b: Flutter Mane\n|-damage|p1b: Flutter Mane|0 fnt\n|faint|p1b: Flutter Mane\n|-end|p1b: Flutter Mane|Protosynthesis|[silent]\n|\n|upkeep\n|\n|t:|1700693563\n|switch|p1b: Torkoal|Torkoal, L50, M|100\/100\n|switch|p2b: Kingambit|Kingambit, L50, M, shiny|100\/100\n|-weather|SunnyDay|[from] ability: Drought|[of] p1b: Torkoal\n|turn|2\n|\n|t:|1700693577\n|-terastallize|p2b: Kingambit|Fire\n|move|p1b: Torkoal|Protect|p1b: Torkoal\n|-singleturn|p1b: Torkoal|Protect\n|move|p2a: Iron Hands|Drain Punch|p1b: Torkoal\n|-activate|p1b: Torkoal|move: Protect\n|move|p2b: Kingambit|Swords Dance|p2b: Kingambit\n|-boost|p2b: Kingambit|atk|2\n|move|p1a: Cresselia|Trick Room|p1a: Cresselia\n|-fieldstart|move: Trick Room|[of] p1a: Cresselia\n|\n|-weather|SunnyDay|[upkeep]\n|upkeep\n|turn|3\n|\n|t:|1700693600\n|move|p1a: Cresselia|Helping Hand|p1b: Torkoal\n|-singleturn|p1b: Torkoal|Helping Hand|[of] p1a: Cresselia\n|move|p2b: Kingambit|Sucker Punch|p1b: Torkoal\n|-damage|p1b: Torkoal|31\/100\n|move|p1b: Torkoal|Earth Power|p2b: Kingambit\n|-supereffective|p2b: Kingambit\n|-damage|p2b: Kingambit|26\/100\n|move|p2a: Iron Hands|Drain Punch|p1b: Torkoal\n|-damage|p1b: Torkoal|2\/100\n|\n|-weather|SunnyDay|[upkeep]\n|upkeep\n|turn|4\n|\n|t:|1700693622\n|-end|p2a: Iron Hands|Quark Drive|[silent]\n|switch|p2a: Gholdengo|Gholdengo, L50|100\/100\n|move|p1b: Torkoal|Protect|p1b: Torkoal\n|-singleturn|p1b: Torkoal|Protect\n|move|p2b: Kingambit|Sucker Punch||[still]\n|-fail|p2b: Kingambit\n|move|p1a: Cresselia|Lunar Blessing|p1a: Cresselia|[spread] p1a,p1b\n|-heal|p1b: Torkoal|26\/100\n|\n|-weather|SunnyDay|[upkeep]\n|upkeep\n|turn|5\n|\n|t:|1700693639\n|move|p1b: Torkoal|Protect||[still]\n|-fail|p1b: Torkoal\n|move|p2b: Kingambit|Sucker Punch||[still]\n|-fail|p2b: Kingambit\n|move|p1a: Cresselia|Lunar Blessing|p1a: Cresselia|[spread] p1a,p1b\n|-heal|p1b: Torkoal|51\/100\n|move|p2a: Gholdengo|Nasty Plot|p2a: Gholdengo\n|-boost|p2a: Gholdengo|spa|2\n|\n|-weather|SunnyDay|[upkeep]\n|upkeep\n|turn|6\n|c|\u2606kbzn_|awesome play the double protect\n|\n|t:|1700693660\n|move|p1a: Cresselia|Helping Hand|p1b: Torkoal\n|-singleturn|p1b: Torkoal|Helping Hand|[of] p1a: Cresselia\n|move|p2b: Kingambit|Protect|p2b: Kingambit\n|-singleturn|p2b: Kingambit|Protect\n|move|p2a: Gholdengo|Protect|p2a: Gholdengo\n|-singleturn|p2a: Gholdengo|Protect\n|move|p1b: Torkoal|Heat Wave|p2b: Kingambit|[spread] \n|-activate|p2a: Gholdengo|move: Protect\n|-activate|p2b: Kingambit|move: Protect\n|\n|-weather|none\n|-fieldend|move: Trick Room\n|upkeep\n|turn|7\n|\n|t:|1700693678\n|move|p1a: Cresselia|Helping Hand|p1b: Torkoal\n|-singleturn|p1b: Torkoal|Helping Hand|[of] p1a: Cresselia\n|move|p2a: Gholdengo|Shadow Ball|p1a: Cresselia\n|-supereffective|p1a: Cresselia\n|-damage|p1a: Cresselia|5\/100\n|move|p2b: Kingambit|Kowtow Cleave|p1b: Torkoal\n|-damage|p1b: Torkoal|0 fnt\n|faint|p1b: Torkoal\n|\n|upkeep\n|c|\u2606UnderratedBanana|oh hm\n|\n|t:|1700693690\n|switch|p1b: Ursaluna|Ursaluna-Bloodmoon, L50, M|100\/100\n|turn|8\n|c|\u2606UnderratedBanana|thought youd double luna there tbh\n|inactive|UnderratedBanana has 30 seconds left.\n|\n|t:|1700693722\n|move|p1a: Cresselia|Helping Hand|p1b: Ursaluna\n|-singleturn|p1b: Ursaluna|Helping Hand|[of] p1a: Cresselia\n|move|p2a: Gholdengo|Make It Rain|p1a: Cresselia|[spread] p1a,p1b\n|-crit|p1b: Ursaluna\n|-damage|p1a: Cresselia|0 fnt\n|-damage|p1b: Ursaluna|0 fnt\n|-unboost|p2a: Gholdengo|spa|1\n|faint|p1a: Cresselia\n|faint|p1b: Ursaluna\n|\n|win|kbzn_\n|raw|UnderratedBanana's rating: 1284 &rarr; <strong>1263<\/strong><br \/>(-21 for losing)\n|raw|kbzn_'s rating: 1334 &rarr; <strong>1351<\/strong><br \/>(+17 for winning)\n|l|\u2606UnderratedBanana\n|c|\u2606kbzn_|torkoal hit both my mons, i had to spli damage\n","uploadtime":1700693749,"views":13,"p1id":"underratedbanana","p2id":"kbzn","formatid":"gen9vgc2023regulatione","rating":1263,"private":0,"password":""}