{"id":"gen9vgc2023regulatione-1992643660","p1":"epicvolta","p2":"tstmast","format":"[Gen 9] VGC 2023 Regulation E","log":"|j|\u2606epicvolta\n|j|\u2606tstmast\n|t:|1700219460\n|gametype|doubles\n|player|p1|epicvolta|psychic-gen4|1141\n|player|p2|tstmast|cynthia-gen4|1130\n|teamsize|p1|6\n|teamsize|p2|6\n|gen|9\n|tier|[Gen 9] VGC 2023 Regulation E\n|rated|\n|rule|Species Clause: Limit one of each Pok\u00e9mon\n|rule|Item Clause: Limit one of each item\n|clearpoke\n|poke|p1|Chien-Pao, L50|\n|poke|p1|Chi-Yu, L50|\n|poke|p1|Tornadus, L50, M|\n|poke|p1|Gholdengo, L50|\n|poke|p1|Ogerpon, L50, F|\n|poke|p1|Breloom, L50, M|\n|poke|p2|Sinistcha, L50|\n|poke|p2|Arcanine-Hisui, L50, M|\n|poke|p2|Flutter Mane, L50|\n|poke|p2|Rillaboom, L50, F|\n|poke|p2|Dondozo, L50, M|\n|poke|p2|Heatran, L50, M|\n|teampreview|4\n|inactive|Battle timer is ON: inactive players will automatically lose when time's up. (requested by tstmast)\nepicvolta rejected open team sheets.\n|\n|t:|1700219486\n|start\n|switch|p1a: Tornadus|Tornadus, L50, M|100\/100\n|switch|p1b: Chi-Yu|Chi-Yu, L50|100\/100\n|switch|p2a: Rillaboom|Rillaboom, L50, F|100\/100\n|switch|p2b: Heatran|Heatran, L50, M|100\/100\n|-ability|p1b: Chi-Yu|Beads of Ruin\n|-fieldstart|move: Grassy Terrain|[from] ability: Grassy Surge|[of] p2a: Rillaboom\n|turn|1\n|inactive|epicvolta has 30 seconds left.\n|\n|t:|1700219514\n|move|p2a: Rillaboom|Fake Out|p1b: Chi-Yu\n|-damage|p1b: Chi-Yu|75\/100\n|move|p1a: Tornadus|Bleakwind Storm|p2a: Rillaboom|[spread] \n|-miss|p1a: Tornadus|p2a: Rillaboom\n|-miss|p1a: Tornadus|p2b: Heatran\n|cant|p1b: Chi-Yu|flinch\n|move|p2b: Heatran|Heat Wave|p1b: Chi-Yu|[spread] p1a,p1b\n|-resisted|p1b: Chi-Yu\n|-damage|p1a: Tornadus|14\/100\n|-damage|p1b: Chi-Yu|42\/100\n|-damage|p2b: Heatran|91\/100|[from] item: Life Orb\n|\n|-heal|p1b: Chi-Yu|49\/100|[from] Grassy Terrain\n|-heal|p2b: Heatran|97\/100|[from] Grassy Terrain\n|upkeep\n|turn|2\n|inactive|epicvolta has 30 seconds left.\n|\n|t:|1700219539\n|move|p2a: Rillaboom|Protect|p2a: Rillaboom\n|-singleturn|p2a: Rillaboom|Protect\n|move|p1a: Tornadus|Bleakwind Storm|p2a: Rillaboom|[spread] p2b\n|-activate|p2a: Rillaboom|move: Protect\n|-resisted|p2b: Heatran\n|-damage|p2b: Heatran|78\/100\n|move|p1b: Chi-Yu|Dark Pulse|p2b: Heatran\n|-damage|p2b: Heatran|3\/100\n|move|p2b: Heatran|Earth Power|p1b: Chi-Yu\n|-supereffective|p1b: Chi-Yu\n|-damage|p1b: Chi-Yu|0 fnt\n|faint|p1b: Chi-Yu\n|-damage|p2b: Heatran|0 fnt|[from] item: Life Orb\n|faint|p2b: Heatran\n|\n|upkeep\n|\n|t:|1700219557\n|switch|p1b: Ogerpon|Ogerpon, L50, F|100\/100\n|switch|p2b: Arcanine|Arcanine-Hisui, L50, M|100\/100\n|-ability|p2b: Arcanine|Intimidate|boost\n|-unboost|p1a: Tornadus|atk|1\n|-unboost|p1b: Ogerpon|atk|1\n|-ability|p1b: Ogerpon|Defiant|boost\n|-boost|p1b: Ogerpon|atk|2\n|turn|3\n|inactive|epicvolta has 30 seconds left.\n|\n|t:|1700219583\n|move|p1a: Tornadus|Tailwind|p1a: Tornadus\n|-sidestart|p1: epicvolta|move: Tailwind\n|move|p2a: Rillaboom|Grassy Glide|p1a: Tornadus\n|-resisted|p1a: Tornadus\n|-damage|p1a: Tornadus|0 fnt\n|faint|p1a: Tornadus\n|move|p1b: Ogerpon|Ivy Cudgel|p2b: Arcanine\n|-damage|p2b: Arcanine|0 fnt\n|faint|p2b: Arcanine\n|-damage|p1b: Ogerpon|91\/100|[from] item: Life Orb\n|\n|-heal|p1b: Ogerpon|97\/100|[from] Grassy Terrain\n|upkeep\n|\n|t:|1700219597\n|switch|p1a: Chien-Pao|Chien-Pao, L50|100\/100\n|switch|p2b: Sinistcha|Sinistcha, L50|100\/100\n|-ability|p1a: Chien-Pao|Sword of Ruin\n|turn|4\n|inactive|epicvolta has 30 seconds left.\n|\n|t:|1700219623\n|-terastallize|p1b: Ogerpon|Grass\n|detailschange|p1b: Ogerpon|Ogerpon-Teal-Tera, L50, F, tera:Grass\n|-ability|p1b: Ogerpon|Embody Aspect (Teal)|boost\n|-boost|p1b: Ogerpon|spe|1\n|move|p2a: Rillaboom|Protect|p2a: Rillaboom\n|-singleturn|p2a: Rillaboom|Protect\n|move|p1b: Ogerpon|Ivy Cudgel|p2a: Rillaboom\n|-activate|p2a: Rillaboom|move: Protect\n|move|p1a: Chien-Pao|Ice Spinner|p2b: Sinistcha\n|-supereffective|p2b: Sinistcha\n|-crit|p2b: Sinistcha\n|-damage|p2b: Sinistcha|0 fnt\n|-damage|p1a: Chien-Pao|84\/100|[from] item: Rocky Helmet|[of] p2b: Sinistcha\n|-fieldend|move: Grassy Terrain\n|faint|p2b: Sinistcha\n|\n|upkeep\n|turn|5\n|-message|tstmast forfeited.\n|\n|win|epicvolta\n|raw|epicvolta's rating: 1141 &rarr; <strong>1165<\/strong><br \/>(+24 for winning)\n|raw|tstmast's rating: 1130 &rarr; <strong>1106<\/strong><br \/>(-24 for losing)\n|l|\u2606tstmast\n","uploadtime":1700219640,"views":8,"p1id":"epicvolta","p2id":"tstmast","formatid":"gen9vgc2023regulatione","rating":1106,"private":0,"password":""}