{"id":"gen9vgc2023regulatione-1991510504","p1":"TheColorRedYT","p2":"Mepe Murp","format":"[Gen 9] VGC 2023 Regulation E","log":"|j|\u2606TheColorRedYT\n|j|\u2606Mepe Murp\n|t:|1700083571\n|gametype|doubles\n|player|p1|TheColorRedYT|supernerd-gen1|\n|player|p2|Mepe Murp|preschooler|\n|teamsize|p1|6\n|teamsize|p2|6\n|gen|9\n|tier|[Gen 9] VGC 2023 Regulation E\n|rated|Tournament battle\n|rule|Species Clause: Limit one of each Pok\u00e9mon\n|rule|Item Clause: Limit one of each item\n|clearpoke\n|poke|p1|Lilligant-Hisui, L50, F|\n|poke|p1|Farigiraf, L50, M|\n|poke|p1|Torkoal, L50, F|\n|poke|p1|Hariyama, L50, F|\n|poke|p1|Ogerpon-Hearthflame, L50, F|\n|poke|p1|Gyarados, L50, M|\n|poke|p2|Ninetales-Alola, L50, M|\n|poke|p2|Baxcalibur, L50, F|\n|poke|p2|Heatran, L50, M|\n|poke|p2|Sinistcha-Masterpiece, L50|\n|poke|p2|Gyarados, L50, M|\n|poke|p2|Flutter Mane, L50|\n|teampreview|4\n|showteam|p1|Lilligant-Hisui||FocusSash|Chlorophyll|SolarBlade,AfterYou,SleepPowder,CloseCombat|||F|||50|,,,,,Fighting]Farigiraf||MentalHerb|ArmorTail|Imprison,DazzlingGleam,TrickRoom,Psychic|||M|||50|,,,,,Fairy]Torkoal||Charcoal|Drought|Eruption,EarthPower,HeatWave,Protect|||F|||50|,,,,,Fire]Hariyama||FlameOrb|Guts|FakeOut,IcePunch,DrainPunch,WideGuard|||F|||50|,,,,,Fighting]Ogerpon-Hearthflame||HearthflameMask|MoldBreaker|IvyCudgel,WoodHammer,KnockOff,SpikyShield|||F|||50|,,,,,Fire]Gyarados||SitrusBerry|Intimidate|ThunderWave,Waterfall,StoneEdge,Taunt|||M|||50|,,,,,Grass\n|showteam|p2|Ninetales-Alola||LightClay|SnowWarning|AuroraVeil,FreezeDry,Protect,Encore|||M|||50|,,,,,Steel]Baxcalibur||AssaultVest|ThermalExchange|IcicleCrash,GlaiveRush,HighHorsepower,IceShard|||F|||50|,,,,,Poison]Heatran||Leftovers|FlashFire|HeatWave,FlashCannon,EarthPower,Protect|||M|||50|,,,,,Grass]Sinistcha-Masterpiece||RockyHelmet|Heatproof|MatchaGotcha,RagePowder,Protect,StrengthSap||||||50|,,,,,Dragon]Gyarados||SitrusBerry|Intimidate|ThunderWave,Waterfall,Taunt,Protect|||M|||50|,,,,,Steel]Flutter Mane||BoosterEnergy|Protosynthesis|Moonblast,ShadowBall,DazzlingGleam,Protect||||||50|,,,,,Fairy\n|inactive|Battle timer is ON: inactive players will automatically lose when time's up. (requested by TheColorRedYT)\n|inactive|TheColorRedYT has 60 seconds left.\n|inactive|Mepe Murp has 60 seconds left.\n|inactive|Mepe Murp has 30 seconds left.\n|\n|t:|1700083640\n|start\n|switch|p1a: Lilligant|Lilligant-Hisui, L50, F|100\/100\n|switch|p1b: Torkoal|Torkoal, L50, F|100\/100\n|switch|p2a: Heatran|Heatran, L50, M|100\/100\n|switch|p2b: Gyarados|Gyarados, L50, M|100\/100\n|-ability|p2b: Gyarados|Intimidate|boost\n|-unboost|p1a: Lilligant|atk|1\n|-unboost|p1b: Torkoal|atk|1\n|-weather|SunnyDay|[from] ability: Drought|[of] p1b: Torkoal\n|turn|1\n|inactive|TheColorRedYT has 30 seconds left.\n|\n|t:|1700083667\n|move|p1a: Lilligant|Close Combat|p2a: Heatran\n|-supereffective|p2a: Heatran\n|-damage|p2a: Heatran|37\/100\n|-unboost|p1a: Lilligant|def|1\n|-unboost|p1a: Lilligant|spd|1\n|move|p2a: Heatran|Heat Wave|p1a: Lilligant|[spread] p1a\n|-miss|p2a: Heatran|p1b: Torkoal\n|-supereffective|p1a: Lilligant\n|-enditem|p1a: Lilligant|Focus Sash\n|-damage|p1a: Lilligant|1\/100\n|move|p2b: Gyarados|Waterfall|p1a: Lilligant\n|-resisted|p1a: Lilligant\n|-damage|p1a: Lilligant|0 fnt\n|faint|p1a: Lilligant\n|move|p1b: Torkoal|Earth Power|p2a: Heatran\n|-supereffective|p2a: Heatran\n|-damage|p2a: Heatran|0 fnt\n|faint|p2a: Heatran\n|\n|-weather|SunnyDay|[upkeep]\n|upkeep\n|\n|t:|1700083687\n|switch|p1a: Ogerpon|Ogerpon-Hearthflame, L50, F|100\/100\n|switch|p2a: Ninetales|Ninetales-Alola, L50, M|100\/100\n|-weather|Snow|[from] ability: Snow Warning|[of] p2a: Ninetales\n|-ability|p1a: Ogerpon|Mold Breaker\n|turn|2\n|inactive|TheColorRedYT has 30 seconds left.\n|\n|t:|1700083716\n|-terastallize|p1a: Ogerpon|Fire\n|detailschange|p1a: Ogerpon|Ogerpon-Hearthflame-Tera, L50, F, tera:Fire\n|-ability|p1a: Ogerpon|Embody Aspect (Hearthflame)|boost\n|-boost|p1a: Ogerpon|atk|1\n|move|p2a: Ninetales|Protect|p2a: Ninetales\n|-singleturn|p2a: Ninetales|Protect\n|move|p1a: Ogerpon|Wood Hammer|p2b: Gyarados\n|-damage|p2b: Gyarados|2\/100\n|-enditem|p2b: Gyarados|Sitrus Berry|[eat]\n|-heal|p2b: Gyarados|27\/100|[from] item: Sitrus Berry\n|-damage|p1a: Ogerpon|61\/100|[from] Recoil\n|move|p2b: Gyarados|Thunder Wave|p1a: Ogerpon\n|-status|p1a: Ogerpon|par\n|move|p1b: Torkoal|Eruption|p2b: Gyarados|[spread] p2b\n|-activate|p2a: Ninetales|move: Protect\n|-resisted|p2b: Gyarados\n|-damage|p2b: Gyarados|7\/100\n|\n|-weather|Snow|[upkeep]\n|upkeep\n|turn|3\n|inactive|TheColorRedYT has 30 seconds left.\n|\n|t:|1700083750\n|move|p2b: Gyarados|Protect|p2b: Gyarados\n|-singleturn|p2b: Gyarados|Protect\n|move|p2a: Ninetales|Aurora Veil|p2a: Ninetales\n|-sidestart|p2: Mepe Murp|move: Aurora Veil\n|move|p1a: Ogerpon|Knock Off|p2b: Gyarados\n|-activate|p2b: Gyarados|move: Protect\n|move|p1b: Torkoal|Eruption|p2b: Gyarados|[spread] p2a\n|-activate|p2b: Gyarados|move: Protect\n|-supereffective|p2a: Ninetales\n|-damage|p2a: Ninetales|24\/100\n|\n|-weather|Snow|[upkeep]\n|upkeep\n|turn|4\n|\n|t:|1700083769\n|move|p1a: Ogerpon|Spiky Shield|p1a: Ogerpon\n|-singleturn|p1a: Ogerpon|move: Protect\n|move|p2a: Ninetales|Encore|p1a: Ogerpon\n|-activate|p1a: Ogerpon|move: Protect\n|move|p2b: Gyarados|Waterfall|p1a: Ogerpon\n|-activate|p1a: Ogerpon|move: Protect\n|-damage|p2b: Gyarados|0 fnt|[from] Spiky Shield|[of] p1a: Ogerpon\n|faint|p2b: Gyarados\n|move|p1b: Torkoal|Heat Wave|p2a: Ninetales\n|-supereffective|p2a: Ninetales\n|-damage|p2a: Ninetales|0 fnt\n|faint|p2a: Ninetales\n|\n|-weather|Snow|[upkeep]\n|upkeep\n|\n|t:|1700083772\n|switch|p2b: Sinistcha|Sinistcha-Masterpiece, L50|100\/100\n|turn|5\n|\n|t:|1700083790\n|-terastallize|p2b: Sinistcha|Dragon\n|move|p2b: Sinistcha|Matcha Gotcha|p1b: Torkoal|[spread] p1a,p1b\n|-resisted|p1a: Ogerpon\n|-resisted|p1b: Torkoal\n|-damage|p1a: Ogerpon|46\/100 par\n|-damage|p1b: Torkoal|85\/100\n|move|p1a: Ogerpon|Ivy Cudgel|p2b: Sinistcha|[anim] Ivy Cudgel Fire\n|-resisted|p2b: Sinistcha\n|-damage|p2b: Sinistcha|88\/100\n|move|p1b: Torkoal|Heat Wave|p2b: Sinistcha\n|-resisted|p2b: Sinistcha\n|-damage|p2b: Sinistcha|78\/100\n|\n|-weather|Snow|[upkeep]\n|upkeep\n|turn|6\n|inactive|TheColorRedYT has 30 seconds left.\n|\n|t:|1700083823\n|move|p2b: Sinistcha|Matcha Gotcha|p1b: Torkoal|[spread] p1a\n|-miss|p2b: Sinistcha|p1b: Torkoal\n|-resisted|p1a: Ogerpon\n|-damage|p1a: Ogerpon|32\/100 par\n|-heal|p2b: Sinistcha|85\/100|[from] drain|[of] p1a: Ogerpon\n|move|p1a: Ogerpon|Knock Off|p2b: Sinistcha\n|-damage|p2b: Sinistcha|56\/100\n|-damage|p1a: Ogerpon|15\/100 par|[from] item: Rocky Helmet|[of] p2b: Sinistcha\n|-enditem|p2b: Sinistcha|Rocky Helmet|[from] move: Knock Off|[of] p1a: Ogerpon\n|move|p1b: Torkoal|Earth Power|p2b: Sinistcha\n|-damage|p2b: Sinistcha|33\/100\n|\n|-weather|none\n|upkeep\n|turn|7\n|inactive|TheColorRedYT has 30 seconds left.\n|\n|t:|1700083850\n|switch|p1b: Gyarados|Gyarados, L50, M|100\/100\n|-ability|p1b: Gyarados|Intimidate|boost\n|-unboost|p2b: Sinistcha|atk|1\n|move|p2b: Sinistcha|Strength Sap|p1a: Ogerpon\n|-unboost|p1a: Ogerpon|atk|1\n|-heal|p2b: Sinistcha|100\/100\n|move|p1a: Ogerpon|Knock Off|p2b: Sinistcha\n|-damage|p2b: Sinistcha|88\/100\n|\n|upkeep\n|turn|8\n|\n|t:|1700083868\n|move|p1a: Ogerpon|Spiky Shield|p1a: Ogerpon\n|-singleturn|p1a: Ogerpon|move: Protect\n|move|p1b: Gyarados|Thunder Wave|p2b: Sinistcha\n|-status|p2b: Sinistcha|par\n|cant|p2b: Sinistcha|par\n|\n|upkeep\n|turn|9\n|\n|t:|1700083881\n|switch|p1b: Torkoal|Torkoal, L50, F|85\/100\n|-weather|SunnyDay|[from] ability: Drought|[of] p1b: Torkoal\n|move|p1a: Ogerpon|Ivy Cudgel|p2b: Sinistcha|[anim] Ivy Cudgel Fire\n|-resisted|p2b: Sinistcha\n|-damage|p2b: Sinistcha|74\/100 par\n|cant|p2b: Sinistcha|par\n|\n|-weather|SunnyDay|[upkeep]\n|upkeep\n|turn|10\n|\n|t:|1700083898\n|move|p1a: Ogerpon|Ivy Cudgel|p2b: Sinistcha|[anim] Ivy Cudgel Fire\n|-resisted|p2b: Sinistcha\n|-damage|p2b: Sinistcha|60\/100 par\n|move|p2b: Sinistcha|Matcha Gotcha|p1b: Torkoal|[spread] p1a,p1b\n|-resisted|p1a: Ogerpon\n|-resisted|p1b: Torkoal\n|-damage|p1a: Ogerpon|2\/100 par\n|-heal|p2b: Sinistcha|66\/100 par|[from] drain|[of] p1a: Ogerpon\n|-damage|p1b: Torkoal|69\/100\n|-heal|p2b: Sinistcha|74\/100 par|[from] drain|[of] p1b: Torkoal\n|move|p1b: Torkoal|Earth Power|p2b: Sinistcha\n|-damage|p2b: Sinistcha|54\/100 par\n|\n|-weather|SunnyDay|[upkeep]\n|-sideend|p2: Mepe Murp|move: Aurora Veil\n|upkeep\n|turn|11\n|\n|t:|1700083917\n|move|p1a: Ogerpon|Ivy Cudgel|p2b: Sinistcha|[anim] Ivy Cudgel Fire\n|-resisted|p2b: Sinistcha\n|-damage|p2b: Sinistcha|31\/100 par\n|move|p2b: Sinistcha|Strength Sap|p1a: Ogerpon\n|-unboost|p1a: Ogerpon|atk|1\n|-heal|p2b: Sinistcha|100\/100 par\n|move|p1b: Torkoal|Heat Wave|p2b: Sinistcha\n|-resisted|p2b: Sinistcha\n|-damage|p2b: Sinistcha|76\/100 par\n|\n|-weather|SunnyDay|[upkeep]\n|upkeep\n|turn|12\n|\n|t:|1700083933\n|switch|p1a: Gyarados|Gyarados, L50, M|100\/100\n|-ability|p1a: Gyarados|Intimidate|boost\n|-unboost|p2b: Sinistcha|atk|1\n|move|p2b: Sinistcha|Matcha Gotcha|p1b: Torkoal|[spread] p1a\n|-miss|p2b: Sinistcha|p1b: Torkoal\n|-damage|p1a: Gyarados|80\/100\n|-heal|p2b: Sinistcha|88\/100 par|[from] drain|[of] p1a: Gyarados\n|move|p1b: Torkoal|Eruption|p2b: Sinistcha\n|-resisted|p2b: Sinistcha\n|-damage|p2b: Sinistcha|65\/100 par\n|\n|-weather|SunnyDay|[upkeep]\n|upkeep\n|turn|13\n|j| DarkMcL0vin\n|\n|t:|1700083951\n|move|p1b: Torkoal|Protect|p1b: Torkoal\n|-singleturn|p1b: Torkoal|Protect\n|move|p1a: Gyarados|Stone Edge|p2b: Sinistcha\n|-damage|p2b: Sinistcha|41\/100 par\n|move|p2b: Sinistcha|Strength Sap|p1a: Gyarados\n|-unboost|p1a: Gyarados|atk|1\n|-heal|p2b: Sinistcha|100\/100 par\n|\n|-weather|none\n|upkeep\n|turn|14\n|\n|t:|1700083969\n|move|p1a: Gyarados|Stone Edge|p2b: Sinistcha\n|-crit|p2b: Sinistcha\n|-damage|p2b: Sinistcha|67\/100 par\n|cant|p2b: Sinistcha|par\n|move|p1b: Torkoal|Earth Power|p2b: Sinistcha\n|-damage|p2b: Sinistcha|37\/100 par\n|\n|upkeep\n|turn|15\n|\n|t:|1700083988\n|move|p1a: Gyarados|Taunt|p2b: Sinistcha\n|-start|p2b: Sinistcha|move: Taunt\n|cant|p2b: Sinistcha|move: Taunt|Strength Sap\n|move|p1b: Torkoal|Earth Power|p2b: Sinistcha\n|-damage|p2b: Sinistcha|6\/100 par\n|\n|upkeep\n|turn|16\n|-message|Mepe Murp forfeited.\n|\n|win|TheColorRedYT\n|n|\u2606TheColorRedYT|thecolorredyt\n|n|\u2606Mepe Murp|mepemurp\n|n| DarkMcL0vin|darkmcl0vin\n|l|\u2606Mepe Murp\n|l| DarkMcL0vin\n","uploadtime":1700084001,"views":9,"p1id":"thecolorredyt","p2id":"mepemurp","formatid":"gen9vgc2023regulatione","rating":0,"private":0,"password":""}