{"id":"gen9vgc2023regulatione-1990173428","p1":"5Sscreen","p2":"IAmAchilles","format":"[Gen 9] VGC 2023 Regulation E","log":"|j|\u26065Sscreen\n|j|\u2606IAmAchilles\n|t:|1699932811\n|gametype|doubles\n|player|p1|5Sscreen|pokekid|1225\n|player|p2|IAmAchilles|gambler|1325\n|teamsize|p1|6\n|teamsize|p2|6\n|gen|9\n|tier|[Gen 9] VGC 2023 Regulation E\n|rated|\n|rule|Species Clause: Limit one of each Pok\u00e9mon\n|rule|Item Clause: Limit one of each item\n|clearpoke\n|poke|p1|Goodra-Hisui, L50, M|\n|poke|p1|Sinistcha, L50|\n|poke|p1|Bellibolt, L50, M|\n|poke|p1|Landorus-Therian, L50, M|\n|poke|p1|Grimmsnarl, L50, M|\n|poke|p1|Corviknight, L50, F|\n|poke|p2|Dragonite, L50, M|\n|poke|p2|Sinistcha-Masterpiece, L50|\n|poke|p2|Ninetales-Alola, L50, F|\n|poke|p2|Milotic, L50, M|\n|poke|p2|Heatran, L50, F|\n|poke|p2|Iron Hands, L50|\n|teampreview|4\n|inactive|Battle timer is ON: inactive players will automatically lose when time's up. (requested by IAmAchilles)\n|inactive|IAmAchilles has 60 seconds left.\n|\n|t:|1699932850\n|start\n|switch|p1a: Grimmsnarl|Grimmsnarl, L50, M|100\/100\n|switch|p1b: Goodra|Goodra-Hisui, L50, M|100\/100\n|switch|p2a: Milotic|Milotic, L50, M, shiny|100\/100\n|switch|p2b: Iron Hands|Iron Hands, L50|100\/100\n|turn|1\n|inactive|5Sscreen has 30 seconds left.\n|inactive|IAmAchilles has 30 seconds left.\n|\n|t:|1699932885\n|move|p1a: Grimmsnarl|Light Screen|p1a: Grimmsnarl\n|-sidestart|p1: 5Sscreen|move: Light Screen\n|move|p2b: Iron Hands|Belly Drum|p2b: Iron Hands\n|-damage|p2b: Iron Hands|50\/100\n|-setboost|p2b: Iron Hands|atk|6|[from] move: Belly Drum\n|-enditem|p2b: Iron Hands|Sitrus Berry|[eat]\n|-heal|p2b: Iron Hands|75\/100|[from] item: Sitrus Berry\n|move|p2a: Milotic|Scald|p1a: Grimmsnarl\n|-damage|p1a: Grimmsnarl|80\/100\n|-status|p1a: Grimmsnarl|brn\n|move|p1b: Goodra|Shelter|p1b: Goodra\n|-boost|p1b: Goodra|def|2\n|\n|-damage|p1a: Grimmsnarl|74\/100 brn|[from] brn\n|upkeep\n|turn|2\n|inactive|5Sscreen has 30 seconds left.\n|inactive|5Sscreen has 20 seconds left.\n|inactive|5Sscreen has 15 seconds left.\n|inactive|5Sscreen has 10 seconds left.\n|\n|t:|1699932930\n|move|p1a: Grimmsnarl|Reflect|p1a: Grimmsnarl\n|-sidestart|p1: 5Sscreen|Reflect\n|move|p2b: Iron Hands|Drain Punch|p1b: Goodra\n|-supereffective|p1b: Goodra\n|-damage|p1b: Goodra|33\/100\n|-heal|p2b: Iron Hands|100\/100|[from] drain|[of] p1b: Goodra\n|move|p2a: Milotic|Life Dew||[still]|[still]|[spread] \n|-fail|p2a: Milotic|heal\n|-fail|p2b: Iron Hands|heal\n|move|p1b: Goodra|Body Press|p2b: Iron Hands\n|-damage|p2b: Iron Hands|61\/100\n|\n|-heal|p1b: Goodra|39\/100|[from] item: Leftovers\n|-damage|p1a: Grimmsnarl|68\/100 brn|[from] brn\n|upkeep\n|turn|3\n|\n|t:|1699932954\n|-terastallize|p1b: Goodra|Fairy\n|move|p1a: Grimmsnarl|Parting Shot|p2b: Iron Hands\n|-unboost|p2b: Iron Hands|atk|1\n|-unboost|p2b: Iron Hands|spa|1\n|\n|t:|1699932958\n|switch|p1a: Sinistcha|Sinistcha, L50|100\/100|[from] Parting Shot\n|-heal|p1b: Goodra|64\/100|[from] ability: Hospitality|[of] p1a: Sinistcha\n|move|p2b: Iron Hands|Drain Punch|p1b: Goodra\n|-resisted|p1b: Goodra\n|-damage|p1b: Goodra|48\/100\n|-heal|p2b: Iron Hands|67\/100|[from] drain|[of] p1b: Goodra\n|move|p2a: Milotic|Scald|p1a: Sinistcha\n|-resisted|p1a: Sinistcha\n|-damage|p1a: Sinistcha|90\/100\n|move|p1b: Goodra|Body Press|p2b: Iron Hands\n|-damage|p2b: Iron Hands|33\/100\n|\n|-heal|p1b: Goodra|54\/100|[from] item: Leftovers\n|upkeep\n|turn|4\n|inactive|5Sscreen has 30 seconds left.\n|\n|t:|1699932985\n|move|p2b: Iron Hands|Thunder Punch|p1b: Goodra\n|-damage|p1b: Goodra|21\/100\n|move|p2a: Milotic|Life Dew||[still]|[spread] p2a,p2b\n|-fail|p2a: Milotic|heal\n|-heal|p2b: Iron Hands|58\/100\n|move|p1a: Sinistcha|Matcha Gotcha|p2b: Iron Hands|[spread] p2a,p2b\n|-supereffective|p2a: Milotic\n|-damage|p2a: Milotic|57\/100\n|-heal|p1a: Sinistcha|100\/100|[from] drain|[of] p2a: Milotic\n|-damage|p2b: Iron Hands|33\/100\n|move|p1b: Goodra|Life Dew||[still]|[spread] p1a,p1b\n|-fail|p1a: Sinistcha|heal\n|-heal|p1b: Goodra|47\/100\n|\n|-heal|p2a: Milotic|63\/100|[from] item: Leftovers\n|-heal|p1b: Goodra|53\/100|[from] item: Leftovers\n|upkeep\n|turn|5\n|inactive|5Sscreen has 30 seconds left.\n|inactive|IAmAchilles has 30 seconds left.\n|\n|t:|1699933018\n|move|p1a: Sinistcha|Rage Powder|p1a: Sinistcha\n|-singleturn|p1a: Sinistcha|move: Rage Powder\n|move|p2b: Iron Hands|Thunder Punch|p1a: Sinistcha\n|-resisted|p1a: Sinistcha\n|-damage|p1a: Sinistcha|63\/100\n|move|p2a: Milotic|Icy Wind|p1a: Sinistcha|[spread] p1a,p1b\n|-supereffective|p1a: Sinistcha\n|-damage|p1a: Sinistcha|47\/100\n|-damage|p1b: Goodra|48\/100\n|-unboost|p1a: Sinistcha|spe|1\n|-unboost|p1b: Goodra|spe|1\n|-enditem|p1a: Sinistcha|Sitrus Berry|[eat]\n|-heal|p1a: Sinistcha|72\/100|[from] item: Sitrus Berry\n|move|p1b: Goodra|Body Press|p2b: Iron Hands\n|-damage|p2b: Iron Hands|0 fnt\n|faint|p2b: Iron Hands\n|-end|p2b: Iron Hands|Quark Drive|[silent]\n|\n|-heal|p2a: Milotic|69\/100|[from] item: Leftovers\n|-heal|p1b: Goodra|54\/100|[from] item: Leftovers\n|upkeep\n|\n|t:|1699933028\n|switch|p2b: Dragonite|Dragonite, L50, M, shiny|100\/100\n|turn|6\n|\n|t:|1699933047\n|move|p2a: Milotic|Protect|p2a: Milotic\n|-singleturn|p2a: Milotic|Protect\n|move|p1a: Sinistcha|Rage Powder|p1a: Sinistcha\n|-singleturn|p1a: Sinistcha|move: Rage Powder\n|move|p2b: Dragonite|Dragon Dance|p2b: Dragonite\n|-boost|p2b: Dragonite|atk|1\n|-boost|p2b: Dragonite|spe|1\n|move|p1b: Goodra|Life Dew|p1b: Goodra|[spread] p1a,p1b\n|-heal|p1a: Sinistcha|97\/100\n|-heal|p1b: Goodra|79\/100\n|\n|-heal|p2a: Milotic|75\/100|[from] item: Leftovers\n|-heal|p1b: Goodra|85\/100|[from] item: Leftovers\n|upkeep\n|turn|7\n|inactive|5Sscreen has 30 seconds left.\n|\n|t:|1699933075\n|move|p2b: Dragonite|Dragon Dance|p2b: Dragonite\n|-boost|p2b: Dragonite|atk|1\n|-boost|p2b: Dragonite|spe|1\n|move|p2a: Milotic|Icy Wind|p1a: Sinistcha|[spread] p1a,p1b\n|-supereffective|p1a: Sinistcha\n|-damage|p1a: Sinistcha|82\/100\n|-damage|p1b: Goodra|79\/100\n|-unboost|p1a: Sinistcha|spe|1\n|-unboost|p1b: Goodra|spe|1\n|move|p1b: Goodra|Shelter|p1b: Goodra\n|-boost|p1b: Goodra|def|2\n|move|p1a: Sinistcha|Matcha Gotcha|p2b: Dragonite|[spread] p2a,p2b\n|-supereffective|p2a: Milotic\n|-resisted|p2b: Dragonite\n|-damage|p2a: Milotic|32\/100\n|-heal|p1a: Sinistcha|100\/100|[from] drain|[of] p2a: Milotic\n|-damage|p2b: Dragonite|98\/100\n|\n|-heal|p2a: Milotic|38\/100|[from] item: Leftovers\n|-heal|p1b: Goodra|85\/100|[from] item: Leftovers\n|upkeep\n|turn|8\n|\n|t:|1699933096\n|-terastallize|p2a: Milotic|Dragon\n|move|p1a: Sinistcha|Rage Powder|p1a: Sinistcha\n|-singleturn|p1a: Sinistcha|move: Rage Powder\n|move|p2b: Dragonite|Dragon Dance|p2b: Dragonite\n|-boost|p2b: Dragonite|atk|1\n|-boost|p2b: Dragonite|spe|1\n|move|p2a: Milotic|Life Dew|p2a: Milotic|[spread] p2a,p2b\n|-heal|p2a: Milotic|63\/100\n|-heal|p2b: Dragonite|100\/100\n|move|p1b: Goodra|Body Press|p2b: Dragonite\n|-resisted|p2b: Dragonite\n|-crit|p2b: Dragonite\n|-damage|p2b: Dragonite|69\/100\n|\n|-heal|p2a: Milotic|69\/100|[from] item: Leftovers\n|-heal|p1b: Goodra|92\/100|[from] item: Leftovers\n|-sideend|p1: 5Sscreen|move: Light Screen\n|upkeep\n|turn|9\n|\n|t:|1699933119\n|move|p1a: Sinistcha|Rage Powder|p1a: Sinistcha\n|-singleturn|p1a: Sinistcha|move: Rage Powder\n|move|p2b: Dragonite|Dragon Dance|p2b: Dragonite\n|-boost|p2b: Dragonite|atk|1\n|-boost|p2b: Dragonite|spe|1\n|move|p2a: Milotic|Life Dew|p2a: Milotic|[spread] p2a,p2b\n|-heal|p2a: Milotic|94\/100\n|-heal|p2b: Dragonite|94\/100\n|move|p1b: Goodra|Body Press|p2b: Dragonite\n|-resisted|p2b: Dragonite\n|-damage|p2b: Dragonite|54\/100\n|\n|-heal|p2a: Milotic|100\/100|[from] item: Leftovers\n|-heal|p1b: Goodra|98\/100|[from] item: Leftovers\n|-sideend|p1: 5Sscreen|Reflect\n|upkeep\n|turn|10\n|\n|t:|1699933138\n|switch|p2a: Sinistcha|Sinistcha-Masterpiece, L50|100\/100\n|-heal|p2b: Dragonite|79\/100|[from] ability: Hospitality|[of] p2a: Sinistcha\n|move|p1a: Sinistcha|Rage Powder|p1a: Sinistcha\n|-singleturn|p1a: Sinistcha|move: Rage Powder\n|move|p2b: Dragonite|Dragon Claw|p1a: Sinistcha\n|-damage|p1a: Sinistcha|0 fnt\n|faint|p1a: Sinistcha\n|move|p1b: Goodra|Body Press|p2b: Dragonite\n|-resisted|p2b: Dragonite\n|-damage|p2b: Dragonite|40\/100\n|\n|-heal|p1b: Goodra|100\/100|[from] item: Leftovers\n|upkeep\n|\n|t:|1699933154\n|switch|p1a: Grimmsnarl|Grimmsnarl, L50, M|68\/100 brn\n|turn|11\n|inactive|5Sscreen has 30 seconds left.\n|\n|t:|1699933185\n|move|p2a: Sinistcha|Rage Powder|p2a: Sinistcha\n|-singleturn|p2a: Sinistcha|move: Rage Powder\n|move|p1a: Grimmsnarl|Reflect|p1a: Grimmsnarl\n|-sidestart|p1: 5Sscreen|Reflect\n|move|p2b: Dragonite|Dragon Dance|p2b: Dragonite\n|-boost|p2b: Dragonite|atk|1\n|-boost|p2b: Dragonite|spe|1\n|move|p1b: Goodra|Shelter|p1b: Goodra\n|-boost|p1b: Goodra|def|2\n|\n|-damage|p1a: Grimmsnarl|62\/100 brn|[from] brn\n|upkeep\n|turn|12\n|inactive|5Sscreen has 30 seconds left.\n|inactive|5Sscreen has 20 seconds left.\n|\n|t:|1699933220\n|move|p2a: Sinistcha|Rage Powder|p2a: Sinistcha\n|-singleturn|p2a: Sinistcha|move: Rage Powder\n|move|p1a: Grimmsnarl|Parting Shot|p2a: Sinistcha\n|-unboost|p2a: Sinistcha|atk|1\n|-unboost|p2a: Sinistcha|spa|1\n|\n|t:|1699933227\n|switch|p1a: Bellibolt|Bellibolt, L50, M|100\/100|[from] Parting Shot\n|move|p2b: Dragonite|Dragon Dance|p2b: Dragonite\n|-boost|p2b: Dragonite|atk|1\n|-boost|p2b: Dragonite|spe|1\n|move|p1b: Goodra|Heavy Slam|p2a: Sinistcha\n|-damage|p2a: Sinistcha|63\/100\n|\n|upkeep\n|turn|13\n|\n|t:|1699933246\n|move|p2b: Dragonite|Extreme Speed|p1a: Bellibolt\n|-damage|p1a: Bellibolt|41\/100\n|-start|p1a: Bellibolt|Charge|Extreme Speed|[from] ability: Electromorphosis\n|move|p2a: Sinistcha|Rage Powder|p2a: Sinistcha\n|-singleturn|p2a: Sinistcha|move: Rage Powder\n|move|p1a: Bellibolt|Parabolic Charge|p2a: Sinistcha|[spread] p1b,p2a,p2b\n|-resisted|p2a: Sinistcha\n|-damage|p1b: Goodra|75\/100\n|-heal|p1a: Bellibolt|51\/100|[from] drain|[of] p1b: Goodra\n|-damage|p2a: Sinistcha|40\/100\n|-heal|p1a: Bellibolt|61\/100|[from] drain|[of] p2a: Sinistcha\n|-damage|p2b: Dragonite|9\/100\n|-heal|p1a: Bellibolt|74\/100|[from] drain|[of] p2b: Dragonite\n|-end|p1a: Bellibolt|Charge|[silent]\n|move|p1b: Goodra|Heavy Slam|p2a: Sinistcha\n|-damage|p2a: Sinistcha|6\/100\n|\n|-heal|p1b: Goodra|81\/100|[from] item: Leftovers\n|upkeep\n|turn|14\n|\n|t:|1699933268\n|move|p2a: Sinistcha|Rage Powder|p2a: Sinistcha\n|-singleturn|p2a: Sinistcha|move: Rage Powder\n|move|p2b: Dragonite|Dragon Claw|p1a: Bellibolt\n|-damage|p1a: Bellibolt|0 fnt\n|faint|p1a: Bellibolt\n|move|p1b: Goodra|Heavy Slam|p2a: Sinistcha\n|-damage|p2a: Sinistcha|0 fnt\n|faint|p2a: Sinistcha\n|\n|-heal|p1b: Goodra|87\/100|[from] item: Leftovers\n|upkeep\n|\n|t:|1699933278\n|switch|p2a: Milotic|Milotic, L50, M, shiny, tera:Dragon|100\/100\n|switch|p1a: Grimmsnarl|Grimmsnarl, L50, M|62\/100 brn\n|turn|15\n|\n|t:|1699933292\n|move|p2b: Dragonite|Extreme Speed|p1b: Goodra\n|-damage|p1b: Goodra|72\/100\n|move|p1a: Grimmsnarl|Light Screen|p1a: Grimmsnarl\n|-sidestart|p1: 5Sscreen|move: Light Screen\n|move|p2a: Milotic|Life Dew||[still]|[spread] p2a,p2b\n|-fail|p2a: Milotic|heal\n|-heal|p2b: Dragonite|34\/100\n|move|p1b: Goodra|Body Press|p2b: Dragonite\n|-resisted|p2b: Dragonite\n|-damage|p2b: Dragonite|0 fnt\n|faint|p2b: Dragonite\n|\n|-heal|p1b: Goodra|78\/100|[from] item: Leftovers\n|-damage|p1a: Grimmsnarl|56\/100 brn|[from] brn\n|upkeep\n|turn|16\n|\n|t:|1699933309\n|move|p2a: Milotic|Protect|p2a: Milotic\n|-singleturn|p2a: Milotic|Protect\n|move|p1a: Grimmsnarl|Light Screen||[still]\n|-fail|p1a: Grimmsnarl\n|move|p1b: Goodra|Body Press|p2a: Milotic\n|-activate|p2a: Milotic|move: Protect\n|\n|-heal|p1b: Goodra|84\/100|[from] item: Leftovers\n|-damage|p1a: Grimmsnarl|50\/100 brn|[from] brn\n|upkeep\n|turn|17\n|inactive|5Sscreen has 30 seconds left.\n|\n|t:|1699933321\n|move|p1a: Grimmsnarl|Light Screen||[still]\n|-fail|p1a: Grimmsnarl\n|move|p2a: Milotic|Scald|p1a: Grimmsnarl\n|-damage|p1a: Grimmsnarl|30\/100 brn\n|move|p1b: Goodra|Body Press|p2a: Milotic\n|-damage|p2a: Milotic|11\/100\n|\n|-heal|p2a: Milotic|18\/100|[from] item: Leftovers\n|-heal|p1b: Goodra|90\/100|[from] item: Leftovers\n|-damage|p1a: Grimmsnarl|24\/100 brn|[from] brn\n|upkeep\n|turn|18\n|inactive|5Sscreen has 25 seconds left this turn.\n|inactive|5Sscreen has 20 seconds left.\n|-message|IAmAchilles forfeited.\n|\n|win|5Sscreen\n|inactive|5Sscreen has 20 seconds left this turn.\n|raw|5Sscreen's rating: 1225 &rarr; <strong>1257<\/strong><br \/>(+32 for winning)\n|raw|IAmAchilles's rating: 1325 &rarr; <strong>1299<\/strong><br \/>(-26 for losing)\n|l|\u2606IAmAchilles\n","uploadtime":1699933335,"views":20,"p1id":"5sscreen","p2id":"iamachilles","formatid":"gen9vgc2023regulatione","rating":1257,"private":0,"password":""}