{"id":"gen9vgc2023regulatione-1993119959","p1":"Beauty Devon","p2":"CanuckChum","format":"[Gen 9] VGC 2023 Regulation E","log":"|j|\u2606Beauty Devon\n|j|\u2606CanuckChum\n|n|\u2606Beauty Devon|beautydevon\n|n|\u2606CanuckChum|canuckchum\n|html|View the match progress at <a href=\"\/game-bestof3-gen9vgc2023regulatione-1993119958\">game-bestof3-gen9vgc2023regulatione-1993119958<\/a>\n|t:|1700267103\n|gametype|doubles\n|player|p1|Beauty Devon|266|\n|player|p2|CanuckChum|colress|\n|teamsize|p1|6\n|teamsize|p2|6\n|gen|9\n|tier|[Gen 9] VGC 2023 Regulation E\n|rule|Species Clause: Limit one of each Pok\u00e9mon\n|rule|Item Clause: Limit one of each item\n|clearpoke\n|poke|p1|Dondozo, L50, F|\n|poke|p1|Tatsugiri, L50, M|\n|poke|p1|Pelipper, L50, F|\n|poke|p1|Talonflame, L50, M|\n|poke|p1|Klefki, L50, M|\n|poke|p1|Weezing-Galar, L50, F|\n|poke|p2|Pikachu, L50, M|\n|poke|p2|Ogerpon-Wellspring, L50, F|\n|poke|p2|Empoleon, L50, F|\n|poke|p2|Landorus-Therian, L50, M|\n|poke|p2|Weezing, L50, F|\n|poke|p2|Shiftry, L50, M|\n|teampreview|4\n|inactive|Battle timer is ON: inactive players will automatically lose when time's up. (requested by Beauty Devon)\n|inactiveoff|Battle timer is now OFF.\nBeauty Devon rejected open team sheets.\n|c|\u2606CanuckChum|glhf!\n|c|\u2606Beauty Devon|you too :)\n|j| Paycech\n|\n|t:|1700267170\n|start\n|switch|p1a: Pelipper|Pelipper, L50, F|100\/100\n|switch|p1b: Tatsugiri|Tatsugiri, L50, M|100\/100\n|switch|p2a: Pika Pika|Pikachu, L50, M|100\/100\n|switch|p2b: Djinn Buster|Landorus-Therian, L50, M|100\/100\n|-ability|p2b: Djinn Buster|Intimidate|boost\n|-unboost|p1a: Pelipper|atk|1\n|-unboost|p1b: Tatsugiri|atk|1\n|-weather|RainDance|[from] ability: Drizzle|[of] p1a: Pelipper\n|turn|1\n|\n|t:|1700267209\n|-terastallize|p1a: Pelipper|Ground\n|move|p2a: Pika Pika|Discharge|p1a: Pelipper|[spread] p1b\n|-immune|p2b: Djinn Buster\n|-immune|p1a: Pelipper\n|-damage|p1b: Tatsugiri|54\/100\n|move|p2b: Djinn Buster|Rock Slide|p1a: Pelipper|[spread] p1a,p1b\n|-resisted|p1a: Pelipper\n|-damage|p1a: Pelipper|89\/100\n|-damage|p1b: Tatsugiri|9\/100\n|move|p1b: Tatsugiri|Draco Meteor|p2a: Pika Pika\n|-damage|p2a: Pika Pika|0 fnt\n|-unboost|p1b: Tatsugiri|spa|2\n|faint|p2a: Pika Pika\n|cant|p1a: Pelipper|flinch\n|\n|-weather|RainDance|[upkeep]\n|upkeep\n|\n|t:|1700267228\n|switch|p2a: Shifty Spirit|Shiftry, L50, M|100\/100\n|turn|2\n|\n|t:|1700267258\n|switch|p1b: Dondozo|Dondozo, L50, F|100\/100\n|move|p2a: Shifty Spirit|Leaf Blade|p1a: Pelipper\n|-supereffective|p1a: Pelipper\n|-damage|p1a: Pelipper|2\/100\n|move|p2b: Djinn Buster|Rock Slide|p1b: Dondozo|[spread] p1a,p1b\n|-resisted|p1a: Pelipper\n|-damage|p1a: Pelipper|0 fnt\n|-damage|p1b: Dondozo|86\/100\n|faint|p1a: Pelipper\n|\n|-weather|RainDance|[upkeep]\n|upkeep\n|\n|t:|1700267276\n|switch|p1a: Talonflame|Talonflame, L50, M|100\/100\n|turn|3\n|\n|t:|1700267340\n|switch|p2a: Pollution B|Weezing, L50, F|100\/100\n|-ability|p2a: Pollution B|Neutralizing Gas\n|move|p1a: Talonflame|Flare Blitz|p2a: Pollution B\n|-damage|p2a: Pollution B|86\/100\n|-damage|p1a: Talonflame|95\/100|[from] Recoil\n|move|p2b: Djinn Buster|Rock Slide|p1b: Dondozo|[spread] p1a,p1b\n|-supereffective|p1a: Talonflame\n|-damage|p1a: Talonflame|0 fnt\n|-damage|p1b: Dondozo|72\/100\n|faint|p1a: Talonflame\n|cant|p1b: Dondozo|flinch\n|\n|-weather|RainDance|[upkeep]\n|-heal|p2a: Pollution B|92\/100|[from] item: Black Sludge\n|upkeep\n|\n|t:|1700267351\n|switch|p1a: Tatsugiri|Tatsugiri, L50, M|9\/100\n|turn|4\n|c|\u2606Beauty Devon|ooooh that's right they changed how commander works i forgot it used to ignore it but now it gets got by it!\n|\n|t:|1700267391\n|move|p2b: Djinn Buster|U-turn|p1a: Tatsugiri\n|-damage|p1a: Tatsugiri|0 fnt\n|faint|p1a: Tatsugiri\n|\n|t:|1700267394\n|switch|p2b: Shifty Spirit|Shiftry, L50, M|100\/100|[from] U-turn\n|move|p2a: Pollution B|Taunt|p1b: Dondozo\n|-start|p1b: Dondozo|move: Taunt\n|cant|p1b: Dondozo|move: Taunt|Curse\n|\n|-weather|RainDance|[upkeep]\n|-heal|p2a: Pollution B|98\/100|[from] item: Black Sludge\n|upkeep\n|turn|5\n|\n|t:|1700267416\n|move|p2b: Shifty Spirit|Leaf Blade|p1b: Dondozo\n|-supereffective|p1b: Dondozo\n|-damage|p1b: Dondozo|27\/100\n|move|p2a: Pollution B|Will-O-Wisp|p1b: Dondozo\n|-status|p1b: Dondozo|brn\n|move|p1b: Dondozo|Earthquake|p2b: Shifty Spirit|[spread] p2a,p2b\n|-supereffective|p2a: Pollution B\n|-crit|p2a: Pollution B\n|-resisted|p2b: Shifty Spirit\n|-damage|p2a: Pollution B|74\/100\n|-damage|p2b: Shifty Spirit|91\/100\n|\n|-weather|RainDance|[upkeep]\n|-heal|p2a: Pollution B|80\/100|[from] item: Black Sludge\n|-damage|p1b: Dondozo|20\/100 brn|[from] brn\n|upkeep\n|turn|6\n|l| Paycech\n|\n|t:|1700267487\n|move|p2b: Shifty Spirit|Leaf Blade|p1b: Dondozo\n|-supereffective|p1b: Dondozo\n|-crit|p1b: Dondozo\n|-damage|p1b: Dondozo|0 fnt\n|faint|p1b: Dondozo\n|\n|win|CanuckChum\n|c|&|\/uhtml prompt-beautydevon,Beauty Devon is ready for game 2!\n|inactive|CanuckChum has 50 seconds to confirm battle start!\n|c|&|\/uhtml prompt-canuckchum,CanuckChum is ready for game 2!\nBoth players are ready! Starting next match!\n|l|\u2606Beauty Devon\n","uploadtime":1700267994,"views":11,"p1id":"beautydevon","p2id":"canuckchum","formatid":"gen9vgc2023regulatione","rating":0,"private":0,"password":""}