{"id":"gen9vgc2023regulatione-1999286919","p1":"Valiant 3.0","p2":"int cry","format":"[Gen 9] VGC 2023 Regulation E","log":"|j|\u2606Valiant 3.0\n|j|\u2606int cry\n|n|\u2606Valiant 3.0|valiant30\n|n|\u2606int cry|intcry\n|html|View the match progress at <a href=\"\/game-bestof3-gen9vgc2023regulatione-1999282754\">game-bestof3-gen9vgc2023regulatione-1999282754<\/a>\n|t:|1701055289\n|gametype|doubles\n|player|p1|Valiant 3.0|roxanne|\n|player|p2|int cry|ghetsis-gen5bw|\n|teamsize|p1|6\n|teamsize|p2|6\n|gen|9\n|tier|[Gen 9] VGC 2023 Regulation E\n|rule|Species Clause: Limit one of each Pok\u00e9mon\n|rule|Item Clause: Limit one of each item\n|clearpoke\n|poke|p1|Ogerpon, L50, F|\n|poke|p1|Politoed, L50, M|\n|poke|p1|Thundurus-Therian, L50, M|\n|poke|p1|Chien-Pao, L50|\n|poke|p1|Tinkaton, L50, F|\n|poke|p1|Golem, L50, F|\n|poke|p2|Arcanine-Hisui, L50, M|\n|poke|p2|Urshifu-*, L50, M|\n|poke|p2|Illumise, L50, F|\n|poke|p2|Gholdengo, L50|\n|poke|p2|Goodra, L50, M|\n|poke|p2|Kilowattrel, L50, F|\n|teampreview|4\n|j| Frieren Enjoyer\nint cry rejected open team sheets.\n|\n|t:|1701055344\n|start\n|switch|p1a: Tinkaton|Tinkaton, L50, F|100\/100\n|switch|p1b: Chien-Pao|Chien-Pao, L50|100\/100\n|switch|p2a: Dogbert|Arcanine-Hisui, L50, M, shiny|100\/100\n|switch|p2b: Boss|Goodra, L50, M, shiny|100\/100\n|-ability|p2a: Dogbert|Intimidate|boost\n|-unboost|p1a: Tinkaton|atk|1\n|-unboost|p1b: Chien-Pao|atk|1\n|-ability|p1b: Chien-Pao|Sword of Ruin\n|-ability|p1a: Tinkaton|Mold Breaker\n|turn|1\n|\n|t:|1701055409\n|move|p2b: Boss|Protect|p2b: Boss\n|-singleturn|p2b: Boss|Protect\n|move|p1b: Chien-Pao|Sucker Punch|p2a: Dogbert\n|-damage|p2a: Dogbert|44\/100\n|move|p2a: Dogbert|Rock Slide|p1b: Chien-Pao|[spread] p1a,p1b\n|-resisted|p1a: Tinkaton\n|-supereffective|p1b: Chien-Pao\n|-damage|p1a: Tinkaton|74\/100\n|-damage|p1b: Chien-Pao|20\/100\n|move|p1a: Tinkaton|Knock Off|p2a: Dogbert\n|-damage|p2a: Dogbert|16\/100\n|-enditem|p2a: Dogbert|Choice Scarf|[from] move: Knock Off|[of] p1a: Tinkaton\n|\n|upkeep\n|turn|2\n|\n|t:|1701055432\n|move|p2a: Dogbert|Extreme Speed|p1b: Chien-Pao\n|-damage|p1b: Chien-Pao|0 fnt\n|faint|p1b: Chien-Pao\n|move|p1a: Tinkaton|Gigaton Hammer|p2b: Boss\n|-damage|p2b: Boss|67\/100\n|move|p2b: Boss|Acid Armor|p2b: Boss\n|-boost|p2b: Boss|def|2\n|\n|-heal|p2b: Boss|73\/100|[from] item: Leftovers\n|upkeep\n|\n|t:|1701055448\n|switch|p1b: Politoed|Politoed, L50, M|100\/100\n|turn|3\n|\n|t:|1701055483\n|move|p1a: Tinkaton|Play Rough|p2b: Boss\n|-supereffective|p2b: Boss\n|-damage|p2b: Boss|57\/100\n|move|p2a: Dogbert|Flare Blitz|p1a: Tinkaton\n|-supereffective|p1a: Tinkaton\n|-damage|p1a: Tinkaton|0 fnt\n|faint|p1a: Tinkaton\n|-damage|p2a: Dogbert|0 fnt|[from] Recoil\n|faint|p2a: Dogbert\n|move|p2b: Boss|Body Press|p1b: Politoed\n|-damage|p1b: Politoed|66\/100\n|move|p1b: Politoed|Muddy Water|p2b: Boss\n|-resisted|p2b: Boss\n|-damage|p2b: Boss|48\/100\n|\n|-heal|p2b: Boss|54\/100|[from] item: Leftovers\n|upkeep\n|\n|t:|1701055500\n|switch|p1a: Ogerpon|Ogerpon, L50, F|100\/100\n|switch|p2a: Wally|Illumise, L50, F, shiny|100\/100\n|turn|4\n|\n|t:|1701055544\n|move|p1a: Ogerpon|Spiky Shield|p1a: Ogerpon\n|-singleturn|p1a: Ogerpon|move: Protect\n|move|p2a: Wally|Sunny Day|p2a: Wally\n|-weather|SunnyDay\n|move|p2b: Boss|Acid Armor|p2b: Boss\n|-boost|p2b: Boss|def|2\n|move|p1b: Politoed|Ice Beam|p2b: Boss\n|-supereffective|p2b: Boss\n|-damage|p2b: Boss|27\/100\n|\n|-weather|SunnyDay|[upkeep]\n|-heal|p2b: Boss|33\/100|[from] item: Leftovers\n|upkeep\n|turn|5\n|\n|t:|1701055561\n|move|p2b: Boss|Protect|p2b: Boss\n|-singleturn|p2b: Boss|Protect\n|move|p2a: Wally|Tailwind|p2a: Wally\n|-sidestart|p2: int cry|move: Tailwind\n|move|p1a: Ogerpon|Focus Energy|p1a: Ogerpon\n|-start|p1a: Ogerpon|move: Focus Energy\n|move|p1b: Politoed|Ice Beam|p2b: Boss\n|-activate|p2b: Boss|move: Protect\n|\n|-weather|SunnyDay|[upkeep]\n|-heal|p2b: Boss|40\/100|[from] item: Leftovers\n|upkeep\n|turn|6\n|\n|t:|1701055595\n|-terastallize|p2b: Boss|Fairy\n|move|p2a: Wally|Helping Hand|p2b: Boss\n|-singleturn|p2b: Boss|Helping Hand|[of] p2a: Wally\n|move|p1a: Ogerpon|Spiky Shield|p1a: Ogerpon\n|-singleturn|p1a: Ogerpon|move: Protect\n|move|p2b: Boss|Body Press|p1b: Politoed\n|-damage|p1b: Politoed|0 fnt\n|faint|p1b: Politoed\n|\n|-weather|SunnyDay|[upkeep]\n|-heal|p2b: Boss|46\/100|[from] item: Leftovers\n|upkeep\n|turn|7\n|\n|t:|1701055641\n|-terastallize|p1a: Ogerpon|Grass\n|detailschange|p1a: Ogerpon|Ogerpon-Teal-Tera, L50, F, tera:Grass\n|-ability|p1a: Ogerpon|Embody Aspect (Teal)|boost\n|-boost|p1a: Ogerpon|spe|1\n|move|p2a: Wally|Helping Hand|p2b: Boss\n|-singleturn|p2b: Boss|Helping Hand|[of] p2a: Wally\n|move|p1a: Ogerpon|Ivy Cudgel|p2b: Boss\n|-ability|p2b: Boss|Sap Sipper|boost\n|-boost|p2b: Boss|atk|1\n|move|p2b: Boss|Body Press|p1a: Ogerpon\n|-damage|p1a: Ogerpon|0 fnt\n|faint|p1a: Ogerpon\n|\n|win|int cry\n|c|\u2606Valiant 3.0|yeah makes sense GG\n|l|\u2606Valiant 3.0\n|c|\u2606int cry|ggs\n|l| Frieren Enjoyer\n","uploadtime":1701055670,"views":10,"p1id":"valiant30","p2id":"intcry","formatid":"gen9vgc2023regulatione","rating":0,"private":0,"password":""}