{"id":"gen9vgc2023regulatione-1999166405","p1":"DxTale","p2":"Pohlsepia","format":"[Gen 9] VGC 2023 Regulation E","log":"|j|\u2606DxTale\n|j|\u2606Pohlsepia\n|t:|1701040515\n|gametype|doubles\n|player|p1|DxTale|dragontamer|1322\n|player|p2|Pohlsepia|morty|1417\n|teamsize|p1|6\n|teamsize|p2|6\n|gen|9\n|tier|[Gen 9] VGC 2023 Regulation E\n|rated|\n|rule|Species Clause: Limit one of each Pok\u00e9mon\n|rule|Item Clause: Limit one of each item\n|clearpoke\n|poke|p1|Sylveon, L50, F|\n|poke|p1|Iron Hands, L50|\n|poke|p1|Arcanine-Hisui, L50, M|\n|poke|p1|Sinistcha, L50|\n|poke|p1|Urshifu-*, L50, M|\n|poke|p1|Landorus-Therian, L50, M|\n|poke|p2|Weezing, L50, M|\n|poke|p2|Iron Hands, L50|\n|poke|p2|Farigiraf, L50, F|\n|poke|p2|Gholdengo, L50|\n|poke|p2|Roaring Moon, L50|\n|poke|p2|Milotic, L50, F|\n|teampreview|4\n|inactive|Battle timer is ON: inactive players will automatically lose when time's up. (requested by Pohlsepia)\n|\n|t:|1701040560\n|start\n|switch|p1a: Urshifu|Urshifu, L50, M|100\/100\n|switch|p1b: Sylveon|Sylveon, L50, F|100\/100\n|switch|p2a: Weezing|Weezing, L50, M|100\/100\n|switch|p2b: Iron Hands|Iron Hands, L50|100\/100\n|-ability|p2a: Weezing|Neutralizing Gas\n|turn|1\n|\n|t:|1701040584\n|move|p1b: Sylveon|Detect|p1b: Sylveon\n|-singleturn|p1b: Sylveon|Protect\n|move|p2b: Iron Hands|Fake Out|p1a: Urshifu\n|-damage|p1a: Urshifu|85\/100\n|cant|p1a: Urshifu|flinch\n|move|p2a: Weezing|Will-O-Wisp|p1a: Urshifu\n|-status|p1a: Urshifu|brn\n|\n|-damage|p1a: Urshifu|79\/100 brn|[from] brn\n|upkeep\n|turn|2\n|\n|t:|1701040599\n|switch|p1b: Sinistcha|Sinistcha, L50|100\/100\n|move|p1a: Urshifu|Wicked Blow|p2a: Weezing\n|-crit|p2a: Weezing\n|-damage|p2a: Weezing|60\/100\n|move|p2a: Weezing|Sludge Bomb|p1b: Sinistcha\n|-damage|p1b: Sinistcha|68\/100\n|move|p2b: Iron Hands|Heavy Slam|p1b: Sinistcha\n|-crit|p1b: Sinistcha\n|-damage|p1b: Sinistcha|13\/100\n|\n|-heal|p2a: Weezing|66\/100|[from] item: Leftovers\n|-damage|p1a: Urshifu|74\/100 brn|[from] brn\n|upkeep\n|turn|3\n|\n|t:|1701040619\n|switch|p1b: Arcanine|Arcanine-Hisui, L50, M|100\/100\n|-end|p2b: Iron Hands|Quark Drive|[silent]\n|switch|p2b: Milotic|Milotic, L50, F, shiny|100\/100\n|move|p2a: Weezing|Protect|p2a: Weezing\n|-singleturn|p2a: Weezing|Protect\n|move|p1a: Urshifu|Wicked Blow|p2a: Weezing\n|-activate|p2a: Weezing|move: Protect\n|\n|-heal|p2a: Weezing|72\/100|[from] item: Leftovers\n|-damage|p1a: Urshifu|68\/100 brn|[from] brn\n|upkeep\n|turn|4\n|\n|t:|1701040638\n|switch|p1b: Sinistcha|Sinistcha, L50|13\/100\n|move|p1a: Urshifu|Wicked Blow|p2b: Milotic\n|-crit|p2b: Milotic\n|-damage|p2b: Milotic|68\/100\n|move|p2b: Milotic|Scald|p1b: Sinistcha\n|-resisted|p1b: Sinistcha\n|-damage|p1b: Sinistcha|0 fnt\n|faint|p1b: Sinistcha\n|move|p2a: Weezing|Sludge Bomb|p1a: Urshifu\n|-damage|p1a: Urshifu|25\/100 brn\n|\n|-heal|p2a: Weezing|78\/100|[from] item: Leftovers\n|-damage|p1a: Urshifu|19\/100 brn|[from] brn\n|upkeep\n|\n|t:|1701040650\n|switch|p1b: Sylveon|Sylveon, L50, F|100\/100\n|turn|5\n|\n|t:|1701040662\n|move|p1a: Urshifu|Wicked Blow|p2b: Milotic\n|-crit|p2b: Milotic\n|-damage|p2b: Milotic|35\/100\n|move|p2b: Milotic|Life Dew|p2b: Milotic|[spread] p2a,p2b\n|-heal|p2a: Weezing|100\/100\n|-heal|p2b: Milotic|60\/100\n|move|p2a: Weezing|Sludge Bomb|p1b: Sylveon\n|-supereffective|p1b: Sylveon\n|-damage|p1b: Sylveon|62\/100\n|move|p1b: Sylveon|Psyshock|p2a: Weezing\n|-supereffective|p2a: Weezing\n|-damage|p2a: Weezing|32\/100\n|\n|-heal|p2a: Weezing|38\/100|[from] item: Leftovers\n|-damage|p1a: Urshifu|14\/100 brn|[from] brn\n|upkeep\n|turn|6\n|j| Lanorak095\n|\n|t:|1701040679\n|move|p2a: Weezing|Protect|p2a: Weezing\n|-singleturn|p2a: Weezing|Protect\n|move|p1a: Urshifu|Wicked Blow|p2a: Weezing\n|-activate|p2a: Weezing|move: Protect\n|move|p2b: Milotic|Life Dew|p2b: Milotic|[spread] p2a,p2b\n|-heal|p2a: Weezing|63\/100\n|-heal|p2b: Milotic|86\/100\n|move|p1b: Sylveon|Psyshock|p2a: Weezing\n|-activate|p2a: Weezing|move: Protect\n|\n|-heal|p2a: Weezing|69\/100|[from] item: Leftovers\n|-damage|p1a: Urshifu|8\/100 brn|[from] brn\n|upkeep\n|turn|7\n|\n|t:|1701040703\n|-end|p2a: Weezing|ability: Neutralizing Gas\n|switch|p2a: Roaring Moon|Roaring Moon, L50|100\/100\n|-enditem|p2a: Roaring Moon|Booster Energy\n|-activate|p2a: Roaring Moon|ability: Protosynthesis|[fromitem]\n|-start|p2a: Roaring Moon|protosynthesisatk\n|move|p1a: Urshifu|Wicked Blow|p2a: Roaring Moon\n|-resisted|p2a: Roaring Moon\n|-crit|p2a: Roaring Moon\n|-damage|p2a: Roaring Moon|72\/100\n|move|p2b: Milotic|Icy Wind|p1a: Urshifu|[spread] p1a,p1b\n|-damage|p1a: Urshifu|0 fnt\n|-damage|p1b: Sylveon|55\/100\n|-unboost|p1b: Sylveon|spe|1\n|faint|p1a: Urshifu\n|move|p1b: Sylveon|Psyshock|p2a: Roaring Moon\n|-immune|p2a: Roaring Moon\n|\n|upkeep\n|\n|t:|1701040708\n|switch|p1a: Arcanine|Arcanine-Hisui, L50, M|100\/100\n|-ability|p1a: Arcanine|Intimidate|boost\n|-unboost|p2a: Roaring Moon|atk|1\n|-unboost|p2b: Milotic|atk|1\n|-ability|p2b: Milotic|Competitive|boost\n|-boost|p2b: Milotic|spa|2\n|turn|8\n|inactive|Pohlsepia has 30 seconds left.\n|l|\u2606DxTale\n|inactive|DxTale disconnected and has a minute to reconnect!\n|player|p1|\n|\n|t:|1701040738\n|move|p2a: Roaring Moon|Tailwind|p2a: Roaring Moon\n|-sidestart|p2: Pohlsepia|move: Tailwind\n|move|p2b: Milotic|Scald|p1a: Arcanine\n|-supereffective|p1a: Arcanine\n|-damage|p1a: Arcanine|0 fnt\n|faint|p1a: Arcanine\n|move|p1b: Sylveon|Psyshock|p2a: Roaring Moon\n|-immune|p2a: Roaring Moon\n|\n|upkeep\n|turn|9\n|l| Lanorak095\n|inactive|DxTale has 30 seconds left.\n|inactive|DxTale has 20 seconds left.\n|inactive|DxTale has 15 seconds left.\n|inactive|DxTale has 10 seconds left.\n|inactive|DxTale has 5 seconds left.\n|-message|DxTale lost due to inactivity.\n|\n|win|Pohlsepia\n|raw|DxTale's rating: 1322 &rarr; <strong>1307<\/strong><br \/>(-15 for losing)\n|raw|Pohlsepia's rating: 1417 &rarr; <strong>1432<\/strong><br \/>(+15 for winning)\n","uploadtime":1701040800,"views":2,"p1id":"dxtale","p2id":"pohlsepia","formatid":"gen9vgc2023regulatione","rating":1307,"private":0,"password":""}