{"id":"gen9vgc2023regulatione-1990997512","p1":"jahoy","p2":"averagerandbats","format":"[Gen 9] VGC 2023 Regulation E","log":"|j|\u2606jahoy\n|j|\u2606averagerandbats\n|t:|1700025348\n|gametype|doubles\n|player|p1|jahoy|pokemaniac|1168\n|player|p2|averagerandbats|janitor|1219\n|teamsize|p1|6\n|teamsize|p2|6\n|gen|9\n|tier|[Gen 9] VGC 2023 Regulation E\n|rated|\n|rule|Species Clause: Limit one of each Pok\u00e9mon\n|rule|Item Clause: Limit one of each item\n|clearpoke\n|poke|p1|Gholdengo, L50|\n|poke|p1|Iron Hands, L50|\n|poke|p1|Amoonguss, L50, M|\n|poke|p1|Iron Bundle, L50|\n|poke|p1|Pelipper, L50, M|\n|poke|p1|Salamence, L50, M|\n|poke|p2|Zapdos, L50|\n|poke|p2|Arcanine-Hisui, L50, F|\n|poke|p2|Urshifu-*, L50, F|\n|poke|p2|Rillaboom, L50, M|\n|poke|p2|Gholdengo, L50|\n|poke|p2|Ogerpon-Wellspring, L50, F|\n|teampreview|4\n|inactive|Battle timer is ON: inactive players will automatically lose when time's up. (requested by jahoy)\n|inactive|jahoy has 60 seconds left.\n|inactive|averagerandbats has 60 seconds left.\n|inactive|averagerandbats has 30 seconds left.\n|\n|t:|1700025417\n|start\n|switch|p1a: Pelipper|Pelipper, L50, M|100\/100\n|switch|p1b: Salamence|Salamence, L50, M|100\/100\n|switch|p2a: Zapdos|Zapdos, L50|100\/100\n|switch|p2b: Arcanine|Arcanine-Hisui, L50, F|100\/100\n|-ability|p1b: Salamence|Intimidate|boost\n|-unboost|p2a: Zapdos|atk|1\n|-unboost|p2b: Arcanine|atk|1\n|-ability|p2b: Arcanine|Intimidate|boost\n|-unboost|p1a: Pelipper|atk|1\n|-unboost|p1b: Salamence|atk|1\n|-weather|RainDance|[from] ability: Drizzle|[of] p1a: Pelipper\n|turn|1\n|inactive|jahoy has 30 seconds left.\n|\n|t:|1700025452\n|move|p1b: Salamence|Tailwind|p1b: Salamence\n|-sidestart|p1: jahoy|move: Tailwind\n|move|p1a: Pelipper|Weather Ball|p2b: Arcanine\n|-supereffective|p2b: Arcanine\n|-damage|p2b: Arcanine|0 fnt\n|faint|p2b: Arcanine\n|move|p2a: Zapdos|Tailwind|p2a: Zapdos\n|-sidestart|p2: averagerandbats|move: Tailwind\n|\n|-weather|RainDance|[upkeep]\n|upkeep\n|\n|t:|1700025464\n|switch|p2b: Ogerpon|Ogerpon-Wellspring, L50, F|100\/100\n|turn|2\n|inactive|jahoy has 30 seconds left.\n|\n|t:|1700025496\n|switch|p1b: Gholdengo|Gholdengo, L50|100\/100\n|-terastallize|p2b: Ogerpon|Water\n|detailschange|p2b: Ogerpon|Ogerpon-Wellspring-Tera, L50, F, tera:Water\n|-ability|p2b: Ogerpon|Embody Aspect (Wellspring)|boost\n|-boost|p2b: Ogerpon|spd|1\n|move|p2b: Ogerpon|Ivy Cudgel|p1b: Gholdengo|[anim] Ivy Cudgel Water\n|-damage|p1b: Gholdengo|0 fnt\n|faint|p1b: Gholdengo\n|move|p1a: Pelipper|Hurricane|p2b: Ogerpon\n|-damage|p2b: Ogerpon|76\/100\n|-start|p2b: Ogerpon|confusion\n|move|p2a: Zapdos|Thunderbolt|p1a: Pelipper\n|-supereffective|p1a: Pelipper\n|-enditem|p1a: Pelipper|Focus Sash\n|-damage|p1a: Pelipper|1\/100\n|\n|-weather|RainDance|[upkeep]\n|upkeep\n|inactive|jahoy has 30 seconds left.\n|\n|t:|1700025521\n|switch|p1b: Salamence|Salamence, L50, M|100\/100\n|-ability|p1b: Salamence|Intimidate|boost\n|-unboost|p2a: Zapdos|atk|1\n|-unboost|p2b: Ogerpon|atk|1\n|turn|3\n|\n|t:|1700025540\n|switch|p2b: Rillaboom|Rillaboom, L50, M, shiny|100\/100\n|-fieldstart|move: Grassy Terrain|[from] ability: Grassy Surge|[of] p2b: Rillaboom\n|move|p1a: Pelipper|Protect|p1a: Pelipper\n|-singleturn|p1a: Pelipper|Protect\n|move|p1b: Salamence|Hurricane|p2b: Rillaboom\n|-supereffective|p2b: Rillaboom\n|-damage|p2b: Rillaboom|19\/100\n|move|p2a: Zapdos|Thunderbolt|p1b: Salamence\n|-damage|p1b: Salamence|55\/100\n|\n|-weather|RainDance|[upkeep]\n|-heal|p2b: Rillaboom|25\/100|[from] Grassy Terrain\n|upkeep\n|turn|4\n|inactive|averagerandbats has 30 seconds left.\n|\n|t:|1700025566\n|move|p2b: Rillaboom|Fake Out|p1a: Pelipper\n|-damage|p1a: Pelipper|0 fnt\n|faint|p1a: Pelipper\n|move|p1b: Salamence|Hurricane|p2a: Zapdos\n|-resisted|p2a: Zapdos\n|-damage|p2a: Zapdos|77\/100\n|-start|p2a: Zapdos|confusion\n|-activate|p2a: Zapdos|confusion\n|move|p2a: Zapdos|Thunderbolt|p1b: Salamence\n|-damage|p1b: Salamence|11\/100\n|\n|-weather|RainDance|[upkeep]\n|-heal|p2b: Rillaboom|32\/100|[from] Grassy Terrain\n|-sideend|p2: averagerandbats|move: Tailwind\n|-sideend|p1: jahoy|move: Tailwind\n|upkeep\n|\n|t:|1700025577\n|switch|p1a: Iron Bundle|Iron Bundle, L50|100\/100\n|-enditem|p1a: Iron Bundle|Booster Energy\n|-activate|p1a: Iron Bundle|ability: Quark Drive|[fromitem]\n|-start|p1a: Iron Bundle|quarkdrivespe\n|turn|5\n|inactive|averagerandbats has 30 seconds left.\n|\n|t:|1700025607\n|move|p2b: Rillaboom|Grassy Glide|p1a: Iron Bundle\n|-supereffective|p1a: Iron Bundle\n|-damage|p1a: Iron Bundle|33\/100\n|move|p1a: Iron Bundle|Icy Wind|p2b: Rillaboom|[spread] p2a,p2b\n|-supereffective|p2a: Zapdos\n|-supereffective|p2b: Rillaboom\n|-damage|p2a: Zapdos|40\/100\n|-damage|p2b: Rillaboom|6\/100\n|-unboost|p2a: Zapdos|spe|1\n|-unboost|p2b: Rillaboom|spe|1\n|move|p1b: Salamence|Hurricane|p2a: Zapdos\n|-resisted|p2a: Zapdos\n|-damage|p2a: Zapdos|15\/100\n|-end|p2a: Zapdos|confusion\n|move|p2a: Zapdos|Thunderbolt|p1b: Salamence\n|-damage|p1b: Salamence|0 fnt\n|faint|p1b: Salamence\n|\n|-weather|none\n|-heal|p1a: Iron Bundle|39\/100|[from] Grassy Terrain\n|-heal|p2b: Rillaboom|12\/100|[from] Grassy Terrain\n|upkeep\n|turn|6\n|inactive|averagerandbats has 30 seconds left.\n|\n|t:|1700025635\n|-terastallize|p1a: Iron Bundle|Ghost\n|move|p2b: Rillaboom|Grassy Glide|p1a: Iron Bundle\n|-damage|p1a: Iron Bundle|2\/100\n|move|p1a: Iron Bundle|Icy Wind|p2b: Rillaboom|[spread] p2a,p2b\n|-supereffective|p2a: Zapdos\n|-supereffective|p2b: Rillaboom\n|-damage|p2a: Zapdos|0 fnt\n|-damage|p2b: Rillaboom|0 fnt\n|faint|p2a: Zapdos\n|faint|p2b: Rillaboom\n|\n|-heal|p1a: Iron Bundle|8\/100|[from] Grassy Terrain\n|upkeep\n|\n|t:|1700025647\n|switch|p2b: Ogerpon|Ogerpon-Wellspring-Tera, L50, F, tera:Water|76\/100\n|-ability|p2b: Ogerpon|Embody Aspect (Wellspring)|boost\n|-boost|p2b: Ogerpon|spd|1\n|turn|7\n|\n|t:|1700025652\n|move|p2b: Ogerpon|Spiky Shield|p2b: Ogerpon\n|-singleturn|p2b: Ogerpon|move: Protect\n|move|p1a: Iron Bundle|Freeze-Dry|p2b: Ogerpon\n|-activate|p2b: Ogerpon|move: Protect\n|\n|-heal|p1a: Iron Bundle|14\/100|[from] Grassy Terrain\n|-heal|p2b: Ogerpon|82\/100|[from] Grassy Terrain\n|-fieldend|move: Grassy Terrain\n|upkeep\n|turn|8\n|\n|t:|1700025663\n|move|p1a: Iron Bundle|Freeze-Dry|p2b: Ogerpon\n|-supereffective|p2b: Ogerpon\n|-damage|p2b: Ogerpon|46\/100\n|move|p2b: Ogerpon|Ivy Cudgel|p1a: Iron Bundle|[anim] Ivy Cudgel Water\n|-crit|p1a: Iron Bundle\n|-damage|p1a: Iron Bundle|0 fnt\n|faint|p1a: Iron Bundle\n|-end|p1a: Iron Bundle|Quark Drive|[silent]\n|\n|win|averagerandbats\n|raw|jahoy's rating: 1168 &rarr; <strong>1147<\/strong><br \/>(-21 for losing)\n|raw|averagerandbats's rating: 1219 &rarr; <strong>1240<\/strong><br \/>(+21 for winning)\n|c|\u2606averagerandbats|gg\n|l|\u2606jahoy\n","uploadtime":1700025676,"views":9,"p1id":"jahoy","p2id":"averagerandbats","formatid":"gen9vgc2023regulatione","rating":1147,"private":0,"password":""}