{"id":"gen9vgc2023regulatione-1996763016","p1":"pokehehe","p2":"Bertorium7","format":"[Gen 9] VGC 2023 Regulation E","log":"|j|\u2606pokehehe\n|j|\u2606Bertorium7\n|t:|1700721081\n|gametype|doubles\n|player|p1|pokehehe|102|1123\n|player|p2|Bertorium7|2|1164\n|teamsize|p1|6\n|teamsize|p2|6\n|gen|9\n|tier|[Gen 9] VGC 2023 Regulation E\n|rated|\n|rule|Species Clause: Limit one of each Pok\u00e9mon\n|rule|Item Clause: Limit one of each item\n|clearpoke\n|poke|p1|Basculegion, L50, M|\n|poke|p1|Tornadus, L50, M|\n|poke|p1|Sinistcha, L50|\n|poke|p1|Dondozo, L50, M|\n|poke|p1|Tatsugiri, L50, F|\n|poke|p1|Kommo-o, L50, M|\n|poke|p2|Okidogi, L50, M|\n|poke|p2|Maushold, L50|\n|poke|p2|Rillaboom, L50, F|\n|poke|p2|Chien-Pao, L50|\n|poke|p2|Landorus-Therian, L50, M|\n|poke|p2|Ogerpon-Hearthflame, L50, F|\n|teampreview|4\n|\n|t:|1700721113\n|start\n|switch|p1a: Tornadus|Tornadus, L50, M|100\/100\n|switch|p1b: Kommo-o|Kommo-o, L50, M|100\/100\n|switch|p2a: Rillaboom|Rillaboom, L50, F|100\/100\n|switch|p2b: Ogerpon|Ogerpon-Hearthflame, L50, F|100\/100\n|-ability|p2b: Ogerpon|Mold Breaker\n|-fieldstart|move: Grassy Terrain|[from] ability: Grassy Surge|[of] p2a: Rillaboom\n|turn|1\n|\n|t:|1700721126\n|move|p2a: Rillaboom|Fake Out|p1b: Kommo-o\n|-damage|p1b: Kommo-o|86\/100\n|move|p1a: Tornadus|Rain Dance|p1a: Tornadus\n|-weather|RainDance\n|move|p2b: Ogerpon|Swords Dance|p2b: Ogerpon\n|-boost|p2b: Ogerpon|atk|2\n|cant|p1b: Kommo-o|flinch\n|\n|-weather|RainDance|[upkeep]\n|-heal|p1b: Kommo-o|92\/100|[from] Grassy Terrain\n|upkeep\n|turn|2\n|\n|t:|1700721153\n|-terastallize|p2a: Rillaboom|Poison\n|move|p1b: Kommo-o|Protect|p1b: Kommo-o\n|-singleturn|p1b: Kommo-o|Protect\n|move|p2b: Ogerpon|Grassy Glide|p1b: Kommo-o\n|-activate|p1b: Kommo-o|move: Protect\n|move|p1a: Tornadus|Bleakwind Storm|p2a: Rillaboom|[spread] p2a,p2b\n|-supereffective|p2b: Ogerpon\n|-damage|p2a: Rillaboom|78\/100\n|-damage|p2b: Ogerpon|37\/100\n|-unboost|p2b: Ogerpon|spe|1\n|move|p2a: Rillaboom|Wood Hammer|p1b: Kommo-o\n|-activate|p1b: Kommo-o|move: Protect\n|\n|-weather|RainDance|[upkeep]\n|-heal|p1b: Kommo-o|98\/100|[from] Grassy Terrain\n|-heal|p2a: Rillaboom|84\/100|[from] Grassy Terrain\n|-heal|p2b: Ogerpon|43\/100|[from] Grassy Terrain\n|upkeep\n|turn|3\n|\n|t:|1700721170\n|-terastallize|p1b: Kommo-o|Steel\n|move|p2b: Ogerpon|Grassy Glide|p1b: Kommo-o\n|-resisted|p1b: Kommo-o\n|-damage|p1b: Kommo-o|58\/100\n|move|p1b: Kommo-o|Clangorous Soul|p1b: Kommo-o\n|-boost|p1b: Kommo-o|atk|1\n|-boost|p1b: Kommo-o|def|1\n|-boost|p1b: Kommo-o|spa|1\n|-boost|p1b: Kommo-o|spd|1\n|-boost|p1b: Kommo-o|spe|1\n|-damage|p1b: Kommo-o|26\/100\n|-enditem|p1b: Kommo-o|Throat Spray\n|-boost|p1b: Kommo-o|spa|1|[from] item: Throat Spray\n|move|p1a: Tornadus|Bleakwind Storm|p2a: Rillaboom|[spread] p2a,p2b\n|-supereffective|p2b: Ogerpon\n|-damage|p2a: Rillaboom|62\/100\n|-damage|p2b: Ogerpon|0 fnt\n|faint|p2b: Ogerpon\n|move|p2a: Rillaboom|Wood Hammer|p1b: Kommo-o\n|-resisted|p1b: Kommo-o\n|-crit|p1b: Kommo-o\n|-damage|p1b: Kommo-o|0 fnt\n|faint|p1b: Kommo-o\n|-damage|p2a: Rillaboom|55\/100|[from] Recoil\n|\n|-weather|RainDance|[upkeep]\n|-heal|p2a: Rillaboom|61\/100|[from] Grassy Terrain\n|upkeep\n|\n|t:|1700721189\n|switch|p2b: Chien-Pao|Chien-Pao, L50|100\/100\n|switch|p1b: Dondozo|Dondozo, L50, M|100\/100\n|-ability|p2b: Chien-Pao|Sword of Ruin\n|turn|4\n|\n|t:|1700721220\n|switch|p1a: Tatsugiri|Tatsugiri, L50, F|100\/100\n|-activate|p1a: Tatsugiri|ability: Commander|[of] p1b: Dondozo\n|-boost|p1b: Dondozo|atk|2\n|-boost|p1b: Dondozo|spa|2\n|-boost|p1b: Dondozo|spe|2\n|-boost|p1b: Dondozo|def|2\n|-boost|p1b: Dondozo|spd|2\n|move|p2b: Chien-Pao|Ice Shard|p1a: Tatsugiri|[miss]\n|-miss|p2b: Chien-Pao|p1a: Tatsugiri\n|move|p2a: Rillaboom|Wood Hammer|p1b: Dondozo\n|-supereffective|p1b: Dondozo\n|-crit|p1b: Dondozo\n|-damage|p1b: Dondozo|0 fnt\n|faint|p1b: Dondozo\n|-damage|p2a: Rillaboom|20\/100|[from] Recoil\n|\n|-weather|RainDance|[upkeep]\n|-heal|p2a: Rillaboom|26\/100|[from] Grassy Terrain\n|upkeep\n|inactive|Battle timer is ON: inactive players will automatically lose when time's up. (requested by Bertorium7)\n|\n|t:|1700721235\n|switch|p1b: Tornadus|Tornadus, L50, M|100\/100\n|turn|5\n|\n|t:|1700721249\n|switch|p2a: Maushold|Maushold, L50|100\/100\n|move|p2b: Chien-Pao|Ice Shard|p1b: Tornadus\n|-supereffective|p1b: Tornadus\n|-damage|p1b: Tornadus|26\/100\n|move|p1a: Tatsugiri|Draco Meteor|p2b: Chien-Pao|[miss]\n|-miss|p1a: Tatsugiri|p2b: Chien-Pao\n|move|p1b: Tornadus|Bleakwind Storm|p2b: Chien-Pao|[spread] p2a,p2b\n|-damage|p2a: Maushold|62\/100\n|-damage|p2b: Chien-Pao|61\/100\n|-unboost|p2a: Maushold|spe|1\n|\n|-weather|none\n|-heal|p2b: Chien-Pao|67\/100|[from] Grassy Terrain\n|-heal|p2a: Maushold|68\/100|[from] Grassy Terrain\n|-fieldend|move: Grassy Terrain\n|upkeep\n|turn|6\n|inactive|pokehehe has 30 seconds left.\n|inactive|pokehehe has 20 seconds left.\n|inactive|pokehehe has 15 seconds left.\n|inactive|pokehehe has 10 seconds left.\n|\n|t:|1700721296\n|move|p2a: Maushold|Follow Me|p2a: Maushold\n|-singleturn|p2a: Maushold|move: Follow Me\n|move|p2b: Chien-Pao|Ice Shard|p1b: Tornadus\n|-supereffective|p1b: Tornadus\n|-damage|p1b: Tornadus|0 fnt\n|faint|p1b: Tornadus\n|move|p1a: Tatsugiri|Chilling Water|p2a: Maushold\n|-damage|p2a: Maushold|38\/100\n|-unboost|p2a: Maushold|atk|1\n|\n|upkeep\n|turn|7\n|-message|pokehehe forfeited.\n|\n|win|Bertorium7\n|raw|pokehehe's rating: 1123 &rarr; <strong>1101<\/strong><br \/>(-22 for losing)\n|raw|Bertorium7's rating: 1164 &rarr; <strong>1186<\/strong><br \/>(+22 for winning)\n|l|\u2606pokehehe\n","uploadtime":1700721315,"views":14,"p1id":"pokehehe","p2id":"bertorium7","formatid":"gen9vgc2023regulatione","rating":1101,"private":0,"password":""}