{"id":"gen9vgc2023regulatione-1990795229","p1":"Aox93","p2":"PureNeutral","format":"[Gen 9] VGC 2023 Regulation E","log":"|j|\u2606Aox93\n|j|\u2606PureNeutral\n|n|\u2606Aox93|aox93\n|n|\u2606PureNeutral|pureneutral\n|html|View the match progress at <a href=\"\/game-bestof3-gen9vgc2023regulatione-1990787838\">game-bestof3-gen9vgc2023regulatione-1990787838<\/a>\n|t:|1700001606\n|gametype|doubles\n|player|p1|Aox93|cynthia-gen4|\n|player|p2|PureNeutral|elesa|\n|teamsize|p1|6\n|teamsize|p2|6\n|gen|9\n|tier|[Gen 9] VGC 2023 Regulation E\n|rule|Species Clause: Limit one of each Pok\u00e9mon\n|rule|Item Clause: Limit one of each item\n|clearpoke\n|poke|p1|Torkoal, L50, F|\n|poke|p1|Lilligant-Hisui, L50, F|\n|poke|p1|Armarouge, L50, M|\n|poke|p1|Indeedee, L50, M|\n|poke|p1|Sneasler, L50, M|\n|poke|p1|Luxray, L50, F|\n|poke|p2|Weavile, L50, M|\n|poke|p2|Jumpluff, L50, F|\n|poke|p2|Brute Bonnet, L50|\n|poke|p2|Flutter Mane, L50|\n|poke|p2|Charjabug, L50, F|\n|poke|p2|Espeon, L50, F|\n|teampreview|4\n|j| downfall18\n|j| pokemon_and_beer\n|c| downfall18|GAME 3\n|c| pokemon_and_beer|G3!!!!\n|c| downfall18|GLHF\n|c| pokemon_and_beer|LETS GOOOOO\n|c| pokemon_and_beer|Hype set\n|c| downfall18|Hearthflame has not had a single 2 match set for week 5\n|l| pokemon_and_beer\n|\n|t:|1700001724\n|start\n|switch|p1a: Sneasler|Sneasler, L50, M, shiny|100\/100\n|switch|p1b: Armarouge|Armarouge, L50, M|100\/100\n|switch|p2a: A\/Problem|Flutter Mane, L50|100\/100\n|switch|p2b: AC\/DC|Charjabug, L50, F, shiny|100\/100\n|turn|1\n|j| pokemon_and_beer\n|\n|t:|1700001756\n|switch|p1b: Indeedee|Indeedee, L50, M, shiny|100\/100\n|-fieldstart|move: Psychic Terrain|[from] ability: Psychic Surge|[of] p1b: Indeedee\n|-enditem|p1a: Sneasler|Psychic Seed\n|-boost|p1a: Sneasler|spd|1|[from] item: Psychic Seed\n|-terastallize|p1a: Sneasler|Poison\n|move|p1a: Sneasler|Dire Claw|p2a: A\/Problem\n|-damage|p2a: A\/Problem|13\/100\n|move|p2a: A\/Problem|Shadow Ball|p1b: Indeedee\n|-immune|p1b: Indeedee\n|move|p2b: AC\/DC|Struggle Bug|p1a: Sneasler|[spread] p1a,p1b\n|-resisted|p1a: Sneasler\n|-supereffective|p1b: Indeedee\n|-damage|p1a: Sneasler|97\/100\n|-damage|p1b: Indeedee|80\/100\n|-unboost|p1a: Sneasler|spa|1\n|-unboost|p1b: Indeedee|spa|1\n|\n|upkeep\n|turn|2\n|\n|t:|1700001781\n|-end|p2a: A\/Problem|Protosynthesis|[silent]\n|switch|p2a: Lespeon|Espeon, L50, F, shiny|100\/100\n|move|p1a: Sneasler|Dire Claw|p2b: AC\/DC\n|-damage|p2b: AC\/DC|63\/100\n|-status|p2b: AC\/DC|psn\n|move|p1b: Indeedee|Dazzling Gleam|p2b: AC\/DC|[spread] p2a,p2b\n|-damage|p2a: Lespeon|88\/100\n|-damage|p2b: AC\/DC|53\/100 psn\n|move|p2b: AC\/DC|Thunder Wave|p1a: Sneasler|[miss]\n|-miss|p2b: AC\/DC|p1a: Sneasler\n|\n|-damage|p2b: AC\/DC|41\/100 psn|[from] psn\n|upkeep\n|turn|3\n|\n|t:|1700001813\n|move|p1a: Sneasler|Protect|p1a: Sneasler\n|-singleturn|p1a: Sneasler|Protect\n|move|p1b: Indeedee|Dazzling Gleam|p2b: AC\/DC|[spread] p2a,p2b\n|-damage|p2a: Lespeon|74\/100\n|-damage|p2b: AC\/DC|32\/100 psn\n|move|p2b: AC\/DC|Lunge|p1a: Sneasler\n|-activate|p1a: Sneasler|move: Protect\n|move|p2a: Lespeon|Trick Room|p2a: Lespeon\n|-fieldstart|move: Trick Room|[of] p2a: Lespeon\n|\n|-damage|p2b: AC\/DC|19\/100 psn|[from] psn\n|upkeep\n|turn|4\n|c|\u2606PureNeutral|this has gone wrong for me very fast\n|\n|t:|1700001833\n|switch|p1b: Torkoal|Torkoal, L50, F, shiny|100\/100\n|-weather|SunnyDay|[from] ability: Drought|[of] p1b: Torkoal\n|switch|p1a: Armarouge|Armarouge, L50, M|100\/100\n|move|p2b: AC\/DC|Struggle Bug|p1b: Torkoal|[spread] p1a,p1b\n|-resisted|p1b: Torkoal\n|-damage|p1a: Armarouge|90\/100\n|-damage|p1b: Torkoal|95\/100\n|-unboost|p1a: Armarouge|spa|1\n|-unboost|p1b: Torkoal|spa|1\n|move|p2a: Lespeon|Psychic|p1a: Armarouge\n|-resisted|p1a: Armarouge\n|-damage|p1a: Armarouge|50\/100\n|\n|-weather|SunnyDay|[upkeep]\n|-damage|p2b: AC\/DC|7\/100 psn|[from] psn\n|upkeep\n|turn|5\n|\n|t:|1700001858\n|move|p2a: Lespeon|Protect|p2a: Lespeon\n|-singleturn|p2a: Lespeon|Protect\n|move|p1b: Torkoal|Eruption|p2b: AC\/DC|[spread] p2b\n|-activate|p2a: Lespeon|move: Protect\n|-supereffective|p2b: AC\/DC\n|-damage|p2b: AC\/DC|0 fnt\n|faint|p2b: AC\/DC\n|move|p1a: Armarouge|Heat Wave|p2a: Lespeon\n|-activate|p2a: Lespeon|move: Protect\n|\n|-weather|SunnyDay|[upkeep]\n|-fieldend|move: Psychic Terrain\n|upkeep\n|\n|t:|1700001870\n|switch|p2b: They\/Them|Brute Bonnet, L50|100\/100\n|-activate|p2b: They\/Them|ability: Protosynthesis\n|-start|p2b: They\/Them|protosynthesisatk\n|turn|6\n|\n|t:|1700001881\n|switch|p1a: Indeedee|Indeedee, L50, M, shiny|80\/100\n|-fieldstart|move: Psychic Terrain|[from] ability: Psychic Surge|[of] p1a: Indeedee\n|-terastallize|p2b: They\/Them|Fire\n|move|p2b: They\/Them|Sucker Punch|p1b: Torkoal\n|-activate|p1b: Torkoal|move: Psychic Terrain\n|move|p1b: Torkoal|Eruption|p2a: Lespeon|[spread] p2a,p2b\n|-resisted|p2b: They\/Them\n|-damage|p2a: Lespeon|14\/100\n|-damage|p2b: They\/Them|78\/100\n|move|p2a: Lespeon|Psychic|p1b: Torkoal\n|-damage|p1b: Torkoal|16\/100\n|\n|-weather|SunnyDay|[upkeep]\n|upkeep\n|turn|7\n|\n|t:|1700001925\n|switch|p1a: Sneasler|Sneasler, L50, M, shiny, tera:Poison|97\/100\n|move|p2a: Lespeon|Protect|p2a: Lespeon\n|-singleturn|p2a: Lespeon|Protect\n|move|p1b: Torkoal|Flamethrower|p2a: Lespeon\n|-activate|p2a: Lespeon|move: Protect\n|move|p2b: They\/Them|Seed Bomb|p1a: Sneasler\n|-resisted|p1a: Sneasler\n|-damage|p1a: Sneasler|51\/100\n|\n|-weather|SunnyDay|[upkeep]\n|-fieldend|move: Trick Room\n|upkeep\n|turn|8\n|\n|t:|1700001954\n|move|p1a: Sneasler|Dire Claw|p2a: Lespeon\n|-damage|p2a: Lespeon|0 fnt\n|faint|p2a: Lespeon\n|move|p2b: They\/Them|Spore|p1a: Sneasler\n|-status|p1a: Sneasler|slp|[from] move: Spore\n|move|p1b: Torkoal|Earth Power|p2b: They\/Them\n|-supereffective|p2b: They\/Them\n|-damage|p2b: They\/Them|47\/100\n|\n|-weather|none\n|-end|p2b: They\/Them|Protosynthesis\n|upkeep\n|\n|t:|1700001964\n|switch|p2a: A\/Problem|Flutter Mane, L50|13\/100\n|turn|9\n|\n|t:|1700001987\n|cant|p1a: Sneasler|slp\n|move|p2a: A\/Problem|Dazzling Gleam|p1a: Sneasler|[spread] p1a,p1b\n|-resisted|p1a: Sneasler\n|-resisted|p1b: Torkoal\n|-damage|p1a: Sneasler|19\/100 slp\n|-damage|p1b: Torkoal|0 fnt\n|faint|p1b: Torkoal\n|move|p2b: They\/Them|Seed Bomb|p1a: Sneasler\n|-resisted|p1a: Sneasler\n|-damage|p1a: Sneasler|0 fnt\n|faint|p1a: Sneasler\n|\n|upkeep\n|\n|t:|1700001999\n|switch|p1a: Indeedee|Indeedee, L50, M, shiny|80\/100\n|switch|p1b: Armarouge|Armarouge, L50, M|50\/100\n|turn|10\n|\n|t:|1700002053\n|move|p1a: Indeedee|Psychic|p2a: A\/Problem\n|-damage|p2a: A\/Problem|0 fnt\n|faint|p2a: A\/Problem\n|-end|p2a: A\/Problem|Protosynthesis|[silent]\n|move|p1b: Armarouge|Expanding Force|p2b: They\/Them\n|-damage|p2b: They\/Them|0 fnt\n|faint|p2b: They\/Them\n|-end|p2b: They\/Them|Protosynthesis|[silent]\n|-damage|p1b: Armarouge|40\/100|[from] item: Life Orb\n|\n|win|Aox93\n|c| pokemon_and_beer|GGs!\n|c|\u2606Aox93|Tight match ggs!\n|c| pokemon_and_beer|Well played\n|c| downfall18|Wow what an ending\n|l|\u2606Aox93\n|c| downfall18|ggs\n|c|\u2606PureNeutral|fastest psyspam in the west\n|c|\u2606PureNeutral|gg\n|l| pokemon_and_beer\n|l| downfall18\n","uploadtime":1700002230,"views":21,"p1id":"aox93","p2id":"pureneutral","formatid":"gen9vgc2023regulatione","rating":0,"private":0,"password":""}