{"id":"gen9vgc2023regulatione-2000546637","p1":"sabj","p2":"jthesnake123","format":"[Gen 9] VGC 2023 Regulation E","log":"|j|\u2606sabj\n|j|\u2606jthesnake123\n|t:|1701204146\n|gametype|doubles\n|player|p1|sabj|ingo|1319\n|player|p2|jthesnake123|265|1325\n|teamsize|p1|6\n|teamsize|p2|6\n|gen|9\n|tier|[Gen 9] VGC 2023 Regulation E\n|rated|\n|rule|Species Clause: Limit one of each Pok\u00e9mon\n|rule|Item Clause: Limit one of each item\n|clearpoke\n|poke|p1|Ninetales-Alola, L50, F|\n|poke|p1|Baxcalibur, L50, M|\n|poke|p1|Landorus-Therian, L50, M|\n|poke|p1|Ogerpon-Wellspring, L50, F|\n|poke|p1|Volcarona, L50, F|\n|poke|p1|Urshifu-*, L50, F|\n|poke|p2|Farigiraf, L50, M|\n|poke|p2|Landorus, L50, M|\n|poke|p2|Urshifu-*, L50, F|\n|poke|p2|Heatran, L50, F|\n|poke|p2|Iron Bundle, L50|\n|poke|p2|Rillaboom, L50, F|\n|teampreview|4\njthesnake123 rejected open team sheets.\n|\n|t:|1701204209\n|start\n|switch|p1a: Ninetales|Ninetales-Alola, L50, F|100\/100\n|switch|p1b: Ogerpon|Ogerpon-Wellspring, L50, F|100\/100\n|switch|p2a: Iron Bundle|Iron Bundle, L50|100\/100\n|switch|p2b: Heatran|Heatran, L50, F|100\/100\n|-weather|Snow|[from] ability: Snow Warning|[of] p1a: Ninetales\n|-enditem|p2a: Iron Bundle|Booster Energy\n|-activate|p2a: Iron Bundle|ability: Quark Drive|[fromitem]\n|-start|p2a: Iron Bundle|quarkdrivespe\n|turn|1\n|inactive|Battle timer is ON: inactive players will automatically lose when time's up. (requested by jthesnake123)\n|\n|t:|1701204232\n|switch|p1a: Landorus|Landorus-Therian, L50, M|100\/100\n|-ability|p1a: Landorus|Intimidate|boost\n|-unboost|p2a: Iron Bundle|atk|1\n|-unboost|p2b: Heatran|atk|1\n|move|p1b: Ogerpon|Spiky Shield|p1b: Ogerpon\n|-singleturn|p1b: Ogerpon|move: Protect\n|move|p2a: Iron Bundle|Freeze-Dry|p1b: Ogerpon\n|-activate|p1b: Ogerpon|move: Protect\n|move|p2b: Heatran|Flash Cannon|p1a: Landorus\n|-damage|p1a: Landorus|65\/100\n|\n|-weather|Snow|[upkeep]\n|upkeep\n|turn|2\n|inactive|sabj has 30 seconds left.\n|inactive|jthesnake123 has 30 seconds left.\n|inactive|sabj has 20 seconds left.\n|\n|t:|1701204271\n|switch|p1a: Ninetales|Ninetales-Alola, L50, F|100\/100\n|switch|p2b: Landorus|Landorus, L50, M|100\/100\n|-terastallize|p1b: Ogerpon|Water\n|detailschange|p1b: Ogerpon|Ogerpon-Wellspring-Tera, L50, F, tera:Water\n|-ability|p1b: Ogerpon|Embody Aspect (Wellspring)|boost\n|-boost|p1b: Ogerpon|spd|1\n|move|p2a: Iron Bundle|Encore|p1b: Ogerpon\n|-start|p1b: Ogerpon|Encore\n|move|p1b: Ogerpon|Spiky Shield||[still]\n|-fail|p1b: Ogerpon\n|\n|-weather|Snow|[upkeep]\n|upkeep\n|turn|3\n|inactive|sabj has 30 seconds left.\n|inactive|sabj has 20 seconds left.\n|\n|t:|1701204307\n|switch|p2b: Heatran|Heatran, L50, F|100\/100\n|move|p1b: Ogerpon|Spiky Shield|p1b: Ogerpon\n|-singleturn|p1b: Ogerpon|move: Protect\n|move|p2a: Iron Bundle|Icy Wind|p1a: Ninetales|[spread] \n|-activate|p1b: Ogerpon|move: Protect\n|-miss|p2a: Iron Bundle|p1a: Ninetales\n|move|p1a: Ninetales|Icy Wind|p2b: Heatran|[spread] p2a,p2b\n|-resisted|p2a: Iron Bundle\n|-resisted|p2b: Heatran\n|-damage|p2a: Iron Bundle|96\/100\n|-damage|p2b: Heatran|98\/100\n|-unboost|p2a: Iron Bundle|spe|1\n|-unboost|p2b: Heatran|spe|1\n|\n|-weather|Snow|[upkeep]\n|upkeep\n|turn|4\n|inactive|sabj has 30 seconds left.\n|inactive|sabj has 20 seconds left.\n|inactive|sabj has 15 seconds left.\n|\n|t:|1701204351\n|switch|p1a: Landorus|Landorus-Therian, L50, M|65\/100\n|-ability|p1a: Landorus|Intimidate|boost\n|-unboost|p2a: Iron Bundle|atk|1\n|-unboost|p2b: Heatran|atk|1\n|switch|p1b: Urshifu|Urshifu, L50, F|100\/100\n|move|p2a: Iron Bundle|Freeze-Dry|p1b: Urshifu\n|-damage|p1b: Urshifu|63\/100\n|move|p2b: Heatran|Flash Cannon|p1a: Landorus\n|-damage|p1a: Landorus|29\/100\n|-unboost|p1a: Landorus|spd|1\n|\n|-weather|Snow|[upkeep]\n|upkeep\n|turn|5\n|inactive|sabj has 30 seconds left.\n|inactive|jthesnake123 has 30 seconds left.\n|\n|t:|1701204380\n|-terastallize|p2b: Heatran|Fairy\n|move|p1b: Urshifu|Close Combat|p2a: Iron Bundle\n|-supereffective|p2a: Iron Bundle\n|-damage|p2a: Iron Bundle|7\/100\n|-unboost|p1b: Urshifu|def|1\n|-unboost|p1b: Urshifu|spd|1\n|move|p2a: Iron Bundle|Icy Wind|p1a: Landorus|[spread] p1a,p1b\n|-supereffective|p1a: Landorus\n|-damage|p1a: Landorus|0 fnt\n|-damage|p1b: Urshifu|29\/100\n|-unboost|p1b: Urshifu|spe|1\n|faint|p1a: Landorus\n|move|p2b: Heatran|Tera Blast|p1b: Urshifu|[anim] Tera Blast Fairy\n|-supereffective|p1b: Urshifu\n|-damage|p1b: Urshifu|0 fnt\n|faint|p1b: Urshifu\n|\n|-weather|none\n|upkeep\n|\n|t:|1701204389\n|switch|p1a: Ninetales|Ninetales-Alola, L50, F|100\/100\n|switch|p1b: Ogerpon|Ogerpon-Wellspring-Tera, L50, F, tera:Water|100\/100\n|-weather|Snow|[from] ability: Snow Warning|[of] p1a: Ninetales\n|-ability|p1b: Ogerpon|Embody Aspect (Wellspring)|boost\n|-boost|p1b: Ogerpon|spd|1\n|turn|6\n|inactive|jthesnake123 has 30 seconds left.\n|\n|t:|1701204415\n|move|p2a: Iron Bundle|Icy Wind|p1a: Ninetales|[spread] p1a,p1b\n|-resisted|p1a: Ninetales\n|-resisted|p1b: Ogerpon\n|-damage|p1a: Ninetales|89\/100\n|-damage|p1b: Ogerpon|94\/100\n|-unboost|p1a: Ninetales|spe|1\n|-unboost|p1b: Ogerpon|spe|1\n|move|p1a: Ninetales|Freeze-Dry|p2a: Iron Bundle\n|-damage|p2a: Iron Bundle|0 fnt\n|faint|p2a: Iron Bundle\n|-end|p2a: Iron Bundle|Quark Drive|[silent]\n|move|p1b: Ogerpon|Ivy Cudgel|p2b: Heatran|[anim] Ivy Cudgel Water\n|-damage|p2b: Heatran|27\/100\n|move|p2b: Heatran|Flash Cannon|p1a: Ninetales\n|-supereffective|p1a: Ninetales\n|-damage|p1a: Ninetales|0 fnt\n|faint|p1a: Ninetales\n|\n|-weather|Snow|[upkeep]\n|upkeep\n|\n|t:|1701204431\n|switch|p2a: Urshifu|Urshifu, L50, F|100\/100\n|turn|7\n|\n|t:|1701204441\n|move|p2a: Urshifu|Wicked Blow|p1b: Ogerpon\n|-crit|p1b: Ogerpon\n|-damage|p1b: Ogerpon|16\/100\n|move|p1b: Ogerpon|Ivy Cudgel|p2a: Urshifu|[anim] Ivy Cudgel Water\n|-crit|p2a: Urshifu\n|-enditem|p2a: Urshifu|Focus Sash\n|-damage|p2a: Urshifu|1\/100\n|move|p2b: Heatran|Tera Blast|p1b: Ogerpon|[anim] Tera Blast Fairy\n|-damage|p1b: Ogerpon|0 fnt\n|faint|p1b: Ogerpon\n|\n|win|jthesnake123\n|raw|sabj's rating: 1319 &rarr; <strong>1299<\/strong><br \/>(-20 for losing)\n|raw|jthesnake123's rating: 1325 &rarr; <strong>1345<\/strong><br \/>(+20 for winning)\n|l|\u2606jthesnake123\n","uploadtime":1701204452,"views":15,"p1id":"sabj","p2id":"jthesnake123","formatid":"gen9vgc2023regulatione","rating":1299,"private":0,"password":""}