{"id":"gen9vgc2023regulatione-1996670691","p1":"alfredd2640","p2":"Daviron1","format":"[Gen 9] VGC 2023 Regulation E","log":"|j|\u2606alfredd2640\n|j|\u2606Daviron1\n|t:|1700707677\n|gametype|doubles\n|player|p1|alfredd2640|cynthia|1562\n|player|p2|Daviron1|volkner|1612\n|teamsize|p1|6\n|teamsize|p2|6\n|gen|9\n|tier|[Gen 9] VGC 2023 Regulation E\n|rated|\n|rule|Species Clause: Limit one of each Pok\u00e9mon\n|rule|Item Clause: Limit one of each item\n|clearpoke\n|poke|p1|Urshifu-*, L50, F|\n|poke|p1|Tornadus, L50, M|\n|poke|p1|Landorus, L50, M|\n|poke|p1|Scizor, L50, M|\n|poke|p1|Gastrodon, L50, F|\n|poke|p1|Articuno-Galar, L50|\n|poke|p2|Iron Hands, L50|\n|poke|p2|Gholdengo, L50|\n|poke|p2|Amoonguss, L50, F|\n|poke|p2|Scream Tail, L50|\n|poke|p2|Pelipper, L50, F|\n|poke|p2|Urshifu-*, L50, M|\n|teampreview|4\n|inactive|Battle timer is ON: inactive players will automatically lose when time's up. (requested by alfredd2640)\nDaviron1 has agreed to open team sheets.\n|\n|t:|1700707695\n|start\n|switch|p1a: Tornadus|Tornadus, L50, M|100\/100\n|switch|p1b: Urshifu|Urshifu, L50, F|100\/100\n|switch|p2a: Pelipper|Pelipper, L50, F|100\/100\n|switch|p2b: Urshifu|Urshifu-Rapid-Strike, L50, M|100\/100\n|-weather|RainDance|[from] ability: Drizzle|[of] p2a: Pelipper\n|turn|1\n|\n|t:|1700707712\n|switch|p1b: Gastrodon|Gastrodon, L50, F|100\/100\n|-terastallize|p2b: Urshifu|Water\n|move|p2b: Urshifu|Surging Strikes|p1b: Gastrodon\n|-ability|p1b: Gastrodon|Storm Drain|boost\n|-boost|p1b: Gastrodon|spa|1\n|move|p1a: Tornadus|Bleakwind Storm|p2b: Urshifu|[spread] p2a,p2b\n|-damage|p2a: Pelipper|51\/100\n|-damage|p2b: Urshifu|52\/100\n|move|p2a: Pelipper|Tailwind|p2a: Pelipper\n|-sidestart|p2: Daviron1|move: Tailwind\n|\n|-weather|RainDance|[upkeep]\n|upkeep\n|turn|2\n|\n|t:|1700707725\n|switch|p2b: Scream Tail|Scream Tail, L50|100\/100\n|-enditem|p2b: Scream Tail|Booster Energy\n|-activate|p2b: Scream Tail|ability: Protosynthesis|[fromitem]\n|-start|p2b: Scream Tail|protosynthesisspe\n|move|p2a: Pelipper|Hurricane|p1b: Gastrodon\n|-damage|p1b: Gastrodon|72\/100\n|move|p1a: Tornadus|Bleakwind Storm|p2a: Pelipper|[spread] p2a,p2b\n|-damage|p2a: Pelipper|6\/100\n|-damage|p2b: Scream Tail|73\/100\n|move|p1b: Gastrodon|Muddy Water|p2b: Scream Tail|[spread] p2a\n|-miss|p1b: Gastrodon|p2b: Scream Tail\n|-resisted|p2a: Pelipper\n|-damage|p2a: Pelipper|0 fnt\n|faint|p2a: Pelipper\n|\n|-weather|RainDance|[upkeep]\n|-heal|p1b: Gastrodon|78\/100|[from] item: Leftovers\n|upkeep\n|\n|t:|1700707735\n|switch|p2a: Amoonguss|Amoonguss, L50, F|100\/100\n|turn|3\n|\n|t:|1700707743\n|move|p1a: Tornadus|Taunt|p2a: Amoonguss\n|-start|p2a: Amoonguss|move: Taunt\n|move|p2b: Scream Tail|Disable|p1a: Tornadus\n|-start|p1a: Tornadus|Disable|Taunt\n|cant|p2a: Amoonguss|move: Taunt|Spore\n|move|p1b: Gastrodon|Muddy Water|p2a: Amoonguss|[spread] p2a\n|-miss|p1b: Gastrodon|p2b: Scream Tail\n|-resisted|p2a: Amoonguss\n|-damage|p2a: Amoonguss|79\/100\n|\n|-weather|RainDance|[upkeep]\n|-heal|p1b: Gastrodon|84\/100|[from] item: Leftovers\n|upkeep\n|turn|4\n|\n|t:|1700707754\n|move|p2b: Scream Tail|Rock Tomb|p1a: Tornadus\n|-supereffective|p1a: Tornadus\n|-damage|p1a: Tornadus|71\/100\n|-unboost|p1a: Tornadus|spe|1\n|move|p1a: Tornadus|Bleakwind Storm|p2b: Scream Tail|[spread] p2a,p2b\n|-supereffective|p2a: Amoonguss\n|-damage|p2a: Amoonguss|6\/100\n|-damage|p2b: Scream Tail|45\/100\n|-enditem|p2a: Amoonguss|Sitrus Berry|[eat]\n|-heal|p2a: Amoonguss|30\/100|[from] item: Sitrus Berry\n|move|p2a: Amoonguss|Pollen Puff|p2b: Scream Tail\n|-heal|p2b: Scream Tail|95\/100\n|move|p1b: Gastrodon|Yawn|p2b: Scream Tail\n|-start|p2b: Scream Tail|move: Yawn|[of] p1b: Gastrodon\n|\n|-weather|RainDance|[upkeep]\n|-heal|p1b: Gastrodon|90\/100|[from] item: Leftovers\n|-sideend|p2: Daviron1|move: Tailwind\n|upkeep\n|turn|5\n|inactive|Daviron1 has 30 seconds left.\n|\n|t:|1700707780\n|-end|p2b: Scream Tail|Protosynthesis|[silent]\n|switch|p2b: Urshifu|Urshifu-Rapid-Strike, L50, M, tera:Water|52\/100\n|move|p1a: Tornadus|Bleakwind Storm|p2b: Urshifu|[spread] p2a,p2b\n|-supereffective|p2a: Amoonguss\n|-damage|p2a: Amoonguss|0 fnt\n|-damage|p2b: Urshifu|6\/100\n|faint|p2a: Amoonguss\n|move|p1b: Gastrodon|Earth Power|p2b: Urshifu\n|-damage|p2b: Urshifu|0 fnt\n|faint|p2b: Urshifu\n|\n|-weather|none\n|-heal|p1b: Gastrodon|96\/100|[from] item: Leftovers\n|upkeep\n|-message|Daviron1 forfeited.\n|\n|win|alfredd2640\n|raw|alfredd2640's rating: 1562 &rarr; <strong>1585<\/strong><br \/>(+23 for winning)\n|raw|Daviron1's rating: 1612 &rarr; <strong>1589<\/strong><br \/>(-23 for losing)\n|l|\u2606Daviron1\n|j| huangshunjian\n","uploadtime":1700707798,"views":8,"p1id":"alfredd2640","p2id":"daviron1","formatid":"gen9vgc2023regulatione","rating":1585,"private":0,"password":""}