{"id":"gen9vgc2023regulatione-1988496651","p1":"wolfenite","p2":"Houghpuff98","format":"[Gen 9] VGC 2023 Regulation E","log":"|j|\u2606wolfenite\n|j|\u203dHoughpuff98\n|t:|1699729211\n|gametype|doubles\n|player|p1|wolfenite|pokemonranger-gen4|1081\n|player|p2|Houghpuff98|266|1143\n|teamsize|p1|6\n|teamsize|p2|6\n|gen|9\n|tier|[Gen 9] VGC 2023 Regulation E\n|rated|\n|rule|Species Clause: Limit one of each Pok\u00e9mon\n|rule|Item Clause: Limit one of each item\n|clearpoke\n|poke|p1|Ogerpon, L50, F|\n|poke|p1|Garchomp, L50, F|\n|poke|p1|Rotom-Wash, L50|\n|poke|p1|Chien-Pao, L50|\n|poke|p1|Orthworm, L50, F|\n|poke|p1|Chandelure, L50, M|\n|poke|p2|Illumise, L50, F|\n|poke|p2|Zoroark-Hisui, L50, M|\n|poke|p2|Typhlosion-Hisui, L50, M|\n|poke|p2|Kingambit, L50, F|\n|poke|p2|Brambleghast, L50, M|\n|poke|p2|Iron Valiant, L50|\n|teampreview|4\n|inactive|Battle timer is ON: inactive players will automatically lose when time's up. (requested by wolfenite)\n|inactive|wolfenite has 60 seconds left.\n|inactive|Houghpuff98 has 60 seconds left.\n|inactive|Houghpuff98 has 30 seconds left.\n|inactive|Houghpuff98 has 20 seconds left.\n|inactive|Houghpuff98 has 15 seconds left.\n|\n|t:|1699729288\n|start\n|switch|p1a: Ogerpon|Ogerpon, L50, F|100\/100\n|switch|p1b: Chien-Pao|Chien-Pao, L50|100\/100\n|switch|p2a: Illumise|Illumise, L50, F|100\/100\n|switch|p2b: Typhlosion|Typhlosion-Hisui, L50, M|100\/100\n|-ability|p1b: Chien-Pao|Sword of Ruin\n|turn|1\n|inactive|wolfenite has 30 seconds left.\n|\n|t:|1699729322\n|move|p1b: Chien-Pao|Icicle Crash|p2a: Illumise\n|-damage|p2a: Illumise|39\/100\n|move|p1a: Ogerpon|Stomping Tantrum|p2b: Typhlosion\n|-enditem|p2b: Typhlosion|Focus Sash\n|-damage|p2b: Typhlosion|1\/100\n|replace|p2b: Zoroark|Zoroark-Hisui, L50, M\n|-end|p2b: Zoroark|Illusion\n|move|p2b: Zoroark|Nasty Plot|p2b: Zoroark\n|-boost|p2b: Zoroark|spa|2\n|cant|p2a: Illumise|flinch\n|\n|upkeep\n|turn|2\n|\n|t:|1699729343\n|move|p2a: Illumise|Tailwind|p2a: Illumise\n|-sidestart|p2: Houghpuff98|move: Tailwind\n|move|p2b: Zoroark|Hyper Voice|p1a: Ogerpon|[spread] p1a,p1b\n|-damage|p1a: Ogerpon|9\/100\n|-enditem|p1b: Chien-Pao|Focus Sash\n|-damage|p1b: Chien-Pao|1\/100\n|move|p1b: Chien-Pao|Icicle Crash|p2a: Illumise\n|-damage|p2a: Illumise|0 fnt\n|faint|p2a: Illumise\n|move|p1a: Ogerpon|Stomping Tantrum|p2b: Zoroark\n|-damage|p2b: Zoroark|0 fnt\n|faint|p2b: Zoroark\n|\n|upkeep\n|\n|t:|1699729358\n|switch|p2b: Brambleghast|Brambleghast, L50, M|100\/100\n|switch|p2a: Typhlosion|Typhlosion-Hisui, L50, M|100\/100\n|-ability|p2b: Brambleghast|Wind Rider|boost\n|-boost|p2b: Brambleghast|atk|1\n|-item|p1a: Ogerpon|Choice Band|[from] ability: Frisk|[of] p2a: Typhlosion|[identify]\n|turn|3\n|\n|t:|1699729373\n|move|p2b: Brambleghast|Shadow Sneak|p1b: Chien-Pao\n|-resisted|p1b: Chien-Pao\n|-damage|p1b: Chien-Pao|0 fnt\n|faint|p1b: Chien-Pao\n|-damage|p2b: Brambleghast|91\/100|[from] item: Life Orb\n|move|p2a: Typhlosion|Eruption|p1a: Ogerpon\n|-supereffective|p1a: Ogerpon\n|-damage|p1a: Ogerpon|0 fnt\n|faint|p1a: Ogerpon\n|\n|upkeep\n|\n|t:|1699729379\n|switch|p1b: Chandelure|Chandelure, L50, M|100\/100\n|switch|p1a: Garchomp|Garchomp, L50, F|100\/100\n|turn|4\n|inactive|Houghpuff98 has 30 seconds left.\n|\n|t:|1699729410\n|move|p2b: Brambleghast|Poltergeist|p1b: Chandelure\n|-activate|p1b: Chandelure|move: Poltergeist|Choice Scarf\n|-supereffective|p1b: Chandelure\n|-damage|p1b: Chandelure|0 fnt\n|faint|p1b: Chandelure\n|-damage|p2b: Brambleghast|81\/100|[from] item: Life Orb\n|move|p2a: Typhlosion|Shadow Ball|p1a: Garchomp\n|-crit|p1a: Garchomp\n|-damage|p1a: Garchomp|23\/100\n|move|p1a: Garchomp|Rock Slide|p2b: Brambleghast|[spread] p2a,p2b\n|-supereffective|p2a: Typhlosion\n|-damage|p2a: Typhlosion|46\/100\n|-damage|p2b: Brambleghast|47\/100\n|\n|upkeep\n|turn|5\n|inactive|wolfenite has 30 seconds left.\n|\n|t:|1699729435\n|move|p2b: Brambleghast|Shadow Sneak|p1a: Garchomp\n|-damage|p1a: Garchomp|0 fnt\n|-damage|p2b: Brambleghast|35\/100|[from] ability: Rough Skin|[of] p1a: Garchomp\n|faint|p1a: Garchomp\n|-damage|p2b: Brambleghast|25\/100|[from] item: Life Orb\n|\n|win|Houghpuff98\n|raw|wolfenite's rating: 1081 &rarr; <strong>1063<\/strong><br \/>(-18 for losing)\n|raw|Houghpuff98's rating: 1143 &rarr; <strong>1164<\/strong><br \/>(+21 for winning)\n|l|\u2606wolfenite\n","uploadtime":1699729448,"views":56,"p1id":"wolfenite","p2id":"houghpuff98","formatid":"gen9vgc2023regulatione","rating":1063,"private":0,"password":""}