{"id":"gen9vgc2023regulatione-1998215779","p1":"BlindMagneton","p2":"Capitan smoker","format":"[Gen 9] VGC 2023 Regulation E","log":"|j|\u2606BlindMagneton\n|j|\u2606Capitan smoker\n|t:|1700914215\n|gametype|doubles\n|player|p1|BlindMagneton|wattson|1461\n|player|p2|Capitan smoker|265|1412\n|teamsize|p1|6\n|teamsize|p2|6\n|gen|9\n|tier|[Gen 9] VGC 2023 Regulation E\n|rated|\n|rule|Species Clause: Limit one of each Pok\u00e9mon\n|rule|Item Clause: Limit one of each item\n|clearpoke\n|poke|p1|Mandibuzz, L50, F|\n|poke|p1|Abomasnow, L50, F|\n|poke|p1|Roaring Moon, L50|\n|poke|p1|Brambleghast, L50, M|\n|poke|p1|Farigiraf, L50, M|\n|poke|p1|Hydreigon, L50, F|\n|poke|p2|Articuno-Galar, L50|\n|poke|p2|Ursaluna, L50, F|\n|poke|p2|Iron Hands, L50|\n|poke|p2|Braviary, L50, M|\n|poke|p2|Torkoal, L50, F|\n|poke|p2|Amoonguss, L50, F|\n|teampreview|4\n|\n|t:|1700914269\n|start\n|switch|p1a: Mandibuzz|Mandibuzz, L50, F|100\/100\n|switch|p1b: Abomasnow|Abomasnow, L50, F|100\/100\n|switch|p2a: Amoonguss|Amoonguss, L50, F|100\/100\n|switch|p2b: Braviary|Braviary, L50, M, shiny|100\/100\n|-weather|Snow|[from] ability: Snow Warning|[of] p1b: Abomasnow\n|turn|1\n|\n|t:|1700914291\n|switch|p2a: Torkoal|Torkoal, L50, F|100\/100\n|-weather|SunnyDay|[from] ability: Drought|[of] p2a: Torkoal\n|move|p1b: Abomasnow|Ice Shard|p1a: Mandibuzz\n|-supereffective|p1a: Mandibuzz\n|-damage|p1a: Mandibuzz|75\/100\n|-ability|p1a: Mandibuzz|Weak Armor|boost\n|-unboost|p1a: Mandibuzz|def|1\n|-boost|p1a: Mandibuzz|spe|2\n|-enditem|p1a: Mandibuzz|Weakness Policy\n|-boost|p1a: Mandibuzz|atk|2|[from] item: Weakness Policy\n|-boost|p1a: Mandibuzz|spa|2|[from] item: Weakness Policy\n|move|p1a: Mandibuzz|Acrobatics|p2a: Torkoal\n|-damage|p2a: Torkoal|25\/100\n|move|p2b: Braviary|Brave Bird|p1a: Mandibuzz\n|-damage|p1a: Mandibuzz|0 fnt\n|faint|p1a: Mandibuzz\n|-damage|p2b: Braviary|75\/100|[from] Recoil\n|-damage|p2b: Braviary|65\/100|[from] item: Life Orb\n|\n|-weather|SunnyDay|[upkeep]\n|upkeep\n|\n|t:|1700914309\n|switch|p1a: Farigiraf|Farigiraf, L50, M|100\/100\n|turn|2\n|\n|t:|1700914329\n|move|p1b: Abomasnow|Protect|p1b: Abomasnow\n|-singleturn|p1b: Abomasnow|Protect\n|move|p2b: Braviary|Brave Bird|p1a: Farigiraf\n|-damage|p1a: Farigiraf|14\/100\n|-damage|p2b: Braviary|29\/100|[from] Recoil\n|-damage|p2b: Braviary|20\/100|[from] item: Life Orb\n|move|p1a: Farigiraf|Hyper Voice|p2a: Torkoal|[spread] p2a,p2b\n|-damage|p2a: Torkoal|0 fnt\n|-damage|p2b: Braviary|0 fnt\n|faint|p2a: Torkoal\n|faint|p2b: Braviary\n|-enditem|p1a: Farigiraf|Throat Spray\n|-boost|p1a: Farigiraf|spa|1|[from] item: Throat Spray\n|\n|-weather|SunnyDay|[upkeep]\n|upkeep\n|\n|t:|1700914335\n|switch|p2b: Amoonguss|Amoonguss, L50, F|100\/100\n|switch|p2a: Iron Hands|Iron Hands, L50|100\/100\n|-enditem|p2a: Iron Hands|Booster Energy\n|-activate|p2a: Iron Hands|ability: Quark Drive|[fromitem]\n|-start|p2a: Iron Hands|quarkdriveatk\n|turn|3\n|\n|t:|1700914353\n|switch|p1b: Brambleghast|Brambleghast, L50, M|100\/100\n|-terastallize|p2a: Iron Hands|Fighting\n|move|p1a: Farigiraf|Dazzling Gleam|p2a: Iron Hands|[spread] p2a,p2b\n|-supereffective|p2a: Iron Hands\n|-resisted|p2b: Amoonguss\n|-damage|p2a: Iron Hands|54\/100\n|-damage|p2b: Amoonguss|90\/100\n|move|p2a: Iron Hands|Close Combat|p1b: Brambleghast\n|-immune|p1b: Brambleghast\n|move|p2b: Amoonguss|Clear Smog|p1a: Farigiraf\n|-damage|p1a: Farigiraf|0 fnt\n|-clearboost|p1a: Farigiraf\n|faint|p1a: Farigiraf\n|\n|-weather|SunnyDay|[upkeep]\n|upkeep\n|\n|t:|1700914365\n|switch|p1a: Abomasnow|Abomasnow, L50, F|100\/100\n|-weather|Snow|[from] ability: Snow Warning|[of] p1a: Abomasnow\n|turn|4\n|\n|t:|1700914377\n|move|p1a: Abomasnow|Protect|p1a: Abomasnow\n|-singleturn|p1a: Abomasnow|Protect\n|move|p1b: Brambleghast|Strength Sap|p2a: Iron Hands\n|-unboost|p2a: Iron Hands|atk|1\n|move|p2a: Iron Hands|Close Combat|p1a: Abomasnow\n|-activate|p1a: Abomasnow|move: Protect\n|move|p2b: Amoonguss|Clear Smog|p1b: Brambleghast\n|-crit|p1b: Brambleghast\n|-damage|p1b: Brambleghast|63\/100\n|-clearboost|p1b: Brambleghast\n|\n|-weather|Snow|[upkeep]\n|upkeep\n|turn|5\n|\n|t:|1700914394\n|move|p1a: Abomasnow|Blizzard|p2a: Iron Hands|[spread] p2a,p2b\n|-supereffective|p2b: Amoonguss\n|-damage|p2a: Iron Hands|25\/100\n|-damage|p2b: Amoonguss|36\/100\n|move|p1b: Brambleghast|Strength Sap|p2a: Iron Hands\n|-unboost|p2a: Iron Hands|atk|1\n|-heal|p1b: Brambleghast|100\/100\n|move|p2a: Iron Hands|Close Combat|p1a: Abomasnow\n|-supereffective|p1a: Abomasnow\n|-enditem|p1a: Abomasnow|Focus Sash\n|-damage|p1a: Abomasnow|1\/100\n|-unboost|p2a: Iron Hands|def|1\n|-unboost|p2a: Iron Hands|spd|1\n|move|p2b: Amoonguss|Clear Smog|p1b: Brambleghast\n|-damage|p1b: Brambleghast|76\/100\n|-clearboost|p1b: Brambleghast\n|\n|-weather|Snow|[upkeep]\n|upkeep\n|turn|6\n|\n|t:|1700914411\n|move|p2a: Iron Hands|Protect|p2a: Iron Hands\n|-singleturn|p2a: Iron Hands|Protect\n|move|p1a: Abomasnow|Blizzard|p2b: Amoonguss|[spread] p2b\n|-activate|p2a: Iron Hands|move: Protect\n|-supereffective|p2b: Amoonguss\n|-damage|p2b: Amoonguss|0 fnt\n|faint|p2b: Amoonguss\n|move|p1b: Brambleghast|Strength Sap|p2a: Iron Hands\n|-activate|p2a: Iron Hands|move: Protect\n|\n|-weather|Snow|[upkeep]\n|upkeep\n|turn|7\n|-message|Capitan smoker forfeited.\n|\n|win|BlindMagneton\n|raw|BlindMagneton's rating: 1461 &rarr; <strong>1478<\/strong><br \/>(+17 for winning)\n|raw|Capitan smoker's rating: 1412 &rarr; <strong>1395<\/strong><br \/>(-17 for losing)\n|l|\u2606Capitan smoker\n","uploadtime":1700914421,"views":2,"p1id":"blindmagneton","p2id":"capitansmoker","formatid":"gen9vgc2023regulatione","rating":1395,"private":0,"password":""}