{"id":"gen9vgc2023regulatione-1997475746","p1":"Smolbren","p2":"KSL Eon","format":"[Gen 9] VGC 2023 Regulation E","log":"|j|\u2606Smolbren\n|j|\u2606KSL Eon\n|t:|1700811960\n|gametype|doubles\n|player|p1|Smolbren|parasollady-gen4|1501\n|player|p2|KSL Eon|grimsley|1526\n|teamsize|p1|6\n|teamsize|p2|6\n|gen|9\n|tier|[Gen 9] VGC 2023 Regulation E\n|rated|\n|rule|Species Clause: Limit one of each Pok\u00e9mon\n|rule|Item Clause: Limit one of each item\n|clearpoke\n|poke|p1|Empoleon, L50, F|\n|poke|p1|Tornadus, L50, M|\n|poke|p1|Ogerpon-Hearthflame, L50, F|\n|poke|p1|Chien-Pao, L50|\n|poke|p1|Flutter Mane, L50|\n|poke|p1|Rillaboom, L50, F|\n|poke|p2|Mimikyu, L50, M|\n|poke|p2|Ursaluna-Bloodmoon, L50, M|\n|poke|p2|Ogerpon-Wellspring, L50, F|\n|poke|p2|Chi-Yu, L50|\n|poke|p2|Iron Hands, L50|\n|poke|p2|Landorus-Therian, L50, M|\n|teampreview|4\n|\n|t:|1700812005\n|start\n|switch|p1a: Empoleon|Empoleon, L50, F|100\/100\n|switch|p1b: Chien-Pao|Chien-Pao, L50|100\/100\n|switch|p2a: Mimikyu|Mimikyu, L50, M|100\/100\n|switch|p2b: Riley|Iron Hands, L50, shiny|100\/100\n|-ability|p1b: Chien-Pao|Sword of Ruin\n|turn|1\n|\n|t:|1700812022\n|move|p1b: Chien-Pao|Protect|p1b: Chien-Pao\n|-singleturn|p1b: Chien-Pao|Protect\n|move|p2b: Riley|Fake Out|p1a: Empoleon\n|-resisted|p1a: Empoleon\n|-damage|p1a: Empoleon|90\/100\n|cant|p1a: Empoleon|flinch\n|move|p2a: Mimikyu|Trick Room|p2a: Mimikyu\n|-fieldstart|move: Trick Room|[of] p2a: Mimikyu\n|\n|-heal|p1a: Empoleon|96\/100|[from] item: Leftovers\n|upkeep\n|turn|2\n|\n|t:|1700812040\n|move|p1b: Chien-Pao|Sucker Punch|p2a: Mimikyu\n|-activate|p2a: Mimikyu|ability: Disguise\n|-damage|p2a: Mimikyu|100\/100\n|detailschange|p2a: Mimikyu|Mimikyu-Busted, L50, M\n|-damage|p2a: Mimikyu|88\/100|[from] pokemon: Mimikyu-Busted\n|move|p1a: Empoleon|Flash Cannon|p2a: Mimikyu\n|-supereffective|p2a: Mimikyu\n|-damage|p2a: Mimikyu|18\/100\n|-enditem|p2a: Mimikyu|Sitrus Berry|[eat]\n|-heal|p2a: Mimikyu|42\/100|[from] item: Sitrus Berry\n|move|p2b: Riley|Wild Charge|p1a: Empoleon\n|-supereffective|p1a: Empoleon\n|-damage|p1a: Empoleon|0 fnt\n|faint|p1a: Empoleon\n|-damage|p2b: Riley|82\/100|[from] Recoil\n|move|p2a: Mimikyu|Play Rough|p1b: Chien-Pao\n|-supereffective|p1b: Chien-Pao\n|-damage|p1b: Chien-Pao|14\/100\n|\n|upkeep\n|\n|t:|1700812058\n|switch|p1a: Rillaboom|Rillaboom, L50, F|100\/100\n|-fieldstart|move: Grassy Terrain|[from] ability: Grassy Surge|[of] p1a: Rillaboom\n|turn|3\n|\n|t:|1700812072\n|move|p1a: Rillaboom|Fake Out|p2b: Riley\n|-damage|p2b: Riley|66\/100\n|move|p1b: Chien-Pao|Sucker Punch||[still]\n|-fail|p1b: Chien-Pao\n|cant|p2b: Riley|flinch\n|move|p2a: Mimikyu|Will-O-Wisp|p1a: Rillaboom\n|-status|p1a: Rillaboom|brn\n|\n|-heal|p2b: Riley|73\/100|[from] Grassy Terrain\n|-heal|p2a: Mimikyu|49\/100|[from] Grassy Terrain\n|-heal|p1b: Chien-Pao|20\/100|[from] Grassy Terrain\n|-damage|p1a: Rillaboom|95\/100 brn|[from] brn\n|upkeep\n|turn|4\n|\n|t:|1700812095\n|switch|p2a: Chi-Yu|Chi-Yu, L50|100\/100\n|-ability|p2a: Chi-Yu|Beads of Ruin\n|move|p2b: Riley|Drain Punch|p1a: Rillaboom\n|-damage|p1a: Rillaboom|44\/100 brn\n|-heal|p2b: Riley|94\/100|[from] drain|[of] p1a: Rillaboom\n|move|p1a: Rillaboom|High Horsepower|p2b: Riley\n|-supereffective|p2b: Riley\n|-damage|p2b: Riley|64\/100\n|move|p1b: Chien-Pao|Crunch|p2a: Chi-Yu\n|-resisted|p2a: Chi-Yu\n|-damage|p2a: Chi-Yu|67\/100\n|-unboost|p2a: Chi-Yu|def|1\n|\n|-heal|p2b: Riley|71\/100|[from] Grassy Terrain\n|-heal|p1a: Rillaboom|50\/100 brn|[from] Grassy Terrain\n|-heal|p2a: Chi-Yu|73\/100|[from] Grassy Terrain\n|-heal|p1b: Chien-Pao|26\/100|[from] Grassy Terrain\n|-damage|p1a: Rillaboom|44\/100 brn|[from] brn\n|upkeep\n|turn|5\n|\n|t:|1700812154\n|move|p1b: Chien-Pao|Protect|p1b: Chien-Pao\n|-singleturn|p1b: Chien-Pao|Protect\n|move|p2b: Riley|Drain Punch|p1a: Rillaboom\n|-damage|p1a: Rillaboom|0 fnt\n|-heal|p2b: Riley|89\/100|[from] drain|[of] p1a: Rillaboom\n|faint|p1a: Rillaboom\n|move|p2a: Chi-Yu|Heat Wave|p1b: Chien-Pao\n|-activate|p1b: Chien-Pao|move: Protect\n|\n|-heal|p2b: Riley|95\/100|[from] Grassy Terrain\n|-heal|p2a: Chi-Yu|79\/100|[from] Grassy Terrain\n|-heal|p1b: Chien-Pao|31\/100|[from] Grassy Terrain\n|-fieldend|move: Trick Room\n|upkeep\n|\n|t:|1700812163\n|switch|p1a: Flutter Mane|Flutter Mane, L50|100\/100\n|turn|6\n|\n|t:|1700812177\n|-end|p2b: Riley|Quark Drive|[silent]\n|switch|p2b: Mimikyu|Mimikyu-Busted, L50, M|49\/100\n|-terastallize|p1a: Flutter Mane|Fairy\n|move|p1a: Flutter Mane|Moonblast|p2b: Mimikyu\n|-damage|p2b: Mimikyu|0 fnt\n|faint|p2b: Mimikyu\n|move|p1b: Chien-Pao|Ice Spinner|p2a: Chi-Yu\n|-resisted|p2a: Chi-Yu\n|-damage|p2a: Chi-Yu|30\/100\n|-fieldend|move: Grassy Terrain\n|move|p2a: Chi-Yu|Heat Wave|p1b: Chien-Pao|[spread] p1b\n|-miss|p2a: Chi-Yu|p1a: Flutter Mane\n|-supereffective|p1b: Chien-Pao\n|-damage|p1b: Chien-Pao|0 fnt\n|faint|p1b: Chien-Pao\n|\n|upkeep\n|\n|t:|1700812191\n|switch|p2b: Riley|Iron Hands, L50, shiny|95\/100\n|turn|7\n|\n|t:|1700812194\n|move|p2b: Riley|Fake Out|p1a: Flutter Mane\n|-damage|p1a: Flutter Mane|67\/100\n|cant|p1a: Flutter Mane|flinch\n|move|p2a: Chi-Yu|Heat Wave|p1a: Flutter Mane\n|-damage|p1a: Flutter Mane|0 fnt\n|faint|p1a: Flutter Mane\n|-end|p1a: Flutter Mane|Protosynthesis|[silent]\n|\n|win|KSL Eon\n|raw|Smolbren's rating: 1501 &rarr; <strong>1482<\/strong><br \/>(-19 for losing)\n|raw|KSL Eon's rating: 1526 &rarr; <strong>1545<\/strong><br \/>(+19 for winning)\n|j| Thierry Pastor\n|l|\u2606Smolbren\n","uploadtime":1700812201,"views":29,"p1id":"smolbren","p2id":"ksleon","formatid":"gen9vgc2023regulatione","rating":1482,"private":0,"password":""}