{"id":"gen9vgc2023regulatione-1989638679","p1":"EoleoDV","p2":"zatu17","format":"[Gen 9] VGC 2023 Regulation E","log":"|j|\u2606EoleoDV\n|j|\u2606zatu17\n|t:|1699881935\n|gametype|doubles\n|player|p1|EoleoDV|fantina|1089\n|player|p2|zatu17|riley|1051\n|teamsize|p1|6\n|teamsize|p2|6\n|gen|9\n|tier|[Gen 9] VGC 2023 Regulation E\n|rated|\n|rule|Species Clause: Limit one of each Pok\u00e9mon\n|rule|Item Clause: Limit one of each item\n|clearpoke\n|poke|p1|Ogerpon-Hearthflame, L50, F|\n|poke|p1|Gholdengo, L50|\n|poke|p1|Quaquaval, L50, M|\n|poke|p1|Chien-Pao, L50|\n|poke|p1|Ting-Lu, L50|\n|poke|p1|Enamorus, L50, F|\n|poke|p2|Empoleon, L50, F|\n|poke|p2|Dragonite, L50, F|\n|poke|p2|Ninetales-Alola, L50, F|\n|poke|p2|Landorus-Therian, L50, M|\n|poke|p2|Regieleki, L50|\n|poke|p2|Ogerpon-Hearthflame, L50, F|\n|teampreview|4\n|inactive|Battle timer is ON: inactive players will automatically lose when time's up. (requested by zatu17)\n|inactive|EoleoDV also wants the timer to be on.\n|inactive|zatu17 has 60 seconds left.\n|\n|t:|1699881967\n|start\n|switch|p1a: Ting-Lu|Ting-Lu, L50|100\/100\n|switch|p1b: Gholdengo|Gholdengo, L50|100\/100\n|switch|p2a: Ninetales|Ninetales-Alola, L50, F|100\/100\n|switch|p2b: Empoleon|Empoleon, L50, F|100\/100\n|-weather|Snow|[from] ability: Snow Warning|[of] p2a: Ninetales\n|-ability|p1a: Ting-Lu|Vessel of Ruin\n|turn|1\n|inactive|zatu17 has 30 seconds left.\n|inactive|zatu17 has 20 seconds left.\n|inactive|zatu17 has 15 seconds left.\n|inactive|zatu17 has 10 seconds left.\n|inactive|zatu17 has 5 seconds left.\n|\n|t:|1699882020\n|move|p1b: Gholdengo|Protect|p1b: Gholdengo\n|-singleturn|p1b: Gholdengo|Protect\n|move|p2a: Ninetales|Aurora Veil|p2a: Ninetales\n|-sidestart|p2: zatu17|move: Aurora Veil\n|move|p2b: Empoleon|Water Pledge|p1a: Ting-Lu\n|-supereffective|p1a: Ting-Lu\n|-damage|p1a: Ting-Lu|62\/100\n|move|p1a: Ting-Lu|Earthquake|p2a: Ninetales|[spread] p2a,p2b\n|-activate|p1b: Gholdengo|move: Protect\n|-supereffective|p2b: Empoleon\n|-damage|p2a: Ninetales|85\/100\n|-damage|p2b: Empoleon|69\/100\n|\n|-weather|Snow|[upkeep]\n|-heal|p1a: Ting-Lu|68\/100|[from] item: Leftovers\n|upkeep\n|turn|2\n|inactive|EoleoDV has 30 seconds left.\n|inactive|zatu17 has 30 seconds left.\n|inactive|zatu17 has 20 seconds left.\n|inactive|zatu17 has 15 seconds left.\n|inactive|zatu17 has 10 seconds left.\n|\n|t:|1699882067\n|switch|p2a: Landorus|Landorus-Therian, L50, M|100\/100\n|-ability|p2a: Landorus|Intimidate|boost\n|-unboost|p1a: Ting-Lu|atk|1\n|-unboost|p1b: Gholdengo|atk|1\n|-enditem|p1b: Gholdengo|Eject Pack\n|inactive|EoleoDV has 30 seconds left.\n|inactive|EoleoDV has 20 seconds left.\n|\n|t:|1699882102\n|switch|p1b: Enamorus|Enamorus, L50, F|100\/100\n|move|p2b: Empoleon|Water Pledge|p1a: Ting-Lu\n|-supereffective|p1a: Ting-Lu\n|-damage|p1a: Ting-Lu|26\/100\n|move|p1a: Ting-Lu|Ruination|p2b: Empoleon\n|-damage|p2b: Empoleon|35\/100\n|-enditem|p2b: Empoleon|Sitrus Berry|[eat]\n|-heal|p2b: Empoleon|59\/100|[from] item: Sitrus Berry\n|\n|-weather|Snow|[upkeep]\n|-heal|p1a: Ting-Lu|33\/100|[from] item: Leftovers\n|upkeep\n|turn|3\n|inactive|zatu17 has 30 seconds left.\n|inactive|zatu17 has 20 seconds left.\n|inactive|zatu17 has 15 seconds left.\n|\n|t:|1699882147\n|move|p2a: Landorus|Rock Slide|p1b: Enamorus|[spread] p1a,p1b\n|-resisted|p1a: Ting-Lu\n|-supereffective|p1b: Enamorus\n|-damage|p1a: Ting-Lu|28\/100\n|-damage|p1b: Enamorus|19\/100\n|move|p1b: Enamorus|Superpower|p2b: Empoleon\n|-supereffective|p2b: Empoleon\n|-damage|p2b: Empoleon|14\/100\n|-boost|p1b: Enamorus|atk|1\n|-boost|p1b: Enamorus|def|1\n|move|p2b: Empoleon|Flash Cannon|p1b: Enamorus\n|-supereffective|p1b: Enamorus\n|-damage|p1b: Enamorus|0 fnt\n|faint|p1b: Enamorus\n|move|p1a: Ting-Lu|Ruination|p2a: Landorus\n|-damage|p2a: Landorus|51\/100\n|\n|-weather|Snow|[upkeep]\n|-heal|p1a: Ting-Lu|34\/100|[from] item: Leftovers\n|upkeep\n|\n|t:|1699882162\n|switch|p1b: Quaquaval|Quaquaval, L50, M|100\/100\n|turn|4\n|inactive|EoleoDV has 30 seconds left.\n|\n|t:|1699882193\n|switch|p2a: Dragonite|Dragonite, L50, F|100\/100\n|move|p1b: Quaquaval|Aqua Step|p2a: Dragonite\n|-resisted|p2a: Dragonite\n|-damage|p2a: Dragonite|94\/100\n|-boost|p1b: Quaquaval|spe|1\n|move|p2b: Empoleon|Water Pledge|p1a: Ting-Lu\n|-supereffective|p1a: Ting-Lu\n|-damage|p1a: Ting-Lu|0 fnt\n|faint|p1a: Ting-Lu\n|\n|-weather|Snow|[upkeep]\n|upkeep\n|\n|t:|1699882197\n|switch|p1a: Gholdengo|Gholdengo, L50|100\/100\n|turn|5\n|\n|t:|1699882219\n|move|p1b: Quaquaval|Ice Spinner|p2a: Dragonite\n|-supereffective|p2a: Dragonite\n|-damage|p2a: Dragonite|23\/100\n|move|p1a: Gholdengo|Focus Blast|p2b: Empoleon\n|-supereffective|p2b: Empoleon\n|-damage|p2b: Empoleon|0 fnt\n|faint|p2b: Empoleon\n|move|p2a: Dragonite|Stomping Tantrum|p1a: Gholdengo\n|-supereffective|p1a: Gholdengo\n|-damage|p1a: Gholdengo|38\/100\n|\n|-weather|none\n|upkeep\n|inactive|zatu17 has 30 seconds left.\n|\n|t:|1699882248\n|switch|p2b: Landorus|Landorus-Therian, L50, M|51\/100\n|-ability|p2b: Landorus|Intimidate|boost\n|-unboost|p1a: Gholdengo|atk|1\n|-unboost|p1b: Quaquaval|atk|1\n|turn|6\n|inactive|zatu17 has 30 seconds left.\n|\n|t:|1699882277\n|switch|p2a: Ninetales|Ninetales-Alola, L50, F|85\/100\n|-weather|Snow|[from] ability: Snow Warning|[of] p2a: Ninetales\n|-terastallize|p2b: Landorus|Flying\n|move|p1a: Gholdengo|Protect|p1a: Gholdengo\n|-singleturn|p1a: Gholdengo|Protect\n|move|p1b: Quaquaval|Ice Spinner|p2b: Landorus\n|-supereffective|p2b: Landorus\n|-damage|p2b: Landorus|26\/100\n|move|p2b: Landorus|Stomping Tantrum|p1a: Gholdengo\n|-activate|p1a: Gholdengo|move: Protect\n|\n|-weather|Snow|[upkeep]\n|upkeep\n|turn|7\n|inactive|EoleoDV has 30 seconds left.\n|inactive|zatu17 has 30 seconds left.\n|inactive|EoleoDV has 20 seconds left.\n|inactive|zatu17 has 20 seconds left.\n|inactive|zatu17 has 15 seconds left.\n|\n|t:|1699882318\n|switch|p2b: Dragonite|Dragonite, L50, F|23\/100\n|-terastallize|p1b: Quaquaval|Water\n|move|p1a: Gholdengo|Protect||[still]\n|-fail|p1a: Gholdengo\n|move|p1b: Quaquaval|Ice Spinner|p2b: Dragonite\n|-supereffective|p2b: Dragonite\n|-damage|p2b: Dragonite|0 fnt\n|faint|p2b: Dragonite\n|-ability|p1b: Quaquaval|Moxie|boost\n|-boost|p1b: Quaquaval|atk|1\n|move|p2a: Ninetales|Icy Wind|p1b: Quaquaval|[spread] p1a,p1b\n|-resisted|p1a: Gholdengo\n|-resisted|p1b: Quaquaval\n|-damage|p1a: Gholdengo|30\/100\n|-damage|p1b: Quaquaval|92\/100\n|-unboost|p1a: Gholdengo|spe|1\n|-unboost|p1b: Quaquaval|spe|1\n|\n|-weather|Snow|[upkeep]\n|upkeep\n|\n|t:|1699882333\n|switch|p2b: Landorus|Landorus-Therian, L50, M, tera:Flying|26\/100\n|-ability|p2b: Landorus|Intimidate|boost\n|-unboost|p1a: Gholdengo|atk|1\n|-unboost|p1b: Quaquaval|atk|1\n|turn|8\n|\n|t:|1699882349\n|move|p1a: Gholdengo|Protect|p1a: Gholdengo\n|-singleturn|p1a: Gholdengo|Protect\n|move|p2b: Landorus|Tera Blast|p1b: Quaquaval|[anim] Tera Blast Flying\n|-damage|p1b: Quaquaval|5\/100\n|move|p2a: Ninetales|Howl|p2a: Ninetales|[spread] p2a,p2b\n|-boost|p2a: Ninetales|atk|1\n|-boost|p2b: Landorus|atk|1\n|move|p1b: Quaquaval|Ice Spinner|p2b: Landorus\n|-supereffective|p2b: Landorus\n|-damage|p2b: Landorus|0 fnt\n|faint|p2b: Landorus\n|-ability|p1b: Quaquaval|Moxie|boost\n|-boost|p1b: Quaquaval|atk|1\n|\n|-weather|Snow|[upkeep]\n|-sideend|p2: zatu17|move: Aurora Veil\n|upkeep\n|turn|9\n|\n|t:|1699882370\n|move|p2a: Ninetales|Moonblast|p1a: Gholdengo\n|-resisted|p1a: Gholdengo\n|-damage|p1a: Gholdengo|13\/100\n|move|p1b: Quaquaval|Close Combat|p2a: Ninetales\n|-damage|p2a: Ninetales|35\/100\n|-unboost|p1b: Quaquaval|def|1\n|-unboost|p1b: Quaquaval|spd|1\n|move|p1a: Gholdengo|Make It Rain|p2a: Ninetales\n|-supereffective|p2a: Ninetales\n|-damage|p2a: Ninetales|0 fnt\n|-unboost|p1a: Gholdengo|spa|1\n|faint|p2a: Ninetales\n|\n|win|EoleoDV\n|raw|EoleoDV's rating: 1089 &rarr; <strong>1113<\/strong><br \/>(+24 for winning)\n|raw|zatu17's rating: 1051 &rarr; <strong>1035<\/strong><br \/>(-16 for losing)\n|l|\u2606zatu17\n","uploadtime":1699882379,"views":32,"p1id":"eoleodv","p2id":"zatu17","formatid":"gen9vgc2023regulatione","rating":1035,"private":0,"password":""}