{"id":"gen9vgc2023regulatione-1991925082","p1":"chetoculto","p2":"StarkHD","format":"[Gen 9] VGC 2023 Regulation E","log":"|j|\u2606chetoculto\n|j|\u2606StarkHD\n|t:|1700138861\n|gametype|doubles\n|player|p1|chetoculto|1|1487\n|player|p2|StarkHD|102|1446\n|teamsize|p1|6\n|teamsize|p2|6\n|gen|9\n|tier|[Gen 9] VGC 2023 Regulation E\n|rated|\n|rule|Species Clause: Limit one of each Pok\u00e9mon\n|rule|Item Clause: Limit one of each item\n|clearpoke\n|poke|p1|Goodra-Hisui, L50, M|\n|poke|p1|Chien-Pao, L50|\n|poke|p1|Dragonite, L50, M|\n|poke|p1|Iron Hands, L50|\n|poke|p1|Urshifu-*, L50, M|\n|poke|p1|Dusclops, L50, M|\n|poke|p2|Ninetales-Alola, L50, F|\n|poke|p2|Roaring Moon, L50|\n|poke|p2|Gholdengo, L50|\n|poke|p2|Heatran, L50, F|\n|poke|p2|Iron Hands, L50|\n|poke|p2|Ogerpon-Wellspring, L50, F|\n|teampreview|4\n|inactive|Battle timer is ON: inactive players will automatically lose when time's up. (requested by chetoculto)\n|\n|t:|1700138885\n|start\n|switch|p1a: Chien-Pao|Chien-Pao, L50|100\/100\n|switch|p1b: Dragonite|Dragonite, L50, M|100\/100\n|switch|p2a: Roaring Moon|Roaring Moon, L50, shiny|100\/100\n|switch|p2b: Gholdengo|Gholdengo, L50, shiny|100\/100\n|-ability|p1a: Chien-Pao|Sword of Ruin\n|-enditem|p2a: Roaring Moon|Booster Energy\n|-activate|p2a: Roaring Moon|ability: Protosynthesis|[fromitem]\n|-start|p2a: Roaring Moon|protosynthesisspe\n|turn|1\n|\n|t:|1700138904\n|-terastallize|p2a: Roaring Moon|Poison\n|move|p2a: Roaring Moon|Breaking Swipe|p1a: Chien-Pao|[spread] p1a,p1b\n|-supereffective|p1b: Dragonite\n|-damage|p1a: Chien-Pao|73\/100\n|-damage|p1b: Dragonite|43\/100\n|-unboost|p1a: Chien-Pao|atk|1\n|-unboost|p1b: Dragonite|atk|1\n|move|p1a: Chien-Pao|Icicle Crash|p2a: Roaring Moon\n|-damage|p2a: Roaring Moon|62\/100\n|move|p2b: Gholdengo|Make It Rain|p1b: Dragonite|[spread] p1a,p1b\n|-supereffective|p1a: Chien-Pao\n|-damage|p1a: Chien-Pao|0 fnt\n|-damage|p1b: Dragonite|0 fnt\n|-unboost|p2b: Gholdengo|spa|1\n|faint|p1a: Chien-Pao\n|faint|p1b: Dragonite\n|\n|upkeep\n|\n|t:|1700138912\n|switch|p1a: Iron Hands|Iron Hands, L50, shiny|100\/100\n|switch|p1b: Urshifu|Urshifu-Rapid-Strike, L50, M|100\/100\n|turn|2\n|\n|t:|1700138930\n|-terastallize|p1b: Urshifu|Water\n|move|p1a: Iron Hands|Fake Out|p2a: Roaring Moon\n|-damage|p2a: Roaring Moon|46\/100\n|cant|p2a: Roaring Moon|flinch\n|move|p1b: Urshifu|Surging Strikes|p2a: Roaring Moon\n|-crit|p2a: Roaring Moon\n|-damage|p2a: Roaring Moon|19\/100\n|-crit|p2a: Roaring Moon\n|-damage|p2a: Roaring Moon|0 fnt\n|faint|p2a: Roaring Moon\n|-end|p2a: Roaring Moon|Protosynthesis|[silent]\n|-hitcount|p2: Roaring Moon|2\n|move|p2b: Gholdengo|Make It Rain|p1a: Iron Hands|[spread] p1a,p1b\n|-resisted|p1a: Iron Hands\n|-resisted|p1b: Urshifu\n|-damage|p1a: Iron Hands|84\/100\n|-damage|p1b: Urshifu|66\/100\n|-unboost|p2b: Gholdengo|spa|1\n|\n|upkeep\n|\n|t:|1700138947\n|switch|p2a: Ogerpon|Ogerpon-Wellspring, L50, F|100\/100\n|turn|3\n|\n|t:|1700138956\n|move|p1b: Urshifu|Surging Strikes|p2b: Gholdengo\n|-crit|p2b: Gholdengo\n|-damage|p2b: Gholdengo|75\/100\n|-crit|p2b: Gholdengo\n|-damage|p2b: Gholdengo|44\/100\n|-crit|p2b: Gholdengo\n|-damage|p2b: Gholdengo|17\/100\n|-hitcount|p2b: Gholdengo|3\n|move|p2a: Ogerpon|Horn Leech|p1b: Urshifu\n|-supereffective|p1b: Urshifu\n|-damage|p1b: Urshifu|0 fnt\n|faint|p1b: Urshifu\n|move|p2b: Gholdengo|Make It Rain|p1a: Iron Hands\n|-resisted|p1a: Iron Hands\n|-damage|p1a: Iron Hands|69\/100\n|-unboost|p2b: Gholdengo|spa|1\n|move|p1a: Iron Hands|Wild Charge|p2a: Ogerpon\n|-damage|p2a: Ogerpon|50\/100\n|-damage|p1a: Iron Hands|60\/100|[from] Recoil\n|\n|upkeep\n|turn|4\n|\n|t:|1700138976\n|move|p2a: Ogerpon|Ivy Cudgel|p1a: Iron Hands|[anim] Ivy Cudgel Water\n|-damage|p1a: Iron Hands|25\/100\n|move|p2b: Gholdengo|Make It Rain|p1a: Iron Hands\n|-resisted|p1a: Iron Hands\n|-damage|p1a: Iron Hands|13\/100\n|-unboost|p2b: Gholdengo|spa|1\n|move|p1a: Iron Hands|Wild Charge|p2a: Ogerpon\n|-damage|p2a: Ogerpon|0 fnt\n|faint|p2a: Ogerpon\n|-damage|p1a: Iron Hands|4\/100|[from] Recoil\n|\n|upkeep\n|\n|t:|1700138984\n|switch|p2a: Iron Hands|Iron Hands, L50, shiny|100\/100\n|turn|5\n|-message|chetoculto forfeited.\n|\n|win|StarkHD\n|raw|chetoculto's rating: 1487 &rarr; <strong>1465<\/strong><br \/>(-22 for losing)\n|raw|StarkHD's rating: 1446 &rarr; <strong>1468<\/strong><br \/>(+22 for winning)\n|l|\u2606chetoculto\n","uploadtime":1700138996,"views":21,"p1id":"chetoculto","p2id":"starkhd","formatid":"gen9vgc2023regulatione","rating":1465,"private":0,"password":""}