{"id":"gen9vgc2023regulatione-1991573554","p1":"Mr E Pokemon","p2":"Ronnoc02","format":"[Gen 9] VGC 2023 Regulation E","log":"|j|\u2606Mr E Pokemon\n|j|\u2606Ronnoc02\n|t:|1700089835\n|gametype|doubles\n|player|p1|Mr E Pokemon|101|1243\n|player|p2|Ronnoc02|1|1242\n|teamsize|p1|6\n|teamsize|p2|6\n|gen|9\n|tier|[Gen 9] VGC 2023 Regulation E\n|rated|\n|rule|Species Clause: Limit one of each Pok\u00e9mon\n|rule|Item Clause: Limit one of each item\n|clearpoke\n|poke|p1|Dudunsparce-*, L50, M|\n|poke|p1|Tornadus, L50, M|\n|poke|p1|Chien-Pao, L50|\n|poke|p1|Rillaboom, L50, F|\n|poke|p1|Arcanine-Hisui, L50, F|\n|poke|p1|Flutter Mane, L50|\n|poke|p2|Gyarados, L50, F|\n|poke|p2|Snorlax, L50, M|\n|poke|p2|Clefairy, L50, F|\n|poke|p2|Roaring Moon, L50|\n|poke|p2|Sinistcha-Masterpiece, L50|\n|poke|p2|Iron Hands, L50|\n|teampreview|4\nMr E Pokemon has agreed to open team sheets.\n|\n|t:|1700089879\n|start\n|switch|p1a: Tornadus|Tornadus, L50, M|100\/100\n|switch|p1b: Dudunsparce|Dudunsparce-Three-Segment, L50, M, shiny|100\/100\n|switch|p2a: Snorlax|Snorlax, L50, M|100\/100\n|switch|p2b: Sinistcha|Sinistcha-Masterpiece, L50|100\/100\n|turn|1\n|\n|t:|1700089918\n|-terastallize|p1b: Dudunsparce|Rock\n|move|p2a: Snorlax|Protect|p2a: Snorlax\n|-singleturn|p2a: Snorlax|Protect\n|move|p1a: Tornadus|Tailwind|p1a: Tornadus\n|-sidestart|p1: Mr E Pokemon|move: Tailwind\n|move|p1b: Dudunsparce|Rock Slide|p2a: Snorlax|[spread] p2b\n|-activate|p2a: Snorlax|move: Protect\n|-damage|p2b: Sinistcha|71\/100\n|move|p2b: Sinistcha|Trick Room|p2b: Sinistcha\n|-fieldstart|move: Trick Room|[of] p2b: Sinistcha\n|\n|upkeep\n|turn|2\n|\n|t:|1700089941\n|move|p2b: Sinistcha|Rage Powder|p2b: Sinistcha\n|-singleturn|p2b: Sinistcha|move: Rage Powder\n|move|p1a: Tornadus|Taunt|p2b: Sinistcha\n|-start|p2b: Sinistcha|move: Taunt\n|-enditem|p2b: Sinistcha|Mental Herb\n|-end|p2b: Sinistcha|move: Taunt\n|move|p2a: Snorlax|Belly Drum|p2a: Snorlax\n|-damage|p2a: Snorlax|50\/100\n|-setboost|p2a: Snorlax|atk|6|[from] move: Belly Drum\n|-enditem|p2a: Snorlax|Sitrus Berry|[eat]\n|-heal|p2a: Snorlax|75\/100|[from] item: Sitrus Berry\n|move|p1b: Dudunsparce|Rock Slide|p2b: Sinistcha|[spread] p2a\n|-miss|p1b: Dudunsparce|p2b: Sinistcha\n|-damage|p2a: Snorlax|45\/100\n|\n|upkeep\n|turn|3\n|\n|t:|1700089964\n|switch|p2b: Clefairy|Clefairy, L50, F|100\/100\n|move|p2a: Snorlax|High Horsepower|p1b: Dudunsparce\n|-supereffective|p1b: Dudunsparce\n|-damage|p1b: Dudunsparce|0 fnt\n|faint|p1b: Dudunsparce\n|move|p1a: Tornadus|Bleakwind Storm|p2a: Snorlax|[spread] p2a,p2b\n|-damage|p2a: Snorlax|33\/100\n|-damage|p2b: Clefairy|80\/100\n|-unboost|p2a: Snorlax|spe|1\n|\n|upkeep\n|\n|t:|1700089976\n|switch|p1b: Chien-Pao|Chien-Pao, L50|100\/100\n|-ability|p1b: Chien-Pao|Sword of Ruin\n|turn|4\n|\n|t:|1700089986\n|move|p1b: Chien-Pao|Protect|p1b: Chien-Pao\n|-singleturn|p1b: Chien-Pao|Protect\n|move|p2b: Clefairy|Follow Me|p2b: Clefairy\n|-singleturn|p2b: Clefairy|move: Follow Me\n|move|p1a: Tornadus|Taunt|p2b: Clefairy\n|-start|p2b: Clefairy|move: Taunt\n|move|p2a: Snorlax|Facade|p1a: Tornadus\n|-damage|p1a: Tornadus|0 fnt\n|faint|p1a: Tornadus\n|\n|-sideend|p1: Mr E Pokemon|move: Tailwind\n|upkeep\n|\n|t:|1700089997\n|switch|p1a: Flutter Mane|Flutter Mane, L50|100\/100\n|turn|5\n|\n|t:|1700090039\n|switch|p2b: Sinistcha|Sinistcha-Masterpiece, L50|71\/100\n|-heal|p2a: Snorlax|58\/100|[from] ability: Hospitality|[of] p2b: Sinistcha\n|move|p2a: Snorlax|Protect|p2a: Snorlax\n|-singleturn|p2a: Snorlax|Protect\n|move|p1b: Chien-Pao|Sucker Punch||[still]\n|-fail|p1b: Chien-Pao\n|move|p1a: Flutter Mane|Dazzling Gleam|p2a: Snorlax|[spread] p2b\n|-activate|p2a: Snorlax|move: Protect\n|-damage|p2b: Sinistcha|27\/100\n|\n|-fieldend|move: Trick Room\n|upkeep\n|turn|6\n|\n|t:|1700090078\n|move|p2b: Sinistcha|Rage Powder|p2b: Sinistcha\n|-singleturn|p2b: Sinistcha|move: Rage Powder\n|move|p1b: Chien-Pao|Throat Chop|p2b: Sinistcha\n|-supereffective|p2b: Sinistcha\n|-damage|p2b: Sinistcha|0 fnt\n|faint|p2b: Sinistcha\n|-damage|p1b: Chien-Pao|91\/100|[from] item: Life Orb\n|move|p1a: Flutter Mane|Dazzling Gleam|p2a: Snorlax\n|-damage|p2a: Snorlax|20\/100\n|move|p2a: Snorlax|High Horsepower|p1a: Flutter Mane\n|-crit|p1a: Flutter Mane\n|-damage|p1a: Flutter Mane|0 fnt\n|faint|p1a: Flutter Mane\n|-end|p1a: Flutter Mane|Protosynthesis|[silent]\n|\n|upkeep\n|\n|t:|1700090094\n|switch|p2b: Clefairy|Clefairy, L50, F|80\/100\n|turn|7\n|\n|t:|1700090102\n|move|p2b: Clefairy|Follow Me|p2b: Clefairy\n|-singleturn|p2b: Clefairy|move: Follow Me\n|move|p1b: Chien-Pao|Ice Spinner|p2b: Clefairy\n|-damage|p2b: Clefairy|16\/100\n|-damage|p1b: Chien-Pao|81\/100|[from] item: Life Orb\n|move|p2a: Snorlax|Facade|p1b: Chien-Pao\n|-damage|p1b: Chien-Pao|0 fnt\n|faint|p1b: Chien-Pao\n|\n|win|Ronnoc02\n|raw|Mr E Pokemon's rating: 1243 &rarr; <strong>1218<\/strong><br \/>(-25 for losing)\n|raw|Ronnoc02's rating: 1242 &rarr; <strong>1267<\/strong><br \/>(+25 for winning)\n|l|\u2606Mr E Pokemon\n","uploadtime":1700090233,"views":9,"p1id":"mrepokemon","p2id":"ronnoc02","formatid":"gen9vgc2023regulatione","rating":1218,"private":0,"password":""}