{"id":"gen9vgc2023regulatione-2000009196","p1":"Stryke Out","p2":"LiluziHit","format":"[Gen 9] VGC 2023 Regulation E","log":"|j|\u2606Stryke Out\n|j|\u2606LiluziHit\n|n|\u2606Stryke Out|strykeout\n|n|\u2606LiluziHit|liluzihit\n|html|View the match progress at <a href=\"\/game-bestof3-gen9vgc2023regulatione-2000009195\">game-bestof3-gen9vgc2023regulatione-2000009195<\/a>\n|t:|1701140663\n|gametype|doubles\n|player|p1|Stryke Out|cynthia-gen4|\n|player|p2|LiluziHit|blue|\n|teamsize|p1|6\n|teamsize|p2|6\n|gen|9\n|tier|[Gen 9] VGC 2023 Regulation E\n|rule|Species Clause: Limit one of each Pok\u00e9mon\n|rule|Item Clause: Limit one of each item\n|clearpoke\n|poke|p1|Flutter Mane, L50|\n|poke|p1|Zapdos-Galar, L50|\n|poke|p1|Bellibolt, L50, F|\n|poke|p1|Shiftry, L50, F|\n|poke|p1|Gholdengo, L50|\n|poke|p1|Crocalor, L50, M|\n|poke|p2|Kingambit, L50, M|\n|poke|p2|Landorus-Therian, L50, M|\n|poke|p2|Ursaluna-Bloodmoon, L50, M|\n|poke|p2|Dusknoir, L50, F|\n|poke|p2|Munkidori, L50, M|\n|poke|p2|Impidimp, L50, M|\n|teampreview|4\n|\n|t:|1701140716\n|start\n|switch|p1a: Flutter Mane|Flutter Mane, L50|100\/100\n|switch|p1b: Zapdos|Zapdos-Galar, L50|100\/100\n|switch|p2a: Dusknoir|Dusknoir, L50, F|100\/100\n|switch|p2b: Munkidori|Munkidori, L50, M|100\/100\n|-item|p1a: Flutter Mane|Booster Energy|[from] ability: Frisk|[of] p2a: Dusknoir|[identify]\n|-item|p1b: Zapdos|Sitrus Berry|[from] ability: Frisk|[of] p2a: Dusknoir|[identify]\n|-enditem|p1a: Flutter Mane|Booster Energy\n|-activate|p1a: Flutter Mane|ability: Protosynthesis|[fromitem]\n|-start|p1a: Flutter Mane|protosynthesisspa\n|turn|1\n|\n|t:|1701140754\n|switch|p2b: Ursaluna|Ursaluna-Bloodmoon, L50, M|100\/100\n|switch|p1b: Gholdengo|Gholdengo, L50|100\/100\n|move|p1a: Flutter Mane|Imprison|p1a: Flutter Mane\n|-start|p1a: Flutter Mane|move: Imprison\n|cant|p2a: Dusknoir|move: Imprison|Trick Room\n|\n|upkeep\n|turn|2\n|\n|t:|1701140783\n|switch|p1b: Zapdos|Zapdos-Galar, L50|100\/100\n|-terastallize|p2b: Ursaluna|Normal\n|move|p1a: Flutter Mane|Moonblast|p2b: Ursaluna\n|-damage|p2b: Ursaluna|19\/100\n|move|p2b: Ursaluna|Blood Moon|p1a: Flutter Mane\n|-damage|p1a: Flutter Mane|5\/100\n|move|p2a: Dusknoir|Icy Wind|p1b: Zapdos|[spread] p1a,p1b\n|-supereffective|p1b: Zapdos\n|-damage|p1a: Flutter Mane|0 fnt\n|-damage|p1b: Zapdos|86\/100\n|-unboost|p1b: Zapdos|spe|1\n|-ability|p1b: Zapdos|Defiant|boost\n|-boost|p1b: Zapdos|atk|2\n|faint|p1a: Flutter Mane\n|-end|p1a: Flutter Mane|Protosynthesis|[silent]\n|\n|upkeep\n|\n|t:|1701140810\n|switch|p1a: Bellibolt|Bellibolt, L50, F|100\/100\n|turn|3\n|\n|t:|1701140824\n|-terastallize|p1a: Bellibolt|Water\n|move|p1b: Zapdos|Protect|p1b: Zapdos\n|-singleturn|p1b: Zapdos|Protect\n|move|p2b: Ursaluna|Protect|p2b: Ursaluna\n|-singleturn|p2b: Ursaluna|Protect\n|move|p2a: Dusknoir|Will-O-Wisp|p1b: Zapdos\n|-activate|p1b: Zapdos|move: Protect\n|move|p1a: Bellibolt|Muddy Water|p2a: Dusknoir|[spread] p2a\n|-activate|p2b: Ursaluna|move: Protect\n|-damage|p2a: Dusknoir|78\/100\n|\n|upkeep\n|turn|4\n|\n|t:|1701140870\n|switch|p2b: Munkidori|Munkidori, L50, M|100\/100\n|move|p1b: Zapdos|Brave Bird|p2a: Dusknoir\n|-damage|p2a: Dusknoir|0 fnt\n|faint|p2a: Dusknoir\n|-damage|p1b: Zapdos|66\/100|[from] Recoil\n|move|p1a: Bellibolt|Muddy Water|p2b: Munkidori\n|-damage|p2b: Munkidori|54\/100\n|\n|upkeep\n|\n|t:|1701140886\n|switch|p2a: Kingambit|Kingambit, L50, M|100\/100\n|turn|5\n|\n|t:|1701140933\n|switch|p1b: Gholdengo|Gholdengo, L50|100\/100\n|move|p2b: Munkidori|Sludge Wave|p1b: Gholdengo|[spread] p1a\n|-immune|p2a: Kingambit\n|-immune|p1b: Gholdengo\n|-damage|p1a: Bellibolt|67\/100\n|-start|p1a: Bellibolt|Charge|Sludge Wave|[from] ability: Electromorphosis\n|move|p2a: Kingambit|Kowtow Cleave|p1a: Bellibolt\n|-damage|p1a: Bellibolt|6\/100\n|-start|p1a: Bellibolt|Charge|Kowtow Cleave|[from] ability: Electromorphosis\n|move|p1a: Bellibolt|Muddy Water|p2b: Munkidori|[spread] p2a\n|-miss|p1a: Bellibolt|p2b: Munkidori\n|-damage|p2a: Kingambit|67\/100\n|-unboost|p2a: Kingambit|accuracy|1\n|-ability|p2a: Kingambit|Defiant|boost\n|-boost|p2a: Kingambit|atk|2\n|\n|-heal|p1a: Bellibolt|12\/100|[from] item: Leftovers\n|upkeep\n|turn|6\n|\n|t:|1701140969\n|move|p2a: Kingambit|Sucker Punch|p1b: Gholdengo\n|-supereffective|p1b: Gholdengo\n|-damage|p1b: Gholdengo|0 fnt\n|faint|p1b: Gholdengo\n|move|p2b: Munkidori|Sludge Wave|p1a: Bellibolt|[spread] p1a\n|-immune|p2a: Kingambit\n|-damage|p1a: Bellibolt|0 fnt\n|faint|p1a: Bellibolt\n|\n|upkeep\n|\n|t:|1701140973\n|switch|p1b: Zapdos|Zapdos-Galar, L50|66\/100\n|turn|7\n|\n|t:|1701140979\n|move|p2a: Kingambit|Sucker Punch||[still]\n|-fail|p2a: Kingambit\n|move|p2b: Munkidori|Sludge Wave|p1b: Zapdos|[spread] p1b\n|-immune|p2a: Kingambit\n|-damage|p1b: Zapdos|30\/100\n|-status|p1b: Zapdos|tox|[from] ability: Toxic Chain|[of] p2b: Munkidori\n|-enditem|p1b: Zapdos|Sitrus Berry|[eat]\n|-heal|p1b: Zapdos|55\/100 tox|[from] item: Sitrus Berry\n|move|p1b: Zapdos|Tailwind|p1b: Zapdos\n|-sidestart|p1: Stryke Out|move: Tailwind\n|\n|-damage|p1b: Zapdos|49\/100 tox|[from] psn\n|upkeep\n|turn|8\n|\n|t:|1701140990\n|move|p1b: Zapdos|Protect|p1b: Zapdos\n|-singleturn|p1b: Zapdos|Protect\n|move|p2a: Kingambit|Sucker Punch||[still]\n|-fail|p2a: Kingambit\n|move|p2b: Munkidori|Sludge Wave|p1b: Zapdos|[spread] \n|-activate|p1b: Zapdos|move: Protect\n|-immune|p2a: Kingambit\n|\n|-damage|p1b: Zapdos|37\/100 tox|[from] psn\n|upkeep\n|turn|9\n|\n|t:|1701140999\n|move|p2a: Kingambit|Protect|p2a: Kingambit\n|-singleturn|p2a: Kingambit|Protect\n|move|p1b: Zapdos|Brave Bird|p2b: Munkidori\n|-damage|p2b: Munkidori|0 fnt\n|faint|p2b: Munkidori\n|-damage|p1b: Zapdos|22\/100 tox|[from] Recoil\n|\n|-damage|p1b: Zapdos|4\/100 tox|[from] psn\n|upkeep\n|\n|t:|1701141003\n|switch|p2b: Ursaluna|Ursaluna-Bloodmoon, L50, M, tera:Normal|19\/100\n|turn|10\n|\n|t:|1701141007\n|move|p2a: Kingambit|Sucker Punch|p1b: Zapdos|[miss]\n|-miss|p2a: Kingambit|p1b: Zapdos\n|move|p1b: Zapdos|Thunderous Kick|p2a: Kingambit\n|-supereffective|p2a: Kingambit\n|-damage|p2a: Kingambit|0 fnt\n|faint|p2a: Kingambit\n|move|p2b: Ursaluna|Blood Moon|p1b: Zapdos\n|-damage|p1b: Zapdos|0 fnt\n|faint|p1b: Zapdos\n|\n|win|LiluziHit\n|c|&|\/uhtml prompt-liluzihit,LiluziHit is ready for game 2!\n|c|&|\/uhtml prompt-strykeout,Stryke Out is ready for game 2!\nBoth players are ready! Starting next match!\n|l|\u2606Stryke Out\n","uploadtime":1701141249,"views":2,"p1id":"strykeout","p2id":"liluzihit","formatid":"gen9vgc2023regulatione","rating":0,"private":0,"password":""}