{"id":"gen9vgc2023regulatione-1993356784","p1":"An0nymoose","p2":"Code_Error_Shorts","format":"[Gen 9] VGC 2023 Regulation E","log":"|j|\u2606An0nymoose\n|j|\u2606Code_Error_Shorts\n|t:|1700305099\n|gametype|doubles\n|player|p1|An0nymoose|101|1000\n|player|p2|Code_Error_Shorts|kieran-festival|1058\n|teamsize|p1|6\n|teamsize|p2|6\n|gen|9\n|tier|[Gen 9] VGC 2023 Regulation E\n|rated|\n|rule|Species Clause: Limit one of each Pok\u00e9mon\n|rule|Item Clause: Limit one of each item\n|clearpoke\n|poke|p1|Tornadus, L50, M|\n|poke|p1|Flutter Mane, L50|\n|poke|p1|Salazzle, L50, F|\n|poke|p1|Dragapult, L50, F|\n|poke|p1|Scovillain, L50, F|\n|poke|p1|Ribombee, L50, M|\n|poke|p2|Wyrdeer, L50, M|\n|poke|p2|Weezing-Galar, L50, F|\n|poke|p2|Maushold, L50|\n|poke|p2|Iron Hands, L50|\n|poke|p2|Brute Bonnet, L50|\n|poke|p2|Tatsugiri, L50, F|\n|teampreview|4\n|inactive|Battle timer is ON: inactive players will automatically lose when time's up. (requested by An0nymoose)\n|inactive|An0nymoose has 60 seconds left.\n|inactive|Code_Error_Shorts has 60 seconds left.\n|\n|t:|1700305143\n|start\n|switch|p1a: Flutter Mane|Flutter Mane, L50|100\/100\n|switch|p1b: Dragapult|Dragapult, L50, F|100\/100\n|switch|p2a: Wyrdeer|Wyrdeer, L50, M, shiny|100\/100\n|switch|p2b: Brute Bonnet|Brute Bonnet, L50|100\/100\n|-ability|p2a: Wyrdeer|Intimidate|boost\n|-unboost|p1a: Flutter Mane|atk|1\n|-fail|p1b: Dragapult|unboost|[from] ability: Clear Body|[of] p1b: Dragapult\n|-enditem|p1a: Flutter Mane|Booster Energy\n|-activate|p1a: Flutter Mane|ability: Protosynthesis|[fromitem]\n|-start|p1a: Flutter Mane|protosynthesisspe\n|turn|1\n|inactive|An0nymoose has 30 seconds left.\n|inactive|An0nymoose has 20 seconds left.\n|\n|t:|1700305180\n|move|p1a: Flutter Mane|Dazzling Gleam|p2b: Brute Bonnet|[spread] p2a,p2b\n|-supereffective|p2b: Brute Bonnet\n|-damage|p2a: Wyrdeer|76\/100\n|-damage|p2b: Brute Bonnet|45\/100\n|move|p1b: Dragapult|U-turn|p2b: Brute Bonnet\n|-supereffective|p2b: Brute Bonnet\n|-damage|p2b: Brute Bonnet|0 fnt\n|faint|p2b: Brute Bonnet\n|-end|p2b: Brute Bonnet|Protosynthesis|[silent]\n|\n|t:|1700305192\n|switch|p1b: Tornadus|Tornadus, L50, M|100\/100|[from] U-turn\n|move|p2a: Wyrdeer|Trick Room|p2a: Wyrdeer\n|-fieldstart|move: Trick Room|[of] p2a: Wyrdeer\n|\n|upkeep\n|\n|t:|1700305198\n|switch|p2b: Tatsugiri|Tatsugiri, L50, F, shiny|100\/100\n|turn|2\n|\n|t:|1700305221\n|-terastallize|p2b: Tatsugiri|Fire\n|move|p2a: Wyrdeer|Hypnosis|p1b: Tornadus|[miss]\n|-miss|p2a: Wyrdeer|p1b: Tornadus\n|move|p2b: Tatsugiri|Nasty Plot|p2b: Tatsugiri\n|-boost|p2b: Tatsugiri|spa|2\n|move|p1b: Tornadus|Bleakwind Storm|p2a: Wyrdeer|[spread] p2a,p2b\n|-damage|p2a: Wyrdeer|46\/100\n|-damage|p2b: Tatsugiri|62\/100\n|-unboost|p2b: Tatsugiri|spe|1\n|move|p1a: Flutter Mane|Dazzling Gleam|p2a: Wyrdeer|[spread] p2a,p2b\n|-resisted|p2b: Tatsugiri\n|-damage|p2a: Wyrdeer|22\/100\n|-damage|p2b: Tatsugiri|48\/100\n|\n|upkeep\n|turn|3\n|inactive|An0nymoose has 30 seconds left.\n|inactive|An0nymoose has 20 seconds left.\n|\n|t:|1700305260\n|move|p2a: Wyrdeer|Helping Hand|p2b: Tatsugiri\n|-singleturn|p2b: Tatsugiri|Helping Hand|[of] p2a: Wyrdeer\n|move|p2b: Tatsugiri|Muddy Water|p1b: Tornadus|[spread] p1a,p1b\n|-crit|p1a: Flutter Mane\n|-damage|p1a: Flutter Mane|0 fnt\n|-damage|p1b: Tornadus|0 fnt\n|faint|p1a: Flutter Mane\n|-end|p1a: Flutter Mane|Protosynthesis|[silent]\n|faint|p1b: Tornadus\n|-damage|p2b: Tatsugiri|38\/100|[from] item: Life Orb\n|\n|upkeep\n|\n|t:|1700305282\n|switch|p1b: Dragapult|Dragapult, L50, F|100\/100\n|switch|p1a: Scovillain|Scovillain, L50, F|100\/100\n|turn|4\n|inactive|An0nymoose has 30 seconds left.\n|\n|t:|1700305308\n|-terastallize|p1b: Dragapult|Dragon\n|move|p2a: Wyrdeer|Helping Hand|p2b: Tatsugiri\n|-singleturn|p2b: Tatsugiri|Helping Hand|[of] p2a: Wyrdeer\n|move|p1a: Scovillain|Rage Powder|p1a: Scovillain\n|-singleturn|p1a: Scovillain|move: Rage Powder\n|move|p2b: Tatsugiri|Muddy Water|p1a: Scovillain|[spread] p1b\n|-miss|p2b: Tatsugiri|p1a: Scovillain\n|-resisted|p1b: Dragapult\n|-damage|p1b: Dragapult|0 fnt\n|faint|p1b: Dragapult\n|-damage|p2b: Tatsugiri|28\/100|[from] item: Life Orb\n|\n|upkeep\n|turn|5\n|\n|t:|1700305329\n|move|p2b: Tatsugiri|Draco Meteor|p1a: Scovillain\n|-damage|p1a: Scovillain|0 fnt\n|-unboost|p2b: Tatsugiri|spa|2\n|faint|p1a: Scovillain\n|-damage|p2b: Tatsugiri|19\/100|[from] item: Life Orb\n|\n|win|Code_Error_Shorts\n|raw|An0nymoose's rating: 1000 &rarr; <strong>1000<\/strong><br \/>(+0 for losing)\n|raw|Code_Error_Shorts's rating: 1058 &rarr; <strong>1084<\/strong><br \/>(+26 for winning)\n|c|\u2606Code_Error_Shorts|gg\n|l|\u2606An0nymoose\n","uploadtime":1700305345,"views":14,"p1id":"an0nymoose","p2id":"codeerrorshorts","formatid":"gen9vgc2023regulatione","rating":1000,"private":0,"password":""}