{"id":"gen9vgc2023regulatione-1993375363","p1":"Fenrirshadow","p2":"sshhooii","format":"[Gen 9] VGC 2023 Regulation E","log":"|j|\u2606Fenrirshadow\n|j|\u2606sshhooii\n|t:|1700308467\n|gametype|doubles\n|player|p1|Fenrirshadow|acetrainer-gen4dp|1184\n|player|p2|sshhooii|266|1224\n|teamsize|p1|6\n|teamsize|p2|6\n|gen|9\n|tier|[Gen 9] VGC 2023 Regulation E\n|rated|\n|rule|Species Clause: Limit one of each Pok\u00e9mon\n|rule|Item Clause: Limit one of each item\n|clearpoke\n|poke|p1|Heatran, L50, M|\n|poke|p1|Urshifu-*, L50, M|\n|poke|p1|Kommo-o, L50, F|\n|poke|p1|Amoonguss, L50, M|\n|poke|p1|Grimmsnarl, L50, M|\n|poke|p1|Landorus-Therian, L50, M|\n|poke|p2|Flutter Mane, L50|\n|poke|p2|Landorus-Therian, L50, M|\n|poke|p2|Iron Hands, L50|\n|poke|p2|Ceruledge, L50, M|\n|poke|p2|Urshifu-*, L50, M|\n|poke|p2|Ogerpon-Wellspring, L50, F|\n|teampreview|4\n|\n|t:|1700308505\n|start\n|switch|p1a: Amoonguss|Amoonguss, L50, M, shiny|100\/100\n|switch|p1b: Kommo-o|Kommo-o, L50, F|100\/100\n|switch|p2a: Flutter Mane|Flutter Mane, L50|100\/100\n|switch|p2b: Ceruledge|Ceruledge, L50, M|100\/100\n|turn|1\n|inactive|Battle timer is ON: inactive players will automatically lose when time's up. (requested by sshhooii)\n|\n|t:|1700308526\n|-end|p2a: Flutter Mane|Protosynthesis|[silent]\n|switch|p2a: Iron Hands|Iron Hands, L50|100\/100\n|move|p1b: Kommo-o|Protect|p1b: Kommo-o\n|-singleturn|p1b: Kommo-o|Protect\n|move|p2b: Ceruledge|Taunt|p1a: Amoonguss\n|-start|p1a: Amoonguss|move: Taunt\n|cant|p1a: Amoonguss|move: Taunt|Spore\n|\n|upkeep\n|turn|2\n|\n|t:|1700308542\n|switch|p1a: Landorus|Landorus-Therian, L50, M|100\/100\n|-ability|p1a: Landorus|Intimidate|boost\n|-unboost|p2a: Iron Hands|atk|1\n|-fail|p2b: Ceruledge|unboost|[from] item: Clear Amulet|[of] p2b: Ceruledge\n|move|p2a: Iron Hands|Fake Out|p1b: Kommo-o\n|-damage|p1b: Kommo-o|89\/100\n|cant|p1b: Kommo-o|flinch\n|move|p2b: Ceruledge|Bitter Blade|p1a: Landorus\n|-damage|p1a: Landorus|42\/100\n|-enditem|p1a: Landorus|Sitrus Berry|[eat]\n|-heal|p1a: Landorus|67\/100|[from] item: Sitrus Berry\n|\n|upkeep\n|turn|3\n|inactive|sshhooii has 30 seconds left.\n|inactive|sshhooii has 20 seconds left.\n|inactive|sshhooii has 15 seconds left.\n|inactive|sshhooii has 10 seconds left.\n|\n|t:|1700308590\n|-end|p2a: Iron Hands|Quark Drive|[silent]\n|switch|p2a: Flutter Mane|Flutter Mane, L50|100\/100\n|move|p1a: Landorus|Rock Slide|p2a: Flutter Mane|[spread] p2a,p2b\n|-supereffective|p2b: Ceruledge\n|-damage|p2a: Flutter Mane|69\/100\n|-damage|p2b: Ceruledge|56\/100\n|move|p1b: Kommo-o|Clangorous Soul|p1b: Kommo-o\n|-boost|p1b: Kommo-o|atk|1\n|-boost|p1b: Kommo-o|def|1\n|-boost|p1b: Kommo-o|spa|1\n|-boost|p1b: Kommo-o|spd|1\n|-boost|p1b: Kommo-o|spe|1\n|-damage|p1b: Kommo-o|57\/100\n|-enditem|p1b: Kommo-o|Throat Spray\n|-boost|p1b: Kommo-o|spa|1|[from] item: Throat Spray\n|cant|p2b: Ceruledge|flinch\n|\n|upkeep\n|turn|4\n|inactive|Fenrirshadow has 30 seconds left.\n|inactive|sshhooii has 30 seconds left.\n|\n|t:|1700308624\n|-terastallize|p1b: Kommo-o|Steel\n|move|p1b: Kommo-o|Flamethrower|p2a: Flutter Mane\n|-damage|p2a: Flutter Mane|16\/100\n|move|p2a: Flutter Mane|Dazzling Gleam|p1a: Landorus|[spread] p1a,p1b\n|-resisted|p1b: Kommo-o\n|-damage|p1a: Landorus|8\/100\n|-damage|p1b: Kommo-o|40\/100\n|move|p1a: Landorus|Stomping Tantrum|p2b: Ceruledge\n|-supereffective|p2b: Ceruledge\n|-damage|p2b: Ceruledge|0 fnt\n|faint|p2b: Ceruledge\n|\n|upkeep\n|\n|t:|1700308642\n|switch|p2b: Iron Hands|Iron Hands, L50|100\/100\n|turn|5\n|\n|t:|1700308657\n|switch|p1a: Amoonguss|Amoonguss, L50, M, shiny|100\/100\n|-end|p2b: Iron Hands|Quark Drive|[silent]\n|switch|p2b: Ogerpon|Ogerpon-Wellspring, L50, F|100\/100\n|move|p1b: Kommo-o|Protect|p1b: Kommo-o\n|-singleturn|p1b: Kommo-o|Protect\n|move|p2a: Flutter Mane|Dazzling Gleam|p1b: Kommo-o|[spread] p1a\n|-activate|p1b: Kommo-o|move: Protect\n|-resisted|p1a: Amoonguss\n|-damage|p1a: Amoonguss|80\/100\n|\n|upkeep\n|turn|6\n|inactive|sshhooii has 30 seconds left.\n|\n|t:|1700308683\n|-end|p2a: Flutter Mane|Protosynthesis|[silent]\n|switch|p2a: Iron Hands|Iron Hands, L50|100\/100\n|move|p1b: Kommo-o|Flamethrower|p2a: Iron Hands\n|-crit|p2a: Iron Hands\n|-damage|p2a: Iron Hands|62\/100\n|move|p2b: Ogerpon|Ivy Cudgel|p1b: Kommo-o|[anim] Ivy Cudgel Water\n|-damage|p1b: Kommo-o|3\/100\n|move|p1a: Amoonguss|Pollen Puff|p1b: Kommo-o\n|-heal|p1b: Kommo-o|53\/100\n|\n|upkeep\n|turn|7\n|\n|t:|1700308707\n|move|p2a: Iron Hands|Fake Out|p1a: Amoonguss\n|-damage|p1a: Amoonguss|69\/100\n|-damage|p2a: Iron Hands|46\/100|[from] item: Rocky Helmet|[of] p1a: Amoonguss\n|cant|p1a: Amoonguss|flinch\n|move|p1b: Kommo-o|Clanging Scales|p2a: Iron Hands|[spread] p2a,p2b\n|-damage|p2a: Iron Hands|7\/100\n|-damage|p2b: Ogerpon|40\/100\n|-unboost|p1b: Kommo-o|def|1\n|move|p2b: Ogerpon|Ivy Cudgel|p1b: Kommo-o|[anim] Ivy Cudgel Water\n|-crit|p1b: Kommo-o\n|-damage|p1b: Kommo-o|0 fnt\n|faint|p1b: Kommo-o\n|\n|upkeep\n|\n|t:|1700308724\n|switch|p1b: Landorus|Landorus-Therian, L50, M|8\/100\n|-ability|p1b: Landorus|Intimidate|boost\n|-unboost|p2a: Iron Hands|atk|1\n|-unboost|p2b: Ogerpon|atk|1\n|turn|8\n|inactive|sshhooii has 30 seconds left.\n|inactive|sshhooii has 20 seconds left.\n|\n|t:|1700308759\n|-end|p2a: Iron Hands|Quark Drive|[silent]\n|switch|p2a: Flutter Mane|Flutter Mane, L50|16\/100\n|move|p1b: Landorus|Protect|p1b: Landorus\n|-singleturn|p1b: Landorus|Protect\n|move|p2b: Ogerpon|Ivy Cudgel|p1b: Landorus|[anim] Ivy Cudgel Water\n|-activate|p1b: Landorus|move: Protect\n|move|p1a: Amoonguss|Pollen Puff|p2b: Ogerpon\n|-supereffective|p2b: Ogerpon\n|-damage|p2b: Ogerpon|8\/100\n|\n|upkeep\n|turn|9\n|inactive|Fenrirshadow has 30 seconds left.\n|\n|t:|1700308785\n|move|p2a: Flutter Mane|Shadow Ball|p1a: Amoonguss\n|-damage|p1a: Amoonguss|10\/100\n|move|p1b: Landorus|Rock Slide|p2b: Ogerpon|[spread] p2a,p2b\n|-damage|p2a: Flutter Mane|0 fnt\n|-damage|p2b: Ogerpon|0 fnt\n|faint|p2a: Flutter Mane\n|-end|p2a: Flutter Mane|Protosynthesis|[silent]\n|faint|p2b: Ogerpon\n|move|p1a: Amoonguss|Spore|p2: Flutter Mane|[notarget]\n|-fail|p1a: Amoonguss\n|\n|upkeep\n|\n|t:|1700308795\n|switch|p2a: Iron Hands|Iron Hands, L50|7\/100\n|turn|10\n|\n|t:|1700308806\n|switch|p1a: Heatran|Heatran, L50, M|100\/100\n|move|p1b: Landorus|Protect|p1b: Landorus\n|-singleturn|p1b: Landorus|Protect\n|move|p2a: Iron Hands|Fake Out|p1b: Landorus\n|-activate|p1b: Landorus|move: Protect\n|\n|upkeep\n|turn|11\n|-message|sshhooii forfeited.\n|\n|win|Fenrirshadow\n|raw|Fenrirshadow's rating: 1184 &rarr; <strong>1212<\/strong><br \/>(+28 for winning)\n|raw|sshhooii's rating: 1224 &rarr; <strong>1196<\/strong><br \/>(-28 for losing)\n|l|\u2606sshhooii\n","uploadtime":1700308824,"views":10,"p1id":"fenrirshadow","p2id":"sshhooii","formatid":"gen9vgc2023regulatione","rating":1196,"private":0,"password":""}