{"id":"gen9vgc2023regulatione-1995282045","p1":"Venefici","p2":"KingBerger14","format":"[Gen 9] VGC 2023 Regulation E","log":"|j|\u2606Venefici\n|j|\u2606KingBerger14\n|t:|1700546307\n|gametype|doubles\n|player|p1|Venefici|hugh|1106\n|player|p2|KingBerger14|1|1021\n|teamsize|p1|6\n|teamsize|p2|6\n|gen|9\n|tier|[Gen 9] VGC 2023 Regulation E\n|rated|\n|rule|Species Clause: Limit one of each Pok\u00e9mon\n|rule|Item Clause: Limit one of each item\n|clearpoke\n|poke|p1|Volcarona, L50, F|\n|poke|p1|Sinistcha, L50|\n|poke|p1|Snorlax, L50, F|\n|poke|p1|Milotic, L50, M|\n|poke|p1|Indeedee-F, L50, F|\n|poke|p1|Iron Hands, L50|\n|poke|p2|Ursaluna, L50, M|\n|poke|p2|Amoonguss, L50, M|\n|poke|p2|Iron Hands, L50|\n|poke|p2|Ogerpon-Wellspring, L50, F|\n|poke|p2|Scizor, L50, M|\n|poke|p2|Cresselia, L50, F|\n|teampreview|4\n|inactive|Battle timer is ON: inactive players will automatically lose when time's up. (requested by Venefici)\n|\n|t:|1700546326\n|start\n|switch|p1a: Volcarona|Volcarona, L50, F|100\/100\n|switch|p1b: Indeedee|Indeedee-F, L50, F|100\/100\n|switch|p2a: Iron Hands|Iron Hands, L50|100\/100\n|switch|p2b: Scizor|Scizor, L50, M|100\/100\n|-fieldstart|move: Psychic Terrain|[from] ability: Psychic Surge|[of] p1b: Indeedee\n|turn|1\n|inactive|Venefici has 30 seconds left.\n|inactive|KingBerger14 has 30 seconds left.\n|\n|t:|1700546353\n|move|p2a: Iron Hands|Fake Out|p1a: Volcarona\n|-activate|p1a: Volcarona|move: Psychic Terrain\n|move|p1b: Indeedee|Follow Me|p1b: Indeedee\n|-singleturn|p1b: Indeedee|move: Follow Me\n|move|p1a: Volcarona|Fiery Dance|p2b: Scizor\n|-supereffective|p2b: Scizor\n|-damage|p2b: Scizor|0 fnt\n|-boost|p1a: Volcarona|spa|1\n|faint|p2b: Scizor\n|\n|upkeep\n|inactive|KingBerger14 has 30 seconds left.\n|\n|t:|1700546380\n|switch|p2b: Ogerpon|Ogerpon-Wellspring, L50, F|100\/100\n|turn|2\n|inactive|KingBerger14 has 30 seconds left.\n|\n|t:|1700546411\n|-terastallize|p2b: Ogerpon|Water\n|detailschange|p2b: Ogerpon|Ogerpon-Wellspring-Tera, L50, F, tera:Water\n|-ability|p2b: Ogerpon|Embody Aspect (Wellspring)|boost\n|-boost|p2b: Ogerpon|spd|1\n|-terastallize|p1a: Volcarona|Dragon\n|move|p1b: Indeedee|Follow Me|p1b: Indeedee\n|-singleturn|p1b: Indeedee|move: Follow Me\n|move|p2b: Ogerpon|Ivy Cudgel|p1b: Indeedee|[anim] Ivy Cudgel Water\n|-damage|p1b: Indeedee|43\/100\n|move|p1a: Volcarona|Quiver Dance|p1a: Volcarona\n|-boost|p1a: Volcarona|spa|1\n|-boost|p1a: Volcarona|spd|1\n|-boost|p1a: Volcarona|spe|1\n|move|p2a: Iron Hands|Drain Punch|p1b: Indeedee\n|-damage|p1b: Indeedee|2\/100\n|-damage|p2a: Iron Hands|84\/100|[from] item: Rocky Helmet|[of] p1b: Indeedee\n|\n|upkeep\n|turn|3\n|inactive|Venefici has 30 seconds left.\n|inactive|KingBerger14 has 30 seconds left.\n|inactive|Venefici has 20 seconds left.\n|inactive|KingBerger14 has 20 seconds left.\n|inactive|KingBerger14 has 15 seconds left.\n|\n|t:|1700546455\n|move|p1a: Volcarona|Giga Drain|p2b: Ogerpon\n|-supereffective|p2b: Ogerpon\n|-damage|p2b: Ogerpon|36\/100\n|move|p2b: Ogerpon|Ivy Cudgel|p1b: Indeedee|[anim] Ivy Cudgel Water\n|-damage|p1b: Indeedee|0 fnt\n|faint|p1b: Indeedee\n|move|p2a: Iron Hands|Thunder Punch|p1a: Volcarona\n|-resisted|p1a: Volcarona\n|-damage|p1a: Volcarona|79\/100\n|\n|-heal|p1a: Volcarona|84\/100|[from] item: Leftovers\n|upkeep\n|\n|t:|1700546471\n|switch|p1b: Sinistcha|Sinistcha, L50|100\/100\n|-heal|p1a: Volcarona|100\/100|[from] ability: Hospitality|[of] p1b: Sinistcha\n|turn|4\n|\n|t:|1700546479\n|move|p2b: Ogerpon|Spiky Shield|p2b: Ogerpon\n|-singleturn|p2b: Ogerpon|move: Protect\n|move|p1b: Sinistcha|Rage Powder|p1b: Sinistcha\n|-singleturn|p1b: Sinistcha|move: Rage Powder\n|move|p1a: Volcarona|Quiver Dance|p1a: Volcarona\n|-boost|p1a: Volcarona|spa|1\n|-boost|p1a: Volcarona|spd|1\n|-boost|p1a: Volcarona|spe|1\n|move|p2a: Iron Hands|Ice Punch|p1b: Sinistcha\n|-supereffective|p1b: Sinistcha\n|-damage|p1b: Sinistcha|40\/100\n|\n|upkeep\n|turn|5\n|\n|t:|1700546503\n|switch|p2b: Amoonguss|Amoonguss, L50, M|100\/100\n|move|p1a: Volcarona|Giga Drain|p2b: Amoonguss\n|-resisted|p2b: Amoonguss\n|-damage|p2b: Amoonguss|85\/100\n|move|p1b: Sinistcha|Matcha Gotcha|p2a: Iron Hands|[spread] p2a,p2b\n|-resisted|p2b: Amoonguss\n|-damage|p2a: Iron Hands|70\/100\n|-heal|p1b: Sinistcha|49\/100|[from] drain|[of] p2a: Iron Hands\n|-damage|p2b: Amoonguss|79\/100\n|-heal|p1b: Sinistcha|53\/100|[from] drain|[of] p2b: Amoonguss\n|move|p2a: Iron Hands|Ice Punch|p1a: Volcarona\n|-supereffective|p1a: Volcarona\n|-damage|p1a: Volcarona|45\/100\n|-status|p2a: Iron Hands|brn|[from] ability: Flame Body|[of] p1a: Volcarona\n|\n|-heal|p1a: Volcarona|51\/100|[from] item: Leftovers\n|-damage|p2a: Iron Hands|64\/100 brn|[from] brn\n|-fieldend|move: Psychic Terrain\n|upkeep\n|turn|6\n|inactive|Venefici has 30 seconds left.\n|inactive|KingBerger14 has 30 seconds left.\n|inactive|Venefici has 20 seconds left.\n|inactive|Venefici has 15 seconds left.\n|\n|t:|1700546548\n|move|p1b: Sinistcha|Rage Powder|p1b: Sinistcha\n|-singleturn|p1b: Sinistcha|move: Rage Powder\n|move|p1a: Volcarona|Fiery Dance|p2a: Iron Hands\n|-damage|p2a: Iron Hands|11\/100 brn\n|move|p2a: Iron Hands|Ice Punch|p1b: Sinistcha\n|-supereffective|p1b: Sinistcha\n|-damage|p1b: Sinistcha|22\/100\n|-enditem|p1b: Sinistcha|Wiki Berry|[eat]\n|-heal|p1b: Sinistcha|55\/100|[from] item: Wiki Berry\n|move|p2b: Amoonguss|Clear Smog|p1a: Volcarona\n|-damage|p1a: Volcarona|43\/100\n|-clearboost|p1a: Volcarona\n|\n|-heal|p1a: Volcarona|49\/100|[from] item: Leftovers\n|-damage|p2a: Iron Hands|5\/100 brn|[from] brn\n|upkeep\n|turn|7\n|inactive|Venefici has 30 seconds left.\n|inactive|KingBerger14 has 30 seconds left.\n|inactive|KingBerger14 has 20 seconds left.\n|inactive|KingBerger14 has 15 seconds left.\n|inactive|KingBerger14 has 10 seconds left.\n|inactive|KingBerger14 has 5 seconds left.\n|\n|t:|1700546600\n|move|p1a: Volcarona|Protect|p1a: Volcarona\n|-singleturn|p1a: Volcarona|Protect\n|move|p1b: Sinistcha|Life Dew|p1b: Sinistcha|[spread] p1a,p1b\n|-heal|p1a: Volcarona|74\/100\n|-heal|p1b: Sinistcha|80\/100\n|move|p2a: Iron Hands|Ice Punch|p1a: Volcarona\n|-activate|p1a: Volcarona|move: Protect\n|move|p2b: Amoonguss|Pollen Puff|p1b: Sinistcha\n|-damage|p1b: Sinistcha|65\/100\n|\n|-heal|p1a: Volcarona|80\/100|[from] item: Leftovers\n|-damage|p2a: Iron Hands|0 fnt|[from] brn\n|faint|p2a: Iron Hands\n|-end|p2a: Iron Hands|Quark Drive|[silent]\n|upkeep\n|\n|t:|1700546618\n|switch|p2a: Ogerpon|Ogerpon-Wellspring-Tera, L50, F, tera:Water|36\/100\n|-ability|p2a: Ogerpon|Embody Aspect (Wellspring)|boost\n|-boost|p2a: Ogerpon|spd|1\n|turn|8\n|\n|t:|1700546640\n|switch|p1a: Milotic|Milotic, L50, M|100\/100\n|move|p2a: Ogerpon|Spiky Shield|p2a: Ogerpon\n|-singleturn|p2a: Ogerpon|move: Protect\n|move|p1b: Sinistcha|Matcha Gotcha|p2a: Ogerpon|[spread] p2b\n|-activate|p2a: Ogerpon|move: Protect\n|-resisted|p2b: Amoonguss\n|-damage|p2b: Amoonguss|72\/100\n|-heal|p1b: Sinistcha|69\/100|[from] drain|[of] p2b: Amoonguss\n|move|p2b: Amoonguss|Spore|p1a: Milotic\n|-activate|p1a: Milotic|item: Safety Goggles|Spore\n|\n|upkeep\n|turn|9\n|inactive|KingBerger14 has 30 seconds left.\n|\n|t:|1700546673\n|move|p1b: Sinistcha|Rage Powder|p1b: Sinistcha\n|-singleturn|p1b: Sinistcha|move: Rage Powder\n|move|p2a: Ogerpon|Wood Hammer|p1b: Sinistcha\n|-resisted|p1b: Sinistcha\n|-damage|p1b: Sinistcha|42\/100\n|-damage|p2a: Ogerpon|28\/100|[from] Recoil\n|move|p1a: Milotic|Coil|p1a: Milotic\n|-boost|p1a: Milotic|atk|1\n|-boost|p1a: Milotic|def|1\n|-boost|p1a: Milotic|accuracy|1\n|move|p2b: Amoonguss|Clear Smog|p1b: Sinistcha\n|-damage|p1b: Sinistcha|27\/100\n|-clearboost|p1b: Sinistcha\n|\n|upkeep\n|turn|10\n|inactive|Venefici has 30 seconds left.\n|inactive|KingBerger14 has 30 seconds left.\n|\n|t:|1700546706\n|move|p1b: Sinistcha|Rage Powder|p1b: Sinistcha\n|-singleturn|p1b: Sinistcha|move: Rage Powder\n|move|p2a: Ogerpon|Wood Hammer|p1b: Sinistcha\n|-resisted|p1b: Sinistcha\n|-damage|p1b: Sinistcha|2\/100\n|-damage|p2a: Ogerpon|20\/100|[from] Recoil\n|move|p1a: Milotic|Hypnosis|p2b: Amoonguss|[miss]\n|-miss|p1a: Milotic|p2b: Amoonguss\n|move|p2b: Amoonguss|Clear Smog|p1b: Sinistcha\n|-damage|p1b: Sinistcha|0 fnt\n|-clearboost|p1b: Sinistcha\n|faint|p1b: Sinistcha\n|\n|upkeep\n|\n|t:|1700546719\n|switch|p1b: Volcarona|Volcarona, L50, F, tera:Dragon|80\/100\n|turn|11\n|inactive|Venefici has 30 seconds left.\n|\n|t:|1700546745\n|move|p2a: Ogerpon|Spiky Shield|p2a: Ogerpon\n|-singleturn|p2a: Ogerpon|move: Protect\n|move|p1b: Volcarona|Fiery Dance|p2a: Ogerpon\n|-activate|p2a: Ogerpon|move: Protect\n|move|p1a: Milotic|Ice Beam|p2a: Ogerpon\n|-activate|p2a: Ogerpon|move: Protect\n|move|p2b: Amoonguss|Spore|p1b: Volcarona\n|-status|p1b: Volcarona|slp|[from] move: Spore\n|\n|-heal|p1b: Volcarona|85\/100 slp|[from] item: Leftovers\n|upkeep\n|turn|12\n|inactive|Venefici has 30 seconds left.\n|inactive|KingBerger14 has 30 seconds left.\n|inactive|Venefici has 20 seconds left.\n|inactive|KingBerger14 has 20 seconds left.\n|inactive|Venefici has 15 seconds left.\n|\n|t:|1700546787\n|cant|p1b: Volcarona|slp\n|move|p2a: Ogerpon|Wood Hammer|p1a: Milotic\n|-supereffective|p1a: Milotic\n|-damage|p1a: Milotic|16\/100\n|-damage|p2a: Ogerpon|0 fnt|[from] Recoil\n|faint|p2a: Ogerpon\n|move|p1a: Milotic|Ice Beam|p2b: Amoonguss\n|-supereffective|p2b: Amoonguss\n|-damage|p2b: Amoonguss|23\/100\n|move|p2b: Amoonguss|Pollen Puff|p2: Ogerpon|[notarget]\n|-fail|p2b: Amoonguss\n|\n|-heal|p1b: Volcarona|91\/100 slp|[from] item: Leftovers\n|upkeep\n|turn|13\n|\n|t:|1700546808\n|cant|p1b: Volcarona|slp\n|move|p1a: Milotic|Ice Beam|p2b: Amoonguss\n|-supereffective|p2b: Amoonguss\n|-damage|p2b: Amoonguss|0 fnt\n|faint|p2b: Amoonguss\n|\n|win|Venefici\n|raw|Venefici's rating: 1106 &rarr; <strong>1125<\/strong><br \/>(+19 for winning)\n|raw|KingBerger14's rating: 1021 &rarr; <strong>1011<\/strong><br \/>(-10 for losing)\n|l|\u2606KingBerger14\n","uploadtime":1700546824,"views":8,"p1id":"venefici","p2id":"kingberger14","formatid":"gen9vgc2023regulatione","rating":1011,"private":0,"password":""}