{"id":"gen9vgc2023regulatione-1988358913","p1":"LegacyKiwi","p2":"poopynan","format":"[Gen 9] VGC 2023 Regulation E","log":"|j|\u2606LegacyKiwi\n|j|\u2606poopynan\n|t:|1699713623\n|gametype|doubles\n|player|p1|LegacyKiwi|102|1098\n|player|p2|poopynan|giovanni|1047\n|teamsize|p1|6\n|teamsize|p2|6\n|gen|9\n|tier|[Gen 9] VGC 2023 Regulation E\n|rated|\n|rule|Species Clause: Limit one of each Pok\u00e9mon\n|rule|Item Clause: Limit one of each item\n|clearpoke\n|poke|p1|Altaria, L50, F|\n|poke|p1|Azumarill, L50, M|\n|poke|p1|Ampharos, L50, M|\n|poke|p1|Toxapex, L50, F|\n|poke|p1|Koffing, L50, F|\n|poke|p1|Decidueye, L50, F|\n|poke|p2|Palafin, L50, M|\n|poke|p2|Garchomp, L50, M|\n|poke|p2|Amoonguss, L50, F|\n|poke|p2|Gengar, L50, F|\n|poke|p2|Ceruledge, L50, F|\n|poke|p2|Politoed, L50, M|\n|teampreview|4\n|inactive|Battle timer is ON: inactive players will automatically lose when time's up. (requested by LegacyKiwi)\n|\n|t:|1699713670\n|start\n|switch|p1a: Ampharos|Ampharos, L50, M, shiny|100\/100\n|switch|p1b: Decidueye|Decidueye, L50, F, shiny|100\/100\n|switch|p2a: Gengar|Gengar, L50, F|100\/100\n|switch|p2b: Palafin|Palafin, L50, M|100\/100\n|turn|1\n|\n|t:|1699713694\n|switch|p2a: Support|Amoonguss, L50, F|100\/100\n|move|p2b: Palafin|Protect|p2b: Palafin\n|-singleturn|p2b: Palafin|Protect\n|move|p1a: Ampharos|Light Screen|p1a: Ampharos\n|-sidestart|p1: LegacyKiwi|move: Light Screen\n|move|p1b: Decidueye|Spirit Shackle|p2a: Support\n|-damage|p2a: Support|72\/100\n|-activate|p2a: Support|trapped\n|\n|upkeep\n|turn|2\n|inactive|poopynan has 30 seconds left.\n|\n|t:|1699713721\n|detailschange|p2b: Palafin|Palafin-Hero, L50, M\n|switch|p2b: Gengar|Gengar, L50, F|100\/100\n|move|p1a: Ampharos|Cotton Guard|p1a: Ampharos\n|-boost|p1a: Ampharos|def|3\n|move|p1b: Decidueye|Phantom Force||[still]\n|-prepare|p1b: Decidueye|Phantom Force\n|move|p2a: Support|Spore|p1a: Ampharos\n|-status|p1a: Ampharos|slp|[from] move: Spore\n|\n|upkeep\n|turn|3\n|inactive|poopynan has 30 seconds left.\n|inactive|poopynan has 20 seconds left.\n|\n|t:|1699713758\n|move|p2b: Gengar|Energy Ball|p1a: Ampharos\n|-damage|p1a: Ampharos|81\/100 slp\n|cant|p1a: Ampharos|slp\n|move|p1b: Decidueye|Phantom Force|p2b: Gengar|[from]lockedmove\n|-supereffective|p2b: Gengar\n|-damage|p2b: Gengar|0 fnt\n|-start|p1b: Decidueye|Disable|Phantom Force|[from] ability: Cursed Body|[of] p2b: Gengar\n|faint|p2b: Gengar\n|move|p2a: Support|Pollen Puff|p1b: Decidueye\n|-damage|p1b: Decidueye|92\/100\n|\n|-heal|p1a: Ampharos|87\/100 slp|[from] item: Leftovers\n|upkeep\n|inactive|poopynan has 30 seconds left.\n|inactive|poopynan has 20 seconds left.\n|inactive|poopynan has 15 seconds left.\n|\n|t:|1699713800\n|switch|p2b: Politoed|Politoed, L50, M|100\/100\n|-weather|RainDance|[from] ability: Drizzle|[of] p2b: Politoed\n|turn|4\n|inactive|poopynan has 30 seconds left.\n|inactive|poopynan has 20 seconds left.\n|\n|t:|1699713835\n|-terastallize|p2b: Politoed|Grass\n|move|p2b: Politoed|Earth Power|p1a: Ampharos\n|-supereffective|p1a: Ampharos\n|-damage|p1a: Ampharos|69\/100 slp\n|cant|p1a: Ampharos|slp\n|move|p1b: Decidueye|Spirit Shackle|p2b: Politoed\n|-damage|p2b: Politoed|76\/100\n|-activate|p2b: Politoed|trapped\n|move|p2a: Support|Pollen Puff|p1b: Decidueye\n|-damage|p1b: Decidueye|84\/100\n|\n|-weather|RainDance|[upkeep]\n|-heal|p2b: Politoed|82\/100|[from] item: Leftovers\n|-heal|p1a: Ampharos|75\/100 slp|[from] item: Leftovers\n|upkeep\n|turn|5\n|inactive|poopynan has 30 seconds left.\n|\n|t:|1699713861\n|cant|p1a: Ampharos|slp\n|move|p2b: Politoed|Earth Power|p1a: Ampharos\n|-supereffective|p1a: Ampharos\n|-damage|p1a: Ampharos|57\/100 slp\n|move|p1b: Decidueye|Spirit Shackle|p2b: Politoed\n|-damage|p2b: Politoed|54\/100\n|move|p2a: Support|Pollen Puff|p1b: Decidueye\n|-crit|p1b: Decidueye\n|-damage|p1b: Decidueye|64\/100\n|\n|-weather|RainDance|[upkeep]\n|-heal|p2b: Politoed|60\/100|[from] item: Leftovers\n|-heal|p1a: Ampharos|63\/100 slp|[from] item: Leftovers\n|-sideend|p1: LegacyKiwi|move: Light Screen\n|upkeep\n|turn|6\n|inactive|LegacyKiwi has 30 seconds left.\n|inactive|poopynan has 30 seconds left.\n|\n|t:|1699713891\n|-curestatus|p1a: Ampharos|slp|[msg]\n|move|p1a: Ampharos|Protect|p1a: Ampharos\n|-singleturn|p1a: Ampharos|Protect\n|move|p2b: Politoed|Earth Power|p1a: Ampharos\n|-activate|p1a: Ampharos|move: Protect\n|move|p1b: Decidueye|Synthesis|p1b: Decidueye\n|-heal|p1b: Decidueye|89\/100\n|move|p2a: Support|Pollen Puff|p2b: Politoed\n|-heal|p2b: Politoed|100\/100\n|\n|-weather|RainDance|[upkeep]\n|-heal|p1a: Ampharos|69\/100|[from] item: Leftovers\n|-end|p1b: Decidueye|Disable\n|upkeep\n|turn|7\n|inactive|LegacyKiwi has 30 seconds left.\n|\n|t:|1699713917\n|move|p2b: Politoed|Earth Power|p1a: Ampharos\n|-supereffective|p1a: Ampharos\n|-damage|p1a: Ampharos|41\/100\n|move|p1a: Ampharos|Light Screen|p1a: Ampharos\n|-sidestart|p1: LegacyKiwi|move: Light Screen\n|move|p1b: Decidueye|Spirit Shackle|p2a: Support\n|-damage|p2a: Support|46\/100\n|-enditem|p2a: Support|Sitrus Berry|[eat]\n|-heal|p2a: Support|70\/100|[from] item: Sitrus Berry\n|move|p2a: Support|Spore|p1a: Ampharos\n|-status|p1a: Ampharos|slp|[from] move: Spore\n|\n|-weather|RainDance|[upkeep]\n|-heal|p1a: Ampharos|47\/100 slp|[from] item: Leftovers\n|upkeep\n|turn|8\n|\n|t:|1699713941\n|cant|p1a: Ampharos|slp\n|move|p2b: Politoed|Earth Power|p1a: Ampharos\n|-supereffective|p1a: Ampharos\n|-damage|p1a: Ampharos|28\/100 slp\n|move|p1b: Decidueye|Spirit Shackle|p2a: Support\n|-damage|p2a: Support|42\/100\n|move|p2a: Support|Pollen Puff|p1b: Decidueye\n|-damage|p1b: Decidueye|80\/100\n|\n|-weather|none\n|-heal|p1a: Ampharos|35\/100 slp|[from] item: Leftovers\n|upkeep\n|turn|9\n|\n|t:|1699713966\n|cant|p1a: Ampharos|slp\n|move|p2b: Politoed|Earth Power|p1a: Ampharos\n|-supereffective|p1a: Ampharos\n|-damage|p1a: Ampharos|17\/100 slp\n|move|p1b: Decidueye|Spirit Shackle|p2a: Support\n|-damage|p2a: Support|15\/100\n|move|p2a: Support|Pollen Puff|p1b: Decidueye\n|-damage|p1b: Decidueye|72\/100\n|\n|-heal|p1a: Ampharos|23\/100 slp|[from] item: Leftovers\n|upkeep\n|turn|10\n|\n|t:|1699713987\n|-curestatus|p1a: Ampharos|slp|[msg]\n|move|p1a: Ampharos|Protect|p1a: Ampharos\n|-singleturn|p1a: Ampharos|Protect\n|move|p2a: Support|Protect|p2a: Support\n|-singleturn|p2a: Support|Protect\n|move|p2b: Politoed|Earth Power|p1a: Ampharos\n|-activate|p1a: Ampharos|move: Protect\n|move|p1b: Decidueye|Synthesis|p1b: Decidueye\n|-heal|p1b: Decidueye|100\/100\n|\n|-heal|p1a: Ampharos|29\/100|[from] item: Leftovers\n|upkeep\n|turn|11\n|\n|t:|1699714012\n|move|p2b: Politoed|Earth Power|p1a: Ampharos\n|-supereffective|p1a: Ampharos\n|-damage|p1a: Ampharos|10\/100\n|move|p1a: Ampharos|Thunderbolt|p2b: Politoed\n|-resisted|p2b: Politoed\n|-damage|p2b: Politoed|85\/100\n|move|p1b: Decidueye|Spirit Shackle|p2a: Support\n|-crit|p2a: Support\n|-damage|p2a: Support|0 fnt\n|faint|p2a: Support\n|\n|-heal|p2b: Politoed|91\/100|[from] item: Leftovers\n|-heal|p1a: Ampharos|16\/100|[from] item: Leftovers\n|-sideend|p1: LegacyKiwi|move: Light Screen\n|upkeep\n|\n|t:|1699714028\n|switch|p2a: Palafin|Palafin-Hero, L50, M|100\/100\n|-activate|p2a: Palafin|ability: Zero to Hero\n|turn|12\n|inactive|poopynan has 30 seconds left.\n|\n|t:|1699714054\n|move|p1a: Ampharos|Protect|p1a: Ampharos\n|-singleturn|p1a: Ampharos|Protect\n|move|p2a: Palafin|Ice Punch|p1a: Ampharos\n|-activate|p1a: Ampharos|move: Protect\n|move|p2b: Politoed|Earth Power|p1b: Decidueye\n|-resisted|p1b: Decidueye\n|-damage|p1b: Decidueye|94\/100\n|move|p1b: Decidueye|Spirit Shackle|p2a: Palafin\n|-damage|p2a: Palafin|69\/100\n|-activate|p2a: Palafin|trapped\n|\n|-heal|p2b: Politoed|97\/100|[from] item: Leftovers\n|-heal|p1a: Ampharos|22\/100|[from] item: Leftovers\n|upkeep\n|turn|13\n|inactive|LegacyKiwi has 30 seconds left.\n|inactive|poopynan has 30 seconds left.\n|inactive|poopynan has 20 seconds left.\n|inactive|poopynan has 15 seconds left.\n|inactive|poopynan has 10 seconds left.\n|inactive|poopynan has 5 seconds left.\n|\n|t:|1699714107\n|-terastallize|p1a: Ampharos|Bug\n|move|p2a: Palafin|Ice Punch|p1a: Ampharos\n|-damage|p1a: Ampharos|9\/100\n|move|p2b: Politoed|Chilling Water|p1b: Decidueye\n|-resisted|p1b: Decidueye\n|-damage|p1b: Decidueye|89\/100\n|-unboost|p1b: Decidueye|atk|1\n|move|p1a: Ampharos|Light Screen|p1a: Ampharos\n|-sidestart|p1: LegacyKiwi|move: Light Screen\n|move|p1b: Decidueye|Spirit Shackle|p2a: Palafin\n|-damage|p2a: Palafin|50\/100\n|\n|-heal|p2b: Politoed|100\/100|[from] item: Leftovers\n|-heal|p1a: Ampharos|15\/100|[from] item: Leftovers\n|upkeep\n|turn|14\n|inactive|poopynan has 30 seconds left this turn.\n|inactive|poopynan has 20 seconds left.\n|inactive|poopynan has 15 seconds left.\n|inactive|poopynan has 10 seconds left.\n|inactive|LegacyKiwi has 30 seconds left.\n|\n|t:|1699714138\n|move|p1a: Ampharos|Protect|p1a: Ampharos\n|-singleturn|p1a: Ampharos|Protect\n|move|p2a: Palafin|Jet Punch|p1a: Ampharos\n|-activate|p1a: Ampharos|move: Protect\n|move|p2b: Politoed|Chilling Water|p1b: Decidueye\n|-resisted|p1b: Decidueye\n|-damage|p1b: Decidueye|85\/100\n|-unboost|p1b: Decidueye|atk|1\n|move|p1b: Decidueye|Spirit Shackle|p2a: Palafin\n|-damage|p2a: Palafin|35\/100\n|\n|-heal|p1a: Ampharos|21\/100|[from] item: Leftovers\n|upkeep\n|turn|15\n|inactive|poopynan has 10 seconds left this turn.\n|inactive|poopynan has 5 seconds left.\n|-message|poopynan lost due to inactivity.\n|\n|win|LegacyKiwi\n|raw|LegacyKiwi's rating: 1098 &rarr; <strong>1120<\/strong><br \/>(+22 for winning)\n|raw|poopynan's rating: 1047 &rarr; <strong>1032<\/strong><br \/>(-15 for losing)\n|c|\u2606LegacyKiwi|gg\n","uploadtime":1699714182,"views":21,"p1id":"legacykiwi","p2id":"poopynan","formatid":"gen9vgc2023regulatione","rating":1032,"private":0,"password":""}