{"id":"gen9vgc2023regulatione-1998175547","p1":"Ringmasters","p2":"Autumn0815","format":"[Gen 9] VGC 2023 Regulation E","log":"|j|\u2606Ringmasters\n|j|\u2606Autumn0815\n|t:|1700906538\n|gametype|doubles\n|player|p1|Ringmasters|emmet-masters|1121\n|player|p2|Autumn0815|lady|1175\n|teamsize|p1|6\n|teamsize|p2|6\n|gen|9\n|tier|[Gen 9] VGC 2023 Regulation E\n|rated|\n|rule|Species Clause: Limit one of each Pok\u00e9mon\n|rule|Item Clause: Limit one of each item\n|clearpoke\n|poke|p1|Zoroark-Hisui, L50, F|\n|poke|p1|Moltres-Galar, L50|\n|poke|p1|Slither Wing, L50|\n|poke|p1|Ninetales-Alola, L50, M|\n|poke|p1|Chi-Yu, L50|\n|poke|p1|Regieleki, L50|\n|poke|p2|Rillaboom, L50, M|\n|poke|p2|Arcanine, L50, F|\n|poke|p2|Gastrodon, L50, F|\n|poke|p2|Roaring Moon, L50|\n|poke|p2|Sneasler, L50, F|\n|poke|p2|Gholdengo, L50|\n|teampreview|4\n|inactive|Battle timer is ON: inactive players will automatically lose when time's up. (requested by Autumn0815)\n|inactive|Autumn0815 has 60 seconds left.\n|\n|t:|1700906586\n|start\n|switch|p1a: Ninetales|Ninetales-Alola, L50, M|100\/100\n|switch|p1b: Chi-Yu|Chi-Yu, L50|100\/100\n|switch|p2a: Rillaboom|Rillaboom, L50, M|100\/100\n|switch|p2b: Roaring Moon|Roaring Moon, L50|100\/100\n|-weather|Snow|[from] ability: Snow Warning|[of] p1a: Ninetales\n|-ability|p1b: Chi-Yu|Beads of Ruin\n|-fieldstart|move: Grassy Terrain|[from] ability: Grassy Surge|[of] p2a: Rillaboom\n|-enditem|p2b: Roaring Moon|Booster Energy\n|-activate|p2b: Roaring Moon|ability: Protosynthesis|[fromitem]\n|-start|p2b: Roaring Moon|protosynthesisspe\n|turn|1\n|\n|t:|1700906597\n|-terastallize|p1b: Chi-Yu|Fire\n|move|p2a: Rillaboom|Fake Out|p1b: Chi-Yu\n|-damage|p1b: Chi-Yu|78\/100\n|move|p1a: Ninetales|Blizzard|p2b: Roaring Moon|[spread] p2a,p2b\n|-supereffective|p2a: Rillaboom\n|-supereffective|p2b: Roaring Moon\n|-damage|p2a: Rillaboom|41\/100\n|-damage|p2b: Roaring Moon|26\/100\n|move|p2b: Roaring Moon|Tailwind|p2b: Roaring Moon\n|-sidestart|p2: Autumn0815|move: Tailwind\n|cant|p1b: Chi-Yu|flinch\n|\n|-weather|Snow|[upkeep]\n|-heal|p2b: Roaring Moon|32\/100|[from] Grassy Terrain\n|-heal|p2a: Rillaboom|47\/100|[from] Grassy Terrain\n|-heal|p1b: Chi-Yu|84\/100|[from] Grassy Terrain\n|upkeep\n|turn|2\n|\n|t:|1700906615\n|move|p2b: Roaring Moon|Acrobatics|p1b: Chi-Yu\n|-damage|p1b: Chi-Yu|28\/100\n|move|p1a: Ninetales|Blizzard|p2a: Rillaboom|[spread] p2a,p2b\n|-supereffective|p2a: Rillaboom\n|-supereffective|p2b: Roaring Moon\n|-damage|p2a: Rillaboom|0 fnt\n|-damage|p2b: Roaring Moon|0 fnt\n|faint|p2a: Rillaboom\n|faint|p2b: Roaring Moon\n|-end|p2b: Roaring Moon|Protosynthesis|[silent]\n|move|p1b: Chi-Yu|Heat Wave|p2: Rillaboom|[notarget]\n|-fail|p1b: Chi-Yu\n|\n|-weather|Snow|[upkeep]\n|-heal|p1b: Chi-Yu|34\/100|[from] Grassy Terrain\n|upkeep\n|\n|t:|1700906623\n|switch|p2b: Gholdengo|Gholdengo, L50|100\/100\n|switch|p2a: Sneasler|Sneasler, L50, F|100\/100\n|-enditem|p2a: Sneasler|Grassy Seed\n|-boost|p2a: Sneasler|def|1|[from] item: Grassy Seed\n|turn|3\n|\n|t:|1700906634\n|move|p2a: Sneasler|Dire Claw|p1b: Chi-Yu\n|-damage|p1b: Chi-Yu|0 fnt\n|faint|p1b: Chi-Yu\n|move|p1a: Ninetales|Blizzard|p2a: Sneasler|[spread] p2a,p2b\n|-resisted|p2b: Gholdengo\n|-damage|p2a: Sneasler|59\/100\n|-damage|p2b: Gholdengo|84\/100\n|move|p2b: Gholdengo|Trick|p1a: Ninetales\n|-activate|p2b: Gholdengo|move: Trick|[of] p1a: Ninetales\n|-item|p1a: Ninetales|Choice Specs|[from] move: Trick\n|-item|p2b: Gholdengo|Choice Scarf|[from] move: Trick\n|\n|-weather|Snow|[upkeep]\n|-heal|p2a: Sneasler|65\/100|[from] Grassy Terrain\n|-heal|p2b: Gholdengo|90\/100|[from] Grassy Terrain\n|upkeep\n|\n|t:|1700906647\n|switch|p1b: Slither Wing|Slither Wing, L50|100\/100\n|-enditem|p1b: Slither Wing|Booster Energy\n|-activate|p1b: Slither Wing|ability: Protosynthesis|[fromitem]\n|-start|p1b: Slither Wing|protosynthesisatk\n|turn|4\n|\n|t:|1700906657\n|-terastallize|p2a: Sneasler|Flying\n|move|p1b: Slither Wing|First Impression|p2a: Sneasler\n|-resisted|p2a: Sneasler\n|-damage|p2a: Sneasler|32\/100\n|move|p2a: Sneasler|Acrobatics|p1b: Slither Wing\n|-supereffective|p1b: Slither Wing\n|-damage|p1b: Slither Wing|0 fnt\n|faint|p1b: Slither Wing\n|-end|p1b: Slither Wing|Protosynthesis|[silent]\n|move|p2b: Gholdengo|Make It Rain|p1a: Ninetales\n|-supereffective|p1a: Ninetales\n|-damage|p1a: Ninetales|0 fnt\n|-unboost|p2b: Gholdengo|spa|1\n|faint|p1a: Ninetales\n|\n|-weather|Snow|[upkeep]\n|-heal|p2b: Gholdengo|95\/100|[from] Grassy Terrain\n|-sideend|p2: Autumn0815|move: Tailwind\n|upkeep\n|\n|t:|1700906668\n|switch|p1b: Moltres|Moltres-Galar, L50|100\/100\n|turn|5\n|\n|t:|1700906682\n|move|p2a: Sneasler|Dire Claw|p1b: Moltres\n|-damage|p1b: Moltres|42\/100\n|-status|p1b: Moltres|psn\n|-ability|p1b: Moltres|Berserk|boost\n|-boost|p1b: Moltres|spa|1\n|move|p2b: Gholdengo|Make It Rain|p1b: Moltres\n|-damage|p1b: Moltres|0 fnt\n|-unboost|p2b: Gholdengo|spa|1\n|faint|p1b: Moltres\n|\n|win|Autumn0815\n|raw|Ringmasters's rating: 1146 &rarr; <strong>1123<\/strong><br \/>(-23 for losing)\n|raw|Autumn0815's rating: 1175 &rarr; <strong>1198<\/strong><br \/>(+23 for winning)\n|l|\u2606Ringmasters\n|c|\u2606Autumn0815|GG\n","uploadtime":1700906699,"views":12,"p1id":"ringmasters","p2id":"autumn0815","formatid":"gen9vgc2023regulatione","rating":1123,"private":0,"password":""}