{"id":"gen9vgc2023regulatione-1988117495","p1":"Solunex","p2":"SteelTumbler","format":"[Gen 9] VGC 2023 Regulation E","log":"|j|\u2606Solunex\n|j|\u2606SteelTumbler\n|t:|1699671690\n|gametype|doubles\n|player|p1|Solunex|ingo|1273\n|player|p2|SteelTumbler|266|1174\n|teamsize|p1|6\n|teamsize|p2|6\n|gen|9\n|tier|[Gen 9] VGC 2023 Regulation E\n|rated|\n|rule|Species Clause: Limit one of each Pok\u00e9mon\n|rule|Item Clause: Limit one of each item\n|clearpoke\n|poke|p1|Zapdos-Galar, L50|\n|poke|p1|Thundurus, L50, M|\n|poke|p1|Rillaboom, L50, M|\n|poke|p1|Arcanine-Hisui, L50, F|\n|poke|p1|Gholdengo, L50|\n|poke|p1|Ogerpon-Wellspring, L50, F|\n|poke|p2|Stantler, L50, F|\n|poke|p2|Annihilape, L50, M|\n|poke|p2|Rillaboom, L50, F|\n|poke|p2|Farigiraf, L50, M|\n|poke|p2|Maushold-Four, L50|\n|poke|p2|Altaria, L50, F|\n|teampreview|4\n|inactive|Battle timer is ON: inactive players will automatically lose when time's up. (requested by Solunex)\nSteelTumbler rejected open team sheets.\n|inactive|Solunex has 60 seconds left.\n|\n|t:|1699671729\n|start\n|switch|p1a: Thundurus|Thundurus, L50, M|100\/100\n|switch|p1b: Zapdos|Zapdos-Galar, L50|100\/100\n|switch|p2a: Farigiraf|Farigiraf, L50, M|100\/100\n|switch|p2b: Annihilape|Annihilape, L50, M|100\/100\n|turn|1\n|\n|t:|1699671744\n|move|p2b: Annihilape|Protect|p2b: Annihilape\n|-singleturn|p2b: Annihilape|Protect\n|move|p1a: Thundurus|Rain Dance|p1a: Thundurus\n|-weather|RainDance\n|move|p1b: Zapdos|Knock Off|p2a: Farigiraf\n|-supereffective|p2a: Farigiraf\n|-damage|p2a: Farigiraf|46\/100\n|-enditem|p2a: Farigiraf|Mental Herb|[from] move: Knock Off|[of] p1b: Zapdos\n|move|p2a: Farigiraf|Trick Room|p2a: Farigiraf\n|-fieldstart|move: Trick Room|[of] p2a: Farigiraf\n|\n|-weather|RainDance|[upkeep]\n|upkeep\n|turn|2\n|\n|t:|1699671763\n|switch|p1b: Ogerpon|Ogerpon-Wellspring, L50, F|100\/100\n|-terastallize|p2b: Annihilape|Rock\n|move|p2a: Farigiraf|Bulldoze|p1b: Ogerpon|[spread] p2b,p1b\n|-immune|p1a: Thundurus\n|-supereffective|p2b: Annihilape\n|-resisted|p1b: Ogerpon\n|-damage|p2b: Annihilape|84\/100\n|-damage|p1b: Ogerpon|96\/100\n|-unboost|p2b: Annihilape|spe|1\n|-unboost|p1b: Ogerpon|spe|1\n|-enditem|p2b: Annihilape|Weakness Policy\n|-boost|p2b: Annihilape|atk|2|[from] item: Weakness Policy\n|-boost|p2b: Annihilape|spa|2|[from] item: Weakness Policy\n|move|p2b: Annihilape|Rock Slide|p1b: Ogerpon|[spread] p1a,p1b\n|-supereffective|p1a: Thundurus\n|-crit|p1b: Ogerpon\n|-damage|p1a: Thundurus|0 fnt\n|-damage|p1b: Ogerpon|20\/100\n|faint|p1a: Thundurus\n|\n|-weather|RainDance|[upkeep]\n|upkeep\n|\n|t:|1699671779\n|switch|p1a: Zapdos|Zapdos-Galar, L50|100\/100\n|turn|3\n|\n|t:|1699671801\n|-terastallize|p1b: Ogerpon|Water\n|detailschange|p1b: Ogerpon|Ogerpon-Wellspring-Tera, L50, F, tera:Water\n|-ability|p1b: Ogerpon|Embody Aspect (Wellspring)|boost\n|-boost|p1b: Ogerpon|spd|1\n|move|p1b: Ogerpon|Spiky Shield|p1b: Ogerpon\n|-singleturn|p1b: Ogerpon|move: Protect\n|move|p2b: Annihilape|Rock Slide|p1a: Zapdos|[spread] p1a\n|-activate|p1b: Ogerpon|move: Protect\n|-damage|p1a: Zapdos|45\/100\n|move|p2a: Farigiraf|Reflect|p2a: Farigiraf\n|-sidestart|p2: SteelTumbler|Reflect\n|cant|p1a: Zapdos|flinch\n|\n|-weather|RainDance|[upkeep]\n|upkeep\n|turn|4\n|\n|t:|1699671818\n|switch|p2a: Altaria|Altaria, L50, F|100\/100\n|-ability|p2a: Altaria|Cloud Nine\n|move|p2b: Annihilape|Rock Slide|p1a: Zapdos|[spread] p1a,p1b\n|-damage|p1a: Zapdos|0 fnt\n|-damage|p1b: Ogerpon|0 fnt\n|faint|p1a: Zapdos\n|faint|p1b: Ogerpon\n|\n|-weather|RainDance|[upkeep]\n|upkeep\n|\n|t:|1699671826\n|switch|p1b: Arcanine|Arcanine-Hisui, L50, F|100\/100\n|-ability|p1b: Arcanine|Intimidate|boost\n|-unboost|p2a: Altaria|atk|1\n|-unboost|p2b: Annihilape|atk|1\n|-ability|p2b: Annihilape|Defiant|boost\n|-boost|p2b: Annihilape|atk|2\n|turn|5\n|\n|t:|1699671838\n|move|p2b: Annihilape|Drain Punch|p1b: Arcanine\n|-supereffective|p1b: Arcanine\n|-damage|p1b: Arcanine|0 fnt\n|-heal|p2b: Annihilape|100\/100|[from] drain|[of] p1b: Arcanine\n|faint|p1b: Arcanine\n|\n|win|SteelTumbler\n|raw|Solunex's rating: 1273 &rarr; <strong>1241<\/strong><br \/>(-32 for losing)\n|raw|SteelTumbler's rating: 1174 &rarr; <strong>1206<\/strong><br \/>(+32 for winning)\n|l|\u2606Solunex\n","uploadtime":1699671847,"views":13,"p1id":"solunex","p2id":"steeltumbler","formatid":"gen9vgc2023regulatione","rating":1206,"private":0,"password":""}