{"id":"gen9vgc2023regulatione-1989939999","p1":"Blk22","p2":"Kzjrkz","format":"[Gen 9] VGC 2023 Regulation E","log":"|j|\u2606Blk22\n|j|\u2606Kzjrkz\n|t:|1699908531\n|gametype|doubles\n|player|p1|Blk22|102|1160\n|player|p2|Kzjrkz|lance|1051\n|teamsize|p1|6\n|teamsize|p2|6\n|gen|9\n|tier|[Gen 9] VGC 2023 Regulation E\n|rated|\n|rule|Species Clause: Limit one of each Pok\u00e9mon\n|rule|Item Clause: Limit one of each item\n|clearpoke\n|poke|p1|Krookodile, L50, M|\n|poke|p1|Honchkrow, L50, F|\n|poke|p1|Hawlucha, L50, M|\n|poke|p1|Thundurus, L50, M|\n|poke|p1|Tauros-Paldea-Aqua, L50, M|\n|poke|p1|Enamorus, L50, F|\n|poke|p2|Flutter Mane, L50|\n|poke|p2|Tornadus, L50, M|\n|poke|p2|Rillaboom, L50, F|\n|poke|p2|Garganacl, L50, M|\n|poke|p2|Arcanine-Hisui, L50, F|\n|poke|p2|Chien-Pao, L50|\n|teampreview|4\n|\n|t:|1699908557\n|start\n|switch|p1a: Thundurus|Thundurus, L50, M|100\/100\n|switch|p1b: Enamorus|Enamorus, L50, F|100\/100\n|switch|p2a: Tornadus|Tornadus, L50, M|100\/100\n|switch|p2b: Garganacl|Garganacl, L50, M|100\/100\n|turn|1\n|\n|t:|1699908572\n|-terastallize|p1b: Enamorus|Fairy\n|-terastallize|p2b: Garganacl|Ghost\n|move|p1a: Thundurus|Eerie Impulse|p1b: Enamorus\n|-boost|p1b: Enamorus|spa|2\n|move|p2a: Tornadus|Tailwind|p2a: Tornadus\n|-sidestart|p2: Kzjrkz|move: Tailwind\n|move|p1b: Enamorus|Dazzling Gleam|p2b: Garganacl|[spread] p2a,p2b\n|-damage|p2a: Tornadus|3\/100\n|-damage|p2b: Garganacl|15\/100\n|-enditem|p2b: Garganacl|Sitrus Berry|[eat]\n|-heal|p2b: Garganacl|39\/100|[from] item: Sitrus Berry\n|move|p2b: Garganacl|Salt Cure|p1b: Enamorus\n|-damage|p1b: Enamorus|78\/100\n|-start|p1b: Enamorus|Salt Cure\n|\n|-damage|p1b: Enamorus|66\/100|[from] Salt Cure\n|upkeep\n|turn|2\n|\n|t:|1699908600\n|move|p2b: Garganacl|Protect|p2b: Garganacl\n|-singleturn|p2b: Garganacl|Protect\n|move|p1a: Thundurus|Scary Face|p1b: Enamorus\n|-boost|p1b: Enamorus|spe|2\n|move|p1b: Enamorus|Dazzling Gleam|p2b: Garganacl|[spread] p2a\n|-activate|p2b: Garganacl|move: Protect\n|-damage|p2a: Tornadus|0 fnt\n|faint|p2a: Tornadus\n|\n|-damage|p1b: Enamorus|54\/100|[from] Salt Cure\n|upkeep\n|\n|t:|1699908609\n|switch|p2a: Arcanine|Arcanine-Hisui, L50, F|100\/100\n|-ability|p2a: Arcanine|Intimidate|boost\n|-unboost|p1a: Thundurus|atk|1\n|-boost|p1b: Enamorus|atk|1\n|turn|3\n|\n|t:|1699908666\n|switch|p1b: Hawlucha|Hawlucha, L50, M|100\/100\n|move|p2a: Arcanine|Extreme Speed|p1b: Hawlucha\n|-damage|p1b: Hawlucha|41\/100\n|move|p1a: Thundurus|Swagger|p1b: Hawlucha\n|-boost|p1b: Hawlucha|atk|2\n|-start|p1b: Hawlucha|confusion\n|-enditem|p1b: Hawlucha|Lum Berry|[eat]\n|-end|p1b: Hawlucha|confusion\n|move|p2b: Garganacl|Recover|p2b: Garganacl\n|-heal|p2b: Garganacl|89\/100\n|\n|upkeep\n|turn|4\n|\n|t:|1699908706\n|move|p1b: Hawlucha|Protect|p1b: Hawlucha\n|-singleturn|p1b: Hawlucha|Protect\n|move|p2a: Arcanine|Extreme Speed|p1b: Hawlucha\n|-activate|p1b: Hawlucha|move: Protect\n|move|p1a: Thundurus|Thunderbolt|p2b: Garganacl\n|-damage|p2b: Garganacl|61\/100\n|move|p2b: Garganacl|Salt Cure|p1a: Thundurus\n|-supereffective|p1a: Thundurus\n|-damage|p1a: Thundurus|62\/100\n|\n|-sideend|p2: Kzjrkz|move: Tailwind\n|upkeep\n|turn|5\n|inactive|Battle timer is ON: inactive players will automatically lose when time's up. (requested by Kzjrkz)\n|\n|t:|1699908763\n|move|p2a: Arcanine|Extreme Speed|p1b: Hawlucha\n|-damage|p1b: Hawlucha|0 fnt\n|faint|p1b: Hawlucha\n|move|p1a: Thundurus|Thunderbolt|p2b: Garganacl\n|-damage|p2b: Garganacl|32\/100\n|move|p2b: Garganacl|Recover|p2b: Garganacl\n|-heal|p2b: Garganacl|83\/100\n|\n|upkeep\n|\n|t:|1699908776\n|switch|p1b: Tauros|Tauros-Paldea-Aqua, L50, M|100\/100\n|turn|6\n|\n|t:|1699908791\n|move|p2a: Arcanine|Extreme Speed|p1a: Thundurus\n|-damage|p1a: Thundurus|3\/100\n|move|p1a: Thundurus|Swagger|p1b: Tauros|[miss]\n|-miss|p1a: Thundurus|p1b: Tauros\n|move|p1b: Tauros|Raging Bull|p2a: Arcanine\n|-supereffective|p2a: Arcanine\n|-damage|p2a: Arcanine|0 fnt\n|faint|p2a: Arcanine\n|move|p2b: Garganacl|Salt Cure|p1b: Tauros\n|-resisted|p1b: Tauros\n|-damage|p1b: Tauros|93\/100\n|-start|p1b: Tauros|Salt Cure\n|\n|-damage|p1b: Tauros|68\/100|[from] Salt Cure\n|upkeep\n|\n|t:|1699908797\n|switch|p2a: Flutter Mane|Flutter Mane, L50|100\/100\n|-enditem|p2a: Flutter Mane|Booster Energy\n|-activate|p2a: Flutter Mane|ability: Protosynthesis|[fromitem]\n|-start|p2a: Flutter Mane|protosynthesisspe\n|turn|7\n|inactive|Blk22 has 30 seconds left.\n|\n|t:|1699908830\n|switch|p1b: Enamorus|Enamorus, L50, F, tera:Fairy|54\/100\n|move|p2a: Flutter Mane|Protect|p2a: Flutter Mane\n|-singleturn|p2a: Flutter Mane|Protect\n|move|p1a: Thundurus|Scary Face|p1b: Enamorus\n|-boost|p1b: Enamorus|spe|2\n|move|p2b: Garganacl|Salt Cure|p1a: Thundurus\n|-supereffective|p1a: Thundurus\n|-damage|p1a: Thundurus|0 fnt\n|faint|p1a: Thundurus\n|\n|upkeep\n|\n|t:|1699908840\n|switch|p1a: Tauros|Tauros-Paldea-Aqua, L50, M|68\/100\n|turn|8\n|\n|t:|1699908859\n|move|p1b: Enamorus|Sludge Bomb|p2a: Flutter Mane\n|-damage|p2a: Flutter Mane|48\/100\n|-status|p2a: Flutter Mane|psn\n|move|p2a: Flutter Mane|Moonblast|p1b: Enamorus\n|-damage|p1b: Enamorus|0 fnt\n|faint|p1b: Enamorus\n|move|p1a: Tauros|Rock Slide|p2a: Flutter Mane|[spread] p2a,p2b\n|-damage|p2a: Flutter Mane|9\/100 psn\n|-damage|p2b: Garganacl|70\/100\n|move|p2b: Garganacl|Salt Cure|p1a: Tauros\n|-resisted|p1a: Tauros\n|-damage|p1a: Tauros|59\/100\n|-start|p1a: Tauros|Salt Cure\n|\n|-damage|p2a: Flutter Mane|0 fnt|[from] psn\n|faint|p2a: Flutter Mane\n|-end|p2a: Flutter Mane|Protosynthesis|[silent]\n|-damage|p1a: Tauros|34\/100|[from] Salt Cure\n|upkeep\n|turn|9\n|\n|t:|1699908881\n|move|p2b: Garganacl|Protect|p2b: Garganacl\n|-singleturn|p2b: Garganacl|Protect\n|move|p1a: Tauros|Raging Bull|p2b: Garganacl\n|-activate|p2b: Garganacl|move: Protect\n|\n|-damage|p1a: Tauros|9\/100|[from] Salt Cure\n|upkeep\n|turn|10\n|\n|t:|1699908892\n|move|p1a: Tauros|Raging Bull|p2b: Garganacl\n|-damage|p2b: Garganacl|41\/100\n|move|p2b: Garganacl|Recover|p2b: Garganacl\n|-heal|p2b: Garganacl|91\/100\n|\n|-damage|p1a: Tauros|0 fnt|[from] Salt Cure\n|faint|p1a: Tauros\n|\n|win|Kzjrkz\n|upkeep\n|raw|Blk22's rating: 1160 &rarr; <strong>1130<\/strong><br \/>(-30 for losing)\n|raw|Kzjrkz's rating: 1086 &rarr; <strong>1119<\/strong><br \/>(+33 for winning)\n","uploadtime":1699908897,"views":10,"p1id":"blk22","p2id":"kzjrkz","formatid":"gen9vgc2023regulatione","rating":1119,"private":0,"password":""}