{"id":"gen9vgc2023regulatione-1998644938","p1":"shmucks","p2":"hjgklm3k","format":"[Gen 9] VGC 2023 Regulation E","log":"|j|\u2606shmucks\n|j|\u2606hjgklm3k\n|t:|1700966941\n|gametype|doubles\n|player|p1|shmucks|1|1514\n|player|p2|hjgklm3k|102|1485\n|teamsize|p1|6\n|teamsize|p2|6\n|gen|9\n|tier|[Gen 9] VGC 2023 Regulation E\n|rated|\n|rule|Species Clause: Limit one of each Pok\u00e9mon\n|rule|Item Clause: Limit one of each item\n|clearpoke\n|poke|p1|Baxcalibur, L50, F|\n|poke|p1|Ninetales-Alola, L50, M|\n|poke|p1|Ogerpon-Wellspring, L50, F|\n|poke|p1|Sandy Shocks, L50|\n|poke|p1|Zapdos-Galar, L50|\n|poke|p1|Arcanine-Hisui, L50, M|\n|poke|p2|Flutter Mane, L50|\n|poke|p2|Chi-Yu, L50|\n|poke|p2|Ogerpon, L50, F|\n|poke|p2|Roaring Moon, L50|\n|poke|p2|Clefairy, L50, M|\n|poke|p2|Urshifu-*, L50, F|\n|teampreview|4\n|inactive|Battle timer is ON: inactive players will automatically lose when time's up. (requested by shmucks)\n|inactive|shmucks has 60 seconds left.\n|\n|t:|1700967010\n|start\n|switch|p1a: Ninetales|Ninetales-Alola, L50, M|100\/100\n|switch|p1b: Arcanine|Arcanine-Hisui, L50, M|100\/100\n|switch|p2a: Chi-Yu|Chi-Yu, L50|100\/100\n|switch|p2b: Flutter Mane|Flutter Mane, L50|100\/100\n|-ability|p2a: Chi-Yu|Beads of Ruin\n|-weather|Snow|[from] ability: Snow Warning|[of] p1a: Ninetales\n|-ability|p1b: Arcanine|Intimidate|boost\n|-unboost|p2a: Chi-Yu|atk|1\n|-unboost|p2b: Flutter Mane|atk|1\n|turn|1\n|\n|t:|1700967020\n|move|p2a: Chi-Yu|Dark Pulse|p1b: Arcanine\n|-damage|p1b: Arcanine|23\/100\n|move|p2b: Flutter Mane|Dazzling Gleam|p1a: Ninetales|[spread] p1a,p1b\n|-resisted|p1b: Arcanine\n|-damage|p1a: Ninetales|19\/100\n|-damage|p1b: Arcanine|0 fnt\n|faint|p1b: Arcanine\n|move|p1a: Ninetales|Aurora Veil|p1a: Ninetales\n|-sidestart|p1: shmucks|move: Aurora Veil\n|\n|-weather|Snow|[upkeep]\n|upkeep\n|\n|t:|1700967037\n|switch|p1b: Zapdos|Zapdos-Galar, L50|100\/100\n|turn|2\n|inactive|shmucks has 30 seconds left.\n|\n|t:|1700967068\n|switch|p2a: Clefairy|Clefairy, L50, M|100\/100\n|-terastallize|p1b: Zapdos|Fire\n|move|p1b: Zapdos|Brave Bird|p2b: Flutter Mane\n|-crit|p2b: Flutter Mane\n|-damage|p2b: Flutter Mane|0 fnt\n|faint|p2b: Flutter Mane\n|-end|p2b: Flutter Mane|Protosynthesis|[silent]\n|-damage|p1b: Zapdos|76\/100|[from] Recoil\n|move|p1a: Ninetales|Blizzard|p2a: Clefairy\n|-damage|p2a: Clefairy|75\/100\n|-status|p2a: Clefairy|frz\n|\n|-weather|Snow|[upkeep]\n|upkeep\n|\n|t:|1700967084\n|switch|p2b: Chi-Yu|Chi-Yu, L50|100\/100\n|-ability|p2b: Chi-Yu|Beads of Ruin\n|turn|3\n|\n|t:|1700967100\n|switch|p1a: Baxcalibur|Baxcalibur, L50, F|100\/100\n|-terastallize|p2b: Chi-Yu|Ghost\n|cant|p2a: Clefairy|frz\n|move|p2b: Chi-Yu|Heat Wave|p1b: Zapdos|[spread] p1a,p1b\n|-resisted|p1b: Zapdos\n|-damage|p1a: Baxcalibur|64\/100\n|-damage|p1b: Zapdos|56\/100\n|-ability|p1a: Baxcalibur|Thermal Exchange|boost\n|-boost|p1a: Baxcalibur|atk|1\n|move|p1b: Zapdos|Brave Bird|p2a: Clefairy\n|-damage|p2a: Clefairy|5\/100 frz\n|-damage|p1b: Zapdos|33\/100|[from] Recoil\n|\n|-weather|Snow|[upkeep]\n|upkeep\n|turn|4\n|\n|t:|1700967118\n|cant|p2a: Clefairy|frz\n|move|p1a: Baxcalibur|Ice Shard|p2a: Clefairy\n|-damage|p2a: Clefairy|0 fnt\n|faint|p2a: Clefairy\n|move|p2b: Chi-Yu|Heat Wave|p1a: Baxcalibur|[spread] p1a,p1b\n|-resisted|p1b: Zapdos\n|-damage|p1a: Baxcalibur|25\/100\n|-damage|p1b: Zapdos|14\/100\n|-ability|p1a: Baxcalibur|Thermal Exchange|boost\n|-boost|p1a: Baxcalibur|atk|1\n|move|p1b: Zapdos|Brave Bird|p2b: Chi-Yu\n|-damage|p2b: Chi-Yu|0 fnt\n|faint|p2b: Chi-Yu\n|-damage|p1b: Zapdos|0 fnt|[from] Recoil\n|faint|p1b: Zapdos\n|\n|-weather|Snow|[upkeep]\n|upkeep\n|\n|t:|1700967130\n|switch|p2b: Urshifu|Urshifu-Rapid-Strike, L50, F|100\/100\n|switch|p1b: Ninetales|Ninetales-Alola, L50, M|19\/100\n|turn|5\n|\n|t:|1700967147\n|move|p1b: Ninetales|Freeze-Dry|p2b: Urshifu\n|-supereffective|p2b: Urshifu\n|-damage|p2b: Urshifu|21\/100\n|move|p2b: Urshifu|Surging Strikes|p1a: Baxcalibur\n|-resisted|p1a: Baxcalibur\n|-crit|p1a: Baxcalibur\n|-damage|p1a: Baxcalibur|17\/100\n|-resisted|p1a: Baxcalibur\n|-crit|p1a: Baxcalibur\n|-damage|p1a: Baxcalibur|8\/100\n|-resisted|p1a: Baxcalibur\n|-crit|p1a: Baxcalibur\n|-damage|p1a: Baxcalibur|0 fnt\n|faint|p1a: Baxcalibur\n|-hitcount|p1: Baxcalibur|3\n|\n|-weather|none\n|upkeep\n|turn|6\n|\n|t:|1700967155\n|move|p2b: Urshifu|Aqua Jet|p1b: Ninetales\n|-crit|p1b: Ninetales\n|-damage|p1b: Ninetales|0 fnt\n|faint|p1b: Ninetales\n|\n|win|hjgklm3k\n|raw|shmucks's rating: 1514 &rarr; <strong>1492<\/strong><br \/>(-22 for losing)\n|raw|hjgklm3k's rating: 1485 &rarr; <strong>1507<\/strong><br \/>(+22 for winning)\n","uploadtime":1700967159,"views":1,"p1id":"shmucks","p2id":"hjgklm3k","formatid":"gen9vgc2023regulatione","rating":1492,"private":0,"password":""}