{"id":"gen9vgc2023regulatione-1999914052","p1":"D018","p2":"lvargas01","format":"[Gen 9] VGC 2023 Regulation E","log":"|j|\u2606D018\n|j|\u2606lvargas01\n|n|\u2606D018|d018\n|n|\u2606lvargas01|lvargas01\n|html|View the match progress at <a href=\"\/game-bestof3-gen9vgc2023regulatione-1999914051\">game-bestof3-gen9vgc2023regulatione-1999914051<\/a>\n|t:|1701129459\n|gametype|doubles\n|player|p1|D018|alder|\n|player|p2|lvargas01|gambler|\n|teamsize|p1|6\n|teamsize|p2|6\n|gen|9\n|tier|[Gen 9] VGC 2023 Regulation E\n|rule|Species Clause: Limit one of each Pok\u00e9mon\n|rule|Item Clause: Limit one of each item\n|clearpoke\n|poke|p1|Chien-Pao, L50|\n|poke|p1|Rillaboom, L50, M|\n|poke|p1|Urshifu-*, L50, F|\n|poke|p1|Landorus-Therian, L50, M|\n|poke|p1|Flutter Mane, L50|\n|poke|p1|Heatran, L50, F|\n|poke|p2|Kingambit, L50, F|\n|poke|p2|Ogerpon-Wellspring, L50, F|\n|poke|p2|Landorus-Therian, L50, M|\n|poke|p2|Iron Hands, L50|\n|poke|p2|Flutter Mane, L50|\n|poke|p2|Chi-Yu, L50|\n|teampreview|4\n|inactive|Battle timer is ON: inactive players will automatically lose when time's up. (requested by lvargas01)\nlvargas01 has agreed to open team sheets.\nD018 has agreed to open team sheets.\n|showteam|p1|Chien-Pao||FocusSash|SwordofRuin|SacredSword,IcicleCrash,Crunch,Protect||||||50|,,,,,Ghost]Rillaboom||AssaultVest|GrassySurge|FakeOut,GrassyGlide,KnockOff,Uturn|||M|||50|,,,,,Fire]Urshifu-Rapid-Strike||MysticWater|UnseenFist|SurgingStrikes,CloseCombat,AquaJet,Detect|||F|||50|,,,,,Water]Landorus-Therian||ChoiceScarf|Intimidate|Uturn,TeraBlast,StompingTantrum,RockSlide|||M|||50|,,,,,Flying]Flutter Mane||BoosterEnergy|Protosynthesis|Moonblast,DazzlingGleam,Protect,ShadowBall||||||50|,,,,,Fairy]Heatran||Leftovers|FlashFire|EarthPower,HeatWave,FlashCannon,Protect|||F|||50|,,,,,Grass\n|showteam|p2|Kingambit||BlackGlasses|Defiant|Protect,KowtowCleave,SuckerPunch,SwordsDance|||F|||50|,,,,,Poison]Ogerpon-Wellspring||WellspringMask|WaterAbsorb|SpikyShield,IvyCudgel,WoodHammer,FollowMe|||F|||50|,,,,,Water]Landorus-Therian||ChoiceScarf|Intimidate|StompingTantrum,TeraBlast,RockSlide,Uturn|||M|||50|,,,,,Flying]Iron Hands||AssaultVest|QuarkDrive|DrainPunch,WildCharge,FakeOut,HeavySlam||||||50|,,,,,Grass]Flutter Mane||BoosterEnergy|Protosynthesis|Moonblast,DazzlingGleam,ShadowBall,Protect||||||50|,,,,,Fairy]Chi-Yu||FocusSash|BeadsofRuin|HeatWave,DarkPulse,Overheat,Protect||||||50|,,,,,Fire\n|inactive|D018 has 30 seconds left.\n|inactive|lvargas01 has 30 seconds left.\n|inactive|D018 has 20 seconds left.\n|inactive|lvargas01 has 20 seconds left.\n|inactive|D018 has 15 seconds left.\n|inactive|lvargas01 has 15 seconds left.\n|inactive|D018 has 10 seconds left.\n|inactive|lvargas01 has 10 seconds left.\n|inactive|D018 has 5 seconds left.\n|inactive|lvargas01 has 5 seconds left.\n|\n|t:|1701129526\n|start\n|switch|p1a: Rillaboom|Rillaboom, L50, M|100\/100\n|switch|p1b: Heatran|Heatran, L50, F|100\/100\n|switch|p2a: Landorus|Landorus-Therian, L50, M|100\/100\n|switch|p2b: Iron Hands|Iron Hands, L50|100\/100\n|-ability|p2a: Landorus|Intimidate|boost\n|-unboost|p1a: Rillaboom|atk|1\n|-unboost|p1b: Heatran|atk|1\n|-fieldstart|move: Grassy Terrain|[from] ability: Grassy Surge|[of] p1a: Rillaboom\n|turn|1\n|\n|t:|1701129550\n|move|p1a: Rillaboom|Fake Out|p2a: Landorus\n|-damage|p2a: Landorus|90\/100\n|move|p2b: Iron Hands|Fake Out|p1b: Heatran\n|-resisted|p1b: Heatran\n|-damage|p1b: Heatran|93\/100\n|cant|p2a: Landorus|flinch\n|cant|p1b: Heatran|flinch\n|\n|-heal|p1b: Heatran|99\/100|[from] Grassy Terrain\n|-heal|p1b: Heatran|100\/100|[from] item: Leftovers\n|upkeep\n|turn|2\n|\n|t:|1701129568\n|move|p1b: Heatran|Protect|p1b: Heatran\n|-singleturn|p1b: Heatran|Protect\n|move|p2a: Landorus|U-turn|p1a: Rillaboom\n|-supereffective|p1a: Rillaboom\n|-damage|p1a: Rillaboom|51\/100\n|\n|t:|1701129582\n|switch|p2a: Ogerpon|Ogerpon-Wellspring, L50, F|100\/100|[from] U-turn\n|move|p1a: Rillaboom|Knock Off|p2a: Ogerpon\n|-damage|p2a: Ogerpon|86\/100\n|move|p2b: Iron Hands|Drain Punch|p1b: Heatran\n|-activate|p1b: Heatran|move: Protect\n|\n|-heal|p2a: Ogerpon|91\/100|[from] Grassy Terrain\n|-heal|p1a: Rillaboom|57\/100|[from] Grassy Terrain\n|upkeep\n|turn|3\n|inactive|lvargas01 has 30 seconds left.\n|\n|t:|1701129615\n|-terastallize|p1b: Heatran|Grass\n|move|p2a: Ogerpon|Ivy Cudgel|p1b: Heatran|[anim] Ivy Cudgel Water\n|-resisted|p1b: Heatran\n|-damage|p1b: Heatran|74\/100\n|move|p1a: Rillaboom|U-turn|p2a: Ogerpon\n|-supereffective|p2a: Ogerpon\n|-damage|p2a: Ogerpon|58\/100\n|\n|t:|1701129624\n|switch|p1a: Landorus|Landorus-Therian, L50, M|100\/100|[from] U-turn\n|-ability|p1a: Landorus|Intimidate|boost\n|-unboost|p2a: Ogerpon|atk|1\n|-unboost|p2b: Iron Hands|atk|1\n|move|p1b: Heatran|Earth Power|p2b: Iron Hands\n|-supereffective|p2b: Iron Hands\n|-damage|p2b: Iron Hands|62\/100\n|move|p2b: Iron Hands|Drain Punch|p1a: Landorus\n|-resisted|p1a: Landorus\n|-damage|p1a: Landorus|85\/100\n|-heal|p2b: Iron Hands|68\/100|[from] drain|[of] p1a: Landorus\n|\n|-heal|p2a: Ogerpon|64\/100|[from] Grassy Terrain\n|-heal|p1b: Heatran|80\/100|[from] Grassy Terrain\n|-heal|p1b: Heatran|86\/100|[from] item: Leftovers\n|-heal|p2b: Iron Hands|74\/100|[from] Grassy Terrain\n|upkeep\n|turn|4\n|inactive|D018 has 30 seconds left.\n|\n|t:|1701129653\n|-end|p2b: Iron Hands|Quark Drive|[silent]\n|switch|p2b: Landorus|Landorus-Therian, L50, M|90\/100\n|-ability|p2b: Landorus|Intimidate|boost\n|-unboost|p1a: Landorus|atk|1\n|-unboost|p1b: Heatran|atk|1\n|move|p2a: Ogerpon|Follow Me|p2a: Ogerpon\n|-singleturn|p2a: Ogerpon|move: Follow Me\n|move|p1a: Landorus|U-turn|p2a: Ogerpon\n|-supereffective|p2a: Ogerpon\n|-damage|p2a: Ogerpon|23\/100\n|\n|t:|1701129662\n|switch|p1a: Rillaboom|Rillaboom, L50, M|57\/100|[from] U-turn\n|move|p1b: Heatran|Heat Wave|p2a: Ogerpon|[spread] p2a,p2b\n|-damage|p2a: Ogerpon|0 fnt\n|-damage|p2b: Landorus|42\/100\n|faint|p2a: Ogerpon\n|\n|-heal|p1a: Rillaboom|63\/100|[from] Grassy Terrain\n|-heal|p1b: Heatran|92\/100|[from] Grassy Terrain\n|-heal|p1b: Heatran|98\/100|[from] item: Leftovers\n|upkeep\n|\n|t:|1701129674\n|switch|p2a: Iron Hands|Iron Hands, L50|74\/100\n|turn|5\n|\n|t:|1701129696\n|-terastallize|p2b: Landorus|Flying\n|move|p1b: Heatran|Protect|p1b: Heatran\n|-singleturn|p1b: Heatran|Protect\n|move|p2a: Iron Hands|Fake Out|p1a: Rillaboom\n|-damage|p1a: Rillaboom|48\/100\n|move|p2b: Landorus|Tera Blast|p1b: Heatran|[anim] Tera Blast Flying\n|-activate|p1b: Heatran|move: Protect\n|cant|p1a: Rillaboom|flinch\n|\n|-heal|p1a: Rillaboom|54\/100|[from] Grassy Terrain\n|-heal|p1b: Heatran|100\/100|[from] Grassy Terrain\n|-heal|p2a: Iron Hands|80\/100|[from] Grassy Terrain\n|-fieldend|move: Grassy Terrain\n|upkeep\n|turn|6\n|\n|t:|1701129712\n|switch|p1b: Landorus|Landorus-Therian, L50, M|85\/100\n|-ability|p1b: Landorus|Intimidate|boost\n|-unboost|p2a: Iron Hands|atk|1\n|-unboost|p2b: Landorus|atk|1\n|move|p2b: Landorus|Tera Blast|p1b: Landorus|[anim] Tera Blast Flying\n|-damage|p1b: Landorus|33\/100\n|move|p1a: Rillaboom|Knock Off|p2b: Landorus\n|-damage|p2b: Landorus|4\/100\n|-enditem|p2b: Landorus|Choice Scarf|[from] move: Knock Off|[of] p1a: Rillaboom\n|move|p2a: Iron Hands|Drain Punch|p1a: Rillaboom\n|-damage|p1a: Rillaboom|27\/100\n|-heal|p2a: Iron Hands|91\/100|[from] drain|[of] p1a: Rillaboom\n|\n|upkeep\n|turn|7\n|inactive|lvargas01 has 30 seconds left.\n|inactive|lvargas01 has 20 seconds left.\n|inactive|lvargas01 has 15 seconds left.\n|\n|t:|1701129753\n|switch|p2b: Flutter Mane|Flutter Mane, L50|100\/100\n|-enditem|p2b: Flutter Mane|Booster Energy\n|-activate|p2b: Flutter Mane|ability: Protosynthesis|[fromitem]\n|-start|p2b: Flutter Mane|protosynthesisspe\n|move|p1b: Landorus|Rock Slide|p2a: Iron Hands|[spread] p2b\n|-miss|p1b: Landorus|p2a: Iron Hands\n|-damage|p2b: Flutter Mane|66\/100\n|move|p1a: Rillaboom|U-turn|p2a: Iron Hands\n|-resisted|p2a: Iron Hands\n|-damage|p2a: Iron Hands|82\/100\n|\n|t:|1701129770\n|switch|p1a: Chien-Pao|Chien-Pao, L50|100\/100|[from] U-turn\n|-ability|p1a: Chien-Pao|Sword of Ruin\n|move|p2a: Iron Hands|Drain Punch|p1a: Chien-Pao\n|-supereffective|p1a: Chien-Pao\n|-enditem|p1a: Chien-Pao|Focus Sash\n|-damage|p1a: Chien-Pao|1\/100\n|-heal|p2a: Iron Hands|100\/100|[from] drain|[of] p1a: Chien-Pao\n|\n|upkeep\n|turn|8\n|inactive|lvargas01 has 30 seconds left.\n|inactive|lvargas01 has 20 seconds left.\n|inactive|lvargas01 has 15 seconds left.\n|inactive|lvargas01 has 10 seconds left.\n|\n|t:|1701129815\n|switch|p1b: Rillaboom|Rillaboom, L50, M|27\/100\n|-fieldstart|move: Grassy Terrain|[from] ability: Grassy Surge|[of] p1b: Rillaboom\n|move|p2b: Flutter Mane|Protect|p2b: Flutter Mane\n|-singleturn|p2b: Flutter Mane|Protect\n|move|p1a: Chien-Pao|Protect|p1a: Chien-Pao\n|-singleturn|p1a: Chien-Pao|Protect\n|move|p2a: Iron Hands|Drain Punch|p1a: Chien-Pao\n|-activate|p1a: Chien-Pao|move: Protect\n|\n|-heal|p2b: Flutter Mane|71\/100|[from] Grassy Terrain\n|-heal|p1a: Chien-Pao|7\/100|[from] Grassy Terrain\n|-heal|p1b: Rillaboom|33\/100|[from] Grassy Terrain\n|upkeep\n|turn|9\n|inactive|D018 has 30 seconds left.\n|\n|t:|1701129847\n|move|p1b: Rillaboom|Grassy Glide|p2b: Flutter Mane\n|-crit|p2b: Flutter Mane\n|-damage|p2b: Flutter Mane|0 fnt\n|faint|p2b: Flutter Mane\n|-end|p2b: Flutter Mane|Protosynthesis|[silent]\n|move|p1a: Chien-Pao|Icicle Crash|p2a: Iron Hands\n|-damage|p2a: Iron Hands|53\/100\n|move|p2a: Iron Hands|Drain Punch|p1b: Rillaboom\n|-damage|p1b: Rillaboom|0 fnt\n|-heal|p2a: Iron Hands|67\/100|[from] drain|[of] p1b: Rillaboom\n|faint|p1b: Rillaboom\n|\n|-heal|p1a: Chien-Pao|13\/100|[from] Grassy Terrain\n|-heal|p2a: Iron Hands|73\/100|[from] Grassy Terrain\n|upkeep\n|\n|t:|1701129858\n|switch|p2b: Landorus|Landorus-Therian, L50, M, tera:Flying|4\/100\n|switch|p1b: Heatran|Heatran, L50, F, tera:Grass|100\/100\n|-ability|p2b: Landorus|Intimidate|boost\n|-unboost|p1a: Chien-Pao|atk|1\n|-unboost|p1b: Heatran|atk|1\n|turn|10\n|\n|t:|1701129867\n|move|p1b: Heatran|Protect|p1b: Heatran\n|-singleturn|p1b: Heatran|Protect\n|move|p1a: Chien-Pao|Crunch|p2b: Landorus\n|-damage|p2b: Landorus|0 fnt\n|faint|p2b: Landorus\n|move|p2a: Iron Hands|Drain Punch|p1a: Chien-Pao\n|-supereffective|p1a: Chien-Pao\n|-damage|p1a: Chien-Pao|0 fnt\n|-heal|p2a: Iron Hands|77\/100|[from] drain|[of] p1a: Chien-Pao\n|faint|p1a: Chien-Pao\n|\n|-heal|p2a: Iron Hands|83\/100|[from] Grassy Terrain\n|upkeep\n|\n|t:|1701129871\n|switch|p1a: Landorus|Landorus-Therian, L50, M|33\/100\n|-ability|p1a: Landorus|Intimidate|boost\n|-unboost|p2a: Iron Hands|atk|1\n|turn|11\n|\n|t:|1701129876\n|move|p1a: Landorus|Stomping Tantrum|p2a: Iron Hands\n|-supereffective|p2a: Iron Hands\n|-damage|p2a: Iron Hands|18\/100\n|move|p1b: Heatran|Heat Wave|p2a: Iron Hands\n|-damage|p2a: Iron Hands|0 fnt\n|faint|p2a: Iron Hands\n|-end|p2a: Iron Hands|Quark Drive|[silent]\n|\n|win|D018\n|l|\u2606D018\n|c|&|\/uhtml prompt-lvargas01,lvargas01 is ready for game 2!\n|c|&|\/uhtml prompt-d018,D018 is ready for game 2!\nBoth players are ready! Starting next match!\n","uploadtime":1701130336,"views":20,"p1id":"d018","p2id":"lvargas01","formatid":"gen9vgc2023regulatione","rating":0,"private":0,"password":""}