{"id":"gen9vgc2023regulatione-1990276740","p1":"qz231114","p2":"6-0 by porygon","format":"[Gen 9] VGC 2023 Regulation E","log":"|j|\u2606qz231114\n|j|\u26066-0 by porygon\n|t:|1699949313\n|gametype|doubles\n|player|p1|qz231114|102|1239\n|player|p2|6-0 by porygon|101|1260\n|teamsize|p1|6\n|teamsize|p2|6\n|gen|9\n|tier|[Gen 9] VGC 2023 Regulation E\n|rated|\n|rule|Species Clause: Limit one of each Pok\u00e9mon\n|rule|Item Clause: Limit one of each item\n|clearpoke\n|poke|p1|Tornadus, L50, M|\n|poke|p1|Volcarona, L50, M|\n|poke|p1|Basculegion, L50, M|\n|poke|p1|Ludicolo, L50, F|\n|poke|p1|Scizor, L50, M|\n|poke|p1|Flutter Mane, L50|\n|poke|p2|Flutter Mane, L50|\n|poke|p2|Arcanine-Hisui, L50, F|\n|poke|p2|Murkrow, L50, M|\n|poke|p2|Weezing, L50, F|\n|poke|p2|Gothitelle, L50, F|\n|poke|p2|Gliscor, L50, M|\n|teampreview|4\n|inactive|Battle timer is ON: inactive players will automatically lose when time's up. (requested by qz231114)\nqz231114 rejected open team sheets.\n|\n|t:|1699949348\n|start\n|switch|p1a: Tornadus|Tornadus, L50, M|100\/100\n|switch|p1b: Basculegion|Basculegion, L50, M|100\/100\n|switch|p2a: Flutter Mane|Flutter Mane, L50|100\/100\n|switch|p2b: Murkrow|Murkrow, L50, M|100\/100\n|-enditem|p2a: Flutter Mane|Booster Energy\n|-activate|p2a: Flutter Mane|ability: Protosynthesis|[fromitem]\n|-start|p2a: Flutter Mane|protosynthesisspe\n|turn|1\n|inactive|6-0 by porygon has 30 seconds left.\n|\n|t:|1699949378\n|-terastallize|p1b: Basculegion|Water\n|move|p1a: Tornadus|Rain Dance|p1a: Tornadus\n|-weather|RainDance\n|move|p1b: Basculegion|Aqua Jet|p2a: Flutter Mane\n|-damage|p2a: Flutter Mane|25\/100\n|move|p2a: Flutter Mane|Calm Mind|p2a: Flutter Mane\n|-boost|p2a: Flutter Mane|spa|1\n|-boost|p2a: Flutter Mane|spd|1\n|move|p2b: Murkrow|Foul Play|p1b: Basculegion\n|-damage|p1b: Basculegion|36\/100\n|\n|-weather|RainDance|[upkeep]\n|upkeep\n|turn|2\n|inactive|6-0 by porygon has 30 seconds left.\n|\n|t:|1699949407\n|switch|p1b: Volcarona|Volcarona, L50, M|100\/100\n|-terastallize|p2a: Flutter Mane|Fairy\n|move|p2b: Murkrow|Tailwind|p2b: Murkrow\n|-sidestart|p2: 6-0 by porygon|move: Tailwind\n|move|p2a: Flutter Mane|Draining Kiss|p1b: Volcarona\n|-resisted|p1b: Volcarona\n|-damage|p1b: Volcarona|78\/100\n|-heal|p2a: Flutter Mane|45\/100|[from] drain|[of] p1b: Volcarona\n|-damage|p2a: Flutter Mane|29\/100|[from] item: Rocky Helmet|[of] p1b: Volcarona\n|-status|p2a: Flutter Mane|brn|[from] ability: Flame Body|[of] p1b: Volcarona\n|move|p1a: Tornadus|Bleakwind Storm|p2a: Flutter Mane|[spread] p2a,p2b\n|-damage|p2a: Flutter Mane|5\/100 brn\n|-damage|p2b: Murkrow|52\/100\n|-unboost|p2a: Flutter Mane|spe|1\n|-unboost|p2b: Murkrow|spe|1\n|\n|-weather|RainDance|[upkeep]\n|-damage|p2a: Flutter Mane|0 fnt|[from] brn\n|faint|p2a: Flutter Mane\n|-end|p2a: Flutter Mane|Protosynthesis|[silent]\n|upkeep\n|inactive|6-0 by porygon has 30 seconds left.\n|\n|t:|1699949437\n|switch|p2a: Gothitelle|Gothitelle, L50, F|100\/100\n|turn|3\n|\n|t:|1699949453\n|move|p2a: Gothitelle|Fake Out|p1b: Volcarona\n|-damage|p1b: Volcarona|73\/100\n|-damage|p2a: Gothitelle|84\/100|[from] item: Rocky Helmet|[of] p1b: Volcarona\n|move|p1a: Tornadus|Tailwind|p1a: Tornadus\n|-sidestart|p1: qz231114|move: Tailwind\n|cant|p1b: Volcarona|flinch\n|move|p2b: Murkrow|Snarl|p1a: Tornadus|[spread] p1a,p1b\n|-damage|p1a: Tornadus|87\/100\n|-damage|p1b: Volcarona|64\/100\n|-unboost|p1a: Tornadus|spa|1\n|-unboost|p1b: Volcarona|spa|1\n|\n|-weather|RainDance|[upkeep]\n|-heal|p2a: Gothitelle|90\/100|[from] item: Leftovers\n|upkeep\n|turn|4\n|\n|t:|1699949476\n|switch|p2a: Gliscor|Gliscor, L50, M|100\/100\n|move|p1a: Tornadus|Bleakwind Storm|p2b: Murkrow|[spread] p2a,p2b\n|-crit|p2b: Murkrow\n|-damage|p2a: Gliscor|65\/100\n|-damage|p2b: Murkrow|0 fnt\n|faint|p2b: Murkrow\n|move|p1b: Volcarona|Quiver Dance|p1b: Volcarona\n|-boost|p1b: Volcarona|spa|1\n|-boost|p1b: Volcarona|spd|1\n|-boost|p1b: Volcarona|spe|1\n|\n|-weather|RainDance|[upkeep]\n|-status|p2a: Gliscor|tox|[from] item: Toxic Orb\n|upkeep\n|\n|t:|1699949483\n|switch|p2b: Gothitelle|Gothitelle, L50, F|90\/100\n|turn|5\n|\n|t:|1699949502\n|move|p2b: Gothitelle|Fake Out|p1b: Volcarona\n|-damage|p1b: Volcarona|58\/100\n|-damage|p2b: Gothitelle|74\/100|[from] item: Rocky Helmet|[of] p1b: Volcarona\n|cant|p1b: Volcarona|flinch\n|move|p2a: Gliscor|Toxic|p1b: Volcarona\n|-status|p1b: Volcarona|tox\n|move|p1a: Tornadus|Icy Wind|p2b: Gothitelle|[spread] p2b\n|-miss|p1a: Tornadus|p2a: Gliscor\n|-damage|p2b: Gothitelle|64\/100\n|-unboost|p2b: Gothitelle|spe|1\n|\n|-weather|RainDance|[upkeep]\n|-heal|p2b: Gothitelle|70\/100|[from] item: Leftovers\n|-damage|p1b: Volcarona|52\/100 tox|[from] psn\n|-heal|p2a: Gliscor|77\/100 tox|[from] ability: Poison Heal\n|-sideend|p2: 6-0 by porygon|move: Tailwind\n|upkeep\n|turn|6\n|\n|t:|1699949520\n|move|p2a: Gliscor|Protect|p2a: Gliscor\n|-singleturn|p2a: Gliscor|Protect\n|move|p1b: Volcarona|Giga Drain|p2b: Gothitelle\n|-damage|p2b: Gothitelle|47\/100\n|-heal|p1b: Volcarona|62\/100 tox|[from] drain|[of] p2b: Gothitelle\n|move|p1a: Tornadus|Bleakwind Storm|p2b: Gothitelle|[spread] p2b\n|-activate|p2a: Gliscor|move: Protect\n|-damage|p2b: Gothitelle|21\/100\n|move|p2b: Gothitelle|Trick Room|p2b: Gothitelle\n|-fieldstart|move: Trick Room|[of] p2b: Gothitelle\n|\n|-weather|RainDance|[upkeep]\n|-heal|p2b: Gothitelle|28\/100|[from] item: Leftovers\n|-heal|p2a: Gliscor|90\/100 tox|[from] ability: Poison Heal\n|-damage|p1b: Volcarona|50\/100 tox|[from] psn\n|-sideend|p1: qz231114|move: Tailwind\n|upkeep\n|turn|7\n|inactive|6-0 by porygon has 30 seconds left.\n|\n|t:|1699949555\n|move|p2b: Gothitelle|Psychic|p1a: Tornadus\n|-damage|p1a: Tornadus|53\/100\n|move|p1a: Tornadus|Icy Wind|p2b: Gothitelle|[spread] p2b\n|-miss|p1a: Tornadus|p2a: Gliscor\n|-damage|p2b: Gothitelle|17\/100\n|-unboost|p2b: Gothitelle|spe|1\n|move|p2a: Gliscor|Toxic|p1a: Tornadus\n|-status|p1a: Tornadus|tox\n|move|p1b: Volcarona|Hurricane|p2a: Gliscor\n|-damage|p2a: Gliscor|46\/100 tox\n|-start|p2a: Gliscor|confusion\n|\n|-weather|RainDance|[upkeep]\n|-heal|p2b: Gothitelle|24\/100|[from] item: Leftovers\n|-damage|p1a: Tornadus|47\/100 tox|[from] psn\n|-heal|p2a: Gliscor|58\/100 tox|[from] ability: Poison Heal\n|-damage|p1b: Volcarona|31\/100 tox|[from] psn\n|upkeep\n|turn|8\n|\n|t:|1699949579\n|move|p2b: Gothitelle|Protect|p2b: Gothitelle\n|-singleturn|p2b: Gothitelle|Protect\n|-activate|p2a: Gliscor|confusion\n|-damage|p2a: Gliscor|51\/100 tox|[from] confusion\n|move|p1a: Tornadus|Bleakwind Storm|p2a: Gliscor|[spread] p2a\n|-activate|p2b: Gothitelle|move: Protect\n|-damage|p2a: Gliscor|18\/100 tox\n|move|p1b: Volcarona|Giga Drain|p2b: Gothitelle\n|-activate|p2b: Gothitelle|move: Protect\n|\n|-weather|none\n|-heal|p2b: Gothitelle|30\/100|[from] item: Leftovers\n|-damage|p1a: Tornadus|35\/100 tox|[from] psn\n|-heal|p2a: Gliscor|30\/100 tox|[from] ability: Poison Heal\n|-damage|p1b: Volcarona|6\/100 tox|[from] psn\n|upkeep\n|turn|9\n|\n|t:|1699949602\n|-activate|p2a: Gliscor|confusion\n|move|p2a: Gliscor|Protect|p2a: Gliscor\n|-singleturn|p2a: Gliscor|Protect\n|move|p1a: Tornadus|Rain Dance|p1a: Tornadus\n|-weather|RainDance\n|move|p2b: Gothitelle|Psychic|p1a: Tornadus\n|-damage|p1a: Tornadus|2\/100 tox\n|move|p1b: Volcarona|Hurricane|p2b: Gothitelle\n|-crit|p2b: Gothitelle\n|-damage|p2b: Gothitelle|0 fnt\n|faint|p2b: Gothitelle\n|\n|-weather|RainDance|[upkeep]\n|-damage|p1a: Tornadus|0 fnt|[from] psn\n|faint|p1a: Tornadus\n|-heal|p2a: Gliscor|42\/100 tox|[from] ability: Poison Heal\n|-damage|p1b: Volcarona|0 fnt|[from] psn\n|faint|p1b: Volcarona\n|upkeep\n|\n|t:|1699949611\n|switch|p1b: Basculegion|Basculegion, L50, M, tera:Water|36\/100\n|switch|p1a: Scizor|Scizor, L50, M|100\/100\n|turn|10\n|inactive|6-0 by porygon has 30 seconds left.\n|\n|t:|1699949639\n|-end|p2a: Gliscor|confusion\n|move|p2a: Gliscor|Protect||[still]\n|-fail|p2a: Gliscor\n|move|p1a: Scizor|Bullet Punch|p2a: Gliscor\n|-damage|p2a: Gliscor|15\/100 tox\n|move|p1b: Basculegion|Wave Crash|p2a: Gliscor\n|-supereffective|p2a: Gliscor\n|-damage|p2a: Gliscor|0 fnt\n|faint|p2a: Gliscor\n|-damage|p1b: Basculegion|32\/100|[from] Recoil\n|\n|win|qz231114\n|raw|qz231114's rating: 1239 &rarr; <strong>1266<\/strong><br \/>(+27 for winning)\n|raw|6-0 by porygon's rating: 1260 &rarr; <strong>1233<\/strong><br \/>(-27 for losing)\n","uploadtime":1699949649,"views":17,"p1id":"qz231114","p2id":"60byporygon","formatid":"gen9vgc2023regulatione","rating":1233,"private":0,"password":""}