{"id":"gen9vgc2023regulatione-1993759837","p1":"PunkRockObstagoon","p2":"Delta1O7","format":"[Gen 9] VGC 2023 Regulation E","log":"|j|\u2606PunkRockObstagoon\n|j|\u2606Delta1O7\n|t:|1700353949\n|gametype|doubles\n|player|p1|PunkRockObstagoon|bruno|1344\n|player|p2|Delta1O7|2|1292\n|teamsize|p1|6\n|teamsize|p2|6\n|gen|9\n|tier|[Gen 9] VGC 2023 Regulation E\n|rated|\n|rule|Species Clause: Limit one of each Pok\u00e9mon\n|rule|Item Clause: Limit one of each item\n|clearpoke\n|poke|p1|Spinarak, L50, M|\n|poke|p1|Tatsugiri-Droopy, L50, M|\n|poke|p1|Urshifu-*, L50, M|\n|poke|p1|Lurantis, L50, F|\n|poke|p1|Armarouge, L50, M|\n|poke|p1|Farigiraf, L50, F|\n|poke|p2|Tornadus, L50, M|\n|poke|p2|Orthworm, L50, F|\n|poke|p2|Iron Hands, L50|\n|poke|p2|Ogerpon-Hearthflame, L50, F|\n|poke|p2|Landorus-Therian, L50, M|\n|poke|p2|Iron Bundle, L50|\n|teampreview|4\n|inactive|Battle timer is ON: inactive players will automatically lose when time's up. (requested by PunkRockObstagoon)\n|inactive|PunkRockObstagoon has 60 seconds left.\n|inactive|Delta1O7 has 60 seconds left.\n|\n|t:|1700354007\n|start\n|switch|p1a: Farigiraf|Farigiraf, L50, F|100\/100\n|switch|p1b: Urshifu|Urshifu-Rapid-Strike, L50, M|100\/100\n|switch|p2a: Tornadus|Tornadus, L50, M|100\/100\n|switch|p2b: Ogerpon|Ogerpon-Hearthflame, L50, F|100\/100\n|-ability|p2b: Ogerpon|Mold Breaker\n|turn|1\n|inactive|Delta1O7 has 30 seconds left.\n|\n|t:|1700354035\n|switch|p1b: Armarouge|Armarouge, L50, M|100\/100\n|move|p2a: Tornadus|Tailwind|p2a: Tornadus\n|-sidestart|p2: Delta1O7|move: Tailwind\n|move|p2b: Ogerpon|Horn Leech|p1b: Armarouge\n|-resisted|p1b: Armarouge\n|-damage|p1b: Armarouge|80\/100\n|move|p1a: Farigiraf|Trick Room|p1a: Farigiraf\n|-fieldstart|move: Trick Room|[of] p1a: Farigiraf\n|\n|upkeep\n|turn|2\n|\n|t:|1700354056\n|-terastallize|p2b: Ogerpon|Fire\n|detailschange|p2b: Ogerpon|Ogerpon-Hearthflame-Tera, L50, F, tera:Fire\n|-ability|p2b: Ogerpon|Embody Aspect (Hearthflame)|boost\n|-boost|p2b: Ogerpon|atk|1\n|move|p1a: Farigiraf|Hyper Voice|p2a: Tornadus|[spread] p2a,p2b\n|-damage|p2a: Tornadus|60\/100\n|-damage|p2b: Ogerpon|65\/100\n|move|p1b: Armarouge|Heat Wave|p2b: Ogerpon|[spread] p2a,p2b\n|-resisted|p2b: Ogerpon\n|-damage|p2a: Tornadus|10\/100\n|-damage|p2b: Ogerpon|46\/100\n|move|p2a: Tornadus|Bleakwind Storm|p1a: Farigiraf|[spread] p1a\n|-miss|p2a: Tornadus|p1b: Armarouge\n|-damage|p1a: Farigiraf|56\/100\n|move|p2b: Ogerpon|Swords Dance|p2b: Ogerpon\n|-boost|p2b: Ogerpon|atk|2\n|\n|upkeep\n|turn|3\n|\n|t:|1700354077\n|switch|p1b: Tatsugiri|Tatsugiri-Droopy, L50, M|100\/100\n|move|p2a: Tornadus|Protect|p2a: Tornadus\n|-singleturn|p2a: Tornadus|Protect\n|move|p2b: Ogerpon|Spiky Shield|p2b: Ogerpon\n|-singleturn|p2b: Ogerpon|move: Protect\n|move|p1a: Farigiraf|Hyper Voice|p2b: Ogerpon|[spread] \n|-activate|p2a: Tornadus|move: Protect\n|-activate|p2b: Ogerpon|move: Protect\n|\n|upkeep\n|turn|4\n|inactive|Delta1O7 has 30 seconds left.\n|inactive|Delta1O7 has 20 seconds left.\n|\n|t:|1700354113\n|switch|p1a: Armarouge|Armarouge, L50, M|80\/100\n|switch|p2a: Iron Hands|Iron Hands, L50|100\/100\n|switch|p2b: Iron Bundle|Iron Bundle, L50|100\/100\n|-enditem|p2b: Iron Bundle|Booster Energy\n|-activate|p2b: Iron Bundle|ability: Quark Drive|[fromitem]\n|-start|p2b: Iron Bundle|quarkdrivespa\n|move|p1b: Tatsugiri|Muddy Water|p2b: Iron Bundle|[spread] p2a,p2b\n|-resisted|p2b: Iron Bundle\n|-damage|p2a: Iron Hands|84\/100\n|-damage|p2b: Iron Bundle|66\/100\n|\n|-sideend|p2: Delta1O7|move: Tailwind\n|upkeep\n|turn|5\n|\n|t:|1700354134\n|move|p2a: Iron Hands|Fake Out|p1a: Armarouge\n|-damage|p1a: Armarouge|66\/100\n|cant|p1a: Armarouge|flinch\n|move|p1b: Tatsugiri|Substitute|p1b: Tatsugiri\n|-start|p1b: Tatsugiri|Substitute\n|-damage|p1b: Tatsugiri|76\/100\n|move|p2b: Iron Bundle|Freeze-Dry|p1b: Tatsugiri\n|-supereffective|p1b: Tatsugiri\n|-end|p1b: Tatsugiri|Substitute\n|\n|-heal|p1b: Tatsugiri|82\/100|[from] item: Leftovers\n|-fieldend|move: Trick Room\n|upkeep\n|turn|6\n|\n|t:|1700354153\n|move|p1b: Tatsugiri|Protect|p1b: Tatsugiri\n|-singleturn|p1b: Tatsugiri|Protect\n|move|p2b: Iron Bundle|Freeze-Dry|p1b: Tatsugiri\n|-activate|p1b: Tatsugiri|move: Protect\n|move|p1a: Armarouge|Heat Wave|p2a: Iron Hands|[spread] p2a,p2b\n|-damage|p2a: Iron Hands|65\/100\n|-damage|p2b: Iron Bundle|0 fnt\n|faint|p2b: Iron Bundle\n|-end|p2b: Iron Bundle|Quark Drive|[silent]\n|move|p2a: Iron Hands|Wild Charge|p1a: Armarouge\n|-damage|p1a: Armarouge|19\/100\n|-damage|p2a: Iron Hands|56\/100|[from] Recoil\n|\n|-heal|p1b: Tatsugiri|87\/100|[from] item: Leftovers\n|upkeep\n|\n|t:|1700354169\n|switch|p2b: Tornadus|Tornadus, L50, M|10\/100\n|turn|7\n|\n|t:|1700354175\n|move|p2b: Tornadus|Bleakwind Storm|p1b: Tatsugiri|[spread] p1a,p1b\n|-crit|p1b: Tatsugiri\n|-damage|p1a: Armarouge|0 fnt\n|-damage|p1b: Tatsugiri|20\/100\n|faint|p1a: Armarouge\n|move|p1b: Tatsugiri|Muddy Water|p2b: Tornadus|[spread] p2a,p2b\n|-damage|p2a: Iron Hands|40\/100\n|-damage|p2b: Tornadus|0 fnt\n|-unboost|p2a: Iron Hands|accuracy|1\n|faint|p2b: Tornadus\n|move|p2a: Iron Hands|Drain Punch|p1b: Tatsugiri\n|-damage|p1b: Tatsugiri|0 fnt\n|-heal|p2a: Iron Hands|47\/100|[from] drain|[of] p1b: Tatsugiri\n|faint|p1b: Tatsugiri\n|\n|upkeep\n|\n|t:|1700354187\n|switch|p2b: Ogerpon|Ogerpon-Hearthflame-Tera, L50, F, tera:Fire|46\/100\n|switch|p1b: Farigiraf|Farigiraf, L50, F|56\/100\n|switch|p1a: Urshifu|Urshifu-Rapid-Strike, L50, M|100\/100\n|-ability|p2b: Ogerpon|Embody Aspect (Hearthflame)|boost\n|-boost|p2b: Ogerpon|atk|1\n|turn|8\n|inactive|Delta1O7 has 30 seconds left.\n|\n|t:|1700354214\n|-terastallize|p1a: Urshifu|Water\n|move|p1a: Urshifu|Surging Strikes|p2b: Ogerpon\n|-supereffective|p2b: Ogerpon\n|-crit|p2b: Ogerpon\n|-damage|p2b: Ogerpon|0 fnt\n|faint|p2b: Ogerpon\n|-hitcount|p2: Ogerpon|1\n|move|p2a: Iron Hands|Wild Charge|p1b: Farigiraf\n|-damage|p1b: Farigiraf|0 fnt\n|faint|p1b: Farigiraf\n|-damage|p2a: Iron Hands|36\/100|[from] Recoil\n|\n|upkeep\n|turn|9\n|\n|t:|1700354227\n|move|p1a: Urshifu|Surging Strikes|p2a: Iron Hands\n|-crit|p2a: Iron Hands\n|-damage|p2a: Iron Hands|17\/100\n|-crit|p2a: Iron Hands\n|-damage|p2a: Iron Hands|0 fnt\n|faint|p2a: Iron Hands\n|-end|p2a: Iron Hands|Quark Drive|[silent]\n|-hitcount|p2: Iron Hands|2\n|\n|win|PunkRockObstagoon\n|raw|PunkRockObstagoon's rating: 1344 &rarr; <strong>1361<\/strong><br \/>(+17 for winning)\n|raw|Delta1O7's rating: 1292 &rarr; <strong>1271<\/strong><br \/>(-21 for losing)\n","uploadtime":1700354232,"views":15,"p1id":"punkrockobstagoon","p2id":"delta1o7","formatid":"gen9vgc2023regulatione","rating":1271,"private":0,"password":""}