{"id":"gen9vgc2023regulatione-1992538739","p1":"DeltaEcho7792","p2":"SaacLxnch","format":"[Gen 9] VGC 2023 Regulation E","log":"|j|\u2606DeltaEcho7792\n|j|\u2606SaacLxnch\n|t:|1700201918\n|gametype|doubles\n|player|p1|DeltaEcho7792|gentleman-gen4|1085\n|player|p2|SaacLxnch|acetrainer-gen4|1183\n|teamsize|p1|6\n|teamsize|p2|6\n|gen|9\n|tier|[Gen 9] VGC 2023 Regulation E\n|rated|\n|rule|Species Clause: Limit one of each Pok\u00e9mon\n|rule|Item Clause: Limit one of each item\n|clearpoke\n|poke|p1|Palafin, L50, F|\n|poke|p1|Tornadus, L50, M|\n|poke|p1|Arcanine-Hisui, L50, M|\n|poke|p1|Pelipper, L50, F|\n|poke|p1|Iron Bundle, L50|\n|poke|p1|Landorus-Therian, L50, M|\n|poke|p2|Landorus, L50, M|\n|poke|p2|Arcanine-Hisui, L50, F|\n|poke|p2|Gholdengo, L50|\n|poke|p2|Ogerpon-Wellspring, L50, F|\n|poke|p2|Roaring Moon, L50|\n|poke|p2|Iron Hands, L50|\n|teampreview|4\n|inactive|Battle timer is ON: inactive players will automatically lose when time's up. (requested by DeltaEcho7792)\n|inactive|SaacLxnch has 60 seconds left.\n|inactive|SaacLxnch has 30 seconds left.\n|inactive|SaacLxnch has 20 seconds left.\n|inactive|SaacLxnch has 15 seconds left.\n|\n|t:|1700201995\n|start\n|switch|p1a: Arcanine|Arcanine-Hisui, L50, M|100\/100\n|switch|p1b: Tornadus|Tornadus, L50, M|100\/100\n|switch|p2a: Roaring Moon|Roaring Moon, L50|100\/100\n|switch|p2b: Ogerpon|Ogerpon-Wellspring, L50, F|100\/100\n|-ability|p1a: Arcanine|Intimidate|boost\n|-unboost|p2a: Roaring Moon|atk|1\n|-unboost|p2b: Ogerpon|atk|1\n|-enditem|p2a: Roaring Moon|Booster Energy\n|-activate|p2a: Roaring Moon|ability: Protosynthesis|[fromitem]\n|-start|p2a: Roaring Moon|protosynthesisspe\n|turn|1\n|inactive|DeltaEcho7792 has 30 seconds left.\n|inactive|SaacLxnch has 30 seconds left.\n|inactive|SaacLxnch has 20 seconds left.\n|inactive|SaacLxnch has 15 seconds left.\n|\n|t:|1700202039\n|move|p2b: Ogerpon|Follow Me|p2b: Ogerpon\n|-singleturn|p2b: Ogerpon|move: Follow Me\n|move|p2a: Roaring Moon|Tailwind|p2a: Roaring Moon\n|-sidestart|p2: SaacLxnch|move: Tailwind\n|move|p1a: Arcanine|Rock Slide|p2b: Ogerpon|[spread] p2a,p2b\n|-damage|p2a: Roaring Moon|72\/100\n|-damage|p2b: Ogerpon|73\/100\n|move|p1b: Tornadus|Bleakwind Storm|p2b: Ogerpon|[spread] p2a,p2b\n|-supereffective|p2b: Ogerpon\n|-damage|p2a: Roaring Moon|45\/100\n|-damage|p2b: Ogerpon|15\/100\n|-unboost|p2b: Ogerpon|spe|1\n|\n|upkeep\n|turn|2\n|inactive|SaacLxnch has 30 seconds left.\n|inactive|SaacLxnch has 20 seconds left.\n|inactive|SaacLxnch has 15 seconds left.\n|inactive|SaacLxnch has 10 seconds left.\n|\n|t:|1700202086\n|move|p2b: Ogerpon|Spiky Shield|p2b: Ogerpon\n|-singleturn|p2b: Ogerpon|move: Protect\n|move|p1b: Tornadus|Tailwind|p1b: Tornadus\n|-sidestart|p1: DeltaEcho7792|move: Tailwind\n|move|p2a: Roaring Moon|Breaking Swipe|p1a: Arcanine|[spread] p1a,p1b\n|-crit|p1b: Tornadus\n|-damage|p1a: Arcanine|79\/100\n|-damage|p1b: Tornadus|53\/100\n|-unboost|p1a: Arcanine|atk|1\n|move|p1a: Arcanine|Rock Slide|p2a: Roaring Moon|[spread] p2a\n|-activate|p2b: Ogerpon|move: Protect\n|-damage|p2a: Roaring Moon|26\/100\n|\n|upkeep\n|turn|3\n|inactive|SaacLxnch has 30 seconds left.\n|inactive|DeltaEcho7792 has 30 seconds left.\n|inactive|SaacLxnch has 20 seconds left.\n|\n|t:|1700202125\n|switch|p2b: Iron Hands|Iron Hands, L50|100\/100\n|move|p2a: Roaring Moon|Knock Off|p1a: Arcanine\n|-damage|p1a: Arcanine|30\/100\n|-enditem|p1a: Arcanine|Assault Vest|[from] move: Knock Off|[of] p2a: Roaring Moon\n|move|p1a: Arcanine|Rock Slide|p2a: Roaring Moon|[spread] p2a,p2b\n|-resisted|p2b: Iron Hands\n|-damage|p2a: Roaring Moon|5\/100\n|-damage|p2b: Iron Hands|94\/100\n|move|p1b: Tornadus|Bleakwind Storm|p2b: Iron Hands|[spread] p2a\n|-miss|p1b: Tornadus|p2b: Iron Hands\n|-damage|p2a: Roaring Moon|0 fnt\n|faint|p2a: Roaring Moon\n|-end|p2a: Roaring Moon|Protosynthesis|[silent]\n|\n|upkeep\n|\n|t:|1700202139\n|switch|p2a: Gholdengo|Gholdengo, L50|100\/100\n|turn|4\n|inactive|SaacLxnch has 30 seconds left.\n|\n|t:|1700202169\n|switch|p1a: Pelipper|Pelipper, L50, F|100\/100\n|-weather|RainDance|[from] ability: Drizzle|[of] p1a: Pelipper\n|move|p2b: Iron Hands|Fake Out|p1a: Pelipper\n|-damage|p1a: Pelipper|84\/100\n|move|p1b: Tornadus|Bleakwind Storm|p2b: Iron Hands|[spread] p2a,p2b\n|-resisted|p2a: Gholdengo\n|-damage|p2a: Gholdengo|84\/100\n|-damage|p2b: Iron Hands|77\/100\n|-unboost|p2b: Iron Hands|spe|1\n|move|p2a: Gholdengo|Nasty Plot|p2a: Gholdengo\n|-boost|p2a: Gholdengo|spa|2\n|\n|-weather|RainDance|[upkeep]\n|-heal|p2a: Gholdengo|90\/100|[from] item: Leftovers\n|-sideend|p2: SaacLxnch|move: Tailwind\n|upkeep\n|turn|5\n|inactive|DeltaEcho7792 has 30 seconds left.\n|inactive|SaacLxnch has 30 seconds left.\n|\n|t:|1700202198\n|move|p1a: Pelipper|Wide Guard|p1a: Pelipper\n|-singleturn|p1a: Pelipper|Wide Guard\n|move|p1b: Tornadus|Bleakwind Storm|p2b: Iron Hands|[spread] p2a,p2b\n|-resisted|p2a: Gholdengo\n|-damage|p2a: Gholdengo|73\/100\n|-damage|p2b: Iron Hands|60\/100\n|-unboost|p2b: Iron Hands|spe|1\n|move|p2a: Gholdengo|Nasty Plot|p2a: Gholdengo\n|-boost|p2a: Gholdengo|spa|2\n|move|p2b: Iron Hands|Wild Charge|p1b: Tornadus\n|-supereffective|p1b: Tornadus\n|-damage|p1b: Tornadus|0 fnt\n|faint|p1b: Tornadus\n|-damage|p2b: Iron Hands|49\/100|[from] Recoil\n|\n|-weather|RainDance|[upkeep]\n|-heal|p2a: Gholdengo|79\/100|[from] item: Leftovers\n|-sideend|p1: DeltaEcho7792|move: Tailwind\n|upkeep\n|\n|t:|1700202214\n|switch|p1b: Iron Bundle|Iron Bundle, L50|100\/100\n|-enditem|p1b: Iron Bundle|Booster Energy\n|-activate|p1b: Iron Bundle|ability: Quark Drive|[fromitem]\n|-start|p1b: Iron Bundle|quarkdrivespe\n|turn|6\n|inactive|SaacLxnch has 30 seconds left.\n|inactive|SaacLxnch has 20 seconds left.\n|\n|t:|1700202249\n|-end|p2b: Iron Hands|Quark Drive|[silent]\n|switch|p2b: Ogerpon|Ogerpon-Wellspring, L50, F|15\/100\n|move|p1b: Iron Bundle|Encore|p2a: Gholdengo\n|-immune|p2a: Gholdengo|[from] ability: Good as Gold\n|move|p2a: Gholdengo|Shadow Ball|p1b: Iron Bundle\n|-damage|p1b: Iron Bundle|0 fnt\n|faint|p1b: Iron Bundle\n|-end|p1b: Iron Bundle|Quark Drive|[silent]\n|move|p1a: Pelipper|Hurricane|p2b: Ogerpon\n|-supereffective|p2b: Ogerpon\n|-damage|p2b: Ogerpon|0 fnt\n|faint|p2b: Ogerpon\n|\n|-weather|RainDance|[upkeep]\n|-heal|p2a: Gholdengo|85\/100|[from] item: Leftovers\n|upkeep\n|\n|t:|1700202263\n|switch|p1b: Arcanine|Arcanine-Hisui, L50, M|30\/100\n|switch|p2b: Iron Hands|Iron Hands, L50|49\/100\n|-ability|p1b: Arcanine|Intimidate|boost\n|-unboost|p2a: Gholdengo|atk|1\n|-unboost|p2b: Iron Hands|atk|1\n|turn|7\n|-message|DeltaEcho7792 forfeited.\n|\n|win|SaacLxnch\n|raw|DeltaEcho7792's rating: 1085 &rarr; <strong>1069<\/strong><br \/>(-16 for losing)\n|raw|SaacLxnch's rating: 1183 &rarr; <strong>1201<\/strong><br \/>(+18 for winning)\n|l|\u2606DeltaEcho7792\n","uploadtime":1700202277,"views":12,"p1id":"deltaecho7792","p2id":"saaclxnch","formatid":"gen9vgc2023regulatione","rating":1069,"private":0,"password":""}