{"id":"gen9vgc2023regulatione-1993809445","p1":"Salamencetv","p2":"F3athers","format":"[Gen 9] VGC 2023 Regulation E","log":"|j|\u2606Salamencetv\n|j|\u2606F3athers\n|n|\u2606Salamencetv|salamencetv\n|n|\u2606F3athers|f3athers\n|html|View the match progress at <a href=\"\/game-bestof3-gen9vgc2023regulatione-1993804236\">game-bestof3-gen9vgc2023regulatione-1993804236<\/a>\n|t:|1700359962\n|gametype|doubles\n|player|p1|Salamencetv|pryce|\n|player|p2|F3athers|hoopster|\n|teamsize|p1|6\n|teamsize|p2|6\n|gen|9\n|tier|[Gen 9] VGC 2023 Regulation E\n|rule|Species Clause: Limit one of each Pok\u00e9mon\n|rule|Item Clause: Limit one of each item\n|clearpoke\n|poke|p1|Goodra-Hisui, L50, F|\n|poke|p1|Rillaboom, L50, M|\n|poke|p1|Typhlosion, L50, M|\n|poke|p1|Sneasler, L50, F|\n|poke|p1|Drifblim, L50, F|\n|poke|p1|Slowbro, L50, F|\n|poke|p2|Great Tusk, L50|\n|poke|p2|Weavile, L50, M|\n|poke|p2|Eelektross, L50, M|\n|poke|p2|Morpeko, L50, F|\n|poke|p2|Tornadus, L50, M|\n|poke|p2|Gardevoir, L50, F|\n|teampreview|4\nSalamencetv rejected open team sheets.\n|j| LackieLackey\n|j| ryanogiggs11\n|c|\u2606Salamencetv|GLHF and GG fot G1\n|j| Stryke Out\n|j| Tuxmux\n|j| MunchVGC\n|j| LiluziHit\n|j| kodiedunn\n|j| steelrevolution337\n|\n|t:|1700360065\n|start\n|switch|p1a: Dr Balloney|Drifblim, L50, F|100\/100\n|switch|p1b: Jason Mamoa|Rillaboom, L50, M|100\/100\n|switch|p2a: Great Tusk|Great Tusk, L50|100\/100\n|switch|p2b: Eelektross|Eelektross, L50, M|100\/100\n|-fieldstart|move: Grassy Terrain|[from] ability: Grassy Surge|[of] p1b: Jason Mamoa\n|-enditem|p2a: Great Tusk|Booster Energy\n|-activate|p2a: Great Tusk|ability: Protosynthesis|[fromitem]\n|-start|p2a: Great Tusk|protosynthesisdef\n|turn|1\n|\n|t:|1700360162\n|-terastallize|p2a: Great Tusk|Poison\n|move|p1a: Dr Balloney|Tailwind|p1a: Dr Balloney\n|-sidestart|p1: Salamencetv|move: Tailwind\n|move|p1b: Jason Mamoa|Wood Hammer|p2b: Eelektross\n|-damage|p2b: Eelektross|0 fnt\n|faint|p2b: Eelektross\n|-damage|p1b: Jason Mamoa|64\/100|[from] Recoil\n|move|p2a: Great Tusk|Bulk Up|p2a: Great Tusk\n|-boost|p2a: Great Tusk|atk|1\n|-boost|p2a: Great Tusk|def|1\n|\n|-heal|p1b: Jason Mamoa|70\/100|[from] Grassy Terrain\n|upkeep\n|\n|t:|1700360180\n|switch|p2b: Morpeko|Morpeko, L50, F|100\/100\n|-enditem|p2b: Morpeko|Grassy Seed\n|-boost|p2b: Morpeko|def|1|[from] item: Grassy Seed\n|turn|2\n|\n|t:|1700360218\n|move|p2b: Morpeko|Fake Out|p1b: Jason Mamoa\n|-damage|p1b: Jason Mamoa|57\/100\n|move|p1a: Dr Balloney|Will-O-Wisp|p2a: Great Tusk|[miss]\n|-miss|p1a: Dr Balloney|p2a: Great Tusk\n|cant|p1b: Jason Mamoa|flinch\n|move|p2a: Great Tusk|Tera Blast|p1b: Jason Mamoa|[anim] Tera Blast Poison\n|-supereffective|p1b: Jason Mamoa\n|-damage|p1b: Jason Mamoa|0 fnt\n|faint|p1b: Jason Mamoa\n|\n|-formechange|p2b: Morpeko|Morpeko-Hangry||[from] ability: Hunger Switch\n|upkeep\n|\n|t:|1700360228\n|switch|p1b: Kinabalu|Typhlosion, L50, M|100\/100\n|turn|3\n|\n|t:|1700360266\n|-terastallize|p1b: Kinabalu|Grass\n|move|p1b: Kinabalu|Eruption|p2a: Great Tusk|[spread] p2a,p2b\n|-crit|p2b: Morpeko\n|-damage|p2a: Great Tusk|9\/100\n|-damage|p2b: Morpeko|0 fnt\n|faint|p2b: Morpeko\n|move|p1a: Dr Balloney|Will-O-Wisp|p2a: Great Tusk\n|-status|p2a: Great Tusk|brn\n|move|p2a: Great Tusk|Rock Slide|p1b: Kinabalu|[spread] p1a\n|-miss|p2a: Great Tusk|p1b: Kinabalu\n|-supereffective|p1a: Dr Balloney\n|-damage|p1a: Dr Balloney|65\/100\n|\n|-heal|p2a: Great Tusk|15\/100 brn|[from] Grassy Terrain\n|-damage|p2a: Great Tusk|9\/100 brn|[from] brn\n|upkeep\n|\n|t:|1700360281\n|switch|p2b: Weavile|Weavile, L50, M|100\/100\n|turn|4\n|\n|t:|1700360308\n|switch|p1b: Woomy|Goodra-Hisui, L50, F|100\/100\n|move|p2b: Weavile|Fake Out|p1b: Woomy\n|-resisted|p1b: Woomy\n|-damage|p1b: Woomy|94\/100\n|move|p1a: Dr Balloney|Will-O-Wisp|p2b: Weavile\n|-status|p2b: Weavile|brn\n|move|p2a: Great Tusk|Rock Slide|p1b: Woomy|[spread] p1a,p1b\n|-supereffective|p1a: Dr Balloney\n|-resisted|p1b: Woomy\n|-damage|p1a: Dr Balloney|30\/100\n|-damage|p1b: Woomy|88\/100\n|\n|-heal|p1b: Woomy|94\/100|[from] Grassy Terrain\n|-heal|p2a: Great Tusk|15\/100 brn|[from] Grassy Terrain\n|-damage|p2b: Weavile|94\/100 brn|[from] brn\n|-damage|p2a: Great Tusk|9\/100 brn|[from] brn\n|-sideend|p1: Salamencetv|move: Tailwind\n|upkeep\n|turn|5\n|\n|t:|1700360335\n|move|p2b: Weavile|Knock Off|p1b: Woomy\n|-damage|p1b: Woomy|73\/100\n|-enditem|p1b: Woomy|Assault Vest|[from] move: Knock Off|[of] p2b: Weavile\n|move|p1a: Dr Balloney|Tailwind|p1a: Dr Balloney\n|-sidestart|p1: Salamencetv|move: Tailwind\n|move|p1b: Woomy|Muddy Water|p2a: Great Tusk|[spread] p2a\n|-miss|p1b: Woomy|p2b: Weavile\n|-damage|p2a: Great Tusk|0 fnt\n|faint|p2a: Great Tusk\n|-end|p2a: Great Tusk|Protosynthesis|[silent]\n|\n|-heal|p2b: Weavile|100\/100 brn|[from] Grassy Terrain\n|-heal|p1b: Woomy|79\/100|[from] Grassy Terrain\n|-damage|p2b: Weavile|94\/100 brn|[from] brn\n|-fieldend|move: Grassy Terrain\n|upkeep\n|turn|6\n|\n|t:|1700360357\n|move|p1a: Dr Balloney|Destiny Bond|p1a: Dr Balloney\n|-singlemove|p1a: Dr Balloney|Destiny Bond\n|move|p2b: Weavile|Icicle Crash|p1a: Dr Balloney\n|-supereffective|p1a: Dr Balloney\n|-damage|p1a: Dr Balloney|0 fnt\n|faint|p1a: Dr Balloney\n|-activate|p1a: Dr Balloney|move: Destiny Bond\n|faint|p2b: Weavile\n|\n|win|Salamencetv\n|c|\u2606Salamencetv|GG\n|c|\u2606F3athers|ggs\n|l| LackieLackey\n|l| steelrevolution337\n|l| MunchVGC\n","uploadtime":1700360398,"views":33,"p1id":"salamencetv","p2id":"f3athers","formatid":"gen9vgc2023regulatione","rating":0,"private":0,"password":""}