{"id":"gen9vgc2023regulatione-1991558159","p1":"Tazsea","p2":"sparrowflash","format":"[Gen 9] VGC 2023 Regulation E","log":"|j|\u2606Tazsea\n|j|\u2606sparrowflash\n|t:|1700088216\n|gametype|doubles\n|player|p1|Tazsea|iris-gen5bw2|1452\n|player|p2|sparrowflash|psychicf-gen4|1466\n|teamsize|p1|6\n|teamsize|p2|6\n|gen|9\n|tier|[Gen 9] VGC 2023 Regulation E\n|rated|\n|rule|Species Clause: Limit one of each Pok\u00e9mon\n|rule|Item Clause: Limit one of each item\n|clearpoke\n|poke|p1|Glimmora, L50, F|\n|poke|p1|Articuno-Galar, L50|\n|poke|p1|Kommo-o, L50, F|\n|poke|p1|Fezandipiti, L50, M|\n|poke|p1|Sinistcha, L50|\n|poke|p1|Mimikyu, L50, M|\n|poke|p2|Maushold-Four, L50|\n|poke|p2|Rillaboom, L50, F|\n|poke|p2|Clefairy, L50, F|\n|poke|p2|Moltres-Galar, L50|\n|poke|p2|Scizor, L50, F|\n|poke|p2|Arcanine, L50, F|\n|teampreview|4\n|inactive|Battle timer is ON: inactive players will automatically lose when time's up. (requested by Tazsea)\n|inactive|sparrowflash has 60 seconds left.\n|\n|t:|1700088252\n|start\n|switch|p1a: Fezandipiti|Fezandipiti, L50, M|100\/100\n|switch|p1b: Glimmora|Glimmora, L50, F|100\/100\n|switch|p2a: Arcanine|Arcanine, L50, F|100\/100\n|switch|p2b: Maushold|Maushold-Four, L50|100\/100\n|turn|1\n|inactive|sparrowflash has 30 seconds left.\n|\n|t:|1700088279\n|-terastallize|p2a: Arcanine|Normal\n|move|p2b: Maushold|Beat Up|p2a: Arcanine\n|-damage|p2a: Arcanine|98\/100\n|-ability|p2a: Arcanine|Justified|boost\n|-boost|p2a: Arcanine|atk|1\n|-damage|p2a: Arcanine|97\/100\n|-ability|p2a: Arcanine|Justified|boost\n|-boost|p2a: Arcanine|atk|1\n|-damage|p2a: Arcanine|96\/100\n|-ability|p2a: Arcanine|Justified|boost\n|-boost|p2a: Arcanine|atk|1\n|-crit|p2a: Arcanine\n|-damage|p2a: Arcanine|92\/100\n|-ability|p2a: Arcanine|Justified|boost\n|-boost|p2a: Arcanine|atk|1\n|-hitcount|p2a: Arcanine|4\n|move|p1a: Fezandipiti|Tailwind|p1a: Fezandipiti\n|-sidestart|p1: Tazsea|move: Tailwind\n|move|p1b: Glimmora|Power Gem|p2a: Arcanine\n|-damage|p2a: Arcanine|61\/100\n|move|p2a: Arcanine|Psychic Fangs|p1b: Glimmora\n|-supereffective|p1b: Glimmora\n|-enditem|p1b: Glimmora|Focus Sash\n|-damage|p1b: Glimmora|1\/100\n|-activate|p1b: Glimmora|ability: Toxic Debris\n|-sidestart|p2: sparrowflash|move: Toxic Spikes\n|\n|upkeep\n|turn|2\n|inactive|sparrowflash has 30 seconds left.\n|inactive|sparrowflash has 20 seconds left.\n|inactive|sparrowflash has 15 seconds left.\n|\n|t:|1700088320\n|switch|p2b: Scizor|Scizor, L50, F|100\/100\n|move|p2a: Arcanine|Extreme Speed|p1a: Fezandipiti\n|-damage|p1a: Fezandipiti|0 fnt\n|faint|p1a: Fezandipiti\n|move|p1b: Glimmora|Sludge Bomb|p2a: Arcanine\n|-damage|p2a: Arcanine|12\/100\n|-status|p2a: Arcanine|psn\n|-enditem|p2a: Arcanine|Sitrus Berry|[eat]\n|-heal|p2a: Arcanine|37\/100 psn|[from] item: Sitrus Berry\n|\n|-damage|p2a: Arcanine|25\/100 psn|[from] psn\n|upkeep\n|\n|t:|1700088327\n|switch|p1a: Sinistcha|Sinistcha, L50|100\/100\n|-heal|p1b: Glimmora|26\/100|[from] ability: Hospitality|[of] p1a: Sinistcha\n|turn|3\n|\n|t:|1700088346\n|move|p2a: Arcanine|Extreme Speed|p1b: Glimmora\n|-resisted|p1b: Glimmora\n|-damage|p1b: Glimmora|0 fnt\n|-activate|p1b: Glimmora|ability: Toxic Debris\n|-sidestart|p2: sparrowflash|move: Toxic Spikes\n|faint|p1b: Glimmora\n|move|p1a: Sinistcha|Matcha Gotcha|p2b: Scizor|[spread] p2a,p2b\n|-resisted|p2b: Scizor\n|-damage|p2a: Arcanine|0 fnt\n|-damage|p2b: Scizor|93\/100\n|faint|p2a: Arcanine\n|move|p2b: Scizor|Knock Off|p1a: Sinistcha\n|-supereffective|p1a: Sinistcha\n|-damage|p1a: Sinistcha|35\/100\n|-damage|p2b: Scizor|76\/100|[from] item: Rocky Helmet|[of] p1a: Sinistcha\n|-enditem|p1a: Sinistcha|Rocky Helmet|[from] move: Knock Off|[of] p2b: Scizor\n|\n|upkeep\n|\n|t:|1700088366\n|switch|p1b: Kommo-o|Kommo-o, L50, F|100\/100\n|switch|p2a: Maushold|Maushold-Four, L50|100\/100\n|-status|p2a: Maushold|tox\n|turn|4\n|\n|t:|1700088382\n|-terastallize|p1a: Sinistcha|Water\n|move|p1a: Sinistcha|Rage Powder|p1a: Sinistcha\n|-singleturn|p1a: Sinistcha|move: Rage Powder\n|move|p2a: Maushold|Follow Me|p2a: Maushold\n|-singleturn|p2a: Maushold|move: Follow Me\n|move|p1b: Kommo-o|Iron Defense|p1b: Kommo-o\n|-boost|p1b: Kommo-o|def|2\n|move|p2b: Scizor|Swords Dance|p2b: Scizor\n|-boost|p2b: Scizor|atk|2\n|\n|-damage|p2a: Maushold|94\/100 tox|[from] psn\n|-sideend|p1: Tazsea|move: Tailwind\n|upkeep\n|turn|5\n|inactive|sparrowflash has 30 seconds left.\n|\n|t:|1700088416\n|move|p2b: Scizor|Bullet Punch|p1a: Sinistcha\n|-resisted|p1a: Sinistcha\n|-damage|p1a: Sinistcha|8\/100\n|move|p2a: Maushold|Taunt|p1b: Kommo-o\n|-start|p1b: Kommo-o|move: Taunt\n|move|p1b: Kommo-o|Body Press|p1a: Sinistcha\n|-damage|p1a: Sinistcha|0 fnt\n|faint|p1a: Sinistcha\n|\n|-damage|p2a: Maushold|82\/100 tox|[from] psn\n|upkeep\n|turn|6\n|c|\u2606Tazsea|Fk\n|\n|t:|1700088435\n|move|p2a: Maushold|Follow Me|p2a: Maushold\n|-singleturn|p2a: Maushold|move: Follow Me\n|move|p1b: Kommo-o|Body Press|p2a: Maushold\n|-supereffective|p2a: Maushold\n|-damage|p2a: Maushold|0 fnt\n|faint|p2a: Maushold\n|move|p2b: Scizor|Close Combat|p1b: Kommo-o\n|-damage|p1b: Kommo-o|70\/100\n|-unboost|p2b: Scizor|def|1\n|-unboost|p2b: Scizor|spd|1\n|\n|-heal|p1b: Kommo-o|77\/100|[from] item: Leftovers\n|upkeep\n|\n|t:|1700088441\n|switch|p2a: Clefairy|Clefairy, L50, F|100\/100\n|-status|p2a: Clefairy|tox\n|turn|7\n|\n|t:|1700088450\n|move|p2a: Clefairy|Follow Me|p2a: Clefairy\n|-singleturn|p2a: Clefairy|move: Follow Me\n|move|p2b: Scizor|Bullet Punch|p1b: Kommo-o\n|-damage|p1b: Kommo-o|52\/100\n|move|p1b: Kommo-o|Body Press|p2a: Clefairy\n|-resisted|p2a: Clefairy\n|-damage|p2a: Clefairy|68\/100 tox\n|\n|-heal|p1b: Kommo-o|58\/100|[from] item: Leftovers\n|-damage|p2a: Clefairy|62\/100 tox|[from] psn\n|-end|p1b: Kommo-o|move: Taunt\n|upkeep\n|turn|8\n|\n|t:|1700088460\n|move|p2a: Clefairy|Follow Me|p2a: Clefairy\n|-singleturn|p2a: Clefairy|move: Follow Me\n|move|p2b: Scizor|Bullet Punch|p1b: Kommo-o\n|-damage|p1b: Kommo-o|36\/100\n|move|p1b: Kommo-o|Iron Defense|p1b: Kommo-o\n|-boost|p1b: Kommo-o|def|2\n|\n|-heal|p1b: Kommo-o|43\/100|[from] item: Leftovers\n|-damage|p2a: Clefairy|50\/100 tox|[from] psn\n|upkeep\n|turn|9\n|\n|t:|1700088471\n|move|p1b: Kommo-o|Protect|p1b: Kommo-o\n|-singleturn|p1b: Kommo-o|Protect\n|move|p2a: Clefairy|Follow Me|p2a: Clefairy\n|-singleturn|p2a: Clefairy|move: Follow Me\n|move|p2b: Scizor|Bullet Punch|p1b: Kommo-o\n|-activate|p1b: Kommo-o|move: Protect\n|\n|-heal|p1b: Kommo-o|49\/100|[from] item: Leftovers\n|-damage|p2a: Clefairy|31\/100 tox|[from] psn\n|upkeep\n|turn|10\n|\n|t:|1700088479\n|move|p2a: Clefairy|Follow Me|p2a: Clefairy\n|-singleturn|p2a: Clefairy|move: Follow Me\n|move|p2b: Scizor|Bullet Punch|p1b: Kommo-o\n|-damage|p1b: Kommo-o|33\/100\n|move|p1b: Kommo-o|Body Press|p2a: Clefairy\n|-resisted|p2a: Clefairy\n|-damage|p2a: Clefairy|0 fnt\n|faint|p2a: Clefairy\n|\n|-heal|p1b: Kommo-o|40\/100|[from] item: Leftovers\n|upkeep\n|turn|11\n|\n|t:|1700088488\n|move|p1b: Kommo-o|Protect|p1b: Kommo-o\n|-singleturn|p1b: Kommo-o|Protect\n|move|p2b: Scizor|Bullet Punch|p1b: Kommo-o\n|-activate|p1b: Kommo-o|move: Protect\n|\n|-heal|p1b: Kommo-o|46\/100|[from] item: Leftovers\n|upkeep\n|turn|12\n|\n|t:|1700088491\n|move|p2b: Scizor|Bullet Punch|p1b: Kommo-o\n|-damage|p1b: Kommo-o|31\/100\n|move|p1b: Kommo-o|Body Press|p2b: Scizor\n|-damage|p2b: Scizor|0 fnt\n|faint|p2b: Scizor\n|\n|win|Tazsea\n|raw|Tazsea's rating: 1452 &rarr; <strong>1473<\/strong><br \/>(+21 for winning)\n|raw|sparrowflash's rating: 1466 &rarr; <strong>1445<\/strong><br \/>(-21 for losing)\n|l|\u2606sparrowflash\n","uploadtime":1700088504,"views":15,"p1id":"tazsea","p2id":"sparrowflash","formatid":"gen9vgc2023regulatione","rating":1445,"private":0,"password":""}