{"id":"gen9vgc2023regulatione-2000124277","p1":"It4li4n St4llion","p2":"nwmkurwa","format":"[Gen 9] VGC 2023 Regulation E","log":"|j|\u2606It4li4n St4llion\n|j|\u2606nwmkurwa\n|t:|1701159201\n|gametype|doubles\n|player|p1|It4li4n St4llion|clemont|1158\n|player|p2|nwmkurwa|170|1066\n|teamsize|p1|6\n|teamsize|p2|6\n|gen|9\n|tier|[Gen 9] VGC 2023 Regulation E\n|rated|\n|rule|Species Clause: Limit one of each Pok\u00e9mon\n|rule|Item Clause: Limit one of each item\n|clearpoke\n|poke|p1|Rillaboom, L50, F|\n|poke|p1|Chien-Pao, L50|\n|poke|p1|Heatran, L50, F|\n|poke|p1|Enamorus, L50, F|\n|poke|p1|Farigiraf, L50, F|\n|poke|p1|Clodsire, L50, F|\n|poke|p2|Farigiraf, L50, F|\n|poke|p2|Flamigo, L50, F|\n|poke|p2|Snorlax, L50, M|\n|poke|p2|Sinistcha, L50|\n|poke|p2|Clefairy, L50, F|\n|poke|p2|Tinkaton, L50, F|\n|teampreview|4\nIt4li4n St4llion has agreed to open team sheets.\n|inactive|Battle timer is ON: inactive players will automatically lose when time's up. (requested by It4li4n St4llion)\n|\n|t:|1701159231\n|start\n|switch|p1a: Clodsire|Clodsire, L50, F|100\/100\n|switch|p1b: Enamorus|Enamorus, L50, F|100\/100\n|switch|p2a: Snorlax|Snorlax, L50, M|100\/100\n|switch|p2b: Clefairy|Clefairy, L50, F|100\/100\n|turn|1\n|\n|t:|1701159252\n|move|p2b: Clefairy|Follow Me|p2b: Clefairy\n|-singleturn|p2b: Clefairy|move: Follow Me\n|move|p1b: Enamorus|Superpower|p2b: Clefairy\n|-resisted|p2b: Clefairy\n|-damage|p2b: Clefairy|89\/100\n|-boost|p1b: Enamorus|atk|1\n|-boost|p1b: Enamorus|def|1\n|move|p1a: Clodsire|Stockpile|p1a: Clodsire\n|-start|p1a: Clodsire|stockpile1\n|-boost|p1a: Clodsire|def|1\n|-boost|p1a: Clodsire|spd|1\n|move|p2a: Snorlax|Belly Drum|p2a: Snorlax\n|-damage|p2a: Snorlax|51\/100\n|-setboost|p2a: Snorlax|atk|6|[from] move: Belly Drum\n|\n|upkeep\n|turn|2\n|inactive|It4li4n St4llion has 30 seconds left.\n|inactive|nwmkurwa has 30 seconds left.\n|\n|t:|1701159287\n|-terastallize|p1b: Enamorus|Poison\n|move|p2b: Clefairy|Follow Me|p2b: Clefairy\n|-singleturn|p2b: Clefairy|move: Follow Me\n|move|p1b: Enamorus|Superpower|p2b: Clefairy\n|-resisted|p2b: Clefairy\n|-damage|p2b: Clefairy|70\/100\n|-boost|p1b: Enamorus|atk|1\n|-boost|p1b: Enamorus|def|1\n|move|p1a: Clodsire|Stockpile|p1a: Clodsire\n|-start|p1a: Clodsire|stockpile2\n|-boost|p1a: Clodsire|def|1\n|-boost|p1a: Clodsire|spd|1\n|move|p2a: Snorlax|Facade|p1b: Enamorus\n|-damage|p1b: Enamorus|13\/100\n|-enditem|p1b: Enamorus|Sitrus Berry|[eat]\n|-heal|p1b: Enamorus|38\/100|[from] item: Sitrus Berry\n|\n|upkeep\n|turn|3\n|inactive|It4li4n St4llion has 30 seconds left.\n|inactive|nwmkurwa has 30 seconds left.\n|\n|t:|1701159320\n|move|p2b: Clefairy|Follow Me|p2b: Clefairy\n|-singleturn|p2b: Clefairy|move: Follow Me\n|move|p1b: Enamorus|Dazzling Gleam|p2b: Clefairy|[spread] p2a,p2b\n|-damage|p2a: Snorlax|35\/100\n|-damage|p2b: Clefairy|45\/100\n|-enditem|p2a: Snorlax|Sitrus Berry|[eat]\n|-heal|p2a: Snorlax|59\/100|[from] item: Sitrus Berry\n|move|p1a: Clodsire|Stockpile|p1a: Clodsire\n|-start|p1a: Clodsire|stockpile3\n|-boost|p1a: Clodsire|def|1\n|-boost|p1a: Clodsire|spd|1\n|move|p2a: Snorlax|Facade|p1b: Enamorus\n|-damage|p1b: Enamorus|0 fnt\n|faint|p1b: Enamorus\n|\n|upkeep\n|inactive|It4li4n St4llion has 30 seconds left.\n|\n|t:|1701159347\n|switch|p1b: Heatran|Heatran, L50, F|100\/100\n|turn|4\n|\n|t:|1701159361\n|switch|p2b: Flamigo|Flamigo, L50, F|100\/100\n|move|p2a: Snorlax|Protect|p2a: Snorlax\n|-singleturn|p2a: Snorlax|Protect\n|move|p1b: Heatran|Heat Wave|p2a: Snorlax|[spread] p2b\n|-activate|p2a: Snorlax|move: Protect\n|-damage|p2b: Flamigo|37\/100\n|move|p1a: Clodsire|Toxic|p2b: Flamigo\n|-status|p2b: Flamigo|tox\n|\n|-damage|p2b: Flamigo|32\/100 tox|[from] psn\n|upkeep\n|turn|5\n|inactive|It4li4n St4llion has 30 seconds left.\n|inactive|It4li4n St4llion has 20 seconds left.\n|inactive|It4li4n St4llion has 15 seconds left.\n|inactive|It4li4n St4llion has 10 seconds left.\n|inactive|It4li4n St4llion has 5 seconds left.\n|\n|t:|1701159413\n|move|p2b: Flamigo|Wide Guard|p2b: Flamigo\n|-singleturn|p2b: Flamigo|Wide Guard\n|move|p1b: Heatran|Heat Wave|p2a: Snorlax|[spread] \n|-activate|p2a: Snorlax|move: Wide Guard\n|-activate|p2b: Flamigo|move: Wide Guard\n|move|p1a: Clodsire|Recover||[still]\n|-fail|p1a: Clodsire|heal\n|move|p2a: Snorlax|High Horsepower|p1b: Heatran\n|-supereffective|p1b: Heatran\n|-damage|p1b: Heatran|0 fnt\n|faint|p1b: Heatran\n|\n|-damage|p2b: Flamigo|20\/100 tox|[from] psn\n|upkeep\n|\n|t:|1701159423\n|switch|p1b: Chien-Pao|Chien-Pao, L50|100\/100\n|-ability|p1b: Chien-Pao|Sword of Ruin\n|turn|6\n|\n|t:|1701159437\n|switch|p2b: Sinistcha|Sinistcha, L50|100\/100\n|-heal|p2a: Snorlax|84\/100|[from] ability: Hospitality|[of] p2b: Sinistcha\n|move|p2a: Snorlax|Protect|p2a: Snorlax\n|-singleturn|p2a: Snorlax|Protect\n|move|p1b: Chien-Pao|Sacred Sword|p2a: Snorlax\n|-activate|p2a: Snorlax|move: Protect\n|move|p1a: Clodsire|Recover||[still]\n|-fail|p1a: Clodsire|heal\n|\n|upkeep\n|turn|7\n|\n|t:|1701159462\n|-terastallize|p2a: Snorlax|Water\n|move|p1b: Chien-Pao|Sacred Sword|p2a: Snorlax\n|-damage|p2a: Snorlax|52\/100\n|move|p2b: Sinistcha|Strength Sap|p1b: Chien-Pao\n|-unboost|p1b: Chien-Pao|atk|1\n|move|p1a: Clodsire|Toxic|p2b: Sinistcha\n|-status|p2b: Sinistcha|tox\n|move|p2a: Snorlax|High Horsepower|p1b: Chien-Pao\n|-enditem|p1b: Chien-Pao|Focus Sash\n|-damage|p1b: Chien-Pao|1\/100\n|\n|-damage|p2b: Sinistcha|94\/100 tox|[from] psn\n|upkeep\n|turn|8\n|\n|t:|1701159485\n|move|p1b: Chien-Pao|Protect|p1b: Chien-Pao\n|-singleturn|p1b: Chien-Pao|Protect\n|move|p2a: Snorlax|Protect|p2a: Snorlax\n|-singleturn|p2a: Snorlax|Protect\n|move|p2b: Sinistcha|Matcha Gotcha|p1b: Chien-Pao|[spread] p1a\n|-activate|p1b: Chien-Pao|move: Protect\n|-damage|p1a: Clodsire|94\/100\n|-heal|p2b: Sinistcha|99\/100 tox|[from] drain|[of] p1a: Clodsire\n|move|p1a: Clodsire|Earthquake|p2a: Snorlax|[spread] p2b\n|-activate|p1b: Chien-Pao|move: Protect\n|-activate|p2a: Snorlax|move: Protect\n|-resisted|p2b: Sinistcha\n|-damage|p2b: Sinistcha|88\/100 tox\n|\n|-damage|p2b: Sinistcha|76\/100 tox|[from] psn\n|upkeep\n|turn|9\n|inactive|It4li4n St4llion has 30 seconds left.\n|inactive|nwmkurwa has 30 seconds left.\n|\n|t:|1701159516\n|move|p1b: Chien-Pao|Icicle Crash|p2b: Sinistcha\n|-supereffective|p2b: Sinistcha\n|-damage|p2b: Sinistcha|15\/100 tox\n|cant|p2b: Sinistcha|flinch\n|move|p1a: Clodsire|Toxic|p2a: Snorlax\n|-status|p2a: Snorlax|tox\n|move|p2a: Snorlax|High Horsepower|p1b: Chien-Pao\n|-damage|p1b: Chien-Pao|0 fnt\n|faint|p1b: Chien-Pao\n|\n|-damage|p2b: Sinistcha|0 fnt|[from] psn\n|faint|p2b: Sinistcha\n|-damage|p2a: Snorlax|46\/100 tox|[from] psn\n|upkeep\n|\n|t:|1701159534\n|switch|p2b: Clefairy|Clefairy, L50, F|45\/100\n|turn|10\n|\n|t:|1701159543\n|move|p2b: Clefairy|Heal Pulse|p2a: Snorlax\n|-heal|p2a: Snorlax|97\/100 tox\n|move|p1a: Clodsire|Recover|p1a: Clodsire\n|-heal|p1a: Clodsire|100\/100\n|move|p2a: Snorlax|Facade|p1a: Clodsire\n|-damage|p1a: Clodsire|21\/100\n|-damage|p2a: Snorlax|80\/100 tox|[from] item: Rocky Helmet|[of] p1a: Clodsire\n|\n|-damage|p2a: Snorlax|68\/100 tox|[from] psn\n|upkeep\n|turn|11\n|\n|t:|1701159559\n|move|p2b: Clefairy|Heal Pulse|p2a: Snorlax\n|-heal|p2a: Snorlax|100\/100 tox\n|move|p1a: Clodsire|Recover|p1a: Clodsire\n|-heal|p1a: Clodsire|71\/100\n|move|p2a: Snorlax|Facade|p1a: Clodsire\n|-damage|p1a: Clodsire|0 fnt\n|-damage|p2a: Snorlax|84\/100 tox|[from] item: Rocky Helmet|[of] p1a: Clodsire\n|faint|p1a: Clodsire\n|\n|win|nwmkurwa\n|raw|It4li4n St4llion's rating: 1158 &rarr; <strong>1127<\/strong><br \/>(-31 for losing)\n|raw|nwmkurwa's rating: 1066 &rarr; <strong>1104<\/strong><br \/>(+38 for winning)\n","uploadtime":1701159569,"views":10,"p1id":"it4li4nst4llion","p2id":"nwmkurwa","formatid":"gen9vgc2023regulatione","rating":1104,"private":0,"password":""}