{"id":"gen9vgc2023regulatione-1996792924","p1":"Bugsileus","p2":"cloudjgr","format":"[Gen 9] VGC 2023 Regulation E","log":"|j|\u2606Bugsileus\n|j|\u2606cloudjgr\n|t:|1700726187\n|gametype|doubles\n|player|p1|Bugsileus|bugsy|1116\n|player|p2|cloudjgr|169|1000\n|teamsize|p1|6\n|teamsize|p2|6\n|gen|9\n|tier|[Gen 9] VGC 2023 Regulation E\n|rated|\n|rule|Species Clause: Limit one of each Pok\u00e9mon\n|rule|Item Clause: Limit one of each item\n|clearpoke\n|poke|p1|Dedenne, L50, M|\n|poke|p1|Toxtricity, L50, M|\n|poke|p1|Typhlosion-Hisui, L50, M|\n|poke|p1|Tornadus, L50, M|\n|poke|p1|Brambleghast, L50, M|\n|poke|p1|Ampharos, L50, F|\n|poke|p2|Gholdengo, L50|\n|poke|p2|Tornadus, L50, M|\n|poke|p2|Arcanine-Hisui, L50, F|\n|poke|p2|Ogerpon-Wellspring, L50, F|\n|poke|p2|Iron Hands, L50|\n|poke|p2|Urshifu-*, L50, F|\n|teampreview|4\nBugsileus rejected open team sheets.\n|inactive|Battle timer is ON: inactive players will automatically lose when time's up. (requested by Bugsileus)\n|\n|t:|1700726251\n|start\n|switch|p1a: Dedenne|Dedenne, L50, M|100\/100\n|switch|p1b: Toxtricity|Toxtricity, L50, M|100\/100\n|switch|p2a: Tornadus|Tornadus, L50, M, shiny|100\/100\n|switch|p2b: Urshifu|Urshifu, L50, F|100\/100\n|turn|1\n|\n|t:|1700726266\n|move|p2a: Tornadus|Tailwind|p2a: Tornadus\n|-sidestart|p2: cloudjgr|move: Tailwind\n|move|p2b: Urshifu|Wicked Blow|p1b: Toxtricity\n|-crit|p1b: Toxtricity\n|-damage|p1b: Toxtricity|8\/100\n|move|p1a: Dedenne|Dazzling Gleam|p2b: Urshifu|[spread] p2a,p2b\n|-supereffective|p2b: Urshifu\n|-damage|p2a: Tornadus|76\/100\n|-enditem|p2b: Urshifu|Focus Sash\n|-damage|p2b: Urshifu|1\/100\n|move|p1b: Toxtricity|Volt Switch|p2a: Tornadus\n|-supereffective|p2a: Tornadus\n|-damage|p2a: Tornadus|0 fnt\n|faint|p2a: Tornadus\n|-damage|p1b: Toxtricity|0 fnt|[from] item: Life Orb\n|faint|p1b: Toxtricity\n|\n|upkeep\n|\n|t:|1700726284\n|switch|p2a: Gholdengo|Gholdengo, L50, shiny|100\/100\n|switch|p1b: Tornadus|Tornadus, L50, M|100\/100\n|turn|2\n|\n|t:|1700726300\n|move|p1b: Tornadus|Tailwind|p1b: Tornadus\n|-sidestart|p1: Bugsileus|move: Tailwind\n|move|p1a: Dedenne|Dazzling Gleam|p2b: Urshifu|[spread] p2a,p2b\n|-resisted|p2a: Gholdengo\n|-supereffective|p2b: Urshifu\n|-damage|p2a: Gholdengo|92\/100\n|-damage|p2b: Urshifu|0 fnt\n|faint|p2b: Urshifu\n|move|p2a: Gholdengo|Nasty Plot|p2a: Gholdengo\n|-boost|p2a: Gholdengo|spa|2\n|\n|-heal|p2a: Gholdengo|98\/100|[from] item: Leftovers\n|upkeep\n|\n|t:|1700726312\n|switch|p2b: Arcanine|Arcanine-Hisui, L50, F, shiny|100\/100\n|-ability|p2b: Arcanine|Intimidate|boost\n|-unboost|p1a: Dedenne|atk|1\n|-unboost|p1b: Tornadus|atk|1\n|turn|3\n|\n|t:|1700726335\n|-terastallize|p1b: Tornadus|Ground\n|move|p1a: Dedenne|Nuzzle|p2a: Gholdengo\n|-damage|p2a: Gholdengo|95\/100\n|-status|p2a: Gholdengo|par\n|move|p2b: Arcanine|Rock Slide|p1a: Dedenne|[spread] p1a,p1b\n|-resisted|p1b: Tornadus\n|-damage|p1a: Dedenne|35\/100\n|-damage|p1b: Tornadus|82\/100\n|move|p1b: Tornadus|Bleakwind Storm|p2b: Arcanine|[spread] \n|-miss|p1b: Tornadus|p2a: Gholdengo\n|-miss|p1b: Tornadus|p2b: Arcanine\n|move|p2a: Gholdengo|Nasty Plot|p2a: Gholdengo\n|-boost|p2a: Gholdengo|spa|2\n|\n|-heal|p2a: Gholdengo|100\/100 par|[from] item: Leftovers\n|upkeep\n|turn|4\n|\n|t:|1700726358\n|move|p1a: Dedenne|Nuzzle|p2b: Arcanine\n|-damage|p2b: Arcanine|97\/100\n|-status|p2b: Arcanine|par\n|move|p1b: Tornadus|Bleakwind Storm|p2b: Arcanine|[spread] p2a,p2b\n|-resisted|p2a: Gholdengo\n|-resisted|p2b: Arcanine\n|-damage|p2a: Gholdengo|85\/100 par\n|-damage|p2b: Arcanine|79\/100 par\n|move|p2b: Arcanine|Rock Slide|p1b: Tornadus|[spread] p1a\n|-miss|p2b: Arcanine|p1b: Tornadus\n|-damage|p1a: Dedenne|0 fnt\n|faint|p1a: Dedenne\n|move|p2a: Gholdengo|Make It Rain|p1b: Tornadus\n|-damage|p1b: Tornadus|0 fnt\n|-unboost|p2a: Gholdengo|spa|1\n|faint|p1b: Tornadus\n|\n|-heal|p2a: Gholdengo|91\/100 par|[from] item: Leftovers\n|-sideend|p2: cloudjgr|move: Tailwind\n|upkeep\n|\n|t:|1700726370\n|switch|p1a: Brambleghast|Brambleghast, L50, M|100\/100\n|-ability|p1a: Brambleghast|Wind Rider|boost\n|-boost|p1a: Brambleghast|atk|1\n|turn|5\n|\n|t:|1700726392\n|-terastallize|p2a: Gholdengo|Dragon\n|move|p1a: Brambleghast|Poltergeist|p2a: Gholdengo\n|-activate|p2a: Gholdengo|move: Poltergeist|Leftovers\n|-damage|p2a: Gholdengo|13\/100 par\n|cant|p2b: Arcanine|par\n|cant|p2a: Gholdengo|par\n|\n|-heal|p2a: Gholdengo|20\/100 par|[from] item: Leftovers\n|-sideend|p1: Bugsileus|move: Tailwind\n|upkeep\n|turn|6\n|\n|t:|1700726408\n|cant|p2a: Gholdengo|par\n|move|p1a: Brambleghast|Bullet Seed|p2a: Gholdengo\n|-resisted|p2a: Gholdengo\n|-damage|p2a: Gholdengo|11\/100 par\n|-resisted|p2a: Gholdengo\n|-damage|p2a: Gholdengo|2\/100 par\n|-resisted|p2a: Gholdengo\n|-damage|p2a: Gholdengo|0 fnt\n|faint|p2a: Gholdengo\n|-hitcount|p2: Gholdengo|3\n|move|p2b: Arcanine|Rock Slide|p1a: Brambleghast\n|-damage|p1a: Brambleghast|2\/100\n|\n|upkeep\n|turn|7\n|\n|t:|1700726421\n|move|p1a: Brambleghast|Strength Sap|p2b: Arcanine\n|-unboost|p2b: Arcanine|atk|1\n|-heal|p1a: Brambleghast|100\/100\n|cant|p2b: Arcanine|par\n|\n|upkeep\n|turn|8\n|-message|cloudjgr forfeited.\n|\n|win|Bugsileus\n|raw|Bugsileus's rating: 1116 &rarr; <strong>1133<\/strong><br \/>(+17 for winning)\n|raw|cloudjgr's rating: 1000 &rarr; <strong>1000<\/strong><br \/>(+0 for losing)\n|l|\u2606cloudjgr\n","uploadtime":1700726437,"views":6,"p1id":"bugsileus","p2id":"cloudjgr","formatid":"gen9vgc2023regulatione","rating":1000,"private":0,"password":""}