{"id":"gen9vgc2023regulatione-1991914921","p1":"SugaristSnake0","p2":"someoel","format":"[Gen 9] VGC 2023 Regulation E","log":"|j|\u203dSugaristSnake0\n|j|\u2606someoel\n|t:|1700137618\n|gametype|doubles\n|player|p1|SugaristSnake0|dawn-gen4pt|1210\n|player|p2|someoel|caitlin|1309\n|teamsize|p1|6\n|teamsize|p2|6\n|gen|9\n|tier|[Gen 9] VGC 2023 Regulation E\n|rated|\n|rule|Species Clause: Limit one of each Pok\u00e9mon\n|rule|Item Clause: Limit one of each item\n|clearpoke\n|poke|p1|Hatterene, L50, F|\n|poke|p1|Sneasler, L50, M|\n|poke|p1|Rillaboom, L50, M|\n|poke|p1|Ursaluna, L50, F|\n|poke|p1|Iron Valiant, L50|\n|poke|p1|Heatran, L50, M|\n|poke|p2|Corviknight, L50, M|\n|poke|p2|Iron Hands, L50|\n|poke|p2|Sinistcha, L50|\n|poke|p2|Arcanine-Hisui, L50, M|\n|poke|p2|Iron Bundle, L50|\n|poke|p2|Tyranitar, L50, M|\n|teampreview|4\nsomeoel has agreed to open team sheets.\n|inactive|Battle timer is ON: inactive players will automatically lose when time's up. (requested by someoel)\n|\n|t:|1700137666\n|start\n|switch|p1a: Sneasler|Sneasler, L50, M|100\/100\n|switch|p1b: Rillaboom|Rillaboom, L50, M|100\/100\n|switch|p2a: Tyranitar|Tyranitar, L50, M|100\/100\n|switch|p2b: Arcanine|Arcanine-Hisui, L50, M|100\/100\n|-ability|p2b: Arcanine|Intimidate|boost\n|-unboost|p1a: Sneasler|atk|1\n|-fail|p1b: Rillaboom|unboost|[from] item: Clear Amulet|[of] p1b: Rillaboom\n|-weather|Sandstorm|[from] ability: Sand Stream|[of] p2a: Tyranitar\n|-fieldstart|move: Grassy Terrain|[from] ability: Grassy Surge|[of] p1b: Rillaboom\n|-enditem|p1a: Sneasler|Grassy Seed\n|-boost|p1a: Sneasler|def|1|[from] item: Grassy Seed\n|turn|1\n|inactive|someoel has 30 seconds left.\n|\n|t:|1700137700\n|move|p1b: Rillaboom|Fake Out|p2a: Tyranitar\n|-resisted|p2a: Tyranitar\n|-crit|p2a: Tyranitar\n|-damage|p2a: Tyranitar|90\/100\n|move|p1a: Sneasler|Close Combat|p2b: Arcanine\n|-supereffective|p2b: Arcanine\n|-damage|p2b: Arcanine|1\/100\n|-unboost|p1a: Sneasler|def|1\n|-unboost|p1a: Sneasler|spd|1\n|-enditem|p2b: Arcanine|Sitrus Berry|[eat]\n|-heal|p2b: Arcanine|26\/100|[from] item: Sitrus Berry\n|move|p2b: Arcanine|Will-O-Wisp|p1b: Rillaboom\n|-status|p1b: Rillaboom|brn\n|cant|p2a: Tyranitar|flinch\n|\n|-weather|Sandstorm|[upkeep]\n|-damage|p1a: Sneasler|95\/100|[from] Sandstorm\n|-damage|p1b: Rillaboom|95\/100 brn|[from] Sandstorm\n|-heal|p1a: Sneasler|100\/100|[from] Grassy Terrain\n|-heal|p2b: Arcanine|32\/100|[from] Grassy Terrain\n|-heal|p2a: Tyranitar|97\/100|[from] Grassy Terrain\n|-heal|p1b: Rillaboom|100\/100 brn|[from] Grassy Terrain\n|-damage|p1b: Rillaboom|95\/100 brn|[from] brn\n|upkeep\n|turn|2\n|inactive|someoel has 30 seconds left.\n|\n|t:|1700137727\n|switch|p2b: Sinistcha|Sinistcha, L50|100\/100\n|-heal|p2a: Tyranitar|100\/100|[from] ability: Hospitality|[of] p2b: Sinistcha\n|switch|p2a: Corviknight|Corviknight, L50, M|100\/100\n|move|p1b: Rillaboom|Grassy Glide|p2a: Corviknight\n|-resisted|p2a: Corviknight\n|-damage|p2a: Corviknight|97\/100\n|move|p1a: Sneasler|Close Combat|p2b: Sinistcha\n|-immune|p2b: Sinistcha\n|\n|-weather|Sandstorm|[upkeep]\n|-damage|p1a: Sneasler|95\/100|[from] Sandstorm\n|-damage|p1b: Rillaboom|89\/100 brn|[from] Sandstorm\n|-damage|p2b: Sinistcha|94\/100|[from] Sandstorm\n|-heal|p1a: Sneasler|100\/100|[from] Grassy Terrain\n|-heal|p1b: Rillaboom|95\/100 brn|[from] Grassy Terrain\n|-heal|p2b: Sinistcha|100\/100|[from] Grassy Terrain\n|-heal|p2a: Corviknight|100\/100|[from] item: Leftovers\n|-damage|p1b: Rillaboom|89\/100 brn|[from] brn\n|upkeep\n|turn|3\n|inactive|someoel has 30 seconds left.\n|\n|t:|1700137752\n|switch|p2b: Tyranitar|Tyranitar, L50, M|100\/100\n|move|p1a: Sneasler|Swords Dance|p1a: Sneasler\n|-boost|p1a: Sneasler|atk|2\n|move|p1b: Rillaboom|Knock Off|p2b: Tyranitar\n|-resisted|p2b: Tyranitar\n|-damage|p2b: Tyranitar|93\/100\n|-enditem|p2b: Tyranitar|Assault Vest|[from] move: Knock Off|[of] p1b: Rillaboom\n|move|p2a: Corviknight|Iron Defense|p2a: Corviknight\n|-boost|p2a: Corviknight|def|2\n|\n|-weather|Sandstorm|[upkeep]\n|-damage|p1a: Sneasler|95\/100|[from] Sandstorm\n|-damage|p1b: Rillaboom|83\/100 brn|[from] Sandstorm\n|-heal|p1a: Sneasler|100\/100|[from] Grassy Terrain\n|-heal|p2b: Tyranitar|99\/100|[from] Grassy Terrain\n|-heal|p1b: Rillaboom|89\/100 brn|[from] Grassy Terrain\n|-damage|p1b: Rillaboom|83\/100 brn|[from] brn\n|upkeep\n|turn|4\n|inactive|someoel has 30 seconds left.\n|\n|t:|1700137781\n|move|p1a: Sneasler|Close Combat|p2b: Tyranitar\n|-supereffective|p2b: Tyranitar\n|-damage|p2b: Tyranitar|0 fnt\n|-unboost|p1a: Sneasler|def|1\n|-unboost|p1a: Sneasler|spd|1\n|faint|p2b: Tyranitar\n|move|p1b: Rillaboom|Knock Off|p2a: Corviknight\n|-damage|p2a: Corviknight|93\/100\n|-enditem|p2a: Corviknight|Leftovers|[from] move: Knock Off|[of] p1b: Rillaboom\n|move|p2a: Corviknight|Iron Head|p1a: Sneasler\n|-damage|p1a: Sneasler|40\/100\n|\n|-weather|Sandstorm|[upkeep]\n|-damage|p1a: Sneasler|34\/100|[from] Sandstorm\n|-damage|p1b: Rillaboom|77\/100 brn|[from] Sandstorm\n|-heal|p1a: Sneasler|40\/100|[from] Grassy Terrain\n|-heal|p1b: Rillaboom|83\/100 brn|[from] Grassy Terrain\n|-damage|p1b: Rillaboom|77\/100 brn|[from] brn\n|upkeep\n|\n|t:|1700137796\n|switch|p2b: Arcanine|Arcanine-Hisui, L50, M|32\/100\n|-ability|p2b: Arcanine|Intimidate|boost\n|-unboost|p1a: Sneasler|atk|1\n|-fail|p1b: Rillaboom|unboost|[from] item: Clear Amulet|[of] p1b: Rillaboom\n|turn|5\n|\n|t:|1700137808\n|switch|p2b: Sinistcha|Sinistcha, L50|100\/100\n|-heal|p2a: Corviknight|100\/100|[from] ability: Hospitality|[of] p2b: Sinistcha\n|move|p1b: Rillaboom|Grassy Glide|p2b: Sinistcha\n|-resisted|p2b: Sinistcha\n|-damage|p2b: Sinistcha|92\/100\n|move|p1a: Sneasler|Dire Claw|p2b: Sinistcha\n|-damage|p2b: Sinistcha|44\/100\n|-status|p2b: Sinistcha|psn\n|move|p2a: Corviknight|Iron Head|p1a: Sneasler\n|-damage|p1a: Sneasler|0 fnt\n|faint|p1a: Sneasler\n|\n|-weather|none\n|-heal|p1b: Rillaboom|83\/100 brn|[from] Grassy Terrain\n|-heal|p2b: Sinistcha|50\/100 psn|[from] Grassy Terrain\n|-damage|p2b: Sinistcha|38\/100 psn|[from] psn\n|-damage|p1b: Rillaboom|77\/100 brn|[from] brn\n|-fieldend|move: Grassy Terrain\n|upkeep\n|\n|t:|1700137815\n|switch|p1a: Heatran|Heatran, L50, M|100\/100\n|turn|6\n|\n|t:|1700137834\n|switch|p2b: Arcanine|Arcanine-Hisui, L50, M|32\/100\n|-ability|p2b: Arcanine|Intimidate|boost\n|-unboost|p1a: Heatran|atk|1\n|-fail|p1b: Rillaboom|unboost|[from] item: Clear Amulet|[of] p1b: Rillaboom\n|-terastallize|p2a: Corviknight|Dragon\n|move|p1b: Rillaboom|Knock Off|p2b: Arcanine\n|-damage|p2b: Arcanine|19\/100\n|move|p1a: Heatran|Heat Wave|p2a: Corviknight|[spread] p2a,p2b\n|-resisted|p2a: Corviknight\n|-resisted|p2b: Arcanine\n|-damage|p2a: Corviknight|87\/100\n|-damage|p2b: Arcanine|9\/100\n|move|p2a: Corviknight|Body Press|p1a: Heatran\n|-supereffective|p1a: Heatran\n|-damage|p1a: Heatran|39\/100\n|\n|-damage|p1b: Rillaboom|72\/100 brn|[from] brn\n|upkeep\n|turn|7\n|inactive|SugaristSnake0 has 30 seconds left.\n|inactive|SugaristSnake0 has 20 seconds left.\n|inactive|SugaristSnake0 has 15 seconds left.\n|\n|t:|1700137879\n|switch|p1b: Iron Valiant|Iron Valiant, L50|100\/100\n|-enditem|p1b: Iron Valiant|Booster Energy\n|-activate|p1b: Iron Valiant|ability: Quark Drive|[fromitem]\n|-start|p1b: Iron Valiant|quarkdrivespa\n|-terastallize|p1a: Heatran|Grass\n|move|p2b: Arcanine|Rock Slide|p1b: Iron Valiant|[spread] p1a,p1b\n|-resisted|p1b: Iron Valiant\n|-damage|p1a: Heatran|17\/100\n|-damage|p1b: Iron Valiant|87\/100\n|move|p1a: Heatran|Flash Cannon|p2b: Arcanine\n|-damage|p2b: Arcanine|0 fnt\n|faint|p2b: Arcanine\n|move|p2a: Corviknight|Body Press|p1a: Heatran\n|-damage|p1a: Heatran|0 fnt\n|faint|p1a: Heatran\n|\n|upkeep\n|\n|t:|1700137894\n|switch|p2b: Sinistcha|Sinistcha, L50|38\/100 psn\n|switch|p1a: Rillaboom|Rillaboom, L50, M|72\/100 brn\n|-fieldstart|move: Grassy Terrain|[from] ability: Grassy Surge|[of] p1a: Rillaboom\n|-heal|p2a: Corviknight|100\/100|[from] ability: Hospitality|[of] p2b: Sinistcha\n|turn|8\n|\n|t:|1700137908\n|move|p1a: Rillaboom|Fake Out|p2a: Corviknight\n|-damage|p2a: Corviknight|98\/100\n|move|p2b: Sinistcha|Rage Powder|p2b: Sinistcha\n|-singleturn|p2b: Sinistcha|move: Rage Powder\n|move|p1b: Iron Valiant|Moonblast|p2b: Sinistcha\n|-crit|p2b: Sinistcha\n|-damage|p2b: Sinistcha|0 fnt\n|faint|p2b: Sinistcha\n|cant|p2a: Corviknight|flinch\n|\n|-heal|p1b: Iron Valiant|93\/100|[from] Grassy Terrain\n|-heal|p1a: Rillaboom|77\/100 brn|[from] Grassy Terrain\n|-heal|p2a: Corviknight|100\/100|[from] Grassy Terrain\n|-damage|p1a: Rillaboom|72\/100 brn|[from] brn\n|upkeep\n|turn|9\n|\n|t:|1700137923\n|move|p1a: Rillaboom|Grassy Glide|p2a: Corviknight\n|-resisted|p2a: Corviknight\n|-damage|p2a: Corviknight|96\/100\n|move|p1b: Iron Valiant|Moonblast|p2a: Corviknight\n|-supereffective|p2a: Corviknight\n|-damage|p2a: Corviknight|7\/100\n|move|p2a: Corviknight|Iron Head|p1b: Iron Valiant\n|-supereffective|p1b: Iron Valiant\n|-damage|p1b: Iron Valiant|28\/100\n|\n|-heal|p1b: Iron Valiant|34\/100|[from] Grassy Terrain\n|-heal|p1a: Rillaboom|77\/100 brn|[from] Grassy Terrain\n|-heal|p2a: Corviknight|13\/100|[from] Grassy Terrain\n|-damage|p1a: Rillaboom|72\/100 brn|[from] brn\n|upkeep\n|turn|10\n|-message|someoel forfeited.\n|\n|win|SugaristSnake0\n|raw|SugaristSnake0's rating: 1210 &rarr; <strong>1242<\/strong><br \/>(+32 for winning)\n|raw|someoel's rating: 1309 &rarr; <strong>1283<\/strong><br \/>(-26 for losing)\n","uploadtime":1700137944,"views":21,"p1id":"sugaristsnake0","p2id":"someoel","formatid":"gen9vgc2023regulatione","rating":1242,"private":0,"password":""}