{"id":"gen9vgc2023regulatione-2000563012","p1":"Berrybeans","p2":"legonene","format":"[Gen 9] VGC 2023 Regulation E","log":"|j|\u2606Berrybeans\n|j|\u2606legonene\n|n|\u2606Berrybeans|berrybeans\n|n|\u2606legonene|legonene\n|html|View the match progress at <a href=\"\/game-bestof3-gen9vgc2023regulatione-2000563011\">game-bestof3-gen9vgc2023regulatione-2000563011<\/a>\n|t:|1701205633\n|gametype|doubles\n|player|p1|Berrybeans|benga|\n|player|p2|legonene|chili|\n|teamsize|p1|6\n|teamsize|p2|6\n|gen|9\n|tier|[Gen 9] VGC 2023 Regulation E\n|rule|Species Clause: Limit one of each Pok\u00e9mon\n|rule|Item Clause: Limit one of each item\n|clearpoke\n|poke|p1|Kommo-o, L50, F|\n|poke|p1|Tinkaton, L50, F|\n|poke|p1|Ribombee, L50, M|\n|poke|p1|Sinistcha, L50|\n|poke|p1|Rotom-Heat, L50|\n|poke|p1|Morgrem, L50, M|\n|poke|p2|Ogerpon-Wellspring, L50, F|\n|poke|p2|Kingambit, L50, F|\n|poke|p2|Fezandipiti, L50, M|\n|poke|p2|Gothitelle, L50, M|\n|poke|p2|Dragapult, L50, F|\n|poke|p2|Furret, L50, M|\n|teampreview|4\n|c|\u2606legonene|lhf\n|c|\u2606Berrybeans|glhf\n|c|\u2606Berrybeans|one sec gona post the link\n|j| Ogercooked\n|j| Lux2821\n|j| SmallTesco\n|j| Jstardude\n|\n|t:|1701205726\n|start\n|switch|p1a: Gay panick|Ribombee, L50, M, shiny|100\/100\n|switch|p1b: Hot Stuff|Rotom-Heat, L50|100\/100\n|switch|p2a: Fezandipiti|Fezandipiti, L50, M|100\/100\n|switch|p2b: Dragapult|Dragapult, L50, F|100\/100\n|turn|1\n|l| Ogercooked\n|j| jayballester\n|j| Sobiris\n|\n|t:|1701205753\n|-terastallize|p2b: Dragapult|Fire\n|move|p2b: Dragapult|Tera Blast|p1a: Gay panick|[anim] Tera Blast Fire\n|-supereffective|p1a: Gay panick\n|-damage|p1a: Gay panick|0 fnt\n|faint|p1a: Gay panick\n|move|p2a: Fezandipiti|Icy Wind|p1b: Hot Stuff|[miss]\n|-miss|p2a: Fezandipiti|p1b: Hot Stuff\n|move|p1b: Hot Stuff|Shadow Ball|p2b: Dragapult\n|-damage|p2b: Dragapult|74\/100\n|\n|upkeep\n|c| Sobiris|Let him cook\n|j| Stryke Out\n|\n|t:|1701205764\n|switch|p1a: stayin alive|Kommo-o, L50, F|100\/100\n|turn|2\n|\n|t:|1701205799\n|move|p1a: stayin alive|Protect|p1a: stayin alive\n|-singleturn|p1a: stayin alive|Protect\n|move|p2b: Dragapult|Dragon Darts|p1b: Hot Stuff\n|-damage|p1b: Hot Stuff|75\/100\n|-anim|p2b: Dragapult|Dragon Darts|p1b: Hot Stuff\n|-damage|p1b: Hot Stuff|50\/100\n|move|p2a: Fezandipiti|Sludge Bomb|p1a: stayin alive\n|-activate|p1a: stayin alive|move: Protect\n|move|p1b: Hot Stuff|Overheat|p2a: Fezandipiti\n|-crit|p2a: Fezandipiti\n|-damage|p2a: Fezandipiti|19\/100\n|-unboost|p1b: Hot Stuff|spa|2\n|-enditem|p2a: Fezandipiti|Aguav Berry|[eat]\n|-heal|p2a: Fezandipiti|52\/100|[from] item: Aguav Berry\n|\n|upkeep\n|turn|3\n|\n|t:|1701205820\n|switch|p1a: Fancy a cuppa|Sinistcha, L50|100\/100\n|-heal|p1b: Hot Stuff|74\/100|[from] ability: Hospitality|[of] p1a: Fancy a cuppa\n|move|p2b: Dragapult|Dragon Darts|p1a: Fancy a cuppa\n|-damage|p1a: Fancy a cuppa|81\/100\n|-anim|p2b: Dragapult|Dragon Darts|p1b: Hot Stuff\n|-damage|p1b: Hot Stuff|50\/100\n|move|p2a: Fezandipiti|Dazzling Gleam|p1a: Fancy a cuppa|[spread] p1a,p1b\n|-resisted|p1b: Hot Stuff\n|-damage|p1a: Fancy a cuppa|55\/100\n|-damage|p1b: Hot Stuff|37\/100\n|-status|p1b: Hot Stuff|tox|[from] ability: Toxic Chain|[of] p2a: Fezandipiti\n|move|p1b: Hot Stuff|Volt Switch|p2a: Fezandipiti\n|-damage|p2a: Fezandipiti|39\/100\n|c| Stryke Out|Tera blast > flamethrower fr fr\n|\n|t:|1701205834\n|switch|p1b: stayin alive|Kommo-o, L50, F|100\/100|[from] Volt Switch\n|\n|upkeep\n|turn|4\n|\n|t:|1701205851\n|-terastallize|p1b: stayin alive|Steel\n|move|p1a: Fancy a cuppa|Protect|p1a: Fancy a cuppa\n|-singleturn|p1a: Fancy a cuppa|Protect\n|move|p2b: Dragapult|Tera Blast|p1a: Fancy a cuppa|[anim] Tera Blast Fire\n|-activate|p1a: Fancy a cuppa|move: Protect\n|move|p2a: Fezandipiti|Dazzling Gleam|p1a: Fancy a cuppa|[spread] p1b\n|-activate|p1a: Fancy a cuppa|move: Protect\n|-resisted|p1b: stayin alive\n|-damage|p1b: stayin alive|92\/100\n|move|p1b: stayin alive|Iron Defense|p1b: stayin alive\n|-boost|p1b: stayin alive|def|2\n|\n|-heal|p1b: stayin alive|98\/100|[from] item: Leftovers\n|upkeep\n|turn|5\n|\n|t:|1701205865\n|move|p1a: Fancy a cuppa|Rage Powder|p1a: Fancy a cuppa\n|-singleturn|p1a: Fancy a cuppa|move: Rage Powder\n|move|p2b: Dragapult|Thunder Wave|p1a: Fancy a cuppa\n|-status|p1a: Fancy a cuppa|par\n|move|p2a: Fezandipiti|Sludge Bomb|p1a: Fancy a cuppa\n|-damage|p1a: Fancy a cuppa|20\/100 par\n|-enditem|p1a: Fancy a cuppa|Iapapa Berry|[eat]\n|-heal|p1a: Fancy a cuppa|53\/100 par|[from] item: Iapapa Berry\n|move|p1b: stayin alive|Body Press|p2b: Dragapult\n|-damage|p2b: Dragapult|0 fnt\n|faint|p2b: Dragapult\n|\n|-heal|p1b: stayin alive|100\/100|[from] item: Leftovers\n|upkeep\n|\n|t:|1701205874\n|switch|p2b: Gothitelle|Gothitelle, L50, M|100\/100\n|turn|6\n|\n|t:|1701205884\n|switch|p1a: Hot Stuff|Rotom-Heat, L50|37\/100 tox\n|move|p2b: Gothitelle|Fake Out|p1b: stayin alive\n|-resisted|p1b: stayin alive\n|-damage|p1b: stayin alive|99\/100\n|move|p2a: Fezandipiti|Dazzling Gleam|p1a: Hot Stuff|[spread] p1a,p1b\n|-resisted|p1a: Hot Stuff\n|-resisted|p1b: stayin alive\n|-damage|p1a: Hot Stuff|23\/100 tox\n|-damage|p1b: stayin alive|90\/100\n|-enditem|p1a: Hot Stuff|Aguav Berry|[eat]\n|-heal|p1a: Hot Stuff|56\/100 tox|[from] item: Aguav Berry\n|cant|p1b: stayin alive|flinch\n|\n|-heal|p1b: stayin alive|96\/100|[from] item: Leftovers\n|-damage|p1a: Hot Stuff|50\/100 tox|[from] psn\n|upkeep\n|turn|7\n|l| Lux2821\n|\n|t:|1701205897\n|move|p2a: Fezandipiti|Dazzling Gleam|p1a: Hot Stuff|[spread] p1a,p1b\n|-resisted|p1a: Hot Stuff\n|-resisted|p1b: stayin alive\n|-damage|p1a: Hot Stuff|37\/100 tox\n|-damage|p1b: stayin alive|87\/100\n|move|p1a: Hot Stuff|Shadow Ball|p2b: Gothitelle\n|-supereffective|p2b: Gothitelle\n|-damage|p2b: Gothitelle|52\/100\n|move|p1b: stayin alive|Iron Head|p2a: Fezandipiti\n|-supereffective|p2a: Fezandipiti\n|-damage|p2a: Fezandipiti|0 fnt\n|faint|p2a: Fezandipiti\n|move|p2b: Gothitelle|Reflect|p2b: Gothitelle\n|-sidestart|p2: legonene|Reflect\n|\n|-heal|p1b: stayin alive|93\/100|[from] item: Leftovers\n|-damage|p1a: Hot Stuff|24\/100 tox|[from] psn\n|upkeep\n|\n|t:|1701205906\n|switch|p2a: Kingambit|Kingambit, L50, F|100\/100\n|-activate|p2a: Kingambit|ability: Supreme Overlord\n|-start|p2a: Kingambit|fallen2|[silent]\n|turn|8\n|\n|t:|1701205924\n|move|p1b: stayin alive|Protect|p1b: stayin alive\n|-singleturn|p1b: stayin alive|Protect\n|move|p2a: Kingambit|Sucker Punch||[still]\n|-fail|p2a: Kingambit\n|move|p1a: Hot Stuff|Will-O-Wisp|p2a: Kingambit\n|-status|p2a: Kingambit|brn\n|-enditem|p2a: Kingambit|Lum Berry|[eat]\n|-curestatus|p2a: Kingambit|brn|[msg]\n|move|p2b: Gothitelle|Trick Room|p2b: Gothitelle\n|-fieldstart|move: Trick Room|[of] p2b: Gothitelle\n|\n|-heal|p1b: stayin alive|99\/100|[from] item: Leftovers\n|-damage|p1a: Hot Stuff|6\/100 tox|[from] psn\n|upkeep\n|turn|9\n|j| Wotan888\n|\n|t:|1701205942\n|move|p2a: Kingambit|Iron Head|p1b: stayin alive\n|-resisted|p1b: stayin alive\n|-damage|p1b: stayin alive|89\/100\n|move|p2b: Gothitelle|Psychic|p1a: Hot Stuff\n|-damage|p1a: Hot Stuff|0 fnt\n|faint|p1a: Hot Stuff\n|move|p1b: stayin alive|Iron Defense|p1b: stayin alive\n|-boost|p1b: stayin alive|def|2\n|\n|-heal|p1b: stayin alive|95\/100|[from] item: Leftovers\n|upkeep\n|\n|t:|1701205947\n|switch|p1a: Fancy a cuppa|Sinistcha, L50|53\/100 par\n|-heal|p1b: stayin alive|100\/100|[from] ability: Hospitality|[of] p1a: Fancy a cuppa\n|turn|10\n|\n|t:|1701205958\n|move|p1a: Fancy a cuppa|Strength Sap|p2a: Kingambit\n|-unboost|p2a: Kingambit|atk|1\n|-heal|p1a: Fancy a cuppa|100\/100 par\n|move|p2a: Kingambit|Swords Dance|p2a: Kingambit\n|-boost|p2a: Kingambit|atk|2\n|move|p2b: Gothitelle|Psychic|p1a: Fancy a cuppa\n|-damage|p1a: Fancy a cuppa|70\/100 par\n|move|p1b: stayin alive|Body Press|p2b: Gothitelle\n|-resisted|p2b: Gothitelle\n|-damage|p2b: Gothitelle|24\/100\n|\n|upkeep\n|turn|11\n|\n|t:|1701205975\n|cant|p1a: Fancy a cuppa|par\n|move|p2a: Kingambit|Iron Head|p1b: stayin alive\n|-resisted|p1b: stayin alive\n|-damage|p1b: stayin alive|89\/100\n|move|p2b: Gothitelle|Psychic|p1a: Fancy a cuppa\n|-damage|p1a: Fancy a cuppa|37\/100 par\n|move|p1b: stayin alive|Body Press|p2b: Gothitelle\n|-resisted|p2b: Gothitelle\n|-damage|p2b: Gothitelle|0 fnt\n|faint|p2b: Gothitelle\n|\n|-heal|p1b: stayin alive|95\/100|[from] item: Leftovers\n|upkeep\n|turn|12\n|\n|t:|1701205986\n|move|p1a: Fancy a cuppa|Strength Sap|p2a: Kingambit\n|-unboost|p2a: Kingambit|atk|1\n|-heal|p1a: Fancy a cuppa|100\/100 par\n|move|p2a: Kingambit|Iron Head|p1a: Fancy a cuppa\n|-damage|p1a: Fancy a cuppa|56\/100 par\n|move|p1b: stayin alive|Body Press|p2a: Kingambit\n|-supereffective|p2a: Kingambit\n|-damage|p2a: Kingambit|0 fnt\n|faint|p2a: Kingambit\n|-end|p2a: Kingambit|fallen2|[silent]\n|\n|win|Berrybeans\n|c|\u2606legonene|gg\n|c|&|\/uhtml prompt-legonene,legonene is ready for game 2!\n|inactive|Berrybeans has 50 seconds to confirm battle start!\n|c|&|\/uhtml prompt-legonene,legonene is ready for game 2!\n|c|\u2606Berrybeans|gg\n|c|&|\/uhtml prompt-berrybeans,Berrybeans is ready for game 2!\nBoth players are ready! Starting next match!\n|l| Jstardude\n|l|\u2606legonene\n|j| Jstardude\n|l| Jstardude\n|l| Sobiris\n","uploadtime":1701206007,"views":3,"p1id":"berrybeans","p2id":"legonene","formatid":"gen9vgc2023regulatione","rating":0,"private":0,"password":""}