{"id":"gen9vgc2023regulatione-1994115459","p1":"Daviron1","p2":"zhz2021","format":"[Gen 9] VGC 2023 Regulation E","log":"|j|\u2606Daviron1\n|j|\u2606zhz2021\n|t:|1700408693\n|gametype|doubles\n|player|p1|Daviron1|volkner|1505\n|player|p2|zhz2021|marley|1554\n|teamsize|p1|6\n|teamsize|p2|6\n|gen|9\n|tier|[Gen 9] VGC 2023 Regulation E\n|rated|\n|rule|Species Clause: Limit one of each Pok\u00e9mon\n|rule|Item Clause: Limit one of each item\n|clearpoke\n|poke|p1|Sandslash-Alola, L50, M|\n|poke|p1|Ninetales-Alola, L50, M|\n|poke|p1|Ursaluna-Bloodmoon, L50, M|\n|poke|p1|Roaring Moon, L50|\n|poke|p1|Sinistcha-Masterpiece, L50|\n|poke|p1|Okidogi, L50, M|\n|poke|p2|Weezing-Galar, L50, F|\n|poke|p2|Flutter Mane, L50|\n|poke|p2|Roaring Moon, L50|\n|poke|p2|Sinistcha-Masterpiece, L50|\n|poke|p2|Iron Hands, L50|\n|poke|p2|Ursaluna-Bloodmoon, L50, M|\n|teampreview|4\nDaviron1 has agreed to open team sheets.\n|\n|t:|1700408724\n|start\n|switch|p1a: Ninetales|Ninetales-Alola, L50, M, shiny|100\/100\n|switch|p1b: Sandslash|Sandslash-Alola, L50, M, shiny|100\/100\n|switch|p2a: Victroria Moon|Roaring Moon, L50|100\/100\n|switch|p2b: Gladstone&Disraeli|Weezing-Galar, L50, F|100\/100\n|-ability|p2b: Gladstone&Disraeli|Neutralizing Gas\n|-enditem|p2a: Victroria Moon|Booster Energy\n|-activate|p2a: Victroria Moon|ability: Protosynthesis|[fromitem]\n|-start|p2a: Victroria Moon|protosynthesisspe\n|turn|1\n|inactive|Battle timer is ON: inactive players will automatically lose when time's up. (requested by Daviron1)\n|\n|t:|1700408753\n|move|p1a: Ninetales|Protect|p1a: Ninetales\n|-singleturn|p1a: Ninetales|Protect\n|move|p1b: Sandslash|Protect|p1b: Sandslash\n|-singleturn|p1b: Sandslash|Protect\n|move|p2a: Victroria Moon|Tailwind|p2a: Victroria Moon\n|-sidestart|p2: zhz2021|move: Tailwind\n|move|p2b: Gladstone&Disraeli|Taunt|p1a: Ninetales\n|-activate|p1a: Ninetales|move: Protect\n|\n|upkeep\n|turn|2\n|\n|t:|1700408760\n|move|p2a: Victroria Moon|Stomping Tantrum|p1b: Sandslash\n|-supereffective|p1b: Sandslash\n|-damage|p1b: Sandslash|52\/100\n|move|p2b: Gladstone&Disraeli|Taunt|p1a: Ninetales\n|-start|p1a: Ninetales|move: Taunt\n|move|p1a: Ninetales|Moonblast|p2a: Victroria Moon\n|-supereffective|p2a: Victroria Moon\n|-damage|p2a: Victroria Moon|0 fnt\n|faint|p2a: Victroria Moon\n|-end|p2a: Victroria Moon|Protosynthesis|[silent]\n|move|p1b: Sandslash|Swords Dance|p1b: Sandslash\n|-boost|p1b: Sandslash|atk|2\n|\n|upkeep\n|inactive|zhz2021 has 30 seconds left.\n|inactive|zhz2021 has 20 seconds left.\n|inactive|zhz2021 has 15 seconds left.\n|\n|t:|1700408803\n|switch|p2a: Iron Hands|Iron Hands, L50|100\/100\n|turn|3\n|\n|t:|1700408815\n|move|p1b: Sandslash|Protect|p1b: Sandslash\n|-singleturn|p1b: Sandslash|Protect\n|move|p2b: Gladstone&Disraeli|Dazzling Gleam|p1b: Sandslash|[spread] p1a\n|-activate|p1b: Sandslash|move: Protect\n|-damage|p1a: Ninetales|80\/100\n|move|p2a: Iron Hands|Drain Punch|p1b: Sandslash\n|-activate|p1b: Sandslash|move: Protect\n|move|p1a: Ninetales|Moonblast|p2a: Iron Hands\n|-supereffective|p2a: Iron Hands\n|-damage|p2a: Iron Hands|60\/100\n|-unboost|p2a: Iron Hands|spa|1\n|\n|upkeep\n|turn|4\n|\n|t:|1700408835\n|switch|p1b: Okidogi|Okidogi, L50, M|100\/100\n|move|p2b: Gladstone&Disraeli|Will-O-Wisp|p1b: Okidogi\n|-status|p1b: Okidogi|brn\n|move|p2a: Iron Hands|Heavy Slam|p1a: Ninetales\n|-supereffective|p1a: Ninetales\n|-crit|p1a: Ninetales\n|-damage|p1a: Ninetales|0 fnt\n|faint|p1a: Ninetales\n|\n|-damage|p1b: Okidogi|94\/100 brn|[from] brn\n|-sideend|p2: zhz2021|move: Tailwind\n|upkeep\n|\n|t:|1700408843\n|switch|p1a: Ursaluna|Ursaluna-Bloodmoon, L50, M|100\/100\n|turn|5\n|inactive|zhz2021 has 30 seconds left.\n|\n|t:|1700408870\n|-terastallize|p1a: Ursaluna|Fairy\n|move|p2b: Gladstone&Disraeli|Dazzling Gleam|p1a: Ursaluna|[spread] p1a,p1b\n|-damage|p1a: Ursaluna|81\/100\n|-damage|p1b: Okidogi|71\/100 brn\n|move|p2a: Iron Hands|Drain Punch|p1a: Ursaluna\n|-resisted|p1a: Ursaluna\n|-damage|p1a: Ursaluna|67\/100\n|-heal|p2a: Iron Hands|66\/100|[from] drain|[of] p1a: Ursaluna\n|move|p1b: Okidogi|High Horsepower|p2b: Gladstone&Disraeli|[miss]\n|-miss|p1b: Okidogi|p2b: Gladstone&Disraeli\n|move|p1a: Ursaluna|Calm Mind|p1a: Ursaluna\n|-boost|p1a: Ursaluna|spa|1\n|-boost|p1a: Ursaluna|spd|1\n|\n|-heal|p1a: Ursaluna|73\/100|[from] item: Leftovers\n|-damage|p1b: Okidogi|65\/100 brn|[from] brn\n|upkeep\n|turn|6\n|\n|t:|1700408890\n|move|p2b: Gladstone&Disraeli|Dazzling Gleam|p1a: Ursaluna|[spread] p1a,p1b\n|-damage|p1a: Ursaluna|58\/100\n|-damage|p1b: Okidogi|42\/100 brn\n|move|p2a: Iron Hands|Wild Charge|p1b: Okidogi\n|-damage|p1b: Okidogi|1\/100 brn\n|-damage|p2a: Iron Hands|58\/100|[from] Recoil\n|move|p1b: Okidogi|High Horsepower|p2a: Iron Hands\n|-supereffective|p2a: Iron Hands\n|-damage|p2a: Iron Hands|23\/100\n|move|p1a: Ursaluna|Earth Power|p2b: Gladstone&Disraeli\n|-supereffective|p2b: Gladstone&Disraeli\n|-damage|p2b: Gladstone&Disraeli|0 fnt\n|faint|p2b: Gladstone&Disraeli\n|-end|p2b: Gladstone&Disraeli|ability: Neutralizing Gas\n|\n|-heal|p1a: Ursaluna|64\/100|[from] item: Leftovers\n|-damage|p1b: Okidogi|0 fnt|[from] brn\n|faint|p1b: Okidogi\n|upkeep\n|\n|t:|1700408906\n|switch|p2b: Arcueid|Flutter Mane, L50|100\/100\n|switch|p1b: Sandslash|Sandslash-Alola, L50, M, shiny|52\/100\n|turn|7\n|inactive|zhz2021 has 30 seconds left.\n|inactive|zhz2021 has 20 seconds left.\n|inactive|zhz2021 has 15 seconds left.\n|inactive|zhz2021 has 10 seconds left.\n|\n|t:|1700408953\n|-terastallize|p2b: Arcueid|Fairy\n|move|p1a: Ursaluna|Protect|p1a: Ursaluna\n|-singleturn|p1a: Ursaluna|Protect\n|move|p2b: Arcueid|Moonblast|p1a: Ursaluna\n|-activate|p1a: Ursaluna|move: Protect\n|move|p1b: Sandslash|Iron Head|p2b: Arcueid\n|-supereffective|p2b: Arcueid\n|-damage|p2b: Arcueid|0 fnt\n|faint|p2b: Arcueid\n|-end|p2b: Arcueid|Protosynthesis|[silent]\n|move|p2a: Iron Hands|Drain Punch|p1b: Sandslash\n|-supereffective|p1b: Sandslash\n|-damage|p1b: Sandslash|0 fnt\n|-heal|p2a: Iron Hands|41\/100|[from] drain|[of] p1b: Sandslash\n|faint|p1b: Sandslash\n|\n|-heal|p1a: Ursaluna|70\/100|[from] item: Leftovers\n|upkeep\n|turn|8\n|\n|t:|1700408964\n|move|p2a: Iron Hands|Heavy Slam|p1a: Ursaluna\n|-supereffective|p1a: Ursaluna\n|-damage|p1a: Ursaluna|51\/100\n|move|p1a: Ursaluna|Blood Moon|p2a: Iron Hands\n|-damage|p2a: Iron Hands|0 fnt\n|faint|p2a: Iron Hands\n|-end|p2a: Iron Hands|Quark Drive|[silent]\n|\n|win|Daviron1\n|raw|Daviron1's rating: 1505 &rarr; <strong>1527<\/strong><br \/>(+22 for winning)\n|raw|zhz2021's rating: 1539 &rarr; <strong>1517<\/strong><br \/>(-22 for losing)\n","uploadtime":1700408973,"views":12,"p1id":"daviron1","p2id":"zhz2021","formatid":"gen9vgc2023regulatione","rating":1517,"private":0,"password":""}