{"id":"gen9vgc2023regulatione-1994090262","p1":"pokesun1","p2":"5wamp","format":"[Gen 9] VGC 2023 Regulation E","log":"|j|\u2606pokesun1\n|j|\u26065wamp\n|n|\u2606pokesun1|pokesun1\n|n|\u26065wamp|5wamp\n|html|View the match progress at <a href=\"\/game-bestof3-gen9vgc2023regulatione-1994090261\">game-bestof3-gen9vgc2023regulatione-1994090261<\/a>\n|t:|1700405590\n|gametype|doubles\n|player|p1|pokesun1|lady-gen4|\n|player|p2|5wamp|carmine-festival|\n|teamsize|p1|6\n|teamsize|p2|6\n|gen|9\n|tier|[Gen 9] VGC 2023 Regulation E\n|rated|Tournament battle\n|rule|Species Clause: Limit one of each Pok\u00e9mon\n|rule|Item Clause: Limit one of each item\n|clearpoke\n|poke|p1|Ogerpon-Wellspring, L50, F|\n|poke|p1|Regieleki, L50|\n|poke|p1|Indeedee-F, L50, F|\n|poke|p1|Tornadus, L50, M|\n|poke|p1|Chi-Yu, L50|\n|poke|p1|Flutter Mane, L50|\n|poke|p2|Volcarona, L50, M|\n|poke|p2|Kingambit, L50, M|\n|poke|p2|Chien-Pao, L50|\n|poke|p2|Iron Hands, L50|\n|poke|p2|Landorus-Therian, L50, M|\n|poke|p2|Sinistcha, L50|\n|teampreview|4\n|showteam|p1|Ogerpon-Wellspring||WellspringMask|WaterAbsorb|IvyCudgel,HornLeech,SwordsDance,SpikyShield|||F|||50|,,,,,Water]Regieleki||Magnet|Transistor|Thunderbolt,Electroweb,TeraBlast,Protect||||||50|,,,,,Ice]Indeedee-F||PsychicSeed|PsychicSurge|Psychic,FollowMe,HelpingHand,Protect|||F|||50|,,,,,Dragon]Tornadus||SafetyGoggles|Prankster|BleakwindStorm,Tailwind,RainDance,Protect|||M|||50|,,,,,Dark]Chi-Yu||LifeOrb|BeadsofRuin|HeatWave,Overheat,Snarl,Protect||||||50|,,,,,Fire]Flutter Mane||FocusSash|Protosynthesis|DazzlingGleam,Moonblast,ShadowBall,Protect||||||50|,,,,,Fairy\n|showteam|p2|Volcarona||Leftovers|FlameBody|Protect,HeatWave,GigaDrain,QuiverDance|||M|||50|,,,,,Grass]Kingambit||BlackGlasses|Defiant|KowtowCleave,SuckerPunch,SwordsDance,Protect|||M|||50|,,,,,Poison]Chien-Pao||FocusSash|SwordofRuin|SuckerPunch,IceSpinner,SacredSword,Protect||||||50|,,,,,Ghost]Iron Hands||AssaultVest|QuarkDrive|DrainPunch,WildCharge,HeavySlam,FakeOut||||||50|,,,,,Fire]Landorus-Therian||ChoiceScarf|Intimidate|RockSlide,StompingTantrum,TeraBlast,Uturn|||M|||50|,,,,,Flying]Sinistcha||RockyHelmet|Hospitality|MatchaGotcha,StrengthSap,RagePowder,TrickRoom||||||50|,,,,,Fairy\n|c|\u26065wamp|yo\n|c|\u2606pokesun1|Bro\n|j|+TheLoanRanger\n|c|\u26065wamp|i need a win vs you lmao\n|c|\u26065wamp|glhf\n|c|\u2606pokesun1|Tf are you playing\n|c|\u26065wamp|paul ruiz's team\n|j| ClaritynKnarkare\n|l|+TheLoanRanger\n|c|\u2606pokesun1|Mmh\n|c|\u2606pokesun1|Glhf\n|j| O1OOO11O\n|c|\u26065wamp|u2\n|\n|t:|1700405674\n|start\n|switch|p1a: Regieleki|Regieleki, L50|100\/100\n|switch|p1b: Chi-Yu|Chi-Yu, L50|100\/100\n|switch|p2a: Volcarona|Volcarona, L50, M|100\/100\n|switch|p2b: Landorus|Landorus-Therian, L50, M|100\/100\n|-ability|p2b: Landorus|Intimidate|boost\n|-unboost|p1a: Regieleki|atk|1\n|-unboost|p1b: Chi-Yu|atk|1\n|-ability|p1b: Chi-Yu|Beads of Ruin\n|turn|1\n|j| godlyreal\n|l| O1OOO11O\n|\n|t:|1700405707\n|-terastallize|p1a: Regieleki|Ice\n|-terastallize|p2b: Landorus|Flying\n|move|p1a: Regieleki|Tera Blast|p2b: Landorus|[anim] Tera Blast Ice\n|-supereffective|p2b: Landorus\n|-damage|p2b: Landorus|7\/100\n|move|p2b: Landorus|Rock Slide|p1a: Regieleki|[spread] p1a,p1b\n|-supereffective|p1a: Regieleki\n|-supereffective|p1b: Chi-Yu\n|-damage|p1a: Regieleki|41\/100\n|-damage|p1b: Chi-Yu|33\/100\n|move|p1b: Chi-Yu|Overheat|p2a: Volcarona\n|-damage|p2a: Volcarona|0 fnt\n|-unboost|p1b: Chi-Yu|spa|2\n|faint|p2a: Volcarona\n|-damage|p1b: Chi-Yu|24\/100|[from] item: Life Orb\n|\n|upkeep\n|\n|t:|1700405722\n|switch|p2a: Chien-Pao|Chien-Pao, L50|100\/100\n|-ability|p2a: Chien-Pao|Sword of Ruin\n|turn|2\n|\n|t:|1700405750\n|switch|p2b: Iron Hands|Iron Hands, L50|100\/100\n|switch|p1b: Indeedee|Indeedee-F, L50, F|100\/100\n|-fieldstart|move: Psychic Terrain|[from] ability: Psychic Surge|[of] p1b: Indeedee\n|-enditem|p1b: Indeedee|Psychic Seed\n|-boost|p1b: Indeedee|spd|1|[from] item: Psychic Seed\n|move|p1a: Regieleki|Electroweb|p2a: Chien-Pao|[spread] p2a,p2b\n|-resisted|p2b: Iron Hands\n|-damage|p2a: Chien-Pao|55\/100\n|-damage|p2b: Iron Hands|93\/100\n|-unboost|p2a: Chien-Pao|spe|1\n|-unboost|p2b: Iron Hands|spe|1\n|move|p2a: Chien-Pao|Ice Spinner|p1b: Indeedee\n|-damage|p1b: Indeedee|49\/100\n|-fieldend|move: Psychic Terrain\n|\n|upkeep\n|turn|3\n|\n|t:|1700405769\n|move|p1a: Regieleki|Protect|p1a: Regieleki\n|-singleturn|p1a: Regieleki|Protect\n|move|p1b: Indeedee|Protect|p1b: Indeedee\n|-singleturn|p1b: Indeedee|Protect\n|move|p2b: Iron Hands|Fake Out|p1b: Indeedee\n|-activate|p1b: Indeedee|move: Protect\n|move|p2a: Chien-Pao|Sucker Punch||[still]\n|-fail|p2a: Chien-Pao\n|\n|upkeep\n|turn|4\n|j| FunneeMonkee\n|\n|t:|1700405784\n|switch|p1b: Chi-Yu|Chi-Yu, L50|24\/100\n|-ability|p1b: Chi-Yu|Beads of Ruin\n|move|p1a: Regieleki|Thunderbolt|p2a: Chien-Pao\n|-damage|p2a: Chien-Pao|0 fnt\n|faint|p2a: Chien-Pao\n|move|p2b: Iron Hands|Drain Punch|p1a: Regieleki\n|-supereffective|p1a: Regieleki\n|-damage|p1a: Regieleki|0 fnt\n|-heal|p2b: Iron Hands|100\/100|[from] drain|[of] p1a: Regieleki\n|faint|p1a: Regieleki\n|\n|upkeep\n|\n|t:|1700405798\n|switch|p1a: Indeedee|Indeedee-F, L50, F|49\/100\n|switch|p2a: Landorus|Landorus-Therian, L50, M, tera:Flying|7\/100\n|-ability|p2a: Landorus|Intimidate|boost\n|-unboost|p1a: Indeedee|atk|1\n|-unboost|p1b: Chi-Yu|atk|1\n|-fieldstart|move: Psychic Terrain|[from] ability: Psychic Surge|[of] p1a: Indeedee\n|turn|5\n|j| krilljoy\n|\n|t:|1700405819\n|move|p1b: Chi-Yu|Protect|p1b: Chi-Yu\n|-singleturn|p1b: Chi-Yu|Protect\n|move|p2a: Landorus|Tera Blast|p1b: Chi-Yu|[anim] Tera Blast Flying\n|-activate|p1b: Chi-Yu|move: Protect\n|move|p1a: Indeedee|Psychic|p2a: Landorus\n|-damage|p2a: Landorus|0 fnt\n|faint|p2a: Landorus\n|move|p2b: Iron Hands|Drain Punch|p1a: Indeedee\n|-damage|p1a: Indeedee|5\/100\n|\n|upkeep\n|turn|6\n|c|\u26065wamp|WP\n|\n|t:|1700405831\n|move|p1b: Chi-Yu|Overheat|p2b: Iron Hands\n|-damage|p2b: Iron Hands|33\/100\n|-unboost|p1b: Chi-Yu|spa|2\n|-damage|p1b: Chi-Yu|14\/100|[from] item: Life Orb\n|move|p1a: Indeedee|Psychic|p2b: Iron Hands\n|-supereffective|p2b: Iron Hands\n|-damage|p2b: Iron Hands|0 fnt\n|faint|p2b: Iron Hands\n|-end|p2b: Iron Hands|Quark Drive|[silent]\n|\n|win|pokesun1\n|c|&|\/uhtml prompt-5wamp,5wamp is ready for game 2!\n|c|\u2606pokesun1|Gg\n|c|&|\/uhtml prompt-pokesun1,pokesun1 is ready for game 2!\nBoth players are ready! Starting next match!\n|l| FunneeMonkee\n|l| krilljoy\n","uploadtime":1700406181,"views":6,"p1id":"pokesun1","p2id":"5wamp","formatid":"gen9vgc2023regulatione","rating":0,"private":0,"password":""}