{"id":"gen9vgc2023regulatione-1990624573","p1":"UnderratedBanana","p2":"DoggoGGO","format":"[Gen 9] VGC 2023 Regulation E","log":"|j|\u2606UnderratedBanana\n|j|\u2606DoggoGGO\n|t:|1699986667\n|gametype|doubles\n|player|p1|UnderratedBanana|psychic|1215\n|player|p2|DoggoGGO|pokemonrangerf|1111\n|teamsize|p1|6\n|teamsize|p2|6\n|gen|9\n|tier|[Gen 9] VGC 2023 Regulation E\n|rated|\n|rule|Species Clause: Limit one of each Pok\u00e9mon\n|rule|Item Clause: Limit one of each item\n|clearpoke\n|poke|p1|Landorus-Therian, L50, M|\n|poke|p1|Urshifu-*, L50, M|\n|poke|p1|Flutter Mane, L50|\n|poke|p1|Chien-Pao, L50|\n|poke|p1|Amoonguss, L50, M|\n|poke|p1|Iron Hands, L50|\n|poke|p2|Ninetales, L50, F|\n|poke|p2|Flutter Mane, L50|\n|poke|p2|Roaring Moon, L50|\n|poke|p2|Talonflame, L50, F|\n|poke|p2|Ogerpon-Hearthflame, L50, F|\n|poke|p2|Cresselia, L50, F|\n|teampreview|4\nUnderratedBanana has agreed to open team sheets.\n|\n|t:|1699986704\n|start\n|switch|p1a: Landorus|Landorus-Therian, L50, M|100\/100\n|switch|p1b: Iron Hands|Iron Hands, L50|100\/100\n|switch|p2a: One Job|Ninetales, L50, F|100\/100\n|switch|p2b: OU|Flutter Mane, L50|100\/100\n|-ability|p1a: Landorus|Intimidate|boost\n|-unboost|p2a: One Job|atk|1\n|-unboost|p2b: OU|atk|1\n|-weather|SunnyDay|[from] ability: Drought|[of] p2a: One Job\n|-activate|p2b: OU|ability: Protosynthesis\n|-start|p2b: OU|protosynthesisspe\n|turn|1\n|c|\u2606UnderratedBanana|bruh\n|c|\u2606UnderratedBanana|this mf has the wrong moveset lmao\n|\n|t:|1699986745\n|move|p2a: One Job|Protect|p2a: One Job\n|-singleturn|p2a: One Job|Protect\n|move|p1a: Landorus|Protect|p1a: Landorus\n|-singleturn|p1a: Landorus|Protect\n|move|p2b: OU|Shadow Ball|p1a: Landorus\n|-activate|p1a: Landorus|move: Protect\n|move|p1b: Iron Hands|Wild Charge|p2b: OU\n|-damage|p2b: OU|0 fnt\n|faint|p2b: OU\n|-end|p2b: OU|Protosynthesis|[silent]\n|-damage|p1b: Iron Hands|87\/100|[from] Recoil\n|\n|-weather|SunnyDay|[upkeep]\n|upkeep\n|\n|t:|1699986762\n|switch|p2b: OU2|Ogerpon-Hearthflame, L50, F|100\/100\n|-ability|p2b: OU2|Mold Breaker\n|turn|2\n|\n|t:|1699986800\n|switch|p1a: Flutter Mane|Flutter Mane, L50|100\/100\n|-activate|p1a: Flutter Mane|ability: Protosynthesis\n|-start|p1a: Flutter Mane|protosynthesisspe\n|-terastallize|p2b: OU2|Fire\n|detailschange|p2b: OU2|Ogerpon-Hearthflame-Tera, L50, F, tera:Fire\n|-ability|p2b: OU2|Embody Aspect (Hearthflame)|boost\n|-boost|p2b: OU2|atk|1\n|move|p2b: OU2|Ivy Cudgel|p1a: Flutter Mane|[anim] Ivy Cudgel Fire\n|-damage|p1a: Flutter Mane|0 fnt\n|faint|p1a: Flutter Mane\n|-end|p1a: Flutter Mane|Protosynthesis|[silent]\n|move|p2a: One Job|Will-O-Wisp|p1b: Iron Hands\n|-status|p1b: Iron Hands|brn\n|move|p1b: Iron Hands|Drain Punch|p2b: OU2\n|-damage|p2b: OU2|71\/100\n|-heal|p1b: Iron Hands|96\/100 brn|[from] drain|[of] p2b: OU2\n|\n|-weather|SunnyDay|[upkeep]\n|-damage|p1b: Iron Hands|90\/100 brn|[from] brn\n|upkeep\n|\n|t:|1699986818\n|switch|p1a: Urshifu|Urshifu-Rapid-Strike, L50, M|100\/100\n|turn|3\n|\n|t:|1699986840\n|move|p2b: OU2|Spiky Shield|p2b: OU2\n|-singleturn|p2b: OU2|move: Protect\n|move|p1a: Urshifu|Protect|p1a: Urshifu\n|-singleturn|p1a: Urshifu|Protect\n|move|p2a: One Job|Protect|p2a: One Job\n|-singleturn|p2a: One Job|Protect\n|move|p1b: Iron Hands|Wild Charge|p2b: OU2\n|-activate|p2b: OU2|move: Protect\n|-damage|p1b: Iron Hands|78\/100 brn|[from] Spiky Shield|[of] p2b: OU2\n|\n|-weather|SunnyDay|[upkeep]\n|-damage|p1b: Iron Hands|71\/100 brn|[from] brn\n|upkeep\n|turn|4\n|\n|t:|1699986881\n|switch|p2a: Nuisance|Cresselia, L50, F|100\/100\n|move|p2b: OU2|Wood Hammer|p1a: Urshifu\n|-supereffective|p1a: Urshifu\n|-damage|p1a: Urshifu|0 fnt\n|faint|p1a: Urshifu\n|-damage|p2b: OU2|33\/100|[from] Recoil\n|move|p1b: Iron Hands|Volt Switch|p2a: Nuisance\n|-damage|p2a: Nuisance|91\/100\n|\n|t:|1699986891\n|-end|p1b: Iron Hands|Quark Drive|[silent]\n|switch|p1b: Landorus|Landorus-Therian, L50, M|100\/100|[from] Volt Switch\n|-ability|p1b: Landorus|Intimidate|boost\n|-unboost|p2a: Nuisance|atk|1\n|-unboost|p2b: OU2|atk|1\n|\n|-weather|SunnyDay|[upkeep]\n|-heal|p2a: Nuisance|97\/100|[from] item: Leftovers\n|upkeep\n|\n|t:|1699986897\n|switch|p1a: Iron Hands|Iron Hands, L50|71\/100 brn\n|turn|5\n|\n|t:|1699986916\n|move|p2b: OU2|Spiky Shield|p2b: OU2\n|-singleturn|p2b: OU2|move: Protect\n|move|p1a: Iron Hands|Fake Out|p2b: OU2\n|-activate|p2b: OU2|move: Protect\n|-damage|p1a: Iron Hands|59\/100 brn|[from] Spiky Shield|[of] p2b: OU2\n|move|p1b: Landorus|U-turn|p2a: Nuisance\n|-supereffective|p2a: Nuisance\n|-damage|p2a: Nuisance|70\/100\n|move|p2a: Nuisance|Lunar Blessing|p2a: Nuisance|[spread] p2a,p2b\n|-heal|p2a: Nuisance|95\/100\n|-heal|p2b: OU2|58\/100\n|\n|-weather|SunnyDay|[upkeep]\n|-heal|p2a: Nuisance|100\/100|[from] item: Leftovers\n|-damage|p1a: Iron Hands|53\/100 brn|[from] brn\n|upkeep\n|turn|6\n|\n|t:|1699986943\n|-terastallize|p1b: Landorus|Flying\n|move|p2a: Nuisance|Ally Switch|p2a: Nuisance\n|swap|p2a: Nuisance|1|[from] move: Ally Switch\n|move|p2a: OU2|Ivy Cudgel|p1a: Iron Hands|[anim] Ivy Cudgel Fire\n|-damage|p1a: Iron Hands|0 fnt\n|faint|p1a: Iron Hands\n|-end|p1a: Iron Hands|Quark Drive|[silent]\n|move|p1b: Landorus|Tera Blast|p2b: Nuisance|[anim] Tera Blast Flying\n|-damage|p2b: Nuisance|66\/100\n|\n|-weather|SunnyDay|[upkeep]\n|-heal|p2b: Nuisance|72\/100|[from] item: Leftovers\n|upkeep\n|turn|7\n|\n|t:|1699986959\n|move|p2a: OU2|Ivy Cudgel|p1b: Landorus|[anim] Ivy Cudgel Fire\n|-damage|p1b: Landorus|0 fnt\n|faint|p1b: Landorus\n|\n|win|DoggoGGO\n|raw|UnderratedBanana's rating: 1215 &rarr; <strong>1183<\/strong><br \/>(-32 for losing)\n|raw|DoggoGGO's rating: 1111 &rarr; <strong>1143<\/strong><br \/>(+32 for winning)\n|l|\u2606UnderratedBanana\n","uploadtime":1699986967,"views":7,"p1id":"underratedbanana","p2id":"doggoggo","formatid":"gen9vgc2023regulatione","rating":1143,"private":0,"password":""}