{"id":"gen9vgc2023regulatione-1997517411","p1":"Starest","p2":"esteesminame","format":"[Gen 9] VGC 2023 Regulation E","log":"|j|\u2606Starest\n|j|\u2606esteesminame\n|t:|1700818893\n|gametype|doubles\n|player|p1|Starest|1|1164\n|player|p2|esteesminame|1|1178\n|teamsize|p1|6\n|teamsize|p2|6\n|gen|9\n|tier|[Gen 9] VGC 2023 Regulation E\n|rated|\n|rule|Species Clause: Limit one of each Pok\u00e9mon\n|rule|Item Clause: Limit one of each item\n|clearpoke\n|poke|p1|Flutter Mane, L50|\n|poke|p1|Dondozo, L50, F|\n|poke|p1|Tatsugiri, L50, M|\n|poke|p1|Urshifu-*, L50, M|\n|poke|p1|Heatran, L50, F|\n|poke|p1|Rillaboom, L50, F|\n|poke|p2|Iron Hands, L50|\n|poke|p2|Arcanine-Hisui, L50, F|\n|poke|p2|Amoonguss, L50, M|\n|poke|p2|Chien-Pao, L50|\n|poke|p2|Tornadus, L50, M|\n|poke|p2|Rillaboom, L50, F|\n|teampreview|4\n|inactive|Battle timer is ON: inactive players will automatically lose when time's up. (requested by esteesminame)\n|inactive|Starest has 60 seconds left.\n|inactive|Starest has 30 seconds left.\n|\n|t:|1700818958\n|start\n|switch|p1a: Rillaboom|Rillaboom, L50, F, shiny|100\/100\n|switch|p1b: Urshifu|Urshifu-Rapid-Strike, L50, M|100\/100\n|switch|p2a: Iron Hands|Iron Hands, L50|100\/100\n|switch|p2b: Chien-Pao|Chien-Pao, L50|100\/100\n|-ability|p2b: Chien-Pao|Sword of Ruin\n|-fieldstart|move: Grassy Terrain|[from] ability: Grassy Surge|[of] p1a: Rillaboom\n|turn|1\n|inactive|Starest has 30 seconds left.\n|\n|t:|1700818986\n|switch|p2b: Amoonguss|Amoonguss, L50, M|100\/100\n|-terastallize|p1b: Urshifu|Water\n|move|p1a: Rillaboom|Fake Out|p2a: Iron Hands\n|-damage|p2a: Iron Hands|91\/100\n|move|p1b: Urshifu|Surging Strikes|p2b: Amoonguss\n|-resisted|p2b: Amoonguss\n|-crit|p2b: Amoonguss\n|-damage|p2b: Amoonguss|90\/100\n|-damage|p1b: Urshifu|84\/100|[from] item: Rocky Helmet|[of] p2b: Amoonguss\n|-resisted|p2b: Amoonguss\n|-crit|p2b: Amoonguss\n|-damage|p2b: Amoonguss|80\/100\n|-damage|p1b: Urshifu|68\/100|[from] item: Rocky Helmet|[of] p2b: Amoonguss\n|-resisted|p2b: Amoonguss\n|-crit|p2b: Amoonguss\n|-damage|p2b: Amoonguss|70\/100\n|-damage|p1b: Urshifu|51\/100|[from] item: Rocky Helmet|[of] p2b: Amoonguss\n|-hitcount|p2b: Amoonguss|3\n|cant|p2a: Iron Hands|flinch\n|\n|-heal|p1b: Urshifu|57\/100|[from] Grassy Terrain\n|-heal|p2a: Iron Hands|97\/100|[from] Grassy Terrain\n|-heal|p2b: Amoonguss|76\/100|[from] Grassy Terrain\n|upkeep\n|turn|2\n|inactive|Starest has 30 seconds left.\n|inactive|esteesminame has 30 seconds left.\n|inactive|Starest has 20 seconds left.\n|inactive|Starest has 15 seconds left.\n|inactive|Starest has 10 seconds left.\n|inactive|Starest has 5 seconds left.\n|\n|t:|1700819036\n|switch|p1b: Flutter Mane|Flutter Mane, L50|100\/100\n|move|p2b: Amoonguss|Rage Powder|p2b: Amoonguss\n|-singleturn|p2b: Amoonguss|move: Rage Powder\n|move|p1a: Rillaboom|Drum Beating|p2a: Iron Hands\n|-damage|p2a: Iron Hands|59\/100\n|-unboost|p2a: Iron Hands|spe|1\n|move|p2a: Iron Hands|Wild Charge|p1b: Flutter Mane\n|-enditem|p1b: Flutter Mane|Focus Sash\n|-damage|p1b: Flutter Mane|1\/100\n|-damage|p2a: Iron Hands|45\/100|[from] Recoil\n|\n|-heal|p1b: Flutter Mane|7\/100|[from] Grassy Terrain\n|-heal|p2a: Iron Hands|51\/100|[from] Grassy Terrain\n|-heal|p2b: Amoonguss|82\/100|[from] Grassy Terrain\n|upkeep\n|turn|3\n|inactive|esteesminame has 30 seconds left.\n|\n|t:|1700819064\n|move|p1b: Flutter Mane|Protect|p1b: Flutter Mane\n|-singleturn|p1b: Flutter Mane|Protect\n|move|p1a: Rillaboom|Drum Beating|p2a: Iron Hands\n|-damage|p2a: Iron Hands|17\/100\n|-unboost|p2a: Iron Hands|spe|1\n|move|p2b: Amoonguss|Pollen Puff|p1b: Flutter Mane\n|-activate|p1b: Flutter Mane|move: Protect\n|move|p2a: Iron Hands|Volt Switch|p1b: Flutter Mane\n|-activate|p1b: Flutter Mane|move: Protect\n|\n|-heal|p1b: Flutter Mane|13\/100|[from] Grassy Terrain\n|-heal|p2b: Amoonguss|88\/100|[from] Grassy Terrain\n|-heal|p2a: Iron Hands|23\/100|[from] Grassy Terrain\n|upkeep\n|turn|4\n|inactive|Starest has 30 seconds left.\n|inactive|esteesminame has 30 seconds left.\n|inactive|esteesminame has 20 seconds left.\n|inactive|esteesminame has 15 seconds left.\n|\n|t:|1700819105\n|move|p1b: Flutter Mane|Shadow Ball|p2a: Iron Hands\n|-damage|p2a: Iron Hands|1\/100\n|move|p1a: Rillaboom|Drum Beating|p2a: Iron Hands\n|-damage|p2a: Iron Hands|0 fnt\n|faint|p2a: Iron Hands\n|-end|p2a: Iron Hands|Quark Drive|[silent]\n|move|p2b: Amoonguss|Pollen Puff|p1b: Flutter Mane\n|-resisted|p1b: Flutter Mane\n|-damage|p1b: Flutter Mane|8\/100\n|\n|-heal|p1b: Flutter Mane|14\/100|[from] Grassy Terrain\n|-heal|p2b: Amoonguss|94\/100|[from] Grassy Terrain\n|upkeep\n|\n|t:|1700819124\n|switch|p2a: Arcanine|Arcanine-Hisui, L50, F|100\/100\n|-ability|p2a: Arcanine|Intimidate|boost\n|-unboost|p1a: Rillaboom|atk|1\n|-unboost|p1b: Flutter Mane|atk|1\n|turn|5\n|inactive|esteesminame has 30 seconds left.\n|\n|t:|1700819151\n|switch|p1a: Heatran|Heatran, L50, F|100\/100\n|-terastallize|p2a: Arcanine|Normal\n|move|p1b: Flutter Mane|Protect|p1b: Flutter Mane\n|-singleturn|p1b: Flutter Mane|Protect\n|move|p2a: Arcanine|Flare Blitz|p1a: Heatran\n|-start|p1a: Heatran|ability: Flash Fire\n|move|p2b: Amoonguss|Pollen Puff|p2a: Arcanine\n|-immune|p2a: Arcanine\n|\n|-heal|p1b: Flutter Mane|20\/100|[from] Grassy Terrain\n|-heal|p2b: Amoonguss|99\/100|[from] Grassy Terrain\n|-fieldend|move: Grassy Terrain\n|upkeep\n|turn|6\n|\n|t:|1700819171\n|move|p1b: Flutter Mane|Moonblast|p2a: Arcanine\n|-damage|p2a: Arcanine|52\/100\n|-unboost|p2a: Arcanine|spa|1\n|move|p2a: Arcanine|Flare Blitz|p1b: Flutter Mane\n|-damage|p1b: Flutter Mane|0 fnt\n|faint|p1b: Flutter Mane\n|-end|p1b: Flutter Mane|Protosynthesis|[silent]\n|-damage|p2a: Arcanine|47\/100|[from] Recoil\n|move|p1a: Heatran|Heat Wave|p2a: Arcanine|[spread] p2a,p2b\n|-supereffective|p2b: Amoonguss\n|-damage|p2a: Arcanine|0 fnt\n|-damage|p2b: Amoonguss|0 fnt\n|faint|p2a: Arcanine\n|faint|p2b: Amoonguss\n|\n|upkeep\n|\n|t:|1700819187\n|switch|p1b: Rillaboom|Rillaboom, L50, F, shiny|100\/100\n|switch|p2a: Chien-Pao|Chien-Pao, L50|100\/100\n|-ability|p2a: Chien-Pao|Sword of Ruin\n|-fieldstart|move: Grassy Terrain|[from] ability: Grassy Surge|[of] p1b: Rillaboom\n|turn|7\n|\n|t:|1700819194\n|move|p2a: Chien-Pao|Protect|p2a: Chien-Pao\n|-singleturn|p2a: Chien-Pao|Protect\n|move|p1b: Rillaboom|Fake Out|p2a: Chien-Pao\n|-activate|p2a: Chien-Pao|move: Protect\n|move|p1a: Heatran|Heat Wave|p2a: Chien-Pao\n|-activate|p2a: Chien-Pao|move: Protect\n|\n|upkeep\n|turn|8\n|\n|t:|1700819205\n|move|p2a: Chien-Pao|Sacred Sword|p1a: Heatran\n|-supereffective|p1a: Heatran\n|-damage|p1a: Heatran|24\/100\n|move|p1b: Rillaboom|Knock Off|p2a: Chien-Pao\n|-resisted|p2a: Chien-Pao\n|-crit|p2a: Chien-Pao\n|-damage|p2a: Chien-Pao|65\/100\n|-enditem|p2a: Chien-Pao|Focus Sash|[from] move: Knock Off|[of] p1b: Rillaboom\n|move|p1a: Heatran|Heat Wave|p2a: Chien-Pao\n|-supereffective|p2a: Chien-Pao\n|-damage|p2a: Chien-Pao|0 fnt\n|faint|p2a: Chien-Pao\n|\n|win|Starest\n|raw|Starest's rating: 1164 &rarr; <strong>1190<\/strong><br \/>(+26 for winning)\n|raw|esteesminame's rating: 1178 &rarr; <strong>1152<\/strong><br \/>(-26 for losing)\n|l|\u2606esteesminame\n","uploadtime":1700819229,"views":5,"p1id":"starest","p2id":"esteesminame","formatid":"gen9vgc2023regulatione","rating":1152,"private":0,"password":""}