{"id":"gen9vgc2023regulatione-1996784464","p1":"trelorockas","p2":"JohanDK","format":"[Gen 9] VGC 2023 Regulation E","log":"|j|\u2606trelorockas\n|j|\u2606JohanDK\n|t:|1700724805\n|gametype|doubles\n|player|p1|trelorockas|lucas|1421\n|player|p2|JohanDK|nate|1501\n|teamsize|p1|6\n|teamsize|p2|6\n|gen|9\n|tier|[Gen 9] VGC 2023 Regulation E\n|rated|\n|rule|Species Clause: Limit one of each Pok\u00e9mon\n|rule|Item Clause: Limit one of each item\n|clearpoke\n|poke|p1|Garchomp, L50, F|\n|poke|p1|Kingambit, L50, F|\n|poke|p1|Arcanine-Hisui, L50, F|\n|poke|p1|Flutter Mane, L50|\n|poke|p1|Tornadus, L50, M|\n|poke|p1|Ogerpon-Wellspring, L50, F|\n|poke|p2|Grimmsnarl, L50, M|\n|poke|p2|Goodra-Hisui, L50, F|\n|poke|p2|Moltres-Galar, L50|\n|poke|p2|Landorus-Therian, L50, M|\n|poke|p2|Sinistcha-Masterpiece, L50|\n|poke|p2|Ting-Lu, L50|\n|teampreview|4\n|inactive|Battle timer is ON: inactive players will automatically lose when time's up. (requested by trelorockas)\n|inactive|JohanDK has 60 seconds left.\n|inactive|trelorockas has 60 seconds left.\n|\n|t:|1700724859\n|start\n|switch|p1a: Ogerpon|Ogerpon-Wellspring, L50, F|100\/100\n|switch|p1b: Arcanine|Arcanine-Hisui, L50, F|100\/100\n|switch|p2a: Molcajete|Ting-Lu, L50|100\/100\n|switch|p2b: Krampus|Grimmsnarl, L50, M, shiny|100\/100\n|-ability|p1b: Arcanine|Intimidate|boost\n|-unboost|p2a: Molcajete|atk|1\n|-unboost|p2b: Krampus|atk|1\n|-ability|p2a: Molcajete|Vessel of Ruin\n|turn|1\n|inactive|JohanDK has 30 seconds left.\n|\n|t:|1700724885\n|move|p2b: Krampus|Reflect|p2b: Krampus\n|-sidestart|p2: JohanDK|Reflect\n|move|p1a: Ogerpon|Ivy Cudgel|p2b: Krampus|[anim] Ivy Cudgel Water\n|-damage|p2b: Krampus|66\/100\n|move|p1b: Arcanine|Flare Blitz|p2b: Krampus\n|-damage|p2b: Krampus|4\/100\n|-status|p2b: Krampus|brn\n|-damage|p1b: Arcanine|77\/100|[from] Recoil\n|move|p2a: Molcajete|Sand Tomb|p1b: Arcanine\n|-supereffective|p1b: Arcanine\n|-damage|p1b: Arcanine|28\/100\n|-activate|p1b: Arcanine|move: Sand Tomb|[of] p2a: Molcajete\n|\n|-damage|p2b: Krampus|0 fnt|[from] brn\n|faint|p2b: Krampus\n|-damage|p1b: Arcanine|15\/100|[from] move: Sand Tomb|[partiallytrapped]\n|upkeep\n|\n|t:|1700724904\n|switch|p2b: Caracol|Goodra-Hisui, L50, F|100\/100\n|turn|2\n|\n|t:|1700724913\n|move|p1a: Ogerpon|Ivy Cudgel|p2a: Molcajete|[anim] Ivy Cudgel Water\n|-supereffective|p2a: Molcajete\n|-damage|p2a: Molcajete|58\/100\n|move|p1b: Arcanine|Flare Blitz|p2a: Molcajete\n|-damage|p2a: Molcajete|21\/100\n|-damage|p1b: Arcanine|0 fnt|[from] Recoil\n|faint|p1b: Arcanine\n|move|p2b: Caracol|Acid Armor|p2b: Caracol\n|-boost|p2b: Caracol|def|2\n|move|p2a: Molcajete|Ruination|p1a: Ogerpon\n|-damage|p1a: Ogerpon|51\/100\n|\n|upkeep\n|\n|t:|1700724934\n|switch|p1b: Flutter Mane|Flutter Mane, L50|100\/100\n|-enditem|p1b: Flutter Mane|Booster Energy\n|-activate|p1b: Flutter Mane|ability: Protosynthesis|[fromitem]\n|-start|p1b: Flutter Mane|protosynthesisspe\n|turn|3\n|\n|t:|1700724949\n|switch|p1a: Garchomp|Garchomp, L50, F|100\/100\n|move|p1b: Flutter Mane|Dazzling Gleam|p2b: Caracol|[spread] p2a,p2b\n|-supereffective|p2a: Molcajete\n|-damage|p2a: Molcajete|1\/100\n|-damage|p2b: Caracol|86\/100\n|move|p2b: Caracol|Heavy Slam|p1b: Flutter Mane\n|-supereffective|p1b: Flutter Mane\n|-damage|p1b: Flutter Mane|0 fnt\n|faint|p1b: Flutter Mane\n|-end|p1b: Flutter Mane|Protosynthesis|[silent]\n|move|p2a: Molcajete|Stomping Tantrum|p1a: Garchomp\n|-damage|p1a: Garchomp|76\/100\n|-damage|p2a: Molcajete|0 fnt|[from] ability: Rough Skin|[of] p1a: Garchomp\n|faint|p2a: Molcajete\n|\n|-heal|p2b: Caracol|91\/100|[from] item: Leftovers\n|upkeep\n|\n|t:|1700724967\n|switch|p1b: Ogerpon|Ogerpon-Wellspring, L50, F|51\/100\n|switch|p2a: Yveltalcito|Moltres-Galar, L50|100\/100\n|turn|4\n|\n|t:|1700724986\n|move|p1a: Garchomp|Swords Dance|p1a: Garchomp\n|-boost|p1a: Garchomp|atk|2\n|move|p1b: Ogerpon|Ivy Cudgel|p2a: Yveltalcito|[anim] Ivy Cudgel Water\n|-damage|p2a: Yveltalcito|64\/100\n|move|p2a: Yveltalcito|Fiery Wrath|p1a: Garchomp|[spread] p1a,p1b\n|-damage|p1a: Garchomp|43\/100\n|-damage|p1b: Ogerpon|25\/100\n|-enditem|p1a: Garchomp|Sitrus Berry|[eat]\n|-heal|p1a: Garchomp|68\/100|[from] item: Sitrus Berry\n|move|p2b: Caracol|Body Press|p1b: Ogerpon\n|-damage|p1b: Ogerpon|0 fnt\n|faint|p1b: Ogerpon\n|\n|-heal|p2b: Caracol|97\/100|[from] item: Leftovers\n|upkeep\n|turn|5\n|\n|t:|1700725008\n|move|p1a: Garchomp|Dragon Claw|p2a: Yveltalcito\n|-crit|p2a: Yveltalcito\n|-damage|p2a: Yveltalcito|0 fnt\n|faint|p2a: Yveltalcito\n|move|p2b: Caracol|Body Press|p1a: Garchomp\n|-damage|p1a: Garchomp|22\/100\n|-damage|p2b: Caracol|85\/100|[from] ability: Rough Skin|[of] p1a: Garchomp\n|\n|-heal|p2b: Caracol|91\/100|[from] item: Leftovers\n|upkeep\n|turn|6\n|\n|t:|1700725022\n|move|p1a: Garchomp|Earthquake|p2b: Caracol\n|-supereffective|p2b: Caracol\n|-damage|p2b: Caracol|39\/100\n|move|p2b: Caracol|Body Press|p1a: Garchomp\n|-damage|p1a: Garchomp|0 fnt\n|-damage|p2b: Caracol|27\/100|[from] ability: Rough Skin|[of] p1a: Garchomp\n|faint|p1a: Garchomp\n|\n|win|JohanDK\n|raw|trelorockas's rating: 1421 &rarr; <strong>1406<\/strong><br \/>(-15 for losing)\n|raw|JohanDK's rating: 1501 &rarr; <strong>1516<\/strong><br \/>(+15 for winning)\n|l|\u2606trelorockas\n","uploadtime":1700725040,"views":2,"p1id":"trelorockas","p2id":"johandk","formatid":"gen9vgc2023regulatione","rating":1406,"private":0,"password":""}