{"id":"gen9vgc2023regulatione-1992663838","p1":"reecemachine","p2":"Wakawakawakaman","format":"[Gen 9] VGC 2023 Regulation E","log":"|j|\u2606reecemachine\n|j|\u2606Wakawakawakaman\n|t:|1700222278\n|gametype|doubles\n|player|p1|reecemachine|rocketgrunt|1239\n|player|p2|Wakawakawakaman|rosa|1284\n|teamsize|p1|6\n|teamsize|p2|6\n|gen|9\n|tier|[Gen 9] VGC 2023 Regulation E\n|rated|\n|rule|Species Clause: Limit one of each Pok\u00e9mon\n|rule|Item Clause: Limit one of each item\n|clearpoke\n|poke|p1|Iron Hands, L50|\n|poke|p1|Tornadus, L50, M|\n|poke|p1|Urshifu-*, L50, M|\n|poke|p1|Chi-Yu, L50|\n|poke|p1|Farigiraf, L50, M|\n|poke|p1|Sinistcha-Masterpiece, L50|\n|poke|p2|Iron Hands, L50|\n|poke|p2|Landorus-Therian, L50, M|\n|poke|p2|Heatran, L50, M|\n|poke|p2|Flutter Mane, L50|\n|poke|p2|Amoonguss, L50, M|\n|poke|p2|Kingambit, L50, M|\n|teampreview|4\n|inactive|Battle timer is ON: inactive players will automatically lose when time's up. (requested by Wakawakawakaman)\nWakawakawakaman has agreed to open team sheets.\n|inactive|reecemachine has 60 seconds left.\n|inactive|Wakawakawakaman has 60 seconds left.\n|\n|t:|1700222316\n|start\n|switch|p1a: Farigiraf|Farigiraf, L50, M|100\/100\n|switch|p1b: Urshifu|Urshifu-Rapid-Strike, L50, M|100\/100\n|switch|p2a: Flutter Mane|Flutter Mane, L50|100\/100\n|switch|p2b: Amoonguss|Amoonguss, L50, M|100\/100\n|turn|1\n|\n|t:|1700222340\n|move|p1b: Urshifu|Detect|p1b: Urshifu\n|-singleturn|p1b: Urshifu|Protect\n|move|p2a: Flutter Mane|Moonblast|p1b: Urshifu\n|-activate|p1b: Urshifu|move: Protect\n|move|p1a: Farigiraf|Nasty Plot|p1a: Farigiraf\n|-boost|p1a: Farigiraf|spa|2\n|move|p2b: Amoonguss|Spore|p1a: Farigiraf\n|-status|p1a: Farigiraf|slp|[from] move: Spore\n|\n|upkeep\n|turn|2\n|\n|t:|1700222363\n|move|p2a: Flutter Mane|Moonblast|p1b: Urshifu\n|-supereffective|p1b: Urshifu\n|-enditem|p1b: Urshifu|Focus Sash\n|-damage|p1b: Urshifu|1\/100\n|-unboost|p1b: Urshifu|spa|1\n|move|p1b: Urshifu|Surging Strikes|p2a: Flutter Mane\n|-crit|p2a: Flutter Mane\n|-damage|p2a: Flutter Mane|70\/100\n|-crit|p2a: Flutter Mane\n|-damage|p2a: Flutter Mane|36\/100\n|-crit|p2a: Flutter Mane\n|-damage|p2a: Flutter Mane|4\/100\n|-hitcount|p2a: Flutter Mane|3\n|cant|p1a: Farigiraf|slp\n|move|p2b: Amoonguss|Pollen Puff|p1a: Farigiraf\n|-supereffective|p1a: Farigiraf\n|-damage|p1a: Farigiraf|69\/100 slp\n|\n|upkeep\n|turn|3\n|inactive|Wakawakawakaman has 30 seconds left.\n|inactive|Wakawakawakaman has 20 seconds left.\n|\n|t:|1700222398\n|-end|p2a: Flutter Mane|Protosynthesis|[silent]\n|switch|p2a: Kingambit|Kingambit, L50, M|100\/100\n|move|p1b: Urshifu|Aqua Jet|p2a: Kingambit\n|-damage|p2a: Kingambit|86\/100\n|cant|p1a: Farigiraf|slp\n|move|p2b: Amoonguss|Pollen Puff|p1b: Urshifu\n|-resisted|p1b: Urshifu\n|-damage|p1b: Urshifu|0 fnt\n|faint|p1b: Urshifu\n|\n|upkeep\n|\n|t:|1700222411\n|switch|p1b: Chi-Yu|Chi-Yu, L50|100\/100\n|-ability|p1b: Chi-Yu|Beads of Ruin\n|turn|4\n|\n|t:|1700222435\n|switch|p2a: Iron Hands|Iron Hands, L50|100\/100\n|-terastallize|p1b: Chi-Yu|Fire\n|-terastallize|p2b: Amoonguss|Water\n|move|p1b: Chi-Yu|Heat Wave|p2a: Iron Hands|[spread] p2a,p2b\n|-crit|p2a: Iron Hands\n|-resisted|p2b: Amoonguss\n|-damage|p2a: Iron Hands|1\/100\n|-damage|p2b: Amoonguss|46\/100\n|-curestatus|p1a: Farigiraf|slp|[msg]\n|move|p1a: Farigiraf|Psychic|p2b: Amoonguss\n|-damage|p2b: Amoonguss|0 fnt\n|faint|p2b: Amoonguss\n|\n|upkeep\n|\n|t:|1700222458\n|switch|p2b: Flutter Mane|Flutter Mane, L50|4\/100\n|turn|5\n|\n|t:|1700222474\n|switch|p1b: Sinistcha|Sinistcha-Masterpiece, L50|100\/100\n|-heal|p1a: Farigiraf|93\/100|[from] ability: Hospitality|[of] p1b: Sinistcha\n|move|p2b: Flutter Mane|Moonblast|p1a: Farigiraf\n|-damage|p1a: Farigiraf|43\/100\n|-enditem|p1a: Farigiraf|Sitrus Berry|[eat]\n|-heal|p1a: Farigiraf|67\/100|[from] item: Sitrus Berry\n|move|p2a: Iron Hands|Drain Punch|p1b: Sinistcha\n|-immune|p1b: Sinistcha\n|move|p1a: Farigiraf|Dazzling Gleam|p2b: Flutter Mane|[spread] p2a,p2b\n|-supereffective|p2a: Iron Hands\n|-damage|p2a: Iron Hands|0 fnt\n|-damage|p2b: Flutter Mane|0 fnt\n|faint|p2a: Iron Hands\n|-end|p2a: Iron Hands|Quark Drive|[silent]\n|faint|p2b: Flutter Mane\n|-end|p2b: Flutter Mane|Protosynthesis|[silent]\n|\n|upkeep\n|\n|t:|1700222483\n|switch|p2a: Kingambit|Kingambit, L50, M|86\/100\n|turn|6\n|\n|t:|1700222499\n|move|p1b: Sinistcha|Strength Sap|p2a: Kingambit\n|-unboost|p2a: Kingambit|atk|1\n|-ability|p2a: Kingambit|Defiant|boost\n|-boost|p2a: Kingambit|atk|2\n|move|p1a: Farigiraf|Dazzling Gleam|p2a: Kingambit\n|-damage|p2a: Kingambit|46\/100\n|move|p2a: Kingambit|Kowtow Cleave|p1a: Farigiraf\n|-supereffective|p1a: Farigiraf\n|-damage|p1a: Farigiraf|0 fnt\n|faint|p1a: Farigiraf\n|\n|upkeep\n|\n|t:|1700222509\n|switch|p1a: Chi-Yu|Chi-Yu, L50, tera:Fire|100\/100\n|-ability|p1a: Chi-Yu|Beads of Ruin\n|turn|7\n|\n|t:|1700222526\n|move|p2a: Kingambit|Sucker Punch|p1a: Chi-Yu\n|-damage|p1a: Chi-Yu|0 fnt\n|faint|p1a: Chi-Yu\n|move|p1b: Sinistcha|Strength Sap|p2a: Kingambit\n|-unboost|p2a: Kingambit|atk|1\n|-ability|p2a: Kingambit|Defiant|boost\n|-boost|p2a: Kingambit|atk|2\n|\n|upkeep\n|turn|8\n|\n|t:|1700222544\n|move|p1b: Sinistcha|Matcha Gotcha|p2a: Kingambit|[miss]\n|-miss|p1b: Sinistcha|p2a: Kingambit\n|move|p2a: Kingambit|Kowtow Cleave|p1b: Sinistcha\n|-supereffective|p1b: Sinistcha\n|-damage|p1b: Sinistcha|0 fnt\n|faint|p1b: Sinistcha\n|\n|win|Wakawakawakaman\n|raw|reecemachine's rating: 1239 &rarr; <strong>1217<\/strong><br \/>(-22 for losing)\n|raw|Wakawakawakaman's rating: 1284 &rarr; <strong>1306<\/strong><br \/>(+22 for winning)\n|l|\u2606reecemachine\n","uploadtime":1700222562,"views":9,"p1id":"reecemachine","p2id":"wakawakawakaman","formatid":"gen9vgc2023regulatione","rating":1217,"private":0,"password":""}