{"id":"gen9vgc2023regulatione-1989311080","p1":"KidOldmega","p2":"LegacyKiwi","format":"[Gen 9] VGC 2023 Regulation E","log":"|j|\u2606KidOldmega\n|j|\u2606LegacyKiwi\n|t:|1699834915\n|gametype|doubles\n|player|p1|KidOldmega|red|1140\n|player|p2|LegacyKiwi|102|1051\n|teamsize|p1|6\n|teamsize|p2|6\n|gen|9\n|tier|[Gen 9] VGC 2023 Regulation E\n|rated|\n|rule|Species Clause: Limit one of each Pok\u00e9mon\n|rule|Item Clause: Limit one of each item\n|clearpoke\n|poke|p1|Chien-Pao, L50|\n|poke|p1|Iron Hands, L50|\n|poke|p1|Landorus-Therian, L50, M|\n|poke|p1|Flutter Mane, L50|\n|poke|p1|Tornadus, L50, M|\n|poke|p1|Tatsugiri, L50, M|\n|poke|p2|Altaria, L50, M|\n|poke|p2|Azumarill, L50, F|\n|poke|p2|Toxapex, L50, F|\n|poke|p2|Koffing, L50, M|\n|poke|p2|Decidueye, L50, M|\n|poke|p2|Kommo-o, L50, F|\n|teampreview|4\n|inactive|Battle timer is ON: inactive players will automatically lose when time's up. (requested by KidOldmega)\n|inactive|LegacyKiwi has 60 seconds left.\n|\n|t:|1699834951\n|start\n|switch|p1a: Tornadus|Tornadus, L50, M, shiny|100\/100\n|switch|p1b: Flutter Mane|Flutter Mane, L50|100\/100\n|switch|p2a: Altaria|Altaria, L50, M, shiny|100\/100\n|switch|p2b: Koffing|Koffing, L50, M, shiny|100\/100\n|-ability|p2b: Koffing|Neutralizing Gas\n|turn|1\n|inactive|KidOldmega has 30 seconds left.\n|inactive|LegacyKiwi has 30 seconds left.\n|\n|t:|1699834983\n|-end|p2b: Koffing|ability: Neutralizing Gas\n|switch|p2b: Decidueye|Decidueye, L50, M, shiny|100\/100\n|-terastallize|p1b: Flutter Mane|Fairy\n|-terastallize|p2a: Altaria|Steel\n|move|p1a: Tornadus|Sunny Day|p1a: Tornadus\n|-weather|SunnyDay\n|move|p1b: Flutter Mane|Dazzling Gleam|p2b: Decidueye|[spread] p2a,p2b\n|-resisted|p2a: Altaria\n|-damage|p2a: Altaria|83\/100\n|-damage|p2b: Decidueye|65\/100\n|move|p2a: Altaria|Perish Song|p2a: Altaria\n|-start|p1a: Tornadus|perish3|[silent]\n|-start|p1b: Flutter Mane|perish3|[silent]\n|-start|p2a: Altaria|perish3|[silent]\n|-start|p2b: Decidueye|perish3|[silent]\n|-fieldactivate|move: Perish Song\n|\n|-weather|SunnyDay|[upkeep]\n|-start|p1b: Flutter Mane|perish3\n|-start|p1a: Tornadus|perish3\n|-start|p2a: Altaria|perish3\n|-start|p2b: Decidueye|perish3\n|upkeep\n|turn|2\n|\n|t:|1699835007\n|move|p2b: Decidueye|Protect|p2b: Decidueye\n|-singleturn|p2b: Decidueye|Protect\n|move|p1b: Flutter Mane|Shadow Ball|p2a: Altaria\n|-damage|p2a: Altaria|53\/100\n|move|p1a: Tornadus|Bleakwind Storm|p2b: Decidueye|[spread] p2a\n|-activate|p2b: Decidueye|move: Protect\n|-resisted|p2a: Altaria\n|-crit|p2a: Altaria\n|-damage|p2a: Altaria|32\/100\n|move|p2a: Altaria|Fire Spin|p1b: Flutter Mane\n|-damage|p1b: Flutter Mane|93\/100\n|-activate|p1b: Flutter Mane|move: Fire Spin|[of] p2a: Altaria\n|\n|-weather|SunnyDay|[upkeep]\n|-damage|p1b: Flutter Mane|80\/100|[from] move: Fire Spin|[partiallytrapped]\n|-start|p1b: Flutter Mane|perish2\n|-start|p1a: Tornadus|perish2\n|-start|p2a: Altaria|perish2\n|-start|p2b: Decidueye|perish2\n|upkeep\n|turn|3\n|inactive|KidOldmega has 30 seconds left.\n|\n|t:|1699835037\n|move|p2a: Altaria|Protect|p2a: Altaria\n|-singleturn|p2a: Altaria|Protect\n|move|p1b: Flutter Mane|Shadow Ball|p2a: Altaria\n|-activate|p2a: Altaria|move: Protect\n|move|p1a: Tornadus|Bleakwind Storm|p2a: Altaria|[spread] \n|-activate|p2a: Altaria|move: Protect\n|-miss|p1a: Tornadus|p2b: Decidueye\n|move|p2b: Decidueye|Spirit Shackle|p1a: Tornadus\n|-damage|p1a: Tornadus|53\/100\n|-activate|p1a: Tornadus|trapped\n|\n|-weather|SunnyDay|[upkeep]\n|-damage|p1b: Flutter Mane|68\/100|[from] move: Fire Spin|[partiallytrapped]\n|-start|p1b: Flutter Mane|perish1\n|-start|p1a: Tornadus|perish1\n|-start|p2a: Altaria|perish1\n|-start|p2b: Decidueye|perish1\n|upkeep\n|turn|4\n|inactive|KidOldmega has 30 seconds left.\n|\n|t:|1699835066\n|switch|p2a: Koffing|Koffing, L50, M, shiny|100\/100\n|-ability|p2a: Koffing|Neutralizing Gas\n|switch|p2b: Kommo-o|Kommo-o, L50, F|100\/100\n|move|p1b: Flutter Mane|Dazzling Gleam|p2b: Kommo-o|[spread] p2a,p2b\n|-resisted|p2a: Koffing\n|-supereffective|p2b: Kommo-o\n|-damage|p2a: Koffing|71\/100\n|-damage|p2b: Kommo-o|0 fnt\n|faint|p2b: Kommo-o\n|move|p1a: Tornadus|Bleakwind Storm|p2a: Koffing\n|-damage|p2a: Koffing|13\/100\n|\n|-weather|SunnyDay|[upkeep]\n|-end|p1b: Flutter Mane|Fire Spin|[partiallytrapped]|[silent]\n|-start|p1b: Flutter Mane|perish0\n|-start|p1a: Tornadus|perish0\n|upkeep\n|faint|p1b: Flutter Mane\n|-end|p1b: Flutter Mane|Protosynthesis|[silent]\n|faint|p1a: Tornadus\n|\n|t:|1699835086\n|switch|p1b: Tatsugiri|Tatsugiri, L50, M|100\/100\n|switch|p1a: Iron Hands|Iron Hands, L50|100\/100\n|switch|p2b: Altaria|Altaria, L50, M, shiny, tera:Steel|32\/100\n|turn|5\n|\n|t:|1699835104\n|move|p2b: Altaria|Protect|p2b: Altaria\n|-singleturn|p2b: Altaria|Protect\n|move|p2a: Koffing|Protect|p2a: Koffing\n|-singleturn|p2a: Koffing|Protect\n|move|p1a: Iron Hands|Fake Out|p2a: Koffing\n|-activate|p2a: Koffing|move: Protect\n|move|p1b: Tatsugiri|Muddy Water|p2a: Koffing|[spread] \n|-activate|p2a: Koffing|move: Protect\n|-activate|p2b: Altaria|move: Protect\n|\n|-weather|none\n|upkeep\n|turn|6\n|\n|t:|1699835121\n|-end|p2a: Koffing|ability: Neutralizing Gas\n|switch|p2a: Decidueye|Decidueye, L50, M, shiny|65\/100\n|move|p1b: Tatsugiri|Muddy Water|p2b: Altaria|[spread] p2b\n|-miss|p1b: Tatsugiri|p2a: Decidueye\n|-damage|p2b: Altaria|5\/100\n|move|p2b: Altaria|Roost|p2b: Altaria\n|-heal|p2b: Altaria|55\/100\n|move|p1a: Iron Hands|Swords Dance|p1a: Iron Hands\n|-boost|p1a: Iron Hands|atk|2\n|\n|upkeep\n|turn|7\n|\n|t:|1699835139\n|move|p1b: Tatsugiri|Draco Meteor|p2a: Decidueye\n|-damage|p2a: Decidueye|17\/100\n|-unboost|p1b: Tatsugiri|spa|2\n|-enditem|p1b: Tatsugiri|White Herb\n|-clearnegativeboost|p1b: Tatsugiri|[silent]\n|move|p2b: Altaria|Perish Song|p2b: Altaria\n|-start|p1a: Iron Hands|perish3|[silent]\n|-start|p1b: Tatsugiri|perish3|[silent]\n|-start|p2a: Decidueye|perish3|[silent]\n|-start|p2b: Altaria|perish3|[silent]\n|-fieldactivate|move: Perish Song\n|move|p1a: Iron Hands|Drain Punch|p2b: Altaria\n|-supereffective|p2b: Altaria\n|-damage|p2b: Altaria|0 fnt\n|faint|p2b: Altaria\n|move|p2a: Decidueye|Synthesis|p2a: Decidueye\n|-heal|p2a: Decidueye|67\/100\n|\n|-start|p1b: Tatsugiri|perish3\n|-start|p1a: Iron Hands|perish3\n|-start|p2a: Decidueye|perish3\n|upkeep\n|\n|t:|1699835158\n|switch|p2b: Koffing|Koffing, L50, M, shiny|13\/100\n|-ability|p2b: Koffing|Neutralizing Gas\n|turn|8\n|\n|t:|1699835174\n|move|p2a: Decidueye|Protect|p2a: Decidueye\n|-singleturn|p2a: Decidueye|Protect\n|move|p2b: Koffing|Protect|p2b: Koffing\n|-singleturn|p2b: Koffing|Protect\n|move|p1b: Tatsugiri|Muddy Water|p2b: Koffing|[spread] \n|-activate|p2a: Decidueye|move: Protect\n|-activate|p2b: Koffing|move: Protect\n|move|p1a: Iron Hands|Wild Charge|p2a: Decidueye\n|-activate|p2a: Decidueye|move: Protect\n|\n|-start|p1b: Tatsugiri|perish2\n|-start|p1a: Iron Hands|perish2\n|-start|p2a: Decidueye|perish2\n|upkeep\n|turn|9\n|inactive|LegacyKiwi has 30 seconds left.\n|inactive|LegacyKiwi has 20 seconds left.\n|inactive|LegacyKiwi has 15 seconds left.\n|inactive|LegacyKiwi has 10 seconds left.\n|\n|t:|1699835221\n|move|p2b: Koffing|Protect||[still]\n|-fail|p2b: Koffing\n|move|p1b: Tatsugiri|Muddy Water|p2b: Koffing|[spread] p2b\n|-miss|p1b: Tatsugiri|p2a: Decidueye\n|-damage|p2b: Koffing|0 fnt\n|faint|p2b: Koffing\n|-end|p2b: Koffing|ability: Neutralizing Gas\n|move|p1a: Iron Hands|Wild Charge|p2a: Decidueye\n|-resisted|p2a: Decidueye\n|-damage|p2a: Decidueye|0 fnt\n|faint|p2a: Decidueye\n|-damage|p1a: Iron Hands|89\/100|[from] Recoil\n|\n|win|KidOldmega\n|raw|KidOldmega's rating: 1140 &rarr; <strong>1159<\/strong><br \/>(+19 for winning)\n|raw|LegacyKiwi's rating: 1051 &rarr; <strong>1038<\/strong><br \/>(-13 for losing)\n|c|\u2606LegacyKiwi|gg wp\n|l|\u2606KidOldmega\n","uploadtime":1699835243,"views":12,"p1id":"kidoldmega","p2id":"legacykiwi","formatid":"gen9vgc2023regulatione","rating":1038,"private":0,"password":""}