{"id":"gen9vgc2023regulatione-1988412411","p1":"mmmrius","p2":"bunearyboicherry","format":"[Gen 9] VGC 2023 Regulation E","log":"|j|\u2606mmmrius\n|j|\u2606bunearyboicherry\n|t:|1699720131\n|gametype|doubles\n|player|p1|mmmrius|juan|1208\n|player|p2|bunearyboicherry|hapu|1276\n|teamsize|p1|6\n|teamsize|p2|5\n|gen|9\n|tier|[Gen 9] VGC 2023 Regulation E\n|rated|\n|rule|Species Clause: Limit one of each Pok\u00e9mon\n|rule|Item Clause: Limit one of each item\n|clearpoke\n|poke|p1|Samurott-Hisui, L50, F|\n|poke|p1|Tornadus, L50, M|\n|poke|p1|Flutter Mane, L50|\n|poke|p1|Ogerpon-Hearthflame, L50, F|\n|poke|p1|Clefairy, L50, M|\n|poke|p1|Kommo-o, L50, F|\n|poke|p2|Tyranitar, L50, M|\n|poke|p2|Scream Tail, L50|\n|poke|p2|Houndstone, L50, M|\n|poke|p2|Girafarig, L50, F|\n|poke|p2|Wyrdeer, L50, M|\n|teampreview|4\n|inactive|Battle timer is ON: inactive players will automatically lose when time's up. (requested by bunearyboicherry)\nmmmrius rejected open team sheets.\n|\n|t:|1699720153\n|start\n|switch|p1a: Samurott|Samurott-Hisui, L50, F, shiny|100\/100\n|switch|p1b: Tornadus|Tornadus, L50, M|100\/100\n|switch|p2a: Tyranitar|Tyranitar, L50, M|100\/100\n|switch|p2b: Scream Tail|Scream Tail, L50, shiny|100\/100\n|-weather|Sandstorm|[from] ability: Sand Stream|[of] p2a: Tyranitar\n|-enditem|p2b: Scream Tail|Booster Energy\n|-activate|p2b: Scream Tail|ability: Protosynthesis|[fromitem]\n|-start|p2b: Scream Tail|protosynthesisspe\n|turn|1\n|c|\u2606bunearyboicherry|GLHF\n|inactive|mmmrius has 30 seconds left.\n|\n|t:|1699720184\n|-terastallize|p2a: Tyranitar|Rock\n|move|p1b: Tornadus|Taunt|p2b: Scream Tail\n|-start|p2b: Scream Tail|move: Taunt\n|cant|p2b: Scream Tail|move: Taunt|Howl\n|move|p1a: Samurott|Ceaseless Edge|p2a: Tyranitar\n|-damage|p2a: Tyranitar|45\/100\n|-sidestart|p2: bunearyboicherry|Spikes\n|-damage|p1a: Samurott|91\/100|[from] item: Life Orb\n|move|p2a: Tyranitar|Rock Slide|p1a: Samurott|[spread] p1a,p1b\n|-supereffective|p1b: Tornadus\n|-damage|p1a: Samurott|7\/100\n|-damage|p1b: Tornadus|0 fnt\n|faint|p1b: Tornadus\n|\n|-weather|Sandstorm|[upkeep]\n|-damage|p2b: Scream Tail|94\/100|[from] Sandstorm\n|-damage|p1a: Samurott|1\/100|[from] Sandstorm\n|upkeep\n|c|\u2606mmmrius|glhf\n|c|\u2606bunearyboicherry|Oof\n|inactive|mmmrius has 30 seconds left.\n|c|\u2606bunearyboicherry|Goot read on the howl\n|\n|t:|1699720216\n|switch|p1b: Flutter Mane|Flutter Mane, L50|100\/100\n|turn|2\n|\n|t:|1699720230\n|move|p2b: Scream Tail|Play Rough|p1a: Samurott\n|-supereffective|p1a: Samurott\n|-damage|p1a: Samurott|0 fnt\n|faint|p1a: Samurott\n|move|p1b: Flutter Mane|Shadow Ball|p2b: Scream Tail\n|-supereffective|p2b: Scream Tail\n|-damage|p2b: Scream Tail|0 fnt\n|faint|p2b: Scream Tail\n|-end|p2b: Scream Tail|Protosynthesis|[silent]\n|move|p2a: Tyranitar|Rock Slide|p1b: Flutter Mane\n|-damage|p1b: Flutter Mane|0 fnt\n|faint|p1b: Flutter Mane\n|-end|p1b: Flutter Mane|Protosynthesis|[silent]\n|\n|-weather|Sandstorm|[upkeep]\n|upkeep\n|\n|t:|1699720244\n|switch|p2b: Wyrdeer|Wyrdeer, L50, M|100\/100\n|switch|p1a: Ogerpon|Ogerpon-Hearthflame, L50, F|100\/100\n|-ability|p1a: Ogerpon|Mold Breaker\n|-damage|p2b: Wyrdeer|88\/100|[from] Spikes\n|-ability|p2b: Wyrdeer|Intimidate|boost\n|-unboost|p1a: Ogerpon|atk|1\n|turn|3\n|\n|t:|1699720257\n|move|p1a: Ogerpon|Spiky Shield|p1a: Ogerpon\n|-singleturn|p1a: Ogerpon|move: Protect\n|move|p2b: Wyrdeer|Hypnosis|p1a: Ogerpon\n|-activate|p1a: Ogerpon|move: Protect\n|move|p2a: Tyranitar|Rock Slide|p1a: Ogerpon\n|-activate|p1a: Ogerpon|move: Protect\n|\n|-weather|Sandstorm|[upkeep]\n|-damage|p1a: Ogerpon|95\/100|[from] Sandstorm\n|-damage|p2b: Wyrdeer|82\/100|[from] Sandstorm\n|upkeep\n|turn|4\n|c|\u2606mmmrius|can ogerpon do it\n|\n|t:|1699720274\n|-terastallize|p1a: Ogerpon|Fire\n|detailschange|p1a: Ogerpon|Ogerpon-Hearthflame-Tera, L50, F, tera:Fire\n|-ability|p1a: Ogerpon|Embody Aspect (Hearthflame)|boost\n|-boost|p1a: Ogerpon|atk|1\n|move|p1a: Ogerpon|Horn Leech|p2a: Tyranitar\n|-supereffective|p2a: Tyranitar\n|-damage|p2a: Tyranitar|0 fnt\n|-heal|p1a: Ogerpon|100\/100|[from] drain|[of] p2a: Tyranitar\n|faint|p2a: Tyranitar\n|move|p2b: Wyrdeer|Hypnosis|p1a: Ogerpon|[miss]\n|-miss|p2b: Wyrdeer|p1a: Ogerpon\n|\n|-weather|Sandstorm|[upkeep]\n|-damage|p1a: Ogerpon|95\/100|[from] Sandstorm\n|-damage|p2b: Wyrdeer|76\/100|[from] Sandstorm\n|upkeep\n|\n|t:|1699720278\n|switch|p2a: Houndstone|Houndstone, L50, M|100\/100\n|-damage|p2a: Houndstone|88\/100|[from] Spikes\n|turn|5\n|\n|t:|1699720290\n|move|p2a: Houndstone|Last Respects|p1a: Ogerpon\n|-damage|p1a: Ogerpon|1\/100\n|move|p1a: Ogerpon|Ivy Cudgel|p2b: Wyrdeer\n|-damage|p2b: Wyrdeer|0 fnt\n|faint|p2b: Wyrdeer\n|\n|-weather|none\n|upkeep\n|turn|6\n|c|\u2606bunearyboicherry|No\n|\n|t:|1699720300\n|move|p2a: Houndstone|Shadow Sneak|p1a: Ogerpon\n|-damage|p1a: Ogerpon|0 fnt\n|faint|p1a: Ogerpon\n|\n|win|bunearyboicherry\n|raw|mmmrius's rating: 1208 &rarr; <strong>1188<\/strong><br \/>(-20 for losing)\n|raw|bunearyboicherry's rating: 1276 &rarr; <strong>1296<\/strong><br \/>(+20 for winning)\n|c|\u2606mmmrius|gg\n|c|\u2606bunearyboicherry|GG\n|l|\u2606mmmrius\n","uploadtime":1699720353,"views":27,"p1id":"mmmrius","p2id":"bunearyboicherry","formatid":"gen9vgc2023regulatione","rating":1188,"private":0,"password":""}