{"id":"gen9vgc2023regulatione-1999323118","p1":"GB Five","p2":"langligelang","format":"[Gen 9] VGC 2023 Regulation E","log":"|j|\u2606GB Five\n|j|\u2606langligelang\n|t:|1701060275\n|gametype|doubles\n|player|p1|GB Five|169|\n|player|p2|langligelang|2|\n|teamsize|p1|6\n|teamsize|p2|6\n|gen|9\n|tier|[Gen 9] VGC 2023 Regulation E\n|rule|Species Clause: Limit one of each Pok\u00e9mon\n|rule|Item Clause: Limit one of each item\n|clearpoke\n|poke|p1|Weezing-Galar, L50, M|\n|poke|p1|Tauros-Paldea-Aqua, L50, M|\n|poke|p1|Pelipper, L50, M|\n|poke|p1|Rillaboom, L50, M|\n|poke|p1|Farigiraf, L50, M|\n|poke|p1|Ceruledge, L50, F|\n|poke|p2|Dudunsparce-*, L50, M|\n|poke|p2|Jolteon, L50, M|\n|poke|p2|Maushold-Four, L50|\n|poke|p2|Lucario, L50, M|\n|poke|p2|Chandelure, L50, M|\n|poke|p2|Talonflame, L50, M|\n|teampreview|4\n|\n|t:|1701060329\n|start\n|switch|p1a: Tauros|Tauros-Paldea-Aqua, L50, M|100\/100\n|switch|p1b: Pelipper|Pelipper, L50, M|100\/100\n|switch|p2a: Jolteon|Jolteon, L50, M|100\/100\n|switch|p2b: Dudunsparce|Dudunsparce, L50, M|100\/100\n|-ability|p1a: Tauros|Intimidate|boost\n|-unboost|p2a: Jolteon|atk|1\n|-unboost|p2b: Dudunsparce|atk|1\n|-ability|p2b: Dudunsparce|Rattled|boost\n|-boost|p2b: Dudunsparce|spe|1\n|-weather|RainDance|[from] ability: Drizzle|[of] p1b: Pelipper\n|turn|1\n|\n|t:|1701060361\n|-terastallize|p2b: Dudunsparce|Psychic\n|move|p1a: Tauros|Wave Crash|p2a: Jolteon\n|-damage|p2a: Jolteon|0 fnt\n|faint|p2a: Jolteon\n|-damage|p1a: Tauros|67\/100|[from] Recoil\n|move|p1b: Pelipper|Tailwind|p1b: Pelipper\n|-sidestart|p1: GB Five|move: Tailwind\n|move|p2b: Dudunsparce|Stored Power|p1a: Tauros\n|-supereffective|p1a: Tauros\n|-damage|p1a: Tauros|0 fnt\n|faint|p1a: Tauros\n|\n|-weather|RainDance|[upkeep]\n|upkeep\n|\n|t:|1701060380\n|switch|p2a: Maushold|Maushold-Four, L50|100\/100\n|switch|p1a: Weezing|Weezing-Galar, L50, M|100\/100\n|-ability|p1a: Weezing|Neutralizing Gas\n|turn|2\n|\n|t:|1701060407\n|-terastallize|p1a: Weezing|Normal\n|move|p2a: Maushold|Protect|p2a: Maushold\n|-singleturn|p2a: Maushold|Protect\n|move|p2b: Dudunsparce|Protect|p2b: Dudunsparce\n|-singleturn|p2b: Dudunsparce|Protect\n|move|p1b: Pelipper|Wide Guard|p1b: Pelipper\n|-singleturn|p1b: Pelipper|Wide Guard\n|move|p1a: Weezing|Explosion|p2b: Dudunsparce|[spread] \n|-activate|p1b: Pelipper|move: Wide Guard\n|-activate|p2a: Maushold|move: Protect\n|-activate|p2b: Dudunsparce|move: Protect\n|faint|p1a: Weezing\n|-end|p1a: Weezing|ability: Neutralizing Gas\n|\n|-weather|RainDance|[upkeep]\n|upkeep\n|\n|t:|1701060425\n|switch|p1a: Rillaboom|Rillaboom, L50, M|100\/100\n|-fieldstart|move: Grassy Terrain|[from] ability: Grassy Surge|[of] p1a: Rillaboom\n|turn|3\n|\n|t:|1701060436\n|move|p1b: Pelipper|Hurricane|p2a: Maushold\n|-damage|p2a: Maushold|47\/100\n|move|p1a: Rillaboom|Wood Hammer|p2b: Dudunsparce\n|-damage|p2b: Dudunsparce|7\/100\n|-damage|p1a: Rillaboom|66\/100|[from] Recoil\n|move|p2a: Maushold|Beat Up|p2b: Dudunsparce\n|-supereffective|p2b: Dudunsparce\n|-damage|p2b: Dudunsparce|3\/100\n|-ability|p2b: Dudunsparce|Rattled|boost\n|-boost|p2b: Dudunsparce|spe|1\n|-enditem|p2b: Dudunsparce|Weakness Policy\n|-boost|p2b: Dudunsparce|atk|2|[from] item: Weakness Policy\n|-boost|p2b: Dudunsparce|spa|2|[from] item: Weakness Policy\n|-supereffective|p2b: Dudunsparce\n|-damage|p2b: Dudunsparce|0 fnt\n|faint|p2b: Dudunsparce\n|-hitcount|p2: Dudunsparce|2\n|\n|-weather|RainDance|[upkeep]\n|-heal|p1a: Rillaboom|72\/100|[from] Grassy Terrain\n|-heal|p2a: Maushold|54\/100|[from] Grassy Terrain\n|upkeep\n|\n|t:|1701060453\n|switch|p2b: Lucario|Lucario, L50, M|100\/100\n|turn|4\n|\n|t:|1701060465\n|move|p2a: Maushold|Protect|p2a: Maushold\n|-singleturn|p2a: Maushold|Protect\n|move|p2b: Lucario|Detect|p2b: Lucario\n|-singleturn|p2b: Lucario|Protect\n|move|p1b: Pelipper|Hurricane|p2b: Lucario\n|-activate|p2b: Lucario|move: Protect\n|move|p1a: Rillaboom|Wood Hammer|p2a: Maushold\n|-activate|p2a: Maushold|move: Protect\n|\n|-weather|RainDance|[upkeep]\n|-heal|p1a: Rillaboom|79\/100|[from] Grassy Terrain\n|-heal|p2a: Maushold|60\/100|[from] Grassy Terrain\n|-sideend|p1: GB Five|move: Tailwind\n|upkeep\n|turn|5\n|\n|t:|1701060484\n|move|p2a: Maushold|Beat Up|p2b: Lucario\n|-resisted|p2b: Lucario\n|-damage|p2b: Lucario|99\/100\n|-ability|p2b: Lucario|Justified|boost\n|-boost|p2b: Lucario|atk|1\n|-resisted|p2b: Lucario\n|-damage|p2b: Lucario|98\/100\n|-ability|p2b: Lucario|Justified|boost\n|-boost|p2b: Lucario|atk|1\n|-hitcount|p2b: Lucario|2\n|move|p2b: Lucario|Drain Punch|p1a: Rillaboom\n|-damage|p1a: Rillaboom|0 fnt\n|-heal|p2b: Lucario|100\/100|[from] drain|[of] p1a: Rillaboom\n|faint|p1a: Rillaboom\n|-damage|p2b: Lucario|91\/100|[from] item: Life Orb\n|move|p1b: Pelipper|Tailwind|p1b: Pelipper\n|-sidestart|p1: GB Five|move: Tailwind\n|\n|-weather|none\n|-heal|p2a: Maushold|66\/100|[from] Grassy Terrain\n|-heal|p2b: Lucario|97\/100|[from] Grassy Terrain\n|upkeep\n|turn|6\n|\n|t:|1701060508\n|move|p2a: Maushold|Follow Me|p2a: Maushold\n|-singleturn|p2a: Maushold|move: Follow Me\n|move|p2b: Lucario|Extreme Speed|p1b: Pelipper\n|-damage|p1b: Pelipper|18\/100\n|-damage|p2b: Lucario|87\/100|[from] item: Life Orb\n|move|p1b: Pelipper|Hurricane|p2a: Maushold|[miss]\n|-miss|p1b: Pelipper|p2a: Maushold\n|\n|-heal|p2a: Maushold|72\/100|[from] Grassy Terrain\n|-heal|p2b: Lucario|94\/100|[from] Grassy Terrain\n|upkeep\n|turn|7\n|-message|GB Five forfeited.\n|\n|win|langligelang\n|l|\u2606GB Five\n","uploadtime":1701060541,"views":1,"p1id":"gbfive","p2id":"langligelang","formatid":"gen9vgc2023regulatione","rating":0,"private":0,"password":""}