{"id":"gen9vgc2023regulatione-1992265177","p1":"Krjazkz","p2":"solstardragon","format":"[Gen 9] VGC 2023 Regulation E","log":"|j|\u2606Krjazkz\n|j|\u2606solstardragon\n|t:|1700169042\n|gametype|doubles\n|player|p1|Krjazkz|lance|1078\n|player|p2|solstardragon|gambler|1105\n|teamsize|p1|6\n|teamsize|p2|6\n|gen|9\n|tier|[Gen 9] VGC 2023 Regulation E\n|rated|\n|rule|Species Clause: Limit one of each Pok\u00e9mon\n|rule|Item Clause: Limit one of each item\n|clearpoke\n|poke|p1|Flutter Mane, L50|\n|poke|p1|Tornadus, L50, M|\n|poke|p1|Rillaboom, L50, M|\n|poke|p1|Garganacl, L50, M|\n|poke|p1|Arcanine-Hisui, L50, F|\n|poke|p1|Chien-Pao, L50|\n|poke|p2|Dipplin, L50, M|\n|poke|p2|Skeledirge, L50, M|\n|poke|p2|Bronzong, L50|\n|poke|p2|Landorus-Therian, L50, M|\n|poke|p2|Iron Hands, L50|\n|poke|p2|Inteleon, L50, M|\n|teampreview|4\n|inactive|Battle timer is ON: inactive players will automatically lose when time's up. (requested by Krjazkz)\n|\n|t:|1700169089\n|start\n|switch|p1a: Garganacl|Garganacl, L50, M|100\/100\n|switch|p1b: Arcanine|Arcanine-Hisui, L50, F|100\/100\n|switch|p2a: Bronzong|Bronzong, L50|100\/100\n|switch|p2b: Skeledirge|Skeledirge, L50, M, shiny|100\/100\n|-ability|p1b: Arcanine|Intimidate|boost\n|-unboost|p2a: Bronzong|atk|1\n|-unboost|p2b: Skeledirge|atk|1\n|turn|1\n|\n|t:|1700169108\n|switch|p2b: Landorus|Landorus-Therian, L50, M|100\/100\n|-ability|p2b: Landorus|Intimidate|boost\n|-unboost|p1a: Garganacl|atk|1\n|-unboost|p1b: Arcanine|atk|1\n|-terastallize|p2a: Bronzong|Poison\n|move|p1b: Arcanine|Flare Blitz|p2a: Bronzong\n|-damage|p2a: Bronzong|61\/100\n|-damage|p1b: Arcanine|87\/100|[from] Recoil\n|move|p1a: Garganacl|Salt Cure|p2b: Landorus\n|-damage|p2b: Landorus|91\/100\n|-start|p2b: Landorus|Salt Cure\n|move|p2a: Bronzong|Trick Room|p2a: Bronzong\n|-fieldstart|move: Trick Room|[of] p2a: Bronzong\n|\n|-heal|p2a: Bronzong|67\/100|[from] item: Leftovers\n|-damage|p2b: Landorus|79\/100|[from] Salt Cure\n|upkeep\n|turn|2\n|inactive|solstardragon has 30 seconds left.\n|\n|t:|1700169141\n|switch|p1b: Rillaboom|Rillaboom, L50, M|100\/100\n|-fieldstart|move: Grassy Terrain|[from] ability: Grassy Surge|[of] p1b: Rillaboom\n|-terastallize|p1a: Garganacl|Ghost\n|move|p2a: Bronzong|Body Press|p1a: Garganacl\n|-immune|p1a: Garganacl\n|move|p1a: Garganacl|Iron Defense|p1a: Garganacl\n|-boost|p1a: Garganacl|def|2\n|move|p2b: Landorus|Stomping Tantrum|p1a: Garganacl\n|-damage|p1a: Garganacl|86\/100\n|\n|-heal|p2a: Bronzong|72\/100|[from] item: Leftovers\n|-heal|p1a: Garganacl|92\/100|[from] Grassy Terrain\n|-damage|p2b: Landorus|66\/100|[from] Salt Cure\n|upkeep\n|turn|3\n|inactive|solstardragon has 30 seconds left.\n|\n|t:|1700169174\n|switch|p2a: Skeledirge|Skeledirge, L50, M, shiny|100\/100\n|switch|p2b: Iron Hands|Iron Hands, L50|100\/100\n|move|p1a: Garganacl|Salt Cure|p2a: Skeledirge\n|-supereffective|p2a: Skeledirge\n|-damage|p2a: Skeledirge|77\/100\n|-start|p2a: Skeledirge|Salt Cure\n|move|p1b: Rillaboom|Wood Hammer|p2b: Iron Hands\n|-damage|p2b: Iron Hands|43\/100\n|-damage|p1b: Rillaboom|79\/100|[from] Recoil\n|\n|-heal|p1a: Garganacl|98\/100|[from] Grassy Terrain\n|-heal|p2b: Iron Hands|49\/100|[from] Grassy Terrain\n|-heal|p2a: Skeledirge|84\/100|[from] Grassy Terrain\n|-heal|p1b: Rillaboom|85\/100|[from] Grassy Terrain\n|-damage|p2a: Skeledirge|71\/100|[from] Salt Cure\n|upkeep\n|turn|4\n|\n|t:|1700169197\n|switch|p1b: Tornadus|Tornadus, L50, M|100\/100\n|move|p1a: Garganacl|Protect|p1a: Garganacl\n|-singleturn|p1a: Garganacl|Protect\n|move|p2b: Iron Hands|Ice Punch|p1b: Tornadus\n|-supereffective|p1b: Tornadus\n|-damage|p1b: Tornadus|26\/100\n|-damage|p2b: Iron Hands|32\/100|[from] item: Rocky Helmet|[of] p1b: Tornadus\n|move|p2a: Skeledirge|Will-O-Wisp|p1a: Garganacl\n|-activate|p1a: Garganacl|move: Protect\n|\n|-heal|p1a: Garganacl|100\/100|[from] Grassy Terrain\n|-heal|p2b: Iron Hands|38\/100|[from] Grassy Terrain\n|-heal|p2a: Skeledirge|77\/100|[from] Grassy Terrain\n|-damage|p2a: Skeledirge|65\/100|[from] Salt Cure\n|upkeep\n|turn|5\n|inactive|solstardragon has 30 seconds left.\n|\n|t:|1700169222\n|move|p1a: Garganacl|Salt Cure|p2b: Iron Hands\n|-resisted|p2b: Iron Hands\n|-damage|p2b: Iron Hands|35\/100\n|-start|p2b: Iron Hands|Salt Cure\n|move|p2b: Iron Hands|Ice Punch|p1b: Tornadus\n|-supereffective|p1b: Tornadus\n|-damage|p1b: Tornadus|0 fnt\n|-damage|p2b: Iron Hands|19\/100|[from] item: Rocky Helmet|[of] p1b: Tornadus\n|faint|p1b: Tornadus\n|move|p2a: Skeledirge|Will-O-Wisp|p1a: Garganacl\n|-immune|p1a: Garganacl|[from] ability: Purifying Salt\n|\n|-heal|p2b: Iron Hands|25\/100|[from] Grassy Terrain\n|-heal|p2a: Skeledirge|71\/100|[from] Grassy Terrain\n|-damage|p2b: Iron Hands|12\/100|[from] Salt Cure\n|-damage|p2a: Skeledirge|59\/100|[from] Salt Cure\n|-fieldend|move: Trick Room\n|upkeep\n|-message|solstardragon forfeited.\n|\n|win|Krjazkz\n|raw|Krjazkz's rating: 1078 &rarr; <strong>1108<\/strong><br \/>(+30 for winning)\n|raw|solstardragon's rating: 1105 &rarr; <strong>1078<\/strong><br \/>(-27 for losing)\n|l|\u2606solstardragon\n","uploadtime":1700169236,"views":20,"p1id":"krjazkz","p2id":"solstardragon","formatid":"gen9vgc2023regulatione","rating":1078,"private":0,"password":""}