{"id":"gen9vgc2023regulatione-1994317445","p1":"viviplay","p2":"TheKingofGlers","format":"[Gen 9] VGC 2023 Regulation E","log":"|j|\u2606viviplay\n|j|\u2606TheKingofGlers\n|t:|1700430448\n|gametype|doubles\n|player|p1|viviplay|266|1045\n|player|p2|TheKingofGlers|ethan|1116\n|teamsize|p1|6\n|teamsize|p2|6\n|gen|9\n|tier|[Gen 9] VGC 2023 Regulation E\n|rated|\n|rule|Species Clause: Limit one of each Pok\u00e9mon\n|rule|Item Clause: Limit one of each item\n|clearpoke\n|poke|p1|Flutter Mane, L50|\n|poke|p1|Arcanine, L50, M|\n|poke|p1|Rotom-Wash, L50|\n|poke|p1|Roaring Moon, L50|\n|poke|p1|Great Tusk, L50|\n|poke|p1|Scizor, L50, F|\n|poke|p2|Salamence, L50, M|\n|poke|p2|Landorus-Therian, L50, M|\n|poke|p2|Houndstone, L50, F|\n|poke|p2|Tyranitar, L50, F|\n|poke|p2|Drednaw, L50, F|\n|poke|p2|Ogerpon-Cornerstone, L50, F|\n|teampreview|4\n|\n|t:|1700430481\n|start\n|switch|p1a: Rotom|Rotom-Wash, L50|100\/100\n|switch|p1b: Great Tusk|Great Tusk, L50|100\/100\n|switch|p2a: Landorus|Landorus-Therian, L50, M|100\/100\n|switch|p2b: Houndstone|Houndstone, L50, F|100\/100\n|-ability|p2a: Landorus|Intimidate|boost\n|-unboost|p1a: Rotom|atk|1\n|-unboost|p1b: Great Tusk|atk|1\n|turn|1\n|inactive|Battle timer is ON: inactive players will automatically lose when time's up. (requested by TheKingofGlers)\n|\n|t:|1700430505\n|switch|p2a: Tyranitar|Tyranitar, L50, F|100\/100\n|-weather|Sandstorm|[from] ability: Sand Stream|[of] p2a: Tyranitar\n|-end|p1b: Great Tusk|Protosynthesis|[silent]\n|switch|p1b: Flutter Mane|Flutter Mane, L50|100\/100\n|move|p2b: Houndstone|Trick|p1a: Rotom\n|-activate|p2b: Houndstone|move: Trick|[of] p1a: Rotom\n|-item|p1a: Rotom|Choice Band|[from] move: Trick\n|-item|p2b: Houndstone|Safety Goggles|[from] move: Trick\n|move|p1a: Rotom|Volt Switch|p2a: Tyranitar\n|-damage|p2a: Tyranitar|88\/100\n|\n|t:|1700430519\n|switch|p1a: Great Tusk|Great Tusk, L50|100\/100|[from] Volt Switch\n|\n|-weather|Sandstorm|[upkeep]\n|-damage|p1b: Flutter Mane|94\/100|[from] Sandstorm\n|-heal|p2a: Tyranitar|94\/100|[from] item: Leftovers\n|upkeep\n|turn|2\n|\n|t:|1700430537\n|move|p2a: Tyranitar|Protect|p2a: Tyranitar\n|-singleturn|p2a: Tyranitar|Protect\n|move|p2b: Houndstone|Poltergeist|p1b: Flutter Mane\n|-activate|p1b: Flutter Mane|move: Poltergeist|Life Orb\n|-supereffective|p1b: Flutter Mane\n|-damage|p1b: Flutter Mane|0 fnt\n|faint|p1b: Flutter Mane\n|-end|p1b: Flutter Mane|Protosynthesis|[silent]\n|move|p1a: Great Tusk|Ice Spinner|p2a: Tyranitar\n|-activate|p2a: Tyranitar|move: Protect\n|\n|-weather|Sandstorm|[upkeep]\n|-heal|p2a: Tyranitar|99\/100|[from] item: Leftovers\n|upkeep\n|\n|t:|1700430555\n|switch|p1b: Roaring Moon|Roaring Moon, L50|100\/100\n|-enditem|p1b: Roaring Moon|Booster Energy\n|-activate|p1b: Roaring Moon|ability: Protosynthesis|[fromitem]\n|-start|p1b: Roaring Moon|protosynthesisspe\n|turn|3\n|\n|t:|1700430574\n|move|p1b: Roaring Moon|Throat Chop|p2b: Houndstone\n|-supereffective|p2b: Houndstone\n|-damage|p2b: Houndstone|19\/100\n|-start|p2b: Houndstone|Throat Chop|[silent]\n|move|p2b: Houndstone|Will-O-Wisp|p1b: Roaring Moon\n|-status|p1b: Roaring Moon|brn\n|move|p1a: Great Tusk|Knock Off|p2b: Houndstone\n|-supereffective|p2b: Houndstone\n|-damage|p2b: Houndstone|0 fnt\n|-enditem|p2b: Houndstone|Safety Goggles|[from] move: Knock Off|[of] p1a: Great Tusk\n|faint|p2b: Houndstone\n|move|p2a: Tyranitar|Icy Wind|p1a: Great Tusk|[spread] p1a,p1b\n|-supereffective|p1a: Great Tusk\n|-supereffective|p1b: Roaring Moon\n|-damage|p1a: Great Tusk|89\/100\n|-damage|p1b: Roaring Moon|83\/100 brn\n|-unboost|p1a: Great Tusk|spe|1\n|-unboost|p1b: Roaring Moon|spe|1\n|\n|-weather|Sandstorm|[upkeep]\n|-damage|p1b: Roaring Moon|78\/100 brn|[from] Sandstorm\n|-heal|p2a: Tyranitar|100\/100|[from] item: Leftovers\n|-damage|p1b: Roaring Moon|72\/100 brn|[from] brn\n|upkeep\n|\n|t:|1700430595\n|switch|p2b: Landorus|Landorus-Therian, L50, M|100\/100\n|-ability|p2b: Landorus|Intimidate|boost\n|-unboost|p1a: Great Tusk|atk|1\n|-unboost|p1b: Roaring Moon|atk|1\n|turn|4\n|inactive|viviplay has 30 seconds left.\n|\n|t:|1700430622\n|move|p2a: Tyranitar|Protect|p2a: Tyranitar\n|-singleturn|p2a: Tyranitar|Protect\n|move|p1b: Roaring Moon|Tailwind|p1b: Roaring Moon\n|-sidestart|p1: viviplay|move: Tailwind\n|move|p2b: Landorus|Bulldoze|p1a: Great Tusk|[spread] p1a,p1b\n|-activate|p2a: Tyranitar|move: Protect\n|-damage|p1a: Great Tusk|74\/100\n|-damage|p1b: Roaring Moon|45\/100 brn\n|-unboost|p1a: Great Tusk|spe|1\n|-unboost|p1b: Roaring Moon|spe|1\n|move|p1a: Great Tusk|Knock Off|p2b: Landorus\n|-damage|p2b: Landorus|78\/100\n|-damage|p1a: Great Tusk|58\/100|[from] item: Rocky Helmet|[of] p2b: Landorus\n|-enditem|p2b: Landorus|Rocky Helmet|[from] move: Knock Off|[of] p1a: Great Tusk\n|\n|-weather|Sandstorm|[upkeep]\n|-damage|p1b: Roaring Moon|39\/100 brn|[from] Sandstorm\n|-damage|p1b: Roaring Moon|33\/100 brn|[from] brn\n|upkeep\n|turn|5\n|inactive|viviplay has 30 seconds left.\n|inactive|TheKingofGlers has 30 seconds left.\n|\n|t:|1700430651\n|switch|p2a: Salamence|Salamence, L50, M|100\/100\n|move|p1b: Roaring Moon|Acrobatics|p2a: Salamence\n|-damage|p2a: Salamence|86\/100\n|move|p2b: Landorus|U-turn|p1b: Roaring Moon\n|-supereffective|p1b: Roaring Moon\n|-damage|p1b: Roaring Moon|0 fnt\n|faint|p1b: Roaring Moon\n|-end|p1b: Roaring Moon|Protosynthesis|[silent]\n|\n|t:|1700430659\n|switch|p2b: Tyranitar|Tyranitar, L50, F|100\/100|[from] U-turn\n|move|p1a: Great Tusk|Ice Spinner|p2b: Tyranitar\n|-damage|p2b: Tyranitar|87\/100\n|\n|-weather|none\n|-heal|p2b: Tyranitar|93\/100|[from] item: Leftovers\n|upkeep\n|\n|t:|1700430669\n|switch|p1b: Rotom|Rotom-Wash, L50|100\/100\n|turn|6\n|\n|t:|1700430684\n|switch|p2b: Landorus|Landorus-Therian, L50, M|78\/100\n|-ability|p2b: Landorus|Intimidate|boost\n|-unboost|p1a: Great Tusk|atk|1\n|-unboost|p1b: Rotom|atk|1\n|move|p2a: Salamence|Protect|p2a: Salamence\n|-singleturn|p2a: Salamence|Protect\n|move|p1b: Rotom|Hydro Pump|p2b: Landorus\n|-supereffective|p2b: Landorus\n|-damage|p2b: Landorus|0 fnt\n|faint|p2b: Landorus\n|move|p1a: Great Tusk|Knock Off|p2a: Salamence\n|-activate|p2a: Salamence|move: Protect\n|\n|upkeep\n|\n|t:|1700430692\n|switch|p2b: Tyranitar|Tyranitar, L50, F|93\/100\n|-weather|Sandstorm|[from] ability: Sand Stream|[of] p2b: Tyranitar\n|turn|7\n|\n|t:|1700430711\n|-terastallize|p2a: Salamence|Flying\n|move|p1b: Rotom|Hydro Pump|p2b: Tyranitar|[miss]\n|-miss|p1b: Rotom|p2b: Tyranitar\n|move|p2a: Salamence|Tera Blast|p1a: Great Tusk|[anim] Tera Blast Flying\n|-supereffective|p1a: Great Tusk\n|-damage|p1a: Great Tusk|0 fnt\n|faint|p1a: Great Tusk\n|-end|p1a: Great Tusk|Protosynthesis|[silent]\n|-ability|p2a: Salamence|Moxie|boost\n|-boost|p2a: Salamence|atk|1\n|move|p2b: Tyranitar|Knock Off|p1b: Rotom\n|-damage|p1b: Rotom|55\/100\n|-enditem|p1b: Rotom|Choice Band|[from] move: Knock Off|[of] p2b: Tyranitar\n|\n|-weather|Sandstorm|[upkeep]\n|-damage|p1b: Rotom|49\/100|[from] Sandstorm\n|-damage|p2a: Salamence|80\/100|[from] Sandstorm\n|-heal|p2b: Tyranitar|99\/100|[from] item: Leftovers\n|-sideend|p1: viviplay|move: Tailwind\n|upkeep\n|turn|8\n|\n|t:|1700430730\n|move|p2a: Salamence|Protect|p2a: Salamence\n|-singleturn|p2a: Salamence|Protect\n|move|p1b: Rotom|Hydro Pump|p2b: Tyranitar|[miss]\n|-miss|p1b: Rotom|p2b: Tyranitar\n|move|p2b: Tyranitar|Icy Wind|p1b: Rotom\n|-resisted|p1b: Rotom\n|-damage|p1b: Rotom|42\/100\n|-unboost|p1b: Rotom|spe|1\n|\n|-weather|Sandstorm|[upkeep]\n|-damage|p2a: Salamence|73\/100|[from] Sandstorm\n|-damage|p1b: Rotom|36\/100|[from] Sandstorm\n|-heal|p2b: Tyranitar|100\/100|[from] item: Leftovers\n|upkeep\n|turn|9\n|-message|viviplay forfeited.\n|\n|win|TheKingofGlers\n|raw|viviplay's rating: 1045 &rarr; <strong>1032<\/strong><br \/>(-13 for losing)\n|raw|TheKingofGlers's rating: 1116 &rarr; <strong>1136<\/strong><br \/>(+20 for winning)\n|l|\u2606viviplay\n","uploadtime":1700430743,"views":4,"p1id":"viviplay","p2id":"thekingofglers","formatid":"gen9vgc2023regulatione","rating":1032,"private":0,"password":""}