{"id":"gen9vgc2023regulatione-1996744680","p1":"Zay_0","p2":"mochipupusa","format":"[Gen 9] VGC 2023 Regulation E","log":"|j|\u2606Zay_0\n|j|\u2606mochipupusa\n|t:|1700717972\n|gametype|doubles\n|player|p1|Zay_0|n-masters2|1219\n|player|p2|mochipupusa|101|1309\n|teamsize|p1|6\n|teamsize|p2|6\n|gen|9\n|tier|[Gen 9] VGC 2023 Regulation E\n|rated|\n|rule|Species Clause: Limit one of each Pok\u00e9mon\n|rule|Item Clause: Limit one of each item\n|clearpoke\n|poke|p1|Gholdengo, L50|\n|poke|p1|Iron Hands, L50|\n|poke|p1|Amoonguss, L50, M|\n|poke|p1|Iron Bundle, L50|\n|poke|p1|Pelipper, L50, F|\n|poke|p1|Salamence, L50, F|\n|poke|p2|Roaring Moon, L50|\n|poke|p2|Milotic, L50, M|\n|poke|p2|Landorus-Therian, L50, M|\n|poke|p2|Flutter Mane, L50|\n|poke|p2|Iron Hands, L50|\n|poke|p2|Ogerpon-Hearthflame, L50, F|\n|teampreview|4\nmochipupusa has agreed to open team sheets.\n|\n|t:|1700718006\n|start\n|switch|p1a: Iron Bundle|Iron Bundle, L50|100\/100\n|switch|p1b: Gholdengo|Gholdengo, L50|100\/100\n|switch|p2a: Iron Hands|Iron Hands, L50|100\/100\n|switch|p2b: Flutter Mane|Flutter Mane, L50|100\/100\n|-enditem|p1a: Iron Bundle|Booster Energy\n|-activate|p1a: Iron Bundle|ability: Quark Drive|[fromitem]\n|-start|p1a: Iron Bundle|quarkdrivespe\n|turn|1\n|\n|t:|1700718020\n|move|p1a: Iron Bundle|Protect|p1a: Iron Bundle\n|-singleturn|p1a: Iron Bundle|Protect\n|move|p2b: Flutter Mane|Protect|p2b: Flutter Mane\n|-singleturn|p2b: Flutter Mane|Protect\n|move|p1b: Gholdengo|Protect|p1b: Gholdengo\n|-singleturn|p1b: Gholdengo|Protect\n|move|p2a: Iron Hands|Drain Punch|p1a: Iron Bundle\n|-activate|p1a: Iron Bundle|move: Protect\n|\n|upkeep\n|turn|2\n|\n|t:|1700718043\n|-end|p2b: Flutter Mane|Protosynthesis|[silent]\n|switch|p2b: Milotic|Milotic, L50, M|100\/100\n|switch|p1b: Salamence|Salamence, L50, F|100\/100\n|-ability|p1b: Salamence|Intimidate|boost\n|-unboost|p2a: Iron Hands|atk|1\n|-unboost|p2b: Milotic|atk|1\n|-ability|p2b: Milotic|Competitive|boost\n|-boost|p2b: Milotic|spa|2\n|move|p1a: Iron Bundle|Hydro Pump|p2b: Milotic\n|-resisted|p2b: Milotic\n|-damage|p2b: Milotic|84\/100\n|move|p2a: Iron Hands|Drain Punch|p1a: Iron Bundle\n|-supereffective|p1a: Iron Bundle\n|-damage|p1a: Iron Bundle|48\/100\n|\n|-heal|p2b: Milotic|90\/100|[from] item: Leftovers\n|upkeep\n|turn|3\n|\n|t:|1700718065\n|move|p1a: Iron Bundle|Freeze-Dry|p2b: Milotic\n|-supereffective|p2b: Milotic\n|-damage|p2b: Milotic|45\/100\n|move|p1b: Salamence|Hurricane|p2a: Iron Hands|[miss]\n|-miss|p1b: Salamence|p2a: Iron Hands\n|move|p2b: Milotic|Icy Wind|p1a: Iron Bundle|[spread] p1a,p1b\n|-resisted|p1a: Iron Bundle\n|-supereffective|p1b: Salamence\n|-damage|p1a: Iron Bundle|40\/100\n|-damage|p1b: Salamence|0 fnt\n|-unboost|p1a: Iron Bundle|spe|1\n|faint|p1b: Salamence\n|move|p2a: Iron Hands|Drain Punch|p1a: Iron Bundle\n|-supereffective|p1a: Iron Bundle\n|-damage|p1a: Iron Bundle|0 fnt\n|faint|p1a: Iron Bundle\n|-end|p1a: Iron Bundle|Quark Drive|[silent]\n|\n|-heal|p2b: Milotic|51\/100|[from] item: Leftovers\n|upkeep\n|\n|t:|1700718075\n|switch|p1a: Gholdengo|Gholdengo, L50|100\/100\n|switch|p1b: Iron Hands|Iron Hands, L50|100\/100\n|turn|4\n|\n|t:|1700718089\n|move|p2b: Milotic|Protect|p2b: Milotic\n|-singleturn|p2b: Milotic|Protect\n|move|p1b: Iron Hands|Fake Out|p2a: Iron Hands\n|-damage|p2a: Iron Hands|90\/100\n|move|p1a: Gholdengo|Nasty Plot|p1a: Gholdengo\n|-boost|p1a: Gholdengo|spa|2\n|cant|p2a: Iron Hands|flinch\n|\n|-heal|p2b: Milotic|57\/100|[from] item: Leftovers\n|upkeep\n|turn|5\n|\n|t:|1700718131\n|move|p1a: Gholdengo|Shadow Ball|p2b: Milotic\n|-damage|p2b: Milotic|0 fnt\n|faint|p2b: Milotic\n|move|p1b: Iron Hands|Drain Punch|p2a: Iron Hands\n|-damage|p2a: Iron Hands|58\/100\n|move|p2a: Iron Hands|Wild Charge|p1a: Gholdengo\n|-damage|p1a: Gholdengo|68\/100\n|-damage|p2a: Iron Hands|52\/100|[from] Recoil\n|\n|-heal|p1a: Gholdengo|74\/100|[from] item: Leftovers\n|upkeep\n|\n|t:|1700718150\n|switch|p2b: Ogerpon|Ogerpon-Hearthflame, L50, F|100\/100\n|-ability|p2b: Ogerpon|Mold Breaker\n|turn|6\n|\n|t:|1700718172\n|-end|p2a: Iron Hands|Quark Drive|[silent]\n|switch|p2a: Flutter Mane|Flutter Mane, L50|100\/100\n|move|p1a: Gholdengo|Protect|p1a: Gholdengo\n|-singleturn|p1a: Gholdengo|Protect\n|move|p2b: Ogerpon|Ivy Cudgel|p1a: Gholdengo|[anim] Ivy Cudgel Fire\n|-activate|p1a: Gholdengo|move: Protect\n|move|p1b: Iron Hands|Drain Punch|p2b: Ogerpon\n|-damage|p2b: Ogerpon|46\/100\n|\n|-heal|p1a: Gholdengo|80\/100|[from] item: Leftovers\n|upkeep\n|turn|7\n|\n|t:|1700718203\n|-terastallize|p2b: Ogerpon|Fire\n|detailschange|p2b: Ogerpon|Ogerpon-Hearthflame-Tera, L50, F, tera:Fire\n|-ability|p2b: Ogerpon|Embody Aspect (Hearthflame)|boost\n|-boost|p2b: Ogerpon|atk|1\n|-terastallize|p1a: Gholdengo|Dragon\n|move|p2a: Flutter Mane|Substitute|p2a: Flutter Mane\n|-start|p2a: Flutter Mane|Substitute\n|-damage|p2a: Flutter Mane|76\/100\n|move|p2b: Ogerpon|Ivy Cudgel|p1a: Gholdengo|[anim] Ivy Cudgel Fire\n|-resisted|p1a: Gholdengo\n|-damage|p1a: Gholdengo|23\/100\n|move|p1a: Gholdengo|Make It Rain|p2b: Ogerpon|[spread] p2a,p2b\n|-supereffective|p2a: Flutter Mane\n|-end|p2a: Flutter Mane|Substitute\n|-resisted|p2b: Ogerpon\n|-damage|p2b: Ogerpon|0 fnt\n|-unboost|p1a: Gholdengo|spa|1\n|faint|p2b: Ogerpon\n|move|p1b: Iron Hands|Drain Punch|p2a: Flutter Mane\n|-immune|p2a: Flutter Mane\n|\n|-heal|p1a: Gholdengo|29\/100|[from] item: Leftovers\n|upkeep\n|\n|t:|1700718225\n|switch|p2b: Iron Hands|Iron Hands, L50|52\/100\n|turn|8\n|\n|t:|1700718233\n|move|p1a: Gholdengo|Protect|p1a: Gholdengo\n|-singleturn|p1a: Gholdengo|Protect\n|move|p2b: Iron Hands|Fake Out|p1a: Gholdengo\n|-activate|p1a: Gholdengo|move: Protect\n|move|p2a: Flutter Mane|Moonblast|p1b: Iron Hands\n|-supereffective|p1b: Iron Hands\n|-damage|p1b: Iron Hands|32\/100\n|move|p1b: Iron Hands|Heavy Slam|p2a: Flutter Mane\n|-supereffective|p2a: Flutter Mane\n|-damage|p2a: Flutter Mane|0 fnt\n|faint|p2a: Flutter Mane\n|-end|p2a: Flutter Mane|Protosynthesis|[silent]\n|\n|-heal|p1a: Gholdengo|35\/100|[from] item: Leftovers\n|upkeep\n|turn|9\n|\n|t:|1700718249\n|move|p1a: Gholdengo|Shadow Ball|p2b: Iron Hands\n|-damage|p2b: Iron Hands|19\/100\n|move|p2b: Iron Hands|Drain Punch|p1a: Gholdengo\n|-damage|p1a: Gholdengo|0 fnt\n|-heal|p2b: Iron Hands|32\/100|[from] drain|[of] p1a: Gholdengo\n|faint|p1a: Gholdengo\n|move|p1b: Iron Hands|Drain Punch|p2b: Iron Hands\n|-damage|p2b: Iron Hands|0 fnt\n|-heal|p1b: Iron Hands|48\/100|[from] drain|[of] p2b: Iron Hands\n|faint|p2b: Iron Hands\n|-end|p2b: Iron Hands|Quark Drive|[silent]\n|\n|win|Zay_0\n|raw|Zay_0's rating: 1219 &rarr; <strong>1250<\/strong><br \/>(+31 for winning)\n|raw|mochipupusa's rating: 1309 &rarr; <strong>1284<\/strong><br \/>(-25 for losing)\n","uploadtime":1700718264,"views":5,"p1id":"zay0","p2id":"mochipupusa","formatid":"gen9vgc2023regulatione","rating":1250,"private":0,"password":""}