{"id":"gen9vgc2023regulatione-1992772270","p1":"Solringturn1","p2":"suchmeta","format":"[Gen 9] VGC 2023 Regulation E","log":"|j|\u2606Solringturn1\n|j|\u2606suchmeta\n|t:|1700234096\n|gametype|doubles\n|player|p1|Solringturn1|2|1254\n|player|p2|suchmeta|li|1357\n|teamsize|p1|6\n|teamsize|p2|6\n|gen|9\n|tier|[Gen 9] VGC 2023 Regulation E\n|rated|\n|rule|Species Clause: Limit one of each Pok\u00e9mon\n|rule|Item Clause: Limit one of each item\n|clearpoke\n|poke|p1|Ursaluna, L50, M|\n|poke|p1|Sinistcha, L50|\n|poke|p1|Farigiraf, L50, F|\n|poke|p1|Iron Hands, L50|\n|poke|p1|Clefairy, L50, M|\n|poke|p1|Heatran, L50, M|\n|poke|p2|Ogerpon-Wellspring, L50, F|\n|poke|p2|Arcanine-Hisui, L50, M|\n|poke|p2|Zapdos-Galar, L50|\n|poke|p2|Tornadus, L50, M|\n|poke|p2|Flutter Mane, L50|\n|poke|p2|Gholdengo, L50|\n|teampreview|4\n|\n|t:|1700234154\n|start\n|switch|p1a: Farigiraf|Farigiraf, L50, F|100\/100\n|switch|p1b: Heatran|Heatran, L50, M|100\/100\n|switch|p2a: Gholdengo|Gholdengo, L50|100\/100\n|switch|p2b: Flutter Mane|Flutter Mane, L50|100\/100\n|turn|1\n|\n|t:|1700234170\n|-terastallize|p2a: Gholdengo|Dragon\n|move|p2b: Flutter Mane|Moonblast|p1a: Farigiraf\n|-damage|p1a: Farigiraf|42\/100\n|-unboost|p1a: Farigiraf|spa|1\n|move|p2a: Gholdengo|Make It Rain|p1a: Farigiraf|[spread] p1a,p1b\n|-resisted|p1b: Heatran\n|-damage|p1a: Farigiraf|0 fnt\n|-damage|p1b: Heatran|87\/100\n|-unboost|p2a: Gholdengo|spa|1\n|faint|p1a: Farigiraf\n|move|p1b: Heatran|Heat Wave|p2b: Flutter Mane|[spread] p2a,p2b\n|-resisted|p2a: Gholdengo\n|-damage|p2a: Gholdengo|81\/100\n|-damage|p2b: Flutter Mane|59\/100\n|\n|upkeep\n|\n|t:|1700234184\n|switch|p1a: Ursaluna|Ursaluna, L50, M|100\/100\n|turn|2\n|\n|t:|1700234197\n|switch|p2a: Arcanine|Arcanine-Hisui, L50, M|100\/100\n|-ability|p2a: Arcanine|Intimidate|boost\n|-unboost|p1a: Ursaluna|atk|1\n|-unboost|p1b: Heatran|atk|1\n|-terastallize|p1a: Ursaluna|Poison\n|move|p1b: Heatran|Protect|p1b: Heatran\n|-singleturn|p1b: Heatran|Protect\n|move|p2b: Flutter Mane|Icy Wind|p1b: Heatran|[spread] p1a\n|-activate|p1b: Heatran|move: Protect\n|-damage|p1a: Ursaluna|86\/100\n|-unboost|p1a: Ursaluna|spe|1\n|move|p1a: Ursaluna|Earthquake|p2b: Flutter Mane|[spread] p2a,p2b\n|-activate|p1b: Heatran|move: Protect\n|-supereffective|p2a: Arcanine\n|-damage|p2a: Arcanine|0 fnt\n|-damage|p2b: Flutter Mane|0 fnt\n|faint|p2a: Arcanine\n|faint|p2b: Flutter Mane\n|-end|p2b: Flutter Mane|Protosynthesis|[silent]\n|\n|upkeep\n|\n|t:|1700234206\n|switch|p2b: Gholdengo|Gholdengo, L50, tera:Dragon|81\/100\n|switch|p2a: Ogerpon|Ogerpon-Wellspring, L50, F|100\/100\n|turn|3\n|\n|t:|1700234226\n|switch|p1a: Clefairy|Clefairy, L50, M|100\/100\n|move|p2a: Ogerpon|Ivy Cudgel|p1a: Clefairy|[anim] Ivy Cudgel Water\n|-damage|p1a: Clefairy|58\/100\n|move|p2b: Gholdengo|Nasty Plot|p2b: Gholdengo\n|-boost|p2b: Gholdengo|spa|2\n|move|p1b: Heatran|Will-O-Wisp|p2a: Ogerpon|[miss]\n|-miss|p1b: Heatran|p2a: Ogerpon\n|\n|upkeep\n|turn|4\n|\n|t:|1700234260\n|move|p1a: Clefairy|Protect|p1a: Clefairy\n|-singleturn|p1a: Clefairy|Protect\n|move|p2a: Ogerpon|Horn Leech|p1b: Heatran\n|-resisted|p1b: Heatran\n|-damage|p1b: Heatran|81\/100\n|move|p2b: Gholdengo|Make It Rain|p1b: Heatran|[spread] p1b\n|-activate|p1a: Clefairy|move: Protect\n|-resisted|p1b: Heatran\n|-damage|p1b: Heatran|61\/100\n|-unboost|p2b: Gholdengo|spa|1\n|move|p1b: Heatran|Heat Wave|p2b: Gholdengo|[spread] p2a\n|-miss|p1b: Heatran|p2b: Gholdengo\n|-damage|p2a: Ogerpon|57\/100\n|\n|upkeep\n|turn|5\n|\n|t:|1700234279\n|move|p2a: Ogerpon|Ivy Cudgel|p1b: Heatran|[anim] Ivy Cudgel Water\n|-supereffective|p1b: Heatran\n|-damage|p1b: Heatran|0 fnt\n|faint|p1b: Heatran\n|move|p2b: Gholdengo|Make It Rain|p1a: Clefairy\n|-supereffective|p1a: Clefairy\n|-damage|p1a: Clefairy|0 fnt\n|-unboost|p2b: Gholdengo|spa|1\n|faint|p1a: Clefairy\n|\n|upkeep\n|\n|t:|1700234285\n|switch|p1a: Ursaluna|Ursaluna, L50, M, tera:Poison|86\/100\n|turn|6\n|\n|t:|1700234293\n|move|p2a: Ogerpon|Ivy Cudgel|p1a: Ursaluna|[anim] Ivy Cudgel Water\n|-crit|p1a: Ursaluna\n|-damage|p1a: Ursaluna|23\/100\n|-enditem|p1a: Ursaluna|Sitrus Berry|[eat]\n|-heal|p1a: Ursaluna|48\/100|[from] item: Sitrus Berry\n|move|p2b: Gholdengo|Shadow Ball|p1a: Ursaluna\n|-crit|p1a: Ursaluna\n|-damage|p1a: Ursaluna|0 fnt\n|faint|p1a: Ursaluna\n|\n|win|suchmeta\n|raw|Solringturn1's rating: 1254 &rarr; <strong>1236<\/strong><br \/>(-18 for losing)\n|raw|suchmeta's rating: 1357 &rarr; <strong>1371<\/strong><br \/>(+14 for winning)\n","uploadtime":1700234298,"views":30,"p1id":"solringturn1","p2id":"suchmeta","formatid":"gen9vgc2023regulatione","rating":1236,"private":0,"password":""}