{"id":"gen9vgc2023regulatione-1995869527","p1":"Atilla Alsan","p2":"Abro hilo","format":"[Gen 9] VGC 2023 Regulation E","log":"|j|\u2606Atilla Alsan\n|j|\u2606Abro hilo\n|t:|1700611694\n|gametype|doubles\n|player|p1|Atilla Alsan|pokemonranger-gen4|1237\n|player|p2|Abro hilo|pilot|1304\n|teamsize|p1|6\n|teamsize|p2|6\n|gen|9\n|tier|[Gen 9] VGC 2023 Regulation E\n|rated|\n|rule|Species Clause: Limit one of each Pok\u00e9mon\n|rule|Item Clause: Limit one of each item\n|clearpoke\n|poke|p1|Tauros-Paldea-Blaze, L50, M|\n|poke|p1|Tornadus, L50, M|\n|poke|p1|Landorus-Therian, L50, M|\n|poke|p1|Flutter Mane, L50|\n|poke|p1|Kingambit, L50, M|\n|poke|p1|Ogerpon-Wellspring, L50, F|\n|poke|p2|Arcanine-Hisui, L50, M|\n|poke|p2|Chien-Pao, L50|\n|poke|p2|Empoleon, L50, F|\n|poke|p2|Iron Hands, L50|\n|poke|p2|Flutter Mane, L50|\n|poke|p2|Amoonguss, L50, M|\n|teampreview|4\n|c|\u2606Atilla Alsan|Gl hf\n|\n|t:|1700611758\n|start\n|switch|p1a: Kingambit|Kingambit, L50, M|100\/100\n|switch|p1b: Flutter Mane|Flutter Mane, L50|100\/100\n|switch|p2a: Flutter Mane|Flutter Mane, L50|100\/100\n|switch|p2b: Amoonguss|Amoonguss, L50, M, shiny|100\/100\n|-enditem|p1b: Flutter Mane|Booster Energy\n|-activate|p1b: Flutter Mane|ability: Protosynthesis|[fromitem]\n|-start|p1b: Flutter Mane|protosynthesisspa\n|turn|1\n|\n|t:|1700611782\n|-end|p2a: Flutter Mane|Protosynthesis|[silent]\n|switch|p2a: Chien-Pao|Chien-Pao, L50|100\/100\n|-ability|p2a: Chien-Pao|Sword of Ruin\n|move|p1b: Flutter Mane|Shadow Ball|p2a: Chien-Pao\n|-resisted|p2a: Chien-Pao\n|-crit|p2a: Chien-Pao\n|-damage|p2a: Chien-Pao|25\/100\n|move|p1a: Kingambit|Swords Dance|p1a: Kingambit\n|-boost|p1a: Kingambit|atk|2\n|move|p2b: Amoonguss|Spore|p1b: Flutter Mane\n|-status|p1b: Flutter Mane|slp|[from] move: Spore\n|\n|upkeep\n|turn|2\n|\n|t:|1700611810\n|-end|p1b: Flutter Mane|Protosynthesis|[silent]\n|switch|p1b: Ogerpon|Ogerpon-Wellspring, L50, F|100\/100\n|move|p2b: Amoonguss|Rage Powder|p2b: Amoonguss\n|-singleturn|p2b: Amoonguss|move: Rage Powder\n|move|p2a: Chien-Pao|Sacred Sword|p1a: Kingambit\n|-supereffective|p1a: Kingambit\n|-crit|p1a: Kingambit\n|-damage|p1a: Kingambit|0 fnt\n|faint|p1a: Kingambit\n|\n|upkeep\n|\n|t:|1700611823\n|switch|p1a: Landorus|Landorus-Therian, L50, M|100\/100\n|-ability|p1a: Landorus|Intimidate|boost\n|-unboost|p2a: Chien-Pao|atk|1\n|-unboost|p2b: Amoonguss|atk|1\n|turn|3\n|\n|t:|1700611838\n|switch|p2a: Iron Hands|Iron Hands, L50|100\/100\n|-terastallize|p1b: Ogerpon|Water\n|detailschange|p1b: Ogerpon|Ogerpon-Wellspring-Tera, L50, F, tera:Water\n|-ability|p1b: Ogerpon|Embody Aspect (Wellspring)|boost\n|-boost|p1b: Ogerpon|spd|1\n|move|p1b: Ogerpon|Follow Me|p1b: Ogerpon\n|-singleturn|p1b: Ogerpon|move: Follow Me\n|move|p1a: Landorus|Stomping Tantrum|p2b: Amoonguss\n|-damage|p2b: Amoonguss|65\/100\n|-damage|p1a: Landorus|84\/100|[from] item: Rocky Helmet|[of] p2b: Amoonguss\n|move|p2b: Amoonguss|Clear Smog|p1b: Ogerpon\n|-damage|p1b: Ogerpon|86\/100\n|-clearboost|p1b: Ogerpon\n|\n|upkeep\n|turn|4\n|\n|t:|1700611876\n|move|p1b: Ogerpon|Spiky Shield|p1b: Ogerpon\n|-singleturn|p1b: Ogerpon|move: Protect\n|move|p2b: Amoonguss|Rage Powder|p2b: Amoonguss\n|-singleturn|p2b: Amoonguss|move: Rage Powder\n|move|p1a: Landorus|Stomping Tantrum|p2b: Amoonguss\n|-damage|p2b: Amoonguss|29\/100\n|-damage|p1a: Landorus|68\/100|[from] item: Rocky Helmet|[of] p2b: Amoonguss\n|move|p2a: Iron Hands|Wild Charge|p1b: Ogerpon\n|-activate|p1b: Ogerpon|move: Protect\n|-damage|p2a: Iron Hands|88\/100|[from] Spiky Shield|[of] p1b: Ogerpon\n|\n|upkeep\n|turn|5\n|\n|t:|1700611897\n|switch|p2b: Chien-Pao|Chien-Pao, L50|25\/100\n|-ability|p2b: Chien-Pao|Sword of Ruin\n|-terastallize|p2a: Iron Hands|Grass\n|move|p1b: Ogerpon|Spiky Shield||[still]\n|-fail|p1b: Ogerpon\n|move|p1a: Landorus|Stomping Tantrum|p2a: Iron Hands\n|-resisted|p2a: Iron Hands\n|-damage|p2a: Iron Hands|69\/100\n|move|p2a: Iron Hands|Wild Charge|p1b: Ogerpon\n|-supereffective|p1b: Ogerpon\n|-damage|p1b: Ogerpon|0 fnt\n|faint|p1b: Ogerpon\n|-damage|p2a: Iron Hands|54\/100|[from] Recoil\n|\n|upkeep\n|\n|t:|1700611910\n|switch|p1b: Flutter Mane|Flutter Mane, L50|100\/100 slp\n|turn|6\n|\n|t:|1700611923\n|-end|p2a: Iron Hands|Quark Drive|[silent]\n|switch|p2a: Amoonguss|Amoonguss, L50, M, shiny|62\/100\n|move|p2b: Chien-Pao|Protect|p2b: Chien-Pao\n|-singleturn|p2b: Chien-Pao|Protect\n|move|p1a: Landorus|Stomping Tantrum|p2a: Amoonguss\n|-damage|p2a: Amoonguss|21\/100\n|-damage|p1a: Landorus|51\/100|[from] item: Rocky Helmet|[of] p2a: Amoonguss\n|cant|p1b: Flutter Mane|slp\n|\n|upkeep\n|turn|7\n|\n|t:|1700611940\n|move|p2a: Amoonguss|Rage Powder|p2a: Amoonguss\n|-singleturn|p2a: Amoonguss|move: Rage Powder\n|move|p1a: Landorus|Stomping Tantrum|p2a: Amoonguss\n|-damage|p2a: Amoonguss|0 fnt\n|-damage|p1a: Landorus|35\/100|[from] item: Rocky Helmet|[of] p2a: Amoonguss\n|faint|p2a: Amoonguss\n|cant|p1b: Flutter Mane|slp\n|move|p2b: Chien-Pao|Icicle Crash|p1a: Landorus|[miss]\n|-miss|p2b: Chien-Pao|p1a: Landorus\n|\n|upkeep\n|\n|t:|1700611946\n|switch|p2a: Flutter Mane|Flutter Mane, L50|100\/100\n|turn|8\n|\n|t:|1700611955\n|move|p2b: Chien-Pao|Sucker Punch|p1a: Landorus\n|-damage|p1a: Landorus|0 fnt\n|faint|p1a: Landorus\n|move|p2a: Flutter Mane|Shadow Ball|p1b: Flutter Mane\n|-supereffective|p1b: Flutter Mane\n|-damage|p1b: Flutter Mane|0 fnt\n|faint|p1b: Flutter Mane\n|-end|p1b: Flutter Mane|Protosynthesis|[silent]\n|\n|win|Abro hilo\n|raw|Atilla Alsan's rating: 1237 &rarr; <strong>1217<\/strong><br \/>(-20 for losing)\n|raw|Abro hilo's rating: 1304 &rarr; <strong>1320<\/strong><br \/>(+16 for winning)\n","uploadtime":1700611964,"views":9,"p1id":"atillaalsan","p2id":"abrohilo","formatid":"gen9vgc2023regulatione","rating":1217,"private":0,"password":""}