{"id":"gen9vgc2023regulatione-1999093552","p1":"haamgamer07","p2":"Doomguy1016","format":"[Gen 9] VGC 2023 Regulation E","log":"|j|\u2606haamgamer07\n|j|\u2606Doomguy1016\n|t:|1701032439\n|gametype|doubles\n|player|p1|haamgamer07|169|1332\n|player|p2|Doomguy1016|red|1412\n|teamsize|p1|6\n|teamsize|p2|6\n|gen|9\n|tier|[Gen 9] VGC 2023 Regulation E\n|rated|\n|rule|Species Clause: Limit one of each Pok\u00e9mon\n|rule|Item Clause: Limit one of each item\n|clearpoke\n|poke|p1|Flutter Mane, L50|\n|poke|p1|Iron Hands, L50|\n|poke|p1|Ogerpon-Hearthflame, L50, F|\n|poke|p1|Cresselia, L50, F|\n|poke|p1|Ursaluna, L50, F|\n|poke|p1|Empoleon, L50, M|\n|poke|p2|Urshifu-*, L50, M|\n|poke|p2|Iron Bundle, L50|\n|poke|p2|Landorus-Therian, L50, M|\n|poke|p2|Dragonite, L50, M|\n|poke|p2|Heatran, L50, F|\n|poke|p2|Flutter Mane, L50|\n|teampreview|4\n|inactive|Battle timer is ON: inactive players will automatically lose when time's up. (requested by haamgamer07)\n|inactive|haamgamer07 has 60 seconds left.\n|inactive|Doomguy1016 has 60 seconds left.\n|\n|t:|1701032501\n|start\n|switch|p1a: Cresselia|Cresselia, L50, F|100\/100\n|switch|p1b: Iron Hands|Iron Hands, L50|100\/100\n|switch|p2a: Dragonite|Dragonite, L50, M|100\/100\n|switch|p2b: Flutter Mane|Flutter Mane, L50|100\/100\n|turn|1\n|inactive|haamgamer07 has 30 seconds left.\n|\n|t:|1701032527\n|-end|p1b: Iron Hands|Quark Drive|[silent]\n|switch|p1b: Empoleon|Empoleon, L50, M|100\/100\n|-terastallize|p1a: Cresselia|Fairy\n|move|p2b: Flutter Mane|Shadow Ball|p1a: Cresselia\n|-damage|p1a: Cresselia|53\/100\n|move|p2a: Dragonite|Iron Head|p1a: Cresselia\n|-supereffective|p1a: Cresselia\n|-damage|p1a: Cresselia|17\/100\n|move|p1a: Cresselia|Trick Room|p1a: Cresselia\n|-fieldstart|move: Trick Room|[of] p1a: Cresselia\n|\n|upkeep\n|turn|2\n|\n|t:|1701032551\n|-end|p2b: Flutter Mane|Protosynthesis|[silent]\n|switch|p2b: Landorus|Landorus-Therian, L50, M|100\/100\n|-ability|p2b: Landorus|Intimidate|boost\n|-unboost|p1a: Cresselia|atk|1\n|-unboost|p1b: Empoleon|atk|1\n|-ability|p1b: Empoleon|Competitive|boost\n|-boost|p1b: Empoleon|spa|2\n|move|p2a: Dragonite|Extreme Speed|p1a: Cresselia\n|-damage|p1a: Cresselia|0 fnt\n|faint|p1a: Cresselia\n|move|p1b: Empoleon|Flash Cannon|p2b: Landorus\n|-damage|p2b: Landorus|15\/100\n|\n|upkeep\n|\n|t:|1701032566\n|switch|p1a: Ursaluna|Ursaluna, L50, F|100\/100\n|turn|3\n|\n|t:|1701032584\n|move|p1a: Ursaluna|Protect|p1a: Ursaluna\n|-singleturn|p1a: Ursaluna|Protect\n|move|p1b: Empoleon|Water Pledge|p2b: Landorus\n|-supereffective|p2b: Landorus\n|-damage|p2b: Landorus|0 fnt\n|faint|p2b: Landorus\n|move|p2a: Dragonite|Stomping Tantrum|p1b: Empoleon\n|-supereffective|p1b: Empoleon\n|-damage|p1b: Empoleon|39\/100\n|\n|-status|p1a: Ursaluna|brn|[from] item: Flame Orb\n|upkeep\n|\n|t:|1701032606\n|switch|p2b: Urshifu|Urshifu, L50, M|100\/100\n|turn|4\n|\n|t:|1701032621\n|move|p2b: Urshifu|Sucker Punch|p1b: Empoleon\n|-damage|p1b: Empoleon|0 fnt\n|faint|p1b: Empoleon\n|move|p1a: Ursaluna|Headlong Rush|p2b: Urshifu\n|-damage|p2b: Urshifu|0 fnt\n|-unboost|p1a: Ursaluna|def|1\n|-unboost|p1a: Ursaluna|spd|1\n|faint|p2b: Urshifu\n|move|p2a: Dragonite|Aerial Ace|p1a: Ursaluna\n|-damage|p1a: Ursaluna|58\/100 brn\n|\n|-damage|p1a: Ursaluna|52\/100 brn|[from] brn\n|upkeep\n|\n|t:|1701032634\n|switch|p1b: Iron Hands|Iron Hands, L50|100\/100\n|switch|p2b: Flutter Mane|Flutter Mane, L50|100\/100\n|turn|5\n|\n|t:|1701032650\n|-terastallize|p2b: Flutter Mane|Water\n|move|p1a: Ursaluna|Facade|p2a: Dragonite\n|-damage|p2a: Dragonite|0 fnt\n|faint|p2a: Dragonite\n|move|p1b: Iron Hands|Wild Charge|p2b: Flutter Mane\n|-supereffective|p2b: Flutter Mane\n|-damage|p2b: Flutter Mane|0 fnt\n|faint|p2b: Flutter Mane\n|-end|p2b: Flutter Mane|Protosynthesis|[silent]\n|-damage|p1b: Iron Hands|86\/100|[from] Recoil\n|\n|win|haamgamer07\n|raw|haamgamer07's rating: 1332 &rarr; <strong>1357<\/strong><br \/>(+25 for winning)\n|raw|Doomguy1016's rating: 1412 &rarr; <strong>1387<\/strong><br \/>(-25 for losing)\n|l|\u2606Doomguy1016\n","uploadtime":1701032739,"views":3,"p1id":"haamgamer07","p2id":"doomguy1016","formatid":"gen9vgc2023regulatione","rating":1357,"private":0,"password":""}