{"id":"gen9vgc2023regulatione-1997425903","p1":"kmud8","p2":"Marcolqk","format":"[Gen 9] VGC 2023 Regulation E","log":"|j|\u2606kmud8\n|j|\u2606Marcolqk\n|t:|1700803189\n|gametype|doubles\n|player|p1|kmud8|hilbert|1093\n|player|p2|Marcolqk|169|1185\n|teamsize|p1|6\n|teamsize|p2|6\n|gen|9\n|tier|[Gen 9] VGC 2023 Regulation E\n|rated|\n|rule|Species Clause: Limit one of each Pok\u00e9mon\n|rule|Item Clause: Limit one of each item\n|clearpoke\n|poke|p1|Chimecho, L50, F|\n|poke|p1|Bellibolt, L50, M|\n|poke|p1|Cinderace, L50, F|\n|poke|p1|Shiftry, L50, F|\n|poke|p1|Enamorus, L50, F|\n|poke|p1|Basculin, L50, M|\n|poke|p2|Chien-Pao, L50|\n|poke|p2|Rillaboom, L50, M|\n|poke|p2|Arcanine-Hisui, L50, F|\n|poke|p2|Urshifu-*, L50, F|\n|poke|p2|Tornadus, L50, M|\n|poke|p2|Flutter Mane, L50|\n|teampreview|4\n|inactive|Battle timer is ON: inactive players will automatically lose when time's up. (requested by Marcolqk)\n|inactive|kmud8 has 60 seconds left.\n|\n|t:|1700803242\n|start\n|switch|p1a: Chimecho|Chimecho, L50, F|100\/100\n|switch|p1b: Cinderace|Cinderace, L50, F|100\/100\n|switch|p2a: Urshifu|Urshifu-Rapid-Strike, L50, F|100\/100\n|switch|p2b: Tornadus|Tornadus, L50, M, shiny|100\/100\n|turn|1\n|inactive|kmud8 has 30 seconds left.\n|inactive|Marcolqk has 30 seconds left.\n|inactive|kmud8 has 20 seconds left.\n|inactive|kmud8 has 15 seconds left.\n|inactive|kmud8 has 10 seconds left.\n|inactive|kmud8 has 5 seconds left.\n|\n|t:|1700803297\n|-terastallize|p2a: Urshifu|Water\n|move|p1a: Chimecho|Ally Switch|p1a: Chimecho\n|swap|p1a: Chimecho|1|[from] move: Ally Switch\n|move|p2b: Tornadus|Rain Dance|p2b: Tornadus\n|-weather|RainDance\n|move|p1a: Cinderace|Taunt|p2a: Urshifu\n|-start|p1a: Cinderace|typechange|Dark|[from] ability: Libero\n|-start|p2a: Urshifu|move: Taunt\n|move|p2a: Urshifu|Surging Strikes|p1a: Cinderace\n|-crit|p1a: Cinderace\n|-damage|p1a: Cinderace|33\/100\n|-crit|p1a: Cinderace\n|-damage|p1a: Cinderace|0 fnt\n|faint|p1a: Cinderace\n|-hitcount|p1: Cinderace|2\n|\n|-weather|RainDance|[upkeep]\n|upkeep\n|\n|t:|1700803314\n|switch|p1a: Shiftry|Shiftry, L50, F|100\/100\n|turn|2\n|\n|t:|1700803333\n|move|p1b: Chimecho|Ally Switch||[still]\n|-fail|p1b: Chimecho\n|move|p2a: Urshifu|Surging Strikes|p1b: Chimecho\n|-crit|p1b: Chimecho\n|-damage|p1b: Chimecho|38\/100\n|-crit|p1b: Chimecho\n|-damage|p1b: Chimecho|0 fnt\n|faint|p1b: Chimecho\n|-hitcount|p1: Chimecho|2\n|move|p2b: Tornadus|Bleakwind Storm|p1a: Shiftry\n|-ability|p1a: Shiftry|Wind Rider|boost\n|-boost|p1a: Shiftry|atk|1\n|move|p1a: Shiftry|Leaf Blade|p2a: Urshifu\n|-supereffective|p2a: Urshifu\n|-damage|p2a: Urshifu|0 fnt\n|faint|p2a: Urshifu\n|\n|-weather|RainDance|[upkeep]\n|upkeep\n|\n|t:|1700803348\n|switch|p2a: Arcanine|Arcanine-Hisui, L50, F, shiny|100\/100\n|switch|p1b: Enamorus|Enamorus, L50, F|100\/100\n|-ability|p2a: Arcanine|Intimidate|boost\n|-unboost|p1a: Shiftry|atk|1\n|-boost|p1b: Enamorus|atk|1\n|turn|3\n|inactive|kmud8 has 30 seconds left.\n|\n|t:|1700803375\n|switch|p2b: Rillaboom|Rillaboom, L50, M|100\/100\n|-fieldstart|move: Grassy Terrain|[from] ability: Grassy Surge|[of] p2b: Rillaboom\n|move|p1b: Enamorus|Earth Power|p2a: Arcanine\n|-supereffective|p2a: Arcanine\n|-damage|p2a: Arcanine|0 fnt\n|faint|p2a: Arcanine\n|move|p1a: Shiftry|Knock Off|p2b: Rillaboom\n|-damage|p2b: Rillaboom|61\/100\n|-enditem|p2b: Rillaboom|Assault Vest|[from] move: Knock Off|[of] p1a: Shiftry\n|\n|-weather|RainDance|[upkeep]\n|-heal|p2b: Rillaboom|67\/100|[from] Grassy Terrain\n|upkeep\n|\n|t:|1700803388\n|switch|p2a: Tornadus|Tornadus, L50, M, shiny|100\/100\n|turn|4\n|\n|t:|1700803403\n|-terastallize|p1b: Enamorus|Steel\n|move|p2b: Rillaboom|Fake Out|p1a: Shiftry\n|-damage|p1a: Shiftry|79\/100\n|move|p1b: Enamorus|Springtide Storm|p2a: Tornadus|[spread] p2a,p2b\n|-damage|p2a: Tornadus|71\/100\n|-damage|p2b: Rillaboom|24\/100\n|-unboost|p2b: Rillaboom|atk|1\n|move|p2a: Tornadus|Bleakwind Storm|p1a: Shiftry|[spread] p1b\n|-ability|p1a: Shiftry|Wind Rider|boost\n|-boost|p1a: Shiftry|atk|1\n|-resisted|p1b: Enamorus\n|-damage|p1b: Enamorus|78\/100\n|cant|p1a: Shiftry|flinch\n|\n|-weather|RainDance|[upkeep]\n|-heal|p1b: Enamorus|84\/100|[from] Grassy Terrain\n|-heal|p1a: Shiftry|85\/100|[from] Grassy Terrain\n|-heal|p2b: Rillaboom|29\/100|[from] Grassy Terrain\n|upkeep\n|turn|5\n|\n|t:|1700803424\n|move|p1b: Enamorus|Springtide Storm|p2a: Tornadus|[spread] \n|-miss|p1b: Enamorus|p2a: Tornadus\n|-miss|p1b: Enamorus|p2b: Rillaboom\n|move|p2a: Tornadus|Bleakwind Storm|p1b: Enamorus|[spread] p1b\n|-ability|p1a: Shiftry|Wind Rider|boost\n|-boost|p1a: Shiftry|atk|1\n|-resisted|p1b: Enamorus\n|-damage|p1b: Enamorus|63\/100\n|move|p1a: Shiftry|Knock Off|p2a: Tornadus\n|-damage|p2a: Tornadus|0 fnt\n|-damage|p1a: Shiftry|69\/100|[from] item: Rocky Helmet|[of] p2a: Tornadus\n|-enditem|p2a: Tornadus|Rocky Helmet|[from] move: Knock Off|[of] p1a: Shiftry\n|faint|p2a: Tornadus\n|move|p2b: Rillaboom|Wood Hammer|p1b: Enamorus\n|-resisted|p1b: Enamorus\n|-damage|p1b: Enamorus|17\/100\n|-enditem|p1b: Enamorus|Aguav Berry|[eat]\n|-heal|p1b: Enamorus|50\/100|[from] item: Aguav Berry\n|-damage|p2b: Rillaboom|19\/100|[from] Recoil\n|\n|-weather|none\n|-heal|p1b: Enamorus|56\/100|[from] Grassy Terrain\n|-heal|p1a: Shiftry|75\/100|[from] Grassy Terrain\n|-heal|p2b: Rillaboom|25\/100|[from] Grassy Terrain\n|upkeep\n|turn|6\n|-message|Marcolqk forfeited.\n|\n|win|kmud8\n|raw|kmud8's rating: 1093 &rarr; <strong>1126<\/strong><br \/>(+33 for winning)\n|raw|Marcolqk's rating: 1185 &rarr; <strong>1154<\/strong><br \/>(-31 for losing)\n|l|\u2606Marcolqk\n","uploadtime":1700803448,"views":3,"p1id":"kmud8","p2id":"marcolqk","formatid":"gen9vgc2023regulatione","rating":1126,"private":0,"password":""}