{"id":"gen9vgc2023regulatione-1988729082","p1":"Vengeful potato","p2":"snowperegrine","format":"[Gen 9] VGC 2023 Regulation E","log":"|j|\u2606Vengeful potato\n|j|\u2606snowperegrine\n|t:|1699755725\n|gametype|doubles\n|player|p1|Vengeful potato|swimmer|1517\n|player|p2|snowperegrine|palmer|1499\n|teamsize|p1|6\n|teamsize|p2|6\n|gen|9\n|tier|[Gen 9] VGC 2023 Regulation E\n|rated|\n|rule|Species Clause: Limit one of each Pok\u00e9mon\n|rule|Item Clause: Limit one of each item\n|clearpoke\n|poke|p1|Articuno-Galar, L50|\n|poke|p1|Maushold, L50|\n|poke|p1|Urshifu-*, L50, F|\n|poke|p1|Sinistcha-Masterpiece, L50|\n|poke|p1|Heatran, L50, F|\n|poke|p1|Regidrago, L50|\n|poke|p2|Ogerpon-Hearthflame, L50, F|\n|poke|p2|Rillaboom, L50, F|\n|poke|p2|Roaring Moon, L50|\n|poke|p2|Landorus-Therian, L50, M|\n|poke|p2|Milotic, L50, F|\n|poke|p2|Urshifu-*, L50, F|\n|teampreview|4\n|\n|t:|1699755784\n|start\n|switch|p1a: The Rizzler\ud83d\ude31\ud83d\udcaf\ud83d\udde3\ufe0f|Articuno-Galar, L50, shiny|100\/100\n|switch|p1b: Despereaux|Maushold, L50, shiny|100\/100\n|switch|p2a: Urshifu|Urshifu, L50, F|100\/100\n|switch|p2b: Ogerpon|Ogerpon-Hearthflame, L50, F|100\/100\n|-ability|p2b: Ogerpon|Mold Breaker\n|turn|1\n|j| White653\n|\n|t:|1699755805\n|move|p1b: Despereaux|Follow Me|p1b: Despereaux\n|-singleturn|p1b: Despereaux|move: Follow Me\n|move|p2b: Ogerpon|Ivy Cudgel|p1b: Despereaux\n|-crit|p1b: Despereaux\n|-damage|p1b: Despereaux|15\/100\n|move|p2a: Urshifu|Wicked Blow|p1b: Despereaux\n|-crit|p1b: Despereaux\n|-damage|p1b: Despereaux|0 fnt\n|-damage|p2a: Urshifu|84\/100|[from] item: Rocky Helmet|[of] p1b: Despereaux\n|faint|p1b: Despereaux\n|move|p1a: The Rizzler\ud83d\ude31\ud83d\udcaf\ud83d\udde3\ufe0f|Trick Room|p1a: The Rizzler\ud83d\ude31\ud83d\udcaf\ud83d\udde3\ufe0f\n|-fieldstart|move: Trick Room|[of] p1a: The Rizzler\ud83d\ude31\ud83d\udcaf\ud83d\udde3\ufe0f\n|\n|upkeep\n|\n|t:|1699755813\n|switch|p1b: THE DRAGON BALL\ud83e\udd76|Regidrago, L50, shiny|100\/100\n|turn|2\n|\n|t:|1699755836\n|move|p1b: THE DRAGON BALL\ud83e\udd76|Protect|p1b: THE DRAGON BALL\ud83e\udd76\n|-singleturn|p1b: THE DRAGON BALL\ud83e\udd76|Protect\n|move|p2a: Urshifu|Detect|p2a: Urshifu\n|-singleturn|p2a: Urshifu|Protect\n|move|p2b: Ogerpon|Spiky Shield|p2b: Ogerpon\n|-singleturn|p2b: Ogerpon|move: Protect\n|move|p1a: The Rizzler\ud83d\ude31\ud83d\udcaf\ud83d\udde3\ufe0f|Air Slash|p2a: Urshifu\n|-activate|p2a: Urshifu|move: Protect\n|\n|upkeep\n|turn|3\n|\n|t:|1699755852\n|-terastallize|p2a: Urshifu|Dark\n|move|p2a: Urshifu|Sucker Punch|p1b: THE DRAGON BALL\ud83e\udd76\n|-damage|p1b: THE DRAGON BALL\ud83e\udd76|51\/100\n|move|p1b: THE DRAGON BALL\ud83e\udd76|Dragon Energy|p2a: Urshifu|[spread] p2a,p2b\n|-damage|p2a: Urshifu|15\/100\n|-damage|p2b: Ogerpon|47\/100\n|move|p1a: The Rizzler\ud83d\ude31\ud83d\udcaf\ud83d\udde3\ufe0f|Air Slash|p2b: Ogerpon\n|-supereffective|p2b: Ogerpon\n|-damage|p2b: Ogerpon|0 fnt\n|faint|p2b: Ogerpon\n|\n|upkeep\n|\n|t:|1699755865\n|switch|p2b: Rillaboom|Rillaboom, L50, F|100\/100\n|-fieldstart|move: Grassy Terrain|[from] ability: Grassy Surge|[of] p2b: Rillaboom\n|turn|4\n|j| DittoTang\n|l| DittoTang\n|\n|t:|1699755897\n|move|p1b: THE DRAGON BALL\ud83e\udd76|Protect|p1b: THE DRAGON BALL\ud83e\udd76\n|-singleturn|p1b: THE DRAGON BALL\ud83e\udd76|Protect\n|move|p2b: Rillaboom|Fake Out|p1a: The Rizzler\ud83d\ude31\ud83d\udcaf\ud83d\udde3\ufe0f\n|-crit|p1a: The Rizzler\ud83d\ude31\ud83d\udcaf\ud83d\udde3\ufe0f\n|-damage|p1a: The Rizzler\ud83d\ude31\ud83d\udcaf\ud83d\udde3\ufe0f|83\/100\n|move|p1a: The Rizzler\ud83d\ude31\ud83d\udcaf\ud83d\udde3\ufe0f|Air Slash|p2a: Urshifu\n|-damage|p2a: Urshifu|0 fnt\n|faint|p2a: Urshifu\n|\n|-heal|p1b: THE DRAGON BALL\ud83e\udd76|57\/100|[from] Grassy Terrain\n|upkeep\n|\n|t:|1699755907\n|switch|p2a: Roaring Moon|Roaring Moon, L50|100\/100\n|-enditem|p2a: Roaring Moon|Grassy Seed\n|-boost|p2a: Roaring Moon|def|1|[from] item: Grassy Seed\n|turn|5\n|inactive|Battle timer is ON: inactive players will automatically lose when time's up. (requested by snowperegrine)\n|\n|t:|1699755933\n|move|p2a: Roaring Moon|Protect|p2a: Roaring Moon\n|-singleturn|p2a: Roaring Moon|Protect\n|move|p1b: THE DRAGON BALL\ud83e\udd76|Draco Meteor|p2b: Rillaboom\n|-damage|p2b: Rillaboom|27\/100\n|-unboost|p1b: THE DRAGON BALL\ud83e\udd76|spa|2\n|move|p1a: The Rizzler\ud83d\ude31\ud83d\udcaf\ud83d\udde3\ufe0f|Tailwind|p1a: The Rizzler\ud83d\ude31\ud83d\udcaf\ud83d\udde3\ufe0f\n|-sidestart|p1: Vengeful potato|move: Tailwind\n|move|p2b: Rillaboom|Wood Hammer|p1b: THE DRAGON BALL\ud83e\udd76\n|-resisted|p1b: THE DRAGON BALL\ud83e\udd76\n|-damage|p1b: THE DRAGON BALL\ud83e\udd76|20\/100\n|-damage|p2b: Rillaboom|9\/100|[from] Recoil\n|\n|-heal|p2b: Rillaboom|14\/100|[from] Grassy Terrain\n|-heal|p1b: THE DRAGON BALL\ud83e\udd76|26\/100|[from] Grassy Terrain\n|-fieldend|move: Trick Room\n|upkeep\n|turn|6\n|-message|snowperegrine forfeited.\n|\n|win|Vengeful potato\n|raw|Vengeful potato's rating: 1517 &rarr; <strong>1536<\/strong><br \/>(+19 for winning)\n|raw|snowperegrine's rating: 1499 &rarr; <strong>1480<\/strong><br \/>(-19 for losing)\n|l|\u2606snowperegrine\n|c|\u2606Vengeful potato|Gg\n","uploadtime":1699755960,"views":14,"p1id":"vengefulpotato","p2id":"snowperegrine","formatid":"gen9vgc2023regulatione","rating":1480,"private":0,"password":""}