{"id":"gen9vgc2023regulatione-1990754721","p1":"manyBirbs","p2":"Fadop","format":"[Gen 9] VGC 2023 Regulation E","log":"|j|\u2606manyBirbs\n|j|\u2606Fadop\n|t:|1699997737\n|gametype|doubles\n|player|p1|manyBirbs|yellow|1031\n|player|p2|Fadop|265|1013\n|teamsize|p1|6\n|teamsize|p2|6\n|gen|9\n|tier|[Gen 9] VGC 2023 Regulation E\n|rated|\n|rule|Species Clause: Limit one of each Pok\u00e9mon\n|rule|Item Clause: Limit one of each item\n|clearpoke\n|poke|p1|Oranguru, L50, F|\n|poke|p1|Flutter Mane, L50|\n|poke|p1|Rillaboom, L50, M|\n|poke|p1|Arcanine, L50, F|\n|poke|p1|Urshifu-*, L50, M|\n|poke|p1|Tornadus, L50, M|\n|poke|p2|Urshifu-*, L50, M|\n|poke|p2|Ninetales-Alola, L50, F|\n|poke|p2|Baxcalibur, L50, M|\n|poke|p2|Flutter Mane, L50|\n|poke|p2|Heatran, L50, F|\n|poke|p2|Sinistcha, L50|\n|teampreview|4\n|\n|t:|1699997766\n|start\n|switch|p1a: Sun Tzu|Oranguru, L50, F|100\/100\n|switch|p1b: Double Trouble|Flutter Mane, L50|100\/100\n|switch|p2a: Baxcalibur|Baxcalibur, L50, M|100\/100\n|switch|p2b: Ninetales|Ninetales-Alola, L50, F, shiny|100\/100\n|-weather|Snow|[from] ability: Snow Warning|[of] p2b: Ninetales\n|-enditem|p1b: Double Trouble|Booster Energy\n|-activate|p1a: Sun Tzu|ability: Symbiosis|Choice Specs|[of] p1b: Double Trouble\n|-activate|p1b: Double Trouble|ability: Protosynthesis|[fromitem]\n|-start|p1b: Double Trouble|protosynthesisspe\n|turn|1\n|\n|t:|1699997795\n|-terastallize|p1b: Double Trouble|Fairy\n|-terastallize|p2a: Baxcalibur|Poison\n|move|p1b: Double Trouble|Dazzling Gleam|p2b: Ninetales|[spread] p2a,p2b\n|-resisted|p2a: Baxcalibur\n|-damage|p2a: Baxcalibur|77\/100\n|-damage|p2b: Ninetales|47\/100\n|move|p2b: Ninetales|Blizzard|p1b: Double Trouble|[spread] p1a,p1b\n|-damage|p1a: Sun Tzu|82\/100\n|-damage|p1b: Double Trouble|78\/100\n|move|p2a: Baxcalibur|Icicle Crash|p1a: Sun Tzu\n|-damage|p1a: Sun Tzu|46\/100\n|move|p1a: Sun Tzu|Instruct|p1b: Double Trouble\n|-singleturn|p1b: Double Trouble|move: Instruct|[of] p1a: Sun Tzu\n|move|p1b: Double Trouble|Dazzling Gleam|p2a: Baxcalibur|[spread] p2a,p2b\n|-resisted|p2a: Baxcalibur\n|-damage|p2a: Baxcalibur|50\/100\n|-damage|p2b: Ninetales|0 fnt\n|faint|p2b: Ninetales\n|\n|-weather|Snow|[upkeep]\n|-heal|p2a: Baxcalibur|56\/100|[from] ability: Ice Body\n|-heal|p2a: Baxcalibur|62\/100|[from] item: Leftovers\n|upkeep\n|\n|t:|1699997818\n|switch|p2b: Heatran|Heatran, L50, F|100\/100\n|turn|2\n|\n|t:|1699997836\n|-end|p1b: Double Trouble|Protosynthesis|[silent]\n|switch|p1b: Arcanine|Arcanine, L50, F|100\/100\n|-ability|p1b: Arcanine|Intimidate|boost\n|-unboost|p2a: Baxcalibur|atk|1\n|-unboost|p2b: Heatran|atk|1\n|move|p2a: Baxcalibur|Icicle Crash|p1a: Sun Tzu\n|-damage|p1a: Sun Tzu|21\/100\n|move|p2b: Heatran|Heat Wave|p1a: Sun Tzu|[spread] p1a,p1b\n|-resisted|p1b: Arcanine\n|-damage|p1a: Sun Tzu|0 fnt\n|-damage|p1b: Arcanine|81\/100\n|faint|p1a: Sun Tzu\n|\n|-weather|Snow|[upkeep]\n|-heal|p2a: Baxcalibur|69\/100|[from] ability: Ice Body\n|-heal|p2a: Baxcalibur|75\/100|[from] item: Leftovers\n|upkeep\n|\n|t:|1699997881\n|switch|p1a: Double Trouble|Flutter Mane, L50, tera:Fairy|78\/100\n|turn|3\n|\n|t:|1699997896\n|move|p2a: Baxcalibur|Protect|p2a: Baxcalibur\n|-singleturn|p2a: Baxcalibur|Protect\n|move|p1a: Double Trouble|Shadow Ball|p2b: Heatran\n|-damage|p2b: Heatran|53\/100\n|move|p1b: Arcanine|Will-O-Wisp|p2a: Baxcalibur\n|-activate|p2a: Baxcalibur|move: Protect\n|move|p2b: Heatran|Earth Power|p1b: Arcanine\n|-supereffective|p1b: Arcanine\n|-damage|p1b: Arcanine|14\/100\n|-enditem|p1b: Arcanine|Sitrus Berry|[eat]\n|-heal|p1b: Arcanine|39\/100|[from] item: Sitrus Berry\n|\n|-weather|Snow|[upkeep]\n|-heal|p2a: Baxcalibur|81\/100|[from] ability: Ice Body\n|-heal|p2a: Baxcalibur|87\/100|[from] item: Leftovers\n|upkeep\n|turn|4\n|\n|t:|1699997922\n|move|p1a: Double Trouble|Shadow Ball|p2b: Heatran\n|-damage|p2b: Heatran|4\/100\n|move|p2a: Baxcalibur|Icicle Crash|p1a: Double Trouble\n|-damage|p1a: Double Trouble|30\/100\n|move|p1b: Arcanine|Will-O-Wisp|p2a: Baxcalibur\n|-status|p2a: Baxcalibur|brn\n|move|p2b: Heatran|Earth Power|p1b: Arcanine\n|-supereffective|p1b: Arcanine\n|-damage|p1b: Arcanine|0 fnt\n|faint|p1b: Arcanine\n|\n|-weather|Snow|[upkeep]\n|-heal|p2a: Baxcalibur|93\/100 brn|[from] ability: Ice Body\n|-heal|p2a: Baxcalibur|99\/100 brn|[from] item: Leftovers\n|-damage|p2a: Baxcalibur|93\/100 brn|[from] brn\n|upkeep\n|\n|t:|1699997937\n|switch|p1b: Urshifu|Urshifu-Rapid-Strike, L50, M|100\/100\n|turn|5\n|\n|t:|1699997964\n|move|p1b: Urshifu|Aqua Jet|p2b: Heatran\n|-supereffective|p2b: Heatran\n|-damage|p2b: Heatran|0 fnt\n|faint|p2b: Heatran\n|move|p1a: Double Trouble|Shadow Ball|p2a: Baxcalibur\n|-damage|p2a: Baxcalibur|45\/100 brn\n|move|p2a: Baxcalibur|Icicle Crash|p1b: Urshifu|[miss]\n|-miss|p2a: Baxcalibur|p1b: Urshifu\n|\n|-weather|none\n|-heal|p2a: Baxcalibur|51\/100 brn|[from] item: Leftovers\n|-damage|p2a: Baxcalibur|45\/100 brn|[from] brn\n|upkeep\n|\n|t:|1699997977\n|switch|p2b: Flutter Mane|Flutter Mane, L50|100\/100\n|-enditem|p2b: Flutter Mane|Booster Energy\n|-activate|p2b: Flutter Mane|ability: Protosynthesis|[fromitem]\n|-start|p2b: Flutter Mane|protosynthesisspe\n|turn|6\n|\n|t:|1699997991\n|move|p2a: Baxcalibur|Protect|p2a: Baxcalibur\n|-singleturn|p2a: Baxcalibur|Protect\n|move|p2b: Flutter Mane|Dazzling Gleam|p1b: Urshifu|[spread] p1a,p1b\n|-crit|p1a: Double Trouble\n|-supereffective|p1b: Urshifu\n|-damage|p1a: Double Trouble|0 fnt\n|-damage|p1b: Urshifu|7\/100\n|faint|p1a: Double Trouble\n|-end|p1a: Double Trouble|Protosynthesis|[silent]\n|move|p1b: Urshifu|Surging Strikes|p2b: Flutter Mane\n|-crit|p2b: Flutter Mane\n|-damage|p2b: Flutter Mane|50\/100\n|-crit|p2b: Flutter Mane\n|-damage|p2b: Flutter Mane|0 fnt\n|faint|p2b: Flutter Mane\n|-end|p2b: Flutter Mane|Protosynthesis|[silent]\n|-hitcount|p2: Flutter Mane|2\n|\n|-heal|p2a: Baxcalibur|51\/100 brn|[from] item: Leftovers\n|-damage|p2a: Baxcalibur|45\/100 brn|[from] brn\n|upkeep\n|turn|7\n|\n|t:|1699998010\n|move|p1b: Urshifu|Surging Strikes|p2a: Baxcalibur\n|-crit|p2a: Baxcalibur\n|-damage|p2a: Baxcalibur|24\/100 brn\n|-crit|p2a: Baxcalibur\n|-damage|p2a: Baxcalibur|3\/100 brn\n|-crit|p2a: Baxcalibur\n|-damage|p2a: Baxcalibur|0 fnt\n|faint|p2a: Baxcalibur\n|-hitcount|p2: Baxcalibur|3\n|\n|win|manyBirbs\n|raw|manyBirbs's rating: 1031 &rarr; <strong>1065<\/strong><br \/>(+34 for winning)\n|raw|Fadop's rating: 1013 &rarr; <strong>1002<\/strong><br \/>(-11 for losing)\n|l|\u2606Fadop\n|j| 2cake\n","uploadtime":1699998035,"views":7,"p1id":"manybirbs","p2id":"fadop","formatid":"gen9vgc2023regulatione","rating":1002,"private":0,"password":""}