{"id":"gen9vgc2023regulatione-2000404541","p1":"themismatcher","p2":"Emmylouuu","format":"[Gen 9] VGC 2023 Regulation E","log":"|j|\u2606themismatcher\n|j|\u2606Emmylouuu\n|n|\u2606themismatcher|themismatcher\n|n|\u2606Emmylouuu|emmylouuu\n|html|View the match progress at <a href=\"\/game-bestof3-gen9vgc2023regulatione-2000399496\">game-bestof3-gen9vgc2023regulatione-2000399496<\/a>\n|t:|1701191992\n|gametype|doubles\n|player|p1|themismatcher|102|\n|player|p2|Emmylouuu|266|\n|teamsize|p1|6\n|teamsize|p2|6\n|gen|9\n|tier|[Gen 9] VGC 2023 Regulation E\n|rule|Species Clause: Limit one of each Pok\u00e9mon\n|rule|Item Clause: Limit one of each item\n|clearpoke\n|poke|p1|Chien-Pao, L50|\n|poke|p1|Flutter Mane, L50|\n|poke|p1|Tornadus, L50, M|\n|poke|p1|Ogerpon-Hearthflame, L50, F|\n|poke|p1|Rillaboom, L50, F|\n|poke|p1|Urshifu-*, L50, M|\n|poke|p2|Chien-Pao, L50|\n|poke|p2|Flutter Mane, L50|\n|poke|p2|Rillaboom, L50, M|\n|poke|p2|Tornadus, L50, M|\n|poke|p2|Urshifu-*, L50, F|\n|poke|p2|Arcanine-Hisui, L50, M|\n|teampreview|4\nEmmylouuu has agreed to open team sheets.\n|c|\u2606themismatcher|Send me your urshifu spread after\nthemismatcher has agreed to open team sheets.\n|showteam|p1|Chien-Pao||FocusSash|SwordofRuin|IcicleCrash,SacredSword,SuckerPunch,Protect||||||50|,,,,,Ghost]Flutter Mane||ChoiceSpecs|Protosynthesis|Moonblast,ShadowBall,DazzlingGleam,PowerGem||||||50|,,,,,Fairy]Tornadus||MentalHerb|Prankster|BleakwindStorm,Tailwind,SunnyDay,Protect|||M|||50|,,,,,Ghost]Ogerpon-Hearthflame||HearthflameMask|MoldBreaker|IvyCudgel,SpikyShield,WoodHammer,GrassyGlide|||F|||50|,,,,,Fire]Rillaboom||AssaultVest|GrassySurge|GrassyGlide,WoodHammer,FakeOut,HighHorsepower|||F|||50|,,,,,Fire]Urshifu-Rapid-Strike||ChoiceScarf|UnseenFist|SurgingStrikes,AquaJet,CloseCombat,Uturn|||M|||50|,,,,,Water\n|showteam|p2|Chien-Pao||FocusSash|SwordofRuin|IcicleCrash,SuckerPunch,Protect,SacredSword||||||50|,,,,,Ghost]Flutter Mane||ChoiceSpecs|Protosynthesis|Moonblast,ShadowBall,DazzlingGleam,TrickRoom||||||50|,,,,,Fairy]Rillaboom||AssaultVest|GrassySurge|WoodHammer,GrassyGlide,HighHorsepower,FakeOut|||M|||50|,,,,,Fire]Tornadus||RockyHelmet|Prankster|BleakwindStorm,Tailwind,Taunt,RainDance|||M|||50|,,,,,Ghost]Urshifu-Rapid-Strike||ChoiceScarf|UnseenFist|AquaJet,Uturn,CloseCombat,SurgingStrikes|||F|||50|,,,,,Water]Arcanine-Hisui||ChoiceBand|Intimidate|FlareBlitz,RockSlide,ExtremeSpeed,TeraBlast|||M|||50|,,,,,Fairy\n|inactive|Battle timer is ON: inactive players will automatically lose when time's up. (requested by Emmylouuu)\n|inactiveoff|Battle timer is now OFF.\n|\n|t:|1701192059\n|start\n|switch|p1a: Tornadus|Tornadus, L50, M|100\/100\n|switch|p1b: Ogerpon|Ogerpon-Hearthflame, L50, F|100\/100\n|switch|p2a: Tornadus|Tornadus, L50, M|100\/100\n|switch|p2b: Flutter Mane|Flutter Mane, L50|100\/100\n|-ability|p1b: Ogerpon|Mold Breaker\n|turn|1\n|\n|t:|1701192092\n|-end|p2b: Flutter Mane|Protosynthesis|[silent]\n|switch|p2b: Arcanine|Arcanine-Hisui, L50, M|100\/100\n|-ability|p2b: Arcanine|Intimidate|boost\n|-unboost|p1a: Tornadus|atk|1\n|-unboost|p1b: Ogerpon|atk|1\n|-terastallize|p1b: Ogerpon|Fire\n|detailschange|p1b: Ogerpon|Ogerpon-Hearthflame-Tera, L50, F, tera:Fire\n|-ability|p1b: Ogerpon|Embody Aspect (Hearthflame)|boost\n|-boost|p1b: Ogerpon|atk|1\n|move|p2a: Tornadus|Tailwind|p2a: Tornadus\n|-sidestart|p2: Emmylouuu|move: Tailwind\n|move|p1a: Tornadus|Tailwind|p1a: Tornadus\n|-sidestart|p1: themismatcher|move: Tailwind\n|move|p1b: Ogerpon|Ivy Cudgel|p2b: Arcanine|[anim] Ivy Cudgel Fire\n|-resisted|p2b: Arcanine\n|-crit|p2b: Arcanine\n|-damage|p2b: Arcanine|62\/100\n|\n|upkeep\n|turn|2\n|\n|t:|1701192119\n|move|p1b: Ogerpon|Wood Hammer|p2b: Arcanine\n|-damage|p2b: Arcanine|0 fnt\n|faint|p2b: Arcanine\n|-damage|p1b: Ogerpon|78\/100|[from] Recoil\n|move|p2a: Tornadus|Bleakwind Storm|p1a: Tornadus|[spread] p1a,p1b\n|-damage|p1a: Tornadus|60\/100\n|-damage|p1b: Ogerpon|32\/100\n|move|p1a: Tornadus|Bleakwind Storm|p2a: Tornadus|[miss]\n|-miss|p1a: Tornadus|p2a: Tornadus\n|\n|upkeep\n|\n|t:|1701192134\n|switch|p2b: Flutter Mane|Flutter Mane, L50|100\/100\n|turn|3\n|\n|t:|1701192163\n|switch|p1a: Rillaboom|Rillaboom, L50, F|100\/100\n|-fieldstart|move: Grassy Terrain|[from] ability: Grassy Surge|[of] p1a: Rillaboom\n|move|p1b: Ogerpon|Grassy Glide|p2b: Flutter Mane\n|-damage|p2b: Flutter Mane|29\/100\n|move|p2b: Flutter Mane|Dazzling Gleam|p1b: Ogerpon|[spread] p1a,p1b\n|-resisted|p1b: Ogerpon\n|-damage|p1a: Rillaboom|65\/100\n|-damage|p1b: Ogerpon|3\/100\n|move|p2a: Tornadus|Bleakwind Storm|p1a: Rillaboom|[spread] p1b\n|-miss|p2a: Tornadus|p1a: Rillaboom\n|-damage|p1b: Ogerpon|0 fnt\n|faint|p1b: Ogerpon\n|\n|-heal|p2b: Flutter Mane|35\/100|[from] Grassy Terrain\n|-heal|p1a: Rillaboom|71\/100|[from] Grassy Terrain\n|upkeep\n|\n|t:|1701192178\n|switch|p1b: Chien-Pao|Chien-Pao, L50|100\/100\n|-ability|p1b: Chien-Pao|Sword of Ruin\n|turn|4\n|\n|t:|1701192195\n|move|p1a: Rillaboom|Grassy Glide|p2b: Flutter Mane\n|-damage|p2b: Flutter Mane|0 fnt\n|faint|p2b: Flutter Mane\n|-end|p2b: Flutter Mane|Protosynthesis|[silent]\n|move|p1b: Chien-Pao|Icicle Crash|p2a: Tornadus\n|-supereffective|p2a: Tornadus\n|-damage|p2a: Tornadus|0 fnt\n|faint|p2a: Tornadus\n|\n|-heal|p1a: Rillaboom|77\/100|[from] Grassy Terrain\n|-sideend|p2: Emmylouuu|move: Tailwind\n|-sideend|p1: themismatcher|move: Tailwind\n|upkeep\n|c|\u2606Emmylouuu|Damn I was going to do something different and I was like nah but I should\u2019ve\n|c|\u2606themismatcher|Gg\n|\n|t:|1701192227\n|switch|p2b: Rillaboom|Rillaboom, L50, M|100\/100\n|turn|5\n|c|\u2606themismatcher|sorry I\u2019m such a god gamer\n|\n|t:|1701192242\n|-terastallize|p2b: Rillaboom|Fire\n|move|p1b: Chien-Pao|Protect|p1b: Chien-Pao\n|-singleturn|p1b: Chien-Pao|Protect\n|move|p2b: Rillaboom|Fake Out|p1a: Rillaboom\n|-damage|p1a: Rillaboom|60\/100\n|cant|p1a: Rillaboom|flinch\n|\n|-heal|p1a: Rillaboom|66\/100|[from] Grassy Terrain\n|upkeep\n|turn|6\n|\n|t:|1701192257\n|move|p1b: Chien-Pao|Sucker Punch|p2b: Rillaboom\n|-damage|p2b: Rillaboom|45\/100\n|move|p2b: Rillaboom|Wood Hammer|p1a: Rillaboom\n|-resisted|p1a: Rillaboom\n|-damage|p1a: Rillaboom|19\/100\n|-damage|p2b: Rillaboom|29\/100|[from] Recoil\n|move|p1a: Rillaboom|High Horsepower|p2b: Rillaboom|[miss]\n|-miss|p1a: Rillaboom|p2b: Rillaboom\n|\n|-heal|p2b: Rillaboom|35\/100|[from] Grassy Terrain\n|-heal|p1a: Rillaboom|25\/100|[from] Grassy Terrain\n|upkeep\n|turn|7\n|\n|t:|1701192276\n|move|p1b: Chien-Pao|Sucker Punch|p2b: Rillaboom\n|-damage|p2b: Rillaboom|0 fnt\n|faint|p2b: Rillaboom\n|\n|win|themismatcher\n|c|\u2606themismatcher|You\u2019re playing well!\n","uploadtime":1701192290,"views":9,"p1id":"themismatcher","p2id":"emmylouuu","formatid":"gen9vgc2023regulatione","rating":0,"private":0,"password":""}