{"id":"gen9vgc2023regulatione-1989429947","p1":"bitter bold","p2":"WhereisFr","format":"[Gen 9] VGC 2023 Regulation E","log":"|j|\u2606bitter bold\n|j|\u2606WhereisFr\n|t:|1699849281\n|gametype|doubles\n|player|p1|bitter bold|ethan|1208\n|player|p2|WhereisFr|scientist-gen4|1122\n|teamsize|p1|6\n|teamsize|p2|6\n|gen|9\n|tier|[Gen 9] VGC 2023 Regulation E\n|rated|\n|rule|Species Clause: Limit one of each Pok\u00e9mon\n|rule|Item Clause: Limit one of each item\n|clearpoke\n|poke|p1|Ogerpon-Hearthflame, L50, F|\n|poke|p1|Arcanine, L50, F|\n|poke|p1|Kommo-o, L50, M|\n|poke|p1|Dragapult, L50, F|\n|poke|p1|Typhlosion-Hisui, L50, M|\n|poke|p1|Murkrow, L50, M|\n|poke|p2|Tyranitar, L50, M|\n|poke|p2|Medicham, L50, F|\n|poke|p2|Cresselia, L50, F|\n|poke|p2|Ursaluna-Bloodmoon, L50, M|\n|poke|p2|Iron Hands, L50|\n|poke|p2|Flutter Mane, L50|\n|teampreview|4\n|inactive|Battle timer is ON: inactive players will automatically lose when time's up. (requested by bitter bold)\nWhereisFr rejected open team sheets.\n|\n|t:|1699849310\n|start\n|switch|p1a: Dragapult|Dragapult, L50, F|100\/100\n|switch|p1b: Arcanine|Arcanine, L50, F|100\/100\n|switch|p2a: Tyranitar|Tyranitar, L50, M|100\/100\n|switch|p2b: Medicham|Medicham, L50, F|100\/100\n|-ability|p2a: Tyranitar|Unnerve\n|-ability|p1b: Arcanine|Intimidate|boost\n|-unboost|p2a: Tyranitar|atk|1\n|-unboost|p2b: Medicham|atk|1\n|turn|1\n|\n|t:|1699849327\n|switch|p1a: Kommo-o|Kommo-o, L50, M|100\/100\n|move|p2a: Tyranitar|Protect|p2a: Tyranitar\n|-singleturn|p2a: Tyranitar|Protect\n|move|p1b: Arcanine|Will-O-Wisp|p2a: Tyranitar\n|-activate|p2a: Tyranitar|move: Protect\n|move|p2b: Medicham|Trick Room|p2b: Medicham\n|-fieldstart|move: Trick Room|[of] p2b: Medicham\n|\n|upkeep\n|turn|2\n|\n|t:|1699849343\n|-terastallize|p2a: Tyranitar|Rock\n|move|p1b: Arcanine|Protect|p1b: Arcanine\n|-singleturn|p1b: Arcanine|Protect\n|move|p2b: Medicham|Skill Swap|p2a: Tyranitar\n|-activate|p2b: Medicham|move: Skill Swap|||[of] p2a: Tyranitar\n|-ability|p2b: Medicham|Unnerve\n|move|p2a: Tyranitar|Rock Slide|p1a: Kommo-o|[spread] p1a\n|-activate|p1b: Arcanine|move: Protect\n|-resisted|p1a: Kommo-o\n|-damage|p1a: Kommo-o|64\/100\n|move|p1a: Kommo-o|Clanging Scales|p2b: Medicham|[spread] p2a,p2b\n|-crit|p2b: Medicham\n|-damage|p2a: Tyranitar|69\/100\n|-damage|p2b: Medicham|23\/100\n|-unboost|p1a: Kommo-o|def|1\n|-enditem|p1a: Kommo-o|Throat Spray\n|-boost|p1a: Kommo-o|spa|1|[from] item: Throat Spray\n|\n|upkeep\n|turn|3\n|\n|t:|1699849368\n|switch|p1a: Dragapult|Dragapult, L50, F|100\/100\n|move|p1b: Arcanine|Extreme Speed|p2b: Medicham\n|-damage|p2b: Medicham|4\/100\n|move|p2b: Medicham|Close Combat|p1a: Dragapult\n|-immune|p1a: Dragapult\n|move|p2a: Tyranitar|Earthquake|p1a: Dragapult|[spread] p2b,p1a,p1b\n|-supereffective|p1b: Arcanine\n|-crit|p1b: Arcanine\n|-damage|p2b: Medicham|0 fnt\n|-damage|p1a: Dragapult|52\/100\n|-damage|p1b: Arcanine|0 fnt\n|faint|p2b: Medicham\n|faint|p1b: Arcanine\n|\n|upkeep\n|\n|t:|1699849384\n|switch|p2b: Cresselia|Cresselia, L50, F|100\/100\n|switch|p1b: Ogerpon|Ogerpon-Hearthflame, L50, F|100\/100\n|-ability|p1b: Ogerpon|Mold Breaker\n|turn|4\n|\n|t:|1699849403\n|move|p2b: Cresselia|Helping Hand|p2a: Tyranitar\n|-singleturn|p2a: Tyranitar|Helping Hand|[of] p2b: Cresselia\n|move|p1a: Dragapult|Sucker Punch|p2a: Tyranitar\n|-damage|p2a: Tyranitar|41\/100\n|move|p2a: Tyranitar|Rock Slide|p1a: Dragapult|[spread] p1a,p1b\n|-supereffective|p1b: Ogerpon\n|-damage|p1a: Dragapult|0 fnt\n|-damage|p1b: Ogerpon|0 fnt\n|faint|p1a: Dragapult\n|faint|p1b: Ogerpon\n|\n|upkeep\n|\n|t:|1699849409\n|switch|p1a: Kommo-o|Kommo-o, L50, M|64\/100\n|turn|5\n|\n|t:|1699849424\n|move|p2b: Cresselia|Helping Hand|p2a: Tyranitar\n|-singleturn|p2a: Tyranitar|Helping Hand|[of] p2b: Cresselia\n|move|p1a: Kommo-o|Protect|p1a: Kommo-o\n|-singleturn|p1a: Kommo-o|Protect\n|move|p2a: Tyranitar|Earthquake|p1a: Kommo-o|[spread] \n|-activate|p1a: Kommo-o|move: Protect\n|-immune|p2b: Cresselia|[from] ability: Levitate\n|\n|-fieldend|move: Trick Room\n|upkeep\n|turn|6\n|\n|t:|1699849437\n|move|p1a: Kommo-o|Clanging Scales|p2b: Cresselia|[spread] p2a,p2b\n|-damage|p2a: Tyranitar|7\/100\n|-damage|p2b: Cresselia|72\/100\n|-unboost|p1a: Kommo-o|def|1\n|move|p2b: Cresselia|Moonblast|p1a: Kommo-o\n|-supereffective|p1a: Kommo-o\n|-damage|p1a: Kommo-o|2\/100\n|-unboost|p1a: Kommo-o|spa|1\n|move|p2a: Tyranitar|Rock Slide|p1a: Kommo-o\n|-resisted|p1a: Kommo-o\n|-damage|p1a: Kommo-o|0 fnt\n|faint|p1a: Kommo-o\n|\n|win|WhereisFr\n|raw|bitter bold's rating: 1208 &rarr; <strong>1177<\/strong><br \/>(-31 for losing)\n|raw|WhereisFr's rating: 1122 &rarr; <strong>1153<\/strong><br \/>(+31 for winning)\n|l|\u2606bitter bold\n","uploadtime":1699849449,"views":8,"p1id":"bitterbold","p2id":"whereisfr","formatid":"gen9vgc2023regulatione","rating":1153,"private":0,"password":""}