{"id":"gen9vgc2023regulatione-1995708963","p1":"Willipino","p2":"dreamsfish","format":"[Gen 9] VGC 2023 Regulation E","log":"|j|\u2606Willipino\n|j|\u2606dreamsfish\n|t:|1700595876\n|gametype|doubles\n|player|p1|Willipino|170|1369\n|player|p2|dreamsfish|nate|1351\n|teamsize|p1|6\n|teamsize|p2|6\n|gen|9\n|tier|[Gen 9] VGC 2023 Regulation E\n|rated|\n|rule|Species Clause: Limit one of each Pok\u00e9mon\n|rule|Item Clause: Limit one of each item\n|clearpoke\n|poke|p1|Urshifu-*, L50, F|\n|poke|p1|Tornadus, L50, M|\n|poke|p1|Heatran, L50, F|\n|poke|p1|Farigiraf, L50, M|\n|poke|p1|Rillaboom, L50, M|\n|poke|p1|Chien-Pao, L50|\n|poke|p2|Weezing, L50, F|\n|poke|p2|Roaring Moon, L50|\n|poke|p2|Regieleki, L50|\n|poke|p2|Ogerpon-Wellspring, L50, F|\n|poke|p2|Chi-Yu, L50|\n|poke|p2|Flutter Mane, L50|\n|teampreview|4\n|\n|t:|1700595953\n|start\n|switch|p1a: Chien-Pao|Chien-Pao, L50|100\/100\n|switch|p1b: Tornadus|Tornadus, L50, M|100\/100\n|switch|p2a: Roaring Moon|Roaring Moon, L50|100\/100\n|switch|p2b: Weezing|Weezing, L50, F|100\/100\n|-ability|p2b: Weezing|Neutralizing Gas\n|-enditem|p2a: Roaring Moon|Booster Energy\n|-activate|p2a: Roaring Moon|ability: Protosynthesis|[fromitem]\n|-start|p2a: Roaring Moon|protosynthesisspe\n|turn|1\n|\n|t:|1700595984\n|-terastallize|p2a: Roaring Moon|Poison\n|move|p2a: Roaring Moon|Tailwind|p2a: Roaring Moon\n|-sidestart|p2: dreamsfish|move: Tailwind\n|move|p1a: Chien-Pao|Icicle Crash|p2a: Roaring Moon\n|-damage|p2a: Roaring Moon|51\/100\n|move|p2b: Weezing|Taunt|p1b: Tornadus\n|-start|p1b: Tornadus|move: Taunt\n|cant|p1b: Tornadus|move: Taunt|Tailwind\n|\n|upkeep\n|turn|2\n|\n|t:|1700596012\n|switch|p1b: Heatran|Heatran, L50, F|100\/100\n|move|p1a: Chien-Pao|Protect|p1a: Chien-Pao\n|-singleturn|p1a: Chien-Pao|Protect\n|move|p2a: Roaring Moon|Breaking Swipe|p1b: Heatran|[spread] p1b\n|-activate|p1a: Chien-Pao|move: Protect\n|-resisted|p1b: Heatran\n|-damage|p1b: Heatran|89\/100\n|-unboost|p1b: Heatran|atk|1\n|move|p2b: Weezing|Will-O-Wisp|p1a: Chien-Pao\n|-activate|p1a: Chien-Pao|move: Protect\n|\n|upkeep\n|turn|3\n|\n|t:|1700596065\n|-end|p2a: Roaring Moon|Protosynthesis|[silent]\n|switch|p2a: Ogerpon|Ogerpon-Wellspring, L50, F|100\/100\n|move|p1a: Chien-Pao|Icicle Crash|p2a: Ogerpon\n|-crit|p2a: Ogerpon\n|-damage|p2a: Ogerpon|38\/100\n|move|p2b: Weezing|Gunk Shot|p1a: Chien-Pao\n|-damage|p1a: Chien-Pao|45\/100\n|move|p1b: Heatran|Heat Wave|p2b: Weezing|[spread] p2a,p2b\n|-damage|p2a: Ogerpon|0 fnt\n|-damage|p2b: Weezing|37\/100\n|-enditem|p2b: Weezing|Sitrus Berry|[eat]\n|-heal|p2b: Weezing|62\/100|[from] item: Sitrus Berry\n|faint|p2a: Ogerpon\n|-damage|p1b: Heatran|79\/100|[from] item: Life Orb\n|\n|upkeep\n|\n|t:|1700596078\n|switch|p2a: Chi-Yu|Chi-Yu, L50|100\/100\n|turn|4\n|\n|t:|1700596094\n|move|p1a: Chien-Pao|Protect|p1a: Chien-Pao\n|-singleturn|p1a: Chien-Pao|Protect\n|move|p1b: Heatran|Protect|p1b: Heatran\n|-singleturn|p1b: Heatran|Protect\n|move|p2a: Chi-Yu|Heat Wave|p1a: Chien-Pao|[spread] \n|-activate|p1a: Chien-Pao|move: Protect\n|-activate|p1b: Heatran|move: Protect\n|move|p2b: Weezing|Gunk Shot|p1a: Chien-Pao\n|-activate|p1a: Chien-Pao|move: Protect\n|\n|-sideend|p2: dreamsfish|move: Tailwind\n|upkeep\n|turn|5\n|\n|t:|1700596116\n|move|p2a: Chi-Yu|Protect|p2a: Chi-Yu\n|-singleturn|p2a: Chi-Yu|Protect\n|move|p1a: Chien-Pao|Icicle Crash|p2a: Chi-Yu\n|-activate|p2a: Chi-Yu|move: Protect\n|move|p1b: Heatran|Earth Power|p2b: Weezing\n|-supereffective|p2b: Weezing\n|-damage|p2b: Weezing|0 fnt\n|faint|p2b: Weezing\n|-end|p2b: Weezing|ability: Neutralizing Gas\n|-ability|p1a: Chien-Pao|Sword of Ruin\n|-ability|p2a: Chi-Yu|Beads of Ruin\n|-damage|p1b: Heatran|69\/100|[from] item: Life Orb\n|\n|upkeep\n|\n|t:|1700596131\n|switch|p2b: Roaring Moon|Roaring Moon, L50, tera:Poison|51\/100\n|turn|6\n|\n|t:|1700596180\n|move|p1a: Chien-Pao|Icicle Crash|p2b: Roaring Moon\n|-damage|p2b: Roaring Moon|0 fnt\n|faint|p2b: Roaring Moon\n|-end|p2b: Roaring Moon|Protosynthesis|[silent]\n|move|p2a: Chi-Yu|Snarl|p1a: Chien-Pao|[spread] p1a,p1b\n|-resisted|p1a: Chien-Pao\n|-damage|p1a: Chien-Pao|17\/100\n|-damage|p1b: Heatran|31\/100\n|-unboost|p1a: Chien-Pao|spa|1\n|-unboost|p1b: Heatran|spa|1\n|-damage|p2a: Chi-Yu|91\/100|[from] item: Life Orb\n|move|p1b: Heatran|Heat Wave|p2a: Chi-Yu\n|-resisted|p2a: Chi-Yu\n|-damage|p2a: Chi-Yu|66\/100\n|-damage|p1b: Heatran|21\/100|[from] item: Life Orb\n|\n|upkeep\n|turn|7\n|\n|t:|1700596198\n|move|p1a: Chien-Pao|Icicle Crash|p2a: Chi-Yu\n|-resisted|p2a: Chi-Yu\n|-damage|p2a: Chi-Yu|27\/100\n|move|p2a: Chi-Yu|Snarl|p1a: Chien-Pao|[spread] p1a,p1b\n|-resisted|p1a: Chien-Pao\n|-damage|p1a: Chien-Pao|0 fnt\n|-damage|p1b: Heatran|0 fnt\n|faint|p1a: Chien-Pao\n|faint|p1b: Heatran\n|-damage|p2a: Chi-Yu|17\/100|[from] item: Life Orb\n|\n|upkeep\n|\n|t:|1700596204\n|switch|p1a: Tornadus|Tornadus, L50, M|100\/100\n|switch|p1b: Urshifu|Urshifu, L50, F|100\/100\n|turn|8\n|\n|t:|1700596225\n|-terastallize|p1a: Tornadus|Dragon\n|move|p1b: Urshifu|Wicked Blow|p2a: Chi-Yu\n|-resisted|p2a: Chi-Yu\n|-crit|p2a: Chi-Yu\n|-damage|p2a: Chi-Yu|0 fnt\n|faint|p2a: Chi-Yu\n|\n|win|Willipino\n|raw|Willipino's rating: 1369 &rarr; <strong>1388<\/strong><br \/>(+19 for winning)\n|raw|dreamsfish's rating: 1351 &rarr; <strong>1332<\/strong><br \/>(-19 for losing)\n","uploadtime":1700596241,"views":14,"p1id":"willipino","p2id":"dreamsfish","formatid":"gen9vgc2023regulatione","rating":1332,"private":0,"password":""}