{"id":"gen9vgc2023regulatione-1989156432","p1":"Box29","p2":"MCsquidzy","format":"[Gen 9] VGC 2023 Regulation E","log":"|j|\u2606Box29\n|j|\u2606MCsquidzy\n|t:|1699818220\n|gametype|doubles\n|player|p1|Box29|266|1457\n|player|p2|MCsquidzy|wattson|1449\n|teamsize|p1|6\n|teamsize|p2|6\n|gen|9\n|tier|[Gen 9] VGC 2023 Regulation E\n|rated|\n|rule|Species Clause: Limit one of each Pok\u00e9mon\n|rule|Item Clause: Limit one of each item\n|clearpoke\n|poke|p1|Urshifu-*, L50, F|\n|poke|p1|Oranguru, L50, F|\n|poke|p1|Indeedee-F, L50, F|\n|poke|p1|Ursaluna-Bloodmoon, L50, M|\n|poke|p1|Chien-Pao, L50|\n|poke|p1|Ogerpon-Hearthflame, L50, F|\n|poke|p2|Milotic, L50, M|\n|poke|p2|Arcanine-Hisui, L50, M|\n|poke|p2|Flutter Mane, L50|\n|poke|p2|Iron Hands, L50|\n|poke|p2|Farigiraf, L50, M|\n|poke|p2|Rillaboom, L50, M|\n|teampreview|4\n|inactive|Battle timer is ON: inactive players will automatically lose when time's up. (requested by Box29)\n|\n|t:|1699818260\n|start\n|switch|p1a: Oranguru|Oranguru, L50, F|100\/100\n|switch|p1b: Ogerpon|Ogerpon-Hearthflame, L50, F|100\/100\n|switch|p2a: Rillaboom|Rillaboom, L50, M|100\/100\n|switch|p2b: Flutter Mane|Flutter Mane, L50, shiny|100\/100\n|-ability|p1b: Ogerpon|Mold Breaker\n|-fieldstart|move: Grassy Terrain|[from] ability: Grassy Surge|[of] p2a: Rillaboom\n|-enditem|p2b: Flutter Mane|Booster Energy\n|-activate|p2b: Flutter Mane|ability: Protosynthesis|[fromitem]\n|-start|p2b: Flutter Mane|protosynthesisspe\n|turn|1\n|inactive|MCsquidzy has 30 seconds left.\n|inactive|MCsquidzy has 20 seconds left.\n|inactive|MCsquidzy has 15 seconds left.\n|inactive|MCsquidzy has 10 seconds left.\n|\n|t:|1699818307\n|switch|p1a: Indeedee|Indeedee-F, L50, F|100\/100\n|-fieldstart|move: Psychic Terrain|[from] ability: Psychic Surge|[of] p1a: Indeedee\n|move|p2b: Flutter Mane|Icy Wind|p1b: Ogerpon|[spread] p1a,p1b\n|-damage|p1a: Indeedee|87\/100\n|-damage|p1b: Ogerpon|86\/100\n|-unboost|p1a: Indeedee|spe|1\n|-unboost|p1b: Ogerpon|spe|1\n|move|p2a: Rillaboom|U-turn|p1b: Ogerpon\n|-damage|p1b: Ogerpon|33\/100\n|\n|t:|1699818317\n|switch|p2a: Milotic|Milotic, L50, M|100\/100|[from] U-turn\n|move|p1b: Ogerpon|Wood Hammer|p2b: Flutter Mane\n|-damage|p2b: Flutter Mane|0 fnt\n|faint|p2b: Flutter Mane\n|-end|p2b: Flutter Mane|Protosynthesis|[silent]\n|-damage|p1b: Ogerpon|2\/100|[from] Recoil\n|\n|upkeep\n|\n|t:|1699818323\n|switch|p2b: Rillaboom|Rillaboom, L50, M|100\/100\n|-fieldstart|move: Grassy Terrain|[from] ability: Grassy Surge|[of] p2b: Rillaboom\n|turn|2\n|\n|t:|1699818340\n|switch|p1a: Oranguru|Oranguru, L50, F|100\/100\n|move|p1b: Ogerpon|Spiky Shield|p1b: Ogerpon\n|-singleturn|p1b: Ogerpon|move: Protect\n|move|p2b: Rillaboom|Wood Hammer|p1b: Ogerpon\n|-activate|p1b: Ogerpon|move: Protect\n|-damage|p2b: Rillaboom|88\/100|[from] Spiky Shield|[of] p1b: Ogerpon\n|move|p2a: Milotic|Scald|p1a: Oranguru\n|-damage|p1a: Oranguru|70\/100\n|\n|-heal|p2b: Rillaboom|94\/100|[from] Grassy Terrain\n|-heal|p1b: Ogerpon|8\/100|[from] Grassy Terrain\n|-heal|p1a: Oranguru|76\/100|[from] Grassy Terrain\n|upkeep\n|turn|3\n|inactive|MCsquidzy has 30 seconds left.\n|\n|t:|1699818377\n|move|p2b: Rillaboom|Wood Hammer|p1b: Ogerpon\n|-resisted|p1b: Ogerpon\n|-damage|p1b: Ogerpon|0 fnt\n|faint|p1b: Ogerpon\n|-damage|p2b: Rillaboom|92\/100|[from] Recoil\n|move|p2a: Milotic|Scald|p1a: Oranguru\n|-damage|p1a: Oranguru|48\/100\n|move|p1a: Oranguru|Trick Room|p1a: Oranguru\n|-fieldstart|move: Trick Room|[of] p1a: Oranguru\n|\n|-heal|p1a: Oranguru|54\/100|[from] Grassy Terrain\n|-heal|p2b: Rillaboom|98\/100|[from] Grassy Terrain\n|upkeep\n|\n|t:|1699818389\n|switch|p1b: Ursaluna|Ursaluna-Bloodmoon, L50, M|100\/100\n|turn|4\n|\n|t:|1699818397\n|switch|p2b: Iron Hands|Iron Hands, L50, shiny|100\/100\n|-terastallize|p1b: Ursaluna|Grass\n|move|p1b: Ursaluna|Hyper Voice|p2b: Iron Hands|[spread] p2a,p2b\n|-damage|p2a: Milotic|73\/100\n|-damage|p2b: Iron Hands|79\/100\n|-enditem|p1b: Ursaluna|Throat Spray\n|-boost|p1b: Ursaluna|spa|1|[from] item: Throat Spray\n|move|p1a: Oranguru|Instruct|p1b: Ursaluna\n|-singleturn|p1b: Ursaluna|move: Instruct|[of] p1a: Oranguru\n|move|p1b: Ursaluna|Hyper Voice|p2b: Iron Hands|[spread] p2a,p2b\n|-damage|p2a: Milotic|30\/100\n|-damage|p2b: Iron Hands|48\/100\n|move|p2a: Milotic|Scald|p1b: Ursaluna\n|-resisted|p1b: Ursaluna\n|-damage|p1b: Ursaluna|80\/100\n|\n|-heal|p1b: Ursaluna|87\/100|[from] Grassy Terrain\n|-heal|p2b: Iron Hands|54\/100|[from] Grassy Terrain\n|-heal|p1a: Oranguru|60\/100|[from] Grassy Terrain\n|-heal|p2a: Milotic|36\/100|[from] Grassy Terrain\n|-heal|p2a: Milotic|42\/100|[from] item: Leftovers\n|upkeep\n|turn|5\n|inactive|Box29 has 30 seconds left.\n|\n|t:|1699818424\n|switch|p1a: Indeedee|Indeedee-F, L50, F|87\/100\n|-fieldstart|move: Psychic Terrain|[from] ability: Psychic Surge|[of] p1a: Indeedee\n|move|p2b: Iron Hands|Fake Out|p1b: Ursaluna\n|-activate|p1b: Ursaluna|move: Psychic Terrain\n|move|p1b: Ursaluna|Blood Moon|p2b: Iron Hands\n|-damage|p2b: Iron Hands|0 fnt\n|faint|p2b: Iron Hands\n|-end|p2b: Iron Hands|Quark Drive|[silent]\n|move|p2a: Milotic|Ice Beam|p1b: Ursaluna\n|-supereffective|p1b: Ursaluna\n|-damage|p1b: Ursaluna|29\/100\n|\n|-heal|p2a: Milotic|48\/100|[from] item: Leftovers\n|upkeep\n|\n|t:|1699818434\n|switch|p2b: Rillaboom|Rillaboom, L50, M|98\/100\n|-fieldstart|move: Grassy Terrain|[from] ability: Grassy Surge|[of] p2b: Rillaboom\n|turn|6\n|\n|t:|1699818440\n|switch|p1a: Oranguru|Oranguru, L50, F|60\/100\n|-terastallize|p2b: Rillaboom|Grass\n|move|p1b: Ursaluna|Protect|p1b: Ursaluna\n|-singleturn|p1b: Ursaluna|Protect\n|move|p2b: Rillaboom|Grassy Glide|p1b: Ursaluna\n|-activate|p1b: Ursaluna|move: Protect\n|move|p2a: Milotic|Scald|p1a: Oranguru\n|-damage|p1a: Oranguru|28\/100\n|\n|-heal|p1b: Ursaluna|35\/100|[from] Grassy Terrain\n|-heal|p1a: Oranguru|35\/100|[from] Grassy Terrain\n|-heal|p2a: Milotic|54\/100|[from] Grassy Terrain\n|-heal|p2a: Milotic|60\/100|[from] item: Leftovers\n|-heal|p2b: Rillaboom|100\/100|[from] Grassy Terrain\n|upkeep\n|turn|7\n|\n|t:|1699818459\n|switch|p1a: Indeedee|Indeedee-F, L50, F|87\/100\n|-fieldstart|move: Psychic Terrain|[from] ability: Psychic Surge|[of] p1a: Indeedee\n|move|p1b: Ursaluna|Blood Moon|p2a: Milotic\n|-damage|p2a: Milotic|0 fnt\n|faint|p2a: Milotic\n|move|p2b: Rillaboom|Grassy Glide|p1b: Ursaluna\n|-resisted|p1b: Ursaluna\n|-damage|p1b: Ursaluna|12\/100\n|\n|-fieldend|move: Trick Room\n|upkeep\n|turn|8\n|\n|t:|1699818473\n|move|p1a: Indeedee|Follow Me|p1a: Indeedee\n|-singleturn|p1a: Indeedee|move: Follow Me\n|move|p2b: Rillaboom|Grassy Glide|p1a: Indeedee\n|-damage|p1a: Indeedee|17\/100\n|-damage|p2b: Rillaboom|84\/100|[from] item: Rocky Helmet|[of] p1a: Indeedee\n|move|p1b: Ursaluna|Hyper Voice|p2b: Rillaboom\n|-damage|p2b: Rillaboom|0 fnt\n|faint|p2b: Rillaboom\n|\n|win|Box29\n|raw|Box29's rating: 1457 &rarr; <strong>1477<\/strong><br \/>(+20 for winning)\n|raw|MCsquidzy's rating: 1449 &rarr; <strong>1429<\/strong><br \/>(-20 for losing)\n|l|\u2606MCsquidzy\n","uploadtime":1699818484,"views":8,"p1id":"box29","p2id":"mcsquidzy","formatid":"gen9vgc2023regulatione","rating":1429,"private":0,"password":""}