{"id":"gen9vgc2023regulatione-1995970229","p1":"HoraceDPinpsqueak","p2":"hydreigon_chelas","format":"[Gen 9] VGC 2023 Regulation E","log":"|j|\u2606HoraceDPinpsqueak\n|j|\u2606hydreigon_chelas\n|t:|1700623520\n|gametype|doubles\n|player|p1|HoraceDPinpsqueak|1|1477\n|player|p2|hydreigon_chelas|iris-gen5bw2|1390\n|teamsize|p1|6\n|teamsize|p2|6\n|gen|9\n|tier|[Gen 9] VGC 2023 Regulation E\n|rated|\n|rule|Species Clause: Limit one of each Pok\u00e9mon\n|rule|Item Clause: Limit one of each item\n|clearpoke\n|poke|p1|Dragonite, L50, M|\n|poke|p1|Tatsugiri, L50, F|\n|poke|p1|Dondozo, L50, M|\n|poke|p1|Chien-Pao, L50|\n|poke|p1|Chi-Yu, L50|\n|poke|p1|Flutter Mane, L50|\n|poke|p2|Arcanine-Hisui, L50, M|\n|poke|p2|Amoonguss, L50, M|\n|poke|p2|Roaring Moon, L50|\n|poke|p2|Iron Hands, L50|\n|poke|p2|Flutter Mane, L50|\n|poke|p2|Milotic, L50, F|\n|teampreview|4\n|inactive|Battle timer is ON: inactive players will automatically lose when time's up. (requested by HoraceDPinpsqueak)\n|inactive|hydreigon_chelas has 60 seconds left.\n|\n|t:|1700623577\n|start\n|switch|p1a: Chi-Yu|Chi-Yu, L50|100\/100\n|switch|p1b: Flutter Mane|Flutter Mane, L50|100\/100\n|switch|p2a: Milotic|Milotic, L50, F|100\/100\n|switch|p2b: Roaring Moon|Roaring Moon, L50|100\/100\n|-ability|p1a: Chi-Yu|Beads of Ruin\n|-enditem|p1b: Flutter Mane|Booster Energy\n|-activate|p1b: Flutter Mane|ability: Protosynthesis|[fromitem]\n|-start|p1b: Flutter Mane|protosynthesisspe\n|-enditem|p2b: Roaring Moon|Booster Energy\n|-activate|p2b: Roaring Moon|ability: Protosynthesis|[fromitem]\n|-start|p2b: Roaring Moon|protosynthesisatk\n|turn|1\n|\n|t:|1700623602\n|move|p2b: Roaring Moon|Protect|p2b: Roaring Moon\n|-singleturn|p2b: Roaring Moon|Protect\n|move|p1b: Flutter Mane|Dazzling Gleam|p2a: Milotic|[spread] p2a\n|-activate|p2b: Roaring Moon|move: Protect\n|-damage|p2a: Milotic|72\/100\n|move|p1a: Chi-Yu|Dark Pulse|p2a: Milotic\n|-damage|p2a: Milotic|5\/100\n|-enditem|p2a: Milotic|Sitrus Berry|[eat]\n|-heal|p2a: Milotic|30\/100|[from] item: Sitrus Berry\n|move|p2a: Milotic|Icy Wind|p1b: Flutter Mane|[spread] p1a,p1b\n|-resisted|p1a: Chi-Yu\n|-damage|p1a: Chi-Yu|95\/100\n|-damage|p1b: Flutter Mane|88\/100\n|-unboost|p1a: Chi-Yu|spe|1\n|-unboost|p1b: Flutter Mane|spe|1\n|\n|upkeep\n|turn|2\n|\n|t:|1700623628\n|-terastallize|p1b: Flutter Mane|Fairy\n|-terastallize|p2b: Roaring Moon|Flying\n|move|p1b: Flutter Mane|Dazzling Gleam|p2b: Roaring Moon|[spread] p2a,p2b\n|-damage|p2a: Milotic|0 fnt\n|-damage|p2b: Roaring Moon|53\/100\n|faint|p2a: Milotic\n|move|p2b: Roaring Moon|Acrobatics|p1a: Chi-Yu\n|-damage|p1a: Chi-Yu|0 fnt\n|faint|p1a: Chi-Yu\n|\n|upkeep\n|\n|t:|1700623647\n|switch|p1a: Dondozo|Dondozo, L50, M|100\/100\n|switch|p2a: Arcanine|Arcanine-Hisui, L50, M|100\/100\n|-ability|p2a: Arcanine|Intimidate|boost\n|-fail|p1a: Dondozo|unboost|Attack|[from] ability: Oblivious|[of] p1a: Dondozo\n|-unboost|p1b: Flutter Mane|atk|1\n|turn|3\n|inactive|hydreigon_chelas has 30 seconds left.\n|\n|t:|1700623674\n|-end|p1b: Flutter Mane|Protosynthesis|[silent]\n|switch|p1b: Tatsugiri|Tatsugiri, L50, F|100\/100\n|-activate|p1b: Tatsugiri|ability: Commander|[of] p1a: Dondozo\n|-boost|p1a: Dondozo|atk|2\n|-boost|p1a: Dondozo|spa|2\n|-boost|p1a: Dondozo|spe|2\n|-boost|p1a: Dondozo|def|2\n|-boost|p1a: Dondozo|spd|2\n|switch|p2a: Amoonguss|Amoonguss, L50, M|100\/100\n|move|p2b: Roaring Moon|Protect|p2b: Roaring Moon\n|-singleturn|p2b: Roaring Moon|Protect\n|move|p1a: Dondozo|Earthquake|p2b: Roaring Moon|[spread] p2a\n|-miss|p1a: Dondozo|p1b: Tatsugiri\n|-activate|p2b: Roaring Moon|move: Protect\n|-damage|p2a: Amoonguss|71\/100\n|\n|upkeep\n|turn|4\n|inactive|hydreigon_chelas has 30 seconds left.\n|\n|t:|1700623700\n|move|p1a: Dondozo|Substitute|p1a: Dondozo\n|-start|p1a: Dondozo|Substitute\n|-damage|p1a: Dondozo|76\/100\n|move|p2b: Roaring Moon|Knock Off|p1a: Dondozo\n|-activate|p1a: Dondozo|move: Substitute|[damage]\n|move|p2a: Amoonguss|Pollen Puff|p2b: Roaring Moon\n|-heal|p2b: Roaring Moon|100\/100\n|\n|-heal|p1a: Dondozo|82\/100|[from] item: Leftovers\n|upkeep\n|turn|5\n|\n|t:|1700623713\n|move|p1a: Dondozo|Order Up|p2a: Amoonguss\n|-damage|p2a: Amoonguss|40\/100\n|-boost|p1a: Dondozo|atk|1\n|move|p2b: Roaring Moon|Acrobatics|p1a: Dondozo\n|-end|p1a: Dondozo|Substitute\n|move|p2a: Amoonguss|Spore|p1a: Dondozo\n|-status|p1a: Dondozo|slp|[from] move: Spore\n|\n|-heal|p1a: Dondozo|88\/100 slp|[from] item: Leftovers\n|upkeep\n|turn|6\n|\n|t:|1700623729\n|switch|p2a: Arcanine|Arcanine-Hisui, L50, M|100\/100\n|-ability|p2a: Arcanine|Intimidate|boost\n|-fail|p1a: Dondozo|unboost|Attack|[from] ability: Oblivious|[of] p1a: Dondozo\n|-unboost|p1b: Tatsugiri|atk|1\n|cant|p1a: Dondozo|slp\n|move|p2b: Roaring Moon|Knock Off|p1a: Dondozo\n|-damage|p1a: Dondozo|64\/100 slp\n|-enditem|p1a: Dondozo|Leftovers|[from] move: Knock Off|[of] p2b: Roaring Moon\n|\n|upkeep\n|turn|7\n|\n|t:|1700623739\n|switch|p2a: Amoonguss|Amoonguss, L50, M|74\/100\n|-curestatus|p1a: Dondozo|slp|[msg]\n|move|p1a: Dondozo|Order Up|p2b: Roaring Moon\n|-damage|p2b: Roaring Moon|46\/100\n|-boost|p1a: Dondozo|atk|1\n|move|p2b: Roaring Moon|Dragon Dance|p2b: Roaring Moon\n|-boost|p2b: Roaring Moon|atk|1\n|-boost|p2b: Roaring Moon|spe|1\n|\n|upkeep\n|turn|8\n|\n|t:|1700623758\n|move|p2a: Amoonguss|Rage Powder|p2a: Amoonguss\n|-singleturn|p2a: Amoonguss|move: Rage Powder\n|move|p2b: Roaring Moon|Acrobatics|p1a: Dondozo\n|-damage|p1a: Dondozo|25\/100\n|move|p1a: Dondozo|Order Up|p2a: Amoonguss\n|-damage|p2a: Amoonguss|26\/100\n|-boost|p1a: Dondozo|atk|1\n|\n|upkeep\n|turn|9\n|\n|t:|1700623782\n|move|p1a: Dondozo|Protect|p1a: Dondozo\n|-singleturn|p1a: Dondozo|Protect\n|move|p2b: Roaring Moon|Acrobatics|p1a: Dondozo\n|-activate|p1a: Dondozo|move: Protect\n|move|p2a: Amoonguss|Pollen Puff|p2b: Roaring Moon\n|-heal|p2b: Roaring Moon|96\/100\n|\n|upkeep\n|turn|10\n|\n|t:|1700623788\n|move|p2b: Roaring Moon|Acrobatics|p1a: Dondozo\n|-damage|p1a: Dondozo|0 fnt\n|faint|p1a: Dondozo\n|move|p2a: Amoonguss|Spore|p1b: Tatsugiri\n|-status|p1b: Tatsugiri|slp|[from] move: Spore\n|\n|upkeep\n|\n|t:|1700623791\n|switch|p1a: Flutter Mane|Flutter Mane, L50, tera:Fairy|88\/100\n|turn|11\n|\n|t:|1700623802\n|switch|p2a: Arcanine|Arcanine-Hisui, L50, M|100\/100\n|-ability|p2a: Arcanine|Intimidate|boost\n|-unboost|p1a: Flutter Mane|atk|1\n|-unboost|p1b: Tatsugiri|atk|1\n|move|p2b: Roaring Moon|Acrobatics|p1a: Flutter Mane\n|-damage|p1a: Flutter Mane|0 fnt\n|faint|p1a: Flutter Mane\n|-end|p1a: Flutter Mane|Protosynthesis|[silent]\n|cant|p1b: Tatsugiri|slp\n|\n|upkeep\n|turn|12\n|-message|HoraceDPinpsqueak forfeited.\n|\n|win|hydreigon_chelas\n|raw|HoraceDPinpsqueak's rating: 1477 &rarr; <strong>1452<\/strong><br \/>(-25 for losing)\n|raw|hydreigon_chelas's rating: 1390 &rarr; <strong>1415<\/strong><br \/>(+25 for winning)\n","uploadtime":1700623817,"views":5,"p1id":"horacedpinpsqueak","p2id":"hydreigonchelas","formatid":"gen9vgc2023regulatione","rating":1415,"private":0,"password":""}