{"id":"gen9vgc2023regulatione-1999741706","p1":"bus","p2":"Wedgec","format":"[Gen 9] VGC 2023 Regulation E","log":"|j|\u2606bus\n|j|\u2606Wedgec\n|t:|1701112623\n|gametype|doubles\n|player|p1|bus|sabrina|1082\n|player|p2|Wedgec|palmer|1183\n|teamsize|p1|6\n|teamsize|p2|6\n|gen|9\n|tier|[Gen 9] VGC 2023 Regulation E\n|rated|\n|rule|Species Clause: Limit one of each Pok\u00e9mon\n|rule|Item Clause: Limit one of each item\n|clearpoke\n|poke|p1|Rillaboom, L50, M|\n|poke|p1|Indeedee-F, L50, F|\n|poke|p1|Torkoal, L50, F|\n|poke|p1|Armarouge, L50, M|\n|poke|p1|Lilligant-Hisui, L50, F|\n|poke|p1|Landorus-Therian, L50, M|\n|poke|p2|Goodra-Hisui, L50, M|\n|poke|p2|Grimmsnarl, L50, M|\n|poke|p2|Moltres-Galar, L50|\n|poke|p2|Sinistcha, L50|\n|poke|p2|Gastrodon-East, L50, M|\n|poke|p2|Annihilape, L50, M|\n|teampreview|4\n|\n|t:|1701112638\n|start\n|switch|p1a: Indeedee|Indeedee-F, L50, F|100\/100\n|switch|p1b: Torkoal|Torkoal, L50, F|100\/100\n|switch|p2a: Grimmsnarl|Grimmsnarl, L50, M|100\/100\n|switch|p2b: Annihilape|Annihilape, L50, M|100\/100\n|-fieldstart|move: Psychic Terrain|[from] ability: Psychic Surge|[of] p1a: Indeedee\n|-weather|SunnyDay|[from] ability: Drought|[of] p1b: Torkoal\n|turn|1\n|\n|t:|1701112655\n|-terastallize|p2b: Annihilape|Fire\n|move|p1b: Torkoal|Protect|p1b: Torkoal\n|-singleturn|p1b: Torkoal|Protect\n|move|p2a: Grimmsnarl|Light Screen|p2a: Grimmsnarl\n|-sidestart|p2: Wedgec|move: Light Screen\n|move|p2b: Annihilape|Bulk Up|p2b: Annihilape\n|-boost|p2b: Annihilape|atk|1\n|-boost|p2b: Annihilape|def|1\n|move|p1a: Indeedee|Trick Room|p1a: Indeedee\n|-fieldstart|move: Trick Room|[of] p1a: Indeedee\n|\n|-weather|SunnyDay|[upkeep]\n|upkeep\n|turn|2\n|\n|t:|1701112688\n|switch|p1a: Armarouge|Armarouge, L50, M|100\/100\n|-terastallize|p1b: Torkoal|Fire\n|move|p2a: Grimmsnarl|Parting Shot|p1b: Torkoal\n|-activate|p1b: Torkoal|move: Psychic Terrain\n|move|p1b: Torkoal|Eruption|p2a: Grimmsnarl|[spread] p2a,p2b\n|-resisted|p2b: Annihilape\n|-damage|p2a: Grimmsnarl|47\/100\n|-damage|p2b: Annihilape|74\/100\n|move|p2b: Annihilape|Rage Fist|p1b: Torkoal\n|-damage|p1b: Torkoal|44\/100\n|\n|-weather|SunnyDay|[upkeep]\n|upkeep\n|turn|3\n|\n|t:|1701112720\n|move|p1b: Torkoal|Protect|p1b: Torkoal\n|-singleturn|p1b: Torkoal|Protect\n|move|p1a: Armarouge|Expanding Force|p2b: Annihilape|[spread] p2b\n|-immune|p2a: Grimmsnarl\n|-damage|p2b: Annihilape|28\/100\n|-damage|p1a: Armarouge|91\/100|[from] item: Life Orb\n|move|p2a: Grimmsnarl|Spirit Break|p1a: Armarouge\n|-resisted|p1a: Armarouge\n|-damage|p1a: Armarouge|78\/100\n|-unboost|p1a: Armarouge|spa|1\n|move|p2b: Annihilape|Drain Punch|p1b: Torkoal\n|-activate|p1b: Torkoal|move: Protect\n|\n|-weather|SunnyDay|[upkeep]\n|upkeep\n|turn|4\n|\n|t:|1701112741\n|move|p2b: Annihilape|Protect|p2b: Annihilape\n|-singleturn|p2b: Annihilape|Protect\n|move|p1b: Torkoal|Eruption|p2b: Annihilape|[spread] p2a\n|-activate|p2b: Annihilape|move: Protect\n|-damage|p2a: Grimmsnarl|23\/100\n|move|p1a: Armarouge|Expanding Force|p2b: Annihilape|[spread] \n|-activate|p2b: Annihilape|move: Protect\n|-immune|p2a: Grimmsnarl\n|move|p2a: Grimmsnarl|Spirit Break|p1b: Torkoal\n|-resisted|p1b: Torkoal\n|-damage|p1b: Torkoal|34\/100\n|-unboost|p1b: Torkoal|spa|1\n|\n|-weather|SunnyDay|[upkeep]\n|upkeep\n|turn|5\n|\n|t:|1701112770\n|switch|p1b: Lilligant|Lilligant-Hisui, L50, F|100\/100\n|move|p1a: Armarouge|Expanding Force|p2a: Grimmsnarl|[spread] p2b\n|-immune|p2a: Grimmsnarl\n|-damage|p2b: Annihilape|0 fnt\n|faint|p2b: Annihilape\n|-damage|p1a: Armarouge|68\/100|[from] item: Life Orb\n|move|p2a: Grimmsnarl|Spirit Break|p1a: Armarouge\n|-resisted|p1a: Armarouge\n|-damage|p1a: Armarouge|56\/100\n|-unboost|p1a: Armarouge|spa|1\n|\n|-weather|SunnyDay|[upkeep]\n|-fieldend|move: Trick Room\n|-fieldend|move: Psychic Terrain\n|upkeep\n|\n|t:|1701112788\n|switch|p2b: Moltres|Moltres-Galar, L50|100\/100\n|turn|6\n|\n|t:|1701112802\n|switch|p1a: Torkoal|Torkoal, L50, F, tera:Fire|34\/100\n|move|p2a: Grimmsnarl|Parting Shot|p1b: Lilligant\n|-unboost|p1b: Lilligant|atk|1\n|-unboost|p1b: Lilligant|spa|1\n|\n|t:|1701112814\n|switch|p2a: Gastrodon|Gastrodon-East, L50, M|100\/100|[from] Parting Shot\n|move|p1b: Lilligant|Sleep Powder|p2b: Moltres\n|-status|p2b: Moltres|slp|[from] move: Sleep Powder\n|cant|p2b: Moltres|slp\n|\n|-weather|SunnyDay|[upkeep]\n|upkeep\n|turn|7\n|\n|t:|1701112834\n|move|p2a: Gastrodon|Protect|p2a: Gastrodon\n|-singleturn|p2a: Gastrodon|Protect\n|move|p1b: Lilligant|Pollen Puff|p1a: Torkoal\n|-heal|p1a: Torkoal|84\/100\n|cant|p2b: Moltres|slp\n|move|p1a: Torkoal|Yawn|p2a: Gastrodon\n|-activate|p2a: Gastrodon|move: Protect\n|\n|-weather|SunnyDay|[upkeep]\n|upkeep\n|turn|8\n|\n|t:|1701112849\n|move|p1b: Lilligant|Sleep Powder|p2a: Gastrodon|[miss]\n|-miss|p1b: Lilligant|p2a: Gastrodon\n|-curestatus|p2b: Moltres|slp|[msg]\n|move|p2b: Moltres|Fiery Wrath|p1b: Lilligant|[spread] p1a,p1b\n|-resisted|p1b: Lilligant\n|-damage|p1a: Torkoal|39\/100\n|-damage|p1b: Lilligant|78\/100\n|move|p2a: Gastrodon|Yawn|p1a: Torkoal\n|-start|p1a: Torkoal|move: Yawn|[of] p2a: Gastrodon\n|move|p1a: Torkoal|Eruption|p2b: Moltres|[spread] p2a,p2b\n|-resisted|p2a: Gastrodon\n|-damage|p2a: Gastrodon|90\/100\n|-damage|p2b: Moltres|83\/100\n|\n|-weather|none\n|-sideend|p2: Wedgec|move: Light Screen\n|upkeep\n|turn|9\n|\n|t:|1701112868\n|switch|p1b: Armarouge|Armarouge, L50, M|56\/100\n|switch|p1a: Indeedee|Indeedee-F, L50, F|100\/100\n|-fieldstart|move: Psychic Terrain|[from] ability: Psychic Surge|[of] p1a: Indeedee\n|move|p2b: Moltres|Air Slash|p1b: Armarouge\n|-damage|p1b: Armarouge|19\/100\n|move|p2a: Gastrodon|Muddy Water|p1a: Indeedee|[spread] p1a,p1b\n|-supereffective|p1b: Armarouge\n|-damage|p1a: Indeedee|80\/100\n|-damage|p1b: Armarouge|0 fnt\n|faint|p1b: Armarouge\n|\n|upkeep\n|\n|t:|1701112876\n|switch|p1b: Lilligant|Lilligant-Hisui, L50, F|78\/100\n|turn|10\n|\n|t:|1701112889\n|switch|p1a: Torkoal|Torkoal, L50, F, tera:Fire|39\/100\n|-weather|SunnyDay|[from] ability: Drought|[of] p1a: Torkoal\n|move|p1b: Lilligant|Sleep Powder|p2b: Moltres\n|-status|p2b: Moltres|slp|[from] move: Sleep Powder\n|cant|p2b: Moltres|slp\n|move|p2a: Gastrodon|Ice Beam|p1b: Lilligant\n|-supereffective|p1b: Lilligant\n|-damage|p1b: Lilligant|17\/100\n|\n|-weather|SunnyDay|[upkeep]\n|upkeep\n|turn|11\n|\n|t:|1701112910\n|move|p1b: Lilligant|Sleep Powder|p2a: Gastrodon\n|-status|p2a: Gastrodon|slp|[from] move: Sleep Powder\n|cant|p2b: Moltres|slp\n|cant|p2a: Gastrodon|slp\n|move|p1a: Torkoal|Eruption|p2a: Gastrodon|[spread] p2a,p2b\n|-resisted|p2a: Gastrodon\n|-damage|p2a: Gastrodon|73\/100 slp\n|-damage|p2b: Moltres|55\/100 slp\n|\n|-weather|SunnyDay|[upkeep]\n|upkeep\n|turn|12\n|\n|t:|1701112924\n|move|p1b: Lilligant|Pollen Puff|p1a: Torkoal\n|-heal|p1a: Torkoal|89\/100\n|cant|p2b: Moltres|slp\n|cant|p2a: Gastrodon|slp\n|move|p1a: Torkoal|Eruption|p2a: Gastrodon|[spread] p2a,p2b\n|-resisted|p2a: Gastrodon\n|-damage|p2a: Gastrodon|38\/100 slp\n|-damage|p2b: Moltres|0 fnt\n|faint|p2b: Moltres\n|\n|-weather|SunnyDay|[upkeep]\n|upkeep\n|\n|t:|1701112939\n|switch|p2b: Grimmsnarl|Grimmsnarl, L50, M|23\/100\n|turn|13\n|\n|t:|1701112948\n|move|p2b: Grimmsnarl|Light Screen|p2b: Grimmsnarl\n|-sidestart|p2: Wedgec|move: Light Screen\n|move|p1b: Lilligant|Sleep Powder|p2b: Grimmsnarl|[miss]\n|-miss|p1b: Lilligant|p2b: Grimmsnarl\n|cant|p2a: Gastrodon|slp\n|move|p1a: Torkoal|Eruption|p2b: Grimmsnarl|[spread] p2a,p2b\n|-resisted|p2a: Gastrodon\n|-damage|p2a: Gastrodon|13\/100 slp\n|-damage|p2b: Grimmsnarl|0 fnt\n|-enditem|p2a: Gastrodon|Wiki Berry|[eat]\n|-heal|p2a: Gastrodon|46\/100 slp|[from] item: Wiki Berry\n|faint|p2b: Grimmsnarl\n|\n|-weather|SunnyDay|[upkeep]\n|-fieldend|move: Psychic Terrain\n|upkeep\n|turn|14\n|\n|t:|1701112965\n|-curestatus|p2a: Gastrodon|slp|[msg]\n|move|p2a: Gastrodon|Protect|p2a: Gastrodon\n|-singleturn|p2a: Gastrodon|Protect\n|move|p1b: Lilligant|Leaf Blade|p2a: Gastrodon\n|-activate|p2a: Gastrodon|move: Protect\n|move|p1a: Torkoal|Eruption|p2a: Gastrodon\n|-activate|p2a: Gastrodon|move: Protect\n|\n|-weather|SunnyDay|[upkeep]\n|upkeep\n|turn|15\n|\n|t:|1701112978\n|move|p1b: Lilligant|Leaf Blade|p2a: Gastrodon\n|-supereffective|p2a: Gastrodon\n|-damage|p2a: Gastrodon|0 fnt\n|faint|p2a: Gastrodon\n|\n|win|bus\n|raw|bus's rating: 1082 &rarr; <strong>1118<\/strong><br \/>(+36 for winning)\n|raw|Wedgec's rating: 1183 &rarr; <strong>1151<\/strong><br \/>(-32 for losing)\n","uploadtime":1701112985,"views":18,"p1id":"bus","p2id":"wedgec","formatid":"gen9vgc2023regulatione","rating":1118,"private":0,"password":""}