{"id":"gen9vgc2023regulatione-1987963202","p1":"GorgeuosGiroud","p2":"HardFreaQ","format":"[Gen 9] VGC 2023 Regulation E","log":"|j|\u2606GorgeuosGiroud\n|j|\u2606HardFreaQ\n|t:|1699653676\n|gametype|doubles\n|player|p1|GorgeuosGiroud|alec-anime|\n|player|p2|HardFreaQ|steven|\n|teamsize|p1|6\n|teamsize|p2|6\n|gen|9\n|tier|[Gen 9] VGC 2023 Regulation E\n|rated|Tournament battle\n|rule|Species Clause: Limit one of each Pok\u00e9mon\n|rule|Item Clause: Limit one of each item\n|clearpoke\n|poke|p1|Arcanine-Hisui, L50, M|\n|poke|p1|Iron Hands, L50|\n|poke|p1|Amoonguss, L50, M|\n|poke|p1|Gholdengo, L50|\n|poke|p1|Urshifu-*, L50, F|\n|poke|p1|Tornadus, L50, M|\n|poke|p2|Heatran, L50, F|\n|poke|p2|Farigiraf, L50, M|\n|poke|p2|Clefairy, L50, M|\n|poke|p2|Ogerpon-Wellspring, L50, F|\n|poke|p2|Ursaluna-Bloodmoon, L50, M|\n|poke|p2|Okidogi, L50, M|\n|teampreview|4\n|showteam|p1|Arcanine-Hisui||ChoiceBand|Intimidate|RockSlide,FlareBlitz,ExtremeSpeed,HeadSmash|||M|||50|,,,,,Water]Iron Hands||AssaultVest|QuarkDrive|DrainPunch,VoltSwitch,FakeOut,WildCharge||||||50|,,,,,Water]Amoonguss||SitrusBerry|Regenerator|Protect,Spore,RagePowder,PollenPuff|||M|||50|,,,,,Water]Gholdengo||Leftovers|GoodasGold|Protect,ShadowBall,NastyPlot,MakeItRain||||||50|,,,,,Dragon]Urshifu-Rapid-Strike||MysticWater|UnseenFist|Detect,SurgingStrikes,CloseCombat,AquaJet|||F|||50|,,,,,Water]Tornadus||RockyHelmet|Prankster|Protect,Tailwind,RainDance,BleakwindStorm|||M|||50|,,,,,Steel\n|showteam|p2|Heatran||SafetyGoggles|FlashFire|FlashCannon,HeatWave,EarthPower,Protect|||F|||50|,,,,,Fairy]Farigiraf||SitrusBerry|ArmorTail|Psychic,DazzlingGleam,NastyPlot,TrickRoom|||M|||50|,,,,,Fire]Clefairy||Eviolite|FriendGuard|Protect,HelpingHand,FollowMe,HealPulse|||M|||50|,,,,,Grass]Ogerpon-Wellspring||WellspringMask|WaterAbsorb|HornLeech,IvyCudgel,FollowMe,SpikyShield|||F|||50|,,,,,Water]Ursaluna-Bloodmoon||LifeOrb|MindsEye|HyperVoice,BloodMoon,EarthPower,Protect|||M|||50|,,,,,Grass]Okidogi||AssaultVest|GuardDog|PoisonJab,BrickBreak,Snarl,IcePunch|||M|||50|,,,,,Water\n|inactive|Battle timer is ON: inactive players will automatically lose when time's up. (requested by HardFreaQ)\n|j| Celestial Boss\n|j|%Radio Free C-Side\n|j| Draxolotl\n|inactive|GorgeuosGiroud has 60 seconds left.\n|inactive|HardFreaQ has 60 seconds left.\n|j| Gmax Xerneas\n|j| Red Fang X\n|inactive|GorgeuosGiroud has 30 seconds left.\n|inactive|HardFreaQ has 30 seconds left.\n|l| Celestial Boss\n|inactive|GorgeuosGiroud has 20 seconds left.\n|\n|t:|1699653747\n|start\n|switch|p1a: Arcanine|Arcanine-Hisui, L50, M|100\/100\n|switch|p1b: Amoonguss|Amoonguss, L50, M|100\/100\n|switch|p2a: Ogerpon|Ogerpon-Wellspring, L50, F|100\/100\n|switch|p2b: Heatran|Heatran, L50, F|100\/100\n|-ability|p1a: Arcanine|Intimidate|boost\n|-unboost|p2a: Ogerpon|atk|1\n|-unboost|p2b: Heatran|atk|1\n|turn|1\n|inactive|HardFreaQ has 30 seconds left.\n|\n|t:|1699653773\n|switch|p1b: Gholdengo|Gholdengo, L50|100\/100\n|move|p2a: Ogerpon|Spiky Shield|p2a: Ogerpon\n|-singleturn|p2a: Ogerpon|move: Protect\n|move|p1a: Arcanine|Head Smash|p2b: Heatran|[miss]\n|-miss|p1a: Arcanine|p2b: Heatran\n|move|p2b: Heatran|Earth Power|p1a: Arcanine\n|-supereffective|p1a: Arcanine\n|-damage|p1a: Arcanine|0 fnt\n|faint|p1a: Arcanine\n|\n|upkeep\n|\n|t:|1699653797\n|switch|p1a: Iron Hands|Iron Hands, L50|100\/100\n|turn|2\n|\n|t:|1699653803\n|switch|p2a: Farigiraf|Farigiraf, L50, M|100\/100\n|-terastallize|p1b: Gholdengo|Dragon\n|move|p1a: Iron Hands|Fake Out||[still]\n|cant|p2a: Farigiraf|ability: Armor Tail|Fake Out|[of] p1a: Iron Hands\n|move|p1b: Gholdengo|Nasty Plot|p1b: Gholdengo\n|-boost|p1b: Gholdengo|spa|2\n|move|p2b: Heatran|Heat Wave|p1a: Iron Hands|[spread] p1b\n|-miss|p2b: Heatran|p1a: Iron Hands\n|-resisted|p1b: Gholdengo\n|-damage|p1b: Gholdengo|79\/100\n|\n|-heal|p1b: Gholdengo|85\/100|[from] item: Leftovers\n|upkeep\n|turn|3\n|\n|t:|1699653820\n|move|p2b: Heatran|Protect|p2b: Heatran\n|-singleturn|p2b: Heatran|Protect\n|move|p1b: Gholdengo|Nasty Plot|p1b: Gholdengo\n|-boost|p1b: Gholdengo|spa|2\n|move|p2a: Farigiraf|Dazzling Gleam|p1a: Iron Hands|[spread] p1a,p1b\n|-supereffective|p1a: Iron Hands\n|-supereffective|p1b: Gholdengo\n|-damage|p1a: Iron Hands|83\/100\n|-damage|p1b: Gholdengo|48\/100\n|move|p1a: Iron Hands|Volt Switch|p2b: Heatran\n|-activate|p2b: Heatran|move: Protect\n|\n|-heal|p1b: Gholdengo|55\/100|[from] item: Leftovers\n|upkeep\n|turn|4\n|\n|t:|1699653844\n|-terastallize|p2a: Farigiraf|Fire\n|move|p1b: Gholdengo|Protect|p1b: Gholdengo\n|-singleturn|p1b: Gholdengo|Protect\n|move|p2b: Heatran|Flash Cannon|p1b: Gholdengo\n|-activate|p1b: Gholdengo|move: Protect\n|move|p1a: Iron Hands|Volt Switch|p2a: Farigiraf\n|-damage|p2a: Farigiraf|88\/100\n|\n|t:|1699653848\n|-end|p1a: Iron Hands|Quark Drive|[silent]\n|switch|p1a: Amoonguss|Amoonguss, L50, M|100\/100|[from] Volt Switch\n|move|p2a: Farigiraf|Trick Room|p2a: Farigiraf\n|-fieldstart|move: Trick Room|[of] p2a: Farigiraf\n|\n|-heal|p1b: Gholdengo|61\/100|[from] item: Leftovers\n|upkeep\n|turn|5\n|\n|t:|1699653860\n|move|p1a: Amoonguss|Pollen Puff|p1b: Gholdengo\n|-heal|p1b: Gholdengo|100\/100\n|move|p2a: Farigiraf|Dazzling Gleam|p1a: Amoonguss|[spread] p1a,p1b\n|-resisted|p1a: Amoonguss\n|-supereffective|p1b: Gholdengo\n|-damage|p1a: Amoonguss|92\/100\n|-damage|p1b: Gholdengo|68\/100\n|move|p2b: Heatran|Heat Wave|p1a: Amoonguss|[spread] p1a,p1b\n|-supereffective|p1a: Amoonguss\n|-resisted|p1b: Gholdengo\n|-damage|p1a: Amoonguss|19\/100\n|-damage|p1b: Gholdengo|46\/100\n|-enditem|p1a: Amoonguss|Sitrus Berry|[eat]\n|-heal|p1a: Amoonguss|44\/100|[from] item: Sitrus Berry\n|move|p1b: Gholdengo|Shadow Ball|p2b: Heatran\n|-damage|p2b: Heatran|0 fnt\n|faint|p2b: Heatran\n|\n|-heal|p1b: Gholdengo|53\/100|[from] item: Leftovers\n|upkeep\n|\n|t:|1699653875\n|switch|p2b: Ogerpon|Ogerpon-Wellspring, L50, F|100\/100\n|turn|6\n|j|+crystalninetales\n|l|%Radio Free C-Side\n|l|+crystalninetales\n|\n|t:|1699653900\n|move|p1a: Amoonguss|Protect|p1a: Amoonguss\n|-singleturn|p1a: Amoonguss|Protect\n|move|p1b: Gholdengo|Protect|p1b: Gholdengo\n|-singleturn|p1b: Gholdengo|Protect\n|move|p2b: Ogerpon|Follow Me|p2b: Ogerpon\n|-singleturn|p2b: Ogerpon|move: Follow Me\n|move|p2a: Farigiraf|Psychic|p1a: Amoonguss\n|-activate|p1a: Amoonguss|move: Protect\n|\n|-heal|p1b: Gholdengo|59\/100|[from] item: Leftovers\n|upkeep\n|turn|7\n|\n|t:|1699653909\n|move|p1a: Amoonguss|Pollen Puff|p1b: Gholdengo\n|-heal|p1b: Gholdengo|100\/100\n|move|p2a: Farigiraf|Psychic|p1a: Amoonguss\n|-supereffective|p1a: Amoonguss\n|-damage|p1a: Amoonguss|0 fnt\n|faint|p1a: Amoonguss\n|move|p1b: Gholdengo|Shadow Ball|p2a: Farigiraf\n|-damage|p2a: Farigiraf|0 fnt\n|faint|p2a: Farigiraf\n|move|p2b: Ogerpon|Ivy Cudgel|p1b: Gholdengo\n|-resisted|p1b: Gholdengo\n|-damage|p1b: Gholdengo|74\/100\n|\n|-heal|p1b: Gholdengo|80\/100|[from] item: Leftovers\n|upkeep\n|\n|t:|1699653917\n|switch|p1a: Iron Hands|Iron Hands, L50|83\/100\n|switch|p2a: Ursaluna|Ursaluna-Bloodmoon, L50, M|100\/100\n|turn|8\n|inactive|HardFreaQ has 30 seconds left.\n|\n|t:|1699653946\n|move|p1a: Iron Hands|Fake Out|p2a: Ursaluna\n|-damage|p2a: Ursaluna|90\/100\n|cant|p2a: Ursaluna|flinch\n|move|p1b: Gholdengo|Shadow Ball|p2b: Ogerpon\n|-damage|p2b: Ogerpon|0 fnt\n|faint|p2b: Ogerpon\n|\n|-heal|p1b: Gholdengo|86\/100|[from] item: Leftovers\n|-fieldend|move: Trick Room\n|upkeep\n|turn|9\n|\n|t:|1699653955\n|move|p1b: Gholdengo|Make It Rain|p2a: Ursaluna\n|-damage|p2a: Ursaluna|0 fnt\n|-unboost|p1b: Gholdengo|spa|1\n|faint|p2a: Ursaluna\n|\n|win|GorgeuosGiroud\n|n|\u2606GorgeuosGiroud|gorgeuosgiroud\n|n|\u2606HardFreaQ|hardfreaq\n|n| Draxolotl|draxolotl\n|n| Gmax Xerneas|gmaxxerneas\n|n| Red Fang X|redfangx\n|l| Red Fang X\n|l| Draxolotl\n|l|\u2606HardFreaQ\n","uploadtime":1699653956,"views":24,"p1id":"gorgeuosgiroud","p2id":"hardfreaq","formatid":"gen9vgc2023regulatione","rating":0,"private":0,"password":""}