{"id":"gen9vgc2023regulatione-1996765214","p1":"Pwowjeroo","p2":"superseriousboii","format":"[Gen 9] VGC 2023 Regulation E","log":"|j|\u2606Pwowjeroo\n|j|\u2606superseriousboii\n|t:|1700721466\n|gametype|doubles\n|player|p1|Pwowjeroo|102|1012\n|player|p2|superseriousboii|266|1045\n|teamsize|p1|6\n|teamsize|p2|6\n|gen|9\n|tier|[Gen 9] VGC 2023 Regulation E\n|rated|\n|rule|Species Clause: Limit one of each Pok\u00e9mon\n|rule|Item Clause: Limit one of each item\n|clearpoke\n|poke|p1|Oranguru, L50, F|\n|poke|p1|Flutter Mane, L50|\n|poke|p1|Zoroark-Hisui, L50, M|\n|poke|p1|Iron Hands, L50|\n|poke|p1|Amoonguss, L50, M|\n|poke|p1|Landorus-Therian, L50, M|\n|poke|p2|Sinistcha, L50|\n|poke|p2|Ursaluna-Bloodmoon, L50, M|\n|poke|p2|Oranguru, L50, M|\n|poke|p2|Arcanine-Hisui, L50, M|\n|poke|p2|Abomasnow, L50, M|\n|poke|p2|Glastrier, L50|\n|teampreview|4\nsuperseriousboii has agreed to open team sheets.\nPwowjeroo rejected open team sheets.\n|\n|t:|1700721522\n|start\n|switch|p1a: Oranguru|Oranguru, L50, F|100\/100\n|switch|p1b: Amoonguss|Amoonguss, L50, M|100\/100\n|switch|p2a: Sinistcha|Sinistcha, L50|100\/100\n|switch|p2b: Arcanine|Arcanine-Hisui, L50, M|100\/100\n|-ability|p2b: Arcanine|Intimidate|boost\n|-unboost|p1a: Oranguru|atk|1\n|-unboost|p1b: Amoonguss|atk|1\n|turn|1\n|\n|t:|1700721570\n|-terastallize|p1b: Amoonguss|Normal\n|move|p1b: Amoonguss|Hyper Beam|p2b: Arcanine\n|-enditem|p1b: Amoonguss|Normal Gem|[from] gem\n|-activate|p1a: Oranguru|ability: Symbiosis|Choice Specs|[of] p1b: Amoonguss\n|-resisted|p2b: Arcanine\n|-damage|p2b: Arcanine|9\/100\n|-mustrecharge|p1b: Amoonguss\n|-enditem|p2b: Arcanine|Sitrus Berry|[eat]\n|-heal|p2b: Arcanine|34\/100|[from] item: Sitrus Berry\n|move|p2b: Arcanine|Snarl|p1b: Amoonguss|[spread] p1a,p1b\n|-supereffective|p1a: Oranguru\n|-damage|p1a: Oranguru|86\/100\n|-damage|p1b: Amoonguss|80\/100\n|-unboost|p1a: Oranguru|spa|1\n|-unboost|p1b: Amoonguss|spa|1\n|replace|p1b: Zoroark|Zoroark-Hisui, L50, M\n|-end|p1b: Zoroark|Illusion\n|move|p2a: Sinistcha|Calm Mind|p2a: Sinistcha\n|-boost|p2a: Sinistcha|spa|1\n|-boost|p2a: Sinistcha|spd|1\n|move|p1a: Oranguru|Trick|p1b: Zoroark\n|-activate|p1a: Oranguru|move: Trick|[of] p1b: Zoroark\n|-enditem|p1b: Zoroark|Choice Specs|[silent]|[from] move: Trick\n|-item|p1a: Oranguru|Choice Specs|[from] move: Trick\n|\n|upkeep\n|turn|2\n|inactive|Battle timer is ON: inactive players will automatically lose when time's up. (requested by superseriousboii)\n|inactive|superseriousboii has 60 seconds left.\n|\n|t:|1700721621\n|cant|p1b: Zoroark|recharge\n|move|p2b: Arcanine|Snarl|p1a: Oranguru|[spread] p1a,p1b\n|-supereffective|p1a: Oranguru\n|-damage|p1a: Oranguru|70\/100\n|-damage|p1b: Zoroark|61\/100\n|-unboost|p1a: Oranguru|spa|1\n|-unboost|p1b: Zoroark|spa|1\n|move|p2a: Sinistcha|Calm Mind|p2a: Sinistcha\n|-boost|p2a: Sinistcha|spa|1\n|-boost|p2a: Sinistcha|spd|1\n|move|p1a: Oranguru|Psychic|p2b: Arcanine\n|-crit|p2b: Arcanine\n|-damage|p2b: Arcanine|0 fnt\n|faint|p2b: Arcanine\n|\n|upkeep\n|\n|t:|1700721634\n|switch|p2b: Ursaluna|Ursaluna-Bloodmoon, L50, M|100\/100\n|turn|3\n|\n|t:|1700721652\n|move|p1b: Zoroark|Hyper Beam|p2b: Ursaluna\n|-damage|p2b: Ursaluna|52\/100\n|-mustrecharge|p1b: Zoroark\n|move|p1a: Oranguru|Psychic|p2b: Ursaluna\n|-damage|p2b: Ursaluna|21\/100\n|move|p2b: Ursaluna|Calm Mind|p2b: Ursaluna\n|-boost|p2b: Ursaluna|spa|1\n|-boost|p2b: Ursaluna|spd|1\n|move|p2a: Sinistcha|Trick Room|p2a: Sinistcha\n|-fieldstart|move: Trick Room|[of] p2a: Sinistcha\n|\n|-heal|p2b: Ursaluna|27\/100|[from] item: Leftovers\n|upkeep\n|turn|4\n|\n|t:|1700721668\n|move|p2b: Ursaluna|Hyper Voice|p1a: Oranguru|[spread] p1a,p1b\n|-damage|p1a: Oranguru|33\/100\n|-damage|p1b: Zoroark|0 fnt\n|faint|p1b: Zoroark\n|move|p1a: Oranguru|Psychic|p2b: Ursaluna\n|-damage|p2b: Ursaluna|4\/100\n|move|p2a: Sinistcha|Matcha Gotcha|p1a: Oranguru\n|-damage|p1a: Oranguru|0 fnt\n|faint|p1a: Oranguru\n|\n|-heal|p2b: Ursaluna|10\/100|[from] item: Leftovers\n|upkeep\n|\n|t:|1700721675\n|switch|p1a: Iron Hands|Iron Hands, L50|100\/100\n|switch|p1b: Amoonguss|Amoonguss, L50, M|100\/100\n|turn|5\n|\n|t:|1700721690\n|move|p2b: Ursaluna|Protect|p2b: Ursaluna\n|-singleturn|p2b: Ursaluna|Protect\n|move|p1a: Iron Hands|Fake Out|p2b: Ursaluna\n|-activate|p2b: Ursaluna|move: Protect\n|move|p1b: Amoonguss|Pollen Puff|p2a: Sinistcha\n|-damage|p2a: Sinistcha|88\/100\n|move|p2a: Sinistcha|Matcha Gotcha|p1b: Amoonguss|[spread] p1a,p1b\n|-resisted|p1b: Amoonguss\n|-damage|p1a: Iron Hands|78\/100\n|-heal|p2a: Sinistcha|100\/100|[from] drain|[of] p1a: Iron Hands\n|-damage|p1b: Amoonguss|92\/100\n|-status|p1a: Iron Hands|brn\n|\n|-heal|p1b: Amoonguss|98\/100|[from] item: Leftovers\n|-heal|p2b: Ursaluna|15\/100|[from] item: Leftovers\n|-damage|p1a: Iron Hands|72\/100 brn|[from] brn\n|upkeep\n|turn|6\n|inactive|superseriousboii has 30 seconds left.\n|\n|t:|1700721724\n|move|p1b: Amoonguss|Pollen Puff|p2b: Ursaluna\n|-damage|p2b: Ursaluna|2\/100\n|move|p1a: Iron Hands|Ice Punch|p2a: Sinistcha\n|-supereffective|p2a: Sinistcha\n|-damage|p2a: Sinistcha|83\/100\n|move|p2b: Ursaluna|Hyper Voice|p1a: Iron Hands|[spread] p1a,p1b\n|-damage|p1a: Iron Hands|49\/100 brn\n|-damage|p1b: Amoonguss|64\/100\n|move|p2a: Sinistcha|Trick Room|p2a: Sinistcha\n|-fieldend|move: Trick Room\n|\n|-heal|p2b: Ursaluna|8\/100|[from] item: Leftovers\n|-heal|p1b: Amoonguss|70\/100|[from] item: Leftovers\n|-damage|p1a: Iron Hands|43\/100 brn|[from] brn\n|upkeep\n|turn|7\n|inactive|Pwowjeroo has 30 seconds left.\n|inactive|superseriousboii has 30 seconds left.\n|\n|t:|1700721753\n|move|p2a: Sinistcha|Rage Powder|p2a: Sinistcha\n|-singleturn|p2a: Sinistcha|move: Rage Powder\n|move|p2b: Ursaluna|Blood Moon|p1a: Iron Hands\n|-damage|p1a: Iron Hands|0 fnt\n|faint|p1a: Iron Hands\n|-end|p1a: Iron Hands|Quark Drive|[silent]\n|move|p1b: Amoonguss|Pollen Puff|p2b: Ursaluna\n|-damage|p2b: Ursaluna|0 fnt\n|faint|p2b: Ursaluna\n|\n|-heal|p1b: Amoonguss|76\/100|[from] item: Leftovers\n|upkeep\n|\n|t:|1700721765\n|switch|p2b: Glastrier|Glastrier, L50|100\/100\n|turn|8\n|\n|t:|1700721774\n|-terastallize|p2b: Glastrier|Ice\n|move|p2a: Sinistcha|Matcha Gotcha|p1b: Amoonguss\n|-resisted|p1b: Amoonguss\n|-damage|p1b: Amoonguss|65\/100\n|-heal|p2a: Sinistcha|89\/100|[from] drain|[of] p1b: Amoonguss\n|move|p1b: Amoonguss|Spore|p2b: Glastrier\n|-status|p2b: Glastrier|slp|[from] move: Spore\n|cant|p2b: Glastrier|slp\n|\n|-heal|p1b: Amoonguss|71\/100|[from] item: Leftovers\n|upkeep\n|turn|9\n|\n|t:|1700721796\n|move|p2a: Sinistcha|Calm Mind|p2a: Sinistcha\n|-boost|p2a: Sinistcha|spa|1\n|-boost|p2a: Sinistcha|spd|1\n|move|p1b: Amoonguss|Pollen Puff|p2a: Sinistcha\n|-damage|p2a: Sinistcha|80\/100\n|-curestatus|p2b: Glastrier|slp|[msg]\n|move|p2b: Glastrier|Icicle Crash|p1b: Amoonguss\n|-supereffective|p1b: Amoonguss\n|-damage|p1b: Amoonguss|0 fnt\n|faint|p1b: Amoonguss\n|\n|win|superseriousboii\n|raw|Pwowjeroo's rating: 1012 &rarr; <strong>1003<\/strong><br \/>(-9 for losing)\n|raw|superseriousboii's rating: 1082 &rarr; <strong>1104<\/strong><br \/>(+22 for winning)\n|l|\u2606Pwowjeroo\n","uploadtime":1700721809,"views":1,"p1id":"pwowjeroo","p2id":"superseriousboii","formatid":"gen9vgc2023regulatione","rating":1003,"private":0,"password":""}