{"id":"gen9vgc2023regulatione-1997804337","p1":"sm_zem","p2":"tiaguitovgc","format":"[Gen 9] VGC 2023 Regulation E","log":"|j|\u2606sm_zem\n|j|\u2606tiaguitovgc\n|t:|1700854500\n|gametype|doubles\n|player|p1|sm_zem|266|1148\n|player|p2|tiaguitovgc|blaine|1245\n|teamsize|p1|6\n|teamsize|p2|6\n|gen|9\n|tier|[Gen 9] VGC 2023 Regulation E\n|rated|\n|rule|Species Clause: Limit one of each Pok\u00e9mon\n|rule|Item Clause: Limit one of each item\n|clearpoke\n|poke|p1|Heatran, L50, F|\n|poke|p1|Arcanine-Hisui, L50, M|\n|poke|p1|Iron Hands, L50|\n|poke|p1|Ogerpon-Wellspring, L50, F|\n|poke|p1|Flutter Mane, L50|\n|poke|p1|Tornadus, L50, M|\n|poke|p2|Farigiraf, L50, M|\n|poke|p2|Ursaluna-Bloodmoon, L50, M|\n|poke|p2|Torkoal, L50, F|\n|poke|p2|Iron Hands, L50|\n|poke|p2|Brute Bonnet, L50|\n|poke|p2|Chi-Yu, L50|\n|teampreview|4\n|inactive|Battle timer is ON: inactive players will automatically lose when time's up. (requested by tiaguitovgc)\ntiaguitovgc rejected open team sheets.\n|\n|t:|1700854532\n|start\n|switch|p1a: Arcanine|Arcanine-Hisui, L50, M|100\/100\n|switch|p1b: Flutter Mane|Flutter Mane, L50|100\/100\n|switch|p2a: Farigiraf|Farigiraf, L50, M|100\/100\n|switch|p2b: Iron Hands|Iron Hands, L50|100\/100\n|-ability|p1a: Arcanine|Intimidate|boost\n|-unboost|p2a: Farigiraf|atk|1\n|-unboost|p2b: Iron Hands|atk|1\n|turn|1\n|inactive|sm_zem has 30 seconds left.\n|\n|t:|1700854565\n|move|p2b: Iron Hands|Fake Out|p1a: Arcanine\n|-resisted|p1a: Arcanine\n|-damage|p1a: Arcanine|94\/100\n|move|p1b: Flutter Mane|Moonblast|p2b: Iron Hands\n|-supereffective|p2b: Iron Hands\n|-damage|p2b: Iron Hands|15\/100\n|-unboost|p2b: Iron Hands|spa|1\n|cant|p1a: Arcanine|flinch\n|move|p2a: Farigiraf|Trick Room|p2a: Farigiraf\n|-fieldstart|move: Trick Room|[of] p2a: Farigiraf\n|\n|upkeep\n|turn|2\n|\n|t:|1700854585\n|-end|p1b: Flutter Mane|Protosynthesis|[silent]\n|switch|p1b: Heatran|Heatran, L50, F|100\/100\n|move|p2b: Iron Hands|Volt Switch|p1a: Arcanine\n|-damage|p1a: Arcanine|81\/100\n|\n|t:|1700854593\n|-end|p2b: Iron Hands|Quark Drive|[silent]\n|switch|p2b: Torkoal|Torkoal, L50, F, shiny|100\/100|[from] Volt Switch\n|-weather|SunnyDay|[from] ability: Drought|[of] p2b: Torkoal\n|move|p2a: Farigiraf|Hyper Voice|p1a: Arcanine|[spread] p1a,p1b\n|-resisted|p1a: Arcanine\n|-resisted|p1b: Heatran\n|-damage|p1a: Arcanine|66\/100\n|-damage|p1b: Heatran|90\/100\n|-enditem|p2a: Farigiraf|Throat Spray\n|-boost|p2a: Farigiraf|spa|1|[from] item: Throat Spray\n|move|p1a: Arcanine|Rock Slide|p2b: Torkoal|[spread] p2a,p2b\n|-supereffective|p2b: Torkoal\n|-damage|p2a: Farigiraf|65\/100\n|-damage|p2b: Torkoal|42\/100\n|\n|-weather|SunnyDay|[upkeep]\n|-heal|p1b: Heatran|96\/100|[from] item: Leftovers\n|upkeep\n|turn|3\n|\n|t:|1700854614\n|move|p2b: Torkoal|Earth Power|p1b: Heatran\n|-supereffective|p1b: Heatran\n|-damage|p1b: Heatran|10\/100\n|move|p2a: Farigiraf|Psychic|p1a: Arcanine\n|-damage|p1a: Arcanine|3\/100\n|move|p1b: Heatran|Earth Power|p2b: Torkoal\n|-supereffective|p2b: Torkoal\n|-damage|p2b: Torkoal|0 fnt\n|faint|p2b: Torkoal\n|move|p1a: Arcanine|Rock Slide|p2a: Farigiraf\n|-damage|p2a: Farigiraf|23\/100\n|\n|-weather|SunnyDay|[upkeep]\n|-heal|p1b: Heatran|16\/100|[from] item: Leftovers\n|upkeep\n|\n|t:|1700854620\n|switch|p2b: Ursaluna|Ursaluna-Bloodmoon, L50, M|100\/100\n|turn|4\n|\n|t:|1700854637\n|-terastallize|p2b: Ursaluna|Normal\n|move|p1b: Heatran|Protect|p1b: Heatran\n|-singleturn|p1b: Heatran|Protect\n|move|p2a: Farigiraf|Double Kick|p2b: Ursaluna\n|-supereffective|p2b: Ursaluna\n|-damage|p2b: Ursaluna|94\/100\n|-enditem|p2b: Ursaluna|Weakness Policy\n|-boost|p2b: Ursaluna|atk|2|[from] item: Weakness Policy\n|-boost|p2b: Ursaluna|spa|2|[from] item: Weakness Policy\n|-supereffective|p2b: Ursaluna\n|-damage|p2b: Ursaluna|87\/100\n|-hitcount|p2b: Ursaluna|2\n|move|p2b: Ursaluna|Hyper Voice|p1b: Heatran|[spread] p1a\n|-activate|p1b: Heatran|move: Protect\n|-resisted|p1a: Arcanine\n|-crit|p1a: Arcanine\n|-damage|p1a: Arcanine|0 fnt\n|faint|p1a: Arcanine\n|\n|-weather|SunnyDay|[upkeep]\n|-heal|p1b: Heatran|22\/100|[from] item: Leftovers\n|upkeep\n|\n|t:|1700854660\n|switch|p1a: Ogerpon|Ogerpon-Wellspring, L50, F|100\/100\n|turn|5\n|inactive|sm_zem has 30 seconds left.\n|\n|t:|1700854686\n|move|p1b: Heatran|Protect|p1b: Heatran\n|-singleturn|p1b: Heatran|Protect\n|move|p1a: Ogerpon|Spiky Shield|p1a: Ogerpon\n|-singleturn|p1a: Ogerpon|move: Protect\n|move|p2a: Farigiraf|Hyper Voice|p1a: Ogerpon|[spread] \n|-activate|p1a: Ogerpon|move: Protect\n|-activate|p1b: Heatran|move: Protect\n|move|p2b: Ursaluna|Hyper Voice|p1b: Heatran|[spread] \n|-activate|p1a: Ogerpon|move: Protect\n|-activate|p1b: Heatran|move: Protect\n|\n|-weather|SunnyDay|[upkeep]\n|-heal|p1b: Heatran|28\/100|[from] item: Leftovers\n|-fieldend|move: Trick Room\n|upkeep\n|turn|6\n|inactive|sm_zem has 30 seconds left.\n|\n|t:|1700854712\n|-terastallize|p1a: Ogerpon|Water\n|detailschange|p1a: Ogerpon|Ogerpon-Wellspring-Tera, L50, F, tera:Water\n|-ability|p1a: Ogerpon|Embody Aspect (Wellspring)|boost\n|-boost|p1a: Ogerpon|spd|1\n|move|p2b: Ursaluna|Protect|p2b: Ursaluna\n|-singleturn|p2b: Ursaluna|Protect\n|move|p1a: Ogerpon|Ivy Cudgel|p2b: Ursaluna|[anim] Ivy Cudgel Water\n|-activate|p2b: Ursaluna|move: Protect\n|move|p1b: Heatran|Heat Wave|p2a: Farigiraf|[spread] p2a\n|-activate|p2b: Ursaluna|move: Protect\n|-damage|p2a: Farigiraf|0 fnt\n|faint|p2a: Farigiraf\n|\n|-weather|none\n|-heal|p1b: Heatran|34\/100|[from] item: Leftovers\n|upkeep\n|\n|t:|1700854724\n|switch|p2a: Iron Hands|Iron Hands, L50|15\/100\n|turn|7\n|\n|t:|1700854736\n|move|p1a: Ogerpon|Spiky Shield|p1a: Ogerpon\n|-singleturn|p1a: Ogerpon|move: Protect\n|move|p1b: Heatran|Protect|p1b: Heatran\n|-singleturn|p1b: Heatran|Protect\n|move|p2a: Iron Hands|Fake Out|p1b: Heatran\n|-activate|p1b: Heatran|move: Protect\n|move|p2b: Ursaluna|Hyper Voice|p1a: Ogerpon|[spread] \n|-activate|p1a: Ogerpon|move: Protect\n|-activate|p1b: Heatran|move: Protect\n|\n|-heal|p1b: Heatran|40\/100|[from] item: Leftovers\n|upkeep\n|turn|8\n|\n|t:|1700854755\n|move|p1a: Ogerpon|Ivy Cudgel|p2b: Ursaluna|[anim] Ivy Cudgel Water\n|-crit|p2b: Ursaluna\n|-damage|p2b: Ursaluna|0 fnt\n|faint|p2b: Ursaluna\n|move|p1b: Heatran|Earth Power|p2a: Iron Hands\n|-supereffective|p2a: Iron Hands\n|-damage|p2a: Iron Hands|0 fnt\n|faint|p2a: Iron Hands\n|-end|p2a: Iron Hands|Quark Drive|[silent]\n|\n|win|sm_zem\n|raw|sm_zem's rating: 1148 &rarr; <strong>1180<\/strong><br \/>(+32 for winning)\n|raw|tiaguitovgc's rating: 1245 &rarr; <strong>1213<\/strong><br \/>(-32 for losing)\n|l|\u2606tiaguitovgc\n","uploadtime":1700854766,"views":4,"p1id":"smzem","p2id":"tiaguitovgc","formatid":"gen9vgc2023regulatione","rating":1180,"private":0,"password":""}