{"id":"gen9vgc2023regulatione-1989433530","p1":"Escatross","p2":"RheaRipleyVGC","format":"[Gen 9] VGC 2023 Regulation E","log":"|j|\u2606Escatross\n|j|\u2606RheaRipleyVGC\n|t:|1699849794\n|gametype|doubles\n|player|p1|Escatross|266|1526\n|player|p2|RheaRipleyVGC|rocketgruntf|1677\n|teamsize|p1|6\n|teamsize|p2|6\n|gen|9\n|tier|[Gen 9] VGC 2023 Regulation E\n|rated|\n|rule|Species Clause: Limit one of each Pok\u00e9mon\n|rule|Item Clause: Limit one of each item\n|clearpoke\n|poke|p1|Sneasler, L50, M|\n|poke|p1|Regieleki, L50|\n|poke|p1|Farigiraf, L50, M|\n|poke|p1|Rillaboom, L50, M|\n|poke|p1|Iron Valiant, L50|\n|poke|p1|Urshifu-*, L50, F|\n|poke|p2|Iron Hands, L50|\n|poke|p2|Landorus-Therian, L50, M|\n|poke|p2|Chi-Yu, L50|\n|poke|p2|Flutter Mane, L50|\n|poke|p2|Cresselia, L50, F|\n|poke|p2|Amoonguss, L50, F|\n|teampreview|4\n|inactive|Battle timer is ON: inactive players will automatically lose when time's up. (requested by RheaRipleyVGC)\n|inactive|Escatross also wants the timer to be on.\nRheaRipleyVGC has agreed to open team sheets.\n|inactive|Escatross has 60 seconds left.\n|inactive|RheaRipleyVGC has 60 seconds left.\n|\n|t:|1699849846\n|start\n|switch|p1a: Regieleki|Regieleki, L50|100\/100\n|switch|p1b: Farigiraf|Farigiraf, L50, M|100\/100\n|switch|p2a: Cresselia|Cresselia, L50, F|100\/100\n|switch|p2b: Flutter Mane|Flutter Mane, L50|100\/100\n|-enditem|p2b: Flutter Mane|Booster Energy\n|-activate|p2b: Flutter Mane|ability: Protosynthesis|[fromitem]\n|-start|p2b: Flutter Mane|protosynthesisspe\n|turn|1\n|j| 5Sscreen\n|inactive|Escatross has 30 seconds left.\n|\n|t:|1699849878\n|move|p1b: Farigiraf|Helping Hand|p1a: Regieleki\n|-singleturn|p1a: Regieleki|Helping Hand|[of] p1b: Farigiraf\n|move|p2b: Flutter Mane|Moonblast|p1a: Regieleki\n|-damage|p1a: Regieleki|2\/100\n|-unboost|p1a: Regieleki|spa|1\n|move|p1a: Regieleki|Thunderbolt|p2b: Flutter Mane\n|-damage|p2b: Flutter Mane|31\/100\n|-damage|p1a: Regieleki|0 fnt|[from] item: Life Orb\n|faint|p1a: Regieleki\n|move|p2a: Cresselia|Trick Room|p2a: Cresselia\n|-fieldstart|move: Trick Room|[of] p2a: Cresselia\n|\n|upkeep\n|j| oherrodersir\n|inactive|Escatross has 30 seconds left.\n|\n|t:|1699849906\n|switch|p1a: Urshifu|Urshifu-Rapid-Strike, L50, F|100\/100\n|turn|2\n|\n|t:|1699849917\n|move|p1b: Farigiraf|Psychic|p2b: Flutter Mane\n|-damage|p2b: Flutter Mane|0 fnt\n|faint|p2b: Flutter Mane\n|-end|p2b: Flutter Mane|Protosynthesis|[silent]\n|move|p2a: Cresselia|Psychic|p1a: Urshifu\n|-supereffective|p1a: Urshifu\n|-damage|p1a: Urshifu|14\/100\n|move|p1a: Urshifu|U-turn|p2a: Cresselia\n|-supereffective|p2a: Cresselia\n|-damage|p2a: Cresselia|65\/100\n|\n|t:|1699849926\n|switch|p1a: Iron Valiant|Iron Valiant, L50|100\/100|[from] U-turn\n|-enditem|p1a: Iron Valiant|Booster Energy\n|-activate|p1a: Iron Valiant|ability: Quark Drive|[fromitem]\n|-start|p1a: Iron Valiant|quarkdrivespe\n|\n|upkeep\n|l| oherrodersir\n|\n|t:|1699849950\n|switch|p2b: Iron Hands|Iron Hands, L50|100\/100\n|turn|3\n|\n|t:|1699849958\n|-terastallize|p2b: Iron Hands|Fire\n|move|p1a: Iron Valiant|Protect|p1a: Iron Valiant\n|-singleturn|p1a: Iron Valiant|Protect\n|move|p2b: Iron Hands|Heavy Slam|p1a: Iron Valiant\n|-activate|p1a: Iron Valiant|move: Protect\n|move|p2a: Cresselia|Psychic|p1a: Iron Valiant\n|-activate|p1a: Iron Valiant|move: Protect\n|move|p1b: Farigiraf|Trick Room|p1b: Farigiraf\n|-fieldend|move: Trick Room\n|\n|upkeep\n|turn|4\n|\n|t:|1699849979\n|-terastallize|p1a: Iron Valiant|Ghost\n|move|p1a: Iron Valiant|Encore|p2a: Cresselia\n|-start|p2a: Cresselia|Encore\n|-enditem|p2a: Cresselia|Mental Herb\n|-end|p2a: Cresselia|Encore\n|move|p1b: Farigiraf|Psychic|p2b: Iron Hands\n|-damage|p2b: Iron Hands|79\/100\n|move|p2b: Iron Hands|Heavy Slam|p1a: Iron Valiant\n|-damage|p1a: Iron Valiant|47\/100\n|move|p2a: Cresselia|Trick Room|p2a: Cresselia\n|-fieldstart|move: Trick Room|[of] p2a: Cresselia\n|\n|upkeep\n|turn|5\n|inactive|Escatross has 30 seconds left.\n|inactive|RheaRipleyVGC has 30 seconds left.\n|\n|t:|1699850009\n|move|p1a: Iron Valiant|Protect|p1a: Iron Valiant\n|-singleturn|p1a: Iron Valiant|Protect\n|move|p2b: Iron Hands|Heavy Slam|p1a: Iron Valiant\n|-activate|p1a: Iron Valiant|move: Protect\n|move|p1b: Farigiraf|Psychic|p2b: Iron Hands\n|-damage|p2b: Iron Hands|59\/100\n|move|p2a: Cresselia|Trick Room|p2a: Cresselia\n|-fieldend|move: Trick Room\n|\n|upkeep\n|turn|6\n|\n|t:|1699850030\n|move|p1a: Iron Valiant|Disable|p2b: Iron Hands\n|-start|p2b: Iron Hands|Disable|Heavy Slam\n|move|p2a: Cresselia|Lunar Blessing|p2a: Cresselia|[spread] p2a,p2b\n|-heal|p2a: Cresselia|90\/100\n|-heal|p2b: Iron Hands|84\/100\n|move|p1b: Farigiraf|Psychic|p2b: Iron Hands\n|-damage|p2b: Iron Hands|64\/100\n|cant|p2b: Iron Hands|Disable|Heavy Slam\n|\n|upkeep\n|turn|7\n|\n|t:|1699850050\n|move|p1a: Iron Valiant|Protect|p1a: Iron Valiant\n|-singleturn|p1a: Iron Valiant|Protect\n|move|p2a: Cresselia|Psychic|p1a: Iron Valiant\n|-activate|p1a: Iron Valiant|move: Protect\n|move|p1b: Farigiraf|Psychic|p2b: Iron Hands\n|-damage|p2b: Iron Hands|45\/100\n|move|p2b: Iron Hands|Drain Punch|p1b: Farigiraf\n|-damage|p1b: Farigiraf|61\/100\n|-heal|p2b: Iron Hands|63\/100|[from] drain|[of] p1b: Farigiraf\n|-damage|p2b: Iron Hands|47\/100|[from] item: Rocky Helmet|[of] p1b: Farigiraf\n|\n|upkeep\n|turn|8\n|\n|t:|1699850075\n|move|p1a: Iron Valiant|Disable|p2a: Cresselia\n|-start|p2a: Cresselia|Disable|Psychic\n|move|p1b: Farigiraf|Psychic|p2b: Iron Hands\n|-damage|p2b: Iron Hands|25\/100\n|-unboost|p2b: Iron Hands|spd|1\n|move|p2b: Iron Hands|Wild Charge|p1a: Iron Valiant\n|-damage|p1a: Iron Valiant|0 fnt\n|faint|p1a: Iron Valiant\n|-end|p1a: Iron Valiant|Quark Drive|[silent]\n|-damage|p2b: Iron Hands|17\/100|[from] Recoil\n|move|p2a: Cresselia|Trick Room|p2a: Cresselia\n|-fieldstart|move: Trick Room|[of] p2a: Cresselia\n|\n|upkeep\n|\n|t:|1699850089\n|switch|p1a: Urshifu|Urshifu-Rapid-Strike, L50, F|14\/100\n|turn|9\n|\n|t:|1699850109\n|move|p1a: Urshifu|Aqua Jet|p2b: Iron Hands\n|-supereffective|p2b: Iron Hands\n|-damage|p2b: Iron Hands|0 fnt\n|faint|p2b: Iron Hands\n|-end|p2b: Iron Hands|Quark Drive|[silent]\n|move|p1b: Farigiraf|Psychic|p2a: Cresselia\n|-resisted|p2a: Cresselia\n|-damage|p2a: Cresselia|78\/100\n|move|p2a: Cresselia|Ice Beam|p1a: Urshifu\n|-resisted|p1a: Urshifu\n|-damage|p1a: Urshifu|0 fnt\n|faint|p1a: Urshifu\n|\n|upkeep\n|\n|t:|1699850112\n|switch|p2b: Chi-Yu|Chi-Yu, L50|100\/100\n|-ability|p2b: Chi-Yu|Beads of Ruin\n|turn|10\n|\n|t:|1699850126\n|move|p1b: Farigiraf|Dazzling Gleam|p2b: Chi-Yu|[spread] p2a,p2b\n|-damage|p2a: Cresselia|64\/100\n|-damage|p2b: Chi-Yu|84\/100\n|move|p2a: Cresselia|Ice Beam|p1b: Farigiraf\n|-damage|p1b: Farigiraf|31\/100\n|move|p2b: Chi-Yu|Dark Pulse|p1b: Farigiraf\n|-supereffective|p1b: Farigiraf\n|-damage|p1b: Farigiraf|0 fnt\n|faint|p1b: Farigiraf\n|\n|win|RheaRipleyVGC\n|raw|Escatross's rating: 1526 &rarr; <strong>1514<\/strong><br \/>(-12 for losing)\n|raw|RheaRipleyVGC's rating: 1677 &rarr; <strong>1689<\/strong><br \/>(+12 for winning)\n|l|\u2606Escatross\n","uploadtime":1699850168,"views":15,"p1id":"escatross","p2id":"rhearipleyvgc","formatid":"gen9vgc2023regulatione","rating":1514,"private":0,"password":""}