{"id":"gen9vgc2023regulatione-1999310901","p1":"Espara","p2":"dalokoh","format":"[Gen 9] VGC 2023 Regulation E","log":"|j|\u2606Espara\n|j|\u2606dalokoh\n|t:|1701058483\n|gametype|doubles\n|player|p1|Espara|lady|1053\n|player|p2|dalokoh|gentleman-gen4dp|1000\n|teamsize|p1|6\n|teamsize|p2|6\n|gen|9\n|tier|[Gen 9] VGC 2023 Regulation E\n|rated|\n|rule|Species Clause: Limit one of each Pok\u00e9mon\n|rule|Item Clause: Limit one of each item\n|clearpoke\n|poke|p1|Froslass, L50, F|\n|poke|p1|Bombirdier, L50, F|\n|poke|p1|Florges, L50, F|\n|poke|p1|Arcanine-Hisui, L50, M|\n|poke|p1|Sawsbuck-Winter, L50, F|\n|poke|p1|Dragalge, L50, M|\n|poke|p2|Torkoal, L50, F|\n|poke|p2|Lilligant, L50, F|\n|poke|p2|Sawsbuck-Winter, L50, F|\n|poke|p2|Roaring Moon, L50|\n|poke|p2|Ogerpon-Hearthflame, L50, F|\n|poke|p2|Tornadus, L50, M|\n|teampreview|4\n|\n|t:|1701058525\n|start\n|switch|p1a: Bombirdier|Bombirdier, L50, F, shiny|100\/100\n|switch|p1b: Arcanine|Arcanine-Hisui, L50, M, shiny|100\/100\n|switch|p2a: Torkoal|Torkoal, L50, F|100\/100\n|switch|p2b: Ogerpon|Ogerpon-Hearthflame, L50, F|100\/100\n|-ability|p2b: Ogerpon|Mold Breaker\n|-ability|p1b: Arcanine|Intimidate|boost\n|-unboost|p2a: Torkoal|atk|1\n|-unboost|p2b: Ogerpon|atk|1\n|-weather|SunnyDay|[from] ability: Drought|[of] p2a: Torkoal\n|turn|1\n|\n|t:|1701058566\n|switch|p2b: Roaring Moon|Roaring Moon, L50|100\/100\n|-activate|p2b: Roaring Moon|ability: Protosynthesis\n|-start|p2b: Roaring Moon|protosynthesisatk\n|move|p2a: Torkoal|Protect|p2a: Torkoal\n|-singleturn|p2a: Torkoal|Protect\n|move|p1a: Bombirdier|Knock Off|p2b: Roaring Moon\n|-resisted|p2b: Roaring Moon\n|-damage|p2b: Roaring Moon|70\/100\n|-enditem|p2b: Roaring Moon|Choice Band|[from] move: Knock Off|[of] p1a: Bombirdier\n|move|p1b: Arcanine|Rock Slide|p2b: Roaring Moon|[spread] p2b\n|-activate|p2a: Torkoal|move: Protect\n|-damage|p2b: Roaring Moon|34\/100\n|\n|-weather|SunnyDay|[upkeep]\n|upkeep\n|turn|2\n|\n|t:|1701058597\n|-terastallize|p2a: Torkoal|Grass\n|move|p2b: Roaring Moon|Earthquake|p1b: Arcanine|[spread] p2a,p1b\n|-immune|p1a: Bombirdier\n|-resisted|p2a: Torkoal\n|-supereffective|p1b: Arcanine\n|-damage|p2a: Torkoal|85\/100\n|-damage|p1b: Arcanine|0 fnt\n|faint|p1b: Arcanine\n|move|p1a: Bombirdier|Tailwind|p1a: Bombirdier\n|-sidestart|p1: Espara|move: Tailwind\n|move|p2a: Torkoal|Heat Wave|p1a: Bombirdier\n|-damage|p1a: Bombirdier|19\/100\n|\n|-weather|SunnyDay|[upkeep]\n|upkeep\n|\n|t:|1701058612\n|switch|p1b: Froslass|Froslass, L50, F, shiny|100\/100\n|turn|3\n|\n|t:|1701058635\n|move|p1b: Froslass|Ice Beam|p2a: Torkoal\n|-supereffective|p2a: Torkoal\n|-damage|p2a: Torkoal|0 fnt\n|faint|p2a: Torkoal\n|move|p1a: Bombirdier|Rock Slide|p2b: Roaring Moon\n|-damage|p2b: Roaring Moon|0 fnt\n|faint|p2b: Roaring Moon\n|-end|p2b: Roaring Moon|Protosynthesis|[silent]\n|\n|-weather|SunnyDay|[upkeep]\n|upkeep\n|\n|t:|1701058638\n|switch|p2b: Sawsbuck|Sawsbuck-Winter, L50, F|100\/100\n|switch|p2a: Ogerpon|Ogerpon-Hearthflame, L50, F|100\/100\n|-ability|p2a: Ogerpon|Mold Breaker\n|turn|4\n|\n|t:|1701058662\n|move|p2a: Ogerpon|Follow Me|p2a: Ogerpon\n|-singleturn|p2a: Ogerpon|move: Follow Me\n|move|p1b: Froslass|Icy Wind|p2b: Sawsbuck|[spread] p2a,p2b\n|-supereffective|p2b: Sawsbuck\n|-damage|p2a: Ogerpon|83\/100\n|-damage|p2b: Sawsbuck|46\/100\n|-unboost|p2a: Ogerpon|spe|1\n|-unboost|p2b: Sawsbuck|spe|1\n|move|p1a: Bombirdier|Knock Off|p2a: Ogerpon\n|-damage|p2a: Ogerpon|48\/100\n|move|p2b: Sawsbuck|Double-Edge|p1a: Bombirdier\n|-damage|p1a: Bombirdier|0 fnt\n|faint|p1a: Bombirdier\n|-damage|p2b: Sawsbuck|40\/100|[from] Recoil\n|\n|-weather|SunnyDay|[upkeep]\n|upkeep\n|\n|t:|1701058676\n|switch|p1a: Sawsbuck|Sawsbuck-Winter, L50, F, shiny|100\/100\n|turn|5\n|\n|t:|1701058691\n|move|p1a: Sawsbuck|Body Slam|p2a: Ogerpon\n|-damage|p2a: Ogerpon|0 fnt\n|faint|p2a: Ogerpon\n|move|p1b: Froslass|Icy Wind|p2b: Sawsbuck\n|-supereffective|p2b: Sawsbuck\n|-damage|p2b: Sawsbuck|0 fnt\n|faint|p2b: Sawsbuck\n|\n|win|Espara\n|raw|Espara's rating: 1053 &rarr; <strong>1080<\/strong><br \/>(+27 for winning)\n|raw|dalokoh's rating: 1000 &rarr; <strong>1000<\/strong><br \/>(+0 for losing)\n","uploadtime":1701058700,"views":4,"p1id":"espara","p2id":"dalokoh","formatid":"gen9vgc2023regulatione","rating":1000,"private":0,"password":""}