{"id":"gen9vgc2023regulatione-1996725573","p1":"RIKASLOVER","p2":"tekuazor","format":"[Gen 9] VGC 2023 Regulation E","log":"|j|\u2606RIKASLOVER\n|j|\u2606tekuazor\n|t:|1700715014\n|gametype|doubles\n|player|p1|RIKASLOVER|cynthia-masters|1206\n|player|p2|tekuazor|policeman-gen4|1259\n|teamsize|p1|6\n|teamsize|p2|6\n|gen|9\n|tier|[Gen 9] VGC 2023 Regulation E\n|rated|\n|rule|Species Clause: Limit one of each Pok\u00e9mon\n|rule|Item Clause: Limit one of each item\n|clearpoke\n|poke|p1|Tornadus, L50, M|\n|poke|p1|Arcanine-Hisui, L50, M|\n|poke|p1|Iron Hands, L50|\n|poke|p1|Amoonguss, L50, F|\n|poke|p1|Urshifu-*, L50, M|\n|poke|p1|Ogerpon-Wellspring, L50, F|\n|poke|p2|Annihilape, L50, M|\n|poke|p2|Maushold-Four, L50|\n|poke|p2|Ogerpon-Wellspring, L50, F|\n|poke|p2|Regieleki, L50|\n|poke|p2|Landorus-Therian, L50, M|\n|poke|p2|Farigiraf, L50, F|\n|teampreview|4\n|inactive|Battle timer is ON: inactive players will automatically lose when time's up. (requested by RIKASLOVER)\n|\n|t:|1700715045\n|start\n|switch|p1a: Tornadus|Tornadus, L50, M|100\/100\n|switch|p1b: Ogerpon|Ogerpon-Wellspring, L50, F|100\/100\n|switch|p2a: Farigiraf|Farigiraf, L50, F, shiny|100\/100\n|switch|p2b: Regieleki|Regieleki, L50, shiny|100\/100\n|turn|1\n|inactive|RIKASLOVER has 30 seconds left.\n|\n|t:|1700715075\n|switch|p1a: Amoonguss|Amoonguss, L50, F|100\/100\n|move|p2b: Regieleki|Volt Switch|p1a: Amoonguss\n|-resisted|p1a: Amoonguss\n|-damage|p1a: Amoonguss|80\/100\n|\n|t:|1700715081\n|switch|p2b: Ogerpon|Ogerpon-Wellspring, L50, F|100\/100|[from] Volt Switch\n|move|p1b: Ogerpon|Ivy Cudgel|p2b: Ogerpon|[anim] Ivy Cudgel Water\n|-immune|p2b: Ogerpon|[from] ability: Water Absorb\n|move|p2a: Farigiraf|Nasty Plot|p2a: Farigiraf\n|-boost|p2a: Farigiraf|spa|2\n|\n|upkeep\n|turn|2\n|\n|t:|1700715097\n|move|p2b: Ogerpon|Swords Dance|p2b: Ogerpon\n|-boost|p2b: Ogerpon|atk|2\n|move|p1b: Ogerpon|Swords Dance|p1b: Ogerpon\n|-boost|p1b: Ogerpon|atk|2\n|move|p2a: Farigiraf|Psychic|p1a: Amoonguss\n|-supereffective|p1a: Amoonguss\n|-damage|p1a: Amoonguss|0 fnt\n|faint|p1a: Amoonguss\n|\n|upkeep\n|\n|t:|1700715104\n|switch|p1a: Tornadus|Tornadus, L50, M|100\/100\n|turn|3\n|\n|t:|1700715116\n|move|p2b: Ogerpon|Spiky Shield|p2b: Ogerpon\n|-singleturn|p2b: Ogerpon|move: Protect\n|move|p1a: Tornadus|Bleakwind Storm|p2a: Farigiraf|[spread] p2a\n|-activate|p2b: Ogerpon|move: Protect\n|-damage|p2a: Farigiraf|63\/100\n|move|p1b: Ogerpon|Horn Leech|p2b: Ogerpon\n|-activate|p2b: Ogerpon|move: Protect\n|-damage|p1b: Ogerpon|88\/100|[from] Spiky Shield|[of] p2b: Ogerpon\n|move|p2a: Farigiraf|Trick Room|p2a: Farigiraf\n|-fieldstart|move: Trick Room|[of] p2a: Farigiraf\n|\n|upkeep\n|turn|4\n|\n|t:|1700715132\n|move|p2a: Farigiraf|Psychic|p1a: Tornadus\n|-damage|p1a: Tornadus|20\/100\n|move|p1b: Ogerpon|Horn Leech|p2b: Ogerpon\n|-damage|p2b: Ogerpon|8\/100\n|-heal|p1b: Ogerpon|100\/100|[from] drain|[of] p2b: Ogerpon\n|move|p1a: Tornadus|Bleakwind Storm|p2b: Ogerpon|[spread] p2a,p2b\n|-supereffective|p2b: Ogerpon\n|-damage|p2a: Farigiraf|28\/100\n|-damage|p2b: Ogerpon|0 fnt\n|faint|p2b: Ogerpon\n|\n|upkeep\n|\n|t:|1700715155\n|switch|p2b: Regieleki|Regieleki, L50, shiny|100\/100\n|turn|5\n|\n|t:|1700715173\n|move|p1b: Ogerpon|Horn Leech|p2b: Regieleki\n|-enditem|p2b: Regieleki|Focus Sash\n|-damage|p2b: Regieleki|1\/100\n|move|p1a: Tornadus|Bleakwind Storm|p2a: Farigiraf|[spread] p2a,p2b\n|-resisted|p2b: Regieleki\n|-damage|p2a: Farigiraf|0 fnt\n|-damage|p2b: Regieleki|0 fnt\n|faint|p2a: Farigiraf\n|faint|p2b: Regieleki\n|\n|upkeep\n|\n|t:|1700715181\n|switch|p2b: Landorus|Landorus-Therian, L50, M|100\/100\n|-ability|p2b: Landorus|Intimidate|boost\n|-unboost|p1a: Tornadus|atk|1\n|-unboost|p1b: Ogerpon|atk|1\n|turn|6\n|\n|t:|1700715191\n|-terastallize|p2b: Landorus|Flying\n|move|p1a: Tornadus|Rain Dance|p1a: Tornadus\n|-weather|RainDance\n|move|p1b: Ogerpon|Ivy Cudgel|p2b: Landorus|[anim] Ivy Cudgel Water\n|-damage|p2b: Landorus|0 fnt\n|faint|p2b: Landorus\n|\n|win|RIKASLOVER\n|raw|RIKASLOVER's rating: 1206 &rarr; <strong>1235<\/strong><br \/>(+29 for winning)\n|raw|tekuazor's rating: 1259 &rarr; <strong>1230<\/strong><br \/>(-29 for losing)\n|l|\u2606tekuazor\n","uploadtime":1700715199,"views":10,"p1id":"rikaslover","p2id":"tekuazor","formatid":"gen9vgc2023regulatione","rating":1230,"private":0,"password":""}