{"id":"gen9vgc2023regulatione-1992762920","p1":"Kikinsas","p2":"Buff FlutterMane","format":"[Gen 9] VGC 2023 Regulation E","log":"|j|\u2606Kikinsas\n|j|\u2606Buff FlutterMane\n|t:|1700233236\n|gametype|doubles\n|player|p1|Kikinsas|hilbert|1381\n|player|p2|Buff FlutterMane|turo|1451\n|teamsize|p1|6\n|teamsize|p2|6\n|gen|9\n|tier|[Gen 9] VGC 2023 Regulation E\n|rated|\n|rule|Species Clause: Limit one of each Pok\u00e9mon\n|rule|Item Clause: Limit one of each item\n|clearpoke\n|poke|p1|Stonjourner, L50, F|\n|poke|p1|Roaring Moon, L50|\n|poke|p1|Amoonguss, L50, F|\n|poke|p1|Urshifu-*, L50, M|\n|poke|p1|Scizor, L50, F|\n|poke|p1|Farigiraf, L50, F|\n|poke|p2|Urshifu-*, L50, F|\n|poke|p2|Roaring Moon, L50|\n|poke|p2|Heatran, L50, M|\n|poke|p2|Flutter Mane, L50|\n|poke|p2|Sinistcha-Masterpiece, L50|\n|poke|p2|Ninetales-Alola, L50, F|\n|teampreview|4\n|inactive|Battle timer is ON: inactive players will automatically lose when time's up. (requested by Buff FlutterMane)\n|inactive|Kikinsas has 60 seconds left.\n|inactive|Buff FlutterMane has 60 seconds left.\n|inactive|Kikinsas has 30 seconds left.\n|inactive|Kikinsas has 20 seconds left.\n|\n|t:|1700233309\n|start\n|switch|p1a: The Cut|Scizor, L50, F|100\/100\n|switch|p1b: The Giraf|Farigiraf, L50, F|100\/100\n|switch|p2a: Balanced?|Urshifu-Rapid-Strike, L50, F|100\/100\n|switch|p2b: BloodMoon|Roaring Moon, L50, shiny|100\/100\n|-enditem|p2b: BloodMoon|Booster Energy\n|-activate|p2b: BloodMoon|ability: Protosynthesis|[fromitem]\n|-start|p2b: BloodMoon|protosynthesisspe\n|turn|1\n|inactive|Kikinsas has 30 seconds left.\n|\n|t:|1700233339\n|switch|p1a: The Shroom|Amoonguss, L50, F|100\/100\n|move|p2b: BloodMoon|Protect|p2b: BloodMoon\n|-singleturn|p2b: BloodMoon|Protect\n|move|p2a: Balanced?|Detect|p2a: Balanced?\n|-singleturn|p2a: Balanced?|Protect\n|move|p1b: The Giraf|Dazzling Gleam|p2b: BloodMoon|[spread] \n|-activate|p2a: Balanced?|move: Protect\n|-activate|p2b: BloodMoon|move: Protect\n|\n|upkeep\n|turn|2\n|inactive|Kikinsas has 30 seconds left.\n|inactive|Kikinsas has 20 seconds left.\n|inactive|Kikinsas has 15 seconds left.\n|inactive|Kikinsas has 10 seconds left.\n|inactive|Kikinsas has 5 seconds left.\n|\n|t:|1700233390\n|-terastallize|p2a: Balanced?|Water\n|-terastallize|p1a: The Shroom|Fire\n|move|p2b: BloodMoon|Knock Off|p1a: The Shroom\n|-damage|p1a: The Shroom|65\/100\n|-damage|p2b: BloodMoon|84\/100|[from] item: Rocky Helmet|[of] p1a: The Shroom\n|-enditem|p1a: The Shroom|Rocky Helmet|[from] move: Knock Off|[of] p2b: BloodMoon\n|move|p2a: Balanced?|Swords Dance|p2a: Balanced?\n|-boost|p2a: Balanced?|atk|2\n|move|p1b: The Giraf|Dazzling Gleam|p2b: BloodMoon|[spread] p2a,p2b\n|-supereffective|p2b: BloodMoon\n|-damage|p2a: Balanced?|83\/100\n|-damage|p2b: BloodMoon|36\/100\n|move|p1a: The Shroom|Spore|p2a: Balanced?\n|-activate|p2a: Balanced?|item: Safety Goggles|Spore\n|\n|upkeep\n|turn|3\n|inactive|Kikinsas has 30 seconds left.\n|inactive|Kikinsas has 20 seconds left.\n|inactive|Kikinsas has 15 seconds left.\n|\n|t:|1700233430\n|move|p2b: BloodMoon|Knock Off|p1b: The Giraf\n|-supereffective|p1b: The Giraf\n|-damage|p1b: The Giraf|28\/100\n|-enditem|p1b: The Giraf|Sitrus Berry|[from] move: Knock Off|[of] p2b: BloodMoon\n|move|p2a: Balanced?|Surging Strikes|p1a: The Shroom\n|-supereffective|p1a: The Shroom\n|-crit|p1a: The Shroom\n|-damage|p1a: The Shroom|0 fnt\n|faint|p1a: The Shroom\n|-hitcount|p1: The Shroom|1\n|move|p1b: The Giraf|Dazzling Gleam|p2a: Balanced?|[spread] p2a,p2b\n|-supereffective|p2b: BloodMoon\n|-damage|p2a: Balanced?|65\/100\n|-damage|p2b: BloodMoon|0 fnt\n|faint|p2b: BloodMoon\n|-end|p2b: BloodMoon|Protosynthesis|[silent]\n|\n|upkeep\n|\n|t:|1700233449\n|switch|p2b: Give Me Spore|Sinistcha-Masterpiece, L50, shiny|100\/100\n|switch|p1a: The Moon|Roaring Moon, L50|100\/100\n|-heal|p2a: Balanced?|90\/100|[from] ability: Hospitality|[of] p2b: Give Me Spore\n|-enditem|p1a: The Moon|Booster Energy\n|-activate|p1a: The Moon|ability: Protosynthesis|[fromitem]\n|-start|p1a: The Moon|protosynthesisspe\n|turn|4\n|inactive|Kikinsas has 30 seconds left.\n|inactive|Kikinsas has 20 seconds left.\n|inactive|Kikinsas has 15 seconds left.\n|inactive|Buff FlutterMane has 30 seconds left.\n|\n|t:|1700233493\n|switch|p2b: No GholdengoPlz|Ninetales-Alola, L50, F, shiny|100\/100\n|-weather|Snow|[from] ability: Snow Warning|[of] p2b: No GholdengoPlz\n|move|p2a: Balanced?|Detect|p2a: Balanced?\n|-singleturn|p2a: Balanced?|Protect\n|move|p1a: The Moon|Acrobatics|p2b: No GholdengoPlz\n|-damage|p2b: No GholdengoPlz|67\/100\n|move|p1b: The Giraf|Trick Room|p1b: The Giraf\n|-fieldstart|move: Trick Room|[of] p1b: The Giraf\n|\n|-weather|Snow|[upkeep]\n|upkeep\n|turn|5\n|\n|t:|1700233514\n|-end|p1a: The Moon|Protosynthesis|[silent]\n|switch|p1a: The Cut|Scizor, L50, F|100\/100\n|move|p1b: The Giraf|Psychic|p2a: Balanced?\n|-damage|p2a: Balanced?|50\/100\n|move|p2a: Balanced?|Surging Strikes|p1a: The Cut\n|-crit|p1a: The Cut\n|-damage|p1a: The Cut|56\/100\n|-crit|p1a: The Cut\n|-damage|p1a: The Cut|13\/100\n|-crit|p1a: The Cut\n|-damage|p1a: The Cut|0 fnt\n|faint|p1a: The Cut\n|-hitcount|p1: The Cut|3\n|move|p2b: No GholdengoPlz|Aurora Veil|p2b: No GholdengoPlz\n|-sidestart|p2: Buff FlutterMane|move: Aurora Veil\n|\n|-weather|Snow|[upkeep]\n|upkeep\n|\n|t:|1700233528\n|switch|p1a: The Moon|Roaring Moon, L50|100\/100\n|turn|6\n|\n|t:|1700233546\n|move|p2a: Balanced?|Detect|p2a: Balanced?\n|-singleturn|p2a: Balanced?|Protect\n|move|p1b: The Giraf|Psychic|p2a: Balanced?\n|-activate|p2a: Balanced?|move: Protect\n|move|p2b: No GholdengoPlz|Moonblast|p1a: The Moon\n|-supereffective|p1a: The Moon\n|-damage|p1a: The Moon|0 fnt\n|faint|p1a: The Moon\n|-end|p1a: The Moon|Protosynthesis|[silent]\n|\n|-weather|Snow|[upkeep]\n|upkeep\n|turn|7\n|\n|t:|1700233559\n|switch|p2b: Give Me Spore|Sinistcha-Masterpiece, L50, shiny|100\/100\n|-heal|p2a: Balanced?|75\/100|[from] ability: Hospitality|[of] p2b: Give Me Spore\n|move|p1b: The Giraf|Psychic|p2a: Balanced?\n|-damage|p2a: Balanced?|48\/100\n|move|p2a: Balanced?|Surging Strikes|p1b: The Giraf\n|-crit|p1b: The Giraf\n|-damage|p1b: The Giraf|0 fnt\n|faint|p1b: The Giraf\n|-hitcount|p1: The Giraf|1\n|\n|win|Buff FlutterMane\n|raw|Kikinsas's rating: 1381 &rarr; <strong>1365<\/strong><br \/>(-16 for losing)\n|raw|Buff FlutterMane's rating: 1451 &rarr; <strong>1467<\/strong><br \/>(+16 for winning)\n|l|\u2606Kikinsas\n","uploadtime":1700233597,"views":33,"p1id":"kikinsas","p2id":"bufffluttermane","formatid":"gen9vgc2023regulatione","rating":1365,"private":0,"password":""}