{"id":"gen9vgc2023regulatione-1999161951","p1":"KdSSSSSSSSSSSS","p2":"Poke Blaze21","format":"[Gen 9] VGC 2023 Regulation E","log":"|j|\u2606KdSSSSSSSSSSSS\n|j|\u2606Poke Blaze21\n|t:|1701039993\n|gametype|doubles\n|player|p1|KdSSSSSSSSSSSS|veteran|1084\n|player|p2|Poke Blaze21|red|1080\n|teamsize|p1|6\n|teamsize|p2|6\n|gen|9\n|tier|[Gen 9] VGC 2023 Regulation E\n|rated|\n|rule|Species Clause: Limit one of each Pok\u00e9mon\n|rule|Item Clause: Limit one of each item\n|clearpoke\n|poke|p1|Kommo-o, L50, M|\n|poke|p1|Sinistcha, L50|\n|poke|p1|Flutter Mane, L50|\n|poke|p1|Landorus-Therian, L50, M|\n|poke|p1|Maushold, L50|\n|poke|p1|Rillaboom, L50, M|\n|poke|p2|Gastrodon-East, L50, M|\n|poke|p2|Breloom, L50, F|\n|poke|p2|Rotom-Heat, L50|\n|poke|p2|Flutter Mane, L50|\n|poke|p2|Roaring Moon, L50|\n|poke|p2|Gholdengo, L50|\n|teampreview|4\n|\n|t:|1701040047\n|start\n|switch|p1a: Kommo-o|Kommo-o, L50, M|100\/100\n|switch|p1b: Maushold|Maushold, L50|100\/100\n|switch|p2a: Roaring Moon|Roaring Moon, L50|100\/100\n|switch|p2b: Rotom|Rotom-Heat, L50|100\/100\n|-enditem|p2a: Roaring Moon|Booster Energy\n|-activate|p2a: Roaring Moon|ability: Protosynthesis|[fromitem]\n|-start|p2a: Roaring Moon|protosynthesisatk\n|turn|1\n|\n|t:|1701040087\n|-terastallize|p2a: Roaring Moon|Poison\n|move|p1b: Maushold|Follow Me|p1b: Maushold\n|-singleturn|p1b: Maushold|move: Follow Me\n|move|p2a: Roaring Moon|Tailwind|p2a: Roaring Moon\n|-sidestart|p2: Poke Blaze21|move: Tailwind\n|move|p2b: Rotom|Trick|p1b: Maushold\n|-activate|p2b: Rotom|move: Trick|[of] p1b: Maushold\n|-item|p1b: Maushold|Choice Specs|[from] move: Trick\n|-item|p2b: Rotom|Sitrus Berry|[from] move: Trick\n|move|p1a: Kommo-o|Iron Defense|p1a: Kommo-o\n|-boost|p1a: Kommo-o|def|2\n|\n|upkeep\n|turn|2\n|\n|t:|1701040118\n|switch|p1b: Flutter Mane|Flutter Mane, L50|100\/100\n|-enditem|p1b: Flutter Mane|Booster Energy\n|-activate|p1b: Flutter Mane|ability: Protosynthesis|[fromitem]\n|-start|p1b: Flutter Mane|protosynthesisspe\n|move|p2a: Roaring Moon|Acrobatics|p1b: Flutter Mane\n|-damage|p1b: Flutter Mane|11\/100\n|move|p2b: Rotom|Thunderbolt|p1b: Flutter Mane\n|-damage|p1b: Flutter Mane|0 fnt\n|faint|p1b: Flutter Mane\n|-end|p1b: Flutter Mane|Protosynthesis|[silent]\n|move|p1a: Kommo-o|Body Press|p2b: Rotom\n|-damage|p2b: Rotom|9\/100\n|-enditem|p2b: Rotom|Sitrus Berry|[eat]\n|-heal|p2b: Rotom|34\/100|[from] item: Sitrus Berry\n|\n|upkeep\n|\n|t:|1701040132\n|switch|p1b: Maushold|Maushold, L50|100\/100\n|turn|3\n|\n|t:|1701040142\n|move|p1b: Maushold|Follow Me|p1b: Maushold\n|-singleturn|p1b: Maushold|move: Follow Me\n|move|p2a: Roaring Moon|Acrobatics|p1b: Maushold\n|-damage|p1b: Maushold|45\/100\n|move|p2b: Rotom|Volt Switch|p1b: Maushold\n|-damage|p1b: Maushold|12\/100\n|\n|t:|1701040149\n|switch|p2b: Flutter Mane|Flutter Mane, L50|100\/100|[from] Volt Switch\n|move|p1a: Kommo-o|Iron Defense|p1a: Kommo-o\n|-boost|p1a: Kommo-o|def|2\n|\n|upkeep\n|turn|4\n|\n|t:|1701040160\n|-terastallize|p1a: Kommo-o|Steel\n|move|p1b: Maushold|Follow Me|p1b: Maushold\n|-singleturn|p1b: Maushold|move: Follow Me\n|move|p2b: Flutter Mane|Dazzling Gleam|p1b: Maushold|[spread] p1a,p1b\n|-resisted|p1a: Kommo-o\n|-damage|p1a: Kommo-o|85\/100\n|-damage|p1b: Maushold|0 fnt\n|faint|p1b: Maushold\n|-damage|p2b: Flutter Mane|91\/100|[from] item: Life Orb\n|move|p2a: Roaring Moon|Acrobatics|p1a: Kommo-o\n|-resisted|p1a: Kommo-o\n|-damage|p1a: Kommo-o|79\/100\n|move|p1a: Kommo-o|Iron Head|p2b: Flutter Mane\n|-supereffective|p2b: Flutter Mane\n|-damage|p2b: Flutter Mane|0 fnt\n|faint|p2b: Flutter Mane\n|-end|p2b: Flutter Mane|Protosynthesis|[silent]\n|\n|-heal|p1a: Kommo-o|85\/100|[from] item: Leftovers\n|-sideend|p2: Poke Blaze21|move: Tailwind\n|upkeep\n|\n|t:|1701040176\n|switch|p2b: Gastrodon|Gastrodon-East, L50, M|100\/100\n|switch|p1b: Sinistcha|Sinistcha, L50|100\/100\n|-heal|p1a: Kommo-o|100\/100|[from] ability: Hospitality|[of] p1b: Sinistcha\n|turn|5\n|\n|t:|1701040196\n|switch|p2b: Rotom|Rotom-Heat, L50|34\/100\n|move|p2a: Roaring Moon|Tailwind|p2a: Roaring Moon\n|-sidestart|p2: Poke Blaze21|move: Tailwind\n|move|p1a: Kommo-o|Body Press|p2b: Rotom\n|-damage|p2b: Rotom|0 fnt\n|faint|p2b: Rotom\n|move|p1b: Sinistcha|Matcha Gotcha|p2a: Roaring Moon\n|-resisted|p2a: Roaring Moon\n|-damage|p2a: Roaring Moon|85\/100\n|\n|upkeep\n|\n|t:|1701040208\n|switch|p2b: Gastrodon|Gastrodon-East, L50, M|100\/100\n|turn|6\n|\n|t:|1701040217\n|move|p2a: Roaring Moon|Acrobatics|p1b: Sinistcha\n|-supereffective|p1b: Sinistcha\n|-damage|p1b: Sinistcha|14\/100\n|-damage|p2a: Roaring Moon|68\/100|[from] item: Rocky Helmet|[of] p1b: Sinistcha\n|move|p2b: Gastrodon|Earth Power|p1a: Kommo-o\n|-supereffective|p1a: Kommo-o\n|-damage|p1a: Kommo-o|47\/100\n|move|p1a: Kommo-o|Iron Head|p2a: Roaring Moon\n|-damage|p2a: Roaring Moon|25\/100\n|move|p1b: Sinistcha|Matcha Gotcha|p2a: Roaring Moon|[spread] p2a,p2b\n|-resisted|p2a: Roaring Moon\n|-supereffective|p2b: Gastrodon\n|-damage|p2a: Roaring Moon|12\/100\n|-heal|p1b: Sinistcha|21\/100|[from] drain|[of] p2a: Roaring Moon\n|-damage|p2b: Gastrodon|22\/100\n|-heal|p1b: Sinistcha|69\/100|[from] drain|[of] p2b: Gastrodon\n|-status|p2b: Gastrodon|brn\n|\n|-heal|p2b: Gastrodon|28\/100 brn|[from] item: Leftovers\n|-heal|p1a: Kommo-o|53\/100|[from] item: Leftovers\n|-damage|p2b: Gastrodon|22\/100 brn|[from] brn\n|upkeep\n|turn|7\n|\n|t:|1701040245\n|move|p1a: Kommo-o|Protect|p1a: Kommo-o\n|-singleturn|p1a: Kommo-o|Protect\n|move|p2a: Roaring Moon|Acrobatics|p1b: Sinistcha\n|-supereffective|p1b: Sinistcha\n|-crit|p1b: Sinistcha\n|-damage|p1b: Sinistcha|0 fnt\n|-damage|p2a: Roaring Moon|0 fnt|[from] item: Rocky Helmet|[of] p1b: Sinistcha\n|faint|p1b: Sinistcha\n|faint|p2a: Roaring Moon\n|-end|p2a: Roaring Moon|Protosynthesis|[silent]\n|move|p2b: Gastrodon|Earth Power|p1a: Kommo-o\n|-activate|p1a: Kommo-o|move: Protect\n|\n|-heal|p2b: Gastrodon|28\/100 brn|[from] item: Leftovers\n|-heal|p1a: Kommo-o|59\/100|[from] item: Leftovers\n|-damage|p2b: Gastrodon|22\/100 brn|[from] brn\n|upkeep\n|turn|8\n|\n|t:|1701040273\n|move|p2b: Gastrodon|Recover|p2b: Gastrodon\n|-heal|p2b: Gastrodon|72\/100 brn\n|move|p1a: Kommo-o|Body Press|p2b: Gastrodon\n|-damage|p2b: Gastrodon|0 fnt\n|faint|p2b: Gastrodon\n|\n|win|KdSSSSSSSSSSSS\n|raw|KdSSSSSSSSSSSS's rating: 1084 &rarr; <strong>1111<\/strong><br \/>(+27 for winning)\n|raw|Poke Blaze21's rating: 1080 &rarr; <strong>1058<\/strong><br \/>(-22 for losing)\n|l|\u2606Poke Blaze21\n","uploadtime":1701040282,"views":7,"p1id":"kdssssssssssss","p2id":"pokeblaze21","formatid":"gen9vgc2023regulatione","rating":1058,"private":0,"password":""}