{"id":"gen9vgc2023regulatione-1991154096","p1":"maku8319","p2":"Iono1119","format":"[Gen 9] VGC 2023 Regulation E","log":"|j|\u2606maku8319\n|j|\u2606Iono1119\n|n|\u2606maku8319|maku8319\n|n|\u2606Iono1119|iono1119\n|html|View the match progress at <a href=\"\/game-bestof3-gen9vgc2023regulatione-1991154095\">game-bestof3-gen9vgc2023regulatione-1991154095<\/a>\n|t:|1700050991\n|gametype|doubles\n|player|p1|maku8319|red|\n|player|p2|Iono1119|265|\n|teamsize|p1|6\n|teamsize|p2|6\n|gen|9\n|tier|[Gen 9] VGC 2023 Regulation E\n|rule|Species Clause: Limit one of each Pok\u00e9mon\n|rule|Item Clause: Limit one of each item\n|clearpoke\n|poke|p1|Landorus-Therian, L50, M|\n|poke|p1|Ogerpon-Wellspring, L50, F|\n|poke|p1|Iron Hands, L50|\n|poke|p1|Cresselia, L50, F|\n|poke|p1|Heatran, L50, M|\n|poke|p1|Flutter Mane, L50|\n|poke|p2|Landorus-Therian, L50, M|\n|poke|p2|Okidogi, L50, M|\n|poke|p2|Iron Hands, L50|\n|poke|p2|Ogerpon-Wellspring, L50, F|\n|poke|p2|Grimmsnarl, L50, M|\n|poke|p2|Moltres-Galar, L50|\n|teampreview|4\nmaku8319 has agreed to open team sheets.\n|inactive|Battle timer is ON: inactive players will automatically lose when time's up. (requested by Iono1119)\nIono1119 has agreed to open team sheets.\n|showteam|p1|Landorus-Therian||ChoiceScarf|Intimidate|StompingTantrum,TeraBlast,Uturn,RockSlide|||M|||50|,,,,,Flying]Ogerpon-Wellspring||WellspringMask|WaterAbsorb|IvyCudgel,HornLeech,FollowMe,SpikyShield|||F|||50|,,,,,Water]Iron Hands||AssaultVest|QuarkDrive|WildCharge,DrainPunch,HeavySlam,FakeOut||||||50|,,,,,Grass]Cresselia||RockyHelmet|Levitate|Moonblast,HelpingHand,LunarBlessing,TrickRoom|||F|||50|,,,,,Fairy]Heatran||Leftovers|FlashFire|HeatWave,EarthPower,Substitute,Protect|||M|||50|,,,,,Grass]Flutter Mane||ChoiceSpecs|Protosynthesis|Moonblast,DazzlingGleam,ShadowBall,PowerGem||||||50|,,,,,Fairy\n|showteam|p2|Landorus-Therian||ChoiceScarf|Intimidate|StompingTantrum,RockSlide,TeraBlast,Uturn|||M|||50|,,,,,Flying]Okidogi||Leftovers|GuardDog|DrainPunch,PoisonJab,BulkUp,Protect|||M|||50|,,,,,Dark]Iron Hands||AssaultVest|QuarkDrive|DrainPunch,WildCharge,HeavySlam,FakeOut||||||50|,,,,,Grass]Ogerpon-Wellspring||WellspringMask|WaterAbsorb|IvyCudgel,HornLeech,FollowMe,SpikyShield|||F|||50|,,,,,Water]Grimmsnarl||LightClay|Prankster|SpiritBreak,Reflect,LightScreen,PartingShot|||M|||50|,,,,,Fire]Moltres-Galar||SitrusBerry|Berserk|FieryWrath,AirSlash,NastyPlot,Protect||||||50|,,,,,Poison\n|inactive|maku8319 has 30 seconds left.\n|inactive|Iono1119 has 30 seconds left.\n|inactive|maku8319 has 20 seconds left.\n|inactive|Iono1119 has 20 seconds left.\n|inactive|maku8319 has 15 seconds left.\n|inactive|Iono1119 has 15 seconds left.\n|inactive|maku8319 has 10 seconds left.\n|inactive|Iono1119 has 10 seconds left.\n|inactive|maku8319 has 5 seconds left.\n|\n|t:|1700051054\n|start\n|switch|p1a: Emilia|Flutter Mane, L50, shiny|100\/100\n|switch|p1b: Iron Hands|Iron Hands, L50, shiny|100\/100\n|switch|p2a: Grimmsnarl|Grimmsnarl, L50, M|100\/100\n|switch|p2b: Okidogi|Okidogi, L50, M|100\/100\n|turn|1\n|inactive|Iono1119 has 30 seconds left.\n|\n|t:|1700051080\n|move|p1b: Iron Hands|Fake Out|p2a: Grimmsnarl\n|-damage|p2a: Grimmsnarl|84\/100\n|cant|p2a: Grimmsnarl|flinch\n|move|p1a: Emilia|Moonblast|p2b: Okidogi\n|-damage|p2b: Okidogi|30\/100\n|move|p2b: Okidogi|Bulk Up|p2b: Okidogi\n|-boost|p2b: Okidogi|atk|1\n|-boost|p2b: Okidogi|def|1\n|\n|-heal|p2b: Okidogi|36\/100|[from] item: Leftovers\n|upkeep\n|turn|2\n|inactive|maku8319 has 30 seconds left.\n|inactive|Iono1119 has 30 seconds left.\n|inactive|maku8319 has 20 seconds left.\n|inactive|maku8319 has 15 seconds left.\n|inactive|maku8319 has 10 seconds left.\n|\n|t:|1700051128\n|-end|p1a: Emilia|Protosynthesis|[silent]\n|switch|p1a: Cresselia|Cresselia, L50, F|100\/100\n|move|p2b: Okidogi|Protect|p2b: Okidogi\n|-singleturn|p2b: Okidogi|Protect\n|move|p2a: Grimmsnarl|Parting Shot|p1a: Cresselia\n|-unboost|p1a: Cresselia|atk|1\n|-unboost|p1a: Cresselia|spa|1\n|\n|t:|1700051140\n|switch|p2a: \u63a8\u3057\u306e\u692a|Ogerpon-Wellspring, L50, F|100\/100|[from] Parting Shot\n|move|p1b: Iron Hands|Heavy Slam|p2a: \u63a8\u3057\u306e\u692a\n|-resisted|p2a: \u63a8\u3057\u306e\u692a\n|-damage|p2a: \u63a8\u3057\u306e\u692a|78\/100\n|\n|-heal|p2b: Okidogi|43\/100|[from] item: Leftovers\n|upkeep\n|turn|3\n|inactive|Iono1119 has 30 seconds left.\n|inactive|Iono1119 has 20 seconds left.\n|inactive|maku8319 has 30 seconds left.\n|\n|t:|1700051188\n|switch|p1a: Emilia|Flutter Mane, L50, shiny|100\/100\n|move|p2a: \u63a8\u3057\u306e\u692a|Spiky Shield|p2a: \u63a8\u3057\u306e\u692a\n|-singleturn|p2a: \u63a8\u3057\u306e\u692a|move: Protect\n|move|p2b: Okidogi|Drain Punch|p1b: Iron Hands\n|-damage|p1b: Iron Hands|57\/100\n|-heal|p2b: Okidogi|73\/100|[from] drain|[of] p1b: Iron Hands\n|move|p1b: Iron Hands|Drain Punch|p2a: \u63a8\u3057\u306e\u692a\n|-activate|p2a: \u63a8\u3057\u306e\u692a|move: Protect\n|-damage|p1b: Iron Hands|44\/100|[from] Spiky Shield|[of] p2a: \u63a8\u3057\u306e\u692a\n|\n|-heal|p2b: Okidogi|79\/100|[from] item: Leftovers\n|upkeep\n|turn|4\n|inactive|maku8319 has 30 seconds left.\n|inactive|Iono1119 has 30 seconds left.\n|inactive|maku8319 has 20 seconds left.\n|inactive|maku8319 has 15 seconds left.\n|inactive|maku8319 has 10 seconds left.\n|inactive|maku8319 has 5 seconds left.\n|\n|t:|1700051243\n|-terastallize|p2a: \u63a8\u3057\u306e\u692a|Water\n|detailschange|p2a: \u63a8\u3057\u306e\u692a|Ogerpon-Wellspring-Tera, L50, F, tera:Water\n|-ability|p2a: \u63a8\u3057\u306e\u692a|Embody Aspect (Wellspring)|boost\n|-boost|p2a: \u63a8\u3057\u306e\u692a|spd|1\n|move|p2b: Okidogi|Protect|p2b: Okidogi\n|-singleturn|p2b: Okidogi|Protect\n|move|p1a: Emilia|Moonblast|p2a: \u63a8\u3057\u306e\u692a\n|-damage|p2a: \u63a8\u3057\u306e\u692a|26\/100\n|move|p2a: \u63a8\u3057\u306e\u692a|Ivy Cudgel|p1b: Iron Hands|[anim] Ivy Cudgel Water\n|-damage|p1b: Iron Hands|0 fnt\n|faint|p1b: Iron Hands\n|-end|p1b: Iron Hands|Quark Drive|[silent]\n|\n|-heal|p2b: Okidogi|85\/100|[from] item: Leftovers\n|upkeep\n|\n|t:|1700051253\n|switch|p1b: Ogerpon|Ogerpon-Wellspring, L50, F|100\/100\n|turn|5\n|inactive|maku8319 has 30 seconds left.\n|inactive|Iono1119 has 30 seconds left.\n|inactive|Iono1119 has 20 seconds left.\n|inactive|Iono1119 has 15 seconds left.\n|inactive|Iono1119 has 10 seconds left.\n|inactive|Iono1119 has 5 seconds left.\n|\n|t:|1700051307\n|-terastallize|p1a: Emilia|Fairy\n|move|p1a: Emilia|Moonblast|p2b: Okidogi\n|-damage|p2b: Okidogi|0 fnt\n|faint|p2b: Okidogi\n|move|p2a: \u63a8\u3057\u306e\u692a|Ivy Cudgel|p1a: Emilia|[anim] Ivy Cudgel Water\n|-crit|p1a: Emilia\n|-damage|p1a: Emilia|0 fnt\n|faint|p1a: Emilia\n|-end|p1a: Emilia|Protosynthesis|[silent]\n|move|p1b: Ogerpon|Horn Leech|p2a: \u63a8\u3057\u306e\u692a\n|-supereffective|p2a: \u63a8\u3057\u306e\u692a\n|-damage|p2a: \u63a8\u3057\u306e\u692a|0 fnt\n|faint|p2a: \u63a8\u3057\u306e\u692a\n|\n|upkeep\n|\n|t:|1700051319\n|switch|p1a: Cresselia|Cresselia, L50, F|100\/100\n|switch|p2a: Iron Hands|Iron Hands, L50|100\/100\n|switch|p2b: Grimmsnarl|Grimmsnarl, L50, M|84\/100\n|turn|6\n|inactive|Iono1119 has 30 seconds left.\n|\n|t:|1700051346\n|move|p1a: Cresselia|Helping Hand|p1b: Ogerpon\n|-singleturn|p1b: Ogerpon|Helping Hand|[of] p1a: Cresselia\n|move|p2a: Iron Hands|Fake Out|p1a: Cresselia\n|-damage|p1a: Cresselia|91\/100\n|-damage|p2a: Iron Hands|84\/100|[from] item: Rocky Helmet|[of] p1a: Cresselia\n|move|p2b: Grimmsnarl|Reflect|p2b: Grimmsnarl\n|-sidestart|p2: Iono1119|Reflect\n|move|p1b: Ogerpon|Horn Leech|p2a: Iron Hands\n|-damage|p2a: Iron Hands|54\/100\n|\n|upkeep\n|turn|7\n|inactive|Iono1119 has 30 seconds left.\n|\n|t:|1700051380\n|move|p1b: Ogerpon|Spiky Shield|p1b: Ogerpon\n|-singleturn|p1b: Ogerpon|move: Protect\n|move|p1a: Cresselia|Moonblast|p2a: Iron Hands\n|-supereffective|p2a: Iron Hands\n|-damage|p2a: Iron Hands|33\/100\n|move|p2b: Grimmsnarl|Spirit Break|p1a: Cresselia\n|-crit|p1a: Cresselia\n|-damage|p1a: Cresselia|64\/100\n|-unboost|p1a: Cresselia|spa|1\n|-damage|p2b: Grimmsnarl|67\/100|[from] item: Rocky Helmet|[of] p1a: Cresselia\n|move|p2a: Iron Hands|Heavy Slam|p1a: Cresselia\n|-damage|p1a: Cresselia|41\/100\n|-damage|p2a: Iron Hands|16\/100|[from] item: Rocky Helmet|[of] p1a: Cresselia\n|\n|upkeep\n|turn|8\n|\n|t:|1700051401\n|move|p2b: Grimmsnarl|Parting Shot|p1b: Ogerpon\n|-unboost|p1b: Ogerpon|atk|1\n|-unboost|p1b: Ogerpon|spa|1\n|move|p1b: Ogerpon|Ivy Cudgel|p2a: Iron Hands|[anim] Ivy Cudgel Water\n|-damage|p2a: Iron Hands|0 fnt\n|faint|p2a: Iron Hands\n|-end|p2a: Iron Hands|Quark Drive|[silent]\n|move|p1a: Cresselia|Lunar Blessing|p1a: Cresselia|[spread] p1a,p1b\n|-heal|p1a: Cresselia|66\/100\n|\n|upkeep\n|turn|9\n|\n|t:|1700051413\n|move|p2b: Grimmsnarl|Parting Shot|p1b: Ogerpon\n|-unboost|p1b: Ogerpon|atk|1\n|-unboost|p1b: Ogerpon|spa|1\n|move|p1b: Ogerpon|Ivy Cudgel|p2b: Grimmsnarl|[anim] Ivy Cudgel Water\n|-crit|p2b: Grimmsnarl\n|-damage|p2b: Grimmsnarl|0 fnt\n|faint|p2b: Grimmsnarl\n|\n|win|maku8319\n|c|&|\/uhtml prompt-maku8319,maku8319 is ready for game 2!\n|inactive|Iono1119 has 50 seconds to confirm battle start!\n|c|&|\/uhtml prompt-iono1119,Iono1119 is ready for game 2!\nBoth players are ready! Starting next match!\n|l|\u2606Iono1119\n","uploadtime":1700053175,"views":10,"p1id":"maku8319","p2id":"iono1119","formatid":"gen9vgc2023regulatione","rating":0,"private":0,"password":""}