{"id":"gen9vgc2023regulatione-1996845663","p1":"Gennaro Legit VGC","p2":"salvx","format":"[Gen 9] VGC 2023 Regulation E","log":"|j|\u2606Gennaro Legit VGC\n|j|\u2606salvx\n|t:|1700734538\n|gametype|doubles\n|player|p1|Gennaro Legit VGC|youngster-gen4dp|1294\n|player|p2|salvx|unknown|1312\n|teamsize|p1|6\n|teamsize|p2|6\n|gen|9\n|tier|[Gen 9] VGC 2023 Regulation E\n|rated|\n|rule|Species Clause: Limit one of each Pok\u00e9mon\n|rule|Item Clause: Limit one of each item\n|clearpoke\n|poke|p1|Arcanine-Hisui, L50, M|\n|poke|p1|Chien-Pao, L50|\n|poke|p1|Rillaboom, L50, M|\n|poke|p1|Gholdengo, L50|\n|poke|p1|Tornadus, L50, M|\n|poke|p1|Urshifu-*, L50, M|\n|poke|p2|Articuno, L50|\n|poke|p2|Iron Hands, L50|\n|poke|p2|Arcanine-Hisui, L50, F|\n|poke|p2|Ninetales-Alola, L50, F|\n|poke|p2|Palafin, L50, M|\n|poke|p2|Iron Bundle, L50|\n|teampreview|4\nGennaro Legit VGC has agreed to open team sheets.\n|inactive|Battle timer is ON: inactive players will automatically lose when time's up. (requested by salvx)\n|\n|t:|1700734562\n|start\n|switch|p1a: Rillaboom|Rillaboom, L50, M|100\/100\n|switch|p1b: Tornadus|Tornadus, L50, M|100\/100\n|switch|p2a: Ninetales|Ninetales-Alola, L50, F|100\/100\n|switch|p2b: Palafin|Palafin, L50, M|100\/100\n|-weather|Snow|[from] ability: Snow Warning|[of] p2a: Ninetales\n|-fieldstart|move: Grassy Terrain|[from] ability: Grassy Surge|[of] p1a: Rillaboom\n|turn|1\n|\n|t:|1700734574\n|detailschange|p2b: Palafin|Palafin-Hero, L50, M\n|switch|p2b: Arcanine|Arcanine-Hisui, L50, F|100\/100\n|-ability|p2b: Arcanine|Intimidate|boost\n|-unboost|p1a: Rillaboom|atk|1\n|-unboost|p1b: Tornadus|atk|1\n|switch|p1a: Arcanine|Arcanine-Hisui, L50, M, shiny|100\/100\n|-ability|p1a: Arcanine|Intimidate|boost\n|-unboost|p2a: Ninetales|atk|1\n|-unboost|p2b: Arcanine|atk|1\n|move|p2a: Ninetales|Protect|p2a: Ninetales\n|-singleturn|p2a: Ninetales|Protect\n|move|p1b: Tornadus|Rain Dance|p1b: Tornadus\n|-weather|RainDance\n|\n|-weather|RainDance|[upkeep]\n|upkeep\n|turn|2\n|inactive|salvx has 30 seconds left.\n|\n|t:|1700734599\n|switch|p2a: Palafin|Palafin-Hero, L50, M|100\/100\n|-activate|p2a: Palafin|ability: Zero to Hero\n|move|p2b: Arcanine|Protect|p2b: Arcanine\n|-singleturn|p2b: Arcanine|Protect\n|move|p1b: Tornadus|Tailwind|p1b: Tornadus\n|-sidestart|p1: Gennaro Legit VGC|move: Tailwind\n|move|p1a: Arcanine|Rock Slide|p2a: Palafin|[spread] p2a\n|-activate|p2b: Arcanine|move: Protect\n|-crit|p2a: Palafin\n|-damage|p2a: Palafin|47\/100\n|\n|-weather|RainDance|[upkeep]\n|-heal|p2a: Palafin|53\/100|[from] Grassy Terrain\n|upkeep\n|turn|3\n|\n|t:|1700734619\n|switch|p1a: Urshifu|Urshifu-Rapid-Strike, L50, M|100\/100\n|switch|p2b: Ninetales|Ninetales-Alola, L50, F|100\/100\n|-weather|Snow|[from] ability: Snow Warning|[of] p2b: Ninetales\n|-terastallize|p2a: Palafin|Water\n|move|p2a: Palafin|Jet Punch|p1a: Urshifu\n|-resisted|p1a: Urshifu\n|-damage|p1a: Urshifu|72\/100\n|move|p1b: Tornadus|Bleakwind Storm|p2b: Ninetales|[spread] p2a,p2b\n|-damage|p2a: Palafin|24\/100\n|-damage|p2b: Ninetales|62\/100\n|\n|-weather|Snow|[upkeep]\n|-heal|p1a: Urshifu|78\/100|[from] Grassy Terrain\n|-heal|p2b: Ninetales|68\/100|[from] Grassy Terrain\n|-heal|p2a: Palafin|30\/100|[from] Grassy Terrain\n|upkeep\n|turn|4\n|inactive|Gennaro Legit VGC has 30 seconds left.\n|\n|t:|1700734645\n|-terastallize|p1a: Urshifu|Water\n|move|p1b: Tornadus|Rain Dance|p1b: Tornadus\n|-weather|RainDance\n|move|p2a: Palafin|Jet Punch|p1b: Tornadus\n|-damage|p1b: Tornadus|14\/100\n|-damage|p2a: Palafin|13\/100|[from] item: Rocky Helmet|[of] p1b: Tornadus\n|move|p1a: Urshifu|Surging Strikes|p2b: Ninetales\n|-crit|p2b: Ninetales\n|-damage|p2b: Ninetales|0 fnt\n|faint|p2b: Ninetales\n|-hitcount|p2: Ninetales|1\n|\n|-weather|RainDance|[upkeep]\n|-heal|p1a: Urshifu|84\/100|[from] Grassy Terrain\n|-heal|p2a: Palafin|19\/100|[from] Grassy Terrain\n|upkeep\n|\n|t:|1700734656\n|switch|p2b: Articuno|Articuno, L50, shiny|100\/100\n|turn|5\n|\n|t:|1700734662\n|switch|p1b: Rillaboom|Rillaboom, L50, M|100\/100\n|move|p2a: Palafin|Jet Punch|p1b: Rillaboom\n|-resisted|p1b: Rillaboom\n|-damage|p1b: Rillaboom|52\/100\n|move|p1a: Urshifu|Surging Strikes|p2b: Articuno\n|-crit|p2b: Articuno\n|-damage|p2b: Articuno|59\/100\n|-crit|p2b: Articuno\n|-damage|p2b: Articuno|15\/100\n|-crit|p2b: Articuno\n|-damage|p2b: Articuno|0 fnt\n|faint|p2b: Articuno\n|-hitcount|p2: Articuno|3\n|\n|-weather|RainDance|[upkeep]\n|-heal|p1a: Urshifu|90\/100|[from] Grassy Terrain\n|-heal|p1b: Rillaboom|58\/100|[from] Grassy Terrain\n|-heal|p2a: Palafin|25\/100|[from] Grassy Terrain\n|-sideend|p1: Gennaro Legit VGC|move: Tailwind\n|-fieldend|move: Grassy Terrain\n|upkeep\n|\n|t:|1700734667\n|switch|p2b: Arcanine|Arcanine-Hisui, L50, F|100\/100\n|-ability|p2b: Arcanine|Intimidate|boost\n|-unboost|p1a: Urshifu|atk|1\n|-unboost|p1b: Rillaboom|atk|1\n|turn|6\n|inactive|salvx has 30 seconds left.\n|\n|t:|1700734694\n|move|p2b: Arcanine|Extreme Speed|p1b: Rillaboom\n|-damage|p1b: Rillaboom|30\/100\n|-damage|p2b: Arcanine|91\/100|[from] item: Life Orb\n|move|p1a: Urshifu|Surging Strikes|p2b: Arcanine\n|-supereffective|p2b: Arcanine\n|-crit|p2b: Arcanine\n|-damage|p2b: Arcanine|0 fnt\n|faint|p2b: Arcanine\n|-hitcount|p2: Arcanine|1\n|move|p2a: Palafin|Wave Crash|p1b: Rillaboom\n|-resisted|p1b: Rillaboom\n|-damage|p1b: Rillaboom|0 fnt\n|faint|p1b: Rillaboom\n|-damage|p2a: Palafin|16\/100|[from] Recoil\n|\n|-weather|RainDance|[upkeep]\n|upkeep\n|-message|salvx forfeited.\n|\n|win|Gennaro Legit VGC\n|raw|Gennaro Legit VGC's rating: 1294 &rarr; <strong>1320<\/strong><br \/>(+26 for winning)\n|raw|salvx's rating: 1312 &rarr; <strong>1291<\/strong><br \/>(-21 for losing)\n|l|\u2606salvx\n","uploadtime":1700734969,"views":4,"p1id":"gennarolegitvgc","p2id":"salvx","formatid":"gen9vgc2023regulatione","rating":1291,"private":0,"password":""}