{"id":"gen9vgc2023regulatione-1999874796","p1":"lorylagg","p2":"Jdawgin13","format":"[Gen 9] VGC 2023 Regulation E","log":"|j|\u2606lorylagg\n|j|\u2606Jdawgin13\n|t:|1701125166\n|gametype|doubles\n|player|p1|lorylagg|unknownf|1544\n|player|p2|Jdawgin13|hilbert|1514\n|teamsize|p1|6\n|teamsize|p2|6\n|gen|9\n|tier|[Gen 9] VGC 2023 Regulation E\n|rated|\n|rule|Species Clause: Limit one of each Pok\u00e9mon\n|rule|Item Clause: Limit one of each item\n|clearpoke\n|poke|p1|Urshifu-*, L50, F|\n|poke|p1|Arcanine-Hisui, L50, M|\n|poke|p1|Gholdengo, L50|\n|poke|p1|Tornadus, L50, M|\n|poke|p1|Rillaboom, L50, M|\n|poke|p1|Flutter Mane, L50|\n|poke|p2|Iron Bundle, L50|\n|poke|p2|Iron Hands, L50|\n|poke|p2|Pincurchin, L50, F|\n|poke|p2|Iron Treads, L50|\n|poke|p2|Urshifu-*, L50, F|\n|poke|p2|Landorus-Therian, L50, M|\n|teampreview|4\nlorylagg has agreed to open team sheets.\nJdawgin13 has agreed to open team sheets.\n|\n|t:|1701125213\n|start\n|switch|p1a: Tornadus|Tornadus, L50, M|100\/100\n|switch|p1b: Urs4lun4-Bloodmoon|Gholdengo, L50|100\/100\n|switch|p2a: Pincurchin|Pincurchin, L50, F|100\/100\n|switch|p2b: Landorus|Landorus-Therian, L50, M|100\/100\n|-ability|p2b: Landorus|Intimidate|boost\n|-unboost|p1a: Tornadus|atk|1\n|-unboost|p1b: Urs4lun4-Bloodmoon|atk|1\n|-fieldstart|move: Electric Terrain|[from] ability: Electric Surge|[of] p2a: Pincurchin\n|turn|1\n|\n|t:|1701125267\n|-terastallize|p1b: Urs4lun4-Bloodmoon|Steel\n|move|p1a: Tornadus|Tailwind|p1a: Tornadus\n|-sidestart|p1: lorylagg|move: Tailwind\n|move|p1b: Urs4lun4-Bloodmoon|Make It Rain|p2a: Pincurchin|[spread] p2a,p2b\n|-resisted|p2a: Pincurchin\n|-damage|p2a: Pincurchin|58\/100\n|-damage|p2b: Landorus|0 fnt\n|-unboost|p1b: Urs4lun4-Bloodmoon|spa|1\n|faint|p2b: Landorus\n|move|p2a: Pincurchin|Discharge|p1b: Urs4lun4-Bloodmoon|[spread] p1a,p1b\n|-supereffective|p1a: Tornadus\n|-damage|p1a: Tornadus|45\/100\n|-damage|p1b: Urs4lun4-Bloodmoon|74\/100\n|\n|upkeep\n|\n|t:|1701125292\n|switch|p2b: Iron Bundle|Iron Bundle, L50|100\/100\n|-activate|p2b: Iron Bundle|ability: Quark Drive\n|-start|p2b: Iron Bundle|quarkdrivespe\n|turn|2\n|\n|t:|1701125310\n|switch|p1b: Rillaboom|Rillaboom, L50, M|100\/100\n|-fieldstart|move: Grassy Terrain|[from] ability: Grassy Surge|[of] p1b: Rillaboom\n|-end|p2b: Iron Bundle|Quark Drive\n|move|p1a: Tornadus|Protect|p1a: Tornadus\n|-singleturn|p1a: Tornadus|Protect\n|move|p2b: Iron Bundle|Hydro Pump|p1b: Rillaboom\n|-resisted|p1b: Rillaboom\n|-damage|p1b: Rillaboom|83\/100\n|move|p2a: Pincurchin|Scald|p1b: Rillaboom\n|-resisted|p1b: Rillaboom\n|-damage|p1b: Rillaboom|77\/100\n|\n|-heal|p1b: Rillaboom|84\/100|[from] Grassy Terrain\n|-heal|p2a: Pincurchin|64\/100|[from] Grassy Terrain\n|upkeep\n|turn|3\n|\n|t:|1701125344\n|switch|p1a: Urs4lun4-Bloodmoon|Gholdengo, L50, tera:Steel|74\/100\n|switch|p2a: Iron Hands|Iron Hands, L50|100\/100\n|move|p2b: Iron Bundle|Protect|p2b: Iron Bundle\n|-singleturn|p2b: Iron Bundle|Protect\n|move|p1b: Rillaboom|Wood Hammer|p2a: Iron Hands\n|-crit|p2a: Iron Hands\n|-damage|p2a: Iron Hands|11\/100\n|-damage|p1b: Rillaboom|45\/100|[from] Recoil\n|\n|-heal|p1a: Urs4lun4-Bloodmoon|80\/100|[from] Grassy Terrain\n|-heal|p1b: Rillaboom|52\/100|[from] Grassy Terrain\n|-heal|p2a: Iron Hands|17\/100|[from] Grassy Terrain\n|upkeep\n|turn|4\n|\n|t:|1701125386\n|switch|p1b: Urshifu|Urshifu-Rapid-Strike, L50, F|100\/100\n|move|p2a: Iron Hands|Fake Out|p1b: Urshifu\n|-damage|p1b: Urshifu|85\/100\n|move|p1a: Urs4lun4-Bloodmoon|Thunderbolt|p2b: Iron Bundle\n|-supereffective|p2b: Iron Bundle\n|-enditem|p2b: Iron Bundle|Focus Sash\n|-damage|p2b: Iron Bundle|1\/100\n|move|p2b: Iron Bundle|Hydro Pump|p1a: Urs4lun4-Bloodmoon|[miss]\n|-miss|p2b: Iron Bundle|p1a: Urs4lun4-Bloodmoon\n|\n|-heal|p1b: Urshifu|91\/100|[from] Grassy Terrain\n|-heal|p1a: Urs4lun4-Bloodmoon|86\/100|[from] Grassy Terrain\n|-heal|p2b: Iron Bundle|7\/100|[from] Grassy Terrain\n|-heal|p2a: Iron Hands|23\/100|[from] Grassy Terrain\n|-sideend|p1: lorylagg|move: Tailwind\n|upkeep\n|turn|5\n|\n|t:|1701125430\n|move|p1b: Urshifu|Aqua Jet|p2b: Iron Bundle\n|-resisted|p2b: Iron Bundle\n|-damage|p2b: Iron Bundle|0 fnt\n|faint|p2b: Iron Bundle\n|-end|p2b: Iron Bundle|Quark Drive|[silent]\n|move|p1a: Urs4lun4-Bloodmoon|Thunderbolt|p2a: Iron Hands\n|-resisted|p2a: Iron Hands\n|-damage|p2a: Iron Hands|11\/100\n|move|p2a: Iron Hands|Drain Punch|p1a: Urs4lun4-Bloodmoon\n|-supereffective|p1a: Urs4lun4-Bloodmoon\n|-damage|p1a: Urs4lun4-Bloodmoon|3\/100\n|-heal|p2a: Iron Hands|45\/100|[from] drain|[of] p1a: Urs4lun4-Bloodmoon\n|\n|-heal|p1b: Urshifu|97\/100|[from] Grassy Terrain\n|-heal|p1a: Urs4lun4-Bloodmoon|9\/100|[from] Grassy Terrain\n|-heal|p2a: Iron Hands|51\/100|[from] Grassy Terrain\n|upkeep\n|\n|t:|1701125433\n|switch|p2b: Pincurchin|Pincurchin, L50, F|64\/100\n|-fieldstart|move: Electric Terrain|[from] ability: Electric Surge|[of] p2b: Pincurchin\n|-activate|p2a: Iron Hands|ability: Quark Drive\n|-start|p2a: Iron Hands|quarkdriveatk\n|turn|6\n|\n|t:|1701125481\n|switch|p1a: Rillaboom|Rillaboom, L50, M|52\/100\n|-fieldstart|move: Grassy Terrain|[from] ability: Grassy Surge|[of] p1a: Rillaboom\n|-end|p2a: Iron Hands|Quark Drive\n|-terastallize|p2a: Iron Hands|Water\n|move|p1b: Urshifu|Protect|p1b: Urshifu\n|-singleturn|p1b: Urshifu|Protect\n|move|p2a: Iron Hands|Thunder Punch|p1b: Urshifu\n|-activate|p1b: Urshifu|move: Protect\n|move|p2b: Pincurchin|Scald|p1a: Rillaboom\n|-resisted|p1a: Rillaboom\n|-damage|p1a: Rillaboom|45\/100\n|\n|-heal|p1b: Urshifu|100\/100|[from] Grassy Terrain\n|-heal|p1a: Rillaboom|52\/100|[from] Grassy Terrain\n|-heal|p2a: Iron Hands|57\/100|[from] Grassy Terrain\n|-heal|p2b: Pincurchin|70\/100|[from] Grassy Terrain\n|upkeep\n|turn|7\n|\n|t:|1701125498\n|move|p1b: Urshifu|Surging Strikes|p2b: Pincurchin\n|-crit|p2b: Pincurchin\n|-damage|p2b: Pincurchin|40\/100\n|-crit|p2b: Pincurchin\n|-damage|p2b: Pincurchin|9\/100\n|-crit|p2b: Pincurchin\n|-damage|p2b: Pincurchin|0 fnt\n|faint|p2b: Pincurchin\n|-hitcount|p2: Pincurchin|3\n|move|p1a: Rillaboom|Wood Hammer|p2a: Iron Hands\n|-supereffective|p2a: Iron Hands\n|-damage|p2a: Iron Hands|0 fnt\n|faint|p2a: Iron Hands\n|-end|p2a: Iron Hands|Quark Drive|[silent]\n|-damage|p1a: Rillaboom|27\/100|[from] Recoil\n|\n|win|lorylagg\n|raw|lorylagg's rating: 1544 &rarr; <strong>1562<\/strong><br \/>(+18 for winning)\n|raw|Jdawgin13's rating: 1514 &rarr; <strong>1496<\/strong><br \/>(-18 for losing)\n|l|\u2606Jdawgin13\n","uploadtime":1701125508,"views":7,"p1id":"lorylagg","p2id":"jdawgin13","formatid":"gen9vgc2023regulatione","rating":1496,"private":0,"password":""}