{"id":"gen9vgc2023regulatione-1988132255","p1":"5343l","p2":"Matxp60","format":"[Gen 9] VGC 2023 Regulation E","log":"|j|\u26065343l\n|j|\u2606Matxp60\n|t:|1699673592\n|gametype|doubles\n|player|p1|5343l|cynthia|1195\n|player|p2|Matxp60|ethan|1280\n|teamsize|p1|6\n|teamsize|p2|6\n|gen|9\n|tier|[Gen 9] VGC 2023 Regulation E\n|rated|\n|rule|Species Clause: Limit one of each Pok\u00e9mon\n|rule|Item Clause: Limit one of each item\n|clearpoke\n|poke|p1|Ogerpon-Wellspring, L50, F|\n|poke|p1|Landorus-Therian, L50, M|\n|poke|p1|Heatran, L50, M|\n|poke|p1|Amoonguss, L50, F|\n|poke|p1|Iron Hands, L50|\n|poke|p1|Flutter Mane, L50|\n|poke|p2|Baxcalibur, L50, F|\n|poke|p2|Weezing, L50, F|\n|poke|p2|Electrode-Hisui, L50|\n|poke|p2|Indeedee-F, L50, F|\n|poke|p2|Ursaluna-Bloodmoon, L50, M|\n|poke|p2|Heracross, L50, F|\n|teampreview|4\n|\n|t:|1699673616\n|start\n|switch|p1a: Heatran|Heatran, L50, M|100\/100\n|switch|p1b: Flutter Mane|Flutter Mane, L50, shiny|100\/100\n|switch|p2a: Baxcalibur|Baxcalibur, L50, F, shiny|100\/100\n|switch|p2b: Weezing|Weezing, L50, F|100\/100\n|-ability|p2b: Weezing|Neutralizing Gas\n|turn|1\n|\n|t:|1699673638\n|-end|p1b: Flutter Mane|Protosynthesis|[silent]\n|switch|p1b: Iron Hands|Iron Hands, L50, shiny|100\/100\n|move|p2a: Baxcalibur|Protect|p2a: Baxcalibur\n|-singleturn|p2a: Baxcalibur|Protect\n|move|p1a: Heatran|Heat Wave|p2b: Weezing|[spread] p2b\n|-activate|p2a: Baxcalibur|move: Protect\n|-damage|p2b: Weezing|56\/100\n|move|p2b: Weezing|Gunk Shot|p1b: Iron Hands\n|-damage|p1b: Iron Hands|66\/100\n|-damage|p2b: Weezing|46\/100|[from] item: Life Orb\n|\n|upkeep\n|turn|2\n|\n|t:|1699673655\n|move|p1b: Iron Hands|Fake Out|p2a: Baxcalibur\n|-damage|p2a: Baxcalibur|87\/100\n|cant|p2a: Baxcalibur|flinch\n|move|p1a: Heatran|Heat Wave|p2a: Baxcalibur|[spread] p2a,p2b\n|-damage|p2a: Baxcalibur|50\/100\n|-damage|p2b: Weezing|5\/100\n|move|p2b: Weezing|Will-O-Wisp|p1b: Iron Hands\n|-status|p1b: Iron Hands|brn\n|\n|-damage|p1b: Iron Hands|60\/100 brn|[from] brn\n|upkeep\n|turn|3\n|\n|t:|1699673674\n|move|p1a: Heatran|Protect|p1a: Heatran\n|-singleturn|p1a: Heatran|Protect\n|move|p2a: Baxcalibur|Scale Shot|p1b: Iron Hands\n|-damage|p1b: Iron Hands|50\/100 brn\n|-damage|p1b: Iron Hands|42\/100 brn\n|-damage|p1b: Iron Hands|32\/100 brn\n|-damage|p1b: Iron Hands|22\/100 brn\n|-hitcount|p1b: Iron Hands|4\n|-unboost|p2a: Baxcalibur|def|1\n|-boost|p2a: Baxcalibur|spe|1\n|move|p2b: Weezing|Gunk Shot|p1b: Iron Hands\n|-damage|p1b: Iron Hands|0 fnt\n|faint|p1b: Iron Hands\n|-end|p1b: Iron Hands|Quark Drive|[silent]\n|-damage|p2b: Weezing|0 fnt|[from] item: Life Orb\n|faint|p2b: Weezing\n|-end|p2b: Weezing|ability: Neutralizing Gas\n|\n|upkeep\n|\n|t:|1699673693\n|switch|p2b: Heracross|Heracross, L50, F|100\/100\n|switch|p1b: Flutter Mane|Flutter Mane, L50, shiny|100\/100\n|turn|4\n|\n|t:|1699673708\n|move|p2a: Baxcalibur|Protect|p2a: Baxcalibur\n|-singleturn|p2a: Baxcalibur|Protect\n|move|p1b: Flutter Mane|Dazzling Gleam|p2b: Heracross|[spread] p2b\n|-activate|p2a: Baxcalibur|move: Protect\n|-supereffective|p2b: Heracross\n|-damage|p2b: Heracross|0 fnt\n|faint|p2b: Heracross\n|move|p1a: Heatran|Heat Wave|p2a: Baxcalibur\n|-activate|p2a: Baxcalibur|move: Protect\n|\n|upkeep\n|\n|t:|1699673717\n|switch|p2b: Ursaluna|Ursaluna-Bloodmoon, L50, M|100\/100\n|turn|5\n|\n|t:|1699673728\n|-terastallize|p1a: Heatran|Grass\n|move|p2a: Baxcalibur|Icicle Spear|p1b: Flutter Mane\n|-damage|p1b: Flutter Mane|68\/100\n|-damage|p1b: Flutter Mane|40\/100\n|-damage|p1b: Flutter Mane|8\/100\n|-damage|p1b: Flutter Mane|0 fnt\n|faint|p1b: Flutter Mane\n|-end|p1b: Flutter Mane|Protosynthesis|[silent]\n|-hitcount|p1: Flutter Mane|4\n|move|p1a: Heatran|Heat Wave|p2a: Baxcalibur|[spread] p2b\n|-miss|p1a: Heatran|p2a: Baxcalibur\n|-damage|p2b: Ursaluna|54\/100\n|move|p2b: Ursaluna|Earth Power|p1a: Heatran\n|-resisted|p1a: Heatran\n|-damage|p1a: Heatran|79\/100\n|\n|-heal|p1a: Heatran|85\/100|[from] item: Leftovers\n|upkeep\n|\n|t:|1699673744\n|switch|p1b: Amoonguss|Amoonguss, L50, F, shiny|100\/100\n|turn|6\n|\n|t:|1699673759\n|-terastallize|p2b: Ursaluna|Normal\n|move|p1a: Heatran|Protect|p1a: Heatran\n|-singleturn|p1a: Heatran|Protect\n|move|p2a: Baxcalibur|Icicle Spear|p1b: Amoonguss\n|-supereffective|p1b: Amoonguss\n|-damage|p1b: Amoonguss|75\/100\n|-supereffective|p1b: Amoonguss\n|-damage|p1b: Amoonguss|53\/100\n|-supereffective|p1b: Amoonguss\n|-damage|p1b: Amoonguss|29\/100\n|-supereffective|p1b: Amoonguss\n|-damage|p1b: Amoonguss|4\/100\n|-supereffective|p1b: Amoonguss\n|-damage|p1b: Amoonguss|0 fnt\n|faint|p1b: Amoonguss\n|-hitcount|p1: Amoonguss|5\n|move|p2b: Ursaluna|Blood Moon|p1a: Heatran\n|-activate|p1a: Heatran|move: Protect\n|\n|-heal|p1a: Heatran|91\/100|[from] item: Leftovers\n|upkeep\n|turn|7\n|\n|t:|1699673777\n|move|p2a: Baxcalibur|Protect|p2a: Baxcalibur\n|-singleturn|p2a: Baxcalibur|Protect\n|move|p2b: Ursaluna|Protect|p2b: Ursaluna\n|-singleturn|p2b: Ursaluna|Protect\n|move|p1a: Heatran|Heat Wave|p2a: Baxcalibur|[spread] \n|-activate|p2a: Baxcalibur|move: Protect\n|-activate|p2b: Ursaluna|move: Protect\n|\n|-heal|p1a: Heatran|97\/100|[from] item: Leftovers\n|upkeep\n|turn|8\n|\n|t:|1699673788\n|move|p2a: Baxcalibur|Icicle Spear|p1a: Heatran\n|-supereffective|p1a: Heatran\n|-damage|p1a: Heatran|71\/100\n|-supereffective|p1a: Heatran\n|-damage|p1a: Heatran|46\/100\n|-supereffective|p1a: Heatran\n|-damage|p1a: Heatran|20\/100\n|-supereffective|p1a: Heatran\n|-damage|p1a: Heatran|0 fnt\n|faint|p1a: Heatran\n|-hitcount|p1: Heatran|4\n|\n|win|Matxp60\n|raw|5343l's rating: 1195 &rarr; <strong>1176<\/strong><br \/>(-19 for losing)\n|raw|Matxp60's rating: 1280 &rarr; <strong>1299<\/strong><br \/>(+19 for winning)\n|l|\u26065343l\n","uploadtime":1699673849,"views":13,"p1id":"5343l","p2id":"matxp60","formatid":"gen9vgc2023regulatione","rating":1176,"private":0,"password":""}