{"id":"gen9vgc2023regulatione-1990000894","p1":"sa2legend","p2":"Platinum_Berlitze","format":"[Gen 9] VGC 2023 Regulation E","log":"|j|\u2606sa2legend\n|j|\u2606Platinum_Berlitze\n|t:|1699914148\n|gametype|doubles\n|player|p1|sa2legend|giovanni|1125\n|player|p2|Platinum_Berlitze|battlegirl|1038\n|teamsize|p1|6\n|teamsize|p2|6\n|gen|9\n|tier|[Gen 9] VGC 2023 Regulation E\n|rated|\n|rule|Species Clause: Limit one of each Pok\u00e9mon\n|rule|Item Clause: Limit one of each item\n|clearpoke\n|poke|p1|Sableye, L50, F|\n|poke|p1|Breloom, L50, M|\n|poke|p1|Urshifu-*, L50, F|\n|poke|p1|Flutter Mane, L50|\n|poke|p1|Houndstone, L50, M|\n|poke|p1|Tyranitar, L50, M|\n|poke|p2|Baxcalibur, L50, M|\n|poke|p2|Ninetales-Alola, L50, F|\n|poke|p2|Mienshao, L50, F|\n|poke|p2|Tornadus, L50, M|\n|poke|p2|Cetitan, L50, M|\n|poke|p2|Empoleon, L50, F|\n|teampreview|4\n|inactive|Battle timer is ON: inactive players will automatically lose when time's up. (requested by Platinum_Berlitze)\n|inactive|Platinum_Berlitze has 60 seconds left.\n|\n|t:|1699914197\n|start\n|switch|p1a: Sableye|Sableye, L50, F, shiny|100\/100\n|switch|p1b: Breloom|Breloom, L50, M, shiny|100\/100\n|switch|p2a: Tornadus|Tornadus, L50, M|100\/100\n|switch|p2b: Ninetales|Ninetales-Alola, L50, F|100\/100\n|-weather|Snow|[from] ability: Snow Warning|[of] p2b: Ninetales\n|turn|1\n|inactive|sa2legend has 30 seconds left.\n|\n|t:|1699914226\n|move|p2b: Ninetales|Protect|p2b: Ninetales\n|-singleturn|p2b: Ninetales|Protect\n|move|p1a: Sableye|Skill Swap|p1b: Breloom\n|-activate|p1a: Sableye|move: Skill Swap|||[of] p1b: Breloom\n|move|p1b: Breloom|Spore|p2b: Ninetales\n|-activate|p2b: Ninetales|move: Protect\n|move|p2a: Tornadus|Weather Ball|p1b: Breloom\n|-supereffective|p1b: Breloom\n|-damage|p1b: Breloom|5\/100\n|\n|-weather|Snow|[upkeep]\n|upkeep\n|turn|2\n|\n|t:|1699914246\n|move|p2a: Tornadus|Taunt|p1b: Breloom\n|-start|p1b: Breloom|move: Taunt\n|cant|p1b: Breloom|move: Taunt|Spore\n|move|p2b: Ninetales|Aurora Veil|p2b: Ninetales\n|-sidestart|p2: Platinum_Berlitze|move: Aurora Veil\n|move|p1a: Sableye|Knock Off|p2a: Tornadus\n|-damage|p2a: Tornadus|69\/100\n|-enditem|p2a: Tornadus|Bright Powder|[from] move: Knock Off|[of] p1a: Sableye\n|\n|-weather|Snow|[upkeep]\n|upkeep\n|turn|3\n|\n|t:|1699914262\n|switch|p1a: Tyranitar|Tyranitar, L50, M, shiny|100\/100\n|-weather|Sandstorm|[from] ability: Sand Stream|[of] p1a: Tyranitar\n|move|p2a: Tornadus|Tailwind|p2a: Tornadus\n|-sidestart|p2: Platinum_Berlitze|move: Tailwind\n|move|p2b: Ninetales|Icy Wind|p1a: Tyranitar|[spread] p1a,p1b\n|-supereffective|p1b: Breloom\n|-damage|p1a: Tyranitar|93\/100\n|-damage|p1b: Breloom|0 fnt\n|-unboost|p1a: Tyranitar|spe|1\n|faint|p1b: Breloom\n|\n|-weather|Sandstorm|[upkeep]\n|-damage|p2b: Ninetales|95\/100|[from] Sandstorm\n|-damage|p2a: Tornadus|63\/100|[from] Sandstorm\n|upkeep\n|\n|t:|1699914275\n|switch|p1b: Sableye|Sableye, L50, F, shiny|100\/100\n|turn|4\n|\n|t:|1699914289\n|switch|p2b: Empoleon|Empoleon, L50, F|100\/100\n|-terastallize|p1a: Tyranitar|Fire\n|move|p1b: Sableye|Sucker Punch|p2a: Tornadus\n|-damage|p2a: Tornadus|42\/100\n|move|p2a: Tornadus|Weather Ball|p1b: Sableye\n|-damage|p1b: Sableye|57\/100\n|move|p1a: Tyranitar|Fire Punch|p2b: Empoleon\n|-damage|p2b: Empoleon|70\/100\n|\n|-weather|Sandstorm|[upkeep]\n|-damage|p2a: Tornadus|37\/100|[from] Sandstorm\n|-damage|p1b: Sableye|51\/100|[from] Sandstorm\n|-damage|p1a: Tyranitar|87\/100|[from] Sandstorm\n|upkeep\n|turn|5\n|inactive|Platinum_Berlitze has 30 seconds left.\n|inactive|Platinum_Berlitze has 20 seconds left.\n|inactive|Platinum_Berlitze has 15 seconds left.\n|\n|t:|1699914331\n|-terastallize|p2b: Empoleon|Water\n|move|p1a: Tyranitar|Protect|p1a: Tyranitar\n|-singleturn|p1a: Tyranitar|Protect\n|move|p2a: Tornadus|Weather Ball|p1a: Tyranitar\n|-activate|p1a: Tyranitar|move: Protect\n|move|p2b: Empoleon|Brine|p1a: Tyranitar\n|-activate|p1a: Tyranitar|move: Protect\n|move|p1b: Sableye|Knock Off|p2a: Tornadus\n|-damage|p2a: Tornadus|14\/100\n|\n|-weather|Sandstorm|[upkeep]\n|-damage|p2a: Tornadus|9\/100|[from] Sandstorm\n|-damage|p2b: Empoleon|64\/100|[from] Sandstorm\n|-damage|p1b: Sableye|45\/100|[from] Sandstorm\n|-damage|p1a: Tyranitar|82\/100|[from] Sandstorm\n|upkeep\n|turn|6\n|inactive|sa2legend has 30 seconds left.\n|\n|t:|1699914361\n|switch|p1a: Houndstone|Houndstone, L50, M, shiny|100\/100\n|move|p1b: Sableye|Sucker Punch|p2a: Tornadus\n|-damage|p2a: Tornadus|0 fnt\n|faint|p2a: Tornadus\n|move|p2b: Empoleon|Brine|p1b: Sableye\n|-damage|p1b: Sableye|0 fnt\n|faint|p1b: Sableye\n|\n|-weather|Sandstorm|[upkeep]\n|-damage|p2b: Empoleon|59\/100|[from] Sandstorm\n|-sideend|p2: Platinum_Berlitze|move: Tailwind\n|upkeep\n|\n|t:|1699914372\n|switch|p2a: Cetitan|Cetitan, L50, M, shiny|100\/100\n|switch|p1b: Tyranitar|Tyranitar, L50, M, shiny, tera:Fire|82\/100\n|turn|7\n|\n|t:|1699914386\n|switch|p2b: Ninetales|Ninetales-Alola, L50, F|95\/100\n|-weather|Snow|[from] ability: Snow Warning|[of] p2b: Ninetales\n|move|p1b: Tyranitar|Protect|p1b: Tyranitar\n|-singleturn|p1b: Tyranitar|Protect\n|move|p2a: Cetitan|Liquidation|p1b: Tyranitar\n|-activate|p1b: Tyranitar|move: Protect\n|move|p1a: Houndstone|Last Respects|p2b: Ninetales\n|-damage|p2b: Ninetales|49\/100\n|\n|-weather|Snow|[upkeep]\n|upkeep\n|turn|8\n|\n|t:|1699914402\n|move|p2a: Cetitan|Liquidation|p1b: Tyranitar\n|-supereffective|p1b: Tyranitar\n|-damage|p1b: Tyranitar|31\/100\n|-enditem|p1b: Tyranitar|Weakness Policy\n|-boost|p1b: Tyranitar|atk|2|[from] item: Weakness Policy\n|-boost|p1b: Tyranitar|spa|2|[from] item: Weakness Policy\n|move|p2b: Ninetales|Icy Wind|p1a: Houndstone|[spread] p1a\n|-miss|p2b: Ninetales|p1b: Tyranitar\n|-damage|p1a: Houndstone|86\/100\n|-unboost|p1a: Houndstone|spe|1\n|move|p1b: Tyranitar|Rock Slide|p2a: Cetitan|[spread] p2a,p2b\n|-supereffective|p2a: Cetitan\n|-supereffective|p2b: Ninetales\n|-damage|p2a: Cetitan|50\/100\n|-damage|p2b: Ninetales|0 fnt\n|faint|p2b: Ninetales\n|move|p1a: Houndstone|Will-O-Wisp|p2a: Cetitan\n|-status|p2a: Cetitan|brn\n|\n|-weather|Snow|[upkeep]\n|-heal|p1a: Houndstone|92\/100|[from] item: Leftovers\n|-damage|p2a: Cetitan|44\/100 brn|[from] brn\n|upkeep\n|\n|t:|1699914410\n|switch|p2b: Empoleon|Empoleon, L50, F, tera:Water|59\/100\n|turn|9\n|\n|t:|1699914429\n|move|p1b: Tyranitar|Protect|p1b: Tyranitar\n|-singleturn|p1b: Tyranitar|Protect\n|move|p2a: Cetitan|Ice Spinner|p1a: Houndstone\n|-damage|p1a: Houndstone|69\/100\n|move|p1a: Houndstone|Last Respects|p2b: Empoleon\n|-crit|p2b: Empoleon\n|-damage|p2b: Empoleon|0 fnt\n|faint|p2b: Empoleon\n|\n|-weather|Snow|[upkeep]\n|-heal|p1a: Houndstone|75\/100|[from] item: Leftovers\n|-damage|p2a: Cetitan|38\/100 brn|[from] brn\n|-sideend|p2: Platinum_Berlitze|move: Aurora Veil\n|upkeep\n|turn|10\n|\n|t:|1699914453\n|move|p1a: Houndstone|Shadow Sneak|p2a: Cetitan\n|-damage|p2a: Cetitan|26\/100 brn\n|move|p2a: Cetitan|Liquidation|p1b: Tyranitar\n|-supereffective|p1b: Tyranitar\n|-damage|p1b: Tyranitar|7\/100\n|move|p1b: Tyranitar|Fire Punch|p2a: Cetitan\n|-supereffective|p2a: Cetitan\n|-damage|p2a: Cetitan|0 fnt\n|faint|p2a: Cetitan\n|\n|win|sa2legend\n|raw|sa2legend's rating: 1125 &rarr; <strong>1144<\/strong><br \/>(+19 for winning)\n|raw|Platinum_Berlitze's rating: 1038 &rarr; <strong>1026<\/strong><br \/>(-12 for losing)\n|l|\u2606Platinum_Berlitze\n|c|\u2606sa2legend|gg\n","uploadtime":1699914500,"views":11,"p1id":"sa2legend","p2id":"platinumberlitze","formatid":"gen9vgc2023regulatione","rating":1026,"private":0,"password":""}