{"id":"gen9vgc2023regulatione-1995247031","p1":"HeffNastyy","p2":"h13942533666","format":"[Gen 9] VGC 2023 Regulation E","log":"|j|\u2606HeffNastyy\n|j|\u2606h13942533666\n|t:|1700539705\n|gametype|doubles\n|player|p1|HeffNastyy|lance|1455\n|player|p2|h13942533666|169|1526\n|teamsize|p1|6\n|teamsize|p2|6\n|gen|9\n|tier|[Gen 9] VGC 2023 Regulation E\n|rated|\n|rule|Species Clause: Limit one of each Pok\u00e9mon\n|rule|Item Clause: Limit one of each item\n|clearpoke\n|poke|p1|Tornadus, L50, M|\n|poke|p1|Arcanine-Hisui, L50, M|\n|poke|p1|Gholdengo, L50|\n|poke|p1|Urshifu-*, L50, F|\n|poke|p1|Rillaboom, L50, M|\n|poke|p1|Zapdos, L50|\n|poke|p2|Grimmsnarl, L50, M|\n|poke|p2|Sinistcha, L50|\n|poke|p2|Arcanine-Hisui, L50, F|\n|poke|p2|Iron Hands, L50|\n|poke|p2|Ogerpon-Wellspring, L50, F|\n|poke|p2|Moltres-Galar, L50|\n|teampreview|4\n|\n|t:|1700539768\n|start\n|switch|p1a: Gholdengo|Gholdengo, L50|100\/100\n|switch|p1b: Tornadus|Tornadus, L50, M|100\/100\n|switch|p2a: Grimmsnarl|Grimmsnarl, L50, M|100\/100\n|switch|p2b: Moltres|Moltres-Galar, L50|100\/100\n|turn|1\n|inactive|Battle timer is ON: inactive players will automatically lose when time's up. (requested by HeffNastyy)\n|inactive|HeffNastyy has 60 seconds left.\n|\n|t:|1700539805\n|-terastallize|p1a: Gholdengo|Dragon\n|move|p2a: Grimmsnarl|Light Screen|p2a: Grimmsnarl\n|-sidestart|p2: h13942533666|move: Light Screen\n|move|p1b: Tornadus|Bleakwind Storm|p2a: Grimmsnarl|[spread] p2a,p2b\n|-damage|p2a: Grimmsnarl|82\/100\n|-damage|p2b: Moltres|86\/100\n|-unboost|p2b: Moltres|spe|1\n|move|p1a: Gholdengo|Nasty Plot|p1a: Gholdengo\n|-boost|p1a: Gholdengo|spa|2\n|move|p2b: Moltres|Nasty Plot|p2b: Moltres\n|-boost|p2b: Moltres|spa|2\n|\n|upkeep\n|turn|2\n|\n|t:|1700539826\n|move|p1b: Tornadus|Bleakwind Storm|p2b: Moltres|[spread] p2a,p2b\n|-damage|p2a: Grimmsnarl|63\/100\n|-damage|p2b: Moltres|69\/100\n|move|p1a: Gholdengo|Make It Rain|p2b: Moltres|[spread] p2a,p2b\n|-supereffective|p2a: Grimmsnarl\n|-damage|p2a: Grimmsnarl|0 fnt\n|-damage|p2b: Moltres|9\/100\n|-unboost|p1a: Gholdengo|spa|1\n|faint|p2a: Grimmsnarl\n|-ability|p2b: Moltres|Berserk|boost\n|-boost|p2b: Moltres|spa|1\n|-damage|p1a: Gholdengo|91\/100|[from] item: Life Orb\n|-enditem|p2b: Moltres|Sitrus Berry|[eat]\n|-heal|p2b: Moltres|34\/100|[from] item: Sitrus Berry\n|move|p2b: Moltres|Fiery Wrath|p1b: Tornadus|[spread] p1a,p1b\n|-damage|p1a: Gholdengo|18\/100\n|-damage|p1b: Tornadus|37\/100\n|\n|upkeep\n|\n|t:|1700539845\n|switch|p2a: Arcanine|Arcanine-Hisui, L50, F|100\/100\n|-ability|p2a: Arcanine|Intimidate|boost\n|-unboost|p1a: Gholdengo|atk|1\n|-unboost|p1b: Tornadus|atk|1\n|turn|3\n|\n|t:|1700539860\n|move|p1a: Gholdengo|Protect|p1a: Gholdengo\n|-singleturn|p1a: Gholdengo|Protect\n|move|p2a: Arcanine|Extreme Speed|p1a: Gholdengo\n|-activate|p1a: Gholdengo|move: Protect\n|move|p1b: Tornadus|Tailwind|p1b: Tornadus\n|-sidestart|p1: HeffNastyy|move: Tailwind\n|move|p2b: Moltres|Fiery Wrath|p1b: Tornadus|[spread] p1b\n|-activate|p1a: Gholdengo|move: Protect\n|-damage|p1b: Tornadus|0 fnt\n|faint|p1b: Tornadus\n|\n|upkeep\n|\n|t:|1700539880\n|switch|p1b: Arcanine|Arcanine-Hisui, L50, M|100\/100\n|-ability|p1b: Arcanine|Intimidate|boost\n|-unboost|p2a: Arcanine|atk|1\n|-unboost|p2b: Moltres|atk|1\n|turn|4\n|inactive|HeffNastyy has 30 seconds left.\n|\n|t:|1700539909\n|switch|p2a: Sinistcha|Sinistcha, L50|100\/100\n|-heal|p2b: Moltres|59\/100|[from] ability: Hospitality|[of] p2a: Sinistcha\n|move|p1a: Gholdengo|Protect||[still]\n|-fail|p1a: Gholdengo\n|move|p2b: Moltres|Protect|p2b: Moltres\n|-singleturn|p2b: Moltres|Protect\n|move|p1b: Arcanine|Rock Slide|p2b: Moltres|[spread] p2a\n|-activate|p2b: Moltres|move: Protect\n|-damage|p2a: Sinistcha|65\/100\n|\n|upkeep\n|turn|5\n|\n|t:|1700539932\n|switch|p2a: Arcanine|Arcanine-Hisui, L50, F|100\/100\n|-ability|p2a: Arcanine|Intimidate|boost\n|-unboost|p1a: Gholdengo|atk|1\n|-unboost|p1b: Arcanine|atk|1\n|move|p1a: Gholdengo|Make It Rain|p2a: Arcanine|[spread] p2a,p2b\n|-damage|p2a: Arcanine|40\/100\n|-damage|p2b: Moltres|10\/100\n|-unboost|p1a: Gholdengo|spa|1\n|-ability|p2b: Moltres|Berserk|boost\n|-boost|p2b: Moltres|spa|1\n|-damage|p1a: Gholdengo|8\/100|[from] item: Life Orb\n|move|p1b: Arcanine|Rock Slide|p2a: Arcanine|[spread] p2a,p2b\n|-supereffective|p2a: Arcanine\n|-supereffective|p2b: Moltres\n|-damage|p2a: Arcanine|0 fnt\n|-damage|p2b: Moltres|0 fnt\n|faint|p2a: Arcanine\n|faint|p2b: Moltres\n|\n|upkeep\n|\n|t:|1700539947\n|switch|p2b: Sinistcha|Sinistcha, L50|65\/100\n|turn|6\n|\n|t:|1700539965\n|switch|p1b: Zapdos|Zapdos, L50|100\/100\n|move|p1a: Gholdengo|Shadow Ball|p2b: Sinistcha\n|-supereffective|p2b: Sinistcha\n|-damage|p2b: Sinistcha|0 fnt\n|faint|p2b: Sinistcha\n|-damage|p1a: Gholdengo|0 fnt|[from] item: Life Orb\n|faint|p1a: Gholdengo\n|\n|win|HeffNastyy\n|raw|HeffNastyy's rating: 1455 &rarr; <strong>1479<\/strong><br \/>(+24 for winning)\n|raw|h13942533666's rating: 1526 &rarr; <strong>1502<\/strong><br \/>(-24 for losing)\n","uploadtime":1700539979,"views":4,"p1id":"heffnastyy","p2id":"h13942533666","formatid":"gen9vgc2023regulatione","rating":1479,"private":0,"password":""}