{"id":"gen9vgc2023regulatione-1996045493","p1":"malikmunch","p2":"Orb66623","format":"[Gen 9] VGC 2023 Regulation E","log":"|j|\u2606malikmunch\n|j|\u2606Orb66623\n|t:|1700634685\n|gametype|doubles\n|player|p1|malikmunch|265|1280\n|player|p2|Orb66623|265|1257\n|teamsize|p1|6\n|teamsize|p2|6\n|gen|9\n|tier|[Gen 9] VGC 2023 Regulation E\n|rated|\n|rule|Species Clause: Limit one of each Pok\u00e9mon\n|rule|Item Clause: Limit one of each item\n|clearpoke\n|poke|p1|Farigiraf, L50, F|\n|poke|p1|Landorus, L50, M|\n|poke|p1|Urshifu-*, L50, M|\n|poke|p1|Heatran, L50, M|\n|poke|p1|Iron Bundle, L50|\n|poke|p1|Rillaboom, L50, F|\n|poke|p2|Ogerpon-Wellspring, L50, F|\n|poke|p2|Armarouge, L50, F|\n|poke|p2|Torkoal, L50, M|\n|poke|p2|Indeedee-F, L50, F|\n|poke|p2|Iron Hands, L50|\n|poke|p2|Landorus-Therian, L50, M|\n|teampreview|4\n|inactive|Battle timer is ON: inactive players will automatically lose when time's up. (requested by Orb66623)\n|\n|t:|1700634718\n|start\n|switch|p1a: Farigiraf|Farigiraf, L50, F|100\/100\n|switch|p1b: Urshifu|Urshifu, L50, M|100\/100\n|switch|p2a: Armarouge|Armarouge, L50, F|100\/100\n|switch|p2b: Landorus|Landorus-Therian, L50, M|100\/100\n|-ability|p2b: Landorus|Intimidate|boost\n|-unboost|p1a: Farigiraf|atk|1\n|-unboost|p1b: Urshifu|atk|1\n|turn|1\n|inactive|malikmunch has 30 seconds left.\n|inactive|Orb66623 has 30 seconds left.\n|\n|t:|1700634752\n|move|p2a: Armarouge|Endure|p2a: Armarouge\n|-singleturn|p2a: Armarouge|move: Endure\n|move|p2b: Landorus|U-turn|p1a: Farigiraf\n|-supereffective|p1a: Farigiraf\n|-damage|p1a: Farigiraf|54\/100\n|\n|t:|1700634764\n|switch|p2b: Ogerpon|Ogerpon-Wellspring, L50, F|100\/100|[from] U-turn\n|move|p1b: Urshifu|Wicked Blow|p2a: Armarouge\n|-supereffective|p2a: Armarouge\n|-crit|p2a: Armarouge\n|-activate|p2a: Armarouge|move: Endure\n|-damage|p2a: Armarouge|1\/100\n|-ability|p2a: Armarouge|Weak Armor|boost\n|-unboost|p2a: Armarouge|def|1\n|-boost|p2a: Armarouge|spe|2\n|-enditem|p2a: Armarouge|Weakness Policy\n|-boost|p2a: Armarouge|atk|2|[from] item: Weakness Policy\n|-boost|p2a: Armarouge|spa|2|[from] item: Weakness Policy\n|move|p1a: Farigiraf|Hyper Voice|p2b: Ogerpon|[spread] p2a,p2b\n|-activate|p2a: Armarouge|move: Endure\n|-damage|p2a: Armarouge|1\/100\n|-damage|p2b: Ogerpon|64\/100\n|-enditem|p1a: Farigiraf|Throat Spray\n|-boost|p1a: Farigiraf|spa|1|[from] item: Throat Spray\n|\n|upkeep\n|turn|2\n|inactive|malikmunch has 30 seconds left.\n|inactive|Orb66623 has 30 seconds left.\n|inactive|malikmunch has 20 seconds left.\n|inactive|malikmunch has 15 seconds left.\n|inactive|malikmunch has 10 seconds left.\n|\n|t:|1700634811\n|switch|p2b: Indeedee|Indeedee-F, L50, F|100\/100\n|-fieldstart|move: Psychic Terrain|[from] ability: Psychic Surge|[of] p2b: Indeedee\n|-enditem|p2b: Indeedee|Psychic Seed\n|-boost|p2b: Indeedee|spd|1|[from] item: Psychic Seed\n|move|p1b: Urshifu|Sucker Punch|p2a: Armarouge\n|-activate|p2a: Armarouge|move: Psychic Terrain\n|move|p2a: Armarouge|Heat Wave|p1a: Farigiraf|[spread] p1a,p1b\n|-damage|p1a: Farigiraf|0 fnt\n|-enditem|p1b: Urshifu|Focus Sash\n|-damage|p1b: Urshifu|1\/100\n|faint|p1a: Farigiraf\n|\n|upkeep\n|\n|t:|1700634827\n|switch|p1a: Rillaboom|Rillaboom, L50, F|100\/100\n|-fieldstart|move: Grassy Terrain|[from] ability: Grassy Surge|[of] p1a: Rillaboom\n|turn|3\n|\n|t:|1700634841\n|move|p2a: Armarouge|Endure|p2a: Armarouge\n|-singleturn|p2a: Armarouge|move: Endure\n|move|p1a: Rillaboom|Fake Out|p2a: Armarouge\n|-activate|p2a: Armarouge|move: Endure\n|-damage|p2a: Armarouge|1\/100\n|-ability|p2a: Armarouge|Weak Armor|boost\n|-unboost|p2a: Armarouge|def|1\n|-boost|p2a: Armarouge|spe|2\n|move|p1b: Urshifu|Wicked Blow|p2b: Indeedee\n|-supereffective|p2b: Indeedee\n|-crit|p2b: Indeedee\n|-damage|p2b: Indeedee|0 fnt\n|faint|p2b: Indeedee\n|\n|-heal|p2a: Armarouge|7\/100|[from] Grassy Terrain\n|-heal|p1b: Urshifu|7\/100|[from] Grassy Terrain\n|upkeep\n|\n|t:|1700634851\n|switch|p2b: Ogerpon|Ogerpon-Wellspring, L50, F|64\/100\n|turn|4\n|\n|t:|1700634864\n|move|p2b: Ogerpon|Follow Me|p2b: Ogerpon\n|-singleturn|p2b: Ogerpon|move: Follow Me\n|move|p1b: Urshifu|Sucker Punch||[still]\n|-fail|p1b: Urshifu\n|move|p1a: Rillaboom|Grassy Glide|p2b: Ogerpon\n|-damage|p2b: Ogerpon|5\/100\n|move|p2a: Armarouge|Heat Wave|p1a: Rillaboom|[spread] p1a\n|-miss|p2a: Armarouge|p1b: Urshifu\n|-supereffective|p1a: Rillaboom\n|-damage|p1a: Rillaboom|0 fnt\n|faint|p1a: Rillaboom\n|\n|-heal|p2a: Armarouge|14\/100|[from] Grassy Terrain\n|-heal|p2b: Ogerpon|11\/100|[from] Grassy Terrain\n|-heal|p1b: Urshifu|13\/100|[from] Grassy Terrain\n|upkeep\n|\n|t:|1700634874\n|switch|p1a: Iron Bundle|Iron Bundle, L50|100\/100\n|-enditem|p1a: Iron Bundle|Booster Energy\n|-activate|p1a: Iron Bundle|ability: Quark Drive|[fromitem]\n|-start|p1a: Iron Bundle|quarkdrivespe\n|turn|5\n|\n|t:|1700634893\n|move|p1b: Urshifu|Detect|p1b: Urshifu\n|-singleturn|p1b: Urshifu|Protect\n|move|p2b: Ogerpon|Follow Me|p2b: Ogerpon\n|-singleturn|p2b: Ogerpon|move: Follow Me\n|move|p2a: Armarouge|Heat Wave|p1a: Iron Bundle|[spread] p1a\n|-activate|p1b: Urshifu|move: Protect\n|-damage|p1a: Iron Bundle|5\/100\n|move|p1a: Iron Bundle|Icy Wind|p2b: Ogerpon|[spread] p2a,p2b\n|-resisted|p2a: Armarouge\n|-damage|p2a: Armarouge|3\/100\n|-damage|p2b: Ogerpon|0 fnt\n|-unboost|p2a: Armarouge|spe|1\n|faint|p2b: Ogerpon\n|\n|-heal|p2a: Armarouge|9\/100|[from] Grassy Terrain\n|-heal|p1a: Iron Bundle|11\/100|[from] Grassy Terrain\n|-heal|p1b: Urshifu|19\/100|[from] Grassy Terrain\n|upkeep\n|\n|t:|1700634903\n|switch|p2b: Landorus|Landorus-Therian, L50, M|100\/100\n|-ability|p2b: Landorus|Intimidate|boost\n|-unboost|p1a: Iron Bundle|atk|1\n|-unboost|p1b: Urshifu|atk|1\n|turn|6\n|inactive|Orb66623 has 30 seconds left.\n|\n|t:|1700634929\n|-terastallize|p2b: Landorus|Flying\n|move|p2a: Armarouge|Endure|p2a: Armarouge\n|-singleturn|p2a: Armarouge|move: Endure\n|move|p1b: Urshifu|Sucker Punch||[still]\n|-fail|p1b: Urshifu\n|move|p1a: Iron Bundle|Freeze-Dry|p2b: Landorus\n|-supereffective|p2b: Landorus\n|-damage|p2b: Landorus|17\/100\n|move|p2b: Landorus|Tera Blast|p1a: Iron Bundle|[anim] Tera Blast Flying\n|-damage|p1a: Iron Bundle|0 fnt\n|faint|p1a: Iron Bundle\n|-end|p1a: Iron Bundle|Quark Drive|[silent]\n|\n|-heal|p2a: Armarouge|15\/100|[from] Grassy Terrain\n|-heal|p1b: Urshifu|25\/100|[from] Grassy Terrain\n|upkeep\n|turn|7\n|-message|malikmunch forfeited.\n|\n|win|Orb66623\n|raw|malikmunch's rating: 1280 &rarr; <strong>1253<\/strong><br \/>(-27 for losing)\n|raw|Orb66623's rating: 1257 &rarr; <strong>1284<\/strong><br \/>(+27 for winning)\n|l|\u2606malikmunch\n","uploadtime":1700634948,"views":0,"p1id":"malikmunch","p2id":"orb66623","formatid":"gen9vgc2023regulatione","rating":1253,"private":0,"password":""}