{"id":"gen9vgc2023regulatione-1993192104","p1":"luca8","p2":"Abro hilo","format":"[Gen 9] VGC 2023 Regulation E","log":"|j|\u2606luca8\n|j|\u2606Abro hilo\n|t:|1700276116\n|gametype|doubles\n|player|p1|luca8|flint|1373\n|player|p2|Abro hilo|pilot|1421\n|teamsize|p1|6\n|teamsize|p2|6\n|gen|9\n|tier|[Gen 9] VGC 2023 Regulation E\n|rated|\n|rule|Species Clause: Limit one of each Pok\u00e9mon\n|rule|Item Clause: Limit one of each item\n|clearpoke\n|poke|p1|Urshifu-*, L50, M|\n|poke|p1|Farigiraf, L50, M|\n|poke|p1|Torkoal, L50, F|\n|poke|p1|Flutter Mane, L50|\n|poke|p1|Chi-Yu, L50|\n|poke|p1|Ogerpon-Wellspring, L50, F|\n|poke|p2|Empoleon, L50, M|\n|poke|p2|Arcanine-Hisui, L50, M|\n|poke|p2|Landorus-Therian, L50, M|\n|poke|p2|Iron Hands, L50|\n|poke|p2|Flutter Mane, L50|\n|poke|p2|Amoonguss, L50, M|\n|teampreview|4\n|\n|t:|1700276149\n|start\n|switch|p1a: Flutter Mane|Flutter Mane, L50|100\/100\n|switch|p1b: Chi-Yu|Chi-Yu, L50|100\/100\n|switch|p2a: Arcanine|Arcanine-Hisui, L50, M, shiny|100\/100\n|switch|p2b: Iron Hands|Iron Hands, L50|100\/100\n|-ability|p2a: Arcanine|Intimidate|boost\n|-unboost|p1a: Flutter Mane|atk|1\n|-unboost|p1b: Chi-Yu|atk|1\n|-ability|p1b: Chi-Yu|Beads of Ruin\n|turn|1\n|l|\u2606Abro hilo\n|player|p2|\n|j|\u2606Abro hilo\n|player|p2|Abro hilo|pilot\n|\n|t:|1700276221\n|-terastallize|p1b: Chi-Yu|Ghost\n|move|p2b: Iron Hands|Fake Out|p1b: Chi-Yu\n|-immune|p1b: Chi-Yu\n|move|p1a: Flutter Mane|Power Gem|p2a: Arcanine\n|-supereffective|p2a: Arcanine\n|-damage|p2a: Arcanine|0 fnt\n|faint|p2a: Arcanine\n|move|p1b: Chi-Yu|Will-O-Wisp|p2b: Iron Hands\n|-status|p2b: Iron Hands|brn\n|\n|-damage|p2b: Iron Hands|95\/100 brn|[from] brn\n|upkeep\n|\n|t:|1700276232\n|switch|p2a: Flutter Mane|Flutter Mane, L50|100\/100\n|turn|2\n|\n|t:|1700276259\n|-end|p1a: Flutter Mane|Protosynthesis|[silent]\n|switch|p1a: Torkoal|Torkoal, L50, F|100\/100\n|-weather|SunnyDay|[from] ability: Drought|[of] p1a: Torkoal\n|-activate|p2a: Flutter Mane|ability: Protosynthesis\n|-start|p2a: Flutter Mane|protosynthesisspe\n|switch|p1b: Farigiraf|Farigiraf, L50, M|100\/100\n|-end|p2b: Iron Hands|Quark Drive|[silent]\n|switch|p2b: Empoleon|Empoleon, L50, M, shiny|100\/100\n|move|p2a: Flutter Mane|Shadow Ball|p1b: Farigiraf\n|-immune|p1b: Farigiraf\n|\n|-weather|SunnyDay|[upkeep]\n|upkeep\n|turn|3\n|\n|t:|1700276279\n|move|p1a: Torkoal|Protect|p1a: Torkoal\n|-singleturn|p1a: Torkoal|Protect\n|move|p2a: Flutter Mane|Moonblast|p1b: Farigiraf\n|-damage|p1b: Farigiraf|42\/100\n|-unboost|p1b: Farigiraf|spa|1\n|move|p2b: Empoleon|Hydro Pump|p1a: Torkoal\n|-activate|p1a: Torkoal|move: Protect\n|move|p1b: Farigiraf|Trick Room|p1b: Farigiraf\n|-fieldstart|move: Trick Room|[of] p1b: Farigiraf\n|\n|-weather|SunnyDay|[upkeep]\n|upkeep\n|turn|4\n|\n|t:|1700276301\n|move|p2a: Flutter Mane|Protect|p2a: Flutter Mane\n|-singleturn|p2a: Flutter Mane|Protect\n|move|p1a: Torkoal|Eruption|p2a: Flutter Mane|[spread] p2b\n|-activate|p2a: Flutter Mane|move: Protect\n|-damage|p2b: Empoleon|52\/100\n|move|p1b: Farigiraf|Psychic|p2a: Flutter Mane\n|-activate|p2a: Flutter Mane|move: Protect\n|move|p2b: Empoleon|Hydro Pump|p1a: Torkoal\n|-supereffective|p1a: Torkoal\n|-damage|p1a: Torkoal|39\/100\n|\n|-weather|SunnyDay|[upkeep]\n|upkeep\n|turn|5\n|\n|t:|1700276347\n|move|p1a: Torkoal|Eruption|p2a: Flutter Mane|[spread] p2a,p2b\n|-crit|p2b: Empoleon\n|-damage|p2a: Flutter Mane|64\/100\n|-damage|p2b: Empoleon|17\/100\n|move|p1b: Farigiraf|Psychic|p2a: Flutter Mane\n|-damage|p2a: Flutter Mane|36\/100\n|move|p2b: Empoleon|Hydro Pump|p1a: Torkoal\n|-supereffective|p1a: Torkoal\n|-damage|p1a: Torkoal|0 fnt\n|faint|p1a: Torkoal\n|move|p2a: Flutter Mane|Dazzling Gleam|p1b: Farigiraf\n|-damage|p1b: Farigiraf|0 fnt\n|faint|p1b: Farigiraf\n|\n|-weather|SunnyDay|[upkeep]\n|upkeep\n|\n|t:|1700276365\n|switch|p1a: Chi-Yu|Chi-Yu, L50, tera:Ghost|100\/100\n|switch|p1b: Flutter Mane|Flutter Mane, L50|100\/100\n|-ability|p1a: Chi-Yu|Beads of Ruin\n|-activate|p1b: Flutter Mane|ability: Protosynthesis\n|-start|p1b: Flutter Mane|protosynthesisspa\n|turn|6\n|\n|t:|1700276385\n|move|p2b: Empoleon|Flash Cannon|p1b: Flutter Mane\n|-supereffective|p1b: Flutter Mane\n|-damage|p1b: Flutter Mane|0 fnt\n|faint|p1b: Flutter Mane\n|-end|p1b: Flutter Mane|Protosynthesis|[silent]\n|move|p1a: Chi-Yu|Snarl|p2a: Flutter Mane|[spread] p2a,p2b\n|-damage|p2a: Flutter Mane|4\/100\n|-damage|p2b: Empoleon|0 fnt\n|-unboost|p2a: Flutter Mane|spa|1\n|faint|p2b: Empoleon\n|move|p2a: Flutter Mane|Shadow Ball|p1a: Chi-Yu\n|-supereffective|p1a: Chi-Yu\n|-damage|p1a: Chi-Yu|44\/100\n|\n|-weather|none\n|-end|p2a: Flutter Mane|Protosynthesis\n|upkeep\n|\n|t:|1700276397\n|switch|p2b: Iron Hands|Iron Hands, L50|95\/100 brn\n|turn|7\n|\n|t:|1700276405\n|move|p2a: Flutter Mane|Protect|p2a: Flutter Mane\n|-singleturn|p2a: Flutter Mane|Protect\n|move|p2b: Iron Hands|Swords Dance|p2b: Iron Hands\n|-boost|p2b: Iron Hands|atk|2\n|move|p1a: Chi-Yu|Heat Wave|p2a: Flutter Mane|[spread] p2b\n|-activate|p2a: Flutter Mane|move: Protect\n|-damage|p2b: Iron Hands|54\/100 brn\n|\n|-damage|p2b: Iron Hands|48\/100 brn|[from] brn\n|-fieldend|move: Trick Room\n|upkeep\n|-enditem|p2b: Iron Hands|Sitrus Berry|[eat]\n|-heal|p2b: Iron Hands|73\/100 brn|[from] item: Sitrus Berry\n|turn|8\n|\n|t:|1700276420\n|move|p2a: Flutter Mane|Shadow Ball|p1a: Chi-Yu\n|-supereffective|p1a: Chi-Yu\n|-damage|p1a: Chi-Yu|0 fnt\n|faint|p1a: Chi-Yu\n|\n|win|Abro hilo\n|raw|luca8's rating: 1373 &rarr; <strong>1356<\/strong><br \/>(-17 for losing)\n|raw|Abro hilo's rating: 1421 &rarr; <strong>1438<\/strong><br \/>(+17 for winning)\n|l|\u2606luca8\n","uploadtime":1700276427,"views":13,"p1id":"luca8","p2id":"abrohilo","formatid":"gen9vgc2023regulatione","rating":1356,"private":0,"password":""}