{"id":"gen9vgc2023regulatione-1988689597","p1":"idolhunter28273","p2":"D1gsVGC","format":"[Gen 9] VGC 2023 Regulation E","log":"|j|\u2606idolhunter28273\n|j|\u2606D1gsVGC\n|t:|1699750976\n|gametype|doubles\n|player|p1|idolhunter28273|170|\n|player|p2|D1gsVGC|red-masters|\n|teamsize|p1|6\n|teamsize|p2|6\n|gen|9\n|tier|[Gen 9] VGC 2023 Regulation E\n|rule|Species Clause: Limit one of each Pok\u00e9mon\n|rule|Item Clause: Limit one of each item\n|clearpoke\n|poke|p1|Cresselia, L50, F|\n|poke|p1|Ursaluna, L50, M|\n|poke|p1|Enamorus-Therian, L50, F|\n|poke|p1|Squawkabilly-White, L50, M|\n|poke|p1|Zoroark, L50, F|\n|poke|p1|Klefki, L50, F|\n|poke|p2|Volbeat, L50, M|\n|poke|p2|Gyarados, L50, F|\n|poke|p2|Thwackey, L50, F|\n|poke|p2|Heatran, L50, F|\n|poke|p2|Meowscarada, L50, M|\n|poke|p2|Bruxish, L50, M|\n|teampreview|4\n|inactive|Battle timer is ON: inactive players will automatically lose when time's up. (requested by D1gsVGC)\nidolhunter28273 rejected open team sheets.\n|inactiveoff|Battle timer is now OFF.\n|c|\u2606idolhunter28273|glhf\n|c|\u2606D1gsVGC|glhf\n|j| 4Azzy\n|c| 4Azzy|gmaing\n|\n|t:|1699751041\n|start\n|switch|p1a: Squawkabilly|Squawkabilly-White, L50, M|100\/100\n|switch|p1b: Klefki|Klefki, L50, F|100\/100\n|switch|p2a: Harambinho|Thwackey, L50, F|100\/100\n|switch|p2b: Dragon Lore:|Gyarados, L50, F|100\/100\n|-ability|p1a: Squawkabilly|Intimidate|boost\n|-unboost|p2a: Harambinho|atk|1\n|-unboost|p2b: Dragon Lore:|atk|1\n|-fieldstart|move: Grassy Terrain|[from] ability: Grassy Surge|[of] p2a: Harambinho\n|-ability|p2b: Dragon Lore:|Intimidate|boost\n|-unboost|p1a: Squawkabilly|atk|1\n|-unboost|p1b: Klefki|atk|1\n|turn|1\n|j| Pokemon_and_beer\n|j| MikeTitan\n|\n|t:|1699751060\n|switch|p1b: Enamorus|Enamorus-Therian, L50, F|100\/100\n|move|p2a: Harambinho|Fake Out|p1a: Squawkabilly\n|-damage|p1a: Squawkabilly|92\/100\n|cant|p1a: Squawkabilly|flinch\n|move|p2b: Dragon Lore:|Taunt|p1b: Enamorus\n|-start|p1b: Enamorus|move: Taunt\n|\n|upkeep\n|turn|2\n|c| MikeTitan|Lol harambinho\n|\n|t:|1699751077\n|switch|p1b: Klefki|Klefki, L50, F|100\/100\n|move|p2a: Harambinho|Protect|p2a: Harambinho\n|-singleturn|p2a: Harambinho|Protect\n|move|p1a: Squawkabilly|Taunt|p2b: Dragon Lore:\n|-start|p2b: Dragon Lore:|move: Taunt\n|cant|p2b: Dragon Lore:|move: Taunt|Dragon Dance\n|\n|upkeep\n|turn|3\n|c| 4Azzy|harambinho been putting in work\n|c| 4Azzy|bro tanks\n|\n|t:|1699751102\n|switch|p1b: Cresselia|Cresselia, L50, F|100\/100\n|move|p1a: Squawkabilly|Parting Shot|p2b: Dragon Lore:\n|-unboost|p2b: Dragon Lore:|atk|1\n|-unboost|p2b: Dragon Lore:|spa|1\n|\n|t:|1699751108\n|switch|p1a: Klefki|Klefki, L50, F|100\/100|[from] Parting Shot\n|move|p2a: Harambinho|Screech|p1b: Cresselia\n|-unboost|p1b: Cresselia|def|2\n|move|p2b: Dragon Lore:|Waterfall|p1b: Cresselia\n|-damage|p1b: Cresselia|68\/100\n|-damage|p2b: Dragon Lore:|90\/100|[from] item: Life Orb\n|\n|upkeep\n|turn|4\n|\n|t:|1699751120\n|move|p1a: Klefki|Reflect|p1a: Klefki\n|-sidestart|p1: idolhunter28273|Reflect\n|move|p2a: Harambinho|Screech|p1b: Cresselia\n|-unboost|p1b: Cresselia|def|2\n|move|p2b: Dragon Lore:|Crunch|p1b: Cresselia\n|-supereffective|p1b: Cresselia\n|-damage|p1b: Cresselia|30\/100\n|-damage|p2b: Dragon Lore:|80\/100|[from] item: Life Orb\n|move|p1b: Cresselia|Trick Room|p1b: Cresselia\n|-fieldstart|move: Trick Room|[of] p1b: Cresselia\n|\n|-end|p2b: Dragon Lore:|move: Taunt\n|upkeep\n|turn|5\n|c| 4Azzy|wait screech is hype\n|c| MikeTitan|She hammer my wood till I grassy glide\n|\n|t:|1699751136\n|move|p2a: Harambinho|Protect|p2a: Harambinho\n|-singleturn|p2a: Harambinho|Protect\n|move|p1a: Klefki|Metal Sound|p2b: Dragon Lore:\n|-unboost|p2b: Dragon Lore:|spd|2\n|move|p1b: Cresselia|Psychic|p2b: Dragon Lore:\n|-damage|p2b: Dragon Lore:|24\/100\n|move|p2b: Dragon Lore:|Taunt|p1a: Klefki\n|-start|p1a: Klefki|move: Taunt\n|\n|-fieldend|move: Grassy Terrain\n|upkeep\n|turn|6\n|\n|t:|1699751154\n|switch|p1b: Enamorus|Enamorus-Therian, L50, F|100\/100\n|switch|p2b: \ud83d\udc44|Bruxish, L50, M|100\/100\n|move|p1a: Klefki|Dazzling Gleam|p2b: \ud83d\udc44|[spread] p2a,p2b\n|-damage|p2a: Harambinho|84\/100\n|-damage|p2b: \ud83d\udc44|73\/100\n|move|p2a: Harambinho|Screech|p1a: Klefki\n|-unboost|p1a: Klefki|def|2\n|\n|upkeep\n|turn|7\n|c| 4Azzy|she getting grassy on my wood hammer till i surge\n|c| 4Azzy|emoji nicknames are a crime\n|\n|t:|1699751186\n|switch|p1a: Cresselia|Cresselia, L50, F|30\/100\n|switch|p2a: O Mascara|Meowscarada, L50, M|100\/100\n|move|p1b: Enamorus|Dazzling Gleam|p2b: \ud83d\udc44|[spread] p2a,p2b\n|-supereffective|p2a: O Mascara\n|-damage|p2a: O Mascara|0 fnt\n|-damage|p2b: \ud83d\udc44|0 fnt\n|faint|p2a: O Mascara\n|faint|p2b: \ud83d\udc44\n|\n|upkeep\n|c| 4Azzy|DAYUM\n|\n|t:|1699751194\n|switch|p2a: Harambinho|Thwackey, L50, F|84\/100\n|switch|p2b: Dragon Lore:|Gyarados, L50, F|24\/100\n|-ability|p2b: Dragon Lore:|Intimidate|boost\n|-unboost|p1a: Cresselia|atk|1\n|-unboost|p1b: Enamorus|atk|1\n|-fieldstart|move: Grassy Terrain|[from] ability: Grassy Surge|[of] p2a: Harambinho\n|turn|8\n|c|\u2606D1gsVGC|dayum\n|c| MikeTitan|She dazzle on my gleam till I-\n|c| MikeTitan|oh\n|\n|t:|1699751218\n|switch|p1b: Klefki|Klefki, L50, F|100\/100\n|switch|p1a: Squawkabilly|Squawkabilly-White, L50, M|92\/100\n|-ability|p1a: Squawkabilly|Intimidate|boost\n|-unboost|p2a: Harambinho|atk|1\n|-unboost|p2b: Dragon Lore:|atk|1\n|move|p2b: Dragon Lore:|Dragon Dance|p2b: Dragon Lore:\n|-boost|p2b: Dragon Lore:|atk|1\n|-boost|p2b: Dragon Lore:|spe|1\n|move|p2a: Harambinho|Screech|p1b: Klefki\n|-unboost|p1b: Klefki|def|2\n|\n|-heal|p2a: Harambinho|90\/100|[from] Grassy Terrain\n|-fieldend|move: Trick Room\n|upkeep\n|turn|9\n|c| 4Azzy|screech is a dope way to regate reflect\n|\n|t:|1699751247\n|move|p2b: Dragon Lore:|Waterfall|p1b: Klefki\n|-damage|p1b: Klefki|24\/100\n|-damage|p2b: Dragon Lore:|14\/100|[from] item: Life Orb\n|move|p1a: Squawkabilly|Parting Shot|p2b: Dragon Lore:\n|-unboost|p2b: Dragon Lore:|atk|1\n|-unboost|p2b: Dragon Lore:|spa|1\n|\n|t:|1699751255\n|switch|p1a: Enamorus|Enamorus-Therian, L50, F|100\/100|[from] Parting Shot\n|move|p2a: Harambinho|Screech|p1a: Enamorus\n|-unboost|p1a: Enamorus|def|2\n|move|p1b: Klefki|Dazzling Gleam|p2b: Dragon Lore:|[spread] p2a,p2b\n|-damage|p2a: Harambinho|72\/100\n|-damage|p2b: Dragon Lore:|0 fnt\n|faint|p2b: Dragon Lore:\n|\n|-heal|p2a: Harambinho|78\/100|[from] Grassy Terrain\n|-heal|p1b: Klefki|30\/100|[from] Grassy Terrain\n|upkeep\n|turn|10\n|c| 4Azzy|she gleam on my fairy and that shit was dazzling\n|\n|t:|1699751267\n|switch|p1b: Cresselia|Cresselia, L50, F|30\/100\n|switch|p1a: Squawkabilly|Squawkabilly-White, L50, M|92\/100\n|-ability|p1a: Squawkabilly|Intimidate|boost\n|-unboost|p2a: Harambinho|atk|1\n|move|p2a: Harambinho|Grassy Glide|p1b: Cresselia\n|-damage|p1b: Cresselia|25\/100\n|\n|-heal|p2a: Harambinho|84\/100|[from] Grassy Terrain\n|upkeep\n|turn|11\n|-message|D1gsVGC forfeited.\n|\n|win|idolhunter28273\n|c|\u2606idolhunter28273|gg\n|c|\u2606D1gsVGC|gg\n|l| MikeTitan\n|l| 4Azzy\n|l| Pokemon_and_beer\n","uploadtime":1699751719,"views":17,"p1id":"idolhunter28273","p2id":"d1gsvgc","formatid":"gen9vgc2023regulatione","rating":0,"private":0,"password":""}