{"id":"gen9vgc2023regulatione-1993844193","p1":"elkvicous","p2":"Sugatoad","format":"[Gen 9] VGC 2023 Regulation E","log":"|j|\u2606elkvicous\n|j|\u2606Sugatoad\n|t:|1700364322\n|gametype|doubles\n|player|p1|elkvicous|ltsurge|1131\n|player|p2|Sugatoad|pokemaniac|1044\n|teamsize|p1|6\n|teamsize|p2|6\n|gen|9\n|tier|[Gen 9] VGC 2023 Regulation E\n|rated|\n|rule|Species Clause: Limit one of each Pok\u00e9mon\n|rule|Item Clause: Limit one of each item\n|clearpoke\n|poke|p1|Roaring Moon, L50|\n|poke|p1|Milotic, L50, F|\n|poke|p1|Landorus-Therian, L50, M|\n|poke|p1|Flutter Mane, L50|\n|poke|p1|Ogerpon-Hearthflame, L50, F|\n|poke|p1|Tyranitar, L50, F|\n|poke|p2|Gallade, L50, M|\n|poke|p2|Breloom, L50, M|\n|poke|p2|Tyranitar, L50, M|\n|poke|p2|Ogerpon, L50, F|\n|poke|p2|Polteageist, L50|\n|poke|p2|Iron Valiant, L50|\n|teampreview|4\n|\n|t:|1700364395\n|start\n|switch|p1a: Roaring Moon|Roaring Moon, L50|100\/100\n|switch|p1b: Landorus|Landorus-Therian, L50, M|100\/100\n|switch|p2a: Iron Valiant|Iron Valiant, L50|100\/100\n|switch|p2b: Gallade|Gallade, L50, M|100\/100\n|-ability|p1b: Landorus|Intimidate|boost\n|-unboost|p2a: Iron Valiant|atk|1\n|-unboost|p2b: Gallade|atk|1\n|-enditem|p2a: Iron Valiant|Booster Energy\n|-activate|p2a: Iron Valiant|ability: Quark Drive|[fromitem]\n|-start|p2a: Iron Valiant|quarkdrivespe\n|-enditem|p1a: Roaring Moon|Booster Energy\n|-activate|p1a: Roaring Moon|ability: Protosynthesis|[fromitem]\n|-start|p1a: Roaring Moon|protosynthesisatk\n|turn|1\n|\n|t:|1700364443\n|-terastallize|p1a: Roaring Moon|Flying\n|move|p2a: Iron Valiant|Icy Wind|p1b: Landorus|[spread] p1a,p1b\n|-supereffective|p1a: Roaring Moon\n|-supereffective|p1b: Landorus\n|-damage|p1a: Roaring Moon|80\/100\n|-damage|p1b: Landorus|45\/100\n|-unboost|p1a: Roaring Moon|spe|1\n|-unboost|p1b: Landorus|spe|1\n|move|p1b: Landorus|U-turn|p2b: Gallade\n|-damage|p2b: Gallade|60\/100\n|\n|t:|1700364456\n|switch|p1b: Milotic|Milotic, L50, F|100\/100|[from] U-turn\n|move|p2b: Gallade|Drain Punch|p1a: Roaring Moon\n|-resisted|p1a: Roaring Moon\n|-damage|p1a: Roaring Moon|66\/100\n|-heal|p2b: Gallade|69\/100|[from] drain|[of] p1a: Roaring Moon\n|move|p1a: Roaring Moon|Tailwind|p1a: Roaring Moon\n|-sidestart|p1: elkvicous|move: Tailwind\n|\n|upkeep\n|turn|2\n|\n|t:|1700364491\n|move|p2a: Iron Valiant|Icy Wind|p1a: Roaring Moon|[spread] p1a,p1b\n|-supereffective|p1a: Roaring Moon\n|-resisted|p1b: Milotic\n|-damage|p1a: Roaring Moon|46\/100\n|-damage|p1b: Milotic|96\/100\n|-unboost|p1a: Roaring Moon|spe|1\n|-unboost|p1b: Milotic|spe|1\n|-ability|p1b: Milotic|Competitive|boost\n|-boost|p1b: Milotic|spa|2\n|move|p1a: Roaring Moon|Acrobatics|p2a: Iron Valiant\n|-supereffective|p2a: Iron Valiant\n|-damage|p2a: Iron Valiant|0 fnt\n|faint|p2a: Iron Valiant\n|-end|p2a: Iron Valiant|Quark Drive|[silent]\n|move|p1b: Milotic|Icy Wind|p2b: Gallade\n|-damage|p2b: Gallade|43\/100\n|-unboost|p2b: Gallade|spe|1\n|move|p2b: Gallade|Drain Punch|p1b: Milotic\n|-damage|p1b: Milotic|73\/100\n|-heal|p2b: Gallade|57\/100|[from] drain|[of] p1b: Milotic\n|\n|-heal|p1b: Milotic|79\/100|[from] item: Leftovers\n|upkeep\n|\n|t:|1700364514\n|switch|p2a: Ogerpon|Ogerpon, L50, F|100\/100\n|turn|3\n|\n|t:|1700364558\n|-terastallize|p2a: Ogerpon|Grass\n|detailschange|p2a: Ogerpon|Ogerpon-Teal-Tera, L50, F, tera:Grass\n|-ability|p2a: Ogerpon|Embody Aspect (Teal)|boost\n|-boost|p2a: Ogerpon|spe|1\n|move|p1b: Milotic|Protect|p1b: Milotic\n|-singleturn|p1b: Milotic|Protect\n|move|p2a: Ogerpon|Ivy Cudgel|p1b: Milotic\n|-activate|p1b: Milotic|move: Protect\n|move|p1a: Roaring Moon|Acrobatics|p2a: Ogerpon\n|-supereffective|p2a: Ogerpon\n|-damage|p2a: Ogerpon|0 fnt\n|faint|p2a: Ogerpon\n|move|p2b: Gallade|Psycho Cut|p1b: Milotic\n|-activate|p1b: Milotic|move: Protect\n|\n|-heal|p1b: Milotic|85\/100|[from] item: Leftovers\n|upkeep\n|\n|t:|1700364573\n|switch|p2a: Polteageist|Polteageist, L50|100\/100\n|turn|4\n|\n|t:|1700364593\n|move|p1a: Roaring Moon|Knock Off|p2a: Polteageist\n|-supereffective|p2a: Polteageist\n|-enditem|p2a: Polteageist|Focus Sash\n|-damage|p2a: Polteageist|1\/100\n|-ability|p2a: Polteageist|Weak Armor|boost\n|-unboost|p2a: Polteageist|def|1\n|-boost|p2a: Polteageist|spe|2\n|move|p2a: Polteageist|Shell Smash|p2a: Polteageist\n|-unboost|p2a: Polteageist|def|1\n|-unboost|p2a: Polteageist|spd|1\n|-boost|p2a: Polteageist|atk|2\n|-boost|p2a: Polteageist|spa|2\n|-boost|p2a: Polteageist|spe|2\n|move|p1b: Milotic|Scald|p2b: Gallade\n|-damage|p2b: Gallade|0 fnt\n|faint|p2b: Gallade\n|\n|-heal|p1b: Milotic|91\/100|[from] item: Leftovers\n|-sideend|p1: elkvicous|move: Tailwind\n|upkeep\n|turn|5\n|\n|t:|1700364621\n|move|p2a: Polteageist|Stored Power|p1b: Milotic\n|-crit|p1b: Milotic\n|-damage|p1b: Milotic|0 fnt\n|faint|p1b: Milotic\n|move|p1a: Roaring Moon|Acrobatics|p2a: Polteageist\n|-damage|p2a: Polteageist|0 fnt\n|faint|p2a: Polteageist\n|\n|win|elkvicous\n|raw|elkvicous's rating: 1131 &rarr; <strong>1150<\/strong><br \/>(+19 for winning)\n|raw|Sugatoad's rating: 1044 &rarr; <strong>1031<\/strong><br \/>(-13 for losing)\n|l|\u2606Sugatoad\n","uploadtime":1700364632,"views":22,"p1id":"elkvicous","p2id":"sugatoad","formatid":"gen9vgc2023regulatione","rating":1031,"private":0,"password":""}