{"id":"gen9vgc2023regulatione-1994298866","p1":"Insertable194","p2":"Tilzy","format":"[Gen 9] VGC 2023 Regulation E","log":"|j|\u2606Insertable194\n|j|\u2606Tilzy\n|n|\u2606Insertable194|insertable194\n|n|\u2606Tilzy|tilzy\n|html|View the match progress at <a href=\"\/game-bestof3-gen9vgc2023regulatione-1994293576\">game-bestof3-gen9vgc2023regulatione-1994293576<\/a>\n|t:|1700428482\n|gametype|doubles\n|player|p1|Insertable194|hanbei-conquest|\n|player|p2|Tilzy|170|\n|teamsize|p1|6\n|teamsize|p2|6\n|gen|9\n|tier|[Gen 9] VGC 2023 Regulation E\n|rule|Species Clause: Limit one of each Pok\u00e9mon\n|rule|Item Clause: Limit one of each item\n|clearpoke\n|poke|p1|Landorus-Therian, L50, M|\n|poke|p1|Heatran, L50, M|\n|poke|p1|Flutter Mane, L50|\n|poke|p1|Ogerpon-Wellspring, L50, F|\n|poke|p1|Kingambit, L50, F|\n|poke|p1|Amoonguss, L50, M|\n|poke|p2|Regidrago, L50|\n|poke|p2|Tornadus, L50, M|\n|poke|p2|Urshifu-*, L50, M|\n|poke|p2|Rillaboom, L50, M|\n|poke|p2|Gholdengo, L50|\n|poke|p2|Ogerpon-Hearthflame, L50, F|\n|teampreview|4\nInsertable194 has agreed to open team sheets.\n|c|\u2606Insertable194|glhf g2\n|c|\u2606Tilzy|insanely well played\n|j| Sir Aaron15\n|c|\u2606Tilzy|gl hf\n|j| fyfyyalt1\n|c|\u2606Insertable194|ty\n|c| fyfyyalt1|that was like super well played\n|c|\u2606Tilzy|i got bonked\n|\n|t:|1700428517\n|start\n|switch|p1a: Amoonguss|Amoonguss, L50, M|100\/100\n|switch|p1b: Landorus|Landorus-Therian, L50, M|100\/100\n|switch|p2a: Tornadus|Tornadus, L50, M, shiny|100\/100\n|switch|p2b: Gholdengo|Gholdengo, L50, shiny|100\/100\n|-ability|p1b: Landorus|Intimidate|boost\n|-unboost|p2a: Tornadus|atk|1\n|-unboost|p2b: Gholdengo|atk|1\n|turn|1\n|\n|t:|1700428550\n|switch|p1b: Heatran|Heatran, L50, M|100\/100\n|-terastallize|p2b: Gholdengo|Steel\n|-terastallize|p1a: Amoonguss|Water\n|move|p2a: Tornadus|Tailwind|p2a: Tornadus\n|-sidestart|p2: Tilzy|move: Tailwind\n|move|p2b: Gholdengo|Make It Rain|p1b: Heatran|[spread] p1a,p1b\n|-resisted|p1a: Amoonguss\n|-resisted|p1b: Heatran\n|-damage|p1a: Amoonguss|58\/100\n|-damage|p1b: Heatran|88\/100\n|-unboost|p2b: Gholdengo|spa|1\n|move|p1a: Amoonguss|Spore|p2a: Tornadus\n|-status|p2a: Tornadus|slp|[from] move: Spore\n|\n|upkeep\n|turn|2\n|\n|t:|1700428578\n|switch|p2b: Ogerpon|Ogerpon-Hearthflame, L50, F|100\/100\n|-ability|p2b: Ogerpon|Mold Breaker\n|switch|p1a: Ogerpon|Ogerpon-Wellspring, L50, F|100\/100\n|cant|p2a: Tornadus|slp\n|move|p1b: Heatran|Magma Storm|p2b: Ogerpon|[miss]\n|-miss|p1b: Heatran|p2b: Ogerpon\n|\n|upkeep\n|turn|3\n|\n|t:|1700428614\n|switch|p1a: Landorus|Landorus-Therian, L50, M|100\/100\n|-ability|p1a: Landorus|Intimidate|boost\n|-unboost|p2a: Tornadus|atk|1\n|-unboost|p2b: Ogerpon|atk|1\n|cant|p2a: Tornadus|slp\n|move|p2b: Ogerpon|Ivy Cudgel|p1b: Heatran|[anim] Ivy Cudgel Fire\n|-crit|p1b: Heatran\n|-damage|p1b: Heatran|17\/100\n|move|p1b: Heatran|Heat Wave|p2a: Tornadus|[spread] p2a,p2b\n|-damage|p2a: Tornadus|46\/100 slp\n|-damage|p2b: Ogerpon|65\/100\n|\n|upkeep\n|turn|4\n|j| SlowHomie\n|\n|t:|1700428650\n|switch|p1b: Amoonguss|Amoonguss, L50, M, tera:Water|91\/100\n|-curestatus|p2a: Tornadus|slp|[msg]\n|move|p2a: Tornadus|Icy Wind|p1a: Landorus|[spread] p1a,p1b\n|-supereffective|p1a: Landorus\n|-resisted|p1b: Amoonguss\n|-damage|p1a: Landorus|26\/100\n|-damage|p1b: Amoonguss|85\/100\n|-unboost|p1a: Landorus|spe|1\n|-unboost|p1b: Amoonguss|spe|1\n|move|p2b: Ogerpon|Ivy Cudgel|p1b: Amoonguss|[anim] Ivy Cudgel Fire\n|-resisted|p1b: Amoonguss\n|-damage|p1b: Amoonguss|69\/100\n|move|p1a: Landorus|U-turn|p2b: Ogerpon\n|-damage|p2b: Ogerpon|38\/100\n|\n|t:|1700428677\n|switch|p1a: Ogerpon|Ogerpon-Wellspring, L50, F|100\/100|[from] U-turn\n|\n|-sideend|p2: Tilzy|move: Tailwind\n|upkeep\n|turn|5\n|\n|t:|1700428724\n|switch|p2b: Rillaboom|Rillaboom, L50, M, shiny|100\/100\n|-fieldstart|move: Grassy Terrain|[from] ability: Grassy Surge|[of] p2b: Rillaboom\n|switch|p1b: Heatran|Heatran, L50, M|17\/100\n|move|p2a: Tornadus|Bleakwind Storm|p1a: Ogerpon|[spread] p1a,p1b\n|-supereffective|p1a: Ogerpon\n|-resisted|p1b: Heatran\n|-damage|p1a: Ogerpon|22\/100\n|-damage|p1b: Heatran|6\/100\n|move|p1a: Ogerpon|Ivy Cudgel|p2a: Tornadus|[anim] Ivy Cudgel Water\n|-damage|p2a: Tornadus|0 fnt\n|faint|p2a: Tornadus\n|\n|-heal|p1a: Ogerpon|28\/100|[from] Grassy Terrain\n|-heal|p1b: Heatran|12\/100|[from] Grassy Terrain\n|upkeep\n|\n|t:|1700428740\n|switch|p2a: Gholdengo|Gholdengo, L50, shiny, tera:Steel|100\/100\n|turn|6\n|\n|t:|1700428764\n|switch|p1b: Amoonguss|Amoonguss, L50, M, tera:Water|100\/100\n|move|p1a: Ogerpon|Spiky Shield|p1a: Ogerpon\n|-singleturn|p1a: Ogerpon|move: Protect\n|move|p2b: Rillaboom|Grassy Glide|p1b: Amoonguss\n|-supereffective|p1b: Amoonguss\n|-damage|p1b: Amoonguss|37\/100\n|-enditem|p1b: Amoonguss|Sitrus Berry|[eat]\n|-heal|p1b: Amoonguss|61\/100|[from] item: Sitrus Berry\n|move|p2a: Gholdengo|Make It Rain|p1a: Ogerpon|[spread] p1b\n|-activate|p1a: Ogerpon|move: Protect\n|-resisted|p1b: Amoonguss\n|-damage|p1b: Amoonguss|18\/100\n|-unboost|p2a: Gholdengo|spa|1\n|\n|-heal|p1a: Ogerpon|34\/100|[from] Grassy Terrain\n|-heal|p1b: Amoonguss|24\/100|[from] Grassy Terrain\n|upkeep\n|turn|7\n|\n|t:|1700428822\n|switch|p1a: Heatran|Heatran, L50, M|12\/100\n|move|p1b: Amoonguss|Protect|p1b: Amoonguss\n|-singleturn|p1b: Amoonguss|Protect\n|move|p2b: Rillaboom|Grassy Glide|p1a: Heatran\n|-resisted|p1a: Heatran\n|-damage|p1a: Heatran|5\/100\n|move|p2a: Gholdengo|Make It Rain|p1b: Amoonguss|[spread] p1a\n|-activate|p1b: Amoonguss|move: Protect\n|-resisted|p1a: Heatran\n|-crit|p1a: Heatran\n|-damage|p1a: Heatran|0 fnt\n|-unboost|p2a: Gholdengo|spa|1\n|faint|p1a: Heatran\n|\n|-heal|p1b: Amoonguss|30\/100|[from] Grassy Terrain\n|upkeep\n|\n|t:|1700428828\n|switch|p1a: Ogerpon|Ogerpon-Wellspring, L50, F|34\/100\n|turn|8\n|\n|t:|1700428845\n|move|p2b: Rillaboom|Grassy Glide|p1a: Ogerpon\n|-damage|p1a: Ogerpon|0 fnt\n|faint|p1a: Ogerpon\n|move|p2a: Gholdengo|Make It Rain|p1b: Amoonguss\n|-resisted|p1b: Amoonguss\n|-damage|p1b: Amoonguss|2\/100\n|-unboost|p2a: Gholdengo|spa|1\n|move|p1b: Amoonguss|Pollen Puff|p1: Ogerpon|[notarget]\n|-fail|p1b: Amoonguss\n|\n|-heal|p1b: Amoonguss|8\/100|[from] Grassy Terrain\n|upkeep\n|\n|t:|1700428849\n|switch|p1a: Landorus|Landorus-Therian, L50, M|26\/100\n|-ability|p1a: Landorus|Intimidate|boost\n|-unboost|p2a: Gholdengo|atk|1\n|-unboost|p2b: Rillaboom|atk|1\n|turn|9\n|-message|Insertable194 forfeited.\n|\n|win|Tilzy\n|c|&|\/uhtml prompt-insertable194,Insertable194 is ready for game 3!\n|c|\u2606Tilzy|gg\n|c|\u2606Insertable194|gg wp\n|inactive|Tilzy has 50 seconds to confirm battle start!\n|c|&|\/uhtml prompt-tilzy,Tilzy is ready for game 3!\nBoth players are ready! Starting next match!\n|l| SlowHomie\n","uploadtime":1700429071,"views":22,"p1id":"insertable194","p2id":"tilzy","formatid":"gen9vgc2023regulatione","rating":0,"private":0,"password":""}