{"id":"gen9vgc2023regulatione-1999354610","p1":"whyismynamejeff","p2":"notoriouszjs","format":"[Gen 9] VGC 2023 Regulation E","log":"|j|\u2606whyismynamejeff\n|j|\u2606notoriouszjs\n|t:|1701065544\n|gametype|doubles\n|player|p1|whyismynamejeff|colress|1111\n|player|p2|notoriouszjs|102|1095\n|teamsize|p1|6\n|teamsize|p2|6\n|gen|9\n|tier|[Gen 9] VGC 2023 Regulation E\n|rated|\n|rule|Species Clause: Limit one of each Pok\u00e9mon\n|rule|Item Clause: Limit one of each item\n|clearpoke\n|poke|p1|Ninetales-Alola, L50, F|\n|poke|p1|Empoleon, L50, M|\n|poke|p1|Roaring Moon, L50|\n|poke|p1|Sinistcha, L50|\n|poke|p1|Urshifu-*, L50, F|\n|poke|p1|Arcanine-Hisui, L50, M|\n|poke|p2|Gastrodon, L50, F|\n|poke|p2|Iron Hands, L50|\n|poke|p2|Ogerpon-Cornerstone, L50, F|\n|poke|p2|Chi-Yu, L50|\n|poke|p2|Regieleki, L50|\n|poke|p2|Dragonite, L50, F|\n|teampreview|4\n|\n|t:|1701065613\n|start\n|switch|p1a: Empoleon|Empoleon, L50, M|100\/100\n|switch|p1b: Ninetales|Ninetales-Alola, L50, F|100\/100\n|switch|p2a: Regieleki|Regieleki, L50|100\/100\n|switch|p2b: Dragonite|Dragonite, L50, F|100\/100\n|-weather|Snow|[from] ability: Snow Warning|[of] p1b: Ninetales\n|turn|1\n|\n|t:|1701065638\n|-terastallize|p1a: Empoleon|Grass\n|-terastallize|p2b: Dragonite|Normal\n|move|p2b: Dragonite|Extreme Speed|p1b: Ninetales\n|-damage|p1b: Ninetales|42\/100\n|move|p2a: Regieleki|Thunderbolt|p1a: Empoleon\n|-resisted|p1a: Empoleon\n|-damage|p1a: Empoleon|81\/100\n|move|p1b: Ninetales|Aurora Veil|p1b: Ninetales\n|-sidestart|p1: whyismynamejeff|move: Aurora Veil\n|move|p1a: Empoleon|Ice Beam|p2b: Dragonite\n|-damage|p2b: Dragonite|76\/100\n|\n|-weather|Snow|[upkeep]\n|upkeep\n|turn|2\n|c|\u2606whyismynamejeff|hmm\n|\n|t:|1701065676\n|move|p2a: Regieleki|Protect|p2a: Regieleki\n|-singleturn|p2a: Regieleki|Protect\n|move|p2b: Dragonite|Extreme Speed|p1a: Empoleon\n|-damage|p1a: Empoleon|21\/100\n|move|p1a: Empoleon|Vacuum Wave|p2b: Dragonite\n|-supereffective|p2b: Dragonite\n|-damage|p2b: Dragonite|52\/100\n|move|p1b: Ninetales|Blizzard|p2b: Dragonite|[spread] p2b\n|-activate|p2a: Regieleki|move: Protect\n|-damage|p2b: Dragonite|33\/100\n|\n|-weather|Snow|[upkeep]\n|upkeep\n|turn|3\n|\n|t:|1701065704\n|move|p2b: Dragonite|Extreme Speed|p1a: Empoleon\n|-damage|p1a: Empoleon|0 fnt\n|faint|p1a: Empoleon\n|move|p2a: Regieleki|Electroweb|p1b: Ninetales\n|-damage|p1b: Ninetales|16\/100\n|-unboost|p1b: Ninetales|spe|1\n|move|p1b: Ninetales|Blizzard|p2b: Dragonite|[spread] p2a,p2b\n|-crit|p2b: Dragonite\n|-damage|p2a: Regieleki|51\/100\n|-damage|p2b: Dragonite|5\/100\n|\n|-weather|Snow|[upkeep]\n|upkeep\n|\n|t:|1701065721\n|switch|p1a: Sinistcha|Sinistcha, L50|100\/100\n|-heal|p1b: Ninetales|41\/100|[from] ability: Hospitality|[of] p1a: Sinistcha\n|turn|4\n|\n|t:|1701065763\n|move|p2b: Dragonite|Extreme Speed|p1b: Ninetales\n|-damage|p1b: Ninetales|3\/100\n|move|p1a: Sinistcha|Rage Powder|p1a: Sinistcha\n|-singleturn|p1a: Sinistcha|move: Rage Powder\n|move|p2a: Regieleki|Thunderbolt|p1a: Sinistcha\n|-resisted|p1a: Sinistcha\n|-damage|p1a: Sinistcha|80\/100\n|move|p1b: Ninetales|Blizzard|p2b: Dragonite|[spread] p2a,p2b\n|-damage|p2a: Regieleki|5\/100\n|-damage|p2b: Dragonite|0 fnt\n|faint|p2b: Dragonite\n|\n|-weather|Snow|[upkeep]\n|upkeep\n|\n|t:|1701065779\n|switch|p2b: Ogerpon|Ogerpon-Cornerstone, L50, F|100\/100\n|turn|5\n|\n|t:|1701065795\n|move|p1b: Ninetales|Protect|p1b: Ninetales\n|-singleturn|p1b: Ninetales|Protect\n|move|p2a: Regieleki|Electroweb|p1a: Sinistcha|[spread] p1a\n|-activate|p1b: Ninetales|move: Protect\n|-resisted|p1a: Sinistcha\n|-damage|p1a: Sinistcha|71\/100\n|-unboost|p1a: Sinistcha|spe|1\n|move|p2b: Ogerpon|Swords Dance|p2b: Ogerpon\n|-boost|p2b: Ogerpon|atk|2\n|move|p1a: Sinistcha|Matcha Gotcha|p2a: Regieleki|[spread] p2a,p2b\n|-crit|p2a: Regieleki\n|-damage|p2a: Regieleki|0 fnt\n|-heal|p1a: Sinistcha|73\/100|[from] drain|[of] p2a: Regieleki\n|-damage|p2b: Ogerpon|62\/100\n|-heal|p1a: Sinistcha|90\/100|[from] drain|[of] p2b: Ogerpon\n|faint|p2a: Regieleki\n|\n|-weather|none\n|upkeep\n|\n|t:|1701065815\n|switch|p2a: Iron Hands|Iron Hands, L50|100\/100\n|turn|6\n|\n|t:|1701065835\n|move|p2a: Iron Hands|Fake Out|p1b: Ninetales\n|-damage|p1b: Ninetales|0 fnt\n|faint|p1b: Ninetales\n|move|p1a: Sinistcha|Rage Powder|p1a: Sinistcha\n|-singleturn|p1a: Sinistcha|move: Rage Powder\n|move|p2b: Ogerpon|Ivy Cudgel|p1a: Sinistcha|[anim] Ivy Cudgel Rock\n|-damage|p1a: Sinistcha|16\/100\n|\n|upkeep\n|\n|t:|1701065846\n|switch|p1b: Urshifu|Urshifu, L50, F|100\/100\n|turn|7\n|c|\u2606whyismynamejeff|i thought fake out was +1\n|\n|t:|1701065891\n|move|p1a: Sinistcha|Rage Powder|p1a: Sinistcha\n|-singleturn|p1a: Sinistcha|move: Rage Powder\n|move|p2b: Ogerpon|Horn Leech|p1b: Urshifu\n|-damage|p1b: Urshifu|41\/100\n|-heal|p2b: Ogerpon|97\/100|[from] drain|[of] p1b: Urshifu\n|move|p1b: Urshifu|Close Combat|p2b: Ogerpon\n|-supereffective|p2b: Ogerpon\n|-damage|p2b: Ogerpon|0 fnt\n|-unboost|p1b: Urshifu|def|1\n|-unboost|p1b: Urshifu|spd|1\n|faint|p2b: Ogerpon\n|move|p2a: Iron Hands|Heavy Slam|p1a: Sinistcha\n|-damage|p1a: Sinistcha|0 fnt\n|-damage|p2a: Iron Hands|84\/100|[from] item: Rocky Helmet|[of] p1a: Sinistcha\n|faint|p1a: Sinistcha\n|\n|upkeep\n|turn|8\n|inactive|Battle timer is ON: inactive players will automatically lose when time's up. (requested by notoriouszjs)\n|\n|t:|1701065957\n|move|p1b: Urshifu|Close Combat|p2a: Iron Hands\n|-damage|p2a: Iron Hands|39\/100\n|-unboost|p1b: Urshifu|def|1\n|-unboost|p1b: Urshifu|spd|1\n|move|p2a: Iron Hands|Wild Charge|p1b: Urshifu\n|-damage|p1b: Urshifu|0 fnt\n|faint|p1b: Urshifu\n|-damage|p2a: Iron Hands|31\/100|[from] Recoil\n|\n|win|notoriouszjs\n|raw|whyismynamejeff's rating: 1111 &rarr; <strong>1085<\/strong><br \/>(-26 for losing)\n|raw|notoriouszjs's rating: 1095 &rarr; <strong>1122<\/strong><br \/>(+27 for winning)\n","uploadtime":1701065974,"views":6,"p1id":"whyismynamejeff","p2id":"notoriouszjs","formatid":"gen9vgc2023regulatione","rating":1085,"private":0,"password":""}