{"id":"gen9vgc2023regulatione-1992392306","p1":"Gloo_Eater_","p2":"ThisIsForYouWill","format":"[Gen 9] VGC 2023 Regulation E","log":"|j|\u2606Gloo_Eater_\n|j|\u2606ThisIsForYouWill\n|t:|1700182257\n|gametype|doubles\n|player|p1|Gloo_Eater_|hilbert|1099\n|player|p2|ThisIsForYouWill|alec-anime|1000\n|teamsize|p1|6\n|teamsize|p2|6\n|gen|9\n|tier|[Gen 9] VGC 2023 Regulation E\n|rated|\n|rule|Species Clause: Limit one of each Pok\u00e9mon\n|rule|Item Clause: Limit one of each item\n|clearpoke\n|poke|p1|Sinistcha-Masterpiece, L50|\n|poke|p1|Mimikyu, L50, M|\n|poke|p1|Annihilape, L50, M|\n|poke|p1|Gholdengo, L50|\n|poke|p1|Ceruledge, L50, M|\n|poke|p1|Basculegion, L50, M|\n|poke|p2|Tyranitar, L50, M|\n|poke|p2|Houndstone, L50, M|\n|poke|p2|Arcanine-Hisui, L50, F|\n|poke|p2|Mandibuzz, L50, F|\n|poke|p2|Empoleon, L50, F|\n|poke|p2|Dipplin, L50, F|\n|teampreview|4\n|inactive|Battle timer is ON: inactive players will automatically lose when time's up. (requested by Gloo_Eater_)\n|inactive|ThisIsForYouWill has 60 seconds left.\n|inactive|Gloo_Eater_ has 60 seconds left.\n|\n|t:|1700182297\n|start\n|switch|p1a: Annihilape|Annihilape, L50, M|100\/100\n|switch|p1b: Gholdengo|Gholdengo, L50|100\/100\n|switch|p2a: Tyranitar|Tyranitar, L50, M|100\/100\n|switch|p2b: Arcanine|Arcanine-Hisui, L50, F|100\/100\n|-ability|p2b: Arcanine|Intimidate|boost\n|-unboost|p1a: Annihilape|atk|1\n|-ability|p1a: Annihilape|Defiant|boost\n|-boost|p1a: Annihilape|atk|2\n|-unboost|p1b: Gholdengo|atk|1\n|-weather|Sandstorm|[from] ability: Sand Stream|[of] p2a: Tyranitar\n|turn|1\n|inactive|Gloo_Eater_ has 30 seconds left.\n|inactive|ThisIsForYouWill has 30 seconds left.\n|inactive|ThisIsForYouWill has 20 seconds left.\n|inactive|ThisIsForYouWill has 15 seconds left.\n|\n|t:|1700182340\n|switch|p2a: Houndstone|Houndstone, L50, M|100\/100\n|-terastallize|p1b: Gholdengo|Water\n|move|p2b: Arcanine|Flare Blitz|p1b: Gholdengo\n|-resisted|p1b: Gholdengo\n|-damage|p1b: Gholdengo|61\/100\n|-damage|p2b: Arcanine|89\/100|[from] Recoil\n|move|p1a: Annihilape|Drain Punch|p2b: Arcanine\n|-supereffective|p2b: Arcanine\n|-damage|p2b: Arcanine|0 fnt\n|faint|p2b: Arcanine\n|move|p1b: Gholdengo|Make It Rain|p2a: Houndstone\n|-damage|p2a: Houndstone|48\/100\n|-unboost|p1b: Gholdengo|spa|1\n|-enditem|p2a: Houndstone|Sitrus Berry|[eat]\n|-heal|p2a: Houndstone|72\/100|[from] item: Sitrus Berry\n|\n|-weather|Sandstorm|[upkeep]\n|-damage|p1a: Annihilape|95\/100|[from] Sandstorm\n|-damage|p1b: Gholdengo|55\/100|[from] Sandstorm\n|upkeep\n|\n|t:|1700182346\n|switch|p2b: Dipplin|Dipplin, L50, F|100\/100\n|-ability|p2b: Dipplin|Supersweet Syrup\n|-ability|p2b: Dipplin|Supersweet Syrup|boost\n|-unboost|p1a: Annihilape|evasion|1\n|-ability|p1a: Annihilape|Defiant|boost\n|-boost|p1a: Annihilape|atk|2\n|-unboost|p1b: Gholdengo|evasion|1\n|turn|2\n|\n|t:|1700182371\n|move|p1b: Gholdengo|Protect|p1b: Gholdengo\n|-singleturn|p1b: Gholdengo|Protect\n|move|p2a: Houndstone|Will-O-Wisp|p1a: Annihilape\n|-status|p1a: Annihilape|brn\n|move|p1a: Annihilape|Rage Fist|p2a: Houndstone\n|-supereffective|p2a: Houndstone\n|-damage|p2a: Houndstone|9\/100\n|move|p2b: Dipplin|Syrup Bomb|p1a: Annihilape\n|-damage|p1a: Annihilape|81\/100 brn\n|-start|p1a: Annihilape|Syrup Bomb\n|\n|-weather|Sandstorm|[upkeep]\n|-damage|p1a: Annihilape|75\/100 brn|[from] Sandstorm\n|-damage|p1b: Gholdengo|49\/100|[from] Sandstorm\n|-damage|p2b: Dipplin|95\/100|[from] Sandstorm\n|-damage|p1a: Annihilape|69\/100 brn|[from] brn\n|-unboost|p1a: Annihilape|spe|1\n|upkeep\n|turn|3\n|\n|t:|1700182394\n|move|p2a: Houndstone|Last Respects|p1a: Annihilape\n|-supereffective|p1a: Annihilape\n|-damage|p1a: Annihilape|0 fnt\n|faint|p1a: Annihilape\n|move|p1b: Gholdengo|Nasty Plot|p1b: Gholdengo\n|-boost|p1b: Gholdengo|spa|2\n|move|p2b: Dipplin|Syrup Bomb|p1b: Gholdengo\n|-supereffective|p1b: Gholdengo\n|-damage|p1b: Gholdengo|0 fnt\n|faint|p1b: Gholdengo\n|\n|-weather|Sandstorm|[upkeep]\n|-damage|p2b: Dipplin|89\/100|[from] Sandstorm\n|upkeep\n|\n|t:|1700182398\n|switch|p1a: Sinistcha|Sinistcha-Masterpiece, L50|100\/100\n|switch|p1b: Ceruledge|Ceruledge, L50, M|100\/100\n|turn|4\n|\n|t:|1700182421\n|switch|p2a: Tyranitar|Tyranitar, L50, M|100\/100\n|move|p1b: Ceruledge|Shadow Sneak|p2a: Tyranitar\n|-resisted|p2a: Tyranitar\n|-damage|p2a: Tyranitar|87\/100\n|-damage|p1b: Ceruledge|91\/100|[from] item: Life Orb\n|move|p1a: Sinistcha|Shadow Ball|p2b: Dipplin\n|-damage|p2b: Dipplin|58\/100\n|move|p2b: Dipplin|Syrup Bomb|p1b: Ceruledge\n|-resisted|p1b: Ceruledge\n|-damage|p1b: Ceruledge|77\/100\n|-start|p1b: Ceruledge|Syrup Bomb\n|\n|-weather|Sandstorm|[upkeep]\n|-damage|p1b: Ceruledge|71\/100|[from] Sandstorm\n|-damage|p1a: Sinistcha|94\/100|[from] Sandstorm\n|-damage|p2b: Dipplin|52\/100|[from] Sandstorm\n|-unboost|p1b: Ceruledge|spe|1\n|upkeep\n|turn|5\n|inactive|ThisIsForYouWill has 30 seconds left.\n|\n|t:|1700182454\n|move|p1a: Sinistcha|Rage Powder|p1a: Sinistcha\n|-singleturn|p1a: Sinistcha|move: Rage Powder\n|move|p2a: Tyranitar|Knock Off|p1a: Sinistcha\n|-supereffective|p1a: Sinistcha\n|-damage|p1a: Sinistcha|0 fnt\n|-damage|p2a: Tyranitar|70\/100|[from] item: Rocky Helmet|[of] p1a: Sinistcha\n|-enditem|p1a: Sinistcha|Rocky Helmet|[from] move: Knock Off|[of] p2a: Tyranitar\n|faint|p1a: Sinistcha\n|move|p1b: Ceruledge|Brick Break|p2a: Tyranitar\n|-supereffective|p2a: Tyranitar\n|-damage|p2a: Tyranitar|0 fnt\n|faint|p2a: Tyranitar\n|-damage|p1b: Ceruledge|61\/100|[from] item: Life Orb\n|move|p2b: Dipplin|Pollen Puff|p2: Tyranitar|[notarget]\n|-fail|p2b: Dipplin\n|\n|-weather|none\n|-unboost|p1b: Ceruledge|spe|1\n|upkeep\n|\n|t:|1700182464\n|switch|p2a: Houndstone|Houndstone, L50, M|9\/100\n|turn|6\n|\n|t:|1700182477\n|move|p1b: Ceruledge|Shadow Sneak|p2a: Houndstone\n|-supereffective|p2a: Houndstone\n|-damage|p2a: Houndstone|0 fnt\n|faint|p2a: Houndstone\n|-damage|p1b: Ceruledge|51\/100|[from] item: Life Orb\n|move|p2b: Dipplin|Recover|p2b: Dipplin\n|-heal|p2b: Dipplin|100\/100\n|\n|-unboost|p1b: Ceruledge|spe|1\n|upkeep\n|turn|7\n|\n|t:|1700182482\n|move|p2b: Dipplin|Draco Meteor|p1b: Ceruledge\n|-crit|p1b: Ceruledge\n|-damage|p1b: Ceruledge|0 fnt\n|-unboost|p2b: Dipplin|spa|2\n|faint|p1b: Ceruledge\n|\n|win|ThisIsForYouWill\n|raw|Gloo_Eater_'s rating: 1099 &rarr; <strong>1067<\/strong><br \/>(-32 for losing)\n|raw|ThisIsForYouWill's rating: 1000 &rarr; <strong>1051<\/strong><br \/>(+51 for winning)\n|l|\u2606Gloo_Eater_\n","uploadtime":1700182630,"views":16,"p1id":"glooeater","p2id":"thisisforyouwill","formatid":"gen9vgc2023regulatione","rating":1051,"private":0,"password":""}