{"id":"gen9vgc2023regulatione-1990640904","p1":"TrendanBrendan","p2":"tom coco","format":"[Gen 9] VGC 2023 Regulation E","log":"|j|\u2606TrendanBrendan\n|j|\u2606tom coco\n|t:|1699987984\n|gametype|doubles\n|player|p1|TrendanBrendan|bugcatcher|1160\n|player|p2|tom coco|richboy|1231\n|teamsize|p1|6\n|teamsize|p2|6\n|gen|9\n|tier|[Gen 9] VGC 2023 Regulation E\n|rated|\n|rule|Species Clause: Limit one of each Pok\u00e9mon\n|rule|Item Clause: Limit one of each item\n|clearpoke\n|poke|p1|Urshifu-*, L50, M|\n|poke|p1|Ogerpon-Hearthflame, L50, F|\n|poke|p1|Okidogi, L50, M|\n|poke|p1|Flutter Mane, L50|\n|poke|p1|Chien-Pao, L50|\n|poke|p1|Landorus-Therian, L50, M|\n|poke|p2|Heatran, L50, M|\n|poke|p2|Iron Hands, L50|\n|poke|p2|Roaring Moon, L50|\n|poke|p2|Amoonguss, L50, M|\n|poke|p2|Flutter Mane, L50|\n|poke|p2|Landorus-Therian, L50, M|\n|teampreview|4\nTrendanBrendan has agreed to open team sheets.\n|\n|t:|1699988053\n|start\n|switch|p1a: Ogerpon|Ogerpon-Hearthflame, L50, F|100\/100\n|switch|p1b: Oki|Okidogi, L50, M|100\/100\n|switch|p2a: Roaring Moon|Roaring Moon, L50|100\/100\n|switch|p2b: Heatran|Heatran, L50, M|100\/100\n|-ability|p1a: Ogerpon|Mold Breaker\n|-enditem|p2a: Roaring Moon|Booster Energy\n|-activate|p2a: Roaring Moon|ability: Protosynthesis|[fromitem]\n|-start|p2a: Roaring Moon|protosynthesisspe\n|turn|1\n|\n|t:|1699988107\n|switch|p1a: Low Tide|Landorus-Therian, L50, M|100\/100\n|-ability|p1a: Low Tide|Intimidate|boost\n|-unboost|p2a: Roaring Moon|atk|1\n|-unboost|p2b: Heatran|atk|1\n|-terastallize|p2a: Roaring Moon|Flying\n|move|p2b: Heatran|Protect|p2b: Heatran\n|-singleturn|p2b: Heatran|Protect\n|move|p2a: Roaring Moon|Acrobatics|p1b: Oki\n|-supereffective|p1b: Oki\n|-damage|p1b: Oki|30\/100\n|move|p1b: Oki|Knock Off|p2b: Heatran\n|-activate|p2b: Heatran|move: Protect\n|\n|-heal|p1b: Oki|36\/100|[from] item: Leftovers\n|upkeep\n|turn|2\n|\n|t:|1699988147\n|switch|p1b: Jewel|Flutter Mane, L50|100\/100\n|-enditem|p1b: Jewel|Booster Energy\n|-activate|p1b: Jewel|ability: Protosynthesis|[fromitem]\n|-start|p1b: Jewel|protosynthesisspe\n|move|p2a: Roaring Moon|Dragon Dance|p2a: Roaring Moon\n|-boost|p2a: Roaring Moon|atk|1\n|-boost|p2a: Roaring Moon|spe|1\n|move|p1a: Low Tide|Rock Slide|p2a: Roaring Moon|[spread] p2a,p2b\n|-supereffective|p2a: Roaring Moon\n|-damage|p2a: Roaring Moon|54\/100\n|-damage|p2b: Heatran|85\/100\n|move|p2b: Heatran|Earth Power|p1b: Jewel\n|-damage|p1b: Jewel|68\/100\n|\n|upkeep\n|turn|3\n|\n|t:|1699988177\n|move|p2a: Roaring Moon|Protect|p2a: Roaring Moon\n|-singleturn|p2a: Roaring Moon|Protect\n|move|p1b: Jewel|Shadow Ball|p2a: Roaring Moon\n|-activate|p2a: Roaring Moon|move: Protect\n|move|p1a: Low Tide|Rock Slide|p2b: Heatran|[spread] p2b\n|-activate|p2a: Roaring Moon|move: Protect\n|-damage|p2b: Heatran|70\/100\n|move|p2b: Heatran|Flash Cannon|p1b: Jewel\n|-supereffective|p1b: Jewel\n|-damage|p1b: Jewel|0 fnt\n|faint|p1b: Jewel\n|-end|p1b: Jewel|Protosynthesis|[silent]\n|\n|upkeep\n|\n|t:|1699988188\n|switch|p1b: Ogerpon|Ogerpon-Hearthflame, L50, F|100\/100\n|-ability|p1b: Ogerpon|Mold Breaker\n|turn|4\n|\n|t:|1699988206\n|move|p2a: Roaring Moon|Acrobatics|p1b: Ogerpon\n|-supereffective|p1b: Ogerpon\n|-damage|p1b: Ogerpon|0 fnt\n|faint|p1b: Ogerpon\n|move|p1a: Low Tide|Rock Slide|p2a: Roaring Moon|[spread] p2a,p2b\n|-supereffective|p2a: Roaring Moon\n|-damage|p2a: Roaring Moon|6\/100\n|-damage|p2b: Heatran|55\/100\n|cant|p2b: Heatran|flinch\n|\n|upkeep\n|\n|t:|1699988214\n|switch|p1b: Oki|Okidogi, L50, M|36\/100\n|turn|5\n|\n|t:|1699988225\n|-terastallize|p1b: Oki|Dragon\n|move|p2a: Roaring Moon|Acrobatics|p1b: Oki\n|-damage|p1b: Oki|0 fnt\n|faint|p1b: Oki\n|move|p1a: Low Tide|Rock Slide|p2b: Heatran|[spread] p2a,p2b\n|-supereffective|p2a: Roaring Moon\n|-damage|p2a: Roaring Moon|0 fnt\n|-damage|p2b: Heatran|39\/100\n|faint|p2a: Roaring Moon\n|-end|p2a: Roaring Moon|Protosynthesis|[silent]\n|move|p2b: Heatran|Flash Cannon|p1a: Low Tide\n|-damage|p1a: Low Tide|63\/100\n|-unboost|p1a: Low Tide|spd|1\n|\n|upkeep\n|\n|t:|1699988242\n|switch|p2a: Amoonguss|Amoonguss, L50, M|100\/100\n|turn|6\n|\n|t:|1699988248\n|move|p2b: Heatran|Protect|p2b: Heatran\n|-singleturn|p2b: Heatran|Protect\n|move|p1a: Low Tide|Rock Slide|p2b: Heatran|[spread] p2a\n|-activate|p2b: Heatran|move: Protect\n|-damage|p2a: Amoonguss|86\/100\n|cant|p2a: Amoonguss|flinch\n|\n|upkeep\n|turn|7\n|\n|t:|1699988264\n|switch|p2b: Landorus|Landorus-Therian, L50, M|100\/100\n|-ability|p2b: Landorus|Intimidate|boost\n|-unboost|p1a: Low Tide|atk|1\n|move|p1a: Low Tide|Rock Slide|p2a: Amoonguss|[spread] p2a,p2b\n|-damage|p2a: Amoonguss|75\/100\n|-damage|p2b: Landorus|87\/100\n|move|p2a: Amoonguss|Spore|p1a: Low Tide\n|-status|p1a: Low Tide|slp|[from] move: Spore\n|\n|upkeep\n|turn|8\n|\n|t:|1699988282\n|switch|p2b: Heatran|Heatran, L50, M|39\/100\n|cant|p1a: Low Tide|slp\n|move|p2a: Amoonguss|Pollen Puff|p2b: Heatran\n|-heal|p2b: Heatran|89\/100\n|\n|upkeep\n|turn|9\n|inactive|Battle timer is ON: inactive players will automatically lose when time's up. (requested by TrendanBrendan)\n|\n|t:|1699988297\n|cant|p1a: Low Tide|slp\n|move|p2b: Heatran|Flash Cannon|p1a: Low Tide\n|-damage|p1a: Low Tide|3\/100 slp\n|move|p2a: Amoonguss|Pollen Puff|p2b: Heatran\n|-heal|p2b: Heatran|100\/100\n|\n|upkeep\n|turn|10\n|\n|t:|1699988306\n|switch|p2a: Landorus|Landorus-Therian, L50, M|87\/100\n|-ability|p2a: Landorus|Intimidate|boost\n|-unboost|p1a: Low Tide|atk|1\n|cant|p1a: Low Tide|slp\n|move|p2b: Heatran|Flash Cannon|p1a: Low Tide\n|-damage|p1a: Low Tide|0 fnt\n|faint|p1a: Low Tide\n|\n|win|tom coco\n|raw|TrendanBrendan's rating: 1160 &rarr; <strong>1140<\/strong><br \/>(-20 for losing)\n|raw|tom coco's rating: 1231 &rarr; <strong>1251<\/strong><br \/>(+20 for winning)\n","uploadtime":1699988312,"views":11,"p1id":"trendanbrendan","p2id":"tomcoco","formatid":"gen9vgc2023regulatione","rating":1140,"private":0,"password":""}