{"id":"gen9vgc2023regulatione-1988718360","p1":"NekrosM0S","p2":"Diabetic Daddy","format":"[Gen 9] VGC 2023 Regulation E","log":"|j|\u2606NekrosM0S\n|j|\u2606Diabetic Daddy\n|t:|1699754432\n|gametype|doubles\n|player|p1|NekrosM0S|colress|1140\n|player|p2|Diabetic Daddy|265|1181\n|teamsize|p1|6\n|teamsize|p2|6\n|gen|9\n|tier|[Gen 9] VGC 2023 Regulation E\n|rated|\n|rule|Species Clause: Limit one of each Pok\u00e9mon\n|rule|Item Clause: Limit one of each item\n|clearpoke\n|poke|p1|Iron Moth, L50|\n|poke|p1|Flutter Mane, L50|\n|poke|p1|Iron Hands, L50|\n|poke|p1|Landorus-Therian, L50, M|\n|poke|p1|Ogerpon-Cornerstone, L50, F|\n|poke|p1|Gholdengo, L50|\n|poke|p2|Goodra-Hisui, L50, M|\n|poke|p2|Pelipper, L50, M|\n|poke|p2|Sinistcha, L50|\n|poke|p2|Iron Hands, L50|\n|poke|p2|Dondozo, L50, M|\n|poke|p2|Tatsugiri, L50, F|\n|teampreview|4\n|inactive|Battle timer is ON: inactive players will automatically lose when time's up. (requested by Diabetic Daddy)\n|\n|t:|1699754468\n|start\n|switch|p1a: Iron Hands|Iron Hands, L50, shiny|100\/100\n|switch|p1b: Landorus|Landorus-Therian, L50, M|100\/100\n|switch|p2a: Goodra|Goodra-Hisui, L50, M|100\/100\n|switch|p2b: Iron Hands|Iron Hands, L50|100\/100\n|-ability|p1b: Landorus|Intimidate|boost\n|-unboost|p2a: Goodra|atk|1\n|-unboost|p2b: Iron Hands|atk|1\n|turn|1\n|inactive|NekrosM0S has 30 seconds left.\n|\n|t:|1699754495\n|move|p2a: Goodra|Protect|p2a: Goodra\n|-singleturn|p2a: Goodra|Protect\n|move|p1a: Iron Hands|Fake Out|p2a: Goodra\n|-activate|p2a: Goodra|move: Protect\n|move|p2b: Iron Hands|Fake Out|p1a: Iron Hands\n|-damage|p1a: Iron Hands|92\/100\n|move|p1b: Landorus|Stomping Tantrum|p2a: Goodra\n|-activate|p2a: Goodra|move: Protect\n|\n|upkeep\n|turn|2\n|\n|t:|1699754510\n|-terastallize|p2a: Goodra|Water\n|move|p1b: Landorus|Stomping Tantrum|p2b: Iron Hands\n|-supereffective|p2b: Iron Hands\n|-damage|p2b: Iron Hands|40\/100\n|move|p2a: Goodra|Shelter|p2a: Goodra\n|-boost|p2a: Goodra|def|2\n|move|p1a: Iron Hands|Drain Punch|p2a: Goodra\n|-damage|p2a: Goodra|85\/100\n|-heal|p1a: Iron Hands|98\/100|[from] drain|[of] p2a: Goodra\n|move|p2b: Iron Hands|Drain Punch|p1a: Iron Hands\n|-damage|p1a: Iron Hands|76\/100\n|-heal|p2b: Iron Hands|51\/100|[from] drain|[of] p1a: Iron Hands\n|\n|-heal|p2a: Goodra|91\/100|[from] item: Leftovers\n|upkeep\n|turn|3\n|\n|t:|1699754530\n|move|p1b: Landorus|Stomping Tantrum|p2b: Iron Hands\n|-supereffective|p2b: Iron Hands\n|-damage|p2b: Iron Hands|0 fnt\n|faint|p2b: Iron Hands\n|-end|p2b: Iron Hands|Quark Drive|[silent]\n|move|p2a: Goodra|Shelter|p2a: Goodra\n|-boost|p2a: Goodra|def|2\n|move|p1a: Iron Hands|Wild Charge|p2a: Goodra\n|-supereffective|p2a: Goodra\n|-damage|p2a: Goodra|68\/100\n|-damage|p1a: Iron Hands|71\/100|[from] Recoil\n|\n|-heal|p2a: Goodra|73\/100|[from] item: Leftovers\n|upkeep\n|\n|t:|1699754541\n|switch|p2b: Sinistcha|Sinistcha, L50|100\/100\n|-heal|p2a: Goodra|98\/100|[from] ability: Hospitality|[of] p2b: Sinistcha\n|turn|4\n|\n|t:|1699754557\n|-end|p1a: Iron Hands|Quark Drive|[silent]\n|switch|p1a: Flutter Mane|Flutter Mane, L50, shiny|100\/100\n|move|p1b: Landorus|Stomping Tantrum|p2a: Goodra\n|-damage|p2a: Goodra|88\/100\n|move|p2b: Sinistcha|Matcha Gotcha|p1a: Flutter Mane|[spread] p1a,p1b\n|-damage|p1a: Flutter Mane|71\/100\n|-damage|p1b: Landorus|64\/100\n|move|p2a: Goodra|Shelter|p2a: Goodra\n|-boost|p2a: Goodra|def|2\n|\n|-heal|p2a: Goodra|94\/100|[from] item: Leftovers\n|upkeep\n|turn|5\n|\n|t:|1699754573\n|switch|p1b: Iron Moth|Iron Moth, L50, shiny|100\/100\n|-enditem|p1b: Iron Moth|Booster Energy\n|-activate|p1b: Iron Moth|ability: Quark Drive|[fromitem]\n|-start|p1b: Iron Moth|quarkdrivespe\n|move|p2b: Sinistcha|Protect|p2b: Sinistcha\n|-singleturn|p2b: Sinistcha|Protect\n|move|p1a: Flutter Mane|Shadow Ball|p2b: Sinistcha\n|-activate|p2b: Sinistcha|move: Protect\n|move|p2a: Goodra|Heavy Slam|p1a: Flutter Mane\n|-supereffective|p1a: Flutter Mane\n|-damage|p1a: Flutter Mane|0 fnt\n|faint|p1a: Flutter Mane\n|-end|p1a: Flutter Mane|Protosynthesis|[silent]\n|\n|-heal|p2a: Goodra|99\/100|[from] item: Leftovers\n|upkeep\n|\n|t:|1699754589\n|switch|p1a: Landorus|Landorus-Therian, L50, M|64\/100\n|-ability|p1a: Landorus|Intimidate|boost\n|-unboost|p2a: Goodra|atk|1\n|-unboost|p2b: Sinistcha|atk|1\n|turn|6\n|\n|t:|1699754612\n|switch|p1a: Iron Hands|Iron Hands, L50, shiny|71\/100\n|switch|p2b: Pelipper|Pelipper, L50, M|100\/100\n|-weather|RainDance|[from] ability: Drizzle|[of] p2b: Pelipper\n|-terastallize|p1b: Iron Moth|Grass\n|move|p1b: Iron Moth|Energy Ball|p2a: Goodra\n|-ability|p2a: Goodra|Sap Sipper|boost\n|-boost|p2a: Goodra|atk|1\n|move|p2a: Goodra|Body Press|p1a: Iron Hands\n|-crit|p1a: Iron Hands\n|-damage|p1a: Iron Hands|0 fnt\n|faint|p1a: Iron Hands\n|-end|p1a: Iron Hands|Quark Drive|[silent]\n|\n|-weather|RainDance|[upkeep]\n|-heal|p2a: Goodra|100\/100|[from] item: Leftovers\n|upkeep\n|\n|t:|1699754627\n|switch|p1a: Landorus|Landorus-Therian, L50, M|64\/100\n|-ability|p1a: Landorus|Intimidate|boost\n|-unboost|p2a: Goodra|atk|1\n|-unboost|p2b: Pelipper|atk|1\n|turn|7\n|\n|t:|1699754635\n|move|p1b: Iron Moth|Acid Spray|p2a: Goodra\n|-damage|p2a: Goodra|86\/100\n|-unboost|p2a: Goodra|spd|2\n|move|p1a: Landorus|Rock Slide|p2b: Pelipper|[spread] p2a,p2b\n|-supereffective|p2b: Pelipper\n|-damage|p2a: Goodra|82\/100\n|-damage|p2b: Pelipper|48\/100\n|move|p2b: Pelipper|Hurricane|p1b: Iron Moth\n|-supereffective|p1b: Iron Moth\n|-damage|p1b: Iron Moth|23\/100\n|cant|p2a: Goodra|flinch\n|\n|-weather|RainDance|[upkeep]\n|-heal|p2a: Goodra|88\/100|[from] item: Leftovers\n|upkeep\n|turn|8\n|\n|t:|1699754660\n|move|p2b: Pelipper|Protect|p2b: Pelipper\n|-singleturn|p2b: Pelipper|Protect\n|move|p1b: Iron Moth|Acid Spray|p2a: Goodra\n|-damage|p2a: Goodra|60\/100\n|-unboost|p2a: Goodra|spd|2\n|move|p1a: Landorus|Rock Slide|p2b: Pelipper|[spread] p2a\n|-activate|p2b: Pelipper|move: Protect\n|-damage|p2a: Goodra|57\/100\n|cant|p2a: Goodra|flinch\n|\n|-weather|RainDance|[upkeep]\n|-heal|p2a: Goodra|63\/100|[from] item: Leftovers\n|upkeep\n|turn|9\n|\n|t:|1699754675\n|switch|p2b: Sinistcha|Sinistcha, L50|100\/100\n|-heal|p2a: Goodra|88\/100|[from] ability: Hospitality|[of] p2b: Sinistcha\n|move|p1b: Iron Moth|Acid Spray|p2a: Goodra\n|-damage|p2a: Goodra|49\/100\n|-unboost|p2a: Goodra|spd|2\n|move|p1a: Landorus|Rock Slide|p2a: Goodra|[spread] p2a,p2b\n|-damage|p2a: Goodra|45\/100\n|-damage|p2b: Sinistcha|83\/100\n|move|p2a: Goodra|Body Press|p1b: Iron Moth\n|-damage|p1b: Iron Moth|0 fnt\n|faint|p1b: Iron Moth\n|-end|p1b: Iron Moth|Quark Drive|[silent]\n|\n|-weather|RainDance|[upkeep]\n|-heal|p2a: Goodra|51\/100|[from] item: Leftovers\n|upkeep\n|turn|10\n|\n|t:|1699754695\n|move|p2a: Goodra|Protect|p2a: Goodra\n|-singleturn|p2a: Goodra|Protect\n|move|p1a: Landorus|Rock Slide|p2a: Goodra|[spread] p2b\n|-activate|p2a: Goodra|move: Protect\n|-damage|p2b: Sinistcha|65\/100\n|move|p2b: Sinistcha|Life Dew|p2b: Sinistcha|[spread] p2a,p2b\n|-heal|p2a: Goodra|76\/100\n|-heal|p2b: Sinistcha|90\/100\n|\n|-weather|none\n|-heal|p2a: Goodra|82\/100|[from] item: Leftovers\n|upkeep\n|turn|11\n|\n|t:|1699754709\n|move|p1a: Landorus|Rock Slide|p2b: Sinistcha|[spread] p2a,p2b\n|-damage|p2a: Goodra|78\/100\n|-damage|p2b: Sinistcha|74\/100\n|move|p2b: Sinistcha|Life Dew|p2b: Sinistcha|[spread] p2a,p2b\n|-heal|p2a: Goodra|100\/100\n|-heal|p2b: Sinistcha|99\/100\n|move|p2a: Goodra|Body Press|p1a: Landorus\n|-resisted|p1a: Landorus\n|-damage|p1a: Landorus|0 fnt\n|faint|p1a: Landorus\n|\n|win|Diabetic Daddy\n|raw|NekrosM0S's rating: 1140 &rarr; <strong>1118<\/strong><br \/>(-22 for losing)\n|raw|Diabetic Daddy's rating: 1181 &rarr; <strong>1203<\/strong><br \/>(+22 for winning)\n|c|\u2606Diabetic Daddy|gg\n|c|\u2606NekrosM0S|gg\n|l|\u2606Diabetic Daddy\n","uploadtime":1699754720,"views":15,"p1id":"nekrosm0s","p2id":"diabeticdaddy","formatid":"gen9vgc2023regulatione","rating":1118,"private":0,"password":""}