{"id":"gen9vgc2023regulatione-1999953477","p1":"the guy132","p2":"BOT8371","format":"[Gen 9] VGC 2023 Regulation E","log":"|j|\u2606the guy132\n|j|\u2606BOT8371\n|t:|1701134033\n|gametype|doubles\n|player|p1|the guy132|ghetsis|1054\n|player|p2|BOT8371|hero2-conquest|1057\n|teamsize|p1|6\n|teamsize|p2|6\n|gen|9\n|tier|[Gen 9] VGC 2023 Regulation E\n|rated|\n|rule|Species Clause: Limit one of each Pok\u00e9mon\n|rule|Item Clause: Limit one of each item\n|clearpoke\n|poke|p1|Tornadus, L50, M|\n|poke|p1|Urshifu-*, L50, F|\n|poke|p1|Arcanine-Hisui, L50, F|\n|poke|p1|Amoonguss, L50, F|\n|poke|p1|Flutter Mane, L50|\n|poke|p1|Iron Hands, L50|\n|poke|p2|Thundurus-Therian, L50, M|\n|poke|p2|Roaring Moon, L50|\n|poke|p2|Arcanine-Hisui, L50, M|\n|poke|p2|Ogerpon, L50, F|\n|poke|p2|Urshifu-*, L50, M|\n|poke|p2|Gholdengo, L50|\n|teampreview|4\n|inactive|Battle timer is ON: inactive players will automatically lose when time's up. (requested by BOT8371)\nBOT8371 has agreed to open team sheets.\n|inactive|BOT8371 has 60 seconds left.\n|\n|t:|1701134068\n|start\n|switch|p1a: Tornadus|Tornadus, L50, M|100\/100\n|switch|p1b: Urshifu|Urshifu-Rapid-Strike, L50, F|100\/100\n|switch|p2a: Ogerpon|Ogerpon, L50, F|100\/100\n|switch|p2b: Roaring Moon|Roaring Moon, L50|100\/100\n|-enditem|p2b: Roaring Moon|Booster Energy\n|-activate|p2b: Roaring Moon|ability: Protosynthesis|[fromitem]\n|-start|p2b: Roaring Moon|protosynthesisspe\n|turn|1\n|\n|t:|1701134092\n|switch|p1b: Arcanine|Arcanine-Hisui, L50, F|100\/100\n|-ability|p1b: Arcanine|Intimidate|boost\n|-unboost|p2a: Ogerpon|atk|1\n|-ability|p2a: Ogerpon|Defiant|boost\n|-boost|p2a: Ogerpon|atk|2\n|-unboost|p2b: Roaring Moon|atk|1\n|move|p2a: Ogerpon|Spiky Shield|p2a: Ogerpon\n|-singleturn|p2a: Ogerpon|move: Protect\n|move|p1a: Tornadus|Tailwind|p1a: Tornadus\n|-sidestart|p1: the guy132|move: Tailwind\n|move|p2b: Roaring Moon|Tailwind|p2b: Roaring Moon\n|-sidestart|p2: BOT8371|move: Tailwind\n|\n|upkeep\n|turn|2\n|inactive|BOT8371 has 30 seconds left.\n|\n|t:|1701134123\n|move|p1a: Tornadus|Scary Face|p2b: Roaring Moon\n|-hint|Since gen 7, Dark is immune to Prankster moves.\n|-immune|p2b: Roaring Moon\n|move|p2b: Roaring Moon|Knock Off|p1b: Arcanine\n|-damage|p1b: Arcanine|62\/100\n|-enditem|p1b: Arcanine|Eject Button|[from] move: Knock Off|[of] p2b: Roaring Moon\n|move|p2a: Ogerpon|Stomping Tantrum|p1b: Arcanine\n|-supereffective|p1b: Arcanine\n|-damage|p1b: Arcanine|0 fnt\n|faint|p1b: Arcanine\n|\n|upkeep\n|\n|t:|1701134135\n|switch|p1b: Urshifu|Urshifu-Rapid-Strike, L50, F|100\/100\n|turn|3\n|\n|t:|1701134149\n|move|p1a: Tornadus|Rain Dance|p1a: Tornadus\n|-weather|RainDance\n|move|p2b: Roaring Moon|Knock Off|p1b: Urshifu\n|-resisted|p1b: Urshifu\n|-damage|p1b: Urshifu|84\/100\n|-enditem|p1b: Urshifu|Mystic Water|[from] move: Knock Off|[of] p2b: Roaring Moon\n|move|p2a: Ogerpon|Ivy Cudgel|p1b: Urshifu\n|-supereffective|p1b: Urshifu\n|-damage|p1b: Urshifu|0 fnt\n|faint|p1b: Urshifu\n|\n|-weather|RainDance|[upkeep]\n|upkeep\n|\n|t:|1701134159\n|switch|p1b: Iron Hands|Iron Hands, L50|100\/100\n|turn|4\n|\n|t:|1701134172\n|-end|p2b: Roaring Moon|Protosynthesis|[silent]\n|switch|p2b: Arcanine|Arcanine-Hisui, L50, M|100\/100\n|-ability|p2b: Arcanine|Intimidate|boost\n|-unboost|p1a: Tornadus|atk|1\n|-unboost|p1b: Iron Hands|atk|1\n|move|p1b: Iron Hands|Fake Out|p2a: Ogerpon\n|-damage|p2a: Ogerpon|88\/100\n|move|p1a: Tornadus|Bleakwind Storm|p2b: Arcanine|[spread] p2a,p2b\n|-supereffective|p2a: Ogerpon\n|-resisted|p2b: Arcanine\n|-damage|p2a: Ogerpon|13\/100\n|-damage|p2b: Arcanine|82\/100\n|-unboost|p2a: Ogerpon|spe|1\n|-ability|p2a: Ogerpon|Defiant|boost\n|-boost|p2a: Ogerpon|atk|2\n|-unboost|p2b: Arcanine|spe|1\n|cant|p2a: Ogerpon|flinch\n|\n|-weather|RainDance|[upkeep]\n|-sideend|p2: BOT8371|move: Tailwind\n|-sideend|p1: the guy132|move: Tailwind\n|upkeep\n|turn|5\n|inactive|the guy132 has 30 seconds left.\n|inactive|BOT8371 has 30 seconds left.\n|inactive|BOT8371 has 20 seconds left.\n|inactive|BOT8371 has 15 seconds left.\n|\n|t:|1701134212\n|switch|p2a: Roaring Moon|Roaring Moon, L50|100\/100\n|move|p1a: Tornadus|Bleakwind Storm|p2b: Arcanine|[spread] p2a,p2b\n|-resisted|p2b: Arcanine\n|-damage|p2a: Roaring Moon|72\/100\n|-damage|p2b: Arcanine|64\/100\n|-unboost|p2b: Arcanine|spe|1\n|move|p1b: Iron Hands|Heavy Slam|p2b: Arcanine\n|-damage|p2b: Arcanine|47\/100\n|move|p2b: Arcanine|Rock Slide|p1b: Iron Hands|[spread] p1a,p1b\n|-supereffective|p1a: Tornadus\n|-resisted|p1b: Iron Hands\n|-enditem|p1a: Tornadus|Focus Sash\n|-damage|p1a: Tornadus|1\/100\n|-damage|p1b: Iron Hands|89\/100\n|\n|-weather|RainDance|[upkeep]\n|upkeep\n|turn|6\n|inactive|the guy132 has 30 seconds left.\n|\n|t:|1701134243\n|switch|p2b: Urshifu|Urshifu-Rapid-Strike, L50, M|100\/100\n|move|p1a: Tornadus|Tailwind|p1a: Tornadus\n|-sidestart|p1: the guy132|move: Tailwind\n|move|p2a: Roaring Moon|Breaking Swipe|p1b: Iron Hands|[spread] p1a,p1b\n|-damage|p1a: Tornadus|0 fnt\n|-damage|p1b: Iron Hands|74\/100\n|-unboost|p1b: Iron Hands|atk|1\n|faint|p1a: Tornadus\n|move|p1b: Iron Hands|Drain Punch|p2b: Urshifu\n|-damage|p2b: Urshifu|82\/100\n|-heal|p1b: Iron Hands|81\/100|[from] drain|[of] p2b: Urshifu\n|\n|-weather|RainDance|[upkeep]\n|upkeep\n|turn|7\n|inactive|BOT8371 has 30 seconds left.\n|\n|t:|1701134275\n|-terastallize|p1b: Iron Hands|Ghost\n|move|p2b: Urshifu|Detect|p2b: Urshifu\n|-singleturn|p2b: Urshifu|Protect\n|move|p2a: Roaring Moon|Tailwind|p2a: Roaring Moon\n|-sidestart|p2: BOT8371|move: Tailwind\n|move|p1b: Iron Hands|Wild Charge|p2b: Urshifu\n|-activate|p2b: Urshifu|move: Protect\n|\n|-weather|none\n|upkeep\n|turn|8\n|\n|t:|1701134293\n|move|p2a: Roaring Moon|Knock Off|p1b: Iron Hands\n|-supereffective|p1b: Iron Hands\n|-damage|p1b: Iron Hands|21\/100\n|-enditem|p1b: Iron Hands|Assault Vest|[from] move: Knock Off|[of] p2a: Roaring Moon\n|move|p2b: Urshifu|Surging Strikes|p1b: Iron Hands\n|-crit|p1b: Iron Hands\n|-damage|p1b: Iron Hands|7\/100\n|-crit|p1b: Iron Hands\n|-damage|p1b: Iron Hands|0 fnt\n|faint|p1b: Iron Hands\n|-end|p1b: Iron Hands|Quark Drive|[silent]\n|-hitcount|p1: Iron Hands|2\n|\n|win|BOT8371\n|raw|the guy132's rating: 1054 &rarr; <strong>1036<\/strong><br \/>(-18 for losing)\n|raw|BOT8371's rating: 1057 &rarr; <strong>1088<\/strong><br \/>(+31 for winning)\n|l|\u2606the guy132\n","uploadtime":1701134305,"views":8,"p1id":"theguy132","p2id":"bot8371","formatid":"gen9vgc2023regulatione","rating":1036,"private":0,"password":""}