{"id":"gen9vgc2023regulatione-1999165603","p1":"blazingfox4","p2":"GAYRBALLS","format":"[Gen 9] VGC 2023 Regulation E","log":"|j|\u2606blazingfox4\n|j|\u2606GAYRBALLS\n|t:|1701040423\n|gametype|doubles\n|player|p1|blazingfox4|blackbelt-gen4|1237\n|player|p2|GAYRBALLS|steven|1154\n|teamsize|p1|6\n|teamsize|p2|6\n|gen|9\n|tier|[Gen 9] VGC 2023 Regulation E\n|rated|\n|rule|Species Clause: Limit one of each Pok\u00e9mon\n|rule|Item Clause: Limit one of each item\n|clearpoke\n|poke|p1|Urshifu-*, L50, M|\n|poke|p1|Flutter Mane, L50|\n|poke|p1|Arcanine-Hisui, L50, F|\n|poke|p1|Iron Hands, L50|\n|poke|p1|Landorus-Therian, L50, M|\n|poke|p1|Tornadus, L50, M|\n|poke|p2|Urshifu-*, L50, M|\n|poke|p2|Landorus-Therian, L50, M|\n|poke|p2|Sinistcha-Masterpiece, L50|\n|poke|p2|Chi-Yu, L50|\n|poke|p2|Iron Hands, L50|\n|poke|p2|Flutter Mane, L50|\n|teampreview|4\n|inactive|Battle timer is ON: inactive players will automatically lose when time's up. (requested by blazingfox4)\n|inactive|GAYRBALLS has 60 seconds left.\nblazingfox4 rejected open team sheets.\n|inactive|GAYRBALLS has 30 seconds left.\n|\n|t:|1701040484\n|start\n|switch|p1a: Urshifu|Urshifu-Rapid-Strike, L50, M|100\/100\n|switch|p1b: Tornadus|Tornadus, L50, M|100\/100\n|switch|p2a: Flutter Mane|Flutter Mane, L50, shiny|100\/100\n|switch|p2b: Chi-Yu|Chi-Yu, L50|100\/100\n|-ability|p2b: Chi-Yu|Beads of Ruin\n|-enditem|p2a: Flutter Mane|Booster Energy\n|-activate|p2a: Flutter Mane|ability: Protosynthesis|[fromitem]\n|-start|p2a: Flutter Mane|protosynthesisspe\n|turn|1\n|\n|t:|1701040504\n|-terastallize|p2b: Chi-Yu|Water\n|move|p1a: Urshifu|Detect|p1a: Urshifu\n|-singleturn|p1a: Urshifu|Protect\n|move|p1b: Tornadus|Tailwind|p1b: Tornadus\n|-sidestart|p1: blazingfox4|move: Tailwind\n|move|p2a: Flutter Mane|Moonblast|p1a: Urshifu\n|-activate|p1a: Urshifu|move: Protect\n|move|p2b: Chi-Yu|Snarl|p1a: Urshifu|[spread] p1b\n|-activate|p1a: Urshifu|move: Protect\n|-damage|p1b: Tornadus|40\/100\n|-unboost|p1b: Tornadus|spa|1\n|\n|upkeep\n|turn|2\n|inactive|blazingfox4 has 30 seconds left.\n|\n|t:|1701040533\n|move|p1b: Tornadus|Icy Wind|p2b: Chi-Yu|[spread] p2a,p2b\n|-resisted|p2b: Chi-Yu\n|-damage|p2a: Flutter Mane|87\/100\n|-damage|p2b: Chi-Yu|95\/100\n|-unboost|p2a: Flutter Mane|spe|1\n|-unboost|p2b: Chi-Yu|spe|1\n|move|p1a: Urshifu|Surging Strikes|p2a: Flutter Mane\n|-crit|p2a: Flutter Mane\n|-damage|p2a: Flutter Mane|34\/100\n|-crit|p2a: Flutter Mane\n|-damage|p2a: Flutter Mane|0 fnt\n|faint|p2a: Flutter Mane\n|-end|p2a: Flutter Mane|Protosynthesis|[silent]\n|-hitcount|p2: Flutter Mane|2\n|move|p2b: Chi-Yu|Snarl|p1b: Tornadus|[spread] p1a,p1b\n|-resisted|p1a: Urshifu\n|-damage|p1a: Urshifu|69\/100\n|-damage|p1b: Tornadus|0 fnt\n|-unboost|p1a: Urshifu|spa|1\n|faint|p1b: Tornadus\n|\n|upkeep\n|\n|t:|1701040549\n|switch|p2a: Landorus|Landorus-Therian, L50, M, shiny|100\/100\n|switch|p1b: Iron Hands|Iron Hands, L50|100\/100\n|-ability|p2a: Landorus|Intimidate|boost\n|-unboost|p1a: Urshifu|atk|1\n|-unboost|p1b: Iron Hands|atk|1\n|turn|3\n|\n|t:|1701040558\n|move|p1b: Iron Hands|Fake Out|p2a: Landorus\n|-damage|p2a: Landorus|88\/100\n|move|p1a: Urshifu|Surging Strikes|p2a: Landorus\n|-supereffective|p2a: Landorus\n|-crit|p2a: Landorus\n|-damage|p2a: Landorus|30\/100\n|-supereffective|p2a: Landorus\n|-crit|p2a: Landorus\n|-damage|p2a: Landorus|0 fnt\n|faint|p2a: Landorus\n|-hitcount|p2: Landorus|2\n|move|p2b: Chi-Yu|Snarl|p1b: Iron Hands|[spread] p1a,p1b\n|-resisted|p1a: Urshifu\n|-resisted|p1b: Iron Hands\n|-damage|p1a: Urshifu|38\/100\n|-damage|p1b: Iron Hands|90\/100\n|-unboost|p1a: Urshifu|spa|1\n|-unboost|p1b: Iron Hands|spa|1\n|\n|upkeep\n|\n|t:|1701040560\n|switch|p2a: Urshifu|Urshifu-Rapid-Strike, L50, M|100\/100\n|turn|4\n|\n|t:|1701040572\n|move|p1a: Urshifu|Detect|p1a: Urshifu\n|-singleturn|p1a: Urshifu|Protect\n|move|p2a: Urshifu|Close Combat|p1b: Iron Hands\n|-damage|p1b: Iron Hands|53\/100\n|-unboost|p2a: Urshifu|def|1\n|-unboost|p2a: Urshifu|spd|1\n|move|p1b: Iron Hands|Wild Charge|p2a: Urshifu\n|-supereffective|p2a: Urshifu\n|-damage|p2a: Urshifu|10\/100\n|-damage|p1b: Iron Hands|37\/100|[from] Recoil\n|move|p2b: Chi-Yu|Snarl|p1a: Urshifu|[spread] p1b\n|-activate|p1a: Urshifu|move: Protect\n|-resisted|p1b: Iron Hands\n|-damage|p1b: Iron Hands|25\/100\n|-unboost|p1b: Iron Hands|spa|1\n|\n|-sideend|p1: blazingfox4|move: Tailwind\n|upkeep\n|turn|5\n|\n|t:|1701040590\n|move|p1a: Urshifu|Aqua Jet|p2a: Urshifu\n|-resisted|p2a: Urshifu\n|-damage|p2a: Urshifu|0 fnt\n|faint|p2a: Urshifu\n|move|p2b: Chi-Yu|Snarl|p1b: Iron Hands|[spread] p1a,p1b\n|-resisted|p1a: Urshifu\n|-resisted|p1b: Iron Hands\n|-damage|p1a: Urshifu|10\/100\n|-damage|p1b: Iron Hands|14\/100\n|-unboost|p1a: Urshifu|spa|1\n|-unboost|p1b: Iron Hands|spa|1\n|move|p1b: Iron Hands|Wild Charge|p2b: Chi-Yu\n|-supereffective|p2b: Chi-Yu\n|-damage|p2b: Chi-Yu|0 fnt\n|faint|p2b: Chi-Yu\n|-damage|p1b: Iron Hands|2\/100|[from] Recoil\n|\n|win|blazingfox4\n|raw|blazingfox4's rating: 1237 &rarr; <strong>1256<\/strong><br \/>(+19 for winning)\n|raw|GAYRBALLS's rating: 1154 &rarr; <strong>1135<\/strong><br \/>(-19 for losing)\n|l|\u2606GAYRBALLS\n","uploadtime":1701040712,"views":2,"p1id":"blazingfox4","p2id":"gayrballs","formatid":"gen9vgc2023regulatione","rating":1135,"private":0,"password":""}