{"id":"gen9vgc2023regulatione-1999823962","p1":"Ozwald McFly","p2":"Schwbrett","format":"[Gen 9] VGC 2023 Regulation E","log":"|j|\u2606Ozwald McFly\n|j|\u2606Schwbrett\n|t:|1701120094\n|gametype|doubles\n|player|p1|Ozwald McFly|266|1398\n|player|p2|Schwbrett|nate|1378\n|teamsize|p1|6\n|teamsize|p2|6\n|gen|9\n|tier|[Gen 9] VGC 2023 Regulation E\n|rated|\n|rule|Species Clause: Limit one of each Pok\u00e9mon\n|rule|Item Clause: Limit one of each item\n|clearpoke\n|poke|p1|Noctowl, L50, F|\n|poke|p1|Sandy Shocks, L50|\n|poke|p1|Espeon, L50, F|\n|poke|p1|Indeedee-F, L50, F|\n|poke|p1|Iron Hands, L50|\n|poke|p1|Decidueye-Hisui, L50, M|\n|poke|p2|Tornadus, L50, M|\n|poke|p2|Flutter Mane, L50|\n|poke|p2|Regidrago, L50|\n|poke|p2|Heatran, L50, F|\n|poke|p2|Urshifu-*, L50, F|\n|poke|p2|Farigiraf, L50, M|\n|teampreview|4\n|\n|t:|1701120133\n|start\n|switch|p1a: Iron Hands|Iron Hands, L50|100\/100\n|switch|p1b: Indeedee|Indeedee-F, L50, F|100\/100\n|switch|p2a: Tornadus|Tornadus, L50, M|100\/100\n|switch|p2b: Regidrago|Regidrago, L50|100\/100\n|-fieldstart|move: Psychic Terrain|[from] ability: Psychic Surge|[of] p1b: Indeedee\n|turn|1\n|\n|t:|1701120170\n|-terastallize|p1b: Indeedee|Fairy\n|move|p2a: Tornadus|Bleakwind Storm|p1b: Indeedee|[spread] p1b\n|-miss|p2a: Tornadus|p1a: Iron Hands\n|-damage|p1b: Indeedee|65\/100\n|-unboost|p1b: Indeedee|spe|1\n|move|p2b: Regidrago|Dragon Energy|p1b: Indeedee|[spread] p1a\n|-immune|p1b: Indeedee\n|-damage|p1a: Iron Hands|50\/100\n|move|p1a: Iron Hands|Wild Charge|p2a: Tornadus\n|-supereffective|p2a: Tornadus\n|-enditem|p2a: Tornadus|Focus Sash\n|-damage|p2a: Tornadus|1\/100\n|-damage|p1a: Iron Hands|33\/100|[from] Recoil\n|move|p1b: Indeedee|Trick Room|p1b: Indeedee\n|-fieldstart|move: Trick Room|[of] p1b: Indeedee\n|\n|upkeep\n|turn|2\n|\n|t:|1701120197\n|move|p2b: Regidrago|Protect|p2b: Regidrago\n|-singleturn|p2b: Regidrago|Protect\n|move|p1a: Iron Hands|Drain Punch|p2b: Regidrago\n|-activate|p2b: Regidrago|move: Protect\n|move|p1b: Indeedee|Psyshock|p2a: Tornadus\n|-damage|p2a: Tornadus|0 fnt\n|faint|p2a: Tornadus\n|\n|upkeep\n|\n|t:|1701120208\n|switch|p2a: Farigiraf|Farigiraf, L50, M|100\/100\n|turn|3\n|\n|t:|1701120219\n|switch|p2b: Flutter Mane|Flutter Mane, L50|100\/100\n|-enditem|p2b: Flutter Mane|Booster Energy\n|-activate|p2b: Flutter Mane|ability: Protosynthesis|[fromitem]\n|-start|p2b: Flutter Mane|protosynthesisspa\n|move|p1b: Indeedee|Helping Hand|p1a: Iron Hands\n|-singleturn|p1a: Iron Hands|Helping Hand|[of] p1b: Indeedee\n|move|p1a: Iron Hands|Drain Punch|p2b: Flutter Mane\n|-immune|p2b: Flutter Mane\n|move|p2a: Farigiraf|Psychic|p1a: Iron Hands\n|-supereffective|p1a: Iron Hands\n|-damage|p1a: Iron Hands|0 fnt\n|faint|p1a: Iron Hands\n|-end|p1a: Iron Hands|Quark Drive|[silent]\n|\n|upkeep\n|\n|t:|1701120237\n|switch|p1a: Decidueye|Decidueye-Hisui, L50, M, shiny|100\/100\n|turn|4\n|\n|t:|1701120253\n|move|p2b: Flutter Mane|Protect|p2b: Flutter Mane\n|-singleturn|p2b: Flutter Mane|Protect\n|move|p1b: Indeedee|Follow Me|p1b: Indeedee\n|-singleturn|p1b: Indeedee|move: Follow Me\n|move|p1a: Decidueye|Leaf Blade|p2b: Flutter Mane\n|-activate|p2b: Flutter Mane|move: Protect\n|move|p2a: Farigiraf|Trick Room|p2a: Farigiraf\n|-fieldend|move: Trick Room\n|\n|upkeep\n|turn|5\n|\n|t:|1701120273\n|-terastallize|p2a: Farigiraf|Fairy\n|move|p1a: Decidueye|Protect|p1a: Decidueye\n|-singleturn|p1a: Decidueye|Protect\n|move|p2b: Flutter Mane|Dazzling Gleam|p1a: Decidueye|[spread] p1b\n|-activate|p1a: Decidueye|move: Protect\n|-damage|p1b: Indeedee|31\/100\n|-enditem|p1b: Indeedee|Sitrus Berry|[eat]\n|-heal|p1b: Indeedee|56\/100|[from] item: Sitrus Berry\n|move|p2a: Farigiraf|Dazzling Gleam|p1b: Indeedee|[spread] p1b\n|-activate|p1a: Decidueye|move: Protect\n|-damage|p1b: Indeedee|35\/100\n|move|p1b: Indeedee|Trick Room|p1b: Indeedee\n|-fieldstart|move: Trick Room|[of] p1b: Indeedee\n|\n|-fieldend|move: Psychic Terrain\n|upkeep\n|turn|6\n|\n|t:|1701120305\n|move|p1b: Indeedee|Follow Me|p1b: Indeedee\n|-singleturn|p1b: Indeedee|move: Follow Me\n|move|p1a: Decidueye|Leaf Blade|p2a: Farigiraf\n|-damage|p2a: Farigiraf|56\/100\n|-damage|p1a: Decidueye|84\/100|[from] item: Rocky Helmet|[of] p2a: Farigiraf\n|move|p2a: Farigiraf|Dazzling Gleam|p1a: Decidueye|[spread] p1a,p1b\n|-supereffective|p1a: Decidueye\n|-damage|p1a: Decidueye|38\/100\n|-damage|p1b: Indeedee|15\/100\n|move|p2b: Flutter Mane|Dazzling Gleam|p1b: Indeedee|[spread] p1a,p1b\n|-supereffective|p1a: Decidueye\n|-damage|p1a: Decidueye|0 fnt\n|-damage|p1b: Indeedee|0 fnt\n|faint|p1a: Decidueye\n|faint|p1b: Indeedee\n|\n|upkeep\n|\n|t:|1701120321\n|switch|p1b: Espeon|Espeon, L50, F|100\/100\n|turn|7\n|\n|t:|1701120328\n|move|p2a: Farigiraf|Dazzling Gleam|p1b: Espeon\n|-damage|p1b: Espeon|53\/100\n|move|p1b: Espeon|Shadow Ball|p2b: Flutter Mane\n|-supereffective|p2b: Flutter Mane\n|-damage|p2b: Flutter Mane|44\/100\n|move|p2b: Flutter Mane|Shadow Ball|p1b: Espeon\n|-supereffective|p1b: Espeon\n|-damage|p1b: Espeon|0 fnt\n|faint|p1b: Espeon\n|\n|win|Schwbrett\n|raw|Ozwald McFly's rating: 1398 &rarr; <strong>1377<\/strong><br \/>(-21 for losing)\n|raw|Schwbrett's rating: 1378 &rarr; <strong>1399<\/strong><br \/>(+21 for winning)\n|l|\u2606Schwbrett\n","uploadtime":1701120342,"views":1,"p1id":"ozwaldmcfly","p2id":"schwbrett","formatid":"gen9vgc2023regulatione","rating":1377,"private":0,"password":""}