{"id":"gen9vgc2023regulatione-1999444656","p1":"newusernovice","p2":"inori1zx","format":"[Gen 9] VGC 2023 Regulation E","log":"|j|\u2606newusernovice\n|j|\u2606inori1zx\n|t:|1701081563\n|gametype|doubles\n|player|p1|newusernovice|brawly|1467\n|player|p2|inori1zx|1|1557\n|teamsize|p1|6\n|teamsize|p2|6\n|gen|9\n|tier|[Gen 9] VGC 2023 Regulation E\n|rated|\n|rule|Species Clause: Limit one of each Pok\u00e9mon\n|rule|Item Clause: Limit one of each item\n|clearpoke\n|poke|p1|Urshifu-*, L50, M|\n|poke|p1|Ogerpon-Wellspring, L50, F|\n|poke|p1|Chien-Pao, L50|\n|poke|p1|Tornadus, L50, M|\n|poke|p1|Gholdengo, L50|\n|poke|p1|Dragapult, L50, M|\n|poke|p2|Flutter Mane, L50|\n|poke|p2|Ogerpon-Hearthflame, L50, F|\n|poke|p2|Tornadus, L50, M|\n|poke|p2|Chien-Pao, L50|\n|poke|p2|Arcanine-Hisui, L50, M|\n|poke|p2|Urshifu-*, L50, F|\n|teampreview|4\n|inactive|Battle timer is ON: inactive players will automatically lose when time's up. (requested by newusernovice)\n|inactive|newusernovice has 60 seconds left.\n|inactive|inori1zx has 60 seconds left.\n|\n|t:|1701081624\n|start\n|switch|p1a: Tornadus|Tornadus, L50, M, shiny|100\/100\n|switch|p1b: Urshifu|Urshifu, L50, M|100\/100\n|switch|p2a: Tornadus|Tornadus, L50, M|100\/100\n|switch|p2b: Arcanine|Arcanine-Hisui, L50, M|100\/100\n|-ability|p2b: Arcanine|Intimidate|boost\n|-unboost|p1a: Tornadus|atk|1\n|-unboost|p1b: Urshifu|atk|1\n|turn|1\n|\n|t:|1701081636\n|-terastallize|p1b: Urshifu|Dark\n|move|p1a: Tornadus|Tailwind|p1a: Tornadus\n|-sidestart|p1: newusernovice|move: Tailwind\n|move|p2a: Tornadus|Tailwind|p2a: Tornadus\n|-sidestart|p2: inori1zx|move: Tailwind\n|move|p1b: Urshifu|Wicked Blow|p2a: Tornadus\n|-crit|p2a: Tornadus\n|-damage|p2a: Tornadus|16\/100\n|move|p2b: Arcanine|Rock Slide|p1a: Tornadus|[spread] p1a,p1b\n|-supereffective|p1a: Tornadus\n|-damage|p1a: Tornadus|14\/100\n|-damage|p1b: Urshifu|73\/100\n|\n|upkeep\n|turn|2\n|\n|t:|1701081657\n|move|p1a: Tornadus|Icy Wind|p2a: Tornadus|[spread] p2a,p2b\n|-supereffective|p2a: Tornadus\n|-resisted|p2b: Arcanine\n|-damage|p2a: Tornadus|0 fnt\n|-damage|p2b: Arcanine|96\/100\n|-unboost|p2b: Arcanine|spe|1\n|faint|p2a: Tornadus\n|move|p1b: Urshifu|Close Combat|p2b: Arcanine\n|-supereffective|p2b: Arcanine\n|-damage|p2b: Arcanine|0 fnt\n|-unboost|p1b: Urshifu|def|1\n|-unboost|p1b: Urshifu|spd|1\n|faint|p2b: Arcanine\n|\n|upkeep\n|\n|t:|1701081665\n|switch|p2a: Chien-Pao|Chien-Pao, L50|100\/100\n|switch|p2b: Ogerpon|Ogerpon-Hearthflame, L50, F|100\/100\n|-ability|p2a: Chien-Pao|Sword of Ruin\n|-ability|p2b: Ogerpon|Mold Breaker\n|turn|3\n|\n|t:|1701081684\n|move|p2a: Chien-Pao|Icicle Crash|p1a: Tornadus\n|-supereffective|p1a: Tornadus\n|-damage|p1a: Tornadus|0 fnt\n|faint|p1a: Tornadus\n|move|p2b: Ogerpon|Horn Leech|p1b: Urshifu\n|-damage|p1b: Urshifu|0 fnt\n|faint|p1b: Urshifu\n|\n|upkeep\n|\n|t:|1701081692\n|switch|p1a: Chien-Pao|Chien-Pao, L50|100\/100\n|switch|p1b: Dragapult|Dragapult, L50, M, shiny|100\/100\n|-ability|p1a: Chien-Pao|Sword of Ruin\n|turn|4\n|inactive|newusernovice has 30 seconds left.\n|inactive|inori1zx has 30 seconds left.\n|inactive|newusernovice has 20 seconds left.\n|inactive|inori1zx has 20 seconds left.\n|inactive|newusernovice has 15 seconds left.\n|inactive|newusernovice has 10 seconds left.\n|inactive|newusernovice has 5 seconds left.\n|\n|t:|1701081746\n|-terastallize|p2b: Ogerpon|Fire\n|detailschange|p2b: Ogerpon|Ogerpon-Hearthflame-Tera, L50, F, tera:Fire\n|-ability|p2b: Ogerpon|Embody Aspect (Hearthflame)|boost\n|-boost|p2b: Ogerpon|atk|1\n|move|p1b: Dragapult|Sucker Punch|p2b: Ogerpon\n|-damage|p2b: Ogerpon|37\/100\n|move|p2a: Chien-Pao|Icicle Crash|p1b: Dragapult|[miss]\n|-miss|p2a: Chien-Pao|p1b: Dragapult\n|move|p1a: Chien-Pao|Lash Out|p2b: Ogerpon\n|-damage|p2b: Ogerpon|0 fnt\n|faint|p2b: Ogerpon\n|-damage|p1a: Chien-Pao|91\/100|[from] item: Life Orb\n|\n|-sideend|p2: inori1zx|move: Tailwind\n|-sideend|p1: newusernovice|move: Tailwind\n|upkeep\n|turn|5\n|-message|inori1zx forfeited.\n|\n|win|newusernovice\n|raw|newusernovice's rating: 1467 &rarr; <strong>1492<\/strong><br \/>(+25 for winning)\n|raw|inori1zx's rating: 1557 &rarr; <strong>1532<\/strong><br \/>(-25 for losing)\n|l|\u2606inori1zx\n","uploadtime":1701081786,"views":6,"p1id":"newusernovice","p2id":"inori1zx","formatid":"gen9vgc2023regulatione","rating":1492,"private":0,"password":""}