{"id":"gen9vgc2023regulatione-1993178174","p1":"reve","p2":"Nosirplease","format":"[Gen 9] VGC 2023 Regulation E","log":"|j|\u2606reve\n|j|\u2606Nosirplease\n|t:|1700274348\n|gametype|doubles\n|player|p1|reve|1|1369\n|player|p2|Nosirplease|1|1305\n|teamsize|p1|6\n|teamsize|p2|6\n|gen|9\n|tier|[Gen 9] VGC 2023 Regulation E\n|rated|\n|rule|Species Clause: Limit one of each Pok\u00e9mon\n|rule|Item Clause: Limit one of each item\n|clearpoke\n|poke|p1|Ninetales-Alola, L50, F|\n|poke|p1|Chesnaught, L50, F|\n|poke|p1|Arcanine-Hisui, L50, F|\n|poke|p1|Gallade, L50, M|\n|poke|p1|Empoleon, L50, F|\n|poke|p1|Moltres-Galar, L50|\n|poke|p2|Espathra, L50, M|\n|poke|p2|Dragonite, L50, M|\n|poke|p2|Chien-Pao, L50|\n|poke|p2|Ogerpon, L50, F|\n|poke|p2|Iron Bundle, L50|\n|poke|p2|Heatran, L50, M|\n|teampreview|4\n|inactive|Battle timer is ON: inactive players will automatically lose when time's up. (requested by Nosirplease)\n|\n|t:|1700274368\n|start\n|switch|p1a: Empoleon|Empoleon, L50, F|100\/100\n|switch|p1b: Gallade|Gallade, L50, M|100\/100\n|switch|p2a: Espathra|Espathra, L50, M|100\/100\n|switch|p2b: Iron Bundle|Iron Bundle, L50|100\/100\n|turn|1\n|\n|t:|1700274381\n|move|p2b: Iron Bundle|Fling|p2a: Espathra\n|-supereffective|p2a: Espathra\n|-damage|p2a: Espathra|95\/100\n|-enditem|p2a: Espathra|Weakness Policy\n|-boost|p2a: Espathra|atk|2|[from] item: Weakness Policy\n|-boost|p2a: Espathra|spa|2|[from] item: Weakness Policy\n|-enditem|p2b: Iron Bundle|Choice Scarf|[from] move: Fling\n|move|p2a: Espathra|Calm Mind|p2a: Espathra\n|-boost|p2a: Espathra|spa|1\n|-boost|p2a: Espathra|spd|1\n|move|p1b: Gallade|Sacred Sword|p2b: Iron Bundle\n|-supereffective|p2b: Iron Bundle\n|-damage|p2b: Iron Bundle|0 fnt\n|faint|p2b: Iron Bundle\n|-end|p2b: Iron Bundle|Quark Drive|[silent]\n|move|p1a: Empoleon|Hydro Pump|p2a: Espathra\n|-damage|p2a: Espathra|41\/100\n|\n|-ability|p2a: Espathra|Speed Boost|boost\n|-boost|p2a: Espathra|spe|1\n|upkeep\n|\n|t:|1700274400\n|switch|p2b: Chien-Pao|Chien-Pao, L50|100\/100\n|-ability|p2b: Chien-Pao|Sword of Ruin\n|turn|2\n|\n|t:|1700274411\n|switch|p1a: Chesnaught|Chesnaught, L50, F|100\/100\n|move|p2a: Espathra|Protect|p2a: Espathra\n|-singleturn|p2a: Espathra|Protect\n|move|p2b: Chien-Pao|Protect|p2b: Chien-Pao\n|-singleturn|p2b: Chien-Pao|Protect\n|move|p1b: Gallade|Leaf Blade|p2a: Espathra\n|-activate|p2a: Espathra|move: Protect\n|\n|-ability|p2a: Espathra|Speed Boost|boost\n|-boost|p2a: Espathra|spe|1\n|upkeep\n|turn|3\n|\n|t:|1700274432\n|-terastallize|p2a: Espathra|Fairy\n|move|p1a: Chesnaught|Spiky Shield|p1a: Chesnaught\n|-singleturn|p1a: Chesnaught|move: Protect\n|move|p2a: Espathra|Dazzling Gleam|p1b: Gallade|[spread] p1b\n|-activate|p1a: Chesnaught|move: Protect\n|-supereffective|p1b: Gallade\n|-damage|p1b: Gallade|0 fnt\n|faint|p1b: Gallade\n|move|p2b: Chien-Pao|Ice Spinner|p1a: Chesnaught\n|-activate|p1a: Chesnaught|move: Protect\n|-damage|p2b: Chien-Pao|88\/100|[from] Spiky Shield|[of] p1a: Chesnaught\n|\n|-ability|p2a: Espathra|Speed Boost|boost\n|-boost|p2a: Espathra|spe|1\n|upkeep\n|\n|t:|1700274445\n|switch|p1b: Arcanine|Arcanine-Hisui, L50, F|100\/100\n|turn|4\n|\n|t:|1700274454\n|-terastallize|p1a: Chesnaught|Fire\n|move|p2a: Espathra|Stored Power|p1b: Arcanine\n|-damage|p1b: Arcanine|0 fnt\n|faint|p1b: Arcanine\n|move|p2b: Chien-Pao|Ice Spinner|p1a: Chesnaught\n|-resisted|p1a: Chesnaught\n|-damage|p1a: Chesnaught|87\/100\n|move|p1a: Chesnaught|Drain Punch|p2b: Chien-Pao\n|-supereffective|p2b: Chien-Pao\n|-damage|p2b: Chien-Pao|0 fnt\n|-heal|p1a: Chesnaught|100\/100|[from] drain|[of] p2b: Chien-Pao\n|faint|p2b: Chien-Pao\n|\n|-ability|p2a: Espathra|Speed Boost|boost\n|-boost|p2a: Espathra|spe|1\n|upkeep\n|\n|t:|1700274470\n|switch|p2b: Dragonite|Dragonite, L50, M|100\/100\n|switch|p1b: Empoleon|Empoleon, L50, F|100\/100\n|turn|5\n|\n|t:|1700274482\n|move|p2a: Espathra|Protect|p2a: Espathra\n|-singleturn|p2a: Espathra|Protect\n|move|p2b: Dragonite|Earthquake|p1b: Empoleon|[spread] p1a,p1b\n|-activate|p2a: Espathra|move: Protect\n|-supereffective|p1a: Chesnaught\n|-supereffective|p1b: Empoleon\n|-damage|p1a: Chesnaught|54\/100\n|-damage|p1b: Empoleon|17\/100\n|move|p1a: Chesnaught|Leech Seed|p2b: Dragonite\n|-start|p2b: Dragonite|move: Leech Seed\n|move|p1b: Empoleon|Flash Cannon|p2a: Espathra\n|-activate|p2a: Espathra|move: Protect\n|\n|-heal|p1a: Chesnaught|60\/100|[from] item: Leftovers\n|-damage|p2b: Dragonite|88\/100|[from] Leech Seed|[of] p1a: Chesnaught\n|-heal|p1a: Chesnaught|73\/100|[silent]\n|-ability|p2a: Espathra|Speed Boost|boost\n|-boost|p2a: Espathra|spe|1\n|upkeep\n|turn|6\n|\n|t:|1700274504\n|move|p2a: Espathra|Dazzling Gleam|p1a: Chesnaught|[spread] p1a,p1b\n|-resisted|p1a: Chesnaught\n|-resisted|p1b: Empoleon\n|-damage|p1a: Chesnaught|42\/100\n|-damage|p1b: Empoleon|1\/100\n|move|p2b: Dragonite|Earthquake|p1b: Empoleon|[spread] p2a,p1a,p1b\n|-supereffective|p1a: Chesnaught\n|-supereffective|p1b: Empoleon\n|-damage|p2a: Espathra|0 fnt\n|-damage|p1a: Chesnaught|0 fnt\n|-damage|p1b: Empoleon|0 fnt\n|faint|p2a: Espathra\n|faint|p1a: Chesnaught\n|faint|p1b: Empoleon\n|\n|win|Nosirplease\n|raw|reve's rating: 1369 &rarr; <strong>1345<\/strong><br \/>(-24 for losing)\n|raw|Nosirplease's rating: 1305 &rarr; <strong>1329<\/strong><br \/>(+24 for winning)\n|l|\u2606reve\n","uploadtime":1700274534,"views":17,"p1id":"reve","p2id":"nosirplease","formatid":"gen9vgc2023regulatione","rating":1329,"private":0,"password":""}