{"id":"gen9vgc2023regulatione-1990791799","p1":"Aox93","p2":"PureNeutral","format":"[Gen 9] VGC 2023 Regulation E","log":"|j|\u2606Aox93\n|j|\u2606PureNeutral\n|n|\u2606Aox93|aox93\n|n|\u2606PureNeutral|pureneutral\n|html|View the match progress at <a href=\"\/game-bestof3-gen9vgc2023regulatione-1990787838\">game-bestof3-gen9vgc2023regulatione-1990787838<\/a>\n|t:|1700001256\n|gametype|doubles\n|player|p1|Aox93|cynthia-gen4|\n|player|p2|PureNeutral|elesa|\n|teamsize|p1|6\n|teamsize|p2|6\n|gen|9\n|tier|[Gen 9] VGC 2023 Regulation E\n|rule|Species Clause: Limit one of each Pok\u00e9mon\n|rule|Item Clause: Limit one of each item\n|clearpoke\n|poke|p1|Torkoal, L50, F|\n|poke|p1|Lilligant-Hisui, L50, F|\n|poke|p1|Armarouge, L50, M|\n|poke|p1|Indeedee, L50, M|\n|poke|p1|Sneasler, L50, M|\n|poke|p1|Luxray, L50, F|\n|poke|p2|Weavile, L50, M|\n|poke|p2|Jumpluff, L50, F|\n|poke|p2|Brute Bonnet, L50|\n|poke|p2|Flutter Mane, L50|\n|poke|p2|Charjabug, L50, F|\n|poke|p2|Espeon, L50, F|\n|teampreview|4\n|j| downfall18\n|c| downfall18|Woah sneasler has a sprite\n|j| pokemon_and_beer\n|c| pokemon_and_beer|Glhf\n|c| pokemon_and_beer|And a shiny one at that\n|\n|t:|1700001330\n|start\n|switch|p1a: Sneasler|Sneasler, L50, M, shiny|100\/100\n|switch|p1b: Armarouge|Armarouge, L50, M|100\/100\n|switch|p2a: She\/Her|Jumpluff, L50, F, shiny|100\/100\n|switch|p2b: They\/Them|Brute Bonnet, L50|100\/100\n|turn|1\n|\n|t:|1700001373\n|-terastallize|p1b: Armarouge|Grass\n|move|p1a: Sneasler|Dire Claw|p2b: They\/Them\n|-supereffective|p2b: They\/Them\n|-damage|p2b: They\/Them|42\/100\n|-status|p2b: They\/Them|slp\n|-damage|p1a: Sneasler|84\/100|[from] item: Rocky Helmet|[of] p2b: They\/Them\n|move|p2a: She\/Her|Pollen Puff|p1b: Armarouge\n|-supereffective|p1b: Armarouge\n|-crit|p1b: Armarouge\n|-damage|p1b: Armarouge|59\/100\n|cant|p2b: They\/Them|slp\n|move|p1b: Armarouge|Trick Room|p1b: Armarouge\n|-fieldstart|move: Trick Room|[of] p1b: Armarouge\n|\n|upkeep\n|turn|2\n|c| downfall18|The dire claw strikes!!\n|c|\u2606PureNeutral|big dire claw strike too\n|\n|t:|1700001465\n|switch|p1a: Torkoal|Torkoal, L50, F, shiny|100\/100\n|-weather|SunnyDay|[from] ability: Drought|[of] p1a: Torkoal\n|-activate|p2b: They\/Them|ability: Protosynthesis\n|-start|p2b: They\/Them|protosynthesisatk\n|-curestatus|p2b: They\/Them|slp|[msg]\n|move|p2b: They\/Them|Sucker Punch|p1b: Armarouge\n|-crit|p1b: Armarouge\n|-damage|p1b: Armarouge|0 fnt\n|faint|p1b: Armarouge\n|move|p2a: She\/Her|Sleep Powder|p1a: Torkoal\n|-status|p1a: Torkoal|slp|[from] move: Sleep Powder\n|\n|-weather|SunnyDay|[upkeep]\n|upkeep\n|c|\u2606Aox93|Wowwwwww\n|c|\u2606PureNeutral|that turned around fast\n|c|\u2606Aox93|Rngesus\n|\n|t:|1700001488\n|switch|p1b: Indeedee|Indeedee, L50, M, shiny|100\/100\n|-fieldstart|move: Psychic Terrain|[from] ability: Psychic Surge|[of] p1b: Indeedee\n|turn|3\n|\n|t:|1700001512\n|-end|p2b: They\/Them|Protosynthesis|[silent]\n|switch|p2b: AC\/DC|Charjabug, L50, F, shiny|100\/100\n|cant|p1a: Torkoal|slp\n|move|p1b: Indeedee|Psychic|p2a: She\/Her\n|-damage|p2a: She\/Her|43\/100\n|move|p2a: She\/Her|Pollen Puff|p1b: Indeedee\n|-supereffective|p1b: Indeedee\n|-damage|p1b: Indeedee|52\/100\n|\n|-weather|SunnyDay|[upkeep]\n|upkeep\n|turn|4\n|\n|t:|1700001533\n|-terastallize|p2b: AC\/DC|Dark\n|-curestatus|p1a: Torkoal|slp|[msg]\n|move|p1a: Torkoal|Eruption|p2b: AC\/DC|[spread] p2a,p2b\n|-supereffective|p2a: She\/Her\n|-damage|p2a: She\/Her|0 fnt\n|-damage|p2b: AC\/DC|38\/100\n|faint|p2a: She\/Her\n|move|p2b: AC\/DC|Struggle Bug|p1a: Torkoal|[spread] p1a,p1b\n|-resisted|p1a: Torkoal\n|-supereffective|p1b: Indeedee\n|-damage|p1a: Torkoal|95\/100\n|-damage|p1b: Indeedee|30\/100\n|-unboost|p1a: Torkoal|spa|1\n|-unboost|p1b: Indeedee|spa|1\n|move|p1b: Indeedee|Psychic|p2b: AC\/DC\n|-immune|p2b: AC\/DC\n|\n|-weather|SunnyDay|[upkeep]\n|upkeep\n|\n|t:|1700001547\n|switch|p2a: They\/Them|Brute Bonnet, L50|42\/100\n|-activate|p2a: They\/Them|ability: Protosynthesis\n|-start|p2a: They\/Them|protosynthesisatk\n|turn|5\n|\n|t:|1700001567\n|switch|p1b: Sneasler|Sneasler, L50, M, shiny|84\/100\n|-enditem|p1b: Sneasler|Psychic Seed\n|-boost|p1b: Sneasler|spd|1|[from] item: Psychic Seed\n|move|p1a: Torkoal|Eruption|p2a: They\/Them|[spread] p2a,p2b\n|-supereffective|p2a: They\/Them\n|-damage|p2a: They\/Them|0 fnt\n|-damage|p2b: AC\/DC|0 fnt\n|faint|p2a: They\/Them\n|-end|p2a: They\/Them|Protosynthesis|[silent]\n|faint|p2b: AC\/DC\n|\n|-weather|SunnyDay|[upkeep]\n|-fieldend|move: Trick Room\n|upkeep\n|\n|t:|1700001576\n|switch|p2b: A\/Problem|Flutter Mane, L50|100\/100\n|-activate|p2b: A\/Problem|ability: Protosynthesis\n|-start|p2b: A\/Problem|protosynthesisspa\n|turn|6\n|c| downfall18|Oh\n|\n|t:|1700001592\n|move|p1b: Sneasler|Dire Claw|p2b: A\/Problem\n|-damage|p2b: A\/Problem|30\/100\n|-status|p2b: A\/Problem|psn\n|move|p2b: A\/Problem|Dazzling Gleam|p1b: Sneasler|[spread] p1a,p1b\n|-resisted|p1a: Torkoal\n|-damage|p1a: Torkoal|51\/100\n|-damage|p1b: Sneasler|25\/100\n|move|p1a: Torkoal|Eruption|p2b: A\/Problem\n|-damage|p2b: A\/Problem|0 fnt\n|faint|p2b: A\/Problem\n|-end|p2b: A\/Problem|Protosynthesis|[silent]\n|\n|win|Aox93\n|inactive|Aox93 has 50 seconds to confirm battle start!\n|inactive|PureNeutral has 50 seconds to confirm battle start!\n|c|&|\/uhtml prompt-pureneutral,PureNeutral is ready for game 3!\n|c|&|\/uhtml prompt-aox93,Aox93 is ready for game 3!\nBoth players are ready! Starting next match!\n|c| pokemon_and_beer|GG!\n|l| pokemon_and_beer\n|j| pokemon_and_beer\n|l| pokemon_and_beer\n|l| downfall18\n","uploadtime":1700002212,"views":17,"p1id":"aox93","p2id":"pureneutral","formatid":"gen9vgc2023regulatione","rating":0,"private":0,"password":""}