{"id":"gen9vgc2023regulatione-1988908316","p1":"N05ta1gia","p2":"XpoZed101","format":"[Gen 9] VGC 2023 Regulation E","log":"|j|\u2606N05ta1gia\n|j|\u2606XpoZed101\n|t:|1699785651\n|gametype|doubles\n|player|p1|N05ta1gia|266|1100\n|player|p2|XpoZed101|clair|1121\n|teamsize|p1|6\n|teamsize|p2|6\n|gen|9\n|tier|[Gen 9] VGC 2023 Regulation E\n|rated|\n|rule|Species Clause: Limit one of each Pok\u00e9mon\n|rule|Item Clause: Limit one of each item\n|clearpoke\n|poke|p1|Dusclops, L50, F|\n|poke|p1|Gallade, L50, M|\n|poke|p1|Heatran, L50, M|\n|poke|p1|Rillaboom, L50, F|\n|poke|p1|Tyranitar, L50, M|\n|poke|p1|Enamorus-Therian, L50, F|\n|poke|p2|Ceruledge, L50, M|\n|poke|p2|Ogerpon-Wellspring, L50, F|\n|poke|p2|Landorus-Therian, L50, M|\n|poke|p2|Rillaboom, L50, M|\n|poke|p2|Tornadus, L50, M|\n|poke|p2|Iron Hands, L50|\n|teampreview|4\nN05ta1gia has agreed to open team sheets.\n|\n|t:|1699785701\n|start\n|switch|p1a: Dusclops|Dusclops, L50, F|100\/100\n|switch|p1b: Rillaboom|Rillaboom, L50, F|100\/100\n|switch|p2a: Ceruledge|Ceruledge, L50, M, shiny|100\/100\n|switch|p2b: Landorus|Landorus-Therian, L50, M|100\/100\n|-ability|p2b: Landorus|Intimidate|boost\n|-unboost|p1a: Dusclops|atk|1\n|-unboost|p1b: Rillaboom|atk|1\n|-fieldstart|move: Grassy Terrain|[from] ability: Grassy Surge|[of] p1b: Rillaboom\n|-ability|p1a: Dusclops|Pressure\n|turn|1\n|\n|t:|1699785737\n|switch|p1b: Enamorus|Enamorus-Therian, L50, F|100\/100\n|move|p2b: Landorus|U-turn|p1a: Dusclops\n|-resisted|p1a: Dusclops\n|-damage|p1a: Dusclops|92\/100\n|\n|t:|1699785746\n|switch|p2b: Iron Hands|Iron Hands, L50|100\/100|[from] U-turn\n|move|p2a: Ceruledge|Bitter Blade|p1b: Enamorus\n|-damage|p1b: Enamorus|52\/100\n|-damage|p2a: Ceruledge|84\/100|[from] item: Rocky Helmet|[of] p1b: Enamorus\n|move|p1a: Dusclops|Trick Room|p1a: Dusclops\n|-fieldstart|move: Trick Room|[of] p1a: Dusclops\n|\n|-heal|p1a: Dusclops|98\/100|[from] Grassy Terrain\n|-heal|p2a: Ceruledge|90\/100|[from] Grassy Terrain\n|upkeep\n|turn|2\n|\n|t:|1699785781\n|-terastallize|p1b: Enamorus|Flying\n|move|p2b: Iron Hands|Fake Out|p1b: Enamorus\n|-damage|p1b: Enamorus|37\/100\n|-damage|p2b: Iron Hands|84\/100|[from] item: Rocky Helmet|[of] p1b: Enamorus\n|move|p1a: Dusclops|Pain Split|p1b: Enamorus\n|-sethp|p1b: Enamorus|59\/100|[from] move: Pain Split|[silent]\n|-sethp|p1a: Dusclops|72\/100|[from] move: Pain Split\n|cant|p1b: Enamorus|flinch\n|move|p2a: Ceruledge|Bitter Blade|p1b: Enamorus\n|-damage|p1b: Enamorus|15\/100\n|-heal|p2a: Ceruledge|100\/100|[from] drain|[of] p1b: Enamorus\n|-damage|p2a: Ceruledge|84\/100|[from] item: Rocky Helmet|[of] p1b: Enamorus\n|\n|-heal|p1a: Dusclops|78\/100|[from] Grassy Terrain\n|-heal|p2b: Iron Hands|90\/100|[from] Grassy Terrain\n|-heal|p2a: Ceruledge|90\/100|[from] Grassy Terrain\n|upkeep\n|turn|3\n|\n|t:|1699785817\n|move|p2a: Ceruledge|Shadow Sneak|p1b: Enamorus\n|-damage|p1b: Enamorus|0 fnt\n|-damage|p2a: Ceruledge|73\/100|[from] item: Rocky Helmet|[of] p1b: Enamorus\n|faint|p1b: Enamorus\n|move|p1a: Dusclops|Pain Split|p1: Enamorus|[notarget]\n|-fail|p1a: Dusclops\n|move|p2b: Iron Hands|Wild Charge|p1a: Dusclops\n|-damage|p1a: Dusclops|51\/100\n|-damage|p2b: Iron Hands|86\/100|[from] Recoil\n|\n|-heal|p1a: Dusclops|57\/100|[from] Grassy Terrain\n|-heal|p2b: Iron Hands|92\/100|[from] Grassy Terrain\n|-heal|p2a: Ceruledge|79\/100|[from] Grassy Terrain\n|upkeep\n|\n|t:|1699785829\n|switch|p1b: Gallade|Gallade, L50, M|100\/100\n|turn|4\n|\n|t:|1699785855\n|-end|p2b: Iron Hands|Quark Drive|[silent]\n|switch|p2b: Landorus|Landorus-Therian, L50, M|100\/100\n|-ability|p2b: Landorus|Intimidate|boost\n|-unboost|p1a: Dusclops|atk|1\n|-unboost|p1b: Gallade|atk|1\n|move|p2a: Ceruledge|Protect|p2a: Ceruledge\n|-singleturn|p2a: Ceruledge|Protect\n|move|p1a: Dusclops|Will-O-Wisp|p2b: Landorus\n|-status|p2b: Landorus|brn\n|move|p1b: Gallade|Aqua Cutter|p2a: Ceruledge\n|-activate|p2a: Ceruledge|move: Protect\n|\n|-heal|p1a: Dusclops|63\/100|[from] Grassy Terrain\n|-heal|p2a: Ceruledge|85\/100|[from] Grassy Terrain\n|-damage|p2b: Landorus|94\/100 brn|[from] brn\n|upkeep\n|turn|5\n|\n|t:|1699785890\n|move|p1a: Dusclops|Haze|p1a: Dusclops\n|-clearallboost\n|move|p1b: Gallade|Aqua Cutter|p2a: Ceruledge\n|-supereffective|p2a: Ceruledge\n|-damage|p2a: Ceruledge|0 fnt\n|faint|p2a: Ceruledge\n|move|p2b: Landorus|U-turn|p1b: Gallade\n|-damage|p1b: Gallade|81\/100\n|\n|t:|1699785900\n|switch|p2b: Ogerpon|Ogerpon-Wellspring, L50, F|100\/100|[from] U-turn\n|\n|-heal|p1a: Dusclops|69\/100|[from] Grassy Terrain\n|-heal|p1b: Gallade|87\/100|[from] Grassy Terrain\n|-fieldend|move: Trick Room\n|-fieldend|move: Grassy Terrain\n|upkeep\n|\n|t:|1699785907\n|switch|p2a: Iron Hands|Iron Hands, L50|92\/100\n|turn|6\n|\n|t:|1699785917\n|-terastallize|p2b: Ogerpon|Water\n|detailschange|p2b: Ogerpon|Ogerpon-Wellspring-Tera, L50, F, tera:Water\n|-ability|p2b: Ogerpon|Embody Aspect (Wellspring)|boost\n|-boost|p2b: Ogerpon|spd|1\n|move|p1b: Gallade|Protect|p1b: Gallade\n|-singleturn|p1b: Gallade|Protect\n|move|p2a: Iron Hands|Fake Out|p1b: Gallade\n|-activate|p1b: Gallade|move: Protect\n|move|p2b: Ogerpon|Ivy Cudgel|p1b: Gallade\n|-activate|p1b: Gallade|move: Protect\n|move|p1a: Dusclops|Trick Room|p1a: Dusclops\n|-fieldstart|move: Trick Room|[of] p1a: Dusclops\n|\n|upkeep\n|turn|7\n|\n|t:|1699785936\n|move|p1a: Dusclops|Will-O-Wisp|p2b: Ogerpon\n|-status|p2b: Ogerpon|brn\n|move|p2a: Iron Hands|Wild Charge|p1b: Gallade\n|-damage|p1b: Gallade|6\/100\n|-damage|p2a: Iron Hands|79\/100|[from] Recoil\n|move|p1b: Gallade|Psycho Cut|p2a: Iron Hands\n|-supereffective|p2a: Iron Hands\n|-damage|p2a: Iron Hands|0 fnt\n|faint|p2a: Iron Hands\n|-end|p2a: Iron Hands|Quark Drive|[silent]\n|move|p2b: Ogerpon|Ivy Cudgel|p1b: Gallade\n|-damage|p1b: Gallade|0 fnt\n|faint|p1b: Gallade\n|\n|-damage|p2b: Ogerpon|95\/100 brn|[from] brn\n|upkeep\n|\n|t:|1699785950\n|switch|p2a: Landorus|Landorus-Therian, L50, M|94\/100 brn\n|switch|p1b: Rillaboom|Rillaboom, L50, F|100\/100\n|-fieldstart|move: Grassy Terrain|[from] ability: Grassy Surge|[of] p1b: Rillaboom\n|-ability|p2a: Landorus|Intimidate|boost\n|-unboost|p1a: Dusclops|atk|1\n|-unboost|p1b: Rillaboom|atk|1\n|turn|8\n|\n|t:|1699785969\n|move|p1a: Dusclops|Haze|p1a: Dusclops\n|-clearallboost\n|move|p1b: Rillaboom|Wood Hammer|p2b: Ogerpon\n|-supereffective|p2b: Ogerpon\n|-damage|p2b: Ogerpon|0 fnt\n|faint|p2b: Ogerpon\n|-damage|p1b: Rillaboom|72\/100|[from] Recoil\n|move|p2a: Landorus|Rock Slide|p1a: Dusclops|[spread] p1a,p1b\n|-damage|p1a: Dusclops|63\/100\n|-damage|p1b: Rillaboom|59\/100\n|\n|-heal|p1a: Dusclops|69\/100|[from] Grassy Terrain\n|-heal|p1b: Rillaboom|65\/100|[from] Grassy Terrain\n|-damage|p2a: Landorus|88\/100 brn|[from] brn\n|upkeep\n|turn|9\n|-message|XpoZed101 forfeited.\n|\n|win|N05ta1gia\n|raw|N05ta1gia's rating: 1100 &rarr; <strong>1127<\/strong><br \/>(+27 for winning)\n|raw|XpoZed101's rating: 1121 &rarr; <strong>1094<\/strong><br \/>(-27 for losing)\n|l|\u2606XpoZed101\n","uploadtime":1699785987,"views":15,"p1id":"n05ta1gia","p2id":"xpozed101","formatid":"gen9vgc2023regulatione","rating":1094,"private":0,"password":""}