{"id":"gen9vgc2023regulatione-1990261468","p1":"qz231114","p2":"murd0ch","format":"[Gen 9] VGC 2023 Regulation E","log":"|j|\u2606qz231114\n|j|\u2606murd0ch\n|t:|1699946636\n|gametype|doubles\n|player|p1|qz231114|102|1220\n|player|p2|murd0ch|palmer|1270\n|teamsize|p1|6\n|teamsize|p2|6\n|gen|9\n|tier|[Gen 9] VGC 2023 Regulation E\n|rated|\n|rule|Species Clause: Limit one of each Pok\u00e9mon\n|rule|Item Clause: Limit one of each item\n|clearpoke\n|poke|p1|Tornadus, L50, M|\n|poke|p1|Volcarona, L50, M|\n|poke|p1|Basculegion, L50, M|\n|poke|p1|Ludicolo, L50, M|\n|poke|p1|Scizor, L50, M|\n|poke|p1|Flutter Mane, L50|\n|poke|p2|Landorus-Therian, L50, M|\n|poke|p2|Spectrier, L50|\n|poke|p2|Grimmsnarl, L50, M|\n|poke|p2|Farigiraf, L50, M|\n|poke|p2|Ogerpon-Wellspring, L50, F|\n|poke|p2|Heatran, L50, F|\n|teampreview|4\n|inactive|Battle timer is ON: inactive players will automatically lose when time's up. (requested by murd0ch)\n|inactive|murd0ch has 60 seconds left.\nqz231114 rejected open team sheets.\n|inactive|murd0ch has 30 seconds left.\n|\n|t:|1699946705\n|start\n|switch|p1a: Tornadus|Tornadus, L50, M|100\/100\n|switch|p1b: Basculegion|Basculegion, L50, M|100\/100\n|switch|p2a: Grimmsnarl|Grimmsnarl, L50, M|100\/100\n|switch|p2b: Farigiraf|Farigiraf, L50, M|100\/100\n|turn|1\n|\n|t:|1699946723\n|-terastallize|p1b: Basculegion|Water\n|move|p1a: Tornadus|Rain Dance|p1a: Tornadus\n|-weather|RainDance\n|move|p2a: Grimmsnarl|Reflect|p2a: Grimmsnarl\n|-sidestart|p2: murd0ch|Reflect\n|move|p1b: Basculegion|Wave Crash|p2b: Farigiraf\n|-damage|p2b: Farigiraf|4\/100\n|-damage|p1b: Basculegion|64\/100|[from] Recoil\n|move|p2b: Farigiraf|Trick Room|p2b: Farigiraf\n|-fieldstart|move: Trick Room|[of] p2b: Farigiraf\n|\n|-weather|RainDance|[upkeep]\n|upkeep\n|turn|2\n|j| DarkRinoRex\n|\n|t:|1699946739\n|switch|p2b: Ogerpon|Ogerpon-Wellspring, L50, F|100\/100\n|switch|p1b: Volcarona|Volcarona, L50, M|100\/100\n|move|p2a: Grimmsnarl|Spirit Break|p1b: Volcarona\n|-resisted|p1b: Volcarona\n|-damage|p1b: Volcarona|87\/100\n|-unboost|p1b: Volcarona|spa|1\n|-damage|p2a: Grimmsnarl|84\/100|[from] item: Rocky Helmet|[of] p1b: Volcarona\n|move|p1a: Tornadus|Bleakwind Storm|p2b: Ogerpon|[spread] p2a,p2b\n|-supereffective|p2b: Ogerpon\n|-damage|p2a: Grimmsnarl|51\/100\n|-damage|p2b: Ogerpon|18\/100\n|\n|-weather|RainDance|[upkeep]\n|upkeep\n|turn|3\n|inactive|murd0ch has 30 seconds left.\n|inactive|murd0ch has 20 seconds left.\n|inactive|murd0ch has 15 seconds left.\n|\n|t:|1699946780\n|move|p2b: Ogerpon|Spiky Shield|p2b: Ogerpon\n|-singleturn|p2b: Ogerpon|move: Protect\n|move|p2a: Grimmsnarl|Light Screen|p2a: Grimmsnarl\n|-sidestart|p2: murd0ch|move: Light Screen\n|move|p1b: Volcarona|Hurricane|p2b: Ogerpon\n|-activate|p2b: Ogerpon|move: Protect\n|move|p1a: Tornadus|Bleakwind Storm|p2b: Ogerpon|[spread] p2a\n|-activate|p2b: Ogerpon|move: Protect\n|-damage|p2a: Grimmsnarl|27\/100\n|\n|-weather|RainDance|[upkeep]\n|upkeep\n|turn|4\n|\n|t:|1699946797\n|move|p2a: Grimmsnarl|Parting Shot|p1a: Tornadus\n|-unboost|p1a: Tornadus|atk|1\n|-unboost|p1a: Tornadus|spa|1\n|\n|t:|1699946800\n|switch|p2a: Heatran|Heatran, L50, F|100\/100|[from] Parting Shot\n|move|p1b: Volcarona|Hurricane|p2b: Ogerpon\n|-supereffective|p2b: Ogerpon\n|-damage|p2b: Ogerpon|0 fnt\n|faint|p2b: Ogerpon\n|move|p1a: Tornadus|Bleakwind Storm|p2a: Heatran\n|-resisted|p2a: Heatran\n|-damage|p2a: Heatran|90\/100\n|\n|-weather|RainDance|[upkeep]\n|upkeep\n|\n|t:|1699946807\n|switch|p2b: Farigiraf|Farigiraf, L50, M|4\/100\n|turn|5\n|\n|t:|1699946816\n|move|p1a: Tornadus|Tailwind|p1a: Tornadus\n|-sidestart|p1: qz231114|move: Tailwind\n|move|p2b: Farigiraf|Psychic|p1a: Tornadus\n|-damage|p1a: Tornadus|61\/100\n|move|p2a: Heatran|Earth Power|p1b: Volcarona\n|-damage|p1b: Volcarona|57\/100\n|move|p1b: Volcarona|Quiver Dance|p1b: Volcarona\n|-boost|p1b: Volcarona|spa|1\n|-boost|p1b: Volcarona|spd|1\n|-boost|p1b: Volcarona|spe|1\n|\n|-weather|RainDance|[upkeep]\n|-fieldend|move: Trick Room\n|upkeep\n|turn|6\n|\n|t:|1699946836\n|move|p1b: Volcarona|Quiver Dance|p1b: Volcarona\n|-boost|p1b: Volcarona|spa|1\n|-boost|p1b: Volcarona|spd|1\n|-boost|p1b: Volcarona|spe|1\n|move|p1a: Tornadus|Bleakwind Storm|p2a: Heatran|[spread] p2a,p2b\n|-resisted|p2a: Heatran\n|-damage|p2a: Heatran|82\/100\n|-damage|p2b: Farigiraf|0 fnt\n|faint|p2b: Farigiraf\n|move|p2a: Heatran|Earth Power|p1b: Volcarona\n|-damage|p1b: Volcarona|41\/100\n|\n|-weather|RainDance|[upkeep]\n|upkeep\n|-message|murd0ch forfeited.\n|\n|win|qz231114\n|raw|qz231114's rating: 1198 &rarr; <strong>1228<\/strong><br \/>(+30 for winning)\n|raw|murd0ch's rating: 1270 &rarr; <strong>1240<\/strong><br \/>(-30 for losing)\n|l|\u2606murd0ch\n","uploadtime":1699946854,"views":17,"p1id":"qz231114","p2id":"murd0ch","formatid":"gen9vgc2023regulatione","rating":1228,"private":0,"password":""}