{"id":"gen9vgc2023regulatione-1989440903","p1":"luislm1995","p2":"Kzjhekz","format":"[Gen 9] VGC 2023 Regulation E","log":"|j|\u2606luislm1995\n|j|\u2606Kzjhekz\n|t:|1699850872\n|gametype|doubles\n|player|p1|luislm1995|riley|1055\n|player|p2|Kzjhekz|lance|1110\n|teamsize|p1|6\n|teamsize|p2|6\n|gen|9\n|tier|[Gen 9] VGC 2023 Regulation E\n|rated|\n|rule|Species Clause: Limit one of each Pok\u00e9mon\n|rule|Item Clause: Limit one of each item\n|clearpoke\n|poke|p1|Tornadus, L50, M|\n|poke|p1|Clefairy, L50, F|\n|poke|p1|Grimmsnarl, L50, M|\n|poke|p1|Arcanine-Hisui, L50, M|\n|poke|p1|Urshifu-*, L50, F|\n|poke|p1|Regieleki, L50|\n|poke|p2|Flutter Mane, L50|\n|poke|p2|Tornadus, L50, M|\n|poke|p2|Rillaboom, L50, F|\n|poke|p2|Garganacl, L50, M|\n|poke|p2|Arcanine-Hisui, L50, F|\n|poke|p2|Chien-Pao, L50|\n|teampreview|4\n|inactive|Battle timer is ON: inactive players will automatically lose when time's up. (requested by luislm1995)\n|\n|t:|1699850904\n|start\n|switch|p1a: Tornadus|Tornadus, L50, M|100\/100\n|switch|p1b: Clefairy|Clefairy, L50, F|100\/100\n|switch|p2a: Tornadus|Tornadus, L50, M|100\/100\n|switch|p2b: Garganacl|Garganacl, L50, M|100\/100\n|turn|1\n|\n|t:|1699850923\n|move|p1a: Tornadus|Tailwind|p1a: Tornadus\n|-sidestart|p1: luislm1995|move: Tailwind\n|move|p2a: Tornadus|Taunt|p1b: Clefairy\n|-start|p1b: Clefairy|move: Taunt\n|cant|p1b: Clefairy|move: Taunt|Life Dew\n|move|p2b: Garganacl|Salt Cure|p1a: Tornadus\n|-supereffective|p1a: Tornadus\n|-damage|p1a: Tornadus|75\/100\n|-start|p1a: Tornadus|Salt Cure\n|\n|-damage|p1a: Tornadus|63\/100|[from] Salt Cure\n|upkeep\n|turn|2\n|\n|t:|1699850937\n|switch|p1b: Urshifu|Urshifu-Rapid-Strike, L50, F|100\/100\n|move|p1a: Tornadus|Rain Dance|p1a: Tornadus\n|-weather|RainDance\n|move|p2a: Tornadus|Bleakwind Storm|p1b: Urshifu|[spread] p1a,p1b\n|-supereffective|p1b: Urshifu\n|-damage|p1a: Tornadus|25\/100\n|-damage|p1b: Urshifu|32\/100\n|-enditem|p1a: Tornadus|Aguav Berry|[eat]\n|-heal|p1a: Tornadus|58\/100|[from] item: Aguav Berry\n|move|p2b: Garganacl|Iron Defense|p2b: Garganacl\n|-boost|p2b: Garganacl|def|2\n|\n|-weather|RainDance|[upkeep]\n|-damage|p1a: Tornadus|46\/100|[from] Salt Cure\n|upkeep\n|turn|3\n|\n|t:|1699850959\n|-terastallize|p1b: Urshifu|Fighting\n|-terastallize|p2b: Garganacl|Ghost\n|move|p1a: Tornadus|Bleakwind Storm|p2a: Tornadus|[spread] p2a,p2b\n|-crit|p2a: Tornadus\n|-damage|p2a: Tornadus|61\/100\n|-damage|p2b: Garganacl|80\/100\n|-unboost|p2b: Garganacl|spe|1\n|move|p1b: Urshifu|Drain Punch|p2b: Garganacl\n|-immune|p2b: Garganacl\n|move|p2a: Tornadus|Bleakwind Storm|p1a: Tornadus|[spread] p1a,p1b\n|-supereffective|p1b: Urshifu\n|-damage|p1a: Tornadus|9\/100\n|-damage|p1b: Urshifu|0 fnt\n|faint|p1b: Urshifu\n|move|p2b: Garganacl|Salt Cure|p1a: Tornadus\n|-supereffective|p1a: Tornadus\n|-damage|p1a: Tornadus|0 fnt\n|faint|p1a: Tornadus\n|\n|-weather|RainDance|[upkeep]\n|upkeep\n|\n|t:|1699850977\n|switch|p1b: Regieleki|Regieleki, L50|100\/100\n|switch|p1a: Clefairy|Clefairy, L50, F|100\/100\n|turn|4\n|\n|t:|1699850985\n|move|p1a: Clefairy|Helping Hand|p1b: Regieleki\n|-singleturn|p1b: Regieleki|Helping Hand|[of] p1a: Clefairy\n|move|p2b: Garganacl|Protect|p2b: Garganacl\n|-singleturn|p2b: Garganacl|Protect\n|move|p2a: Tornadus|Taunt|p1a: Clefairy\n|-start|p1a: Clefairy|move: Taunt\n|move|p1b: Regieleki|Thunder Cage|p2a: Tornadus\n|-supereffective|p2a: Tornadus\n|-damage|p2a: Tornadus|0 fnt\n|faint|p2a: Tornadus\n|\n|-weather|RainDance|[upkeep]\n|-sideend|p1: luislm1995|move: Tailwind\n|upkeep\n|\n|t:|1699850991\n|switch|p2a: Rillaboom|Rillaboom, L50, F|100\/100\n|-fieldstart|move: Grassy Terrain|[from] ability: Grassy Surge|[of] p2a: Rillaboom\n|turn|5\n|\n|t:|1699851008\n|move|p2a: Rillaboom|Fake Out|p1b: Regieleki\n|-damage|p1b: Regieleki|85\/100\n|cant|p1b: Regieleki|flinch\n|move|p1a: Clefairy|Dazzling Gleam|p2b: Garganacl|[spread] p2a,p2b\n|-damage|p2a: Rillaboom|90\/100\n|-damage|p2b: Garganacl|70\/100\n|move|p2b: Garganacl|Salt Cure|p1b: Regieleki\n|-damage|p1b: Regieleki|71\/100\n|-start|p1b: Regieleki|Salt Cure\n|\n|-weather|RainDance|[upkeep]\n|-heal|p1b: Regieleki|77\/100|[from] Grassy Terrain\n|-heal|p2a: Rillaboom|96\/100|[from] Grassy Terrain\n|-heal|p2b: Garganacl|75\/100|[from] Grassy Terrain\n|-damage|p1b: Regieleki|64\/100|[from] Salt Cure\n|upkeep\n|turn|6\n|\n|t:|1699851025\n|move|p2a: Rillaboom|Grassy Glide|p1b: Regieleki\n|-damage|p1b: Regieleki|23\/100\n|-enditem|p1b: Regieleki|Iapapa Berry|[eat]\n|-heal|p1b: Regieleki|56\/100|[from] item: Iapapa Berry\n|move|p1b: Regieleki|Thunder Cage|p2b: Garganacl\n|-damage|p2b: Garganacl|48\/100\n|-activate|p2b: Garganacl|move: Thunder Cage|[of] p1b: Regieleki\n|-enditem|p2b: Garganacl|Sitrus Berry|[eat]\n|-heal|p2b: Garganacl|72\/100|[from] item: Sitrus Berry\n|move|p1a: Clefairy|Dazzling Gleam|p2a: Rillaboom|[spread] p2a,p2b\n|-damage|p2a: Rillaboom|86\/100\n|-damage|p2b: Garganacl|62\/100\n|move|p2b: Garganacl|Salt Cure|p1b: Regieleki\n|-damage|p1b: Regieleki|42\/100\n|\n|-weather|none\n|-heal|p1b: Regieleki|48\/100|[from] Grassy Terrain\n|-heal|p2a: Rillaboom|91\/100|[from] Grassy Terrain\n|-heal|p2b: Garganacl|68\/100|[from] Grassy Terrain\n|-damage|p1b: Regieleki|35\/100|[from] Salt Cure\n|-damage|p2b: Garganacl|56\/100|[from] move: Thunder Cage|[partiallytrapped]\n|upkeep\n|turn|7\n|\n|t:|1699851050\n|move|p1b: Regieleki|Protect|p1b: Regieleki\n|-singleturn|p1b: Regieleki|Protect\n|move|p2a: Rillaboom|Grassy Glide|p1b: Regieleki\n|-activate|p1b: Regieleki|move: Protect\n|move|p1a: Clefairy|Dazzling Gleam|p2a: Rillaboom|[spread] p2a,p2b\n|-damage|p2a: Rillaboom|81\/100\n|-damage|p2b: Garganacl|46\/100\n|move|p2b: Garganacl|Recover|p2b: Garganacl\n|-heal|p2b: Garganacl|97\/100\n|\n|-heal|p1b: Regieleki|41\/100|[from] Grassy Terrain\n|-heal|p2a: Rillaboom|86\/100|[from] Grassy Terrain\n|-heal|p2b: Garganacl|100\/100|[from] Grassy Terrain\n|-damage|p1b: Regieleki|29\/100|[from] Salt Cure\n|-damage|p2b: Garganacl|88\/100|[from] move: Thunder Cage|[partiallytrapped]\n|-end|p1a: Clefairy|move: Taunt\n|upkeep\n|turn|8\n|\n|t:|1699851069\n|move|p1b: Regieleki|Thunder Cage|p2b: Garganacl\n|-damage|p2b: Garganacl|61\/100\n|move|p2a: Rillaboom|Wood Hammer|p1b: Regieleki\n|-damage|p1b: Regieleki|0 fnt\n|faint|p1b: Regieleki\n|-damage|p2a: Rillaboom|79\/100|[from] Recoil\n|move|p1a: Clefairy|Life Dew||[still]\n|-fail|p1a: Clefairy|heal\n|move|p2b: Garganacl|Recover|p2b: Garganacl\n|-heal|p2b: Garganacl|100\/100\n|\n|-heal|p2a: Rillaboom|85\/100|[from] Grassy Terrain\n|-end|p2b: Garganacl|Thunder Cage|[partiallytrapped]|[silent]\n|upkeep\n|turn|9\n|-message|luislm1995 forfeited.\n|\n|win|Kzjhekz\n|raw|luislm1995's rating: 1055 &rarr; <strong>1040<\/strong><br \/>(-15 for losing)\n|raw|Kzjhekz's rating: 1110 &rarr; <strong>1131<\/strong><br \/>(+21 for winning)\n|l|\u2606luislm1995\n","uploadtime":1699851082,"views":7,"p1id":"luislm1995","p2id":"kzjhekz","formatid":"gen9vgc2023regulatione","rating":1040,"private":0,"password":""}