{"id":"gen9vgc2023regulatione-1988567929","p1":"Rocket Turtle","p2":"Auxowave","format":"[Gen 9] VGC 2023 Regulation E","log":"|j|\u2606Rocket Turtle\n|j|\u2606Auxowave\n|n|\u2606Rocket Turtle|rocketturtle\n|n|\u2606Auxowave|auxowave\n|html|View the match progress at <a href=\"\/game-bestof3-gen9vgc2023regulatione-1988565757\">game-bestof3-gen9vgc2023regulatione-1988565757<\/a>\n|t:|1699737004\n|gametype|doubles\n|player|p1|Rocket Turtle|n|\n|player|p2|Auxowave|102|\n|teamsize|p1|6\n|teamsize|p2|6\n|gen|9\n|tier|[Gen 9] VGC 2023 Regulation E\n|rule|Species Clause: Limit one of each Pok\u00e9mon\n|rule|Item Clause: Limit one of each item\n|clearpoke\n|poke|p1|Iron Hands, L50|\n|poke|p1|Landorus-Therian, L50, M|\n|poke|p1|Ogerpon-Hearthflame, L50, F|\n|poke|p1|Milotic, L50, F|\n|poke|p1|Kommo-o, L50, M|\n|poke|p1|Clefairy, L50, M|\n|poke|p2|Chi-Yu, L50|\n|poke|p2|Iron Hands, L50|\n|poke|p2|Landorus-Therian, L50, M|\n|poke|p2|Dusclops, L50, M|\n|poke|p2|Ogerpon-Wellspring, L50, F|\n|poke|p2|Ursaluna-Bloodmoon, L50, M|\n|teampreview|4\n|j| Jorijn\nRocket Turtle has agreed to open team sheets.\nAuxowave has agreed to open team sheets.\n|showteam|p1|Iron Hands||AssaultVest|QuarkDrive|FakeOut,WildCharge,DrainPunch,VoltSwitch||||||50|,,,,,Grass]Landorus-Therian||ChoiceScarf|Intimidate|TeraBlast,RockSlide,StompingTantrum,Uturn|||M|||50|,,,,,Flying]Ogerpon-Hearthflame||HearthflameMask|MoldBreaker|SpikyShield,IvyCudgel,HornLeech,SwordsDance|||F|||50|,,,,,Fire]Milotic||SafetyGoggles|Competitive|Protect,IceBeam,Scald,IcyWind|||F|||50|,,,,,Ice]Kommo-o||ThroatSpray|Bulletproof|Protect,ClangingScales,ClangorousSoul,FlashCannon|||M|||50|,,,,,Steel]Clefairy||Eviolite|FriendGuard|Protect,FollowMe,HelpingHand,LifeDew|||M|||50|,,,,,Dark\n|showteam|p2|Chi-Yu||MirrorHerb|BeadsofRuin|HeatWave,DarkPulse,NastyPlot,Protect||||||50|,,,,,Ghost]Iron Hands||AssaultVest|QuarkDrive|WildCharge,DrainPunch,VoltSwitch,FakeOut||||||50|,,,,,Fire]Landorus-Therian||ChoiceScarf|Intimidate|RockSlide,StompingTantrum,Uturn,TeraBlast|||M|||50|,,,,,Flying]Dusclops||Eviolite|Frisk|WillOWisp,TrickRoom,PainSplit,BrickBreak|||M|||50|,,,,,Dark]Ogerpon-Wellspring||WellspringMask|WaterAbsorb|SpikyShield,FollowMe,HornLeech,IvyCudgel|||F|||50|,,,,,Water]Ursaluna-Bloodmoon||WeaknessPolicy|MindsEye|EarthPower,Protect,HyperVoice,BloodMoon|||M|||50|,,,,,Normal\n|\n|t:|1699737062\n|start\n|switch|p1a: Kommo-o|Kommo-o, L50, M|100\/100\n|switch|p1b: Landorus|Landorus-Therian, L50, M|100\/100\n|switch|p2a: Iron Hands|Iron Hands, L50|100\/100\n|switch|p2b: Dusclops|Dusclops, L50, M|100\/100\n|-ability|p1b: Landorus|Intimidate|boost\n|-unboost|p2a: Iron Hands|atk|1\n|-unboost|p2b: Dusclops|atk|1\n|-item|p1a: Kommo-o|Throat Spray|[from] ability: Frisk|[of] p2b: Dusclops|[identify]\n|-item|p1b: Landorus|Choice Scarf|[from] ability: Frisk|[of] p2b: Dusclops|[identify]\n|turn|1\n|\n|t:|1699737080\n|move|p1b: Landorus|Stomping Tantrum|p2a: Iron Hands\n|-supereffective|p2a: Iron Hands\n|-damage|p2a: Iron Hands|40\/100\n|move|p1a: Kommo-o|Clangorous Soul|p1a: Kommo-o\n|-boost|p1a: Kommo-o|atk|1\n|-boost|p1a: Kommo-o|def|1\n|-boost|p1a: Kommo-o|spa|1\n|-boost|p1a: Kommo-o|spd|1\n|-boost|p1a: Kommo-o|spe|1\n|-damage|p1a: Kommo-o|68\/100\n|-enditem|p1a: Kommo-o|Throat Spray\n|-boost|p1a: Kommo-o|spa|1|[from] item: Throat Spray\n|move|p2a: Iron Hands|Volt Switch|p1a: Kommo-o\n|-resisted|p1a: Kommo-o\n|-damage|p1a: Kommo-o|63\/100\n|\n|t:|1699737084\n|-end|p2a: Iron Hands|Quark Drive|[silent]\n|switch|p2a: Ursaluna|Ursaluna-Bloodmoon, L50, M|100\/100|[from] Volt Switch\n|move|p2b: Dusclops|Trick Room|p2b: Dusclops\n|-fieldstart|move: Trick Room|[of] p2b: Dusclops\n|\n|upkeep\n|turn|2\n|\n|t:|1699737128\n|switch|p1b: Clefairy|Clefairy, L50, M|100\/100\n|-terastallize|p2a: Ursaluna|Normal\n|move|p1a: Kommo-o|Protect|p1a: Kommo-o\n|-singleturn|p1a: Kommo-o|Protect\n|move|p2b: Dusclops|Brick Break|p2a: Ursaluna\n|-supereffective|p2a: Ursaluna\n|-damage|p2a: Ursaluna|88\/100\n|-enditem|p2a: Ursaluna|Weakness Policy\n|-boost|p2a: Ursaluna|atk|2|[from] item: Weakness Policy\n|-boost|p2a: Ursaluna|spa|2|[from] item: Weakness Policy\n|move|p2a: Ursaluna|Hyper Voice|p1a: Kommo-o|[spread] p1b\n|-activate|p1a: Kommo-o|move: Protect\n|-damage|p1b: Clefairy|4\/100\n|\n|upkeep\n|turn|3\n|\n|t:|1699737152\n|move|p1b: Clefairy|Protect|p1b: Clefairy\n|-singleturn|p1b: Clefairy|Protect\n|move|p2b: Dusclops|Brick Break|p1b: Clefairy\n|-activate|p1b: Clefairy|move: Protect\n|move|p2a: Ursaluna|Earth Power|p1a: Kommo-o\n|-crit|p1a: Kommo-o\n|-damage|p1a: Kommo-o|0 fnt\n|faint|p1a: Kommo-o\n|\n|upkeep\n|\n|t:|1699737168\n|switch|p1a: Iron Hands|Iron Hands, L50|100\/100\n|turn|4\n|\n|t:|1699737185\n|move|p1b: Clefairy|Protect|p1b: Clefairy\n|-singleturn|p1b: Clefairy|Protect\n|move|p1a: Iron Hands|Fake Out|p2a: Ursaluna\n|-crit|p2a: Ursaluna\n|-damage|p2a: Ursaluna|70\/100\n|move|p2b: Dusclops|Brick Break|p1b: Clefairy\n|-activate|p1b: Clefairy|move: Protect\n|cant|p2a: Ursaluna|flinch\n|\n|upkeep\n|turn|5\n|\n|t:|1699737195\n|-end|p1a: Iron Hands|Quark Drive|[silent]\n|switch|p1a: Landorus|Landorus-Therian, L50, M|100\/100\n|-ability|p1a: Landorus|Intimidate|boost\n|-unboost|p2a: Ursaluna|atk|1\n|-unboost|p2b: Dusclops|atk|1\n|move|p2b: Dusclops|Brick Break|p1b: Clefairy\n|-resisted|p1b: Clefairy\n|-damage|p1b: Clefairy|2\/100\n|move|p1b: Clefairy|Life Dew||[still]|[spread] p1a,p1b\n|-fail|p1a: Landorus|heal\n|-heal|p1b: Clefairy|26\/100\n|move|p2a: Ursaluna|Blood Moon|p1a: Landorus\n|-damage|p1a: Landorus|0 fnt\n|faint|p1a: Landorus\n|\n|-fieldend|move: Trick Room\n|upkeep\n|\n|t:|1699737198\n|switch|p1a: Iron Hands|Iron Hands, L50|100\/100\n|turn|6\n|\n|t:|1699737216\n|switch|p2b: Landorus|Landorus-Therian, L50, M|100\/100\n|-ability|p2b: Landorus|Intimidate|boost\n|-unboost|p1a: Iron Hands|atk|1\n|-unboost|p1b: Clefairy|atk|1\n|move|p1b: Clefairy|Helping Hand|p1a: Iron Hands\n|-singleturn|p1a: Iron Hands|Helping Hand|[of] p1b: Clefairy\n|move|p2a: Ursaluna|Protect|p2a: Ursaluna\n|-singleturn|p2a: Ursaluna|Protect\n|move|p1a: Iron Hands|Wild Charge|p2b: Landorus\n|-immune|p2b: Landorus\n|\n|upkeep\n|turn|7\n|\n|t:|1699737229\n|move|p1b: Clefairy|Follow Me|p1b: Clefairy\n|-singleturn|p1b: Clefairy|move: Follow Me\n|move|p2b: Landorus|U-turn|p1b: Clefairy\n|-resisted|p1b: Clefairy\n|-crit|p1b: Clefairy\n|-damage|p1b: Clefairy|11\/100\n|\n|t:|1699737234\n|switch|p2b: Dusclops|Dusclops, L50, M|100\/100|[from] U-turn\n|-item|p1a: Iron Hands|Assault Vest|[from] ability: Frisk|[of] p2b: Dusclops|[identify]\n|-item|p1b: Clefairy|Eviolite|[from] ability: Frisk|[of] p2b: Dusclops|[identify]\n|move|p1a: Iron Hands|Drain Punch|p2a: Ursaluna\n|-supereffective|p2a: Ursaluna\n|-damage|p2a: Ursaluna|23\/100\n|move|p2a: Ursaluna|Blood Moon|p1b: Clefairy\n|-damage|p1b: Clefairy|0 fnt\n|faint|p1b: Clefairy\n|\n|upkeep\n|turn|8\n|\n|t:|1699737248\n|move|p2a: Ursaluna|Protect|p2a: Ursaluna\n|-singleturn|p2a: Ursaluna|Protect\n|move|p1a: Iron Hands|Wild Charge|p2b: Dusclops\n|-damage|p2b: Dusclops|80\/100\n|-damage|p1a: Iron Hands|97\/100|[from] Recoil\n|move|p2b: Dusclops|Will-O-Wisp|p1a: Iron Hands\n|-status|p1a: Iron Hands|brn\n|\n|-damage|p1a: Iron Hands|91\/100 brn|[from] brn\n|upkeep\n|turn|9\n|\n|t:|1699737256\n|switch|p2b: Landorus|Landorus-Therian, L50, M|100\/100\n|-ability|p2b: Landorus|Intimidate|boost\n|-unboost|p1a: Iron Hands|atk|1\n|move|p1a: Iron Hands|Drain Punch|p2a: Ursaluna\n|-supereffective|p2a: Ursaluna\n|-damage|p2a: Ursaluna|8\/100\n|-heal|p1a: Iron Hands|98\/100 brn|[from] drain|[of] p2a: Ursaluna\n|move|p2a: Ursaluna|Blood Moon|p1a: Iron Hands\n|-damage|p1a: Iron Hands|0 fnt\n|faint|p1a: Iron Hands\n|-end|p1a: Iron Hands|Quark Drive|[silent]\n|\n|win|Auxowave\n|c|\u2606Rocket Turtle|gg\n|c|\u2606Auxowave|gg\n|c|&|\/uhtml prompt-auxowave,Auxowave is ready for game 3!\n|inactive|Rocket Turtle has 50 seconds to confirm battle start!\n|c|&|\/uhtml prompt-rocketturtle,Rocket Turtle is ready for game 3!\nBoth players are ready! Starting next match!\n|l|\u2606Rocket Turtle\n","uploadtime":1699737860,"views":18,"p1id":"rocketturtle","p2id":"auxowave","formatid":"gen9vgc2023regulatione","rating":0,"private":0,"password":""}