{"id":"gen9vgc2023regulatione-1993495388","p1":"GB Five","p2":"Or4ngetest5","format":"[Gen 9] VGC 2023 Regulation E","log":"|j|\u2606GB Five\n|j|\u2606Or4ngetest5\n|t:|1700324702\n|gametype|doubles\n|player|p1|GB Five|265|1675\n|player|p2|Or4ngetest5|cynthia|1581\n|teamsize|p1|6\n|teamsize|p2|6\n|gen|9\n|tier|[Gen 9] VGC 2023 Regulation E\n|rated|\n|rule|Species Clause: Limit one of each Pok\u00e9mon\n|rule|Item Clause: Limit one of each item\n|clearpoke\n|poke|p1|Weezing, L50, M|\n|poke|p1|Urshifu-*, L50, M|\n|poke|p1|Tornadus, L50, M|\n|poke|p1|Lucario, L50, M|\n|poke|p1|Farigiraf, L50, F|\n|poke|p1|Roaring Moon, L50|\n|poke|p2|Meowscarada, L50, M|\n|poke|p2|Urshifu-*, L50, M|\n|poke|p2|Ceruledge, L50, M|\n|poke|p2|Tornadus, L50, M|\n|poke|p2|Tinkaton, L50, F|\n|poke|p2|Garganacl, L50, F|\n|teampreview|4\n|\n|t:|1700324748\n|start\n|switch|p1a: \u8d1d\u8d1d\u8d1d\u8d1d\u8d1d\u8d1d\u8d1d\u8d1d|Weezing, L50, M|100\/100\n|switch|p1b: \u9006\u98ce\u56fd\u8db3\uff01\u9006\u98ce\u56fd\u8db3\uff01|Roaring Moon, L50|100\/100\n|switch|p2a: Tinkaton|Tinkaton, L50, F|100\/100\n|switch|p2b: Garganacl|Garganacl, L50, F|100\/100\n|-ability|p1a: \u8d1d\u8d1d\u8d1d\u8d1d\u8d1d\u8d1d\u8d1d\u8d1d|Neutralizing Gas\n|-enditem|p1b: \u9006\u98ce\u56fd\u8db3\uff01\u9006\u98ce\u56fd\u8db3\uff01|Booster Energy\n|-activate|p1b: \u9006\u98ce\u56fd\u8db3\uff01\u9006\u98ce\u56fd\u8db3\uff01|ability: Protosynthesis|[fromitem]\n|-start|p1b: \u9006\u98ce\u56fd\u8db3\uff01\u9006\u98ce\u56fd\u8db3\uff01|protosynthesisspe\n|turn|1\n|\n|t:|1700324770\n|move|p1b: \u9006\u98ce\u56fd\u8db3\uff01\u9006\u98ce\u56fd\u8db3\uff01|Protect|p1b: \u9006\u98ce\u56fd\u8db3\uff01\u9006\u98ce\u56fd\u8db3\uff01\n|-singleturn|p1b: \u9006\u98ce\u56fd\u8db3\uff01\u9006\u98ce\u56fd\u8db3\uff01|Protect\n|move|p1a: \u8d1d\u8d1d\u8d1d\u8d1d\u8d1d\u8d1d\u8d1d\u8d1d|Protect|p1a: \u8d1d\u8d1d\u8d1d\u8d1d\u8d1d\u8d1d\u8d1d\u8d1d\n|-singleturn|p1a: \u8d1d\u8d1d\u8d1d\u8d1d\u8d1d\u8d1d\u8d1d\u8d1d|Protect\n|move|p2a: Tinkaton|Fake Out|p1a: \u8d1d\u8d1d\u8d1d\u8d1d\u8d1d\u8d1d\u8d1d\u8d1d\n|-activate|p1a: \u8d1d\u8d1d\u8d1d\u8d1d\u8d1d\u8d1d\u8d1d\u8d1d|move: Protect\n|move|p2b: Garganacl|Salt Cure|p1a: \u8d1d\u8d1d\u8d1d\u8d1d\u8d1d\u8d1d\u8d1d\u8d1d\n|-activate|p1a: \u8d1d\u8d1d\u8d1d\u8d1d\u8d1d\u8d1d\u8d1d\u8d1d|move: Protect\n|\n|upkeep\n|turn|2\n|\n|t:|1700324804\n|move|p1b: \u9006\u98ce\u56fd\u8db3\uff01\u9006\u98ce\u56fd\u8db3\uff01|Knock Off|p2b: Garganacl\n|-damage|p2b: Garganacl|77\/100\n|-enditem|p2b: Garganacl|Leftovers|[from] move: Knock Off|[of] p1b: \u9006\u98ce\u56fd\u8db3\uff01\u9006\u98ce\u56fd\u8db3\uff01\n|move|p2a: Tinkaton|Gigaton Hammer|p1a: \u8d1d\u8d1d\u8d1d\u8d1d\u8d1d\u8d1d\u8d1d\u8d1d\n|-damage|p1a: \u8d1d\u8d1d\u8d1d\u8d1d\u8d1d\u8d1d\u8d1d\u8d1d|34\/100\n|move|p1a: \u8d1d\u8d1d\u8d1d\u8d1d\u8d1d\u8d1d\u8d1d\u8d1d|Will-O-Wisp|p2a: Tinkaton\n|-status|p2a: Tinkaton|brn\n|move|p2b: Garganacl|Salt Cure|p1a: \u8d1d\u8d1d\u8d1d\u8d1d\u8d1d\u8d1d\u8d1d\u8d1d\n|-damage|p1a: \u8d1d\u8d1d\u8d1d\u8d1d\u8d1d\u8d1d\u8d1d\u8d1d|20\/100\n|-start|p1a: \u8d1d\u8d1d\u8d1d\u8d1d\u8d1d\u8d1d\u8d1d\u8d1d|Salt Cure\n|\n|-damage|p2a: Tinkaton|94\/100 brn|[from] brn\n|-damage|p1a: \u8d1d\u8d1d\u8d1d\u8d1d\u8d1d\u8d1d\u8d1d\u8d1d|8\/100|[from] Salt Cure\n|upkeep\n|turn|3\n|\n|t:|1700324831\n|move|p1b: \u9006\u98ce\u56fd\u8db3\uff01\u9006\u98ce\u56fd\u8db3\uff01|Protect|p1b: \u9006\u98ce\u56fd\u8db3\uff01\u9006\u98ce\u56fd\u8db3\uff01\n|-singleturn|p1b: \u9006\u98ce\u56fd\u8db3\uff01\u9006\u98ce\u56fd\u8db3\uff01|Protect\n|move|p2a: Tinkaton|Play Rough|p1b: \u9006\u98ce\u56fd\u8db3\uff01\u9006\u98ce\u56fd\u8db3\uff01\n|-activate|p1b: \u9006\u98ce\u56fd\u8db3\uff01\u9006\u98ce\u56fd\u8db3\uff01|move: Protect\n|move|p1a: \u8d1d\u8d1d\u8d1d\u8d1d\u8d1d\u8d1d\u8d1d\u8d1d|Taunt|p2b: Garganacl\n|-start|p2b: Garganacl|move: Taunt\n|move|p2b: Garganacl|Salt Cure|p1b: \u9006\u98ce\u56fd\u8db3\uff01\u9006\u98ce\u56fd\u8db3\uff01\n|-activate|p1b: \u9006\u98ce\u56fd\u8db3\uff01\u9006\u98ce\u56fd\u8db3\uff01|move: Protect\n|\n|-damage|p2a: Tinkaton|88\/100 brn|[from] brn\n|-damage|p1a: \u8d1d\u8d1d\u8d1d\u8d1d\u8d1d\u8d1d\u8d1d\u8d1d|0 fnt|[from] Salt Cure\n|faint|p1a: \u8d1d\u8d1d\u8d1d\u8d1d\u8d1d\u8d1d\u8d1d\u8d1d\n|-end|p1a: \u8d1d\u8d1d\u8d1d\u8d1d\u8d1d\u8d1d\u8d1d\u8d1d|ability: Neutralizing Gas\n|upkeep\n|\n|t:|1700324848\n|switch|p1a: \u3053\u308c\u308f\u9752\u6625\u3060\uff01|Urshifu, L50, M|100\/100\n|turn|4\n|\n|t:|1700324861\n|switch|p2b: Tornadus|Tornadus, L50, M|100\/100\n|-terastallize|p1a: \u3053\u308c\u308f\u9752\u6625\u3060\uff01|Dark\n|move|p1b: \u9006\u98ce\u56fd\u8db3\uff01\u9006\u98ce\u56fd\u8db3\uff01|Tailwind|p1b: \u9006\u98ce\u56fd\u8db3\uff01\u9006\u98ce\u56fd\u8db3\uff01\n|-sidestart|p1: GB Five|move: Tailwind\n|move|p1a: \u3053\u308c\u308f\u9752\u6625\u3060\uff01|Wicked Blow|p2b: Tornadus\n|-crit|p2b: Tornadus\n|-damage|p2b: Tornadus|0 fnt\n|faint|p2b: Tornadus\n|move|p2a: Tinkaton|Play Rough|p1b: \u9006\u98ce\u56fd\u8db3\uff01\u9006\u98ce\u56fd\u8db3\uff01\n|-supereffective|p1b: \u9006\u98ce\u56fd\u8db3\uff01\u9006\u98ce\u56fd\u8db3\uff01\n|-damage|p1b: \u9006\u98ce\u56fd\u8db3\uff01\u9006\u98ce\u56fd\u8db3\uff01|20\/100\n|\n|-damage|p2a: Tinkaton|82\/100 brn|[from] brn\n|upkeep\n|\n|t:|1700324879\n|switch|p2b: Urshifu|Urshifu-Rapid-Strike, L50, M|100\/100\n|turn|5\n|\n|t:|1700324917\n|move|p1b: \u9006\u98ce\u56fd\u8db3\uff01\u9006\u98ce\u56fd\u8db3\uff01|Breaking Swipe|p2b: Urshifu|[spread] p2b\n|-immune|p2a: Tinkaton\n|-damage|p2b: Urshifu|78\/100\n|-unboost|p2b: Urshifu|atk|1\n|move|p1a: \u3053\u308c\u308f\u9752\u6625\u3060\uff01|Wicked Blow|p2b: Urshifu\n|-resisted|p2b: Urshifu\n|-crit|p2b: Urshifu\n|-damage|p2b: Urshifu|16\/100\n|move|p2b: Urshifu|Surging Strikes|p1a: \u3053\u308c\u308f\u9752\u6625\u3060\uff01\n|-crit|p1a: \u3053\u308c\u308f\u9752\u6625\u3060\uff01\n|-damage|p1a: \u3053\u308c\u308f\u9752\u6625\u3060\uff01|82\/100\n|-crit|p1a: \u3053\u308c\u308f\u9752\u6625\u3060\uff01\n|-damage|p1a: \u3053\u308c\u308f\u9752\u6625\u3060\uff01|62\/100\n|-crit|p1a: \u3053\u308c\u308f\u9752\u6625\u3060\uff01\n|-damage|p1a: \u3053\u308c\u308f\u9752\u6625\u3060\uff01|42\/100\n|-hitcount|p1a: \u3053\u308c\u308f\u9752\u6625\u3060\uff01|3\n|move|p2a: Tinkaton|Play Rough|p1a: \u3053\u308c\u308f\u9752\u6625\u3060\uff01\n|-supereffective|p1a: \u3053\u308c\u308f\u9752\u6625\u3060\uff01\n|-damage|p1a: \u3053\u308c\u308f\u9752\u6625\u3060\uff01|10\/100\n|\n|-damage|p2a: Tinkaton|75\/100 brn|[from] brn\n|upkeep\n|turn|6\n|\n|t:|1700324941\n|switch|p1a: \u559c\u6b22\u6253\u5148\u5236\uff1f|Farigiraf, L50, F|100\/100\n|move|p1b: \u9006\u98ce\u56fd\u8db3\uff01\u9006\u98ce\u56fd\u8db3\uff01|Breaking Swipe|p2a: Tinkaton|[spread] p2b\n|-immune|p2a: Tinkaton\n|-damage|p2b: Urshifu|0 fnt\n|faint|p2b: Urshifu\n|move|p2a: Tinkaton|Gigaton Hammer|p1a: \u559c\u6b22\u6253\u5148\u5236\uff1f\n|-damage|p1a: \u559c\u6b22\u6253\u5148\u5236\uff1f|68\/100\n|\n|-damage|p2a: Tinkaton|69\/100 brn|[from] brn\n|upkeep\n|\n|t:|1700324945\n|switch|p2b: Garganacl|Garganacl, L50, F|77\/100\n|turn|7\n|\n|t:|1700324957\n|move|p1b: \u9006\u98ce\u56fd\u8db3\uff01\u9006\u98ce\u56fd\u8db3\uff01|Protect|p1b: \u9006\u98ce\u56fd\u8db3\uff01\u9006\u98ce\u56fd\u8db3\uff01\n|-singleturn|p1b: \u9006\u98ce\u56fd\u8db3\uff01\u9006\u98ce\u56fd\u8db3\uff01|Protect\n|move|p1a: \u559c\u6b22\u6253\u5148\u5236\uff1f|Psychic|p2b: Garganacl\n|-damage|p2b: Garganacl|43\/100\n|move|p2a: Tinkaton|Knock Off|p1a: \u559c\u6b22\u6253\u5148\u5236\uff1f\n|-supereffective|p1a: \u559c\u6b22\u6253\u5148\u5236\uff1f\n|-damage|p1a: \u559c\u6b22\u6253\u5148\u5236\uff1f|41\/100\n|-enditem|p1a: \u559c\u6b22\u6253\u5148\u5236\uff1f|Sitrus Berry|[from] move: Knock Off|[of] p2a: Tinkaton\n|move|p2b: Garganacl|Salt Cure|p1a: \u559c\u6b22\u6253\u5148\u5236\uff1f\n|-damage|p1a: \u559c\u6b22\u6253\u5148\u5236\uff1f|25\/100\n|-start|p1a: \u559c\u6b22\u6253\u5148\u5236\uff1f|Salt Cure\n|\n|-damage|p2a: Tinkaton|63\/100 brn|[from] brn\n|-damage|p1a: \u559c\u6b22\u6253\u5148\u5236\uff1f|13\/100|[from] Salt Cure\n|-sideend|p1: GB Five|move: Tailwind\n|upkeep\n|turn|8\n|\n|t:|1700324980\n|move|p1b: \u9006\u98ce\u56fd\u8db3\uff01\u9006\u98ce\u56fd\u8db3\uff01|Tailwind|p1b: \u9006\u98ce\u56fd\u8db3\uff01\u9006\u98ce\u56fd\u8db3\uff01\n|-sidestart|p1: GB Five|move: Tailwind\n|move|p1a: \u559c\u6b22\u6253\u5148\u5236\uff1f|Psychic|p2b: Garganacl\n|-damage|p2b: Garganacl|13\/100\n|move|p2a: Tinkaton|Knock Off|p1a: \u559c\u6b22\u6253\u5148\u5236\uff1f\n|-supereffective|p1a: \u559c\u6b22\u6253\u5148\u5236\uff1f\n|-crit|p1a: \u559c\u6b22\u6253\u5148\u5236\uff1f\n|-damage|p1a: \u559c\u6b22\u6253\u5148\u5236\uff1f|0 fnt\n|faint|p1a: \u559c\u6b22\u6253\u5148\u5236\uff1f\n|move|p2b: Garganacl|Recover|p2b: Garganacl\n|-heal|p2b: Garganacl|63\/100\n|\n|-damage|p2a: Tinkaton|57\/100 brn|[from] brn\n|upkeep\n|\n|t:|1700324994\n|switch|p1a: \u3053\u308c\u308f\u9752\u6625\u3060\uff01|Urshifu, L50, M, tera:Dark|10\/100\n|turn|9\n|\n|t:|1700325008\n|move|p1b: \u9006\u98ce\u56fd\u8db3\uff01\u9006\u98ce\u56fd\u8db3\uff01|Protect|p1b: \u9006\u98ce\u56fd\u8db3\uff01\u9006\u98ce\u56fd\u8db3\uff01\n|-singleturn|p1b: \u9006\u98ce\u56fd\u8db3\uff01\u9006\u98ce\u56fd\u8db3\uff01|Protect\n|move|p1a: \u3053\u308c\u308f\u9752\u6625\u3060\uff01|Drain Punch|p2a: Tinkaton\n|-damage|p2a: Tinkaton|0 fnt\n|-heal|p1a: \u3053\u308c\u308f\u9752\u6625\u3060\uff01|37\/100|[from] drain|[of] p2a: Tinkaton\n|faint|p2a: Tinkaton\n|move|p2b: Garganacl|Body Press|p1a: \u3053\u308c\u308f\u9752\u6625\u3060\uff01\n|-supereffective|p1a: \u3053\u308c\u308f\u9752\u6625\u3060\uff01\n|-damage|p1a: \u3053\u308c\u308f\u9752\u6625\u3060\uff01|0 fnt\n|faint|p1a: \u3053\u308c\u308f\u9752\u6625\u3060\uff01\n|\n|upkeep\n|turn|10\n|\n|t:|1700325025\n|move|p1b: \u9006\u98ce\u56fd\u8db3\uff01\u9006\u98ce\u56fd\u8db3\uff01|Knock Off|p2b: Garganacl\n|-damage|p2b: Garganacl|43\/100\n|move|p2b: Garganacl|Body Press|p1b: \u9006\u98ce\u56fd\u8db3\uff01\u9006\u98ce\u56fd\u8db3\uff01\n|-supereffective|p1b: \u9006\u98ce\u56fd\u8db3\uff01\u9006\u98ce\u56fd\u8db3\uff01\n|-damage|p1b: \u9006\u98ce\u56fd\u8db3\uff01\u9006\u98ce\u56fd\u8db3\uff01|0 fnt\n|faint|p1b: \u9006\u98ce\u56fd\u8db3\uff01\u9006\u98ce\u56fd\u8db3\uff01\n|-end|p1b: \u9006\u98ce\u56fd\u8db3\uff01\u9006\u98ce\u56fd\u8db3\uff01|Protosynthesis|[silent]\n|\n|win|Or4ngetest5\n|raw|GB Five's rating: 1675 &rarr; <strong>1650<\/strong><br \/>(-25 for losing)\n|raw|Or4ngetest5's rating: 1581 &rarr; <strong>1606<\/strong><br \/>(+25 for winning)\n|c|\u2606GB Five|6\u554a\n|l|\u2606GB Five\n","uploadtime":1700325047,"views":8,"p1id":"gbfive","p2id":"or4ngetest5","formatid":"gen9vgc2023regulatione","rating":1606,"private":0,"password":""}