{"id":"gen9vgc2023regulatione-1994493466","p1":"Abro hilo","p2":"biei525","format":"[Gen 9] VGC 2023 Regulation E","log":"|j|\u2606Abro hilo\n|j|\u2606biei525\n|t:|1700450409\n|gametype|doubles\n|player|p1|Abro hilo|pilot|1411\n|player|p2|biei525|lillie-z|1369\n|teamsize|p1|6\n|teamsize|p2|6\n|gen|9\n|tier|[Gen 9] VGC 2023 Regulation E\n|rated|\n|rule|Species Clause: Limit one of each Pok\u00e9mon\n|rule|Item Clause: Limit one of each item\n|clearpoke\n|poke|p1|Empoleon, L50, F|\n|poke|p1|Roaring Moon, L50|\n|poke|p1|Flutter Mane, L50|\n|poke|p1|Amoonguss, L50, F|\n|poke|p1|Iron Hands, L50|\n|poke|p1|Landorus-Therian, L50, M|\n|poke|p2|Pelipper, L50, F|\n|poke|p2|Sylveon, L50, M|\n|poke|p2|Torkoal, L50, M|\n|poke|p2|Oranguru, L50, M|\n|poke|p2|Sableye, L50, M|\n|poke|p2|Lurantis, L50, F|\n|teampreview|4\n|inactive|Battle timer is ON: inactive players will automatically lose when time's up. (requested by biei525)\n|inactive|Abro hilo has 60 seconds left.\n|j| 5Sscreen\n|\n|t:|1700450472\n|start\n|switch|p1a: Iron Hands|Iron Hands, L50|100\/100\n|switch|p1b: Flutter Mane|Flutter Mane, L50|100\/100\n|switch|p2a: Sableye|Sableye, L50, M|100\/100\n|switch|p2b: Sylveon|Sylveon, L50, M|100\/100\n|turn|1\n|\n|t:|1700450484\n|-end|p1a: Iron Hands|Quark Drive|[silent]\n|switch|p1a: Empoleon|Empoleon, L50, F|100\/100\n|move|p2a: Sableye|Fake Out|p1a: Empoleon\n|-resisted|p1a: Empoleon\n|-damage|p1a: Empoleon|97\/100\n|move|p1b: Flutter Mane|Moonblast|p2a: Sableye\n|-supereffective|p2a: Sableye\n|-enditem|p2a: Sableye|Focus Sash\n|-damage|p2a: Sableye|1\/100\n|-unboost|p2a: Sableye|spa|1\n|move|p2b: Sylveon|Hyper Voice|p1a: Empoleon|[spread] p1a,p1b\n|-resisted|p1a: Empoleon\n|-damage|p1a: Empoleon|84\/100\n|-damage|p1b: Flutter Mane|57\/100\n|-enditem|p2b: Sylveon|Throat Spray\n|-boost|p2b: Sylveon|spa|1|[from] item: Throat Spray\n|\n|upkeep\n|turn|2\n|\n|t:|1700450503\n|-terastallize|p2b: Sylveon|Fire\n|move|p2a: Sableye|Light Screen|p2a: Sableye\n|-sidestart|p2: biei525|move: Light Screen\n|move|p1b: Flutter Mane|Moonblast|p2b: Sylveon\n|-resisted|p2b: Sylveon\n|-damage|p2b: Sylveon|82\/100\n|move|p1a: Empoleon|Icy Wind|p2a: Sableye|[spread] p2a,p2b\n|-crit|p2a: Sableye\n|-resisted|p2b: Sylveon\n|-damage|p2a: Sableye|0 fnt\n|-damage|p2b: Sylveon|79\/100\n|-unboost|p2b: Sylveon|spe|1\n|faint|p2a: Sableye\n|move|p2b: Sylveon|Hyper Voice|p1a: Empoleon|[spread] p1a,p1b\n|-resisted|p1a: Empoleon\n|-damage|p1a: Empoleon|66\/100\n|-damage|p1b: Flutter Mane|0 fnt\n|faint|p1b: Flutter Mane\n|-end|p1b: Flutter Mane|Protosynthesis|[silent]\n|\n|upkeep\n|\n|t:|1700450514\n|switch|p1b: Iron Hands|Iron Hands, L50|100\/100\n|switch|p2a: Oranguru|Oranguru, L50, M|100\/100\n|turn|3\n|\n|t:|1700450522\n|move|p1b: Iron Hands|Fake Out|p2a: Oranguru\n|-damage|p2a: Oranguru|88\/100\n|move|p1a: Empoleon|Hydro Pump|p2b: Sylveon\n|-supereffective|p2b: Sylveon\n|-damage|p2b: Sylveon|33\/100\n|move|p2b: Sylveon|Hyper Voice|p1b: Iron Hands|[spread] p1a,p1b\n|-resisted|p1a: Empoleon\n|-supereffective|p1b: Iron Hands\n|-damage|p1a: Empoleon|47\/100\n|-damage|p1b: Iron Hands|14\/100\n|-enditem|p1b: Iron Hands|Sitrus Berry|[eat]\n|-heal|p1b: Iron Hands|39\/100|[from] item: Sitrus Berry\n|move|p2a: Oranguru|Trick Room|p2a: Oranguru\n|-fieldstart|move: Trick Room|[of] p2a: Oranguru\n|\n|upkeep\n|turn|4\n|\n|t:|1700450544\n|move|p2b: Sylveon|Hyper Voice|p1a: Empoleon|[spread] p1a,p1b\n|-resisted|p1a: Empoleon\n|-supereffective|p1b: Iron Hands\n|-damage|p1a: Empoleon|28\/100\n|-damage|p1b: Iron Hands|0 fnt\n|faint|p1b: Iron Hands\n|-end|p1b: Iron Hands|Quark Drive|[silent]\n|move|p2a: Oranguru|Instruct|p2b: Sylveon\n|-singleturn|p2b: Sylveon|move: Instruct|[of] p2a: Oranguru\n|move|p2b: Sylveon|Hyper Voice|p1a: Empoleon\n|-resisted|p1a: Empoleon\n|-damage|p1a: Empoleon|3\/100\n|move|p1a: Empoleon|Hydro Pump|p2b: Sylveon\n|-supereffective|p2b: Sylveon\n|-damage|p2b: Sylveon|0 fnt\n|faint|p2b: Sylveon\n|\n|upkeep\n|\n|t:|1700450548\n|switch|p1b: Roaring Moon|Roaring Moon, L50|100\/100\n|switch|p2b: Lurantis|Lurantis, L50, F|100\/100\n|-enditem|p1b: Roaring Moon|Booster Energy\n|-activate|p1b: Roaring Moon|ability: Protosynthesis|[fromitem]\n|-start|p1b: Roaring Moon|protosynthesisatk\n|turn|5\n|\n|t:|1700450562\n|-terastallize|p1b: Roaring Moon|Flying\n|move|p2a: Oranguru|Foul Play|p1a: Empoleon\n|-damage|p1a: Empoleon|0 fnt\n|faint|p1a: Empoleon\n|move|p2b: Lurantis|Superpower|p1b: Roaring Moon\n|-resisted|p1b: Roaring Moon\n|-damage|p1b: Roaring Moon|84\/100\n|-boost|p2b: Lurantis|atk|1\n|-boost|p2b: Lurantis|def|1\n|move|p1b: Roaring Moon|Acrobatics|p2b: Lurantis\n|-supereffective|p2b: Lurantis\n|-damage|p2b: Lurantis|12\/100\n|\n|upkeep\n|turn|6\n|\n|t:|1700450580\n|move|p1b: Roaring Moon|Protect|p1b: Roaring Moon\n|-singleturn|p1b: Roaring Moon|Protect\n|move|p2a: Oranguru|Encore|p2b: Lurantis\n|-start|p2b: Lurantis|Encore\n|move|p2b: Lurantis|Superpower|p1b: Roaring Moon\n|-activate|p1b: Roaring Moon|move: Protect\n|\n|-sideend|p2: biei525|move: Light Screen\n|upkeep\n|turn|7\n|\n|t:|1700450595\n|move|p2a: Oranguru|Encore|p1b: Roaring Moon\n|-start|p1b: Roaring Moon|Encore\n|move|p2b: Lurantis|Superpower|p1b: Roaring Moon\n|-resisted|p1b: Roaring Moon\n|-damage|p1b: Roaring Moon|60\/100\n|-boost|p2b: Lurantis|atk|1\n|-boost|p2b: Lurantis|def|1\n|move|p1b: Roaring Moon|Protect||[still]\n|-fail|p1b: Roaring Moon\n|\n|-fieldend|move: Trick Room\n|upkeep\n|turn|8\n|-message|Abro hilo forfeited.\n|\n|win|biei525\n|raw|Abro hilo's rating: 1411 &rarr; <strong>1389<\/strong><br \/>(-22 for losing)\n|raw|biei525's rating: 1369 &rarr; <strong>1391<\/strong><br \/>(+22 for winning)\n|l|\u2606Abro hilo\n","uploadtime":1700450608,"views":10,"p1id":"abrohilo","p2id":"biei525","formatid":"gen9vgc2023regulatione","rating":1389,"private":0,"password":""}