{"id":"gen9vgc2023regulatione-1999612613","p1":"morkell","p2":"taco_bowl_mx","format":"[Gen 9] VGC 2023 Regulation E","log":"|j|\u2606morkell\n|j|\u2606taco_bowl_mx\n|t:|1701101172\n|gametype|doubles\n|player|p1|morkell|ethan|1479\n|player|p2|taco_bowl_mx|dawn-gen4pt|1374\n|teamsize|p1|6\n|teamsize|p2|6\n|gen|9\n|tier|[Gen 9] VGC 2023 Regulation E\n|rated|\n|rule|Species Clause: Limit one of each Pok\u00e9mon\n|rule|Item Clause: Limit one of each item\n|clearpoke\n|poke|p1|Iron Hands, L50|\n|poke|p1|Landorus-Therian, L50, M|\n|poke|p1|Dusclops, L50, M|\n|poke|p1|Ogerpon-Wellspring, L50, F|\n|poke|p1|Ursaluna-Bloodmoon, L50, M|\n|poke|p1|Chi-Yu, L50|\n|poke|p2|Flutter Mane, L50|\n|poke|p2|Chien-Pao, L50|\n|poke|p2|Iron Hands, L50|\n|poke|p2|Heatran, L50, F|\n|poke|p2|Ogerpon-Wellspring, L50, F|\n|poke|p2|Landorus-Therian, L50, M|\n|teampreview|4\n|inactive|Battle timer is ON: inactive players will automatically lose when time's up. (requested by morkell)\nmorkell has agreed to open team sheets.\ntaco_bowl_mx has agreed to open team sheets.\n|inactive|morkell has 30 seconds left.\n|inactive|taco_bowl_mx has 30 seconds left.\n|\n|t:|1701101212\n|start\n|switch|p1a: Ogerpon|Ogerpon-Wellspring, L50, F|100\/100\n|switch|p1b: Dusclops|Dusclops, L50, M|100\/100\n|switch|p2a: Iron Hands|Iron Hands, L50, shiny|100\/100\n|switch|p2b: Chien-Pao|Chien-Pao, L50|100\/100\n|-ability|p2b: Chien-Pao|Sword of Ruin\n|-ability|p1b: Dusclops|Pressure\n|turn|1\n|inactive|morkell has 30 seconds left.\n|\n|t:|1701101240\n|-end|p2a: Iron Hands|Quark Drive|[silent]\n|switch|p2a: Flutter Mane|Flutter Mane, L50|100\/100\n|move|p2b: Chien-Pao|Protect|p2b: Chien-Pao\n|-singleturn|p2b: Chien-Pao|Protect\n|move|p1a: Ogerpon|Ivy Cudgel|p2b: Chien-Pao|[anim] Ivy Cudgel Water\n|-activate|p2b: Chien-Pao|move: Protect\n|move|p1b: Dusclops|Trick Room|p1b: Dusclops\n|-fieldstart|move: Trick Room|[of] p1b: Dusclops\n|\n|upkeep\n|turn|2\n|\n|t:|1701101263\n|move|p2b: Chien-Pao|Sucker Punch|p1b: Dusclops\n|-supereffective|p1b: Dusclops\n|-damage|p1b: Dusclops|39\/100\n|move|p1b: Dusclops|Night Shade|p2a: Flutter Mane\n|-damage|p2a: Flutter Mane|66\/100\n|move|p1a: Ogerpon|Ivy Cudgel|p2a: Flutter Mane|[anim] Ivy Cudgel Water\n|-damage|p2a: Flutter Mane|0 fnt\n|faint|p2a: Flutter Mane\n|-end|p2a: Flutter Mane|Protosynthesis|[silent]\n|\n|upkeep\n|\n|t:|1701101276\n|switch|p2a: Ogerpon|Ogerpon-Wellspring, L50, F|100\/100\n|turn|3\n|\n|t:|1701101299\n|switch|p1b: Moonbert|Ursaluna-Bloodmoon, L50, M|100\/100\n|move|p2a: Ogerpon|Spiky Shield|p2a: Ogerpon\n|-singleturn|p2a: Ogerpon|move: Protect\n|move|p2b: Chien-Pao|Protect|p2b: Chien-Pao\n|-singleturn|p2b: Chien-Pao|Protect\n|move|p1a: Ogerpon|Follow Me|p1a: Ogerpon\n|-singleturn|p1a: Ogerpon|move: Follow Me\n|\n|upkeep\n|turn|4\n|inactive|morkell has 30 seconds left.\n|inactive|taco_bowl_mx has 30 seconds left.\n|\n|t:|1701101332\n|switch|p2b: Iron Hands|Iron Hands, L50, shiny|100\/100\n|-terastallize|p1b: Moonbert|Normal\n|move|p1b: Moonbert|Blood Moon|p2a: Ogerpon\n|-damage|p2a: Ogerpon|0 fnt\n|faint|p2a: Ogerpon\n|move|p1a: Ogerpon|Ivy Cudgel|p2b: Iron Hands|[anim] Ivy Cudgel Water\n|-damage|p2b: Iron Hands|65\/100\n|\n|upkeep\n|\n|t:|1701101343\n|switch|p2a: Chien-Pao|Chien-Pao, L50|100\/100\n|-ability|p2a: Chien-Pao|Sword of Ruin\n|turn|5\n|\n|t:|1701101357\n|move|p2a: Chien-Pao|Protect|p2a: Chien-Pao\n|-singleturn|p2a: Chien-Pao|Protect\n|move|p2b: Iron Hands|Fake Out|p1b: Moonbert\n|-damage|p1b: Moonbert|85\/100\n|cant|p1b: Moonbert|flinch\n|move|p1a: Ogerpon|Ivy Cudgel|p2a: Chien-Pao|[anim] Ivy Cudgel Water\n|-activate|p2a: Chien-Pao|move: Protect\n|\n|-fieldend|move: Trick Room\n|upkeep\n|turn|6\n|\n|t:|1701101376\n|move|p1b: Moonbert|Protect|p1b: Moonbert\n|-singleturn|p1b: Moonbert|Protect\n|move|p2a: Chien-Pao|Ice Spinner|p1b: Moonbert\n|-activate|p1b: Moonbert|move: Protect\n|move|p1a: Ogerpon|Ivy Cudgel|p2a: Chien-Pao|[anim] Ivy Cudgel Water\n|-damage|p2a: Chien-Pao|31\/100\n|move|p2b: Iron Hands|Drain Punch|p1b: Moonbert\n|-activate|p1b: Moonbert|move: Protect\n|\n|upkeep\n|turn|7\n|inactive|morkell has 30 seconds left.\n|inactive|taco_bowl_mx has 30 seconds left.\n|inactive|morkell has 20 seconds left.\n|\n|t:|1701101415\n|switch|p1b: Dusclops|Dusclops, L50, M|39\/100\n|-ability|p1b: Dusclops|Pressure\n|move|p2a: Chien-Pao|Ice Spinner|p1b: Dusclops\n|-damage|p1b: Dusclops|6\/100\n|move|p1a: Ogerpon|Horn Leech|p2b: Iron Hands\n|-damage|p2b: Iron Hands|25\/100\n|move|p2b: Iron Hands|Drain Punch|p1b: Dusclops\n|-immune|p1b: Dusclops\n|\n|upkeep\n|turn|8\n|\n|t:|1701101432\n|move|p1a: Ogerpon|Follow Me|p1a: Ogerpon\n|-singleturn|p1a: Ogerpon|move: Follow Me\n|move|p2a: Chien-Pao|Ice Spinner|p1a: Ogerpon\n|-damage|p1a: Ogerpon|48\/100\n|move|p2b: Iron Hands|Drain Punch|p1a: Ogerpon\n|-damage|p1a: Ogerpon|0 fnt\n|-heal|p2b: Iron Hands|43\/100|[from] drain|[of] p1a: Ogerpon\n|faint|p1a: Ogerpon\n|move|p1b: Dusclops|Trick Room|p1b: Dusclops\n|-fieldstart|move: Trick Room|[of] p1b: Dusclops\n|\n|upkeep\n|\n|t:|1701101440\n|switch|p1a: Moonbert|Ursaluna-Bloodmoon, L50, M, tera:Normal|85\/100\n|turn|9\n|\n|t:|1701101459\n|-terastallize|p2b: Iron Hands|Water\n|move|p2a: Chien-Pao|Sucker Punch|p1b: Dusclops\n|-supereffective|p1b: Dusclops\n|-damage|p1b: Dusclops|0 fnt\n|faint|p1b: Dusclops\n|move|p1a: Moonbert|Hyper Voice|p2b: Iron Hands|[spread] p2a,p2b\n|-damage|p2a: Chien-Pao|0 fnt\n|-damage|p2b: Iron Hands|16\/100\n|faint|p2a: Chien-Pao\n|move|p2b: Iron Hands|Drain Punch|p1a: Moonbert\n|-supereffective|p1a: Moonbert\n|-damage|p1a: Moonbert|28\/100\n|-heal|p2b: Iron Hands|42\/100|[from] drain|[of] p1a: Moonbert\n|-enditem|p1a: Moonbert|Weakness Policy\n|-boost|p1a: Moonbert|atk|2|[from] item: Weakness Policy\n|-boost|p1a: Moonbert|spa|2|[from] item: Weakness Policy\n|\n|upkeep\n|\n|t:|1701101471\n|switch|p1b: Iron Hands|Iron Hands, L50|100\/100\n|turn|10\n|\n|t:|1701101481\n|move|p1b: Iron Hands|Fake Out|p2b: Iron Hands\n|-damage|p2b: Iron Hands|32\/100\n|move|p1a: Moonbert|Blood Moon|p2b: Iron Hands\n|-damage|p2b: Iron Hands|0 fnt\n|faint|p2b: Iron Hands\n|-end|p2b: Iron Hands|Quark Drive|[silent]\n|\n|win|morkell\n|raw|morkell's rating: 1479 &rarr; <strong>1493<\/strong><br \/>(+14 for winning)\n|raw|taco_bowl_mx's rating: 1374 &rarr; <strong>1360<\/strong><br \/>(-14 for losing)\n","uploadtime":1701101490,"views":12,"p1id":"morkell","p2id":"tacobowlmx","formatid":"gen9vgc2023regulatione","rating":1360,"private":0,"password":""}