{"id":"gen9vgc2023regulatione-1989809825","p1":"jackfabo","p2":"bobrossthesnail","format":"[Gen 9] VGC 2023 Regulation E","log":"|j|\u2606jackfabo\n|j|\u2606bobrossthesnail\n|t:|1699897594\n|gametype|doubles\n|player|p1|jackfabo|collector|1061\n|player|p2|bobrossthesnail|101|1011\n|teamsize|p1|6\n|teamsize|p2|6\n|gen|9\n|tier|[Gen 9] VGC 2023 Regulation E\n|rated|\n|rule|Species Clause: Limit one of each Pok\u00e9mon\n|rule|Item Clause: Limit one of each item\n|clearpoke\n|poke|p1|Ninetales-Alola, L50, M|\n|poke|p1|Landorus-Therian, L50, M|\n|poke|p1|Regieleki, L50|\n|poke|p1|Ogerpon-Hearthflame, L50, F|\n|poke|p1|Empoleon, L50, F|\n|poke|p1|Dragonite, L50, M|\n|poke|p2|Typhlosion, L50, F|\n|poke|p2|Torkoal, L50, F|\n|poke|p2|Lilligant-Hisui, L50, F|\n|poke|p2|Poliwrath, L50, F|\n|poke|p2|Gholdengo, L50|\n|poke|p2|Arcanine-Hisui, L50, F|\n|teampreview|4\n|inactive|Battle timer is ON: inactive players will automatically lose when time's up. (requested by jackfabo)\n|inactive|bobrossthesnail has 60 seconds left.\n|\n|t:|1699897633\n|start\n|switch|p1a: Landorus|Landorus-Therian, L50, M|100\/100\n|switch|p1b: Empoleon|Empoleon, L50, F|100\/100\n|switch|p2a: Torkoal|Torkoal, L50, F|100\/100\n|switch|p2b: Poliwrath|Poliwrath, L50, F|100\/100\n|-ability|p1a: Landorus|Intimidate|boost\n|-unboost|p2a: Torkoal|atk|1\n|-unboost|p2b: Poliwrath|atk|1\n|-weather|SunnyDay|[from] ability: Drought|[of] p2a: Torkoal\n|turn|1\n|inactive|jackfabo has 30 seconds left.\n|inactive|bobrossthesnail has 30 seconds left.\n|inactive|jackfabo has 20 seconds left.\n|\n|t:|1699897672\n|switch|p2a: Lilligant|Lilligant-Hisui, L50, F|100\/100\n|-terastallize|p1a: Landorus|Flying\n|move|p1a: Landorus|Rock Slide|p2b: Poliwrath|[spread] p2a,p2b\n|-resisted|p2a: Lilligant\n|-resisted|p2b: Poliwrath\n|-crit|p2b: Poliwrath\n|-damage|p2a: Lilligant|88\/100\n|-damage|p2b: Poliwrath|88\/100\n|move|p1b: Empoleon|Yawn|p2a: Lilligant\n|-immune|p2a: Lilligant|[from] ability: Leaf Guard\n|move|p2b: Poliwrath|Hydro Pump|p1a: Landorus|[miss]\n|-miss|p2b: Poliwrath|p1a: Landorus\n|\n|-weather|SunnyDay|[upkeep]\n|upkeep\n|turn|2\n|inactive|jackfabo has 30 seconds left.\n|inactive|bobrossthesnail has 30 seconds left.\n|inactive|jackfabo has 20 seconds left.\n|\n|t:|1699897710\n|switch|p1a: Ninetales|Ninetales-Alola, L50, M|100\/100\n|switch|p1b: Dragonite|Dragonite, L50, M|100\/100\n|move|p2a: Lilligant|Pollen Puff|p1b: Dragonite\n|-resisted|p1b: Dragonite\n|-damage|p1b: Dragonite|98\/100\n|move|p2b: Poliwrath|Drain Punch|p1b: Dragonite\n|-resisted|p1b: Dragonite\n|-damage|p1b: Dragonite|89\/100\n|-heal|p2b: Poliwrath|93\/100|[from] drain|[of] p1b: Dragonite\n|\n|-weather|SunnyDay|[upkeep]\n|upkeep\n|turn|3\n|inactive|jackfabo has 30 seconds left.\n|inactive|bobrossthesnail has 30 seconds left.\n|inactive|jackfabo has 20 seconds left.\n|inactive|bobrossthesnail has 20 seconds left.\n|inactive|jackfabo has 15 seconds left.\n|inactive|bobrossthesnail has 15 seconds left.\n|inactive|jackfabo has 10 seconds left.\n|inactive|bobrossthesnail has 10 seconds left.\n|\n|t:|1699897759\n|switch|p2a: Typhlosion|Typhlosion, L50, F|100\/100\n|move|p2b: Poliwrath|Protect|p2b: Poliwrath\n|-singleturn|p2b: Poliwrath|Protect\n|move|p1a: Ninetales|Aurora Veil||[still]\n|-fail|p1a: Ninetales\n|move|p1b: Dragonite|Ice Spinner|p2a: Typhlosion\n|-resisted|p2a: Typhlosion\n|-damage|p2a: Typhlosion|82\/100\n|\n|-weather|SunnyDay|[upkeep]\n|upkeep\n|turn|4\n|\n|t:|1699897784\n|move|p1a: Ninetales|Howl|p1a: Ninetales|[spread] p1a,p1b\n|-boost|p1a: Ninetales|atk|1\n|-boost|p1b: Dragonite|atk|1\n|move|p2a: Typhlosion|Eruption|p1a: Ninetales|[spread] p1a,p1b\n|-supereffective|p1a: Ninetales\n|-resisted|p1b: Dragonite\n|-damage|p1a: Ninetales|0 fnt\n|-damage|p1b: Dragonite|64\/100\n|faint|p1a: Ninetales\n|move|p1b: Dragonite|Stomping Tantrum|p2a: Typhlosion\n|-supereffective|p2a: Typhlosion\n|-damage|p2a: Typhlosion|0 fnt\n|faint|p2a: Typhlosion\n|move|p2b: Poliwrath|Weather Ball|p1b: Dragonite\n|-resisted|p1b: Dragonite\n|-damage|p1b: Dragonite|55\/100\n|\n|-weather|SunnyDay|[upkeep]\n|upkeep\n|\n|t:|1699897804\n|switch|p1a: Landorus|Landorus-Therian, L50, M, tera:Flying|100\/100\n|switch|p2a: Lilligant|Lilligant-Hisui, L50, F|88\/100\n|-ability|p1a: Landorus|Intimidate|boost\n|-unboost|p2a: Lilligant|atk|1\n|-unboost|p2b: Poliwrath|atk|1\n|turn|5\n|inactive|bobrossthesnail has 30 seconds left.\n|\n|t:|1699897833\n|move|p2a: Lilligant|Pollen Puff|p1b: Dragonite\n|-resisted|p1b: Dragonite\n|-damage|p1b: Dragonite|51\/100\n|move|p1a: Landorus|Tera Blast|p2b: Poliwrath|[anim] Tera Blast Flying\n|-supereffective|p2b: Poliwrath\n|-damage|p2b: Poliwrath|0 fnt\n|faint|p2b: Poliwrath\n|move|p1b: Dragonite|Ice Spinner|p2a: Lilligant\n|-supereffective|p2a: Lilligant\n|-damage|p2a: Lilligant|0 fnt\n|faint|p2a: Lilligant\n|\n|-weather|SunnyDay|[upkeep]\n|upkeep\n|\n|t:|1699897851\n|switch|p2b: Torkoal|Torkoal, L50, F|100\/100\n|turn|6\n|\n|t:|1699897862\n|-terastallize|p2b: Torkoal|Flying\n|move|p1a: Landorus|Tera Blast|p2b: Torkoal|[anim] Tera Blast Flying\n|-damage|p2b: Torkoal|65\/100\n|move|p1b: Dragonite|Stomping Tantrum|p2b: Torkoal\n|-immune|p2b: Torkoal\n|move|p2b: Torkoal|Lava Plume|p1b: Dragonite|[spread] p1a,p1b\n|-resisted|p1b: Dragonite\n|-damage|p1a: Landorus|68\/100\n|-damage|p1b: Dragonite|42\/100\n|-status|p1a: Landorus|brn\n|\n|-weather|SunnyDay|[upkeep]\n|-damage|p1a: Landorus|62\/100 brn|[from] brn\n|upkeep\n|turn|7\n|\n|t:|1699897883\n|move|p1a: Landorus|Tera Blast|p2b: Torkoal|[anim] Tera Blast Flying\n|-damage|p2b: Torkoal|49\/100\n|move|p1b: Dragonite|Ice Spinner|p2b: Torkoal\n|-supereffective|p2b: Torkoal\n|-damage|p2b: Torkoal|0 fnt\n|faint|p2b: Torkoal\n|\n|win|jackfabo\n|raw|jackfabo's rating: 1061 &rarr; <strong>1087<\/strong><br \/>(+26 for winning)\n|raw|bobrossthesnail's rating: 1011 &rarr; <strong>1001<\/strong><br \/>(-10 for losing)\n|l|\u2606bobrossthesnail\n|c|\u2606jackfabo|gg\n","uploadtime":1699897912,"views":8,"p1id":"jackfabo","p2id":"bobrossthesnail","formatid":"gen9vgc2023regulatione","rating":1001,"private":0,"password":""}