{"id":"gen9vgc2023regulatione-1997727815","p1":"makemegowalnuts","p2":"CityD169","format":"[Gen 9] VGC 2023 Regulation E","log":"|j|\u2606makemegowalnuts\n|j|\u2606CityD169\n|t:|1700846294\n|gametype|doubles\n|player|p1|makemegowalnuts|102|1300\n|player|p2|CityD169|rosa-pokestar|1373\n|teamsize|p1|6\n|teamsize|p2|6\n|gen|9\n|tier|[Gen 9] VGC 2023 Regulation E\n|rated|\n|rule|Species Clause: Limit one of each Pok\u00e9mon\n|rule|Item Clause: Limit one of each item\n|clearpoke\n|poke|p1|Armarouge, L50, F|\n|poke|p1|Torkoal, L50, F|\n|poke|p1|Ursaluna, L50, F|\n|poke|p1|Indeedee-F, L50, F|\n|poke|p1|Lilligant-Hisui, L50, F|\n|poke|p1|Hatterene, L50, F|\n|poke|p2|Chi-Yu, L50|\n|poke|p2|Ogerpon, L50, F|\n|poke|p2|Milotic, L50, M|\n|poke|p2|Scream Tail, L50|\n|poke|p2|Ninetales-Alola, L50, F|\n|poke|p2|Goodra-Hisui, L50, F|\n|teampreview|4\n|\n|t:|1700846344\n|start\n|switch|p1a: Amargo|Armarouge, L50, F|100\/100\n|switch|p1b: Jejedeedee|Indeedee-F, L50, F|100\/100\n|switch|p2a: Scream Tail|Scream Tail, L50, shiny|100\/100\n|switch|p2b: Goodra|Goodra-Hisui, L50, F|100\/100\n|-fieldstart|move: Psychic Terrain|[from] ability: Psychic Surge|[of] p1b: Jejedeedee\n|-enditem|p2a: Scream Tail|Booster Energy\n|-activate|p2a: Scream Tail|ability: Protosynthesis|[fromitem]\n|-start|p2a: Scream Tail|protosynthesisspe\n|turn|1\n|inactive|Battle timer is ON: inactive players will automatically lose when time's up. (requested by CityD169)\n|\n|t:|1700846411\n|switch|p2b: Chi-Yu|Chi-Yu, L50|100\/100\n|-ability|p2b: Chi-Yu|Beads of Ruin\n|switch|p1a: Ursaluna|Ursaluna, L50, F|100\/100\n|move|p2a: Scream Tail|Encore||[still]\n|-fail|p2a: Scream Tail\n|move|p1b: Jejedeedee|Trick Room|p1b: Jejedeedee\n|-fieldstart|move: Trick Room|[of] p1b: Jejedeedee\n|\n|-status|p1a: Ursaluna|brn|[from] item: Flame Orb\n|upkeep\n|turn|2\n|inactive|CityD169 has 30 seconds left.\n|\n|t:|1700846444\n|move|p2b: Chi-Yu|Protect|p2b: Chi-Yu\n|-singleturn|p2b: Chi-Yu|Protect\n|move|p1a: Ursaluna|Facade|p2b: Chi-Yu\n|-activate|p2b: Chi-Yu|move: Protect\n|move|p1b: Jejedeedee|Dazzling Gleam|p2b: Chi-Yu|[spread] p2a\n|-activate|p2b: Chi-Yu|move: Protect\n|-damage|p2a: Scream Tail|87\/100\n|move|p2a: Scream Tail|Trick Room|p2a: Scream Tail\n|-fieldend|move: Trick Room\n|\n|-damage|p1a: Ursaluna|95\/100 brn|[from] brn\n|upkeep\n|turn|3\n|\n|t:|1700846468\n|move|p1b: Jejedeedee|Follow Me|p1b: Jejedeedee\n|-singleturn|p1b: Jejedeedee|move: Follow Me\n|move|p2a: Scream Tail|Encore|p1b: Jejedeedee\n|-start|p1b: Jejedeedee|Encore\n|move|p2b: Chi-Yu|Substitute|p2b: Chi-Yu\n|-start|p2b: Chi-Yu|Substitute\n|-damage|p2b: Chi-Yu|76\/100\n|move|p1a: Ursaluna|Facade|p2b: Chi-Yu\n|-end|p2b: Chi-Yu|Substitute\n|\n|-damage|p1a: Ursaluna|89\/100 brn|[from] brn\n|upkeep\n|turn|4\n|\n|t:|1700846479\n|move|p1b: Jejedeedee|Follow Me|p1b: Jejedeedee\n|-singleturn|p1b: Jejedeedee|move: Follow Me\n|move|p2a: Scream Tail|Disable|p1b: Jejedeedee\n|-start|p1b: Jejedeedee|Disable|Follow Me\n|move|p2b: Chi-Yu|Substitute|p2b: Chi-Yu\n|-start|p2b: Chi-Yu|Substitute\n|-damage|p2b: Chi-Yu|51\/100\n|move|p1a: Ursaluna|Facade|p2a: Scream Tail\n|-damage|p2a: Scream Tail|0 fnt\n|faint|p2a: Scream Tail\n|-end|p2a: Scream Tail|Protosynthesis|[silent]\n|\n|-damage|p1a: Ursaluna|83\/100 brn|[from] brn\n|upkeep\n|\n|t:|1700846490\n|switch|p2a: Goodra|Goodra-Hisui, L50, F|100\/100\n|turn|5\n|inactive|CityD169 has 30 seconds left.\n|\n|t:|1700846516\n|switch|p1b: Amargo|Armarouge, L50, F|100\/100\n|move|p2b: Chi-Yu|Protect|p2b: Chi-Yu\n|-singleturn|p2b: Chi-Yu|Protect\n|move|p1a: Ursaluna|Protect|p1a: Ursaluna\n|-singleturn|p1a: Ursaluna|Protect\n|move|p2a: Goodra|Shelter|p2a: Goodra\n|-boost|p2a: Goodra|def|2\n|\n|-damage|p1a: Ursaluna|77\/100 brn|[from] brn\n|-fieldend|move: Psychic Terrain\n|upkeep\n|turn|6\n|inactive|makemegowalnuts has 30 seconds left.\n|\n|t:|1700846543\n|move|p2b: Chi-Yu|Dark Pulse|p1b: Amargo\n|-supereffective|p1b: Amargo\n|-damage|p1b: Amargo|0 fnt\n|faint|p1b: Amargo\n|-damage|p2b: Chi-Yu|42\/100|[from] item: Life Orb\n|move|p2a: Goodra|Shelter|p2a: Goodra\n|-boost|p2a: Goodra|def|2\n|move|p1a: Ursaluna|Facade|p2b: Chi-Yu\n|-crit|p2b: Chi-Yu\n|-end|p2b: Chi-Yu|Substitute\n|\n|-damage|p1a: Ursaluna|71\/100 brn|[from] brn\n|upkeep\n|\n|t:|1700846549\n|switch|p1b: Jejedeedee|Indeedee-F, L50, F|100\/100\n|-fieldstart|move: Psychic Terrain|[from] ability: Psychic Surge|[of] p1b: Jejedeedee\n|turn|7\n|inactive|CityD169 has 30 seconds left.\n|\n|t:|1700846582\n|move|p2b: Chi-Yu|Substitute|p2b: Chi-Yu\n|-start|p2b: Chi-Yu|Substitute\n|-damage|p2b: Chi-Yu|17\/100\n|move|p2a: Goodra|Shelter|p2a: Goodra\n|-boost|p2a: Goodra|def|2\n|move|p1a: Ursaluna|Facade|p2b: Chi-Yu\n|-end|p2b: Chi-Yu|Substitute\n|move|p1b: Jejedeedee|Trick Room|p1b: Jejedeedee\n|-fieldstart|move: Trick Room|[of] p1b: Jejedeedee\n|\n|-damage|p1a: Ursaluna|65\/100 brn|[from] brn\n|upkeep\n|turn|8\n|inactive|makemegowalnuts has 30 seconds left.\n|\n|t:|1700846612\n|move|p2b: Chi-Yu|Protect|p2b: Chi-Yu\n|-singleturn|p2b: Chi-Yu|Protect\n|move|p1b: Jejedeedee|Follow Me|p1b: Jejedeedee\n|-singleturn|p1b: Jejedeedee|move: Follow Me\n|move|p1a: Ursaluna|Facade|p2b: Chi-Yu\n|-activate|p2b: Chi-Yu|move: Protect\n|move|p2a: Goodra|Body Press|p1b: Jejedeedee\n|-damage|p1b: Jejedeedee|23\/100\n|-damage|p2a: Goodra|84\/100|[from] item: Rocky Helmet|[of] p1b: Jejedeedee\n|\n|-heal|p2a: Goodra|90\/100|[from] item: Leftovers\n|-damage|p1a: Ursaluna|59\/100 brn|[from] brn\n|upkeep\n|turn|9\n|inactive|CityD169 has 30 seconds left.\n|inactive|CityD169 has 20 seconds left.\n|inactive|CityD169 has 15 seconds left.\n|inactive|CityD169 has 10 seconds left.\n|\n|t:|1700846662\n|move|p2b: Chi-Yu|Protect|p2b: Chi-Yu\n|-singleturn|p2b: Chi-Yu|Protect\n|move|p1b: Jejedeedee|Follow Me|p1b: Jejedeedee\n|-singleturn|p1b: Jejedeedee|move: Follow Me\n|move|p1a: Ursaluna|Facade|p2b: Chi-Yu\n|-activate|p2b: Chi-Yu|move: Protect\n|move|p2a: Goodra|Body Press|p1b: Jejedeedee\n|-damage|p1b: Jejedeedee|0 fnt\n|-damage|p2a: Goodra|73\/100|[from] item: Rocky Helmet|[of] p1b: Jejedeedee\n|faint|p1b: Jejedeedee\n|\n|-heal|p2a: Goodra|79\/100|[from] item: Leftovers\n|-damage|p1a: Ursaluna|53\/100 brn|[from] brn\n|upkeep\n|\n|t:|1700846676\n|switch|p1b: Jejerene|Hatterene, L50, F|100\/100\n|turn|10\n|\n|t:|1700846698\n|move|p1a: Ursaluna|Protect|p1a: Ursaluna\n|-singleturn|p1a: Ursaluna|Protect\n|move|p2b: Chi-Yu|Protect||[still]\n|-fail|p2b: Chi-Yu\n|move|p1b: Jejerene|Dazzling Gleam|p2a: Goodra|[spread] p2a,p2b\n|-damage|p2a: Goodra|43\/100\n|-damage|p2b: Chi-Yu|0 fnt\n|faint|p2b: Chi-Yu\n|-damage|p1b: Jejerene|91\/100|[from] item: Life Orb\n|move|p2a: Goodra|Heavy Slam|p1b: Jejerene\n|-supereffective|p1b: Jejerene\n|-damage|p1b: Jejerene|0 fnt\n|faint|p1b: Jejerene\n|\n|-heal|p2a: Goodra|49\/100|[from] item: Leftovers\n|-damage|p1a: Ursaluna|47\/100 brn|[from] brn\n|upkeep\n|\n|t:|1700846710\n|switch|p2b: Milotic|Milotic, L50, M|100\/100\n|turn|11\n|c|\u2606CityD169|gg\n|c|\u2606CityD169|cheers fat rip time\n|c|\u2606CityD169|part 16\n|inactive|CityD169 has 30 seconds left.\n|\n|t:|1700846744\n|move|p2a: Goodra|Protect|p2a: Goodra\n|-singleturn|p2a: Goodra|Protect\n|move|p1a: Ursaluna|Facade|p2b: Milotic\n|-damage|p2b: Milotic|0 fnt\n|faint|p2b: Milotic\n|\n|-heal|p2a: Goodra|55\/100|[from] item: Leftovers\n|-damage|p1a: Ursaluna|41\/100 brn|[from] brn\n|-fieldend|move: Trick Room\n|-fieldend|move: Psychic Terrain\n|upkeep\n|turn|12\n|\n|t:|1700846763\n|-terastallize|p2a: Goodra|Fairy\n|move|p2a: Goodra|Body Press|p1a: Ursaluna\n|-supereffective|p1a: Ursaluna\n|-damage|p1a: Ursaluna|0 fnt\n|faint|p1a: Ursaluna\n|\n|win|CityD169\n|raw|makemegowalnuts's rating: 1319 &rarr; <strong>1302<\/strong><br \/>(-17 for losing)\n|raw|CityD169's rating: 1373 &rarr; <strong>1390<\/strong><br \/>(+17 for winning)\n|l|\u2606makemegowalnuts\n","uploadtime":1700847324,"views":3,"p1id":"makemegowalnuts","p2id":"cityd169","formatid":"gen9vgc2023regulatione","rating":1302,"private":0,"password":""}