{"id":"gen9vgc2023regulatione-1999358030","p1":"alpha can elephant","p2":"thebigmacky","format":"[Gen 9] VGC 2023 Regulation E","log":"|j|\u2606alpha can elephant\n|j|\u2606thebigmacky\n|t:|1701066168\n|gametype|doubles\n|player|p1|alpha can elephant|marley|1476\n|player|p2|thebigmacky|cynthia-gen4|1481\n|teamsize|p1|6\n|teamsize|p2|6\n|gen|9\n|tier|[Gen 9] VGC 2023 Regulation E\n|rated|\n|rule|Species Clause: Limit one of each Pok\u00e9mon\n|rule|Item Clause: Limit one of each item\n|clearpoke\n|poke|p1|Chien-Pao, L50|\n|poke|p1|Dragonite, L50, F|\n|poke|p1|Flutter Mane, L50|\n|poke|p1|Chi-Yu, L50|\n|poke|p1|Ting-Lu, L50|\n|poke|p1|Dondozo, L50, F|\n|poke|p2|Landorus-Therian, L50, M|\n|poke|p2|Tornadus, L50, M|\n|poke|p2|Urshifu-*, L50, F|\n|poke|p2|Gholdengo, L50|\n|poke|p2|Rillaboom, L50, F|\n|poke|p2|Chien-Pao, L50|\n|teampreview|4\n|\n|t:|1701066199\n|start\n|switch|p1a: Ting-Lu|Ting-Lu, L50|100\/100\n|switch|p1b: Dondozo|Dondozo, L50, F|100\/100\n|switch|p2a: Tornadus|Tornadus, L50, M|100\/100\n|switch|p2b: Gholdengo|Gholdengo, L50|100\/100\n|-ability|p1a: Ting-Lu|Vessel of Ruin\n|turn|1\n|inactive|Battle timer is ON: inactive players will automatically lose when time's up. (requested by alpha can elephant)\n|\n|t:|1701066210\n|switch|p2b: Rillaboom|Rillaboom, L50, F|100\/100\n|-fieldstart|move: Grassy Terrain|[from] ability: Grassy Surge|[of] p2b: Rillaboom\n|move|p2a: Tornadus|Tailwind|p2a: Tornadus\n|-sidestart|p2: thebigmacky|move: Tailwind\n|move|p1a: Ting-Lu|Earthquake|p2b: Rillaboom|[spread] p1b,p2b\n|-immune|p2a: Tornadus\n|-resisted|p2b: Rillaboom\n|-damage|p1b: Dondozo|90\/100\n|-damage|p2b: Rillaboom|93\/100\n|move|p1b: Dondozo|Yawn|p2a: Tornadus\n|-start|p2a: Tornadus|move: Yawn|[of] p1b: Dondozo\n|\n|-heal|p2b: Rillaboom|99\/100|[from] Grassy Terrain\n|-heal|p1b: Dondozo|96\/100|[from] Grassy Terrain\n|upkeep\n|turn|2\n|inactive|alpha can elephant has 30 seconds left.\n|\n|t:|1701066238\n|switch|p1b: Dragonite|Dragonite, L50, F|100\/100\n|-terastallize|p1a: Ting-Lu|Poison\n|move|p2a: Tornadus|Taunt|p1b: Dragonite\n|-start|p1b: Dragonite|move: Taunt\n|move|p2b: Rillaboom|Wood Hammer|p1a: Ting-Lu\n|-resisted|p1a: Ting-Lu\n|-damage|p1a: Ting-Lu|80\/100\n|-damage|p2b: Rillaboom|91\/100|[from] Recoil\n|move|p1a: Ting-Lu|Ruination|p2b: Rillaboom\n|-damage|p2b: Rillaboom|46\/100\n|\n|-heal|p2b: Rillaboom|52\/100|[from] Grassy Terrain\n|-heal|p1a: Ting-Lu|86\/100|[from] Grassy Terrain\n|-heal|p1a: Ting-Lu|93\/100|[from] item: Leftovers\n|-end|p2a: Tornadus|move: Yawn|[silent]\n|-status|p2a: Tornadus|slp\n|upkeep\n|turn|3\n|\n|t:|1701066252\n|switch|p2a: Gholdengo|Gholdengo, L50|100\/100\n|-terastallize|p2b: Rillaboom|Fire\n|move|p2b: Rillaboom|Stomping Tantrum|p1a: Ting-Lu\n|-supereffective|p1a: Ting-Lu\n|-damage|p1a: Ting-Lu|63\/100\n|move|p1b: Dragonite|Outrage|p2b: Rillaboom\n|-damage|p2b: Rillaboom|0 fnt\n|faint|p2b: Rillaboom\n|move|p1a: Ting-Lu|Ruination|p2a: Gholdengo\n|-damage|p2a: Gholdengo|50\/100\n|\n|-heal|p2a: Gholdengo|57\/100|[from] Grassy Terrain\n|-heal|p1a: Ting-Lu|69\/100|[from] Grassy Terrain\n|-heal|p1a: Ting-Lu|75\/100|[from] item: Leftovers\n|upkeep\n|\n|t:|1701066261\n|switch|p2b: Urshifu|Urshifu-Rapid-Strike, L50, F|100\/100\n|turn|4\n|\n|t:|1701066279\n|move|p2b: Urshifu|Surging Strikes|p1a: Ting-Lu\n|-crit|p1a: Ting-Lu\n|-damage|p1a: Ting-Lu|61\/100\n|-crit|p1a: Ting-Lu\n|-damage|p1a: Ting-Lu|48\/100\n|-crit|p1a: Ting-Lu\n|-damage|p1a: Ting-Lu|34\/100\n|-hitcount|p1a: Ting-Lu|3\n|move|p2a: Gholdengo|Make It Rain|p1a: Ting-Lu|[spread] p1a,p1b\n|-damage|p1a: Ting-Lu|0 fnt\n|-damage|p1b: Dragonite|47\/100\n|-unboost|p2a: Gholdengo|spa|1\n|faint|p1a: Ting-Lu\n|move|p1b: Dragonite|Outrage|p2a: Gholdengo|[from]lockedmove\n|-resisted|p2a: Gholdengo\n|-damage|p2a: Gholdengo|0 fnt\n|faint|p2a: Gholdengo\n|\n|-end|p1b: Dragonite|move: Taunt\n|-sideend|p2: thebigmacky|move: Tailwind\n|upkeep\n|\n|t:|1701066295\n|switch|p2a: Tornadus|Tornadus, L50, M|100\/100 slp\n|switch|p1a: Dondozo|Dondozo, L50, F|96\/100\n|turn|5\n|\n|t:|1701066301\n|cant|p2a: Tornadus|slp\n|move|p2b: Urshifu|Surging Strikes|p1b: Dragonite\n|-resisted|p1b: Dragonite\n|-crit|p1b: Dragonite\n|-damage|p1b: Dragonite|35\/100\n|-resisted|p1b: Dragonite\n|-crit|p1b: Dragonite\n|-damage|p1b: Dragonite|24\/100\n|-resisted|p1b: Dragonite\n|-crit|p1b: Dragonite\n|-damage|p1b: Dragonite|13\/100\n|-hitcount|p1b: Dragonite|3\n|move|p1b: Dragonite|Outrage|p2a: Tornadus|[from]lockedmove\n|-damage|p2a: Tornadus|0 fnt\n|faint|p2a: Tornadus\n|-start|p1b: Dragonite|confusion|[fatigue]\n|move|p1a: Dondozo|Yawn|p2b: Urshifu\n|-start|p2b: Urshifu|move: Yawn|[of] p1a: Dondozo\n|\n|-heal|p1a: Dondozo|100\/100|[from] Grassy Terrain\n|-fieldend|move: Grassy Terrain\n|upkeep\n|turn|6\n|-message|thebigmacky forfeited.\n|\n|win|alpha can elephant\n|raw|alpha can elephant's rating: 1476 &rarr; <strong>1496<\/strong><br \/>(+20 for winning)\n|raw|thebigmacky's rating: 1481 &rarr; <strong>1461<\/strong><br \/>(-20 for losing)\n|l|\u2606thebigmacky\n","uploadtime":1701066314,"views":27,"p1id":"alphacanelephant","p2id":"thebigmacky","formatid":"gen9vgc2023regulatione","rating":1461,"private":0,"password":""}