{"id":"gen9vgc2023regulatione-1997423868","p1":"Toedscool4school","p2":"yukako_poke","format":"[Gen 9] VGC 2023 Regulation E","log":"|j|\u2606Toedscool4school\n|j|\u2606yukako_poke\n|t:|1700802865\n|gametype|doubles\n|player|p1|Toedscool4school|sada-ai|1475\n|player|p2|yukako_poke|dawn|1388\n|teamsize|p1|6\n|teamsize|p2|6\n|gen|9\n|tier|[Gen 9] VGC 2023 Regulation E\n|rated|\n|rule|Species Clause: Limit one of each Pok\u00e9mon\n|rule|Item Clause: Limit one of each item\n|clearpoke\n|poke|p1|Staraptor, L50, F|\n|poke|p1|Oranguru, L50, F|\n|poke|p1|Snorlax, L50, M|\n|poke|p1|Maushold, L50|\n|poke|p1|Ursaluna-Bloodmoon, L50, M|\n|poke|p1|Dragonite, L50, M|\n|poke|p2|Indeedee-F, L50, F|\n|poke|p2|Pelipper, L50, F|\n|poke|p2|Gholdengo, L50|\n|poke|p2|Landorus, L50, M|\n|poke|p2|Regieleki, L50|\n|poke|p2|Amoonguss, L50, M|\n|teampreview|4\n|inactive|Battle timer is ON: inactive players will automatically lose when time's up. (requested by Toedscool4school)\nToedscool4school has agreed to open team sheets.\n|inactive|Toedscool4school has 60 seconds left.\n|\n|t:|1700802899\n|start\n|switch|p1a: Snorlax|Snorlax, L50, M|100\/100\n|switch|p1b: Maushold|Maushold, L50|100\/100\n|switch|p2a: Amoonguss|Amoonguss, L50, M|100\/100\n|switch|p2b: Gholdengo|Gholdengo, L50|100\/100\n|turn|1\n|inactive|yukako_poke has 30 seconds left.\n|\n|t:|1700802931\n|-terastallize|p2b: Gholdengo|Steel\n|move|p1b: Maushold|Taunt|p2a: Amoonguss\n|-start|p2a: Amoonguss|move: Taunt\n|move|p2b: Gholdengo|Make It Rain|p1a: Snorlax|[spread] p1a,p1b\n|-damage|p1a: Snorlax|50\/100\n|-enditem|p1b: Maushold|Focus Sash\n|-damage|p1b: Maushold|1\/100\n|-unboost|p2b: Gholdengo|spa|1\n|cant|p2a: Amoonguss|move: Taunt|Spore\n|move|p1a: Snorlax|Belly Drum||[still]\n|-fail|p1a: Snorlax\n|\n|upkeep\n|turn|2\n|inactive|Toedscool4school has 30 seconds left.\n|inactive|yukako_poke has 30 seconds left.\n|-enditem|p1a: Snorlax|Custap Berry|[eat]\n|-activate|p1a: Snorlax|item: Custap Berry|[consumed]\n|\n|t:|1700802957\n|move|p1a: Snorlax|High Horsepower|p2b: Gholdengo\n|-supereffective|p2b: Gholdengo\n|-damage|p2b: Gholdengo|21\/100\n|move|p1b: Maushold|Super Fang|p2a: Amoonguss\n|-damage|p2a: Amoonguss|50\/100\n|-enditem|p2a: Amoonguss|Sitrus Berry|[eat]\n|-heal|p2a: Amoonguss|75\/100|[from] item: Sitrus Berry\n|move|p2b: Gholdengo|Make It Rain|p1a: Snorlax|[spread] p1a,p1b\n|-damage|p1a: Snorlax|17\/100\n|-damage|p1b: Maushold|0 fnt\n|-unboost|p2b: Gholdengo|spa|1\n|faint|p1b: Maushold\n|move|p2a: Amoonguss|Sludge Bomb|p1a: Snorlax\n|-damage|p1a: Snorlax|0 fnt\n|faint|p1a: Snorlax\n|\n|upkeep\n|\n|t:|1700802967\n|switch|p1b: Ursaluna|Ursaluna-Bloodmoon, L50, M|100\/100\n|switch|p1a: A MONKEY|Oranguru, L50, F|100\/100\n|turn|3\n|inactive|Toedscool4school has 30 seconds left.\n|inactive|Toedscool4school has 20 seconds left.\n|\n|t:|1700803006\n|switch|p2a: Landorus|Landorus, L50, M|100\/100\n|move|p2b: Gholdengo|Make It Rain|p1a: A MONKEY|[spread] p1a,p1b\n|-damage|p1a: A MONKEY|60\/100\n|-damage|p1b: Ursaluna|42\/100\n|-unboost|p2b: Gholdengo|spa|1\n|move|p1a: A MONKEY|Psychic|p2a: Landorus\n|-damage|p2a: Landorus|62\/100\n|move|p1b: Ursaluna|Hyper Voice|p2a: Landorus|[spread] p2a,p2b\n|-resisted|p2b: Gholdengo\n|-crit|p2b: Gholdengo\n|-damage|p2a: Landorus|9\/100\n|-damage|p2b: Gholdengo|0 fnt\n|faint|p2b: Gholdengo\n|-enditem|p1b: Ursaluna|Throat Spray\n|-boost|p1b: Ursaluna|spa|1|[from] item: Throat Spray\n|\n|upkeep\n|\n|t:|1700803021\n|switch|p2b: Pelipper|Pelipper, L50, F|100\/100\n|-weather|RainDance|[from] ability: Drizzle|[of] p2b: Pelipper\n|turn|4\n|\n|t:|1700803037\n|-terastallize|p1a: A MONKEY|Grass\n|move|p1b: Ursaluna|Protect|p1b: Ursaluna\n|-singleturn|p1b: Ursaluna|Protect\n|move|p2a: Landorus|Sandsear Storm|p1b: Ursaluna|[spread] p1a\n|-activate|p1b: Ursaluna|move: Protect\n|-resisted|p1a: A MONKEY\n|-damage|p1a: A MONKEY|31\/100\n|move|p2b: Pelipper|Weather Ball|p1b: Ursaluna\n|-activate|p1b: Ursaluna|move: Protect\n|move|p1a: A MONKEY|Trick Room|p1a: A MONKEY\n|-fieldstart|move: Trick Room|[of] p1a: A MONKEY\n|\n|-weather|RainDance|[upkeep]\n|upkeep\n|turn|5\n|\n|t:|1700803056\n|switch|p2a: Amoonguss|Amoonguss, L50, M|75\/100\n|move|p1b: Ursaluna|Blood Moon|p2b: Pelipper\n|-crit|p2b: Pelipper\n|-damage|p2b: Pelipper|0 fnt\n|faint|p2b: Pelipper\n|move|p1a: A MONKEY|Instruct|p1b: Ursaluna\n|-singleturn|p1b: Ursaluna|move: Instruct|[of] p1a: A MONKEY\n|move|p1b: Ursaluna|Blood Moon|p2a: Amoonguss\n|-damage|p2a: Amoonguss|0 fnt\n|faint|p2a: Amoonguss\n|-hint|Some effects can force a Pokemon to use Blood Moon again in a row.\n|\n|-weather|RainDance|[upkeep]\n|upkeep\n|\n|t:|1700803066\n|switch|p2a: Landorus|Landorus, L50, M|9\/100\n|turn|6\n|-message|yukako_poke forfeited.\n|\n|win|Toedscool4school\n|raw|Toedscool4school's rating: 1475 &rarr; <strong>1490<\/strong><br \/>(+15 for winning)\n|raw|yukako_poke's rating: 1388 &rarr; <strong>1373<\/strong><br \/>(-15 for losing)\n|l|\u2606yukako_poke\n","uploadtime":1700803074,"views":4,"p1id":"toedscool4school","p2id":"yukakopoke","formatid":"gen9vgc2023regulatione","rating":1373,"private":0,"password":""}