{"id":"gen9vgc2023regulatione-1990705287","p1":"christianfinity","p2":"fyfyyalt1","format":"[Gen 9] VGC 2023 Regulation E","log":"|j|\u2606christianfinity\n|j|\u2606fyfyyalt1\n|t:|1699993356\n|gametype|doubles\n|player|p1|christianfinity|youngathlete|1647\n|player|p2|fyfyyalt1|101|1728\n|teamsize|p1|6\n|teamsize|p2|6\n|gen|9\n|tier|[Gen 9] VGC 2023 Regulation E\n|rated|\n|rule|Species Clause: Limit one of each Pok\u00e9mon\n|rule|Item Clause: Limit one of each item\n|clearpoke\n|poke|p1|Ninetales-Alola, L50, M|\n|poke|p1|Ogerpon-Wellspring, L50, F|\n|poke|p1|Baxcalibur, L50, M|\n|poke|p1|Arcanine-Hisui, L50, M|\n|poke|p1|Gholdengo, L50|\n|poke|p1|Rillaboom, L50, F|\n|poke|p2|Tornadus, L50, M|\n|poke|p2|Iron Hands, L50|\n|poke|p2|Gholdengo, L50|\n|poke|p2|Urshifu-*, L50, M|\n|poke|p2|Ogerpon-Wellspring, L50, F|\n|poke|p2|Chien-Pao, L50|\n|teampreview|4\n|c|\u2606christianfinity|Yo\n|c|\u2606fyfyyalt1|yoo\n|c|\u2606fyfyyalt1|glhf\nfyfyyalt1 has agreed to open team sheets.\n|\n|t:|1699993399\n|start\n|switch|p1a: Kodiak Arcanine|Arcanine-Hisui, L50, M, shiny|100\/100\n|switch|p1b: Baxter|Baxcalibur, L50, M|100\/100\n|switch|p2a: Tornadus|Tornadus, L50, M|100\/100\n|switch|p2b: Urshifu|Urshifu-Rapid-Strike, L50, M|100\/100\n|-ability|p1a: Kodiak Arcanine|Intimidate|boost\n|-unboost|p2a: Tornadus|atk|1\n|-unboost|p2b: Urshifu|atk|1\n|turn|1\n|\n|t:|1699993447\n|-terastallize|p2b: Urshifu|Water\n|-terastallize|p1a: Kodiak Arcanine|Fairy\n|move|p2a: Tornadus|Rain Dance|p2a: Tornadus\n|-weather|RainDance\n|move|p2b: Urshifu|Surging Strikes|p1a: Kodiak Arcanine\n|-crit|p1a: Kodiak Arcanine\n|-damage|p1a: Kodiak Arcanine|54\/100\n|-crit|p1a: Kodiak Arcanine\n|-damage|p1a: Kodiak Arcanine|9\/100\n|-crit|p1a: Kodiak Arcanine\n|-damage|p1a: Kodiak Arcanine|0 fnt\n|faint|p1a: Kodiak Arcanine\n|-hitcount|p1: Kodiak Arcanine|3\n|move|p1b: Baxter|Icicle Crash|p2a: Tornadus\n|-supereffective|p2a: Tornadus\n|-damage|p2a: Tornadus|0 fnt\n|faint|p2a: Tornadus\n|\n|-weather|RainDance|[upkeep]\n|upkeep\n|\n|t:|1699993460\n|switch|p2a: Iron Hands|Iron Hands, L50|100\/100\n|switch|p1a: Paracetamol|Rillaboom, L50, F|100\/100\n|-fieldstart|move: Grassy Terrain|[from] ability: Grassy Surge|[of] p1a: Paracetamol\n|turn|2\n|\n|t:|1699993482\n|switch|p2b: Ogerpon|Ogerpon-Wellspring, L50, F|100\/100\n|switch|p1b: Vacuole|Ogerpon-Wellspring, L50, F|100\/100\n|move|p1a: Paracetamol|Fake Out|p2a: Iron Hands\n|-damage|p2a: Iron Hands|91\/100\n|cant|p2a: Iron Hands|flinch\n|\n|-weather|RainDance|[upkeep]\n|-heal|p2a: Iron Hands|98\/100|[from] Grassy Terrain\n|upkeep\n|turn|3\n|\n|t:|1699993508\n|move|p1b: Vacuole|Spiky Shield|p1b: Vacuole\n|-singleturn|p1b: Vacuole|move: Protect\n|move|p2b: Ogerpon|Power Whip|p1b: Vacuole\n|-activate|p1b: Vacuole|move: Protect\n|-damage|p2b: Ogerpon|88\/100|[from] Spiky Shield|[of] p1b: Vacuole\n|move|p1a: Paracetamol|Drum Beating|p2b: Ogerpon\n|-damage|p2b: Ogerpon|40\/100\n|-unboost|p2b: Ogerpon|spe|1\n|move|p2a: Iron Hands|Drain Punch|p1b: Vacuole\n|-activate|p1b: Vacuole|move: Protect\n|-damage|p2a: Iron Hands|85\/100|[from] Spiky Shield|[of] p1b: Vacuole\n|\n|-weather|RainDance|[upkeep]\n|-heal|p2b: Ogerpon|46\/100|[from] Grassy Terrain\n|-heal|p2a: Iron Hands|91\/100|[from] Grassy Terrain\n|upkeep\n|turn|4\n|\n|t:|1699993524\n|move|p2b: Ogerpon|Spiky Shield|p2b: Ogerpon\n|-singleturn|p2b: Ogerpon|move: Protect\n|move|p1b: Vacuole|Swords Dance|p1b: Vacuole\n|-boost|p1b: Vacuole|atk|2\n|move|p1a: Paracetamol|Drum Beating|p2b: Ogerpon\n|-activate|p2b: Ogerpon|move: Protect\n|move|p2a: Iron Hands|Drain Punch|p1b: Vacuole\n|-damage|p1b: Vacuole|59\/100\n|-heal|p2a: Iron Hands|100\/100|[from] drain|[of] p1b: Vacuole\n|\n|-weather|RainDance|[upkeep]\n|-heal|p1b: Vacuole|65\/100|[from] Grassy Terrain\n|-heal|p2b: Ogerpon|52\/100|[from] Grassy Terrain\n|upkeep\n|turn|5\n|\n|t:|1699993548\n|move|p2b: Ogerpon|Follow Me|p2b: Ogerpon\n|-singleturn|p2b: Ogerpon|move: Follow Me\n|move|p1b: Vacuole|Ivy Cudgel|p2b: Ogerpon|[anim] Ivy Cudgel Water\n|-heal|p2b: Ogerpon|76\/100|[from] ability: Water Absorb|[of] p1b: Vacuole\n|move|p1a: Paracetamol|Drum Beating|p2b: Ogerpon\n|-damage|p2b: Ogerpon|23\/100\n|-unboost|p2b: Ogerpon|spe|1\n|move|p2a: Iron Hands|Drain Punch|p1b: Vacuole\n|-damage|p1b: Vacuole|22\/100\n|\n|-weather|none\n|-heal|p1b: Vacuole|28\/100|[from] Grassy Terrain\n|-heal|p2b: Ogerpon|29\/100|[from] Grassy Terrain\n|upkeep\n|turn|6\n|\n|t:|1699993571\n|move|p2b: Ogerpon|Spiky Shield|p2b: Ogerpon\n|-singleturn|p2b: Ogerpon|move: Protect\n|move|p1b: Vacuole|Horn Leech|p2a: Iron Hands\n|-damage|p2a: Iron Hands|25\/100\n|-heal|p1b: Vacuole|78\/100|[from] drain|[of] p2a: Iron Hands\n|move|p1a: Paracetamol|High Horsepower|p2a: Iron Hands\n|-supereffective|p2a: Iron Hands\n|-damage|p2a: Iron Hands|0 fnt\n|faint|p2a: Iron Hands\n|-end|p2a: Iron Hands|Quark Drive|[silent]\n|\n|-heal|p1b: Vacuole|83\/100|[from] Grassy Terrain\n|-heal|p2b: Ogerpon|35\/100|[from] Grassy Terrain\n|-fieldend|move: Grassy Terrain\n|upkeep\n|\n|t:|1699993580\n|switch|p2a: Urshifu|Urshifu-Rapid-Strike, L50, M, tera:Water|100\/100\n|turn|7\n|\n|t:|1699993594\n|move|p2b: Ogerpon|Follow Me|p2b: Ogerpon\n|-singleturn|p2b: Ogerpon|move: Follow Me\n|move|p2a: Urshifu|Close Combat|p1b: Vacuole\n|-damage|p1b: Vacuole|11\/100\n|-unboost|p2a: Urshifu|def|1\n|-unboost|p2a: Urshifu|spd|1\n|move|p1b: Vacuole|Horn Leech|p2b: Ogerpon\n|-damage|p2b: Ogerpon|0 fnt\n|-heal|p1b: Vacuole|28\/100|[from] drain|[of] p2b: Ogerpon\n|faint|p2b: Ogerpon\n|move|p1a: Paracetamol|Drum Beating|p2a: Urshifu\n|-supereffective|p2a: Urshifu\n|-damage|p2a: Urshifu|0 fnt\n|faint|p2a: Urshifu\n|\n|win|christianfinity\n|raw|christianfinity's rating: 1647 &rarr; <strong>1672<\/strong><br \/>(+25 for winning)\n|raw|fyfyyalt1's rating: 1736 &rarr; <strong>1711<\/strong><br \/>(-25 for losing)\n|c|\u2606fyfyyalt1|gg wp\n|c|\u2606christianfinity|gg\n|c|\u2606fyfyyalt1|I forgot the\n|c|\u2606fyfyyalt1|set on oger\n|c|\u2606fyfyyalt1|Next time ots??\n|c|\u2606christianfinity|Sure\n|c|\u2606christianfinity|but dont you have the team? Lol\n|c|\u2606fyfyyalt1|I forgot I had that\n|c|\u2606fyfyyalt1|:0\n|c|\u2606fyfyyalt1|I thought the icicle spear and wood hammer on rilaa\n|c|\u2606christianfinity|I\u2019ll accept ots next time though\n|c|\u2606fyfyyalt1|:0\n|c|\u2606christianfinity|oh nah\n|c|\u2606fyfyyalt1|sure\n|l|\u2606fyfyyalt1\n|c|\u2606christianfinity|drum beating funsies\n","uploadtime":1699993678,"views":24,"p1id":"christianfinity","p2id":"fyfyyalt1","formatid":"gen9vgc2023regulatione","rating":1672,"private":0,"password":""}