{"id":"gen9vgc2023regulatione-1996388086","p1":"CaltonD","p2":"WeezingStinky","format":"[Gen 9] VGC 2023 Regulation E","log":"|j|\u2606CaltonD\n|j|\u2606WeezingStinky\n|t:|1700677271\n|gametype|doubles\n|player|p1|CaltonD|266|1267\n|player|p2|WeezingStinky|265|1288\n|teamsize|p1|6\n|teamsize|p2|6\n|gen|9\n|tier|[Gen 9] VGC 2023 Regulation E\n|rated|\n|rule|Species Clause: Limit one of each Pok\u00e9mon\n|rule|Item Clause: Limit one of each item\n|clearpoke\n|poke|p1|Ogerpon-Cornerstone, L50, F|\n|poke|p1|Dusclops, L50, F|\n|poke|p1|Spectrier, L50|\n|poke|p1|Iron Hands, L50|\n|poke|p1|Rillaboom, L50, M|\n|poke|p1|Kingambit, L50, M|\n|poke|p2|Tornadus, L50, M|\n|poke|p2|Flutter Mane, L50|\n|poke|p2|Chi-Yu, L50|\n|poke|p2|Weezing, L50, F|\n|poke|p2|Iron Hands, L50|\n|poke|p2|Ogerpon-Cornerstone, L50, F|\n|teampreview|4\n|\n|t:|1700677319\n|start\n|switch|p1a: Spectrier|Spectrier, L50|100\/100\n|switch|p1b: Ogerpon|Ogerpon-Cornerstone, L50, F|100\/100\n|switch|p2a: Flutter Mane|Flutter Mane, L50|100\/100\n|switch|p2b: Chi-Yu|Chi-Yu, L50|100\/100\n|-ability|p2b: Chi-Yu|Beads of Ruin\n|turn|1\n|\n|t:|1700677354\n|switch|p2b: Iron Hands|Iron Hands, L50|100\/100\n|-terastallize|p1a: Spectrier|Fairy\n|move|p2a: Flutter Mane|Protect|p2a: Flutter Mane\n|-singleturn|p2a: Flutter Mane|Protect\n|move|p1a: Spectrier|Shadow Ball|p2a: Flutter Mane\n|-activate|p2a: Flutter Mane|move: Protect\n|move|p1b: Ogerpon|Ivy Cudgel|p2b: Iron Hands|[anim] Ivy Cudgel Rock\n|-resisted|p2b: Iron Hands\n|-damage|p2b: Iron Hands|82\/100\n|\n|upkeep\n|turn|2\n|\n|t:|1700677376\n|-end|p2a: Flutter Mane|Protosynthesis|[silent]\n|switch|p2a: Weezing|Weezing, L50, F|100\/100\n|-ability|p2a: Weezing|Neutralizing Gas\n|move|p1a: Spectrier|Protect|p1a: Spectrier\n|-singleturn|p1a: Spectrier|Protect\n|move|p1b: Ogerpon|Ivy Cudgel|p2a: Weezing|[anim] Ivy Cudgel Rock\n|-damage|p2a: Weezing|58\/100\n|move|p2b: Iron Hands|Heavy Slam|p1a: Spectrier\n|-activate|p1a: Spectrier|move: Protect\n|\n|upkeep\n|turn|3\n|\n|t:|1700677398\n|move|p1b: Ogerpon|Follow Me|p1b: Ogerpon\n|-singleturn|p1b: Ogerpon|move: Follow Me\n|move|p1a: Spectrier|Nasty Plot|p1a: Spectrier\n|-boost|p1a: Spectrier|spa|2\n|move|p2a: Weezing|Gunk Shot|p1b: Ogerpon\n|-damage|p1b: Ogerpon|58\/100\n|move|p2b: Iron Hands|Drain Punch|p1b: Ogerpon\n|-supereffective|p1b: Ogerpon\n|-damage|p1b: Ogerpon|0 fnt\n|-heal|p2b: Iron Hands|100\/100|[from] drain|[of] p1b: Ogerpon\n|faint|p1b: Ogerpon\n|\n|upkeep\n|\n|t:|1700677420\n|switch|p1b: Iron Hands|Iron Hands, L50, shiny|100\/100\n|-enditem|p1b: Iron Hands|Booster Energy\n|-activate|p1b: Iron Hands|ability: Quark Drive|[fromitem]\n|-start|p1b: Iron Hands|quarkdriveatk\n|turn|4\n|\n|t:|1700677440\n|-terastallize|p2b: Iron Hands|Water\n|move|p1b: Iron Hands|Fake Out|p2b: Iron Hands\n|-damage|p2b: Iron Hands|85\/100\n|move|p1a: Spectrier|Draining Kiss|p2b: Iron Hands\n|-damage|p2b: Iron Hands|39\/100\n|move|p2a: Weezing|Will-O-Wisp|p1b: Iron Hands\n|-status|p1b: Iron Hands|brn\n|cant|p2b: Iron Hands|flinch\n|\n|-damage|p1b: Iron Hands|94\/100 brn|[from] brn\n|upkeep\n|turn|5\n|\n|t:|1700677464\n|-end|p1b: Iron Hands|Quark Drive|[silent]\n|switch|p1b: Dusclops|Dusclops, L50, F, shiny|100\/100\n|move|p1a: Spectrier|Draining Kiss|p2b: Iron Hands\n|-damage|p2b: Iron Hands|0 fnt\n|faint|p2b: Iron Hands\n|-end|p2b: Iron Hands|Quark Drive|[silent]\n|move|p2a: Weezing|Gunk Shot|p1a: Spectrier|[miss]\n|-miss|p2a: Weezing|p1a: Spectrier\n|\n|upkeep\n|\n|t:|1700677486\n|switch|p2b: Chi-Yu|Chi-Yu, L50|100\/100\n|turn|6\n|\n|t:|1700677518\n|switch|p1b: Iron Hands|Iron Hands, L50, shiny|94\/100 brn\n|move|p1a: Spectrier|Protect|p1a: Spectrier\n|-singleturn|p1a: Spectrier|Protect\n|move|p2a: Weezing|Protect|p2a: Weezing\n|-singleturn|p2a: Weezing|Protect\n|move|p2b: Chi-Yu|Overheat|p1a: Spectrier\n|-activate|p1a: Spectrier|move: Protect\n|\n|-damage|p1b: Iron Hands|88\/100 brn|[from] brn\n|upkeep\n|turn|7\n|\n|t:|1700677545\n|move|p1b: Iron Hands|Fake Out|p2b: Chi-Yu\n|-damage|p2b: Chi-Yu|88\/100\n|move|p1a: Spectrier|Draining Kiss|p2b: Chi-Yu\n|-damage|p2b: Chi-Yu|10\/100\n|cant|p2b: Chi-Yu|flinch\n|move|p2a: Weezing|Gunk Shot|p1a: Spectrier\n|-supereffective|p1a: Spectrier\n|-damage|p1a: Spectrier|0 fnt\n|faint|p1a: Spectrier\n|\n|-damage|p1b: Iron Hands|82\/100 brn|[from] brn\n|upkeep\n|\n|t:|1700677559\n|switch|p1a: Dusclops|Dusclops, L50, F, shiny|100\/100\n|turn|8\n|\n|t:|1700677572\n|move|p2b: Chi-Yu|Overheat|p1b: Iron Hands|[miss]\n|-miss|p2b: Chi-Yu|p1b: Iron Hands\n|move|p2a: Weezing|Taunt|p1a: Dusclops\n|-start|p1a: Dusclops|move: Taunt\n|move|p1b: Iron Hands|Drain Punch|p2b: Chi-Yu\n|-supereffective|p2b: Chi-Yu\n|-damage|p2b: Chi-Yu|0 fnt\n|-heal|p1b: Iron Hands|85\/100 brn|[from] drain|[of] p2b: Chi-Yu\n|faint|p2b: Chi-Yu\n|cant|p1a: Dusclops|move: Taunt|Trick Room\n|\n|-damage|p1b: Iron Hands|79\/100 brn|[from] brn\n|upkeep\n|\n|t:|1700677586\n|switch|p2b: Flutter Mane|Flutter Mane, L50|100\/100\n|turn|9\n|\n|t:|1700677607\n|move|p2b: Flutter Mane|Moonblast|p1b: Iron Hands\n|-supereffective|p1b: Iron Hands\n|-damage|p1b: Iron Hands|0 fnt\n|faint|p1b: Iron Hands\n|-end|p1b: Iron Hands|Quark Drive|[silent]\n|-damage|p2b: Flutter Mane|91\/100|[from] item: Life Orb\n|move|p2a: Weezing|Gunk Shot|p1a: Dusclops|[miss]\n|-miss|p2a: Weezing|p1a: Dusclops\n|move|p1a: Dusclops|Night Shade|p2a: Weezing\n|-damage|p2a: Weezing|29\/100\n|-enditem|p2a: Weezing|Sitrus Berry|[eat]\n|-heal|p2a: Weezing|54\/100|[from] item: Sitrus Berry\n|\n|upkeep\n|turn|10\n|\n|t:|1700677624\n|move|p2b: Flutter Mane|Shadow Ball|p1a: Dusclops\n|-supereffective|p1a: Dusclops\n|-damage|p1a: Dusclops|18\/100\n|-damage|p2b: Flutter Mane|82\/100|[from] item: Life Orb\n|move|p2a: Weezing|Gunk Shot|p1a: Dusclops\n|-resisted|p1a: Dusclops\n|-damage|p1a: Dusclops|6\/100\n|-status|p1a: Dusclops|psn\n|move|p1a: Dusclops|Night Shade|p2a: Weezing\n|-damage|p2a: Weezing|25\/100\n|\n|-damage|p1a: Dusclops|0 fnt|[from] psn\n|faint|p1a: Dusclops\n|\n|win|WeezingStinky\n|upkeep\n|raw|CaltonD's rating: 1267 &rarr; <strong>1244<\/strong><br \/>(-23 for losing)\n|raw|WeezingStinky's rating: 1288 &rarr; <strong>1311<\/strong><br \/>(+23 for winning)\n|l|\u2606CaltonD\n","uploadtime":1700677753,"views":7,"p1id":"caltond","p2id":"weezingstinky","formatid":"gen9vgc2023regulatione","rating":1244,"private":0,"password":""}