{"id":"gen9vgc2023regulatione-1994476738","p1":"Gamemasterv111","p2":"KokoAgent24","format":"[Gen 9] VGC 2023 Regulation E","log":"|j|\u2606KokoAgent24\n|n|\u2606KokoAgent24|kokoagent24\n|html|View the match progress at <a href=\"\/game-bestof3-gen9vgc2023regulatione-1994470002\">game-bestof3-gen9vgc2023regulatione-1994470002<\/a>\n|t:|1700448399\n|gametype|doubles\n|player|p1|Gamemasterv111|morty-masters2|\n|player|p2|KokoAgent24|lance|\n|teamsize|p1|6\n|teamsize|p2|6\n|gen|9\n|tier|[Gen 9] VGC 2023 Regulation E\n|rule|Species Clause: Limit one of each Pok\u00e9mon\n|rule|Item Clause: Limit one of each item\n|clearpoke\n|poke|p1|Arbok, L50, F|\n|poke|p1|Sinistcha-Masterpiece, L50|\n|poke|p1|Iron Hands, L50|\n|poke|p1|Flutter Mane, L50|\n|poke|p1|Rotom-Heat, L50|\n|poke|p1|Milotic, L50, F|\n|poke|p2|Articuno, L50|\n|poke|p2|Ceruledge, L50, F|\n|poke|p2|Appletun, L50, F|\n|poke|p2|Basculegion-F, L50, F|\n|poke|p2|Espeon, L50, F|\n|poke|p2|Grimmsnarl, L50, M|\n|teampreview|4\n|j|\u2606Gamemasterv111\nGamemasterv111 has agreed to open team sheets.\n|\n|t:|1700448442\n|start\n|switch|p1a: Flutter Mane|Flutter Mane, L50|100\/100\n|switch|p1b: Milotic|Milotic, L50, F, shiny|100\/100\n|switch|p2a: Basculegion|Basculegion-F, L50, F|100\/100\n|switch|p2b: Grimmsnarl|Grimmsnarl, L50, M|100\/100\n|-enditem|p1a: Flutter Mane|Booster Energy\n|-activate|p1a: Flutter Mane|ability: Protosynthesis|[fromitem]\n|-start|p1a: Flutter Mane|protosynthesisspe\n|turn|1\n|\n|t:|1700448463\n|-terastallize|p2a: Basculegion|Water\n|move|p2b: Grimmsnarl|Light Screen|p2b: Grimmsnarl\n|-sidestart|p2: KokoAgent24|move: Light Screen\n|move|p1a: Flutter Mane|Dazzling Gleam|p2b: Grimmsnarl|[spread] p2a,p2b\n|-supereffective|p2b: Grimmsnarl\n|-damage|p2a: Basculegion|78\/100\n|-damage|p2b: Grimmsnarl|71\/100\n|move|p2a: Basculegion|Shadow Ball|p1a: Flutter Mane\n|-supereffective|p1a: Flutter Mane\n|-damage|p1a: Flutter Mane|0 fnt\n|faint|p1a: Flutter Mane\n|-end|p1a: Flutter Mane|Protosynthesis|[silent]\n|move|p1b: Milotic|Coil|p1b: Milotic\n|-boost|p1b: Milotic|atk|1\n|-boost|p1b: Milotic|def|1\n|-boost|p1b: Milotic|accuracy|1\n|\n|upkeep\n|\n|t:|1700448476\n|switch|p1a: Iron Hands|Iron Hands, L50|100\/100\n|turn|2\n|\n|t:|1700448502\n|move|p2b: Grimmsnarl|Reflect|p2b: Grimmsnarl\n|-sidestart|p2: KokoAgent24|Reflect\n|move|p2a: Basculegion|Shadow Ball|p1a: Iron Hands\n|-damage|p1a: Iron Hands|75\/100\n|move|p1b: Milotic|Hypnosis|p2b: Grimmsnarl\n|-status|p2b: Grimmsnarl|slp|[from] move: Hypnosis\n|move|p1a: Iron Hands|Wild Charge|p2a: Basculegion\n|-supereffective|p2a: Basculegion\n|-crit|p2a: Basculegion\n|-damage|p2a: Basculegion|0 fnt\n|faint|p2a: Basculegion\n|-damage|p1a: Iron Hands|59\/100|[from] Recoil\n|\n|upkeep\n|\n|t:|1700448519\n|switch|p2a: Ceruledge|Ceruledge, L50, F|100\/100\n|turn|3\n|\n|t:|1700448533\n|move|p2a: Ceruledge|Bitter Blade|p1a: Iron Hands\n|-damage|p1a: Iron Hands|21\/100\n|-damage|p2a: Ceruledge|90\/100|[from] item: Life Orb\n|move|p1b: Milotic|Scald|p2a: Ceruledge\n|-supereffective|p2a: Ceruledge\n|-damage|p2a: Ceruledge|37\/100\n|cant|p2b: Grimmsnarl|slp\n|move|p1a: Iron Hands|Heavy Slam|p2b: Grimmsnarl\n|-supereffective|p2b: Grimmsnarl\n|-damage|p2b: Grimmsnarl|4\/100 slp\n|\n|upkeep\n|turn|4\n|\n|t:|1700448566\n|cant|p2b: Grimmsnarl|slp\n|move|p2a: Ceruledge|Bitter Blade|p1a: Iron Hands\n|-damage|p1a: Iron Hands|0 fnt\n|-heal|p2a: Ceruledge|54\/100|[from] drain|[of] p1a: Iron Hands\n|faint|p1a: Iron Hands\n|-end|p1a: Iron Hands|Quark Drive|[silent]\n|-damage|p2a: Ceruledge|44\/100|[from] item: Life Orb\n|move|p1b: Milotic|Scald|p2a: Ceruledge\n|-supereffective|p2a: Ceruledge\n|-damage|p2a: Ceruledge|0 fnt\n|faint|p2a: Ceruledge\n|\n|upkeep\n|\n|t:|1700448580\n|switch|p2a: Espeon|Espeon, L50, F|100\/100\n|switch|p1a: Sinistcha|Sinistcha-Masterpiece, L50|100\/100\n|turn|5\n|\n|t:|1700448598\n|-curestatus|p2b: Grimmsnarl|slp|[msg]\n|move|p2b: Grimmsnarl|Light Screen||[still]\n|-fail|p2b: Grimmsnarl\n|move|p2a: Espeon|Shadow Ball|p1a: Sinistcha\n|-supereffective|p1a: Sinistcha\n|-damage|p1a: Sinistcha|47\/100\n|-unboost|p1a: Sinistcha|spd|1\n|move|p1b: Milotic|Scald|p2a: Espeon\n|-damage|p2a: Espeon|70\/100\n|-status|p2a: Espeon|brn\n|move|p1a: Sinistcha|Matcha Gotcha|p2a: Espeon|[spread] p2a,p2b\n|-damage|p2a: Espeon|46\/100 brn\n|-heal|p1a: Sinistcha|57\/100|[from] drain|[of] p2a: Espeon\n|-damage|p2b: Grimmsnarl|0 fnt\n|-heal|p1a: Sinistcha|59\/100|[from] drain|[of] p2b: Grimmsnarl\n|faint|p2b: Grimmsnarl\n|\n|-damage|p2a: Espeon|40\/100 brn|[from] brn\n|upkeep\n|turn|6\n|\n|t:|1700448633\n|-terastallize|p1a: Sinistcha|Water\n|move|p2a: Espeon|Shadow Ball|p1a: Sinistcha\n|-damage|p1a: Sinistcha|14\/100\n|move|p1b: Milotic|Scald|p2a: Espeon\n|-damage|p2a: Espeon|10\/100 brn\n|move|p1a: Sinistcha|Matcha Gotcha|p2a: Espeon\n|-damage|p2a: Espeon|0 fnt\n|-heal|p1a: Sinistcha|18\/100|[from] drain|[of] p2a: Espeon\n|faint|p2a: Espeon\n|\n|win|Gamemasterv111\n","uploadtime":1700448649,"views":9,"p1id":"gamemasterv111","p2id":"kokoagent24","formatid":"gen9vgc2023regulatione","rating":0,"private":0,"password":""}