{"id":"gen9vgc2023regulatione-1994288721","p1":"PumpUpTheJam69","p2":"ThatB3anGuy","format":"[Gen 9] VGC 2023 Regulation E","log":"|j|\u2606PumpUpTheJam69\n|j|\u2606ThatB3anGuy\n|t:|1700427412\n|gametype|doubles\n|player|p1|PumpUpTheJam69|2|1045\n|player|p2|ThatB3anGuy|169|1026\n|teamsize|p1|6\n|teamsize|p2|6\n|gen|9\n|tier|[Gen 9] VGC 2023 Regulation E\n|rated|\n|rule|Species Clause: Limit one of each Pok\u00e9mon\n|rule|Item Clause: Limit one of each item\n|clearpoke\n|poke|p1|Baxcalibur, L50, M|\n|poke|p1|Tornadus, L50, M|\n|poke|p1|Revavroom, L50, F|\n|poke|p1|Politoed, L50, M|\n|poke|p1|Kingambit, L50, M|\n|poke|p1|Sinistcha, L50|\n|poke|p2|Ogerpon-Wellspring, L50, F|\n|poke|p2|Iron Hands, L50|\n|poke|p2|Chi-Yu, L50|\n|poke|p2|Sinistcha, L50|\n|poke|p2|Ursaluna, L50, F|\n|poke|p2|Fezandipiti, L50, M|\n|teampreview|4\n|\n|t:|1700427501\n|start\n|switch|p1a: Baxcalibur|Baxcalibur, L50, M|100\/100\n|switch|p1b: Revavroom|Revavroom, L50, F|100\/100\n|switch|p2a: Fezandipiti|Fezandipiti, L50, M|100\/100\n|switch|p2b: Chi-Yu|Chi-Yu, L50|100\/100\n|-ability|p2b: Chi-Yu|Beads of Ruin\n|-item|p1b: Revavroom|Air Balloon\n|turn|1\n|\n|t:|1700427548\n|switch|p1a: Politoed|Politoed, L50, M|100\/100\n|-weather|RainDance|[from] ability: Drizzle|[of] p1a: Politoed\n|-terastallize|p1b: Revavroom|Water\n|move|p2b: Chi-Yu|Heat Wave|p1b: Revavroom|[spread] p1a,p1b\n|-resisted|p1a: Politoed\n|-resisted|p1b: Revavroom\n|-damage|p1a: Politoed|85\/100\n|-damage|p1b: Revavroom|82\/100\n|-enditem|p1b: Revavroom|Air Balloon\n|-damage|p2b: Chi-Yu|90\/100|[from] item: Life Orb\n|move|p2a: Fezandipiti|Tailwind|p2a: Fezandipiti\n|-sidestart|p2: ThatB3anGuy|move: Tailwind\n|move|p1b: Revavroom|High Horsepower|p2b: Chi-Yu\n|-supereffective|p2b: Chi-Yu\n|-damage|p2b: Chi-Yu|0 fnt\n|faint|p2b: Chi-Yu\n|\n|-weather|RainDance|[upkeep]\n|upkeep\n|\n|t:|1700427569\n|switch|p2b: Iron Hands|Iron Hands, L50|100\/100\n|-enditem|p2b: Iron Hands|Booster Energy\n|-activate|p2b: Iron Hands|ability: Quark Drive|[fromitem]\n|-start|p2b: Iron Hands|quarkdriveatk\n|turn|2\n|\n|t:|1700427598\n|switch|p2a: Ogerpon|Ogerpon-Wellspring, L50, F|100\/100\n|switch|p1b: Kingambit|Kingambit, L50, M|100\/100\n|move|p2b: Iron Hands|Fake Out|p1b: Kingambit\n|-resisted|p1b: Kingambit\n|-damage|p1b: Kingambit|93\/100\n|move|p1a: Politoed|Icy Wind|p2b: Iron Hands|[spread] p2a,p2b\n|-damage|p2a: Ogerpon|90\/100\n|-damage|p2b: Iron Hands|94\/100\n|-unboost|p2a: Ogerpon|spe|1\n|-unboost|p2b: Iron Hands|spe|1\n|\n|-weather|RainDance|[upkeep]\n|upkeep\n|turn|3\n|\n|t:|1700427640\n|switch|p1a: Baxcalibur|Baxcalibur, L50, M|100\/100\n|move|p2a: Ogerpon|Wood Hammer|p1a: Baxcalibur\n|-resisted|p1a: Baxcalibur\n|-damage|p1a: Baxcalibur|71\/100\n|-damage|p2a: Ogerpon|77\/100|[from] Recoil\n|move|p2b: Iron Hands|Drain Punch|p1b: Kingambit\n|-supereffective|p1b: Kingambit\n|-damage|p1b: Kingambit|0 fnt\n|-heal|p2b: Iron Hands|100\/100|[from] drain|[of] p1b: Kingambit\n|faint|p1b: Kingambit\n|\n|-weather|RainDance|[upkeep]\n|upkeep\n|\n|t:|1700427654\n|switch|p1b: Revavroom|Revavroom, L50, F, tera:Water|82\/100\n|turn|4\n|\n|t:|1700427665\n|move|p2a: Ogerpon|Spiky Shield|p2a: Ogerpon\n|-singleturn|p2a: Ogerpon|move: Protect\n|move|p1b: Revavroom|High Horsepower|p2b: Iron Hands\n|-supereffective|p2b: Iron Hands\n|-damage|p2b: Iron Hands|55\/100\n|move|p1a: Baxcalibur|High Horsepower|p2b: Iron Hands\n|-supereffective|p2b: Iron Hands\n|-damage|p2b: Iron Hands|6\/100\n|move|p2b: Iron Hands|Thunder Punch|p1b: Revavroom\n|-supereffective|p1b: Revavroom\n|-damage|p1b: Revavroom|0 fnt\n|faint|p1b: Revavroom\n|\n|-weather|RainDance|[upkeep]\n|-sideend|p2: ThatB3anGuy|move: Tailwind\n|upkeep\n|\n|t:|1700427678\n|switch|p1b: Politoed|Politoed, L50, M|85\/100\n|turn|5\n|\n|t:|1700427709\n|-end|p2b: Iron Hands|Quark Drive|[silent]\n|switch|p2b: Fezandipiti|Fezandipiti, L50, M|100\/100\n|move|p2a: Ogerpon|Wood Hammer|p1b: Politoed\n|-supereffective|p1b: Politoed\n|-damage|p1b: Politoed|0 fnt\n|faint|p1b: Politoed\n|-damage|p2a: Ogerpon|41\/100|[from] Recoil\n|move|p1a: Baxcalibur|Glaive Rush|p2a: Ogerpon\n|-damage|p2a: Ogerpon|0 fnt\n|-singlemove|p1a: Baxcalibur|Glaive Rush|[silent]\n|faint|p2a: Ogerpon\n|\n|-weather|RainDance|[upkeep]\n|upkeep\n|inactive|Battle timer is ON: inactive players will automatically lose when time's up. (requested by PumpUpTheJam69)\n|\n|t:|1700427763\n|switch|p2a: Iron Hands|Iron Hands, L50|6\/100\n|turn|6\n|\n|t:|1700427772\n|move|p2a: Iron Hands|Fake Out|p1a: Baxcalibur\n|-damage|p1a: Baxcalibur|45\/100\n|cant|p1a: Baxcalibur|flinch\n|move|p2b: Fezandipiti|Dazzling Gleam|p1a: Baxcalibur\n|-supereffective|p1a: Baxcalibur\n|-damage|p1a: Baxcalibur|20\/100\n|\n|-weather|RainDance|[upkeep]\n|upkeep\n|turn|7\n|\n|t:|1700427781\n|move|p2a: Iron Hands|Detect|p2a: Iron Hands\n|-singleturn|p2a: Iron Hands|Protect\n|move|p1a: Baxcalibur|Ice Shard|p2a: Iron Hands\n|-activate|p2a: Iron Hands|move: Protect\n|move|p2b: Fezandipiti|Dazzling Gleam|p1a: Baxcalibur\n|-supereffective|p1a: Baxcalibur\n|-damage|p1a: Baxcalibur|0 fnt\n|faint|p1a: Baxcalibur\n|\n|win|ThatB3anGuy\n|raw|PumpUpTheJam69's rating: 1045 &rarr; <strong>1027<\/strong><br \/>(-18 for losing)\n|raw|ThatB3anGuy's rating: 1026 &rarr; <strong>1064<\/strong><br \/>(+38 for winning)\n|l|\u2606PumpUpTheJam69\n|c|\u2606ThatB3anGuy|gg\n","uploadtime":1700427827,"views":11,"p1id":"pumpupthejam69","p2id":"thatb3anguy","formatid":"gen9vgc2023regulatione","rating":1027,"private":0,"password":""}