{"id":"gen9vgc2023regulatione-1990069554","p1":"maxiass","p2":"NotEliteNoob","format":"[Gen 9] VGC 2023 Regulation E","log":"|j|\u2606maxiass\n|j|\u2606NotEliteNoob\n|t:|1699921251\n|gametype|doubles\n|player|p1|maxiass|101|1000\n|player|p2|NotEliteNoob|101|1087\n|teamsize|p1|6\n|teamsize|p2|6\n|gen|9\n|tier|[Gen 9] VGC 2023 Regulation E\n|rated|\n|rule|Species Clause: Limit one of each Pok\u00e9mon\n|rule|Item Clause: Limit one of each item\n|clearpoke\n|poke|p1|Dondozo, L50, F|\n|poke|p1|Volbeat, L50, M|\n|poke|p1|Tatsugiri, L50, M|\n|poke|p1|Flamigo, L50, M|\n|poke|p1|Hariyama, L50, F|\n|poke|p1|Shiftry, L50, M|\n|poke|p2|Ogerpon-Cornerstone, L50, F|\n|poke|p2|Sinistcha-Masterpiece, L50|\n|poke|p2|Houndstone, L50, F|\n|poke|p2|Tyranitar, L50, M|\n|poke|p2|Heatran, L50, M|\n|poke|p2|Landorus-Therian, L50, M|\n|teampreview|4\n|c|\u2606maxiass|gl hf\n|\n|t:|1699921275\n|start\n|switch|p1a: Volbeat|Volbeat, L50, M|100\/100\n|switch|p1b: Hariyama|Hariyama, L50, F|100\/100\n|switch|p2a: Houndstone|Houndstone, L50, F|100\/100\n|switch|p2b: Tyranitar|Tyranitar, L50, M, shiny|100\/100\n|-weather|Sandstorm|[from] ability: Sand Stream|[of] p2b: Tyranitar\n|turn|1\n|c|\u2606NotEliteNoob|glhf\n|\n|t:|1699921302\n|move|p1b: Hariyama|Fake Out|p2b: Tyranitar\n|-resisted|p2b: Tyranitar\n|-damage|p2b: Tyranitar|95\/100\n|move|p2a: Houndstone|Will-O-Wisp|p1b: Hariyama\n|-status|p1b: Hariyama|brn\n|move|p1a: Volbeat|Tail Glow|p1a: Volbeat\n|-boost|p1a: Volbeat|spa|3\n|cant|p2b: Tyranitar|flinch\n|\n|-weather|Sandstorm|[upkeep]\n|-damage|p1a: Volbeat|95\/100|[from] Sandstorm\n|-damage|p1b: Hariyama|95\/100 brn|[from] Sandstorm\n|-damage|p1b: Hariyama|89\/100 brn|[from] brn\n|upkeep\n|turn|2\n|\n|t:|1699921330\n|move|p2a: Houndstone|Ally Switch|p2a: Houndstone\n|swap|p2a: Houndstone|1|[from] move: Ally Switch\n|move|p1a: Volbeat|Baton Pass|p1a: Volbeat\n|\n|t:|1699921335\n|switch|p1a: Dondozo|Dondozo, L50, F|100\/100|[from] Baton Pass\n|move|p2a: Tyranitar|Rock Slide|p1b: Hariyama|[spread] p1a,p1b\n|-resisted|p1b: Hariyama\n|-damage|p1a: Dondozo|81\/100\n|-damage|p1b: Hariyama|73\/100 brn\n|move|p1b: Hariyama|Brick Break|p2b: Houndstone\n|-immune|p2b: Houndstone\n|\n|-weather|Sandstorm|[upkeep]\n|-damage|p1a: Dondozo|74\/100|[from] Sandstorm\n|-damage|p1b: Hariyama|67\/100 brn|[from] Sandstorm\n|-damage|p1b: Hariyama|61\/100 brn|[from] brn\n|upkeep\n|turn|3\n|\n|t:|1699921357\n|switch|p1b: Tatsugiri|Tatsugiri, L50, M|100\/100\n|-activate|p1b: Tatsugiri|ability: Commander|[of] p1a: Dondozo\n|-boost|p1a: Dondozo|atk|2\n|-boost|p1a: Dondozo|spa|2\n|-boost|p1a: Dondozo|spe|2\n|-boost|p1a: Dondozo|def|2\n|-boost|p1a: Dondozo|spd|2\n|move|p1a: Dondozo|Protect|p1a: Dondozo\n|-singleturn|p1a: Dondozo|Protect\n|move|p2b: Houndstone|Snarl|p1b: Tatsugiri|[spread] \n|-miss|p2b: Houndstone|p1b: Tatsugiri\n|-activate|p1a: Dondozo|move: Protect\n|move|p2a: Tyranitar|Knock Off|p1a: Dondozo\n|-activate|p1a: Dondozo|move: Protect\n|\n|-weather|Sandstorm|[upkeep]\n|-damage|p1a: Dondozo|68\/100|[from] Sandstorm\n|-damage|p1b: Tatsugiri|94\/100|[from] Sandstorm\n|upkeep\n|turn|4\n|c|\u2606NotEliteNoob|oh bro\n|c|\u2606NotEliteNoob|for real\n|c|\u2606NotEliteNoob|dondozo\n|c|\u2606NotEliteNoob|cmon\n|\n|t:|1699921393\n|move|p2b: Houndstone|Will-O-Wisp|p1a: Dondozo|[miss]\n|-miss|p2b: Houndstone|p1a: Dondozo\n|move|p1a: Dondozo|Surf|p2b: Houndstone|[spread] p2a,p2b\n|-miss|p1a: Dondozo|p1b: Tatsugiri\n|-supereffective|p2a: Tyranitar\n|-damage|p2a: Tyranitar|30\/100\n|-damage|p2b: Houndstone|63\/100\n|move|p2a: Tyranitar|Knock Off|p1a: Dondozo\n|-damage|p1a: Dondozo|49\/100\n|-enditem|p1a: Dondozo|Clear Amulet|[from] move: Knock Off|[of] p2a: Tyranitar\n|\n|-weather|Sandstorm|[upkeep]\n|-damage|p1a: Dondozo|43\/100|[from] Sandstorm\n|-damage|p1b: Tatsugiri|88\/100|[from] Sandstorm\n|upkeep\n|turn|5\n|\n|t:|1699921423\n|move|p2b: Houndstone|Will-O-Wisp|p1a: Dondozo\n|-status|p1a: Dondozo|brn\n|move|p1a: Dondozo|Surf|p2a: Tyranitar|[spread] p2a,p2b\n|-miss|p1a: Dondozo|p1b: Tatsugiri\n|-supereffective|p2a: Tyranitar\n|-damage|p2a: Tyranitar|0 fnt\n|-damage|p2b: Houndstone|22\/100\n|faint|p2a: Tyranitar\n|\n|-weather|none\n|-damage|p1a: Dondozo|37\/100 brn|[from] brn\n|upkeep\n|\n|t:|1699921433\n|switch|p2a: Sinistcha|Sinistcha-Masterpiece, L50|100\/100\n|-heal|p2b: Houndstone|47\/100|[from] ability: Hospitality|[of] p2a: Sinistcha\n|turn|6\n|\n|t:|1699921445\n|move|p1a: Dondozo|Surf|p2b: Houndstone|[spread] p2a,p2b\n|-miss|p1a: Dondozo|p1b: Tatsugiri\n|-resisted|p2a: Sinistcha\n|-damage|p2a: Sinistcha|72\/100\n|-damage|p2b: Houndstone|8\/100\n|move|p2a: Sinistcha|Matcha Gotcha|p1b: Tatsugiri|[spread] p1a\n|-miss|p2a: Sinistcha|p1b: Tatsugiri\n|-supereffective|p1a: Dondozo\n|-crit|p1a: Dondozo\n|-damage|p1a: Dondozo|0 fnt\n|-heal|p2a: Sinistcha|98\/100|[from] drain|[of] p1a: Dondozo\n|faint|p1a: Dondozo\n|move|p2b: Houndstone|Snarl|p1b: Tatsugiri\n|-damage|p1b: Tatsugiri|78\/100\n|-unboost|p1b: Tatsugiri|spa|1\n|\n|upkeep\n|\n|t:|1699921455\n|switch|p1a: Hariyama|Hariyama, L50, F|61\/100 brn\n|turn|7\n|\n|t:|1699921484\n|move|p1b: Tatsugiri|Protect|p1b: Tatsugiri\n|-singleturn|p1b: Tatsugiri|Protect\n|move|p2b: Houndstone|Protect|p2b: Houndstone\n|-singleturn|p2b: Houndstone|Protect\n|move|p2a: Sinistcha|Strength Sap|p1a: Hariyama\n|-unboost|p1a: Hariyama|atk|1\n|-heal|p2a: Sinistcha|100\/100\n|move|p1a: Hariyama|Rock Slide|p2a: Sinistcha|[spread] p2a\n|-activate|p2b: Houndstone|move: Protect\n|-damage|p2a: Sinistcha|85\/100\n|\n|-damage|p1a: Hariyama|55\/100 brn|[from] brn\n|upkeep\n|turn|8\n|\n|t:|1699921512\n|move|p2b: Houndstone|Ally Switch||[still]\n|-fail|p2b: Houndstone\n|move|p1b: Tatsugiri|Draco Meteor|p2a: Sinistcha\n|-damage|p2a: Sinistcha|36\/100\n|-unboost|p1b: Tatsugiri|spa|2\n|move|p2a: Sinistcha|Nasty Plot|p2a: Sinistcha\n|-boost|p2a: Sinistcha|spa|2\n|move|p1a: Hariyama|Rock Slide|p2b: Houndstone|[spread] p2a,p2b\n|-damage|p2a: Sinistcha|21\/100\n|-damage|p2b: Houndstone|0 fnt\n|faint|p2b: Houndstone\n|\n|-damage|p1a: Hariyama|49\/100 brn|[from] brn\n|upkeep\n|\n|t:|1699921522\n|switch|p2b: Heatran|Heatran, L50, M|100\/100\n|turn|9\n|\n|t:|1699921557\n|switch|p1a: Volbeat|Volbeat, L50, M|95\/100\n|-terastallize|p2b: Heatran|Grass\n|move|p1b: Tatsugiri|Draco Meteor|p2a: Sinistcha\n|-damage|p2a: Sinistcha|0 fnt\n|-unboost|p1b: Tatsugiri|spa|2\n|faint|p2a: Sinistcha\n|move|p2b: Heatran|Tera Blast|p1b: Tatsugiri|[anim] Tera Blast Grass\n|-damage|p1b: Tatsugiri|21\/100\n|-enditem|p1b: Tatsugiri|Aguav Berry|[eat]\n|-heal|p1b: Tatsugiri|55\/100|[from] item: Aguav Berry\n|\n|upkeep\n|turn|10\n|\n|t:|1699921579\n|switch|p1b: Hariyama|Hariyama, L50, F|49\/100 brn\n|move|p1a: Volbeat|Tail Glow|p1a: Volbeat\n|-boost|p1a: Volbeat|spa|3\n|move|p2b: Heatran|Heat Wave|p1a: Volbeat|[spread] p1a,p1b\n|-supereffective|p1a: Volbeat\n|-damage|p1a: Volbeat|0 fnt\n|-damage|p1b: Hariyama|10\/100 brn\n|faint|p1a: Volbeat\n|\n|-damage|p1b: Hariyama|4\/100 brn|[from] brn\n|upkeep\n|\n|t:|1699921584\n|switch|p1a: Tatsugiri|Tatsugiri, L50, M|55\/100\n|turn|11\n|\n|t:|1699921600\n|move|p1b: Hariyama|Fake Out|p2b: Heatran\n|-damage|p2b: Heatran|83\/100\n|move|p1a: Tatsugiri|Nasty Plot|p1a: Tatsugiri\n|-boost|p1a: Tatsugiri|spa|2\n|cant|p2b: Heatran|flinch\n|\n|-damage|p1b: Hariyama|0 fnt|[from] brn\n|faint|p1b: Hariyama\n|upkeep\n|turn|12\n|\n|t:|1699921609\n|move|p1a: Tatsugiri|Protect|p1a: Tatsugiri\n|-singleturn|p1a: Tatsugiri|Protect\n|move|p2b: Heatran|Tera Blast|p1a: Tatsugiri|[anim] Tera Blast Grass\n|-activate|p1a: Tatsugiri|move: Protect\n|\n|upkeep\n|turn|13\n|\n|t:|1699921615\n|-terastallize|p1a: Tatsugiri|Dragon\n|move|p1a: Tatsugiri|Draco Meteor|p2b: Heatran|[miss]\n|-miss|p1a: Tatsugiri|p2b: Heatran\n|move|p2b: Heatran|Tera Blast|p1a: Tatsugiri|[anim] Tera Blast Grass\n|-resisted|p1a: Tatsugiri\n|-damage|p1a: Tatsugiri|27\/100\n|\n|upkeep\n|turn|14\n|\n|t:|1699921627\n|move|p1a: Tatsugiri|Draco Meteor|p2b: Heatran\n|-damage|p2b: Heatran|0 fnt\n|-unboost|p1a: Tatsugiri|spa|2\n|faint|p2b: Heatran\n|\n|win|maxiass\n|raw|maxiass's rating: 1000 &rarr; <strong>1050<\/strong><br \/>(+50 for winning)\n|raw|NotEliteNoob's rating: 1087 &rarr; <strong>1058<\/strong><br \/>(-29 for losing)\n|c|\u2606maxiass|gg\n|c|\u2606NotEliteNoob|gg my ass\n","uploadtime":1699921636,"views":18,"p1id":"maxiass","p2id":"notelitenoob","formatid":"gen9vgc2023regulatione","rating":1050,"private":0,"password":""}