{"id":"gen9vgc2023regulatione-1990639619","p1":"Stupidtwink","p2":"JokerCMG","format":"[Gen 9] VGC 2023 Regulation E","log":"|j|\u2606Stupidtwink\n|j|\u2606JokerCMG\n|t:|1699987885\n|gametype|doubles\n|player|p1|Stupidtwink|youngster-gen4dp|1088\n|player|p2|JokerCMG|barry|1006\n|teamsize|p1|6\n|teamsize|p2|6\n|gen|9\n|tier|[Gen 9] VGC 2023 Regulation E\n|rated|\n|rule|Species Clause: Limit one of each Pok\u00e9mon\n|rule|Item Clause: Limit one of each item\n|clearpoke\n|poke|p1|Ursaluna, L50, F|\n|poke|p1|Cresselia, L50, F|\n|poke|p1|Thundurus, L50, M|\n|poke|p1|Arcanine-Hisui, L50, M|\n|poke|p1|Flutter Mane, L50|\n|poke|p1|Chien-Pao, L50|\n|poke|p2|Krookodile, L50, M|\n|poke|p2|Espeon, L50, F|\n|poke|p2|Golem-Alola, L50, M|\n|poke|p2|Ogerpon-Wellspring, L50, F|\n|poke|p2|Annihilape, L50, M|\n|poke|p2|Salazzle, L50, F|\n|teampreview|4\n|inactive|Battle timer is ON: inactive players will automatically lose when time's up. (requested by JokerCMG)\n|\n|t:|1699987907\n|start\n|switch|p1a: Cresselia|Cresselia, L50, F|100\/100\n|switch|p1b: Ursaluna|Ursaluna, L50, F|100\/100\n|switch|p2a: I'm blue|Ogerpon-Wellspring, L50, F|100\/100\n|switch|p2b: RTX|Salazzle, L50, F, shiny|100\/100\n|turn|1\n|\n|t:|1699987920\n|-terastallize|p1b: Ursaluna|Grass\n|move|p2b: RTX|Toxic|p1a: Cresselia\n|-status|p1a: Cresselia|tox\n|move|p2a: I'm blue|Trailblaze|p1b: Ursaluna\n|-resisted|p1b: Ursaluna\n|-damage|p1b: Ursaluna|89\/100\n|-boost|p2a: I'm blue|spe|1\n|move|p1b: Ursaluna|Belly Drum|p1b: Ursaluna\n|-damage|p1b: Ursaluna|39\/100\n|-setboost|p1b: Ursaluna|atk|6|[from] move: Belly Drum\n|-enditem|p1b: Ursaluna|Sitrus Berry|[eat]\n|-heal|p1b: Ursaluna|64\/100|[from] item: Sitrus Berry\n|move|p1a: Cresselia|Trick Room|p1a: Cresselia\n|-fieldstart|move: Trick Room|[of] p1a: Cresselia\n|\n|-damage|p1a: Cresselia|94\/100 tox|[from] psn\n|upkeep\n|turn|2\n|\n|t:|1699987943\n|move|p1a: Cresselia|Ally Switch|p1a: Cresselia\n|swap|p1a: Cresselia|1|[from] move: Ally Switch\n|move|p1a: Ursaluna|Earthquake|p2b: RTX|[spread] p2a,p2b\n|-immune|p1b: Cresselia|[from] ability: Levitate\n|-resisted|p2a: I'm blue\n|-supereffective|p2b: RTX\n|-damage|p2a: I'm blue|6\/100\n|-damage|p2b: RTX|0 fnt\n|faint|p2b: RTX\n|move|p2a: I'm blue|Ivy Cudgel|p1a: Ursaluna|[anim] Ivy Cudgel Water\n|-resisted|p1a: Ursaluna\n|-damage|p1a: Ursaluna|43\/100\n|\n|-damage|p1b: Cresselia|82\/100 tox|[from] psn\n|upkeep\n|\n|t:|1699987956\n|switch|p2b: San the Man|Krookodile, L50, M|100\/100\n|turn|3\n|\n|t:|1699987967\n|-terastallize|p2b: San the Man|Flying\n|move|p1a: Ursaluna|Earthquake|p2b: San the Man|[spread] p2a\n|-immune|p1b: Cresselia|[from] ability: Levitate\n|-immune|p2b: San the Man\n|-resisted|p2a: I'm blue\n|-damage|p2a: I'm blue|0 fnt\n|faint|p2a: I'm blue\n|move|p1b: Cresselia|Lunar Blessing|p1b: Cresselia|[spread] p1a,p1b\n|-heal|p1a: Ursaluna|68\/100\n|-heal|p1b: Cresselia|100\/100 tox\n|-curestatus|p1b: Cresselia|tox|[msg]\n|move|p2b: San the Man|Earthquake|p1b: Cresselia|[spread] p1a\n|-immune|p1b: Cresselia|[from] ability: Levitate\n|-resisted|p1a: Ursaluna\n|-damage|p1a: Ursaluna|52\/100\n|\n|upkeep\n|\n|t:|1699987982\n|switch|p2a: Cap.Sticky Beard|Golem-Alola, L50, M, shiny|100\/100\n|turn|4\n|c|\u2606Stupidtwink|ooh fancy\n|\n|t:|1699988001\n|move|p1a: Ursaluna|Tera Blast|p2a: Cap.Sticky Beard|[anim] Tera Blast Grass\n|-supereffective|p2a: Cap.Sticky Beard\n|-damage|p2a: Cap.Sticky Beard|0 fnt\n|faint|p2a: Cap.Sticky Beard\n|move|p1b: Cresselia|Lunar Blessing|p1b: Cresselia|[spread] p1a,p1b\n|-heal|p1a: Ursaluna|77\/100\n|move|p2b: San the Man|Foul Play|p1a: Ursaluna\n|-damage|p1a: Ursaluna|0 fnt\n|faint|p1a: Ursaluna\n|\n|upkeep\n|\n|t:|1699988011\n|switch|p1a: Arcanine|Arcanine-Hisui, L50, M|100\/100\n|turn|5\n|\n|t:|1699988022\n|move|p1b: Cresselia|Ice Beam|p2b: San the Man\n|-supereffective|p2b: San the Man\n|-damage|p2b: San the Man|55\/100\n|move|p1a: Arcanine|Head Smash|p2b: San the Man\n|-supereffective|p2b: San the Man\n|-damage|p2b: San the Man|0 fnt\n|faint|p2b: San the Man\n|\n|win|Stupidtwink\n|raw|Stupidtwink's rating: 1088 &rarr; <strong>1109<\/strong><br \/>(+21 for winning)\n|raw|JokerCMG's rating: 1006 &rarr; <strong>1000<\/strong><br \/>(-6 for losing)\n|c|\u2606Stupidtwink|gg\n|c|\u2606JokerCMG|gg\n|c|\u2606JokerCMG|it was fun\n","uploadtime":1699988046,"views":8,"p1id":"stupidtwink","p2id":"jokercmg","formatid":"gen9vgc2023regulatione","rating":1000,"private":0,"password":""}