{"id":"gen9vgc2023regulatione-1995413366","p1":"iMatCia","p2":"haerbade258","format":"[Gen 9] VGC 2023 Regulation E","log":"|j|\u2606iMatCia\n|j|\u2606haerbade258\n|t:|1700567535\n|gametype|doubles\n|player|p1|iMatCia|1|1157\n|player|p2|haerbade258|steven|1216\n|teamsize|p1|6\n|teamsize|p2|6\n|gen|9\n|tier|[Gen 9] VGC 2023 Regulation E\n|rated|\n|rule|Species Clause: Limit one of each Pok\u00e9mon\n|rule|Item Clause: Limit one of each item\n|clearpoke\n|poke|p1|Ogerpon-Hearthflame, L50, F|\n|poke|p1|Iron Hands, L50|\n|poke|p1|Landorus-Therian, L50, M|\n|poke|p1|Chien-Pao, L50|\n|poke|p1|Flutter Mane, L50|\n|poke|p1|Rillaboom, L50, F|\n|poke|p2|Politoed, L50, F|\n|poke|p2|Landorus-Therian, L50, M|\n|poke|p2|Ludicolo, L50, F|\n|poke|p2|Basculegion, L50, M|\n|poke|p2|Roaring Moon, L50|\n|poke|p2|Scizor, L50, F|\n|teampreview|4\n|inactive|Battle timer is ON: inactive players will automatically lose when time's up. (requested by iMatCia)\niMatCia rejected open team sheets.\n|\n|t:|1700567564\n|start\n|switch|p1a: Rillaboom|Rillaboom, L50, F|100\/100\n|switch|p1b: Ogerpon|Ogerpon-Hearthflame, L50, F|100\/100\n|switch|p2a: Landorus|Landorus-Therian, L50, M|100\/100\n|switch|p2b: Politoed|Politoed, L50, F|100\/100\n|-ability|p2a: Landorus|Intimidate|boost\n|-unboost|p1a: Rillaboom|atk|1\n|-unboost|p1b: Ogerpon|atk|1\n|-ability|p1b: Ogerpon|Mold Breaker\n|-fieldstart|move: Grassy Terrain|[from] ability: Grassy Surge|[of] p1a: Rillaboom\n|-weather|RainDance|[from] ability: Drizzle|[of] p2b: Politoed\n|turn|1\n|inactive|haerbade258 has 30 seconds left.\n|\n|t:|1700567591\n|switch|p2a: Ludicolo|Ludicolo, L50, F|100\/100\n|move|p2b: Politoed|Protect|p2b: Politoed\n|-singleturn|p2b: Politoed|Protect\n|move|p1a: Rillaboom|Fake Out|p2a: Ludicolo\n|-damage|p2a: Ludicolo|82\/100\n|-damage|p1a: Rillaboom|91\/100|[from] item: Life Orb\n|move|p1b: Ogerpon|Horn Leech|p2b: Politoed\n|-activate|p2b: Politoed|move: Protect\n|\n|-weather|RainDance|[upkeep]\n|-heal|p2a: Ludicolo|88\/100|[from] Grassy Terrain\n|-heal|p1a: Rillaboom|96\/100|[from] Grassy Terrain\n|upkeep\n|turn|2\n|\n|t:|1700567614\n|switch|p2b: Landorus|Landorus-Therian, L50, M|100\/100\n|-ability|p2b: Landorus|Intimidate|boost\n|-unboost|p1a: Rillaboom|atk|1\n|-unboost|p1b: Ogerpon|atk|1\n|move|p1a: Rillaboom|Protect|p1a: Rillaboom\n|-singleturn|p1a: Rillaboom|Protect\n|move|p2a: Ludicolo|Fake Out|p1a: Rillaboom\n|-activate|p1a: Rillaboom|move: Protect\n|move|p1b: Ogerpon|Horn Leech|p2b: Landorus\n|-damage|p2b: Landorus|65\/100\n|\n|-weather|RainDance|[upkeep]\n|-heal|p2a: Ludicolo|93\/100|[from] Grassy Terrain\n|-heal|p1a: Rillaboom|100\/100|[from] Grassy Terrain\n|upkeep\n|turn|3\n|\n|t:|1700567638\n|switch|p1a: Landorus|Landorus-Therian, L50, M|100\/100\n|-ability|p1a: Landorus|Intimidate|boost\n|-unboost|p2a: Ludicolo|atk|1\n|-unboost|p2b: Landorus|atk|1\n|move|p1b: Ogerpon|Spiky Shield|p1b: Ogerpon\n|-singleturn|p1b: Ogerpon|move: Protect\n|move|p2a: Ludicolo|Ice Beam|p1a: Landorus\n|-supereffective|p1a: Landorus\n|-damage|p1a: Landorus|0 fnt\n|faint|p1a: Landorus\n|move|p2b: Landorus|U-turn|p1b: Ogerpon\n|-activate|p1b: Ogerpon|move: Protect\n|-damage|p2b: Landorus|53\/100|[from] Spiky Shield|[of] p1b: Ogerpon\n|\n|-weather|RainDance|[upkeep]\n|-heal|p2a: Ludicolo|99\/100|[from] Grassy Terrain\n|upkeep\n|\n|t:|1700567655\n|switch|p1a: Iron Hands|Iron Hands, L50|100\/100\n|turn|4\n|\n|t:|1700567677\n|switch|p2b: Roaring Moon|Roaring Moon, L50|100\/100\n|-enditem|p2b: Roaring Moon|Booster Energy\n|-activate|p2b: Roaring Moon|ability: Protosynthesis|[fromitem]\n|-start|p2b: Roaring Moon|protosynthesisatk\n|move|p1a: Iron Hands|Fake Out|p2b: Roaring Moon\n|-damage|p2b: Roaring Moon|78\/100\n|move|p2a: Ludicolo|Weather Ball|p1a: Iron Hands\n|-damage|p1a: Iron Hands|61\/100\n|move|p1b: Ogerpon|Horn Leech|p2b: Roaring Moon\n|-resisted|p2b: Roaring Moon\n|-damage|p2b: Roaring Moon|60\/100\n|\n|-weather|RainDance|[upkeep]\n|-heal|p2a: Ludicolo|100\/100|[from] Grassy Terrain\n|-heal|p2b: Roaring Moon|66\/100|[from] Grassy Terrain\n|-heal|p1a: Iron Hands|68\/100|[from] Grassy Terrain\n|upkeep\n|turn|5\n|inactive|iMatCia has 30 seconds left.\n|inactive|iMatCia has 20 seconds left.\n|\n|t:|1700567712\n|switch|p2a: Landorus|Landorus-Therian, L50, M|53\/100\n|-ability|p2a: Landorus|Intimidate|boost\n|-unboost|p1a: Iron Hands|atk|1\n|-unboost|p1b: Ogerpon|atk|1\n|-terastallize|p2b: Roaring Moon|Flying\n|move|p1b: Ogerpon|Spiky Shield|p1b: Ogerpon\n|-singleturn|p1b: Ogerpon|move: Protect\n|move|p2b: Roaring Moon|Acrobatics|p1b: Ogerpon\n|-activate|p1b: Ogerpon|move: Protect\n|-damage|p2b: Roaring Moon|54\/100|[from] Spiky Shield|[of] p1b: Ogerpon\n|move|p1a: Iron Hands|Drain Punch|p2b: Roaring Moon\n|-resisted|p2b: Roaring Moon\n|-damage|p2b: Roaring Moon|35\/100\n|-heal|p1a: Iron Hands|74\/100|[from] drain|[of] p2b: Roaring Moon\n|\n|-weather|RainDance|[upkeep]\n|-heal|p1a: Iron Hands|80\/100|[from] Grassy Terrain\n|-fieldend|move: Grassy Terrain\n|upkeep\n|turn|6\n|inactive|iMatCia has 30 seconds left.\n|inactive|haerbade258 has 30 seconds left.\n|inactive|iMatCia has 20 seconds left.\n|inactive|iMatCia has 15 seconds left.\n|\n|t:|1700567755\n|move|p2a: Landorus|U-turn|p1b: Ogerpon\n|-damage|p1b: Ogerpon|62\/100\n|\n|t:|1700567762\n|switch|p2a: Politoed|Politoed, L50, F|100\/100|[from] U-turn\n|move|p1b: Ogerpon|Horn Leech|p2a: Politoed\n|-supereffective|p2a: Politoed\n|-damage|p2a: Politoed|69\/100\n|-heal|p1b: Ogerpon|82\/100|[from] drain|[of] p2a: Politoed\n|move|p2b: Roaring Moon|Roost|p2b: Roaring Moon\n|-heal|p2b: Roaring Moon|85\/100\n|-hint|If a Flying Terastallized Pokemon uses Roost, it remains Flying-type.\n|move|p1a: Iron Hands|Wild Charge|p2b: Roaring Moon\n|-supereffective|p2b: Roaring Moon\n|-damage|p2b: Roaring Moon|0 fnt\n|faint|p2b: Roaring Moon\n|-end|p2b: Roaring Moon|Protosynthesis|[silent]\n|-damage|p1a: Iron Hands|66\/100|[from] Recoil\n|\n|-weather|RainDance|[upkeep]\n|upkeep\n|\n|t:|1700567784\n|switch|p2b: Landorus|Landorus-Therian, L50, M|53\/100\n|-ability|p2b: Landorus|Intimidate|boost\n|-unboost|p1a: Iron Hands|atk|1\n|-unboost|p1b: Ogerpon|atk|1\n|turn|7\n|\n|t:|1700567800\n|-end|p1a: Iron Hands|Quark Drive|[silent]\n|switch|p1a: Rillaboom|Rillaboom, L50, F|100\/100\n|-fieldstart|move: Grassy Terrain|[from] ability: Grassy Surge|[of] p1a: Rillaboom\n|switch|p2a: Ludicolo|Ludicolo, L50, F|100\/100\n|move|p1b: Ogerpon|Spiky Shield|p1b: Ogerpon\n|-singleturn|p1b: Ogerpon|move: Protect\n|move|p2b: Landorus|U-turn|p1b: Ogerpon\n|-activate|p1b: Ogerpon|move: Protect\n|-damage|p2b: Landorus|41\/100|[from] Spiky Shield|[of] p1b: Ogerpon\n|\n|-weather|RainDance|[upkeep]\n|-heal|p1b: Ogerpon|88\/100|[from] Grassy Terrain\n|upkeep\n|turn|8\n|\n|t:|1700567819\n|switch|p1b: Iron Hands|Iron Hands, L50|66\/100\n|move|p2a: Ludicolo|Fake Out|p1a: Rillaboom\n|-damage|p1a: Rillaboom|94\/100\n|move|p2b: Landorus|U-turn|p1a: Rillaboom\n|-supereffective|p1a: Rillaboom\n|-damage|p1a: Rillaboom|35\/100\n|\n|t:|1700567827\n|switch|p2b: Politoed|Politoed, L50, F|69\/100|[from] U-turn\n|cant|p1a: Rillaboom|flinch\n|\n|-weather|none\n|-heal|p1a: Rillaboom|41\/100|[from] Grassy Terrain\n|-heal|p1b: Iron Hands|72\/100|[from] Grassy Terrain\n|-heal|p2b: Politoed|75\/100|[from] Grassy Terrain\n|upkeep\n|turn|9\n|\n|t:|1700567849\n|switch|p2a: Landorus|Landorus-Therian, L50, M|41\/100\n|-ability|p2a: Landorus|Intimidate|boost\n|-unboost|p1a: Rillaboom|atk|1\n|-unboost|p1b: Iron Hands|atk|1\n|move|p2b: Politoed|Protect|p2b: Politoed\n|-singleturn|p2b: Politoed|Protect\n|move|p1a: Rillaboom|Grassy Glide|p2b: Politoed\n|-activate|p2b: Politoed|move: Protect\n|move|p1b: Iron Hands|Wild Charge|p2b: Politoed\n|-activate|p2b: Politoed|move: Protect\n|\n|-heal|p1a: Rillaboom|47\/100|[from] Grassy Terrain\n|-heal|p1b: Iron Hands|78\/100|[from] Grassy Terrain\n|-heal|p2b: Politoed|81\/100|[from] Grassy Terrain\n|upkeep\n|turn|10\n|\n|t:|1700567872\n|switch|p2b: Ludicolo|Ludicolo, L50, F|100\/100\n|move|p1a: Rillaboom|Protect|p1a: Rillaboom\n|-singleturn|p1a: Rillaboom|Protect\n|move|p2a: Landorus|U-turn|p1a: Rillaboom\n|-activate|p1a: Rillaboom|move: Protect\n|move|p1b: Iron Hands|Drain Punch|p2b: Ludicolo\n|-damage|p2b: Ludicolo|56\/100\n|-heal|p1b: Iron Hands|91\/100|[from] drain|[of] p2b: Ludicolo\n|\n|-heal|p1a: Rillaboom|52\/100|[from] Grassy Terrain\n|-heal|p2b: Ludicolo|62\/100|[from] Grassy Terrain\n|-heal|p1b: Iron Hands|97\/100|[from] Grassy Terrain\n|upkeep\n|turn|11\n|\n|t:|1700567894\n|switch|p1a: Ogerpon|Ogerpon-Hearthflame, L50, F|88\/100\n|-ability|p1a: Ogerpon|Mold Breaker\n|move|p2b: Ludicolo|Fake Out|p1b: Iron Hands\n|-damage|p1b: Iron Hands|93\/100\n|move|p2a: Landorus|U-turn|p1a: Ogerpon\n|-damage|p1a: Ogerpon|51\/100\n|\n|t:|1700567904\n|switch|p2a: Politoed|Politoed, L50, F|81\/100|[from] U-turn\n|-weather|RainDance|[from] ability: Drizzle|[of] p2a: Politoed\n|cant|p1b: Iron Hands|flinch\n|\n|-weather|RainDance|[upkeep]\n|-heal|p2b: Ludicolo|68\/100|[from] Grassy Terrain\n|-heal|p1a: Ogerpon|57\/100|[from] Grassy Terrain\n|-heal|p1b: Iron Hands|99\/100|[from] Grassy Terrain\n|-heal|p2a: Politoed|87\/100|[from] Grassy Terrain\n|-fieldend|move: Grassy Terrain\n|upkeep\n|turn|12\n|inactive|haerbade258 has 30 seconds left.\n|inactive|haerbade258 has 20 seconds left.\n|\n|t:|1700567942\n|switch|p2b: Landorus|Landorus-Therian, L50, M|41\/100\n|-ability|p2b: Landorus|Intimidate|boost\n|-unboost|p1a: Ogerpon|atk|1\n|-unboost|p1b: Iron Hands|atk|1\n|-terastallize|p1a: Ogerpon|Fire\n|detailschange|p1a: Ogerpon|Ogerpon-Hearthflame-Tera, L50, F, tera:Fire\n|-ability|p1a: Ogerpon|Embody Aspect (Hearthflame)|boost\n|-boost|p1a: Ogerpon|atk|1\n|move|p2a: Politoed|Protect|p2a: Politoed\n|-singleturn|p2a: Politoed|Protect\n|move|p1a: Ogerpon|Ivy Cudgel|p2b: Landorus|[anim] Ivy Cudgel Fire\n|-crit|p2b: Landorus\n|-damage|p2b: Landorus|0 fnt\n|faint|p2b: Landorus\n|move|p1b: Iron Hands|Drain Punch|p2a: Politoed\n|-activate|p2a: Politoed|move: Protect\n|\n|-weather|RainDance|[upkeep]\n|upkeep\n|\n|t:|1700567961\n|switch|p2b: Ludicolo|Ludicolo, L50, F|68\/100\n|turn|13\n|\n|t:|1700567978\n|-end|p1b: Iron Hands|Quark Drive|[silent]\n|switch|p1b: Rillaboom|Rillaboom, L50, F|52\/100\n|-fieldstart|move: Grassy Terrain|[from] ability: Grassy Surge|[of] p1b: Rillaboom\n|move|p2b: Ludicolo|Fake Out|p1a: Ogerpon\n|-crit|p1a: Ogerpon\n|-damage|p1a: Ogerpon|44\/100\n|cant|p1a: Ogerpon|flinch\n|move|p2a: Politoed|Weather Ball|p1a: Ogerpon\n|-supereffective|p1a: Ogerpon\n|-damage|p1a: Ogerpon|0 fnt\n|faint|p1a: Ogerpon\n|\n|-weather|RainDance|[upkeep]\n|-heal|p2b: Ludicolo|74\/100|[from] Grassy Terrain\n|-heal|p1b: Rillaboom|58\/100|[from] Grassy Terrain\n|-heal|p2a: Politoed|93\/100|[from] Grassy Terrain\n|upkeep\n|\n|t:|1700567993\n|switch|p1a: Iron Hands|Iron Hands, L50|99\/100\n|turn|14\n|\n|t:|1700568004\n|move|p2a: Politoed|Protect|p2a: Politoed\n|-singleturn|p2a: Politoed|Protect\n|move|p2b: Ludicolo|Ice Beam|p1b: Rillaboom\n|-supereffective|p1b: Rillaboom\n|-damage|p1b: Rillaboom|0 fnt\n|faint|p1b: Rillaboom\n|move|p1a: Iron Hands|Drain Punch|p2b: Ludicolo\n|-damage|p2b: Ludicolo|8\/100\n|-heal|p1a: Iron Hands|100\/100|[from] drain|[of] p2b: Ludicolo\n|\n|-weather|RainDance|[upkeep]\n|-heal|p2b: Ludicolo|13\/100|[from] Grassy Terrain\n|-heal|p2a: Politoed|99\/100|[from] Grassy Terrain\n|upkeep\n|turn|15\n|\n|t:|1700568026\n|move|p2b: Ludicolo|Weather Ball|p1a: Iron Hands\n|-damage|p1a: Iron Hands|60\/100\n|move|p1a: Iron Hands|Wild Charge|p2a: Politoed\n|-supereffective|p2a: Politoed\n|-damage|p2a: Politoed|8\/100\n|-damage|p1a: Iron Hands|43\/100|[from] Recoil\n|move|p2a: Politoed|Hypnosis|p1a: Iron Hands|[miss]\n|-miss|p2a: Politoed|p1a: Iron Hands\n|\n|-weather|RainDance|[upkeep]\n|-heal|p2b: Ludicolo|19\/100|[from] Grassy Terrain\n|-heal|p1a: Iron Hands|49\/100|[from] Grassy Terrain\n|-heal|p2a: Politoed|14\/100|[from] Grassy Terrain\n|upkeep\n|turn|16\n|\n|t:|1700568044\n|move|p2a: Politoed|Protect|p2a: Politoed\n|-singleturn|p2a: Politoed|Protect\n|move|p2b: Ludicolo|Weather Ball|p1a: Iron Hands\n|-damage|p1a: Iron Hands|12\/100\n|move|p1a: Iron Hands|Drain Punch|p2b: Ludicolo\n|-damage|p2b: Ludicolo|0 fnt\n|-heal|p1a: Iron Hands|18\/100|[from] drain|[of] p2b: Ludicolo\n|faint|p2b: Ludicolo\n|\n|-weather|RainDance|[upkeep]\n|-heal|p1a: Iron Hands|24\/100|[from] Grassy Terrain\n|-heal|p2a: Politoed|20\/100|[from] Grassy Terrain\n|upkeep\n|turn|17\n|\n|t:|1700568063\n|move|p1a: Iron Hands|Wild Charge|p2a: Politoed\n|-supereffective|p2a: Politoed\n|-damage|p2a: Politoed|0 fnt\n|faint|p2a: Politoed\n|-damage|p1a: Iron Hands|20\/100|[from] Recoil\n|\n|win|iMatCia\n|raw|iMatCia's rating: 1157 &rarr; <strong>1186<\/strong><br \/>(+29 for winning)\n|raw|haerbade258's rating: 1216 &rarr; <strong>1187<\/strong><br \/>(-29 for losing)\n|c|\u2606iMatCia|gg\n","uploadtime":1700568070,"views":15,"p1id":"imatcia","p2id":"haerbade258","formatid":"gen9vgc2023regulatione","rating":1186,"private":0,"password":""}