{"id":"gen9vgc2023regulatione-2000440634","p1":"5wamp","p2":"Umbny","format":"[Gen 9] VGC 2023 Regulation E","log":"|j|\u26065wamp\n|j|\u2606Umbny\n|n|\u26065wamp|5wamp\n|n|\u2606Umbny|umbny\n|html|View the match progress at <a href=\"\/game-bestof3-gen9vgc2023regulatione-2000438388\">game-bestof3-gen9vgc2023regulatione-2000438388<\/a>\n|t:|1701195024\n|gametype|doubles\n|player|p1|5wamp|carmine-festival|\n|player|p2|Umbny|unknown|\n|teamsize|p1|6\n|teamsize|p2|6\n|gen|9\n|tier|[Gen 9] VGC 2023 Regulation E\n|rated|Tournament battle\n|rule|Species Clause: Limit one of each Pok\u00e9mon\n|rule|Item Clause: Limit one of each item\n|clearpoke\n|poke|p1|Rillaboom, L50, F|\n|poke|p1|Ogerpon-Hearthflame, L50, F|\n|poke|p1|Clefable, L50, M|\n|poke|p1|Landorus-Therian, L50, M|\n|poke|p1|Enamorus, L50, F|\n|poke|p1|Heatran, L50, F|\n|poke|p2|Chien-Pao, L50|\n|poke|p2|Urshifu-*, L50, M|\n|poke|p2|Iron Hands, L50|\n|poke|p2|Tornadus, L50, M|\n|poke|p2|Flutter Mane, L50|\n|poke|p2|Arcanine-Hisui, L50, M|\n|teampreview|4\n|showteam|p1|Rillaboom||AssaultVest|GrassySurge|WoodHammer,HighHorsepower,GrassyGlide,FakeOut|||F|||50|,,,,,Fire]Ogerpon-Hearthflame||HearthflameMask|MoldBreaker|IvyCudgel,GrassyGlide,SwordsDance,SpikyShield|||F|||50|,,,,,Fire]Clefable||RockyHelmet|Unaware|Moonblast,IceBeam,FollowMe,Protect|||M|||50|,,,,,Water]Landorus-Therian||ChoiceScarf|Intimidate|StompingTantrum,TeraBlast,Uturn,RockSlide|||M|||50|,,,,,Flying]Enamorus||SitrusBerry|Contrary|Superpower,PlayRough,IronHead,Protect|||F|||50|,,,,,Steel]Heatran||Leftovers|FlashFire|MagmaStorm,FlashCannon,EarthPower,Protect|||F|||50|,,,,,Grass\n|showteam|p2|Chien-Pao||LifeOrb|SwordofRuin|IceSpinner,SuckerPunch,SacredSword,Protect||||||50|,,,,,Ghost]Urshifu-Rapid-Strike||MysticWater|UnseenFist|SurgingStrikes,AquaJet,Detect,Taunt|||M|||50|,,,,,Water]Iron Hands||AssaultVest|QuarkDrive|FakeOut,WildCharge,DrainPunch,CloseCombat||||||50|,,,,,Fighting]Tornadus||FocusSash|Prankster|Tailwind,Taunt,BleakwindStorm,HeatWave|||M|||50|,,,,,Flying]Flutter Mane||BoosterEnergy|Protosynthesis|Moonblast,ShadowBall,Protect,Imprison||||||50|,,,,,Fairy]Arcanine-Hisui||ChoiceBand|Intimidate|HeadSmash,RockSlide,FlareBlitz,ExtremeSpeed|||M|||50|,,,,,Normal\n|inactive|Battle timer is ON: inactive players will automatically lose when time's up. (requested by Umbny)\n|c|\u26065wamp|hf\n|c|\u2606Umbny|hf\n|\n|t:|1701195050\n|start\n|switch|p1a: Enamorus|Enamorus, L50, F|100\/100\n|switch|p1b: Clefable|Clefable, L50, M|100\/100\n|switch|p2a: Tornadus|Tornadus, L50, M|100\/100\n|switch|p2b: Chien-Pao|Chien-Pao, L50|100\/100\n|-ability|p2b: Chien-Pao|Sword of Ruin\n|turn|1\n|\n|t:|1701195064\n|-terastallize|p1b: Clefable|Water\n|move|p2b: Chien-Pao|Protect|p2b: Chien-Pao\n|-singleturn|p2b: Chien-Pao|Protect\n|move|p1b: Clefable|Follow Me|p1b: Clefable\n|-singleturn|p1b: Clefable|move: Follow Me\n|move|p2a: Tornadus|Taunt|p1b: Clefable\n|-start|p1b: Clefable|move: Taunt\n|move|p1a: Enamorus|Superpower|p2a: Tornadus\n|-resisted|p2a: Tornadus\n|-crit|p2a: Tornadus\n|-damage|p2a: Tornadus|48\/100\n|-boost|p1a: Enamorus|atk|1\n|-boost|p1a: Enamorus|def|1\n|\n|upkeep\n|turn|2\n|\n|t:|1701195088\n|switch|p1b: Landorus|Landorus-Therian, L50, M|100\/100\n|-ability|p1b: Landorus|Intimidate|boost\n|-unboost|p2a: Tornadus|atk|1\n|-unboost|p2b: Chien-Pao|atk|1\n|move|p2b: Chien-Pao|Ice Spinner|p1a: Enamorus\n|-supereffective|p1a: Enamorus\n|-damage|p1a: Enamorus|17\/100\n|-enditem|p1a: Enamorus|Sitrus Berry|[eat]\n|-heal|p1a: Enamorus|41\/100|[from] item: Sitrus Berry\n|-damage|p2b: Chien-Pao|91\/100|[from] item: Life Orb\n|move|p2a: Tornadus|Bleakwind Storm|p1a: Enamorus|[spread] p1b\n|-miss|p2a: Tornadus|p1a: Enamorus\n|-damage|p1b: Landorus|59\/100\n|move|p1a: Enamorus|Superpower|p2b: Chien-Pao\n|-supereffective|p2b: Chien-Pao\n|-damage|p2b: Chien-Pao|0 fnt\n|-boost|p1a: Enamorus|atk|1\n|-boost|p1a: Enamorus|def|1\n|faint|p2b: Chien-Pao\n|\n|upkeep\n|\n|t:|1701195106\n|switch|p2b: Urshifu|Urshifu-Rapid-Strike, L50, M|100\/100\n|turn|3\n|\n|t:|1701195115\n|switch|p1a: Clefable|Clefable, L50, M, tera:Water|100\/100\n|-terastallize|p2a: Tornadus|Flying\n|move|p1b: Landorus|Rock Slide|p2a: Tornadus|[spread] p2a,p2b\n|-supereffective|p2a: Tornadus\n|-resisted|p2b: Urshifu\n|-damage|p2a: Tornadus|0 fnt\n|-damage|p2b: Urshifu|91\/100\n|faint|p2a: Tornadus\n|move|p2b: Urshifu|Surging Strikes|p1b: Landorus\n|-supereffective|p1b: Landorus\n|-crit|p1b: Landorus\n|-damage|p1b: Landorus|11\/100\n|-supereffective|p1b: Landorus\n|-crit|p1b: Landorus\n|-damage|p1b: Landorus|0 fnt\n|faint|p1b: Landorus\n|-hitcount|p1: Landorus|2\n|\n|upkeep\n|\n|t:|1701195130\n|switch|p2a: Arcanine|Arcanine-Hisui, L50, M|100\/100\n|switch|p1b: Rillaboom|Rillaboom, L50, F|100\/100\n|-ability|p2a: Arcanine|Intimidate|boost\n|-unboost|p1a: Clefable|atk|1\n|-unboost|p1b: Rillaboom|atk|1\n|-fieldstart|move: Grassy Terrain|[from] ability: Grassy Surge|[of] p1b: Rillaboom\n|turn|4\n|inactive|5wamp has 30 seconds left.\n|\n|t:|1701195155\n|move|p2b: Urshifu|Detect|p2b: Urshifu\n|-singleturn|p2b: Urshifu|Protect\n|move|p1b: Rillaboom|Fake Out|p2a: Arcanine\n|-resisted|p2a: Arcanine\n|-damage|p2a: Arcanine|94\/100\n|cant|p2a: Arcanine|flinch\n|move|p1a: Clefable|Moonblast|p2b: Urshifu\n|-activate|p2b: Urshifu|move: Protect\n|\n|-heal|p2b: Urshifu|96\/100|[from] Grassy Terrain\n|-heal|p2a: Arcanine|99\/100|[from] Grassy Terrain\n|upkeep\n|turn|5\n|\n|t:|1701195179\n|move|p2b: Urshifu|Detect|p2b: Urshifu\n|-singleturn|p2b: Urshifu|Protect\n|move|p2a: Arcanine|Flare Blitz|p1b: Rillaboom\n|-supereffective|p1b: Rillaboom\n|-damage|p1b: Rillaboom|0 fnt\n|faint|p1b: Rillaboom\n|-damage|p2a: Arcanine|60\/100|[from] Recoil\n|move|p1a: Clefable|Moonblast|p2b: Urshifu\n|-activate|p2b: Urshifu|move: Protect\n|\n|-heal|p2b: Urshifu|100\/100|[from] Grassy Terrain\n|-heal|p2a: Arcanine|66\/100|[from] Grassy Terrain\n|upkeep\n|\n|t:|1701195185\n|switch|p1b: Enamorus|Enamorus, L50, F|41\/100\n|turn|6\n|\n|t:|1701195199\n|move|p1a: Clefable|Follow Me|p1a: Clefable\n|-singleturn|p1a: Clefable|move: Follow Me\n|move|p2b: Urshifu|Aqua Jet|p1a: Clefable\n|-resisted|p1a: Clefable\n|-damage|p1a: Clefable|90\/100\n|-damage|p2b: Urshifu|84\/100|[from] item: Rocky Helmet|[of] p1a: Clefable\n|move|p1b: Enamorus|Superpower|p2a: Arcanine\n|-supereffective|p2a: Arcanine\n|-damage|p2a: Arcanine|0 fnt\n|-boost|p1b: Enamorus|atk|1\n|-boost|p1b: Enamorus|def|1\n|faint|p2a: Arcanine\n|\n|-heal|p2b: Urshifu|90\/100|[from] Grassy Terrain\n|-heal|p1a: Clefable|96\/100|[from] Grassy Terrain\n|upkeep\n|turn|7\n|c|\u2606Umbny|gg\n|c|\u26065wamp|gg\n|\n|t:|1701195214\n|move|p1a: Clefable|Follow Me|p1a: Clefable\n|-singleturn|p1a: Clefable|move: Follow Me\n|move|p1b: Enamorus|Superpower|p2b: Urshifu\n|-damage|p2b: Urshifu|33\/100\n|-boost|p1b: Enamorus|atk|1\n|-boost|p1b: Enamorus|def|1\n|move|p2b: Urshifu|Surging Strikes|p1a: Clefable\n|-resisted|p1a: Clefable\n|-crit|p1a: Clefable\n|-damage|p1a: Clefable|86\/100\n|-damage|p2b: Urshifu|16\/100|[from] item: Rocky Helmet|[of] p1a: Clefable\n|-resisted|p1a: Clefable\n|-crit|p1a: Clefable\n|-damage|p1a: Clefable|75\/100\n|-damage|p2b: Urshifu|0 fnt|[from] item: Rocky Helmet|[of] p1a: Clefable\n|faint|p2b: Urshifu\n|\n|win|5wamp\n|-hitcount|p1a: Clefable|2\n","uploadtime":1701195220,"views":9,"p1id":"5wamp","p2id":"umbny","formatid":"gen9vgc2023regulatione","rating":0,"private":0,"password":""}