{"id":"gen9vgc2023regulatione-1999325150","p1":"GB Five","p2":"langligelang","format":"[Gen 9] VGC 2023 Regulation E","log":"|j|\u2606GB Five\n|j|\u2606langligelang\n|t:|1701060576\n|gametype|doubles\n|player|p1|GB Five|169|\n|player|p2|langligelang|2|\n|teamsize|p1|6\n|teamsize|p2|6\n|gen|9\n|tier|[Gen 9] VGC 2023 Regulation E\n|rule|Species Clause: Limit one of each Pok\u00e9mon\n|rule|Item Clause: Limit one of each item\n|clearpoke\n|poke|p1|Weezing-Galar, L50, M|\n|poke|p1|Tauros-Paldea-Aqua, L50, M|\n|poke|p1|Pelipper, L50, F|\n|poke|p1|Rillaboom, L50, M|\n|poke|p1|Farigiraf, L50, M|\n|poke|p1|Ceruledge, L50, M|\n|poke|p2|Dudunsparce-*, L50, M|\n|poke|p2|Jolteon, L50, M|\n|poke|p2|Maushold-Four, L50|\n|poke|p2|Lucario, L50, M|\n|poke|p2|Chandelure, L50, M|\n|poke|p2|Talonflame, L50, M|\n|teampreview|4\n|\n|t:|1701060611\n|start\n|switch|p1a: Tauros|Tauros-Paldea-Aqua, L50, M|100\/100\n|switch|p1b: Pelipper|Pelipper, L50, F|100\/100\n|switch|p2a: Jolteon|Jolteon, L50, M|100\/100\n|switch|p2b: Dudunsparce|Dudunsparce, L50, M|100\/100\n|-ability|p1a: Tauros|Intimidate|boost\n|-unboost|p2a: Jolteon|atk|1\n|-unboost|p2b: Dudunsparce|atk|1\n|-ability|p2b: Dudunsparce|Rattled|boost\n|-boost|p2b: Dudunsparce|spe|1\n|-weather|RainDance|[from] ability: Drizzle|[of] p1b: Pelipper\n|turn|1\n|\n|t:|1701060653\n|-terastallize|p1a: Tauros|Water\n|-terastallize|p2b: Dudunsparce|Psychic\n|move|p1a: Tauros|Wave Crash|p2b: Dudunsparce\n|-damage|p2b: Dudunsparce|0 fnt\n|faint|p2b: Dudunsparce\n|-damage|p1a: Tauros|58\/100|[from] Recoil\n|move|p2a: Jolteon|Pin Missile|p2: Dudunsparce|[notarget]\n|-fail|p2a: Jolteon\n|move|p1b: Pelipper|Tailwind|p1b: Pelipper\n|-sidestart|p1: GB Five|move: Tailwind\n|\n|-weather|RainDance|[upkeep]\n|upkeep\n|\n|t:|1701060666\n|switch|p2b: Lucario|Lucario, L50, M|100\/100\n|turn|2\n|\n|t:|1701060686\n|move|p1a: Tauros|Wave Crash|p2a: Jolteon\n|-damage|p2a: Jolteon|0 fnt\n|faint|p2a: Jolteon\n|-damage|p1a: Tauros|25\/100|[from] Recoil\n|move|p1b: Pelipper|Hydro Pump|p2b: Lucario|[miss]\n|-miss|p1b: Pelipper|p2b: Lucario\n|move|p2b: Lucario|Drain Punch|p1a: Tauros\n|-damage|p1a: Tauros|0 fnt\n|faint|p1a: Tauros\n|-damage|p2b: Lucario|91\/100|[from] item: Life Orb\n|\n|-weather|RainDance|[upkeep]\n|upkeep\n|\n|t:|1701060705\n|switch|p2a: Maushold|Maushold-Four, L50|100\/100\n|switch|p1a: Rillaboom|Rillaboom, L50, M|100\/100\n|-fieldstart|move: Grassy Terrain|[from] ability: Grassy Surge|[of] p1a: Rillaboom\n|turn|3\n|\n|t:|1701060720\n|move|p1b: Pelipper|Hurricane|p2b: Lucario\n|-damage|p2b: Lucario|27\/100\n|move|p1a: Rillaboom|Wood Hammer|p2a: Maushold\n|-damage|p2a: Maushold|0 fnt\n|faint|p2a: Maushold\n|-damage|p1a: Rillaboom|69\/100|[from] Recoil\n|move|p2b: Lucario|Drain Punch|p1a: Rillaboom\n|-damage|p1a: Rillaboom|24\/100\n|-heal|p2b: Lucario|57\/100|[from] drain|[of] p1a: Rillaboom\n|-damage|p2b: Lucario|47\/100|[from] item: Life Orb\n|\n|-weather|RainDance|[upkeep]\n|-heal|p1a: Rillaboom|30\/100|[from] Grassy Terrain\n|-heal|p2b: Lucario|54\/100|[from] Grassy Terrain\n|upkeep\n|turn|4\n|\n|t:|1701060744\n|move|p2b: Lucario|Detect|p2b: Lucario\n|-singleturn|p2b: Lucario|Protect\n|move|p1b: Pelipper|Hurricane|p2b: Lucario\n|-activate|p2b: Lucario|move: Protect\n|move|p1a: Rillaboom|Wood Hammer|p2b: Lucario\n|-activate|p2b: Lucario|move: Protect\n|\n|-weather|RainDance|[upkeep]\n|-heal|p1a: Rillaboom|36\/100|[from] Grassy Terrain\n|-heal|p2b: Lucario|60\/100|[from] Grassy Terrain\n|-sideend|p1: GB Five|move: Tailwind\n|upkeep\n|turn|5\n|\n|t:|1701060763\n|switch|p1a: Weezing|Weezing-Galar, L50, M|100\/100\n|-ability|p1a: Weezing|Neutralizing Gas\n|move|p2b: Lucario|Extreme Speed|p1a: Weezing\n|-damage|p1a: Weezing|66\/100\n|-damage|p2b: Lucario|50\/100|[from] item: Life Orb\n|move|p1b: Pelipper|Tailwind|p1b: Pelipper\n|-sidestart|p1: GB Five|move: Tailwind\n|\n|-weather|none\n|-heal|p1a: Weezing|72\/100|[from] Grassy Terrain\n|-heal|p2b: Lucario|56\/100|[from] Grassy Terrain\n|upkeep\n|turn|6\n|\n|t:|1701060779\n|-end|p1a: Weezing|ability: Neutralizing Gas\n|-weather|RainDance|[from] ability: Drizzle|[of] p1b: Pelipper\n|switch|p1a: Rillaboom|Rillaboom, L50, M|36\/100\n|move|p2b: Lucario|Bullet Punch|p1a: Rillaboom\n|-damage|p1a: Rillaboom|10\/100\n|-damage|p2b: Lucario|47\/100|[from] item: Life Orb\n|move|p1b: Pelipper|Hurricane|p2b: Lucario\n|-damage|p2b: Lucario|0 fnt\n|faint|p2b: Lucario\n|\n|win|GB Five\n|l|\u2606GB Five\n","uploadtime":1701060794,"views":2,"p1id":"gbfive","p2id":"langligelang","formatid":"gen9vgc2023regulatione","rating":0,"private":0,"password":""}