{"id":"gen9vgc2023regulatione-1993530360","p1":"Conchoboar3","p2":"allanpoe16","format":"[Gen 9] VGC 2023 Regulation E","log":"|j|\u2606Conchoboar3\n|j|\u2606allanpoe16\n|t:|1700328560\n|gametype|doubles\n|player|p1|Conchoboar3|169|1335\n|player|p2|allanpoe16|gentleman-gen4dp|1301\n|teamsize|p1|6\n|teamsize|p2|6\n|gen|9\n|tier|[Gen 9] VGC 2023 Regulation E\n|rated|\n|rule|Species Clause: Limit one of each Pok\u00e9mon\n|rule|Item Clause: Limit one of each item\n|clearpoke\n|poke|p1|Mamoswine, L50, M|\n|poke|p1|Iron Hands, L50|\n|poke|p1|Grimmsnarl, L50, M|\n|poke|p1|Flutter Mane, L50|\n|poke|p1|Sinistcha, L50|\n|poke|p1|Arcanine-Hisui, L50, M|\n|poke|p2|Flutter Mane, L50|\n|poke|p2|Amoonguss, L50, F|\n|poke|p2|Dragonite, L50, M|\n|poke|p2|Ogerpon-Wellspring, L50, F|\n|poke|p2|Heatran, L50, M|\n|poke|p2|Landorus-Therian, L50, M|\n|teampreview|4\n|\n|t:|1700328595\n|start\n|switch|p1a: Komanoto|Arcanine-Hisui, L50, M|100\/100\n|switch|p1b: Mamoswine|Mamoswine, L50, M|100\/100\n|switch|p2a: Landorus|Landorus-Therian, L50, M|100\/100\n|switch|p2b: Heatran|Heatran, L50, M, shiny|100\/100\n|-ability|p2a: Landorus|Intimidate|boost\n|-unboost|p1a: Komanoto|atk|1\n|-fail|p1b: Mamoswine|unboost|Attack|[from] ability: Oblivious|[of] p1b: Mamoswine\n|-ability|p1a: Komanoto|Intimidate|boost\n|-unboost|p2a: Landorus|atk|1\n|-unboost|p2b: Heatran|atk|1\n|turn|1\n|\n|t:|1700328652\n|-terastallize|p1b: Mamoswine|Dragon\n|move|p2b: Heatran|Protect|p2b: Heatran\n|-singleturn|p2b: Heatran|Protect\n|move|p1b: Mamoswine|Ice Shard|p2a: Landorus\n|-supereffective|p2a: Landorus\n|-damage|p2a: Landorus|0 fnt\n|faint|p2a: Landorus\n|move|p1a: Komanoto|Howl|p1a: Komanoto|[spread] p1a,p1b\n|-boost|p1a: Komanoto|atk|1\n|-boost|p1b: Mamoswine|atk|1\n|\n|upkeep\n|\n|t:|1700328663\n|switch|p2a: Flutter Mane|Flutter Mane, L50|100\/100\n|-enditem|p2a: Flutter Mane|Booster Energy\n|-activate|p2a: Flutter Mane|ability: Protosynthesis|[fromitem]\n|-start|p2a: Flutter Mane|protosynthesisspe\n|turn|2\n|\n|t:|1700328685\n|-terastallize|p2a: Flutter Mane|Fairy\n|move|p1b: Mamoswine|Protect|p1b: Mamoswine\n|-singleturn|p1b: Mamoswine|Protect\n|move|p2a: Flutter Mane|Moonblast|p1b: Mamoswine\n|-activate|p1b: Mamoswine|move: Protect\n|move|p1a: Komanoto|Howl|p1a: Komanoto|[spread] p1a,p1b\n|-boost|p1a: Komanoto|atk|1\n|-boost|p1b: Mamoswine|atk|1\n|move|p2b: Heatran|Earth Power|p1a: Komanoto\n|-supereffective|p1a: Komanoto\n|-damage|p1a: Komanoto|0 fnt\n|faint|p1a: Komanoto\n|-damage|p2b: Heatran|91\/100|[from] item: Life Orb\n|\n|upkeep\n|\n|t:|1700328696\n|switch|p1a: Iron Hands|Iron Hands, L50|100\/100\n|turn|3\n|\n|t:|1700328707\n|move|p2a: Flutter Mane|Protect|p2a: Flutter Mane\n|-singleturn|p2a: Flutter Mane|Protect\n|move|p2b: Heatran|Protect|p2b: Heatran\n|-singleturn|p2b: Heatran|Protect\n|move|p1a: Iron Hands|Fake Out|p2a: Flutter Mane\n|-activate|p2a: Flutter Mane|move: Protect\n|move|p1b: Mamoswine|High Horsepower|p2b: Heatran\n|-activate|p2b: Heatran|move: Protect\n|\n|upkeep\n|turn|4\n|\n|t:|1700328741\n|move|p1b: Mamoswine|Ice Shard|p2a: Flutter Mane\n|-damage|p2a: Flutter Mane|0 fnt\n|faint|p2a: Flutter Mane\n|-end|p2a: Flutter Mane|Protosynthesis|[silent]\n|move|p1a: Iron Hands|Drain Punch|p2b: Heatran\n|-supereffective|p2b: Heatran\n|-damage|p2b: Heatran|6\/100\n|move|p2b: Heatran|Earth Power|p1a: Iron Hands\n|-supereffective|p1a: Iron Hands\n|-damage|p1a: Iron Hands|50\/100\n|-damage|p2b: Heatran|0 fnt|[from] item: Life Orb\n|faint|p2b: Heatran\n|\n|upkeep\n|inactive|Battle timer is ON: inactive players will automatically lose when time's up. (requested by Conchoboar3)\n|inactive|allanpoe16 has 60 seconds left.\n|inactive|allanpoe16 has 30 seconds left.\n|inactive|allanpoe16 has 20 seconds left.\n|inactive|allanpoe16 has 15 seconds left.\n|inactive|allanpoe16 has 10 seconds left.\n|inactive|allanpoe16 has 5 seconds left.\n|\n|t:|1700328840\n|switch|p2a: Ogerpon|Ogerpon-Wellspring, L50, F|100\/100\n|turn|5\n|inactive|allanpoe16 has 30 seconds left.\n|inactive|allanpoe16 has 20 seconds left.\n|inactive|allanpoe16 has 15 seconds left.\n|inactive|allanpoe16 has 10 seconds left.\n|inactive|allanpoe16 has 5 seconds left.\n|\n|t:|1700328895\n|move|p1b: Mamoswine|Ice Shard|p2a: Ogerpon\n|-damage|p2a: Ogerpon|27\/100\n|move|p2a: Ogerpon|Ivy Cudgel|p1b: Mamoswine|[anim] Ivy Cudgel Water\n|-resisted|p1b: Mamoswine\n|-damage|p1b: Mamoswine|69\/100\n|move|p1a: Iron Hands|Wild Charge|p2a: Ogerpon\n|-damage|p2a: Ogerpon|0 fnt\n|faint|p2a: Ogerpon\n|-damage|p1a: Iron Hands|45\/100|[from] Recoil\n|\n|win|Conchoboar3\n|raw|Conchoboar3's rating: 1335 &rarr; <strong>1353<\/strong><br \/>(+18 for winning)\n|raw|allanpoe16's rating: 1301 &rarr; <strong>1283<\/strong><br \/>(-18 for losing)\n|c|\u2606Conchoboar3|So.  Now you\u2019re timer stalling\n|c|\u2606Conchoboar3|neat\n","uploadtime":1700328915,"views":7,"p1id":"conchoboar3","p2id":"allanpoe16","formatid":"gen9vgc2023regulatione","rating":1283,"private":0,"password":""}