{"id":"gen9vgc2023regulatione-1992162210","p1":"EnigmaticEevee","p2":"Pokon98","format":"[Gen 9] VGC 2023 Regulation E","log":"|j|\u2606EnigmaticEevee\n|j|\u2606Pokon98\n|t:|1700160173\n|gametype|doubles\n|player|p1|EnigmaticEevee|cynthia|1000\n|player|p2|Pokon98|li|1096\n|teamsize|p1|6\n|teamsize|p2|6\n|gen|9\n|tier|[Gen 9] VGC 2023 Regulation E\n|rated|\n|rule|Species Clause: Limit one of each Pok\u00e9mon\n|rule|Item Clause: Limit one of each item\n|clearpoke\n|poke|p1|Sinistcha-Masterpiece, L50|\n|poke|p1|Iron Valiant, L50|\n|poke|p1|Tornadus, L50, M|\n|poke|p1|Chi-Yu, L50|\n|poke|p1|Dragonite, L50, M|\n|poke|p1|Fezandipiti, L50, M|\n|poke|p2|Pelipper, L50, F|\n|poke|p2|Ludicolo, L50, M|\n|poke|p2|Thundurus, L50, M|\n|poke|p2|Arcanine-Hisui, L50, F|\n|poke|p2|Annihilape, L50, F|\n|poke|p2|Amoonguss, L50, F|\n|teampreview|4\n|\n|t:|1700160197\n|start\n|switch|p1a: Sinistcha|Sinistcha-Masterpiece, L50|100\/100\n|switch|p1b: Tornadus|Tornadus, L50, M|100\/100\n|switch|p2a: Arcanine|Arcanine-Hisui, L50, F|100\/100\n|switch|p2b: Amoonguss|Amoonguss, L50, F|100\/100\n|-ability|p2a: Arcanine|Intimidate|boost\n|-unboost|p1a: Sinistcha|atk|1\n|-unboost|p1b: Tornadus|atk|1\n|turn|1\n|inactive|Battle timer is ON: inactive players will automatically lose when time's up. (requested by Pokon98)\n|\n|t:|1700160233\n|move|p1b: Tornadus|Tailwind|p1b: Tornadus\n|-sidestart|p1: EnigmaticEevee|move: Tailwind\n|move|p1a: Sinistcha|Matcha Gotcha|p2b: Amoonguss|[spread] p2a\n|-miss|p1a: Sinistcha|p2b: Amoonguss\n|-damage|p2a: Arcanine|65\/100\n|move|p2a: Arcanine|Flare Blitz|p1a: Sinistcha\n|-supereffective|p1a: Sinistcha\n|-damage|p1a: Sinistcha|0 fnt\n|faint|p1a: Sinistcha\n|-damage|p2a: Arcanine|38\/100|[from] Recoil\n|move|p2b: Amoonguss|Spore|p1b: Tornadus\n|-status|p1b: Tornadus|slp|[from] move: Spore\n|\n|upkeep\n|\n|t:|1700160250\n|switch|p1a: Chi-Yu|Chi-Yu, L50|100\/100\n|-ability|p1a: Chi-Yu|Beads of Ruin\n|turn|2\n|inactive|Pokon98 has 30 seconds left.\n|\n|t:|1700160276\n|switch|p1b: Iron Valiant|Iron Valiant, L50|100\/100\n|-enditem|p1b: Iron Valiant|Booster Energy\n|-activate|p1b: Iron Valiant|ability: Quark Drive|[fromitem]\n|-start|p1b: Iron Valiant|quarkdrivespe\n|switch|p2a: Thundurus|Thundurus, L50, M|100\/100\n|-terastallize|p2b: Amoonguss|Water\n|move|p2b: Amoonguss|Rage Powder|p2b: Amoonguss\n|-singleturn|p2b: Amoonguss|move: Rage Powder\n|move|p1a: Chi-Yu|Heat Wave|p2b: Amoonguss|[spread] p2a,p2b\n|-resisted|p2b: Amoonguss\n|-damage|p2a: Thundurus|25\/100\n|-damage|p2b: Amoonguss|78\/100\n|\n|upkeep\n|turn|3\n|inactive|Pokon98 has 30 seconds left.\n|inactive|Pokon98 has 20 seconds left.\n|inactive|Pokon98 has 15 seconds left.\n|\n|t:|1700160317\n|move|p2b: Amoonguss|Rage Powder|p2b: Amoonguss\n|-singleturn|p2b: Amoonguss|move: Rage Powder\n|move|p2a: Thundurus|Rain Dance|p2a: Thundurus\n|-weather|RainDance\n|move|p1b: Iron Valiant|Moonblast|p2b: Amoonguss\n|-damage|p2b: Amoonguss|21\/100\n|move|p1a: Chi-Yu|Heat Wave|p2b: Amoonguss|[spread] p2a,p2b\n|-resisted|p2b: Amoonguss\n|-crit|p2b: Amoonguss\n|-damage|p2a: Thundurus|0 fnt\n|-damage|p2b: Amoonguss|4\/100\n|faint|p2a: Thundurus\n|\n|-weather|RainDance|[upkeep]\n|upkeep\n|\n|t:|1700160329\n|switch|p2a: Ludicolo|Ludicolo, L50, M|100\/100\n|turn|4\n|\n|t:|1700160344\n|switch|p2b: Arcanine|Arcanine-Hisui, L50, F|38\/100\n|-ability|p2b: Arcanine|Intimidate|boost\n|-unboost|p1a: Chi-Yu|atk|1\n|-unboost|p1b: Iron Valiant|atk|1\n|move|p1a: Chi-Yu|Protect|p1a: Chi-Yu\n|-singleturn|p1a: Chi-Yu|Protect\n|move|p1b: Iron Valiant|Moonblast|p2a: Ludicolo\n|-crit|p2a: Ludicolo\n|-damage|p2a: Ludicolo|0 fnt\n|faint|p2a: Ludicolo\n|\n|-weather|RainDance|[upkeep]\n|-sideend|p1: EnigmaticEevee|move: Tailwind\n|upkeep\n|\n|t:|1700160354\n|switch|p2a: Amoonguss|Amoonguss, L50, F, tera:Water|37\/100\n|turn|5\n|\n|t:|1700160375\n|move|p1b: Iron Valiant|Moonblast|p2a: Amoonguss\n|-damage|p2a: Amoonguss|0 fnt\n|faint|p2a: Amoonguss\n|move|p1a: Chi-Yu|Dark Pulse|p2b: Arcanine\n|-damage|p2b: Arcanine|0 fnt\n|faint|p2b: Arcanine\n|\n|win|EnigmaticEevee\n|raw|EnigmaticEevee's rating: 1000 &rarr; <strong>1051<\/strong><br \/>(+51 for winning)\n|raw|Pokon98's rating: 1096 &rarr; <strong>1065<\/strong><br \/>(-31 for losing)\n|l|\u2606Pokon98\n","uploadtime":1700160387,"views":10,"p1id":"enigmaticeevee","p2id":"pokon98","formatid":"gen9vgc2023regulatione","rating":1051,"private":0,"password":""}