{"id":"gen9vgc2023regulatione-1988788578","p1":"bobforte22","p2":"Sticky Pogster","format":"[Gen 9] VGC 2023 Regulation E","log":"|j|\u2606bobforte22\n|j|\u2606Sticky Pogster\n|t:|1699763303\n|gametype|doubles\n|player|p1|bobforte22|pilot|\n|player|p2|Sticky Pogster|guzma|\n|teamsize|p1|6\n|teamsize|p2|6\n|gen|9\n|tier|[Gen 9] VGC 2023 Regulation E\n|rated|Tournament battle\n|rule|Species Clause: Limit one of each Pok\u00e9mon\n|rule|Item Clause: Limit one of each item\n|clearpoke\n|poke|p1|Chi-Yu, L50|\n|poke|p1|Jolteon, L50, F|\n|poke|p1|Iron Hands, L50|\n|poke|p1|Iron Bundle, L50|\n|poke|p1|Arcanine, L50, M|\n|poke|p1|Iron Jugulis, L50|\n|poke|p2|Okidogi, L50, M|\n|poke|p2|Dipplin, L50, F|\n|poke|p2|Farigiraf, L50, F|\n|poke|p2|Iron Bundle, L50|\n|poke|p2|Sinistcha-Masterpiece, L50|\n|poke|p2|Kingambit, L50, F|\n|teampreview|4\n|showteam|p1|Chi-Yu||ChoiceSpecs|BeadsofRuin|DarkPulse,HeatWave,Flamethrower,TeraBlast||||||50|,,,,,Ghost]Jolteon||LifeOrb|VoltAbsorb|FakeTears,Protect,LightScreen,Thunderbolt|||F|||50|,,,,,Grass]Iron Hands||AssaultVest|QuarkDrive|FakeOut,TeraBlast,DrainPunch,WildCharge||||||50|,,,,,Fire]Iron Bundle||CovertCloak|QuarkDrive|FreezeDry,HydroPump,Protect,Encore||||||50|,,,,,Steel]Arcanine||RockyHelmet|Intimidate|FlareBlitz,WillOWisp,Protect,Roar|||M|||50|,,,,,Water]Iron Jugulis||ChoiceScarf|QuarkDrive|HydroPump,DarkPulse,AirSlash,EarthPower||||||50|,,,,,Water\n|showteam|p2|Okidogi||BlackSludge|ToxicChain|DrainPunch,GunkShot,BulkUp,Protect|||M|||50|,,,,,Poison]Dipplin||Eviolite|SupersweetSyrup|SyrupBomb,PollenPuff,Recover,Protect|||F|||50|,,,,,Fairy]Farigiraf||SitrusBerry|ArmorTail|TrickRoom,Imprison,Psychic,DazzlingGleam|||F|||50|,,,,,Fairy]Iron Bundle||LifeOrb|QuarkDrive|Blizzard,FreezeDry,HydroPump,Protect||||||50|,,,,,Ghost]Sinistcha-Masterpiece||Leftovers|Hospitality|RagePowder,TrickRoom,LifeDew,FoulPlay||||||50|,,,,,Fire]Kingambit||BlackGlasses|Defiant|SwordsDance,IronHead,KowtowCleave,SuckerPunch|||F|||50|,,,,,Fairy\n|c|\u2606bobforte22|Glhf\n|c|\u2606Sticky Pogster|hey we were last tourney too\n|c|\u2606Sticky Pogster|probopass team\n|c|\u2606bobforte22|Nice\n|\n|t:|1699763362\n|start\n|switch|p1a: Jolteon|Jolteon, L50, F|100\/100\n|switch|p1b: Chi-Yu|Chi-Yu, L50|100\/100\n|switch|p2a: Gold Experience|Dipplin, L50, F, shiny|100\/100\n|switch|p2b: Mall Santa|Iron Bundle, L50, shiny|100\/100\n|-ability|p1b: Chi-Yu|Beads of Ruin\n|-ability|p2a: Gold Experience|Supersweet Syrup\n|-ability|p2a: Gold Experience|Supersweet Syrup|boost\n|-unboost|p1a: Jolteon|evasion|1\n|-unboost|p1b: Chi-Yu|evasion|1\n|turn|1\n|inactive|Battle timer is ON: inactive players will automatically lose when time's up. (requested by bobforte22)\n|c|\u2606bobforte22|Probopass was sweet\n|c|\u2606Sticky Pogster|he was replaced with his son dipplin\n|inactive|Sticky Pogster has 60 seconds left.\n|c|\u2606Sticky Pogster|nepotism\n|\n|t:|1699763406\n|-terastallize|p1b: Chi-Yu|Ghost\n|move|p2b: Mall Santa|Protect|p2b: Mall Santa\n|-singleturn|p2b: Mall Santa|Protect\n|move|p1a: Jolteon|Fake Tears|p2a: Gold Experience\n|-unboost|p2a: Gold Experience|spd|2\n|move|p1b: Chi-Yu|Heat Wave|p2a: Gold Experience|[spread] p2a\n|-activate|p2b: Mall Santa|move: Protect\n|-damage|p2a: Gold Experience|8\/100\n|move|p2a: Gold Experience|Syrup Bomb|p1a: Jolteon\n|-damage|p1a: Jolteon|69\/100\n|-start|p1a: Jolteon|Syrup Bomb\n|\n|-unboost|p1a: Jolteon|spe|1\n|upkeep\n|turn|2\n|inactive|Sticky Pogster has 30 seconds left.\n|\n|t:|1699763440\n|switch|p1b: Iron Hands|Iron Hands, L50|100\/100\n|move|p2b: Mall Santa|Hydro Pump|p1b: Iron Hands\n|-damage|p1b: Iron Hands|65\/100\n|-damage|p2b: Mall Santa|91\/100|[from] item: Life Orb\n|move|p1a: Jolteon|Thunderbolt|p2b: Mall Santa\n|-supereffective|p2b: Mall Santa\n|-damage|p2b: Mall Santa|0 fnt\n|faint|p2b: Mall Santa\n|-end|p2b: Mall Santa|Quark Drive|[silent]\n|-damage|p1a: Jolteon|59\/100|[from] item: Life Orb\n|move|p2a: Gold Experience|Pollen Puff|p2: Mall Santa|[notarget]\n|-fail|p2a: Gold Experience\n|\n|-unboost|p1a: Jolteon|spe|1\n|upkeep\n|\n|t:|1699763446\n|switch|p2b: The Dougler|Okidogi, L50, M|100\/100\n|turn|3\n|inactive|bobforte22 has 30 seconds left.\n|inactive|bobforte22 has 20 seconds left.\n|\n|t:|1699763490\n|move|p2b: The Dougler|Protect|p2b: The Dougler\n|-singleturn|p2b: The Dougler|Protect\n|move|p1a: Jolteon|Protect|p1a: Jolteon\n|-singleturn|p1a: Jolteon|Protect\n|move|p2a: Gold Experience|Protect|p2a: Gold Experience\n|-singleturn|p2a: Gold Experience|Protect\n|move|p1b: Iron Hands|Wild Charge|p2a: Gold Experience\n|-activate|p2a: Gold Experience|move: Protect\n|\n|-unboost|p1a: Jolteon|spe|1\n|upkeep\n|turn|4\n|\n|t:|1699763506\n|-end|p1b: Iron Hands|Quark Drive|[silent]\n|switch|p1b: Arcanine|Arcanine, L50, M, shiny|100\/100\n|-ability|p1b: Arcanine|Intimidate|boost\n|-unboost|p2a: Gold Experience|atk|1\n|-unboost|p2b: The Dougler|atk|1\n|move|p2b: The Dougler|Drain Punch|p1a: Jolteon\n|-damage|p1a: Jolteon|22\/100\n|-status|p1a: Jolteon|tox|[from] ability: Toxic Chain|[of] p2b: The Dougler\n|move|p1a: Jolteon|Thunderbolt|p2a: Gold Experience\n|-resisted|p2a: Gold Experience\n|-damage|p2a: Gold Experience|0 fnt\n|faint|p2a: Gold Experience\n|-damage|p1a: Jolteon|12\/100 tox|[from] item: Life Orb\n|\n|-damage|p1a: Jolteon|6\/100 tox|[from] psn\n|-end|p1a: Jolteon|Syrup Bomb|[silent]\n|upkeep\n|\n|t:|1699763509\n|switch|p2a: Machamps.com|Sinistcha-Masterpiece, L50, shiny|100\/100\n|turn|5\n|inactive|bobforte22 has 30 seconds left.\n|\n|t:|1699763535\n|-terastallize|p2a: Machamps.com|Fire\n|move|p1b: Arcanine|Flare Blitz|p2a: Machamps.com\n|-resisted|p2a: Machamps.com\n|-damage|p2a: Machamps.com|80\/100\n|-damage|p1b: Arcanine|94\/100|[from] Recoil\n|move|p2b: The Dougler|Bulk Up|p2b: The Dougler\n|-boost|p2b: The Dougler|atk|1\n|-boost|p2b: The Dougler|def|1\n|move|p1a: Jolteon|Light Screen|p1a: Jolteon\n|-sidestart|p1: bobforte22|move: Light Screen\n|move|p2a: Machamps.com|Trick Room|p2a: Machamps.com\n|-fieldstart|move: Trick Room|[of] p2a: Machamps.com\n|\n|-heal|p2a: Machamps.com|86\/100|[from] item: Leftovers\n|-damage|p1a: Jolteon|0 fnt|[from] psn\n|faint|p1a: Jolteon\n|upkeep\n|\n|t:|1699763558\n|switch|p1a: Iron Hands|Iron Hands, L50|65\/100\n|turn|6\n|\n|t:|1699763576\n|move|p2b: The Dougler|Protect|p2b: The Dougler\n|-singleturn|p2b: The Dougler|Protect\n|move|p1a: Iron Hands|Fake Out|p2b: The Dougler\n|-activate|p2b: The Dougler|move: Protect\n|move|p2a: Machamps.com|Foul Play|p1b: Arcanine\n|-damage|p1b: Arcanine|71\/100\n|-damage|p2a: Machamps.com|70\/100|[from] item: Rocky Helmet|[of] p1b: Arcanine\n|move|p1b: Arcanine|Flare Blitz|p2b: The Dougler\n|-activate|p2b: The Dougler|move: Protect\n|\n|-heal|p2a: Machamps.com|76\/100|[from] item: Leftovers\n|upkeep\n|turn|7\n|\n|t:|1699763598\n|move|p1a: Iron Hands|Drain Punch|p2a: Machamps.com\n|-damage|p2a: Machamps.com|35\/100\n|-heal|p1a: Iron Hands|80\/100|[from] drain|[of] p2a: Machamps.com\n|move|p2a: Machamps.com|Life Dew||[still]|[spread] p2a,p2b\n|-heal|p2a: Machamps.com|61\/100\n|-fail|p2b: The Dougler|heal\n|move|p2b: The Dougler|Bulk Up|p2b: The Dougler\n|-boost|p2b: The Dougler|atk|1\n|-boost|p2b: The Dougler|def|1\n|move|p1b: Arcanine|Flare Blitz|p2a: Machamps.com\n|-resisted|p2a: Machamps.com\n|-damage|p2a: Machamps.com|40\/100\n|-damage|p1b: Arcanine|65\/100|[from] Recoil\n|\n|-heal|p2a: Machamps.com|46\/100|[from] item: Leftovers\n|upkeep\n|turn|8\n|\n|t:|1699763622\n|move|p1b: Arcanine|Protect|p1b: Arcanine\n|-singleturn|p1b: Arcanine|Protect\n|move|p1a: Iron Hands|Drain Punch|p2a: Machamps.com\n|-damage|p2a: Machamps.com|5\/100\n|-heal|p1a: Iron Hands|96\/100|[from] drain|[of] p2a: Machamps.com\n|move|p2a: Machamps.com|Foul Play|p1a: Iron Hands\n|-resisted|p1a: Iron Hands\n|-damage|p1a: Iron Hands|83\/100\n|move|p2b: The Dougler|Drain Punch|p1b: Arcanine\n|-activate|p1b: Arcanine|move: Protect\n|\n|-heal|p2a: Machamps.com|11\/100|[from] item: Leftovers\n|upkeep\n|turn|9\n|\n|t:|1699763639\n|move|p1a: Iron Hands|Drain Punch|p2a: Machamps.com\n|-damage|p2a: Machamps.com|0 fnt\n|-heal|p1a: Iron Hands|87\/100|[from] drain|[of] p2a: Machamps.com\n|faint|p2a: Machamps.com\n|move|p2b: The Dougler|Drain Punch|p1b: Arcanine\n|-damage|p1b: Arcanine|14\/100\n|-damage|p2b: The Dougler|84\/100|[from] item: Rocky Helmet|[of] p1b: Arcanine\n|-status|p1b: Arcanine|tox|[from] ability: Toxic Chain|[of] p2b: The Dougler\n|move|p1b: Arcanine|Will-O-Wisp|p2b: The Dougler\n|-status|p2b: The Dougler|brn\n|\n|-heal|p2b: The Dougler|90\/100 brn|[from] item: Black Sludge\n|-damage|p1b: Arcanine|9\/100 tox|[from] psn\n|-damage|p2b: The Dougler|84\/100 brn|[from] brn\n|-sideend|p1: bobforte22|move: Light Screen\n|-fieldend|move: Trick Room\n|upkeep\n|turn|10\n|\n|t:|1699763662\n|move|p1b: Arcanine|Flare Blitz|p2b: The Dougler\n|-damage|p2b: The Dougler|64\/100 brn\n|-damage|p1b: Arcanine|2\/100 tox|[from] Recoil\n|move|p2b: The Dougler|Bulk Up|p2b: The Dougler\n|-boost|p2b: The Dougler|atk|1\n|-boost|p2b: The Dougler|def|1\n|move|p1a: Iron Hands|Drain Punch|p2b: The Dougler\n|-resisted|p2b: The Dougler\n|-damage|p2b: The Dougler|57\/100 brn\n|-heal|p1a: Iron Hands|90\/100|[from] drain|[of] p2b: The Dougler\n|\n|-heal|p2b: The Dougler|63\/100 brn|[from] item: Black Sludge\n|-damage|p1b: Arcanine|0 fnt|[from] psn\n|faint|p1b: Arcanine\n|-damage|p2b: The Dougler|57\/100 brn|[from] brn\n|upkeep\n|\n|t:|1699763679\n|switch|p1b: Chi-Yu|Chi-Yu, L50, tera:Ghost|100\/100\n|-ability|p1b: Chi-Yu|Beads of Ruin\n|turn|11\n|\n|t:|1699763701\n|move|p2b: The Dougler|Protect|p2b: The Dougler\n|-singleturn|p2b: The Dougler|Protect\n|move|p1b: Chi-Yu|Dark Pulse|p2b: The Dougler\n|-activate|p2b: The Dougler|move: Protect\n|move|p1a: Iron Hands|Drain Punch|p2b: The Dougler\n|-activate|p2b: The Dougler|move: Protect\n|\n|-heal|p2b: The Dougler|63\/100 brn|[from] item: Black Sludge\n|-damage|p2b: The Dougler|57\/100 brn|[from] brn\n|upkeep\n|turn|12\n|\n|t:|1699763716\n|move|p1b: Chi-Yu|Dark Pulse|p2b: The Dougler\n|-resisted|p2b: The Dougler\n|-damage|p2b: The Dougler|15\/100 brn\n|move|p2b: The Dougler|Drain Punch|p1a: Iron Hands\n|-damage|p1a: Iron Hands|65\/100\n|-heal|p2b: The Dougler|32\/100 brn|[from] drain|[of] p1a: Iron Hands\n|move|p1a: Iron Hands|Drain Punch|p2b: The Dougler\n|-resisted|p2b: The Dougler\n|-damage|p2b: The Dougler|25\/100 brn\n|-heal|p1a: Iron Hands|68\/100|[from] drain|[of] p2b: The Dougler\n|\n|-heal|p2b: The Dougler|31\/100 brn|[from] item: Black Sludge\n|-damage|p2b: The Dougler|25\/100 brn|[from] brn\n|upkeep\n|turn|13\n|\n|t:|1699763733\n|move|p2b: The Dougler|Protect|p2b: The Dougler\n|-singleturn|p2b: The Dougler|Protect\n|move|p1b: Chi-Yu|Dark Pulse|p2b: The Dougler\n|-activate|p2b: The Dougler|move: Protect\n|move|p1a: Iron Hands|Drain Punch|p2b: The Dougler\n|-activate|p2b: The Dougler|move: Protect\n|\n|-heal|p2b: The Dougler|31\/100 brn|[from] item: Black Sludge\n|-damage|p2b: The Dougler|25\/100 brn|[from] brn\n|upkeep\n|turn|14\n|c|\u2606Sticky Pogster|gg\n|\n|t:|1699763740\n|move|p1b: Chi-Yu|Dark Pulse|p2b: The Dougler\n|-resisted|p2b: The Dougler\n|-damage|p2b: The Dougler|0 fnt\n|faint|p2b: The Dougler\n|\n|win|bobforte22\n|n|\u2606bobforte22|bobforte22\n|n|\u2606Sticky Pogster|stickypogster\n|c|\u2606bobforte22|Gg\n","uploadtime":1699763749,"views":10,"p1id":"bobforte22","p2id":"stickypogster","formatid":"gen9vgc2023regulatione","rating":0,"private":0,"password":""}