{"id":"gen9vgc2023regulatione-1988773700","p1":"mydadlefy11","p2":"Junkman3713","format":"[Gen 9] VGC 2023 Regulation E","log":"|j|\u2606mydadlefy11\n|j|\u2606Junkman3713\n|t:|1699761315\n|gametype|doubles\n|player|p1|mydadlefy11|265|1032\n|player|p2|Junkman3713|170|1013\n|teamsize|p1|6\n|teamsize|p2|6\n|gen|9\n|tier|[Gen 9] VGC 2023 Regulation E\n|rated|\n|rule|Species Clause: Limit one of each Pok\u00e9mon\n|rule|Item Clause: Limit one of each item\n|clearpoke\n|poke|p1|Amoonguss, L50, M|\n|poke|p1|Grimmsnarl, L50, M|\n|poke|p1|Annihilape, L50, F|\n|poke|p1|Maushold-Four, L50|\n|poke|p1|Crawdaunt, L50, M|\n|poke|p1|Arcanine-Hisui, L50, M|\n|poke|p2|Cloyster, L50, M|\n|poke|p2|Ninetales-Alola, L50, F|\n|poke|p2|Tyranitar, L50, F|\n|poke|p2|Farigiraf, L50, F|\n|poke|p2|Dipplin, L50, M|\n|poke|p2|Arcanine-Hisui, L50, M|\n|teampreview|4\nmydadlefy11 has agreed to open team sheets.\n|\n|t:|1699761368\n|start\n|switch|p1a: Arcanine|Arcanine-Hisui, L50, M|100\/100\n|switch|p1b: Annihilape|Annihilape, L50, F|100\/100\n|switch|p2a: Farigiraf|Farigiraf, L50, F|100\/100\n|switch|p2b: Ninetales|Ninetales-Alola, L50, F|100\/100\n|-weather|Snow|[from] ability: Snow Warning|[of] p2b: Ninetales\n|turn|1\n|\n|t:|1699761390\n|move|p2b: Ninetales|Aurora Veil|p2b: Ninetales\n|-sidestart|p2: Junkman3713|move: Aurora Veil\n|move|p1b: Annihilape|Drain Punch|p2a: Farigiraf\n|-damage|p2a: Farigiraf|78\/100\n|move|p1a: Arcanine|Flare Blitz|p2b: Ninetales\n|-supereffective|p2b: Ninetales\n|-damage|p2b: Ninetales|0 fnt\n|faint|p2b: Ninetales\n|move|p2a: Farigiraf|Dazzling Gleam|p1b: Annihilape|[spread] p1a,p1b\n|-resisted|p1a: Arcanine\n|-supereffective|p1b: Annihilape\n|-damage|p1a: Arcanine|93\/100\n|-damage|p1b: Annihilape|74\/100\n|\n|-weather|Snow|[upkeep]\n|upkeep\n|\n|t:|1699761406\n|switch|p2b: Cloyster|Cloyster, L50, M|100\/100\n|turn|2\n|\n|t:|1699761424\n|switch|p2a: Dipplin|Dipplin, L50, M|100\/100\n|move|p1b: Annihilape|Drain Punch|p2b: Cloyster\n|-supereffective|p2b: Cloyster\n|-damage|p2b: Cloyster|75\/100\n|-heal|p1b: Annihilape|81\/100|[from] drain|[of] p2b: Cloyster\n|move|p1a: Arcanine|Flare Blitz|p2a: Dipplin\n|-damage|p2a: Dipplin|68\/100\n|move|p2b: Cloyster|Shell Smash|p2b: Cloyster\n|-unboost|p2b: Cloyster|def|1\n|-unboost|p2b: Cloyster|spd|1\n|-boost|p2b: Cloyster|atk|2\n|-boost|p2b: Cloyster|spa|2\n|-boost|p2b: Cloyster|spe|2\n|-enditem|p2b: Cloyster|White Herb\n|-clearnegativeboost|p2b: Cloyster|[silent]\n|\n|-weather|Snow|[upkeep]\n|upkeep\n|turn|3\n|\n|t:|1699761454\n|-terastallize|p1a: Arcanine|Fire\n|move|p2b: Cloyster|Icicle Spear|p1b: Annihilape\n|-damage|p1b: Annihilape|67\/100\n|-damage|p1b: Annihilape|52\/100\n|-damage|p1b: Annihilape|36\/100\n|-enditem|p1b: Annihilape|Sitrus Berry|[eat]\n|-heal|p1b: Annihilape|61\/100|[from] item: Sitrus Berry\n|-damage|p1b: Annihilape|47\/100\n|-damage|p1b: Annihilape|33\/100\n|-hitcount|p1b: Annihilape|5\n|move|p1b: Annihilape|Drain Punch|p2b: Cloyster\n|-supereffective|p2b: Cloyster\n|-damage|p2b: Cloyster|52\/100\n|-heal|p1b: Annihilape|40\/100|[from] drain|[of] p2b: Cloyster\n|move|p1a: Arcanine|Flare Blitz|p2a: Dipplin\n|-damage|p2a: Dipplin|27\/100\n|move|p2a: Dipplin|Pollen Puff|p2b: Cloyster\n|-heal|p2b: Cloyster|100\/100\n|\n|-weather|Snow|[upkeep]\n|upkeep\n|turn|4\n|\n|t:|1699761486\n|switch|p1b: Crawdaunt|Crawdaunt, L50, M|100\/100\n|-terastallize|p2a: Dipplin|Water\n|move|p2b: Cloyster|Rock Blast|p1a: Arcanine\n|-supereffective|p1a: Arcanine\n|-damage|p1a: Arcanine|69\/100\n|-supereffective|p1a: Arcanine\n|-damage|p1a: Arcanine|45\/100\n|-supereffective|p1a: Arcanine\n|-damage|p1a: Arcanine|22\/100\n|-supereffective|p1a: Arcanine\n|-damage|p1a: Arcanine|0 fnt\n|faint|p1a: Arcanine\n|-hitcount|p1: Arcanine|4\n|move|p2a: Dipplin|Recover|p2a: Dipplin\n|-heal|p2a: Dipplin|77\/100\n|\n|-weather|Snow|[upkeep]\n|upkeep\n|\n|t:|1699761495\n|switch|p1a: Maushold|Maushold-Four, L50|100\/100\n|turn|5\n|\n|t:|1699761514\n|move|p2b: Cloyster|Icicle Spear|p1a: Maushold\n|-damage|p1a: Maushold|76\/100\n|-damage|p1a: Maushold|47\/100\n|-damage|p1a: Maushold|19\/100\n|-damage|p1a: Maushold|0 fnt\n|faint|p1a: Maushold\n|-hitcount|p1: Maushold|4\n|move|p1b: Crawdaunt|Dragon Dance|p1b: Crawdaunt\n|-boost|p1b: Crawdaunt|atk|1\n|-boost|p1b: Crawdaunt|spe|1\n|move|p2a: Dipplin|Syrup Bomb|p1b: Crawdaunt\n|-supereffective|p1b: Crawdaunt\n|-damage|p1b: Crawdaunt|16\/100\n|-start|p1b: Crawdaunt|Syrup Bomb\n|\n|-weather|none\n|-unboost|p1b: Crawdaunt|spe|1\n|upkeep\n|\n|t:|1699761522\n|switch|p1a: Annihilape|Annihilape, L50, F|40\/100\n|turn|6\n|\n|t:|1699761549\n|move|p2b: Cloyster|Icicle Spear|p1b: Crawdaunt\n|-resisted|p1b: Crawdaunt\n|-damage|p1b: Crawdaunt|4\/100\n|-resisted|p1b: Crawdaunt\n|-damage|p1b: Crawdaunt|0 fnt\n|faint|p1b: Crawdaunt\n|-hitcount|p1: Crawdaunt|2\n|move|p1a: Annihilape|Drain Punch|p2b: Cloyster\n|-supereffective|p2b: Cloyster\n|-damage|p2b: Cloyster|62\/100\n|-heal|p1a: Annihilape|51\/100|[from] drain|[of] p2b: Cloyster\n|move|p2a: Dipplin|Syrup Bomb|p1a: Annihilape\n|-damage|p1a: Annihilape|34\/100\n|-start|p1a: Annihilape|Syrup Bomb\n|\n|-unboost|p1a: Annihilape|spe|1\n|upkeep\n|turn|7\n|\n|t:|1699761568\n|move|p2b: Cloyster|Icicle Spear|p1a: Annihilape\n|-damage|p1a: Annihilape|20\/100\n|-damage|p1a: Annihilape|5\/100\n|-damage|p1a: Annihilape|0 fnt\n|faint|p1a: Annihilape\n|-hitcount|p1: Annihilape|3\n|\n|win|Junkman3713\n|raw|mydadlefy11's rating: 1032 &rarr; <strong>1016<\/strong><br \/>(-16 for losing)\n|raw|Junkman3713's rating: 1013 &rarr; <strong>1053<\/strong><br \/>(+40 for winning)\n|l|\u2606mydadlefy11\n","uploadtime":1699761578,"views":9,"p1id":"mydadlefy11","p2id":"junkman3713","formatid":"gen9vgc2023regulatione","rating":1016,"private":0,"password":""}