{"id":"gen9vgc2023regulatione-1988221898","p1":"Jungle211","p2":"solarized","format":"[Gen 9] VGC 2023 Regulation E","log":"|j|\u2606Jungle211\n|j|\u2606solarized\n|t:|1699688286\n|gametype|doubles\n|player|p1|Jungle211|burglar|1310\n|player|p2|solarized|102|1244\n|teamsize|p1|6\n|teamsize|p2|6\n|gen|9\n|tier|[Gen 9] VGC 2023 Regulation E\n|rated|\n|rule|Species Clause: Limit one of each Pok\u00e9mon\n|rule|Item Clause: Limit one of each item\n|clearpoke\n|poke|p1|Moltres-Galar, L50|\n|poke|p1|Illumise, L50, F|\n|poke|p1|Flutter Mane, L50|\n|poke|p1|Iron Hands, L50|\n|poke|p1|Arcanine-Hisui, L50, M|\n|poke|p1|Sinistcha-Masterpiece, L50|\n|poke|p2|Iron Hands, L50|\n|poke|p2|Ninetales-Alola, L50, F|\n|poke|p2|Ogerpon-Wellspring, L50, F|\n|poke|p2|Heatran, L50, M|\n|poke|p2|Sinistcha-Masterpiece, L50|\n|poke|p2|Iron Bundle, L50|\n|teampreview|4\n|inactive|Battle timer is ON: inactive players will automatically lose when time's up. (requested by solarized)\n|inactive|Jungle211 has 60 seconds left.\n|\n|t:|1699688339\n|start\n|switch|p1a: Arcanine|Arcanine-Hisui, L50, M|100\/100\n|switch|p1b: Iron Hands|Iron Hands, L50, shiny|100\/100\n|switch|p2a: Ninetales|Ninetales-Alola, L50, F|100\/100\n|switch|p2b: Iron Bundle|Iron Bundle, L50|100\/100\n|-weather|Snow|[from] ability: Snow Warning|[of] p2a: Ninetales\n|-ability|p1a: Arcanine|Intimidate|boost\n|-unboost|p2a: Ninetales|atk|1\n|-unboost|p2b: Iron Bundle|atk|1\n|-enditem|p2b: Iron Bundle|Booster Energy\n|-activate|p2b: Iron Bundle|ability: Quark Drive|[fromitem]\n|-start|p2b: Iron Bundle|quarkdrivespe\n|turn|1\n|\n|t:|1699688354\n|-terastallize|p1a: Arcanine|Water\n|move|p2b: Iron Bundle|Protect|p2b: Iron Bundle\n|-singleturn|p2b: Iron Bundle|Protect\n|move|p2a: Ninetales|Protect|p2a: Ninetales\n|-singleturn|p2a: Ninetales|Protect\n|move|p1b: Iron Hands|Fake Out|p2a: Ninetales\n|-activate|p2a: Ninetales|move: Protect\n|move|p1a: Arcanine|Rock Slide|p2a: Ninetales|[spread] \n|-activate|p2a: Ninetales|move: Protect\n|-activate|p2b: Iron Bundle|move: Protect\n|\n|-weather|Snow|[upkeep]\n|upkeep\n|turn|2\n|inactive|solarized has 30 seconds left.\n|inactive|solarized has 20 seconds left.\n|\n|t:|1699688391\n|switch|p2a: Ogerpon|Ogerpon-Wellspring, L50, F|100\/100\n|move|p2b: Iron Bundle|Encore|p1b: Iron Hands\n|-start|p1b: Iron Hands|Encore\n|move|p1a: Arcanine|Rock Slide|p2b: Iron Bundle|[spread] p2a,p2b\n|-supereffective|p2b: Iron Bundle\n|-damage|p2a: Ogerpon|54\/100\n|-damage|p2b: Iron Bundle|31\/100\n|move|p1b: Iron Hands|Fake Out||[still]\n|-hint|Fake Out only works on your first turn out.\n|-fail|p1b: Iron Hands\n|\n|-weather|Snow|[upkeep]\n|upkeep\n|turn|3\n|\n|t:|1699688412\n|-end|p1b: Iron Hands|Quark Drive|[silent]\n|switch|p1b: Moltres|Moltres-Galar, L50|100\/100\n|move|p2b: Iron Bundle|Hydro Pump|p1a: Arcanine\n|-resisted|p1a: Arcanine\n|-damage|p1a: Arcanine|68\/100\n|move|p2a: Ogerpon|Ivy Cudgel|p1a: Arcanine\n|-resisted|p1a: Arcanine\n|-damage|p1a: Arcanine|33\/100\n|move|p1a: Arcanine|Rock Slide|p2b: Iron Bundle|[spread] p2b\n|-miss|p1a: Arcanine|p2a: Ogerpon\n|-supereffective|p2b: Iron Bundle\n|-damage|p2b: Iron Bundle|0 fnt\n|faint|p2b: Iron Bundle\n|-end|p2b: Iron Bundle|Quark Drive|[silent]\n|\n|-weather|Snow|[upkeep]\n|upkeep\n|\n|t:|1699688422\n|switch|p2b: Ninetales|Ninetales-Alola, L50, F|100\/100\n|turn|4\n|\n|t:|1699688432\n|move|p2b: Ninetales|Aurora Veil|p2b: Ninetales\n|-sidestart|p2: solarized|move: Aurora Veil\n|move|p2a: Ogerpon|Ivy Cudgel|p1a: Arcanine\n|-resisted|p1a: Arcanine\n|-damage|p1a: Arcanine|0 fnt\n|faint|p1a: Arcanine\n|move|p1b: Moltres|Nasty Plot|p1b: Moltres\n|-boost|p1b: Moltres|spa|2\n|\n|-weather|Snow|[upkeep]\n|upkeep\n|\n|t:|1699688437\n|switch|p1a: Illumise|Illumise, L50, F|100\/100\n|turn|5\n|\n|t:|1699688451\n|move|p1a: Illumise|Encore|p2b: Ninetales\n|-start|p2b: Ninetales|Encore\n|move|p2b: Ninetales|Aurora Veil||[still]\n|-fail|p2b: Ninetales\n|move|p2a: Ogerpon|Encore|p1b: Moltres\n|-start|p1b: Moltres|Encore\n|move|p1b: Moltres|Nasty Plot|p1b: Moltres\n|-boost|p1b: Moltres|spa|2\n|\n|-weather|none\n|upkeep\n|turn|6\n|\n|t:|1699688474\n|switch|p2b: Heatran|Heatran, L50, M|100\/100\n|move|p1a: Illumise|Encore||[still]\n|-fail|p1a: Illumise\n|move|p2a: Ogerpon|Ivy Cudgel|p1b: Moltres\n|-crit|p1b: Moltres\n|-damage|p1b: Moltres|22\/100\n|-ability|p1b: Moltres|Berserk|boost\n|-boost|p1b: Moltres|spa|1\n|-enditem|p1b: Moltres|Sitrus Berry|[eat]\n|-heal|p1b: Moltres|47\/100|[from] item: Sitrus Berry\n|move|p1b: Moltres|Nasty Plot|p1b: Moltres\n|-boost|p1b: Moltres|spa|1\n|\n|upkeep\n|turn|7\n|\n|t:|1699688495\n|switch|p1b: Iron Hands|Iron Hands, L50, shiny|100\/100\n|switch|p2b: Ninetales|Ninetales-Alola, L50, F|100\/100\n|-weather|Snow|[from] ability: Snow Warning|[of] p2b: Ninetales\n|move|p2a: Ogerpon|Ivy Cudgel|p1b: Iron Hands\n|-damage|p1b: Iron Hands|64\/100\n|move|p1a: Illumise|Struggle Bug|p2b: Ninetales|[spread] p2a,p2b\n|-supereffective|p2a: Ogerpon\n|-resisted|p2b: Ninetales\n|-damage|p2a: Ogerpon|39\/100\n|-damage|p2b: Ninetales|96\/100\n|-unboost|p2a: Ogerpon|spa|1\n|-unboost|p2b: Ninetales|spa|1\n|\n|-weather|Snow|[upkeep]\n|upkeep\n|turn|8\n|inactive|solarized has 30 seconds left.\n|\n|t:|1699688523\n|move|p2a: Ogerpon|Spiky Shield|p2a: Ogerpon\n|-singleturn|p2a: Ogerpon|move: Protect\n|move|p1a: Illumise|Tailwind|p1a: Illumise\n|-sidestart|p1: Jungle211|move: Tailwind\n|move|p2b: Ninetales|Moonblast|p1b: Iron Hands\n|-supereffective|p1b: Iron Hands\n|-damage|p1b: Iron Hands|34\/100\n|move|p1b: Iron Hands|Wild Charge|p2a: Ogerpon\n|-activate|p2a: Ogerpon|move: Protect\n|-damage|p1b: Iron Hands|21\/100|[from] Spiky Shield|[of] p2a: Ogerpon\n|\n|-weather|Snow|[upkeep]\n|-sideend|p2: solarized|move: Aurora Veil\n|upkeep\n|turn|9\n|\n|t:|1699688542\n|switch|p2a: Heatran|Heatran, L50, M|100\/100\n|move|p1a: Illumise|Encore||[still]\n|-fail|p1a: Illumise\n|move|p2b: Ninetales|Aurora Veil|p2b: Ninetales\n|-sidestart|p2: solarized|move: Aurora Veil\n|move|p1b: Iron Hands|Heavy Slam|p2b: Ninetales\n|-supereffective|p2b: Ninetales\n|-damage|p2b: Ninetales|0 fnt\n|faint|p2b: Ninetales\n|\n|-weather|Snow|[upkeep]\n|upkeep\n|\n|t:|1699688552\n|switch|p2b: Ogerpon|Ogerpon-Wellspring, L50, F|39\/100\n|turn|10\n|\n|t:|1699688567\n|move|p2b: Ogerpon|Spiky Shield|p2b: Ogerpon\n|-singleturn|p2b: Ogerpon|move: Protect\n|move|p1a: Illumise|Struggle Bug|p2a: Heatran|[spread] p2a\n|-activate|p2b: Ogerpon|move: Protect\n|-resisted|p2a: Heatran\n|-damage|p2a: Heatran|99\/100\n|-unboost|p2a: Heatran|spa|1\n|move|p1b: Iron Hands|Drain Punch|p2a: Heatran\n|-supereffective|p2a: Heatran\n|-damage|p2a: Heatran|47\/100\n|-heal|p1b: Iron Hands|43\/100|[from] drain|[of] p2a: Heatran\n|move|p2a: Heatran|Earth Power|p1b: Iron Hands\n|-supereffective|p1b: Iron Hands\n|-damage|p1b: Iron Hands|16\/100\n|\n|-weather|Snow|[upkeep]\n|upkeep\n|turn|11\n|\n|t:|1699688586\n|-end|p1b: Iron Hands|Quark Drive|[silent]\n|switch|p1b: Moltres|Moltres-Galar, L50|47\/100\n|-terastallize|p2a: Heatran|Grass\n|move|p2b: Ogerpon|Spiky Shield||[still]\n|-fail|p2b: Ogerpon\n|move|p1a: Illumise|Struggle Bug|p2b: Ogerpon|[spread] p2a,p2b\n|-supereffective|p2a: Heatran\n|-supereffective|p2b: Ogerpon\n|-damage|p2a: Heatran|38\/100\n|-damage|p2b: Ogerpon|26\/100\n|-unboost|p2a: Heatran|spa|1\n|-unboost|p2b: Ogerpon|spa|1\n|move|p2a: Heatran|Earth Power|p1b: Moltres\n|-immune|p1b: Moltres\n|\n|-weather|none\n|-sideend|p1: Jungle211|move: Tailwind\n|upkeep\n|turn|12\n|-message|solarized forfeited.\n|\n|win|Jungle211\n|raw|Jungle211's rating: 1310 &rarr; <strong>1326<\/strong><br \/>(+16 for winning)\n|raw|solarized's rating: 1244 &rarr; <strong>1224<\/strong><br \/>(-20 for losing)\n|l|\u2606solarized\n","uploadtime":1699688602,"views":32,"p1id":"jungle211","p2id":"solarized","formatid":"gen9vgc2023regulatione","rating":1224,"private":0,"password":""}