{"id":"gen9vgc2023regulatione-1991854271","p1":"anacleto72","p2":"gargonvgc","format":"[Gen 9] VGC 2023 Regulation E","log":"|j|\u2606anacleto72\n|j|\u2606gargonvgc\n|t:|1700128873\n|gametype|doubles\n|player|p1|anacleto72|steven|1295\n|player|p2|gargonvgc|pilot|1418\n|teamsize|p1|6\n|teamsize|p2|6\n|gen|9\n|tier|[Gen 9] VGC 2023 Regulation E\n|rated|\n|rule|Species Clause: Limit one of each Pok\u00e9mon\n|rule|Item Clause: Limit one of each item\n|clearpoke\n|poke|p1|Tornadus, L50, M|\n|poke|p1|Arcanine-Hisui, L50, M|\n|poke|p1|Iron Hands, L50|\n|poke|p1|Gholdengo, L50|\n|poke|p1|Urshifu-*, L50, M|\n|poke|p1|Ogerpon-Wellspring, L50, F|\n|poke|p2|Chien-Pao, L50|\n|poke|p2|Dragonite, L50, M|\n|poke|p2|Urshifu-*, L50, M|\n|poke|p2|Rillaboom, L50, F|\n|poke|p2|Heatran, L50, F|\n|poke|p2|Farigiraf, L50, F|\n|teampreview|4\n|inactive|Battle timer is ON: inactive players will automatically lose when time's up. (requested by anacleto72)\n|inactive|gargonvgc has 60 seconds left.\n|\n|t:|1700128921\n|start\n|switch|p1a: Urshifu|Urshifu-Rapid-Strike, L50, M|100\/100\n|switch|p1b: Tornadus|Tornadus, L50, M|100\/100\n|switch|p2a: Chien-Pao|Chien-Pao, L50|100\/100\n|switch|p2b: Urshifu|Urshifu-Rapid-Strike, L50, M|100\/100\n|-ability|p2a: Chien-Pao|Sword of Ruin\n|turn|1\n|inactive|anacleto72 has 30 seconds left.\n|inactive|gargonvgc has 30 seconds left.\n|\n|t:|1700128954\n|move|p1b: Tornadus|Tailwind|p1b: Tornadus\n|-sidestart|p1: anacleto72|move: Tailwind\n|move|p1a: Urshifu|U-turn|p2a: Chien-Pao\n|-supereffective|p2a: Chien-Pao\n|-damage|p2a: Chien-Pao|32\/100\n|\n|t:|1700128960\n|switch|p1a: Iron Hands|Iron Hands, L50|100\/100|[from] U-turn\n|move|p2b: Urshifu|U-turn|p1a: Iron Hands\n|-resisted|p1a: Iron Hands\n|-damage|p1a: Iron Hands|90\/100\n|\n|t:|1700128966\n|switch|p2b: Dragonite|Dragonite, L50, M|100\/100|[from] U-turn\n|move|p2a: Chien-Pao|Icicle Crash|p1b: Tornadus\n|-supereffective|p1b: Tornadus\n|-damage|p1b: Tornadus|0 fnt\n|faint|p1b: Tornadus\n|\n|upkeep\n|\n|t:|1700128975\n|switch|p1b: Arcanine|Arcanine-Hisui, L50, M|100\/100\n|-ability|p1b: Arcanine|Intimidate|boost\n|-unboost|p2a: Chien-Pao|atk|1\n|-unboost|p2b: Dragonite|atk|1\n|turn|2\n|\n|t:|1700128991\n|-terastallize|p2a: Chien-Pao|Ghost\n|move|p1a: Iron Hands|Fake Out|p2b: Dragonite\n|-damage|p2b: Dragonite|92\/100\n|move|p1b: Arcanine|Rock Slide|p2b: Dragonite|[spread] p2a,p2b\n|-supereffective|p2b: Dragonite\n|-damage|p2a: Chien-Pao|0 fnt\n|-damage|p2b: Dragonite|0 fnt\n|faint|p2a: Chien-Pao\n|faint|p2b: Dragonite\n|\n|upkeep\n|\n|t:|1700129000\n|switch|p2a: Urshifu|Urshifu-Rapid-Strike, L50, M|100\/100\n|switch|p2b: Farigiraf|Farigiraf, L50, F|100\/100\n|turn|3\n|inactive|anacleto72 has 30 seconds left.\n|\n|t:|1700129027\n|-terastallize|p1b: Arcanine|Fairy\n|move|p1b: Arcanine|Rock Slide|p2a: Urshifu|[spread] p2b\n|-miss|p1b: Arcanine|p2a: Urshifu\n|-damage|p2b: Farigiraf|69\/100\n|move|p2a: Urshifu|Surging Strikes|p1b: Arcanine\n|-crit|p1b: Arcanine\n|-damage|p1b: Arcanine|77\/100\n|-crit|p1b: Arcanine\n|-damage|p1b: Arcanine|51\/100\n|-crit|p1b: Arcanine\n|-damage|p1b: Arcanine|25\/100\n|-hitcount|p1b: Arcanine|3\n|move|p1a: Iron Hands|Wild Charge|p2a: Urshifu\n|-supereffective|p2a: Urshifu\n|-damage|p2a: Urshifu|6\/100\n|-damage|p1a: Iron Hands|72\/100|[from] Recoil\n|cant|p2b: Farigiraf|flinch\n|\n|upkeep\n|turn|4\n|inactive|gargonvgc has 30 seconds left.\n|inactive|gargonvgc has 20 seconds left.\n|\n|t:|1700129065\n|move|p1b: Arcanine|Rock Slide|p2a: Urshifu|[spread] p2a,p2b\n|-resisted|p2a: Urshifu\n|-damage|p2a: Urshifu|0 fnt\n|-damage|p2b: Farigiraf|34\/100\n|faint|p2a: Urshifu\n|move|p1a: Iron Hands|Drain Punch|p2b: Farigiraf\n|-damage|p2b: Farigiraf|2\/100\n|-heal|p1a: Iron Hands|87\/100|[from] drain|[of] p2b: Farigiraf\n|-damage|p1a: Iron Hands|71\/100|[from] item: Rocky Helmet|[of] p2b: Farigiraf\n|move|p2b: Farigiraf|Trick Room|p2b: Farigiraf\n|-fieldstart|move: Trick Room|[of] p2b: Farigiraf\n|\n|-sideend|p1: anacleto72|move: Tailwind\n|upkeep\n|turn|5\n|\n|t:|1700129081\n|move|p1a: Iron Hands|Drain Punch|p2b: Farigiraf\n|-damage|p2b: Farigiraf|0 fnt\n|-heal|p1a: Iron Hands|71\/100|[from] drain|[of] p2b: Farigiraf\n|-damage|p1a: Iron Hands|55\/100|[from] item: Rocky Helmet|[of] p2b: Farigiraf\n|faint|p2b: Farigiraf\n|\n|win|anacleto72\n|raw|anacleto72's rating: 1295 &rarr; <strong>1328<\/strong><br \/>(+33 for winning)\n|raw|gargonvgc's rating: 1418 &rarr; <strong>1391<\/strong><br \/>(-27 for losing)\n","uploadtime":1700129084,"views":21,"p1id":"anacleto72","p2id":"gargonvgc","formatid":"gen9vgc2023regulatione","rating":1328,"private":0,"password":""}