{"id":"gen9vgc2023regulatione-1991005166","p1":"KumoGG","p2":"Kzrkiroz","format":"[Gen 9] VGC 2023 Regulation E","log":"|j|\u2606KumoGG\n|j|\u2606Kzrkiroz\n|t:|1700026577\n|gametype|doubles\n|player|p1|KumoGG|benga|1051\n|player|p2|Kzrkiroz|lance|1000\n|teamsize|p1|6\n|teamsize|p2|6\n|gen|9\n|tier|[Gen 9] VGC 2023 Regulation E\n|rated|\n|rule|Species Clause: Limit one of each Pok\u00e9mon\n|rule|Item Clause: Limit one of each item\n|clearpoke\n|poke|p1|Regieleki, L50|\n|poke|p1|Ursaluna-Bloodmoon, L50, M|\n|poke|p1|Cresselia, L50, F|\n|poke|p1|Urshifu-*, L50, F|\n|poke|p1|Landorus-Therian, L50, M|\n|poke|p1|Ogerpon-Wellspring, L50, F|\n|poke|p2|Flutter Mane, L50|\n|poke|p2|Tornadus, L50, M|\n|poke|p2|Rillaboom, L50, M|\n|poke|p2|Garganacl, L50, M|\n|poke|p2|Arcanine-Hisui, L50, M|\n|poke|p2|Chien-Pao, L50|\n|teampreview|4\n|\n|t:|1700026603\n|start\n|switch|p1a: floki|Regieleki, L50, shiny|100\/100\n|switch|p1b: Landorus|Landorus-Therian, L50, M|100\/100\n|switch|p2a: Tornadus|Tornadus, L50, M|100\/100\n|switch|p2b: Rillaboom|Rillaboom, L50, M|100\/100\n|-ability|p1b: Landorus|Intimidate|boost\n|-unboost|p2a: Tornadus|atk|1\n|-unboost|p2b: Rillaboom|atk|1\n|-fieldstart|move: Grassy Terrain|[from] ability: Grassy Surge|[of] p2b: Rillaboom\n|turn|1\n|\n|t:|1700026621\n|switch|p2a: Garganacl|Garganacl, L50, M|100\/100\n|move|p2b: Rillaboom|Fake Out|p1a: floki\n|-damage|p1a: floki|79\/100\n|cant|p1a: floki|flinch\n|move|p1b: Landorus|Rock Slide|p2a: Garganacl|[spread] p2a\n|-miss|p1b: Landorus|p2b: Rillaboom\n|-damage|p2a: Garganacl|84\/100\n|\n|-heal|p1a: floki|85\/100|[from] Grassy Terrain\n|-heal|p2a: Garganacl|90\/100|[from] Grassy Terrain\n|upkeep\n|turn|2\n|\n|t:|1700026649\n|-terastallize|p2a: Garganacl|Ghost\n|move|p1a: floki|Electroweb|p2a: Garganacl|[spread] p2a,p2b\n|-resisted|p2b: Rillaboom\n|-damage|p2a: Garganacl|67\/100\n|-damage|p2b: Rillaboom|89\/100\n|-unboost|p2a: Garganacl|spe|1\n|-unboost|p2b: Rillaboom|spe|1\n|-damage|p1a: floki|75\/100|[from] item: Life Orb\n|move|p1b: Landorus|Rock Slide|p2b: Rillaboom|[spread] p2a\n|-miss|p1b: Landorus|p2b: Rillaboom\n|-damage|p2a: Garganacl|51\/100\n|move|p2b: Rillaboom|Wood Hammer|p1a: floki\n|-damage|p1a: floki|0 fnt\n|faint|p1a: floki\n|-damage|p2b: Rillaboom|71\/100|[from] Recoil\n|move|p2a: Garganacl|Salt Cure|p1b: Landorus\n|-damage|p1b: Landorus|83\/100\n|-start|p1b: Landorus|Salt Cure\n|\n|-heal|p2b: Rillaboom|76\/100|[from] Grassy Terrain\n|-heal|p2a: Garganacl|57\/100|[from] Grassy Terrain\n|-damage|p1b: Landorus|71\/100|[from] Salt Cure\n|upkeep\n|\n|t:|1700026671\n|switch|p1a: Cresselia|Cresselia, L50, F, shiny|100\/100\n|turn|3\n|\n|t:|1700026679\n|switch|p2b: Tornadus|Tornadus, L50, M|100\/100\n|move|p1b: Landorus|Rock Slide|p2b: Tornadus|[spread] p2a,p2b\n|-supereffective|p2b: Tornadus\n|-damage|p2a: Garganacl|42\/100\n|-damage|p2b: Tornadus|49\/100\n|-enditem|p2a: Garganacl|Sitrus Berry|[eat]\n|-heal|p2a: Garganacl|66\/100|[from] item: Sitrus Berry\n|move|p1a: Cresselia|Icy Wind|p2a: Garganacl|[spread] p2a,p2b\n|-supereffective|p2b: Tornadus\n|-damage|p2a: Garganacl|61\/100\n|-damage|p2b: Tornadus|37\/100\n|-unboost|p2a: Garganacl|spe|1\n|-unboost|p2b: Tornadus|spe|1\n|cant|p2a: Garganacl|flinch\n|\n|-heal|p2a: Garganacl|67\/100|[from] Grassy Terrain\n|-damage|p1b: Landorus|59\/100|[from] Salt Cure\n|upkeep\n|turn|4\n|\n|t:|1700026704\n|move|p2b: Tornadus|Taunt|p1a: Cresselia\n|-start|p1a: Cresselia|move: Taunt\n|move|p1b: Landorus|Rock Slide|p2b: Tornadus|[spread] p2a,p2b\n|-supereffective|p2b: Tornadus\n|-damage|p2a: Garganacl|52\/100\n|-damage|p2b: Tornadus|0 fnt\n|faint|p2b: Tornadus\n|cant|p1a: Cresselia|move: Taunt|Lunar Blessing\n|move|p2a: Garganacl|Iron Defense|p2a: Garganacl\n|-boost|p2a: Garganacl|def|2\n|\n|-heal|p2a: Garganacl|58\/100|[from] Grassy Terrain\n|-damage|p1b: Landorus|47\/100|[from] Salt Cure\n|upkeep\n|\n|t:|1700026721\n|switch|p2b: Chien-Pao|Chien-Pao, L50|100\/100\n|-ability|p2b: Chien-Pao|Sword of Ruin\n|turn|5\n|\n|t:|1700026730\n|switch|p1a: Ursaluna|Ursaluna-Bloodmoon, L50, M|100\/100\n|move|p2b: Chien-Pao|Sucker Punch|p1b: Landorus\n|-damage|p1b: Landorus|0 fnt\n|faint|p1b: Landorus\n|move|p2a: Garganacl|Recover|p2a: Garganacl\n|-heal|p2a: Garganacl|100\/100\n|\n|-fieldend|move: Grassy Terrain\n|upkeep\n|\n|t:|1700026738\n|switch|p1b: Cresselia|Cresselia, L50, F, shiny|100\/100\n|turn|6\n|\n|t:|1700026753\n|move|p2b: Chien-Pao|Ice Spinner|p1a: Ursaluna\n|-supereffective|p1a: Ursaluna\n|-damage|p1a: Ursaluna|14\/100\n|-enditem|p1a: Ursaluna|Sitrus Berry|[eat]\n|-heal|p1a: Ursaluna|39\/100|[from] item: Sitrus Berry\n|move|p1a: Ursaluna|Calm Mind|p1a: Ursaluna\n|-boost|p1a: Ursaluna|spa|1\n|-boost|p1a: Ursaluna|spd|1\n|move|p2a: Garganacl|Salt Cure|p1a: Ursaluna\n|-resisted|p1a: Ursaluna\n|-damage|p1a: Ursaluna|31\/100\n|-start|p1a: Ursaluna|Salt Cure\n|move|p1b: Cresselia|Trick Room|p1b: Cresselia\n|-fieldstart|move: Trick Room|[of] p1b: Cresselia\n|\n|-damage|p1a: Ursaluna|19\/100|[from] Salt Cure\n|upkeep\n|turn|7\n|-message|KumoGG forfeited.\n|\n|win|Kzrkiroz\n|raw|KumoGG's rating: 1051 &rarr; <strong>1031<\/strong><br \/>(-20 for losing)\n|raw|Kzrkiroz's rating: 1000 &rarr; <strong>1046<\/strong><br \/>(+46 for winning)\n|l|\u2606KumoGG\n","uploadtime":1700026781,"views":9,"p1id":"kumogg","p2id":"kzrkiroz","formatid":"gen9vgc2023regulatione","rating":1031,"private":0,"password":""}