{"id":"gen9vgc2023regulatione-1988645100","p1":"bandino","p2":"kricketot marx","format":"[Gen 9] VGC 2023 Regulation E","log":"|j|\u2606bandino\n|j|\u2606kricketot marx\n|t:|1699745645\n|gametype|doubles\n|player|p1|bandino|102|1337\n|player|p2|kricketot marx|lyra-masters2|1337\n|teamsize|p1|6\n|teamsize|p2|6\n|gen|9\n|tier|[Gen 9] VGC 2023 Regulation E\n|rated|\n|rule|Species Clause: Limit one of each Pok\u00e9mon\n|rule|Item Clause: Limit one of each item\n|clearpoke\n|poke|p1|Annihilape, L50, F|\n|poke|p1|Clefairy, L50, M|\n|poke|p1|Urshifu-*, L50, F|\n|poke|p1|Arcanine-Hisui, L50, M|\n|poke|p1|Roaring Moon, L50|\n|poke|p1|Tornadus, L50, M|\n|poke|p2|Chien-Pao, L50|\n|poke|p2|Dragonite, L50, M|\n|poke|p2|Rillaboom, L50, M|\n|poke|p2|Heatran, L50, F|\n|poke|p2|Urshifu-*, L50, F|\n|poke|p2|Farigiraf, L50, F|\n|teampreview|4\n|inactive|Battle timer is ON: inactive players will automatically lose when time's up. (requested by bandino)\nkricketot marx has agreed to open team sheets.\n|\n|t:|1699745707\n|start\n|switch|p1a: Annihilape|Annihilape, L50, F|100\/100\n|switch|p1b: Clefairy|Clefairy, L50, M|100\/100\n|switch|p2a: Urshifu|Urshifu-Rapid-Strike, L50, F|100\/100\n|switch|p2b: Rillaboom|Rillaboom, L50, M|100\/100\n|-fieldstart|move: Grassy Terrain|[from] ability: Grassy Surge|[of] p2b: Rillaboom\n|turn|1\n|\n|t:|1699745730\n|move|p2a: Urshifu|Surging Strikes|p1b: Clefairy\n|-crit|p1b: Clefairy\n|-damage|p1b: Clefairy|82\/100\n|-crit|p1b: Clefairy\n|-damage|p1b: Clefairy|63\/100\n|-crit|p1b: Clefairy\n|-damage|p1b: Clefairy|42\/100\n|-hitcount|p1b: Clefairy|3\n|move|p1a: Annihilape|Bulk Up|p1a: Annihilape\n|-boost|p1a: Annihilape|atk|1\n|-boost|p1a: Annihilape|def|1\n|move|p2b: Rillaboom|Wood Hammer|p1b: Clefairy\n|-damage|p1b: Clefairy|0 fnt\n|faint|p1b: Clefairy\n|-damage|p2b: Rillaboom|88\/100|[from] Recoil\n|\n|-heal|p2b: Rillaboom|94\/100|[from] Grassy Terrain\n|upkeep\n|\n|t:|1699745747\n|switch|p1b: Arcanine|Arcanine-Hisui, L50, M|100\/100\n|-ability|p1b: Arcanine|Intimidate|boost\n|-unboost|p2a: Urshifu|atk|1\n|-unboost|p2b: Rillaboom|atk|1\n|turn|2\n|inactive|bandino has 30 seconds left.\n|inactive|kricketot marx has 30 seconds left.\n|inactive|kricketot marx has 20 seconds left.\n|inactive|bandino has 20 seconds left.\n|inactive|kricketot marx has 15 seconds left.\n|\n|t:|1699745791\n|switch|p2b: Dragonite|Dragonite, L50, M|100\/100\n|move|p2a: Urshifu|Surging Strikes|p1b: Arcanine\n|-supereffective|p1b: Arcanine\n|-crit|p1b: Arcanine\n|-damage|p1b: Arcanine|0 fnt\n|faint|p1b: Arcanine\n|-hitcount|p1: Arcanine|1\n|move|p1a: Annihilape|Drain Punch|p2b: Dragonite\n|-resisted|p2b: Dragonite\n|-damage|p2b: Dragonite|77\/100\n|\n|upkeep\n|\n|t:|1699745800\n|switch|p1b: Roaring Moon|Roaring Moon, L50|100\/100\n|-enditem|p1b: Roaring Moon|Booster Energy\n|-activate|p1b: Roaring Moon|ability: Protosynthesis|[fromitem]\n|-start|p1b: Roaring Moon|protosynthesisspe\n|turn|3\n|inactive|kricketot marx has 30 seconds left.\n|\n|t:|1699745828\n|switch|p2a: Rillaboom|Rillaboom, L50, M|94\/100\n|move|p1b: Roaring Moon|Breaking Swipe|p2b: Dragonite|[spread] p2a,p2b\n|-supereffective|p2b: Dragonite\n|-damage|p2a: Rillaboom|74\/100\n|-damage|p2b: Dragonite|35\/100\n|-unboost|p2a: Rillaboom|atk|1\n|-unboost|p2b: Dragonite|atk|1\n|move|p2b: Dragonite|Outrage|p1b: Roaring Moon\n|-supereffective|p1b: Roaring Moon\n|-damage|p1b: Roaring Moon|0 fnt\n|faint|p1b: Roaring Moon\n|-end|p1b: Roaring Moon|Protosynthesis|[silent]\n|move|p1a: Annihilape|Drain Punch|p2b: Dragonite\n|-resisted|p2b: Dragonite\n|-damage|p2b: Dragonite|9\/100\n|\n|-heal|p2a: Rillaboom|80\/100|[from] Grassy Terrain\n|upkeep\n|turn|4\n|inactive|bandino has 30 seconds left.\n|inactive|kricketot marx has 30 seconds left.\n|\n|t:|1699745856\n|move|p2b: Dragonite|Outrage|p1a: Annihilape|[from]lockedmove\n|-damage|p1a: Annihilape|57\/100\n|-start|p2b: Dragonite|confusion|[fatigue]\n|move|p1a: Annihilape|Drain Punch|p2a: Rillaboom\n|-damage|p2a: Rillaboom|37\/100\n|-heal|p1a: Annihilape|76\/100|[from] drain|[of] p2a: Rillaboom\n|move|p2a: Rillaboom|Wood Hammer|p1a: Annihilape\n|-damage|p1a: Annihilape|38\/100\n|-damage|p2a: Rillaboom|23\/100|[from] Recoil\n|\n|-heal|p1a: Annihilape|44\/100|[from] Grassy Terrain\n|-heal|p1a: Annihilape|50\/100|[from] item: Leftovers\n|-heal|p2a: Rillaboom|30\/100|[from] Grassy Terrain\n|upkeep\n|turn|5\n|\n|t:|1699745877\n|switch|p2a: Chien-Pao|Chien-Pao, L50|100\/100\n|-ability|p2a: Chien-Pao|Sword of Ruin\n|-activate|p2b: Dragonite|confusion\n|move|p2b: Dragonite|Outrage|p1a: Annihilape\n|-damage|p1a: Annihilape|0 fnt\n|faint|p1a: Annihilape\n|\n|win|kricketot marx\n|raw|bandino's rating: 1337 &rarr; <strong>1317<\/strong><br \/>(-20 for losing)\n|raw|kricketot marx's rating: 1337 &rarr; <strong>1357<\/strong><br \/>(+20 for winning)\n|l|\u2606bandino\n","uploadtime":1699745888,"views":12,"p1id":"bandino","p2id":"kricketotmarx","formatid":"gen9vgc2023regulatione","rating":1317,"private":0,"password":""}