{"id":"gen9vgc2023regulatione-1998997306","p1":"newusernovice","p2":"Bout It 27","format":"[Gen 9] VGC 2023 Regulation E","log":"|j|\u2606newusernovice\n|j|\u2606Bout It 27\n|t:|1701022160\n|gametype|doubles\n|player|p1|newusernovice|brawly|1354\n|player|p2|Bout It 27|266|1436\n|teamsize|p1|6\n|teamsize|p2|6\n|gen|9\n|tier|[Gen 9] VGC 2023 Regulation E\n|rated|\n|rule|Species Clause: Limit one of each Pok\u00e9mon\n|rule|Item Clause: Limit one of each item\n|clearpoke\n|poke|p1|Rillaboom, L50, M|\n|poke|p1|Tornadus, L50, M|\n|poke|p1|Arcanine-Hisui, L50, M|\n|poke|p1|Urshifu-*, L50, M|\n|poke|p1|Gholdengo, L50|\n|poke|p1|Flutter Mane, L50|\n|poke|p2|Ogerpon-Hearthflame, L50, F|\n|poke|p2|Ursaluna-Bloodmoon, L50, M|\n|poke|p2|Sinistcha-Masterpiece, L50|\n|poke|p2|Iron Hands, L50|\n|poke|p2|Hatterene, L50, F|\n|poke|p2|Roaring Moon, L50|\n|teampreview|4\n|inactive|Battle timer is ON: inactive players will automatically lose when time's up. (requested by newusernovice)\n|inactive|newusernovice has 60 seconds left.\n|\n|t:|1701022196\n|start\n|switch|p1a: Gholdengo|Gholdengo, L50|100\/100\n|switch|p1b: Flutter Mane|Flutter Mane, L50, shiny|100\/100\n|switch|p2a: Roaring Moon|Roaring Moon, L50|100\/100\n|switch|p2b: Iron Hands|Iron Hands, L50|100\/100\n|-enditem|p2a: Roaring Moon|Booster Energy\n|-activate|p2a: Roaring Moon|ability: Protosynthesis|[fromitem]\n|-start|p2a: Roaring Moon|protosynthesisatk\n|turn|1\n|inactive|newusernovice has 30 seconds left.\n|inactive|Bout It 27 has 30 seconds left.\n|\n|t:|1701022229\n|-terastallize|p2a: Roaring Moon|Steel\n|-terastallize|p1a: Gholdengo|Steel\n|move|p2a: Roaring Moon|Iron Head|p1b: Flutter Mane\n|-supereffective|p1b: Flutter Mane\n|-enditem|p1b: Flutter Mane|Focus Sash\n|-damage|p1b: Flutter Mane|1\/100\n|cant|p1b: Flutter Mane|flinch\n|move|p1a: Gholdengo|Make It Rain|p2b: Iron Hands|[spread] p2a,p2b\n|-resisted|p2a: Roaring Moon\n|-resisted|p2b: Iron Hands\n|-damage|p2a: Roaring Moon|52\/100\n|-damage|p2b: Iron Hands|67\/100\n|-unboost|p1a: Gholdengo|spa|1\n|move|p2b: Iron Hands|Wild Charge|p1a: Gholdengo\n|-damage|p1a: Gholdengo|41\/100\n|-damage|p2b: Iron Hands|58\/100|[from] Recoil\n|\n|upkeep\n|turn|2\n|inactive|newusernovice has 30 seconds left.\n|inactive|Bout It 27 has 30 seconds left.\n|\n|t:|1701022260\n|-end|p1b: Flutter Mane|Protosynthesis|[silent]\n|switch|p1b: Urshifu|Urshifu-Rapid-Strike, L50, M|100\/100\n|move|p2a: Roaring Moon|Protect|p2a: Roaring Moon\n|-singleturn|p2a: Roaring Moon|Protect\n|move|p1a: Gholdengo|Make It Rain|p2b: Iron Hands|[spread] p2b\n|-activate|p2a: Roaring Moon|move: Protect\n|-resisted|p2b: Iron Hands\n|-damage|p2b: Iron Hands|37\/100\n|-unboost|p1a: Gholdengo|spa|1\n|move|p2b: Iron Hands|Heavy Slam|p1b: Urshifu\n|-resisted|p1b: Urshifu\n|-damage|p1b: Urshifu|87\/100\n|\n|upkeep\n|turn|3\n|inactive|newusernovice has 30 seconds left.\n|\n|t:|1701022294\n|switch|p1a: Arcanine|Arcanine-Hisui, L50, M|100\/100\n|-ability|p1a: Arcanine|Intimidate|boost\n|-unboost|p2a: Roaring Moon|atk|1\n|-unboost|p2b: Iron Hands|atk|1\n|move|p2a: Roaring Moon|Knock Off|p1a: Arcanine\n|-damage|p1a: Arcanine|50\/100\n|-enditem|p1a: Arcanine|Sitrus Berry|[from] move: Knock Off|[of] p2a: Roaring Moon\n|move|p1b: Urshifu|Surging Strikes|p2b: Iron Hands\n|-crit|p2b: Iron Hands\n|-damage|p2b: Iron Hands|22\/100\n|-crit|p2b: Iron Hands\n|-damage|p2b: Iron Hands|7\/100\n|-crit|p2b: Iron Hands\n|-damage|p2b: Iron Hands|0 fnt\n|faint|p2b: Iron Hands\n|-end|p2b: Iron Hands|Quark Drive|[silent]\n|-hitcount|p2: Iron Hands|3\n|\n|upkeep\n|\n|t:|1701022310\n|switch|p2b: Hatterene|Hatterene, L50, F|100\/100\n|turn|4\n|\n|t:|1701022328\n|move|p2a: Roaring Moon|Breaking Swipe|p1b: Urshifu|[spread] p1a,p1b\n|-damage|p1a: Arcanine|25\/100\n|-damage|p1b: Urshifu|67\/100\n|-unboost|p1a: Arcanine|atk|1\n|-unboost|p1b: Urshifu|atk|1\n|move|p1b: Urshifu|Surging Strikes|p2b: Hatterene\n|-crit|p2b: Hatterene\n|-damage|p2b: Hatterene|74\/100\n|-crit|p2b: Hatterene\n|-damage|p2b: Hatterene|45\/100\n|-crit|p2b: Hatterene\n|-damage|p2b: Hatterene|16\/100\n|-hitcount|p2b: Hatterene|3\n|move|p1a: Arcanine|Flare Blitz|p2b: Hatterene\n|-damage|p2b: Hatterene|0 fnt\n|faint|p2b: Hatterene\n|-damage|p1a: Arcanine|21\/100|[from] Recoil\n|\n|upkeep\n|\n|t:|1701022345\n|switch|p2b: Ursaluna|Ursaluna-Bloodmoon, L50, M|100\/100\n|turn|5\n|inactive|newusernovice has 30 seconds left.\n|\n|t:|1701022371\n|move|p2a: Roaring Moon|Breaking Swipe|p1a: Arcanine|[spread] p1a,p1b\n|-damage|p1a: Arcanine|0 fnt\n|-damage|p1b: Urshifu|47\/100\n|-unboost|p1b: Urshifu|atk|1\n|faint|p1a: Arcanine\n|move|p1b: Urshifu|Close Combat|p2a: Roaring Moon\n|-supereffective|p2a: Roaring Moon\n|-damage|p2a: Roaring Moon|0 fnt\n|-unboost|p1b: Urshifu|def|1\n|-unboost|p1b: Urshifu|spd|1\n|faint|p2a: Roaring Moon\n|-end|p2a: Roaring Moon|Protosynthesis|[silent]\n|move|p2b: Ursaluna|Hyper Voice|p1b: Urshifu\n|-damage|p1b: Urshifu|0 fnt\n|faint|p1b: Urshifu\n|-enditem|p2b: Ursaluna|Throat Spray\n|-boost|p2b: Ursaluna|spa|1|[from] item: Throat Spray\n|\n|upkeep\n|\n|t:|1701022380\n|switch|p1b: Gholdengo|Gholdengo, L50, tera:Steel|41\/100\n|switch|p1a: Flutter Mane|Flutter Mane, L50, shiny|1\/100\n|turn|6\n|\n|t:|1701022392\n|move|p1a: Flutter Mane|Moonblast|p2b: Ursaluna\n|-damage|p2b: Ursaluna|36\/100\n|move|p1b: Gholdengo|Make It Rain|p2b: Ursaluna\n|-damage|p2b: Ursaluna|0 fnt\n|-unboost|p1b: Gholdengo|spa|1\n|faint|p2b: Ursaluna\n|\n|win|newusernovice\n|raw|newusernovice's rating: 1354 &rarr; <strong>1379<\/strong><br \/>(+25 for winning)\n|raw|Bout It 27's rating: 1436 &rarr; <strong>1411<\/strong><br \/>(-25 for losing)\n","uploadtime":1701022404,"views":2,"p1id":"newusernovice","p2id":"boutit27","formatid":"gen9vgc2023regulatione","rating":1379,"private":0,"password":""}