{"id":"gen9vgc2023regulatione-1991552766","p1":"Nervoneo","p2":"eLi4280","format":"[Gen 9] VGC 2023 Regulation E","log":"|j|\u2606Nervoneo\n|j|\u2606eLi4280\n|t:|1700087666\n|gametype|doubles\n|player|p1|Nervoneo|101|1151\n|player|p2|eLi4280|unknown|1104\n|teamsize|p1|6\n|teamsize|p2|6\n|gen|9\n|tier|[Gen 9] VGC 2023 Regulation E\n|rated|\n|rule|Species Clause: Limit one of each Pok\u00e9mon\n|rule|Item Clause: Limit one of each item\n|clearpoke\n|poke|p1|Clodsire, L50, M|\n|poke|p1|Dipplin, L50, M|\n|poke|p1|Iron Bundle, L50|\n|poke|p1|Tauros-Paldea-Blaze, L50, M|\n|poke|p1|Landorus-Therian, L50, M|\n|poke|p1|Farigiraf, L50, M|\n|poke|p2|Amoonguss, L50, F|\n|poke|p2|Urshifu-*, L50, M|\n|poke|p2|Arcanine-Hisui, L50, F|\n|poke|p2|Gholdengo, L50|\n|poke|p2|Chien-Pao, L50|\n|poke|p2|Tornadus, L50, M|\n|teampreview|4\n|inactive|Battle timer is ON: inactive players will automatically lose when time's up. (requested by eLi4280)\neLi4280 rejected open team sheets.\n|\n|t:|1700087696\n|start\n|switch|p1a: Tauros|Tauros-Paldea-Blaze, L50, M|100\/100\n|switch|p1b: Iron Bundle|Iron Bundle, L50|100\/100\n|switch|p2a: Arcanine|Arcanine-Hisui, L50, F|100\/100\n|switch|p2b: Gholdengo|Gholdengo, L50|100\/100\n|-ability|p1a: Tauros|Intimidate|boost\n|-unboost|p2a: Arcanine|atk|1\n|-unboost|p2b: Gholdengo|atk|1\n|-enditem|p1b: Iron Bundle|Booster Energy\n|-activate|p1b: Iron Bundle|ability: Quark Drive|[fromitem]\n|-start|p1b: Iron Bundle|quarkdrivespe\n|turn|1\n|inactive|eLi4280 has 30 seconds left.\n|\n|t:|1700087726\n|switch|p2a: Urshifu|Urshifu-Rapid-Strike, L50, M|100\/100\n|-terastallize|p2b: Gholdengo|Dragon\n|move|p1b: Iron Bundle|Hydro Pump|p2a: Urshifu|[miss]\n|-miss|p1b: Iron Bundle|p2a: Urshifu\n|move|p1a: Tauros|Raging Bull|p2b: Gholdengo\n|-resisted|p2b: Gholdengo\n|-damage|p2b: Gholdengo|77\/100\n|move|p2b: Gholdengo|Nasty Plot|p2b: Gholdengo\n|-boost|p2b: Gholdengo|spa|2\n|\n|-heal|p2b: Gholdengo|83\/100|[from] item: Leftovers\n|upkeep\n|turn|2\n|\n|t:|1700087749\n|move|p2b: Gholdengo|Protect|p2b: Gholdengo\n|-singleturn|p2b: Gholdengo|Protect\n|move|p1b: Iron Bundle|Freeze-Dry|p2a: Urshifu\n|-supereffective|p2a: Urshifu\n|-damage|p2a: Urshifu|1\/100\n|move|p1a: Tauros|Close Combat|p2b: Gholdengo\n|-activate|p2b: Gholdengo|move: Protect\n|move|p2a: Urshifu|Close Combat|p1b: Iron Bundle\n|-supereffective|p1b: Iron Bundle\n|-damage|p1b: Iron Bundle|0 fnt\n|-unboost|p2a: Urshifu|def|1\n|-unboost|p2a: Urshifu|spd|1\n|faint|p1b: Iron Bundle\n|-end|p1b: Iron Bundle|Quark Drive|[silent]\n|\n|-heal|p2b: Gholdengo|89\/100|[from] item: Leftovers\n|upkeep\n|\n|t:|1700087759\n|switch|p1b: Landorus|Landorus-Therian, L50, M|100\/100\n|-ability|p1b: Landorus|Intimidate|boost\n|-unboost|p2a: Urshifu|atk|1\n|-unboost|p2b: Gholdengo|atk|1\n|turn|3\n|inactive|eLi4280 has 30 seconds left.\n|\n|t:|1700087784\n|switch|p2a: Arcanine|Arcanine-Hisui, L50, F|100\/100\n|-terastallize|p1b: Landorus|Flying\n|move|p1b: Landorus|Tera Blast|p2b: Gholdengo|[anim] Tera Blast Flying\n|-damage|p2b: Gholdengo|21\/100\n|move|p1a: Tauros|Close Combat|p2b: Gholdengo\n|-damage|p2b: Gholdengo|0 fnt\n|-unboost|p1a: Tauros|def|1\n|-unboost|p1a: Tauros|spd|1\n|faint|p2b: Gholdengo\n|\n|upkeep\n|\n|t:|1700087798\n|switch|p2b: Urshifu|Urshifu-Rapid-Strike, L50, M|1\/100\n|turn|4\n|\n|t:|1700087815\n|switch|p1a: Clodsire|Clodsire, L50, M|100\/100\n|move|p2a: Arcanine|Extreme Speed|p1a: Clodsire\n|-damage|p1a: Clodsire|72\/100\n|move|p2b: Urshifu|Aqua Jet|p1a: Clodsire\n|-heal|p1a: Clodsire|97\/100|[from] ability: Water Absorb|[of] p2b: Urshifu\n|move|p1b: Landorus|Tera Blast|p2b: Urshifu|[anim] Tera Blast Flying\n|-supereffective|p2b: Urshifu\n|-damage|p2b: Urshifu|0 fnt\n|faint|p2b: Urshifu\n|\n|upkeep\n|\n|t:|1700087826\n|switch|p2b: Tornadus|Tornadus, L50, M|100\/100\n|turn|5\n|\n|t:|1700087839\n|move|p2b: Tornadus|Tailwind|p2b: Tornadus\n|-sidestart|p2: eLi4280|move: Tailwind\n|move|p2a: Arcanine|Rock Slide|p1b: Landorus|[spread] p1a,p1b\n|-resisted|p1a: Clodsire\n|-supereffective|p1b: Landorus\n|-damage|p1a: Clodsire|81\/100\n|-damage|p1b: Landorus|37\/100\n|cant|p1b: Landorus|flinch\n|move|p1a: Clodsire|Yawn|p2a: Arcanine\n|-start|p2a: Arcanine|move: Yawn|[of] p1a: Clodsire\n|\n|upkeep\n|turn|6\n|\n|t:|1700087856\n|switch|p1b: Tauros|Tauros-Paldea-Blaze, L50, M|100\/100\n|-ability|p1b: Tauros|Intimidate|boost\n|-unboost|p2a: Arcanine|atk|1\n|-unboost|p2b: Tornadus|atk|1\n|move|p2b: Tornadus|Taunt|p1a: Clodsire\n|-start|p1a: Clodsire|move: Taunt\n|move|p2a: Arcanine|Rock Slide|p1b: Tauros|[spread] p1a,p1b\n|-resisted|p1a: Clodsire\n|-damage|p1a: Clodsire|72\/100\n|-damage|p1b: Tauros|80\/100\n|move|p1a: Clodsire|Stomping Tantrum|p2a: Arcanine\n|-supereffective|p2a: Arcanine\n|-damage|p2a: Arcanine|0 fnt\n|faint|p2a: Arcanine\n|\n|upkeep\n|turn|7\n|\n|t:|1700087871\n|move|p2b: Tornadus|Rain Dance|p2b: Tornadus\n|-weather|RainDance\n|move|p1b: Tauros|Rock Slide|p2b: Tornadus\n|-supereffective|p2b: Tornadus\n|-damage|p2b: Tornadus|45\/100\n|move|p1a: Clodsire|Gunk Shot|p2b: Tornadus\n|-damage|p2b: Tornadus|0 fnt\n|faint|p2b: Tornadus\n|\n|win|Nervoneo\n|raw|Nervoneo's rating: 1151 &rarr; <strong>1173<\/strong><br \/>(+22 for winning)\n|raw|eLi4280's rating: 1104 &rarr; <strong>1082<\/strong><br \/>(-22 for losing)\n|l|\u2606eLi4280\n","uploadtime":1700087881,"views":8,"p1id":"nervoneo","p2id":"eli4280","formatid":"gen9vgc2023regulatione","rating":1082,"private":0,"password":""}