{"id":"gen9vgc2023regulatione-1993615392","p1":"tastethekoalabear","p2":"OmegaAlpha01","format":"[Gen 9] VGC 2023 Regulation E","log":"|j|\u2606tastethekoalabear\n|j|\u2606OmegaAlpha01\n|n|\u2606tastethekoalabear|tastethekoalabear\n|n|\u2606OmegaAlpha01|omegaalpha01\n|html|View the match progress at <a href=\"\/game-bestof3-gen9vgc2023regulatione-1993615391\">game-bestof3-gen9vgc2023regulatione-1993615391<\/a>\n|t:|1700337784\n|gametype|doubles\n|player|p1|tastethekoalabear|266|\n|player|p2|OmegaAlpha01|caitlin|\n|teamsize|p1|6\n|teamsize|p2|6\n|gen|9\n|tier|[Gen 9] VGC 2023 Regulation E\n|rule|Species Clause: Limit one of each Pok\u00e9mon\n|rule|Item Clause: Limit one of each item\n|clearpoke\n|poke|p1|Volbeat, L50, M|\n|poke|p1|Magnezone, L50|\n|poke|p1|Ogerpon-Hearthflame, L50, F|\n|poke|p1|Brambleghast, L50, M|\n|poke|p1|Tauros-Paldea-Aqua, L50, M|\n|poke|p1|Chi-Yu, L50|\n|poke|p2|Ninetales-Alola, L50, F|\n|poke|p2|Baxcalibur, L50, F|\n|poke|p2|Hydreigon, L50, F|\n|poke|p2|Skiploom, L50, M|\n|poke|p2|Delphox, L50, F|\n|poke|p2|Revavroom, L50, F|\n|teampreview|4\nOmegaAlpha01 rejected open team sheets.\n|c|\u2606OmegaAlpha01|you want links or replays?\n|c|\u2606tastethekoalabear|nah i\u2019m lazy\n|c|\u2606OmegaAlpha01|lol\n|\n|t:|1700337886\n|start\n|switch|p1a: gas gas gas|Volbeat, L50, M|100\/100\n|switch|p1b: 252+ spatk|Chi-Yu, L50|100\/100\n|switch|p2a: IM BACK SUCKAS|Skiploom, L50, M|100\/100\n|switch|p2b: Return of the King|Hydreigon, L50, F|100\/100\n|-ability|p1b: 252+ spatk|Beads of Ruin\n|turn|1\n|\n|t:|1700337911\n|move|p2a: IM BACK SUCKAS|Helping Hand|p2b: Return of the King\n|-singleturn|p2b: Return of the King|Helping Hand|[of] p2a: IM BACK SUCKAS\n|move|p1a: gas gas gas|Tailwind|p1a: gas gas gas\n|-sidestart|p1: tastethekoalabear|move: Tailwind\n|move|p1b: 252+ spatk|Heat Wave|p2b: Return of the King|[spread] p2a,p2b\n|-supereffective|p2a: IM BACK SUCKAS\n|-resisted|p2b: Return of the King\n|-damage|p2a: IM BACK SUCKAS|0 fnt\n|-damage|p2b: Return of the King|64\/100\n|faint|p2a: IM BACK SUCKAS\n|move|p2b: Return of the King|Draco Meteor|p1b: 252+ spatk\n|-damage|p1b: 252+ spatk|0 fnt\n|-unboost|p2b: Return of the King|spa|2\n|faint|p1b: 252+ spatk\n|\n|upkeep\n|\n|t:|1700337925\n|switch|p1b: then die|Ogerpon-Hearthflame, L50, F|100\/100\n|switch|p2a: Approach Seeker|Delphox, L50, F|100\/100\n|-ability|p1b: then die|Mold Breaker\n|turn|2\n|\n|t:|1700337948\n|move|p1a: gas gas gas|Helping Hand|p1b: then die\n|-singleturn|p1b: then die|Helping Hand|[of] p1a: gas gas gas\n|move|p1b: then die|Knock Off|p2a: Approach Seeker\n|-supereffective|p2a: Approach Seeker\n|-enditem|p2a: Approach Seeker|Focus Sash\n|-damage|p2a: Approach Seeker|1\/100\n|move|p2a: Approach Seeker|Psychic|p1b: then die\n|-damage|p1b: then die|53\/100\n|move|p2b: Return of the King|Focus Energy|p2b: Return of the King\n|-start|p2b: Return of the King|move: Focus Energy\n|\n|upkeep\n|turn|3\n|\n|t:|1700337976\n|-terastallize|p1b: then die|Fire\n|detailschange|p1b: then die|Ogerpon-Hearthflame-Tera, L50, F, tera:Fire\n|-ability|p1b: then die|Embody Aspect (Hearthflame)|boost\n|-boost|p1b: then die|atk|1\n|move|p1a: gas gas gas|Encore|p2a: Approach Seeker\n|-start|p2a: Approach Seeker|Encore\n|move|p1b: then die|Ivy Cudgel|p2b: Return of the King|[anim] Ivy Cudgel Fire\n|-resisted|p2b: Return of the King\n|-damage|p2b: Return of the King|19\/100\n|move|p2a: Approach Seeker|Psychic|p1b: then die\n|-damage|p1b: then die|0 fnt\n|faint|p1b: then die\n|move|p2b: Return of the King|Draco Meteor|p1a: gas gas gas\n|-crit|p1a: gas gas gas\n|-damage|p1a: gas gas gas|16\/100\n|-unboost|p2b: Return of the King|spa|2\n|\n|upkeep\n|\n|t:|1700337989\n|switch|p1b: full of wind moves|Brambleghast, L50, M|100\/100\n|-ability|p1b: full of wind moves|Wind Rider|boost\n|-boost|p1b: full of wind moves|atk|1\n|turn|4\n|\n|t:|1700338002\n|move|p1a: gas gas gas|Protect|p1a: gas gas gas\n|-singleturn|p1a: gas gas gas|Protect\n|move|p1b: full of wind moves|Poltergeist|p2b: Return of the King\n|-activate|p2b: Return of the King|move: Poltergeist|Scope Lens\n|-resisted|p2b: Return of the King\n|-damage|p2b: Return of the King|0 fnt\n|faint|p2b: Return of the King\n|move|p2a: Approach Seeker|Psychic|p1a: gas gas gas\n|-activate|p1a: gas gas gas|move: Protect\n|\n|-sideend|p1: tastethekoalabear|move: Tailwind\n|upkeep\n|\n|t:|1700338009\n|switch|p2b: Gun|Baxcalibur, L50, F|100\/100\n|turn|5\n|\n|t:|1700338018\n|move|p1a: gas gas gas|Tailwind|p1a: gas gas gas\n|-sidestart|p1: tastethekoalabear|move: Tailwind\n|-ability|p1b: full of wind moves|Wind Rider|boost\n|-boost|p1b: full of wind moves|atk|1\n|move|p1b: full of wind moves|Poltergeist|p2b: Gun\n|-activate|p2b: Gun|move: Poltergeist|Loaded Dice\n|-damage|p2b: Gun|18\/100\n|move|p2a: Approach Seeker|Psychic|p1a: gas gas gas\n|-damage|p1a: gas gas gas|0 fnt\n|faint|p1a: gas gas gas\n|move|p2b: Gun|Icicle Spear|p1b: full of wind moves\n|-supereffective|p1b: full of wind moves\n|-damage|p1b: full of wind moves|53\/100\n|-supereffective|p1b: full of wind moves\n|-damage|p1b: full of wind moves|0 fnt\n|faint|p1b: full of wind moves\n|-hitcount|p1: full of wind moves|2\n|\n|win|OmegaAlpha01\n|inactive|tastethekoalabear has 50 seconds to confirm battle start!\n|inactive|OmegaAlpha01 has 50 seconds to confirm battle start!\n|c|&|\/uhtml prompt-tastethekoalabear,tastethekoalabear is ready for game 2!\n|c|&|\/uhtml prompt-omegaalpha01,OmegaAlpha01 is ready for game 2!\nBoth players are ready! Starting next match!\n","uploadtime":1700338555,"views":21,"p1id":"tastethekoalabear","p2id":"omegaalpha01","formatid":"gen9vgc2023regulatione","rating":0,"private":0,"password":""}