{"id":"gen9vgc2023regulatione-1999854332","p1":"yueku","p2":"LanternComic","format":"[Gen 9] VGC 2023 Regulation E","log":"|j|\u2606yueku\n|j|\u2606LanternComic\n|n|\u2606yueku|yueku\n|n|\u2606LanternComic|lanterncomic\n|html|View the match progress at <a href=\"\/game-bestof3-gen9vgc2023regulatione-1999854331\">game-bestof3-gen9vgc2023regulatione-1999854331<\/a>\n|t:|1701123054\n|gametype|doubles\n|player|p1|yueku|shauntal|\n|player|p2|LanternComic|silver-masters|\n|teamsize|p1|6\n|teamsize|p2|6\n|gen|9\n|tier|[Gen 9] VGC 2023 Regulation E\n|rule|Species Clause: Limit one of each Pok\u00e9mon\n|rule|Item Clause: Limit one of each item\n|clearpoke\n|poke|p1|Mamoswine, L50, M|\n|poke|p1|Milotic, L50, F|\n|poke|p1|Persian-Alola, L50, F|\n|poke|p1|Zapdos, L50|\n|poke|p1|Rillaboom, L50, M|\n|poke|p1|Arcanine, L50, M|\n|poke|p2|Ting-Lu, L50|\n|poke|p2|Scovillain, L50, F|\n|poke|p2|Wyrdeer, L50, M|\n|poke|p2|Chien-Pao, L50|\n|poke|p2|Dragapult, L50, F|\n|poke|p2|Ogerpon-Wellspring, L50, F|\n|teampreview|4\n|c|\u2606LanternComic|Glhf\n|c|\u2606yueku|glhf\n|\n|t:|1701123127\n|start\n|switch|p1a: Mamoswine|Mamoswine, L50, M|100\/100\n|switch|p1b: Zapdos|Zapdos, L50|100\/100\n|switch|p2a: Santa Hooves|Wyrdeer, L50, M|100\/100\n|switch|p2b: Jalape\u00f1o|Scovillain, L50, F|100\/100\n|-ability|p2a: Santa Hooves|Intimidate|boost\n|-unboost|p1a: Mamoswine|atk|1\n|-unboost|p1b: Zapdos|atk|1\n|turn|1\n|\n|t:|1701123159\n|move|p1a: Mamoswine|Protect|p1a: Mamoswine\n|-singleturn|p1a: Mamoswine|Protect\n|move|p2b: Jalape\u00f1o|Rage Powder|p2b: Jalape\u00f1o\n|-singleturn|p2b: Jalape\u00f1o|move: Rage Powder\n|move|p1b: Zapdos|Tailwind|p1b: Zapdos\n|-sidestart|p1: yueku|move: Tailwind\n|move|p2a: Santa Hooves|Trick Room|p2a: Santa Hooves\n|-fieldstart|move: Trick Room|[of] p2a: Santa Hooves\n|\n|upkeep\n|turn|2\n|\n|t:|1701123187\n|switch|p1a: Arcanine|Arcanine, L50, M|100\/100\n|-ability|p1a: Arcanine|Intimidate|boost\n|-unboost|p2a: Santa Hooves|atk|1\n|-unboost|p2b: Jalape\u00f1o|atk|1\n|move|p2a: Santa Hooves|Tera Blast|p1b: Zapdos\n|-damage|p1b: Zapdos|67\/100\n|move|p2b: Jalape\u00f1o|Energy Ball|p1a: Arcanine\n|-resisted|p1a: Arcanine\n|-damage|p1a: Arcanine|81\/100\n|move|p1b: Zapdos|Hurricane|p2b: Jalape\u00f1o|[miss]\n|-miss|p1b: Zapdos|p2b: Jalape\u00f1o\n|\n|upkeep\n|turn|3\n|\n|t:|1701123212\n|switch|p2a: Ting-Lu|Ting-Lu, L50|100\/100\n|-ability|p2a: Ting-Lu|Vessel of Ruin\n|move|p1a: Arcanine|Protect|p1a: Arcanine\n|-singleturn|p1a: Arcanine|Protect\n|move|p2b: Jalape\u00f1o|Spicy Extract|p2a: Ting-Lu\n|-fail|p2a: Ting-Lu|unboost|[from] item: Clear Amulet|[of] p2a: Ting-Lu\n|-boost|p2a: Ting-Lu|atk|2\n|move|p1b: Zapdos|Hurricane|p2b: Jalape\u00f1o\n|-supereffective|p2b: Jalape\u00f1o\n|-damage|p2b: Jalape\u00f1o|0 fnt\n|faint|p2b: Jalape\u00f1o\n|\n|upkeep\n|\n|t:|1701123219\n|switch|p2b: Chien-Pao|Chien-Pao, L50|100\/100\n|-ability|p2b: Chien-Pao|Sword of Ruin\n|turn|4\n|\n|t:|1701123287\n|switch|p1a: Mamoswine|Mamoswine, L50, M|100\/100\n|move|p2a: Ting-Lu|Protect|p2a: Ting-Lu\n|-singleturn|p2a: Ting-Lu|Protect\n|move|p2b: Chien-Pao|Icicle Crash|p1b: Zapdos\n|-supereffective|p1b: Zapdos\n|-damage|p1b: Zapdos|0 fnt\n|faint|p1b: Zapdos\n|\n|-sideend|p1: yueku|move: Tailwind\n|upkeep\n|\n|t:|1701123294\n|switch|p1b: Arcanine|Arcanine, L50, M|81\/100\n|-ability|p1b: Arcanine|Intimidate|boost\n|-fail|p2a: Ting-Lu|unboost|[from] item: Clear Amulet|[of] p2a: Ting-Lu\n|-unboost|p2b: Chien-Pao|atk|1\n|turn|5\n|\n|t:|1701123318\n|-terastallize|p2a: Ting-Lu|Fire\n|move|p1a: Mamoswine|Protect|p1a: Mamoswine\n|-singleturn|p1a: Mamoswine|Protect\n|move|p1b: Arcanine|Protect|p1b: Arcanine\n|-singleturn|p1b: Arcanine|Protect\n|move|p2b: Chien-Pao|Protect|p2b: Chien-Pao\n|-singleturn|p2b: Chien-Pao|Protect\n|move|p2a: Ting-Lu|Earthquake|p1b: Arcanine|[spread] \n|-activate|p2b: Chien-Pao|move: Protect\n|-activate|p1a: Mamoswine|move: Protect\n|-activate|p1b: Arcanine|move: Protect\n|\n|-fieldend|move: Trick Room\n|upkeep\n|turn|6\n|inactive|Battle timer is ON: inactive players will automatically lose when time's up. (requested by LanternComic)\n|\n|t:|1701123369\n|switch|p1b: Rillaboom|Rillaboom, L50, M|100\/100\n|-fieldstart|move: Grassy Terrain|[from] ability: Grassy Surge|[of] p1b: Rillaboom\n|-enditem|p1b: Rillaboom|Grassy Seed\n|-boost|p1b: Rillaboom|def|1|[from] item: Grassy Seed\n|move|p2a: Ting-Lu|Protect|p2a: Ting-Lu\n|-singleturn|p2a: Ting-Lu|Protect\n|move|p2b: Chien-Pao|Sacred Sword|p1a: Mamoswine\n|-supereffective|p1a: Mamoswine\n|-damage|p1a: Mamoswine|28\/100\n|move|p1a: Mamoswine|Earthquake|p2b: Chien-Pao|[spread] p1b,p2b\n|-activate|p2a: Ting-Lu|move: Protect\n|-resisted|p1b: Rillaboom\n|-damage|p1b: Rillaboom|88\/100\n|-damage|p2b: Chien-Pao|64\/100\n|-damage|p1a: Mamoswine|19\/100|[from] item: Life Orb\n|\n|-heal|p2b: Chien-Pao|70\/100|[from] Grassy Terrain\n|-heal|p1b: Rillaboom|94\/100|[from] Grassy Terrain\n|-heal|p1a: Mamoswine|25\/100|[from] Grassy Terrain\n|upkeep\n|turn|7\n|inactive|yueku has 30 seconds left.\n|\n|t:|1701123399\n|-terastallize|p1b: Rillaboom|Water\n|move|p1a: Mamoswine|Ice Shard|p2b: Chien-Pao\n|-resisted|p2b: Chien-Pao\n|-damage|p2b: Chien-Pao|50\/100\n|-damage|p1a: Mamoswine|15\/100|[from] item: Life Orb\n|move|p2b: Chien-Pao|Sacred Sword|p1a: Mamoswine\n|-supereffective|p1a: Mamoswine\n|-damage|p1a: Mamoswine|0 fnt\n|faint|p1a: Mamoswine\n|move|p1b: Rillaboom|Drain Punch|p2b: Chien-Pao\n|-supereffective|p2b: Chien-Pao\n|-damage|p2b: Chien-Pao|0 fnt\n|-heal|p1b: Rillaboom|100\/100|[from] drain|[of] p2b: Chien-Pao\n|faint|p2b: Chien-Pao\n|move|p2a: Ting-Lu|Earthquake|p1b: Rillaboom\n|-damage|p1b: Rillaboom|68\/100\n|\n|-heal|p1b: Rillaboom|73\/100|[from] Grassy Terrain\n|upkeep\n|\n|t:|1701123416\n|switch|p2b: Santa Hooves|Wyrdeer, L50, M|100\/100\n|switch|p1a: Arcanine|Arcanine, L50, M|81\/100\n|-ability|p1a: Arcanine|Intimidate|boost\n|-fail|p2a: Ting-Lu|unboost|[from] item: Clear Amulet|[of] p2a: Ting-Lu\n|-unboost|p2b: Santa Hooves|atk|1\n|-ability|p2b: Santa Hooves|Intimidate|boost\n|-unboost|p1a: Arcanine|atk|1\n|-unboost|p1b: Rillaboom|atk|1\n|turn|8\n|inactive|yueku has 30 seconds left.\n|inactive|LanternComic has 30 seconds left.\n|\n|t:|1701123452\n|move|p1b: Rillaboom|Knock Off|p2b: Santa Hooves\n|-supereffective|p2b: Santa Hooves\n|-damage|p2b: Santa Hooves|38\/100\n|-enditem|p2b: Santa Hooves|Covert Cloak|[from] move: Knock Off|[of] p1b: Rillaboom\n|move|p1a: Arcanine|Flare Blitz|p2a: Ting-Lu\n|-resisted|p2a: Ting-Lu\n|-damage|p2a: Ting-Lu|90\/100\n|-damage|p1a: Arcanine|76\/100|[from] Recoil\n|move|p2a: Ting-Lu|Lash Out|p1b: Rillaboom\n|-damage|p1b: Rillaboom|26\/100\n|move|p2b: Santa Hooves|Trick Room|p2b: Santa Hooves\n|-fieldstart|move: Trick Room|[of] p2b: Santa Hooves\n|\n|-heal|p2a: Ting-Lu|96\/100|[from] Grassy Terrain\n|-heal|p2b: Santa Hooves|43\/100|[from] Grassy Terrain\n|-heal|p1a: Arcanine|82\/100|[from] Grassy Terrain\n|-heal|p1b: Rillaboom|32\/100|[from] Grassy Terrain\n|upkeep\n|turn|9\n|\n|t:|1701123468\n|move|p1b: Rillaboom|Protect|p1b: Rillaboom\n|-singleturn|p1b: Rillaboom|Protect\n|move|p1a: Arcanine|Extreme Speed|p2a: Ting-Lu\n|-damage|p2a: Ting-Lu|87\/100\n|move|p2a: Ting-Lu|Lash Out|p1a: Arcanine\n|-damage|p1a: Arcanine|16\/100\n|move|p2b: Santa Hooves|Tera Blast|p1b: Rillaboom\n|-activate|p1b: Rillaboom|move: Protect\n|\n|-heal|p2a: Ting-Lu|93\/100|[from] Grassy Terrain\n|-heal|p2b: Santa Hooves|49\/100|[from] Grassy Terrain\n|-heal|p1a: Arcanine|22\/100|[from] Grassy Terrain\n|-heal|p1b: Rillaboom|38\/100|[from] Grassy Terrain\n|upkeep\n|turn|10\n|\n|t:|1701123490\n|move|p2a: Ting-Lu|Lash Out|p1b: Rillaboom\n|-damage|p1b: Rillaboom|0 fnt\n|faint|p1b: Rillaboom\n|move|p2b: Santa Hooves|Zen Headbutt|p1a: Arcanine\n|-damage|p1a: Arcanine|0 fnt\n|faint|p1a: Arcanine\n|\n|win|LanternComic\n|c|\u2606yueku|gg1\n|c|&|\/uhtml prompt-yueku,yueku is ready for game 2!\n|inactive|LanternComic has 50 seconds to confirm battle start!\n|c|&|\/uhtml prompt-lanterncomic,LanternComic is ready for game 2!\nBoth players are ready! Starting next match!\n|l|\u2606LanternComic\n","uploadtime":1701123828,"views":11,"p1id":"yueku","p2id":"lanterncomic","formatid":"gen9vgc2023regulatione","rating":0,"private":0,"password":""}