{"id":"gen9vgc2023regulatione-1993537860","p1":"sdmiiu","p2":"ChoccyMilkMafia","format":"[Gen 9] VGC 2023 Regulation E","log":"|j|\u2606sdmiiu\n|j|\u2606ChoccyMilkMafia\n|t:|1700329373\n|gametype|doubles\n|player|p1|sdmiiu|red|1039\n|player|p2|ChoccyMilkMafia|kieran|1068\n|teamsize|p1|6\n|teamsize|p2|6\n|gen|9\n|tier|[Gen 9] VGC 2023 Regulation E\n|rated|\n|rule|Species Clause: Limit one of each Pok\u00e9mon\n|rule|Item Clause: Limit one of each item\n|clearpoke\n|poke|p1|Dondozo, L50, M|\n|poke|p1|Tatsugiri, L50, M|\n|poke|p1|Flamigo, L50, M|\n|poke|p1|Volbeat, L50, M|\n|poke|p1|Cresselia, L50, F|\n|poke|p1|Clefable, L50, F|\n|poke|p2|Kommo-o, L50, M|\n|poke|p2|Kingambit, L50, M|\n|poke|p2|Sinistcha, L50|\n|poke|p2|Farigiraf, L50, M|\n|poke|p2|Fezandipiti, L50, M|\n|poke|p2|Iron Bundle, L50|\n|teampreview|4\n|inactive|Battle timer is ON: inactive players will automatically lose when time's up. (requested by sdmiiu)\n|\n|t:|1700329396\n|start\n|switch|p1a: Tatsugiri|Tatsugiri, L50, M|100\/100\n|switch|p1b: Clefable|Clefable, L50, F|100\/100\n|switch|p2a: Iron Bundle|Iron Bundle, L50|100\/100\n|switch|p2b: Kommo-o|Kommo-o, L50, M|100\/100\n|-enditem|p2a: Iron Bundle|Booster Energy\n|-activate|p2a: Iron Bundle|ability: Quark Drive|[fromitem]\n|-start|p2a: Iron Bundle|quarkdrivespe\n|turn|1\n|\n|t:|1700329410\n|-terastallize|p2b: Kommo-o|Ghost\n|move|p1b: Clefable|Follow Me|p1b: Clefable\n|-singleturn|p1b: Clefable|move: Follow Me\n|move|p2a: Iron Bundle|Icy Wind|p1a: Tatsugiri|[spread] p1a,p1b\n|-damage|p1a: Tatsugiri|73\/100\n|-damage|p1b: Clefable|84\/100\n|-unboost|p1a: Tatsugiri|spe|1\n|-unboost|p1b: Clefable|spe|1\n|move|p2b: Kommo-o|Clangorous Soul|p2b: Kommo-o\n|-boost|p2b: Kommo-o|atk|1\n|-boost|p2b: Kommo-o|def|1\n|-boost|p2b: Kommo-o|spa|1\n|-boost|p2b: Kommo-o|spd|1\n|-boost|p2b: Kommo-o|spe|1\n|-damage|p2b: Kommo-o|68\/100\n|move|p1a: Tatsugiri|Draco Meteor|p2b: Kommo-o|[miss]\n|-miss|p1a: Tatsugiri|p2b: Kommo-o\n|\n|-status|p1a: Tatsugiri|tox|[from] item: Toxic Orb\n|upkeep\n|turn|2\n|inactive|sdmiiu has 30 seconds left.\n|inactive|ChoccyMilkMafia has 30 seconds left.\n|\n|t:|1700329440\n|move|p1b: Clefable|Follow Me|p1b: Clefable\n|-singleturn|p1b: Clefable|move: Follow Me\n|move|p2a: Iron Bundle|Icy Wind|p1b: Clefable|[spread] p1a,p1b\n|-damage|p1a: Tatsugiri|45\/100 tox\n|-damage|p1b: Clefable|66\/100\n|-unboost|p1a: Tatsugiri|spe|1\n|-unboost|p1b: Clefable|spe|1\n|move|p2b: Kommo-o|Drain Punch|p1b: Clefable\n|-resisted|p1b: Clefable\n|-damage|p1b: Clefable|44\/100\n|-heal|p2b: Kommo-o|80\/100|[from] drain|[of] p1b: Clefable\n|move|p1a: Tatsugiri|Draco Meteor|p2b: Kommo-o\n|-damage|p2b: Kommo-o|44\/100\n|-unboost|p1a: Tatsugiri|spa|2\n|\n|-damage|p1a: Tatsugiri|40\/100 tox|[from] psn\n|upkeep\n|turn|3\n|inactive|sdmiiu has 30 seconds left.\n|\n|t:|1700329472\n|switch|p1b: Dondozo|Dondozo, L50, M|100\/100\n|-activate|p1a: Tatsugiri|ability: Commander|[of] p1b: Dondozo\n|-boost|p1b: Dondozo|atk|2\n|-boost|p1b: Dondozo|spa|2\n|-boost|p1b: Dondozo|spe|2\n|-boost|p1b: Dondozo|def|2\n|-boost|p1b: Dondozo|spd|2\n|move|p2a: Iron Bundle|Hydro Pump|p1b: Dondozo\n|-resisted|p1b: Dondozo\n|-damage|p1b: Dondozo|86\/100\n|move|p2b: Kommo-o|Drain Punch|p1a: Tatsugiri|[miss]\n|-miss|p2b: Kommo-o|p1a: Tatsugiri\n|\n|-heal|p1b: Dondozo|93\/100|[from] item: Leftovers\n|-damage|p1a: Tatsugiri|28\/100 tox|[from] psn\n|upkeep\n|turn|4\n|\n|t:|1700329492\n|move|p2b: Kommo-o|Protect|p2b: Kommo-o\n|-singleturn|p2b: Kommo-o|Protect\n|move|p1b: Dondozo|Protect|p1b: Dondozo\n|-singleturn|p1b: Dondozo|Protect\n|move|p2a: Iron Bundle|Icy Wind|p1b: Dondozo|[spread] \n|-miss|p2a: Iron Bundle|p1a: Tatsugiri\n|-activate|p1b: Dondozo|move: Protect\n|\n|-heal|p1b: Dondozo|99\/100|[from] item: Leftovers\n|-damage|p1a: Tatsugiri|12\/100 tox|[from] psn\n|upkeep\n|turn|5\n|\n|t:|1700329510\n|switch|p2b: Fezandipiti|Fezandipiti, L50, M|100\/100\n|move|p2a: Iron Bundle|Encore|p1b: Dondozo\n|-start|p1b: Dondozo|Encore\n|move|p1b: Dondozo|Protect||[still]\n|-fail|p1b: Dondozo\n|\n|-heal|p1b: Dondozo|100\/100|[from] item: Leftovers\n|-damage|p1a: Tatsugiri|0 fnt|[from] psn\n|faint|p1a: Tatsugiri\n|upkeep\n|\n|t:|1700329519\n|switch|p1a: Flamigo|Flamigo, L50, M|100\/100\n|-copyboost|p1a: Flamigo|p1b: Dondozo|[from] ability: Costar\n|turn|6\n|\n|t:|1700329528\n|move|p1b: Dondozo|Protect|p1b: Dondozo\n|-singleturn|p1b: Dondozo|Protect\n|move|p1a: Flamigo|Close Combat|p2a: Iron Bundle\n|-supereffective|p2a: Iron Bundle\n|-damage|p2a: Iron Bundle|0 fnt\n|-unboost|p1a: Flamigo|def|1\n|-unboost|p1a: Flamigo|spd|1\n|faint|p2a: Iron Bundle\n|-end|p2a: Iron Bundle|Quark Drive|[silent]\n|move|p2b: Fezandipiti|Acid Spray|p1a: Flamigo\n|-damage|p1a: Flamigo|89\/100\n|-unboost|p1a: Flamigo|spd|2\n|-status|p1a: Flamigo|tox|[from] ability: Toxic Chain|[of] p2b: Fezandipiti\n|\n|-damage|p1a: Flamigo|83\/100 tox|[from] psn\n|upkeep\n|\n|t:|1700329542\n|switch|p2a: Sinistcha|Sinistcha, L50|100\/100\n|turn|7\n|\n|t:|1700329556\n|move|p1b: Dondozo|Protect||[still]\n|-fail|p1b: Dondozo\n|move|p1a: Flamigo|Close Combat|p2b: Fezandipiti\n|-resisted|p2b: Fezandipiti\n|-damage|p2b: Fezandipiti|78\/100\n|-unboost|p1a: Flamigo|def|1\n|-unboost|p1a: Flamigo|spd|1\n|move|p2b: Fezandipiti|Tailwind|p2b: Fezandipiti\n|-sidestart|p2: ChoccyMilkMafia|move: Tailwind\n|move|p2a: Sinistcha|Matcha Gotcha|p1a: Flamigo|[spread] p1a,p1b\n|-resisted|p1a: Flamigo\n|-supereffective|p1b: Dondozo\n|-damage|p1a: Flamigo|41\/100 tox\n|-damage|p1b: Dondozo|76\/100\n|\n|-heal|p1b: Dondozo|83\/100|[from] item: Leftovers\n|-damage|p1a: Flamigo|29\/100 tox|[from] psn\n|-end|p1b: Dondozo|Encore\n|upkeep\n|turn|8\n|inactive|sdmiiu has 30 seconds left.\n|\n|t:|1700329582\n|switch|p1a: Clefable|Clefable, L50, F|44\/100\n|move|p2b: Fezandipiti|Acid Spray|p1b: Dondozo\n|-damage|p1b: Dondozo|77\/100\n|-unboost|p1b: Dondozo|spd|2\n|move|p2a: Sinistcha|Matcha Gotcha|p1a: Clefable|[spread] p1a,p1b\n|-supereffective|p1b: Dondozo\n|-damage|p1a: Clefable|24\/100\n|-damage|p1b: Dondozo|25\/100\n|move|p1b: Dondozo|Rock Slide|p2a: Sinistcha|[spread] p2a,p2b\n|-damage|p2a: Sinistcha|74\/100\n|-damage|p2b: Fezandipiti|46\/100\n|-enditem|p2b: Fezandipiti|Sitrus Berry|[eat]\n|-heal|p2b: Fezandipiti|70\/100|[from] item: Sitrus Berry\n|\n|-heal|p1b: Dondozo|32\/100|[from] item: Leftovers\n|upkeep\n|turn|9\n|inactive|sdmiiu has 30 seconds left.\n|\n|t:|1700329609\n|switch|p1a: Flamigo|Flamigo, L50, M|29\/100 tox\n|-copyboost|p1a: Flamigo|p1b: Dondozo|[from] ability: Costar\n|move|p1b: Dondozo|Protect|p1b: Dondozo\n|-singleturn|p1b: Dondozo|Protect\n|move|p2b: Fezandipiti|Icy Wind|p1b: Dondozo|[spread] p1a\n|-activate|p1b: Dondozo|move: Protect\n|-supereffective|p1a: Flamigo\n|-damage|p1a: Flamigo|5\/100 tox\n|-unboost|p1a: Flamigo|spe|1\n|move|p2a: Sinistcha|Matcha Gotcha|p1a: Flamigo|[spread] p1a\n|-activate|p1b: Dondozo|move: Protect\n|-resisted|p1a: Flamigo\n|-damage|p1a: Flamigo|0 fnt\n|-heal|p2a: Sinistcha|76\/100|[from] drain|[of] p1a: Flamigo\n|faint|p1a: Flamigo\n|\n|-heal|p1b: Dondozo|38\/100|[from] item: Leftovers\n|upkeep\n|\n|t:|1700329627\n|switch|p1a: Clefable|Clefable, L50, F|24\/100\n|turn|10\n|\n|t:|1700329635\n|move|p1a: Clefable|Helping Hand|p1b: Dondozo\n|-singleturn|p1b: Dondozo|Helping Hand|[of] p1a: Clefable\n|move|p2b: Fezandipiti|Acid Spray|p1b: Dondozo\n|-damage|p1b: Dondozo|28\/100\n|-unboost|p1b: Dondozo|spd|2\n|move|p2a: Sinistcha|Matcha Gotcha|p1b: Dondozo|[spread] p1a,p1b\n|-supereffective|p1b: Dondozo\n|-damage|p1a: Clefable|1\/100\n|-heal|p2a: Sinistcha|89\/100|[from] drain|[of] p1a: Clefable\n|-damage|p1b: Dondozo|0 fnt\n|-heal|p2a: Sinistcha|100\/100|[from] drain|[of] p1b: Dondozo\n|faint|p1b: Dondozo\n|\n|-sideend|p2: ChoccyMilkMafia|move: Tailwind\n|upkeep\n|turn|11\n|-message|sdmiiu forfeited.\n|\n|win|ChoccyMilkMafia\n|raw|sdmiiu's rating: 1039 &rarr; <strong>1024<\/strong><br \/>(-15 for losing)\n|raw|ChoccyMilkMafia's rating: 1068 &rarr; <strong>1095<\/strong><br \/>(+27 for winning)\n|l|\u2606sdmiiu\n","uploadtime":1700329653,"views":29,"p1id":"sdmiiu","p2id":"choccymilkmafia","formatid":"gen9vgc2023regulatione","rating":1024,"private":0,"password":""}