{"id":"gen9vgc2023regulatione-1990865077","p1":"KingRDGO","p2":"Casper614","format":"[Gen 9] VGC 2023 Regulation E","log":"|j|\u2606KingRDGO\n|j|\u2606Casper614\n|t:|1700009072\n|gametype|doubles\n|player|p1|KingRDGO|steven|1146\n|player|p2|Casper614|2|1232\n|teamsize|p1|6\n|teamsize|p2|6\n|gen|9\n|tier|[Gen 9] VGC 2023 Regulation E\n|rated|\n|rule|Species Clause: Limit one of each Pok\u00e9mon\n|rule|Item Clause: Limit one of each item\n|clearpoke\n|poke|p1|Ribombee, L50, M|\n|poke|p1|Kommo-o, L50, M|\n|poke|p1|Politoed, L50, F|\n|poke|p1|Tornadus-Therian, L50, M|\n|poke|p1|Kingambit, L50, F|\n|poke|p1|Basculegion, L50, M|\n|poke|p2|Dusclops, L50, F|\n|poke|p2|Bellibolt, L50, F|\n|poke|p2|Ting-Lu, L50|\n|poke|p2|Landorus-Therian, L50, M|\n|poke|p2|Dragalge, L50, F|\n|poke|p2|Sinistcha-Masterpiece, L50|\n|teampreview|4\nKingRDGO has agreed to open team sheets.\n|\n|t:|1700009102\n|start\n|switch|p1a: Ribombee|Ribombee, L50, M, shiny|100\/100\n|switch|p1b: Machete|Kingambit, L50, F|100\/100\n|switch|p2a: Dusclops|Dusclops, L50, F|100\/100\n|switch|p2b: Dragalge|Dragalge, L50, F|100\/100\n|-ability|p2a: Dusclops|Pressure\n|turn|1\n|\n|t:|1700009119\n|-terastallize|p2a: Dusclops|Dark\n|move|p1a: Ribombee|Trick|p2a: Dusclops\n|-activate|p1a: Ribombee|move: Trick|[of] p2a: Dusclops\n|-item|p2a: Dusclops|Choice Scarf|[from] move: Trick\n|-item|p1a: Ribombee|Eviolite|[from] move: Trick\n|move|p1b: Machete|Kowtow Cleave|p2b: Dragalge\n|-damage|p2b: Dragalge|47\/100\n|move|p2b: Dragalge|Sludge Bomb|p1a: Ribombee\n|-supereffective|p1a: Ribombee\n|-damage|p1a: Ribombee|0 fnt\n|faint|p1a: Ribombee\n|move|p2a: Dusclops|Trick Room|p2a: Dusclops\n|-fieldstart|move: Trick Room|[of] p2a: Dusclops\n|\n|upkeep\n|\n|t:|1700009132\n|switch|p1a: Lilypad|Politoed, L50, F|100\/100\n|-weather|RainDance|[from] ability: Drizzle|[of] p1a: Lilypad\n|turn|2\n|\n|t:|1700009160\n|switch|p2a: Sinistcha|Sinistcha-Masterpiece, L50|100\/100\n|-heal|p2b: Dragalge|72\/100|[from] ability: Hospitality|[of] p2a: Sinistcha\n|move|p1a: Lilypad|Helping Hand|p1b: Machete\n|-singleturn|p1b: Machete|Helping Hand|[of] p1a: Lilypad\n|move|p2b: Dragalge|Draco Meteor|p1b: Machete|[miss]\n|-miss|p2b: Dragalge|p1b: Machete\n|move|p1b: Machete|Kowtow Cleave|p2b: Dragalge\n|-damage|p2b: Dragalge|0 fnt\n|faint|p2b: Dragalge\n|\n|-weather|RainDance|[upkeep]\n|upkeep\n|\n|t:|1700009173\n|switch|p2b: Bellibolt|Bellibolt, L50, F|100\/100\n|turn|3\n|\n|t:|1700009186\n|-terastallize|p1a: Lilypad|Grass\n|move|p2b: Bellibolt|Parabolic Charge|p1b: Machete|[spread] p2a,p1a,p1b\n|-resisted|p2a: Sinistcha\n|-resisted|p1a: Lilypad\n|-crit|p1a: Lilypad\n|-damage|p2a: Sinistcha|83\/100\n|-damage|p1a: Lilypad|78\/100\n|-damage|p1b: Machete|79\/100\n|move|p1b: Machete|Kowtow Cleave|p2a: Sinistcha\n|-supereffective|p2a: Sinistcha\n|-damage|p2a: Sinistcha|0 fnt\n|faint|p2a: Sinistcha\n|move|p1a: Lilypad|Ice Beam|p2b: Bellibolt\n|-damage|p2b: Bellibolt|79\/100\n|-start|p2b: Bellibolt|Charge|Ice Beam|[from] ability: Electromorphosis\n|\n|-weather|RainDance|[upkeep]\n|upkeep\n|\n|t:|1700009196\n|switch|p2a: Dusclops|Dusclops, L50, F, tera:Dark|100\/100\n|-ability|p2a: Dusclops|Pressure\n|turn|4\n|\n|t:|1700009210\n|move|p1a: Lilypad|Helping Hand|p1b: Machete\n|-singleturn|p1b: Machete|Helping Hand|[of] p1a: Lilypad\n|move|p2a: Dusclops|Will-O-Wisp|p1b: Machete\n|-status|p1b: Machete|brn\n|move|p2b: Bellibolt|Parabolic Charge|p1b: Machete|[spread] p2a,p1a,p1b\n|-resisted|p1a: Lilypad\n|-damage|p2a: Dusclops|35\/100\n|-heal|p2b: Bellibolt|98\/100|[from] drain|[of] p2a: Dusclops\n|-damage|p1a: Lilypad|49\/100\n|-heal|p2b: Bellibolt|100\/100|[from] drain|[of] p1a: Lilypad\n|-damage|p1b: Machete|34\/100 brn\n|-enditem|p1a: Lilypad|Sitrus Berry|[eat]\n|-heal|p1a: Lilypad|74\/100|[from] item: Sitrus Berry\n|-end|p2b: Bellibolt|Charge|[silent]\n|move|p1b: Machete|Kowtow Cleave|p2b: Bellibolt\n|-damage|p2b: Bellibolt|68\/100\n|-start|p2b: Bellibolt|Charge|Kowtow Cleave|[from] ability: Electromorphosis\n|\n|-weather|RainDance|[upkeep]\n|-damage|p1b: Machete|28\/100 brn|[from] brn\n|upkeep\n|turn|5\n|\n|t:|1700009239\n|move|p1b: Machete|Sucker Punch|p2b: Bellibolt\n|-damage|p2b: Bellibolt|49\/100\n|-start|p2b: Bellibolt|Charge|Sucker Punch|[from] ability: Electromorphosis\n|move|p2a: Dusclops|Will-O-Wisp|p1a: Lilypad\n|-status|p1a: Lilypad|brn\n|move|p2b: Bellibolt|Parabolic Charge|p1a: Lilypad|[spread] p2a,p1a,p1b\n|-resisted|p1a: Lilypad\n|-damage|p2a: Dusclops|0 fnt\n|-heal|p2b: Bellibolt|58\/100|[from] drain|[of] p2a: Dusclops\n|-damage|p1a: Lilypad|47\/100 brn\n|-heal|p2b: Bellibolt|71\/100|[from] drain|[of] p1a: Lilypad\n|-damage|p1b: Machete|0 fnt\n|-heal|p2b: Bellibolt|84\/100|[from] drain|[of] p1b: Machete\n|faint|p2a: Dusclops\n|faint|p1b: Machete\n|-end|p2b: Bellibolt|Charge|[silent]\n|move|p1a: Lilypad|Chilling Water|p2b: Bellibolt\n|-damage|p2b: Bellibolt|59\/100\n|-unboost|p2b: Bellibolt|atk|1\n|-start|p2b: Bellibolt|Charge|Chilling Water|[from] ability: Electromorphosis\n|\n|-weather|RainDance|[upkeep]\n|-damage|p1a: Lilypad|41\/100 brn|[from] brn\n|-fieldend|move: Trick Room\n|upkeep\n|\n|t:|1700009265\n|switch|p1b: Tornadus|Tornadus-Therian, L50, M|100\/100\n|turn|6\n|\n|t:|1700009272\n|move|p1a: Lilypad|Helping Hand|p1b: Tornadus\n|-singleturn|p1b: Tornadus|Helping Hand|[of] p1a: Lilypad\n|move|p1b: Tornadus|Psychic|p2b: Bellibolt\n|-damage|p2b: Bellibolt|10\/100\n|-start|p2b: Bellibolt|Charge|Psychic|[from] ability: Electromorphosis\n|-damage|p1b: Tornadus|91\/100|[from] item: Life Orb\n|move|p2b: Bellibolt|Parabolic Charge|p1a: Lilypad|[spread] p1a,p1b\n|-resisted|p1a: Lilypad\n|-supereffective|p1b: Tornadus\n|-damage|p1a: Lilypad|12\/100 brn\n|-heal|p2b: Bellibolt|23\/100|[from] drain|[of] p1a: Lilypad\n|-damage|p1b: Tornadus|0 fnt\n|-heal|p2b: Bellibolt|56\/100|[from] drain|[of] p1b: Tornadus\n|faint|p1b: Tornadus\n|-end|p2b: Bellibolt|Charge|[silent]\n|\n|-weather|none\n|-damage|p1a: Lilypad|6\/100 brn|[from] brn\n|upkeep\n|turn|7\n|c|\u2606KingRDGO|gg\n|-message|KingRDGO forfeited.\n|\n|win|Casper614\n|raw|KingRDGO's rating: 1146 &rarr; <strong>1127<\/strong><br \/>(-19 for losing)\n|raw|Casper614's rating: 1232 &rarr; <strong>1251<\/strong><br \/>(+19 for winning)\n|l|\u2606KingRDGO\n","uploadtime":1700009305,"views":11,"p1id":"kingrdgo","p2id":"casper614","formatid":"gen9vgc2023regulatione","rating":1127,"private":0,"password":""}