{"id":"gen9vgc2023regulatione-1996096935","p1":"electricboogaloo12","p2":"huubble","format":"[Gen 9] VGC 2023 Regulation E","log":"|j|\u203delectricboogaloo12\n|j|\u2606huubble\n|t:|1700643572\n|gametype|doubles\n|player|p1|electricboogaloo12|cynthia|1467\n|player|p2|huubble|camper|1584\n|teamsize|p1|6\n|teamsize|p2|6\n|gen|9\n|tier|[Gen 9] VGC 2023 Regulation E\n|rated|\n|rule|Species Clause: Limit one of each Pok\u00e9mon\n|rule|Item Clause: Limit one of each item\n|clearpoke\n|poke|p1|Gastrodon, L50, F|\n|poke|p1|Grimmsnarl, L50, M|\n|poke|p1|Articuno-Galar, L50|\n|poke|p1|Heatran, L50, M|\n|poke|p1|Houndoom, L50, M|\n|poke|p1|Typhlosion-Hisui, L50, F|\n|poke|p2|Tyranitar, L50, M|\n|poke|p2|Lycanroc, L50, F|\n|poke|p2|Gholdengo, L50|\n|poke|p2|Zapdos, L50|\n|poke|p2|Ogerpon-Wellspring, L50, F|\n|poke|p2|Landorus-Therian, L50, M|\n|teampreview|4\n|inactive|Battle timer is ON: inactive players will automatically lose when time's up. (requested by huubble)\n|inactive|huubble has 60 seconds left.\n|\n|t:|1700643619\n|start\n|switch|p1a: Grimmsnarl|Grimmsnarl, L50, M|100\/100\n|switch|p1b: Articuno|Articuno-Galar, L50|100\/100\n|switch|p2a: Lycanroc|Lycanroc, L50, F|100\/100\n|switch|p2b: Gholdengo|Gholdengo, L50|100\/100\n|turn|1\n|\n|t:|1700643631\n|move|p1a: Grimmsnarl|Fake Out|p2a: Lycanroc\n|-resisted|p2a: Lycanroc\n|-damage|p2a: Lycanroc|91\/100\n|cant|p2a: Lycanroc|flinch\n|move|p2b: Gholdengo|Nasty Plot|p2b: Gholdengo\n|-boost|p2b: Gholdengo|spa|2\n|move|p1b: Articuno|Trick Room|p1b: Articuno\n|-fieldstart|move: Trick Room|[of] p1b: Articuno\n|\n|upkeep\n|turn|2\n|\n|t:|1700643645\n|switch|p2a: Tyranitar|Tyranitar, L50, M|100\/100\n|-weather|Sandstorm|[from] ability: Sand Stream|[of] p2a: Tyranitar\n|move|p1b: Articuno|Protect|p1b: Articuno\n|-singleturn|p1b: Articuno|Protect\n|move|p1a: Grimmsnarl|Parting Shot|p2a: Tyranitar\n|-hint|Since gen 7, Dark is immune to Prankster moves.\n|-immune|p2a: Tyranitar\n|move|p2b: Gholdengo|Make It Rain|p1a: Grimmsnarl|[spread] p1a\n|-activate|p1b: Articuno|move: Protect\n|-supereffective|p1a: Grimmsnarl\n|-damage|p1a: Grimmsnarl|0 fnt\n|-unboost|p2b: Gholdengo|spa|1\n|faint|p1a: Grimmsnarl\n|-damage|p2b: Gholdengo|91\/100|[from] item: Life Orb\n|\n|-weather|Sandstorm|[upkeep]\n|-damage|p1b: Articuno|94\/100|[from] Sandstorm\n|upkeep\n|\n|t:|1700643662\n|switch|p1a: Gastrodon|Gastrodon, L50, F, shiny|100\/100\n|turn|3\n|\n|t:|1700643670\n|switch|p2a: Ogerpon|Ogerpon-Wellspring, L50, F|100\/100\n|-terastallize|p1b: Articuno|Ground\n|move|p2b: Gholdengo|Protect|p2b: Gholdengo\n|-singleturn|p2b: Gholdengo|Protect\n|move|p1a: Gastrodon|Yawn|p2a: Ogerpon\n|-start|p2a: Ogerpon|move: Yawn|[of] p1a: Gastrodon\n|move|p1b: Articuno|Tera Blast|p2b: Gholdengo|[anim] Tera Blast Ground\n|-activate|p2b: Gholdengo|move: Protect\n|\n|-weather|Sandstorm|[upkeep]\n|-damage|p2a: Ogerpon|95\/100|[from] Sandstorm\n|upkeep\n|turn|4\n|\n|t:|1700643687\n|move|p2a: Ogerpon|Follow Me|p2a: Ogerpon\n|-singleturn|p2a: Ogerpon|move: Follow Me\n|move|p1a: Gastrodon|Earth Power|p2a: Ogerpon\n|-resisted|p2a: Ogerpon\n|-damage|p2a: Ogerpon|80\/100\n|move|p1b: Articuno|Tera Blast|p2a: Ogerpon|[anim] Tera Blast Ground\n|-resisted|p2a: Ogerpon\n|-damage|p2a: Ogerpon|60\/100\n|move|p2b: Gholdengo|Shadow Ball|p1a: Gastrodon\n|-damage|p1a: Gastrodon|41\/100\n|-enditem|p1a: Gastrodon|Sitrus Berry|[eat]\n|-heal|p1a: Gastrodon|65\/100|[from] item: Sitrus Berry\n|-damage|p2b: Gholdengo|81\/100|[from] item: Life Orb\n|\n|-weather|Sandstorm|[upkeep]\n|-damage|p2a: Ogerpon|55\/100|[from] Sandstorm\n|-end|p2a: Ogerpon|move: Yawn|[silent]\n|-status|p2a: Ogerpon|slp\n|upkeep\n|turn|5\n|inactive|huubble has 30 seconds left.\n|\n|t:|1700643720\n|switch|p2a: Tyranitar|Tyranitar, L50, M|100\/100\n|move|p2b: Gholdengo|Protect|p2b: Gholdengo\n|-singleturn|p2b: Gholdengo|Protect\n|move|p1a: Gastrodon|Sludge Bomb|p2a: Tyranitar\n|-resisted|p2a: Tyranitar\n|-damage|p2a: Tyranitar|96\/100\n|move|p1b: Articuno|Tera Blast|p2b: Gholdengo|[anim] Tera Blast Ground\n|-activate|p2b: Gholdengo|move: Protect\n|\n|-weather|Sandstorm|[upkeep]\n|-fieldend|move: Trick Room\n|upkeep\n|turn|6\n|\n|t:|1700643739\n|switch|p1a: Heatran|Heatran, L50, M|100\/100\n|move|p1b: Articuno|Protect|p1b: Articuno\n|-singleturn|p1b: Articuno|Protect\n|move|p2b: Gholdengo|Make It Rain|p1b: Articuno|[spread] p1a\n|-activate|p1b: Articuno|move: Protect\n|-resisted|p1a: Heatran\n|-damage|p1a: Heatran|88\/100\n|-unboost|p2b: Gholdengo|spa|1\n|-damage|p2b: Gholdengo|71\/100|[from] item: Life Orb\n|move|p2a: Tyranitar|Knock Off|p1a: Heatran\n|-damage|p1a: Heatran|37\/100\n|-enditem|p1a: Heatran|Assault Vest|[from] move: Knock Off|[of] p2a: Tyranitar\n|\n|-weather|none\n|upkeep\n|turn|7\n|\n|t:|1700643760\n|move|p2b: Gholdengo|Nasty Plot|p2b: Gholdengo\n|-boost|p2b: Gholdengo|spa|2\n|move|p1b: Articuno|Tera Blast|p2a: Tyranitar|[anim] Tera Blast Ground\n|-supereffective|p2a: Tyranitar\n|-damage|p2a: Tyranitar|41\/100\n|move|p2a: Tyranitar|High Horsepower|p1a: Heatran\n|-supereffective|p1a: Heatran\n|-damage|p1a: Heatran|0 fnt\n|faint|p1a: Heatran\n|\n|upkeep\n|\n|t:|1700643768\n|switch|p1a: Gastrodon|Gastrodon, L50, F, shiny|65\/100\n|turn|8\n|inactive|huubble has 30 seconds left.\n|\n|t:|1700643800\n|move|p2b: Gholdengo|Make It Rain|p1b: Articuno|[spread] p1a,p1b\n|-resisted|p1a: Gastrodon\n|-damage|p1a: Gastrodon|14\/100\n|-damage|p1b: Articuno|0 fnt\n|-unboost|p2b: Gholdengo|spa|1\n|faint|p1b: Articuno\n|-damage|p2b: Gholdengo|61\/100|[from] item: Life Orb\n|move|p2a: Tyranitar|Rock Slide|p1a: Gastrodon\n|-resisted|p1a: Gastrodon\n|-damage|p1a: Gastrodon|0 fnt\n|faint|p1a: Gastrodon\n|\n|win|huubble\n|raw|electricboogaloo12's rating: 1467 &rarr; <strong>1453<\/strong><br \/>(-14 for losing)\n|raw|huubble's rating: 1584 &rarr; <strong>1598<\/strong><br \/>(+14 for winning)\n|l|\u203delectricboogaloo12\n","uploadtime":1700643839,"views":8,"p1id":"electricboogaloo12","p2id":"huubble","formatid":"gen9vgc2023regulatione","rating":1453,"private":0,"password":""}