{"id":"gen9vgc2023regulatione-1994574249","p1":"rrhizler","p2":"Toedscool4school","format":"[Gen 9] VGC 2023 Regulation E","log":"|j|\u2606rrhizler\n|j|\u2606Toedscool4school\n|t:|1700462414\n|gametype|doubles\n|player|p1|rrhizler|265|1543\n|player|p2|Toedscool4school|170|1604\n|teamsize|p1|6\n|teamsize|p2|6\n|gen|9\n|tier|[Gen 9] VGC 2023 Regulation E\n|rated|\n|rule|Species Clause: Limit one of each Pok\u00e9mon\n|rule|Item Clause: Limit one of each item\n|clearpoke\n|poke|p1|Landorus, L50, M|\n|poke|p1|Urshifu-*, L50, M|\n|poke|p1|Heatran, L50, M|\n|poke|p1|Iron Bundle, L50|\n|poke|p1|Rillaboom, L50, M|\n|poke|p1|Tornadus, L50, M|\n|poke|p2|Flutter Mane, L50|\n|poke|p2|Landorus-Therian, L50, M|\n|poke|p2|Heatran, L50, F|\n|poke|p2|Amoonguss, L50, F|\n|poke|p2|Ogerpon-Wellspring, L50, F|\n|poke|p2|Cresselia, L50, F|\n|teampreview|4\n|inactive|Battle timer is ON: inactive players will automatically lose when time's up. (requested by Toedscool4school)\nToedscool4school has agreed to open team sheets.\nrrhizler has agreed to open team sheets.\n|inactive|rrhizler has 30 seconds left.\n|inactive|rrhizler has 20 seconds left.\n|inactive|rrhizler has 15 seconds left.\n|inactive|rrhizler has 10 seconds left.\n|\n|t:|1700462486\n|start\n|switch|p1a: Heatran|Heatran, L50, M|100\/100\n|switch|p1b: Iron Bundle|Iron Bundle, L50|100\/100\n|switch|p2a: Ogerpon|Ogerpon-Wellspring, L50, F|100\/100\n|switch|p2b: Cresselia|Cresselia, L50, F|100\/100\n|-enditem|p1b: Iron Bundle|Booster Energy\n|-activate|p1b: Iron Bundle|ability: Quark Drive|[fromitem]\n|-start|p1b: Iron Bundle|quarkdrivespe\n|turn|1\n|j| mpudi\n|\n|t:|1700462506\n|switch|p1a: Tornadus|Tornadus, L50, M|100\/100\n|move|p2a: Ogerpon|Spiky Shield|p2a: Ogerpon\n|-singleturn|p2a: Ogerpon|move: Protect\n|move|p1b: Iron Bundle|Freeze-Dry|p2a: Ogerpon\n|-activate|p2a: Ogerpon|move: Protect\n|move|p2b: Cresselia|Trick Room|p2b: Cresselia\n|-fieldstart|move: Trick Room|[of] p2b: Cresselia\n|\n|upkeep\n|turn|2\n|inactive|rrhizler has 30 seconds left.\n|\n|t:|1700462535\n|switch|p2a: Heatran|Heatran, L50, F|100\/100\n|move|p1b: Iron Bundle|Protect|p1b: Iron Bundle\n|-singleturn|p1b: Iron Bundle|Protect\n|move|p1a: Tornadus|Sunny Day|p1a: Tornadus\n|-weather|SunnyDay\n|move|p2b: Cresselia|Psychic|p1b: Iron Bundle\n|-activate|p1b: Iron Bundle|move: Protect\n|\n|-weather|SunnyDay|[upkeep]\n|upkeep\n|turn|3\n|\n|t:|1700462550\n|-end|p1b: Iron Bundle|Quark Drive|[silent]\n|switch|p1b: Heatran|Heatran, L50, M|100\/100\n|move|p1a: Tornadus|Scary Face|p1b: Heatran\n|-unboost|p1b: Heatran|spe|2\n|move|p2b: Cresselia|Psychic|p1b: Heatran\n|-resisted|p1b: Heatran\n|-damage|p1b: Heatran|92\/100\n|move|p2a: Heatran|Earth Power|p1b: Heatran\n|-supereffective|p1b: Heatran\n|-damage|p1b: Heatran|18\/100\n|\n|-weather|SunnyDay|[upkeep]\n|upkeep\n|turn|4\n|inactive|Toedscool4school has 30 seconds left.\n|\n|t:|1700462584\n|move|p2a: Heatran|Protect|p2a: Heatran\n|-singleturn|p2a: Heatran|Protect\n|move|p1b: Heatran|Earth Power|p2a: Heatran\n|-activate|p2a: Heatran|move: Protect\n|move|p1a: Tornadus|Bleakwind Storm|p2a: Heatran|[spread] \n|-activate|p2a: Heatran|move: Protect\n|-miss|p1a: Tornadus|p2b: Cresselia\n|move|p2b: Cresselia|Trick Room|p2b: Cresselia\n|-fieldend|move: Trick Room\n|\n|-weather|SunnyDay|[upkeep]\n|upkeep\n|turn|5\n|\n|t:|1700462606\n|move|p1a: Tornadus|Tailwind|p1a: Tornadus\n|-sidestart|p1: rrhizler|move: Tailwind\n|move|p2a: Heatran|Earth Power|p1b: Heatran\n|-supereffective|p1b: Heatran\n|-damage|p1b: Heatran|0 fnt\n|faint|p1b: Heatran\n|move|p2b: Cresselia|Trick Room|p2b: Cresselia\n|-fieldstart|move: Trick Room|[of] p2b: Cresselia\n|\n|-weather|SunnyDay|[upkeep]\n|upkeep\n|\n|t:|1700462613\n|switch|p1b: Landorus|Landorus, L50, M|100\/100\n|turn|6\n|\n|t:|1700462625\n|move|p2b: Cresselia|Ice Beam|p1b: Landorus\n|-supereffective|p1b: Landorus\n|-damage|p1b: Landorus|3\/100\n|move|p2a: Heatran|Heat Wave|p1a: Tornadus|[spread] p1a,p1b\n|-damage|p1a: Tornadus|42\/100\n|-damage|p1b: Landorus|0 fnt\n|faint|p1b: Landorus\n|move|p1a: Tornadus|Bleakwind Storm|p2a: Heatran|[spread] p2a,p2b\n|-resisted|p2a: Heatran\n|-crit|p2a: Heatran\n|-damage|p2a: Heatran|81\/100\n|-damage|p2b: Cresselia|79\/100\n|-unboost|p2b: Cresselia|spe|1\n|\n|-weather|none\n|-heal|p2a: Heatran|87\/100|[from] item: Leftovers\n|upkeep\n|-message|rrhizler forfeited.\n|\n|win|Toedscool4school\n|raw|rrhizler's rating: 1543 &rarr; <strong>1526<\/strong><br \/>(-17 for losing)\n|raw|Toedscool4school's rating: 1604 &rarr; <strong>1621<\/strong><br \/>(+17 for winning)\n|l|\u2606rrhizler\n","uploadtime":1700462639,"views":5,"p1id":"rrhizler","p2id":"toedscool4school","formatid":"gen9vgc2023regulatione","rating":1526,"private":0,"password":""}