{"id":"gen9vgc2023regulatione-1988383182","p1":"kiddy123","p2":"Tikmasjien","format":"[Gen 9] VGC 2023 Regulation E","log":"|j|\u2606kiddy123\n|j|\u2606Tikmasjien\n|t:|1699716703\n|gametype|doubles\n|player|p1|kiddy123|unknown|1102\n|player|p2|Tikmasjien|1|1190\n|teamsize|p1|6\n|teamsize|p2|6\n|gen|9\n|tier|[Gen 9] VGC 2023 Regulation E\n|rated|\n|rule|Species Clause: Limit one of each Pok\u00e9mon\n|rule|Item Clause: Limit one of each item\n|clearpoke\n|poke|p1|Chi-Yu, L50|\n|poke|p1|Iron Hands, L50|\n|poke|p1|Urshifu-*, L50, F|\n|poke|p1|Amoonguss, L50, F|\n|poke|p1|Farigiraf, L50, M|\n|poke|p1|Gyarados, L50, M|\n|poke|p2|Goodra-Hisui, L50, M|\n|poke|p2|Sinistcha, L50|\n|poke|p2|Iron Hands, L50|\n|poke|p2|Clefairy, L50, F|\n|poke|p2|Landorus-Therian, L50, M|\n|poke|p2|Milotic, L50, M|\n|teampreview|4\n|inactive|Battle timer is ON: inactive players will automatically lose when time's up. (requested by kiddy123)\n|\n|t:|1699716730\n|start\n|switch|p1a: Urshifu|Urshifu, L50, F|100\/100\n|switch|p1b: Iron Hands|Iron Hands, L50|100\/100\n|switch|p2a: Iron Hands|Iron Hands, L50|100\/100\n|switch|p2b: Landorus|Landorus-Therian, L50, M|100\/100\n|-ability|p2b: Landorus|Intimidate|boost\n|-unboost|p1a: Urshifu|atk|1\n|-unboost|p1b: Iron Hands|atk|1\n|turn|1\n|inactive|Tikmasjien has 30 seconds left.\n|\n|t:|1699716758\n|-terastallize|p1a: Urshifu|Dark\n|move|p2a: Iron Hands|Fake Out|p1a: Urshifu\n|-damage|p1a: Urshifu|78\/100\n|-damage|p2a: Iron Hands|91\/100|[from] item: Life Orb\n|move|p1b: Iron Hands|Fake Out|p2a: Iron Hands\n|-damage|p2a: Iron Hands|84\/100\n|cant|p1a: Urshifu|flinch\n|move|p2b: Landorus|Stomping Tantrum|p1b: Iron Hands\n|-supereffective|p1b: Iron Hands\n|-damage|p1b: Iron Hands|39\/100\n|\n|upkeep\n|turn|2\n|inactive|Tikmasjien has 30 seconds left.\n|\n|t:|1699716787\n|-end|p1b: Iron Hands|Quark Drive|[silent]\n|switch|p1b: Amoonguss|Amoonguss, L50, F|100\/100\n|move|p1a: Urshifu|Wicked Blow|p2b: Landorus\n|-crit|p2b: Landorus\n|-damage|p2b: Landorus|0 fnt\n|faint|p2b: Landorus\n|move|p2a: Iron Hands|Drain Punch|p1a: Urshifu\n|-supereffective|p1a: Urshifu\n|-damage|p1a: Urshifu|0 fnt\n|-heal|p2a: Iron Hands|100\/100|[from] drain|[of] p1a: Urshifu\n|faint|p1a: Urshifu\n|-damage|p2a: Iron Hands|91\/100|[from] item: Life Orb\n|\n|upkeep\n|\n|t:|1699716800\n|switch|p1a: Iron Hands|Iron Hands, L50|39\/100\n|switch|p2b: Sinistcha|Sinistcha, L50|100\/100\n|-heal|p2a: Iron Hands|100\/100|[from] ability: Hospitality|[of] p2b: Sinistcha\n|turn|3\n|\n|t:|1699716808\n|move|p2a: Iron Hands|Protect|p2a: Iron Hands\n|-singleturn|p2a: Iron Hands|Protect\n|move|p1a: Iron Hands|Drain Punch|p2a: Iron Hands\n|-activate|p2a: Iron Hands|move: Protect\n|move|p1b: Amoonguss|Pollen Puff|p1a: Iron Hands\n|-heal|p1a: Iron Hands|89\/100\n|move|p2b: Sinistcha|Trick Room|p2b: Sinistcha\n|-fieldstart|move: Trick Room|[of] p2b: Sinistcha\n|\n|upkeep\n|turn|4\n|\n|t:|1699716820\n|-end|p1a: Iron Hands|Quark Drive|[silent]\n|switch|p1a: Chi-Yu|Chi-Yu, L50|100\/100\n|-ability|p1a: Chi-Yu|Beads of Ruin\n|-end|p2a: Iron Hands|Quark Drive|[silent]\n|switch|p2a: Milotic|Milotic, L50, M|100\/100\n|move|p1b: Amoonguss|Spore|p2a: Milotic\n|-status|p2a: Milotic|slp|[from] move: Spore\n|move|p2b: Sinistcha|Matcha Gotcha|p1a: Chi-Yu|[spread] p1a,p1b\n|-resisted|p1a: Chi-Yu\n|-resisted|p1b: Amoonguss\n|-damage|p1a: Chi-Yu|87\/100\n|-damage|p1b: Amoonguss|94\/100\n|-status|p1b: Amoonguss|brn\n|\n|-damage|p1b: Amoonguss|88\/100 brn|[from] brn\n|upkeep\n|turn|5\n|\n|t:|1699716835\n|switch|p2b: Iron Hands|Iron Hands, L50|100\/100\n|move|p1b: Amoonguss|Leaf Storm|p2a: Milotic\n|-supereffective|p2a: Milotic\n|-crit|p2a: Milotic\n|-damage|p2a: Milotic|4\/100 slp\n|-unboost|p1b: Amoonguss|spa|2\n|cant|p2a: Milotic|slp\n|move|p1a: Chi-Yu|Nasty Plot|p1a: Chi-Yu\n|-boost|p1a: Chi-Yu|spa|2\n|\n|-heal|p2a: Milotic|10\/100 slp|[from] item: Leftovers\n|-damage|p1b: Amoonguss|81\/100 brn|[from] brn\n|upkeep\n|turn|6\n|\n|t:|1699716850\n|move|p1a: Chi-Yu|Protect|p1a: Chi-Yu\n|-singleturn|p1a: Chi-Yu|Protect\n|move|p2b: Iron Hands|Fake Out|p1a: Chi-Yu\n|-activate|p1a: Chi-Yu|move: Protect\n|move|p1b: Amoonguss|Spore|p2b: Iron Hands\n|-status|p2b: Iron Hands|slp|[from] move: Spore\n|cant|p2a: Milotic|slp\n|\n|-heal|p2a: Milotic|16\/100 slp|[from] item: Leftovers\n|-damage|p1b: Amoonguss|75\/100 brn|[from] brn\n|upkeep\n|turn|7\n|\n|t:|1699716859\n|-end|p2b: Iron Hands|Quark Drive|[silent]\n|switch|p2b: Sinistcha|Sinistcha, L50|100\/100\n|-heal|p2a: Milotic|41\/100 slp|[from] ability: Hospitality|[of] p2b: Sinistcha\n|move|p1b: Amoonguss|Leaf Storm|p2a: Milotic\n|-supereffective|p2a: Milotic\n|-damage|p2a: Milotic|10\/100 slp\n|-unboost|p1b: Amoonguss|spa|2\n|-curestatus|p2a: Milotic|slp|[msg]\n|move|p2a: Milotic|Hypnosis|p1a: Chi-Yu\n|-status|p1a: Chi-Yu|slp|[from] move: Hypnosis\n|cant|p1a: Chi-Yu|slp\n|\n|-heal|p2a: Milotic|16\/100|[from] item: Leftovers\n|-damage|p1b: Amoonguss|69\/100 brn|[from] brn\n|-fieldend|move: Trick Room\n|upkeep\n|turn|8\n|\n|t:|1699716881\n|cant|p1a: Chi-Yu|slp\n|move|p2a: Milotic|Scald|p1a: Chi-Yu\n|-supereffective|p1a: Chi-Yu\n|-damage|p1a: Chi-Yu|30\/100 slp\n|move|p1b: Amoonguss|Pollen Puff|p2a: Milotic\n|-damage|p2a: Milotic|11\/100\n|move|p2b: Sinistcha|Trick Room|p2b: Sinistcha\n|-fieldstart|move: Trick Room|[of] p2b: Sinistcha\n|\n|-heal|p2a: Milotic|17\/100|[from] item: Leftovers\n|-damage|p1b: Amoonguss|63\/100 brn|[from] brn\n|upkeep\n|turn|9\n|\n|t:|1699716896\n|cant|p1a: Chi-Yu|slp\n|move|p1b: Amoonguss|Rage Powder|p1b: Amoonguss\n|-singleturn|p1b: Amoonguss|move: Rage Powder\n|move|p2a: Milotic|Scald|p1b: Amoonguss\n|-resisted|p1b: Amoonguss\n|-damage|p1b: Amoonguss|46\/100 brn\n|move|p2b: Sinistcha|Matcha Gotcha|p1b: Amoonguss|[spread] p1a,p1b\n|-resisted|p1a: Chi-Yu\n|-resisted|p1b: Amoonguss\n|-damage|p1a: Chi-Yu|16\/100 slp\n|-damage|p1b: Amoonguss|39\/100 brn\n|\n|-heal|p2a: Milotic|23\/100|[from] item: Leftovers\n|-damage|p1b: Amoonguss|32\/100 brn|[from] brn\n|upkeep\n|turn|10\n|\n|t:|1699716910\n|move|p1b: Amoonguss|Rage Powder|p1b: Amoonguss\n|-singleturn|p1b: Amoonguss|move: Rage Powder\n|move|p2a: Milotic|Coil|p2a: Milotic\n|-boost|p2a: Milotic|atk|1\n|-boost|p2a: Milotic|def|1\n|-boost|p2a: Milotic|accuracy|1\n|move|p2b: Sinistcha|Matcha Gotcha|p1a: Chi-Yu|[spread] p1a,p1b\n|-resisted|p1a: Chi-Yu\n|-resisted|p1b: Amoonguss\n|-damage|p1a: Chi-Yu|1\/100 slp\n|-damage|p1b: Amoonguss|25\/100 brn\n|-curestatus|p1a: Chi-Yu|slp|[msg]\n|move|p1a: Chi-Yu|Dark Pulse|p2a: Milotic\n|-damage|p2a: Milotic|0 fnt\n|faint|p2a: Milotic\n|\n|-damage|p1b: Amoonguss|19\/100 brn|[from] brn\n|upkeep\n|\n|t:|1699716914\n|switch|p2a: Iron Hands|Iron Hands, L50|100\/100 slp\n|turn|11\n|\n|t:|1699716924\n|move|p1a: Chi-Yu|Protect|p1a: Chi-Yu\n|-singleturn|p1a: Chi-Yu|Protect\n|cant|p2a: Iron Hands|slp\n|move|p1b: Amoonguss|Spore|p2a: Iron Hands\n|-fail|p2a: Iron Hands|slp\n|move|p2b: Sinistcha|Matcha Gotcha|p1a: Chi-Yu|[spread] p1b\n|-activate|p1a: Chi-Yu|move: Protect\n|-resisted|p1b: Amoonguss\n|-damage|p1b: Amoonguss|13\/100 brn\n|\n|-damage|p1b: Amoonguss|7\/100 brn|[from] brn\n|upkeep\n|turn|12\n|\n|t:|1699716939\n|move|p1b: Amoonguss|Pollen Puff|p1a: Chi-Yu\n|-heal|p1a: Chi-Yu|51\/100\n|cant|p2a: Iron Hands|slp\n|move|p2b: Sinistcha|Matcha Gotcha|p1a: Chi-Yu|[spread] p1a,p1b\n|-resisted|p1a: Chi-Yu\n|-resisted|p1b: Amoonguss\n|-damage|p1a: Chi-Yu|38\/100\n|-damage|p1b: Amoonguss|0 fnt\n|faint|p1b: Amoonguss\n|move|p1a: Chi-Yu|Dark Pulse|p2b: Sinistcha\n|-supereffective|p2b: Sinistcha\n|-damage|p2b: Sinistcha|0 fnt\n|faint|p2b: Sinistcha\n|\n|-fieldend|move: Trick Room\n|upkeep\n|\n|t:|1699716946\n|switch|p1b: Iron Hands|Iron Hands, L50|89\/100\n|turn|13\n|\n|t:|1699716949\n|move|p1b: Iron Hands|Fake Out|p2a: Iron Hands\n|-damage|p2a: Iron Hands|92\/100 slp\n|move|p1a: Chi-Yu|Flamethrower|p2a: Iron Hands\n|-damage|p2a: Iron Hands|0 fnt\n|faint|p2a: Iron Hands\n|-end|p2a: Iron Hands|Quark Drive|[silent]\n|\n|win|kiddy123\n|raw|kiddy123's rating: 1102 &rarr; <strong>1133<\/strong><br \/>(+31 for winning)\n|raw|Tikmasjien's rating: 1190 &rarr; <strong>1159<\/strong><br \/>(-31 for losing)\n|l|\u2606Tikmasjien\n","uploadtime":1699716959,"views":18,"p1id":"kiddy123","p2id":"tikmasjien","formatid":"gen9vgc2023regulatione","rating":1133,"private":0,"password":""}