{"id":"gen9vgc2023regulatione-1988377786","p1":"ExplodingKirb","p2":"BlindMagneton","format":"[Gen 9] VGC 2023 Regulation E","log":"|j|\u2606ExplodingKirb\n|j|\u2606BlindMagneton\n|t:|1699716042\n|gametype|doubles\n|player|p1|ExplodingKirb|riley|1339\n|player|p2|BlindMagneton|wattson|1260\n|teamsize|p1|6\n|teamsize|p2|6\n|gen|9\n|tier|[Gen 9] VGC 2023 Regulation E\n|rated|\n|rule|Species Clause: Limit one of each Pok\u00e9mon\n|rule|Item Clause: Limit one of each item\n|clearpoke\n|poke|p1|Slaking, L50, F|\n|poke|p1|Medicham, L50, M|\n|poke|p1|Clefairy, L50, F|\n|poke|p1|Tornadus, L50, M|\n|poke|p1|Chien-Pao, L50|\n|poke|p1|Ceruledge, L50, F|\n|poke|p2|Zoroark-Hisui, L50, M|\n|poke|p2|Grimmsnarl, L50, M|\n|poke|p2|Magnezone, L50|\n|poke|p2|Ogerpon-Wellspring, L50, F|\n|poke|p2|Farigiraf, L50, F|\n|poke|p2|Salamence, L50, M|\n|teampreview|4\n|inactive|Battle timer is ON: inactive players will automatically lose when time's up. (requested by ExplodingKirb)\n|inactive|BlindMagneton has 60 seconds left.\n|\n|t:|1699716170\n|start\n|switch|p1a: Slaking|Slaking, L50, F|100\/100\n|switch|p1b: Medicham|Medicham, L50, M|100\/100\n|switch|p2a: Grimmsnarl|Grimmsnarl, L50, M|100\/100\n|switch|p2b: Magnezone|Magnezone, L50|100\/100\n|turn|1\n|\n|t:|1699716185\n|move|p1a: Slaking|Protect|p1a: Slaking\n|-singleturn|p1a: Slaking|Protect\n|move|p1b: Medicham|Detect|p1b: Medicham\n|-singleturn|p1b: Medicham|Protect\n|move|p2a: Grimmsnarl|Fake Out|p1b: Medicham\n|-activate|p1b: Medicham|move: Protect\n|move|p2b: Magnezone|Will-O-Wisp|p1a: Slaking\n|-activate|p1a: Slaking|move: Protect\n|\n|upkeep\n|turn|2\n|\n|t:|1699716196\n|move|p2a: Grimmsnarl|Parting Shot|p1a: Slaking\n|-fail|p1a: Slaking|unboost|[from] item: Clear Amulet|[of] p1a: Slaking\n|move|p2b: Magnezone|Will-O-Wisp|p1a: Slaking\n|-status|p1a: Slaking|brn\n|cant|p1a: Slaking|ability: Truant\n|move|p1b: Medicham|Skill Swap|p1a: Slaking\n|-activate|p1b: Medicham|move: Skill Swap|||[of] p1a: Slaking\n|\n|-damage|p1a: Slaking|94\/100 brn|[from] brn\n|upkeep\n|turn|3\n|inactive|BlindMagneton has 30 seconds left.\n|inactive|BlindMagneton has 20 seconds left.\n|inactive|BlindMagneton has 15 seconds left.\n|\n|t:|1699716241\n|cant|p1b: Medicham|ability: Truant\n|move|p2b: Magnezone|Protect|p2b: Magnezone\n|-singleturn|p2b: Magnezone|Protect\n|move|p1a: Slaking|Drain Punch|p2b: Magnezone\n|-activate|p2b: Magnezone|move: Protect\n|move|p2a: Grimmsnarl|Spirit Break|p1b: Medicham\n|-supereffective|p1b: Medicham\n|-damage|p1b: Medicham|13\/100\n|-unboost|p1b: Medicham|spa|1\n|\n|-damage|p1a: Slaking|88\/100 brn|[from] brn\n|upkeep\n|turn|4\n|\n|t:|1699716265\n|switch|p1b: Chien-Pao|Chien-Pao, L50|100\/100\n|-ability|p1b: Chien-Pao|Sword of Ruin\n|move|p2a: Grimmsnarl|Parting Shot|p1b: Chien-Pao\n|-hint|Since gen 7, Dark is immune to Prankster moves.\n|-immune|p1b: Chien-Pao\n|move|p2b: Magnezone|Hex|p1b: Chien-Pao\n|-resisted|p1b: Chien-Pao\n|-damage|p1b: Chien-Pao|87\/100\n|move|p1a: Slaking|Rock Slide|p2a: Grimmsnarl|[spread] p2a,p2b\n|-crit|p2b: Magnezone\n|-damage|p2a: Grimmsnarl|71\/100\n|-damage|p2b: Magnezone|12\/100\n|replace|p2b: Zoroark|Zoroark-Hisui, L50, M\n|-end|p2b: Zoroark|Illusion\n|\n|-damage|p1a: Slaking|82\/100 brn|[from] brn\n|upkeep\n|turn|5\n|inactive|BlindMagneton has 30 seconds left.\n|inactive|BlindMagneton has 20 seconds left.\n|inactive|BlindMagneton has 15 seconds left.\n|\n|t:|1699716307\n|switch|p2b: Magnezone|Magnezone, L50|100\/100\n|move|p1b: Chien-Pao|Ice Shard|p2b: Magnezone\n|-resisted|p2b: Magnezone\n|-damage|p2b: Magnezone|91\/100\n|move|p1a: Slaking|Bulk Up|p1a: Slaking\n|-boost|p1a: Slaking|atk|1\n|-boost|p1a: Slaking|def|1\n|move|p2a: Grimmsnarl|Spirit Break|p1b: Chien-Pao\n|-supereffective|p1b: Chien-Pao\n|-damage|p1b: Chien-Pao|16\/100\n|-unboost|p1b: Chien-Pao|spa|1\n|\n|-damage|p1a: Slaking|76\/100 brn|[from] brn\n|upkeep\n|turn|6\n|inactive|BlindMagneton has 30 seconds left.\n|inactive|BlindMagneton has 20 seconds left.\n|\n|t:|1699716343\n|switch|p2a: Grimmsnarl|Grimmsnarl, L50, M|12\/100\n|move|p2b: Magnezone|Protect|p2b: Magnezone\n|-singleturn|p2b: Magnezone|Protect\n|move|p1b: Chien-Pao|Sacred Sword|p2a: Grimmsnarl\n|-immune|p2a: Grimmsnarl\n|move|p1a: Slaking|Drain Punch|p2b: Magnezone\n|-activate|p2b: Magnezone|move: Protect\n|\n|-damage|p1a: Slaking|69\/100 brn|[from] brn\n|upkeep\n|turn|7\n|inactive|BlindMagneton has 30 seconds left.\n|\n|t:|1699716379\n|-terastallize|p2b: Magnezone|Fairy\n|move|p1b: Chien-Pao|Ice Shard|p2a: Grimmsnarl\n|-crit|p2a: Grimmsnarl\n|-damage|p2a: Grimmsnarl|0 fnt\n|replace|p2a: Zoroark|Zoroark-Hisui, L50, M\n|-end|p2a: Zoroark|Illusion\n|faint|p2a: Zoroark\n|move|p1a: Slaking|Drain Punch|p2b: Magnezone\n|-resisted|p2b: Magnezone\n|-damage|p2b: Magnezone|61\/100\n|-heal|p1a: Slaking|80\/100 brn|[from] drain|[of] p2b: Magnezone\n|-damage|p1a: Slaking|64\/100 brn|[from] item: Rocky Helmet|[of] p2b: Magnezone\n|move|p2b: Magnezone|Thunderbolt|p1a: Slaking\n|-damage|p1a: Slaking|0 fnt\n|faint|p1a: Slaking\n|\n|upkeep\n|inactive|BlindMagneton has 30 seconds left.\n|\n|t:|1699716405\n|switch|p2a: Ogerpon|Ogerpon-Wellspring, L50, F|100\/100\n|switch|p1a: Tornadus|Tornadus, L50, M|100\/100\n|turn|8\n|\n|t:|1699716426\n|-terastallize|p1a: Tornadus|Flying\n|move|p1b: Chien-Pao|Icicle Crash|p2b: Magnezone\n|-damage|p2b: Magnezone|14\/100\n|move|p2a: Ogerpon|Ivy Cudgel|p1b: Chien-Pao\n|-damage|p1b: Chien-Pao|0 fnt\n|faint|p1b: Chien-Pao\n|move|p1a: Tornadus|Bleakwind Storm|p2a: Ogerpon|[spread] p2b\n|-miss|p1a: Tornadus|p2a: Ogerpon\n|-damage|p2b: Magnezone|0 fnt\n|faint|p2b: Magnezone\n|\n|upkeep\n|\n|t:|1699716436\n|switch|p1b: Medicham|Medicham, L50, M|13\/100\n|switch|p2b: Grimmsnarl|Grimmsnarl, L50, M|71\/100\n|turn|9\n|inactive|BlindMagneton has 30 seconds left.\n|\n|t:|1699716461\n|move|p1a: Tornadus|Protect|p1a: Tornadus\n|-singleturn|p1a: Tornadus|Protect\n|move|p2a: Ogerpon|Spiky Shield|p2a: Ogerpon\n|-singleturn|p2a: Ogerpon|move: Protect\n|move|p1b: Medicham|Detect|p1b: Medicham\n|-singleturn|p1b: Medicham|Protect\n|move|p2b: Grimmsnarl|Fake Out|p1b: Medicham\n|-activate|p1b: Medicham|move: Protect\n|\n|upkeep\n|turn|10\n|\n|t:|1699716482\n|move|p1b: Medicham|Helping Hand|p1a: Tornadus\n|-singleturn|p1a: Tornadus|Helping Hand|[of] p1b: Medicham\n|move|p2b: Grimmsnarl|Parting Shot|p1b: Medicham\n|-unboost|p1b: Medicham|atk|1\n|-unboost|p1b: Medicham|spa|1\n|move|p2a: Ogerpon|Encore|p1a: Tornadus\n|-start|p1a: Tornadus|Encore\n|move|p1a: Tornadus|Protect||[still]\n|-fail|p1a: Tornadus\n|\n|upkeep\n|turn|11\n|\n|t:|1699716495\n|move|p1a: Tornadus|Protect|p1a: Tornadus\n|-singleturn|p1a: Tornadus|Protect\n|move|p2a: Ogerpon|Ivy Cudgel|p1b: Medicham\n|-damage|p1b: Medicham|0 fnt\n|faint|p1b: Medicham\n|move|p2b: Grimmsnarl|Spirit Break|p1a: Tornadus\n|-activate|p1a: Tornadus|move: Protect\n|\n|upkeep\n|turn|12\n|\n|t:|1699716500\n|move|p1a: Tornadus|Protect||[still]\n|-fail|p1a: Tornadus\n|move|p2a: Ogerpon|Ivy Cudgel|p1a: Tornadus\n|-damage|p1a: Tornadus|17\/100\n|move|p2b: Grimmsnarl|Spirit Break|p1a: Tornadus\n|-damage|p1a: Tornadus|0 fnt\n|faint|p1a: Tornadus\n|\n|win|BlindMagneton\n|raw|ExplodingKirb's rating: 1339 &rarr; <strong>1315<\/strong><br \/>(-24 for losing)\n|raw|BlindMagneton's rating: 1260 &rarr; <strong>1291<\/strong><br \/>(+31 for winning)\n","uploadtime":1699716504,"views":13,"p1id":"explodingkirb","p2id":"blindmagneton","formatid":"gen9vgc2023regulatione","rating":1291,"private":0,"password":""}