{"id":"gen9vgc2023regulatione-1993336487","p1":"Nope_this","p2":"Shinitori","format":"[Gen 9] VGC 2023 Regulation E","log":"|j|\u2606Nope_this\n|j|\u2606Shinitori\n|t:|1700300985\n|gametype|doubles\n|player|p1|Nope_this|volkner|1124\n|player|p2|Shinitori|schoolkid-gen4|1067\n|teamsize|p1|6\n|teamsize|p2|6\n|gen|9\n|tier|[Gen 9] VGC 2023 Regulation E\n|rated|\n|rule|Species Clause: Limit one of each Pok\u00e9mon\n|rule|Item Clause: Limit one of each item\n|clearpoke\n|poke|p1|Infernape, L50, M|\n|poke|p1|Landorus-Therian, L50, M|\n|poke|p1|Chien-Pao, L50|\n|poke|p1|Clefairy, L50, F|\n|poke|p1|Urshifu-*, L50, M|\n|poke|p1|Tornadus, L50, M|\n|poke|p2|Iron Valiant, L50|\n|poke|p2|Volbeat, L50, M|\n|poke|p2|Torkoal, L50, M|\n|poke|p2|Tornadus, L50, M|\n|poke|p2|Iron Hands, L50|\n|poke|p2|Flutter Mane, L50|\n|teampreview|4\n|\n|t:|1700301010\n|start\n|switch|p1a: Omni-man|Tornadus, L50, M|100\/100\n|switch|p1b: Tiger Drop|Landorus-Therian, L50, M, shiny|100\/100\n|switch|p2a: Volbeat|Volbeat, L50, M|100\/100\n|switch|p2b: Torkoal|Torkoal, L50, M|100\/100\n|-ability|p1b: Tiger Drop|Intimidate|boost\n|-unboost|p2a: Volbeat|atk|1\n|-unboost|p2b: Torkoal|atk|1\n|-weather|SunnyDay|[from] ability: Drought|[of] p2b: Torkoal\n|turn|1\n|inactive|Battle timer is ON: inactive players will automatically lose when time's up. (requested by Nope_this)\n|\n|t:|1700301031\n|-terastallize|p2a: Volbeat|Fairy\n|move|p1a: Omni-man|Tailwind|p1a: Omni-man\n|-sidestart|p1: Nope_this|move: Tailwind\n|move|p2a: Volbeat|Tail Glow|p2a: Volbeat\n|-boost|p2a: Volbeat|spa|3\n|move|p1b: Tiger Drop|Stealth Rock|p2a: Volbeat\n|-sidestart|p2: Shinitori|move: Stealth Rock\n|move|p2b: Torkoal|Will-O-Wisp|p1b: Tiger Drop\n|-status|p1b: Tiger Drop|brn\n|\n|-weather|SunnyDay|[upkeep]\n|-damage|p1b: Tiger Drop|94\/100 brn|[from] brn\n|upkeep\n|turn|2\n|inactive|Nope_this has 30 seconds left.\n|inactive|Shinitori has 30 seconds left.\n|\n|t:|1700301067\n|move|p1a: Omni-man|Rain Dance|p1a: Omni-man\n|-weather|RainDance\n|move|p2a: Volbeat|Substitute|p2a: Volbeat\n|-start|p2a: Volbeat|Substitute\n|-damage|p2a: Volbeat|76\/100\n|move|p1b: Tiger Drop|U-turn|p2a: Volbeat\n|-resisted|p2a: Volbeat\n|-activate|p2a: Volbeat|move: Substitute|[damage]\n|\n|t:|1700301076\n|switch|p1b: Clara|Clefairy, L50, F|100\/100|[from] U-turn\n|move|p2b: Torkoal|Eruption|p1b: Clara|[spread] p1a,p1b\n|-damage|p1a: Omni-man|84\/100\n|-damage|p1b: Clara|85\/100\n|\n|-weather|RainDance|[upkeep]\n|upkeep\n|turn|3\n|\n|t:|1700301091\n|move|p1b: Clara|Helping Hand|p1a: Omni-man\n|-singleturn|p1a: Omni-man|Helping Hand|[of] p1b: Clara\n|move|p2a: Volbeat|Encore|p1a: Omni-man\n|-start|p1a: Omni-man|Encore\n|move|p1a: Omni-man|Rain Dance||[still]\n|-fail|p1a: Omni-man\n|move|p2b: Torkoal|Yawn|p1b: Clara\n|-start|p1b: Clara|move: Yawn|[of] p2b: Torkoal\n|\n|-weather|RainDance|[upkeep]\n|upkeep\n|turn|4\n|\n|t:|1700301108\n|switch|p1b: Tiger Drop|Landorus-Therian, L50, M, shiny|94\/100 brn\n|-ability|p1b: Tiger Drop|Intimidate|boost\n|-immune|p2a: Volbeat\n|-unboost|p2b: Torkoal|atk|1\n|switch|p2b: Iron Hands|Iron Hands, L50|100\/100\n|-damage|p2b: Iron Hands|94\/100|[from] Stealth Rock\n|move|p1a: Omni-man|Rain Dance||[still]\n|-fail|p1a: Omni-man\n|move|p2a: Volbeat|Baton Pass|p2a: Volbeat\n|\n|t:|1700301121\n|switch|p2a: Iron Valiant|Iron Valiant, L50|100\/100|[from] Baton Pass\n|-damage|p2a: Iron Valiant|95\/100|[from] Stealth Rock\n|\n|-weather|RainDance|[upkeep]\n|-damage|p1b: Tiger Drop|88\/100 brn|[from] brn\n|-sideend|p1: Nope_this|move: Tailwind\n|upkeep\n|turn|5\n|inactive|Nope_this has 30 seconds left.\n|\n|t:|1700301149\n|switch|p1a: Clara|Clefairy, L50, F|85\/100\n|-end|p2b: Iron Hands|Quark Drive|[silent]\n|switch|p2b: Torkoal|Torkoal, L50, M|100\/100\n|-damage|p2b: Torkoal|75\/100|[from] Stealth Rock\n|-weather|SunnyDay|[from] ability: Drought|[of] p2b: Torkoal\n|-terastallize|p1b: Tiger Drop|Flying\n|move|p2a: Iron Valiant|Dazzling Gleam|p1a: Clara|[spread] p1a,p1b\n|-damage|p1a: Clara|31\/100\n|-damage|p1b: Tiger Drop|33\/100 brn\n|move|p1b: Tiger Drop|Tera Blast|p2b: Torkoal|[anim] Tera Blast Flying\n|-damage|p2b: Torkoal|52\/100\n|\n|-weather|SunnyDay|[upkeep]\n|-damage|p1b: Tiger Drop|27\/100 brn|[from] brn\n|upkeep\n|turn|6\n|inactive|Nope_this has 30 seconds left.\n|inactive|Shinitori has 30 seconds left.\n|\n|t:|1700301183\n|move|p1a: Clara|Helping Hand|p1b: Tiger Drop\n|-singleturn|p1b: Tiger Drop|Helping Hand|[of] p1a: Clara\n|move|p2a: Iron Valiant|Dazzling Gleam|p1a: Clara|[spread] p1a,p1b\n|-damage|p1a: Clara|0 fnt\n|-damage|p1b: Tiger Drop|0 fnt\n|faint|p1a: Clara\n|faint|p1b: Tiger Drop\n|move|p2b: Torkoal|Eruption|p1: Clara|[notarget]\n|-fail|p2b: Torkoal\n|\n|-weather|SunnyDay|[upkeep]\n|upkeep\n|\n|t:|1700301196\n|switch|p1b: Gohan|Infernape, L50, M, shiny|100\/100\n|switch|p1a: Omni-man|Tornadus, L50, M|84\/100\n|turn|7\n|\n|t:|1700301209\n|switch|p2b: Volbeat|Volbeat, L50, M, tera:Fairy|76\/100\n|-damage|p2b: Volbeat|64\/100|[from] Stealth Rock\n|move|p1b: Gohan|Fake Out|p2b: Volbeat\n|-damage|p2b: Volbeat|47\/100\n|move|p2a: Iron Valiant|Dazzling Gleam|p1b: Gohan|[spread] p1a,p1b\n|-crit|p1b: Gohan\n|-damage|p1a: Omni-man|0 fnt\n|-damage|p1b: Gohan|6\/100\n|faint|p1a: Omni-man\n|\n|-weather|SunnyDay|[upkeep]\n|upkeep\n|turn|8\n|\n|t:|1700301227\n|move|p2b: Volbeat|Encore|p1b: Gohan\n|-start|p1b: Gohan|Encore\n|move|p2a: Iron Valiant|Dazzling Gleam|p1b: Gohan\n|-damage|p1b: Gohan|0 fnt\n|faint|p1b: Gohan\n|\n|win|Shinitori\n|raw|Nope_this's rating: 1124 &rarr; <strong>1095<\/strong><br \/>(-29 for losing)\n|raw|Shinitori's rating: 1067 &rarr; <strong>1102<\/strong><br \/>(+35 for winning)\n|l|\u2606Nope_this\n","uploadtime":1700301256,"views":7,"p1id":"nopethis","p2id":"shinitori","formatid":"gen9vgc2023regulatione","rating":1095,"private":0,"password":""}