{"id":"gen9vgc2023regulatione-1999255188","p1":"ChuyMcfly","p2":"slimejrlegit","format":"[Gen 9] VGC 2023 Regulation E","log":"|j|\u2606ChuyMcfly\n|j|\u2606slimejrlegit\n|t:|1701051326\n|gametype|doubles\n|player|p1|ChuyMcfly|guzma|1355\n|player|p2|slimejrlegit|101|1363\n|teamsize|p1|6\n|teamsize|p2|6\n|gen|9\n|tier|[Gen 9] VGC 2023 Regulation E\n|rated|\n|rule|Species Clause: Limit one of each Pok\u00e9mon\n|rule|Item Clause: Limit one of each item\n|clearpoke\n|poke|p1|Armarouge, L50, F|\n|poke|p1|Indeedee-F, L50, F|\n|poke|p1|Ursaluna, L50, M|\n|poke|p1|Iron Hands, L50|\n|poke|p1|Iron Bundle, L50|\n|poke|p1|Abomasnow, L50, F|\n|poke|p2|Armarouge, L50, F|\n|poke|p2|Milotic, L50, F|\n|poke|p2|Regieleki, L50|\n|poke|p2|Enamorus, L50, F|\n|poke|p2|Sneasler, L50, F|\n|poke|p2|Indeedee-F, L50, F|\n|teampreview|4\n|\n|t:|1701051395\n|start\n|switch|p1a: Armarouge|Armarouge, L50, F|100\/100\n|switch|p1b: Ursaluna|Ursaluna, L50, M|100\/100\n|switch|p2a: Doja Cat|Enamorus, L50, F|100\/100\n|switch|p2b: Regieleki|Regieleki, L50|100\/100\n|turn|1\n|\n|t:|1701051411\n|move|p1a: Armarouge|Wide Guard|p1a: Armarouge\n|-singleturn|p1a: Armarouge|Wide Guard\n|move|p2b: Regieleki|Eerie Impulse|p2a: Doja Cat\n|-boost|p2a: Doja Cat|spa|2\n|move|p2a: Doja Cat|Earth Power|p1a: Armarouge\n|-supereffective|p1a: Armarouge\n|-damage|p1a: Armarouge|0 fnt\n|faint|p1a: Armarouge\n|move|p1b: Ursaluna|Earthquake|p2a: Doja Cat|[spread] p2b\n|-immune|p2a: Doja Cat\n|-supereffective|p2b: Regieleki\n|-damage|p2b: Regieleki|0 fnt\n|faint|p2b: Regieleki\n|\n|-status|p1b: Ursaluna|brn|[from] item: Flame Orb\n|upkeep\n|\n|t:|1701051425\n|switch|p2b: Indeedee|Indeedee-F, L50, F|100\/100\n|switch|p1a: Iron Bundle|Iron Bundle, L50|100\/100\n|-fieldstart|move: Psychic Terrain|[from] ability: Psychic Surge|[of] p2b: Indeedee\n|-enditem|p1a: Iron Bundle|Booster Energy\n|-activate|p1a: Iron Bundle|ability: Quark Drive|[fromitem]\n|-start|p1a: Iron Bundle|quarkdrivespe\n|turn|2\n|\n|t:|1701051437\n|switch|p1b: Abomasnow|Abomasnow, L50, F|100\/100\n|-weather|Snow|[from] ability: Snow Warning|[of] p1b: Abomasnow\n|-terastallize|p2a: Doja Cat|Fairy\n|move|p2b: Indeedee|Follow Me|p2b: Indeedee\n|-singleturn|p2b: Indeedee|move: Follow Me\n|move|p1a: Iron Bundle|Blizzard|p2a: Doja Cat|[spread] p2a,p2b\n|-damage|p2a: Doja Cat|46\/100\n|-damage|p2b: Indeedee|73\/100\n|move|p2a: Doja Cat|Earth Power|p1a: Iron Bundle\n|-damage|p1a: Iron Bundle|0 fnt\n|faint|p1a: Iron Bundle\n|-end|p1a: Iron Bundle|Quark Drive|[silent]\n|\n|-weather|Snow|[upkeep]\n|upkeep\n|\n|t:|1701051448\n|switch|p1a: Ursaluna|Ursaluna, L50, M|100\/100 brn\n|turn|3\n|\n|t:|1701051457\n|move|p1a: Ursaluna|Protect|p1a: Ursaluna\n|-singleturn|p1a: Ursaluna|Protect\n|move|p2b: Indeedee|Follow Me|p2b: Indeedee\n|-singleturn|p2b: Indeedee|move: Follow Me\n|move|p2a: Doja Cat|Earth Power|p1a: Ursaluna\n|-activate|p1a: Ursaluna|move: Protect\n|move|p1b: Abomasnow|Blizzard|p2a: Doja Cat|[spread] p2a,p2b\n|-crit|p2b: Indeedee\n|-damage|p2a: Doja Cat|2\/100\n|-damage|p2b: Indeedee|42\/100\n|\n|-weather|Snow|[upkeep]\n|-damage|p1a: Ursaluna|95\/100 brn|[from] brn\n|upkeep\n|turn|4\n|\n|t:|1701051475\n|move|p2b: Indeedee|Helping Hand|p2a: Doja Cat\n|-singleturn|p2a: Doja Cat|Helping Hand|[of] p2b: Indeedee\n|move|p2a: Doja Cat|Earth Power|p1a: Ursaluna\n|-damage|p1a: Ursaluna|0 fnt\n|faint|p1a: Ursaluna\n|move|p1b: Abomasnow|Blizzard|p2a: Doja Cat|[spread] p2a,p2b\n|-damage|p2a: Doja Cat|0 fnt\n|-damage|p2b: Indeedee|20\/100\n|faint|p2a: Doja Cat\n|\n|-weather|Snow|[upkeep]\n|upkeep\n|\n|t:|1701051481\n|switch|p2a: Agent Sneeze|Sneasler, L50, F, shiny|100\/100\n|-enditem|p2a: Agent Sneeze|Psychic Seed\n|-boost|p2a: Agent Sneeze|spd|1|[from] item: Psychic Seed\n|turn|5\n|\n|t:|1701051486\n|-terastallize|p1b: Abomasnow|Water\n|move|p2a: Agent Sneeze|Swords Dance|p2a: Agent Sneeze\n|-boost|p2a: Agent Sneeze|atk|2\n|move|p2b: Indeedee|Dazzling Gleam|p1b: Abomasnow\n|-damage|p1b: Abomasnow|85\/100\n|move|p1b: Abomasnow|Blizzard|p2b: Indeedee|[spread] p2a,p2b\n|-damage|p2a: Agent Sneeze|75\/100\n|-damage|p2b: Indeedee|0 fnt\n|faint|p2b: Indeedee\n|\n|-weather|Snow|[upkeep]\n|upkeep\n|turn|6\n|\n|t:|1701051498\n|move|p2a: Agent Sneeze|Dire Claw|p1b: Abomasnow\n|-damage|p1b: Abomasnow|0 fnt\n|faint|p1b: Abomasnow\n|\n|win|slimejrlegit\n|raw|ChuyMcfly's rating: 1355 &rarr; <strong>1335<\/strong><br \/>(-20 for losing)\n|raw|slimejrlegit's rating: 1363 &rarr; <strong>1383<\/strong><br \/>(+20 for winning)\n|l|\u2606ChuyMcfly\n","uploadtime":1701051507,"views":12,"p1id":"chuymcfly","p2id":"slimejrlegit","formatid":"gen9vgc2023regulatione","rating":1335,"private":0,"password":""}