{"id":"gen9vgc2023regulatione-1998740648","p1":"Dhabish","p2":"wingwingy55","format":"[Gen 9] VGC 2023 Regulation E","log":"|j|\u2606Dhabish\n|j|\u2606wingwingy55\n|t:|1700981233\n|gametype|doubles\n|player|p1|Dhabish|2|1042\n|player|p2|wingwingy55|preschooler|1056\n|teamsize|p1|6\n|teamsize|p2|6\n|gen|9\n|tier|[Gen 9] VGC 2023 Regulation E\n|rated|\n|rule|Species Clause: Limit one of each Pok\u00e9mon\n|rule|Item Clause: Limit one of each item\n|clearpoke\n|poke|p1|Fezandipiti, L50, M|\n|poke|p1|Ogerpon-Wellspring, L50, F|\n|poke|p1|Flutter Mane, L50|\n|poke|p1|Chi-Yu, L50|\n|poke|p1|Landorus-Therian, L50, M|\n|poke|p1|Dragonite, L50, M|\n|poke|p2|Dragapult, L50, M|\n|poke|p2|Arcanine-Hisui, L50, F|\n|poke|p2|Ogerpon, L50, F|\n|poke|p2|Iron Hands, L50|\n|poke|p2|Chien-Pao, L50|\n|poke|p2|Gholdengo, L50|\n|teampreview|4\n|inactive|Battle timer is ON: inactive players will automatically lose when time's up. (requested by Dhabish)\n|\n|t:|1700981260\n|start\n|switch|p1a: Fezandipiti|Fezandipiti, L50, M|100\/100\n|switch|p1b: Ogerpon|Ogerpon-Wellspring, L50, F|100\/100\n|switch|p2a: Surfer|Gholdengo, L50|100\/100\n|switch|p2b: Tank Hands|Iron Hands, L50|100\/100\n|turn|1\n|\n|t:|1700981282\n|move|p1a: Fezandipiti|Protect|p1a: Fezandipiti\n|-singleturn|p1a: Fezandipiti|Protect\n|move|p2b: Tank Hands|Fake Out|p1b: Ogerpon\n|-damage|p1b: Ogerpon|89\/100\n|cant|p1b: Ogerpon|flinch\n|move|p2a: Surfer|Make It Rain|p1b: Ogerpon|[spread] p1b\n|-activate|p1a: Fezandipiti|move: Protect\n|-resisted|p1b: Ogerpon\n|-damage|p1b: Ogerpon|52\/100\n|-unboost|p2a: Surfer|spa|1\n|\n|upkeep\n|turn|2\n|inactive|Dhabish has 30 seconds left.\n|\n|t:|1700981312\n|move|p1b: Ogerpon|Horn Leech|p2b: Tank Hands\n|-damage|p2b: Tank Hands|77\/100\n|-heal|p1b: Ogerpon|68\/100|[from] drain|[of] p2b: Tank Hands\n|move|p1a: Fezandipiti|Icy Wind|p2a: Surfer|[spread] p2a,p2b\n|-resisted|p2a: Surfer\n|-damage|p2a: Surfer|95\/100\n|-damage|p2b: Tank Hands|73\/100\n|-unboost|p2a: Surfer|spe|1\n|-unboost|p2b: Tank Hands|spe|1\n|move|p2a: Surfer|Make It Rain|p1b: Ogerpon|[spread] p1a,p1b\n|-supereffective|p1a: Fezandipiti\n|-resisted|p1b: Ogerpon\n|-damage|p1a: Fezandipiti|14\/100\n|-damage|p1b: Ogerpon|41\/100\n|-unboost|p2a: Surfer|spa|1\n|-enditem|p1a: Fezandipiti|Sitrus Berry|[eat]\n|-heal|p1a: Fezandipiti|39\/100|[from] item: Sitrus Berry\n|move|p2b: Tank Hands|Wild Charge|p1b: Ogerpon\n|-damage|p1b: Ogerpon|7\/100\n|-damage|p2b: Tank Hands|66\/100|[from] Recoil\n|\n|upkeep\n|turn|3\n|inactive|Dhabish has 30 seconds left.\n|inactive|wingwingy55 has 30 seconds left.\n|inactive|wingwingy55 has 20 seconds left.\n|\n|t:|1700981350\n|switch|p2a: Chien-Pao|Chien-Pao, L50|100\/100\n|-ability|p2a: Chien-Pao|Sword of Ruin\n|move|p1b: Ogerpon|Ivy Cudgel|p2a: Chien-Pao|[anim] Ivy Cudgel Water\n|-crit|p2a: Chien-Pao\n|-damage|p2a: Chien-Pao|1\/100\n|move|p1a: Fezandipiti|Dazzling Gleam|p2b: Tank Hands|[spread] p2a,p2b\n|-supereffective|p2a: Chien-Pao\n|-supereffective|p2b: Tank Hands\n|-damage|p2a: Chien-Pao|0 fnt\n|-damage|p2b: Tank Hands|45\/100\n|faint|p2a: Chien-Pao\n|move|p2b: Tank Hands|Wild Charge|p1a: Fezandipiti\n|-damage|p1a: Fezandipiti|0 fnt\n|faint|p1a: Fezandipiti\n|-damage|p2b: Tank Hands|38\/100|[from] Recoil\n|\n|upkeep\n|\n|t:|1700981369\n|switch|p2a: Dragapult|Dragapult, L50, M, shiny|100\/100\n|switch|p1a: Landorus|Landorus-Therian, L50, M, shiny|100\/100\n|-ability|p1a: Landorus|Intimidate|boost\n|-fail|p2a: Dragapult|unboost|[from] ability: Clear Body|[of] p2a: Dragapult\n|-unboost|p2b: Tank Hands|atk|1\n|turn|4\n|\n|t:|1700981387\n|move|p2a: Dragapult|Dragon Darts|p1b: Ogerpon\n|-damage|p1b: Ogerpon|0 fnt\n|-anim|p2a: Dragapult|Dragon Darts|p1a: Landorus\n|-crit|p1a: Landorus\n|-damage|p1a: Landorus|62\/100\n|faint|p1b: Ogerpon\n|-damage|p2a: Dragapult|90\/100|[from] item: Life Orb\n|move|p1a: Landorus|U-turn|p2a: Dragapult\n|-resisted|p2a: Dragapult\n|-damage|p2a: Dragapult|75\/100\n|\n|t:|1700981397\n|switch|p1a: Dragonite|Dragonite, L50, M|100\/100|[from] U-turn\n|move|p2b: Tank Hands|Drain Punch|p1a: Dragonite\n|-resisted|p1a: Dragonite\n|-damage|p1a: Dragonite|88\/100\n|-heal|p2b: Tank Hands|42\/100|[from] drain|[of] p1a: Dragonite\n|\n|upkeep\n|\n|t:|1700981404\n|switch|p1b: Landorus|Landorus-Therian, L50, M, shiny|62\/100\n|-ability|p1b: Landorus|Intimidate|boost\n|-fail|p2a: Dragapult|unboost|[from] ability: Clear Body|[of] p2a: Dragapult\n|-unboost|p2b: Tank Hands|atk|1\n|turn|5\n|inactive|Dhabish has 30 seconds left.\n|\n|t:|1700981429\n|-end|p2b: Tank Hands|Quark Drive|[silent]\n|switch|p2b: Surfer|Gholdengo, L50|95\/100\n|-terastallize|p1a: Dragonite|Normal\n|move|p2a: Dragapult|U-turn|p1a: Dragonite\n|-damage|p1a: Dragonite|62\/100\n|-damage|p2a: Dragapult|65\/100|[from] item: Life Orb\n|\n|t:|1700981436\n|switch|p2a: Tank Hands|Iron Hands, L50|42\/100|[from] U-turn\n|move|p1b: Landorus|Stomping Tantrum|p2b: Surfer\n|-supereffective|p2b: Surfer\n|-damage|p2b: Surfer|12\/100\n|move|p1a: Dragonite|Aerial Ace|p2a: Tank Hands\n|-damage|p2a: Tank Hands|4\/100\n|\n|upkeep\n|turn|6\n|inactive|wingwingy55 has 30 seconds left.\n|inactive|wingwingy55 has 20 seconds left.\n|inactive|wingwingy55 has 15 seconds left.\n|inactive|wingwingy55 has 10 seconds left.\n|\n|t:|1700981484\n|move|p2a: Tank Hands|Fake Out|p1a: Dragonite\n|-damage|p1a: Dragonite|49\/100\n|move|p1b: Landorus|Stomping Tantrum|p2b: Surfer\n|-supereffective|p2b: Surfer\n|-damage|p2b: Surfer|0 fnt\n|faint|p2b: Surfer\n|move|p1a: Dragonite|Aerial Ace|p2a: Tank Hands\n|-damage|p2a: Tank Hands|0 fnt\n|faint|p2a: Tank Hands\n|-end|p2a: Tank Hands|Quark Drive|[silent]\n|\n|upkeep\n|\n|t:|1700981489\n|switch|p2b: Dragapult|Dragapult, L50, M, shiny|65\/100\n|turn|7\n|\n|t:|1700981498\n|move|p2b: Dragapult|Dragon Darts|p1a: Dragonite\n|-damage|p1a: Dragonite|16\/100\n|-anim|p2b: Dragapult|Dragon Darts|p1b: Landorus\n|-damage|p1b: Landorus|34\/100\n|-damage|p2b: Dragapult|55\/100|[from] item: Life Orb\n|move|p1b: Landorus|Stomping Tantrum|p2b: Dragapult\n|-damage|p2b: Dragapult|5\/100\n|move|p1a: Dragonite|Aerial Ace|p2b: Dragapult\n|-damage|p2b: Dragapult|0 fnt\n|faint|p2b: Dragapult\n|\n|win|Dhabish\n|raw|Dhabish's rating: 1042 &rarr; <strong>1077<\/strong><br \/>(+35 for winning)\n|raw|wingwingy55's rating: 1056 &rarr; <strong>1037<\/strong><br \/>(-19 for losing)\n|l|\u2606wingwingy55\n","uploadtime":1700981572,"views":11,"p1id":"dhabish","p2id":"wingwingy55","formatid":"gen9vgc2023regulatione","rating":1037,"private":0,"password":""}