{"id":"gen9vgc2023regulatione-1992323703","p1":"Priest_of_Talos","p2":"DoctorCaliente","format":"[Gen 9] VGC 2023 Regulation E","log":"|j|\u2606Priest_of_Talos\n|j|\u2606DoctorCaliente\n|n|\u2606Priest_of_Talos|priestoftalos\n|n|\u2606DoctorCaliente|doctorcaliente\n|html|View the match progress at <a href=\"\/game-bestof3-gen9vgc2023regulatione-1992317824\">game-bestof3-gen9vgc2023regulatione-1992317824<\/a>\n|t:|1700174708\n|gametype|doubles\n|player|p1|Priest_of_Talos|265|\n|player|p2|DoctorCaliente|170|\n|teamsize|p1|6\n|teamsize|p2|6\n|gen|9\n|tier|[Gen 9] VGC 2023 Regulation E\n|rule|Species Clause: Limit one of each Pok\u00e9mon\n|rule|Item Clause: Limit one of each item\n|clearpoke\n|poke|p1|Annihilape, L50, F|\n|poke|p1|Dragonite, L50, F|\n|poke|p1|Scream Tail, L50|\n|poke|p1|Iron Moth, L50|\n|poke|p1|Chien-Pao, L50|\n|poke|p1|Tinkaton, L50, F|\n|poke|p2|Ogerpon-Hearthflame, L50, F|\n|poke|p2|Grimmsnarl, L50, M|\n|poke|p2|Thundurus, L50, M|\n|poke|p2|Spectrier, L50|\n|poke|p2|Tyranitar, L50, M|\n|poke|p2|Scizor, L50, M|\n|teampreview|4\nDoctorCaliente has agreed to open team sheets.\nPriest_of_Talos has agreed to open team sheets.\n|showteam|p1|Annihilape||Leftovers|Defiant|BulkUp,DrainPunch,RageFist,Protect|||F|||50|,,,,,Dark]Dragonite||ChoiceBand|InnerFocus|ExtremeSpeed,AerialAce,StompingTantrum,IronHead|||F|||50|,,,,,Normal]Scream Tail||BoosterEnergy|Protosynthesis|Reflect,ThunderWave,DazzlingGleam,Protect||||||50|,,,,,Dark]Iron Moth||LumBerry|QuarkDrive|EnergyBall,Overheat,SludgeWave,Protect||||||50|,,,,,Grass]Chien-Pao||FocusSash|SwordofRuin|IceSpinner,BrickBreak,SuckerPunch,Protect||||||50|,,,,,Ghost]Tinkaton||SitrusBerry|MoldBreaker|FakeOut,GigatonHammer,PlayRough,Protect|||F|||50|,,,,,Water\n|showteam|p2|Ogerpon-Hearthflame||HearthflameMask|MoldBreaker|IvyCudgel,HornLeech,Superpower,SpikyShield|||F|||50|,,,,,Fire]Grimmsnarl||LightClay|Prankster|FakeOut,SpiritBreak,LightScreen,Reflect|||M|||50|,,,,,Ghost]Thundurus||CovertCloak|Prankster|WildboltStorm,FlashCannon,Taunt,ThunderWave|||M|||50|,,,,,Steel]Spectrier||ChoiceScarf|GrimNeigh|DarkPulse,ShadowBall,Psychic,TeraBlast||||||50|,,,,,Fairy]Tyranitar||WeaknessPolicy|SandStream|Protect,RockSlide,IronHead,HighHorsepower|||M|||50|,,,,,Rock]Scizor||LifeOrb|Technician|BulletPunch,XScissor,CloseCombat,Protect|||M|||50|,,,,,Water\n|\n|t:|1700174813\n|start\n|switch|p1a: moke kill|Annihilape, L50, F|100\/100\n|switch|p1b: Gwimmsnawl|Scream Tail, L50|100\/100\n|switch|p2a: ON DA LORSE|Spectrier, L50|100\/100\n|switch|p2b: Scibonk|Scizor, L50, M|100\/100\n|-enditem|p1b: Gwimmsnawl|Booster Energy\n|-activate|p1b: Gwimmsnawl|ability: Protosynthesis|[fromitem]\n|-start|p1b: Gwimmsnawl|protosynthesisspe\n|turn|1\n|\n|t:|1700174842\n|-terastallize|p2a: ON DA LORSE|Fairy\n|move|p1b: Gwimmsnawl|Protect|p1b: Gwimmsnawl\n|-singleturn|p1b: Gwimmsnawl|Protect\n|move|p1a: moke kill|Protect|p1a: moke kill\n|-singleturn|p1a: moke kill|Protect\n|move|p2b: Scibonk|Bullet Punch|p1b: Gwimmsnawl\n|-activate|p1b: Gwimmsnawl|move: Protect\n|move|p2a: ON DA LORSE|Tera Blast|p1a: moke kill|[anim] Tera Blast Fairy\n|-activate|p1a: moke kill|move: Protect\n|\n|upkeep\n|turn|2\n|\n|t:|1700174904\n|switch|p1a: beebooboobop|Iron Moth, L50|100\/100\n|move|p2b: Scibonk|Bullet Punch|p1b: Gwimmsnawl\n|-supereffective|p1b: Gwimmsnawl\n|-crit|p1b: Gwimmsnawl\n|-damage|p1b: Gwimmsnawl|15\/100\n|-damage|p2b: Scibonk|91\/100|[from] item: Life Orb\n|move|p2a: ON DA LORSE|Tera Blast|p1a: beebooboobop|[anim] Tera Blast Fairy\n|-resisted|p1a: beebooboobop\n|-damage|p1a: beebooboobop|90\/100\n|move|p1b: Gwimmsnawl|Thunder Wave|p2a: ON DA LORSE\n|-status|p2a: ON DA LORSE|par\n|\n|upkeep\n|turn|3\n|\n|t:|1700174948\n|-end|p1b: Gwimmsnawl|Protosynthesis|[silent]\n|switch|p1b: moke kill|Annihilape, L50, F|100\/100\n|switch|p2a: Bonkzilla|Tyranitar, L50, M|100\/100\n|-weather|Sandstorm|[from] ability: Sand Stream|[of] p2a: Bonkzilla\n|move|p2b: Scibonk|Bullet Punch|p1b: moke kill\n|-damage|p1b: moke kill|61\/100\n|-damage|p2b: Scibonk|81\/100|[from] item: Life Orb\n|move|p1a: beebooboobop|Overheat|p2a: Bonkzilla\n|-resisted|p2a: Bonkzilla\n|-damage|p2a: Bonkzilla|81\/100\n|-unboost|p1a: beebooboobop|spa|2\n|\n|-weather|Sandstorm|[upkeep]\n|-damage|p1a: beebooboobop|84\/100|[from] Sandstorm\n|-damage|p1b: moke kill|54\/100|[from] Sandstorm\n|-heal|p1b: moke kill|61\/100|[from] item: Leftovers\n|upkeep\n|turn|4\n|\n|t:|1700175012\n|-end|p1a: beebooboobop|Quark Drive|[silent]\n|switch|p1a: Gwimmsnawl|Scream Tail, L50|15\/100\n|switch|p2b: ON DA LORSE|Spectrier, L50, tera:Fairy|100\/100 par\n|move|p2a: Bonkzilla|Protect|p2a: Bonkzilla\n|-singleturn|p2a: Bonkzilla|Protect\n|move|p1b: moke kill|Drain Punch|p2a: Bonkzilla\n|-activate|p2a: Bonkzilla|move: Protect\n|\n|-weather|Sandstorm|[upkeep]\n|-damage|p1a: Gwimmsnawl|9\/100|[from] Sandstorm\n|-damage|p2b: ON DA LORSE|95\/100 par|[from] Sandstorm\n|-damage|p1b: moke kill|54\/100|[from] Sandstorm\n|-heal|p1b: moke kill|61\/100|[from] item: Leftovers\n|upkeep\n|turn|5\n|\n|t:|1700175051\n|switch|p1b: beebooboobop|Iron Moth, L50|84\/100\n|move|p1a: Gwimmsnawl|Reflect|p1a: Gwimmsnawl\n|-sidestart|p1: Priest_of_Talos|Reflect\n|cant|p2b: ON DA LORSE|par\n|move|p2a: Bonkzilla|Rock Slide|p1b: beebooboobop|[spread] p1a\n|-miss|p2a: Bonkzilla|p1b: beebooboobop\n|-damage|p1a: Gwimmsnawl|0 fnt\n|faint|p1a: Gwimmsnawl\n|-end|p1a: Gwimmsnawl|Protosynthesis|[silent]\n|\n|-weather|Sandstorm|[upkeep]\n|-damage|p1b: beebooboobop|78\/100|[from] Sandstorm\n|-damage|p2b: ON DA LORSE|89\/100 par|[from] Sandstorm\n|upkeep\n|\n|t:|1700175095\n|switch|p1a: moke kill|Annihilape, L50, F|61\/100\n|turn|6\n|j| mtschmucker\n|\n|t:|1700175162\n|switch|p2b: Scibonk|Scizor, L50, M|81\/100\n|move|p1a: moke kill|Protect|p1a: moke kill\n|-singleturn|p1a: moke kill|Protect\n|move|p2a: Bonkzilla|Protect|p2a: Bonkzilla\n|-singleturn|p2a: Bonkzilla|Protect\n|move|p1b: beebooboobop|Sludge Wave|p2a: Bonkzilla|[spread] \n|-activate|p1a: moke kill|move: Protect\n|-activate|p2a: Bonkzilla|move: Protect\n|-immune|p2b: Scibonk\n|\n|-weather|Sandstorm|[upkeep]\n|-damage|p1b: beebooboobop|72\/100|[from] Sandstorm\n|-damage|p1a: moke kill|54\/100|[from] Sandstorm\n|-heal|p1a: moke kill|61\/100|[from] item: Leftovers\n|upkeep\n|turn|7\n|\n|t:|1700175195\n|switch|p2a: Cumdurus|Thundurus, L50, M|100\/100\n|move|p2b: Scibonk|Bullet Punch|p1a: moke kill\n|-damage|p1a: moke kill|31\/100\n|-damage|p2b: Scibonk|72\/100|[from] item: Life Orb\n|move|p1b: beebooboobop|Overheat|p2b: Scibonk|[miss]\n|-miss|p1b: beebooboobop|p2b: Scibonk\n|move|p1a: moke kill|Rage Fist|p2a: Cumdurus\n|-damage|p2a: Cumdurus|0 fnt\n|faint|p2a: Cumdurus\n|\n|-weather|none\n|-heal|p1a: moke kill|37\/100|[from] item: Leftovers\n|upkeep\n|\n|t:|1700175217\n|switch|p2a: Bonkzilla|Tyranitar, L50, M|81\/100\n|-weather|Sandstorm|[from] ability: Sand Stream|[of] p2a: Bonkzilla\n|turn|8\n|\n|t:|1700175266\n|move|p1b: beebooboobop|Protect|p1b: beebooboobop\n|-singleturn|p1b: beebooboobop|Protect\n|move|p1a: moke kill|Protect|p1a: moke kill\n|-singleturn|p1a: moke kill|Protect\n|move|p2b: Scibonk|Bullet Punch|p1a: moke kill\n|-activate|p1a: moke kill|move: Protect\n|move|p2a: Bonkzilla|Rock Slide|p1a: moke kill|[spread] \n|-activate|p1a: moke kill|move: Protect\n|-activate|p1b: beebooboobop|move: Protect\n|\n|-weather|Sandstorm|[upkeep]\n|-damage|p1b: beebooboobop|66\/100|[from] Sandstorm\n|-damage|p1a: moke kill|31\/100|[from] Sandstorm\n|-heal|p1a: moke kill|37\/100|[from] item: Leftovers\n|upkeep\n|turn|9\n|\n|t:|1700175321\n|move|p2b: Scibonk|Protect|p2b: Scibonk\n|-singleturn|p2b: Scibonk|Protect\n|move|p2a: Bonkzilla|Protect|p2a: Bonkzilla\n|-singleturn|p2a: Bonkzilla|Protect\n|move|p1b: beebooboobop|Overheat|p2b: Scibonk\n|-activate|p2b: Scibonk|move: Protect\n|move|p1a: moke kill|Drain Punch|p2a: Bonkzilla\n|-activate|p2a: Bonkzilla|move: Protect\n|\n|-weather|Sandstorm|[upkeep]\n|-damage|p1b: beebooboobop|60\/100|[from] Sandstorm\n|-damage|p1a: moke kill|31\/100|[from] Sandstorm\n|-heal|p1a: moke kill|37\/100|[from] item: Leftovers\n|-sideend|p1: Priest_of_Talos|Reflect\n|upkeep\n|turn|10\n|\n|t:|1700175365\n|move|p1a: moke kill|Protect|p1a: moke kill\n|-singleturn|p1a: moke kill|Protect\n|move|p2b: Scibonk|Bullet Punch|p1a: moke kill\n|-activate|p1a: moke kill|move: Protect\n|move|p1b: beebooboobop|Overheat|p2b: Scibonk\n|-supereffective|p2b: Scibonk\n|-damage|p2b: Scibonk|0 fnt\n|-unboost|p1b: beebooboobop|spa|2\n|faint|p2b: Scibonk\n|move|p2a: Bonkzilla|Rock Slide|p1b: beebooboobop|[spread] p1b\n|-activate|p1a: moke kill|move: Protect\n|-supereffective|p1b: beebooboobop\n|-damage|p1b: beebooboobop|0 fnt\n|faint|p1b: beebooboobop\n|-end|p1b: beebooboobop|Quark Drive|[silent]\n|\n|-weather|Sandstorm|[upkeep]\n|-damage|p1a: moke kill|31\/100|[from] Sandstorm\n|-heal|p1a: moke kill|37\/100|[from] item: Leftovers\n|upkeep\n|\n|t:|1700175382\n|switch|p1b: Johnny Cage|Dragonite, L50, F|100\/100\n|switch|p2b: ON DA LORSE|Spectrier, L50, tera:Fairy|89\/100 par\n|turn|11\n|\n|t:|1700175413\n|-terastallize|p1b: Johnny Cage|Normal\n|move|p2b: ON DA LORSE|Tera Blast|p1a: moke kill|[anim] Tera Blast Fairy\n|-supereffective|p1a: moke kill\n|-damage|p1a: moke kill|0 fnt\n|faint|p1a: moke kill\n|-ability|p2b: ON DA LORSE|Grim Neigh|boost\n|-boost|p2b: ON DA LORSE|spa|1\n|move|p1b: Johnny Cage|Iron Head|p2b: ON DA LORSE\n|-supereffective|p2b: ON DA LORSE\n|-damage|p2b: ON DA LORSE|0 fnt\n|faint|p2b: ON DA LORSE\n|move|p2a: Bonkzilla|Rock Slide|p1b: Johnny Cage\n|-damage|p1b: Johnny Cage|59\/100\n|\n|-weather|Sandstorm|[upkeep]\n|-damage|p1b: Johnny Cage|53\/100|[from] Sandstorm\n|upkeep\n|turn|12\n|\n|t:|1700175445\n|move|p2a: Bonkzilla|Protect|p2a: Bonkzilla\n|-singleturn|p2a: Bonkzilla|Protect\n|move|p1b: Johnny Cage|Iron Head|p2a: Bonkzilla\n|-activate|p2a: Bonkzilla|move: Protect\n|\n|-weather|none\n|upkeep\n|turn|13\n|\n|t:|1700175463\n|move|p1b: Johnny Cage|Iron Head|p2a: Bonkzilla\n|-supereffective|p2a: Bonkzilla\n|-damage|p2a: Bonkzilla|11\/100\n|-enditem|p2a: Bonkzilla|Weakness Policy\n|-boost|p2a: Bonkzilla|atk|2|[from] item: Weakness Policy\n|-boost|p2a: Bonkzilla|spa|2|[from] item: Weakness Policy\n|move|p2a: Bonkzilla|High Horsepower|p1b: Johnny Cage|[miss]\n|-miss|p2a: Bonkzilla|p1b: Johnny Cage\n|\n|upkeep\n|turn|14\n|\n|t:|1700175490\n|move|p1b: Johnny Cage|Iron Head|p2a: Bonkzilla\n|-supereffective|p2a: Bonkzilla\n|-damage|p2a: Bonkzilla|0 fnt\n|faint|p2a: Bonkzilla\n|\n|win|Priest_of_Talos\n","uploadtime":1700175506,"views":40,"p1id":"priestoftalos","p2id":"doctorcaliente","formatid":"gen9vgc2023regulatione","rating":0,"private":0,"password":""}