{"id":"gen9vgc2023regulatione-1994859298","p1":"PizzaTimeJoshua","p2":"Aphro Ray Koga","format":"[Gen 9] VGC 2023 Regulation E","log":"|j|\u2606PizzaTimeJoshua\n|j|\u2606Aphro Ray Koga\n|n|\u2606PizzaTimeJoshua|pizzatimejoshua\n|n|\u2606Aphro Ray Koga|aphroraykoga\n|html|View the match progress at <a href=\"\/game-bestof3-gen9vgc2023regulatione-1994859297\">game-bestof3-gen9vgc2023regulatione-1994859297<\/a>\n|t:|1700499315\n|gametype|doubles\n|player|p1|PizzaTimeJoshua|scientist|\n|player|p2|Aphro Ray Koga|marlon|\n|teamsize|p1|6\n|teamsize|p2|6\n|gen|9\n|tier|[Gen 9] VGC 2023 Regulation E\n|rated|Tournament battle\n|rule|Species Clause: Limit one of each Pok\u00e9mon\n|rule|Item Clause: Limit one of each item\n|clearpoke\n|poke|p1|Zoroark-Hisui, L50, F|\n|poke|p1|Munchlax, L50, M|\n|poke|p1|Pikachu, L50, M|\n|poke|p1|Rillaboom, L50, M|\n|poke|p1|Iron Hands, L50|\n|poke|p1|Sinistcha, L50|\n|poke|p2|Charizard, L50, M|\n|poke|p2|Gastrodon-East, L50, M|\n|poke|p2|Tornadus, L50, M|\n|poke|p2|Brambleghast, L50, M|\n|poke|p2|Pelipper, L50, F|\n|poke|p2|Abomasnow, L50, F|\n|teampreview|4\n|showteam|p1|Zoroark-Hisui||ChoiceSpecs|Illusion|SludgeBomb,HyperVoice,TeraBlast,BitterMalice|||F|||50|,,,,,Dark]Munchlax||Eviolite|ThickFat|BellyDrum,Protect,LastResort,StompingTantrum|||M|||50|,,,,,Ground]Pikachu||LightBall|LightningRod|FakeOut,VoltSwitch,VoltTackle,TeraBlast|||M|||50|,,,,,Flying]Rillaboom||MiracleSeed|GrassySurge|FakeOut,GrassyGlide,WoodHammer,Uturn|||M|||50|,,,,,Fire]Iron Hands||AssaultVest|QuarkDrive|DrainPunch,FakeOut,WildCharge,HeavySlam||||||50|,,,,,Fire]Sinistcha||RockyHelmet|Hospitality|MatchaGotcha,RagePowder,LifeDew,TrickRoom||||||50|,,,,,Water\n|showteam|p2|Charizard||LifeOrb|SolarPower|WeatherBall,HeatWave,Hurricane,Protect|||M|||50|,,,,,Grass]Gastrodon-East||Leftovers|StormDrain|MuddyWater,SludgeBomb,Protect,EarthPower|||M|||50|,,,,,Poison]Tornadus||CovertCloak|Prankster|BleakwindStorm,WeatherBall,SunnyDay,Tailwind|||M|||50|,,,,,Flying]Brambleghast||LoadedDice|WindRider|PhantomForce,GrassyGlide,Protect,BulletSeed|||M|||50|,,,,,Grass]Pelipper||FocusSash|Drizzle|Hurricane,WideGuard,Tailwind,Surf|||F|||50|,,,,,Steel]Abomasnow||LightClay|SnowWarning|AuroraVeil,GigaDrain,Blizzard,WeatherBall|||F|||50|,,,,,Grass\n|inactive|Battle timer is ON: inactive players will automatically lose when time's up. (requested by Aphro Ray Koga)\n|c|\u2606PizzaTimeJoshua|glhf\n|inactive|PizzaTimeJoshua has 60 seconds left.\n|c|\u2606Aphro Ray Koga|U2\n|inactive|PizzaTimeJoshua has 30 seconds left.\n|inactive|PizzaTimeJoshua has 20 seconds left.\n|inactive|PizzaTimeJoshua has 15 seconds left.\n|inactive|PizzaTimeJoshua has 10 seconds left.\n|\n|t:|1700499399\n|start\n|switch|p1a: Iron Hands|Iron Hands, L50|100\/100\n|switch|p1b: Munchlax|Munchlax, L50, M|100\/100\n|switch|p2a: Pelipper|Pelipper, L50, F|100\/100\n|switch|p2b: Tornadus|Tornadus, L50, M|100\/100\n|-weather|RainDance|[from] ability: Drizzle|[of] p2a: Pelipper\n|turn|1\n|inactive|PizzaTimeJoshua has 30 seconds left.\n|\n|t:|1700499427\n|switch|p2a: Brambleghast|Brambleghast, L50, M|100\/100\n|move|p1a: Iron Hands|Fake Out|p2a: Brambleghast\n|-immune|p2a: Brambleghast\n|move|p2b: Tornadus|Tailwind|p2b: Tornadus\n|-sidestart|p2: Aphro Ray Koga|move: Tailwind\n|-ability|p2a: Brambleghast|Wind Rider|boost\n|-boost|p2a: Brambleghast|atk|1\n|move|p1b: Munchlax|Belly Drum|p1b: Munchlax\n|-damage|p1b: Munchlax|50\/100\n|-setboost|p1b: Munchlax|atk|6|[from] move: Belly Drum\n|\n|-weather|RainDance|[upkeep]\n|upkeep\n|turn|2\n|\n|t:|1700499450\n|switch|p2b: Gastrodon|Gastrodon-East, L50, M|100\/100\n|-end|p1a: Iron Hands|Quark Drive|[silent]\n|switch|p1a: Sinistcha|Sinistcha, L50, shiny|100\/100\n|-heal|p1b: Munchlax|75\/100|[from] ability: Hospitality|[of] p1a: Sinistcha\n|move|p1b: Munchlax|Protect|p1b: Munchlax\n|-singleturn|p1b: Munchlax|Protect\n|move|p2a: Brambleghast|Bullet Seed|p1b: Munchlax\n|-activate|p1b: Munchlax|move: Protect\n|\n|-weather|RainDance|[upkeep]\n|upkeep\n|turn|3\n|inactive|PizzaTimeJoshua has 30 seconds left.\n|\n|t:|1700499476\n|-terastallize|p2b: Gastrodon|Poison\n|move|p2a: Brambleghast|Bullet Seed|p1b: Munchlax\n|-damage|p1b: Munchlax|64\/100\n|-damage|p1b: Munchlax|53\/100\n|-damage|p1b: Munchlax|42\/100\n|-damage|p1b: Munchlax|30\/100\n|-hitcount|p1b: Munchlax|4\n|move|p2b: Gastrodon|Muddy Water|p1b: Munchlax|[spread] p1a,p1b\n|-resisted|p1a: Sinistcha\n|-damage|p1a: Sinistcha|85\/100\n|-damage|p1b: Munchlax|10\/100\n|move|p1b: Munchlax|Stomping Tantrum|p2b: Gastrodon\n|-supereffective|p2b: Gastrodon\n|-damage|p2b: Gastrodon|10\/100\n|move|p1a: Sinistcha|Trick Room|p1a: Sinistcha\n|-fieldstart|move: Trick Room|[of] p1a: Sinistcha\n|\n|-weather|RainDance|[upkeep]\n|-heal|p2b: Gastrodon|16\/100|[from] item: Leftovers\n|upkeep\n|turn|4\n|inactive|Aphro Ray Koga has 30 seconds left.\n|\n|t:|1700499504\n|move|p1b: Munchlax|Protect|p1b: Munchlax\n|-singleturn|p1b: Munchlax|Protect\n|move|p2b: Gastrodon|Protect|p2b: Gastrodon\n|-singleturn|p2b: Gastrodon|Protect\n|move|p1a: Sinistcha|Life Dew|p1a: Sinistcha|[spread] p1a,p1b\n|-heal|p1a: Sinistcha|100\/100\n|-heal|p1b: Munchlax|36\/100\n|move|p2a: Brambleghast|Phantom Force||[still]\n|-prepare|p2a: Brambleghast|Phantom Force\n|\n|-weather|RainDance|[upkeep]\n|-heal|p2b: Gastrodon|22\/100|[from] item: Leftovers\n|-sideend|p2: Aphro Ray Koga|move: Tailwind\n|upkeep\n|turn|5\n|inactive|Aphro Ray Koga has 30 seconds left.\n|\n|t:|1700499534\n|switch|p1a: Rillaboom|Rillaboom, L50, M|100\/100\n|-fieldstart|move: Grassy Terrain|[from] ability: Grassy Surge|[of] p1a: Rillaboom\n|move|p2b: Gastrodon|Protect||[still]\n|-fail|p2b: Gastrodon\n|move|p1b: Munchlax|Last Resort|p2b: Gastrodon\n|-damage|p2b: Gastrodon|0 fnt\n|faint|p2b: Gastrodon\n|move|p2a: Brambleghast|Phantom Force|p1a: Rillaboom|[from]lockedmove\n|-damage|p1a: Rillaboom|43\/100\n|\n|-weather|none\n|-heal|p1b: Munchlax|42\/100|[from] Grassy Terrain\n|-heal|p1a: Rillaboom|48\/100|[from] Grassy Terrain\n|upkeep\n|\n|t:|1700499546\n|switch|p2b: Tornadus|Tornadus, L50, M|100\/100\n|turn|6\n|\n|t:|1700499566\n|move|p2a: Brambleghast|Grassy Glide|p1b: Munchlax\n|-damage|p1b: Munchlax|10\/100\n|move|p2b: Tornadus|Tailwind|p2b: Tornadus\n|-sidestart|p2: Aphro Ray Koga|move: Tailwind\n|-ability|p2a: Brambleghast|Wind Rider|boost\n|-boost|p2a: Brambleghast|atk|1\n|move|p1b: Munchlax|Last Resort|p2b: Tornadus\n|-damage|p2b: Tornadus|0 fnt\n|faint|p2b: Tornadus\n|move|p1a: Rillaboom|U-turn|p2a: Brambleghast\n|-damage|p2a: Brambleghast|53\/100\n|\n|t:|1700499579\n|switch|p1a: Sinistcha|Sinistcha, L50, shiny|100\/100|[from] U-turn\n|-heal|p1b: Munchlax|34\/100|[from] ability: Hospitality|[of] p1a: Sinistcha\n|\n|-heal|p1b: Munchlax|41\/100|[from] Grassy Terrain\n|-heal|p2a: Brambleghast|59\/100|[from] Grassy Terrain\n|upkeep\n|\n|t:|1700499584\n|switch|p2b: Pelipper|Pelipper, L50, F|100\/100\n|-weather|RainDance|[from] ability: Drizzle|[of] p2b: Pelipper\n|turn|7\n|\n|t:|1700499598\n|move|p2a: Brambleghast|Protect|p2a: Brambleghast\n|-singleturn|p2a: Brambleghast|Protect\n|move|p1b: Munchlax|Last Resort|p2b: Pelipper\n|-enditem|p2b: Pelipper|Focus Sash\n|-damage|p2b: Pelipper|1\/100\n|move|p1a: Sinistcha|Matcha Gotcha|p2a: Brambleghast|[spread] \n|-activate|p2a: Brambleghast|move: Protect\n|-miss|p1a: Sinistcha|p2b: Pelipper\n|move|p2b: Pelipper|Hurricane|p1a: Sinistcha\n|-supereffective|p1a: Sinistcha\n|-damage|p1a: Sinistcha|10\/100\n|\n|-weather|RainDance|[upkeep]\n|-heal|p1b: Munchlax|47\/100|[from] Grassy Terrain\n|-heal|p1a: Sinistcha|16\/100|[from] Grassy Terrain\n|-heal|p2a: Brambleghast|65\/100|[from] Grassy Terrain\n|-fieldend|move: Trick Room\n|upkeep\n|turn|8\n|c|\u2606PizzaTimeJoshua|bruh\n|inactive|Aphro Ray Koga has 30 seconds left.\n|\n|t:|1700499624\n|move|p1b: Munchlax|Protect|p1b: Munchlax\n|-singleturn|p1b: Munchlax|Protect\n|move|p2a: Brambleghast|Bullet Seed|p1b: Munchlax\n|-activate|p1b: Munchlax|move: Protect\n|move|p2b: Pelipper|Hurricane|p1a: Sinistcha\n|-supereffective|p1a: Sinistcha\n|-damage|p1a: Sinistcha|0 fnt\n|faint|p1a: Sinistcha\n|\n|-weather|RainDance|[upkeep]\n|-heal|p2a: Brambleghast|71\/100|[from] Grassy Terrain\n|-heal|p1b: Munchlax|53\/100|[from] Grassy Terrain\n|upkeep\n|\n|t:|1700499633\n|switch|p1a: Rillaboom|Rillaboom, L50, M|48\/100\n|turn|9\n|\n|t:|1700499649\n|move|p1a: Rillaboom|Grassy Glide|p2b: Pelipper\n|-damage|p2b: Pelipper|0 fnt\n|faint|p2b: Pelipper\n|move|p2a: Brambleghast|Bullet Seed|p1b: Munchlax\n|-damage|p1b: Munchlax|35\/100\n|-damage|p1b: Munchlax|17\/100\n|-damage|p1b: Munchlax|0 fnt\n|faint|p1b: Munchlax\n|-hitcount|p1: Munchlax|3\n|\n|-weather|RainDance|[upkeep]\n|-heal|p2a: Brambleghast|77\/100|[from] Grassy Terrain\n|-heal|p1a: Rillaboom|54\/100|[from] Grassy Terrain\n|-sideend|p2: Aphro Ray Koga|move: Tailwind\n|-fieldend|move: Grassy Terrain\n|upkeep\n|\n|t:|1700499655\n|switch|p1b: Iron Hands|Iron Hands, L50|100\/100\n|turn|10\n|\n|t:|1700499677\n|-terastallize|p1b: Iron Hands|Fire\n|move|p2a: Brambleghast|Bullet Seed|p1b: Iron Hands\n|-resisted|p1b: Iron Hands\n|-damage|p1b: Iron Hands|92\/100\n|-resisted|p1b: Iron Hands\n|-damage|p1b: Iron Hands|83\/100\n|-resisted|p1b: Iron Hands\n|-damage|p1b: Iron Hands|75\/100\n|-resisted|p1b: Iron Hands\n|-damage|p1b: Iron Hands|66\/100\n|-resisted|p1b: Iron Hands\n|-damage|p1b: Iron Hands|57\/100\n|-hitcount|p1b: Iron Hands|5\n|move|p1a: Rillaboom|U-turn|p2a: Brambleghast\n|-damage|p2a: Brambleghast|28\/100\n|move|p1b: Iron Hands|Heavy Slam|p2a: Brambleghast\n|-damage|p2a: Brambleghast|0 fnt\n|faint|p2a: Brambleghast\n|\n|win|PizzaTimeJoshua\n","uploadtime":1700499683,"views":1,"p1id":"pizzatimejoshua","p2id":"aphroraykoga","formatid":"gen9vgc2023regulatione","rating":0,"private":0,"password":""}