{"id":"gen9vgc2023regulatione-2000050603","p1":"noble victorer","p2":"PsychoR&R","format":"[Gen 9] VGC 2023 Regulation E","log":"|j|\u203dnoble victorer\n|j|\u2606PsychoR&R\n|t:|1701146247\n|gametype|doubles\n|player|p1|noble victorer|266|1608\n|player|p2|PsychoR&R|170|1544\n|teamsize|p1|6\n|teamsize|p2|6\n|gen|9\n|tier|[Gen 9] VGC 2023 Regulation E\n|rated|\n|rule|Species Clause: Limit one of each Pok\u00e9mon\n|rule|Item Clause: Limit one of each item\n|clearpoke\n|poke|p1|Roaring Moon, L50|\n|poke|p1|Ogerpon-Wellspring, L50, F|\n|poke|p1|Arcanine-Hisui, L50, M|\n|poke|p1|Regieleki, L50|\n|poke|p1|Flutter Mane, L50|\n|poke|p1|Gholdengo, L50|\n|poke|p2|Tornadus, L50, M|\n|poke|p2|Urshifu-*, L50, M|\n|poke|p2|Gholdengo, L50|\n|poke|p2|Arcanine-Hisui, L50, M|\n|poke|p2|Rillaboom, L50, M|\n|poke|p2|Roaring Moon, L50|\n|teampreview|4\nPsychoR&R has agreed to open team sheets.\n|\n|t:|1701146284\n|start\n|switch|p1a: Roaring Moon|Roaring Moon, L50|100\/100\n|switch|p1b: Regieleki|Regieleki, L50|100\/100\n|switch|p2a: Tornadus|Tornadus, L50, M|100\/100\n|switch|p2b: Roaring Moon|Roaring Moon, L50|100\/100\n|-enditem|p1a: Roaring Moon|Booster Energy\n|-activate|p1a: Roaring Moon|ability: Protosynthesis|[fromitem]\n|-start|p1a: Roaring Moon|protosynthesisspe\n|turn|1\n|inactive|Battle timer is ON: inactive players will automatically lose when time's up. (requested by noble victorer)\n|\n|t:|1701146306\n|-terastallize|p2b: Roaring Moon|Ground\n|move|p2a: Tornadus|Tailwind|p2a: Tornadus\n|-sidestart|p2: PsychoR&R|move: Tailwind\n|move|p2b: Roaring Moon|Knock Off|p1b: Regieleki\n|-damage|p1b: Regieleki|34\/100\n|-enditem|p1b: Regieleki|Magnet|[from] move: Knock Off|[of] p2b: Roaring Moon\n|move|p1a: Roaring Moon|Breaking Swipe|p2a: Tornadus|[spread] p2a,p2b\n|-crit|p2a: Tornadus\n|-damage|p2a: Tornadus|64\/100\n|-damage|p2b: Roaring Moon|77\/100\n|move|p1b: Regieleki|Electroweb|p2b: Roaring Moon|[spread] p2a\n|-immune|p2b: Roaring Moon\n|-supereffective|p2a: Tornadus\n|-damage|p2a: Tornadus|15\/100\n|\n|upkeep\n|turn|2\n|inactive|noble victorer has 30 seconds left.\n|\n|t:|1701146335\n|switch|p1b: Arcanine|Arcanine-Hisui, L50, M|100\/100\n|-ability|p1b: Arcanine|Intimidate|boost\n|-unboost|p2a: Tornadus|atk|1\n|-fail|p2b: Roaring Moon|unboost|[from] item: Clear Amulet|[of] p2b: Roaring Moon\n|move|p2a: Tornadus|Sunny Day|p2a: Tornadus\n|-weather|SunnyDay\n|-activate|p2b: Roaring Moon|ability: Protosynthesis\n|-start|p2b: Roaring Moon|protosynthesisatk\n|move|p2b: Roaring Moon|Breaking Swipe|p1a: Roaring Moon|[spread] p1a,p1b\n|-supereffective|p1a: Roaring Moon\n|-damage|p1a: Roaring Moon|22\/100\n|-damage|p1b: Arcanine|69\/100\n|-unboost|p1a: Roaring Moon|atk|1\n|-unboost|p1b: Arcanine|atk|1\n|move|p1a: Roaring Moon|Tailwind|p1a: Roaring Moon\n|-sidestart|p1: noble victorer|move: Tailwind\n|\n|-weather|SunnyDay|[upkeep]\n|upkeep\n|turn|3\n|inactive|noble victorer has 30 seconds left.\n|inactive|noble victorer has 20 seconds left.\n|\n|t:|1701146374\n|switch|p2a: Arcanine|Arcanine-Hisui, L50, M|100\/100\n|-ability|p2a: Arcanine|Intimidate|boost\n|-unboost|p1a: Roaring Moon|atk|1\n|-unboost|p1b: Arcanine|atk|1\n|move|p1b: Arcanine|Extreme Speed|p2a: Arcanine\n|-resisted|p2a: Arcanine\n|-damage|p2a: Arcanine|89\/100\n|move|p1a: Roaring Moon|Knock Off|p2b: Roaring Moon\n|-damage|p2b: Roaring Moon|53\/100\n|-enditem|p2b: Roaring Moon|Clear Amulet|[from] move: Knock Off|[of] p1a: Roaring Moon\n|move|p2b: Roaring Moon|Tera Blast|p1b: Arcanine|[anim] Tera Blast Ground\n|-supereffective|p1b: Arcanine\n|-damage|p1b: Arcanine|0 fnt\n|faint|p1b: Arcanine\n|\n|-weather|SunnyDay|[upkeep]\n|upkeep\n|\n|t:|1701146383\n|switch|p1b: Gholdengo|Gholdengo, L50|100\/100\n|turn|4\n|\n|t:|1701146394\n|-terastallize|p1b: Gholdengo|Steel\n|move|p1a: Roaring Moon|Protect|p1a: Roaring Moon\n|-singleturn|p1a: Roaring Moon|Protect\n|move|p2a: Arcanine|Extreme Speed|p1a: Roaring Moon\n|-activate|p1a: Roaring Moon|move: Protect\n|move|p2b: Roaring Moon|Knock Off|p1b: Gholdengo\n|-damage|p1b: Gholdengo|21\/100\n|-enditem|p1b: Gholdengo|Choice Specs|[from] move: Knock Off|[of] p2b: Roaring Moon\n|move|p1b: Gholdengo|Make It Rain|p2a: Arcanine|[spread] p2a,p2b\n|-damage|p2a: Arcanine|22\/100\n|-damage|p2b: Roaring Moon|0 fnt\n|-unboost|p1b: Gholdengo|spa|1\n|faint|p2b: Roaring Moon\n|-end|p2b: Roaring Moon|Protosynthesis|[silent]\n|\n|-weather|SunnyDay|[upkeep]\n|-sideend|p2: PsychoR&R|move: Tailwind\n|upkeep\n|\n|t:|1701146410\n|switch|p2b: Urshifu|Urshifu, L50, M|100\/100\n|turn|5\n|\n|t:|1701146415\n|move|p2a: Arcanine|Extreme Speed|p1a: Roaring Moon\n|-damage|p1a: Roaring Moon|0 fnt\n|faint|p1a: Roaring Moon\n|-end|p1a: Roaring Moon|Protosynthesis|[silent]\n|move|p1b: Gholdengo|Make It Rain|p2a: Arcanine|[spread] p2a,p2b\n|-damage|p2a: Arcanine|0 fnt\n|-damage|p2b: Urshifu|38\/100\n|-unboost|p1b: Gholdengo|spa|1\n|faint|p2a: Arcanine\n|move|p2b: Urshifu|Wicked Blow|p1b: Gholdengo\n|-crit|p1b: Gholdengo\n|-damage|p1b: Gholdengo|0 fnt\n|faint|p1b: Gholdengo\n|\n|-weather|SunnyDay|[upkeep]\n|-sideend|p1: noble victorer|move: Tailwind\n|upkeep\n|-message|noble victorer forfeited.\n|\n|win|PsychoR&R\n|raw|noble victorer's rating: 1608 &rarr; <strong>1584<\/strong><br \/>(-24 for losing)\n|raw|PsychoR&amp;R's rating: 1544 &rarr; <strong>1568<\/strong><br \/>(+24 for winning)\n|l|\u203dnoble victorer\n","uploadtime":1701146444,"views":23,"p1id":"noblevictorer","p2id":"psychorr","formatid":"gen9vgc2023regulatione","rating":1568,"private":0,"password":""}