{"id":"gen9vgc2023regulatione-1993084181","p1":"TonyPajamas15","p2":"That_Leek","format":"[Gen 9] VGC 2023 Regulation E","log":"|j|\u2606TonyPajamas15\n|j|\u2606That_Leek\n|t:|1700262901\n|gametype|doubles\n|player|p1|TonyPajamas15|acetrainer-gen4dp|1676\n|player|p2|That_Leek|blue-masters|1639\n|teamsize|p1|6\n|teamsize|p2|6\n|gen|9\n|tier|[Gen 9] VGC 2023 Regulation E\n|rated|\n|rule|Species Clause: Limit one of each Pok\u00e9mon\n|rule|Item Clause: Limit one of each item\n|clearpoke\n|poke|p1|Orthworm, L50, F|\n|poke|p1|Dragonite, L50, M|\n|poke|p1|Flutter Mane, L50|\n|poke|p1|Arcanine-Hisui, L50, F|\n|poke|p1|Iron Bundle, L50|\n|poke|p1|Amoonguss, L50, M|\n|poke|p2|Gholdengo, L50|\n|poke|p2|Ogerpon-Wellspring, L50, F|\n|poke|p2|Arcanine-Hisui, L50, M|\n|poke|p2|Chien-Pao, L50|\n|poke|p2|Scream Tail, L50|\n|poke|p2|Dragonite, L50, M|\n|teampreview|4\nThat_Leek has agreed to open team sheets.\nTonyPajamas15 has agreed to open team sheets.\n|inactive|Battle timer is ON: inactive players will automatically lose when time's up. (requested by That_Leek)\n|\n|t:|1700262958\n|start\n|switch|p1a: Arcanine|Arcanine-Hisui, L50, F|100\/100\n|switch|p1b: Iron Bundle|Iron Bundle, L50|100\/100\n|switch|p2a: Ogerpon|Ogerpon-Wellspring, L50, F|100\/100\n|switch|p2b: Gholdengo|Gholdengo, L50|100\/100\n|-ability|p1a: Arcanine|Intimidate|boost\n|-unboost|p2a: Ogerpon|atk|1\n|-unboost|p2b: Gholdengo|atk|1\n|turn|1\n|inactive|That_Leek has 30 seconds left.\n|\n|t:|1700262991\n|-terastallize|p2b: Gholdengo|Water\n|move|p2a: Ogerpon|Spiky Shield|p2a: Ogerpon\n|-singleturn|p2a: Ogerpon|move: Protect\n|move|p1b: Iron Bundle|Freeze-Dry|p2a: Ogerpon\n|-activate|p2a: Ogerpon|move: Protect\n|move|p1a: Arcanine|Flare Blitz|p2b: Gholdengo\n|-resisted|p2b: Gholdengo\n|-damage|p2b: Gholdengo|73\/100\n|-damage|p1a: Arcanine|92\/100|[from] Recoil\n|move|p2b: Gholdengo|Nasty Plot|p2b: Gholdengo\n|-boost|p2b: Gholdengo|spa|2\n|\n|upkeep\n|turn|2\n|\n|t:|1700263005\n|-terastallize|p1a: Arcanine|Grass\n|move|p2a: Ogerpon|Follow Me|p2a: Ogerpon\n|-singleturn|p2a: Ogerpon|move: Follow Me\n|move|p1b: Iron Bundle|Freeze-Dry|p2a: Ogerpon\n|-supereffective|p2a: Ogerpon\n|-damage|p2a: Ogerpon|0 fnt\n|faint|p2a: Ogerpon\n|move|p1a: Arcanine|Will-O-Wisp|p2b: Gholdengo\n|-immune|p2b: Gholdengo|[from] ability: Good as Gold\n|move|p2b: Gholdengo|Make It Rain|p1a: Arcanine|[spread] p1a,p1b\n|-damage|p1a: Arcanine|0 fnt\n|-enditem|p1b: Iron Bundle|Focus Sash\n|-damage|p1b: Iron Bundle|1\/100\n|-unboost|p2b: Gholdengo|spa|1\n|faint|p1a: Arcanine\n|\n|upkeep\n|\n|t:|1700263025\n|switch|p2a: Chien-Pao|Chien-Pao, L50|100\/100\n|switch|p1a: Jimmy Brooks|Dragonite, L50, M, shiny|100\/100\n|-ability|p2a: Chien-Pao|Sword of Ruin\n|turn|3\n|inactive|TonyPajamas15 has 30 seconds left.\n|\n|t:|1700263052\n|move|p1b: Iron Bundle|Protect|p1b: Iron Bundle\n|-singleturn|p1b: Iron Bundle|Protect\n|move|p2a: Chien-Pao|Protect|p2a: Chien-Pao\n|-singleturn|p2a: Chien-Pao|Protect\n|move|p1a: Jimmy Brooks|Extreme Speed|p2a: Chien-Pao\n|-activate|p2a: Chien-Pao|move: Protect\n|move|p2b: Gholdengo|Make It Rain|p1a: Jimmy Brooks|[spread] p1a\n|-activate|p1b: Iron Bundle|move: Protect\n|-damage|p1a: Jimmy Brooks|70\/100\n|-unboost|p2b: Gholdengo|spa|1\n|\n|upkeep\n|turn|4\n|inactive|That_Leek has 30 seconds left.\n|\n|t:|1700263077\n|move|p1a: Jimmy Brooks|Extreme Speed|p2a: Chien-Pao\n|-damage|p2a: Chien-Pao|60\/100\n|move|p2a: Chien-Pao|Sucker Punch|p1b: Iron Bundle\n|-crit|p1b: Iron Bundle\n|-damage|p1b: Iron Bundle|0 fnt\n|faint|p1b: Iron Bundle\n|-end|p1b: Iron Bundle|Quark Drive|[silent]\n|move|p2b: Gholdengo|Make It Rain|p1a: Jimmy Brooks\n|-damage|p1a: Jimmy Brooks|12\/100\n|-unboost|p2b: Gholdengo|spa|1\n|\n|upkeep\n|\n|t:|1700263099\n|switch|p1b: Flutter Mane|Flutter Mane, L50|100\/100\n|-enditem|p1b: Flutter Mane|Booster Energy\n|-activate|p1b: Flutter Mane|ability: Protosynthesis|[fromitem]\n|-start|p1b: Flutter Mane|protosynthesisspa\n|turn|5\n|\n|t:|1700263114\n|move|p1a: Jimmy Brooks|Extreme Speed|p2b: Gholdengo\n|-damage|p2b: Gholdengo|37\/100\n|-enditem|p2b: Gholdengo|Sitrus Berry|[eat]\n|-heal|p2b: Gholdengo|62\/100|[from] item: Sitrus Berry\n|move|p2a: Chien-Pao|Ice Spinner|p1b: Flutter Mane\n|-damage|p1b: Flutter Mane|0 fnt\n|faint|p1b: Flutter Mane\n|-end|p1b: Flutter Mane|Protosynthesis|[silent]\n|move|p2b: Gholdengo|Make It Rain|p1a: Jimmy Brooks\n|-damage|p1a: Jimmy Brooks|0 fnt\n|-unboost|p2b: Gholdengo|spa|1\n|faint|p1a: Jimmy Brooks\n|\n|win|That_Leek\n|raw|TonyPajamas15's rating: 1676 &rarr; <strong>1654<\/strong><br \/>(-22 for losing)\n|raw|That_Leek's rating: 1639 &rarr; <strong>1661<\/strong><br \/>(+22 for winning)\n","uploadtime":1700263125,"views":9,"p1id":"tonypajamas15","p2id":"thatleek","formatid":"gen9vgc2023regulatione","rating":1654,"private":0,"password":""}