{"id":"gen9vgc2023regulatione-1993752912","p1":"King32bit","p2":"JeanRyuPR","format":"[Gen 9] VGC 2023 Regulation E","log":"|j|\u2606King32bit\n|j|\u2606JeanRyuPR\n|t:|1700353122\n|gametype|doubles\n|player|p1|King32bit|lance|\n|player|p2|JeanRyuPR|169|\n|teamsize|p1|6\n|teamsize|p2|6\n|gen|9\n|tier|[Gen 9] VGC 2023 Regulation E\n|rule|Species Clause: Limit one of each Pok\u00e9mon\n|rule|Item Clause: Limit one of each item\n|clearpoke\n|poke|p1|Dondozo, L50, M|\n|poke|p1|Heatran, L50, F|\n|poke|p1|Urshifu-*, L50, F|\n|poke|p1|Salamence, L50, F|\n|poke|p1|Flutter Mane, L50|\n|poke|p1|Rillaboom, L50, F|\n|poke|p2|Roaring Moon, L50|\n|poke|p2|Iron Hands, L50|\n|poke|p2|Ogerpon-Wellspring, L50, F|\n|poke|p2|Heatran, L50, M|\n|poke|p2|Landorus-Therian, L50, M|\n|poke|p2|Tornadus, L50, M|\n|teampreview|4\n|c|\u2606JeanRyuPR|game 3\nJeanRyuPR has agreed to open team sheets.\nKing32bit has agreed to open team sheets.\n|showteam|p1|Dondozo||Leftovers|Oblivious|Protect,HeavySlam,WaveCrash,Yawn|||M|||50|,,,,,Poison]Heatran||SitrusBerry|FlashFire|MagmaStorm,EarthPower,FlashCannon,Protect|||F|||50|,,,,,Grass]Urshifu||FocusSash|UnseenFist|Detect,WickedBlow,SuckerPunch,CloseCombat|||F|||50|,,,,,Dark]Salamence||RockyHelmet|Intimidate|Tailwind,Roost,DracoMeteor,AirSlash|||F|||50|,,,,,Water]Flutter Mane||ChoiceSpecs|Protosynthesis|DazzlingGleam,Moonblast,ShadowBall,PerishSong||||||50|,,,,,Fairy]Rillaboom||AssaultVest|GrassySurge|FakeOut,WoodHammer,GrassyGlide,HighHorsepower|||F|||50|,,,,,Ghost\n|showteam|p2|Roaring Moon||BoosterEnergy|Protosynthesis|KnockOff,Protect,BreakingSwipe,Outrage||||||50|,,,,,Dragon]Iron Hands||AssaultVest|QuarkDrive|DrainPunch,WildCharge,HeavySlam,FakeOut||||||50|,,,,,Water]Ogerpon-Wellspring||WellspringMask|WaterAbsorb|IvyCudgel,SpikyShield,HornLeech,SwordsDance|||F|||50|,,,,,Water]Heatran||ZoomLens|FlashFire|MagmaStorm,EarthPower,FlashCannon,Protect|||M|||50|,,,,,Fire]Landorus-Therian||ChoiceScarf|Intimidate|Uturn,RockSlide,TeraBlast,StompingTantrum|||M|||50|,,,,,Flying]Tornadus||CovertCloak|Prankster|BleakwindStorm,SunnyDay,Taunt,Tailwind|||M|||50|,,,,,Ghost\n|\n|t:|1700353169\n|start\n|switch|p1a: Heatran|Heatran, L50, F|100\/100\n|switch|p1b: Dondozo|Dondozo, L50, M|100\/100\n|switch|p2a: Tornadus|Tornadus, L50, M|100\/100\n|switch|p2b: Ogerpon|Ogerpon-Wellspring, L50, F|100\/100\n|turn|1\n|\n|t:|1700353229\n|-terastallize|p1a: Heatran|Grass\n|move|p2a: Tornadus|Tailwind|p2a: Tornadus\n|-sidestart|p2: JeanRyuPR|move: Tailwind\n|move|p2b: Ogerpon|Swords Dance|p2b: Ogerpon\n|-boost|p2b: Ogerpon|atk|2\n|move|p1a: Heatran|Magma Storm|p2a: Tornadus\n|-damage|p2a: Tornadus|33\/100\n|-activate|p2a: Tornadus|move: Magma Storm|[of] p1a: Heatran\n|move|p1b: Dondozo|Heavy Slam|p2b: Ogerpon\n|-resisted|p2b: Ogerpon\n|-damage|p2b: Ogerpon|80\/100\n|\n|-damage|p2a: Tornadus|20\/100|[from] move: Magma Storm|[partiallytrapped]\n|upkeep\n|turn|2\n|\n|t:|1700353253\n|move|p2a: Tornadus|Bleakwind Storm|p1a: Heatran|[spread] p1a,p1b\n|-supereffective|p1a: Heatran\n|-damage|p1a: Heatran|28\/100\n|-damage|p1b: Dondozo|66\/100\n|-unboost|p1a: Heatran|spe|1\n|-enditem|p1a: Heatran|Sitrus Berry|[eat]\n|-heal|p1a: Heatran|53\/100|[from] item: Sitrus Berry\n|move|p2b: Ogerpon|Horn Leech|p1b: Dondozo\n|-supereffective|p1b: Dondozo\n|-damage|p1b: Dondozo|0 fnt\n|-heal|p2b: Ogerpon|100\/100|[from] drain|[of] p1b: Dondozo\n|faint|p1b: Dondozo\n|move|p1a: Heatran|Earth Power|p2b: Ogerpon\n|-resisted|p2b: Ogerpon\n|-damage|p2b: Ogerpon|84\/100\n|\n|-damage|p2a: Tornadus|8\/100|[from] move: Magma Storm|[partiallytrapped]\n|upkeep\n|\n|t:|1700353272\n|switch|p1b: Salamence|Salamence, L50, F|100\/100\n|-ability|p1b: Salamence|Intimidate|boost\n|-unboost|p2a: Tornadus|atk|1\n|-unboost|p2b: Ogerpon|atk|1\n|turn|3\n|\n|t:|1700353288\n|-terastallize|p2b: Ogerpon|Water\n|detailschange|p2b: Ogerpon|Ogerpon-Wellspring-Tera, L50, F, tera:Water\n|-ability|p2b: Ogerpon|Embody Aspect (Wellspring)|boost\n|-boost|p2b: Ogerpon|spd|1\n|move|p2a: Tornadus|Bleakwind Storm|p1b: Salamence|[spread] p1a,p1b\n|-supereffective|p1a: Heatran\n|-damage|p1a: Heatran|0 fnt\n|-damage|p1b: Salamence|51\/100\n|faint|p1a: Heatran\n|move|p2b: Ogerpon|Ivy Cudgel|p1b: Salamence|[anim] Ivy Cudgel Water\n|-resisted|p1b: Salamence\n|-damage|p1b: Salamence|0 fnt\n|faint|p1b: Salamence\n|\n|-end|p2a: Tornadus|Magma Storm|[partiallytrapped]|[silent]\n|upkeep\n|\n|t:|1700353303\n|switch|p1b: Urshifu|Urshifu, L50, F|100\/100\n|turn|4\n|\n|t:|1700353314\n|move|p1b: Urshifu|Sucker Punch|p2a: Tornadus\n|-damage|p2a: Tornadus|0 fnt\n|faint|p2a: Tornadus\n|move|p2b: Ogerpon|Ivy Cudgel|p1b: Urshifu|[anim] Ivy Cudgel Water\n|-enditem|p1b: Urshifu|Focus Sash\n|-damage|p1b: Urshifu|1\/100\n|\n|-sideend|p2: JeanRyuPR|move: Tailwind\n|upkeep\n|\n|t:|1700353322\n|switch|p2a: Iron Hands|Iron Hands, L50|100\/100\n|turn|5\n|\n|t:|1700353330\n|move|p2a: Iron Hands|Fake Out|p1b: Urshifu\n|-damage|p1b: Urshifu|0 fnt\n|faint|p1b: Urshifu\n|\n|win|JeanRyuPR\n|l|\u2606King32bit\n","uploadtime":1700353337,"views":20,"p1id":"king32bit","p2id":"jeanryupr","formatid":"gen9vgc2023regulatione","rating":0,"private":0,"password":""}