{"id":"gen9vgc2023regulatione-1989480827","p1":"QueenFluffyShadow","p2":"Solo Kelley","format":"[Gen 9] VGC 2023 Regulation E","log":"|j|\u2606QueenFluffyShadow\n|j|\u2606Solo Kelley\n|t:|1699857590\n|gametype|doubles\n|player|p1|QueenFluffyShadow|fantina|1014\n|player|p2|Solo Kelley|pokemonbreederf-gen4|1123\n|teamsize|p1|6\n|teamsize|p2|6\n|gen|9\n|tier|[Gen 9] VGC 2023 Regulation E\n|rated|\n|rule|Species Clause: Limit one of each Pok\u00e9mon\n|rule|Item Clause: Limit one of each item\n|clearpoke\n|poke|p1|Moltres-Galar, L50|\n|poke|p1|Arcanine-Hisui, L50, M|\n|poke|p1|Munkidori, L50, M|\n|poke|p1|Sinistcha, L50|\n|poke|p1|Grimmsnarl, L50, M|\n|poke|p1|Milotic, L50, F|\n|poke|p2|Zapdos, L50|\n|poke|p2|Milotic, L50, M|\n|poke|p2|Breloom, L50, M|\n|poke|p2|Chien-Pao, L50|\n|poke|p2|Arcanine-Hisui, L50, M|\n|poke|p2|Sableye, L50, F|\n|teampreview|4\n|\n|t:|1699857663\n|start\n|switch|p1a: Grimmsnarl|Grimmsnarl, L50, M|100\/100\n|switch|p1b: Munkidori|Munkidori, L50, M|100\/100\n|switch|p2a: Chien-Pao|Chien-Pao, L50|100\/100\n|switch|p2b: Milotic|Milotic, L50, M|100\/100\n|-ability|p2a: Chien-Pao|Sword of Ruin\n|-item|p2a: Chien-Pao|Focus Sash|[from] ability: Frisk|[of] p1b: Munkidori|[identify]\n|-item|p2b: Milotic|Wide Lens|[from] ability: Frisk|[of] p1b: Munkidori|[identify]\n|turn|1\n|\n|t:|1699857692\n|-terastallize|p2a: Chien-Pao|Ghost\n|move|p1b: Munkidori|Fake Out|p2b: Milotic\n|-damage|p2b: Milotic|89\/100\n|move|p1a: Grimmsnarl|Reflect|p1a: Grimmsnarl\n|-sidestart|p1: QueenFluffyShadow|Reflect\n|move|p2a: Chien-Pao|Throat Chop|p1b: Munkidori\n|-supereffective|p1b: Munkidori\n|-enditem|p1b: Munkidori|Focus Sash\n|-damage|p1b: Munkidori|1\/100\n|-start|p1b: Munkidori|Throat Chop|[silent]\n|cant|p2b: Milotic|flinch\n|\n|upkeep\n|turn|2\n|\n|t:|1699857751\n|switch|p1b: Sinistcha|Sinistcha, L50|100\/100\n|move|p1a: Grimmsnarl|Light Screen|p1a: Grimmsnarl\n|-sidestart|p1: QueenFluffyShadow|move: Light Screen\n|move|p2a: Chien-Pao|Throat Chop|p1b: Sinistcha\n|-supereffective|p1b: Sinistcha\n|-damage|p1b: Sinistcha|36\/100\n|-start|p1b: Sinistcha|Throat Chop|[silent]\n|-damage|p2a: Chien-Pao|84\/100|[from] item: Rocky Helmet|[of] p1b: Sinistcha\n|move|p2b: Milotic|Icy Wind|p1b: Sinistcha|[spread] p1a,p1b\n|-supereffective|p1b: Sinistcha\n|-damage|p1a: Grimmsnarl|93\/100\n|-damage|p1b: Sinistcha|22\/100\n|-unboost|p1a: Grimmsnarl|spe|1\n|-unboost|p1b: Sinistcha|spe|1\n|\n|upkeep\n|turn|3\n|\n|t:|1699857813\n|switch|p1b: Arcanine|Arcanine-Hisui, L50, M|100\/100\n|-ability|p1b: Arcanine|Intimidate|boost\n|-unboost|p2a: Chien-Pao|atk|1\n|-unboost|p2b: Milotic|atk|1\n|-ability|p2b: Milotic|Competitive|boost\n|-boost|p2b: Milotic|spa|2\n|move|p1a: Grimmsnarl|Parting Shot|p2a: Chien-Pao\n|-unboost|p2a: Chien-Pao|atk|1\n|-unboost|p2a: Chien-Pao|spa|1\n|\n|t:|1699857826\n|switch|p1a: Munkidori|Munkidori, L50, M|1\/100|[from] Parting Shot\n|-item|p2a: Chien-Pao|Focus Sash|[from] ability: Frisk|[of] p1a: Munkidori|[identify]\n|-item|p2b: Milotic|Wide Lens|[from] ability: Frisk|[of] p1a: Munkidori|[identify]\n|move|p2a: Chien-Pao|Ice Spinner|p1b: Arcanine\n|-resisted|p1b: Arcanine\n|-damage|p1b: Arcanine|91\/100\n|move|p2b: Milotic|Life Dew|p2b: Milotic|[spread] p2a,p2b\n|-heal|p2a: Chien-Pao|100\/100\n|-heal|p2b: Milotic|100\/100\n|\n|upkeep\n|turn|4\n|\n|t:|1699857863\n|switch|p2a: Zapdos|Zapdos, L50|100\/100\n|-ability|p2a: Zapdos|Pressure\n|-terastallize|p1b: Arcanine|Fairy\n|move|p1a: Munkidori|Fake Out|p2b: Milotic\n|-damage|p2b: Milotic|93\/100\n|cant|p2b: Milotic|flinch\n|move|p1b: Arcanine|Rock Slide|p2b: Milotic|[spread] p2a,p2b\n|-supereffective|p2a: Zapdos\n|-damage|p2a: Zapdos|45\/100\n|-damage|p2b: Milotic|59\/100\n|-enditem|p2a: Zapdos|Sitrus Berry|[eat]\n|-heal|p2a: Zapdos|70\/100|[from] item: Sitrus Berry\n|\n|upkeep\n|turn|5\n|\n|t:|1699857900\n|move|p1a: Munkidori|Parting Shot|p2a: Zapdos\n|-unboost|p2a: Zapdos|atk|1\n|-unboost|p2a: Zapdos|spa|1\n|\n|t:|1699857906\n|switch|p1a: Grimmsnarl|Grimmsnarl, L50, M|93\/100|[from] Parting Shot\n|move|p2b: Milotic|Icy Wind|p1b: Arcanine|[spread] p1a,p1b\n|-damage|p1a: Grimmsnarl|79\/100\n|-damage|p1b: Arcanine|80\/100\n|-unboost|p1a: Grimmsnarl|spe|1\n|-unboost|p1b: Arcanine|spe|1\n|move|p2a: Zapdos|Tailwind|p2a: Zapdos\n|-sidestart|p2: Solo Kelley|move: Tailwind\n|move|p1b: Arcanine|Rock Slide|p2a: Zapdos|[spread] p2a,p2b\n|-supereffective|p2a: Zapdos\n|-damage|p2a: Zapdos|12\/100\n|-damage|p2b: Milotic|22\/100\n|\n|upkeep\n|turn|6\n|\n|t:|1699857941\n|move|p1b: Arcanine|Extreme Speed|p2b: Milotic\n|-damage|p2b: Milotic|0 fnt\n|faint|p2b: Milotic\n|move|p2a: Zapdos|Roost|p2a: Zapdos\n|-heal|p2a: Zapdos|62\/100\n|-singleturn|p2a: Zapdos|move: Roost\n|move|p1a: Grimmsnarl|Low Kick|p2a: Zapdos\n|-damage|p2a: Zapdos|44\/100\n|\n|upkeep\n|\n|t:|1699857959\n|switch|p2b: Chien-Pao|Chien-Pao, L50, tera:Ghost|100\/100\n|-ability|p2b: Chien-Pao|Sword of Ruin\n|turn|7\n|\n|t:|1699857973\n|move|p2b: Chien-Pao|Protect|p2b: Chien-Pao\n|-singleturn|p2b: Chien-Pao|Protect\n|move|p1a: Grimmsnarl|Parting Shot|p2b: Chien-Pao\n|-activate|p2b: Chien-Pao|move: Protect\n|move|p2a: Zapdos|Heat Wave|p1a: Grimmsnarl|[spread] p1a,p1b\n|-damage|p1a: Grimmsnarl|70\/100\n|-damage|p1b: Arcanine|73\/100\n|move|p1b: Arcanine|Rock Slide|p2a: Zapdos|[spread] \n|-activate|p2b: Chien-Pao|move: Protect\n|-miss|p1b: Arcanine|p2a: Zapdos\n|\n|upkeep\n|turn|8\n|\n|t:|1699858019\n|move|p1a: Grimmsnarl|Parting Shot|p2a: Zapdos\n|-unboost|p2a: Zapdos|atk|1\n|-unboost|p2a: Zapdos|spa|1\n|\n|t:|1699858025\n|switch|p1a: Sinistcha|Sinistcha, L50|22\/100|[from] Parting Shot\n|-heal|p1b: Arcanine|97\/100|[from] ability: Hospitality|[of] p1a: Sinistcha\n|move|p2b: Chien-Pao|Ice Spinner|p1b: Arcanine\n|-damage|p1b: Arcanine|60\/100\n|move|p2a: Zapdos|Heat Wave|p1a: Sinistcha|[spread] p1a,p1b\n|-supereffective|p1a: Sinistcha\n|-damage|p1a: Sinistcha|8\/100\n|-damage|p1b: Arcanine|54\/100\n|move|p1b: Arcanine|Rock Slide|p2a: Zapdos|[spread] p2a,p2b\n|-supereffective|p2a: Zapdos\n|-damage|p2a: Zapdos|0 fnt\n|-damage|p2b: Chien-Pao|58\/100\n|faint|p2a: Zapdos\n|\n|-sideend|p1: QueenFluffyShadow|Reflect\n|-sideend|p2: Solo Kelley|move: Tailwind\n|upkeep\n|\n|t:|1699858043\n|switch|p2a: Breloom|Breloom, L50, M|100\/100\n|turn|9\n|\n|t:|1699858063\n|move|p2b: Chien-Pao|Throat Chop|p1a: Sinistcha\n|-supereffective|p1a: Sinistcha\n|-damage|p1a: Sinistcha|0 fnt\n|-damage|p2b: Chien-Pao|42\/100|[from] item: Rocky Helmet|[of] p1a: Sinistcha\n|faint|p1a: Sinistcha\n|move|p2a: Breloom|Bullet Seed|p1b: Arcanine\n|-damage|p1b: Arcanine|27\/100\n|-damage|p1b: Arcanine|0 fnt\n|faint|p1b: Arcanine\n|-hitcount|p1: Arcanine|2\n|\n|-sideend|p1: QueenFluffyShadow|move: Light Screen\n|upkeep\n|\n|t:|1699858074\n|switch|p1b: Munkidori|Munkidori, L50, M|1\/100\n|switch|p1a: Grimmsnarl|Grimmsnarl, L50, M|70\/100\n|-item|p2a: Breloom|Choice Scarf|[from] ability: Frisk|[of] p1b: Munkidori|[identify]\n|-item|p2b: Chien-Pao|Focus Sash|[from] ability: Frisk|[of] p1b: Munkidori|[identify]\n|turn|10\n|\n|t:|1699858124\n|move|p1a: Grimmsnarl|Parting Shot|p2a: Breloom\n|-unboost|p2a: Breloom|atk|1\n|-unboost|p2a: Breloom|spa|1\n|move|p2b: Chien-Pao|Ice Spinner|p1a: Grimmsnarl\n|-damage|p1a: Grimmsnarl|26\/100\n|move|p2a: Breloom|Bullet Seed|p1a: Grimmsnarl\n|-damage|p1a: Grimmsnarl|11\/100\n|-damage|p1a: Grimmsnarl|0 fnt\n|faint|p1a: Grimmsnarl\n|-hitcount|p1: Grimmsnarl|2\n|move|p1b: Munkidori|Sludge Bomb|p2a: Breloom\n|-supereffective|p2a: Breloom\n|-damage|p2a: Breloom|0 fnt\n|faint|p2a: Breloom\n|\n|upkeep\n|turn|11\n|-message|QueenFluffyShadow forfeited.\n|\n|win|Solo Kelley\n|raw|QueenFluffyShadow's rating: 1014 &rarr; <strong>1006<\/strong><br \/>(-8 for losing)\n|raw|Solo Kelley's rating: 1123 &rarr; <strong>1140<\/strong><br \/>(+17 for winning)\n","uploadtime":1699858147,"views":11,"p1id":"queenfluffyshadow","p2id":"solokelley","formatid":"gen9vgc2023regulatione","rating":1006,"private":0,"password":""}