{"id":"gen9vgc2023regulatione-1989142892","p1":"MurphyTheMut","p2":"Der Anymer Typ","format":"[Gen 9] VGC 2023 Regulation E","log":"|j|\u2606MurphyTheMut\n|j|\u2606Der Anymer Typ\n|t:|1699816801\n|gametype|doubles\n|player|p1|MurphyTheMut|roughneck-gen4|1139\n|player|p2|Der Anymer Typ|ninjaboy|1051\n|teamsize|p1|6\n|teamsize|p2|6\n|gen|9\n|tier|[Gen 9] VGC 2023 Regulation E\n|rated|\n|rule|Species Clause: Limit one of each Pok\u00e9mon\n|rule|Item Clause: Limit one of each item\n|clearpoke\n|poke|p1|Hippowdon, L50, M|\n|poke|p1|Tyranitar, L50, M|\n|poke|p1|Flutter Mane, L50|\n|poke|p1|Indeedee-F, L50, F|\n|poke|p1|Armarouge, L50, M|\n|poke|p1|Kommo-o, L50, M|\n|poke|p2|Farigiraf, L50, M|\n|poke|p2|Landorus-Therian, L50, M|\n|poke|p2|Iron Bundle, L50|\n|poke|p2|Ninetales-Alola, L50, F|\n|poke|p2|Mamoswine, L50, F|\n|poke|p2|Iron Hands, L50|\n|teampreview|4\n|\n|t:|1699816846\n|start\n|switch|p1a: Indeedee|Indeedee-F, L50, F|100\/100\n|switch|p1b: Kommo-o|Kommo-o, L50, M|100\/100\n|switch|p2a: Mamoswine|Mamoswine, L50, F|100\/100\n|switch|p2b: Landorus|Landorus-Therian, L50, M|100\/100\n|-ability|p2b: Landorus|Intimidate|boost\n|-unboost|p1a: Indeedee|atk|1\n|-unboost|p1b: Kommo-o|atk|1\n|-fieldstart|move: Psychic Terrain|[from] ability: Psychic Surge|[of] p1a: Indeedee\n|turn|1\n|inactive|Battle timer is ON: inactive players will automatically lose when time's up. (requested by MurphyTheMut)\n|\n|t:|1699816867\n|-terastallize|p2b: Landorus|Flying\n|move|p1a: Indeedee|Follow Me|p1a: Indeedee\n|-singleturn|p1a: Indeedee|move: Follow Me\n|move|p2b: Landorus|Tera Blast|p1a: Indeedee|[anim] Tera Blast Flying\n|-crit|p1a: Indeedee\n|-damage|p1a: Indeedee|10\/100\n|move|p2a: Mamoswine|Icicle Spear|p1a: Indeedee\n|-damage|p1a: Indeedee|0 fnt\n|faint|p1a: Indeedee\n|-hitcount|p1: Indeedee|1\n|move|p1b: Kommo-o|Iron Defense|p1b: Kommo-o\n|-boost|p1b: Kommo-o|def|2\n|\n|upkeep\n|\n|t:|1699816882\n|switch|p1a: Flutter Mane|Flutter Mane, L50|100\/100\n|turn|2\n|inactive|MurphyTheMut has 30 seconds left.\n|inactive|MurphyTheMut has 20 seconds left.\n|\n|t:|1699816918\n|-end|p1a: Flutter Mane|Protosynthesis|[silent]\n|switch|p1a: Tyranitar|Tyranitar, L50, M|100\/100\n|-weather|Sandstorm|[from] ability: Sand Stream|[of] p1a: Tyranitar\n|-enditem|p1a: Tyranitar|Psychic Seed\n|-boost|p1a: Tyranitar|spd|1|[from] item: Psychic Seed\n|move|p2b: Landorus|Tera Blast|p1a: Tyranitar|[anim] Tera Blast Flying\n|-resisted|p1a: Tyranitar\n|-damage|p1a: Tyranitar|74\/100\n|move|p2a: Mamoswine|Icicle Spear|p1b: Kommo-o\n|-supereffective|p1b: Kommo-o\n|-damage|p1b: Kommo-o|91\/100\n|-supereffective|p1b: Kommo-o\n|-damage|p1b: Kommo-o|81\/100\n|-supereffective|p1b: Kommo-o\n|-damage|p1b: Kommo-o|70\/100\n|-supereffective|p1b: Kommo-o\n|-damage|p1b: Kommo-o|59\/100\n|-hitcount|p1b: Kommo-o|4\n|move|p1b: Kommo-o|Iron Defense|p1b: Kommo-o\n|-boost|p1b: Kommo-o|def|2\n|\n|-weather|Sandstorm|[upkeep]\n|-damage|p2b: Landorus|94\/100|[from] Sandstorm\n|-heal|p1b: Kommo-o|65\/100|[from] item: Leftovers\n|upkeep\n|turn|3\n|inactive|Der Anymer Typ has 30 seconds left.\n|inactive|Der Anymer Typ has 20 seconds left.\n|inactive|Der Anymer Typ has 15 seconds left.\n|\n|t:|1699816960\n|switch|p2b: Ninetales|Ninetales-Alola, L50, F|100\/100\n|-weather|Snow|[from] ability: Snow Warning|[of] p2b: Ninetales\n|move|p1b: Kommo-o|Protect|p1b: Kommo-o\n|-singleturn|p1b: Kommo-o|Protect\n|move|p2a: Mamoswine|High Horsepower|p1a: Tyranitar\n|-supereffective|p1a: Tyranitar\n|-damage|p1a: Tyranitar|0 fnt\n|faint|p1a: Tyranitar\n|\n|-weather|Snow|[upkeep]\n|-heal|p1b: Kommo-o|71\/100|[from] item: Leftovers\n|upkeep\n|\n|t:|1699816972\n|switch|p1a: Flutter Mane|Flutter Mane, L50|100\/100\n|turn|4\n|\n|t:|1699816991\n|switch|p2a: Iron Hands|Iron Hands, L50|100\/100\n|-terastallize|p1b: Kommo-o|Steel\n|move|p2b: Ninetales|Aurora Veil|p2b: Ninetales\n|-sidestart|p2: Der Anymer Typ|move: Aurora Veil\n|move|p1a: Flutter Mane|Moonblast|p2b: Ninetales\n|-damage|p2b: Ninetales|38\/100\n|move|p1b: Kommo-o|Body Press|p2a: Iron Hands\n|-damage|p2a: Iron Hands|37\/100\n|\n|-weather|Snow|[upkeep]\n|-heal|p1b: Kommo-o|77\/100|[from] item: Leftovers\n|upkeep\n|turn|5\n|inactive|Der Anymer Typ has 30 seconds left.\n|inactive|Der Anymer Typ has 20 seconds left.\n|inactive|Der Anymer Typ has 15 seconds left.\n|inactive|Der Anymer Typ has 10 seconds left.\n|\n|t:|1699817039\n|-end|p2a: Iron Hands|Quark Drive|[silent]\n|switch|p2a: Landorus|Landorus-Therian, L50, M, tera:Flying|94\/100\n|-ability|p2a: Landorus|Intimidate|boost\n|-unboost|p1a: Flutter Mane|atk|1\n|-unboost|p1b: Kommo-o|atk|1\n|move|p2b: Ninetales|Protect|p2b: Ninetales\n|-singleturn|p2b: Ninetales|Protect\n|move|p1b: Kommo-o|Protect|p1b: Kommo-o\n|-singleturn|p1b: Kommo-o|Protect\n|move|p1a: Flutter Mane|Moonblast|p2b: Ninetales\n|-activate|p2b: Ninetales|move: Protect\n|\n|-weather|Snow|[upkeep]\n|-heal|p1b: Kommo-o|83\/100|[from] item: Leftovers\n|-fieldend|move: Psychic Terrain\n|upkeep\n|turn|6\n|inactive|MurphyTheMut has 30 seconds left.\n|\n|t:|1699817069\n|switch|p2b: Iron Hands|Iron Hands, L50|37\/100\n|move|p2a: Landorus|Tera Blast|p1a: Flutter Mane|[anim] Tera Blast Flying\n|-damage|p1a: Flutter Mane|0 fnt\n|faint|p1a: Flutter Mane\n|-end|p1a: Flutter Mane|Protosynthesis|[silent]\n|move|p1b: Kommo-o|Body Press|p2a: Landorus\n|-resisted|p2a: Landorus\n|-damage|p2a: Landorus|44\/100\n|\n|-weather|Snow|[upkeep]\n|-heal|p1b: Kommo-o|89\/100|[from] item: Leftovers\n|upkeep\n|turn|7\n|\n|t:|1699817090\n|switch|p2a: Mamoswine|Mamoswine, L50, F|100\/100\n|move|p2b: Iron Hands|Fake Out|p1b: Kommo-o\n|-resisted|p1b: Kommo-o\n|-damage|p1b: Kommo-o|87\/100\n|cant|p1b: Kommo-o|flinch\n|\n|-weather|none\n|-heal|p1b: Kommo-o|93\/100|[from] item: Leftovers\n|upkeep\n|turn|8\n|\n|t:|1699817104\n|move|p1b: Kommo-o|Protect|p1b: Kommo-o\n|-singleturn|p1b: Kommo-o|Protect\n|move|p2a: Mamoswine|High Horsepower|p1b: Kommo-o\n|-activate|p1b: Kommo-o|move: Protect\n|move|p2b: Iron Hands|Drain Punch|p1b: Kommo-o\n|-activate|p1b: Kommo-o|move: Protect\n|\n|-heal|p1b: Kommo-o|99\/100|[from] item: Leftovers\n|upkeep\n|turn|9\n|\n|t:|1699817119\n|switch|p2a: Ninetales|Ninetales-Alola, L50, F|38\/100\n|-weather|Snow|[from] ability: Snow Warning|[of] p2a: Ninetales\n|move|p1b: Kommo-o|Body Press|p2a: Ninetales\n|-damage|p2a: Ninetales|0 fnt\n|faint|p2a: Ninetales\n|move|p2b: Iron Hands|Drain Punch|p1b: Kommo-o\n|-supereffective|p1b: Kommo-o\n|-damage|p1b: Kommo-o|80\/100\n|-heal|p2b: Iron Hands|45\/100|[from] drain|[of] p1b: Kommo-o\n|\n|-weather|Snow|[upkeep]\n|-heal|p1b: Kommo-o|86\/100|[from] item: Leftovers\n|upkeep\n|\n|t:|1699817134\n|switch|p2a: Landorus|Landorus-Therian, L50, M, tera:Flying|44\/100\n|-ability|p2a: Landorus|Intimidate|boost\n|-unboost|p1b: Kommo-o|atk|1\n|turn|10\n|inactive|MurphyTheMut has 30 seconds left.\n|\n|t:|1699817159\n|-end|p2b: Iron Hands|Quark Drive|[silent]\n|switch|p2b: Mamoswine|Mamoswine, L50, F|100\/100\n|move|p2a: Landorus|Stomping Tantrum|p1b: Kommo-o\n|-supereffective|p1b: Kommo-o\n|-damage|p1b: Kommo-o|65\/100\n|move|p1b: Kommo-o|Body Press|p2a: Landorus\n|-resisted|p2a: Landorus\n|-damage|p2a: Landorus|0 fnt\n|faint|p2a: Landorus\n|\n|-weather|Snow|[upkeep]\n|-heal|p1b: Kommo-o|71\/100|[from] item: Leftovers\n|upkeep\n|\n|t:|1699817172\n|switch|p2a: Iron Hands|Iron Hands, L50|45\/100\n|turn|11\n|\n|t:|1699817178\n|move|p1b: Kommo-o|Protect|p1b: Kommo-o\n|-singleturn|p1b: Kommo-o|Protect\n|move|p2a: Iron Hands|Fake Out|p1b: Kommo-o\n|-activate|p1b: Kommo-o|move: Protect\n|move|p2b: Mamoswine|High Horsepower|p1b: Kommo-o\n|-activate|p1b: Kommo-o|move: Protect\n|\n|-weather|Snow|[upkeep]\n|-heal|p1b: Kommo-o|77\/100|[from] item: Leftovers\n|-sideend|p2: Der Anymer Typ|move: Aurora Veil\n|upkeep\n|turn|12\n|-message|Der Anymer Typ forfeited.\n|\n|win|MurphyTheMut\n|raw|MurphyTheMut's rating: 1139 &rarr; <strong>1158<\/strong><br \/>(+19 for winning)\n|raw|Der Anymer Typ's rating: 1051 &rarr; <strong>1038<\/strong><br \/>(-13 for losing)\n|l|\u2606Der Anymer Typ\n|c|\u2606MurphyTheMut|WEEEEEYY\n","uploadtime":1699817357,"views":32,"p1id":"murphythemut","p2id":"deranymertyp","formatid":"gen9vgc2023regulatione","rating":1038,"private":0,"password":""}