{"id":"gen9vgc2023regulatione-1998385183","p1":"eternatas boi","p2":"meesterkrebs","format":"[Gen 9] VGC 2023 Regulation E","log":"|j|\u2606eternatas boi\n|j|\u2606meesterkrebs\n|t:|1700936387\n|gametype|doubles\n|player|p1|eternatas boi|170|1178\n|player|p2|meesterkrebs|steven|1209\n|teamsize|p1|6\n|teamsize|p2|6\n|gen|9\n|tier|[Gen 9] VGC 2023 Regulation E\n|rated|\n|rule|Species Clause: Limit one of each Pok\u00e9mon\n|rule|Item Clause: Limit one of each item\n|clearpoke\n|poke|p1|Urshifu-*, L50, F|\n|poke|p1|Tornadus, L50, M|\n|poke|p1|Rillaboom, L50, M|\n|poke|p1|Basculegion, L50, M|\n|poke|p1|Amoonguss, L50, M|\n|poke|p1|Thundurus-Therian, L50, M|\n|poke|p2|Urshifu-*, L50, M|\n|poke|p2|Gholdengo, L50|\n|poke|p2|Arcanine, L50, M|\n|poke|p2|Rillaboom, L50, F|\n|poke|p2|Sableye, L50, F|\n|poke|p2|Roaring Moon, L50|\n|teampreview|4\neternatas boi rejected open team sheets.\n|\n|t:|1700936412\n|start\n|switch|p1a: Tornadus|Tornadus, L50, M, shiny|100\/100\n|switch|p1b: Urshifu|Urshifu-Rapid-Strike, L50, F|100\/100\n|switch|p2a: Sableye|Sableye, L50, F|100\/100\n|switch|p2b: Arcanine|Arcanine, L50, M|100\/100\n|-ability|p2b: Arcanine|Intimidate|boost\n|-unboost|p1a: Tornadus|atk|1\n|-unboost|p1b: Urshifu|atk|1\n|turn|1\n|\n|t:|1700936431\n|switch|p2b: Rillaboom|Rillaboom, L50, F|100\/100\n|-fieldstart|move: Grassy Terrain|[from] ability: Grassy Surge|[of] p2b: Rillaboom\n|-terastallize|p1b: Urshifu|Water\n|move|p1a: Tornadus|Rain Dance|p1a: Tornadus\n|-weather|RainDance\n|move|p2a: Sableye|Will-O-Wisp|p1b: Urshifu|[miss]\n|-miss|p2a: Sableye|p1b: Urshifu\n|move|p1b: Urshifu|Surging Strikes|p2b: Rillaboom\n|-resisted|p2b: Rillaboom\n|-crit|p2b: Rillaboom\n|-damage|p2b: Rillaboom|70\/100\n|-resisted|p2b: Rillaboom\n|-crit|p2b: Rillaboom\n|-damage|p2b: Rillaboom|41\/100\n|-resisted|p2b: Rillaboom\n|-crit|p2b: Rillaboom\n|-damage|p2b: Rillaboom|10\/100\n|-hitcount|p2b: Rillaboom|3\n|\n|-weather|RainDance|[upkeep]\n|-heal|p2b: Rillaboom|16\/100|[from] Grassy Terrain\n|upkeep\n|turn|2\n|\n|t:|1700936457\n|switch|p1b: Thundurus|Thundurus-Therian, L50, M, shiny|100\/100\n|move|p2b: Rillaboom|Fake Out|p1b: Thundurus\n|-damage|p1b: Thundurus|80\/100\n|move|p2a: Sableye|Will-O-Wisp|p1b: Thundurus\n|-status|p1b: Thundurus|brn\n|move|p1a: Tornadus|Bleakwind Storm|p2b: Rillaboom|[spread] p2a,p2b\n|-supereffective|p2b: Rillaboom\n|-damage|p2a: Sableye|70\/100\n|-damage|p2b: Rillaboom|0 fnt\n|faint|p2b: Rillaboom\n|\n|-weather|RainDance|[upkeep]\n|-heal|p2a: Sableye|76\/100|[from] Grassy Terrain\n|-damage|p1b: Thundurus|74\/100 brn|[from] brn\n|upkeep\n|\n|t:|1700936462\n|switch|p2b: Roaring Moon|Roaring Moon, L50|100\/100\n|-enditem|p2b: Roaring Moon|Booster Energy\n|-activate|p2b: Roaring Moon|ability: Protosynthesis|[fromitem]\n|-start|p2b: Roaring Moon|protosynthesisspe\n|turn|3\n|\n|t:|1700936492\n|move|p1a: Tornadus|Tailwind|p1a: Tornadus\n|-sidestart|p1: eternatas boi|move: Tailwind\n|move|p2a: Sableye|Disable|p1a: Tornadus\n|-start|p1a: Tornadus|Disable|Tailwind\n|move|p1b: Thundurus|Volt Switch|p2a: Sableye\n|-damage|p2a: Sableye|7\/100\n|\n|t:|1700936501\n|switch|p1b: Urshifu|Urshifu-Rapid-Strike, L50, F, tera:Water|100\/100|[from] Volt Switch\n|move|p2b: Roaring Moon|Knock Off|p1b: Urshifu\n|-damage|p1b: Urshifu|62\/100\n|-enditem|p1b: Urshifu|Choice Band|[from] move: Knock Off|[of] p2b: Roaring Moon\n|\n|-weather|RainDance|[upkeep]\n|-heal|p1b: Urshifu|68\/100|[from] Grassy Terrain\n|-heal|p2a: Sableye|13\/100|[from] Grassy Terrain\n|upkeep\n|turn|4\n|\n|t:|1700936544\n|-end|p2b: Roaring Moon|Protosynthesis|[silent]\n|switch|p2b: Arcanine|Arcanine, L50, M|100\/100\n|-ability|p2b: Arcanine|Intimidate|boost\n|-unboost|p1a: Tornadus|atk|1\n|-unboost|p1b: Urshifu|atk|1\n|move|p2a: Sableye|Will-O-Wisp|p1b: Urshifu\n|-status|p1b: Urshifu|brn\n|move|p1a: Tornadus|Bleakwind Storm|p2a: Sableye|[spread] p2a,p2b\n|-damage|p2a: Sableye|0 fnt\n|-damage|p2b: Arcanine|64\/100\n|-unboost|p2b: Arcanine|spe|1\n|faint|p2a: Sableye\n|move|p1b: Urshifu|Close Combat|p2b: Arcanine\n|-damage|p2b: Arcanine|40\/100\n|-unboost|p1b: Urshifu|def|1\n|-unboost|p1b: Urshifu|spd|1\n|-enditem|p2b: Arcanine|Sitrus Berry|[eat]\n|-heal|p2b: Arcanine|64\/100|[from] item: Sitrus Berry\n|\n|-weather|RainDance|[upkeep]\n|-heal|p1b: Urshifu|74\/100 brn|[from] Grassy Terrain\n|-heal|p2b: Arcanine|71\/100|[from] Grassy Terrain\n|-damage|p1b: Urshifu|68\/100 brn|[from] brn\n|upkeep\n|\n|t:|1700936564\n|switch|p2a: Roaring Moon|Roaring Moon, L50|100\/100\n|turn|5\n|\n|t:|1700936590\n|-terastallize|p2b: Arcanine|Water\n|move|p1a: Tornadus|Bleakwind Storm|p2a: Roaring Moon|[spread] p2a,p2b\n|-damage|p2a: Roaring Moon|73\/100\n|-damage|p2b: Arcanine|34\/100\n|-unboost|p2b: Arcanine|spe|1\n|move|p1b: Urshifu|Surging Strikes|p2b: Arcanine\n|-resisted|p2b: Arcanine\n|-crit|p2b: Arcanine\n|-damage|p2b: Arcanine|22\/100\n|-resisted|p2b: Arcanine\n|-crit|p2b: Arcanine\n|-damage|p2b: Arcanine|11\/100\n|-resisted|p2b: Arcanine\n|-crit|p2b: Arcanine\n|-damage|p2b: Arcanine|0 fnt\n|faint|p2b: Arcanine\n|-hitcount|p2: Arcanine|3\n|move|p2a: Roaring Moon|Breaking Swipe|p1b: Urshifu|[spread] p1a,p1b\n|-damage|p1a: Tornadus|83\/100\n|-damage|p1b: Urshifu|42\/100 brn\n|-unboost|p1a: Tornadus|atk|1\n|-unboost|p1b: Urshifu|atk|1\n|-damage|p2a: Roaring Moon|57\/100|[from] item: Rocky Helmet|[of] p1a: Tornadus\n|\n|-weather|none\n|-heal|p1b: Urshifu|48\/100 brn|[from] Grassy Terrain\n|-heal|p2a: Roaring Moon|63\/100|[from] Grassy Terrain\n|-damage|p1b: Urshifu|42\/100 brn|[from] brn\n|-fieldend|move: Grassy Terrain\n|upkeep\n|turn|6\n|\n|t:|1700936618\n|move|p1a: Tornadus|Bleakwind Storm|p2a: Roaring Moon|[miss]\n|-miss|p1a: Tornadus|p2a: Roaring Moon\n|move|p1b: Urshifu|Close Combat|p2a: Roaring Moon\n|-supereffective|p2a: Roaring Moon\n|-damage|p2a: Roaring Moon|36\/100\n|-unboost|p1b: Urshifu|def|1\n|-unboost|p1b: Urshifu|spd|1\n|move|p2a: Roaring Moon|Breaking Swipe|p1b: Urshifu|[spread] p1a,p1b\n|-damage|p1a: Tornadus|63\/100\n|-damage|p1b: Urshifu|8\/100 brn\n|-unboost|p1a: Tornadus|atk|1\n|-unboost|p1b: Urshifu|atk|1\n|-damage|p2a: Roaring Moon|19\/100|[from] item: Rocky Helmet|[of] p1a: Tornadus\n|\n|-damage|p1b: Urshifu|2\/100 brn|[from] brn\n|-sideend|p1: eternatas boi|move: Tailwind\n|upkeep\n|turn|7\n|\n|t:|1700936643\n|move|p2a: Roaring Moon|Knock Off|p1a: Tornadus\n|-damage|p1a: Tornadus|24\/100\n|-damage|p2a: Roaring Moon|3\/100|[from] item: Rocky Helmet|[of] p1a: Tornadus\n|-enditem|p1a: Tornadus|Rocky Helmet|[from] move: Knock Off|[of] p2a: Roaring Moon\n|move|p1a: Tornadus|Bleakwind Storm|p2a: Roaring Moon\n|-damage|p2a: Roaring Moon|0 fnt\n|faint|p2a: Roaring Moon\n|-end|p2a: Roaring Moon|Protosynthesis|[silent]\n|\n|win|eternatas boi\n|raw|eternatas boi's rating: 1178 &rarr; <strong>1205<\/strong><br \/>(+27 for winning)\n|raw|meesterkrebs's rating: 1209 &rarr; <strong>1182<\/strong><br \/>(-27 for losing)\n","uploadtime":1700936651,"views":1,"p1id":"eternatasboi","p2id":"meesterkrebs","formatid":"gen9vgc2023regulatione","rating":1182,"private":0,"password":""}