{"id":"gen9vgc2023regulatione-1999374829","p1":"CharlienoB","p2":"Leftovers1","format":"[Gen 9] VGC 2023 Regulation E","log":"|j|\u2606CharlienoB\n|j|\u2606Leftovers1\n|t:|1701069389\n|gametype|doubles\n|player|p1|CharlienoB|169|1134\n|player|p2|Leftovers1|steven|1000\n|teamsize|p1|6\n|teamsize|p2|6\n|gen|9\n|tier|[Gen 9] VGC 2023 Regulation E\n|rated|\n|rule|Species Clause: Limit one of each Pok\u00e9mon\n|rule|Item Clause: Limit one of each item\n|clearpoke\n|poke|p1|Gholdengo, L50|\n|poke|p1|Glimmora, L50, F|\n|poke|p1|Amoonguss, L50, M|\n|poke|p1|Arcanine-Hisui, L50, F|\n|poke|p1|Iron Bundle, L50|\n|poke|p1|Hippowdon, L50, M|\n|poke|p2|Ambipom, L50, M|\n|poke|p2|Dragapult, L50, M|\n|poke|p2|Slowbro, L50, M|\n|poke|p2|Conkeldurr, L50, F|\n|poke|p2|Lurantis, L50, F|\n|poke|p2|Carbink, L50|\n|teampreview|4\n|inactive|Battle timer is ON: inactive players will automatically lose when time's up. (requested by Leftovers1)\nLeftovers1 has agreed to open team sheets.\n|inactive|CharlienoB has 60 seconds left.\n|inactive|Leftovers1 has 60 seconds left.\n|\n|t:|1701069448\n|start\n|switch|p1a: Glimmora|Glimmora, L50, F|100\/100\n|switch|p1b: Amoonguss|Amoonguss, L50, M|100\/100\n|switch|p2a: Lurantis|Lurantis, L50, F|100\/100\n|switch|p2b: Ambipom|Ambipom, L50, M|100\/100\n|turn|1\n|inactive|Leftovers1 has 30 seconds left.\n|inactive|Leftovers1 has 20 seconds left.\n|\n|t:|1701069487\n|move|p1a: Glimmora|Protect|p1a: Glimmora\n|-singleturn|p1a: Glimmora|Protect\n|move|p1b: Amoonguss|Protect|p1b: Amoonguss\n|-singleturn|p1b: Amoonguss|Protect\n|move|p2b: Ambipom|Fake Out|p1b: Amoonguss\n|-activate|p1b: Amoonguss|move: Protect\n|move|p2a: Lurantis|Superpower|p1a: Glimmora\n|-activate|p1a: Glimmora|move: Protect\n|\n|upkeep\n|turn|2\n|\n|t:|1701069502\n|move|p2b: Ambipom|Protect|p2b: Ambipom\n|-singleturn|p2b: Ambipom|Protect\n|move|p1b: Amoonguss|Rage Powder|p1b: Amoonguss\n|-singleturn|p1b: Amoonguss|move: Rage Powder\n|move|p1a: Glimmora|Mortal Spin|p2b: Ambipom|[spread] p2a\n|-activate|p2b: Ambipom|move: Protect\n|-supereffective|p2a: Lurantis\n|-damage|p2a: Lurantis|89\/100\n|-status|p2a: Lurantis|psn\n|move|p2a: Lurantis|Superpower|p1a: Glimmora\n|-damage|p1a: Glimmora|40\/100\n|-boost|p2a: Lurantis|atk|1\n|-boost|p2a: Lurantis|def|1\n|-activate|p1a: Glimmora|ability: Toxic Debris\n|-sidestart|p2: Leftovers1|move: Toxic Spikes\n|-damage|p2a: Lurantis|79\/100 psn|[from] item: Life Orb\n|\n|-damage|p2a: Lurantis|67\/100 psn|[from] psn\n|upkeep\n|turn|3\n|\n|t:|1701069523\n|move|p1a: Glimmora|Protect|p1a: Glimmora\n|-singleturn|p1a: Glimmora|Protect\n|move|p2b: Ambipom|Double Hit|p1b: Amoonguss\n|-damage|p1b: Amoonguss|79\/100\n|-damage|p1b: Amoonguss|58\/100\n|-hitcount|p1b: Amoonguss|2\n|move|p2a: Lurantis|Leaf Blade|p1a: Glimmora\n|-activate|p1a: Glimmora|move: Protect\n|move|p1b: Amoonguss|Pollen Puff|p2a: Lurantis\n|-supereffective|p2a: Lurantis\n|-damage|p2a: Lurantis|29\/100 psn\n|\n|-damage|p2a: Lurantis|17\/100 psn|[from] psn\n|upkeep\n|turn|4\n|\n|t:|1701069545\n|switch|p1a: Hippowdon|Hippowdon, L50, M|100\/100\n|-weather|Sandstorm|[from] ability: Sand Stream|[of] p1a: Hippowdon\n|move|p1b: Amoonguss|Protect|p1b: Amoonguss\n|-singleturn|p1b: Amoonguss|Protect\n|move|p2b: Ambipom|Double Hit|p1b: Amoonguss\n|-activate|p1b: Amoonguss|move: Protect\n|move|p2a: Lurantis|Leaf Blade|p1a: Hippowdon\n|-supereffective|p1a: Hippowdon\n|-damage|p1a: Hippowdon|0 fnt\n|faint|p1a: Hippowdon\n|-damage|p2a: Lurantis|7\/100 psn|[from] item: Life Orb\n|\n|-weather|Sandstorm|[upkeep]\n|-damage|p2b: Ambipom|94\/100|[from] Sandstorm\n|-damage|p2a: Lurantis|1\/100 psn|[from] Sandstorm\n|-damage|p2a: Lurantis|0 fnt|[from] psn\n|faint|p2a: Lurantis\n|upkeep\n|\n|t:|1701069561\n|switch|p1a: Gholdengo|Gholdengo, L50|100\/100\n|switch|p2a: Slowbro|Slowbro, L50, M|100\/100\n|-status|p2a: Slowbro|psn\n|turn|5\n|\n|t:|1701069574\n|-terastallize|p2a: Slowbro|Fire\n|move|p2b: Ambipom|Knock Off|p1a: Gholdengo\n|-supereffective|p1a: Gholdengo\n|-damage|p1a: Gholdengo|49\/100\n|-enditem|p1a: Gholdengo|Leftovers|[from] move: Knock Off|[of] p2b: Ambipom\n|move|p1a: Gholdengo|Nasty Plot|p1a: Gholdengo\n|-boost|p1a: Gholdengo|spa|2\n|move|p1b: Amoonguss|Spore|p2b: Ambipom\n|-status|p2b: Ambipom|slp|[from] move: Spore\n|move|p2a: Slowbro|Trick Room|p2a: Slowbro\n|-fieldstart|move: Trick Room|[of] p2a: Slowbro\n|\n|-weather|Sandstorm|[upkeep]\n|-damage|p2a: Slowbro|95\/100 psn|[from] Sandstorm\n|-damage|p2b: Ambipom|88\/100 slp|[from] Sandstorm\n|-heal|p2a: Slowbro|100\/100 psn|[from] item: Leftovers\n|-damage|p2a: Slowbro|88\/100 psn|[from] psn\n|upkeep\n|turn|6\n|\n|t:|1701069591\n|switch|p2b: Dragapult|Dragapult, L50, M|100\/100\n|-status|p2b: Dragapult|psn\n|-terastallize|p1a: Gholdengo|Dragon\n|move|p2a: Slowbro|Protect|p2a: Slowbro\n|-singleturn|p2a: Slowbro|Protect\n|move|p1b: Amoonguss|Pollen Puff|p1a: Gholdengo\n|-heal|p1a: Gholdengo|99\/100\n|move|p1a: Gholdengo|Shadow Ball|p2a: Slowbro\n|-activate|p2a: Slowbro|move: Protect\n|\n|-weather|Sandstorm|[upkeep]\n|-damage|p2a: Slowbro|82\/100 psn|[from] Sandstorm\n|-damage|p1a: Gholdengo|93\/100|[from] Sandstorm\n|-damage|p2b: Dragapult|94\/100 psn|[from] Sandstorm\n|-heal|p2a: Slowbro|88\/100 psn|[from] item: Leftovers\n|-damage|p2a: Slowbro|76\/100 psn|[from] psn\n|-damage|p2b: Dragapult|82\/100 psn|[from] psn\n|upkeep\n|turn|7\n|inactive|CharlienoB has 30 seconds left.\n|\n|t:|1701069625\n|switch|p1b: Glimmora|Glimmora, L50, F|40\/100\n|move|p2a: Slowbro|Scald|p1a: Gholdengo\n|-resisted|p1a: Gholdengo\n|-damage|p1a: Gholdengo|80\/100\n|move|p1a: Gholdengo|Shadow Ball|p2b: Dragapult\n|-supereffective|p2b: Dragapult\n|-damage|p2b: Dragapult|0 fnt\n|faint|p2b: Dragapult\n|\n|-weather|Sandstorm|[upkeep]\n|-damage|p2a: Slowbro|70\/100 psn|[from] Sandstorm\n|-damage|p1a: Gholdengo|74\/100|[from] Sandstorm\n|-heal|p2a: Slowbro|76\/100 psn|[from] item: Leftovers\n|-damage|p2a: Slowbro|63\/100 psn|[from] psn\n|upkeep\n|\n|t:|1701069634\n|switch|p2b: Ambipom|Ambipom, L50, M|88\/100 slp\n|turn|8\n|\n|t:|1701069655\n|cant|p2b: Ambipom|slp\n|move|p2a: Slowbro|Scald|p1b: Glimmora\n|-supereffective|p1b: Glimmora\n|-damage|p1b: Glimmora|0 fnt\n|faint|p1b: Glimmora\n|move|p1a: Gholdengo|Make It Rain|p2b: Ambipom|[spread] p2a,p2b\n|-resisted|p2a: Slowbro\n|-damage|p2a: Slowbro|18\/100 psn\n|-damage|p2b: Ambipom|0 fnt\n|-unboost|p1a: Gholdengo|spa|1\n|faint|p2b: Ambipom\n|\n|-weather|none\n|-heal|p2a: Slowbro|24\/100 psn|[from] item: Leftovers\n|-damage|p2a: Slowbro|11\/100 psn|[from] psn\n|upkeep\n|\n|t:|1701069673\n|switch|p1b: Amoonguss|Amoonguss, L50, M|91\/100\n|turn|9\n|\n|t:|1701069682\n|move|p1b: Amoonguss|Rage Powder|p1b: Amoonguss\n|-singleturn|p1b: Amoonguss|move: Rage Powder\n|move|p2a: Slowbro|Slack Off|p2a: Slowbro\n|-heal|p2a: Slowbro|61\/100 psn\n|move|p1a: Gholdengo|Nasty Plot|p1a: Gholdengo\n|-boost|p1a: Gholdengo|spa|2\n|\n|-heal|p2a: Slowbro|67\/100 psn|[from] item: Leftovers\n|-damage|p2a: Slowbro|55\/100 psn|[from] psn\n|-fieldend|move: Trick Room\n|upkeep\n|turn|10\n|-message|Leftovers1 forfeited.\n|\n|win|CharlienoB\n|raw|CharlienoB's rating: 1134 &rarr; <strong>1150<\/strong><br \/>(+16 for winning)\n|raw|Leftovers1's rating: 1000 &rarr; <strong>1000<\/strong><br \/>(+0 for losing)\n|l|\u2606Leftovers1\n","uploadtime":1701069695,"views":8,"p1id":"charlienob","p2id":"leftovers1","formatid":"gen9vgc2023regulatione","rating":1000,"private":0,"password":""}