{"id":"gen9vgc2023regulatione-1997872689","p1":"Rulrus","p2":"FuzzThatWuzz","format":"[Gen 9] VGC 2023 Regulation E","log":"|j|\u2606Rulrus\n|j|\u2606FuzzThatWuzz\n|t:|1700862149\n|gametype|doubles\n|player|p1|Rulrus|170|1482\n|player|p2|FuzzThatWuzz|cynthia-gen4|1628\n|teamsize|p1|6\n|teamsize|p2|6\n|gen|9\n|tier|[Gen 9] VGC 2023 Regulation E\n|rated|\n|rule|Species Clause: Limit one of each Pok\u00e9mon\n|rule|Item Clause: Limit one of each item\n|clearpoke\n|poke|p1|Ogerpon-Wellspring, L50, F|\n|poke|p1|Iron Hands, L50|\n|poke|p1|Tornadus, L50, M|\n|poke|p1|Urshifu-*, L50, F|\n|poke|p1|Arcanine-Hisui, L50, F|\n|poke|p1|Flutter Mane, L50|\n|poke|p2|Weezing, L50, F|\n|poke|p2|Landorus-Therian, L50, M|\n|poke|p2|Roaring Moon, L50|\n|poke|p2|Rillaboom, L50, F|\n|poke|p2|Heatran, L50, M|\n|poke|p2|Palafin, L50, F|\n|teampreview|4\n|inactive|Battle timer is ON: inactive players will automatically lose when time's up. (requested by Rulrus)\n|c|\u2606Rulrus|the ability shield landot teams are awesome\n|inactive|Rulrus has 60 seconds left.\n|inactive|FuzzThatWuzz has 60 seconds left.\nFuzzThatWuzz has agreed to open team sheets.\n|c|\u2606Rulrus|big fan\n|c|\u2606FuzzThatWuzz|thx\n|\n|t:|1700862201\n|start\n|switch|p1a: Arcanine|Arcanine-Hisui, L50, F|100\/100\n|switch|p1b: Ogerpon|Ogerpon-Wellspring, L50, F|100\/100\n|switch|p2a: Weezing|Weezing, L50, F|100\/100\n|switch|p2b: Roaring Moon|Roaring Moon, L50|100\/100\n|-ability|p2a: Weezing|Neutralizing Gas\n|-enditem|p2b: Roaring Moon|Booster Energy\n|-activate|p2b: Roaring Moon|ability: Protosynthesis|[fromitem]\n|-start|p2b: Roaring Moon|protosynthesisspe\n|turn|1\n|c|\u2606FuzzThatWuzz|testing it out\n|\n|t:|1700862220\n|move|p1b: Ogerpon|Spiky Shield|p1b: Ogerpon\n|-singleturn|p1b: Ogerpon|move: Protect\n|move|p2b: Roaring Moon|Breaking Swipe|p1a: Arcanine|[spread] p1a\n|-activate|p1b: Ogerpon|move: Protect\n|-damage|p2b: Roaring Moon|88\/100|[from] Spiky Shield|[of] p1b: Ogerpon\n|-damage|p1a: Arcanine|76\/100\n|move|p1a: Arcanine|Will-O-Wisp|p2b: Roaring Moon\n|-status|p2b: Roaring Moon|brn\n|move|p2a: Weezing|Will-O-Wisp|p1b: Ogerpon\n|-activate|p1b: Ogerpon|move: Protect\n|\n|-damage|p2b: Roaring Moon|82\/100 brn|[from] brn\n|upkeep\n|turn|2\n|inactive|Rulrus has 30 seconds left.\n|inactive|FuzzThatWuzz has 30 seconds left.\n|\n|t:|1700862251\n|-terastallize|p1b: Ogerpon|Water\n|detailschange|p1b: Ogerpon|Ogerpon-Wellspring-Tera, L50, F, tera:Water\n|move|p2b: Roaring Moon|Knock Off|p1a: Arcanine\n|-damage|p1a: Arcanine|48\/100\n|-enditem|p1a: Arcanine|Clear Amulet|[from] move: Knock Off|[of] p2b: Roaring Moon\n|move|p1b: Ogerpon|Ivy Cudgel|p2a: Weezing|[anim] Ivy Cudgel Water\n|-damage|p2a: Weezing|46\/100\n|move|p1a: Arcanine|Rock Slide|p2a: Weezing|[spread] p2a,p2b\n|-damage|p2a: Weezing|26\/100\n|-damage|p2b: Roaring Moon|44\/100 brn\n|move|p2a: Weezing|Will-O-Wisp|p1b: Ogerpon\n|-status|p1b: Ogerpon|brn\n|\n|-heal|p2a: Weezing|32\/100|[from] item: Leftovers\n|-damage|p2b: Roaring Moon|38\/100 brn|[from] brn\n|-damage|p1b: Ogerpon|94\/100 brn|[from] brn\n|upkeep\n|turn|3\n|\n|t:|1700862272\n|move|p2a: Weezing|Protect|p2a: Weezing\n|-singleturn|p2a: Weezing|Protect\n|move|p2b: Roaring Moon|Tailwind|p2b: Roaring Moon\n|-sidestart|p2: FuzzThatWuzz|move: Tailwind\n|move|p1b: Ogerpon|Ivy Cudgel|p2a: Weezing|[anim] Ivy Cudgel Water\n|-activate|p2a: Weezing|move: Protect\n|move|p1a: Arcanine|Flare Blitz|p2a: Weezing\n|-activate|p2a: Weezing|move: Protect\n|\n|-heal|p2a: Weezing|38\/100|[from] item: Leftovers\n|-damage|p2b: Roaring Moon|32\/100 brn|[from] brn\n|-damage|p1b: Ogerpon|88\/100 brn|[from] brn\n|upkeep\n|turn|4\n|\n|t:|1700862290\n|move|p2b: Roaring Moon|Breaking Swipe|p1a: Arcanine|[spread] p1a,p1b\n|-damage|p1a: Arcanine|36\/100\n|-damage|p1b: Ogerpon|75\/100 brn\n|-unboost|p1a: Arcanine|atk|1\n|-unboost|p1b: Ogerpon|atk|1\n|move|p2a: Weezing|Sludge Bomb|p1a: Arcanine\n|-resisted|p1a: Arcanine\n|-damage|p1a: Arcanine|23\/100\n|move|p1b: Ogerpon|Ivy Cudgel|p2a: Weezing|[anim] Ivy Cudgel Water\n|-damage|p2a: Weezing|17\/100\n|move|p1a: Arcanine|Flare Blitz|p2a: Weezing\n|-damage|p2a: Weezing|0 fnt\n|faint|p2a: Weezing\n|-end|p2a: Weezing|ability: Neutralizing Gas\n|-ability|p1b: Ogerpon|Embody Aspect (Wellspring)|boost\n|-boost|p1b: Ogerpon|spd|1\n|-ability|p1a: Arcanine|Intimidate|boost\n|-unboost|p2b: Roaring Moon|atk|1\n|-damage|p1a: Arcanine|18\/100|[from] Recoil\n|\n|-damage|p2b: Roaring Moon|26\/100 brn|[from] brn\n|-damage|p1b: Ogerpon|68\/100 brn|[from] brn\n|upkeep\n|\n|t:|1700862310\n|switch|p2a: Rillaboom|Rillaboom, L50, F|100\/100\n|-fieldstart|move: Grassy Terrain|[from] ability: Grassy Surge|[of] p2a: Rillaboom\n|turn|5\n|inactive|FuzzThatWuzz has 30 seconds left.\n|\n|t:|1700862337\n|switch|p1a: Iron Hands|Iron Hands, L50|100\/100\n|move|p1b: Ogerpon|Spiky Shield|p1b: Ogerpon\n|-singleturn|p1b: Ogerpon|move: Protect\n|move|p2b: Roaring Moon|Breaking Swipe|p1a: Iron Hands|[spread] p1a\n|-activate|p1b: Ogerpon|move: Protect\n|-damage|p2b: Roaring Moon|14\/100 brn|[from] Spiky Shield|[of] p1b: Ogerpon\n|-damage|p1a: Iron Hands|94\/100\n|-unboost|p1a: Iron Hands|atk|1\n|move|p2a: Rillaboom|Wood Hammer|p1a: Iron Hands\n|-damage|p1a: Iron Hands|37\/100\n|-damage|p2a: Rillaboom|79\/100|[from] Recoil\n|\n|-heal|p2b: Roaring Moon|20\/100 brn|[from] Grassy Terrain\n|-heal|p2a: Rillaboom|85\/100|[from] Grassy Terrain\n|-heal|p1b: Ogerpon|75\/100 brn|[from] Grassy Terrain\n|-heal|p1a: Iron Hands|43\/100|[from] Grassy Terrain\n|-damage|p2b: Roaring Moon|14\/100 brn|[from] brn\n|-damage|p1b: Ogerpon|68\/100 brn|[from] brn\n|upkeep\n|turn|6\n|inactive|FuzzThatWuzz has 30 seconds left.\n|\n|t:|1700862366\n|switch|p2a: Landorus|Landorus-Therian, L50, M|100\/100\n|-ability|p2a: Landorus|Intimidate|boost\n|-unboost|p1a: Iron Hands|atk|1\n|-unboost|p1b: Ogerpon|atk|1\n|move|p2b: Roaring Moon|Protect|p2b: Roaring Moon\n|-singleturn|p2b: Roaring Moon|Protect\n|move|p1a: Iron Hands|Fake Out|p2a: Landorus\n|-damage|p2a: Landorus|91\/100\n|move|p1b: Ogerpon|Horn Leech|p2b: Roaring Moon\n|-activate|p2b: Roaring Moon|move: Protect\n|\n|-heal|p2b: Roaring Moon|20\/100 brn|[from] Grassy Terrain\n|-heal|p1b: Ogerpon|75\/100 brn|[from] Grassy Terrain\n|-heal|p1a: Iron Hands|49\/100|[from] Grassy Terrain\n|-damage|p2b: Roaring Moon|14\/100 brn|[from] brn\n|-damage|p1b: Ogerpon|68\/100 brn|[from] brn\n|-sideend|p2: FuzzThatWuzz|move: Tailwind\n|upkeep\n|turn|7\n|-message|Rulrus forfeited.\n|\n|win|FuzzThatWuzz\n|raw|Rulrus's rating: 1482 &rarr; <strong>1470<\/strong><br \/>(-12 for losing)\n|raw|FuzzThatWuzz's rating: 1628 &rarr; <strong>1640<\/strong><br \/>(+12 for winning)\n|l|\u2606Rulrus\n","uploadtime":1700862653,"views":9,"p1id":"rulrus","p2id":"fuzzthatwuzz","formatid":"gen9vgc2023regulatione","rating":1470,"private":0,"password":""}