{"id":"gen9vgc2023regulatione-1988578891","p1":"Fennel_Strawborzoi","p2":"Hugs1986","format":"[Gen 9] VGC 2023 Regulation E","log":"|j|\u2606Fennel_Strawborzoi\n|j|\u2606Hugs1986\n|t:|1699738205\n|gametype|doubles\n|player|p1|Fennel_Strawborzoi|cynthia|1331\n|player|p2|Hugs1986|169|1305\n|teamsize|p1|6\n|teamsize|p2|6\n|gen|9\n|tier|[Gen 9] VGC 2023 Regulation E\n|rated|\n|rule|Species Clause: Limit one of each Pok\u00e9mon\n|rule|Item Clause: Limit one of each item\n|clearpoke\n|poke|p1|Kommo-o, L50, F|\n|poke|p1|Tyranitar, L50, F|\n|poke|p1|Rillaboom, L50, M|\n|poke|p1|Flutter Mane, L50|\n|poke|p1|Arcanine-Hisui, L50, F|\n|poke|p1|Iron Bundle, L50|\n|poke|p2|Ninetales-Alola, L50, F|\n|poke|p2|Grimmsnarl, L50, M|\n|poke|p2|Wo-Chien, L50|\n|poke|p2|Arcanine-Hisui, L50, M|\n|poke|p2|Gastrodon, L50, F|\n|poke|p2|Frosmoth, L50, M|\n|teampreview|4\n|\n|t:|1699738259\n|start\n|switch|p1a: Rillaboom|Rillaboom, L50, M|100\/100\n|switch|p1b: Iron Bundle|Iron Bundle, L50|100\/100\n|switch|p2a: Grimmsnarl|Grimmsnarl, L50, M|100\/100\n|switch|p2b: Gastrodon|Gastrodon, L50, F|100\/100\n|-fieldstart|move: Grassy Terrain|[from] ability: Grassy Surge|[of] p1a: Rillaboom\n|-enditem|p2b: Gastrodon|Grassy Seed\n|-boost|p2b: Gastrodon|def|1|[from] item: Grassy Seed\n|-enditem|p1b: Iron Bundle|Booster Energy\n|-activate|p1b: Iron Bundle|ability: Quark Drive|[fromitem]\n|-start|p1b: Iron Bundle|quarkdrivespe\n|turn|1\n|\n|t:|1699738277\n|-terastallize|p2b: Gastrodon|Poison\n|move|p1a: Rillaboom|Fake Out|p2b: Gastrodon\n|-damage|p2b: Gastrodon|91\/100\n|move|p2a: Grimmsnarl|Light Screen|p2a: Grimmsnarl\n|-sidestart|p2: Hugs1986|move: Light Screen\n|move|p1b: Iron Bundle|Encore|p2a: Grimmsnarl\n|-start|p2a: Grimmsnarl|Encore\n|cant|p2b: Gastrodon|flinch\n|\n|-heal|p2b: Gastrodon|97\/100|[from] Grassy Terrain\n|upkeep\n|turn|2\n|\n|t:|1699738298\n|switch|p2a: Arcanine|Arcanine-Hisui, L50, M|100\/100\n|-ability|p2a: Arcanine|Intimidate|boost\n|-unboost|p1a: Rillaboom|atk|1\n|-unboost|p1b: Iron Bundle|atk|1\n|move|p1b: Iron Bundle|Icy Wind|p2a: Arcanine|[spread] p2a,p2b\n|-resisted|p2a: Arcanine\n|-damage|p2a: Arcanine|94\/100\n|-damage|p2b: Gastrodon|88\/100\n|-unboost|p2a: Arcanine|spe|1\n|-unboost|p2b: Gastrodon|spe|1\n|move|p1a: Rillaboom|Wood Hammer|p2a: Arcanine\n|-damage|p2a: Arcanine|20\/100\n|-damage|p1a: Rillaboom|76\/100|[from] Recoil\n|move|p2b: Gastrodon|Stealth Rock|p1b: Iron Bundle\n|-sidestart|p1: Fennel_Strawborzoi|move: Stealth Rock\n|\n|-heal|p1a: Rillaboom|82\/100|[from] Grassy Terrain\n|-heal|p2a: Arcanine|26\/100|[from] Grassy Terrain\n|-heal|p2b: Gastrodon|94\/100|[from] Grassy Terrain\n|upkeep\n|turn|3\n|\n|t:|1699738329\n|switch|p2a: Wo-Chien|Wo-Chien, L50|100\/100\n|-ability|p2a: Wo-Chien|Tablets of Ruin\n|move|p1a: Rillaboom|Fake Out||[still]\n|-hint|Fake Out only works on your first turn out.\n|-fail|p1a: Rillaboom\n|move|p1b: Iron Bundle|Icy Wind|p2b: Gastrodon|[spread] p2a,p2b\n|-supereffective|p2a: Wo-Chien\n|-damage|p2a: Wo-Chien|85\/100\n|-damage|p2b: Gastrodon|85\/100\n|-unboost|p2a: Wo-Chien|spe|1\n|-unboost|p2b: Gastrodon|spe|1\n|move|p2b: Gastrodon|Yawn|p1b: Iron Bundle\n|-start|p1b: Iron Bundle|move: Yawn|[of] p2b: Gastrodon\n|\n|-heal|p1a: Rillaboom|88\/100|[from] Grassy Terrain\n|-heal|p2a: Wo-Chien|92\/100|[from] Grassy Terrain\n|-heal|p2b: Gastrodon|91\/100|[from] Grassy Terrain\n|upkeep\n|turn|4\n|\n|t:|1699738351\n|-end|p1b: Iron Bundle|Quark Drive|[silent]\n|switch|p1b: Tyranitar|Tyranitar, L50, F|100\/100\n|-damage|p1b: Tyranitar|88\/100|[from] Stealth Rock\n|-weather|Sandstorm|[from] ability: Sand Stream|[of] p1b: Tyranitar\n|switch|p2a: Grimmsnarl|Grimmsnarl, L50, M|100\/100\n|move|p1a: Rillaboom|Taunt|p2b: Gastrodon\n|-start|p2b: Gastrodon|move: Taunt\n|cant|p2b: Gastrodon|move: Taunt|Yawn\n|\n|-weather|Sandstorm|[upkeep]\n|-damage|p1a: Rillaboom|82\/100|[from] Sandstorm\n|-damage|p2a: Grimmsnarl|95\/100|[from] Sandstorm\n|-damage|p2b: Gastrodon|85\/100|[from] Sandstorm\n|-heal|p1b: Tyranitar|94\/100|[from] Grassy Terrain\n|-heal|p1a: Rillaboom|88\/100|[from] Grassy Terrain\n|-heal|p2a: Grimmsnarl|100\/100|[from] Grassy Terrain\n|-heal|p2b: Gastrodon|91\/100|[from] Grassy Terrain\n|upkeep\n|turn|5\n|\n|t:|1699738386\n|switch|p1b: Kommo-o|Kommo-o, L50, F|100\/100\n|-damage|p1b: Kommo-o|94\/100|[from] Stealth Rock\n|switch|p1a: Iron Bundle|Iron Bundle, L50|100\/100\n|-damage|p1a: Iron Bundle|76\/100|[from] Stealth Rock\n|move|p2a: Grimmsnarl|Reflect|p2a: Grimmsnarl\n|-sidestart|p2: Hugs1986|Reflect\n|move|p2b: Gastrodon|Earth Power|p1b: Kommo-o\n|-damage|p1b: Kommo-o|68\/100\n|\n|-weather|Sandstorm|[upkeep]\n|-damage|p1a: Iron Bundle|70\/100|[from] Sandstorm\n|-damage|p2a: Grimmsnarl|95\/100|[from] Sandstorm\n|-damage|p2b: Gastrodon|85\/100|[from] Sandstorm\n|-heal|p1a: Iron Bundle|76\/100|[from] Grassy Terrain\n|-heal|p1b: Kommo-o|74\/100|[from] Grassy Terrain\n|-heal|p1b: Kommo-o|80\/100|[from] item: Leftovers\n|-heal|p2a: Grimmsnarl|100\/100|[from] Grassy Terrain\n|-heal|p2b: Gastrodon|91\/100|[from] Grassy Terrain\n|-fieldend|move: Grassy Terrain\n|upkeep\n|turn|6\n|\n|t:|1699738432\n|move|p1b: Kommo-o|Protect|p1b: Kommo-o\n|-singleturn|p1b: Kommo-o|Protect\n|move|p2a: Grimmsnarl|Parting Shot|p1b: Kommo-o\n|-activate|p1b: Kommo-o|move: Protect\n|move|p1a: Iron Bundle|Icy Wind|p2a: Grimmsnarl|[spread] p2a,p2b\n|-damage|p2a: Grimmsnarl|88\/100\n|-damage|p2b: Gastrodon|81\/100\n|-unboost|p2a: Grimmsnarl|spe|1\n|-unboost|p2b: Gastrodon|spe|1\n|move|p2b: Gastrodon|Earth Power|p1a: Iron Bundle\n|-damage|p1a: Iron Bundle|41\/100\n|\n|-weather|Sandstorm|[upkeep]\n|-damage|p1a: Iron Bundle|35\/100|[from] Sandstorm\n|-damage|p2a: Grimmsnarl|82\/100|[from] Sandstorm\n|-damage|p2b: Gastrodon|75\/100|[from] Sandstorm\n|-heal|p1b: Kommo-o|86\/100|[from] item: Leftovers\n|-end|p2b: Gastrodon|move: Taunt\n|upkeep\n|turn|7\n|\n|t:|1699738462\n|move|p1a: Iron Bundle|Protect|p1a: Iron Bundle\n|-singleturn|p1a: Iron Bundle|Protect\n|move|p2a: Grimmsnarl|Parting Shot|p1a: Iron Bundle\n|-activate|p1a: Iron Bundle|move: Protect\n|move|p1b: Kommo-o|Iron Defense|p1b: Kommo-o\n|-boost|p1b: Kommo-o|def|2\n|move|p2b: Gastrodon|Yawn|p1b: Kommo-o\n|-start|p1b: Kommo-o|move: Yawn|[of] p2b: Gastrodon\n|\n|-weather|Sandstorm|[upkeep]\n|-damage|p1a: Iron Bundle|29\/100|[from] Sandstorm\n|-damage|p2a: Grimmsnarl|76\/100|[from] Sandstorm\n|-damage|p2b: Gastrodon|69\/100|[from] Sandstorm\n|-heal|p1b: Kommo-o|92\/100|[from] item: Leftovers\n|upkeep\n|turn|8\n|\n|t:|1699738485\n|-end|p1a: Iron Bundle|Quark Drive|[silent]\n|switch|p1a: Rillaboom|Rillaboom, L50, M|88\/100\n|-damage|p1a: Rillaboom|75\/100|[from] Stealth Rock\n|-fieldstart|move: Grassy Terrain|[from] ability: Grassy Surge|[of] p1a: Rillaboom\n|move|p2a: Grimmsnarl|Parting Shot|p1a: Rillaboom\n|-unboost|p1a: Rillaboom|atk|1\n|-unboost|p1a: Rillaboom|spa|1\n|\n|t:|1699738494\n|switch|p2a: Wo-Chien|Wo-Chien, L50|92\/100|[from] Parting Shot\n|-ability|p2a: Wo-Chien|Tablets of Ruin\n|move|p1b: Kommo-o|Body Press|p2a: Wo-Chien\n|-supereffective|p2a: Wo-Chien\n|-damage|p2a: Wo-Chien|31\/100\n|move|p2b: Gastrodon|Yawn|p1a: Rillaboom\n|-start|p1a: Rillaboom|move: Yawn|[of] p2b: Gastrodon\n|\n|-weather|none\n|-heal|p1a: Rillaboom|81\/100|[from] Grassy Terrain\n|-heal|p1b: Kommo-o|98\/100|[from] Grassy Terrain\n|-heal|p1b: Kommo-o|100\/100|[from] item: Leftovers\n|-heal|p2a: Wo-Chien|37\/100|[from] Grassy Terrain\n|-heal|p2b: Gastrodon|75\/100|[from] Grassy Terrain\n|-end|p1b: Kommo-o|move: Yawn|[silent]\n|-status|p1b: Kommo-o|slp\n|-sideend|p2: Hugs1986|move: Light Screen\n|upkeep\n|turn|9\n|\n|t:|1699738529\n|cant|p1b: Kommo-o|slp\n|move|p1a: Rillaboom|Taunt|p2a: Wo-Chien\n|-start|p2a: Wo-Chien|move: Taunt\n|cant|p2a: Wo-Chien|move: Taunt|Leech Seed\n|move|p2b: Gastrodon|Earth Power|p1b: Kommo-o\n|-damage|p1b: Kommo-o|74\/100 slp\n|\n|-heal|p1a: Rillaboom|87\/100|[from] Grassy Terrain\n|-heal|p1b: Kommo-o|80\/100 slp|[from] Grassy Terrain\n|-heal|p1b: Kommo-o|86\/100 slp|[from] item: Leftovers\n|-heal|p2a: Wo-Chien|43\/100|[from] Grassy Terrain\n|-heal|p2b: Gastrodon|81\/100|[from] Grassy Terrain\n|-end|p1a: Rillaboom|move: Yawn|[silent]\n|-status|p1a: Rillaboom|slp\n|upkeep\n|turn|10\n|\n|t:|1699738548\n|switch|p1a: Tyranitar|Tyranitar, L50, F|94\/100\n|-damage|p1a: Tyranitar|82\/100|[from] Stealth Rock\n|-weather|Sandstorm|[from] ability: Sand Stream|[of] p1a: Tyranitar\n|switch|p2b: Arcanine|Arcanine-Hisui, L50, M|26\/100\n|-ability|p2b: Arcanine|Intimidate|boost\n|-unboost|p1a: Tyranitar|atk|1\n|-unboost|p1b: Kommo-o|atk|1\n|-curestatus|p1b: Kommo-o|slp|[msg]\n|move|p1b: Kommo-o|Protect|p1b: Kommo-o\n|-singleturn|p1b: Kommo-o|Protect\n|move|p2a: Wo-Chien|Pollen Puff|p2b: Arcanine\n|-heal|p2b: Arcanine|76\/100\n|\n|-weather|Sandstorm|[upkeep]\n|-damage|p2a: Wo-Chien|37\/100|[from] Sandstorm\n|-heal|p1a: Tyranitar|88\/100|[from] Grassy Terrain\n|-heal|p2b: Arcanine|82\/100|[from] Grassy Terrain\n|-heal|p1b: Kommo-o|92\/100|[from] Grassy Terrain\n|-heal|p1b: Kommo-o|98\/100|[from] item: Leftovers\n|-heal|p2a: Wo-Chien|43\/100|[from] Grassy Terrain\n|upkeep\n|turn|11\n|\n|t:|1699738594\n|switch|p2b: Gastrodon|Gastrodon, L50, F, tera:Poison|81\/100\n|switch|p2a: Grimmsnarl|Grimmsnarl, L50, M|76\/100\n|move|p1a: Tyranitar|Knock Off|p2a: Grimmsnarl\n|-resisted|p2a: Grimmsnarl\n|-crit|p2a: Grimmsnarl\n|-damage|p2a: Grimmsnarl|55\/100\n|-enditem|p2a: Grimmsnarl|Light Clay|[from] move: Knock Off|[of] p1a: Tyranitar\n|move|p1b: Kommo-o|Body Press|p2b: Gastrodon\n|-resisted|p2b: Gastrodon\n|-crit|p2b: Gastrodon\n|-damage|p2b: Gastrodon|23\/100\n|\n|-weather|Sandstorm|[upkeep]\n|-damage|p2a: Grimmsnarl|50\/100|[from] Sandstorm\n|-damage|p2b: Gastrodon|17\/100|[from] Sandstorm\n|-heal|p1a: Tyranitar|94\/100|[from] Grassy Terrain\n|-heal|p1b: Kommo-o|100\/100|[from] Grassy Terrain\n|-heal|p2a: Grimmsnarl|55\/100|[from] Grassy Terrain\n|-heal|p2b: Gastrodon|23\/100|[from] Grassy Terrain\n|upkeep\n|turn|12\n|\n|t:|1699738626\n|-terastallize|p1b: Kommo-o|Steel\n|move|p2b: Gastrodon|Protect|p2b: Gastrodon\n|-singleturn|p2b: Gastrodon|Protect\n|move|p1a: Tyranitar|Rock Slide|p2a: Grimmsnarl|[spread] p2a\n|-activate|p2b: Gastrodon|move: Protect\n|-damage|p2a: Grimmsnarl|43\/100\n|move|p1b: Kommo-o|Body Press|p2b: Gastrodon\n|-activate|p2b: Gastrodon|move: Protect\n|move|p2a: Grimmsnarl|Spirit Break|p1b: Kommo-o\n|-resisted|p1b: Kommo-o\n|-damage|p1b: Kommo-o|96\/100\n|-unboost|p1b: Kommo-o|spa|1\n|\n|-weather|Sandstorm|[upkeep]\n|-damage|p2a: Grimmsnarl|37\/100|[from] Sandstorm\n|-damage|p2b: Gastrodon|17\/100|[from] Sandstorm\n|-heal|p1a: Tyranitar|100\/100|[from] Grassy Terrain\n|-heal|p1b: Kommo-o|100\/100|[from] Grassy Terrain\n|-heal|p2a: Grimmsnarl|43\/100|[from] Grassy Terrain\n|-heal|p2b: Gastrodon|23\/100|[from] Grassy Terrain\n|-sideend|p2: Hugs1986|Reflect\n|-fieldend|move: Grassy Terrain\n|upkeep\n|turn|13\n|\n|t:|1699738648\n|switch|p1a: Rillaboom|Rillaboom, L50, M|87\/100 slp\n|-damage|p1a: Rillaboom|75\/100 slp|[from] Stealth Rock\n|-fieldstart|move: Grassy Terrain|[from] ability: Grassy Surge|[of] p1a: Rillaboom\n|move|p2a: Grimmsnarl|Reflect|p2a: Grimmsnarl\n|-sidestart|p2: Hugs1986|Reflect\n|move|p1b: Kommo-o|Body Press|p2b: Gastrodon\n|-resisted|p2b: Gastrodon\n|-damage|p2b: Gastrodon|0 fnt\n|faint|p2b: Gastrodon\n|\n|-weather|Sandstorm|[upkeep]\n|-damage|p1a: Rillaboom|69\/100 slp|[from] Sandstorm\n|-damage|p2a: Grimmsnarl|37\/100|[from] Sandstorm\n|-heal|p1a: Rillaboom|75\/100 slp|[from] Grassy Terrain\n|-heal|p2a: Grimmsnarl|43\/100|[from] Grassy Terrain\n|upkeep\n|\n|t:|1699738661\n|switch|p2b: Wo-Chien|Wo-Chien, L50|43\/100\n|-ability|p2b: Wo-Chien|Tablets of Ruin\n|turn|14\n|\n|t:|1699738675\n|move|p1b: Kommo-o|Protect|p1b: Kommo-o\n|-singleturn|p1b: Kommo-o|Protect\n|move|p2a: Grimmsnarl|Parting Shot|p1a: Rillaboom\n|-unboost|p1a: Rillaboom|atk|1\n|-unboost|p1a: Rillaboom|spa|1\n|\n|t:|1699738680\n|switch|p2a: Arcanine|Arcanine-Hisui, L50, M|82\/100|[from] Parting Shot\n|-ability|p2a: Arcanine|Intimidate|boost\n|-unboost|p1a: Rillaboom|atk|1\n|-unboost|p1b: Kommo-o|atk|1\n|cant|p1a: Rillaboom|slp\n|move|p2b: Wo-Chien|Leech Seed|p1b: Kommo-o\n|-activate|p1b: Kommo-o|move: Protect\n|\n|-weather|none\n|-heal|p2a: Arcanine|88\/100|[from] Grassy Terrain\n|-heal|p1a: Rillaboom|81\/100 slp|[from] Grassy Terrain\n|-heal|p2b: Wo-Chien|49\/100|[from] Grassy Terrain\n|upkeep\n|turn|15\n|\n|t:|1699738705\n|move|p2a: Arcanine|Flare Blitz|p1b: Kommo-o\n|-supereffective|p1b: Kommo-o\n|-damage|p1b: Kommo-o|57\/100\n|-damage|p2a: Arcanine|75\/100|[from] Recoil\n|cant|p1a: Rillaboom|slp\n|move|p1b: Kommo-o|Body Press|p2b: Wo-Chien\n|-supereffective|p2b: Wo-Chien\n|-damage|p2b: Wo-Chien|0 fnt\n|faint|p2b: Wo-Chien\n|\n|-heal|p2a: Arcanine|81\/100|[from] Grassy Terrain\n|-heal|p1a: Rillaboom|87\/100 slp|[from] Grassy Terrain\n|-heal|p1b: Kommo-o|63\/100|[from] Grassy Terrain\n|-heal|p1b: Kommo-o|69\/100|[from] item: Leftovers\n|upkeep\n|\n|t:|1699738715\n|switch|p2b: Grimmsnarl|Grimmsnarl, L50, M|43\/100\n|turn|16\n|\n|t:|1699738725\n|move|p1b: Kommo-o|Protect|p1b: Kommo-o\n|-singleturn|p1b: Kommo-o|Protect\n|move|p2b: Grimmsnarl|Parting Shot|p1a: Rillaboom\n|-unboost|p1a: Rillaboom|atk|1\n|-unboost|p1a: Rillaboom|spa|1\n|move|p2a: Arcanine|Flare Blitz|p1b: Kommo-o\n|-activate|p1b: Kommo-o|move: Protect\n|-curestatus|p1a: Rillaboom|slp|[msg]\n|move|p1a: Rillaboom|Taunt|p2b: Grimmsnarl\n|-start|p2b: Grimmsnarl|move: Taunt\n|\n|-heal|p2a: Arcanine|87\/100|[from] Grassy Terrain\n|-heal|p1a: Rillaboom|93\/100|[from] Grassy Terrain\n|-heal|p1b: Kommo-o|75\/100|[from] Grassy Terrain\n|-heal|p1b: Kommo-o|81\/100|[from] item: Leftovers\n|-heal|p2b: Grimmsnarl|49\/100|[from] Grassy Terrain\n|upkeep\n|turn|17\n|\n|t:|1699738746\n|switch|p1a: Tyranitar|Tyranitar, L50, F|100\/100\n|-damage|p1a: Tyranitar|88\/100|[from] Stealth Rock\n|-weather|Sandstorm|[from] ability: Sand Stream|[of] p1a: Tyranitar\n|move|p2a: Arcanine|Flare Blitz|p1b: Kommo-o\n|-supereffective|p1b: Kommo-o\n|-damage|p1b: Kommo-o|14\/100\n|-status|p1b: Kommo-o|brn\n|-damage|p2a: Arcanine|67\/100|[from] Recoil\n|move|p1b: Kommo-o|Body Press|p2a: Arcanine\n|-supereffective|p2a: Arcanine\n|-damage|p2a: Arcanine|4\/100\n|move|p2b: Grimmsnarl|Spirit Break|p1a: Tyranitar\n|-supereffective|p1a: Tyranitar\n|-damage|p1a: Tyranitar|30\/100\n|-unboost|p1a: Tyranitar|spa|1\n|\n|-weather|Sandstorm|[upkeep]\n|-damage|p2b: Grimmsnarl|43\/100|[from] Sandstorm\n|-heal|p1a: Tyranitar|36\/100|[from] Grassy Terrain\n|-heal|p2a: Arcanine|10\/100|[from] Grassy Terrain\n|-heal|p1b: Kommo-o|20\/100 brn|[from] Grassy Terrain\n|-heal|p1b: Kommo-o|26\/100 brn|[from] item: Leftovers\n|-heal|p2b: Grimmsnarl|49\/100|[from] Grassy Terrain\n|-damage|p1b: Kommo-o|20\/100 brn|[from] brn\n|-sideend|p2: Hugs1986|Reflect\n|-fieldend|move: Grassy Terrain\n|upkeep\n|turn|18\n|\n|t:|1699738778\n|move|p1a: Tyranitar|Rock Slide|p2a: Arcanine|[spread] p2a,p2b\n|-supereffective|p2a: Arcanine\n|-damage|p2a: Arcanine|0 fnt\n|-damage|p2b: Grimmsnarl|16\/100\n|faint|p2a: Arcanine\n|move|p1b: Kommo-o|Body Press|p2b: Grimmsnarl\n|-damage|p2b: Grimmsnarl|0 fnt\n|faint|p2b: Grimmsnarl\n|\n|win|Fennel_Strawborzoi\n|raw|Fennel_Strawborzoi's rating: 1331 &rarr; <strong>1350<\/strong><br \/>(+19 for winning)\n|raw|Hugs1986's rating: 1305 &rarr; <strong>1286<\/strong><br \/>(-19 for losing)\n|c|\u2606Fennel_Strawborzoi|Gg\n|l|\u2606Hugs1986\n","uploadtime":1699738796,"views":11,"p1id":"fennelstrawborzoi","p2id":"hugs1986","formatid":"gen9vgc2023regulatione","rating":1286,"private":0,"password":""}