{"id":"gen9vgc2023regulatione-1988408974","p1":"Plasma pap","p2":"unluckyalba","format":"[Gen 9] VGC 2023 Regulation E","log":"|j|\u2606Plasma pap\n|j|\u2606unluckyalba\n|n|\u2606Plasma pap|plasmapap\n|n|\u2606unluckyalba|unluckyalba\n|html|View the match progress at <a href=\"\/game-bestof3-gen9vgc2023regulatione-1988408973\">game-bestof3-gen9vgc2023regulatione-1988408973<\/a>\n|t:|1699719736\n|gametype|doubles\n|player|p1|Plasma pap|lance|\n|player|p2|unluckyalba|170|\n|teamsize|p1|6\n|teamsize|p2|6\n|gen|9\n|tier|[Gen 9] VGC 2023 Regulation E\n|rule|Species Clause: Limit one of each Pok\u00e9mon\n|rule|Item Clause: Limit one of each item\n|clearpoke\n|poke|p1|Iron Hands, L50|\n|poke|p1|Landorus-Therian, L50, M|\n|poke|p1|Amoonguss, L50, M|\n|poke|p1|Heatran, L50, F|\n|poke|p1|Roaring Moon, L50|\n|poke|p1|Flutter Mane, L50|\n|poke|p2|Grimmsnarl, L50, M|\n|poke|p2|Volcarona, L50, F|\n|poke|p2|Iron Hands, L50|\n|poke|p2|Ogerpon-Wellspring, L50, F|\n|poke|p2|Landorus-Therian, L50, M|\n|poke|p2|Dragapult, L50, M|\n|teampreview|4\nPlasma pap has agreed to open team sheets.\nunluckyalba has agreed to open team sheets.\n|showteam|p1|Iron Hands||AssaultVest|QuarkDrive|DrainPunch,WildCharge,VoltSwitch,FakeOut||||||50|,,,,,Water]Landorus-Therian||ChoiceScarf|Intimidate|StompingTantrum,RockSlide,Uturn,TeraBlast|||M|||50|,,,,,Flying]Amoonguss||RockyHelmet|Regenerator|PollenPuff,Spore,RagePowder,Protect|||M|||50|,,,,,Water]Heatran||Leftovers|FlashFire|MagmaStorm,Substitute,EarthPower,Protect|||F|||50|,,,,,Fairy]Roaring Moon||BoosterEnergy|Protosynthesis|Acrobatics,KnockOff,DragonDance,Protect||||||50|,,,,,Flying]Flutter Mane||ChoiceSpecs|Protosynthesis|ShadowBall,DazzlingGleam,Moonblast,PerishSong||||||50|,,,,,Fairy\n|showteam|p2|Grimmsnarl||LightClay|Prankster|Reflect,LightScreen,PartingShot,SpiritBreak|||M|||50|,,,,,Ghost]Volcarona||Leftovers|FlameBody|QuiverDance,HeatWave,BugBuzz,Protect|||F|||50|,,,,,Dragon]Iron Hands||AssaultVest|QuarkDrive|DrainPunch,WildCharge,HeavySlam,FakeOut||||||50|,,,,,Grass]Ogerpon-Wellspring||WellspringMask|WaterAbsorb|IvyCudgel,HornLeech,FollowMe,SpikyShield|||F|||50|,,,,,Water]Landorus-Therian||ChoiceScarf|Intimidate|TeraBlast,RockSlide,StompingTantrum,Uturn|||M|||50|,,,,,Flying]Dragapult||ChoiceBand|ClearBody|DragonDarts,TeraBlast,Uturn,SuckerPunch|||M|||50|,,,,,Ghost\n|\n|t:|1699719852\n|start\n|switch|p1a: Heatran|Heatran, L50, F|100\/100\n|switch|p1b: Landorus|Landorus-Therian, L50, M|100\/100\n|switch|p2a: Grimmsnarl|Grimmsnarl, L50, M|100\/100\n|switch|p2b: Ogerpon|Ogerpon-Wellspring, L50, F|100\/100\n|-ability|p1b: Landorus|Intimidate|boost\n|-unboost|p2a: Grimmsnarl|atk|1\n|-unboost|p2b: Ogerpon|atk|1\n|turn|1\n|c|\u2606unluckyalba|glhf\n|\n|t:|1699719879\n|-terastallize|p2b: Ogerpon|Water\n|detailschange|p2b: Ogerpon|Ogerpon-Wellspring-Tera, L50, F, tera:Water\n|-ability|p2b: Ogerpon|Embody Aspect (Wellspring)|boost\n|-boost|p2b: Ogerpon|spd|1\n|move|p2a: Grimmsnarl|Reflect|p2a: Grimmsnarl\n|-sidestart|p2: unluckyalba|Reflect\n|move|p1b: Landorus|U-turn|p2a: Grimmsnarl\n|-damage|p2a: Grimmsnarl|82\/100\n|c|\u2606Plasma pap|u2\n|\n|t:|1699719887\n|switch|p1b: Iron Hands|Iron Hands, L50|100\/100|[from] U-turn\n|move|p2b: Ogerpon|Ivy Cudgel|p1b: Iron Hands\n|-damage|p1b: Iron Hands|60\/100\n|move|p1a: Heatran|Magma Storm|p2b: Ogerpon|[miss]\n|-miss|p1a: Heatran|p2b: Ogerpon\n|\n|upkeep\n|turn|2\n|\n|t:|1699719915\n|-terastallize|p1a: Heatran|Fairy\n|move|p1b: Iron Hands|Fake Out|p2a: Grimmsnarl\n|-crit|p2a: Grimmsnarl\n|-damage|p2a: Grimmsnarl|58\/100\n|cant|p2a: Grimmsnarl|flinch\n|move|p2b: Ogerpon|Ivy Cudgel|p1a: Heatran\n|-damage|p1a: Heatran|57\/100\n|move|p1a: Heatran|Magma Storm|p2a: Grimmsnarl\n|-damage|p2a: Grimmsnarl|5\/100\n|-activate|p2a: Grimmsnarl|move: Magma Storm|[of] p1a: Heatran\n|\n|-heal|p1a: Heatran|63\/100|[from] item: Leftovers\n|-damage|p2a: Grimmsnarl|0 fnt|[from] move: Magma Storm|[partiallytrapped]\n|faint|p2a: Grimmsnarl\n|upkeep\n|\n|t:|1699719929\n|switch|p2a: Volcarona|Volcarona, L50, F|100\/100\n|turn|3\n|\n|t:|1699719955\n|move|p2b: Ogerpon|Ivy Cudgel|p1a: Heatran\n|-damage|p1a: Heatran|16\/100\n|move|p2a: Volcarona|Quiver Dance|p2a: Volcarona\n|-boost|p2a: Volcarona|spa|1\n|-boost|p2a: Volcarona|spd|1\n|-boost|p2a: Volcarona|spe|1\n|move|p1a: Heatran|Substitute|p1a: Heatran\n|-fail|p1a: Heatran|move: Substitute|[weak]\n|move|p1b: Iron Hands|Wild Charge|p2b: Ogerpon\n|-supereffective|p2b: Ogerpon\n|-damage|p2b: Ogerpon|32\/100\n|-damage|p1b: Iron Hands|47\/100|[from] Recoil\n|\n|-heal|p1a: Heatran|22\/100|[from] item: Leftovers\n|upkeep\n|turn|4\n|\n|t:|1699719973\n|move|p1a: Heatran|Protect|p1a: Heatran\n|-singleturn|p1a: Heatran|Protect\n|move|p2a: Volcarona|Quiver Dance|p2a: Volcarona\n|-boost|p2a: Volcarona|spa|1\n|-boost|p2a: Volcarona|spd|1\n|-boost|p2a: Volcarona|spe|1\n|move|p2b: Ogerpon|Ivy Cudgel|p1b: Iron Hands\n|-damage|p1b: Iron Hands|10\/100\n|move|p1b: Iron Hands|Wild Charge|p2b: Ogerpon\n|-supereffective|p2b: Ogerpon\n|-damage|p2b: Ogerpon|0 fnt\n|faint|p2b: Ogerpon\n|-damage|p1b: Iron Hands|3\/100|[from] Recoil\n|\n|-heal|p1a: Heatran|28\/100|[from] item: Leftovers\n|upkeep\n|\n|t:|1699719987\n|switch|p2b: Dragapult|Dragapult, L50, M|100\/100\n|turn|5\n|\n|t:|1699720004\n|switch|p1a: Landorus|Landorus-Therian, L50, M|100\/100\n|-ability|p1a: Landorus|Intimidate|boost\n|-unboost|p2a: Volcarona|atk|1\n|-fail|p2b: Dragapult|unboost|[from] ability: Clear Body|[of] p2b: Dragapult\n|move|p2a: Volcarona|Bug Buzz|p1a: Landorus\n|-resisted|p1a: Landorus\n|-damage|p1a: Landorus|53\/100\n|move|p2b: Dragapult|Dragon Darts|p1b: Iron Hands\n|-damage|p1b: Iron Hands|0 fnt\n|-anim|p2b: Dragapult|Dragon Darts|p1a: Landorus\n|-damage|p1a: Landorus|13\/100\n|faint|p1b: Iron Hands\n|-end|p1b: Iron Hands|Quark Drive|[silent]\n|\n|upkeep\n|\n|t:|1699720024\n|switch|p1b: Flutter Mane|Flutter Mane, L50|100\/100\n|turn|6\n|\n|t:|1699720031\n|switch|p1a: Heatran|Heatran, L50, F, tera:Fairy|28\/100\n|move|p2a: Volcarona|Heat Wave|p1a: Heatran|[spread] p1b\n|-start|p1a: Heatran|ability: Flash Fire\n|-damage|p1b: Flutter Mane|37\/100\n|move|p2b: Dragapult|Dragon Darts|p1a: Heatran\n|-immune|p1b: Flutter Mane\n|move|p1b: Flutter Mane|Perish Song|p1b: Flutter Mane\n|-start|p1a: Heatran|perish3|[silent]\n|-start|p1b: Flutter Mane|perish3|[silent]\n|-start|p2a: Volcarona|perish3|[silent]\n|-start|p2b: Dragapult|perish3|[silent]\n|-fieldactivate|move: Perish Song\n|\n|-heal|p1a: Heatran|34\/100|[from] item: Leftovers\n|-start|p2a: Volcarona|perish3\n|-start|p2b: Dragapult|perish3\n|-start|p1b: Flutter Mane|perish3\n|-start|p1a: Heatran|perish3\n|upkeep\n|turn|7\n|\n|t:|1699720120\n|-end|p1b: Flutter Mane|Protosynthesis|[silent]\n|switch|p1b: Landorus|Landorus-Therian, L50, M|13\/100\n|-ability|p1b: Landorus|Intimidate|boost\n|-unboost|p2a: Volcarona|atk|1\n|-fail|p2b: Dragapult|unboost|[from] ability: Clear Body|[of] p2b: Dragapult\n|move|p2a: Volcarona|Heat Wave|p1a: Heatran|[spread] p1b\n|-immune|p1a: Heatran|[from] ability: Flash Fire\n|-damage|p1b: Landorus|0 fnt\n|faint|p1b: Landorus\n|move|p2b: Dragapult|Dragon Darts|p1a: Heatran\n|-immune|p1a: Heatran\n|move|p1a: Heatran|Substitute|p1a: Heatran\n|-start|p1a: Heatran|Substitute\n|-damage|p1a: Heatran|9\/100\n|\n|-heal|p1a: Heatran|15\/100|[from] item: Leftovers\n|-start|p2a: Volcarona|perish2\n|-start|p2b: Dragapult|perish2\n|-start|p1a: Heatran|perish2\n|upkeep\n|\n|t:|1699720127\n|switch|p1b: Flutter Mane|Flutter Mane, L50|37\/100\n|turn|8\n|\n|t:|1699720148\n|move|p1a: Heatran|Protect|p1a: Heatran\n|-singleturn|p1a: Heatran|Protect\n|move|p2a: Volcarona|Bug Buzz|p1b: Flutter Mane\n|-resisted|p1b: Flutter Mane\n|-damage|p1b: Flutter Mane|17\/100\n|move|p2b: Dragapult|Dragon Darts|p1a: Heatran\n|-immune|p1b: Flutter Mane\n|move|p1b: Flutter Mane|Moonblast|p2b: Dragapult\n|-supereffective|p2b: Dragapult\n|-damage|p2b: Dragapult|0 fnt\n|faint|p2b: Dragapult\n|\n|-heal|p1a: Heatran|21\/100|[from] item: Leftovers\n|-start|p2a: Volcarona|perish1\n|-start|p1a: Heatran|perish1\n|-sideend|p2: unluckyalba|Reflect\n|upkeep\n|turn|9\n|\n|t:|1699720161\n|move|p2a: Volcarona|Bug Buzz|p1b: Flutter Mane\n|-resisted|p1b: Flutter Mane\n|-damage|p1b: Flutter Mane|0 fnt\n|faint|p1b: Flutter Mane\n|-end|p1b: Flutter Mane|Protosynthesis|[silent]\n|move|p1a: Heatran|Earth Power|p2a: Volcarona\n|-damage|p2a: Volcarona|87\/100\n|-unboost|p2a: Volcarona|spd|1\n|\n|-heal|p2a: Volcarona|93\/100|[from] item: Leftovers\n|-heal|p1a: Heatran|27\/100|[from] item: Leftovers\n|-start|p2a: Volcarona|perish0\n|-start|p1a: Heatran|perish0\n|upkeep\n|faint|p2a: Volcarona\n|faint|p1a: Heatran\n|\n|win|Plasma pap\n|c|&|\/uhtml prompt-plasmapap,Plasma pap is ready for game 2!\n|inactive|unluckyalba has 50 seconds to confirm battle start!\n|c|&|\/uhtml prompt-unluckyalba,unluckyalba is ready for game 2!\nBoth players are ready! Starting next match!\n|l|\u2606unluckyalba\n","uploadtime":1699720827,"views":14,"p1id":"plasmapap","p2id":"unluckyalba","formatid":"gen9vgc2023regulatione","rating":0,"private":0,"password":""}