{"id":"gen9vgc2023regulatione-1999717553","p1":"Pauliet456","p2":"s150004","format":"[Gen 9] VGC 2023 Regulation E","log":"|j|\u2606Pauliet456\n|j|\u2606s150004\n|t:|1701110506\n|gametype|doubles\n|player|p1|Pauliet456|265|1596\n|player|p2|s150004|102|1579\n|teamsize|p1|6\n|teamsize|p2|6\n|gen|9\n|tier|[Gen 9] VGC 2023 Regulation E\n|rated|\n|rule|Species Clause: Limit one of each Pok\u00e9mon\n|rule|Item Clause: Limit one of each item\n|clearpoke\n|poke|p1|Dondozo, L50, M|\n|poke|p1|Tatsugiri, L50, F|\n|poke|p1|Ninetales-Alola, L50, M|\n|poke|p1|Glimmora, L50, F|\n|poke|p1|Ogerpon-Hearthflame, L50, F|\n|poke|p1|Iron Hands, L50|\n|poke|p2|Weezing, L50, F|\n|poke|p2|Flutter Mane, L50|\n|poke|p2|Roaring Moon, L50|\n|poke|p2|Empoleon, L50, F|\n|poke|p2|Landorus-Therian, L50, M|\n|poke|p2|Iron Hands, L50|\n|teampreview|4\n|inactive|Battle timer is ON: inactive players will automatically lose when time's up. (requested by Pauliet456)\n|j| Asacado\n|\n|t:|1701110547\n|start\n|switch|p1a: Ogerpon|Ogerpon-Hearthflame, L50, F|100\/100\n|switch|p1b: Iron Hands|Iron Hands, L50|100\/100\n|switch|p2a: Weezing|Weezing, L50, F|100\/100\n|switch|p2b: Landorus|Landorus-Therian, L50, M|100\/100\n|-ability|p2a: Weezing|Neutralizing Gas\n|-block|p2b: Landorus|item: Ability Shield\n|-ability|p2b: Landorus|Intimidate|boost\n|-unboost|p1a: Ogerpon|atk|1\n|-unboost|p1b: Iron Hands|atk|1\n|turn|1\n|\n|t:|1701110564\n|move|p1b: Iron Hands|Fake Out|p2b: Landorus\n|-damage|p2b: Landorus|88\/100\n|cant|p2b: Landorus|flinch\n|move|p1a: Ogerpon|Swords Dance|p1a: Ogerpon\n|-boost|p1a: Ogerpon|atk|2\n|move|p2a: Weezing|Will-O-Wisp|p1b: Iron Hands\n|-status|p1b: Iron Hands|brn\n|\n|-damage|p1b: Iron Hands|95\/100 brn|[from] brn\n|upkeep\n|turn|2\n|\n|t:|1701110583\n|move|p2b: Landorus|Protect|p2b: Landorus\n|-singleturn|p2b: Landorus|Protect\n|move|p1a: Ogerpon|Spiky Shield|p1a: Ogerpon\n|-singleturn|p1a: Ogerpon|move: Protect\n|move|p2a: Weezing|Gunk Shot|p1a: Ogerpon\n|-activate|p1a: Ogerpon|move: Protect\n|move|p1b: Iron Hands|Heavy Slam|p2b: Landorus\n|-activate|p2b: Landorus|move: Protect\n|\n|-damage|p1b: Iron Hands|89\/100 brn|[from] brn\n|upkeep\n|turn|3\n|\n|t:|1701110598\n|switch|p2b: Iron Hands|Iron Hands, L50|100\/100\n|-terastallize|p1a: Ogerpon|Fire\n|detailschange|p1a: Ogerpon|Ogerpon-Hearthflame-Tera, L50, F, tera:Fire\n|move|p1a: Ogerpon|Ivy Cudgel|p2a: Weezing|[anim] Ivy Cudgel Fire\n|-damage|p2a: Weezing|10\/100\n|move|p2a: Weezing|Gunk Shot|p1a: Ogerpon|[miss]\n|-miss|p2a: Weezing|p1a: Ogerpon\n|move|p1b: Iron Hands|Heavy Slam|p2b: Iron Hands\n|-resisted|p2b: Iron Hands\n|-damage|p2b: Iron Hands|99\/100\n|\n|-heal|p2a: Weezing|16\/100|[from] item: Black Sludge\n|-damage|p1b: Iron Hands|83\/100 brn|[from] brn\n|upkeep\n|turn|4\n|\n|t:|1701110618\n|-end|p2b: Iron Hands|Quark Drive|[silent]\n|switch|p2b: Landorus|Landorus-Therian, L50, M|88\/100\n|-ability|p2b: Landorus|Intimidate|boost\n|-unboost|p1a: Ogerpon|atk|1\n|-unboost|p1b: Iron Hands|atk|1\n|move|p1a: Ogerpon|Spiky Shield|p1a: Ogerpon\n|-singleturn|p1a: Ogerpon|move: Protect\n|move|p2a: Weezing|Pain Split|p1b: Iron Hands\n|-sethp|p1b: Iron Hands|47\/100 brn|[from] move: Pain Split|[silent]\n|-sethp|p2a: Weezing|65\/100|[from] move: Pain Split\n|move|p1b: Iron Hands|Heavy Slam|p2a: Weezing\n|-damage|p2a: Weezing|55\/100\n|\n|-heal|p2a: Weezing|61\/100|[from] item: Black Sludge\n|-damage|p1b: Iron Hands|41\/100 brn|[from] brn\n|upkeep\n|turn|5\n|\n|t:|1701110642\n|move|p2b: Landorus|U-turn|p1b: Iron Hands\n|-resisted|p1b: Iron Hands\n|-damage|p1b: Iron Hands|31\/100 brn\n|\n|t:|1701110645\n|switch|p2b: Iron Hands|Iron Hands, L50|99\/100|[from] U-turn\n|move|p1a: Ogerpon|Swords Dance|p1a: Ogerpon\n|-boost|p1a: Ogerpon|atk|2\n|move|p2a: Weezing|Pain Split|p1a: Ogerpon\n|-sethp|p1a: Ogerpon|78\/100|[from] move: Pain Split|[silent]\n|-sethp|p2a: Weezing|85\/100|[from] move: Pain Split\n|move|p1b: Iron Hands|Wild Charge|p2a: Weezing\n|-damage|p2a: Weezing|74\/100\n|-damage|p1b: Iron Hands|29\/100 brn|[from] Recoil\n|\n|-heal|p2a: Weezing|80\/100|[from] item: Black Sludge\n|-damage|p1b: Iron Hands|24\/100 brn|[from] brn\n|upkeep\n|turn|6\n|inactive|s150004 has 30 seconds left.\n|\n|t:|1701110672\n|move|p1a: Ogerpon|Ivy Cudgel|p2b: Iron Hands|[anim] Ivy Cudgel Fire\n|-damage|p2b: Iron Hands|0 fnt\n|faint|p2b: Iron Hands\n|-end|p2b: Iron Hands|Quark Drive|[silent]\n|move|p2a: Weezing|Gunk Shot|p1a: Ogerpon\n|-damage|p1a: Ogerpon|41\/100\n|move|p1b: Iron Hands|Heavy Slam|p2a: Weezing\n|-damage|p2a: Weezing|71\/100\n|\n|-heal|p2a: Weezing|77\/100|[from] item: Black Sludge\n|-damage|p1b: Iron Hands|18\/100 brn|[from] brn\n|upkeep\n|\n|t:|1701110682\n|switch|p2b: Flutter Mane|Flutter Mane, L50|100\/100\n|turn|7\n|\n|t:|1701110706\n|-terastallize|p2b: Flutter Mane|Fairy\n|move|p2b: Flutter Mane|Dazzling Gleam|p1b: Iron Hands|[spread] p1a,p1b\n|-resisted|p1a: Ogerpon\n|-supereffective|p1b: Iron Hands\n|-damage|p1a: Ogerpon|8\/100\n|-damage|p1b: Iron Hands|0 fnt\n|faint|p1b: Iron Hands\n|-end|p1b: Iron Hands|Quark Drive|[silent]\n|move|p1a: Ogerpon|Ivy Cudgel|p2b: Flutter Mane|[anim] Ivy Cudgel Fire\n|-damage|p2b: Flutter Mane|0 fnt\n|faint|p2b: Flutter Mane\n|-end|p2b: Flutter Mane|Protosynthesis|[silent]\n|move|p2a: Weezing|Will-O-Wisp|p1a: Ogerpon|[miss]\n|-miss|p2a: Weezing|p1a: Ogerpon\n|\n|-heal|p2a: Weezing|83\/100|[from] item: Black Sludge\n|upkeep\n|-message|s150004 forfeited.\n|\n|win|Pauliet456\n|raw|Pauliet456's rating: 1596 &rarr; <strong>1615<\/strong><br \/>(+19 for winning)\n|raw|s150004's rating: 1579 &rarr; <strong>1560<\/strong><br \/>(-19 for losing)\n|l|\u2606s150004\n","uploadtime":1701110745,"views":1,"p1id":"pauliet456","p2id":"s150004","formatid":"gen9vgc2023regulatione","rating":1560,"private":0,"password":""}