{"id":"gen9vgc2023regulatione-1995738006","p1":"Ozwald McFly","p2":"BADBOY1010","format":"[Gen 9] VGC 2023 Regulation E","log":"|j|\u2606Ozwald McFly\n|j|\u2606BADBOY1010\n|t:|1700598527\n|gametype|doubles\n|player|p1|Ozwald McFly|169|1332\n|player|p2|BADBOY1010|swimmerf|1300\n|teamsize|p1|6\n|teamsize|p2|6\n|gen|9\n|tier|[Gen 9] VGC 2023 Regulation E\n|rated|\n|rule|Species Clause: Limit one of each Pok\u00e9mon\n|rule|Item Clause: Limit one of each item\n|clearpoke\n|poke|p1|Noctowl, L50, F|\n|poke|p1|Sandy Shocks, L50|\n|poke|p1|Espeon, L50, F|\n|poke|p1|Indeedee-F, L50, F|\n|poke|p1|Iron Hands, L50|\n|poke|p1|Decidueye-Hisui, L50, M|\n|poke|p2|Urshifu-*, L50, F|\n|poke|p2|Heatran, L50, F|\n|poke|p2|Farigiraf, L50, M|\n|poke|p2|Rillaboom, L50, F|\n|poke|p2|Dragonite, L50, F|\n|poke|p2|Chien-Pao, L50|\n|teampreview|4\n|inactive|Battle timer is ON: inactive players will automatically lose when time's up. (requested by BADBOY1010)\n|\n|t:|1700598557\n|start\n|switch|p1a: Iron Hands|Iron Hands, L50|100\/100\n|switch|p1b: Indeedee|Indeedee-F, L50, F|100\/100\n|switch|p2a: Farigiraf|Farigiraf, L50, M|100\/100\n|switch|p2b: Heatran|Heatran, L50, F|100\/100\n|-fieldstart|move: Psychic Terrain|[from] ability: Psychic Surge|[of] p1b: Indeedee\n|turn|1\n|\n|t:|1700598577\n|move|p2b: Heatran|Heat Wave|p1b: Indeedee|[spread] p1a,p1b\n|-crit|p1a: Iron Hands\n|-damage|p1a: Iron Hands|69\/100\n|-damage|p1b: Indeedee|65\/100\n|move|p2a: Farigiraf|Psychic|p1a: Iron Hands\n|-supereffective|p1a: Iron Hands\n|-damage|p1a: Iron Hands|22\/100\n|move|p1a: Iron Hands|Earthquake|p2b: Heatran|[spread] p1b,p2a,p2b\n|-supereffective|p2b: Heatran\n|-damage|p1b: Indeedee|33\/100\n|-damage|p2a: Farigiraf|76\/100\n|-damage|p2b: Heatran|0 fnt\n|-enditem|p1b: Indeedee|Sitrus Berry|[eat]\n|-heal|p1b: Indeedee|58\/100|[from] item: Sitrus Berry\n|faint|p2b: Heatran\n|move|p1b: Indeedee|Trick Room|p1b: Indeedee\n|-fieldstart|move: Trick Room|[of] p1b: Indeedee\n|\n|upkeep\n|\n|t:|1700598592\n|switch|p2b: Chien-Pao|Chien-Pao, L50|100\/100\n|-ability|p2b: Chien-Pao|Sword of Ruin\n|turn|2\n|\n|t:|1700598601\n|move|p1b: Indeedee|Helping Hand|p1a: Iron Hands\n|-singleturn|p1a: Iron Hands|Helping Hand|[of] p1b: Indeedee\n|move|p2b: Chien-Pao|Protect|p2b: Chien-Pao\n|-singleturn|p2b: Chien-Pao|Protect\n|move|p1a: Iron Hands|Drain Punch|p2a: Farigiraf\n|-damage|p2a: Farigiraf|3\/100\n|-heal|p1a: Iron Hands|58\/100|[from] drain|[of] p2a: Farigiraf\n|-damage|p1a: Iron Hands|42\/100|[from] item: Rocky Helmet|[of] p2a: Farigiraf\n|move|p2a: Farigiraf|Trick Room|p2a: Farigiraf\n|-fieldend|move: Trick Room\n|\n|upkeep\n|turn|3\n|inactive|Ozwald McFly has 30 seconds left.\n|inactive|Ozwald McFly has 20 seconds left.\n|\n|t:|1700598639\n|switch|p1b: Decidueye|Decidueye-Hisui, L50, M, shiny|100\/100\n|move|p2b: Chien-Pao|Ice Spinner|p1b: Decidueye\n|-supereffective|p1b: Decidueye\n|-damage|p1b: Decidueye|0 fnt\n|-fieldend|move: Psychic Terrain\n|faint|p1b: Decidueye\n|move|p2a: Farigiraf|Psychic|p1a: Iron Hands\n|-supereffective|p1a: Iron Hands\n|-damage|p1a: Iron Hands|5\/100\n|move|p1a: Iron Hands|Drain Punch|p2b: Chien-Pao\n|-supereffective|p2b: Chien-Pao\n|-enditem|p2b: Chien-Pao|Focus Sash\n|-damage|p2b: Chien-Pao|1\/100\n|-heal|p1a: Iron Hands|38\/100|[from] drain|[of] p2b: Chien-Pao\n|\n|upkeep\n|\n|t:|1700598655\n|switch|p1b: Espeon|Espeon, L50, F|100\/100\n|turn|4\n|\n|t:|1700598678\n|-terastallize|p1b: Espeon|Fairy\n|move|p2b: Chien-Pao|Sucker Punch|p1b: Espeon\n|-resisted|p1b: Espeon\n|-crit|p1b: Espeon\n|-damage|p1b: Espeon|28\/100\n|move|p1b: Espeon|Dazzling Gleam|p2b: Chien-Pao|[spread] p2a,p2b\n|-supereffective|p2b: Chien-Pao\n|-damage|p2a: Farigiraf|0 fnt\n|-damage|p2b: Chien-Pao|0 fnt\n|faint|p2a: Farigiraf\n|faint|p2b: Chien-Pao\n|move|p1a: Iron Hands|Drain Punch|p2: Farigiraf|[notarget]\n|-fail|p1a: Iron Hands\n|\n|upkeep\n|\n|t:|1700598690\n|switch|p2a: Dragonite|Dragonite, L50, F|100\/100\n|turn|5\n|\n|t:|1700598700\n|-end|p1a: Iron Hands|Quark Drive|[silent]\n|switch|p1a: Indeedee|Indeedee-F, L50, F|58\/100\n|-fieldstart|move: Psychic Terrain|[from] ability: Psychic Surge|[of] p1a: Indeedee\n|-terastallize|p2a: Dragonite|Normal\n|move|p2a: Dragonite|Extreme Speed|p1a: Indeedee\n|-activate|p1a: Indeedee|move: Psychic Terrain\n|move|p1b: Espeon|Dazzling Gleam|p2a: Dragonite\n|-damage|p2a: Dragonite|55\/100\n|\n|upkeep\n|turn|6\n|-message|BADBOY1010 forfeited.\n|\n|win|Ozwald McFly\n|raw|Ozwald McFly's rating: 1332 &rarr; <strong>1350<\/strong><br \/>(+18 for winning)\n|raw|BADBOY1010's rating: 1300 &rarr; <strong>1277<\/strong><br \/>(-23 for losing)\n|l|\u2606BADBOY1010\n|j|\u2606BADBOY1010\n|player|p2|BADBOY1010|swimmerf\n|l|\u2606BADBOY1010\n|player|p2|\n","uploadtime":1700598718,"views":5,"p1id":"ozwaldmcfly","p2id":"badboy1010","formatid":"gen9vgc2023regulatione","rating":1277,"private":0,"password":""}