{"id":"gen9vgc2023regulatione-1998928167","p1":"PsychoR&R","p2":"japangemu","format":"[Gen 9] VGC 2023 Regulation E","log":"|j|\u2606PsychoR&R\n|j|\u2606japangemu\n|t:|1701014167\n|gametype|doubles\n|player|p1|PsychoR&R|170|1498\n|player|p2|japangemu|170|1398\n|teamsize|p1|6\n|teamsize|p2|6\n|gen|9\n|tier|[Gen 9] VGC 2023 Regulation E\n|rated|\n|rule|Species Clause: Limit one of each Pok\u00e9mon\n|rule|Item Clause: Limit one of each item\n|clearpoke\n|poke|p1|Roaring Moon, L50|\n|poke|p1|Weezing, L50, F|\n|poke|p1|Landorus-Therian, L50, M|\n|poke|p1|Iron Hands, L50|\n|poke|p1|Flutter Mane, L50|\n|poke|p1|Ogerpon-Wellspring, L50, F|\n|poke|p2|Dusclops, L50, F|\n|poke|p2|Ursaluna-Bloodmoon, L50, M|\n|poke|p2|Iron Hands, L50|\n|poke|p2|Flutter Mane, L50|\n|poke|p2|Ogerpon-Cornerstone, L50, F|\n|poke|p2|Heatran, L50, F|\n|teampreview|4\nPsychoR&R has agreed to open team sheets.\n|inactive|Battle timer is ON: inactive players will automatically lose when time's up. (requested by japangemu)\njapangemu rejected open team sheets.\n|\n|t:|1701014200\n|start\n|switch|p1a: Weezing|Weezing, L50, F|100\/100\n|switch|p1b: Iron Hands|Iron Hands, L50|100\/100\n|switch|p2a: Dusclops|Dusclops, L50, F|100\/100\n|switch|p2b: Ogerpon|Ogerpon-Cornerstone, L50, F|100\/100\n|-ability|p1a: Weezing|Neutralizing Gas\n|turn|1\n|c|\u2606PsychoR&R|japan av is good\n|c|\u2606PsychoR&R|not OTS is bad\n|\n|t:|1701014224\n|move|p1b: Iron Hands|Fake Out|p2b: Ogerpon\n|-resisted|p2b: Ogerpon\n|-damage|p2b: Ogerpon|93\/100\n|cant|p2b: Ogerpon|flinch\n|move|p1a: Weezing|Taunt|p2a: Dusclops\n|-start|p2a: Dusclops|move: Taunt\n|cant|p2a: Dusclops|move: Taunt|Trick Room\n|\n|upkeep\n|turn|2\n|\n|t:|1701014237\n|switch|p2a: Iron Hands|Iron Hands, L50|100\/100\n|move|p2b: Ogerpon|Ivy Cudgel|p1a: Weezing|[anim] Ivy Cudgel Rock\n|-damage|p1a: Weezing|44\/100\n|-enditem|p1a: Weezing|Sitrus Berry|[eat]\n|-heal|p1a: Weezing|69\/100|[from] item: Sitrus Berry\n|move|p1a: Weezing|Will-O-Wisp|p2a: Iron Hands\n|-status|p2a: Iron Hands|brn\n|move|p1b: Iron Hands|Drain Punch|p2b: Ogerpon\n|-supereffective|p2b: Ogerpon\n|-damage|p2b: Ogerpon|2\/100\n|\n|-damage|p2a: Iron Hands|94\/100 brn|[from] brn\n|upkeep\n|turn|3\n|\n|t:|1701014259\n|move|p1a: Weezing|Protect|p1a: Weezing\n|-singleturn|p1a: Weezing|Protect\n|move|p2b: Ogerpon|Ivy Cudgel|p1a: Weezing|[anim] Ivy Cudgel Rock\n|-activate|p1a: Weezing|move: Protect\n|move|p1b: Iron Hands|Drain Punch|p2a: Iron Hands\n|-damage|p2a: Iron Hands|67\/100 brn\n|move|p2a: Iron Hands|Heavy Slam|p1a: Weezing\n|-activate|p1a: Weezing|move: Protect\n|\n|-damage|p2a: Iron Hands|60\/100 brn|[from] brn\n|upkeep\n|turn|4\n|\n|t:|1701014277\n|-end|p2a: Iron Hands|Quark Drive|[silent]\n|switch|p2a: Dusclops|Dusclops, L50, F|100\/100\n|move|p2b: Ogerpon|Ivy Cudgel|p1a: Weezing|[anim] Ivy Cudgel Rock\n|-damage|p1a: Weezing|10\/100\n|move|p1a: Weezing|Will-O-Wisp|p2b: Ogerpon\n|-status|p2b: Ogerpon|brn\n|move|p1b: Iron Hands|Drain Punch|p2a: Dusclops\n|-immune|p2a: Dusclops\n|\n|-damage|p2b: Ogerpon|0 fnt|[from] brn\n|faint|p2b: Ogerpon\n|upkeep\n|\n|t:|1701014289\n|switch|p2b: Iron Hands|Iron Hands, L50|60\/100 brn\n|turn|5\n|\n|t:|1701014296\n|-terastallize|p1a: Weezing|Ghost\n|move|p2b: Iron Hands|Fake Out|p1a: Weezing\n|-immune|p1a: Weezing\n|move|p1a: Weezing|Taunt|p2a: Dusclops\n|-start|p2a: Dusclops|move: Taunt\n|move|p1b: Iron Hands|Drain Punch|p2b: Iron Hands\n|-damage|p2b: Iron Hands|32\/100 brn\n|cant|p2a: Dusclops|move: Taunt|Trick Room\n|\n|-damage|p2b: Iron Hands|26\/100 brn|[from] brn\n|upkeep\n|turn|6\n|\n|t:|1701014320\n|-end|p1a: Weezing|ability: Neutralizing Gas\n|-ability|p2a: Dusclops|Pressure\n|switch|p1a: Ogerpon|Ogerpon-Wellspring, L50, F|100\/100\n|switch|p2a: Ursaluna|Ursaluna-Bloodmoon, L50, M|100\/100\n|move|p1b: Iron Hands|Drain Punch|p2b: Iron Hands\n|-damage|p2b: Iron Hands|0 fnt\n|faint|p2b: Iron Hands\n|-end|p2b: Iron Hands|Quark Drive|[silent]\n|\n|upkeep\n|\n|t:|1701014330\n|switch|p2b: Dusclops|Dusclops, L50, F|100\/100\n|-ability|p2b: Dusclops|Pressure\n|turn|7\n|\n|t:|1701014344\n|move|p2a: Ursaluna|Protect|p2a: Ursaluna\n|-singleturn|p2a: Ursaluna|Protect\n|move|p1a: Ogerpon|Ivy Cudgel|p2b: Dusclops|[anim] Ivy Cudgel Water\n|-damage|p2b: Dusclops|66\/100\n|move|p1b: Iron Hands|Wild Charge|p2b: Dusclops\n|-damage|p2b: Dusclops|31\/100\n|-damage|p1b: Iron Hands|95\/100|[from] Recoil\n|move|p2b: Dusclops|Trick Room|p2b: Dusclops\n|-fieldstart|move: Trick Room|[of] p2b: Dusclops\n|\n|upkeep\n|turn|8\n|inactive|japangemu has 30 seconds left.\n|\n|t:|1701014375\n|-terastallize|p2a: Ursaluna|Normal\n|move|p2b: Dusclops|Brick Break|p2a: Ursaluna\n|-supereffective|p2a: Ursaluna\n|-damage|p2a: Ursaluna|85\/100\n|-enditem|p2a: Ursaluna|Weakness Policy\n|-boost|p2a: Ursaluna|atk|2|[from] item: Weakness Policy\n|-boost|p2a: Ursaluna|spa|2|[from] item: Weakness Policy\n|move|p2a: Ursaluna|Blood Moon|p1a: Ogerpon\n|-damage|p1a: Ogerpon|0 fnt\n|faint|p1a: Ogerpon\n|move|p1b: Iron Hands|Drain Punch|p2a: Ursaluna\n|-supereffective|p2a: Ursaluna\n|-crit|p2a: Ursaluna\n|-damage|p2a: Ursaluna|0 fnt\n|-heal|p1b: Iron Hands|100\/100|[from] drain|[of] p2a: Ursaluna\n|faint|p2a: Ursaluna\n|\n|upkeep\n|-message|japangemu forfeited.\n|\n|win|PsychoR&R\n|raw|PsychoR&amp;R's rating: 1498 &rarr; <strong>1512<\/strong><br \/>(+14 for winning)\n|raw|japangemu's rating: 1398 &rarr; <strong>1384<\/strong><br \/>(-14 for losing)\n|l|\u2606japangemu\n","uploadtime":1701014399,"views":30,"p1id":"psychorr","p2id":"japangemu","formatid":"gen9vgc2023regulatione","rating":1384,"private":0,"password":""}