{"id":"gen9vgc2023regulatione-1989363129","p1":"loringmaniaco","p2":"Xjay121","format":"[Gen 9] VGC 2023 Regulation E","log":"|j|\u2606loringmaniaco\n|j|\u2606Xjay121\n|t:|1699840954\n|gametype|doubles\n|player|p1|loringmaniaco|102|1229\n|player|p2|Xjay121|265|1282\n|teamsize|p1|6\n|teamsize|p2|6\n|gen|9\n|tier|[Gen 9] VGC 2023 Regulation E\n|rated|\n|rule|Species Clause: Limit one of each Pok\u00e9mon\n|rule|Item Clause: Limit one of each item\n|clearpoke\n|poke|p1|Ogerpon, L50, F|\n|poke|p1|Chien-Pao, L50|\n|poke|p1|Urshifu-*, L50, M|\n|poke|p1|Ceruledge, L50, F|\n|poke|p1|Ting-Lu, L50|\n|poke|p1|Tornadus, L50, M|\n|poke|p2|Ninetales-Alola, L50, F|\n|poke|p2|Goodra-Hisui, L50, M|\n|poke|p2|Indeedee-F, L50, F|\n|poke|p2|Iron Hands, L50|\n|poke|p2|Armarouge, L50, M|\n|poke|p2|Vaporeon, L50, M|\n|teampreview|4\n|inactive|Battle timer is ON: inactive players will automatically lose when time's up. (requested by loringmaniaco)\n|\n|t:|1699840991\n|start\n|switch|p1a: Chien-Pao|Chien-Pao, L50|100\/100\n|switch|p1b: Ting-Lu|Ting-Lu, L50|100\/100\n|switch|p2a: Vaporeon|Vaporeon, L50, M|100\/100\n|switch|p2b: Iron Hands|Iron Hands, L50|100\/100\n|-ability|p1a: Chien-Pao|Sword of Ruin\n|-ability|p1b: Ting-Lu|Vessel of Ruin\n|turn|1\n|\n|t:|1699841004\n|move|p2b: Iron Hands|Fake Out|p1a: Chien-Pao\n|-damage|p1a: Chien-Pao|79\/100\n|cant|p1a: Chien-Pao|flinch\n|move|p2a: Vaporeon|Yawn|p1b: Ting-Lu\n|-start|p1b: Ting-Lu|move: Yawn|[of] p2a: Vaporeon\n|move|p1b: Ting-Lu|Fissure|p2a: Vaporeon|[miss]\n|-miss|p1b: Ting-Lu|p2a: Vaporeon\n|\n|upkeep\n|turn|2\n|\n|t:|1699841017\n|switch|p1b: Ceruledge|Ceruledge, L50, F|100\/100\n|move|p1a: Chien-Pao|Ice Spinner|p2b: Iron Hands\n|-damage|p2b: Iron Hands|59\/100\n|move|p2a: Vaporeon|Muddy Water|p1a: Chien-Pao|[spread] p1a,p1b\n|-supereffective|p1b: Ceruledge\n|-damage|p1a: Chien-Pao|23\/100\n|-damage|p1b: Ceruledge|40\/100\n|move|p2b: Iron Hands|Drain Punch|p1a: Chien-Pao\n|-supereffective|p1a: Chien-Pao\n|-damage|p1a: Chien-Pao|0 fnt\n|-heal|p2b: Iron Hands|66\/100|[from] drain|[of] p1a: Chien-Pao\n|faint|p1a: Chien-Pao\n|\n|upkeep\n|\n|t:|1699841025\n|switch|p1a: Urshifu|Urshifu, L50, M|100\/100\n|turn|3\n|\n|t:|1699841046\n|-terastallize|p1a: Urshifu|Poison\n|move|p1a: Urshifu|Wicked Blow|p2a: Vaporeon\n|-crit|p2a: Vaporeon\n|-damage|p2a: Vaporeon|18\/100\n|move|p1b: Ceruledge|Bitter Blade|p2b: Iron Hands\n|-damage|p2b: Iron Hands|23\/100\n|-heal|p1b: Ceruledge|69\/100|[from] drain|[of] p2b: Iron Hands\n|-damage|p1b: Ceruledge|59\/100|[from] item: Life Orb\n|move|p2a: Vaporeon|Yawn|p1a: Urshifu\n|-start|p1a: Urshifu|move: Yawn|[of] p2a: Vaporeon\n|move|p2b: Iron Hands|Volt Switch|p1b: Ceruledge\n|-damage|p1b: Ceruledge|45\/100\n|\n|t:|1699841066\n|-end|p2b: Iron Hands|Quark Drive|[silent]\n|switch|p2b: Ninetales|Ninetales-Alola, L50, F|100\/100|[from] Volt Switch\n|-weather|Snow|[from] ability: Snow Warning|[of] p2b: Ninetales\n|\n|-weather|Snow|[upkeep]\n|-heal|p2a: Vaporeon|24\/100|[from] item: Leftovers\n|upkeep\n|turn|4\n|inactive|loringmaniaco has 30 seconds left.\n|\n|t:|1699841091\n|switch|p1a: Ting-Lu|Ting-Lu, L50|100\/100\n|-ability|p1a: Ting-Lu|Vessel of Ruin\n|move|p2b: Ninetales|Aurora Veil|p2b: Ninetales\n|-sidestart|p2: Xjay121|move: Aurora Veil\n|move|p1b: Ceruledge|Bitter Blade|p2b: Ninetales\n|-supereffective|p2b: Ninetales\n|-damage|p2b: Ninetales|28\/100\n|-heal|p1b: Ceruledge|81\/100|[from] drain|[of] p2b: Ninetales\n|-damage|p1b: Ceruledge|71\/100|[from] item: Life Orb\n|move|p2a: Vaporeon|Muddy Water|p1a: Ting-Lu|[spread] p1a,p1b\n|-supereffective|p1a: Ting-Lu\n|-supereffective|p1b: Ceruledge\n|-damage|p1a: Ting-Lu|77\/100\n|-damage|p1b: Ceruledge|25\/100\n|\n|-weather|Snow|[upkeep]\n|-heal|p2a: Vaporeon|30\/100|[from] item: Leftovers\n|upkeep\n|turn|5\n|\n|t:|1699841113\n|move|p1b: Ceruledge|Protect|p1b: Ceruledge\n|-singleturn|p1b: Ceruledge|Protect\n|move|p2b: Ninetales|Blizzard|p1b: Ceruledge|[spread] p1a\n|-activate|p1b: Ceruledge|move: Protect\n|-supereffective|p1a: Ting-Lu\n|-damage|p1a: Ting-Lu|56\/100\n|-status|p1a: Ting-Lu|frz\n|move|p2a: Vaporeon|Yawn||[still]\n|-fail|p2a: Vaporeon\n|-curestatus|p1a: Ting-Lu|frz|[msg]\n|move|p1a: Ting-Lu|Heavy Slam|p2b: Ninetales\n|-supereffective|p2b: Ninetales\n|-damage|p2b: Ninetales|0 fnt\n|faint|p2b: Ninetales\n|\n|-weather|Snow|[upkeep]\n|-heal|p2a: Vaporeon|36\/100|[from] item: Leftovers\n|upkeep\n|\n|t:|1699841134\n|switch|p2b: Iron Hands|Iron Hands, L50|23\/100\n|turn|6\n|inactive|loringmaniaco has 30 seconds left.\n|\n|t:|1699841162\n|switch|p1a: Urshifu|Urshifu, L50, M, tera:Poison|100\/100\n|move|p2b: Iron Hands|Fake Out|p1a: Urshifu\n|-damage|p1a: Urshifu|83\/100\n|move|p1b: Ceruledge|Bitter Blade|p2b: Iron Hands\n|-damage|p2b: Iron Hands|0 fnt\n|-heal|p1b: Ceruledge|40\/100|[from] drain|[of] p2b: Iron Hands\n|faint|p2b: Iron Hands\n|-end|p2b: Iron Hands|Quark Drive|[silent]\n|-damage|p1b: Ceruledge|30\/100|[from] item: Life Orb\n|move|p2a: Vaporeon|Muddy Water|p1b: Ceruledge|[spread] p1a,p1b\n|-supereffective|p1b: Ceruledge\n|-damage|p1a: Urshifu|32\/100\n|-damage|p1b: Ceruledge|0 fnt\n|faint|p1b: Ceruledge\n|\n|-weather|Snow|[upkeep]\n|-heal|p2a: Vaporeon|42\/100|[from] item: Leftovers\n|upkeep\n|\n|t:|1699841178\n|switch|p1b: Ting-Lu|Ting-Lu, L50|56\/100\n|switch|p2b: Goodra|Goodra-Hisui, L50, M|100\/100\n|-ability|p1b: Ting-Lu|Vessel of Ruin\n|turn|7\n|\n|t:|1699841188\n|-terastallize|p2b: Goodra|Flying\n|move|p1a: Urshifu|Wicked Blow|p2a: Vaporeon\n|-crit|p2a: Vaporeon\n|-damage|p2a: Vaporeon|0 fnt\n|faint|p2a: Vaporeon\n|move|p2b: Goodra|Shelter|p2b: Goodra\n|-boost|p2b: Goodra|def|2\n|move|p1b: Ting-Lu|Fissure|p2b: Goodra\n|-immune|p2b: Goodra\n|\n|-weather|none\n|upkeep\n|turn|8\n|\n|t:|1699841205\n|move|p1a: Urshifu|Wicked Blow|p2b: Goodra\n|-damage|p2b: Goodra|83\/100\n|-damage|p1a: Urshifu|16\/100|[from] item: Rocky Helmet|[of] p2b: Goodra\n|move|p2b: Goodra|Heavy Slam|p1a: Urshifu\n|-damage|p1a: Urshifu|0 fnt\n|faint|p1a: Urshifu\n|move|p1b: Ting-Lu|Ruination|p2b: Goodra\n|-damage|p2b: Goodra|42\/100\n|\n|upkeep\n|turn|9\n|\n|t:|1699841219\n|move|p2b: Goodra|Body Press|p1b: Ting-Lu\n|-supereffective|p1b: Ting-Lu\n|-damage|p1b: Ting-Lu|4\/100\n|move|p1b: Ting-Lu|Ruination|p2b: Goodra\n|-damage|p2b: Goodra|21\/100\n|\n|upkeep\n|turn|10\n|-message|loringmaniaco forfeited.\n|\n|win|Xjay121\n|raw|loringmaniaco's rating: 1229 &rarr; <strong>1208<\/strong><br \/>(-21 for losing)\n|raw|Xjay121's rating: 1282 &rarr; <strong>1303<\/strong><br \/>(+21 for winning)\n|l|\u2606loringmaniaco\n","uploadtime":1699841228,"views":59,"p1id":"loringmaniaco","p2id":"xjay121","formatid":"gen9vgc2023regulatione","rating":1208,"private":0,"password":""}