{"id":"gen9vgc2023regulatione-1988724127","p1":"heroic_chronurgist","p2":"Determewnation","format":"[Gen 9] VGC 2023 Regulation E","log":"|j|\u2606heroic_chronurgist\n|j|\u2606Determewnation\n|t:|1699755120\n|gametype|doubles\n|player|p1|heroic_chronurgist|nate|1318\n|player|p2|Determewnation|akari-isekai|1368\n|teamsize|p1|6\n|teamsize|p2|6\n|gen|9\n|tier|[Gen 9] VGC 2023 Regulation E\n|rated|\n|rule|Species Clause: Limit one of each Pok\u00e9mon\n|rule|Item Clause: Limit one of each item\n|clearpoke\n|poke|p1|Tinkaton, L50, F|\n|poke|p1|Farigiraf, L50, M|\n|poke|p1|Iron Hands, L50|\n|poke|p1|Sinistcha-Masterpiece, L50|\n|poke|p1|Brute Bonnet, L50|\n|poke|p1|Hatterene, L50, F|\n|poke|p2|Indeedee-F, L50, F|\n|poke|p2|Iron Hands, L50|\n|poke|p2|Goodra, L50, F|\n|poke|p2|Chi-Yu, L50|\n|poke|p2|Tornadus, L50, M|\n|poke|p2|Hatterene, L50, F|\n|teampreview|4\nheroic_chronurgist has agreed to open team sheets.\n|\n|t:|1699755146\n|start\n|switch|p1a: Farigiraf|Farigiraf, L50, M|100\/100\n|switch|p1b: Iron Hands|Iron Hands, L50|100\/100\n|switch|p2a: Indeedee|Indeedee-F, L50, F|100\/100\n|switch|p2b: Chi-Yu|Chi-Yu, L50|100\/100\n|-ability|p2b: Chi-Yu|Beads of Ruin\n|-fieldstart|move: Psychic Terrain|[from] ability: Psychic Surge|[of] p2a: Indeedee\n|-enditem|p2a: Indeedee|Psychic Seed\n|-boost|p2a: Indeedee|spd|1|[from] item: Psychic Seed\n|turn|1\n|\n|t:|1699755164\n|-terastallize|p2b: Chi-Yu|Fire\n|-terastallize|p1a: Farigiraf|Fairy\n|move|p2a: Indeedee|Helping Hand|p2b: Chi-Yu\n|-singleturn|p2b: Chi-Yu|Helping Hand|[of] p2a: Indeedee\n|move|p2b: Chi-Yu|Heat Wave|p1b: Iron Hands|[spread] p1a,p1b\n|-damage|p1a: Farigiraf|0 fnt\n|-damage|p1b: Iron Hands|31\/100\n|faint|p1a: Farigiraf\n|move|p1b: Iron Hands|Drain Punch|p2b: Chi-Yu\n|-damage|p2b: Chi-Yu|35\/100\n|-heal|p1b: Iron Hands|48\/100|[from] drain|[of] p2b: Chi-Yu\n|\n|upkeep\n|\n|t:|1699755175\n|switch|p1a: Hatterene|Hatterene, L50, F|100\/100\n|turn|2\n|\n|t:|1699755185\n|move|p2a: Indeedee|Helping Hand|p2b: Chi-Yu\n|-singleturn|p2b: Chi-Yu|Helping Hand|[of] p2a: Indeedee\n|move|p2b: Chi-Yu|Heat Wave|p1a: Hatterene|[spread] p1b\n|-miss|p2b: Chi-Yu|p1a: Hatterene\n|-damage|p1b: Iron Hands|0 fnt\n|faint|p1b: Iron Hands\n|-end|p1b: Iron Hands|Quark Drive|[silent]\n|move|p1a: Hatterene|Trick Room|p1a: Hatterene\n|-fieldstart|move: Trick Room|[of] p1a: Hatterene\n|\n|upkeep\n|\n|t:|1699755189\n|switch|p1b: Tinkaton|Tinkaton, L50, F|100\/100\n|-ability|p1b: Tinkaton|Mold Breaker\n|-item|p1b: Tinkaton|Air Balloon\n|turn|3\n|\n|t:|1699755198\n|switch|p2b: Hatterene|Hatterene, L50, F|100\/100\n|move|p1a: Hatterene|Dazzling Gleam|p2a: Indeedee|[spread] p2a,p2b\n|-damage|p2a: Indeedee|78\/100\n|-damage|p2b: Hatterene|60\/100\n|move|p1b: Tinkaton|Gigaton Hammer|p2b: Hatterene\n|-supereffective|p2b: Hatterene\n|-damage|p2b: Hatterene|0 fnt\n|faint|p2b: Hatterene\n|move|p2a: Indeedee|Trick Room|p2a: Indeedee\n|-fieldend|move: Trick Room\n|\n|upkeep\n|\n|t:|1699755204\n|switch|p2b: Chi-Yu|Chi-Yu, L50, tera:Fire|35\/100\n|-ability|p2b: Chi-Yu|Beads of Ruin\n|turn|4\n|\n|t:|1699755216\n|move|p2a: Indeedee|Helping Hand|p2b: Chi-Yu\n|-singleturn|p2b: Chi-Yu|Helping Hand|[of] p2a: Indeedee\n|move|p1b: Tinkaton|Protect|p1b: Tinkaton\n|-singleturn|p1b: Tinkaton|Protect\n|move|p2b: Chi-Yu|Dark Pulse|p1a: Hatterene\n|-damage|p1a: Hatterene|0 fnt\n|faint|p1a: Hatterene\n|\n|upkeep\n|turn|5\n|\n|t:|1699755225\n|switch|p2b: Iron Hands|Iron Hands, L50|100\/100\n|move|p2a: Indeedee|Follow Me|p2a: Indeedee\n|-singleturn|p2a: Indeedee|move: Follow Me\n|move|p1b: Tinkaton|Gigaton Hammer|p2a: Indeedee\n|-damage|p2a: Indeedee|14\/100\n|\n|-fieldend|move: Psychic Terrain\n|upkeep\n|turn|6\n|c|\u2606heroic_chronurgist|gg\n|\n|t:|1699755233\n|move|p2a: Indeedee|Follow Me|p2a: Indeedee\n|-singleturn|p2a: Indeedee|move: Follow Me\n|move|p2b: Iron Hands|Swords Dance|p2b: Iron Hands\n|-boost|p2b: Iron Hands|atk|2\n|move|p1b: Tinkaton|Play Rough|p2a: Indeedee\n|-damage|p2a: Indeedee|0 fnt\n|faint|p2a: Indeedee\n|\n|upkeep\n|\n|t:|1699755236\n|switch|p2a: Chi-Yu|Chi-Yu, L50, tera:Fire|35\/100\n|-ability|p2a: Chi-Yu|Beads of Ruin\n|turn|7\n|\n|t:|1699755242\n|move|p2a: Chi-Yu|Overheat|p1b: Tinkaton\n|-supereffective|p1b: Tinkaton\n|-damage|p1b: Tinkaton|0 fnt\n|-unboost|p2a: Chi-Yu|spa|2\n|-enditem|p1b: Tinkaton|Air Balloon\n|faint|p1b: Tinkaton\n|\n|win|Determewnation\n|raw|heroic_chronurgist's rating: 1318 &rarr; <strong>1301<\/strong><br \/>(-17 for losing)\n|raw|Determewnation's rating: 1368 &rarr; <strong>1385<\/strong><br \/>(+17 for winning)\n|l|\u2606heroic_chronurgist\n|l|\u2606Determewnation\n|j|\u2606Determewnation\n|player|p2|Determewnation|akari-isekai\n","uploadtime":1699755317,"views":15,"p1id":"heroicchronurgist","p2id":"determewnation","formatid":"gen9vgc2023regulatione","rating":1301,"private":0,"password":""}