{"id":"gen9vgc2023regulatione-1994261759","p1":"AncientFuture","p2":"bigbluebawlz","format":"[Gen 9] VGC 2023 Regulation E","log":"|j|\u2606AncientFuture\n|j|\u2606bigbluebawlz\n|t:|1700424649\n|gametype|doubles\n|player|p1|AncientFuture|zinzolin|\n|player|p2|bigbluebawlz|cilan|\n|teamsize|p1|6\n|teamsize|p2|6\n|gen|9\n|tier|[Gen 9] VGC 2023 Regulation E\n|rule|Species Clause: Limit one of each Pok\u00e9mon\n|rule|Item Clause: Limit one of each item\n|clearpoke\n|poke|p1|Goodra-Hisui, L50, M|\n|poke|p1|Sinistcha, L50|\n|poke|p1|Gyarados, L50, F|\n|poke|p1|Tauros-Paldea-Combat, L50, M|\n|poke|p1|Grimmsnarl, L50, M|\n|poke|p1|Grumpig, L50, M|\n|poke|p2|Mienshao, L50, F|\n|poke|p2|Tornadus-Therian, L50, M|\n|poke|p2|Pachirisu, L50, M|\n|poke|p2|Ursaluna-Bloodmoon, L50, M|\n|poke|p2|Glastrier, L50|\n|poke|p2|Lumineon, L50, F|\n|teampreview|4\n|j| NoNotNobody\n|j| okhiiiii222\n|c|\u2606bigbluebawlz|glhf\n|c|\u2606AncientFuture|glhf\n|\n|t:|1700424685\n|start\n|switch|p1a: Goodra|Goodra-Hisui, L50, M|100\/100\n|switch|p1b: Grimmsnarl|Grimmsnarl, L50, M|100\/100\n|switch|p2a: Tornadus|Tornadus-Therian, L50, M|100\/100\n|switch|p2b: Ursaluna|Ursaluna-Bloodmoon, L50, M|100\/100\n|turn|1\n|\n|t:|1700424708\n|move|p1b: Grimmsnarl|Light Screen|p1b: Grimmsnarl\n|-sidestart|p1: AncientFuture|move: Light Screen\n|move|p2a: Tornadus|Nasty Plot|p2a: Tornadus\n|-boost|p2a: Tornadus|spa|2\n|move|p2b: Ursaluna|Earth Power|p1a: Goodra\n|-supereffective|p1a: Goodra\n|-damage|p1a: Goodra|51\/100\n|-unboost|p1a: Goodra|spd|1\n|move|p1a: Goodra|Shelter|p1a: Goodra\n|-boost|p1a: Goodra|def|2\n|\n|-heal|p1a: Goodra|57\/100|[from] item: Leftovers\n|upkeep\n|turn|2\n|\n|t:|1700424723\n|move|p1a: Goodra|Protect|p1a: Goodra\n|-singleturn|p1a: Goodra|Protect\n|move|p1b: Grimmsnarl|Parting Shot|p2a: Tornadus\n|-unboost|p2a: Tornadus|atk|1\n|-unboost|p2a: Tornadus|spa|1\n|\n|t:|1700424728\n|switch|p1b: Sinistcha|Sinistcha, L50|100\/100|[from] Parting Shot\n|-heal|p1a: Goodra|81\/100|[from] ability: Hospitality|[of] p1b: Sinistcha\n|move|p2a: Tornadus|Bleakwind Storm|p1b: Sinistcha|[spread] p1b\n|-activate|p1a: Goodra|move: Protect\n|-supereffective|p1b: Sinistcha\n|-damage|p1b: Sinistcha|0 fnt\n|faint|p1b: Sinistcha\n|-damage|p2a: Tornadus|91\/100|[from] item: Life Orb\n|move|p2b: Ursaluna|Earth Power|p1a: Goodra\n|-activate|p1a: Goodra|move: Protect\n|\n|-heal|p1a: Goodra|87\/100|[from] item: Leftovers\n|upkeep\n|\n|t:|1700424736\n|switch|p1b: Grimmsnarl|Grimmsnarl, L50, M|100\/100\n|turn|3\n|\n|t:|1700424745\n|-terastallize|p1a: Goodra|Water\n|move|p1b: Grimmsnarl|Parting Shot|p2a: Tornadus\n|-unboost|p2a: Tornadus|atk|1\n|-unboost|p2a: Tornadus|spa|1\n|\n|t:|1700424749\n|switch|p1b: Gyarados|Gyarados, L50, F|100\/100|[from] Parting Shot\n|-ability|p1b: Gyarados|Intimidate|boost\n|-unboost|p2a: Tornadus|atk|1\n|-unboost|p2b: Ursaluna|atk|1\n|-enditem|p2b: Ursaluna|Adrenaline Orb\n|-boost|p2b: Ursaluna|spe|1|[from] item: Adrenaline Orb\n|move|p2a: Tornadus|Bleakwind Storm|p1a: Goodra|[spread] \n|-miss|p2a: Tornadus|p1a: Goodra\n|-miss|p2a: Tornadus|p1b: Gyarados\n|move|p2b: Ursaluna|Earth Power|p1a: Goodra\n|-damage|p1a: Goodra|51\/100\n|move|p1a: Goodra|Body Press|p2b: Ursaluna\n|-supereffective|p2b: Ursaluna\n|-damage|p2b: Ursaluna|33\/100\n|\n|-heal|p1a: Goodra|57\/100|[from] item: Leftovers\n|upkeep\n|turn|4\n|\n|t:|1700424769\n|-terastallize|p2a: Tornadus|Flying\n|move|p1a: Goodra|Protect|p1a: Goodra\n|-singleturn|p1a: Goodra|Protect\n|move|p2a: Tornadus|Bleakwind Storm|p1b: Gyarados|[spread] \n|-activate|p1a: Goodra|move: Protect\n|-miss|p2a: Tornadus|p1b: Gyarados\n|move|p2b: Ursaluna|Hyper Voice|p1b: Gyarados|[spread] p1b\n|-activate|p1a: Goodra|move: Protect\n|-damage|p1b: Gyarados|83\/100\n|move|p1b: Gyarados|Waterfall|p2b: Ursaluna\n|-supereffective|p2b: Ursaluna\n|-damage|p2b: Ursaluna|0 fnt\n|faint|p2b: Ursaluna\n|\n|-heal|p1a: Goodra|63\/100|[from] item: Leftovers\n|upkeep\n|\n|t:|1700424781\n|switch|p2b: Mienshao|Mienshao, L50, F|100\/100\n|turn|5\n|\n|t:|1700424791\n|switch|p1a: Grimmsnarl|Grimmsnarl, L50, M|100\/100\n|move|p2b: Mienshao|Fake Out|p1b: Gyarados\n|-damage|p1b: Gyarados|67\/100\n|move|p2a: Tornadus|Nasty Plot|p2a: Tornadus\n|-boost|p2a: Tornadus|spa|2\n|cant|p1b: Gyarados|flinch\n|\n|-sideend|p1: AncientFuture|move: Light Screen\n|upkeep\n|turn|6\n|\n|t:|1700424807\n|move|p1a: Grimmsnarl|Reflect|p1a: Grimmsnarl\n|-sidestart|p1: AncientFuture|Reflect\n|move|p2a: Tornadus|Bleakwind Storm|p1a: Grimmsnarl|[spread] p1a\n|-miss|p2a: Tornadus|p1b: Gyarados\n|-damage|p1a: Grimmsnarl|0 fnt\n|faint|p1a: Grimmsnarl\n|-damage|p2a: Tornadus|81\/100|[from] item: Life Orb\n|move|p2b: Mienshao|Close Combat|p1b: Gyarados\n|-resisted|p1b: Gyarados\n|-damage|p1b: Gyarados|44\/100\n|-unboost|p2b: Mienshao|def|1\n|-unboost|p2b: Mienshao|spd|1\n|move|p1b: Gyarados|Roar|p2a: Tornadus\n|drag|p2a: Glastrier|Glastrier, L50|100\/100\n|\n|upkeep\n|j| Cathybara\n|\n|t:|1700424821\n|switch|p1a: Goodra|Goodra-Hisui, L50, M, tera:Water|63\/100\n|turn|7\n|l| Cathybara\n|c|\u2606bigbluebawlz|bro the gyara should be dead three times in these two games im crying laughing\n|\n|t:|1700424849\n|move|p2b: Mienshao|Close Combat|p1a: Goodra\n|-damage|p1a: Goodra|31\/100\n|-unboost|p2b: Mienshao|def|1\n|-unboost|p2b: Mienshao|spd|1\n|move|p1b: Gyarados|Waterfall|p2b: Mienshao\n|-damage|p2b: Mienshao|0 fnt\n|faint|p2b: Mienshao\n|move|p2a: Glastrier|Close Combat|p1a: Goodra\n|-damage|p1a: Goodra|10\/100\n|-unboost|p2a: Glastrier|def|1\n|-unboost|p2a: Glastrier|spd|1\n|move|p1a: Goodra|Shelter|p1a: Goodra\n|-boost|p1a: Goodra|def|2\n|\n|-heal|p1a: Goodra|15\/100|[from] item: Leftovers\n|upkeep\n|\n|t:|1700424859\n|switch|p2b: Tornadus|Tornadus-Therian, L50, M, tera:Flying|100\/100\n|turn|8\n|\n|t:|1700424866\n|move|p1a: Goodra|Protect|p1a: Goodra\n|-singleturn|p1a: Goodra|Protect\n|move|p2b: Tornadus|Bleakwind Storm|p1b: Gyarados|[spread] \n|-activate|p1a: Goodra|move: Protect\n|-miss|p2b: Tornadus|p1b: Gyarados\n|move|p1b: Gyarados|Ice Fang|p2b: Tornadus\n|-supereffective|p2b: Tornadus\n|-damage|p2b: Tornadus|46\/100\n|move|p2a: Glastrier|Trailblaze|p1b: Gyarados\n|-damage|p1b: Gyarados|31\/100\n|-boost|p2a: Glastrier|spe|1\n|\n|-heal|p1a: Goodra|21\/100|[from] item: Leftovers\n|upkeep\n|turn|9\n|\n|t:|1700424895\n|move|p2b: Tornadus|Bleakwind Storm|p1b: Gyarados|[spread] p1a,p1b\n|-damage|p1a: Goodra|0 fnt\n|-damage|p1b: Gyarados|0 fnt\n|faint|p1a: Goodra\n|faint|p1b: Gyarados\n|-damage|p2b: Tornadus|36\/100|[from] item: Life Orb\n|\n|win|bigbluebawlz\n|c|\u2606bigbluebawlz|ggs there we go lmao\n|c|\u2606AncientFuture|ggs\n|l| NoNotNobody\n","uploadtime":1700425152,"views":12,"p1id":"ancientfuture","p2id":"bigbluebawlz","formatid":"gen9vgc2023regulatione","rating":0,"private":0,"password":""}