{"id":"gen9vgc2023regulatione-1989207776","p1":"Emberbloom","p2":"Bullema","format":"[Gen 9] VGC 2023 Regulation E","log":"|j|\u2606Emberbloom\n|j|\u2606Bullema\n|t:|1699823505\n|gametype|doubles\n|player|p1|Emberbloom|flannery|1397\n|player|p2|Bullema|bugcatcher-gen4dp|1496\n|teamsize|p1|6\n|teamsize|p2|6\n|gen|9\n|tier|[Gen 9] VGC 2023 Regulation E\n|rated|\n|rule|Species Clause: Limit one of each Pok\u00e9mon\n|rule|Item Clause: Limit one of each item\n|clearpoke\n|poke|p1|Farigiraf, L50, M|\n|poke|p1|Ursaluna-Bloodmoon, L50, M|\n|poke|p1|Torkoal, L50, F|\n|poke|p1|Iron Hands, L50|\n|poke|p1|Flutter Mane, L50|\n|poke|p1|Roaring Moon, L50|\n|poke|p2|Roaring Moon, L50|\n|poke|p2|Rillaboom, L50, F|\n|poke|p2|Landorus, L50, M|\n|poke|p2|Clefairy, L50, F|\n|poke|p2|Thundurus, L50, M|\n|poke|p2|Gholdengo, L50|\n|teampreview|4\n|\n|t:|1699823537\n|start\n|switch|p1a: Carmie|Ursaluna-Bloodmoon, L50, M|100\/100\n|switch|p1b: Marcus|Farigiraf, L50, M|100\/100\n|switch|p2a: Landorus|Landorus, L50, M|100\/100\n|switch|p2b: Clefairy|Clefairy, L50, F|100\/100\n|turn|1\n|\n|t:|1699823585\n|move|p2a: Landorus|Sandsear Storm|p1b: Marcus|[spread] p1a,p1b\n|-damage|p1a: Carmie|33\/100\n|-damage|p1b: Marcus|38\/100\n|-enditem|p1b: Marcus|Sitrus Berry|[eat]\n|-heal|p1b: Marcus|63\/100|[from] item: Sitrus Berry\n|move|p2b: Clefairy|Moonblast|p1a: Carmie\n|-damage|p1a: Carmie|10\/100\n|move|p1a: Carmie|Blood Moon|p2a: Landorus\n|-damage|p2a: Landorus|0 fnt\n|faint|p2a: Landorus\n|move|p1b: Marcus|Trick Room|p1b: Marcus\n|-fieldstart|move: Trick Room|[of] p1b: Marcus\n|\n|upkeep\n|\n|t:|1699823589\n|switch|p2a: Roaring Moon|Roaring Moon, L50|100\/100\n|-enditem|p2a: Roaring Moon|Booster Energy\n|-activate|p2a: Roaring Moon|ability: Protosynthesis|[fromitem]\n|-start|p2a: Roaring Moon|protosynthesisspe\n|turn|2\n|\n|t:|1699823602\n|move|p1b: Marcus|Helping Hand|p1a: Carmie\n|-singleturn|p1a: Carmie|Helping Hand|[of] p1b: Marcus\n|move|p1a: Carmie|Hyper Voice|p2a: Roaring Moon|[spread] p2a,p2b\n|-damage|p2a: Roaring Moon|49\/100\n|-damage|p2b: Clefairy|41\/100\n|move|p2b: Clefairy|Moonblast|p1a: Carmie\n|-damage|p1a: Carmie|0 fnt\n|faint|p1a: Carmie\n|move|p2a: Roaring Moon|Knock Off|p1b: Marcus\n|-supereffective|p1b: Marcus\n|-damage|p1b: Marcus|12\/100\n|\n|upkeep\n|\n|t:|1699823612\n|switch|p1a: Sydney|Torkoal, L50, F|100\/100\n|-weather|SunnyDay|[from] ability: Drought|[of] p1a: Sydney\n|turn|3\n|\n|t:|1699823631\n|-terastallize|p1a: Sydney|Fire\n|move|p1b: Marcus|Helping Hand|p1a: Sydney\n|-singleturn|p1a: Sydney|Helping Hand|[of] p1b: Marcus\n|move|p2b: Clefairy|Protect|p2b: Clefairy\n|-singleturn|p2b: Clefairy|Protect\n|move|p1a: Sydney|Heat Wave|p2a: Roaring Moon|[spread] p2a\n|-activate|p2b: Clefairy|move: Protect\n|-resisted|p2a: Roaring Moon\n|-damage|p2a: Roaring Moon|6\/100\n|move|p2a: Roaring Moon|Rock Slide|p1b: Marcus|[spread] p1a,p1b\n|-supereffective|p1a: Sydney\n|-damage|p1a: Sydney|68\/100\n|-damage|p1b: Marcus|0 fnt\n|faint|p1b: Marcus\n|\n|-weather|SunnyDay|[upkeep]\n|upkeep\n|\n|t:|1699823644\n|switch|p1b: Tina|Flutter Mane, L50|100\/100\n|-activate|p1b: Tina|ability: Protosynthesis\n|-start|p1b: Tina|protosynthesisspe\n|turn|4\n|\n|t:|1699823657\n|move|p2b: Clefairy|Protect||[still]\n|-fail|p2b: Clefairy\n|move|p1a: Sydney|Heat Wave|p2b: Clefairy|[spread] p2a,p2b\n|-resisted|p2a: Roaring Moon\n|-damage|p2a: Roaring Moon|0 fnt\n|-damage|p2b: Clefairy|0 fnt\n|faint|p2a: Roaring Moon\n|-end|p2a: Roaring Moon|Protosynthesis|[silent]\n|faint|p2b: Clefairy\n|move|p1b: Tina|Moonblast|p2: Roaring Moon|[notarget]\n|-fail|p1b: Tina\n|\n|-weather|SunnyDay|[upkeep]\n|upkeep\n|\n|t:|1699823660\n|switch|p2b: Gholdengo|Gholdengo, L50|100\/100\n|turn|5\n|\n|t:|1699823669\n|-terastallize|p2b: Gholdengo|Water\n|move|p1a: Sydney|Overheat|p2b: Gholdengo\n|-resisted|p2b: Gholdengo\n|-damage|p2b: Gholdengo|37\/100\n|-unboost|p1a: Sydney|spa|2\n|move|p2b: Gholdengo|Make It Rain|p1a: Sydney|[spread] p1a,p1b\n|-resisted|p1a: Sydney\n|-supereffective|p1b: Tina\n|-damage|p1a: Sydney|42\/100\n|-damage|p1b: Tina|27\/100\n|-unboost|p2b: Gholdengo|spa|1\n|move|p1b: Tina|Moonblast|p2b: Gholdengo\n|-damage|p2b: Gholdengo|0 fnt\n|faint|p2b: Gholdengo\n|\n|win|Emberbloom\n|raw|Emberbloom's rating: 1397 &rarr; <strong>1423<\/strong><br \/>(+26 for winning)\n|raw|Bullema's rating: 1496 &rarr; <strong>1470<\/strong><br \/>(-26 for losing)\n|l|\u2606Bullema\n","uploadtime":1699823694,"views":12,"p1id":"emberbloom","p2id":"bullema","formatid":"gen9vgc2023regulatione","rating":1423,"private":0,"password":""}