{"id":"gen9vgc2023regulatione-1999986090","p1":"dr pookie","p2":"pickpickme","format":"[Gen 9] VGC 2023 Regulation E","log":"|j|\u2606dr pookie\n|j|\u2606pickpickme\n|t:|1701137872\n|gametype|doubles\n|player|p1|dr pookie|nanu|1401\n|player|p2|pickpickme|lucas|1290\n|teamsize|p1|6\n|teamsize|p2|6\n|gen|9\n|tier|[Gen 9] VGC 2023 Regulation E\n|rated|\n|rule|Species Clause: Limit one of each Pok\u00e9mon\n|rule|Item Clause: Limit one of each item\n|clearpoke\n|poke|p1|Cresselia, L50, F|\n|poke|p1|Ursaluna, L50, M|\n|poke|p1|Iron Hands, L50|\n|poke|p1|Indeedee-F, L50, F|\n|poke|p1|Armarouge, L50, F|\n|poke|p1|Torkoal, L50, F|\n|poke|p2|Flutter Mane, L50|\n|poke|p2|Chi-Yu, L50|\n|poke|p2|Dondozo, L50, F|\n|poke|p2|Tatsugiri, L50, M|\n|poke|p2|Arcanine-Hisui, L50, F|\n|poke|p2|Roaring Moon, L50|\n|teampreview|4\n|\n|t:|1701137905\n|start\n|switch|p1a: Armarouge|Armarouge, L50, F|100\/100\n|switch|p1b: Cresselia|Cresselia, L50, F|100\/100\n|switch|p2a: Flutter Mane|Flutter Mane, L50|100\/100\n|switch|p2b: Chi-Yu|Chi-Yu, L50|100\/100\n|-ability|p2b: Chi-Yu|Beads of Ruin\n|turn|1\n|\n|t:|1701137921\n|-terastallize|p1b: Cresselia|Poison\n|move|p1a: Armarouge|Wide Guard|p1a: Armarouge\n|-singleturn|p1a: Armarouge|Wide Guard\n|move|p2b: Chi-Yu|Dark Pulse|p1b: Cresselia\n|-damage|p1b: Cresselia|70\/100\n|move|p2a: Flutter Mane|Shadow Ball|p1b: Cresselia\n|-damage|p1b: Cresselia|41\/100\n|-unboost|p1b: Cresselia|spd|1\n|move|p1b: Cresselia|Trick Room|p1b: Cresselia\n|-fieldstart|move: Trick Room|[of] p1b: Cresselia\n|\n|upkeep\n|turn|2\n|\n|t:|1701137941\n|switch|p1b: Indeedee|Indeedee-F, L50, F, shiny|100\/100\n|-fieldstart|move: Psychic Terrain|[from] ability: Psychic Surge|[of] p1b: Indeedee\n|switch|p2b: Dondozo|Dondozo, L50, F|100\/100\n|move|p2a: Flutter Mane|Protect|p2a: Flutter Mane\n|-singleturn|p2a: Flutter Mane|Protect\n|move|p1a: Armarouge|Expanding Force|p2b: Dondozo|[spread] p2b\n|-activate|p2a: Flutter Mane|move: Protect\n|-damage|p2b: Dondozo|41\/100\n|-damage|p1a: Armarouge|91\/100|[from] item: Life Orb\n|\n|-heal|p2b: Dondozo|47\/100|[from] item: Leftovers\n|upkeep\n|turn|3\n|\n|t:|1701137984\n|-end|p2a: Flutter Mane|Protosynthesis|[silent]\n|switch|p2a: Tatsugiri|Tatsugiri, L50, M|100\/100\n|-activate|p2a: Tatsugiri|ability: Commander|[of] p2b: Dondozo\n|-boost|p2b: Dondozo|atk|2\n|-boost|p2b: Dondozo|spa|2\n|-boost|p2b: Dondozo|spe|2\n|-boost|p2b: Dondozo|def|2\n|-boost|p2b: Dondozo|spd|2\n|move|p2b: Dondozo|Protect|p2b: Dondozo\n|-singleturn|p2b: Dondozo|Protect\n|move|p1a: Armarouge|Expanding Force|p2b: Dondozo|[spread] \n|-miss|p1a: Armarouge|p2a: Tatsugiri\n|-activate|p2b: Dondozo|move: Protect\n|move|p1b: Indeedee|Dazzling Gleam|p2a: Tatsugiri|[spread] \n|-miss|p1b: Indeedee|p2a: Tatsugiri\n|-activate|p2b: Dondozo|move: Protect\n|\n|-heal|p2b: Dondozo|53\/100|[from] item: Leftovers\n|upkeep\n|turn|4\n|\n|t:|1701138004\n|move|p1b: Indeedee|Helping Hand|p1a: Armarouge\n|-singleturn|p1a: Armarouge|Helping Hand|[of] p1b: Indeedee\n|move|p1a: Armarouge|Expanding Force|p2b: Dondozo|[spread] p2b\n|-miss|p1a: Armarouge|p2a: Tatsugiri\n|-damage|p2b: Dondozo|8\/100\n|-damage|p1a: Armarouge|81\/100|[from] item: Life Orb\n|move|p2b: Dondozo|Yawn|p1a: Armarouge\n|-start|p1a: Armarouge|move: Yawn|[of] p2b: Dondozo\n|\n|-heal|p2b: Dondozo|14\/100|[from] item: Leftovers\n|upkeep\n|turn|5\n|\n|t:|1701138016\n|move|p2b: Dondozo|Protect|p2b: Dondozo\n|-singleturn|p2b: Dondozo|Protect\n|move|p1a: Armarouge|Trick Room|p1a: Armarouge\n|-fieldend|move: Trick Room\n|move|p1b: Indeedee|Trick Room|p1b: Indeedee\n|-fieldstart|move: Trick Room|[of] p1b: Indeedee\n|\n|-heal|p2b: Dondozo|20\/100|[from] item: Leftovers\n|-end|p1a: Armarouge|move: Yawn|[silent]\n|-status|p1a: Armarouge|slp\n|upkeep\n|turn|6\n|\n|t:|1701138031\n|switch|p1a: Ursaluna|Ursaluna, L50, M|100\/100\n|move|p1b: Indeedee|Follow Me|p1b: Indeedee\n|-singleturn|p1b: Indeedee|move: Follow Me\n|move|p2b: Dondozo|Order Up|p1b: Indeedee\n|-damage|p1b: Indeedee|61\/100\n|-enditem|p1b: Indeedee|Eject Button\n|-boost|p2b: Dondozo|atk|1\n|\n|t:|1701138043\n|switch|p1b: Cresselia|Cresselia, L50, F, tera:Poison|41\/100\n|\n|-heal|p2b: Dondozo|26\/100|[from] item: Leftovers\n|-fieldend|move: Psychic Terrain\n|-status|p1a: Ursaluna|brn|[from] item: Flame Orb\n|upkeep\n|turn|7\n|\n|t:|1701138052\n|move|p2b: Dondozo|Protect|p2b: Dondozo\n|-singleturn|p2b: Dondozo|Protect\n|move|p1a: Ursaluna|Facade|p2b: Dondozo\n|-activate|p2b: Dondozo|move: Protect\n|move|p1b: Cresselia|Lunar Blessing|p1b: Cresselia|[spread] p1a,p1b\n|-curestatus|p1a: Ursaluna|brn|[msg]\n|-heal|p1b: Cresselia|66\/100\n|\n|-heal|p2b: Dondozo|32\/100|[from] item: Leftovers\n|-status|p1a: Ursaluna|brn|[from] item: Flame Orb\n|upkeep\n|turn|8\n|c|\u2606pickpickme|?\n|\n|t:|1701138075\n|move|p1a: Ursaluna|Facade|p2b: Dondozo\n|-damage|p2b: Dondozo|0 fnt\n|faint|p2b: Dondozo\n|move|p1b: Cresselia|Lunar Blessing|p1b: Cresselia|[spread] p1a,p1b\n|-curestatus|p1a: Ursaluna|brn|[msg]\n|-heal|p1b: Cresselia|91\/100\n|\n|-status|p1a: Ursaluna|brn|[from] item: Flame Orb\n|upkeep\n|\n|t:|1701138091\n|switch|p2b: Chi-Yu|Chi-Yu, L50|100\/100\n|-ability|p2b: Chi-Yu|Beads of Ruin\n|turn|9\n|\n|t:|1701138114\n|-terastallize|p2b: Chi-Yu|Ghost\n|move|p1b: Cresselia|Helping Hand|p1a: Ursaluna\n|-singleturn|p1a: Ursaluna|Helping Hand|[of] p1b: Cresselia\n|move|p1a: Ursaluna|Earthquake|p2a: Tatsugiri|[spread] p2a,p2b\n|-immune|p1b: Cresselia|[from] ability: Levitate\n|-damage|p2a: Tatsugiri|0 fnt\n|-damage|p2b: Chi-Yu|0 fnt\n|faint|p2a: Tatsugiri\n|faint|p2b: Chi-Yu\n|\n|-damage|p1a: Ursaluna|95\/100 brn|[from] brn\n|-fieldend|move: Trick Room\n|upkeep\n|-message|pickpickme forfeited.\n|\n|win|dr pookie\n|raw|dr pookie's rating: 1401 &rarr; <strong>1415<\/strong><br \/>(+14 for winning)\n|raw|pickpickme's rating: 1290 &rarr; <strong>1273<\/strong><br \/>(-17 for losing)\n|l|\u2606pickpickme\n","uploadtime":1701138129,"views":26,"p1id":"drpookie","p2id":"pickpickme","formatid":"gen9vgc2023regulatione","rating":1273,"private":0,"password":""}