{"id":"gen9vgc2023regulatione-1999856506","p1":"WishNM","p2":"Razorgliscor472","format":"[Gen 9] VGC 2023 Regulation E","log":"|j|\u2606WishNM\n|j|\u2606Razorgliscor472\n|n|\u2606WishNM|wishnm\n|n|\u2606Razorgliscor472|razorgliscor472\n|html|View the match progress at <a href=\"\/game-bestof3-gen9vgc2023regulatione-1999856505\">game-bestof3-gen9vgc2023regulatione-1999856505<\/a>\n|t:|1701123270\n|gametype|doubles\n|player|p1|WishNM|n|\n|player|p2|Razorgliscor472|101|\n|teamsize|p1|6\n|teamsize|p2|6\n|gen|9\n|tier|[Gen 9] VGC 2023 Regulation E\n|rule|Species Clause: Limit one of each Pok\u00e9mon\n|rule|Item Clause: Limit one of each item\n|clearpoke\n|poke|p1|Annihilape, L50, F|\n|poke|p1|Maushold-Four, L50|\n|poke|p1|Zoroark-Hisui, L50, F|\n|poke|p1|Krookodile, L50, F|\n|poke|p1|Ninetales-Alola, L50, F|\n|poke|p1|Heatran, L50, F|\n|poke|p2|Urshifu-*, L50, M|\n|poke|p2|Murkrow, L50, M|\n|poke|p2|Indeedee-F, L50, F|\n|poke|p2|Ursaring, L50, M|\n|poke|p2|Gholdengo, L50|\n|poke|p2|Overqwil, L50, M|\n|teampreview|4\nWishNM rejected open team sheets.\n|c|\u2606Razorgliscor472|Is it supposed to be open team? assume not\n|c|\u2606Razorgliscor472|Ok thats what i thought\n|c|\u2606WishNM|I don't believe so\n|c|\u2606WishNM|but idk\n|c|\u2606WishNM|first time VGC draft ngl\n|c|\u2606WishNM|that's why I took so long sorry\n|c|\u2606Razorgliscor472|Same\n|j| ant_3\n|j| Fernanch\n|\n|t:|1701123364\n|start\n|switch|p1a: Annihilape|Annihilape, L50, F|100\/100\n|switch|p1b: Maushold|Maushold-Four, L50|100\/100\n|switch|p2a: Urshifu|Urshifu-Rapid-Strike, L50, M|100\/100\n|switch|p2b: Murkrow|Murkrow, L50, M|100\/100\n|turn|1\n|\n|t:|1701123423\n|move|p2b: Murkrow|Protect|p2b: Murkrow\n|-singleturn|p2b: Murkrow|Protect\n|move|p2a: Urshifu|Surging Strikes|p1b: Maushold\n|-crit|p1b: Maushold\n|-damage|p1b: Maushold|81\/100\n|-crit|p1b: Maushold\n|-damage|p1b: Maushold|59\/100\n|-crit|p1b: Maushold\n|-damage|p1b: Maushold|36\/100\n|-hitcount|p1b: Maushold|3\n|move|p1b: Maushold|Beat Up|p1a: Annihilape\n|-damage|p1a: Annihilape|99\/100\n|-damage|p1a: Annihilape|97\/100\n|-damage|p1a: Annihilape|95\/100\n|-damage|p1a: Annihilape|94\/100\n|-hitcount|p1a: Annihilape|4\n|move|p1a: Annihilape|Bulk Up|p1a: Annihilape\n|-boost|p1a: Annihilape|atk|1\n|-boost|p1a: Annihilape|def|1\n|\n|-heal|p1a: Annihilape|99\/100|[from] item: Leftovers\n|upkeep\n|turn|2\n|c| Fernanch|Yo, that surging strikes healed the maus\n|\n|t:|1701123465\n|switch|p2b: Indeedee|Indeedee-F, L50, F|100\/100\n|-fieldstart|move: Psychic Terrain|[from] ability: Psychic Surge|[of] p2b: Indeedee\n|-enditem|p2b: Indeedee|Psychic Seed\n|-boost|p2b: Indeedee|spd|1|[from] item: Psychic Seed\n|move|p2a: Urshifu|Protect|p2a: Urshifu\n|-singleturn|p2a: Urshifu|Protect\n|move|p1b: Maushold|Follow Me|p1b: Maushold\n|-singleturn|p1b: Maushold|move: Follow Me\n|move|p1a: Annihilape|Rage Fist|p2a: Urshifu\n|-activate|p2a: Urshifu|move: Protect\n|\n|-heal|p1a: Annihilape|100\/100|[from] item: Leftovers\n|upkeep\n|turn|3\n|\n|t:|1701123497\n|-terastallize|p2a: Urshifu|Water\n|move|p2b: Indeedee|Follow Me|p2b: Indeedee\n|-singleturn|p2b: Indeedee|move: Follow Me\n|move|p2a: Urshifu|Surging Strikes|p1a: Annihilape\n|-crit|p1a: Annihilape\n|-damage|p1a: Annihilape|83\/100\n|-crit|p1a: Annihilape\n|-damage|p1a: Annihilape|65\/100\n|-crit|p1a: Annihilape\n|-damage|p1a: Annihilape|48\/100\n|-hitcount|p1a: Annihilape|3\n|move|p1b: Maushold|Super Fang|p2b: Indeedee\n|-damage|p2b: Indeedee|51\/100\n|move|p1a: Annihilape|Drain Punch|p2b: Indeedee\n|-damage|p2b: Indeedee|7\/100\n|-heal|p1a: Annihilape|66\/100|[from] drain|[of] p2b: Indeedee\n|\n|-heal|p1a: Annihilape|72\/100|[from] item: Leftovers\n|upkeep\n|turn|4\n|\n|t:|1701123532\n|move|p2b: Indeedee|Helping Hand|p2a: Urshifu\n|-singleturn|p2a: Urshifu|Helping Hand|[of] p2b: Indeedee\n|move|p1b: Maushold|Follow Me|p1b: Maushold\n|-singleturn|p1b: Maushold|move: Follow Me\n|move|p2a: Urshifu|Surging Strikes|p1b: Maushold\n|-crit|p1b: Maushold\n|-damage|p1b: Maushold|0 fnt\n|faint|p1b: Maushold\n|-hitcount|p1: Maushold|1\n|move|p1a: Annihilape|Drain Punch|p2a: Urshifu\n|-damage|p2a: Urshifu|52\/100\n|-heal|p1a: Annihilape|91\/100|[from] drain|[of] p2a: Urshifu\n|\n|-heal|p1a: Annihilape|97\/100|[from] item: Leftovers\n|upkeep\n|\n|t:|1701123560\n|switch|p1b: Krookodile|Krookodile, L50, F|100\/100\n|-ability|p1b: Krookodile|Intimidate|boost\n|-unboost|p2a: Urshifu|atk|1\n|-unboost|p2b: Indeedee|atk|1\n|turn|5\n|\n|t:|1701123582\n|move|p2b: Indeedee|Follow Me|p2b: Indeedee\n|-singleturn|p2b: Indeedee|move: Follow Me\n|move|p1b: Krookodile|Knock Off|p2b: Indeedee\n|-supereffective|p2b: Indeedee\n|-crit|p2b: Indeedee\n|-damage|p2b: Indeedee|0 fnt\n|faint|p2b: Indeedee\n|move|p2a: Urshifu|Surging Strikes|p1b: Krookodile\n|-supereffective|p1b: Krookodile\n|-crit|p1b: Krookodile\n|-damage|p1b: Krookodile|24\/100\n|-supereffective|p1b: Krookodile\n|-crit|p1b: Krookodile\n|-damage|p1b: Krookodile|0 fnt\n|faint|p1b: Krookodile\n|-hitcount|p1: Krookodile|2\n|move|p1a: Annihilape|Rage Fist|p2a: Urshifu\n|-damage|p2a: Urshifu|0 fnt\n|faint|p2a: Urshifu\n|\n|-heal|p1a: Annihilape|100\/100|[from] item: Leftovers\n|upkeep\n|\n|t:|1701123597\n|switch|p2a: Murkrow|Murkrow, L50, M|100\/100\n|switch|p1b: Heatran|Heatran, L50, F|100\/100\n|switch|p2b: Gholdengo|Gholdengo, L50|100\/100\n|turn|6\n|\n|t:|1701123622\n|-terastallize|p1a: Annihilape|Water\n|move|p2a: Murkrow|Foul Play|p1a: Annihilape\n|-damage|p1a: Annihilape|73\/100\n|move|p1a: Annihilape|Rage Fist|p2b: Gholdengo\n|-supereffective|p2b: Gholdengo\n|-damage|p2b: Gholdengo|0 fnt\n|faint|p2b: Gholdengo\n|move|p1b: Heatran|Magma Storm|p2a: Murkrow\n|-damage|p2a: Murkrow|37\/100\n|-activate|p2a: Murkrow|move: Magma Storm|[of] p1b: Heatran\n|\n|-heal|p1a: Annihilape|79\/100|[from] item: Leftovers\n|-damage|p2a: Murkrow|25\/100|[from] move: Magma Storm|[partiallytrapped]\n|-fieldend|move: Psychic Terrain\n|upkeep\n|turn|7\n|c|\u2606Razorgliscor472|Gg\n|c|\u2606WishNM|gg\n|\n|t:|1701123643\n|move|p2a: Murkrow|Foul Play|p1a: Annihilape\n|-damage|p1a: Annihilape|53\/100\n|move|p1a: Annihilape|Rage Fist|p2a: Murkrow\n|-resisted|p2a: Murkrow\n|-damage|p2a: Murkrow|0 fnt\n|faint|p2a: Murkrow\n|\n|win|WishNM\n|c| ant_3|its best of 3 right\n|c|&|\/uhtml prompt-razorgliscor472,Razorgliscor472 is ready for game 2!\n|c|&|\/uhtml prompt-wishnm,WishNM is ready for game 2!\nBoth players are ready! Starting next match!\n|l| ant_3\n|c| Fernanch|Ye.\n|l|\u2606WishNM\n|l| Fernanch\n|j| Fernanch\n|l|\u2606Razorgliscor472\n|j|\u2606WishNM\n|player|p1|WishNM|n\n","uploadtime":1701124105,"views":9,"p1id":"wishnm","p2id":"razorgliscor472","formatid":"gen9vgc2023regulatione","rating":0,"private":0,"password":""}