{"id":"gen9vgc2023regulatione-1992537128","p1":"Vottomatic","p2":"SaacLxnch","format":"[Gen 9] VGC 2023 Regulation E","log":"|j|\u2606Vottomatic\n|j|\u2606SaacLxnch\n|t:|1700201626\n|gametype|doubles\n|player|p1|Vottomatic|gentleman-gen4|1128\n|player|p2|SaacLxnch|acetrainer-gen4|1160\n|teamsize|p1|6\n|teamsize|p2|6\n|gen|9\n|tier|[Gen 9] VGC 2023 Regulation E\n|rated|\n|rule|Species Clause: Limit one of each Pok\u00e9mon\n|rule|Item Clause: Limit one of each item\n|clearpoke\n|poke|p1|Snorlax, L50, F|\n|poke|p1|Grimmsnarl, L50, M|\n|poke|p1|Landorus-Therian, L50, M|\n|poke|p1|Amoonguss, L50, F|\n|poke|p1|Garganacl, L50, F|\n|poke|p1|Scizor, L50, F|\n|poke|p2|Landorus, L50, M|\n|poke|p2|Arcanine-Hisui, L50, M|\n|poke|p2|Gholdengo, L50|\n|poke|p2|Ogerpon-Wellspring, L50, F|\n|poke|p2|Roaring Moon, L50|\n|poke|p2|Iron Hands, L50|\n|teampreview|4\n|inactive|Battle timer is ON: inactive players will automatically lose when time's up. (requested by Vottomatic)\nVottomatic rejected open team sheets.\n|inactive|SaacLxnch has 60 seconds left.\n|l|\u2606Vottomatic\n|inactive|Vottomatic disconnected and has a minute to reconnect!\n|player|p1|\n|\n|t:|1700201704\n|start\n|switch|p1a: Landorus|Landorus-Therian, L50, M|100\/100\n|switch|p1b: Snorlax|Snorlax, L50, F|100\/100\n|switch|p2a: Ogerpon|Ogerpon-Wellspring, L50, F|100\/100\n|switch|p2b: Gholdengo|Gholdengo, L50|100\/100\n|-ability|p1a: Landorus|Intimidate|boost\n|-unboost|p2a: Ogerpon|atk|1\n|-unboost|p2b: Gholdengo|atk|1\n|turn|1\n|j|\u2606Vottomatic\n|inactive|Vottomatic reconnected and has 55 seconds left.\n|player|p1|Vottomatic|gentleman-gen4\n|\n|t:|1700201726\n|move|p2a: Ogerpon|Spiky Shield|p2a: Ogerpon\n|-singleturn|p2a: Ogerpon|move: Protect\n|move|p2b: Gholdengo|Protect|p2b: Gholdengo\n|-singleturn|p2b: Gholdengo|Protect\n|move|p1a: Landorus|Earth Power|p2b: Gholdengo\n|-activate|p2b: Gholdengo|move: Protect\n|move|p1b: Snorlax|Belly Drum|p1b: Snorlax\n|-damage|p1b: Snorlax|51\/100\n|-setboost|p1b: Snorlax|atk|6|[from] move: Belly Drum\n|\n|upkeep\n|turn|2\n|inactive|Vottomatic has 30 seconds left.\n|inactive|SaacLxnch has 30 seconds left.\n|inactive|SaacLxnch has 20 seconds left.\n|inactive|SaacLxnch has 15 seconds left.\n|\n|t:|1700201768\n|move|p2a: Ogerpon|Follow Me|p2a: Ogerpon\n|-singleturn|p2a: Ogerpon|move: Follow Me\n|move|p1a: Landorus|Earth Power|p2a: Ogerpon\n|-resisted|p2a: Ogerpon\n|-damage|p2a: Ogerpon|84\/100\n|move|p2b: Gholdengo|Nasty Plot|p2b: Gholdengo\n|-boost|p2b: Gholdengo|spa|2\n|move|p1b: Snorlax|Body Slam|p2a: Ogerpon\n|-damage|p2a: Ogerpon|0 fnt\n|faint|p2a: Ogerpon\n|\n|upkeep\n|\n|t:|1700201779\n|switch|p2a: Arcanine|Arcanine-Hisui, L50, M|100\/100\n|-ability|p2a: Arcanine|Intimidate|boost\n|-unboost|p1a: Landorus|atk|1\n|-unboost|p1b: Snorlax|atk|1\n|turn|3\n|inactive|SaacLxnch has 30 seconds left.\n|inactive|SaacLxnch has 20 seconds left.\n|inactive|SaacLxnch has 15 seconds left.\n|\n|t:|1700201822\n|-terastallize|p2a: Arcanine|Fairy\n|move|p1a: Landorus|Earth Power|p2a: Arcanine\n|-damage|p2a: Arcanine|59\/100\n|-unboost|p2a: Arcanine|spd|1\n|move|p2a: Arcanine|Tera Blast|p1b: Snorlax|[anim] Tera Blast Fairy\n|-crit|p1b: Snorlax\n|-damage|p1b: Snorlax|0 fnt\n|faint|p1b: Snorlax\n|move|p2b: Gholdengo|Make It Rain|p1a: Landorus\n|-damage|p1a: Landorus|0 fnt\n|-unboost|p2b: Gholdengo|spa|1\n|faint|p1a: Landorus\n|\n|upkeep\n|\n|t:|1700201837\n|switch|p1a: Amoonguss|Amoonguss, L50, F|100\/100\n|switch|p1b: Garganacl|Garganacl, L50, F|100\/100\n|turn|4\n|inactive|SaacLxnch has 30 seconds left.\n|inactive|SaacLxnch has 20 seconds left.\n|\n|t:|1700201874\n|-terastallize|p1b: Garganacl|Electric\n|move|p2a: Arcanine|Tera Blast|p1b: Garganacl|[anim] Tera Blast Fairy\n|-damage|p1b: Garganacl|68\/100\n|move|p2b: Gholdengo|Nasty Plot|p2b: Gholdengo\n|-boost|p2b: Gholdengo|spa|2\n|move|p1b: Garganacl|Iron Defense|p1b: Garganacl\n|-boost|p1b: Garganacl|def|2\n|move|p1a: Amoonguss|Spore|p2b: Gholdengo\n|-immune|p2b: Gholdengo|[from] ability: Good as Gold\n|\n|-heal|p1b: Garganacl|74\/100|[from] item: Leftovers\n|upkeep\n|turn|5\n|-message|Vottomatic forfeited.\n|\n|win|SaacLxnch\n|raw|Vottomatic's rating: 1128 &rarr; <strong>1105<\/strong><br \/>(-23 for losing)\n|raw|SaacLxnch's rating: 1160 &rarr; <strong>1183<\/strong><br \/>(+23 for winning)\n|l|\u2606Vottomatic\n","uploadtime":1700201894,"views":12,"p1id":"vottomatic","p2id":"saaclxnch","formatid":"gen9vgc2023regulatione","rating":1105,"private":0,"password":""}