{"id":"gen9vgc2023regulatione-1995724770","p1":"Best dozo player","p2":"Bale_007","format":"[Gen 9] VGC 2023 Regulation E","log":"|j|\u2606Best dozo player\n|j|\u2606Bale_007\n|t:|1700597315\n|gametype|doubles\n|player|p1|Best dozo player|giovanni|1499\n|player|p2|Bale_007|richboy-gen4|1500\n|teamsize|p1|5\n|teamsize|p2|6\n|gen|9\n|tier|[Gen 9] VGC 2023 Regulation E\n|rated|\n|rule|Species Clause: Limit one of each Pok\u00e9mon\n|rule|Item Clause: Limit one of each item\n|clearpoke\n|poke|p1|Indeedee-F, L50, F|\n|poke|p1|Armarouge, L50, M|\n|poke|p1|Torkoal, L50, M|\n|poke|p1|Roaring Moon, L50|\n|poke|p1|Dachsbun, L50, F|\n|poke|p2|Farigiraf, L50, M|\n|poke|p2|Dragonite, L50, F|\n|poke|p2|Chien-Pao, L50|\n|poke|p2|Annihilape, L50, F|\n|poke|p2|Amoonguss, L50, M|\n|poke|p2|Heatran, L50, F|\n|teampreview|4\n|inactive|Battle timer is ON: inactive players will automatically lose when time's up. (requested by Best dozo player)\n|\n|t:|1700597346\n|start\n|switch|p1a: Armarouge|Armarouge, L50, M|100\/100\n|switch|p1b: Roaring Moon|Roaring Moon, L50|100\/100\n|switch|p2a: Farigiraf|Farigiraf, L50, M|100\/100\n|switch|p2b: Chien-Pao|Chien-Pao, L50|100\/100\n|-ability|p2b: Chien-Pao|Sword of Ruin\n|-enditem|p1b: Roaring Moon|Booster Energy\n|-activate|p1b: Roaring Moon|ability: Protosynthesis|[fromitem]\n|-start|p1b: Roaring Moon|protosynthesisspe\n|turn|1\n|j| SunnyOS\n|inactive|Best dozo player has 30 seconds left.\n|\n|t:|1700597375\n|switch|p2b: Heatran|Heatran, L50, F|100\/100\n|-terastallize|p2a: Farigiraf|Fairy\n|move|p1a: Armarouge|Endure|p1a: Armarouge\n|-singleturn|p1a: Armarouge|move: Endure\n|move|p1b: Roaring Moon|Knock Off|p2a: Farigiraf\n|-resisted|p2a: Farigiraf\n|-damage|p2a: Farigiraf|79\/100\n|-enditem|p2a: Farigiraf|Safety Goggles|[from] move: Knock Off|[of] p1b: Roaring Moon\n|move|p2a: Farigiraf|Trick Room|p2a: Farigiraf\n|-fieldstart|move: Trick Room|[of] p2a: Farigiraf\n|\n|upkeep\n|turn|2\n|\n|t:|1700597394\n|-end|p1b: Roaring Moon|Protosynthesis|[silent]\n|switch|p1b: Dachsbun|Dachsbun, L50, F|100\/100\n|move|p2a: Farigiraf|Dazzling Gleam|p1b: Dachsbun|[spread] p1a,p1b\n|-resisted|p1a: Armarouge\n|-damage|p1a: Armarouge|87\/100\n|-damage|p1b: Dachsbun|68\/100\n|move|p2b: Heatran|Earth Power|p1a: Armarouge\n|-supereffective|p1a: Armarouge\n|-damage|p1a: Armarouge|3\/100\n|-enditem|p1a: Armarouge|Weakness Policy\n|-boost|p1a: Armarouge|atk|2|[from] item: Weakness Policy\n|-boost|p1a: Armarouge|spa|2|[from] item: Weakness Policy\n|move|p1a: Armarouge|Trick Room|p1a: Armarouge\n|-fieldend|move: Trick Room\n|\n|-heal|p1b: Dachsbun|74\/100|[from] item: Leftovers\n|upkeep\n|turn|3\n|inactive|Bale_007 has 30 seconds left.\n|inactive|Bale_007 has 20 seconds left.\n|inactive|Bale_007 has 15 seconds left.\n|inactive|Bale_007 has 10 seconds left.\n|\n|t:|1700597442\n|switch|p2a: Dragonite|Dragonite, L50, F|100\/100\n|move|p1a: Armarouge|Lava Plume|p2b: Heatran|[spread] p2a\n|-ability|p1b: Dachsbun|Well-Baked Body|boost\n|-boost|p1b: Dachsbun|def|2\n|-start|p2b: Heatran|ability: Flash Fire\n|-resisted|p2a: Dragonite\n|-damage|p2a: Dragonite|74\/100\n|move|p1b: Dachsbun|Body Press|p2b: Heatran\n|-supereffective|p2b: Heatran\n|-damage|p2b: Heatran|6\/100\n|move|p2b: Heatran|Earth Power|p1a: Armarouge\n|-supereffective|p1a: Armarouge\n|-damage|p1a: Armarouge|0 fnt\n|faint|p1a: Armarouge\n|\n|-heal|p1b: Dachsbun|80\/100|[from] item: Leftovers\n|upkeep\n|j| E10 parcticeteam\n|\n|t:|1700597457\n|switch|p1a: Roaring Moon|Roaring Moon, L50|100\/100\n|turn|4\n|\n|t:|1700597478\n|switch|p2a: Farigiraf|Farigiraf, L50, M, tera:Fairy|79\/100\n|move|p1a: Roaring Moon|Knock Off|p2b: Heatran\n|-damage|p2b: Heatran|0 fnt\n|-enditem|p2b: Heatran|Assault Vest|[from] move: Knock Off|[of] p1a: Roaring Moon\n|faint|p2b: Heatran\n|move|p1b: Dachsbun|Play Rough|p2a: Farigiraf\n|-damage|p2a: Farigiraf|56\/100\n|\n|-heal|p1b: Dachsbun|86\/100|[from] item: Leftovers\n|upkeep\n|inactive|Bale_007 has 30 seconds left.\n|\n|t:|1700597508\n|switch|p2b: Chien-Pao|Chien-Pao, L50|100\/100\n|-ability|p2b: Chien-Pao|Sword of Ruin\n|turn|5\n|\n|t:|1700597525\n|-end|p1a: Roaring Moon|Protosynthesis|[silent]\n|switch|p1a: Torkoal|Torkoal, L50, M|100\/100\n|-weather|SunnyDay|[from] ability: Drought|[of] p1a: Torkoal\n|move|p2b: Chien-Pao|Protect|p2b: Chien-Pao\n|-singleturn|p2b: Chien-Pao|Protect\n|move|p1b: Dachsbun|Yawn|p2a: Farigiraf\n|-start|p2a: Farigiraf|move: Yawn|[of] p1b: Dachsbun\n|move|p2a: Farigiraf|Dazzling Gleam|p1a: Torkoal|[spread] p1a,p1b\n|-resisted|p1a: Torkoal\n|-damage|p1a: Torkoal|86\/100\n|-damage|p1b: Dachsbun|54\/100\n|\n|-weather|SunnyDay|[upkeep]\n|-heal|p1b: Dachsbun|60\/100|[from] item: Leftovers\n|upkeep\n|turn|6\n|\n|t:|1700597545\n|switch|p2a: Dragonite|Dragonite, L50, F|74\/100\n|move|p2b: Chien-Pao|Sacred Sword|p1a: Torkoal\n|-damage|p1a: Torkoal|52\/100\n|move|p1b: Dachsbun|Play Rough|p2a: Dragonite\n|-supereffective|p2a: Dragonite\n|-damage|p2a: Dragonite|0 fnt\n|faint|p2a: Dragonite\n|move|p1a: Torkoal|Lava Plume|p2b: Chien-Pao|[spread] p2b\n|-ability|p1b: Dachsbun|Well-Baked Body|boost\n|-boost|p1b: Dachsbun|def|2\n|-supereffective|p2b: Chien-Pao\n|-enditem|p2b: Chien-Pao|Focus Sash\n|-damage|p2b: Chien-Pao|1\/100\n|\n|-weather|SunnyDay|[upkeep]\n|-heal|p1b: Dachsbun|66\/100|[from] item: Leftovers\n|upkeep\n|\n|t:|1700597560\n|switch|p2a: Farigiraf|Farigiraf, L50, M, tera:Fairy|56\/100\n|turn|7\n|\n|t:|1700597571\n|-terastallize|p1b: Dachsbun|Steel\n|move|p2b: Chien-Pao|Protect|p2b: Chien-Pao\n|-singleturn|p2b: Chien-Pao|Protect\n|move|p1b: Dachsbun|Yawn|p2a: Farigiraf\n|-start|p2a: Farigiraf|move: Yawn|[of] p1b: Dachsbun\n|move|p2a: Farigiraf|Psychic|p1a: Torkoal\n|-damage|p1a: Torkoal|3\/100\n|move|p1a: Torkoal|Lava Plume|p2a: Farigiraf|[spread] p2a\n|-activate|p2b: Chien-Pao|move: Protect\n|-ability|p1b: Dachsbun|Well-Baked Body|boost\n|-boost|p1b: Dachsbun|def|2\n|-damage|p2a: Farigiraf|12\/100\n|-status|p2a: Farigiraf|brn\n|\n|-weather|SunnyDay|[upkeep]\n|-heal|p1b: Dachsbun|72\/100|[from] item: Leftovers\n|-damage|p2a: Farigiraf|6\/100 brn|[from] brn\n|upkeep\n|turn|8\n|-message|Bale_007 forfeited.\n|\n|win|Best dozo player\n|raw|Best dozo player's rating: 1499 &rarr; <strong>1519<\/strong><br \/>(+20 for winning)\n|raw|Bale_007's rating: 1500 &rarr; <strong>1480<\/strong><br \/>(-20 for losing)\n|l|\u2606Bale_007\n|l|\u2606Best dozo player\n|l| E10 parcticeteam\n","uploadtime":1700598480,"views":4,"p1id":"bestdozoplayer","p2id":"bale007","formatid":"gen9vgc2023regulatione","rating":1480,"private":0,"password":""}