{"id":"gen9vgc2023regulatione-2000242879","p1":"MagicalBengt","p2":"Levelup_yaman","format":"[Gen 9] VGC 2023 Regulation E","log":"|j|\u2606MagicalBengt\n|j|\u2606Levelup_yaman\n|t:|1701176693\n|gametype|doubles\n|player|p1|MagicalBengt|266|1170\n|player|p2|Levelup_yaman|picnicker|1124\n|teamsize|p1|6\n|teamsize|p2|6\n|gen|9\n|tier|[Gen 9] VGC 2023 Regulation E\n|rated|\n|rule|Species Clause: Limit one of each Pok\u00e9mon\n|rule|Item Clause: Limit one of each item\n|clearpoke\n|poke|p1|Arcanine-Hisui, L50, F|\n|poke|p1|Articuno, L50|\n|poke|p1|Ninetales-Alola, L50, F|\n|poke|p1|Urshifu-*, L50, M|\n|poke|p1|Amoonguss, L50, F|\n|poke|p1|Tornadus, L50, M|\n|poke|p2|Pawmot, L50, M|\n|poke|p2|Baxcalibur, L50, M|\n|poke|p2|Skeledirge, L50, F|\n|poke|p2|Arboliva, L50, F|\n|poke|p2|Garganacl, L50, M|\n|poke|p2|Kingambit, L50, M|\n|teampreview|4\n|inactive|Battle timer is ON: inactive players will automatically lose when time's up. (requested by Levelup_yaman)\n|inactive|Levelup_yaman has 60 seconds left.\n|\n|t:|1701176731\n|start\n|switch|p1a: Tornadus|Tornadus, L50, M|100\/100\n|switch|p1b: Urshifu|Urshifu-Rapid-Strike, L50, M|100\/100\n|switch|p2a: Skeledirge|Skeledirge, L50, F|100\/100\n|switch|p2b: Kingambit|Kingambit, L50, M|100\/100\n|turn|1\n|\n|t:|1701176747\n|switch|p2a: Baxcalibur|Baxcalibur, L50, M|100\/100\n|-terastallize|p2b: Kingambit|Flying\n|move|p1b: Urshifu|Surging Strikes|p2b: Kingambit\n|-crit|p2b: Kingambit\n|-damage|p2b: Kingambit|82\/100\n|-crit|p2b: Kingambit\n|-damage|p2b: Kingambit|62\/100\n|-crit|p2b: Kingambit\n|-damage|p2b: Kingambit|44\/100\n|-hitcount|p2b: Kingambit|3\n|move|p1a: Tornadus|Bleakwind Storm|p2a: Baxcalibur|[spread] p2a,p2b\n|-damage|p2a: Baxcalibur|64\/100\n|-damage|p2b: Kingambit|15\/100\n|move|p2b: Kingambit|Aerial Ace|p1b: Urshifu\n|-supereffective|p1b: Urshifu\n|-damage|p1b: Urshifu|29\/100\n|\n|upkeep\n|turn|2\n|inactive|MagicalBengt has 30 seconds left.\n|inactive|Levelup_yaman has 30 seconds left.\n|\n|t:|1701176779\n|-end|p2b: Kingambit|fallenundefined|[silent]\n|switch|p2b: Garganacl|Garganacl, L50, M|100\/100\n|-item|p2b: Garganacl|Air Balloon\n|move|p1b: Urshifu|Protect|p1b: Urshifu\n|-singleturn|p1b: Urshifu|Protect\n|move|p1a: Tornadus|Tailwind|p1a: Tornadus\n|-sidestart|p1: MagicalBengt|move: Tailwind\n|move|p2a: Baxcalibur|Glaive Rush|p1b: Urshifu\n|-activate|p1b: Urshifu|move: Protect\n|\n|upkeep\n|turn|3\n|\n|t:|1701176795\n|move|p1b: Urshifu|Aqua Jet|p2b: Garganacl\n|-supereffective|p2b: Garganacl\n|-damage|p2b: Garganacl|65\/100\n|-enditem|p2b: Garganacl|Air Balloon\n|move|p1a: Tornadus|Bleakwind Storm|p2a: Baxcalibur|[spread] p2a,p2b\n|-resisted|p2b: Garganacl\n|-damage|p2a: Baxcalibur|30\/100\n|-damage|p2b: Garganacl|50\/100\n|-unboost|p2a: Baxcalibur|spe|1\n|-unboost|p2b: Garganacl|spe|1\n|move|p2a: Baxcalibur|Glaive Rush|p1b: Urshifu\n|-damage|p1b: Urshifu|0 fnt\n|-singlemove|p2a: Baxcalibur|Glaive Rush|[silent]\n|faint|p1b: Urshifu\n|move|p2b: Garganacl|Salt Cure|p1a: Tornadus\n|-supereffective|p1a: Tornadus\n|-damage|p1a: Tornadus|51\/100\n|-start|p1a: Tornadus|Salt Cure\n|\n|-damage|p1a: Tornadus|39\/100|[from] Salt Cure\n|upkeep\n|\n|t:|1701176812\n|switch|p1b: Articuno|Articuno, L50|100\/100\n|turn|4\n|\n|t:|1701176832\n|switch|p1a: Ninetales|Ninetales-Alola, L50, F|100\/100\n|-weather|Snow|[from] ability: Snow Warning|[of] p1a: Ninetales\n|-terastallize|p1b: Articuno|Steel\n|move|p1b: Articuno|Blizzard|p2a: Baxcalibur|[spread] p2a,p2b\n|-crit|p2a: Baxcalibur\n|-damage|p2a: Baxcalibur|0 fnt\n|-damage|p2b: Garganacl|14\/100\n|faint|p2a: Baxcalibur\n|move|p2b: Garganacl|Fire Punch|p1b: Articuno\n|-supereffective|p1b: Articuno\n|-damage|p1b: Articuno|57\/100\n|\n|-weather|Snow|[upkeep]\n|upkeep\n|\n|t:|1701176841\n|switch|p2a: Skeledirge|Skeledirge, L50, F|100\/100\n|turn|5\n|\n|t:|1701176853\n|move|p1a: Ninetales|Aurora Veil|p1a: Ninetales\n|-sidestart|p1: MagicalBengt|move: Aurora Veil\n|move|p1b: Articuno|Blizzard|p2a: Skeledirge|[spread] p2a,p2b\n|-resisted|p2a: Skeledirge\n|-damage|p2a: Skeledirge|79\/100\n|-damage|p2b: Garganacl|0 fnt\n|faint|p2b: Garganacl\n|move|p2a: Skeledirge|Torch Song|p1b: Articuno\n|-supereffective|p1b: Articuno\n|-damage|p1b: Articuno|18\/100\n|-boost|p2a: Skeledirge|spa|1\n|\n|-weather|Snow|[upkeep]\n|-sideend|p1: MagicalBengt|move: Tailwind\n|upkeep\n|\n|t:|1701176861\n|switch|p2b: Kingambit|Kingambit, L50, M, tera:Flying|15\/100\n|-activate|p2b: Kingambit|ability: Supreme Overlord\n|-start|p2b: Kingambit|fallen2|[silent]\n|turn|6\n|\n|t:|1701176869\n|move|p2b: Kingambit|Sucker Punch|p1b: Articuno\n|-damage|p1b: Articuno|0 fnt\n|faint|p1b: Articuno\n|move|p2a: Skeledirge|Torch Song|p1a: Ninetales\n|-supereffective|p1a: Ninetales\n|-damage|p1a: Ninetales|11\/100\n|-boost|p2a: Skeledirge|spa|1\n|move|p1a: Ninetales|Blizzard|p2a: Skeledirge|[spread] p2a,p2b\n|-resisted|p2a: Skeledirge\n|-supereffective|p2b: Kingambit\n|-damage|p2a: Skeledirge|59\/100\n|-damage|p2b: Kingambit|0 fnt\n|faint|p2b: Kingambit\n|-end|p2b: Kingambit|fallen2|[silent]\n|\n|-weather|Snow|[upkeep]\n|upkeep\n|\n|t:|1701176883\n|switch|p1b: Tornadus|Tornadus, L50, M|39\/100\n|turn|7\n|\n|t:|1701176895\n|move|p2a: Skeledirge|Torch Song|p1a: Ninetales\n|-supereffective|p1a: Ninetales\n|-damage|p1a: Ninetales|0 fnt\n|-boost|p2a: Skeledirge|spa|1\n|faint|p1a: Ninetales\n|move|p1b: Tornadus|Bleakwind Storm|p2a: Skeledirge\n|-damage|p2a: Skeledirge|10\/100\n|\n|-weather|Snow|[upkeep]\n|upkeep\n|turn|8\n|\n|t:|1701176909\n|move|p2a: Skeledirge|Torch Song|p1b: Tornadus\n|-damage|p1b: Tornadus|0 fnt\n|-boost|p2a: Skeledirge|spa|1\n|faint|p1b: Tornadus\n|\n|win|Levelup_yaman\n|raw|MagicalBengt's rating: 1170 &rarr; <strong>1142<\/strong><br \/>(-28 for losing)\n|raw|Levelup_yaman's rating: 1124 &rarr; <strong>1152<\/strong><br \/>(+28 for winning)\n|l|\u2606MagicalBengt\n","uploadtime":1701177011,"views":1,"p1id":"magicalbengt","p2id":"levelupyaman","formatid":"gen9vgc2023regulatione","rating":1142,"private":0,"password":""}