{"id":"gen9vgc2023regulatione-1992301356","p1":"CavaleiroTeutao","p2":"SpookyKnight13","format":"[Gen 9] VGC 2023 Regulation E","log":"|j|\u2606CavaleiroTeutao\n|j|\u2606SpookyKnight13\n|t:|1700172470\n|gametype|doubles\n|player|p1|CavaleiroTeutao|bruno|1305\n|player|p2|SpookyKnight13|sabrina|1211\n|teamsize|p1|6\n|teamsize|p2|6\n|gen|9\n|tier|[Gen 9] VGC 2023 Regulation E\n|rated|\n|rule|Species Clause: Limit one of each Pok\u00e9mon\n|rule|Item Clause: Limit one of each item\n|clearpoke\n|poke|p1|Annihilape, L50, F|\n|poke|p1|Iron Hands, L50|\n|poke|p1|Rillaboom, L50, F|\n|poke|p1|Clefairy, L50, F|\n|poke|p1|Flutter Mane, L50|\n|poke|p1|Moltres-Galar, L50|\n|poke|p2|Sableye, L50, M|\n|poke|p2|Gothitelle, L50, F|\n|poke|p2|Flutter Mane, L50|\n|poke|p2|Chi-Yu, L50|\n|poke|p2|Rillaboom, L50, F|\n|poke|p2|Ogerpon-Wellspring, L50, F|\n|teampreview|4\n|inactive|Battle timer is ON: inactive players will automatically lose when time's up. (requested by CavaleiroTeutao)\n|inactive|CavaleiroTeutao has 60 seconds left.\n|\n|t:|1700172513\n|start\n|switch|p1a: Clefairy|Clefairy, L50, F|100\/100\n|switch|p1b: Flutter Mane|Flutter Mane, L50|100\/100\n|switch|p2a: Chi-Yu|Chi-Yu, L50|100\/100\n|switch|p2b: Flutter Mane|Flutter Mane, L50|100\/100\n|-ability|p2a: Chi-Yu|Beads of Ruin\n|-enditem|p1b: Flutter Mane|Booster Energy\n|-activate|p1b: Flutter Mane|ability: Protosynthesis|[fromitem]\n|-start|p1b: Flutter Mane|protosynthesisspe\n|turn|1\n|inactive|CavaleiroTeutao has 30 seconds left.\n|inactive|SpookyKnight13 has 30 seconds left.\n|\n|t:|1700172542\n|move|p1b: Flutter Mane|Protect|p1b: Flutter Mane\n|-singleturn|p1b: Flutter Mane|Protect\n|move|p2b: Flutter Mane|Protect|p2b: Flutter Mane\n|-singleturn|p2b: Flutter Mane|Protect\n|move|p2a: Chi-Yu|Overheat|p1b: Flutter Mane\n|-activate|p1b: Flutter Mane|move: Protect\n|move|p1a: Clefairy|Grass Knot|p2b: Flutter Mane\n|-activate|p2b: Flutter Mane|move: Protect\n|\n|upkeep\n|turn|2\n|inactive|SpookyKnight13 has 30 seconds left.\n|\n|t:|1700172568\n|-terastallize|p1b: Flutter Mane|Fairy\n|-terastallize|p2b: Flutter Mane|Fairy\n|move|p1a: Clefairy|Follow Me|p1a: Clefairy\n|-singleturn|p1a: Clefairy|move: Follow Me\n|move|p1b: Flutter Mane|Shadow Ball|p2b: Flutter Mane\n|-damage|p2b: Flutter Mane|40\/100\n|move|p2b: Flutter Mane|Dazzling Gleam|p1a: Clefairy|[spread] p1a,p1b\n|-damage|p1a: Clefairy|64\/100\n|-damage|p1b: Flutter Mane|56\/100\n|move|p2a: Chi-Yu|Overheat|p1a: Clefairy\n|-damage|p1a: Clefairy|6\/100\n|-unboost|p2a: Chi-Yu|spa|2\n|\n|upkeep\n|turn|3\n|inactive|CavaleiroTeutao has 30 seconds left.\n|inactive|SpookyKnight13 has 30 seconds left.\n|\n|t:|1700172598\n|switch|p2a: Sableye|Sableye, L50, M|100\/100\n|move|p2b: Flutter Mane|Protect|p2b: Flutter Mane\n|-singleturn|p2b: Flutter Mane|Protect\n|move|p1a: Clefairy|Follow Me|p1a: Clefairy\n|-singleturn|p1a: Clefairy|move: Follow Me\n|move|p1b: Flutter Mane|Moonblast|p2b: Flutter Mane\n|-activate|p2b: Flutter Mane|move: Protect\n|\n|upkeep\n|turn|4\n|\n|t:|1700172618\n|move|p1b: Flutter Mane|Protect|p1b: Flutter Mane\n|-singleturn|p1b: Flutter Mane|Protect\n|move|p2a: Sableye|Fake Out|p1b: Flutter Mane\n|-activate|p1b: Flutter Mane|move: Protect\n|move|p2b: Flutter Mane|Dazzling Gleam|p1a: Clefairy|[spread] p1a\n|-activate|p1b: Flutter Mane|move: Protect\n|-damage|p1a: Clefairy|0 fnt\n|faint|p1a: Clefairy\n|\n|upkeep\n|\n|t:|1700172633\n|switch|p1a: Iron Hands|Iron Hands, L50|100\/100\n|turn|5\n|\n|t:|1700172645\n|move|p2b: Flutter Mane|Protect|p2b: Flutter Mane\n|-singleturn|p2b: Flutter Mane|Protect\n|move|p2a: Sableye|Encore|p1b: Flutter Mane\n|-start|p1b: Flutter Mane|Encore\n|move|p1b: Flutter Mane|Protect|p1b: Flutter Mane\n|-singleturn|p1b: Flutter Mane|Protect\n|move|p1a: Iron Hands|Heavy Slam|p2b: Flutter Mane\n|-activate|p2b: Flutter Mane|move: Protect\n|\n|upkeep\n|turn|6\n|\n|t:|1700172661\n|move|p1b: Flutter Mane|Protect||[still]\n|-fail|p1b: Flutter Mane\n|move|p2a: Sableye|Disable|p1a: Iron Hands\n|-start|p1a: Iron Hands|Disable|Heavy Slam\n|move|p2b: Flutter Mane|Dazzling Gleam|p1b: Flutter Mane|[spread] p1a,p1b\n|-supereffective|p1a: Iron Hands\n|-damage|p1a: Iron Hands|48\/100\n|-damage|p1b: Flutter Mane|11\/100\n|cant|p1a: Iron Hands|Disable|Heavy Slam\n|\n|upkeep\n|turn|7\n|-message|CavaleiroTeutao forfeited.\n|\n|win|SpookyKnight13\n|raw|CavaleiroTeutao's rating: 1305 &rarr; <strong>1280<\/strong><br \/>(-25 for losing)\n|raw|SpookyKnight13's rating: 1211 &rarr; <strong>1243<\/strong><br \/>(+32 for winning)\n|l|\u2606CavaleiroTeutao\n","uploadtime":1700172756,"views":19,"p1id":"cavaleiroteutao","p2id":"spookyknight13","formatid":"gen9vgc2023regulatione","rating":1243,"private":0,"password":""}