{"id":"gen9vgc2023regulatione-1991176191","p1":"Fonkyfrug","p2":"CasualPizza","format":"[Gen 9] VGC 2023 Regulation E","log":"|j|\u2606Fonkyfrug\n|j|\u2606CasualPizza\n|t:|1700053737\n|gametype|doubles\n|player|p1|Fonkyfrug|alder|1079\n|player|p2|CasualPizza|elesa-masters|1191\n|teamsize|p1|6\n|teamsize|p2|6\n|gen|9\n|tier|[Gen 9] VGC 2023 Regulation E\n|rated|\n|rule|Species Clause: Limit one of each Pok\u00e9mon\n|rule|Item Clause: Limit one of each item\n|clearpoke\n|poke|p1|Grimmsnarl, L50, M|\n|poke|p1|Haxorus, L50, F|\n|poke|p1|Urshifu-*, L50, F|\n|poke|p1|Drifblim, L50, M|\n|poke|p1|Iron Moth, L50|\n|poke|p1|Ogerpon-Wellspring, L50, F|\n|poke|p2|Flutter Mane, L50|\n|poke|p2|Urshifu-*, L50, F|\n|poke|p2|Ogerpon-Wellspring, L50, F|\n|poke|p2|Iron Hands, L50|\n|poke|p2|Landorus, L50, M|\n|poke|p2|Arcanine-Hisui, L50, F|\n|teampreview|4\nFonkyfrug rejected open team sheets.\n|\n|t:|1700053766\n|start\n|switch|p1a: Grimmsnarl|Grimmsnarl, L50, M|100\/100\n|switch|p1b: Haxorus|Haxorus, L50, F|100\/100\n|switch|p2a: Flutter Mane|Flutter Mane, L50|100\/100\n|switch|p2b: Iron Hands|Iron Hands, L50|100\/100\n|-ability|p1b: Haxorus|Mold Breaker\n|-enditem|p2a: Flutter Mane|Booster Energy\n|-activate|p2a: Flutter Mane|ability: Protosynthesis|[fromitem]\n|-start|p2a: Flutter Mane|protosynthesisspe\n|turn|1\n|\n|t:|1700053790\n|move|p1b: Haxorus|Protect|p1b: Haxorus\n|-singleturn|p1b: Haxorus|Protect\n|move|p2b: Iron Hands|Fake Out|p1b: Haxorus\n|-activate|p1b: Haxorus|move: Protect\n|move|p1a: Grimmsnarl|Misty Terrain|p1a: Grimmsnarl\n|-fieldstart|move: Misty Terrain\n|move|p2a: Flutter Mane|Moonblast|p1a: Grimmsnarl\n|-supereffective|p1a: Grimmsnarl\n|-damage|p1a: Grimmsnarl|29\/100\n|\n|upkeep\n|turn|2\n|\n|t:|1700053804\n|-terastallize|p1b: Haxorus|Ghost\n|move|p2a: Flutter Mane|Protect|p2a: Flutter Mane\n|-singleturn|p2a: Flutter Mane|Protect\n|move|p1a: Grimmsnarl|Swagger|p1b: Haxorus|[miss]\n|-miss|p1a: Grimmsnarl|p1b: Haxorus\n|move|p1b: Haxorus|Shadow Claw|p2a: Flutter Mane\n|-activate|p2a: Flutter Mane|move: Protect\n|move|p2b: Iron Hands|Drain Punch|p1b: Haxorus\n|-immune|p1b: Haxorus\n|\n|upkeep\n|turn|3\n|\n|t:|1700053820\n|-end|p2a: Flutter Mane|Protosynthesis|[silent]\n|switch|p2a: Arcanine|Arcanine-Hisui, L50, F|100\/100\n|-ability|p2a: Arcanine|Intimidate|boost\n|-unboost|p1a: Grimmsnarl|atk|1\n|-unboost|p1b: Haxorus|atk|1\n|move|p1a: Grimmsnarl|Swagger|p1b: Haxorus\n|-boost|p1b: Haxorus|atk|2\n|-activate|p1b: Haxorus|move: Misty Terrain\n|move|p1b: Haxorus|Shadow Claw|p2a: Arcanine\n|-damage|p2a: Arcanine|45\/100\n|move|p2b: Iron Hands|Heavy Slam|p1a: Grimmsnarl\n|-supereffective|p1a: Grimmsnarl\n|-damage|p1a: Grimmsnarl|0 fnt\n|faint|p1a: Grimmsnarl\n|\n|upkeep\n|\n|t:|1700053830\n|switch|p1a: Urshifu|Urshifu-Rapid-Strike, L50, F|100\/100\n|turn|4\n|inactive|Battle timer is ON: inactive players will automatically lose when time's up. (requested by CasualPizza)\n|\n|t:|1700053857\n|move|p2a: Arcanine|Extreme Speed|p1a: Urshifu\n|-damage|p1a: Urshifu|63\/100\n|move|p1a: Urshifu|Surging Strikes|p2a: Arcanine\n|-supereffective|p2a: Arcanine\n|-crit|p2a: Arcanine\n|-damage|p2a: Arcanine|0 fnt\n|faint|p2a: Arcanine\n|-hitcount|p2: Arcanine|1\n|move|p1b: Haxorus|Poison Jab|p2b: Iron Hands\n|-damage|p2b: Iron Hands|71\/100\n|move|p2b: Iron Hands|Wild Charge|p1a: Urshifu\n|-supereffective|p1a: Urshifu\n|-damage|p1a: Urshifu|0 fnt\n|faint|p1a: Urshifu\n|-damage|p2b: Iron Hands|59\/100|[from] Recoil\n|\n|upkeep\n|\n|t:|1700053873\n|switch|p1a: Iron Moth|Iron Moth, L50|100\/100\n|switch|p2a: Ogerpon|Ogerpon-Wellspring, L50, F|100\/100\n|-enditem|p1a: Iron Moth|Booster Energy\n|-activate|p1a: Iron Moth|ability: Quark Drive|[fromitem]\n|-start|p1a: Iron Moth|quarkdrivespa\n|turn|5\n|\n|t:|1700053897\n|-terastallize|p2a: Ogerpon|Water\n|detailschange|p2a: Ogerpon|Ogerpon-Wellspring-Tera, L50, F, tera:Water\n|-ability|p2a: Ogerpon|Embody Aspect (Wellspring)|boost\n|-boost|p2a: Ogerpon|spd|1\n|move|p1a: Iron Moth|Protect|p1a: Iron Moth\n|-singleturn|p1a: Iron Moth|Protect\n|move|p1b: Haxorus|Earthquake|p2b: Iron Hands|[spread] p2a,p2b\n|-activate|p1a: Iron Moth|move: Protect\n|-supereffective|p2b: Iron Hands\n|-damage|p2a: Ogerpon|60\/100\n|-damage|p2b: Iron Hands|0 fnt\n|faint|p2b: Iron Hands\n|-end|p2b: Iron Hands|Quark Drive|[silent]\n|move|p2a: Ogerpon|Ivy Cudgel|p1a: Iron Moth|[anim] Ivy Cudgel Water\n|-activate|p1a: Iron Moth|move: Protect\n|\n|-fieldend|Misty Terrain\n|upkeep\n|\n|t:|1700053907\n|switch|p2b: Flutter Mane|Flutter Mane, L50|100\/100\n|turn|6\n|inactive|CasualPizza has 30 seconds left.\n|\n|t:|1700053935\n|move|p2b: Flutter Mane|Protect|p2b: Flutter Mane\n|-singleturn|p2b: Flutter Mane|Protect\n|move|p1a: Iron Moth|Dazzling Gleam|p2b: Flutter Mane|[spread] p2a\n|-activate|p2b: Flutter Mane|move: Protect\n|-damage|p2a: Ogerpon|42\/100\n|move|p1b: Haxorus|Earthquake|p2a: Ogerpon|[spread] p1a,p2a\n|-activate|p2b: Flutter Mane|move: Protect\n|-supereffective|p1a: Iron Moth\n|-damage|p1a: Iron Moth|0 fnt\n|-damage|p2a: Ogerpon|1\/100\n|faint|p1a: Iron Moth\n|-end|p1a: Iron Moth|Quark Drive|[silent]\n|move|p2a: Ogerpon|Ivy Cudgel|p1b: Haxorus|[anim] Ivy Cudgel Water\n|-enditem|p1b: Haxorus|Focus Sash\n|-damage|p1b: Haxorus|1\/100\n|\n|upkeep\n|turn|7\n|c|\u2606Fonkyfrug|oops\n|\n|t:|1700053954\n|move|p2b: Flutter Mane|Shadow Ball|p1b: Haxorus\n|-supereffective|p1b: Haxorus\n|-damage|p1b: Haxorus|0 fnt\n|faint|p1b: Haxorus\n|\n|win|CasualPizza\n|raw|Fonkyfrug's rating: 1079 &rarr; <strong>1064<\/strong><br \/>(-15 for losing)\n|raw|CasualPizza's rating: 1191 &rarr; <strong>1208<\/strong><br \/>(+17 for winning)\n","uploadtime":1700053958,"views":8,"p1id":"fonkyfrug","p2id":"casualpizza","formatid":"gen9vgc2023regulatione","rating":1064,"private":0,"password":""}