{"id":"gen9vgc2023regulatione-1988679482","p1":"bb_hachi8","p2":"DorititosKiller","format":"[Gen 9] VGC 2023 Regulation E","log":"|j|\u2606bb_hachi8\n|j|\u2606DorititosKiller\n|n|\u2606bb_hachi8|bbhachi8\n|n|\u2606DorititosKiller|dorititoskiller\n|html|View the match progress at <a href=\"\/game-bestof3-gen9vgc2023regulatione-1988679481\">game-bestof3-gen9vgc2023regulatione-1988679481<\/a>\n|t:|1699749727\n|gametype|doubles\n|player|p1|bb_hachi8|veteranf|\n|player|p2|DorititosKiller|cyclist-gen4|\n|teamsize|p1|6\n|teamsize|p2|6\n|gen|9\n|tier|[Gen 9] VGC 2023 Regulation E\n|rule|Species Clause: Limit one of each Pok\u00e9mon\n|rule|Item Clause: Limit one of each item\n|clearpoke\n|poke|p1|Tornadus, L50, M|\n|poke|p1|Arcanine-Hisui, L50, M|\n|poke|p1|Iron Hands, L50|\n|poke|p1|Urshifu-*, L50, M|\n|poke|p1|Sinistcha, L50|\n|poke|p1|Chien-Pao, L50|\n|poke|p2|Overqwil, L50, M|\n|poke|p2|Bronzong, L50|\n|poke|p2|Salamence, L50, M|\n|poke|p2|Polteageist, L50|\n|poke|p2|Tauros-Paldea-Blaze, L50, M|\n|poke|p2|Politoed, L50, M|\n|teampreview|4\n|j| lainshy\nDorititosKiller has agreed to open team sheets.\n|c|\u2606DorititosKiller|B\u00c3O JOGOOOOOO =D =D =D\n|j| Rebornsan93\n|c|\u2606bb_hachi8|b\u00e3o joj\nbb_hachi8 has agreed to open team sheets.\n|showteam|p1|Tornadus||SharpBeak|Prankster|BleakwindStorm,Tailwind,Taunt,Leer|||M|||50|,,,,,Ghost]Arcanine-Hisui||ChoiceBand|Intimidate|ExtremeSpeed,RockSlide,FlareBlitz,TeraBlast|||M|||50|,,,,,Fairy]Iron Hands||ClearAmulet|QuarkDrive|FakeOut,WildCharge,CloseCombat,IcePunch||||||50|,,,,,Grass]Urshifu-Rapid-Strike||ChoiceScarf|UnseenFist|SurgingStrikes,AquaJet,CloseCombat,Uturn|||M|||50|,,,,,Water]Sinistcha||SitrusBerry|Heatproof|NastyPlot,RagePowder,ShadowBall,MatchaGotcha||||||50|,,,,,Steel]Chien-Pao||FocusSash|SwordofRuin|IceSpinner,SuckerPunch,LashOut,Protect||||||50|,,,,,Ghost\n|showteam|p2|Overqwil||PoisonBarb|SwiftSwim|Liquidation,BarbBarrage,ToxicSpikes,FellStinger|||M|||50|,,,,,Poison]Bronzong||RockyHelmet|Levitate|StealthRock,Earthquake,BodyPress,IronDefense||||||50|,,,,,Steel]Salamence||LumBerry|Moxie|DragonDance,Earthquake,DualWingbeat,Substitute|||M|||50|,,,,,Steel]Polteageist||WhiteHerb|WeakArmor|ShellSmash,Substitute,Psyshock,ShadowBall||||||50|,,,,,Ghost]Tauros-Paldea-Blaze||WeaknessPolicy|Intimidate|WildCharge,RagingBull,FlameCharge,LashOut|||M|||50|,,,,,Fire]Politoed||DampRock|Drizzle|EarthPower,IceBeam,WeatherBall,PerishSong|||M|||50|,,,,,Grass\n|j| PSmonteiro\n|j| Leon1das\n|j| ShimeNaruka\n|l| PSmonteiro\n|c| Rebornsan93|comecem\n|j| PSmonteiro\n|\n|t:|1699749825\n|start\n|switch|p1a: Frente fria|Tornadus, L50, M, shiny|100\/100\n|switch|p1b: Balu|Urshifu-Rapid-Strike, L50, M|100\/100\n|switch|p2a: Sinoval|Bronzong, L50, shiny|100\/100\n|switch|p2b: Salamesmo|Salamence, L50, M|100\/100\n|turn|1\n|j| lucasarreguy\n|\n|t:|1699749881\n|move|p1a: Frente fria|Taunt|p2a: Sinoval\n|-start|p2a: Sinoval|move: Taunt\n|move|p1b: Balu|U-turn|p2a: Sinoval\n|-damage|p2a: Sinoval|77\/100\n|-damage|p1b: Balu|84\/100|[from] item: Rocky Helmet|[of] p2a: Sinoval\n|\n|t:|1699749897\n|switch|p1b: Baguera|Arcanine-Hisui, L50, M, shiny|100\/100|[from] U-turn\n|-ability|p1b: Baguera|Intimidate|boost\n|-unboost|p2a: Sinoval|atk|1\n|-unboost|p2b: Salamesmo|atk|1\n|move|p2b: Salamesmo|Dual Wingbeat|p1b: Baguera\n|-resisted|p1b: Baguera\n|-damage|p1b: Baguera|90\/100\n|-resisted|p1b: Baguera\n|-damage|p1b: Baguera|82\/100\n|-hitcount|p1b: Baguera|2\n|cant|p2a: Sinoval|move: Taunt|Iron Defense\n|\n|upkeep\n|turn|2\n|j| Yuri\n|\n|t:|1699749938\n|switch|p2b: Sapito|Politoed, L50, M|100\/100\n|-weather|RainDance|[from] ability: Drizzle|[of] p2b: Sapito\n|move|p1a: Frente fria|Tailwind|p1a: Frente fria\n|-sidestart|p1: bb_hachi8|move: Tailwind\n|move|p1b: Baguera|Rock Slide|p2a: Sinoval|[spread] p2a,p2b\n|-resisted|p2a: Sinoval\n|-damage|p2a: Sinoval|56\/100\n|-damage|p2b: Sapito|52\/100\n|move|p2a: Sinoval|Body Press|p1b: Baguera\n|-supereffective|p1b: Baguera\n|-damage|p1b: Baguera|27\/100\n|\n|-weather|RainDance|[upkeep]\n|upkeep\n|turn|3\n|\n|t:|1699749965\n|switch|p1a: Thatcher|Iron Hands, L50|100\/100\n|switch|p1b: Balu|Urshifu-Rapid-Strike, L50, M|84\/100\n|move|p2b: Sapito|Ice Beam|p1a: Thatcher\n|-damage|p1a: Thatcher|72\/100\n|move|p2a: Sinoval|Body Press|p1b: Balu\n|-damage|p1b: Balu|65\/100\n|\n|-weather|RainDance|[upkeep]\n|-end|p2a: Sinoval|move: Taunt\n|upkeep\n|turn|4\n|\n|t:|1699750016\n|-terastallize|p1b: Balu|Water\n|-terastallize|p2b: Sapito|Grass\n|move|p1a: Thatcher|Fake Out|p2b: Sapito\n|-damage|p2b: Sapito|35\/100\n|move|p1b: Balu|Surging Strikes|p2a: Sinoval\n|-crit|p2a: Sinoval\n|-damage|p2a: Sinoval|10\/100\n|-damage|p1b: Balu|48\/100|[from] item: Rocky Helmet|[of] p2a: Sinoval\n|-crit|p2a: Sinoval\n|-damage|p2a: Sinoval|0 fnt\n|-damage|p1b: Balu|32\/100|[from] item: Rocky Helmet|[of] p2a: Sinoval\n|faint|p2a: Sinoval\n|-hitcount|p2: Sinoval|2\n|cant|p2b: Sapito|flinch\n|\n|-weather|RainDance|[upkeep]\n|upkeep\n|\n|t:|1699750032\n|switch|p2a: Shadow|Overqwil, L50, M|100\/100\n|turn|5\n|\n|t:|1699750073\n|move|p1b: Balu|Surging Strikes|p2a: Shadow\n|-crit|p2a: Shadow\n|-damage|p2a: Shadow|47\/100\n|-crit|p2a: Shadow\n|-damage|p2a: Shadow|0 fnt\n|faint|p2a: Shadow\n|-hitcount|p2: Shadow|2\n|move|p1a: Thatcher|Ice Punch|p2b: Sapito\n|-supereffective|p2b: Sapito\n|-damage|p2b: Sapito|0 fnt\n|faint|p2b: Sapito\n|\n|-weather|RainDance|[upkeep]\n|-sideend|p1: bb_hachi8|move: Tailwind\n|upkeep\n|\n|t:|1699750085\n|switch|p2b: Salamesmo|Salamence, L50, M|100\/100\n|turn|6\n|\n|t:|1699750110\n|switch|p1b: Baguera|Arcanine-Hisui, L50, M, shiny|27\/100\n|-ability|p1b: Baguera|Intimidate|boost\n|-unboost|p2b: Salamesmo|atk|1\n|move|p2b: Salamesmo|Earthquake|p1b: Baguera|[spread] p1a,p1b\n|-supereffective|p1a: Thatcher\n|-supereffective|p1b: Baguera\n|-damage|p1a: Thatcher|45\/100\n|-damage|p1b: Baguera|0 fnt\n|faint|p1b: Baguera\n|-ability|p2b: Salamesmo|Moxie|boost\n|-boost|p2b: Salamesmo|atk|1\n|move|p1a: Thatcher|Ice Punch|p2b: Salamesmo\n|-supereffective|p2b: Salamesmo\n|-damage|p2b: Salamesmo|0 fnt\n|faint|p2b: Salamesmo\n|\n|win|bb_hachi8\n|inactive|bb_hachi8 has 50 seconds to confirm battle start!\n|inactive|DorititosKiller has 50 seconds to confirm battle start!\n|c|\u2606DorititosKiller|Jorennnnn =D\n","uploadtime":1699750127,"views":10,"p1id":"bbhachi8","p2id":"dorititoskiller","formatid":"gen9vgc2023regulatione","rating":0,"private":0,"password":""}