{"id":"gen9vgc2023regulatione-1989411652","p1":"UtesCartman","p2":"Kill_Ko_Kill","format":"[Gen 9] VGC 2023 Regulation E","log":"|j|\u2606UtesCartman\n|j|\u2606Kill_Ko_Kill\n|t:|1699846835\n|gametype|doubles\n|player|p1|UtesCartman|2|1556\n|player|p2|Kill_Ko_Kill|ingo|1475\n|teamsize|p1|6\n|teamsize|p2|6\n|gen|9\n|tier|[Gen 9] VGC 2023 Regulation E\n|rated|\n|rule|Species Clause: Limit one of each Pok\u00e9mon\n|rule|Item Clause: Limit one of each item\n|clearpoke\n|poke|p1|Weezing, L50, M|\n|poke|p1|Iron Hands, L50|\n|poke|p1|Flutter Mane, L50|\n|poke|p1|Landorus-Therian, L50, M|\n|poke|p1|Ogerpon-Wellspring, L50, F|\n|poke|p1|Roaring Moon, L50|\n|poke|p2|Ursaluna-Bloodmoon, L50, M|\n|poke|p2|Armarouge, L50, F|\n|poke|p2|Glastrier, L50|\n|poke|p2|Torkoal, L50, F|\n|poke|p2|Oranguru, L50, M|\n|poke|p2|Indeedee-F, L50, F|\n|teampreview|4\n|\n|t:|1699846886\n|start\n|switch|p1a: Iron Hands|Iron Hands, L50|100\/100\n|switch|p1b: Weezing|Weezing, L50, M, shiny|100\/100\n|switch|p2a: Armarouge|Armarouge, L50, F|100\/100\n|switch|p2b: Indeedee|Indeedee-F, L50, F|100\/100\n|-ability|p1b: Weezing|Neutralizing Gas\n|turn|1\n|\n|t:|1699846909\n|move|p1a: Iron Hands|Fake Out|p2a: Armarouge\n|-damage|p2a: Armarouge|85\/100\n|move|p2b: Indeedee|Follow Me|p2b: Indeedee\n|-singleturn|p2b: Indeedee|move: Follow Me\n|move|p1b: Weezing|Taunt|p2b: Indeedee\n|-start|p2b: Indeedee|move: Taunt\n|cant|p2a: Armarouge|flinch\n|\n|upkeep\n|turn|2\n|j| PcistaMasterRace\n|\n|t:|1699846932\n|-end|p1a: Iron Hands|Quark Drive|[silent]\n|switch|p1a: Roaring Moon|Roaring Moon, L50|100\/100\n|-enditem|p1a: Roaring Moon|Booster Energy\n|-activate|p1a: Roaring Moon|ability: Protosynthesis|[fromitem]\n|-start|p1a: Roaring Moon|protosynthesisspe\n|move|p1b: Weezing|Protect|p1b: Weezing\n|-singleturn|p1b: Weezing|Protect\n|-activate|p2b: Indeedee|move: Struggle\n|move|p2b: Indeedee|Struggle|p1b: Weezing\n|-activate|p1b: Weezing|move: Protect\n|move|p2a: Armarouge|Armor Cannon|p1b: Weezing\n|-activate|p1b: Weezing|move: Protect\n|\n|upkeep\n|turn|3\n|\n|t:|1699846952\n|-terastallize|p1b: Weezing|Ghost\n|move|p1a: Roaring Moon|Knock Off|p2a: Armarouge\n|-supereffective|p2a: Armarouge\n|-damage|p2a: Armarouge|0 fnt\n|-enditem|p2a: Armarouge|Life Orb|[from] move: Knock Off|[of] p1a: Roaring Moon\n|faint|p2a: Armarouge\n|move|p1b: Weezing|Sludge Bomb|p2b: Indeedee\n|-damage|p2b: Indeedee|75\/100\n|-activate|p2b: Indeedee|move: Struggle\n|move|p2b: Indeedee|Struggle|p1a: Roaring Moon\n|-damage|p1a: Roaring Moon|94\/100\n|-damage|p2b: Indeedee|50\/100|[from] recoil\n|\n|upkeep\n|\n|t:|1699846958\n|switch|p2a: Ursaluna|Ursaluna-Bloodmoon, L50, M|100\/100\n|turn|4\n|\n|t:|1699846968\n|move|p2a: Ursaluna|Protect|p2a: Ursaluna\n|-singleturn|p2a: Ursaluna|Protect\n|move|p1a: Roaring Moon|Knock Off|p2b: Indeedee\n|-supereffective|p2b: Indeedee\n|-damage|p2b: Indeedee|0 fnt\n|-damage|p1a: Roaring Moon|77\/100|[from] item: Rocky Helmet|[of] p2b: Indeedee\n|-enditem|p2b: Indeedee|Rocky Helmet|[from] move: Knock Off|[of] p1a: Roaring Moon\n|faint|p2b: Indeedee\n|move|p1b: Weezing|Taunt|p2a: Ursaluna\n|-activate|p2a: Ursaluna|move: Protect\n|\n|upkeep\n|\n|t:|1699846970\n|switch|p2b: Glastrier|Glastrier, L50|100\/100\n|turn|5\n|-message|Kill_Ko_Kill forfeited.\n|\n|win|UtesCartman\n|raw|UtesCartman's rating: 1556 &rarr; <strong>1571<\/strong><br \/>(+15 for winning)\n|raw|Kill_Ko_Kill's rating: 1475 &rarr; <strong>1460<\/strong><br \/>(-15 for losing)\n|l|\u2606Kill_Ko_Kill\n|l|\u2606UtesCartman\n","uploadtime":1699847163,"views":16,"p1id":"utescartman","p2id":"killkokill","formatid":"gen9vgc2023regulatione","rating":1460,"private":0,"password":""}