{"id":"gen9vgc2023regulatione-1998068305","p1":"realxqt","p2":"Skyking17","format":"[Gen 9] VGC 2023 Regulation E","log":"|j|\u2606realxqt\n|j|\u2606Skyking17\n|t:|1700886337\n|gametype|doubles\n|player|p1|realxqt|dragontamer|1133\n|player|p2|Skyking17|ethan|1184\n|teamsize|p1|6\n|teamsize|p2|6\n|gen|9\n|tier|[Gen 9] VGC 2023 Regulation E\n|rated|\n|rule|Species Clause: Limit one of each Pok\u00e9mon\n|rule|Item Clause: Limit one of each item\n|clearpoke\n|poke|p1|Kingambit, L50, M|\n|poke|p1|Iron Hands, L50|\n|poke|p1|Ogerpon-Hearthflame, L50, F|\n|poke|p1|Urshifu-*, L50, F|\n|poke|p1|Tornadus, L50, M|\n|poke|p1|Brambleghast, L50, M|\n|poke|p2|Indeedee-F, L50, F|\n|poke|p2|Armarouge, L50, M|\n|poke|p2|Vikavolt, L50, M|\n|poke|p2|Ursaluna, L50, F|\n|poke|p2|Farigiraf, L50, M|\n|poke|p2|Chandelure, L50, M|\n|teampreview|4\n|inactive|Battle timer is ON: inactive players will automatically lose when time's up. (requested by realxqt)\n|\n|t:|1700886360\n|start\n|switch|p1a: Tornadus|Tornadus, L50, M|100\/100\n|switch|p1b: Brambleghast|Brambleghast, L50, M|100\/100\n|switch|p2a: Indeedee|Indeedee-F, L50, F|100\/100\n|switch|p2b: Armarouge|Armarouge, L50, M|100\/100\n|-fieldstart|move: Psychic Terrain|[from] ability: Psychic Surge|[of] p2a: Indeedee\n|-enditem|p2b: Armarouge|Psychic Seed\n|-boost|p2b: Armarouge|spd|1|[from] item: Psychic Seed\n|turn|1\n|inactive|realxqt has 30 seconds left.\n|inactive|realxqt has 20 seconds left.\n|inactive|realxqt has 15 seconds left.\n|inactive|realxqt has 10 seconds left.\n|\n|t:|1700886406\n|-terastallize|p1b: Brambleghast|Dark\n|move|p2a: Indeedee|Follow Me|p2a: Indeedee\n|-singleturn|p2a: Indeedee|move: Follow Me\n|move|p1a: Tornadus|Tailwind|p1a: Tornadus\n|-sidestart|p1: realxqt|move: Tailwind\n|-ability|p1b: Brambleghast|Wind Rider|boost\n|-boost|p1b: Brambleghast|atk|1\n|move|p1b: Brambleghast|Power Whip|p2a: Indeedee\n|-damage|p2a: Indeedee|16\/100\n|move|p2b: Armarouge|Trick Room|p2b: Armarouge\n|-fieldstart|move: Trick Room|[of] p2b: Armarouge\n|\n|upkeep\n|turn|2\n|inactive|realxqt has 30 seconds left.\n|inactive|realxqt has 20 seconds left.\n|inactive|realxqt has 15 seconds left.\n|inactive|realxqt has 10 seconds left.\n|inactive|realxqt has 5 seconds left.\n|\n|t:|1700886458\n|switch|p2a: Vikavolt|Vikavolt, L50, M|100\/100\n|move|p2b: Armarouge|Expanding Force|p1b: Brambleghast|[spread] p1a\n|-immune|p1b: Brambleghast\n|-damage|p1a: Tornadus|32\/100\n|move|p1b: Brambleghast|Power Whip|p2a: Vikavolt\n|-resisted|p2a: Vikavolt\n|-damage|p2a: Vikavolt|61\/100\n|move|p1a: Tornadus|Air Slash|p2a: Vikavolt\n|-damage|p2a: Vikavolt|14\/100\n|\n|upkeep\n|turn|3\n|\n|t:|1700886480\n|move|p1b: Brambleghast|Shadow Sneak|p2b: Armarouge\n|-activate|p2b: Armarouge|move: Psychic Terrain\n|move|p1a: Tornadus|Rain Dance|p1a: Tornadus\n|-weather|RainDance\n|move|p2a: Vikavolt|Bug Buzz|p1b: Brambleghast\n|-supereffective|p1b: Brambleghast\n|-damage|p1b: Brambleghast|0 fnt\n|faint|p1b: Brambleghast\n|-damage|p2a: Vikavolt|4\/100|[from] item: Life Orb\n|move|p2b: Armarouge|Expanding Force|p1a: Tornadus\n|-damage|p1a: Tornadus|0 fnt\n|faint|p1a: Tornadus\n|\n|-weather|RainDance|[upkeep]\n|upkeep\n|\n|t:|1700886496\n|switch|p1b: Ogerpon|Ogerpon-Hearthflame, L50, F|100\/100\n|switch|p1a: Urshifu|Urshifu-Rapid-Strike, L50, F|100\/100\n|-ability|p1b: Ogerpon|Mold Breaker\n|turn|4\n|\n|t:|1700886521\n|move|p2a: Vikavolt|Thunderbolt|p1a: Urshifu\n|-supereffective|p1a: Urshifu\n|-damage|p1a: Urshifu|0 fnt\n|faint|p1a: Urshifu\n|-damage|p2a: Vikavolt|0 fnt|[from] item: Life Orb\n|faint|p2a: Vikavolt\n|move|p2b: Armarouge|Expanding Force|p1b: Ogerpon\n|-damage|p1b: Ogerpon|19\/100\n|move|p1b: Ogerpon|Ivy Cudgel|p2b: Armarouge|[anim] Ivy Cudgel Fire\n|-resisted|p2b: Armarouge\n|-damage|p2b: Armarouge|91\/100\n|\n|-weather|RainDance|[upkeep]\n|-sideend|p1: realxqt|move: Tailwind\n|upkeep\n|\n|t:|1700886536\n|switch|p2a: Ursaluna|Ursaluna, L50, F|100\/100\n|turn|5\n|\n|t:|1700886545\n|move|p2a: Ursaluna|Protect|p2a: Ursaluna\n|-singleturn|p2a: Ursaluna|Protect\n|move|p1b: Ogerpon|Spiky Shield|p1b: Ogerpon\n|-singleturn|p1b: Ogerpon|move: Protect\n|move|p2b: Armarouge|Expanding Force|p1b: Ogerpon\n|-activate|p1b: Ogerpon|move: Protect\n|\n|-weather|RainDance|[upkeep]\n|-fieldend|move: Trick Room\n|-fieldend|move: Psychic Terrain\n|-status|p2a: Ursaluna|brn|[from] item: Flame Orb\n|upkeep\n|turn|6\n|\n|t:|1700886570\n|switch|p2b: Indeedee|Indeedee-F, L50, F|16\/100\n|-fieldstart|move: Psychic Terrain|[from] ability: Psychic Surge|[of] p2b: Indeedee\n|-terastallize|p2a: Ursaluna|Normal\n|move|p1b: Ogerpon|Knock Off|p2b: Indeedee\n|-supereffective|p2b: Indeedee\n|-damage|p2b: Indeedee|0 fnt\n|-enditem|p2b: Indeedee|Covert Cloak|[from] move: Knock Off|[of] p1b: Ogerpon\n|faint|p2b: Indeedee\n|move|p2a: Ursaluna|Facade|p1b: Ogerpon\n|-damage|p1b: Ogerpon|0 fnt\n|faint|p1b: Ogerpon\n|\n|win|Skyking17\n|raw|realxqt's rating: 1133 &rarr; <strong>1112<\/strong><br \/>(-21 for losing)\n|raw|Skyking17's rating: 1184 &rarr; <strong>1205<\/strong><br \/>(+21 for winning)\n|l|\u2606realxqt\n","uploadtime":1700886597,"views":8,"p1id":"realxqt","p2id":"skyking17","formatid":"gen9vgc2023regulatione","rating":1112,"private":0,"password":""}