{"id":"gen9vgc2023regulatione-1993545422","p1":"matthewssandslash","p2":"Muy Fuecoco","format":"[Gen 9] VGC 2023 Regulation E","log":"|j|\u2606matthewssandslash\n|j|\u2606Muy Fuecoco\n|n|\u2606matthewssandslash|matthewssandslash\n|n|\u2606Muy Fuecoco|muyfuecoco\n|html|View the match progress at <a href=\"\/game-bestof3-gen9vgc2023regulatione-1993537880\">game-bestof3-gen9vgc2023regulatione-1993537880<\/a>\n|t:|1700330187\n|gametype|doubles\n|player|p1|matthewssandslash|266|\n|player|p2|Muy Fuecoco|ingo|\n|teamsize|p1|6\n|teamsize|p2|6\n|gen|9\n|tier|[Gen 9] VGC 2023 Regulation E\n|rule|Species Clause: Limit one of each Pok\u00e9mon\n|rule|Item Clause: Limit one of each item\n|clearpoke\n|poke|p1|Mesprit, L50|\n|poke|p1|Illumise, L50, F|\n|poke|p1|Enamorus, L50, F|\n|poke|p1|Haxorus, L50, F|\n|poke|p1|Mightyena, L50, F|\n|poke|p1|Donphan, L50, F|\n|poke|p2|Armarouge, L50, F|\n|poke|p2|Indeedee-F, L50, F|\n|poke|p2|Torkoal, L50, F|\n|poke|p2|Lilligant-Hisui, L50, F|\n|poke|p2|Iron Hands, L50|\n|poke|p2|Trevenant, L50, F|\n|teampreview|4\n|j| cersar\n|c|\u2606matthewssandslash|glhf!\n|c|\u2606Muy Fuecoco|glhf x3\n|l| cersar\n|\n|t:|1700330346\n|start\n|switch|p1a: Female|Donphan, L50, F|100\/100\n|switch|p1b: The|Enamorus, L50, F|100\/100\n|switch|p2a: Iron Hands|Iron Hands, L50|100\/100\n|switch|p2b: Indeedee|Indeedee-F, L50, F|100\/100\n|-fieldstart|move: Psychic Terrain|[from] ability: Psychic Surge|[of] p2b: Indeedee\n|turn|1\n|\n|t:|1700330386\n|-terastallize|p1b: The|Ground\n|move|p2b: Indeedee|Follow Me|p2b: Indeedee\n|-singleturn|p2b: Indeedee|move: Follow Me\n|move|p1b: The|Moonblast|p2b: Indeedee\n|-damage|p2b: Indeedee|51\/100\n|-unboost|p2b: Indeedee|spa|1\n|-enditem|p2b: Indeedee|Eject Button\n|\n|t:|1700330394\n|switch|p2b: Armarouge|Armarouge, L50, F|100\/100\n|move|p1a: Female|Knock Off|p2b: Armarouge\n|-supereffective|p2b: Armarouge\n|-damage|p2b: Armarouge|14\/100\n|-ability|p2b: Armarouge|Weak Armor|boost\n|-unboost|p2b: Armarouge|def|1\n|-boost|p2b: Armarouge|spe|2\n|-enditem|p2b: Armarouge|Weakness Policy\n|-boost|p2b: Armarouge|atk|2|[from] item: Weakness Policy\n|-boost|p2b: Armarouge|spa|2|[from] item: Weakness Policy\n|move|p2a: Iron Hands|Wild Charge|p1b: The\n|-immune|p1b: The\n|\n|upkeep\n|turn|2\n|\n|t:|1700330452\n|switch|p1b: Non|Mightyena, L50, F|100\/100\n|-ability|p1b: Non|Intimidate|boost\n|-unboost|p2a: Iron Hands|atk|1\n|-unboost|p2b: Armarouge|atk|1\n|move|p2b: Armarouge|Expanding Force|p1a: Female|[spread] p1a\n|-immune|p1b: Non\n|-ability|p1a: Female|Sturdy\n|-damage|p1a: Female|1\/100\n|move|p1a: Female|Knock Off|p2b: Armarouge\n|-supereffective|p2b: Armarouge\n|-damage|p2b: Armarouge|0 fnt\n|faint|p2b: Armarouge\n|move|p2a: Iron Hands|Drain Punch|p1b: Non\n|-supereffective|p1b: Non\n|-damage|p1b: Non|19\/100\n|\n|upkeep\n|c|\u2606matthewssandslash|sturdy\n|\n|t:|1700330468\n|switch|p2b: Indeedee|Indeedee-F, L50, F|51\/100\n|turn|3\n|c|\u2606matthewssandslash|best ability in the game\n|\n|t:|1700330503\n|move|p1b: Non|Psychic Fangs|p2a: Iron Hands\n|-supereffective|p2a: Iron Hands\n|-damage|p2a: Iron Hands|57\/100\n|move|p2b: Indeedee|Dazzling Gleam|p1b: Non|[spread] p1a,p1b\n|-supereffective|p1b: Non\n|-damage|p1a: Female|0 fnt\n|-damage|p1b: Non|0 fnt\n|faint|p1a: Female\n|faint|p1b: Non\n|move|p2a: Iron Hands|Drain Punch|p1: Female|[notarget]\n|-fail|p2a: Iron Hands\n|\n|upkeep\n|\n|t:|1700330513\n|switch|p1b: Only|Haxorus, L50, F|100\/100\n|switch|p1a: The|Enamorus, L50, F, tera:Ground|100\/100\n|turn|4\n|\n|t:|1700330563\n|-end|p2a: Iron Hands|Quark Drive|[silent]\n|switch|p2a: Lilligant|Lilligant-Hisui, L50, F|100\/100\n|move|p1a: The|Dazzling Gleam|p2b: Indeedee|[spread] p2a,p2b\n|-supereffective|p2a: Lilligant\n|-enditem|p2a: Lilligant|Focus Sash\n|-damage|p2a: Lilligant|1\/100\n|-damage|p2b: Indeedee|23\/100\n|move|p1b: Only|Crunch|p2b: Indeedee\n|-supereffective|p2b: Indeedee\n|-damage|p2b: Indeedee|0 fnt\n|faint|p2b: Indeedee\n|\n|upkeep\n|\n|t:|1700330573\n|switch|p2b: Iron Hands|Iron Hands, L50|57\/100\n|turn|5\n|\n|t:|1700330582\n|move|p1a: The|Dazzling Gleam|p2a: Lilligant|[spread] p2a,p2b\n|-supereffective|p2a: Lilligant\n|-supereffective|p2b: Iron Hands\n|-damage|p2a: Lilligant|0 fnt\n|-damage|p2b: Iron Hands|23\/100\n|faint|p2a: Lilligant\n|move|p1b: Only|Dragon Claw|p2b: Iron Hands\n|-damage|p2b: Iron Hands|0 fnt\n|faint|p2b: Iron Hands\n|-end|p2b: Iron Hands|Quark Drive|[silent]\n|\n|win|matthewssandslash\n|c|\u2606Muy Fuecoco|ggwp\n|c|\u2606matthewssandslash|gg!!\n|c|\u2606matthewssandslash|vwp!\n","uploadtime":1700330598,"views":29,"p1id":"matthewssandslash","p2id":"muyfuecoco","formatid":"gen9vgc2023regulatione","rating":0,"private":0,"password":""}