{"id":"gen9vgc2023regulatione-1999815114","p1":"10VGCOT","p2":"secretstudent","format":"[Gen 9] VGC 2023 Regulation E","log":"|j|\u260610VGCOT\n|j|\u2606secretstudent\n|t:|1701119259\n|gametype|doubles\n|player|p1|10VGCOT|2|1161\n|player|p2|secretstudent|beauty|1182\n|teamsize|p1|6\n|teamsize|p2|6\n|gen|9\n|tier|[Gen 9] VGC 2023 Regulation E\n|rated|\n|rule|Species Clause: Limit one of each Pok\u00e9mon\n|rule|Item Clause: Limit one of each item\n|clearpoke\n|poke|p1|Regieleki, L50|\n|poke|p1|Zapdos-Galar, L50|\n|poke|p1|Torkoal, L50, F|\n|poke|p1|Indeedee-F, L50, F|\n|poke|p1|Flutter Mane, L50|\n|poke|p1|Ogerpon-Wellspring, L50, F|\n|poke|p2|Chien-Pao, L50|\n|poke|p2|Amoonguss, L50, M|\n|poke|p2|Hatterene, L50, F|\n|poke|p2|Gyarados, L50, F|\n|poke|p2|Volcarona, L50, F|\n|poke|p2|Ogerpon, L50, F|\n|teampreview|4\n|inactive|Battle timer is ON: inactive players will automatically lose when time's up. (requested by 10VGCOT)\n|\n|t:|1701119293\n|start\n|switch|p1a: Zapdos|Zapdos-Galar, L50, shiny|100\/100\n|switch|p1b: Regieleki|Regieleki, L50, shiny|100\/100\n|switch|p2a: Hatterene|Hatterene, L50, F|100\/100\n|switch|p2b: Gyarados|Gyarados, L50, F|100\/100\n|-ability|p2b: Gyarados|Intimidate|boost\n|-unboost|p1a: Zapdos|atk|1\n|-ability|p1a: Zapdos|Defiant|boost\n|-boost|p1a: Zapdos|atk|2\n|-unboost|p1b: Regieleki|atk|1\n|turn|1\n|\n|t:|1701119315\n|-terastallize|p2b: Gyarados|Ground\n|move|p1b: Regieleki|Electroweb|p2a: Hatterene|[spread] p2a\n|-immune|p2b: Gyarados\n|-damage|p2a: Hatterene|75\/100\n|move|p1a: Zapdos|Brave Bird|p2a: Hatterene\n|-damage|p2a: Hatterene|0 fnt\n|faint|p2a: Hatterene\n|-damage|p1a: Zapdos|76\/100|[from] Recoil\n|move|p2b: Gyarados|Waterfall|p1a: Zapdos\n|-damage|p1a: Zapdos|32\/100\n|\n|upkeep\n|\n|t:|1701119329\n|switch|p2a: Ogerpon|Ogerpon, L50, F|100\/100\n|turn|2\n|\n|t:|1701119349\n|move|p1b: Regieleki|Protect|p1b: Regieleki\n|-singleturn|p1b: Regieleki|Protect\n|move|p1a: Zapdos|Brave Bird|p2b: Gyarados\n|-damage|p2b: Gyarados|0 fnt\n|faint|p2b: Gyarados\n|-damage|p1a: Zapdos|0 fnt|[from] Recoil\n|faint|p1a: Zapdos\n|move|p2a: Ogerpon|Stomping Tantrum|p1b: Regieleki\n|-activate|p1b: Regieleki|move: Protect\n|\n|upkeep\n|\n|t:|1701119361\n|switch|p1a: Indeedee|Indeedee-F, L50, F, shiny|100\/100\n|switch|p2b: Volcarona|Volcarona, L50, F|100\/100\n|-fieldstart|move: Psychic Terrain|[from] ability: Psychic Surge|[of] p1a: Indeedee\n|-enditem|p1a: Indeedee|Psychic Seed\n|-boost|p1a: Indeedee|spd|1|[from] item: Psychic Seed\n|turn|3\n|\n|t:|1701119378\n|move|p1a: Indeedee|Helping Hand|p1b: Regieleki\n|-singleturn|p1b: Regieleki|Helping Hand|[of] p1a: Indeedee\n|move|p2a: Ogerpon|Spiky Shield|p2a: Ogerpon\n|-singleturn|p2a: Ogerpon|move: Protect\n|move|p1b: Regieleki|Thunderbolt|p2a: Ogerpon\n|-activate|p2a: Ogerpon|move: Protect\n|move|p2b: Volcarona|Quiver Dance|p2b: Volcarona\n|-boost|p2b: Volcarona|spa|1\n|-boost|p2b: Volcarona|spd|1\n|-boost|p2b: Volcarona|spe|1\n|\n|upkeep\n|turn|4\n|\n|t:|1701119395\n|move|p1a: Indeedee|Helping Hand|p1b: Regieleki\n|-singleturn|p1b: Regieleki|Helping Hand|[of] p1a: Indeedee\n|move|p2a: Ogerpon|Spiky Shield|p2a: Ogerpon\n|-singleturn|p2a: Ogerpon|move: Protect\n|move|p1b: Regieleki|Thunderbolt|p2a: Ogerpon\n|-activate|p2a: Ogerpon|move: Protect\n|move|p2b: Volcarona|Quiver Dance|p2b: Volcarona\n|-boost|p2b: Volcarona|spa|1\n|-boost|p2b: Volcarona|spd|1\n|-boost|p2b: Volcarona|spe|1\n|\n|upkeep\n|turn|5\n|\n|t:|1701119416\n|move|p1a: Indeedee|Helping Hand|p1b: Regieleki\n|-singleturn|p1b: Regieleki|Helping Hand|[of] p1a: Indeedee\n|move|p2b: Volcarona|Heat Wave|p1b: Regieleki|[spread] p1a,p1b\n|-damage|p1a: Indeedee|52\/100\n|-damage|p1b: Regieleki|0 fnt\n|faint|p1b: Regieleki\n|move|p2a: Ogerpon|Stomping Tantrum|p1a: Indeedee\n|-damage|p1a: Indeedee|24\/100\n|-damage|p2a: Ogerpon|91\/100|[from] item: Life Orb\n|\n|upkeep\n|\n|t:|1701119422\n|switch|p1b: Ogerpon|Ogerpon-Wellspring, L50, F|100\/100\n|turn|6\n|\n|t:|1701119440\n|-terastallize|p1b: Ogerpon|Water\n|detailschange|p1b: Ogerpon|Ogerpon-Wellspring-Tera, L50, F, tera:Water\n|-ability|p1b: Ogerpon|Embody Aspect (Wellspring)|boost\n|-boost|p1b: Ogerpon|spd|1\n|move|p2a: Ogerpon|Follow Me|p2a: Ogerpon\n|-singleturn|p2a: Ogerpon|move: Follow Me\n|move|p1a: Indeedee|Follow Me|p1a: Indeedee\n|-singleturn|p1a: Indeedee|move: Follow Me\n|move|p2b: Volcarona|Giga Drain|p1a: Indeedee\n|-damage|p1a: Indeedee|0 fnt\n|faint|p1a: Indeedee\n|move|p1b: Ogerpon|Ivy Cudgel|p2a: Ogerpon|[anim] Ivy Cudgel Water\n|-resisted|p2a: Ogerpon\n|-damage|p2a: Ogerpon|39\/100\n|\n|upkeep\n|turn|7\n|-message|10VGCOT forfeited.\n|\n|win|secretstudent\n|raw|10VGCOT's rating: 1161 &rarr; <strong>1138<\/strong><br \/>(-23 for losing)\n|raw|secretstudent's rating: 1182 &rarr; <strong>1205<\/strong><br \/>(+23 for winning)\n|l|\u260610VGCOT\n","uploadtime":1701119458,"views":1,"p1id":"10vgcot","p2id":"secretstudent","formatid":"gen9vgc2023regulatione","rating":1138,"private":0,"password":""}