{"id":"gen9vgc2023regulatione-1998665219","p1":"gabtesting","p2":"mocha_05","format":"[Gen 9] VGC 2023 Regulation E","log":"|j|\u2606gabtesting\n|j|\u2606mocha_05\n|t:|1700969577\n|gametype|doubles\n|player|p1|gabtesting|wallace|1102\n|player|p2|mocha_05|265|1054\n|teamsize|p1|6\n|teamsize|p2|6\n|gen|9\n|tier|[Gen 9] VGC 2023 Regulation E\n|rated|\n|rule|Species Clause: Limit one of each Pok\u00e9mon\n|rule|Item Clause: Limit one of each item\n|clearpoke\n|poke|p1|Ninetales-Alola, L50, F|\n|poke|p1|Cetitan, L50, M|\n|poke|p1|Baxcalibur, L50, F|\n|poke|p1|Landorus-Therian, L50, M|\n|poke|p1|Heatran, L50, F|\n|poke|p1|Zapdos, L50|\n|poke|p2|Ninetales-Alola, L50, F|\n|poke|p2|Baxcalibur, L50, F|\n|poke|p2|Gholdengo, L50|\n|poke|p2|Iron Hands, L50|\n|poke|p2|Arcanine-Hisui, L50, M|\n|poke|p2|Ogerpon, L50, F|\n|teampreview|4\n|inactive|Battle timer is ON: inactive players will automatically lose when time's up. (requested by gabtesting)\nmocha_05 rejected open team sheets.\n|inactive|gabtesting has 60 seconds left.\n|inactive|mocha_05 has 60 seconds left.\n|\n|t:|1700969633\n|start\n|switch|p1a: Cetitan|Cetitan, L50, M|100\/100\n|switch|p1b: Landorus|Landorus-Therian, L50, M|100\/100\n|switch|p2a: Ninetales|Ninetales-Alola, L50, F|100\/100\n|switch|p2b: Baxcalibur|Baxcalibur, L50, F|100\/100\n|-ability|p1b: Landorus|Intimidate|boost\n|-unboost|p2a: Ninetales|atk|1\n|-fail|p2b: Baxcalibur|unboost|[from] item: Clear Amulet|[of] p2b: Baxcalibur\n|-weather|Snow|[from] ability: Snow Warning|[of] p2a: Ninetales\n|turn|1\n|inactive|mocha_05 has 30 seconds left.\n|\n|t:|1700969658\n|move|p1b: Landorus|U-turn|p2b: Baxcalibur\n|-damage|p2b: Baxcalibur|85\/100\n|\n|t:|1700969667\n|switch|p1b: Baxcalibur|Baxcalibur, L50, F|100\/100|[from] U-turn\n|move|p1a: Cetitan|Heavy Slam|p2a: Ninetales\n|-supereffective|p2a: Ninetales\n|-damage|p2a: Ninetales|0 fnt\n|faint|p2a: Ninetales\n|move|p2b: Baxcalibur|Icicle Crash|p1b: Baxcalibur|[miss]\n|-miss|p2b: Baxcalibur|p1b: Baxcalibur\n|\n|-weather|Snow|[upkeep]\n|-heal|p2b: Baxcalibur|91\/100|[from] ability: Ice Body\n|upkeep\n|\n|t:|1700969689\n|switch|p2a: Iron Hands|Iron Hands, L50|100\/100\n|turn|2\n|\n|t:|1700969710\n|move|p1b: Baxcalibur|Protect|p1b: Baxcalibur\n|-singleturn|p1b: Baxcalibur|Protect\n|move|p2a: Iron Hands|Fake Out|p1b: Baxcalibur\n|-activate|p1b: Baxcalibur|move: Protect\n|move|p1a: Cetitan|Heavy Slam|p2b: Baxcalibur\n|-supereffective|p2b: Baxcalibur\n|-damage|p2b: Baxcalibur|57\/100\n|move|p2b: Baxcalibur|Icicle Crash|p1b: Baxcalibur\n|-activate|p1b: Baxcalibur|move: Protect\n|\n|-weather|Snow|[upkeep]\n|-heal|p2b: Baxcalibur|63\/100|[from] ability: Ice Body\n|upkeep\n|turn|3\n|inactive|gabtesting has 30 seconds left.\n|inactive|gabtesting has 20 seconds left.\n|inactive|gabtesting has 15 seconds left.\n|inactive|gabtesting has 10 seconds left.\n|inactive|gabtesting has 5 seconds left.\n|\n|t:|1700969762\n|-terastallize|p1b: Baxcalibur|Poison\n|move|p2b: Baxcalibur|Protect|p2b: Baxcalibur\n|-singleturn|p2b: Baxcalibur|Protect\n|move|p1a: Cetitan|Heavy Slam|p2b: Baxcalibur\n|-activate|p2b: Baxcalibur|move: Protect\n|move|p1b: Baxcalibur|Icicle Spear|p2b: Baxcalibur\n|-activate|p2b: Baxcalibur|move: Protect\n|move|p2a: Iron Hands|Drain Punch|p1b: Baxcalibur\n|-resisted|p1b: Baxcalibur\n|-damage|p1b: Baxcalibur|82\/100\n|\n|-weather|Snow|[upkeep]\n|-heal|p1b: Baxcalibur|88\/100|[from] ability: Ice Body\n|-heal|p2b: Baxcalibur|69\/100|[from] ability: Ice Body\n|upkeep\n|turn|4\n|inactive|mocha_05 has 30 seconds left.\n|\n|t:|1700969795\n|switch|p2b: Gholdengo|Gholdengo, L50|100\/100\n|move|p1a: Cetitan|Heavy Slam|p2b: Gholdengo\n|-resisted|p2b: Gholdengo\n|-damage|p2b: Gholdengo|83\/100\n|move|p1b: Baxcalibur|Swords Dance|p1b: Baxcalibur\n|-boost|p1b: Baxcalibur|atk|2\n|move|p2a: Iron Hands|Wild Charge|p1b: Baxcalibur\n|-damage|p1b: Baxcalibur|39\/100\n|-damage|p2a: Iron Hands|91\/100|[from] Recoil\n|\n|-weather|Snow|[upkeep]\n|-heal|p1b: Baxcalibur|45\/100|[from] ability: Ice Body\n|-heal|p2b: Gholdengo|89\/100|[from] item: Leftovers\n|upkeep\n|turn|5\n|\n|t:|1700969819\n|move|p2b: Gholdengo|Protect|p2b: Gholdengo\n|-singleturn|p2b: Gholdengo|Protect\n|move|p1a: Cetitan|Liquidation|p2b: Gholdengo\n|-activate|p2b: Gholdengo|move: Protect\n|move|p1b: Baxcalibur|Scale Shot|p2a: Iron Hands\n|-damage|p2a: Iron Hands|73\/100\n|-damage|p2a: Iron Hands|55\/100\n|-damage|p2a: Iron Hands|35\/100\n|-crit|p2a: Iron Hands\n|-damage|p2a: Iron Hands|7\/100\n|-damage|p2a: Iron Hands|0 fnt\n|faint|p2a: Iron Hands\n|-end|p2a: Iron Hands|Quark Drive|[silent]\n|-hitcount|p2: Iron Hands|5\n|-unboost|p1b: Baxcalibur|def|1\n|-boost|p1b: Baxcalibur|spe|1\n|\n|-weather|none\n|-heal|p2b: Gholdengo|95\/100|[from] item: Leftovers\n|upkeep\n|\n|t:|1700969833\n|switch|p2a: Baxcalibur|Baxcalibur, L50, F|69\/100\n|turn|6\n|\n|t:|1700969848\n|move|p2a: Baxcalibur|Protect|p2a: Baxcalibur\n|-singleturn|p2a: Baxcalibur|Protect\n|move|p1b: Baxcalibur|Icicle Spear|p2a: Baxcalibur\n|-activate|p2a: Baxcalibur|move: Protect\n|move|p2b: Gholdengo|Make It Rain|p1b: Baxcalibur|[spread] p1a,p1b\n|-supereffective|p1a: Cetitan\n|-damage|p1a: Cetitan|39\/100\n|-damage|p1b: Baxcalibur|9\/100\n|-unboost|p2b: Gholdengo|spa|1\n|move|p1a: Cetitan|Liquidation|p2b: Gholdengo\n|-damage|p2b: Gholdengo|70\/100\n|-unboost|p2b: Gholdengo|def|1\n|\n|-heal|p2b: Gholdengo|76\/100|[from] item: Leftovers\n|upkeep\n|turn|7\n|\n|t:|1700969871\n|move|p2a: Baxcalibur|Protect||[still]\n|-fail|p2a: Baxcalibur\n|move|p1b: Baxcalibur|Icicle Spear|p2a: Baxcalibur\n|-damage|p2a: Baxcalibur|45\/100\n|-damage|p2a: Baxcalibur|19\/100\n|-damage|p2a: Baxcalibur|0 fnt\n|faint|p2a: Baxcalibur\n|-hitcount|p2: Baxcalibur|3\n|move|p2b: Gholdengo|Make It Rain|p1b: Baxcalibur|[spread] p1a,p1b\n|-supereffective|p1a: Cetitan\n|-damage|p1a: Cetitan|2\/100\n|-damage|p1b: Baxcalibur|0 fnt\n|-unboost|p2b: Gholdengo|spa|1\n|faint|p1b: Baxcalibur\n|move|p1a: Cetitan|Liquidation|p2b: Gholdengo\n|-damage|p2b: Gholdengo|39\/100\n|\n|-heal|p2b: Gholdengo|45\/100|[from] item: Leftovers\n|upkeep\n|-message|mocha_05 forfeited.\n|\n|win|gabtesting\n|raw|gabtesting's rating: 1102 &rarr; <strong>1124<\/strong><br \/>(+22 for winning)\n|raw|mocha_05's rating: 1054 &rarr; <strong>1038<\/strong><br \/>(-16 for losing)\n|l|\u2606mocha_05\n|c|\u2606gabtesting|gg\n","uploadtime":1700969889,"views":38,"p1id":"gabtesting","p2id":"mocha05","formatid":"gen9vgc2023regulatione","rating":1038,"private":0,"password":""}