{"id":"gen9vgc2023regulatione-1997562851","p1":"vlopes777","p2":"kedeke","format":"[Gen 9] VGC 2023 Regulation E","log":"|j|\u2606vlopes777\n|j|\u2606kedeke\n|t:|1700825940\n|gametype|doubles\n|player|p1|vlopes777|pokekid|1197\n|player|p2|kedeke|265|1235\n|teamsize|p1|6\n|teamsize|p2|6\n|gen|9\n|tier|[Gen 9] VGC 2023 Regulation E\n|rated|\n|rule|Species Clause: Limit one of each Pok\u00e9mon\n|rule|Item Clause: Limit one of each item\n|clearpoke\n|poke|p1|Landorus-Therian, L50, M|\n|poke|p1|Tornadus, L50, M|\n|poke|p1|Iron Hands, L50|\n|poke|p1|Amoonguss, L50, F|\n|poke|p1|Heatran, L50, F|\n|poke|p1|Flutter Mane, L50|\n|poke|p2|Urshifu-*, L50, M|\n|poke|p2|Tornadus, L50, M|\n|poke|p2|Iron Hands, L50|\n|poke|p2|Flutter Mane, L50|\n|poke|p2|Arcanine-Hisui, L50, M|\n|poke|p2|Rillaboom, L50, M|\n|teampreview|4\n|inactive|Battle timer is ON: inactive players will automatically lose when time's up. (requested by vlopes777)\nvlopes777 has agreed to open team sheets.\n|inactive|vlopes777 has 60 seconds left.\n|\n|t:|1700825973\n|start\n|switch|p1a: D\u00e9m\u00e9t\u00e9ros|Landorus-Therian, L50, M|100\/100\n|switch|p1b: Iron Hands|Iron Hands, L50|100\/100\n|switch|p2a: Tornadus|Tornadus, L50, M|100\/100\n|switch|p2b: Urshifu|Urshifu-Rapid-Strike, L50, M|100\/100\n|-ability|p1a: D\u00e9m\u00e9t\u00e9ros|Intimidate|boost\n|-unboost|p2a: Tornadus|atk|1\n|-unboost|p2b: Urshifu|atk|1\n|turn|1\n|inactive|vlopes777 has 30 seconds left.\n|\n|t:|1700826000\n|move|p2b: Urshifu|Protect|p2b: Urshifu\n|-singleturn|p2b: Urshifu|Protect\n|move|p1b: Iron Hands|Fake Out|p2b: Urshifu\n|-activate|p2b: Urshifu|move: Protect\n|move|p2a: Tornadus|Tailwind|p2a: Tornadus\n|-sidestart|p2: kedeke|move: Tailwind\n|move|p1a: D\u00e9m\u00e9t\u00e9ros|U-turn|p2a: Tornadus\n|-resisted|p2a: Tornadus\n|-damage|p2a: Tornadus|83\/100\n|\n|t:|1700826013\n|switch|p1a: Amoonguss|Amoonguss, L50, F|100\/100|[from] U-turn\n|\n|upkeep\n|turn|2\n|\n|t:|1700826026\n|switch|p2b: Iron Hands|Iron Hands, L50|100\/100\n|move|p2a: Tornadus|Bleakwind Storm|p1b: Iron Hands|[spread] p1b\n|-miss|p2a: Tornadus|p1a: Amoonguss\n|-damage|p1b: Iron Hands|84\/100\n|-unboost|p1b: Iron Hands|spe|1\n|move|p1a: Amoonguss|Spore|p2b: Iron Hands\n|-status|p2b: Iron Hands|slp|[from] move: Spore\n|move|p1b: Iron Hands|Wild Charge|p2a: Tornadus\n|-supereffective|p2a: Tornadus\n|-damage|p2a: Tornadus|0 fnt\n|faint|p2a: Tornadus\n|-damage|p1b: Iron Hands|68\/100|[from] Recoil\n|\n|upkeep\n|\n|t:|1700826037\n|switch|p2a: Flutter Mane|Flutter Mane, L50|100\/100\n|-enditem|p2a: Flutter Mane|Booster Energy\n|-activate|p2a: Flutter Mane|ability: Protosynthesis|[fromitem]\n|-start|p2a: Flutter Mane|protosynthesisspa\n|turn|3\n|\n|t:|1700826056\n|-end|p1b: Iron Hands|Quark Drive|[silent]\n|switch|p1b: D\u00e9m\u00e9t\u00e9ros|Landorus-Therian, L50, M|100\/100\n|-ability|p1b: D\u00e9m\u00e9t\u00e9ros|Intimidate|boost\n|-unboost|p2a: Flutter Mane|atk|1\n|-unboost|p2b: Iron Hands|atk|1\n|cant|p2b: Iron Hands|slp\n|move|p2a: Flutter Mane|Shadow Ball|p1a: Amoonguss\n|-damage|p1a: Amoonguss|42\/100\n|-enditem|p1a: Amoonguss|Sitrus Berry|[eat]\n|-heal|p1a: Amoonguss|66\/100|[from] item: Sitrus Berry\n|move|p1a: Amoonguss|Spore|p2a: Flutter Mane\n|-status|p2a: Flutter Mane|slp|[from] move: Spore\n|\n|upkeep\n|turn|4\n|inactive|vlopes777 has 30 seconds left.\n|inactive|kedeke has 30 seconds left.\n|inactive|kedeke has 20 seconds left.\n|inactive|kedeke has 15 seconds left.\n|inactive|kedeke has 10 seconds left.\n|inactive|kedeke has 5 seconds left.\n|\n|t:|1700826111\n|switch|p1a: Iron Hands|Iron Hands, L50|68\/100\n|cant|p2a: Flutter Mane|slp\n|cant|p2b: Iron Hands|slp\n|move|p1b: D\u00e9m\u00e9t\u00e9ros|Stomping Tantrum|p2b: Iron Hands\n|-supereffective|p2b: Iron Hands\n|-damage|p2b: Iron Hands|43\/100 slp\n|\n|-sideend|p2: kedeke|move: Tailwind\n|upkeep\n|turn|5\n|inactive|kedeke has 30 seconds left.\n|inactive|kedeke has 20 seconds left.\n|inactive|kedeke has 15 seconds left.\n|inactive|kedeke has 10 seconds left.\n|inactive|kedeke has 5 seconds left.\n|\n|t:|1700826166\n|cant|p2a: Flutter Mane|slp\n|cant|p2b: Iron Hands|slp\n|move|p1b: D\u00e9m\u00e9t\u00e9ros|Stomping Tantrum|p2b: Iron Hands\n|-supereffective|p2b: Iron Hands\n|-damage|p2b: Iron Hands|0 fnt\n|faint|p2b: Iron Hands\n|-end|p2b: Iron Hands|Quark Drive|[silent]\n|move|p1a: Iron Hands|Heavy Slam|p2a: Flutter Mane\n|-supereffective|p2a: Flutter Mane\n|-damage|p2a: Flutter Mane|0 fnt\n|faint|p2a: Flutter Mane\n|-end|p2a: Flutter Mane|Protosynthesis|[silent]\n|\n|upkeep\n|c|\u2606vlopes777|gg\n|inactive|kedeke has 30 seconds left.\n|inactive|kedeke has 20 seconds left.\n|c|\u2606vlopes777|ZzzZZzz\n|inactive|kedeke has 15 seconds left.\n|inactive|kedeke has 10 seconds left.\n|inactive|kedeke has 5 seconds left.\n|\n|t:|1700826221\n|switch|p2a: Urshifu|Urshifu-Rapid-Strike, L50, M|100\/100\n|turn|6\n|inactive|kedeke has 30 seconds left.\n|inactive|kedeke has 20 seconds left.\n|inactive|kedeke has 15 seconds left.\n|inactive|kedeke has 10 seconds left.\n|inactive|kedeke has 5 seconds left.\n|\n|t:|1700826276\n|-terastallize|p1a: Iron Hands|Water\n|move|p1b: D\u00e9m\u00e9t\u00e9ros|Stomping Tantrum|p2a: Urshifu\n|-damage|p2a: Urshifu|59\/100\n|move|p2a: Urshifu|Surging Strikes|p1a: Iron Hands\n|-resisted|p1a: Iron Hands\n|-crit|p1a: Iron Hands\n|-damage|p1a: Iron Hands|60\/100\n|-resisted|p1a: Iron Hands\n|-crit|p1a: Iron Hands\n|-damage|p1a: Iron Hands|52\/100\n|-resisted|p1a: Iron Hands\n|-crit|p1a: Iron Hands\n|-damage|p1a: Iron Hands|44\/100\n|-hitcount|p1a: Iron Hands|3\n|move|p1a: Iron Hands|Wild Charge|p2a: Urshifu\n|-supereffective|p2a: Urshifu\n|-damage|p2a: Urshifu|0 fnt\n|faint|p2a: Urshifu\n|-damage|p1a: Iron Hands|34\/100|[from] Recoil\n|\n|win|vlopes777\n|raw|vlopes777's rating: 1197 &rarr; <strong>1225<\/strong><br \/>(+28 for winning)\n|raw|kedeke's rating: 1235 &rarr; <strong>1207<\/strong><br \/>(-28 for losing)\n","uploadtime":1700826295,"views":17,"p1id":"vlopes777","p2id":"kedeke","formatid":"gen9vgc2023regulatione","rating":1207,"private":0,"password":""}