{"id":"gen9vgc2023regulatione-1996474480","p1":"christianfinity","p2":"babiwi bewey\u2714\ufe0f","format":"[Gen 9] VGC 2023 Regulation E","log":"|j|\u2606christianfinity\n|j|\u2606babiwi bewey\u2714\ufe0f\n|n|\u2606christianfinity|christianfinity\n|n|\u2606babiwi bewey\u2714\ufe0f|babiwibewey\n|html|View the match progress at <a href=\"\/game-bestof3-gen9vgc2023regulatione-1996472874\">game-bestof3-gen9vgc2023regulatione-1996472874<\/a>\n|t:|1700685544\n|gametype|doubles\n|player|p1|christianfinity|youngathlete|\n|player|p2|babiwi bewey\u2714\ufe0f|valerie|\n|teamsize|p1|6\n|teamsize|p2|6\n|gen|9\n|tier|[Gen 9] VGC 2023 Regulation E\n|rule|Species Clause: Limit one of each Pok\u00e9mon\n|rule|Item Clause: Limit one of each item\n|clearpoke\n|poke|p1|Ninetales-Alola, L50, M|\n|poke|p1|Ogerpon-Wellspring, L50, F|\n|poke|p1|Baxcalibur, L50, F|\n|poke|p1|Arcanine-Hisui, L50, M|\n|poke|p1|Gholdengo, L50|\n|poke|p1|Rillaboom, L50, F|\n|poke|p2|Dondozo, L50, M|\n|poke|p2|Tatsugiri, L50, M|\n|poke|p2|Dragonite, L50, M|\n|poke|p2|Chien-Pao, L50|\n|poke|p2|Flutter Mane, L50|\n|poke|p2|Chi-Yu, L50|\n|teampreview|4\nbabiwi bewey\u2714\ufe0f has agreed to open team sheets.\n|j| fyfyyalt1\nchristianfinity has agreed to open team sheets.\n|showteam|p1|Ninetales-Alola||LightClay|SnowWarning|AuroraVeil,IcyWind,Moonblast,Encore|||M|||50|,,,,,Ghost]Ogerpon-Wellspring||WellspringMask|WaterAbsorb|SwordsDance,IvyCudgel,HornLeech,SpikyShield|||F|||50|,,,,,Water]Baxcalibur||ClearAmulet|IceBody|DragonDance,IcicleCrash,HighHorsepower,Protect|||F|||50|,,,,,Poison]Arcanine-Hisui||ChoiceBand|Intimidate|FlareBlitz,RockSlide,ExtremeSpeed,TeraBlast|||M|||50|,,,,,Fairy]Gholdengo||Leftovers|GoodasGold|NastyPlot,MakeItRain,ShadowBall,Protect||||||50|,,,,,Fairy]Rillaboom||AssaultVest|GrassySurge|FakeOut,GrassyGlide,DrumBeating,HighHorsepower|||F|||50|,,,,,Fire\n|showteam|p2|Dondozo||Leftovers|Unaware|Protect,WaveCrash,Substitute,OrderUp|||M|||50|,,,,,Dragon]Tatsugiri||AbilityShield|Commander|Protect,Taunt,DracoMeteor,MuddyWater|||M|||50|,,,,,Steel]Dragonite||ChoiceBand|InnerFocus|StompingTantrum,ExtremeSpeed,AerialAce,Outrage|||M|||50|,,,,,Normal]Chien-Pao||FocusSash|SwordofRuin|Protect,IcicleCrash,SuckerPunch,Crunch||||||50|,,,,,Ghost]Flutter Mane||BoosterEnergy|Protosynthesis|ShadowBall,IcyWind,Moonblast,Protect||||||50|,,,,,Fairy]Chi-Yu||LifeOrb|BeadsofRuin|Protect,HeatWave,DarkPulse,Overheat||||||50|,,,,,Ghost\n|j| gurupatak\n|\n|t:|1700685589\n|start\n|switch|p1a: Loam Child|Arcanine-Hisui, L50, M, shiny|100\/100\n|switch|p1b: Baxter|Baxcalibur, L50, F|100\/100\n|switch|p2a: Flutter Mane|Flutter Mane, L50|100\/100\n|switch|p2b: Chi-Yu|Chi-Yu, L50|100\/100\n|-ability|p2b: Chi-Yu|Beads of Ruin\n|-ability|p1a: Loam Child|Intimidate|boost\n|-unboost|p2a: Flutter Mane|atk|1\n|-unboost|p2b: Chi-Yu|atk|1\n|-enditem|p2a: Flutter Mane|Booster Energy\n|-activate|p2a: Flutter Mane|ability: Protosynthesis|[fromitem]\n|-start|p2a: Flutter Mane|protosynthesisspe\n|turn|1\n|j| SlowHomie\n|j| Sir Aaron07\n|\n|t:|1700685618\n|-terastallize|p1b: Baxter|Poison\n|move|p2a: Flutter Mane|Icy Wind|p1b: Baxter|[spread] p1a,p1b\n|-resisted|p1a: Loam Child\n|-damage|p1a: Loam Child|93\/100\n|-damage|p1b: Baxter|84\/100\n|-unboost|p1a: Loam Child|spe|1\n|move|p2b: Chi-Yu|Dark Pulse|p1a: Loam Child\n|-damage|p1a: Loam Child|19\/100\n|-damage|p2b: Chi-Yu|91\/100|[from] item: Life Orb\n|move|p1b: Baxter|Icicle Crash|p2a: Flutter Mane\n|-damage|p2a: Flutter Mane|37\/100\n|move|p1a: Loam Child|Rock Slide|p2b: Chi-Yu|[spread] p2a\n|-miss|p1a: Loam Child|p2b: Chi-Yu\n|-damage|p2a: Flutter Mane|0 fnt\n|faint|p2a: Flutter Mane\n|-end|p2a: Flutter Mane|Protosynthesis|[silent]\n|\n|upkeep\n|c|\u2606christianfinity|ok\n|\n|t:|1700685633\n|switch|p2a: Dondozo|Dondozo, L50, M|100\/100\n|turn|2\n|j| ale cog\n|c| gurupatak|the miss\n|c| fyfyyalt1|ooo\n|c|\u2606babiwi bewey\u2714\ufe0f|pure skill fr fr\n|c|\u2606christianfinity|okay buddy\n|c| gurupatak|thats just unlucky\n|\n|t:|1700685647\n|switch|p1a: Serendipity|Ninetales-Alola, L50, M, shiny|100\/100\n|-weather|Snow|[from] ability: Snow Warning|[of] p1a: Serendipity\n|move|p2b: Chi-Yu|Heat Wave|p1b: Baxter|[spread] p1a,p1b\n|-supereffective|p1a: Serendipity\n|-damage|p1a: Serendipity|0 fnt\n|-damage|p1b: Baxter|26\/100\n|faint|p1a: Serendipity\n|-damage|p2b: Chi-Yu|81\/100|[from] item: Life Orb\n|move|p1b: Baxter|Dragon Dance|p1b: Baxter\n|-boost|p1b: Baxter|atk|1\n|-boost|p1b: Baxter|spe|1\n|move|p2a: Dondozo|Substitute|p2a: Dondozo\n|-start|p2a: Dondozo|Substitute\n|-damage|p2a: Dondozo|75\/100\n|\n|-weather|Snow|[upkeep]\n|-heal|p1b: Baxter|32\/100|[from] ability: Ice Body\n|-heal|p2a: Dondozo|82\/100|[from] item: Leftovers\n|upkeep\n|c| fyfyyalt1|omg\n|\n|t:|1700685656\n|switch|p1a: Paracetamol|Rillaboom, L50, F|100\/100\n|-fieldstart|move: Grassy Terrain|[from] ability: Grassy Surge|[of] p1a: Paracetamol\n|turn|3\n|c| SlowHomie|sometimes the RNG is not in your favor lol\n|c| fyfyyalt1|that's so doomed\n|c|\u2606christianfinity|yeah\n|\n|t:|1700685678\n|move|p1b: Baxter|Protect|p1b: Baxter\n|-singleturn|p1b: Baxter|Protect\n|move|p2b: Chi-Yu|Protect|p2b: Chi-Yu\n|-singleturn|p2b: Chi-Yu|Protect\n|move|p2a: Dondozo|Protect|p2a: Dondozo\n|-singleturn|p2a: Dondozo|Protect\n|move|p1a: Paracetamol|Drum Beating|p2a: Dondozo\n|-activate|p2a: Dondozo|move: Protect\n|\n|-weather|Snow|[upkeep]\n|-heal|p1b: Baxter|38\/100|[from] ability: Ice Body\n|-heal|p1b: Baxter|45\/100|[from] Grassy Terrain\n|-heal|p2b: Chi-Yu|87\/100|[from] Grassy Terrain\n|-heal|p2a: Dondozo|88\/100|[from] Grassy Terrain\n|-heal|p2a: Dondozo|94\/100|[from] item: Leftovers\n|upkeep\n|turn|4\n|\n|t:|1700685685\n|switch|p2b: Tatsugiri|Tatsugiri, L50, M|100\/100\n|-activate|p2b: Tatsugiri|ability: Commander|[of] p2a: Dondozo\n|-boost|p2a: Dondozo|atk|2\n|-boost|p2a: Dondozo|spa|2\n|-boost|p2a: Dondozo|spe|2\n|-boost|p2a: Dondozo|def|2\n|-boost|p2a: Dondozo|spd|2\n|-terastallize|p2a: Dondozo|Dragon\n|move|p1b: Baxter|Icicle Crash|p2a: Dondozo\n|-supereffective|p2a: Dondozo\n|-end|p2a: Dondozo|Substitute\n|move|p2a: Dondozo|Order Up|p1b: Baxter\n|-damage|p1b: Baxter|0 fnt\n|faint|p1b: Baxter\n|-boost|p2a: Dondozo|atk|1\n|move|p1a: Paracetamol|Drum Beating|p2a: Dondozo\n|-resisted|p2a: Dondozo\n|-damage|p2a: Dondozo|84\/100\n|-unboost|p2a: Dondozo|spe|1\n|\n|-weather|Snow|[upkeep]\n|-heal|p2a: Dondozo|90\/100|[from] Grassy Terrain\n|-heal|p2a: Dondozo|96\/100|[from] item: Leftovers\n|upkeep\n|c| SlowHomie|We gotta keep dozo from winning the tour\n|\n|t:|1700685696\n|switch|p1b: Loam Child|Arcanine-Hisui, L50, M, shiny|19\/100\n|-ability|p1b: Loam Child|Intimidate|boost\n|-unboost|p2a: Dondozo|atk|1\n|-unboost|p2b: Tatsugiri|atk|1\n|turn|5\n|\n|t:|1700685704\n|move|p2a: Dondozo|Order Up|p1b: Loam Child\n|-damage|p1b: Loam Child|0 fnt\n|faint|p1b: Loam Child\n|-boost|p2a: Dondozo|atk|1\n|move|p1a: Paracetamol|Drum Beating|p2a: Dondozo\n|-resisted|p2a: Dondozo\n|-damage|p2a: Dondozo|87\/100\n|-unboost|p2a: Dondozo|spe|1\n|\n|-weather|Snow|[upkeep]\n|-heal|p2a: Dondozo|93\/100|[from] Grassy Terrain\n|-heal|p2a: Dondozo|99\/100|[from] item: Leftovers\n|upkeep\n|turn|6\n|-message|christianfinity forfeited.\n|\n|win|babiwi bewey\u2714\ufe0f\n|c|\u2606babiwi bewey\u2714\ufe0f|gg\n|c| SlowHomie|some how some way\n|c|\u2606christianfinity|gg\n|c| gurupatak|this games ggs\n|l|\u2606christianfinity\n|c| fyfyyalt1|that's done ig\n|l| SlowHomie\n|c| fyfyyalt1|a clean 2-0 from babiwi bewey\n|c| fyfyyalt1|Babiwi\n|c| fyfyyalt1|post the game\n","uploadtime":1700685744,"views":5,"p1id":"christianfinity","p2id":"babiwibewey","formatid":"gen9vgc2023regulatione","rating":0,"private":0,"password":""}