{"id":"gen9vgc2023regulatione-1999675037","p1":"Jadedragon61","p2":"edboiVGC","format":"[Gen 9] VGC 2023 Regulation E","log":"|j|\u2606Jadedragon61\n|j|\u2606edboiVGC\n|t:|1701106777\n|gametype|doubles\n|player|p1|Jadedragon61|colress|1440\n|player|p2|edboiVGC|guitarist|1358\n|teamsize|p1|6\n|teamsize|p2|6\n|gen|9\n|tier|[Gen 9] VGC 2023 Regulation E\n|rated|\n|rule|Species Clause: Limit one of each Pok\u00e9mon\n|rule|Item Clause: Limit one of each item\n|clearpoke\n|poke|p1|Tyranitar, L50, F|\n|poke|p1|Rillaboom, L50, F|\n|poke|p1|Kommo-o, L50, M|\n|poke|p1|Iron Bundle, L50|\n|poke|p1|Flutter Mane, L50|\n|poke|p1|Landorus-Therian, L50, M|\n|poke|p2|Tornadus, L50, M|\n|poke|p2|Urshifu-*, L50, F|\n|poke|p2|Iron Bundle, L50|\n|poke|p2|Gholdengo, L50|\n|poke|p2|Indeedee-F, L50, F|\n|poke|p2|Armarouge, L50, F|\n|teampreview|4\n|inactive|Battle timer is ON: inactive players will automatically lose when time's up. (requested by edboiVGC)\nedboiVGC has agreed to open team sheets.\n|inactive|Jadedragon61 has 60 seconds left.\n|inactive|edboiVGC has 60 seconds left.\n|\n|t:|1701106819\n|start\n|switch|p1a: Jadedragon|Tyranitar, L50, F, shiny|100\/100\n|switch|p1b: Fish|Flutter Mane, L50, shiny|100\/100\n|switch|p2a: Cloud9 Store|Tornadus, L50, M|100\/100\n|switch|p2b: Urshifu|Urshifu-Rapid-Strike, L50, F|100\/100\n|-weather|Sandstorm|[from] ability: Sand Stream|[of] p1a: Jadedragon\n|turn|1\n|inactive|edboiVGC has 30 seconds left.\n|\n|t:|1701106844\n|-terastallize|p2b: Urshifu|Water\n|-terastallize|p1a: Jadedragon|Psychic\n|move|p2a: Cloud9 Store|Tailwind|p2a: Cloud9 Store\n|-sidestart|p2: edboiVGC|move: Tailwind\n|move|p2b: Urshifu|Surging Strikes|p1b: Fish\n|-crit|p1b: Fish\n|-damage|p1b: Fish|48\/100\n|-crit|p1b: Fish\n|-damage|p1b: Fish|0 fnt\n|faint|p1b: Fish\n|-end|p1b: Fish|Protosynthesis|[silent]\n|-hitcount|p1: Fish|2\n|move|p1a: Jadedragon|Tera Blast|p2b: Urshifu|[anim] Tera Blast Psychic\n|-damage|p2b: Urshifu|58\/100\n|\n|-weather|Sandstorm|[upkeep]\n|-damage|p2b: Urshifu|52\/100|[from] Sandstorm\n|-damage|p2a: Cloud9 Store|95\/100|[from] Sandstorm\n|-damage|p1a: Jadedragon|95\/100|[from] Sandstorm\n|upkeep\n|\n|t:|1701106853\n|switch|p1b: Monke|Rillaboom, L50, F, shiny|100\/100\n|-fieldstart|move: Grassy Terrain|[from] ability: Grassy Surge|[of] p1b: Monke\n|turn|2\n|inactive|edboiVGC has 30 seconds left.\n|\n|t:|1701106879\n|move|p2b: Urshifu|Detect|p2b: Urshifu\n|-singleturn|p2b: Urshifu|Protect\n|move|p2a: Cloud9 Store|Rain Dance|p2a: Cloud9 Store\n|-weather|RainDance\n|move|p1b: Monke|Grassy Glide|p2b: Urshifu\n|-activate|p2b: Urshifu|move: Protect\n|move|p1a: Jadedragon|Rock Slide|p2a: Cloud9 Store|[spread] p2a\n|-activate|p2b: Urshifu|move: Protect\n|-supereffective|p2a: Cloud9 Store\n|-damage|p2a: Cloud9 Store|22\/100\n|\n|-weather|RainDance|[upkeep]\n|-heal|p2b: Urshifu|58\/100|[from] Grassy Terrain\n|-heal|p1a: Jadedragon|100\/100|[from] Grassy Terrain\n|upkeep\n|turn|3\n|inactive|edboiVGC has 30 seconds left.\n|\n|t:|1701106907\n|switch|p2b: Deedee|Indeedee-F, L50, F|100\/100\n|-fieldstart|move: Psychic Terrain|[from] ability: Psychic Surge|[of] p2b: Deedee\n|move|p2a: Cloud9 Store|Bleakwind Storm|p1a: Jadedragon|[spread] p1a,p1b\n|-supereffective|p1b: Monke\n|-damage|p1a: Jadedragon|78\/100\n|-damage|p1b: Monke|27\/100\n|move|p1b: Monke|Grassy Glide|p2b: Deedee\n|-damage|p2b: Deedee|70\/100\n|move|p1a: Jadedragon|Rock Slide|p2b: Deedee|[spread] p2a,p2b\n|-supereffective|p2a: Cloud9 Store\n|-damage|p2a: Cloud9 Store|0 fnt\n|-damage|p2b: Deedee|37\/100\n|-enditem|p2b: Deedee|Sitrus Berry|[eat]\n|-heal|p2b: Deedee|62\/100|[from] item: Sitrus Berry\n|faint|p2a: Cloud9 Store\n|\n|-weather|RainDance|[upkeep]\n|upkeep\n|\n|t:|1701106925\n|switch|p2a: Iron Bundle|Iron Bundle, L50|100\/100\n|-enditem|p2a: Iron Bundle|Booster Energy\n|-activate|p2a: Iron Bundle|ability: Quark Drive|[fromitem]\n|-start|p2a: Iron Bundle|quarkdrivespe\n|turn|4\n|\n|t:|1701106938\n|switch|p1b: Creamed corn|Landorus-Therian, L50, M, shiny|100\/100\n|-ability|p1b: Creamed corn|Intimidate|boost\n|-unboost|p2a: Iron Bundle|atk|1\n|-unboost|p2b: Deedee|atk|1\n|move|p2b: Deedee|Follow Me|p2b: Deedee\n|-singleturn|p2b: Deedee|move: Follow Me\n|move|p2a: Iron Bundle|Freeze-Dry|p1b: Creamed corn\n|-supereffective|p1b: Creamed corn\n|-damage|p1b: Creamed corn|0 fnt\n|faint|p1b: Creamed corn\n|move|p1a: Jadedragon|Knock Off|p2b: Deedee\n|-supereffective|p2b: Deedee\n|-damage|p2b: Deedee|0 fnt\n|faint|p2b: Deedee\n|\n|-weather|RainDance|[upkeep]\n|-sideend|p2: edboiVGC|move: Tailwind\n|upkeep\n|\n|t:|1701106950\n|switch|p1b: Monke|Rillaboom, L50, F, shiny|27\/100\n|switch|p2b: Urshifu|Urshifu-Rapid-Strike, L50, F, tera:Water|58\/100\n|-fieldstart|move: Grassy Terrain|[from] ability: Grassy Surge|[of] p1b: Monke\n|turn|5\n|inactive|edboiVGC has 30 seconds left.\n|\n|t:|1701106976\n|move|p2b: Urshifu|Detect|p2b: Urshifu\n|-singleturn|p2b: Urshifu|Protect\n|move|p1b: Monke|Fake Out|p2a: Iron Bundle\n|-damage|p2a: Iron Bundle|83\/100\n|cant|p2a: Iron Bundle|flinch\n|move|p1a: Jadedragon|Rock Slide|p2a: Iron Bundle|[spread] p2a\n|-activate|p2b: Urshifu|move: Protect\n|-supereffective|p2a: Iron Bundle\n|-damage|p2a: Iron Bundle|12\/100\n|\n|-weather|RainDance|[upkeep]\n|-heal|p2a: Iron Bundle|18\/100|[from] Grassy Terrain\n|-heal|p2b: Urshifu|64\/100|[from] Grassy Terrain\n|-heal|p1b: Monke|33\/100|[from] Grassy Terrain\n|-heal|p1a: Jadedragon|84\/100|[from] Grassy Terrain\n|upkeep\n|turn|6\n|inactive|edboiVGC has 30 seconds left.\n|inactive|edboiVGC has 20 seconds left.\n|\n|t:|1701107012\n|move|p2b: Urshifu|Aqua Jet|p1b: Monke\n|-resisted|p1b: Monke\n|-damage|p1b: Monke|7\/100\n|move|p1b: Monke|Grassy Glide|p2b: Urshifu\n|-supereffective|p2b: Urshifu\n|-damage|p2b: Urshifu|0 fnt\n|faint|p2b: Urshifu\n|move|p2a: Iron Bundle|Freeze-Dry|p1b: Monke\n|-supereffective|p1b: Monke\n|-damage|p1b: Monke|0 fnt\n|faint|p1b: Monke\n|move|p1a: Jadedragon|Tera Blast|p2a: Iron Bundle|[anim] Tera Blast Psychic\n|-damage|p2a: Iron Bundle|0 fnt\n|faint|p2a: Iron Bundle\n|-end|p2a: Iron Bundle|Quark Drive|[silent]\n|\n|win|Jadedragon61\n|raw|Jadedragon61's rating: 1440 &rarr; <strong>1455<\/strong><br \/>(+15 for winning)\n|raw|edboiVGC's rating: 1358 &rarr; <strong>1343<\/strong><br \/>(-15 for losing)\n|l|\u2606edboiVGC\n","uploadtime":1701107032,"views":5,"p1id":"jadedragon61","p2id":"edboivgc","formatid":"gen9vgc2023regulatione","rating":1343,"private":0,"password":""}