{"id":"gen9vgc2023regulatione-1992404756","p1":"gourlami_70","p2":"Abro hilo","format":"[Gen 9] VGC 2023 Regulation E","log":"|j|\u2606gourlami_70\n|j|\u2606Abro hilo\n|t:|1700183682\n|gametype|doubles\n|player|p1|gourlami_70|266|1280\n|player|p2|Abro hilo|pilot|1206\n|teamsize|p1|6\n|teamsize|p2|6\n|gen|9\n|tier|[Gen 9] VGC 2023 Regulation E\n|rated|\n|rule|Species Clause: Limit one of each Pok\u00e9mon\n|rule|Item Clause: Limit one of each item\n|clearpoke\n|poke|p1|Landorus-Therian, L50, M|\n|poke|p1|Tornadus, L50, M|\n|poke|p1|Rillaboom, L50, M|\n|poke|p1|Chien-Pao, L50|\n|poke|p1|Urshifu-*, L50, F|\n|poke|p1|Ogerpon-Hearthflame, L50, F|\n|poke|p2|Empoleon, L50, M|\n|poke|p2|Landorus-Therian, L50, M|\n|poke|p2|Sinistcha, L50|\n|poke|p2|Roaring Moon, L50|\n|poke|p2|Arcanine-Hisui, L50, M|\n|poke|p2|Ninetales-Alola, L50, M|\n|teampreview|4\n|j| Zyro18\n|l| Zyro18\n|inactive|Battle timer is ON: inactive players will automatically lose when time's up. (requested by Abro hilo)\n|\n|t:|1700183754\n|start\n|switch|p1a: Tornadus|Tornadus, L50, M|100\/100\n|switch|p1b: Rillaboom|Rillaboom, L50, M|100\/100\n|switch|p2a: Landorus|Landorus-Therian, L50, M, shiny|100\/100\n|switch|p2b: Sinistcha|Sinistcha, L50|100\/100\n|-ability|p2a: Landorus|Intimidate|boost\n|-unboost|p1a: Tornadus|atk|1\n|-unboost|p1b: Rillaboom|atk|1\n|-fieldstart|move: Grassy Terrain|[from] ability: Grassy Surge|[of] p1b: Rillaboom\n|turn|1\n|\n|t:|1700183777\n|switch|p2a: Roaring Moon|Roaring Moon, L50|100\/100\n|-enditem|p2a: Roaring Moon|Booster Energy\n|-activate|p2a: Roaring Moon|ability: Protosynthesis|[fromitem]\n|-start|p2a: Roaring Moon|protosynthesisspe\n|move|p1b: Rillaboom|Fake Out|p2a: Roaring Moon\n|-damage|p2a: Roaring Moon|89\/100\n|move|p1a: Tornadus|Taunt|p2b: Sinistcha\n|-start|p2b: Sinistcha|move: Taunt\n|move|p2b: Sinistcha|Matcha Gotcha|p1a: Tornadus|[spread] p1a,p1b\n|-resisted|p1a: Tornadus\n|-resisted|p1b: Rillaboom\n|-damage|p1a: Tornadus|82\/100\n|-damage|p1b: Rillaboom|88\/100\n|\n|-heal|p2a: Roaring Moon|96\/100|[from] Grassy Terrain\n|-heal|p1b: Rillaboom|94\/100|[from] Grassy Terrain\n|upkeep\n|turn|2\n|inactive|gourlami_70 has 30 seconds left.\n|inactive|gourlami_70 has 20 seconds left.\n|\n|t:|1700183817\n|switch|p2b: Empoleon|Empoleon, L50, M|100\/100\n|move|p1a: Tornadus|Tailwind|p1a: Tornadus\n|-sidestart|p1: gourlami_70|move: Tailwind\n|move|p2a: Roaring Moon|Tailwind|p2a: Roaring Moon\n|-sidestart|p2: Abro hilo|move: Tailwind\n|move|p1b: Rillaboom|U-turn|p2a: Roaring Moon\n|-supereffective|p2a: Roaring Moon\n|-damage|p2a: Roaring Moon|56\/100\n|\n|t:|1700183827\n|switch|p1b: Urshifu|Urshifu-Rapid-Strike, L50, F|100\/100|[from] U-turn\n|\n|-heal|p2a: Roaring Moon|62\/100|[from] Grassy Terrain\n|upkeep\n|turn|3\n|\n|t:|1700183844\n|switch|p2b: Sinistcha|Sinistcha, L50|100\/100\n|-heal|p2a: Roaring Moon|87\/100|[from] ability: Hospitality|[of] p2b: Sinistcha\n|move|p1b: Urshifu|Protect|p1b: Urshifu\n|-singleturn|p1b: Urshifu|Protect\n|move|p1a: Tornadus|Taunt|p2b: Sinistcha\n|-start|p2b: Sinistcha|move: Taunt\n|move|p2a: Roaring Moon|Acrobatics|p1b: Urshifu\n|-activate|p1b: Urshifu|move: Protect\n|\n|-heal|p2a: Roaring Moon|93\/100|[from] Grassy Terrain\n|upkeep\n|turn|4\n|\n|t:|1700183864\n|-end|p2a: Roaring Moon|Protosynthesis|[silent]\n|switch|p2a: Landorus|Landorus-Therian, L50, M, shiny|100\/100\n|-ability|p2a: Landorus|Intimidate|boost\n|-unboost|p1a: Tornadus|atk|1\n|-unboost|p1b: Urshifu|atk|1\n|move|p1a: Tornadus|Scary Face|p2a: Landorus\n|-unboost|p2a: Landorus|spe|2\n|move|p1b: Urshifu|Close Combat|p2a: Landorus\n|-resisted|p2a: Landorus\n|-crit|p2a: Landorus\n|-damage|p2a: Landorus|41\/100\n|-unboost|p1b: Urshifu|def|1\n|-unboost|p1b: Urshifu|spd|1\n|move|p2b: Sinistcha|Matcha Gotcha|p1a: Tornadus|[spread] p1a,p1b\n|-resisted|p1a: Tornadus\n|-supereffective|p1b: Urshifu\n|-damage|p1a: Tornadus|60\/100\n|-damage|p1b: Urshifu|0 fnt\n|faint|p1b: Urshifu\n|\n|upkeep\n|inactive|gourlami_70 has 30 seconds left.\n|c|\u2606gourlami_70|This shoudnt kill anywhere in the world man\n|\n|t:|1700183896\n|switch|p1b: Chien-Pao|Chien-Pao, L50|100\/100\n|-ability|p1b: Chien-Pao|Sword of Ruin\n|turn|5\n|\n|t:|1700183915\n|switch|p2a: Empoleon|Empoleon, L50, M|100\/100\n|-terastallize|p1b: Chien-Pao|Dark\n|-terastallize|p2b: Sinistcha|Water\n|move|p1b: Chien-Pao|Crunch|p2b: Sinistcha\n|-damage|p2b: Sinistcha|36\/100\n|-unboost|p2b: Sinistcha|def|1\n|-damage|p1b: Chien-Pao|84\/100|[from] item: Rocky Helmet|[of] p2b: Sinistcha\n|move|p1a: Tornadus|Bleakwind Storm|p2b: Sinistcha|[spread] \n|-miss|p1a: Tornadus|p2a: Empoleon\n|-miss|p1a: Tornadus|p2b: Sinistcha\n|move|p2b: Sinistcha|Matcha Gotcha|p1b: Chien-Pao|[spread] p1a,p1b\n|-resisted|p1a: Tornadus\n|-damage|p1a: Tornadus|41\/100\n|-heal|p2b: Sinistcha|47\/100|[from] drain|[of] p1a: Tornadus\n|-damage|p1b: Chien-Pao|32\/100\n|-heal|p2b: Sinistcha|70\/100|[from] drain|[of] p1b: Chien-Pao\n|-enditem|p1a: Tornadus|Sitrus Berry|[eat]\n|-heal|p1a: Tornadus|66\/100|[from] item: Sitrus Berry\n|\n|-heal|p1b: Chien-Pao|38\/100|[from] Grassy Terrain\n|-heal|p2b: Sinistcha|76\/100|[from] Grassy Terrain\n|-end|p2b: Sinistcha|move: Taunt\n|-sideend|p2: Abro hilo|move: Tailwind\n|-sideend|p1: gourlami_70|move: Tailwind\n|-fieldend|move: Grassy Terrain\n|upkeep\n|turn|6\n|c|\u2606gourlami_70|Way too broken\n|inactive|gourlami_70 has 30 seconds left.\n|inactive|gourlami_70 has 20 seconds left.\n|\n|t:|1700183952\n|switch|p2b: Landorus|Landorus-Therian, L50, M, shiny|41\/100\n|-ability|p2b: Landorus|Intimidate|boost\n|-unboost|p1a: Tornadus|atk|1\n|-unboost|p1b: Chien-Pao|atk|1\n|move|p1a: Tornadus|Taunt|p2a: Empoleon\n|-start|p2a: Empoleon|move: Taunt\n|move|p2a: Empoleon|Vacuum Wave|p1b: Chien-Pao\n|-supereffective|p1b: Chien-Pao\n|-damage|p1b: Chien-Pao|0 fnt\n|faint|p1b: Chien-Pao\n|\n|upkeep\n|\n|t:|1700183962\n|switch|p1b: Rillaboom|Rillaboom, L50, M|94\/100\n|-fieldstart|move: Grassy Terrain|[from] ability: Grassy Surge|[of] p1b: Rillaboom\n|turn|7\n|\n|t:|1700183971\n|switch|p2a: Sinistcha|Sinistcha, L50, tera:Water|76\/100\n|-heal|p2b: Landorus|66\/100|[from] ability: Hospitality|[of] p2a: Sinistcha\n|move|p1b: Rillaboom|Fake Out|p2a: Sinistcha\n|-damage|p2a: Sinistcha|62\/100\n|-damage|p1b: Rillaboom|77\/100|[from] item: Rocky Helmet|[of] p2a: Sinistcha\n|move|p2b: Landorus|Rock Slide|p1a: Tornadus|[spread] p1a,p1b\n|-supereffective|p1a: Tornadus\n|-damage|p1a: Tornadus|23\/100\n|-damage|p1b: Rillaboom|56\/100\n|move|p1a: Tornadus|Bleakwind Storm|p2a: Sinistcha|[spread] p2b\n|-miss|p1a: Tornadus|p2a: Sinistcha\n|-damage|p2b: Landorus|24\/100\n|\n|-heal|p1b: Rillaboom|61\/100|[from] Grassy Terrain\n|-heal|p2a: Sinistcha|68\/100|[from] Grassy Terrain\n|upkeep\n|turn|8\n|\n|t:|1700183988\n|switch|p2a: Roaring Moon|Roaring Moon, L50|93\/100\n|move|p1a: Tornadus|Tailwind|p1a: Tornadus\n|-sidestart|p1: gourlami_70|move: Tailwind\n|move|p2b: Landorus|Rock Slide|p1a: Tornadus|[spread] p1a,p1b\n|-supereffective|p1a: Tornadus\n|-damage|p1a: Tornadus|0 fnt\n|-damage|p1b: Rillaboom|41\/100\n|faint|p1a: Tornadus\n|move|p1b: Rillaboom|Wood Hammer|p2a: Roaring Moon\n|-resisted|p2a: Roaring Moon\n|-damage|p2a: Roaring Moon|40\/100\n|-damage|p1b: Rillaboom|26\/100|[from] Recoil\n|\n|-heal|p1b: Rillaboom|31\/100|[from] Grassy Terrain\n|-heal|p2a: Roaring Moon|46\/100|[from] Grassy Terrain\n|upkeep\n|turn|9\n|\n|t:|1700184018\n|switch|p2b: Sinistcha|Sinistcha, L50, tera:Water|68\/100\n|-heal|p2a: Roaring Moon|71\/100|[from] ability: Hospitality|[of] p2b: Sinistcha\n|move|p1b: Rillaboom|Wood Hammer|p2a: Roaring Moon\n|-resisted|p2a: Roaring Moon\n|-damage|p2a: Roaring Moon|21\/100\n|-damage|p1b: Rillaboom|17\/100|[from] Recoil\n|move|p2a: Roaring Moon|Acrobatics|p1b: Rillaboom\n|-supereffective|p1b: Rillaboom\n|-damage|p1b: Rillaboom|0 fnt\n|faint|p1b: Rillaboom\n|\n|win|Abro hilo\n|raw|gourlami_70's rating: 1280 &rarr; <strong>1250<\/strong><br \/>(-30 for losing)\n|raw|Abro hilo's rating: 1206 &rarr; <strong>1236<\/strong><br \/>(+30 for winning)\n|c|\u2606gourlami_70|Well played\n|c|\u2606gourlami_70|Except for sinistcha being broken\n|l|\u2606gourlami_70\n","uploadtime":1700184275,"views":8,"p1id":"gourlami70","p2id":"abrohilo","formatid":"gen9vgc2023regulatione","rating":1236,"private":0,"password":""}