{"id":"gen9vgc2023regulatione-1997793644","p1":"PurpleStyle","p2":"Camodude27","format":"[Gen 9] VGC 2023 Regulation E","log":"|j|\u2606PurpleStyle\n|j|\u2606Camodude27\n|n|\u2606PurpleStyle|purplestyle\n|n|\u2606Camodude27|camodude27\n|html|View the match progress at <a href=\"\/game-bestof3-gen9vgc2023regulatione-1997790163\">game-bestof3-gen9vgc2023regulatione-1997790163<\/a>\n|t:|1700853337\n|gametype|doubles\n|player|p1|PurpleStyle|pokefan|\n|player|p2|Camodude27|palmer|\n|teamsize|p1|6\n|teamsize|p2|6\n|gen|9\n|tier|[Gen 9] VGC 2023 Regulation E\n|rule|Species Clause: Limit one of each Pok\u00e9mon\n|rule|Item Clause: Limit one of each item\n|clearpoke\n|poke|p1|Gliscor, L50, F|\n|poke|p1|Decidueye-Hisui, L50, F|\n|poke|p1|Politoed, L50, M|\n|poke|p1|Gothitelle, L50, F|\n|poke|p1|Basculegion, L50, M|\n|poke|p1|Moltres, L50|\n|poke|p2|Illumise, L50, F|\n|poke|p2|Gyarados, L50, M|\n|poke|p2|Iron Thorns, L50|\n|poke|p2|Florges, L50, F|\n|poke|p2|Dipplin, L50, F|\n|poke|p2|Persian-Alola, L50, M|\n|teampreview|4\n|j| Prof. Mismag\nPurpleStyle rejected open team sheets.\n|c|\u2606PurpleStyle|glhf\n|c|\u2606Camodude27|u2\n|\n|t:|1700853396\n|start\n|switch|p1a: Politoed|Politoed, L50, M|100\/100\n|switch|p1b: Moltres|Moltres, L50|100\/100\n|switch|p2a: Creati|Illumise, L50, F|100\/100\n|switch|p2b: Pinky|Florges, L50, F|100\/100\n|-weather|RainDance|[from] ability: Drizzle|[of] p1a: Politoed\n|turn|1\n|\n|t:|1700853431\n|move|p2a: Creati|Fake Tears|p1a: Politoed\n|-unboost|p1a: Politoed|spd|2\n|move|p2b: Pinky|Giga Drain|p1a: Politoed\n|-supereffective|p1a: Politoed\n|-damage|p1a: Politoed|8\/100\n|-enditem|p1a: Politoed|Sitrus Berry|[eat]\n|-heal|p1a: Politoed|33\/100|[from] item: Sitrus Berry\n|move|p1b: Moltres|Hurricane|p2a: Creati\n|-supereffective|p2a: Creati\n|-enditem|p2a: Creati|Focus Sash\n|-activate|p2b: Pinky|ability: Symbiosis|Choice Scarf|[of] p2a: Creati\n|-damage|p2a: Creati|1\/100\n|-damage|p1b: Moltres|91\/100|[from] item: Life Orb\n|move|p1a: Politoed|Weather Ball|p2b: Pinky\n|-damage|p2b: Pinky|62\/100\n|\n|-weather|RainDance|[upkeep]\n|upkeep\n|turn|2\n|\n|t:|1700853452\n|move|p2a: Creati|Tailwind|p2a: Creati\n|-sidestart|p2: Camodude27|move: Tailwind\n|move|p2b: Pinky|Giga Drain|p1a: Politoed\n|-supereffective|p1a: Politoed\n|-damage|p1a: Politoed|0 fnt\n|-heal|p2b: Pinky|80\/100|[from] drain|[of] p1a: Politoed\n|faint|p1a: Politoed\n|move|p1b: Moltres|Tailwind|p1b: Moltres\n|-sidestart|p1: PurpleStyle|move: Tailwind\n|\n|-weather|RainDance|[upkeep]\n|upkeep\n|\n|t:|1700853457\n|switch|p1a: Basculegion|Basculegion, L50, M|100\/100\n|turn|3\n|\n|t:|1700853485\n|switch|p2a: Sugarman|Dipplin, L50, F|100\/100\n|-ability|p2a: Sugarman|Supersweet Syrup\n|-ability|p2a: Sugarman|Supersweet Syrup|boost\n|-unboost|p1a: Basculegion|evasion|1\n|-unboost|p1b: Moltres|evasion|1\n|-terastallize|p2b: Pinky|Water\n|move|p1a: Basculegion|Aqua Jet|p2a: Sugarman\n|-resisted|p2a: Sugarman\n|-damage|p2a: Sugarman|91\/100\n|move|p1b: Moltres|Hurricane|p2b: Pinky\n|-damage|p2b: Pinky|28\/100\n|-start|p2b: Pinky|confusion\n|-damage|p1b: Moltres|81\/100|[from] item: Life Orb\n|-activate|p2b: Pinky|confusion\n|-damage|p2b: Pinky|21\/100|[from] confusion\n|\n|-weather|RainDance|[upkeep]\n|upkeep\n|turn|4\n|\n|t:|1700853521\n|switch|p2b: Creati|Illumise, L50, F|1\/100\n|move|p1a: Basculegion|Aqua Jet|p2b: Creati\n|-damage|p2b: Creati|0 fnt\n|faint|p2b: Creati\n|move|p1b: Moltres|Hurricane|p2a: Sugarman\n|-supereffective|p2a: Sugarman\n|-damage|p2a: Sugarman|12\/100\n|-start|p2a: Sugarman|confusion\n|-damage|p1b: Moltres|72\/100|[from] item: Life Orb\n|-activate|p2a: Sugarman|confusion\n|-damage|p2a: Sugarman|5\/100|[from] confusion\n|\n|-weather|RainDance|[upkeep]\n|upkeep\n|\n|t:|1700853545\n|switch|p2b: Pinky|Florges, L50, F, tera:Water|21\/100\n|turn|5\n|c|\u2606Camodude27|welp ggs\n|\n|t:|1700853557\n|move|p1a: Basculegion|Aqua Jet|p2a: Sugarman\n|-resisted|p2a: Sugarman\n|-damage|p2a: Sugarman|0 fnt\n|faint|p2a: Sugarman\n|move|p1b: Moltres|Hurricane|p2b: Pinky\n|-damage|p2b: Pinky|0 fnt\n|faint|p2b: Pinky\n|-damage|p1b: Moltres|62\/100|[from] item: Life Orb\n|\n|-weather|none\n|-sideend|p1: PurpleStyle|move: Tailwind\n|-sideend|p2: Camodude27|move: Tailwind\n|upkeep\n|\n|t:|1700853568\n|switch|p2b: Red Riot|Iron Thorns, L50|100\/100\n|-enditem|p2b: Red Riot|Booster Energy\n|-activate|p2b: Red Riot|ability: Quark Drive|[fromitem]\n|-start|p2b: Red Riot|quarkdriveatk\n|turn|6\n|\n|t:|1700853576\n|-terastallize|p1a: Basculegion|Water\n|move|p1a: Basculegion|Aqua Jet|p2b: Red Riot\n|-supereffective|p2b: Red Riot\n|-damage|p2b: Red Riot|23\/100\n|move|p1b: Moltres|Hurricane|p2b: Red Riot|[miss]\n|-miss|p1b: Moltres|p2b: Red Riot\n|move|p2b: Red Riot|Wild Charge|p1a: Basculegion\n|-supereffective|p1a: Basculegion\n|-damage|p1a: Basculegion|0 fnt\n|faint|p1a: Basculegion\n|-damage|p2b: Red Riot|0 fnt|[from] Recoil\n|faint|p2b: Red Riot\n|-end|p2b: Red Riot|Quark Drive|[silent]\n|\n|win|PurpleStyle\n|c|\u2606PurpleStyle|ggs\n","uploadtime":1700853590,"views":49,"p1id":"purplestyle","p2id":"camodude27","formatid":"gen9vgc2023regulatione","rating":0,"private":0,"password":""}