{"id":"gen9vgc2023regulatione-1997386019","p1":"nightbutterfly","p2":"TeraDedenee","format":"[Gen 9] VGC 2023 Regulation E","log":"|j|\u2606nightbutterfly\n|j|\u2606TeraDedenee\n|t:|1700797368\n|gametype|doubles\n|player|p1|nightbutterfly|rosa|1169\n|player|p2|TeraDedenee|266|1126\n|teamsize|p1|6\n|teamsize|p2|6\n|gen|9\n|tier|[Gen 9] VGC 2023 Regulation E\n|rated|\n|rule|Species Clause: Limit one of each Pok\u00e9mon\n|rule|Item Clause: Limit one of each item\n|clearpoke\n|poke|p1|Flutter Mane, L50|\n|poke|p1|Tornadus, L50, M|\n|poke|p1|Urshifu-*, L50, F|\n|poke|p1|Iron Hands, L50|\n|poke|p1|Roaring Moon, L50|\n|poke|p1|Rillaboom, L50, F|\n|poke|p2|Arcanine-Hisui, L50, M|\n|poke|p2|Torterra, L50, F|\n|poke|p2|Milotic, L50, M|\n|poke|p2|Clefairy, L50, F|\n|poke|p2|Farigiraf, L50, M|\n|poke|p2|Urshifu-*, L50, M|\n|teampreview|4\n|inactive|Battle timer is ON: inactive players will automatically lose when time's up. (requested by nightbutterfly)\n|\n|t:|1700797415\n|start\n|switch|p1a: Roaring Moon|Roaring Moon, L50, shiny|100\/100\n|switch|p1b: Urshifu|Urshifu-Rapid-Strike, L50, F|100\/100\n|switch|p2a: Arcanine|Arcanine-Hisui, L50, M|100\/100\n|switch|p2b: Farigiraf|Farigiraf, L50, M|100\/100\n|-ability|p2a: Arcanine|Intimidate|boost\n|-unboost|p1a: Roaring Moon|atk|1\n|-unboost|p1b: Urshifu|atk|1\n|-enditem|p1a: Roaring Moon|Booster Energy\n|-activate|p1a: Roaring Moon|ability: Protosynthesis|[fromitem]\n|-start|p1a: Roaring Moon|protosynthesisspe\n|turn|1\n|inactive|TeraDedenee has 30 seconds left.\n|\n|t:|1700797443\n|switch|p2a: Clefairy|Clefairy, L50, F|100\/100\n|-terastallize|p1a: Roaring Moon|Flying\n|move|p1a: Roaring Moon|Acrobatics|p2b: Farigiraf\n|-damage|p2b: Farigiraf|75\/100\n|move|p1b: Urshifu|Surging Strikes|p2a: Clefairy\n|-crit|p2a: Clefairy\n|-damage|p2a: Clefairy|80\/100\n|-crit|p2a: Clefairy\n|-damage|p2a: Clefairy|59\/100\n|-crit|p2a: Clefairy\n|-damage|p2a: Clefairy|39\/100\n|-hitcount|p2a: Clefairy|3\n|move|p2b: Farigiraf|Trick Room|p2b: Farigiraf\n|-fieldstart|move: Trick Room|[of] p2b: Farigiraf\n|\n|upkeep\n|turn|2\n|inactive|nightbutterfly has 30 seconds left.\n|inactive|TeraDedenee has 30 seconds left.\n|inactive|TeraDedenee has 20 seconds left.\n|\n|t:|1700797479\n|move|p1b: Urshifu|Detect|p1b: Urshifu\n|-singleturn|p1b: Urshifu|Protect\n|move|p2a: Clefairy|Heal Pulse|p2b: Farigiraf\n|-heal|p2b: Farigiraf|100\/100\n|move|p2b: Farigiraf|Nasty Plot|p2b: Farigiraf\n|-boost|p2b: Farigiraf|spa|2\n|move|p1a: Roaring Moon|Knock Off|p2b: Farigiraf\n|-supereffective|p2b: Farigiraf\n|-damage|p2b: Farigiraf|59\/100\n|-enditem|p2b: Farigiraf|Safety Goggles|[from] move: Knock Off|[of] p1a: Roaring Moon\n|\n|upkeep\n|turn|3\n|\n|t:|1700797497\n|move|p1a: Roaring Moon|Protect|p1a: Roaring Moon\n|-singleturn|p1a: Roaring Moon|Protect\n|move|p2a: Clefairy|Heal Pulse|p2b: Farigiraf\n|-heal|p2b: Farigiraf|100\/100\n|move|p2b: Farigiraf|Psyshock|p1b: Urshifu\n|-supereffective|p1b: Urshifu\n|-damage|p1b: Urshifu|0 fnt\n|faint|p1b: Urshifu\n|\n|upkeep\n|\n|t:|1700797509\n|switch|p1b: Iron Hands|Iron Hands, L50, shiny|100\/100\n|turn|4\n|\n|t:|1700797527\n|move|p2a: Clefairy|Helping Hand|p2b: Farigiraf\n|-singleturn|p2b: Farigiraf|Helping Hand|[of] p2a: Clefairy\n|move|p1b: Iron Hands|Wild Charge|p2b: Farigiraf\n|-damage|p2b: Farigiraf|72\/100\n|-damage|p1b: Iron Hands|94\/100|[from] Recoil\n|move|p2b: Farigiraf|Psyshock|p1a: Roaring Moon\n|-damage|p1a: Roaring Moon|0 fnt\n|faint|p1a: Roaring Moon\n|-end|p1a: Roaring Moon|Protosynthesis|[silent]\n|\n|upkeep\n|\n|t:|1700797537\n|switch|p1a: Flutter Mane|Flutter Mane, L50, shiny|100\/100\n|turn|5\n|\n|t:|1700797547\n|move|p2a: Clefairy|Heal Pulse|p2b: Farigiraf\n|-heal|p2b: Farigiraf|100\/100\n|move|p1b: Iron Hands|Wild Charge|p2a: Clefairy\n|-damage|p2a: Clefairy|1\/100\n|-damage|p1b: Iron Hands|87\/100|[from] Recoil\n|move|p2b: Farigiraf|Psyshock|p1a: Flutter Mane\n|-damage|p1a: Flutter Mane|0 fnt\n|faint|p1a: Flutter Mane\n|-end|p1a: Flutter Mane|Protosynthesis|[silent]\n|\n|-fieldend|move: Trick Room\n|upkeep\n|turn|6\n|\n|t:|1700797561\n|switch|p2a: Arcanine|Arcanine-Hisui, L50, M|100\/100\n|-ability|p2a: Arcanine|Intimidate|boost\n|-unboost|p1b: Iron Hands|atk|1\n|move|p2b: Farigiraf|Psyshock|p1b: Iron Hands\n|-supereffective|p1b: Iron Hands\n|-damage|p1b: Iron Hands|0 fnt\n|faint|p1b: Iron Hands\n|-end|p1b: Iron Hands|Quark Drive|[silent]\n|\n|win|TeraDedenee\n|raw|nightbutterfly's rating: 1169 &rarr; <strong>1141<\/strong><br \/>(-28 for losing)\n|raw|TeraDedenee's rating: 1126 &rarr; <strong>1154<\/strong><br \/>(+28 for winning)\n|l|\u2606nightbutterfly\n","uploadtime":1700797580,"views":4,"p1id":"nightbutterfly","p2id":"teradedenee","formatid":"gen9vgc2023regulatione","rating":1141,"private":0,"password":""}