{"id":"gen9vgc2023regulatione-2000539280","p1":"Deathbydeath01","p2":"gohan92","format":"[Gen 9] VGC 2023 Regulation E","log":"|j|\u2606Deathbydeath01\n|j|\u2606gohan92\n|t:|1701203484\n|gametype|doubles\n|player|p1|Deathbydeath01|ruinmaniac|1592\n|player|p2|gohan92|169|1628\n|teamsize|p1|6\n|teamsize|p2|6\n|gen|9\n|tier|[Gen 9] VGC 2023 Regulation E\n|rated|\n|rule|Species Clause: Limit one of each Pok\u00e9mon\n|rule|Item Clause: Limit one of each item\n|clearpoke\n|poke|p1|Tatsugiri, L50, F|\n|poke|p1|Chien-Pao, L50|\n|poke|p1|Chi-Yu, L50|\n|poke|p1|Dragonite, L50, M|\n|poke|p1|Dondozo, L50, F|\n|poke|p1|Flutter Mane, L50|\n|poke|p2|Roaring Moon, L50|\n|poke|p2|Gholdengo, L50|\n|poke|p2|Urshifu-*, L50, F|\n|poke|p2|Arcanine-Hisui, L50, M|\n|poke|p2|Amoonguss, L50, F|\n|poke|p2|Iron Hands, L50|\n|teampreview|4\n|\n|t:|1701203531\n|start\n|switch|p1a: Dondozo|Dondozo, L50, F|100\/100\n|switch|p1b: Chi-Yu|Chi-Yu, L50|100\/100\n|switch|p2a: Gholdengo|Gholdengo, L50|100\/100\n|switch|p2b: Arcanine|Arcanine-Hisui, L50, M|100\/100\n|-ability|p1b: Chi-Yu|Beads of Ruin\n|-ability|p2b: Arcanine|Intimidate|boost\n|-unboost|p1a: Dondozo|atk|1\n|-unboost|p1b: Chi-Yu|atk|1\n|turn|1\n|j| adrii-44\n|l| adrii-44\n|inactive|Battle timer is ON: inactive players will automatically lose when time's up. (requested by Deathbydeath01)\n|\n|t:|1701203571\n|switch|p2a: Roaring Moon|Roaring Moon, L50|100\/100\n|-enditem|p2a: Roaring Moon|Booster Energy\n|-activate|p2a: Roaring Moon|ability: Protosynthesis|[fromitem]\n|-start|p2a: Roaring Moon|protosynthesisspe\n|-terastallize|p2b: Arcanine|Fairy\n|move|p1b: Chi-Yu|Overheat|p2a: Roaring Moon\n|-resisted|p2a: Roaring Moon\n|-damage|p2a: Roaring Moon|58\/100\n|-unboost|p1b: Chi-Yu|spa|2\n|move|p2b: Arcanine|Rock Slide|p1b: Chi-Yu|[spread] p1a,p1b\n|-supereffective|p1b: Chi-Yu\n|-damage|p1a: Dondozo|72\/100\n|-damage|p1b: Chi-Yu|0 fnt\n|faint|p1b: Chi-Yu\n|move|p1a: Dondozo|Wave Crash|p2b: Arcanine\n|-damage|p2b: Arcanine|60\/100\n|-damage|p1a: Dondozo|62\/100|[from] Recoil\n|\n|-heal|p1a: Dondozo|68\/100|[from] item: Leftovers\n|upkeep\n|j| thaton3kidd\n|l| thaton3kidd\n|\n|t:|1701203592\n|switch|p1b: Tatsugiri|Tatsugiri, L50, F|100\/100\n|-activate|p1b: Tatsugiri|ability: Commander|[of] p1a: Dondozo\n|-boost|p1a: Dondozo|atk|2\n|-boost|p1a: Dondozo|spa|2\n|-boost|p1a: Dondozo|spe|2\n|-boost|p1a: Dondozo|def|2\n|-boost|p1a: Dondozo|spd|2\n|turn|2\n|\n|t:|1701203609\n|switch|p2b: Urshifu|Urshifu-Rapid-Strike, L50, F|100\/100\n|move|p1a: Dondozo|Protect|p1a: Dondozo\n|-singleturn|p1a: Dondozo|Protect\n|move|p2a: Roaring Moon|Breaking Swipe|p1b: Tatsugiri|[spread] \n|-miss|p2a: Roaring Moon|p1b: Tatsugiri\n|-activate|p1a: Dondozo|move: Protect\n|\n|-heal|p1a: Dondozo|74\/100|[from] item: Leftovers\n|upkeep\n|turn|3\n|\n|t:|1701203632\n|-terastallize|p1a: Dondozo|Fairy\n|move|p2a: Roaring Moon|Breaking Swipe|p1b: Tatsugiri|[spread] \n|-miss|p2a: Roaring Moon|p1b: Tatsugiri\n|-immune|p1a: Dondozo\n|move|p1a: Dondozo|Tera Blast|p2b: Urshifu|[anim] Tera Blast Fairy\n|-supereffective|p2b: Urshifu\n|-damage|p2b: Urshifu|2\/100\n|move|p2b: Urshifu|Substitute|p2b: Urshifu\n|-fail|p2b: Urshifu|move: Substitute|[weak]\n|\n|-heal|p1a: Dondozo|80\/100|[from] item: Leftovers\n|upkeep\n|turn|4\n|\n|t:|1701203652\n|switch|p2b: Arcanine|Arcanine-Hisui, L50, M, tera:Fairy|60\/100\n|-ability|p2b: Arcanine|Intimidate|boost\n|-unboost|p1a: Dondozo|atk|1\n|-unboost|p1b: Tatsugiri|atk|1\n|move|p2a: Roaring Moon|Knock Off|p1a: Dondozo\n|-resisted|p1a: Dondozo\n|-damage|p1a: Dondozo|72\/100\n|-enditem|p1a: Dondozo|Leftovers|[from] move: Knock Off|[of] p2a: Roaring Moon\n|move|p1a: Dondozo|Order Up|p2b: Arcanine\n|-immune|p2b: Arcanine\n|\n|upkeep\n|turn|5\n|\n|t:|1701203665\n|switch|p2b: Gholdengo|Gholdengo, L50|100\/100\n|move|p2a: Roaring Moon|Protect|p2a: Roaring Moon\n|-singleturn|p2a: Roaring Moon|Protect\n|move|p1a: Dondozo|Tera Blast|p2a: Roaring Moon|[anim] Tera Blast Fairy\n|-activate|p2a: Roaring Moon|move: Protect\n|\n|upkeep\n|turn|6\n|\n|t:|1701203682\n|-end|p2a: Roaring Moon|Protosynthesis|[silent]\n|switch|p2a: Arcanine|Arcanine-Hisui, L50, M, tera:Fairy|60\/100\n|-ability|p2a: Arcanine|Intimidate|boost\n|-unboost|p1a: Dondozo|atk|1\n|-unboost|p1b: Tatsugiri|atk|1\n|move|p1a: Dondozo|Wave Crash|p2b: Gholdengo\n|-damage|p2b: Gholdengo|69\/100\n|-damage|p1a: Dondozo|63\/100|[from] Recoil\n|move|p2b: Gholdengo|Make It Rain|p1a: Dondozo|[spread] p1a\n|-miss|p2b: Gholdengo|p1b: Tatsugiri\n|-supereffective|p1a: Dondozo\n|-damage|p1a: Dondozo|17\/100\n|-unboost|p2b: Gholdengo|spa|1\n|\n|upkeep\n|turn|7\n|inactive|Deathbydeath01 has 30 seconds left.\n|\n|t:|1701203717\n|switch|p2a: Roaring Moon|Roaring Moon, L50|58\/100\n|move|p2b: Gholdengo|Protect|p2b: Gholdengo\n|-singleturn|p2b: Gholdengo|Protect\n|move|p1a: Dondozo|Wave Crash|p2b: Gholdengo\n|-activate|p2b: Gholdengo|move: Protect\n|\n|upkeep\n|turn|8\n|\n|t:|1701203735\n|move|p2a: Roaring Moon|Tailwind|p2a: Roaring Moon\n|-sidestart|p2: gohan92|move: Tailwind\n|move|p2b: Gholdengo|Make It Rain|p1a: Dondozo|[spread] p1a\n|-miss|p2b: Gholdengo|p1b: Tatsugiri\n|-supereffective|p1a: Dondozo\n|-damage|p1a: Dondozo|0 fnt\n|-unboost|p2b: Gholdengo|spa|1\n|faint|p1a: Dondozo\n|\n|upkeep\n|\n|t:|1701203746\n|switch|p1a: Flutter Mane|Flutter Mane, L50|100\/100\n|-enditem|p1a: Flutter Mane|Booster Energy\n|-activate|p1a: Flutter Mane|ability: Protosynthesis|[fromitem]\n|-start|p1a: Flutter Mane|protosynthesisspe\n|turn|9\n|inactive|Deathbydeath01 has 30 seconds left.\n|\n|t:|1701203774\n|move|p2a: Roaring Moon|Knock Off|p1b: Tatsugiri\n|-damage|p1b: Tatsugiri|29\/100\n|-enditem|p1b: Tatsugiri|Life Orb|[from] move: Knock Off|[of] p2a: Roaring Moon\n|move|p1a: Flutter Mane|Shadow Ball|p2b: Gholdengo\n|-supereffective|p2b: Gholdengo\n|-damage|p2b: Gholdengo|0 fnt\n|faint|p2b: Gholdengo\n|move|p1b: Tatsugiri|Muddy Water|p2a: Roaring Moon|[miss]\n|-miss|p1b: Tatsugiri|p2a: Roaring Moon\n|\n|upkeep\n|\n|t:|1701203798\n|switch|p2b: Arcanine|Arcanine-Hisui, L50, M, tera:Fairy|60\/100\n|-ability|p2b: Arcanine|Intimidate|boost\n|-unboost|p1a: Flutter Mane|atk|1\n|-unboost|p1b: Tatsugiri|atk|1\n|turn|10\n|\n|t:|1701203808\n|move|p2a: Roaring Moon|Knock Off|p1b: Tatsugiri\n|-damage|p1b: Tatsugiri|0 fnt\n|faint|p1b: Tatsugiri\n|move|p1a: Flutter Mane|Dazzling Gleam|p2b: Arcanine|[spread] p2a,p2b\n|-supereffective|p2a: Roaring Moon\n|-damage|p2a: Roaring Moon|0 fnt\n|-damage|p2b: Arcanine|20\/100\n|faint|p2a: Roaring Moon\n|-end|p2a: Roaring Moon|Protosynthesis|[silent]\n|move|p2b: Arcanine|Flare Blitz|p1a: Flutter Mane\n|-crit|p1a: Flutter Mane\n|-damage|p1a: Flutter Mane|0 fnt\n|faint|p1a: Flutter Mane\n|-end|p1a: Flutter Mane|Protosynthesis|[silent]\n|-damage|p2b: Arcanine|0 fnt|[from] Recoil\n|faint|p2b: Arcanine\n|\n|win|gohan92\n|raw|Deathbydeath01's rating: 1592 &rarr; <strong>1574<\/strong><br \/>(-18 for losing)\n|raw|gohan92's rating: 1628 &rarr; <strong>1646<\/strong><br \/>(+18 for winning)\n","uploadtime":1701203823,"views":10,"p1id":"deathbydeath01","p2id":"gohan92","formatid":"gen9vgc2023regulatione","rating":1574,"private":0,"password":""}