{"id":"gen9vgc2023regulatione-1993690059","p1":"realrightchris","p2":"kiddy123","format":"[Gen 9] VGC 2023 Regulation E","log":"|j|\u2606realrightchris\n|j|\u2606kiddy123\n|t:|1700345920\n|gametype|doubles\n|player|p1|realrightchris|norman|1192\n|player|p2|kiddy123|unknown|1216\n|teamsize|p1|6\n|teamsize|p2|6\n|gen|9\n|tier|[Gen 9] VGC 2023 Regulation E\n|rated|\n|rule|Species Clause: Limit one of each Pok\u00e9mon\n|rule|Item Clause: Limit one of each item\n|clearpoke\n|poke|p1|Landorus-Therian, L50, M|\n|poke|p1|Thundurus, L50, M|\n|poke|p1|Cresselia, L50, F|\n|poke|p1|Heatran, L50, F|\n|poke|p1|Flutter Mane, L50|\n|poke|p1|Ogerpon-Wellspring, L50, F|\n|poke|p2|Brambleghast, L50, F|\n|poke|p2|Gholdengo, L50|\n|poke|p2|Landorus-Therian, L50, M|\n|poke|p2|Tornadus, L50, M|\n|poke|p2|Urshifu-*, L50, M|\n|poke|p2|Farigiraf, L50, M|\n|teampreview|4\n|inactive|Battle timer is ON: inactive players will automatically lose when time's up. (requested by kiddy123)\n|inactive|realrightchris has 60 seconds left.\n|\n|t:|1700345955\n|start\n|switch|p1a: Thundurus|Thundurus, L50, M, shiny|100\/100\n|switch|p1b: Landorus|Landorus-Therian, L50, M, shiny|100\/100\n|switch|p2a: Tornadus|Tornadus, L50, M|100\/100\n|switch|p2b: Brambleghast|Brambleghast, L50, F|100\/100\n|-ability|p1b: Landorus|Intimidate|boost\n|-unboost|p2a: Tornadus|atk|1\n|-unboost|p2b: Brambleghast|atk|1\n|turn|1\n|\n|t:|1700345980\n|-terastallize|p2b: Brambleghast|Ghost\n|move|p2a: Tornadus|Tailwind|p2a: Tornadus\n|-sidestart|p2: kiddy123|move: Tailwind\n|-ability|p2b: Brambleghast|Wind Rider|boost\n|-boost|p2b: Brambleghast|atk|1\n|move|p2b: Brambleghast|Poltergeist|p1a: Thundurus\n|-activate|p1a: Thundurus|move: Poltergeist|Rocky Helmet\n|-damage|p1a: Thundurus|0 fnt\n|faint|p1a: Thundurus\n|-damage|p2b: Brambleghast|90\/100|[from] item: Life Orb\n|move|p1b: Landorus|U-turn|p2b: Brambleghast\n|-resisted|p2b: Brambleghast\n|-damage|p2b: Brambleghast|67\/100\n|\n|t:|1700345996\n|switch|p1b: Heatran|Heatran, L50, F|100\/100|[from] U-turn\n|\n|upkeep\n|\n|t:|1700346000\n|switch|p1a: Landorus|Landorus-Therian, L50, M, shiny|100\/100\n|-ability|p1a: Landorus|Intimidate|boost\n|-unboost|p2a: Tornadus|atk|1\n|-unboost|p2b: Brambleghast|atk|1\n|turn|2\n|\n|t:|1700346023\n|move|p2a: Tornadus|Rain Dance|p2a: Tornadus\n|-weather|RainDance\n|move|p2b: Brambleghast|Poltergeist|p1b: Heatran|[miss]\n|-miss|p2b: Brambleghast|p1b: Heatran\n|move|p1a: Landorus|Rock Slide|p2a: Tornadus|[spread] p2a,p2b\n|-supereffective|p2a: Tornadus\n|-damage|p2a: Tornadus|36\/100\n|-damage|p2b: Brambleghast|30\/100\n|move|p1b: Heatran|Heat Wave|p2b: Brambleghast|[spread] p2a\n|-ability|p2b: Brambleghast|Wind Rider|boost\n|-boost|p2b: Brambleghast|atk|1\n|-damage|p2a: Tornadus|2\/100\n|-damage|p1b: Heatran|91\/100|[from] item: Life Orb\n|\n|-weather|RainDance|[upkeep]\n|upkeep\n|turn|3\n|inactive|realrightchris has 30 seconds left.\n|inactive|realrightchris has 20 seconds left.\n|\n|t:|1700346059\n|switch|p2a: Tornadu|Landorus-Therian, L50, M|100\/100\n|-ability|p2a: Tornadu|Intimidate|boost\n|-unboost|p1a: Landorus|atk|1\n|-unboost|p1b: Heatran|atk|1\n|move|p1b: Heatran|Protect|p1b: Heatran\n|-singleturn|p1b: Heatran|Protect\n|move|p2b: Brambleghast|Poltergeist|p1b: Heatran\n|-activate|p1b: Heatran|move: Protect\n|move|p1a: Landorus|Rock Slide|p2a: Tornadu|[spread] p2a,p2b\n|-damage|p2a: Tornadu|83\/100\n|-damage|p2b: Brambleghast|6\/100\n|\n|-weather|RainDance|[upkeep]\n|upkeep\n|turn|4\n|\n|t:|1700346081\n|switch|p1b: Ogerpon|Ogerpon-Wellspring, L50, F|100\/100\n|move|p2a: Tornadu|Rock Slide|p1b: Ogerpon|[spread] p1a,p1b\n|-damage|p1a: Landorus|61\/100\n|-damage|p1b: Ogerpon|71\/100\n|move|p2b: Brambleghast|Poltergeist|p1b: Ogerpon\n|-activate|p1b: Ogerpon|move: Poltergeist|Wellspring Mask\n|-damage|p1b: Ogerpon|0 fnt\n|faint|p1b: Ogerpon\n|-damage|p2b: Brambleghast|0 fnt|[from] item: Life Orb\n|faint|p2b: Brambleghast\n|move|p1a: Landorus|U-turn|p2a: Tornadu\n|-resisted|p2a: Tornadu\n|-crit|p2a: Tornadu\n|-damage|p2a: Tornadu|58\/100\n|\n|t:|1700346097\n|switch|p1a: Heatran|Heatran, L50, F|91\/100|[from] U-turn\n|\n|-weather|RainDance|[upkeep]\n|-sideend|p2: kiddy123|move: Tailwind\n|upkeep\n|\n|t:|1700346104\n|switch|p2b: Tornadus|Tornadus, L50, M|2\/100\n|switch|p1b: Landorus|Landorus-Therian, L50, M, shiny|61\/100\n|-ability|p1b: Landorus|Intimidate|boost\n|-unboost|p2a: Tornadu|atk|1\n|-unboost|p2b: Tornadus|atk|1\n|turn|5\n|inactive|realrightchris has 30 seconds left.\n|inactive|realrightchris has 20 seconds left.\n|\n|t:|1700346139\n|switch|p2a: Gholdengo|Gholdengo, L50|100\/100\n|-terastallize|p1b: Landorus|Flying\n|move|p2b: Tornadus|Tailwind|p2b: Tornadus\n|-sidestart|p2: kiddy123|move: Tailwind\n|move|p1b: Landorus|Tera Blast|p2a: Gholdengo|[anim] Tera Blast Flying\n|-resisted|p2a: Gholdengo\n|-damage|p2a: Gholdengo|65\/100\n|move|p1a: Heatran|Heat Wave|p2b: Tornadus|[spread] p2a,p2b\n|-supereffective|p2a: Gholdengo\n|-damage|p2a: Gholdengo|6\/100\n|-damage|p2b: Tornadus|0 fnt\n|faint|p2b: Tornadus\n|-damage|p1a: Heatran|81\/100|[from] item: Life Orb\n|\n|-weather|RainDance|[upkeep]\n|upkeep\n|\n|t:|1700346153\n|switch|p2b: Tornadu|Landorus-Therian, L50, M|58\/100\n|-ability|p2b: Tornadu|Intimidate|boost\n|-unboost|p1a: Heatran|atk|1\n|-unboost|p1b: Landorus|atk|1\n|turn|6\n|inactive|realrightchris has 30 seconds left.\n|\n|t:|1700346183\n|move|p1a: Heatran|Protect|p1a: Heatran\n|-singleturn|p1a: Heatran|Protect\n|move|p2b: Tornadu|Stomping Tantrum|p1a: Heatran\n|-activate|p1a: Heatran|move: Protect\n|move|p2a: Gholdengo|Shadow Ball|p1b: Landorus\n|-damage|p1b: Landorus|10\/100\n|move|p1b: Landorus|Tera Blast|p2a: Gholdengo|[anim] Tera Blast Flying\n|-resisted|p2a: Gholdengo\n|-damage|p2a: Gholdengo|0 fnt\n|faint|p2a: Gholdengo\n|\n|-weather|none\n|upkeep\n|turn|7\n|-message|kiddy123 forfeited.\n|\n|win|realrightchris\n|raw|realrightchris's rating: 1192 &rarr; <strong>1219<\/strong><br \/>(+27 for winning)\n|raw|kiddy123's rating: 1216 &rarr; <strong>1189<\/strong><br \/>(-27 for losing)\n|l|\u2606kiddy123\n","uploadtime":1700346252,"views":7,"p1id":"realrightchris","p2id":"kiddy123","formatid":"gen9vgc2023regulatione","rating":1189,"private":0,"password":""}