{"id":"gen9vgc2023regulatione-1990068325","p1":"Zigbear","p2":"Saulinho_P1","format":"[Gen 9] VGC 2023 Regulation E","log":"|j|\u2606Zigbear\n|j|\u2606Saulinho_P1\n|t:|1699921121\n|gametype|doubles\n|player|p1|Zigbear|2|1409\n|player|p2|Saulinho_P1|will|1438\n|teamsize|p1|6\n|teamsize|p2|6\n|gen|9\n|tier|[Gen 9] VGC 2023 Regulation E\n|rated|\n|rule|Species Clause: Limit one of each Pok\u00e9mon\n|rule|Item Clause: Limit one of each item\n|clearpoke\n|poke|p1|Spectrier, L50|\n|poke|p1|Amoonguss, L50, M|\n|poke|p1|Heatran, L50, M|\n|poke|p1|Meowscarada, L50, M|\n|poke|p1|Kleavor, L50, M|\n|poke|p1|Gyarados, L50, M|\n|poke|p2|Roaring Moon, L50|\n|poke|p2|Arcanine-Hisui, L50, M|\n|poke|p2|Gholdengo, L50|\n|poke|p2|Iron Hands, L50|\n|poke|p2|Landorus, L50, M|\n|poke|p2|Ogerpon-Wellspring, L50, F|\n|teampreview|4\nSaulinho_P1 has agreed to open team sheets.\n|inactive|Battle timer is ON: inactive players will automatically lose when time's up. (requested by Saulinho_P1)\n|inactive|Zigbear has 60 seconds left.\n|inactive|Saulinho_P1 has 60 seconds left.\n|\n|t:|1699921190\n|start\n|switch|p1a: Amoonguss|Amoonguss, L50, M|100\/100\n|switch|p1b: Meowscarada|Meowscarada, L50, M|100\/100\n|switch|p2a: Roaring Moon|Roaring Moon, L50|100\/100\n|switch|p2b: Gholdengo|Gholdengo, L50|100\/100\n|-enditem|p2a: Roaring Moon|Booster Energy\n|-activate|p2a: Roaring Moon|ability: Protosynthesis|[fromitem]\n|-start|p2a: Roaring Moon|protosynthesisspe\n|turn|1\n|inactive|Zigbear has 30 seconds left.\n|\n|t:|1699921216\n|move|p2a: Roaring Moon|Breaking Swipe|p1a: Amoonguss|[spread] p1a,p1b\n|-damage|p1a: Amoonguss|80\/100\n|-damage|p1b: Meowscarada|68\/100\n|-unboost|p1a: Amoonguss|atk|1\n|-unboost|p1b: Meowscarada|atk|1\n|move|p1b: Meowscarada|Knock Off|p2b: Gholdengo\n|-start|p1b: Meowscarada|typechange|Dark|[from] ability: Protean\n|-supereffective|p2b: Gholdengo\n|-damage|p2b: Gholdengo|37\/100\n|-enditem|p2b: Gholdengo|Leftovers|[from] move: Knock Off|[of] p1b: Meowscarada\n|move|p2b: Gholdengo|Make It Rain|p1a: Amoonguss|[spread] p1a,p1b\n|-damage|p1a: Amoonguss|39\/100\n|-damage|p1b: Meowscarada|4\/100\n|-unboost|p2b: Gholdengo|spa|1\n|-enditem|p1a: Amoonguss|Sitrus Berry|[eat]\n|-heal|p1a: Amoonguss|64\/100|[from] item: Sitrus Berry\n|move|p1a: Amoonguss|Spore|p2a: Roaring Moon\n|-status|p2a: Roaring Moon|slp|[from] move: Spore\n|\n|upkeep\n|turn|2\n|inactive|Zigbear has 30 seconds left.\n|inactive|Saulinho_P1 has 30 seconds left.\n|inactive|Zigbear has 20 seconds left.\n|inactive|Saulinho_P1 has 20 seconds left.\n|inactive|Saulinho_P1 has 15 seconds left.\n|\n|t:|1699921257\n|switch|p1b: Spectrier|Spectrier, L50|100\/100\n|move|p2b: Gholdengo|Protect|p2b: Gholdengo\n|-singleturn|p2b: Gholdengo|Protect\n|cant|p2a: Roaring Moon|slp\n|move|p1a: Amoonguss|Pollen Puff|p1b: Spectrier\n|-immune|p1b: Spectrier\n|\n|upkeep\n|turn|3\n|\n|t:|1699921277\n|switch|p2b: Ogerpon|Ogerpon-Wellspring, L50, F|100\/100\n|switch|p1a: Gyarados|Gyarados, L50, M|100\/100\n|-ability|p1a: Gyarados|Intimidate|boost\n|-unboost|p2a: Roaring Moon|atk|1\n|-unboost|p2b: Ogerpon|atk|1\n|-curestatus|p2a: Roaring Moon|slp|[msg]\n|move|p2a: Roaring Moon|Knock Off|p1b: Spectrier\n|-supereffective|p1b: Spectrier\n|-damage|p1b: Spectrier|5\/100\n|-enditem|p1b: Spectrier|Spooky Plate|[from] move: Knock Off|[of] p2a: Roaring Moon\n|move|p1b: Spectrier|Shadow Ball|p2b: Ogerpon\n|-damage|p2b: Ogerpon|57\/100\n|\n|upkeep\n|turn|4\n|inactive|Zigbear has 30 seconds left.\n|inactive|Saulinho_P1 has 30 seconds left.\n|\n|t:|1699921306\n|move|p1b: Spectrier|Protect|p1b: Spectrier\n|-singleturn|p1b: Spectrier|Protect\n|move|p2a: Roaring Moon|Breaking Swipe|p1b: Spectrier|[spread] p1a\n|-activate|p1b: Spectrier|move: Protect\n|-damage|p1a: Gyarados|84\/100\n|-unboost|p1a: Gyarados|atk|1\n|-damage|p2a: Roaring Moon|84\/100|[from] item: Rocky Helmet|[of] p1a: Gyarados\n|move|p2b: Ogerpon|Horn Leech|p1a: Gyarados\n|-damage|p1a: Gyarados|54\/100\n|-heal|p2b: Ogerpon|73\/100|[from] drain|[of] p1a: Gyarados\n|-damage|p2b: Ogerpon|56\/100|[from] item: Rocky Helmet|[of] p1a: Gyarados\n|move|p1a: Gyarados|Thunder Wave|p2a: Roaring Moon\n|-status|p2a: Roaring Moon|par\n|\n|upkeep\n|turn|5\n|\n|t:|1699921328\n|switch|p1b: Amoonguss|Amoonguss, L50, M|97\/100\n|move|p2b: Ogerpon|Horn Leech|p1b: Amoonguss\n|-resisted|p1b: Amoonguss\n|-damage|p1b: Amoonguss|91\/100\n|-heal|p2b: Ogerpon|60\/100|[from] drain|[of] p1b: Amoonguss\n|move|p2a: Roaring Moon|Tailwind|p2a: Roaring Moon\n|-sidestart|p2: Saulinho_P1|move: Tailwind\n|move|p1a: Gyarados|Thunder Wave|p2b: Ogerpon\n|-status|p2b: Ogerpon|par\n|\n|upkeep\n|turn|6\n|inactive|Saulinho_P1 has 30 seconds left.\n|\n|t:|1699921354\n|move|p2a: Roaring Moon|Knock Off|p1a: Gyarados\n|-damage|p1a: Gyarados|20\/100\n|-damage|p2a: Roaring Moon|67\/100 par|[from] item: Rocky Helmet|[of] p1a: Gyarados\n|-enditem|p1a: Gyarados|Rocky Helmet|[from] move: Knock Off|[of] p2a: Roaring Moon\n|move|p2b: Ogerpon|Horn Leech|p1a: Gyarados\n|-damage|p1a: Gyarados|0 fnt\n|-heal|p2b: Ogerpon|71\/100 par|[from] drain|[of] p1a: Gyarados\n|faint|p1a: Gyarados\n|move|p1b: Amoonguss|Pollen Puff|p1: Gyarados|[notarget]\n|-fail|p1b: Amoonguss\n|\n|upkeep\n|\n|t:|1699921371\n|switch|p1a: Meowscarada|Meowscarada, L50, M|4\/100\n|turn|7\n|\n|t:|1699921394\n|move|p2a: Roaring Moon|Breaking Swipe|p1b: Amoonguss|[spread] p1a,p1b\n|-damage|p1a: Meowscarada|0 fnt\n|-damage|p1b: Amoonguss|79\/100\n|-unboost|p1b: Amoonguss|atk|1\n|faint|p1a: Meowscarada\n|move|p2b: Ogerpon|Ivy Cudgel|p1b: Amoonguss\n|-resisted|p1b: Amoonguss\n|-crit|p1b: Amoonguss\n|-damage|p1b: Amoonguss|43\/100\n|move|p1b: Amoonguss|Pollen Puff|p1: Meowscarada|[notarget]\n|-fail|p1b: Amoonguss\n|\n|upkeep\n|c|\u2606Zigbear|good thing para is a real thing\n|-message|Zigbear forfeited.\n|\n|win|Saulinho_P1\n|raw|Zigbear's rating: 1409 &rarr; <strong>1391<\/strong><br \/>(-18 for losing)\n|raw|Saulinho_P1's rating: 1438 &rarr; <strong>1456<\/strong><br \/>(+18 for winning)\n|l|\u2606Zigbear\n|c|\u2606Saulinho_P1|jeje gg\n","uploadtime":1699921422,"views":28,"p1id":"zigbear","p2id":"saulinhop1","formatid":"gen9vgc2023regulatione","rating":1391,"private":0,"password":""}