{"id":"gen9vgc2023regulatione-1997939639","p1":"horizonbattle","p2":"MR.Netkaisen","format":"[Gen 9] VGC 2023 Regulation E","log":"|j|\u2606horizonbattle\n|j|\u2606MR.Netkaisen\n|t:|1700869870\n|gametype|doubles\n|player|p1|horizonbattle|dawn-gen4pt|1540\n|player|p2|MR.Netkaisen|265|1542\n|teamsize|p1|6\n|teamsize|p2|6\n|gen|9\n|tier|[Gen 9] VGC 2023 Regulation E\n|rated|\n|rule|Species Clause: Limit one of each Pok\u00e9mon\n|rule|Item Clause: Limit one of each item\n|clearpoke\n|poke|p1|Heatran, L50, M|\n|poke|p1|Flutter Mane, L50|\n|poke|p1|Roaring Moon, L50|\n|poke|p1|Iron Hands, L50|\n|poke|p1|Amoonguss, L50, F|\n|poke|p1|Urshifu-*, L50, F|\n|poke|p2|Florges, L50, F|\n|poke|p2|Ogerpon-Wellspring, L50, F|\n|poke|p2|Tornadus, L50, M|\n|poke|p2|Landorus-Therian, L50, M|\n|poke|p2|Iron Hands, L50|\n|poke|p2|Iron Moth, L50|\n|teampreview|4\n|inactive|Battle timer is ON: inactive players will automatically lose when time's up. (requested by horizonbattle)\n|\n|t:|1700869893\n|start\n|switch|p1a: Iron Hands|Iron Hands, L50|100\/100\n|switch|p1b: Roaring Moon|Roaring Moon, L50|100\/100\n|switch|p2a: Rose Diamond|Ogerpon-Wellspring, L50, F|100\/100\n|switch|p2b: Floretta|Florges, L50, F, shiny|100\/100\n|-enditem|p1b: Roaring Moon|Booster Energy\n|-activate|p1b: Roaring Moon|ability: Protosynthesis|[fromitem]\n|-start|p1b: Roaring Moon|protosynthesisspe\n|turn|1\n|\n|t:|1700869922\n|switch|p2a: Landorus|Landorus-Therian, L50, M|100\/100\n|-ability|p2a: Landorus|Intimidate|boost\n|-unboost|p1a: Iron Hands|atk|1\n|-unboost|p1b: Roaring Moon|atk|1\n|move|p1a: Iron Hands|Fake Out|p2b: Floretta\n|-damage|p2b: Floretta|90\/100\n|move|p1b: Roaring Moon|Acrobatics|p2a: Landorus\n|-damage|p2a: Landorus|71\/100\n|cant|p2b: Floretta|flinch\n|\n|-heal|p2b: Floretta|96\/100|[from] item: Leftovers\n|upkeep\n|turn|2\n|inactive|horizonbattle has 30 seconds left.\n|\n|t:|1700869956\n|-terastallize|p1a: Iron Hands|Grass\n|move|p2b: Floretta|Helping Hand|p2a: Landorus\n|-singleturn|p2a: Landorus|Helping Hand|[of] p2b: Floretta\n|move|p1b: Roaring Moon|Protect|p1b: Roaring Moon\n|-singleturn|p1b: Roaring Moon|Protect\n|move|p2a: Landorus|Stomping Tantrum|p1a: Iron Hands\n|-resisted|p1a: Iron Hands\n|-damage|p1a: Iron Hands|78\/100\n|move|p1a: Iron Hands|Heavy Slam|p2b: Floretta\n|-supereffective|p2b: Floretta\n|-damage|p2b: Floretta|39\/100\n|\n|-heal|p2b: Floretta|45\/100|[from] item: Leftovers\n|upkeep\n|turn|3\n|inactive|horizonbattle has 30 seconds left.\n|inactive|MR.Netkaisen has 30 seconds left.\n|\n|t:|1700869985\n|switch|p2a: Model W|Iron Moth, L50, shiny|100\/100\n|move|p1b: Roaring Moon|Knock Off|p2b: Floretta\n|-resisted|p2b: Floretta\n|-damage|p2b: Floretta|29\/100\n|-enditem|p2b: Floretta|Leftovers|[from] move: Knock Off|[of] p1b: Roaring Moon\n|move|p2b: Floretta|Moonblast|p1b: Roaring Moon\n|-supereffective|p1b: Roaring Moon\n|-damage|p1b: Roaring Moon|0 fnt\n|faint|p1b: Roaring Moon\n|-end|p1b: Roaring Moon|Protosynthesis|[silent]\n|move|p1a: Iron Hands|Heavy Slam|p2a: Model W\n|-resisted|p2a: Model W\n|-damage|p2a: Model W|83\/100\n|\n|upkeep\n|\n|t:|1700869998\n|switch|p1b: Urshifu|Urshifu-Rapid-Strike, L50, F|100\/100\n|turn|4\n|\n|t:|1700870017\n|switch|p2b: Rose Diamond|Ogerpon-Wellspring, L50, F|100\/100\n|-terastallize|p2a: Model W|Water\n|move|p1b: Urshifu|Surging Strikes|p2b: Rose Diamond\n|-immune|p2b: Rose Diamond|[from] ability: Water Absorb\n|move|p2a: Model W|Heat Wave|p1a: Iron Hands|[spread] p1a,p1b\n|-supereffective|p1a: Iron Hands\n|-resisted|p1b: Urshifu\n|-damage|p1a: Iron Hands|24\/100\n|-damage|p1b: Urshifu|68\/100\n|-damage|p2a: Model W|74\/100|[from] item: Life Orb\n|move|p1a: Iron Hands|Wild Charge|p2a: Model W\n|-supereffective|p2a: Model W\n|-damage|p2a: Model W|0 fnt\n|faint|p2a: Model W\n|-end|p2a: Model W|Quark Drive|[silent]\n|-damage|p1a: Iron Hands|10\/100|[from] Recoil\n|\n|upkeep\n|\n|t:|1700870035\n|switch|p2a: Landorus|Landorus-Therian, L50, M|71\/100\n|-ability|p2a: Landorus|Intimidate|boost\n|-unboost|p1a: Iron Hands|atk|1\n|-unboost|p1b: Urshifu|atk|1\n|turn|5\n|\n|t:|1700870048\n|move|p2b: Rose Diamond|Follow Me|p2b: Rose Diamond\n|-singleturn|p2b: Rose Diamond|move: Follow Me\n|move|p1b: Urshifu|Surging Strikes|p2b: Rose Diamond\n|-immune|p2b: Rose Diamond|[from] ability: Water Absorb\n|move|p2a: Landorus|U-turn|p1a: Iron Hands\n|-supereffective|p1a: Iron Hands\n|-damage|p1a: Iron Hands|0 fnt\n|faint|p1a: Iron Hands\n|-end|p1a: Iron Hands|Quark Drive|[silent]\n|\n|t:|1700870056\n|switch|p2a: Floretta|Florges, L50, F, shiny|29\/100|[from] U-turn\n|\n|upkeep\n|\n|t:|1700870058\n|switch|p1a: Flutter Mane|Flutter Mane, L50|100\/100\n|turn|6\n|inactive|horizonbattle has 30 seconds left.\n|inactive|MR.Netkaisen has 30 seconds left.\n|\n|t:|1700870091\n|move|p1b: Urshifu|Surging Strikes|p2a: Floretta\n|-crit|p2a: Floretta\n|-damage|p2a: Floretta|10\/100\n|-crit|p2a: Floretta\n|-damage|p2a: Floretta|0 fnt\n|faint|p2a: Floretta\n|-hitcount|p2: Floretta|2\n|move|p1a: Flutter Mane|Moonblast|p2b: Rose Diamond\n|-damage|p2b: Rose Diamond|32\/100\n|move|p2b: Rose Diamond|Horn Leech|p1b: Urshifu\n|-supereffective|p1b: Urshifu\n|-damage|p1b: Urshifu|0 fnt\n|-heal|p2b: Rose Diamond|66\/100|[from] drain|[of] p1b: Urshifu\n|faint|p1b: Urshifu\n|\n|upkeep\n|\n|t:|1700870105\n|switch|p2a: Landorus|Landorus-Therian, L50, M|71\/100\n|-ability|p2a: Landorus|Intimidate|boost\n|-unboost|p1a: Flutter Mane|atk|1\n|turn|7\n|\n|t:|1700870113\n|move|p2a: Landorus|Stomping Tantrum|p1a: Flutter Mane\n|-damage|p1a: Flutter Mane|33\/100\n|move|p1a: Flutter Mane|Moonblast|p2a: Landorus\n|-damage|p2a: Landorus|0 fnt\n|faint|p2a: Landorus\n|move|p2b: Rose Diamond|Ivy Cudgel|p1a: Flutter Mane|[anim] Ivy Cudgel Water\n|-damage|p1a: Flutter Mane|0 fnt\n|faint|p1a: Flutter Mane\n|-end|p1a: Flutter Mane|Protosynthesis|[silent]\n|\n|win|MR.Netkaisen\n|raw|horizonbattle's rating: 1540 &rarr; <strong>1520<\/strong><br \/>(-20 for losing)\n|raw|MR.Netkaisen's rating: 1542 &rarr; <strong>1562<\/strong><br \/>(+20 for winning)\n|l|\u2606horizonbattle\n","uploadtime":1700870124,"views":9,"p1id":"horizonbattle","p2id":"mrnetkaisen","formatid":"gen9vgc2023regulatione","rating":1520,"private":0,"password":""}