{"id":"gen9vgc2023regulatione-1991483346","p1":"qls19","p2":"QLS2468","format":"[Gen 9] VGC 2023 Regulation E","log":"|j|\u2606qls19\n|j|\u2606QLS2468\n|n|\u2606qls19|qls19\n|n|\u2606QLS2468|qls2468\n|html|View the match progress at <a href=\"\/game-bestof3-gen9vgc2023regulatione-1991483345\">game-bestof3-gen9vgc2023regulatione-1991483345<\/a>\n|t:|1700081083\n|gametype|doubles\n|player|p1|qls19|102|\n|player|p2|QLS2468|266|\n|teamsize|p1|6\n|teamsize|p2|6\n|gen|9\n|tier|[Gen 9] VGC 2023 Regulation E\n|rule|Species Clause: Limit one of each Pok\u00e9mon\n|rule|Item Clause: Limit one of each item\n|clearpoke\n|poke|p1|Umbreon, L50, F|\n|poke|p1|Arcanine, L50, M|\n|poke|p1|Milotic, L50, M|\n|poke|p1|Ogerpon, L50, F|\n|poke|p1|Mienshao, L50, F|\n|poke|p1|Azelf, L50|\n|poke|p2|Umbreon, L50, M|\n|poke|p2|Arcanine, L50, M|\n|poke|p2|Milotic, L50, F|\n|poke|p2|Ogerpon, L50, F|\n|poke|p2|Mienshao, L50, M|\n|poke|p2|Azelf, L50|\n|teampreview|4\n|inactive|Battle timer is ON: inactive players will automatically lose when time's up. (requested by QLS2468)\n|\n|t:|1700081113\n|start\n|switch|p1a: Mienshao|Mienshao, L50, F|100\/100\n|switch|p1b: Arcanine|Arcanine, L50, M|100\/100\n|switch|p2a: Ogerpon|Ogerpon, L50, F|100\/100\n|switch|p2b: Mienshao|Mienshao, L50, M|100\/100\n|-ability|p1b: Arcanine|Intimidate|boost\n|-unboost|p2a: Ogerpon|atk|1\n|-ability|p2a: Ogerpon|Defiant|boost\n|-boost|p2a: Ogerpon|atk|2\n|-unboost|p2b: Mienshao|atk|1\n|turn|1\n|inactive|qls19 has 30 seconds left.\n|\n|t:|1700081141\n|move|p2b: Mienshao|Fake Out|p1b: Arcanine\n|-damage|p1b: Arcanine|91\/100\n|move|p2a: Ogerpon|Stomping Tantrum|p1b: Arcanine\n|-supereffective|p1b: Arcanine\n|-damage|p1b: Arcanine|22\/100\n|-enditem|p1b: Arcanine|Sitrus Berry|[eat]\n|-heal|p1b: Arcanine|47\/100|[from] item: Sitrus Berry\n|move|p1a: Mienshao|Drain Punch|p2b: Mienshao\n|-damage|p2b: Mienshao|42\/100\n|cant|p1b: Arcanine|flinch\n|\n|upkeep\n|turn|2\n|\n|t:|1700081159\n|move|p1b: Arcanine|Protect|p1b: Arcanine\n|-singleturn|p1b: Arcanine|Protect\n|move|p2a: Ogerpon|Stomping Tantrum|p1b: Arcanine\n|-activate|p1b: Arcanine|move: Protect\n|move|p1a: Mienshao|Drain Punch|p2b: Mienshao\n|-damage|p2b: Mienshao|0 fnt\n|faint|p2b: Mienshao\n|\n|upkeep\n|\n|t:|1700081168\n|switch|p2b: Azelf|Azelf, L50|100\/100\n|turn|3\n|\n|t:|1700081187\n|switch|p1a: Ogerpon|Ogerpon, L50, F|100\/100\n|move|p2b: Azelf|Psychic|p1a: Ogerpon\n|-damage|p1a: Ogerpon|44\/100\n|move|p2a: Ogerpon|Stomping Tantrum|p1b: Arcanine\n|-supereffective|p1b: Arcanine\n|-damage|p1b: Arcanine|0 fnt\n|faint|p1b: Arcanine\n|\n|upkeep\n|\n|t:|1700081196\n|switch|p1b: Milotic|Milotic, L50, M|100\/100\n|turn|4\n|inactive|qls19 has 30 seconds left.\n|\n|t:|1700081222\n|move|p1b: Milotic|Protect|p1b: Milotic\n|-singleturn|p1b: Milotic|Protect\n|move|p2b: Azelf|Psychic|p1a: Ogerpon\n|-damage|p1a: Ogerpon|0 fnt\n|faint|p1a: Ogerpon\n|move|p2a: Ogerpon|Horn Leech|p1b: Milotic\n|-activate|p1b: Milotic|move: Protect\n|\n|upkeep\n|\n|t:|1700081230\n|switch|p1a: Mienshao|Mienshao, L50, F|100\/100\n|turn|5\n|\n|t:|1700081246\n|move|p1b: Milotic|Helping Hand|p1a: Mienshao\n|-singleturn|p1a: Mienshao|Helping Hand|[of] p1b: Milotic\n|move|p2b: Azelf|Psychic|p1a: Mienshao\n|-supereffective|p1a: Mienshao\n|-damage|p1a: Mienshao|0 fnt\n|faint|p1a: Mienshao\n|move|p2a: Ogerpon|Horn Leech|p1b: Milotic\n|-supereffective|p1b: Milotic\n|-damage|p1b: Milotic|0 fnt\n|faint|p1b: Milotic\n|\n|win|QLS2468\n|inactive|qls19 has 50 seconds to confirm battle start!\n|inactive|QLS2468 has 50 seconds to confirm battle start!\n|c|&|\/uhtml prompt-qls19,qls19 is ready for game 2!\n|c|&|\/uhtml prompt-qls2468,QLS2468 is ready for game 2!\nBoth players are ready! Starting next match!\n|l|\u2606qls19\n","uploadtime":1700081684,"views":21,"p1id":"qls19","p2id":"qls2468","formatid":"gen9vgc2023regulatione","rating":0,"private":0,"password":""}