{"id":"gen9vgc2023regulatione-1997652027","p1":"PeachBlink","p2":"Stfnuts","format":"[Gen 9] VGC 2023 Regulation E","log":"|j|\u2606PeachBlink\n|j|\u2606Stfnuts\n|t:|1700837773\n|gametype|doubles\n|player|p1|PeachBlink|bruno|1248\n|player|p2|Stfnuts|102|1340\n|teamsize|p1|6\n|teamsize|p2|6\n|gen|9\n|tier|[Gen 9] VGC 2023 Regulation E\n|rated|\n|rule|Species Clause: Limit one of each Pok\u00e9mon\n|rule|Item Clause: Limit one of each item\n|clearpoke\n|poke|p1|Gholdengo, L50|\n|poke|p1|Iron Hands, L50|\n|poke|p1|Amoonguss, L50, M|\n|poke|p1|Iron Bundle, L50|\n|poke|p1|Pelipper, L50, M|\n|poke|p1|Salamence, L50, M|\n|poke|p2|Amoonguss, L50, M|\n|poke|p2|Cresselia, L50, F|\n|poke|p2|Kingambit, L50, M|\n|poke|p2|Iron Hands, L50|\n|poke|p2|Chi-Yu, L50|\n|poke|p2|Ogerpon-Wellspring, L50, F|\n|teampreview|4\n|inactive|Battle timer is ON: inactive players will automatically lose when time's up. (requested by Stfnuts)\n|inactive|PeachBlink has 60 seconds left.\n|\n|t:|1700837830\n|start\n|switch|p1a: Iron Hands|Iron Hands, L50|100\/100\n|switch|p1b: Gholdengo|Gholdengo, L50|100\/100\n|switch|p2a: Kingambit|Kingambit, L50, M|100\/100\n|switch|p2b: Cresselia|Cresselia, L50, F|100\/100\n|turn|1\n|inactive|PeachBlink has 30 seconds left.\n|inactive|Stfnuts has 30 seconds left.\n|inactive|PeachBlink has 20 seconds left.\n|inactive|PeachBlink has 15 seconds left.\n|\n|t:|1700837872\n|-terastallize|p1b: Gholdengo|Dragon\n|move|p1a: Iron Hands|Fake Out|p2b: Cresselia\n|-damage|p2b: Cresselia|88\/100\n|move|p1b: Gholdengo|Nasty Plot|p1b: Gholdengo\n|-boost|p1b: Gholdengo|spa|2\n|cant|p2b: Cresselia|flinch\n|move|p2a: Kingambit|Kowtow Cleave|p1b: Gholdengo\n|-damage|p1b: Gholdengo|46\/100\n|\n|-heal|p1b: Gholdengo|52\/100|[from] item: Leftovers\n|-heal|p2b: Cresselia|94\/100|[from] item: Leftovers\n|upkeep\n|turn|2\n|inactive|PeachBlink has 30 seconds left.\n|inactive|Stfnuts has 30 seconds left.\n|\n|t:|1700837901\n|move|p2b: Cresselia|Protect|p2b: Cresselia\n|-singleturn|p2b: Cresselia|Protect\n|move|p2a: Kingambit|Sucker Punch|p1b: Gholdengo\n|-damage|p1b: Gholdengo|9\/100\n|move|p1b: Gholdengo|Shadow Ball|p2b: Cresselia\n|-activate|p2b: Cresselia|move: Protect\n|move|p1a: Iron Hands|Drain Punch|p2a: Kingambit\n|-supereffective|p2a: Kingambit\n|-crit|p2a: Kingambit\n|-enditem|p2a: Kingambit|Focus Sash\n|-damage|p2a: Kingambit|1\/100\n|\n|-heal|p1b: Gholdengo|15\/100|[from] item: Leftovers\n|-heal|p2b: Cresselia|99\/100|[from] item: Leftovers\n|upkeep\n|turn|3\n|inactive|PeachBlink has 30 seconds left.\n|inactive|Stfnuts has 30 seconds left.\n|inactive|PeachBlink has 20 seconds left.\n|inactive|PeachBlink has 15 seconds left.\n|inactive|Stfnuts has 20 seconds left.\n|inactive|Stfnuts has 15 seconds left.\n|\n|t:|1700837950\n|move|p1b: Gholdengo|Protect|p1b: Gholdengo\n|-singleturn|p1b: Gholdengo|Protect\n|move|p2a: Kingambit|Sucker Punch||[still]\n|-fail|p2a: Kingambit\n|move|p2b: Cresselia|Ice Beam|p1b: Gholdengo\n|-activate|p1b: Gholdengo|move: Protect\n|move|p1a: Iron Hands|Wild Charge|p2a: Kingambit\n|-damage|p2a: Kingambit|0 fnt\n|faint|p2a: Kingambit\n|-damage|p1a: Iron Hands|99\/100|[from] Recoil\n|\n|-heal|p1b: Gholdengo|21\/100|[from] item: Leftovers\n|-heal|p2b: Cresselia|100\/100|[from] item: Leftovers\n|upkeep\n|\n|t:|1700837966\n|switch|p2a: Iron Hands|Iron Hands, L50|100\/100\n|turn|4\n|\n|t:|1700837983\n|-end|p1a: Iron Hands|Quark Drive|[silent]\n|switch|p1a: Salamence|Salamence, L50, M|100\/100\n|-ability|p1a: Salamence|Intimidate|boost\n|-unboost|p2a: Iron Hands|atk|1\n|-unboost|p2b: Cresselia|atk|1\n|move|p2a: Iron Hands|Fake Out|p1b: Gholdengo\n|-damage|p1b: Gholdengo|9\/100\n|cant|p1b: Gholdengo|flinch\n|move|p2b: Cresselia|Ice Beam|p1b: Gholdengo\n|-supereffective|p1b: Gholdengo\n|-damage|p1b: Gholdengo|0 fnt\n|faint|p1b: Gholdengo\n|\n|upkeep\n|\n|t:|1700838002\n|switch|p1b: Iron Hands|Iron Hands, L50|99\/100\n|turn|5\n|inactive|PeachBlink has 30 seconds left.\n|\n|t:|1700838028\n|-end|p2a: Iron Hands|Quark Drive|[silent]\n|switch|p2a: Ogerpon|Ogerpon-Wellspring, L50, F|100\/100\n|move|p1b: Iron Hands|Fake Out|p2b: Cresselia\n|-damage|p2b: Cresselia|89\/100\n|move|p1a: Salamence|Hurricane|p2a: Ogerpon\n|-supereffective|p2a: Ogerpon\n|-damage|p2a: Ogerpon|0 fnt\n|faint|p2a: Ogerpon\n|cant|p2b: Cresselia|flinch\n|\n|-heal|p2b: Cresselia|95\/100|[from] item: Leftovers\n|upkeep\n|\n|t:|1700838042\n|switch|p2a: Iron Hands|Iron Hands, L50|100\/100\n|turn|6\n|\n|t:|1700838056\n|switch|p1a: Pelipper|Pelipper, L50, M|100\/100\n|-weather|RainDance|[from] ability: Drizzle|[of] p1a: Pelipper\n|move|p2a: Iron Hands|Fake Out|p1a: Pelipper\n|-damage|p1a: Pelipper|81\/100\n|move|p2b: Cresselia|Psychic|p1b: Iron Hands\n|-supereffective|p1b: Iron Hands\n|-damage|p1b: Iron Hands|62\/100\n|move|p1b: Iron Hands|Drain Punch|p2a: Iron Hands\n|-damage|p2a: Iron Hands|72\/100\n|-heal|p1b: Iron Hands|78\/100|[from] drain|[of] p2a: Iron Hands\n|\n|-weather|RainDance|[upkeep]\n|-heal|p2b: Cresselia|100\/100|[from] item: Leftovers\n|upkeep\n|turn|7\n|inactive|PeachBlink has 30 seconds left.\n|inactive|Stfnuts has 30 seconds left.\n|inactive|PeachBlink has 20 seconds left.\n|\n|t:|1700838093\n|-end|p1b: Iron Hands|Quark Drive|[silent]\n|switch|p1b: Salamence|Salamence, L50, M|100\/100\n|-ability|p1b: Salamence|Intimidate|boost\n|-unboost|p2a: Iron Hands|atk|1\n|-unboost|p2b: Cresselia|atk|1\n|move|p1a: Pelipper|Hurricane|p2a: Iron Hands\n|-damage|p2a: Iron Hands|35\/100\n|move|p2b: Cresselia|Psychic|p1b: Salamence\n|-damage|p1b: Salamence|57\/100\n|move|p2a: Iron Hands|Wild Charge|p1a: Pelipper\n|-supereffective|p1a: Pelipper\n|-damage|p1a: Pelipper|0 fnt\n|faint|p1a: Pelipper\n|-damage|p2a: Iron Hands|23\/100|[from] Recoil\n|\n|-weather|RainDance|[upkeep]\n|upkeep\n|\n|t:|1700838107\n|switch|p1a: Iron Hands|Iron Hands, L50|78\/100\n|turn|8\n|\n|t:|1700838120\n|move|p2b: Cresselia|Protect|p2b: Cresselia\n|-singleturn|p2b: Cresselia|Protect\n|move|p2a: Iron Hands|Protect|p2a: Iron Hands\n|-singleturn|p2a: Iron Hands|Protect\n|move|p1a: Iron Hands|Fake Out|p2b: Cresselia\n|-activate|p2b: Cresselia|move: Protect\n|move|p1b: Salamence|Hurricane|p2a: Iron Hands\n|-activate|p2a: Iron Hands|move: Protect\n|\n|-weather|RainDance|[upkeep]\n|upkeep\n|turn|9\n|inactive|PeachBlink has 30 seconds left.\n|inactive|PeachBlink has 20 seconds left.\n|inactive|PeachBlink has 15 seconds left.\n|\n|t:|1700838161\n|move|p1b: Salamence|Hurricane|p2b: Cresselia\n|-crit|p2b: Cresselia\n|-damage|p2b: Cresselia|52\/100\n|move|p2b: Cresselia|Ice Beam|p1b: Salamence\n|-supereffective|p1b: Salamence\n|-damage|p1b: Salamence|0 fnt\n|faint|p1b: Salamence\n|move|p1a: Iron Hands|Drain Punch|p2a: Iron Hands\n|-damage|p2a: Iron Hands|0 fnt\n|-heal|p1a: Iron Hands|90\/100|[from] drain|[of] p2a: Iron Hands\n|faint|p2a: Iron Hands\n|-end|p2a: Iron Hands|Quark Drive|[silent]\n|\n|-weather|RainDance|[upkeep]\n|-heal|p2b: Cresselia|59\/100|[from] item: Leftovers\n|upkeep\n|turn|10\n|\n|t:|1700838183\n|move|p2b: Cresselia|Psychic|p1a: Iron Hands\n|-supereffective|p1a: Iron Hands\n|-damage|p1a: Iron Hands|48\/100\n|move|p1a: Iron Hands|Wild Charge|p2b: Cresselia\n|-damage|p2b: Cresselia|19\/100\n|-damage|p1a: Iron Hands|38\/100|[from] Recoil\n|\n|-weather|none\n|-heal|p2b: Cresselia|25\/100|[from] item: Leftovers\n|upkeep\n|turn|11\n|\n|t:|1700838195\n|move|p2b: Cresselia|Protect|p2b: Cresselia\n|-singleturn|p2b: Cresselia|Protect\n|move|p1a: Iron Hands|Drain Punch|p2b: Cresselia\n|-activate|p2b: Cresselia|move: Protect\n|\n|-heal|p2b: Cresselia|31\/100|[from] item: Leftovers\n|upkeep\n|turn|12\n|\n|t:|1700838204\n|move|p2b: Cresselia|Psychic|p1a: Iron Hands\n|-supereffective|p1a: Iron Hands\n|-damage|p1a: Iron Hands|0 fnt\n|faint|p1a: Iron Hands\n|-end|p1a: Iron Hands|Quark Drive|[silent]\n|\n|win|Stfnuts\n|raw|PeachBlink's rating: 1248 &rarr; <strong>1229<\/strong><br \/>(-19 for losing)\n|raw|Stfnuts's rating: 1340 &rarr; <strong>1355<\/strong><br \/>(+15 for winning)\n|l|\u2606Stfnuts\n","uploadtime":1700838210,"views":3,"p1id":"peachblink","p2id":"stfnuts","formatid":"gen9vgc2023regulatione","rating":1229,"private":0,"password":""}