{"id":"gen9vgc2023regulatione-1996666425","p1":"lilbookcase","p2":"JasePokemonTwitter","format":"[Gen 9] VGC 2023 Regulation E","log":"|j|\u2606lilbookcase\n|j|\u2606JasePokemonTwitter\n|t:|1700707154\n|gametype|doubles\n|player|p1|lilbookcase|doctor|1491\n|player|p2|JasePokemonTwitter|youngster-gen4dp|1679\n|teamsize|p1|6\n|teamsize|p2|6\n|gen|9\n|tier|[Gen 9] VGC 2023 Regulation E\n|rated|\n|rule|Species Clause: Limit one of each Pok\u00e9mon\n|rule|Item Clause: Limit one of each item\n|clearpoke\n|poke|p1|Garchomp, L50, F|\n|poke|p1|Amoonguss, L50, F|\n|poke|p1|Iron Hands, L50|\n|poke|p1|Arcanine-Hisui, L50, F|\n|poke|p1|Gholdengo, L50|\n|poke|p1|Iron Bundle, L50|\n|poke|p2|Sableye, L50, F|\n|poke|p2|Ninetales-Alola, L50, F|\n|poke|p2|Heatran, L50, F|\n|poke|p2|Landorus, L50, M|\n|poke|p2|Urshifu-*, L50, M|\n|poke|p2|Toxapex, L50, M|\n|teampreview|4\n|inactive|Battle timer is ON: inactive players will automatically lose when time's up. (requested by JasePokemonTwitter)\n|\n|t:|1700707188\n|start\n|switch|p1a: Garchomp|Garchomp, L50, F|100\/100\n|switch|p1b: Iron Bundle|Iron Bundle, L50, shiny|100\/100\n|switch|p2a: Sableye|Sableye, L50, F|100\/100\n|switch|p2b: Heatran|Heatran, L50, F|100\/100\n|-enditem|p1b: Iron Bundle|Booster Energy\n|-activate|p1b: Iron Bundle|ability: Quark Drive|[fromitem]\n|-start|p1b: Iron Bundle|quarkdrivespe\n|turn|1\n|inactive|lilbookcase has 30 seconds left.\n|\n|t:|1700707219\n|move|p2b: Heatran|Protect|p2b: Heatran\n|-singleturn|p2b: Heatran|Protect\n|move|p2a: Sableye|Gravity|p2a: Sableye\n|-fieldstart|move: Gravity\n|move|p1b: Iron Bundle|Encore|p2a: Sableye\n|-start|p2a: Sableye|Encore\n|move|p1a: Garchomp|Stomping Tantrum|p2b: Heatran\n|-activate|p2b: Heatran|move: Protect\n|\n|upkeep\n|turn|2\n|inactive|lilbookcase has 30 seconds left.\n|inactive|JasePokemonTwitter has 30 seconds left.\n|\n|t:|1700707248\n|switch|p2a: Landorus|Landorus, L50, M|100\/100\n|-terastallize|p2b: Heatran|Grass\n|move|p1b: Iron Bundle|Freeze-Dry|p2a: Landorus\n|-supereffective|p2a: Landorus\n|-damage|p2a: Landorus|0 fnt\n|faint|p2a: Landorus\n|move|p1a: Garchomp|Stomping Tantrum|p2b: Heatran\n|-resisted|p2b: Heatran\n|-damage|p2b: Heatran|79\/100\n|-damage|p1a: Garchomp|91\/100|[from] item: Life Orb\n|move|p2b: Heatran|Magma Storm|p1b: Iron Bundle\n|-damage|p1b: Iron Bundle|23\/100\n|-activate|p1b: Iron Bundle|move: Magma Storm|[of] p2b: Heatran\n|\n|-heal|p2b: Heatran|85\/100|[from] item: Leftovers\n|-damage|p1b: Iron Bundle|10\/100|[from] move: Magma Storm|[partiallytrapped]\n|upkeep\n|\n|t:|1700707268\n|switch|p2a: Sableye|Sableye, L50, F|100\/100\n|turn|3\n|inactive|lilbookcase has 30 seconds left.\n|\n|t:|1700707301\n|move|p1a: Garchomp|Protect|p1a: Garchomp\n|-singleturn|p1a: Garchomp|Protect\n|move|p2b: Heatran|Protect|p2b: Heatran\n|-singleturn|p2b: Heatran|Protect\n|move|p2a: Sableye|Will-O-Wisp|p1a: Garchomp\n|-activate|p1a: Garchomp|move: Protect\n|move|p1b: Iron Bundle|Freeze-Dry|p2a: Sableye\n|-damage|p2a: Sableye|64\/100\n|\n|-heal|p2b: Heatran|91\/100|[from] item: Leftovers\n|-damage|p1b: Iron Bundle|0 fnt|[from] move: Magma Storm|[partiallytrapped]\n|faint|p1b: Iron Bundle\n|-end|p1b: Iron Bundle|Quark Drive|[silent]\n|upkeep\n|inactive|lilbookcase has 30 seconds left.\n|inactive|lilbookcase has 20 seconds left.\n|\n|t:|1700707337\n|switch|p1b: Gholdengo|Gholdengo, L50|100\/100\n|turn|4\n|inactive|lilbookcase has 30 seconds left.\n|inactive|lilbookcase has 20 seconds left.\n|inactive|lilbookcase has 15 seconds left.\n|\n|t:|1700707381\n|-terastallize|p1b: Gholdengo|Dragon\n|move|p2a: Sableye|Will-O-Wisp|p1a: Garchomp\n|-status|p1a: Garchomp|brn\n|move|p1a: Garchomp|Swords Dance|p1a: Garchomp\n|-boost|p1a: Garchomp|atk|2\n|move|p1b: Gholdengo|Nasty Plot|p1b: Gholdengo\n|-boost|p1b: Gholdengo|spa|2\n|move|p2b: Heatran|Magma Storm|p1b: Gholdengo\n|-resisted|p1b: Gholdengo\n|-damage|p1b: Gholdengo|72\/100\n|-activate|p1b: Gholdengo|move: Magma Storm|[of] p2b: Heatran\n|\n|-heal|p1b: Gholdengo|78\/100|[from] item: Leftovers\n|-heal|p2b: Heatran|97\/100|[from] item: Leftovers\n|-damage|p1a: Garchomp|85\/100 brn|[from] brn\n|-damage|p1b: Gholdengo|66\/100|[from] move: Magma Storm|[partiallytrapped]\n|upkeep\n|turn|5\n|\n|t:|1700707403\n|move|p2b: Heatran|Protect|p2b: Heatran\n|-singleturn|p2b: Heatran|Protect\n|move|p2a: Sableye|Encore|p1a: Garchomp\n|-start|p1a: Garchomp|Encore\n|move|p1a: Garchomp|Swords Dance|p1a: Garchomp\n|-boost|p1a: Garchomp|atk|2\n|move|p1b: Gholdengo|Make It Rain|p2a: Sableye|[spread] p2a\n|-activate|p2b: Heatran|move: Protect\n|-damage|p2a: Sableye|0 fnt\n|-unboost|p1b: Gholdengo|spa|1\n|faint|p2a: Sableye\n|\n|-heal|p1b: Gholdengo|72\/100|[from] item: Leftovers\n|-heal|p2b: Heatran|100\/100|[from] item: Leftovers\n|-damage|p1a: Garchomp|79\/100 brn|[from] brn\n|-damage|p1b: Gholdengo|60\/100|[from] move: Magma Storm|[partiallytrapped]\n|-fieldend|move: Gravity\n|upkeep\n|\n|t:|1700707414\n|switch|p2a: Urshifu|Urshifu, L50, M|100\/100\n|turn|6\n|inactive|lilbookcase has 30 seconds left.\n|\n|t:|1700707445\n|move|p1a: Garchomp|Swords Dance|p1a: Garchomp\n|-boost|p1a: Garchomp|atk|2\n|move|p2a: Urshifu|Close Combat|p1b: Gholdengo\n|-damage|p1b: Gholdengo|0 fnt\n|-unboost|p2a: Urshifu|def|1\n|-unboost|p2a: Urshifu|spd|1\n|faint|p1b: Gholdengo\n|move|p2b: Heatran|Magma Storm|p1a: Garchomp\n|-resisted|p1a: Garchomp\n|-damage|p1a: Garchomp|45\/100 brn\n|-activate|p1a: Garchomp|move: Magma Storm|[of] p2b: Heatran\n|\n|-damage|p1a: Garchomp|39\/100 brn|[from] brn\n|-damage|p1a: Garchomp|26\/100 brn|[from] move: Magma Storm|[partiallytrapped]\n|upkeep\n|\n|t:|1700707459\n|switch|p1b: Iron Hands|Iron Hands, L50|100\/100\n|turn|7\n|\n|t:|1700707472\n|move|p2a: Urshifu|Detect|p2a: Urshifu\n|-singleturn|p2a: Urshifu|Protect\n|move|p1b: Iron Hands|Fake Out|p2b: Heatran\n|-damage|p2b: Heatran|87\/100\n|move|p1a: Garchomp|Swords Dance|p1a: Garchomp\n|-boost|p1a: Garchomp|atk|0\n|cant|p2b: Heatran|flinch\n|\n|-heal|p2b: Heatran|93\/100|[from] item: Leftovers\n|-damage|p1a: Garchomp|20\/100 brn|[from] brn\n|-damage|p1a: Garchomp|8\/100 brn|[from] move: Magma Storm|[partiallytrapped]\n|-end|p1a: Garchomp|Encore\n|upkeep\n|turn|8\n|inactive|lilbookcase has 30 seconds left.\n|inactive|JasePokemonTwitter has 30 seconds left.\n|inactive|JasePokemonTwitter has 20 seconds left.\n|inactive|JasePokemonTwitter has 15 seconds left.\n|inactive|JasePokemonTwitter has 10 seconds left.\n|\n|t:|1700707517\n|move|p1a: Garchomp|Dragon Claw|p2b: Heatran\n|-damage|p2b: Heatran|0 fnt\n|faint|p2b: Heatran\n|-damage|p1a: Garchomp|0 fnt|[from] item: Life Orb\n|faint|p1a: Garchomp\n|move|p2a: Urshifu|Close Combat|p1b: Iron Hands\n|-damage|p1b: Iron Hands|58\/100\n|-unboost|p2a: Urshifu|def|1\n|-unboost|p2a: Urshifu|spd|1\n|move|p1b: Iron Hands|Drain Punch|p2a: Urshifu\n|-supereffective|p2a: Urshifu\n|-enditem|p2a: Urshifu|Focus Sash\n|-damage|p2a: Urshifu|1\/100\n|-heal|p1b: Iron Hands|93\/100|[from] drain|[of] p2a: Urshifu\n|\n|upkeep\n|turn|9\n|-message|JasePokemonTwitter forfeited.\n|\n|win|lilbookcase\n|raw|lilbookcase's rating: 1491 &rarr; <strong>1521<\/strong><br \/>(+30 for winning)\n|raw|JasePokemonTwitter's rating: 1679 &rarr; <strong>1649<\/strong><br \/>(-30 for losing)\n|c|\u2606lilbookcase|ggs\n|l|\u2606JasePokemonTwitter\n","uploadtime":1700707549,"views":8,"p1id":"lilbookcase","p2id":"jasepokemontwitter","formatid":"gen9vgc2023regulatione","rating":1521,"private":0,"password":""}