{"id":"gen9vgc2023regulatione-1994106450","p1":"acebaltasar25","p2":"Oompaboompa","format":"[Gen 9] VGC 2023 Regulation E","log":"|j|\u2606acebaltasar25\n|j|\u2606Oompaboompa\n|t:|1700407606\n|gametype|doubles\n|player|p1|acebaltasar25|265|\n|player|p2|Oompaboompa|1|\n|teamsize|p1|6\n|teamsize|p2|6\n|gen|9\n|tier|[Gen 9] VGC 2023 Regulation E\n|rated|Tournament battle\n|rule|Species Clause: Limit one of each Pok\u00e9mon\n|rule|Item Clause: Limit one of each item\n|clearpoke\n|poke|p1|Arcanine-Hisui, L50, M|\n|poke|p1|Empoleon, L50, M|\n|poke|p1|Urshifu-*, L50, F|\n|poke|p1|Tornadus, L50, M|\n|poke|p1|Flutter Mane, L50|\n|poke|p1|Roaring Moon, L50|\n|poke|p2|Gholdengo, L50|\n|poke|p2|Iron Hands, L50|\n|poke|p2|Amoonguss, L50, F|\n|poke|p2|Iron Bundle, L50|\n|poke|p2|Pelipper, L50, F|\n|poke|p2|Salamence, L50, F|\n|teampreview|4\n|showteam|p1|Arcanine-Hisui||SitrusBerry|Intimidate|FlareBlitz,WillOWisp,Snarl,RockSlide|||M|||50|,,,,,Grass]Empoleon||Leftovers|Competitive|FlashCannon,IcyWind,Protect,Yawn|||M|||50|,,,,,Flying]Urshifu-Rapid-Strike||MysticWater|UnseenFist|AquaJet,SurgingStrikes,CloseCombat,Detect|||F|||50|,,,,,Water]Tornadus||CovertCloak|Prankster|BleakwindStorm,Taunt,RainDance,Tailwind|||M|||50|,,,,,Dark]Flutter Mane||ChoiceSpecs|Protosynthesis|Moonblast,ShadowBall,Thunderbolt,DazzlingGleam||||||50|,,,,,Fairy]Roaring Moon||BoosterEnergy|Protosynthesis|Acrobatics,KnockOff,Protect,DragonDance||||||50|,,,,,Flying\n|showteam|p2|Gholdengo||Leftovers|GoodasGold|MakeItRain,NastyPlot,ShadowBall,Protect||||||50|,,,,,Dragon]Iron Hands||AssaultVest|QuarkDrive|FakeOut,HeavySlam,WildCharge,DrainPunch||||||50|,,,,,Water]Amoonguss||SitrusBerry|Regenerator|Spore,RagePowder,PollenPuff,Protect|||F|||50|,,,,,Water]Iron Bundle||BoosterEnergy|QuarkDrive|IcyWind,FreezeDry,HydroPump,Protect||||||50|,,,,,Ghost]Pelipper||FocusSash|Drizzle|Hurricane,WeatherBall,Protect,WideGuard|||F|||50|,,,,,Flying]Salamence||ChoiceScarf|Intimidate|Hurricane,DracoMeteor,Tailwind,AirSlash|||F|||50|,,,,,Flying\n|c|\u2606acebaltasar25|glhf\n|c|\u2606Oompaboompa|u2\n|j| Lawrence_lmao\n|\n|t:|1700407666\n|start\n|switch|p1a: Flutter Mane|Flutter Mane, L50|100\/100\n|switch|p1b: Tornadus|Tornadus, L50, M|100\/100\n|switch|p2a: Gholdengo|Gholdengo, L50|100\/100\n|switch|p2b: Iron Hands|Iron Hands, L50|100\/100\n|turn|1\n|\n|t:|1700407682\n|move|p2a: Gholdengo|Protect|p2a: Gholdengo\n|-singleturn|p2a: Gholdengo|Protect\n|move|p1b: Tornadus|Tailwind|p1b: Tornadus\n|-sidestart|p1: acebaltasar25|move: Tailwind\n|move|p1a: Flutter Mane|Shadow Ball|p2a: Gholdengo\n|-activate|p2a: Gholdengo|move: Protect\n|move|p2b: Iron Hands|Heavy Slam|p1a: Flutter Mane\n|-supereffective|p1a: Flutter Mane\n|-crit|p1a: Flutter Mane\n|-damage|p1a: Flutter Mane|0 fnt\n|faint|p1a: Flutter Mane\n|-end|p1a: Flutter Mane|Protosynthesis|[silent]\n|\n|upkeep\n|\n|t:|1700407685\n|switch|p1a: Urshifu|Urshifu-Rapid-Strike, L50, F|100\/100\n|turn|2\n|\n|t:|1700407700\n|switch|p1b: Arcanine|Arcanine-Hisui, L50, M|100\/100\n|-ability|p1b: Arcanine|Intimidate|boost\n|-unboost|p2a: Gholdengo|atk|1\n|-unboost|p2b: Iron Hands|atk|1\n|-terastallize|p2a: Gholdengo|Dragon\n|move|p1a: Urshifu|Detect|p1a: Urshifu\n|-singleturn|p1a: Urshifu|Protect\n|move|p2a: Gholdengo|Nasty Plot|p2a: Gholdengo\n|-boost|p2a: Gholdengo|spa|2\n|move|p2b: Iron Hands|Wild Charge|p1b: Arcanine\n|-damage|p1b: Arcanine|64\/100\n|-damage|p2b: Iron Hands|93\/100|[from] Recoil\n|\n|upkeep\n|turn|3\n|\n|t:|1700407717\n|-end|p2b: Iron Hands|Quark Drive|[silent]\n|switch|p2b: Salamence|Salamence, L50, F|100\/100\n|-ability|p2b: Salamence|Intimidate|boost\n|-unboost|p1a: Urshifu|atk|1\n|-unboost|p1b: Arcanine|atk|1\n|-terastallize|p1a: Urshifu|Water\n|move|p1b: Arcanine|Flare Blitz|p2a: Gholdengo\n|-resisted|p2a: Gholdengo\n|-damage|p2a: Gholdengo|86\/100\n|-damage|p1b: Arcanine|60\/100|[from] Recoil\n|move|p1a: Urshifu|Surging Strikes|p2b: Salamence\n|-resisted|p2b: Salamence\n|-crit|p2b: Salamence\n|-damage|p2b: Salamence|79\/100\n|-resisted|p2b: Salamence\n|-crit|p2b: Salamence\n|-damage|p2b: Salamence|58\/100\n|-resisted|p2b: Salamence\n|-crit|p2b: Salamence\n|-damage|p2b: Salamence|35\/100\n|-hitcount|p2b: Salamence|3\n|move|p2a: Gholdengo|Make It Rain|p1a: Urshifu|[spread] p1a,p1b\n|-resisted|p1a: Urshifu\n|-damage|p1a: Urshifu|43\/100\n|-damage|p1b: Arcanine|0 fnt\n|-unboost|p2a: Gholdengo|spa|1\n|faint|p1b: Arcanine\n|\n|-heal|p2a: Gholdengo|92\/100|[from] item: Leftovers\n|upkeep\n|\n|t:|1700407726\n|switch|p1b: Tornadus|Tornadus, L50, M|100\/100\n|turn|4\n|\n|t:|1700407757\n|move|p1a: Urshifu|Detect|p1a: Urshifu\n|-singleturn|p1a: Urshifu|Protect\n|move|p1b: Tornadus|Rain Dance|p1b: Tornadus\n|-weather|RainDance\n|move|p2b: Salamence|Air Slash|p1a: Urshifu\n|-activate|p1a: Urshifu|move: Protect\n|move|p2a: Gholdengo|Make It Rain|p1a: Urshifu|[spread] p1b\n|-activate|p1a: Urshifu|move: Protect\n|-damage|p1b: Tornadus|34\/100\n|-unboost|p2a: Gholdengo|spa|1\n|\n|-weather|RainDance|[upkeep]\n|-heal|p2a: Gholdengo|98\/100|[from] item: Leftovers\n|-sideend|p1: acebaltasar25|move: Tailwind\n|upkeep\n|turn|5\n|\n|t:|1700407778\n|switch|p2b: Pelipper|Pelipper, L50, F|100\/100\n|move|p1a: Urshifu|Surging Strikes|p2a: Gholdengo\n|-resisted|p2a: Gholdengo\n|-crit|p2a: Gholdengo\n|-damage|p2a: Gholdengo|74\/100\n|-resisted|p2a: Gholdengo\n|-crit|p2a: Gholdengo\n|-damage|p2a: Gholdengo|50\/100\n|-resisted|p2a: Gholdengo\n|-crit|p2a: Gholdengo\n|-damage|p2a: Gholdengo|23\/100\n|-hitcount|p2a: Gholdengo|3\n|move|p1b: Tornadus|Bleakwind Storm|p2a: Gholdengo|[spread] p2a,p2b\n|-damage|p2a: Gholdengo|0 fnt\n|-damage|p2b: Pelipper|35\/100\n|faint|p2a: Gholdengo\n|\n|-weather|RainDance|[upkeep]\n|upkeep\n|\n|t:|1700407798\n|switch|p2a: Salamence|Salamence, L50, F|35\/100\n|-ability|p2a: Salamence|Intimidate|boost\n|-unboost|p1a: Urshifu|atk|1\n|-unboost|p1b: Tornadus|atk|1\n|turn|6\n|\n|t:|1700407809\n|move|p1b: Tornadus|Tailwind|p1b: Tornadus\n|-sidestart|p1: acebaltasar25|move: Tailwind\n|move|p1a: Urshifu|Surging Strikes|p2a: Salamence\n|-resisted|p2a: Salamence\n|-crit|p2a: Salamence\n|-damage|p2a: Salamence|6\/100\n|-resisted|p2a: Salamence\n|-crit|p2a: Salamence\n|-damage|p2a: Salamence|0 fnt\n|faint|p2a: Salamence\n|-hitcount|p2: Salamence|2\n|move|p2b: Pelipper|Hurricane|p1a: Urshifu\n|-damage|p1a: Urshifu|0 fnt\n|faint|p1a: Urshifu\n|\n|-weather|RainDance|[upkeep]\n|upkeep\n|c|\u2606acebaltasar25|gg\n|j| NintalesTwo\n|\n|t:|1700407821\n|switch|p2a: Iron Hands|Iron Hands, L50|93\/100\n|turn|7\n|c|\u2606Oompaboompa|gg\n|l| NintalesTwo\n|\n|t:|1700407830\n|move|p2b: Pelipper|Wide Guard|p2b: Pelipper\n|-singleturn|p2b: Pelipper|Wide Guard\n|move|p1b: Tornadus|Bleakwind Storm|p2a: Iron Hands|[spread] \n|-activate|p2a: Iron Hands|move: Wide Guard\n|-activate|p2b: Pelipper|move: Wide Guard\n|move|p2a: Iron Hands|Wild Charge|p1b: Tornadus\n|-supereffective|p1b: Tornadus\n|-damage|p1b: Tornadus|0 fnt\n|faint|p1b: Tornadus\n|-damage|p2a: Iron Hands|86\/100|[from] Recoil\n|\n|win|Oompaboompa\n|n|\u2606acebaltasar25|acebaltasar25\n|n|\u2606Oompaboompa|oompaboompa\n|n| Lawrence_lmao|lawrencelmao\n","uploadtime":1700407831,"views":6,"p1id":"acebaltasar25","p2id":"oompaboompa","formatid":"gen9vgc2023regulatione","rating":0,"private":0,"password":""}