{"id":"gen9vgc2023regulatione-1995444801","p1":"RDGNick","p2":"freddyfazbearurur","format":"[Gen 9] VGC 2023 Regulation E","log":"|j|\u2606RDGNick\n|j|\u2606freddyfazbearurur\n|t:|1700571571\n|gametype|doubles\n|player|p1|RDGNick|2|1342\n|player|p2|freddyfazbearurur|266|1361\n|teamsize|p1|6\n|teamsize|p2|6\n|gen|9\n|tier|[Gen 9] VGC 2023 Regulation E\n|rated|\n|rule|Species Clause: Limit one of each Pok\u00e9mon\n|rule|Item Clause: Limit one of each item\n|clearpoke\n|poke|p1|Tyranitar, L50, M|\n|poke|p1|Kommo-o, L50, F|\n|poke|p1|Flutter Mane, L50|\n|poke|p1|Iron Bundle, L50|\n|poke|p1|Arcanine-Hisui, L50, M|\n|poke|p1|Rillaboom, L50, M|\n|poke|p2|Ogerpon-Wellspring, L50, F|\n|poke|p2|Landorus-Therian, L50, M|\n|poke|p2|Heatran, L50, M|\n|poke|p2|Gholdengo, L50|\n|poke|p2|Roaring Moon, L50|\n|poke|p2|Iron Hands, L50|\n|teampreview|4\n|inactive|Battle timer is ON: inactive players will automatically lose when time's up. (requested by RDGNick)\n|inactive|freddyfazbearurur has 60 seconds left.\n|\n|t:|1700571671\n|start\n|switch|p1a: Iron Bundle|Iron Bundle, L50|100\/100\n|switch|p1b: Flutter Mane|Flutter Mane, L50|100\/100\n|switch|p2a: Iron Hands|Iron Hands, L50|100\/100\n|switch|p2b: Heatran|Heatran, L50, M|100\/100\n|-enditem|p1a: Iron Bundle|Booster Energy\n|-activate|p1a: Iron Bundle|ability: Quark Drive|[fromitem]\n|-start|p1a: Iron Bundle|quarkdrivespe\n|turn|1\n|inactive|RDGNick has 30 seconds left.\n|\n|t:|1700571703\n|move|p1a: Iron Bundle|Protect|p1a: Iron Bundle\n|-singleturn|p1a: Iron Bundle|Protect\n|move|p2a: Iron Hands|Fake Out|p1a: Iron Bundle\n|-activate|p1a: Iron Bundle|move: Protect\n|move|p1b: Flutter Mane|Moonblast|p2a: Iron Hands\n|-supereffective|p2a: Iron Hands\n|-damage|p2a: Iron Hands|22\/100\n|move|p2b: Heatran|Heat Wave|p1a: Iron Bundle|[spread] p1b\n|-activate|p1a: Iron Bundle|move: Protect\n|-damage|p1b: Flutter Mane|63\/100\n|\n|upkeep\n|turn|2\n|inactive|freddyfazbearurur has 30 seconds left.\n|inactive|freddyfazbearurur has 20 seconds left.\n|inactive|freddyfazbearurur has 15 seconds left.\n|inactive|freddyfazbearurur has 10 seconds left.\n|\n|t:|1700571749\n|move|p2b: Heatran|Protect|p2b: Heatran\n|-singleturn|p2b: Heatran|Protect\n|move|p1a: Iron Bundle|Hydro Pump|p2b: Heatran\n|-activate|p2b: Heatran|move: Protect\n|move|p1b: Flutter Mane|Moonblast|p2a: Iron Hands\n|-supereffective|p2a: Iron Hands\n|-damage|p2a: Iron Hands|0 fnt\n|faint|p2a: Iron Hands\n|-end|p2a: Iron Hands|Quark Drive|[silent]\n|\n|upkeep\n|\n|t:|1700571757\n|switch|p2a: Ogerpon|Ogerpon-Wellspring, L50, F|100\/100\n|turn|3\n|inactive|freddyfazbearurur has 30 seconds left.\n|inactive|freddyfazbearurur has 20 seconds left.\n|inactive|freddyfazbearurur has 15 seconds left.\n|\n|t:|1700571799\n|-terastallize|p2a: Ogerpon|Water\n|detailschange|p2a: Ogerpon|Ogerpon-Wellspring-Tera, L50, F, tera:Water\n|-ability|p2a: Ogerpon|Embody Aspect (Wellspring)|boost\n|-boost|p2a: Ogerpon|spd|1\n|move|p1a: Iron Bundle|Freeze-Dry|p2a: Ogerpon\n|-supereffective|p2a: Ogerpon\n|-damage|p2a: Ogerpon|49\/100\n|move|p1b: Flutter Mane|Moonblast|p2b: Heatran\n|-resisted|p2b: Heatran\n|-damage|p2b: Heatran|85\/100\n|move|p2a: Ogerpon|Horn Leech|p1a: Iron Bundle\n|-supereffective|p1a: Iron Bundle\n|-damage|p1a: Iron Bundle|0 fnt\n|-heal|p2a: Ogerpon|84\/100|[from] drain|[of] p1a: Iron Bundle\n|faint|p1a: Iron Bundle\n|-end|p1a: Iron Bundle|Quark Drive|[silent]\n|move|p2b: Heatran|Flash Cannon|p1b: Flutter Mane\n|-supereffective|p1b: Flutter Mane\n|-damage|p1b: Flutter Mane|0 fnt\n|faint|p1b: Flutter Mane\n|-end|p1b: Flutter Mane|Protosynthesis|[silent]\n|\n|upkeep\n|\n|t:|1700571818\n|switch|p1a: Arcanine|Arcanine-Hisui, L50, M|100\/100\n|switch|p1b: Tyranitar|Tyranitar, L50, M|100\/100\n|-ability|p1a: Arcanine|Intimidate|boost\n|-unboost|p2a: Ogerpon|atk|1\n|-unboost|p2b: Heatran|atk|1\n|-weather|Sandstorm|[from] ability: Sand Stream|[of] p1b: Tyranitar\n|turn|4\n|inactive|RDGNick has 30 seconds left.\n|\n|t:|1700571845\n|-terastallize|p1a: Arcanine|Water\n|move|p1a: Arcanine|Howl|p1a: Arcanine|[spread] p1a,p1b\n|-boost|p1a: Arcanine|atk|1\n|-boost|p1b: Tyranitar|atk|1\n|move|p2a: Ogerpon|Focus Energy|p2a: Ogerpon\n|-start|p2a: Ogerpon|move: Focus Energy\n|move|p1b: Tyranitar|Low Kick|p2b: Heatran\n|-supereffective|p2b: Heatran\n|-damage|p2b: Heatran|0 fnt\n|faint|p2b: Heatran\n|\n|-weather|Sandstorm|[upkeep]\n|-damage|p1a: Arcanine|94\/100|[from] Sandstorm\n|-damage|p2a: Ogerpon|78\/100|[from] Sandstorm\n|upkeep\n|\n|t:|1700571854\n|switch|p2b: Landorus|Landorus-Therian, L50, M|100\/100\n|-ability|p2b: Landorus|Intimidate|boost\n|-unboost|p1a: Arcanine|atk|1\n|-unboost|p1b: Tyranitar|atk|1\n|turn|5\n|inactive|RDGNick has 30 seconds left.\n|\n|t:|1700571883\n|move|p2b: Landorus|Stomping Tantrum|p1b: Tyranitar\n|-supereffective|p1b: Tyranitar\n|-damage|p1b: Tyranitar|21\/100\n|move|p1a: Arcanine|Howl|p1a: Arcanine|[spread] p1a,p1b\n|-boost|p1a: Arcanine|atk|1\n|-boost|p1b: Tyranitar|atk|1\n|move|p2a: Ogerpon|Ivy Cudgel|p1b: Tyranitar|[anim] Ivy Cudgel Water\n|-supereffective|p1b: Tyranitar\n|-crit|p1b: Tyranitar\n|-damage|p1b: Tyranitar|0 fnt\n|faint|p1b: Tyranitar\n|\n|-weather|Sandstorm|[upkeep]\n|-damage|p1a: Arcanine|88\/100|[from] Sandstorm\n|-damage|p2a: Ogerpon|73\/100|[from] Sandstorm\n|upkeep\n|turn|6\n|\n|t:|1700571898\n|move|p2b: Landorus|Stomping Tantrum|p1a: Arcanine\n|-damage|p1a: Arcanine|46\/100\n|-enditem|p1a: Arcanine|Sitrus Berry|[eat]\n|-heal|p1a: Arcanine|71\/100|[from] item: Sitrus Berry\n|move|p1a: Arcanine|Flare Blitz|p2b: Landorus\n|-damage|p2b: Landorus|26\/100\n|-damage|p1a: Arcanine|48\/100|[from] Recoil\n|move|p2a: Ogerpon|Ivy Cudgel|p1a: Arcanine|[anim] Ivy Cudgel Water\n|-resisted|p1a: Arcanine\n|-crit|p1a: Arcanine\n|-damage|p1a: Arcanine|0 fnt\n|faint|p1a: Arcanine\n|\n|win|freddyfazbearurur\n|raw|RDGNick's rating: 1342 &rarr; <strong>1323<\/strong><br \/>(-19 for losing)\n|raw|freddyfazbearurur's rating: 1361 &rarr; <strong>1380<\/strong><br \/>(+19 for winning)\n|l|\u2606RDGNick\n","uploadtime":1700571916,"views":4,"p1id":"rdgnick","p2id":"freddyfazbearurur","formatid":"gen9vgc2023regulatione","rating":1323,"private":0,"password":""}