{"id":"gen9vgc2023regulatione-1994020607","p1":"Meta warriors","p2":"Light_Nova7","format":"[Gen 9] VGC 2023 Regulation E","log":"|j|\u2606Meta warriors\n|j|\u2606Light_Nova7\n|t:|1700394899\n|gametype|doubles\n|player|p1|Meta warriors|pearlclanmember|1138\n|player|p2|Light_Nova7|hilbert|1070\n|teamsize|p1|6\n|teamsize|p2|6\n|gen|9\n|tier|[Gen 9] VGC 2023 Regulation E\n|rated|\n|rule|Species Clause: Limit one of each Pok\u00e9mon\n|rule|Item Clause: Limit one of each item\n|clearpoke\n|poke|p1|Ogerpon-Hearthflame, L50, F|\n|poke|p1|Torkoal, L50, M|\n|poke|p1|Flutter Mane, L50|\n|poke|p1|Chien-Pao, L50|\n|poke|p1|Great Tusk, L50|\n|poke|p1|Weezing-Galar, L50, F|\n|poke|p2|Weavile, L50, M|\n|poke|p2|Dragapult, L50, M|\n|poke|p2|Magcargo, L50, M|\n|poke|p2|Gastrodon, L50, F|\n|poke|p2|Ninetales-Alola, L50, M|\n|poke|p2|Hatterene, L50, F|\n|teampreview|4\n|inactive|Battle timer is ON: inactive players will automatically lose when time's up. (requested by Meta warriors)\n|inactive|Light_Nova7 has 60 seconds left.\n|\n|t:|1700394938\n|start\n|switch|p1a: Torkoal|Torkoal, L50, M|100\/100\n|switch|p1b: Ogerpon|Ogerpon-Hearthflame, L50, F|100\/100\n|switch|p2a: Dragapult|Dragapult, L50, M, shiny|100\/100\n|switch|p2b: Gastrodon|Gastrodon, L50, F|100\/100\n|-ability|p1b: Ogerpon|Mold Breaker\n|-weather|SunnyDay|[from] ability: Drought|[of] p1a: Torkoal\n|turn|1\n|inactive|Light_Nova7 has 30 seconds left.\n|\n|t:|1700394967\n|move|p2a: Dragapult|Dragon Darts|p1a: Torkoal\n|-damage|p1a: Torkoal|70\/100\n|-anim|p2a: Dragapult|Dragon Darts|p1b: Ogerpon\n|-damage|p1b: Ogerpon|53\/100\n|move|p1b: Ogerpon|Swords Dance|p1b: Ogerpon\n|-boost|p1b: Ogerpon|atk|2\n|move|p2b: Gastrodon|Earth Power|p1b: Ogerpon\n|-damage|p1b: Ogerpon|19\/100\n|move|p1a: Torkoal|Eruption|p2b: Gastrodon|[spread] p2a,p2b\n|-resisted|p2a: Dragapult\n|-resisted|p2b: Gastrodon\n|-damage|p2a: Dragapult|64\/100\n|-damage|p2b: Gastrodon|83\/100\n|\n|-weather|SunnyDay|[upkeep]\n|upkeep\n|turn|2\n|\n|t:|1700394991\n|move|p2a: Dragapult|Dragon Darts|p1a: Torkoal\n|-damage|p1a: Torkoal|42\/100\n|-anim|p2a: Dragapult|Dragon Darts|p1b: Ogerpon\n|-damage|p1b: Ogerpon|0 fnt\n|faint|p1b: Ogerpon\n|move|p2b: Gastrodon|Earth Power|p1a: Torkoal\n|-supereffective|p1a: Torkoal\n|-damage|p1a: Torkoal|0 fnt\n|faint|p1a: Torkoal\n|\n|-weather|SunnyDay|[upkeep]\n|upkeep\n|\n|t:|1700394997\n|switch|p1b: Great Tusk|Great Tusk, L50|100\/100\n|switch|p1a: Flutter Mane|Flutter Mane, L50|100\/100\n|-activate|p1b: Great Tusk|ability: Protosynthesis\n|-start|p1b: Great Tusk|protosynthesisatk\n|-activate|p1a: Flutter Mane|ability: Protosynthesis\n|-start|p1a: Flutter Mane|protosynthesisspe\n|turn|3\n|inactive|Meta warriors has 30 seconds left.\n|inactive|Light_Nova7 has 30 seconds left.\n|\n|t:|1700395025\n|switch|p2a: Magcargo|Magcargo, L50, M, shiny|100\/100\n|-terastallize|p1b: Great Tusk|Ground\n|move|p1a: Flutter Mane|Moonblast|p2a: Magcargo\n|-resisted|p2a: Magcargo\n|-damage|p2a: Magcargo|68\/100\n|-unboost|p2a: Magcargo|spa|1\n|move|p1b: Great Tusk|Headlong Rush|p2b: Gastrodon\n|-damage|p2b: Gastrodon|0 fnt\n|-unboost|p1b: Great Tusk|def|1\n|-unboost|p1b: Great Tusk|spd|1\n|faint|p2b: Gastrodon\n|\n|-weather|SunnyDay|[upkeep]\n|upkeep\n|\n|t:|1700395045\n|switch|p2b: Hatterene|Hatterene, L50, F, shiny|100\/100\n|turn|4\n|\n|t:|1700395068\n|move|p1a: Flutter Mane|Moonblast|p2b: Hatterene\n|-crit|p2b: Hatterene\n|-damage|p2b: Hatterene|0 fnt\n|faint|p2b: Hatterene\n|move|p1b: Great Tusk|Headlong Rush|p2a: Magcargo\n|-supereffective|p2a: Magcargo\n|-damage|p2a: Magcargo|0 fnt\n|-unboost|p1b: Great Tusk|def|1\n|-unboost|p1b: Great Tusk|spd|1\n|faint|p2a: Magcargo\n|\n|-weather|SunnyDay|[upkeep]\n|upkeep\n|\n|t:|1700395082\n|switch|p2a: Dragapult|Dragapult, L50, M, shiny|64\/100\n|turn|5\n|\n|t:|1700395106\n|-terastallize|p2a: Dragapult|Fairy\n|move|p1a: Flutter Mane|Moonblast|p2a: Dragapult\n|-damage|p2a: Dragapult|0 fnt\n|faint|p2a: Dragapult\n|\n|win|Meta warriors\n|raw|Meta warriors's rating: 1138 &rarr; <strong>1158<\/strong><br \/>(+20 for winning)\n|raw|Light_Nova7's rating: 1070 &rarr; <strong>1053<\/strong><br \/>(-17 for losing)\n|l|\u2606Meta warriors\n|j|\u2606Meta warriors\n|player|p1|Meta warriors|pearlclanmember\n","uploadtime":1700395114,"views":4,"p1id":"metawarriors","p2id":"lightnova7","formatid":"gen9vgc2023regulatione","rating":1053,"private":0,"password":""}