{"id":"gen9vgc2023regulatione-1993510931","p1":"ClayProof","p2":"Krjzkzjzl","format":"[Gen 9] VGC 2023 Regulation E","log":"|j|\u2606ClayProof\n|j|\u2606Krjzkzjzl\n|t:|1700326435\n|gametype|doubles\n|player|p1|ClayProof|cameraman|1087\n|player|p2|Krjzkzjzl|lance|1135\n|teamsize|p1|6\n|teamsize|p2|6\n|gen|9\n|tier|[Gen 9] VGC 2023 Regulation E\n|rated|\n|rule|Species Clause: Limit one of each Pok\u00e9mon\n|rule|Item Clause: Limit one of each item\n|clearpoke\n|poke|p1|Raichu, L50, M|\n|poke|p1|Thundurus-Therian, L50, M|\n|poke|p1|Pincurchin, L50, F|\n|poke|p1|Ursaluna-Bloodmoon, L50, M|\n|poke|p1|Jolteon, L50, F|\n|poke|p1|Zapdos, L50|\n|poke|p2|Flutter Mane, L50|\n|poke|p2|Tornadus, L50, M|\n|poke|p2|Rillaboom, L50, M|\n|poke|p2|Garganacl, L50, M|\n|poke|p2|Arcanine-Hisui, L50, F|\n|poke|p2|Chien-Pao, L50|\n|teampreview|4\n|\n|t:|1700326468\n|start\n|switch|p1a: Raichu|Raichu, L50, M|100\/100\n|switch|p1b: Pincurchin|Pincurchin, L50, F|100\/100\n|switch|p2a: Tornadus|Tornadus, L50, M|100\/100\n|switch|p2b: Garganacl|Garganacl, L50, M|100\/100\n|turn|1\n|\n|t:|1700326488\n|move|p2a: Tornadus|Tailwind|p2a: Tornadus\n|-sidestart|p2: Krjzkzjzl|move: Tailwind\n|move|p1a: Raichu|Discharge|p2a: Tornadus|[spread] p2a,p2b\n|-ability|p1b: Pincurchin|Lightning Rod|boost\n|-boost|p1b: Pincurchin|spa|1\n|-supereffective|p2a: Tornadus\n|-damage|p2a: Tornadus|59\/100\n|-damage|p2b: Garganacl|83\/100\n|-status|p2a: Tornadus|par\n|move|p2b: Garganacl|Salt Cure|p1a: Raichu\n|-crit|p1a: Raichu\n|-damage|p1a: Raichu|55\/100\n|-start|p1a: Raichu|Salt Cure\n|move|p1b: Pincurchin|Discharge|p2a: Tornadus|[spread] p2a,p2b\n|-ability|p1a: Raichu|Lightning Rod|boost\n|-boost|p1a: Raichu|spa|1\n|-supereffective|p2a: Tornadus\n|-damage|p2a: Tornadus|3\/100 par\n|-damage|p2b: Garganacl|58\/100\n|\n|-damage|p1a: Raichu|43\/100|[from] Salt Cure\n|upkeep\n|turn|2\n|\n|t:|1700326507\n|move|p2b: Garganacl|Protect|p2b: Garganacl\n|-singleturn|p2b: Garganacl|Protect\n|move|p1a: Raichu|Discharge|p2a: Tornadus|[spread] p2a\n|-activate|p2b: Garganacl|move: Protect\n|-ability|p1b: Pincurchin|Lightning Rod|boost\n|-boost|p1b: Pincurchin|spa|1\n|-supereffective|p2a: Tornadus\n|-damage|p2a: Tornadus|0 fnt\n|faint|p2a: Tornadus\n|move|p1b: Pincurchin|Discharge|p2b: Garganacl|[spread] \n|-activate|p2b: Garganacl|move: Protect\n|-ability|p1a: Raichu|Lightning Rod|boost\n|-boost|p1a: Raichu|spa|1\n|\n|-damage|p1a: Raichu|32\/100|[from] Salt Cure\n|upkeep\n|\n|t:|1700326515\n|switch|p2a: Rillaboom|Rillaboom, L50, M|100\/100\n|-fieldstart|move: Grassy Terrain|[from] ability: Grassy Surge|[of] p2a: Rillaboom\n|turn|3\n|\n|t:|1700326527\n|-terastallize|p1a: Raichu|Ice\n|-terastallize|p2b: Garganacl|Ghost\n|move|p2a: Rillaboom|Grassy Glide|p1a: Raichu\n|-damage|p1a: Raichu|0 fnt\n|faint|p1a: Raichu\n|move|p2b: Garganacl|Salt Cure|p1b: Pincurchin\n|-damage|p1b: Pincurchin|82\/100\n|-start|p1b: Pincurchin|Salt Cure\n|move|p1b: Pincurchin|Discharge|p2b: Garganacl|[spread] p2a,p2b\n|-resisted|p2a: Rillaboom\n|-damage|p2a: Rillaboom|84\/100\n|-damage|p2b: Garganacl|23\/100\n|-enditem|p2b: Garganacl|Sitrus Berry|[eat]\n|-heal|p2b: Garganacl|48\/100|[from] item: Sitrus Berry\n|\n|-heal|p2a: Rillaboom|89\/100|[from] Grassy Terrain\n|-heal|p2b: Garganacl|54\/100|[from] Grassy Terrain\n|-heal|p1b: Pincurchin|88\/100|[from] Grassy Terrain\n|-damage|p1b: Pincurchin|76\/100|[from] Salt Cure\n|upkeep\n|\n|t:|1700326535\n|switch|p1a: Thundurus|Thundurus-Therian, L50, M|100\/100\n|turn|4\n|\n|t:|1700326554\n|move|p1a: Thundurus|Discharge|p2a: Rillaboom|[spread] p2a,p2b\n|-ability|p1b: Pincurchin|Lightning Rod|boost\n|-boost|p1b: Pincurchin|spa|1\n|-resisted|p2a: Rillaboom\n|-damage|p2a: Rillaboom|77\/100\n|-damage|p2b: Garganacl|31\/100\n|move|p2a: Rillaboom|Wood Hammer|p1b: Pincurchin\n|-damage|p1b: Pincurchin|0 fnt\n|faint|p1b: Pincurchin\n|-damage|p2a: Rillaboom|58\/100|[from] Recoil\n|move|p2b: Garganacl|Salt Cure|p1a: Thundurus\n|-supereffective|p1a: Thundurus\n|-damage|p1a: Thundurus|60\/100\n|-start|p1a: Thundurus|Salt Cure\n|\n|-heal|p2a: Rillaboom|64\/100|[from] Grassy Terrain\n|-heal|p2b: Garganacl|37\/100|[from] Grassy Terrain\n|-damage|p1a: Thundurus|48\/100|[from] Salt Cure\n|-sideend|p2: Krjzkzjzl|move: Tailwind\n|upkeep\n|\n|t:|1700326562\n|switch|p1b: Ursaluna|Ursaluna-Bloodmoon, L50, M|100\/100\n|turn|5\n|\n|t:|1700326574\n|move|p1a: Thundurus|Discharge|p2b: Garganacl|[spread] p2a,p2b\n|-immune|p1b: Ursaluna\n|-resisted|p2a: Rillaboom\n|-damage|p2a: Rillaboom|51\/100\n|-damage|p2b: Garganacl|15\/100\n|-status|p2a: Rillaboom|par\n|move|p1b: Ursaluna|Blood Moon|p2a: Rillaboom\n|-damage|p2a: Rillaboom|0 fnt\n|faint|p2a: Rillaboom\n|move|p2b: Garganacl|Recover|p2b: Garganacl\n|-heal|p2b: Garganacl|65\/100\n|\n|-heal|p2b: Garganacl|71\/100|[from] Grassy Terrain\n|-damage|p1a: Thundurus|36\/100|[from] Salt Cure\n|upkeep\n|\n|t:|1700326583\n|switch|p2a: Chien-Pao|Chien-Pao, L50|100\/100\n|-ability|p2a: Chien-Pao|Sword of Ruin\n|turn|6\n|\n|t:|1700326591\n|move|p2a: Chien-Pao|Protect|p2a: Chien-Pao\n|-singleturn|p2a: Chien-Pao|Protect\n|move|p1a: Thundurus|Discharge|p2a: Chien-Pao|[spread] p2b\n|-activate|p2a: Chien-Pao|move: Protect\n|-immune|p1b: Ursaluna\n|-damage|p2b: Garganacl|51\/100\n|move|p1b: Ursaluna|Moonblast|p2a: Chien-Pao\n|-activate|p2a: Chien-Pao|move: Protect\n|move|p2b: Garganacl|Salt Cure|p1b: Ursaluna\n|-resisted|p1b: Ursaluna\n|-damage|p1b: Ursaluna|94\/100\n|-start|p1b: Ursaluna|Salt Cure\n|\n|-heal|p1b: Ursaluna|99\/100|[from] Grassy Terrain\n|-heal|p2b: Garganacl|57\/100|[from] Grassy Terrain\n|-damage|p1a: Thundurus|23\/100|[from] Salt Cure\n|-damage|p1b: Ursaluna|87\/100|[from] Salt Cure\n|upkeep\n|turn|7\n|\n|t:|1700326604\n|move|p1a: Thundurus|Discharge|p2a: Chien-Pao|[spread] p2a,p2b\n|-immune|p1b: Ursaluna\n|-damage|p2a: Chien-Pao|50\/100\n|-damage|p2b: Garganacl|35\/100\n|move|p2a: Chien-Pao|Ice Spinner|p1b: Ursaluna\n|-supereffective|p1b: Ursaluna\n|-damage|p1b: Ursaluna|5\/100\n|-fieldend|move: Grassy Terrain\n|move|p1b: Ursaluna|Moonblast|p2a: Chien-Pao\n|-supereffective|p2a: Chien-Pao\n|-damage|p2a: Chien-Pao|0 fnt\n|faint|p2a: Chien-Pao\n|move|p2b: Garganacl|Recover|p2b: Garganacl\n|-heal|p2b: Garganacl|85\/100\n|\n|-damage|p1a: Thundurus|11\/100|[from] Salt Cure\n|-damage|p1b: Ursaluna|0 fnt|[from] Salt Cure\n|faint|p1b: Ursaluna\n|upkeep\n|turn|8\n|\n|t:|1700326615\n|move|p2b: Garganacl|Protect|p2b: Garganacl\n|-singleturn|p2b: Garganacl|Protect\n|move|p1a: Thundurus|Discharge|p2b: Garganacl\n|-activate|p2b: Garganacl|move: Protect\n|\n|-damage|p1a: Thundurus|0 fnt|[from] Salt Cure\n|faint|p1a: Thundurus\n|\n|win|Krjzkzjzl\n|upkeep\n|raw|ClayProof's rating: 1087 &rarr; <strong>1067<\/strong><br \/>(-20 for losing)\n|raw|Krjzkzjzl's rating: 1135 &rarr; <strong>1157<\/strong><br \/>(+22 for winning)\n|l|\u2606ClayProof\n","uploadtime":1700326626,"views":8,"p1id":"clayproof","p2id":"krjzkzjzl","formatid":"gen9vgc2023regulatione","rating":1067,"private":0,"password":""}