{"id":"gen9vgc2023regulatione-1993304494","p1":"Lemonese","p2":"terryturtonator","format":"[Gen 9] VGC 2023 Regulation E","log":"|j|\u2606Lemonese\n|j|\u2606terryturtonator\n|t:|1700294265\n|gametype|doubles\n|player|p1|Lemonese|maid|1119\n|player|p2|terryturtonator|169|1000\n|teamsize|p1|6\n|teamsize|p2|6\n|gen|9\n|tier|[Gen 9] VGC 2023 Regulation E\n|rated|\n|rule|Species Clause: Limit one of each Pok\u00e9mon\n|rule|Item Clause: Limit one of each item\n|clearpoke\n|poke|p1|Ogerpon-Wellspring, L50, F|\n|poke|p1|Iron Hands, L50|\n|poke|p1|Farigiraf, L50, F|\n|poke|p1|Landorus-Therian, L50, M|\n|poke|p1|Flutter Mane, L50|\n|poke|p1|Roaring Moon, L50|\n|poke|p2|Clefairy, L50, M|\n|poke|p2|Baxcalibur, L50, F|\n|poke|p2|Pelipper, L50, F|\n|poke|p2|Salamence, L50, F|\n|poke|p2|Landorus-Therian, L50, M|\n|poke|p2|Cresselia, L50, F|\n|teampreview|4\n|\n|t:|1700294295\n|start\n|switch|p1a: Farigiraf|Farigiraf, L50, F|100\/100\n|switch|p1b: Flutter Mane|Flutter Mane, L50|100\/100\n|switch|p2a: Baxcalibur|Baxcalibur, L50, F|100\/100\n|switch|p2b: Landorus|Landorus-Therian, L50, M|100\/100\n|-ability|p2b: Landorus|Intimidate|boost\n|-unboost|p1a: Farigiraf|atk|1\n|-unboost|p1b: Flutter Mane|atk|1\n|turn|1\n|\n|t:|1700294324\n|move|p2a: Baxcalibur|Protect|p2a: Baxcalibur\n|-singleturn|p2a: Baxcalibur|Protect\n|move|p1b: Flutter Mane|Dazzling Gleam|p2a: Baxcalibur|[spread] p2b\n|-activate|p2a: Baxcalibur|move: Protect\n|-crit|p2b: Landorus\n|-damage|p2b: Landorus|31\/100\n|move|p2b: Landorus|Stomping Tantrum|p1b: Flutter Mane\n|-damage|p1b: Flutter Mane|28\/100\n|move|p1a: Farigiraf|Hyper Voice|p2b: Landorus|[spread] p2b\n|-activate|p2a: Baxcalibur|move: Protect\n|-damage|p2b: Landorus|0 fnt\n|faint|p2b: Landorus\n|\n|upkeep\n|\n|t:|1700294339\n|switch|p2b: Pelipper|Pelipper, L50, F|100\/100\n|-weather|RainDance|[from] ability: Drizzle|[of] p2b: Pelipper\n|turn|2\n|\n|t:|1700294347\n|switch|p1a: Landorus|Landorus-Therian, L50, M|100\/100\n|-ability|p1a: Landorus|Intimidate|boost\n|-unboost|p2a: Baxcalibur|atk|1\n|-unboost|p2b: Pelipper|atk|1\n|-terastallize|p2a: Baxcalibur|Ground\n|move|p2b: Pelipper|Wide Guard|p2b: Pelipper\n|-singleturn|p2b: Pelipper|Wide Guard\n|move|p1b: Flutter Mane|Dazzling Gleam|p2a: Baxcalibur|[spread] \n|-activate|p2a: Baxcalibur|move: Wide Guard\n|-activate|p2b: Pelipper|move: Wide Guard\n|move|p2a: Baxcalibur|Dragon Dance|p2a: Baxcalibur\n|-boost|p2a: Baxcalibur|atk|1\n|-boost|p2a: Baxcalibur|spe|1\n|\n|-weather|RainDance|[upkeep]\n|upkeep\n|turn|3\n|\n|t:|1700294388\n|-end|p1b: Flutter Mane|Protosynthesis|[silent]\n|switch|p1b: Farigiraf|Farigiraf, L50, F|100\/100\n|move|p1a: Landorus|Rock Slide|p2b: Pelipper|[spread] p2a,p2b\n|-resisted|p2a: Baxcalibur\n|-crit|p2a: Baxcalibur\n|-supereffective|p2b: Pelipper\n|-damage|p2a: Baxcalibur|85\/100\n|-damage|p2b: Pelipper|66\/100\n|cant|p2a: Baxcalibur|flinch\n|cant|p2b: Pelipper|flinch\n|\n|-weather|RainDance|[upkeep]\n|upkeep\n|turn|4\n|c|\u2606terryturtonator|wow\n|\n|t:|1700294410\n|move|p1a: Landorus|Rock Slide|p2b: Pelipper|[spread] p2a,p2b\n|-resisted|p2a: Baxcalibur\n|-supereffective|p2b: Pelipper\n|-damage|p2a: Baxcalibur|73\/100\n|-damage|p2b: Pelipper|29\/100\n|cant|p2a: Baxcalibur|flinch\n|move|p2b: Pelipper|Hydro Pump|p1a: Landorus|[miss]\n|-miss|p2b: Pelipper|p1a: Landorus\n|move|p1b: Farigiraf|Hyper Voice|p2b: Pelipper|[spread] p2a,p2b\n|-damage|p2a: Baxcalibur|36\/100\n|-damage|p2b: Pelipper|0 fnt\n|faint|p2b: Pelipper\n|\n|-weather|RainDance|[upkeep]\n|upkeep\n|c|\u2606Lemonese|jesus\n|\n|t:|1700294421\n|switch|p2b: Clefairy|Clefairy, L50, M|100\/100\n|turn|5\n|\n|t:|1700294427\n|move|p1a: Landorus|Rock Slide|p2b: Clefairy|[spread] p2a,p2b\n|-resisted|p2a: Baxcalibur\n|-damage|p2a: Baxcalibur|28\/100\n|-damage|p2b: Clefairy|76\/100\n|move|p2a: Baxcalibur|Dragon Dance|p2a: Baxcalibur\n|-boost|p2a: Baxcalibur|atk|1\n|-boost|p2a: Baxcalibur|spe|1\n|move|p1b: Farigiraf|Hyper Voice|p2b: Clefairy|[spread] p2a,p2b\n|-damage|p2a: Baxcalibur|2\/100\n|-damage|p2b: Clefairy|55\/100\n|cant|p2b: Clefairy|flinch\n|\n|-weather|RainDance|[upkeep]\n|upkeep\n|turn|6\n|\n|t:|1700294440\n|move|p2a: Baxcalibur|Protect|p2a: Baxcalibur\n|-singleturn|p2a: Baxcalibur|Protect\n|move|p1a: Landorus|Rock Slide|p2b: Clefairy|[spread] p2b\n|-activate|p2a: Baxcalibur|move: Protect\n|-damage|p2b: Clefairy|28\/100\n|move|p1b: Farigiraf|Hyper Voice|p2a: Baxcalibur|[spread] p2b\n|-activate|p2a: Baxcalibur|move: Protect\n|-damage|p2b: Clefairy|5\/100\n|cant|p2b: Clefairy|flinch\n|\n|-weather|none\n|upkeep\n|turn|7\n|c|\u2606terryturtonator|so how much do you pay showdown\n|c|\u2606Lemonese|lmfao\n|\n|t:|1700294471\n|move|p2a: Baxcalibur|Glaive Rush|p1b: Farigiraf\n|-damage|p1b: Farigiraf|0 fnt\n|-singlemove|p2a: Baxcalibur|Glaive Rush|[silent]\n|faint|p1b: Farigiraf\n|move|p1a: Landorus|Rock Slide|p2b: Clefairy|[spread] p2a,p2b\n|-resisted|p2a: Baxcalibur\n|-damage|p2a: Baxcalibur|0 fnt\n|-damage|p2b: Clefairy|0 fnt\n|faint|p2a: Baxcalibur\n|faint|p2b: Clefairy\n|\n|win|Lemonese\n|raw|Lemonese's rating: 1119 &rarr; <strong>1136<\/strong><br \/>(+17 for winning)\n|raw|terryturtonator's rating: 1000 &rarr; <strong>1000<\/strong><br \/>(+0 for losing)\n|c|\u2606Lemonese|im sorry bro\n|l|\u2606terryturtonator\n","uploadtime":1700294491,"views":9,"p1id":"lemonese","p2id":"terryturtonator","formatid":"gen9vgc2023regulatione","rating":1000,"private":0,"password":""}