{"id":"gen9vgc2023regulatione-1998037618","p1":"gamemasterv111","p2":"lowki125","format":"[Gen 9] VGC 2023 Regulation E","log":"|j|\u2606gamemasterv111\n|j|\u2606lowki125\n|n|\u2606gamemasterv111|gamemasterv111\n|n|\u2606lowki125|lowki125\n|html|View the match progress at <a href=\"\/game-bestof3-gen9vgc2023regulatione-1998035355\">game-bestof3-gen9vgc2023regulatione-1998035355<\/a>\n|t:|1700882095\n|gametype|doubles\n|player|p1|gamemasterv111|morty-masters2|\n|player|p2|lowki125|dahlia|\n|teamsize|p1|6\n|teamsize|p2|6\n|gen|9\n|tier|[Gen 9] VGC 2023 Regulation E\n|rule|Species Clause: Limit one of each Pok\u00e9mon\n|rule|Item Clause: Limit one of each item\n|clearpoke\n|poke|p1|Arbok, L50, M|\n|poke|p1|Sinistcha-Masterpiece, L50|\n|poke|p1|Iron Hands, L50|\n|poke|p1|Flutter Mane, L50|\n|poke|p1|Rotom-Heat, L50|\n|poke|p1|Milotic, L50, F|\n|poke|p2|Goodra-Hisui, L50, M|\n|poke|p2|Amoonguss, L50, F|\n|poke|p2|Landorus-Therian, L50, M|\n|poke|p2|Ogerpon-Hearthflame, L50, F|\n|poke|p2|Kingambit, L50, F|\n|poke|p2|Annihilape, L50, F|\n|teampreview|4\n|\n|t:|1700882138\n|start\n|switch|p1a: Milotic|Milotic, L50, F, shiny|100\/100\n|switch|p1b: Rotom|Rotom-Heat, L50|100\/100\n|switch|p2a: Goodra|Goodra-Hisui, L50, M|100\/100\n|switch|p2b: Ogerpon|Ogerpon-Hearthflame, L50, F|100\/100\n|-ability|p2b: Ogerpon|Mold Breaker\n|turn|1\n|\n|t:|1700882170\n|move|p2b: Ogerpon|Horn Leech|p1a: Milotic\n|-supereffective|p1a: Milotic\n|-damage|p1a: Milotic|26\/100\n|move|p1b: Rotom|Volt Switch|p2b: Ogerpon\n|-resisted|p2b: Ogerpon\n|-damage|p2b: Ogerpon|73\/100\n|\n|t:|1700882178\n|switch|p1b: Sinistcha|Sinistcha-Masterpiece, L50|100\/100|[from] Volt Switch\n|-heal|p1a: Milotic|51\/100|[from] ability: Hospitality|[of] p1b: Sinistcha\n|move|p1a: Milotic|Coil|p1a: Milotic\n|-boost|p1a: Milotic|atk|1\n|-boost|p1a: Milotic|def|1\n|-boost|p1a: Milotic|accuracy|1\n|move|p2a: Goodra|Life Dew||[still]|[spread] p2a,p2b\n|-fail|p2a: Goodra|heal\n|-heal|p2b: Ogerpon|98\/100\n|\n|-heal|p1a: Milotic|57\/100|[from] item: Leftovers\n|upkeep\n|turn|2\n|\n|t:|1700882212\n|switch|p1b: Iron Hands|Iron Hands, L50|100\/100\n|-terastallize|p1a: Milotic|Dragon\n|move|p2b: Ogerpon|Ivy Cudgel|p1b: Iron Hands|[anim] Ivy Cudgel Fire\n|-damage|p1b: Iron Hands|63\/100\n|move|p1a: Milotic|Recover|p1a: Milotic\n|-heal|p1a: Milotic|100\/100\n|move|p2a: Goodra|Dragon Tail|p1a: Milotic\n|-supereffective|p1a: Milotic\n|-damage|p1a: Milotic|78\/100\n|drag|p1a: Rotom|Rotom-Heat, L50|100\/100\n|\n|upkeep\n|turn|3\n|\n|t:|1700882248\n|-terastallize|p2b: Ogerpon|Fire\n|detailschange|p2b: Ogerpon|Ogerpon-Hearthflame-Tera, L50, F, tera:Fire\n|-ability|p2b: Ogerpon|Embody Aspect (Hearthflame)|boost\n|-boost|p2b: Ogerpon|atk|1\n|move|p1b: Iron Hands|Fake Out|p2b: Ogerpon\n|-damage|p2b: Ogerpon|79\/100\n|cant|p2b: Ogerpon|flinch\n|move|p1a: Rotom|Overheat|p2b: Ogerpon\n|-resisted|p2b: Ogerpon\n|-damage|p2b: Ogerpon|28\/100\n|-unboost|p1a: Rotom|spa|2\n|move|p2a: Goodra|Life Dew||[still]|[spread] p2a,p2b\n|-fail|p2a: Goodra|heal\n|-heal|p2b: Ogerpon|53\/100\n|\n|upkeep\n|turn|4\n|\n|t:|1700882268\n|switch|p1a: Milotic|Milotic, L50, F, shiny, tera:Dragon|78\/100\n|move|p2b: Ogerpon|Stomping Tantrum|p1b: Iron Hands\n|-supereffective|p1b: Iron Hands\n|-damage|p1b: Iron Hands|0 fnt\n|faint|p1b: Iron Hands\n|-end|p1b: Iron Hands|Quark Drive|[silent]\n|move|p2a: Goodra|Life Dew||[still]|[spread] p2a,p2b\n|-fail|p2a: Goodra|heal\n|-heal|p2b: Ogerpon|79\/100\n|\n|-heal|p1a: Milotic|84\/100|[from] item: Leftovers\n|upkeep\n|\n|t:|1700882277\n|switch|p1b: Sinistcha|Sinistcha-Masterpiece, L50|100\/100\n|-heal|p1a: Milotic|100\/100|[from] ability: Hospitality|[of] p1b: Sinistcha\n|turn|5\n|\n|t:|1700882288\n|switch|p1b: Rotom|Rotom-Heat, L50|100\/100\n|move|p2b: Ogerpon|Ivy Cudgel|p1b: Rotom|[anim] Ivy Cudgel Fire\n|-resisted|p1b: Rotom\n|-damage|p1b: Rotom|23\/100\n|move|p1a: Milotic|Scald|p2b: Ogerpon\n|-supereffective|p2b: Ogerpon\n|-damage|p2b: Ogerpon|4\/100\n|move|p2a: Goodra|Dragon Tail|p1a: Milotic|[miss]\n|-miss|p2a: Goodra|p1a: Milotic\n|\n|upkeep\n|turn|6\n|\n|t:|1700882320\n|move|p2b: Ogerpon|Spiky Shield|p2b: Ogerpon\n|-singleturn|p2b: Ogerpon|move: Protect\n|move|p1b: Rotom|Volt Switch|p2a: Goodra\n|-resisted|p2a: Goodra\n|-damage|p2a: Goodra|84\/100\n|\n|t:|1700882324\n|switch|p1b: Sinistcha|Sinistcha-Masterpiece, L50|100\/100|[from] Volt Switch\n|move|p1a: Milotic|Scald|p2b: Ogerpon\n|-activate|p2b: Ogerpon|move: Protect\n|move|p2a: Goodra|Life Dew|p2a: Goodra|[spread] p2a,p2b\n|-heal|p2a: Goodra|100\/100\n|-heal|p2b: Ogerpon|29\/100\n|\n|upkeep\n|turn|7\n|\n|t:|1700882372\n|move|p2b: Ogerpon|Ivy Cudgel|p1b: Sinistcha|[anim] Ivy Cudgel Fire\n|-supereffective|p1b: Sinistcha\n|-damage|p1b: Sinistcha|0 fnt\n|faint|p1b: Sinistcha\n|move|p1a: Milotic|Scald|p2b: Ogerpon\n|-supereffective|p2b: Ogerpon\n|-damage|p2b: Ogerpon|0 fnt\n|faint|p2b: Ogerpon\n|move|p2a: Goodra|Body Press|p1a: Milotic\n|-damage|p1a: Milotic|79\/100\n|\n|-heal|p1a: Milotic|85\/100|[from] item: Leftovers\n|upkeep\n|\n|t:|1700882379\n|switch|p2b: Landorus|Landorus-Therian, L50, M|100\/100\n|switch|p1b: Rotom|Rotom-Heat, L50|23\/100\n|-ability|p2b: Landorus|Intimidate|boost\n|-unboost|p1a: Milotic|atk|1\n|-ability|p1a: Milotic|Competitive|boost\n|-boost|p1a: Milotic|spa|2\n|-unboost|p1b: Rotom|atk|1\n|turn|8\n|\n|t:|1700882406\n|move|p2b: Landorus|U-turn|p1b: Rotom\n|-resisted|p1b: Rotom\n|-damage|p1b: Rotom|5\/100\n|\n|t:|1700882409\n|switch|p2b: Amoonguss|Amoonguss, L50, F, shiny|100\/100|[from] U-turn\n|move|p1b: Rotom|Overheat|p2a: Goodra\n|-damage|p2a: Goodra|41\/100\n|-unboost|p1b: Rotom|spa|2\n|move|p1a: Milotic|Coil|p1a: Milotic\n|-boost|p1a: Milotic|atk|1\n|-boost|p1a: Milotic|def|1\n|-boost|p1a: Milotic|accuracy|1\n|move|p2a: Goodra|Body Press|p1b: Rotom\n|-damage|p1b: Rotom|0 fnt\n|faint|p1b: Rotom\n|\n|-heal|p1a: Milotic|91\/100|[from] item: Leftovers\n|upkeep\n|turn|9\n|\n|t:|1700882421\n|move|p1a: Milotic|Hypnosis|p2b: Amoonguss\n|-status|p2b: Amoonguss|slp|[from] move: Hypnosis\n|move|p2a: Goodra|Body Press|p1a: Milotic\n|-damage|p1a: Milotic|76\/100\n|cant|p2b: Amoonguss|slp\n|\n|-heal|p1a: Milotic|82\/100|[from] item: Leftovers\n|upkeep\n|turn|10\n|\n|t:|1700882434\n|move|p1a: Milotic|Hypnosis|p2a: Goodra|[miss]\n|-miss|p1a: Milotic|p2a: Goodra\n|move|p2a: Goodra|Body Press|p1a: Milotic\n|-damage|p1a: Milotic|68\/100\n|cant|p2b: Amoonguss|slp\n|\n|-heal|p1a: Milotic|75\/100|[from] item: Leftovers\n|upkeep\n|turn|11\n|\n|t:|1700882444\n|move|p1a: Milotic|Hypnosis|p2a: Goodra\n|-status|p2a: Goodra|slp|[from] move: Hypnosis\n|cant|p2a: Goodra|slp\n|-curestatus|p2b: Amoonguss|slp|[msg]\n|move|p2b: Amoonguss|Spore|p1a: Milotic\n|-status|p1a: Milotic|slp|[from] move: Spore\n|\n|-heal|p1a: Milotic|81\/100 slp|[from] item: Leftovers\n|upkeep\n|turn|12\n|\n|t:|1700882473\n|cant|p1a: Milotic|slp\n|cant|p2a: Goodra|slp\n|move|p2b: Amoonguss|Sludge Bomb|p1a: Milotic\n|-damage|p1a: Milotic|57\/100 slp\n|\n|-heal|p1a: Milotic|63\/100 slp|[from] item: Leftovers\n|upkeep\n|turn|13\n|\n|t:|1700882484\n|switch|p2a: Landorus|Landorus-Therian, L50, M|100\/100\n|-ability|p2a: Landorus|Intimidate|boost\n|-unboost|p1a: Milotic|atk|1\n|-ability|p1a: Milotic|Competitive|boost\n|-boost|p1a: Milotic|spa|2\n|cant|p1a: Milotic|slp\n|move|p2b: Amoonguss|Sludge Bomb|p1a: Milotic\n|-damage|p1a: Milotic|41\/100 slp\n|\n|-heal|p1a: Milotic|47\/100 slp|[from] item: Leftovers\n|upkeep\n|turn|14\n|\n|t:|1700882495\n|move|p2a: Landorus|Stomping Tantrum|p1a: Milotic\n|-damage|p1a: Milotic|22\/100 slp\n|cant|p1a: Milotic|slp\n|move|p2b: Amoonguss|Sludge Bomb|p1a: Milotic\n|-damage|p1a: Milotic|0 fnt\n|faint|p1a: Milotic\n|\n|win|lowki125\n|l|\u2606gamemasterv111\n","uploadtime":1700882545,"views":3,"p1id":"gamemasterv111","p2id":"lowki125","formatid":"gen9vgc2023regulatione","rating":0,"private":0,"password":""}