{"id":"gen9vgc2023regulatione-1996551723","p1":"SILVERGALARGA","p2":"Trachodi1991","format":"[Gen 9] VGC 2023 Regulation E","log":"|j|\u2606SILVERGALARGA\n|j|\u2606Trachodi1991\n|t:|1700693414\n|gametype|doubles\n|player|p1|SILVERGALARGA|101|\n|player|p2|Trachodi1991|linebacker|\n|teamsize|p1|6\n|teamsize|p2|6\n|gen|9\n|tier|[Gen 9] VGC 2023 Regulation E\n|rule|Species Clause: Limit one of each Pok\u00e9mon\n|rule|Item Clause: Limit one of each item\n|clearpoke\n|poke|p1|Amoonguss, L50, F|\n|poke|p1|Dragonite, L50, F|\n|poke|p1|Pelipper, L50, M|\n|poke|p1|Baxcalibur, L50, M|\n|poke|p1|Palafin, L50, M|\n|poke|p1|Iron Hands, L50|\n|poke|p2|Amoonguss, L50, M|\n|poke|p2|Scizor, L50, F|\n|poke|p2|Dondozo, L50, M|\n|poke|p2|Tatsugiri, L50, M|\n|poke|p2|Flutter Mane, L50|\n|poke|p2|Arcanine, L50, F|\n|teampreview|4\n|j| drakig\n|j| Fukassem\n|j| gobuntu\n|c| drakig|podies empezar\n|c| drakig|timer\n|j| Machado-1497\n|j| Cheminsky953\n|n|\u2606Trachodi1991|trachodi1991\n|c|\u2606Trachodi1991|Aupa Alba\n|j| gclegoat\n|\n|t:|1700693488\n|start\n|switch|p1a: PalaKING|Palafin, L50, M, shiny|100\/100\n|switch|p1b: Amongas|Amoonguss, L50, F|100\/100\n|switch|p2a: Albacetator|Dondozo, L50, M|100\/100\n|switch|p2b: Kokoro|Tatsugiri, L50, M|100\/100\n|-activate|p2b: Kokoro|ability: Commander|[of] p2a: Albacetator\n|-boost|p2a: Albacetator|atk|2\n|-boost|p2a: Albacetator|spa|2\n|-boost|p2a: Albacetator|spe|2\n|-boost|p2a: Albacetator|def|2\n|-boost|p2a: Albacetator|spd|2\n|turn|1\n|c| drakig|el albacete da poder\n|c| drakig|poned timer\n|inactive|Battle timer is ON: inactive players will automatically lose when time's up. (requested by Trachodi1991)\n|\n|t:|1700693533\n|move|p1a: PalaKING|Protect|p1a: PalaKING\n|-singleturn|p1a: PalaKING|Protect\n|move|p2a: Albacetator|Earthquake|p1b: Amongas|[spread] p1b\n|-miss|p2a: Albacetator|p2b: Kokoro\n|-activate|p1a: PalaKING|move: Protect\n|-damage|p1b: Amongas|54\/100\n|move|p1b: Amongas|Spore|p2a: Albacetator\n|-status|p2a: Albacetator|slp|[from] move: Spore\n|\n|upkeep\n|turn|2\n|\n|t:|1700693555\n|detailschange|p1a: PalaKING|Palafin-Hero, L50, M, shiny\n|switch|p1a: Pajarraco|Pelipper, L50, M, shiny|100\/100\n|-weather|RainDance|[from] ability: Drizzle|[of] p1a: Pajarraco\n|cant|p2a: Albacetator|slp\n|move|p1b: Amongas|Pollen Puff|p2a: Albacetator\n|-damage|p2a: Albacetator|93\/100 slp\n|\n|-weather|RainDance|[upkeep]\n|-heal|p2a: Albacetator|99\/100 slp|[from] item: Leftovers\n|upkeep\n|turn|3\n|\n|t:|1700693583\n|cant|p2a: Albacetator|slp\n|move|p1a: Pajarraco|Tailwind|p1a: Pajarraco\n|-sidestart|p1: SILVERGALARGA|move: Tailwind\n|move|p1b: Amongas|Spore|p2a: Albacetator\n|-fail|p2a: Albacetator|slp\n|\n|-weather|RainDance|[upkeep]\n|-heal|p2a: Albacetator|100\/100 slp|[from] item: Leftovers\n|upkeep\n|turn|4\n|\n|t:|1700693596\n|cant|p2a: Albacetator|slp\n|move|p1a: Pajarraco|Hurricane|p2a: Albacetator\n|-crit|p2a: Albacetator\n|-damage|p2a: Albacetator|55\/100 slp\n|move|p1b: Amongas|Spore|p2a: Albacetator\n|-fail|p2a: Albacetator|slp\n|\n|-weather|RainDance|[upkeep]\n|-heal|p2a: Albacetator|61\/100 slp|[from] item: Leftovers\n|upkeep\n|turn|5\n|\n|t:|1700693607\n|-curestatus|p2a: Albacetator|slp|[msg]\n|move|p2a: Albacetator|Protect|p2a: Albacetator\n|-singleturn|p2a: Albacetator|Protect\n|move|p1a: Pajarraco|Hurricane|p2a: Albacetator\n|-activate|p2a: Albacetator|move: Protect\n|move|p1b: Amongas|Spore|p2a: Albacetator\n|-activate|p2a: Albacetator|move: Protect\n|\n|-weather|RainDance|[upkeep]\n|-heal|p2a: Albacetator|67\/100|[from] item: Leftovers\n|upkeep\n|turn|6\n|\n|t:|1700693621\n|move|p2a: Albacetator|Order Up|p1b: Amongas\n|-damage|p1b: Amongas|4\/100\n|-enditem|p1b: Amongas|Sitrus Berry|[eat]\n|-heal|p1b: Amongas|29\/100|[from] item: Sitrus Berry\n|-boost|p2a: Albacetator|atk|1\n|move|p1a: Pajarraco|Hurricane|p2a: Albacetator\n|-damage|p2a: Albacetator|50\/100\n|-start|p2a: Albacetator|confusion\n|move|p1b: Amongas|Spore|p2a: Albacetator\n|-status|p2a: Albacetator|slp|[from] move: Spore\n|\n|-weather|none\n|-heal|p2a: Albacetator|56\/100 slp|[from] item: Leftovers\n|-sideend|p1: SILVERGALARGA|move: Tailwind\n|upkeep\n|turn|7\n|inactive|SILVERGALARGA has 30 seconds left.\n|inactive|SILVERGALARGA has 20 seconds left.\n|inactive|SILVERGALARGA has 15 seconds left.\n|inactive|SILVERGALARGA has 10 seconds left.\n|\n|t:|1700693670\n|cant|p2a: Albacetator|slp\n|move|p1a: Pajarraco|Hurricane|p2a: Albacetator\n|-damage|p2a: Albacetator|37\/100 slp\n|move|p1b: Amongas|Pollen Puff|p2a: Albacetator\n|-damage|p2a: Albacetator|28\/100 slp\n|\n|-heal|p2a: Albacetator|35\/100 slp|[from] item: Leftovers\n|upkeep\n|turn|8\n|inactive|SILVERGALARGA has 30 seconds left.\n|\n|t:|1700693700\n|-curestatus|p2a: Albacetator|slp|[msg]\n|-activate|p2a: Albacetator|confusion\n|move|p2a: Albacetator|Protect|p2a: Albacetator\n|-singleturn|p2a: Albacetator|Protect\n|move|p1a: Pajarraco|Tailwind|p1a: Pajarraco\n|-sidestart|p1: SILVERGALARGA|move: Tailwind\n|move|p1b: Amongas|Pollen Puff|p2a: Albacetator\n|-activate|p2a: Albacetator|move: Protect\n|\n|-heal|p2a: Albacetator|41\/100|[from] item: Leftovers\n|upkeep\n|turn|9\n|\n|t:|1700693720\n|switch|p1a: Tito|Dragonite, L50, F, shiny|100\/100\n|-end|p2a: Albacetator|confusion\n|move|p2a: Albacetator|Order Up|p1b: Amongas\n|-damage|p1b: Amongas|0 fnt\n|faint|p1b: Amongas\n|-boost|p2a: Albacetator|atk|1\n|\n|-heal|p2a: Albacetator|47\/100|[from] item: Leftovers\n|upkeep\n|\n|t:|1700693730\n|switch|p1b: Pajarraco|Pelipper, L50, M, shiny|100\/100\n|-weather|RainDance|[from] ability: Drizzle|[of] p1b: Pajarraco\n|turn|10\n|inactive|SILVERGALARGA has 30 seconds left.\n|inactive|SILVERGALARGA has 20 seconds left.\n|\n|t:|1700693768\n|-terastallize|p1a: Tito|Flying\n|move|p2a: Albacetator|Protect|p2a: Albacetator\n|-singleturn|p2a: Albacetator|Protect\n|move|p1a: Tito|Tera Blast|p2a: Albacetator|[anim] Tera Blast Flying\n|-activate|p2a: Albacetator|move: Protect\n|move|p1b: Pajarraco|Hurricane|p2a: Albacetator\n|-activate|p2a: Albacetator|move: Protect\n|\n|-weather|RainDance|[upkeep]\n|-heal|p2a: Albacetator|53\/100|[from] item: Leftovers\n|upkeep\n|turn|11\n|j| Gerecht\n|\n|t:|1700693786\n|move|p1a: Tito|Tera Blast|p2a: Albacetator|[anim] Tera Blast Flying\n|-damage|p2a: Albacetator|33\/100\n|move|p2a: Albacetator|Order Up|p1a: Tito\n|-damage|p1a: Tito|69\/100\n|-boost|p2a: Albacetator|atk|1\n|move|p1b: Pajarraco|Hurricane|p2a: Albacetator\n|-damage|p2a: Albacetator|16\/100\n|-start|p2a: Albacetator|confusion\n|\n|-weather|RainDance|[upkeep]\n|-heal|p2a: Albacetator|22\/100|[from] item: Leftovers\n|-sideend|p1: SILVERGALARGA|move: Tailwind\n|upkeep\n|turn|12\n|\n|t:|1700693803\n|-activate|p2a: Albacetator|confusion\n|move|p2a: Albacetator|Protect|p2a: Albacetator\n|-singleturn|p2a: Albacetator|Protect\n|move|p1a: Tito|Tera Blast|p2a: Albacetator|[anim] Tera Blast Flying\n|-activate|p2a: Albacetator|move: Protect\n|move|p1b: Pajarraco|Tailwind|p1b: Pajarraco\n|-sidestart|p1: SILVERGALARGA|move: Tailwind\n|\n|-weather|RainDance|[upkeep]\n|-heal|p2a: Albacetator|28\/100|[from] item: Leftovers\n|upkeep\n|turn|13\n|\n|t:|1700693819\n|move|p1a: Tito|Tera Blast|p2a: Albacetator|[anim] Tera Blast Flying\n|-damage|p2a: Albacetator|3\/100\n|-end|p2a: Albacetator|confusion\n|move|p2a: Albacetator|Wave Crash|p1a: Tito\n|-damage|p1a: Tito|0 fnt\n|faint|p1a: Tito\n|-damage|p2a: Albacetator|0 fnt|[from] Recoil\n|faint|p2a: Albacetator\n|move|p1b: Pajarraco|Hurricane|p2b: Kokoro\n|-damage|p2b: Kokoro|52\/100\n|\n|-weather|RainDance|[upkeep]\n|upkeep\n|\n|t:|1700693837\n|switch|p1a: PalaKING|Palafin-Hero, L50, M, shiny|100\/100\n|switch|p2a: Traviesa|Flutter Mane, L50|100\/100\n|-activate|p1a: PalaKING|ability: Zero to Hero\n|-enditem|p2a: Traviesa|Booster Energy\n|-activate|p2a: Traviesa|ability: Protosynthesis|[fromitem]\n|-start|p2a: Traviesa|protosynthesisspe\n|turn|14\n|inactive|SILVERGALARGA has 30 seconds left.\n|inactive|SILVERGALARGA has 20 seconds left.\n|inactive|SILVERGALARGA has 15 seconds left.\n|inactive|SILVERGALARGA has 10 seconds left.\n|\n|t:|1700693884\n|move|p2a: Traviesa|Protect|p2a: Traviesa\n|-singleturn|p2a: Traviesa|Protect\n|move|p1a: PalaKING|Jet Punch|p2a: Traviesa\n|-activate|p2a: Traviesa|move: Protect\n|move|p1b: Pajarraco|Hurricane|p2a: Traviesa\n|-activate|p2a: Traviesa|move: Protect\n|move|p2b: Kokoro|Draco Meteor|p1a: PalaKING\n|-damage|p1a: PalaKING|0 fnt\n|-unboost|p2b: Kokoro|spa|2\n|faint|p1a: PalaKING\n|\n|-weather|none\n|upkeep\n|turn|15\n|inactive|SILVERGALARGA has 30 seconds left.\n|inactive|Trachodi1991 has 30 seconds left.\n|inactive|SILVERGALARGA has 20 seconds left.\n|inactive|Trachodi1991 has 20 seconds left.\n|inactive|SILVERGALARGA has 15 seconds left.\n|inactive|SILVERGALARGA has 10 seconds left.\n|\n|t:|1700693931\n|move|p2a: Traviesa|Dazzling Gleam|p1b: Pajarraco\n|-damage|p1b: Pajarraco|43\/100\n|move|p1b: Pajarraco|Hydro Pump|p2a: Traviesa|[miss]\n|-miss|p1b: Pajarraco|p2a: Traviesa\n|move|p2b: Kokoro|Draco Meteor|p1b: Pajarraco\n|-damage|p1b: Pajarraco|0 fnt\n|-unboost|p2b: Kokoro|spa|2\n|faint|p1b: Pajarraco\n|\n|win|Trachodi1991\n","uploadtime":1700693943,"views":16,"p1id":"silvergalarga","p2id":"trachodi1991","formatid":"gen9vgc2023regulatione","rating":0,"private":0,"password":""}