{"id":"gen9vgc2023regulatione-1993832538","p1":"wingwingy55","p2":"Eliassss","format":"[Gen 9] VGC 2023 Regulation E","log":"|j|\u2606wingwingy55\n|j|\u2606Eliassss\n|t:|1700362839\n|gametype|doubles\n|player|p1|wingwingy55|preschooler|1209\n|player|p2|Eliassss|iris-gen5bw2|1244\n|teamsize|p1|6\n|teamsize|p2|6\n|gen|9\n|tier|[Gen 9] VGC 2023 Regulation E\n|rated|\n|rule|Species Clause: Limit one of each Pok\u00e9mon\n|rule|Item Clause: Limit one of each item\n|clearpoke\n|poke|p1|Dragapult, L50, M|\n|poke|p1|Arcanine-Hisui, L50, F|\n|poke|p1|Ogerpon, L50, F|\n|poke|p1|Iron Hands, L50|\n|poke|p1|Chien-Pao, L50|\n|poke|p1|Moltres-Galar, L50|\n|poke|p2|Flapple, L50, M|\n|poke|p2|Bronzong, L50|\n|poke|p2|Flutter Mane, L50|\n|poke|p2|Rillaboom, L50, M|\n|poke|p2|Maushold, L50|\n|poke|p2|Chi-Yu, L50|\n|teampreview|4\n|inactive|Battle timer is ON: inactive players will automatically lose when time's up. (requested by wingwingy55)\n|\n|t:|1700362884\n|start\n|switch|p1a: Moltres|Moltres-Galar, L50|100\/100\n|switch|p1b: Chien-Pao|Chien-Pao, L50|100\/100\n|switch|p2a: Bronzong|Bronzong, L50, shiny|100\/100\n|switch|p2b: Flapple|Flapple, L50, M, shiny|100\/100\n|-ability|p1b: Chien-Pao|Sword of Ruin\n|turn|1\n|\n|t:|1700362895\n|move|p2b: Flapple|Protect|p2b: Flapple\n|-singleturn|p2b: Flapple|Protect\n|move|p1b: Chien-Pao|Lash Out|p2a: Bronzong\n|-supereffective|p2a: Bronzong\n|-damage|p2a: Bronzong|3\/100\n|move|p1a: Moltres|Nasty Plot|p1a: Moltres\n|-boost|p1a: Moltres|spa|2\n|move|p2a: Bronzong|Gravity|p2a: Bronzong\n|-fieldstart|move: Gravity\n|\n|upkeep\n|turn|2\n|inactive|Eliassss has 30 seconds left.\n|\n|t:|1700362929\n|switch|p2a: Rillaboom|Rillaboom, L50, M, shiny|100\/100\n|-fieldstart|move: Grassy Terrain|[from] ability: Grassy Surge|[of] p2a: Rillaboom\n|-terastallize|p2b: Flapple|Fairy\n|move|p1b: Chien-Pao|Icicle Crash|p2b: Flapple\n|-damage|p2b: Flapple|32\/100\n|move|p1a: Moltres|Fiery Wrath|p2a: Rillaboom|[spread] p2a,p2b\n|-resisted|p2b: Flapple\n|-damage|p2a: Rillaboom|67\/100\n|-damage|p2b: Flapple|0 fnt\n|faint|p2b: Flapple\n|\n|-heal|p2a: Rillaboom|73\/100|[from] Grassy Terrain\n|upkeep\n|\n|t:|1700362946\n|switch|p2b: Maushold|Maushold, L50, shiny|100\/100\n|turn|3\n|\n|t:|1700362956\n|-terastallize|p1b: Chien-Pao|Ghost\n|move|p2a: Rillaboom|Fake Out|p1a: Moltres\n|-damage|p1a: Moltres|84\/100\n|move|p1b: Chien-Pao|Icicle Crash|p2b: Maushold\n|-damage|p2b: Maushold|16\/100\n|cant|p2b: Maushold|flinch\n|cant|p1a: Moltres|flinch\n|\n|-heal|p2b: Maushold|22\/100|[from] Grassy Terrain\n|-heal|p1a: Moltres|90\/100|[from] Grassy Terrain\n|-heal|p2a: Rillaboom|79\/100|[from] Grassy Terrain\n|upkeep\n|turn|4\n|\n|t:|1700362981\n|move|p2a: Rillaboom|Grassy Glide|p1b: Chien-Pao\n|-damage|p1b: Chien-Pao|44\/100\n|move|p1b: Chien-Pao|Icicle Crash|p2b: Maushold\n|-damage|p2b: Maushold|0 fnt\n|faint|p2b: Maushold\n|move|p1a: Moltres|Air Slash|p2a: Rillaboom\n|-supereffective|p2a: Rillaboom\n|-damage|p2a: Rillaboom|3\/100\n|\n|-heal|p1b: Chien-Pao|50\/100|[from] Grassy Terrain\n|-heal|p1a: Moltres|96\/100|[from] Grassy Terrain\n|-heal|p2a: Rillaboom|9\/100|[from] Grassy Terrain\n|upkeep\n|\n|t:|1700362994\n|switch|p2b: Bronzong|Bronzong, L50, shiny|3\/100\n|turn|5\n|\n|t:|1700363002\n|move|p1b: Chien-Pao|Sucker Punch|p2a: Rillaboom\n|-damage|p2a: Rillaboom|0 fnt\n|faint|p2a: Rillaboom\n|move|p1a: Moltres|Fiery Wrath|p2b: Bronzong\n|-supereffective|p2b: Bronzong\n|-crit|p2b: Bronzong\n|-damage|p2b: Bronzong|0 fnt\n|faint|p2b: Bronzong\n|\n|win|wingwingy55\n|raw|wingwingy55's rating: 1179 &rarr; <strong>1209<\/strong><br \/>(+30 for winning)\n|raw|Eliassss's rating: 1244 &rarr; <strong>1214<\/strong><br \/>(-30 for losing)\n|l|\u2606Eliassss\n","uploadtime":1700363012,"views":12,"p1id":"wingwingy55","p2id":"eliassss","formatid":"gen9vgc2023regulatione","rating":1209,"private":0,"password":""}