{"id":"gen9vgc2023regulatione-1994792398","p1":"xixuambam","p2":"Papaguaino","format":"[Gen 9] VGC 2023 Regulation E","log":"|j|\u2606xixuambam\n|j|\u2606Papaguaino\n|t:|1700493231\n|gametype|doubles\n|player|p1|xixuambam|ingo|1126\n|player|p2|Papaguaino|266|1053\n|teamsize|p1|6\n|teamsize|p2|6\n|gen|9\n|tier|[Gen 9] VGC 2023 Regulation E\n|rated|\n|rule|Species Clause: Limit one of each Pok\u00e9mon\n|rule|Item Clause: Limit one of each item\n|clearpoke\n|poke|p1|Ogerpon, L50, F|\n|poke|p1|Iron Hands, L50|\n|poke|p1|Landorus-Therian, L50, M|\n|poke|p1|Chi-Yu, L50|\n|poke|p1|Flutter Mane, L50|\n|poke|p1|Fezandipiti, L50, M|\n|poke|p2|Sinistcha-Masterpiece, L50|\n|poke|p2|Ninetales, L50, F|\n|poke|p2|Flutter Mane, L50|\n|poke|p2|Great Tusk, L50|\n|poke|p2|Amoonguss, L50, M|\n|poke|p2|Slither Wing, L50|\n|teampreview|4\n|inactive|Battle timer is ON: inactive players will automatically lose when time's up. (requested by xixuambam)\n|inactive|xixuambam has 60 seconds left.\n|\n|t:|1700493275\n|start\n|switch|p1a: Landorus|Landorus-Therian, L50, M, shiny|100\/100\n|switch|p1b: Iron Hands|Iron Hands, L50, shiny|100\/100\n|switch|p2a: Great Tusk|Great Tusk, L50|100\/100\n|switch|p2b: Flutter Mane|Flutter Mane, L50|100\/100\n|-ability|p1a: Landorus|Intimidate|boost\n|-unboost|p2a: Great Tusk|atk|1\n|-unboost|p2b: Flutter Mane|atk|1\n|turn|1\n|\n|t:|1700493295\n|-terastallize|p2b: Flutter Mane|Fairy\n|move|p1b: Iron Hands|Fake Out|p2a: Great Tusk\n|-damage|p2a: Great Tusk|91\/100\n|move|p1a: Landorus|Stomping Tantrum|p2b: Flutter Mane\n|-damage|p2b: Flutter Mane|2\/100\n|move|p2b: Flutter Mane|Dazzling Gleam|p1a: Landorus|[spread] p1a,p1b\n|-supereffective|p1b: Iron Hands\n|-damage|p1a: Landorus|21\/100\n|-damage|p1b: Iron Hands|36\/100\n|-damage|p2b: Flutter Mane|0 fnt|[from] item: Life Orb\n|faint|p2b: Flutter Mane\n|-end|p2b: Flutter Mane|Protosynthesis|[silent]\n|cant|p2a: Great Tusk|flinch\n|\n|upkeep\n|\n|t:|1700493306\n|switch|p2b: Slither Wing|Slither Wing, L50|100\/100\n|turn|2\n|\n|t:|1700493331\n|-terastallize|p1b: Iron Hands|Grass\n|move|p2b: Slither Wing|Dual Wingbeat|p1b: Iron Hands\n|-supereffective|p1b: Iron Hands\n|-damage|p1b: Iron Hands|18\/100\n|-supereffective|p1b: Iron Hands\n|-damage|p1b: Iron Hands|0 fnt\n|faint|p1b: Iron Hands\n|-end|p1b: Iron Hands|Quark Drive|[silent]\n|-hitcount|p1: Iron Hands|2\n|move|p1a: Landorus|Stomping Tantrum|p2a: Great Tusk\n|-damage|p2a: Great Tusk|55\/100\n|move|p2a: Great Tusk|Ice Spinner|p1a: Landorus\n|-supereffective|p1a: Landorus\n|-damage|p1a: Landorus|0 fnt\n|faint|p1a: Landorus\n|\n|upkeep\n|\n|t:|1700493344\n|switch|p1a: Chi-Yu|Chi-Yu, L50|100\/100\n|switch|p1b: Ogerpon|Ogerpon, L50, F|100\/100\n|-ability|p1a: Chi-Yu|Beads of Ruin\n|turn|3\n|\n|t:|1700493364\n|-end|p2b: Slither Wing|Protosynthesis|[silent]\n|switch|p2b: Sinistcha|Sinistcha-Masterpiece, L50|100\/100\n|-heal|p2a: Great Tusk|80\/100|[from] ability: Hospitality|[of] p2b: Sinistcha\n|move|p1b: Ogerpon|Spiky Shield|p1b: Ogerpon\n|-singleturn|p1b: Ogerpon|move: Protect\n|move|p1a: Chi-Yu|Heat Wave|p2b: Sinistcha|[spread] p2a,p2b\n|-supereffective|p2b: Sinistcha\n|-damage|p2a: Great Tusk|2\/100\n|-damage|p2b: Sinistcha|20\/100\n|-enditem|p2a: Great Tusk|Aguav Berry|[eat]\n|-heal|p2a: Great Tusk|35\/100|[from] item: Aguav Berry\n|move|p2a: Great Tusk|Brick Break|p1a: Chi-Yu\n|-supereffective|p1a: Chi-Yu\n|-damage|p1a: Chi-Yu|11\/100\n|\n|upkeep\n|turn|4\n|\n|t:|1700493388\n|move|p1b: Ogerpon|Ivy Cudgel|p2a: Great Tusk\n|-supereffective|p2a: Great Tusk\n|-damage|p2a: Great Tusk|0 fnt\n|faint|p2a: Great Tusk\n|-end|p2a: Great Tusk|Protosynthesis|[silent]\n|-damage|p1b: Ogerpon|91\/100|[from] item: Life Orb\n|move|p1a: Chi-Yu|Heat Wave|p2b: Sinistcha\n|-supereffective|p2b: Sinistcha\n|-damage|p2b: Sinistcha|0 fnt\n|faint|p2b: Sinistcha\n|\n|upkeep\n|\n|t:|1700493395\n|switch|p2b: Slither Wing|Slither Wing, L50|100\/100\n|turn|5\n|inactive|xixuambam has 30 seconds left.\n|\n|t:|1700493428\n|move|p2b: Slither Wing|Dual Wingbeat|p1a: Chi-Yu\n|-damage|p1a: Chi-Yu|0 fnt\n|faint|p1a: Chi-Yu\n|-hitcount|p1: Chi-Yu|1\n|move|p1b: Ogerpon|Ivy Cudgel|p2b: Slither Wing\n|-resisted|p2b: Slither Wing\n|-damage|p2b: Slither Wing|66\/100\n|-damage|p1b: Ogerpon|81\/100|[from] item: Life Orb\n|\n|upkeep\n|turn|6\n|\n|t:|1700493441\n|move|p1b: Ogerpon|Spiky Shield|p1b: Ogerpon\n|-singleturn|p1b: Ogerpon|move: Protect\n|move|p2b: Slither Wing|Dual Wingbeat|p1b: Ogerpon\n|-activate|p1b: Ogerpon|move: Protect\n|-damage|p2b: Slither Wing|53\/100|[from] Spiky Shield|[of] p1b: Ogerpon\n|\n|upkeep\n|turn|7\n|\n|t:|1700493459\n|move|p2b: Slither Wing|Dual Wingbeat|p1b: Ogerpon\n|-supereffective|p1b: Ogerpon\n|-damage|p1b: Ogerpon|49\/100\n|-supereffective|p1b: Ogerpon\n|-damage|p1b: Ogerpon|14\/100\n|-hitcount|p1b: Ogerpon|2\n|move|p1b: Ogerpon|Ivy Cudgel|p2b: Slither Wing\n|-resisted|p2b: Slither Wing\n|-damage|p2b: Slither Wing|19\/100\n|-damage|p1b: Ogerpon|4\/100|[from] item: Life Orb\n|\n|upkeep\n|turn|8\n|\n|t:|1700493469\n|move|p1b: Ogerpon|Spiky Shield|p1b: Ogerpon\n|-singleturn|p1b: Ogerpon|move: Protect\n|move|p2b: Slither Wing|Dual Wingbeat|p2: Great Tusk|[notarget]\n|-fail|p2b: Slither Wing\n|\n|upkeep\n|turn|9\n|\n|t:|1700493476\n|move|p1b: Ogerpon|Spiky Shield|p1b: Ogerpon\n|-singleturn|p1b: Ogerpon|move: Protect\n|move|p2b: Slither Wing|Dual Wingbeat|p1b: Ogerpon\n|-activate|p1b: Ogerpon|move: Protect\n|-damage|p2b: Slither Wing|7\/100|[from] Spiky Shield|[of] p1b: Ogerpon\n|\n|upkeep\n|turn|10\n|\n|t:|1700493484\n|move|p2b: Slither Wing|Dual Wingbeat|p1b: Ogerpon\n|-supereffective|p1b: Ogerpon\n|-damage|p1b: Ogerpon|0 fnt\n|faint|p1b: Ogerpon\n|-hitcount|p1: Ogerpon|1\n|\n|win|Papaguaino\n|raw|xixuambam's rating: 1126 &rarr; <strong>1096<\/strong><br \/>(-30 for losing)\n|raw|Papaguaino's rating: 1053 &rarr; <strong>1092<\/strong><br \/>(+39 for winning)\n|l|\u2606xixuambam\n","uploadtime":1700493498,"views":1,"p1id":"xixuambam","p2id":"papaguaino","formatid":"gen9vgc2023regulatione","rating":1092,"private":0,"password":""}