{"id":"gen9vgc2023regulatione-1996056746","p1":"clam10000","p2":"screaming_g0at","format":"[Gen 9] VGC 2023 Regulation E","log":"|j|\u2606clam10000\n|j|\u2606screaming_g0at\n|t:|1700636726\n|gametype|doubles\n|player|p1|clam10000|265|1080\n|player|p2|screaming_g0at|bellelba|1066\n|teamsize|p1|6\n|teamsize|p2|6\n|gen|9\n|tier|[Gen 9] VGC 2023 Regulation E\n|rated|\n|rule|Species Clause: Limit one of each Pok\u00e9mon\n|rule|Item Clause: Limit one of each item\n|clearpoke\n|poke|p1|Tyranitar, L50, M|\n|poke|p1|Gliscor, L50, M|\n|poke|p1|Landorus, L50, M|\n|poke|p1|Tornadus, L50, M|\n|poke|p1|Ogerpon-Cornerstone, L50, F|\n|poke|p1|Farigiraf, L50, M|\n|poke|p2|Slaking, L50, F|\n|poke|p2|Medicham, L50, F|\n|poke|p2|Sinistcha, L50|\n|poke|p2|Murkrow, L50, F|\n|poke|p2|Chien-Pao, L50|\n|poke|p2|Wyrdeer, L50, M|\n|teampreview|4\n|inactive|Battle timer is ON: inactive players will automatically lose when time's up. (requested by screaming_g0at)\n|inactive|clam10000 has 60 seconds left.\n|\n|t:|1700636797\n|start\n|switch|p1a: Landorus|Landorus, L50, M|100\/100\n|switch|p1b: Tornadus|Tornadus, L50, M|100\/100\n|switch|p2a: fart|Medicham, L50, F|100\/100\n|switch|p2b: mother|Slaking, L50, F, shiny|100\/100\n|turn|1\n|inactive|clam10000 has 30 seconds left.\n|inactive|clam10000 has 20 seconds left.\n|inactive|clam10000 has 15 seconds left.\n|inactive|clam10000 has 10 seconds left.\n|\n|t:|1700636843\n|move|p2a: fart|Fake Out|p1b: Tornadus\n|-damage|p1b: Tornadus|80\/100\n|move|p1a: Landorus|Sandsear Storm|p2a: fart|[spread] \n|-miss|p1a: Landorus|p2a: fart\n|-miss|p1a: Landorus|p2b: mother\n|move|p1b: Tornadus|Bleakwind Storm|p2b: mother|[spread] p2a\n|-miss|p1b: Tornadus|p2b: mother\n|-supereffective|p2a: fart\n|-enditem|p2a: fart|Focus Sash\n|-damage|p2a: fart|1\/100\n|move|p2b: mother|Rock Slide|p1a: Landorus|[spread] p1a,p1b\n|-supereffective|p1b: Tornadus\n|-damage|p1a: Landorus|70\/100\n|-damage|p1b: Tornadus|24\/100\n|\n|upkeep\n|turn|2\n|\n|t:|1700636864\n|move|p2a: fart|Protect|p2a: fart\n|-singleturn|p2a: fart|Protect\n|cant|p2b: mother|ability: Truant\n|move|p1a: Landorus|Sandsear Storm|p2a: fart|[spread] p2b\n|-activate|p2a: fart|move: Protect\n|-damage|p2b: mother|41\/100\n|move|p1b: Tornadus|Bleakwind Storm|p2a: fart|[spread] p2b\n|-activate|p2a: fart|move: Protect\n|-damage|p2b: mother|10\/100\n|-unboost|p2b: mother|spe|1\n|\n|-heal|p2b: mother|16\/100|[from] item: Leftovers\n|upkeep\n|turn|3\n|inactive|clam10000 has 30 seconds left.\n|\n|t:|1700636896\n|move|p1a: Landorus|Sandsear Storm|p2a: fart|[spread] p2a,p2b\n|-damage|p2a: fart|0 fnt\n|-damage|p2b: mother|0 fnt\n|faint|p2a: fart\n|faint|p2b: mother\n|move|p1b: Tornadus|Bleakwind Storm|p2: fart|[notarget]\n|-fail|p1b: Tornadus\n|\n|upkeep\n|\n|t:|1700636904\n|switch|p2a: bird|Murkrow, L50, F|100\/100\n|switch|p2b: bambi|Wyrdeer, L50, M|100\/100\n|-ability|p2b: bambi|Intimidate|boost\n|-unboost|p1a: Landorus|atk|1\n|-unboost|p1b: Tornadus|atk|1\n|turn|4\n|\n|t:|1700636924\n|move|p1a: Landorus|Protect|p1a: Landorus\n|-singleturn|p1a: Landorus|Protect\n|move|p1b: Tornadus|Tailwind|p1b: Tornadus\n|-sidestart|p1: clam10000|move: Tailwind\n|move|p2a: bird|Tailwind|p2a: bird\n|-sidestart|p2: screaming_g0at|move: Tailwind\n|move|p2b: bambi|Psyshield Bash|p1a: Landorus\n|-activate|p1a: Landorus|move: Protect\n|\n|upkeep\n|turn|5\n|inactive|clam10000 has 30 seconds left.\n|\n|t:|1700636952\n|move|p2a: bird|Scary Face|p1a: Landorus\n|-unboost|p1a: Landorus|spe|2\n|move|p1b: Tornadus|Bleakwind Storm|p2a: bird|[spread] p2a,p2b\n|-damage|p2a: bird|63\/100\n|-damage|p2b: bambi|55\/100\n|move|p2b: bambi|Psyshield Bash|p1a: Landorus\n|-damage|p1a: Landorus|33\/100\n|-boost|p2b: bambi|def|1\n|move|p1a: Landorus|Sandsear Storm|p2a: bird|[spread] p2b\n|-immune|p2a: bird\n|-damage|p2b: bambi|0 fnt\n|faint|p2b: bambi\n|\n|upkeep\n|turn|6\n|-message|screaming_g0at forfeited.\n|\n|win|clam10000\n|raw|clam10000's rating: 1080 &rarr; <strong>1107<\/strong><br \/>(+27 for winning)\n|raw|screaming_g0at's rating: 1066 &rarr; <strong>1047<\/strong><br \/>(-19 for losing)\n|l|\u2606screaming_g0at\n","uploadtime":1700636992,"views":2,"p1id":"clam10000","p2id":"screamingg0at","formatid":"gen9vgc2023regulatione","rating":1047,"private":0,"password":""}