{"id":"gen9vgc2023regulatione-1996044354","p1":"Nuke Deer","p2":"Dacoda Hex","format":"[Gen 9] VGC 2023 Regulation E","log":"|j|\u2606Nuke Deer\n|j|\u2606Dacoda Hex\n|t:|1700634484\n|gametype|doubles\n|player|p1|Nuke Deer|winona|1226\n|player|p2|Dacoda Hex|burglar|1307\n|teamsize|p1|6\n|teamsize|p2|6\n|gen|9\n|tier|[Gen 9] VGC 2023 Regulation E\n|rated|\n|rule|Species Clause: Limit one of each Pok\u00e9mon\n|rule|Item Clause: Limit one of each item\n|clearpoke\n|poke|p1|Zapdos-Galar, L50|\n|poke|p1|Dragonite, L50, F|\n|poke|p1|Chien-Pao, L50|\n|poke|p1|Rillaboom, L50, F|\n|poke|p1|Dondozo, L50, M|\n|poke|p1|Heatran, L50, F|\n|poke|p2|Brute Bonnet, L50|\n|poke|p2|Armarouge, L50, M|\n|poke|p2|Slowking-Galar, L50, M|\n|poke|p2|Politoed, L50, M|\n|poke|p2|Indeedee-F, L50, F|\n|poke|p2|Torkoal, L50, F|\n|teampreview|4\n|\n|t:|1700634523\n|start\n|switch|p1a: Cochambroso|Zapdos-Galar, L50|100\/100\n|switch|p1b: Miauzyny|Chien-Pao, L50|100\/100\n|switch|p2a: Papa Legba|Slowking-Galar, L50, M, shiny|100\/100\n|switch|p2b: Kaulia|Torkoal, L50, F|100\/100\n|-ability|p1b: Miauzyny|Sword of Ruin\n|-weather|SunnyDay|[from] ability: Drought|[of] p2b: Kaulia\n|turn|1\n|\n|t:|1700634554\n|-terastallize|p2a: Papa Legba|Dark\n|move|p1a: Cochambroso|U-turn|p2b: Kaulia\n|-resisted|p2b: Kaulia\n|-damage|p2b: Kaulia|89\/100\n|-damage|p1a: Cochambroso|84\/100|[from] item: Rocky Helmet|[of] p2b: Kaulia\n|\n|t:|1700634559\n|switch|p1a: Chinchulin|Dragonite, L50, F|100\/100|[from] U-turn\n|move|p1b: Miauzyny|Crunch|p2a: Papa Legba\n|-resisted|p2a: Papa Legba\n|-damage|p2a: Papa Legba|78\/100\n|move|p2b: Kaulia|Eruption|p1b: Miauzyny|[spread] p1a,p1b\n|-resisted|p1a: Chinchulin\n|-supereffective|p1b: Miauzyny\n|-damage|p1a: Chinchulin|70\/100\n|-enditem|p1b: Miauzyny|Focus Sash\n|-damage|p1b: Miauzyny|1\/100\n|move|p2a: Papa Legba|Trick Room|p2a: Papa Legba\n|-fieldstart|move: Trick Room|[of] p2a: Papa Legba\n|\n|-weather|SunnyDay|[upkeep]\n|upkeep\n|turn|2\n|\n|t:|1700634590\n|move|p1b: Miauzyny|Protect|p1b: Miauzyny\n|-singleturn|p1b: Miauzyny|Protect\n|move|p2a: Papa Legba|Acid Spray|p1a: Chinchulin\n|-damage|p1a: Chinchulin|56\/100\n|-unboost|p1a: Chinchulin|spd|2\n|move|p2b: Kaulia|Eruption|p1b: Miauzyny|[spread] p1a\n|-activate|p1b: Miauzyny|move: Protect\n|-resisted|p1a: Chinchulin\n|-damage|p1a: Chinchulin|0 fnt\n|faint|p1a: Chinchulin\n|\n|-weather|SunnyDay|[upkeep]\n|upkeep\n|\n|t:|1700634602\n|switch|p1a: Brocoli|Rillaboom, L50, F|100\/100\n|-fieldstart|move: Grassy Terrain|[from] ability: Grassy Surge|[of] p1a: Brocoli\n|turn|3\n|\n|t:|1700634611\n|move|p2b: Kaulia|Protect|p2b: Kaulia\n|-singleturn|p2b: Kaulia|Protect\n|move|p1a: Brocoli|Fake Out|p2b: Kaulia\n|-activate|p2b: Kaulia|move: Protect\n|move|p2a: Papa Legba|Acid Spray|p1a: Brocoli\n|-supereffective|p1a: Brocoli\n|-damage|p1a: Brocoli|62\/100\n|-unboost|p1a: Brocoli|spd|2\n|move|p1b: Miauzyny|Crunch|p2b: Kaulia\n|-activate|p2b: Kaulia|move: Protect\n|\n|-weather|SunnyDay|[upkeep]\n|-heal|p2a: Papa Legba|84\/100|[from] Grassy Terrain\n|-heal|p2b: Kaulia|95\/100|[from] Grassy Terrain\n|-heal|p1a: Brocoli|68\/100|[from] Grassy Terrain\n|-heal|p1b: Miauzyny|7\/100|[from] Grassy Terrain\n|upkeep\n|turn|4\n|\n|t:|1700634635\n|move|p1a: Brocoli|Protect|p1a: Brocoli\n|-singleturn|p1a: Brocoli|Protect\n|move|p1b: Miauzyny|Sucker Punch|p2b: Kaulia\n|-damage|p2b: Kaulia|59\/100\n|-damage|p1b: Miauzyny|0 fnt|[from] item: Rocky Helmet|[of] p2b: Kaulia\n|faint|p1b: Miauzyny\n|move|p2a: Papa Legba|Heal Pulse|p2b: Kaulia\n|-heal|p2b: Kaulia|100\/100\n|move|p2b: Kaulia|Eruption|p1a: Brocoli\n|-activate|p1a: Brocoli|move: Protect\n|\n|-weather|SunnyDay|[upkeep]\n|-heal|p2a: Papa Legba|90\/100|[from] Grassy Terrain\n|-heal|p1a: Brocoli|74\/100|[from] Grassy Terrain\n|upkeep\n|\n|t:|1700634650\n|switch|p1b: Cochambroso|Zapdos-Galar, L50|84\/100\n|turn|5\n|\n|t:|1700634657\n|move|p1a: Brocoli|Protect||[still]\n|-fail|p1a: Brocoli\n|move|p2a: Papa Legba|Acid Spray|p1b: Cochambroso\n|-damage|p1b: Cochambroso|64\/100\n|-unboost|p1b: Cochambroso|spd|2\n|-ability|p1b: Cochambroso|Defiant|boost\n|-boost|p1b: Cochambroso|atk|2\n|move|p2b: Kaulia|Eruption|p1b: Cochambroso|[spread] p1a,p1b\n|-supereffective|p1a: Brocoli\n|-damage|p1a: Brocoli|0 fnt\n|-damage|p1b: Cochambroso|0 fnt\n|faint|p1a: Brocoli\n|faint|p1b: Cochambroso\n|\n|win|Dacoda Hex\n|raw|Nuke Deer's rating: 1226 &rarr; <strong>1207<\/strong><br \/>(-19 for losing)\n|raw|Dacoda Hex's rating: 1307 &rarr; <strong>1322<\/strong><br \/>(+15 for winning)\n|l|\u2606Nuke Deer\n","uploadtime":1700634675,"views":1,"p1id":"nukedeer","p2id":"dacodahex","formatid":"gen9vgc2023regulatione","rating":1207,"private":0,"password":""}