{"id":"gen9vgc2023regulatione-1999840840","p1":"Zacynthius","p2":"AXELLARAMENA","format":"[Gen 9] VGC 2023 Regulation E","log":"|j|\u2606Zacynthius\n|j|\u2606AXELLARAMENA\n|t:|1701121717\n|gametype|doubles\n|player|p1|Zacynthius|veteran|1114\n|player|p2|AXELLARAMENA|265|1094\n|teamsize|p1|6\n|teamsize|p2|6\n|gen|9\n|tier|[Gen 9] VGC 2023 Regulation E\n|rated|\n|rule|Species Clause: Limit one of each Pok\u00e9mon\n|rule|Item Clause: Limit one of each item\n|clearpoke\n|poke|p1|Sinistcha-Masterpiece, L50|\n|poke|p1|Kommo-o, L50, F|\n|poke|p1|Chi-Yu, L50|\n|poke|p1|Landorus-Therian, L50, M|\n|poke|p1|Overqwil, L50, F|\n|poke|p1|Ninetales-Alola, L50, F|\n|poke|p2|Torterra, L50, F|\n|poke|p2|Sinistcha, L50|\n|poke|p2|Grumpig, L50, M|\n|poke|p2|Talonflame, L50, M|\n|poke|p2|Ursaluna-Bloodmoon, L50, M|\n|poke|p2|Indeedee-F, L50, F|\n|teampreview|4\n|inactive|Battle timer is ON: inactive players will automatically lose when time's up. (requested by Zacynthius)\n|\n|t:|1701121738\n|start\n|switch|p1a: Overqwil|Overqwil, L50, F|100\/100\n|switch|p1b: Ninetales|Ninetales-Alola, L50, F|100\/100\n|switch|p2a: Grumpig|Grumpig, L50, M, shiny|100\/100\n|switch|p2b: Indeedee|Indeedee-F, L50, F, shiny|100\/100\n|-weather|Snow|[from] ability: Snow Warning|[of] p1b: Ninetales\n|-ability|p1a: Overqwil|Intimidate|boost\n|-unboost|p2a: Grumpig|atk|1\n|-unboost|p2b: Indeedee|atk|1\n|-fieldstart|move: Psychic Terrain|[from] ability: Psychic Surge|[of] p2b: Indeedee\n|-enditem|p2b: Indeedee|Psychic Seed\n|-boost|p2b: Indeedee|spd|1|[from] item: Psychic Seed\n|turn|1\n|\n|t:|1701121757\n|move|p1a: Overqwil|Protect|p1a: Overqwil\n|-singleturn|p1a: Overqwil|Protect\n|move|p2b: Indeedee|Follow Me|p2b: Indeedee\n|-singleturn|p2b: Indeedee|move: Follow Me\n|move|p1b: Ninetales|Aurora Veil|p1b: Ninetales\n|-sidestart|p1: Zacynthius|move: Aurora Veil\n|move|p2a: Grumpig|Trick Room|p2a: Grumpig\n|-fieldstart|move: Trick Room|[of] p2a: Grumpig\n|\n|-weather|Snow|[upkeep]\n|upkeep\n|turn|2\n|inactive|Zacynthius has 30 seconds left.\n|inactive|AXELLARAMENA has 30 seconds left.\n|\n|t:|1701121786\n|switch|p2b: Ursaluna|Ursaluna-Bloodmoon, L50, M|100\/100\n|move|p2a: Grumpig|Simple Beam|p2b: Ursaluna\n|-endability|p2b: Ursaluna|Mind's Eye|[from] move: Simple Beam\n|-ability|p2b: Ursaluna|Simple|[from] move: Simple Beam\n|move|p1a: Overqwil|Barb Barrage|p2b: Ursaluna\n|-resisted|p2b: Ursaluna\n|-damage|p2b: Ursaluna|90\/100\n|-status|p2b: Ursaluna|psn\n|move|p1b: Ninetales|Blizzard|p2b: Ursaluna|[spread] p2a,p2b\n|-crit|p2a: Grumpig\n|-supereffective|p2b: Ursaluna\n|-damage|p2a: Grumpig|87\/100\n|-damage|p2b: Ursaluna|36\/100 psn\n|\n|-weather|Snow|[upkeep]\n|-damage|p2b: Ursaluna|24\/100 psn|[from] psn\n|upkeep\n|turn|3\n|inactive|Zacynthius has 30 seconds left.\n|inactive|AXELLARAMENA has 30 seconds left.\n|inactive|Zacynthius has 20 seconds left.\n|\n|t:|1701121822\n|switch|p2a: Indeedee|Indeedee-F, L50, F, shiny|100\/100\n|move|p2b: Ursaluna|Protect|p2b: Ursaluna\n|-singleturn|p2b: Ursaluna|Protect\n|move|p1a: Overqwil|Haze|p1a: Overqwil\n|-clearallboost\n|move|p1b: Ninetales|Hypnosis|p2a: Indeedee|[miss]\n|-miss|p1b: Ninetales|p2a: Indeedee\n|\n|-weather|Snow|[upkeep]\n|-damage|p2b: Ursaluna|12\/100 psn|[from] psn\n|upkeep\n|turn|4\n|\n|t:|1701121845\n|-terastallize|p2b: Ursaluna|Fire\n|move|p1a: Overqwil|Protect|p1a: Overqwil\n|-singleturn|p1a: Overqwil|Protect\n|move|p2b: Ursaluna|Earth Power|p1a: Overqwil\n|-activate|p1a: Overqwil|move: Protect\n|move|p2a: Indeedee|Heal Pulse|p2b: Ursaluna\n|-heal|p2b: Ursaluna|62\/100 psn\n|move|p1b: Ninetales|Blizzard|p2a: Indeedee|[spread] p2a,p2b\n|-resisted|p2b: Ursaluna\n|-damage|p2a: Indeedee|78\/100\n|-damage|p2b: Ursaluna|47\/100 psn\n|\n|-weather|Snow|[upkeep]\n|-damage|p2b: Ursaluna|35\/100 psn|[from] psn\n|upkeep\n|turn|5\n|inactive|Zacynthius has 30 seconds left.\n|inactive|AXELLARAMENA has 30 seconds left.\n|inactive|Zacynthius has 20 seconds left.\n|inactive|Zacynthius has 15 seconds left.\n|inactive|AXELLARAMENA has 20 seconds left.\n|inactive|Zacynthius has 10 seconds left.\n|\n|t:|1701121891\n|move|p2b: Ursaluna|Hyper Voice|p1b: Ninetales|[spread] p1a,p1b\n|-damage|p1a: Overqwil|67\/100\n|-damage|p1b: Ninetales|73\/100\n|-enditem|p1a: Overqwil|Red Card|[of] p2b: Ursaluna\n|-enditem|p2b: Ursaluna|Throat Spray\n|-boost|p2b: Ursaluna|spa|2|[from] item: Throat Spray\n|drag|p2b: Sinistcha|Sinistcha, L50, shiny|100\/100\n|-heal|p2a: Indeedee|100\/100|[from] ability: Hospitality|[of] p2b: Sinistcha\n|move|p2a: Indeedee|Heal Pulse|p2b: Sinistcha\n|-fail|p2b: Sinistcha|heal\n|move|p1a: Overqwil|Crunch|p2a: Indeedee\n|-supereffective|p2a: Indeedee\n|-damage|p2a: Indeedee|15\/100\n|move|p1b: Ninetales|Blizzard|p2a: Indeedee|[spread] p2a,p2b\n|-supereffective|p2b: Sinistcha\n|-damage|p2a: Indeedee|0 fnt\n|-damage|p2b: Sinistcha|52\/100\n|faint|p2a: Indeedee\n|\n|-weather|none\n|-sideend|p1: Zacynthius|move: Aurora Veil\n|-fieldend|move: Trick Room\n|-fieldend|move: Psychic Terrain\n|upkeep\n|-message|AXELLARAMENA forfeited.\n|\n|win|Zacynthius\n|raw|Zacynthius's rating: 1114 &rarr; <strong>1138<\/strong><br \/>(+24 for winning)\n|raw|AXELLARAMENA's rating: 1094 &rarr; <strong>1071<\/strong><br \/>(-23 for losing)\n|l|\u2606AXELLARAMENA\n","uploadtime":1701122004,"views":3,"p1id":"zacynthius","p2id":"axellaramena","formatid":"gen9vgc2023regulatione","rating":1071,"private":0,"password":""}