{"id":"gen9vgc2023regulatione-1996235482","p1":"krenitos","p2":"Jeydis","format":"[Gen 9] VGC 2023 Regulation E","log":"|j|\u2606krenitos\n|j|\u2606Jeydis\n|t:|1700662427\n|gametype|doubles\n|player|p1|krenitos|fisherman|1103\n|player|p2|Jeydis|veteranf-gen6|1082\n|teamsize|p1|6\n|teamsize|p2|6\n|gen|9\n|tier|[Gen 9] VGC 2023 Regulation E\n|rated|\n|rule|Species Clause: Limit one of each Pok\u00e9mon\n|rule|Item Clause: Limit one of each item\n|clearpoke\n|poke|p1|Flutter Mane, L50|\n|poke|p1|Glimmora, L50, F|\n|poke|p1|Dusclops, L50, F|\n|poke|p1|Ceruledge, L50, F|\n|poke|p1|Gyarados, L50, F|\n|poke|p1|Gholdengo, L50|\n|poke|p2|Sneasler, L50, F|\n|poke|p2|Grimmsnarl, L50, M|\n|poke|p2|Gyarados, L50, F|\n|poke|p2|Sinistcha-Masterpiece, L50|\n|poke|p2|Chi-Yu, L50|\n|poke|p2|Iron Hands, L50|\n|teampreview|4\n|inactive|Battle timer is ON: inactive players will automatically lose when time's up. (requested by krenitos)\n|\n|t:|1700662453\n|start\n|switch|p1a: Dusclops|Dusclops, L50, F|100\/100\n|switch|p1b: Glimmora|Glimmora, L50, F, shiny|100\/100\n|switch|p2a: Sneasler|Sneasler, L50, F|100\/100\n|switch|p2b: Grimmsnarl|Grimmsnarl, L50, M|100\/100\n|-ability|p1a: Dusclops|Pressure\n|turn|1\n|\n|t:|1700662467\n|move|p2a: Sneasler|Protect|p2a: Sneasler\n|-singleturn|p2a: Sneasler|Protect\n|move|p2b: Grimmsnarl|Swagger|p1b: Glimmora\n|-boost|p1b: Glimmora|atk|2\n|-enditem|p2a: Sneasler|Mirror Herb\n|-boost|p2a: Sneasler|atk|2|[from] item: Mirror Herb\n|-start|p1b: Glimmora|confusion\n|-activate|p1b: Glimmora|confusion\n|-damage|p1b: Glimmora|90\/100|[from] confusion\n|move|p1a: Dusclops|Trick Room|p1a: Dusclops\n|-fieldstart|move: Trick Room|[of] p1a: Dusclops\n|\n|upkeep\n|turn|2\n|\n|t:|1700662487\n|switch|p1b: Gyarados|Gyarados, L50, F, shiny|100\/100\n|-ability|p1b: Gyarados|Intimidate|boost\n|-unboost|p2a: Sneasler|atk|1\n|-unboost|p2b: Grimmsnarl|atk|1\n|move|p1a: Dusclops|Protect|p1a: Dusclops\n|-singleturn|p1a: Dusclops|Protect\n|move|p2b: Grimmsnarl|Light Screen|p2b: Grimmsnarl\n|-sidestart|p2: Jeydis|move: Light Screen\n|move|p2a: Sneasler|Close Combat|p1b: Gyarados\n|-resisted|p1b: Gyarados\n|-damage|p1b: Gyarados|45\/100\n|-unboost|p2a: Sneasler|def|1\n|-unboost|p2a: Sneasler|spd|1\n|\n|upkeep\n|turn|3\n|\n|t:|1700662503\n|switch|p1b: Glimmora|Glimmora, L50, F, shiny|90\/100\n|move|p2a: Sneasler|Protect|p2a: Sneasler\n|-singleturn|p2a: Sneasler|Protect\n|move|p2b: Grimmsnarl|Reflect|p2b: Grimmsnarl\n|-sidestart|p2: Jeydis|Reflect\n|move|p1a: Dusclops|Night Shade|p2a: Sneasler\n|-activate|p2a: Sneasler|move: Protect\n|\n|upkeep\n|turn|4\n|\n|t:|1700662519\n|switch|p1a: Gyarados|Gyarados, L50, F, shiny|45\/100\n|-ability|p1a: Gyarados|Intimidate|boost\n|-unboost|p2a: Sneasler|atk|1\n|-unboost|p2b: Grimmsnarl|atk|1\n|move|p1b: Glimmora|Spiky Shield|p1b: Glimmora\n|-singleturn|p1b: Glimmora|move: Protect\n|move|p2b: Grimmsnarl|Swagger|p1b: Glimmora\n|-activate|p1b: Glimmora|move: Protect\n|move|p2a: Sneasler|Close Combat|p1b: Glimmora\n|-activate|p1b: Glimmora|move: Protect\n|-damage|p2a: Sneasler|88\/100|[from] Spiky Shield|[of] p1b: Glimmora\n|\n|upkeep\n|turn|5\n|\n|t:|1700662542\n|switch|p1a: Dusclops|Dusclops, L50, F|100\/100\n|-ability|p1a: Dusclops|Pressure\n|move|p2a: Sneasler|Protect|p2a: Sneasler\n|-singleturn|p2a: Sneasler|Protect\n|move|p2b: Grimmsnarl|Spirit Break|p1a: Dusclops\n|-damage|p1a: Dusclops|91\/100\n|-unboost|p1a: Dusclops|spa|1\n|move|p1b: Glimmora|Power Gem|p2a: Sneasler\n|-activate|p2a: Sneasler|move: Protect\n|\n|-fieldend|move: Trick Room\n|upkeep\n|turn|6\n|inactive|Jeydis has 30 seconds left.\n|inactive|Jeydis has 20 seconds left.\n|\n|t:|1700662577\n|move|p1b: Glimmora|Spiky Shield|p1b: Glimmora\n|-singleturn|p1b: Glimmora|move: Protect\n|move|p2b: Grimmsnarl|Swagger|p1b: Glimmora\n|-activate|p1b: Glimmora|move: Protect\n|move|p2a: Sneasler|Gunk Shot|p1a: Dusclops\n|-resisted|p1a: Dusclops\n|-damage|p1a: Dusclops|72\/100\n|move|p1a: Dusclops|Trick Room|p1a: Dusclops\n|-fieldstart|move: Trick Room|[of] p1a: Dusclops\n|\n|upkeep\n|turn|7\n|\n|t:|1700662591\n|switch|p1a: Gyarados|Gyarados, L50, F, shiny|45\/100\n|-ability|p1a: Gyarados|Intimidate|boost\n|-unboost|p2a: Sneasler|atk|1\n|-unboost|p2b: Grimmsnarl|atk|1\n|switch|p2b: Chi-Yu|Chi-Yu, L50|100\/100\n|-ability|p2b: Chi-Yu|Beads of Ruin\n|switch|p2a: Iron Hands|Iron Hands, L50|100\/100\n|move|p1b: Glimmora|Sludge Bomb|p2b: Chi-Yu\n|-damage|p2b: Chi-Yu|63\/100\n|\n|upkeep\n|turn|8\n|\n|t:|1700662614\n|switch|p1a: Dusclops|Dusclops, L50, F|72\/100\n|-ability|p1a: Dusclops|Pressure\n|move|p2a: Iron Hands|Fake Out|p1a: Dusclops\n|-immune|p1a: Dusclops\n|move|p1b: Glimmora|Power Gem|p2b: Chi-Yu\n|-supereffective|p2b: Chi-Yu\n|-damage|p2b: Chi-Yu|0 fnt\n|faint|p2b: Chi-Yu\n|\n|upkeep\n|\n|t:|1700662625\n|switch|p2b: Sneasler|Sneasler, L50, F|88\/100\n|turn|9\n|\n|t:|1700662633\n|move|p1a: Dusclops|Protect|p1a: Dusclops\n|-singleturn|p1a: Dusclops|Protect\n|move|p1b: Glimmora|Spiky Shield|p1b: Glimmora\n|-singleturn|p1b: Glimmora|move: Protect\n|move|p2b: Sneasler|Protect|p2b: Sneasler\n|-singleturn|p2b: Sneasler|Protect\n|move|p2a: Iron Hands|Wild Charge|p1a: Dusclops\n|-activate|p1a: Dusclops|move: Protect\n|\n|-sideend|p2: Jeydis|move: Light Screen\n|upkeep\n|turn|10\n|\n|t:|1700662656\n|move|p1a: Dusclops|Night Shade|p2b: Sneasler\n|-damage|p2b: Sneasler|56\/100\n|move|p2a: Iron Hands|Drain Punch|p1b: Glimmora\n|-damage|p1b: Glimmora|35\/100\n|-damage|p2a: Iron Hands|84\/100|[from] item: Rocky Helmet|[of] p1b: Glimmora\n|-activate|p1b: Glimmora|ability: Toxic Debris\n|-sidestart|p2: Jeydis|move: Toxic Spikes\n|move|p1b: Glimmora|Power Gem|p2b: Sneasler\n|-resisted|p2b: Sneasler\n|-damage|p2b: Sneasler|23\/100\n|move|p2b: Sneasler|Acrobatics|p1a: Dusclops\n|-damage|p1a: Dusclops|45\/100\n|\n|-sideend|p2: Jeydis|Reflect\n|-fieldend|move: Trick Room\n|upkeep\n|turn|11\n|\n|t:|1700662675\n|move|p2b: Sneasler|Protect|p2b: Sneasler\n|-singleturn|p2b: Sneasler|Protect\n|move|p1b: Glimmora|Spiky Shield|p1b: Glimmora\n|-singleturn|p1b: Glimmora|move: Protect\n|move|p2a: Iron Hands|Drain Punch|p1b: Glimmora\n|-activate|p1b: Glimmora|move: Protect\n|-damage|p2a: Iron Hands|72\/100|[from] Spiky Shield|[of] p1b: Glimmora\n|move|p1a: Dusclops|Trick Room|p1a: Dusclops\n|-fieldstart|move: Trick Room|[of] p1a: Dusclops\n|\n|upkeep\n|turn|12\n|\n|t:|1700662691\n|switch|p1b: Gyarados|Gyarados, L50, F, shiny|45\/100\n|-ability|p1b: Gyarados|Intimidate|boost\n|-unboost|p2a: Iron Hands|atk|1\n|-unboost|p2b: Sneasler|atk|1\n|move|p1a: Dusclops|Night Shade|p2b: Sneasler\n|-damage|p2b: Sneasler|0 fnt\n|faint|p2b: Sneasler\n|move|p2a: Iron Hands|Wild Charge|p1a: Dusclops\n|-damage|p1a: Dusclops|24\/100\n|-damage|p2a: Iron Hands|69\/100|[from] Recoil\n|\n|upkeep\n|\n|t:|1700662701\n|switch|p2b: Grimmsnarl|Grimmsnarl, L50, M|100\/100\n|-status|p2b: Grimmsnarl|psn\n|turn|13\n|\n|t:|1700662715\n|move|p1b: Gyarados|Protect|p1b: Gyarados\n|-singleturn|p1b: Gyarados|Protect\n|move|p2b: Grimmsnarl|Reflect|p2b: Grimmsnarl\n|-sidestart|p2: Jeydis|Reflect\n|move|p1a: Dusclops|Night Shade|p2b: Grimmsnarl\n|-damage|p2b: Grimmsnarl|76\/100 psn\n|move|p2a: Iron Hands|Wild Charge|p1b: Gyarados\n|-activate|p1b: Gyarados|move: Protect\n|\n|-damage|p2b: Grimmsnarl|63\/100 psn|[from] psn\n|upkeep\n|turn|14\n|\n|t:|1700662728\n|switch|p1b: Glimmora|Glimmora, L50, F, shiny|35\/100\n|move|p1a: Dusclops|Night Shade|p2b: Grimmsnarl\n|-damage|p2b: Grimmsnarl|39\/100 psn\n|move|p2a: Iron Hands|Wild Charge|p1a: Dusclops\n|-damage|p1a: Dusclops|0 fnt\n|faint|p1a: Dusclops\n|-damage|p2a: Iron Hands|66\/100|[from] Recoil\n|move|p2b: Grimmsnarl|Spirit Break|p1b: Glimmora\n|-resisted|p1b: Glimmora\n|-damage|p1b: Glimmora|18\/100\n|-unboost|p1b: Glimmora|spa|1\n|-damage|p2b: Grimmsnarl|22\/100 psn|[from] item: Rocky Helmet|[of] p1b: Glimmora\n|-activate|p1b: Glimmora|ability: Toxic Debris\n|-sidestart|p2: Jeydis|move: Toxic Spikes\n|\n|-damage|p2b: Grimmsnarl|10\/100 psn|[from] psn\n|upkeep\n|\n|t:|1700662745\n|switch|p1a: Gyarados|Gyarados, L50, F, shiny|45\/100\n|-ability|p1a: Gyarados|Intimidate|boost\n|-unboost|p2a: Iron Hands|atk|1\n|-unboost|p2b: Grimmsnarl|atk|1\n|turn|15\n|\n|t:|1700662764\n|move|p1a: Gyarados|Protect|p1a: Gyarados\n|-singleturn|p1a: Gyarados|Protect\n|move|p1b: Glimmora|Spiky Shield|p1b: Glimmora\n|-singleturn|p1b: Glimmora|move: Protect\n|move|p2b: Grimmsnarl|Swagger|p1b: Glimmora\n|-activate|p1b: Glimmora|move: Protect\n|move|p2a: Iron Hands|Wild Charge|p1a: Gyarados\n|-activate|p1a: Gyarados|move: Protect\n|\n|-damage|p2b: Grimmsnarl|0 fnt|[from] psn\n|faint|p2b: Grimmsnarl\n|-fieldend|move: Trick Room\n|upkeep\n|turn|16\n|\n|t:|1700662780\n|switch|p1a: Flutter Mane|Flutter Mane, L50, shiny|100\/100\n|-enditem|p1a: Flutter Mane|Booster Energy\n|-activate|p1a: Flutter Mane|ability: Protosynthesis|[fromitem]\n|-start|p1a: Flutter Mane|protosynthesisspa\n|move|p1b: Glimmora|Power Gem|p2a: Iron Hands\n|-resisted|p2a: Iron Hands\n|-damage|p2a: Iron Hands|56\/100\n|move|p2a: Iron Hands|Wild Charge|p1b: Glimmora\n|-damage|p1b: Glimmora|0 fnt\n|-damage|p2a: Iron Hands|40\/100|[from] item: Rocky Helmet|[of] p1b: Glimmora\n|faint|p1b: Glimmora\n|-damage|p2a: Iron Hands|37\/100|[from] Recoil\n|\n|upkeep\n|\n|t:|1700662793\n|switch|p1b: Gyarados|Gyarados, L50, F, shiny|45\/100\n|-ability|p1b: Gyarados|Intimidate|boost\n|-unboost|p2a: Iron Hands|atk|1\n|turn|17\n|-message|Jeydis forfeited.\n|\n|win|krenitos\n|raw|krenitos's rating: 1103 &rarr; <strong>1126<\/strong><br \/>(+23 for winning)\n|raw|Jeydis's rating: 1082 &rarr; <strong>1061<\/strong><br \/>(-21 for losing)\n|l|\u2606Jeydis\n","uploadtime":1700662805,"views":4,"p1id":"krenitos","p2id":"jeydis","formatid":"gen9vgc2023regulatione","rating":1061,"private":0,"password":""}