{"id":"gen9vgc2023regulatione-1994195755","p1":"Kzejzkz","p2":"BountifulBees","format":"[Gen 9] VGC 2023 Regulation E","log":"|j|\u2606Kzejzkz\n|j|\u2606BountifulBees\n|t:|1700417693\n|gametype|doubles\n|player|p1|Kzejzkz|lance|1049\n|player|p2|BountifulBees|picnicker|1015\n|teamsize|p1|6\n|teamsize|p2|6\n|gen|9\n|tier|[Gen 9] VGC 2023 Regulation E\n|rated|\n|rule|Species Clause: Limit one of each Pok\u00e9mon\n|rule|Item Clause: Limit one of each item\n|clearpoke\n|poke|p1|Flutter Mane, L50|\n|poke|p1|Tornadus, L50, M|\n|poke|p1|Rillaboom, L50, F|\n|poke|p1|Garganacl, L50, F|\n|poke|p1|Arcanine-Hisui, L50, F|\n|poke|p1|Chien-Pao, L50|\n|poke|p2|Pincurchin, L50, F|\n|poke|p2|Raichu-Alola, L50, F|\n|poke|p2|Gliscor, L50, M|\n|poke|p2|Pawmot, L50, M|\n|poke|p2|Amoonguss, L50, M|\n|poke|p2|Probopass, L50, F|\n|teampreview|4\n|inactive|Battle timer is ON: inactive players will automatically lose when time's up. (requested by Kzejzkz)\n|\n|t:|1700417742\n|start\n|switch|p1a: Tornadus|Tornadus, L50, M|100\/100\n|switch|p1b: Garganacl|Garganacl, L50, F|100\/100\n|switch|p2a: Pincurchin|Pincurchin, L50, F|100\/100\n|switch|p2b: Raichu|Raichu-Alola, L50, F|100\/100\n|-fieldstart|move: Electric Terrain|[from] ability: Electric Surge|[of] p2a: Pincurchin\n|turn|1\n|\n|t:|1700417761\n|-terastallize|p1b: Garganacl|Ghost\n|move|p2b: Raichu|Discharge|p1a: Tornadus|[spread] p2a,p1a,p1b\n|-resisted|p2a: Pincurchin\n|-supereffective|p1a: Tornadus\n|-damage|p2a: Pincurchin|72\/100\n|-damage|p1a: Tornadus|32\/100\n|-damage|p1b: Garganacl|68\/100\n|-damage|p2b: Raichu|91\/100|[from] item: Life Orb\n|move|p1a: Tornadus|Bleakwind Storm|p2a: Pincurchin|[spread] p2b\n|-miss|p1a: Tornadus|p2a: Pincurchin\n|-resisted|p2b: Raichu\n|-damage|p2b: Raichu|67\/100\n|move|p1b: Garganacl|Salt Cure|p2b: Raichu\n|-damage|p2b: Raichu|32\/100\n|-start|p2b: Raichu|Salt Cure\n|move|p2a: Pincurchin|Spikes|p1b: Garganacl\n|-sidestart|p1: Kzejzkz|Spikes\n|\n|-damage|p2b: Raichu|20\/100|[from] Salt Cure\n|upkeep\n|turn|2\n|\n|t:|1700417777\n|switch|p2a: Amoonguss|Amoonguss, L50, M|100\/100\n|move|p1b: Garganacl|Protect|p1b: Garganacl\n|-singleturn|p1b: Garganacl|Protect\n|move|p1a: Tornadus|Tailwind|p1a: Tornadus\n|-sidestart|p1: Kzejzkz|move: Tailwind\n|move|p2b: Raichu|Discharge|p1a: Tornadus|[spread] p2a,p1a\n|-activate|p1b: Garganacl|move: Protect\n|-resisted|p2a: Amoonguss\n|-supereffective|p1a: Tornadus\n|-damage|p2a: Amoonguss|79\/100\n|-damage|p1a: Tornadus|0 fnt\n|faint|p1a: Tornadus\n|-damage|p2b: Raichu|10\/100|[from] item: Life Orb\n|\n|-heal|p2a: Amoonguss|85\/100|[from] item: Black Sludge\n|-damage|p2b: Raichu|0 fnt|[from] Salt Cure\n|faint|p2b: Raichu\n|upkeep\n|\n|t:|1700417790\n|switch|p2b: Pawmot|Pawmot, L50, M|100\/100\n|switch|p1a: Rillaboom|Rillaboom, L50, F|100\/100\n|-damage|p1a: Rillaboom|88\/100|[from] Spikes\n|-fieldstart|move: Grassy Terrain|[from] ability: Grassy Surge|[of] p1a: Rillaboom\n|turn|3\n|\n|t:|1700417807\n|move|p1a: Rillaboom|Wood Hammer|p2b: Pawmot\n|-enditem|p2b: Pawmot|Focus Sash\n|-damage|p2b: Pawmot|1\/100\n|-damage|p1a: Rillaboom|60\/100|[from] Recoil\n|move|p2b: Pawmot|Revival Blessing|p2b: Pawmot\n|\n|t:|1700417812\n|-heal|p2: Raichu|50\/100|[from] move: Revival Blessing\n|move|p1b: Garganacl|Salt Cure|p2b: Pawmot\n|-resisted|p2b: Pawmot\n|-damage|p2b: Pawmot|0 fnt\n|faint|p2b: Pawmot\n|move|p2a: Amoonguss|Pollen Puff|p1a: Rillaboom\n|-supereffective|p1a: Rillaboom\n|-damage|p1a: Rillaboom|31\/100\n|\n|-heal|p1a: Rillaboom|37\/100|[from] Grassy Terrain\n|-heal|p1b: Garganacl|73\/100|[from] Grassy Terrain\n|-heal|p2a: Amoonguss|91\/100|[from] Grassy Terrain\n|-heal|p2a: Amoonguss|97\/100|[from] item: Black Sludge\n|upkeep\n|\n|t:|1700417821\n|switch|p2b: Pincurchin|Pincurchin, L50, F|72\/100\n|-fieldstart|move: Electric Terrain|[from] ability: Electric Surge|[of] p2b: Pincurchin\n|turn|4\n|\n|t:|1700417836\n|switch|p2b: Raichu|Raichu-Alola, L50, F|50\/100\n|move|p2a: Amoonguss|Rage Powder|p2a: Amoonguss\n|-singleturn|p2a: Amoonguss|move: Rage Powder\n|move|p1a: Rillaboom|Wood Hammer|p2b: Raichu\n|-damage|p2b: Raichu|0 fnt\n|faint|p2b: Raichu\n|-damage|p1a: Rillaboom|27\/100|[from] Recoil\n|move|p1b: Garganacl|Salt Cure|p2a: Amoonguss\n|-damage|p2a: Amoonguss|85\/100\n|-start|p2a: Amoonguss|Salt Cure\n|\n|-heal|p2a: Amoonguss|91\/100|[from] item: Black Sludge\n|-damage|p2a: Amoonguss|78\/100|[from] Salt Cure\n|upkeep\n|\n|t:|1700417844\n|switch|p2b: Pincurchin|Pincurchin, L50, F|72\/100\n|turn|5\n|\n|t:|1700417854\n|move|p1a: Rillaboom|Wood Hammer|p2b: Pincurchin\n|-damage|p2b: Pincurchin|6\/100\n|-enditem|p2b: Pincurchin|Iapapa Berry|[eat]\n|-heal|p2b: Pincurchin|39\/100|[from] item: Iapapa Berry\n|-damage|p1a: Rillaboom|10\/100|[from] Recoil\n|move|p1b: Garganacl|Recover|p1b: Garganacl\n|-heal|p1b: Garganacl|100\/100\n|move|p2a: Amoonguss|Pollen Puff|p1a: Rillaboom\n|-supereffective|p1a: Rillaboom\n|-damage|p1a: Rillaboom|0 fnt\n|faint|p1a: Rillaboom\n|move|p2b: Pincurchin|Liquidation|p1b: Garganacl\n|-damage|p1b: Garganacl|87\/100\n|\n|-heal|p2a: Amoonguss|84\/100|[from] item: Black Sludge\n|-damage|p2a: Amoonguss|72\/100|[from] Salt Cure\n|-sideend|p1: Kzejzkz|move: Tailwind\n|upkeep\n|\n|t:|1700417857\n|switch|p1a: Arcanine|Arcanine-Hisui, L50, F|100\/100\n|-damage|p1a: Arcanine|88\/100|[from] Spikes\n|-ability|p1a: Arcanine|Intimidate|boost\n|-unboost|p2a: Amoonguss|atk|1\n|-unboost|p2b: Pincurchin|atk|1\n|turn|6\n|\n|t:|1700417878\n|-terastallize|p2a: Amoonguss|Poison\n|move|p1a: Arcanine|Flare Blitz|p2b: Pincurchin\n|-damage|p2b: Pincurchin|0 fnt\n|faint|p2b: Pincurchin\n|-damage|p1a: Arcanine|76\/100|[from] Recoil\n|move|p1b: Garganacl|Iron Defense|p1b: Garganacl\n|-boost|p1b: Garganacl|def|2\n|move|p2a: Amoonguss|Spore|p1a: Arcanine\n|-activate|p1a: Arcanine|move: Electric Terrain\n|\n|-heal|p2a: Amoonguss|78\/100|[from] item: Black Sludge\n|-damage|p2a: Amoonguss|66\/100|[from] Salt Cure\n|upkeep\n|turn|7\n|-message|BountifulBees forfeited.\n|\n|win|Kzejzkz\n|raw|Kzejzkz's rating: 1049 &rarr; <strong>1078<\/strong><br \/>(+29 for winning)\n|raw|BountifulBees's rating: 1015 &rarr; <strong>1004<\/strong><br \/>(-11 for losing)\n|l|\u2606BountifulBees\n","uploadtime":1700417903,"views":5,"p1id":"kzejzkz","p2id":"bountifulbees","formatid":"gen9vgc2023regulatione","rating":1004,"private":0,"password":""}