{"id":"gen9vgc2023regulatione-1996047244","p1":"CHAMPNIZER","p2":"haamgamer07","format":"[Gen 9] VGC 2023 Regulation E","log":"|j|\u2606CHAMPNIZER\n|j|\u2606haamgamer07\n|t:|1700634999\n|gametype|doubles\n|player|p1|CHAMPNIZER|swimmer|1196\n|player|p2|haamgamer07|102|1254\n|teamsize|p1|6\n|teamsize|p2|6\n|gen|9\n|tier|[Gen 9] VGC 2023 Regulation E\n|rated|\n|rule|Species Clause: Limit one of each Pok\u00e9mon\n|rule|Item Clause: Limit one of each item\n|clearpoke\n|poke|p1|Ogerpon, L50, F|\n|poke|p1|Rillaboom, L50, M|\n|poke|p1|Landorus-Therian, L50, M|\n|poke|p1|Iron Bundle, L50|\n|poke|p1|Volcarona, L50, M|\n|poke|p1|Annihilape, L50, F|\n|poke|p2|Flutter Mane, L50|\n|poke|p2|Iron Hands, L50|\n|poke|p2|Ogerpon-Hearthflame, L50, F|\n|poke|p2|Cresselia, L50, F|\n|poke|p2|Ursaluna, L50, F|\n|poke|p2|Empoleon, L50, F|\n|teampreview|4\n|inactive|Battle timer is ON: inactive players will automatically lose when time's up. (requested by CHAMPNIZER)\n|\n|t:|1700635064\n|start\n|switch|p1a: Rillaboom|Rillaboom, L50, M|100\/100\n|switch|p1b: Ogerpon|Ogerpon, L50, F|100\/100\n|switch|p2a: Flutter Mane|Flutter Mane, L50|100\/100\n|switch|p2b: Ogerpon|Ogerpon-Hearthflame, L50, F|100\/100\n|-ability|p2b: Ogerpon|Mold Breaker\n|-fieldstart|move: Grassy Terrain|[from] ability: Grassy Surge|[of] p1a: Rillaboom\n|turn|1\n|inactive|CHAMPNIZER has 30 seconds left.\n|inactive|CHAMPNIZER has 20 seconds left.\n|\n|t:|1700635101\n|-terastallize|p1b: Ogerpon|Grass\n|detailschange|p1b: Ogerpon|Ogerpon-Teal-Tera, L50, F, tera:Grass\n|-ability|p1b: Ogerpon|Embody Aspect (Teal)|boost\n|-boost|p1b: Ogerpon|spe|1\n|move|p2a: Flutter Mane|Protect|p2a: Flutter Mane\n|-singleturn|p2a: Flutter Mane|Protect\n|move|p2b: Ogerpon|Spiky Shield|p2b: Ogerpon\n|-singleturn|p2b: Ogerpon|move: Protect\n|move|p1a: Rillaboom|Fake Out|p2b: Ogerpon\n|-activate|p2b: Ogerpon|move: Protect\n|-damage|p1a: Rillaboom|88\/100|[from] Spiky Shield|[of] p2b: Ogerpon\n|move|p1b: Ogerpon|Ivy Cudgel|p2a: Flutter Mane\n|-activate|p2a: Flutter Mane|move: Protect\n|\n|-heal|p1a: Rillaboom|94\/100|[from] Grassy Terrain\n|upkeep\n|turn|2\n|inactive|CHAMPNIZER has 30 seconds left.\n|inactive|haamgamer07 has 30 seconds left.\n|\n|t:|1700635135\n|switch|p1b: Volcarona|Volcarona, L50, M|100\/100\n|move|p2b: Ogerpon|Follow Me|p2b: Ogerpon\n|-singleturn|p2b: Ogerpon|move: Follow Me\n|move|p1a: Rillaboom|Grassy Glide|p2b: Ogerpon\n|-resisted|p2b: Ogerpon\n|-damage|p2b: Ogerpon|91\/100\n|move|p2a: Flutter Mane|Trick Room|p2a: Flutter Mane\n|-fieldstart|move: Trick Room|[of] p2a: Flutter Mane\n|\n|-heal|p1a: Rillaboom|99\/100|[from] Grassy Terrain\n|-heal|p2b: Ogerpon|97\/100|[from] Grassy Terrain\n|upkeep\n|turn|3\n|inactive|haamgamer07 has 30 seconds left.\n|\n|t:|1700635165\n|move|p1b: Volcarona|Rage Powder|p1b: Volcarona\n|-singleturn|p1b: Volcarona|move: Rage Powder\n|move|p1a: Rillaboom|Grassy Glide|p2a: Flutter Mane\n|-damage|p2a: Flutter Mane|24\/100\n|move|p2b: Ogerpon|Ivy Cudgel|p1a: Rillaboom|[anim] Ivy Cudgel Fire\n|-supereffective|p1a: Rillaboom\n|-damage|p1a: Rillaboom|0 fnt\n|faint|p1a: Rillaboom\n|move|p2a: Flutter Mane|Shadow Ball|p1b: Volcarona\n|-damage|p1b: Volcarona|55\/100\n|\n|-heal|p1b: Volcarona|61\/100|[from] Grassy Terrain\n|-heal|p2b: Ogerpon|100\/100|[from] Grassy Terrain\n|-heal|p2a: Flutter Mane|30\/100|[from] Grassy Terrain\n|upkeep\n|inactive|CHAMPNIZER has 30 seconds left.\n|inactive|CHAMPNIZER has 20 seconds left.\n|inactive|CHAMPNIZER has 15 seconds left.\n|inactive|CHAMPNIZER has 10 seconds left.\n|inactive|CHAMPNIZER has 5 seconds left.\n|\n|t:|1700635220\n|switch|p1a: Landorus|Landorus-Therian, L50, M|100\/100\n|-ability|p1a: Landorus|Intimidate|boost\n|-unboost|p2a: Flutter Mane|atk|1\n|-unboost|p2b: Ogerpon|atk|1\n|turn|4\n|inactive|CHAMPNIZER has 30 seconds left.\n|\n|t:|1700635251\n|switch|p1b: Ogerpon|Ogerpon-Teal-Tera, L50, F, tera:Grass|100\/100\n|-ability|p1b: Ogerpon|Embody Aspect (Teal)|boost\n|-boost|p1b: Ogerpon|spe|1\n|switch|p2b: Empoleon|Empoleon, L50, F|100\/100\n|-end|p2a: Flutter Mane|Protosynthesis|[silent]\n|switch|p2a: Ursaluna|Ursaluna, L50, F|100\/100\n|move|p1a: Landorus|Rock Slide|p2b: Empoleon|[spread] p2a,p2b\n|-resisted|p2a: Ursaluna\n|-resisted|p2b: Empoleon\n|-damage|p2a: Ursaluna|92\/100\n|-damage|p2b: Empoleon|89\/100\n|\n|-heal|p2a: Ursaluna|99\/100|[from] Grassy Terrain\n|-heal|p2b: Empoleon|95\/100|[from] Grassy Terrain\n|-status|p2a: Ursaluna|brn|[from] item: Flame Orb\n|upkeep\n|turn|5\n|inactive|CHAMPNIZER has 30 seconds left.\n|inactive|haamgamer07 has 30 seconds left.\n|inactive|haamgamer07 has 20 seconds left.\n|\n|t:|1700635286\n|switch|p1a: Volcarona|Volcarona, L50, M|61\/100\n|move|p1b: Ogerpon|Grassy Glide|p2a: Ursaluna\n|-supereffective|p2a: Ursaluna\n|-damage|p2a: Ursaluna|0 fnt\n|faint|p2a: Ursaluna\n|move|p2b: Empoleon|Ice Beam|p1b: Ogerpon\n|-supereffective|p1b: Ogerpon\n|-damage|p1b: Ogerpon|17\/100\n|\n|-heal|p2b: Empoleon|100\/100|[from] Grassy Terrain\n|-heal|p1a: Volcarona|68\/100|[from] Grassy Terrain\n|-heal|p1b: Ogerpon|22\/100|[from] Grassy Terrain\n|-fieldend|move: Grassy Terrain\n|upkeep\n|inactive|haamgamer07 has 30 seconds left.\n|\n|t:|1700635315\n|switch|p2a: Flutter Mane|Flutter Mane, L50|30\/100\n|turn|6\n|\n|t:|1700635333\n|switch|p1b: Landorus|Landorus-Therian, L50, M|100\/100\n|-ability|p1b: Landorus|Intimidate|boost\n|-unboost|p2a: Flutter Mane|atk|1\n|-unboost|p2b: Empoleon|atk|1\n|-ability|p2b: Empoleon|Competitive|boost\n|-boost|p2b: Empoleon|spa|2\n|move|p2b: Empoleon|Water Pledge|p1a: Volcarona\n|-supereffective|p1a: Volcarona\n|-damage|p1a: Volcarona|0 fnt\n|faint|p1a: Volcarona\n|move|p2a: Flutter Mane|Shadow Ball|p1b: Landorus\n|-crit|p1b: Landorus\n|-damage|p1b: Landorus|20\/100\n|\n|-fieldend|move: Trick Room\n|upkeep\n|\n|t:|1700635345\n|switch|p1a: Ogerpon|Ogerpon-Teal-Tera, L50, F, tera:Grass|22\/100\n|-ability|p1a: Ogerpon|Embody Aspect (Teal)|boost\n|-boost|p1a: Ogerpon|spe|1\n|turn|7\n|inactive|CHAMPNIZER has 30 seconds left.\n|\n|t:|1700635381\n|-terastallize|p2b: Empoleon|Flying\n|move|p2a: Flutter Mane|Protect|p2a: Flutter Mane\n|-singleturn|p2a: Flutter Mane|Protect\n|move|p1a: Ogerpon|Stomping Tantrum|p2b: Empoleon\n|-immune|p2b: Empoleon\n|move|p1b: Landorus|Rock Slide|p2a: Flutter Mane|[spread] p2b\n|-activate|p2a: Flutter Mane|move: Protect\n|-supereffective|p2b: Empoleon\n|-damage|p2b: Empoleon|57\/100\n|move|p2b: Empoleon|Ice Beam|p1b: Landorus\n|-supereffective|p1b: Landorus\n|-damage|p1b: Landorus|0 fnt\n|faint|p1b: Landorus\n|\n|upkeep\n|turn|8\n|-message|CHAMPNIZER forfeited.\n|\n|win|haamgamer07\n|raw|CHAMPNIZER's rating: 1196 &rarr; <strong>1175<\/strong><br \/>(-21 for losing)\n|raw|haamgamer07's rating: 1254 &rarr; <strong>1275<\/strong><br \/>(+21 for winning)\n|l|\u2606CHAMPNIZER\n|l|\u2606haamgamer07\n|j|\u2606haamgamer07\n|player|p2|haamgamer07|102\n","uploadtime":1700635412,"views":3,"p1id":"champnizer","p2id":"haamgamer07","formatid":"gen9vgc2023regulatione","rating":1175,"private":0,"password":""}