{"id":"gen9vgc2023regulatione-1989726731","p1":"K\\jrhzk","p2":"Spaghet9221","format":"[Gen 9] VGC 2023 Regulation E","log":"|j|\u2606K\\jrhzk\n|j|\u2606Spaghet9221\n|t:|1699890502\n|gametype|doubles\n|player|p1|K\\jrhzk|lance|1000\n|player|p2|Spaghet9221|1|1000\n|teamsize|p1|6\n|teamsize|p2|6\n|gen|9\n|tier|[Gen 9] VGC 2023 Regulation E\n|rated|\n|rule|Species Clause: Limit one of each Pok\u00e9mon\n|rule|Item Clause: Limit one of each item\n|clearpoke\n|poke|p1|Flutter Mane, L50|\n|poke|p1|Tornadus, L50, M|\n|poke|p1|Rillaboom, L50, F|\n|poke|p1|Garganacl, L50, M|\n|poke|p1|Arcanine-Hisui, L50, F|\n|poke|p1|Chien-Pao, L50|\n|poke|p2|Goodra, L50, M|\n|poke|p2|Tornadus, L50, M|\n|poke|p2|Urshifu-*, L50, M|\n|poke|p2|Ogerpon, L50, F|\n|poke|p2|Clefairy, L50, M|\n|poke|p2|Arcanine-Hisui, L50, M|\n|teampreview|4\n|\n|t:|1699890519\n|start\n|switch|p1a: Tornadus|Tornadus, L50, M|100\/100\n|switch|p1b: Garganacl|Garganacl, L50, M|100\/100\n|switch|p2a: Tornadus|Tornadus, L50, M|100\/100\n|switch|p2b: Urshifu|Urshifu-Rapid-Strike, L50, M|100\/100\n|turn|1\n|\n|t:|1699890541\n|-terastallize|p2b: Urshifu|Water\n|-terastallize|p1b: Garganacl|Ghost\n|move|p2b: Urshifu|Aqua Jet|p1b: Garganacl\n|-damage|p1b: Garganacl|75\/100\n|move|p2a: Tornadus|Tailwind|p2a: Tornadus\n|-sidestart|p2: Spaghet9221|move: Tailwind\n|move|p1a: Tornadus|Bleakwind Storm|p2a: Tornadus|[spread] p2b\n|-miss|p1a: Tornadus|p2a: Tornadus\n|-damage|p2b: Urshifu|50\/100\n|-unboost|p2b: Urshifu|spe|1\n|move|p1b: Garganacl|Salt Cure|p2b: Urshifu\n|-damage|p2b: Urshifu|37\/100\n|-start|p2b: Urshifu|Salt Cure\n|\n|-damage|p2b: Urshifu|12\/100|[from] Salt Cure\n|upkeep\n|turn|2\n|\n|t:|1699890562\n|switch|p2b: Clefairy|Clefairy, L50, M|100\/100\n|move|p2a: Tornadus|Taunt|p1a: Tornadus\n|-start|p1a: Tornadus|move: Taunt\n|cant|p1a: Tornadus|move: Taunt|Tailwind\n|move|p1b: Garganacl|Recover|p1b: Garganacl\n|-heal|p1b: Garganacl|100\/100\n|\n|upkeep\n|turn|3\n|\n|t:|1699890579\n|move|p2a: Tornadus|Taunt|p1b: Garganacl\n|-start|p1b: Garganacl|move: Taunt\n|move|p1a: Tornadus|Bleakwind Storm|p2a: Tornadus|[spread] p2a\n|-miss|p1a: Tornadus|p2b: Clefairy\n|-damage|p2a: Tornadus|81\/100\n|move|p2b: Clefairy|Encore|p1a: Tornadus\n|-start|p1a: Tornadus|Encore\n|move|p1b: Garganacl|Salt Cure|p2a: Tornadus\n|-supereffective|p2a: Tornadus\n|-damage|p2a: Tornadus|58\/100\n|-start|p2a: Tornadus|Salt Cure\n|\n|-damage|p2a: Tornadus|46\/100|[from] Salt Cure\n|upkeep\n|turn|4\n|\n|t:|1699890623\n|move|p2b: Clefairy|Follow Me|p2b: Clefairy\n|-singleturn|p2b: Clefairy|move: Follow Me\n|move|p2a: Tornadus|Rain Dance|p2a: Tornadus\n|-weather|RainDance\n|move|p1a: Tornadus|Bleakwind Storm|p2a: Tornadus|[spread] p2a,p2b\n|-damage|p2a: Tornadus|25\/100\n|-damage|p2b: Clefairy|82\/100\n|move|p1b: Garganacl|Salt Cure|p2b: Clefairy\n|-damage|p2b: Clefairy|66\/100\n|-start|p2b: Clefairy|Salt Cure\n|\n|-weather|RainDance|[upkeep]\n|-damage|p2a: Tornadus|13\/100|[from] Salt Cure\n|-damage|p2b: Clefairy|54\/100|[from] Salt Cure\n|-end|p1a: Tornadus|move: Taunt\n|-sideend|p2: Spaghet9221|move: Tailwind\n|upkeep\n|turn|5\n|\n|t:|1699890636\n|move|p2a: Tornadus|Taunt|p1a: Tornadus\n|-start|p1a: Tornadus|move: Taunt\n|move|p1a: Tornadus|Bleakwind Storm|p2a: Tornadus|[spread] p2a,p2b\n|-damage|p2a: Tornadus|0 fnt\n|-damage|p2b: Clefairy|35\/100\n|-unboost|p2b: Clefairy|spe|1\n|faint|p2a: Tornadus\n|move|p1b: Garganacl|Salt Cure|p2b: Clefairy\n|-damage|p2b: Clefairy|19\/100\n|move|p2b: Clefairy|Heal Pulse|p2: Tornadus|[notarget]\n|-fail|p2b: Clefairy\n|\n|-weather|RainDance|[upkeep]\n|-damage|p2b: Clefairy|7\/100|[from] Salt Cure\n|-end|p1b: Garganacl|move: Taunt\n|upkeep\n|\n|t:|1699890646\n|switch|p2a: Arcanine|Arcanine-Hisui, L50, M|100\/100\n|-ability|p2a: Arcanine|Intimidate|boost\n|-unboost|p1a: Tornadus|atk|1\n|-unboost|p1b: Garganacl|atk|1\n|turn|6\n|\n|t:|1699890663\n|switch|p1a: Arcanine|Arcanine-Hisui, L50, F|100\/100\n|-ability|p1a: Arcanine|Intimidate|boost\n|-unboost|p2a: Arcanine|atk|1\n|-unboost|p2b: Clefairy|atk|1\n|move|p2b: Clefairy|Follow Me|p2b: Clefairy\n|-singleturn|p2b: Clefairy|move: Follow Me\n|move|p2a: Arcanine|Flare Blitz|p1b: Garganacl\n|-damage|p1b: Garganacl|80\/100\n|-damage|p2a: Arcanine|92\/100|[from] Recoil\n|move|p1b: Garganacl|Iron Defense|p1b: Garganacl\n|-boost|p1b: Garganacl|def|2\n|\n|-weather|RainDance|[upkeep]\n|-damage|p2b: Clefairy|0 fnt|[from] Salt Cure\n|faint|p2b: Clefairy\n|upkeep\n|\n|t:|1699890674\n|switch|p2b: Urshifu|Urshifu-Rapid-Strike, L50, M, tera:Water|12\/100\n|turn|7\n|\n|t:|1699890685\n|switch|p1a: Tornadus|Tornadus, L50, M|100\/100\n|move|p2b: Urshifu|Protect|p2b: Urshifu\n|-singleturn|p2b: Urshifu|Protect\n|move|p2a: Arcanine|Flare Blitz|p1b: Garganacl\n|-damage|p1b: Garganacl|71\/100\n|-damage|p2a: Arcanine|89\/100|[from] Recoil\n|move|p1b: Garganacl|Salt Cure|p2b: Urshifu\n|-activate|p2b: Urshifu|move: Protect\n|\n|-weather|RainDance|[upkeep]\n|upkeep\n|turn|8\n|\n|t:|1699890700\n|move|p1a: Tornadus|Tailwind|p1a: Tornadus\n|-sidestart|p1: K\\jrhzk|move: Tailwind\n|move|p2b: Urshifu|Surging Strikes|p1b: Garganacl\n|-crit|p1b: Garganacl\n|-damage|p1b: Garganacl|36\/100\n|-enditem|p1b: Garganacl|Sitrus Berry|[eat]\n|-heal|p1b: Garganacl|60\/100|[from] item: Sitrus Berry\n|-crit|p1b: Garganacl\n|-damage|p1b: Garganacl|23\/100\n|-crit|p1b: Garganacl\n|-damage|p1b: Garganacl|0 fnt\n|faint|p1b: Garganacl\n|-hitcount|p1: Garganacl|3\n|move|p2a: Arcanine|Flare Blitz|p1a: Tornadus\n|-damage|p1a: Tornadus|65\/100\n|-damage|p2a: Arcanine|72\/100|[from] item: Rocky Helmet|[of] p1a: Tornadus\n|-damage|p2a: Arcanine|59\/100|[from] Recoil\n|\n|-weather|none\n|upkeep\n|\n|t:|1699890709\n|switch|p1b: Arcanine|Arcanine-Hisui, L50, F|100\/100\n|-ability|p1b: Arcanine|Intimidate|boost\n|-unboost|p2a: Arcanine|atk|1\n|-unboost|p2b: Urshifu|atk|1\n|turn|9\n|\n|t:|1699890720\n|move|p1b: Arcanine|Extreme Speed|p2b: Urshifu\n|-damage|p2b: Urshifu|0 fnt\n|faint|p2b: Urshifu\n|move|p1a: Tornadus|Bleakwind Storm|p2a: Arcanine\n|-resisted|p2a: Arcanine\n|-crit|p2a: Arcanine\n|-damage|p2a: Arcanine|20\/100\n|move|p2a: Arcanine|Flare Blitz|p1a: Tornadus\n|-damage|p1a: Tornadus|12\/100\n|-damage|p2a: Arcanine|3\/100|[from] item: Rocky Helmet|[of] p1a: Tornadus\n|-damage|p2a: Arcanine|0 fnt|[from] Recoil\n|faint|p2a: Arcanine\n|\n|win|K\\jrhzk\n|raw|K\\jrhzk's rating: 1000 &rarr; <strong>1040<\/strong><br \/>(+40 for winning)\n|raw|Spaghet9221's rating: 1000 &rarr; <strong>1000<\/strong><br \/>(+0 for losing)\n|l|\u2606Spaghet9221\n","uploadtime":1699890731,"views":7,"p1id":"kjrhzk","p2id":"spaghet9221","formatid":"gen9vgc2023regulatione","rating":1000,"private":0,"password":""}