{"id":"gen9vgc2023regulatione-1987990889","p1":"averagerandbats","p2":"alex_m7042","format":"[Gen 9] VGC 2023 Regulation E","log":"|j|\u2606averagerandbats\n|j|\u2606alex_m7042\n|t:|1699656646\n|gametype|doubles\n|player|p1|averagerandbats|janitor|1158\n|player|p2|alex_m7042|swimmer|1142\n|teamsize|p1|6\n|teamsize|p2|6\n|gen|9\n|tier|[Gen 9] VGC 2023 Regulation E\n|rated|\n|rule|Species Clause: Limit one of each Pok\u00e9mon\n|rule|Item Clause: Limit one of each item\n|clearpoke\n|poke|p1|Ogerpon-Wellspring, L50, F|\n|poke|p1|Arcanine-Hisui, L50, F|\n|poke|p1|Zapdos, L50|\n|poke|p1|Gholdengo, L50|\n|poke|p1|Urshifu-*, L50, M|\n|poke|p1|Rillaboom, L50, M|\n|poke|p2|Cresselia, L50, F|\n|poke|p2|Ursaluna-Bloodmoon, L50, M|\n|poke|p2|Iron Hands, L50|\n|poke|p2|Ogerpon-Wellspring, L50, F|\n|poke|p2|Arcanine-Hisui, L50, F|\n|poke|p2|Flutter Mane, L50|\n|teampreview|4\n|inactive|Battle timer is ON: inactive players will automatically lose when time's up. (requested by alex_m7042)\n|inactive|alex_m7042 has 60 seconds left.\n|\n|t:|1699656685\n|start\n|switch|p1a: Gholdengo|Gholdengo, L50|100\/100\n|switch|p1b: Urshifu|Urshifu-Rapid-Strike, L50, M|100\/100\n|switch|p2a: Cresselia|Cresselia, L50, F|100\/100\n|switch|p2b: Iron Hands|Iron Hands, L50|100\/100\n|turn|1\n|\n|t:|1699656701\n|switch|p1b: Zapdos|Zapdos, L50|100\/100\n|move|p2b: Iron Hands|Fake Out|p1b: Zapdos\n|-damage|p1b: Zapdos|88\/100\n|-damage|p2b: Iron Hands|84\/100|[from] item: Rocky Helmet|[of] p1b: Zapdos\n|move|p1a: Gholdengo|Nasty Plot|p1a: Gholdengo\n|-boost|p1a: Gholdengo|spa|2\n|move|p2a: Cresselia|Trick Room|p2a: Cresselia\n|-fieldstart|move: Trick Room|[of] p2a: Cresselia\n|\n|upkeep\n|turn|2\n|inactive|averagerandbats has 30 seconds left.\n|inactive|alex_m7042 has 30 seconds left.\n|\n|t:|1699656728\n|switch|p2a: Ursaluna|Ursaluna-Bloodmoon, L50, M|100\/100\n|move|p2b: Iron Hands|Wild Charge|p1a: Gholdengo\n|-damage|p1a: Gholdengo|53\/100\n|-damage|p2b: Iron Hands|75\/100|[from] Recoil\n|move|p1a: Gholdengo|Nasty Plot|p1a: Gholdengo\n|-boost|p1a: Gholdengo|spa|2\n|move|p1b: Zapdos|Rain Dance|p1b: Zapdos\n|-weather|RainDance\n|\n|-weather|RainDance|[upkeep]\n|-heal|p1a: Gholdengo|60\/100|[from] item: Leftovers\n|upkeep\n|turn|3\n|inactive|alex_m7042 has 30 seconds left.\n|inactive|alex_m7042 has 20 seconds left.\n|inactive|alex_m7042 has 15 seconds left.\n|inactive|alex_m7042 has 10 seconds left.\n|\n|t:|1699656776\n|move|p1a: Gholdengo|Protect|p1a: Gholdengo\n|-singleturn|p1a: Gholdengo|Protect\n|move|p2a: Ursaluna|Earth Power|p1a: Gholdengo\n|-activate|p1a: Gholdengo|move: Protect\n|move|p2b: Iron Hands|Wild Charge|p1b: Zapdos\n|-damage|p1b: Zapdos|51\/100\n|-damage|p2b: Iron Hands|58\/100|[from] item: Rocky Helmet|[of] p1b: Zapdos\n|-damage|p2b: Iron Hands|51\/100|[from] Recoil\n|move|p1b: Zapdos|Hurricane|p2a: Ursaluna\n|-damage|p2a: Ursaluna|55\/100\n|\n|-weather|RainDance|[upkeep]\n|-heal|p1a: Gholdengo|66\/100|[from] item: Leftovers\n|upkeep\n|turn|4\n|\n|t:|1699656798\n|-end|p2b: Iron Hands|Quark Drive|[silent]\n|switch|p2b: Cresselia|Cresselia, L50, F|100\/100\n|-terastallize|p1a: Gholdengo|Dragon\n|move|p2a: Ursaluna|Earth Power|p1a: Gholdengo\n|-damage|p1a: Gholdengo|22\/100\n|move|p1a: Gholdengo|Make It Rain|p2b: Cresselia|[spread] p2a,p2b\n|-damage|p2a: Ursaluna|0 fnt\n|-damage|p2b: Cresselia|26\/100\n|-unboost|p1a: Gholdengo|spa|1\n|faint|p2a: Ursaluna\n|move|p1b: Zapdos|Hurricane|p2b: Cresselia\n|-damage|p2b: Cresselia|1\/100\n|\n|-weather|RainDance|[upkeep]\n|-heal|p1a: Gholdengo|28\/100|[from] item: Leftovers\n|upkeep\n|\n|t:|1699656810\n|switch|p2a: Iron Hands|Iron Hands, L50|51\/100\n|turn|5\n|\n|t:|1699656822\n|move|p1a: Gholdengo|Protect|p1a: Gholdengo\n|-singleturn|p1a: Gholdengo|Protect\n|move|p2a: Iron Hands|Fake Out|p1b: Zapdos\n|-damage|p1b: Zapdos|39\/100\n|-damage|p2a: Iron Hands|34\/100|[from] item: Rocky Helmet|[of] p1b: Zapdos\n|move|p2b: Cresselia|Lunar Blessing|p2b: Cresselia|[spread] p2a,p2b\n|-heal|p2a: Iron Hands|59\/100\n|-heal|p2b: Cresselia|26\/100\n|cant|p1b: Zapdos|flinch\n|\n|-weather|RainDance|[upkeep]\n|-heal|p1a: Gholdengo|35\/100|[from] item: Leftovers\n|-fieldend|move: Trick Room\n|upkeep\n|turn|6\n|inactive|alex_m7042 has 30 seconds left.\n|\n|t:|1699656851\n|move|p1b: Zapdos|Hurricane|p2a: Iron Hands\n|-damage|p2a: Iron Hands|36\/100\n|move|p1a: Gholdengo|Make It Rain|p2a: Iron Hands|[spread] p2a,p2b\n|-resisted|p2a: Iron Hands\n|-damage|p2a: Iron Hands|9\/100\n|-damage|p2b: Cresselia|0 fnt\n|-unboost|p1a: Gholdengo|spa|1\n|faint|p2b: Cresselia\n|move|p2a: Iron Hands|Drain Punch|p1a: Gholdengo\n|-damage|p1a: Gholdengo|0 fnt\n|-heal|p2a: Iron Hands|23\/100|[from] drain|[of] p1a: Gholdengo\n|faint|p1a: Gholdengo\n|\n|-weather|none\n|upkeep\n|\n|t:|1699656866\n|switch|p1a: Urshifu|Urshifu-Rapid-Strike, L50, M|100\/100\n|switch|p2b: Arcanine|Arcanine-Hisui, L50, F|100\/100\n|-ability|p2b: Arcanine|Intimidate|boost\n|-unboost|p1a: Urshifu|atk|1\n|-unboost|p1b: Zapdos|atk|1\n|turn|7\n|\n|t:|1699656889\n|-terastallize|p2b: Arcanine|Grass\n|move|p1a: Urshifu|U-turn|p2a: Iron Hands\n|-resisted|p2a: Iron Hands\n|-damage|p2a: Iron Hands|17\/100\n|\n|t:|1699656893\n|switch|p1a: Ogerpon|Ogerpon-Wellspring, L50, F|100\/100|[from] U-turn\n|move|p2b: Arcanine|Rock Slide|p1b: Zapdos|[spread] p1a,p1b\n|-supereffective|p1b: Zapdos\n|-damage|p1a: Ogerpon|72\/100\n|-damage|p1b: Zapdos|0 fnt\n|faint|p1b: Zapdos\n|move|p2a: Iron Hands|Wild Charge|p1a: Ogerpon\n|-damage|p1a: Ogerpon|21\/100\n|-damage|p2a: Iron Hands|7\/100|[from] Recoil\n|\n|upkeep\n|\n|t:|1699656903\n|switch|p1b: Urshifu|Urshifu-Rapid-Strike, L50, M|100\/100\n|turn|8\n|\n|t:|1699656917\n|move|p1a: Ogerpon|Spiky Shield|p1a: Ogerpon\n|-singleturn|p1a: Ogerpon|move: Protect\n|move|p1b: Urshifu|Ice Spinner|p2b: Arcanine\n|-supereffective|p2b: Arcanine\n|-damage|p2b: Arcanine|40\/100\n|-enditem|p2b: Arcanine|Sitrus Berry|[eat]\n|-heal|p2b: Arcanine|65\/100|[from] item: Sitrus Berry\n|move|p2b: Arcanine|Rock Slide|p1a: Ogerpon|[spread] p1b\n|-activate|p1a: Ogerpon|move: Protect\n|-resisted|p1b: Urshifu\n|-damage|p1b: Urshifu|89\/100\n|move|p2a: Iron Hands|Drain Punch|p1a: Ogerpon\n|-activate|p1a: Ogerpon|move: Protect\n|-damage|p2a: Iron Hands|0 fnt|[from] Spiky Shield|[of] p1a: Ogerpon\n|faint|p2a: Iron Hands\n|-end|p2a: Iron Hands|Quark Drive|[silent]\n|\n|upkeep\n|turn|9\n|c|\u2606averagerandbats|bulky arcanine, mind sharing your EVs?\n|inactive|averagerandbats has 30 seconds left.\n|-message|alex_m7042 forfeited.\n|\n|win|averagerandbats\n|raw|averagerandbats's rating: 1158 &rarr; <strong>1182<\/strong><br \/>(+24 for winning)\n|raw|alex_m7042's rating: 1142 &rarr; <strong>1118<\/strong><br \/>(-24 for losing)\n|l|\u2606alex_m7042\n","uploadtime":1699656955,"views":13,"p1id":"averagerandbats","p2id":"alexm7042","formatid":"gen9vgc2023regulatione","rating":1118,"private":0,"password":""}