{"id":"gen9vgc2023regulatione-2000390894","p1":"HomerFG1","p2":"Lvl4Metapod","format":"[Gen 9] VGC 2023 Regulation E","log":"|j|\u2606HomerFG1\n|j|\u2606Lvl4Metapod\n|t:|1701190847\n|gametype|doubles\n|player|p1|HomerFG1|102|1315\n|player|p2|Lvl4Metapod|170|1404\n|teamsize|p1|6\n|teamsize|p2|6\n|gen|9\n|tier|[Gen 9] VGC 2023 Regulation E\n|rated|\n|rule|Species Clause: Limit one of each Pok\u00e9mon\n|rule|Item Clause: Limit one of each item\n|clearpoke\n|poke|p1|Annihilape, L50, M|\n|poke|p1|Iron Hands, L50|\n|poke|p1|Flamigo, L50, M|\n|poke|p1|Kommo-o, L50, F|\n|poke|p1|Tauros-Paldea-Blaze, L50, M|\n|poke|p1|Urshifu-*, L50, M|\n|poke|p2|Roaring Moon, L50|\n|poke|p2|Empoleon, L50, F|\n|poke|p2|Sinistcha, L50|\n|poke|p2|Iron Hands, L50|\n|poke|p2|Landorus, L50, M|\n|poke|p2|Ogerpon-Hearthflame, L50, F|\n|teampreview|4\n|inactive|Battle timer is ON: inactive players will automatically lose when time's up. (requested by HomerFG1)\nLvl4Metapod has agreed to open team sheets.\n|inactive|HomerFG1 has 60 seconds left.\n|inactive|Lvl4Metapod has 60 seconds left.\n|inactive|Lvl4Metapod has 30 seconds left.\n|\n|t:|1701190913\n|start\n|switch|p1a: Urshifu|Urshifu-Rapid-Strike, L50, M|100\/100\n|switch|p1b: Iron Hands|Iron Hands, L50|100\/100\n|switch|p2a: Sinistcha|Sinistcha, L50|100\/100\n|switch|p2b: Empoleon|Empoleon, L50, F|100\/100\n|turn|1\n|\n|t:|1701190932\n|move|p2a: Sinistcha|Rage Powder|p2a: Sinistcha\n|-singleturn|p2a: Sinistcha|move: Rage Powder\n|move|p1a: Urshifu|U-turn|p2a: Sinistcha\n|-crit|p2a: Sinistcha\n|-damage|p2a: Sinistcha|67\/100\n|-damage|p1a: Urshifu|84\/100|[from] item: Rocky Helmet|[of] p2a: Sinistcha\n|\n|t:|1701190940\n|switch|p1a: Annihilape|Annihilape, L50, M|100\/100|[from] U-turn\n|move|p2b: Empoleon|Yawn|p1a: Annihilape\n|-start|p1a: Annihilape|move: Yawn|[of] p2b: Empoleon\n|move|p1b: Iron Hands|Wild Charge|p2a: Sinistcha\n|-resisted|p2a: Sinistcha\n|-damage|p2a: Sinistcha|46\/100\n|-damage|p1b: Iron Hands|84\/100|[from] item: Rocky Helmet|[of] p2a: Sinistcha\n|-damage|p1b: Iron Hands|80\/100|[from] Recoil\n|\n|upkeep\n|turn|2\n|inactive|HomerFG1 has 30 seconds left.\n|inactive|Lvl4Metapod has 30 seconds left.\n|\n|t:|1701190967\n|move|p2a: Sinistcha|Rage Powder|p2a: Sinistcha\n|-singleturn|p2a: Sinistcha|move: Rage Powder\n|move|p1a: Annihilape|Rage Fist|p2a: Sinistcha\n|-supereffective|p2a: Sinistcha\n|-damage|p2a: Sinistcha|4\/100\n|-damage|p1a: Annihilape|84\/100|[from] item: Rocky Helmet|[of] p2a: Sinistcha\n|move|p2b: Empoleon|Brine|p1a: Annihilape\n|-damage|p1a: Annihilape|61\/100\n|move|p1b: Iron Hands|Volt Switch|p2a: Sinistcha\n|-resisted|p2a: Sinistcha\n|-damage|p2a: Sinistcha|0 fnt\n|faint|p2a: Sinistcha\n|\n|t:|1701190981\n|-end|p1b: Iron Hands|Quark Drive|[silent]\n|switch|p1b: Urshifu|Urshifu-Rapid-Strike, L50, M|84\/100|[from] Volt Switch\n|\n|-heal|p1a: Annihilape|67\/100|[from] item: Leftovers\n|-end|p1a: Annihilape|move: Yawn|[silent]\n|-status|p1a: Annihilape|slp\n|upkeep\n|\n|t:|1701190990\n|switch|p2a: Iron Hands|Iron Hands, L50|100\/100\n|turn|3\n|\n|t:|1701190999\n|switch|p1b: Iron Hands|Iron Hands, L50|80\/100\n|move|p2a: Iron Hands|Fake Out|p1b: Iron Hands\n|-damage|p1b: Iron Hands|69\/100\n|cant|p1a: Annihilape|slp\n|move|p2b: Empoleon|Yawn|p1b: Iron Hands\n|-start|p1b: Iron Hands|move: Yawn|[of] p2b: Empoleon\n|\n|-heal|p1a: Annihilape|74\/100 slp|[from] item: Leftovers\n|upkeep\n|turn|4\n|inactive|Lvl4Metapod has 30 seconds left.\n|\n|t:|1701191026\n|move|p2b: Empoleon|Protect|p2b: Empoleon\n|-singleturn|p2b: Empoleon|Protect\n|-curestatus|p1a: Annihilape|slp|[msg]\n|move|p1a: Annihilape|Drain Punch|p2b: Empoleon\n|-activate|p2b: Empoleon|move: Protect\n|move|p1b: Iron Hands|Wild Charge|p2b: Empoleon\n|-activate|p2b: Empoleon|move: Protect\n|move|p2a: Iron Hands|Wild Charge|p1a: Annihilape\n|-damage|p1a: Annihilape|20\/100\n|-damage|p2a: Iron Hands|89\/100|[from] Recoil\n|\n|-heal|p1a: Annihilape|26\/100|[from] item: Leftovers\n|-end|p1b: Iron Hands|move: Yawn|[silent]\n|-status|p1b: Iron Hands|slp\n|upkeep\n|turn|5\n|\n|t:|1701191047\n|switch|p2b: Landorus|Landorus, L50, M|100\/100\n|move|p1a: Annihilape|Rage Fist|p2b: Landorus\n|-damage|p2b: Landorus|25\/100\n|cant|p1b: Iron Hands|slp\n|move|p2a: Iron Hands|Wild Charge|p1a: Annihilape\n|-damage|p1a: Annihilape|0 fnt\n|faint|p1a: Annihilape\n|-damage|p2a: Iron Hands|83\/100|[from] Recoil\n|\n|upkeep\n|\n|t:|1701191057\n|switch|p1a: Urshifu|Urshifu-Rapid-Strike, L50, M|84\/100\n|turn|6\n|\n|t:|1701191079\n|switch|p2b: Empoleon|Empoleon, L50, F|100\/100\n|-terastallize|p1a: Urshifu|Water\n|move|p1a: Urshifu|Surging Strikes|p2a: Iron Hands\n|-crit|p2a: Iron Hands\n|-damage|p2a: Iron Hands|63\/100\n|-crit|p2a: Iron Hands\n|-damage|p2a: Iron Hands|44\/100\n|-crit|p2a: Iron Hands\n|-damage|p2a: Iron Hands|26\/100\n|-hitcount|p2a: Iron Hands|3\n|cant|p1b: Iron Hands|slp\n|move|p2a: Iron Hands|Wild Charge|p1a: Urshifu\n|-supereffective|p1a: Urshifu\n|-damage|p1a: Urshifu|0 fnt\n|faint|p1a: Urshifu\n|-damage|p2a: Iron Hands|11\/100|[from] Recoil\n|\n|upkeep\n|\n|t:|1701191088\n|switch|p1a: Flamigo|Flamigo, L50, M|100\/100\n|-copyboost|p1a: Flamigo|p1b: Iron Hands|[from] ability: Costar\n|turn|7\n|\n|t:|1701191107\n|-terastallize|p2b: Empoleon|Dragon\n|move|p1a: Flamigo|Close Combat|p2b: Empoleon\n|-damage|p2b: Empoleon|37\/100\n|-unboost|p1a: Flamigo|def|1\n|-unboost|p1a: Flamigo|spd|1\n|-enditem|p2b: Empoleon|Sitrus Berry|[eat]\n|-heal|p2b: Empoleon|62\/100|[from] item: Sitrus Berry\n|-damage|p1a: Flamigo|91\/100|[from] item: Life Orb\n|move|p2b: Empoleon|Yawn|p1a: Flamigo\n|-start|p1a: Flamigo|move: Yawn|[of] p2b: Empoleon\n|cant|p1b: Iron Hands|slp\n|move|p2a: Iron Hands|Wild Charge|p1a: Flamigo\n|-supereffective|p1a: Flamigo\n|-damage|p1a: Flamigo|0 fnt\n|faint|p1a: Flamigo\n|-damage|p2a: Iron Hands|0 fnt|[from] Recoil\n|faint|p2a: Iron Hands\n|-end|p2a: Iron Hands|Quark Drive|[silent]\n|\n|upkeep\n|-message|HomerFG1 forfeited.\n|\n|win|Lvl4Metapod\n|raw|HomerFG1's rating: 1315 &rarr; <strong>1300<\/strong><br \/>(-15 for losing)\n|raw|Lvl4Metapod's rating: 1404 &rarr; <strong>1419<\/strong><br \/>(+15 for winning)\n|l|\u2606HomerFG1\n","uploadtime":1701191127,"views":9,"p1id":"homerfg1","p2id":"lvl4metapod","formatid":"gen9vgc2023regulatione","rating":1300,"private":0,"password":""}