{"id":"gen9vgc2023regulatione-1998271596","p1":"ELGRANCRAC","p2":"braislago98","format":"[Gen 9] VGC 2023 Regulation E","log":"|j|\u2606ELGRANCRAC\n|j|\u2606braislago98\n|n|\u2606ELGRANCRAC|elgrancrac\n|n|\u2606braislago98|braislago98\n|html|View the match progress at <a href=\"\/game-bestof3-gen9vgc2023regulatione-1998269660\">game-bestof3-gen9vgc2023regulatione-1998269660<\/a>\n|t:|1700922903\n|gametype|doubles\n|player|p1|ELGRANCRAC|red|\n|player|p2|braislago98|2|\n|teamsize|p1|6\n|teamsize|p2|6\n|gen|9\n|tier|[Gen 9] VGC 2023 Regulation E\n|rule|Species Clause: Limit one of each Pok\u00e9mon\n|rule|Item Clause: Limit one of each item\n|clearpoke\n|poke|p1|Tornadus, L50, M|\n|poke|p1|Arcanine-Hisui, L50, F|\n|poke|p1|Urshifu-*, L50, F|\n|poke|p1|Rillaboom, L50, M|\n|poke|p1|Chien-Pao, L50|\n|poke|p1|Flutter Mane, L50|\n|poke|p2|Chien-Pao, L50|\n|poke|p2|Flutter Mane, L50|\n|poke|p2|Tornadus, L50, M|\n|poke|p2|Ogerpon-Wellspring, L50, F|\n|poke|p2|Arcanine-Hisui, L50, F|\n|poke|p2|Iron Hands, L50|\n|teampreview|4\n|inactive|Battle timer is ON: inactive players will automatically lose when time's up. (requested by ELGRANCRAC)\nbraislago98 has agreed to open team sheets.\n|inactive|braislago98 has 60 seconds left.\nELGRANCRAC has agreed to open team sheets.\n|showteam|p1|Tornadus||CovertCloak|Prankster|BleakwindStorm,Tailwind,SunnyDay,RainDance|||M|||50|,,,,,Steel]Arcanine-Hisui||ChoiceBand|Intimidate|RockSlide,FlareBlitz,ExtremeSpeed,HeadSmash|||F|||50|,,,,,Normal]Urshifu-Rapid-Strike||MysticWater|UnseenFist|Protect,SurgingStrikes,CloseCombat,AquaJet|||F|||50|,,,,,Water]Rillaboom||AssaultVest|GrassySurge|FakeOut,GrassyGlide,WoodHammer,Uturn|||M|||50|,,,,,Poison]Chien-Pao||FocusSash|SwordofRuin|Protect,SuckerPunch,IcicleCrash,SacredSword||||||50|,,,,,Ghost]Flutter Mane||BoosterEnergy|Protosynthesis|Protect,Moonblast,ShadowBall,DazzlingGleam||||||50|,,,,,Fairy\n|showteam|p2|Chien-Pao||FocusSash|SwordofRuin|IcicleCrash,SuckerPunch,SacredSword,Protect||||||50|,,,,,Ghost]Flutter Mane||BoosterEnergy|Protosynthesis|Moonblast,DazzlingGleam,ShadowBall,Protect||||||50|,,,,,Fairy]Tornadus||CovertCloak|Prankster|Tailwind,RainDance,BleakwindStorm,Taunt|||M|||50|,,,,,Steel]Ogerpon-Wellspring||WellspringMask|WaterAbsorb|IvyCudgel,HornLeech,Uturn,SpikyShield|||F|||50|,,,,,Water]Arcanine-Hisui||ChoiceBand|Intimidate|ExtremeSpeed,FlareBlitz,RockSlide,TeraBlast|||F|||50|,,,,,Fairy]Iron Hands||AssaultVest|QuarkDrive|WildCharge,DrainPunch,HeavySlam,FakeOut||||||50|,,,,,Water\n|\n|t:|1700922955\n|start\n|switch|p1a: Rillaboom|Rillaboom, L50, M|100\/100\n|switch|p1b: Arcanine|Arcanine-Hisui, L50, F|100\/100\n|switch|p2a: Tornadus|Tornadus, L50, M|100\/100\n|switch|p2b: Arcanine|Arcanine-Hisui, L50, F|100\/100\n|-ability|p1b: Arcanine|Intimidate|boost\n|-unboost|p2a: Tornadus|atk|1\n|-unboost|p2b: Arcanine|atk|1\n|-ability|p2b: Arcanine|Intimidate|boost\n|-unboost|p1a: Rillaboom|atk|1\n|-unboost|p1b: Arcanine|atk|1\n|-fieldstart|move: Grassy Terrain|[from] ability: Grassy Surge|[of] p1a: Rillaboom\n|turn|1\n|inactive|braislago98 has 30 seconds left.\n|c|\u2606ELGRANCRAC|!calc\n|c| ELGRANCRAC|\/raw <div class=\"infobox\">Pok&eacute;mon Showdown! damage calculator. (Courtesy of Honko, Austin, &amp; Kris)<br \/>- <a href=\"https:\/\/calc.pokemonshowdown.com\/index.html\">Damage Calculator<\/a><\/div>\n|inactive|braislago98 has 20 seconds left.\n|\n|t:|1700922993\n|move|p2a: Tornadus|Tailwind|p2a: Tornadus\n|-sidestart|p2: braislago98|move: Tailwind\n|move|p2b: Arcanine|Rock Slide|p1b: Arcanine|[spread] p1a,p1b\n|-supereffective|p1b: Arcanine\n|-damage|p1a: Rillaboom|75\/100\n|-damage|p1b: Arcanine|40\/100\n|move|p1b: Arcanine|Rock Slide|p2a: Tornadus|[spread] p2a,p2b\n|-supereffective|p2a: Tornadus\n|-supereffective|p2b: Arcanine\n|-damage|p2a: Tornadus|57\/100\n|-damage|p2b: Arcanine|37\/100\n|move|p1a: Rillaboom|Wood Hammer|p2b: Arcanine\n|-damage|p2b: Arcanine|0 fnt\n|faint|p2b: Arcanine\n|-damage|p1a: Rillaboom|65\/100|[from] Recoil\n|\n|-heal|p1b: Arcanine|46\/100|[from] Grassy Terrain\n|-heal|p1a: Rillaboom|71\/100|[from] Grassy Terrain\n|upkeep\n|\n|t:|1700923009\n|switch|p2b: Ogerpon|Ogerpon-Wellspring, L50, F|100\/100\n|turn|2\n|\n|t:|1700923020\n|switch|p1b: Flutter Mane|Flutter Mane, L50|100\/100\n|-enditem|p1b: Flutter Mane|Booster Energy\n|-activate|p1b: Flutter Mane|ability: Protosynthesis|[fromitem]\n|-start|p1b: Flutter Mane|protosynthesisspa\n|move|p2b: Ogerpon|U-turn|p1a: Rillaboom\n|-supereffective|p1a: Rillaboom\n|-damage|p1a: Rillaboom|22\/100\n|\n|t:|1700923027\n|switch|p2b: Chien-Pao|Chien-Pao, L50|100\/100|[from] U-turn\n|-ability|p2b: Chien-Pao|Sword of Ruin\n|move|p2a: Tornadus|Bleakwind Storm|p1b: Flutter Mane|[spread] p1b\n|-miss|p2a: Tornadus|p1a: Rillaboom\n|-damage|p1b: Flutter Mane|71\/100\n|move|p1a: Rillaboom|Wood Hammer|p2b: Chien-Pao\n|-damage|p2b: Chien-Pao|29\/100\n|-damage|p1a: Rillaboom|4\/100|[from] Recoil\n|\n|-heal|p2b: Chien-Pao|35\/100|[from] Grassy Terrain\n|-heal|p1b: Flutter Mane|77\/100|[from] Grassy Terrain\n|-heal|p1a: Rillaboom|10\/100|[from] Grassy Terrain\n|upkeep\n|turn|3\n|\n|t:|1700923047\n|move|p2b: Chien-Pao|Protect|p2b: Chien-Pao\n|-singleturn|p2b: Chien-Pao|Protect\n|move|p1b: Flutter Mane|Protect|p1b: Flutter Mane\n|-singleturn|p1b: Flutter Mane|Protect\n|move|p1a: Rillaboom|Grassy Glide|p2b: Chien-Pao\n|-activate|p2b: Chien-Pao|move: Protect\n|move|p2a: Tornadus|Bleakwind Storm|p1b: Flutter Mane|[spread] p1a\n|-activate|p1b: Flutter Mane|move: Protect\n|-supereffective|p1a: Rillaboom\n|-damage|p1a: Rillaboom|0 fnt\n|faint|p1a: Rillaboom\n|\n|-heal|p2b: Chien-Pao|41\/100|[from] Grassy Terrain\n|-heal|p1b: Flutter Mane|82\/100|[from] Grassy Terrain\n|upkeep\n|\n|t:|1700923058\n|switch|p1a: Arcanine|Arcanine-Hisui, L50, F|46\/100\n|-ability|p1a: Arcanine|Intimidate|boost\n|-unboost|p2a: Tornadus|atk|1\n|-unboost|p2b: Chien-Pao|atk|1\n|turn|4\n|\n|t:|1700923073\n|-terastallize|p1a: Arcanine|Normal\n|move|p1a: Arcanine|Extreme Speed|p2b: Chien-Pao\n|-damage|p2b: Chien-Pao|0 fnt\n|faint|p2b: Chien-Pao\n|move|p2a: Tornadus|Bleakwind Storm|p1a: Arcanine|[spread] p1a,p1b\n|-damage|p1a: Arcanine|9\/100\n|-damage|p1b: Flutter Mane|53\/100\n|move|p1b: Flutter Mane|Shadow Ball|p2a: Tornadus\n|-damage|p2a: Tornadus|0 fnt\n|faint|p2a: Tornadus\n|\n|-heal|p1b: Flutter Mane|58\/100|[from] Grassy Terrain\n|-heal|p1a: Arcanine|15\/100|[from] Grassy Terrain\n|-sideend|p2: braislago98|move: Tailwind\n|upkeep\n|\n|t:|1700923088\n|switch|p2a: Ogerpon|Ogerpon-Wellspring, L50, F|100\/100\n|turn|5\n|\n|t:|1700923095\n|move|p2a: Ogerpon|Spiky Shield|p2a: Ogerpon\n|-singleturn|p2a: Ogerpon|move: Protect\n|move|p1a: Arcanine|Extreme Speed|p2a: Ogerpon\n|-activate|p2a: Ogerpon|move: Protect\n|-damage|p1a: Arcanine|3\/100|[from] Spiky Shield|[of] p2a: Ogerpon\n|move|p1b: Flutter Mane|Shadow Ball|p2a: Ogerpon\n|-activate|p2a: Ogerpon|move: Protect\n|\n|-heal|p1b: Flutter Mane|64\/100|[from] Grassy Terrain\n|-heal|p1a: Arcanine|9\/100|[from] Grassy Terrain\n|-fieldend|move: Grassy Terrain\n|upkeep\n|turn|6\n|\n|t:|1700923119\n|-terastallize|p2a: Ogerpon|Water\n|detailschange|p2a: Ogerpon|Ogerpon-Wellspring-Tera, L50, F, tera:Water\n|-ability|p2a: Ogerpon|Embody Aspect (Wellspring)|boost\n|-boost|p2a: Ogerpon|spd|1\n|move|p1a: Arcanine|Extreme Speed|p2a: Ogerpon\n|-damage|p2a: Ogerpon|25\/100\n|move|p1b: Flutter Mane|Shadow Ball|p2a: Ogerpon\n|-damage|p2a: Ogerpon|0 fnt\n|faint|p2a: Ogerpon\n|\n|win|ELGRANCRAC\n|inactive|ELGRANCRAC has 50 seconds to confirm battle start!\n|inactive|braislago98 has 50 seconds to confirm battle start!\n","uploadtime":1700923131,"views":1,"p1id":"elgrancrac","p2id":"braislago98","formatid":"gen9vgc2023regulatione","rating":0,"private":0,"password":""}