{"id":"gen9vgc2023regulatione-1999398810","p1":"nwjns999","p2":"qwertyslopmcflop","format":"[Gen 9] VGC 2023 Regulation E","log":"|j|\u2606nwjns999\n|j|\u2606qwertyslopmcflop\n|t:|1701073816\n|gametype|doubles\n|player|p1|nwjns999|leaf-masters|1474\n|player|p2|qwertyslopmcflop|nate|1589\n|teamsize|p1|6\n|teamsize|p2|6\n|gen|9\n|tier|[Gen 9] VGC 2023 Regulation E\n|rated|\n|rule|Species Clause: Limit one of each Pok\u00e9mon\n|rule|Item Clause: Limit one of each item\n|clearpoke\n|poke|p1|Glimmora, L50, M|\n|poke|p1|Dondozo, L50, M|\n|poke|p1|Tatsugiri, L50, F|\n|poke|p1|Iron Hands, L50|\n|poke|p1|Ninetales-Alola, L50, M|\n|poke|p1|Ogerpon-Wellspring, L50, F|\n|poke|p2|Tornadus, L50, M|\n|poke|p2|Arcanine-Hisui, L50, F|\n|poke|p2|Sinistcha, L50|\n|poke|p2|Urshifu-*, L50, F|\n|poke|p2|Iron Hands, L50|\n|poke|p2|Farigiraf, L50, M|\n|teampreview|4\n|inactive|Battle timer is ON: inactive players will automatically lose when time's up. (requested by qwertyslopmcflop)\n|\n|t:|1701073839\n|start\n|switch|p1a: Snowy|Ninetales-Alola, L50, M, shiny|100\/100\n|switch|p1b: Flowering|Glimmora, L50, M, shiny|100\/100\n|switch|p2a: ForkuserVeeGeeCee|Tornadus, L50, M|100\/100\n|switch|p2b: Names are hard|Urshifu-Rapid-Strike, L50, F|100\/100\n|-weather|Snow|[from] ability: Snow Warning|[of] p1a: Snowy\n|turn|1\n|\n|t:|1701073849\n|move|p2b: Names are hard|Detect|p2b: Names are hard\n|-singleturn|p2b: Names are hard|Protect\n|move|p2a: ForkuserVeeGeeCee|Tailwind|p2a: ForkuserVeeGeeCee\n|-sidestart|p2: qwertyslopmcflop|move: Tailwind\n|move|p1a: Snowy|Icy Wind|p2b: Names are hard|[spread] p2a\n|-activate|p2b: Names are hard|move: Protect\n|-supereffective|p2a: ForkuserVeeGeeCee\n|-damage|p2a: ForkuserVeeGeeCee|74\/100\n|move|p1b: Flowering|Mortal Spin|p2b: Names are hard|[spread] p2a\n|-activate|p2b: Names are hard|move: Protect\n|-damage|p2a: ForkuserVeeGeeCee|69\/100\n|\n|-weather|Snow|[upkeep]\n|upkeep\n|turn|2\n|\n|t:|1701073872\n|switch|p1a: Thirsty|Dondozo, L50, M, shiny|100\/100\n|-terastallize|p2b: Names are hard|Water\n|-terastallize|p1b: Flowering|Dragon\n|move|p2a: ForkuserVeeGeeCee|Rain Dance|p2a: ForkuserVeeGeeCee\n|-weather|RainDance\n|move|p2b: Names are hard|Surging Strikes|p1a: Thirsty\n|-resisted|p1a: Thirsty\n|-crit|p1a: Thirsty\n|-damage|p1a: Thirsty|83\/100\n|-resisted|p1a: Thirsty\n|-crit|p1a: Thirsty\n|-damage|p1a: Thirsty|65\/100\n|-resisted|p1a: Thirsty\n|-crit|p1a: Thirsty\n|-damage|p1a: Thirsty|47\/100\n|-hitcount|p1a: Thirsty|3\n|move|p1b: Flowering|Sludge Bomb|p2b: Names are hard\n|-damage|p2b: Names are hard|32\/100\n|\n|-weather|RainDance|[upkeep]\n|-heal|p1a: Thirsty|53\/100|[from] item: Leftovers\n|upkeep\n|turn|3\n|\n|t:|1701073886\n|switch|p1a: Snowy|Ninetales-Alola, L50, M, shiny|100\/100\n|-weather|Snow|[from] ability: Snow Warning|[of] p1a: Snowy\n|move|p2b: Names are hard|Surging Strikes|p1a: Snowy\n|-crit|p1a: Snowy\n|-damage|p1a: Snowy|70\/100\n|-crit|p1a: Snowy\n|-damage|p1a: Snowy|44\/100\n|-crit|p1a: Snowy\n|-damage|p1a: Snowy|17\/100\n|-hitcount|p1a: Snowy|3\n|move|p2a: ForkuserVeeGeeCee|Bleakwind Storm|p1b: Flowering|[spread] p1a,p1b\n|-damage|p1a: Snowy|0 fnt\n|-damage|p1b: Flowering|55\/100\n|faint|p1a: Snowy\n|move|p1b: Flowering|Power Gem|p2a: ForkuserVeeGeeCee\n|-supereffective|p2a: ForkuserVeeGeeCee\n|-damage|p2a: ForkuserVeeGeeCee|0 fnt\n|faint|p2a: ForkuserVeeGeeCee\n|\n|-weather|Snow|[upkeep]\n|upkeep\n|\n|t:|1701073893\n|switch|p1a: Thirsty|Dondozo, L50, M, shiny|53\/100\n|switch|p2a: Billy|Iron Hands, L50|100\/100\n|turn|4\n|\n|t:|1701073902\n|move|p2b: Names are hard|Detect|p2b: Names are hard\n|-singleturn|p2b: Names are hard|Protect\n|move|p1a: Thirsty|Protect|p1a: Thirsty\n|-singleturn|p1a: Thirsty|Protect\n|move|p1b: Flowering|Mortal Spin|p2a: Billy|[spread] p2a\n|-activate|p2b: Names are hard|move: Protect\n|-damage|p2a: Billy|98\/100\n|-status|p2a: Billy|psn\n|move|p2a: Billy|Wild Charge|p1a: Thirsty\n|-activate|p1a: Thirsty|move: Protect\n|\n|-weather|Snow|[upkeep]\n|-heal|p1a: Thirsty|59\/100|[from] item: Leftovers\n|-damage|p2a: Billy|85\/100 psn|[from] psn\n|-sideend|p2: qwertyslopmcflop|move: Tailwind\n|upkeep\n|turn|5\n|\n|t:|1701073923\n|switch|p1a: O.O|Tatsugiri, L50, F|100\/100\n|move|p1b: Flowering|Sludge Bomb|p2b: Names are hard\n|-damage|p2b: Names are hard|0 fnt\n|faint|p2b: Names are hard\n|move|p2a: Billy|Wild Charge|p1a: O.O\n|-damage|p1a: O.O|14\/100\n|-damage|p2a: Billy|72\/100 psn|[from] Recoil\n|\n|-weather|Snow|[upkeep]\n|-damage|p2a: Billy|60\/100 psn|[from] psn\n|upkeep\n|\n|t:|1701073927\n|switch|p2b: Green Mush|Sinistcha, L50|100\/100\n|-heal|p2a: Billy|85\/100 psn|[from] ability: Hospitality|[of] p2b: Green Mush\n|turn|6\n|l|\u2606qwertyslopmcflop\n|inactive|qwertyslopmcflop disconnected and has a minute to reconnect!\n|player|p2|\n|inactive|qwertyslopmcflop has 30 seconds left.\n|inactive|qwertyslopmcflop has 20 seconds left.\n|inactive|qwertyslopmcflop has 15 seconds left.\n|j|\u2606qwertyslopmcflop\n|inactive|qwertyslopmcflop reconnected and has 15 seconds left.\n|player|p2|qwertyslopmcflop|nate\n|inactive|qwertyslopmcflop has 10 seconds left.\n|\n|t:|1701073972\n|move|p1a: O.O|Draco Meteor|p2b: Green Mush\n|-crit|p2b: Green Mush\n|-damage|p2b: Green Mush|15\/100\n|-unboost|p1a: O.O|spa|2\n|move|p1b: Flowering|Sludge Bomb|p2b: Green Mush\n|-damage|p2b: Green Mush|0 fnt\n|faint|p2b: Green Mush\n|move|p2a: Billy|Wild Charge|p1b: Flowering\n|-resisted|p1b: Flowering\n|-damage|p1b: Flowering|22\/100\n|-activate|p1b: Flowering|ability: Toxic Debris\n|-sidestart|p2: qwertyslopmcflop|move: Toxic Spikes\n|-damage|p2a: Billy|79\/100 psn|[from] Recoil\n|\n|-weather|Snow|[upkeep]\n|-damage|p2a: Billy|67\/100 psn|[from] psn\n|upkeep\n|turn|7\n|\n|t:|1701073982\n|switch|p1a: Thirsty|Dondozo, L50, M, shiny|59\/100\n|move|p1b: Flowering|Sludge Bomb|p2a: Billy\n|-damage|p2a: Billy|43\/100 psn\n|move|p2a: Billy|Drain Punch|p1a: Thirsty\n|-damage|p1a: Thirsty|30\/100\n|-heal|p2a: Billy|57\/100 psn|[from] drain|[of] p1a: Thirsty\n|\n|-weather|none\n|-heal|p1a: Thirsty|36\/100|[from] item: Leftovers\n|-damage|p2a: Billy|45\/100 psn|[from] psn\n|upkeep\n|turn|8\n|\n|t:|1701073991\n|move|p1b: Flowering|Sludge Bomb|p2a: Billy\n|-damage|p2a: Billy|18\/100 psn\n|move|p1a: Thirsty|Wave Crash|p2a: Billy\n|-damage|p2a: Billy|0 fnt\n|faint|p2a: Billy\n|-end|p2a: Billy|Quark Drive|[silent]\n|-damage|p1a: Thirsty|30\/100|[from] Recoil\n|\n|win|nwjns999\n|raw|nwjns999's rating: 1474 &rarr; <strong>1500<\/strong><br \/>(+26 for winning)\n|raw|qwertyslopmcflop's rating: 1589 &rarr; <strong>1563<\/strong><br \/>(-26 for losing)\n|l|\u2606qwertyslopmcflop\n","uploadtime":1701074008,"views":1,"p1id":"nwjns999","p2id":"qwertyslopmcflop","formatid":"gen9vgc2023regulatione","rating":1500,"private":0,"password":""}