{"id":"gen9vgc2023regulatione-1995064263","p1":"jamahcs","p2":"MrRexx1511","format":"[Gen 9] VGC 2023 Regulation E","log":"|j|\u2606jamahcs\n|j|\u2606MrRexx1511\n|n|\u2606jamahcs|jamahcs\n|n|\u2606MrRexx1511|mrrexx1511\n|html|View the match progress at <a href=\"\/game-bestof3-gen9vgc2023regulatione-1995061397\">game-bestof3-gen9vgc2023regulatione-1995061397<\/a>\n|t:|1700518658\n|gametype|doubles\n|player|p1|jamahcs|cynthia-masters3|\n|player|p2|MrRexx1511|pokemonrangerf-gen4|\n|teamsize|p1|6\n|teamsize|p2|6\n|gen|9\n|tier|[Gen 9] VGC 2023 Regulation E\n|rule|Species Clause: Limit one of each Pok\u00e9mon\n|rule|Item Clause: Limit one of each item\n|clearpoke\n|poke|p1|Tornadus, L50, M|\n|poke|p1|Urshifu-*, L50, M|\n|poke|p1|Arcanine-Hisui, L50, F|\n|poke|p1|Iron Hands, L50|\n|poke|p1|Amoonguss, L50, M|\n|poke|p1|Gholdengo, L50|\n|poke|p2|Urshifu-*, L50, F|\n|poke|p2|Regieleki, L50|\n|poke|p2|Indeedee-F, L50, F|\n|poke|p2|Tornadus, L50, M|\n|poke|p2|Arcanine-Hisui, L50, M|\n|poke|p2|Flutter Mane, L50|\n|teampreview|4\n|inactive|Battle timer is ON: inactive players will automatically lose when time's up. (requested by jamahcs)\n|inactive|MrRexx1511 has 60 seconds left.\n|\n|t:|1700518690\n|start\n|switch|p1a: Tornadus|Tornadus, L50, M|100\/100\n|switch|p1b: Gholdengo|Gholdengo, L50, shiny|100\/100\n|switch|p2a: Regieleki|Regieleki, L50|100\/100\n|switch|p2b: Indeedee|Indeedee-F, L50, F|100\/100\n|-fieldstart|move: Psychic Terrain|[from] ability: Psychic Surge|[of] p2b: Indeedee\n|-enditem|p2b: Indeedee|Psychic Seed\n|-boost|p2b: Indeedee|spd|1|[from] item: Psychic Seed\n|turn|1\n|inactive|MrRexx1511 has 30 seconds left.\n|inactive|jamahcs has 30 seconds left.\n|inactive|MrRexx1511 has 20 seconds left.\n|\n|t:|1700518728\n|-terastallize|p1b: Gholdengo|Steel\n|move|p1a: Tornadus|Protect|p1a: Tornadus\n|-singleturn|p1a: Tornadus|Protect\n|move|p2a: Regieleki|Electroweb|p1b: Gholdengo|[spread] p1b\n|-activate|p1a: Tornadus|move: Protect\n|-damage|p1b: Gholdengo|71\/100\n|-unboost|p1b: Gholdengo|spe|1\n|move|p2b: Indeedee|Psychic|p1b: Gholdengo\n|-resisted|p1b: Gholdengo\n|-damage|p1b: Gholdengo|51\/100\n|move|p1b: Gholdengo|Make It Rain|p2b: Indeedee|[spread] p2a,p2b\n|-resisted|p2a: Regieleki\n|-damage|p2a: Regieleki|0 fnt\n|-damage|p2b: Indeedee|49\/100\n|-unboost|p1b: Gholdengo|spa|1\n|faint|p2a: Regieleki\n|\n|upkeep\n|\n|t:|1700518746\n|switch|p2a: Arcanine|Arcanine-Hisui, L50, M|100\/100\n|-ability|p2a: Arcanine|Intimidate|boost\n|-unboost|p1a: Tornadus|atk|1\n|-unboost|p1b: Gholdengo|atk|1\n|turn|2\n|\n|t:|1700518769\n|switch|p1b: Urshifu|Urshifu-Rapid-Strike, L50, M|100\/100\n|move|p1a: Tornadus|Tailwind|p1a: Tornadus\n|-sidestart|p1: jamahcs|move: Tailwind\n|move|p2a: Arcanine|Flare Blitz|p1b: Urshifu\n|-resisted|p1b: Urshifu\n|-damage|p1b: Urshifu|63\/100\n|-damage|p2a: Arcanine|87\/100|[from] Recoil\n|move|p2b: Indeedee|Psychic|p1a: Tornadus\n|-damage|p1a: Tornadus|61\/100\n|-unboost|p1a: Tornadus|spd|1\n|\n|upkeep\n|turn|3\n|inactive|jamahcs has 30 seconds left.\n|\n|t:|1700518795\n|switch|p2a: Flutter Mane|Flutter Mane, L50|100\/100\n|move|p2b: Indeedee|Follow Me|p2b: Indeedee\n|-singleturn|p2b: Indeedee|move: Follow Me\n|move|p1a: Tornadus|Leer|p2b: Indeedee|[spread] \n|-activate|p2a: Flutter Mane|move: Psychic Terrain\n|-activate|p2b: Indeedee|move: Psychic Terrain\n|move|p1b: Urshifu|Surging Strikes|p2b: Indeedee\n|-crit|p2b: Indeedee\n|-damage|p2b: Indeedee|24\/100\n|-crit|p2b: Indeedee\n|-damage|p2b: Indeedee|0 fnt\n|faint|p2b: Indeedee\n|-hitcount|p2: Indeedee|2\n|\n|upkeep\n|\n|t:|1700518808\n|switch|p2b: Arcanine|Arcanine-Hisui, L50, M|87\/100\n|-ability|p2b: Arcanine|Intimidate|boost\n|-unboost|p1a: Tornadus|atk|1\n|-unboost|p1b: Urshifu|atk|1\n|turn|4\n|\n|t:|1700518829\n|-terastallize|p2b: Arcanine|Flying\n|move|p1a: Tornadus|Protect|p1a: Tornadus\n|-singleturn|p1a: Tornadus|Protect\n|move|p1b: Urshifu|Detect|p1b: Urshifu\n|-singleturn|p1b: Urshifu|Protect\n|move|p2a: Flutter Mane|Dazzling Gleam|p1a: Tornadus|[spread] \n|-activate|p1a: Tornadus|move: Protect\n|-activate|p1b: Urshifu|move: Protect\n|move|p2b: Arcanine|Tera Blast|p1b: Urshifu|[anim] Tera Blast Flying\n|-activate|p1b: Urshifu|move: Protect\n|\n|upkeep\n|turn|5\n|\n|t:|1700518851\n|switch|p1b: Gholdengo|Gholdengo, L50, shiny, tera:Steel|51\/100\n|move|p1a: Tornadus|Bleakwind Storm|p2b: Arcanine|[spread] p2b\n|-miss|p1a: Tornadus|p2a: Flutter Mane\n|-damage|p2b: Arcanine|43\/100\n|move|p2a: Flutter Mane|Dazzling Gleam|p1b: Gholdengo|[spread] p1a,p1b\n|-resisted|p1b: Gholdengo\n|-damage|p1a: Tornadus|0 fnt\n|-damage|p1b: Gholdengo|27\/100\n|faint|p1a: Tornadus\n|move|p2b: Arcanine|Tera Blast|p1b: Gholdengo|[anim] Tera Blast Flying\n|-resisted|p1b: Gholdengo\n|-damage|p1b: Gholdengo|0 fnt\n|faint|p1b: Gholdengo\n|\n|-sideend|p1: jamahcs|move: Tailwind\n|-fieldend|move: Psychic Terrain\n|upkeep\n|\n|t:|1700518865\n|switch|p1a: Amoonguss|Amoonguss, L50, M|100\/100\n|switch|p1b: Urshifu|Urshifu-Rapid-Strike, L50, M|63\/100\n|turn|6\n|\n|t:|1700518878\n|move|p1b: Urshifu|Detect|p1b: Urshifu\n|-singleturn|p1b: Urshifu|Protect\n|move|p2a: Flutter Mane|Dazzling Gleam|p1b: Urshifu|[spread] p1a\n|-activate|p1b: Urshifu|move: Protect\n|-resisted|p1a: Amoonguss\n|-damage|p1a: Amoonguss|80\/100\n|move|p2b: Arcanine|Tera Blast|p1a: Amoonguss|[anim] Tera Blast Flying\n|-supereffective|p1a: Amoonguss\n|-damage|p1a: Amoonguss|0 fnt\n|faint|p1a: Amoonguss\n|\n|upkeep\n|turn|7\n|\n|t:|1700518894\n|move|p2a: Flutter Mane|Dazzling Gleam|p1b: Urshifu\n|-supereffective|p1b: Urshifu\n|-damage|p1b: Urshifu|0 fnt\n|faint|p1b: Urshifu\n|\n|win|MrRexx1511\n|c|&|\/uhtml prompt-jamahcs,jamahcs is ready for game 3!\n|c|&|\/uhtml prompt-mrrexx1511,MrRexx1511 is ready for game 3!\nBoth players are ready! Starting next match!\n|l|\u2606MrRexx1511\n|l|\u2606jamahcs\n|j|\u2606jamahcs\n|player|p1|jamahcs|cynthia-masters3\n|l|\u2606jamahcs\n|player|p1|\n|j|\u2606jamahcs\n|player|p1|jamahcs|cynthia-masters3\n","uploadtime":1700519484,"views":6,"p1id":"jamahcs","p2id":"mrrexx1511","formatid":"gen9vgc2023regulatione","rating":0,"private":0,"password":""}