{"id":"gen9vgc2023regulatione-1989100831","p1":"Prf.Anu","p2":"yohjek","format":"[Gen 9] VGC 2023 Regulation E","log":"|j|\u2606Prf.Anu\n|j|\u2606yohjek\n|t:|1699812242\n|gametype|doubles\n|player|p1|Prf.Anu|unknown|1170\n|player|p2|yohjek|guitarist-gen4|1262\n|teamsize|p1|6\n|teamsize|p2|6\n|gen|9\n|tier|[Gen 9] VGC 2023 Regulation E\n|rated|\n|rule|Species Clause: Limit one of each Pok\u00e9mon\n|rule|Item Clause: Limit one of each item\n|clearpoke\n|poke|p1|Tornadus, L50, M|\n|poke|p1|Indeedee-F, L50, F|\n|poke|p1|Chi-Yu, L50|\n|poke|p1|Flutter Mane, L50|\n|poke|p1|Iron Hands, L50|\n|poke|p1|Rillaboom, L50, F|\n|poke|p2|Ninetales-Alola, L50, M|\n|poke|p2|Baxcalibur, L50, F|\n|poke|p2|Rotom-Wash, L50|\n|poke|p2|Iron Hands, L50|\n|poke|p2|Landorus-Therian, L50, M|\n|poke|p2|Volcarona, L50, M|\n|teampreview|4\n|inactive|Battle timer is ON: inactive players will automatically lose when time's up. (requested by Prf.Anu)\nPrf.Anu rejected open team sheets.\n|inactive|yohjek has 60 seconds left.\n|\n|t:|1699812274\n|start\n|switch|p1a: Tornadus|Tornadus, L50, M, shiny|100\/100\n|switch|p1b: Indeedee|Indeedee-F, L50, F, shiny|100\/100\n|switch|p2a: Baxcalibur|Baxcalibur, L50, F|100\/100\n|switch|p2b: Iron Hands|Iron Hands, L50|100\/100\n|-fieldstart|move: Psychic Terrain|[from] ability: Psychic Surge|[of] p1b: Indeedee\n|turn|1\n|\n|t:|1699812287\n|-terastallize|p1a: Tornadus|Ground\n|move|p1a: Tornadus|Tailwind|p1a: Tornadus\n|-sidestart|p1: Prf.Anu|move: Tailwind\n|move|p1b: Indeedee|Hyper Voice|p2b: Iron Hands|[spread] p2a,p2b\n|-crit|p2a: Baxcalibur\n|-damage|p2a: Baxcalibur|65\/100\n|-damage|p2b: Iron Hands|87\/100\n|move|p2a: Baxcalibur|Swords Dance|p2a: Baxcalibur\n|-boost|p2a: Baxcalibur|atk|2\n|move|p2b: Iron Hands|Wild Charge|p1a: Tornadus\n|-immune|p1a: Tornadus\n|\n|upkeep\n|turn|2\n|\n|t:|1699812300\n|-end|p2b: Iron Hands|Quark Drive|[silent]\n|switch|p2b: Ninetales|Ninetales-Alola, L50, M, shiny|100\/100\n|-weather|Snow|[from] ability: Snow Warning|[of] p2b: Ninetales\n|move|p1b: Indeedee|Follow Me|p1b: Indeedee\n|-singleturn|p1b: Indeedee|move: Follow Me\n|move|p1a: Tornadus|Bleakwind Storm|p2b: Ninetales|[spread] p2a,p2b\n|-damage|p2a: Baxcalibur|34\/100\n|-damage|p2b: Ninetales|60\/100\n|-unboost|p2a: Baxcalibur|spe|1\n|move|p2a: Baxcalibur|Glaive Rush|p1b: Indeedee\n|-damage|p1b: Indeedee|0 fnt\n|-singlemove|p2a: Baxcalibur|Glaive Rush|[silent]\n|faint|p1b: Indeedee\n|-damage|p2a: Baxcalibur|24\/100|[from] item: Life Orb\n|\n|-weather|Snow|[upkeep]\n|upkeep\n|\n|t:|1699812314\n|switch|p1b: Chi-Yu|Chi-Yu, L50|100\/100\n|-ability|p1b: Chi-Yu|Beads of Ruin\n|turn|3\n|\n|t:|1699812323\n|move|p2a: Baxcalibur|Protect|p2a: Baxcalibur\n|-singleturn|p2a: Baxcalibur|Protect\n|move|p1a: Tornadus|Sunny Day|p1a: Tornadus\n|-weather|SunnyDay\n|move|p1b: Chi-Yu|Heat Wave|p2a: Baxcalibur|[spread] p2b\n|-activate|p2a: Baxcalibur|move: Protect\n|-supereffective|p2b: Ninetales\n|-damage|p2b: Ninetales|0 fnt\n|faint|p2b: Ninetales\n|\n|-weather|SunnyDay|[upkeep]\n|upkeep\n|\n|t:|1699812333\n|switch|p2b: Iron Hands|Iron Hands, L50|87\/100\n|turn|4\n|\n|t:|1699812339\n|move|p2b: Iron Hands|Fake Out|p1b: Chi-Yu\n|-activate|p1b: Chi-Yu|move: Psychic Terrain\n|move|p1a: Tornadus|Bleakwind Storm|p2a: Baxcalibur|[spread] p2a,p2b\n|-damage|p2a: Baxcalibur|0 fnt\n|-damage|p2b: Iron Hands|64\/100\n|faint|p2a: Baxcalibur\n|move|p1b: Chi-Yu|Heat Wave|p2b: Iron Hands\n|-damage|p2b: Iron Hands|10\/100\n|\n|-weather|SunnyDay|[upkeep]\n|-sideend|p1: Prf.Anu|move: Tailwind\n|upkeep\n|\n|t:|1699812342\n|switch|p2a: Volcarona|Volcarona, L50, M, shiny|100\/100\n|turn|5\n|-message|yohjek forfeited.\n|\n|win|Prf.Anu\n|raw|Prf.Anu's rating: 1170 &rarr; <strong>1201<\/strong><br \/>(+31 for winning)\n|raw|yohjek's rating: 1262 &rarr; <strong>1231<\/strong><br \/>(-31 for losing)\n|l|\u2606yohjek\n|l|\u2606Prf.Anu\n|j|\u2606Prf.Anu\n|player|p1|Prf.Anu|unknown\n","uploadtime":1699812402,"views":14,"p1id":"prfanu","p2id":"yohjek","formatid":"gen9vgc2023regulatione","rating":1201,"private":0,"password":""}