{"id":"gen9vgc2023regulatione-1992182732","p1":"YellowApe1","p2":"Ozwald McFly","format":"[Gen 9] VGC 2023 Regulation E","log":"|j|\u2606YellowApe1\n|j|\u2606Ozwald McFly\n|t:|1700161850\n|gametype|doubles\n|player|p1|YellowApe1|colress|1214\n|player|p2|Ozwald McFly|170|1274\n|teamsize|p1|6\n|teamsize|p2|6\n|gen|9\n|tier|[Gen 9] VGC 2023 Regulation E\n|rated|\n|rule|Species Clause: Limit one of each Pok\u00e9mon\n|rule|Item Clause: Limit one of each item\n|clearpoke\n|poke|p1|Heatran, L50, F|\n|poke|p1|Armarouge, L50, M|\n|poke|p1|Urshifu-*, L50, M|\n|poke|p1|Indeedee-F, L50, F|\n|poke|p1|Enamorus, L50, F|\n|poke|p1|Gholdengo, L50|\n|poke|p2|Noctowl, L50, F|\n|poke|p2|Sandy Shocks, L50|\n|poke|p2|Espeon, L50, F|\n|poke|p2|Indeedee-F, L50, F|\n|poke|p2|Iron Hands, L50|\n|poke|p2|Decidueye-Hisui, L50, M|\n|teampreview|4\n|inactive|Battle timer is ON: inactive players will automatically lose when time's up. (requested by YellowApe1)\n|inactive|Ozwald McFly has 60 seconds left.\n|\n|t:|1700161890\n|start\n|switch|p1a: Armarouge|Armarouge, L50, M|100\/100\n|switch|p1b: Urshifu|Urshifu-Rapid-Strike, L50, M|100\/100\n|switch|p2a: Indeedee|Indeedee-F, L50, F|100\/100\n|switch|p2b: Iron Hands|Iron Hands, L50|100\/100\n|-fieldstart|move: Psychic Terrain|[from] ability: Psychic Surge|[of] p2a: Indeedee\n|turn|1\n|inactive|YellowApe1 has 30 seconds left.\n|inactive|Ozwald McFly has 30 seconds left.\n|inactive|Ozwald McFly has 20 seconds left.\n|\n|t:|1700161928\n|move|p1b: Urshifu|U-turn|p1a: Armarouge\n|-damage|p1a: Armarouge|77\/100\n|-ability|p1a: Armarouge|Weak Armor|boost\n|-unboost|p1a: Armarouge|def|1\n|-boost|p1a: Armarouge|spe|2\n|\n|t:|1700161934\n|switch|p1b: Indeedee|Indeedee-F, L50, F|100\/100|[from] U-turn\n|-enditem|p1b: Indeedee|Psychic Seed\n|-boost|p1b: Indeedee|spd|1|[from] item: Psychic Seed\n|move|p1a: Armarouge|Expanding Force|p2a: Indeedee|[spread] p2a,p2b\n|-resisted|p2a: Indeedee\n|-supereffective|p2b: Iron Hands\n|-damage|p2a: Indeedee|74\/100\n|-damage|p2b: Iron Hands|30\/100\n|move|p2b: Iron Hands|Wild Charge|p1b: Indeedee\n|-damage|p1b: Indeedee|53\/100\n|-damage|p2b: Iron Hands|21\/100|[from] Recoil\n|move|p2a: Indeedee|Trick Room|p2a: Indeedee\n|-fieldstart|move: Trick Room|[of] p2a: Indeedee\n|\n|upkeep\n|turn|2\n|\n|t:|1700161955\n|move|p2a: Indeedee|Helping Hand|p2b: Iron Hands\n|-singleturn|p2b: Iron Hands|Helping Hand|[of] p2a: Indeedee\n|move|p1b: Indeedee|Protect|p1b: Indeedee\n|-singleturn|p1b: Indeedee|Protect\n|move|p2b: Iron Hands|Earthquake|p1a: Armarouge|[spread] p2a,p1a\n|-activate|p1b: Indeedee|move: Protect\n|-supereffective|p1a: Armarouge\n|-damage|p2a: Indeedee|27\/100\n|-damage|p1a: Armarouge|0 fnt\n|-enditem|p2a: Indeedee|Sitrus Berry|[eat]\n|-heal|p2a: Indeedee|52\/100|[from] item: Sitrus Berry\n|faint|p1a: Armarouge\n|\n|upkeep\n|\n|t:|1700161964\n|switch|p1a: Urshifu|Urshifu-Rapid-Strike, L50, M|100\/100\n|turn|3\n|\n|t:|1700161985\n|move|p2a: Indeedee|Follow Me|p2a: Indeedee\n|-singleturn|p2a: Indeedee|move: Follow Me\n|move|p1b: Indeedee|Follow Me|p1b: Indeedee\n|-singleturn|p1b: Indeedee|move: Follow Me\n|move|p2b: Iron Hands|Heavy Slam|p1b: Indeedee\n|-damage|p1b: Indeedee|6\/100\n|move|p1a: Urshifu|Surging Strikes|p2a: Indeedee\n|-crit|p2a: Indeedee\n|-damage|p2a: Indeedee|29\/100\n|-crit|p2a: Indeedee\n|-damage|p2a: Indeedee|5\/100\n|-crit|p2a: Indeedee\n|-damage|p2a: Indeedee|0 fnt\n|faint|p2a: Indeedee\n|-hitcount|p2: Indeedee|3\n|\n|upkeep\n|\n|t:|1700162000\n|switch|p2a: Decidueye|Decidueye-Hisui, L50, M, shiny|100\/100\n|turn|4\n|\n|t:|1700162006\n|move|p1b: Indeedee|Follow Me|p1b: Indeedee\n|-singleturn|p1b: Indeedee|move: Follow Me\n|move|p2b: Iron Hands|Drain Punch|p1b: Indeedee\n|-damage|p1b: Indeedee|0 fnt\n|-heal|p2b: Iron Hands|23\/100|[from] drain|[of] p1b: Indeedee\n|faint|p1b: Indeedee\n|move|p2a: Decidueye|Leaf Blade|p1a: Urshifu\n|-supereffective|p1a: Urshifu\n|-crit|p1a: Urshifu\n|-damage|p1a: Urshifu|0 fnt\n|faint|p1a: Urshifu\n|\n|upkeep\n|\n|t:|1700162016\n|switch|p1b: Heatran|Heatran, L50, F, shiny|100\/100\n|turn|5\n|-message|YellowApe1 forfeited.\n|\n|win|Ozwald McFly\n|raw|YellowApe1's rating: 1214 &rarr; <strong>1193<\/strong><br \/>(-21 for losing)\n|raw|Ozwald McFly's rating: 1274 &rarr; <strong>1295<\/strong><br \/>(+21 for winning)\n|l|\u2606YellowApe1\n","uploadtime":1700162035,"views":18,"p1id":"yellowape1","p2id":"ozwaldmcfly","formatid":"gen9vgc2023regulatione","rating":1193,"private":0,"password":""}