{"id":"gen9vgc2023regulatione-1993947831","p1":"hiemy","p2":"BonleyVGC","format":"[Gen 9] VGC 2023 Regulation E","log":"|j|\u2606hiemy\n|j|\u2606BonleyVGC\n|t:|1700380780\n|gametype|doubles\n|player|p1|hiemy|blue|1214\n|player|p2|BonleyVGC|dancer|1184\n|teamsize|p1|6\n|teamsize|p2|6\n|gen|9\n|tier|[Gen 9] VGC 2023 Regulation E\n|rated|\n|rule|Species Clause: Limit one of each Pok\u00e9mon\n|rule|Item Clause: Limit one of each item\n|clearpoke\n|poke|p1|Sinistcha, L50|\n|poke|p1|Moltres-Galar, L50|\n|poke|p1|Chi-Yu, L50|\n|poke|p1|Tornadus, L50, M|\n|poke|p1|Ninetales-Alola, L50, F|\n|poke|p1|Empoleon, L50, M|\n|poke|p2|Ogerpon-Cornerstone, L50, F|\n|poke|p2|Heatran, L50, M|\n|poke|p2|Tornadus, L50, M|\n|poke|p2|Landorus-Therian, L50, M|\n|poke|p2|Tyranitar, L50, F|\n|poke|p2|Gastrodon, L50, M|\n|teampreview|4\n|\n|t:|1700380805\n|start\n|switch|p1a: Tornadus|Tornadus, L50, M|100\/100\n|switch|p1b: Ninetales|Ninetales-Alola, L50, F|100\/100\n|switch|p2a: Ogerpon|Ogerpon-Cornerstone, L50, F|100\/100\n|switch|p2b: Heatran|Heatran, L50, M|100\/100\n|-weather|Snow|[from] ability: Snow Warning|[of] p1b: Ninetales\n|turn|1\n|\n|t:|1700380825\n|switch|p2b: Tyranitar|Tyranitar, L50, F|100\/100\n|-weather|Sandstorm|[from] ability: Sand Stream|[of] p2b: Tyranitar\n|move|p1a: Tornadus|Tailwind|p1a: Tornadus\n|-sidestart|p1: hiemy|move: Tailwind\n|move|p1b: Ninetales|Aurora Veil||[still]\n|-fail|p1b: Ninetales\n|move|p2a: Ogerpon|Ivy Cudgel|p1a: Tornadus|[anim] Ivy Cudgel Rock\n|-supereffective|p1a: Tornadus\n|-damage|p1a: Tornadus|0 fnt\n|faint|p1a: Tornadus\n|\n|-weather|Sandstorm|[upkeep]\n|-damage|p1b: Ninetales|94\/100|[from] Sandstorm\n|upkeep\n|\n|t:|1700380839\n|switch|p1a: Sinistcha|Sinistcha, L50|100\/100\n|-heal|p1b: Ninetales|100\/100|[from] ability: Hospitality|[of] p1a: Sinistcha\n|turn|2\n|\n|t:|1700380851\n|move|p1b: Ninetales|Protect|p1b: Ninetales\n|-singleturn|p1b: Ninetales|Protect\n|move|p1a: Sinistcha|Matcha Gotcha|p2a: Ogerpon|[spread] p2a,p2b\n|-supereffective|p2b: Tyranitar\n|-crit|p2b: Tyranitar\n|-damage|p2a: Ogerpon|81\/100\n|-damage|p2b: Tyranitar|62\/100\n|-status|p2b: Tyranitar|brn\n|-enditem|p2b: Tyranitar|Weakness Policy\n|-boost|p2b: Tyranitar|atk|2|[from] item: Weakness Policy\n|-boost|p2b: Tyranitar|spa|2|[from] item: Weakness Policy\n|move|p2a: Ogerpon|Swords Dance|p2a: Ogerpon\n|-boost|p2a: Ogerpon|atk|2\n|move|p2b: Tyranitar|Knock Off|p1a: Sinistcha\n|-supereffective|p1a: Sinistcha\n|-damage|p1a: Sinistcha|32\/100\n|-damage|p2b: Tyranitar|45\/100 brn|[from] item: Rocky Helmet|[of] p1a: Sinistcha\n|-enditem|p1a: Sinistcha|Rocky Helmet|[from] move: Knock Off|[of] p2b: Tyranitar\n|\n|-weather|Sandstorm|[upkeep]\n|-damage|p1b: Ninetales|94\/100|[from] Sandstorm\n|-damage|p1a: Sinistcha|26\/100|[from] Sandstorm\n|-damage|p2b: Tyranitar|40\/100 brn|[from] brn\n|upkeep\n|turn|3\n|\n|t:|1700380898\n|-terastallize|p1b: Ninetales|Fairy\n|move|p2b: Tyranitar|Protect|p2b: Tyranitar\n|-singleturn|p2b: Tyranitar|Protect\n|move|p1b: Ninetales|Moonblast|p2a: Ogerpon\n|-crit|p2a: Ogerpon\n|-damage|p2a: Ogerpon|39\/100\n|move|p1a: Sinistcha|Matcha Gotcha|p2b: Tyranitar|[spread] p2a\n|-activate|p2b: Tyranitar|move: Protect\n|-damage|p2a: Ogerpon|21\/100\n|-heal|p1a: Sinistcha|34\/100|[from] drain|[of] p2a: Ogerpon\n|move|p2a: Ogerpon|Ivy Cudgel|p1b: Ninetales|[anim] Ivy Cudgel Rock\n|-damage|p1b: Ninetales|0 fnt\n|faint|p1b: Ninetales\n|\n|-weather|Sandstorm|[upkeep]\n|-damage|p1a: Sinistcha|29\/100|[from] Sandstorm\n|-damage|p2b: Tyranitar|34\/100 brn|[from] brn\n|upkeep\n|\n|t:|1700380912\n|switch|p1b: Chi-Yu|Chi-Yu, L50|100\/100\n|-ability|p1b: Chi-Yu|Beads of Ruin\n|turn|4\n|\n|t:|1700380942\n|switch|p2b: Heatran|Heatran, L50, M|100\/100\n|move|p1b: Chi-Yu|Heat Wave|p2b: Heatran|[spread] p2a\n|-start|p2b: Heatran|ability: Flash Fire\n|-damage|p2a: Ogerpon|0 fnt\n|faint|p2a: Ogerpon\n|-damage|p1b: Chi-Yu|91\/100|[from] item: Life Orb\n|move|p1a: Sinistcha|Matcha Gotcha|p2b: Heatran\n|-resisted|p2b: Heatran\n|-damage|p2b: Heatran|90\/100\n|-heal|p1a: Sinistcha|34\/100|[from] drain|[of] p2b: Heatran\n|\n|-weather|Sandstorm|[upkeep]\n|-damage|p1b: Chi-Yu|84\/100|[from] Sandstorm\n|-damage|p1a: Sinistcha|28\/100|[from] Sandstorm\n|-sideend|p1: hiemy|move: Tailwind\n|upkeep\n|\n|t:|1700380963\n|switch|p2a: Gastrodon|Gastrodon, L50, M|100\/100\n|turn|5\n|\n|t:|1700380973\n|-terastallize|p2a: Gastrodon|Fire\n|move|p1b: Chi-Yu|Dark Pulse|p2b: Heatran\n|-damage|p2b: Heatran|17\/100\n|-damage|p1b: Chi-Yu|75\/100|[from] item: Life Orb\n|move|p2b: Heatran|Heat Wave|p1a: Sinistcha|[spread] p1a,p1b\n|-supereffective|p1a: Sinistcha\n|-resisted|p1b: Chi-Yu\n|-damage|p1a: Sinistcha|0 fnt\n|-damage|p1b: Chi-Yu|30\/100\n|faint|p1a: Sinistcha\n|-damage|p2b: Heatran|7\/100|[from] item: Life Orb\n|move|p2a: Gastrodon|Earth Power|p1b: Chi-Yu\n|-supereffective|p1b: Chi-Yu\n|-damage|p1b: Chi-Yu|0 fnt\n|faint|p1b: Chi-Yu\n|\n|win|BonleyVGC\n|raw|hiemy's rating: 1214 &rarr; <strong>1187<\/strong><br \/>(-27 for losing)\n|raw|BonleyVGC's rating: 1184 &rarr; <strong>1211<\/strong><br \/>(+27 for winning)\n|l|\u2606hiemy\n","uploadtime":1700380993,"views":17,"p1id":"hiemy","p2id":"bonleyvgc","formatid":"gen9vgc2023regulatione","rating":1187,"private":0,"password":""}