{"id":"gen9vgc2023regulatione-1988137516","p1":"IAmAnissue","p2":"DonFuron","format":"[Gen 9] VGC 2023 Regulation E","log":"|j|\u2606IAmAnissue\n|j|\u2606DonFuron\n|n|\u2606IAmAnissue|iamanissue\n|n|\u2606DonFuron|donfuron\n|html|View the match progress at <a href=\"\/game-bestof3-gen9vgc2023regulatione-1988135720\">game-bestof3-gen9vgc2023regulatione-1988135720<\/a>\n|t:|1699674280\n|gametype|doubles\n|player|p1|IAmAnissue|101|\n|player|p2|DonFuron|101|\n|teamsize|p1|6\n|teamsize|p2|6\n|gen|9\n|tier|[Gen 9] VGC 2023 Regulation E\n|rule|Species Clause: Limit one of each Pok\u00e9mon\n|rule|Item Clause: Limit one of each item\n|clearpoke\n|poke|p1|Lokix, L50, F|\n|poke|p1|Farigiraf, L50, M|\n|poke|p1|Iron Hands, L50|\n|poke|p1|Flutter Mane, L50|\n|poke|p1|Rillaboom, L50, F|\n|poke|p1|Talonflame, L50, M|\n|poke|p2|Enamorus-Therian, L50, F|\n|poke|p2|Snorlax, L50, M|\n|poke|p2|Armarouge, L50, F|\n|poke|p2|Indeedee-F, L50, F|\n|poke|p2|Oranguru, L50, F|\n|poke|p2|Flamigo, L50, M|\n|teampreview|4\n|inactive|Battle timer is ON: inactive players will automatically lose when time's up. (requested by IAmAnissue)\nIAmAnissue has agreed to open team sheets.\nDonFuron has agreed to open team sheets.\n|showteam|p1|Lokix||LifeOrb|TintedLens|FirstImpression,SuckerPunch,Uturn,Detect|||F|||50|,,,,,Bug]Farigiraf||SitrusBerry|ArmorTail|Psychic,HyperVoice,HelpingHand,TrickRoom|||M|||50|,,,,,Fairy]Iron Hands||AssaultVest|QuarkDrive|FakeOut,WildCharge,DrainPunch,HeavySlam||||||50|,,,,,Grass]Flutter Mane||ChoiceSpecs|Protosynthesis|Moonblast,DazzlingGleam,ShadowBall,Thunderbolt||||||50|,,,,,Fairy]Rillaboom||MiracleSeed|GrassySurge|FakeOut,WoodHammer,KnockOff,Uturn|||F|||50|,,,,,Fire]Talonflame||CovertCloak|GaleWings|BraveBird,Tailwind,WillOWisp,Taunt|||M|||50|,,,,,Ghost\n|showteam|p2|Enamorus-Therian||LifeOrb|Overcoat|Moonblast,DazzlingGleam,EarthPower,Protect|||F|||50|,,,,,Water]Snorlax||CustapBerry|Gluttony|Facade,Earthquake,BellyDrum,Protect|||M|||50|,,,,,Ground]Armarouge||TwistedSpoon|FlashFire|ExpandingForce,ArmorCannon,ClearSmog,WideGuard|||F|||50|,,,,,Psychic]Indeedee-F||SafetyGoggles|PsychicSurge|FollowMe,HelpingHand,TrickRoom,DazzlingGleam|||F|||50|,,,,,Flying]Oranguru||PsychicSeed|Telepathy|Instruct,TrickRoom,FoulPlay,PsychicTerrain|||F|||50|,,,,,Water]Flamigo||CovertCloak|Costar|CloseCombat,BraveBird,Tailwind,QuickGuard|||M|||50|,,,,,Flying\n|inactiveoff|Battle timer is now OFF.\n|\n|t:|1699674358\n|start\n|switch|p1a: Birb|Talonflame, L50, M, shiny|100\/100\n|switch|p1b: Ms. Dreavus|Flutter Mane, L50|100\/100\n|switch|p2a: Indeedee|Indeedee-F, L50, F|100\/100\n|switch|p2b: Snorlax|Snorlax, L50, M|100\/100\n|-fieldstart|move: Psychic Terrain|[from] ability: Psychic Surge|[of] p2a: Indeedee\n|turn|1\n|\n|t:|1699674367\n|switch|p2b: Enamorus|Enamorus-Therian, L50, F|100\/100\n|move|p1a: Birb|Taunt|p2b: Enamorus\n|-start|p2b: Enamorus|move: Taunt\n|move|p1b: Ms. Dreavus|Dazzling Gleam|p2a: Indeedee|[spread] p2a,p2b\n|-damage|p2a: Indeedee|61\/100\n|-damage|p2b: Enamorus|53\/100\n|move|p2a: Indeedee|Trick Room|p2a: Indeedee\n|-fieldstart|move: Trick Room|[of] p2a: Indeedee\n|\n|upkeep\n|turn|2\n|\n|t:|1699674381\n|-end|p1b: Ms. Dreavus|Protosynthesis|[silent]\n|switch|p1b: Out of Names|Rillaboom, L50, F|100\/100\n|-fieldstart|move: Grassy Terrain|[from] ability: Grassy Surge|[of] p1b: Out of Names\n|move|p2a: Indeedee|Helping Hand|p2b: Enamorus\n|-singleturn|p2b: Enamorus|Helping Hand|[of] p2a: Indeedee\n|move|p1a: Birb|Brave Bird|p2b: Enamorus\n|-damage|p2b: Enamorus|22\/100\n|-damage|p1a: Birb|91\/100|[from] Recoil\n|move|p2b: Enamorus|Moonblast|p1b: Out of Names\n|-damage|p1b: Out of Names|14\/100\n|-damage|p2b: Enamorus|13\/100|[from] item: Life Orb\n|\n|-heal|p2a: Indeedee|67\/100|[from] Grassy Terrain\n|-heal|p1b: Out of Names|20\/100|[from] Grassy Terrain\n|upkeep\n|turn|3\n|\n|t:|1699674401\n|switch|p2b: Snorlax|Snorlax, L50, M|100\/100\n|switch|p2a: Oranguru|Oranguru, L50, F|100\/100\n|move|p1b: Out of Names|Fake Out|p2b: Snorlax\n|-crit|p2b: Snorlax\n|-damage|p2b: Snorlax|83\/100\n|move|p1a: Birb|Brave Bird|p2a: Oranguru\n|-damage|p2a: Oranguru|73\/100\n|-damage|p1a: Birb|81\/100|[from] Recoil\n|\n|-heal|p2b: Snorlax|89\/100|[from] Grassy Terrain\n|-heal|p2a: Oranguru|79\/100|[from] Grassy Terrain\n|-heal|p1b: Out of Names|27\/100|[from] Grassy Terrain\n|upkeep\n|turn|4\n|\n|t:|1699674416\n|move|p2b: Snorlax|Facade|p1b: Out of Names\n|-damage|p1b: Out of Names|0 fnt\n|faint|p1b: Out of Names\n|move|p2a: Oranguru|Foul Play|p1a: Birb\n|-damage|p1a: Birb|56\/100\n|move|p1a: Birb|Will-O-Wisp|p2b: Snorlax\n|-status|p2b: Snorlax|brn\n|\n|-heal|p2b: Snorlax|95\/100 brn|[from] Grassy Terrain\n|-heal|p2a: Oranguru|85\/100|[from] Grassy Terrain\n|-damage|p2b: Snorlax|89\/100 brn|[from] brn\n|upkeep\n|\n|t:|1699674421\n|switch|p1b: Spiderman|Lokix, L50, F, shiny|100\/100\n|turn|5\n|c|\u2606IAmAnissue|wait that's facade I didn't think this through lol\n|\n|t:|1699674453\n|switch|p2a: Indeedee|Indeedee-F, L50, F|67\/100\n|-fieldstart|move: Psychic Terrain|[from] ability: Psychic Surge|[of] p2a: Indeedee\n|-terastallize|p1b: Spiderman|Bug\n|move|p1b: Spiderman|First Impression|p2a: Indeedee\n|-activate|p2a: Indeedee|move: Psychic Terrain\n|move|p2b: Snorlax|Facade|p1a: Birb\n|-damage|p1a: Birb|0 fnt\n|faint|p1a: Birb\n|\n|-damage|p2b: Snorlax|83\/100 brn|[from] brn\n|-fieldend|move: Trick Room\n|upkeep\n|\n|t:|1699674455\n|switch|p1a: Ms. Dreavus|Flutter Mane, L50|100\/100\n|turn|6\n|\n|t:|1699674484\n|-terastallize|p2a: Indeedee|Flying\n|move|p1a: Ms. Dreavus|Moonblast|p2b: Snorlax\n|-damage|p2b: Snorlax|37\/100 brn\n|-unboost|p2b: Snorlax|spa|1\n|move|p1b: Spiderman|U-turn|p2a: Indeedee\n|-resisted|p2a: Indeedee\n|-damage|p2a: Indeedee|11\/100\n|-damage|p1b: Spiderman|91\/100|[from] item: Life Orb\n|move|p2b: Snorlax|Facade|p1b: Spiderman\n|-damage|p1b: Spiderman|0 fnt\n|faint|p1b: Spiderman\n|move|p2a: Indeedee|Trick Room|p2a: Indeedee\n|-fieldstart|move: Trick Room|[of] p2a: Indeedee\n|\n|-damage|p2b: Snorlax|31\/100 brn|[from] brn\n|upkeep\n|turn|7\n|-enditem|p2b: Snorlax|Custap Berry|[eat]\n|-activate|p2b: Snorlax|item: Custap Berry|[consumed]\n|\n|t:|1699674503\n|move|p2a: Indeedee|Helping Hand|p2b: Snorlax\n|-singleturn|p2b: Snorlax|Helping Hand|[of] p2a: Indeedee\n|move|p2b: Snorlax|Earthquake|p1a: Ms. Dreavus|[spread] p1a\n|-immune|p2a: Indeedee\n|-damage|p1a: Ms. Dreavus|78\/100\n|move|p1a: Ms. Dreavus|Moonblast|p2b: Snorlax\n|-damage|p2b: Snorlax|0 fnt\n|faint|p2b: Snorlax\n|\n|upkeep\n|\n|t:|1699674506\n|switch|p2b: Enamorus|Enamorus-Therian, L50, F|13\/100\n|turn|8\n|\n|t:|1699674510\n|move|p2a: Indeedee|Helping Hand|p2b: Enamorus\n|-singleturn|p2b: Enamorus|Helping Hand|[of] p2a: Indeedee\n|move|p2b: Enamorus|Moonblast|p1a: Ms. Dreavus\n|-damage|p1a: Ms. Dreavus|0 fnt\n|faint|p1a: Ms. Dreavus\n|-end|p1a: Ms. Dreavus|Protosynthesis|[silent]\n|-damage|p2b: Enamorus|3\/100|[from] item: Life Orb\n|\n|win|DonFuron\n|c|&|\/uhtml prompt-donfuron,DonFuron is ready for game 3!\n|c|&|\/uhtml prompt-iamanissue,IAmAnissue is ready for game 3!\nBoth players are ready! Starting next match!\n","uploadtime":1699674769,"views":21,"p1id":"iamanissue","p2id":"donfuron","formatid":"gen9vgc2023regulatione","rating":0,"private":0,"password":""}