{"id":"gen9vgc2023regulatione-1988726500","p1":"Flutter-Reisa","p2":"gf\u8fd8\u6211\u514b\u96f720\u79cd\u65cf","format":"[Gen 9] VGC 2023 Regulation E","log":"|j|\u203dFlutter-Reisa\n|n|\u203dFlutter-Reisa|flutterreisa\n|html|View the match progress at <a href=\"\/game-bestof3-gen9vgc2023regulatione-1988721247\">game-bestof3-gen9vgc2023regulatione-1988721247<\/a>\n|t:|1699755407\n|gametype|doubles\n|player|p1|Flutter-Reisa|acerola|\n|player|p2|gf\u8fd8\u6211\u514b\u96f720\u79cd\u65cf|veteranf|\n|teamsize|p1|6\n|teamsize|p2|6\n|gen|9\n|tier|[Gen 9] VGC 2023 Regulation E\n|rule|Species Clause: Limit one of each Pok\u00e9mon\n|rule|Item Clause: Limit one of each item\n|clearpoke\n|poke|p1|Ogerpon-Wellspring, L50, F|\n|poke|p1|Grimmsnarl, L50, M|\n|poke|p1|Amoonguss, L50, F|\n|poke|p1|Lycanroc-Dusk, L50, F|\n|poke|p1|Pelipper, L50, F|\n|poke|p1|Iron Hands, L50|\n|poke|p2|Dondozo, L50, M|\n|poke|p2|Tatsugiri, L50, F|\n|poke|p2|Flutter Mane, L50|\n|poke|p2|Chien-Pao, L50|\n|poke|p2|Ogerpon-Cornerstone, L50, F|\n|poke|p2|Lycanroc-Dusk, L50, F|\n|teampreview|4\nFlutter-Reisa has agreed to open team sheets.\n|j|\u203dgf\u8fd8\u6211\u514b\u96f720\u79cd\u65cf\n|\n|t:|1699755672\n|start\n|switch|p1a: Grimmsnarl|Grimmsnarl, L50, M|100\/100\n|switch|p1b: Amoonguss|Amoonguss, L50, F|100\/100\n|switch|p2a: Dondozo|Dondozo, L50, M, shiny|100\/100\n|switch|p2b: Chien-Pao|Chien-Pao, L50|100\/100\n|-ability|p2b: Chien-Pao|Sword of Ruin\n|turn|1\n|\n|t:|1699755701\n|-terastallize|p1b: Amoonguss|Dark\n|move|p1a: Grimmsnarl|Reflect|p1a: Grimmsnarl\n|-sidestart|p1: Flutter-Reisa|Reflect\n|move|p2b: Chien-Pao|Icicle Crash|p1b: Amoonguss\n|-damage|p1b: Amoonguss|66\/100\n|move|p2a: Dondozo|Substitute|p2a: Dondozo\n|-start|p2a: Dondozo|Substitute\n|-damage|p2a: Dondozo|75\/100\n|move|p1b: Amoonguss|Spore|p2b: Chien-Pao\n|-status|p2b: Chien-Pao|slp|[from] move: Spore\n|\n|-heal|p2a: Dondozo|82\/100|[from] item: Leftovers\n|upkeep\n|turn|2\n|\n|t:|1699755730\n|switch|p2b: Tatsugiri|Tatsugiri, L50, F, shiny|100\/100\n|-activate|p2b: Tatsugiri|ability: Commander|[of] p2a: Dondozo\n|-boost|p2a: Dondozo|atk|2\n|-boost|p2a: Dondozo|spa|2\n|-boost|p2a: Dondozo|spe|2\n|-boost|p2a: Dondozo|def|2\n|-boost|p2a: Dondozo|spd|2\n|switch|p1b: Iron Hands|Iron Hands, L50|100\/100\n|move|p1a: Grimmsnarl|Light Screen|p1a: Grimmsnarl\n|-sidestart|p1: Flutter-Reisa|move: Light Screen\n|move|p2a: Dondozo|Wave Crash|p1b: Iron Hands\n|-damage|p1b: Iron Hands|62\/100\n|-damage|p2a: Dondozo|69\/100|[from] Recoil\n|\n|-heal|p2a: Dondozo|75\/100|[from] item: Leftovers\n|-heal|p1b: Iron Hands|67\/100|[from] item: Leftovers\n|upkeep\n|turn|3\n|\n|t:|1699755763\n|-terastallize|p2a: Dondozo|Dragon\n|move|p1a: Grimmsnarl|Parting Shot|p2a: Dondozo\n|-unboost|p2a: Dondozo|atk|1\n|-unboost|p2a: Dondozo|spa|1\n|\n|t:|1699755769\n|switch|p1a: Ogerpon|Ogerpon-Wellspring, L50, F|100\/100|[from] Parting Shot\n|move|p2a: Dondozo|Earthquake|p1a: Ogerpon|[spread] p1a,p1b\n|-miss|p2a: Dondozo|p2b: Tatsugiri\n|-resisted|p1a: Ogerpon\n|-supereffective|p1b: Iron Hands\n|-damage|p1a: Ogerpon|92\/100\n|-damage|p1b: Iron Hands|46\/100\n|move|p1b: Iron Hands|Drain Punch|p2a: Dondozo\n|-activate|p2a: Dondozo|move: Substitute|[damage]\n|-heal|p1b: Iron Hands|51\/100|[from] drain|[of] p2a: Dondozo\n|\n|-heal|p2a: Dondozo|81\/100|[from] item: Leftovers\n|-heal|p1b: Iron Hands|57\/100|[from] item: Leftovers\n|upkeep\n|turn|4\n|\n|t:|1699755828\n|switch|p1a: Grimmsnarl|Grimmsnarl, L50, M|100\/100\n|move|p2a: Dondozo|Order Up|p1b: Iron Hands\n|-damage|p1b: Iron Hands|39\/100\n|-boost|p2a: Dondozo|atk|1\n|move|p1b: Iron Hands|Drain Punch|p2a: Dondozo\n|-activate|p2a: Dondozo|move: Substitute|[damage]\n|-heal|p1b: Iron Hands|46\/100|[from] drain|[of] p2a: Dondozo\n|\n|-heal|p2a: Dondozo|88\/100|[from] item: Leftovers\n|-heal|p1b: Iron Hands|52\/100|[from] item: Leftovers\n|upkeep\n|turn|5\n|\n|t:|1699755847\n|move|p1a: Grimmsnarl|Parting Shot|p2a: Dondozo\n|-unboost|p2a: Dondozo|atk|1\n|-unboost|p2a: Dondozo|spa|1\n|\n|t:|1699755851\n|switch|p1a: Amoonguss|Amoonguss, L50, F, tera:Dark|99\/100|[from] Parting Shot\n|move|p2a: Dondozo|Order Up|p1b: Iron Hands\n|-damage|p1b: Iron Hands|34\/100\n|-boost|p2a: Dondozo|atk|1\n|move|p1b: Iron Hands|Drain Punch|p2a: Dondozo\n|-end|p2a: Dondozo|Substitute\n|-heal|p1b: Iron Hands|35\/100|[from] drain|[of] p2a: Dondozo\n|\n|-heal|p2a: Dondozo|94\/100|[from] item: Leftovers\n|-heal|p1b: Iron Hands|41\/100|[from] item: Leftovers\n|upkeep\n|turn|6\n|\n|t:|1699755882\n|-end|p1b: Iron Hands|Quark Drive|[silent]\n|switch|p1b: Grimmsnarl|Grimmsnarl, L50, M|100\/100\n|move|p2a: Dondozo|Earthquake|p1b: Grimmsnarl|[spread] p1a,p1b\n|-miss|p2a: Dondozo|p2b: Tatsugiri\n|-damage|p1a: Amoonguss|80\/100\n|-damage|p1b: Grimmsnarl|74\/100\n|move|p1a: Amoonguss|Spore|p2a: Dondozo\n|-status|p2a: Dondozo|slp|[from] move: Spore\n|\n|-heal|p2a: Dondozo|99\/100 slp|[from] item: Leftovers\n|upkeep\n|turn|7\n|\n|t:|1699755899\n|move|p1b: Grimmsnarl|Parting Shot|p2a: Dondozo\n|-unboost|p2a: Dondozo|atk|1\n|-unboost|p2a: Dondozo|spa|1\n|l|\u203dFlutter-Reisa\n|player|p1|\n|inactive|Battle timer is ON: inactive players will automatically lose when time's up. (requested by gf\u8fd8\u6211\u514b\u96f720\u79cd\u65cf)\n|inactive|Flutter-Reisa has 60 seconds left.\n|j|\u203dFlutter-Reisa\n|inactive|Flutter-Reisa reconnected and has 55 seconds left.\n|player|p1|Flutter-Reisa|acerola\n|n|\u203dFlutter-Reisa|flutterreisa\n|\n|t:|1699755992\n|switch|p1b: Iron Hands|Iron Hands, L50|41\/100|[from] Parting Shot\n|cant|p2a: Dondozo|slp\n|move|p1a: Amoonguss|Pollen Puff|p1b: Iron Hands\n|-heal|p1b: Iron Hands|91\/100\n|\n|-heal|p2a: Dondozo|100\/100 slp|[from] item: Leftovers\n|-heal|p1b: Iron Hands|97\/100|[from] item: Leftovers\n|upkeep\n|turn|8\n|\n|t:|1699756012\n|-curestatus|p2a: Dondozo|slp|[msg]\n|move|p2a: Dondozo|Earthquake|p1a: Amoonguss|[spread] p1a,p1b\n|-miss|p2a: Dondozo|p2b: Tatsugiri\n|-supereffective|p1b: Iron Hands\n|-damage|p1a: Amoonguss|66\/100\n|-damage|p1b: Iron Hands|73\/100\n|move|p1b: Iron Hands|Drain Punch|p2a: Dondozo\n|-damage|p2a: Dondozo|89\/100\n|-heal|p1b: Iron Hands|79\/100|[from] drain|[of] p2a: Dondozo\n|move|p1a: Amoonguss|Clear Smog|p2a: Dondozo\n|-damage|p2a: Dondozo|80\/100\n|-clearboost|p2a: Dondozo\n|\n|-heal|p2a: Dondozo|87\/100|[from] item: Leftovers\n|-heal|p1b: Iron Hands|85\/100|[from] item: Leftovers\n|-sideend|p1: Flutter-Reisa|Reflect\n|upkeep\n|turn|9\n|\n|t:|1699756035\n|move|p2a: Dondozo|Order Up|p1a: Amoonguss\n|-damage|p1a: Amoonguss|43\/100\n|-boost|p2a: Dondozo|atk|1\n|move|p1b: Iron Hands|Swords Dance|p1b: Iron Hands\n|-boost|p1b: Iron Hands|atk|2\n|move|p1a: Amoonguss|Spore|p2a: Dondozo\n|-status|p2a: Dondozo|slp|[from] move: Spore\n|\n|-heal|p2a: Dondozo|93\/100 slp|[from] item: Leftovers\n|-heal|p1b: Iron Hands|91\/100|[from] item: Leftovers\n|-sideend|p1: Flutter-Reisa|move: Light Screen\n|upkeep\n|turn|10\n|\n|t:|1699756046\n|switch|p1a: Grimmsnarl|Grimmsnarl, L50, M|74\/100\n|cant|p2a: Dondozo|slp\n|move|p1b: Iron Hands|Drain Punch|p2a: Dondozo\n|-damage|p2a: Dondozo|70\/100 slp\n|-heal|p1b: Iron Hands|100\/100|[from] drain|[of] p2a: Dondozo\n|\n|-heal|p2a: Dondozo|76\/100 slp|[from] item: Leftovers\n|upkeep\n|turn|11\n|\n|t:|1699756057\n|move|p1a: Grimmsnarl|Parting Shot|p2a: Dondozo\n|-unboost|p2a: Dondozo|atk|1\n|-unboost|p2a: Dondozo|spa|1\n|-message|gf\u8fd8\u6211\u514b\u96f720\u79cd\u65cf forfeited.\n|\n|win|Flutter-Reisa\n|l|\u203dgf\u8fd8\u6211\u514b\u96f720\u79cd\u65cf\n","uploadtime":1699756071,"views":18,"p1id":"flutterreisa","p2id":"gf20","formatid":"gen9vgc2023regulatione","rating":0,"private":0,"password":""}