{"id":"gen9vgc2023regulatione-1989531957","p1":"Jhonnyflames","p2":"great rex 08","format":"[Gen 9] VGC 2023 Regulation E","log":"|j|\u2606Jhonnyflames\n|j|\u2606great rex 08\n|t:|1699866780\n|gametype|doubles\n|player|p1|Jhonnyflames|firebreather|1038\n|player|p2|great rex 08|1|1025\n|teamsize|p1|6\n|teamsize|p2|6\n|gen|9\n|tier|[Gen 9] VGC 2023 Regulation E\n|rated|\n|rule|Species Clause: Limit one of each Pok\u00e9mon\n|rule|Item Clause: Limit one of each item\n|clearpoke\n|poke|p1|Rabsca, L50, M|\n|poke|p1|Clefairy, L50, M|\n|poke|p1|Shiftry, L50, M|\n|poke|p1|Landorus, L50, M|\n|poke|p1|Meowscarada, L50, F|\n|poke|p1|Arcanine-Hisui, L50, M|\n|poke|p2|Jumpluff, L50, F|\n|poke|p2|Mienshao, L50, M|\n|poke|p2|Quagsire, L50, M|\n|poke|p2|Armarouge, L50, M|\n|poke|p2|Dusclops, L50, M|\n|poke|p2|Greedent, L50, M|\n|teampreview|4\n|inactive|Battle timer is ON: inactive players will automatically lose when time's up. (requested by Jhonnyflames)\n|\n|t:|1699866795\n|start\n|switch|p1a: Shiftry|Shiftry, L50, M|100\/100\n|switch|p1b: Clefairy|Clefairy, L50, M|100\/100\n|switch|p2a: Jumpluff|Jumpluff, L50, F|100\/100\n|switch|p2b: Mienshao|Mienshao, L50, M|100\/100\n|turn|1\n|\n|t:|1699866816\n|move|p1b: Clefairy|Follow Me|p1b: Clefairy\n|-singleturn|p1b: Clefairy|move: Follow Me\n|move|p2b: Mienshao|U-turn|p1b: Clefairy\n|-resisted|p1b: Clefairy\n|-damage|p1b: Clefairy|88\/100\n|\n|t:|1699866824\n|switch|p2b: Greedent|Greedent, L50, M|100\/100|[from] U-turn\n|move|p1a: Shiftry|Tailwind|p1a: Shiftry\n|-sidestart|p1: Jhonnyflames|move: Tailwind\n|-ability|p1a: Shiftry|Wind Rider|boost\n|-boost|p1a: Shiftry|atk|1\n|move|p2a: Jumpluff|Pollen Puff|p1b: Clefairy\n|-resisted|p1b: Clefairy\n|-damage|p1b: Clefairy|84\/100\n|\n|upkeep\n|turn|2\n|\n|t:|1699866841\n|move|p1b: Clefairy|Protect|p1b: Clefairy\n|-singleturn|p1b: Clefairy|Protect\n|move|p2a: Jumpluff|Rage Powder|p2a: Jumpluff\n|-singleturn|p2a: Jumpluff|move: Rage Powder\n|move|p1a: Shiftry|Explosion|p2b: Greedent|[spread] p2a,p2b\n|-activate|p1b: Clefairy|move: Protect\n|-damage|p2a: Jumpluff|0 fnt\n|-damage|p2b: Greedent|23\/100\n|-enditem|p2b: Greedent|Sitrus Berry|[eat]\n|-heal|p2b: Greedent|48\/100|[from] item: Sitrus Berry\n|-heal|p2b: Greedent|81\/100|[from] ability: Cheek Pouch\n|faint|p1a: Shiftry\n|faint|p2a: Jumpluff\n|move|p2b: Greedent|Belly Drum|p2b: Greedent\n|-damage|p2b: Greedent|31\/100\n|-setboost|p2b: Greedent|atk|6|[from] move: Belly Drum\n|\n|upkeep\n|\n|t:|1699866857\n|switch|p1a: Rabsca|Rabsca, L50, M|100\/100\n|switch|p2a: Mienshao|Mienshao, L50, M|100\/100\n|turn|3\n|\n|t:|1699866874\n|move|p1b: Clefairy|Follow Me|p1b: Clefairy\n|-singleturn|p1b: Clefairy|move: Follow Me\n|move|p2a: Mienshao|Poison Jab|p1b: Clefairy\n|-supereffective|p1b: Clefairy\n|-damage|p1b: Clefairy|18\/100\n|move|p1a: Rabsca|Speed Swap|p2a: Mienshao\n|-activate|p1a: Rabsca|move: Speed Swap|[of] p2a: Mienshao\n|move|p2b: Greedent|Belly Drum||[still]\n|-fail|p2b: Greedent\n|\n|upkeep\n|turn|4\n|inactive|Jhonnyflames has 30 seconds left.\n|inactive|Jhonnyflames has 20 seconds left.\n|inactive|Jhonnyflames has 15 seconds left.\n|inactive|Jhonnyflames has 10 seconds left.\n|inactive|Jhonnyflames has 5 seconds left.\n|\n|t:|1699866926\n|move|p1b: Clefairy|Protect|p1b: Clefairy\n|-singleturn|p1b: Clefairy|Protect\n|move|p2b: Greedent|Protect|p2b: Greedent\n|-singleturn|p2b: Greedent|Protect\n|move|p1a: Rabsca|Calm Mind|p1a: Rabsca\n|-boost|p1a: Rabsca|spa|1\n|-boost|p1a: Rabsca|spd|1\n|move|p2a: Mienshao|Poison Jab|p1a: Rabsca\n|-damage|p1a: Rabsca|80\/100\n|-status|p1a: Rabsca|psn\n|-activate|p1a: Rabsca|ability: Synchronize\n|-status|p2a: Mienshao|psn\n|\n|-heal|p1a: Rabsca|86\/100 psn|[from] item: Leftovers\n|-damage|p1a: Rabsca|74\/100 psn|[from] psn\n|-damage|p2a: Mienshao|88\/100 psn|[from] psn\n|-sideend|p1: Jhonnyflames|move: Tailwind\n|upkeep\n|turn|5\n|inactive|Jhonnyflames has 30 seconds left.\n|inactive|great rex 08 has 30 seconds left.\n|inactive|Jhonnyflames has 20 seconds left.\n|inactive|Jhonnyflames has 15 seconds left.\n|inactive|Jhonnyflames has 10 seconds left.\n|\n|t:|1699866971\n|move|p1b: Clefairy|Follow Me|p1b: Clefairy\n|-singleturn|p1b: Clefairy|move: Follow Me\n|move|p1a: Rabsca|Calm Mind|p1a: Rabsca\n|-boost|p1a: Rabsca|spa|1\n|-boost|p1a: Rabsca|spd|1\n|move|p2a: Mienshao|U-turn|p1b: Clefairy\n|-resisted|p1b: Clefairy\n|-damage|p1b: Clefairy|7\/100\n|\n|t:|1699866980\n|switch|p2a: Quagsire|Quagsire, L50, M|100\/100|[from] U-turn\n|move|p2b: Greedent|Body Slam|p1b: Clefairy\n|-damage|p1b: Clefairy|0 fnt\n|faint|p1b: Clefairy\n|\n|-heal|p1a: Rabsca|80\/100 psn|[from] item: Leftovers\n|-damage|p1a: Rabsca|68\/100 psn|[from] psn\n|upkeep\n|\n|t:|1699866992\n|switch|p1b: Landorus|Landorus, L50, M, shiny|100\/100\n|turn|6\n|inactive|Jhonnyflames has 30 seconds left.\n|\n|t:|1699867023\n|move|p1a: Rabsca|Calm Mind|p1a: Rabsca\n|-boost|p1a: Rabsca|spa|1\n|-boost|p1a: Rabsca|spd|1\n|move|p1b: Landorus|Sandsear Storm|p2b: Greedent|[spread] p2a,p2b\n|-damage|p2a: Quagsire|25\/100\n|-damage|p2b: Greedent|0 fnt\n|-enditem|p2a: Quagsire|Figy Berry|[eat]\n|-heal|p2a: Quagsire|58\/100|[from] item: Figy Berry\n|faint|p2b: Greedent\n|move|p2a: Quagsire|Ice Punch|p1b: Landorus\n|-supereffective|p1b: Landorus\n|-damage|p1b: Landorus|3\/100\n|\n|-heal|p1a: Rabsca|74\/100 psn|[from] item: Leftovers\n|-damage|p1a: Rabsca|62\/100 psn|[from] psn\n|upkeep\n|\n|t:|1699867036\n|switch|p2b: Mienshao|Mienshao, L50, M|100\/100 psn\n|turn|7\n|\n|t:|1699867058\n|move|p2b: Mienshao|U-turn|p1a: Rabsca\n|-supereffective|p1a: Rabsca\n|-damage|p1a: Rabsca|1\/100 psn\n|move|p1a: Rabsca|Stored Power|p2b: Mienshao\n|-supereffective|p2b: Mienshao\n|-damage|p2b: Mienshao|0 fnt\n|faint|p2b: Mienshao\n|move|p1b: Landorus|Sandsear Storm|p2a: Quagsire\n|-damage|p2a: Quagsire|0 fnt\n|faint|p2a: Quagsire\n|\n|win|Jhonnyflames\n|raw|Jhonnyflames's rating: 1038 &rarr; <strong>1071<\/strong><br \/>(+33 for winning)\n|raw|great rex 08's rating: 1025 &rarr; <strong>1012<\/strong><br \/>(-13 for losing)\n","uploadtime":1699867075,"views":11,"p1id":"jhonnyflames","p2id":"greatrex08","formatid":"gen9vgc2023regulatione","rating":1012,"private":0,"password":""}