{"id":"gen9vgc2023regulatione-1988580903","p1":"emogiraffe","p2":"Crifab93","format":"[Gen 9] VGC 2023 Regulation E","log":"|j|\u2606emogiraffe\n|j|\u2606Crifab93\n|t:|1699738422\n|gametype|doubles\n|player|p1|emogiraffe|ninjaboy|1578\n|player|p2|Crifab93|n|1716\n|teamsize|p1|6\n|teamsize|p2|6\n|gen|9\n|tier|[Gen 9] VGC 2023 Regulation E\n|rated|\n|rule|Species Clause: Limit one of each Pok\u00e9mon\n|rule|Item Clause: Limit one of each item\n|clearpoke\n|poke|p1|Clefairy, L50, F|\n|poke|p1|Iron Hands, L50|\n|poke|p1|Urshifu-*, L50, F|\n|poke|p1|Tornadus, L50, M|\n|poke|p1|Arcanine-Hisui, L50, F|\n|poke|p1|Gholdengo, L50|\n|poke|p2|Roaring Moon, L50|\n|poke|p2|Iron Hands, L50|\n|poke|p2|Heatran, L50, M|\n|poke|p2|Chien-Pao, L50|\n|poke|p2|Ogerpon-Wellspring, L50, F|\n|poke|p2|Farigiraf, L50, F|\n|teampreview|4\n|inactive|Battle timer is ON: inactive players will automatically lose when time's up. (requested by emogiraffe)\nemogiraffe has agreed to open team sheets.\nCrifab93 has agreed to open team sheets.\n|inactive|Crifab93 has 30 seconds left.\n|\n|t:|1699738472\n|start\n|switch|p1a: Iron Hands|Iron Hands, L50|100\/100\n|switch|p1b: Gholdengo|Gholdengo, L50|100\/100\n|switch|p2a: Farigiraf|Farigiraf, L50, F, shiny|100\/100\n|switch|p2b: Iron Hands|Iron Hands, L50|100\/100\n|turn|1\n|\n|t:|1699738494\n|move|p1b: Gholdengo|Nasty Plot|p1b: Gholdengo\n|-boost|p1b: Gholdengo|spa|2\n|move|p1a: Iron Hands|Drain Punch|p2b: Iron Hands\n|-damage|p2b: Iron Hands|69\/100\n|move|p2b: Iron Hands|Drain Punch|p1a: Iron Hands\n|-damage|p1a: Iron Hands|71\/100\n|-heal|p2b: Iron Hands|84\/100|[from] drain|[of] p1a: Iron Hands\n|move|p2a: Farigiraf|Trick Room|p2a: Farigiraf\n|-fieldstart|move: Trick Room|[of] p2a: Farigiraf\n|\n|upkeep\n|turn|2\n|inactive|emogiraffe has 30 seconds left.\n|inactive|emogiraffe has 20 seconds left.\n|\n|t:|1699738529\n|move|p1a: Iron Hands|Wild Charge|p2a: Farigiraf\n|-damage|p2a: Farigiraf|64\/100\n|-damage|p1a: Iron Hands|63\/100|[from] Recoil\n|move|p2b: Iron Hands|Drain Punch|p1a: Iron Hands\n|-damage|p1a: Iron Hands|34\/100\n|-heal|p2b: Iron Hands|99\/100|[from] drain|[of] p1a: Iron Hands\n|move|p2a: Farigiraf|Psychic|p1a: Iron Hands\n|-supereffective|p1a: Iron Hands\n|-damage|p1a: Iron Hands|0 fnt\n|faint|p1a: Iron Hands\n|-end|p1a: Iron Hands|Quark Drive|[silent]\n|move|p1b: Gholdengo|Make It Rain|p2b: Iron Hands|[spread] p2a,p2b\n|-resisted|p2b: Iron Hands\n|-damage|p2a: Farigiraf|0 fnt\n|-damage|p2b: Iron Hands|72\/100\n|-unboost|p1b: Gholdengo|spa|1\n|faint|p2a: Farigiraf\n|\n|upkeep\n|\n|t:|1699738551\n|switch|p1a: Tornadus|Tornadus, L50, M|100\/100\n|switch|p2a: Ogerpon|Ogerpon-Wellspring, L50, F|100\/100\n|turn|3\n|inactive|emogiraffe has 30 seconds left.\n|\n|t:|1699738585\n|-terastallize|p1b: Gholdengo|Dragon\n|move|p2a: Ogerpon|Spiky Shield|p2a: Ogerpon\n|-singleturn|p2a: Ogerpon|move: Protect\n|move|p2b: Iron Hands|Wild Charge|p1a: Tornadus\n|-supereffective|p1a: Tornadus\n|-damage|p1a: Tornadus|0 fnt\n|faint|p1a: Tornadus\n|-damage|p2b: Iron Hands|54\/100|[from] Recoil\n|move|p1b: Gholdengo|Nasty Plot|p1b: Gholdengo\n|-boost|p1b: Gholdengo|spa|2\n|\n|upkeep\n|\n|t:|1699738588\n|switch|p1a: Urshifu|Urshifu-Rapid-Strike, L50, F|100\/100\n|turn|4\n|\n|t:|1699738603\n|move|p2b: Iron Hands|Drain Punch|p1a: Urshifu\n|-damage|p1a: Urshifu|62\/100\n|-heal|p2b: Iron Hands|70\/100|[from] drain|[of] p1a: Urshifu\n|move|p1b: Gholdengo|Make It Rain|p2b: Iron Hands|[spread] p2a,p2b\n|-resisted|p2a: Ogerpon\n|-resisted|p2b: Iron Hands\n|-damage|p2a: Ogerpon|33\/100\n|-damage|p2b: Iron Hands|38\/100\n|-unboost|p1b: Gholdengo|spa|1\n|move|p2a: Ogerpon|Horn Leech|p1a: Urshifu\n|-supereffective|p1a: Urshifu\n|-damage|p1a: Urshifu|0 fnt\n|-heal|p2a: Ogerpon|64\/100|[from] drain|[of] p1a: Urshifu\n|faint|p1a: Urshifu\n|\n|upkeep\n|turn|5\n|\n|t:|1699738626\n|-terastallize|p2a: Ogerpon|Water\n|detailschange|p2a: Ogerpon|Ogerpon-Wellspring-Tera, L50, F, tera:Water\n|-ability|p2a: Ogerpon|Embody Aspect (Wellspring)|boost\n|-boost|p2a: Ogerpon|spd|1\n|move|p2b: Iron Hands|Drain Punch|p1b: Gholdengo\n|-damage|p1b: Gholdengo|56\/100\n|-heal|p2b: Iron Hands|55\/100|[from] drain|[of] p1b: Gholdengo\n|move|p1b: Gholdengo|Shadow Ball|p2a: Ogerpon\n|-damage|p2a: Ogerpon|9\/100\n|move|p2a: Ogerpon|Ivy Cudgel|p1b: Gholdengo\n|-resisted|p1b: Gholdengo\n|-damage|p1b: Gholdengo|14\/100\n|-enditem|p1b: Gholdengo|Sitrus Berry|[eat]\n|-heal|p1b: Gholdengo|38\/100|[from] item: Sitrus Berry\n|\n|-fieldend|move: Trick Room\n|upkeep\n|turn|6\n|\n|t:|1699738642\n|move|p2a: Ogerpon|Ivy Cudgel|p1b: Gholdengo\n|-resisted|p1b: Gholdengo\n|-crit|p1b: Gholdengo\n|-damage|p1b: Gholdengo|0 fnt\n|faint|p1b: Gholdengo\n|\n|win|Crifab93\n|raw|emogiraffe's rating: 1578 &rarr; <strong>1566<\/strong><br \/>(-12 for losing)\n|raw|Crifab93's rating: 1716 &rarr; <strong>1728<\/strong><br \/>(+12 for winning)\n|l|\u2606Crifab93\n|l|\u2606emogiraffe\n|j|\u2606Crifab93\n|player|p2|Crifab93|n\n","uploadtime":1699738773,"views":13,"p1id":"emogiraffe","p2id":"crifab93","formatid":"gen9vgc2023regulatione","rating":1566,"private":0,"password":""}