{"id":"gen9vgc2023regulatione-2000402817","p1":"Jintoski","p2":"Jack00VGC","format":"[Gen 9] VGC 2023 Regulation E","log":"|j|\u2606Jintoski\n|j|\u2606Jack00VGC\n|t:|1701191850\n|gametype|doubles\n|player|p1|Jintoski|red|1178\n|player|p2|Jack00VGC|alder|1138\n|teamsize|p1|6\n|teamsize|p2|6\n|gen|9\n|tier|[Gen 9] VGC 2023 Regulation E\n|rated|\n|rule|Species Clause: Limit one of each Pok\u00e9mon\n|rule|Item Clause: Limit one of each item\n|clearpoke\n|poke|p1|Gholdengo, L50|\n|poke|p1|Tornadus, L50, M|\n|poke|p1|Rillaboom, L50, M|\n|poke|p1|Ogerpon-Wellspring, L50, F|\n|poke|p1|Arcanine-Hisui, L50, M|\n|poke|p1|Flutter Mane, L50|\n|poke|p2|Flutter Mane, L50|\n|poke|p2|Ogerpon-Wellspring, L50, F|\n|poke|p2|Indeedee-F, L50, F|\n|poke|p2|Chi-Yu, L50|\n|poke|p2|Regieleki, L50|\n|poke|p2|Tornadus, L50, M|\n|teampreview|4\n|inactive|Battle timer is ON: inactive players will automatically lose when time's up. (requested by Jack00VGC)\nJack00VGC rejected open team sheets.\n|inactive|Jintoski has 60 seconds left.\n|inactive|Jack00VGC has 60 seconds left.\n|j| Angels Cry\n|j| fang hider\n|l| fang hider\n|l| Angels Cry\n|\n|t:|1701191904\n|start\n|switch|p1a: Arcanine|Arcanine-Hisui, L50, M|100\/100\n|switch|p1b: Rillaboom|Rillaboom, L50, M|100\/100\n|switch|p2a: Tornadus|Tornadus, L50, M|100\/100\n|switch|p2b: Ogerpon|Ogerpon-Wellspring, L50, F|100\/100\n|-ability|p1a: Arcanine|Intimidate|boost\n|-unboost|p2a: Tornadus|atk|1\n|-unboost|p2b: Ogerpon|atk|1\n|-fieldstart|move: Grassy Terrain|[from] ability: Grassy Surge|[of] p1b: Rillaboom\n|turn|1\n|inactive|Jintoski has 30 seconds left.\n|j| giftedyew\n|\n|t:|1701191931\n|-terastallize|p1a: Arcanine|Fairy\n|move|p2a: Tornadus|Protect|p2a: Tornadus\n|-singleturn|p2a: Tornadus|Protect\n|move|p2b: Ogerpon|Spiky Shield|p2b: Ogerpon\n|-singleturn|p2b: Ogerpon|move: Protect\n|move|p1b: Rillaboom|Fake Out|p2b: Ogerpon\n|-activate|p2b: Ogerpon|move: Protect\n|-damage|p1b: Rillaboom|88\/100|[from] Spiky Shield|[of] p2b: Ogerpon\n|move|p1a: Arcanine|Rock Slide|p2a: Tornadus|[spread] \n|-activate|p2a: Tornadus|move: Protect\n|-activate|p2b: Ogerpon|move: Protect\n|\n|-heal|p1b: Rillaboom|94\/100|[from] Grassy Terrain\n|upkeep\n|turn|2\n|inactive|Jintoski has 30 seconds left.\n|inactive|Jack00VGC has 30 seconds left.\n|inactive|Jack00VGC has 20 seconds left.\n|inactive|Jack00VGC has 15 seconds left.\n|inactive|Jack00VGC has 10 seconds left.\n|inactive|Jack00VGC has 5 seconds left.\n|\n|t:|1701191985\n|switch|p1a: Tornadus|Tornadus, L50, M|100\/100\n|-terastallize|p2b: Ogerpon|Water\n|detailschange|p2b: Ogerpon|Ogerpon-Wellspring-Tera, L50, F, tera:Water\n|-ability|p2b: Ogerpon|Embody Aspect (Wellspring)|boost\n|-boost|p2b: Ogerpon|spd|1\n|move|p2b: Ogerpon|Ivy Cudgel|p1a: Tornadus|[anim] Ivy Cudgel Water\n|-crit|p1a: Tornadus\n|-damage|p1a: Tornadus|0 fnt\n|faint|p1a: Tornadus\n|move|p2a: Tornadus|Bleakwind Storm|p1b: Rillaboom\n|-supereffective|p1b: Rillaboom\n|-damage|p1b: Rillaboom|32\/100\n|move|p1b: Rillaboom|Wood Hammer|p2b: Ogerpon\n|-supereffective|p2b: Ogerpon\n|-damage|p2b: Ogerpon|0 fnt\n|faint|p2b: Ogerpon\n|-damage|p1b: Rillaboom|8\/100|[from] Recoil\n|\n|-heal|p1b: Rillaboom|14\/100|[from] Grassy Terrain\n|upkeep\n|\n|t:|1701192008\n|switch|p2b: Indeedee|Indeedee-F, L50, F|100\/100\n|switch|p1a: Arcanine|Arcanine-Hisui, L50, M, tera:Fairy|100\/100\n|-fieldstart|move: Psychic Terrain|[from] ability: Psychic Surge|[of] p2b: Indeedee\n|-enditem|p2b: Indeedee|Psychic Seed\n|-boost|p2b: Indeedee|spd|1|[from] item: Psychic Seed\n|-ability|p1a: Arcanine|Intimidate|boost\n|-unboost|p2a: Tornadus|atk|1\n|-unboost|p2b: Indeedee|atk|1\n|turn|3\n|\n|t:|1701192032\n|move|p2a: Tornadus|Tailwind|p2a: Tornadus\n|-sidestart|p2: Jack00VGC|move: Tailwind\n|move|p2b: Indeedee|Psychic|p1a: Arcanine\n|-damage|p1a: Arcanine|46\/100\n|move|p1a: Arcanine|Rock Slide|p2b: Indeedee|[spread] p2a,p2b\n|-supereffective|p2a: Tornadus\n|-damage|p2a: Tornadus|0 fnt\n|-damage|p2b: Indeedee|22\/100\n|faint|p2a: Tornadus\n|move|p1b: Rillaboom|Grassy Glide|p2b: Indeedee\n|-damage|p2b: Indeedee|0 fnt\n|faint|p2b: Indeedee\n|\n|upkeep\n|\n|t:|1701192046\n|switch|p2a: Chi-Yu|Chi-Yu, L50|100\/100\n|-ability|p2a: Chi-Yu|Beads of Ruin\n|turn|4\n|\n|t:|1701192055\n|move|p2a: Chi-Yu|Heat Wave|p1b: Rillaboom|[spread] p1a,p1b\n|-supereffective|p1b: Rillaboom\n|-damage|p1a: Arcanine|0 fnt\n|-damage|p1b: Rillaboom|0 fnt\n|faint|p1a: Arcanine\n|faint|p1b: Rillaboom\n|-damage|p2a: Chi-Yu|90\/100|[from] item: Life Orb\n|\n|upkeep\n|\n|t:|1701192064\n|switch|p1b: Flutter Mane|Flutter Mane, L50|100\/100\n|-enditem|p1b: Flutter Mane|Booster Energy\n|-activate|p1b: Flutter Mane|ability: Protosynthesis|[fromitem]\n|-start|p1b: Flutter Mane|protosynthesisspa\n|turn|5\n|\n|t:|1701192086\n|move|p2a: Chi-Yu|Overheat|p1b: Flutter Mane\n|-damage|p1b: Flutter Mane|0 fnt\n|-unboost|p2a: Chi-Yu|spa|2\n|faint|p1b: Flutter Mane\n|-end|p1b: Flutter Mane|Protosynthesis|[silent]\n|-damage|p2a: Chi-Yu|80\/100|[from] item: Life Orb\n|\n|win|Jack00VGC\n|raw|Jintoski's rating: 1149 &rarr; <strong>1123<\/strong><br \/>(-26 for losing)\n|raw|Jack00VGC's rating: 1138 &rarr; <strong>1164<\/strong><br \/>(+26 for winning)\n|c|\u2606Jack00VGC|gg\n|l|\u2606Jintoski\n","uploadtime":1701192105,"views":2,"p1id":"jintoski","p2id":"jack00vgc","formatid":"gen9vgc2023regulatione","rating":1123,"private":0,"password":""}