{"id":"gen9vgc2023regulatione-1993624380","p1":"tahatuta","p2":"Cjj22","format":"[Gen 9] VGC 2023 Regulation E","log":"|j|\u2606tahatuta\n|j|\u2606Cjj22\n|t:|1700338746\n|gametype|doubles\n|player|p1|tahatuta|102|1185\n|player|p2|Cjj22|n|1242\n|teamsize|p1|6\n|teamsize|p2|6\n|gen|9\n|tier|[Gen 9] VGC 2023 Regulation E\n|rated|\n|rule|Species Clause: Limit one of each Pok\u00e9mon\n|rule|Item Clause: Limit one of each item\n|clearpoke\n|poke|p1|Tornadus, L50, M|\n|poke|p1|Arcanine-Hisui, L50, F|\n|poke|p1|Iron Hands, L50|\n|poke|p1|Gholdengo, L50|\n|poke|p1|Urshifu-*, L50, M|\n|poke|p1|Ogerpon-Wellspring, L50, F|\n|poke|p2|Tornadus, L50, M|\n|poke|p2|Arcanine-Hisui, L50, F|\n|poke|p2|Iron Hands, L50|\n|poke|p2|Gholdengo, L50|\n|poke|p2|Urshifu-*, L50, M|\n|poke|p2|Ogerpon-Wellspring, L50, F|\n|teampreview|4\n|inactive|Battle timer is ON: inactive players will automatically lose when time's up. (requested by Cjj22)\n|inactive|tahatuta has 60 seconds left.\n|inactive|Cjj22 has 60 seconds left.\ntahatuta rejected open team sheets.\n|\n|t:|1700338801\n|start\n|switch|p1a: Ogerpon|Ogerpon-Wellspring, L50, F|100\/100\n|switch|p1b: Gholdengo|Gholdengo, L50|100\/100\n|switch|p2a: Iron Hands|Iron Hands, L50|100\/100\n|switch|p2b: Ogerpon|Ogerpon-Wellspring, L50, F|100\/100\n|turn|1\n|inactive|tahatuta has 30 seconds left.\n|inactive|Cjj22 has 30 seconds left.\n|inactive|tahatuta has 20 seconds left.\n|inactive|Cjj22 has 20 seconds left.\n|inactive|tahatuta has 15 seconds left.\n|inactive|Cjj22 has 15 seconds left.\n|inactive|tahatuta has 10 seconds left.\n|inactive|Cjj22 has 10 seconds left.\n|\n|t:|1700338846\n|move|p1a: Ogerpon|Ivy Cudgel|p2a: Iron Hands|[anim] Ivy Cudgel Water\n|-crit|p2a: Iron Hands\n|-damage|p2a: Iron Hands|42\/100\n|move|p2b: Ogerpon|Ivy Cudgel|p1b: Gholdengo|[anim] Ivy Cudgel Water\n|-crit|p1b: Gholdengo\n|-damage|p1b: Gholdengo|24\/100\n|move|p1b: Gholdengo|Nasty Plot|p1b: Gholdengo\n|-boost|p1b: Gholdengo|spa|2\n|move|p2a: Iron Hands|Wild Charge|p1b: Gholdengo\n|-damage|p1b: Gholdengo|0 fnt\n|faint|p1b: Gholdengo\n|-damage|p2a: Iron Hands|37\/100|[from] Recoil\n|\n|upkeep\n|\n|t:|1700338870\n|switch|p1b: Tornadus|Tornadus, L50, M|100\/100\n|turn|2\n|\n|t:|1700338881\n|-terastallize|p2b: Ogerpon|Water\n|detailschange|p2b: Ogerpon|Ogerpon-Wellspring-Tera, L50, F, tera:Water\n|-ability|p2b: Ogerpon|Embody Aspect (Wellspring)|boost\n|-boost|p2b: Ogerpon|spd|1\n|move|p1a: Ogerpon|Follow Me|p1a: Ogerpon\n|-singleturn|p1a: Ogerpon|move: Follow Me\n|move|p2b: Ogerpon|Follow Me|p2b: Ogerpon\n|-singleturn|p2b: Ogerpon|move: Follow Me\n|move|p1b: Tornadus|Bleakwind Storm|p2a: Iron Hands|[spread] p2a,p2b\n|-damage|p2a: Iron Hands|21\/100\n|-damage|p2b: Ogerpon|81\/100\n|-unboost|p2b: Ogerpon|spe|1\n|move|p2a: Iron Hands|Wild Charge|p1a: Ogerpon\n|-damage|p1a: Ogerpon|49\/100\n|-damage|p2a: Iron Hands|11\/100|[from] Recoil\n|\n|upkeep\n|turn|3\n|inactive|tahatuta has 30 seconds left.\n|inactive|Cjj22 has 30 seconds left.\n|\n|t:|1700338914\n|move|p1a: Ogerpon|Power Whip|p2b: Ogerpon\n|-supereffective|p2b: Ogerpon\n|-damage|p2b: Ogerpon|0 fnt\n|faint|p2b: Ogerpon\n|move|p1b: Tornadus|Bleakwind Storm|p2a: Iron Hands\n|-damage|p2a: Iron Hands|0 fnt\n|faint|p2a: Iron Hands\n|-end|p2a: Iron Hands|Quark Drive|[silent]\n|\n|upkeep\n|\n|t:|1700338923\n|switch|p2b: Arcanine|Arcanine-Hisui, L50, F|100\/100\n|switch|p2a: Tornadus|Tornadus, L50, M|100\/100\n|-ability|p2b: Arcanine|Intimidate|boost\n|-unboost|p1a: Ogerpon|atk|1\n|-unboost|p1b: Tornadus|atk|1\n|turn|4\n|inactive|tahatuta has 30 seconds left.\n|\n|t:|1700338951\n|switch|p1a: Urshifu|Urshifu-Rapid-Strike, L50, M|100\/100\n|move|p2b: Arcanine|Extreme Speed|p1a: Urshifu\n|-damage|p1a: Urshifu|63\/100\n|move|p1b: Tornadus|Taunt|p2a: Tornadus\n|-start|p2a: Tornadus|move: Taunt\n|move|p2a: Tornadus|Bleakwind Storm|p1a: Urshifu|[spread] p1a,p1b\n|-supereffective|p1a: Urshifu\n|-damage|p1a: Urshifu|0 fnt\n|-damage|p1b: Tornadus|71\/100\n|faint|p1a: Urshifu\n|\n|upkeep\n|\n|t:|1700338960\n|switch|p1a: Ogerpon|Ogerpon-Wellspring, L50, F|49\/100\n|turn|5\n|\n|t:|1700338967\n|-terastallize|p1a: Ogerpon|Water\n|detailschange|p1a: Ogerpon|Ogerpon-Wellspring-Tera, L50, F, tera:Water\n|-ability|p1a: Ogerpon|Embody Aspect (Wellspring)|boost\n|-boost|p1a: Ogerpon|spd|1\n|move|p2b: Arcanine|Extreme Speed|p1a: Ogerpon\n|-damage|p1a: Ogerpon|7\/100\n|move|p1b: Tornadus|Tailwind|p1b: Tornadus\n|-sidestart|p1: tahatuta|move: Tailwind\n|move|p1a: Ogerpon|Ivy Cudgel|p2a: Tornadus|[anim] Ivy Cudgel Water\n|-damage|p2a: Tornadus|22\/100\n|move|p2a: Tornadus|Bleakwind Storm|p1a: Ogerpon|[spread] p1a,p1b\n|-damage|p1a: Ogerpon|0 fnt\n|-damage|p1b: Tornadus|45\/100\n|faint|p1a: Ogerpon\n|\n|upkeep\n|turn|6\n|\n|t:|1700338985\n|move|p2b: Arcanine|Extreme Speed|p1b: Tornadus\n|-damage|p1b: Tornadus|0 fnt\n|faint|p1b: Tornadus\n|\n|win|Cjj22\n|raw|tahatuta's rating: 1185 &rarr; <strong>1164<\/strong><br \/>(-21 for losing)\n|raw|Cjj22's rating: 1242 &rarr; <strong>1263<\/strong><br \/>(+21 for winning)\n","uploadtime":1700338991,"views":28,"p1id":"tahatuta","p2id":"cjj22","formatid":"gen9vgc2023regulatione","rating":1164,"private":0,"password":""}