{"id":"gen9vgc2023regulatione-1989052702","p1":"vilniusbelfast","p2":"rennui-","format":"[Gen 9] VGC 2023 Regulation E","log":"|j|\u2606vilniusbelfast\n|j|\u2606rennui-\n|t:|1699806907\n|gametype|doubles\n|player|p1|vilniusbelfast|266|1145\n|player|p2|rennui-|erika|1180\n|teamsize|p1|6\n|teamsize|p2|6\n|gen|9\n|tier|[Gen 9] VGC 2023 Regulation E\n|rated|\n|rule|Species Clause: Limit one of each Pok\u00e9mon\n|rule|Item Clause: Limit one of each item\n|clearpoke\n|poke|p1|Rillaboom, L50, M|\n|poke|p1|Tornadus, L50, M|\n|poke|p1|Urshifu-*, L50, F|\n|poke|p1|Roaring Moon, L50|\n|poke|p1|Iron Moth, L50|\n|poke|p1|Chien-Pao, L50|\n|poke|p2|Flutter Mane, L50|\n|poke|p2|Chi-Yu, L50|\n|poke|p2|Torkoal, L50, M|\n|poke|p2|Ogerpon-Wellspring, L50, F|\n|poke|p2|Farigiraf, L50, F|\n|poke|p2|Iron Hands, L50|\n|teampreview|4\n|inactive|Battle timer is ON: inactive players will automatically lose when time's up. (requested by vilniusbelfast)\nvilniusbelfast rejected open team sheets.\n|inactive|vilniusbelfast has 60 seconds left.\n|inactive|vilniusbelfast has 30 seconds left.\n|\n|t:|1699806971\n|start\n|switch|p1a: Urshifu|Urshifu-Rapid-Strike, L50, F|100\/100\n|switch|p1b: Rillaboom|Rillaboom, L50, M|100\/100\n|switch|p2a: Ogerpon|Ogerpon-Wellspring, L50, F|100\/100\n|switch|p2b: Farigiraf|Farigiraf, L50, F, shiny|100\/100\n|-fieldstart|move: Grassy Terrain|[from] ability: Grassy Surge|[of] p1b: Rillaboom\n|turn|1\n|inactive|vilniusbelfast has 30 seconds left.\n|\n|t:|1699807002\n|-terastallize|p1a: Urshifu|Steel\n|move|p2a: Ogerpon|Follow Me|p2a: Ogerpon\n|-singleturn|p2a: Ogerpon|move: Follow Me\n|move|p1a: Urshifu|Surging Strikes|p2a: Ogerpon\n|-immune|p2a: Ogerpon|[from] ability: Water Absorb\n|move|p1b: Rillaboom|U-turn|p2a: Ogerpon\n|-supereffective|p2a: Ogerpon\n|-damage|p2a: Ogerpon|49\/100\n|\n|t:|1699807020\n|switch|p1b: Roaring Moon|Roaring Moon, L50|100\/100|[from] U-turn\n|-enditem|p1b: Roaring Moon|Booster Energy\n|-activate|p1b: Roaring Moon|ability: Protosynthesis|[fromitem]\n|-start|p1b: Roaring Moon|protosynthesisspe\n|move|p2b: Farigiraf|Trick Room|p2b: Farigiraf\n|-fieldstart|move: Trick Room|[of] p2b: Farigiraf\n|\n|-heal|p2a: Ogerpon|56\/100|[from] Grassy Terrain\n|upkeep\n|turn|2\n|\n|t:|1699807042\n|-terastallize|p2b: Farigiraf|Fairy\n|move|p2a: Ogerpon|Follow Me|p2a: Ogerpon\n|-singleturn|p2a: Ogerpon|move: Follow Me\n|move|p2b: Farigiraf|Nasty Plot|p2b: Farigiraf\n|-boost|p2b: Farigiraf|spa|2\n|move|p1a: Urshifu|Close Combat|p2a: Ogerpon\n|-damage|p2a: Ogerpon|0 fnt\n|-unboost|p1a: Urshifu|def|1\n|-unboost|p1a: Urshifu|spd|1\n|faint|p2a: Ogerpon\n|move|p1b: Roaring Moon|Knock Off|p2b: Farigiraf\n|-resisted|p2b: Farigiraf\n|-damage|p2b: Farigiraf|79\/100\n|-enditem|p2b: Farigiraf|Sitrus Berry|[from] move: Knock Off|[of] p1b: Roaring Moon\n|\n|-heal|p2b: Farigiraf|85\/100|[from] Grassy Terrain\n|upkeep\n|\n|t:|1699807052\n|switch|p2a: Torkoal|Torkoal, L50, M, shiny|100\/100\n|-weather|SunnyDay|[from] ability: Drought|[of] p2a: Torkoal\n|turn|3\n|inactive|vilniusbelfast has 30 seconds left.\n|\n|t:|1699807079\n|move|p1a: Urshifu|Protect|p1a: Urshifu\n|-singleturn|p1a: Urshifu|Protect\n|move|p1b: Roaring Moon|Protect|p1b: Roaring Moon\n|-singleturn|p1b: Roaring Moon|Protect\n|move|p2a: Torkoal|Eruption|p1a: Urshifu|[spread] \n|-activate|p1a: Urshifu|move: Protect\n|-activate|p1b: Roaring Moon|move: Protect\n|move|p2b: Farigiraf|Dazzling Gleam|p1b: Roaring Moon|[spread] \n|-activate|p1a: Urshifu|move: Protect\n|-activate|p1b: Roaring Moon|move: Protect\n|\n|-weather|SunnyDay|[upkeep]\n|-heal|p2b: Farigiraf|90\/100|[from] Grassy Terrain\n|upkeep\n|turn|4\n|inactive|vilniusbelfast has 30 seconds left.\n|inactive|vilniusbelfast has 20 seconds left.\n|inactive|vilniusbelfast has 15 seconds left.\n|inactive|vilniusbelfast has 10 seconds left.\n|\n|t:|1699807126\n|switch|p1a: Iron Moth|Iron Moth, L50|100\/100\n|move|p1b: Roaring Moon|Protect||[still]\n|-fail|p1b: Roaring Moon\n|move|p2a: Torkoal|Eruption|p1a: Iron Moth|[spread] p1a,p1b\n|-resisted|p1a: Iron Moth\n|-resisted|p1b: Roaring Moon\n|-damage|p1a: Iron Moth|54\/100\n|-damage|p1b: Roaring Moon|58\/100\n|move|p2b: Farigiraf|Dazzling Gleam|p1a: Iron Moth|[spread] p1a,p1b\n|-resisted|p1a: Iron Moth\n|-supereffective|p1b: Roaring Moon\n|-damage|p1a: Iron Moth|40\/100\n|-damage|p1b: Roaring Moon|0 fnt\n|faint|p1b: Roaring Moon\n|-end|p1b: Roaring Moon|Protosynthesis|[silent]\n|\n|-weather|SunnyDay|[upkeep]\n|-heal|p2b: Farigiraf|96\/100|[from] Grassy Terrain\n|-heal|p1a: Iron Moth|46\/100|[from] Grassy Terrain\n|upkeep\n|inactive|vilniusbelfast has 30 seconds left.\n|\n|t:|1699807161\n|switch|p1b: Rillaboom|Rillaboom, L50, M|100\/100\n|turn|5\n|inactive|vilniusbelfast has 30 seconds left.\n|\n|t:|1699807195\n|switch|p2a: Iron Hands|Iron Hands, L50|100\/100\n|move|p2b: Farigiraf|Psychic|p1a: Iron Moth\n|-supereffective|p1a: Iron Moth\n|-damage|p1a: Iron Moth|0 fnt\n|faint|p1a: Iron Moth\n|-end|p1a: Iron Moth|Quark Drive|[silent]\n|move|p1b: Rillaboom|Drain Punch|p2a: Iron Hands\n|-damage|p2a: Iron Hands|80\/100\n|\n|-weather|SunnyDay|[upkeep]\n|-heal|p2a: Iron Hands|87\/100|[from] Grassy Terrain\n|-heal|p2b: Farigiraf|100\/100|[from] Grassy Terrain\n|-fieldend|move: Trick Room\n|-fieldend|move: Grassy Terrain\n|upkeep\n|\n|t:|1699807210\n|switch|p1a: Urshifu|Urshifu-Rapid-Strike, L50, F, tera:Steel|100\/100\n|turn|6\n|inactive|vilniusbelfast has 30 seconds left.\n|inactive|vilniusbelfast has 20 seconds left.\n|inactive|vilniusbelfast has 15 seconds left.\n|\n|t:|1699807250\n|move|p2a: Iron Hands|Fake Out|p1a: Urshifu\n|-resisted|p1a: Urshifu\n|-crit|p1a: Urshifu\n|-damage|p1a: Urshifu|87\/100\n|cant|p1a: Urshifu|flinch\n|move|p1b: Rillaboom|U-turn|p2b: Farigiraf\n|-resisted|p2b: Farigiraf\n|-damage|p2b: Farigiraf|90\/100\n|move|p2b: Farigiraf|Trick Room|p2b: Farigiraf\n|-fieldstart|move: Trick Room|[of] p2b: Farigiraf\n|\n|-weather|SunnyDay|[upkeep]\n|upkeep\n|turn|7\n|inactive|vilniusbelfast has 30 seconds left.\n|\n|t:|1699807277\n|move|p2a: Iron Hands|Drain Punch|p1a: Urshifu\n|-supereffective|p1a: Urshifu\n|-damage|p1a: Urshifu|0 fnt\n|-heal|p2a: Iron Hands|100\/100|[from] drain|[of] p1a: Urshifu\n|faint|p1a: Urshifu\n|move|p2b: Farigiraf|Psychic|p1b: Rillaboom\n|-damage|p1b: Rillaboom|38\/100\n|move|p1b: Rillaboom|U-turn|p2b: Farigiraf\n|-resisted|p2b: Farigiraf\n|-damage|p2b: Farigiraf|79\/100\n|\n|-weather|none\n|upkeep\n|turn|8\n|\n|t:|1699807286\n|move|p2a: Iron Hands|Drain Punch|p1b: Rillaboom\n|-damage|p1b: Rillaboom|0 fnt\n|faint|p1b: Rillaboom\n|\n|win|rennui-\n|raw|vilniusbelfast's rating: 1145 &rarr; <strong>1123<\/strong><br \/>(-22 for losing)\n|raw|rennui-'s rating: 1180 &rarr; <strong>1202<\/strong><br \/>(+22 for winning)\n|l|\u2606vilniusbelfast\n","uploadtime":1699807293,"views":26,"p1id":"vilniusbelfast","p2id":"rennui","formatid":"gen9vgc2023regulatione","rating":1123,"private":0,"password":""}