{"id":"gen9vgc2023regulatione-1998853168","p1":"Asdffggffdssadf","p2":"OrangeObama","format":"[Gen 9] VGC 2023 Regulation E","log":"|j|\u2606Asdffggffdssadf\n|j|\u2606OrangeObama\n|t:|1701003434\n|gametype|doubles\n|player|p1|Asdffggffdssadf|barry|1329\n|player|p2|OrangeObama|acetrainer-gen4dp|1240\n|teamsize|p1|6\n|teamsize|p2|6\n|gen|9\n|tier|[Gen 9] VGC 2023 Regulation E\n|rated|\n|rule|Species Clause: Limit one of each Pok\u00e9mon\n|rule|Item Clause: Limit one of each item\n|clearpoke\n|poke|p1|Iron Hands, L50|\n|poke|p1|Gyarados, L50, M|\n|poke|p1|Baxcalibur, L50, F|\n|poke|p1|Arcanine, L50, M|\n|poke|p1|Braviary, L50, M|\n|poke|p1|Grimmsnarl, L50, M|\n|poke|p2|Heatran, L50, M|\n|poke|p2|Urshifu-*, L50, M|\n|poke|p2|Rillaboom, L50, F|\n|poke|p2|Landorus-Therian, L50, M|\n|poke|p2|Iron Hands, L50|\n|poke|p2|Tornadus, L50, M|\n|teampreview|4\n|inactive|Battle timer is ON: inactive players will automatically lose when time's up. (requested by OrangeObama)\n|inactive|OrangeObama has 60 seconds left.\n|\n|t:|1701003469\n|start\n|switch|p1a: Iron Hands|Iron Hands, L50|100\/100\n|switch|p1b: Gyarados|Gyarados, L50, M|100\/100\n|switch|p2a: Heatran|Heatran, L50, M|100\/100\n|switch|p2b: Tornadus|Tornadus, L50, M|100\/100\n|-ability|p1b: Gyarados|Intimidate|boost\n|-unboost|p2a: Heatran|atk|1\n|-unboost|p2b: Tornadus|atk|1\n|turn|1\n|\n|t:|1701003492\n|move|p2a: Heatran|Protect|p2a: Heatran\n|-singleturn|p2a: Heatran|Protect\n|move|p1a: Iron Hands|Fake Out|p2b: Tornadus\n|-damage|p2b: Tornadus|84\/100\n|cant|p2b: Tornadus|flinch\n|move|p1b: Gyarados|Waterfall|p2a: Heatran\n|-activate|p2a: Heatran|move: Protect\n|\n|upkeep\n|turn|2\n|\n|t:|1701003517\n|-terastallize|p2a: Heatran|Grass\n|move|p2b: Tornadus|Tailwind|p2b: Tornadus\n|-sidestart|p2: OrangeObama|move: Tailwind\n|move|p2a: Heatran|Earth Power|p1a: Iron Hands\n|-supereffective|p1a: Iron Hands\n|-damage|p1a: Iron Hands|64\/100\n|move|p1b: Gyarados|Waterfall|p2a: Heatran\n|-resisted|p2a: Heatran\n|-damage|p2a: Heatran|76\/100\n|-damage|p1b: Gyarados|91\/100|[from] item: Life Orb\n|move|p1a: Iron Hands|Thunder Punch|p2b: Tornadus\n|-supereffective|p2b: Tornadus\n|-damage|p2b: Tornadus|0 fnt\n|faint|p2b: Tornadus\n|\n|-heal|p2a: Heatran|82\/100|[from] item: Leftovers\n|upkeep\n|\n|t:|1701003541\n|switch|p2b: Rillaboom|Rillaboom, L50, F|100\/100\n|-fieldstart|move: Grassy Terrain|[from] ability: Grassy Surge|[of] p2b: Rillaboom\n|-enditem|p2b: Rillaboom|Grassy Seed\n|-boost|p2b: Rillaboom|def|1|[from] item: Grassy Seed\n|turn|3\n|\n|t:|1701003562\n|switch|p1b: Arcanine|Arcanine, L50, M|100\/100\n|-ability|p1b: Arcanine|Intimidate|boost\n|-unboost|p2a: Heatran|atk|1\n|-unboost|p2b: Rillaboom|atk|1\n|move|p2a: Heatran|Earth Power|p1a: Iron Hands\n|-supereffective|p1a: Iron Hands\n|-crit|p1a: Iron Hands\n|-damage|p1a: Iron Hands|10\/100\n|move|p2b: Rillaboom|Wood Hammer|p1a: Iron Hands\n|-damage|p1a: Iron Hands|0 fnt\n|faint|p1a: Iron Hands\n|-end|p1a: Iron Hands|Quark Drive|[silent]\n|-damage|p2b: Rillaboom|96\/100|[from] Recoil\n|\n|-heal|p2a: Heatran|88\/100|[from] Grassy Terrain\n|-heal|p2a: Heatran|94\/100|[from] item: Leftovers\n|-heal|p2b: Rillaboom|100\/100|[from] Grassy Terrain\n|upkeep\n|\n|t:|1701003578\n|switch|p1a: Baxcalibur|Baxcalibur, L50, F|100\/100\n|turn|4\n|\n|t:|1701003595\n|switch|p2b: Urshifu|Urshifu-Rapid-Strike, L50, M|100\/100\n|move|p1a: Baxcalibur|Ice Shard|p2a: Heatran\n|-supereffective|p2a: Heatran\n|-damage|p2a: Heatran|36\/100\n|move|p2a: Heatran|Flash Cannon|p1a: Baxcalibur\n|-supereffective|p1a: Baxcalibur\n|-damage|p1a: Baxcalibur|18\/100\n|move|p1b: Arcanine|Will-O-Wisp|p2b: Urshifu\n|-status|p2b: Urshifu|brn\n|\n|-heal|p2a: Heatran|42\/100|[from] Grassy Terrain\n|-heal|p2a: Heatran|48\/100|[from] item: Leftovers\n|-heal|p1a: Baxcalibur|24\/100|[from] Grassy Terrain\n|-damage|p2b: Urshifu|94\/100 brn|[from] brn\n|upkeep\n|turn|5\n|inactive|Asdffggffdssadf has 30 seconds left.\n|\n|t:|1701003621\n|switch|p1a: Gyarados|Gyarados, L50, M|91\/100\n|-ability|p1a: Gyarados|Intimidate|boost\n|-unboost|p2a: Heatran|atk|1\n|-unboost|p2b: Urshifu|atk|1\n|move|p2a: Heatran|Protect|p2a: Heatran\n|-singleturn|p2a: Heatran|Protect\n|move|p1b: Arcanine|Extreme Speed|p2b: Urshifu\n|-crit|p2b: Urshifu\n|-damage|p2b: Urshifu|67\/100 brn\n|move|p2b: Urshifu|Surging Strikes|p1a: Gyarados\n|-resisted|p1a: Gyarados\n|-crit|p1a: Gyarados\n|-damage|p1a: Gyarados|84\/100\n|-resisted|p1a: Gyarados\n|-crit|p1a: Gyarados\n|-damage|p1a: Gyarados|78\/100\n|-resisted|p1a: Gyarados\n|-crit|p1a: Gyarados\n|-damage|p1a: Gyarados|72\/100\n|-hitcount|p1a: Gyarados|3\n|\n|-heal|p2b: Urshifu|73\/100 brn|[from] Grassy Terrain\n|-heal|p2a: Heatran|54\/100|[from] Grassy Terrain\n|-heal|p2a: Heatran|60\/100|[from] item: Leftovers\n|-damage|p2b: Urshifu|67\/100 brn|[from] brn\n|-sideend|p2: OrangeObama|move: Tailwind\n|upkeep\n|turn|6\n|\n|t:|1701003643\n|-terastallize|p1b: Arcanine|Grass\n|move|p1b: Arcanine|Extreme Speed|p2a: Heatran\n|-damage|p2a: Heatran|46\/100\n|move|p2b: Urshifu|Surging Strikes|p1b: Arcanine\n|-resisted|p1b: Arcanine\n|-crit|p1b: Arcanine\n|-damage|p1b: Arcanine|97\/100\n|-resisted|p1b: Arcanine\n|-crit|p1b: Arcanine\n|-damage|p1b: Arcanine|94\/100\n|-resisted|p1b: Arcanine\n|-crit|p1b: Arcanine\n|-damage|p1b: Arcanine|90\/100\n|-hitcount|p1b: Arcanine|3\n|move|p1a: Gyarados|Crunch|p2a: Heatran\n|-damage|p2a: Heatran|16\/100\n|-unboost|p2a: Heatran|def|1\n|-damage|p1a: Gyarados|62\/100|[from] item: Life Orb\n|move|p2a: Heatran|Heat Wave|p1b: Arcanine|[spread] p1a,p1b\n|-resisted|p1a: Gyarados\n|-supereffective|p1b: Arcanine\n|-damage|p1a: Gyarados|46\/100\n|-damage|p1b: Arcanine|10\/100\n|\n|-heal|p2b: Urshifu|73\/100 brn|[from] Grassy Terrain\n|-heal|p1b: Arcanine|16\/100|[from] Grassy Terrain\n|-heal|p1b: Arcanine|22\/100|[from] item: Leftovers\n|-heal|p2a: Heatran|22\/100|[from] Grassy Terrain\n|-heal|p2a: Heatran|28\/100|[from] item: Leftovers\n|-damage|p2b: Urshifu|67\/100 brn|[from] brn\n|upkeep\n|turn|7\n|inactive|Asdffggffdssadf has 30 seconds left.\n|inactive|OrangeObama has 30 seconds left.\n|inactive|Asdffggffdssadf has 20 seconds left.\n|inactive|OrangeObama has 20 seconds left.\n|\n|t:|1701003682\n|switch|p2a: Rillaboom|Rillaboom, L50, F|100\/100\n|move|p1b: Arcanine|Protect|p1b: Arcanine\n|-singleturn|p1b: Arcanine|Protect\n|move|p2b: Urshifu|Surging Strikes|p1b: Arcanine\n|-resisted|p1b: Arcanine\n|-crit|p1b: Arcanine\n|-damage|p1b: Arcanine|19\/100\n|-resisted|p1b: Arcanine\n|-crit|p1b: Arcanine\n|-damage|p1b: Arcanine|15\/100\n|-resisted|p1b: Arcanine\n|-crit|p1b: Arcanine\n|-damage|p1b: Arcanine|12\/100\n|-hitcount|p1b: Arcanine|3\n|move|p1a: Gyarados|Crunch|p2a: Rillaboom\n|-damage|p2a: Rillaboom|63\/100\n|-unboost|p2a: Rillaboom|def|1\n|-damage|p1a: Gyarados|36\/100|[from] item: Life Orb\n|\n|-heal|p2b: Urshifu|73\/100 brn|[from] Grassy Terrain\n|-heal|p1b: Arcanine|18\/100|[from] Grassy Terrain\n|-heal|p1b: Arcanine|24\/100|[from] item: Leftovers\n|-heal|p2a: Rillaboom|69\/100|[from] Grassy Terrain\n|-damage|p2b: Urshifu|67\/100 brn|[from] brn\n|-fieldend|move: Grassy Terrain\n|upkeep\n|turn|8\n|inactive|Asdffggffdssadf has 30 seconds left.\n|inactive|OrangeObama has 30 seconds left.\n|\n|t:|1701003715\n|switch|p1b: Baxcalibur|Baxcalibur, L50, F|24\/100\n|move|p2a: Rillaboom|Fake Out|p1b: Baxcalibur\n|-damage|p1b: Baxcalibur|8\/100\n|move|p2b: Urshifu|Surging Strikes|p1b: Baxcalibur\n|-resisted|p1b: Baxcalibur\n|-crit|p1b: Baxcalibur\n|-damage|p1b: Baxcalibur|4\/100\n|-resisted|p1b: Baxcalibur\n|-crit|p1b: Baxcalibur\n|-damage|p1b: Baxcalibur|0 fnt\n|faint|p1b: Baxcalibur\n|-hitcount|p1: Baxcalibur|2\n|move|p1a: Gyarados|Crunch|p2a: Rillaboom\n|-damage|p2a: Rillaboom|7\/100\n|-damage|p1a: Gyarados|26\/100|[from] item: Life Orb\n|\n|-damage|p2b: Urshifu|61\/100 brn|[from] brn\n|upkeep\n|\n|t:|1701003724\n|switch|p1b: Arcanine|Arcanine, L50, M, tera:Grass|24\/100\n|-ability|p1b: Arcanine|Intimidate|boost\n|-unboost|p2a: Rillaboom|atk|1\n|-unboost|p2b: Urshifu|atk|1\n|turn|9\n|\n|t:|1701003749\n|switch|p2a: Heatran|Heatran, L50, M, tera:Grass|28\/100\n|move|p1b: Arcanine|Extreme Speed|p2a: Heatran\n|-damage|p2a: Heatran|14\/100\n|move|p2b: Urshifu|Surging Strikes|p1a: Gyarados\n|-resisted|p1a: Gyarados\n|-crit|p1a: Gyarados\n|-damage|p1a: Gyarados|20\/100\n|-resisted|p1a: Gyarados\n|-crit|p1a: Gyarados\n|-damage|p1a: Gyarados|15\/100\n|-resisted|p1a: Gyarados\n|-crit|p1a: Gyarados\n|-damage|p1a: Gyarados|8\/100\n|-hitcount|p1a: Gyarados|3\n|move|p1a: Gyarados|Dragon Dance|p1a: Gyarados\n|-boost|p1a: Gyarados|atk|1\n|-boost|p1a: Gyarados|spe|1\n|\n|-heal|p1b: Arcanine|30\/100|[from] item: Leftovers\n|-heal|p2a: Heatran|20\/100|[from] item: Leftovers\n|-damage|p2b: Urshifu|54\/100 brn|[from] brn\n|upkeep\n|turn|10\n|inactive|Asdffggffdssadf has 30 seconds left.\n|inactive|OrangeObama has 30 seconds left.\n|\n|t:|1701003780\n|move|p1b: Arcanine|Extreme Speed|p2b: Urshifu\n|-damage|p2b: Urshifu|36\/100 brn\n|move|p1a: Gyarados|Crunch|p2b: Urshifu\n|-resisted|p2b: Urshifu\n|-damage|p2b: Urshifu|6\/100 brn\n|-damage|p1a: Gyarados|0 fnt|[from] item: Life Orb\n|faint|p1a: Gyarados\n|move|p2b: Urshifu|Surging Strikes|p1b: Arcanine\n|-resisted|p1b: Arcanine\n|-crit|p1b: Arcanine\n|-damage|p1b: Arcanine|26\/100\n|-resisted|p1b: Arcanine\n|-crit|p1b: Arcanine\n|-damage|p1b: Arcanine|23\/100\n|-resisted|p1b: Arcanine\n|-crit|p1b: Arcanine\n|-damage|p1b: Arcanine|19\/100\n|-hitcount|p1b: Arcanine|3\n|move|p2a: Heatran|Heat Wave|p1b: Arcanine\n|-supereffective|p1b: Arcanine\n|-damage|p1b: Arcanine|0 fnt\n|faint|p1b: Arcanine\n|\n|win|OrangeObama\n|raw|Asdffggffdssadf's rating: 1329 &rarr; <strong>1304<\/strong><br \/>(-25 for losing)\n|raw|OrangeObama's rating: 1240 &rarr; <strong>1271<\/strong><br \/>(+31 for winning)\n|l|\u2606Asdffggffdssadf\n|c|\u2606OrangeObama|gg\n","uploadtime":1701003799,"views":4,"p1id":"asdffggffdssadf","p2id":"orangeobama","formatid":"gen9vgc2023regulatione","rating":1271,"private":0,"password":""}