{"id":"gen9vgc2023regulatione-1994458118","p1":"E4Mence","p2":"Ashirato","format":"[Gen 9] VGC 2023 Regulation E","log":"|j|\u2606E4Mence\n|j|\u2606Ashirato\n|t:|1700446195\n|gametype|doubles\n|player|p1|E4Mence|170|1204\n|player|p2|Ashirato|ghetsis|1159\n|teamsize|p1|6\n|teamsize|p2|6\n|gen|9\n|tier|[Gen 9] VGC 2023 Regulation E\n|rated|\n|rule|Species Clause: Limit one of each Pok\u00e9mon\n|rule|Item Clause: Limit one of each item\n|clearpoke\n|poke|p1|Tauros-Paldea-Blaze, L50, M|\n|poke|p1|Ogerpon, L50, F|\n|poke|p1|Iron Bundle, L50|\n|poke|p1|Indeedee-F, L50, F|\n|poke|p1|Urshifu-*, L50, M|\n|poke|p1|Sneasler, L50, F|\n|poke|p2|Tyranitar, L50, M|\n|poke|p2|Lycanroc, L50, M|\n|poke|p2|Rotom-Heat, L50|\n|poke|p2|Annihilape, L50, M|\n|poke|p2|Dondozo, L50, F|\n|poke|p2|Tatsugiri, L50, M|\n|teampreview|4\n|\n|t:|1700446227\n|start\n|switch|p1a: Iron Bundle|Iron Bundle, L50|100\/100\n|switch|p1b: Ogerpon|Ogerpon, L50, F|100\/100\n|switch|p2a: Tyranitar|Tyranitar, L50, M|100\/100\n|switch|p2b: Annihilape|Annihilape, L50, M|100\/100\n|-weather|Sandstorm|[from] ability: Sand Stream|[of] p2a: Tyranitar\n|-enditem|p1a: Iron Bundle|Booster Energy\n|-activate|p1a: Iron Bundle|ability: Quark Drive|[fromitem]\n|-start|p1a: Iron Bundle|quarkdrivespe\n|turn|1\n|\n|t:|1700446254\n|-terastallize|p2a: Tyranitar|Flying\n|move|p1a: Iron Bundle|Protect|p1a: Iron Bundle\n|-singleturn|p1a: Iron Bundle|Protect\n|move|p1b: Ogerpon|Protect|p1b: Ogerpon\n|-singleturn|p1b: Ogerpon|Protect\n|move|p2b: Annihilape|Final Gambit|p1a: Iron Bundle\n|-activate|p1a: Iron Bundle|move: Protect\n|move|p2a: Tyranitar|Tera Blast|p1b: Ogerpon|[anim] Tera Blast Flying\n|-activate|p1b: Ogerpon|move: Protect\n|\n|-weather|Sandstorm|[upkeep]\n|-damage|p1a: Iron Bundle|94\/100|[from] Sandstorm\n|-damage|p2b: Annihilape|95\/100|[from] Sandstorm\n|-damage|p1b: Ogerpon|95\/100|[from] Sandstorm\n|-damage|p2a: Tyranitar|95\/100|[from] Sandstorm\n|upkeep\n|turn|2\n|\n|t:|1700446277\n|switch|p2b: Rotom|Rotom-Heat, L50|100\/100\n|switch|p1b: Sneasler|Sneasler, L50, F|100\/100\n|-terastallize|p1a: Iron Bundle|Ghost\n|move|p1a: Iron Bundle|Freeze-Dry|p2a: Tyranitar\n|-supereffective|p2a: Tyranitar\n|-damage|p2a: Tyranitar|57\/100\n|move|p2a: Tyranitar|Tera Blast|p1b: Sneasler|[anim] Tera Blast Flying\n|-supereffective|p1b: Sneasler\n|-damage|p1b: Sneasler|0 fnt\n|faint|p1b: Sneasler\n|\n|-weather|Sandstorm|[upkeep]\n|-damage|p1a: Iron Bundle|88\/100|[from] Sandstorm\n|-damage|p2b: Rotom|95\/100|[from] Sandstorm\n|-damage|p2a: Tyranitar|51\/100|[from] Sandstorm\n|upkeep\n|\n|t:|1700446289\n|switch|p1b: Urshifu|Urshifu, L50, M|100\/100\n|turn|3\n|\n|t:|1700446305\n|move|p1a: Iron Bundle|Icy Wind|p2b: Rotom|[spread] p2a,p2b\n|-supereffective|p2a: Tyranitar\n|-resisted|p2b: Rotom\n|-damage|p2a: Tyranitar|30\/100\n|-damage|p2b: Rotom|83\/100\n|-unboost|p2a: Tyranitar|spe|1\n|-unboost|p2b: Rotom|spe|1\n|move|p1b: Urshifu|Wicked Blow|p2a: Tyranitar\n|-crit|p2a: Tyranitar\n|-damage|p2a: Tyranitar|0 fnt\n|faint|p2a: Tyranitar\n|move|p2b: Rotom|Volt Switch|p1a: Iron Bundle\n|-crit|p1a: Iron Bundle\n|-damage|p1a: Iron Bundle|0 fnt\n|faint|p1a: Iron Bundle\n|-end|p1a: Iron Bundle|Quark Drive|[silent]\n|\n|t:|1700446319\n|switch|p2b: Lycanroc|Lycanroc, L50, M|100\/100|[from] Volt Switch\n|\n|-weather|Sandstorm|[upkeep]\n|-damage|p1b: Urshifu|95\/100|[from] Sandstorm\n|upkeep\n|\n|t:|1700446329\n|switch|p1a: Ogerpon|Ogerpon, L50, F|95\/100\n|switch|p2a: Annihilape|Annihilape, L50, M|95\/100\n|turn|4\n|\n|t:|1700446337\n|move|p1a: Ogerpon|Protect|p1a: Ogerpon\n|-singleturn|p1a: Ogerpon|Protect\n|move|p1b: Urshifu|Protect|p1b: Urshifu\n|-singleturn|p1b: Urshifu|Protect\n|move|p2b: Lycanroc|Close Combat|p1b: Urshifu\n|-activate|p1b: Urshifu|move: Protect\n|move|p2a: Annihilape|Final Gambit|p1a: Ogerpon\n|-activate|p1a: Ogerpon|move: Protect\n|\n|-weather|Sandstorm|[upkeep]\n|-damage|p2a: Annihilape|89\/100|[from] Sandstorm\n|-damage|p1a: Ogerpon|89\/100|[from] Sandstorm\n|-damage|p1b: Urshifu|89\/100|[from] Sandstorm\n|upkeep\n|turn|5\n|\n|t:|1700446354\n|move|p1b: Urshifu|Sucker Punch|p2a: Annihilape\n|-damage|p2a: Annihilape|40\/100\n|move|p2b: Lycanroc|Close Combat|p1b: Urshifu\n|-supereffective|p1b: Urshifu\n|-damage|p1b: Urshifu|10\/100\n|-unboost|p2b: Lycanroc|def|1\n|-unboost|p2b: Lycanroc|spd|1\n|move|p2a: Annihilape|Final Gambit|p1a: Ogerpon\n|-damage|p1a: Ogerpon|34\/100\n|faint|p2a: Annihilape\n|move|p1a: Ogerpon|Ivy Cudgel|p2b: Lycanroc\n|-supereffective|p2b: Lycanroc\n|-crit|p2b: Lycanroc\n|-enditem|p2b: Lycanroc|Focus Sash\n|-damage|p2b: Lycanroc|1\/100\n|\n|-weather|none\n|upkeep\n|\n|t:|1700446372\n|switch|p2a: Rotom|Rotom-Heat, L50|83\/100\n|turn|6\n|\n|t:|1700446404\n|move|p2b: Lycanroc|Endure|p2b: Lycanroc\n|-singleturn|p2b: Lycanroc|move: Endure\n|move|p1b: Urshifu|Sucker Punch|p2a: Rotom\n|-damage|p2a: Rotom|23\/100\n|move|p1a: Ogerpon|Knock Off|p2a: Rotom\n|-damage|p2a: Rotom|0 fnt\n|-enditem|p2a: Rotom|Choice Specs|[from] move: Knock Off|[of] p1a: Ogerpon\n|faint|p2a: Rotom\n|\n|upkeep\n|turn|7\n|-message|Ashirato forfeited.\n|\n|win|E4Mence\n|raw|E4Mence's rating: 1204 &rarr; <strong>1226<\/strong><br \/>(+22 for winning)\n|raw|Ashirato's rating: 1159 &rarr; <strong>1137<\/strong><br \/>(-22 for losing)\n|l|\u2606Ashirato\n","uploadtime":1700446419,"views":5,"p1id":"e4mence","p2id":"ashirato","formatid":"gen9vgc2023regulatione","rating":1137,"private":0,"password":""}