{"id":"gen9vgc2023regulatione-1994930351","p1":"The Pringle Pirate","p2":"That_Leek","format":"[Gen 9] VGC 2023 Regulation E","log":"|j|\u2606The Pringle Pirate\n|j|\u2606That_Leek\n|t:|1700505658\n|gametype|doubles\n|player|p1|The Pringle Pirate|sailor|1526\n|player|p2|That_Leek|blue|1511\n|teamsize|p1|6\n|teamsize|p2|6\n|gen|9\n|tier|[Gen 9] VGC 2023 Regulation E\n|rated|\n|rule|Species Clause: Limit one of each Pok\u00e9mon\n|rule|Item Clause: Limit one of each item\n|clearpoke\n|poke|p1|Sandy Shocks, L50|\n|poke|p1|Espathra, L50, F|\n|poke|p1|Brute Bonnet, L50|\n|poke|p1|Arcanine-Hisui, L50, F|\n|poke|p1|Sylveon, L50, F|\n|poke|p1|Basculegion, L50, M|\n|poke|p2|Gholdengo, L50|\n|poke|p2|Ogerpon-Wellspring, L50, F|\n|poke|p2|Arcanine-Hisui, L50, M|\n|poke|p2|Chien-Pao, L50|\n|poke|p2|Scream Tail, L50|\n|poke|p2|Dragonite, L50, M|\n|teampreview|4\nThat_Leek has agreed to open team sheets.\n|inactive|Battle timer is ON: inactive players will automatically lose when time's up. (requested by That_Leek)\n|\n|t:|1700505680\n|start\n|switch|p1a: Brute Bonnet|Brute Bonnet, L50|100\/100\n|switch|p1b: Sylveon|Sylveon, L50, F|100\/100\n|switch|p2a: Scream Tail|Scream Tail, L50|100\/100\n|switch|p2b: Arcanine|Arcanine-Hisui, L50, M|100\/100\n|-ability|p2b: Arcanine|Intimidate|boost\n|-unboost|p1a: Brute Bonnet|atk|1\n|-unboost|p1b: Sylveon|atk|1\n|-enditem|p2a: Scream Tail|Booster Energy\n|-activate|p2a: Scream Tail|ability: Protosynthesis|[fromitem]\n|-start|p2a: Scream Tail|protosynthesisspe\n|turn|1\n|\n|t:|1700505695\n|-end|p1a: Brute Bonnet|Protosynthesis|[silent]\n|switch|p1a: Basculegion|Basculegion, L50, M|100\/100\n|move|p2a: Scream Tail|Thunder Wave|p1b: Sylveon\n|-status|p1b: Sylveon|par\n|move|p2b: Arcanine|Rock Slide|p1b: Sylveon|[spread] p1a,p1b\n|-damage|p1a: Basculegion|48\/100\n|-damage|p1b: Sylveon|45\/100 par\n|move|p1b: Sylveon|Hyper Voice|p2a: Scream Tail|[spread] p2a,p2b\n|-resisted|p2b: Arcanine\n|-damage|p2a: Scream Tail|55\/100\n|-damage|p2b: Arcanine|62\/100\n|\n|upkeep\n|turn|2\n|inactive|That_Leek has 30 seconds left.\n|\n|t:|1700505724\n|move|p1a: Basculegion|Aqua Jet|p2b: Arcanine\n|-supereffective|p2b: Arcanine\n|-damage|p2b: Arcanine|0 fnt\n|faint|p2b: Arcanine\n|move|p2a: Scream Tail|Thunder Wave|p1a: Basculegion\n|-status|p1a: Basculegion|par\n|move|p1b: Sylveon|Hyper Voice|p2a: Scream Tail\n|-damage|p2a: Scream Tail|0 fnt\n|faint|p2a: Scream Tail\n|-end|p2a: Scream Tail|Protosynthesis|[silent]\n|\n|upkeep\n|\n|t:|1700505727\n|switch|p2a: Ogerpon|Ogerpon-Wellspring, L50, F|100\/100\n|switch|p2b: Chien-Pao|Chien-Pao, L50|100\/100\n|-ability|p2b: Chien-Pao|Sword of Ruin\n|turn|3\n|\n|t:|1700505743\n|switch|p1a: Brute Bonnet|Brute Bonnet, L50|100\/100\n|move|p2b: Chien-Pao|Sucker Punch||[still]\n|-fail|p2b: Chien-Pao\n|move|p2a: Ogerpon|Ivy Cudgel|p1b: Sylveon|[anim] Ivy Cudgel Water\n|-damage|p1b: Sylveon|0 fnt\n|faint|p1b: Sylveon\n|\n|upkeep\n|\n|t:|1700505750\n|switch|p1b: Sandy Shocks|Sandy Shocks, L50|100\/100\n|-enditem|p1b: Sandy Shocks|Booster Energy\n|-activate|p1b: Sandy Shocks|ability: Protosynthesis|[fromitem]\n|-start|p1b: Sandy Shocks|protosynthesisspe\n|turn|4\n|\n|t:|1700505769\n|move|p2a: Ogerpon|Follow Me|p2a: Ogerpon\n|-singleturn|p2a: Ogerpon|move: Follow Me\n|move|p1a: Brute Bonnet|Rage Powder|p1a: Brute Bonnet\n|-singleturn|p1a: Brute Bonnet|move: Rage Powder\n|move|p1b: Sandy Shocks|Thunderbolt|p2a: Ogerpon\n|-damage|p2a: Ogerpon|56\/100\n|move|p2b: Chien-Pao|Ice Spinner|p1a: Brute Bonnet\n|-supereffective|p1a: Brute Bonnet\n|-damage|p1a: Brute Bonnet|31\/100\n|-damage|p2b: Chien-Pao|84\/100|[from] item: Rocky Helmet|[of] p1a: Brute Bonnet\n|\n|upkeep\n|turn|5\n|inactive|The Pringle Pirate has 30 seconds left.\n|\n|t:|1700505798\n|-terastallize|p1b: Sandy Shocks|Water\n|move|p1a: Brute Bonnet|Rage Powder|p1a: Brute Bonnet\n|-singleturn|p1a: Brute Bonnet|move: Rage Powder\n|move|p1b: Sandy Shocks|Thunderbolt|p2a: Ogerpon\n|-damage|p2a: Ogerpon|17\/100\n|move|p2b: Chien-Pao|Ice Spinner|p1a: Brute Bonnet\n|-supereffective|p1a: Brute Bonnet\n|-damage|p1a: Brute Bonnet|0 fnt\n|-damage|p2b: Chien-Pao|68\/100|[from] item: Rocky Helmet|[of] p1a: Brute Bonnet\n|faint|p1a: Brute Bonnet\n|-end|p1a: Brute Bonnet|Protosynthesis|[silent]\n|move|p2a: Ogerpon|Horn Leech|p1b: Sandy Shocks\n|-supereffective|p1b: Sandy Shocks\n|-damage|p1b: Sandy Shocks|0 fnt\n|-heal|p2a: Ogerpon|61\/100|[from] drain|[of] p1b: Sandy Shocks\n|faint|p1b: Sandy Shocks\n|-end|p1b: Sandy Shocks|Protosynthesis|[silent]\n|\n|upkeep\n|\n|t:|1700505808\n|switch|p1b: Basculegion|Basculegion, L50, M|48\/100 par\n|turn|6\n|-message|The Pringle Pirate forfeited.\n|\n|win|That_Leek\n|raw|The Pringle Pirate's rating: 1526 &rarr; <strong>1505<\/strong><br \/>(-21 for losing)\n|raw|That_Leek's rating: 1511 &rarr; <strong>1532<\/strong><br \/>(+21 for winning)\n|l|\u2606The Pringle Pirate\n","uploadtime":1700505838,"views":1,"p1id":"thepringlepirate","p2id":"thatleek","formatid":"gen9vgc2023regulatione","rating":1505,"private":0,"password":""}