{"id":"gen9vgc2023regulatione-1998546436","p1":"jomagames12","p2":"jaykabuie","format":"[Gen 9] VGC 2023 Regulation E","log":"|j|\u2606jomagames12\n|j|\u2606jaykabuie\n|t:|1700954727\n|gametype|doubles\n|player|p1|jomagames12|giovanni|1216\n|player|p2|jaykabuie|265|1206\n|teamsize|p1|6\n|teamsize|p2|6\n|gen|9\n|tier|[Gen 9] VGC 2023 Regulation E\n|rated|\n|rule|Species Clause: Limit one of each Pok\u00e9mon\n|rule|Item Clause: Limit one of each item\n|clearpoke\n|poke|p1|Chi-Yu, L50|\n|poke|p1|Sinistcha, L50|\n|poke|p1|Tornadus, L50, M|\n|poke|p1|Indeedee, L50, M|\n|poke|p1|Ogerpon-Wellspring, L50, F|\n|poke|p1|Chien-Pao, L50|\n|poke|p2|Sneasler, L50, M|\n|poke|p2|Indeedee-F, L50, F|\n|poke|p2|Armarouge, L50, M|\n|poke|p2|Urshifu-*, L50, M|\n|poke|p2|Chien-Pao, L50|\n|poke|p2|Tornadus, L50, M|\n|teampreview|4\n|\n|t:|1700954767\n|start\n|switch|p1a: Tornadus|Tornadus, L50, M|100\/100\n|switch|p1b: Chien-Pao|Chien-Pao, L50|100\/100\n|switch|p2a: Tornadus|Tornadus, L50, M|100\/100\n|switch|p2b: Chien-Pao|Chien-Pao, L50|100\/100\n|-ability|p1b: Chien-Pao|Sword of Ruin\n|-ability|p2b: Chien-Pao|Sword of Ruin\n|turn|1\n|\n|t:|1700954791\n|move|p2a: Tornadus|Protect|p2a: Tornadus\n|-singleturn|p2a: Tornadus|Protect\n|move|p1a: Tornadus|Taunt|p2a: Tornadus\n|-activate|p2a: Tornadus|move: Protect\n|move|p1b: Chien-Pao|Ice Spinner|p2a: Tornadus\n|-activate|p2a: Tornadus|move: Protect\n|move|p2b: Chien-Pao|Icicle Crash|p1a: Tornadus\n|-supereffective|p1a: Tornadus\n|-damage|p1a: Tornadus|0 fnt\n|faint|p1a: Tornadus\n|-damage|p2b: Chien-Pao|91\/100|[from] item: Life Orb\n|\n|upkeep\n|\n|t:|1700954796\n|switch|p1a: Chi-Yu|Chi-Yu, L50|100\/100\n|-ability|p1a: Chi-Yu|Beads of Ruin\n|turn|2\n|\n|t:|1700954817\n|-terastallize|p1a: Chi-Yu|Fire\n|move|p2a: Tornadus|Tailwind|p2a: Tornadus\n|-sidestart|p2: jaykabuie|move: Tailwind\n|move|p2b: Chien-Pao|Crunch|p1b: Chien-Pao\n|-resisted|p1b: Chien-Pao\n|-damage|p1b: Chien-Pao|68\/100\n|-unboost|p1b: Chien-Pao|def|1\n|-damage|p2b: Chien-Pao|81\/100|[from] item: Life Orb\n|move|p1b: Chien-Pao|Icy Wind|p2b: Chien-Pao|[spread] p2a,p2b\n|-supereffective|p2a: Tornadus\n|-resisted|p2b: Chien-Pao\n|-damage|p2a: Tornadus|54\/100\n|-damage|p2b: Chien-Pao|69\/100\n|-unboost|p2a: Tornadus|spe|1\n|-unboost|p2b: Chien-Pao|spe|1\n|move|p1a: Chi-Yu|Heat Wave|p2b: Chien-Pao|[spread] p2a,p2b\n|-supereffective|p2b: Chien-Pao\n|-damage|p2a: Tornadus|0 fnt\n|-damage|p2b: Chien-Pao|0 fnt\n|faint|p2a: Tornadus\n|faint|p2b: Chien-Pao\n|-damage|p1a: Chi-Yu|91\/100|[from] item: Life Orb\n|\n|upkeep\n|\n|t:|1700954825\n|switch|p2b: Sneasler|Sneasler, L50, M|100\/100\n|switch|p2a: Indeedee|Indeedee-F, L50, F|100\/100\n|-fieldstart|move: Psychic Terrain|[from] ability: Psychic Surge|[of] p2a: Indeedee\n|-enditem|p2b: Sneasler|Psychic Seed\n|-boost|p2b: Sneasler|spd|1|[from] item: Psychic Seed\n|turn|3\n|\n|t:|1700954856\n|-terastallize|p2b: Sneasler|Rock\n|move|p2a: Indeedee|Helping Hand|p2b: Sneasler\n|-singleturn|p2b: Sneasler|Helping Hand|[of] p2a: Indeedee\n|move|p2b: Sneasler|Rock Slide|p1a: Chi-Yu|[spread] p1a,p1b\n|-supereffective|p1a: Chi-Yu\n|-supereffective|p1b: Chien-Pao\n|-damage|p1a: Chi-Yu|0 fnt\n|-damage|p1b: Chien-Pao|0 fnt\n|faint|p1a: Chi-Yu\n|faint|p1b: Chien-Pao\n|\n|upkeep\n|\n|t:|1700954865\n|switch|p1b: Sinistcha|Sinistcha, L50|100\/100\n|turn|4\n|\n|t:|1700954872\n|move|p2a: Indeedee|Follow Me|p2a: Indeedee\n|-singleturn|p2a: Indeedee|move: Follow Me\n|move|p2b: Sneasler|Dire Claw|p2a: Indeedee\n|-damage|p2a: Indeedee|56\/100\n|-damage|p2b: Sneasler|84\/100|[from] item: Rocky Helmet|[of] p2a: Indeedee\n|move|p1b: Sinistcha|Matcha Gotcha|p2b: Sneasler|[spread] p2a,p2b\n|-supereffective|p2b: Sneasler\n|-damage|p2a: Indeedee|30\/100\n|-damage|p2b: Sneasler|34\/100\n|-status|p2b: Sneasler|brn\n|\n|-damage|p2b: Sneasler|28\/100 brn|[from] brn\n|upkeep\n|turn|5\n|c|\u2606jaykabuie|I misclicked :(\n|l|\u2606jomagames12\n|player|p1|\n|inactive|Battle timer is ON: inactive players will automatically lose when time's up. (requested by jaykabuie)\n|j| riplubbock\n|inactive|jomagames12 has 30 seconds to reconnect!\n|inactive|jomagames12 has 20 seconds to reconnect!\n|inactive|jomagames12 has 15 seconds to reconnect!\n|inactive|jomagames12 has 10 seconds to reconnect!\n|inactive|jomagames12 has 5 seconds to reconnect!\n|j|\u2606jomagames12\n|inactive|jomagames12 reconnected and has 35 seconds left.\n|player|p1|jomagames12|giovanni\n|\n|t:|1700955043\n|move|p2a: Indeedee|Helping Hand|p2b: Sneasler\n|-singleturn|p2b: Sneasler|Helping Hand|[of] p2a: Indeedee\n|move|p2b: Sneasler|Dire Claw|p1b: Sinistcha\n|-damage|p1b: Sinistcha|71\/100\n|-status|p1b: Sinistcha|par\n|move|p1b: Sinistcha|Matcha Gotcha|p2b: Sneasler|[spread] p2a\n|-miss|p1b: Sinistcha|p2b: Sneasler\n|-damage|p2a: Indeedee|4\/100\n|-heal|p1b: Sinistcha|84\/100 par|[from] drain|[of] p2a: Indeedee\n|\n|-damage|p2b: Sneasler|22\/100 brn|[from] brn\n|-sideend|p2: jaykabuie|move: Tailwind\n|upkeep\n|turn|6\n|\n|t:|1700955058\n|move|p2b: Sneasler|Dire Claw|p1b: Sinistcha\n|-damage|p1b: Sinistcha|67\/100 par\n|move|p2a: Indeedee|Psyshock|p1b: Sinistcha\n|-damage|p1b: Sinistcha|39\/100 par\n|move|p1b: Sinistcha|Matcha Gotcha|p2b: Sneasler|[spread] p2a,p2b\n|-supereffective|p2b: Sneasler\n|-damage|p2a: Indeedee|0 fnt\n|-heal|p1b: Sinistcha|40\/100 par|[from] drain|[of] p2a: Indeedee\n|-damage|p2b: Sneasler|0 fnt\n|-heal|p1b: Sinistcha|50\/100 par|[from] drain|[of] p2b: Sneasler\n|faint|p2a: Indeedee\n|faint|p2b: Sneasler\n|\n|win|jomagames12\n|raw|jomagames12's rating: 1216 &rarr; <strong>1240<\/strong><br \/>(+24 for winning)\n|raw|jaykabuie's rating: 1206 &rarr; <strong>1182<\/strong><br \/>(-24 for losing)\n|l|\u2606jaykabuie\n","uploadtime":1700955082,"views":6,"p1id":"jomagames12","p2id":"jaykabuie","formatid":"gen9vgc2023regulatione","rating":1182,"private":0,"password":""}