{"id":"gen9vgc2023regulatione-1993210176","p1":"FredRekt","p2":"huffingkoffinggas","format":"[Gen 9] VGC 2023 Regulation E","log":"|j|\u2606FredRekt\n|j|\u2606huffingkoffinggas\n|t:|1700278467\n|gametype|doubles\n|player|p1|FredRekt|266|1117\n|player|p2|huffingkoffinggas|medium|1205\n|teamsize|p1|6\n|teamsize|p2|6\n|gen|9\n|tier|[Gen 9] VGC 2023 Regulation E\n|rated|\n|rule|Species Clause: Limit one of each Pok\u00e9mon\n|rule|Item Clause: Limit one of each item\n|clearpoke\n|poke|p1|Dusclops, L50, M|\n|poke|p1|Vikavolt, L50, F|\n|poke|p1|Snorlax, L50, M|\n|poke|p1|Crawdaunt, L50, F|\n|poke|p1|Breloom, L50, M|\n|poke|p1|Arcanine-Hisui, L50, F|\n|poke|p2|Ursaluna-Bloodmoon, L50, M|\n|poke|p2|Iron Bundle, L50|\n|poke|p2|Ogerpon, L50, F|\n|poke|p2|Sableye, L50, M|\n|poke|p2|Landorus, L50, M|\n|poke|p2|Tyranitar, L50, M|\n|teampreview|4\n|inactive|Battle timer is ON: inactive players will automatically lose when time's up. (requested by huffingkoffinggas)\n|inactive|FredRekt has 60 seconds left.\n|inactive|huffingkoffinggas has 60 seconds left.\n|\n|t:|1700278510\n|start\n|switch|p1a: Dusclops|Dusclops, L50, M|100\/100\n|switch|p1b: Vikavolt|Vikavolt, L50, F|100\/100\n|switch|p2a: Iron Bundle|Iron Bundle, L50|100\/100\n|switch|p2b: Ogerpon|Ogerpon, L50, F|100\/100\n|-item|p2a: Iron Bundle|Booster Energy|[from] ability: Frisk|[of] p1a: Dusclops|[identify]\n|-item|p2b: Ogerpon|Miracle Seed|[from] ability: Frisk|[of] p1a: Dusclops|[identify]\n|-enditem|p2a: Iron Bundle|Booster Energy\n|-activate|p2a: Iron Bundle|ability: Quark Drive|[fromitem]\n|-start|p2a: Iron Bundle|quarkdrivespe\n|turn|1\n|\n|t:|1700278535\n|switch|p2b: Ursaluna|Ursaluna-Bloodmoon, L50, M|100\/100\n|move|p2a: Iron Bundle|Hydro Pump|p1b: Vikavolt|[miss]\n|-miss|p2a: Iron Bundle|p1b: Vikavolt\n|move|p1b: Vikavolt|Thunderbolt|p2a: Iron Bundle\n|-supereffective|p2a: Iron Bundle\n|-damage|p2a: Iron Bundle|0 fnt\n|faint|p2a: Iron Bundle\n|-end|p2a: Iron Bundle|Quark Drive|[silent]\n|move|p1a: Dusclops|Trick Room|p1a: Dusclops\n|-fieldstart|move: Trick Room|[of] p1a: Dusclops\n|\n|upkeep\n|\n|t:|1700278549\n|switch|p2a: Tyranitar|Tyranitar, L50, M|100\/100\n|-weather|Sandstorm|[from] ability: Sand Stream|[of] p2a: Tyranitar\n|turn|2\n|\n|t:|1700278563\n|move|p1a: Dusclops|Will-O-Wisp|p2a: Tyranitar\n|-status|p2a: Tyranitar|brn\n|move|p2b: Ursaluna|Hyper Voice|p1a: Dusclops|[spread] p1a,p1b\n|-damage|p1a: Dusclops|80\/100\n|-damage|p1b: Vikavolt|50\/100\n|-enditem|p2b: Ursaluna|Throat Spray\n|-boost|p2b: Ursaluna|spa|1|[from] item: Throat Spray\n|move|p1b: Vikavolt|Thunderbolt|p2a: Tyranitar\n|-damage|p2a: Tyranitar|66\/100 brn\n|move|p2a: Tyranitar|Knock Off|p1b: Vikavolt\n|-damage|p1b: Vikavolt|24\/100\n|-enditem|p1b: Vikavolt|Choice Specs|[from] move: Knock Off|[of] p2a: Tyranitar\n|\n|-weather|Sandstorm|[upkeep]\n|-damage|p1a: Dusclops|74\/100|[from] Sandstorm\n|-damage|p1b: Vikavolt|18\/100|[from] Sandstorm\n|-damage|p2a: Tyranitar|60\/100 brn|[from] brn\n|upkeep\n|turn|3\n|\n|t:|1700278583\n|move|p1a: Dusclops|Will-O-Wisp|p2b: Ursaluna\n|-status|p2b: Ursaluna|brn\n|move|p2b: Ursaluna|Hyper Voice|p1b: Vikavolt|[spread] p1a,p1b\n|-damage|p1a: Dusclops|47\/100\n|-damage|p1b: Vikavolt|0 fnt\n|faint|p1b: Vikavolt\n|move|p2a: Tyranitar|Rock Slide|p1a: Dusclops\n|-damage|p1a: Dusclops|35\/100\n|\n|-weather|Sandstorm|[upkeep]\n|-damage|p1a: Dusclops|29\/100|[from] Sandstorm\n|-damage|p2b: Ursaluna|94\/100 brn|[from] brn\n|-damage|p2a: Tyranitar|54\/100 brn|[from] brn\n|upkeep\n|\n|t:|1700278598\n|switch|p1b: Crawdaunt|Crawdaunt, L50, F|100\/100\n|turn|4\n|\n|t:|1700278616\n|-terastallize|p2b: Ursaluna|Fairy\n|move|p1b: Crawdaunt|Aqua Jet|p2b: Ursaluna\n|-damage|p2b: Ursaluna|66\/100 brn\n|-damage|p1b: Crawdaunt|90\/100|[from] item: Life Orb\n|move|p1a: Dusclops|Pain Split|p2b: Ursaluna\n|-sethp|p2b: Ursaluna|44\/100 brn|[from] move: Pain Split|[silent]\n|-sethp|p1a: Dusclops|58\/100|[from] move: Pain Split\n|move|p2b: Ursaluna|Hyper Voice|p1b: Crawdaunt|[spread] p1a,p1b\n|-damage|p1a: Dusclops|31\/100\n|-damage|p1b: Crawdaunt|0 fnt\n|faint|p1b: Crawdaunt\n|move|p2a: Tyranitar|Knock Off|p1a: Dusclops\n|-supereffective|p1a: Dusclops\n|-damage|p1a: Dusclops|0 fnt\n|-enditem|p1a: Dusclops|Eviolite|[from] move: Knock Off|[of] p2a: Tyranitar\n|faint|p1a: Dusclops\n|\n|-weather|Sandstorm|[upkeep]\n|-damage|p2b: Ursaluna|38\/100 brn|[from] Sandstorm\n|-damage|p2b: Ursaluna|32\/100 brn|[from] brn\n|-damage|p2a: Tyranitar|48\/100 brn|[from] brn\n|upkeep\n|\n|t:|1700278629\n|switch|p1a: Breloom|Breloom, L50, M|100\/100\n|turn|5\n|\n|t:|1700278639\n|move|p1a: Breloom|Mach Punch|p2a: Tyranitar\n|-supereffective|p2a: Tyranitar\n|-damage|p2a: Tyranitar|0 fnt\n|faint|p2a: Tyranitar\n|move|p2b: Ursaluna|Moonblast|p1a: Breloom\n|-supereffective|p1a: Breloom\n|-damage|p1a: Breloom|0 fnt\n|faint|p1a: Breloom\n|\n|win|huffingkoffinggas\n|raw|FredRekt's rating: 1117 &rarr; <strong>1098<\/strong><br \/>(-19 for losing)\n|raw|huffingkoffinggas's rating: 1205 &rarr; <strong>1224<\/strong><br \/>(+19 for winning)\n","uploadtime":1700278644,"views":28,"p1id":"fredrekt","p2id":"huffingkoffinggas","formatid":"gen9vgc2023regulatione","rating":1098,"private":0,"password":""}