{"id":"gen9vgc2023regulatione-1997531846","p1":"Chyronia2","p2":"ivoryplat","format":"[Gen 9] VGC 2023 Regulation E","log":"|j|\u2606Chyronia2\n|j|\u2606ivoryplat\n|t:|1700821212\n|gametype|doubles\n|player|p1|Chyronia2|102|1205\n|player|p2|ivoryplat|2|1212\n|teamsize|p1|6\n|teamsize|p2|6\n|gen|9\n|tier|[Gen 9] VGC 2023 Regulation E\n|rated|\n|rule|Species Clause: Limit one of each Pok\u00e9mon\n|rule|Item Clause: Limit one of each item\n|clearpoke\n|poke|p1|Regieleki, L50|\n|poke|p1|Rillaboom, L50, M|\n|poke|p1|Pelipper, L50, M|\n|poke|p1|Munkidori, L50, M|\n|poke|p1|Landorus-Therian, L50, M|\n|poke|p1|Urshifu-*, L50, M|\n|poke|p2|Ogerpon-Wellspring, L50, F|\n|poke|p2|Arcanine-Hisui, L50, M|\n|poke|p2|Gholdengo, L50|\n|poke|p2|Roaring Moon, L50|\n|poke|p2|Zapdos, L50|\n|poke|p2|Enamorus, L50, F|\n|teampreview|4\n|inactive|Battle timer is ON: inactive players will automatically lose when time's up. (requested by Chyronia2)\nChyronia2 has agreed to open team sheets.\n|inactive|Chyronia2 has 60 seconds left.\n|\n|t:|1700821328\n|start\n|switch|p1a: Regieleki|Regieleki, L50|100\/100\n|switch|p1b: Munkidori|Munkidori, L50, M|100\/100\n|switch|p2a: Gholdengo|Gholdengo, L50|100\/100\n|switch|p2b: Enamorus|Enamorus, L50, F|100\/100\n|turn|1\n|\n|t:|1700821350\n|switch|p1b: Pelipper|Pelipper, L50, M|100\/100\n|-weather|RainDance|[from] ability: Drizzle|[of] p1b: Pelipper\n|-terastallize|p1a: Regieleki|Electric\n|move|p2b: Enamorus|Protect|p2b: Enamorus\n|-singleturn|p2b: Enamorus|Protect\n|move|p1a: Regieleki|Thunder|p2b: Enamorus\n|-activate|p2b: Enamorus|move: Protect\n|move|p2a: Gholdengo|Nasty Plot|p2a: Gholdengo\n|-boost|p2a: Gholdengo|spa|2\n|\n|-weather|RainDance|[upkeep]\n|upkeep\n|turn|2\n|\n|t:|1700821368\n|switch|p2b: Zapdos|Zapdos, L50|100\/100\n|move|p1a: Regieleki|Thunder|p2b: Zapdos\n|-damage|p2b: Zapdos|0 fnt\n|faint|p2b: Zapdos\n|move|p2a: Gholdengo|Make It Rain|p1a: Regieleki|[spread] p1a,p1b\n|-resisted|p1a: Regieleki\n|-resisted|p1b: Pelipper\n|-damage|p1a: Regieleki|23\/100\n|-damage|p1b: Pelipper|35\/100\n|-unboost|p2a: Gholdengo|spa|1\n|-enditem|p1b: Pelipper|Sitrus Berry|[eat]\n|-heal|p1b: Pelipper|60\/100|[from] item: Sitrus Berry\n|move|p1b: Pelipper|Chilling Water|p2a: Gholdengo\n|-damage|p2a: Gholdengo|77\/100\n|-unboost|p2a: Gholdengo|atk|1\n|\n|-weather|RainDance|[upkeep]\n|-heal|p2a: Gholdengo|83\/100|[from] item: Leftovers\n|upkeep\n|\n|t:|1700821383\n|switch|p2b: Roaring Moon|Roaring Moon, L50, shiny|100\/100\n|-enditem|p2b: Roaring Moon|Booster Energy\n|-activate|p2b: Roaring Moon|ability: Protosynthesis|[fromitem]\n|-start|p2b: Roaring Moon|protosynthesisspe\n|turn|3\n|\n|t:|1700821404\n|move|p2b: Roaring Moon|Acrobatics|p1a: Regieleki\n|-resisted|p1a: Regieleki\n|-damage|p1a: Regieleki|0 fnt\n|faint|p1a: Regieleki\n|move|p2a: Gholdengo|Make It Rain|p1b: Pelipper\n|-resisted|p1b: Pelipper\n|-damage|p1b: Pelipper|2\/100\n|-unboost|p2a: Gholdengo|spa|1\n|move|p1b: Pelipper|Chilling Water|p2b: Roaring Moon\n|-resisted|p2b: Roaring Moon\n|-damage|p2b: Roaring Moon|88\/100\n|-unboost|p2b: Roaring Moon|atk|1\n|\n|-weather|RainDance|[upkeep]\n|-heal|p2a: Gholdengo|90\/100|[from] item: Leftovers\n|upkeep\n|\n|t:|1700821419\n|switch|p1a: Landorus|Landorus-Therian, L50, M|100\/100\n|-ability|p1a: Landorus|Intimidate|boost\n|-unboost|p2a: Gholdengo|atk|1\n|-unboost|p2b: Roaring Moon|atk|1\n|turn|4\n|inactive|ivoryplat has 30 seconds left.\n|\n|t:|1700821444\n|move|p1b: Pelipper|Protect|p1b: Pelipper\n|-singleturn|p1b: Pelipper|Protect\n|move|p2b: Roaring Moon|Acrobatics|p1a: Landorus\n|-damage|p1a: Landorus|79\/100\n|move|p1a: Landorus|Rock Slide|p2a: Gholdengo|[spread] p2a,p2b\n|-resisted|p2a: Gholdengo\n|-damage|p2a: Gholdengo|79\/100\n|-damage|p2b: Roaring Moon|60\/100\n|cant|p2a: Gholdengo|flinch\n|\n|-weather|RainDance|[upkeep]\n|-heal|p2a: Gholdengo|85\/100|[from] item: Leftovers\n|upkeep\n|turn|5\n|inactive|Chyronia2 has 30 seconds left.\n|inactive|ivoryplat has 30 seconds left.\n|\n|t:|1700821472\n|-terastallize|p2b: Roaring Moon|Poison\n|move|p2b: Roaring Moon|Knock Off|p1a: Landorus\n|-damage|p1a: Landorus|48\/100\n|-enditem|p1a: Landorus|Choice Scarf|[from] move: Knock Off|[of] p2b: Roaring Moon\n|move|p1a: Landorus|Rock Slide|p2b: Roaring Moon|[spread] p2a,p2b\n|-resisted|p2a: Gholdengo\n|-damage|p2a: Gholdengo|74\/100\n|-damage|p2b: Roaring Moon|28\/100\n|cant|p2a: Gholdengo|flinch\n|move|p1b: Pelipper|Chilling Water|p2a: Gholdengo\n|-damage|p2a: Gholdengo|47\/100\n|-unboost|p2a: Gholdengo|atk|1\n|\n|-weather|none\n|-heal|p2a: Gholdengo|53\/100|[from] item: Leftovers\n|upkeep\n|turn|6\n|inactive|Chyronia2 has 30 seconds left.\n|\n|t:|1700821500\n|move|p2b: Roaring Moon|Acrobatics|p1b: Pelipper\n|-damage|p1b: Pelipper|0 fnt\n|faint|p1b: Pelipper\n|move|p1a: Landorus|Rock Slide|p2a: Gholdengo|[spread] p2a,p2b\n|-resisted|p2a: Gholdengo\n|-damage|p2a: Gholdengo|42\/100\n|-damage|p2b: Roaring Moon|0 fnt\n|faint|p2b: Roaring Moon\n|-end|p2b: Roaring Moon|Protosynthesis|[silent]\n|move|p2a: Gholdengo|Make It Rain|p1a: Landorus\n|-damage|p1a: Landorus|0 fnt\n|-unboost|p2a: Gholdengo|spa|1\n|faint|p1a: Landorus\n|\n|-heal|p2a: Gholdengo|48\/100|[from] item: Leftovers\n|upkeep\n|\n|t:|1700821513\n|switch|p2b: Enamorus|Enamorus, L50, F|100\/100\n|switch|p1b: Munkidori|Munkidori, L50, M|100\/100\n|turn|7\n|\n|t:|1700821523\n|move|p2b: Enamorus|Iron Head|p1b: Munkidori\n|-damage|p1b: Munkidori|57\/100\n|-damage|p2b: Enamorus|91\/100|[from] item: Life Orb\n|move|p1b: Munkidori|Sludge Bomb|p2b: Enamorus\n|-supereffective|p2b: Enamorus\n|-damage|p2b: Enamorus|0 fnt\n|faint|p2b: Enamorus\n|move|p2a: Gholdengo|Nasty Plot|p2a: Gholdengo\n|-boost|p2a: Gholdengo|spa|2\n|\n|-heal|p2a: Gholdengo|54\/100|[from] item: Leftovers\n|upkeep\n|turn|8\n|inactive|Chyronia2 has 30 seconds left.\n|l|\u2606Chyronia2\n|inactive|Chyronia2 disconnected and has a minute to reconnect!\n|player|p1|\n|inactive|Chyronia2 has 20 seconds left.\n|j|\u2606Chyronia2\n|inactive|Chyronia2 reconnected and has 20 seconds left.\n|player|p1|Chyronia2|102\n|\n|t:|1700821562\n|move|p1b: Munkidori|Focus Blast|p2a: Gholdengo\n|-immune|p2a: Gholdengo\n|move|p2a: Gholdengo|Shadow Ball|p1b: Munkidori\n|-supereffective|p1b: Munkidori\n|-damage|p1b: Munkidori|0 fnt\n|faint|p1b: Munkidori\n|\n|win|ivoryplat\n|raw|Chyronia2's rating: 1205 &rarr; <strong>1181<\/strong><br \/>(-24 for losing)\n|raw|ivoryplat's rating: 1212 &rarr; <strong>1236<\/strong><br \/>(+24 for winning)\n|l|\u2606Chyronia2\n","uploadtime":1700821575,"views":23,"p1id":"chyronia2","p2id":"ivoryplat","formatid":"gen9vgc2023regulatione","rating":1181,"private":0,"password":""}