{"id":"gen9vgc2023regulatione-1992629618","p1":"Qwano","p2":"Refanner","format":"[Gen 9] VGC 2023 Regulation E","log":"|j|\u2606Qwano\n|j|\u2606Refanner\n|t:|1700217368\n|gametype|doubles\n|player|p1|Qwano|burglar|1298\n|player|p2|Refanner|1|1357\n|teamsize|p1|6\n|teamsize|p2|6\n|gen|9\n|tier|[Gen 9] VGC 2023 Regulation E\n|rated|\n|rule|Species Clause: Limit one of each Pok\u00e9mon\n|rule|Item Clause: Limit one of each item\n|clearpoke\n|poke|p1|Glimmora, L50, F|\n|poke|p1|Articuno-Galar, L50|\n|poke|p1|Kommo-o, L50, F|\n|poke|p1|Fezandipiti, L50, M|\n|poke|p1|Sinistcha, L50|\n|poke|p1|Iron Valiant, L50|\n|poke|p2|Glimmora, L50, M|\n|poke|p2|Urshifu-*, L50, M|\n|poke|p2|Tornadus, L50, M|\n|poke|p2|Ogerpon-Wellspring, L50, F|\n|poke|p2|Landorus-Therian, L50, M|\n|poke|p2|Regieleki, L50|\n|teampreview|4\n|\n|t:|1700217501\n|start\n|switch|p1a: Fezandipiti|Fezandipiti, L50, M|100\/100\n|switch|p1b: Sinistcha|Sinistcha, L50|100\/100\n|switch|p2a: Landorus|Landorus-Therian, L50, M|100\/100\n|switch|p2b: Tornadus|Tornadus, L50, M|100\/100\n|-ability|p2a: Landorus|Intimidate|boost\n|-unboost|p1a: Fezandipiti|atk|1\n|-unboost|p1b: Sinistcha|atk|1\n|turn|1\n|\n|t:|1700217537\n|switch|p1b: Articuno|Articuno-Galar, L50|100\/100\n|move|p2b: Tornadus|Taunt|p1b: Articuno\n|-start|p1b: Articuno|move: Taunt\n|move|p2a: Landorus|Stomping Tantrum|p1a: Fezandipiti\n|-supereffective|p1a: Fezandipiti\n|-damage|p1a: Fezandipiti|0 fnt\n|faint|p1a: Fezandipiti\n|\n|upkeep\n|\n|t:|1700217546\n|switch|p1a: Kommo-o|Kommo-o, L50, F|100\/100\n|turn|2\n|\n|t:|1700217569\n|-terastallize|p1a: Kommo-o|Steel\n|move|p2a: Landorus|Stomping Tantrum|p1a: Kommo-o\n|-supereffective|p1a: Kommo-o\n|-damage|p1a: Kommo-o|43\/100\n|move|p1b: Articuno|Freezing Glare|p2a: Landorus\n|-damage|p2a: Landorus|50\/100\n|move|p2b: Tornadus|Bleakwind Storm|p1b: Articuno|[spread] p1a,p1b\n|-resisted|p1a: Kommo-o\n|-damage|p1a: Kommo-o|29\/100\n|-damage|p1b: Articuno|64\/100\n|move|p1a: Kommo-o|Iron Defense|p1a: Kommo-o\n|-boost|p1a: Kommo-o|def|2\n|\n|-heal|p1a: Kommo-o|35\/100|[from] item: Leftovers\n|upkeep\n|turn|3\n|\n|t:|1700217597\n|move|p1a: Kommo-o|Protect|p1a: Kommo-o\n|-singleturn|p1a: Kommo-o|Protect\n|move|p2a: Landorus|Stomping Tantrum|p1a: Kommo-o\n|-activate|p1a: Kommo-o|move: Protect\n|move|p1b: Articuno|Freezing Glare|p2a: Landorus\n|-damage|p2a: Landorus|0 fnt\n|faint|p2a: Landorus\n|move|p2b: Tornadus|Bleakwind Storm|p1a: Kommo-o|[spread] \n|-activate|p1a: Kommo-o|move: Protect\n|-miss|p2b: Tornadus|p1b: Articuno\n|\n|-heal|p1a: Kommo-o|41\/100|[from] item: Leftovers\n|-end|p1b: Articuno|move: Taunt\n|upkeep\n|\n|t:|1700217612\n|switch|p2a: Urshifu|Urshifu, L50, M|100\/100\n|turn|4\n|\n|t:|1700217627\n|move|p2b: Tornadus|Taunt|p1b: Articuno\n|-start|p1b: Articuno|move: Taunt\n|move|p1b: Articuno|Freezing Glare|p2a: Urshifu\n|-immune|p2a: Urshifu\n|move|p2a: Urshifu|Close Combat|p1a: Kommo-o\n|-supereffective|p1a: Kommo-o\n|-crit|p1a: Kommo-o\n|-damage|p1a: Kommo-o|0 fnt\n|-unboost|p2a: Urshifu|def|1\n|-unboost|p2a: Urshifu|spd|1\n|faint|p1a: Kommo-o\n|\n|upkeep\n|\n|t:|1700217638\n|switch|p1a: Sinistcha|Sinistcha, L50|100\/100\n|-heal|p1b: Articuno|88\/100|[from] ability: Hospitality|[of] p1a: Sinistcha\n|turn|5\n|\n|t:|1700217648\n|move|p2a: Urshifu|Protect|p2a: Urshifu\n|-singleturn|p2a: Urshifu|Protect\n|move|p1a: Sinistcha|Rage Powder|p1a: Sinistcha\n|-singleturn|p1a: Sinistcha|move: Rage Powder\n|move|p2b: Tornadus|Taunt|p1a: Sinistcha\n|-start|p1a: Sinistcha|move: Taunt\n|move|p1b: Articuno|Hurricane|p2a: Urshifu\n|-activate|p2a: Urshifu|move: Protect\n|\n|upkeep\n|turn|6\n|\n|t:|1700217669\n|move|p1b: Articuno|Hurricane|p2a: Urshifu\n|-supereffective|p2a: Urshifu\n|-damage|p2a: Urshifu|0 fnt\n|faint|p2a: Urshifu\n|move|p2b: Tornadus|Bleakwind Storm|p1b: Articuno|[spread] p1b\n|-miss|p2b: Tornadus|p1a: Sinistcha\n|-damage|p1b: Articuno|53\/100\n|-unboost|p1b: Articuno|spe|1\n|-ability|p1b: Articuno|Competitive|boost\n|-boost|p1b: Articuno|spa|2\n|move|p1a: Sinistcha|Matcha Gotcha|p2b: Tornadus\n|-resisted|p2b: Tornadus\n|-damage|p2b: Tornadus|79\/100\n|\n|-end|p1b: Articuno|move: Taunt\n|upkeep\n|\n|t:|1700217684\n|switch|p2a: Ogerpon|Ogerpon-Wellspring, L50, F|100\/100\n|turn|7\n|\n|t:|1700217695\n|-terastallize|p2a: Ogerpon|Water\n|detailschange|p2a: Ogerpon|Ogerpon-Wellspring-Tera, L50, F, tera:Water\n|-ability|p2a: Ogerpon|Embody Aspect (Wellspring)|boost\n|-boost|p2a: Ogerpon|spd|1\n|move|p2a: Ogerpon|Ivy Cudgel|p1b: Articuno|[anim] Ivy Cudgel Water\n|-damage|p1b: Articuno|0 fnt\n|faint|p1b: Articuno\n|move|p2b: Tornadus|Bleakwind Storm|p1a: Sinistcha\n|-supereffective|p1a: Sinistcha\n|-damage|p1a: Sinistcha|0 fnt\n|faint|p1a: Sinistcha\n|\n|win|Refanner\n|raw|Qwano's rating: 1298 &rarr; <strong>1277<\/strong><br \/>(-21 for losing)\n|raw|Refanner's rating: 1357 &rarr; <strong>1374<\/strong><br \/>(+17 for winning)\n|l|\u2606Qwano\n","uploadtime":1700217709,"views":12,"p1id":"qwano","p2id":"refanner","formatid":"gen9vgc2023regulatione","rating":1277,"private":0,"password":""}