{"id":"gen9vgc2023regulatione-1996836047","p1":"Bulba9933","p2":"Legend273","format":"[Gen 9] VGC 2023 Regulation E","log":"|j|\u2606Bulba9933\n|j|\u2606Legend273\n|t:|1700733049\n|gametype|doubles\n|player|p1|Bulba9933|erika|1181\n|player|p2|Legend273|1|1094\n|teamsize|p1|6\n|teamsize|p2|6\n|gen|9\n|tier|[Gen 9] VGC 2023 Regulation E\n|rated|\n|rule|Species Clause: Limit one of each Pok\u00e9mon\n|rule|Item Clause: Limit one of each item\n|clearpoke\n|poke|p1|Politoed, L50, M|\n|poke|p1|Gothitelle, L50, F|\n|poke|p1|Flutter Mane, L50|\n|poke|p1|Amoonguss, L50, M|\n|poke|p1|Kingambit, L50, M|\n|poke|p1|Salamence, L50, M|\n|poke|p2|Sableye, L50, F|\n|poke|p2|Overqwil, L50, M|\n|poke|p2|Arcanine-Hisui, L50, F|\n|poke|p2|Landorus, L50, M|\n|poke|p2|Amoonguss, L50, M|\n|poke|p2|Sneasler, L50, F|\n|teampreview|4\nBulba9933 has agreed to open team sheets.\n|\n|t:|1700733069\n|start\n|switch|p1a: Politoed|Politoed, L50, M, shiny|100\/100\n|switch|p1b: Salamence|Salamence, L50, M|100\/100\n|switch|p2a: Sneasler|Sneasler, L50, F|100\/100\n|switch|p2b: Arcanine|Arcanine-Hisui, L50, F|100\/100\n|-ability|p1b: Salamence|Intimidate|boost\n|-unboost|p2a: Sneasler|atk|1\n|-unboost|p2b: Arcanine|atk|1\n|-weather|RainDance|[from] ability: Drizzle|[of] p1a: Politoed\n|turn|1\n|\n|t:|1700733103\n|switch|p1b: Gothitelle|Gothitelle, L50, F, shiny|100\/100\n|-terastallize|p2b: Arcanine|Rock\n|move|p2a: Sneasler|Fake Out|p1a: Politoed\n|-enditem|p2a: Sneasler|Normal Gem|[from] gem\n|-damage|p1a: Politoed|89\/100\n|move|p2b: Arcanine|Head Smash|p1b: Gothitelle\n|-damage|p1b: Gothitelle|38\/100\n|-enditem|p1b: Gothitelle|Sitrus Berry|[eat]\n|-heal|p1b: Gothitelle|63\/100|[from] item: Sitrus Berry\n|cant|p1a: Politoed|flinch\n|\n|-weather|RainDance|[upkeep]\n|-heal|p1a: Politoed|95\/100|[from] item: Leftovers\n|upkeep\n|turn|2\n|\n|t:|1700733124\n|switch|p1b: Salamence|Salamence, L50, M|100\/100\n|-ability|p1b: Salamence|Intimidate|boost\n|-unboost|p2a: Sneasler|atk|1\n|-unboost|p2b: Arcanine|atk|1\n|move|p2a: Sneasler|Gunk Shot|p1b: Salamence\n|-damage|p1b: Salamence|58\/100\n|move|p2b: Arcanine|Head Smash|p1b: Salamence\n|-supereffective|p1b: Salamence\n|-damage|p1b: Salamence|0 fnt\n|faint|p1b: Salamence\n|move|p1a: Politoed|Weather Ball|p2b: Arcanine\n|-supereffective|p2b: Arcanine\n|-damage|p2b: Arcanine|0 fnt\n|faint|p2b: Arcanine\n|\n|-weather|RainDance|[upkeep]\n|-heal|p1a: Politoed|100\/100|[from] item: Leftovers\n|upkeep\n|\n|t:|1700733143\n|switch|p1b: Gothitelle|Gothitelle, L50, F, shiny|63\/100\n|switch|p2b: Sableye|Sableye, L50, F|100\/100\n|turn|3\n|l|\u2606Legend273\n|player|p2|\n|j|\u2606Legend273\n|player|p2|Legend273|1\n|\n|t:|1700733190\n|move|p1b: Gothitelle|Fake Out|p2a: Sneasler\n|-damage|p2a: Sneasler|91\/100\n|move|p2b: Sableye|Skill Swap|p1b: Gothitelle\n|-activate|p2b: Sableye|move: Skill Swap|Shadow Tag|Prankster|[of] p1b: Gothitelle\n|cant|p2a: Sneasler|flinch\n|move|p1a: Politoed|Perish Song|p1a: Politoed\n|-start|p1a: Politoed|perish3|[silent]\n|-start|p1b: Gothitelle|perish3|[silent]\n|-start|p2a: Sneasler|perish3|[silent]\n|-start|p2b: Sableye|perish3|[silent]\n|-fieldactivate|move: Perish Song\n|\n|-weather|RainDance|[upkeep]\n|-start|p2a: Sneasler|perish3\n|-start|p1a: Politoed|perish3\n|-start|p1b: Gothitelle|perish3\n|-start|p2b: Sableye|perish3\n|upkeep\n|turn|4\n|\n|t:|1700733216\n|move|p2a: Sneasler|Protect|p2a: Sneasler\n|-singleturn|p2a: Sneasler|Protect\n|move|p2b: Sableye|Protect|p2b: Sableye\n|-singleturn|p2b: Sableye|Protect\n|move|p1a: Politoed|Weather Ball|p2a: Sneasler\n|-activate|p2a: Sneasler|move: Protect\n|move|p1b: Gothitelle|Trick Room|p1b: Gothitelle\n|-fieldstart|move: Trick Room|[of] p1b: Gothitelle\n|\n|-weather|RainDance|[upkeep]\n|-start|p2b: Sableye|perish2\n|-start|p1b: Gothitelle|perish2\n|-start|p1a: Politoed|perish2\n|-start|p2a: Sneasler|perish2\n|upkeep\n|turn|5\n|c|\u2606Legend273|WHO IS TRAPPED WITH WHO\n|\n|t:|1700733242\n|switch|p2a: Landorus|Landorus, L50, M|100\/100\n|move|p2b: Sableye|Thunder Wave|p1a: Politoed\n|-status|p1a: Politoed|par\n|move|p1a: Politoed|Weather Ball|p2a: Landorus\n|-supereffective|p2a: Landorus\n|-damage|p2a: Landorus|0 fnt\n|faint|p2a: Landorus\n|move|p1b: Gothitelle|Psychic|p2b: Sableye\n|-immune|p2b: Sableye\n|\n|-weather|none\n|-start|p1a: Politoed|perish1\n|-start|p2b: Sableye|perish1\n|-start|p1b: Gothitelle|perish1\n|upkeep\n|\n|t:|1700733260\n|switch|p2a: Sneasler|Sneasler, L50, F|91\/100\n|turn|6\n|\n|t:|1700733271\n|move|p2a: Sneasler|Fake Out|p1b: Gothitelle\n|-damage|p1b: Gothitelle|48\/100\n|move|p1a: Politoed|Perish Song|p1a: Politoed\n|-start|p2a: Sneasler|perish3|[silent]\n|-fieldactivate|move: Perish Song\n|move|p2b: Sableye|Gravity|p2b: Sableye\n|-fieldstart|move: Gravity\n|cant|p1b: Gothitelle|flinch\n|\n|-start|p1a: Politoed|perish0\n|-start|p2b: Sableye|perish0\n|-start|p1b: Gothitelle|perish0\n|-start|p2a: Sneasler|perish3\n|faint|p1a: Politoed\n|faint|p2b: Sableye\n|faint|p1b: Gothitelle\n|upkeep\n|\n|t:|1700733302\n|switch|p1b: Amoonguss|Amoonguss, L50, M, shiny|100\/100\n|turn|7\n|inactive|Battle timer is ON: inactive players will automatically lose when time's up. (requested by Legend273)\n|\n|t:|1700733315\n|-terastallize|p1b: Amoonguss|Dark\n|move|p1b: Amoonguss|Spore|p2a: Sneasler\n|-status|p2a: Sneasler|slp|[from] move: Spore\n|cant|p2a: Sneasler|slp\n|\n|-start|p2a: Sneasler|perish2\n|upkeep\n|turn|8\n|\n|t:|1700733326\n|move|p1b: Amoonguss|Pollen Puff|p2a: Sneasler\n|-resisted|p2a: Sneasler\n|-damage|p2a: Sneasler|86\/100 slp\n|-curestatus|p2a: Sneasler|slp|[msg]\n|move|p2a: Sneasler|Close Combat|p1b: Amoonguss\n|-supereffective|p1b: Amoonguss\n|-damage|p1b: Amoonguss|0 fnt\n|-unboost|p2a: Sneasler|def|1\n|-unboost|p2a: Sneasler|spd|1\n|faint|p1b: Amoonguss\n|\n|win|Legend273\n|raw|Bulba9933's rating: 1181 &rarr; <strong>1150<\/strong><br \/>(-31 for losing)\n|raw|Legend273's rating: 1094 &rarr; <strong>1126<\/strong><br \/>(+32 for winning)\n|l|\u2606Bulba9933\n","uploadtime":1700733358,"views":2,"p1id":"bulba9933","p2id":"legend273","formatid":"gen9vgc2023regulatione","rating":1126,"private":0,"password":""}