{"id":"gen9vgc2023regulatione-2000205054","p1":"lolgz","p2":"i am locked lmao","format":"[Gen 9] VGC 2023 Regulation E","log":"|j|\u2606lolgz\n|j|\u203di am locked lmao\n|t:|1701171829\n|gametype|doubles\n|player|p1|lolgz|1|\n|player|p2|i am locked lmao|lass-gen4dp|\n|teamsize|p1|6\n|teamsize|p2|6\n|gen|9\n|tier|[Gen 9] VGC 2023 Regulation E\n|rated|Tournament battle\n|rule|Species Clause: Limit one of each Pok\u00e9mon\n|rule|Item Clause: Limit one of each item\n|clearpoke\n|poke|p1|Tornadus, L50, M|\n|poke|p1|Ogerpon-Hearthflame, L50, F|\n|poke|p1|Flutter Mane, L50|\n|poke|p1|Roaring Moon, L50|\n|poke|p1|Landorus-Therian, L50, M|\n|poke|p1|Chi-Yu, L50|\n|poke|p2|Kommo-o, L50, F|\n|poke|p2|Tyranitar, L50, F|\n|poke|p2|Rillaboom, L50, M|\n|poke|p2|Flutter Mane, L50|\n|poke|p2|Arcanine-Hisui, L50, F|\n|poke|p2|Iron Bundle, L50|\n|teampreview|4\n|inactive|Battle timer is ON: inactive players will automatically lose when time's up. (requested by lolgz)\n|inactive|i am locked lmao also wants the timer to be on.\ni am locked lmao has agreed to open team sheets.\n|j| 4KuserVGC\n|inactive|i am locked lmao has 60 seconds left.\n|inactive|i am locked lmao has 30 seconds left.\n|\n|t:|1701171891\n|start\n|switch|p1a: Tornadus|Tornadus, L50, M|100\/100\n|switch|p1b: Flutter Mane|Flutter Mane, L50|100\/100\n|switch|p2a: Iron Bundle|Iron Bundle, L50|100\/100\n|switch|p2b: Arcanine|Arcanine-Hisui, L50, F|100\/100\n|-ability|p2b: Arcanine|Intimidate|boost\n|-unboost|p1a: Tornadus|atk|1\n|-unboost|p1b: Flutter Mane|atk|1\n|-enditem|p2a: Iron Bundle|Booster Energy\n|-activate|p2a: Iron Bundle|ability: Quark Drive|[fromitem]\n|-start|p2a: Iron Bundle|quarkdrivespe\n|turn|1\n|\n|t:|1701171906\n|-terastallize|p1b: Flutter Mane|Fairy\n|move|p2a: Iron Bundle|Protect|p2a: Iron Bundle\n|-singleturn|p2a: Iron Bundle|Protect\n|move|p1a: Tornadus|Tailwind|p1a: Tornadus\n|-sidestart|p1: lolgz|move: Tailwind\n|move|p1b: Flutter Mane|Dazzling Gleam|p2b: Arcanine|[spread] p2b\n|-activate|p2a: Iron Bundle|move: Protect\n|-resisted|p2b: Arcanine\n|-damage|p2b: Arcanine|67\/100\n|move|p2b: Arcanine|Flare Blitz|p1b: Flutter Mane\n|-damage|p1b: Flutter Mane|31\/100\n|-status|p1b: Flutter Mane|brn\n|-damage|p2b: Arcanine|50\/100|[from] Recoil\n|-enditem|p2b: Arcanine|Sitrus Berry|[eat]\n|-heal|p2b: Arcanine|75\/100|[from] item: Sitrus Berry\n|\n|-damage|p1b: Flutter Mane|26\/100 brn|[from] brn\n|upkeep\n|turn|2\n|inactive|i am locked lmao has 30 seconds left.\n|inactive|i am locked lmao has 20 seconds left.\n|\n|t:|1701171941\n|move|p1b: Flutter Mane|Dazzling Gleam|p2a: Iron Bundle|[spread] p2a,p2b\n|-resisted|p2b: Arcanine\n|-damage|p2a: Iron Bundle|0 fnt\n|-damage|p2b: Arcanine|43\/100\n|faint|p2a: Iron Bundle\n|-end|p2a: Iron Bundle|Quark Drive|[silent]\n|move|p1a: Tornadus|Bleakwind Storm|p2b: Arcanine\n|-resisted|p2b: Arcanine\n|-damage|p2b: Arcanine|18\/100\n|move|p2b: Arcanine|Rock Slide|p1b: Flutter Mane|[spread] p1a,p1b\n|-supereffective|p1a: Tornadus\n|-damage|p1a: Tornadus|48\/100\n|-damage|p1b: Flutter Mane|0 fnt\n|faint|p1b: Flutter Mane\n|-end|p1b: Flutter Mane|Protosynthesis|[silent]\n|\n|upkeep\n|\n|t:|1701171956\n|switch|p2a: Tyranitar|Tyranitar, L50, F|100\/100\n|switch|p1b: Chi-Yu|Chi-Yu, L50|100\/100\n|-ability|p1b: Chi-Yu|Beads of Ruin\n|-weather|Sandstorm|[from] ability: Sand Stream|[of] p2a: Tyranitar\n|turn|3\n|\n|t:|1701171968\n|move|p1a: Tornadus|Sunny Day|p1a: Tornadus\n|-weather|SunnyDay\n|move|p1b: Chi-Yu|Heat Wave|p2b: Arcanine|[spread] p2a,p2b\n|-resisted|p2a: Tyranitar\n|-resisted|p2b: Arcanine\n|-damage|p2a: Tyranitar|77\/100\n|-damage|p2b: Arcanine|0 fnt\n|faint|p2b: Arcanine\n|move|p2a: Tyranitar|Rock Slide|p1a: Tornadus|[spread] p1a,p1b\n|-supereffective|p1a: Tornadus\n|-supereffective|p1b: Chi-Yu\n|-crit|p1b: Chi-Yu\n|-damage|p1a: Tornadus|0 fnt\n|-enditem|p1b: Chi-Yu|Focus Sash\n|-damage|p1b: Chi-Yu|1\/100\n|faint|p1a: Tornadus\n|\n|-weather|SunnyDay|[upkeep]\n|upkeep\n|\n|t:|1701171973\n|switch|p2b: Kommo-o|Kommo-o, L50, F|100\/100\n|switch|p1a: Landorus|Landorus-Therian, L50, M|100\/100\n|-ability|p1a: Landorus|Intimidate|boost\n|-unboost|p2a: Tyranitar|atk|1\n|-unboost|p2b: Kommo-o|atk|1\n|turn|4\n|c|\u2606lolgz|gg\n|\n|t:|1701171994\n|move|p1a: Landorus|Stomping Tantrum|p2a: Tyranitar\n|-supereffective|p2a: Tyranitar\n|-damage|p2a: Tyranitar|0 fnt\n|faint|p2a: Tyranitar\n|move|p1b: Chi-Yu|Dark Pulse|p2b: Kommo-o\n|-resisted|p2b: Kommo-o\n|-damage|p2b: Kommo-o|75\/100\n|cant|p2b: Kommo-o|flinch\n|\n|-weather|SunnyDay|[upkeep]\n|-heal|p2b: Kommo-o|81\/100|[from] item: Leftovers\n|-sideend|p1: lolgz|move: Tailwind\n|upkeep\n|turn|5\n|\n|t:|1701172002\n|move|p2b: Kommo-o|Protect|p2b: Kommo-o\n|-singleturn|p2b: Kommo-o|Protect\n|move|p1a: Landorus|Stomping Tantrum|p2b: Kommo-o\n|-activate|p2b: Kommo-o|move: Protect\n|move|p1b: Chi-Yu|Overheat|p2b: Kommo-o\n|-activate|p2b: Kommo-o|move: Protect\n|\n|-weather|SunnyDay|[upkeep]\n|-heal|p2b: Kommo-o|87\/100|[from] item: Leftovers\n|upkeep\n|turn|6\n|c|\u2606lolgz|im stupid\n|\n|t:|1701172015\n|move|p1a: Landorus|Stomping Tantrum|p2b: Kommo-o\n|-damage|p2b: Kommo-o|59\/100\n|move|p1b: Chi-Yu|Overheat|p2b: Kommo-o\n|-resisted|p2b: Kommo-o\n|-damage|p2b: Kommo-o|2\/100\n|-unboost|p1b: Chi-Yu|spa|2\n|move|p2b: Kommo-o|Body Press|p1b: Chi-Yu\n|-supereffective|p1b: Chi-Yu\n|-damage|p1b: Chi-Yu|0 fnt\n|faint|p1b: Chi-Yu\n|\n|-weather|SunnyDay|[upkeep]\n|-heal|p2b: Kommo-o|8\/100|[from] item: Leftovers\n|upkeep\n|turn|7\n|-message|i am locked lmao forfeited.\n|\n|win|lolgz\n|n|\u2606lolgz|lolgz\n|n|\u203di am locked lmao|iamlockedlmao\n|n| 4KuserVGC|4kuservgc\n","uploadtime":1701172020,"views":1,"p1id":"lolgz","p2id":"iamlockedlmao","formatid":"gen9vgc2023regulatione","rating":0,"private":0,"password":""}