{"id":"gen9vgc2023regulatione-1988126344","p1":"GB Five","p2":"RheaRipleyVGC","format":"[Gen 9] VGC 2023 Regulation E","log":"|j|\u2606GB Five\n|j|\u2606RheaRipleyVGC\n|t:|1699672823\n|gametype|doubles\n|player|p1|GB Five|170|1658\n|player|p2|RheaRipleyVGC|rocketgruntf|1640\n|teamsize|p1|6\n|teamsize|p2|6\n|gen|9\n|tier|[Gen 9] VGC 2023 Regulation E\n|rated|\n|rule|Species Clause: Limit one of each Pok\u00e9mon\n|rule|Item Clause: Limit one of each item\n|clearpoke\n|poke|p1|Weezing, L50, M|\n|poke|p1|Urshifu-*, L50, M|\n|poke|p1|Toedscruel, L50, M|\n|poke|p1|Flutter Mane, L50|\n|poke|p1|Farigiraf, L50, M|\n|poke|p1|Roaring Moon, L50|\n|poke|p2|Iron Hands, L50|\n|poke|p2|Landorus-Therian, L50, M|\n|poke|p2|Chi-Yu, L50|\n|poke|p2|Flutter Mane, L50|\n|poke|p2|Cresselia, L50, F|\n|poke|p2|Ogerpon-Wellspring, L50, F|\n|teampreview|4\n|inactive|Battle timer is ON: inactive players will automatically lose when time's up. (requested by RheaRipleyVGC)\nRheaRipleyVGC has agreed to open team sheets.\n|j| NakiYMD\n|inactive|GB Five has 60 seconds left.\n|inactive|RheaRipleyVGC has 60 seconds left.\n|\n|t:|1699672866\n|start\n|switch|p1a: Weezing|Weezing, L50, M|100\/100\n|switch|p1b: Roaring Moon|Roaring Moon, L50|100\/100\n|switch|p2a: Chi-Yu|Chi-Yu, L50|100\/100\n|switch|p2b: Flutter Mane|Flutter Mane, L50|100\/100\n|-ability|p1a: Weezing|Neutralizing Gas\n|-enditem|p2b: Flutter Mane|Booster Energy\n|-activate|p2b: Flutter Mane|ability: Protosynthesis|[fromitem]\n|-start|p2b: Flutter Mane|protosynthesisspe\n|-enditem|p1b: Roaring Moon|Booster Energy\n|-activate|p1b: Roaring Moon|ability: Protosynthesis|[fromitem]\n|-start|p1b: Roaring Moon|protosynthesisspe\n|turn|1\n|inactive|GB Five has 30 seconds left.\n|inactive|RheaRipleyVGC has 30 seconds left.\n|inactive|GB Five has 20 seconds left.\n|\n|t:|1699672904\n|-terastallize|p1b: Roaring Moon|Ghost\n|move|p2b: Flutter Mane|Icy Wind|p1b: Roaring Moon|[spread] p1a,p1b\n|-damage|p1a: Weezing|74\/100\n|-damage|p1b: Roaring Moon|87\/100\n|-unboost|p1a: Weezing|spe|1\n|-unboost|p1b: Roaring Moon|spe|1\n|move|p1b: Roaring Moon|Tailwind|p1b: Roaring Moon\n|-sidestart|p1: GB Five|move: Tailwind\n|move|p2a: Chi-Yu|Dark Pulse|p1a: Weezing\n|-damage|p1a: Weezing|0 fnt\n|faint|p1a: Weezing\n|-end|p1a: Weezing|ability: Neutralizing Gas\n|-ability|p2a: Chi-Yu|Beads of Ruin\n|\n|upkeep\n|\n|t:|1699672924\n|switch|p1a: Flutter Mane|Flutter Mane, L50|100\/100\n|turn|2\n|inactive|RheaRipleyVGC has 30 seconds left.\n|\n|t:|1699672953\n|-terastallize|p2b: Flutter Mane|Fairy\n|move|p1b: Roaring Moon|Protect|p1b: Roaring Moon\n|-singleturn|p1b: Roaring Moon|Protect\n|move|p1a: Flutter Mane|Hex|p2b: Flutter Mane\n|-damage|p2b: Flutter Mane|59\/100\n|move|p2b: Flutter Mane|Icy Wind|p1a: Flutter Mane|[spread] p1a\n|-activate|p1b: Roaring Moon|move: Protect\n|-crit|p1a: Flutter Mane\n|-damage|p1a: Flutter Mane|77\/100\n|-unboost|p1a: Flutter Mane|spe|1\n|move|p2a: Chi-Yu|Dark Pulse|p1b: Roaring Moon\n|-activate|p1b: Roaring Moon|move: Protect\n|\n|upkeep\n|turn|3\n|inactive|GB Five has 30 seconds left.\n|\n|t:|1699672980\n|move|p2b: Flutter Mane|Protect|p2b: Flutter Mane\n|-singleturn|p2b: Flutter Mane|Protect\n|move|p1b: Roaring Moon|Knock Off|p2b: Flutter Mane\n|-activate|p2b: Flutter Mane|move: Protect\n|move|p1a: Flutter Mane|Dazzling Gleam|p2b: Flutter Mane|[spread] p2a\n|-activate|p2b: Flutter Mane|move: Protect\n|-damage|p2a: Chi-Yu|72\/100\n|move|p2a: Chi-Yu|Dark Pulse|p1b: Roaring Moon\n|-supereffective|p1b: Roaring Moon\n|-damage|p1b: Roaring Moon|0 fnt\n|faint|p1b: Roaring Moon\n|-end|p1b: Roaring Moon|Protosynthesis|[silent]\n|\n|upkeep\n|\n|t:|1699672995\n|switch|p1b: Urshifu|Urshifu, L50, M|100\/100\n|turn|4\n|\n|t:|1699673009\n|-end|p2b: Flutter Mane|Protosynthesis|[silent]\n|switch|p2b: Ogerpon|Ogerpon-Wellspring, L50, F|100\/100\n|move|p1b: Urshifu|Sucker Punch||[still]\n|-fail|p1b: Urshifu\n|move|p1a: Flutter Mane|Dazzling Gleam|p2b: Ogerpon|[spread] p2a,p2b\n|-damage|p2a: Chi-Yu|43\/100\n|-damage|p2b: Ogerpon|59\/100\n|move|p2a: Chi-Yu|Dark Pulse|p1a: Flutter Mane\n|-damage|p1a: Flutter Mane|5\/100\n|-enditem|p1a: Flutter Mane|Sitrus Berry|[eat]\n|-heal|p1a: Flutter Mane|30\/100|[from] item: Sitrus Berry\n|\n|-sideend|p1: GB Five|move: Tailwind\n|upkeep\n|turn|5\n|l| NakiYMD\n|-message|GB Five forfeited.\n|\n|win|RheaRipleyVGC\n|raw|GB Five's rating: 1658 &rarr; <strong>1637<\/strong><br \/>(-21 for losing)\n|raw|RheaRipleyVGC's rating: 1640 &rarr; <strong>1661<\/strong><br \/>(+21 for winning)\n|l|\u2606GB Five\n|j| LasermanZ11\n","uploadtime":1699673037,"views":18,"p1id":"gbfive","p2id":"rhearipleyvgc","formatid":"gen9vgc2023regulatione","rating":1637,"private":0,"password":""}