{"id":"gen9vgc2023regulatione-1999343993","p1":"gabtesting","p2":"F3EF0O","format":"[Gen 9] VGC 2023 Regulation E","log":"|j|\u2606gabtesting\n|j|\u2606F3EF0O\n|t:|1701063649\n|gametype|doubles\n|player|p1|gabtesting|169|1058\n|player|p2|F3EF0O|2|1017\n|teamsize|p1|6\n|teamsize|p2|6\n|gen|9\n|tier|[Gen 9] VGC 2023 Regulation E\n|rated|\n|rule|Species Clause: Limit one of each Pok\u00e9mon\n|rule|Item Clause: Limit one of each item\n|clearpoke\n|poke|p1|Ninetales-Alola, L50, F|\n|poke|p1|Cetitan, L50, F|\n|poke|p1|Baxcalibur, L50, M|\n|poke|p1|Landorus-Therian, L50, M|\n|poke|p1|Heatran, L50, F|\n|poke|p1|Zapdos, L50|\n|poke|p2|Regieleki, L50|\n|poke|p2|Rabsca, L50, M|\n|poke|p2|Iron Hands, L50|\n|poke|p2|Dondozo, L50, F|\n|poke|p2|Maushold, L50|\n|poke|p2|Sinistcha, L50|\n|teampreview|4\n|inactive|Battle timer is ON: inactive players will automatically lose when time's up. (requested by F3EF0O)\n|inactive|gabtesting also wants the timer to be on.\ngabtesting has agreed to open team sheets.\n|\n|t:|1701063679\n|start\n|switch|p1a: Ninetales|Ninetales-Alola, L50, F|100\/100\n|switch|p1b: Baxcalibur|Baxcalibur, L50, M|100\/100\n|switch|p2a: Regieleki|Regieleki, L50|100\/100\n|switch|p2b: Rabsca|Rabsca, L50, M|100\/100\n|-weather|Snow|[from] ability: Snow Warning|[of] p1a: Ninetales\n|turn|1\n|\n|t:|1701063693\n|move|p1b: Baxcalibur|Protect|p1b: Baxcalibur\n|-singleturn|p1b: Baxcalibur|Protect\n|move|p2b: Rabsca|Protect|p2b: Rabsca\n|-singleturn|p2b: Rabsca|Protect\n|move|p2a: Regieleki|Electroweb|p1a: Ninetales|[spread] p1a\n|-activate|p1b: Baxcalibur|move: Protect\n|-damage|p1a: Ninetales|76\/100\n|-unboost|p1a: Ninetales|spe|1\n|-damage|p2a: Regieleki|91\/100|[from] item: Life Orb\n|move|p1a: Ninetales|Aurora Veil|p1a: Ninetales\n|-sidestart|p1: gabtesting|move: Aurora Veil\n|\n|-weather|Snow|[upkeep]\n|upkeep\n|turn|2\n|inactive|F3EF0O has 30 seconds left.\n|\n|t:|1701063721\n|move|p2a: Regieleki|Explosion|p1b: Baxcalibur|[spread] p1a,p1b\n|-activate|p2b: Rabsca|ability: Telepathy\n|-damage|p1a: Ninetales|39\/100\n|-damage|p1b: Baxcalibur|72\/100\n|-enditem|p1a: Ninetales|Sitrus Berry|[eat]\n|-heal|p1a: Ninetales|64\/100|[from] item: Sitrus Berry\n|faint|p2a: Regieleki\n|move|p1b: Baxcalibur|Swords Dance|p1b: Baxcalibur\n|-boost|p1b: Baxcalibur|atk|2\n|move|p1a: Ninetales|Blizzard|p2b: Rabsca\n|-damage|p2b: Rabsca|75\/100\n|move|p2b: Rabsca|Revival Blessing|p2b: Rabsca\n|-enditem|p2b: Rabsca|Leppa Berry|[eat]\n|-activate|p2b: Rabsca|item: Leppa Berry|Revival Blessing|[consumed]\n|\n|t:|1701063734\n|-heal|p2: Regieleki|50\/100|[from] move: Revival Blessing\n|\n|-weather|Snow|[upkeep]\n|-heal|p1b: Baxcalibur|78\/100|[from] ability: Ice Body\n|upkeep\n|switch|p2a: Regieleki|Regieleki, L50|50\/100\n|turn|3\n|c|\u2606gabtesting|haha nice\n|c|\u2606F3EF0O|hehe\n|\n|t:|1701063752\n|-terastallize|p2a: Regieleki|Electric\n|move|p1a: Ninetales|Protect|p1a: Ninetales\n|-singleturn|p1a: Ninetales|Protect\n|move|p2a: Regieleki|Electroweb|p1a: Ninetales|[spread] p1b\n|-activate|p1a: Ninetales|move: Protect\n|-resisted|p1b: Baxcalibur\n|-damage|p1b: Baxcalibur|67\/100\n|-unboost|p1b: Baxcalibur|spe|1\n|-damage|p2a: Regieleki|40\/100|[from] item: Life Orb\n|move|p1b: Baxcalibur|Icicle Spear|p2b: Rabsca\n|-damage|p2b: Rabsca|43\/100\n|-damage|p2b: Rabsca|12\/100\n|-damage|p2b: Rabsca|0 fnt\n|faint|p2b: Rabsca\n|-hitcount|p2: Rabsca|3\n|\n|-weather|Snow|[upkeep]\n|-heal|p1b: Baxcalibur|74\/100|[from] ability: Ice Body\n|upkeep\n|\n|t:|1701063766\n|switch|p2b: Iron Hands|Iron Hands, L50|100\/100\n|turn|4\n|c|\u2606gabtesting|no more revival blessing\n|\n|t:|1701063775\n|move|p2a: Regieleki|Protect|p2a: Regieleki\n|-singleturn|p2a: Regieleki|Protect\n|move|p1a: Ninetales|Moonblast|p2b: Iron Hands\n|-supereffective|p2b: Iron Hands\n|-damage|p2b: Iron Hands|49\/100\n|-enditem|p2b: Iron Hands|Sitrus Berry|[eat]\n|-heal|p2b: Iron Hands|74\/100|[from] item: Sitrus Berry\n|move|p1b: Baxcalibur|Scale Shot|p2a: Regieleki\n|-activate|p2a: Regieleki|move: Protect\n|move|p2b: Iron Hands|Drain Punch|p1b: Baxcalibur\n|-supereffective|p1b: Baxcalibur\n|-damage|p1b: Baxcalibur|40\/100\n|-heal|p2b: Iron Hands|87\/100|[from] drain|[of] p1b: Baxcalibur\n|\n|-weather|Snow|[upkeep]\n|-heal|p1b: Baxcalibur|47\/100|[from] ability: Ice Body\n|upkeep\n|turn|5\n|c|\u2606F3EF0O|who needs it\n|inactive|F3EF0O has 30 seconds left.\n|\n|t:|1701063801\n|switch|p1a: Landorus|Landorus-Therian, L50, M|100\/100\n|-ability|p1a: Landorus|Intimidate|boost\n|-unboost|p2a: Regieleki|atk|1\n|-unboost|p2b: Iron Hands|atk|1\n|move|p1b: Baxcalibur|Protect|p1b: Baxcalibur\n|-singleturn|p1b: Baxcalibur|Protect\n|move|p2a: Regieleki|Extreme Speed|p1b: Baxcalibur\n|-activate|p1b: Baxcalibur|move: Protect\n|move|p2b: Iron Hands|Drain Punch|p1b: Baxcalibur\n|-activate|p1b: Baxcalibur|move: Protect\n|\n|-weather|none\n|-sideend|p1: gabtesting|move: Aurora Veil\n|upkeep\n|turn|6\n|inactive|gabtesting has 30 seconds left.\n|c|\u2606F3EF0O|that baxcalibur is scary a bit\n|inactive|gabtesting has 20 seconds left.\n|inactive|gabtesting has 15 seconds left.\n|inactive|gabtesting has 10 seconds left.\n|inactive|gabtesting has 5 seconds left.\n|\n|t:|1701063851\n|move|p2a: Regieleki|Extreme Speed|p1b: Baxcalibur\n|-damage|p1b: Baxcalibur|27\/100\n|-damage|p2a: Regieleki|31\/100|[from] item: Life Orb\n|move|p1a: Landorus|U-turn|p2a: Regieleki\n|-damage|p2a: Regieleki|0 fnt\n|faint|p2a: Regieleki\n|c|\u2606F3EF0O|man, i thought i brought maushold\n|\n|t:|1701063860\n|switch|p1a: Ninetales|Ninetales-Alola, L50, F|64\/100|[from] U-turn\n|-weather|Snow|[from] ability: Snow Warning|[of] p1a: Ninetales\n|move|p1b: Baxcalibur|Scale Shot|p2b: Iron Hands\n|-damage|p2b: Iron Hands|68\/100\n|-damage|p2b: Iron Hands|48\/100\n|-damage|p2b: Iron Hands|27\/100\n|-damage|p2b: Iron Hands|9\/100\n|-damage|p2b: Iron Hands|0 fnt\n|faint|p2b: Iron Hands\n|-end|p2b: Iron Hands|Quark Drive|[silent]\n|-hitcount|p2: Iron Hands|5\n|-unboost|p1b: Baxcalibur|def|1\n|-boost|p1b: Baxcalibur|spe|1\n|\n|-weather|Snow|[upkeep]\n|-heal|p1b: Baxcalibur|34\/100|[from] ability: Ice Body\n|upkeep\n|c|\u2606gabtesting|playing it for the first time\n|c|\u2606gabtesting|first time doing a snow team\n|c|\u2606F3EF0O|this is my second time with this team\n|\n|t:|1701063879\n|switch|p2a: Dondozo|Dondozo, L50, F|100\/100\n|turn|7\n|\n|t:|1701063885\n|move|p1b: Baxcalibur|Protect|p1b: Baxcalibur\n|-singleturn|p1b: Baxcalibur|Protect\n|move|p1a: Ninetales|Aurora Veil|p1a: Ninetales\n|-sidestart|p1: gabtesting|move: Aurora Veil\n|move|p2a: Dondozo|Yawn|p1a: Ninetales\n|-start|p1a: Ninetales|move: Yawn|[of] p2a: Dondozo\n|\n|-weather|Snow|[upkeep]\n|-heal|p1b: Baxcalibur|40\/100|[from] ability: Ice Body\n|upkeep\n|turn|8\n|c|\u2606gabtesting|nice\n|c|\u2606gabtesting|i think the revival blessing + explosion didn't do as much as you imagined\n|inactive|gabtesting has 30 seconds left.\n|\n|t:|1701063917\n|move|p1a: Ninetales|Blizzard|p2a: Dondozo\n|-resisted|p2a: Dondozo\n|-damage|p2a: Dondozo|83\/100\n|move|p1b: Baxcalibur|Icicle Spear|p2a: Dondozo\n|-resisted|p2a: Dondozo\n|-damage|p2a: Dondozo|77\/100\n|-resisted|p2a: Dondozo\n|-damage|p2a: Dondozo|71\/100\n|-resisted|p2a: Dondozo\n|-damage|p2a: Dondozo|64\/100\n|-resisted|p2a: Dondozo\n|-damage|p2a: Dondozo|58\/100\n|-hitcount|p2a: Dondozo|4\n|move|p2a: Dondozo|Wave Crash|p1a: Ninetales\n|-damage|p1a: Ninetales|41\/100\n|-damage|p2a: Dondozo|53\/100|[from] Recoil\n|\n|-weather|Snow|[upkeep]\n|-heal|p1b: Baxcalibur|46\/100|[from] ability: Ice Body\n|-heal|p2a: Dondozo|59\/100|[from] item: Leftovers\n|-end|p1a: Ninetales|move: Yawn|[silent]\n|-status|p1a: Ninetales|slp\n|upkeep\n|turn|9\n|c|\u2606F3EF0O|dodozo is a tanky beast\n|c|\u2606F3EF0O|also my previous explosion + revival team\n|c|\u2606F3EF0O|was golem\n|c|\u2606F3EF0O|with magnet\n|inactive|F3EF0O has 30 seconds left.\n|c|\u2606F3EF0O|cause its ability turnes explosion into a electric type move\n|c|\u2606gabtesting|oh nice. i've heard about that one but haven't gotten against\n|inactive|F3EF0O has 20 seconds left.\n|c|\u2606F3EF0O|and gives it a boost\n|inactive|F3EF0O has 15 seconds left.\n|\n|t:|1701063958\n|switch|p1a: Landorus|Landorus-Therian, L50, M|100\/100\n|-ability|p1a: Landorus|Intimidate|boost\n|-fail|p2a: Dondozo|unboost|Attack|[from] ability: Oblivious|[of] p2a: Dondozo\n|move|p1b: Baxcalibur|Scale Shot|p2a: Dondozo\n|-damage|p2a: Dondozo|46\/100\n|-damage|p2a: Dondozo|33\/100\n|-damage|p2a: Dondozo|19\/100\n|-damage|p2a: Dondozo|6\/100\n|-hitcount|p2a: Dondozo|4\n|-unboost|p1b: Baxcalibur|def|1\n|-boost|p1b: Baxcalibur|spe|1\n|move|p2a: Dondozo|Yawn|p1b: Baxcalibur\n|-start|p1b: Baxcalibur|move: Yawn|[of] p2a: Dondozo\n|\n|-weather|Snow|[upkeep]\n|-heal|p1b: Baxcalibur|52\/100|[from] ability: Ice Body\n|-heal|p2a: Dondozo|12\/100|[from] item: Leftovers\n|upkeep\n|turn|10\n|c|\u2606gabtesting|yeah but with landorus so prevalent it's not as good as this one i think\n|inactive|gabtesting has 30 seconds left.\n|\n|t:|1701063987\n|move|p1a: Landorus|Rock Slide|p2a: Dondozo\n|-damage|p2a: Dondozo|0 fnt\n|faint|p2a: Dondozo\n|\n|win|gabtesting\n|raw|gabtesting's rating: 1058 &rarr; <strong>1086<\/strong><br \/>(+28 for winning)\n|raw|F3EF0O's rating: 1017 &rarr; <strong>1006<\/strong><br \/>(-11 for losing)\n|c|\u2606F3EF0O|please let my read be right\n|c|\u2606F3EF0O|it was not\n|c|\u2606gabtesting|which was your read?\n|c|\u2606gabtesting|you wanna go again?\n","uploadtime":1701064005,"views":5,"p1id":"gabtesting","p2id":"f3ef0o","formatid":"gen9vgc2023regulatione","rating":1006,"private":0,"password":""}