{"id":"gen9vgc2023regulatione-1995507837","p1":"royalkestrel","p2":"Astr0Striden","format":"[Gen 9] VGC 2023 Regulation E","log":"|j|\u2606royalkestrel\n|j|\u2606Astr0Striden\n|t:|1700578180\n|gametype|doubles\n|player|p1|royalkestrel|birdkeeper-gen4dp|1055\n|player|p2|Astr0Striden|102|1090\n|teamsize|p1|6\n|teamsize|p2|6\n|gen|9\n|tier|[Gen 9] VGC 2023 Regulation E\n|rated|\n|rule|Species Clause: Limit one of each Pok\u00e9mon\n|rule|Item Clause: Limit one of each item\n|clearpoke\n|poke|p1|Arboliva, L50, F|\n|poke|p1|Barraskewda, L50, F|\n|poke|p1|Farigiraf, L50, F|\n|poke|p1|Pelipper, L50, M|\n|poke|p1|Cresselia, L50, F|\n|poke|p1|Enamorus-Therian, L50, F|\n|poke|p2|Ceruledge, L50, M|\n|poke|p2|Sinistcha, L50|\n|poke|p2|Dondozo, L50, F|\n|poke|p2|Tatsugiri, L50, M|\n|poke|p2|Iron Hands, L50|\n|poke|p2|Landorus-Therian, L50, M|\n|teampreview|4\n|inactive|Battle timer is ON: inactive players will automatically lose when time's up. (requested by Astr0Striden)\n|\n|t:|1700578254\n|start\n|switch|p1a: Farigiraf|Farigiraf, L50, F|100\/100\n|switch|p1b: Arboliva|Arboliva, L50, F|100\/100\n|switch|p2a: Iron Hands|Iron Hands, L50|100\/100\n|switch|p2b: Ceruledge|Ceruledge, L50, M, shiny|100\/100\n|turn|1\n|\n|t:|1700578268\n|switch|p2b: Tatsugiri|Tatsugiri, L50, M|100\/100\n|move|p1b: Arboliva|Protect|p1b: Arboliva\n|-singleturn|p1b: Arboliva|Protect\n|move|p2a: Iron Hands|Volt Switch|p1b: Arboliva\n|-activate|p1b: Arboliva|move: Protect\n|move|p1a: Farigiraf|Trick Room|p1a: Farigiraf\n|-fieldstart|move: Trick Room|[of] p1a: Farigiraf\n|\n|upkeep\n|turn|2\n|inactive|royalkestrel has 30 seconds left.\n|\n|t:|1700578302\n|move|p1b: Arboliva|Earth Power|p2a: Iron Hands\n|-supereffective|p2a: Iron Hands\n|-damage|p2a: Iron Hands|44\/100\n|-unboost|p2a: Iron Hands|spd|1\n|-damage|p1b: Arboliva|91\/100|[from] item: Life Orb\n|move|p1a: Farigiraf|Psyshock|p2a: Iron Hands\n|-supereffective|p2a: Iron Hands\n|-damage|p2a: Iron Hands|0 fnt\n|faint|p2a: Iron Hands\n|-end|p2a: Iron Hands|Quark Drive|[silent]\n|move|p2b: Tatsugiri|Draco Meteor|p1b: Arboliva\n|-damage|p1b: Arboliva|7\/100\n|-unboost|p2b: Tatsugiri|spa|2\n|-fieldstart|move: Grassy Terrain|[from] ability: Seed Sower|[of] p1b: Arboliva\n|\n|-heal|p1b: Arboliva|13\/100|[from] Grassy Terrain\n|upkeep\n|\n|t:|1700578324\n|switch|p2a: Ceruledge|Ceruledge, L50, M, shiny|100\/100\n|turn|3\n|\n|t:|1700578347\n|switch|p2b: Dondozo|Dondozo, L50, F, shiny|100\/100\n|move|p1b: Arboliva|Protect|p1b: Arboliva\n|-singleturn|p1b: Arboliva|Protect\n|move|p2a: Ceruledge|Protect|p2a: Ceruledge\n|-singleturn|p2a: Ceruledge|Protect\n|move|p1a: Farigiraf|Psyshock|p2a: Ceruledge\n|-activate|p2a: Ceruledge|move: Protect\n|\n|-heal|p1b: Arboliva|19\/100|[from] Grassy Terrain\n|upkeep\n|turn|4\n|inactive|royalkestrel has 30 seconds left.\n|\n|t:|1700578377\n|switch|p2a: Tatsugiri|Tatsugiri, L50, M|100\/100\n|-activate|p2a: Tatsugiri|ability: Commander|[of] p2b: Dondozo\n|-boost|p2b: Dondozo|atk|2\n|-boost|p2b: Dondozo|spa|2\n|-boost|p2b: Dondozo|spe|2\n|-boost|p2b: Dondozo|def|2\n|-boost|p2b: Dondozo|spd|2\n|-terastallize|p1b: Arboliva|Poison\n|move|p1b: Arboliva|Giga Drain|p2b: Dondozo\n|-supereffective|p2b: Dondozo\n|-damage|p2b: Dondozo|30\/100\n|-heal|p1b: Arboliva|74\/100|[from] drain|[of] p2b: Dondozo\n|-damage|p1b: Arboliva|64\/100|[from] item: Life Orb\n|move|p1a: Farigiraf|Psyshock|p2b: Dondozo\n|-damage|p2b: Dondozo|17\/100\n|move|p2b: Dondozo|Earthquake|p1b: Arboliva|[spread] p1a,p1b\n|-miss|p2b: Dondozo|p2a: Tatsugiri\n|-supereffective|p1b: Arboliva\n|-damage|p1a: Farigiraf|78\/100\n|-damage|p1b: Arboliva|11\/100\n|\n|-heal|p1b: Arboliva|17\/100|[from] Grassy Terrain\n|-heal|p1a: Farigiraf|85\/100|[from] Grassy Terrain\n|-heal|p2b: Dondozo|23\/100|[from] Grassy Terrain\n|-heal|p2b: Dondozo|29\/100|[from] item: Leftovers\n|upkeep\n|turn|5\n|inactive|royalkestrel has 30 seconds left.\n|inactive|Astr0Striden has 30 seconds left.\n|\n|t:|1700578407\n|move|p2b: Dondozo|Protect|p2b: Dondozo\n|-singleturn|p2b: Dondozo|Protect\n|move|p1b: Arboliva|Giga Drain|p2b: Dondozo\n|-activate|p2b: Dondozo|move: Protect\n|move|p1a: Farigiraf|Hyper Voice|p2b: Dondozo|[spread] \n|-miss|p1a: Farigiraf|p2a: Tatsugiri\n|-activate|p2b: Dondozo|move: Protect\n|\n|-heal|p1b: Arboliva|23\/100|[from] Grassy Terrain\n|-heal|p1a: Farigiraf|91\/100|[from] Grassy Terrain\n|-heal|p2b: Dondozo|36\/100|[from] Grassy Terrain\n|-heal|p2b: Dondozo|42\/100|[from] item: Leftovers\n|-fieldend|move: Trick Room\n|upkeep\n|turn|6\n|inactive|royalkestrel has 30 seconds left.\n|\n|t:|1700578433\n|move|p1b: Arboliva|Protect|p1b: Arboliva\n|-singleturn|p1b: Arboliva|Protect\n|move|p2b: Dondozo|Wave Crash|p1a: Farigiraf\n|-damage|p1a: Farigiraf|0 fnt\n|faint|p1a: Farigiraf\n|-damage|p2b: Dondozo|15\/100|[from] Recoil\n|\n|-heal|p2b: Dondozo|22\/100|[from] Grassy Terrain\n|-heal|p2b: Dondozo|28\/100|[from] item: Leftovers\n|-heal|p1b: Arboliva|29\/100|[from] Grassy Terrain\n|-fieldend|move: Grassy Terrain\n|upkeep\n|\n|t:|1700578452\n|switch|p1a: Barraskewda|Barraskewda, L50, F|100\/100\n|turn|7\n|inactive|royalkestrel has 30 seconds left.\n|\n|t:|1700578481\n|move|p1a: Barraskewda|Poison Jab|p2b: Dondozo\n|-damage|p2b: Dondozo|15\/100\n|move|p2b: Dondozo|Earthquake|p1a: Barraskewda|[spread] p1a,p1b\n|-miss|p2b: Dondozo|p2a: Tatsugiri\n|-supereffective|p1b: Arboliva\n|-damage|p1a: Barraskewda|8\/100\n|-damage|p1b: Arboliva|0 fnt\n|-fieldstart|move: Grassy Terrain|[from] ability: Seed Sower|[of] p1b: Arboliva\n|faint|p1b: Arboliva\n|\n|-heal|p1a: Barraskewda|14\/100|[from] Grassy Terrain\n|-heal|p2b: Dondozo|21\/100|[from] Grassy Terrain\n|-heal|p2b: Dondozo|27\/100|[from] item: Leftovers\n|upkeep\n|\n|t:|1700578493\n|switch|p1b: Enamorus|Enamorus-Therian, L50, F|100\/100\n|turn|8\n|\n|t:|1700578505\n|move|p1a: Barraskewda|Poison Jab|p2b: Dondozo\n|-damage|p2b: Dondozo|13\/100\n|move|p2b: Dondozo|Heavy Slam|p1b: Enamorus\n|-supereffective|p1b: Enamorus\n|-damage|p1b: Enamorus|0 fnt\n|faint|p1b: Enamorus\n|\n|-heal|p1a: Barraskewda|20\/100|[from] Grassy Terrain\n|-heal|p2b: Dondozo|19\/100|[from] Grassy Terrain\n|-heal|p2b: Dondozo|25\/100|[from] item: Leftovers\n|upkeep\n|turn|9\n|\n|t:|1700578525\n|move|p2b: Dondozo|Protect|p2b: Dondozo\n|-singleturn|p2b: Dondozo|Protect\n|move|p1a: Barraskewda|Poison Jab|p2b: Dondozo\n|-activate|p2b: Dondozo|move: Protect\n|\n|-heal|p1a: Barraskewda|26\/100|[from] Grassy Terrain\n|-heal|p2b: Dondozo|32\/100|[from] Grassy Terrain\n|-heal|p2b: Dondozo|38\/100|[from] item: Leftovers\n|upkeep\n|turn|10\n|-message|royalkestrel forfeited.\n|\n|win|Astr0Striden\n|raw|royalkestrel's rating: 1055 &rarr; <strong>1039<\/strong><br \/>(-16 for losing)\n|raw|Astr0Striden's rating: 1090 &rarr; <strong>1114<\/strong><br \/>(+24 for winning)\n|l|\u2606royalkestrel\n","uploadtime":1700578561,"views":7,"p1id":"royalkestrel","p2id":"astr0striden","formatid":"gen9vgc2023regulatione","rating":1039,"private":0,"password":""}