{"id":"gen9vgc2023regulatione-2000665925","p1":"Brock_l3e","p2":"Orenthal223","format":"[Gen 9] VGC 2023 Regulation E","log":"|j|\u2606Brock_l3e\n|j|\u2606Orenthal223\n|t:|1701216363\n|gametype|doubles\n|player|p1|Brock_l3e|265|1075\n|player|p2|Orenthal223|rood|1114\n|teamsize|p1|6\n|teamsize|p2|6\n|gen|9\n|tier|[Gen 9] VGC 2023 Regulation E\n|rated|\n|rule|Species Clause: Limit one of each Pok\u00e9mon\n|rule|Item Clause: Limit one of each item\n|clearpoke\n|poke|p1|Fezandipiti, L50, M|\n|poke|p1|Ogerpon-Wellspring, L50, F|\n|poke|p1|Flutter Mane, L50|\n|poke|p1|Tornadus, L50, M|\n|poke|p1|Charizard, L50, M|\n|poke|p1|Roaring Moon, L50|\n|poke|p2|Iron Bundle, L50|\n|poke|p2|Iron Hands, L50|\n|poke|p2|Gholdengo, L50|\n|poke|p2|Kingambit, L50, M|\n|poke|p2|Flutter Mane, L50|\n|poke|p2|Landorus-Therian, L50, M|\n|teampreview|4\n|\n|t:|1701216385\n|start\n|switch|p1a: Ogerpon|Ogerpon-Wellspring, L50, F|100\/100\n|switch|p1b: Fezandipiti|Fezandipiti, L50, M|100\/100\n|switch|p2a: Landorus|Landorus-Therian, L50, M|100\/100\n|switch|p2b: Kingambit|Kingambit, L50, M|100\/100\n|-ability|p2a: Landorus|Intimidate|boost\n|-unboost|p1a: Ogerpon|atk|1\n|-unboost|p1b: Fezandipiti|atk|1\n|turn|1\n|\n|t:|1701216402\n|move|p2a: Landorus|Rock Slide|p1b: Fezandipiti|[spread] p1a\n|-miss|p2a: Landorus|p1b: Fezandipiti\n|-damage|p1a: Ogerpon|70\/100\n|cant|p1a: Ogerpon|flinch\n|move|p1b: Fezandipiti|Heat Wave|p2b: Kingambit|[spread] p2a,p2b\n|-supereffective|p2b: Kingambit\n|-damage|p2a: Landorus|85\/100\n|-damage|p2b: Kingambit|74\/100\n|move|p2b: Kingambit|Swords Dance|p2b: Kingambit\n|-boost|p2b: Kingambit|atk|2\n|\n|upkeep\n|turn|2\n|\n|t:|1701216434\n|move|p2a: Landorus|Rock Slide|p1a: Ogerpon|[spread] p1a,p1b\n|-damage|p1a: Ogerpon|39\/100\n|-damage|p1b: Fezandipiti|78\/100\n|move|p1a: Ogerpon|Ivy Cudgel|p2b: Kingambit|[anim] Ivy Cudgel Water\n|-damage|p2b: Kingambit|46\/100\n|move|p1b: Fezandipiti|Heat Wave|p2a: Landorus|[spread] p2a,p2b\n|-supereffective|p2b: Kingambit\n|-damage|p2a: Landorus|68\/100\n|-damage|p2b: Kingambit|21\/100\n|-status|p2b: Kingambit|brn\n|-enditem|p2b: Kingambit|Lum Berry|[eat]\n|-curestatus|p2b: Kingambit|brn|[msg]\n|move|p2b: Kingambit|Swords Dance|p2b: Kingambit\n|-boost|p2b: Kingambit|atk|2\n|\n|upkeep\n|turn|3\n|\n|t:|1701216455\n|switch|p2a: Gholdengo|Gholdengo, L50|100\/100\n|move|p1a: Ogerpon|Spiky Shield|p1a: Ogerpon\n|-singleturn|p1a: Ogerpon|move: Protect\n|move|p2b: Kingambit|Sucker Punch||[still]\n|-fail|p2b: Kingambit\n|move|p1b: Fezandipiti|Heat Wave|p2b: Kingambit|[spread] p2a,p2b\n|-supereffective|p2a: Gholdengo\n|-crit|p2a: Gholdengo\n|-supereffective|p2b: Kingambit\n|-damage|p2a: Gholdengo|55\/100\n|-damage|p2b: Kingambit|0 fnt\n|faint|p2b: Kingambit\n|\n|upkeep\n|\n|t:|1701216466\n|switch|p2b: Flutter Mane|Flutter Mane, L50|100\/100\n|turn|4\n|\n|t:|1701216475\n|-terastallize|p2b: Flutter Mane|Fairy\n|move|p2b: Flutter Mane|Dazzling Gleam|p1a: Ogerpon|[spread] p1a,p1b\n|-resisted|p1b: Fezandipiti\n|-damage|p1a: Ogerpon|0 fnt\n|-damage|p1b: Fezandipiti|63\/100\n|faint|p1a: Ogerpon\n|move|p1b: Fezandipiti|Icy Wind|p2b: Flutter Mane|[spread] p2a,p2b\n|-resisted|p2a: Gholdengo\n|-crit|p2a: Gholdengo\n|-damage|p2a: Gholdengo|49\/100\n|-damage|p2b: Flutter Mane|93\/100\n|-unboost|p2a: Gholdengo|spe|1\n|-unboost|p2b: Flutter Mane|spe|1\n|move|p2a: Gholdengo|Trick|p2b: Flutter Mane\n|-activate|p2a: Gholdengo|move: Trick|[of] p2b: Flutter Mane\n|-item|p2b: Flutter Mane|Choice Specs|[from] move: Trick\n|-item|p2a: Gholdengo|Focus Sash|[from] move: Trick\n|\n|upkeep\n|\n|t:|1701216492\n|switch|p1a: Tornadus|Tornadus, L50, M|100\/100\n|turn|5\n|\n|t:|1701216510\n|move|p1a: Tornadus|Tailwind|p1a: Tornadus\n|-sidestart|p1: Brock_l3e|move: Tailwind\n|move|p1b: Fezandipiti|Heat Wave|p2b: Flutter Mane|[spread] p2a,p2b\n|-supereffective|p2a: Gholdengo\n|-damage|p2a: Gholdengo|22\/100\n|-damage|p2b: Flutter Mane|79\/100\n|move|p2b: Flutter Mane|Moonblast|p1a: Tornadus\n|-crit|p1a: Tornadus\n|-damage|p1a: Tornadus|0 fnt\n|faint|p1a: Tornadus\n|move|p2a: Gholdengo|Trick|p1b: Fezandipiti\n|-activate|p2a: Gholdengo|move: Trick|[of] p1b: Fezandipiti\n|-item|p1b: Fezandipiti|Focus Sash|[from] move: Trick\n|-item|p2a: Gholdengo|Sitrus Berry|[from] move: Trick\n|-enditem|p2a: Gholdengo|Sitrus Berry|[eat]\n|-heal|p2a: Gholdengo|47\/100|[from] item: Sitrus Berry\n|\n|upkeep\n|\n|t:|1701216518\n|switch|p1a: Roaring Moon|Roaring Moon, L50|100\/100\n|turn|6\n|\n|t:|1701216531\n|-terastallize|p1b: Fezandipiti|Flying\n|move|p1a: Roaring Moon|Earthquake|p2b: Flutter Mane|[spread] p2a,p2b\n|-immune|p1b: Fezandipiti\n|-supereffective|p2a: Gholdengo\n|-damage|p2a: Gholdengo|0 fnt\n|-damage|p2b: Flutter Mane|0 fnt\n|faint|p2a: Gholdengo\n|faint|p2b: Flutter Mane\n|-end|p2b: Flutter Mane|Protosynthesis|[silent]\n|-damage|p1a: Roaring Moon|90\/100|[from] item: Life Orb\n|move|p1b: Fezandipiti|Dazzling Gleam|p2: Gholdengo|[notarget]\n|-fail|p1b: Fezandipiti\n|\n|upkeep\n|l|\u2606Brock_l3e\n|player|p1|\n|j|\u2606Brock_l3e\n|player|p1|Brock_l3e|265\n|\n|t:|1701216551\n|switch|p2a: Landorus|Landorus-Therian, L50, M|68\/100\n|-ability|p2a: Landorus|Intimidate|boost\n|-unboost|p1a: Roaring Moon|atk|1\n|-unboost|p1b: Fezandipiti|atk|1\n|turn|7\n|\n|t:|1701216560\n|move|p1a: Roaring Moon|Rock Slide|p2a: Landorus\n|-damage|p2a: Landorus|37\/100\n|-damage|p1a: Roaring Moon|80\/100|[from] item: Life Orb\n|move|p1b: Fezandipiti|Icy Wind|p2a: Landorus\n|-supereffective|p2a: Landorus\n|-damage|p2a: Landorus|0 fnt\n|faint|p2a: Landorus\n|\n|win|Brock_l3e\n|raw|Brock_l3e's rating: 1075 &rarr; <strong>1107<\/strong><br \/>(+32 for winning)\n|raw|Orenthal223's rating: 1114 &rarr; <strong>1086<\/strong><br \/>(-28 for losing)\n","uploadtime":1701216570,"views":0,"p1id":"brockl3e","p2id":"orenthal223","formatid":"gen9vgc2023regulatione","rating":1086,"private":0,"password":""}