{"id":"gen9vgc2023regulatione-1999773064","p1":"s150004","p2":"PsychoR&R","format":"[Gen 9] VGC 2023 Regulation E","log":"|j|\u2606s150004\n|j|\u2606PsychoR&R\n|t:|1701115370\n|gametype|doubles\n|player|p1|s150004|102|1540\n|player|p2|PsychoR&R|170|1614\n|teamsize|p1|6\n|teamsize|p2|6\n|gen|9\n|tier|[Gen 9] VGC 2023 Regulation E\n|rated|\n|rule|Species Clause: Limit one of each Pok\u00e9mon\n|rule|Item Clause: Limit one of each item\n|clearpoke\n|poke|p1|Weezing, L50, M|\n|poke|p1|Flutter Mane, L50|\n|poke|p1|Roaring Moon, L50|\n|poke|p1|Empoleon, L50, F|\n|poke|p1|Landorus-Therian, L50, M|\n|poke|p1|Iron Hands, L50|\n|poke|p2|Roaring Moon, L50|\n|poke|p2|Weezing, L50, M|\n|poke|p2|Arcanine-Hisui, L50, F|\n|poke|p2|Gholdengo, L50|\n|poke|p2|Urshifu-*, L50, M|\n|poke|p2|Brambleghast, L50, M|\n|teampreview|4\nPsychoR&R has agreed to open team sheets.\n|inactive|Battle timer is ON: inactive players will automatically lose when time's up. (requested by PsychoR&R)\n|inactive|PsychoR&R has 60 seconds left.\ns150004 has agreed to open team sheets.\n|j| Asacado\n|\n|t:|1701115434\n|start\n|switch|p1a: Landorus|Landorus-Therian, L50, M|100\/100\n|switch|p1b: Roaring Moon|Roaring Moon, L50|100\/100\n|switch|p2a: Roaring Moon|Roaring Moon, L50|100\/100\n|switch|p2b: Weezing|Weezing, L50, M|100\/100\n|-ability|p2b: Weezing|Neutralizing Gas\n|-block|p1a: Landorus|item: Ability Shield\n|-ability|p1a: Landorus|Intimidate|boost\n|-unboost|p2a: Roaring Moon|atk|1\n|-unboost|p2b: Weezing|atk|1\n|-enditem|p2a: Roaring Moon|Booster Energy\n|-activate|p2a: Roaring Moon|ability: Protosynthesis|[fromitem]\n|-start|p2a: Roaring Moon|protosynthesisspe\n|-enditem|p1b: Roaring Moon|Booster Energy\n|-activate|p1b: Roaring Moon|ability: Protosynthesis|[fromitem]\n|-start|p1b: Roaring Moon|protosynthesisatk\n|turn|1\n|\n|t:|1701115454\n|move|p1b: Roaring Moon|Protect|p1b: Roaring Moon\n|-singleturn|p1b: Roaring Moon|Protect\n|move|p2a: Roaring Moon|Breaking Swipe|p1b: Roaring Moon|[spread] p1a\n|-activate|p1b: Roaring Moon|move: Protect\n|-damage|p1a: Landorus|82\/100\n|-unboost|p1a: Landorus|atk|1\n|move|p1a: Landorus|Stomping Tantrum|p2b: Weezing\n|-supereffective|p2b: Weezing\n|-damage|p2b: Weezing|46\/100\n|-enditem|p2b: Weezing|Sitrus Berry|[eat]\n|-heal|p2b: Weezing|71\/100|[from] item: Sitrus Berry\n|move|p2b: Weezing|Will-O-Wisp|p1b: Roaring Moon\n|-activate|p1b: Roaring Moon|move: Protect\n|\n|upkeep\n|turn|2\n|\n|t:|1701115481\n|-end|p1b: Roaring Moon|Protosynthesis|[silent]\n|switch|p1b: Flutter Mane|Flutter Mane, L50|100\/100\n|move|p2a: Roaring Moon|Tailwind|p2a: Roaring Moon\n|-sidestart|p2: PsychoR&R|move: Tailwind\n|move|p2b: Weezing|Will-O-Wisp|p1a: Landorus\n|-status|p1a: Landorus|brn\n|move|p1a: Landorus|Stomping Tantrum|p2b: Weezing\n|-supereffective|p2b: Weezing\n|-damage|p2b: Weezing|43\/100\n|\n|-damage|p1a: Landorus|76\/100 brn|[from] brn\n|upkeep\n|turn|3\n|inactive|s150004 has 30 seconds left.\n|\n|t:|1701115515\n|move|p2a: Roaring Moon|Knock Off|p1b: Flutter Mane\n|-damage|p1b: Flutter Mane|31\/100\n|-enditem|p1b: Flutter Mane|Choice Specs|[from] move: Knock Off|[of] p2a: Roaring Moon\n|move|p1b: Flutter Mane|Shadow Ball|p2b: Weezing\n|-damage|p2b: Weezing|0 fnt\n|faint|p2b: Weezing\n|-end|p2b: Weezing|ability: Neutralizing Gas\n|move|p1a: Landorus|U-turn|p2a: Roaring Moon\n|-supereffective|p2a: Roaring Moon\n|-damage|p2a: Roaring Moon|78\/100\n|\n|t:|1701115525\n|switch|p1a: Iron Hands|Iron Hands, L50|100\/100|[from] U-turn\n|\n|upkeep\n|\n|t:|1701115529\n|switch|p2b: Arcanine|Arcanine-Hisui, L50, F|100\/100\n|-ability|p2b: Arcanine|Intimidate|boost\n|-unboost|p1a: Iron Hands|atk|1\n|-unboost|p1b: Flutter Mane|atk|1\n|turn|4\n|\n|t:|1701115542\n|-end|p1b: Flutter Mane|Protosynthesis|[silent]\n|switch|p1b: Landorus|Landorus-Therian, L50, M|76\/100 brn\n|-ability|p1b: Landorus|Intimidate|boost\n|-unboost|p2a: Roaring Moon|atk|1\n|-unboost|p2b: Arcanine|atk|1\n|-terastallize|p2b: Arcanine|Fairy\n|move|p2a: Roaring Moon|Protect|p2a: Roaring Moon\n|-singleturn|p2a: Roaring Moon|Protect\n|move|p2b: Arcanine|Tera Blast|p1a: Iron Hands|[anim] Tera Blast Fairy\n|-supereffective|p1a: Iron Hands\n|-damage|p1a: Iron Hands|42\/100\n|move|p1a: Iron Hands|Drain Punch|p2b: Arcanine\n|-resisted|p2b: Arcanine\n|-damage|p2b: Arcanine|85\/100\n|-heal|p1a: Iron Hands|49\/100|[from] drain|[of] p2b: Arcanine\n|\n|-damage|p1b: Landorus|70\/100 brn|[from] brn\n|upkeep\n|turn|5\n|inactive|s150004 has 30 seconds left.\n|\n|t:|1701115568\n|move|p2a: Roaring Moon|Breaking Swipe|p1b: Landorus|[spread] p1a,p1b\n|-crit|p1b: Landorus\n|-damage|p1a: Iron Hands|42\/100\n|-damage|p1b: Landorus|30\/100 brn\n|-unboost|p1a: Iron Hands|atk|1\n|-unboost|p1b: Landorus|atk|1\n|move|p2b: Arcanine|Tera Blast|p1b: Landorus|[anim] Tera Blast Fairy\n|-damage|p1b: Landorus|0 fnt\n|faint|p1b: Landorus\n|move|p1a: Iron Hands|Drain Punch|p2a: Roaring Moon\n|-supereffective|p2a: Roaring Moon\n|-damage|p2a: Roaring Moon|30\/100\n|-heal|p1a: Iron Hands|63\/100|[from] drain|[of] p2a: Roaring Moon\n|\n|-sideend|p2: PsychoR&R|move: Tailwind\n|upkeep\n|\n|t:|1701115578\n|switch|p1b: Flutter Mane|Flutter Mane, L50|31\/100\n|turn|6\n|\n|t:|1701115591\n|-end|p1a: Iron Hands|Quark Drive|[silent]\n|switch|p1a: Roaring Moon|Roaring Moon, L50|100\/100\n|move|p2a: Roaring Moon|Tailwind|p2a: Roaring Moon\n|-sidestart|p2: PsychoR&R|move: Tailwind\n|move|p2b: Arcanine|Tera Blast|p1b: Flutter Mane|[anim] Tera Blast Fairy\n|-damage|p1b: Flutter Mane|0 fnt\n|faint|p1b: Flutter Mane\n|-end|p1b: Flutter Mane|Protosynthesis|[silent]\n|\n|upkeep\n|\n|t:|1701115595\n|switch|p1b: Iron Hands|Iron Hands, L50|63\/100\n|turn|7\n|-message|s150004 forfeited.\n|\n|win|PsychoR&R\n|raw|s150004's rating: 1540 &rarr; <strong>1524<\/strong><br \/>(-16 for losing)\n|raw|PsychoR&amp;R's rating: 1614 &rarr; <strong>1630<\/strong><br \/>(+16 for winning)\n|l|\u2606s150004\n|l|\u2606PsychoR&R\n","uploadtime":1701115683,"views":5,"p1id":"s150004","p2id":"psychorr","formatid":"gen9vgc2023regulatione","rating":1524,"private":0,"password":""}