{"id":"gen9vgc2023regulatione-1995248979","p1":"RaimuBeat","p2":"lorenzombie","format":"[Gen 9] VGC 2023 Regulation E","log":"|j|\u2606RaimuBeat\n|j|\u2606lorenzombie\n|t:|1700539990\n|gametype|doubles\n|player|p1|RaimuBeat|caitlin|1266\n|player|p2|lorenzombie|peony|1321\n|teamsize|p1|6\n|teamsize|p2|6\n|gen|9\n|tier|[Gen 9] VGC 2023 Regulation E\n|rated|\n|rule|Species Clause: Limit one of each Pok\u00e9mon\n|rule|Item Clause: Limit one of each item\n|clearpoke\n|poke|p1|Ogerpon-Hearthflame, L50, F|\n|poke|p1|Fezandipiti, L50, M|\n|poke|p1|Sinistcha, L50|\n|poke|p1|Arcanine-Hisui, L50, M|\n|poke|p1|Ursaluna-Bloodmoon, L50, M|\n|poke|p1|Milotic, L50, F|\n|poke|p2|Sableye, L50, F|\n|poke|p2|Landorus, L50, M|\n|poke|p2|Iron Valiant, L50|\n|poke|p2|Ogerpon-Wellspring, L50, F|\n|poke|p2|Iron Hands, L50|\n|poke|p2|Forretress, L50, F|\n|teampreview|4\n|inactive|Battle timer is ON: inactive players will automatically lose when time's up. (requested by lorenzombie)\nRaimuBeat has agreed to open team sheets.\n|\n|t:|1700540006\n|start\n|switch|p1a: Pepper|Ogerpon-Hearthflame, L50, F|100\/100\n|switch|p1b: Cinnamon|Fezandipiti, L50, M|100\/100\n|switch|p2a: Sableye|Sableye, L50, F, shiny|100\/100\n|switch|p2b: Iron Valiant|Iron Valiant, L50|100\/100\n|-ability|p1a: Pepper|Mold Breaker\n|-enditem|p2b: Iron Valiant|Booster Energy\n|-activate|p2b: Iron Valiant|ability: Quark Drive|[fromitem]\n|-start|p2b: Iron Valiant|quarkdrivespe\n|turn|1\n|\n|t:|1700540023\n|move|p1a: Pepper|Spiky Shield|p1a: Pepper\n|-singleturn|p1a: Pepper|move: Protect\n|move|p2a: Sableye|Gravity|p2a: Sableye\n|-fieldstart|move: Gravity\n|move|p2b: Iron Valiant|Hypnosis|p1b: Cinnamon\n|-status|p1b: Cinnamon|slp|[from] move: Hypnosis\n|cant|p1b: Cinnamon|slp\n|\n|upkeep\n|turn|2\n|\n|t:|1700540039\n|switch|p2a: Ogerpon|Ogerpon-Wellspring, L50, F|100\/100\n|-terastallize|p1a: Pepper|Fire\n|detailschange|p1a: Pepper|Ogerpon-Hearthflame-Tera, L50, F, tera:Fire\n|-ability|p1a: Pepper|Embody Aspect (Hearthflame)|boost\n|-boost|p1a: Pepper|atk|1\n|move|p2b: Iron Valiant|Hypnosis|p1a: Pepper\n|-status|p1a: Pepper|slp|[from] move: Hypnosis\n|cant|p1a: Pepper|slp\n|cant|p1b: Cinnamon|slp\n|\n|upkeep\n|turn|3\n|\n|t:|1700540052\n|switch|p1a: Chai|Sinistcha, L50|100\/100\n|move|p2b: Iron Valiant|Icy Wind|p1b: Cinnamon|[spread] p1a,p1b\n|-supereffective|p1a: Chai\n|-damage|p1a: Chai|68\/100\n|-damage|p1b: Cinnamon|90\/100 slp\n|-unboost|p1a: Chai|spe|1\n|-unboost|p1b: Cinnamon|spe|1\n|move|p2a: Ogerpon|Ivy Cudgel|p1a: Chai|[anim] Ivy Cudgel Water\n|-resisted|p1a: Chai\n|-damage|p1a: Chai|48\/100\n|-curestatus|p1b: Cinnamon|slp|[msg]\n|move|p1b: Cinnamon|Tailwind|p1b: Cinnamon\n|-sidestart|p1: RaimuBeat|move: Tailwind\n|\n|-heal|p1b: Cinnamon|96\/100|[from] item: Black Sludge\n|-heal|p1a: Chai|54\/100|[from] item: Leftovers\n|upkeep\n|turn|4\n|\n|t:|1700540069\n|move|p2b: Iron Valiant|Hypnosis|p1b: Cinnamon\n|-status|p1b: Cinnamon|slp|[from] move: Hypnosis\n|cant|p1b: Cinnamon|slp\n|move|p2a: Ogerpon|Ivy Cudgel|p1b: Cinnamon|[anim] Ivy Cudgel Water\n|-damage|p1b: Cinnamon|55\/100 slp\n|move|p1a: Chai|Matcha Gotcha|p2a: Ogerpon|[spread] p2a,p2b\n|-damage|p2a: Ogerpon|79\/100\n|-heal|p1a: Chai|65\/100|[from] drain|[of] p2a: Ogerpon\n|-damage|p2b: Iron Valiant|61\/100\n|-heal|p1a: Chai|84\/100|[from] drain|[of] p2b: Iron Valiant\n|-status|p2b: Iron Valiant|brn\n|\n|-heal|p1b: Cinnamon|61\/100 slp|[from] item: Black Sludge\n|-heal|p1a: Chai|90\/100|[from] item: Leftovers\n|-damage|p2b: Iron Valiant|55\/100 brn|[from] brn\n|upkeep\n|turn|5\n|\n|t:|1700540088\n|move|p2b: Iron Valiant|Hypnosis|p1a: Chai\n|-status|p1a: Chai|slp|[from] move: Hypnosis\n|cant|p1b: Cinnamon|slp\n|move|p2a: Ogerpon|Ivy Cudgel|p1b: Cinnamon|[anim] Ivy Cudgel Water\n|-crit|p1b: Cinnamon\n|-damage|p1b: Cinnamon|0 fnt\n|faint|p1b: Cinnamon\n|cant|p1a: Chai|slp\n|\n|-heal|p1a: Chai|97\/100 slp|[from] item: Leftovers\n|-damage|p2b: Iron Valiant|49\/100 brn|[from] brn\n|-fieldend|move: Gravity\n|upkeep\n|\n|t:|1700540100\n|switch|p1b: Pepper|Ogerpon-Hearthflame-Tera, L50, F, tera:Fire|100\/100 slp\n|-ability|p1b: Pepper|Embody Aspect (Hearthflame)|boost\n|-boost|p1b: Pepper|atk|1\n|turn|6\n|\n|t:|1700540108\n|cant|p1b: Pepper|slp\n|move|p2b: Iron Valiant|Icy Wind|p1a: Chai|[spread] p1a,p1b\n|-supereffective|p1a: Chai\n|-resisted|p1b: Pepper\n|-damage|p1a: Chai|63\/100 slp\n|-damage|p1b: Pepper|93\/100 slp\n|-unboost|p1a: Chai|spe|1\n|-unboost|p1b: Pepper|spe|1\n|move|p2a: Ogerpon|Ivy Cudgel|p1b: Pepper|[anim] Ivy Cudgel Water\n|-supereffective|p1b: Pepper\n|-damage|p1b: Pepper|0 fnt\n|faint|p1b: Pepper\n|-curestatus|p1a: Chai|slp|[msg]\n|move|p1a: Chai|Matcha Gotcha|p2b: Iron Valiant|[spread] p2a,p2b\n|-damage|p2a: Ogerpon|55\/100\n|-heal|p1a: Chai|76\/100|[from] drain|[of] p2a: Ogerpon\n|-damage|p2b: Iron Valiant|12\/100 brn\n|-heal|p1a: Chai|94\/100|[from] drain|[of] p2b: Iron Valiant\n|\n|-heal|p1a: Chai|99\/100|[from] item: Leftovers\n|-damage|p2b: Iron Valiant|6\/100 brn|[from] brn\n|-sideend|p1: RaimuBeat|move: Tailwind\n|upkeep\n|\n|t:|1700540129\n|switch|p1b: Mustard|Arcanine-Hisui, L50, M, shiny|100\/100\n|turn|7\n|\n|t:|1700540156\n|move|p1b: Mustard|Extreme Speed|p2a: Ogerpon\n|-damage|p2a: Ogerpon|25\/100\n|-damage|p1b: Mustard|90\/100|[from] item: Life Orb\n|move|p2b: Iron Valiant|Icy Wind|p1b: Mustard|[spread] p1b\n|-miss|p2b: Iron Valiant|p1a: Chai\n|-resisted|p1b: Mustard\n|-damage|p1b: Mustard|83\/100\n|-unboost|p1b: Mustard|spe|1\n|move|p2a: Ogerpon|Ivy Cudgel|p1b: Mustard|[anim] Ivy Cudgel Water\n|-supereffective|p1b: Mustard\n|-damage|p1b: Mustard|0 fnt\n|faint|p1b: Mustard\n|move|p1a: Chai|Matcha Gotcha|p2a: Ogerpon|[spread] p2a,p2b\n|-damage|p2a: Ogerpon|2\/100\n|-heal|p1a: Chai|100\/100|[from] drain|[of] p2a: Ogerpon\n|-damage|p2b: Iron Valiant|0 fnt\n|-status|p2a: Ogerpon|brn\n|faint|p2b: Iron Valiant\n|-end|p2b: Iron Valiant|Quark Drive|[silent]\n|\n|-damage|p2a: Ogerpon|0 fnt|[from] brn\n|faint|p2a: Ogerpon\n|upkeep\n|\n|t:|1700540162\n|switch|p2b: Forretress|Forretress, L50, F|100\/100\n|switch|p2a: Sableye|Sableye, L50, F, shiny|100\/100\n|turn|8\n|\n|t:|1700540184\n|move|p2a: Sableye|Foul Play|p1a: Chai\n|-supereffective|p1a: Chai\n|-damage|p1a: Chai|76\/100\n|move|p2b: Forretress|Gyro Ball|p1a: Chai\n|-crit|p1a: Chai\n|-damage|p1a: Chai|68\/100\n|move|p1a: Chai|Matcha Gotcha|p2a: Sableye|[spread] p2a,p2b\n|-resisted|p2b: Forretress\n|-damage|p2a: Sableye|70\/100\n|-heal|p1a: Chai|82\/100|[from] drain|[of] p2a: Sableye\n|-damage|p2b: Forretress|95\/100\n|-heal|p1a: Chai|85\/100|[from] drain|[of] p2b: Forretress\n|-status|p2a: Sableye|brn\n|\n|-heal|p2b: Forretress|100\/100|[from] item: Leftovers\n|-heal|p1a: Chai|91\/100|[from] item: Leftovers\n|-damage|p2a: Sableye|64\/100 brn|[from] brn\n|upkeep\n|turn|9\n|\n|t:|1700540201\n|move|p2a: Sableye|Foul Play|p1a: Chai\n|-supereffective|p1a: Chai\n|-damage|p1a: Chai|79\/100\n|move|p2b: Forretress|Gyro Ball|p1a: Chai\n|-damage|p1a: Chai|74\/100\n|move|p1a: Chai|Matcha Gotcha|p2a: Sableye|[spread] p2a,p2b\n|-resisted|p2b: Forretress\n|-damage|p2a: Sableye|36\/100 brn\n|-heal|p1a: Chai|87\/100|[from] drain|[of] p2a: Sableye\n|-damage|p2b: Forretress|95\/100\n|-heal|p1a: Chai|90\/100|[from] drain|[of] p2b: Forretress\n|-enditem|p2a: Sableye|Sitrus Berry|[eat]\n|-heal|p2a: Sableye|60\/100 brn|[from] item: Sitrus Berry\n|\n|-heal|p2b: Forretress|100\/100|[from] item: Leftovers\n|-heal|p1a: Chai|96\/100|[from] item: Leftovers\n|-damage|p2a: Sableye|55\/100 brn|[from] brn\n|upkeep\n|turn|10\n|c|\u2606lorenzombie|ggs\n|\n|t:|1700540219\n|move|p2a: Sableye|Thunder Wave|p1a: Chai\n|-status|p1a: Chai|par\n|move|p2b: Forretress|Gyro Ball|p1a: Chai\n|-damage|p1a: Chai|93\/100 par\n|move|p1a: Chai|Matcha Gotcha|p2b: Forretress|[spread] p2a,p2b\n|-resisted|p2b: Forretress\n|-damage|p2a: Sableye|26\/100 brn\n|-heal|p1a: Chai|100\/100 par|[from] drain|[of] p2a: Sableye\n|-damage|p2b: Forretress|95\/100\n|\n|-heal|p2b: Forretress|100\/100|[from] item: Leftovers\n|-damage|p2a: Sableye|20\/100 brn|[from] brn\n|upkeep\n|turn|11\n|c|\u2606lorenzombie|cant really do much to it now haha\n|c|\u2606RaimuBeat|This just really amusing\n|inactive|RaimuBeat has 30 seconds left.\n|c|\u2606lorenzombie|this is what I get for using gyro ball to counter mane lol\n|inactive|RaimuBeat has 20 seconds left.\n|c|\u2606RaimuBeat|A teacup too slow and physically weak to die\n|inactive|RaimuBeat has 15 seconds left.\n|\n|t:|1700540260\n|move|p2a: Sableye|Foul Play|p1a: Chai\n|-supereffective|p1a: Chai\n|-damage|p1a: Chai|88\/100 par\n|move|p2b: Forretress|Gyro Ball|p1a: Chai\n|-damage|p1a: Chai|85\/100 par\n|cant|p1a: Chai|par\n|\n|-heal|p1a: Chai|91\/100 par|[from] item: Leftovers\n|-damage|p2a: Sableye|15\/100 brn|[from] brn\n|upkeep\n|turn|12\n|\n|t:|1700540270\n|move|p2a: Sableye|Foul Play|p1a: Chai\n|-supereffective|p1a: Chai\n|-damage|p1a: Chai|79\/100 par\n|move|p2b: Forretress|Gyro Ball|p1a: Chai\n|-damage|p1a: Chai|75\/100 par\n|move|p1a: Chai|Matcha Gotcha|p2a: Sableye|[spread] p2a,p2b\n|-resisted|p2b: Forretress\n|-crit|p2b: Forretress\n|-damage|p2a: Sableye|0 fnt\n|-heal|p1a: Chai|81\/100 par|[from] drain|[of] p2a: Sableye\n|-damage|p2b: Forretress|92\/100\n|-heal|p1a: Chai|86\/100 par|[from] drain|[of] p2b: Forretress\n|faint|p2a: Sableye\n|\n|-heal|p2b: Forretress|98\/100|[from] item: Leftovers\n|-heal|p1a: Chai|92\/100 par|[from] item: Leftovers\n|upkeep\n|turn|13\n|\n|t:|1700540286\n|move|p2b: Forretress|Gyro Ball|p1a: Chai\n|-damage|p1a: Chai|89\/100 par\n|move|p1a: Chai|Matcha Gotcha|p2b: Forretress\n|-resisted|p2b: Forretress\n|-damage|p2b: Forretress|90\/100\n|-heal|p1a: Chai|93\/100 par|[from] drain|[of] p2b: Forretress\n|\n|-heal|p2b: Forretress|96\/100|[from] item: Leftovers\n|-heal|p1a: Chai|99\/100 par|[from] item: Leftovers\n|upkeep\n|turn|14\n|c|\u2606lorenzombie|ggs all the same friend this was fun\n|\n|t:|1700540301\n|move|p2b: Forretress|Gyro Ball|p1a: Chai\n|-damage|p1a: Chai|96\/100 par\n|move|p1a: Chai|Matcha Gotcha|p2b: Forretress\n|-resisted|p2b: Forretress\n|-damage|p2b: Forretress|89\/100\n|-heal|p1a: Chai|99\/100 par|[from] drain|[of] p2b: Forretress\n|\n|-heal|p2b: Forretress|95\/100|[from] item: Leftovers\n|-heal|p1a: Chai|100\/100 par|[from] item: Leftovers\n|upkeep\n|turn|15\n|c|\u2606RaimuBeat|gg!\n|-message|lorenzombie forfeited.\n|\n|win|RaimuBeat\n|raw|RaimuBeat's rating: 1266 &rarr; <strong>1295<\/strong><br \/>(+29 for winning)\n|raw|lorenzombie's rating: 1321 &rarr; <strong>1298<\/strong><br \/>(-23 for losing)\n|l|\u2606lorenzombie\n","uploadtime":1700540314,"views":21,"p1id":"raimubeat","p2id":"lorenzombie","formatid":"gen9vgc2023regulatione","rating":1295,"private":0,"password":""}