{"id":"gen9vgc2023regulatione-1990555805","p1":"Kzjrzhzk","p2":"Momomomom34","format":"[Gen 9] VGC 2023 Regulation E","log":"|j|\u2606Kzjrzhzk\n|j|\u2606Momomomom34\n|t:|1699981112\n|gametype|doubles\n|player|p1|Kzjrzhzk|lance|1068\n|player|p2|Momomomom34|marlon|1054\n|teamsize|p1|6\n|teamsize|p2|6\n|gen|9\n|tier|[Gen 9] VGC 2023 Regulation E\n|rated|\n|rule|Species Clause: Limit one of each Pok\u00e9mon\n|rule|Item Clause: Limit one of each item\n|clearpoke\n|poke|p1|Flutter Mane, L50|\n|poke|p1|Tornadus, L50, M|\n|poke|p1|Rillaboom, L50, M|\n|poke|p1|Garganacl, L50, F|\n|poke|p1|Arcanine-Hisui, L50, F|\n|poke|p1|Chien-Pao, L50|\n|poke|p2|Dragonite, L50, M|\n|poke|p2|Sylveon, L50, F|\n|poke|p2|Arcanine, L50, F|\n|poke|p2|Milotic, L50, F|\n|poke|p2|Sinistcha, L50|\n|poke|p2|Ogerpon-Wellspring, L50, F|\n|teampreview|4\n|inactive|Battle timer is ON: inactive players will automatically lose when time's up. (requested by Momomomom34)\n|inactive|Kzjrzhzk has 60 seconds left.\n|\n|t:|1699981162\n|start\n|switch|p1a: Tornadus|Tornadus, L50, M|100\/100\n|switch|p1b: Garganacl|Garganacl, L50, F|100\/100\n|switch|p2a: Arcanine|Arcanine, L50, F|100\/100\n|switch|p2b: Milotic|Milotic, L50, F|100\/100\n|-ability|p2a: Arcanine|Intimidate|boost\n|-unboost|p1a: Tornadus|atk|1\n|-unboost|p1b: Garganacl|atk|1\n|turn|1\n|\n|t:|1699981185\n|switch|p2a: Sinistcha|Sinistcha, L50|100\/100\n|-terastallize|p1b: Garganacl|Ghost\n|move|p1a: Tornadus|Taunt|p2b: Milotic\n|-start|p2b: Milotic|move: Taunt\n|move|p2b: Milotic|Ice Beam|p1a: Tornadus\n|-supereffective|p1a: Tornadus\n|-crit|p1a: Tornadus\n|-damage|p1a: Tornadus|45\/100\n|move|p1b: Garganacl|Salt Cure|p2b: Milotic\n|-damage|p2b: Milotic|93\/100\n|-start|p2b: Milotic|Salt Cure\n|\n|-damage|p2b: Milotic|68\/100|[from] Salt Cure\n|upkeep\n|turn|2\n|inactive|Momomomom34 has 30 seconds left.\n|\n|t:|1699981211\n|move|p1a: Tornadus|Tailwind|p1a: Tornadus\n|-sidestart|p1: Kzjrzhzk|move: Tailwind\n|move|p1b: Garganacl|Iron Defense|p1b: Garganacl\n|-boost|p1b: Garganacl|def|2\n|move|p2b: Milotic|Ice Beam|p1a: Tornadus\n|-supereffective|p1a: Tornadus\n|-damage|p1a: Tornadus|10\/100\n|move|p2a: Sinistcha|Matcha Gotcha|p1a: Tornadus|[spread] p1a,p1b\n|-resisted|p1a: Tornadus\n|-damage|p1a: Tornadus|0 fnt\n|-damage|p1b: Garganacl|83\/100\n|faint|p1a: Tornadus\n|\n|-damage|p2b: Milotic|44\/100|[from] Salt Cure\n|upkeep\n|\n|t:|1699981225\n|switch|p1a: Rillaboom|Rillaboom, L50, M|100\/100\n|-fieldstart|move: Grassy Terrain|[from] ability: Grassy Surge|[of] p1a: Rillaboom\n|turn|3\n|\n|t:|1699981242\n|move|p1a: Rillaboom|Fake Out|p2b: Milotic\n|-damage|p2b: Milotic|32\/100\n|-damage|p1a: Rillaboom|84\/100|[from] item: Rocky Helmet|[of] p2b: Milotic\n|move|p1b: Garganacl|Salt Cure|p2a: Sinistcha\n|-damage|p2a: Sinistcha|93\/100\n|-start|p2a: Sinistcha|Salt Cure\n|cant|p2b: Milotic|flinch\n|move|p2a: Sinistcha|Strength Sap|p1a: Rillaboom\n|-unboost|p1a: Rillaboom|atk|1\n|-heal|p2a: Sinistcha|100\/100\n|\n|-heal|p1a: Rillaboom|90\/100|[from] Grassy Terrain\n|-heal|p1b: Garganacl|88\/100|[from] Grassy Terrain\n|-heal|p2b: Milotic|38\/100|[from] Grassy Terrain\n|-damage|p2b: Milotic|13\/100|[from] Salt Cure\n|-damage|p2a: Sinistcha|88\/100|[from] Salt Cure\n|-end|p2b: Milotic|move: Taunt\n|upkeep\n|turn|4\n|\n|t:|1699981264\n|move|p2b: Milotic|Protect|p2b: Milotic\n|-singleturn|p2b: Milotic|Protect\n|move|p1a: Rillaboom|Wood Hammer|p2b: Milotic\n|-activate|p2b: Milotic|move: Protect\n|move|p1b: Garganacl|Iron Defense|p1b: Garganacl\n|-boost|p1b: Garganacl|def|2\n|move|p2a: Sinistcha|Strength Sap|p1a: Rillaboom\n|-unboost|p1a: Rillaboom|atk|1\n|-heal|p2a: Sinistcha|100\/100\n|\n|-heal|p1a: Rillaboom|96\/100|[from] Grassy Terrain\n|-heal|p1b: Garganacl|94\/100|[from] Grassy Terrain\n|-heal|p2b: Milotic|19\/100|[from] Grassy Terrain\n|-damage|p2b: Milotic|0 fnt|[from] Salt Cure\n|faint|p2b: Milotic\n|-damage|p2a: Sinistcha|88\/100|[from] Salt Cure\n|upkeep\n|\n|t:|1699981283\n|switch|p2b: Arcanine|Arcanine, L50, F|100\/100\n|-ability|p2b: Arcanine|Intimidate|boost\n|-unboost|p1a: Rillaboom|atk|1\n|-unboost|p1b: Garganacl|atk|1\n|turn|5\n|\n|t:|1699981300\n|switch|p1a: Arcanine|Arcanine-Hisui, L50, F|100\/100\n|-ability|p1a: Arcanine|Intimidate|boost\n|-unboost|p2a: Sinistcha|atk|1\n|-unboost|p2b: Arcanine|atk|1\n|-terastallize|p2b: Arcanine|Fairy\n|move|p2b: Arcanine|Play Rough|p1b: Garganacl\n|-damage|p1b: Garganacl|88\/100\n|move|p1b: Garganacl|Salt Cure|p2b: Arcanine\n|-damage|p2b: Arcanine|93\/100\n|-start|p2b: Arcanine|Salt Cure\n|move|p2a: Sinistcha|Matcha Gotcha|p1a: Arcanine|[spread] p1a,p1b\n|-damage|p1a: Arcanine|59\/100\n|-heal|p2a: Sinistcha|100\/100|[from] drain|[of] p1a: Arcanine\n|-damage|p1b: Garganacl|68\/100\n|\n|-heal|p1a: Arcanine|65\/100|[from] Grassy Terrain\n|-heal|p2b: Arcanine|98\/100|[from] Grassy Terrain\n|-heal|p1b: Garganacl|73\/100|[from] Grassy Terrain\n|-damage|p2b: Arcanine|86\/100|[from] Salt Cure\n|-damage|p2a: Sinistcha|88\/100|[from] Salt Cure\n|-sideend|p1: Kzjrzhzk|move: Tailwind\n|upkeep\n|turn|6\n|inactive|Momomomom34 has 30 seconds left.\n|inactive|Momomomom34 has 20 seconds left.\n|\n|t:|1699981336\n|move|p1a: Arcanine|Flare Blitz|p2a: Sinistcha\n|-supereffective|p2a: Sinistcha\n|-damage|p2a: Sinistcha|0 fnt\n|faint|p2a: Sinistcha\n|-damage|p1a: Arcanine|35\/100|[from] Recoil\n|move|p2b: Arcanine|Flare Blitz|p1b: Garganacl\n|-damage|p1b: Garganacl|65\/100\n|-damage|p2b: Arcanine|83\/100|[from] Recoil\n|move|p1b: Garganacl|Salt Cure|p2b: Arcanine\n|-damage|p2b: Arcanine|75\/100\n|\n|-heal|p1a: Arcanine|41\/100|[from] Grassy Terrain\n|-heal|p2b: Arcanine|81\/100|[from] Grassy Terrain\n|-heal|p1b: Garganacl|71\/100|[from] Grassy Terrain\n|-damage|p2b: Arcanine|69\/100|[from] Salt Cure\n|upkeep\n|\n|t:|1699981352\n|switch|p2a: Ogerpon|Ogerpon-Wellspring, L50, F|100\/100\n|turn|7\n|\n|t:|1699981364\n|switch|p1a: Rillaboom|Rillaboom, L50, M|96\/100\n|move|p2b: Arcanine|Flare Blitz|p1b: Garganacl\n|-damage|p1b: Garganacl|61\/100\n|-damage|p2b: Arcanine|66\/100|[from] Recoil\n|move|p2a: Ogerpon|Swords Dance|p2a: Ogerpon\n|-boost|p2a: Ogerpon|atk|2\n|move|p1b: Garganacl|Salt Cure|p2a: Ogerpon\n|-damage|p2a: Ogerpon|94\/100\n|-start|p2a: Ogerpon|Salt Cure\n|\n|-heal|p2b: Arcanine|72\/100|[from] Grassy Terrain\n|-heal|p2a: Ogerpon|99\/100|[from] Grassy Terrain\n|-heal|p1a: Rillaboom|100\/100|[from] Grassy Terrain\n|-heal|p1b: Garganacl|67\/100|[from] Grassy Terrain\n|-damage|p2b: Arcanine|60\/100|[from] Salt Cure\n|-damage|p2a: Ogerpon|75\/100|[from] Salt Cure\n|-fieldend|move: Grassy Terrain\n|upkeep\n|turn|8\n|inactive|Momomomom34 has 30 seconds left.\n|\n|t:|1699981394\n|move|p1a: Rillaboom|Fake Out|p2b: Arcanine\n|-damage|p2b: Arcanine|42\/100\n|cant|p2b: Arcanine|flinch\n|move|p2a: Ogerpon|Horn Leech|p1a: Rillaboom\n|-resisted|p1a: Rillaboom\n|-crit|p1a: Rillaboom\n|-damage|p1a: Rillaboom|34\/100\n|-heal|p2a: Ogerpon|100\/100|[from] drain|[of] p1a: Rillaboom\n|move|p1b: Garganacl|Iron Defense|p1b: Garganacl\n|-boost|p1b: Garganacl|def|2\n|\n|-damage|p2b: Arcanine|30\/100|[from] Salt Cure\n|-damage|p2a: Ogerpon|76\/100|[from] Salt Cure\n|upkeep\n|turn|9\n|\n|t:|1699981419\n|switch|p1a: Arcanine|Arcanine-Hisui, L50, F|41\/100\n|-ability|p1a: Arcanine|Intimidate|boost\n|-unboost|p2a: Ogerpon|atk|1\n|-unboost|p2b: Arcanine|atk|1\n|move|p2b: Arcanine|Flare Blitz|p1a: Arcanine\n|-resisted|p1a: Arcanine\n|-damage|p1a: Arcanine|33\/100\n|-damage|p2b: Arcanine|27\/100|[from] Recoil\n|move|p2a: Ogerpon|Horn Leech|p1a: Arcanine\n|-damage|p1a: Arcanine|0 fnt\n|-heal|p2a: Ogerpon|91\/100|[from] drain|[of] p1a: Arcanine\n|faint|p1a: Arcanine\n|move|p1b: Garganacl|Recover|p1b: Garganacl\n|-heal|p1b: Garganacl|100\/100\n|\n|-damage|p2b: Arcanine|15\/100|[from] Salt Cure\n|-damage|p2a: Ogerpon|66\/100|[from] Salt Cure\n|upkeep\n|\n|t:|1699981432\n|switch|p1a: Rillaboom|Rillaboom, L50, M|34\/100\n|-fieldstart|move: Grassy Terrain|[from] ability: Grassy Surge|[of] p1a: Rillaboom\n|turn|10\n|\n|t:|1699981444\n|move|p1a: Rillaboom|Fake Out|p2a: Ogerpon\n|-damage|p2a: Ogerpon|51\/100\n|move|p2b: Arcanine|Flare Blitz|p1a: Rillaboom\n|-supereffective|p1a: Rillaboom\n|-damage|p1a: Rillaboom|0 fnt\n|faint|p1a: Rillaboom\n|-damage|p2b: Arcanine|3\/100|[from] Recoil\n|cant|p2a: Ogerpon|flinch\n|move|p1b: Garganacl|Salt Cure|p2a: Ogerpon\n|-damage|p2a: Ogerpon|42\/100\n|\n|-heal|p2b: Arcanine|9\/100|[from] Grassy Terrain\n|-heal|p2a: Ogerpon|48\/100|[from] Grassy Terrain\n|-damage|p2b: Arcanine|0 fnt|[from] Salt Cure\n|faint|p2b: Arcanine\n|-damage|p2a: Ogerpon|23\/100|[from] Salt Cure\n|upkeep\n|turn|11\n|\n|t:|1699981466\n|move|p1b: Garganacl|Protect|p1b: Garganacl\n|-singleturn|p1b: Garganacl|Protect\n|move|p2a: Ogerpon|Horn Leech|p1b: Garganacl\n|-activate|p1b: Garganacl|move: Protect\n|\n|-heal|p2a: Ogerpon|29\/100|[from] Grassy Terrain\n|-damage|p2a: Ogerpon|5\/100|[from] Salt Cure\n|upkeep\n|turn|12\n|\n|t:|1699981475\n|move|p2a: Ogerpon|Horn Leech|p1b: Garganacl\n|-damage|p1b: Garganacl|85\/100\n|-heal|p2a: Ogerpon|14\/100|[from] drain|[of] p1b: Garganacl\n|move|p1b: Garganacl|Recover|p1b: Garganacl\n|-heal|p1b: Garganacl|100\/100\n|\n|-heal|p2a: Ogerpon|20\/100|[from] Grassy Terrain\n|-damage|p2a: Ogerpon|0 fnt|[from] Salt Cure\n|faint|p2a: Ogerpon\n|\n|win|Kzjrzhzk\n|upkeep\n|raw|Kzjrzhzk's rating: 1068 &rarr; <strong>1097<\/strong><br \/>(+29 for winning)\n|raw|Momomomom34's rating: 1054 &rarr; <strong>1037<\/strong><br \/>(-17 for losing)\n","uploadtime":1699981483,"views":10,"p1id":"kzjrzhzk","p2id":"momomomom34","formatid":"gen9vgc2023regulatione","rating":1037,"private":0,"password":""}