{"id":"gen9vgc2023regulatione-1992760815","p1":"Swollsummoner","p2":"AJB0000","format":"[Gen 9] VGC 2023 Regulation E","log":"|j|\u2606Swollsummoner\n|j|\u2606AJB0000\n|t:|1700233038\n|gametype|doubles\n|player|p1|Swollsummoner|265|1000\n|player|p2|AJB0000|266|1061\n|teamsize|p1|6\n|teamsize|p2|6\n|gen|9\n|tier|[Gen 9] VGC 2023 Regulation E\n|rated|\n|rule|Species Clause: Limit one of each Pok\u00e9mon\n|rule|Item Clause: Limit one of each item\n|clearpoke\n|poke|p1|Kommo-o, L50, M|\n|poke|p1|Sinistcha, L50|\n|poke|p1|Landorus-Therian, L50, M|\n|poke|p1|Clefairy, L50, F|\n|poke|p1|Iron Hands, L50|\n|poke|p1|Rillaboom, L50, F|\n|poke|p2|Ceruledge, L50, F|\n|poke|p2|Tornadus, L50, M|\n|poke|p2|Amoonguss, L50, M|\n|poke|p2|Torkoal, L50, M|\n|poke|p2|Iron Hands, L50|\n|poke|p2|Ogerpon-Hearthflame, L50, F|\n|teampreview|4\n|\n|t:|1700233084\n|start\n|switch|p1a: Kommo-o|Kommo-o, L50, M|100\/100\n|switch|p1b: Landorus|Landorus-Therian, L50, M|100\/100\n|switch|p2a: Cere-bro|Tornadus, L50, M|100\/100\n|switch|p2b: Thyme|Ceruledge, L50, F, shiny|100\/100\n|-ability|p1b: Landorus|Intimidate|boost\n|-unboost|p2a: Cere-bro|atk|1\n|-unboost|p2b: Thyme|atk|1\n|turn|1\n|\n|t:|1700233105\n|switch|p1b: Clefairy|Clefairy, L50, F|100\/100\n|move|p2b: Thyme|Protect|p2b: Thyme\n|-singleturn|p2b: Thyme|Protect\n|move|p2a: Cere-bro|Tailwind|p2a: Cere-bro\n|-sidestart|p2: AJB0000|move: Tailwind\n|move|p1a: Kommo-o|Clangorous Soul|p1a: Kommo-o\n|-boost|p1a: Kommo-o|atk|1\n|-boost|p1a: Kommo-o|def|1\n|-boost|p1a: Kommo-o|spa|1\n|-boost|p1a: Kommo-o|spd|1\n|-boost|p1a: Kommo-o|spe|1\n|-damage|p1a: Kommo-o|68\/100\n|\n|upkeep\n|turn|2\n|\n|t:|1700233141\n|switch|p2b: Jonathan|Torkoal, L50, M, shiny|100\/100\n|-weather|SunnyDay|[from] ability: Drought|[of] p2b: Jonathan\n|move|p2a: Cere-bro|Taunt|p1b: Clefairy\n|-start|p1b: Clefairy|move: Taunt\n|move|p1a: Kommo-o|Clanging Scales|p2a: Cere-bro|[spread] p2a,p2b\n|-damage|p2a: Cere-bro|60\/100\n|-damage|p2b: Jonathan|43\/100\n|-unboost|p1a: Kommo-o|def|1\n|cant|p1b: Clefairy|move: Taunt|Life Dew\n|\n|-weather|SunnyDay|[upkeep]\n|upkeep\n|turn|3\n|\n|t:|1700233175\n|switch|p1b: Landorus|Landorus-Therian, L50, M|100\/100\n|-ability|p1b: Landorus|Intimidate|boost\n|-unboost|p2a: Cere-bro|atk|1\n|-unboost|p2b: Jonathan|atk|1\n|move|p2a: Cere-bro|Bleakwind Storm|p1a: Kommo-o|[spread] p1a,p1b\n|-supereffective|p1a: Kommo-o\n|-crit|p1a: Kommo-o\n|-damage|p1a: Kommo-o|0 fnt\n|-damage|p1b: Landorus|53\/100\n|faint|p1a: Kommo-o\n|move|p2b: Jonathan|Heat Wave|p1b: Landorus\n|-damage|p1b: Landorus|0 fnt\n|faint|p1b: Landorus\n|\n|-weather|SunnyDay|[upkeep]\n|upkeep\n|\n|t:|1700233190\n|switch|p1b: Clefairy|Clefairy, L50, F|100\/100\n|switch|p1a: Iron Hands|Iron Hands, L50|100\/100\n|turn|4\n|\n|t:|1700233223\n|switch|p2a: TheCollector|Iron Hands, L50, shiny|100\/100\n|-terastallize|p1a: Iron Hands|Water\n|move|p2b: Jonathan|Heat Wave|p1b: Clefairy|[spread] p1a,p1b\n|-resisted|p1a: Iron Hands\n|-damage|p1a: Iron Hands|88\/100\n|-damage|p1b: Clefairy|70\/100\n|-status|p1b: Clefairy|brn\n|move|p1a: Iron Hands|Belly Drum|p1a: Iron Hands\n|-damage|p1a: Iron Hands|38\/100\n|-setboost|p1a: Iron Hands|atk|6|[from] move: Belly Drum\n|-enditem|p1a: Iron Hands|Sitrus Berry|[eat]\n|-heal|p1a: Iron Hands|63\/100|[from] item: Sitrus Berry\n|move|p1b: Clefairy|Dazzling Gleam|p2b: Jonathan|[spread] p2a,p2b\n|-supereffective|p2a: TheCollector\n|-resisted|p2b: Jonathan\n|-damage|p2a: TheCollector|87\/100\n|-damage|p2b: Jonathan|34\/100\n|\n|-weather|SunnyDay|[upkeep]\n|-damage|p1b: Clefairy|64\/100 brn|[from] brn\n|-sideend|p2: AJB0000|move: Tailwind\n|upkeep\n|turn|5\n|\n|t:|1700233254\n|move|p2a: TheCollector|Fake Out|p1a: Iron Hands\n|-damage|p1a: Iron Hands|55\/100\n|cant|p1a: Iron Hands|flinch\n|move|p1b: Clefairy|Life Dew|p1b: Clefairy|[spread] p1a,p1b\n|-heal|p1a: Iron Hands|80\/100\n|-heal|p1b: Clefairy|89\/100 brn\n|move|p2b: Jonathan|Yawn|p1a: Iron Hands\n|-start|p1a: Iron Hands|move: Yawn|[of] p2b: Jonathan\n|\n|-weather|SunnyDay|[upkeep]\n|-damage|p1b: Clefairy|83\/100 brn|[from] brn\n|upkeep\n|turn|6\n|\n|t:|1700233287\n|move|p2b: Jonathan|Protect|p2b: Jonathan\n|-singleturn|p2b: Jonathan|Protect\n|move|p2a: TheCollector|Thunder Punch|p1a: Iron Hands\n|-supereffective|p1a: Iron Hands\n|-damage|p1a: Iron Hands|38\/100\n|move|p1a: Iron Hands|Thunder Punch|p2a: TheCollector\n|-resisted|p2a: TheCollector\n|-damage|p2a: TheCollector|31\/100\n|move|p1b: Clefairy|Life Dew|p1b: Clefairy|[spread] p1a,p1b\n|-heal|p1a: Iron Hands|64\/100\n|-heal|p1b: Clefairy|100\/100 brn\n|\n|-weather|SunnyDay|[upkeep]\n|-damage|p1b: Clefairy|94\/100 brn|[from] brn\n|-end|p1a: Iron Hands|move: Yawn|[silent]\n|-status|p1a: Iron Hands|slp\n|upkeep\n|turn|7\n|\n|t:|1700233321\n|-end|p2a: TheCollector|Quark Drive|[silent]\n|switch|p2a: Cere-bro|Tornadus, L50, M|60\/100\n|cant|p1a: Iron Hands|slp\n|move|p1b: Clefairy|Life Dew|p1b: Clefairy|[spread] p1a,p1b\n|-heal|p1a: Iron Hands|89\/100 slp\n|-heal|p1b: Clefairy|100\/100 brn\n|move|p2b: Jonathan|Heat Wave|p1b: Clefairy|[spread] p1a,p1b\n|-resisted|p1a: Iron Hands\n|-damage|p1a: Iron Hands|76\/100 slp\n|-damage|p1b: Clefairy|71\/100 brn\n|\n|-weather|SunnyDay|[upkeep]\n|-damage|p1b: Clefairy|65\/100 brn|[from] brn\n|upkeep\n|turn|8\n|\n|t:|1700233344\n|move|p2a: Cere-bro|Taunt|p1b: Clefairy\n|-start|p1b: Clefairy|move: Taunt\n|cant|p1a: Iron Hands|slp\n|cant|p1b: Clefairy|move: Taunt|Life Dew\n|move|p2b: Jonathan|Yawn||[still]\n|-fail|p2b: Jonathan\n|\n|-weather|SunnyDay|[upkeep]\n|-damage|p1b: Clefairy|59\/100 brn|[from] brn\n|upkeep\n|turn|9\n|\n|t:|1700233360\n|switch|p2b: TheCollector|Iron Hands, L50, shiny|31\/100\n|move|p2a: Cere-bro|Tailwind|p2a: Cere-bro\n|-sidestart|p2: AJB0000|move: Tailwind\n|-curestatus|p1a: Iron Hands|slp|[msg]\n|move|p1a: Iron Hands|Drain Punch|p2b: TheCollector\n|-damage|p2b: TheCollector|0 fnt\n|-heal|p1a: Iron Hands|91\/100|[from] drain|[of] p2b: TheCollector\n|faint|p2b: TheCollector\n|-end|p2b: TheCollector|Quark Drive|[silent]\n|move|p1b: Clefairy|Dazzling Gleam|p2a: Cere-bro\n|-damage|p2a: Cere-bro|40\/100\n|\n|-weather|none\n|-damage|p1b: Clefairy|53\/100 brn|[from] brn\n|upkeep\n|\n|t:|1700233376\n|switch|p2b: Thyme|Ceruledge, L50, F, shiny|100\/100\n|turn|10\n|\n|t:|1700233387\n|-terastallize|p2b: Thyme|Grass\n|move|p2a: Cere-bro|Sunny Day|p2a: Cere-bro\n|-weather|SunnyDay\n|move|p2b: Thyme|Solar Blade||[still]\n|-prepare|p2b: Thyme|Solar Blade\n|-anim|p2b: Thyme|Solar Blade|p1a: Iron Hands\n|-supereffective|p1a: Iron Hands\n|-damage|p1a: Iron Hands|21\/100\n|move|p1a: Iron Hands|Thunder Punch|p2b: Thyme\n|-resisted|p2b: Thyme\n|-damage|p2b: Thyme|0 fnt\n|faint|p2b: Thyme\n|move|p1b: Clefairy|Dazzling Gleam|p2a: Cere-bro\n|-damage|p2a: Cere-bro|19\/100\n|\n|-weather|SunnyDay|[upkeep]\n|-damage|p1b: Clefairy|46\/100 brn|[from] brn\n|-end|p1b: Clefairy|move: Taunt\n|upkeep\n|\n|t:|1700233405\n|switch|p2b: Jonathan|Torkoal, L50, M, shiny|34\/100\n|turn|11\n|\n|t:|1700233425\n|move|p1a: Iron Hands|Protect|p1a: Iron Hands\n|-singleturn|p1a: Iron Hands|Protect\n|move|p2a: Cere-bro|Bleakwind Storm|p1a: Iron Hands|[spread] p1b\n|-activate|p1a: Iron Hands|move: Protect\n|-damage|p1b: Clefairy|19\/100 brn\n|move|p2b: Jonathan|Heat Wave|p1a: Iron Hands|[spread] p1b\n|-activate|p1a: Iron Hands|move: Protect\n|-crit|p1b: Clefairy\n|-damage|p1b: Clefairy|0 fnt\n|faint|p1b: Clefairy\n|\n|-weather|SunnyDay|[upkeep]\n|upkeep\n|turn|12\n|\n|t:|1700233445\n|move|p2a: Cere-bro|Bleakwind Storm|p1a: Iron Hands\n|-crit|p1a: Iron Hands\n|-damage|p1a: Iron Hands|0 fnt\n|faint|p1a: Iron Hands\n|-end|p1a: Iron Hands|Quark Drive|[silent]\n|\n|win|AJB0000\n|raw|Swollsummoner's rating: 1000 &rarr; <strong>1000<\/strong><br \/>(+0 for losing)\n|raw|AJB0000's rating: 1061 &rarr; <strong>1086<\/strong><br \/>(+25 for winning)\n|l|\u2606Swollsummoner\n","uploadtime":1700233462,"views":20,"p1id":"swollsummoner","p2id":"ajb0000","formatid":"gen9vgc2023regulatione","rating":1000,"private":0,"password":""}