{"id":"gen9vgc2023regulatione-1989257827","p1":"Applejacks15","p2":"matthewssandslash","format":"[Gen 9] VGC 2023 Regulation E","log":"|j|\u2606Applejacks15\n|j|\u2606matthewssandslash\n|n|\u2606Applejacks15|applejacks15\n|n|\u2606matthewssandslash|matthewssandslash\n|html|View the match progress at <a href=\"\/game-bestof3-gen9vgc2023regulatione-1989252182\">game-bestof3-gen9vgc2023regulatione-1989252182<\/a>\n|t:|1699828832\n|gametype|doubles\n|player|p1|Applejacks15|supernerd|\n|player|p2|matthewssandslash|169|\n|teamsize|p1|6\n|teamsize|p2|6\n|gen|9\n|tier|[Gen 9] VGC 2023 Regulation E\n|rule|Species Clause: Limit one of each Pok\u00e9mon\n|rule|Item Clause: Limit one of each item\n|clearpoke\n|poke|p1|Baxcalibur, L50, M|\n|poke|p1|Slowking-Galar, L50, M|\n|poke|p1|Inteleon, L50, F|\n|poke|p1|Ambipom, L50, F|\n|poke|p1|Ninetales-Alola, L50, F|\n|poke|p1|Polteageist, L50|\n|poke|p2|Regieleki, L50|\n|poke|p2|Illumise, L50, F|\n|poke|p2|Haxorus, L50, F|\n|poke|p2|Typhlosion-Hisui, L50, M|\n|poke|p2|Mightyena, L50, M|\n|poke|p2|Mienshao, L50, M|\n|teampreview|4\n|j| hash brown enjoyer\n|c|\u2606matthewssandslash|glhfx2\n|c|\u2606Applejacks15|glhf x2!!\n|j| 4turnsintrickroom\n|c|\u2606matthewssandslash|oh my\n|\n|t:|1699828942\n|start\n|switch|p1a: Inteleteo|Inteleon, L50, F|100\/100\n|switch|p1b: Nineteo|Ninetales-Alola, L50, F|100\/100\n|switch|p2a: I mient it|Mienshao, L50, M|100\/100\n|switch|p2b: Look at my mane|Typhlosion-Hisui, L50, M|100\/100\n|-weather|Snow|[from] ability: Snow Warning|[of] p1b: Nineteo\n|-item|p1a: Inteleteo|Choice Scarf|[from] ability: Frisk|[of] p2b: Look at my mane|[identify]\n|-item|p1b: Nineteo|Covert Cloak|[from] ability: Frisk|[of] p2b: Look at my mane|[identify]\n|turn|1\n|l| 4turnsintrickroom\n|\n|t:|1699829036\n|move|p2b: Look at my mane|Protect|p2b: Look at my mane\n|-singleturn|p2b: Look at my mane|Protect\n|move|p1a: Inteleteo|Snipe Shot|p2b: Look at my mane\n|-activate|p2b: Look at my mane|move: Protect\n|move|p1b: Nineteo|Aurora Veil|p1b: Nineteo\n|-sidestart|p1: Applejacks15|move: Aurora Veil\n|move|p2a: I mient it|Close Combat|p1a: Inteleteo\n|-damage|p1a: Inteleteo|17\/100\n|-unboost|p2a: I mient it|def|1\n|-unboost|p2a: I mient it|spd|1\n|\n|-weather|Snow|[upkeep]\n|upkeep\n|turn|2\n|\n|t:|1699829130\n|switch|p2b: DOGGY|Mightyena, L50, M|100\/100\n|-ability|p2b: DOGGY|Intimidate|boost\n|-unboost|p1a: Inteleteo|atk|1\n|-unboost|p1b: Nineteo|atk|1\n|move|p1a: Inteleteo|Snipe Shot|p2b: DOGGY\n|-damage|p2b: DOGGY|65\/100\n|move|p1b: Nineteo|Moonblast|p2a: I mient it\n|-supereffective|p2a: I mient it\n|-enditem|p2a: I mient it|Focus Sash\n|-damage|p2a: I mient it|1\/100\n|move|p2a: I mient it|Close Combat|p1b: Nineteo\n|-damage|p1b: Nineteo|54\/100\n|-unboost|p2a: I mient it|def|1\n|-unboost|p2a: I mient it|spd|1\n|\n|-weather|Snow|[upkeep]\n|upkeep\n|turn|3\n|\n|t:|1699829152\n|switch|p1a: Matscalibur|Baxcalibur, L50, M|100\/100\n|switch|p2a: Look at my mane|Typhlosion-Hisui, L50, M|100\/100\n|-item|p1a: Matscalibur|Assault Vest|[from] ability: Frisk|[of] p2a: Look at my mane|[identify]\n|-item|p1b: Nineteo|Covert Cloak|[from] ability: Frisk|[of] p2a: Look at my mane|[identify]\n|move|p2b: DOGGY|Sucker Punch||[still]\n|-fail|p2b: DOGGY\n|move|p1b: Nineteo|Blizzard|p2a: Look at my mane|[spread] p2a,p2b\n|-resisted|p2a: Look at my mane\n|-damage|p2a: Look at my mane|82\/100\n|-damage|p2b: DOGGY|38\/100\n|\n|-weather|Snow|[upkeep]\n|upkeep\n|turn|4\n|\n|t:|1699829187\n|move|p1b: Nineteo|Moonblast|p2b: DOGGY\n|-supereffective|p2b: DOGGY\n|-damage|p2b: DOGGY|0 fnt\n|faint|p2b: DOGGY\n|move|p2a: Look at my mane|Eruption|p1a: Matscalibur|[spread] p1a,p1b\n|-supereffective|p1b: Nineteo\n|-damage|p1a: Matscalibur|76\/100\n|-damage|p1b: Nineteo|0 fnt\n|-ability|p1a: Matscalibur|Thermal Exchange|boost\n|-boost|p1a: Matscalibur|atk|1\n|faint|p1b: Nineteo\n|-damage|p2a: Look at my mane|72\/100|[from] item: Life Orb\n|move|p1a: Matscalibur|High Horsepower|p2a: Look at my mane\n|-supereffective|p2a: Look at my mane\n|-damage|p2a: Look at my mane|0 fnt\n|faint|p2a: Look at my mane\n|\n|-weather|Snow|[upkeep]\n|upkeep\n|\n|t:|1699829212\n|switch|p1b: Inteleteo|Inteleon, L50, F|17\/100\n|switch|p2a: I mient it|Mienshao, L50, M|1\/100\n|switch|p2b: Drone head|Haxorus, L50, F|100\/100\n|-ability|p2b: Drone head|Mold Breaker\n|turn|5\n|\n|t:|1699829331\n|-terastallize|p2b: Drone head|Steel\n|move|p2a: I mient it|Fake Out|p1b: Inteleteo\n|-damage|p1b: Inteleteo|0 fnt\n|faint|p1b: Inteleteo\n|move|p1a: Matscalibur|Ice Shard|p2b: Drone head\n|-resisted|p2b: Drone head\n|-damage|p2b: Drone head|76\/100\n|move|p2b: Drone head|Iron Head|p1a: Matscalibur\n|-supereffective|p1a: Matscalibur\n|-damage|p1a: Matscalibur|40\/100\n|\n|-weather|none\n|-sideend|p1: Applejacks15|move: Aurora Veil\n|upkeep\n|\n|t:|1699829341\n|switch|p1b: Polteogeist|Polteageist, L50|100\/100\n|turn|6\n|\n|t:|1699829393\n|move|p1a: Matscalibur|Ice Shard|p2a: I mient it\n|-damage|p2a: I mient it|0 fnt\n|faint|p2a: I mient it\n|move|p2b: Drone head|Iron Head|p1a: Matscalibur\n|-supereffective|p1a: Matscalibur\n|-damage|p1a: Matscalibur|0 fnt\n|faint|p1a: Matscalibur\n|move|p1b: Polteogeist|Shadow Ball|p2b: Drone head\n|-damage|p2b: Drone head|16\/100\n|-enditem|p2b: Drone head|Sitrus Berry|[eat]\n|-heal|p2b: Drone head|40\/100|[from] item: Sitrus Berry\n|\n|upkeep\n|turn|7\n|c|\u2606matthewssandslash|wheeeee 30% win chance\n|\n|t:|1699829415\n|-terastallize|p1b: Polteogeist|Ghost\n|move|p2b: Drone head|Iron Head|p1b: Polteogeist\n|-damage|p1b: Polteogeist|29\/100\n|-start|p2b: Drone head|Disable|Iron Head|[from] ability: Cursed Body|[of] p1b: Polteogeist\n|move|p1b: Polteogeist|Shadow Ball|p2b: Drone head\n|-damage|p2b: Drone head|0 fnt\n|faint|p2b: Drone head\n|\n|win|Applejacks15\n|c|\u2606matthewssandslash|ggs!\n|l|\u2606matthewssandslash\n|c|\u2606Applejacks15|cursed body coming through regardless haha\n|c|\u2606Applejacks15|gg!!\n","uploadtime":1699829433,"views":27,"p1id":"applejacks15","p2id":"matthewssandslash","formatid":"gen9vgc2023regulatione","rating":0,"private":0,"password":""}