{"id":"gen9vgc2023regulatione-1990705032","p1":"Large Bowl Of Soup","p2":"Michael Cerablast","format":"[Gen 9] VGC 2023 Regulation E","log":"|j|\u2606Large Bowl Of Soup\n|j|\u2606Michael Cerablast\n|t:|1699993335\n|gametype|doubles\n|player|p1|Large Bowl Of Soup|waiter|1356\n|player|p2|Michael Cerablast|barry|1459\n|teamsize|p1|6\n|teamsize|p2|6\n|gen|9\n|tier|[Gen 9] VGC 2023 Regulation E\n|rated|\n|rule|Species Clause: Limit one of each Pok\u00e9mon\n|rule|Item Clause: Limit one of each item\n|clearpoke\n|poke|p1|Dragapult, L50, M|\n|poke|p1|Ogerpon-Wellspring, L50, F|\n|poke|p1|Heatran, L50, F|\n|poke|p1|Cresselia, L50, F|\n|poke|p1|Zapdos-Galar, L50|\n|poke|p1|Ursaluna, L50, M|\n|poke|p2|Landorus, L50, M|\n|poke|p2|Tornadus, L50, M|\n|poke|p2|Iron Hands, L50|\n|poke|p2|Flutter Mane, L50|\n|poke|p2|Ogerpon-Wellspring, L50, F|\n|poke|p2|Arcanine-Hisui, L50, F|\n|teampreview|4\n|c|\u2606Michael Cerablast|glhf\nMichael Cerablast has agreed to open team sheets.\n|c|\u2606Large Bowl Of Soup|gl hf\nLarge Bowl Of Soup has agreed to open team sheets.\n|\n|t:|1699993415\n|start\n|switch|p1a: Dragapult|Dragapult, L50, M|100\/100\n|switch|p1b: Cresselia|Cresselia, L50, F|100\/100\n|switch|p2a: Iron Hands|Iron Hands, L50|100\/100\n|switch|p2b: Flutter Mane|Flutter Mane, L50|100\/100\n|turn|1\n|\n|t:|1699993445\n|switch|p1b: Ursaluna|Ursaluna, L50, M|100\/100\n|-terastallize|p2b: Flutter Mane|Fairy\n|move|p2a: Iron Hands|Fake Out|p1b: Ursaluna\n|-damage|p1b: Ursaluna|90\/100\n|move|p1a: Dragapult|Substitute|p1a: Dragapult\n|-start|p1a: Dragapult|Substitute\n|-damage|p1a: Dragapult|76\/100\n|move|p2b: Flutter Mane|Shadow Ball|p1b: Ursaluna\n|-immune|p1b: Ursaluna\n|\n|-heal|p1a: Dragapult|82\/100|[from] item: Leftovers\n|-status|p1b: Ursaluna|brn|[from] item: Flame Orb\n|upkeep\n|turn|2\n|\n|t:|1699993483\n|-end|p2a: Iron Hands|Quark Drive|[silent]\n|switch|p2a: Landorus|Landorus, L50, M|100\/100\n|move|p1a: Dragapult|Phantom Force||[still]\n|-prepare|p1a: Dragapult|Phantom Force\n|move|p2b: Flutter Mane|Shadow Ball|p1a: Dragapult|[miss]\n|-miss|p2b: Flutter Mane|p1a: Dragapult\n|move|p1b: Ursaluna|Earthquake|p2a: Landorus|[spread] p2b\n|-miss|p1b: Ursaluna|p1a: Dragapult\n|-immune|p2a: Landorus\n|-crit|p2b: Flutter Mane\n|-damage|p2b: Flutter Mane|0 fnt\n|faint|p2b: Flutter Mane\n|-end|p2b: Flutter Mane|Protosynthesis|[silent]\n|\n|-heal|p1a: Dragapult|88\/100|[from] item: Leftovers\n|-damage|p1b: Ursaluna|84\/100 brn|[from] brn\n|upkeep\n|\n|t:|1699993509\n|switch|p2b: Ogerpon|Ogerpon-Wellspring, L50, F|100\/100\n|turn|3\n|\n|t:|1699993532\n|-terastallize|p1b: Ursaluna|Normal\n|move|p1a: Dragapult|Phantom Force|p2b: Ogerpon|[from]lockedmove\n|-damage|p2b: Ogerpon|57\/100\n|move|p2a: Landorus|Sandsear Storm|p1a: Dragapult|[spread] p1a,p1b\n|-end|p1a: Dragapult|Substitute\n|-damage|p1b: Ursaluna|32\/100 brn\n|move|p2b: Ogerpon|Horn Leech|p1b: Ursaluna\n|-damage|p1b: Ursaluna|3\/100 brn\n|-heal|p2b: Ogerpon|75\/100|[from] drain|[of] p1b: Ursaluna\n|move|p1b: Ursaluna|Facade|p2a: Landorus\n|-damage|p2a: Landorus|0 fnt\n|faint|p2a: Landorus\n|\n|-heal|p1a: Dragapult|94\/100|[from] item: Leftovers\n|-damage|p1b: Ursaluna|0 fnt|[from] brn\n|faint|p1b: Ursaluna\n|upkeep\n|\n|t:|1699993548\n|switch|p2a: Iron Hands|Iron Hands, L50|100\/100\n|switch|p1b: Cresselia|Cresselia, L50, F|100\/100\n|turn|4\n|\n|t:|1699993567\n|move|p1a: Dragapult|Dragon Dance|p1a: Dragapult\n|-boost|p1a: Dragapult|atk|1\n|-boost|p1a: Dragapult|spe|1\n|move|p2b: Ogerpon|Ivy Cudgel|p1b: Cresselia|[anim] Ivy Cudgel Water\n|-damage|p1b: Cresselia|58\/100\n|move|p1b: Cresselia|Moonblast|p2a: Iron Hands\n|-supereffective|p2a: Iron Hands\n|-damage|p2a: Iron Hands|78\/100\n|move|p2a: Iron Hands|Wild Charge|p1b: Cresselia\n|-damage|p1b: Cresselia|23\/100\n|-damage|p2a: Iron Hands|70\/100|[from] Recoil\n|\n|-heal|p1a: Dragapult|100\/100|[from] item: Leftovers\n|upkeep\n|turn|5\n|\n|t:|1699993595\n|move|p1a: Dragapult|Protect|p1a: Dragapult\n|-singleturn|p1a: Dragapult|Protect\n|move|p2b: Ogerpon|Ivy Cudgel|p1b: Cresselia|[anim] Ivy Cudgel Water\n|-damage|p1b: Cresselia|0 fnt\n|faint|p1b: Cresselia\n|move|p2a: Iron Hands|Heavy Slam|p1a: Dragapult\n|-activate|p1a: Dragapult|move: Protect\n|\n|upkeep\n|\n|t:|1699993600\n|switch|p1b: Zapdos|Zapdos-Galar, L50|100\/100\n|turn|6\n|\n|t:|1699993627\n|move|p1a: Dragapult|Substitute|p1a: Dragapult\n|-start|p1a: Dragapult|Substitute\n|-damage|p1a: Dragapult|76\/100\n|move|p1b: Zapdos|Brave Bird|p2b: Ogerpon\n|-supereffective|p2b: Ogerpon\n|-damage|p2b: Ogerpon|0 fnt\n|faint|p2b: Ogerpon\n|-damage|p1b: Zapdos|73\/100|[from] Recoil\n|move|p2a: Iron Hands|Wild Charge|p1b: Zapdos\n|-supereffective|p1b: Zapdos\n|-damage|p1b: Zapdos|0 fnt\n|faint|p1b: Zapdos\n|-damage|p2a: Iron Hands|58\/100|[from] Recoil\n|\n|-heal|p1a: Dragapult|82\/100|[from] item: Leftovers\n|upkeep\n|turn|7\n|\n|t:|1699993638\n|move|p1a: Dragapult|Phantom Force||[still]\n|-prepare|p1a: Dragapult|Phantom Force\n|move|p2a: Iron Hands|Heavy Slam|p1a: Dragapult|[miss]\n|-miss|p2a: Iron Hands|p1a: Dragapult\n|\n|-heal|p1a: Dragapult|88\/100|[from] item: Leftovers\n|upkeep\n|turn|8\n|\n|t:|1699993641\n|move|p1a: Dragapult|Phantom Force|p2a: Iron Hands|[from]lockedmove\n|-damage|p2a: Iron Hands|12\/100\n|move|p2a: Iron Hands|Heavy Slam|p1a: Dragapult\n|-end|p1a: Dragapult|Substitute\n|\n|-heal|p1a: Dragapult|94\/100|[from] item: Leftovers\n|upkeep\n|turn|9\n|c|\u2606Large Bowl Of Soup|gg\n|c|\u2606Michael Cerablast|gg\n|\n|t:|1699993653\n|move|p1a: Dragapult|Phantom Force||[still]\n|-prepare|p1a: Dragapult|Phantom Force\n|move|p2a: Iron Hands|Heavy Slam|p1a: Dragapult|[miss]\n|-miss|p2a: Iron Hands|p1a: Dragapult\n|\n|-heal|p1a: Dragapult|100\/100|[from] item: Leftovers\n|upkeep\n|turn|10\n|-message|Michael Cerablast forfeited.\n|\n|win|Large Bowl Of Soup\n|raw|Large Bowl Of Soup's rating: 1356 &rarr; <strong>1382<\/strong><br \/>(+26 for winning)\n|raw|Michael Cerablast's rating: 1459 &rarr; <strong>1433<\/strong><br \/>(-26 for losing)\n|c|\u2606Large Bowl Of Soup|thank you dragonpult\n|l|\u2606Michael Cerablast\n","uploadtime":1699993785,"views":32,"p1id":"largebowlofsoup","p2id":"michaelcerablast","formatid":"gen9vgc2023regulatione","rating":1382,"private":0,"password":""}