{"id":"gen9vgc2023regulatione-1995856691","p1":"iNicoR","p2":"MC MazelTov","format":"[Gen 9] VGC 2023 Regulation E","log":"|j|\u2606iNicoR\n|j|\u2606MC MazelTov\n|t:|1700610227\n|gametype|doubles\n|player|p1|iNicoR|169|1022\n|player|p2|MC MazelTov|102|1116\n|teamsize|p1|6\n|teamsize|p2|6\n|gen|9\n|tier|[Gen 9] VGC 2023 Regulation E\n|rated|\n|rule|Species Clause: Limit one of each Pok\u00e9mon\n|rule|Item Clause: Limit one of each item\n|clearpoke\n|poke|p1|Ninetales-Alola, L50, M|\n|poke|p1|Baxcalibur, L50, M|\n|poke|p1|Rillaboom, L50, M|\n|poke|p1|Ogerpon-Wellspring, L50, F|\n|poke|p1|Volcarona, L50, F|\n|poke|p1|Landorus-Therian, L50, M|\n|poke|p2|Sinistcha, L50|\n|poke|p2|Okidogi, L50, M|\n|poke|p2|Landorus-Therian, L50, M|\n|poke|p2|Rillaboom, L50, M|\n|poke|p2|Arcanine, L50, F|\n|poke|p2|Iron Hands, L50|\n|teampreview|4\niNicoR has agreed to open team sheets.\nMC MazelTov has agreed to open team sheets.\n|\n|t:|1700610281\n|start\n|switch|p1a: Ninetales|Ninetales-Alola, L50, M|100\/100\n|switch|p1b: Rillaboom|Rillaboom, L50, M|100\/100\n|switch|p2a: Okidogi|Okidogi, L50, M|100\/100\n|switch|p2b: Landorus|Landorus-Therian, L50, M|100\/100\n|-ability|p2b: Landorus|Intimidate|boost\n|-unboost|p1a: Ninetales|atk|1\n|-unboost|p1b: Rillaboom|atk|1\n|-weather|Snow|[from] ability: Snow Warning|[of] p1a: Ninetales\n|-fieldstart|move: Grassy Terrain|[from] ability: Grassy Surge|[of] p1b: Rillaboom\n|turn|1\n|\n|t:|1700610323\n|switch|p2b: Arcanine|Arcanine, L50, F|100\/100\n|-ability|p2b: Arcanine|Intimidate|boost\n|-unboost|p1a: Ninetales|atk|1\n|-unboost|p1b: Rillaboom|atk|1\n|move|p1b: Rillaboom|Fake Out|p2b: Arcanine\n|-damage|p2b: Arcanine|93\/100\n|move|p1a: Ninetales|Aurora Veil|p1a: Ninetales\n|-sidestart|p1: iNicoR|move: Aurora Veil\n|move|p2a: Okidogi|Bulk Up|p2a: Okidogi\n|-boost|p2a: Okidogi|atk|1\n|-boost|p2a: Okidogi|def|1\n|\n|-weather|Snow|[upkeep]\n|-heal|p2b: Arcanine|99\/100|[from] Grassy Terrain\n|upkeep\n|turn|2\n|\n|t:|1700610370\n|switch|p1b: Landorus|Landorus-Therian, L50, M|100\/100\n|-ability|p1b: Landorus|Intimidate|boost\n|-ability|p2a: Okidogi|Guard Dog|boost\n|-boost|p2a: Okidogi|atk|1\n|-unboost|p2b: Arcanine|atk|1\n|move|p1a: Ninetales|Moonblast|p2a: Okidogi\n|-damage|p2a: Okidogi|74\/100\n|move|p2b: Arcanine|Will-O-Wisp|p1b: Landorus\n|-status|p1b: Landorus|brn\n|move|p2a: Okidogi|Bulk Up|p2a: Okidogi\n|-boost|p2a: Okidogi|atk|1\n|-boost|p2a: Okidogi|def|1\n|\n|-weather|Snow|[upkeep]\n|-heal|p2b: Arcanine|100\/100|[from] Grassy Terrain\n|-heal|p2a: Okidogi|80\/100|[from] Grassy Terrain\n|-heal|p2a: Okidogi|86\/100|[from] item: Leftovers\n|-damage|p1b: Landorus|94\/100 brn|[from] brn\n|upkeep\n|turn|3\n|\n|t:|1700610406\n|switch|p2b: Landorus|Landorus-Therian, L50, M|100\/100\n|-ability|p2b: Landorus|Intimidate|boost\n|-unboost|p1a: Ninetales|atk|1\n|-unboost|p1b: Landorus|atk|1\n|move|p1b: Landorus|Stomping Tantrum|p2a: Okidogi\n|-supereffective|p2a: Okidogi\n|-damage|p2a: Okidogi|75\/100\n|move|p1a: Ninetales|Icy Wind|p2a: Okidogi|[spread] \n|-miss|p1a: Ninetales|p2a: Okidogi\n|-miss|p1a: Ninetales|p2b: Landorus\n|move|p2a: Okidogi|Poison Jab|p1a: Ninetales\n|-supereffective|p1a: Ninetales\n|-damage|p1a: Ninetales|0 fnt\n|faint|p1a: Ninetales\n|\n|-weather|Snow|[upkeep]\n|-heal|p2a: Okidogi|82\/100|[from] Grassy Terrain\n|-heal|p2a: Okidogi|88\/100|[from] item: Leftovers\n|-damage|p1b: Landorus|88\/100 brn|[from] brn\n|upkeep\n|\n|t:|1700610429\n|switch|p1a: Baxcalibur|Baxcalibur, L50, M|100\/100\n|turn|4\n|\n|t:|1700610444\n|switch|p2b: Arcanine|Arcanine, L50, F|100\/100\n|-ability|p2b: Arcanine|Intimidate|boost\n|-unboost|p1a: Baxcalibur|atk|1\n|-unboost|p1b: Landorus|atk|1\n|-terastallize|p1a: Baxcalibur|Fire\n|move|p2a: Okidogi|Protect|p2a: Okidogi\n|-singleturn|p2a: Okidogi|Protect\n|move|p1b: Landorus|Stomping Tantrum|p2a: Okidogi\n|-activate|p2a: Okidogi|move: Protect\n|move|p1a: Baxcalibur|Icicle Spear|p2b: Arcanine\n|-resisted|p2b: Arcanine\n|-damage|p2b: Arcanine|94\/100\n|-resisted|p2b: Arcanine\n|-damage|p2b: Arcanine|88\/100\n|-resisted|p2b: Arcanine\n|-damage|p2b: Arcanine|83\/100\n|-resisted|p2b: Arcanine\n|-damage|p2b: Arcanine|77\/100\n|-hitcount|p2b: Arcanine|4\n|\n|-weather|Snow|[upkeep]\n|-heal|p2b: Arcanine|83\/100|[from] Grassy Terrain\n|-heal|p2a: Okidogi|94\/100|[from] Grassy Terrain\n|-heal|p2a: Okidogi|99\/100|[from] item: Leftovers\n|-damage|p1b: Landorus|82\/100 brn|[from] brn\n|upkeep\n|turn|5\n|-message|iNicoR forfeited.\n|\n|win|MC MazelTov\n|raw|iNicoR's rating: 1022 &rarr; <strong>1012<\/strong><br \/>(-10 for losing)\n|raw|MC MazelTov's rating: 1116 &rarr; <strong>1134<\/strong><br \/>(+18 for winning)\n|l|\u2606iNicoR\n","uploadtime":1700610464,"views":10,"p1id":"inicor","p2id":"mcmazeltov","formatid":"gen9vgc2023regulatione","rating":1012,"private":0,"password":""}