{"id":"gen9vgc2023regulatione-1998950219","p1":"Rhinellat","p2":"xingshen","format":"[Gen 9] VGC 2023 Regulation E","log":"|j|\u203dRhinellat\n|j|\u2606xingshen\n|t:|1701016820\n|gametype|doubles\n|player|p1|Rhinellat|pokemaniac|1294\n|player|p2|xingshen|1|1208\n|teamsize|p1|6\n|teamsize|p2|6\n|gen|9\n|tier|[Gen 9] VGC 2023 Regulation E\n|rated|\n|rule|Species Clause: Limit one of each Pok\u00e9mon\n|rule|Item Clause: Limit one of each item\n|clearpoke\n|poke|p1|Ninetales-Alola, L50, F|\n|poke|p1|Baxcalibur, L50, F|\n|poke|p1|Chien-Pao, L50|\n|poke|p1|Iron Bundle, L50|\n|poke|p1|Dragonite, L50, M|\n|poke|p1|Arcanine, L50, M|\n|poke|p2|Indeedee-F, L50, F|\n|poke|p2|Ting-Lu, L50|\n|poke|p2|Sinistcha-Masterpiece, L50|\n|poke|p2|Gallade, L50, M|\n|poke|p2|Avalugg-Hisui, L50, F|\n|poke|p2|Ursaluna-Bloodmoon, L50, M|\n|teampreview|4\nRhinellat has agreed to open team sheets.\n|inactive|Battle timer is ON: inactive players will automatically lose when time's up. (requested by Rhinellat)\n|\n|t:|1701016854\n|start\n|switch|p1a: Chien-Pao|Chien-Pao, L50|100\/100\n|switch|p1b: Ninetales|Ninetales-Alola, L50, F|100\/100\n|switch|p2a: Indeedee|Indeedee-F, L50, F|100\/100\n|switch|p2b: Avalugg|Avalugg-Hisui, L50, F|100\/100\n|-ability|p1a: Chien-Pao|Sword of Ruin\n|-weather|Snow|[from] ability: Snow Warning|[of] p1b: Ninetales\n|-fieldstart|move: Psychic Terrain|[from] ability: Psychic Surge|[of] p2a: Indeedee\n|turn|1\n|inactive|xingshen has 30 seconds left.\n|inactive|xingshen has 20 seconds left.\n|inactive|xingshen has 15 seconds left.\n|\n|t:|1701016897\n|move|p1a: Chien-Pao|Ice Spinner|p2a: Indeedee\n|-damage|p2a: Indeedee|43\/100\n|-damage|p1a: Chien-Pao|84\/100|[from] item: Rocky Helmet|[of] p2a: Indeedee\n|-fieldend|move: Psychic Terrain\n|move|p1b: Ninetales|Aurora Veil|p1b: Ninetales\n|-sidestart|p1: Rhinellat|move: Aurora Veil\n|move|p2b: Avalugg|Rock Slide|p1a: Chien-Pao|[spread] p1a,p1b\n|-supereffective|p1a: Chien-Pao\n|-supereffective|p1b: Ninetales\n|-damage|p1a: Chien-Pao|43\/100\n|-damage|p1b: Ninetales|60\/100\n|move|p2a: Indeedee|Trick Room|p2a: Indeedee\n|-fieldstart|move: Trick Room|[of] p2a: Indeedee\n|\n|-weather|Snow|[upkeep]\n|upkeep\n|turn|2\n|inactive|xingshen has 30 seconds left.\n|\n|t:|1701016923\n|switch|p2a: Gallade|Gallade, L50, M|100\/100\n|move|p2b: Avalugg|Rock Slide|p1b: Ninetales|[spread] p1a,p1b\n|-supereffective|p1a: Chien-Pao\n|-supereffective|p1b: Ninetales\n|-damage|p1a: Chien-Pao|4\/100\n|-damage|p1b: Ninetales|18\/100\n|-enditem|p1b: Ninetales|Figy Berry|[eat]\n|-heal|p1b: Ninetales|51\/100|[from] item: Figy Berry\n|-start|p1b: Ninetales|confusion\n|-activate|p1b: Ninetales|confusion\n|move|p1b: Ninetales|Moonblast|p2b: Avalugg\n|-crit|p2b: Avalugg\n|-damage|p2b: Avalugg|0 fnt\n|faint|p2b: Avalugg\n|move|p1a: Chien-Pao|Sacred Sword|p2a: Gallade\n|-resisted|p2a: Gallade\n|-damage|p2a: Gallade|73\/100\n|\n|-weather|Snow|[upkeep]\n|upkeep\n|inactive|xingshen has 30 seconds left.\n|\n|t:|1701016951\n|switch|p2b: Ursaluna|Ursaluna-Bloodmoon, L50, M|100\/100\n|turn|3\n|\n|t:|1701016963\n|-terastallize|p2b: Ursaluna|Ghost\n|move|p1a: Chien-Pao|Sucker Punch|p2b: Ursaluna\n|-supereffective|p2b: Ursaluna\n|-damage|p2b: Ursaluna|23\/100\n|move|p2b: Ursaluna|Hyper Voice|p1a: Chien-Pao|[spread] p1a,p1b\n|-damage|p1a: Chien-Pao|0 fnt\n|-damage|p1b: Ninetales|25\/100\n|faint|p1a: Chien-Pao\n|-enditem|p2b: Ursaluna|Throat Spray\n|-boost|p2b: Ursaluna|spa|1|[from] item: Throat Spray\n|move|p2a: Gallade|Sacred Sword|p1b: Ninetales\n|-damage|p1b: Ninetales|0 fnt\n|faint|p1b: Ninetales\n|\n|-weather|Snow|[upkeep]\n|upkeep\n|\n|t:|1701016976\n|switch|p1b: Dragonite|Dragonite, L50, M|100\/100\n|switch|p1a: Iron Bundle|Iron Bundle, L50|100\/100\n|-enditem|p1a: Iron Bundle|Booster Energy\n|-activate|p1a: Iron Bundle|ability: Quark Drive|[fromitem]\n|-start|p1a: Iron Bundle|quarkdrivespe\n|turn|4\n|inactive|Rhinellat has 30 seconds left.\n|inactive|xingshen has 30 seconds left.\n|inactive|xingshen has 20 seconds left.\n|inactive|xingshen has 15 seconds left.\n|\n|t:|1701017018\n|switch|p2a: Indeedee|Indeedee-F, L50, F|43\/100\n|-fieldstart|move: Psychic Terrain|[from] ability: Psychic Surge|[of] p2a: Indeedee\n|-terastallize|p1b: Dragonite|Normal\n|move|p2b: Ursaluna|Blood Moon|p1a: Iron Bundle\n|-damage|p1a: Iron Bundle|0 fnt\n|faint|p1a: Iron Bundle\n|-end|p1a: Iron Bundle|Quark Drive|[silent]\n|move|p1b: Dragonite|Dragon Claw|p2a: Indeedee\n|-damage|p2a: Indeedee|0 fnt\n|-damage|p1b: Dragonite|84\/100|[from] item: Rocky Helmet|[of] p2a: Indeedee\n|faint|p2a: Indeedee\n|\n|-weather|Snow|[upkeep]\n|upkeep\n|\n|t:|1701017038\n|switch|p2a: Gallade|Gallade, L50, M|73\/100\n|turn|5\n|\n|t:|1701017050\n|move|p2b: Ursaluna|Moonblast|p1b: Dragonite\n|-damage|p1b: Dragonite|47\/100\n|-unboost|p1b: Dragonite|spa|1\n|move|p2a: Gallade|Sacred Sword|p1b: Dragonite\n|-supereffective|p1b: Dragonite\n|-damage|p1b: Dragonite|0 fnt\n|faint|p1b: Dragonite\n|\n|win|xingshen\n|raw|Rhinellat's rating: 1294 &rarr; <strong>1263<\/strong><br \/>(-31 for losing)\n|raw|xingshen's rating: 1208 &rarr; <strong>1239<\/strong><br \/>(+31 for winning)\n|l|\u203dRhinellat\n","uploadtime":1701017065,"views":4,"p1id":"rhinellat","p2id":"xingshen","formatid":"gen9vgc2023regulatione","rating":1239,"private":0,"password":""}