{"id":"gen9vgc2023regulatione-1996680813","p1":"5Sscreen","p2":"perk1","format":"[Gen 9] VGC 2023 Regulation E","log":"|j|\u26065Sscreen\n|j|\u2606perk1\n|t:|1700708958\n|gametype|doubles\n|player|p1|5Sscreen|pokekid|1333\n|player|p2|perk1|101|1343\n|teamsize|p1|6\n|teamsize|p2|6\n|gen|9\n|tier|[Gen 9] VGC 2023 Regulation E\n|rated|\n|rule|Species Clause: Limit one of each Pok\u00e9mon\n|rule|Item Clause: Limit one of each item\n|clearpoke\n|poke|p1|Ninetales-Alola, L50, M|\n|poke|p1|Iron Bundle, L50|\n|poke|p1|Dondozo, L50, M|\n|poke|p1|Tatsugiri, L50, M|\n|poke|p1|Cresselia, L50, F|\n|poke|p1|Ursaluna, L50, M|\n|poke|p2|Gallade, L50, M|\n|poke|p2|Tornadus, L50, M|\n|poke|p2|Flutter Mane, L50|\n|poke|p2|Arcanine-Hisui, L50, F|\n|poke|p2|Amoonguss, L50, F|\n|poke|p2|Zapdos-Galar, L50|\n|teampreview|4\n|inactive|Battle timer is ON: inactive players will automatically lose when time's up. (requested by perk1)\n|inactive|5Sscreen has 60 seconds left.\n|inactive|perk1 has 60 seconds left.\n|\n|t:|1700708993\n|start\n|switch|p1a: \u72d0\u547c\u72d0|Ninetales-Alola, L50, M, shiny|100\/100\n|switch|p1b: \u6211\u6bd4\u7ffc\u6cd5\u9084\u5feb|Iron Bundle, L50, shiny|100\/100\n|switch|p2a: Tornadus|Tornadus, L50, M|100\/100\n|switch|p2b: Zapdos|Zapdos-Galar, L50|100\/100\n|-weather|Snow|[from] ability: Snow Warning|[of] p1a: \u72d0\u547c\u72d0\n|turn|1\n|\n|t:|1700709018\n|move|p2a: Tornadus|Sunny Day|p2a: Tornadus\n|-weather|SunnyDay\n|move|p1b: \u6211\u6bd4\u7ffc\u6cd5\u9084\u5feb|Blizzard|p2b: Zapdos|[spread] p2a,p2b\n|-supereffective|p2a: Tornadus\n|-supereffective|p2b: Zapdos\n|-damage|p2a: Tornadus|0 fnt\n|-damage|p2b: Zapdos|0 fnt\n|faint|p2a: Tornadus\n|faint|p2b: Zapdos\n|move|p1a: \u72d0\u547c\u72d0|Aurora Veil||[still]\n|-fail|p1a: \u72d0\u547c\u72d0\n|\n|-weather|SunnyDay|[upkeep]\n|upkeep\n|\n|t:|1700709027\n|switch|p2a: Amoonguss|Amoonguss, L50, F|100\/100\n|switch|p2b: Gallade|Gallade, L50, M|100\/100\n|turn|2\n|inactive|5Sscreen has 30 seconds left.\n|\n|t:|1700709054\n|-terastallize|p2b: Gallade|Water\n|move|p1a: \u72d0\u547c\u72d0|Helping Hand|p1b: \u6211\u6bd4\u7ffc\u6cd5\u9084\u5feb\n|-singleturn|p1b: \u6211\u6bd4\u7ffc\u6cd5\u9084\u5feb|Helping Hand|[of] p1a: \u72d0\u547c\u72d0\n|move|p1b: \u6211\u6bd4\u7ffc\u6cd5\u9084\u5feb|Blizzard|p2a: Amoonguss|[spread] p2b\n|-miss|p1b: \u6211\u6bd4\u7ffc\u6cd5\u9084\u5feb|p2a: Amoonguss\n|-resisted|p2b: Gallade\n|-damage|p2b: Gallade|48\/100\n|move|p2b: Gallade|Leaf Blade|p1b: \u6211\u6bd4\u7ffc\u6cd5\u9084\u5feb\n|-supereffective|p1b: \u6211\u6bd4\u7ffc\u6cd5\u9084\u5feb\n|-damage|p1b: \u6211\u6bd4\u7ffc\u6cd5\u9084\u5feb|0 fnt\n|faint|p1b: \u6211\u6bd4\u7ffc\u6cd5\u9084\u5feb\n|-end|p1b: \u6211\u6bd4\u7ffc\u6cd5\u9084\u5feb|Quark Drive|[silent]\n|move|p2a: Amoonguss|Spore|p1a: \u72d0\u547c\u72d0\n|-status|p1a: \u72d0\u547c\u72d0|slp|[from] move: Spore\n|\n|-weather|SunnyDay|[upkeep]\n|upkeep\n|\n|t:|1700709070\n|switch|p1b: \u4f86\u5a01\u5687\u6211\u554a|Dondozo, L50, M, shiny|100\/100\n|turn|3\n|\n|t:|1700709094\n|switch|p1a: \u6211\u4f86\u7d20\u8cea\u7d20\u8cea|Tatsugiri, L50, M, shiny|100\/100\n|-activate|p1a: \u6211\u4f86\u7d20\u8cea\u7d20\u8cea|ability: Commander|[of] p1b: \u4f86\u5a01\u5687\u6211\u554a\n|-boost|p1b: \u4f86\u5a01\u5687\u6211\u554a|atk|2\n|-boost|p1b: \u4f86\u5a01\u5687\u6211\u554a|spa|2\n|-boost|p1b: \u4f86\u5a01\u5687\u6211\u554a|spe|2\n|-boost|p1b: \u4f86\u5a01\u5687\u6211\u554a|def|2\n|-boost|p1b: \u4f86\u5a01\u5687\u6211\u554a|spd|2\n|-terastallize|p1b: \u4f86\u5a01\u5687\u6211\u554a|Dragon\n|move|p1b: \u4f86\u5a01\u5687\u6211\u554a|Order Up|p2a: Amoonguss\n|-crit|p2a: Amoonguss\n|-damage|p2a: Amoonguss|6\/100\n|-boost|p1b: \u4f86\u5a01\u5687\u6211\u554a|atk|1\n|move|p2b: Gallade|Leaf Blade|p1b: \u4f86\u5a01\u5687\u6211\u554a\n|-resisted|p1b: \u4f86\u5a01\u5687\u6211\u554a\n|-damage|p1b: \u4f86\u5a01\u5687\u6211\u554a|92\/100\n|move|p2a: Amoonguss|Clear Smog|p1b: \u4f86\u5a01\u5687\u6211\u554a\n|-damage|p1b: \u4f86\u5a01\u5687\u6211\u554a|84\/100\n|-clearboost|p1b: \u4f86\u5a01\u5687\u6211\u554a\n|\n|-weather|SunnyDay|[upkeep]\n|-heal|p2a: Amoonguss|12\/100|[from] item: Leftovers\n|upkeep\n|turn|4\n|inactive|5Sscreen has 30 seconds left.\n|inactive|perk1 has 30 seconds left.\n|inactive|perk1 has 20 seconds left.\n|inactive|perk1 has 15 seconds left.\n|\n|t:|1700709134\n|move|p2b: Gallade|Sacred Sword|p1b: \u4f86\u5a01\u5687\u6211\u554a\n|-crit|p1b: \u4f86\u5a01\u5687\u6211\u554a\n|-damage|p1b: \u4f86\u5a01\u5687\u6211\u554a|17\/100\n|move|p1b: \u4f86\u5a01\u5687\u6211\u554a|Order Up|p2a: Amoonguss\n|-damage|p2a: Amoonguss|0 fnt\n|faint|p2a: Amoonguss\n|-boost|p1b: \u4f86\u5a01\u5687\u6211\u554a|atk|1\n|\n|-weather|SunnyDay|[upkeep]\n|upkeep\n|turn|5\n|\n|t:|1700709153\n|move|p1b: \u4f86\u5a01\u5687\u6211\u554a|Protect|p1b: \u4f86\u5a01\u5687\u6211\u554a\n|-singleturn|p1b: \u4f86\u5a01\u5687\u6211\u554a|Protect\n|move|p2b: Gallade|Sacred Sword|p1b: \u4f86\u5a01\u5687\u6211\u554a\n|-activate|p1b: \u4f86\u5a01\u5687\u6211\u554a|move: Protect\n|\n|-weather|none\n|upkeep\n|turn|6\n|\n|t:|1700709165\n|move|p2b: Gallade|Sacred Sword|p1b: \u4f86\u5a01\u5687\u6211\u554a\n|-damage|p1b: \u4f86\u5a01\u5687\u6211\u554a|0 fnt\n|faint|p1b: \u4f86\u5a01\u5687\u6211\u554a\n|\n|upkeep\n|\n|t:|1700709169\n|switch|p1b: \u72d0\u547c\u72d0|Ninetales-Alola, L50, M, shiny|100\/100 slp\n|-weather|Snow|[from] ability: Snow Warning|[of] p1b: \u72d0\u547c\u72d0\n|turn|7\n|\n|t:|1700709187\n|move|p1a: \u6211\u4f86\u7d20\u8cea\u7d20\u8cea|Draco Meteor|p2b: Gallade\n|-damage|p2b: Gallade|0 fnt\n|-unboost|p1a: \u6211\u4f86\u7d20\u8cea\u7d20\u8cea|spa|2\n|faint|p2b: Gallade\n|\n|win|5Sscreen\n|raw|5Sscreen's rating: 1333 &rarr; <strong>1354<\/strong><br \/>(+21 for winning)\n|raw|perk1's rating: 1343 &rarr; <strong>1322<\/strong><br \/>(-21 for losing)\n","uploadtime":1700709194,"views":11,"p1id":"5sscreen","p2id":"perk1","formatid":"gen9vgc2023regulatione","rating":1322,"private":0,"password":""}