{"id":"gen9vgc2023regulatione-1999018662","p1":"BurntToast98","p2":"Froglock","format":"[Gen 9] VGC 2023 Regulation E","log":"|j|\u2606BurntToast98\n|j|\u2606Froglock\n|t:|1701024449\n|gametype|doubles\n|player|p1|BurntToast98|170|1094\n|player|p2|Froglock|aromalady|1018\n|teamsize|p1|6\n|teamsize|p2|6\n|gen|9\n|tier|[Gen 9] VGC 2023 Regulation E\n|rated|\n|rule|Species Clause: Limit one of each Pok\u00e9mon\n|rule|Item Clause: Limit one of each item\n|clearpoke\n|poke|p1|Gothitelle, L50, F|\n|poke|p1|Sableye, L50, M|\n|poke|p1|Dudunsparce-*, L50, F|\n|poke|p1|Landorus, L50, M|\n|poke|p1|Politoed, L50, M|\n|poke|p1|Flutter Mane, L50|\n|poke|p2|Grimmsnarl, L50, M|\n|poke|p2|Arcanine, L50, F|\n|poke|p2|Landorus-Therian, L50, M|\n|poke|p2|Dondozo, L50, M|\n|poke|p2|Sinistcha, L50|\n|poke|p2|Frosmoth, L50, F|\n|teampreview|4\n|inactive|Battle timer is ON: inactive players will automatically lose when time's up. (requested by BurntToast98)\n|\n|t:|1701024504\n|start\n|switch|p1a: Sableye|Sableye, L50, M|100\/100\n|switch|p1b: Landorus|Landorus, L50, M|100\/100\n|switch|p2a: Grimmsnarl|Grimmsnarl, L50, M|100\/100\n|switch|p2b: Landorus|Landorus-Therian, L50, M|100\/100\n|-ability|p2b: Landorus|Intimidate|boost\n|-unboost|p1a: Sableye|atk|1\n|-unboost|p1b: Landorus|atk|1\n|turn|1\n|\n|t:|1701024524\n|move|p1a: Sableye|Fake Out|p2b: Landorus\n|-damage|p2b: Landorus|94\/100\n|move|p2a: Grimmsnarl|Light Screen|p2a: Grimmsnarl\n|-sidestart|p2: Froglock|move: Light Screen\n|cant|p2b: Landorus|flinch\n|move|p1b: Landorus|Nasty Plot|p1b: Landorus\n|-boost|p1b: Landorus|spa|2\n|\n|upkeep\n|turn|2\n|\n|t:|1701024539\n|move|p1a: Sableye|Gravity|p1a: Sableye\n|-fieldstart|move: Gravity\n|move|p2b: Landorus|Rock Slide|p1b: Landorus|[spread] p1a,p1b\n|-damage|p1a: Sableye|81\/100\n|-damage|p1b: Landorus|74\/100\n|move|p1b: Landorus|Sandsear Storm|p2a: Grimmsnarl|[spread] p2a,p2b\n|-damage|p2a: Grimmsnarl|12\/100\n|-damage|p2b: Landorus|0 fnt\n|faint|p2b: Landorus\n|move|p2a: Grimmsnarl|Spirit Break|p1b: Landorus\n|-damage|p1b: Landorus|24\/100\n|-unboost|p1b: Landorus|spa|1\n|\n|upkeep\n|\n|t:|1701024560\n|switch|p2b: Frosmoth|Frosmoth, L50, F|100\/100\n|turn|3\n|\n|t:|1701024574\n|move|p1a: Sableye|Thunder Wave|p2b: Frosmoth\n|-status|p2b: Frosmoth|par\n|move|p1b: Landorus|Sandsear Storm|p2b: Frosmoth|[spread] p2a,p2b\n|-resisted|p2b: Frosmoth\n|-damage|p2a: Grimmsnarl|0 fnt\n|-damage|p2b: Frosmoth|88\/100 par\n|faint|p2a: Grimmsnarl\n|move|p2b: Frosmoth|Quiver Dance|p2b: Frosmoth\n|-boost|p2b: Frosmoth|spa|1\n|-boost|p2b: Frosmoth|spd|1\n|-boost|p2b: Frosmoth|spe|1\n|\n|upkeep\n|\n|t:|1701024580\n|switch|p2a: Sinistcha|Sinistcha, L50|100\/100\n|-heal|p2b: Frosmoth|100\/100 par|[from] ability: Hospitality|[of] p2a: Sinistcha\n|turn|4\n|inactive|BurntToast98 has 30 seconds left.\n|\n|t:|1701024615\n|move|p1a: Sableye|Thunder Wave|p2a: Sinistcha\n|-status|p2a: Sinistcha|par\n|move|p1b: Landorus|Sandsear Storm|p2a: Sinistcha|[spread] p2a,p2b\n|-resisted|p2a: Sinistcha\n|-resisted|p2b: Frosmoth\n|-damage|p2a: Sinistcha|64\/100 par\n|-damage|p2b: Frosmoth|92\/100 par\n|move|p2b: Frosmoth|Quiver Dance|p2b: Frosmoth\n|-boost|p2b: Frosmoth|spa|1\n|-boost|p2b: Frosmoth|spd|1\n|-boost|p2b: Frosmoth|spe|1\n|move|p2a: Sinistcha|Matcha Gotcha|p1b: Landorus|[spread] p1a,p1b\n|-damage|p1a: Sableye|43\/100\n|-heal|p2a: Sinistcha|82\/100 par|[from] drain|[of] p1a: Sableye\n|-damage|p1b: Landorus|0 fnt\n|-heal|p2a: Sinistcha|94\/100 par|[from] drain|[of] p1b: Landorus\n|-status|p1a: Sableye|brn\n|faint|p1b: Landorus\n|\n|-damage|p1a: Sableye|37\/100 brn|[from] brn\n|upkeep\n|\n|t:|1701024637\n|switch|p1b: Dudunsparce|Dudunsparce-Three-Segment, L50, F|100\/100\n|turn|5\n|\n|t:|1701024657\n|switch|p1a: Flutter Mane|Flutter Mane, L50|100\/100\n|-enditem|p1a: Flutter Mane|Booster Energy\n|-activate|p1a: Flutter Mane|ability: Protosynthesis|[fromitem]\n|-start|p1a: Flutter Mane|protosynthesisspe\n|-terastallize|p2b: Frosmoth|Fighting\n|cant|p2b: Frosmoth|par\n|move|p1b: Dudunsparce|Rock Slide|p2a: Sinistcha|[spread] p2a,p2b\n|-crit|p2a: Sinistcha\n|-resisted|p2b: Frosmoth\n|-damage|p2a: Sinistcha|74\/100 par\n|-damage|p2b: Frosmoth|80\/100 par\n|cant|p2a: Sinistcha|flinch\n|\n|upkeep\n|turn|6\n|inactive|BurntToast98 has 30 seconds left.\n|\n|t:|1701024686\n|move|p1a: Flutter Mane|Perish Song|p1a: Flutter Mane\n|-start|p1a: Flutter Mane|perish3|[silent]\n|-start|p1b: Dudunsparce|perish3|[silent]\n|-start|p2a: Sinistcha|perish3|[silent]\n|-start|p2b: Frosmoth|perish3|[silent]\n|-fieldactivate|move: Perish Song\n|move|p2b: Frosmoth|Tera Blast|p1b: Dudunsparce|[anim] Tera Blast Fighting\n|-supereffective|p1b: Dudunsparce\n|-damage|p1b: Dudunsparce|0 fnt\n|faint|p1b: Dudunsparce\n|move|p2a: Sinistcha|Life Dew|p2a: Sinistcha|[spread] p2a,p2b\n|-heal|p2a: Sinistcha|99\/100 par\n|-heal|p2b: Frosmoth|100\/100 par\n|\n|-start|p1a: Flutter Mane|perish3\n|-start|p2b: Frosmoth|perish3\n|-start|p2a: Sinistcha|perish3\n|-fieldend|move: Gravity\n|upkeep\n|\n|t:|1701024705\n|switch|p1b: Sableye|Sableye, L50, M|37\/100 brn\n|turn|7\n|\n|t:|1701024717\n|move|p1b: Sableye|Fake Out|p2b: Frosmoth\n|-damage|p2b: Frosmoth|95\/100 par\n|move|p1a: Flutter Mane|Shadow Ball|p2a: Sinistcha\n|-supereffective|p2a: Sinistcha\n|-damage|p2a: Sinistcha|36\/100 par\n|cant|p2b: Frosmoth|flinch\n|cant|p2a: Sinistcha|par\n|\n|-damage|p1b: Sableye|31\/100 brn|[from] brn\n|-start|p1a: Flutter Mane|perish2\n|-start|p2b: Frosmoth|perish2\n|-start|p2a: Sinistcha|perish2\n|upkeep\n|turn|8\n|inactive|BurntToast98 has 30 seconds left.\n|\n|t:|1701024746\n|move|p1a: Flutter Mane|Shadow Ball|p2a: Sinistcha\n|-supereffective|p2a: Sinistcha\n|-damage|p2a: Sinistcha|0 fnt\n|faint|p2a: Sinistcha\n|move|p2b: Frosmoth|Ice Beam|p1a: Flutter Mane\n|-damage|p1a: Flutter Mane|20\/100\n|move|p1b: Sableye|Foul Play|p2b: Frosmoth\n|-resisted|p2b: Frosmoth\n|-damage|p2b: Frosmoth|89\/100 par\n|\n|-damage|p1b: Sableye|25\/100 brn|[from] brn\n|-start|p1a: Flutter Mane|perish1\n|-start|p2b: Frosmoth|perish1\n|-sideend|p2: Froglock|move: Light Screen\n|upkeep\n|turn|9\n|c|\u2606BurntToast98|Gg\n|inactive|BurntToast98 has 30 seconds left.\n|\n|t:|1701024771\n|move|p1a: Flutter Mane|Protect|p1a: Flutter Mane\n|-singleturn|p1a: Flutter Mane|Protect\n|move|p2b: Frosmoth|Ice Beam|p1a: Flutter Mane\n|-activate|p1a: Flutter Mane|move: Protect\n|move|p1b: Sableye|Foul Play|p2b: Frosmoth\n|-resisted|p2b: Frosmoth\n|-damage|p2b: Frosmoth|82\/100 par\n|\n|-damage|p1b: Sableye|20\/100 brn|[from] brn\n|-start|p1a: Flutter Mane|perish0\n|-start|p2b: Frosmoth|perish0\n|faint|p1a: Flutter Mane\n|-end|p1a: Flutter Mane|Protosynthesis|[silent]\n|faint|p2b: Frosmoth\n|\n|win|BurntToast98\n|upkeep\n|raw|BurntToast98's rating: 1094 &rarr; <strong>1114<\/strong><br \/>(+20 for winning)\n|raw|Froglock's rating: 1018 &rarr; <strong>1008<\/strong><br \/>(-10 for losing)\n","uploadtime":1701024789,"views":11,"p1id":"burnttoast98","p2id":"froglock","formatid":"gen9vgc2023regulatione","rating":1008,"private":0,"password":""}