{"id":"gen9vgc2023regulatione-1998020333","p1":"maybecursed","p2":"neusrel","format":"[Gen 9] VGC 2023 Regulation E","log":"|j|\u2606maybecursed\n|j|\u2606neusrel\n|n|\u2606maybecursed|maybecursed\n|n|\u2606neusrel|neusrel\n|html|View the match progress at <a href=\"\/game-bestof3-gen9vgc2023regulatione-1998017158\">game-bestof3-gen9vgc2023regulatione-1998017158<\/a>\n|t:|1700879860\n|gametype|doubles\n|player|p1|maybecursed|backpacker|\n|player|p2|neusrel|red|\n|teamsize|p1|6\n|teamsize|p2|6\n|gen|9\n|tier|[Gen 9] VGC 2023 Regulation E\n|rule|Species Clause: Limit one of each Pok\u00e9mon\n|rule|Item Clause: Limit one of each item\n|clearpoke\n|poke|p1|Roaring Moon, L50|\n|poke|p1|Ninetales-Alola, L50, M|\n|poke|p1|Landorus-Therian, L50, M|\n|poke|p1|Iron Hands, L50|\n|poke|p1|Milotic, L50, M|\n|poke|p1|Ogerpon-Hearthflame, L50, F|\n|poke|p2|Urshifu-*, L50, M|\n|poke|p2|Dragapult, L50, M|\n|poke|p2|Chi-Yu, L50|\n|poke|p2|Ogerpon-Wellspring, L50, F|\n|poke|p2|Indeedee-F, L50, F|\n|poke|p2|Tornadus, L50, M|\n|teampreview|4\nmaybecursed has agreed to open team sheets.\nneusrel has agreed to open team sheets.\n|showteam|p1|Roaring Moon||BoosterEnergy|Protosynthesis|Acrobatics,KnockOff,DragonDance,Protect||||||50|,,,,,Flying]Ninetales-Alola||LightClay|SnowWarning|Blizzard,Moonblast,AuroraVeil,Protect|||M|||50|,,,,,Ghost]Landorus-Therian||ChoiceScarf|Intimidate|TeraBlast,StompingTantrum,RockSlide,Uturn|||M|||50|,,,,,Flying]Iron Hands||AssaultVest|QuarkDrive|FakeOut,WildCharge,DrainPunch,HeavySlam||||||50|,,,,,Grass]Milotic||SitrusBerry|Competitive|Scald,Recover,IcyWind,Protect|||M|||50|,,,,,Grass]Ogerpon-Hearthflame||HearthflameMask|MoldBreaker|IvyCudgel,WoodHammer,FollowMe,SpikyShield|||F|||50|,,,,,Fire\n|showteam|p2|Urshifu-Rapid-Strike||ChoiceScarf|UnseenFist|SurgingStrikes,CloseCombat,AquaJet,Uturn|||M|||50|,,,,,Poison]Dragapult||FocusSash|ClearBody|ShadowBall,DracoMeteor,WillOWisp,Protect|||M|||50|,,,,,Steel]Chi-Yu||LifeOrb|BeadsofRuin|HeatWave,Overheat,Snarl,Protect||||||50|,,,,,Fire]Ogerpon-Wellspring||WellspringMask|WaterAbsorb|IvyCudgel,HornLeech,SwordsDance,SpikyShield|||F|||50|,,,,,Water]Indeedee-F||PsychicSeed|PsychicSurge|FollowMe,Protect,Psychic,HelpingHand|||F|||50|,,,,,Dragon]Tornadus||SafetyGoggles|Prankster|BleakwindStorm,Tailwind,RainDance,Protect|||M|||50|,,,,,Ghost\n|j| 1BRe0N\n|\n|t:|1700879902\n|start\n|switch|p1a: Landorus|Landorus-Therian, L50, M|100\/100\n|switch|p1b: Iron Hands|Iron Hands, L50|100\/100\n|switch|p2a: Tornadus|Tornadus, L50, M|100\/100\n|switch|p2b: Urshifu|Urshifu-Rapid-Strike, L50, M|100\/100\n|-ability|p1a: Landorus|Intimidate|boost\n|-unboost|p2a: Tornadus|atk|1\n|-unboost|p2b: Urshifu|atk|1\n|turn|1\n|\n|t:|1700879937\n|switch|p1a: Milotic|Milotic, L50, M|100\/100\n|-terastallize|p2b: Urshifu|Poison\n|move|p2a: Tornadus|Protect|p2a: Tornadus\n|-singleturn|p2a: Tornadus|Protect\n|move|p2b: Urshifu|U-turn|p1b: Iron Hands\n|-resisted|p1b: Iron Hands\n|-damage|p1b: Iron Hands|94\/100\n|\n|t:|1700879966\n|switch|p2b: Chi-Yu|Chi-Yu, L50|100\/100|[from] U-turn\n|-ability|p2b: Chi-Yu|Beads of Ruin\n|move|p1b: Iron Hands|Wild Charge|p2a: Tornadus\n|-activate|p2a: Tornadus|move: Protect\n|\n|upkeep\n|turn|2\n|\n|t:|1700880001\n|move|p2a: Tornadus|Tailwind|p2a: Tornadus\n|-sidestart|p2: neusrel|move: Tailwind\n|move|p2b: Chi-Yu|Overheat|p1a: Milotic\n|-resisted|p1a: Milotic\n|-damage|p1a: Milotic|52\/100\n|-unboost|p2b: Chi-Yu|spa|2\n|-damage|p2b: Chi-Yu|91\/100|[from] item: Life Orb\n|move|p1a: Milotic|Icy Wind|p2a: Tornadus|[spread] p2a,p2b\n|-supereffective|p2a: Tornadus\n|-resisted|p2b: Chi-Yu\n|-damage|p2a: Tornadus|64\/100\n|-damage|p2b: Chi-Yu|85\/100\n|-unboost|p2a: Tornadus|spe|1\n|-unboost|p2b: Chi-Yu|spe|1\n|move|p1b: Iron Hands|Wild Charge|p2a: Tornadus\n|-supereffective|p2a: Tornadus\n|-damage|p2a: Tornadus|0 fnt\n|faint|p2a: Tornadus\n|-damage|p1b: Iron Hands|82\/100|[from] Recoil\n|\n|upkeep\n|\n|t:|1700880034\n|switch|p2a: Ogerpon|Ogerpon-Wellspring, L50, F|100\/100\n|turn|3\n|\n|t:|1700880061\n|-end|p1b: Iron Hands|Quark Drive|[silent]\n|switch|p1b: Roaring Moon|Roaring Moon, L50|100\/100\n|-enditem|p1b: Roaring Moon|Booster Energy\n|-activate|p1b: Roaring Moon|ability: Protosynthesis|[fromitem]\n|-start|p1b: Roaring Moon|protosynthesisatk\n|move|p2b: Chi-Yu|Protect|p2b: Chi-Yu\n|-singleturn|p2b: Chi-Yu|Protect\n|move|p1a: Milotic|Protect|p1a: Milotic\n|-singleturn|p1a: Milotic|Protect\n|move|p2a: Ogerpon|Swords Dance|p2a: Ogerpon\n|-boost|p2a: Ogerpon|atk|2\n|\n|upkeep\n|turn|4\n|\n|t:|1700880106\n|-terastallize|p1b: Roaring Moon|Flying\n|move|p2a: Ogerpon|Horn Leech|p1a: Milotic\n|-supereffective|p1a: Milotic\n|-damage|p1a: Milotic|0 fnt\n|faint|p1a: Milotic\n|move|p2b: Chi-Yu|Heat Wave|p1b: Roaring Moon\n|-damage|p1b: Roaring Moon|63\/100\n|-damage|p2b: Chi-Yu|76\/100|[from] item: Life Orb\n|move|p1b: Roaring Moon|Acrobatics|p2b: Chi-Yu\n|-crit|p2b: Chi-Yu\n|-damage|p2b: Chi-Yu|0 fnt\n|faint|p2b: Chi-Yu\n|\n|upkeep\n|\n|t:|1700880122\n|switch|p2b: Urshifu|Urshifu-Rapid-Strike, L50, M, tera:Poison|100\/100\n|switch|p1a: Landorus|Landorus-Therian, L50, M|100\/100\n|-ability|p1a: Landorus|Intimidate|boost\n|-unboost|p2a: Ogerpon|atk|1\n|-unboost|p2b: Urshifu|atk|1\n|turn|5\n|\n|t:|1700880147\n|-end|p1b: Roaring Moon|Protosynthesis|[silent]\n|switch|p1b: Iron Hands|Iron Hands, L50|82\/100\n|move|p2b: Urshifu|Surging Strikes|p1a: Landorus\n|-supereffective|p1a: Landorus\n|-crit|p1a: Landorus\n|-damage|p1a: Landorus|55\/100\n|-supereffective|p1a: Landorus\n|-crit|p1a: Landorus\n|-damage|p1a: Landorus|5\/100\n|-supereffective|p1a: Landorus\n|-crit|p1a: Landorus\n|-damage|p1a: Landorus|0 fnt\n|faint|p1a: Landorus\n|-hitcount|p1: Landorus|3\n|move|p2a: Ogerpon|Ivy Cudgel|p1b: Iron Hands|[anim] Ivy Cudgel Water\n|-damage|p1b: Iron Hands|18\/100\n|\n|-sideend|p2: neusrel|move: Tailwind\n|upkeep\n|\n|t:|1700880152\n|switch|p1a: Roaring Moon|Roaring Moon, L50, tera:Flying|63\/100\n|turn|6\n|\n|t:|1700880184\n|move|p1b: Iron Hands|Fake Out|p2b: Urshifu\n|-damage|p2b: Urshifu|84\/100\n|cant|p2b: Urshifu|flinch\n|move|p2a: Ogerpon|Ivy Cudgel|p1b: Iron Hands|[anim] Ivy Cudgel Water\n|-damage|p1b: Iron Hands|0 fnt\n|faint|p1b: Iron Hands\n|-end|p1b: Iron Hands|Quark Drive|[silent]\n|move|p1a: Roaring Moon|Acrobatics|p2b: Urshifu\n|-damage|p2b: Urshifu|30\/100\n|\n|upkeep\n|turn|7\n|\n|t:|1700880199\n|move|p2b: Urshifu|Surging Strikes|p1a: Roaring Moon\n|-crit|p1a: Roaring Moon\n|-damage|p1a: Roaring Moon|42\/100\n|-crit|p1a: Roaring Moon\n|-damage|p1a: Roaring Moon|19\/100\n|-crit|p1a: Roaring Moon\n|-damage|p1a: Roaring Moon|0 fnt\n|faint|p1a: Roaring Moon\n|-end|p1a: Roaring Moon|Protosynthesis|[silent]\n|-hitcount|p1: Roaring Moon|3\n|\n|win|neusrel\n|l|\u2606maybecursed\n","uploadtime":1700880247,"views":5,"p1id":"maybecursed","p2id":"neusrel","formatid":"gen9vgc2023regulatione","rating":0,"private":0,"password":""}