{"id":"gen9vgc2023regulatione-1993550800","p1":"Moth die Motte","p2":"selfiebot","format":"[Gen 9] VGC 2023 Regulation E","log":"|j|\u2606Moth die Motte\n|j|\u2606selfiebot\n|t:|1700330771\n|gametype|doubles\n|player|p1|Moth die Motte|170|1413\n|player|p2|selfiebot|1|1318\n|teamsize|p1|6\n|teamsize|p2|6\n|gen|9\n|tier|[Gen 9] VGC 2023 Regulation E\n|rated|\n|rule|Species Clause: Limit one of each Pok\u00e9mon\n|rule|Item Clause: Limit one of each item\n|clearpoke\n|poke|p1|Heatran, L50, M|\n|poke|p1|Annihilape, L50, F|\n|poke|p1|Grimmsnarl, L50, M|\n|poke|p1|Zapdos, L50|\n|poke|p1|Rillaboom, L50, M|\n|poke|p1|Gyarados, L50, F|\n|poke|p2|Roaring Moon, L50|\n|poke|p2|Ninetales-Alola, L50, M|\n|poke|p2|Landorus-Therian, L50, M|\n|poke|p2|Iron Hands, L50|\n|poke|p2|Milotic, L50, M|\n|poke|p2|Ogerpon-Hearthflame, L50, F|\n|teampreview|4\n|\n|t:|1700330820\n|start\n|switch|p1a: Annihilape|Annihilape, L50, F|100\/100\n|switch|p1b: Grimmsnarl|Grimmsnarl, L50, M, shiny|100\/100\n|switch|p2a: Iron Hands|Iron Hands, L50|100\/100\n|switch|p2b: Milotic|Milotic, L50, M|100\/100\n|turn|1\n|\n|t:|1700330837\n|move|p1b: Grimmsnarl|Light Screen|p1b: Grimmsnarl\n|-sidestart|p1: Moth die Motte|move: Light Screen\n|move|p1a: Annihilape|Bulk Up|p1a: Annihilape\n|-boost|p1a: Annihilape|atk|1\n|-boost|p1a: Annihilape|def|1\n|move|p2b: Milotic|Scald|p1a: Annihilape\n|-damage|p1a: Annihilape|85\/100\n|move|p2a: Iron Hands|Heavy Slam|p1b: Grimmsnarl\n|-supereffective|p1b: Grimmsnarl\n|-damage|p1b: Grimmsnarl|0 fnt\n|faint|p1b: Grimmsnarl\n|\n|-heal|p1a: Annihilape|91\/100|[from] item: Leftovers\n|upkeep\n|\n|t:|1700330846\n|switch|p1b: Rillaboom|Rillaboom, L50, M|100\/100\n|-fieldstart|move: Grassy Terrain|[from] ability: Grassy Surge|[of] p1b: Rillaboom\n|turn|2\n|\n|t:|1700330868\n|move|p1b: Rillaboom|Fake Out|p2a: Iron Hands\n|-damage|p2a: Iron Hands|89\/100\n|move|p1a: Annihilape|Drain Punch|p2b: Milotic\n|-damage|p2b: Milotic|59\/100\n|-heal|p1a: Annihilape|100\/100|[from] drain|[of] p2b: Milotic\n|move|p2b: Milotic|Icy Wind|p1a: Annihilape|[spread] p1a,p1b\n|-supereffective|p1b: Rillaboom\n|-damage|p1a: Annihilape|95\/100\n|-damage|p1b: Rillaboom|83\/100\n|-unboost|p1a: Annihilape|spe|1\n|-ability|p1a: Annihilape|Defiant|boost\n|-boost|p1a: Annihilape|atk|2\n|cant|p2a: Iron Hands|flinch\n|\n|-heal|p2b: Milotic|66\/100|[from] Grassy Terrain\n|-heal|p1b: Rillaboom|89\/100|[from] Grassy Terrain\n|-heal|p1a: Annihilape|100\/100|[from] Grassy Terrain\n|-heal|p2a: Iron Hands|95\/100|[from] Grassy Terrain\n|upkeep\n|turn|3\n|\n|t:|1700330907\n|move|p1b: Rillaboom|Grassy Glide|p2b: Milotic\n|-supereffective|p2b: Milotic\n|-damage|p2b: Milotic|0 fnt\n|faint|p2b: Milotic\n|move|p1a: Annihilape|Rage Fist|p2a: Iron Hands\n|-damage|p2a: Iron Hands|0 fnt\n|faint|p2a: Iron Hands\n|-end|p2a: Iron Hands|Quark Drive|[silent]\n|\n|-heal|p1b: Rillaboom|95\/100|[from] Grassy Terrain\n|upkeep\n|inactive|Battle timer is ON: inactive players will automatically lose when time's up. (requested by Moth die Motte)\n|\n|t:|1700330913\n|switch|p2b: Roaring Moon|Roaring Moon, L50|100\/100\n|switch|p2a: Ogerpon|Ogerpon-Hearthflame, L50, F|100\/100\n|-ability|p2a: Ogerpon|Mold Breaker\n|-enditem|p2b: Roaring Moon|Booster Energy\n|-activate|p2b: Roaring Moon|ability: Protosynthesis|[fromitem]\n|-start|p2b: Roaring Moon|protosynthesisatk\n|turn|4\n|\n|t:|1700330933\n|switch|p1b: Gyarados|Gyarados, L50, F|100\/100\n|-ability|p1b: Gyarados|Intimidate|boost\n|-unboost|p2a: Ogerpon|atk|1\n|-unboost|p2b: Roaring Moon|atk|1\n|-terastallize|p2b: Roaring Moon|Flying\n|-terastallize|p1a: Annihilape|Fire\n|move|p2b: Roaring Moon|Acrobatics|p1a: Annihilape\n|-damage|p1a: Annihilape|67\/100\n|move|p2a: Ogerpon|Ivy Cudgel|p1b: Gyarados|[anim] Ivy Cudgel Fire\n|-resisted|p1b: Gyarados\n|-damage|p1b: Gyarados|84\/100\n|move|p1a: Annihilape|Rage Fist|p2b: Roaring Moon\n|-damage|p2b: Roaring Moon|0 fnt\n|faint|p2b: Roaring Moon\n|-end|p2b: Roaring Moon|Protosynthesis|[silent]\n|\n|-heal|p1a: Annihilape|74\/100|[from] Grassy Terrain\n|-heal|p1a: Annihilape|80\/100|[from] item: Leftovers\n|upkeep\n|turn|5\n|-message|selfiebot forfeited.\n|\n|win|Moth die Motte\n|raw|Moth die Motte's rating: 1413 &rarr; <strong>1428<\/strong><br \/>(+15 for winning)\n|raw|selfiebot's rating: 1318 &rarr; <strong>1303<\/strong><br \/>(-15 for losing)\n|l|\u2606selfiebot\n","uploadtime":1700330952,"views":20,"p1id":"mothdiemotte","p2id":"selfiebot","formatid":"gen9vgc2023regulatione","rating":1303,"private":0,"password":""}