{"id":"gen9vgc2023regulatione-2000020832","p1":"RaisingAwareness","p2":"bobforte22","format":"[Gen 9] VGC 2023 Regulation E","log":"|j|\u2606RaisingAwareness\n|j|\u2606bobforte22\n|t:|1701142131\n|gametype|doubles\n|player|p1|RaisingAwareness|266|1000\n|player|p2|bobforte22|pilot|1101\n|teamsize|p1|6\n|teamsize|p2|6\n|gen|9\n|tier|[Gen 9] VGC 2023 Regulation E\n|rated|\n|rule|Species Clause: Limit one of each Pok\u00e9mon\n|rule|Item Clause: Limit one of each item\n|clearpoke\n|poke|p1|Landorus-Therian, L50, M|\n|poke|p1|Kilowattrel, L50, F|\n|poke|p1|Ambipom, L50, F|\n|poke|p1|Ogerpon-Wellspring, L50, F|\n|poke|p1|Lokix, L50, M|\n|poke|p1|Eelektross, L50, F|\n|poke|p2|Baxcalibur, L50, M|\n|poke|p2|Ninetales-Alola, L50, M|\n|poke|p2|Dragonite, L50, M|\n|poke|p2|Landorus-Therian, L50, M|\n|poke|p2|Ceruledge, L50, F|\n|poke|p2|Articuno, L50|\n|teampreview|4\n|inactive|Battle timer is ON: inactive players will automatically lose when time's up. (requested by RaisingAwareness)\n|\n|t:|1701142157\n|start\n|switch|p1a: Eelektross|Eelektross, L50, F|100\/100\n|switch|p1b: Ambipom|Ambipom, L50, F|100\/100\n|switch|p2a: Articuno|Articuno, L50, shiny|100\/100\n|switch|p2b: Dragonite|Dragonite, L50, M|100\/100\n|turn|1\n|inactive|RaisingAwareness has 30 seconds left.\n|inactive|bobforte22 has 30 seconds left.\n|\n|t:|1701142192\n|move|p2a: Articuno|Protect|p2a: Articuno\n|-singleturn|p2a: Articuno|Protect\n|move|p1b: Ambipom|Fake Out|p2a: Articuno\n|-activate|p2a: Articuno|move: Protect\n|move|p2b: Dragonite|Extreme Speed|p1a: Eelektross\n|-damage|p1a: Eelektross|51\/100\n|move|p1a: Eelektross|Discharge|p2a: Articuno|[spread] p1b,p2b\n|-activate|p2a: Articuno|move: Protect\n|-damage|p1b: Ambipom|54\/100\n|-damage|p2b: Dragonite|75\/100\n|-status|p1b: Ambipom|par\n|\n|upkeep\n|turn|2\n|inactive|bobforte22 has 30 seconds left.\n|\n|t:|1701142219\n|-terastallize|p2b: Dragonite|Normal\n|move|p2b: Dragonite|Extreme Speed|p1a: Eelektross\n|-damage|p1a: Eelektross|0 fnt\n|faint|p1a: Eelektross\n|move|p2a: Articuno|Tailwind|p2a: Articuno\n|-sidestart|p2: bobforte22|move: Tailwind\n|move|p1b: Ambipom|Last Resort|p2a: Articuno\n|-damage|p2a: Articuno|43\/100\n|\n|upkeep\n|\n|t:|1701142241\n|switch|p1a: Landorus|Landorus-Therian, L50, M|100\/100\n|-ability|p1a: Landorus|Intimidate|boost\n|-unboost|p2a: Articuno|atk|1\n|-fail|p2b: Dragonite|unboost|Attack|[from] ability: Inner Focus|[of] p2b: Dragonite\n|turn|3\n|\n|t:|1701142254\n|switch|p2b: Ninetales|Ninetales-Alola, L50, M|100\/100\n|-weather|Snow|[from] ability: Snow Warning|[of] p2b: Ninetales\n|move|p1a: Landorus|Protect|p1a: Landorus\n|-singleturn|p1a: Landorus|Protect\n|move|p2a: Articuno|Blizzard|p1a: Landorus|[spread] p1b\n|-activate|p1a: Landorus|move: Protect\n|-damage|p1b: Ambipom|10\/100 par\n|move|p1b: Ambipom|Last Resort|p2a: Articuno\n|-damage|p2a: Articuno|9\/100\n|\n|-weather|Snow|[upkeep]\n|upkeep\n|turn|4\n|\n|t:|1701142274\n|move|p1a: Landorus|Protect|p1a: Landorus\n|-singleturn|p1a: Landorus|Protect\n|move|p2b: Ninetales|Freeze-Dry|p1a: Landorus\n|-activate|p1a: Landorus|move: Protect\n|move|p2a: Articuno|Blizzard|p1a: Landorus|[spread] p1b\n|-activate|p1a: Landorus|move: Protect\n|-damage|p1b: Ambipom|0 fnt\n|faint|p1b: Ambipom\n|\n|-weather|Snow|[upkeep]\n|upkeep\n|\n|t:|1701142283\n|switch|p1b: Kilowattrel|Kilowattrel, L50, F|100\/100\n|turn|5\n|\n|t:|1701142300\n|move|p2b: Ninetales|Freeze-Dry|p1a: Landorus\n|-supereffective|p1a: Landorus\n|-damage|p1a: Landorus|0 fnt\n|faint|p1a: Landorus\n|move|p2a: Articuno|Blizzard|p1b: Kilowattrel\n|-supereffective|p1b: Kilowattrel\n|-damage|p1b: Kilowattrel|0 fnt\n|faint|p1b: Kilowattrel\n|\n|win|bobforte22\n|raw|RaisingAwareness's rating: 1000 &rarr; <strong>1000<\/strong><br \/>(+0 for losing)\n|raw|bobforte22's rating: 1101 &rarr; <strong>1119<\/strong><br \/>(+18 for winning)\n|l|\u2606RaisingAwareness\n","uploadtime":1701142311,"views":1,"p1id":"raisingawareness","p2id":"bobforte22","formatid":"gen9vgc2023regulatione","rating":1000,"private":0,"password":""}