{"id":"gen9vgc2023regulatione-1996841282","p1":"prophetblack","p2":"Bubbledum","format":"[Gen 9] VGC 2023 Regulation E","log":"|j|\u2606prophetblack\n|j|\u2606Bubbledum\n|t:|1700733866\n|gametype|doubles\n|player|p1|prophetblack|hilda|1239\n|player|p2|Bubbledum|266|1305\n|teamsize|p1|6\n|teamsize|p2|6\n|gen|9\n|tier|[Gen 9] VGC 2023 Regulation E\n|rated|\n|rule|Species Clause: Limit one of each Pok\u00e9mon\n|rule|Item Clause: Limit one of each item\n|clearpoke\n|poke|p1|Weezing, L50, M|\n|poke|p1|Roaring Moon, L50|\n|poke|p1|Ogerpon-Wellspring, L50, F|\n|poke|p1|Arcanine-Hisui, L50, M|\n|poke|p1|Flutter Mane, L50|\n|poke|p1|Iron Hands, L50|\n|poke|p2|Farigiraf, L50, F|\n|poke|p2|Landorus, L50, M|\n|poke|p2|Urshifu-*, L50, M|\n|poke|p2|Heatran, L50, F|\n|poke|p2|Iron Bundle, L50|\n|poke|p2|Rillaboom, L50, M|\n|teampreview|4\n|inactive|Battle timer is ON: inactive players will automatically lose when time's up. (requested by prophetblack)\n|inactive|Bubbledum has 60 seconds left.\n|inactive|Bubbledum has 30 seconds left.\n|\n|t:|1700733928\n|start\n|switch|p1a: Arcanine|Arcanine-Hisui, L50, M|100\/100\n|switch|p1b: Flutter Mane|Flutter Mane, L50, shiny|100\/100\n|switch|p2a: Landorus|Landorus, L50, M|100\/100\n|switch|p2b: Iron Bundle|Iron Bundle, L50|100\/100\n|-ability|p1a: Arcanine|Intimidate|boost\n|-unboost|p2a: Landorus|atk|1\n|-unboost|p2b: Iron Bundle|atk|1\n|-enditem|p2b: Iron Bundle|Booster Energy\n|-activate|p2b: Iron Bundle|ability: Quark Drive|[fromitem]\n|-start|p2b: Iron Bundle|quarkdrivespe\n|turn|1\n|\n|t:|1700733944\n|-terastallize|p1a: Arcanine|Fairy\n|move|p2b: Iron Bundle|Icy Wind|p1a: Arcanine|[spread] p1a,p1b\n|-crit|p1a: Arcanine\n|-damage|p1a: Arcanine|68\/100\n|-damage|p1b: Flutter Mane|84\/100\n|-unboost|p1a: Arcanine|spe|1\n|-unboost|p1b: Flutter Mane|spe|1\n|move|p2a: Landorus|Earth Power|p1b: Flutter Mane\n|-damage|p1b: Flutter Mane|9\/100\n|move|p1b: Flutter Mane|Dazzling Gleam|p2a: Landorus|[spread] p2a,p2b\n|-damage|p2a: Landorus|49\/100\n|-damage|p2b: Iron Bundle|43\/100\n|move|p1a: Arcanine|Rock Slide|p2a: Landorus|[spread] p2a,p2b\n|-supereffective|p2b: Iron Bundle\n|-damage|p2a: Landorus|6\/100\n|-damage|p2b: Iron Bundle|0 fnt\n|faint|p2b: Iron Bundle\n|-end|p2b: Iron Bundle|Quark Drive|[silent]\n|\n|upkeep\n|\n|t:|1700733960\n|switch|p2b: Rillaboom|Rillaboom, L50, M|100\/100\n|-fieldstart|move: Grassy Terrain|[from] ability: Grassy Surge|[of] p2b: Rillaboom\n|turn|2\n|\n|t:|1700733973\n|switch|p1a: Weezing|Weezing, L50, M, shiny|100\/100\n|-ability|p1a: Weezing|Neutralizing Gas\n|move|p2b: Rillaboom|Grassy Glide|p1a: Weezing\n|-resisted|p1a: Weezing\n|-damage|p1a: Weezing|83\/100\n|move|p2a: Landorus|Earth Power|p1b: Flutter Mane\n|-damage|p1b: Flutter Mane|0 fnt\n|faint|p1b: Flutter Mane\n|-end|p1b: Flutter Mane|Protosynthesis|[silent]\n|-damage|p2a: Landorus|0 fnt|[from] item: Life Orb\n|faint|p2a: Landorus\n|\n|-heal|p1a: Weezing|89\/100|[from] Grassy Terrain\n|upkeep\n|\n|t:|1700733990\n|switch|p1b: Roaring Moon|Roaring Moon, L50|100\/100\n|switch|p2a: Heatran|Heatran, L50, F|100\/100\n|-enditem|p1b: Roaring Moon|Booster Energy\n|-activate|p1b: Roaring Moon|ability: Protosynthesis|[fromitem]\n|-start|p1b: Roaring Moon|protosynthesisspe\n|turn|3\n|\n|t:|1700734004\n|move|p1b: Roaring Moon|Acrobatics|p2b: Rillaboom\n|-supereffective|p2b: Rillaboom\n|-damage|p2b: Rillaboom|19\/100\n|move|p2b: Rillaboom|Taunt|p1a: Weezing\n|-start|p1a: Weezing|move: Taunt\n|move|p2a: Heatran|Heat Wave|p1a: Weezing|[spread] p1a,p1b\n|-resisted|p1b: Roaring Moon\n|-damage|p1a: Weezing|41\/100\n|-damage|p1b: Roaring Moon|81\/100\n|-enditem|p1a: Weezing|Sitrus Berry|[eat]\n|-heal|p1a: Weezing|65\/100|[from] item: Sitrus Berry\n|cant|p1a: Weezing|move: Taunt|Taunt\n|\n|-heal|p1b: Roaring Moon|87\/100|[from] Grassy Terrain\n|-heal|p2b: Rillaboom|25\/100|[from] Grassy Terrain\n|-heal|p1a: Weezing|71\/100|[from] Grassy Terrain\n|upkeep\n|turn|4\n|inactive|prophetblack has 30 seconds left.\n|inactive|Bubbledum has 30 seconds left.\n|\n|t:|1700734035\n|-terastallize|p2b: Rillaboom|Grass\n|move|p2b: Rillaboom|Grassy Glide|p1b: Roaring Moon\n|-resisted|p1b: Roaring Moon\n|-damage|p1b: Roaring Moon|43\/100\n|move|p1b: Roaring Moon|Tailwind|p1b: Roaring Moon\n|-sidestart|p1: prophetblack|move: Tailwind\n|move|p1a: Weezing|Sludge Bomb|p2b: Rillaboom\n|-supereffective|p2b: Rillaboom\n|-damage|p2b: Rillaboom|0 fnt\n|faint|p2b: Rillaboom\n|move|p2a: Heatran|Flash Cannon|p1b: Roaring Moon\n|-damage|p1b: Roaring Moon|0 fnt\n|faint|p1b: Roaring Moon\n|-end|p1b: Roaring Moon|Protosynthesis|[silent]\n|\n|-heal|p1a: Weezing|77\/100|[from] Grassy Terrain\n|upkeep\n|\n|t:|1700734054\n|switch|p1b: Arcanine|Arcanine-Hisui, L50, M, tera:Fairy|68\/100\n|turn|5\n|\n|t:|1700734066\n|move|p1b: Arcanine|Rock Slide|p2a: Heatran\n|-damage|p2a: Heatran|50\/100\n|move|p1a: Weezing|Sludge Bomb|p2a: Heatran\n|-immune|p2a: Heatran\n|move|p2a: Heatran|Flash Cannon|p1b: Arcanine\n|-supereffective|p1b: Arcanine\n|-damage|p1b: Arcanine|0 fnt\n|faint|p1b: Arcanine\n|\n|-heal|p1a: Weezing|83\/100|[from] Grassy Terrain\n|-heal|p2a: Heatran|57\/100|[from] Grassy Terrain\n|-end|p1a: Weezing|move: Taunt\n|upkeep\n|turn|6\n|c|\u2606prophetblack|gg\n|\n|t:|1700734081\n|move|p1a: Weezing|Sludge Bomb|p2a: Heatran\n|-immune|p2a: Heatran\n|move|p2a: Heatran|Earth Power|p1a: Weezing\n|-supereffective|p1a: Weezing\n|-damage|p1a: Weezing|0 fnt\n|faint|p1a: Weezing\n|-end|p1a: Weezing|ability: Neutralizing Gas\n|\n|win|Bubbledum\n|raw|prophetblack's rating: 1239 &rarr; <strong>1219<\/strong><br \/>(-20 for losing)\n|raw|Bubbledum's rating: 1305 &rarr; <strong>1321<\/strong><br \/>(+16 for winning)\n|c|\u2606Bubbledum|gg\n|l|\u2606prophetblack\n","uploadtime":1700734117,"views":12,"p1id":"prophetblack","p2id":"bubbledum","formatid":"gen9vgc2023regulatione","rating":1219,"private":0,"password":""}