{"id":"gen9vgc2023regulatione-1999945456","p1":"Madelaine2","p2":"Samythril","format":"[Gen 9] VGC 2023 Regulation E","log":"|j|\u2606Madelaine2\n|j|\u2606Samythril\n|t:|1701133090\n|gametype|doubles\n|player|p1|Madelaine2|caitlin|\n|player|p2|Samythril|will|\n|teamsize|p1|6\n|teamsize|p2|6\n|gen|9\n|tier|[Gen 9] VGC 2023 Regulation E\n|rule|Species Clause: Limit one of each Pok\u00e9mon\n|rule|Item Clause: Limit one of each item\n|clearpoke\n|poke|p1|Landorus-Therian, L50, M|\n|poke|p1|Gothitelle, L50, F|\n|poke|p1|Torkoal, L50, M|\n|poke|p1|Lilligant-Hisui, L50, F|\n|poke|p1|Spectrier, L50|\n|poke|p1|Walking Wake, L50|\n|poke|p2|Iron Hands, L50|\n|poke|p2|Cresselia, L50, F|\n|poke|p2|Sableye, L50, F|\n|poke|p2|Goodra, L50, F|\n|poke|p2|Iron Jugulis, L50|\n|poke|p2|Sinistcha, L50|\n|teampreview|4\n|inactive|Battle timer is ON: inactive players will automatically lose when time's up. (requested by Madelaine2)\n|c|\u2606Madelaine2|glhf!\n|c|\u2606Samythril|cts right\n|c|\u2606Samythril|u 2!\n|inactiveoff|Battle timer is now OFF.\n|c|\u2606Madelaine2|yup :3\nMadelaine2 rejected open team sheets.\n|\n|t:|1701133147\n|start\n|switch|p1a: Kiss and telle|Gothitelle, L50, F|100\/100\n|switch|p1b: Noah Fifita|Landorus-Therian, L50, M|100\/100\n|switch|p2a: Sableye|Sableye, L50, F|100\/100\n|switch|p2b: Goodra|Goodra, L50, F|100\/100\n|-ability|p1b: Noah Fifita|Intimidate|boost\n|-unboost|p2a: Sableye|atk|1\n|-unboost|p2b: Goodra|atk|1\n|turn|1\n|\n|t:|1701133166\n|move|p2a: Sableye|Fake Out|p1b: Noah Fifita\n|-damage|p1b: Noah Fifita|96\/100\n|cant|p1b: Noah Fifita|flinch\n|move|p2b: Goodra|Ice Beam|p1b: Noah Fifita\n|-supereffective|p1b: Noah Fifita\n|-damage|p1b: Noah Fifita|0 fnt\n|faint|p1b: Noah Fifita\n|move|p1a: Kiss and telle|Taunt|p2a: Sableye\n|-start|p2a: Sableye|move: Taunt\n|-enditem|p2a: Sableye|Mental Herb\n|-end|p2a: Sableye|move: Taunt\n|\n|upkeep\n|\n|t:|1701133180\n|switch|p1b: 252+ Specstrier|Spectrier, L50|100\/100\n|turn|2\n|\n|t:|1701133203\n|move|p2a: Sableye|Taunt|p1b: 252+ Specstrier\n|-start|p1b: 252+ Specstrier|move: Taunt\n|cant|p1b: 252+ Specstrier|move: Taunt|Calm Mind\n|move|p2b: Goodra|Knock Off|p1b: 252+ Specstrier\n|-supereffective|p1b: 252+ Specstrier\n|-damage|p1b: 252+ Specstrier|72\/100\n|-enditem|p1b: 252+ Specstrier|Leftovers|[from] move: Knock Off|[of] p2b: Goodra\n|move|p1a: Kiss and telle|Taunt|p2a: Sableye\n|-start|p2a: Sableye|move: Taunt\n|\n|upkeep\n|turn|3\n|\n|t:|1701133216\n|switch|p1b: Serving Cvnt|Lilligant-Hisui, L50, F|100\/100\n|move|p2b: Goodra|Draco Meteor|p1b: Serving Cvnt\n|-damage|p1b: Serving Cvnt|0 fnt\n|-unboost|p2b: Goodra|spa|2\n|faint|p1b: Serving Cvnt\n|move|p1a: Kiss and telle|Psychic|p2b: Goodra\n|-damage|p2b: Goodra|88\/100\n|move|p2a: Sableye|Foul Play|p1a: Kiss and telle\n|-supereffective|p1a: Kiss and telle\n|-crit|p1a: Kiss and telle\n|-damage|p1a: Kiss and telle|52\/100\n|\n|upkeep\n|\n|t:|1701133226\n|switch|p1b: 252+ Specstrier|Spectrier, L50|72\/100\n|turn|4\n|\n|t:|1701133240\n|move|p1b: 252+ Specstrier|Calm Mind|p1b: 252+ Specstrier\n|-boost|p1b: 252+ Specstrier|spa|1\n|-boost|p1b: 252+ Specstrier|spd|1\n|move|p2b: Goodra|Knock Off|p1a: Kiss and telle\n|-supereffective|p1a: Kiss and telle\n|-damage|p1a: Kiss and telle|29\/100\n|-enditem|p1a: Kiss and telle|Mental Herb|[from] move: Knock Off|[of] p2b: Goodra\n|move|p1a: Kiss and telle|Psychic|p2b: Goodra\n|-damage|p2b: Goodra|75\/100\n|move|p2a: Sableye|Foul Play|p1b: 252+ Specstrier\n|-supereffective|p1b: 252+ Specstrier\n|-damage|p1b: 252+ Specstrier|37\/100\n|\n|upkeep\n|turn|5\n|j| Puttheslayinthey\n|\n|t:|1701133264\n|move|p1b: 252+ Specstrier|Protect|p1b: 252+ Specstrier\n|-singleturn|p1b: 252+ Specstrier|Protect\n|move|p2b: Goodra|Draco Meteor|p1b: 252+ Specstrier\n|-activate|p1b: 252+ Specstrier|move: Protect\n|move|p1a: Kiss and telle|Psychic Terrain|p1a: Kiss and telle\n|-fieldstart|move: Psychic Terrain\n|move|p2a: Sableye|Foul Play|p1b: 252+ Specstrier\n|-activate|p1b: 252+ Specstrier|move: Protect\n|\n|-end|p2a: Sableye|move: Taunt\n|upkeep\n|turn|6\n|\n|t:|1701133287\n|move|p1b: 252+ Specstrier|Shadow Ball|p2a: Sableye\n|-damage|p2a: Sableye|22\/100\n|move|p2b: Goodra|Draco Meteor|p1b: 252+ Specstrier\n|-damage|p1b: 252+ Specstrier|12\/100\n|-unboost|p2b: Goodra|spa|2\n|move|p1a: Kiss and telle|Psychic|p2b: Goodra\n|-damage|p2b: Goodra|57\/100\n|move|p2a: Sableye|Foul Play|p1b: 252+ Specstrier\n|-supereffective|p1b: 252+ Specstrier\n|-damage|p1b: 252+ Specstrier|0 fnt\n|faint|p1b: 252+ Specstrier\n|\n|upkeep\n|turn|7\n|c|\u2606Madelaine2|rip\n|c|\u2606Samythril|big rip\n|\n|t:|1701133310\n|move|p2b: Goodra|Knock Off|p1a: Kiss and telle\n|-supereffective|p1a: Kiss and telle\n|-damage|p1a: Kiss and telle|13\/100\n|move|p1a: Kiss and telle|Psychic|p2b: Goodra\n|-damage|p2b: Goodra|40\/100\n|move|p2a: Sableye|Foul Play|p1a: Kiss and telle\n|-supereffective|p1a: Kiss and telle\n|-damage|p1a: Kiss and telle|0 fnt\n|faint|p1a: Kiss and telle\n|\n|win|Samythril\n|l| Puttheslayinthey\n","uploadtime":1701133653,"views":12,"p1id":"madelaine2","p2id":"samythril","formatid":"gen9vgc2023regulatione","rating":0,"private":0,"password":""}