{"id":"gen9vgc2023regulatione-1994885255","p1":"TonyPajamas16","p2":"taco_bowl_mx","format":"[Gen 9] VGC 2023 Regulation E","log":"|j|\u2606TonyPajamas16\n|j|\u2606taco_bowl_mx\n|t:|1700501634\n|gametype|doubles\n|player|p1|TonyPajamas16|psychicf-gen4|1325\n|player|p2|taco_bowl_mx|dawn-gen4pt|1422\n|teamsize|p1|6\n|teamsize|p2|6\n|gen|9\n|tier|[Gen 9] VGC 2023 Regulation E\n|rated|\n|rule|Species Clause: Limit one of each Pok\u00e9mon\n|rule|Item Clause: Limit one of each item\n|clearpoke\n|poke|p1|Scream Tail, L50|\n|poke|p1|Spectrier, L50|\n|poke|p1|Milotic, L50, M|\n|poke|p1|Ogerpon-Hearthflame, L50, F|\n|poke|p1|Sneasler, L50, M|\n|poke|p1|Rillaboom, L50, F|\n|poke|p2|Flutter Mane, L50|\n|poke|p2|Chien-Pao, L50|\n|poke|p2|Iron Hands, L50|\n|poke|p2|Heatran, L50, F|\n|poke|p2|Ogerpon-Wellspring, L50, F|\n|poke|p2|Landorus-Therian, L50, M|\n|teampreview|4\ntaco_bowl_mx has agreed to open team sheets.\n|inactive|Battle timer is ON: inactive players will automatically lose when time's up. (requested by TonyPajamas16)\n|inactive|TonyPajamas16 has 60 seconds left.\n|inactive|taco_bowl_mx has 60 seconds left.\n|inactive|TonyPajamas16 has 30 seconds left.\n|\n|t:|1700501708\n|start\n|switch|p1a: Sneasler|Sneasler, L50, M|100\/100\n|switch|p1b: Rillaboom|Rillaboom, L50, F|100\/100\n|switch|p2a: Chien-Pao|Chien-Pao, L50|100\/100\n|switch|p2b: Ogerpon|Ogerpon-Wellspring, L50, F|100\/100\n|-ability|p2a: Chien-Pao|Sword of Ruin\n|-fieldstart|move: Grassy Terrain|[from] ability: Grassy Surge|[of] p1b: Rillaboom\n|-enditem|p1a: Sneasler|Grassy Seed\n|-boost|p1a: Sneasler|def|1|[from] item: Grassy Seed\n|turn|1\n|inactive|TonyPajamas16 has 30 seconds left.\n|inactive|taco_bowl_mx has 30 seconds left.\n|\n|t:|1700501736\n|-terastallize|p2a: Chien-Pao|Ghost\n|move|p2b: Ogerpon|Spiky Shield|p2b: Ogerpon\n|-singleturn|p2b: Ogerpon|move: Protect\n|move|p1b: Rillaboom|Fake Out|p2a: Chien-Pao\n|-immune|p2a: Chien-Pao\n|move|p1a: Sneasler|Dire Claw|p2b: Ogerpon\n|-activate|p2b: Ogerpon|move: Protect\n|-damage|p1a: Sneasler|88\/100|[from] Spiky Shield|[of] p2b: Ogerpon\n|move|p2a: Chien-Pao|Ice Spinner|p1b: Rillaboom\n|-supereffective|p1b: Rillaboom\n|-damage|p1b: Rillaboom|9\/100\n|-fieldend|move: Grassy Terrain\n|\n|upkeep\n|turn|2\n|inactive|taco_bowl_mx has 30 seconds left.\n|inactive|taco_bowl_mx has 20 seconds left.\n|\n|t:|1700501772\n|switch|p2b: Heatran|Heatran, L50, F|100\/100\n|move|p1a: Sneasler|Dire Claw|p2a: Chien-Pao\n|-resisted|p2a: Chien-Pao\n|-damage|p2a: Chien-Pao|72\/100\n|-status|p2a: Chien-Pao|psn\n|move|p2a: Chien-Pao|Haze|p2a: Chien-Pao\n|-clearallboost\n|move|p1b: Rillaboom|U-turn|p2b: Heatran\n|-resisted|p2b: Heatran\n|-damage|p2b: Heatran|94\/100\n|\n|t:|1700501787\n|switch|p1b: Milotic|Milotic, L50, M|100\/100|[from] U-turn\n|\n|-heal|p2b: Heatran|99\/100|[from] item: Leftovers\n|-damage|p2a: Chien-Pao|60\/100 psn|[from] psn\n|upkeep\n|turn|3\n|inactive|taco_bowl_mx has 30 seconds left.\n|inactive|taco_bowl_mx has 20 seconds left.\n|\n|t:|1700501824\n|-terastallize|p1a: Sneasler|Flying\n|move|p2b: Heatran|Protect|p2b: Heatran\n|-singleturn|p2b: Heatran|Protect\n|move|p1a: Sneasler|Acrobatics|p2a: Chien-Pao\n|-damage|p2a: Chien-Pao|0 fnt\n|faint|p2a: Chien-Pao\n|move|p1b: Milotic|Coil|p1b: Milotic\n|-boost|p1b: Milotic|atk|1\n|-boost|p1b: Milotic|def|1\n|-boost|p1b: Milotic|accuracy|1\n|\n|-heal|p2b: Heatran|100\/100|[from] item: Leftovers\n|upkeep\n|\n|t:|1700501837\n|switch|p2a: Flutter Mane|Flutter Mane, L50|100\/100\n|turn|4\n|\n|t:|1700501860\n|switch|p2b: Ogerpon|Ogerpon-Wellspring, L50, F|100\/100\n|move|p1a: Sneasler|Acrobatics|p2a: Flutter Mane\n|-damage|p2a: Flutter Mane|1\/100\n|move|p2a: Flutter Mane|Shadow Ball|p1a: Sneasler\n|-damage|p1a: Sneasler|11\/100\n|move|p1b: Milotic|Hypnosis|p2b: Ogerpon|[miss]\n|-miss|p1b: Milotic|p2b: Ogerpon\n|\n|upkeep\n|turn|5\n|inactive|TonyPajamas16 has 30 seconds left.\n|inactive|taco_bowl_mx has 30 seconds left.\n|\n|t:|1700501894\n|move|p1a: Sneasler|Acrobatics|p2b: Ogerpon\n|-supereffective|p2b: Ogerpon\n|-damage|p2b: Ogerpon|0 fnt\n|faint|p2b: Ogerpon\n|move|p2a: Flutter Mane|Shadow Ball|p1a: Sneasler\n|-damage|p1a: Sneasler|0 fnt\n|faint|p1a: Sneasler\n|move|p1b: Milotic|Scald|p2a: Flutter Mane\n|-damage|p2a: Flutter Mane|0 fnt\n|faint|p2a: Flutter Mane\n|-end|p2a: Flutter Mane|Protosynthesis|[silent]\n|\n|upkeep\n|\n|t:|1700501906\n|switch|p1a: Rillaboom|Rillaboom, L50, F|9\/100\n|switch|p2b: Heatran|Heatran, L50, F|100\/100\n|-fieldstart|move: Grassy Terrain|[from] ability: Grassy Surge|[of] p1a: Rillaboom\n|turn|6\n|\n|t:|1700501916\n|move|p2b: Heatran|Protect|p2b: Heatran\n|-singleturn|p2b: Heatran|Protect\n|move|p1a: Rillaboom|Fake Out|p2b: Heatran\n|-activate|p2b: Heatran|move: Protect\n|move|p1b: Milotic|Hypnosis|p2b: Heatran\n|-activate|p2b: Heatran|move: Protect\n|\n|-heal|p1a: Rillaboom|15\/100|[from] Grassy Terrain\n|upkeep\n|turn|7\n|\n|t:|1700501926\n|move|p2b: Heatran|Heat Wave|p1b: Milotic|[spread] p1a,p1b\n|-supereffective|p1a: Rillaboom\n|-crit|p1a: Rillaboom\n|-resisted|p1b: Milotic\n|-damage|p1a: Rillaboom|0 fnt\n|-damage|p1b: Milotic|89\/100\n|faint|p1a: Rillaboom\n|move|p1b: Milotic|Hypnosis|p2b: Heatran|[miss]\n|-miss|p1b: Milotic|p2b: Heatran\n|\n|-heal|p1b: Milotic|95\/100|[from] Grassy Terrain\n|-heal|p1b: Milotic|100\/100|[from] item: Leftovers\n|upkeep\n|\n|t:|1700501933\n|switch|p1a: Spectrier|Spectrier, L50|100\/100\n|turn|8\n|\n|t:|1700501946\n|move|p1a: Spectrier|Taunt|p2b: Heatran\n|-start|p2b: Heatran|move: Taunt\n|move|p2b: Heatran|Heat Wave|p1a: Spectrier|[spread] p1a,p1b\n|-resisted|p1b: Milotic\n|-damage|p1a: Spectrier|56\/100\n|-damage|p1b: Milotic|89\/100\n|move|p1b: Milotic|Hypnosis|p2b: Heatran\n|-status|p2b: Heatran|slp|[from] move: Hypnosis\n|\n|-heal|p1a: Spectrier|62\/100|[from] Grassy Terrain\n|-heal|p1b: Milotic|95\/100|[from] Grassy Terrain\n|-heal|p1b: Milotic|100\/100|[from] item: Leftovers\n|upkeep\n|turn|9\n|\n|t:|1700501960\n|move|p1a: Spectrier|Hex|p2b: Heatran\n|-damage|p2b: Heatran|30\/100 slp\n|cant|p2b: Heatran|slp\n|move|p1b: Milotic|Scald|p2b: Heatran\n|-supereffective|p2b: Heatran\n|-damage|p2b: Heatran|0 fnt\n|faint|p2b: Heatran\n|\n|win|TonyPajamas16\n|raw|TonyPajamas16's rating: 1325 &rarr; <strong>1350<\/strong><br \/>(+25 for winning)\n|raw|taco_bowl_mx's rating: 1422 &rarr; <strong>1397<\/strong><br \/>(-25 for losing)\n","uploadtime":1700501969,"views":7,"p1id":"tonypajamas16","p2id":"tacobowlmx","formatid":"gen9vgc2023regulatione","rating":1350,"private":0,"password":""}