{"id":"gen9vgc2023regulatione-1988851008","p1":"Dark Zerzes","p2":"Gaedtke","format":"[Gen 9] VGC 2023 Regulation E","log":"|j|\u2606Dark Zerzes\n|j|\u2606Gaedtke\n|t:|1699773733\n|gametype|doubles\n|player|p1|Dark Zerzes|grimsley|1159\n|player|p2|Gaedtke|170|1242\n|teamsize|p1|6\n|teamsize|p2|6\n|gen|9\n|tier|[Gen 9] VGC 2023 Regulation E\n|rated|\n|rule|Species Clause: Limit one of each Pok\u00e9mon\n|rule|Item Clause: Limit one of each item\n|clearpoke\n|poke|p1|Gholdengo, L50|\n|poke|p1|Murkrow, L50, M|\n|poke|p1|Kommo-o, L50, F|\n|poke|p1|Arcanine-Hisui, L50, M|\n|poke|p1|Sinistcha-Masterpiece, L50|\n|poke|p1|Glastrier, L50|\n|poke|p2|Sinistcha, L50|\n|poke|p2|Moltres-Galar, L50|\n|poke|p2|Grimmsnarl, L50, M|\n|poke|p2|Arcanine-Hisui, L50, F|\n|poke|p2|Milotic, L50, F|\n|poke|p2|Munkidori, L50, M|\n|teampreview|4\n|inactive|Battle timer is ON: inactive players will automatically lose when time's up. (requested by Gaedtke)\n|\n|t:|1699773791\n|start\n|switch|p1a: Gholdengo|Gholdengo, L50, shiny|100\/100\n|switch|p1b: Sinistcha|Sinistcha-Masterpiece, L50, shiny|100\/100\n|switch|p2a: Moltres|Moltres-Galar, L50|100\/100\n|switch|p2b: Arcanine|Arcanine-Hisui, L50, F|100\/100\n|-ability|p2b: Arcanine|Intimidate|boost\n|-unboost|p1a: Gholdengo|atk|1\n|-unboost|p1b: Sinistcha|atk|1\n|turn|1\n|inactive|Dark Zerzes has 30 seconds left.\n|inactive|Gaedtke has 30 seconds left.\n|inactive|Dark Zerzes has 20 seconds left.\n|\n|t:|1699773830\n|-terastallize|p1a: Gholdengo|Dragon\n|move|p1a: Gholdengo|Nasty Plot|p1a: Gholdengo\n|-boost|p1a: Gholdengo|spa|2\n|move|p2b: Arcanine|Flare Blitz|p1b: Sinistcha\n|-supereffective|p1b: Sinistcha\n|-damage|p1b: Sinistcha|9\/100\n|-damage|p2b: Arcanine|73\/100|[from] Recoil\n|move|p2a: Moltres|Nasty Plot|p2a: Moltres\n|-boost|p2a: Moltres|spa|2\n|move|p1b: Sinistcha|Trick Room|p1b: Sinistcha\n|-fieldstart|move: Trick Room|[of] p1b: Sinistcha\n|\n|upkeep\n|turn|2\n|inactive|Dark Zerzes has 30 seconds left.\n|inactive|Gaedtke has 30 seconds left.\n|inactive|Dark Zerzes has 20 seconds left.\n|inactive|Dark Zerzes has 15 seconds left.\n|\n|t:|1699773870\n|-terastallize|p2b: Arcanine|Fairy\n|move|p1b: Sinistcha|Protect|p1b: Sinistcha\n|-singleturn|p1b: Sinistcha|Protect\n|move|p2a: Moltres|Fiery Wrath|p1a: Gholdengo|[spread] p1a\n|-activate|p1b: Sinistcha|move: Protect\n|-damage|p1a: Gholdengo|33\/100\n|-enditem|p1a: Gholdengo|Sitrus Berry|[eat]\n|-heal|p1a: Gholdengo|58\/100|[from] item: Sitrus Berry\n|move|p2b: Arcanine|Tera Blast|p1a: Gholdengo|[anim] Tera Blast Fairy\n|-supereffective|p1a: Gholdengo\n|-damage|p1a: Gholdengo|0 fnt\n|faint|p1a: Gholdengo\n|\n|upkeep\n|\n|t:|1699773887\n|switch|p1a: Glastrier|Glastrier, L50|100\/100\n|turn|3\n|\n|t:|1699773912\n|move|p2a: Moltres|Protect|p2a: Moltres\n|-singleturn|p2a: Moltres|Protect\n|move|p1b: Sinistcha|Rage Powder|p1b: Sinistcha\n|-singleturn|p1b: Sinistcha|move: Rage Powder\n|move|p1a: Glastrier|Icicle Crash|p2a: Moltres\n|-activate|p2a: Moltres|move: Protect\n|move|p2b: Arcanine|Rock Slide|p1b: Sinistcha|[spread] \n|-miss|p2b: Arcanine|p1a: Glastrier\n|-miss|p2b: Arcanine|p1b: Sinistcha\n|\n|upkeep\n|turn|4\n|inactive|Dark Zerzes has 30 seconds left.\n|inactive|Gaedtke has 30 seconds left.\n|inactive|Gaedtke has 20 seconds left.\n|\n|t:|1699773948\n|switch|p2a: Milotic|Milotic, L50, F|100\/100\n|move|p1b: Sinistcha|Rage Powder|p1b: Sinistcha\n|-singleturn|p1b: Sinistcha|move: Rage Powder\n|move|p1a: Glastrier|Heavy Slam|p2b: Arcanine\n|-supereffective|p2b: Arcanine\n|-damage|p2b: Arcanine|0 fnt\n|faint|p2b: Arcanine\n|-ability|p1a: Glastrier|Chilling Neigh|boost\n|-boost|p1a: Glastrier|atk|1\n|\n|upkeep\n|\n|t:|1699773960\n|switch|p2b: Moltres|Moltres-Galar, L50|100\/100\n|turn|5\n|inactive|Dark Zerzes has 30 seconds left.\n|\n|t:|1699773988\n|move|p2b: Moltres|Protect|p2b: Moltres\n|-singleturn|p2b: Moltres|Protect\n|move|p1a: Glastrier|Stomping Tantrum|p2a: Milotic\n|-damage|p2a: Milotic|54\/100\n|move|p1b: Sinistcha|Matcha Gotcha|p2a: Milotic|[spread] p2a\n|-activate|p2b: Moltres|move: Protect\n|-supereffective|p2a: Milotic\n|-damage|p2a: Milotic|19\/100\n|-heal|p1b: Sinistcha|28\/100|[from] drain|[of] p2a: Milotic\n|move|p2a: Milotic|Icy Wind|p1b: Sinistcha|[spread] p1a,p1b\n|-resisted|p1a: Glastrier\n|-supereffective|p1b: Sinistcha\n|-damage|p1a: Glastrier|98\/100\n|-damage|p1b: Sinistcha|3\/100\n|-unboost|p1a: Glastrier|spe|1\n|-unboost|p1b: Sinistcha|spe|1\n|\n|-fieldend|move: Trick Room\n|upkeep\n|turn|6\n|inactive|Dark Zerzes has 30 seconds left.\n|inactive|Gaedtke has 30 seconds left.\n|inactive|Dark Zerzes has 20 seconds left.\n|\n|t:|1699774026\n|move|p1b: Sinistcha|Protect|p1b: Sinistcha\n|-singleturn|p1b: Sinistcha|Protect\n|move|p2a: Milotic|Icy Wind|p1a: Glastrier|[spread] p1a\n|-activate|p1b: Sinistcha|move: Protect\n|-resisted|p1a: Glastrier\n|-damage|p1a: Glastrier|95\/100\n|-unboost|p1a: Glastrier|spe|1\n|move|p2b: Moltres|Air Slash|p1a: Glastrier\n|-crit|p1a: Glastrier\n|-damage|p1a: Glastrier|65\/100\n|move|p1a: Glastrier|Icicle Crash|p2b: Moltres\n|-supereffective|p2b: Moltres\n|-damage|p2b: Moltres|0 fnt\n|faint|p2b: Moltres\n|-ability|p1a: Glastrier|Chilling Neigh|boost\n|-boost|p1a: Glastrier|atk|1\n|\n|upkeep\n|\n|t:|1699774042\n|switch|p2b: Sinistcha|Sinistcha, L50|100\/100\n|-heal|p2a: Milotic|44\/100|[from] ability: Hospitality|[of] p2b: Sinistcha\n|turn|7\n|\n|t:|1699774062\n|move|p2a: Milotic|Icy Wind|p1a: Glastrier|[spread] p1a,p1b\n|-resisted|p1a: Glastrier\n|-supereffective|p1b: Sinistcha\n|-damage|p1a: Glastrier|62\/100\n|-damage|p1b: Sinistcha|0 fnt\n|-unboost|p1a: Glastrier|spe|1\n|faint|p1b: Sinistcha\n|move|p2b: Sinistcha|Matcha Gotcha|p1a: Glastrier\n|-damage|p1a: Glastrier|44\/100\n|move|p1a: Glastrier|Icicle Crash|p2b: Sinistcha\n|-supereffective|p2b: Sinistcha\n|-damage|p2b: Sinistcha|0 fnt\n|faint|p2b: Sinistcha\n|-ability|p1a: Glastrier|Chilling Neigh|boost\n|-boost|p1a: Glastrier|atk|1\n|\n|upkeep\n|\n|t:|1699774077\n|switch|p1b: Feuerwache|Arcanine-Hisui, L50, M, shiny|100\/100\n|-ability|p1b: Feuerwache|Intimidate|boost\n|-unboost|p2a: Milotic|atk|1\n|-ability|p2a: Milotic|Competitive|boost\n|-boost|p2a: Milotic|spa|2\n|turn|8\n|-message|Gaedtke forfeited.\n|\n|win|Dark Zerzes\n|raw|Dark Zerzes's rating: 1159 &rarr; <strong>1190<\/strong><br \/>(+31 for winning)\n|raw|Gaedtke's rating: 1242 &rarr; <strong>1211<\/strong><br \/>(-31 for losing)\n|l|\u2606Gaedtke\n|c|\u2606Dark Zerzes|GG\n","uploadtime":1699774094,"views":15,"p1id":"darkzerzes","p2id":"gaedtke","formatid":"gen9vgc2023regulatione","rating":1190,"private":0,"password":""}