{"id":"gen9vgc2023regulatione-1989279083","p1":"N3wAlch3my","p2":"Gyaramax2020","format":"[Gen 9] VGC 2023 Regulation E","log":"|j|\u2606N3wAlch3my\n|j|\u2606Gyaramax2020\n|n|\u2606N3wAlch3my|n3walch3my\n|n|\u2606Gyaramax2020|gyaramax2020\n|html|View the match progress at <a href=\"\/game-bestof3-gen9vgc2023regulatione-1989276455\">game-bestof3-gen9vgc2023regulatione-1989276455<\/a>\n|t:|1699831189\n|gametype|doubles\n|player|p1|N3wAlch3my|266|\n|player|p2|Gyaramax2020|drayden|\n|teamsize|p1|6\n|teamsize|p2|6\n|gen|9\n|tier|[Gen 9] VGC 2023 Regulation E\n|rule|Species Clause: Limit one of each Pok\u00e9mon\n|rule|Item Clause: Limit one of each item\n|clearpoke\n|poke|p1|Ninetales-Alola, L50, M|\n|poke|p1|Empoleon, L50, M|\n|poke|p1|Sinistcha, L50|\n|poke|p1|Urshifu-*, L50, F|\n|poke|p1|Arcanine-Hisui, L50, F|\n|poke|p1|Luvdisc, L50, M|\n|poke|p2|Heatran, L50, M|\n|poke|p2|Clefairy, L50, F|\n|poke|p2|Sinistcha-Masterpiece, L50|\n|poke|p2|Iron Hands, L50|\n|poke|p2|Ursaluna-Bloodmoon, L50, M|\n|poke|p2|Landorus-Therian, L50, M|\n|teampreview|4\n|inactive|Battle timer is ON: inactive players will automatically lose when time's up. (requested by N3wAlch3my)\n|\n|t:|1699831209\n|start\n|switch|p1a: Ninetales|Ninetales-Alola, L50, M|100\/100\n|switch|p1b: Empoleon|Empoleon, L50, M|100\/100\n|switch|p2a: Heatran|Heatran, L50, M, shiny|100\/100\n|switch|p2b: Clefairy|Clefairy, L50, F, shiny|100\/100\n|-weather|Snow|[from] ability: Snow Warning|[of] p1a: Ninetales\n|turn|1\n|inactive|N3wAlch3my has 30 seconds left.\n|\n|t:|1699831238\n|move|p2b: Clefairy|Helping Hand|p2a: Heatran\n|-singleturn|p2a: Heatran|Helping Hand|[of] p2b: Clefairy\n|move|p1b: Empoleon|Vacuum Wave|p2a: Heatran\n|-supereffective|p2a: Heatran\n|-damage|p2a: Heatran|82\/100\n|move|p1a: Ninetales|Aurora Veil|p1a: Ninetales\n|-sidestart|p1: N3wAlch3my|move: Aurora Veil\n|move|p2a: Heatran|Heat Wave|p1b: Empoleon|[spread] p1a,p1b\n|-supereffective|p1a: Ninetales\n|-damage|p1a: Ninetales|0 fnt\n|-damage|p1b: Empoleon|59\/100\n|faint|p1a: Ninetales\n|\n|-weather|Snow|[upkeep]\n|upkeep\n|\n|t:|1699831252\n|switch|p1a: Arcanine|Arcanine-Hisui, L50, F|100\/100\n|-ability|p1a: Arcanine|Intimidate|boost\n|-unboost|p2a: Heatran|atk|1\n|-unboost|p2b: Clefairy|atk|1\n|turn|2\n|\n|t:|1699831268\n|switch|p2a: Iron Hands|Iron Hands, L50, shiny|100\/100\n|move|p2b: Clefairy|Protect|p2b: Clefairy\n|-singleturn|p2b: Clefairy|Protect\n|move|p1b: Empoleon|Vacuum Wave|p2a: Iron Hands\n|-damage|p2a: Iron Hands|94\/100\n|move|p1a: Arcanine|Rock Slide|p2b: Clefairy|[spread] \n|-activate|p2b: Clefairy|move: Protect\n|-miss|p1a: Arcanine|p2a: Iron Hands\n|\n|-weather|Snow|[upkeep]\n|upkeep\n|turn|3\n|\n|t:|1699831291\n|switch|p1a: Sinistcha|Sinistcha, L50|100\/100\n|-heal|p1b: Empoleon|84\/100|[from] ability: Hospitality|[of] p1a: Sinistcha\n|move|p2a: Iron Hands|Fake Out|p1a: Sinistcha\n|-immune|p1a: Sinistcha\n|move|p2b: Clefairy|Follow Me|p2b: Clefairy\n|-singleturn|p2b: Clefairy|move: Follow Me\n|move|p1b: Empoleon|Flash Cannon|p2b: Clefairy\n|-supereffective|p2b: Clefairy\n|-damage|p2b: Clefairy|53\/100\n|\n|-weather|Snow|[upkeep]\n|upkeep\n|turn|4\n|\n|t:|1699831312\n|move|p2b: Clefairy|Helping Hand|p2a: Iron Hands\n|-singleturn|p2a: Iron Hands|Helping Hand|[of] p2b: Clefairy\n|move|p1b: Empoleon|Flash Cannon|p2b: Clefairy\n|-supereffective|p2b: Clefairy\n|-damage|p2b: Clefairy|0 fnt\n|faint|p2b: Clefairy\n|move|p1a: Sinistcha|Matcha Gotcha|p2a: Iron Hands\n|-damage|p2a: Iron Hands|68\/100\n|move|p2a: Iron Hands|Wild Charge|p1b: Empoleon\n|-supereffective|p1b: Empoleon\n|-damage|p1b: Empoleon|0 fnt\n|faint|p1b: Empoleon\n|-damage|p2a: Iron Hands|56\/100|[from] Recoil\n|\n|-weather|Snow|[upkeep]\n|upkeep\n|\n|t:|1699831329\n|switch|p1b: Arcanine|Arcanine-Hisui, L50, F|100\/100\n|switch|p2b: Sinistcha|Sinistcha-Masterpiece, L50, shiny|100\/100\n|-ability|p1b: Arcanine|Intimidate|boost\n|-unboost|p2a: Iron Hands|atk|1\n|-unboost|p2b: Sinistcha|atk|1\n|-heal|p2a: Iron Hands|81\/100|[from] ability: Hospitality|[of] p2b: Sinistcha\n|turn|5\n|\n|t:|1699831350\n|-end|p2a: Iron Hands|Quark Drive|[silent]\n|switch|p2a: Heatran|Heatran, L50, M, shiny|82\/100\n|move|p1b: Arcanine|Flare Blitz|p2b: Sinistcha\n|-supereffective|p2b: Sinistcha\n|-damage|p2b: Sinistcha|22\/100\n|-damage|p1b: Arcanine|78\/100|[from] Recoil\n|move|p1a: Sinistcha|Matcha Gotcha|p2b: Sinistcha|[spread] p2a,p2b\n|-resisted|p2a: Heatran\n|-resisted|p2b: Sinistcha\n|-damage|p2a: Heatran|75\/100\n|-damage|p2b: Sinistcha|6\/100\n|move|p2b: Sinistcha|Strength Sap|p1b: Arcanine\n|-unboost|p1b: Arcanine|atk|1\n|-heal|p2b: Sinistcha|93\/100\n|\n|-weather|none\n|upkeep\n|turn|6\n|inactive|Gyaramax2020 has 30 seconds left.\n|\n|t:|1699831382\n|move|p1b: Arcanine|Flare Blitz|p2b: Sinistcha\n|-supereffective|p2b: Sinistcha\n|-damage|p2b: Sinistcha|39\/100\n|-damage|p1b: Arcanine|62\/100|[from] Recoil\n|move|p2a: Heatran|Earth Power|p1b: Arcanine\n|-supereffective|p1b: Arcanine\n|-damage|p1b: Arcanine|0 fnt\n|faint|p1b: Arcanine\n|move|p1a: Sinistcha|Matcha Gotcha|p2a: Heatran|[spread] p2a,p2b\n|-resisted|p2a: Heatran\n|-resisted|p2b: Sinistcha\n|-damage|p2a: Heatran|69\/100\n|-damage|p2b: Sinistcha|21\/100\n|move|p2b: Sinistcha|Matcha Gotcha|p1a: Sinistcha\n|-resisted|p1a: Sinistcha\n|-damage|p1a: Sinistcha|88\/100\n|-heal|p2b: Sinistcha|27\/100|[from] drain|[of] p1a: Sinistcha\n|\n|upkeep\n|turn|7\n|inactive|N3wAlch3my has 30 seconds left.\n|inactive|Gyaramax2020 has 30 seconds left.\n|inactive|N3wAlch3my has 20 seconds left.\n|inactive|N3wAlch3my has 15 seconds left.\n|\n|t:|1699831423\n|switch|p2a: Iron Hands|Iron Hands, L50, shiny|81\/100\n|move|p2b: Sinistcha|Strength Sap|p1a: Sinistcha\n|-unboost|p1a: Sinistcha|atk|1\n|-heal|p2b: Sinistcha|59\/100\n|move|p1a: Sinistcha|Matcha Gotcha|p2b: Sinistcha|[spread] p2a\n|-miss|p1a: Sinistcha|p2b: Sinistcha\n|-damage|p2a: Iron Hands|60\/100\n|-heal|p1a: Sinistcha|100\/100|[from] drain|[of] p2a: Iron Hands\n|\n|upkeep\n|turn|8\n|\n|t:|1699831443\n|move|p1a: Sinistcha|Matcha Gotcha|p2b: Sinistcha|[spread] p2a,p2b\n|-resisted|p2b: Sinistcha\n|-damage|p2a: Iron Hands|38\/100\n|-damage|p2b: Sinistcha|43\/100\n|move|p2a: Iron Hands|Heavy Slam|p1a: Sinistcha\n|-damage|p1a: Sinistcha|68\/100\n|-damage|p2a: Iron Hands|21\/100|[from] item: Rocky Helmet|[of] p1a: Sinistcha\n|move|p2b: Sinistcha|Trick Room|p2b: Sinistcha\n|-fieldstart|move: Trick Room|[of] p2b: Sinistcha\n|\n|-sideend|p1: N3wAlch3my|move: Aurora Veil\n|upkeep\n|turn|9\n|\n|t:|1699831459\n|move|p2a: Iron Hands|Heavy Slam|p1a: Sinistcha\n|-damage|p1a: Sinistcha|18\/100\n|-damage|p2a: Iron Hands|5\/100|[from] item: Rocky Helmet|[of] p1a: Sinistcha\n|move|p1a: Sinistcha|Matcha Gotcha|p2a: Iron Hands|[spread] p2a,p2b\n|-resisted|p2b: Sinistcha\n|-damage|p2a: Iron Hands|0 fnt\n|-heal|p1a: Sinistcha|21\/100|[from] drain|[of] p2a: Iron Hands\n|-damage|p2b: Sinistcha|28\/100\n|-heal|p1a: Sinistcha|29\/100|[from] drain|[of] p2b: Sinistcha\n|-status|p2b: Sinistcha|brn\n|faint|p2a: Iron Hands\n|-end|p2a: Iron Hands|Quark Drive|[silent]\n|move|p2b: Sinistcha|Matcha Gotcha|p1a: Sinistcha\n|-resisted|p1a: Sinistcha\n|-crit|p1a: Sinistcha\n|-damage|p1a: Sinistcha|0 fnt\n|-heal|p2b: Sinistcha|43\/100 brn|[from] drain|[of] p1a: Sinistcha\n|faint|p1a: Sinistcha\n|\n|win|Gyaramax2020\n","uploadtime":1699831481,"views":27,"p1id":"n3walch3my","p2id":"gyaramax2020","formatid":"gen9vgc2023regulatione","rating":0,"private":0,"password":""}