{"id":"gen9vgc2023regulatione-1989918640","p1":"Ozwald McFly","p2":"Dragonmastergirl","format":"[Gen 9] VGC 2023 Regulation E","log":"|j|\u2606Ozwald McFly\n|j|\u2606Dragonmastergirl\n|t:|1699906679\n|gametype|doubles\n|player|p1|Ozwald McFly|2|1226\n|player|p2|Dragonmastergirl|hilda|1178\n|teamsize|p1|6\n|teamsize|p2|6\n|gen|9\n|tier|[Gen 9] VGC 2023 Regulation E\n|rated|\n|rule|Species Clause: Limit one of each Pok\u00e9mon\n|rule|Item Clause: Limit one of each item\n|clearpoke\n|poke|p1|Noctowl, L50, F|\n|poke|p1|Sandy Shocks, L50|\n|poke|p1|Espeon, L50, F|\n|poke|p1|Indeedee-F, L50, F|\n|poke|p1|Iron Hands, L50|\n|poke|p1|Decidueye-Hisui, L50, M|\n|poke|p2|Garchomp, L50, M|\n|poke|p2|Dragapult, L50, M|\n|poke|p2|Goodra-Hisui, L50, F|\n|poke|p2|Roaring Moon, L50|\n|poke|p2|Dragonite, L50, M|\n|poke|p2|Hydreigon, L50, F|\n|teampreview|4\n|\n|t:|1699906703\n|start\n|switch|p1a: Espeon|Espeon, L50, F|100\/100\n|switch|p1b: Indeedee|Indeedee-F, L50, F|100\/100\n|switch|p2a: Hydreigon|Hydreigon, L50, F|100\/100\n|switch|p2b: Garchomp|Garchomp, L50, M|100\/100\n|-fieldstart|move: Psychic Terrain|[from] ability: Psychic Surge|[of] p1b: Indeedee\n|turn|1\n|\n|t:|1699906723\n|-terastallize|p1a: Espeon|Fairy\n|-terastallize|p2a: Hydreigon|Fire\n|move|p1b: Indeedee|Helping Hand|p1a: Espeon\n|-singleturn|p1a: Espeon|Helping Hand|[of] p1b: Indeedee\n|move|p2b: Garchomp|Earthquake|p1b: Indeedee|[spread] p1a,p1b\n|-immune|p2a: Hydreigon|[from] ability: Levitate\n|-damage|p1a: Espeon|19\/100\n|-damage|p1b: Indeedee|60\/100\n|move|p1a: Espeon|Dazzling Gleam|p2b: Garchomp|[spread] p2a,p2b\n|-resisted|p2a: Hydreigon\n|-supereffective|p2b: Garchomp\n|-damage|p2a: Hydreigon|79\/100\n|-damage|p2b: Garchomp|0 fnt\n|faint|p2b: Garchomp\n|move|p2a: Hydreigon|Dark Pulse|p1b: Indeedee\n|-supereffective|p1b: Indeedee\n|-damage|p1b: Indeedee|0 fnt\n|faint|p1b: Indeedee\n|-damage|p2a: Hydreigon|70\/100|[from] item: Life Orb\n|\n|upkeep\n|\n|t:|1699906750\n|switch|p2b: Roaring Moon|Roaring Moon, L50|100\/100\n|switch|p1b: Decidueye|Decidueye-Hisui, L50, M, shiny|100\/100\n|-enditem|p2b: Roaring Moon|Booster Energy\n|-activate|p2b: Roaring Moon|ability: Protosynthesis|[fromitem]\n|-start|p2b: Roaring Moon|protosynthesisspe\n|turn|2\n|\n|t:|1699906761\n|move|p1a: Espeon|Detect|p1a: Espeon\n|-singleturn|p1a: Espeon|Protect\n|move|p2b: Roaring Moon|Acrobatics|p1a: Espeon\n|-activate|p1a: Espeon|move: Protect\n|move|p2a: Hydreigon|Heat Wave|p1b: Decidueye|[spread] p1b\n|-activate|p1a: Espeon|move: Protect\n|-supereffective|p1b: Decidueye\n|-damage|p1b: Decidueye|7\/100\n|-damage|p2a: Hydreigon|60\/100|[from] item: Life Orb\n|move|p1b: Decidueye|Triple Arrows|p2b: Roaring Moon\n|-supereffective|p2b: Roaring Moon\n|-crit|p2b: Roaring Moon\n|-damage|p2b: Roaring Moon|0 fnt\n|faint|p2b: Roaring Moon\n|-end|p2b: Roaring Moon|Protosynthesis|[silent]\n|\n|upkeep\n|\n|t:|1699906766\n|switch|p2b: Dragonite|Dragonite, L50, M|100\/100\n|turn|3\n|\n|t:|1699906786\n|move|p1b: Decidueye|Protect|p1b: Decidueye\n|-singleturn|p1b: Decidueye|Protect\n|move|p1a: Espeon|Dazzling Gleam|p2b: Dragonite|[spread] p2a,p2b\n|-resisted|p2a: Hydreigon\n|-supereffective|p2b: Dragonite\n|-damage|p2a: Hydreigon|45\/100\n|-damage|p2b: Dragonite|60\/100\n|move|p2a: Hydreigon|Heat Wave|p1a: Espeon|[spread] p1a\n|-activate|p1b: Decidueye|move: Protect\n|-damage|p1a: Espeon|0 fnt\n|faint|p1a: Espeon\n|-damage|p2a: Hydreigon|36\/100|[from] item: Life Orb\n|move|p2b: Dragonite|Ice Spinner|p1b: Decidueye\n|-activate|p1b: Decidueye|move: Protect\n|\n|upkeep\n|\n|t:|1699906802\n|switch|p1a: Iron Hands|Iron Hands, L50|100\/100\n|turn|4\n|\n|t:|1699906821\n|move|p2a: Hydreigon|Heat Wave|p1b: Decidueye|[spread] p1a,p1b\n|-supereffective|p1b: Decidueye\n|-damage|p1a: Iron Hands|75\/100\n|-damage|p1b: Decidueye|0 fnt\n|faint|p1b: Decidueye\n|-damage|p2a: Hydreigon|26\/100|[from] item: Life Orb\n|move|p2b: Dragonite|Ice Spinner|p1a: Iron Hands\n|-crit|p1a: Iron Hands\n|-damage|p1a: Iron Hands|42\/100\n|-fieldend|move: Psychic Terrain\n|move|p1a: Iron Hands|Drain Punch|p2a: Hydreigon\n|-damage|p2a: Hydreigon|0 fnt\n|-heal|p1a: Iron Hands|54\/100|[from] drain|[of] p2a: Hydreigon\n|faint|p2a: Hydreigon\n|\n|upkeep\n|turn|5\n|\n|t:|1699906843\n|move|p2b: Dragonite|Dragon Claw|p1a: Iron Hands\n|-damage|p1a: Iron Hands|22\/100\n|move|p1a: Iron Hands|Wild Charge|p2b: Dragonite\n|-damage|p2b: Dragonite|4\/100\n|-damage|p1a: Iron Hands|11\/100|[from] Recoil\n|\n|upkeep\n|turn|6\n|\n|t:|1699906853\n|move|p2b: Dragonite|Dragon Claw|p1a: Iron Hands\n|-damage|p1a: Iron Hands|0 fnt\n|faint|p1a: Iron Hands\n|-end|p1a: Iron Hands|Quark Drive|[silent]\n|\n|win|Dragonmastergirl\n|raw|Ozwald McFly's rating: 1226 &rarr; <strong>1198<\/strong><br \/>(-28 for losing)\n|raw|Dragonmastergirl's rating: 1178 &rarr; <strong>1206<\/strong><br \/>(+28 for winning)\n|l|\u2606Dragonmastergirl\n","uploadtime":1699906864,"views":8,"p1id":"ozwaldmcfly","p2id":"dragonmastergirl","formatid":"gen9vgc2023regulatione","rating":1198,"private":0,"password":""}