{"id":"gen9vgc2023regulatione-1998083676","p1":"jomagames12","p2":"Imagine A Place","format":"[Gen 9] VGC 2023 Regulation E","log":"|j|\u2606jomagames12\n|j|\u2606Imagine A Place\n|t:|1700888599\n|gametype|doubles\n|player|p1|jomagames12|giovanni|1050\n|player|p2|Imagine A Place|youngster-gen4dp|1021\n|teamsize|p1|6\n|teamsize|p2|6\n|gen|9\n|tier|[Gen 9] VGC 2023 Regulation E\n|rated|\n|rule|Species Clause: Limit one of each Pok\u00e9mon\n|rule|Item Clause: Limit one of each item\n|clearpoke\n|poke|p1|Landorus-Therian, L50, M|\n|poke|p1|Ogerpon-Hearthflame, L50, F|\n|poke|p1|Amoonguss, L50, M|\n|poke|p1|Rillaboom, L50, F|\n|poke|p1|Pelipper, L50, F|\n|poke|p1|Flutter Mane, L50|\n|poke|p2|Brute Bonnet, L50|\n|poke|p2|Dusclops, L50, F|\n|poke|p2|Arcanine-Hisui, L50, M|\n|poke|p2|Flutter Mane, L50|\n|poke|p2|Iron Hands, L50|\n|poke|p2|Chien-Pao, L50|\n|teampreview|4\n|inactive|Battle timer is ON: inactive players will automatically lose when time's up. (requested by Imagine A Place)\n|\n|t:|1700888629\n|start\n|switch|p1a: Rillaboom|Rillaboom, L50, F|100\/100\n|switch|p1b: Ogerpon|Ogerpon-Hearthflame, L50, F|100\/100\n|switch|p2a: Arcanine|Arcanine-Hisui, L50, M|100\/100\n|switch|p2b: Chien-Pao|Chien-Pao, L50|100\/100\n|-ability|p2b: Chien-Pao|Sword of Ruin\n|-ability|p1b: Ogerpon|Mold Breaker\n|-fieldstart|move: Grassy Terrain|[from] ability: Grassy Surge|[of] p1a: Rillaboom\n|turn|1\n|inactive|Imagine A Place has 30 seconds left.\n|inactive|Imagine A Place has 20 seconds left.\n|inactive|Imagine A Place has 15 seconds left.\n|inactive|Imagine A Place has 10 seconds left.\n|inactive|Imagine A Place has 5 seconds left.\n|\n|t:|1700888684\n|move|p1a: Rillaboom|Fake Out|p2a: Arcanine\n|-resisted|p2a: Arcanine\n|-damage|p2a: Arcanine|90\/100\n|move|p2b: Chien-Pao|Ice Spinner|p1b: Ogerpon\n|-damage|p1b: Ogerpon|25\/100\n|-fieldend|move: Grassy Terrain\n|move|p1b: Ogerpon|Swords Dance|p1b: Ogerpon\n|-boost|p1b: Ogerpon|atk|2\n|cant|p2a: Arcanine|flinch\n|\n|upkeep\n|turn|2\n|l|\u2606Imagine A Place\n|inactive|Imagine A Place disconnected and has a minute to reconnect!\n|player|p2|\n|j|\u2606Imagine A Place\n|inactive|Imagine A Place reconnected and has 40 seconds left.\n|player|p2|Imagine A Place|youngster-gen4dp\n|inactive|Imagine A Place has 30 seconds left.\n|\n|t:|1700888710\n|switch|p1a: Landorus|Landorus-Therian, L50, M|100\/100\n|-ability|p1a: Landorus|Intimidate|boost\n|-unboost|p2a: Arcanine|atk|1\n|-unboost|p2b: Chien-Pao|atk|1\n|move|p1b: Ogerpon|Spiky Shield|p1b: Ogerpon\n|-singleturn|p1b: Ogerpon|move: Protect\n|move|p2b: Chien-Pao|Ice Spinner|p1b: Ogerpon\n|-activate|p1b: Ogerpon|move: Protect\n|-damage|p2b: Chien-Pao|88\/100|[from] Spiky Shield|[of] p1b: Ogerpon\n|move|p2a: Arcanine|Will-O-Wisp|p1a: Landorus\n|-status|p1a: Landorus|brn\n|\n|-damage|p1a: Landorus|94\/100 brn|[from] brn\n|upkeep\n|turn|3\n|inactive|jomagames12 has 30 seconds left.\n|\n|t:|1700888741\n|-terastallize|p1b: Ogerpon|Fire\n|detailschange|p1b: Ogerpon|Ogerpon-Hearthflame-Tera, L50, F, tera:Fire\n|-ability|p1b: Ogerpon|Embody Aspect (Hearthflame)|boost\n|-boost|p1b: Ogerpon|atk|1\n|move|p2b: Chien-Pao|Ice Spinner|p1a: Landorus\n|-supereffective|p1a: Landorus\n|-damage|p1a: Landorus|0 fnt\n|faint|p1a: Landorus\n|move|p1b: Ogerpon|Horn Leech|p2b: Chien-Pao\n|-damage|p2b: Chien-Pao|0 fnt\n|-heal|p1b: Ogerpon|68\/100|[from] drain|[of] p2b: Chien-Pao\n|faint|p2b: Chien-Pao\n|move|p2a: Arcanine|Head Smash|p1b: Ogerpon\n|-supereffective|p1b: Ogerpon\n|-damage|p1b: Ogerpon|0 fnt\n|faint|p1b: Ogerpon\n|\n|upkeep\n|\n|t:|1700888759\n|switch|p1b: Flutter Mane|Flutter Mane, L50|100\/100\n|switch|p2b: Flutter Mane|Flutter Mane, L50|100\/100\n|switch|p1a: Rillaboom|Rillaboom, L50, F|100\/100\n|-fieldstart|move: Grassy Terrain|[from] ability: Grassy Surge|[of] p1a: Rillaboom\n|-enditem|p2b: Flutter Mane|Booster Energy\n|-activate|p2b: Flutter Mane|ability: Protosynthesis|[fromitem]\n|-start|p2b: Flutter Mane|protosynthesisspe\n|turn|4\n|inactive|jomagames12 has 30 seconds left.\n|\n|t:|1700888784\n|move|p1a: Rillaboom|Fake Out|p2a: Arcanine\n|-resisted|p2a: Arcanine\n|-damage|p2a: Arcanine|82\/100\n|move|p2b: Flutter Mane|Shadow Ball|p1b: Flutter Mane\n|-supereffective|p1b: Flutter Mane\n|-damage|p1b: Flutter Mane|15\/100\n|move|p1b: Flutter Mane|Dazzling Gleam|p2a: Arcanine|[spread] p2a,p2b\n|-resisted|p2a: Arcanine\n|-damage|p2a: Arcanine|52\/100\n|-damage|p2b: Flutter Mane|43\/100\n|cant|p2a: Arcanine|flinch\n|\n|-heal|p2b: Flutter Mane|49\/100|[from] Grassy Terrain\n|-heal|p1b: Flutter Mane|20\/100|[from] Grassy Terrain\n|-heal|p2a: Arcanine|57\/100|[from] Grassy Terrain\n|upkeep\n|turn|5\n|\n|t:|1700888800\n|move|p1a: Rillaboom|Grassy Glide|p2b: Flutter Mane\n|-damage|p2b: Flutter Mane|0 fnt\n|faint|p2b: Flutter Mane\n|-end|p2b: Flutter Mane|Protosynthesis|[silent]\n|move|p1b: Flutter Mane|Dazzling Gleam|p2a: Arcanine\n|-resisted|p2a: Arcanine\n|-crit|p2a: Arcanine\n|-damage|p2a: Arcanine|0 fnt\n|faint|p2a: Arcanine\n|\n|-heal|p1b: Flutter Mane|26\/100|[from] Grassy Terrain\n|upkeep\n|\n|t:|1700888809\n|switch|p2b: Iron Hands|Iron Hands, L50|100\/100\n|turn|6\n|\n|t:|1700888815\n|move|p2b: Iron Hands|Fake Out|p1a: Rillaboom\n|-damage|p1a: Rillaboom|84\/100\n|cant|p1a: Rillaboom|flinch\n|move|p1b: Flutter Mane|Dazzling Gleam|p2b: Iron Hands\n|-supereffective|p2b: Iron Hands\n|-damage|p2b: Iron Hands|33\/100\n|\n|-heal|p1b: Flutter Mane|32\/100|[from] Grassy Terrain\n|-heal|p1a: Rillaboom|90\/100|[from] Grassy Terrain\n|-heal|p2b: Iron Hands|39\/100|[from] Grassy Terrain\n|upkeep\n|turn|7\n|\n|t:|1700888831\n|move|p1a: Rillaboom|Grassy Glide|p2b: Iron Hands\n|-damage|p2b: Iron Hands|12\/100\n|move|p1b: Flutter Mane|Dazzling Gleam|p2b: Iron Hands\n|-supereffective|p2b: Iron Hands\n|-damage|p2b: Iron Hands|0 fnt\n|faint|p2b: Iron Hands\n|-end|p2b: Iron Hands|Quark Drive|[silent]\n|\n|win|jomagames12\n|raw|jomagames12's rating: 1050 &rarr; <strong>1080<\/strong><br \/>(+30 for winning)\n|raw|Imagine A Place's rating: 1021 &rarr; <strong>1009<\/strong><br \/>(-12 for losing)\n|l|\u2606Imagine A Place\n","uploadtime":1700888845,"views":4,"p1id":"jomagames12","p2id":"imagineaplace","formatid":"gen9vgc2023regulatione","rating":1009,"private":0,"password":""}