{"id":"gen9vgc2023regulatione-1995736813","p1":"Love Korra","p2":"El Gringo 10.000","format":"[Gen 9] VGC 2023 Regulation E","log":"|j|\u2606Love Korra\n|j|\u2606El Gringo 10.000\n|t:|1700598416\n|gametype|doubles\n|player|p1|Love Korra|skierf|1269\n|player|p2|El Gringo 10.000|ethan|1238\n|teamsize|p1|6\n|teamsize|p2|6\n|gen|9\n|tier|[Gen 9] VGC 2023 Regulation E\n|rated|\n|rule|Species Clause: Limit one of each Pok\u00e9mon\n|rule|Item Clause: Limit one of each item\n|clearpoke\n|poke|p1|Tinkaton, L50, F|\n|poke|p1|Ogerpon-Wellspring, L50, F|\n|poke|p1|Regieleki, L50|\n|poke|p1|Chi-Yu, L50|\n|poke|p1|Flutter Mane, L50|\n|poke|p1|Indeedee-F, L50, F|\n|poke|p2|Ogerpon-Cornerstone, L50, F|\n|poke|p2|Tyranitar, L50, M|\n|poke|p2|Kommo-o, L50, F|\n|poke|p2|Flutter Mane, L50|\n|poke|p2|Iron Bundle, L50|\n|poke|p2|Indeedee-F, L50, F|\n|teampreview|4\nEl Gringo 10.000 rejected open team sheets.\n|\n|t:|1700598442\n|start\n|switch|p1a: Regieleki|Regieleki, L50|100\/100\n|switch|p1b: Chi-Yu|Chi-Yu, L50|100\/100\n|switch|p2a: Iron Bundle|Iron Bundle, L50|100\/100\n|switch|p2b: Flutter Mane|Flutter Mane, L50|100\/100\n|-ability|p1b: Chi-Yu|Beads of Ruin\n|-enditem|p2a: Iron Bundle|Booster Energy\n|-activate|p2a: Iron Bundle|ability: Quark Drive|[fromitem]\n|-start|p2a: Iron Bundle|quarkdrivespe\n|turn|1\n|\n|t:|1700598455\n|move|p1a: Regieleki|Protect|p1a: Regieleki\n|-singleturn|p1a: Regieleki|Protect\n|move|p2a: Iron Bundle|Icy Wind|p1b: Chi-Yu|[spread] p1b\n|-activate|p1a: Regieleki|move: Protect\n|-resisted|p1b: Chi-Yu\n|-damage|p1b: Chi-Yu|89\/100\n|-unboost|p1b: Chi-Yu|spe|1\n|move|p2b: Flutter Mane|Dazzling Gleam|p1a: Regieleki|[spread] p1b\n|-activate|p1a: Regieleki|move: Protect\n|-damage|p1b: Chi-Yu|43\/100\n|-damage|p2b: Flutter Mane|90\/100|[from] item: Life Orb\n|move|p1b: Chi-Yu|Heat Wave|p2b: Flutter Mane|[spread] p2a,p2b\n|-damage|p2a: Iron Bundle|0 fnt\n|-damage|p2b: Flutter Mane|16\/100\n|faint|p2a: Iron Bundle\n|-end|p2a: Iron Bundle|Quark Drive|[silent]\n|-damage|p1b: Chi-Yu|33\/100|[from] item: Life Orb\n|\n|upkeep\n|\n|t:|1700598480\n|switch|p2a: Tyranitar|Tyranitar, L50, M|100\/100\n|-weather|Sandstorm|[from] ability: Sand Stream|[of] p2a: Tyranitar\n|turn|2\n|\n|t:|1700598488\n|move|p2b: Flutter Mane|Protect|p2b: Flutter Mane\n|-singleturn|p2b: Flutter Mane|Protect\n|move|p1a: Regieleki|Electroweb|p2a: Tyranitar|[spread] p2a\n|-activate|p2b: Flutter Mane|move: Protect\n|-damage|p2a: Tyranitar|86\/100\n|-unboost|p2a: Tyranitar|spe|1\n|move|p1b: Chi-Yu|Heat Wave|p2a: Tyranitar|[spread] p2a\n|-activate|p2b: Flutter Mane|move: Protect\n|-resisted|p2a: Tyranitar\n|-damage|p2a: Tyranitar|72\/100\n|-damage|p1b: Chi-Yu|23\/100|[from] item: Life Orb\n|move|p2a: Tyranitar|Bulldoze|p1b: Chi-Yu|[spread] p1a,p1b\n|-activate|p2b: Flutter Mane|move: Protect\n|-supereffective|p1a: Regieleki\n|-supereffective|p1b: Chi-Yu\n|-damage|p1a: Regieleki|48\/100\n|-damage|p1b: Chi-Yu|0 fnt\n|-unboost|p1a: Regieleki|spe|1\n|faint|p1b: Chi-Yu\n|\n|-weather|Sandstorm|[upkeep]\n|-damage|p2b: Flutter Mane|10\/100|[from] Sandstorm\n|-damage|p1a: Regieleki|42\/100|[from] Sandstorm\n|upkeep\n|\n|t:|1700598497\n|switch|p1b: Ogerpon|Ogerpon-Wellspring, L50, F|100\/100\n|turn|3\n|\n|t:|1700598522\n|switch|p1a: Tinkaton|Tinkaton, L50, F|100\/100\n|move|p2b: Flutter Mane|Dazzling Gleam|p1b: Ogerpon|[spread] p1a,p1b\n|-resisted|p1a: Tinkaton\n|-damage|p1a: Tinkaton|86\/100\n|-damage|p1b: Ogerpon|58\/100\n|-damage|p2b: Flutter Mane|0 fnt|[from] item: Life Orb\n|faint|p2b: Flutter Mane\n|-end|p2b: Flutter Mane|Protosynthesis|[silent]\n|move|p1b: Ogerpon|Ivy Cudgel|p2a: Tyranitar|[anim] Ivy Cudgel Water\n|-supereffective|p2a: Tyranitar\n|-damage|p2a: Tyranitar|0 fnt\n|faint|p2a: Tyranitar\n|\n|-weather|Sandstorm|[upkeep]\n|-damage|p1b: Ogerpon|52\/100|[from] Sandstorm\n|upkeep\n|\n|t:|1700598536\n|switch|p2b: Kommo-o|Kommo-o, L50, F|100\/100\n|turn|4\n|\n|t:|1700598547\n|-terastallize|p2b: Kommo-o|Steel\n|move|p1a: Tinkaton|Fake Out|p2b: Kommo-o\n|-resisted|p2b: Kommo-o\n|-damage|p2b: Kommo-o|98\/100\n|move|p1b: Ogerpon|Swords Dance|p1b: Ogerpon\n|-boost|p1b: Ogerpon|atk|2\n|cant|p2b: Kommo-o|flinch\n|\n|-weather|Sandstorm|[upkeep]\n|-damage|p1b: Ogerpon|46\/100|[from] Sandstorm\n|-heal|p2b: Kommo-o|100\/100|[from] item: Leftovers\n|upkeep\n|turn|5\n|\n|t:|1700598556\n|move|p1a: Tinkaton|Knock Off|p2b: Kommo-o\n|-damage|p2b: Kommo-o|86\/100\n|-enditem|p2b: Kommo-o|Leftovers|[from] move: Knock Off|[of] p1a: Tinkaton\n|move|p1b: Ogerpon|Ivy Cudgel|p2b: Kommo-o|[anim] Ivy Cudgel Water\n|-damage|p2b: Kommo-o|20\/100\n|move|p2b: Kommo-o|Iron Defense|p2b: Kommo-o\n|-boost|p2b: Kommo-o|def|2\n|\n|-weather|Sandstorm|[upkeep]\n|-damage|p1b: Ogerpon|40\/100|[from] Sandstorm\n|upkeep\n|turn|6\n|-message|El Gringo 10.000 forfeited.\n|\n|win|Love Korra\n|raw|Love Korra's rating: 1269 &rarr; <strong>1292<\/strong><br \/>(+23 for winning)\n|raw|El Gringo 10.000's rating: 1238 &rarr; <strong>1215<\/strong><br \/>(-23 for losing)\n|l|\u2606El Gringo 10.000\n","uploadtime":1700598569,"views":6,"p1id":"lovekorra","p2id":"elgringo10000","formatid":"gen9vgc2023regulatione","rating":1215,"private":0,"password":""}