{"id":"gen9vgc2023regulatione-1999975523","p1":"BROKE1TH","p2":"PsychoR&R","format":"[Gen 9] VGC 2023 Regulation E","log":"|j|\u2606BROKE1TH\n|j|\u2606PsychoR&R\n|t:|1701136611\n|gametype|doubles\n|player|p1|BROKE1TH|unknown|1623\n|player|p2|PsychoR&R|170|1643\n|teamsize|p1|6\n|teamsize|p2|6\n|gen|9\n|tier|[Gen 9] VGC 2023 Regulation E\n|rated|\n|rule|Species Clause: Limit one of each Pok\u00e9mon\n|rule|Item Clause: Limit one of each item\n|clearpoke\n|poke|p1|Armarouge, L50, M|\n|poke|p1|Indeedee-F, L50, F|\n|poke|p1|Lilligant-Hisui, L50, F|\n|poke|p1|Torkoal, L50, M|\n|poke|p1|Murkrow, L50, M|\n|poke|p1|Gholdengo, L50|\n|poke|p2|Roaring Moon, L50|\n|poke|p2|Weezing, L50, F|\n|poke|p2|Arcanine-Hisui, L50, M|\n|poke|p2|Gholdengo, L50|\n|poke|p2|Urshifu-*, L50, F|\n|poke|p2|Brambleghast, L50, F|\n|teampreview|4\n|inactive|Battle timer is ON: inactive players will automatically lose when time's up. (requested by BROKE1TH)\nPsychoR&R has agreed to open team sheets.\n|j| Booty Buns\n|inactive|BROKE1TH has 60 seconds left.\n|\n|t:|1701136652\n|start\n|switch|p1a: Itachi|Murkrow, L50, M|100\/100\n|switch|p1b: The FED|Gholdengo, L50|100\/100\n|switch|p2a: Roaring Moon|Roaring Moon, L50|100\/100\n|switch|p2b: Weezing|Weezing, L50, F|100\/100\n|-ability|p2b: Weezing|Neutralizing Gas\n|-enditem|p2a: Roaring Moon|Booster Energy\n|-activate|p2a: Roaring Moon|ability: Protosynthesis|[fromitem]\n|-start|p2a: Roaring Moon|protosynthesisspe\n|turn|1\n|j| spacing out\n|\n|t:|1701136668\n|-terastallize|p1b: The FED|Steel\n|move|p2a: Roaring Moon|Knock Off|p1b: The FED\n|-damage|p1b: The FED|48\/100\n|-enditem|p1b: The FED|Choice Specs|[from] move: Knock Off|[of] p2a: Roaring Moon\n|move|p1b: The FED|Make It Rain|p2b: Weezing|[spread] p2a,p2b\n|-damage|p2a: Roaring Moon|38\/100\n|-damage|p2b: Weezing|31\/100\n|-unboost|p1b: The FED|spa|1\n|-enditem|p2b: Weezing|Sitrus Berry|[eat]\n|-heal|p2b: Weezing|56\/100|[from] item: Sitrus Berry\n|move|p1a: Itachi|Tailwind|p1a: Itachi\n|-sidestart|p1: BROKE1TH|move: Tailwind\n|move|p2b: Weezing|Gunk Shot|p1a: Itachi|[miss]\n|-miss|p2b: Weezing|p1a: Itachi\n|\n|upkeep\n|turn|2\n|inactive|BROKE1TH has 30 seconds left.\n|inactive|BROKE1TH has 20 seconds left.\n|\n|t:|1701136703\n|move|p2a: Roaring Moon|Tailwind|p2a: Roaring Moon\n|-sidestart|p2: PsychoR&R|move: Tailwind\n|move|p1b: The FED|Make It Rain|p2a: Roaring Moon|[spread] p2a,p2b\n|-damage|p2a: Roaring Moon|0 fnt\n|-damage|p2b: Weezing|10\/100\n|-unboost|p1b: The FED|spa|1\n|faint|p2a: Roaring Moon\n|-end|p2a: Roaring Moon|Protosynthesis|[silent]\n|move|p1a: Itachi|Haze|p1a: Itachi\n|-clearallboost\n|move|p2b: Weezing|Will-O-Wisp|p1a: Itachi\n|-status|p1a: Itachi|brn\n|\n|-damage|p1a: Itachi|95\/100 brn|[from] brn\n|upkeep\n|\n|t:|1701136718\n|switch|p2a: Brambleghast|Brambleghast, L50, F|100\/100\n|turn|3\n|inactive|BROKE1TH has 30 seconds left.\n|inactive|BROKE1TH has 20 seconds left.\n|inactive|BROKE1TH has 15 seconds left.\n|inactive|BROKE1TH has 10 seconds left.\n|inactive|BROKE1TH has 5 seconds left.\n|\n|t:|1701136773\n|-end|p2b: Weezing|ability: Neutralizing Gas\n|-ability|p2a: Brambleghast|Wind Rider|boost\n|-boost|p2a: Brambleghast|atk|1\n|switch|p2b: Arcanine|Arcanine-Hisui, L50, M|100\/100\n|-ability|p2b: Arcanine|Intimidate|boost\n|-unboost|p1a: Itachi|atk|1\n|-unboost|p1b: The FED|atk|1\n|-terastallize|p2a: Brambleghast|Ghost\n|move|p2a: Brambleghast|Shadow Sneak|p1b: The FED\n|-crit|p1b: The FED\n|-damage|p1b: The FED|0 fnt\n|faint|p1b: The FED\n|move|p1a: Itachi|Tailwind||[still]\n|-fail|p1a: Itachi\n|\n|-damage|p1a: Itachi|89\/100 brn|[from] brn\n|upkeep\n|\n|t:|1701136788\n|switch|p1b: Sir Toast|Armarouge, L50, M|100\/100\n|turn|4\n|\n|t:|1701136796\n|move|p1b: Sir Toast|Endure|p1b: Sir Toast\n|-singleturn|p1b: Sir Toast|move: Endure\n|move|p2a: Brambleghast|Poltergeist|p1b: Sir Toast\n|-activate|p1b: Sir Toast|move: Poltergeist|Weakness Policy\n|-supereffective|p1b: Sir Toast\n|-activate|p1b: Sir Toast|move: Endure\n|-damage|p1b: Sir Toast|1\/100\n|-ability|p1b: Sir Toast|Weak Armor|boost\n|-unboost|p1b: Sir Toast|def|1\n|-boost|p1b: Sir Toast|spe|2\n|-enditem|p1b: Sir Toast|Weakness Policy\n|-boost|p1b: Sir Toast|atk|2|[from] item: Weakness Policy\n|-boost|p1b: Sir Toast|spa|2|[from] item: Weakness Policy\n|move|p2b: Arcanine|Rock Slide|p1a: Itachi|[spread] p1a,p1b\n|-supereffective|p1a: Itachi\n|-supereffective|p1b: Sir Toast\n|-damage|p1a: Itachi|0 fnt\n|-activate|p1b: Sir Toast|move: Endure\n|-damage|p1b: Sir Toast|1\/100\n|-ability|p1b: Sir Toast|Weak Armor|boost\n|-unboost|p1b: Sir Toast|def|1\n|-boost|p1b: Sir Toast|spe|2\n|faint|p1a: Itachi\n|\n|-sideend|p1: BROKE1TH|move: Tailwind\n|upkeep\n|inactive|BROKE1TH has 30 seconds left.\n|inactive|BROKE1TH has 20 seconds left.\n|inactive|BROKE1TH has 15 seconds left.\n|inactive|BROKE1TH has 10 seconds left.\n|\n|t:|1701136843\n|switch|p1a: Indeed.com|Indeedee-F, L50, F|100\/100\n|-fieldstart|move: Psychic Terrain|[from] ability: Psychic Surge|[of] p1a: Indeed.com\n|turn|5\n|\n|t:|1701136856\n|move|p1a: Indeed.com|Helping Hand|p1b: Sir Toast\n|-singleturn|p1b: Sir Toast|Helping Hand|[of] p1a: Indeed.com\n|move|p1b: Sir Toast|Expanding Force|p2b: Arcanine|[spread] p2a,p2b\n|-enditem|p2a: Brambleghast|Focus Sash\n|-damage|p2a: Brambleghast|1\/100\n|-damage|p2b: Arcanine|0 fnt\n|faint|p2b: Arcanine\n|move|p2a: Brambleghast|Seed Bomb|p1a: Indeed.com\n|-damage|p1a: Indeed.com|27\/100\n|-enditem|p1a: Indeed.com|Sitrus Berry|[eat]\n|-heal|p1a: Indeed.com|52\/100|[from] item: Sitrus Berry\n|\n|-sideend|p2: PsychoR&R|move: Tailwind\n|upkeep\n|\n|t:|1701136868\n|switch|p2b: Weezing|Weezing, L50, F|10\/100\n|-ability|p2b: Weezing|Neutralizing Gas\n|turn|6\n|-message|PsychoR&R forfeited.\n|\n|win|BROKE1TH\n|raw|BROKE1TH's rating: 1604 &rarr; <strong>1626<\/strong><br \/>(+22 for winning)\n|raw|PsychoR&amp;R's rating: 1643 &rarr; <strong>1621<\/strong><br \/>(-22 for losing)\n|l|\u2606PsychoR&R\n|l| spacing out\n","uploadtime":1701136960,"views":2,"p1id":"broke1th","p2id":"psychorr","formatid":"gen9vgc2023regulatione","rating":1621,"private":0,"password":""}