{"id":"gen9vgc2023regulatione-1998609325","p1":"kavonpokebros","p2":"TheRealWhiteRaven","format":"[Gen 9] VGC 2023 Regulation E","log":"|j|\u2606kavonpokebros\n|j|\u2606TheRealWhiteRaven\n|t:|1700962517\n|gametype|doubles\n|player|p1|kavonpokebros|worker-gen4|1044\n|player|p2|TheRealWhiteRaven|1|1000\n|teamsize|p1|6\n|teamsize|p2|6\n|gen|9\n|tier|[Gen 9] VGC 2023 Regulation E\n|rated|\n|rule|Species Clause: Limit one of each Pok\u00e9mon\n|rule|Item Clause: Limit one of each item\n|clearpoke\n|poke|p1|Persian-Alola, L50, F|\n|poke|p1|Arcanine, L50, M|\n|poke|p1|Milotic, L50, M|\n|poke|p1|Mimikyu, L50, M|\n|poke|p1|Appletun, L50, F|\n|poke|p1|Sneasler, L50, F|\n|poke|p2|Skeledirge, L50, F|\n|poke|p2|Lokix, L50, F|\n|poke|p2|Snorlax, L50, M|\n|poke|p2|Grimmsnarl, L50, M|\n|poke|p2|Mimikyu, L50, F|\n|poke|p2|Rotom-Wash, L50|\n|teampreview|4\nTheRealWhiteRaven rejected open team sheets.\n|\n|t:|1700962556\n|start\n|switch|p1a: Persian|Persian-Alola, L50, F|100\/100\n|switch|p1b: Sneasler|Sneasler, L50, F|100\/100\n|switch|p2a: Mimikyu|Mimikyu, L50, F, shiny|100\/100\n|switch|p2b: Snorlax|Snorlax, L50, M, shiny|100\/100\n|turn|1\n|\n|t:|1700962570\n|move|p1a: Persian|Snarl|p2b: Snorlax|[spread] p2a,p2b\n|-activate|p2a: Mimikyu|ability: Disguise\n|-damage|p2a: Mimikyu|100\/100\n|-damage|p2b: Snorlax|94\/100\n|-unboost|p2a: Mimikyu|spa|1\n|-unboost|p2b: Snorlax|spa|1\n|detailschange|p2a: Mimikyu|Mimikyu-Busted, L50, F, shiny\n|-damage|p2a: Mimikyu|88\/100|[from] pokemon: Mimikyu-Busted\n|-enditem|p2a: Mimikyu|Red Card|[of] p1a: Persian\n|drag|p1a: Milotic|Milotic, L50, M|100\/100\n|move|p1b: Sneasler|Lash Out|p2b: Snorlax\n|-damage|p2b: Snorlax|65\/100\n|move|p2b: Snorlax|Curse|p2b: Snorlax\n|-unboost|p2b: Snorlax|spe|1\n|-boost|p2b: Snorlax|atk|1\n|-boost|p2b: Snorlax|def|1\n|move|p2a: Mimikyu|Trick Room|p2a: Mimikyu\n|-fieldstart|move: Trick Room|[of] p2a: Mimikyu\n|\n|upkeep\n|turn|2\n|\n|t:|1700962607\n|move|p2b: Snorlax|Curse|p2b: Snorlax\n|-unboost|p2b: Snorlax|spe|1\n|-boost|p2b: Snorlax|atk|1\n|-boost|p2b: Snorlax|def|1\n|move|p1a: Milotic|Scald|p2b: Snorlax\n|-damage|p2b: Snorlax|31\/100\n|move|p2a: Mimikyu|Play Rough|p1b: Sneasler|[miss]\n|-miss|p2a: Mimikyu|p1b: Sneasler\n|move|p1b: Sneasler|Lash Out|p2a: Mimikyu\n|-damage|p2a: Mimikyu|31\/100\n|\n|upkeep\n|turn|3\n|\n|t:|1700962633\n|switch|p1b: Arcanine|Arcanine, L50, M|100\/100\n|-ability|p1b: Arcanine|Intimidate|boost\n|-unboost|p2a: Mimikyu|atk|1\n|-unboost|p2b: Snorlax|atk|1\n|move|p2b: Snorlax|Outrage|p1b: Arcanine\n|-damage|p1b: Arcanine|49\/100\n|move|p1a: Milotic|Scald|p2b: Snorlax\n|-damage|p2b: Snorlax|0 fnt\n|faint|p2b: Snorlax\n|move|p2a: Mimikyu|Destiny Bond|p2a: Mimikyu\n|-singlemove|p2a: Mimikyu|Destiny Bond\n|\n|upkeep\n|\n|t:|1700962649\n|switch|p2b: Rotom|Rotom-Wash, L50, shiny|100\/100\n|turn|4\n|\n|t:|1700962664\n|-terastallize|p1b: Arcanine|Water\n|move|p2a: Mimikyu|Shadow Sneak|p1b: Arcanine\n|-damage|p1b: Arcanine|37\/100\n|move|p2b: Rotom|Volt Switch|p1a: Milotic\n|-supereffective|p1a: Milotic\n|-damage|p1a: Milotic|46\/100\n|\n|t:|1700962671\n|switch|p2b: Skeledirge|Skeledirge, L50, F, shiny|100\/100|[from] Volt Switch\n|move|p1a: Milotic|Scald|p2b: Skeledirge\n|-supereffective|p2b: Skeledirge\n|-damage|p2b: Skeledirge|0 fnt\n|faint|p2b: Skeledirge\n|move|p1b: Arcanine|Will-O-Wisp|p2a: Mimikyu\n|-status|p2a: Mimikyu|brn\n|\n|-damage|p2a: Mimikyu|25\/100 brn|[from] brn\n|upkeep\n|\n|t:|1700962683\n|switch|p2b: Rotom|Rotom-Wash, L50, shiny|100\/100\n|turn|5\n|\n|t:|1700962696\n|move|p1b: Arcanine|Protect|p1b: Arcanine\n|-singleturn|p1b: Arcanine|Protect\n|move|p2b: Rotom|Volt Switch|p1b: Arcanine\n|-activate|p1b: Arcanine|move: Protect\n|move|p1a: Milotic|Scald|p2b: Rotom\n|-resisted|p2b: Rotom\n|-damage|p2b: Rotom|65\/100\n|-status|p2b: Rotom|brn\n|move|p2a: Mimikyu|Play Rough|p1a: Milotic|[miss]\n|-miss|p2a: Mimikyu|p1a: Milotic\n|\n|-damage|p2b: Rotom|59\/100 brn|[from] brn\n|-damage|p2a: Mimikyu|18\/100 brn|[from] brn\n|-fieldend|move: Trick Room\n|upkeep\n|turn|6\n|\n|t:|1700962719\n|move|p2a: Mimikyu|Shadow Sneak|p1b: Arcanine\n|-damage|p1b: Arcanine|30\/100\n|move|p1b: Arcanine|Flare Blitz|p2b: Rotom\n|-resisted|p2b: Rotom\n|-damage|p2b: Rotom|28\/100 brn\n|-enditem|p2b: Rotom|Sitrus Berry|[eat]\n|-heal|p2b: Rotom|53\/100 brn|[from] item: Sitrus Berry\n|-damage|p1b: Arcanine|24\/100|[from] Recoil\n|move|p1a: Milotic|Scald|p2a: Mimikyu\n|-damage|p2a: Mimikyu|0 fnt\n|faint|p2a: Mimikyu\n|move|p2b: Rotom|Volt Switch|p1a: Milotic\n|-supereffective|p1a: Milotic\n|-damage|p1a: Milotic|0 fnt\n|faint|p1a: Milotic\n|\n|-damage|p2b: Rotom|47\/100 brn|[from] brn\n|upkeep\n|\n|t:|1700962741\n|switch|p1a: Sneasler|Sneasler, L50, F|100\/100\n|turn|7\n|\n|t:|1700962750\n|-terastallize|p2b: Rotom|Water\n|move|p1a: Sneasler|Dire Claw|p2b: Rotom\n|-damage|p2b: Rotom|0 fnt\n|faint|p2b: Rotom\n|\n|win|kavonpokebros\n|raw|kavonpokebros's rating: 1044 &rarr; <strong>1073<\/strong><br \/>(+29 for winning)\n|raw|TheRealWhiteRaven's rating: 1000 &rarr; <strong>1000<\/strong><br \/>(+0 for losing)\n|l|\u2606TheRealWhiteRaven\n","uploadtime":1700962759,"views":1,"p1id":"kavonpokebros","p2id":"therealwhiteraven","formatid":"gen9vgc2023regulatione","rating":1000,"private":0,"password":""}