{"id":"gen9vgc2023regulatione-1992486719","p1":"WillieDangerously","p2":"szzc","format":"[Gen 9] VGC 2023 Regulation E","log":"|j|\u2606WillieDangerously\n|j|\u2606szzc\n|t:|1700193695\n|gametype|doubles\n|player|p1|WillieDangerously|psychic-gen4|1448\n|player|p2|szzc|elesa|1594\n|teamsize|p1|6\n|teamsize|p2|6\n|gen|9\n|tier|[Gen 9] VGC 2023 Regulation E\n|rated|\n|rule|Species Clause: Limit one of each Pok\u00e9mon\n|rule|Item Clause: Limit one of each item\n|clearpoke\n|poke|p1|Iron Hands, L50|\n|poke|p1|Iron Bundle, L50|\n|poke|p1|Landorus-Therian, L50, M|\n|poke|p1|Sinistcha, L50|\n|poke|p1|Ninetales-Alola, L50, F|\n|poke|p1|Heatran, L50, F|\n|poke|p2|Chi-Yu, L50|\n|poke|p2|Tornadus, L50, M|\n|poke|p2|Landorus-Therian, L50, M|\n|poke|p2|Flutter Mane, L50|\n|poke|p2|Ogerpon-Wellspring, L50, F|\n|poke|p2|Arcanine-Hisui, L50, F|\n|teampreview|4\n|\n|t:|1700193730\n|start\n|switch|p1a: Iron Hands|Iron Hands, L50|100\/100\n|switch|p1b: Iron Bundle|Iron Bundle, L50|100\/100\n|switch|p2a: Tornadus|Tornadus, L50, M|100\/100\n|switch|p2b: Flutter Mane|Flutter Mane, L50|100\/100\n|-enditem|p1b: Iron Bundle|Booster Energy\n|-activate|p1b: Iron Bundle|ability: Quark Drive|[fromitem]\n|-start|p1b: Iron Bundle|quarkdrivespe\n|turn|1\n|\n|t:|1700193751\n|-terastallize|p2a: Tornadus|Ghost\n|move|p1b: Iron Bundle|Protect|p1b: Iron Bundle\n|-singleturn|p1b: Iron Bundle|Protect\n|move|p2a: Tornadus|Tailwind|p2a: Tornadus\n|-sidestart|p2: szzc|move: Tailwind\n|move|p2b: Flutter Mane|Dazzling Gleam|p1b: Iron Bundle|[spread] p1a\n|-activate|p1b: Iron Bundle|move: Protect\n|-supereffective|p1a: Iron Hands\n|-damage|p1a: Iron Hands|64\/100\n|move|p1a: Iron Hands|Heavy Slam|p2b: Flutter Mane\n|-supereffective|p2b: Flutter Mane\n|-enditem|p2b: Flutter Mane|Focus Sash\n|-damage|p2b: Flutter Mane|1\/100\n|\n|upkeep\n|turn|2\n|\n|t:|1700193788\n|-end|p1a: Iron Hands|Quark Drive|[silent]\n|switch|p1a: Heatran|Heatran, L50, F|100\/100\n|move|p2b: Flutter Mane|Dazzling Gleam|p1a: Heatran|[spread] p1a,p1b\n|-resisted|p1a: Heatran\n|-damage|p1a: Heatran|93\/100\n|-damage|p1b: Iron Bundle|34\/100\n|move|p1b: Iron Bundle|Icy Wind|p2b: Flutter Mane|[spread] p2a,p2b\n|-crit|p2a: Tornadus\n|-damage|p2a: Tornadus|66\/100\n|-damage|p2b: Flutter Mane|0 fnt\n|-unboost|p2a: Tornadus|spe|1\n|faint|p2b: Flutter Mane\n|-end|p2b: Flutter Mane|Protosynthesis|[silent]\n|move|p2a: Tornadus|Bleakwind Storm|p1a: Heatran|[spread] p1a\n|-miss|p2a: Tornadus|p1b: Iron Bundle\n|-resisted|p1a: Heatran\n|-damage|p1a: Heatran|79\/100\n|\n|-heal|p1a: Heatran|85\/100|[from] item: Leftovers\n|upkeep\n|\n|t:|1700193803\n|switch|p2b: Chi-Yu|Chi-Yu, L50|100\/100\n|-ability|p2b: Chi-Yu|Beads of Ruin\n|turn|3\n|\n|t:|1700193828\n|-end|p1b: Iron Bundle|Quark Drive|[silent]\n|switch|p1b: Iron Hands|Iron Hands, L50|64\/100\n|move|p2b: Chi-Yu|Snarl|p1a: Heatran|[spread] p1a,p1b\n|-resisted|p1b: Iron Hands\n|-damage|p1a: Heatran|46\/100\n|-damage|p1b: Iron Hands|52\/100\n|-unboost|p1a: Heatran|spa|1\n|-unboost|p1b: Iron Hands|spa|1\n|move|p2a: Tornadus|Bleakwind Storm|p1a: Heatran|[spread] p1a,p1b\n|-resisted|p1a: Heatran\n|-damage|p1a: Heatran|24\/100\n|-damage|p1b: Iron Hands|27\/100\n|-unboost|p1a: Heatran|spe|1\n|move|p1a: Heatran|Flash Cannon|p2a: Tornadus\n|-damage|p2a: Tornadus|21\/100\n|\n|-heal|p1a: Heatran|30\/100|[from] item: Leftovers\n|upkeep\n|turn|4\n|\n|t:|1700193851\n|switch|p2a: Arcanine|Arcanine-Hisui, L50, F|100\/100\n|-ability|p2a: Arcanine|Intimidate|boost\n|-unboost|p1a: Heatran|atk|1\n|-unboost|p1b: Iron Hands|atk|1\n|move|p1b: Iron Hands|Fake Out|p2b: Chi-Yu\n|-damage|p2b: Chi-Yu|85\/100\n|cant|p2b: Chi-Yu|flinch\n|move|p1a: Heatran|Heat Wave|p2b: Chi-Yu|[spread] p2a,p2b\n|-resisted|p2a: Arcanine\n|-resisted|p2b: Chi-Yu\n|-damage|p2a: Arcanine|90\/100\n|-damage|p2b: Chi-Yu|71\/100\n|\n|-heal|p1a: Heatran|36\/100|[from] item: Leftovers\n|-sideend|p2: szzc|move: Tailwind\n|upkeep\n|turn|5\n|\n|t:|1700193888\n|switch|p2b: Tornadus|Tornadus, L50, M, tera:Ghost|21\/100\n|move|p2a: Arcanine|Rock Slide|p1b: Iron Hands|[spread] p1a,p1b\n|-resisted|p1b: Iron Hands\n|-damage|p1a: Heatran|0 fnt\n|-damage|p1b: Iron Hands|10\/100\n|faint|p1a: Heatran\n|move|p1b: Iron Hands|Drain Punch|p2b: Tornadus\n|-immune|p2b: Tornadus\n|\n|upkeep\n|\n|t:|1700193898\n|switch|p1a: Sinistcha|Sinistcha, L50|100\/100\n|-heal|p1b: Iron Hands|35\/100|[from] ability: Hospitality|[of] p1a: Sinistcha\n|turn|6\n|\n|t:|1700193961\n|-terastallize|p1a: Sinistcha|Dark\n|move|p2a: Arcanine|Rock Slide|p1b: Iron Hands|[spread] p1a,p1b\n|-resisted|p1b: Iron Hands\n|-damage|p1a: Sinistcha|58\/100\n|-damage|p1b: Iron Hands|18\/100\n|move|p2b: Tornadus|Bleakwind Storm|p1b: Iron Hands|[spread] p1a,p1b\n|-damage|p1a: Sinistcha|18\/100\n|-damage|p1b: Iron Hands|0 fnt\n|-enditem|p1a: Sinistcha|Sitrus Berry|[eat]\n|-heal|p1a: Sinistcha|43\/100|[from] item: Sitrus Berry\n|faint|p1b: Iron Hands\n|-end|p1b: Iron Hands|Quark Drive|[silent]\n|cant|p1a: Sinistcha|flinch\n|\n|upkeep\n|\n|t:|1700193975\n|switch|p1b: Iron Bundle|Iron Bundle, L50|34\/100\n|turn|7\n|\n|t:|1700193985\n|move|p2b: Tornadus|Tailwind|p2b: Tornadus\n|-sidestart|p2: szzc|move: Tailwind\n|move|p2a: Arcanine|Rock Slide|p1a: Sinistcha|[spread] p1a,p1b\n|-crit|p1a: Sinistcha\n|-supereffective|p1b: Iron Bundle\n|-damage|p1a: Sinistcha|0 fnt\n|-damage|p1b: Iron Bundle|0 fnt\n|faint|p1a: Sinistcha\n|faint|p1b: Iron Bundle\n|-end|p1b: Iron Bundle|Quark Drive|[silent]\n|\n|win|szzc\n|raw|WillieDangerously's rating: 1448 &rarr; <strong>1436<\/strong><br \/>(-12 for losing)\n|raw|szzc's rating: 1594 &rarr; <strong>1606<\/strong><br \/>(+12 for winning)\n","uploadtime":1700193990,"views":16,"p1id":"williedangerously","p2id":"szzc","formatid":"gen9vgc2023regulatione","rating":1436,"private":0,"password":""}