{"id":"gen9vgc2023regulatione-1998328975","p1":"PeteWhiz","p2":"11111111aaaaaaa","format":"[Gen 9] VGC 2023 Regulation E","log":"|j|\u2606PeteWhiz\n|j|\u260611111111aaaaaaa\n|t:|1700930079\n|gametype|doubles\n|player|p1|PeteWhiz|265|1028\n|player|p2|11111111aaaaaaa|1|1000\n|teamsize|p1|6\n|teamsize|p2|6\n|gen|9\n|tier|[Gen 9] VGC 2023 Regulation E\n|rated|\n|rule|Species Clause: Limit one of each Pok\u00e9mon\n|rule|Item Clause: Limit one of each item\n|clearpoke\n|poke|p1|Sinistcha, L50|\n|poke|p1|Indeedee-F, L50, F|\n|poke|p1|Regieleki, L50|\n|poke|p1|Arcanine-Hisui, L50, F|\n|poke|p1|Tornadus, L50, M|\n|poke|p1|Ogerpon-Wellspring, L50, F|\n|poke|p2|Amoonguss, L50, F|\n|poke|p2|Garganacl, L50, F|\n|poke|p2|Gholdengo, L50|\n|poke|p2|Dragonite, L50, F|\n|poke|p2|Murkrow, L50, F|\n|poke|p2|Gastrodon, L50, M|\n|teampreview|4\nPeteWhiz has agreed to open team sheets.\n|\n|t:|1700930118\n|start\n|switch|p1a: Tornadus|Tornadus, L50, M|100\/100\n|switch|p1b: Ogerpon|Ogerpon-Wellspring, L50, F|100\/100\n|switch|p2a: Amoonguss|Amoonguss, L50, F|100\/100\n|switch|p2b: Dragonite|Dragonite, L50, F|100\/100\n|turn|1\n|\n|t:|1700930146\n|move|p1b: Ogerpon|Spiky Shield|p1b: Ogerpon\n|-singleturn|p1b: Ogerpon|move: Protect\n|move|p1a: Tornadus|Tailwind|p1a: Tornadus\n|-sidestart|p1: PeteWhiz|move: Tailwind\n|move|p2b: Dragonite|Ice Spinner|p1a: Tornadus\n|-supereffective|p1a: Tornadus\n|-damage|p1a: Tornadus|16\/100\n|move|p2a: Amoonguss|Spore|p1b: Ogerpon\n|-activate|p1b: Ogerpon|move: Protect\n|\n|upkeep\n|turn|2\n|\n|t:|1700930172\n|switch|p1a: Sinistcha|Sinistcha, L50|100\/100\n|move|p2b: Dragonite|Extreme Speed|p1a: Sinistcha\n|-immune|p1a: Sinistcha\n|move|p1b: Ogerpon|Ivy Cudgel|p2b: Dragonite|[anim] Ivy Cudgel Water\n|-resisted|p2b: Dragonite\n|-damage|p2b: Dragonite|69\/100\n|move|p2a: Amoonguss|Spore|p1b: Ogerpon\n|-immune|p1b: Ogerpon\n|\n|upkeep\n|turn|3\n|\n|t:|1700930207\n|move|p1b: Ogerpon|Ivy Cudgel|p2b: Dragonite|[anim] Ivy Cudgel Water\n|-resisted|p2b: Dragonite\n|-crit|p2b: Dragonite\n|-damage|p2b: Dragonite|19\/100\n|move|p1a: Sinistcha|Strength Sap|p2b: Dragonite\n|-unboost|p2b: Dragonite|atk|1\n|move|p2b: Dragonite|Fire Punch|p1a: Sinistcha\n|-supereffective|p1a: Sinistcha\n|-damage|p1a: Sinistcha|65\/100\n|-damage|p2b: Dragonite|2\/100|[from] item: Rocky Helmet|[of] p1a: Sinistcha\n|move|p2a: Amoonguss|Pollen Puff|p2b: Dragonite\n|-heal|p2b: Dragonite|52\/100\n|\n|upkeep\n|turn|4\n|inactive|Battle timer is ON: inactive players will automatically lose when time's up. (requested by PeteWhiz)\n|\n|t:|1700930259\n|move|p1b: Ogerpon|Ivy Cudgel|p2b: Dragonite|[anim] Ivy Cudgel Water\n|-resisted|p2b: Dragonite\n|-crit|p2b: Dragonite\n|-damage|p2b: Dragonite|0 fnt\n|faint|p2b: Dragonite\n|move|p1a: Sinistcha|Matcha Gotcha|p2a: Amoonguss\n|-resisted|p2a: Amoonguss\n|-damage|p2a: Amoonguss|96\/100\n|-heal|p1a: Sinistcha|69\/100|[from] drain|[of] p2a: Amoonguss\n|move|p2a: Amoonguss|Pollen Puff|p2: Dragonite|[notarget]\n|-fail|p2a: Amoonguss\n|\n|-sideend|p1: PeteWhiz|move: Tailwind\n|upkeep\n|\n|t:|1700930277\n|switch|p2b: Gholdengo|Gholdengo, L50|100\/100\n|turn|5\n|\n|t:|1700930291\n|-terastallize|p2b: Gholdengo|Steel\n|move|p1b: Ogerpon|Spiky Shield|p1b: Ogerpon\n|-singleturn|p1b: Ogerpon|move: Protect\n|move|p1a: Sinistcha|Protect|p1a: Sinistcha\n|-singleturn|p1a: Sinistcha|Protect\n|move|p2b: Gholdengo|Make It Rain|p1b: Ogerpon|[spread] \n|-activate|p1a: Sinistcha|move: Protect\n|-activate|p1b: Ogerpon|move: Protect\n|move|p2a: Amoonguss|Pollen Puff|p2b: Gholdengo\n|-immune|p2b: Gholdengo\n|\n|upkeep\n|turn|6\n|inactive|11111111aaaaaaa has 30 seconds left.\n|\n|t:|1700930318\n|switch|p1a: Indeedee|Indeedee-F, L50, F|100\/100\n|-fieldstart|move: Psychic Terrain|[from] ability: Psychic Surge|[of] p1a: Indeedee\n|-enditem|p1a: Indeedee|Psychic Seed\n|-boost|p1a: Indeedee|spd|1|[from] item: Psychic Seed\n|-terastallize|p1b: Ogerpon|Water\n|detailschange|p1b: Ogerpon|Ogerpon-Wellspring-Tera, L50, F, tera:Water\n|-ability|p1b: Ogerpon|Embody Aspect (Wellspring)|boost\n|-boost|p1b: Ogerpon|spd|1\n|move|p1b: Ogerpon|Ivy Cudgel|p2b: Gholdengo|[anim] Ivy Cudgel Water\n|-damage|p2b: Gholdengo|17\/100\n|move|p2b: Gholdengo|Dazzling Gleam|p1b: Ogerpon|[spread] p1a,p1b\n|-damage|p1a: Indeedee|84\/100\n|-damage|p1b: Ogerpon|79\/100\n|-damage|p2b: Gholdengo|7\/100|[from] item: Life Orb\n|move|p2a: Amoonguss|Pollen Puff|p2b: Gholdengo\n|-heal|p2b: Gholdengo|57\/100\n|\n|upkeep\n|turn|7\n|inactive|11111111aaaaaaa has 30 seconds left.\n|\n|t:|1700930352\n|move|p1a: Indeedee|Helping Hand|p1b: Ogerpon\n|-singleturn|p1b: Ogerpon|Helping Hand|[of] p1a: Indeedee\n|move|p2b: Gholdengo|Protect|p2b: Gholdengo\n|-singleturn|p2b: Gholdengo|Protect\n|move|p1b: Ogerpon|Ivy Cudgel|p2b: Gholdengo|[anim] Ivy Cudgel Water\n|-activate|p2b: Gholdengo|move: Protect\n|move|p2a: Amoonguss|Pollen Puff|p2b: Gholdengo\n|-activate|p2b: Gholdengo|move: Protect\n|\n|upkeep\n|turn|8\n|\n|t:|1700930369\n|move|p1a: Indeedee|Helping Hand|p1b: Ogerpon\n|-singleturn|p1b: Ogerpon|Helping Hand|[of] p1a: Indeedee\n|move|p1b: Ogerpon|Ivy Cudgel|p2b: Gholdengo|[anim] Ivy Cudgel Water\n|-damage|p2b: Gholdengo|0 fnt\n|faint|p2b: Gholdengo\n|move|p2a: Amoonguss|Spore|p1a: Indeedee\n|-status|p1a: Indeedee|slp|[from] move: Spore\n|\n|upkeep\n|\n|t:|1700930378\n|switch|p2b: Gastrodon|Gastrodon, L50, M|100\/100\n|turn|9\n|\n|t:|1700930397\n|cant|p1a: Indeedee|slp\n|move|p1b: Ogerpon|Horn Leech|p2b: Gastrodon\n|-supereffective|p2b: Gastrodon\n|-crit|p2b: Gastrodon\n|-damage|p2b: Gastrodon|0 fnt\n|-heal|p1b: Ogerpon|100\/100|[from] drain|[of] p2b: Gastrodon\n|-damage|p1b: Ogerpon|84\/100|[from] item: Rocky Helmet|[of] p2b: Gastrodon\n|faint|p2b: Gastrodon\n|move|p2a: Amoonguss|Clear Smog|p1b: Ogerpon\n|-damage|p1b: Ogerpon|71\/100\n|-clearboost|p1b: Ogerpon\n|\n|upkeep\n|turn|10\n|\n|t:|1700930419\n|switch|p1b: Sinistcha|Sinistcha, L50|69\/100\n|-heal|p1a: Indeedee|100\/100 slp|[from] ability: Hospitality|[of] p1b: Sinistcha\n|cant|p1a: Indeedee|slp\n|move|p2a: Amoonguss|Pollen Puff|p1a: Indeedee\n|-supereffective|p1a: Indeedee\n|-damage|p1a: Indeedee|78\/100 slp\n|\n|-fieldend|move: Psychic Terrain\n|upkeep\n|turn|11\n|\n|t:|1700930434\n|switch|p1a: Tornadus|Tornadus, L50, M|16\/100\n|move|p1b: Sinistcha|Matcha Gotcha|p2a: Amoonguss\n|-resisted|p2a: Amoonguss\n|-damage|p2a: Amoonguss|91\/100\n|-heal|p1b: Sinistcha|72\/100|[from] drain|[of] p2a: Amoonguss\n|move|p2a: Amoonguss|Pollen Puff|p1a: Tornadus\n|-resisted|p1a: Tornadus\n|-damage|p1a: Tornadus|6\/100\n|\n|upkeep\n|turn|12\n|\n|t:|1700930450\n|move|p1b: Sinistcha|Protect|p1b: Sinistcha\n|-singleturn|p1b: Sinistcha|Protect\n|move|p1a: Tornadus|Tailwind|p1a: Tornadus\n|-sidestart|p1: PeteWhiz|move: Tailwind\n|move|p2a: Amoonguss|Pollen Puff|p1a: Tornadus\n|-resisted|p1a: Tornadus\n|-crit|p1a: Tornadus\n|-damage|p1a: Tornadus|0 fnt\n|faint|p1a: Tornadus\n|\n|upkeep\n|\n|t:|1700930468\n|switch|p1a: Ogerpon|Ogerpon-Wellspring-Tera, L50, F, tera:Water|71\/100\n|-ability|p1a: Ogerpon|Embody Aspect (Wellspring)|boost\n|-boost|p1a: Ogerpon|spd|1\n|turn|13\n|\n|t:|1700930474\n|switch|p1b: Indeedee|Indeedee-F, L50, F|78\/100 slp\n|-fieldstart|move: Psychic Terrain|[from] ability: Psychic Surge|[of] p1b: Indeedee\n|move|p1a: Ogerpon|Spiky Shield|p1a: Ogerpon\n|-singleturn|p1a: Ogerpon|move: Protect\n|move|p2a: Amoonguss|Pollen Puff|p1a: Ogerpon\n|-activate|p1a: Ogerpon|move: Protect\n|\n|upkeep\n|turn|14\n|\n|t:|1700930489\n|-curestatus|p1b: Indeedee|slp|[msg]\n|move|p1b: Indeedee|Helping Hand|p1a: Ogerpon\n|-singleturn|p1a: Ogerpon|Helping Hand|[of] p1b: Indeedee\n|move|p1a: Ogerpon|Ivy Cudgel|p2a: Amoonguss|[anim] Ivy Cudgel Water\n|-resisted|p2a: Amoonguss\n|-damage|p2a: Amoonguss|29\/100\n|move|p2a: Amoonguss|Pollen Puff|p1a: Ogerpon\n|-damage|p1a: Ogerpon|55\/100\n|\n|upkeep\n|turn|15\n|\n|t:|1700930502\n|move|p1b: Indeedee|Helping Hand|p1a: Ogerpon\n|-singleturn|p1a: Ogerpon|Helping Hand|[of] p1b: Indeedee\n|move|p1a: Ogerpon|Ivy Cudgel|p2a: Amoonguss|[anim] Ivy Cudgel Water\n|-resisted|p2a: Amoonguss\n|-damage|p2a: Amoonguss|0 fnt\n|faint|p2a: Amoonguss\n|\n|win|PeteWhiz\n|raw|PeteWhiz's rating: 1028 &rarr; <strong>1061<\/strong><br \/>(+33 for winning)\n|raw|11111111aaaaaaa's rating: 1000 &rarr; <strong>1000<\/strong><br \/>(+0 for losing)\n","uploadtime":1700930511,"views":4,"p1id":"petewhiz","p2id":"11111111aaaaaaa","formatid":"gen9vgc2023regulatione","rating":1000,"private":0,"password":""}