{"id":"gen9vgc2023regulatione-1993104144","p1":"Daniel1018","p2":"SquidBox","format":"[Gen 9] VGC 2023 Regulation E","log":"|j|\u2606Daniel1018\n|j|\u2606SquidBox\n|t:|1700265213\n|gametype|doubles\n|player|p1|Daniel1018|volo-ginkgo|\n|player|p2|SquidBox|unknown|\n|teamsize|p1|6\n|teamsize|p2|6\n|gen|9\n|tier|[Gen 9] VGC 2023 Regulation E\n|rule|Species Clause: Limit one of each Pok\u00e9mon\n|rule|Item Clause: Limit one of each item\n|clearpoke\n|poke|p1|Cresselia, L50, F|\n|poke|p1|Ursaluna-Bloodmoon, L50, M|\n|poke|p1|Iron Hands, L50|\n|poke|p1|Rabsca, L50, M|\n|poke|p1|Sylveon, L50, F|\n|poke|p1|Crawdaunt, L50, M|\n|poke|p2|Ogerpon-Hearthflame, L50, F|\n|poke|p2|Flutter Mane, L50|\n|poke|p2|Vulpix, L50, M|\n|poke|p2|Walking Wake, L50|\n|poke|p2|Qwilfish-Hisui, L50, M|\n|poke|p2|Uxie, L50|\n|teampreview|4\n|inactive|Battle timer is ON: inactive players will automatically lose when time's up. (requested by Daniel1018)\nDaniel1018 rejected open team sheets.\n|inactiveoff|Battle timer is now OFF.\n|\n|t:|1700265257\n|start\n|switch|p1a: Zeus|Iron Hands, L50|100\/100\n|switch|p1b: Atermis|Cresselia, L50, F, shiny|100\/100\n|switch|p2a: Flutter Mane|Flutter Mane, L50|100\/100\n|switch|p2b: Vulpix|Vulpix, L50, M|100\/100\n|-weather|SunnyDay|[from] ability: Drought|[of] p2b: Vulpix\n|-activate|p2a: Flutter Mane|ability: Protosynthesis\n|-start|p2a: Flutter Mane|protosynthesisspa\n|turn|1\n|\n|t:|1700265287\n|move|p1a: Zeus|Fake Out|p2a: Flutter Mane\n|-immune|p2a: Flutter Mane\n|move|p2a: Flutter Mane|Imprison|p2a: Flutter Mane\n|-start|p2a: Flutter Mane|move: Imprison\n|move|p2b: Vulpix|Will-O-Wisp|p1a: Zeus\n|-status|p1a: Zeus|brn\n|cant|p1b: Atermis|move: Imprison|Trick Room\n|\n|-weather|SunnyDay|[upkeep]\n|-damage|p1a: Zeus|94\/100 brn|[from] brn\n|upkeep\n|turn|2\n|\n|t:|1700265308\n|move|p2a: Flutter Mane|Shadow Ball|p1b: Atermis\n|-supereffective|p1b: Atermis\n|-damage|p1b: Atermis|40\/100\n|-unboost|p1b: Atermis|spd|1\n|move|p2b: Vulpix|Snarl|p1a: Zeus|[spread] p1a,p1b\n|-resisted|p1a: Zeus\n|-supereffective|p1b: Atermis\n|-damage|p1a: Zeus|93\/100 brn\n|-damage|p1b: Atermis|31\/100\n|-unboost|p1a: Zeus|spa|1\n|-unboost|p1b: Atermis|spa|1\n|move|p1b: Atermis|Lunar Blessing|p1b: Atermis|[spread] p1a,p1b\n|-heal|p1a: Zeus|100\/100 brn\n|-curestatus|p1a: Zeus|brn|[msg]\n|-heal|p1b: Atermis|56\/100\n|move|p1a: Zeus|Heavy Slam|p2a: Flutter Mane\n|-supereffective|p2a: Flutter Mane\n|-enditem|p2a: Flutter Mane|Focus Sash\n|-damage|p2a: Flutter Mane|1\/100\n|\n|-weather|SunnyDay|[upkeep]\n|upkeep\n|turn|3\n|\n|t:|1700265350\n|move|p1b: Atermis|Ally Switch|p1b: Atermis\n|swap|p1b: Atermis|0|[from] move: Ally Switch\n|move|p2a: Flutter Mane|Shadow Ball|p1a: Atermis\n|-supereffective|p1a: Atermis\n|-damage|p1a: Atermis|0 fnt\n|faint|p1a: Atermis\n|move|p2b: Vulpix|Will-O-Wisp|p1b: Zeus\n|-status|p1b: Zeus|brn\n|move|p1b: Zeus|Heavy Slam|p2a: Flutter Mane\n|-supereffective|p2a: Flutter Mane\n|-damage|p2a: Flutter Mane|0 fnt\n|faint|p2a: Flutter Mane\n|-end|p2a: Flutter Mane|Protosynthesis|[silent]\n|\n|-weather|SunnyDay|[upkeep]\n|-damage|p1b: Zeus|94\/100 brn|[from] brn\n|upkeep\n|\n|t:|1700265369\n|switch|p2a: Ogerpon|Ogerpon-Hearthflame, L50, F|100\/100\n|switch|p1a: Khepri|Rabsca, L50, M, shiny|100\/100\n|-ability|p2a: Ogerpon|Mold Breaker\n|turn|4\n|\n|t:|1700265411\n|move|p2a: Ogerpon|Ivy Cudgel|p1a: Khepri|[anim] Ivy Cudgel Fire\n|-supereffective|p1a: Khepri\n|-damage|p1a: Khepri|0 fnt\n|faint|p1a: Khepri\n|move|p2b: Vulpix|Snarl|p1b: Zeus\n|-resisted|p1b: Zeus\n|-damage|p1b: Zeus|92\/100 brn\n|-unboost|p1b: Zeus|spa|1\n|move|p1b: Zeus|Heavy Slam|p2a: Ogerpon\n|-resisted|p2a: Ogerpon\n|-damage|p2a: Ogerpon|85\/100\n|\n|-weather|SunnyDay|[upkeep]\n|-damage|p1b: Zeus|86\/100 brn|[from] brn\n|upkeep\n|\n|t:|1700265423\n|switch|p1a: Mor'du|Ursaluna-Bloodmoon, L50, M|100\/100\n|turn|5\n|\n|t:|1700265441\n|-terastallize|p2a: Ogerpon|Fire\n|detailschange|p2a: Ogerpon|Ogerpon-Hearthflame-Tera, L50, F, tera:Fire\n|-ability|p2a: Ogerpon|Embody Aspect (Hearthflame)|boost\n|-boost|p2a: Ogerpon|atk|1\n|-terastallize|p1a: Mor'du|Normal\n|move|p2b: Vulpix|Helping Hand|p2a: Ogerpon\n|-singleturn|p2a: Ogerpon|Helping Hand|[of] p2b: Vulpix\n|move|p2a: Ogerpon|Ivy Cudgel|p1a: Mor'du|[anim] Ivy Cudgel Fire\n|-damage|p1a: Mor'du|0 fnt\n|faint|p1a: Mor'du\n|move|p1b: Zeus|Drain Punch|p2b: Vulpix\n|-damage|p2b: Vulpix|50\/100\n|-heal|p1b: Zeus|100\/100 brn|[from] drain|[of] p2b: Vulpix\n|\n|-weather|SunnyDay|[upkeep]\n|-damage|p1b: Zeus|94\/100 brn|[from] brn\n|upkeep\n|turn|6\n|\n|t:|1700265460\n|move|p2b: Vulpix|Helping Hand|p2a: Ogerpon\n|-singleturn|p2a: Ogerpon|Helping Hand|[of] p2b: Vulpix\n|move|p2a: Ogerpon|Ivy Cudgel|p1b: Zeus|[anim] Ivy Cudgel Fire\n|-damage|p1b: Zeus|0 fnt\n|faint|p1b: Zeus\n|-end|p1b: Zeus|Quark Drive|[silent]\n|\n|win|SquidBox\n","uploadtime":1700265464,"views":33,"p1id":"daniel1018","p2id":"squidbox","formatid":"gen9vgc2023regulatione","rating":0,"private":0,"password":""}