{"id":"gen9vgc2023regulatione-1993458213","p1":"Bilbo444","p2":"Kzrjzkz","format":"[Gen 9] VGC 2023 Regulation E","log":"|j|\u2606Bilbo444\n|j|\u2606Kzrjzkz\n|t:|1700320370\n|gametype|doubles\n|player|p1|Bilbo444|102|1138\n|player|p2|Kzrjzkz|lance|1110\n|teamsize|p1|6\n|teamsize|p2|6\n|gen|9\n|tier|[Gen 9] VGC 2023 Regulation E\n|rated|\n|rule|Species Clause: Limit one of each Pok\u00e9mon\n|rule|Item Clause: Limit one of each item\n|clearpoke\n|poke|p1|Perrserker, L50, F|\n|poke|p1|Iron Bundle, L50|\n|poke|p1|Dragapult, L50, F|\n|poke|p1|Lurantis, L50, M|\n|poke|p1|Ursaluna, L50, F|\n|poke|p1|Tornadus, L50, M|\n|poke|p2|Flutter Mane, L50|\n|poke|p2|Tornadus, L50, M|\n|poke|p2|Rillaboom, L50, F|\n|poke|p2|Garganacl, L50, M|\n|poke|p2|Arcanine-Hisui, L50, M|\n|poke|p2|Chien-Pao, L50|\n|teampreview|4\n|\n|t:|1700320386\n|start\n|switch|p1a: Iron Bundle|Iron Bundle, L50|100\/100\n|switch|p1b: Perrserker|Perrserker, L50, F|100\/100\n|switch|p2a: Tornadus|Tornadus, L50, M|100\/100\n|switch|p2b: Garganacl|Garganacl, L50, M|100\/100\n|-enditem|p1a: Iron Bundle|Booster Energy\n|-activate|p1a: Iron Bundle|ability: Quark Drive|[fromitem]\n|-start|p1a: Iron Bundle|quarkdrivespe\n|turn|1\n|\n|t:|1700320400\n|-terastallize|p2b: Garganacl|Ghost\n|move|p1b: Perrserker|Fake Out|p2a: Tornadus\n|-damage|p2a: Tornadus|69\/100\n|-damage|p1b: Perrserker|84\/100|[from] item: Rocky Helmet|[of] p2a: Tornadus\n|-damage|p1b: Perrserker|75\/100|[from] item: Life Orb\n|cant|p2a: Tornadus|flinch\n|move|p1a: Iron Bundle|Freeze-Dry|p2a: Tornadus\n|-supereffective|p2a: Tornadus\n|-damage|p2a: Tornadus|13\/100\n|move|p2b: Garganacl|Iron Defense|p2b: Garganacl\n|-boost|p2b: Garganacl|def|2\n|\n|upkeep\n|turn|2\n|\n|t:|1700320416\n|move|p2a: Tornadus|Tailwind|p2a: Tornadus\n|-sidestart|p2: Kzrjzkz|move: Tailwind\n|move|p1a: Iron Bundle|Icy Wind|p2a: Tornadus|[spread] p2a,p2b\n|-supereffective|p2a: Tornadus\n|-damage|p2a: Tornadus|0 fnt\n|-damage|p2b: Garganacl|86\/100\n|-unboost|p2b: Garganacl|spe|1\n|faint|p2a: Tornadus\n|move|p2b: Garganacl|Salt Cure|p1a: Iron Bundle\n|-supereffective|p1a: Iron Bundle\n|-damage|p1a: Iron Bundle|67\/100\n|-start|p1a: Iron Bundle|Salt Cure\n|move|p1b: Perrserker|Iron Head|p2b: Garganacl\n|-damage|p2b: Garganacl|59\/100\n|-damage|p1b: Perrserker|65\/100|[from] item: Life Orb\n|\n|-damage|p1a: Iron Bundle|42\/100|[from] Salt Cure\n|upkeep\n|\n|t:|1700320429\n|switch|p2a: Rillaboom|Rillaboom, L50, F|100\/100\n|-fieldstart|move: Grassy Terrain|[from] ability: Grassy Surge|[of] p2a: Rillaboom\n|turn|3\n|\n|t:|1700320441\n|-end|p1a: Iron Bundle|Quark Drive|[silent]\n|switch|p1a: Tornadus|Tornadus, L50, M|100\/100\n|move|p2a: Rillaboom|Grassy Glide|p1a: Tornadus\n|-resisted|p1a: Tornadus\n|-damage|p1a: Tornadus|77\/100\n|-damage|p2a: Rillaboom|84\/100|[from] item: Rocky Helmet|[of] p1a: Tornadus\n|move|p2b: Garganacl|Recover|p2b: Garganacl\n|-heal|p2b: Garganacl|100\/100\n|move|p1b: Perrserker|Knock Off|p2b: Garganacl\n|-supereffective|p2b: Garganacl\n|-damage|p2b: Garganacl|63\/100\n|-enditem|p2b: Garganacl|Sitrus Berry|[from] move: Knock Off|[of] p1b: Perrserker\n|-damage|p1b: Perrserker|55\/100|[from] item: Life Orb\n|\n|-heal|p2a: Rillaboom|90\/100|[from] Grassy Terrain\n|-heal|p2b: Garganacl|69\/100|[from] Grassy Terrain\n|-heal|p1b: Perrserker|62\/100|[from] Grassy Terrain\n|upkeep\n|turn|4\n|\n|t:|1700320470\n|switch|p2a: Arcanine|Arcanine-Hisui, L50, M|100\/100\n|-ability|p2a: Arcanine|Intimidate|boost\n|-unboost|p1a: Tornadus|atk|1\n|-unboost|p1b: Perrserker|atk|1\n|move|p1b: Perrserker|Protect|p1b: Perrserker\n|-singleturn|p1b: Perrserker|Protect\n|move|p1a: Tornadus|Tailwind|p1a: Tornadus\n|-sidestart|p1: Bilbo444|move: Tailwind\n|move|p2b: Garganacl|Salt Cure|p1a: Tornadus\n|-supereffective|p1a: Tornadus\n|-damage|p1a: Tornadus|48\/100\n|-start|p1a: Tornadus|Salt Cure\n|\n|-heal|p1b: Perrserker|68\/100|[from] Grassy Terrain\n|-heal|p2b: Garganacl|74\/100|[from] Grassy Terrain\n|-damage|p1a: Tornadus|36\/100|[from] Salt Cure\n|upkeep\n|turn|5\n|\n|t:|1700320494\n|move|p2a: Arcanine|Rock Slide|p1a: Tornadus|[spread] p1a,p1b\n|-supereffective|p1a: Tornadus\n|-crit|p1a: Tornadus\n|-resisted|p1b: Perrserker\n|-damage|p1a: Tornadus|0 fnt\n|-damage|p1b: Perrserker|49\/100\n|faint|p1a: Tornadus\n|move|p1b: Perrserker|Iron Head|p2a: Arcanine\n|-damage|p2a: Arcanine|48\/100\n|-damage|p1b: Perrserker|39\/100|[from] item: Life Orb\n|move|p2b: Garganacl|Recover|p2b: Garganacl\n|-heal|p2b: Garganacl|100\/100\n|\n|-heal|p2a: Arcanine|53\/100|[from] Grassy Terrain\n|-heal|p1b: Perrserker|46\/100|[from] Grassy Terrain\n|-sideend|p2: Kzrjzkz|move: Tailwind\n|upkeep\n|\n|t:|1700320508\n|switch|p1a: Iron Bundle|Iron Bundle, L50|42\/100\n|turn|6\n|\n|t:|1700320516\n|move|p1a: Iron Bundle|Chilling Water|p2a: Arcanine\n|-supereffective|p2a: Arcanine\n|-damage|p2a: Arcanine|0 fnt\n|faint|p2a: Arcanine\n|move|p1b: Perrserker|Knock Off|p2b: Garganacl\n|-supereffective|p2b: Garganacl\n|-damage|p2b: Garganacl|82\/100\n|-damage|p1b: Perrserker|36\/100|[from] item: Life Orb\n|move|p2b: Garganacl|Salt Cure|p1a: Iron Bundle\n|-supereffective|p1a: Iron Bundle\n|-damage|p1a: Iron Bundle|9\/100\n|-start|p1a: Iron Bundle|Salt Cure\n|\n|-heal|p1a: Iron Bundle|15\/100|[from] Grassy Terrain\n|-heal|p1b: Perrserker|42\/100|[from] Grassy Terrain\n|-heal|p2b: Garganacl|87\/100|[from] Grassy Terrain\n|-damage|p1a: Iron Bundle|0 fnt|[from] Salt Cure\n|faint|p1a: Iron Bundle\n|-end|p1a: Iron Bundle|Quark Drive|[silent]\n|upkeep\n|\n|t:|1700320532\n|switch|p1a: Ursaluna|Ursaluna, L50, F|100\/100\n|switch|p2a: Rillaboom|Rillaboom, L50, F|90\/100\n|turn|7\n|\n|t:|1700320552\n|-terastallize|p1a: Ursaluna|Normal\n|move|p2a: Rillaboom|Fake Out|p1a: Ursaluna\n|-damage|p1a: Ursaluna|88\/100\n|cant|p1a: Ursaluna|flinch\n|move|p1b: Perrserker|Knock Off|p2a: Rillaboom\n|-damage|p2a: Rillaboom|54\/100\n|-enditem|p2a: Rillaboom|Assault Vest|[from] move: Knock Off|[of] p1b: Perrserker\n|-damage|p1b: Perrserker|33\/100|[from] item: Life Orb\n|move|p2b: Garganacl|Iron Defense|p2b: Garganacl\n|-boost|p2b: Garganacl|def|2\n|\n|-heal|p1a: Ursaluna|94\/100|[from] Grassy Terrain\n|-heal|p1b: Perrserker|39\/100|[from] Grassy Terrain\n|-heal|p2a: Rillaboom|60\/100|[from] Grassy Terrain\n|-heal|p2b: Garganacl|93\/100|[from] Grassy Terrain\n|-sideend|p1: Bilbo444|move: Tailwind\n|-fieldend|move: Grassy Terrain\n|-status|p1a: Ursaluna|brn|[from] item: Flame Orb\n|upkeep\n|turn|8\n|inactive|Battle timer is ON: inactive players will automatically lose when time's up. (requested by Bilbo444)\n|\n|t:|1700320572\n|move|p1b: Perrserker|Protect|p1b: Perrserker\n|-singleturn|p1b: Perrserker|Protect\n|move|p2a: Rillaboom|Wood Hammer|p1a: Ursaluna\n|-crit|p1a: Ursaluna\n|-damage|p1a: Ursaluna|10\/100 brn\n|-damage|p2a: Rillaboom|30\/100|[from] Recoil\n|move|p1a: Ursaluna|Facade|p2a: Rillaboom\n|-crit|p2a: Rillaboom\n|-damage|p2a: Rillaboom|0 fnt\n|faint|p2a: Rillaboom\n|move|p2b: Garganacl|Salt Cure|p1a: Ursaluna\n|-damage|p1a: Ursaluna|0 fnt\n|faint|p1a: Ursaluna\n|\n|upkeep\n|turn|9\n|\n|t:|1700320591\n|move|p1b: Perrserker|Iron Head|p2b: Garganacl\n|-damage|p2b: Garganacl|83\/100\n|-damage|p1b: Perrserker|29\/100|[from] item: Life Orb\n|move|p2b: Garganacl|Iron Defense|p2b: Garganacl\n|-boost|p2b: Garganacl|def|2\n|\n|upkeep\n|turn|10\n|\n|t:|1700320599\n|move|p1b: Perrserker|Protect|p1b: Perrserker\n|-singleturn|p1b: Perrserker|Protect\n|move|p2b: Garganacl|Salt Cure|p1b: Perrserker\n|-activate|p1b: Perrserker|move: Protect\n|\n|upkeep\n|turn|11\n|\n|t:|1700320606\n|move|p1b: Perrserker|Iron Head|p2b: Garganacl\n|-damage|p2b: Garganacl|75\/100\n|-damage|p1b: Perrserker|20\/100|[from] item: Life Orb\n|move|p2b: Garganacl|Salt Cure|p1b: Perrserker\n|-resisted|p1b: Perrserker\n|-damage|p1b: Perrserker|12\/100\n|-start|p1b: Perrserker|Salt Cure\n|\n|-damage|p1b: Perrserker|0 fnt|[from] Salt Cure\n|faint|p1b: Perrserker\n|\n|win|Kzrjzkz\n|upkeep\n|raw|Bilbo444's rating: 1138 &rarr; <strong>1111<\/strong><br \/>(-27 for losing)\n|raw|Kzrjzkz's rating: 1110 &rarr; <strong>1137<\/strong><br \/>(+27 for winning)\n","uploadtime":1700320614,"views":6,"p1id":"bilbo444","p2id":"kzrjzkz","formatid":"gen9vgc2023regulatione","rating":1111,"private":0,"password":""}