{"id":"gen9vgc2023regulatione-1996321967","p1":"Lu__thewriter","p2":"Solringturn1","format":"[Gen 9] VGC 2023 Regulation E","log":"|j|\u2606Lu__thewriter\n|j|\u2606Solringturn1\n|t:|1700670996\n|gametype|doubles\n|player|p1|Lu__thewriter|265|1285\n|player|p2|Solringturn1|265|1236\n|teamsize|p1|6\n|teamsize|p2|6\n|gen|9\n|tier|[Gen 9] VGC 2023 Regulation E\n|rated|\n|rule|Species Clause: Limit one of each Pok\u00e9mon\n|rule|Item Clause: Limit one of each item\n|clearpoke\n|poke|p1|Urshifu-*, L50, M|\n|poke|p1|Tornadus, L50, M|\n|poke|p1|Chien-Pao, L50|\n|poke|p1|Flutter Mane, L50|\n|poke|p1|Amoonguss, L50, F|\n|poke|p1|Dragonite, L50, F|\n|poke|p2|Ninetales-Alola, L50, F|\n|poke|p2|Baxcalibur, L50, M|\n|poke|p2|Landorus-Therian, L50, M|\n|poke|p2|Garganacl, L50, M|\n|poke|p2|Arcanine-Hisui, L50, M|\n|poke|p2|Rillaboom, L50, M|\n|teampreview|4\n|inactive|Battle timer is ON: inactive players will automatically lose when time's up. (requested by Lu__thewriter)\n|\n|t:|1700671042\n|start\n|switch|p1a: Chien-Pao|Chien-Pao, L50|100\/100\n|switch|p1b: Dragonite|Dragonite, L50, F|100\/100\n|switch|p2a: Ninetales|Ninetales-Alola, L50, F|100\/100\n|switch|p2b: Baxcalibur|Baxcalibur, L50, M|100\/100\n|-ability|p1a: Chien-Pao|Sword of Ruin\n|-weather|Snow|[from] ability: Snow Warning|[of] p2a: Ninetales\n|turn|1\n|inactive|Lu__thewriter has 30 seconds left.\n|\n|t:|1700671069\n|-terastallize|p1b: Dragonite|Normal\n|move|p1b: Dragonite|Extreme Speed|p2b: Baxcalibur\n|-damage|p2b: Baxcalibur|54\/100\n|move|p2b: Baxcalibur|Ice Shard|p1a: Chien-Pao\n|-resisted|p1a: Chien-Pao\n|-damage|p1a: Chien-Pao|90\/100\n|move|p1a: Chien-Pao|Sacred Sword|p2b: Baxcalibur\n|-supereffective|p2b: Baxcalibur\n|-damage|p2b: Baxcalibur|9\/100\n|move|p2a: Ninetales|Aurora Veil|p2a: Ninetales\n|-sidestart|p2: Solringturn1|move: Aurora Veil\n|\n|-weather|Snow|[upkeep]\n|-heal|p2b: Baxcalibur|15\/100|[from] ability: Ice Body\n|-heal|p2b: Baxcalibur|21\/100|[from] item: Leftovers\n|upkeep\n|turn|2\n|inactive|Lu__thewriter has 30 seconds left.\n|\n|t:|1700671098\n|move|p2b: Baxcalibur|Protect|p2b: Baxcalibur\n|-singleturn|p2b: Baxcalibur|Protect\n|move|p1b: Dragonite|Extreme Speed|p2b: Baxcalibur\n|-activate|p2b: Baxcalibur|move: Protect\n|move|p1a: Chien-Pao|Sacred Sword|p2a: Ninetales\n|-damage|p2a: Ninetales|77\/100\n|move|p2a: Ninetales|Icy Wind|p1b: Dragonite|[spread] p1a,p1b\n|-resisted|p1a: Chien-Pao\n|-damage|p1a: Chien-Pao|80\/100\n|-damage|p1b: Dragonite|89\/100\n|-unboost|p1a: Chien-Pao|spe|1\n|-unboost|p1b: Dragonite|spe|1\n|\n|-weather|Snow|[upkeep]\n|-heal|p2b: Baxcalibur|27\/100|[from] ability: Ice Body\n|-heal|p2b: Baxcalibur|33\/100|[from] item: Leftovers\n|upkeep\n|turn|3\n|\n|t:|1700671123\n|move|p1b: Dragonite|Extreme Speed|p2b: Baxcalibur\n|-damage|p2b: Baxcalibur|2\/100\n|move|p1a: Chien-Pao|Sucker Punch|p2a: Ninetales\n|-resisted|p2a: Ninetales\n|-damage|p2a: Ninetales|61\/100\n|move|p2b: Baxcalibur|Ice Shard|p1b: Dragonite\n|-damage|p1b: Dragonite|59\/100\n|move|p2a: Ninetales|Moonblast|p1a: Chien-Pao\n|-supereffective|p1a: Chien-Pao\n|-damage|p1a: Chien-Pao|0 fnt\n|faint|p1a: Chien-Pao\n|\n|-weather|Snow|[upkeep]\n|-heal|p2b: Baxcalibur|8\/100|[from] ability: Ice Body\n|-heal|p2b: Baxcalibur|14\/100|[from] item: Leftovers\n|upkeep\n|\n|t:|1700671142\n|switch|p1a: Urshifu|Urshifu-Rapid-Strike, L50, M|100\/100\n|turn|4\n|\n|t:|1700671152\n|move|p1b: Dragonite|Extreme Speed|p2b: Baxcalibur\n|-damage|p2b: Baxcalibur|0 fnt\n|faint|p2b: Baxcalibur\n|move|p1a: Urshifu|Close Combat|p2a: Ninetales\n|-damage|p2a: Ninetales|27\/100\n|-unboost|p1a: Urshifu|def|1\n|-unboost|p1a: Urshifu|spd|1\n|move|p2a: Ninetales|Icy Wind|p1a: Urshifu|[spread] p1b\n|-miss|p2a: Ninetales|p1a: Urshifu\n|-damage|p1b: Dragonite|46\/100\n|-unboost|p1b: Dragonite|spe|1\n|\n|-weather|Snow|[upkeep]\n|upkeep\n|\n|t:|1700671160\n|switch|p2b: Garganacl|Garganacl, L50, M|100\/100\n|turn|5\n|\n|t:|1700671178\n|-terastallize|p2b: Garganacl|Ghost\n|move|p1b: Dragonite|Extreme Speed|p2a: Ninetales\n|-damage|p2a: Ninetales|0 fnt\n|faint|p2a: Ninetales\n|move|p1a: Urshifu|Close Combat|p2b: Garganacl\n|-immune|p2b: Garganacl\n|move|p2b: Garganacl|Iron Defense|p2b: Garganacl\n|-boost|p2b: Garganacl|def|2\n|\n|-weather|none\n|-sideend|p2: Solringturn1|move: Aurora Veil\n|upkeep\n|\n|t:|1700671184\n|switch|p2a: Arcanine|Arcanine-Hisui, L50, M|100\/100\n|-ability|p2a: Arcanine|Intimidate|boost\n|-unboost|p1a: Urshifu|atk|1\n|-fail|p1b: Dragonite|unboost|Attack|[from] ability: Inner Focus|[of] p1b: Dragonite\n|turn|6\n|inactive|Lu__thewriter has 30 seconds left.\n|inactive|Lu__thewriter has 20 seconds left.\n|inactive|Lu__thewriter has 15 seconds left.\n|inactive|Lu__thewriter has 10 seconds left.\n|\n|t:|1700671230\n|switch|p1a: Tornadus|Tornadus, L50, M|100\/100\n|move|p1b: Dragonite|Extreme Speed|p2a: Arcanine\n|-resisted|p2a: Arcanine\n|-damage|p2a: Arcanine|57\/100\n|move|p2a: Arcanine|Will-O-Wisp|p1a: Tornadus\n|-status|p1a: Tornadus|brn\n|move|p2b: Garganacl|Iron Defense|p2b: Garganacl\n|-boost|p2b: Garganacl|def|2\n|\n|-damage|p1a: Tornadus|95\/100 brn|[from] brn\n|upkeep\n|turn|7\n|\n|t:|1700671254\n|move|p1b: Dragonite|Extreme Speed|p2a: Arcanine\n|-resisted|p2a: Arcanine\n|-crit|p2a: Arcanine\n|-damage|p2a: Arcanine|0 fnt\n|faint|p2a: Arcanine\n|move|p1a: Tornadus|Tailwind|p1a: Tornadus\n|-sidestart|p1: Lu__thewriter|move: Tailwind\n|move|p2b: Garganacl|Body Press|p1b: Dragonite\n|-supereffective|p1b: Dragonite\n|-damage|p1b: Dragonite|0 fnt\n|faint|p1b: Dragonite\n|\n|-damage|p1a: Tornadus|89\/100 brn|[from] brn\n|upkeep\n|\n|t:|1700671269\n|switch|p1b: Urshifu|Urshifu-Rapid-Strike, L50, M|100\/100\n|turn|8\n|\n|t:|1700671276\n|move|p1a: Tornadus|Rain Dance|p1a: Tornadus\n|-weather|RainDance\n|move|p1b: Urshifu|Surging Strikes|p2b: Garganacl\n|-crit|p2b: Garganacl\n|-damage|p2b: Garganacl|82\/100\n|-damage|p1b: Urshifu|84\/100|[from] item: Rocky Helmet|[of] p2b: Garganacl\n|-crit|p2b: Garganacl\n|-damage|p2b: Garganacl|64\/100\n|-damage|p1b: Urshifu|68\/100|[from] item: Rocky Helmet|[of] p2b: Garganacl\n|-crit|p2b: Garganacl\n|-damage|p2b: Garganacl|46\/100\n|-damage|p1b: Urshifu|52\/100|[from] item: Rocky Helmet|[of] p2b: Garganacl\n|-hitcount|p2b: Garganacl|3\n|move|p2b: Garganacl|Body Press|p1a: Tornadus\n|-resisted|p1a: Tornadus\n|-damage|p1a: Tornadus|23\/100 brn\n|\n|-weather|RainDance|[upkeep]\n|-damage|p1a: Tornadus|17\/100 brn|[from] brn\n|upkeep\n|turn|9\n|c|\u2606Solringturn1|Gg\n|inactive|Lu__thewriter has 30 seconds left.\n|\n|t:|1700671303\n|move|p1b: Urshifu|Surging Strikes|p2b: Garganacl\n|-crit|p2b: Garganacl\n|-damage|p2b: Garganacl|27\/100\n|-damage|p1b: Urshifu|36\/100|[from] item: Rocky Helmet|[of] p2b: Garganacl\n|-crit|p2b: Garganacl\n|-damage|p2b: Garganacl|9\/100\n|-damage|p1b: Urshifu|19\/100|[from] item: Rocky Helmet|[of] p2b: Garganacl\n|-crit|p2b: Garganacl\n|-damage|p2b: Garganacl|0 fnt\n|-damage|p1b: Urshifu|3\/100|[from] item: Rocky Helmet|[of] p2b: Garganacl\n|faint|p2b: Garganacl\n|-hitcount|p2: Garganacl|3\n|\n|win|Lu__thewriter\n|raw|Lu__thewriter's rating: 1285 &rarr; <strong>1306<\/strong><br \/>(+21 for winning)\n|raw|Solringturn1's rating: 1236 &rarr; <strong>1215<\/strong><br \/>(-21 for losing)\n|l|\u2606Solringturn1\n","uploadtime":1700671347,"views":1,"p1id":"luthewriter","p2id":"solringturn1","formatid":"gen9vgc2023regulatione","rating":1215,"private":0,"password":""}