{"id":"gen9vgc2023regulatione-1995555589","p1":"Arr Kaydar","p2":"Porkoroso","format":"[Gen 9] VGC 2023 Regulation E","log":"|j|\u2606Arr Kaydar\n|j|\u2606Porkoroso\n|t:|1700582511\n|gametype|doubles\n|player|p1|Arr Kaydar|alder|1137\n|player|p2|Porkoroso|101|1127\n|teamsize|p1|6\n|teamsize|p2|6\n|gen|9\n|tier|[Gen 9] VGC 2023 Regulation E\n|rated|\n|rule|Species Clause: Limit one of each Pok\u00e9mon\n|rule|Item Clause: Limit one of each item\n|clearpoke\n|poke|p1|Landorus-Therian, L50, M|\n|poke|p1|Urshifu-*, L50, F|\n|poke|p1|Ninetales-Alola, L50, F|\n|poke|p1|Baxcalibur, L50, F|\n|poke|p1|Espathra, L50, M|\n|poke|p1|Ogerpon-Wellspring, L50, F|\n|poke|p2|Moltres-Galar, L50|\n|poke|p2|Illumise, L50, F|\n|poke|p2|Abomasnow, L50, M|\n|poke|p2|Sableye, L50, M|\n|poke|p2|Goodra-Hisui, L50, F|\n|poke|p2|Articuno, L50|\n|teampreview|4\n|\n|t:|1700582539\n|start\n|switch|p1a: Gaga|Espathra, L50, M|100\/100\n|switch|p1b: Frosted Tips|Ninetales-Alola, L50, F|100\/100\n|switch|p2a: Goodra|Goodra-Hisui, L50, F, shiny|100\/100\n|switch|p2b: Illumise|Illumise, L50, F, shiny|100\/100\n|-weather|Snow|[from] ability: Snow Warning|[of] p1b: Frosted Tips\n|turn|1\n|inactive|Battle timer is ON: inactive players will automatically lose when time's up. (requested by Porkoroso)\n|\n|t:|1700582558\n|move|p2b: Illumise|Thunder Wave|p1a: Gaga\n|-status|p1a: Gaga|par\n|move|p1b: Frosted Tips|Aurora Veil|p1b: Frosted Tips\n|-sidestart|p1: Arr Kaydar|move: Aurora Veil\n|move|p2a: Goodra|Flash Cannon|p1b: Frosted Tips\n|-supereffective|p1b: Frosted Tips\n|-damage|p1b: Frosted Tips|0 fnt\n|faint|p1b: Frosted Tips\n|cant|p1a: Gaga|par\n|\n|-weather|Snow|[upkeep]\n|-ability|p1a: Gaga|Speed Boost|boost\n|-boost|p1a: Gaga|spe|1\n|upkeep\n|\n|t:|1700582567\n|switch|p1b: Calrissian|Landorus-Therian, L50, M|100\/100\n|-ability|p1b: Calrissian|Intimidate|boost\n|-unboost|p2a: Goodra|atk|1\n|-unboost|p2b: Illumise|atk|1\n|turn|2\n|\n|t:|1700582582\n|move|p2b: Illumise|Charm|p1b: Calrissian\n|-unboost|p1b: Calrissian|atk|2\n|move|p1b: Calrissian|Rock Slide|p2b: Illumise|[spread] p2a,p2b\n|-resisted|p2a: Goodra\n|-supereffective|p2b: Illumise\n|-damage|p2a: Goodra|96\/100\n|-damage|p2b: Illumise|76\/100\n|move|p1a: Gaga|Calm Mind|p1a: Gaga\n|-boost|p1a: Gaga|spa|1\n|-boost|p1a: Gaga|spd|1\n|move|p2a: Goodra|Muddy Water|p1a: Gaga|[spread] p1a,p1b\n|-supereffective|p1b: Calrissian\n|-damage|p1a: Gaga|88\/100 par\n|-damage|p1b: Calrissian|61\/100\n|\n|-weather|Snow|[upkeep]\n|-heal|p2b: Illumise|82\/100|[from] item: Leftovers\n|-heal|p1a: Gaga|94\/100 par|[from] item: Leftovers\n|-ability|p1a: Gaga|Speed Boost|boost\n|-boost|p1a: Gaga|spe|1\n|upkeep\n|turn|3\n|inactive|Arr Kaydar has 30 seconds left.\n|inactive|Porkoroso has 30 seconds left.\n|\n|t:|1700582614\n|-terastallize|p2a: Goodra|Water\n|move|p2b: Illumise|Charm|p1b: Calrissian\n|-unboost|p1b: Calrissian|atk|2\n|move|p1b: Calrissian|Rock Slide|p2a: Goodra|[spread] p2a,p2b\n|-supereffective|p2b: Illumise\n|-damage|p2a: Goodra|90\/100\n|-damage|p2b: Illumise|66\/100\n|move|p1a: Gaga|Calm Mind|p1a: Gaga\n|-boost|p1a: Gaga|spa|1\n|-boost|p1a: Gaga|spd|1\n|move|p2a: Goodra|Muddy Water|p1a: Gaga|[spread] p1a,p1b\n|-supereffective|p1b: Calrissian\n|-damage|p1a: Gaga|79\/100 par\n|-damage|p1b: Calrissian|0 fnt\n|-unboost|p1a: Gaga|accuracy|1\n|faint|p1b: Calrissian\n|\n|-weather|Snow|[upkeep]\n|-heal|p1a: Gaga|85\/100 par|[from] item: Leftovers\n|-heal|p2b: Illumise|72\/100|[from] item: Leftovers\n|-ability|p1a: Gaga|Speed Boost|boost\n|-boost|p1a: Gaga|spe|1\n|upkeep\n|\n|t:|1700582632\n|switch|p1b: Jackie|Urshifu, L50, F|100\/100\n|turn|4\n|\n|t:|1700582645\n|move|p1b: Jackie|Detect|p1b: Jackie\n|-singleturn|p1b: Jackie|Protect\n|move|p2b: Illumise|Tailwind|p2b: Illumise\n|-sidestart|p2: Porkoroso|move: Tailwind\n|move|p2a: Goodra|Muddy Water|p1a: Gaga|[spread] p1a\n|-activate|p1b: Jackie|move: Protect\n|-damage|p1a: Gaga|69\/100 par\n|move|p1a: Gaga|Stored Power|p2b: Illumise|[miss]\n|-miss|p1a: Gaga|p2b: Illumise\n|\n|-weather|Snow|[upkeep]\n|-heal|p2b: Illumise|78\/100|[from] item: Leftovers\n|-heal|p1a: Gaga|75\/100 par|[from] item: Leftovers\n|-ability|p1a: Gaga|Speed Boost|boost\n|-boost|p1a: Gaga|spe|1\n|upkeep\n|turn|5\n|\n|t:|1700582668\n|move|p2b: Illumise|Fake Tears|p1a: Gaga\n|-unboost|p1a: Gaga|spd|2\n|cant|p1a: Gaga|par\n|move|p1b: Jackie|Wicked Blow|p2b: Illumise\n|-crit|p2b: Illumise\n|-damage|p2b: Illumise|11\/100\n|move|p2a: Goodra|Muddy Water|p1a: Gaga|[spread] p1a,p1b\n|-damage|p1a: Gaga|42\/100 par\n|-damage|p1b: Jackie|67\/100\n|-unboost|p1a: Gaga|accuracy|1\n|-unboost|p1b: Jackie|accuracy|1\n|\n|-weather|none\n|-heal|p2b: Illumise|17\/100|[from] item: Leftovers\n|-heal|p1a: Gaga|48\/100 par|[from] item: Leftovers\n|-ability|p1a: Gaga|Speed Boost|boost\n|-boost|p1a: Gaga|spe|1\n|upkeep\n|turn|6\n|\n|t:|1700582689\n|move|p2b: Illumise|Fake Tears|p1a: Gaga\n|-unboost|p1a: Gaga|spd|2\n|move|p1a: Gaga|Dazzling Gleam|p2a: Goodra|[spread] p2a\n|-miss|p1a: Gaga|p2b: Illumise\n|-damage|p2a: Goodra|65\/100\n|move|p1b: Jackie|Thunder Punch|p2a: Goodra\n|-supereffective|p2a: Goodra\n|-damage|p2a: Goodra|0 fnt\n|faint|p2a: Goodra\n|\n|-heal|p1a: Gaga|54\/100 par|[from] item: Leftovers\n|-heal|p2b: Illumise|23\/100|[from] item: Leftovers\n|-ability|p1a: Gaga|Speed Boost|boost\n|-boost|p1a: Gaga|spe|1\n|upkeep\n|\n|t:|1700582708\n|switch|p2a: Moltres|Moltres-Galar, L50|100\/100\n|turn|7\n|\n|t:|1700582722\n|move|p1b: Jackie|Detect|p1b: Jackie\n|-singleturn|p1b: Jackie|Protect\n|move|p2b: Illumise|Fake Tears|p1a: Gaga\n|-unboost|p1a: Gaga|spd|2\n|move|p2a: Moltres|Nasty Plot|p2a: Moltres\n|-boost|p2a: Moltres|spa|2\n|cant|p1a: Gaga|par\n|\n|-heal|p1a: Gaga|60\/100 par|[from] item: Leftovers\n|-heal|p2b: Illumise|30\/100|[from] item: Leftovers\n|-sideend|p2: Porkoroso|move: Tailwind\n|upkeep\n|turn|8\n|\n|t:|1700582738\n|-terastallize|p1a: Gaga|Fairy\n|move|p2b: Illumise|Tailwind|p2b: Illumise\n|-sidestart|p2: Porkoroso|move: Tailwind\n|move|p2a: Moltres|Fiery Wrath|p1a: Gaga|[spread] p1a,p1b\n|-resisted|p1a: Gaga\n|-resisted|p1b: Jackie\n|-damage|p1a: Gaga|0 fnt\n|-damage|p1b: Jackie|52\/100\n|faint|p1a: Gaga\n|cant|p1b: Jackie|flinch\n|\n|-heal|p2b: Illumise|36\/100|[from] item: Leftovers\n|-sideend|p1: Arr Kaydar|move: Aurora Veil\n|upkeep\n|turn|9\n|\n|t:|1700582754\n|switch|p2b: Sableye|Sableye, L50, M, shiny|100\/100\n|move|p2a: Moltres|Fiery Wrath|p1b: Jackie\n|-resisted|p1b: Jackie\n|-crit|p1b: Jackie\n|-damage|p1b: Jackie|7\/100\n|cant|p1b: Jackie|flinch\n|\n|upkeep\n|turn|10\n|\n|t:|1700582769\n|move|p2b: Sableye|Helping Hand|p2a: Moltres\n|-singleturn|p2a: Moltres|Helping Hand|[of] p2b: Sableye\n|move|p2a: Moltres|Fiery Wrath|p1b: Jackie\n|-resisted|p1b: Jackie\n|-crit|p1b: Jackie\n|-damage|p1b: Jackie|0 fnt\n|faint|p1b: Jackie\n|\n|win|Porkoroso\n|raw|Arr Kaydar's rating: 1137 &rarr; <strong>1111<\/strong><br \/>(-26 for losing)\n|raw|Porkoroso's rating: 1127 &rarr; <strong>1153<\/strong><br \/>(+26 for winning)\n|l|\u2606Porkoroso\n","uploadtime":1700582783,"views":2,"p1id":"arrkaydar","p2id":"porkoroso","formatid":"gen9vgc2023regulatione","rating":1111,"private":0,"password":""}