{"id":"gen9vgc2023regulatione-1993190530","p1":"Abro hilo","p2":"legndrygoatedXD69","format":"[Gen 9] VGC 2023 Regulation E","log":"|j|\u2606Abro hilo\n|j|\u2606legndrygoatedXD69\n|t:|1700275918\n|gametype|doubles\n|player|p1|Abro hilo|pilot|1403\n|player|p2|legndrygoatedXD69|iono|1369\n|teamsize|p1|6\n|teamsize|p2|6\n|gen|9\n|tier|[Gen 9] VGC 2023 Regulation E\n|rated|\n|rule|Species Clause: Limit one of each Pok\u00e9mon\n|rule|Item Clause: Limit one of each item\n|clearpoke\n|poke|p1|Empoleon, L50, M|\n|poke|p1|Arcanine-Hisui, L50, M|\n|poke|p1|Landorus-Therian, L50, M|\n|poke|p1|Iron Hands, L50|\n|poke|p1|Flutter Mane, L50|\n|poke|p1|Amoonguss, L50, M|\n|poke|p2|Chien-Pao, L50|\n|poke|p2|Landorus-Therian, L50, M|\n|poke|p2|Urshifu-*, L50, F|\n|poke|p2|Tornadus, L50, M|\n|poke|p2|Farigiraf, L50, F|\n|poke|p2|Roaring Moon, L50|\n|teampreview|4\n|inactive|Battle timer is ON: inactive players will automatically lose when time's up. (requested by Abro hilo)\n|\n|t:|1700275975\n|start\n|switch|p1a: Arcanine|Arcanine-Hisui, L50, M, shiny|100\/100\n|switch|p1b: Amoonguss|Amoonguss, L50, M, shiny|100\/100\n|switch|p2a: Chien-Pao|Chien-Pao, L50|100\/100\n|switch|p2b: Urshifu|Urshifu, L50, F|100\/100\n|-ability|p2a: Chien-Pao|Sword of Ruin\n|-ability|p1a: Arcanine|Intimidate|boost\n|-unboost|p2a: Chien-Pao|atk|1\n|-unboost|p2b: Urshifu|atk|1\n|turn|1\n|\n|t:|1700275997\n|-terastallize|p1a: Arcanine|Fairy\n|move|p2a: Chien-Pao|Icicle Crash|p1b: Amoonguss\n|-supereffective|p1b: Amoonguss\n|-damage|p1b: Amoonguss|38\/100\n|move|p1a: Arcanine|Tera Blast|p2b: Urshifu|[anim] Tera Blast Fairy\n|-supereffective|p2b: Urshifu\n|-damage|p2b: Urshifu|0 fnt\n|faint|p2b: Urshifu\n|cant|p1b: Amoonguss|flinch\n|\n|upkeep\n|\n|t:|1700276013\n|switch|p2b: Landorus|Landorus-Therian, L50, M|100\/100\n|-ability|p2b: Landorus|Intimidate|boost\n|-unboost|p1a: Arcanine|atk|1\n|-unboost|p1b: Amoonguss|atk|1\n|turn|2\n|\n|t:|1700276029\n|switch|p1b: Flutter Mane|Flutter Mane, L50|100\/100\n|-terastallize|p2b: Landorus|Flying\n|move|p2a: Chien-Pao|Icicle Crash|p1b: Flutter Mane\n|-damage|p1b: Flutter Mane|5\/100\n|move|p1a: Arcanine|Tera Blast|p2a: Chien-Pao|[anim] Tera Blast Fairy\n|-supereffective|p2a: Chien-Pao\n|-damage|p2a: Chien-Pao|27\/100\n|move|p2b: Landorus|Tera Blast|p1a: Arcanine|[anim] Tera Blast Flying\n|-damage|p1a: Arcanine|0 fnt\n|faint|p1a: Arcanine\n|\n|upkeep\n|\n|t:|1700276044\n|switch|p1a: Empoleon|Empoleon, L50, M, shiny|100\/100\n|turn|3\n|\n|t:|1700276057\n|move|p1a: Empoleon|Vacuum Wave|p2a: Chien-Pao\n|-supereffective|p2a: Chien-Pao\n|-damage|p2a: Chien-Pao|0 fnt\n|faint|p2a: Chien-Pao\n|move|p1b: Flutter Mane|Moonblast|p2b: Landorus\n|-crit|p2b: Landorus\n|-damage|p2b: Landorus|10\/100\n|move|p2b: Landorus|Tera Blast|p1a: Empoleon|[anim] Tera Blast Flying\n|-resisted|p1a: Empoleon\n|-damage|p1a: Empoleon|56\/100\n|\n|upkeep\n|\n|t:|1700276066\n|switch|p2a: Tornadus|Tornadus, L50, M|100\/100\n|turn|4\n|\n|t:|1700276079\n|move|p2a: Tornadus|Tailwind|p2a: Tornadus\n|-sidestart|p2: legndrygoatedXD69|move: Tailwind\n|move|p2b: Landorus|Tera Blast|p1a: Empoleon|[anim] Tera Blast Flying\n|-resisted|p1a: Empoleon\n|-crit|p1a: Empoleon\n|-damage|p1a: Empoleon|0 fnt\n|faint|p1a: Empoleon\n|move|p1b: Flutter Mane|Dazzling Gleam|p2a: Tornadus|[spread] p2a,p2b\n|-damage|p2a: Tornadus|52\/100\n|-damage|p2b: Landorus|0 fnt\n|faint|p2b: Landorus\n|\n|upkeep\n|\n|t:|1700276088\n|switch|p1a: Amoonguss|Amoonguss, L50, M, shiny|71\/100\n|turn|5\n|\n|t:|1700276093\n|move|p1b: Flutter Mane|Protect|p1b: Flutter Mane\n|-singleturn|p1b: Flutter Mane|Protect\n|move|p2a: Tornadus|Bleakwind Storm|p1b: Flutter Mane|[spread] p1a\n|-activate|p1b: Flutter Mane|move: Protect\n|-supereffective|p1a: Amoonguss\n|-damage|p1a: Amoonguss|14\/100\n|-unboost|p1a: Amoonguss|spe|1\n|move|p1a: Amoonguss|Spore|p2a: Tornadus\n|-status|p2a: Tornadus|slp|[from] move: Spore\n|\n|upkeep\n|turn|6\n|\n|t:|1700276106\n|cant|p2a: Tornadus|slp\n|move|p1b: Flutter Mane|Moonblast|p2a: Tornadus\n|-damage|p2a: Tornadus|0 fnt\n|faint|p2a: Tornadus\n|\n|win|Abro hilo\n|raw|Abro hilo's rating: 1403 &rarr; <strong>1421<\/strong><br \/>(+18 for winning)\n|raw|legndrygoatedXD69's rating: 1369 &rarr; <strong>1351<\/strong><br \/>(-18 for losing)\n|l|\u2606legndrygoatedXD69\n","uploadtime":1700276115,"views":12,"p1id":"abrohilo","p2id":"legndrygoatedxd69","formatid":"gen9vgc2023regulatione","rating":1351,"private":0,"password":""}