{"id":"gen9vgc2023regulatione-1992794528","p1":"Dan el Soldador","p2":"Pizza222","format":"[Gen 9] VGC 2023 Regulation E","log":"|j|\u2606Dan el Soldador\n|j|\u2606Pizza222\n|t:|1700236045\n|gametype|doubles\n|player|p1|Dan el Soldador|steven|1123\n|player|p2|Pizza222|sailor|1171\n|teamsize|p1|6\n|teamsize|p2|6\n|gen|9\n|tier|[Gen 9] VGC 2023 Regulation E\n|rated|\n|rule|Species Clause: Limit one of each Pok\u00e9mon\n|rule|Item Clause: Limit one of each item\n|clearpoke\n|poke|p1|Empoleon, L50, M|\n|poke|p1|Iron Hands, L50|\n|poke|p1|Landorus-Therian, L50, M|\n|poke|p1|Flutter Mane, L50|\n|poke|p1|Farigiraf, L50, M|\n|poke|p1|Ogerpon-Hearthflame, L50, F|\n|poke|p2|Dondozo, L50, M|\n|poke|p2|Tatsugiri, L50, F|\n|poke|p2|Flamigo, L50, M|\n|poke|p2|Indeedee-F, L50, F|\n|poke|p2|Dragonite, L50, M|\n|poke|p2|Sinistcha-Masterpiece, L50|\n|teampreview|4\n|inactive|Battle timer is ON: inactive players will automatically lose when time's up. (requested by Pizza222)\n|\n|t:|1700236070\n|start\n|switch|p1a: Iron Hands|Iron Hands, L50|100\/100\n|switch|p1b: Landorus|Landorus-Therian, L50, M|100\/100\n|switch|p2a: Sinistcha|Sinistcha-Masterpiece, L50|100\/100\n|switch|p2b: Tatsugiri|Tatsugiri, L50, F, shiny|100\/100\n|-ability|p1b: Landorus|Intimidate|boost\n|-unboost|p2a: Sinistcha|atk|1\n|-unboost|p2b: Tatsugiri|atk|1\n|turn|1\n|\n|t:|1700236091\n|move|p2b: Tatsugiri|Endure|p2b: Tatsugiri\n|-singleturn|p2b: Tatsugiri|move: Endure\n|move|p1b: Landorus|U-turn|p2a: Sinistcha\n|-damage|p2a: Sinistcha|73\/100\n|\n|t:|1700236098\n|switch|p1b: Empoleon|Empoleon, L50, M|100\/100|[from] U-turn\n|move|p2a: Sinistcha|Matcha Gotcha|p1b: Empoleon|[spread] p1a,p1b\n|-damage|p1a: Iron Hands|75\/100\n|-heal|p2a: Sinistcha|91\/100|[from] drain|[of] p1a: Iron Hands\n|-damage|p1b: Empoleon|72\/100\n|-heal|p2a: Sinistcha|100\/100|[from] drain|[of] p1b: Empoleon\n|move|p1a: Iron Hands|Wild Charge|p2b: Tatsugiri\n|-damage|p2b: Tatsugiri|2\/100\n|-damage|p1a: Iron Hands|61\/100|[from] Recoil\n|\n|-heal|p1b: Empoleon|77\/100|[from] item: Leftovers\n|-status|p2b: Tatsugiri|tox|[from] item: Toxic Orb\n|upkeep\n|turn|2\n|inactive|Dan el Soldador has 30 seconds left.\n|\n|t:|1700236127\n|switch|p2a: Dondozo|Dondozo, L50, M, shiny|100\/100\n|-activate|p2b: Tatsugiri|ability: Commander|[of] p2a: Dondozo\n|-boost|p2a: Dondozo|atk|2\n|-boost|p2a: Dondozo|spa|2\n|-boost|p2a: Dondozo|spe|2\n|-boost|p2a: Dondozo|def|2\n|-boost|p2a: Dondozo|spd|2\n|move|p1b: Empoleon|Ice Beam|p2b: Tatsugiri|[miss]\n|-miss|p1b: Empoleon|p2b: Tatsugiri\n|move|p1a: Iron Hands|Heavy Slam|p2a: Dondozo\n|-resisted|p2a: Dondozo\n|-damage|p2a: Dondozo|98\/100\n|\n|-heal|p1b: Empoleon|83\/100|[from] item: Leftovers\n|-damage|p2b: Tatsugiri|0 fnt|[from] psn\n|faint|p2b: Tatsugiri\n|upkeep\n|\n|t:|1700236142\n|switch|p2b: Flamigo|Flamigo, L50, M|100\/100\n|-copyboost|p2b: Flamigo|p2a: Dondozo|[from] ability: Costar\n|turn|3\n|c|\u2606Pizza222|get prepared\n|inactive|Dan el Soldador has 30 seconds left.\n|\n|t:|1700236174\n|move|p2b: Flamigo|Close Combat|p1a: Iron Hands\n|-damage|p1a: Iron Hands|0 fnt\n|-unboost|p2b: Flamigo|def|1\n|-unboost|p2b: Flamigo|spd|1\n|faint|p1a: Iron Hands\n|-end|p1a: Iron Hands|Quark Drive|[silent]\n|-damage|p2b: Flamigo|91\/100|[from] item: Life Orb\n|move|p2a: Dondozo|Earthquake|p1b: Empoleon|[spread] p1b\n|-immune|p2b: Flamigo\n|-supereffective|p1b: Empoleon\n|-damage|p1b: Empoleon|2\/100\n|move|p1b: Empoleon|Ice Beam|p2b: Flamigo\n|-supereffective|p2b: Flamigo\n|-damage|p2b: Flamigo|37\/100\n|\n|-heal|p1b: Empoleon|7\/100|[from] item: Leftovers\n|upkeep\n|\n|t:|1700236191\n|switch|p1a: Landorus|Landorus-Therian, L50, M|100\/100\n|-ability|p1a: Landorus|Intimidate|boost\n|-fail|p2a: Dondozo|unboost|[from] item: Clear Amulet|[of] p2a: Dondozo\n|-unboost|p2b: Flamigo|atk|1\n|turn|4\n|inactive|Dan el Soldador has 30 seconds left.\n|inactive|Pizza222 has 30 seconds left.\n|inactive|Dan el Soldador has 20 seconds left.\n|c|\u2606Dan el Soldador|Nice strategy\n|inactive|Dan el Soldador has 15 seconds left.\n|inactive|Dan el Soldador has 10 seconds left.\n|inactive|Dan el Soldador has 5 seconds left.\n|\n|t:|1700236244\n|move|p2b: Flamigo|Feint|p1b: Empoleon\n|-resisted|p1b: Empoleon\n|-damage|p1b: Empoleon|0 fnt\n|faint|p1b: Empoleon\n|-damage|p2b: Flamigo|28\/100|[from] item: Life Orb\n|move|p1a: Landorus|Stomping Tantrum|p2a: Dondozo\n|-damage|p2a: Dondozo|82\/100\n|move|p2a: Dondozo|Wave Crash|p1a: Landorus\n|-supereffective|p1a: Landorus\n|-damage|p1a: Landorus|0 fnt\n|faint|p1a: Landorus\n|-damage|p2a: Dondozo|56\/100|[from] Recoil\n|\n|upkeep\n|c|\u2606Pizza222|thx\n|\n|t:|1700236260\n|switch|p1a: Flutter Mane|Flutter Mane, L50|100\/100\n|-enditem|p1a: Flutter Mane|Booster Energy\n|-activate|p1a: Flutter Mane|ability: Protosynthesis|[fromitem]\n|-start|p1a: Flutter Mane|protosynthesisspe\n|turn|5\n|\n|t:|1700236271\n|-terastallize|p1a: Flutter Mane|Fairy\n|move|p2b: Flamigo|Feint|p1a: Flutter Mane\n|-damage|p1a: Flutter Mane|56\/100\n|-damage|p2b: Flamigo|18\/100|[from] item: Life Orb\n|move|p1a: Flutter Mane|Moonblast|p2b: Flamigo\n|-supereffective|p2b: Flamigo\n|-damage|p2b: Flamigo|0 fnt\n|faint|p2b: Flamigo\n|move|p2a: Dondozo|Wave Crash|p1a: Flutter Mane\n|-damage|p1a: Flutter Mane|0 fnt\n|faint|p1a: Flutter Mane\n|-end|p1a: Flutter Mane|Protosynthesis|[silent]\n|-damage|p2a: Dondozo|45\/100|[from] Recoil\n|\n|win|Pizza222\n|raw|Dan el Soldador's rating: 1123 &rarr; <strong>1101<\/strong><br \/>(-22 for losing)\n|raw|Pizza222's rating: 1171 &rarr; <strong>1193<\/strong><br \/>(+22 for winning)\n|l|\u2606Pizza222\n","uploadtime":1700236299,"views":26,"p1id":"danelsoldador","p2id":"pizza222","formatid":"gen9vgc2023regulatione","rating":1101,"private":0,"password":""}