{"id":"gen9vgc2023regulatione-1988996868","p1":"MasterJalan","p2":"Jinthewindmaster","format":"[Gen 9] VGC 2023 Regulation E","log":"|j|\u2606MasterJalan\n|j|\u2606Jinthewindmaster\n|t:|1699800081\n|gametype|doubles\n|player|p1|MasterJalan|marshal|1209\n|player|p2|Jinthewindmaster|bruno|1191\n|teamsize|p1|6\n|teamsize|p2|6\n|gen|9\n|tier|[Gen 9] VGC 2023 Regulation E\n|rated|\n|rule|Species Clause: Limit one of each Pok\u00e9mon\n|rule|Item Clause: Limit one of each item\n|clearpoke\n|poke|p1|Farigiraf, L50, M|\n|poke|p1|Milotic, L50, F|\n|poke|p1|Ceruledge, L50, M|\n|poke|p1|Baxcalibur, L50, M|\n|poke|p1|Luxray, L50, F|\n|poke|p1|Meowscarada, L50, F|\n|poke|p2|Indeedee, L50, M|\n|poke|p2|Armarouge, L50, M|\n|poke|p2|Amoonguss, L50, F|\n|poke|p2|Iron Hands, L50|\n|poke|p2|Tornadus, L50, M|\n|poke|p2|Urshifu-*, L50, M|\n|teampreview|4\n|inactive|Battle timer is ON: inactive players will automatically lose when time's up. (requested by MasterJalan)\n|inactive|Jinthewindmaster has 60 seconds left.\n|\n|t:|1699800119\n|start\n|switch|p1a: Luxray|Luxray, L50, F, shiny|100\/100\n|switch|p1b: Farigiraf|Farigiraf, L50, M, shiny|100\/100\n|switch|p2a: Amoonguss|Amoonguss, L50, F, shiny|100\/100\n|switch|p2b: Iron Hands|Iron Hands, L50, shiny|100\/100\n|-ability|p1a: Luxray|Intimidate|boost\n|-unboost|p2a: Amoonguss|atk|1\n|-unboost|p2b: Iron Hands|atk|1\n|turn|1\n|\n|t:|1699800138\n|-terastallize|p2a: Amoonguss|Fire\n|move|p1a: Luxray|Helping Hand|p1b: Farigiraf\n|-singleturn|p1b: Farigiraf|Helping Hand|[of] p1a: Luxray\n|move|p1b: Farigiraf|Psychic|p2a: Amoonguss\n|-damage|p2a: Amoonguss|49\/100\n|move|p2b: Iron Hands|Swords Dance|p2b: Iron Hands\n|-boost|p2b: Iron Hands|atk|2\n|move|p2a: Amoonguss|Spore|p1b: Farigiraf\n|-status|p1b: Farigiraf|slp|[from] move: Spore\n|\n|upkeep\n|turn|2\n|inactive|MasterJalan has 30 seconds left.\n|inactive|MasterJalan has 20 seconds left.\n|\n|t:|1699800176\n|move|p1a: Luxray|Wild Charge|p2a: Amoonguss\n|-damage|p2a: Amoonguss|8\/100\n|-damage|p1a: Luxray|88\/100|[from] Recoil\n|cant|p1b: Farigiraf|slp\n|move|p2b: Iron Hands|Swords Dance|p2b: Iron Hands\n|-boost|p2b: Iron Hands|atk|2\n|move|p2a: Amoonguss|Spore|p1a: Luxray\n|-status|p1a: Luxray|slp|[from] move: Spore\n|\n|upkeep\n|turn|3\n|\n|t:|1699800194\n|switch|p2a: Indeedee|Indeedee, L50, M|100\/100\n|-fieldstart|move: Psychic Terrain|[from] ability: Psychic Surge|[of] p2a: Indeedee\n|cant|p1a: Luxray|slp\n|-curestatus|p1b: Farigiraf|slp|[msg]\n|move|p1b: Farigiraf|Psychic|p2b: Iron Hands\n|-supereffective|p2b: Iron Hands\n|-damage|p2b: Iron Hands|30\/100\n|-enditem|p2b: Iron Hands|Sitrus Berry|[eat]\n|-heal|p2b: Iron Hands|55\/100|[from] item: Sitrus Berry\n|move|p2b: Iron Hands|Ice Punch|p1b: Farigiraf\n|-damage|p1b: Farigiraf|48\/100\n|-enditem|p1b: Farigiraf|Sitrus Berry|[eat]\n|-heal|p1b: Farigiraf|72\/100|[from] item: Sitrus Berry\n|\n|upkeep\n|turn|4\n|inactive|Jinthewindmaster has 30 seconds left.\n|inactive|Jinthewindmaster has 20 seconds left.\n|inactive|Jinthewindmaster has 15 seconds left.\n|inactive|Jinthewindmaster has 10 seconds left.\n|inactive|Jinthewindmaster has 5 seconds left.\n|\n|t:|1699800247\n|cant|p1a: Luxray|slp\n|move|p2b: Iron Hands|Detect|p2b: Iron Hands\n|-singleturn|p2b: Iron Hands|Protect\n|move|p2a: Indeedee|Dazzling Gleam|p1b: Farigiraf|[spread] p1a,p1b\n|-damage|p1a: Luxray|65\/100 slp\n|-damage|p1b: Farigiraf|57\/100\n|move|p1b: Farigiraf|Psychic|p2b: Iron Hands\n|-activate|p2b: Iron Hands|move: Protect\n|\n|upkeep\n|turn|5\n|\n|t:|1699800261\n|-end|p2b: Iron Hands|Quark Drive|[silent]\n|switch|p2b: Armarouge|Armarouge, L50, M, shiny|100\/100\n|cant|p1a: Luxray|slp\n|move|p2a: Indeedee|Dazzling Gleam|p1b: Farigiraf|[spread] p1a,p1b\n|-crit|p1b: Farigiraf\n|-damage|p1a: Luxray|42\/100 slp\n|-damage|p1b: Farigiraf|31\/100\n|move|p1b: Farigiraf|Psychic|p2b: Armarouge\n|-resisted|p2b: Armarouge\n|-damage|p2b: Armarouge|73\/100\n|\n|upkeep\n|turn|6\n|\n|t:|1699800284\n|move|p2a: Indeedee|Dazzling Gleam|p1a: Luxray|[spread] p1a,p1b\n|-damage|p1a: Luxray|22\/100 slp\n|-damage|p1b: Farigiraf|15\/100\n|move|p2b: Armarouge|Expanding Force|p1b: Farigiraf|[spread] p1a,p1b\n|-resisted|p1b: Farigiraf\n|-damage|p1a: Luxray|0 fnt\n|-damage|p1b: Farigiraf|0 fnt\n|faint|p1a: Luxray\n|faint|p1b: Farigiraf\n|-damage|p2b: Armarouge|64\/100|[from] item: Life Orb\n|\n|upkeep\n|\n|t:|1699800291\n|switch|p1a: Baxcalibur|Baxcalibur, L50, M|100\/100\n|switch|p1b: Milotic|Milotic, L50, F, shiny|100\/100\n|turn|7\n|\n|t:|1699800308\n|move|p2a: Indeedee|Dazzling Gleam|p1a: Baxcalibur|[spread] p1a,p1b\n|-supereffective|p1a: Baxcalibur\n|-damage|p1a: Baxcalibur|64\/100\n|-damage|p1b: Milotic|91\/100\n|move|p1a: Baxcalibur|High Horsepower|p2b: Armarouge\n|-supereffective|p2b: Armarouge\n|-damage|p2b: Armarouge|0 fnt\n|faint|p2b: Armarouge\n|move|p1b: Milotic|Scald|p2a: Indeedee\n|-damage|p2a: Indeedee|58\/100\n|\n|-fieldend|move: Psychic Terrain\n|upkeep\n|inactive|Jinthewindmaster has 30 seconds left.\n|\n|t:|1699800335\n|switch|p2b: Iron Hands|Iron Hands, L50, shiny|55\/100\n|turn|8\n|\n|t:|1699800344\n|-terastallize|p1b: Milotic|Fairy\n|move|p2b: Iron Hands|Detect|p2b: Iron Hands\n|-singleturn|p2b: Iron Hands|Protect\n|move|p2a: Indeedee|Dazzling Gleam|p1a: Baxcalibur|[spread] p1a,p1b\n|-supereffective|p1a: Baxcalibur\n|-crit|p1a: Baxcalibur\n|-damage|p1a: Baxcalibur|8\/100\n|-damage|p1b: Milotic|81\/100\n|move|p1a: Baxcalibur|High Horsepower|p2b: Iron Hands\n|-activate|p2b: Iron Hands|move: Protect\n|move|p1b: Milotic|Draining Kiss|p2b: Iron Hands\n|-activate|p2b: Iron Hands|move: Protect\n|\n|upkeep\n|turn|9\n|\n|t:|1699800361\n|-end|p2b: Iron Hands|Quark Drive|[silent]\n|switch|p2b: Amoonguss|Amoonguss, L50, F, shiny, tera:Fire|42\/100\n|move|p2a: Indeedee|Dazzling Gleam|p1b: Milotic|[spread] p1a,p1b\n|-supereffective|p1a: Baxcalibur\n|-crit|p1a: Baxcalibur\n|-damage|p1a: Baxcalibur|0 fnt\n|-damage|p1b: Milotic|72\/100\n|faint|p1a: Baxcalibur\n|move|p1b: Milotic|Draining Kiss|p2b: Amoonguss\n|-resisted|p2b: Amoonguss\n|-damage|p2b: Amoonguss|32\/100\n|-heal|p1b: Milotic|79\/100|[from] drain|[of] p2b: Amoonguss\n|\n|upkeep\n|turn|10\n|\n|t:|1699800381\n|switch|p2b: Iron Hands|Iron Hands, L50, shiny|55\/100\n|move|p2a: Indeedee|Dazzling Gleam|p1b: Milotic\n|-damage|p1b: Milotic|65\/100\n|move|p1b: Milotic|Scald|p2b: Iron Hands\n|-damage|p2b: Iron Hands|30\/100\n|\n|upkeep\n|turn|11\n|\n|t:|1699800393\n|move|p2b: Iron Hands|Detect|p2b: Iron Hands\n|-singleturn|p2b: Iron Hands|Protect\n|move|p2a: Indeedee|Dazzling Gleam|p1b: Milotic\n|-damage|p1b: Milotic|53\/100\n|move|p1b: Milotic|Draining Kiss|p2b: Iron Hands\n|-activate|p2b: Iron Hands|move: Protect\n|\n|upkeep\n|turn|12\n|\n|t:|1699800406\n|-end|p2b: Iron Hands|Quark Drive|[silent]\n|switch|p2b: Amoonguss|Amoonguss, L50, F, shiny, tera:Fire|65\/100\n|move|p2a: Indeedee|Dazzling Gleam|p1b: Milotic\n|-damage|p1b: Milotic|40\/100\n|move|p1b: Milotic|Draining Kiss|p2b: Amoonguss\n|-resisted|p2b: Amoonguss\n|-damage|p2b: Amoonguss|53\/100\n|-heal|p1b: Milotic|49\/100|[from] drain|[of] p2b: Amoonguss\n|\n|upkeep\n|turn|13\n|\n|t:|1699800427\n|switch|p2b: Iron Hands|Iron Hands, L50, shiny|30\/100\n|move|p2a: Indeedee|Dazzling Gleam|p1b: Milotic\n|-damage|p1b: Milotic|35\/100\n|move|p1b: Milotic|Scald|p2b: Iron Hands\n|-damage|p2b: Iron Hands|5\/100\n|-status|p2b: Iron Hands|brn\n|\n|-damage|p2b: Iron Hands|0 fnt|[from] brn\n|faint|p2b: Iron Hands\n|-end|p2b: Iron Hands|Quark Drive|[silent]\n|upkeep\n|\n|t:|1699800440\n|switch|p2b: Amoonguss|Amoonguss, L50, F, shiny, tera:Fire|86\/100\n|turn|14\n|\n|t:|1699800448\n|move|p2a: Indeedee|Dazzling Gleam|p1b: Milotic\n|-damage|p1b: Milotic|23\/100\n|move|p1b: Milotic|Scald|p2b: Amoonguss\n|-supereffective|p2b: Amoonguss\n|-damage|p2b: Amoonguss|26\/100\n|move|p2b: Amoonguss|Spore|p1b: Milotic\n|-status|p1b: Milotic|slp|[from] move: Spore\n|\n|upkeep\n|turn|15\n|\n|t:|1699800461\n|move|p2a: Indeedee|Dazzling Gleam|p1b: Milotic\n|-damage|p1b: Milotic|9\/100 slp\n|cant|p1b: Milotic|slp\n|move|p2b: Amoonguss|Sludge Bomb|p1b: Milotic\n|-supereffective|p1b: Milotic\n|-damage|p1b: Milotic|0 fnt\n|faint|p1b: Milotic\n|\n|win|Jinthewindmaster\n|raw|MasterJalan's rating: 1209 &rarr; <strong>1183<\/strong><br \/>(-26 for losing)\n|raw|Jinthewindmaster's rating: 1191 &rarr; <strong>1217<\/strong><br \/>(+26 for winning)\n|l|\u2606MasterJalan\n","uploadtime":1699800473,"views":19,"p1id":"masterjalan","p2id":"jinthewindmaster","formatid":"gen9vgc2023regulatione","rating":1183,"private":0,"password":""}