{"id":"gen9vgc2023regulatione-1994501842","p1":"MochaMatcha","p2":"TheTaxCat","format":"[Gen 9] VGC 2023 Regulation E","log":"|j|\u2606MochaMatcha\n|j|\u2606TheTaxCat\n|t:|1700451453\n|gametype|doubles\n|player|p1|MochaMatcha|marnie|1051\n|player|p2|TheTaxCat|acetrainersnowf|1153\n|teamsize|p1|6\n|teamsize|p2|6\n|gen|9\n|tier|[Gen 9] VGC 2023 Regulation E\n|rated|\n|rule|Species Clause: Limit one of each Pok\u00e9mon\n|rule|Item Clause: Limit one of each item\n|clearpoke\n|poke|p1|Azumarill, L50, M|\n|poke|p1|Farigiraf, L50, M|\n|poke|p1|Gholdengo, L50|\n|poke|p1|Regidrago, L50|\n|poke|p1|Sinistcha-Masterpiece, L50|\n|poke|p1|Dunsparce, L50, M|\n|poke|p2|Meowscarada, L50, M|\n|poke|p2|Rillaboom, L50, F|\n|poke|p2|Sneasler, L50, M|\n|poke|p2|Regieleki, L50|\n|poke|p2|Heatran, L50, M|\n|poke|p2|Landorus-Therian, L50, M|\n|teampreview|4\n|\n|t:|1700451488\n|start\n|switch|p1a: Reach Hacks|Farigiraf, L50, M|100\/100\n|switch|p1b: Superior Lifeform|Dunsparce, L50, M, shiny|100\/100\n|switch|p2a: Rillaboom|Rillaboom, L50, F|100\/100\n|switch|p2b: Sneasler|Sneasler, L50, M|100\/100\n|-fieldstart|move: Grassy Terrain|[from] ability: Grassy Surge|[of] p2a: Rillaboom\n|-enditem|p2b: Sneasler|Grassy Seed\n|-boost|p2b: Sneasler|def|1|[from] item: Grassy Seed\n|turn|1\n|\n|t:|1700451499\n|-terastallize|p1a: Reach Hacks|Fire\n|move|p2b: Sneasler|Close Combat|p1b: Superior Lifeform\n|-supereffective|p1b: Superior Lifeform\n|-damage|p1b: Superior Lifeform|15\/100\n|-unboost|p2b: Sneasler|def|1\n|-unboost|p2b: Sneasler|spd|1\n|move|p2a: Rillaboom|Knock Off|p1a: Reach Hacks\n|-damage|p1a: Reach Hacks|69\/100\n|-enditem|p1a: Reach Hacks|Lum Berry|[from] move: Knock Off|[of] p2a: Rillaboom\n|move|p1b: Superior Lifeform|Coil|p1b: Superior Lifeform\n|-boost|p1b: Superior Lifeform|atk|1\n|-boost|p1b: Superior Lifeform|def|1\n|-boost|p1b: Superior Lifeform|accuracy|1\n|move|p1a: Reach Hacks|Trick Room|p1a: Reach Hacks\n|-fieldstart|move: Trick Room|[of] p1a: Reach Hacks\n|\n|-heal|p1b: Superior Lifeform|22\/100|[from] Grassy Terrain\n|-heal|p1a: Reach Hacks|75\/100|[from] Grassy Terrain\n|upkeep\n|turn|2\n|\n|t:|1700451518\n|switch|p1a: Reginald|Regidrago, L50|100\/100\n|move|p2b: Sneasler|Protect|p2b: Sneasler\n|-singleturn|p2b: Sneasler|Protect\n|move|p1b: Superior Lifeform|Rock Slide|p2a: Rillaboom|[spread] p2a\n|-activate|p2b: Sneasler|move: Protect\n|-damage|p2a: Rillaboom|87\/100\n|move|p2a: Rillaboom|Knock Off|p1b: Superior Lifeform\n|-damage|p1b: Superior Lifeform|5\/100\n|-enditem|p1b: Superior Lifeform|Eviolite|[from] move: Knock Off|[of] p2a: Rillaboom\n|\n|-heal|p1b: Superior Lifeform|11\/100|[from] Grassy Terrain\n|-heal|p2a: Rillaboom|92\/100|[from] Grassy Terrain\n|upkeep\n|turn|3\n|\n|t:|1700451533\n|switch|p2b: Heatran|Heatran, L50, M|100\/100\n|move|p1b: Superior Lifeform|Rock Slide|p2b: Heatran|[spread] p2a,p2b\n|-damage|p2a: Rillaboom|80\/100\n|-damage|p2b: Heatran|87\/100\n|move|p1a: Reginald|Dragon Energy|p2b: Heatran|[spread] p2a,p2b\n|-resisted|p2b: Heatran\n|-damage|p2a: Rillaboom|0 fnt\n|-damage|p2b: Heatran|39\/100\n|-enditem|p2b: Heatran|Sitrus Berry|[eat]\n|-heal|p2b: Heatran|64\/100|[from] item: Sitrus Berry\n|faint|p2a: Rillaboom\n|\n|-heal|p1b: Superior Lifeform|18\/100|[from] Grassy Terrain\n|-heal|p2b: Heatran|70\/100|[from] Grassy Terrain\n|upkeep\n|\n|t:|1700451544\n|switch|p2a: Landorus|Landorus-Therian, L50, M|100\/100\n|-ability|p2a: Landorus|Intimidate|boost\n|-unboost|p1a: Reginald|atk|1\n|-unboost|p1b: Superior Lifeform|atk|1\n|turn|4\n|\n|t:|1700451550\n|move|p2b: Heatran|Protect|p2b: Heatran\n|-singleturn|p2b: Heatran|Protect\n|move|p2a: Landorus|Protect|p2a: Landorus\n|-singleturn|p2a: Landorus|Protect\n|move|p1b: Superior Lifeform|Rock Slide|p2b: Heatran|[spread] \n|-activate|p2a: Landorus|move: Protect\n|-activate|p2b: Heatran|move: Protect\n|move|p1a: Reginald|Dragon Energy|p2b: Heatran|[spread] \n|-activate|p2a: Landorus|move: Protect\n|-activate|p2b: Heatran|move: Protect\n|\n|-heal|p1b: Superior Lifeform|24\/100|[from] Grassy Terrain\n|-heal|p2b: Heatran|76\/100|[from] Grassy Terrain\n|upkeep\n|turn|5\n|\n|t:|1700451563\n|move|p1b: Superior Lifeform|Rock Slide|p2b: Heatran|[spread] p2a,p2b\n|-damage|p2a: Landorus|88\/100\n|-damage|p2b: Heatran|67\/100\n|move|p1a: Reginald|Dragon Energy|p2a: Landorus|[spread] p2a,p2b\n|-resisted|p2b: Heatran\n|-damage|p2a: Landorus|0 fnt\n|-damage|p2b: Heatran|18\/100\n|faint|p2a: Landorus\n|cant|p2b: Heatran|flinch\n|\n|-heal|p1b: Superior Lifeform|30\/100|[from] Grassy Terrain\n|-heal|p2b: Heatran|24\/100|[from] Grassy Terrain\n|-fieldend|move: Trick Room\n|-fieldend|move: Grassy Terrain\n|upkeep\n|\n|t:|1700451572\n|switch|p2a: Sneasler|Sneasler, L50, M|100\/100\n|turn|6\n|\n|t:|1700451583\n|switch|p1a: Reach Hacks|Farigiraf, L50, M, tera:Fire|75\/100\n|-terastallize|p2a: Sneasler|Flying\n|move|p2a: Sneasler|Acrobatics|p1a: Reach Hacks\n|-damage|p1a: Reach Hacks|26\/100\n|move|p2b: Heatran|Heat Wave|p1a: Reach Hacks|[spread] p1a,p1b\n|-resisted|p1a: Reach Hacks\n|-damage|p1a: Reach Hacks|8\/100\n|-damage|p1b: Superior Lifeform|0 fnt\n|faint|p1b: Superior Lifeform\n|\n|upkeep\n|\n|t:|1700451592\n|switch|p1b: Matcha|Sinistcha-Masterpiece, L50, shiny|100\/100\n|-heal|p1a: Reach Hacks|33\/100|[from] ability: Hospitality|[of] p1b: Matcha\n|turn|7\n|\n|t:|1700451601\n|move|p1b: Matcha|Rage Powder|p1b: Matcha\n|-singleturn|p1b: Matcha|move: Rage Powder\n|move|p2a: Sneasler|Acrobatics|p1b: Matcha\n|-supereffective|p1b: Matcha\n|-damage|p1b: Matcha|2\/100\n|-enditem|p1b: Matcha|Wiki Berry|[eat]\n|-heal|p1b: Matcha|35\/100|[from] item: Wiki Berry\n|move|p2b: Heatran|Earth Power|p1b: Matcha\n|-resisted|p1b: Matcha\n|-damage|p1b: Matcha|20\/100\n|move|p1a: Reach Hacks|Trick Room|p1a: Reach Hacks\n|-fieldstart|move: Trick Room|[of] p1a: Reach Hacks\n|\n|upkeep\n|turn|8\n|\n|t:|1700451613\n|move|p2a: Sneasler|Protect|p2a: Sneasler\n|-singleturn|p2a: Sneasler|Protect\n|move|p1b: Matcha|Matcha Gotcha|p2b: Heatran|[spread] p2b\n|-activate|p2a: Sneasler|move: Protect\n|-resisted|p2b: Heatran\n|-damage|p2b: Heatran|18\/100\n|-heal|p1b: Matcha|23\/100|[from] drain|[of] p2b: Heatran\n|move|p1a: Reach Hacks|Tera Blast|p2a: Sneasler|[anim] Tera Blast Fire\n|-activate|p2a: Sneasler|move: Protect\n|move|p2b: Heatran|Heat Wave|p1a: Reach Hacks|[spread] p1a\n|-miss|p2b: Heatran|p1b: Matcha\n|-resisted|p1a: Reach Hacks\n|-damage|p1a: Reach Hacks|16\/100\n|\n|upkeep\n|turn|9\n|\n|t:|1700451636\n|move|p1b: Matcha|Matcha Gotcha|p2b: Heatran|[spread] p2a,p2b\n|-resisted|p2a: Sneasler\n|-resisted|p2b: Heatran\n|-damage|p2a: Sneasler|83\/100\n|-heal|p1b: Matcha|31\/100|[from] drain|[of] p2a: Sneasler\n|-damage|p2b: Heatran|13\/100\n|-heal|p1b: Matcha|34\/100|[from] drain|[of] p2b: Heatran\n|move|p1a: Reach Hacks|Tera Blast|p1b: Matcha|[anim] Tera Blast Fire\n|-supereffective|p1b: Matcha\n|-damage|p1b: Matcha|0 fnt\n|faint|p1b: Matcha\n|move|p2b: Heatran|Heat Wave|p1a: Reach Hacks\n|-resisted|p1a: Reach Hacks\n|-damage|p1a: Reach Hacks|0 fnt\n|faint|p1a: Reach Hacks\n|move|p2a: Sneasler|Acrobatics|p1: Reach Hacks|[notarget]\n|-fail|p2a: Sneasler\n|\n|upkeep\n|\n|t:|1700451646\n|switch|p1b: Reginald|Regidrago, L50|100\/100\n|turn|10\n|\n|t:|1700451651\n|move|p2b: Heatran|Protect|p2b: Heatran\n|-singleturn|p2b: Heatran|Protect\n|move|p2a: Sneasler|Protect|p2a: Sneasler\n|-singleturn|p2a: Sneasler|Protect\n|move|p1b: Reginald|Dragon Energy|p2a: Sneasler|[spread] \n|-activate|p2a: Sneasler|move: Protect\n|-activate|p2b: Heatran|move: Protect\n|\n|upkeep\n|turn|11\n|\n|t:|1700451654\n|move|p2b: Heatran|Protect|p2b: Heatran\n|-singleturn|p2b: Heatran|Protect\n|move|p2a: Sneasler|Protect|p2a: Sneasler\n|-singleturn|p2a: Sneasler|Protect\n|move|p1b: Reginald|Dragon Energy|p2a: Sneasler|[spread] \n|-activate|p2a: Sneasler|move: Protect\n|-activate|p2b: Heatran|move: Protect\n|\n|-fieldend|move: Trick Room\n|upkeep\n|turn|12\n|c|\u2606TheTaxCat|wow okay\n|c|\u2606MochaMatcha|.....\n|\n|t:|1700451667\n|move|p2a: Sneasler|Close Combat|p1b: Reginald\n|-damage|p1b: Reginald|46\/100\n|-unboost|p2a: Sneasler|def|1\n|-unboost|p2a: Sneasler|spd|1\n|move|p2b: Heatran|Flash Cannon|p1b: Reginald\n|-damage|p1b: Reginald|3\/100\n|-unboost|p1b: Reginald|spd|1\n|move|p1b: Reginald|Dragon Energy|p2b: Heatran|[spread] p2a,p2b\n|-resisted|p2b: Heatran\n|-damage|p2a: Sneasler|77\/100\n|-damage|p2b: Heatran|12\/100\n|\n|upkeep\n|turn|13\n|\n|t:|1700451678\n|move|p2a: Sneasler|Close Combat|p1b: Reginald\n|-crit|p1b: Reginald\n|-damage|p1b: Reginald|0 fnt\n|-unboost|p2a: Sneasler|def|1\n|-unboost|p2a: Sneasler|spd|1\n|faint|p1b: Reginald\n|\n|win|TheTaxCat\n|raw|MochaMatcha's rating: 1051 &rarr; <strong>1038<\/strong><br \/>(-13 for losing)\n|raw|TheTaxCat's rating: 1153 &rarr; <strong>1171<\/strong><br \/>(+18 for winning)\n|l|\u2606MochaMatcha\n|c|\u2606TheTaxCat|I stole that I'm so sorry\n","uploadtime":1700451726,"views":5,"p1id":"mochamatcha","p2id":"thetaxcat","formatid":"gen9vgc2023regulatione","rating":1038,"private":0,"password":""}