{"id":"gen9vgc2023regulatione-1990826626","p1":"Jonh 420","p2":"manolynx","format":"[Gen 9] VGC 2023 Regulation E","log":"|j|\u2606Jonh 420\n|j|\u2606manolynx\n|t:|1700004850\n|gametype|doubles\n|player|p1|Jonh 420|102|1128\n|player|p2|manolynx|101|1224\n|teamsize|p1|6\n|teamsize|p2|6\n|gen|9\n|tier|[Gen 9] VGC 2023 Regulation E\n|rated|\n|rule|Species Clause: Limit one of each Pok\u00e9mon\n|rule|Item Clause: Limit one of each item\n|clearpoke\n|poke|p1|Landorus, L50, M|\n|poke|p1|Grimmsnarl, L50, M|\n|poke|p1|Enamorus, L50, F|\n|poke|p1|Thundurus, L50, M|\n|poke|p1|Jumpluff, L50, M|\n|poke|p1|Ogerpon-Wellspring, L50, F|\n|poke|p2|Florges, L50, F|\n|poke|p2|Murkrow, L50, F|\n|poke|p2|Inteleon, L50, F|\n|poke|p2|Arcanine-Hisui, L50, M|\n|poke|p2|Garchomp, L50, M|\n|poke|p2|Rillaboom, L50, F|\n|teampreview|4\n|\n|t:|1700004906\n|start\n|switch|p1a: Grimmsnarl|Grimmsnarl, L50, M|100\/100\n|switch|p1b: Jumpluff|Jumpluff, L50, M|100\/100\n|switch|p2a: Inteleon|Inteleon, L50, F|100\/100\n|switch|p2b: Rillaboom|Rillaboom, L50, F|100\/100\n|-fieldstart|move: Grassy Terrain|[from] ability: Grassy Surge|[of] p2b: Rillaboom\n|turn|1\n|\n|t:|1700004948\n|move|p1b: Jumpluff|Protect|p1b: Jumpluff\n|-singleturn|p1b: Jumpluff|Protect\n|move|p2b: Rillaboom|Fake Out|p1a: Grimmsnarl\n|-damage|p1a: Grimmsnarl|84\/100\n|cant|p1a: Grimmsnarl|flinch\n|move|p2a: Inteleon|Icy Wind|p1b: Jumpluff|[spread] p1a\n|-activate|p1b: Jumpluff|move: Protect\n|-crit|p1a: Grimmsnarl\n|-damage|p1a: Grimmsnarl|50\/100\n|-unboost|p1a: Grimmsnarl|spe|1\n|\n|-heal|p1a: Grimmsnarl|56\/100|[from] Grassy Terrain\n|upkeep\n|turn|2\n|\n|t:|1700005001\n|move|p1a: Grimmsnarl|Parting Shot|p2a: Inteleon\n|-unboost|p2a: Inteleon|atk|1\n|-unboost|p2a: Inteleon|spa|1\n|\n|t:|1700005017\n|switch|p1a: Thundurus|Thundurus, L50, M|100\/100|[from] Parting Shot\n|move|p2a: Inteleon|Substitute|p2a: Inteleon\n|-start|p2a: Inteleon|Substitute\n|-damage|p2a: Inteleon|76\/100\n|move|p1b: Jumpluff|Encore|p2b: Rillaboom\n|-start|p2b: Rillaboom|Encore\n|move|p2b: Rillaboom|Fake Out||[still]\n|-hint|Fake Out only works on your first turn out.\n|-fail|p2b: Rillaboom\n|\n|-heal|p2a: Inteleon|82\/100|[from] Grassy Terrain\n|upkeep\n|turn|3\n|\n|t:|1700005042\n|switch|p2b: Florges|Florges, L50, F, shiny|100\/100\n|move|p2a: Inteleon|Icy Wind|p1a: Thundurus|[spread] p1a,p1b\n|-supereffective|p1a: Thundurus\n|-supereffective|p1b: Jumpluff\n|-damage|p1a: Thundurus|73\/100\n|-damage|p1b: Jumpluff|65\/100\n|-unboost|p1a: Thundurus|spe|1\n|-unboost|p1b: Jumpluff|spe|1\n|move|p1a: Thundurus|Thunderbolt|p2a: Inteleon\n|-supereffective|p2a: Inteleon\n|-end|p2a: Inteleon|Substitute\n|move|p1b: Jumpluff|U-turn|p2b: Florges\n|-resisted|p2b: Florges\n|-damage|p2b: Florges|95\/100\n|\n|t:|1700005058\n|switch|p1b: Enamorus|Enamorus, L50, F|100\/100|[from] U-turn\n|\n|-heal|p2a: Inteleon|88\/100|[from] Grassy Terrain\n|-heal|p2b: Florges|100\/100|[from] Grassy Terrain\n|upkeep\n|turn|4\n|\n|t:|1700005100\n|-terastallize|p1b: Enamorus|Steel\n|move|p1a: Thundurus|Eerie Impulse|p1b: Enamorus\n|-boost|p1b: Enamorus|spa|2\n|move|p2a: Inteleon|Snipe Shot|p1a: Thundurus\n|-damage|p1a: Thundurus|32\/100\n|move|p1b: Enamorus|Dazzling Gleam|p2a: Inteleon|[spread] p2a,p2b\n|-damage|p2a: Inteleon|0 fnt\n|-damage|p2b: Florges|54\/100\n|faint|p2a: Inteleon\n|move|p2b: Florges|Calm Mind|p2b: Florges\n|-boost|p2b: Florges|spa|1\n|-boost|p2b: Florges|spd|1\n|\n|-heal|p2b: Florges|61\/100|[from] Grassy Terrain\n|-heal|p2b: Florges|67\/100|[from] item: Leftovers\n|upkeep\n|\n|t:|1700005148\n|switch|p2a: Arcanine|Arcanine-Hisui, L50, M|100\/100\n|-ability|p2a: Arcanine|Intimidate|boost\n|-unboost|p1a: Thundurus|atk|1\n|-boost|p1b: Enamorus|atk|1\n|turn|5\n|\n|t:|1700005174\n|move|p2a: Arcanine|Protect|p2a: Arcanine\n|-singleturn|p2a: Arcanine|Protect\n|move|p1a: Thundurus|Eerie Impulse|p1b: Enamorus\n|-boost|p1b: Enamorus|spa|2\n|move|p1b: Enamorus|Earth Power|p2a: Arcanine\n|-activate|p2a: Arcanine|move: Protect\n|move|p2b: Florges|Moonblast|p1a: Thundurus\n|-damage|p1a: Thundurus|0 fnt\n|faint|p1a: Thundurus\n|\n|-heal|p2b: Florges|73\/100|[from] Grassy Terrain\n|-heal|p2b: Florges|79\/100|[from] item: Leftovers\n|-fieldend|move: Grassy Terrain\n|upkeep\n|\n|t:|1700005202\n|switch|p1a: Grimmsnarl|Grimmsnarl, L50, M|56\/100\n|turn|6\n|inactive|Battle timer is ON: inactive players will automatically lose when time's up. (requested by Jonh 420)\n|\n|t:|1700005252\n|-terastallize|p2a: Arcanine|Grass\n|move|p1a: Grimmsnarl|Fake Out|p2b: Florges\n|-damage|p2b: Florges|64\/100\n|move|p1b: Enamorus|Earth Power|p2a: Arcanine\n|-resisted|p2a: Arcanine\n|-damage|p2a: Arcanine|45\/100\n|-enditem|p2a: Arcanine|Sitrus Berry|[eat]\n|-heal|p2a: Arcanine|70\/100|[from] item: Sitrus Berry\n|move|p2a: Arcanine|Flare Blitz|p1b: Enamorus\n|-supereffective|p1b: Enamorus\n|-damage|p1b: Enamorus|0 fnt\n|faint|p1b: Enamorus\n|-damage|p2a: Arcanine|44\/100|[from] Recoil\n|cant|p2b: Florges|flinch\n|\n|-heal|p2b: Florges|70\/100|[from] item: Leftovers\n|upkeep\n|l|\u2606Jonh 420\n|inactive|Jonh 420 disconnected and has a minute to reconnect!\n|player|p1|\n|inactive|Jonh 420 has 30 seconds left.\n|inactive|Jonh 420 has 20 seconds left.\n|inactive|Jonh 420 has 15 seconds left.\n|inactive|Jonh 420 has 10 seconds left.\n|inactive|Jonh 420 has 5 seconds left.\n|-message|Jonh 420 lost due to inactivity.\n|\n|win|manolynx\n|raw|Jonh 420's rating: 1128 &rarr; <strong>1110<\/strong><br \/>(-18 for losing)\n|raw|manolynx's rating: 1224 &rarr; <strong>1242<\/strong><br \/>(+18 for winning)\n","uploadtime":1700005315,"views":8,"p1id":"jonh420","p2id":"manolynx","formatid":"gen9vgc2023regulatione","rating":1110,"private":0,"password":""}