{"id":"gen9vgc2023regulatione-1989758585","p1":"Kzjrzk","p2":"Yopif","format":"[Gen 9] VGC 2023 Regulation E","log":"|j|\u2606Kzjrzk\n|j|\u2606Yopif\n|t:|1699893273\n|gametype|doubles\n|player|p1|Kzjrzk|lance|1105\n|player|p2|Yopif|ethan|1058\n|teamsize|p1|6\n|teamsize|p2|6\n|gen|9\n|tier|[Gen 9] VGC 2023 Regulation E\n|rated|\n|rule|Species Clause: Limit one of each Pok\u00e9mon\n|rule|Item Clause: Limit one of each item\n|clearpoke\n|poke|p1|Flutter Mane, L50|\n|poke|p1|Tornadus, L50, M|\n|poke|p1|Rillaboom, L50, M|\n|poke|p1|Garganacl, L50, F|\n|poke|p1|Arcanine-Hisui, L50, F|\n|poke|p1|Chien-Pao, L50|\n|poke|p2|Crawdaunt, L50, M|\n|poke|p2|Farigiraf, L50, M|\n|poke|p2|Politoed, L50, M|\n|poke|p2|Ursaluna, L50, F|\n|poke|p2|Regidrago, L50|\n|poke|p2|Urshifu-*, L50, F|\n|teampreview|4\n|\n|t:|1699893302\n|start\n|switch|p1a: Tornadus|Tornadus, L50, M|100\/100\n|switch|p1b: Garganacl|Garganacl, L50, F|100\/100\n|switch|p2a: Farigiraf|Farigiraf, L50, M|100\/100\n|switch|p2b: Politoed|Politoed, L50, M|100\/100\n|-weather|RainDance|[from] ability: Drizzle|[of] p2b: Politoed\n|turn|1\n|\n|t:|1699893324\n|-terastallize|p1b: Garganacl|Ghost\n|move|p1a: Tornadus|Bleakwind Storm|p2b: Politoed|[spread] p2a,p2b\n|-damage|p2a: Farigiraf|72\/100\n|-damage|p2b: Politoed|73\/100\n|move|p2b: Politoed|Perish Song|p2b: Politoed\n|-start|p1a: Tornadus|perish3|[silent]\n|-start|p1b: Garganacl|perish3|[silent]\n|-start|p2a: Farigiraf|perish3|[silent]\n|-start|p2b: Politoed|perish3|[silent]\n|-fieldactivate|move: Perish Song\n|move|p1b: Garganacl|Iron Defense|p1b: Garganacl\n|-boost|p1b: Garganacl|def|2\n|move|p2a: Farigiraf|Trick Room|p2a: Farigiraf\n|-fieldstart|move: Trick Room|[of] p2a: Farigiraf\n|\n|-weather|RainDance|[upkeep]\n|-heal|p2b: Politoed|79\/100|[from] item: Leftovers\n|-start|p1b: Garganacl|perish3\n|-start|p2a: Farigiraf|perish3\n|-start|p2b: Politoed|perish3\n|-start|p1a: Tornadus|perish3\n|upkeep\n|turn|2\n|\n|t:|1699893360\n|switch|p2a: Crawdaunt|Crawdaunt, L50, M|100\/100\n|move|p1b: Garganacl|Salt Cure|p2b: Politoed\n|-damage|p2b: Politoed|66\/100\n|-start|p2b: Politoed|Salt Cure\n|move|p2b: Politoed|Encore|p1a: Tornadus\n|-start|p1a: Tornadus|Encore\n|move|p1a: Tornadus|Bleakwind Storm|p2a: Crawdaunt|[spread] p2a,p2b\n|-damage|p2a: Crawdaunt|51\/100\n|-damage|p2b: Politoed|39\/100\n|-unboost|p2a: Crawdaunt|spe|1\n|-unboost|p2b: Politoed|spe|1\n|\n|-weather|RainDance|[upkeep]\n|-heal|p2b: Politoed|45\/100|[from] item: Leftovers\n|-damage|p2b: Politoed|20\/100|[from] Salt Cure\n|-start|p2b: Politoed|perish2\n|-start|p1b: Garganacl|perish2\n|-start|p1a: Tornadus|perish2\n|upkeep\n|turn|3\n|\n|t:|1699893405\n|-terastallize|p2a: Crawdaunt|Water\n|move|p2b: Politoed|Chilling Water|p1b: Garganacl\n|-damage|p1b: Garganacl|83\/100\n|-unboost|p1b: Garganacl|atk|1\n|move|p2a: Crawdaunt|Liquidation|p1a: Tornadus\n|-damage|p1a: Tornadus|0 fnt\n|-damage|p2a: Crawdaunt|35\/100|[from] item: Rocky Helmet|[of] p1a: Tornadus\n|faint|p1a: Tornadus\n|-damage|p2a: Crawdaunt|25\/100|[from] item: Life Orb\n|move|p1b: Garganacl|Salt Cure|p2b: Politoed\n|-damage|p2b: Politoed|11\/100\n|\n|-weather|RainDance|[upkeep]\n|-heal|p2b: Politoed|17\/100|[from] item: Leftovers\n|-damage|p2b: Politoed|0 fnt|[from] Salt Cure\n|faint|p2b: Politoed\n|-start|p1b: Garganacl|perish1\n|upkeep\n|\n|t:|1699893428\n|switch|p2b: Regidrago|Regidrago, L50|100\/100\n|switch|p1a: Arcanine|Arcanine-Hisui, L50, F|100\/100\n|-ability|p1a: Arcanine|Intimidate|boost\n|-unboost|p2a: Crawdaunt|atk|1\n|-unboost|p2b: Regidrago|atk|1\n|turn|4\n|\n|t:|1699893445\n|switch|p1b: Rillaboom|Rillaboom, L50, M|100\/100\n|-fieldstart|move: Grassy Terrain|[from] ability: Grassy Surge|[of] p1b: Rillaboom\n|move|p1a: Arcanine|Extreme Speed|p2b: Regidrago\n|-damage|p2b: Regidrago|64\/100\n|move|p2a: Crawdaunt|Liquidation|p1a: Arcanine\n|-supereffective|p1a: Arcanine\n|-damage|p1a: Arcanine|0 fnt\n|faint|p1a: Arcanine\n|-damage|p2a: Crawdaunt|16\/100|[from] item: Life Orb\n|move|p2b: Regidrago|Dragon Energy|p1b: Rillaboom\n|-damage|p1b: Rillaboom|19\/100\n|\n|-weather|RainDance|[upkeep]\n|-heal|p2a: Crawdaunt|22\/100|[from] Grassy Terrain\n|-heal|p2b: Regidrago|70\/100|[from] Grassy Terrain\n|-heal|p1b: Rillaboom|25\/100|[from] Grassy Terrain\n|upkeep\n|\n|t:|1699893447\n|switch|p1a: Garganacl|Garganacl, L50, F, tera:Ghost|83\/100\n|turn|5\n|\n|t:|1699893480\n|move|p2a: Crawdaunt|Protect|p2a: Crawdaunt\n|-singleturn|p2a: Crawdaunt|Protect\n|move|p1a: Garganacl|Salt Cure|p2b: Regidrago\n|-damage|p2b: Regidrago|55\/100\n|-start|p2b: Regidrago|Salt Cure\n|move|p2b: Regidrago|Dragon Energy|p1a: Garganacl|[spread] p1a,p1b\n|-damage|p1a: Garganacl|43\/100\n|-damage|p1b: Rillaboom|0 fnt\n|-enditem|p1a: Garganacl|Sitrus Berry|[eat]\n|-heal|p1a: Garganacl|67\/100|[from] item: Sitrus Berry\n|faint|p1b: Rillaboom\n|\n|-weather|none\n|-heal|p2a: Crawdaunt|28\/100|[from] Grassy Terrain\n|-heal|p1a: Garganacl|73\/100|[from] Grassy Terrain\n|-heal|p2b: Regidrago|61\/100|[from] Grassy Terrain\n|-damage|p2b: Regidrago|49\/100|[from] Salt Cure\n|-fieldend|move: Trick Room\n|upkeep\n|turn|6\n|\n|t:|1699893504\n|move|p2b: Regidrago|Dragon Energy|p1a: Garganacl\n|-damage|p1a: Garganacl|21\/100\n|move|p1a: Garganacl|Recover|p1a: Garganacl\n|-heal|p1a: Garganacl|71\/100\n|move|p2a: Crawdaunt|Lash Out|p1a: Garganacl\n|-supereffective|p1a: Garganacl\n|-damage|p1a: Garganacl|21\/100\n|-damage|p2a: Crawdaunt|18\/100|[from] item: Life Orb\n|\n|-heal|p2b: Regidrago|55\/100|[from] Grassy Terrain\n|-heal|p1a: Garganacl|27\/100|[from] Grassy Terrain\n|-heal|p2a: Crawdaunt|24\/100|[from] Grassy Terrain\n|-damage|p2b: Regidrago|43\/100|[from] Salt Cure\n|upkeep\n|turn|7\n|-message|Kzjrzk forfeited.\n|\n|win|Yopif\n|raw|Kzjrzk's rating: 1105 &rarr; <strong>1077<\/strong><br \/>(-28 for losing)\n|raw|Yopif's rating: 1058 &rarr; <strong>1094<\/strong><br \/>(+36 for winning)\n|l|\u2606Kzjrzk\n","uploadtime":1699893632,"views":9,"p1id":"kzjrzk","p2id":"yopif","formatid":"gen9vgc2023regulatione","rating":1077,"private":0,"password":""}