{"id":"gen9vgc2023regulatione-1990313154","p1":"j1m13o","p2":"Roopydoopy","format":"[Gen 9] VGC 2023 Regulation E","log":"|j|\u2606j1m13o\n|j|\u2606Roopydoopy\n|t:|1699955178\n|gametype|doubles\n|player|p1|j1m13o|1|1079\n|player|p2|Roopydoopy|101|1000\n|teamsize|p1|6\n|teamsize|p2|6\n|gen|9\n|tier|[Gen 9] VGC 2023 Regulation E\n|rated|\n|rule|Species Clause: Limit one of each Pok\u00e9mon\n|rule|Item Clause: Limit one of each item\n|clearpoke\n|poke|p1|Ursaluna-Bloodmoon, L50, M|\n|poke|p1|Glastrier, L50|\n|poke|p1|Dusclops, L50, F|\n|poke|p1|Clefable, L50, F|\n|poke|p1|Tauros-Paldea-Blaze, L50, M|\n|poke|p1|Lucario, L50, M|\n|poke|p2|Weezing, L50, M|\n|poke|p2|Gothitelle, L50, M|\n|poke|p2|Regieleki, L50|\n|poke|p2|Roaring Moon, L50|\n|poke|p2|Torkoal, L50, F|\n|poke|p2|Flutter Mane, L50|\n|teampreview|4\n|inactive|Battle timer is ON: inactive players will automatically lose when time's up. (requested by j1m13o)\n|\n|t:|1699955215\n|start\n|switch|p1a: Mr. Hands|Dusclops, L50, F|100\/100\n|switch|p1b: Clefable|Clefable, L50, F|100\/100\n|switch|p2a: Roaring Moon|Roaring Moon, L50|100\/100\n|switch|p2b: Gothitelle|Gothitelle, L50, M|100\/100\n|-item|p2a: Roaring Moon|Booster Energy|[from] ability: Frisk|[of] p1a: Mr. Hands|[identify]\n|-item|p2b: Gothitelle|Sitrus Berry|[from] ability: Frisk|[of] p1a: Mr. Hands|[identify]\n|-enditem|p2a: Roaring Moon|Booster Energy\n|-activate|p2a: Roaring Moon|ability: Protosynthesis|[fromitem]\n|-start|p2a: Roaring Moon|protosynthesisspe\n|turn|1\n|\n|t:|1699955239\n|move|p2b: Gothitelle|Fake Out|p1b: Clefable\n|-damage|p1b: Clefable|94\/100\n|-enditem|p1b: Clefable|Eject Button\n|\n|t:|1699955243\n|switch|p1b: Ursaluna|Ursaluna-Bloodmoon, L50, M|100\/100\n|move|p2a: Roaring Moon|Knock Off|p1a: Mr. Hands\n|-supereffective|p1a: Mr. Hands\n|-damage|p1a: Mr. Hands|30\/100\n|-enditem|p1a: Mr. Hands|Eviolite|[from] move: Knock Off|[of] p2a: Roaring Moon\n|move|p1a: Mr. Hands|Trick Room|p1a: Mr. Hands\n|-fieldstart|move: Trick Room|[of] p1a: Mr. Hands\n|\n|upkeep\n|turn|2\n|\n|t:|1699955255\n|-terastallize|p1b: Ursaluna|Normal\n|move|p1a: Mr. Hands|Helping Hand|p1b: Ursaluna\n|-singleturn|p1b: Ursaluna|Helping Hand|[of] p1a: Mr. Hands\n|move|p2a: Roaring Moon|Protect|p2a: Roaring Moon\n|-singleturn|p2a: Roaring Moon|Protect\n|move|p1b: Ursaluna|Hyper Voice|p2b: Gothitelle|[spread] p2b\n|-activate|p2a: Roaring Moon|move: Protect\n|-enditem|p1b: Ursaluna|Normal Gem|[from] gem\n|-damage|p2b: Gothitelle|3\/100\n|-enditem|p2b: Gothitelle|Sitrus Berry|[eat]\n|-heal|p2b: Gothitelle|28\/100|[from] item: Sitrus Berry\n|move|p2b: Gothitelle|Trick Room|p2b: Gothitelle\n|-fieldend|move: Trick Room\n|\n|upkeep\n|turn|3\n|\n|t:|1699955277\n|move|p2b: Gothitelle|Protect|p2b: Gothitelle\n|-singleturn|p2b: Gothitelle|Protect\n|move|p1b: Ursaluna|Protect|p1b: Ursaluna\n|-singleturn|p1b: Ursaluna|Protect\n|move|p2a: Roaring Moon|Knock Off|p1a: Mr. Hands\n|-supereffective|p1a: Mr. Hands\n|-damage|p1a: Mr. Hands|0 fnt\n|faint|p1a: Mr. Hands\n|\n|upkeep\n|\n|t:|1699955290\n|switch|p1a: Glastrier|Glastrier, L50|100\/100\n|turn|4\n|\n|t:|1699955303\n|move|p2a: Roaring Moon|Knock Off|p1b: Ursaluna\n|-damage|p1b: Ursaluna|77\/100\n|move|p2b: Gothitelle|Psychic|p1b: Ursaluna\n|-damage|p1b: Ursaluna|34\/100\n|move|p1b: Ursaluna|Hyper Voice|p2b: Gothitelle|[spread] p2a,p2b\n|-damage|p2a: Roaring Moon|47\/100\n|-damage|p2b: Gothitelle|0 fnt\n|faint|p2b: Gothitelle\n|move|p1a: Glastrier|Icicle Crash|p2a: Roaring Moon\n|-supereffective|p2a: Roaring Moon\n|-damage|p2a: Roaring Moon|0 fnt\n|faint|p2a: Roaring Moon\n|-end|p2a: Roaring Moon|Protosynthesis|[silent]\n|-ability|p1a: Glastrier|Chilling Neigh|boost\n|-boost|p1a: Glastrier|atk|1\n|\n|upkeep\n|\n|t:|1699955316\n|switch|p2a: Weezing|Weezing, L50, M|100\/100\n|switch|p2b: Torkoal|Torkoal, L50, F|100\/100\n|-ability|p2a: Weezing|Neutralizing Gas\n|turn|5\n|\n|t:|1699955326\n|move|p2b: Torkoal|Protect|p2b: Torkoal\n|-singleturn|p2b: Torkoal|Protect\n|move|p2a: Weezing|Will-O-Wisp|p1a: Glastrier\n|-status|p1a: Glastrier|brn\n|move|p1b: Ursaluna|Earth Power|p2a: Weezing\n|-supereffective|p2a: Weezing\n|-damage|p2a: Weezing|0 fnt\n|faint|p2a: Weezing\n|-end|p2a: Weezing|ability: Neutralizing Gas\n|-weather|SunnyDay|[from] ability: Drought|[of] p2b: Torkoal\n|move|p1a: Glastrier|High Horsepower|p2b: Torkoal\n|-activate|p2b: Torkoal|move: Protect\n|\n|-weather|SunnyDay|[upkeep]\n|-damage|p1a: Glastrier|95\/100 brn|[from] brn\n|upkeep\n|turn|6\n|\n|t:|1699955345\n|-terastallize|p2b: Torkoal|Fire\n|move|p1b: Ursaluna|Earth Power|p2b: Torkoal\n|-supereffective|p2b: Torkoal\n|-damage|p2b: Torkoal|0 fnt\n|faint|p2b: Torkoal\n|\n|win|j1m13o\n|raw|j1m13o's rating: 1079 &rarr; <strong>1101<\/strong><br \/>(+22 for winning)\n|raw|Roopydoopy's rating: 1000 &rarr; <strong>1000<\/strong><br \/>(+0 for losing)\n","uploadtime":1699955354,"views":32,"p1id":"j1m13o","p2id":"roopydoopy","formatid":"gen9vgc2023regulatione","rating":1000,"private":0,"password":""}