{"id":"gen9vgc2023regulatione-1998665849","p1":"peakingsumo","p2":"D4nkw33b","format":"[Gen 9] VGC 2023 Regulation E","log":"|j|\u2606peakingsumo\n|j|\u2606D4nkw33b\n|t:|1700969657\n|gametype|doubles\n|player|p1|peakingsumo|101|\n|player|p2|D4nkw33b|170|\n|teamsize|p1|6\n|teamsize|p2|6\n|gen|9\n|tier|[Gen 9] VGC 2023 Regulation E\n|rule|Species Clause: Limit one of each Pok\u00e9mon\n|rule|Item Clause: Limit one of each item\n|clearpoke\n|poke|p1|Palafin, L50, M|\n|poke|p1|Politoed, L50, M|\n|poke|p1|Gothitelle, L50, F|\n|poke|p1|Decidueye-Hisui, L50, M|\n|poke|p1|Scovillain, L50, F|\n|poke|p1|Gliscor, L50, M|\n|poke|p2|Pelipper, L50, F|\n|poke|p2|Basculegion, L50, M|\n|poke|p2|Pawmot, L50, M|\n|poke|p2|Klefki, L50, M|\n|poke|p2|Kingambit, L50, M|\n|poke|p2|Overqwil, L50, F|\n|teampreview|4\npeakingsumo has agreed to open team sheets.\nD4nkw33b has agreed to open team sheets.\n|showteam|p1|Palafin||MirrorHerb|ZerotoHero|JetPunch,WaveCrash,Protect,HelpingHand|||M|||50|,,,,,Water]Politoed||CovertCloak|WaterAbsorb|PerishSong,HelpingHand,IcyWind,MuddyWater|||M|||50|,,,,,Grass]Gothitelle||KasibBerry|ShadowTag|FakeOut,TrickRoom,Protect,EnergyBall|||F|||50|,,,,,Ghost]Decidueye-Hisui||RazorClaw|Scrappy|TripleArrows,BrickBreak,LeafBlade,Protect|||M|||50|,,,,,Steel]Scovillain||FocusSash|Moody|SpicyExtract,RagePowder,Endure,GigaDrain|||F|||50|,,,,,Dragon]Gliscor||ToxicOrb|PoisonHeal|SunnyDay,Tailwind,HighHorsepower,Facade|||M|||50|,,,,,Normal\n|showteam|p2|Pelipper||FocusSash|KeenEye|AirSlash,HelpingHand,Tailwind,Protect|||F|||50|,,,,,Ground]Basculegion||ChoiceBand|Adaptability|WaveCrash,HeadSmash,FlipTurn,LastRespects|||M|||50|,,,,,Rock]Pawmot||PunchingGlove|IronFist|DoubleShock,FakeOut,IcePunch,Protect|||M|||50|,,,,,Ice]Klefki||PixiePlate|Prankster|DazzlingGleam,ThunderWave,TrickRoom,RainDance|||M|||50|,,,,,Water]Kingambit||AssaultVest|SupremeOverlord|SuckerPunch,KowtowCleave,IronHead,TeraBlast|||M|||50|,,,,,Flying]Overqwil||LifeOrb|Intimidate|GunkShot,Crunch,Haze,Protect|||F|||50|,,,,,Flying\n|c|\u2606peakingsumo|game 1\n|\n|t:|1700969762\n|start\n|switch|p1a: Perth Palafins|Palafin, L50, M, shiny|100\/100\n|switch|p1b: Pepe The Frog|Politoed, L50, M|100\/100\n|switch|p2a: Klefki|Klefki, L50, M|100\/100\n|switch|p2b: Overqwil|Overqwil, L50, F|100\/100\n|-ability|p2b: Overqwil|Intimidate|boost\n|-unboost|p1a: Perth Palafins|atk|1\n|-unboost|p1b: Pepe The Frog|atk|1\n|turn|1\n|\n|t:|1700969790\n|detailschange|p1a: Perth Palafins|Palafin-Hero, L50, M, shiny\n|switch|p1a: AWellDisguisedTrap|Gothitelle, L50, F|100\/100\n|move|p2a: Klefki|Thunder Wave|p1b: Pepe The Frog\n|-status|p1b: Pepe The Frog|par\n|move|p2b: Overqwil|Gunk Shot|p1a: AWellDisguisedTrap\n|-damage|p1a: AWellDisguisedTrap|49\/100\n|-damage|p2b: Overqwil|91\/100|[from] item: Life Orb\n|move|p1b: Pepe The Frog|Perish Song|p1b: Pepe The Frog\n|-start|p1a: AWellDisguisedTrap|perish3|[silent]\n|-start|p1b: Pepe The Frog|perish3|[silent]\n|-start|p2a: Klefki|perish3|[silent]\n|-start|p2b: Overqwil|perish3|[silent]\n|-fieldactivate|move: Perish Song\n|\n|-start|p2b: Overqwil|perish3\n|-start|p2a: Klefki|perish3\n|-start|p1a: AWellDisguisedTrap|perish3\n|-start|p1b: Pepe The Frog|perish3\n|upkeep\n|turn|2\n|\n|t:|1700969825\n|move|p1a: AWellDisguisedTrap|Fake Out|p2b: Overqwil\n|-damage|p2b: Overqwil|86\/100\n|cant|p2b: Overqwil|flinch\n|move|p2a: Klefki|Dazzling Gleam|p1b: Pepe The Frog|[spread] p1a,p1b\n|-damage|p1a: AWellDisguisedTrap|32\/100\n|-damage|p1b: Pepe The Frog|83\/100 par\n|move|p1b: Pepe The Frog|Muddy Water|p2a: Klefki|[spread] p2a,p2b\n|-crit|p2b: Overqwil\n|-damage|p2a: Klefki|77\/100\n|-damage|p2b: Overqwil|49\/100\n|\n|-start|p2b: Overqwil|perish2\n|-start|p2a: Klefki|perish2\n|-start|p1a: AWellDisguisedTrap|perish2\n|-start|p1b: Pepe The Frog|perish2\n|upkeep\n|turn|3\n|\n|t:|1700969854\n|switch|p1b: Decidueye On Meth|Decidueye-Hisui, L50, M|100\/100\n|-terastallize|p1a: AWellDisguisedTrap|Ghost\n|move|p2a: Klefki|Thunder Wave|p1a: AWellDisguisedTrap|[miss]\n|-miss|p2a: Klefki|p1a: AWellDisguisedTrap\n|move|p2b: Overqwil|Crunch|p1b: Decidueye On Meth\n|-resisted|p1b: Decidueye On Meth\n|-damage|p1b: Decidueye On Meth|78\/100\n|-damage|p2b: Overqwil|39\/100|[from] item: Life Orb\n|move|p1a: AWellDisguisedTrap|Trick Room|p1a: AWellDisguisedTrap\n|-fieldstart|move: Trick Room|[of] p1a: AWellDisguisedTrap\n|\n|-start|p1a: AWellDisguisedTrap|perish1\n|-start|p2a: Klefki|perish1\n|-start|p2b: Overqwil|perish1\n|upkeep\n|turn|4\n|\n|t:|1700969878\n|switch|p1a: Pepe The Frog|Politoed, L50, M|83\/100 par\n|move|p1b: Decidueye On Meth|Protect|p1b: Decidueye On Meth\n|-singleturn|p1b: Decidueye On Meth|Protect\n|move|p2a: Klefki|Thunder Wave|p1b: Decidueye On Meth\n|-activate|p1b: Decidueye On Meth|move: Protect\n|move|p2b: Overqwil|Gunk Shot|p1a: Pepe The Frog\n|-damage|p1a: Pepe The Frog|25\/100 par\n|-damage|p2b: Overqwil|29\/100|[from] item: Life Orb\n|\n|-start|p2a: Klefki|perish0\n|-start|p2b: Overqwil|perish0\n|faint|p2a: Klefki\n|faint|p2b: Overqwil\n|upkeep\n|\n|t:|1700969891\n|switch|p2a: Basculegion|Basculegion, L50, M|100\/100\n|switch|p2b: Pelipper|Pelipper, L50, F|100\/100\n|turn|5\n|\n|t:|1700969919\n|cant|p1a: Pepe The Frog|par\n|move|p2b: Pelipper|Helping Hand|p2a: Basculegion\n|-singleturn|p2a: Basculegion|Helping Hand|[of] p2b: Pelipper\n|move|p1b: Decidueye On Meth|Leaf Blade|p2a: Basculegion\n|-supereffective|p2a: Basculegion\n|-damage|p2a: Basculegion|0 fnt\n|faint|p2a: Basculegion\n|\n|upkeep\n|turn|6\n|c|\u2606D4nkw33b|f\n|\n|t:|1700969930\n|move|p1a: Pepe The Frog|Helping Hand|p1b: Decidueye On Meth\n|-singleturn|p1b: Decidueye On Meth|Helping Hand|[of] p1a: Pepe The Frog\n|move|p1b: Decidueye On Meth|Leaf Blade|p2b: Pelipper\n|-damage|p2b: Pelipper|25\/100\n|move|p2b: Pelipper|Air Slash|p1b: Decidueye On Meth\n|-supereffective|p1b: Decidueye On Meth\n|-damage|p1b: Decidueye On Meth|0 fnt\n|faint|p1b: Decidueye On Meth\n|\n|upkeep\n|\n|t:|1700969936\n|switch|p1b: Perth Palafins|Palafin-Hero, L50, M, shiny|100\/100\n|-activate|p1b: Perth Palafins|ability: Zero to Hero\n|turn|7\n|\n|t:|1700969945\n|cant|p1a: Pepe The Frog|par\n|move|p1b: Perth Palafins|Jet Punch|p2b: Pelipper\n|-resisted|p2b: Pelipper\n|-damage|p2b: Pelipper|4\/100\n|move|p2b: Pelipper|Air Slash|p1b: Perth Palafins\n|-damage|p1b: Perth Palafins|76\/100\n|\n|-fieldend|move: Trick Room\n|upkeep\n|turn|8\n|\n|t:|1700969957\n|move|p1a: Pepe The Frog|Helping Hand|p1b: Perth Palafins\n|-singleturn|p1b: Perth Palafins|Helping Hand|[of] p1a: Pepe The Frog\n|move|p2b: Pelipper|Protect|p2b: Pelipper\n|-singleturn|p2b: Pelipper|Protect\n|move|p1b: Perth Palafins|Jet Punch|p2b: Pelipper\n|-activate|p2b: Pelipper|move: Protect\n|\n|upkeep\n|turn|9\n|\n|t:|1700969966\n|move|p1a: Pepe The Frog|Helping Hand|p1b: Perth Palafins\n|-singleturn|p1b: Perth Palafins|Helping Hand|[of] p1a: Pepe The Frog\n|move|p1b: Perth Palafins|Jet Punch|p2b: Pelipper\n|-resisted|p2b: Pelipper\n|-damage|p2b: Pelipper|0 fnt\n|faint|p2b: Pelipper\n|\n|win|peakingsumo\n|c|\u2606D4nkw33b|gg\n|c|\u2606peakingsumo|ggwp game 1\n","uploadtime":1700969974,"views":41,"p1id":"peakingsumo","p2id":"d4nkw33b","formatid":"gen9vgc2023regulatione","rating":0,"private":0,"password":""}