{"id":"gen9vgc2023regulatione-1995214949","p1":"RADWIMPS VGC","p2":"Davids251","format":"[Gen 9] VGC 2023 Regulation E","log":"|j|\u2606RADWIMPS VGC\n|j|\u2606Davids251\n|t:|1700535558\n|gametype|doubles\n|player|p1|RADWIMPS VGC|rocketgruntf|1104\n|player|p2|Davids251|giovanni|1013\n|teamsize|p1|6\n|teamsize|p2|6\n|gen|9\n|tier|[Gen 9] VGC 2023 Regulation E\n|rated|\n|rule|Species Clause: Limit one of each Pok\u00e9mon\n|rule|Item Clause: Limit one of each item\n|clearpoke\n|poke|p1|Tornadus, L50, M|\n|poke|p1|Gholdengo, L50|\n|poke|p1|Urshifu-*, L50, M|\n|poke|p1|Landorus-Therian, L50, M|\n|poke|p1|Rillaboom, L50, M|\n|poke|p1|Ogerpon-Hearthflame, L50, F|\n|poke|p2|Houndstone, L50, F|\n|poke|p2|Tyranitar, L50, M|\n|poke|p2|Ogerpon-Wellspring, L50, F|\n|poke|p2|Heatran, L50, M|\n|poke|p2|Salamence, L50, M|\n|poke|p2|Cresselia, L50, F|\n|teampreview|4\n|\n|t:|1700535583\n|start\n|switch|p1a: Tornadus|Tornadus, L50, M, shiny|100\/100\n|switch|p1b: Gholdengo|Gholdengo, L50, shiny|100\/100\n|switch|p2a: saladmance|Salamence, L50, M, shiny|100\/100\n|switch|p2b: Tyranitar|Tyranitar, L50, M, shiny|100\/100\n|-ability|p2a: saladmance|Intimidate|boost\n|-unboost|p1a: Tornadus|atk|1\n|-unboost|p1b: Gholdengo|atk|1\n|-weather|Sandstorm|[from] ability: Sand Stream|[of] p2b: Tyranitar\n|turn|1\n|inactive|Battle timer is ON: inactive players will automatically lose when time's up. (requested by RADWIMPS VGC)\n|\n|t:|1700535609\n|-terastallize|p1b: Gholdengo|Steel\n|move|p1a: Tornadus|Icy Wind|p2b: Tyranitar|[spread] p2a,p2b\n|-supereffective|p2a: saladmance\n|-damage|p2a: saladmance|37\/100\n|-damage|p2b: Tyranitar|95\/100\n|-unboost|p2b: Tyranitar|spe|1\n|move|p2a: saladmance|Tailwind|p2a: saladmance\n|-sidestart|p2: Davids251|move: Tailwind\n|move|p1b: Gholdengo|Make It Rain|p2a: saladmance|[spread] p2a,p2b\n|-supereffective|p2b: Tyranitar\n|-damage|p2a: saladmance|0 fnt\n|-damage|p2b: Tyranitar|23\/100\n|-unboost|p1b: Gholdengo|spa|1\n|faint|p2a: saladmance\n|move|p2b: Tyranitar|Knock Off|p1b: Gholdengo\n|-damage|p1b: Gholdengo|38\/100\n|-enditem|p1b: Gholdengo|Choice Specs|[from] move: Knock Off|[of] p2b: Tyranitar\n|\n|-weather|Sandstorm|[upkeep]\n|-damage|p1a: Tornadus|95\/100|[from] Sandstorm\n|upkeep\n|\n|t:|1700535629\n|switch|p2a: Houndstone|Houndstone, L50, F, shiny|100\/100\n|turn|2\n|\n|t:|1700535641\n|move|p1a: Tornadus|Tailwind|p1a: Tornadus\n|-sidestart|p1: RADWIMPS VGC|move: Tailwind\n|move|p2a: Houndstone|Snarl|p1b: Gholdengo|[spread] p1a,p1b\n|-damage|p1a: Tornadus|87\/100\n|-damage|p1b: Gholdengo|32\/100\n|-unboost|p1a: Tornadus|spa|1\n|-unboost|p1b: Gholdengo|spa|1\n|move|p1b: Gholdengo|Make It Rain|p2a: Houndstone|[spread] p2a,p2b\n|-supereffective|p2b: Tyranitar\n|-damage|p2a: Houndstone|63\/100\n|-damage|p2b: Tyranitar|0 fnt\n|-unboost|p1b: Gholdengo|spa|1\n|faint|p2b: Tyranitar\n|\n|-weather|Sandstorm|[upkeep]\n|-damage|p1a: Tornadus|81\/100|[from] Sandstorm\n|upkeep\n|\n|t:|1700535648\n|switch|p2b: Heatran|Heatran, L50, M, shiny|100\/100\n|turn|3\n|\n|t:|1700535668\n|move|p2a: Houndstone|Last Respects|p1a: Tornadus\n|-damage|p1a: Tornadus|0 fnt\n|faint|p1a: Tornadus\n|move|p1b: Gholdengo|Focus Blast|p2b: Heatran\n|-supereffective|p2b: Heatran\n|-damage|p2b: Heatran|73\/100\n|move|p2b: Heatran|Heat Wave|p1b: Gholdengo\n|-supereffective|p1b: Gholdengo\n|-damage|p1b: Gholdengo|0 fnt\n|faint|p1b: Gholdengo\n|\n|-weather|Sandstorm|[upkeep]\n|-heal|p2b: Heatran|79\/100|[from] item: Leftovers\n|upkeep\n|\n|t:|1700535682\n|switch|p1a: Landorus|Landorus-Therian, L50, M, shiny|100\/100\n|switch|p1b: Rillaboom|Rillaboom, L50, M, shiny|100\/100\n|-ability|p1a: Landorus|Intimidate|boost\n|-unboost|p2a: Houndstone|atk|1\n|-unboost|p2b: Heatran|atk|1\n|-fieldstart|move: Grassy Terrain|[from] ability: Grassy Surge|[of] p1b: Rillaboom\n|turn|4\n|inactive|Davids251 has 30 seconds left.\n|\n|t:|1700535710\n|-terastallize|p2b: Heatran|Grass\n|move|p1b: Rillaboom|Fake Out|p2b: Heatran\n|-damage|p2b: Heatran|67\/100\n|move|p2a: Houndstone|Howl|p2a: Houndstone|[spread] p2a,p2b\n|-boost|p2a: Houndstone|atk|1\n|-boost|p2b: Heatran|atk|1\n|move|p1a: Landorus|Stomping Tantrum|p2a: Houndstone\n|-damage|p2a: Houndstone|7\/100\n|-enditem|p2a: Houndstone|Sitrus Berry|[eat]\n|-heal|p2a: Houndstone|32\/100|[from] item: Sitrus Berry\n|cant|p2b: Heatran|flinch\n|\n|-weather|Sandstorm|[upkeep]\n|-damage|p1b: Rillaboom|95\/100|[from] Sandstorm\n|-damage|p2b: Heatran|61\/100|[from] Sandstorm\n|-heal|p2a: Houndstone|38\/100|[from] Grassy Terrain\n|-heal|p1b: Rillaboom|100\/100|[from] Grassy Terrain\n|-heal|p2b: Heatran|67\/100|[from] Grassy Terrain\n|-heal|p2b: Heatran|73\/100|[from] item: Leftovers\n|-sideend|p2: Davids251|move: Tailwind\n|upkeep\n|turn|5\n|inactive|RADWIMPS VGC has 30 seconds left.\n|\n|t:|1700535739\n|move|p1b: Rillaboom|Grassy Glide|p2a: Houndstone\n|-crit|p2a: Houndstone\n|-damage|p2a: Houndstone|0 fnt\n|faint|p2a: Houndstone\n|move|p1a: Landorus|Stomping Tantrum|p2b: Heatran\n|-resisted|p2b: Heatran\n|-damage|p2b: Heatran|55\/100\n|move|p2b: Heatran|Heat Wave|p1a: Landorus|[spread] p1a,p1b\n|-supereffective|p1b: Rillaboom\n|-damage|p1a: Landorus|53\/100\n|-damage|p1b: Rillaboom|43\/100\n|-status|p1a: Landorus|brn\n|\n|-weather|none\n|-heal|p1b: Rillaboom|49\/100|[from] Grassy Terrain\n|-heal|p2b: Heatran|61\/100|[from] Grassy Terrain\n|-heal|p2b: Heatran|67\/100|[from] item: Leftovers\n|-damage|p1a: Landorus|47\/100 brn|[from] brn\n|-sideend|p1: RADWIMPS VGC|move: Tailwind\n|upkeep\n|turn|6\n|\n|t:|1700535759\n|move|p1a: Landorus|Stomping Tantrum|p2b: Heatran\n|-resisted|p2b: Heatran\n|-damage|p2b: Heatran|58\/100\n|move|p1b: Rillaboom|U-turn|p2b: Heatran\n|-supereffective|p2b: Heatran\n|-damage|p2b: Heatran|13\/100\n|move|p2b: Heatran|Heat Wave|p1a: Landorus|[spread] p1b\n|-miss|p2b: Heatran|p1a: Landorus\n|-supereffective|p1b: Rillaboom\n|-damage|p1b: Rillaboom|0 fnt\n|faint|p1b: Rillaboom\n|\n|-heal|p2b: Heatran|19\/100|[from] Grassy Terrain\n|-heal|p2b: Heatran|25\/100|[from] item: Leftovers\n|-damage|p1a: Landorus|41\/100 brn|[from] brn\n|upkeep\n|turn|7\n|\n|t:|1700535776\n|move|p2b: Heatran|Protect|p2b: Heatran\n|-singleturn|p2b: Heatran|Protect\n|move|p1a: Landorus|Stomping Tantrum|p2b: Heatran\n|-activate|p2b: Heatran|move: Protect\n|\n|-heal|p2b: Heatran|31\/100|[from] Grassy Terrain\n|-heal|p2b: Heatran|37\/100|[from] item: Leftovers\n|-damage|p1a: Landorus|34\/100 brn|[from] brn\n|upkeep\n|turn|8\n|c|\u2606RADWIMPS VGC|1\u767a\u706b\u50b7\u6b7b\u306d\n|inactive|RADWIMPS VGC has 30 seconds left.\n|-message|RADWIMPS VGC forfeited.\n|\n|win|Davids251\n|raw|RADWIMPS VGC's rating: 1104 &rarr; <strong>1073<\/strong><br \/>(-31 for losing)\n|raw|Davids251's rating: 1013 &rarr; <strong>1061<\/strong><br \/>(+48 for winning)\n|l|\u2606RADWIMPS VGC\n|j|\u2606RADWIMPS VGC\n|player|p1|RADWIMPS VGC|rocketgruntf\n","uploadtime":1700535802,"views":4,"p1id":"radwimpsvgc","p2id":"davids251","formatid":"gen9vgc2023regulatione","rating":1061,"private":0,"password":""}