{"id":"gen9vgc2023regulatione-1989606335","p1":"Crying for Rain","p2":"FubakiVGC","format":"[Gen 9] VGC 2023 Regulation E","log":"|j|\u2606Crying for Rain\n|j|\u2606FubakiVGC\n|t:|1699878002\n|gametype|doubles\n|player|p1|Crying for Rain|rocketgruntf|1193\n|player|p2|FubakiVGC|dawn-gen4pt|1124\n|teamsize|p1|6\n|teamsize|p2|6\n|gen|9\n|tier|[Gen 9] VGC 2023 Regulation E\n|rated|\n|rule|Species Clause: Limit one of each Pok\u00e9mon\n|rule|Item Clause: Limit one of each item\n|clearpoke\n|poke|p1|Tornadus, L50, M|\n|poke|p1|Gholdengo, L50|\n|poke|p1|Urshifu-*, L50, M|\n|poke|p1|Landorus-Therian, L50, M|\n|poke|p1|Rillaboom, L50, M|\n|poke|p1|Ogerpon-Hearthflame, L50, F|\n|poke|p2|Dusclops, L50, M|\n|poke|p2|Ursaluna-Bloodmoon, L50, M|\n|poke|p2|Iron Hands, L50|\n|poke|p2|Ogerpon-Wellspring, L50, F|\n|poke|p2|Baxcalibur, L50, F|\n|poke|p2|Ninetales-Alola, L50, F|\n|teampreview|4\n|inactive|Battle timer is ON: inactive players will automatically lose when time's up. (requested by FubakiVGC)\n|c|\u2606FubakiVGC|glhf\nFubakiVGC rejected open team sheets.\n|inactive|Crying for Rain has 60 seconds left.\n|\n|t:|1699878035\n|start\n|switch|p1a: Landorus|Landorus-Therian, L50, M, shiny|100\/100\n|switch|p1b: Gholdengo|Gholdengo, L50, shiny|100\/100\n|switch|p2a: Iron Hands|Iron Hands, L50|100\/100\n|switch|p2b: Ogerpon|Ogerpon-Wellspring, L50, F|100\/100\n|-ability|p1a: Landorus|Intimidate|boost\n|-unboost|p2a: Iron Hands|atk|1\n|-unboost|p2b: Ogerpon|atk|1\n|turn|1\n|\n|t:|1699878055\n|switch|p1a: Rillaboom|Rillaboom, L50, M, shiny|100\/100\n|-fieldstart|move: Grassy Terrain|[from] ability: Grassy Surge|[of] p1a: Rillaboom\n|move|p2a: Iron Hands|Fake Out|p1a: Rillaboom\n|-damage|p1a: Rillaboom|91\/100\n|move|p1b: Gholdengo|Shadow Ball|p2a: Iron Hands\n|-damage|p2a: Iron Hands|67\/100\n|-unboost|p2a: Iron Hands|spd|1\n|move|p2b: Ogerpon|Ivy Cudgel|p1a: Rillaboom\n|-resisted|p1a: Rillaboom\n|-damage|p1a: Rillaboom|72\/100\n|\n|-heal|p1a: Rillaboom|78\/100|[from] Grassy Terrain\n|-heal|p2a: Iron Hands|73\/100|[from] Grassy Terrain\n|upkeep\n|turn|2\n|inactive|FubakiVGC has 30 seconds left.\n|\n|t:|1699878088\n|switch|p2b: Ninetales|Ninetales-Alola, L50, F, shiny|100\/100\n|-weather|Snow|[from] ability: Snow Warning|[of] p2b: Ninetales\n|move|p1b: Gholdengo|Shadow Ball|p2a: Iron Hands\n|-damage|p2a: Iron Hands|18\/100\n|move|p1a: Rillaboom|U-turn|p2a: Iron Hands\n|-resisted|p2a: Iron Hands\n|-damage|p2a: Iron Hands|9\/100\n|\n|t:|1699878097\n|switch|p1a: Landorus|Landorus-Therian, L50, M, shiny|100\/100|[from] U-turn\n|-ability|p1a: Landorus|Intimidate|boost\n|-unboost|p2a: Iron Hands|atk|1\n|-unboost|p2b: Ninetales|atk|1\n|move|p2a: Iron Hands|Drain Punch|p1a: Landorus\n|-resisted|p1a: Landorus\n|-damage|p1a: Landorus|88\/100\n|-heal|p2a: Iron Hands|14\/100|[from] drain|[of] p1a: Landorus\n|\n|-weather|Snow|[upkeep]\n|-heal|p2a: Iron Hands|20\/100|[from] Grassy Terrain\n|upkeep\n|turn|3\n|\n|t:|1699878116\n|-end|p2a: Iron Hands|Quark Drive|[silent]\n|switch|p2a: Ogerpon|Ogerpon-Wellspring, L50, F|100\/100\n|-terastallize|p1a: Landorus|Rock\n|move|p1a: Landorus|Rock Slide|p2b: Ninetales|[spread] p2a,p2b\n|-supereffective|p2b: Ninetales\n|-damage|p2a: Ogerpon|68\/100\n|-damage|p2b: Ninetales|40\/100\n|move|p2b: Ninetales|Aurora Veil|p2b: Ninetales\n|-sidestart|p2: FubakiVGC|move: Aurora Veil\n|move|p1b: Gholdengo|Shadow Ball|p2a: Ogerpon\n|-damage|p2a: Ogerpon|29\/100\n|-unboost|p2a: Ogerpon|spd|1\n|\n|-weather|Snow|[upkeep]\n|-heal|p1a: Landorus|94\/100|[from] Grassy Terrain\n|-heal|p2b: Ninetales|46\/100|[from] Grassy Terrain\n|-heal|p2a: Ogerpon|35\/100|[from] Grassy Terrain\n|upkeep\n|turn|4\n|\n|t:|1699878140\n|move|p1a: Landorus|Rock Slide|p2a: Ogerpon|[spread] p2a,p2b\n|-supereffective|p2b: Ninetales\n|-damage|p2a: Ogerpon|11\/100\n|-damage|p2b: Ninetales|8\/100\n|cant|p2b: Ninetales|flinch\n|move|p1b: Gholdengo|Shadow Ball|p2a: Ogerpon\n|-damage|p2a: Ogerpon|0 fnt\n|faint|p2a: Ogerpon\n|\n|-weather|Snow|[upkeep]\n|-heal|p1a: Landorus|100\/100|[from] Grassy Terrain\n|-heal|p2b: Ninetales|14\/100|[from] Grassy Terrain\n|upkeep\n|\n|t:|1699878151\n|switch|p2a: Baxcalibur|Baxcalibur, L50, F|100\/100\n|turn|5\n|\n|t:|1699878161\n|move|p1a: Landorus|Rock Slide|p2a: Baxcalibur|[spread] p2a,p2b\n|-supereffective|p2a: Baxcalibur\n|-supereffective|p2b: Ninetales\n|-damage|p2a: Baxcalibur|77\/100\n|-damage|p2b: Ninetales|0 fnt\n|faint|p2b: Ninetales\n|move|p1b: Gholdengo|Shadow Ball|p2a: Baxcalibur\n|-damage|p2a: Baxcalibur|42\/100\n|move|p2a: Baxcalibur|Icicle Spear|p1a: Landorus\n|-damage|p1a: Landorus|85\/100\n|-crit|p1a: Landorus\n|-damage|p1a: Landorus|62\/100\n|-damage|p1a: Landorus|47\/100\n|-damage|p1a: Landorus|32\/100\n|-hitcount|p1a: Landorus|4\n|\n|-weather|Snow|[upkeep]\n|-heal|p2a: Baxcalibur|48\/100|[from] ability: Ice Body\n|-heal|p1a: Landorus|38\/100|[from] Grassy Terrain\n|-heal|p2a: Baxcalibur|54\/100|[from] Grassy Terrain\n|-fieldend|move: Grassy Terrain\n|upkeep\n|\n|t:|1699878179\n|switch|p2b: Iron Hands|Iron Hands, L50|20\/100\n|turn|6\n|\n|t:|1699878186\n|move|p2b: Iron Hands|Fake Out|p1a: Landorus\n|-resisted|p1a: Landorus\n|-damage|p1a: Landorus|28\/100\n|cant|p1a: Landorus|flinch\n|move|p1b: Gholdengo|Shadow Ball|p2b: Iron Hands\n|-damage|p2b: Iron Hands|0 fnt\n|faint|p2b: Iron Hands\n|-end|p2b: Iron Hands|Quark Drive|[silent]\n|move|p2a: Baxcalibur|Scale Shot|p1b: Gholdengo\n|-resisted|p1b: Gholdengo\n|-damage|p1b: Gholdengo|93\/100\n|-resisted|p1b: Gholdengo\n|-damage|p1b: Gholdengo|84\/100\n|-resisted|p1b: Gholdengo\n|-damage|p1b: Gholdengo|77\/100\n|-resisted|p1b: Gholdengo\n|-damage|p1b: Gholdengo|69\/100\n|-resisted|p1b: Gholdengo\n|-damage|p1b: Gholdengo|62\/100\n|-hitcount|p1b: Gholdengo|5\n|-unboost|p2a: Baxcalibur|def|1\n|-boost|p2a: Baxcalibur|spe|1\n|\n|-weather|none\n|upkeep\n|turn|7\n|-message|FubakiVGC forfeited.\n|\n|win|Crying for Rain\n|raw|Crying for Rain's rating: 1193 &rarr; <strong>1213<\/strong><br \/>(+20 for winning)\n|raw|FubakiVGC's rating: 1124 &rarr; <strong>1104<\/strong><br \/>(-20 for losing)\n|l|\u2606FubakiVGC\n","uploadtime":1699878220,"views":53,"p1id":"cryingforrain","p2id":"fubakivgc","formatid":"gen9vgc2023regulatione","rating":1104,"private":0,"password":""}