{"id":"gen9vgc2023regulatione-1995669840","p1":"Evil Yarrack","p2":"manolynx","format":"[Gen 9] VGC 2023 Regulation E","log":"|j|\u2606Evil Yarrack\n|j|\u2606manolynx\n|t:|1700592467\n|gametype|doubles\n|player|p1|Evil Yarrack|youngster-gen4dp|\n|player|p2|manolynx|jogger|\n|teamsize|p1|6\n|teamsize|p2|6\n|gen|9\n|tier|[Gen 9] VGC 2023 Regulation E\n|rule|Species Clause: Limit one of each Pok\u00e9mon\n|rule|Item Clause: Limit one of each item\n|clearpoke\n|poke|p1|Toxtricity, L50, F|\n|poke|p1|Oricorio-Sensu, L50, F|\n|poke|p1|Kommo-o, L50, M|\n|poke|p1|Grimmsnarl, L50, M|\n|poke|p1|Sinistcha-Masterpiece, L50|\n|poke|p1|Kingambit, L50, F|\n|poke|p2|Rillaboom, L50, F|\n|poke|p2|Chandelure, L50, M|\n|poke|p2|Forretress, L50, F|\n|poke|p2|Ninetales-Alola, L50, F|\n|poke|p2|Ursaluna, L50, F|\n|poke|p2|Farigiraf, L50, F|\n|teampreview|4\n|inactive|Battle timer is ON: inactive players will automatically lose when time's up. (requested by Evil Yarrack)\n|\n|t:|1700592492\n|start\n|switch|p1a: Oricorio|Oricorio-Sensu, L50, F|100\/100\n|switch|p1b: Kommo-o|Kommo-o, L50, M|100\/100\n|switch|p2a: Ninetales|Ninetales-Alola, L50, F|100\/100\n|switch|p2b: Rillaboom|Rillaboom, L50, F|100\/100\n|-weather|Snow|[from] ability: Snow Warning|[of] p2a: Ninetales\n|-fieldstart|move: Grassy Terrain|[from] ability: Grassy Surge|[of] p2b: Rillaboom\n|turn|1\n|inactive|manolynx has 30 seconds left.\n|inactive|manolynx has 20 seconds left.\n|\n|t:|1700592528\n|move|p1b: Kommo-o|Protect|p1b: Kommo-o\n|-singleturn|p1b: Kommo-o|Protect\n|move|p2b: Rillaboom|Fake Out|p1b: Kommo-o\n|-activate|p1b: Kommo-o|move: Protect\n|move|p2a: Ninetales|Icy Wind|p1b: Kommo-o|[spread] p1a\n|-activate|p1b: Kommo-o|move: Protect\n|-supereffective|p1a: Oricorio\n|-damage|p1a: Oricorio|68\/100\n|-unboost|p1a: Oricorio|spe|1\n|move|p1a: Oricorio|Tailwind|p1a: Oricorio\n|-sidestart|p1: Evil Yarrack|move: Tailwind\n|\n|-weather|Snow|[upkeep]\n|upkeep\n|turn|2\n|inactive|manolynx has 30 seconds left.\n|inactive|manolynx has 20 seconds left.\n|inactive|manolynx has 15 seconds left.\n|inactive|manolynx has 10 seconds left.\n|\n|t:|1700592577\n|move|p1b: Kommo-o|Clangorous Soul|p1b: Kommo-o\n|-boost|p1b: Kommo-o|atk|1\n|-boost|p1b: Kommo-o|def|1\n|-boost|p1b: Kommo-o|spa|1\n|-boost|p1b: Kommo-o|spd|1\n|-boost|p1b: Kommo-o|spe|1\n|-damage|p1b: Kommo-o|68\/100\n|-enditem|p1b: Kommo-o|Throat Spray\n|-boost|p1b: Kommo-o|spa|1|[from] item: Throat Spray\n|-activate|p1a: Oricorio|ability: Dancer\n|move|p1a: Oricorio|Clangorous Soul|p1a: Oricorio|[from]ability: Dancer\n|-boost|p1a: Oricorio|atk|1\n|-boost|p1a: Oricorio|def|1\n|-boost|p1a: Oricorio|spa|1\n|-boost|p1a: Oricorio|spd|1\n|-boost|p1a: Oricorio|spe|1\n|-damage|p1a: Oricorio|35\/100\n|-enditem|p1a: Oricorio|Sitrus Berry|[eat]\n|-heal|p1a: Oricorio|59\/100|[from] item: Sitrus Berry\n|move|p1a: Oricorio|Baton Pass|p1a: Oricorio\n|\n|t:|1700592595\n|switch|p1a: Toxtricity|Toxtricity, L50, F|100\/100|[from] Baton Pass\n|move|p2a: Ninetales|Icy Wind|p1b: Kommo-o|[spread] p1a,p1b\n|-supereffective|p1b: Kommo-o\n|-damage|p1a: Toxtricity|90\/100\n|-damage|p1b: Kommo-o|49\/100\n|-unboost|p1a: Toxtricity|spe|1\n|-unboost|p1b: Kommo-o|spe|1\n|move|p2b: Rillaboom|U-turn|p1a: Toxtricity\n|-resisted|p1a: Toxtricity\n|-damage|p1a: Toxtricity|80\/100\n|inactive|manolynx has 30 seconds left.\n|\n|t:|1700592622\n|switch|p2b: Farigiraf|Farigiraf, L50, F|100\/100|[from] U-turn\n|\n|-weather|Snow|[upkeep]\n|-heal|p1b: Kommo-o|54\/100|[from] Grassy Terrain\n|-heal|p1a: Toxtricity|86\/100|[from] Grassy Terrain\n|upkeep\n|turn|3\n|\n|t:|1700592637\n|-terastallize|p1a: Toxtricity|Normal\n|move|p1b: Kommo-o|Clanging Scales|p2b: Farigiraf|[spread] p2b\n|-immune|p2a: Ninetales\n|-damage|p2b: Farigiraf|33\/100\n|-unboost|p1b: Kommo-o|def|1\n|move|p2a: Ninetales|Aurora Veil|p2a: Ninetales\n|-sidestart|p2: manolynx|move: Aurora Veil\n|move|p1a: Toxtricity|Boomburst|p2a: Ninetales|[spread] p2a,p2b\n|-immune|p1b: Kommo-o|[from] ability: Soundproof\n|-damage|p2a: Ninetales|2\/100\n|-damage|p2b: Farigiraf|0 fnt\n|faint|p2b: Farigiraf\n|\n|-weather|Snow|[upkeep]\n|-heal|p1b: Kommo-o|60\/100|[from] Grassy Terrain\n|-heal|p2a: Ninetales|8\/100|[from] Grassy Terrain\n|-heal|p1a: Toxtricity|92\/100|[from] Grassy Terrain\n|upkeep\n|inactive|manolynx has 30 seconds left.\n|\n|t:|1700592670\n|switch|p2b: Rillaboom|Rillaboom, L50, F|100\/100\n|turn|4\n|\n|t:|1700592688\n|move|p1b: Kommo-o|Flash Cannon|p2a: Ninetales\n|-supereffective|p2a: Ninetales\n|-damage|p2a: Ninetales|0 fnt\n|faint|p2a: Ninetales\n|move|p2b: Rillaboom|Wood Hammer|p1a: Toxtricity\n|-damage|p1a: Toxtricity|25\/100\n|-damage|p2b: Rillaboom|80\/100|[from] Recoil\n|move|p1a: Toxtricity|Boomburst|p2b: Rillaboom|[spread] p2b\n|-immune|p1b: Kommo-o|[from] ability: Soundproof\n|-damage|p2b: Rillaboom|0 fnt\n|faint|p2b: Rillaboom\n|\n|-weather|Snow|[upkeep]\n|-heal|p1b: Kommo-o|66\/100|[from] Grassy Terrain\n|-heal|p1a: Toxtricity|31\/100|[from] Grassy Terrain\n|-sideend|p1: Evil Yarrack|move: Tailwind\n|upkeep\n|\n|t:|1700592706\n|switch|p2a: Ursaluna|Ursaluna, L50, F|100\/100\n|turn|5\n|\n|t:|1700592716\n|move|p2a: Ursaluna|Protect|p2a: Ursaluna\n|-singleturn|p2a: Ursaluna|Protect\n|move|p1b: Kommo-o|Clanging Scales|p2a: Ursaluna\n|-activate|p2a: Ursaluna|move: Protect\n|move|p1a: Toxtricity|Boomburst|p2a: Ursaluna|[spread] \n|-activate|p2a: Ursaluna|move: Protect\n|-immune|p1b: Kommo-o|[from] ability: Soundproof\n|\n|-weather|none\n|-heal|p1b: Kommo-o|71\/100|[from] Grassy Terrain\n|-heal|p1a: Toxtricity|37\/100|[from] Grassy Terrain\n|-fieldend|move: Grassy Terrain\n|-status|p2a: Ursaluna|brn|[from] item: Flame Orb\n|upkeep\n|turn|6\n|\n|t:|1700592733\n|move|p1b: Kommo-o|Clanging Scales|p2a: Ursaluna\n|-damage|p2a: Ursaluna|43\/100 brn\n|-unboost|p1b: Kommo-o|def|1\n|move|p1a: Toxtricity|Boomburst|p2a: Ursaluna|[spread] p2a\n|-immune|p1b: Kommo-o|[from] ability: Soundproof\n|-damage|p2a: Ursaluna|0 fnt\n|faint|p2a: Ursaluna\n|\n|win|Evil Yarrack\n","uploadtime":1700592922,"views":2,"p1id":"evilyarrack","p2id":"manolynx","formatid":"gen9vgc2023regulatione","rating":0,"private":0,"password":""}