{"id":"gen9vgc2023regulatione-1991843363","p1":"ManciniTheAmazing","p2":"Goatdozo","format":"[Gen 9] VGC 2023 Regulation E","log":"|j|\u2606ManciniTheAmazing\n|j|\u2606Goatdozo\n|n|\u2606ManciniTheAmazing|mancinitheamazing\n|n|\u2606Goatdozo|goatdozo\n|html|View the match progress at <a href=\"\/game-bestof3-gen9vgc2023regulatione-1991843362\">game-bestof3-gen9vgc2023regulatione-1991843362<\/a>\n|t:|1700127096\n|gametype|doubles\n|player|p1|ManciniTheAmazing|steven-masters4|\n|player|p2|Goatdozo|cyclistf|\n|teamsize|p1|6\n|teamsize|p2|6\n|gen|9\n|tier|[Gen 9] VGC 2023 Regulation E\n|rule|Species Clause: Limit one of each Pok\u00e9mon\n|rule|Item Clause: Limit one of each item\n|clearpoke\n|poke|p1|Urshifu-*, L50, M|\n|poke|p1|Flutter Mane, L50|\n|poke|p1|Ninetales, L50, M|\n|poke|p1|Sandy Shocks, L50|\n|poke|p1|Vivillon-Monsoon, L50, F|\n|poke|p1|Arctibax, L50, F|\n|poke|p2|Drifblim, L50, M|\n|poke|p2|Revavroom, L50, M|\n|poke|p2|Florges-Orange, L50, F|\n|poke|p2|Ogerpon-Wellspring, L50, F|\n|poke|p2|Rillaboom, L50, F|\n|poke|p2|Girafarig, L50, M|\n|teampreview|4\n|c|\u2606Goatdozo|since when does SD have best of 3\n|c|\u2606ManciniTheAmazing|for a while\n|c|\u2606ManciniTheAmazing|theres a whole best of three ladder\n|c|\u2606Goatdozo|huh\n|c|\u2606Goatdozo|Well\n|c|\u2606Goatdozo|good luck have fun my friend\n|c|\u2606ManciniTheAmazing|u2 my fren\n|\n|t:|1700127283\n|start\n|switch|p1a: Krillin|Flutter Mane, L50|100\/100\n|switch|p1b: Heisenberg|Ninetales, L50, M, shiny|100\/100\n|switch|p2a: okay I pull up|Revavroom, L50, M|100\/100\n|switch|p2b: Yo banana boy|Girafarig, L50, M|100\/100\n|-weather|SunnyDay|[from] ability: Drought|[of] p1b: Heisenberg\n|-activate|p1a: Krillin|ability: Protosynthesis\n|-start|p1a: Krillin|protosynthesisspe\n|turn|1\n|\n|t:|1700127423\n|move|p1a: Krillin|Protect|p1a: Krillin\n|-singleturn|p1a: Krillin|Protect\n|move|p2a: okay I pull up|Spin Out|p1a: Krillin\n|-activate|p1a: Krillin|move: Protect\n|move|p1b: Heisenberg|Roar|p2b: Yo banana boy\n|drag|p2b: Orange Gang|Florges-Orange, L50, F|100\/100\n|\n|-weather|SunnyDay|[upkeep]\n|upkeep\n|turn|2\n|c|\u2606Goatdozo|ayo\n|\n|t:|1700127455\n|move|p1a: Krillin|Shadow Ball|p2a: okay I pull up\n|-damage|p2a: okay I pull up|37\/100\n|-damage|p1a: Krillin|91\/100|[from] item: Life Orb\n|move|p1b: Heisenberg|Flamethrower|p2a: okay I pull up\n|-supereffective|p2a: okay I pull up\n|-enditem|p2a: okay I pull up|Occa Berry|[eat]\n|-enditem|p2a: okay I pull up|Occa Berry|[weaken]\n|-damage|p2a: okay I pull up|0 fnt\n|faint|p2a: okay I pull up\n|move|p2b: Orange Gang|Calm Mind|p2b: Orange Gang\n|-boost|p2b: Orange Gang|spa|1\n|-boost|p2b: Orange Gang|spd|1\n|\n|-weather|SunnyDay|[upkeep]\n|upkeep\n|\n|t:|1700127549\n|switch|p2a: Yo banana boy|Girafarig, L50, M|100\/100\n|turn|3\n|\n|t:|1700127575\n|-end|p1a: Krillin|Protosynthesis|[silent]\n|switch|p1a: Professor X|Sandy Shocks, L50|100\/100\n|-activate|p1a: Professor X|ability: Protosynthesis\n|-start|p1a: Professor X|protosynthesisspa\n|move|p2a: Yo banana boy|Helping Hand|p2b: Orange Gang\n|-singleturn|p2b: Orange Gang|Helping Hand|[of] p2a: Yo banana boy\n|move|p2b: Orange Gang|Moonblast|p1a: Professor X\n|-damage|p1a: Professor X|13\/100\n|-enditem|p1a: Professor X|Sitrus Berry|[eat]\n|-heal|p1a: Professor X|38\/100|[from] item: Sitrus Berry\n|move|p1b: Heisenberg|Roar|p2a: Yo banana boy\n|drag|p2a: point of the mask|Ogerpon-Wellspring, L50, F|100\/100\n|\n|-weather|SunnyDay|[upkeep]\n|upkeep\n|turn|4\n|\n|t:|1700127658\n|-terastallize|p2b: Orange Gang|Ground\n|move|p1a: Professor X|Protect|p1a: Professor X\n|-singleturn|p1a: Professor X|Protect\n|move|p2a: point of the mask|Ivy Cudgel|p1a: Professor X|[anim] Ivy Cudgel Water\n|-activate|p1a: Professor X|move: Protect\n|move|p2b: Orange Gang|Tera Blast|p1b: Heisenberg|[anim] Tera Blast Ground\n|-supereffective|p1b: Heisenberg\n|-damage|p1b: Heisenberg|16\/100\n|move|p1b: Heisenberg|Roar|p2b: Orange Gang\n|drag|p2b: Yo banana boy|Girafarig, L50, M|100\/100\n|\n|-weather|SunnyDay|[upkeep]\n|upkeep\n|turn|5\n|\n|t:|1700127747\n|-terastallize|p1a: Professor X|Steel\n|move|p1b: Heisenberg|Helping Hand|p1a: Professor X\n|-singleturn|p1a: Professor X|Helping Hand|[of] p1b: Heisenberg\n|move|p2a: point of the mask|Ivy Cudgel|p1b: Heisenberg|[anim] Ivy Cudgel Water\n|-supereffective|p1b: Heisenberg\n|-damage|p1b: Heisenberg|0 fnt\n|faint|p1b: Heisenberg\n|move|p1a: Professor X|Thunderbolt|p2a: point of the mask\n|-damage|p2a: point of the mask|2\/100\n|move|p2b: Yo banana boy|Trick Room|p2b: Yo banana boy\n|-fieldstart|move: Trick Room|[of] p2b: Yo banana boy\n|\n|-weather|none\n|-end|p1a: Professor X|Protosynthesis\n|upkeep\n|\n|t:|1700127765\n|switch|p1b: Saitama|Urshifu, L50, M|100\/100\n|turn|6\n|\n|t:|1700127790\n|move|p1b: Saitama|Protect|p1b: Saitama\n|-singleturn|p1b: Saitama|Protect\n|move|p2a: point of the mask|Follow Me|p2a: point of the mask\n|-singleturn|p2a: point of the mask|move: Follow Me\n|move|p2b: Yo banana boy|Dazzling Gleam|p1a: Professor X|[spread] p1a\n|-activate|p1b: Saitama|move: Protect\n|-resisted|p1a: Professor X\n|-damage|p1a: Professor X|29\/100\n|move|p1a: Professor X|Flash Cannon|p2a: point of the mask\n|-resisted|p2a: point of the mask\n|-damage|p2a: point of the mask|0 fnt\n|faint|p2a: point of the mask\n|\n|upkeep\n|\n|t:|1700127806\n|switch|p2a: Orange Gang|Florges-Orange, L50, F, tera:Ground|100\/100\n|turn|7\n|\n|t:|1700127823\n|switch|p1b: Krillin|Flutter Mane, L50|91\/100\n|move|p1a: Professor X|Protect|p1a: Professor X\n|-singleturn|p1a: Professor X|Protect\n|move|p2a: Orange Gang|Moonblast|p1b: Krillin\n|-damage|p1b: Krillin|54\/100\n|move|p2b: Yo banana boy|Dazzling Gleam|p1a: Professor X|[spread] p1b\n|-activate|p1a: Professor X|move: Protect\n|-damage|p1b: Krillin|36\/100\n|\n|upkeep\n|turn|8\n|\n|t:|1700127863\n|-end|p1a: Professor X|Protosynthesis|[silent]\n|switch|p1a: Saitama|Urshifu, L50, M|100\/100\n|move|p1b: Krillin|Protect|p1b: Krillin\n|-singleturn|p1b: Krillin|Protect\n|move|p2a: Orange Gang|Calm Mind|p2a: Orange Gang\n|-boost|p2a: Orange Gang|spa|1\n|-boost|p2a: Orange Gang|spd|1\n|move|p2b: Yo banana boy|Dazzling Gleam|p1b: Krillin|[spread] p1a\n|-activate|p1b: Krillin|move: Protect\n|-supereffective|p1a: Saitama\n|-damage|p1a: Saitama|10\/100\n|\n|upkeep\n|turn|9\n|\n|t:|1700127909\n|move|p1a: Saitama|Protect|p1a: Saitama\n|-singleturn|p1a: Saitama|Protect\n|move|p2b: Yo banana boy|Dazzling Gleam|p1b: Krillin|[spread] p1b\n|-activate|p1a: Saitama|move: Protect\n|-damage|p1b: Krillin|20\/100\n|move|p2a: Orange Gang|Tera Blast|p1b: Krillin|[anim] Tera Blast Ground\n|-damage|p1b: Krillin|0 fnt\n|faint|p1b: Krillin\n|-end|p1b: Krillin|Protosynthesis|[silent]\n|\n|-fieldend|move: Trick Room\n|upkeep\n|\n|t:|1700127917\n|switch|p1b: Professor X|Sandy Shocks, L50, tera:Steel|29\/100\n|turn|10\n|\n|t:|1700127994\n|move|p1a: Saitama|Wicked Blow|p2b: Yo banana boy\n|-supereffective|p2b: Yo banana boy\n|-crit|p2b: Yo banana boy\n|-damage|p2b: Yo banana boy|20\/100\n|move|p1b: Professor X|Earth Power|p2b: Yo banana boy\n|-damage|p2b: Yo banana boy|0 fnt\n|faint|p2b: Yo banana boy\n|move|p2a: Orange Gang|Tera Blast|p1a: Saitama|[anim] Tera Blast Ground\n|-damage|p1a: Saitama|0 fnt\n|faint|p1a: Saitama\n|\n|upkeep\n|turn|11\n|\n|t:|1700128010\n|move|p1b: Professor X|Earth Power|p2a: Orange Gang\n|-damage|p2a: Orange Gang|82\/100\n|move|p2a: Orange Gang|Tera Blast|p1b: Professor X|[anim] Tera Blast Ground\n|-supereffective|p1b: Professor X\n|-damage|p1b: Professor X|0 fnt\n|faint|p1b: Professor X\n|-end|p1b: Professor X|Protosynthesis|[silent]\n|\n|win|Goatdozo\n|c|\u2606Goatdozo|ggs\n|inactive|ManciniTheAmazing has 50 seconds to confirm battle start!\n|inactive|Goatdozo has 50 seconds to confirm battle start!\n|c|\u2606ManciniTheAmazing|its only g1\n|c|&|\/uhtml prompt-mancinitheamazing,ManciniTheAmazing is ready for game 2!\n|inactive|Goatdozo has 40 seconds to confirm battle start!\n","uploadtime":1700128033,"views":36,"p1id":"mancinitheamazing","p2id":"goatdozo","formatid":"gen9vgc2023regulatione","rating":0,"private":0,"password":""}