{"id":"gen9vgc2023regulatione-1988943234","p1":"Toxillian","p2":"spb2332","format":"[Gen 9] VGC 2023 Regulation E","log":"|j|\u2606Toxillian\n|j|\u2606spb2332\n|t:|1699792092\n|gametype|doubles\n|player|p1|Toxillian|koga|1241\n|player|p2|spb2332|lucas|1140\n|teamsize|p1|6\n|teamsize|p2|6\n|gen|9\n|tier|[Gen 9] VGC 2023 Regulation E\n|rated|\n|rule|Species Clause: Limit one of each Pok\u00e9mon\n|rule|Item Clause: Limit one of each item\n|clearpoke\n|poke|p1|Sinistcha, L50|\n|poke|p1|Tornadus, L50, M|\n|poke|p1|Ogerpon-Hearthflame, L50, F|\n|poke|p1|Flutter Mane, L50|\n|poke|p1|Chien-Pao, L50|\n|poke|p1|Arcanine-Hisui, L50, M|\n|poke|p2|Kommo-o, L50, M|\n|poke|p2|Tyranitar, L50, M|\n|poke|p2|Rillaboom, L50, M|\n|poke|p2|Flutter Mane, L50|\n|poke|p2|Arcanine-Hisui, L50, F|\n|poke|p2|Iron Bundle, L50|\n|teampreview|4\n|inactive|Battle timer is ON: inactive players will automatically lose when time's up. (requested by Toxillian)\n|c|\u2606Toxillian|glhf\nToxillian has agreed to open team sheets.\n|inactive|spb2332 has 60 seconds left.\n|inactive|Toxillian has 60 seconds left.\n|inactive|spb2332 has 30 seconds left.\n|inactive|spb2332 has 20 seconds left.\n|inactive|spb2332 has 15 seconds left.\n|\n|t:|1699792171\n|start\n|switch|p1a: Tornadus|Tornadus, L50, M|100\/100\n|switch|p1b: Flutter Mane|Flutter Mane, L50|100\/100\n|switch|p2a: Arcanine|Arcanine-Hisui, L50, F|100\/100\n|switch|p2b: Rillaboom|Rillaboom, L50, M|100\/100\n|-ability|p2a: Arcanine|Intimidate|boost\n|-unboost|p1a: Tornadus|atk|1\n|-unboost|p1b: Flutter Mane|atk|1\n|-fieldstart|move: Grassy Terrain|[from] ability: Grassy Surge|[of] p2b: Rillaboom\n|turn|1\n|inactive|Toxillian has 30 seconds left.\n|inactive|spb2332 has 30 seconds left.\n|inactive|Toxillian has 20 seconds left.\n|inactive|Toxillian has 15 seconds left.\n|inactive|Toxillian has 10 seconds left.\n|\n|t:|1699792220\n|move|p2b: Rillaboom|Fake Out|p1a: Tornadus\n|-damage|p1a: Tornadus|83\/100\n|move|p1a: Tornadus|Tailwind|p1a: Tornadus\n|-sidestart|p1: Toxillian|move: Tailwind\n|move|p1b: Flutter Mane|Dazzling Gleam|p2b: Rillaboom|[spread] p2a,p2b\n|-resisted|p2a: Arcanine\n|-damage|p2a: Arcanine|75\/100\n|-damage|p2b: Rillaboom|47\/100\n|move|p2a: Arcanine|Flare Blitz|p1b: Flutter Mane\n|-damage|p1b: Flutter Mane|6\/100\n|-damage|p2a: Arcanine|54\/100|[from] Recoil\n|\n|-heal|p1b: Flutter Mane|12\/100|[from] Grassy Terrain\n|-heal|p2a: Arcanine|60\/100|[from] Grassy Terrain\n|-heal|p2b: Rillaboom|52\/100|[from] Grassy Terrain\n|upkeep\n|turn|2\n|inactive|Toxillian has 30 seconds left.\n|inactive|spb2332 has 30 seconds left.\n|inactive|spb2332 has 20 seconds left.\n|inactive|spb2332 has 15 seconds left.\n|\n|t:|1699792264\n|-end|p1b: Flutter Mane|Protosynthesis|[silent]\n|switch|p1b: Ogerpon|Ogerpon-Hearthflame, L50, F|100\/100\n|-ability|p1b: Ogerpon|Mold Breaker\n|move|p2b: Rillaboom|Grassy Glide|p1b: Ogerpon\n|-resisted|p1b: Ogerpon\n|-damage|p1b: Ogerpon|85\/100\n|move|p1a: Tornadus|Bleakwind Storm|p2a: Arcanine|[spread] p2a\n|-miss|p1a: Tornadus|p2b: Rillaboom\n|-resisted|p2a: Arcanine\n|-damage|p2a: Arcanine|43\/100\n|-enditem|p2a: Arcanine|Sitrus Berry|[eat]\n|-heal|p2a: Arcanine|68\/100|[from] item: Sitrus Berry\n|move|p2a: Arcanine|Rock Slide|p1b: Ogerpon|[spread] p1a,p1b\n|-supereffective|p1a: Tornadus\n|-supereffective|p1b: Ogerpon\n|-damage|p1a: Tornadus|21\/100\n|-damage|p1b: Ogerpon|19\/100\n|\n|-heal|p1b: Ogerpon|25\/100|[from] Grassy Terrain\n|-heal|p2a: Arcanine|74\/100|[from] Grassy Terrain\n|-heal|p2b: Rillaboom|58\/100|[from] Grassy Terrain\n|upkeep\n|turn|3\n|inactive|Toxillian has 30 seconds left.\n|inactive|spb2332 has 30 seconds left.\n|inactive|Toxillian has 20 seconds left.\n|inactive|spb2332 has 20 seconds left.\n|\n|t:|1699792301\n|switch|p2b: Tyranitar|Tyranitar, L50, M|100\/100\n|-weather|Sandstorm|[from] ability: Sand Stream|[of] p2b: Tyranitar\n|move|p1b: Ogerpon|Spiky Shield|p1b: Ogerpon\n|-singleturn|p1b: Ogerpon|move: Protect\n|move|p1a: Tornadus|Bleakwind Storm|p2b: Tyranitar|[spread] p2a,p2b\n|-resisted|p2a: Arcanine\n|-resisted|p2b: Tyranitar\n|-damage|p2a: Arcanine|62\/100\n|-damage|p2b: Tyranitar|94\/100\n|move|p2a: Arcanine|Rock Slide|p1b: Ogerpon|[spread] p1a\n|-activate|p1b: Ogerpon|move: Protect\n|-supereffective|p1a: Tornadus\n|-damage|p1a: Tornadus|0 fnt\n|faint|p1a: Tornadus\n|\n|-weather|Sandstorm|[upkeep]\n|-damage|p1b: Ogerpon|19\/100|[from] Sandstorm\n|-heal|p1b: Ogerpon|25\/100|[from] Grassy Terrain\n|-heal|p2a: Arcanine|68\/100|[from] Grassy Terrain\n|-heal|p2b: Tyranitar|99\/100|[from] Grassy Terrain\n|upkeep\n|\n|t:|1699792309\n|switch|p1a: Sinistcha|Sinistcha, L50|100\/100\n|-heal|p1b: Ogerpon|50\/100|[from] ability: Hospitality|[of] p1a: Sinistcha\n|turn|4\n|inactive|spb2332 has 30 seconds left.\n|inactive|Toxillian has 30 seconds left.\n|inactive|spb2332 has 20 seconds left.\n|inactive|Toxillian has 20 seconds left.\n|inactive|Toxillian has 15 seconds left.\n|inactive|spb2332 has 15 seconds left.\n|inactive|spb2332 has 10 seconds left.\n|\n|t:|1699792359\n|switch|p2b: Rillaboom|Rillaboom, L50, M|58\/100\n|move|p1b: Ogerpon|Horn Leech|p2b: Rillaboom\n|-resisted|p2b: Rillaboom\n|-damage|p2b: Rillaboom|32\/100\n|-heal|p1b: Ogerpon|67\/100|[from] drain|[of] p2b: Rillaboom\n|move|p1a: Sinistcha|Strength Sap|p2a: Arcanine\n|-unboost|p2a: Arcanine|atk|1\n|move|p2a: Arcanine|Rock Slide|p1a: Sinistcha|[spread] p1a,p1b\n|-supereffective|p1b: Ogerpon\n|-damage|p1a: Sinistcha|89\/100\n|-damage|p1b: Ogerpon|28\/100\n|\n|-weather|Sandstorm|[upkeep]\n|-damage|p1b: Ogerpon|22\/100|[from] Sandstorm\n|-damage|p1a: Sinistcha|83\/100|[from] Sandstorm\n|-damage|p2b: Rillaboom|26\/100|[from] Sandstorm\n|-heal|p1b: Ogerpon|28\/100|[from] Grassy Terrain\n|-heal|p1a: Sinistcha|89\/100|[from] Grassy Terrain\n|-heal|p2a: Arcanine|74\/100|[from] Grassy Terrain\n|-heal|p2b: Rillaboom|32\/100|[from] Grassy Terrain\n|-sideend|p1: Toxillian|move: Tailwind\n|upkeep\n|turn|5\n|inactive|spb2332 has 30 seconds left.\n|inactive|spb2332 has 20 seconds left.\n|inactive|spb2332 has 15 seconds left.\n|inactive|spb2332 has 10 seconds left.\n|\n|t:|1699792407\n|move|p1b: Ogerpon|Spiky Shield|p1b: Ogerpon\n|-singleturn|p1b: Ogerpon|move: Protect\n|move|p2b: Rillaboom|Fake Out|p1b: Ogerpon\n|-activate|p1b: Ogerpon|move: Protect\n|-damage|p2b: Rillaboom|20\/100|[from] Spiky Shield|[of] p1b: Ogerpon\n|move|p2a: Arcanine|Flare Blitz|p1b: Ogerpon\n|-activate|p1b: Ogerpon|move: Protect\n|-damage|p2a: Arcanine|62\/100|[from] Spiky Shield|[of] p1b: Ogerpon\n|move|p1a: Sinistcha|Strength Sap|p2a: Arcanine\n|-unboost|p2a: Arcanine|atk|1\n|-heal|p1a: Sinistcha|100\/100\n|\n|-weather|Sandstorm|[upkeep]\n|-damage|p1b: Ogerpon|22\/100|[from] Sandstorm\n|-damage|p2b: Rillaboom|14\/100|[from] Sandstorm\n|-damage|p1a: Sinistcha|94\/100|[from] Sandstorm\n|-heal|p1b: Ogerpon|28\/100|[from] Grassy Terrain\n|-heal|p2a: Arcanine|68\/100|[from] Grassy Terrain\n|-heal|p2b: Rillaboom|20\/100|[from] Grassy Terrain\n|-heal|p1a: Sinistcha|100\/100|[from] Grassy Terrain\n|-fieldend|move: Grassy Terrain\n|upkeep\n|turn|6\n|inactive|Toxillian has 30 seconds left.\n|inactive|spb2332 has 30 seconds left.\n|inactive|Toxillian has 20 seconds left.\n|inactive|spb2332 has 20 seconds left.\n|\n|t:|1699792445\n|move|p1b: Ogerpon|Horn Leech|p2a: Arcanine\n|-damage|p2a: Arcanine|24\/100\n|-heal|p1b: Ogerpon|57\/100|[from] drain|[of] p2a: Arcanine\n|move|p2a: Arcanine|Rock Slide|p1b: Ogerpon|[spread] p1b\n|-miss|p2a: Arcanine|p1a: Sinistcha\n|-supereffective|p1b: Ogerpon\n|-damage|p1b: Ogerpon|26\/100\n|move|p2b: Rillaboom|Grassy Glide|p1b: Ogerpon\n|-resisted|p1b: Ogerpon\n|-damage|p1b: Ogerpon|13\/100\n|move|p1a: Sinistcha|Matcha Gotcha|p2a: Arcanine|[spread] p2a,p2b\n|-crit|p2a: Arcanine\n|-resisted|p2b: Rillaboom\n|-damage|p2a: Arcanine|0 fnt\n|-damage|p2b: Rillaboom|4\/100\n|faint|p2a: Arcanine\n|\n|-weather|Sandstorm|[upkeep]\n|-damage|p1b: Ogerpon|8\/100|[from] Sandstorm\n|-damage|p2b: Rillaboom|0 fnt|[from] Sandstorm\n|-damage|p1a: Sinistcha|94\/100|[from] Sandstorm\n|faint|p2b: Rillaboom\n|upkeep\n|\n|t:|1699792466\n|switch|p2a: Tyranitar|Tyranitar, L50, M|99\/100\n|switch|p2b: Iron Bundle|Iron Bundle, L50|100\/100\n|-enditem|p2b: Iron Bundle|Booster Energy\n|-activate|p2b: Iron Bundle|ability: Quark Drive|[fromitem]\n|-start|p2b: Iron Bundle|quarkdrivespe\n|turn|7\n|inactive|Toxillian has 30 seconds left.\n|inactive|spb2332 has 30 seconds left.\n|inactive|Toxillian has 20 seconds left.\n|inactive|Toxillian has 15 seconds left.\n|\n|t:|1699792507\n|-terastallize|p2a: Tyranitar|Psychic\n|move|p1b: Ogerpon|Spiky Shield|p1b: Ogerpon\n|-singleturn|p1b: Ogerpon|move: Protect\n|move|p2b: Iron Bundle|Icy Wind|p1a: Sinistcha|[spread] p1a\n|-activate|p1b: Ogerpon|move: Protect\n|-supereffective|p1a: Sinistcha\n|-damage|p1a: Sinistcha|47\/100\n|-unboost|p1a: Sinistcha|spe|1\n|-enditem|p1a: Sinistcha|Sitrus Berry|[eat]\n|-heal|p1a: Sinistcha|72\/100|[from] item: Sitrus Berry\n|move|p2a: Tyranitar|Knock Off|p1a: Sinistcha\n|-supereffective|p1a: Sinistcha\n|-damage|p1a: Sinistcha|13\/100\n|move|p1a: Sinistcha|Matcha Gotcha|p2b: Iron Bundle|[spread] p2a,p2b\n|-supereffective|p2b: Iron Bundle\n|-damage|p2a: Tyranitar|79\/100\n|-heal|p1a: Sinistcha|24\/100|[from] drain|[of] p2a: Tyranitar\n|-damage|p2b: Iron Bundle|0 fnt\n|-heal|p1a: Sinistcha|61\/100|[from] drain|[of] p2b: Iron Bundle\n|faint|p2b: Iron Bundle\n|-end|p2b: Iron Bundle|Quark Drive|[silent]\n|\n|-weather|none\n|upkeep\n|turn|8\n|inactive|Toxillian has 30 seconds left.\n|inactive|spb2332 has 30 seconds left.\n|inactive|Toxillian has 20 seconds left.\n|\n|t:|1699792544\n|move|p1b: Ogerpon|Ivy Cudgel|p2a: Tyranitar\n|-damage|p2a: Tyranitar|22\/100\n|move|p2a: Tyranitar|Rock Slide|p1a: Sinistcha|[spread] p1a,p1b\n|-supereffective|p1b: Ogerpon\n|-damage|p1a: Sinistcha|35\/100\n|-damage|p1b: Ogerpon|0 fnt\n|faint|p1b: Ogerpon\n|cant|p1a: Sinistcha|flinch\n|\n|upkeep\n|\n|t:|1699792549\n|switch|p1b: Flutter Mane|Flutter Mane, L50|12\/100\n|turn|9\n|\n|t:|1699792554\n|move|p1b: Flutter Mane|Shadow Ball|p2a: Tyranitar\n|-supereffective|p2a: Tyranitar\n|-damage|p2a: Tyranitar|0 fnt\n|faint|p2a: Tyranitar\n|\n|win|Toxillian\n|raw|Toxillian's rating: 1241 &rarr; <strong>1259<\/strong><br \/>(+18 for winning)\n|raw|spb2332's rating: 1140 &rarr; <strong>1122<\/strong><br \/>(-18 for losing)\n|c|\u2606Toxillian|gg\n","uploadtime":1699792570,"views":44,"p1id":"toxillian","p2id":"spb2332","formatid":"gen9vgc2023regulatione","rating":1122,"private":0,"password":""}