{"id":"gen9vgc2023regulatione-1988081126","p1":"not lu","p2":"JasePokemonTwitte","format":"[Gen 9] VGC 2023 Regulation E","log":"|j|\u2606not lu\n|j|\u2606JasePokemonTwitte\n|t:|1699667199\n|gametype|doubles\n|player|p1|not lu|riley|1654\n|player|p2|JasePokemonTwitte|youngster-gen4dp|1666\n|teamsize|p1|6\n|teamsize|p2|6\n|gen|9\n|tier|[Gen 9] VGC 2023 Regulation E\n|rated|\n|rule|Species Clause: Limit one of each Pok\u00e9mon\n|rule|Item Clause: Limit one of each item\n|clearpoke\n|poke|p1|Fezandipiti, L50, M|\n|poke|p1|Landorus-Therian, L50, M|\n|poke|p1|Dondozo, L50, M|\n|poke|p1|Tatsugiri, L50, M|\n|poke|p1|Gholdengo, L50|\n|poke|p1|Ogerpon-Hearthflame, L50, F|\n|poke|p2|Ninetales-Alola, L50, M|\n|poke|p2|Iron Hands, L50|\n|poke|p2|Sinistcha, L50|\n|poke|p2|Cresselia, L50, F|\n|poke|p2|Snorlax, L50, F|\n|poke|p2|Arcanine-Hisui, L50, F|\n|teampreview|4\n|\n|t:|1699667224\n|start\n|switch|p1a: Gholdengo|Gholdengo, L50, shiny|100\/100\n|switch|p1b: Ogerpon|Ogerpon-Hearthflame, L50, F|100\/100\n|switch|p2a: Iron Hands|Iron Hands, L50|100\/100\n|switch|p2b: Cresselia|Cresselia, L50, F|100\/100\n|-ability|p1b: Ogerpon|Mold Breaker\n|turn|1\n|\n|t:|1699667236\n|-terastallize|p2b: Cresselia|Fire\n|move|p1b: Ogerpon|Spiky Shield|p1b: Ogerpon\n|-singleturn|p1b: Ogerpon|move: Protect\n|move|p1a: Gholdengo|Make It Rain|p2b: Cresselia|[spread] p2a,p2b\n|-resisted|p2a: Iron Hands\n|-resisted|p2b: Cresselia\n|-damage|p2a: Iron Hands|74\/100\n|-damage|p2b: Cresselia|77\/100\n|-unboost|p1a: Gholdengo|spa|1\n|move|p2a: Iron Hands|Belly Drum|p2a: Iron Hands\n|-damage|p2a: Iron Hands|24\/100\n|-setboost|p2a: Iron Hands|atk|6|[from] move: Belly Drum\n|-enditem|p2a: Iron Hands|Sitrus Berry|[eat]\n|-heal|p2a: Iron Hands|49\/100|[from] item: Sitrus Berry\n|move|p2b: Cresselia|Trick Room|p2b: Cresselia\n|-fieldstart|move: Trick Room|[of] p2b: Cresselia\n|\n|upkeep\n|turn|2\n|\n|t:|1699667253\n|switch|p1a: Dondozo|Dondozo, L50, M|100\/100\n|switch|p1b: Tatsugiri|Tatsugiri, L50, M|100\/100\n|-activate|p1b: Tatsugiri|ability: Commander|[of] p1a: Dondozo\n|-boost|p1a: Dondozo|atk|2\n|-boost|p1a: Dondozo|spa|2\n|-boost|p1a: Dondozo|spe|2\n|-boost|p1a: Dondozo|def|2\n|-boost|p1a: Dondozo|spd|2\n|move|p2a: Iron Hands|Earthquake|p1b: Tatsugiri|[spread] p1a\n|-miss|p2a: Iron Hands|p1b: Tatsugiri\n|-immune|p2b: Cresselia|[from] ability: Levitate\n|-damage|p1a: Dondozo|92\/100\n|move|p2b: Cresselia|Lunar Blessing|p2b: Cresselia|[spread] p2a,p2b\n|-heal|p2a: Iron Hands|74\/100\n|-heal|p2b: Cresselia|100\/100\n|\n|-heal|p1a: Dondozo|98\/100|[from] item: Leftovers\n|upkeep\n|turn|3\n|\n|t:|1699667277\n|-end|p2a: Iron Hands|Quark Drive|[silent]\n|switch|p2a: Arcanine|Arcanine-Hisui, L50, F|100\/100\n|-ability|p2a: Arcanine|Intimidate|boost\n|-unboost|p1a: Dondozo|atk|1\n|-unboost|p1b: Tatsugiri|atk|1\n|switch|p2b: Sinistcha|Sinistcha, L50|100\/100\n|move|p1a: Dondozo|Wave Crash|p2b: Sinistcha\n|-resisted|p2b: Sinistcha\n|-damage|p2b: Sinistcha|75\/100\n|-damage|p1a: Dondozo|81\/100|[from] item: Rocky Helmet|[of] p2b: Sinistcha\n|-damage|p1a: Dondozo|75\/100|[from] Recoil\n|\n|-heal|p1a: Dondozo|81\/100|[from] item: Leftovers\n|upkeep\n|turn|4\n|\n|t:|1699667298\n|switch|p2a: Iron Hands|Iron Hands, L50|74\/100\n|-terastallize|p1a: Dondozo|Dragon\n|move|p2b: Sinistcha|Strength Sap|p1a: Dondozo\n|-unboost|p1a: Dondozo|atk|1\n|-heal|p2b: Sinistcha|100\/100\n|move|p1a: Dondozo|Order Up|p2b: Sinistcha\n|-damage|p2b: Sinistcha|76\/100\n|-boost|p1a: Dondozo|atk|1\n|\n|-heal|p1a: Dondozo|88\/100|[from] item: Leftovers\n|upkeep\n|turn|5\n|\n|t:|1699667316\n|-end|p2a: Iron Hands|Quark Drive|[silent]\n|switch|p2a: Arcanine|Arcanine-Hisui, L50, F|100\/100\n|-ability|p2a: Arcanine|Intimidate|boost\n|-unboost|p1a: Dondozo|atk|1\n|-unboost|p1b: Tatsugiri|atk|1\n|move|p2b: Sinistcha|Strength Sap|p1a: Dondozo\n|-unboost|p1a: Dondozo|atk|1\n|-heal|p2b: Sinistcha|100\/100\n|move|p1a: Dondozo|Order Up|p2b: Sinistcha\n|-damage|p2b: Sinistcha|83\/100\n|-boost|p1a: Dondozo|atk|1\n|\n|-heal|p1a: Dondozo|94\/100|[from] item: Leftovers\n|-fieldend|move: Trick Room\n|upkeep\n|turn|6\n|\n|t:|1699667336\n|switch|p2a: Iron Hands|Iron Hands, L50|74\/100\n|move|p1a: Dondozo|Order Up|p2a: Iron Hands\n|-damage|p2a: Iron Hands|54\/100\n|-boost|p1a: Dondozo|atk|1\n|move|p2b: Sinistcha|Matcha Gotcha|p1a: Dondozo|[spread] p1a\n|-miss|p2b: Sinistcha|p1b: Tatsugiri\n|-resisted|p1a: Dondozo\n|-damage|p1a: Dondozo|88\/100\n|-heal|p2b: Sinistcha|88\/100|[from] drain|[of] p1a: Dondozo\n|\n|-heal|p1a: Dondozo|94\/100|[from] item: Leftovers\n|upkeep\n|turn|7\n|\n|t:|1699667353\n|-end|p2a: Iron Hands|Quark Drive|[silent]\n|switch|p2a: Arcanine|Arcanine-Hisui, L50, F|100\/100\n|-ability|p2a: Arcanine|Intimidate|boost\n|-unboost|p1a: Dondozo|atk|1\n|-unboost|p1b: Tatsugiri|atk|1\n|move|p1a: Dondozo|Wave Crash|p2a: Arcanine\n|-supereffective|p2a: Arcanine\n|-damage|p2a: Arcanine|0 fnt\n|faint|p2a: Arcanine\n|-damage|p1a: Dondozo|66\/100|[from] Recoil\n|move|p2b: Sinistcha|Matcha Gotcha|p1a: Dondozo|[spread] p1a\n|-miss|p2b: Sinistcha|p1b: Tatsugiri\n|-resisted|p1a: Dondozo\n|-damage|p1a: Dondozo|60\/100\n|-heal|p2b: Sinistcha|92\/100|[from] drain|[of] p1a: Dondozo\n|\n|-heal|p1a: Dondozo|66\/100|[from] item: Leftovers\n|upkeep\n|\n|t:|1699667370\n|switch|p2a: Cresselia|Cresselia, L50, F, tera:Fire|100\/100\n|turn|8\n|\n|t:|1699667375\n|move|p1a: Dondozo|Order Up|p2b: Sinistcha\n|-damage|p2b: Sinistcha|70\/100\n|-boost|p1a: Dondozo|atk|1\n|move|p2b: Sinistcha|Matcha Gotcha|p1b: Tatsugiri|[spread] p1a\n|-miss|p2b: Sinistcha|p1b: Tatsugiri\n|-resisted|p1a: Dondozo\n|-damage|p1a: Dondozo|60\/100\n|-heal|p2b: Sinistcha|74\/100|[from] drain|[of] p1a: Dondozo\n|move|p2a: Cresselia|Trick Room|p2a: Cresselia\n|-fieldstart|move: Trick Room|[of] p2a: Cresselia\n|\n|-heal|p1a: Dondozo|67\/100|[from] item: Leftovers\n|upkeep\n|turn|9\n|\n|t:|1699667393\n|move|p1a: Dondozo|Protect|p1a: Dondozo\n|-singleturn|p1a: Dondozo|Protect\n|move|p2b: Sinistcha|Matcha Gotcha|p1a: Dondozo|[spread] \n|-miss|p2b: Sinistcha|p1b: Tatsugiri\n|-activate|p1a: Dondozo|move: Protect\n|move|p2a: Cresselia|Ice Beam|p1a: Dondozo\n|-activate|p1a: Dondozo|move: Protect\n|\n|-heal|p1a: Dondozo|73\/100|[from] item: Leftovers\n|upkeep\n|turn|10\n|\n|t:|1699667402\n|move|p2b: Sinistcha|Matcha Gotcha|p1a: Dondozo|[spread] p1a\n|-miss|p2b: Sinistcha|p1b: Tatsugiri\n|-resisted|p1a: Dondozo\n|-damage|p1a: Dondozo|67\/100\n|-heal|p2b: Sinistcha|79\/100|[from] drain|[of] p1a: Dondozo\n|move|p2a: Cresselia|Ice Beam|p1a: Dondozo\n|-supereffective|p1a: Dondozo\n|-damage|p1a: Dondozo|48\/100\n|move|p1a: Dondozo|Order Up|p2b: Sinistcha\n|-damage|p2b: Sinistcha|41\/100\n|-boost|p1a: Dondozo|atk|1\n|\n|-heal|p1a: Dondozo|55\/100|[from] item: Leftovers\n|upkeep\n|turn|11\n|\n|t:|1699667415\n|move|p1a: Dondozo|Protect|p1a: Dondozo\n|-singleturn|p1a: Dondozo|Protect\n|move|p2b: Sinistcha|Life Dew||[still]|[spread] p2a,p2b\n|-fail|p2a: Cresselia|heal\n|-heal|p2b: Sinistcha|66\/100\n|move|p2a: Cresselia|Lunar Blessing|p2a: Cresselia|[spread] p2a,p2b\n|-heal|p2b: Sinistcha|91\/100\n|\n|-heal|p1a: Dondozo|61\/100|[from] item: Leftovers\n|upkeep\n|turn|12\n|\n|t:|1699667423\n|move|p2b: Sinistcha|Matcha Gotcha|p1b: Tatsugiri|[spread] p1a\n|-miss|p2b: Sinistcha|p1b: Tatsugiri\n|-resisted|p1a: Dondozo\n|-damage|p1a: Dondozo|54\/100\n|-heal|p2b: Sinistcha|96\/100|[from] drain|[of] p1a: Dondozo\n|move|p2a: Cresselia|Ice Beam|p1a: Dondozo\n|-supereffective|p1a: Dondozo\n|-damage|p1a: Dondozo|38\/100\n|move|p1a: Dondozo|Wave Crash|p2a: Cresselia\n|-supereffective|p2a: Cresselia\n|-damage|p2a: Cresselia|0 fnt\n|faint|p2a: Cresselia\n|-damage|p1a: Dondozo|6\/100|[from] Recoil\n|\n|-heal|p1a: Dondozo|13\/100|[from] item: Leftovers\n|-fieldend|move: Trick Room\n|upkeep\n|\n|t:|1699667439\n|switch|p2a: Iron Hands|Iron Hands, L50|54\/100\n|turn|13\n|-message|JasePokemonTwitte forfeited.\n|\n|win|not lu\n|raw|not lu's rating: 1654 &rarr; <strong>1675<\/strong><br \/>(+21 for winning)\n|raw|JasePokemonTwitte's rating: 1666 &rarr; <strong>1645<\/strong><br \/>(-21 for losing)\n|l|\u2606JasePokemonTwitte\n","uploadtime":1699667447,"views":19,"p1id":"notlu","p2id":"jasepokemontwitte","formatid":"gen9vgc2023regulatione","rating":1645,"private":0,"password":""}