{"id":"gen9vgc2023regulatione-1992971633","p1":"sauceysauce","p2":"YallMighty","format":"[Gen 9] VGC 2023 Regulation E","log":"|j|\u2606sauceysauce\n|j|\u2606YallMighty\n|t:|1700251526\n|gametype|doubles\n|player|p1|sauceysauce|unknown|1116\n|player|p2|YallMighty|169|1201\n|teamsize|p1|6\n|teamsize|p2|6\n|gen|9\n|tier|[Gen 9] VGC 2023 Regulation E\n|rated|\n|rule|Species Clause: Limit one of each Pok\u00e9mon\n|rule|Item Clause: Limit one of each item\n|clearpoke\n|poke|p1|Wyrdeer, L50, M|\n|poke|p1|Okidogi, L50, M|\n|poke|p1|Cresselia, L50, F|\n|poke|p1|Rillaboom, L50, F|\n|poke|p1|Furret, L50, M|\n|poke|p1|Milotic, L50, M|\n|poke|p2|Chi-Yu, L50|\n|poke|p2|Torkoal, L50, F|\n|poke|p2|Landorus-Therian, L50, M|\n|poke|p2|Iron Hands, L50|\n|poke|p2|Tornadus, L50, M|\n|poke|p2|Sinistcha-Masterpiece, L50|\n|teampreview|4\n|\n|t:|1700251558\n|start\n|switch|p1a: Furret|Furret, L50, M|100\/100\n|switch|p1b: Milotic|Milotic, L50, M|100\/100\n|switch|p2a: Iron Hands|Iron Hands, L50|100\/100\n|switch|p2b: Sinistcha|Sinistcha-Masterpiece, L50|100\/100\n|-item|p2a: Iron Hands|Assault Vest|[from] ability: Frisk|[of] p1a: Furret|[identify]\n|-item|p2b: Sinistcha|Rocky Helmet|[from] ability: Frisk|[of] p1a: Furret|[identify]\n|turn|1\n|\n|t:|1700251604\n|switch|p1b: Wyrdeer|Wyrdeer, L50, M|100\/100\n|-ability|p1b: Wyrdeer|Intimidate|boost\n|-unboost|p2a: Iron Hands|atk|1\n|-unboost|p2b: Sinistcha|atk|1\n|move|p2a: Iron Hands|Fake Out|p1b: Wyrdeer\n|-damage|p1b: Wyrdeer|90\/100\n|move|p2b: Sinistcha|Matcha Gotcha|p1b: Wyrdeer|[spread] p1a,p1b\n|-damage|p1a: Furret|72\/100\n|-damage|p1b: Wyrdeer|70\/100\n|move|p1a: Furret|Chilling Water|p2a: Iron Hands\n|-damage|p2a: Iron Hands|97\/100\n|-unboost|p2a: Iron Hands|atk|1\n|\n|upkeep\n|turn|2\n|\n|t:|1700251649\n|switch|p1a: Okidogi|Okidogi, L50, M|100\/100\n|move|p2b: Sinistcha|Matcha Gotcha|p1b: Wyrdeer|[spread] p1a,p1b\n|-resisted|p1a: Okidogi\n|-damage|p1a: Okidogi|88\/100\n|-damage|p1b: Wyrdeer|47\/100\n|move|p2a: Iron Hands|Drain Punch|p1a: Okidogi\n|-resisted|p1a: Okidogi\n|-damage|p1a: Okidogi|78\/100\n|-heal|p2a: Iron Hands|100\/100|[from] drain|[of] p1a: Okidogi\n|move|p1b: Wyrdeer|Skill Swap|p2b: Sinistcha\n|-activate|p1b: Wyrdeer|move: Skill Swap|Hospitality|Intimidate|[of] p2b: Sinistcha\n|-heal|p1a: Okidogi|100\/100|[from] ability: Hospitality|[of] p1b: Wyrdeer\n|-ability|p2b: Sinistcha|Intimidate|boost\n|-ability|p1a: Okidogi|Guard Dog|boost\n|-boost|p1a: Okidogi|atk|1\n|-unboost|p1b: Wyrdeer|atk|1\n|\n|upkeep\n|turn|3\n|\n|t:|1700251687\n|move|p1b: Wyrdeer|Protect|p1b: Wyrdeer\n|-singleturn|p1b: Wyrdeer|Protect\n|move|p2b: Sinistcha|Matcha Gotcha|p1b: Wyrdeer|[spread] p1a\n|-activate|p1b: Wyrdeer|move: Protect\n|-resisted|p1a: Okidogi\n|-damage|p1a: Okidogi|87\/100\n|-status|p1a: Okidogi|brn\n|-enditem|p1a: Okidogi|Lum Berry|[eat]\n|-curestatus|p1a: Okidogi|brn|[msg]\n|move|p2a: Iron Hands|Heavy Slam|p1b: Wyrdeer\n|-activate|p1b: Wyrdeer|move: Protect\n|move|p1a: Okidogi|Gunk Shot|p2b: Sinistcha\n|-damage|p2b: Sinistcha|14\/100\n|\n|upkeep\n|turn|4\n|\n|t:|1700251706\n|switch|p2b: Chi-Yu|Chi-Yu, L50|100\/100\n|-ability|p2b: Chi-Yu|Beads of Ruin\n|-end|p2a: Iron Hands|Quark Drive|[silent]\n|switch|p2a: Torkoal|Torkoal, L50, F|100\/100\n|-weather|SunnyDay|[from] ability: Drought|[of] p2a: Torkoal\n|move|p1a: Okidogi|Protect|p1a: Okidogi\n|-singleturn|p1a: Okidogi|Protect\n|move|p1b: Wyrdeer|Trick Room|p1b: Wyrdeer\n|-fieldstart|move: Trick Room|[of] p1b: Wyrdeer\n|\n|-weather|SunnyDay|[upkeep]\n|upkeep\n|turn|5\n|\n|t:|1700251729\n|switch|p1b: Milotic|Milotic, L50, M|100\/100\n|move|p2b: Chi-Yu|Protect|p2b: Chi-Yu\n|-singleturn|p2b: Chi-Yu|Protect\n|move|p2a: Torkoal|Clear Smog|p1a: Okidogi\n|-resisted|p1a: Okidogi\n|-damage|p1a: Okidogi|80\/100\n|-clearboost|p1a: Okidogi\n|move|p1a: Okidogi|Drain Punch|p2b: Chi-Yu\n|-activate|p2b: Chi-Yu|move: Protect\n|\n|-weather|SunnyDay|[upkeep]\n|upkeep\n|turn|6\n|\n|t:|1700251753\n|switch|p1b: Furret|Furret, L50, M|72\/100\n|-item|p2a: Torkoal|Heat Rock|[from] ability: Frisk|[of] p1b: Furret|[identify]\n|-item|p2b: Chi-Yu|Charcoal|[from] ability: Frisk|[of] p1b: Furret|[identify]\n|move|p1a: Okidogi|Protect|p1a: Okidogi\n|-singleturn|p1a: Okidogi|Protect\n|move|p2a: Torkoal|Yawn|p1b: Furret\n|-start|p1b: Furret|move: Yawn|[of] p2a: Torkoal\n|move|p2b: Chi-Yu|Dark Pulse|p1b: Furret\n|-damage|p1b: Furret|8\/100\n|\n|-weather|SunnyDay|[upkeep]\n|upkeep\n|turn|7\n|\n|t:|1700251797\n|move|p2b: Chi-Yu|Protect|p2b: Chi-Yu\n|-singleturn|p2b: Chi-Yu|Protect\n|move|p1b: Furret|Follow Me|p1b: Furret\n|-singleturn|p1b: Furret|move: Follow Me\n|move|p2a: Torkoal|Overheat|p1b: Furret|[miss]\n|-miss|p2a: Torkoal|p1b: Furret\n|move|p1a: Okidogi|Bulk Up|p1a: Okidogi\n|-boost|p1a: Okidogi|atk|1\n|-boost|p1a: Okidogi|def|1\n|\n|-weather|SunnyDay|[upkeep]\n|-end|p1b: Furret|move: Yawn|[silent]\n|-status|p1b: Furret|slp\n|upkeep\n|turn|8\n|\n|t:|1700251812\n|-terastallize|p2b: Chi-Yu|Fire\n|cant|p1b: Furret|slp\n|move|p2a: Torkoal|Clear Smog|p1a: Okidogi\n|-resisted|p1a: Okidogi\n|-damage|p1a: Okidogi|73\/100\n|-clearboost|p1a: Okidogi\n|move|p1a: Okidogi|Drain Punch|p2b: Chi-Yu\n|-damage|p2b: Chi-Yu|25\/100\n|-heal|p1a: Okidogi|99\/100|[from] drain|[of] p2b: Chi-Yu\n|move|p2b: Chi-Yu|Heat Wave|p1b: Furret|[spread] p1a,p1b\n|-damage|p1a: Okidogi|0 fnt\n|-damage|p1b: Furret|0 fnt\n|faint|p1a: Okidogi\n|faint|p1b: Furret\n|\n|-weather|SunnyDay|[upkeep]\n|-fieldend|move: Trick Room\n|upkeep\n|\n|t:|1700251841\n|switch|p1b: Milotic|Milotic, L50, M|100\/100\n|switch|p1a: Wyrdeer|Wyrdeer, L50, M|47\/100\n|-ability|p1a: Wyrdeer|Intimidate|boost\n|-unboost|p2a: Torkoal|atk|1\n|-unboost|p2b: Chi-Yu|atk|1\n|turn|9\n|\n|t:|1700251856\n|move|p2a: Torkoal|Helping Hand|p2b: Chi-Yu\n|-singleturn|p2b: Chi-Yu|Helping Hand|[of] p2a: Torkoal\n|move|p2b: Chi-Yu|Dark Pulse|p1b: Milotic\n|-damage|p1b: Milotic|33\/100\n|move|p1b: Milotic|Recover|p1b: Milotic\n|-heal|p1b: Milotic|83\/100\n|move|p1a: Wyrdeer|Skill Swap|p2a: Torkoal\n|-activate|p1a: Wyrdeer|move: Skill Swap|Drought|Intimidate|[of] p2a: Torkoal\n|-ability|p2a: Torkoal|Intimidate|boost\n|-unboost|p1a: Wyrdeer|atk|1\n|-unboost|p1b: Milotic|atk|1\n|-ability|p1b: Milotic|Competitive|boost\n|-boost|p1b: Milotic|spa|2\n|\n|-weather|SunnyDay|[upkeep]\n|upkeep\n|turn|10\n|\n|t:|1700251875\n|move|p2a: Torkoal|Helping Hand|p2b: Chi-Yu\n|-singleturn|p2b: Chi-Yu|Helping Hand|[of] p2a: Torkoal\n|move|p2b: Chi-Yu|Heat Wave|p1b: Milotic|[spread] p1a,p1b\n|-resisted|p1b: Milotic\n|-damage|p1a: Wyrdeer|0 fnt\n|-damage|p1b: Milotic|14\/100\n|faint|p1a: Wyrdeer\n|move|p1b: Milotic|Hydro Pump|p2a: Torkoal|[miss]\n|-miss|p1b: Milotic|p2a: Torkoal\n|\n|-weather|SunnyDay|[upkeep]\n|upkeep\n|turn|11\n|-message|sauceysauce forfeited.\n|\n|win|YallMighty\n|raw|sauceysauce's rating: 1116 &rarr; <strong>1097<\/strong><br \/>(-19 for losing)\n|raw|YallMighty's rating: 1201 &rarr; <strong>1220<\/strong><br \/>(+19 for winning)\n|l|\u2606sauceysauce\n","uploadtime":1700251901,"views":27,"p1id":"sauceysauce","p2id":"yallmighty","formatid":"gen9vgc2023regulatione","rating":1097,"private":0,"password":""}