{"id":"gen9vgc2023regulatione-1989149883","p1":"rennui-","p2":"geqgqeeqg","format":"[Gen 9] VGC 2023 Regulation E","log":"|j|\u2606rennui-\n|j|\u2606geqgqeeqg\n|t:|1699817534\n|gametype|doubles\n|player|p1|rennui-|erika|1315\n|player|p2|geqgqeeqg|dawn|1273\n|teamsize|p1|6\n|teamsize|p2|6\n|gen|9\n|tier|[Gen 9] VGC 2023 Regulation E\n|rated|\n|rule|Species Clause: Limit one of each Pok\u00e9mon\n|rule|Item Clause: Limit one of each item\n|clearpoke\n|poke|p1|Flutter Mane, L50|\n|poke|p1|Chi-Yu, L50|\n|poke|p1|Torkoal, L50, F|\n|poke|p1|Ogerpon-Wellspring, L50, F|\n|poke|p1|Farigiraf, L50, M|\n|poke|p1|Iron Hands, L50|\n|poke|p2|Slaking, L50, M|\n|poke|p2|Weezing, L50, M|\n|poke|p2|Gyarados, L50, M|\n|poke|p2|Urshifu-*, L50, M|\n|poke|p2|Flutter Mane, L50|\n|poke|p2|Grimmsnarl, L50, M|\n|teampreview|4\n|inactive|Battle timer is ON: inactive players will automatically lose when time's up. (requested by geqgqeeqg)\nrennui- has agreed to open team sheets.\n|inactive|rennui- has 60 seconds left.\n|\n|t:|1699817575\n|start\n|switch|p1a: Flutter Mane|Flutter Mane, L50|100\/100\n|switch|p1b: Torkoal|Torkoal, L50, F, shiny|100\/100\n|switch|p2a: Grimmsnarl|Grimmsnarl, L50, M, shiny|100\/100\n|switch|p2b: Weezing|Weezing, L50, M|100\/100\n|-ability|p2b: Weezing|Neutralizing Gas\n|-block|p2a: Grimmsnarl|item: Ability Shield\n|turn|1\n|inactive|rennui- has 30 seconds left.\n|inactive|rennui- has 20 seconds left.\n|\n|t:|1699817613\n|move|p2a: Grimmsnarl|Parting Shot|p1a: Flutter Mane\n|-unboost|p1a: Flutter Mane|atk|1\n|-unboost|p1a: Flutter Mane|spa|1\n|\n|t:|1699817618\n|switch|p2a: Slaking|Slaking, L50, M, shiny|100\/100|[from] Parting Shot\n|move|p1a: Flutter Mane|Moonblast|p2a: Slaking\n|-damage|p2a: Slaking|62\/100\n|move|p2b: Weezing|Sludge Bomb|p1b: Torkoal\n|-damage|p1b: Torkoal|62\/100\n|move|p1b: Torkoal|Earth Power|p2b: Weezing\n|-supereffective|p2b: Weezing\n|-crit|p2b: Weezing\n|-damage|p2b: Weezing|23\/100\n|\n|-heal|p2b: Weezing|29\/100|[from] item: Leftovers\n|upkeep\n|turn|2\n|inactive|rennui- has 30 seconds left.\n|inactive|rennui- has 20 seconds left.\n|inactive|rennui- has 15 seconds left.\n|\n|t:|1699817662\n|-terastallize|p1a: Flutter Mane|Fairy\n|move|p1b: Torkoal|Helping Hand|p1a: Flutter Mane\n|-singleturn|p1a: Flutter Mane|Helping Hand|[of] p1b: Torkoal\n|move|p2b: Weezing|Protect|p2b: Weezing\n|-singleturn|p2b: Weezing|Protect\n|move|p1a: Flutter Mane|Moonblast|p2a: Slaking\n|-damage|p2a: Slaking|0 fnt\n|faint|p2a: Slaking\n|\n|-heal|p2b: Weezing|35\/100|[from] item: Leftovers\n|upkeep\n|\n|t:|1699817680\n|switch|p2a: Urshifu|Urshifu, L50, M|100\/100\n|turn|3\n|\n|t:|1699817687\n|-end|p1a: Flutter Mane|Protosynthesis|[silent]\n|switch|p1a: Ogerpon|Ogerpon-Wellspring, L50, F|100\/100\n|-end|p2b: Weezing|ability: Neutralizing Gas\n|-weather|SunnyDay|[from] ability: Drought|[of] p1b: Torkoal\n|switch|p2b: Grimmsnarl|Grimmsnarl, L50, M, shiny|100\/100\n|-terastallize|p2a: Urshifu|Ghost\n|move|p2a: Urshifu|Wicked Blow|p1a: Ogerpon\n|-crit|p1a: Ogerpon\n|-damage|p1a: Ogerpon|30\/100\n|move|p1b: Torkoal|Earth Power|p2b: Grimmsnarl\n|-damage|p2b: Grimmsnarl|75\/100\n|\n|-weather|SunnyDay|[upkeep]\n|upkeep\n|turn|4\n|\n|t:|1699817712\n|move|p2b: Grimmsnarl|Fake Out|p1b: Torkoal\n|-damage|p1b: Torkoal|53\/100\n|move|p1a: Ogerpon|Follow Me|p1a: Ogerpon\n|-singleturn|p1a: Ogerpon|move: Follow Me\n|move|p2a: Urshifu|Wicked Blow|p1a: Ogerpon\n|-crit|p1a: Ogerpon\n|-damage|p1a: Ogerpon|0 fnt\n|faint|p1a: Ogerpon\n|cant|p1b: Torkoal|flinch\n|\n|-weather|SunnyDay|[upkeep]\n|upkeep\n|\n|t:|1699817723\n|switch|p1a: Flutter Mane|Flutter Mane, L50, tera:Fairy|100\/100\n|-activate|p1a: Flutter Mane|ability: Protosynthesis\n|-start|p1a: Flutter Mane|protosynthesisspa\n|turn|5\n|\n|t:|1699817735\n|move|p1b: Torkoal|Helping Hand|p1a: Flutter Mane\n|-singleturn|p1a: Flutter Mane|Helping Hand|[of] p1b: Torkoal\n|move|p2b: Grimmsnarl|Parting Shot|p1a: Flutter Mane\n|-unboost|p1a: Flutter Mane|atk|1\n|-unboost|p1a: Flutter Mane|spa|1\n|\n|t:|1699817737\n|switch|p2b: Weezing|Weezing, L50, M|35\/100|[from] Parting Shot\n|-ability|p2b: Weezing|Neutralizing Gas\n|move|p1a: Flutter Mane|Dazzling Gleam|p2a: Urshifu|[spread] p2a,p2b\n|-resisted|p2b: Weezing\n|-damage|p2a: Urshifu|11\/100\n|-damage|p2b: Weezing|0 fnt\n|faint|p2b: Weezing\n|-end|p2b: Weezing|ability: Neutralizing Gas\n|move|p2a: Urshifu|Wicked Blow|p1a: Flutter Mane\n|-resisted|p1a: Flutter Mane\n|-crit|p1a: Flutter Mane\n|-damage|p1a: Flutter Mane|37\/100\n|\n|-weather|SunnyDay|[upkeep]\n|upkeep\n|-message|geqgqeeqg forfeited.\n|\n|win|rennui-\n|raw|rennui-'s rating: 1315 &rarr; <strong>1333<\/strong><br \/>(+18 for winning)\n|raw|geqgqeeqg's rating: 1277 &rarr; <strong>1255<\/strong><br \/>(-22 for losing)\n|l|\u2606geqgqeeqg\n","uploadtime":1699817755,"views":29,"p1id":"rennui","p2id":"geqgqeeqg","formatid":"gen9vgc2023regulatione","rating":1255,"private":0,"password":""}