{"id":"gen9vgc2023regulatione-1991632248","p1":"Savage Mushroom","p2":"squareroot2","format":"[Gen 9] VGC 2023 Regulation E","log":"|j|\u2606Savage Mushroom\n|j|\u2606squareroot2\n|t:|1700096396\n|gametype|doubles\n|player|p1|Savage Mushroom|170|1512\n|player|p2|squareroot2|169|1497\n|teamsize|p1|6\n|teamsize|p2|6\n|gen|9\n|tier|[Gen 9] VGC 2023 Regulation E\n|rated|\n|rule|Species Clause: Limit one of each Pok\u00e9mon\n|rule|Item Clause: Limit one of each item\n|clearpoke\n|poke|p1|Dragonite, L50, F|\n|poke|p1|Gastrodon-East, L50, F|\n|poke|p1|Tauros-Paldea-Blaze, L50, M|\n|poke|p1|Chien-Pao, L50|\n|poke|p1|Sinistcha, L50|\n|poke|p1|Ursaluna-Bloodmoon, L50, M|\n|poke|p2|Moltres-Galar, L50|\n|poke|p2|Kingambit, L50, F|\n|poke|p2|Munkidori, L50, M|\n|poke|p2|Sinistcha, L50|\n|poke|p2|Grimmsnarl, L50, M|\n|poke|p2|Gastrodon, L50, M|\n|teampreview|4\nSavage Mushroom has agreed to open team sheets.\n|inactive|Battle timer is ON: inactive players will automatically lose when time's up. (requested by squareroot2)\n|inactive|Savage Mushroom has 60 seconds left.\n|inactive|Savage Mushroom has 30 seconds left.\n|\n|t:|1700096547\n|start\n|switch|p1a: Gastrodon|Gastrodon-East, L50, F|100\/100\n|switch|p1b: Dragonite|Dragonite, L50, F|100\/100\n|switch|p2a: Grimmsnarl|Grimmsnarl, L50, M|100\/100\n|switch|p2b: Gastrodon|Gastrodon, L50, M|100\/100\n|turn|1\n|j| pusslicking\n|\n|t:|1700096566\n|move|p2a: Grimmsnarl|Reflect|p2a: Grimmsnarl\n|-sidestart|p2: squareroot2|Reflect\n|move|p1b: Dragonite|Iron Head|p2a: Grimmsnarl\n|-supereffective|p2a: Grimmsnarl\n|-damage|p2a: Grimmsnarl|62\/100\n|move|p2b: Gastrodon|Yawn|p1b: Dragonite\n|-start|p1b: Dragonite|move: Yawn|[of] p2b: Gastrodon\n|move|p1a: Gastrodon|Yawn|p2b: Gastrodon\n|-start|p2b: Gastrodon|move: Yawn|[of] p1a: Gastrodon\n|\n|upkeep\n|turn|2\n|l| pusslicking\n|\n|t:|1700096591\n|switch|p1b: Tauros|Tauros-Paldea-Blaze, L50, M|100\/100\n|-ability|p1b: Tauros|Intimidate|boost\n|-unboost|p2a: Grimmsnarl|atk|1\n|-unboost|p2b: Gastrodon|atk|1\n|switch|p2b: Sinistcha|Sinistcha, L50|100\/100\n|-heal|p2a: Grimmsnarl|87\/100|[from] ability: Hospitality|[of] p2b: Sinistcha\n|move|p2a: Grimmsnarl|Light Screen|p2a: Grimmsnarl\n|-sidestart|p2: squareroot2|move: Light Screen\n|move|p1a: Gastrodon|Yawn|p2b: Sinistcha\n|-start|p2b: Sinistcha|move: Yawn|[of] p1a: Gastrodon\n|\n|upkeep\n|turn|3\n|inactive|Savage Mushroom has 30 seconds left.\n|inactive|squareroot2 has 30 seconds left.\n|inactive|Savage Mushroom has 20 seconds left.\n|\n|t:|1700096629\n|switch|p2b: Gastrodon|Gastrodon, L50, M|100\/100\n|move|p1a: Gastrodon|Protect|p1a: Gastrodon\n|-singleturn|p1a: Gastrodon|Protect\n|move|p2a: Grimmsnarl|Parting Shot|p1b: Tauros\n|-unboost|p1b: Tauros|atk|1\n|-unboost|p1b: Tauros|spa|1\n|\n|t:|1700096641\n|switch|p2a: Moltres|Moltres-Galar, L50|100\/100|[from] Parting Shot\n|move|p1b: Tauros|Raging Bull|p2b: Gastrodon\n|-sideend|p2: squareroot2|Reflect\n|-sideend|p2: squareroot2|move: Light Screen\n|-resisted|p2b: Gastrodon\n|-damage|p2b: Gastrodon|82\/100\n|\n|-heal|p2b: Gastrodon|88\/100|[from] item: Leftovers\n|upkeep\n|turn|4\n|\n|t:|1700096663\n|switch|p1b: Dragonite|Dragonite, L50, F|100\/100\n|move|p2a: Moltres|Protect|p2a: Moltres\n|-singleturn|p2a: Moltres|Protect\n|move|p2b: Gastrodon|Yawn|p1a: Gastrodon\n|-start|p1a: Gastrodon|move: Yawn|[of] p2b: Gastrodon\n|move|p1a: Gastrodon|Yawn|p2a: Moltres\n|-activate|p2a: Moltres|move: Protect\n|\n|-heal|p2b: Gastrodon|95\/100|[from] item: Leftovers\n|upkeep\n|turn|5\n|inactive|Savage Mushroom has 30 seconds left.\n|inactive|squareroot2 has 30 seconds left.\n|inactive|Savage Mushroom has 20 seconds left.\n|inactive|Savage Mushroom has 15 seconds left.\n|inactive|squareroot2 has 20 seconds left.\n|inactive|Savage Mushroom has 10 seconds left.\n|\n|t:|1700096709\n|switch|p2b: Grimmsnarl|Grimmsnarl, L50, M|87\/100\n|switch|p1a: Chien-Pao|Chien-Pao, L50|100\/100\n|-ability|p1a: Chien-Pao|Sword of Ruin\n|move|p2a: Moltres|Nasty Plot|p2a: Moltres\n|-boost|p2a: Moltres|spa|2\n|move|p1b: Dragonite|Aerial Ace|p2b: Grimmsnarl\n|-damage|p2b: Grimmsnarl|42\/100\n|\n|upkeep\n|turn|6\n|inactive|squareroot2 has 30 seconds left.\n|inactive|squareroot2 has 20 seconds left.\n|\n|t:|1700096747\n|-terastallize|p2a: Moltres|Poison\n|move|p2b: Grimmsnarl|Reflect|p2b: Grimmsnarl\n|-sidestart|p2: squareroot2|Reflect\n|move|p1a: Chien-Pao|Haze|p1a: Chien-Pao\n|-clearallboost\n|move|p2a: Moltres|Fiery Wrath|p1a: Chien-Pao|[spread] p1a,p1b\n|-resisted|p1a: Chien-Pao\n|-damage|p1a: Chien-Pao|75\/100\n|-damage|p1b: Dragonite|82\/100\n|move|p1b: Dragonite|Iron Head|p2b: Grimmsnarl\n|-supereffective|p2b: Grimmsnarl\n|-damage|p2b: Grimmsnarl|0 fnt\n|faint|p2b: Grimmsnarl\n|\n|upkeep\n|\n|t:|1700096766\n|switch|p2b: Gastrodon|Gastrodon, L50, M|95\/100\n|turn|7\n|\n|t:|1700096786\n|switch|p1b: Gastrodon|Gastrodon-East, L50, F|100\/100\n|move|p1a: Chien-Pao|Protect|p1a: Chien-Pao\n|-singleturn|p1a: Chien-Pao|Protect\n|move|p2a: Moltres|Fiery Wrath|p1a: Chien-Pao|[spread] p1b\n|-activate|p1a: Chien-Pao|move: Protect\n|-damage|p1b: Gastrodon|73\/100\n|move|p2b: Gastrodon|Ice Beam|p1b: Gastrodon\n|-damage|p1b: Gastrodon|56\/100\n|\n|-heal|p2b: Gastrodon|100\/100|[from] item: Leftovers\n|-heal|p1b: Gastrodon|62\/100|[from] item: Leftovers\n|upkeep\n|turn|8\n|inactive|squareroot2 has 30 seconds left.\n|inactive|squareroot2 has 20 seconds left.\n|\n|t:|1700096823\n|switch|p1a: Dragonite|Dragonite, L50, F|82\/100\n|move|p2a: Moltres|Air Slash|p1a: Dragonite\n|-damage|p1a: Dragonite|61\/100\n|move|p2b: Gastrodon|Earth Power|p1a: Dragonite\n|-immune|p1a: Dragonite\n|move|p1b: Gastrodon|Yawn|p2a: Moltres\n|-start|p2a: Moltres|move: Yawn|[of] p1b: Gastrodon\n|\n|-heal|p1b: Gastrodon|68\/100|[from] item: Leftovers\n|upkeep\n|turn|9\n|\n|t:|1700096843\n|switch|p2a: Sinistcha|Sinistcha, L50|100\/100\n|move|p1a: Dragonite|Aerial Ace|p2a: Sinistcha\n|-supereffective|p2a: Sinistcha\n|-damage|p2a: Sinistcha|57\/100\n|-damage|p1a: Dragonite|44\/100|[from] item: Rocky Helmet|[of] p2a: Sinistcha\n|move|p2b: Gastrodon|Ice Beam|p1a: Dragonite\n|-supereffective|p1a: Dragonite\n|-damage|p1a: Dragonite|0 fnt\n|faint|p1a: Dragonite\n|move|p1b: Gastrodon|Yawn|p2a: Sinistcha\n|-start|p2a: Sinistcha|move: Yawn|[of] p1b: Gastrodon\n|\n|-heal|p1b: Gastrodon|74\/100|[from] item: Leftovers\n|upkeep\n|\n|t:|1700096848\n|switch|p1a: Tauros|Tauros-Paldea-Blaze, L50, M|100\/100\n|-ability|p1a: Tauros|Intimidate|boost\n|-unboost|p2a: Sinistcha|atk|1\n|-unboost|p2b: Gastrodon|atk|1\n|turn|10\n|inactive|Savage Mushroom has 30 seconds left.\n|inactive|squareroot2 has 30 seconds left.\n|\n|t:|1700096881\n|move|p1a: Tauros|Raging Bull|p2a: Sinistcha\n|-sideend|p2: squareroot2|Reflect\n|-supereffective|p2a: Sinistcha\n|-damage|p2a: Sinistcha|0 fnt\n|-damage|p1a: Tauros|84\/100|[from] item: Rocky Helmet|[of] p2a: Sinistcha\n|faint|p2a: Sinistcha\n|move|p2b: Gastrodon|Yawn|p1b: Gastrodon\n|-start|p1b: Gastrodon|move: Yawn|[of] p2b: Gastrodon\n|move|p1b: Gastrodon|Yawn|p2b: Gastrodon\n|-start|p2b: Gastrodon|move: Yawn|[of] p1b: Gastrodon\n|\n|-heal|p1b: Gastrodon|80\/100|[from] item: Leftovers\n|upkeep\n|\n|t:|1700096892\n|switch|p2a: Moltres|Moltres-Galar, L50, tera:Poison|100\/100\n|turn|11\n|inactive|Savage Mushroom has 30 seconds left.\n|inactive|Savage Mushroom has 20 seconds left.\n|\n|t:|1700096930\n|switch|p1b: Chien-Pao|Chien-Pao, L50|75\/100\n|-ability|p1b: Chien-Pao|Sword of Ruin\n|-terastallize|p1a: Tauros|Steel\n|move|p2a: Moltres|Protect|p2a: Moltres\n|-singleturn|p2a: Moltres|Protect\n|move|p1a: Tauros|Raging Bull|p2a: Moltres\n|-activate|p2a: Moltres|move: Protect\n|move|p2b: Gastrodon|Earth Power|p1a: Tauros\n|-supereffective|p1a: Tauros\n|-damage|p1a: Tauros|1\/100\n|\n|-end|p2b: Gastrodon|move: Yawn|[silent]\n|-status|p2b: Gastrodon|slp\n|upkeep\n|turn|12\n|\n|t:|1700096955\n|move|p1b: Chien-Pao|Ice Spinner|p2a: Moltres\n|-damage|p2a: Moltres|41\/100\n|-ability|p2a: Moltres|Berserk|boost\n|-boost|p2a: Moltres|spa|1\n|-enditem|p2a: Moltres|Sitrus Berry|[eat]\n|-heal|p2a: Moltres|66\/100|[from] item: Sitrus Berry\n|move|p1a: Tauros|Raging Bull|p2a: Moltres\n|-damage|p2a: Moltres|0 fnt\n|faint|p2a: Moltres\n|cant|p2b: Gastrodon|slp\n|\n|upkeep\n|turn|13\n|-message|squareroot2 forfeited.\n|\n|win|Savage Mushroom\n|raw|Savage Mushroom's rating: 1512 &rarr; <strong>1531<\/strong><br \/>(+19 for winning)\n|raw|squareroot2's rating: 1497 &rarr; <strong>1478<\/strong><br \/>(-19 for losing)\n|l|\u2606squareroot2\n","uploadtime":1700097173,"views":13,"p1id":"savagemushroom","p2id":"squareroot2","formatid":"gen9vgc2023regulatione","rating":1478,"private":0,"password":""}