{"id":"gen9vgc2023regulatione-1993022130","p1":"kyaawx","p2":"Jbenn","format":"[Gen 9] VGC 2023 Regulation E","log":"|j|\u2606kyaawx\n|j|\u2606Jbenn\n|t:|1700256341\n|gametype|doubles\n|player|p1|kyaawx|guitarist|\n|player|p2|Jbenn|266|\n|teamsize|p1|6\n|teamsize|p2|6\n|gen|9\n|tier|[Gen 9] VGC 2023 Regulation E\n|rated|Tournament battle\n|rule|Species Clause: Limit one of each Pok\u00e9mon\n|rule|Item Clause: Limit one of each item\n|clearpoke\n|poke|p1|Roaring Moon, L50|\n|poke|p1|Flutter Mane, L50|\n|poke|p1|Iron Hands, L50|\n|poke|p1|Amoonguss, L50, F|\n|poke|p1|Landorus-Therian, L50, M|\n|poke|p1|Ogerpon-Wellspring, L50, F|\n|poke|p2|Thundurus, L50, M|\n|poke|p2|Farigiraf, L50, F|\n|poke|p2|Torkoal, L50, M|\n|poke|p2|Kingambit, L50, F|\n|poke|p2|Empoleon, L50, F|\n|poke|p2|Landorus-Therian, L50, M|\n|teampreview|4\n|showteam|p1|Roaring Moon||BoosterEnergy|Protosynthesis|KnockOff,Acrobatics,Protect,Tailwind||||||50|,,,,,Flying]Flutter Mane||ChoiceSpecs|Protosynthesis|DazzlingGleam,Moonblast,ShadowBall,IcyWind||||||50|,,,,,Fairy]Iron Hands||AssaultVest|QuarkDrive|WildCharge,DrainPunch,HeavySlam,FakeOut||||||50|,,,,,Grass]Amoonguss||RockyHelmet|Regenerator|RagePowder,PollenPuff,Protect,Spore|||F|||50|,,,,,Fire]Landorus-Therian||ChoiceScarf|Intimidate|TeraBlast,Uturn,StompingTantrum,RockSlide|||M|||50|,,,,,Flying]Ogerpon-Wellspring||WellspringMask|WaterAbsorb|IvyCudgel,SwordsDance,FollowMe,HornLeech|||F|||50|,,,,,Water\n|showteam|p2|Thundurus||ExpertBelt|Prankster|Protect,Thunderbolt,ElectricTerrain,RainDance|||M|||50|,,,,,Water]Farigiraf||SitrusBerry|ArmorTail|TrickRoom,Psychic,DazzlingGleam,NastyPlot|||F|||50|,,,,,Fairy]Torkoal||EjectPack|Drought|Protect,Overheat,EarthPower,HelpingHand|||M|||50|,,,,,Flying]Kingambit||AssaultVest|Defiant|LowKick,Assurance,SuckerPunch,TeraBlast|||F|||50|,,,,,Fire]Empoleon||ShucaBerry|Torrent|Protect,WaterPledge,FlashCannon,IceBeam|||F|||50|,,,,,Fire]Landorus-Therian||ChoiceScarf|Intimidate|RockSlide,Earthquake,StompingTantrum,Uturn|||M|||50|,,,,,Fire\n|j| Frostyvap\n|inactive|Battle timer is ON: inactive players will automatically lose when time's up. (requested by kyaawx)\n|inactive|Jbenn has 60 seconds left.\n|\n|t:|1700256497\n|start\n|switch|p1a: Roaring Moon|Roaring Moon, L50|100\/100\n|switch|p1b: Ogerpon|Ogerpon-Wellspring, L50, F|100\/100\n|switch|p2a: Landorus|Landorus-Therian, L50, M|100\/100\n|switch|p2b: Kingambit|Kingambit, L50, F|100\/100\n|-ability|p2a: Landorus|Intimidate|boost\n|-unboost|p1a: Roaring Moon|atk|1\n|-unboost|p1b: Ogerpon|atk|1\n|-enditem|p1a: Roaring Moon|Booster Energy\n|-activate|p1a: Roaring Moon|ability: Protosynthesis|[fromitem]\n|-start|p1a: Roaring Moon|protosynthesisspe\n|turn|1\n|\n|t:|1700256517\n|switch|p1b: Iron Hands|Iron Hands, L50|100\/100\n|move|p1a: Roaring Moon|Tailwind|p1a: Roaring Moon\n|-sidestart|p1: kyaawx|move: Tailwind\n|move|p2a: Landorus|U-turn|p1b: Iron Hands\n|-resisted|p1b: Iron Hands\n|-damage|p1b: Iron Hands|92\/100\n|\n|t:|1700256530\n|switch|p2a: Torkoal|Torkoal, L50, M|100\/100|[from] U-turn\n|-weather|SunnyDay|[from] ability: Drought|[of] p2a: Torkoal\n|move|p2b: Kingambit|Assurance|p1b: Iron Hands\n|-resisted|p1b: Iron Hands\n|-damage|p1b: Iron Hands|66\/100\n|\n|-weather|SunnyDay|[upkeep]\n|upkeep\n|turn|2\n|\n|t:|1700256549\n|switch|p2b: Landorus|Landorus-Therian, L50, M|100\/100\n|-ability|p2b: Landorus|Intimidate|boost\n|-unboost|p1a: Roaring Moon|atk|1\n|-unboost|p1b: Iron Hands|atk|1\n|move|p1a: Roaring Moon|Knock Off|p2a: Torkoal\n|-damage|p2a: Torkoal|80\/100\n|-enditem|p2a: Torkoal|Eject Pack|[from] move: Knock Off|[of] p1a: Roaring Moon\n|move|p1b: Iron Hands|Drain Punch|p2b: Landorus\n|-resisted|p2b: Landorus\n|-damage|p2b: Landorus|84\/100\n|-heal|p1b: Iron Hands|72\/100|[from] drain|[of] p2b: Landorus\n|move|p2a: Torkoal|Overheat|p1b: Iron Hands\n|-damage|p1b: Iron Hands|30\/100\n|-unboost|p2a: Torkoal|spa|2\n|\n|-weather|SunnyDay|[upkeep]\n|upkeep\n|turn|3\n|inactive|Jbenn has 30 seconds left.\n|inactive|Jbenn has 20 seconds left.\n|inactive|Jbenn has 15 seconds left.\n|inactive|Jbenn has 10 seconds left.\n|\n|t:|1700256597\n|switch|p2b: Kingambit|Kingambit, L50, F|100\/100\n|-end|p1b: Iron Hands|Quark Drive|[silent]\n|switch|p1b: Amoonguss|Amoonguss, L50, F|100\/100\n|switch|p2a: Farigiraf|Farigiraf, L50, F|100\/100\n|move|p1a: Roaring Moon|Knock Off|p2b: Kingambit\n|-resisted|p2b: Kingambit\n|-damage|p2b: Kingambit|91\/100\n|-enditem|p2b: Kingambit|Assault Vest|[from] move: Knock Off|[of] p1a: Roaring Moon\n|\n|-weather|SunnyDay|[upkeep]\n|upkeep\n|turn|4\n|inactive|kyaawx has 30 seconds left.\n|inactive|Jbenn has 30 seconds left.\n|inactive|Jbenn has 20 seconds left.\n|inactive|Jbenn has 15 seconds left.\n|\n|t:|1700256639\n|switch|p2a: Landorus|Landorus-Therian, L50, M|84\/100\n|-ability|p2a: Landorus|Intimidate|boost\n|-unboost|p1a: Roaring Moon|atk|1\n|-unboost|p1b: Amoonguss|atk|1\n|-terastallize|p1b: Amoonguss|Fire\n|-terastallize|p2b: Kingambit|Fire\n|move|p1a: Roaring Moon|Protect|p1a: Roaring Moon\n|-singleturn|p1a: Roaring Moon|Protect\n|move|p1b: Amoonguss|Spore|p2b: Kingambit\n|-status|p2b: Kingambit|slp|[from] move: Spore\n|cant|p2b: Kingambit|slp\n|\n|-weather|SunnyDay|[upkeep]\n|-sideend|p1: kyaawx|move: Tailwind\n|upkeep\n|turn|5\n|\n|t:|1700256662\n|move|p1a: Roaring Moon|Tailwind|p1a: Roaring Moon\n|-sidestart|p1: kyaawx|move: Tailwind\n|move|p2a: Landorus|Stomping Tantrum|p1b: Amoonguss\n|-supereffective|p1b: Amoonguss\n|-damage|p1b: Amoonguss|35\/100\n|-damage|p2a: Landorus|68\/100|[from] item: Rocky Helmet|[of] p1b: Amoonguss\n|move|p1b: Amoonguss|Spore|p2a: Landorus\n|-status|p2a: Landorus|slp|[from] move: Spore\n|cant|p2b: Kingambit|slp\n|\n|-weather|none\n|upkeep\n|turn|6\n|inactive|Jbenn has 30 seconds left.\n|\n|t:|1700256695\n|-end|p1a: Roaring Moon|Protosynthesis|[silent]\n|switch|p1a: Iron Hands|Iron Hands, L50|30\/100\n|cant|p2a: Landorus|slp\n|move|p1b: Amoonguss|Pollen Puff|p1a: Iron Hands\n|-heal|p1a: Iron Hands|80\/100\n|cant|p2b: Kingambit|slp\n|\n|upkeep\n|turn|7\n|inactive|Jbenn has 30 seconds left.\n|\n|t:|1700256721\n|switch|p1b: Ogerpon|Ogerpon-Wellspring, L50, F|100\/100\n|cant|p2a: Landorus|slp\n|move|p1a: Iron Hands|Drain Punch|p2b: Kingambit\n|-damage|p2b: Kingambit|58\/100 slp\n|-heal|p1a: Iron Hands|95\/100|[from] drain|[of] p2b: Kingambit\n|-curestatus|p2b: Kingambit|slp|[msg]\n|move|p2b: Kingambit|Low Kick|p1a: Iron Hands\n|-damage|p1a: Iron Hands|62\/100\n|\n|upkeep\n|turn|8\n|inactive|Jbenn has 30 seconds left.\n|inactive|Jbenn has 20 seconds left.\n|inactive|Jbenn has 15 seconds left.\n|j| Nehehkhara666\n|inactive|Jbenn has 10 seconds left.\n|\n|t:|1700256768\n|switch|p2a: Torkoal|Torkoal, L50, M|80\/100\n|-weather|SunnyDay|[from] ability: Drought|[of] p2a: Torkoal\n|move|p1b: Ogerpon|Swords Dance|p1b: Ogerpon\n|-boost|p1b: Ogerpon|atk|2\n|move|p1a: Iron Hands|Drain Punch|p2b: Kingambit\n|-damage|p2b: Kingambit|25\/100\n|-heal|p1a: Iron Hands|77\/100|[from] drain|[of] p2b: Kingambit\n|move|p2b: Kingambit|Tera Blast|p1b: Ogerpon|[anim] Tera Blast Fire\n|-damage|p1b: Ogerpon|44\/100\n|\n|-weather|SunnyDay|[upkeep]\n|-sideend|p1: kyaawx|move: Tailwind\n|upkeep\n|turn|9\n|\n|t:|1700256790\n|switch|p2b: Landorus|Landorus-Therian, L50, M|68\/100 slp\n|-ability|p2b: Landorus|Intimidate|boost\n|-unboost|p1a: Iron Hands|atk|1\n|-unboost|p1b: Ogerpon|atk|1\n|move|p1b: Ogerpon|Ivy Cudgel|p2a: Torkoal|[anim] Ivy Cudgel Water\n|-supereffective|p2a: Torkoal\n|-damage|p2a: Torkoal|21\/100\n|move|p1a: Iron Hands|Drain Punch|p2b: Landorus\n|-resisted|p2b: Landorus\n|-damage|p2b: Landorus|52\/100 slp\n|-heal|p1a: Iron Hands|83\/100|[from] drain|[of] p2b: Landorus\n|move|p2a: Torkoal|Overheat|p1b: Ogerpon\n|-damage|p1b: Ogerpon|0 fnt\n|-unboost|p2a: Torkoal|spa|2\n|faint|p1b: Ogerpon\n|\n|-weather|SunnyDay|[upkeep]\n|upkeep\n|\n|t:|1700256799\n|switch|p1b: Amoonguss|Amoonguss, L50, F, tera:Fire|68\/100\n|turn|10\n|c|\u2606Jbenn|teams rly good btw- fun MU\n|inactive|Jbenn has 30 seconds left.\n|\n|t:|1700256827\n|move|p2a: Torkoal|Helping Hand|p2b: Landorus\n|-singleturn|p2b: Landorus|Helping Hand|[of] p2a: Torkoal\n|-curestatus|p2b: Landorus|slp|[msg]\n|move|p2b: Landorus|Earthquake|p1b: Amoonguss|[spread] p2a,p1a,p1b\n|-supereffective|p2a: Torkoal\n|-supereffective|p1a: Iron Hands\n|-supereffective|p1b: Amoonguss\n|-damage|p2a: Torkoal|0 fnt\n|-damage|p1a: Iron Hands|0 fnt\n|-damage|p1b: Amoonguss|0 fnt\n|faint|p2a: Torkoal\n|faint|p1a: Iron Hands\n|-end|p1a: Iron Hands|Quark Drive|[silent]\n|faint|p1b: Amoonguss\n|\n|-weather|SunnyDay|[upkeep]\n|upkeep\n|\n|t:|1700256841\n|switch|p1b: Roaring Moon|Roaring Moon, L50|100\/100\n|switch|p2a: Kingambit|Kingambit, L50, F, tera:Fire|25\/100\n|-activate|p1b: Roaring Moon|ability: Protosynthesis\n|-start|p1b: Roaring Moon|protosynthesisspe\n|turn|11\n|inactive|Jbenn has 30 seconds left.\n|inactive|Jbenn has 20 seconds left.\n|inactive|Jbenn has 15 seconds left.\n|inactive|Jbenn has 10 seconds left.\n|\n|t:|1700256887\n|switch|p2b: Farigiraf|Farigiraf, L50, F|100\/100\n|move|p1b: Roaring Moon|Acrobatics|p2a: Kingambit\n|-damage|p2a: Kingambit|0 fnt\n|faint|p2a: Kingambit\n|\n|-weather|SunnyDay|[upkeep]\n|upkeep\n|\n|t:|1700256894\n|switch|p2a: Landorus|Landorus-Therian, L50, M|52\/100\n|-ability|p2a: Landorus|Intimidate|boost\n|-unboost|p1b: Roaring Moon|atk|1\n|turn|12\n|inactive|Jbenn has 30 seconds left.\n|inactive|Jbenn has 20 seconds left.\n|inactive|Jbenn has 15 seconds left.\n|inactive|Jbenn has 10 seconds left.\n|inactive|Jbenn has 5 seconds left.\n|\n|t:|1700256949\n|move|p1b: Roaring Moon|Knock Off|p2b: Farigiraf\n|-supereffective|p2b: Farigiraf\n|-damage|p2b: Farigiraf|46\/100\n|-enditem|p2b: Farigiraf|Sitrus Berry|[from] move: Knock Off|[of] p1b: Roaring Moon\n|move|p2a: Landorus|Rock Slide|p1b: Roaring Moon\n|-damage|p1b: Roaring Moon|69\/100\n|move|p2b: Farigiraf|Trick Room|p2b: Farigiraf\n|-fieldstart|move: Trick Room|[of] p2b: Farigiraf\n|\n|-weather|none\n|-end|p1b: Roaring Moon|Protosynthesis\n|upkeep\n|turn|13\n|inactive|Jbenn has 15 seconds left this turn.\n|inactive|Jbenn has 10 seconds left.\n|\n|t:|1700256959\n|move|p2b: Farigiraf|Dazzling Gleam|p1b: Roaring Moon\n|-supereffective|p1b: Roaring Moon\n|-damage|p1b: Roaring Moon|0 fnt\n|faint|p1b: Roaring Moon\n|-end|p1b: Roaring Moon|Protosynthesis|[silent]\n|\n|win|Jbenn\n|inactive|Jbenn has 10 seconds left this turn.\n|n|\u2606kyaawx|kyaawx\n|n|\u2606Jbenn|jbenn\n|n| Frostyvap|frostyvap\n|n| Nehehkhara666|nehehkhara666\n|c|\u2606Jbenn|jesus\n|c|\u2606Jbenn|time out almost cost me\n|c|\u2606Jbenn|gg\n|l| Nehehkhara666\n|l|\u2606kyaawx\n","uploadtime":1700256971,"views":10,"p1id":"kyaawx","p2id":"jbenn","formatid":"gen9vgc2023regulatione","rating":0,"private":0,"password":""}