{"id":"gen9vgc2023regulatione-1990513330","p1":"Squidphone","p2":"MackyVGC","format":"[Gen 9] VGC 2023 Regulation E","log":"|j|\u2606Squidphone\n|j|\u2606MackyVGC\n|t:|1699977643\n|gametype|doubles\n|player|p1|Squidphone|ingo|1132\n|player|p2|MackyVGC|winona|1088\n|teamsize|p1|6\n|teamsize|p2|6\n|gen|9\n|tier|[Gen 9] VGC 2023 Regulation E\n|rated|\n|rule|Species Clause: Limit one of each Pok\u00e9mon\n|rule|Item Clause: Limit one of each item\n|clearpoke\n|poke|p1|Regieleki, L50|\n|poke|p1|Ogerpon-Hearthflame, L50, F|\n|poke|p1|Tatsugiri-Droopy, L50, M|\n|poke|p1|Dondozo, L50, M|\n|poke|p1|Flutter Mane, L50|\n|poke|p1|Chien-Pao, L50|\n|poke|p2|Dragonite, L50, M|\n|poke|p2|Milotic, L50, F|\n|poke|p2|Chien-Pao, L50|\n|poke|p2|Kleavor, L50, F|\n|poke|p2|Arcanine, L50, M|\n|poke|p2|Weezing, L50, M|\n|teampreview|4\n|inactive|Battle timer is ON: inactive players will automatically lose when time's up. (requested by Squidphone)\n|inactive|MackyVGC has 60 seconds left.\n|\n|t:|1699977701\n|start\n|switch|p1a: Regieleki|Regieleki, L50|100\/100\n|switch|p1b: Flutter Mane|Flutter Mane, L50|100\/100\n|switch|p2a: Aang's Farts|Weezing, L50, M, shiny|100\/100\n|switch|p2b: Zuko|Arcanine, L50, M|100\/100\n|-ability|p2a: Aang's Farts|Neutralizing Gas\n|-enditem|p1b: Flutter Mane|Booster Energy\n|-activate|p1b: Flutter Mane|ability: Protosynthesis|[fromitem]\n|-start|p1b: Flutter Mane|protosynthesisspe\n|turn|1\n|\n|t:|1699977726\n|move|p2a: Aang's Farts|Protect|p2a: Aang's Farts\n|-singleturn|p2a: Aang's Farts|Protect\n|move|p1b: Flutter Mane|Icy Wind|p2a: Aang's Farts|[spread] p2b\n|-activate|p2a: Aang's Farts|move: Protect\n|-resisted|p2b: Zuko\n|-damage|p2b: Zuko|94\/100\n|-unboost|p2b: Zuko|spe|1\n|move|p1a: Regieleki|Thunder Cage|p2b: Zuko\n|-damage|p2b: Zuko|65\/100\n|-activate|p2b: Zuko|move: Thunder Cage|[of] p1a: Regieleki\n|move|p2b: Zuko|Snarl|p1a: Regieleki|[spread] p1a,p1b\n|-damage|p1a: Regieleki|87\/100\n|-damage|p1b: Flutter Mane|90\/100\n|-unboost|p1a: Regieleki|spa|1\n|-unboost|p1b: Flutter Mane|spa|1\n|\n|-damage|p2b: Zuko|53\/100|[from] move: Thunder Cage|[partiallytrapped]\n|upkeep\n|turn|2\n|inactive|Squidphone has 30 seconds left.\n|inactive|MackyVGC has 30 seconds left.\n|inactive|Squidphone has 20 seconds left.\n|inactive|Squidphone has 15 seconds left.\n|\n|t:|1699977767\n|-terastallize|p1b: Flutter Mane|Ghost\n|move|p1b: Flutter Mane|Shadow Ball|p2b: Zuko\n|-damage|p2b: Zuko|19\/100\n|move|p1a: Regieleki|Thunder Cage|p2a: Aang's Farts\n|-damage|p2a: Aang's Farts|78\/100\n|-activate|p2a: Aang's Farts|move: Thunder Cage|[of] p1a: Regieleki\n|move|p2a: Aang's Farts|Acid Spray|p1b: Flutter Mane\n|-resisted|p1b: Flutter Mane\n|-damage|p1b: Flutter Mane|83\/100\n|-unboost|p1b: Flutter Mane|spd|2\n|move|p2b: Zuko|Snarl|p1a: Regieleki|[spread] p1a,p1b\n|-supereffective|p1b: Flutter Mane\n|-damage|p1a: Regieleki|75\/100\n|-damage|p1b: Flutter Mane|43\/100\n|-unboost|p1a: Regieleki|spa|1\n|-unboost|p1b: Flutter Mane|spa|1\n|\n|-damage|p2a: Aang's Farts|66\/100|[from] move: Thunder Cage|[partiallytrapped]\n|-damage|p2b: Zuko|7\/100|[from] move: Thunder Cage|[partiallytrapped]\n|upkeep\n|turn|3\n|\n|t:|1699977791\n|-end|p1b: Flutter Mane|Protosynthesis|[silent]\n|switch|p1b: Tatsugiri|Tatsugiri-Droopy, L50, M|100\/100\n|move|p1a: Regieleki|Thunder Cage|p2b: Zuko\n|-damage|p2b: Zuko|0 fnt\n|faint|p2b: Zuko\n|move|p2a: Aang's Farts|Pain Split|p1a: Regieleki\n|-sethp|p1a: Regieleki|74\/100|[from] move: Pain Split|[silent]\n|-sethp|p2a: Aang's Farts|67\/100|[from] move: Pain Split\n|\n|-damage|p2a: Aang's Farts|55\/100|[from] move: Thunder Cage|[partiallytrapped]\n|upkeep\n|\n|t:|1699977805\n|switch|p2b: Aang|Dragonite, L50, M|100\/100\n|turn|4\n|\n|t:|1699977814\n|move|p1a: Regieleki|Thunder Cage|p2b: Aang\n|-crit|p2b: Aang\n|-damage|p2b: Aang|54\/100\n|-activate|p2b: Aang|move: Thunder Cage|[of] p1a: Regieleki\n|move|p1b: Tatsugiri|Draco Meteor|p2b: Aang\n|-supereffective|p2b: Aang\n|-damage|p2b: Aang|0 fnt\n|-unboost|p1b: Tatsugiri|spa|2\n|faint|p2b: Aang\n|-damage|p1b: Tatsugiri|91\/100|[from] item: Life Orb\n|move|p2a: Aang's Farts|Pain Split|p1b: Tatsugiri\n|-sethp|p1b: Tatsugiri|78\/100|[from] move: Pain Split|[silent]\n|-sethp|p2a: Aang's Farts|65\/100|[from] move: Pain Split\n|\n|-damage|p2a: Aang's Farts|53\/100|[from] move: Thunder Cage|[partiallytrapped]\n|upkeep\n|\n|t:|1699977822\n|switch|p2b: Sokka|Chien-Pao, L50|100\/100\n|turn|5\n|\n|t:|1699977846\n|-terastallize|p2b: Sokka|Fighting\n|move|p2a: Aang's Farts|Protect|p2a: Aang's Farts\n|-singleturn|p2a: Aang's Farts|Protect\n|move|p1a: Regieleki|Thunder Cage|p2b: Sokka\n|-damage|p2b: Sokka|72\/100\n|-activate|p2b: Sokka|move: Thunder Cage|[of] p1a: Regieleki\n|move|p2b: Sokka|Sacred Sword|p1a: Regieleki\n|-damage|p1a: Regieleki|0 fnt\n|faint|p1a: Regieleki\n|move|p1b: Tatsugiri|Muddy Water|p2a: Aang's Farts|[spread] p2b\n|-activate|p2a: Aang's Farts|move: Protect\n|-damage|p2b: Sokka|34\/100\n|-unboost|p2b: Sokka|accuracy|1\n|-damage|p1b: Tatsugiri|68\/100|[from] item: Life Orb\n|\n|-end|p2b: Sokka|Thunder Cage|[partiallytrapped]|[silent]\n|-end|p2a: Aang's Farts|Thunder Cage|[partiallytrapped]|[silent]\n|upkeep\n|\n|t:|1699977860\n|switch|p1a: Dondozo|Dondozo, L50, M|100\/100\n|turn|6\n|\n|t:|1699977876\n|move|p2b: Sokka|Sacred Sword|p1b: Tatsugiri\n|-damage|p1b: Tatsugiri|0 fnt\n|faint|p1b: Tatsugiri\n|move|p2a: Aang's Farts|Will-O-Wisp|p1a: Dondozo\n|-status|p1a: Dondozo|brn\n|-enditem|p1a: Dondozo|Lum Berry|[eat]\n|-curestatus|p1a: Dondozo|brn|[msg]\n|move|p1a: Dondozo|Zen Headbutt|p2a: Aang's Farts\n|-supereffective|p2a: Aang's Farts\n|-damage|p2a: Aang's Farts|19\/100\n|-enditem|p2a: Aang's Farts|Sitrus Berry|[eat]\n|-heal|p2a: Aang's Farts|44\/100|[from] item: Sitrus Berry\n|\n|upkeep\n|\n|t:|1699977886\n|switch|p1b: Flutter Mane|Flutter Mane, L50, tera:Ghost|43\/100\n|turn|7\n|\n|t:|1699977900\n|move|p2b: Sokka|Night Slash|p1b: Flutter Mane\n|-supereffective|p1b: Flutter Mane\n|-damage|p1b: Flutter Mane|0 fnt\n|faint|p1b: Flutter Mane\n|-end|p1b: Flutter Mane|Protosynthesis|[silent]\n|move|p2a: Aang's Farts|Pain Split|p1a: Dondozo\n|-sethp|p1a: Dondozo|67\/100|[from] move: Pain Split|[silent]\n|-sethp|p2a: Aang's Farts|88\/100|[from] move: Pain Split\n|move|p1a: Dondozo|Zen Headbutt|p2b: Sokka\n|-supereffective|p2b: Sokka\n|-damage|p2b: Sokka|0 fnt\n|faint|p2b: Sokka\n|\n|upkeep\n|turn|8\n|\n|t:|1699977913\n|move|p2a: Aang's Farts|Will-O-Wisp|p1a: Dondozo\n|-status|p1a: Dondozo|brn\n|move|p1a: Dondozo|Zen Headbutt|p2a: Aang's Farts\n|-supereffective|p2a: Aang's Farts\n|-damage|p2a: Aang's Farts|72\/100\n|\n|-damage|p1a: Dondozo|61\/100 brn|[from] brn\n|upkeep\n|turn|9\n|\n|t:|1699977921\n|move|p2a: Aang's Farts|Acid Spray|p1a: Dondozo\n|-damage|p1a: Dondozo|51\/100 brn\n|-unboost|p1a: Dondozo|spd|2\n|move|p1a: Dondozo|Rest|p1a: Dondozo\n|-status|p1a: Dondozo|slp|[from] move: Rest\n|-heal|p1a: Dondozo|100\/100 slp|[silent]\n|\n|upkeep\n|turn|10\n|\n|t:|1699977929\n|move|p2a: Aang's Farts|Acid Spray|p1a: Dondozo\n|-damage|p1a: Dondozo|80\/100 slp\n|-unboost|p1a: Dondozo|spd|2\n|cant|p1a: Dondozo|slp\n|\n|upkeep\n|turn|11\n|\n|t:|1699977952\n|move|p2a: Aang's Farts|Will-O-Wisp|p1a: Dondozo|[miss]\n|-miss|p2a: Aang's Farts|p1a: Dondozo\n|cant|p1a: Dondozo|slp\n|\n|upkeep\n|turn|12\n|\n|t:|1699977957\n|move|p2a: Aang's Farts|Will-O-Wisp||[still]\n|-fail|p2a: Aang's Farts\n|-curestatus|p1a: Dondozo|slp|[msg]\n|move|p1a: Dondozo|Zen Headbutt|p2a: Aang's Farts\n|-supereffective|p2a: Aang's Farts\n|-damage|p2a: Aang's Farts|41\/100\n|\n|upkeep\n|turn|13\n|inactive|Squidphone has 30 seconds left.\n|\n|t:|1699977984\n|move|p2a: Aang's Farts|Will-O-Wisp|p1a: Dondozo\n|-status|p1a: Dondozo|brn\n|move|p1a: Dondozo|Zen Headbutt|p2a: Aang's Farts\n|-supereffective|p2a: Aang's Farts\n|-damage|p2a: Aang's Farts|25\/100\n|\n|-damage|p1a: Dondozo|74\/100 brn|[from] brn\n|upkeep\n|turn|14\n|\n|t:|1699977991\n|move|p2a: Aang's Farts|Pain Split|p1a: Dondozo\n|-sethp|p1a: Dondozo|47\/100 brn|[from] move: Pain Split|[silent]\n|-sethp|p2a: Aang's Farts|61\/100|[from] move: Pain Split\n|move|p1a: Dondozo|Zen Headbutt|p2a: Aang's Farts\n|-supereffective|p2a: Aang's Farts\n|-damage|p2a: Aang's Farts|45\/100\n|\n|-damage|p1a: Dondozo|40\/100 brn|[from] brn\n|upkeep\n|turn|15\n|\n|t:|1699977998\n|move|p2a: Aang's Farts|Acid Spray|p1a: Dondozo\n|-damage|p1a: Dondozo|13\/100 brn\n|-unboost|p1a: Dondozo|spd|2\n|move|p1a: Dondozo|Rest|p1a: Dondozo\n|-status|p1a: Dondozo|slp|[from] move: Rest\n|-heal|p1a: Dondozo|100\/100 slp|[silent]\n|\n|upkeep\n|turn|16\n|\n|t:|1699978006\n|move|p2a: Aang's Farts|Pain Split|p1a: Dondozo\n|-sethp|p1a: Dondozo|68\/100 slp|[from] move: Pain Split|[silent]\n|-sethp|p2a: Aang's Farts|88\/100|[from] move: Pain Split\n|cant|p1a: Dondozo|slp\n|\n|upkeep\n|turn|17\n|\n|t:|1699978022\n|move|p2a: Aang's Farts|Acid Spray|p1a: Dondozo\n|-damage|p1a: Dondozo|25\/100 slp\n|cant|p1a: Dondozo|slp\n|\n|upkeep\n|turn|18\n|\n|t:|1699978026\n|move|p2a: Aang's Farts|Acid Spray|p1a: Dondozo\n|-damage|p1a: Dondozo|0 fnt\n|faint|p1a: Dondozo\n|\n|win|MackyVGC\n|raw|Squidphone's rating: 1132 &rarr; <strong>1104<\/strong><br \/>(-28 for losing)\n|raw|MackyVGC's rating: 1088 &rarr; <strong>1118<\/strong><br \/>(+30 for winning)\n|l|\u2606MackyVGC\n","uploadtime":1699978035,"views":10,"p1id":"squidphone","p2id":"mackyvgc","formatid":"gen9vgc2023regulatione","rating":1104,"private":0,"password":""}