{"id":"gen9vgc2023regulatione-1992086262","p1":"Cjj22","p2":"ourat","format":"[Gen 9] VGC 2023 Regulation E","log":"|j|\u2606Cjj22\n|j|\u2606ourat\n|t:|1700153909\n|gametype|doubles\n|player|p1|Cjj22|n|1042\n|player|p2|ourat|pokemonranger-gen4|1042\n|teamsize|p1|6\n|teamsize|p2|6\n|gen|9\n|tier|[Gen 9] VGC 2023 Regulation E\n|rated|\n|rule|Species Clause: Limit one of each Pok\u00e9mon\n|rule|Item Clause: Limit one of each item\n|clearpoke\n|poke|p1|Articuno, L50|\n|poke|p1|Chien-Pao, L50|\n|poke|p1|Dragonite, L50, M|\n|poke|p1|Amoonguss, L50, F|\n|poke|p1|Flutter Mane, L50|\n|poke|p1|Arcanine-Hisui, L50, F|\n|poke|p2|Flutter Mane, L50|\n|poke|p2|Florges, L50, F|\n|poke|p2|Murkrow, L50, F|\n|poke|p2|Indeedee-F, L50, F|\n|poke|p2|Ogerpon-Cornerstone, L50, F|\n|poke|p2|Ursaluna-Bloodmoon, L50, M|\n|teampreview|4\n|inactive|Battle timer is ON: inactive players will automatically lose when time's up. (requested by ourat)\n|\n|t:|1700153931\n|start\n|switch|p1a: Chien-Pao|Chien-Pao, L50|100\/100\n|switch|p1b: Articuno|Articuno, L50|100\/100\n|switch|p2a: Flutter Mane|Flutter Mane, L50|100\/100\n|switch|p2b: Florges|Florges, L50, F|100\/100\n|-ability|p1a: Chien-Pao|Sword of Ruin\n|-ability|p1b: Articuno|Pressure\n|-enditem|p2a: Flutter Mane|Booster Energy\n|-activate|p2b: Florges|ability: Symbiosis|Choice Specs|[of] p2a: Flutter Mane\n|-activate|p2a: Flutter Mane|ability: Protosynthesis|[fromitem]\n|-start|p2a: Flutter Mane|protosynthesisspa\n|turn|1\n|\n|t:|1700153954\n|-terastallize|p2a: Flutter Mane|Fairy\n|move|p2b: Florges|Helping Hand|p2a: Flutter Mane\n|-singleturn|p2a: Flutter Mane|Helping Hand|[of] p2b: Florges\n|move|p1a: Chien-Pao|Lash Out|p2a: Flutter Mane\n|-resisted|p2a: Flutter Mane\n|-damage|p2a: Flutter Mane|48\/100\n|move|p2a: Flutter Mane|Dazzling Gleam|p1b: Articuno|[spread] p1a,p1b\n|-supereffective|p1a: Chien-Pao\n|-damage|p1a: Chien-Pao|0 fnt\n|-damage|p1b: Articuno|6\/100\n|faint|p1a: Chien-Pao\n|move|p1b: Articuno|Tailwind|p1b: Articuno\n|-sidestart|p1: Cjj22|move: Tailwind\n|\n|upkeep\n|\n|t:|1700153966\n|switch|p1a: Flutter Mane|Flutter Mane, L50|100\/100\n|turn|2\n|\n|t:|1700153988\n|switch|p2b: Indeedee|Indeedee-F, L50, F|100\/100\n|-fieldstart|move: Psychic Terrain|[from] ability: Psychic Surge|[of] p2b: Indeedee\n|move|p1a: Flutter Mane|Protect|p1a: Flutter Mane\n|-singleturn|p1a: Flutter Mane|Protect\n|move|p1b: Articuno|Light Screen|p1b: Articuno\n|-sidestart|p1: Cjj22|move: Light Screen\n|move|p2a: Flutter Mane|Dazzling Gleam|p1b: Articuno|[spread] p1b\n|-activate|p1a: Flutter Mane|move: Protect\n|-damage|p1b: Articuno|0 fnt\n|faint|p1b: Articuno\n|\n|upkeep\n|\n|t:|1700153999\n|switch|p1b: Amoonguss|Amoonguss, L50, F|100\/100\n|turn|3\n|\n|t:|1700154018\n|move|p1a: Flutter Mane|Shadow Ball|p2a: Flutter Mane\n|-damage|p2a: Flutter Mane|0 fnt\n|faint|p2a: Flutter Mane\n|-end|p2a: Flutter Mane|Protosynthesis|[silent]\n|move|p1b: Amoonguss|Spore|p2b: Indeedee\n|-status|p2b: Indeedee|slp|[from] move: Spore\n|cant|p2b: Indeedee|slp\n|\n|upkeep\n|\n|t:|1700154028\n|switch|p2a: Florges|Florges, L50, F|100\/100\n|turn|4\n|\n|t:|1700154043\n|move|p1a: Flutter Mane|Shadow Ball|p2a: Florges\n|-damage|p2a: Florges|71\/100\n|-unboost|p2a: Florges|spd|1\n|move|p2a: Florges|Trick|p1b: Amoonguss\n|-activate|p2a: Florges|move: Trick|[of] p1b: Amoonguss\n|-enditem|p1b: Amoonguss|Sitrus Berry|[silent]|[from] move: Trick\n|-item|p2a: Florges|Sitrus Berry|[from] move: Trick\n|move|p1b: Amoonguss|Spore|p2a: Florges\n|-status|p2a: Florges|slp|[from] move: Spore\n|-curestatus|p2b: Indeedee|slp|[msg]\n|move|p2b: Indeedee|Trick Room|p2b: Indeedee\n|-fieldstart|move: Trick Room|[of] p2b: Indeedee\n|\n|-sideend|p1: Cjj22|move: Tailwind\n|upkeep\n|turn|5\n|\n|t:|1700154058\n|switch|p2a: Ursaluna|Ursaluna-Bloodmoon, L50, M|100\/100\n|move|p2b: Indeedee|Follow Me|p2b: Indeedee\n|-singleturn|p2b: Indeedee|move: Follow Me\n|move|p1b: Amoonguss|Spore|p2b: Indeedee\n|-status|p2b: Indeedee|slp|[from] move: Spore\n|move|p1a: Flutter Mane|Trick Room|p1a: Flutter Mane\n|-fieldend|move: Trick Room\n|\n|upkeep\n|turn|6\n|inactive|Cjj22 has 30 seconds left.\n|\n|t:|1700154084\n|move|p1a: Flutter Mane|Protect|p1a: Flutter Mane\n|-singleturn|p1a: Flutter Mane|Protect\n|move|p2a: Ursaluna|Blood Moon|p1b: Amoonguss\n|-damage|p1b: Amoonguss|54\/100\n|move|p1b: Amoonguss|Spore|p2a: Ursaluna\n|-status|p2a: Ursaluna|slp|[from] move: Spore\n|cant|p2b: Indeedee|slp\n|\n|-fieldend|move: Psychic Terrain\n|upkeep\n|turn|7\n|inactive|Cjj22 has 30 seconds left.\n|\n|t:|1700154118\n|-terastallize|p1a: Flutter Mane|Ghost\n|cant|p2a: Ursaluna|slp\n|move|p1a: Flutter Mane|Shadow Ball|p2b: Indeedee\n|-immune|p2b: Indeedee\n|move|p1b: Amoonguss|Spore|p2b: Indeedee\n|-fail|p2b: Indeedee|slp\n|cant|p2b: Indeedee|slp\n|\n|upkeep\n|turn|8\n|\n|t:|1700154137\n|cant|p2a: Ursaluna|slp\n|move|p1a: Flutter Mane|Dazzling Gleam|p2b: Indeedee|[spread] p2a,p2b\n|-damage|p2a: Ursaluna|60\/100 slp\n|-damage|p2b: Indeedee|68\/100 slp\n|move|p1b: Amoonguss|Pollen Puff|p1a: Flutter Mane\n|-immune|p1a: Flutter Mane\n|-curestatus|p2b: Indeedee|slp|[msg]\n|move|p2b: Indeedee|Trick Room|p2b: Indeedee\n|-fieldstart|move: Trick Room|[of] p2b: Indeedee\n|\n|upkeep\n|turn|9\n|\n|t:|1700154154\n|move|p1b: Amoonguss|Spore|p2b: Indeedee\n|-status|p2b: Indeedee|slp|[from] move: Spore\n|cant|p2a: Ursaluna|slp\n|cant|p2b: Indeedee|slp\n|move|p1a: Flutter Mane|Dazzling Gleam|p2a: Ursaluna|[spread] p2a,p2b\n|-damage|p2a: Ursaluna|17\/100 slp\n|-damage|p2b: Indeedee|37\/100 slp\n|-enditem|p2b: Indeedee|Sitrus Berry|[eat]\n|-heal|p2b: Indeedee|62\/100 slp|[from] item: Sitrus Berry\n|\n|-sideend|p1: Cjj22|move: Light Screen\n|upkeep\n|turn|10\n|-message|ourat forfeited.\n|\n|win|Cjj22\n|raw|Cjj22's rating: 1042 &rarr; <strong>1076<\/strong><br \/>(+34 for winning)\n|raw|ourat's rating: 1042 &rarr; <strong>1026<\/strong><br \/>(-16 for losing)\n|l|\u2606ourat\n","uploadtime":1700154173,"views":25,"p1id":"cjj22","p2id":"ourat","formatid":"gen9vgc2023regulatione","rating":1026,"private":0,"password":""}