{"id":"gen9vgc2023regulatione-2000542955","p1":"sabj","p2":"Bakekp","format":"[Gen 9] VGC 2023 Regulation E","log":"|j|\u2606sabj\n|j|\u2606Bakekp\n|t:|1701203818\n|gametype|doubles\n|player|p1|sabj|ingo|1292\n|player|p2|Bakekp|scientist|1320\n|teamsize|p1|6\n|teamsize|p2|6\n|gen|9\n|tier|[Gen 9] VGC 2023 Regulation E\n|rated|\n|rule|Species Clause: Limit one of each Pok\u00e9mon\n|rule|Item Clause: Limit one of each item\n|clearpoke\n|poke|p1|Ninetales-Alola, L50, M|\n|poke|p1|Baxcalibur, L50, F|\n|poke|p1|Landorus-Therian, L50, M|\n|poke|p1|Ogerpon-Wellspring, L50, F|\n|poke|p1|Volcarona, L50, M|\n|poke|p1|Urshifu-*, L50, M|\n|poke|p2|Ogerpon, L50, F|\n|poke|p2|Torkoal, L50, M|\n|poke|p2|Flutter Mane, L50|\n|poke|p2|Chi-Yu, L50|\n|poke|p2|Arcanine-Hisui, L50, F|\n|poke|p2|Farigiraf, L50, M|\n|teampreview|4\n|\n|t:|1701203867\n|start\n|switch|p1a: Landorus|Landorus-Therian, L50, M|100\/100\n|switch|p1b: Ogerpon|Ogerpon-Wellspring, L50, F|100\/100\n|switch|p2a: Flutter Mane|Flutter Mane, L50|100\/100\n|switch|p2b: Chi-Yu|Chi-Yu, L50|100\/100\n|-ability|p2b: Chi-Yu|Beads of Ruin\n|-ability|p1a: Landorus|Intimidate|boost\n|-unboost|p2a: Flutter Mane|atk|1\n|-unboost|p2b: Chi-Yu|atk|1\n|turn|1\n|\n|t:|1701203908\n|switch|p2b: Torkoal|Torkoal, L50, M|100\/100\n|-weather|SunnyDay|[from] ability: Drought|[of] p2b: Torkoal\n|-activate|p2a: Flutter Mane|ability: Protosynthesis\n|-start|p2a: Flutter Mane|protosynthesisspe\n|move|p1b: Ogerpon|Spiky Shield|p1b: Ogerpon\n|-singleturn|p1b: Ogerpon|move: Protect\n|move|p2a: Flutter Mane|Moonblast|p1a: Landorus\n|-damage|p1a: Landorus|42\/100\n|move|p1a: Landorus|Stomping Tantrum|p2b: Torkoal\n|-supereffective|p2b: Torkoal\n|-damage|p2b: Torkoal|46\/100\n|\n|-weather|SunnyDay|[upkeep]\n|upkeep\n|turn|2\n|\n|t:|1701203940\n|switch|p1a: Ninetales|Ninetales-Alola, L50, M|100\/100\n|-weather|Snow|[from] ability: Snow Warning|[of] p1a: Ninetales\n|-end|p2a: Flutter Mane|Protosynthesis\n|-terastallize|p1b: Ogerpon|Water\n|detailschange|p1b: Ogerpon|Ogerpon-Wellspring-Tera, L50, F, tera:Water\n|-ability|p1b: Ogerpon|Embody Aspect (Wellspring)|boost\n|-boost|p1b: Ogerpon|spd|1\n|move|p2a: Flutter Mane|Moonblast|p1b: Ogerpon\n|-damage|p1b: Ogerpon|47\/100\n|-unboost|p1b: Ogerpon|spa|1\n|move|p1b: Ogerpon|Ivy Cudgel|p2a: Flutter Mane|[anim] Ivy Cudgel Water\n|-damage|p2a: Flutter Mane|0 fnt\n|faint|p2a: Flutter Mane\n|-end|p2a: Flutter Mane|Protosynthesis|[silent]\n|move|p2b: Torkoal|Overheat|p1a: Ninetales\n|-supereffective|p1a: Ninetales\n|-damage|p1a: Ninetales|7\/100\n|-unboost|p2b: Torkoal|spa|2\n|-enditem|p2b: Torkoal|Eject Pack\n|\n|t:|1701203977\n|switch|p2b: Chi-Yu|Chi-Yu, L50|100\/100\n|-ability|p2b: Chi-Yu|Beads of Ruin\n|\n|-weather|Snow|[upkeep]\n|upkeep\n|\n|t:|1701203979\n|switch|p2a: Torkoal|Torkoal, L50, M|46\/100\n|-weather|SunnyDay|[from] ability: Drought|[of] p2a: Torkoal\n|turn|3\n|\n|t:|1701204007\n|switch|p1a: Landorus|Landorus-Therian, L50, M|42\/100\n|-ability|p1a: Landorus|Intimidate|boost\n|-unboost|p2a: Torkoal|atk|1\n|-unboost|p2b: Chi-Yu|atk|1\n|move|p1b: Ogerpon|Spiky Shield|p1b: Ogerpon\n|-singleturn|p1b: Ogerpon|move: Protect\n|move|p2b: Chi-Yu|Dark Pulse|p1b: Ogerpon\n|-activate|p1b: Ogerpon|move: Protect\n|move|p2a: Torkoal|Body Press|p1a: Landorus\n|-resisted|p1a: Landorus\n|-damage|p1a: Landorus|26\/100\n|\n|-weather|SunnyDay|[upkeep]\n|upkeep\n|turn|4\n|\n|t:|1701204040\n|switch|p1b: Baxcalibur|Baxcalibur, L50, F, shiny|100\/100\n|move|p2b: Chi-Yu|Protect|p2b: Chi-Yu\n|-singleturn|p2b: Chi-Yu|Protect\n|move|p1a: Landorus|Stomping Tantrum|p2b: Chi-Yu\n|-activate|p2b: Chi-Yu|move: Protect\n|move|p2a: Torkoal|Overheat|p1a: Landorus\n|-damage|p1a: Landorus|0 fnt\n|-unboost|p2a: Torkoal|spa|2\n|faint|p1a: Landorus\n|\n|-weather|SunnyDay|[upkeep]\n|upkeep\n|\n|t:|1701204049\n|switch|p1a: Ninetales|Ninetales-Alola, L50, M|7\/100\n|-weather|Snow|[from] ability: Snow Warning|[of] p1a: Ninetales\n|turn|5\n|\n|t:|1701204073\n|switch|p2a: Arcanine|Arcanine-Hisui, L50, F|100\/100\n|-ability|p2a: Arcanine|Intimidate|boost\n|-unboost|p1a: Ninetales|atk|1\n|-fail|p1b: Baxcalibur|unboost|[from] item: Clear Amulet|[of] p1b: Baxcalibur\n|move|p1a: Ninetales|Icy Wind|p2b: Chi-Yu|[spread] p2a,p2b\n|-resisted|p2a: Arcanine\n|-resisted|p2b: Chi-Yu\n|-damage|p2a: Arcanine|88\/100\n|-damage|p2b: Chi-Yu|91\/100\n|-unboost|p2a: Arcanine|spe|1\n|move|p2b: Chi-Yu|Heat Wave|p1a: Ninetales|[spread] p1a\n|-miss|p2b: Chi-Yu|p1b: Baxcalibur\n|-supereffective|p1a: Ninetales\n|-damage|p1a: Ninetales|0 fnt\n|faint|p1a: Ninetales\n|move|p1b: Baxcalibur|Glaive Rush|p2b: Chi-Yu\n|-damage|p2b: Chi-Yu|0 fnt\n|-singlemove|p1b: Baxcalibur|Glaive Rush|[silent]\n|faint|p2b: Chi-Yu\n|\n|-weather|Snow|[upkeep]\n|upkeep\n|\n|t:|1701204088\n|switch|p1a: Ogerpon|Ogerpon-Wellspring-Tera, L50, F, tera:Water|47\/100\n|switch|p2b: Torkoal|Torkoal, L50, M|46\/100\n|-ability|p1a: Ogerpon|Embody Aspect (Wellspring)|boost\n|-boost|p1a: Ogerpon|spd|1\n|-weather|SunnyDay|[from] ability: Drought|[of] p2b: Torkoal\n|turn|6\n|\n|t:|1701204100\n|move|p1b: Baxcalibur|Protect|p1b: Baxcalibur\n|-singleturn|p1b: Baxcalibur|Protect\n|move|p2a: Arcanine|Extreme Speed|p1a: Ogerpon\n|-damage|p1a: Ogerpon|13\/100\n|move|p1a: Ogerpon|Ivy Cudgel|p2a: Arcanine|[anim] Ivy Cudgel Water\n|-supereffective|p2a: Arcanine\n|-damage|p2a: Arcanine|0 fnt\n|faint|p2a: Arcanine\n|move|p2b: Torkoal|Body Press|p1b: Baxcalibur\n|-activate|p1b: Baxcalibur|move: Protect\n|\n|-weather|SunnyDay|[upkeep]\n|upkeep\n|turn|7\n|\n|t:|1701204120\n|-terastallize|p2b: Torkoal|Grass\n|move|p1a: Ogerpon|Ivy Cudgel|p2b: Torkoal|[anim] Ivy Cudgel Water\n|-resisted|p2b: Torkoal\n|-damage|p2b: Torkoal|35\/100\n|move|p1b: Baxcalibur|Glaive Rush|p2b: Torkoal\n|-damage|p2b: Torkoal|0 fnt\n|-singlemove|p1b: Baxcalibur|Glaive Rush|[silent]\n|faint|p2b: Torkoal\n|\n|win|sabj\n|raw|sabj's rating: 1292 &rarr; <strong>1319<\/strong><br \/>(+27 for winning)\n|raw|Bakekp's rating: 1320 &rarr; <strong>1298<\/strong><br \/>(-22 for losing)\n|l|\u2606Bakekp\n","uploadtime":1701204131,"views":13,"p1id":"sabj","p2id":"bakekp","formatid":"gen9vgc2023regulatione","rating":1298,"private":0,"password":""}