{"id":"gen9vgc2023regulatione-1989017041","p1":"lokocuerdo","p2":"Pasodoble","format":"[Gen 9] VGC 2023 Regulation E","log":"|j|\u2606lokocuerdo\n|j|\u2606Pasodoble\n|n|\u2606lokocuerdo|lokocuerdo\n|n|\u2606Pasodoble|pasodoble\n|html|View the match progress at <a href=\"\/game-bestof3-gen9vgc2023regulatione-1989014200\">game-bestof3-gen9vgc2023regulatione-1989014200<\/a>\n|t:|1699802646\n|gametype|doubles\n|player|p1|lokocuerdo|170|\n|player|p2|Pasodoble|169|\n|teamsize|p1|6\n|teamsize|p2|6\n|gen|9\n|tier|[Gen 9] VGC 2023 Regulation E\n|rule|Species Clause: Limit one of each Pok\u00e9mon\n|rule|Item Clause: Limit one of each item\n|clearpoke\n|poke|p1|Urshifu-*, L50, F|\n|poke|p1|Arcanine-Hisui, L50, M|\n|poke|p1|Rillaboom, L50, M|\n|poke|p1|Tornadus, L50, M|\n|poke|p1|Chien-Pao, L50|\n|poke|p1|Flutter Mane, L50|\n|poke|p2|Glimmora, L50, M|\n|poke|p2|Landorus-Therian, L50, M|\n|poke|p2|Dondozo, L50, F|\n|poke|p2|Tatsugiri, L50, F|\n|poke|p2|Flutter Mane, L50|\n|poke|p2|Chi-Yu, L50|\n|teampreview|4\nlokocuerdo has agreed to open team sheets.\n|\n|t:|1699802667\n|start\n|switch|p1a: Tornadus|Tornadus, L50, M|100\/100\n|switch|p1b: Urshifu|Urshifu-Rapid-Strike, L50, F|100\/100\n|switch|p2a: Glimmora|Glimmora, L50, M|100\/100\n|switch|p2b: Tatsugiri|Tatsugiri, L50, F|100\/100\n|turn|1\n|\n|t:|1699802700\n|switch|p1a: Flutter Mane|Flutter Mane, L50|100\/100\n|-enditem|p1a: Flutter Mane|Booster Energy\n|-activate|p1a: Flutter Mane|ability: Protosynthesis|[fromitem]\n|-start|p1a: Flutter Mane|protosynthesisspa\n|-terastallize|p1b: Urshifu|Water\n|-terastallize|p2a: Glimmora|Grass\n|move|p1b: Urshifu|Surging Strikes|p2a: Glimmora\n|-resisted|p2a: Glimmora\n|-crit|p2a: Glimmora\n|-damage|p2a: Glimmora|83\/100\n|-activate|p2a: Glimmora|ability: Toxic Debris\n|-sidestart|p1: lokocuerdo|move: Toxic Spikes\n|-resisted|p2a: Glimmora\n|-crit|p2a: Glimmora\n|-damage|p2a: Glimmora|65\/100\n|-activate|p2a: Glimmora|ability: Toxic Debris\n|-sidestart|p1: lokocuerdo|move: Toxic Spikes\n|-resisted|p2a: Glimmora\n|-crit|p2a: Glimmora\n|-damage|p2a: Glimmora|49\/100\n|-hitcount|p2a: Glimmora|3\n|move|p2b: Tatsugiri|Draco Meteor|p1a: Flutter Mane\n|-immune|p1a: Flutter Mane\n|move|p2a: Glimmora|Energy Ball|p1b: Urshifu\n|-supereffective|p1b: Urshifu\n|-damage|p1b: Urshifu|0 fnt\n|faint|p1b: Urshifu\n|\n|upkeep\n|\n|t:|1699802724\n|switch|p1b: Tornadus|Tornadus, L50, M|100\/100\n|turn|2\n|\n|t:|1699802753\n|switch|p2a: Dondozo|Dondozo, L50, F|100\/100\n|-activate|p2b: Tatsugiri|ability: Commander|[of] p2a: Dondozo\n|-boost|p2a: Dondozo|atk|2\n|-boost|p2a: Dondozo|spa|2\n|-boost|p2a: Dondozo|spe|2\n|-boost|p2a: Dondozo|def|2\n|-boost|p2a: Dondozo|spd|2\n|move|p1a: Flutter Mane|Dazzling Gleam|p2a: Dondozo|[spread] p2a\n|-miss|p1a: Flutter Mane|p2b: Tatsugiri\n|-damage|p2a: Dondozo|84\/100\n|move|p1b: Tornadus|Bleakwind Storm|p2b: Tatsugiri|[spread] p2a\n|-miss|p1b: Tornadus|p2b: Tatsugiri\n|-damage|p2a: Dondozo|71\/100\n|\n|-heal|p2a: Dondozo|77\/100|[from] item: Leftovers\n|upkeep\n|turn|3\n|\n|t:|1699802771\n|move|p1b: Tornadus|Taunt|p2a: Dondozo\n|-start|p2a: Dondozo|move: Taunt\n|move|p1a: Flutter Mane|Moonblast|p2a: Dondozo\n|-crit|p2a: Dondozo\n|-damage|p2a: Dondozo|0 fnt\n|faint|p2a: Dondozo\n|\n|upkeep\n|\n|t:|1699802778\n|switch|p2a: Chi-Yu|Chi-Yu, L50|100\/100\n|-ability|p2a: Chi-Yu|Beads of Ruin\n|turn|4\n|c|\u2606lokocuerdo|sory\n|\n|t:|1699802795\n|move|p2b: Tatsugiri|Protect|p2b: Tatsugiri\n|-singleturn|p2b: Tatsugiri|Protect\n|move|p1b: Tornadus|Tailwind|p1b: Tornadus\n|-sidestart|p1: lokocuerdo|move: Tailwind\n|move|p1a: Flutter Mane|Dazzling Gleam|p2b: Tatsugiri|[spread] p2a\n|-activate|p2b: Tatsugiri|move: Protect\n|-damage|p2a: Chi-Yu|56\/100\n|move|p2a: Chi-Yu|Overheat|p1a: Flutter Mane\n|-damage|p1a: Flutter Mane|0 fnt\n|-unboost|p2a: Chi-Yu|spa|2\n|faint|p1a: Flutter Mane\n|-end|p1a: Flutter Mane|Protosynthesis|[silent]\n|-damage|p2a: Chi-Yu|46\/100|[from] item: Life Orb\n|\n|upkeep\n|\n|t:|1699802807\n|switch|p1a: Rillaboom|Rillaboom, L50, M|100\/100\n|-status|p1a: Rillaboom|tox\n|-fieldstart|move: Grassy Terrain|[from] ability: Grassy Surge|[of] p1a: Rillaboom\n|turn|5\n|\n|t:|1699802827\n|switch|p2a: Glimmora|Glimmora, L50, M, tera:Grass|49\/100\n|move|p1b: Tornadus|Rain Dance|p1b: Tornadus\n|-weather|RainDance\n|move|p1a: Rillaboom|Wood Hammer|p2b: Tatsugiri\n|-damage|p2b: Tatsugiri|0 fnt\n|faint|p2b: Tatsugiri\n|-damage|p1a: Rillaboom|77\/100 tox|[from] Recoil\n|\n|-weather|RainDance|[upkeep]\n|-heal|p1a: Rillaboom|83\/100 tox|[from] Grassy Terrain\n|-heal|p2a: Glimmora|55\/100|[from] Grassy Terrain\n|-damage|p1a: Rillaboom|77\/100 tox|[from] psn\n|upkeep\n|\n|t:|1699802832\n|switch|p2b: Chi-Yu|Chi-Yu, L50|46\/100\n|-ability|p2b: Chi-Yu|Beads of Ruin\n|turn|6\n|\n|t:|1699802847\n|move|p1a: Rillaboom|Grassy Glide|p2b: Chi-Yu\n|-resisted|p2b: Chi-Yu\n|-damage|p2b: Chi-Yu|17\/100\n|move|p1b: Tornadus|Bleakwind Storm|p2b: Chi-Yu|[spread] p2a,p2b\n|-supereffective|p2a: Glimmora\n|-damage|p2a: Glimmora|7\/100\n|-damage|p2b: Chi-Yu|0 fnt\n|-unboost|p2a: Glimmora|spe|1\n|faint|p2b: Chi-Yu\n|move|p2a: Glimmora|Power Gem|p1b: Tornadus\n|-supereffective|p1b: Tornadus\n|-damage|p1b: Tornadus|33\/100\n|\n|-weather|RainDance|[upkeep]\n|-heal|p1a: Rillaboom|83\/100 tox|[from] Grassy Terrain\n|-heal|p2a: Glimmora|13\/100|[from] Grassy Terrain\n|-damage|p1a: Rillaboom|71\/100 tox|[from] psn\n|upkeep\n|turn|7\n|c|\u2606Pasodoble|gg jeje\n|\n|t:|1699802859\n|move|p1b: Tornadus|Bleakwind Storm|p2a: Glimmora\n|-supereffective|p2a: Glimmora\n|-damage|p2a: Glimmora|0 fnt\n|faint|p2a: Glimmora\n|\n|win|lokocuerdo\n","uploadtime":1699802862,"views":9,"p1id":"lokocuerdo","p2id":"pasodoble","formatid":"gen9vgc2023regulatione","rating":0,"private":0,"password":""}