{"id":"gen9vgc2023regulatione-2000578466","p1":"Ezsecks","p2":"bus","format":"[Gen 9] VGC 2023 Regulation E","log":"|j|\u2606Ezsecks\n|j|\u2606bus\n|t:|1701207087\n|gametype|doubles\n|player|p1|Ezsecks|grimsley|1000\n|player|p2|bus|sabrina|1087\n|teamsize|p1|6\n|teamsize|p2|6\n|gen|9\n|tier|[Gen 9] VGC 2023 Regulation E\n|rated|\n|rule|Species Clause: Limit one of each Pok\u00e9mon\n|rule|Item Clause: Limit one of each item\n|clearpoke\n|poke|p1|Roaring Moon, L50|\n|poke|p1|Milotic, L50, F|\n|poke|p1|Landorus-Therian, L50, M|\n|poke|p1|Flutter Mane, L50|\n|poke|p1|Iron Hands, L50|\n|poke|p1|Ogerpon-Hearthflame, L50, F|\n|poke|p2|Armarouge, L50, F|\n|poke|p2|Maushold, L50|\n|poke|p2|Torkoal, L50, M|\n|poke|p2|Lilligant-Hisui, L50, F|\n|poke|p2|Charizard, L50, M|\n|poke|p2|Landorus-Therian, L50, M|\n|teampreview|4\n|\n|t:|1701207109\n|start\n|switch|p1a: Roaring Moon|Roaring Moon, L50|100\/100\n|switch|p1b: Landorus|Landorus-Therian, L50, M|100\/100\n|switch|p2a: Lilligant|Lilligant-Hisui, L50, F|100\/100\n|switch|p2b: Torkoal|Torkoal, L50, M|100\/100\n|-ability|p1b: Landorus|Intimidate|boost\n|-unboost|p2a: Lilligant|atk|1\n|-unboost|p2b: Torkoal|atk|1\n|-weather|SunnyDay|[from] ability: Drought|[of] p2b: Torkoal\n|-activate|p1a: Roaring Moon|ability: Protosynthesis\n|-start|p1a: Roaring Moon|protosynthesisatk\n|turn|1\n|\n|t:|1701207140\n|move|p2a: Lilligant|Sleep Powder|p1a: Roaring Moon\n|-status|p1a: Roaring Moon|slp|[from] move: Sleep Powder\n|move|p1b: Landorus|Stomping Tantrum|p2b: Torkoal\n|-supereffective|p2b: Torkoal\n|-damage|p2b: Torkoal|35\/100\n|cant|p1a: Roaring Moon|slp\n|move|p2b: Torkoal|Yawn|p1b: Landorus\n|-start|p1b: Landorus|move: Yawn|[of] p2b: Torkoal\n|\n|-weather|SunnyDay|[upkeep]\n|upkeep\n|turn|2\n|\n|t:|1701207159\n|switch|p2b: Charizard|Charizard, L50, M|100\/100\n|move|p2a: Lilligant|Encore|p1b: Landorus\n|-start|p1b: Landorus|Encore\n|move|p1b: Landorus|Stomping Tantrum|p2b: Charizard\n|-immune|p2b: Charizard\n|cant|p1a: Roaring Moon|slp\n|\n|-weather|SunnyDay|[upkeep]\n|-damage|p2b: Charizard|88\/100|[from] ability: Solar Power|[of] p2b: Charizard\n|-end|p1b: Landorus|move: Yawn|[silent]\n|-status|p1b: Landorus|slp\n|upkeep\n|turn|3\n|\n|t:|1701207184\n|-terastallize|p2b: Charizard|Fire\n|move|p2a: Lilligant|Solar Blade||[still]\n|-prepare|p2a: Lilligant|Solar Blade\n|-anim|p2a: Lilligant|Solar Blade|p1b: Landorus\n|-damage|p1b: Landorus|61\/100 slp\n|move|p2b: Charizard|Heat Wave|p1a: Roaring Moon|[spread] p1a,p1b\n|-resisted|p1a: Roaring Moon\n|-damage|p1a: Roaring Moon|59\/100 slp\n|-damage|p1b: Landorus|0 fnt\n|faint|p1b: Landorus\n|-curestatus|p1a: Roaring Moon|slp|[msg]\n|move|p1a: Roaring Moon|Tailwind|p1a: Roaring Moon\n|-sidestart|p1: Ezsecks|move: Tailwind\n|\n|-weather|SunnyDay|[upkeep]\n|-damage|p2b: Charizard|76\/100|[from] ability: Solar Power|[of] p2b: Charizard\n|upkeep\n|\n|t:|1701207189\n|switch|p1b: Ogerpon|Ogerpon-Hearthflame, L50, F|100\/100\n|-ability|p1b: Ogerpon|Mold Breaker\n|turn|4\n|\n|t:|1701207203\n|switch|p2b: Maushold|Maushold, L50|100\/100\n|-terastallize|p1b: Ogerpon|Fire\n|detailschange|p1b: Ogerpon|Ogerpon-Hearthflame-Tera, L50, F, tera:Fire\n|-ability|p1b: Ogerpon|Embody Aspect (Hearthflame)|boost\n|-boost|p1b: Ogerpon|atk|1\n|move|p2a: Lilligant|Sleep Powder|p1a: Roaring Moon\n|-status|p1a: Roaring Moon|slp|[from] move: Sleep Powder\n|cant|p1a: Roaring Moon|slp\n|move|p1b: Ogerpon|Ivy Cudgel|p2b: Maushold|[anim] Ivy Cudgel Fire\n|-enditem|p2b: Maushold|Focus Sash\n|-damage|p2b: Maushold|1\/100\n|\n|-weather|SunnyDay|[upkeep]\n|upkeep\n|turn|5\n|\n|t:|1701207227\n|move|p2b: Maushold|Follow Me|p2b: Maushold\n|-singleturn|p2b: Maushold|move: Follow Me\n|move|p2a: Lilligant|Sleep Powder|p1b: Ogerpon|[miss]\n|-miss|p2a: Lilligant|p1b: Ogerpon\n|cant|p1a: Roaring Moon|slp\n|move|p1b: Ogerpon|Ivy Cudgel|p2b: Maushold|[anim] Ivy Cudgel Fire\n|-damage|p2b: Maushold|0 fnt\n|faint|p2b: Maushold\n|\n|-weather|SunnyDay|[upkeep]\n|upkeep\n|\n|t:|1701207234\n|switch|p2b: Charizard|Charizard, L50, M, tera:Fire|76\/100\n|turn|6\n|\n|t:|1701207240\n|move|p1b: Ogerpon|Spiky Shield|p1b: Ogerpon\n|-singleturn|p1b: Ogerpon|move: Protect\n|move|p2a: Lilligant|Sleep Powder|p1b: Ogerpon\n|-activate|p1b: Ogerpon|move: Protect\n|cant|p1a: Roaring Moon|slp\n|move|p2b: Charizard|Overheat|p1a: Roaring Moon\n|-resisted|p1a: Roaring Moon\n|-damage|p1a: Roaring Moon|0 fnt\n|-unboost|p2b: Charizard|spa|2\n|faint|p1a: Roaring Moon\n|-end|p1a: Roaring Moon|Protosynthesis|[silent]\n|\n|-weather|SunnyDay|[upkeep]\n|-damage|p2b: Charizard|63\/100|[from] ability: Solar Power|[of] p2b: Charizard\n|-sideend|p1: Ezsecks|move: Tailwind\n|upkeep\n|\n|t:|1701207248\n|switch|p1a: Flutter Mane|Flutter Mane, L50|100\/100\n|-activate|p1a: Flutter Mane|ability: Protosynthesis\n|-start|p1a: Flutter Mane|protosynthesisspa\n|turn|7\n|\n|t:|1701207273\n|move|p1b: Ogerpon|Follow Me|p1b: Ogerpon\n|-singleturn|p1b: Ogerpon|move: Follow Me\n|move|p2a: Lilligant|Sleep Powder|p1b: Ogerpon|[miss]\n|-miss|p2a: Lilligant|p1b: Ogerpon\n|move|p2b: Charizard|Overheat|p1b: Ogerpon|[miss]\n|-miss|p2b: Charizard|p1b: Ogerpon\n|move|p1a: Flutter Mane|Moonblast|p2a: Lilligant\n|-supereffective|p2a: Lilligant\n|-crit|p2a: Lilligant\n|-damage|p2a: Lilligant|0 fnt\n|faint|p2a: Lilligant\n|\n|-weather|SunnyDay|[upkeep]\n|-damage|p2b: Charizard|51\/100|[from] ability: Solar Power|[of] p2b: Charizard\n|upkeep\n|\n|t:|1701207277\n|switch|p2a: Torkoal|Torkoal, L50, M|35\/100\n|turn|8\n|\n|t:|1701207294\n|move|p1b: Ogerpon|Spiky Shield|p1b: Ogerpon\n|-singleturn|p1b: Ogerpon|move: Protect\n|move|p2b: Charizard|Overheat|p1b: Ogerpon\n|-activate|p1b: Ogerpon|move: Protect\n|move|p1a: Flutter Mane|Shadow Ball|p2a: Torkoal\n|-damage|p2a: Torkoal|0 fnt\n|faint|p2a: Torkoal\n|\n|-weather|none\n|-end|p1a: Flutter Mane|Protosynthesis\n|upkeep\n|turn|9\n|\n|t:|1701207307\n|move|p2b: Charizard|Overheat|p1b: Ogerpon\n|-resisted|p1b: Ogerpon\n|-damage|p1b: Ogerpon|79\/100\n|-unboost|p2b: Charizard|spa|2\n|move|p1a: Flutter Mane|Shadow Ball|p2b: Charizard\n|-damage|p2b: Charizard|0 fnt\n|faint|p2b: Charizard\n|\n|win|Ezsecks\n|raw|Ezsecks's rating: 1000 &rarr; <strong>1050<\/strong><br \/>(+50 for winning)\n|raw|bus's rating: 1087 &rarr; <strong>1058<\/strong><br \/>(-29 for losing)\n","uploadtime":1701207314,"views":1,"p1id":"ezsecks","p2id":"bus","formatid":"gen9vgc2023regulatione","rating":1050,"private":0,"password":""}