{"id":"gen9vgc2023regulatione-1992052446","p1":"D Hazey","p2":"Windriders","format":"[Gen 9] VGC 2023 Regulation E","log":"|j|\u2606D Hazey\n|j|\u2606Windriders\n|t:|1700151087\n|gametype|doubles\n|player|p1|D Hazey|ethan|1000\n|player|p2|Windriders|102|1025\n|teamsize|p1|6\n|teamsize|p2|6\n|gen|9\n|tier|[Gen 9] VGC 2023 Regulation E\n|rated|\n|rule|Species Clause: Limit one of each Pok\u00e9mon\n|rule|Item Clause: Limit one of each item\n|clearpoke\n|poke|p1|Pelipper, L50, F|\n|poke|p1|Ogerpon, L50, F|\n|poke|p1|Amoonguss, L50, F|\n|poke|p1|Landorus-Therian, L50, M|\n|poke|p1|Arcanine-Hisui, L50, F|\n|poke|p1|Tornadus, L50, M|\n|poke|p2|Ogerpon-Wellspring, L50, F|\n|poke|p2|Ludicolo, L50, F|\n|poke|p2|Gastrodon-East, L50, M|\n|poke|p2|Pelipper, L50, M|\n|poke|p2|Barraskewda, L50, M|\n|poke|p2|Sinistcha-Masterpiece, L50|\n|teampreview|4\n|\n|t:|1700151108\n|start\n|switch|p1a: Tornadus|Tornadus, L50, M|100\/100\n|switch|p1b: Arcanine|Arcanine-Hisui, L50, F|100\/100\n|switch|p2a: Pelipper|Pelipper, L50, M|100\/100\n|switch|p2b: Ludicolo|Ludicolo, L50, F|100\/100\n|-weather|RainDance|[from] ability: Drizzle|[of] p2a: Pelipper\n|turn|1\n|\n|t:|1700151139\n|move|p1a: Tornadus|Tailwind|p1a: Tornadus\n|-sidestart|p1: D Hazey|move: Tailwind\n|move|p1b: Arcanine|Head Smash|p2a: Pelipper\n|-supereffective|p2a: Pelipper\n|-enditem|p2a: Pelipper|Focus Sash\n|-damage|p2a: Pelipper|1\/100\n|move|p2b: Ludicolo|Surf|p1b: Arcanine|[spread] p2a,p1a,p1b\n|-resisted|p2a: Pelipper\n|-supereffective|p1b: Arcanine\n|-damage|p2a: Pelipper|0 fnt\n|-damage|p1a: Tornadus|38\/100\n|-damage|p1b: Arcanine|0 fnt\n|faint|p2a: Pelipper\n|faint|p1b: Arcanine\n|\n|-weather|RainDance|[upkeep]\n|upkeep\n|\n|t:|1700151155\n|switch|p1b: Amoonguss|Amoonguss, L50, F, shiny|100\/100\n|switch|p2a: Ogerpon|Ogerpon-Wellspring, L50, F|100\/100\n|turn|2\n|\n|t:|1700151172\n|move|p2a: Ogerpon|Spiky Shield|p2a: Ogerpon\n|-singleturn|p2a: Ogerpon|move: Protect\n|move|p1b: Amoonguss|Rage Powder|p1b: Amoonguss\n|-singleturn|p1b: Amoonguss|move: Rage Powder\n|move|p1a: Tornadus|Hurricane|p2b: Ludicolo\n|-supereffective|p2b: Ludicolo\n|-damage|p2b: Ludicolo|0 fnt\n|faint|p2b: Ludicolo\n|\n|-weather|RainDance|[upkeep]\n|upkeep\n|\n|t:|1700151180\n|switch|p2b: Gastrodon|Gastrodon-East, L50, M|100\/100\n|turn|3\n|\n|t:|1700151204\n|move|p1a: Tornadus|Taunt|p2a: Ogerpon\n|-start|p2a: Ogerpon|move: Taunt\n|move|p2a: Ogerpon|Ivy Cudgel|p2b: Gastrodon|[anim] Ivy Cudgel Water\n|-activate|p2b: Gastrodon|ability: Storm Drain\n|-ability|p2b: Gastrodon|Storm Drain|boost\n|-boost|p2b: Gastrodon|spa|1\n|move|p2b: Gastrodon|Ice Beam|p1b: Amoonguss\n|-supereffective|p1b: Amoonguss\n|-damage|p1b: Amoonguss|31\/100\n|move|p1b: Amoonguss|Spore|p2b: Gastrodon\n|-status|p2b: Gastrodon|slp|[from] move: Spore\n|\n|-weather|RainDance|[upkeep]\n|upkeep\n|turn|4\n|\n|t:|1700151226\n|move|p1a: Tornadus|Bleakwind Storm|p2a: Ogerpon|[spread] p2a,p2b\n|-supereffective|p2a: Ogerpon\n|-damage|p2a: Ogerpon|16\/100\n|-damage|p2b: Gastrodon|60\/100 slp\n|move|p2a: Ogerpon|Horn Leech|p1b: Amoonguss\n|-resisted|p1b: Amoonguss\n|-damage|p1b: Amoonguss|21\/100\n|-heal|p2a: Ogerpon|23\/100|[from] drain|[of] p1b: Amoonguss\n|-damage|p2a: Ogerpon|6\/100|[from] item: Rocky Helmet|[of] p1b: Amoonguss\n|cant|p2b: Gastrodon|slp\n|move|p1b: Amoonguss|Pollen Puff|p1a: Tornadus\n|-heal|p1a: Tornadus|88\/100\n|\n|-weather|RainDance|[upkeep]\n|-sideend|p1: D Hazey|move: Tailwind\n|upkeep\n|turn|5\n|\n|t:|1700151249\n|move|p1a: Tornadus|Bleakwind Storm|p2a: Ogerpon|[spread] p2a,p2b\n|-supereffective|p2a: Ogerpon\n|-damage|p2a: Ogerpon|0 fnt\n|-damage|p2b: Gastrodon|15\/100 slp\n|faint|p2a: Ogerpon\n|cant|p2b: Gastrodon|slp\n|move|p1b: Amoonguss|Clear Smog|p2b: Gastrodon\n|-resisted|p2b: Gastrodon\n|-damage|p2b: Gastrodon|6\/100 slp\n|-clearboost|p2b: Gastrodon\n|\n|-weather|none\n|upkeep\n|turn|6\n|\n|t:|1700151264\n|move|p1a: Tornadus|Bleakwind Storm|p2b: Gastrodon\n|-damage|p2b: Gastrodon|0 fnt\n|faint|p2b: Gastrodon\n|\n|win|D Hazey\n|raw|D Hazey's rating: 1000 &rarr; <strong>1043<\/strong><br \/>(+43 for winning)\n|raw|Windriders's rating: 1025 &rarr; <strong>1010<\/strong><br \/>(-15 for losing)\n|l|\u2606Windriders\n","uploadtime":1700151284,"views":14,"p1id":"dhazey","p2id":"windriders","formatid":"gen9vgc2023regulatione","rating":1010,"private":0,"password":""}