{"id":"gen9vgc2023regulatione-1991341904","p1":"FinalGambitVGC","p2":"LordGig","format":"[Gen 9] VGC 2023 Regulation E","log":"|j|\u2606FinalGambitVGC\n|j|\u2606LordGig\n|t:|1700069134\n|gametype|doubles\n|player|p1|FinalGambitVGC|cynthia-masters|\n|player|p2|LordGig|colress|\n|teamsize|p1|6\n|teamsize|p2|6\n|gen|9\n|tier|[Gen 9] VGC 2023 Regulation E\n|rule|Species Clause: Limit one of each Pok\u00e9mon\n|rule|Item Clause: Limit one of each item\n|clearpoke\n|poke|p1|Annihilape, L50, F|\n|poke|p1|Maushold, L50|\n|poke|p1|Cyclizar, L50, F|\n|poke|p1|Staraptor, L50, M|\n|poke|p1|Mimikyu, L50, M|\n|poke|p1|Donphan, L50, M|\n|poke|p2|Iron Hands, L50|\n|poke|p2|Arboliva, L50, F|\n|poke|p2|Meowscarada, L50, M|\n|poke|p2|Illumise, L50, F|\n|poke|p2|Kleavor, L50, F|\n|poke|p2|Milotic, L50, F|\n|teampreview|4\n|c|\u2606FinalGambitVGC|glhf\n|\n|t:|1700069220\n|start\n|switch|p1a: Staraptor|Staraptor, L50, M|100\/100\n|switch|p1b: Mimikyu|Mimikyu, L50, M|100\/100\n|switch|p2a: Myia|Illumise, L50, F, shiny|100\/100\n|switch|p2b: Wampus|Meowscarada, L50, M|100\/100\n|turn|1\n|j| AncientFuture\n|\n|t:|1700069263\n|move|p2a: Myia|Tailwind|p2a: Myia\n|-sidestart|p2: LordGig|move: Tailwind\n|move|p2b: Wampus|Play Rough|p1a: Staraptor\n|-start|p2b: Wampus|typechange|Fairy|[from] ability: Protean\n|-damage|p1a: Staraptor|0 fnt\n|faint|p1a: Staraptor\n|move|p1b: Mimikyu|Swords Dance|p1b: Mimikyu\n|-boost|p1b: Mimikyu|atk|2\n|\n|upkeep\n|\n|t:|1700069271\n|switch|p1a: Maushold|Maushold, L50|100\/100\n|turn|2\n|\n|t:|1700069300\n|move|p2a: Myia|Encore|p1b: Mimikyu\n|-start|p1b: Mimikyu|Encore\n|move|p2b: Wampus|Play Rough|p1a: Maushold\n|-damage|p1a: Maushold|0 fnt\n|faint|p1a: Maushold\n|move|p1b: Mimikyu|Swords Dance|p1b: Mimikyu\n|-boost|p1b: Mimikyu|atk|2\n|\n|upkeep\n|\n|t:|1700069303\n|switch|p1a: Annihilape|Annihilape, L50, F|100\/100\n|turn|3\n|\n|t:|1700069321\n|move|p1a: Annihilape|Protect|p1a: Annihilape\n|-singleturn|p1a: Annihilape|Protect\n|move|p2b: Wampus|Play Rough|p1a: Annihilape\n|-activate|p1a: Annihilape|move: Protect\n|move|p2a: Myia|Infestation|p1b: Mimikyu\n|-activate|p1b: Mimikyu|ability: Disguise\n|-damage|p1b: Mimikyu|100\/100\n|-activate|p1b: Mimikyu|move: Infestation|[of] p2a: Myia\n|detailschange|p1b: Mimikyu|Mimikyu-Busted, L50, M\n|-damage|p1b: Mimikyu|88\/100|[from] pokemon: Mimikyu-Busted\n|move|p1b: Mimikyu|Swords Dance|p1b: Mimikyu\n|-boost|p1b: Mimikyu|atk|2\n|\n|-damage|p1b: Mimikyu|71\/100|[from] move: Infestation|[partiallytrapped]\n|upkeep\n|turn|4\n|\n|t:|1700069343\n|move|p2b: Wampus|Play Rough|p1a: Annihilape|[miss]\n|-miss|p2b: Wampus|p1a: Annihilape\n|move|p2a: Myia|Infestation|p1b: Mimikyu\n|-resisted|p1b: Mimikyu\n|-damage|p1b: Mimikyu|70\/100\n|move|p1b: Mimikyu|Swords Dance|p1b: Mimikyu\n|-boost|p1b: Mimikyu|atk|0\n|move|p1a: Annihilape|Rage Fist|p2b: Wampus\n|-damage|p2b: Wampus|66\/100\n|\n|-damage|p1b: Mimikyu|53\/100|[from] move: Infestation|[partiallytrapped]\n|-end|p1b: Mimikyu|Encore\n|-sideend|p2: LordGig|move: Tailwind\n|upkeep\n|turn|5\n|\n|t:|1700069375\n|move|p2a: Myia|Encore|p1b: Mimikyu\n|-start|p1b: Mimikyu|Encore\n|move|p2b: Wampus|Play Rough|p1a: Annihilape\n|-supereffective|p1a: Annihilape\n|-damage|p1a: Annihilape|0 fnt\n|faint|p1a: Annihilape\n|move|p1b: Mimikyu|Swords Dance|p1b: Mimikyu\n|-boost|p1b: Mimikyu|atk|0\n|\n|-damage|p1b: Mimikyu|36\/100|[from] move: Infestation|[partiallytrapped]\n|upkeep\n|-enditem|p1b: Mimikyu|Sitrus Berry|[eat]\n|-heal|p1b: Mimikyu|61\/100|[from] item: Sitrus Berry\n|turn|6\n|-message|FinalGambitVGC forfeited.\n|\n|win|LordGig\n|l|\u2606FinalGambitVGC\n|l| AncientFuture\n|l|\u2606LordGig\n|j|\u2606FinalGambitVGC\n|player|p1|FinalGambitVGC|cynthia-masters\n","uploadtime":1700069811,"views":21,"p1id":"finalgambitvgc","p2id":"lordgig","formatid":"gen9vgc2023regulatione","rating":0,"private":0,"password":""}