{"id":"gen9vgc2023regulatione-1989202408","p1":"Ryum","p2":"TheOgreVGC","format":"[Gen 9] VGC 2023 Regulation E","log":"|j|\u2606Ryum\n|j|\u2606TheOgreVGC\n|n|\u2606Ryum|ryum\n|n|\u2606TheOgreVGC|theogrevgc\n|html|View the match progress at <a href=\"\/game-bestof3-gen9vgc2023regulatione-1989199918\">game-bestof3-gen9vgc2023regulatione-1989199918<\/a>\n|t:|1699822942\n|gametype|doubles\n|player|p1|Ryum|cress|\n|player|p2|TheOgreVGC|266|\n|teamsize|p1|6\n|teamsize|p2|6\n|gen|9\n|tier|[Gen 9] VGC 2023 Regulation E\n|rule|Species Clause: Limit one of each Pok\u00e9mon\n|rule|Item Clause: Limit one of each item\n|clearpoke\n|poke|p1|Gallade, L50, M|\n|poke|p1|Torkoal, L50, F|\n|poke|p1|Ursaluna, L50, M|\n|poke|p1|Indeedee-F, L50, F|\n|poke|p1|Urshifu-*, L50, M|\n|poke|p1|Armarouge, L50, M|\n|poke|p2|Tornadus, L50, M|\n|poke|p2|Urshifu-*, L50, F|\n|poke|p2|Arcanine-Hisui, L50, M|\n|poke|p2|Iron Hands, L50|\n|poke|p2|Amoonguss, L50, F|\n|poke|p2|Gholdengo, L50|\n|teampreview|4\n|j| cach92\nTheOgreVGC has agreed to open team sheets.\nRyum has agreed to open team sheets.\n|showteam|p1|Gallade||SitrusBerry|Sharpness|PsychoCut,SacredSword,WideGuard,TrickRoom|||M|||50|,,,,,Fire]Torkoal||Charcoal|Drought|Eruption,HeatWave,EarthPower,Protect|||F|||50|,,,,,Fire]Ursaluna||FlameOrb|Guts|SwordsDance,Protect,HeadlongRush,Facade|||M|||50|,,,,,Ghost]Indeedee-F||RockyHelmet|PsychicSurge|DazzlingGleam,FollowMe,HelpingHand,TrickRoom|||F|||50|,,,,,Water]Urshifu||ChoiceScarf|UnseenFist|Uturn,WickedBlow,IronHead,CloseCombat|||M|||50|,,,,,Dark]Armarouge||LifeOrb|FlashFire|ExpandingForce,HeatWave,TrickRoom,Protect|||M|||50|,,,,,Psychic\n|showteam|p2|Tornadus||FocusSash|Prankster|BleakwindStorm,RainDance,Tailwind,Protect|||M|||50|,,,,,Ghost]Urshifu-Rapid-Strike||MysticWater|UnseenFist|SurgingStrikes,CloseCombat,AquaJet,Protect|||F|||50|,,,,,Water]Arcanine-Hisui||ChoiceBand|Intimidate|RockSlide,FlareBlitz,ExtremeSpeed,TeraBlast|||M|||50|,,,,,Fairy]Iron Hands||AssaultVest|QuarkDrive|WildCharge,DrainPunch,VoltSwitch,FakeOut||||||50|,,,,,Grass]Amoonguss||RockyHelmet|Regenerator|PollenPuff,Spore,RagePowder,ClearSmog|||F|||50|,,,,,Water]Gholdengo||SitrusBerry|GoodasGold|NastyPlot,MakeItRain,ShadowBall,Protect||||||50|,,,,,Dragon\n|\n|t:|1699823027\n|start\n|switch|p1a: Ursaluna|Ursaluna, L50, M|100\/100\n|switch|p1b: SORM AXILY|Indeedee-F, L50, F|100\/100\n|switch|p2a: Amoonguss|Amoonguss, L50, F, shiny|100\/100\n|switch|p2b: Urshifu|Urshifu-Rapid-Strike, L50, F|100\/100\n|-fieldstart|move: Psychic Terrain|[from] ability: Psychic Surge|[of] p1b: SORM AXILY\n|turn|1\n|\n|t:|1699823057\n|-terastallize|p2b: Urshifu|Water\n|move|p1b: SORM AXILY|Follow Me|p1b: SORM AXILY\n|-singleturn|p1b: SORM AXILY|move: Follow Me\n|move|p2b: Urshifu|Surging Strikes|p1b: SORM AXILY\n|-crit|p1b: SORM AXILY\n|-damage|p1b: SORM AXILY|72\/100\n|-damage|p2b: Urshifu|84\/100|[from] item: Rocky Helmet|[of] p1b: SORM AXILY\n|-crit|p1b: SORM AXILY\n|-damage|p1b: SORM AXILY|42\/100\n|-damage|p2b: Urshifu|67\/100|[from] item: Rocky Helmet|[of] p1b: SORM AXILY\n|-crit|p1b: SORM AXILY\n|-damage|p1b: SORM AXILY|12\/100\n|-damage|p2b: Urshifu|51\/100|[from] item: Rocky Helmet|[of] p1b: SORM AXILY\n|-hitcount|p1b: SORM AXILY|3\n|move|p1a: Ursaluna|Facade|p2b: Urshifu\n|-damage|p2b: Urshifu|8\/100\n|move|p2a: Amoonguss|Spore|p1b: SORM AXILY\n|-status|p1b: SORM AXILY|slp|[from] move: Spore\n|\n|-status|p1a: Ursaluna|brn|[from] item: Flame Orb\n|upkeep\n|turn|2\n|\n|t:|1699823089\n|-terastallize|p1a: Ursaluna|Ghost\n|move|p2b: Urshifu|Surging Strikes|p1a: Ursaluna\n|-crit|p1a: Ursaluna\n|-damage|p1a: Ursaluna|81\/100 brn\n|-crit|p1a: Ursaluna\n|-damage|p1a: Ursaluna|59\/100 brn\n|-crit|p1a: Ursaluna\n|-damage|p1a: Ursaluna|38\/100 brn\n|-hitcount|p1a: Ursaluna|3\n|move|p1a: Ursaluna|Facade|p2b: Urshifu\n|-damage|p2b: Urshifu|0 fnt\n|faint|p2b: Urshifu\n|move|p2a: Amoonguss|Pollen Puff|p1a: Ursaluna\n|-resisted|p1a: Ursaluna\n|-damage|p1a: Ursaluna|30\/100 brn\n|cant|p1b: SORM AXILY|slp\n|\n|-damage|p1a: Ursaluna|25\/100 brn|[from] brn\n|upkeep\n|\n|t:|1699823102\n|switch|p2b: Arcanine|Arcanine-Hisui, L50, M|100\/100\n|-ability|p2b: Arcanine|Intimidate|boost\n|-unboost|p1a: Ursaluna|atk|1\n|-unboost|p1b: SORM AXILY|atk|1\n|turn|3\n|\n|t:|1699823110\n|move|p1a: Ursaluna|Protect|p1a: Ursaluna\n|-singleturn|p1a: Ursaluna|Protect\n|move|p2b: Arcanine|Rock Slide|p1b: SORM AXILY|[spread] p1b\n|-activate|p1a: Ursaluna|move: Protect\n|-damage|p1b: SORM AXILY|0 fnt\n|faint|p1b: SORM AXILY\n|move|p2a: Amoonguss|Spore|p1a: Ursaluna\n|-activate|p1a: Ursaluna|move: Protect\n|\n|-damage|p1a: Ursaluna|19\/100 brn|[from] brn\n|upkeep\n|\n|t:|1699823118\n|switch|p1b: Gallade|Gallade, L50, M, shiny|100\/100\n|turn|4\n|\n|t:|1699823130\n|switch|p2b: Gholdengo|Gholdengo, L50|100\/100\n|move|p1b: Gallade|Wide Guard|p1b: Gallade\n|-singleturn|p1b: Gallade|Wide Guard\n|move|p1a: Ursaluna|Facade|p2a: Amoonguss\n|-damage|p2a: Amoonguss|39\/100\n|-damage|p1a: Ursaluna|2\/100 brn|[from] item: Rocky Helmet|[of] p2a: Amoonguss\n|move|p2a: Amoonguss|Spore|p1b: Gallade\n|-status|p1b: Gallade|slp|[from] move: Spore\n|\n|-damage|p1a: Ursaluna|0 fnt|[from] brn\n|faint|p1a: Ursaluna\n|upkeep\n|\n|t:|1699823139\n|switch|p1a: Ade|Armarouge, L50, M|100\/100\n|turn|5\n|\n|t:|1699823167\n|move|p2b: Gholdengo|Protect|p2b: Gholdengo\n|-singleturn|p2b: Gholdengo|Protect\n|cant|p1b: Gallade|slp\n|move|p1a: Ade|Heat Wave|p2b: Gholdengo|[spread] \n|-activate|p2b: Gholdengo|move: Protect\n|-miss|p1a: Ade|p2a: Amoonguss\n|move|p2a: Amoonguss|Spore|p1a: Ade\n|-status|p1a: Ade|slp|[from] move: Spore\n|\n|-fieldend|move: Psychic Terrain\n|upkeep\n|turn|6\n|\n|t:|1699823194\n|switch|p2a: Arcanine|Arcanine-Hisui, L50, M|100\/100\n|-ability|p2a: Arcanine|Intimidate|boost\n|-unboost|p1a: Ade|atk|1\n|-unboost|p1b: Gallade|atk|1\n|move|p2b: Gholdengo|Shadow Ball|p1b: Gallade\n|-supereffective|p1b: Gallade\n|-damage|p1b: Gallade|25\/100 slp\n|-enditem|p1b: Gallade|Sitrus Berry|[eat]\n|-heal|p1b: Gallade|50\/100 slp|[from] item: Sitrus Berry\n|cant|p1b: Gallade|slp\n|cant|p1a: Ade|slp\n|\n|upkeep\n|turn|7\n|\n|t:|1699823211\n|move|p2a: Arcanine|Rock Slide|p1a: Ade|[spread] p1a,p1b\n|-supereffective|p1a: Ade\n|-resisted|p1b: Gallade\n|-damage|p1a: Ade|32\/100 slp\n|-damage|p1b: Gallade|23\/100 slp\n|move|p2b: Gholdengo|Shadow Ball|p1b: Gallade\n|-supereffective|p1b: Gallade\n|-damage|p1b: Gallade|0 fnt\n|faint|p1b: Gallade\n|cant|p1a: Ade|slp\n|\n|upkeep\n|turn|8\n|-message|Ryum forfeited.\n|\n|win|TheOgreVGC\n|c|&|\/uhtml prompt-ryum,Ryum is ready for game 3!\n|inactive|TheOgreVGC has 50 seconds to confirm battle start!\n|l| cach92\n|inactive|TheOgreVGC has 40 seconds to confirm battle start!\n|c|&|\/uhtml prompt-theogrevgc,TheOgreVGC is ready for game 3!\nBoth players are ready! Starting next match!\n|j| Proto_GMM\n|l| Proto_GMM\n","uploadtime":1699823230,"views":27,"p1id":"ryum","p2id":"theogrevgc","formatid":"gen9vgc2023regulatione","rating":0,"private":0,"password":""}