{"id":"gen9vgc2023regulatione-1993998212","p1":"FuriouzGold","p2":"Chaizen Hirussa","format":"[Gen 9] VGC 2023 Regulation E","log":"|j|\u2606FuriouzGold\n|j|\u2606Chaizen Hirussa\n|t:|1700390768\n|gametype|doubles\n|player|p1|FuriouzGold|nemona-s|1299\n|player|p2|Chaizen Hirussa|bugcatcher-gen4dp|1379\n|teamsize|p1|6\n|teamsize|p2|6\n|gen|9\n|tier|[Gen 9] VGC 2023 Regulation E\n|rated|\n|rule|Species Clause: Limit one of each Pok\u00e9mon\n|rule|Item Clause: Limit one of each item\n|clearpoke\n|poke|p1|Flutter Mane, L50|\n|poke|p1|Landorus-Therian, L50, M|\n|poke|p1|Ogerpon-Hearthflame, L50, F|\n|poke|p1|Sinistcha, L50|\n|poke|p1|Iron Hands, L50|\n|poke|p1|Empoleon, L50, F|\n|poke|p2|Zapdos-Galar, L50|\n|poke|p2|Tornadus, L50, M|\n|poke|p2|Flutter Mane, L50|\n|poke|p2|Arcanine-Hisui, L50, M|\n|poke|p2|Rillaboom, L50, M|\n|poke|p2|Scizor, L50, M|\n|teampreview|4\n|inactive|Battle timer is ON: inactive players will automatically lose when time's up. (requested by FuriouzGold)\n|inactive|FuriouzGold has 60 seconds left.\n|inactive|Chaizen Hirussa has 60 seconds left.\n|inactive|FuriouzGold has 30 seconds left.\n|\n|t:|1700390829\n|start\n|switch|p1a: Iron Hands|Iron Hands, L50|100\/100\n|switch|p1b: Flutter Mane|Flutter Mane, L50|100\/100\n|switch|p2a: Zapdos|Zapdos-Galar, L50|100\/100\n|switch|p2b: Rillaboom|Rillaboom, L50, M|100\/100\n|-fieldstart|move: Grassy Terrain|[from] ability: Grassy Surge|[of] p2b: Rillaboom\n|-enditem|p2a: Zapdos|Grassy Seed\n|-boost|p2a: Zapdos|def|1|[from] item: Grassy Seed\n|-enditem|p1b: Flutter Mane|Booster Energy\n|-activate|p1b: Flutter Mane|ability: Protosynthesis|[fromitem]\n|-start|p1b: Flutter Mane|protosynthesisspe\n|turn|1\n|inactive|Chaizen Hirussa has 30 seconds left.\n|inactive|Chaizen Hirussa has 20 seconds left.\n|inactive|Chaizen Hirussa has 15 seconds left.\n|\n|t:|1700390869\n|move|p2a: Zapdos|Detect|p2a: Zapdos\n|-singleturn|p2a: Zapdos|Protect\n|move|p1a: Iron Hands|Fake Out|p2b: Rillaboom\n|-damage|p2b: Rillaboom|86\/100\n|cant|p2b: Rillaboom|flinch\n|move|p1b: Flutter Mane|Moonblast|p2a: Zapdos\n|-activate|p2a: Zapdos|move: Protect\n|\n|-heal|p2b: Rillaboom|91\/100|[from] Grassy Terrain\n|upkeep\n|turn|2\n|inactive|Chaizen Hirussa has 30 seconds left.\n|inactive|Chaizen Hirussa has 20 seconds left.\n|\n|t:|1700390905\n|-end|p1a: Iron Hands|Quark Drive|[silent]\n|switch|p1a: Ogerpon|Ogerpon-Hearthflame, L50, F|100\/100\n|-ability|p1a: Ogerpon|Mold Breaker\n|-terastallize|p2a: Zapdos|Electric\n|move|p2b: Rillaboom|Grassy Glide|p1b: Flutter Mane\n|-damage|p1b: Flutter Mane|39\/100\n|move|p1b: Flutter Mane|Moonblast|p2a: Zapdos\n|-damage|p2a: Zapdos|59\/100\n|move|p2a: Zapdos|Thunderous Kick|p1a: Ogerpon\n|-damage|p1a: Ogerpon|52\/100\n|-unboost|p1a: Ogerpon|def|1\n|\n|-heal|p1b: Flutter Mane|46\/100|[from] Grassy Terrain\n|-heal|p1a: Ogerpon|58\/100|[from] Grassy Terrain\n|-heal|p2a: Zapdos|64\/100|[from] Grassy Terrain\n|-heal|p2b: Rillaboom|97\/100|[from] Grassy Terrain\n|upkeep\n|turn|3\n|inactive|FuriouzGold has 30 seconds left.\n|inactive|FuriouzGold has 20 seconds left.\n|\n|t:|1700390944\n|switch|p1a: Landorus|Landorus-Therian, L50, M|100\/100\n|-ability|p1a: Landorus|Intimidate|boost\n|-unboost|p2a: Zapdos|atk|1\n|-ability|p2a: Zapdos|Defiant|boost\n|-boost|p2a: Zapdos|atk|2\n|-unboost|p2b: Rillaboom|atk|1\n|switch|p2b: Tornadus|Tornadus, L50, M|100\/100\n|move|p2a: Zapdos|Detect|p2a: Zapdos\n|-singleturn|p2a: Zapdos|Protect\n|move|p1b: Flutter Mane|Moonblast|p2a: Zapdos\n|-activate|p2a: Zapdos|move: Protect\n|\n|-heal|p1b: Flutter Mane|52\/100|[from] Grassy Terrain\n|-heal|p2a: Zapdos|70\/100|[from] Grassy Terrain\n|upkeep\n|turn|4\n|inactive|Chaizen Hirussa has 30 seconds left.\n|inactive|Chaizen Hirussa has 20 seconds left.\n|inactive|Chaizen Hirussa has 15 seconds left.\n|\n|t:|1700390984\n|move|p1b: Flutter Mane|Protect|p1b: Flutter Mane\n|-singleturn|p1b: Flutter Mane|Protect\n|move|p2b: Tornadus|Tailwind|p2b: Tornadus\n|-sidestart|p2: Chaizen Hirussa|move: Tailwind\n|move|p2a: Zapdos|Acrobatics|p1a: Landorus\n|-crit|p1a: Landorus\n|-damage|p1a: Landorus|0 fnt\n|faint|p1a: Landorus\n|\n|-heal|p2a: Zapdos|76\/100|[from] Grassy Terrain\n|-heal|p1b: Flutter Mane|58\/100|[from] Grassy Terrain\n|upkeep\n|\n|t:|1700390996\n|switch|p1a: Iron Hands|Iron Hands, L50|100\/100\n|turn|5\n|\n|t:|1700391015\n|move|p2a: Zapdos|Detect|p2a: Zapdos\n|-singleturn|p2a: Zapdos|Protect\n|move|p1a: Iron Hands|Fake Out|p2a: Zapdos\n|-activate|p2a: Zapdos|move: Protect\n|move|p2b: Tornadus|Taunt|p1b: Flutter Mane\n|-start|p1b: Flutter Mane|move: Taunt\n|move|p1b: Flutter Mane|Icy Wind|p2b: Tornadus|[spread] p2b\n|-activate|p2a: Zapdos|move: Protect\n|-supereffective|p2b: Tornadus\n|-damage|p2b: Tornadus|70\/100\n|\n|-heal|p2a: Zapdos|82\/100|[from] Grassy Terrain\n|-heal|p1b: Flutter Mane|64\/100|[from] Grassy Terrain\n|-fieldend|move: Grassy Terrain\n|upkeep\n|turn|6\n|inactive|FuriouzGold has 30 seconds left.\n|\n|t:|1700391040\n|switch|p2b: Rillaboom|Rillaboom, L50, M|97\/100\n|-fieldstart|move: Grassy Terrain|[from] ability: Grassy Surge|[of] p2b: Rillaboom\n|move|p2a: Zapdos|Thunderous Kick|p1a: Iron Hands\n|-crit|p1a: Iron Hands\n|-damage|p1a: Iron Hands|35\/100\n|-unboost|p1a: Iron Hands|def|1\n|move|p1b: Flutter Mane|Moonblast|p2a: Zapdos\n|-damage|p2a: Zapdos|44\/100\n|move|p1a: Iron Hands|Drain Punch|p2a: Zapdos\n|-damage|p2a: Zapdos|10\/100\n|-heal|p1a: Iron Hands|49\/100|[from] drain|[of] p2a: Zapdos\n|\n|-heal|p2a: Zapdos|16\/100|[from] Grassy Terrain\n|-heal|p1b: Flutter Mane|70\/100|[from] Grassy Terrain\n|-heal|p2b: Rillaboom|100\/100|[from] Grassy Terrain\n|-heal|p1a: Iron Hands|55\/100|[from] Grassy Terrain\n|upkeep\n|turn|7\n|inactive|FuriouzGold has 30 seconds left.\n|inactive|Chaizen Hirussa has 30 seconds left.\n|inactive|Chaizen Hirussa has 20 seconds left.\n|\n|t:|1700391079\n|-end|p1a: Iron Hands|Quark Drive|[silent]\n|switch|p1a: Ogerpon|Ogerpon-Hearthflame, L50, F|58\/100\n|-ability|p1a: Ogerpon|Mold Breaker\n|move|p2b: Rillaboom|Fake Out|p1a: Ogerpon\n|-damage|p1a: Ogerpon|39\/100\n|move|p2a: Zapdos|Acrobatics|p1b: Flutter Mane\n|-damage|p1b: Flutter Mane|0 fnt\n|faint|p1b: Flutter Mane\n|-end|p1b: Flutter Mane|Protosynthesis|[silent]\n|\n|-heal|p2a: Zapdos|21\/100|[from] Grassy Terrain\n|-heal|p1a: Ogerpon|45\/100|[from] Grassy Terrain\n|-sideend|p2: Chaizen Hirussa|move: Tailwind\n|upkeep\n|\n|t:|1700391089\n|switch|p1b: Iron Hands|Iron Hands, L50|55\/100\n|turn|8\n|inactive|Chaizen Hirussa has 30 seconds left.\n|\n|t:|1700391123\n|move|p2b: Rillaboom|Grassy Glide|p1b: Iron Hands\n|-damage|p1b: Iron Hands|20\/100\n|move|p1a: Ogerpon|Ivy Cudgel|p2a: Zapdos|[anim] Ivy Cudgel Fire\n|-damage|p2a: Zapdos|0 fnt\n|faint|p2a: Zapdos\n|move|p1b: Iron Hands|Drain Punch|p2b: Rillaboom\n|-damage|p2b: Rillaboom|58\/100\n|-heal|p1b: Iron Hands|40\/100|[from] drain|[of] p2b: Rillaboom\n|\n|-heal|p1a: Ogerpon|51\/100|[from] Grassy Terrain\n|-heal|p2b: Rillaboom|64\/100|[from] Grassy Terrain\n|-heal|p1b: Iron Hands|46\/100|[from] Grassy Terrain\n|upkeep\n|\n|t:|1700391147\n|switch|p2a: Flutter Mane|Flutter Mane, L50|100\/100\n|-enditem|p2a: Flutter Mane|Booster Energy\n|-activate|p2a: Flutter Mane|ability: Protosynthesis|[fromitem]\n|-start|p2a: Flutter Mane|protosynthesisspa\n|turn|9\n|\n|t:|1700391164\n|-terastallize|p1b: Iron Hands|Water\n|move|p2a: Flutter Mane|Moonblast|p1b: Iron Hands\n|-damage|p1b: Iron Hands|12\/100\n|move|p1a: Ogerpon|Ivy Cudgel|p2b: Rillaboom|[anim] Ivy Cudgel Fire\n|-supereffective|p2b: Rillaboom\n|-damage|p2b: Rillaboom|0 fnt\n|faint|p2b: Rillaboom\n|move|p1b: Iron Hands|Heavy Slam|p2a: Flutter Mane\n|-supereffective|p2a: Flutter Mane\n|-damage|p2a: Flutter Mane|0 fnt\n|faint|p2a: Flutter Mane\n|-end|p2a: Flutter Mane|Protosynthesis|[silent]\n|\n|-heal|p1a: Ogerpon|57\/100|[from] Grassy Terrain\n|-heal|p1b: Iron Hands|18\/100|[from] Grassy Terrain\n|upkeep\n|\n|t:|1700391180\n|switch|p2b: Tornadus|Tornadus, L50, M|70\/100\n|turn|10\n|\n|t:|1700391193\n|move|p1a: Ogerpon|Ivy Cudgel|p2b: Tornadus|[anim] Ivy Cudgel Fire\n|-crit|p2b: Tornadus\n|-damage|p2b: Tornadus|0 fnt\n|faint|p2b: Tornadus\n|\n|win|FuriouzGold\n|raw|FuriouzGold's rating: 1299 &rarr; <strong>1330<\/strong><br \/>(+31 for winning)\n|raw|Chaizen Hirussa's rating: 1379 &rarr; <strong>1354<\/strong><br \/>(-25 for losing)\n","uploadtime":1700391199,"views":15,"p1id":"furiouzgold","p2id":"chaizenhirussa","formatid":"gen9vgc2023regulatione","rating":1330,"private":0,"password":""}