{"id":"gen9vgc2023regulatione-1992977046","p1":"lowki125","p2":"Prankster Ashley","format":"[Gen 9] VGC 2023 Regulation E","log":"|j|\u2606lowki125\n|j|\u2606Prankster Ashley\n|n|\u2606lowki125|lowki125\n|n|\u2606Prankster Ashley|pranksterashley\n|html|View the match progress at <a href=\"\/game-bestof3-gen9vgc2023regulatione-1992977041\">game-bestof3-gen9vgc2023regulatione-1992977041<\/a>\n|t:|1700252033\n|gametype|doubles\n|player|p1|lowki125|dahlia|\n|player|p2|Prankster Ashley|iono|\n|teamsize|p1|6\n|teamsize|p2|6\n|gen|9\n|tier|[Gen 9] VGC 2023 Regulation E\n|rule|Species Clause: Limit one of each Pok\u00e9mon\n|rule|Item Clause: Limit one of each item\n|clearpoke\n|poke|p1|Goodra-Hisui, L50, M|\n|poke|p1|Amoonguss, L50, M|\n|poke|p1|Landorus-Therian, L50, M|\n|poke|p1|Ogerpon-Hearthflame, L50, F|\n|poke|p1|Kingambit, L50, M|\n|poke|p1|Annihilape, L50, M|\n|poke|p2|Gholdengo, L50|\n|poke|p2|Articuno-Galar, L50|\n|poke|p2|Landorus-Therian, L50, M|\n|poke|p2|Rillaboom, L50, M|\n|poke|p2|Conkeldurr, L50, F|\n|poke|p2|Sableye, L50, F|\n|teampreview|4\n|inactive|Battle timer is ON: inactive players will automatically lose when time's up. (requested by Prankster Ashley)\n|inactive|lowki125 has 60 seconds left.\n|inactive|Prankster Ashley has 60 seconds left.\n|\n|t:|1700252094\n|start\n|switch|p1a: Goodra|Goodra-Hisui, L50, M|100\/100\n|switch|p1b: Kingambit|Kingambit, L50, M|100\/100\n|switch|p2a: Golden Goblin|Sableye, L50, F, shiny|100\/100\n|switch|p2b: Galarticuno|Articuno-Galar, L50, shiny|100\/100\n|turn|1\n|inactive|lowki125 has 30 seconds left.\n|\n|t:|1700252121\n|move|p2a: Golden Goblin|Fake Out|p1b: Kingambit\n|-resisted|p1b: Kingambit\n|-crit|p1b: Kingambit\n|-damage|p1b: Kingambit|96\/100\n|cant|p1b: Kingambit|flinch\n|move|p1a: Goodra|Dragon Tail|p2a: Golden Goblin\n|-damage|p2a: Golden Goblin|75\/100\n|drag|p2a: ConkeDonk|Conkeldurr, L50, F|100\/100\n|move|p2b: Galarticuno|Trick Room|p2b: Galarticuno\n|-fieldstart|move: Trick Room|[of] p2b: Galarticuno\n|-enditem|p2b: Galarticuno|Room Service\n|-unboost|p2b: Galarticuno|spe|1|[from] item: Room Service\n|\n|upkeep\n|turn|2\n|inactive|lowki125 has 30 seconds left.\n|inactive|Prankster Ashley has 30 seconds left.\n|\n|t:|1700252155\n|switch|p2b: Golden Goblin|Sableye, L50, F, shiny|75\/100\n|switch|p1b: Amoonguss|Amoonguss, L50, M, shiny|100\/100\n|move|p2a: ConkeDonk|Drain Punch|p1b: Amoonguss\n|-resisted|p1b: Amoonguss\n|-damage|p1b: Amoonguss|77\/100\n|-status|p2a: ConkeDonk|slp|[from] ability: Effect Spore|[of] p1b: Amoonguss\n|move|p1a: Goodra|Body Press|p2a: ConkeDonk\n|-damage|p2a: ConkeDonk|79\/100 slp\n|\n|upkeep\n|turn|3\n|\n|t:|1700252172\n|move|p2b: Golden Goblin|Taunt|p1b: Amoonguss\n|-start|p1b: Amoonguss|move: Taunt\n|move|p1b: Amoonguss|Sludge Bomb|p2a: ConkeDonk\n|-damage|p2a: ConkeDonk|46\/100 slp\n|cant|p2a: ConkeDonk|slp\n|move|p1a: Goodra|Life Dew||[still]|[spread] p1a,p1b\n|-fail|p1a: Goodra|heal\n|-heal|p1b: Amoonguss|100\/100\n|\n|upkeep\n|turn|4\n|\n|t:|1700252191\n|move|p2b: Golden Goblin|Taunt|p1a: Goodra\n|-start|p1a: Goodra|move: Taunt\n|move|p1b: Amoonguss|Sludge Bomb|p2a: ConkeDonk\n|-damage|p2a: ConkeDonk|13\/100 slp\n|-curestatus|p2a: ConkeDonk|slp|[msg]\n|move|p2a: ConkeDonk|Drain Punch|p1a: Goodra\n|-supereffective|p1a: Goodra\n|-damage|p1a: Goodra|33\/100\n|-heal|p2a: ConkeDonk|43\/100|[from] drain|[of] p1a: Goodra\n|-damage|p2a: ConkeDonk|26\/100|[from] item: Rocky Helmet|[of] p1a: Goodra\n|-ability|p1a: Goodra|Gooey\n|-fail|p2a: ConkeDonk|unboost|[from] item: Clear Amulet|[of] p2a: ConkeDonk\n|move|p1a: Goodra|Heavy Slam|p2b: Golden Goblin\n|-damage|p2b: Golden Goblin|22\/100\n|\n|upkeep\n|turn|5\n|\n|t:|1700252210\n|move|p2b: Golden Goblin|Will-O-Wisp|p2a: ConkeDonk\n|-status|p2a: ConkeDonk|brn\n|move|p1b: Amoonguss|Sludge Bomb|p2a: ConkeDonk\n|-damage|p2a: ConkeDonk|0 fnt\n|faint|p2a: ConkeDonk\n|move|p1a: Goodra|Heavy Slam|p2b: Golden Goblin\n|-damage|p2b: Golden Goblin|0 fnt\n|faint|p2b: Golden Goblin\n|\n|-end|p1b: Amoonguss|move: Taunt\n|-fieldend|move: Trick Room\n|upkeep\n|\n|t:|1700252221\n|switch|p2b: Its Lando|Landorus-Therian, L50, M|100\/100\n|switch|p2a: Galarticuno|Articuno-Galar, L50, shiny|100\/100\n|-ability|p2b: Its Lando|Intimidate|boost\n|-unboost|p1a: Goodra|atk|1\n|-unboost|p1b: Amoonguss|atk|1\n|turn|6\n|inactive|lowki125 has 30 seconds left.\n|\n|t:|1700252255\n|switch|p1a: Ogerpon|Ogerpon-Hearthflame, L50, F|100\/100\n|-ability|p1a: Ogerpon|Mold Breaker\n|move|p2b: Its Lando|Stomping Tantrum|p1b: Amoonguss\n|-damage|p1b: Amoonguss|35\/100\n|move|p2a: Galarticuno|Freezing Glare|p1b: Amoonguss\n|-supereffective|p1b: Amoonguss\n|-damage|p1b: Amoonguss|0 fnt\n|faint|p1b: Amoonguss\n|\n|upkeep\n|\n|t:|1700252265\n|switch|p1b: Kingambit|Kingambit, L50, M|96\/100\n|turn|7\n|\n|t:|1700252278\n|-terastallize|p1b: Kingambit|Water\n|move|p1a: Ogerpon|Spiky Shield|p1a: Ogerpon\n|-singleturn|p1a: Ogerpon|move: Protect\n|move|p2a: Galarticuno|Protect|p2a: Galarticuno\n|-singleturn|p2a: Galarticuno|Protect\n|move|p2b: Its Lando|Stomping Tantrum|p1b: Kingambit\n|-damage|p1b: Kingambit|48\/100\n|move|p1b: Kingambit|Tera Blast|p2b: Its Lando|[anim] Tera Blast Water\n|-supereffective|p2b: Its Lando\n|-damage|p2b: Its Lando|0 fnt\n|faint|p2b: Its Lando\n|-damage|p1b: Kingambit|38\/100|[from] item: Life Orb\n|\n|upkeep\n|turn|8\n|\n|t:|1700252297\n|move|p1a: Ogerpon|Ivy Cudgel|p2a: Galarticuno|[anim] Ivy Cudgel Fire\n|-damage|p2a: Galarticuno|40\/100\n|move|p2a: Galarticuno|Freezing Glare|p1b: Kingambit\n|-damage|p1b: Kingambit|0 fnt\n|faint|p1b: Kingambit\n|\n|upkeep\n|\n|t:|1700252302\n|switch|p1b: Goodra|Goodra-Hisui, L50, M|33\/100\n|turn|9\n|\n|t:|1700252312\n|move|p1a: Ogerpon|Ivy Cudgel|p2a: Galarticuno|[anim] Ivy Cudgel Fire\n|-crit|p2a: Galarticuno\n|-damage|p2a: Galarticuno|0 fnt\n|faint|p2a: Galarticuno\n|\n|win|lowki125\n|c|&|\/uhtml prompt-pranksterashley,Prankster Ashley is ready for game 2!\n|l|\u2606Prankster Ashley\n|c|&|\/uhtml prompt-pranksterashley,Prankster Ashley is ready for game 2!\n|c|&|\/uhtml prompt-lowki125,lowki125 is ready for game 2!\nBoth players are ready! Starting next match!\n","uploadtime":1700252620,"views":17,"p1id":"lowki125","p2id":"pranksterashley","formatid":"gen9vgc2023regulatione","rating":0,"private":0,"password":""}