{"id":"gen9vgc2023regulatione-1994321380","p1":"NekrosM0S","p2":"alecphil","format":"[Gen 9] VGC 2023 Regulation E","log":"|j|\u2606NekrosM0S\n|j|\u2606alecphil\n|t:|1700430872\n|gametype|doubles\n|player|p1|NekrosM0S|colress|1243\n|player|p2|alecphil|1|1146\n|teamsize|p1|6\n|teamsize|p2|6\n|gen|9\n|tier|[Gen 9] VGC 2023 Regulation E\n|rated|\n|rule|Species Clause: Limit one of each Pok\u00e9mon\n|rule|Item Clause: Limit one of each item\n|clearpoke\n|poke|p1|Iron Moth, L50|\n|poke|p1|Flutter Mane, L50|\n|poke|p1|Iron Hands, L50|\n|poke|p1|Landorus-Therian, L50, M|\n|poke|p1|Ogerpon-Wellspring, L50, F|\n|poke|p1|Gholdengo, L50|\n|poke|p2|Arcanine-Hisui, L50, M|\n|poke|p2|Rillaboom, L50, M|\n|poke|p2|Flutter Mane, L50|\n|poke|p2|Iron Bundle, L50|\n|poke|p2|Ogerpon-Hearthflame, L50, F|\n|poke|p2|Chien-Pao, L50|\n|teampreview|4\n|\n|t:|1700430909\n|start\n|switch|p1a: Landorus|Landorus-Therian, L50, M|100\/100\n|switch|p1b: Gholdengo|Gholdengo, L50|100\/100\n|switch|p2a: Ogerpon|Ogerpon-Hearthflame, L50, F|100\/100\n|switch|p2b: Rillaboom|Rillaboom, L50, M|100\/100\n|-ability|p1a: Landorus|Intimidate|boost\n|-unboost|p2a: Ogerpon|atk|1\n|-unboost|p2b: Rillaboom|atk|1\n|-ability|p2a: Ogerpon|Mold Breaker\n|-fieldstart|move: Grassy Terrain|[from] ability: Grassy Surge|[of] p2b: Rillaboom\n|turn|1\n|\n|t:|1700430940\n|move|p2b: Rillaboom|Fake Out|p1a: Landorus\n|-damage|p1a: Landorus|90\/100\n|cant|p1a: Landorus|flinch\n|move|p2a: Ogerpon|Ivy Cudgel|p1b: Gholdengo|[anim] Ivy Cudgel Fire\n|-supereffective|p1b: Gholdengo\n|-crit|p1b: Gholdengo\n|-damage|p1b: Gholdengo|0 fnt\n|faint|p1b: Gholdengo\n|\n|upkeep\n|\n|t:|1700430945\n|switch|p1b: Iron Hands|Iron Hands, L50, shiny|100\/100\n|turn|2\n|\n|t:|1700430959\n|switch|p2a: Arcanine|Arcanine-Hisui, L50, M|100\/100\n|-ability|p2a: Arcanine|Intimidate|boost\n|-unboost|p1a: Landorus|atk|1\n|-unboost|p1b: Iron Hands|atk|1\n|move|p1b: Iron Hands|Fake Out|p2b: Rillaboom\n|-damage|p2b: Rillaboom|90\/100\n|cant|p2b: Rillaboom|flinch\n|move|p1a: Landorus|Stomping Tantrum|p2a: Arcanine\n|-supereffective|p2a: Arcanine\n|-damage|p2a: Arcanine|0 fnt\n|faint|p2a: Arcanine\n|\n|-heal|p2b: Rillaboom|95\/100|[from] Grassy Terrain\n|upkeep\n|\n|t:|1700430969\n|switch|p2a: Chien-Pao|Chien-Pao, L50|100\/100\n|-ability|p2a: Chien-Pao|Sword of Ruin\n|turn|3\n|\n|t:|1700430983\n|switch|p2b: Ogerpon|Ogerpon-Hearthflame, L50, F|100\/100\n|-ability|p2b: Ogerpon|Mold Breaker\n|-terastallize|p2a: Chien-Pao|Psychic\n|-terastallize|p1b: Iron Hands|Fire\n|move|p1a: Landorus|Stomping Tantrum|p2a: Chien-Pao\n|-damage|p2a: Chien-Pao|62\/100\n|move|p2a: Chien-Pao|Psychic Fangs|p1b: Iron Hands\n|-damage|p1b: Iron Hands|58\/100\n|move|p1b: Iron Hands|Drain Punch|p2a: Chien-Pao\n|-resisted|p2a: Chien-Pao\n|-damage|p2a: Chien-Pao|44\/100\n|-heal|p1b: Iron Hands|64\/100|[from] drain|[of] p2a: Chien-Pao\n|\n|-heal|p2a: Chien-Pao|50\/100|[from] Grassy Terrain\n|-heal|p1b: Iron Hands|70\/100|[from] Grassy Terrain\n|upkeep\n|turn|4\n|\n|t:|1700431008\n|move|p2b: Ogerpon|Spiky Shield|p2b: Ogerpon\n|-singleturn|p2b: Ogerpon|move: Protect\n|move|p1a: Landorus|Stomping Tantrum|p2b: Ogerpon\n|-activate|p2b: Ogerpon|move: Protect\n|-damage|p1a: Landorus|77\/100|[from] Spiky Shield|[of] p2b: Ogerpon\n|move|p2a: Chien-Pao|Ice Spinner|p1a: Landorus\n|-supereffective|p1a: Landorus\n|-damage|p1a: Landorus|0 fnt\n|-fieldend|move: Grassy Terrain\n|faint|p1a: Landorus\n|move|p1b: Iron Hands|Wild Charge|p2a: Chien-Pao\n|-damage|p2a: Chien-Pao|5\/100\n|-damage|p1b: Iron Hands|63\/100|[from] Recoil\n|\n|upkeep\n|\n|t:|1700431011\n|switch|p1a: Iron Moth|Iron Moth, L50, shiny|100\/100\n|-enditem|p1a: Iron Moth|Booster Energy\n|-activate|p1a: Iron Moth|ability: Quark Drive|[fromitem]\n|-start|p1a: Iron Moth|quarkdrivespe\n|turn|5\n|\n|t:|1700431025\n|switch|p2b: Rillaboom|Rillaboom, L50, M|95\/100\n|-fieldstart|move: Grassy Terrain|[from] ability: Grassy Surge|[of] p2b: Rillaboom\n|move|p2a: Chien-Pao|Sucker Punch|p1b: Iron Hands\n|-damage|p1b: Iron Hands|31\/100\n|move|p1a: Iron Moth|Acid Spray|p2b: Rillaboom\n|-supereffective|p2b: Rillaboom\n|-damage|p2b: Rillaboom|37\/100\n|-unboost|p2b: Rillaboom|spd|2\n|move|p1b: Iron Hands|Drain Punch|p2a: Chien-Pao\n|-resisted|p2a: Chien-Pao\n|-damage|p2a: Chien-Pao|0 fnt\n|-heal|p1b: Iron Hands|33\/100|[from] drain|[of] p2a: Chien-Pao\n|faint|p2a: Chien-Pao\n|\n|-heal|p2b: Rillaboom|43\/100|[from] Grassy Terrain\n|-heal|p1b: Iron Hands|39\/100|[from] Grassy Terrain\n|upkeep\n|\n|t:|1700431034\n|switch|p2a: Ogerpon|Ogerpon-Hearthflame, L50, F|100\/100\n|-ability|p2a: Ogerpon|Mold Breaker\n|turn|6\n|\n|t:|1700431051\n|move|p2b: Rillaboom|Fake Out|p1b: Iron Hands\n|-damage|p1b: Iron Hands|29\/100\n|move|p1a: Iron Moth|Heat Wave|p2b: Rillaboom|[spread] p2a,p2b\n|-supereffective|p2b: Rillaboom\n|-damage|p2a: Ogerpon|59\/100\n|-damage|p2b: Rillaboom|0 fnt\n|faint|p2b: Rillaboom\n|move|p2a: Ogerpon|Ivy Cudgel|p1a: Iron Moth|[anim] Ivy Cudgel Fire\n|-resisted|p1a: Iron Moth\n|-damage|p1a: Iron Moth|56\/100\n|cant|p1b: Iron Hands|flinch\n|\n|-heal|p1a: Iron Moth|62\/100|[from] Grassy Terrain\n|-heal|p2a: Ogerpon|65\/100|[from] Grassy Terrain\n|-heal|p1b: Iron Hands|35\/100|[from] Grassy Terrain\n|upkeep\n|turn|7\n|\n|t:|1700431063\n|move|p2a: Ogerpon|Spiky Shield|p2a: Ogerpon\n|-singleturn|p2a: Ogerpon|move: Protect\n|move|p1a: Iron Moth|Acid Spray|p2a: Ogerpon\n|-activate|p2a: Ogerpon|move: Protect\n|move|p1b: Iron Hands|Drain Punch|p2a: Ogerpon\n|-activate|p2a: Ogerpon|move: Protect\n|-damage|p1b: Iron Hands|23\/100|[from] Spiky Shield|[of] p2a: Ogerpon\n|\n|-heal|p1a: Iron Moth|68\/100|[from] Grassy Terrain\n|-heal|p2a: Ogerpon|71\/100|[from] Grassy Terrain\n|-heal|p1b: Iron Hands|29\/100|[from] Grassy Terrain\n|upkeep\n|turn|8\n|\n|t:|1700431072\n|move|p2a: Ogerpon|Spiky Shield||[still]\n|-fail|p2a: Ogerpon\n|move|p1a: Iron Moth|Acid Spray|p2a: Ogerpon\n|-supereffective|p2a: Ogerpon\n|-damage|p2a: Ogerpon|19\/100\n|-unboost|p2a: Ogerpon|spd|2\n|move|p1b: Iron Hands|Drain Punch|p2a: Ogerpon\n|-damage|p2a: Ogerpon|0 fnt\n|-heal|p1b: Iron Hands|36\/100|[from] drain|[of] p2a: Ogerpon\n|faint|p2a: Ogerpon\n|\n|win|NekrosM0S\n|raw|NekrosM0S's rating: 1243 &rarr; <strong>1261<\/strong><br \/>(+18 for winning)\n|raw|alecphil's rating: 1146 &rarr; <strong>1128<\/strong><br \/>(-18 for losing)\n|l|\u2606alecphil\n|c|\u2606NekrosM0S|gg\n","uploadtime":1700431088,"views":4,"p1id":"nekrosm0s","p2id":"alecphil","formatid":"gen9vgc2023regulatione","rating":1128,"private":0,"password":""}