{"id":"gen9vgc2023regulatione-1989321637","p1":"Tepig_nNz_498","p2":"bway","format":"[Gen 9] VGC 2023 Regulation E","log":"|j|\u2606Tepig_nNz_498\n|j|\u2606bway\n|t:|1699836145\n|gametype|doubles\n|player|p1|Tepig_nNz_498|dawn|1051\n|player|p2|bway|265|1036\n|teamsize|p1|6\n|teamsize|p2|6\n|gen|9\n|tier|[Gen 9] VGC 2023 Regulation E\n|rated|\n|rule|Species Clause: Limit one of each Pok\u00e9mon\n|rule|Item Clause: Limit one of each item\n|clearpoke\n|poke|p1|Greninja-*, L50, M|\n|poke|p1|Talonflame, L50, M|\n|poke|p1|Hawlucha, L50, M|\n|poke|p1|Goodra-Hisui, L50, F|\n|poke|p1|Noivern, L50, M|\n|poke|p1|Pikachu, L50, M|\n|poke|p2|Piplup, L50, F|\n|poke|p2|Farigiraf, L50, F|\n|poke|p2|Sinistcha, L50|\n|poke|p2|Iron Hands, L50|\n|poke|p2|Ogerpon-Hearthflame, L50, F|\n|poke|p2|Landorus-Therian, L50, M|\n|teampreview|4\nbway rejected open team sheets.\n|\n|t:|1699836166\n|start\n|switch|p1a: Pikachu|Pikachu, L50, M|100\/100\n|switch|p1b: Talonflame|Talonflame, L50, M|100\/100\n|switch|p2a: Farigiraf|Farigiraf, L50, F|100\/100\n|switch|p2b: Piplup|Piplup, L50, F|100\/100\n|turn|1\n|inactive|Battle timer is ON: inactive players will automatically lose when time's up. (requested by bway)\n|\n|t:|1699836205\n|move|p2b: Piplup|Protect|p2b: Piplup\n|-singleturn|p2b: Piplup|Protect\n|move|p1b: Talonflame|Rain Dance|p1b: Talonflame\n|-weather|RainDance\n|move|p1a: Pikachu|Thunder|p2a: Farigiraf\n|-damage|p2a: Farigiraf|37\/100\n|move|p2a: Farigiraf|Trick Room|p2a: Farigiraf\n|-fieldstart|move: Trick Room|[of] p2a: Farigiraf\n|\n|-weather|RainDance|[upkeep]\n|upkeep\n|turn|2\n|inactive|bway has 30 seconds left.\n|\n|t:|1699836232\n|move|p1b: Talonflame|Quick Guard|p1b: Talonflame\n|-singleturn|p1b: Talonflame|Quick Guard\n|move|p2b: Piplup|Fling|p2a: Farigiraf\n|-supereffective|p2a: Farigiraf\n|-damage|p2a: Farigiraf|34\/100\n|-boost|p2a: Farigiraf|spa|1|[from] item: Petaya Berry\n|-enditem|p2a: Farigiraf|Weakness Policy\n|-boost|p2a: Farigiraf|atk|2|[from] item: Weakness Policy\n|-boost|p2a: Farigiraf|spa|2|[from] item: Weakness Policy\n|-enditem|p2b: Piplup|Petaya Berry|[from] move: Fling\n|move|p2a: Farigiraf|Psychic|p1b: Talonflame\n|-damage|p1b: Talonflame|0 fnt\n|faint|p1b: Talonflame\n|move|p1a: Pikachu|Thunder|p2b: Piplup\n|-supereffective|p2b: Piplup\n|-damage|p2b: Piplup|0 fnt\n|faint|p2b: Piplup\n|\n|-weather|RainDance|[upkeep]\n|upkeep\n|\n|t:|1699836245\n|switch|p2b: Iron Hands|Iron Hands, L50|100\/100\n|switch|p1b: Goodra|Goodra-Hisui, L50, F|100\/100\n|turn|3\n|\n|t:|1699836260\n|move|p2b: Iron Hands|Fake Out|p1b: Goodra\n|-resisted|p1b: Goodra\n|-damage|p1b: Goodra|95\/100\n|move|p2a: Farigiraf|Dazzling Gleam|p1a: Pikachu|[spread] p1a,p1b\n|-damage|p1a: Pikachu|0 fnt\n|-damage|p1b: Goodra|60\/100\n|faint|p1a: Pikachu\n|cant|p1b: Goodra|flinch\n|\n|-weather|RainDance|[upkeep]\n|-heal|p1b: Goodra|66\/100|[from] item: Leftovers\n|upkeep\n|\n|t:|1699836267\n|switch|p1a: Greninja|Greninja, L50, M|100\/100\n|turn|4\n|\n|t:|1699836284\n|-terastallize|p2a: Farigiraf|Fairy\n|move|p1b: Goodra|Protect|p1b: Goodra\n|-singleturn|p1b: Goodra|Protect\n|move|p2b: Iron Hands|Drain Punch|p1b: Goodra\n|-activate|p1b: Goodra|move: Protect\n|move|p2a: Farigiraf|Dazzling Gleam|p1b: Goodra|[spread] p1a\n|-activate|p1b: Goodra|move: Protect\n|-supereffective|p1a: Greninja\n|-enditem|p1a: Greninja|Focus Sash\n|-damage|p1a: Greninja|1\/100\n|move|p1a: Greninja|Hydro Pump|p2a: Farigiraf|[miss]\n|-miss|p1a: Greninja|p2a: Farigiraf\n|\n|-weather|RainDance|[upkeep]\n|-heal|p1b: Goodra|72\/100|[from] item: Leftovers\n|upkeep\n|turn|5\n|\n|t:|1699836305\n|-terastallize|p1b: Goodra|Flying\n|move|p1a: Greninja|Protect|p1a: Greninja\n|-singleturn|p1a: Greninja|Protect\n|move|p2b: Iron Hands|Drain Punch|p1b: Goodra\n|-resisted|p1b: Goodra\n|-damage|p1b: Goodra|56\/100\n|move|p2a: Farigiraf|Dazzling Gleam|p1b: Goodra|[spread] p1b\n|-activate|p1a: Greninja|move: Protect\n|-damage|p1b: Goodra|7\/100\n|move|p1b: Goodra|Shelter|p1b: Goodra\n|-boost|p1b: Goodra|def|2\n|\n|-weather|none\n|-heal|p1b: Goodra|13\/100|[from] item: Leftovers\n|-fieldend|move: Trick Room\n|upkeep\n|turn|6\n|inactive|Tepig_nNz_498 has 30 seconds left.\n|\n|t:|1699836333\n|move|p1b: Goodra|Protect|p1b: Goodra\n|-singleturn|p1b: Goodra|Protect\n|move|p1a: Greninja|Hydro Pump|p2a: Farigiraf\n|-damage|p2a: Farigiraf|0 fnt\n|faint|p2a: Farigiraf\n|move|p2b: Iron Hands|Drain Punch|p1a: Greninja\n|-supereffective|p1a: Greninja\n|-damage|p1a: Greninja|0 fnt\n|faint|p1a: Greninja\n|\n|-heal|p1b: Goodra|19\/100|[from] item: Leftovers\n|upkeep\n|\n|t:|1699836347\n|switch|p2a: Landorus|Landorus-Therian, L50, M|100\/100\n|-ability|p2a: Landorus|Intimidate|boost\n|-unboost|p1b: Goodra|atk|1\n|turn|7\n|\n|t:|1699836353\n|move|p2a: Landorus|Rock Slide|p1b: Goodra\n|-supereffective|p1b: Goodra\n|-damage|p1b: Goodra|0 fnt\n|faint|p1b: Goodra\n|\n|win|bway\n|raw|Tepig_nNz_498's rating: 1036 &rarr; <strong>1021<\/strong><br \/>(-15 for losing)\n|raw|bway's rating: 1036 &rarr; <strong>1071<\/strong><br \/>(+35 for winning)\n","uploadtime":1699836357,"views":12,"p1id":"tepignnz498","p2id":"bway","formatid":"gen9vgc2023regulatione","rating":1021,"private":0,"password":""}