{"id":"gen9vgc2023regulatione-2000113393","p1":"whyismynamejeff","p2":"Fuck_Gunthzar","format":"[Gen 9] VGC 2023 Regulation E","log":"|j|\u2606whyismynamejeff\n|j|\u2606Fuck_Gunthzar\n|t:|1701157229\n|gametype|doubles\n|player|p1|whyismynamejeff|colress|1191\n|player|p2|Fuck_Gunthzar|brycen|1274\n|teamsize|p1|6\n|teamsize|p2|6\n|gen|9\n|tier|[Gen 9] VGC 2023 Regulation E\n|rated|\n|rule|Species Clause: Limit one of each Pok\u00e9mon\n|rule|Item Clause: Limit one of each item\n|clearpoke\n|poke|p1|Farigiraf, L50, M|\n|poke|p1|Iron Hands, L50|\n|poke|p1|Urshifu-*, L50, F|\n|poke|p1|Chien-Pao, L50|\n|poke|p1|Tornadus, L50, M|\n|poke|p1|Flutter Mane, L50|\n|poke|p2|Wyrdeer, L50, M|\n|poke|p2|Articuno-Galar, L50|\n|poke|p2|Ogerpon, L50, F|\n|poke|p2|Oranguru, L50, M|\n|poke|p2|Ursaluna-Bloodmoon, L50, M|\n|poke|p2|Iron Hands, L50|\n|teampreview|4\n|inactive|Battle timer is ON: inactive players will automatically lose when time's up. (requested by Fuck_Gunthzar)\n|j| sillymode\n|\n|t:|1701157257\n|start\n|switch|p1a: Big Girafarig|Farigiraf, L50, M|100\/100\n|switch|p1b: Water Bear|Urshifu-Rapid-Strike, L50, F|100\/100\n|switch|p2a: Wyrdeer|Wyrdeer, L50, M|100\/100\n|switch|p2b: Articuno|Articuno-Galar, L50|100\/100\n|-ability|p2a: Wyrdeer|Intimidate|boost\n|-unboost|p1a: Big Girafarig|atk|1\n|-unboost|p1b: Water Bear|atk|1\n|turn|1\n|c|\u2606whyismynamejeff|hi person watching\n|inactive|whyismynamejeff has 30 seconds left.\n|\n|t:|1701157282\n|move|p2b: Articuno|Protect|p2b: Articuno\n|-singleturn|p2b: Articuno|Protect\n|move|p1b: Water Bear|U-turn|p2a: Wyrdeer\n|-supereffective|p2a: Wyrdeer\n|-damage|p2a: Wyrdeer|63\/100\n|\n|t:|1701157290\n|switch|p1b: Sword Cat|Chien-Pao, L50|100\/100|[from] U-turn\n|-ability|p1b: Sword Cat|Sword of Ruin\n|move|p2a: Wyrdeer|Skill Swap|p1b: Sword Cat\n|-activate|p2a: Wyrdeer|move: Skill Swap|Sword of Ruin|Intimidate|[of] p1b: Sword Cat\n|-ability|p2a: Wyrdeer|Sword of Ruin\n|-ability|p1b: Sword Cat|Intimidate|boost\n|-unboost|p2a: Wyrdeer|atk|1\n|-unboost|p2b: Articuno|atk|1\n|-ability|p2b: Articuno|Competitive|boost\n|-boost|p2b: Articuno|spa|2\n|-enditem|p2b: Articuno|Adrenaline Orb\n|-boost|p2b: Articuno|spe|1|[from] item: Adrenaline Orb\n|move|p1a: Big Girafarig|Imprison|p1a: Big Girafarig\n|-start|p1a: Big Girafarig|move: Imprison\n|\n|upkeep\n|turn|2\n|c|\u2606whyismynamejeff|what the actual fuck\n|inactive|whyismynamejeff has 30 seconds left.\n|inactive|Fuck_Gunthzar has 30 seconds left.\n|\n|t:|1701157322\n|-terastallize|p2b: Articuno|Normal\n|move|p1b: Sword Cat|Sucker Punch|p2b: Articuno\n|-damage|p2b: Articuno|38\/100\n|move|p2b: Articuno|Air Cutter|p1a: Big Girafarig|[spread] p1a,p1b\n|-damage|p1a: Big Girafarig|53\/100\n|-damage|p1b: Sword Cat|13\/100\n|move|p2a: Wyrdeer|Earth Power|p1b: Sword Cat\n|-damage|p1b: Sword Cat|0 fnt\n|faint|p1b: Sword Cat\n|move|p1a: Big Girafarig|Trick Room|p1a: Big Girafarig\n|-fieldstart|move: Trick Room|[of] p1a: Big Girafarig\n|\n|upkeep\n|\n|t:|1701157335\n|switch|p1b: Water Bear|Urshifu-Rapid-Strike, L50, F|100\/100\n|turn|3\n|\n|t:|1701157347\n|move|p1a: Big Girafarig|Dazzling Gleam|p2b: Articuno|[spread] p2a,p2b\n|-damage|p2a: Wyrdeer|50\/100\n|-damage|p2b: Articuno|20\/100\n|move|p2a: Wyrdeer|Earth Power|p1a: Big Girafarig\n|-damage|p1a: Big Girafarig|30\/100\n|-enditem|p1a: Big Girafarig|Sitrus Berry|[eat]\n|-heal|p1a: Big Girafarig|55\/100|[from] item: Sitrus Berry\n|move|p1b: Water Bear|Surging Strikes|p2a: Wyrdeer\n|-crit|p2a: Wyrdeer\n|-damage|p2a: Wyrdeer|27\/100\n|-crit|p2a: Wyrdeer\n|-damage|p2a: Wyrdeer|5\/100\n|-crit|p2a: Wyrdeer\n|-damage|p2a: Wyrdeer|0 fnt\n|faint|p2a: Wyrdeer\n|-hitcount|p2: Wyrdeer|3\n|move|p2b: Articuno|Air Cutter|p1a: Big Girafarig|[spread] p1a\n|-miss|p2b: Articuno|p1b: Water Bear\n|-damage|p1a: Big Girafarig|0 fnt\n|faint|p1a: Big Girafarig\n|\n|upkeep\n|\n|t:|1701157370\n|switch|p1a: Big Misdreavus|Flutter Mane, L50|100\/100\n|switch|p2a: Iron Hands|Iron Hands, L50|100\/100\n|turn|4\n|\n|t:|1701157388\n|-terastallize|p1a: Big Misdreavus|Fairy\n|move|p2a: Iron Hands|Heavy Slam|p1a: Big Misdreavus\n|-supereffective|p1a: Big Misdreavus\n|-damage|p1a: Big Misdreavus|0 fnt\n|faint|p1a: Big Misdreavus\n|-end|p1a: Big Misdreavus|Protosynthesis|[silent]\n|move|p1b: Water Bear|Surging Strikes|p2b: Articuno\n|-crit|p2b: Articuno\n|-damage|p2b: Articuno|0 fnt\n|faint|p2b: Articuno\n|-hitcount|p2: Articuno|1\n|\n|upkeep\n|\n|t:|1701157396\n|switch|p2b: Oranguru|Oranguru, L50, M|100\/100\n|turn|5\n|\n|t:|1701157401\n|move|p2a: Iron Hands|Wild Charge|p1b: Water Bear\n|-supereffective|p1b: Water Bear\n|-damage|p1b: Water Bear|0 fnt\n|faint|p1b: Water Bear\n|-damage|p2a: Iron Hands|83\/100|[from] Recoil\n|\n|win|Fuck_Gunthzar\n|raw|whyismynamejeff's rating: 1191 &rarr; <strong>1172<\/strong><br \/>(-19 for losing)\n|raw|Fuck_Gunthzar's rating: 1274 &rarr; <strong>1293<\/strong><br \/>(+19 for winning)\n|l|\u2606Fuck_Gunthzar\n|l| sillymode\n","uploadtime":1701157408,"views":2,"p1id":"whyismynamejeff","p2id":"fuckgunthzar","formatid":"gen9vgc2023regulatione","rating":1172,"private":0,"password":""}