{"id":"gen9vgc2023regulatione-1994504628","p1":"mdabs","p2":"RocketGrunt6407","format":"[Gen 9] VGC 2023 Regulation E","log":"|j|\u2606mdabs\n|j|\u2606RocketGrunt6407\n|t:|1700451812\n|gametype|doubles\n|player|p1|mdabs|workerice|1043\n|player|p2|RocketGrunt6407|rocketgruntf|1144\n|teamsize|p1|6\n|teamsize|p2|6\n|gen|9\n|tier|[Gen 9] VGC 2023 Regulation E\n|rated|\n|rule|Species Clause: Limit one of each Pok\u00e9mon\n|rule|Item Clause: Limit one of each item\n|clearpoke\n|poke|p1|Froslass, L50, F|\n|poke|p1|Tauros-Paldea-Blaze, L50, M|\n|poke|p1|Zapdos, L50|\n|poke|p1|Polteageist, L50|\n|poke|p1|Fezandipiti, L50, M|\n|poke|p1|Hydreigon, L50, F|\n|poke|p2|Chi-Yu, L50|\n|poke|p2|Farigiraf, L50, F|\n|poke|p2|Dipplin, L50, F|\n|poke|p2|Iron Hands, L50|\n|poke|p2|Iron Bundle, L50|\n|poke|p2|Landorus-Therian, L50, M|\n|teampreview|4\n|\n|t:|1700451861\n|start\n|switch|p1a: Froslass|Froslass, L50, F|100\/100\n|switch|p1b: Tauros|Tauros-Paldea-Blaze, L50, M|100\/100\n|switch|p2a: Iron Bundle|Iron Bundle, L50|100\/100\n|switch|p2b: Landorus|Landorus-Therian, L50, M|100\/100\n|-ability|p2b: Landorus|Intimidate|boost\n|-unboost|p1a: Froslass|atk|1\n|-unboost|p1b: Tauros|atk|1\n|-enditem|p2a: Iron Bundle|Booster Energy\n|-activate|p2a: Iron Bundle|ability: Quark Drive|[fromitem]\n|-start|p2a: Iron Bundle|quarkdrivespe\n|turn|1\n|\n|t:|1700451891\n|-terastallize|p1b: Tauros|Water\n|move|p2a: Iron Bundle|Hydro Pump|p1b: Tauros\n|-resisted|p1b: Tauros\n|-damage|p1b: Tauros|67\/100\n|move|p2b: Landorus|Rock Slide|p1b: Tauros|[spread] p1b\n|-miss|p2b: Landorus|p1a: Froslass\n|-damage|p1b: Tauros|46\/100\n|move|p1a: Froslass|Frost Breath|p1b: Tauros\n|-resisted|p1b: Tauros\n|-crit|p1b: Tauros\n|-damage|p1b: Tauros|27\/100\n|-setboost|p1b: Tauros|atk|6|[from] ability: Anger Point\n|move|p1b: Tauros|Rock Slide|p2b: Landorus|[spread] p2a,p2b\n|-supereffective|p2a: Iron Bundle\n|-damage|p2a: Iron Bundle|0 fnt\n|-damage|p2b: Landorus|30\/100\n|faint|p2a: Iron Bundle\n|-end|p2a: Iron Bundle|Quark Drive|[silent]\n|\n|-heal|p1b: Tauros|33\/100|[from] item: Leftovers\n|upkeep\n|\n|t:|1700451914\n|switch|p2a: Iron Hands|Iron Hands, L50|100\/100\n|turn|2\n|inactive|Battle timer is ON: inactive players will automatically lose when time's up. (requested by mdabs)\n|\n|t:|1700451922\n|move|p1b: Tauros|Protect|p1b: Tauros\n|-singleturn|p1b: Tauros|Protect\n|move|p2a: Iron Hands|Fake Out|p1b: Tauros\n|-activate|p1b: Tauros|move: Protect\n|move|p2b: Landorus|Rock Slide|p1b: Tauros|[spread] p1a\n|-activate|p1b: Tauros|move: Protect\n|-supereffective|p1a: Froslass\n|-damage|p1a: Froslass|37\/100\n|cant|p1a: Froslass|flinch\n|\n|-heal|p1b: Tauros|40\/100|[from] item: Leftovers\n|upkeep\n|turn|3\n|\n|t:|1700451945\n|move|p2b: Landorus|Rock Slide|p1a: Froslass|[spread] p1a\n|-miss|p2b: Landorus|p1b: Tauros\n|-supereffective|p1a: Froslass\n|-damage|p1a: Froslass|0 fnt\n|-start|p2b: Landorus|Disable|Rock Slide|[from] ability: Cursed Body|[of] p1a: Froslass\n|faint|p1a: Froslass\n|move|p1b: Tauros|Rock Slide|p2b: Landorus|[spread] p2a,p2b\n|-resisted|p2a: Iron Hands\n|-damage|p2a: Iron Hands|79\/100\n|-damage|p2b: Landorus|0 fnt\n|faint|p2b: Landorus\n|move|p2a: Iron Hands|Wild Charge|p1b: Tauros\n|-supereffective|p1b: Tauros\n|-damage|p1b: Tauros|0 fnt\n|faint|p1b: Tauros\n|-damage|p2a: Iron Hands|71\/100|[from] Recoil\n|\n|upkeep\n|\n|t:|1700451963\n|switch|p1a: Fezandipiti|Fezandipiti, L50, M|100\/100\n|switch|p1b: Hydreigon|Hydreigon, L50, F|100\/100\n|switch|p2b: Dipplin|Dipplin, L50, F|100\/100\n|-ability|p2b: Dipplin|Supersweet Syrup\n|-ability|p2b: Dipplin|Supersweet Syrup|boost\n|-unboost|p1a: Fezandipiti|evasion|1\n|-unboost|p1b: Hydreigon|evasion|1\n|turn|4\n|inactive|RocketGrunt6407 has 30 seconds left.\n|\n|t:|1700451995\n|move|p1b: Hydreigon|Earth Power|p2a: Iron Hands\n|-supereffective|p2a: Iron Hands\n|-damage|p2a: Iron Hands|35\/100\n|move|p1a: Fezandipiti|Play Rough|p2b: Dipplin\n|-supereffective|p2b: Dipplin\n|-damage|p2b: Dipplin|56\/100\n|move|p2a: Iron Hands|Drain Punch|p1b: Hydreigon\n|-supereffective|p1b: Hydreigon\n|-damage|p1b: Hydreigon|4\/100\n|-heal|p2a: Iron Hands|71\/100|[from] drain|[of] p1b: Hydreigon\n|move|p2b: Dipplin|Syrup Bomb|p1a: Fezandipiti\n|-resisted|p1a: Fezandipiti\n|-damage|p1a: Fezandipiti|96\/100\n|-start|p1a: Fezandipiti|Syrup Bomb\n|\n|-unboost|p1a: Fezandipiti|spe|1\n|upkeep\n|turn|5\n|inactive|RocketGrunt6407 has 30 seconds left.\n|inactive|RocketGrunt6407 has 20 seconds left.\n|\n|t:|1700452034\n|move|p1b: Hydreigon|Earth Power|p2a: Iron Hands\n|-supereffective|p2a: Iron Hands\n|-damage|p2a: Iron Hands|36\/100\n|move|p2a: Iron Hands|Drain Punch|p1b: Hydreigon\n|-supereffective|p1b: Hydreigon\n|-damage|p1b: Hydreigon|0 fnt\n|-heal|p2a: Iron Hands|37\/100|[from] drain|[of] p1b: Hydreigon\n|faint|p1b: Hydreigon\n|move|p1a: Fezandipiti|Play Rough|p2b: Dipplin\n|-supereffective|p2b: Dipplin\n|-damage|p2b: Dipplin|7\/100\n|-status|p2b: Dipplin|tox|[from] ability: Toxic Chain|[of] p1a: Fezandipiti\n|move|p2b: Dipplin|Pollen Puff|p2a: Iron Hands\n|-heal|p2a: Iron Hands|87\/100\n|\n|-damage|p2b: Dipplin|2\/100 tox|[from] psn\n|-unboost|p1a: Fezandipiti|spe|1\n|upkeep\n|turn|6\n|inactive|RocketGrunt6407 has 30 seconds left.\n|inactive|RocketGrunt6407 has 20 seconds left.\n|\n|t:|1700452071\n|move|p2a: Iron Hands|Heavy Slam|p1a: Fezandipiti\n|-supereffective|p1a: Fezandipiti\n|-damage|p1a: Fezandipiti|0 fnt\n|faint|p1a: Fezandipiti\n|\n|win|RocketGrunt6407\n|raw|mdabs's rating: 1043 &rarr; <strong>1031<\/strong><br \/>(-12 for losing)\n|raw|RocketGrunt6407's rating: 1144 &rarr; <strong>1162<\/strong><br \/>(+18 for winning)\n|l|\u2606mdabs\n","uploadtime":1700452124,"views":16,"p1id":"mdabs","p2id":"rocketgrunt6407","formatid":"gen9vgc2023regulatione","rating":1031,"private":0,"password":""}