{"id":"gen9vgc2023regulatione-1992095873","p1":"FoxDragon1","p2":"BlueJayX2","format":"[Gen 9] VGC 2023 Regulation E","log":"|j|\u2606FoxDragon1\n|j|\u2606BlueJayX2\n|t:|1700154729\n|gametype|doubles\n|player|p1|FoxDragon1|skierf|1156\n|player|p2|BlueJayX2|marley|1089\n|teamsize|p1|6\n|teamsize|p2|6\n|gen|9\n|tier|[Gen 9] VGC 2023 Regulation E\n|rated|\n|rule|Species Clause: Limit one of each Pok\u00e9mon\n|rule|Item Clause: Limit one of each item\n|clearpoke\n|poke|p1|Pelipper, L50, F|\n|poke|p1|Urshifu-*, L50, F|\n|poke|p1|Ogerpon, L50, F|\n|poke|p1|Iron Hands, L50|\n|poke|p1|Thundurus-Therian, L50, M|\n|poke|p1|Flutter Mane, L50|\n|poke|p2|Sylveon, L50, F|\n|poke|p2|Grimmsnarl, L50, M|\n|poke|p2|Volbeat, L50, M|\n|poke|p2|Tauros-Paldea-Aqua, L50, M|\n|poke|p2|Ariados, L50, F|\n|poke|p2|Dudunsparce-*, L50, M|\n|teampreview|4\n|inactive|Battle timer is ON: inactive players will automatically lose when time's up. (requested by BlueJayX2)\n|\n|t:|1700154754\n|start\n|switch|p1a: Pelipper|Pelipper, L50, F|100\/100\n|switch|p1b: Urshifu|Urshifu-Rapid-Strike, L50, F|100\/100\n|switch|p2a: Tauros|Tauros-Paldea-Aqua, L50, M|100\/100\n|switch|p2b: Grimmsnarl|Grimmsnarl, L50, M, shiny|100\/100\n|-ability|p2a: Tauros|Intimidate|boost\n|-unboost|p1a: Pelipper|atk|1\n|-unboost|p1b: Urshifu|atk|1\n|-weather|RainDance|[from] ability: Drizzle|[of] p1a: Pelipper\n|turn|1\n|\n|t:|1700154776\n|-terastallize|p1b: Urshifu|Water\n|move|p2b: Grimmsnarl|Parting Shot|p1b: Urshifu\n|-unboost|p1b: Urshifu|atk|1\n|-unboost|p1b: Urshifu|spa|1\n|\n|t:|1700154782\n|switch|p2b: Volbeat|Volbeat, L50, M|100\/100|[from] Parting Shot\n|move|p2a: Tauros|Rock Slide|p1a: Pelipper|[spread] p1a,p1b\n|-supereffective|p1a: Pelipper\n|-damage|p1a: Pelipper|65\/100\n|-damage|p1b: Urshifu|82\/100\n|cant|p1b: Urshifu|flinch\n|move|p1a: Pelipper|Tailwind|p1a: Pelipper\n|-sidestart|p1: FoxDragon1|move: Tailwind\n|\n|-weather|RainDance|[upkeep]\n|upkeep\n|turn|2\n|\n|t:|1700154805\n|move|p2b: Volbeat|Thunder Wave|p1b: Urshifu\n|-status|p1b: Urshifu|par\n|move|p1a: Pelipper|Hurricane|p2b: Volbeat\n|-supereffective|p2b: Volbeat\n|-damage|p2b: Volbeat|40\/100\n|move|p2a: Tauros|Rock Slide|p1a: Pelipper|[spread] p1a,p1b\n|-supereffective|p1a: Pelipper\n|-damage|p1a: Pelipper|31\/100\n|-damage|p1b: Urshifu|63\/100 par\n|cant|p1b: Urshifu|flinch\n|\n|-weather|RainDance|[upkeep]\n|upkeep\n|turn|3\n|inactive|BlueJayX2 has 30 seconds left.\n|\n|t:|1700154830\n|move|p2b: Volbeat|Thunder Wave|p1a: Pelipper\n|-status|p1a: Pelipper|par\n|move|p2a: Tauros|Rock Slide|p1a: Pelipper|[spread] p1a,p1b\n|-supereffective|p1a: Pelipper\n|-damage|p1a: Pelipper|0 fnt\n|-damage|p1b: Urshifu|45\/100 par\n|faint|p1a: Pelipper\n|cant|p1b: Urshifu|par\n|\n|-weather|RainDance|[upkeep]\n|upkeep\n|\n|t:|1700154841\n|switch|p1a: Flutter Mane|Flutter Mane, L50|100\/100\n|-enditem|p1a: Flutter Mane|Booster Energy\n|-activate|p1a: Flutter Mane|ability: Protosynthesis|[fromitem]\n|-start|p1a: Flutter Mane|protosynthesisspa\n|turn|4\n|\n|t:|1700154854\n|move|p1a: Flutter Mane|Protect|p1a: Flutter Mane\n|-singleturn|p1a: Flutter Mane|Protect\n|move|p1b: Urshifu|Aqua Jet|p2b: Volbeat\n|-damage|p2b: Volbeat|6\/100\n|move|p2b: Volbeat|Thunder Wave|p1a: Flutter Mane\n|-activate|p1a: Flutter Mane|move: Protect\n|move|p2a: Tauros|Rock Slide|p1a: Flutter Mane|[spread] p1b\n|-activate|p1a: Flutter Mane|move: Protect\n|-damage|p1b: Urshifu|27\/100 par\n|\n|-weather|RainDance|[upkeep]\n|-sideend|p1: FoxDragon1|move: Tailwind\n|upkeep\n|turn|5\n|\n|t:|1700154877\n|move|p2b: Volbeat|Tailwind|p2b: Volbeat\n|-sidestart|p2: BlueJayX2|move: Tailwind\n|cant|p1b: Urshifu|par\n|move|p2a: Tauros|Rock Slide|p1a: Flutter Mane|[spread] p1a,p1b\n|-damage|p1a: Flutter Mane|62\/100\n|-damage|p1b: Urshifu|10\/100 par\n|move|p1a: Flutter Mane|Thunderbolt|p2a: Tauros\n|-supereffective|p2a: Tauros\n|-damage|p2a: Tauros|6\/100\n|\n|-weather|none\n|upkeep\n|turn|6\n|\n|t:|1700154895\n|move|p1a: Flutter Mane|Protect|p1a: Flutter Mane\n|-singleturn|p1a: Flutter Mane|Protect\n|move|p2b: Volbeat|Trick|p1a: Flutter Mane\n|-activate|p1a: Flutter Mane|move: Protect\n|cant|p1b: Urshifu|par\n|move|p2a: Tauros|Rock Slide|p1b: Urshifu|[spread] p1b\n|-activate|p1a: Flutter Mane|move: Protect\n|-damage|p1b: Urshifu|0 fnt\n|faint|p1b: Urshifu\n|\n|upkeep\n|\n|t:|1700154906\n|switch|p1b: Ogerpon|Ogerpon, L50, F|100\/100\n|turn|7\n|\n|t:|1700154923\n|move|p1b: Ogerpon|Follow Me|p1b: Ogerpon\n|-singleturn|p1b: Ogerpon|move: Follow Me\n|move|p2b: Volbeat|Thunder Wave|p1b: Ogerpon\n|-status|p1b: Ogerpon|par\n|move|p2a: Tauros|Rock Slide|p1b: Ogerpon|[spread] p1a\n|-miss|p2a: Tauros|p1b: Ogerpon\n|-damage|p1a: Flutter Mane|22\/100\n|move|p1a: Flutter Mane|Dazzling Gleam|p2b: Volbeat|[spread] p2a,p2b\n|-supereffective|p2a: Tauros\n|-damage|p2a: Tauros|0 fnt\n|-damage|p2b: Volbeat|0 fnt\n|faint|p2a: Tauros\n|faint|p2b: Volbeat\n|\n|upkeep\n|\n|t:|1700154938\n|switch|p2a: Grimmsnarl|Grimmsnarl, L50, M, shiny|100\/100\n|switch|p2b: Sylveon|Sylveon, L50, F, shiny|100\/100\n|turn|8\n|\n|t:|1700154950\n|move|p2b: Sylveon|Protect|p2b: Sylveon\n|-singleturn|p2b: Sylveon|Protect\n|move|p1b: Ogerpon|Follow Me|p1b: Ogerpon\n|-singleturn|p1b: Ogerpon|move: Follow Me\n|move|p2a: Grimmsnarl|Misty Terrain|p2a: Grimmsnarl\n|-fieldstart|move: Misty Terrain\n|move|p1a: Flutter Mane|Shadow Ball|p2b: Sylveon\n|-activate|p2b: Sylveon|move: Protect\n|\n|-sideend|p2: BlueJayX2|move: Tailwind\n|upkeep\n|turn|9\n|\n|t:|1700154969\n|move|p1b: Ogerpon|Follow Me|p1b: Ogerpon\n|-singleturn|p1b: Ogerpon|move: Follow Me\n|move|p2a: Grimmsnarl|Flatter|p1b: Ogerpon\n|-boost|p1b: Ogerpon|spa|1\n|-activate|p1b: Ogerpon|move: Misty Terrain\n|move|p1a: Flutter Mane|Shadow Ball|p2b: Sylveon\n|-damage|p2b: Sylveon|51\/100\n|move|p2b: Sylveon|Hyper Voice|p1a: Flutter Mane|[spread] p1a,p1b\n|-damage|p1a: Flutter Mane|0 fnt\n|-damage|p1b: Ogerpon|58\/100 par\n|faint|p1a: Flutter Mane\n|-end|p1a: Flutter Mane|Protosynthesis|[silent]\n|-enditem|p2b: Sylveon|Throat Spray\n|-boost|p2b: Sylveon|spa|1|[from] item: Throat Spray\n|\n|upkeep\n|turn|10\n|-message|FoxDragon1 forfeited.\n|\n|win|BlueJayX2\n|raw|FoxDragon1's rating: 1156 &rarr; <strong>1126<\/strong><br \/>(-30 for losing)\n|raw|BlueJayX2's rating: 1089 &rarr; <strong>1121<\/strong><br \/>(+32 for winning)\n|l|\u2606FoxDragon1\n","uploadtime":1700154991,"views":33,"p1id":"foxdragon1","p2id":"bluejayx2","formatid":"gen9vgc2023regulatione","rating":1121,"private":0,"password":""}