{"id":"gen9vgc2023regulatione-1991243564","p1":"player12621","p2":"imchencz","format":"[Gen 9] VGC 2023 Regulation E","log":"|j|\u203dplayer12621\n|j|\u2606imchencz\n|t:|1700060657\n|gametype|doubles\n|player|p1|player12621|102|1097\n|player|p2|imchencz|volkner|1009\n|teamsize|p1|6\n|teamsize|p2|6\n|gen|9\n|tier|[Gen 9] VGC 2023 Regulation E\n|rated|\n|rule|Species Clause: Limit one of each Pok\u00e9mon\n|rule|Item Clause: Limit one of each item\n|clearpoke\n|poke|p1|Flutter Mane, L50|\n|poke|p1|Tornadus, L50, M|\n|poke|p1|Landorus-Therian, L50, M|\n|poke|p1|Iron Hands, L50|\n|poke|p1|Heatran, L50, M|\n|poke|p1|Ogerpon-Wellspring, L50, F|\n|poke|p2|Scizor, L50, M|\n|poke|p2|Typhlosion, L50, F|\n|poke|p2|Arcanine-Hisui, L50, M|\n|poke|p2|Dragonite, L50, M|\n|poke|p2|Umbreon, L50, M|\n|poke|p2|Torkoal, L50, M|\n|teampreview|4\nplayer12621 has agreed to open team sheets.\n|inactive|Battle timer is ON: inactive players will automatically lose when time's up. (requested by player12621)\n|\n|t:|1700060665\n|start\n|switch|p1a: Flutter Mane|Flutter Mane, L50|100\/100\n|switch|p1b: Tornadus|Tornadus, L50, M|100\/100\n|switch|p2a: Scizor|Scizor, L50, M|100\/100\n|switch|p2b: Arcanine|Arcanine-Hisui, L50, M|100\/100\n|-ability|p2b: Arcanine|Intimidate|boost\n|-unboost|p1a: Flutter Mane|atk|1\n|-unboost|p1b: Tornadus|atk|1\n|turn|1\n|inactive|player12621 has 30 seconds left.\n|inactive|imchencz has 30 seconds left.\n|inactive|imchencz has 20 seconds left.\n|inactive|imchencz has 15 seconds left.\n|\n|t:|1700060707\n|move|p1a: Flutter Mane|Shadow Ball|p2a: Scizor\n|-damage|p2a: Scizor|12\/100\n|-unboost|p2a: Scizor|spd|1\n|-enditem|p2a: Scizor|Iapapa Berry|[eat]\n|-heal|p2a: Scizor|45\/100|[from] item: Iapapa Berry\n|move|p2b: Arcanine|Flare Blitz|p1a: Flutter Mane\n|-damage|p1a: Flutter Mane|0 fnt\n|faint|p1a: Flutter Mane\n|-end|p1a: Flutter Mane|Protosynthesis|[silent]\n|-damage|p2b: Arcanine|75\/100|[from] Recoil\n|move|p1b: Tornadus|Bleakwind Storm|p2b: Arcanine|[spread] p2b\n|-miss|p1b: Tornadus|p2a: Scizor\n|-resisted|p2b: Arcanine\n|-damage|p2b: Arcanine|53\/100\n|move|p2a: Scizor|Swords Dance|p2a: Scizor\n|-boost|p2a: Scizor|atk|2\n|\n|upkeep\n|\n|t:|1700060727\n|switch|p1a: Iron Hands|Iron Hands, L50|100\/100\n|turn|2\n|\n|t:|1700060761\n|move|p2b: Arcanine|Extreme Speed|p1a: Iron Hands\n|-damage|p1a: Iron Hands|81\/100\n|move|p1b: Tornadus|Taunt|p2a: Scizor\n|-start|p2a: Scizor|move: Taunt\n|move|p2a: Scizor|Bullet Punch|p1a: Iron Hands\n|-resisted|p1a: Iron Hands\n|-damage|p1a: Iron Hands|58\/100\n|move|p1a: Iron Hands|Wild Charge|p2a: Scizor\n|-damage|p2a: Scizor|0 fnt\n|faint|p2a: Scizor\n|-damage|p1a: Iron Hands|51\/100|[from] Recoil\n|\n|upkeep\n|\n|t:|1700060775\n|switch|p2a: Umbreon|Umbreon, L50, M|100\/100\n|turn|3\n|inactive|imchencz has 30 seconds left.\n|\n|t:|1700060804\n|move|p1a: Iron Hands|Fake Out||[still]\n|-hint|Fake Out only works on your first turn out.\n|-fail|p1a: Iron Hands\n|move|p1b: Tornadus|Sunny Day|p1b: Tornadus\n|-weather|SunnyDay\n|move|p2b: Arcanine|Flare Blitz|p1a: Iron Hands\n|-damage|p1a: Iron Hands|0 fnt\n|faint|p1a: Iron Hands\n|-end|p1a: Iron Hands|Quark Drive|[silent]\n|-damage|p2b: Arcanine|28\/100|[from] Recoil\n|move|p2a: Umbreon|Taunt|p1b: Tornadus\n|-start|p1b: Tornadus|move: Taunt\n|\n|-weather|SunnyDay|[upkeep]\n|upkeep\n|\n|t:|1700060816\n|switch|p1a: Heatran|Heatran, L50, M|100\/100\n|turn|4\n|\n|t:|1700060838\n|move|p2a: Umbreon|Helping Hand|p2b: Arcanine\n|-singleturn|p2b: Arcanine|Helping Hand|[of] p2a: Umbreon\n|move|p2b: Arcanine|Extreme Speed|p1a: Heatran\n|-resisted|p1a: Heatran\n|-damage|p1a: Heatran|84\/100\n|move|p1b: Tornadus|Bleakwind Storm|p2a: Umbreon|[spread] p2a,p2b\n|-resisted|p2b: Arcanine\n|-damage|p2a: Umbreon|79\/100\n|-damage|p2b: Arcanine|5\/100\n|-enditem|p2b: Arcanine|Aguav Berry|[eat]\n|-heal|p2b: Arcanine|38\/100|[from] item: Aguav Berry\n|-start|p2b: Arcanine|confusion\n|move|p1a: Heatran|Heat Wave|p2b: Arcanine|[spread] p2a,p2b\n|-resisted|p2b: Arcanine\n|-damage|p2a: Umbreon|35\/100\n|-damage|p2b: Arcanine|15\/100\n|-enditem|p2a: Umbreon|Sitrus Berry|[eat]\n|-heal|p2a: Umbreon|59\/100|[from] item: Sitrus Berry\n|\n|-weather|SunnyDay|[upkeep]\n|-heal|p1a: Heatran|90\/100|[from] item: Leftovers\n|upkeep\n|turn|5\n|inactive|imchencz has 30 seconds left.\n|inactive|imchencz has 20 seconds left.\n|inactive|imchencz has 15 seconds left.\n|\n|t:|1700060880\n|-activate|p2b: Arcanine|confusion\n|-damage|p2b: Arcanine|0 fnt|[from] confusion\n|faint|p2b: Arcanine\n|move|p1b: Tornadus|Bleakwind Storm|p2a: Umbreon\n|-damage|p2a: Umbreon|28\/100\n|move|p1a: Heatran|Heat Wave|p2a: Umbreon\n|-damage|p2a: Umbreon|0 fnt\n|faint|p2a: Umbreon\n|\n|-weather|SunnyDay|[upkeep]\n|-heal|p1a: Heatran|96\/100|[from] item: Leftovers\n|upkeep\n|\n|t:|1700060903\n|switch|p2b: Dragonite|Dragonite, L50, M|100\/100\n|turn|6\n|\n|t:|1700060916\n|move|p2b: Dragonite|Dragon Dance|p2b: Dragonite\n|-boost|p2b: Dragonite|atk|1\n|-boost|p2b: Dragonite|spe|1\n|move|p1b: Tornadus|Bleakwind Storm|p2b: Dragonite\n|-damage|p2b: Dragonite|75\/100\n|move|p1a: Heatran|Earth Power|p2b: Dragonite\n|-immune|p2b: Dragonite\n|\n|-weather|SunnyDay|[upkeep]\n|-heal|p1a: Heatran|100\/100|[from] item: Leftovers\n|-end|p1b: Tornadus|move: Taunt\n|upkeep\n|turn|7\n|\n|t:|1700060936\n|move|p1b: Tornadus|Tailwind|p1b: Tornadus\n|-sidestart|p1: player12621|move: Tailwind\n|move|p2b: Dragonite|Aqua Tail|p1a: Heatran\n|-supereffective|p1a: Heatran\n|-damage|p1a: Heatran|53\/100\n|move|p1a: Heatran|Heat Wave|p2b: Dragonite\n|-resisted|p2b: Dragonite\n|-damage|p2b: Dragonite|29\/100\n|\n|-weather|none\n|-heal|p1a: Heatran|59\/100|[from] item: Leftovers\n|upkeep\n|turn|8\n|\n|t:|1700060951\n|-terastallize|p2b: Dragonite|Normal\n|move|p2b: Dragonite|Extreme Speed|p1b: Tornadus\n|-damage|p1b: Tornadus|37\/100\n|move|p1b: Tornadus|Sunny Day|p1b: Tornadus\n|-weather|SunnyDay\n|move|p1a: Heatran|Heat Wave|p2b: Dragonite\n|-damage|p2b: Dragonite|0 fnt\n|faint|p2b: Dragonite\n|\n|win|player12621\n|raw|player12621's rating: 1097 &rarr; <strong>1116<\/strong><br \/>(+19 for winning)\n|raw|imchencz's rating: 1009 &rarr; <strong>1000<\/strong><br \/>(-9 for losing)\n","uploadtime":1700060963,"views":8,"p1id":"player12621","p2id":"imchencz","formatid":"gen9vgc2023regulatione","rating":1000,"private":0,"password":""}