{"id":"gen9vgc2023regulatione-1998812867","p1":"Crumpet","p2":"Wrecker1992","format":"[Gen 9] VGC 2023 Regulation E","log":"|j|\u2606Crumpet\n|j|\u2606Wrecker1992\n|t:|1700996062\n|gametype|doubles\n|player|p1|Crumpet|102|1342\n|player|p2|Wrecker1992|ninjaboy|1294\n|teamsize|p1|6\n|teamsize|p2|6\n|gen|9\n|tier|[Gen 9] VGC 2023 Regulation E\n|rated|\n|rule|Species Clause: Limit one of each Pok\u00e9mon\n|rule|Item Clause: Limit one of each item\n|clearpoke\n|poke|p1|Ogerpon-Hearthflame, L50, F|\n|poke|p1|Rillaboom, L50, M|\n|poke|p1|Gholdengo, L50|\n|poke|p1|Tornadus, L50, M|\n|poke|p1|Urshifu-*, L50, M|\n|poke|p1|Flutter Mane, L50|\n|poke|p2|Landorus-Therian, L50, M|\n|poke|p2|Ceruledge, L50, F|\n|poke|p2|Roaring Moon, L50|\n|poke|p2|Flutter Mane, L50|\n|poke|p2|Grimmsnarl, L50, M|\n|poke|p2|Rillaboom, L50, M|\n|teampreview|4\n|\n|t:|1700996118\n|start\n|switch|p1a: Tornadus|Tornadus, L50, M|100\/100\n|switch|p1b: Urshifu|Urshifu-Rapid-Strike, L50, M|100\/100\n|switch|p2a: Rillaboom|Rillaboom, L50, M|100\/100\n|switch|p2b: Roaring Moon|Roaring Moon, L50|100\/100\n|-fieldstart|move: Grassy Terrain|[from] ability: Grassy Surge|[of] p2a: Rillaboom\n|-enditem|p2b: Roaring Moon|Booster Energy\n|-activate|p2b: Roaring Moon|ability: Protosynthesis|[fromitem]\n|-start|p2b: Roaring Moon|protosynthesisspe\n|turn|1\n|inactive|Battle timer is ON: inactive players will automatically lose when time's up. (requested by Wrecker1992)\n|\n|t:|1700996148\n|switch|p1b: Gholdengo|Gholdengo, L50|100\/100\n|move|p2a: Rillaboom|Fake Out|p1a: Tornadus\n|-damage|p1a: Tornadus|83\/100\n|move|p1a: Tornadus|Tailwind|p1a: Tornadus\n|-sidestart|p1: Crumpet|move: Tailwind\n|move|p2b: Roaring Moon|Tailwind|p2b: Roaring Moon\n|-sidestart|p2: Wrecker1992|move: Tailwind\n|\n|upkeep\n|turn|2\n|inactive|Wrecker1992 has 30 seconds left.\n|\n|t:|1700996180\n|switch|p2a: Ceruledge|Ceruledge, L50, F|100\/100\n|move|p2b: Roaring Moon|Knock Off|p1b: Gholdengo\n|-supereffective|p1b: Gholdengo\n|-damage|p1b: Gholdengo|0 fnt\n|-enditem|p1b: Gholdengo|Leftovers|[from] move: Knock Off|[of] p2b: Roaring Moon\n|faint|p1b: Gholdengo\n|move|p1a: Tornadus|Bleakwind Storm|p2b: Roaring Moon|[spread] p2b\n|-miss|p1a: Tornadus|p2a: Ceruledge\n|-damage|p2b: Roaring Moon|69\/100\n|-unboost|p2b: Roaring Moon|spe|1\n|\n|-heal|p2b: Roaring Moon|75\/100|[from] Grassy Terrain\n|upkeep\n|\n|t:|1700996196\n|switch|p1b: Urshifu|Urshifu-Rapid-Strike, L50, M|100\/100\n|turn|3\n|inactive|Crumpet has 30 seconds left.\n|\n|t:|1700996224\n|switch|p2a: Landorus|Landorus-Therian, L50, M|100\/100\n|-ability|p2a: Landorus|Intimidate|boost\n|-unboost|p1a: Tornadus|atk|1\n|-unboost|p1b: Urshifu|atk|1\n|-terastallize|p1b: Urshifu|Water\n|move|p1a: Tornadus|Rain Dance|p1a: Tornadus\n|-weather|RainDance\n|move|p2b: Roaring Moon|Acrobatics|p1b: Urshifu\n|-damage|p1b: Urshifu|60\/100\n|move|p1b: Urshifu|Surging Strikes|p2b: Roaring Moon\n|-resisted|p2b: Roaring Moon\n|-crit|p2b: Roaring Moon\n|-damage|p2b: Roaring Moon|39\/100\n|-resisted|p2b: Roaring Moon\n|-crit|p2b: Roaring Moon\n|-damage|p2b: Roaring Moon|0 fnt\n|faint|p2b: Roaring Moon\n|-end|p2b: Roaring Moon|Protosynthesis|[silent]\n|-hitcount|p2: Roaring Moon|2\n|\n|-weather|RainDance|[upkeep]\n|-heal|p1b: Urshifu|67\/100|[from] Grassy Terrain\n|upkeep\n|\n|t:|1700996242\n|switch|p2b: Rillaboom|Rillaboom, L50, M|100\/100\n|turn|4\n|\n|t:|1700996260\n|-terastallize|p2a: Landorus|Flying\n|move|p2b: Rillaboom|Grassy Glide|p1b: Urshifu\n|-supereffective|p1b: Urshifu\n|-damage|p1b: Urshifu|0 fnt\n|faint|p1b: Urshifu\n|move|p2a: Landorus|Rock Slide|p1a: Tornadus\n|-supereffective|p1a: Tornadus\n|-damage|p1a: Tornadus|5\/100\n|move|p1a: Tornadus|Bleakwind Storm|p2b: Rillaboom|[spread] p2a,p2b\n|-supereffective|p2b: Rillaboom\n|-damage|p2a: Landorus|61\/100\n|-damage|p2b: Rillaboom|41\/100\n|\n|-weather|RainDance|[upkeep]\n|-heal|p2b: Rillaboom|47\/100|[from] Grassy Terrain\n|-sideend|p1: Crumpet|move: Tailwind\n|-sideend|p2: Wrecker1992|move: Tailwind\n|upkeep\n|\n|t:|1700996276\n|switch|p1b: Flutter Mane|Flutter Mane, L50|100\/100\n|-enditem|p1b: Flutter Mane|Booster Energy\n|-activate|p1b: Flutter Mane|ability: Protosynthesis|[fromitem]\n|-start|p1b: Flutter Mane|protosynthesisspe\n|turn|5\n|\n|t:|1700996290\n|move|p2b: Rillaboom|Grassy Glide|p1b: Flutter Mane\n|-damage|p1b: Flutter Mane|44\/100\n|move|p1b: Flutter Mane|Moonblast|p2a: Landorus\n|-damage|p2a: Landorus|4\/100\n|move|p2a: Landorus|Rock Slide|p1a: Tornadus|[spread] p1a,p1b\n|-supereffective|p1a: Tornadus\n|-damage|p1a: Tornadus|0 fnt\n|-damage|p1b: Flutter Mane|7\/100\n|faint|p1a: Tornadus\n|\n|-weather|RainDance|[upkeep]\n|-heal|p1b: Flutter Mane|12\/100|[from] Grassy Terrain\n|-heal|p2b: Rillaboom|54\/100|[from] Grassy Terrain\n|-fieldend|move: Grassy Terrain\n|upkeep\n|turn|6\n|\n|t:|1700996315\n|switch|p2b: Ceruledge|Ceruledge, L50, F|100\/100\n|move|p1b: Flutter Mane|Icy Wind|p2b: Ceruledge|[spread] p2a,p2b\n|-supereffective|p2a: Landorus\n|-resisted|p2b: Ceruledge\n|-damage|p2a: Landorus|0 fnt\n|-damage|p2b: Ceruledge|93\/100\n|faint|p2a: Landorus\n|\n|-weather|RainDance|[upkeep]\n|upkeep\n|\n|t:|1700996323\n|switch|p2a: Rillaboom|Rillaboom, L50, M|54\/100\n|-fieldstart|move: Grassy Terrain|[from] ability: Grassy Surge|[of] p2a: Rillaboom\n|turn|7\n|\n|t:|1700996330\n|move|p2b: Ceruledge|Shadow Sneak|p1b: Flutter Mane\n|-supereffective|p1b: Flutter Mane\n|-damage|p1b: Flutter Mane|0 fnt\n|faint|p1b: Flutter Mane\n|-end|p1b: Flutter Mane|Protosynthesis|[silent]\n|\n|win|Wrecker1992\n|raw|Crumpet's rating: 1342 &rarr; <strong>1319<\/strong><br \/>(-23 for losing)\n|raw|Wrecker1992's rating: 1294 &rarr; <strong>1322<\/strong><br \/>(+28 for winning)\n|c|\u2606Wrecker1992|gg\n","uploadtime":1700996337,"views":12,"p1id":"crumpet","p2id":"wrecker1992","formatid":"gen9vgc2023regulatione","rating":1319,"private":0,"password":""}