{"id":"gen9vgc2023regulatione-1988751397","p1":"Trexo42","p2":"u7h7hh798","format":"[Gen 9] VGC 2023 Regulation E","log":"|j|\u2606Trexo42\n|j|\u2606u7h7hh798\n|t:|1699758485\n|gametype|doubles\n|player|p1|Trexo42|benga|1142\n|player|p2|u7h7hh798|silver|1135\n|teamsize|p1|6\n|teamsize|p2|6\n|gen|9\n|tier|[Gen 9] VGC 2023 Regulation E\n|rated|\n|rule|Species Clause: Limit one of each Pok\u00e9mon\n|rule|Item Clause: Limit one of each item\n|clearpoke\n|poke|p1|Urshifu-*, L50, F|\n|poke|p1|Kilowattrel, L50, M|\n|poke|p1|Landorus-Therian, L50, M|\n|poke|p1|Basculegion, L50, M|\n|poke|p1|Rotom-Mow, L50|\n|poke|p1|Goodra-Hisui, L50, F|\n|poke|p2|Dondozo, L50, M|\n|poke|p2|Tatsugiri, L50, F|\n|poke|p2|Glimmora, L50, M|\n|poke|p2|Urshifu-*, L50, F|\n|poke|p2|Ogerpon-Wellspring, L50, F|\n|poke|p2|Chi-Yu, L50|\n|teampreview|4\n|inactive|Battle timer is ON: inactive players will automatically lose when time's up. (requested by u7h7hh798)\n|inactive|Trexo42 has 60 seconds left.\n|inactive|u7h7hh798 has 60 seconds left.\n|inactive|u7h7hh798 has 30 seconds left.\n|inactive|u7h7hh798 has 20 seconds left.\n|inactive|u7h7hh798 has 15 seconds left.\n|inactive|u7h7hh798 has 10 seconds left.\n|inactive|u7h7hh798 has 5 seconds left.\n|\n|t:|1699758576\n|start\n|switch|p1a: Rotom|Rotom-Mow, L50|100\/100\n|switch|p1b: Landorus|Landorus-Therian, L50, M|100\/100\n|switch|p2a: Dondozo|Dondozo, L50, M|100\/100\n|switch|p2b: Tatsugiri|Tatsugiri, L50, F|100\/100\n|-activate|p2b: Tatsugiri|ability: Commander|[of] p2a: Dondozo\n|-boost|p2a: Dondozo|atk|2\n|-boost|p2a: Dondozo|spa|2\n|-boost|p2a: Dondozo|spe|2\n|-boost|p2a: Dondozo|def|2\n|-boost|p2a: Dondozo|spd|2\n|-ability|p1b: Landorus|Intimidate|boost\n|-fail|p2a: Dondozo|unboost|Attack|[from] ability: Oblivious|[of] p2a: Dondozo\n|-unboost|p2b: Tatsugiri|atk|1\n|turn|1\n|inactive|Trexo42 has 30 seconds left.\n|inactive|u7h7hh798 has 30 seconds left.\n|inactive|u7h7hh798 has 20 seconds left.\n|inactive|u7h7hh798 has 15 seconds left.\n|\n|t:|1699758616\n|switch|p1b: Urshifu|Urshifu-Rapid-Strike, L50, F|100\/100\n|move|p2a: Dondozo|Protect|p2a: Dondozo\n|-singleturn|p2a: Dondozo|Protect\n|move|p1a: Rotom|Leaf Storm|p2a: Dondozo\n|-activate|p2a: Dondozo|move: Protect\n|\n|upkeep\n|turn|2\n|\n|t:|1699758631\n|-terastallize|p2a: Dondozo|Dragon\n|move|p2a: Dondozo|Order Up|p1a: Rotom\n|-damage|p1a: Rotom|18\/100\n|-boost|p2a: Dondozo|atk|1\n|move|p1a: Rotom|Leaf Storm|p2a: Dondozo\n|-resisted|p2a: Dondozo\n|-damage|p2a: Dondozo|80\/100\n|-unboost|p1a: Rotom|spa|2\n|move|p1b: Urshifu|Thunder Punch|p2a: Dondozo\n|-resisted|p2a: Dondozo\n|-damage|p2a: Dondozo|74\/100\n|-damage|p1b: Urshifu|91\/100|[from] item: Life Orb\n|\n|-heal|p2a: Dondozo|80\/100|[from] item: Leftovers\n|upkeep\n|turn|3\n|\n|t:|1699758654\n|-terastallize|p1b: Urshifu|Fighting\n|move|p2a: Dondozo|Order Up|p1a: Rotom\n|-damage|p1a: Rotom|0 fnt\n|faint|p1a: Rotom\n|-boost|p2a: Dondozo|atk|1\n|move|p1b: Urshifu|Close Combat|p2a: Dondozo\n|-damage|p2a: Dondozo|45\/100\n|-unboost|p1b: Urshifu|def|1\n|-unboost|p1b: Urshifu|spd|1\n|-damage|p1b: Urshifu|81\/100|[from] item: Life Orb\n|\n|-heal|p2a: Dondozo|51\/100|[from] item: Leftovers\n|upkeep\n|\n|t:|1699758667\n|switch|p1a: Landorus|Landorus-Therian, L50, M|100\/100\n|-ability|p1a: Landorus|Intimidate|boost\n|-fail|p2a: Dondozo|unboost|Attack|[from] ability: Oblivious|[of] p2a: Dondozo\n|-unboost|p2b: Tatsugiri|atk|1\n|turn|4\n|\n|t:|1699758682\n|move|p2a: Dondozo|Order Up|p1b: Urshifu\n|-damage|p1b: Urshifu|0 fnt\n|faint|p1b: Urshifu\n|-boost|p2a: Dondozo|atk|1\n|move|p1a: Landorus|Crunch|p2a: Dondozo\n|-damage|p2a: Dondozo|40\/100\n|\n|-heal|p2a: Dondozo|46\/100|[from] item: Leftovers\n|upkeep\n|\n|t:|1699758690\n|switch|p1b: Kilowattrel|Kilowattrel, L50, M|100\/100\n|turn|5\n|inactive|u7h7hh798 has 30 seconds left.\n|inactive|u7h7hh798 has 20 seconds left.\n|\n|t:|1699758727\n|move|p1b: Kilowattrel|Hurricane|p2a: Dondozo|[miss]\n|-miss|p1b: Kilowattrel|p2a: Dondozo\n|move|p2a: Dondozo|Order Up|p1b: Kilowattrel\n|-damage|p1b: Kilowattrel|0 fnt\n|faint|p1b: Kilowattrel\n|-boost|p2a: Dondozo|atk|1\n|move|p1a: Landorus|Earthquake|p2a: Dondozo|[spread] p2a\n|-miss|p1a: Landorus|p2b: Tatsugiri\n|-damage|p2a: Dondozo|32\/100\n|\n|-heal|p2a: Dondozo|38\/100|[from] item: Leftovers\n|upkeep\n|turn|6\n|-message|Trexo42 forfeited.\n|\n|win|u7h7hh798\n|raw|Trexo42's rating: 1142 &rarr; <strong>1116<\/strong><br \/>(-26 for losing)\n|raw|u7h7hh798's rating: 1135 &rarr; <strong>1161<\/strong><br \/>(+26 for winning)\n|l|\u2606Trexo42\n","uploadtime":1699760556,"views":17,"p1id":"trexo42","p2id":"u7h7hh798","formatid":"gen9vgc2023regulatione","rating":1116,"private":0,"password":""}