{"id":"gen9vgc2023regulatione-1994286776","p1":"KingBlixer","p2":"Dannyzzin","format":"[Gen 9] VGC 2023 Regulation E","log":"|j|\u2606KingBlixer\n|j|\u2606Dannyzzin\n|t:|1700427212\n|gametype|doubles\n|player|p1|KingBlixer|emmet|1158\n|player|p2|Dannyzzin|265|1143\n|teamsize|p1|6\n|teamsize|p2|6\n|gen|9\n|tier|[Gen 9] VGC 2023 Regulation E\n|rated|\n|rule|Species Clause: Limit one of each Pok\u00e9mon\n|rule|Item Clause: Limit one of each item\n|clearpoke\n|poke|p1|Ursaluna-Bloodmoon, L50, M|\n|poke|p1|Oranguru, L50, F|\n|poke|p1|Armarouge, L50, M|\n|poke|p1|Indeedee-F, L50, F|\n|poke|p1|Flutter Mane, L50|\n|poke|p1|Chien-Pao, L50|\n|poke|p2|Urshifu-*, L50, M|\n|poke|p2|Indeedee-F, L50, F|\n|poke|p2|Flutter Mane, L50|\n|poke|p2|Roaring Moon, L50|\n|poke|p2|Armarouge, L50, F|\n|poke|p2|Sneasler, L50, F|\n|teampreview|4\n|inactive|Battle timer is ON: inactive players will automatically lose when time's up. (requested by Dannyzzin)\n|inactive|Dannyzzin has 60 seconds left.\n|\n|t:|1700427242\n|start\n|switch|p1a: Chien-Pao|Chien-Pao, L50|100\/100\n|switch|p1b: Flutter Mane|Flutter Mane, L50|100\/100\n|switch|p2a: Sneasler|Sneasler, L50, F|100\/100\n|switch|p2b: Roaring Moon|Roaring Moon, L50|100\/100\n|-ability|p1a: Chien-Pao|Sword of Ruin\n|-enditem|p2b: Roaring Moon|Booster Energy\n|-activate|p2b: Roaring Moon|ability: Protosynthesis|[fromitem]\n|-start|p2b: Roaring Moon|protosynthesisspe\n|-enditem|p1b: Flutter Mane|Booster Energy\n|-activate|p1b: Flutter Mane|ability: Protosynthesis|[fromitem]\n|-start|p1b: Flutter Mane|protosynthesisspa\n|turn|1\n|inactive|KingBlixer has 30 seconds left.\n|inactive|Dannyzzin has 30 seconds left.\n|\n|t:|1700427273\n|switch|p2a: Indeedee|Indeedee-F, L50, F|100\/100\n|-fieldstart|move: Psychic Terrain|[from] ability: Psychic Surge|[of] p2a: Indeedee\n|-terastallize|p2b: Roaring Moon|Flying\n|move|p1a: Chien-Pao|Protect|p1a: Chien-Pao\n|-singleturn|p1a: Chien-Pao|Protect\n|move|p2b: Roaring Moon|Acrobatics|p1b: Flutter Mane\n|-damage|p1b: Flutter Mane|0 fnt\n|faint|p1b: Flutter Mane\n|-end|p1b: Flutter Mane|Protosynthesis|[silent]\n|\n|upkeep\n|\n|t:|1700427285\n|switch|p1b: Oranguru|Oranguru, L50, F, shiny|100\/100\n|turn|2\n|\n|t:|1700427296\n|move|p2a: Indeedee|Helping Hand|p2b: Roaring Moon\n|-singleturn|p2b: Roaring Moon|Helping Hand|[of] p2a: Indeedee\n|move|p2b: Roaring Moon|Acrobatics|p1b: Oranguru\n|-damage|p1b: Oranguru|0 fnt\n|faint|p1b: Oranguru\n|move|p1a: Chien-Pao|Icicle Crash|p2b: Roaring Moon\n|-supereffective|p2b: Roaring Moon\n|-damage|p2b: Roaring Moon|0 fnt\n|faint|p2b: Roaring Moon\n|-end|p2b: Roaring Moon|Protosynthesis|[silent]\n|\n|upkeep\n|\n|t:|1700427307\n|switch|p2b: Sneasler|Sneasler, L50, F|100\/100\n|switch|p1b: Ursaluna|Ursaluna-Bloodmoon, L50, M|100\/100\n|-enditem|p2b: Sneasler|Psychic Seed\n|-boost|p2b: Sneasler|spd|1|[from] item: Psychic Seed\n|turn|3\n|\n|t:|1700427332\n|-terastallize|p1b: Ursaluna|Normal\n|move|p1a: Chien-Pao|Protect|p1a: Chien-Pao\n|-singleturn|p1a: Chien-Pao|Protect\n|move|p2a: Indeedee|Follow Me|p2a: Indeedee\n|-singleturn|p2a: Indeedee|move: Follow Me\n|move|p2b: Sneasler|Dire Claw|p1a: Chien-Pao\n|-activate|p1a: Chien-Pao|move: Protect\n|move|p1b: Ursaluna|Hyper Voice|p2a: Indeedee|[spread] p2a,p2b\n|-damage|p2a: Indeedee|48\/100\n|-damage|p2b: Sneasler|49\/100\n|-enditem|p1b: Ursaluna|Throat Spray\n|-boost|p1b: Ursaluna|spa|1|[from] item: Throat Spray\n|\n|upkeep\n|turn|4\n|\n|t:|1700427355\n|move|p1b: Ursaluna|Protect|p1b: Ursaluna\n|-singleturn|p1b: Ursaluna|Protect\n|move|p2b: Sneasler|Close Combat|p1b: Ursaluna\n|-activate|p1b: Ursaluna|move: Protect\n|move|p1a: Chien-Pao|Icicle Crash|p2b: Sneasler\n|-damage|p2b: Sneasler|0 fnt\n|faint|p2b: Sneasler\n|move|p2a: Indeedee|Dazzling Gleam|p1b: Ursaluna|[spread] p1a\n|-activate|p1b: Ursaluna|move: Protect\n|-supereffective|p1a: Chien-Pao\n|-damage|p1a: Chien-Pao|57\/100\n|\n|upkeep\n|\n|t:|1700427366\n|switch|p2b: Flutter Mane|Flutter Mane, L50|100\/100\n|turn|5\n|inactive|Dannyzzin has 30 seconds left.\n|inactive|KingBlixer has 30 seconds left.\n|\n|t:|1700427397\n|move|p2a: Indeedee|Helping Hand|p2b: Flutter Mane\n|-singleturn|p2b: Flutter Mane|Helping Hand|[of] p2a: Indeedee\n|move|p1a: Chien-Pao|Icicle Crash|p2a: Indeedee|[miss]\n|-miss|p1a: Chien-Pao|p2a: Indeedee\n|move|p2b: Flutter Mane|Dazzling Gleam|p1a: Chien-Pao|[spread] p1a,p1b\n|-supereffective|p1a: Chien-Pao\n|-damage|p1a: Chien-Pao|0 fnt\n|-damage|p1b: Ursaluna|22\/100\n|faint|p1a: Chien-Pao\n|move|p1b: Ursaluna|Blood Moon|p2b: Flutter Mane\n|-damage|p2b: Flutter Mane|0 fnt\n|faint|p2b: Flutter Mane\n|-end|p2b: Flutter Mane|Protosynthesis|[silent]\n|\n|-fieldend|move: Psychic Terrain\n|upkeep\n|turn|6\n|\n|t:|1700427414\n|move|p1b: Ursaluna|Protect|p1b: Ursaluna\n|-singleturn|p1b: Ursaluna|Protect\n|move|p2a: Indeedee|Dazzling Gleam|p1b: Ursaluna\n|-activate|p1b: Ursaluna|move: Protect\n|\n|upkeep\n|turn|7\n|\n|t:|1700427422\n|move|p2a: Indeedee|Dazzling Gleam|p1b: Ursaluna\n|-damage|p1b: Ursaluna|1\/100\n|move|p1b: Ursaluna|Blood Moon|p2a: Indeedee\n|-damage|p2a: Indeedee|0 fnt\n|faint|p2a: Indeedee\n|\n|win|KingBlixer\n|raw|KingBlixer's rating: 1158 &rarr; <strong>1182<\/strong><br \/>(+24 for winning)\n|raw|Dannyzzin's rating: 1143 &rarr; <strong>1119<\/strong><br \/>(-24 for losing)\n|c|\u2606Dannyzzin|1\n|c|\u2606KingBlixer|oh damn gg\n|c|\u2606Dannyzzin|UHASHUUAS\n|c|\u2606KingBlixer|FJDSKSDFJHDFS\n|c|\u2606Dannyzzin|gg\n","uploadtime":1700427441,"views":13,"p1id":"kingblixer","p2id":"dannyzzin","formatid":"gen9vgc2023regulatione","rating":1119,"private":0,"password":""}