{"id":"gen9vgc2023regulatione-1994313357","p1":"CrystalDialga","p2":"coolasswurmple22","format":"[Gen 9] VGC 2023 Regulation E","log":"|j|\u2606CrystalDialga\n|j|\u2606coolasswurmple22\n|n|\u2606CrystalDialga|crystaldialga\n|n|\u2606coolasswurmple22|coolasswurmple22\n|html|View the match progress at <a href=\"\/game-bestof3-gen9vgc2023regulatione-1994313356\">game-bestof3-gen9vgc2023regulatione-1994313356<\/a>\n|t:|1700430011\n|gametype|doubles\n|player|p1|CrystalDialga|larry|\n|player|p2|coolasswurmple22|grimsley|\n|teamsize|p1|6\n|teamsize|p2|6\n|gen|9\n|tier|[Gen 9] VGC 2023 Regulation E\n|rule|Species Clause: Limit one of each Pok\u00e9mon\n|rule|Item Clause: Limit one of each item\n|clearpoke\n|poke|p1|Dragapult, L50, F|\n|poke|p1|Chien-Pao, L50|\n|poke|p1|Ting-Lu, L50|\n|poke|p1|Rillaboom, L50, M|\n|poke|p1|Dondozo, L50, F|\n|poke|p1|Amoonguss, L50, F|\n|poke|p2|Politoed, L50, M|\n|poke|p2|Tornadus, L50, M|\n|poke|p2|Brambleghast, L50, F|\n|poke|p2|Lumineon, L50, M|\n|poke|p2|Clodsire, L50, M|\n|poke|p2|Kilowattrel, L50, M|\n|teampreview|4\nCrystalDialga has agreed to open team sheets.\n|c|\u2606CrystalDialga|gl hf\ncoolasswurmple22 has agreed to open team sheets.\n|showteam|p1|Dragapult||ChoiceBand|ClearBody|DragonDarts,PhantomForce,TeraBlast,Uturn|||F|||50|,,,,,Ghost]Chien-Pao||FocusSash|SwordofRuin|Protect,SuckerPunch,IcicleCrash,SacredSword||||||50|,,,,,Ghost]Ting-Lu||AssaultVest|VesselofRuin|Fissure,StompingTantrum,Ruination,HeavySlam||||||50|,,,,,Poison]Rillaboom||GrassySeed|GrassySurge|FakeOut,GrassyGlide,WoodHammer,Uturn|||M|||50|,,,,,Fire]Dondozo||Leftovers|Oblivious|Yawn,OrderUp,WaveCrash,HeavySlam|||F|||50|,,,,,Dragon]Amoonguss||RockyHelmet|Regenerator|Spore,RagePowder,PollenPuff,ClearSmog|||F|||50|,,,,,Dragon\n|showteam|p2|Politoed||DampRock|Drizzle|Encore,Protect,WeatherBall,HelpingHand|||M|||50|,,,,,Water]Tornadus||SitrusBerry|Prankster|RainDance,Tailwind,BleakwindStorm,Taunt|||M|||50|,,,,,Steel]Brambleghast||MagoBerry|WindRider|SeedBomb,Substitute,LeechSeed,PhantomForce|||F|||50|,,,,,Normal]Lumineon||LifeOrb|StormDrain|DazzlingGleam,IceBeam,Surf,Protect|||M|||50|,,,,,Flying]Clodsire||Leftovers|WaterAbsorb|HelpingHand,Surf,Yawn,Earthquake|||M|||50|,,,,,Ground]Kilowattrel||ChoiceSpecs|WindPower|Thunder,Hurricane,VoltSwitch,WeatherBall|||M|||50|,,,,,Steel\n|\n|t:|1700430064\n|start\n|switch|p1a: pookie bear|Dragapult, L50, F|100\/100\n|switch|p1b: Dude from Ice Age|Chien-Pao, L50|100\/100\n|switch|p2a: jakepaulitoed|Politoed, L50, M, shiny|100\/100\n|switch|p2b: unwanted|Tornadus, L50, M, shiny|100\/100\n|-ability|p1b: Dude from Ice Age|Sword of Ruin\n|-weather|RainDance|[from] ability: Drizzle|[of] p2a: jakepaulitoed\n|turn|1\n|j| Van. Volcanucks\n|\n|t:|1700430098\n|-terastallize|p2b: unwanted|Steel\n|move|p2a: jakepaulitoed|Protect|p2a: jakepaulitoed\n|-singleturn|p2a: jakepaulitoed|Protect\n|move|p2b: unwanted|Tailwind|p2b: unwanted\n|-sidestart|p2: coolasswurmple22|move: Tailwind\n|move|p1a: pookie bear|Dragon Darts|p2b: unwanted\n|-resisted|p2b: unwanted\n|-damage|p2b: unwanted|70\/100\n|-anim|p1a: pookie bear|Dragon Darts|p2b: unwanted\n|-resisted|p2b: unwanted\n|-damage|p2b: unwanted|38\/100\n|-enditem|p2b: unwanted|Sitrus Berry|[eat]\n|-heal|p2b: unwanted|62\/100|[from] item: Sitrus Berry\n|move|p1b: Dude from Ice Age|Icicle Crash|p2b: unwanted\n|-resisted|p2b: unwanted\n|-damage|p2b: unwanted|23\/100\n|\n|-weather|RainDance|[upkeep]\n|upkeep\n|turn|2\n|\n|t:|1700430156\n|move|p1b: Dude from Ice Age|Sucker Punch|p2b: unwanted\n|-damage|p2b: unwanted|0 fnt\n|faint|p2b: unwanted\n|move|p1a: pookie bear|Dragon Darts|p2a: jakepaulitoed\n|-damage|p2a: jakepaulitoed|44\/100\n|-anim|p1a: pookie bear|Dragon Darts|p2a: jakepaulitoed\n|-damage|p2a: jakepaulitoed|0 fnt\n|faint|p2a: jakepaulitoed\n|\n|-weather|RainDance|[upkeep]\n|upkeep\n|\n|t:|1700430167\n|switch|p2b: runner up|Kilowattrel, L50, M|100\/100\n|switch|p2a: Eugene|Brambleghast, L50, F, shiny|100\/100\n|-ability|p2a: Eugene|Wind Rider|boost\n|-boost|p2a: Eugene|atk|1\n|turn|3\n|\n|t:|1700430181\n|switch|p1a: \"One more fissure\"|Ting-Lu, L50|100\/100\n|-ability|p1a: \"One more fissure\"|Vessel of Ruin\n|move|p2b: runner up|Thunder|p1b: Dude from Ice Age\n|-damage|p1b: Dude from Ice Age|6\/100\n|-status|p1b: Dude from Ice Age|par\n|move|p2a: Eugene|Phantom Force||[still]\n|-prepare|p2a: Eugene|Phantom Force\n|move|p1b: Dude from Ice Age|Icicle Crash|p2a: Eugene|[miss]\n|-miss|p1b: Dude from Ice Age|p2a: Eugene\n|\n|-weather|RainDance|[upkeep]\n|upkeep\n|turn|4\n|\n|t:|1700430237\n|cant|p1b: Dude from Ice Age|par\n|move|p2b: runner up|Thunder|p1b: Dude from Ice Age\n|-damage|p1b: Dude from Ice Age|0 fnt\n|faint|p1b: Dude from Ice Age\n|move|p2a: Eugene|Phantom Force|p1a: \"One more fissure\"|[from]lockedmove\n|-resisted|p1a: \"One more fissure\"\n|-damage|p1a: \"One more fissure\"|84\/100\n|move|p1a: \"One more fissure\"|Heavy Slam|p2b: runner up\n|-resisted|p2b: runner up\n|-damage|p2b: runner up|70\/100\n|\n|-weather|RainDance|[upkeep]\n|-sideend|p2: coolasswurmple22|move: Tailwind\n|upkeep\n|\n|t:|1700430254\n|switch|p1b: pookie bear|Dragapult, L50, F|100\/100\n|turn|5\n|\n|t:|1700430292\n|-terastallize|p1b: pookie bear|Ghost\n|move|p1b: pookie bear|Tera Blast|p2b: runner up|[anim] Tera Blast Ghost\n|-damage|p2b: runner up|0 fnt\n|faint|p2b: runner up\n|move|p2a: Eugene|Phantom Force||[still]\n|-prepare|p2a: Eugene|Phantom Force\n|move|p1a: \"One more fissure\"|Stomping Tantrum|p2a: Eugene|[miss]\n|-miss|p1a: \"One more fissure\"|p2a: Eugene\n|\n|-weather|RainDance|[upkeep]\n|upkeep\n|turn|6\n|\n|t:|1700430303\n|switch|p1b: SSJ3 Goku|Rillaboom, L50, M, shiny|100\/100\n|-fieldstart|move: Grassy Terrain|[from] ability: Grassy Surge|[of] p1b: SSJ3 Goku\n|-enditem|p1b: SSJ3 Goku|Grassy Seed\n|-boost|p1b: SSJ3 Goku|def|1|[from] item: Grassy Seed\n|move|p2a: Eugene|Phantom Force|p1b: SSJ3 Goku|[from]lockedmove\n|-damage|p1b: SSJ3 Goku|66\/100\n|move|p1a: \"One more fissure\"|Ruination|p2a: Eugene\n|-damage|p2a: Eugene|50\/100\n|\n|-weather|RainDance|[upkeep]\n|-heal|p1b: SSJ3 Goku|72\/100|[from] Grassy Terrain\n|-heal|p2a: Eugene|57\/100|[from] Grassy Terrain\n|-heal|p1a: \"One more fissure\"|90\/100|[from] Grassy Terrain\n|upkeep\n|turn|7\n|\n|t:|1700430321\n|move|p1b: SSJ3 Goku|Wood Hammer|p2a: Eugene\n|-resisted|p2a: Eugene\n|-damage|p2a: Eugene|0 fnt\n|faint|p2a: Eugene\n|-damage|p1b: SSJ3 Goku|57\/100|[from] Recoil\n|\n|win|CrystalDialga\n|c|&|\/uhtml prompt-coolasswurmple22,coolasswurmple22 is ready for game 2!\n|inactive|CrystalDialga has 50 seconds to confirm battle start!\n|c|&|\/uhtml prompt-crystaldialga,CrystalDialga is ready for game 2!\nBoth players are ready! Starting next match!\n|l| Van. Volcanucks\n|j| Van. Volcanucks\n","uploadtime":1700430329,"views":5,"p1id":"crystaldialga","p2id":"coolasswurmple22","formatid":"gen9vgc2023regulatione","rating":0,"private":0,"password":""}