{"id":"gen9vgc2023regulatione-1991969677","p1":"krenitos","p2":"cocomolaco","format":"[Gen 9] VGC 2023 Regulation E","log":"|j|\u2606krenitos\n|j|\u2606cocomolaco\n|t:|1700143696\n|gametype|doubles\n|player|p1|krenitos|fisherman|1112\n|player|p2|cocomolaco|170|1223\n|teamsize|p1|6\n|teamsize|p2|6\n|gen|9\n|tier|[Gen 9] VGC 2023 Regulation E\n|rated|\n|rule|Species Clause: Limit one of each Pok\u00e9mon\n|rule|Item Clause: Limit one of each item\n|clearpoke\n|poke|p1|Flutter Mane, L50|\n|poke|p1|Glimmora, L50, F|\n|poke|p1|Dusclops, L50, F|\n|poke|p1|Ceruledge, L50, F|\n|poke|p1|Gyarados, L50, F|\n|poke|p1|Arbok, L50, F|\n|poke|p2|Goodra-Hisui, L50, M|\n|poke|p2|Ogerpon-Wellspring, L50, F|\n|poke|p2|Flutter Mane, L50|\n|poke|p2|Iron Hands, L50|\n|poke|p2|Heatran, L50, M|\n|poke|p2|Landorus-Therian, L50, M|\n|teampreview|4\n|inactive|Battle timer is ON: inactive players will automatically lose when time's up. (requested by krenitos)\n|inactive|krenitos has 60 seconds left.\n|\n|t:|1700143728\n|start\n|switch|p1a: Dusclops|Dusclops, L50, F|100\/100\n|switch|p1b: Arbok|Arbok, L50, F|100\/100\n|switch|p2a: Landorus|Landorus-Therian, L50, M|100\/100\n|switch|p2b: Iron Hands|Iron Hands, L50|100\/100\n|-ability|p2a: Landorus|Intimidate|boost\n|-unboost|p1a: Dusclops|atk|1\n|-unboost|p1b: Arbok|atk|1\n|-ability|p1b: Arbok|Intimidate|boost\n|-unboost|p2a: Landorus|atk|1\n|-unboost|p2b: Iron Hands|atk|1\n|-ability|p1a: Dusclops|Pressure\n|turn|1\n|\n|t:|1700143751\n|-terastallize|p1b: Arbok|Dragon\n|move|p2b: Iron Hands|Fake Out|p1b: Arbok\n|-damage|p1b: Arbok|88\/100\n|move|p2a: Landorus|U-turn|p1b: Arbok\n|-damage|p1b: Arbok|59\/100\n|\n|t:|1700143760\n|switch|p2a: Heatran|Heatran, L50, M|100\/100|[from] U-turn\n|cant|p1b: Arbok|flinch\n|move|p1a: Dusclops|Trick Room|p1a: Dusclops\n|-fieldstart|move: Trick Room|[of] p1a: Dusclops\n|\n|upkeep\n|turn|2\n|\n|t:|1700143778\n|-end|p2b: Iron Hands|Quark Drive|[silent]\n|switch|p2b: Landorus|Landorus-Therian, L50, M|100\/100\n|-ability|p2b: Landorus|Intimidate|boost\n|-unboost|p1a: Dusclops|atk|1\n|-unboost|p1b: Arbok|atk|1\n|move|p1a: Dusclops|Will-O-Wisp|p2b: Landorus\n|-status|p2b: Landorus|brn\n|move|p2a: Heatran|Heat Wave|p1b: Arbok|[spread] p1a,p1b\n|-resisted|p1b: Arbok\n|-damage|p1a: Dusclops|66\/100\n|-damage|p1b: Arbok|17\/100\n|-status|p1a: Dusclops|brn\n|move|p1b: Arbok|Knock Off|p2a: Heatran\n|-damage|p2a: Heatran|88\/100\n|-enditem|p2a: Heatran|Choice Specs|[from] move: Knock Off|[of] p1b: Arbok\n|\n|-damage|p1a: Dusclops|60\/100 brn|[from] brn\n|-damage|p2b: Landorus|94\/100 brn|[from] brn\n|upkeep\n|turn|3\n|\n|t:|1700143801\n|switch|p1b: Gyarados|Gyarados, L50, F, shiny|100\/100\n|-ability|p1b: Gyarados|Intimidate|boost\n|-unboost|p2a: Heatran|atk|1\n|-unboost|p2b: Landorus|atk|1\n|move|p1a: Dusclops|Night Shade|p2a: Heatran\n|-damage|p2a: Heatran|63\/100\n|move|p2a: Heatran|Heat Wave|p1a: Dusclops|[spread] p1a,p1b\n|-resisted|p1b: Gyarados\n|-damage|p1a: Dusclops|37\/100 brn\n|-damage|p1b: Gyarados|83\/100\n|move|p2b: Landorus|U-turn|p1b: Gyarados\n|-resisted|p1b: Gyarados\n|-damage|p1b: Gyarados|78\/100\n|\n|t:|1700143814\n|switch|p2b: Iron Hands|Iron Hands, L50|100\/100|[from] U-turn\n|\n|-damage|p1a: Dusclops|31\/100 brn|[from] brn\n|upkeep\n|turn|4\n|\n|t:|1700143830\n|-terastallize|p2a: Heatran|Grass\n|move|p1b: Gyarados|Protect|p1b: Gyarados\n|-singleturn|p1b: Gyarados|Protect\n|move|p1a: Dusclops|Will-O-Wisp|p2b: Iron Hands\n|-status|p2b: Iron Hands|brn\n|move|p2b: Iron Hands|Wild Charge|p1b: Gyarados\n|-activate|p1b: Gyarados|move: Protect\n|move|p2a: Heatran|Heat Wave|p1a: Dusclops|[spread] p1a\n|-activate|p1b: Gyarados|move: Protect\n|-damage|p1a: Dusclops|8\/100 brn\n|\n|-damage|p1a: Dusclops|2\/100 brn|[from] brn\n|-damage|p2b: Iron Hands|94\/100 brn|[from] brn\n|upkeep\n|turn|5\n|inactive|krenitos has 30 seconds left.\n|\n|t:|1700143857\n|switch|p1b: Glimmora|Glimmora, L50, F, shiny|100\/100\n|move|p1a: Dusclops|Night Shade|p2a: Heatran\n|-damage|p2a: Heatran|37\/100\n|move|p2b: Iron Hands|Wild Charge|p1b: Glimmora\n|-damage|p1b: Glimmora|76\/100\n|-activate|p1b: Glimmora|ability: Toxic Debris\n|-sidestart|p2: cocomolaco|move: Toxic Spikes\n|-damage|p2b: Iron Hands|91\/100 brn|[from] Recoil\n|move|p2a: Heatran|Heat Wave|p1b: Glimmora|[spread] p1a,p1b\n|-resisted|p1b: Glimmora\n|-damage|p1a: Dusclops|0 fnt\n|-damage|p1b: Glimmora|52\/100\n|faint|p1a: Dusclops\n|\n|-heal|p1b: Glimmora|58\/100|[from] item: Leftovers\n|-damage|p2b: Iron Hands|84\/100 brn|[from] brn\n|-fieldend|move: Trick Room\n|upkeep\n|\n|t:|1700143873\n|switch|p1a: Gyarados|Gyarados, L50, F, shiny|78\/100\n|-ability|p1a: Gyarados|Intimidate|boost\n|-unboost|p2a: Heatran|atk|1\n|-unboost|p2b: Iron Hands|atk|1\n|turn|6\n|\n|t:|1700143887\n|-end|p2b: Iron Hands|Quark Drive|[silent]\n|switch|p2b: Landorus|Landorus-Therian, L50, M|94\/100 brn\n|-ability|p2b: Landorus|Intimidate|boost\n|-unboost|p1a: Gyarados|atk|1\n|-unboost|p1b: Glimmora|atk|1\n|move|p1b: Glimmora|Sludge Bomb|p2b: Landorus\n|-resisted|p2b: Landorus\n|-damage|p2b: Landorus|62\/100 brn\n|move|p1a: Gyarados|Waterfall|p2b: Landorus\n|-supereffective|p2b: Landorus\n|-damage|p2b: Landorus|0 fnt\n|faint|p2b: Landorus\n|move|p2a: Heatran|Heat Wave|p1b: Glimmora|[spread] p1a,p1b\n|-resisted|p1a: Gyarados\n|-crit|p1a: Gyarados\n|-resisted|p1b: Glimmora\n|-damage|p1a: Gyarados|53\/100\n|-damage|p1b: Glimmora|37\/100\n|\n|-heal|p1b: Glimmora|43\/100|[from] item: Leftovers\n|upkeep\n|\n|t:|1700143905\n|switch|p2b: Iron Hands|Iron Hands, L50|84\/100 brn\n|turn|7\n|\n|t:|1700143914\n|switch|p1a: Arbok|Arbok, L50, F, tera:Dragon|17\/100\n|-ability|p1a: Arbok|Intimidate|boost\n|-unboost|p2a: Heatran|atk|1\n|-unboost|p2b: Iron Hands|atk|1\n|move|p1b: Glimmora|Sludge Bomb|p2a: Heatran\n|-supereffective|p2a: Heatran\n|-damage|p2a: Heatran|0 fnt\n|faint|p2a: Heatran\n|move|p2b: Iron Hands|Drain Punch|p1b: Glimmora\n|-damage|p1b: Glimmora|28\/100\n|-heal|p2b: Iron Hands|89\/100 brn|[from] drain|[of] p1b: Glimmora\n|-activate|p1b: Glimmora|ability: Toxic Debris\n|-sidestart|p2: cocomolaco|move: Toxic Spikes\n|\n|-heal|p1b: Glimmora|33\/100|[from] item: Leftovers\n|-damage|p2b: Iron Hands|83\/100 brn|[from] brn\n|upkeep\n|\n|t:|1700143929\n|switch|p2a: Ogerpon|Ogerpon-Wellspring, L50, F|100\/100\n|-status|p2a: Ogerpon|tox\n|turn|8\n|\n|t:|1700143941\n|move|p1b: Glimmora|Spiky Shield|p1b: Glimmora\n|-singleturn|p1b: Glimmora|move: Protect\n|move|p2a: Ogerpon|Ivy Cudgel|p1b: Glimmora|[anim] Ivy Cudgel Water\n|-activate|p1b: Glimmora|move: Protect\n|move|p1a: Arbok|Coil|p1a: Arbok\n|-boost|p1a: Arbok|atk|1\n|-boost|p1a: Arbok|def|1\n|-boost|p1a: Arbok|accuracy|1\n|move|p2b: Iron Hands|Wild Charge|p1b: Glimmora\n|-activate|p1b: Glimmora|move: Protect\n|-damage|p2b: Iron Hands|71\/100 brn|[from] Spiky Shield|[of] p1b: Glimmora\n|\n|-heal|p1b: Glimmora|39\/100|[from] item: Leftovers\n|-damage|p2a: Ogerpon|95\/100 tox|[from] psn\n|-damage|p2b: Iron Hands|64\/100 brn|[from] brn\n|upkeep\n|turn|9\n|-message|cocomolaco forfeited.\n|\n|win|krenitos\n|raw|krenitos's rating: 1112 &rarr; <strong>1145<\/strong><br \/>(+33 for winning)\n|raw|cocomolaco's rating: 1223 &rarr; <strong>1190<\/strong><br \/>(-33 for losing)\n|l|\u2606cocomolaco\n","uploadtime":1700143960,"views":29,"p1id":"krenitos","p2id":"cocomolaco","formatid":"gen9vgc2023regulatione","rating":1145,"private":0,"password":""}