{"id":"gen9vgc2023regulatione-1998612662","p1":"slinky2213","p2":"EdwinVGC","format":"[Gen 9] VGC 2023 Regulation E","log":"|j|\u2606slinky2213\n|j|\u2606EdwinVGC\n|t:|1700962930\n|gametype|doubles\n|player|p1|slinky2213|102|1116\n|player|p2|EdwinVGC|2|1163\n|teamsize|p1|6\n|teamsize|p2|6\n|gen|9\n|tier|[Gen 9] VGC 2023 Regulation E\n|rated|\n|rule|Species Clause: Limit one of each Pok\u00e9mon\n|rule|Item Clause: Limit one of each item\n|clearpoke\n|poke|p1|Milotic, L50, F|\n|poke|p1|Heatran, L50, M|\n|poke|p1|Ursaluna-Bloodmoon, L50, M|\n|poke|p1|Iron Hands, L50|\n|poke|p1|Landorus-Therian, L50, M|\n|poke|p1|Dragonite, L50, M|\n|poke|p2|Pelipper, L50, M|\n|poke|p2|Urshifu-*, L50, M|\n|poke|p2|Sinistcha-Masterpiece, L50|\n|poke|p2|Iron Hands, L50|\n|poke|p2|Gholdengo, L50|\n|poke|p2|Farigiraf, L50, F|\n|teampreview|4\nEdwinVGC has agreed to open team sheets.\nslinky2213 has agreed to open team sheets.\n|inactive|Battle timer is ON: inactive players will automatically lose when time's up. (requested by slinky2213)\n|\n|t:|1700962956\n|start\n|switch|p1a: Heatran|Heatran, L50, M|100\/100\n|switch|p1b: Landorus|Landorus-Therian, L50, M|100\/100\n|switch|p2a: Gholdengo|Gholdengo, L50|100\/100\n|switch|p2b: Farigiraf|Farigiraf, L50, F|100\/100\n|-ability|p1b: Landorus|Intimidate|boost\n|-unboost|p2a: Gholdengo|atk|1\n|-unboost|p2b: Farigiraf|atk|1\n|-item|p1a: Heatran|Air Balloon\n|turn|1\n|inactive|EdwinVGC has 30 seconds left.\n|inactive|EdwinVGC has 20 seconds left.\n|\n|t:|1700962996\n|move|p2a: Gholdengo|Power Gem|p1a: Heatran\n|-damage|p1a: Heatran|76\/100\n|-enditem|p1a: Heatran|Air Balloon\n|move|p1b: Landorus|Stomping Tantrum|p2a: Gholdengo\n|-supereffective|p2a: Gholdengo\n|-damage|p2a: Gholdengo|1\/100\n|move|p1a: Heatran|Heat Wave|p2a: Gholdengo|[spread] p2a,p2b\n|-supereffective|p2a: Gholdengo\n|-damage|p2a: Gholdengo|0 fnt\n|-damage|p2b: Farigiraf|66\/100\n|faint|p2a: Gholdengo\n|move|p2b: Farigiraf|Nasty Plot|p2b: Farigiraf\n|-boost|p2b: Farigiraf|spa|2\n|\n|upkeep\n|\n|t:|1700963010\n|switch|p2a: Urshifu|Urshifu-Rapid-Strike, L50, M|100\/100\n|turn|2\n|l|\u2606slinky2213\n|inactive|slinky2213 disconnected and has a minute to reconnect!\n|player|p1|\n|inactive|slinky2213 has 30 seconds left.\n|j|\u2606slinky2213\n|inactive|slinky2213 reconnected and has 25 seconds left.\n|player|p1|slinky2213|102\n|inactive|slinky2213 has 20 seconds left.\n|\n|t:|1700963047\n|-terastallize|p2a: Urshifu|Water\n|-terastallize|p1a: Heatran|Grass\n|move|p1b: Landorus|Stomping Tantrum|p2b: Farigiraf\n|-damage|p2b: Farigiraf|32\/100\n|-enditem|p2b: Farigiraf|Sitrus Berry|[eat]\n|-heal|p2b: Farigiraf|57\/100|[from] item: Sitrus Berry\n|move|p2a: Urshifu|Surging Strikes|p1b: Landorus\n|-supereffective|p1b: Landorus\n|-crit|p1b: Landorus\n|-damage|p1b: Landorus|38\/100\n|-supereffective|p1b: Landorus\n|-crit|p1b: Landorus\n|-damage|p1b: Landorus|0 fnt\n|faint|p1b: Landorus\n|-hitcount|p1: Landorus|2\n|move|p1a: Heatran|Tera Blast|p2a: Urshifu|[anim] Tera Blast Grass\n|-supereffective|p2a: Urshifu\n|-damage|p2a: Urshifu|0 fnt\n|faint|p2a: Urshifu\n|move|p2b: Farigiraf|Psychic|p1a: Heatran\n|-damage|p1a: Heatran|16\/100\n|\n|upkeep\n|\n|t:|1700963070\n|switch|p1b: Ursaluna|Ursaluna-Bloodmoon, L50, M|100\/100\n|switch|p2a: Sinistcha|Sinistcha-Masterpiece, L50|100\/100\n|-heal|p2b: Farigiraf|82\/100|[from] ability: Hospitality|[of] p2a: Sinistcha\n|turn|3\n|inactive|EdwinVGC has 30 seconds left.\n|\n|t:|1700963099\n|move|p1a: Heatran|Heat Wave|p2b: Farigiraf|[spread] p2a,p2b\n|-supereffective|p2a: Sinistcha\n|-damage|p2a: Sinistcha|16\/100\n|-damage|p2b: Farigiraf|50\/100\n|move|p2a: Sinistcha|Matcha Gotcha|p1a: Heatran|[spread] p1a,p1b\n|-resisted|p1a: Heatran\n|-supereffective|p1b: Ursaluna\n|-damage|p1a: Heatran|6\/100\n|-heal|p2a: Sinistcha|21\/100|[from] drain|[of] p1a: Heatran\n|-damage|p1b: Ursaluna|57\/100\n|-heal|p2a: Sinistcha|47\/100|[from] drain|[of] p1b: Ursaluna\n|move|p2b: Farigiraf|Psychic|p1a: Heatran\n|-damage|p1a: Heatran|0 fnt\n|faint|p1a: Heatran\n|move|p1b: Ursaluna|Hyper Voice|p2b: Farigiraf|[spread] p2a,p2b\n|-damage|p2a: Sinistcha|10\/100\n|-damage|p2b: Farigiraf|19\/100\n|-enditem|p1b: Ursaluna|Throat Spray\n|-boost|p1b: Ursaluna|spa|1|[from] item: Throat Spray\n|\n|upkeep\n|\n|t:|1700963117\n|switch|p1a: Dragonite|Dragonite, L50, M|100\/100\n|turn|4\n|\n|t:|1700963130\n|move|p1b: Ursaluna|Protect|p1b: Ursaluna\n|-singleturn|p1b: Ursaluna|Protect\n|move|p1a: Dragonite|Dragon Claw|p2b: Farigiraf\n|-damage|p2b: Farigiraf|0 fnt\n|faint|p2b: Farigiraf\n|move|p2a: Sinistcha|Strength Sap|p1b: Ursaluna\n|-activate|p1b: Ursaluna|move: Protect\n|\n|upkeep\n|turn|5\n|\n|t:|1700963142\n|move|p1a: Dragonite|Dragon Claw|p2a: Sinistcha\n|-damage|p2a: Sinistcha|0 fnt\n|-damage|p1a: Dragonite|84\/100|[from] item: Rocky Helmet|[of] p2a: Sinistcha\n|faint|p2a: Sinistcha\n|\n|win|slinky2213\n|raw|slinky2213's rating: 1116 &rarr; <strong>1144<\/strong><br \/>(+28 for winning)\n|raw|EdwinVGC's rating: 1163 &rarr; <strong>1135<\/strong><br \/>(-28 for losing)\n","uploadtime":1700963150,"views":2,"p1id":"slinky2213","p2id":"edwinvgc","formatid":"gen9vgc2023regulatione","rating":1135,"private":0,"password":""}