{"id":"gen9vgc2023regulatione-1997964961","p1":"Eleisson4","p2":"Eseqxiel","format":"[Gen 9] VGC 2023 Regulation E","log":"|j|\u2606Eleisson4\n|j|\u2606Eseqxiel\n|n|\u2606Eleisson4|eleisson4\n|n|\u2606Eseqxiel|eseqxiel\n|html|View the match progress at <a href=\"\/game-bestof3-gen9vgc2023regulatione-1997961585\">game-bestof3-gen9vgc2023regulatione-1997961585<\/a>\n|t:|1700872982\n|gametype|doubles\n|player|p1|Eleisson4|101|\n|player|p2|Eseqxiel|hoopster|\n|teamsize|p1|6\n|teamsize|p2|6\n|gen|9\n|tier|[Gen 9] VGC 2023 Regulation E\n|rule|Species Clause: Limit one of each Pok\u00e9mon\n|rule|Item Clause: Limit one of each item\n|clearpoke\n|poke|p1|Iron Hands, L50|\n|poke|p1|Flutter Mane, L50|\n|poke|p1|Heatran, L50, F|\n|poke|p1|Chien-Pao, L50|\n|poke|p1|Ogerpon-Wellspring, L50, F|\n|poke|p1|Amoonguss, L50, F|\n|poke|p2|Tornadus, L50, M|\n|poke|p2|Heatran, L50, M|\n|poke|p2|Urshifu-*, L50, M|\n|poke|p2|Flutter Mane, L50|\n|poke|p2|Rillaboom, L50, M|\n|poke|p2|Landorus-Therian, L50, M|\n|teampreview|4\nEleisson4 has agreed to open team sheets.\nEseqxiel has agreed to open team sheets.\n|showteam|p1|Iron Hands||BoosterEnergy|QuarkDrive|SwordsDance,IcePunch,WildCharge,DrainPunch||||||50|,,,,,Ground]Flutter Mane||ChoiceSpecs|Protosynthesis|MysticalFire,ShadowBall,DazzlingGleam,PowerGem||||||50|,,,,,Fairy]Heatran||SitrusBerry|FlashFire|HeatWave,FlashCannon,EarthPower,Protect|||F|||50|,,,,,Grass]Chien-Pao||FocusSash|SwordofRuin|IceSpinner,SuckerPunch,PsychicFangs,Protect||||||50|,,,,,Ghost]Ogerpon-Wellspring||WellspringMask|WaterAbsorb|IvyCudgel,HornLeech,Taunt,SpikyShield|||F|||50|,,,,,Water]Amoonguss||AguavBerry|Regenerator|Spore,RagePowder,PollenPuff,ClearSmog|||F|||50|,,,,,Water\n|showteam|p2|Tornadus||CovertCloak|Prankster|BleakwindStorm,Tailwind,Taunt,RainDance|||M|||50|,,,,,Dark]Heatran||Leftovers|FlashFire|HeatWave,EarthPower,FlashCannon,Protect|||M|||50|,,,,,Grass]Urshifu-Rapid-Strike||MysticWater|UnseenFist|SurgingStrikes,CloseCombat,AquaJet,Detect|||M|||50|,,,,,Water]Flutter Mane||BoosterEnergy|Protosynthesis|DazzlingGleam,ShadowBall,TrickRoom,Protect||||||50|,,,,,Fairy]Rillaboom||AssaultVest|GrassySurge|FakeOut,GrassyGlide,Uturn,WoodHammer|||M|||50|,,,,,Fire]Landorus-Therian||ChoiceBand|Intimidate|StompingTantrum,RockSlide,Uturn,TeraBlast|||M|||50|,,,,,Ground\n|\n|t:|1700873054\n|start\n|switch|p1a: Chien-Pao|Chien-Pao, L50|100\/100\n|switch|p1b: Heatran|Heatran, L50, F, shiny|100\/100\n|switch|p2a: Tornadus|Tornadus, L50, M|100\/100\n|switch|p2b: Rillaboom|Rillaboom, L50, M|100\/100\n|-ability|p1a: Chien-Pao|Sword of Ruin\n|-fieldstart|move: Grassy Terrain|[from] ability: Grassy Surge|[of] p2b: Rillaboom\n|turn|1\n|\n|t:|1700873074\n|move|p2b: Rillaboom|Fake Out|p1a: Chien-Pao\n|-damage|p1a: Chien-Pao|83\/100\n|move|p2a: Tornadus|Tailwind|p2a: Tornadus\n|-sidestart|p2: Eseqxiel|move: Tailwind\n|cant|p1a: Chien-Pao|flinch\n|move|p1b: Heatran|Heat Wave|p2b: Rillaboom|[spread] p2a,p2b\n|-supereffective|p2b: Rillaboom\n|-damage|p2a: Tornadus|62\/100\n|-damage|p2b: Rillaboom|46\/100\n|\n|-heal|p2b: Rillaboom|52\/100|[from] Grassy Terrain\n|-heal|p1a: Chien-Pao|88\/100|[from] Grassy Terrain\n|upkeep\n|turn|2\n|\n|t:|1700873114\n|switch|p2a: Heatran|Heatran, L50, M|100\/100\n|move|p1b: Heatran|Protect|p1b: Heatran\n|-singleturn|p1b: Heatran|Protect\n|move|p2b: Rillaboom|U-turn|p1a: Chien-Pao\n|-supereffective|p1a: Chien-Pao\n|-damage|p1a: Chien-Pao|22\/100\n|\n|t:|1700873132\n|switch|p2b: Tornadus|Tornadus, L50, M|62\/100|[from] U-turn\n|move|p1a: Chien-Pao|Ice Spinner|p2b: Tornadus\n|-supereffective|p2b: Tornadus\n|-damage|p2b: Tornadus|0 fnt\n|-fieldend|move: Grassy Terrain\n|faint|p2b: Tornadus\n|\n|upkeep\n|\n|t:|1700873143\n|switch|p2b: Urshifu|Urshifu-Rapid-Strike, L50, M|100\/100\n|turn|3\n|\n|t:|1700873178\n|-terastallize|p1b: Heatran|Grass\n|move|p1a: Chien-Pao|Sucker Punch|p2b: Urshifu\n|-resisted|p2b: Urshifu\n|-damage|p2b: Urshifu|80\/100\n|move|p2b: Urshifu|Close Combat|p1b: Heatran\n|-damage|p1b: Heatran|20\/100\n|-unboost|p2b: Urshifu|def|1\n|-unboost|p2b: Urshifu|spd|1\n|-enditem|p1b: Heatran|Sitrus Berry|[eat]\n|-heal|p1b: Heatran|44\/100|[from] item: Sitrus Berry\n|move|p2a: Heatran|Flash Cannon|p1a: Chien-Pao\n|-supereffective|p1a: Chien-Pao\n|-damage|p1a: Chien-Pao|0 fnt\n|faint|p1a: Chien-Pao\n|move|p1b: Heatran|Earth Power|p2a: Heatran\n|-supereffective|p2a: Heatran\n|-damage|p2a: Heatran|0 fnt\n|faint|p2a: Heatran\n|\n|upkeep\n|\n|t:|1700873209\n|switch|p1a: Amoonguss|Amoonguss, L50, F, shiny|100\/100\n|switch|p2a: Rillaboom|Rillaboom, L50, M|52\/100\n|-fieldstart|move: Grassy Terrain|[from] ability: Grassy Surge|[of] p2a: Rillaboom\n|turn|4\n|\n|t:|1700873248\n|move|p1b: Heatran|Protect|p1b: Heatran\n|-singleturn|p1b: Heatran|Protect\n|move|p2a: Rillaboom|Fake Out|p1a: Amoonguss\n|-damage|p1a: Amoonguss|88\/100\n|move|p2b: Urshifu|Close Combat|p1b: Heatran\n|-damage|p1b: Heatran|0 fnt\n|-unboost|p2b: Urshifu|def|1\n|-unboost|p2b: Urshifu|spd|1\n|faint|p1b: Heatran\n|cant|p1a: Amoonguss|flinch\n|\n|-heal|p2b: Urshifu|86\/100|[from] Grassy Terrain\n|-heal|p2a: Rillaboom|58\/100|[from] Grassy Terrain\n|-heal|p1a: Amoonguss|94\/100|[from] Grassy Terrain\n|-sideend|p2: Eseqxiel|move: Tailwind\n|upkeep\n|\n|t:|1700873264\n|switch|p1b: Iron Hands|Iron Hands, L50, shiny|100\/100\n|-enditem|p1b: Iron Hands|Booster Energy\n|-activate|p1b: Iron Hands|ability: Quark Drive|[fromitem]\n|-start|p1b: Iron Hands|quarkdriveatk\n|turn|5\n|\n|t:|1700873315\n|-terastallize|p2b: Urshifu|Water\n|move|p1a: Amoonguss|Rage Powder|p1a: Amoonguss\n|-singleturn|p1a: Amoonguss|move: Rage Powder\n|move|p2b: Urshifu|Surging Strikes|p1a: Amoonguss\n|-resisted|p1a: Amoonguss\n|-crit|p1a: Amoonguss\n|-damage|p1a: Amoonguss|81\/100\n|-resisted|p1a: Amoonguss\n|-crit|p1a: Amoonguss\n|-damage|p1a: Amoonguss|67\/100\n|-resisted|p1a: Amoonguss\n|-crit|p1a: Amoonguss\n|-damage|p1a: Amoonguss|52\/100\n|-hitcount|p1a: Amoonguss|3\n|move|p2a: Rillaboom|U-turn|p1a: Amoonguss\n|-damage|p1a: Amoonguss|32\/100\n|move|p1b: Iron Hands|Ice Punch|p2a: Rillaboom\n|-supereffective|p2a: Rillaboom\n|-damage|p2a: Rillaboom|2\/100\n|\n|-heal|p2b: Urshifu|92\/100|[from] Grassy Terrain\n|-heal|p2a: Rillaboom|8\/100|[from] Grassy Terrain\n|-heal|p1a: Amoonguss|37\/100|[from] Grassy Terrain\n|upkeep\n|turn|6\n|\n|t:|1700873404\n|move|p1a: Amoonguss|Rage Powder|p1a: Amoonguss\n|-singleturn|p1a: Amoonguss|move: Rage Powder\n|move|p2b: Urshifu|Close Combat|p1a: Amoonguss\n|-resisted|p1a: Amoonguss\n|-damage|p1a: Amoonguss|12\/100\n|-unboost|p2b: Urshifu|def|1\n|-unboost|p2b: Urshifu|spd|1\n|-enditem|p1a: Amoonguss|Aguav Berry|[eat]\n|-heal|p1a: Amoonguss|45\/100|[from] item: Aguav Berry\n|move|p2a: Rillaboom|Wood Hammer|p1b: Iron Hands\n|-damage|p1b: Iron Hands|49\/100\n|-damage|p2a: Rillaboom|0 fnt|[from] Recoil\n|faint|p2a: Rillaboom\n|move|p1b: Iron Hands|Ice Punch|p2b: Urshifu\n|-resisted|p2b: Urshifu\n|-damage|p2b: Urshifu|55\/100\n|\n|-heal|p2b: Urshifu|61\/100|[from] Grassy Terrain\n|-heal|p1b: Iron Hands|55\/100|[from] Grassy Terrain\n|-heal|p1a: Amoonguss|51\/100|[from] Grassy Terrain\n|upkeep\n|turn|7\n|\n|t:|1700873425\n|move|p1a: Amoonguss|Rage Powder|p1a: Amoonguss\n|-singleturn|p1a: Amoonguss|move: Rage Powder\n|move|p2b: Urshifu|Surging Strikes|p1a: Amoonguss\n|-resisted|p1a: Amoonguss\n|-crit|p1a: Amoonguss\n|-damage|p1a: Amoonguss|36\/100\n|-resisted|p1a: Amoonguss\n|-crit|p1a: Amoonguss\n|-damage|p1a: Amoonguss|22\/100\n|-resisted|p1a: Amoonguss\n|-crit|p1a: Amoonguss\n|-damage|p1a: Amoonguss|7\/100\n|-hitcount|p1a: Amoonguss|3\n|move|p1b: Iron Hands|Wild Charge|p2b: Urshifu\n|-supereffective|p2b: Urshifu\n|-damage|p2b: Urshifu|0 fnt\n|faint|p2b: Urshifu\n|-damage|p1b: Iron Hands|42\/100|[from] Recoil\n|\n|win|Eleisson4\n|c|\u2606Eleisson4|gg\n|c|\u2606Eseqxiel|gg\n|l|\u2606Eseqxiel\n","uploadtime":1700874173,"views":1,"p1id":"eleisson4","p2id":"eseqxiel","formatid":"gen9vgc2023regulatione","rating":0,"private":0,"password":""}