{"id":"gen9vgc2023regulatione-1992137575","p1":"CHANGANG","p2":"Jonasher","format":"[Gen 9] VGC 2023 Regulation E","log":"|j|\u2606CHANGANG\n|j|\u2606Jonasher\n|t:|1700158152\n|gametype|doubles\n|player|p1|CHANGANG|clay|1120\n|player|p2|Jonasher|101|1078\n|teamsize|p1|6\n|teamsize|p2|6\n|gen|9\n|tier|[Gen 9] VGC 2023 Regulation E\n|rated|\n|rule|Species Clause: Limit one of each Pok\u00e9mon\n|rule|Item Clause: Limit one of each item\n|clearpoke\n|poke|p1|Kingambit, L50, F|\n|poke|p1|Iron Hands, L50|\n|poke|p1|Orthworm, L50, M|\n|poke|p1|Flutter Mane, L50|\n|poke|p1|Landorus-Therian, L50, M|\n|poke|p1|Gyarados, L50, F|\n|poke|p2|Arcanine, L50, F|\n|poke|p2|Roaring Moon, L50|\n|poke|p2|Ogerpon-Wellspring, L50, F|\n|poke|p2|Rillaboom, L50, F|\n|poke|p2|Amoonguss, L50, F|\n|poke|p2|Flutter Mane, L50|\n|teampreview|4\n|\n|t:|1700158221\n|start\n|switch|p1a: HomeLandor|Landorus-Therian, L50, M|100\/100\n|switch|p1b: Iron Xans|Iron Hands, L50|100\/100\n|switch|p2a: Flutter Mane|Flutter Mane, L50|100\/100\n|switch|p2b: Amoonguss|Amoonguss, L50, F|100\/100\n|-ability|p1a: HomeLandor|Intimidate|boost\n|-unboost|p2a: Flutter Mane|atk|1\n|-unboost|p2b: Amoonguss|atk|1\n|turn|1\n|\n|t:|1700158275\n|-end|p2a: Flutter Mane|Protosynthesis|[silent]\n|switch|p2a: Arcanine|Arcanine, L50, F|100\/100\n|-ability|p2a: Arcanine|Intimidate|boost\n|-unboost|p1a: HomeLandor|atk|1\n|-unboost|p1b: Iron Xans|atk|1\n|move|p1b: Iron Xans|Fake Out|p2b: Amoonguss\n|-damage|p2b: Amoonguss|90\/100\n|-damage|p1b: Iron Xans|84\/100|[from] item: Rocky Helmet|[of] p2b: Amoonguss\n|move|p1a: HomeLandor|Stomping Tantrum|p2a: Arcanine\n|-supereffective|p2a: Arcanine\n|-damage|p2a: Arcanine|23\/100\n|cant|p2b: Amoonguss|flinch\n|\n|upkeep\n|turn|2\n|\n|t:|1700158295\n|-end|p1b: Iron Xans|Quark Drive|[silent]\n|switch|p1b: Maelstrom|Gyarados, L50, F|100\/100\n|-ability|p1b: Maelstrom|Intimidate|boost\n|-unboost|p2a: Arcanine|atk|1\n|-unboost|p2b: Amoonguss|atk|1\n|move|p2a: Arcanine|Protect|p2a: Arcanine\n|-singleturn|p2a: Arcanine|Protect\n|move|p1a: HomeLandor|Stomping Tantrum|p2a: Arcanine\n|-activate|p2a: Arcanine|move: Protect\n|move|p2b: Amoonguss|Spore|p1a: HomeLandor\n|-status|p1a: HomeLandor|slp|[from] move: Spore\n|\n|upkeep\n|turn|3\n|\n|t:|1700158354\n|move|p1b: Maelstrom|Protect|p1b: Maelstrom\n|-singleturn|p1b: Maelstrom|Protect\n|cant|p1a: HomeLandor|slp\n|move|p2a: Arcanine|Flare Blitz|p1a: HomeLandor\n|-damage|p1a: HomeLandor|43\/100 slp\n|-damage|p2a: Arcanine|4\/100|[from] Recoil\n|-damage|p2a: Arcanine|0 fnt|[from] item: Life Orb\n|faint|p2a: Arcanine\n|move|p2b: Amoonguss|Spore|p1b: Maelstrom\n|-activate|p1b: Maelstrom|move: Protect\n|\n|upkeep\n|\n|t:|1700158369\n|switch|p2a: Roaring Moon|Roaring Moon, L50|100\/100\n|-enditem|p2a: Roaring Moon|Booster Energy\n|-activate|p2a: Roaring Moon|ability: Protosynthesis|[fromitem]\n|-start|p2a: Roaring Moon|protosynthesisspe\n|turn|4\n|\n|t:|1700158396\n|switch|p1a: Iron Xans|Iron Hands, L50|84\/100\n|-terastallize|p1b: Maelstrom|Grass\n|move|p2a: Roaring Moon|Tailwind|p2a: Roaring Moon\n|-sidestart|p2: Jonasher|move: Tailwind\n|move|p1b: Maelstrom|Stone Edge|p2a: Roaring Moon\n|-crit|p2a: Roaring Moon\n|-damage|p2a: Roaring Moon|49\/100\n|move|p2b: Amoonguss|Spore|p1b: Maelstrom\n|-immune|p1b: Maelstrom\n|\n|upkeep\n|turn|5\n|\n|t:|1700158460\n|-end|p1a: Iron Xans|Quark Drive|[silent]\n|switch|p1a: HomeLandor|Landorus-Therian, L50, M|43\/100 slp\n|-ability|p1a: HomeLandor|Intimidate|boost\n|-unboost|p2a: Roaring Moon|atk|1\n|-unboost|p2b: Amoonguss|atk|1\n|move|p2a: Roaring Moon|Protect|p2a: Roaring Moon\n|-singleturn|p2a: Roaring Moon|Protect\n|move|p1b: Maelstrom|Protect|p1b: Maelstrom\n|-singleturn|p1b: Maelstrom|Protect\n|move|p2b: Amoonguss|Spore|p1a: HomeLandor\n|-fail|p1a: HomeLandor|slp\n|\n|upkeep\n|turn|6\n|\n|t:|1700158486\n|-terastallize|p2a: Roaring Moon|Flying\n|move|p2a: Roaring Moon|Acrobatics|p1b: Maelstrom\n|-supereffective|p1b: Maelstrom\n|-damage|p1b: Maelstrom|25\/100\n|-enditem|p1b: Maelstrom|Weakness Policy\n|-boost|p1b: Maelstrom|atk|2|[from] item: Weakness Policy\n|-boost|p1b: Maelstrom|spa|2|[from] item: Weakness Policy\n|cant|p1a: HomeLandor|slp\n|move|p1b: Maelstrom|Dragon Dance|p1b: Maelstrom\n|-boost|p1b: Maelstrom|atk|1\n|-boost|p1b: Maelstrom|spe|1\n|move|p2b: Amoonguss|Pollen Puff|p2a: Roaring Moon\n|-heal|p2a: Roaring Moon|98\/100\n|\n|upkeep\n|turn|7\n|\n|t:|1700158525\n|-end|p2a: Roaring Moon|Protosynthesis|[silent]\n|switch|p2a: Flutter Mane|Flutter Mane, L50|100\/100\n|move|p1b: Maelstrom|Protect|p1b: Maelstrom\n|-singleturn|p1b: Maelstrom|Protect\n|cant|p1a: HomeLandor|slp\n|move|p2b: Amoonguss|Spore|p1a: HomeLandor\n|-fail|p1a: HomeLandor|slp\n|\n|-sideend|p2: Jonasher|move: Tailwind\n|upkeep\n|turn|8\n|\n|t:|1700158547\n|move|p2b: Amoonguss|Rage Powder|p2b: Amoonguss\n|-singleturn|p2b: Amoonguss|move: Rage Powder\n|-curestatus|p1a: HomeLandor|slp|[msg]\n|move|p1a: HomeLandor|Stomping Tantrum|p2b: Amoonguss\n|-damage|p2b: Amoonguss|13\/100\n|-damage|p1a: HomeLandor|26\/100|[from] item: Rocky Helmet|[of] p2b: Amoonguss\n|move|p1b: Maelstrom|Waterfall|p2a: Flutter Mane\n|-damage|p2a: Flutter Mane|0 fnt\n|faint|p2a: Flutter Mane\n|-end|p2a: Flutter Mane|Protosynthesis|[silent]\n|\n|upkeep\n|\n|t:|1700158558\n|switch|p2a: Roaring Moon|Roaring Moon, L50, tera:Flying|98\/100\n|turn|9\n|\n|t:|1700158575\n|move|p1b: Maelstrom|Waterfall|p2a: Roaring Moon\n|-damage|p2a: Roaring Moon|0 fnt\n|faint|p2a: Roaring Moon\n|-end|p2a: Roaring Moon|Protosynthesis|[silent]\n|move|p1a: HomeLandor|Stomping Tantrum|p2b: Amoonguss\n|-damage|p2b: Amoonguss|0 fnt\n|-damage|p1a: HomeLandor|10\/100|[from] item: Rocky Helmet|[of] p2b: Amoonguss\n|faint|p2b: Amoonguss\n|\n|win|CHANGANG\n|raw|CHANGANG's rating: 1120 &rarr; <strong>1142<\/strong><br \/>(+22 for winning)\n|raw|Jonasher's rating: 1078 &rarr; <strong>1059<\/strong><br \/>(-19 for losing)\n|l|\u2606Jonasher\n","uploadtime":1700158588,"views":11,"p1id":"changang","p2id":"jonasher","formatid":"gen9vgc2023regulatione","rating":1059,"private":0,"password":""}