{"id":"gen9vgc2023regulatione-1991341384","p1":"TheEeveeAnimations","p2":"babiwi bewey\u2714\ufe0f","format":"[Gen 9] VGC 2023 Regulation E","log":"|j|\u2606TheEeveeAnimations\n|j|\u2606babiwi bewey\u2714\ufe0f\n|n|\u2606TheEeveeAnimations|theeeveeanimations\n|n|\u2606babiwi bewey\u2714\ufe0f|babiwibewey\n|html|View the match progress at <a href=\"\/game-bestof3-gen9vgc2023regulatione-1991338285\">game-bestof3-gen9vgc2023regulatione-1991338285<\/a>\n|t:|1700069092\n|gametype|doubles\n|player|p1|TheEeveeAnimations|dahlia|\n|player|p2|babiwi bewey\u2714\ufe0f|valerie|\n|teamsize|p1|6\n|teamsize|p2|6\n|gen|9\n|tier|[Gen 9] VGC 2023 Regulation E\n|rated|Tournament battle\n|rule|Species Clause: Limit one of each Pok\u00e9mon\n|rule|Item Clause: Limit one of each item\n|clearpoke\n|poke|p1|Annihilape, L50, F|\n|poke|p1|Maushold, L50|\n|poke|p1|Iron Bundle, L50|\n|poke|p1|Corviknight, L50, M|\n|poke|p1|Landorus-Therian, L50, M|\n|poke|p1|Ogerpon-Wellspring, L50, F|\n|poke|p2|Dondozo, L50, F|\n|poke|p2|Tatsugiri, L50, F|\n|poke|p2|Ninetales-Alola, L50, F|\n|poke|p2|Heatran, L50, F|\n|poke|p2|Iron Hands, L50|\n|poke|p2|Glimmora, L50, M|\n|teampreview|4\n|showteam|p1|Annihilape||Leftovers|Defiant|RageFist,BulkUp,DrainPunch,Protect|||F|||50|,,,,,Fire]Maushold||SafetyGoggles|FriendGuard|FollowMe,BeatUp,Protect,SuperFang||||||50|,,,,,Poison]Iron Bundle||BoosterEnergy|QuarkDrive|FreezeDry,HydroPump,IcyWind,Protect||||||50|,,,,,Grass]Corviknight||RockyHelmet|MirrorArmor|Tailwind,BraveBird,Roost,IronHead|||M|||50|,,,,,Dragon]Landorus-Therian||ClearAmulet|Intimidate|Protect,StompingTantrum,Uturn,RockSlide|||M|||50|,,,,,Water]Ogerpon-Wellspring||WellspringMask|WaterAbsorb|IvyCudgel,FollowMe,HornLeech,SpikyShield|||F|||50|,,,,,Water\n|showteam|p2|Dondozo||Leftovers|Unaware|Protect,WaveCrash,Substitute,OrderUp|||F|||50|,,,,,Dragon]Tatsugiri||AbilityShield|Commander|Protect,Taunt,DracoMeteor,MuddyWater|||F|||50|,,,,,Steel]Ninetales-Alola||LightClay|SnowWarning|Blizzard,Protect,AuroraVeil,Moonblast|||F|||50|,,,,,Ghost]Heatran||ShucaBerry|FlashFire|Protect,MagmaStorm,HeatWave,EarthPower|||F|||50|,,,,,Fairy]Iron Hands||AssaultVest|QuarkDrive|WildCharge,VoltSwitch,DrainPunch,FakeOut||||||50|,,,,,Grass]Glimmora||FocusSash|ToxicDebris|SpikyShield,PowerGem,EarthPower,MortalSpin|||M|||50|,,,,,Grass\n|j| ale cog\n|\n|t:|1700069122\n|start\n|switch|p1a: Landorus|Landorus-Therian, L50, M|100\/100\n|switch|p1b: Corviknight|Corviknight, L50, M|100\/100\n|switch|p2a: Ninetales|Ninetales-Alola, L50, F|100\/100\n|switch|p2b: Glimmora|Glimmora, L50, M|100\/100\n|-weather|Snow|[from] ability: Snow Warning|[of] p2a: Ninetales\n|-ability|p1a: Landorus|Intimidate|boost\n|-unboost|p2a: Ninetales|atk|1\n|-unboost|p2b: Glimmora|atk|1\n|turn|1\n|\n|t:|1700069138\n|move|p1a: Landorus|Protect|p1a: Landorus\n|-singleturn|p1a: Landorus|Protect\n|move|p2b: Glimmora|Spiky Shield|p2b: Glimmora\n|-singleturn|p2b: Glimmora|move: Protect\n|move|p2a: Ninetales|Aurora Veil|p2a: Ninetales\n|-sidestart|p2: babiwi bewey\u2714\ufe0f|move: Aurora Veil\n|move|p1b: Corviknight|Tailwind|p1b: Corviknight\n|-sidestart|p1: TheEeveeAnimations|move: Tailwind\n|\n|-weather|Snow|[upkeep]\n|upkeep\n|turn|2\n|\n|t:|1700069154\n|move|p1a: Landorus|U-turn|p2a: Ninetales\n|-resisted|p2a: Ninetales\n|-damage|p2a: Ninetales|93\/100\n|\n|t:|1700069156\n|switch|p1a: Maushold|Maushold, L50|100\/100|[from] U-turn\n|move|p1b: Corviknight|Iron Head|p2a: Ninetales\n|-supereffective|p2a: Ninetales\n|-damage|p2a: Ninetales|26\/100\n|move|p2a: Ninetales|Blizzard|p1a: Maushold|[spread] p1a,p1b\n|-damage|p1a: Maushold|81\/100\n|-damage|p1b: Corviknight|80\/100\n|-status|p1b: Corviknight|frz\n|move|p2b: Glimmora|Mortal Spin|p1a: Maushold|[spread] p1a\n|-immune|p1b: Corviknight\n|-damage|p1a: Maushold|77\/100\n|-status|p1a: Maushold|psn\n|\n|-weather|Snow|[upkeep]\n|-damage|p1a: Maushold|65\/100 psn|[from] psn\n|upkeep\n|turn|3\n|\n|t:|1700069179\n|switch|p1b: Annihilape|Annihilape, L50, F|100\/100\n|move|p1a: Maushold|Beat Up|p1b: Annihilape\n|-damage|p1b: Annihilape|99\/100\n|-damage|p1b: Annihilape|97\/100\n|-damage|p1b: Annihilape|94\/100\n|-hitcount|p1b: Annihilape|3\n|move|p2a: Ninetales|Blizzard|p1b: Annihilape|[spread] p1a,p1b\n|-damage|p1a: Maushold|43\/100 psn\n|-damage|p1b: Annihilape|78\/100\n|move|p2b: Glimmora|Power Gem|p1b: Annihilape\n|-resisted|p1b: Annihilape\n|-damage|p1b: Annihilape|64\/100\n|\n|-weather|Snow|[upkeep]\n|-heal|p1b: Annihilape|71\/100|[from] item: Leftovers\n|-damage|p1a: Maushold|31\/100 psn|[from] psn\n|upkeep\n|turn|4\n|\n|t:|1700069209\n|move|p1b: Annihilape|Protect|p1b: Annihilape\n|-singleturn|p1b: Annihilape|Protect\n|move|p1a: Maushold|Super Fang|p2b: Glimmora|[miss]\n|-miss|p1a: Maushold|p2b: Glimmora\n|move|p2a: Ninetales|Blizzard|p1b: Annihilape|[spread] p1a\n|-activate|p1b: Annihilape|move: Protect\n|-damage|p1a: Maushold|10\/100 psn\n|move|p2b: Glimmora|Mortal Spin|p1b: Annihilape|[spread] p1a\n|-activate|p1b: Annihilape|move: Protect\n|-damage|p1a: Maushold|7\/100 psn\n|\n|-weather|Snow|[upkeep]\n|-heal|p1b: Annihilape|77\/100|[from] item: Leftovers\n|-damage|p1a: Maushold|0 fnt|[from] psn\n|faint|p1a: Maushold\n|-sideend|p1: TheEeveeAnimations|move: Tailwind\n|upkeep\n|c|\u2606TheEeveeAnimations|Losing my mind.\n|\n|t:|1700069223\n|switch|p1a: Landorus|Landorus-Therian, L50, M|100\/100\n|-ability|p1a: Landorus|Intimidate|boost\n|-unboost|p2a: Ninetales|atk|1\n|-unboost|p2b: Glimmora|atk|1\n|turn|5\n|c|\u2606babiwi bewey\u2714\ufe0f|yea sorry for all the rng\n|\n|t:|1700069232\n|move|p2a: Ninetales|Blizzard|p1b: Annihilape|[spread] p1a,p1b\n|-supereffective|p1a: Landorus\n|-damage|p1a: Landorus|0 fnt\n|-damage|p1b: Annihilape|55\/100\n|-status|p1b: Annihilape|frz\n|faint|p1a: Landorus\n|move|p2b: Glimmora|Mortal Spin|p1b: Annihilape\n|-resisted|p1b: Annihilape\n|-damage|p1b: Annihilape|54\/100 frz\n|cant|p1b: Annihilape|frz\n|\n|-weather|none\n|-heal|p1b: Annihilape|60\/100 frz|[from] item: Leftovers\n|upkeep\n|c|\u2606TheEeveeAnimations|Nah idc about the the freeze\n|c|\u2606TheEeveeAnimations|er\n|c|\u2606TheEeveeAnimations|thats what i was gonna say\n|\n|t:|1700069245\n|switch|p1a: Corviknight|Corviknight, L50, M|80\/100 frz\n|turn|6\n|\n|t:|1700069252\n|move|p2a: Ninetales|Moonblast|p1b: Annihilape\n|-supereffective|p1b: Annihilape\n|-damage|p1b: Annihilape|10\/100 frz\n|move|p2b: Glimmora|Earth Power|p1b: Annihilape\n|-damage|p1b: Annihilape|0 fnt\n|faint|p1b: Annihilape\n|cant|p1a: Corviknight|frz\n|\n|upkeep\n|turn|7\n|-message|TheEeveeAnimations forfeited.\n|\n|win|babiwi bewey\u2714\ufe0f\n","uploadtime":1700069263,"views":8,"p1id":"theeeveeanimations","p2id":"babiwibewey","formatid":"gen9vgc2023regulatione","rating":0,"private":0,"password":""}