{"id":"gen9vgc2023regulatione-1998066418","p1":"eneix907je","p2":"Akaiar","format":"[Gen 9] VGC 2023 Regulation E","log":"|j|\u2606eneix907je\n|j|\u2606Akaiar\n|t:|1700886066\n|gametype|doubles\n|player|p1|eneix907je|101|1019\n|player|p2|Akaiar|cynthia|1145\n|teamsize|p1|6\n|teamsize|p2|6\n|gen|9\n|tier|[Gen 9] VGC 2023 Regulation E\n|rated|\n|rule|Species Clause: Limit one of each Pok\u00e9mon\n|rule|Item Clause: Limit one of each item\n|clearpoke\n|poke|p1|Baxcalibur, L50, M|\n|poke|p1|Abomasnow, L50, F|\n|poke|p1|Gyarados, L50, M|\n|poke|p1|Tornadus, L50, M|\n|poke|p1|Weezing-Galar, L50, M|\n|poke|p1|Gholdengo, L50|\n|poke|p2|Garchomp, L50, F|\n|poke|p2|Bronzong, L50|\n|poke|p2|Orthworm, L50, M|\n|poke|p2|Corviknight, L50, M|\n|poke|p2|Iron Bundle, L50|\n|poke|p2|Rotom-Wash, L50|\n|teampreview|4\n|\n|t:|1700886129\n|start\n|switch|p1a: Baxcalibur|Baxcalibur, L50, M|100\/100\n|switch|p1b: Abomasnow|Abomasnow, L50, F|100\/100\n|switch|p2a: Garchomp|Garchomp, L50, F|100\/100\n|switch|p2b: Orthworm|Orthworm, L50, M|100\/100\n|-weather|Snow|[from] ability: Snow Warning|[of] p1b: Abomasnow\n|turn|1\n|\n|t:|1700886147\n|-terastallize|p1a: Baxcalibur|Fairy\n|move|p2a: Garchomp|Earthquake|p1b: Abomasnow|[spread] p1a,p1b\n|-immune|p2b: Orthworm|[from] ability: Earth Eater\n|-resisted|p1b: Abomasnow\n|-damage|p1a: Baxcalibur|65\/100\n|-damage|p1b: Abomasnow|85\/100\n|move|p1a: Baxcalibur|Swords Dance|p1a: Baxcalibur\n|-boost|p1a: Baxcalibur|atk|2\n|move|p2b: Orthworm|Iron Defense|p2b: Orthworm\n|-boost|p2b: Orthworm|def|2\n|move|p1b: Abomasnow|Blizzard|p2b: Orthworm|[spread] p2a,p2b\n|-supereffective|p2a: Garchomp\n|-resisted|p2b: Orthworm\n|-damage|p2a: Garchomp|0 fnt\n|-damage|p2b: Orthworm|76\/100\n|faint|p2a: Garchomp\n|\n|-weather|Snow|[upkeep]\n|-heal|p1a: Baxcalibur|71\/100|[from] ability: Ice Body\n|-heal|p2b: Orthworm|82\/100|[from] item: Leftovers\n|upkeep\n|\n|t:|1700886177\n|switch|p2a: Iron Bundle|Iron Bundle, L50|100\/100\n|-enditem|p2a: Iron Bundle|Booster Energy\n|-activate|p2a: Iron Bundle|ability: Quark Drive|[fromitem]\n|-start|p2a: Iron Bundle|quarkdrivespe\n|turn|2\n|\n|t:|1700886193\n|move|p2a: Iron Bundle|Encore|p1a: Baxcalibur\n|-start|p1a: Baxcalibur|Encore\n|move|p1a: Baxcalibur|Swords Dance|p1a: Baxcalibur\n|-boost|p1a: Baxcalibur|atk|2\n|move|p2b: Orthworm|Body Press|p1b: Abomasnow\n|-supereffective|p1b: Abomasnow\n|-damage|p1b: Abomasnow|5\/100\n|move|p1b: Abomasnow|Blizzard|p2b: Orthworm|[spread] p2a,p2b\n|-resisted|p2a: Iron Bundle\n|-resisted|p2b: Orthworm\n|-damage|p2a: Iron Bundle|78\/100\n|-damage|p2b: Orthworm|53\/100\n|-status|p2b: Orthworm|frz\n|\n|-weather|Snow|[upkeep]\n|-heal|p1a: Baxcalibur|77\/100|[from] ability: Ice Body\n|-heal|p2b: Orthworm|59\/100 frz|[from] item: Leftovers\n|upkeep\n|turn|3\n|\n|t:|1700886221\n|move|p2a: Iron Bundle|Freeze-Dry|p1b: Abomasnow\n|-damage|p1b: Abomasnow|0 fnt\n|faint|p1b: Abomasnow\n|move|p1a: Baxcalibur|Swords Dance|p1a: Baxcalibur\n|-boost|p1a: Baxcalibur|atk|2\n|cant|p2b: Orthworm|frz\n|\n|-weather|Snow|[upkeep]\n|-heal|p1a: Baxcalibur|83\/100|[from] ability: Ice Body\n|-heal|p2b: Orthworm|64\/100 frz|[from] item: Leftovers\n|upkeep\n|\n|t:|1700886241\n|switch|p1b: Gyarados|Gyarados, L50, M|100\/100\n|-ability|p1b: Gyarados|Intimidate|boost\n|-unboost|p2a: Iron Bundle|atk|1\n|-unboost|p2b: Orthworm|atk|1\n|turn|4\n|\n|t:|1700886254\n|move|p2a: Iron Bundle|Freeze-Dry|p1b: Gyarados\n|-supereffective|p1b: Gyarados\n|-damage|p1b: Gyarados|0 fnt\n|faint|p1b: Gyarados\n|move|p1a: Baxcalibur|Swords Dance|p1a: Baxcalibur\n|-boost|p1a: Baxcalibur|atk|0\n|cant|p2b: Orthworm|frz\n|\n|-weather|Snow|[upkeep]\n|-heal|p1a: Baxcalibur|88\/100|[from] ability: Ice Body\n|-heal|p2b: Orthworm|70\/100 frz|[from] item: Leftovers\n|-end|p1a: Baxcalibur|Encore\n|upkeep\n|\n|t:|1700886266\n|switch|p1b: Gholdengo|Gholdengo, L50|100\/100\n|turn|5\n|\n|t:|1700886278\n|move|p2a: Iron Bundle|Encore|p1a: Baxcalibur\n|-start|p1a: Baxcalibur|Encore\n|move|p1b: Gholdengo|Make It Rain|p2b: Orthworm|[spread] p2a,p2b\n|-resisted|p2b: Orthworm\n|-damage|p2a: Iron Bundle|0 fnt\n|-damage|p2b: Orthworm|40\/100 frz\n|-unboost|p1b: Gholdengo|spa|1\n|faint|p2a: Iron Bundle\n|-end|p2a: Iron Bundle|Quark Drive|[silent]\n|move|p1a: Baxcalibur|Swords Dance|p1a: Baxcalibur\n|-boost|p1a: Baxcalibur|atk|0\n|cant|p2b: Orthworm|frz\n|\n|-weather|none\n|-heal|p2b: Orthworm|46\/100 frz|[from] item: Leftovers\n|upkeep\n|\n|t:|1700886292\n|switch|p2a: Rotom|Rotom-Wash, L50|100\/100\n|turn|6\n|\n|t:|1700886317\n|-curestatus|p2b: Orthworm|frz|[msg]\n|move|p2b: Orthworm|Protect|p2b: Orthworm\n|-singleturn|p2b: Orthworm|Protect\n|move|p2a: Rotom|Trick|p1a: Baxcalibur\n|-activate|p2a: Rotom|move: Trick|[of] p1a: Baxcalibur\n|-item|p1a: Baxcalibur|Choice Scarf|[from] move: Trick\n|-item|p2a: Rotom|Loaded Dice|[from] move: Trick\n|move|p1a: Baxcalibur|Swords Dance|p1a: Baxcalibur\n|-boost|p1a: Baxcalibur|atk|0\n|move|p1b: Gholdengo|Nasty Plot|p1b: Gholdengo\n|-boost|p1b: Gholdengo|spa|2\n|\n|-heal|p2b: Orthworm|52\/100|[from] item: Leftovers\n|upkeep\n|turn|7\n|\n|t:|1700886356\n|-terastallize|p2a: Rotom|Electric\n|move|p1a: Baxcalibur|Swords Dance|p1a: Baxcalibur\n|-boost|p1a: Baxcalibur|atk|0\n|move|p2a: Rotom|Volt Switch|p1b: Gholdengo\n|-damage|p1b: Gholdengo|52\/100\n|move|p1b: Gholdengo|Make It Rain|p2b: Orthworm|[spread] p2a,p2b\n|-resisted|p2a: Rotom\n|-resisted|p2b: Orthworm\n|-damage|p2a: Rotom|52\/100\n|-damage|p2b: Orthworm|11\/100\n|-unboost|p1b: Gholdengo|spa|1\n|move|p2b: Orthworm|Heavy Slam|p1b: Gholdengo\n|-resisted|p1b: Gholdengo\n|-damage|p1b: Gholdengo|39\/100\n|-enditem|p1b: Gholdengo|Sitrus Berry|[eat]\n|-heal|p1b: Gholdengo|64\/100|[from] item: Sitrus Berry\n|\n|-heal|p2b: Orthworm|16\/100|[from] item: Leftovers\n|-end|p1a: Baxcalibur|Encore\n|upkeep\n|turn|8\n|\n|t:|1700886380\n|move|p1a: Baxcalibur|Swords Dance|p1a: Baxcalibur\n|-boost|p1a: Baxcalibur|atk|0\n|move|p2a: Rotom|Volt Switch|p1b: Gholdengo\n|-damage|p1b: Gholdengo|11\/100\n|move|p1b: Gholdengo|Make It Rain|p2a: Rotom|[spread] p2a,p2b\n|-resisted|p2a: Rotom\n|-resisted|p2b: Orthworm\n|-damage|p2a: Rotom|19\/100\n|-damage|p2b: Orthworm|0 fnt\n|-unboost|p1b: Gholdengo|spa|1\n|faint|p2b: Orthworm\n|\n|upkeep\n|turn|9\n|\n|t:|1700886398\n|move|p1a: Baxcalibur|Swords Dance|p1a: Baxcalibur\n|-boost|p1a: Baxcalibur|atk|0\n|move|p2a: Rotom|Volt Switch|p1b: Gholdengo\n|-damage|p1b: Gholdengo|0 fnt\n|faint|p1b: Gholdengo\n|\n|upkeep\n|turn|10\n|\n|t:|1700886407\n|move|p1a: Baxcalibur|Swords Dance|p1a: Baxcalibur\n|-boost|p1a: Baxcalibur|atk|0\n|move|p2a: Rotom|Discharge|p1a: Baxcalibur\n|-damage|p1a: Baxcalibur|41\/100\n|\n|upkeep\n|turn|11\n|-message|eneix907je forfeited.\n|\n|win|Akaiar\n|raw|eneix907je's rating: 1019 &rarr; <strong>1011<\/strong><br \/>(-8 for losing)\n|raw|Akaiar's rating: 1145 &rarr; <strong>1161<\/strong><br \/>(+16 for winning)\n|l|\u2606eneix907je\n","uploadtime":1700888608,"views":8,"p1id":"eneix907je","p2id":"akaiar","formatid":"gen9vgc2023regulatione","rating":1011,"private":0,"password":""}