{"id":"gen9vgc2023regulatione-1995120645","p1":"HiroBready","p2":"diamondmon551","format":"[Gen 9] VGC 2023 Regulation E","log":"|j|\u2606HiroBready\n|j|\u2606diamondmon551\n|t:|1700524831\n|gametype|doubles\n|player|p1|HiroBready|lucas-gen4pt|1654\n|player|p2|diamondmon551|penny|1670\n|teamsize|p1|6\n|teamsize|p2|6\n|gen|9\n|tier|[Gen 9] VGC 2023 Regulation E\n|rated|\n|rule|Species Clause: Limit one of each Pok\u00e9mon\n|rule|Item Clause: Limit one of each item\n|clearpoke\n|poke|p1|Mamoswine, L50, M|\n|poke|p1|Thundurus, L50, M|\n|poke|p1|Landorus-Therian, L50, M|\n|poke|p1|Heatran, L50, F|\n|poke|p1|Ogerpon-Wellspring, L50, F|\n|poke|p1|Roaring Moon, L50|\n|poke|p2|Ogerpon-Hearthflame, L50, F|\n|poke|p2|Landorus-Therian, L50, M|\n|poke|p2|Iron Hands, L50|\n|poke|p2|Flutter Mane, L50|\n|poke|p2|Roaring Moon, L50|\n|poke|p2|Gholdengo, L50|\n|teampreview|4\n|inactive|Battle timer is ON: inactive players will automatically lose when time's up. (requested by HiroBready)\ndiamondmon551 has agreed to open team sheets.\n|inactive|HiroBready has 60 seconds left.\n|inactive|diamondmon551 has 60 seconds left.\n|inactive|diamondmon551 has 30 seconds left.\n|inactive|diamondmon551 has 20 seconds left.\n|\n|t:|1700524902\n|start\n|switch|p1a: Manfred|Mamoswine, L50, M|100\/100\n|switch|p1b: Raiju|Thundurus, L50, M|100\/100\n|switch|p2a: Roaring Moon|Roaring Moon, L50|100\/100\n|switch|p2b: Flutter Mane|Flutter Mane, L50|100\/100\n|-enditem|p2a: Roaring Moon|Booster Energy\n|-activate|p2a: Roaring Moon|ability: Protosynthesis|[fromitem]\n|-start|p2a: Roaring Moon|protosynthesisspe\n|turn|1\n|inactive|diamondmon551 has 30 seconds left.\n|\n|t:|1700524934\n|-terastallize|p1a: Manfred|Fire\n|move|p1b: Raiju|Swagger|p2b: Flutter Mane|[miss]\n|-miss|p1b: Raiju|p2b: Flutter Mane\n|move|p2a: Roaring Moon|Tailwind|p2a: Roaring Moon\n|-sidestart|p2: diamondmon551|move: Tailwind\n|move|p2b: Flutter Mane|Moonblast|p1a: Manfred\n|-resisted|p1a: Manfred\n|-damage|p1a: Manfred|50\/100\n|move|p1a: Manfred|Earthquake|p2b: Flutter Mane|[spread] p2a,p2b\n|-immune|p1b: Raiju\n|-damage|p2a: Roaring Moon|47\/100\n|-damage|p2b: Flutter Mane|17\/100\n|\n|upkeep\n|turn|2\n|inactive|diamondmon551 has 30 seconds left.\n|\n|t:|1700524964\n|move|p1b: Raiju|Eerie Impulse|p2b: Flutter Mane\n|-unboost|p2b: Flutter Mane|spa|2\n|move|p1a: Manfred|Ice Shard|p2a: Roaring Moon\n|-supereffective|p2a: Roaring Moon\n|-damage|p2a: Roaring Moon|0 fnt\n|faint|p2a: Roaring Moon\n|-end|p2a: Roaring Moon|Protosynthesis|[silent]\n|move|p2b: Flutter Mane|Moonblast|p1b: Raiju\n|-damage|p1b: Raiju|56\/100\n|\n|upkeep\n|\n|t:|1700524981\n|switch|p2a: Gholdengo|Gholdengo, L50|100\/100\n|turn|3\n|inactive|diamondmon551 has 30 seconds left.\n|\n|t:|1700525006\n|-terastallize|p2a: Gholdengo|Water\n|move|p1b: Raiju|Thunder Wave|p2b: Flutter Mane\n|-status|p2b: Flutter Mane|par\n|move|p2a: Gholdengo|Shadow Ball|p1a: Manfred\n|-damage|p1a: Manfred|0 fnt\n|faint|p1a: Manfred\n|move|p2b: Flutter Mane|Moonblast|p1b: Raiju\n|-damage|p1b: Raiju|11\/100\n|\n|upkeep\n|\n|t:|1700525014\n|switch|p1a: Onia|Ogerpon-Wellspring, L50, F|100\/100\n|turn|4\n|inactive|diamondmon551 has 30 seconds left.\n|j| Hyperhit94\n|\n|t:|1700525047\n|switch|p2a: Iron Hands|Iron Hands, L50|100\/100\n|cant|p2b: Flutter Mane|par\n|move|p1a: Onia|Horn Leech|p2a: Iron Hands\n|-damage|p2a: Iron Hands|75\/100\n|move|p1b: Raiju|Wildbolt Storm|p2a: Iron Hands|[spread] p2a\n|-miss|p1b: Raiju|p2b: Flutter Mane\n|-resisted|p2a: Iron Hands\n|-damage|p2a: Iron Hands|58\/100\n|\n|-sideend|p2: diamondmon551|move: Tailwind\n|upkeep\n|turn|5\n|l| Hyperhit94\n|j| INDO BahimahiGOAT\n|inactive|diamondmon551 has 30 seconds left.\n|inactive|diamondmon551 has 20 seconds left.\n|inactive|diamondmon551 has 15 seconds left.\n|\n|t:|1700525092\n|switch|p1b: Lennon|Landorus-Therian, L50, M|100\/100\n|-ability|p1b: Lennon|Intimidate|boost\n|-unboost|p2a: Iron Hands|atk|1\n|-unboost|p2b: Flutter Mane|atk|1\n|move|p1a: Onia|Ivy Cudgel|p2a: Iron Hands|[anim] Ivy Cudgel Water\n|-damage|p2a: Iron Hands|22\/100\n|-enditem|p2a: Iron Hands|Sitrus Berry|[eat]\n|-heal|p2a: Iron Hands|47\/100|[from] item: Sitrus Berry\n|move|p2b: Flutter Mane|Moonblast|p1a: Onia\n|-damage|p1a: Onia|61\/100\n|move|p2a: Iron Hands|Drain Punch|p1b: Lennon\n|-resisted|p1b: Lennon\n|-damage|p1b: Lennon|85\/100\n|-heal|p2a: Iron Hands|52\/100|[from] drain|[of] p1b: Lennon\n|\n|upkeep\n|turn|6\n|\n|t:|1700525111\n|-end|p2b: Flutter Mane|Protosynthesis|[silent]\n|switch|p2b: Gholdengo|Gholdengo, L50, tera:Water|100\/100\n|move|p1b: Lennon|Stomping Tantrum|p2a: Iron Hands\n|-supereffective|p2a: Iron Hands\n|-damage|p2a: Iron Hands|0 fnt\n|faint|p2a: Iron Hands\n|-end|p2a: Iron Hands|Quark Drive|[silent]\n|move|p1a: Onia|Horn Leech|p2b: Gholdengo\n|-supereffective|p2b: Gholdengo\n|-damage|p2b: Gholdengo|12\/100\n|-heal|p1a: Onia|100\/100|[from] drain|[of] p2b: Gholdengo\n|\n|-heal|p2b: Gholdengo|18\/100|[from] item: Leftovers\n|upkeep\n|\n|t:|1700525117\n|switch|p2a: Flutter Mane|Flutter Mane, L50|17\/100 par\n|turn|7\n|\n|t:|1700525123\n|move|p1b: Lennon|Stomping Tantrum|p2b: Gholdengo\n|-damage|p2b: Gholdengo|0 fnt\n|faint|p2b: Gholdengo\n|move|p1a: Onia|Horn Leech|p2a: Flutter Mane\n|-damage|p2a: Flutter Mane|0 fnt\n|faint|p2a: Flutter Mane\n|-end|p2a: Flutter Mane|Protosynthesis|[silent]\n|\n|win|HiroBready\n|raw|HiroBready's rating: 1654 &rarr; <strong>1675<\/strong><br \/>(+21 for winning)\n|raw|diamondmon551's rating: 1670 &rarr; <strong>1649<\/strong><br \/>(-21 for losing)\n|c|\u2606diamondmon551|ggwp\n|c|\u2606HiroBready|gg\n|l|\u2606diamondmon551\n|l|\u2606HiroBready\n","uploadtime":1700525271,"views":3,"p1id":"hirobready","p2id":"diamondmon551","formatid":"gen9vgc2023regulatione","rating":1649,"private":0,"password":""}