{"id":"gen9vgc2023regulatione-1995813744","p1":"secretstudent","p2":"casper6_14","format":"[Gen 9] VGC 2023 Regulation E","log":"|j|\u2606secretstudent\n|j|\u2606casper6_14\n|t:|1700605694\n|gametype|doubles\n|player|p1|secretstudent|beauty|1241\n|player|p2|casper6_14|1|1245\n|teamsize|p1|6\n|teamsize|p2|6\n|gen|9\n|tier|[Gen 9] VGC 2023 Regulation E\n|rated|\n|rule|Species Clause: Limit one of each Pok\u00e9mon\n|rule|Item Clause: Limit one of each item\n|clearpoke\n|poke|p1|Chien-Pao, L50|\n|poke|p1|Amoonguss, L50, F|\n|poke|p1|Hatterene, L50, F|\n|poke|p1|Gyarados, L50, M|\n|poke|p1|Volcarona, L50, F|\n|poke|p1|Ogerpon, L50, F|\n|poke|p2|Annihilape, L50, M|\n|poke|p2|Regieleki, L50|\n|poke|p2|Oranguru, L50, F|\n|poke|p2|Torkoal, L50, F|\n|poke|p2|Ursaluna-Bloodmoon, L50, M|\n|poke|p2|Kingambit, L50, M|\n|teampreview|4\n|inactive|Battle timer is ON: inactive players will automatically lose when time's up. (requested by casper6_14)\ncasper6_14 rejected open team sheets.\n|\n|t:|1700605769\n|start\n|switch|p1a: Gyarados|Gyarados, L50, M|100\/100\n|switch|p1b: Volcarona|Volcarona, L50, F|100\/100\n|switch|p2a: Regieleki|Regieleki, L50|100\/100\n|switch|p2b: Oranguru|Oranguru, L50, F|100\/100\n|-ability|p1a: Gyarados|Intimidate|boost\n|-unboost|p2a: Regieleki|atk|1\n|-unboost|p2b: Oranguru|atk|1\n|turn|1\n|\n|t:|1700605786\n|-terastallize|p2a: Regieleki|Normal\n|-terastallize|p1a: Gyarados|Ground\n|move|p2a: Regieleki|Explosion|p1b: Volcarona|[spread] p1a,p1b\n|-activate|p2b: Oranguru|ability: Telepathy\n|-enditem|p2a: Regieleki|Normal Gem|[from] gem\n|-damage|p1a: Gyarados|13\/100\n|-damage|p1b: Volcarona|0 fnt\n|-enditem|p1a: Gyarados|Sitrus Berry|[eat]\n|-heal|p1a: Gyarados|37\/100|[from] item: Sitrus Berry\n|faint|p2a: Regieleki\n|faint|p1b: Volcarona\n|move|p1a: Gyarados|Taunt|p2b: Oranguru\n|-start|p2b: Oranguru|move: Taunt\n|-enditem|p2b: Oranguru|Mental Herb\n|-end|p2b: Oranguru|move: Taunt\n|move|p2b: Oranguru|Trick Room|p2b: Oranguru\n|-fieldstart|move: Trick Room|[of] p2b: Oranguru\n|\n|upkeep\n|\n|t:|1700605800\n|switch|p1b: Hatterene|Hatterene, L50, F|100\/100\n|switch|p2a: Torkoal|Torkoal, L50, F|100\/100\n|-weather|SunnyDay|[from] ability: Drought|[of] p2a: Torkoal\n|turn|2\n|\n|t:|1700605813\n|move|p1a: Gyarados|Protect|p1a: Gyarados\n|-singleturn|p1a: Gyarados|Protect\n|move|p2a: Torkoal|Eruption|p1a: Gyarados|[spread] p1b\n|-activate|p1a: Gyarados|move: Protect\n|-damage|p1b: Hatterene|14\/100\n|move|p1b: Hatterene|Psychic|p2a: Torkoal\n|-damage|p2a: Torkoal|40\/100\n|move|p2b: Oranguru|Instruct|p2a: Torkoal\n|-singleturn|p2a: Torkoal|move: Instruct|[of] p2b: Oranguru\n|move|p2a: Torkoal|Eruption|p1a: Gyarados|[spread] p1b\n|-activate|p1a: Gyarados|move: Protect\n|-damage|p1b: Hatterene|0 fnt\n|faint|p1b: Hatterene\n|\n|-weather|SunnyDay|[upkeep]\n|upkeep\n|\n|t:|1700605823\n|switch|p1b: Chien-Pao|Chien-Pao, L50|100\/100\n|-ability|p1b: Chien-Pao|Sword of Ruin\n|turn|3\n|inactive|secretstudent has 30 seconds left.\n|\n|t:|1700605849\n|move|p1b: Chien-Pao|Sucker Punch|p2a: Torkoal\n|-damage|p2a: Torkoal|0 fnt\n|faint|p2a: Torkoal\n|move|p2b: Oranguru|Instruct|p2: Torkoal|[notarget]\n|-fail|p2b: Oranguru\n|move|p1a: Gyarados|Waterfall|p2b: Oranguru\n|-damage|p2b: Oranguru|77\/100\n|\n|-weather|SunnyDay|[upkeep]\n|upkeep\n|\n|t:|1700605852\n|switch|p2a: Ursaluna|Ursaluna-Bloodmoon, L50, M|100\/100\n|turn|4\n|inactive|secretstudent has 30 seconds left.\n|\n|t:|1700605885\n|move|p1a: Gyarados|Protect|p1a: Gyarados\n|-singleturn|p1a: Gyarados|Protect\n|move|p1b: Chien-Pao|Protect|p1b: Chien-Pao\n|-singleturn|p1b: Chien-Pao|Protect\n|move|p2a: Ursaluna|Hyper Voice|p1a: Gyarados|[spread] \n|-activate|p1a: Gyarados|move: Protect\n|-activate|p1b: Chien-Pao|move: Protect\n|move|p2b: Oranguru|Instruct|p2a: Ursaluna\n|-singleturn|p2a: Ursaluna|move: Instruct|[of] p2b: Oranguru\n|move|p2a: Ursaluna|Hyper Voice|p1b: Chien-Pao|[spread] \n|-activate|p1a: Gyarados|move: Protect\n|-activate|p1b: Chien-Pao|move: Protect\n|\n|-weather|SunnyDay|[upkeep]\n|upkeep\n|turn|5\n|inactive|secretstudent has 30 seconds left.\n|\n|t:|1700605918\n|move|p1b: Chien-Pao|Sucker Punch|p2a: Ursaluna\n|-damage|p2a: Ursaluna|68\/100\n|move|p2a: Ursaluna|Hyper Voice|p1a: Gyarados|[spread] p1a,p1b\n|-damage|p1a: Gyarados|0 fnt\n|-damage|p1b: Chien-Pao|40\/100\n|faint|p1a: Gyarados\n|move|p2b: Oranguru|Instruct|p2a: Ursaluna\n|-singleturn|p2a: Ursaluna|move: Instruct|[of] p2b: Oranguru\n|move|p2a: Ursaluna|Hyper Voice|p1b: Chien-Pao\n|-crit|p1b: Chien-Pao\n|-damage|p1b: Chien-Pao|0 fnt\n|faint|p1b: Chien-Pao\n|\n|win|casper6_14\n|raw|secretstudent's rating: 1241 &rarr; <strong>1216<\/strong><br \/>(-25 for losing)\n|raw|casper6_14's rating: 1245 &rarr; <strong>1270<\/strong><br \/>(+25 for winning)\n","uploadtime":1700605924,"views":10,"p1id":"secretstudent","p2id":"casper614","formatid":"gen9vgc2023regulatione","rating":1216,"private":0,"password":""}