{"id":"gen9vgc2023regulatione-1992793874","p1":"ImarTuba","p2":"whyismynamejeff","format":"[Gen 9] VGC 2023 Regulation E","log":"|j|\u2606ImarTuba\n|j|\u2606whyismynamejeff\n|t:|1700235986\n|gametype|doubles\n|player|p1|ImarTuba|169|1139\n|player|p2|whyismynamejeff|colress|1081\n|teamsize|p1|6\n|teamsize|p2|6\n|gen|9\n|tier|[Gen 9] VGC 2023 Regulation E\n|rated|\n|rule|Species Clause: Limit one of each Pok\u00e9mon\n|rule|Item Clause: Limit one of each item\n|clearpoke\n|poke|p1|Landorus-Therian, L50, M|\n|poke|p1|Roaring Moon, L50|\n|poke|p1|Iron Bundle, L50|\n|poke|p1|Rillaboom, L50, M|\n|poke|p1|Heatran, L50, F|\n|poke|p1|Ninetales-Alola, L50, F|\n|poke|p2|Empoleon, L50, M|\n|poke|p2|Ogerpon-Hearthflame, L50, F|\n|poke|p2|Flutter Mane, L50|\n|poke|p2|Iron Hands, L50|\n|poke|p2|Baxcalibur, L50, F|\n|poke|p2|Landorus-Therian, L50, M|\n|teampreview|4\n|inactive|Battle timer is ON: inactive players will automatically lose when time's up. (requested by ImarTuba)\n|\n|t:|1700236031\n|start\n|switch|p1a: Iron Bundle|Iron Bundle, L50|100\/100\n|switch|p1b: Ninetales|Ninetales-Alola, L50, F|100\/100\n|switch|p2a: Empoleon|Empoleon, L50, M|100\/100\n|switch|p2b: Ogerpon|Ogerpon-Hearthflame, L50, F|100\/100\n|-ability|p2b: Ogerpon|Mold Breaker\n|-weather|Snow|[from] ability: Snow Warning|[of] p1b: Ninetales\n|turn|1\n|inactive|ImarTuba has 30 seconds left.\n|\n|t:|1700236059\n|switch|p1b: Heatran|Heatran, L50, F|100\/100\n|move|p2b: Ogerpon|Spiky Shield|p2b: Ogerpon\n|-singleturn|p2b: Ogerpon|move: Protect\n|move|p2a: Empoleon|Protect|p2a: Empoleon\n|-singleturn|p2a: Empoleon|Protect\n|move|p1a: Iron Bundle|Hydro Pump|p2b: Ogerpon\n|-activate|p2b: Ogerpon|move: Protect\n|\n|-weather|Snow|[upkeep]\n|upkeep\n|turn|2\n|\n|t:|1700236079\n|move|p1a: Iron Bundle|Blizzard|p2b: Ogerpon|[spread] p2a,p2b\n|-resisted|p2a: Empoleon\n|-damage|p2a: Empoleon|93\/100\n|-damage|p2b: Ogerpon|59\/100\n|-status|p2b: Ogerpon|frz\n|cant|p2b: Ogerpon|frz\n|move|p1b: Heatran|Heat Wave|p2b: Ogerpon|[spread] p2a,p2b\n|-damage|p2a: Empoleon|53\/100\n|-damage|p2b: Ogerpon|8\/100 frz\n|-status|p2a: Empoleon|brn\n|-curestatus|p2b: Ogerpon|frz|[msg]\n|move|p2a: Empoleon|Hydro Pump|p1b: Heatran\n|-supereffective|p1b: Heatran\n|-damage|p1b: Heatran|6\/100\n|\n|-weather|Snow|[upkeep]\n|-heal|p1b: Heatran|12\/100|[from] item: Leftovers\n|-heal|p2a: Empoleon|59\/100 brn|[from] item: Leftovers\n|-damage|p2a: Empoleon|53\/100 brn|[from] brn\n|upkeep\n|turn|3\n|inactive|whyismynamejeff has 30 seconds left.\n|\n|t:|1700236105\n|move|p2b: Ogerpon|Spiky Shield|p2b: Ogerpon\n|-singleturn|p2b: Ogerpon|move: Protect\n|move|p1a: Iron Bundle|Blizzard|p2b: Ogerpon|[spread] p2a\n|-activate|p2b: Ogerpon|move: Protect\n|-resisted|p2a: Empoleon\n|-damage|p2a: Empoleon|45\/100 brn\n|move|p1b: Heatran|Earth Power|p2a: Empoleon\n|-supereffective|p2a: Empoleon\n|-damage|p2a: Empoleon|0 fnt\n|faint|p2a: Empoleon\n|\n|-weather|Snow|[upkeep]\n|-heal|p1b: Heatran|18\/100|[from] item: Leftovers\n|upkeep\n|\n|t:|1700236118\n|switch|p2a: Flutter Mane|Flutter Mane, L50|100\/100\n|-enditem|p2a: Flutter Mane|Booster Energy\n|-activate|p2a: Flutter Mane|ability: Protosynthesis|[fromitem]\n|-start|p2a: Flutter Mane|protosynthesisspe\n|turn|4\n|\n|t:|1700236128\n|switch|p1b: Ninetales|Ninetales-Alola, L50, F|100\/100\n|move|p2a: Flutter Mane|Icy Wind|p1b: Ninetales|[spread] p1a,p1b\n|-resisted|p1a: Iron Bundle\n|-resisted|p1b: Ninetales\n|-damage|p1a: Iron Bundle|94\/100\n|-damage|p1b: Ninetales|92\/100\n|-unboost|p1a: Iron Bundle|spe|1\n|-unboost|p1b: Ninetales|spe|1\n|move|p2b: Ogerpon|Horn Leech|p1a: Iron Bundle\n|-supereffective|p1a: Iron Bundle\n|-damage|p1a: Iron Bundle|25\/100\n|-heal|p2b: Ogerpon|42\/100|[from] drain|[of] p1a: Iron Bundle\n|move|p1a: Iron Bundle|Blizzard|p2b: Ogerpon|[spread] p2a,p2b\n|-damage|p2a: Flutter Mane|64\/100\n|-damage|p2b: Ogerpon|0 fnt\n|faint|p2b: Ogerpon\n|\n|-weather|Snow|[upkeep]\n|upkeep\n|\n|t:|1700236144\n|switch|p2b: Baxcalibur|Baxcalibur, L50, F|100\/100\n|turn|5\n|\n|t:|1700236162\n|-end|p1a: Iron Bundle|Quark Drive|[silent]\n|switch|p1a: Landorus|Landorus-Therian, L50, M|100\/100\n|-ability|p1a: Landorus|Intimidate|boost\n|-unboost|p2a: Flutter Mane|atk|1\n|-unboost|p2b: Baxcalibur|atk|1\n|move|p2a: Flutter Mane|Moonblast|p1a: Landorus\n|-damage|p1a: Landorus|31\/100\n|-unboost|p1a: Landorus|spa|1\n|move|p2b: Baxcalibur|Icicle Spear|p1b: Ninetales\n|-resisted|p1b: Ninetales\n|-damage|p1b: Ninetales|88\/100\n|-resisted|p1b: Ninetales\n|-damage|p1b: Ninetales|84\/100\n|-resisted|p1b: Ninetales\n|-damage|p1b: Ninetales|80\/100\n|-resisted|p1b: Ninetales\n|-damage|p1b: Ninetales|76\/100\n|-hitcount|p1b: Ninetales|4\n|move|p1b: Ninetales|Aurora Veil|p1b: Ninetales\n|-sidestart|p1: ImarTuba|move: Aurora Veil\n|\n|-weather|none\n|upkeep\n|turn|6\n|inactive|whyismynamejeff has 30 seconds left.\n|inactive|whyismynamejeff has 20 seconds left.\n|inactive|whyismynamejeff has 15 seconds left.\n|inactive|whyismynamejeff has 10 seconds left.\n|inactive|whyismynamejeff has 5 seconds left.\n|\n|t:|1700236216\n|move|p2b: Baxcalibur|Ice Shard|p1b: Ninetales\n|-resisted|p1b: Ninetales\n|-damage|p1b: Ninetales|69\/100\n|move|p2a: Flutter Mane|Moonblast|p1a: Landorus\n|-damage|p1a: Landorus|0 fnt\n|faint|p1a: Landorus\n|move|p1b: Ninetales|Icy Wind|p2a: Flutter Mane|[spread] p2a,p2b\n|-damage|p2a: Flutter Mane|50\/100\n|-damage|p2b: Baxcalibur|88\/100\n|-unboost|p2a: Flutter Mane|spe|1\n|-unboost|p2b: Baxcalibur|spe|1\n|\n|upkeep\n|\n|t:|1700236231\n|switch|p1a: Iron Bundle|Iron Bundle, L50|25\/100\n|turn|7\n|\n|t:|1700236243\n|move|p1a: Iron Bundle|Protect|p1a: Iron Bundle\n|-singleturn|p1a: Iron Bundle|Protect\n|move|p2a: Flutter Mane|Moonblast|p1a: Iron Bundle\n|-activate|p1a: Iron Bundle|move: Protect\n|move|p1b: Ninetales|Icy Wind|p2a: Flutter Mane|[spread] p2a,p2b\n|-damage|p2a: Flutter Mane|36\/100\n|-damage|p2b: Baxcalibur|75\/100\n|-unboost|p2a: Flutter Mane|spe|1\n|-unboost|p2b: Baxcalibur|spe|1\n|move|p2b: Baxcalibur|Icicle Spear|p1b: Ninetales\n|-resisted|p1b: Ninetales\n|-damage|p1b: Ninetales|65\/100\n|-resisted|p1b: Ninetales\n|-damage|p1b: Ninetales|61\/100\n|-resisted|p1b: Ninetales\n|-damage|p1b: Ninetales|57\/100\n|-resisted|p1b: Ninetales\n|-damage|p1b: Ninetales|53\/100\n|-hitcount|p1b: Ninetales|4\n|\n|upkeep\n|turn|8\n|\n|t:|1700236267\n|move|p1a: Iron Bundle|Freeze-Dry|p2a: Flutter Mane\n|-damage|p2a: Flutter Mane|0 fnt\n|faint|p2a: Flutter Mane\n|-end|p2a: Flutter Mane|Protosynthesis|[silent]\n|move|p1b: Ninetales|Dazzling Gleam|p2b: Baxcalibur\n|-supereffective|p2b: Baxcalibur\n|-damage|p2b: Baxcalibur|21\/100\n|move|p2b: Baxcalibur|Scale Shot|p1a: Iron Bundle\n|-damage|p1a: Iron Bundle|18\/100\n|-damage|p1a: Iron Bundle|12\/100\n|-damage|p1a: Iron Bundle|4\/100\n|-damage|p1a: Iron Bundle|0 fnt\n|faint|p1a: Iron Bundle\n|-end|p1a: Iron Bundle|Quark Drive|[silent]\n|-hitcount|p1: Iron Bundle|4\n|-unboost|p2b: Baxcalibur|def|1\n|-boost|p2b: Baxcalibur|spe|1\n|\n|upkeep\n|\n|t:|1700236280\n|switch|p1a: Heatran|Heatran, L50, F|18\/100\n|turn|9\n|\n|t:|1700236289\n|-terastallize|p2b: Baxcalibur|Poison\n|move|p1b: Ninetales|Dazzling Gleam|p2b: Baxcalibur\n|-resisted|p2b: Baxcalibur\n|-damage|p2b: Baxcalibur|8\/100\n|move|p2b: Baxcalibur|Icicle Spear|p1b: Ninetales\n|-resisted|p1b: Ninetales\n|-damage|p1b: Ninetales|48\/100\n|-resisted|p1b: Ninetales\n|-damage|p1b: Ninetales|44\/100\n|-resisted|p1b: Ninetales\n|-crit|p1b: Ninetales\n|-damage|p1b: Ninetales|31\/100\n|-resisted|p1b: Ninetales\n|-damage|p1b: Ninetales|27\/100\n|-resisted|p1b: Ninetales\n|-damage|p1b: Ninetales|23\/100\n|-hitcount|p1b: Ninetales|5\n|move|p1a: Heatran|Flash Cannon|p2b: Baxcalibur\n|-damage|p2b: Baxcalibur|0 fnt\n|faint|p2b: Baxcalibur\n|\n|win|ImarTuba\n|raw|ImarTuba's rating: 1139 &rarr; <strong>1160<\/strong><br \/>(+21 for winning)\n|raw|whyismynamejeff's rating: 1081 &rarr; <strong>1063<\/strong><br \/>(-18 for losing)\n|l|\u2606ImarTuba\n","uploadtime":1700236316,"views":12,"p1id":"imartuba","p2id":"whyismynamejeff","formatid":"gen9vgc2023regulatione","rating":1063,"private":0,"password":""}