{"id":"gen9vgc2023regulatione-1995290135","p1":"superseriousboi","p2":"AdamJ17","format":"[Gen 9] VGC 2023 Regulation E","log":"|j|\u2606superseriousboi\n|j|\u2606AdamJ17\n|t:|1700547724\n|gametype|doubles\n|player|p1|superseriousboi|drayden|1314\n|player|p2|AdamJ17|volkner|1265\n|teamsize|p1|6\n|teamsize|p2|6\n|gen|9\n|tier|[Gen 9] VGC 2023 Regulation E\n|rated|\n|rule|Species Clause: Limit one of each Pok\u00e9mon\n|rule|Item Clause: Limit one of each item\n|clearpoke\n|poke|p1|Ogerpon-Wellspring, L50, F|\n|poke|p1|Landorus-Therian, L50, M|\n|poke|p1|Heatran, L50, F|\n|poke|p1|Iron Hands, L50|\n|poke|p1|Kingambit, L50, F|\n|poke|p1|Flutter Mane, L50|\n|poke|p2|Ninetales-Alola, L50, M|\n|poke|p2|Baxcalibur, L50, F|\n|poke|p2|Gyarados, L50, F|\n|poke|p2|Kingambit, L50, M|\n|poke|p2|Munkidori, L50, M|\n|poke|p2|Ogerpon-Hearthflame, L50, F|\n|teampreview|4\n|inactive|Battle timer is ON: inactive players will automatically lose when time's up. (requested by AdamJ17)\n|inactive|superseriousboi has 60 seconds left.\n|\n|t:|1700547813\n|start\n|switch|p1a: Landorus|Landorus-Therian, L50, M|100\/100\n|switch|p1b: Heatran|Heatran, L50, F|100\/100\n|switch|p2a: Ninetales|Ninetales-Alola, L50, M|100\/100\n|switch|p2b: Munkidori|Munkidori, L50, M|100\/100\n|-ability|p1a: Landorus|Intimidate|boost\n|-unboost|p2a: Ninetales|atk|1\n|-unboost|p2b: Munkidori|atk|1\n|-weather|Snow|[from] ability: Snow Warning|[of] p2a: Ninetales\n|turn|1\n|inactive|superseriousboi has 30 seconds left.\n|inactive|superseriousboi has 20 seconds left.\n|inactive|superseriousboi has 15 seconds left.\n|inactive|superseriousboi has 10 seconds left.\n|inactive|superseriousboi has 5 seconds left.\n|\n|t:|1700547868\n|move|p2b: Munkidori|Fake Out|p1b: Heatran\n|-resisted|p1b: Heatran\n|-damage|p1b: Heatran|98\/100\n|move|p1a: Landorus|Stomping Tantrum|p2b: Munkidori\n|-supereffective|p2b: Munkidori\n|-enditem|p2b: Munkidori|Focus Sash\n|-damage|p2b: Munkidori|1\/100\n|move|p2a: Ninetales|Aurora Veil|p2a: Ninetales\n|-sidestart|p2: AdamJ17|move: Aurora Veil\n|cant|p1b: Heatran|flinch\n|\n|-weather|Snow|[upkeep]\n|upkeep\n|turn|2\n|inactive|superseriousboi has 30 seconds left.\n|\n|t:|1700547898\n|switch|p1a: Iron Hands|Iron Hands, L50|100\/100\n|move|p2b: Munkidori|Protect|p2b: Munkidori\n|-singleturn|p2b: Munkidori|Protect\n|move|p2a: Ninetales|Blizzard|p1b: Heatran|[spread] p1a,p1b\n|-resisted|p1b: Heatran\n|-damage|p1a: Iron Hands|87\/100\n|-damage|p1b: Heatran|93\/100\n|move|p1b: Heatran|Heat Wave|p2b: Munkidori|[spread] p2a\n|-activate|p2b: Munkidori|move: Protect\n|-supereffective|p2a: Ninetales\n|-crit|p2a: Ninetales\n|-damage|p2a: Ninetales|0 fnt\n|faint|p2a: Ninetales\n|-damage|p1b: Heatran|84\/100|[from] item: Life Orb\n|\n|-weather|Snow|[upkeep]\n|upkeep\n|\n|t:|1700547911\n|switch|p2a: Gyarados|Gyarados, L50, F|100\/100\n|-ability|p2a: Gyarados|Intimidate|boost\n|-unboost|p1a: Iron Hands|atk|1\n|-unboost|p1b: Heatran|atk|1\n|turn|3\n|\n|t:|1700547928\n|move|p2b: Munkidori|Psychic|p1a: Iron Hands\n|-supereffective|p1a: Iron Hands\n|-crit|p1a: Iron Hands\n|-damage|p1a: Iron Hands|9\/100\n|move|p2a: Gyarados|Thunder Wave|p1b: Heatran\n|-status|p1b: Heatran|par\n|move|p1a: Iron Hands|Wild Charge|p2a: Gyarados\n|-supereffective|p2a: Gyarados\n|-damage|p2a: Gyarados|37\/100\n|-enditem|p2a: Gyarados|Sitrus Berry|[eat]\n|-heal|p2a: Gyarados|62\/100|[from] item: Sitrus Berry\n|-damage|p1a: Iron Hands|0 fnt|[from] Recoil\n|faint|p1a: Iron Hands\n|-end|p1a: Iron Hands|Quark Drive|[silent]\n|move|p1b: Heatran|Heat Wave|p2a: Gyarados|[spread] p2a,p2b\n|-resisted|p2a: Gyarados\n|-damage|p2a: Gyarados|50\/100\n|-damage|p2b: Munkidori|0 fnt\n|faint|p2b: Munkidori\n|-damage|p1b: Heatran|74\/100 par|[from] item: Life Orb\n|\n|-weather|Snow|[upkeep]\n|upkeep\n|inactive|superseriousboi has 30 seconds left.\n|\n|t:|1700547955\n|switch|p2b: Baxcalibur|Baxcalibur, L50, F|100\/100\n|switch|p1a: Landorus|Landorus-Therian, L50, M|100\/100\n|-ability|p1a: Landorus|Intimidate|boost\n|-unboost|p2a: Gyarados|atk|1\n|-unboost|p2b: Baxcalibur|atk|1\n|turn|4\n|\n|t:|1700547979\n|switch|p1a: Ogerpon|Ogerpon-Wellspring, L50, F|100\/100\n|move|p1b: Heatran|Protect|p1b: Heatran\n|-singleturn|p1b: Heatran|Protect\n|move|p2b: Baxcalibur|Icicle Spear|p1a: Ogerpon\n|-damage|p1a: Ogerpon|91\/100\n|-damage|p1a: Ogerpon|81\/100\n|-damage|p1a: Ogerpon|72\/100\n|-damage|p1a: Ogerpon|63\/100\n|-hitcount|p1a: Ogerpon|4\n|move|p2a: Gyarados|Waterfall|p1b: Heatran\n|-activate|p1b: Heatran|move: Protect\n|\n|-weather|Snow|[upkeep]\n|upkeep\n|turn|5\n|inactive|superseriousboi has 30 seconds left.\n|inactive|superseriousboi has 20 seconds left.\n|inactive|superseriousboi has 15 seconds left.\n|\n|t:|1700548020\n|move|p1a: Ogerpon|Spiky Shield|p1a: Ogerpon\n|-singleturn|p1a: Ogerpon|move: Protect\n|move|p2b: Baxcalibur|Scale Shot|p1b: Heatran|[miss]\n|-miss|p2b: Baxcalibur|p1b: Heatran\n|move|p2a: Gyarados|Thunder Wave|p1a: Ogerpon\n|-activate|p1a: Ogerpon|move: Protect\n|move|p1b: Heatran|Heat Wave|p2a: Gyarados|[spread] p2a,p2b\n|-resisted|p2a: Gyarados\n|-damage|p2a: Gyarados|38\/100\n|-damage|p2b: Baxcalibur|71\/100\n|-ability|p2b: Baxcalibur|Thermal Exchange|boost\n|-boost|p2b: Baxcalibur|atk|1\n|-damage|p1b: Heatran|65\/100 par|[from] item: Life Orb\n|\n|-weather|none\n|upkeep\n|turn|6\n|inactive|superseriousboi has 30 seconds left.\n|inactive|AdamJ17 has 30 seconds left.\n|inactive|superseriousboi has 20 seconds left.\n|\n|t:|1700548057\n|move|p2b: Baxcalibur|Protect|p2b: Baxcalibur\n|-singleturn|p2b: Baxcalibur|Protect\n|move|p1a: Ogerpon|Horn Leech|p2a: Gyarados\n|-damage|p2a: Gyarados|17\/100\n|-heal|p1a: Ogerpon|74\/100|[from] drain|[of] p2a: Gyarados\n|move|p2a: Gyarados|Thunder Wave|p1a: Ogerpon\n|-status|p1a: Ogerpon|par\n|move|p1b: Heatran|Flash Cannon|p2b: Baxcalibur\n|-activate|p2b: Baxcalibur|move: Protect\n|\n|upkeep\n|turn|7\n|\n|t:|1700548079\n|-terastallize|p2b: Baxcalibur|Poison\n|move|p2b: Baxcalibur|Scale Shot|p1a: Ogerpon\n|-damage|p1a: Ogerpon|61\/100 par\n|-damage|p1a: Ogerpon|49\/100 par\n|-damage|p1a: Ogerpon|35\/100 par\n|-damage|p1a: Ogerpon|22\/100 par\n|-damage|p1a: Ogerpon|9\/100 par\n|-hitcount|p1a: Ogerpon|5\n|-unboost|p2b: Baxcalibur|def|1\n|-boost|p2b: Baxcalibur|spe|1\n|move|p2a: Gyarados|Waterfall|p1b: Heatran\n|-supereffective|p1b: Heatran\n|-damage|p1b: Heatran|31\/100 par\n|move|p1a: Ogerpon|Horn Leech|p2a: Gyarados\n|-damage|p2a: Gyarados|0 fnt\n|-heal|p1a: Ogerpon|18\/100 par|[from] drain|[of] p2a: Gyarados\n|faint|p2a: Gyarados\n|move|p1b: Heatran|Flash Cannon|p2b: Baxcalibur\n|-damage|p2b: Baxcalibur|38\/100\n|-damage|p1b: Heatran|22\/100 par|[from] item: Life Orb\n|\n|upkeep\n|turn|8\n|inactive|superseriousboi has 30 seconds left.\n|inactive|AdamJ17 has 30 seconds left.\n|inactive|AdamJ17 has 20 seconds left.\n|\n|t:|1700548117\n|move|p2b: Baxcalibur|Icicle Spear|p1b: Heatran\n|-resisted|p1b: Heatran\n|-damage|p1b: Heatran|19\/100 par\n|-resisted|p1b: Heatran\n|-crit|p1b: Heatran\n|-damage|p1b: Heatran|16\/100 par\n|-resisted|p1b: Heatran\n|-damage|p1b: Heatran|13\/100 par\n|-resisted|p1b: Heatran\n|-damage|p1b: Heatran|10\/100 par\n|-hitcount|p1b: Heatran|4\n|cant|p1a: Ogerpon|par\n|cant|p1b: Heatran|par\n|\n|-sideend|p2: AdamJ17|move: Aurora Veil\n|upkeep\n|turn|9\n|\n|t:|1700548139\n|move|p2b: Baxcalibur|Icicle Spear|p1a: Ogerpon\n|-damage|p1a: Ogerpon|3\/100 par\n|-damage|p1a: Ogerpon|0 fnt\n|faint|p1a: Ogerpon\n|-hitcount|p1: Ogerpon|2\n|cant|p1b: Heatran|par\n|\n|upkeep\n|\n|t:|1700548153\n|switch|p1a: Landorus|Landorus-Therian, L50, M|100\/100\n|-ability|p1a: Landorus|Intimidate|boost\n|-unboost|p2b: Baxcalibur|atk|1\n|turn|10\n|\n|t:|1700548168\n|-terastallize|p1a: Landorus|Flying\n|move|p2b: Baxcalibur|Ice Shard|p1a: Landorus\n|-supereffective|p1a: Landorus\n|-damage|p1a: Landorus|66\/100\n|move|p1a: Landorus|Stomping Tantrum|p2b: Baxcalibur\n|-supereffective|p2b: Baxcalibur\n|-damage|p2b: Baxcalibur|0 fnt\n|faint|p2b: Baxcalibur\n|\n|win|superseriousboi\n|raw|superseriousboi's rating: 1314 &rarr; <strong>1331<\/strong><br \/>(+17 for winning)\n|raw|AdamJ17's rating: 1265 &rarr; <strong>1244<\/strong><br \/>(-21 for losing)\n|l|\u2606AdamJ17\n","uploadtime":1700548179,"views":3,"p1id":"superseriousboi","p2id":"adamj17","formatid":"gen9vgc2023regulatione","rating":1244,"private":0,"password":""}