{"id":"gen9vgc2023regulatione-1996712918","p1":"chingfanyu","p2":"Dudthestud","format":"[Gen 9] VGC 2023 Regulation E","log":"|j|\u2606chingfanyu\n|j|\u2606Dudthestud\n|t:|1700713206\n|gametype|doubles\n|player|p1|chingfanyu|1|1238\n|player|p2|Dudthestud|hiker-gen4|1134\n|teamsize|p1|6\n|teamsize|p2|6\n|gen|9\n|tier|[Gen 9] VGC 2023 Regulation E\n|rated|\n|rule|Species Clause: Limit one of each Pok\u00e9mon\n|rule|Item Clause: Limit one of each item\n|clearpoke\n|poke|p1|Flutter Mane, L50|\n|poke|p1|Arcanine-Hisui, L50, F|\n|poke|p1|Rillaboom, L50, F|\n|poke|p1|Milotic, L50, M|\n|poke|p1|Iron Hands, L50|\n|poke|p1|Cresselia, L50, F|\n|poke|p2|Appletun, L50, F|\n|poke|p2|Ninetales-Alola, L50, M|\n|poke|p2|Arcanine-Hisui, L50, F|\n|poke|p2|Urshifu-*, L50, M|\n|poke|p2|Rillaboom, L50, M|\n|poke|p2|Tornadus, L50, M|\n|teampreview|4\n|\n|t:|1700713229\n|start\n|switch|p1a: Milotic|Milotic, L50, M|100\/100\n|switch|p1b: Cresselia|Cresselia, L50, F|100\/100\n|switch|p2a: Ninetales|Ninetales-Alola, L50, M|100\/100\n|switch|p2b: Rillaboom|Rillaboom, L50, M|100\/100\n|-weather|Snow|[from] ability: Snow Warning|[of] p2a: Ninetales\n|-fieldstart|move: Grassy Terrain|[from] ability: Grassy Surge|[of] p2b: Rillaboom\n|turn|1\n|\n|t:|1700713248\n|move|p1a: Milotic|Protect|p1a: Milotic\n|-singleturn|p1a: Milotic|Protect\n|move|p2b: Rillaboom|Fake Out|p1b: Cresselia\n|-damage|p1b: Cresselia|92\/100\n|move|p2a: Ninetales|Aurora Veil|p2a: Ninetales\n|-sidestart|p2: Dudthestud|move: Aurora Veil\n|cant|p1b: Cresselia|flinch\n|\n|-weather|Snow|[upkeep]\n|upkeep\n|turn|2\n|\n|t:|1700713272\n|move|p2b: Rillaboom|Grassy Glide|p1a: Milotic\n|-supereffective|p1a: Milotic\n|-damage|p1a: Milotic|28\/100\n|move|p2a: Ninetales|Encore|p1a: Milotic\n|-start|p1a: Milotic|Encore\n|move|p1a: Milotic|Protect||[still]\n|-fail|p1a: Milotic\n|move|p1b: Cresselia|Trick Room|p1b: Cresselia\n|-fieldstart|move: Trick Room|[of] p1b: Cresselia\n|\n|-weather|Snow|[upkeep]\n|-heal|p1a: Milotic|34\/100|[from] Grassy Terrain\n|-heal|p1a: Milotic|40\/100|[from] item: Leftovers\n|upkeep\n|turn|3\n|\n|t:|1700713307\n|move|p1a: Milotic|Protect|p1a: Milotic\n|-singleturn|p1a: Milotic|Protect\n|move|p2b: Rillaboom|Grassy Glide|p1a: Milotic\n|-activate|p1a: Milotic|move: Protect\n|move|p1b: Cresselia|Ice Beam|p2b: Rillaboom\n|-supereffective|p2b: Rillaboom\n|-damage|p2b: Rillaboom|80\/100\n|move|p2a: Ninetales|Encore|p1b: Cresselia\n|-start|p1b: Cresselia|Encore\n|-enditem|p1b: Cresselia|Mental Herb\n|-end|p1b: Cresselia|Encore\n|\n|-weather|Snow|[upkeep]\n|-heal|p1a: Milotic|46\/100|[from] Grassy Terrain\n|-heal|p1a: Milotic|52\/100|[from] item: Leftovers\n|-heal|p2b: Rillaboom|85\/100|[from] Grassy Terrain\n|upkeep\n|turn|4\n|\n|t:|1700713350\n|switch|p1a: Rillaboom|Rillaboom, L50, F|100\/100\n|move|p2a: Ninetales|Helping Hand|p2b: Rillaboom\n|-singleturn|p2b: Rillaboom|Helping Hand|[of] p2a: Ninetales\n|move|p2b: Rillaboom|Grassy Glide|p1a: Rillaboom\n|-resisted|p1a: Rillaboom\n|-damage|p1a: Rillaboom|71\/100\n|move|p1b: Cresselia|Ice Beam|p2b: Rillaboom\n|-supereffective|p2b: Rillaboom\n|-damage|p2b: Rillaboom|66\/100\n|\n|-weather|Snow|[upkeep]\n|-heal|p2b: Rillaboom|72\/100|[from] Grassy Terrain\n|-heal|p1a: Rillaboom|78\/100|[from] Grassy Terrain\n|upkeep\n|turn|5\n|\n|t:|1700713388\n|move|p2a: Ninetales|Helping Hand|p2b: Rillaboom\n|-singleturn|p2b: Rillaboom|Helping Hand|[of] p2a: Ninetales\n|move|p1b: Cresselia|Moonblast|p2a: Ninetales\n|-damage|p2a: Ninetales|85\/100\n|move|p2b: Rillaboom|U-turn|p1a: Rillaboom\n|-supereffective|p1a: Rillaboom\n|-damage|p1a: Rillaboom|2\/100\n|\n|t:|1700713393\n|switch|p2b: Arcanine|Arcanine-Hisui, L50, F|100\/100|[from] U-turn\n|-ability|p2b: Arcanine|Intimidate|boost\n|-unboost|p1a: Rillaboom|atk|1\n|-unboost|p1b: Cresselia|atk|1\n|move|p1a: Rillaboom|Wood Hammer|p2a: Ninetales\n|-damage|p2a: Ninetales|49\/100\n|-damage|p1a: Rillaboom|0 fnt|[from] Recoil\n|faint|p1a: Rillaboom\n|\n|-weather|none\n|-heal|p2a: Ninetales|55\/100|[from] Grassy Terrain\n|-sideend|p2: Dudthestud|move: Aurora Veil\n|-fieldend|move: Grassy Terrain\n|upkeep\n|\n|t:|1700713406\n|switch|p1a: Milotic|Milotic, L50, M|52\/100\n|turn|6\n|\n|t:|1700713423\n|switch|p2a: Rillaboom|Rillaboom, L50, M|72\/100\n|-fieldstart|move: Grassy Terrain|[from] ability: Grassy Surge|[of] p2a: Rillaboom\n|-terastallize|p2b: Arcanine|Fairy\n|move|p1a: Milotic|Scald|p2b: Arcanine\n|-damage|p2b: Arcanine|58\/100\n|move|p1b: Cresselia|Lunar Blessing|p1b: Cresselia|[spread] p1a,p1b\n|-heal|p1a: Milotic|77\/100\n|-heal|p1b: Cresselia|100\/100\n|move|p2b: Arcanine|Tera Blast|p1a: Milotic|[anim] Tera Blast Fairy\n|-damage|p1a: Milotic|16\/100\n|\n|-heal|p1a: Milotic|22\/100|[from] Grassy Terrain\n|-heal|p1a: Milotic|28\/100|[from] item: Leftovers\n|-heal|p2a: Rillaboom|78\/100|[from] Grassy Terrain\n|-heal|p2b: Arcanine|64\/100|[from] Grassy Terrain\n|-fieldend|move: Trick Room\n|upkeep\n|turn|7\n|\n|t:|1700713451\n|move|p1a: Milotic|Protect|p1a: Milotic\n|-singleturn|p1a: Milotic|Protect\n|move|p2a: Rillaboom|Fake Out|p1b: Cresselia\n|-damage|p1b: Cresselia|92\/100\n|move|p2b: Arcanine|Tera Blast|p1b: Cresselia|[anim] Tera Blast Fairy\n|-damage|p1b: Cresselia|57\/100\n|cant|p1b: Cresselia|flinch\n|\n|-heal|p2b: Arcanine|70\/100|[from] Grassy Terrain\n|-heal|p2a: Rillaboom|84\/100|[from] Grassy Terrain\n|-heal|p1a: Milotic|34\/100|[from] Grassy Terrain\n|-heal|p1a: Milotic|40\/100|[from] item: Leftovers\n|upkeep\n|turn|8\n|\n|t:|1700713461\n|move|p2a: Rillaboom|Grassy Glide|p1a: Milotic\n|-supereffective|p1a: Milotic\n|-damage|p1a: Milotic|0 fnt\n|faint|p1a: Milotic\n|move|p2b: Arcanine|Tera Blast|p1b: Cresselia|[anim] Tera Blast Fairy\n|-damage|p1b: Cresselia|20\/100\n|move|p1b: Cresselia|Ice Beam|p2a: Rillaboom\n|-supereffective|p2a: Rillaboom\n|-damage|p2a: Rillaboom|52\/100\n|\n|-heal|p2b: Arcanine|75\/100|[from] Grassy Terrain\n|-heal|p2a: Rillaboom|58\/100|[from] Grassy Terrain\n|upkeep\n|-message|chingfanyu forfeited.\n|\n|win|Dudthestud\n|raw|chingfanyu's rating: 1238 &rarr; <strong>1206<\/strong><br \/>(-32 for losing)\n|raw|Dudthestud's rating: 1134 &rarr; <strong>1166<\/strong><br \/>(+32 for winning)\n|l|\u2606chingfanyu\n","uploadtime":1700713478,"views":10,"p1id":"chingfanyu","p2id":"dudthestud","formatid":"gen9vgc2023regulatione","rating":1166,"private":0,"password":""}