{"id":"gen9vgc2023regulatione-1996300752","p1":"Unique Gaming","p2":"Thehoppa117","format":"[Gen 9] VGC 2023 Regulation E","log":"|j|\u2606Unique Gaming\n|j|\u2606Thehoppa117\n|t:|1700669004\n|gametype|doubles\n|player|p1|Unique Gaming|170|1203\n|player|p2|Thehoppa117|benga|1191\n|teamsize|p1|6\n|teamsize|p2|6\n|gen|9\n|tier|[Gen 9] VGC 2023 Regulation E\n|rated|\n|rule|Species Clause: Limit one of each Pok\u00e9mon\n|rule|Item Clause: Limit one of each item\n|clearpoke\n|poke|p1|Iron Hands, L50|\n|poke|p1|Flutter Mane, L50|\n|poke|p1|Urshifu-*, L50, M|\n|poke|p1|Rillaboom, L50, F|\n|poke|p1|Hawlucha, L50, M|\n|poke|p1|Chi-Yu, L50|\n|poke|p2|Iron Jugulis, L50|\n|poke|p2|Iron Hands, L50|\n|poke|p2|Iron Moth, L50|\n|poke|p2|Ogerpon-Hearthflame, L50, F|\n|poke|p2|Flutter Mane, L50|\n|poke|p2|Sinistcha, L50|\n|teampreview|4\n|inactive|Battle timer is ON: inactive players will automatically lose when time's up. (requested by Thehoppa117)\n|inactive|Unique Gaming has 60 seconds left.\n|inactive|Thehoppa117 has 60 seconds left.\nThehoppa117 has agreed to open team sheets.\n|inactive|Unique Gaming has 30 seconds left.\n|\n|t:|1700669066\n|start\n|switch|p1a: Urshifu|Urshifu-Rapid-Strike, L50, M|100\/100\n|switch|p1b: Chi-Yu|Chi-Yu, L50|100\/100\n|switch|p2a: Iron Jugulis|Iron Jugulis, L50|100\/100\n|switch|p2b: Iron Hands|Iron Hands, L50|100\/100\n|-ability|p1b: Chi-Yu|Beads of Ruin\n|-enditem|p2a: Iron Jugulis|Booster Energy\n|-activate|p2a: Iron Jugulis|ability: Quark Drive|[fromitem]\n|-start|p2a: Iron Jugulis|quarkdrivespe\n|turn|1\n|inactive|Unique Gaming has 30 seconds left.\n|inactive|Thehoppa117 has 30 seconds left.\n|inactive|Thehoppa117 has 20 seconds left.\n|\n|t:|1700669103\n|switch|p1a: Flutter Mane|Flutter Mane, L50|100\/100\n|move|p2a: Iron Jugulis|Tailwind|p2a: Iron Jugulis\n|-sidestart|p2: Thehoppa117|move: Tailwind\n|move|p1b: Chi-Yu|Heat Wave|p2b: Iron Hands|[spread] p2a,p2b\n|-damage|p2a: Iron Jugulis|21\/100\n|-damage|p2b: Iron Hands|53\/100\n|-status|p2b: Iron Hands|brn\n|move|p2b: Iron Hands|Earthquake|p1b: Chi-Yu|[spread] p1a,p1b\n|-immune|p2a: Iron Jugulis\n|-supereffective|p1b: Chi-Yu\n|-damage|p1a: Flutter Mane|69\/100\n|-damage|p1b: Chi-Yu|51\/100\n|\n|-damage|p2b: Iron Hands|47\/100 brn|[from] brn\n|upkeep\n|turn|2\n|inactive|Unique Gaming has 30 seconds left.\n|inactive|Thehoppa117 has 30 seconds left.\n|inactive|Thehoppa117 has 20 seconds left.\n|\n|t:|1700669139\n|switch|p1b: Iron Hands|Iron Hands, L50, shiny|100\/100\n|move|p2a: Iron Jugulis|Electric Terrain|p2a: Iron Jugulis\n|-fieldstart|move: Electric Terrain\n|-activate|p2b: Iron Hands|ability: Quark Drive\n|-start|p2b: Iron Hands|quarkdriveatk\n|-activate|p1b: Iron Hands|ability: Quark Drive\n|-start|p1b: Iron Hands|quarkdriveatk\n|move|p1a: Flutter Mane|Dazzling Gleam|p2b: Iron Hands|[spread] p2a,p2b\n|-supereffective|p2a: Iron Jugulis\n|-supereffective|p2b: Iron Hands\n|-damage|p2a: Iron Jugulis|0 fnt\n|-damage|p2b: Iron Hands|0 fnt\n|faint|p2a: Iron Jugulis\n|-end|p2a: Iron Jugulis|Quark Drive|[silent]\n|faint|p2b: Iron Hands\n|-end|p2b: Iron Hands|Quark Drive|[silent]\n|\n|upkeep\n|\n|t:|1700669149\n|switch|p2a: Iron Moth|Iron Moth, L50|100\/100\n|switch|p2b: Ogerpon|Ogerpon-Hearthflame, L50, F|100\/100\n|-activate|p2a: Iron Moth|ability: Quark Drive\n|-start|p2a: Iron Moth|quarkdrivespa\n|-ability|p2b: Ogerpon|Mold Breaker\n|turn|3\n|inactive|Unique Gaming has 30 seconds left.\n|inactive|Unique Gaming has 20 seconds left.\n|\n|t:|1700669185\n|-terastallize|p2b: Ogerpon|Fire\n|detailschange|p2b: Ogerpon|Ogerpon-Hearthflame-Tera, L50, F, tera:Fire\n|-ability|p2b: Ogerpon|Embody Aspect (Hearthflame)|boost\n|-boost|p2b: Ogerpon|atk|1\n|move|p2b: Ogerpon|Spiky Shield|p2b: Ogerpon\n|-singleturn|p2b: Ogerpon|move: Protect\n|move|p1b: Iron Hands|Fake Out|p2a: Iron Moth\n|-damage|p2a: Iron Moth|71\/100\n|cant|p2a: Iron Moth|flinch\n|move|p1a: Flutter Mane|Shadow Ball|p2a: Iron Moth\n|-damage|p2a: Iron Moth|24\/100\n|\n|upkeep\n|turn|4\n|inactive|Unique Gaming has 30 seconds left.\n|inactive|Unique Gaming has 20 seconds left.\n|inactive|Unique Gaming has 15 seconds left.\n|\n|t:|1700669226\n|move|p1a: Flutter Mane|Protect|p1a: Flutter Mane\n|-singleturn|p1a: Flutter Mane|Protect\n|move|p2a: Iron Moth|Dazzling Gleam|p1b: Iron Hands|[spread] p1b\n|-activate|p1a: Flutter Mane|move: Protect\n|-supereffective|p1b: Iron Hands\n|-damage|p1b: Iron Hands|62\/100\n|move|p2b: Ogerpon|Ivy Cudgel|p1a: Flutter Mane|[anim] Ivy Cudgel Fire\n|-activate|p1a: Flutter Mane|move: Protect\n|move|p1b: Iron Hands|Volt Switch|p2a: Iron Moth\n|-damage|p2a: Iron Moth|6\/100\n|\n|t:|1700669239\n|-end|p1b: Iron Hands|Quark Drive|[silent]\n|switch|p1b: Urshifu|Urshifu-Rapid-Strike, L50, M|100\/100|[from] Volt Switch\n|\n|-sideend|p2: Thehoppa117|move: Tailwind\n|upkeep\n|turn|5\n|\n|t:|1700669247\n|move|p1b: Urshifu|Surging Strikes|p2b: Ogerpon\n|-supereffective|p2b: Ogerpon\n|-crit|p2b: Ogerpon\n|-damage|p2b: Ogerpon|49\/100\n|-supereffective|p2b: Ogerpon\n|-crit|p2b: Ogerpon\n|-damage|p2b: Ogerpon|0 fnt\n|faint|p2b: Ogerpon\n|-hitcount|p2: Ogerpon|2\n|move|p2a: Iron Moth|Dazzling Gleam|p1b: Urshifu|[spread] p1a,p1b\n|-supereffective|p1b: Urshifu\n|-crit|p1b: Urshifu\n|-damage|p1a: Flutter Mane|37\/100\n|-damage|p1b: Urshifu|0 fnt\n|faint|p1b: Urshifu\n|move|p1a: Flutter Mane|Dazzling Gleam|p2a: Iron Moth\n|-resisted|p2a: Iron Moth\n|-damage|p2a: Iron Moth|0 fnt\n|faint|p2a: Iron Moth\n|-end|p2a: Iron Moth|Quark Drive|[silent]\n|\n|win|Unique Gaming\n|raw|Unique Gaming's rating: 1203 &rarr; <strong>1227<\/strong><br \/>(+24 for winning)\n|raw|Thehoppa117's rating: 1191 &rarr; <strong>1167<\/strong><br \/>(-24 for losing)\n","uploadtime":1700669263,"views":4,"p1id":"uniquegaming","p2id":"thehoppa117","formatid":"gen9vgc2023regulatione","rating":1167,"private":0,"password":""}