{"id":"gen9vgc2023regulatione-1998543646","p1":"Testmaymay","p2":"TreeHuger3","format":"[Gen 9] VGC 2023 Regulation E","log":"|j|\u2606Testmaymay\n|j|\u2606TreeHuger3\n|t:|1700954396\n|gametype|doubles\n|player|p1|Testmaymay|102|1576\n|player|p2|TreeHuger3|102|1725\n|teamsize|p1|6\n|teamsize|p2|6\n|gen|9\n|tier|[Gen 9] VGC 2023 Regulation E\n|rated|\n|rule|Species Clause: Limit one of each Pok\u00e9mon\n|rule|Item Clause: Limit one of each item\n|clearpoke\n|poke|p1|Ninetales-Alola, L50, F|\n|poke|p1|Iron Bundle, L50|\n|poke|p1|Armarouge, L50, M|\n|poke|p1|Indeedee-F, L50, F|\n|poke|p1|Sneasler, L50, M|\n|poke|p1|Mamoswine, L50, M|\n|poke|p2|Dondozo, L50, M|\n|poke|p2|Tatsugiri, L50, M|\n|poke|p2|Kingambit, L50, F|\n|poke|p2|Weezing, L50, F|\n|poke|p2|Oranguru, L50, M|\n|poke|p2|Ursaluna-Bloodmoon, L50, M|\n|teampreview|4\n|inactive|Battle timer is ON: inactive players will automatically lose when time's up. (requested by TreeHuger3)\n|inactive|Testmaymay has 60 seconds left.\n|inactive|Testmaymay has 30 seconds left.\n|inactive|Testmaymay has 20 seconds left.\n|\n|t:|1700954471\n|start\n|switch|p1a: Grinch|Armarouge, L50, M|100\/100\n|switch|p1b: Santa Claus|Iron Bundle, L50|100\/100\n|switch|p2a: Weezing|Weezing, L50, F|100\/100\n|switch|p2b: Kingambit|Kingambit, L50, F|100\/100\n|-ability|p2a: Weezing|Neutralizing Gas\n|-enditem|p1b: Santa Claus|Booster Energy\n|-activate|p1b: Santa Claus|ability: Quark Drive|[fromitem]\n|-start|p1b: Santa Claus|quarkdrivespe\n|turn|1\n|inactive|Testmaymay has 30 seconds left.\n|inactive|Testmaymay has 20 seconds left.\n|\n|t:|1700954509\n|switch|p1a: Mrs. Claus|Ninetales-Alola, L50, F|100\/100\n|move|p2b: Kingambit|Sucker Punch||[still]\n|-fail|p2b: Kingambit\n|move|p1b: Santa Claus|Freeze-Dry|p2a: Weezing\n|-damage|p2a: Weezing|62\/100\n|move|p2a: Weezing|Sludge Bomb|p1b: Santa Claus\n|-damage|p1b: Santa Claus|44\/100\n|\n|upkeep\n|turn|2\n|\n|t:|1700954527\n|move|p1b: Santa Claus|Hydro Pump|p2a: Weezing\n|-damage|p2a: Weezing|6\/100\n|-enditem|p2a: Weezing|Sitrus Berry|[eat]\n|-heal|p2a: Weezing|31\/100|[from] item: Sitrus Berry\n|move|p1a: Mrs. Claus|Encore|p2b: Kingambit\n|-start|p2b: Kingambit|Encore\n|move|p2a: Weezing|Sludge Bomb|p1b: Santa Claus\n|-damage|p1b: Santa Claus|0 fnt\n|faint|p1b: Santa Claus\n|-end|p1b: Santa Claus|Quark Drive|[silent]\n|move|p2b: Kingambit|Sucker Punch||[still]\n|-fail|p2b: Kingambit\n|\n|upkeep\n|\n|t:|1700954543\n|switch|p1b: Cindy Lou|Indeedee-F, L50, F|100\/100\n|turn|3\n|\n|t:|1700954571\n|switch|p2b: Dondozo|Dondozo, L50, M|100\/100\n|-terastallize|p1b: Cindy Lou|Water\n|move|p1a: Mrs. Claus|Moonblast|p2b: Dondozo\n|-crit|p2b: Dondozo\n|-damage|p2b: Dondozo|52\/100\n|move|p1b: Cindy Lou|Psychic|p2a: Weezing\n|-supereffective|p2a: Weezing\n|-damage|p2a: Weezing|0 fnt\n|faint|p2a: Weezing\n|-end|p2a: Weezing|ability: Neutralizing Gas\n|-weather|Snow|[from] ability: Snow Warning|[of] p1a: Mrs. Claus\n|-fieldstart|move: Psychic Terrain|[from] ability: Psychic Surge|[of] p1b: Cindy Lou\n|\n|-weather|Snow|[upkeep]\n|-heal|p2b: Dondozo|59\/100|[from] item: Leftovers\n|upkeep\n|\n|t:|1700954582\n|switch|p2a: Kingambit|Kingambit, L50, F|100\/100\n|turn|4\n|\n|t:|1700954601\n|switch|p2a: Tatsugiri|Tatsugiri, L50, M|100\/100\n|-activate|p2a: Tatsugiri|ability: Commander|[of] p2b: Dondozo\n|-boost|p2b: Dondozo|atk|2\n|-boost|p2b: Dondozo|spa|2\n|-boost|p2b: Dondozo|spe|2\n|-boost|p2b: Dondozo|def|2\n|-boost|p2b: Dondozo|spd|2\n|move|p1a: Mrs. Claus|Protect|p1a: Mrs. Claus\n|-singleturn|p1a: Mrs. Claus|Protect\n|move|p1b: Cindy Lou|Psychic|p2b: Dondozo\n|-damage|p2b: Dondozo|40\/100\n|move|p2b: Dondozo|Earthquake|p1b: Cindy Lou|[spread] p1b\n|-miss|p2b: Dondozo|p2a: Tatsugiri\n|-activate|p1a: Mrs. Claus|move: Protect\n|-damage|p1b: Cindy Lou|59\/100\n|\n|-weather|Snow|[upkeep]\n|-heal|p2b: Dondozo|46\/100|[from] item: Leftovers\n|upkeep\n|turn|5\n|\n|t:|1700954622\n|switch|p1b: Grinch|Armarouge, L50, M|100\/100\n|move|p1a: Mrs. Claus|Blizzard|p2b: Dondozo|[spread] p2b\n|-miss|p1a: Mrs. Claus|p2a: Tatsugiri\n|-resisted|p2b: Dondozo\n|-damage|p2b: Dondozo|39\/100\n|move|p2b: Dondozo|Wave Crash|p1a: Mrs. Claus\n|-enditem|p1a: Mrs. Claus|Focus Sash\n|-damage|p1a: Mrs. Claus|1\/100\n|-damage|p2b: Dondozo|17\/100|[from] Recoil\n|\n|-weather|Snow|[upkeep]\n|-heal|p2b: Dondozo|24\/100|[from] item: Leftovers\n|upkeep\n|turn|6\n|j| Adrienz12\n|\n|t:|1700954640\n|move|p1b: Grinch|Endure|p1b: Grinch\n|-singleturn|p1b: Grinch|move: Endure\n|move|p1a: Mrs. Claus|Blizzard|p2b: Dondozo|[spread] p2b\n|-miss|p1a: Mrs. Claus|p2a: Tatsugiri\n|-resisted|p2b: Dondozo\n|-damage|p2b: Dondozo|17\/100\n|-status|p2b: Dondozo|frz\n|cant|p2b: Dondozo|frz\n|\n|-weather|Snow|[upkeep]\n|-heal|p2b: Dondozo|23\/100 frz|[from] item: Leftovers\n|upkeep\n|turn|7\n|inactive|Testmaymay has 30 seconds left.\n|\n|t:|1700954671\n|move|p1a: Mrs. Claus|Blizzard|p2b: Dondozo|[spread] p2b\n|-miss|p1a: Mrs. Claus|p2a: Tatsugiri\n|-resisted|p2b: Dondozo\n|-damage|p2b: Dondozo|16\/100 frz\n|move|p1b: Grinch|Expanding Force|p2b: Dondozo|[spread] p2b\n|-miss|p1b: Grinch|p2a: Tatsugiri\n|-crit|p2b: Dondozo\n|-damage|p2b: Dondozo|0 fnt\n|faint|p2b: Dondozo\n|\n|-weather|none\n|-fieldend|move: Psychic Terrain\n|upkeep\n|\n|t:|1700954679\n|switch|p2b: Kingambit|Kingambit, L50, F|100\/100\n|turn|8\n|\n|t:|1700954698\n|switch|p1a: Cindy Lou|Indeedee-F, L50, F, tera:Water|59\/100\n|-fieldstart|move: Psychic Terrain|[from] ability: Psychic Surge|[of] p1a: Cindy Lou\n|-terastallize|p2b: Kingambit|Dark\n|move|p1b: Grinch|Endure|p1b: Grinch\n|-singleturn|p1b: Grinch|move: Endure\n|move|p2b: Kingambit|Kowtow Cleave|p1b: Grinch\n|-supereffective|p1b: Grinch\n|-activate|p1b: Grinch|move: Endure\n|-damage|p1b: Grinch|1\/100\n|-ability|p1b: Grinch|Weak Armor|boost\n|-unboost|p1b: Grinch|def|1\n|-boost|p1b: Grinch|spe|2\n|-enditem|p1b: Grinch|Weakness Policy\n|-boost|p1b: Grinch|atk|2|[from] item: Weakness Policy\n|-boost|p1b: Grinch|spa|2|[from] item: Weakness Policy\n|move|p2a: Tatsugiri|Mirror Coat||[still]\n|-fail|p2a: Tatsugiri\n|\n|upkeep\n|turn|9\n|inactive|TreeHuger3 has 30 seconds left.\n|\n|t:|1700954725\n|move|p1a: Cindy Lou|Follow Me|p1a: Cindy Lou\n|-singleturn|p1a: Cindy Lou|move: Follow Me\n|move|p1b: Grinch|Aura Sphere|p2b: Kingambit\n|-supereffective|p2b: Kingambit\n|-damage|p2b: Kingambit|0 fnt\n|faint|p2b: Kingambit\n|move|p2a: Tatsugiri|Draco Meteor|p1a: Cindy Lou\n|-damage|p1a: Cindy Lou|0 fnt\n|-unboost|p2a: Tatsugiri|spa|2\n|faint|p1a: Cindy Lou\n|\n|upkeep\n|\n|t:|1700954734\n|switch|p1a: Mrs. Claus|Ninetales-Alola, L50, F|1\/100\n|-weather|Snow|[from] ability: Snow Warning|[of] p1a: Mrs. Claus\n|turn|10\n|\n|t:|1700954744\n|move|p2a: Tatsugiri|Protect|p2a: Tatsugiri\n|-singleturn|p2a: Tatsugiri|Protect\n|move|p1b: Grinch|Expanding Force|p2a: Tatsugiri\n|-activate|p2a: Tatsugiri|move: Protect\n|move|p1a: Mrs. Claus|Encore|p2a: Tatsugiri\n|-activate|p2a: Tatsugiri|move: Protect\n|\n|-weather|Snow|[upkeep]\n|upkeep\n|turn|11\n|\n|t:|1700954758\n|move|p1b: Grinch|Expanding Force|p2a: Tatsugiri\n|-enditem|p2a: Tatsugiri|Focus Sash\n|-damage|p2a: Tatsugiri|1\/100\n|move|p1a: Mrs. Claus|Encore|p2a: Tatsugiri\n|-start|p2a: Tatsugiri|Encore\n|move|p2a: Tatsugiri|Protect||[still]\n|-fail|p2a: Tatsugiri\n|\n|-weather|Snow|[upkeep]\n|upkeep\n|turn|12\n|l|\u2606TreeHuger3\n|inactive|TreeHuger3 disconnected and has a minute to reconnect!\n|player|p2|\n|\n|t:|1700954768\n|move|p2a: Tatsugiri|Protect|p2a: Tatsugiri\n|-singleturn|p2a: Tatsugiri|Protect\n|move|p1b: Grinch|Expanding Force|p2a: Tatsugiri\n|-activate|p2a: Tatsugiri|move: Protect\n|move|p1a: Mrs. Claus|Moonblast|p2a: Tatsugiri\n|-activate|p2a: Tatsugiri|move: Protect\n|\n|-weather|Snow|[upkeep]\n|-fieldend|move: Psychic Terrain\n|upkeep\n|turn|13\n|inactive|TreeHuger3 has 30 seconds left.\n|inactive|TreeHuger3 has 20 seconds left.\n|inactive|TreeHuger3 has 15 seconds left.\n|inactive|TreeHuger3 has 10 seconds left.\n|inactive|TreeHuger3 has 5 seconds left.\n|-message|TreeHuger3 lost due to inactivity.\n|\n|win|Testmaymay\n|raw|Testmaymay's rating: 1576 &rarr; <strong>1604<\/strong><br \/>(+28 for winning)\n|raw|TreeHuger3's rating: 1725 &rarr; <strong>1697<\/strong><br \/>(-28 for losing)\n","uploadtime":1700954829,"views":12,"p1id":"testmaymay","p2id":"treehuger3","formatid":"gen9vgc2023regulatione","rating":1604,"private":0,"password":""}