{"id":"gen9vgc2023regulatione-1999232388","p1":"gabtesting","p2":"chamnb2323","format":"[Gen 9] VGC 2023 Regulation E","log":"|j|\u2606gabtesting\n|j|\u203dchamnb2323\n|t:|1701048567\n|gametype|doubles\n|player|p1|gabtesting|169|1067\n|player|p2|chamnb2323|hilbert|1051\n|teamsize|p1|6\n|teamsize|p2|6\n|gen|9\n|tier|[Gen 9] VGC 2023 Regulation E\n|rated|\n|rule|Species Clause: Limit one of each Pok\u00e9mon\n|rule|Item Clause: Limit one of each item\n|clearpoke\n|poke|p1|Ninetales-Alola, L50, F|\n|poke|p1|Cetitan, L50, F|\n|poke|p1|Baxcalibur, L50, M|\n|poke|p1|Landorus-Therian, L50, M|\n|poke|p1|Heatran, L50, F|\n|poke|p1|Zapdos, L50|\n|poke|p2|Charizard, L50, M|\n|poke|p2|Tyranitar, L50, M|\n|poke|p2|Salamence, L50, M|\n|poke|p2|Luxray, L50, M|\n|poke|p2|Corviknight, L50, M|\n|poke|p2|Great Tusk, L50|\n|teampreview|4\n|inactive|Battle timer is ON: inactive players will automatically lose when time's up. (requested by gabtesting)\n|inactive|chamnb2323 has 60 seconds left.\n|\n|t:|1701048604\n|start\n|switch|p1a: Ninetales|Ninetales-Alola, L50, F|100\/100\n|switch|p1b: Baxcalibur|Baxcalibur, L50, M|100\/100\n|switch|p2a: Salamence|Salamence, L50, M|100\/100\n|switch|p2b: Corviknight|Corviknight, L50, M|100\/100\n|-ability|p2a: Salamence|Intimidate|boost\n|-unboost|p1a: Ninetales|atk|1\n|-unboost|p1b: Baxcalibur|atk|1\n|-weather|Snow|[from] ability: Snow Warning|[of] p1a: Ninetales\n|turn|1\n|l|\u2606gabtesting\n|inactive|gabtesting disconnected and has a minute to reconnect!\n|player|p1|\n|j|\u2606gabtesting\n|inactive|gabtesting reconnected and has 40 seconds left.\n|player|p1|gabtesting|169\n|inactive|gabtesting has 30 seconds left.\n|\n|t:|1701048635\n|switch|p2b: Tyranitar|Tyranitar, L50, M|100\/100\n|-weather|Sandstorm|[from] ability: Sand Stream|[of] p2b: Tyranitar\n|-terastallize|p2a: Salamence|Fairy\n|move|p2a: Salamence|Tera Blast|p1b: Baxcalibur|[anim] Tera Blast Fairy\n|-supereffective|p1b: Baxcalibur\n|-damage|p1b: Baxcalibur|5\/100\n|-damage|p2a: Salamence|90\/100|[from] item: Life Orb\n|move|p1a: Ninetales|Aurora Veil||[still]\n|-fail|p1a: Ninetales\n|move|p1b: Baxcalibur|Swords Dance|p1b: Baxcalibur\n|-boost|p1b: Baxcalibur|atk|2\n|\n|-weather|Sandstorm|[upkeep]\n|-damage|p2a: Salamence|85\/100|[from] Sandstorm\n|-damage|p1a: Ninetales|95\/100|[from] Sandstorm\n|-damage|p1b: Baxcalibur|0 fnt|[from] Sandstorm\n|faint|p1b: Baxcalibur\n|upkeep\n|\n|t:|1701048648\n|switch|p1b: Heatran|Heatran, L50, F|100\/100\n|turn|2\n|\n|t:|1701048665\n|switch|p1a: Zapdos|Zapdos, L50|100\/100\n|move|p1b: Heatran|Protect|p1b: Heatran\n|-singleturn|p1b: Heatran|Protect\n|move|p2a: Salamence|Tera Blast|p1a: Zapdos|[anim] Tera Blast Fairy\n|-damage|p1a: Zapdos|50\/100\n|-damage|p2a: Salamence|75\/100|[from] item: Life Orb\n|move|p2b: Tyranitar|Knock Off|p1b: Heatran\n|-activate|p1b: Heatran|move: Protect\n|\n|-weather|Sandstorm|[upkeep]\n|-damage|p2a: Salamence|69\/100|[from] Sandstorm\n|-damage|p1a: Zapdos|44\/100|[from] Sandstorm\n|upkeep\n|turn|3\n|\n|t:|1701048686\n|move|p2a: Salamence|Tera Blast|p1b: Heatran|[anim] Tera Blast Fairy\n|-resisted|p1b: Heatran\n|-damage|p1b: Heatran|90\/100\n|-damage|p2a: Salamence|59\/100|[from] item: Life Orb\n|move|p1a: Zapdos|Tailwind|p1a: Zapdos\n|-sidestart|p1: gabtesting|move: Tailwind\n|move|p1b: Heatran|Earth Power|p2b: Tyranitar\n|-supereffective|p2b: Tyranitar\n|-damage|p2b: Tyranitar|69\/100\n|-damage|p1b: Heatran|81\/100|[from] item: Life Orb\n|move|p2b: Tyranitar|Knock Off|p1b: Heatran\n|-damage|p1b: Heatran|33\/100\n|-enditem|p1b: Heatran|Life Orb|[from] move: Knock Off|[of] p2b: Tyranitar\n|\n|-weather|Sandstorm|[upkeep]\n|-damage|p1a: Zapdos|38\/100|[from] Sandstorm\n|-damage|p2a: Salamence|53\/100|[from] Sandstorm\n|upkeep\n|turn|4\n|inactive|gabtesting has 30 seconds left.\n|\n|t:|1701048717\n|switch|p2a: Corviknight|Corviknight, L50, M|100\/100\n|move|p1a: Zapdos|Roost|p1a: Zapdos\n|-heal|p1a: Zapdos|88\/100\n|-singleturn|p1a: Zapdos|move: Roost\n|move|p1b: Heatran|Earth Power|p2b: Tyranitar\n|-supereffective|p2b: Tyranitar\n|-damage|p2b: Tyranitar|41\/100\n|move|p2b: Tyranitar|Knock Off|p1a: Zapdos\n|-damage|p1a: Zapdos|43\/100\n|-damage|p2b: Tyranitar|25\/100|[from] item: Rocky Helmet|[of] p1a: Zapdos\n|-enditem|p1a: Zapdos|Rocky Helmet|[from] move: Knock Off|[of] p2b: Tyranitar\n|\n|-weather|Sandstorm|[upkeep]\n|-damage|p1a: Zapdos|37\/100|[from] Sandstorm\n|upkeep\n|turn|5\n|\n|t:|1701048739\n|switch|p1a: Ninetales|Ninetales-Alola, L50, F|95\/100\n|-weather|Snow|[from] ability: Snow Warning|[of] p1a: Ninetales\n|switch|p2b: Charizard|Charizard, L50, M|100\/100\n|move|p1b: Heatran|Earth Power|p2b: Charizard\n|-immune|p2b: Charizard\n|move|p2a: Corviknight|Iron Head|p1a: Ninetales\n|-supereffective|p1a: Ninetales\n|-damage|p1a: Ninetales|17\/100\n|-enditem|p1a: Ninetales|Sitrus Berry|[eat]\n|-heal|p1a: Ninetales|41\/100|[from] item: Sitrus Berry\n|\n|-weather|Snow|[upkeep]\n|upkeep\n|turn|6\n|\n|t:|1701048760\n|switch|p2a: Tyranitar|Tyranitar, L50, M|25\/100\n|-weather|Sandstorm|[from] ability: Sand Stream|[of] p2a: Tyranitar\n|move|p1a: Ninetales|Blizzard|p2b: Charizard|[spread] p2a,p2b\n|-damage|p2a: Tyranitar|14\/100\n|-damage|p2b: Charizard|65\/100\n|move|p1b: Heatran|Heat Wave|p2a: Tyranitar|[spread] p2a,p2b\n|-resisted|p2a: Tyranitar\n|-resisted|p2b: Charizard\n|-damage|p2a: Tyranitar|7\/100\n|-damage|p2b: Charizard|41\/100\n|move|p2b: Charizard|Flamethrower|p1a: Ninetales\n|-supereffective|p1a: Ninetales\n|-damage|p1a: Ninetales|0 fnt\n|faint|p1a: Ninetales\n|\n|-weather|Sandstorm|[upkeep]\n|-damage|p2b: Charizard|35\/100|[from] Sandstorm\n|-sideend|p1: gabtesting|move: Tailwind\n|upkeep\n|\n|t:|1701048773\n|switch|p1a: Zapdos|Zapdos, L50|37\/100\n|turn|7\n|\n|t:|1701048785\n|move|p1b: Heatran|Protect|p1b: Heatran\n|-singleturn|p1b: Heatran|Protect\n|move|p2b: Charizard|Flamethrower|p1a: Zapdos\n|-damage|p1a: Zapdos|0 fnt\n|faint|p1a: Zapdos\n|move|p2a: Tyranitar|Knock Off|p1b: Heatran\n|-activate|p1b: Heatran|move: Protect\n|\n|-weather|Sandstorm|[upkeep]\n|-damage|p2b: Charizard|29\/100|[from] Sandstorm\n|upkeep\n|turn|8\n|\n|t:|1701048803\n|move|p2b: Charizard|Air Slash|p1b: Heatran\n|-resisted|p1b: Heatran\n|-damage|p1b: Heatran|18\/100\n|move|p1b: Heatran|Heat Wave|p2b: Charizard|[spread] p2a,p2b\n|-resisted|p2a: Tyranitar\n|-resisted|p2b: Charizard\n|-damage|p2a: Tyranitar|0 fnt\n|-damage|p2b: Charizard|6\/100\n|faint|p2a: Tyranitar\n|\n|-weather|Sandstorm|[upkeep]\n|-damage|p2b: Charizard|0 fnt|[from] Sandstorm\n|faint|p2b: Charizard\n|upkeep\n|c|\u2606gabtesting|gg\n|\n|t:|1701048815\n|switch|p2b: Corviknight|Corviknight, L50, M|100\/100\n|switch|p2a: Salamence|Salamence, L50, M, tera:Fairy|53\/100\n|-ability|p2a: Salamence|Intimidate|boost\n|-unboost|p1b: Heatran|atk|1\n|turn|9\n|\n|t:|1701048826\n|move|p2a: Salamence|Protect|p2a: Salamence\n|-singleturn|p2a: Salamence|Protect\n|move|p1b: Heatran|Heat Wave|p2b: Corviknight|[spread] \n|-activate|p2a: Salamence|move: Protect\n|-miss|p1b: Heatran|p2b: Corviknight\n|move|p2b: Corviknight|Rain Dance|p2b: Corviknight\n|-weather|RainDance\n|\n|-weather|RainDance|[upkeep]\n|upkeep\n|turn|10\n|-message|gabtesting forfeited.\n|\n|win|chamnb2323\n|raw|gabtesting's rating: 1067 &rarr; <strong>1046<\/strong><br \/>(-21 for losing)\n|raw|chamnb2323's rating: 1051 &rarr; <strong>1085<\/strong><br \/>(+34 for winning)\n","uploadtime":1701048839,"views":13,"p1id":"gabtesting","p2id":"chamnb2323","formatid":"gen9vgc2023regulatione","rating":1046,"private":0,"password":""}