{"id":"gen9vgc2023regulatione-1993241139","p1":"Beastyshadow13","p2":"Blackflashzzzzz","format":"[Gen 9] VGC 2023 Regulation E","log":"|j|\u2606Beastyshadow13\n|j|\u2606Blackflashzzzzz\n|t:|1700282849\n|gametype|doubles\n|player|p1|Beastyshadow13|veteran|1258\n|player|p2|Blackflashzzzzz|169|1395\n|teamsize|p1|6\n|teamsize|p2|6\n|gen|9\n|tier|[Gen 9] VGC 2023 Regulation E\n|rated|\n|rule|Species Clause: Limit one of each Pok\u00e9mon\n|rule|Item Clause: Limit one of each item\n|clearpoke\n|poke|p1|Tinkaton, L50, F|\n|poke|p1|Grafaiai, L50, M|\n|poke|p1|Rillaboom, L50, M|\n|poke|p1|Tornadus, L50, M|\n|poke|p1|Sneasler, L50, M|\n|poke|p1|Lurantis, L50, M|\n|poke|p2|Iron Bundle, L50|\n|poke|p2|Ninetales-Alola, L50, M|\n|poke|p2|Baxcalibur, L50, F|\n|poke|p2|Urshifu-*, L50, M|\n|poke|p2|Amoonguss, L50, M|\n|poke|p2|Gholdengo, L50|\n|teampreview|4\n|\n|t:|1700282883\n|start\n|switch|p1a: Rillaboom|Rillaboom, L50, M|100\/100\n|switch|p1b: Grafaiai|Grafaiai, L50, M|100\/100\n|switch|p2a: Ninetales|Ninetales-Alola, L50, M|100\/100\n|switch|p2b: Baxcalibur|Baxcalibur, L50, F|100\/100\n|-weather|Snow|[from] ability: Snow Warning|[of] p2a: Ninetales\n|-fieldstart|move: Grassy Terrain|[from] ability: Grassy Surge|[of] p1a: Rillaboom\n|turn|1\n|\n|t:|1700282890\n|move|p1a: Rillaboom|Fake Out|p2b: Baxcalibur\n|-damage|p2b: Baxcalibur|91\/100\n|move|p1b: Grafaiai|Parting Shot|p2b: Baxcalibur\n|-unboost|p2b: Baxcalibur|atk|1\n|-unboost|p2b: Baxcalibur|spa|1\n|\n|t:|1700282892\n|switch|p1b: Tinkaton|Tinkaton, L50, F|100\/100|[from] Parting Shot\n|move|p2a: Ninetales|Aurora Veil|p2a: Ninetales\n|-sidestart|p2: Blackflashzzzzz|move: Aurora Veil\n|cant|p2b: Baxcalibur|flinch\n|\n|-weather|Snow|[upkeep]\n|-heal|p2b: Baxcalibur|97\/100|[from] Grassy Terrain\n|upkeep\n|turn|2\n|\n|t:|1700282906\n|switch|p2b: Amoonguss|Amoonguss, L50, M|100\/100\n|switch|p1a: Sneasler|Sneasler, L50, M|100\/100\n|-enditem|p1a: Sneasler|Grassy Seed\n|-boost|p1a: Sneasler|def|1|[from] item: Grassy Seed\n|move|p1b: Tinkaton|Protect|p1b: Tinkaton\n|-singleturn|p1b: Tinkaton|Protect\n|move|p2a: Ninetales|Icy Wind|p1b: Tinkaton|[spread] p1a\n|-activate|p1b: Tinkaton|move: Protect\n|-damage|p1a: Sneasler|83\/100\n|-unboost|p1a: Sneasler|spe|1\n|\n|-weather|Snow|[upkeep]\n|-heal|p1a: Sneasler|89\/100|[from] Grassy Terrain\n|upkeep\n|turn|3\n|\n|t:|1700282926\n|move|p1a: Sneasler|Fake Out|p2b: Amoonguss\n|-damage|p2b: Amoonguss|93\/100\n|move|p2a: Ninetales|Dazzling Gleam|p1b: Tinkaton|[spread] p1a,p1b\n|-resisted|p1b: Tinkaton\n|-damage|p1a: Sneasler|64\/100\n|-damage|p1b: Tinkaton|91\/100\n|move|p1b: Tinkaton|Gigaton Hammer|p2a: Ninetales\n|-supereffective|p2a: Ninetales\n|-damage|p2a: Ninetales|0 fnt\n|faint|p2a: Ninetales\n|cant|p2b: Amoonguss|flinch\n|\n|-weather|Snow|[upkeep]\n|-heal|p1a: Sneasler|70\/100|[from] Grassy Terrain\n|-heal|p1b: Tinkaton|97\/100|[from] Grassy Terrain\n|-heal|p2b: Amoonguss|99\/100|[from] Grassy Terrain\n|upkeep\n|\n|t:|1700282931\n|switch|p2a: Urshifu|Urshifu-Rapid-Strike, L50, M|100\/100\n|turn|4\n|\n|t:|1700282944\n|switch|p1a: Rillaboom|Rillaboom, L50, M|100\/100\n|-terastallize|p2a: Urshifu|Water\n|move|p1b: Tinkaton|Protect|p1b: Tinkaton\n|-singleturn|p1b: Tinkaton|Protect\n|move|p2a: Urshifu|Surging Strikes|p1a: Rillaboom\n|-resisted|p1a: Rillaboom\n|-crit|p1a: Rillaboom\n|-damage|p1a: Rillaboom|85\/100\n|-resisted|p1a: Rillaboom\n|-crit|p1a: Rillaboom\n|-damage|p1a: Rillaboom|69\/100\n|-resisted|p1a: Rillaboom\n|-crit|p1a: Rillaboom\n|-damage|p1a: Rillaboom|55\/100\n|-hitcount|p1a: Rillaboom|3\n|move|p2b: Amoonguss|Spore|p1b: Tinkaton\n|-activate|p1b: Tinkaton|move: Protect\n|\n|-weather|Snow|[upkeep]\n|-heal|p1b: Tinkaton|100\/100|[from] Grassy Terrain\n|-heal|p1a: Rillaboom|61\/100|[from] Grassy Terrain\n|-heal|p2b: Amoonguss|100\/100|[from] Grassy Terrain\n|upkeep\n|turn|5\n|\n|t:|1700282962\n|-terastallize|p1b: Tinkaton|Steel\n|move|p1a: Rillaboom|Fake Out|p2a: Urshifu\n|-damage|p2a: Urshifu|91\/100\n|cant|p2a: Urshifu|flinch\n|move|p1b: Tinkaton|Gigaton Hammer|p2b: Amoonguss\n|-damage|p2b: Amoonguss|52\/100\n|move|p2b: Amoonguss|Foul Play|p1a: Rillaboom\n|-damage|p1a: Rillaboom|29\/100\n|\n|-weather|none\n|-heal|p2a: Urshifu|97\/100|[from] Grassy Terrain\n|-heal|p1a: Rillaboom|34\/100|[from] Grassy Terrain\n|-heal|p2b: Amoonguss|58\/100|[from] Grassy Terrain\n|-fieldend|move: Grassy Terrain\n|upkeep\n|turn|6\n|\n|t:|1700282976\n|switch|p1a: Grafaiai|Grafaiai, L50, M|100\/100\n|move|p1b: Tinkaton|Protect|p1b: Tinkaton\n|-singleturn|p1b: Tinkaton|Protect\n|move|p2a: Urshifu|Surging Strikes|p1a: Grafaiai\n|-crit|p1a: Grafaiai\n|-damage|p1a: Grafaiai|60\/100\n|-crit|p1a: Grafaiai\n|-damage|p1a: Grafaiai|20\/100\n|-crit|p1a: Grafaiai\n|-damage|p1a: Grafaiai|0 fnt\n|faint|p1a: Grafaiai\n|-hitcount|p1: Grafaiai|3\n|move|p2b: Amoonguss|Spore|p1b: Tinkaton\n|-activate|p1b: Tinkaton|move: Protect\n|\n|upkeep\n|\n|t:|1700282979\n|switch|p1a: Rillaboom|Rillaboom, L50, M|34\/100\n|-fieldstart|move: Grassy Terrain|[from] ability: Grassy Surge|[of] p1a: Rillaboom\n|turn|7\n|\n|t:|1700282990\n|move|p2b: Amoonguss|Rage Powder|p2b: Amoonguss\n|-singleturn|p2b: Amoonguss|move: Rage Powder\n|move|p1a: Rillaboom|Grassy Glide|p2a: Urshifu\n|-supereffective|p2a: Urshifu\n|-damage|p2a: Urshifu|49\/100\n|move|p2a: Urshifu|Surging Strikes|p1b: Tinkaton\n|-crit|p1b: Tinkaton\n|-damage|p1b: Tinkaton|61\/100\n|-crit|p1b: Tinkaton\n|-damage|p1b: Tinkaton|17\/100\n|-crit|p1b: Tinkaton\n|-damage|p1b: Tinkaton|0 fnt\n|faint|p1b: Tinkaton\n|-hitcount|p1: Tinkaton|3\n|\n|-heal|p2a: Urshifu|55\/100|[from] Grassy Terrain\n|-heal|p1a: Rillaboom|40\/100|[from] Grassy Terrain\n|-heal|p2b: Amoonguss|64\/100|[from] Grassy Terrain\n|upkeep\n|\n|t:|1700282997\n|switch|p1b: Sneasler|Sneasler, L50, M|70\/100\n|turn|8\n|\n|t:|1700283009\n|move|p1a: Rillaboom|Grassy Glide|p2a: Urshifu\n|-supereffective|p2a: Urshifu\n|-damage|p2a: Urshifu|5\/100\n|move|p2a: Urshifu|Surging Strikes|p1b: Sneasler\n|-crit|p1b: Sneasler\n|-damage|p1b: Sneasler|20\/100\n|-crit|p1b: Sneasler\n|-damage|p1b: Sneasler|0 fnt\n|faint|p1b: Sneasler\n|-hitcount|p1: Sneasler|2\n|move|p2b: Amoonguss|Pollen Puff|p2a: Urshifu\n|-heal|p2a: Urshifu|55\/100\n|\n|-heal|p2a: Urshifu|61\/100|[from] Grassy Terrain\n|-heal|p1a: Rillaboom|46\/100|[from] Grassy Terrain\n|-heal|p2b: Amoonguss|70\/100|[from] Grassy Terrain\n|-sideend|p2: Blackflashzzzzz|move: Aurora Veil\n|upkeep\n|turn|9\n|-message|Beastyshadow13 forfeited.\n|\n|win|Blackflashzzzzz\n|raw|Beastyshadow13's rating: 1258 &rarr; <strong>1242<\/strong><br \/>(-16 for losing)\n|raw|Blackflashzzzzz's rating: 1395 &rarr; <strong>1407<\/strong><br \/>(+12 for winning)\n|l|\u2606Beastyshadow13\n","uploadtime":1700283021,"views":15,"p1id":"beastyshadow13","p2id":"blackflashzzzzz","formatid":"gen9vgc2023regulatione","rating":1242,"private":0,"password":""}