{"id":"gen9vgc2023regulatione-1995971491","p1":"Euphemia Britannia","p2":"TheTaxCat","format":"[Gen 9] VGC 2023 Regulation E","log":"|j|\u2606Euphemia Britannia\n|j|\u2606TheTaxCat\n|t:|1700623681\n|gametype|doubles\n|player|p1|Euphemia Britannia|fantina|1235\n|player|p2|TheTaxCat|acetrainersnowf|1255\n|teamsize|p1|6\n|teamsize|p2|6\n|gen|9\n|tier|[Gen 9] VGC 2023 Regulation E\n|rated|\n|rule|Species Clause: Limit one of each Pok\u00e9mon\n|rule|Item Clause: Limit one of each item\n|clearpoke\n|poke|p1|Ninetales-Alola, L50, M|\n|poke|p1|Milotic, L50, M|\n|poke|p1|Chien-Pao, L50|\n|poke|p1|Ogerpon-Hearthflame, L50, F|\n|poke|p1|Gothitelle, L50, M|\n|poke|p1|Sylveon, L50, F|\n|poke|p2|Meowscarada, L50, M|\n|poke|p2|Rillaboom, L50, F|\n|poke|p2|Cinderace, L50, M|\n|poke|p2|Sneasler, L50, M|\n|poke|p2|Raichu, L50, F|\n|poke|p2|Heatran, L50, M|\n|teampreview|4\n|\n|t:|1700623717\n|start\n|switch|p1a: Gothitelle|Gothitelle, L50, M|100\/100\n|switch|p1b: Ninetales|Ninetales-Alola, L50, M|100\/100\n|switch|p2a: Rillaboom|Rillaboom, L50, F|100\/100\n|switch|p2b: Meowscarada|Meowscarada, L50, M|100\/100\n|-weather|Snow|[from] ability: Snow Warning|[of] p1b: Ninetales\n|-fieldstart|move: Grassy Terrain|[from] ability: Grassy Surge|[of] p2a: Rillaboom\n|turn|1\n|\n|t:|1700623735\n|move|p2a: Rillaboom|Fake Out|p1a: Gothitelle\n|-damage|p1a: Gothitelle|88\/100\n|cant|p1a: Gothitelle|flinch\n|move|p2b: Meowscarada|Flower Trick|p1b: Ninetales\n|-crit|p1b: Ninetales\n|-damage|p1b: Ninetales|35\/100\n|move|p1b: Ninetales|Aurora Veil|p1b: Ninetales\n|-sidestart|p1: Euphemia Britannia|move: Aurora Veil\n|\n|-weather|Snow|[upkeep]\n|-heal|p1b: Ninetales|41\/100|[from] Grassy Terrain\n|-heal|p1a: Gothitelle|94\/100|[from] Grassy Terrain\n|upkeep\n|turn|2\n|\n|t:|1700623755\n|move|p2b: Meowscarada|Flower Trick|p1b: Ninetales\n|-crit|p1b: Ninetales\n|-damage|p1b: Ninetales|0 fnt\n|faint|p1b: Ninetales\n|move|p2a: Rillaboom|Knock Off|p1a: Gothitelle\n|-supereffective|p1a: Gothitelle\n|-damage|p1a: Gothitelle|51\/100\n|-enditem|p1a: Gothitelle|Sitrus Berry|[from] move: Knock Off|[of] p2a: Rillaboom\n|move|p1a: Gothitelle|Tickle|p2a: Rillaboom\n|-unboost|p2a: Rillaboom|atk|1\n|-unboost|p2a: Rillaboom|def|1\n|\n|-weather|Snow|[upkeep]\n|-heal|p1a: Gothitelle|57\/100|[from] Grassy Terrain\n|upkeep\n|\n|t:|1700623768\n|switch|p1b: Ogerpon|Ogerpon-Hearthflame, L50, F|100\/100\n|-ability|p1b: Ogerpon|Mold Breaker\n|turn|3\n|\n|t:|1700623788\n|-terastallize|p2a: Rillaboom|Fire\n|move|p2a: Rillaboom|Grassy Glide|p1a: Gothitelle\n|-damage|p1a: Gothitelle|40\/100\n|move|p2b: Meowscarada|Flower Trick|p1a: Gothitelle\n|-crit|p1a: Gothitelle\n|-damage|p1a: Gothitelle|0 fnt\n|faint|p1a: Gothitelle\n|move|p1b: Ogerpon|Ivy Cudgel|p2b: Meowscarada|[anim] Ivy Cudgel Fire\n|-supereffective|p2b: Meowscarada\n|-enditem|p2b: Meowscarada|Focus Sash\n|-damage|p2b: Meowscarada|1\/100\n|\n|-weather|Snow|[upkeep]\n|-heal|p2b: Meowscarada|7\/100|[from] Grassy Terrain\n|upkeep\n|\n|t:|1700623802\n|switch|p1a: Chien-Pao|Chien-Pao, L50|100\/100\n|-ability|p1a: Chien-Pao|Sword of Ruin\n|turn|4\n|\n|t:|1700623817\n|move|p1a: Chien-Pao|Sucker Punch|p2b: Meowscarada\n|-resisted|p2b: Meowscarada\n|-damage|p2b: Meowscarada|0 fnt\n|faint|p2b: Meowscarada\n|move|p1b: Ogerpon|Ivy Cudgel|p2a: Rillaboom|[anim] Ivy Cudgel Fire\n|-resisted|p2a: Rillaboom\n|-damage|p2a: Rillaboom|48\/100\n|move|p2a: Rillaboom|High Horsepower|p1b: Ogerpon\n|-damage|p1b: Ogerpon|74\/100\n|\n|-weather|Snow|[upkeep]\n|-heal|p1b: Ogerpon|80\/100|[from] Grassy Terrain\n|-heal|p2a: Rillaboom|54\/100|[from] Grassy Terrain\n|upkeep\n|\n|t:|1700623827\n|switch|p2b: Raichu|Raichu, L50, F|100\/100\n|turn|5\n|\n|t:|1700623842\n|move|p1a: Chien-Pao|Protect|p1a: Chien-Pao\n|-singleturn|p1a: Chien-Pao|Protect\n|move|p1b: Ogerpon|Spiky Shield|p1b: Ogerpon\n|-singleturn|p1b: Ogerpon|move: Protect\n|move|p2b: Raichu|Fake Out|p1b: Ogerpon\n|-activate|p1b: Ogerpon|move: Protect\n|-damage|p2b: Raichu|88\/100|[from] Spiky Shield|[of] p1b: Ogerpon\n|move|p2a: Rillaboom|High Horsepower|p1b: Ogerpon\n|-activate|p1b: Ogerpon|move: Protect\n|-damage|p2a: Rillaboom|42\/100|[from] Spiky Shield|[of] p1b: Ogerpon\n|\n|-weather|none\n|-heal|p2b: Raichu|94\/100|[from] Grassy Terrain\n|-heal|p1b: Ogerpon|86\/100|[from] Grassy Terrain\n|-heal|p2a: Rillaboom|47\/100|[from] Grassy Terrain\n|-fieldend|move: Grassy Terrain\n|upkeep\n|turn|6\n|\n|t:|1700623859\n|switch|p2a: Heatran|Heatran, L50, M|100\/100\n|move|p1a: Chien-Pao|Ice Spinner|p2b: Raichu\n|-damage|p2b: Raichu|0 fnt\n|faint|p2b: Raichu\n|move|p1b: Ogerpon|Ivy Cudgel|p2a: Heatran|[anim] Ivy Cudgel Fire\n|-damage|p2a: Heatran|39\/100\n|-enditem|p2a: Heatran|Sitrus Berry|[eat]\n|-heal|p2a: Heatran|64\/100|[from] item: Sitrus Berry\n|\n|upkeep\n|\n|t:|1700623867\n|switch|p2b: Rillaboom|Rillaboom, L50, F, tera:Fire|47\/100\n|-fieldstart|move: Grassy Terrain|[from] ability: Grassy Surge|[of] p2b: Rillaboom\n|turn|7\n|\n|t:|1700623877\n|move|p1a: Chien-Pao|Protect|p1a: Chien-Pao\n|-singleturn|p1a: Chien-Pao|Protect\n|move|p1b: Ogerpon|Spiky Shield|p1b: Ogerpon\n|-singleturn|p1b: Ogerpon|move: Protect\n|move|p2b: Rillaboom|Fake Out|p1b: Ogerpon\n|-activate|p1b: Ogerpon|move: Protect\n|-damage|p2b: Rillaboom|35\/100|[from] Spiky Shield|[of] p1b: Ogerpon\n|move|p2a: Heatran|Heat Wave|p1b: Ogerpon|[spread] \n|-activate|p1a: Chien-Pao|move: Protect\n|-activate|p1b: Ogerpon|move: Protect\n|\n|-heal|p1b: Ogerpon|93\/100|[from] Grassy Terrain\n|-heal|p2b: Rillaboom|41\/100|[from] Grassy Terrain\n|-heal|p2a: Heatran|70\/100|[from] Grassy Terrain\n|upkeep\n|turn|8\n|\n|t:|1700623898\n|move|p2b: Rillaboom|Grassy Glide|p1a: Chien-Pao\n|-damage|p1a: Chien-Pao|61\/100\n|move|p1a: Chien-Pao|Sacred Sword|p2a: Heatran\n|-supereffective|p2a: Heatran\n|-damage|p2a: Heatran|5\/100\n|move|p1b: Ogerpon|Ivy Cudgel|p2b: Rillaboom|[anim] Ivy Cudgel Fire\n|-resisted|p2b: Rillaboom\n|-damage|p2b: Rillaboom|7\/100\n|move|p2a: Heatran|Heat Wave|p1a: Chien-Pao|[spread] p1a,p1b\n|-supereffective|p1a: Chien-Pao\n|-damage|p1a: Chien-Pao|0 fnt\n|-damage|p1b: Ogerpon|61\/100\n|faint|p1a: Chien-Pao\n|\n|-heal|p1b: Ogerpon|67\/100|[from] Grassy Terrain\n|-heal|p2b: Rillaboom|13\/100|[from] Grassy Terrain\n|-heal|p2a: Heatran|11\/100|[from] Grassy Terrain\n|-sideend|p1: Euphemia Britannia|move: Aurora Veil\n|upkeep\n|turn|9\n|\n|t:|1700623922\n|move|p1b: Ogerpon|Ivy Cudgel|p2b: Rillaboom|[anim] Ivy Cudgel Fire\n|-resisted|p2b: Rillaboom\n|-crit|p2b: Rillaboom\n|-damage|p2b: Rillaboom|0 fnt\n|faint|p2b: Rillaboom\n|move|p2a: Heatran|Earth Power|p1b: Ogerpon\n|-crit|p1b: Ogerpon\n|-damage|p1b: Ogerpon|5\/100\n|-unboost|p1b: Ogerpon|spd|1\n|\n|-heal|p1b: Ogerpon|12\/100|[from] Grassy Terrain\n|-heal|p2a: Heatran|17\/100|[from] Grassy Terrain\n|upkeep\n|turn|10\n|\n|t:|1700623935\n|move|p1b: Ogerpon|Ivy Cudgel|p2a: Heatran|[anim] Ivy Cudgel Fire\n|-crit|p2a: Heatran\n|-damage|p2a: Heatran|0 fnt\n|faint|p2a: Heatran\n|\n|win|Euphemia Britannia\n|raw|Euphemia Britannia's rating: 1235 &rarr; <strong>1261<\/strong><br \/>(+26 for winning)\n|raw|TheTaxCat's rating: 1255 &rarr; <strong>1229<\/strong><br \/>(-26 for losing)\n|l|\u2606TheTaxCat\n","uploadtime":1700623941,"views":6,"p1id":"euphemiabritannia","p2id":"thetaxcat","formatid":"gen9vgc2023regulatione","rating":1229,"private":0,"password":""}