{"id":"gen9vgc2023regulatione-1999672420","p1":"MorningElegy","p2":"viper pit","format":"[Gen 9] VGC 2023 Regulation E","log":"|j|\u2606MorningElegy\n|j|\u2606viper pit\n|n|\u2606MorningElegy|morningelegy\n|n|\u2606viper pit|viperpit\n|html|View the match progress at <a href=\"\/game-bestof3-gen9vgc2023regulatione-1999672419\">game-bestof3-gen9vgc2023regulatione-1999672419<\/a>\n|t:|1701106548\n|gametype|doubles\n|player|p1|MorningElegy|psychic-gen2|\n|player|p2|viper pit|roxie|\n|teamsize|p1|6\n|teamsize|p2|6\n|gen|9\n|tier|[Gen 9] VGC 2023 Regulation E\n|rated|Tournament battle\n|rule|Species Clause: Limit one of each Pok\u00e9mon\n|rule|Item Clause: Limit one of each item\n|clearpoke\n|poke|p1|Urshifu-*, L50, M|\n|poke|p1|Gholdengo, L50|\n|poke|p1|Salamence, L50, F|\n|poke|p1|Politoed, L50, F|\n|poke|p1|Gothitelle, L50, M|\n|poke|p1|Amoonguss, L50, M|\n|poke|p2|Heatran, L50, M|\n|poke|p2|Iron Bundle, L50|\n|poke|p2|Iron Hands, L50|\n|poke|p2|Amoonguss, L50, F|\n|poke|p2|Urshifu-*, L50, F|\n|poke|p2|Landorus-Therian, L50, M|\n|teampreview|4\n|showteam|p1|Urshifu-Rapid-Strike||ChoiceScarf|UnseenFist|SurgingStrikes,CloseCombat,Uturn,AquaJet|||M|||50|,,,,,Water]Gholdengo||MetalCoat|GoodasGold|MakeItRain,ShadowBall,NastyPlot,Protect||||||50|,,,,,Dragon]Salamence||CovertCloak|Intimidate|DracoMeteor,Hurricane,Tailwind,Protect|||F|||50|,,,,,Flying]Politoed||DampRock|Drizzle|MuddyWater,PerishSong,Encore,Protect|||F|||50|,,,,,Dark]Gothitelle||SitrusBerry|ShadowTag|Psychic,FakeOut,TrickRoom,Protect|||M|||50|,,,,,Fairy]Amoonguss||RockyHelmet|Regenerator|PollenPuff,Spore,RagePowder,Protect|||M|||50|,,,,,Water\n|showteam|p2|Heatran||LifeOrb|FlashFire|HeatWave,EarthPower,FlashCannon,Protect|||M|||50|,,,,,Fairy]Iron Bundle||BoosterEnergy|QuarkDrive|FreezeDry,IcyWind,HydroPump,Protect||||||50|,,,,,Ghost]Iron Hands||AssaultVest|QuarkDrive|FakeOut,VoltSwitch,WildCharge,DrainPunch||||||50|,,,,,Water]Amoonguss||RockyHelmet|Regenerator|Spore,RagePowder,LeafStorm,PollenPuff|||F|||50|,,,,,Water]Urshifu||BlackGlasses|UnseenFist|WickedBlow,SwordsDance,SuckerPunch,Protect|||F|||50|,,,,,Poison]Landorus-Therian||SafetyGoggles|Intimidate|TeraBlast,StompingTantrum,Uturn,Protect|||M|||50|,,,,,Flying\n|j| IcicleStorm13\n|j| phishie7\n|j| DPR_VGC\n|c|\u2606MorningElegy|glhf\n|j|%Radio Free C-Side\n|c|\u2606viper pit|u2\n|j| eppendorf1.5\n|\n|t:|1701106602\n|start\n|switch|p1a: Urshifu|Urshifu-Rapid-Strike, L50, M|100\/100\n|switch|p1b: Mana|Gothitelle, L50, M, shiny|100\/100\n|switch|p2a: Iron Bundle|Iron Bundle, L50|100\/100\n|switch|p2b: Iron Hands|Iron Hands, L50|100\/100\n|-enditem|p2a: Iron Bundle|Booster Energy\n|-activate|p2a: Iron Bundle|ability: Quark Drive|[fromitem]\n|-start|p2a: Iron Bundle|quarkdrivespe\n|turn|1\n|\n|t:|1701106633\n|switch|p1a: K\u00f6zi|Gholdengo, L50|100\/100\n|-terastallize|p2a: Iron Bundle|Ghost\n|move|p2a: Iron Bundle|Freeze-Dry|p1a: K\u00f6zi\n|-resisted|p1a: K\u00f6zi\n|-damage|p1a: K\u00f6zi|85\/100\n|move|p1b: Mana|Psychic|p2a: Iron Bundle\n|-damage|p2a: Iron Bundle|56\/100\n|move|p2b: Iron Hands|Wild Charge|p1a: K\u00f6zi\n|-damage|p1a: K\u00f6zi|43\/100\n|-damage|p2b: Iron Hands|92\/100|[from] Recoil\n|\n|upkeep\n|turn|2\n|j| bloodcurseuk\n|\n|t:|1701106669\n|move|p2a: Iron Bundle|Protect|p2a: Iron Bundle\n|-singleturn|p2a: Iron Bundle|Protect\n|move|p1a: K\u00f6zi|Protect|p1a: K\u00f6zi\n|-singleturn|p1a: K\u00f6zi|Protect\n|move|p1b: Mana|Psychic|p2b: Iron Hands\n|-supereffective|p2b: Iron Hands\n|-damage|p2b: Iron Hands|62\/100\n|move|p2b: Iron Hands|Volt Switch|p1a: K\u00f6zi\n|-activate|p1a: K\u00f6zi|move: Protect\n|\n|upkeep\n|turn|3\n|\n|t:|1701106690\n|switch|p1a: Kami|Politoed, L50, F|100\/100\n|-weather|RainDance|[from] ability: Drizzle|[of] p1a: Kami\n|move|p2a: Iron Bundle|Hydro Pump|p1a: Kami\n|-resisted|p1a: Kami\n|-damage|p1a: Kami|64\/100\n|move|p1b: Mana|Psychic|p2a: Iron Bundle\n|-damage|p2a: Iron Bundle|16\/100\n|-unboost|p2a: Iron Bundle|spd|1\n|move|p2b: Iron Hands|Volt Switch|p1a: Kami\n|-supereffective|p1a: Kami\n|-damage|p1a: Kami|40\/100\n|\n|t:|1701106697\n|-end|p2b: Iron Hands|Quark Drive|[silent]\n|switch|p2b: Urshifu|Urshifu, L50, F|100\/100|[from] Volt Switch\n|\n|-weather|RainDance|[upkeep]\n|upkeep\n|turn|4\n|\n|t:|1701106720\n|-terastallize|p1b: Mana|Fairy\n|move|p2a: Iron Bundle|Protect|p2a: Iron Bundle\n|-singleturn|p2a: Iron Bundle|Protect\n|move|p1a: Kami|Protect|p1a: Kami\n|-singleturn|p1a: Kami|Protect\n|move|p2b: Urshifu|Swords Dance|p2b: Urshifu\n|-boost|p2b: Urshifu|atk|2\n|move|p1b: Mana|Trick Room|p1b: Mana\n|-fieldstart|move: Trick Room|[of] p1b: Mana\n|\n|-weather|RainDance|[upkeep]\n|upkeep\n|turn|5\n|\n|t:|1701106751\n|-end|p2a: Iron Bundle|Quark Drive|[silent]\n|switch|p2a: Amoonguss|Amoonguss, L50, F|100\/100\n|move|p2b: Urshifu|Protect|p2b: Urshifu\n|-singleturn|p2b: Urshifu|Protect\n|move|p1b: Mana|Psychic|p2a: Amoonguss\n|-supereffective|p2a: Amoonguss\n|-damage|p2a: Amoonguss|59\/100\n|-unboost|p2a: Amoonguss|spd|1\n|move|p1a: Kami|Encore|p2b: Urshifu\n|-activate|p2b: Urshifu|move: Protect\n|\n|-weather|RainDance|[upkeep]\n|upkeep\n|turn|6\n|\n|t:|1701106817\n|move|p1b: Mana|Protect|p1b: Mana\n|-singleturn|p1b: Mana|Protect\n|move|p2a: Amoonguss|Spore|p1a: Kami\n|-status|p1a: Kami|slp|[from] move: Spore\n|cant|p1a: Kami|slp\n|move|p2b: Urshifu|Wicked Blow|p1a: Kami\n|-crit|p1a: Kami\n|-damage|p1a: Kami|0 fnt\n|faint|p1a: Kami\n|\n|-weather|RainDance|[upkeep]\n|upkeep\n|\n|t:|1701106829\n|switch|p1a: K\u00f6zi|Gholdengo, L50|43\/100\n|turn|7\n|\n|t:|1701106869\n|move|p1b: Mana|Protect||[still]\n|-fail|p1b: Mana\n|move|p2a: Amoonguss|Spore|p1b: Mana\n|-status|p1b: Mana|slp|[from] move: Spore\n|move|p1a: K\u00f6zi|Nasty Plot|p1a: K\u00f6zi\n|-boost|p1a: K\u00f6zi|spa|2\n|move|p2b: Urshifu|Wicked Blow|p1a: K\u00f6zi\n|-supereffective|p1a: K\u00f6zi\n|-crit|p1a: K\u00f6zi\n|-damage|p1a: K\u00f6zi|0 fnt\n|faint|p1a: K\u00f6zi\n|\n|-weather|RainDance|[upkeep]\n|upkeep\n|j| FBISurveillanceMan\n|\n|t:|1701106877\n|switch|p1a: Urshifu|Urshifu-Rapid-Strike, L50, M|100\/100\n|turn|8\n|\n|t:|1701106882\n|move|p2a: Amoonguss|Rage Powder|p2a: Amoonguss\n|-singleturn|p2a: Amoonguss|move: Rage Powder\n|cant|p1b: Mana|slp\n|move|p2b: Urshifu|Wicked Blow|p1a: Urshifu\n|-resisted|p1a: Urshifu\n|-crit|p1a: Urshifu\n|-damage|p1a: Urshifu|26\/100\n|move|p1a: Urshifu|Surging Strikes|p2a: Amoonguss\n|-resisted|p2a: Amoonguss\n|-crit|p2a: Amoonguss\n|-damage|p2a: Amoonguss|42\/100\n|-damage|p1a: Urshifu|10\/100|[from] item: Rocky Helmet|[of] p2a: Amoonguss\n|-resisted|p2a: Amoonguss\n|-crit|p2a: Amoonguss\n|-damage|p2a: Amoonguss|24\/100\n|-damage|p1a: Urshifu|0 fnt|[from] item: Rocky Helmet|[of] p2a: Amoonguss\n|faint|p1a: Urshifu\n|-hitcount|p2a: Amoonguss|2\n|\n|-weather|RainDance|[upkeep]\n|-fieldend|move: Trick Room\n|upkeep\n|turn|9\n|\n|t:|1701106893\n|move|p2b: Urshifu|Wicked Blow|p1b: Mana\n|-resisted|p1b: Mana\n|-crit|p1b: Mana\n|-damage|p1b: Mana|28\/100 slp\n|-enditem|p1b: Mana|Sitrus Berry|[eat]\n|-heal|p1b: Mana|53\/100 slp|[from] item: Sitrus Berry\n|-curestatus|p1b: Mana|slp|[msg]\n|move|p1b: Mana|Psychic|p2a: Amoonguss\n|-supereffective|p2a: Amoonguss\n|-damage|p2a: Amoonguss|0 fnt\n|faint|p2a: Amoonguss\n|\n|-weather|RainDance|[upkeep]\n|upkeep\n|l| eppendorf1.5\n|\n|t:|1701106897\n|switch|p2a: Iron Hands|Iron Hands, L50|62\/100\n|turn|10\n|\n|t:|1701106901\n|move|p1b: Mana|Protect|p1b: Mana\n|-singleturn|p1b: Mana|Protect\n|move|p2a: Iron Hands|Fake Out|p1b: Mana\n|-activate|p1b: Mana|move: Protect\n|move|p2b: Urshifu|Wicked Blow|p1b: Mana\n|-resisted|p1b: Mana\n|-crit|p1b: Mana\n|-damage|p1b: Mana|0 fnt\n|faint|p1b: Mana\n|\n|win|viper pit\n|c|&|\/uhtml prompt-viperpit,viper pit is ready for game 2!\n|c|&|\/uhtml prompt-morningelegy,MorningElegy is ready for game 2!\nBoth players are ready! Starting next match!\n|l| phishie7\n|l| IcicleStorm13\n|l|%Radio Free C-Side\n|l|\u2606viper pit\n|l| bloodcurseuk\n|l| DPR_VGC\n","uploadtime":1701107445,"views":13,"p1id":"morningelegy","p2id":"viperpit","formatid":"gen9vgc2023regulatione","rating":0,"private":0,"password":""}