{"id":"gen9vgc2023regulatione-1998631562","p1":"Neutralist","p2":"americanfootballl","format":"[Gen 9] VGC 2023 Regulation E","log":"|j|\u2606Neutralist\n|j|\u2606americanfootballl\n|t:|1700965277\n|gametype|doubles\n|player|p1|Neutralist|266|1265\n|player|p2|americanfootballl|veteran|1219\n|teamsize|p1|6\n|teamsize|p2|6\n|gen|9\n|tier|[Gen 9] VGC 2023 Regulation E\n|rated|\n|rule|Species Clause: Limit one of each Pok\u00e9mon\n|rule|Item Clause: Limit one of each item\n|clearpoke\n|poke|p1|Baxcalibur, L50, F|\n|poke|p1|Ninetales-Alola, L50, F|\n|poke|p1|Ogerpon-Wellspring, L50, F|\n|poke|p1|Rillaboom, L50, M|\n|poke|p1|Heatran, L50, F|\n|poke|p1|Moltres-Galar, L50|\n|poke|p2|Chi-Yu, L50|\n|poke|p2|Amoonguss, L50, M|\n|poke|p2|Kingambit, L50, M|\n|poke|p2|Ursaluna, L50, M|\n|poke|p2|Flutter Mane, L50|\n|poke|p2|Cresselia, L50, F|\n|teampreview|4\nNeutralist has agreed to open team sheets.\namericanfootballl has agreed to open team sheets.\n|\n|t:|1700965332\n|start\n|switch|p1a: Skillseal|Ninetales-Alola, L50, F|100\/100\n|switch|p1b: L'monki|Rillaboom, L50, M|100\/100\n|switch|p2a: Cresselia|Cresselia, L50, F|100\/100\n|switch|p2b: Ursaluna|Ursaluna, L50, M|100\/100\n|-weather|Snow|[from] ability: Snow Warning|[of] p1a: Skillseal\n|-fieldstart|move: Grassy Terrain|[from] ability: Grassy Surge|[of] p1b: L'monki\n|turn|1\n|inactive|Battle timer is ON: inactive players will automatically lose when time's up. (requested by Neutralist)\n|\n|t:|1700965376\n|-terastallize|p2b: Ursaluna|Ghost\n|move|p2a: Cresselia|Helping Hand|p2b: Ursaluna\n|-singleturn|p2b: Ursaluna|Helping Hand|[of] p2a: Cresselia\n|move|p1b: L'monki|Fake Out|p2a: Cresselia\n|-damage|p2a: Cresselia|92\/100\n|move|p1a: Skillseal|Aurora Veil|p1a: Skillseal\n|-sidestart|p1: Neutralist|move: Aurora Veil\n|move|p2b: Ursaluna|Facade|p1a: Skillseal\n|-damage|p1a: Skillseal|67\/100\n|\n|-weather|Snow|[upkeep]\n|-heal|p1a: Skillseal|73\/100|[from] Grassy Terrain\n|-status|p2b: Ursaluna|brn|[from] item: Flame Orb\n|upkeep\n|turn|2\n|\n|t:|1700965394\n|move|p1a: Skillseal|Moonblast|p2b: Ursaluna\n|-damage|p2b: Ursaluna|77\/100 brn\n|move|p1b: L'monki|Wood Hammer|p2b: Ursaluna\n|-damage|p2b: Ursaluna|15\/100 brn\n|-damage|p1b: L'monki|75\/100|[from] Recoil\n|move|p2b: Ursaluna|Close Combat|p1b: L'monki\n|-damage|p1b: L'monki|23\/100\n|-unboost|p2b: Ursaluna|def|1\n|-unboost|p2b: Ursaluna|spd|1\n|move|p2a: Cresselia|Trick Room|p2a: Cresselia\n|-fieldstart|move: Trick Room|[of] p2a: Cresselia\n|\n|-weather|Snow|[upkeep]\n|-heal|p2b: Ursaluna|21\/100 brn|[from] Grassy Terrain\n|-heal|p1b: L'monki|29\/100|[from] Grassy Terrain\n|-heal|p1a: Skillseal|79\/100|[from] Grassy Terrain\n|-damage|p2b: Ursaluna|15\/100 brn|[from] brn\n|upkeep\n|turn|3\n|inactive|americanfootballl has 30 seconds left.\n|\n|t:|1700965420\n|move|p2a: Cresselia|Helping Hand|p2b: Ursaluna\n|-singleturn|p2b: Ursaluna|Helping Hand|[of] p2a: Cresselia\n|move|p1b: L'monki|Grassy Glide|p2b: Ursaluna\n|-damage|p2b: Ursaluna|0 fnt\n|faint|p2b: Ursaluna\n|move|p1a: Skillseal|Encore|p2a: Cresselia\n|-start|p2a: Cresselia|Encore\n|-enditem|p2a: Cresselia|Mental Herb\n|-end|p2a: Cresselia|Encore\n|\n|-weather|Snow|[upkeep]\n|-heal|p1b: L'monki|35\/100|[from] Grassy Terrain\n|-heal|p1a: Skillseal|85\/100|[from] Grassy Terrain\n|upkeep\n|\n|t:|1700965423\n|switch|p2b: Kingambit|Kingambit, L50, M|100\/100\n|turn|4\n|inactive|Neutralist has 30 seconds left.\n|inactive|Neutralist has 20 seconds left.\n|inactive|Neutralist has 15 seconds left.\n|\n|t:|1700965466\n|move|p2a: Cresselia|Helping Hand|p2b: Kingambit\n|-singleturn|p2b: Kingambit|Helping Hand|[of] p2a: Cresselia\n|move|p2b: Kingambit|Kowtow Cleave|p1b: L'monki\n|-damage|p1b: L'monki|0 fnt\n|faint|p1b: L'monki\n|move|p1a: Skillseal|Icy Wind|p2a: Cresselia|[spread] p2b\n|-miss|p1a: Skillseal|p2a: Cresselia\n|-resisted|p2b: Kingambit\n|-damage|p2b: Kingambit|97\/100\n|-unboost|p2b: Kingambit|spe|1\n|-ability|p2b: Kingambit|Defiant|boost\n|-boost|p2b: Kingambit|atk|2\n|\n|-weather|Snow|[upkeep]\n|-heal|p2b: Kingambit|100\/100|[from] Grassy Terrain\n|-heal|p1a: Skillseal|90\/100|[from] Grassy Terrain\n|upkeep\n|\n|t:|1700965482\n|switch|p1b: Hellmanns|Heatran, L50, F|100\/100\n|turn|5\n|inactive|americanfootballl has 30 seconds left.\n|\n|t:|1700965510\n|move|p2a: Cresselia|Helping Hand|p2b: Kingambit\n|-singleturn|p2b: Kingambit|Helping Hand|[of] p2a: Cresselia\n|move|p1b: Hellmanns|Protect|p1b: Hellmanns\n|-singleturn|p1b: Hellmanns|Protect\n|move|p2b: Kingambit|Kowtow Cleave|p1b: Hellmanns\n|-activate|p1b: Hellmanns|move: Protect\n|move|p1a: Skillseal|Moonblast|p2b: Kingambit\n|-damage|p2b: Kingambit|83\/100\n|-unboost|p2b: Kingambit|spa|1\n|-ability|p2b: Kingambit|Defiant|boost\n|-boost|p2b: Kingambit|atk|2\n|\n|-weather|none\n|-heal|p2b: Kingambit|88\/100|[from] Grassy Terrain\n|-heal|p1a: Skillseal|96\/100|[from] Grassy Terrain\n|-fieldend|move: Grassy Terrain\n|upkeep\n|turn|6\n|\n|t:|1700965523\n|-terastallize|p1b: Hellmanns|Fairy\n|move|p2a: Cresselia|Helping Hand|p2b: Kingambit\n|-singleturn|p2b: Kingambit|Helping Hand|[of] p2a: Cresselia\n|move|p2b: Kingambit|Kowtow Cleave|p1b: Hellmanns\n|-resisted|p1b: Hellmanns\n|-damage|p1b: Hellmanns|39\/100\n|move|p1b: Hellmanns|Heat Wave|p2b: Kingambit|[spread] p2a\n|-miss|p1b: Hellmanns|p2b: Kingambit\n|-damage|p2a: Cresselia|67\/100\n|-status|p2a: Cresselia|brn\n|-damage|p1b: Hellmanns|29\/100|[from] item: Life Orb\n|move|p1a: Skillseal|Moonblast|p2b: Kingambit\n|-damage|p2b: Kingambit|71\/100\n|\n|-damage|p2a: Cresselia|61\/100 brn|[from] brn\n|-fieldend|move: Trick Room\n|upkeep\n|turn|7\n|inactive|americanfootballl has 30 seconds left.\n|inactive|americanfootballl has 20 seconds left.\n|\n|t:|1700965559\n|move|p1a: Skillseal|Encore|p2b: Kingambit\n|-start|p2b: Kingambit|Encore\n|move|p1b: Hellmanns|Heat Wave|p2a: Cresselia|[spread] p2a,p2b\n|-supereffective|p2b: Kingambit\n|-damage|p2a: Cresselia|37\/100 brn\n|-damage|p2b: Kingambit|18\/100\n|-damage|p1b: Hellmanns|19\/100|[from] item: Life Orb\n|move|p2a: Cresselia|Lunar Blessing|p2a: Cresselia|[spread] p2a,p2b\n|-heal|p2a: Cresselia|62\/100 brn\n|-curestatus|p2a: Cresselia|brn|[msg]\n|-heal|p2b: Kingambit|43\/100\n|move|p2b: Kingambit|Kowtow Cleave|p1a: Skillseal\n|-resisted|p1a: Skillseal\n|-damage|p1a: Skillseal|38\/100\n|\n|upkeep\n|turn|8\n|inactive|americanfootballl has 30 seconds left.\n|\n|t:|1700965586\n|move|p1a: Skillseal|Moonblast|p2b: Kingambit\n|-damage|p2b: Kingambit|26\/100\n|move|p1b: Hellmanns|Heat Wave|p2b: Kingambit|[spread] p2a,p2b\n|-supereffective|p2b: Kingambit\n|-damage|p2a: Cresselia|36\/100\n|-damage|p2b: Kingambit|0 fnt\n|faint|p2b: Kingambit\n|-damage|p1b: Hellmanns|10\/100|[from] item: Life Orb\n|move|p2a: Cresselia|Moonblast|p1b: Hellmanns\n|-crit|p1b: Hellmanns\n|-damage|p1b: Hellmanns|0 fnt\n|faint|p1b: Hellmanns\n|\n|-sideend|p1: Neutralist|move: Aurora Veil\n|upkeep\n|\n|t:|1700965589\n|switch|p1b: Banger|Ogerpon-Wellspring, L50, F|100\/100\n|switch|p2b: Flutter Mane|Flutter Mane, L50|100\/100\n|-enditem|p2b: Flutter Mane|Booster Energy\n|-activate|p2b: Flutter Mane|ability: Protosynthesis|[fromitem]\n|-start|p2b: Flutter Mane|protosynthesisspe\n|turn|9\n|\n|t:|1700965608\n|move|p2a: Cresselia|Helping Hand|p2b: Flutter Mane\n|-singleturn|p2b: Flutter Mane|Helping Hand|[of] p2a: Cresselia\n|move|p2b: Flutter Mane|Moonblast|p1b: Banger\n|-damage|p1b: Banger|26\/100\n|-unboost|p1b: Banger|spa|1\n|move|p1a: Skillseal|Icy Wind|p2b: Flutter Mane|[spread] \n|-miss|p1a: Skillseal|p2a: Cresselia\n|-miss|p1a: Skillseal|p2b: Flutter Mane\n|move|p1b: Banger|Ivy Cudgel|p2b: Flutter Mane|[anim] Ivy Cudgel Water\n|-damage|p2b: Flutter Mane|0 fnt\n|faint|p2b: Flutter Mane\n|-end|p2b: Flutter Mane|Protosynthesis|[silent]\n|\n|upkeep\n|turn|10\n|c|\u2606Neutralist|lmao wtf that miss\n|\n|t:|1700965625\n|move|p1a: Skillseal|Encore|p2a: Cresselia\n|-start|p2a: Cresselia|Encore\n|move|p1b: Banger|Ivy Cudgel|p2a: Cresselia|[anim] Ivy Cudgel Water\n|-damage|p2a: Cresselia|3\/100\n|move|p2a: Cresselia|Helping Hand|null|[notarget]\n|-fail|p2a: Cresselia\n|\n|upkeep\n|turn|11\n|\n|t:|1700965639\n|move|p2a: Cresselia|Helping Hand|p2: Flutter Mane|[notarget]\n|-fail|p2a: Cresselia\n|move|p1a: Skillseal|Moonblast|p2a: Cresselia\n|-damage|p2a: Cresselia|0 fnt\n|faint|p2a: Cresselia\n|\n|win|Neutralist\n|raw|Neutralist's rating: 1295 &rarr; <strong>1315<\/strong><br \/>(+20 for winning)\n|raw|americanfootballl's rating: 1219 &rarr; <strong>1199<\/strong><br \/>(-20 for losing)\n|l|\u2606americanfootballl\n","uploadtime":1700965645,"views":9,"p1id":"neutralist","p2id":"americanfootballl","formatid":"gen9vgc2023regulatione","rating":1199,"private":0,"password":""}