{"id":"gen9vgc2023regulatione-1989341618","p1":"mazzm","p2":"Minimugs","format":"[Gen 9] VGC 2023 Regulation E","log":"|j|\u2606mazzm\n|j|\u2606Minimugs\n|t:|1699838444\n|gametype|doubles\n|player|p1|mazzm|1|1143\n|player|p2|Minimugs|steven|1077\n|teamsize|p1|6\n|teamsize|p2|6\n|gen|9\n|tier|[Gen 9] VGC 2023 Regulation E\n|rated|\n|rule|Species Clause: Limit one of each Pok\u00e9mon\n|rule|Item Clause: Limit one of each item\n|clearpoke\n|poke|p1|Zapdos-Galar, L50|\n|poke|p1|Chien-Pao, L50|\n|poke|p1|Arcanine-Hisui, L50, M|\n|poke|p1|Amoonguss, L50, F|\n|poke|p1|Roaring Moon, L50|\n|poke|p1|Bruxish, L50, M|\n|poke|p2|Kommo-o, L50, F|\n|poke|p2|Tyranitar, L50, M|\n|poke|p2|Sinistcha, L50|\n|poke|p2|Tornadus, L50, M|\n|poke|p2|Ogerpon-Wellspring, L50, F|\n|poke|p2|Flutter Mane, L50|\n|teampreview|4\n|inactive|Battle timer is ON: inactive players will automatically lose when time's up. (requested by Minimugs)\nmazzm rejected open team sheets.\n|\n|t:|1699838471\n|start\n|switch|p1a: Amoonguss|Amoonguss, L50, F|100\/100\n|switch|p1b: Roaring Moon|Roaring Moon, L50|100\/100\n|switch|p2a: Kommo-o|Kommo-o, L50, F|100\/100\n|switch|p2b: Ogerpon|Ogerpon-Wellspring, L50, F|100\/100\n|-enditem|p1b: Roaring Moon|Booster Energy\n|-activate|p1b: Roaring Moon|ability: Protosynthesis|[fromitem]\n|-start|p1b: Roaring Moon|protosynthesisspe\n|turn|1\n|inactive|mazzm has 30 seconds left.\n|\n|t:|1699838505\n|-terastallize|p2a: Kommo-o|Steel\n|move|p2b: Ogerpon|Spiky Shield|p2b: Ogerpon\n|-singleturn|p2b: Ogerpon|move: Protect\n|move|p1b: Roaring Moon|Tailwind|p1b: Roaring Moon\n|-sidestart|p1: mazzm|move: Tailwind\n|move|p2a: Kommo-o|Clangorous Soul|p2a: Kommo-o\n|-boost|p2a: Kommo-o|atk|1\n|-boost|p2a: Kommo-o|def|1\n|-boost|p2a: Kommo-o|spa|1\n|-boost|p2a: Kommo-o|spd|1\n|-boost|p2a: Kommo-o|spe|1\n|-damage|p2a: Kommo-o|68\/100\n|-enditem|p2a: Kommo-o|Throat Spray\n|-boost|p2a: Kommo-o|spa|1|[from] item: Throat Spray\n|move|p1a: Amoonguss|Spore|p2a: Kommo-o\n|-status|p2a: Kommo-o|slp|[from] move: Spore\n|\n|upkeep\n|turn|2\n|inactive|mazzm has 30 seconds left.\n|inactive|Minimugs has 30 seconds left.\n|\n|t:|1699838537\n|move|p1a: Amoonguss|Rage Powder|p1a: Amoonguss\n|-singleturn|p1a: Amoonguss|move: Rage Powder\n|move|p1b: Roaring Moon|Knock Off|p2a: Kommo-o\n|-damage|p2a: Kommo-o|49\/100 slp\n|move|p2b: Ogerpon|Ivy Cudgel|p1b: Roaring Moon\n|-resisted|p1b: Roaring Moon\n|-damage|p1b: Roaring Moon|68\/100\n|cant|p2a: Kommo-o|slp\n|\n|upkeep\n|turn|3\n|\n|t:|1699838556\n|switch|p2b: Sinistcha|Sinistcha, L50|100\/100\n|-heal|p2a: Kommo-o|73\/100 slp|[from] ability: Hospitality|[of] p2b: Sinistcha\n|move|p1b: Roaring Moon|Breaking Swipe|p2a: Kommo-o|[spread] p2a,p2b\n|-resisted|p2a: Kommo-o\n|-damage|p2a: Kommo-o|68\/100 slp\n|-damage|p2b: Sinistcha|83\/100\n|-unboost|p2a: Kommo-o|atk|1\n|-unboost|p2b: Sinistcha|atk|1\n|-curestatus|p2a: Kommo-o|slp|[msg]\n|move|p2a: Kommo-o|Clanging Scales|p1a: Amoonguss|[spread] p1a,p1b\n|-supereffective|p1b: Roaring Moon\n|-damage|p1a: Amoonguss|55\/100\n|-damage|p1b: Roaring Moon|0 fnt\n|faint|p1b: Roaring Moon\n|-end|p1b: Roaring Moon|Protosynthesis|[silent]\n|-unboost|p2a: Kommo-o|def|1\n|move|p1a: Amoonguss|Pollen Puff|p1: Roaring Moon|[notarget]\n|-fail|p1a: Amoonguss\n|\n|upkeep\n|\n|t:|1699838575\n|switch|p1b: Zapdos|Zapdos-Galar, L50, shiny|100\/100\n|turn|4\n|\n|t:|1699838590\n|switch|p2b: Tyranitar|Tyranitar, L50, M|100\/100\n|-weather|Sandstorm|[from] ability: Sand Stream|[of] p2b: Tyranitar\n|-terastallize|p1b: Zapdos|Flying\n|move|p2a: Kommo-o|Protect|p2a: Kommo-o\n|-singleturn|p2a: Kommo-o|Protect\n|move|p1b: Zapdos|Brave Bird|p2a: Kommo-o\n|-activate|p2a: Kommo-o|move: Protect\n|move|p1a: Amoonguss|Spore|p2a: Kommo-o\n|-activate|p2a: Kommo-o|move: Protect\n|\n|-weather|Sandstorm|[upkeep]\n|-damage|p1b: Zapdos|95\/100|[from] Sandstorm\n|-damage|p1a: Amoonguss|49\/100|[from] Sandstorm\n|-enditem|p1a: Amoonguss|Sitrus Berry|[eat]\n|-heal|p1a: Amoonguss|74\/100|[from] item: Sitrus Berry\n|-sideend|p1: mazzm|move: Tailwind\n|upkeep\n|turn|5\n|\n|t:|1699838614\n|switch|p1b: Arcanine|Arcanine-Hisui, L50, M|100\/100\n|-ability|p1b: Arcanine|Intimidate|boost\n|-unboost|p2a: Kommo-o|atk|1\n|-unboost|p2b: Tyranitar|atk|1\n|move|p2a: Kommo-o|Clanging Scales|p1b: Arcanine|[spread] p1a,p1b\n|-damage|p1a: Amoonguss|29\/100\n|-damage|p1b: Arcanine|63\/100\n|-unboost|p2a: Kommo-o|def|1\n|move|p2b: Tyranitar|Rock Slide|p1a: Amoonguss|[spread] p1a,p1b\n|-supereffective|p1b: Arcanine\n|-damage|p1a: Amoonguss|13\/100\n|-damage|p1b: Arcanine|15\/100\n|move|p1a: Amoonguss|Spore|p2a: Kommo-o\n|-status|p2a: Kommo-o|slp|[from] move: Spore\n|\n|-weather|Sandstorm|[upkeep]\n|-damage|p1a: Amoonguss|7\/100|[from] Sandstorm\n|upkeep\n|turn|6\n|inactive|mazzm has 30 seconds left.\n|\n|t:|1699838643\n|switch|p2b: Sinistcha|Sinistcha, L50|83\/100\n|-heal|p2a: Kommo-o|92\/100 slp|[from] ability: Hospitality|[of] p2b: Sinistcha\n|cant|p2a: Kommo-o|slp\n|move|p1b: Arcanine|Flare Blitz|p2a: Kommo-o\n|-supereffective|p2a: Kommo-o\n|-damage|p2a: Kommo-o|0 fnt\n|faint|p2a: Kommo-o\n|-damage|p1b: Arcanine|0 fnt|[from] Recoil\n|faint|p1b: Arcanine\n|move|p1a: Amoonguss|Spore|p2b: Sinistcha\n|-immune|p2b: Sinistcha\n|\n|-weather|Sandstorm|[upkeep]\n|-damage|p2b: Sinistcha|77\/100|[from] Sandstorm\n|-damage|p1a: Amoonguss|1\/100|[from] Sandstorm\n|upkeep\n|\n|t:|1699838658\n|switch|p1b: Zapdos|Zapdos-Galar, L50, shiny, tera:Flying|95\/100\n|switch|p2a: Ogerpon|Ogerpon-Wellspring, L50, F|100\/100\n|turn|7\n|\n|t:|1699838682\n|switch|p2b: Tyranitar|Tyranitar, L50, M|100\/100\n|move|p2a: Ogerpon|Spiky Shield|p2a: Ogerpon\n|-singleturn|p2a: Ogerpon|move: Protect\n|move|p1a: Amoonguss|Protect|p1a: Amoonguss\n|-singleturn|p1a: Amoonguss|Protect\n|move|p1b: Zapdos|Brave Bird|p2a: Ogerpon\n|-activate|p2a: Ogerpon|move: Protect\n|-damage|p1b: Zapdos|83\/100|[from] Spiky Shield|[of] p2a: Ogerpon\n|\n|-weather|Sandstorm|[upkeep]\n|-damage|p1b: Zapdos|77\/100|[from] Sandstorm\n|-damage|p2a: Ogerpon|95\/100|[from] Sandstorm\n|-damage|p1a: Amoonguss|0 fnt|[from] Sandstorm\n|faint|p1a: Amoonguss\n|upkeep\n|turn|8\n|\n|t:|1699838697\n|move|p1b: Zapdos|Brave Bird|p2a: Ogerpon\n|-supereffective|p2a: Ogerpon\n|-damage|p2a: Ogerpon|0 fnt\n|faint|p2a: Ogerpon\n|-damage|p1b: Zapdos|45\/100|[from] Recoil\n|move|p2b: Tyranitar|Rock Slide|p1b: Zapdos\n|-supereffective|p1b: Zapdos\n|-damage|p1b: Zapdos|0 fnt\n|faint|p1b: Zapdos\n|\n|win|Minimugs\n|raw|mazzm's rating: 1143 &rarr; <strong>1113<\/strong><br \/>(-30 for losing)\n|raw|Minimugs's rating: 1077 &rarr; <strong>1111<\/strong><br \/>(+34 for winning)\n|l|\u2606mazzm\n","uploadtime":1699838710,"views":9,"p1id":"mazzm","p2id":"minimugs","formatid":"gen9vgc2023regulatione","rating":1111,"private":0,"password":""}