{"id":"gen9vgc2023regulatione-1998495108","p1":"Jack00VGC","p2":"NinjaSnipe100","format":"[Gen 9] VGC 2023 Regulation E","log":"|j|\u2606Jack00VGC\n|j|\u2606NinjaSnipe100\n|t:|1700948770\n|gametype|doubles\n|player|p1|Jack00VGC|alder|1120\n|player|p2|NinjaSnipe100|bugcatcher-gen4dp|1134\n|teamsize|p1|6\n|teamsize|p2|6\n|gen|9\n|tier|[Gen 9] VGC 2023 Regulation E\n|rated|\n|rule|Species Clause: Limit one of each Pok\u00e9mon\n|rule|Item Clause: Limit one of each item\n|clearpoke\n|poke|p1|Flutter Mane, L50|\n|poke|p1|Ogerpon-Wellspring, L50, F|\n|poke|p1|Indeedee-F, L50, F|\n|poke|p1|Chi-Yu, L50|\n|poke|p1|Regieleki, L50|\n|poke|p1|Tornadus, L50, M|\n|poke|p2|Ninetales-Alola, L50, M|\n|poke|p2|Cetitan, L50, F|\n|poke|p2|Sandslash-Alola, L50, M|\n|poke|p2|Chien-Pao, L50|\n|poke|p2|Iron Bundle, L50|\n|poke|p2|Baxcalibur, L50, F|\n|teampreview|4\n|inactive|Battle timer is ON: inactive players will automatically lose when time's up. (requested by Jack00VGC)\nJack00VGC rejected open team sheets.\n|c|\u2606Jack00VGC|!weakness ice\n|c| Jack00VGC|\/raw <div class=\"infobox\">Ice:<br \/><span class=\"message-effect-weak\">Weaknesses<\/span>: Fighting, Fire, Rock, Steel<br \/><span class=\"message-effect-resist\">Resistances<\/span>: Ice<br \/><span class=\"message-effect-immune\">Immunities<\/span>: Frozen, Hail damage<\/div>\n|inactive|Jack00VGC has 60 seconds left.\n|\n|t:|1700948823\n|start\n|switch|p1a: Chi-Yu|Chi-Yu, L50|100\/100\n|switch|p1b: Tornadus|Tornadus, L50, M|100\/100\n|switch|p2a: Ninetales|Ninetales-Alola, L50, M|100\/100\n|switch|p2b: Iron Bundle|Iron Bundle, L50|100\/100\n|-weather|Snow|[from] ability: Snow Warning|[of] p2a: Ninetales\n|-ability|p1a: Chi-Yu|Beads of Ruin\n|turn|1\n|inactive|Jack00VGC has 30 seconds left.\n|inactive|NinjaSnipe100 has 30 seconds left.\n|inactive|NinjaSnipe100 has 20 seconds left.\n|inactive|NinjaSnipe100 has 15 seconds left.\n|inactive|NinjaSnipe100 has 10 seconds left.\n|inactive|NinjaSnipe100 has 5 seconds left.\n|\n|t:|1700948878\n|-terastallize|p1a: Chi-Yu|Fire\n|move|p2a: Ninetales|Protect|p2a: Ninetales\n|-singleturn|p2a: Ninetales|Protect\n|move|p1b: Tornadus|Tailwind|p1b: Tornadus\n|-sidestart|p1: Jack00VGC|move: Tailwind\n|move|p1a: Chi-Yu|Heat Wave|p2b: Iron Bundle|[spread] p2b\n|-activate|p2a: Ninetales|move: Protect\n|-damage|p2b: Iron Bundle|0 fnt\n|faint|p2b: Iron Bundle\n|-end|p2b: Iron Bundle|Quark Drive|[silent]\n|-damage|p1a: Chi-Yu|90\/100|[from] item: Life Orb\n|\n|-weather|Snow|[upkeep]\n|upkeep\n|\n|t:|1700948899\n|switch|p2b: Sandslash|Sandslash-Alola, L50, M|100\/100\n|turn|2\n|\n|t:|1700948914\n|-terastallize|p2a: Ninetales|Dark\n|move|p1a: Chi-Yu|Heat Wave|p2a: Ninetales|[spread] p2b\n|-miss|p1a: Chi-Yu|p2a: Ninetales\n|-supereffective|p2b: Sandslash\n|-damage|p2b: Sandslash|0 fnt\n|faint|p2b: Sandslash\n|-damage|p1a: Chi-Yu|80\/100|[from] item: Life Orb\n|move|p1b: Tornadus|Bleakwind Storm|p2a: Ninetales\n|-damage|p2a: Ninetales|31\/100\n|move|p2a: Ninetales|Blizzard|p1a: Chi-Yu|[spread] p1a,p1b\n|-resisted|p1a: Chi-Yu\n|-supereffective|p1b: Tornadus\n|-damage|p1a: Chi-Yu|64\/100\n|-damage|p1b: Tornadus|32\/100\n|-status|p1a: Chi-Yu|frz\n|-status|p1b: Tornadus|frz\n|\n|-weather|Snow|[upkeep]\n|upkeep\n|\n|t:|1700948934\n|switch|p2b: Chien-Pao|Chien-Pao, L50|100\/100\n|-ability|p2b: Chien-Pao|Sword of Ruin\n|turn|3\n|\n|t:|1700948948\n|-curestatus|p1b: Tornadus|frz|[msg]\n|move|p1b: Tornadus|Protect|p1b: Tornadus\n|-singleturn|p1b: Tornadus|Protect\n|cant|p1a: Chi-Yu|frz\n|move|p2b: Chien-Pao|Icicle Crash|p1b: Tornadus\n|-activate|p1b: Tornadus|move: Protect\n|move|p2a: Ninetales|Dark Pulse|p1a: Chi-Yu\n|-damage|p1a: Chi-Yu|24\/100 frz\n|\n|-weather|Snow|[upkeep]\n|upkeep\n|turn|4\n|\n|t:|1700948973\n|move|p1b: Tornadus|Protect||[still]\n|-fail|p1b: Tornadus\n|cant|p1a: Chi-Yu|frz\n|move|p2b: Chien-Pao|Icicle Crash|p1b: Tornadus\n|-supereffective|p1b: Tornadus\n|-damage|p1b: Tornadus|0 fnt\n|faint|p1b: Tornadus\n|move|p2a: Ninetales|Dark Pulse|p1a: Chi-Yu\n|-damage|p1a: Chi-Yu|0 fnt\n|faint|p1a: Chi-Yu\n|\n|-weather|Snow|[upkeep]\n|-sideend|p1: Jack00VGC|move: Tailwind\n|upkeep\n|\n|t:|1700948985\n|switch|p1a: Ogerpon|Ogerpon-Wellspring, L50, F|100\/100\n|switch|p1b: Indeedee|Indeedee-F, L50, F|100\/100\n|-fieldstart|move: Psychic Terrain|[from] ability: Psychic Surge|[of] p1b: Indeedee\n|-enditem|p1b: Indeedee|Psychic Seed\n|-boost|p1b: Indeedee|spd|1|[from] item: Psychic Seed\n|turn|5\n|inactive|NinjaSnipe100 has 30 seconds left.\n|\n|t:|1700949010\n|move|p1a: Ogerpon|Spiky Shield|p1a: Ogerpon\n|-singleturn|p1a: Ogerpon|move: Protect\n|move|p2b: Chien-Pao|Icicle Crash|p1a: Ogerpon\n|-activate|p1a: Ogerpon|move: Protect\n|move|p2a: Ninetales|Dark Pulse|p1b: Indeedee\n|-supereffective|p1b: Indeedee\n|-damage|p1b: Indeedee|54\/100\n|cant|p1b: Indeedee|flinch\n|\n|-weather|Snow|[upkeep]\n|upkeep\n|turn|6\n|inactive|NinjaSnipe100 has 30 seconds left.\n|\n|t:|1700949036\n|move|p2b: Chien-Pao|Psychic Fangs|p1a: Ogerpon\n|-crit|p1a: Ogerpon\n|-damage|p1a: Ogerpon|0 fnt\n|faint|p1a: Ogerpon\n|move|p2a: Ninetales|Dark Pulse|p1b: Indeedee\n|-supereffective|p1b: Indeedee\n|-damage|p1b: Indeedee|8\/100\n|move|p1b: Indeedee|Psychic|p2b: Chien-Pao\n|-immune|p2b: Chien-Pao\n|\n|-weather|Snow|[upkeep]\n|upkeep\n|turn|7\n|\n|t:|1700949060\n|move|p1b: Indeedee|Protect|p1b: Indeedee\n|-singleturn|p1b: Indeedee|Protect\n|move|p2b: Chien-Pao|Crunch|p1b: Indeedee\n|-activate|p1b: Indeedee|move: Protect\n|move|p2a: Ninetales|Dark Pulse|p1b: Indeedee\n|-activate|p1b: Indeedee|move: Protect\n|\n|-weather|Snow|[upkeep]\n|upkeep\n|turn|8\n|inactive|NinjaSnipe100 has 30 seconds left.\n|inactive|NinjaSnipe100 has 20 seconds left.\n|inactive|NinjaSnipe100 has 15 seconds left.\n|inactive|NinjaSnipe100 has 10 seconds left.\n|\n|t:|1700949107\n|move|p1b: Indeedee|Protect||[still]\n|-fail|p1b: Indeedee\n|move|p2b: Chien-Pao|Crunch|p1b: Indeedee\n|-supereffective|p1b: Indeedee\n|-damage|p1b: Indeedee|0 fnt\n|faint|p1b: Indeedee\n|\n|win|NinjaSnipe100\n|raw|Jack00VGC's rating: 1120 &rarr; <strong>1096<\/strong><br \/>(-24 for losing)\n|raw|NinjaSnipe100's rating: 1134 &rarr; <strong>1158<\/strong><br \/>(+24 for winning)\n","uploadtime":1700949116,"views":6,"p1id":"jack00vgc","p2id":"ninjasnipe100","formatid":"gen9vgc2023regulatione","rating":1096,"private":0,"password":""}