{"id":"gen9vgc2023regulatione-1989210269","p1":"aceman526","p2":"Kzjrehzl","format":"[Gen 9] VGC 2023 Regulation E","log":"|j|\u203daceman526\n|j|\u2606Kzjrehzl\n|t:|1699823770\n|gametype|doubles\n|player|p1|aceman526|acetrainer-gen4dp|1169\n|player|p2|Kzjrehzl|lance|1084\n|teamsize|p1|6\n|teamsize|p2|6\n|gen|9\n|tier|[Gen 9] VGC 2023 Regulation E\n|rated|\n|rule|Species Clause: Limit one of each Pok\u00e9mon\n|rule|Item Clause: Limit one of each item\n|clearpoke\n|poke|p1|Ludicolo, L50, F|\n|poke|p1|Pelipper, L50, F|\n|poke|p1|Regieleki, L50|\n|poke|p1|Basculegion, L50, M|\n|poke|p1|Landorus-Therian, L50, M|\n|poke|p1|Gholdengo, L50|\n|poke|p2|Flutter Mane, L50|\n|poke|p2|Tornadus, L50, M|\n|poke|p2|Rillaboom, L50, F|\n|poke|p2|Garganacl, L50, F|\n|poke|p2|Arcanine-Hisui, L50, M|\n|poke|p2|Chien-Pao, L50|\n|teampreview|4\n|inactive|Battle timer is ON: inactive players will automatically lose when time's up. (requested by aceman526)\n|\n|t:|1699823797\n|start\n|switch|p1a: Pelipper|Pelipper, L50, F|100\/100\n|switch|p1b: Ludicolo|Ludicolo, L50, F|100\/100\n|switch|p2a: Tornadus|Tornadus, L50, M|100\/100\n|switch|p2b: Garganacl|Garganacl, L50, F|100\/100\n|-weather|RainDance|[from] ability: Drizzle|[of] p1a: Pelipper\n|turn|1\n|\n|t:|1699823818\n|-terastallize|p2b: Garganacl|Ghost\n|move|p1a: Pelipper|Protect|p1a: Pelipper\n|-singleturn|p1a: Pelipper|Protect\n|move|p1b: Ludicolo|Fake Out|p2a: Tornadus\n|-damage|p2a: Tornadus|87\/100\n|-damage|p1b: Ludicolo|84\/100|[from] item: Rocky Helmet|[of] p2a: Tornadus\n|cant|p2a: Tornadus|flinch\n|move|p2b: Garganacl|Salt Cure|p1a: Pelipper\n|-activate|p1a: Pelipper|move: Protect\n|\n|-weather|RainDance|[upkeep]\n|-heal|p1b: Ludicolo|90\/100|[from] item: Leftovers\n|upkeep\n|turn|2\n|\n|t:|1699823838\n|move|p2a: Tornadus|Sunny Day|p2a: Tornadus\n|-weather|SunnyDay\n|move|p1b: Ludicolo|Waterfall|p2a: Tornadus\n|-damage|p2a: Tornadus|66\/100\n|-damage|p1b: Ludicolo|74\/100|[from] item: Rocky Helmet|[of] p2a: Tornadus\n|move|p1a: Pelipper|Tailwind|p1a: Pelipper\n|-sidestart|p1: aceman526|move: Tailwind\n|move|p2b: Garganacl|Salt Cure|p1a: Pelipper\n|-supereffective|p1a: Pelipper\n|-damage|p1a: Pelipper|78\/100\n|-start|p1a: Pelipper|Salt Cure\n|\n|-weather|SunnyDay|[upkeep]\n|-heal|p1b: Ludicolo|80\/100|[from] item: Leftovers\n|-damage|p1a: Pelipper|53\/100|[from] Salt Cure\n|upkeep\n|turn|3\n|\n|t:|1699823855\n|move|p1b: Ludicolo|Rain Dance|p1b: Ludicolo\n|-weather|RainDance\n|move|p1a: Pelipper|U-turn|p2b: Garganacl\n|-resisted|p2b: Garganacl\n|-damage|p2b: Garganacl|98\/100\n|\n|t:|1699823865\n|switch|p1a: Basculegion|Basculegion, L50, M|100\/100|[from] U-turn\n|move|p2a: Tornadus|Bleakwind Storm|p1b: Ludicolo|[spread] p1a,p1b\n|-supereffective|p1b: Ludicolo\n|-damage|p1a: Basculegion|64\/100\n|-damage|p1b: Ludicolo|13\/100\n|-unboost|p1a: Basculegion|spe|1\n|move|p2b: Garganacl|Iron Defense|p2b: Garganacl\n|-boost|p2b: Garganacl|def|2\n|\n|-weather|RainDance|[upkeep]\n|-heal|p1b: Ludicolo|19\/100|[from] item: Leftovers\n|upkeep\n|turn|4\n|\n|t:|1699823889\n|move|p2b: Garganacl|Protect|p2b: Garganacl\n|-singleturn|p2b: Garganacl|Protect\n|move|p2a: Tornadus|Tailwind|p2a: Tornadus\n|-sidestart|p2: Kzjrehzl|move: Tailwind\n|move|p1b: Ludicolo|Rain Dance||[still]\n|-fail|p1b: Ludicolo\n|move|p1a: Basculegion|Last Respects|p2b: Garganacl\n|-activate|p2b: Garganacl|move: Protect\n|\n|-weather|RainDance|[upkeep]\n|-heal|p1b: Ludicolo|24\/100|[from] item: Leftovers\n|upkeep\n|turn|5\n|\n|t:|1699823907\n|move|p1b: Ludicolo|Rain Dance||[still]\n|-fail|p1b: Ludicolo\n|move|p1a: Basculegion|Last Respects|p2b: Garganacl\n|-supereffective|p2b: Garganacl\n|-damage|p2b: Garganacl|83\/100\n|move|p2a: Tornadus|Bleakwind Storm|p1b: Ludicolo|[spread] p1a,p1b\n|-supereffective|p1b: Ludicolo\n|-damage|p1a: Basculegion|27\/100\n|-damage|p1b: Ludicolo|0 fnt\n|-unboost|p1a: Basculegion|spe|1\n|faint|p1b: Ludicolo\n|move|p2b: Garganacl|Salt Cure|p1a: Basculegion\n|-damage|p1a: Basculegion|9\/100\n|-start|p1a: Basculegion|Salt Cure\n|\n|-weather|RainDance|[upkeep]\n|-damage|p1a: Basculegion|0 fnt|[from] Salt Cure\n|faint|p1a: Basculegion\n|-sideend|p1: aceman526|move: Tailwind\n|upkeep\n|\n|t:|1699823923\n|switch|p1a: Pelipper|Pelipper, L50, F|53\/100\n|switch|p1b: Gholdengo|Gholdengo, L50|100\/100\n|turn|6\n|\n|t:|1699823932\n|move|p2a: Tornadus|Bleakwind Storm|p1b: Gholdengo|[spread] p1a,p1b\n|-resisted|p1b: Gholdengo\n|-damage|p1a: Pelipper|10\/100\n|-damage|p1b: Gholdengo|84\/100\n|-unboost|p1a: Pelipper|spe|1\n|move|p1b: Gholdengo|Shadow Ball|p2b: Garganacl\n|-supereffective|p2b: Garganacl\n|-damage|p2b: Garganacl|42\/100\n|-enditem|p2b: Garganacl|Sitrus Berry|[eat]\n|-heal|p2b: Garganacl|66\/100|[from] item: Sitrus Berry\n|move|p2b: Garganacl|Salt Cure|p1b: Gholdengo\n|-resisted|p1b: Gholdengo\n|-damage|p1b: Gholdengo|75\/100\n|-start|p1b: Gholdengo|Salt Cure\n|move|p1a: Pelipper|Tailwind|p1a: Pelipper\n|-sidestart|p1: aceman526|move: Tailwind\n|\n|-weather|RainDance|[upkeep]\n|-damage|p1b: Gholdengo|50\/100|[from] Salt Cure\n|upkeep\n|turn|7\n|\n|t:|1699823951\n|move|p2b: Garganacl|Protect|p2b: Garganacl\n|-singleturn|p2b: Garganacl|Protect\n|move|p1b: Gholdengo|Shadow Ball|p2b: Garganacl\n|-activate|p2b: Garganacl|move: Protect\n|move|p2a: Tornadus|Bleakwind Storm|p1b: Gholdengo|[spread] p1a,p1b\n|-resisted|p1b: Gholdengo\n|-damage|p1a: Pelipper|0 fnt\n|-damage|p1b: Gholdengo|33\/100\n|faint|p1a: Pelipper\n|\n|-weather|none\n|-damage|p1b: Gholdengo|9\/100|[from] Salt Cure\n|-sideend|p2: Kzjrehzl|move: Tailwind\n|upkeep\n|turn|8\n|-message|aceman526 forfeited.\n|\n|win|Kzjrehzl\n|raw|aceman526's rating: 1169 &rarr; <strong>1138<\/strong><br \/>(-31 for losing)\n|raw|Kzjrehzl's rating: 1084 &rarr; <strong>1118<\/strong><br \/>(+34 for winning)\n|l|\u203daceman526\n","uploadtime":1699823966,"views":12,"p1id":"aceman526","p2id":"kzjrehzl","formatid":"gen9vgc2023regulatione","rating":1118,"private":0,"password":""}