{"id":"gen9vgc2023regulatione-2000151301","p1":"TheOnlyWay21","p2":"t_bone_4","format":"[Gen 9] VGC 2023 Regulation E","log":"|j|\u2606TheOnlyWay21\n|j|\u2606t_bone_4\n|t:|1701163715\n|gametype|doubles\n|player|p1|TheOnlyWay21|bea|1041\n|player|p2|t_bone_4|cilan|1119\n|teamsize|p1|6\n|teamsize|p2|6\n|gen|9\n|tier|[Gen 9] VGC 2023 Regulation E\n|rated|\n|rule|Species Clause: Limit one of each Pok\u00e9mon\n|rule|Item Clause: Limit one of each item\n|clearpoke\n|poke|p1|Shiftry, L50, M|\n|poke|p1|Articuno, L50|\n|poke|p1|Ninetales-Alola, L50, F|\n|poke|p1|Heatran, L50, M|\n|poke|p1|Landorus-Therian, L50, M|\n|poke|p1|Ogerpon, L50, F|\n|poke|p2|Rillaboom, L50, M|\n|poke|p2|Armarouge, L50, F|\n|poke|p2|Milotic, L50, F|\n|poke|p2|Kommo-o, L50, M|\n|poke|p2|Corviknight, L50, M|\n|poke|p2|Grimmsnarl, L50, M|\n|teampreview|4\nt_bone_4 rejected open team sheets.\n|inactive|Battle timer is ON: inactive players will automatically lose when time's up. (requested by t_bone_4)\n|inactive|TheOnlyWay21 has 60 seconds left.\n|inactive|t_bone_4 has 60 seconds left.\n|inactive|t_bone_4 has 30 seconds left.\n|\n|t:|1701163788\n|start\n|switch|p1a: Landorus|Landorus-Therian, L50, M|100\/100\n|switch|p1b: Ogerpon|Ogerpon, L50, F|100\/100\n|switch|p2a: Rillaboom|Rillaboom, L50, M|100\/100\n|switch|p2b: Grimmsnarl|Grimmsnarl, L50, M|100\/100\n|-ability|p1a: Landorus|Intimidate|boost\n|-unboost|p2a: Rillaboom|atk|1\n|-unboost|p2b: Grimmsnarl|atk|1\n|-fieldstart|move: Grassy Terrain|[from] ability: Grassy Surge|[of] p2a: Rillaboom\n|turn|1\n|inactive|TheOnlyWay21 has 30 seconds left.\n|\n|t:|1701163820\n|move|p2a: Rillaboom|Fake Out|p1b: Ogerpon\n|-damage|p1b: Ogerpon|87\/100\n|move|p2b: Grimmsnarl|Reflect|p2b: Grimmsnarl\n|-sidestart|p2: t_bone_4|Reflect\n|cant|p1b: Ogerpon|flinch\n|move|p1a: Landorus|U-turn|p2b: Grimmsnarl\n|-damage|p2b: Grimmsnarl|78\/100\n|\n|t:|1701163828\n|switch|p1a: Ninetales|Ninetales-Alola, L50, F|100\/100|[from] U-turn\n|-weather|Snow|[from] ability: Snow Warning|[of] p1a: Ninetales\n|\n|-weather|Snow|[upkeep]\n|-heal|p1b: Ogerpon|93\/100|[from] Grassy Terrain\n|-heal|p2b: Grimmsnarl|84\/100|[from] Grassy Terrain\n|upkeep\n|turn|2\n|\n|t:|1701163848\n|move|p2b: Grimmsnarl|Thunder Wave|p1a: Ninetales\n|-status|p1a: Ninetales|par\n|move|p1b: Ogerpon|U-turn|p2b: Grimmsnarl\n|-damage|p2b: Grimmsnarl|65\/100\n|\n|t:|1701163853\n|switch|p1b: Landorus|Landorus-Therian, L50, M|100\/100|[from] U-turn\n|-ability|p1b: Landorus|Intimidate|boost\n|-unboost|p2a: Rillaboom|atk|1\n|-unboost|p2b: Grimmsnarl|atk|1\n|move|p2a: Rillaboom|Knock Off|p1a: Ninetales\n|-resisted|p1a: Ninetales\n|-damage|p1a: Ninetales|92\/100 par\n|-enditem|p1a: Ninetales|Light Clay|[from] move: Knock Off|[of] p2a: Rillaboom\n|move|p1a: Ninetales|Aurora Veil|p1a: Ninetales\n|-sidestart|p1: TheOnlyWay21|move: Aurora Veil\n|\n|-weather|Snow|[upkeep]\n|-heal|p1a: Ninetales|98\/100 par|[from] Grassy Terrain\n|-heal|p2b: Grimmsnarl|71\/100|[from] Grassy Terrain\n|upkeep\n|turn|3\n|\n|t:|1701163868\n|move|p2b: Grimmsnarl|Light Screen|p2b: Grimmsnarl\n|-sidestart|p2: t_bone_4|move: Light Screen\n|move|p1b: Landorus|U-turn|p2a: Rillaboom\n|-supereffective|p2a: Rillaboom\n|-damage|p2a: Rillaboom|66\/100\n|\n|t:|1701163873\n|switch|p1b: Ogerpon|Ogerpon, L50, F|93\/100|[from] U-turn\n|move|p2a: Rillaboom|Knock Off|p1b: Ogerpon\n|-damage|p1b: Ogerpon|79\/100\n|-enditem|p1b: Ogerpon|Choice Scarf|[from] move: Knock Off|[of] p2a: Rillaboom\n|move|p1a: Ninetales|Blizzard|p2a: Rillaboom|[spread] p2a,p2b\n|-supereffective|p2a: Rillaboom\n|-damage|p2a: Rillaboom|33\/100\n|-damage|p2b: Grimmsnarl|57\/100\n|\n|-weather|Snow|[upkeep]\n|-heal|p1b: Ogerpon|85\/100|[from] Grassy Terrain\n|-heal|p2a: Rillaboom|39\/100|[from] Grassy Terrain\n|-heal|p1a: Ninetales|100\/100 par|[from] Grassy Terrain\n|-heal|p2b: Grimmsnarl|63\/100|[from] Grassy Terrain\n|upkeep\n|turn|4\n|\n|t:|1701163895\n|switch|p2a: Milotic|Milotic, L50, F|100\/100\n|move|p2b: Grimmsnarl|Thunder Wave|p1b: Ogerpon\n|-status|p1b: Ogerpon|par\n|cant|p1b: Ogerpon|par\n|move|p1a: Ninetales|Blizzard|p2a: Milotic|[spread] p2a,p2b\n|-resisted|p2a: Milotic\n|-damage|p2a: Milotic|93\/100\n|-damage|p2b: Grimmsnarl|47\/100\n|\n|-weather|Snow|[upkeep]\n|-heal|p2a: Milotic|99\/100|[from] Grassy Terrain\n|-heal|p1b: Ogerpon|91\/100 par|[from] Grassy Terrain\n|-heal|p2b: Grimmsnarl|53\/100|[from] Grassy Terrain\n|-status|p2a: Milotic|brn|[from] item: Flame Orb\n|upkeep\n|turn|5\n|\n|t:|1701163918\n|move|p2a: Milotic|Protect|p2a: Milotic\n|-singleturn|p2a: Milotic|Protect\n|cant|p1a: Ninetales|par\n|cant|p1b: Ogerpon|par\n|move|p2b: Grimmsnarl|Spirit Break|p1a: Ninetales\n|-damage|p1a: Ninetales|90\/100 par\n|-unboost|p1a: Ninetales|spa|1\n|\n|-weather|none\n|-heal|p2a: Milotic|100\/100 brn|[from] Grassy Terrain\n|-heal|p1b: Ogerpon|97\/100 par|[from] Grassy Terrain\n|-heal|p1a: Ninetales|96\/100 par|[from] Grassy Terrain\n|-heal|p2b: Grimmsnarl|59\/100|[from] Grassy Terrain\n|-damage|p2a: Milotic|95\/100 brn|[from] brn\n|-fieldend|move: Grassy Terrain\n|upkeep\n|turn|6\n|inactive|TheOnlyWay21 has 30 seconds left.\n|inactive|TheOnlyWay21 has 20 seconds left.\n|\n|t:|1701163953\n|-terastallize|p2a: Milotic|Grass\n|-terastallize|p1b: Ogerpon|Grass\n|detailschange|p1b: Ogerpon|Ogerpon-Teal-Tera, L50, F, tera:Grass\n|-ability|p1b: Ogerpon|Embody Aspect (Teal)|boost\n|-boost|p1b: Ogerpon|spe|1\n|move|p1b: Ogerpon|Wood Hammer|p2a: Milotic\n|-resisted|p2a: Milotic\n|-damage|p2a: Milotic|81\/100 brn\n|-damage|p1b: Ogerpon|91\/100 par|[from] Recoil\n|move|p2a: Milotic|Scald|p1b: Ogerpon\n|-resisted|p1b: Ogerpon\n|-damage|p1b: Ogerpon|80\/100 par\n|move|p1a: Ninetales|Moonblast|p2b: Grimmsnarl\n|-supereffective|p2b: Grimmsnarl\n|-damage|p2b: Grimmsnarl|35\/100\n|move|p2b: Grimmsnarl|Spirit Break|p1a: Ninetales\n|-damage|p1a: Ninetales|81\/100 par\n|-unboost|p1a: Ninetales|spa|1\n|\n|-damage|p2a: Milotic|75\/100 brn|[from] brn\n|-sideend|p1: TheOnlyWay21|move: Aurora Veil\n|upkeep\n|turn|7\n|inactive|t_bone_4 has 30 seconds left.\n|inactive|t_bone_4 has 20 seconds left.\n|\n|t:|1701163992\n|switch|p2b: Rillaboom|Rillaboom, L50, M|39\/100\n|-fieldstart|move: Grassy Terrain|[from] ability: Grassy Surge|[of] p2b: Rillaboom\n|cant|p1b: Ogerpon|par\n|move|p2a: Milotic|Icy Wind|p1a: Ninetales|[spread] p1a,p1b\n|-resisted|p1a: Ninetales\n|-supereffective|p1b: Ogerpon\n|-damage|p1a: Ninetales|76\/100 par\n|-damage|p1b: Ogerpon|58\/100 par\n|-unboost|p1a: Ninetales|spe|1\n|-unboost|p1b: Ogerpon|spe|1\n|cant|p1a: Ninetales|par\n|\n|-heal|p2b: Rillaboom|44\/100|[from] Grassy Terrain\n|-heal|p2a: Milotic|81\/100 brn|[from] Grassy Terrain\n|-heal|p1b: Ogerpon|64\/100 par|[from] Grassy Terrain\n|-heal|p1a: Ninetales|82\/100 par|[from] Grassy Terrain\n|-damage|p2a: Milotic|75\/100 brn|[from] brn\n|upkeep\n|turn|8\n|\n|t:|1701164012\n|switch|p1a: Heatran|Heatran, L50, M|100\/100\n|move|p2b: Rillaboom|Fake Out|p1b: Ogerpon\n|-damage|p1b: Ogerpon|46\/100 par\n|move|p2a: Milotic|Icy Wind|p1a: Heatran|[spread] p1a,p1b\n|-resisted|p1a: Heatran\n|-supereffective|p1b: Ogerpon\n|-damage|p1a: Heatran|99\/100\n|-damage|p1b: Ogerpon|27\/100 par\n|-unboost|p1a: Heatran|spe|1\n|-unboost|p1b: Ogerpon|spe|1\n|cant|p1b: Ogerpon|flinch\n|\n|-heal|p2b: Rillaboom|50\/100|[from] Grassy Terrain\n|-heal|p2a: Milotic|81\/100 brn|[from] Grassy Terrain\n|-heal|p1a: Heatran|100\/100|[from] Grassy Terrain\n|-heal|p1b: Ogerpon|33\/100 par|[from] Grassy Terrain\n|-damage|p2a: Milotic|75\/100 brn|[from] brn\n|-sideend|p2: t_bone_4|Reflect\n|upkeep\n|turn|9\n|\n|t:|1701164037\n|switch|p1b: Ninetales|Ninetales-Alola, L50, F|82\/100 par\n|-weather|Snow|[from] ability: Snow Warning|[of] p1b: Ninetales\n|move|p2b: Rillaboom|Knock Off|p1a: Heatran\n|-damage|p1a: Heatran|67\/100\n|-enditem|p1a: Heatran|Life Orb|[from] move: Knock Off|[of] p2b: Rillaboom\n|move|p2a: Milotic|Icy Wind|p1b: Ninetales|[spread] p1b\n|-miss|p2a: Milotic|p1a: Heatran\n|-resisted|p1b: Ninetales\n|-damage|p1b: Ninetales|76\/100 par\n|-unboost|p1b: Ninetales|spe|1\n|move|p1a: Heatran|Heat Wave|p2b: Rillaboom|[spread] p2a,p2b\n|-supereffective|p2a: Milotic\n|-supereffective|p2b: Rillaboom\n|-damage|p2a: Milotic|37\/100 brn\n|-damage|p2b: Rillaboom|15\/100\n|\n|-weather|Snow|[upkeep]\n|-heal|p2b: Rillaboom|21\/100|[from] Grassy Terrain\n|-heal|p2a: Milotic|43\/100 brn|[from] Grassy Terrain\n|-heal|p1a: Heatran|73\/100|[from] Grassy Terrain\n|-heal|p1b: Ninetales|82\/100 par|[from] Grassy Terrain\n|-damage|p2a: Milotic|37\/100 brn|[from] brn\n|upkeep\n|turn|10\n|inactive|t_bone_4 has 30 seconds left.\n|inactive|t_bone_4 has 20 seconds left.\n|\n|t:|1701164076\n|move|p2b: Rillaboom|Grassy Glide|p1b: Ninetales\n|-damage|p1b: Ninetales|42\/100 par\n|move|p2a: Milotic|Recover|p2a: Milotic\n|-heal|p2a: Milotic|87\/100 brn\n|move|p1a: Heatran|Heat Wave|p2b: Rillaboom|[spread] p2a,p2b\n|-supereffective|p2a: Milotic\n|-supereffective|p2b: Rillaboom\n|-damage|p2a: Milotic|51\/100 brn\n|-damage|p2b: Rillaboom|0 fnt\n|faint|p2b: Rillaboom\n|move|p1b: Ninetales|Aurora Veil|p1b: Ninetales\n|-sidestart|p1: TheOnlyWay21|move: Aurora Veil\n|\n|-weather|Snow|[upkeep]\n|-heal|p2a: Milotic|57\/100 brn|[from] Grassy Terrain\n|-heal|p1a: Heatran|79\/100|[from] Grassy Terrain\n|-heal|p1b: Ninetales|48\/100 par|[from] Grassy Terrain\n|-damage|p2a: Milotic|51\/100 brn|[from] brn\n|-sideend|p2: t_bone_4|move: Light Screen\n|upkeep\n|\n|t:|1701164092\n|switch|p2b: Grimmsnarl|Grimmsnarl, L50, M|35\/100\n|turn|11\n|\n|t:|1701164106\n|move|p2b: Grimmsnarl|Light Screen|p2b: Grimmsnarl\n|-sidestart|p2: t_bone_4|move: Light Screen\n|move|p2a: Milotic|Recover|p2a: Milotic\n|-heal|p2a: Milotic|100\/100 brn\n|move|p1a: Heatran|Heat Wave|p2a: Milotic|[spread] p2b\n|-miss|p1a: Heatran|p2a: Milotic\n|-damage|p2b: Grimmsnarl|16\/100\n|move|p1b: Ninetales|Fake Tears|p2a: Milotic\n|-unboost|p2a: Milotic|spd|2\n|\n|-weather|Snow|[upkeep]\n|-heal|p1a: Heatran|85\/100|[from] Grassy Terrain\n|-heal|p2b: Grimmsnarl|22\/100|[from] Grassy Terrain\n|-heal|p1b: Ninetales|54\/100 par|[from] Grassy Terrain\n|-damage|p2a: Milotic|95\/100 brn|[from] brn\n|-fieldend|move: Grassy Terrain\n|upkeep\n|turn|12\n|\n|t:|1701164129\n|move|p2a: Milotic|Scald|p1b: Ninetales\n|-damage|p1b: Ninetales|32\/100 par\n|move|p1a: Heatran|Heat Wave|p2b: Grimmsnarl|[spread] p2a,p2b\n|-supereffective|p2a: Milotic\n|-damage|p2a: Milotic|29\/100 brn\n|-damage|p2b: Grimmsnarl|1\/100\n|move|p2b: Grimmsnarl|Spirit Break|p1b: Ninetales\n|-damage|p1b: Ninetales|12\/100 par\n|-unboost|p1b: Ninetales|spa|1\n|move|p1b: Ninetales|Blizzard|p2b: Grimmsnarl|[spread] p2a,p2b\n|-supereffective|p2a: Milotic\n|-damage|p2a: Milotic|0 fnt\n|-damage|p2b: Grimmsnarl|0 fnt\n|faint|p2a: Milotic\n|faint|p2b: Grimmsnarl\n|\n|-weather|Snow|[upkeep]\n|upkeep\n|\n|t:|1701164148\n|switch|p2b: Kommo-o|Kommo-o, L50, M|100\/100\n|turn|13\n|\n|t:|1701164161\n|switch|p1b: Landorus|Landorus-Therian, L50, M|100\/100\n|-ability|p1b: Landorus|Intimidate|boost\n|-unboost|p2b: Kommo-o|atk|1\n|move|p2b: Kommo-o|Drain Punch|p1b: Landorus\n|-resisted|p1b: Landorus\n|-damage|p1b: Landorus|91\/100\n|move|p1a: Heatran|Earth Power|p2b: Kommo-o\n|-damage|p2b: Kommo-o|78\/100\n|\n|-weather|none\n|-heal|p2b: Kommo-o|84\/100|[from] item: Leftovers\n|upkeep\n|turn|14\n|\n|t:|1701164173\n|move|p1b: Landorus|Stomping Tantrum|p2b: Kommo-o\n|-damage|p2b: Kommo-o|42\/100\n|move|p2b: Kommo-o|Clangorous Soul|p2b: Kommo-o\n|-boost|p2b: Kommo-o|atk|1\n|-boost|p2b: Kommo-o|def|1\n|-boost|p2b: Kommo-o|spa|1\n|-boost|p2b: Kommo-o|spd|1\n|-boost|p2b: Kommo-o|spe|1\n|-damage|p2b: Kommo-o|9\/100\n|move|p1a: Heatran|Earth Power|p2b: Kommo-o\n|-damage|p2b: Kommo-o|0 fnt\n|faint|p2b: Kommo-o\n|\n|win|TheOnlyWay21\n|raw|TheOnlyWay21's rating: 1041 &rarr; <strong>1082<\/strong><br \/>(+41 for winning)\n|raw|t_bone_4's rating: 1119 &rarr; <strong>1088<\/strong><br \/>(-31 for losing)\n|l|\u2606t_bone_4\n","uploadtime":1701164184,"views":11,"p1id":"theonlyway21","p2id":"tbone4","formatid":"gen9vgc2023regulatione","rating":1082,"private":0,"password":""}