{"id":"gen9vgc2023regulatione-1989297566","p1":"THS Mike","p2":"Auscar","format":"[Gen 9] VGC 2023 Regulation E","log":"|j|\u2606THS Mike\n|j|\u2606Auscar\n|t:|1699833328\n|gametype|doubles\n|player|p1|THS Mike|169|1491\n|player|p2|Auscar|170|1490\n|teamsize|p1|6\n|teamsize|p2|6\n|gen|9\n|tier|[Gen 9] VGC 2023 Regulation E\n|rated|\n|rule|Species Clause: Limit one of each Pok\u00e9mon\n|rule|Item Clause: Limit one of each item\n|clearpoke\n|poke|p1|Moltres-Galar, L50|\n|poke|p1|Sinistcha-Masterpiece, L50|\n|poke|p1|Ninetales-Alola, L50, M|\n|poke|p1|Landorus-Therian, L50, M|\n|poke|p1|Iron Hands, L50|\n|poke|p1|Heatran, L50, M|\n|poke|p2|Baxcalibur, L50, F|\n|poke|p2|Ninetales-Alola, L50, F|\n|poke|p2|Landorus-Therian, L50, M|\n|poke|p2|Tornadus, L50, M|\n|poke|p2|Gholdengo, L50|\n|poke|p2|Sinistcha, L50|\n|teampreview|4\n|\n|t:|1699833367\n|start\n|switch|p1a: Iron Hands|Iron Hands, L50|100\/100\n|switch|p1b: Landorus|Landorus-Therian, L50, M|100\/100\n|switch|p2a: Gholdengo|Gholdengo, L50|100\/100\n|switch|p2b: Ninetales|Ninetales-Alola, L50, F|100\/100\n|-ability|p1b: Landorus|Intimidate|boost\n|-unboost|p2a: Gholdengo|atk|1\n|-unboost|p2b: Ninetales|atk|1\n|-weather|Snow|[from] ability: Snow Warning|[of] p2b: Ninetales\n|turn|1\n|\n|t:|1699833386\n|switch|p2a: Landorus|Landorus-Therian, L50, M|100\/100\n|-ability|p2a: Landorus|Intimidate|boost\n|-unboost|p1a: Iron Hands|atk|1\n|-unboost|p1b: Landorus|atk|1\n|-terastallize|p2b: Ninetales|Ghost\n|move|p1b: Landorus|Stomping Tantrum|p2a: Landorus\n|-immune|p2a: Landorus\n|move|p2b: Ninetales|Aurora Veil|p2b: Ninetales\n|-sidestart|p2: Auscar|move: Aurora Veil\n|move|p1a: Iron Hands|Heavy Slam|p2b: Ninetales\n|-damage|p2b: Ninetales|80\/100\n|\n|-weather|Snow|[upkeep]\n|upkeep\n|turn|2\n|\n|t:|1699833404\n|move|p2a: Landorus|Stomping Tantrum|p1a: Iron Hands\n|-supereffective|p1a: Iron Hands\n|-damage|p1a: Iron Hands|40\/100\n|move|p1b: Landorus|Stomping Tantrum|p2b: Ninetales\n|-damage|p2b: Ninetales|43\/100\n|move|p2b: Ninetales|Icy Wind|p1b: Landorus|[spread] p1a,p1b\n|-crit|p1a: Iron Hands\n|-supereffective|p1b: Landorus\n|-damage|p1a: Iron Hands|31\/100\n|-damage|p1b: Landorus|41\/100\n|-unboost|p1a: Iron Hands|spe|1\n|-unboost|p1b: Landorus|spe|1\n|move|p1a: Iron Hands|Wild Charge|p2b: Ninetales\n|-damage|p2b: Ninetales|22\/100\n|-damage|p1a: Iron Hands|27\/100|[from] Recoil\n|\n|-weather|Snow|[upkeep]\n|upkeep\n|turn|3\n|\n|t:|1699833435\n|switch|p2b: Baxcalibur|Baxcalibur, L50, F|100\/100\n|-end|p1a: Iron Hands|Quark Drive|[silent]\n|switch|p1a: Moltres|Moltres-Galar, L50|100\/100\n|move|p2a: Landorus|Stomping Tantrum|p1a: Moltres\n|-immune|p1a: Moltres\n|move|p1b: Landorus|Stomping Tantrum|p2b: Baxcalibur\n|-damage|p2b: Baxcalibur|91\/100\n|\n|-weather|Snow|[upkeep]\n|upkeep\n|turn|4\n|\n|t:|1699833473\n|switch|p2a: Gholdengo|Gholdengo, L50|100\/100\n|switch|p1b: Iron Hands|Iron Hands, L50|27\/100\n|move|p1a: Moltres|Fiery Wrath|p2a: Gholdengo|[spread] p2a,p2b\n|-supereffective|p2a: Gholdengo\n|-damage|p2a: Gholdengo|69\/100\n|-damage|p2b: Baxcalibur|81\/100\n|move|p2b: Baxcalibur|Breaking Swipe|p1b: Iron Hands|[spread] p1a,p1b\n|-damage|p1a: Moltres|78\/100\n|-damage|p1b: Iron Hands|12\/100\n|-unboost|p1a: Moltres|atk|1\n|-unboost|p1b: Iron Hands|atk|1\n|\n|-weather|Snow|[upkeep]\n|-heal|p2a: Gholdengo|75\/100|[from] item: Leftovers\n|upkeep\n|turn|5\n|\n|t:|1699833495\n|move|p1b: Iron Hands|Fake Out|p2b: Baxcalibur\n|-damage|p2b: Baxcalibur|77\/100\n|move|p1a: Moltres|Nasty Plot|p1a: Moltres\n|-boost|p1a: Moltres|spa|2\n|move|p2a: Gholdengo|Nasty Plot|p2a: Gholdengo\n|-boost|p2a: Gholdengo|spa|2\n|cant|p2b: Baxcalibur|flinch\n|\n|-weather|none\n|-heal|p2a: Gholdengo|81\/100|[from] item: Leftovers\n|upkeep\n|turn|6\n|\n|t:|1699833518\n|switch|p2b: Ninetales|Ninetales-Alola, L50, F, tera:Ghost|22\/100\n|-weather|Snow|[from] ability: Snow Warning|[of] p2b: Ninetales\n|-end|p1b: Iron Hands|Quark Drive|[silent]\n|switch|p1b: Landorus|Landorus-Therian, L50, M|41\/100\n|-ability|p1b: Landorus|Intimidate|boost\n|-unboost|p2a: Gholdengo|atk|1\n|-unboost|p2b: Ninetales|atk|1\n|move|p1a: Moltres|Fiery Wrath|p2a: Gholdengo|[spread] p2a,p2b\n|-supereffective|p2a: Gholdengo\n|-supereffective|p2b: Ninetales\n|-damage|p2a: Gholdengo|7\/100\n|-damage|p2b: Ninetales|0 fnt\n|faint|p2b: Ninetales\n|move|p2a: Gholdengo|Make It Rain|p1b: Landorus|[spread] p1a,p1b\n|-damage|p1a: Moltres|6\/100\n|-damage|p1b: Landorus|0 fnt\n|-unboost|p2a: Gholdengo|spa|1\n|faint|p1b: Landorus\n|-ability|p1a: Moltres|Berserk|boost\n|-boost|p1a: Moltres|spa|1\n|-enditem|p1a: Moltres|Sitrus Berry|[eat]\n|-heal|p1a: Moltres|31\/100|[from] item: Sitrus Berry\n|\n|-weather|Snow|[upkeep]\n|-heal|p2a: Gholdengo|13\/100|[from] item: Leftovers\n|upkeep\n|\n|t:|1699833546\n|switch|p1b: Iron Hands|Iron Hands, L50|12\/100\n|switch|p2b: Landorus|Landorus-Therian, L50, M|100\/100\n|-ability|p2b: Landorus|Intimidate|boost\n|-unboost|p1a: Moltres|atk|1\n|-unboost|p1b: Iron Hands|atk|1\n|turn|7\n|\n|t:|1699833569\n|switch|p2b: Baxcalibur|Baxcalibur, L50, F|77\/100\n|move|p2a: Gholdengo|Protect|p2a: Gholdengo\n|-singleturn|p2a: Gholdengo|Protect\n|move|p1b: Iron Hands|Fake Out|p2b: Baxcalibur\n|-damage|p2b: Baxcalibur|73\/100\n|move|p1a: Moltres|Fiery Wrath|p2b: Baxcalibur|[spread] p2b\n|-activate|p2a: Gholdengo|move: Protect\n|-damage|p2b: Baxcalibur|47\/100\n|\n|-weather|Snow|[upkeep]\n|-heal|p2a: Gholdengo|19\/100|[from] item: Leftovers\n|upkeep\n|turn|8\n|\n|t:|1699833591\n|-end|p1b: Iron Hands|Quark Drive|[silent]\n|switch|p1b: Heatran|Heatran, L50, M|100\/100\n|move|p1a: Moltres|Protect|p1a: Moltres\n|-singleturn|p1a: Moltres|Protect\n|move|p2a: Gholdengo|Protect||[still]\n|-fail|p2a: Gholdengo\n|move|p2b: Baxcalibur|Breaking Swipe|p1a: Moltres|[spread] p1b\n|-activate|p1a: Moltres|move: Protect\n|-resisted|p1b: Heatran\n|-damage|p1b: Heatran|91\/100\n|-unboost|p1b: Heatran|atk|1\n|\n|-weather|Snow|[upkeep]\n|-heal|p2a: Gholdengo|25\/100|[from] item: Leftovers\n|-heal|p1b: Heatran|97\/100|[from] item: Leftovers\n|-sideend|p2: Auscar|move: Aurora Veil\n|upkeep\n|turn|9\n|\n|t:|1699833641\n|move|p2a: Gholdengo|Protect|p2a: Gholdengo\n|-singleturn|p2a: Gholdengo|Protect\n|move|p1a: Moltres|Fiery Wrath|p2a: Gholdengo|[spread] p2b\n|-activate|p2a: Gholdengo|move: Protect\n|-damage|p2b: Baxcalibur|12\/100\n|move|p2b: Baxcalibur|Earthquake|p1a: Moltres|[spread] p1b\n|-activate|p2a: Gholdengo|move: Protect\n|-immune|p1a: Moltres\n|-supereffective|p1b: Heatran\n|-damage|p1b: Heatran|14\/100\n|move|p1b: Heatran|Earth Power|p2b: Baxcalibur\n|-damage|p2b: Baxcalibur|0 fnt\n|faint|p2b: Baxcalibur\n|\n|-weather|Snow|[upkeep]\n|-heal|p2a: Gholdengo|32\/100|[from] item: Leftovers\n|-heal|p1b: Heatran|20\/100|[from] item: Leftovers\n|upkeep\n|inactive|Battle timer is ON: inactive players will automatically lose when time's up. (requested by THS Mike)\n|\n|t:|1699833693\n|switch|p2b: Landorus|Landorus-Therian, L50, M|100\/100\n|-ability|p2b: Landorus|Intimidate|boost\n|-unboost|p1a: Moltres|atk|1\n|-unboost|p1b: Heatran|atk|1\n|turn|10\n|\n|t:|1699833710\n|move|p1a: Moltres|Protect|p1a: Moltres\n|-singleturn|p1a: Moltres|Protect\n|move|p2b: Landorus|Rock Slide|p1a: Moltres|[spread] p1b\n|-activate|p1a: Moltres|move: Protect\n|-damage|p1b: Heatran|3\/100\n|move|p2a: Gholdengo|Shadow Ball|p1b: Heatran\n|-crit|p1b: Heatran\n|-damage|p1b: Heatran|0 fnt\n|faint|p1b: Heatran\n|\n|-weather|none\n|-heal|p2a: Gholdengo|38\/100|[from] item: Leftovers\n|upkeep\n|\n|t:|1699833716\n|switch|p1b: Iron Hands|Iron Hands, L50|12\/100\n|turn|11\n|\n|t:|1699833736\n|move|p1b: Iron Hands|Fake Out|p2b: Landorus\n|-damage|p2b: Landorus|83\/100\n|cant|p2b: Landorus|flinch\n|move|p1a: Moltres|Fiery Wrath|p2a: Gholdengo|[spread] p2a,p2b\n|-supereffective|p2a: Gholdengo\n|-damage|p2a: Gholdengo|0 fnt\n|-damage|p2b: Landorus|0 fnt\n|faint|p2a: Gholdengo\n|faint|p2b: Landorus\n|\n|win|THS Mike\n|raw|THS Mike's rating: 1491 &rarr; <strong>1511<\/strong><br \/>(+20 for winning)\n|raw|Auscar's rating: 1490 &rarr; <strong>1470<\/strong><br \/>(-20 for losing)\n|l|\u2606THS Mike\n|l|\u2606Auscar\n|j|\u2606Auscar\n|player|p2|Auscar|170\n","uploadtime":1699834313,"views":19,"p1id":"thsmike","p2id":"auscar","formatid":"gen9vgc2023regulatione","rating":1470,"private":0,"password":""}