{"id":"gen9vgc2023regulatione-1991517110","p1":"Astra15","p2":"Storm149","format":"[Gen 9] VGC 2023 Regulation E","log":"|j|\u2606Astra15\n|j|\u2606Storm149\n|t:|1700084193\n|gametype|doubles\n|player|p1|Astra15|hugh|\n|player|p2|Storm149|red|\n|teamsize|p1|6\n|teamsize|p2|6\n|gen|9\n|tier|[Gen 9] VGC 2023 Regulation E\n|rule|Species Clause: Limit one of each Pok\u00e9mon\n|rule|Item Clause: Limit one of each item\n|clearpoke\n|poke|p1|Amoonguss, L50, M|\n|poke|p1|Pelipper, L50, M|\n|poke|p1|Goodra, L50, F|\n|poke|p1|Urshifu-*, L50, F|\n|poke|p1|Mamoswine, L50, M|\n|poke|p1|Thundurus-Therian, L50, M|\n|poke|p2|Ursaluna-Bloodmoon, L50, M|\n|poke|p2|Slowbro-Galar, L50, F|\n|poke|p2|Lumineon, L50, M|\n|poke|p2|Foongus, L50, F|\n|poke|p2|Hatterene, L50, F|\n|poke|p2|Glastrier, L50|\n|teampreview|4\nStorm149 rejected open team sheets.\n|j| PorygonTheBot\n|c| PorygonTheBot|You got this!\n|\n|t:|1700084256\n|start\n|switch|p1a: Pelipper|Pelipper, L50, M|100\/100\n|switch|p1b: Mamoswine|Mamoswine, L50, M|100\/100\n|switch|p2a: Dark Magician Girl|Hatterene, L50, F|100\/100\n|switch|p2b: Glastrier|Glastrier, L50|100\/100\n|-weather|RainDance|[from] ability: Drizzle|[of] p1a: Pelipper\n|turn|1\n|\n|t:|1700084291\n|move|p1b: Mamoswine|Earthquake|p2a: Dark Magician Girl|[spread] p2a,p2b\n|-immune|p1a: Pelipper\n|-damage|p2a: Dark Magician Girl|43\/100\n|-damage|p2b: Glastrier|68\/100\n|-damage|p1b: Mamoswine|91\/100|[from] item: Life Orb\n|move|p1a: Pelipper|Hurricane|p2a: Dark Magician Girl\n|-damage|p2a: Dark Magician Girl|15\/100\n|move|p2b: Glastrier|Close Combat|p1b: Mamoswine\n|-supereffective|p1b: Mamoswine\n|-damage|p1b: Mamoswine|0 fnt\n|-unboost|p2b: Glastrier|def|1\n|-unboost|p2b: Glastrier|spd|1\n|faint|p1b: Mamoswine\n|-ability|p2b: Glastrier|Chilling Neigh|boost\n|-boost|p2b: Glastrier|atk|1\n|-damage|p2b: Glastrier|58\/100|[from] item: Life Orb\n|move|p2a: Dark Magician Girl|Trick Room|p2a: Dark Magician Girl\n|-fieldstart|move: Trick Room|[of] p2a: Dark Magician Girl\n|\n|-weather|RainDance|[upkeep]\n|-heal|p2a: Dark Magician Girl|21\/100|[from] item: Leftovers\n|upkeep\n|\n|t:|1700084301\n|switch|p1b: Thundurus|Thundurus-Therian, L50, M|100\/100\n|turn|2\n|\n|t:|1700084329\n|move|p2a: Dark Magician Girl|Dazzling Gleam|p1a: Pelipper|[spread] p1a,p1b\n|-damage|p1a: Pelipper|61\/100\n|-damage|p1b: Thundurus|60\/100\n|move|p2b: Glastrier|Icicle Crash|p1b: Thundurus\n|-supereffective|p1b: Thundurus\n|-damage|p1b: Thundurus|0 fnt\n|faint|p1b: Thundurus\n|-ability|p2b: Glastrier|Chilling Neigh|boost\n|-boost|p2b: Glastrier|atk|1\n|-damage|p2b: Glastrier|48\/100|[from] item: Life Orb\n|move|p1a: Pelipper|Weather Ball|p2a: Dark Magician Girl\n|-damage|p2a: Dark Magician Girl|0 fnt\n|faint|p2a: Dark Magician Girl\n|\n|-weather|RainDance|[upkeep]\n|-heal|p1a: Pelipper|67\/100|[from] item: Leftovers\n|upkeep\n|\n|t:|1700084343\n|switch|p2a: Ursaluna|Ursaluna-Bloodmoon, L50, M|100\/100\n|switch|p1b: Urshifu|Urshifu-Rapid-Strike, L50, F|100\/100\n|turn|3\n|\n|t:|1700084354\n|move|p1b: Urshifu|Protect|p1b: Urshifu\n|-singleturn|p1b: Urshifu|Protect\n|move|p2b: Glastrier|Icicle Crash|p1a: Pelipper\n|-damage|p1a: Pelipper|0 fnt\n|faint|p1a: Pelipper\n|-ability|p2b: Glastrier|Chilling Neigh|boost\n|-boost|p2b: Glastrier|atk|1\n|-damage|p2b: Glastrier|39\/100|[from] item: Life Orb\n|move|p2a: Ursaluna|Blood Moon|p1b: Urshifu\n|-activate|p1b: Urshifu|move: Protect\n|\n|-weather|RainDance|[upkeep]\n|upkeep\n|turn|4\n|\n|t:|1700084369\n|switch|p2b: Lumineon|Lumineon, L50, M|100\/100\n|-terastallize|p2a: Ursaluna|Poison\n|-terastallize|p1b: Urshifu|Water\n|move|p2a: Ursaluna|Hyper Voice|p1b: Urshifu\n|-damage|p1b: Urshifu|18\/100\n|-enditem|p2a: Ursaluna|Throat Spray\n|-boost|p2a: Ursaluna|spa|1|[from] item: Throat Spray\n|move|p1b: Urshifu|Surging Strikes|p2b: Lumineon\n|-activate|p2b: Lumineon|ability: Storm Drain\n|-ability|p2b: Lumineon|Storm Drain|boost\n|-boost|p2b: Lumineon|spa|1\n|\n|-weather|RainDance|[upkeep]\n|upkeep\n|turn|5\n|\n|t:|1700084385\n|move|p1b: Urshifu|Protect|p1b: Urshifu\n|-singleturn|p1b: Urshifu|Protect\n|move|p2a: Ursaluna|Blood Moon|p1b: Urshifu\n|-activate|p1b: Urshifu|move: Protect\n|move|p2b: Lumineon|Dazzling Gleam|p1b: Urshifu\n|-activate|p1b: Urshifu|move: Protect\n|\n|-weather|none\n|-fieldend|move: Trick Room\n|upkeep\n|turn|6\n|\n|t:|1700084404\n|move|p1b: Urshifu|Close Combat|p2a: Ursaluna\n|-resisted|p2a: Ursaluna\n|-damage|p2a: Ursaluna|80\/100\n|-unboost|p1b: Urshifu|def|1\n|-unboost|p1b: Urshifu|spd|1\n|move|p2b: Lumineon|Dazzling Gleam|p1b: Urshifu\n|-damage|p1b: Urshifu|0 fnt\n|faint|p1b: Urshifu\n|\n|win|Storm149\n","uploadtime":1700084405,"views":8,"p1id":"astra15","p2id":"storm149","formatid":"gen9vgc2023regulatione","rating":0,"private":0,"password":null}