{"id":"gen9vgc2023regulatione-1995859382","p1":"soymalito","p2":"ELFEGONx","format":"[Gen 9] VGC 2023 Regulation E","log":"|j|\u2606soymalito\n|j|\u2606ELFEGONx\n|n|\u2606soymalito|soymalito\n|n|\u2606ELFEGONx|elfegonx\n|html|View the match progress at <a href=\"\/game-bestof3-gen9vgc2023regulatione-1995857815\">game-bestof3-gen9vgc2023regulatione-1995857815<\/a>\n|t:|1700610527\n|gametype|doubles\n|player|p1|soymalito|169|\n|player|p2|ELFEGONx|169|\n|teamsize|p1|6\n|teamsize|p2|6\n|gen|9\n|tier|[Gen 9] VGC 2023 Regulation E\n|rule|Species Clause: Limit one of each Pok\u00e9mon\n|rule|Item Clause: Limit one of each item\n|clearpoke\n|poke|p1|Dondozo, L50, F|\n|poke|p1|Tatsugiri, L50, M|\n|poke|p1|Iron Hands, L50|\n|poke|p1|Glimmora, L50, F|\n|poke|p1|Ogerpon-Hearthflame, L50, F|\n|poke|p1|Iron Bundle, L50|\n|poke|p2|Ogerpon-Hearthflame, L50, F|\n|poke|p2|Torkoal, L50, M|\n|poke|p2|Flutter Mane, L50|\n|poke|p2|Tornadus, L50, M|\n|poke|p2|Iron Hands, L50|\n|poke|p2|Landorus-Therian, L50, M|\n|teampreview|4\n|\n|t:|1700610550\n|start\n|switch|p1a: Iron Hands|Iron Hands, L50|100\/100\n|switch|p1b: Iron Bundle|Iron Bundle, L50|100\/100\n|switch|p2a: Flutter Mane|Flutter Mane, L50|100\/100\n|switch|p2b: Iron Hands|Iron Hands, L50|100\/100\n|-enditem|p1b: Iron Bundle|Booster Energy\n|-activate|p1b: Iron Bundle|ability: Quark Drive|[fromitem]\n|-start|p1b: Iron Bundle|quarkdrivespe\n|turn|1\n|\n|t:|1700610566\n|move|p1b: Iron Bundle|Protect|p1b: Iron Bundle\n|-singleturn|p1b: Iron Bundle|Protect\n|move|p2b: Iron Hands|Fake Out|p1a: Iron Hands\n|-damage|p1a: Iron Hands|91\/100\n|move|p2a: Flutter Mane|Dazzling Gleam|p1a: Iron Hands|[spread] p1a\n|-activate|p1b: Iron Bundle|move: Protect\n|-supereffective|p1a: Iron Hands\n|-damage|p1a: Iron Hands|36\/100\n|cant|p1a: Iron Hands|flinch\n|\n|upkeep\n|turn|2\n|\n|t:|1700610595\n|move|p1b: Iron Bundle|Hydro Pump|p2b: Iron Hands\n|-damage|p2b: Iron Hands|71\/100\n|move|p2a: Flutter Mane|Dazzling Gleam|p1b: Iron Bundle|[spread] p1a,p1b\n|-supereffective|p1a: Iron Hands\n|-damage|p1a: Iron Hands|0 fnt\n|-damage|p1b: Iron Bundle|2\/100\n|faint|p1a: Iron Hands\n|-end|p1a: Iron Hands|Quark Drive|[silent]\n|move|p2b: Iron Hands|Drain Punch|p1b: Iron Bundle\n|-supereffective|p1b: Iron Bundle\n|-damage|p1b: Iron Bundle|0 fnt\n|-heal|p2b: Iron Hands|71\/100|[from] drain|[of] p1b: Iron Bundle\n|faint|p1b: Iron Bundle\n|-end|p1b: Iron Bundle|Quark Drive|[silent]\n|\n|upkeep\n|\n|t:|1700610607\n|switch|p1b: Tatsugiri|Tatsugiri, L50, M|100\/100\n|switch|p1a: Dondozo|Dondozo, L50, F|100\/100\n|-activate|p1b: Tatsugiri|ability: Commander|[of] p1a: Dondozo\n|-boost|p1a: Dondozo|atk|2\n|-boost|p1a: Dondozo|spa|2\n|-boost|p1a: Dondozo|spe|2\n|-boost|p1a: Dondozo|def|2\n|-boost|p1a: Dondozo|spd|2\n|turn|3\n|\n|t:|1700610623\n|-end|p2a: Flutter Mane|Protosynthesis|[silent]\n|switch|p2a: Tornadus|Tornadus, L50, M|100\/100\n|-terastallize|p1a: Dondozo|Poison\n|-terastallize|p2b: Iron Hands|Flying\n|move|p1a: Dondozo|Order Up|p2b: Iron Hands\n|-damage|p2b: Iron Hands|38\/100\n|-boost|p1a: Dondozo|atk|1\n|move|p2b: Iron Hands|Wild Charge|p1a: Dondozo\n|-damage|p1a: Dondozo|83\/100\n|-damage|p2b: Iron Hands|34\/100|[from] Recoil\n|\n|-heal|p1a: Dondozo|89\/100|[from] item: Leftovers\n|upkeep\n|turn|4\n|\n|t:|1700610650\n|move|p2a: Tornadus|Tailwind|p2a: Tornadus\n|-sidestart|p2: ELFEGONx|move: Tailwind\n|move|p1a: Dondozo|Substitute|p1a: Dondozo\n|-start|p1a: Dondozo|Substitute\n|-damage|p1a: Dondozo|64\/100\n|move|p2b: Iron Hands|Drain Punch|p1a: Dondozo\n|-resisted|p1a: Dondozo\n|-activate|p1a: Dondozo|move: Substitute|[damage]\n|-heal|p2b: Iron Hands|37\/100|[from] drain|[of] p1a: Dondozo\n|\n|-heal|p1a: Dondozo|70\/100|[from] item: Leftovers\n|upkeep\n|turn|5\n|\n|t:|1700610666\n|move|p2a: Tornadus|Sunny Day|p2a: Tornadus\n|-weather|SunnyDay\n|move|p1a: Dondozo|Order Up|p2b: Iron Hands\n|-damage|p2b: Iron Hands|1\/100\n|-boost|p1a: Dondozo|atk|1\n|move|p2b: Iron Hands|Close Combat|p1a: Dondozo\n|-resisted|p1a: Dondozo\n|-activate|p1a: Dondozo|move: Substitute|[damage]\n|-unboost|p2b: Iron Hands|def|1\n|-unboost|p2b: Iron Hands|spd|1\n|\n|-weather|SunnyDay|[upkeep]\n|-heal|p1a: Dondozo|76\/100|[from] item: Leftovers\n|upkeep\n|turn|6\n|\n|t:|1700610687\n|move|p2a: Tornadus|Bleakwind Storm|p1b: Tatsugiri|[spread] p1a\n|-miss|p2a: Tornadus|p1b: Tatsugiri\n|-end|p1a: Dondozo|Substitute\n|move|p1a: Dondozo|Order Up|p2b: Iron Hands\n|-damage|p2b: Iron Hands|0 fnt\n|faint|p2b: Iron Hands\n|-end|p2b: Iron Hands|Quark Drive|[silent]\n|-boost|p1a: Dondozo|atk|1\n|\n|-weather|SunnyDay|[upkeep]\n|-heal|p1a: Dondozo|83\/100|[from] item: Leftovers\n|upkeep\n|\n|t:|1700610703\n|switch|p2b: Flutter Mane|Flutter Mane, L50|100\/100\n|-activate|p2b: Flutter Mane|ability: Protosynthesis\n|-start|p2b: Flutter Mane|protosynthesisspa\n|turn|7\n|\n|t:|1700610716\n|move|p1a: Dondozo|Protect|p1a: Dondozo\n|-singleturn|p1a: Dondozo|Protect\n|move|p2b: Flutter Mane|Shadow Ball|p1a: Dondozo\n|-activate|p1a: Dondozo|move: Protect\n|move|p2a: Tornadus|Bleakwind Storm|p1a: Dondozo|[spread] \n|-miss|p2a: Tornadus|p1b: Tatsugiri\n|-activate|p1a: Dondozo|move: Protect\n|\n|-weather|SunnyDay|[upkeep]\n|-heal|p1a: Dondozo|89\/100|[from] item: Leftovers\n|-sideend|p2: ELFEGONx|move: Tailwind\n|upkeep\n|turn|8\n|\n|t:|1700610731\n|move|p2a: Tornadus|Tailwind|p2a: Tornadus\n|-sidestart|p2: ELFEGONx|move: Tailwind\n|move|p2b: Flutter Mane|Shadow Ball|p1a: Dondozo\n|-damage|p1a: Dondozo|40\/100\n|move|p1a: Dondozo|Earthquake|p2b: Flutter Mane|[spread] p2b\n|-miss|p1a: Dondozo|p1b: Tatsugiri\n|-immune|p2a: Tornadus\n|-damage|p2b: Flutter Mane|0 fnt\n|faint|p2b: Flutter Mane\n|-end|p2b: Flutter Mane|Protosynthesis|[silent]\n|\n|-weather|SunnyDay|[upkeep]\n|-heal|p1a: Dondozo|47\/100|[from] item: Leftovers\n|upkeep\n|\n|t:|1700610746\n|switch|p2b: Ogerpon|Ogerpon-Hearthflame, L50, F|100\/100\n|-ability|p2b: Ogerpon|Mold Breaker\n|turn|9\n|\n|t:|1700610755\n|move|p1a: Dondozo|Protect|p1a: Dondozo\n|-singleturn|p1a: Dondozo|Protect\n|move|p2a: Tornadus|Bleakwind Storm|p1b: Tatsugiri|[spread] \n|-miss|p2a: Tornadus|p1b: Tatsugiri\n|-activate|p1a: Dondozo|move: Protect\n|move|p2b: Ogerpon|Ivy Cudgel|p1a: Dondozo|[anim] Ivy Cudgel Fire\n|-activate|p1a: Dondozo|move: Protect\n|\n|-weather|none\n|-heal|p1a: Dondozo|53\/100|[from] item: Leftovers\n|upkeep\n|turn|10\n|\n|t:|1700610770\n|move|p2a: Tornadus|Sunny Day|p2a: Tornadus\n|-weather|SunnyDay\n|move|p2b: Ogerpon|Ivy Cudgel|p1a: Dondozo|[anim] Ivy Cudgel Fire\n|-damage|p1a: Dondozo|19\/100\n|move|p1a: Dondozo|Earthquake|p2a: Tornadus|[spread] p2b\n|-miss|p1a: Dondozo|p1b: Tatsugiri\n|-immune|p2a: Tornadus\n|-damage|p2b: Ogerpon|0 fnt\n|faint|p2b: Ogerpon\n|\n|-weather|SunnyDay|[upkeep]\n|-heal|p1a: Dondozo|25\/100|[from] item: Leftovers\n|upkeep\n|turn|11\n|\n|t:|1700610785\n|move|p1a: Dondozo|Protect|p1a: Dondozo\n|-singleturn|p1a: Dondozo|Protect\n|move|p2a: Tornadus|Bleakwind Storm|p1b: Tatsugiri|[spread] \n|-miss|p2a: Tornadus|p1b: Tatsugiri\n|-activate|p1a: Dondozo|move: Protect\n|\n|-weather|SunnyDay|[upkeep]\n|-heal|p1a: Dondozo|32\/100|[from] item: Leftovers\n|-sideend|p2: ELFEGONx|move: Tailwind\n|upkeep\n|turn|12\n|\n|t:|1700610796\n|move|p1a: Dondozo|Order Up|p2a: Tornadus\n|-damage|p2a: Tornadus|0 fnt\n|faint|p2a: Tornadus\n|\n|win|soymalito\n|c|&|\/uhtml prompt-soymalito,soymalito is ready for game 3!\n|c|&|\/uhtml prompt-elfegonx,ELFEGONx is ready for game 3!\nBoth players are ready! Starting next match!\n","uploadtime":1700611116,"views":16,"p1id":"soymalito","p2id":"elfegonx","formatid":"gen9vgc2023regulatione","rating":0,"private":0,"password":""}