{"id":"gen9vgc2023regulatione-1992994617","p1":"Coopert512","p2":"FloridaParkingLot","format":"[Gen 9] VGC 2023 Regulation E","log":"|j|\u2606Coopert512\n|j|\u2606FloridaParkingLot\n|t:|1700253688\n|gametype|doubles\n|player|p1|Coopert512|266|1293\n|player|p2|FloridaParkingLot|170|1347\n|teamsize|p1|6\n|teamsize|p2|6\n|gen|9\n|tier|[Gen 9] VGC 2023 Regulation E\n|rated|\n|rule|Species Clause: Limit one of each Pok\u00e9mon\n|rule|Item Clause: Limit one of each item\n|clearpoke\n|poke|p1|Dondozo, L50, F|\n|poke|p1|Landorus-Therian, L50, M|\n|poke|p1|Iron Hands, L50|\n|poke|p1|Glimmora, L50, M|\n|poke|p1|Flutter Mane, L50|\n|poke|p1|Tatsugiri, L50, F|\n|poke|p2|Iron Hands, L50|\n|poke|p2|Flutter Mane, L50|\n|poke|p2|Chi-Yu, L50|\n|poke|p2|Tornadus, L50, M|\n|poke|p2|Landorus-Therian, L50, M|\n|poke|p2|Urshifu-*, L50, M|\n|teampreview|4\n|j| Slashhappyp\n|inactive|Battle timer is ON: inactive players will automatically lose when time's up. (requested by Coopert512)\n|\n|t:|1700253727\n|start\n|switch|p1a: Dondozo|Dondozo, L50, F|100\/100\n|switch|p1b: Tatsugiri|Tatsugiri, L50, F|100\/100\n|switch|p2a: Tornadus|Tornadus, L50, M|100\/100\n|switch|p2b: Landorus|Landorus-Therian, L50, M|100\/100\n|-activate|p1b: Tatsugiri|ability: Commander|[of] p1a: Dondozo\n|-boost|p1a: Dondozo|atk|2\n|-boost|p1a: Dondozo|spa|2\n|-boost|p1a: Dondozo|spe|2\n|-boost|p1a: Dondozo|def|2\n|-boost|p1a: Dondozo|spd|2\n|-ability|p2b: Landorus|Intimidate|boost\n|-unboost|p1a: Dondozo|atk|1\n|-unboost|p1b: Tatsugiri|atk|1\n|turn|1\n|\n|t:|1700253746\n|move|p2a: Tornadus|Scary Face|p1a: Dondozo\n|-unboost|p1a: Dondozo|spe|2\n|move|p2b: Landorus|U-turn|p1a: Dondozo\n|-damage|p1a: Dondozo|92\/100\n|\n|t:|1700253751\n|switch|p2b: Iron Hands|Iron Hands, L50|100\/100|[from] U-turn\n|move|p1a: Dondozo|Order Up|p2a: Tornadus\n|-damage|p2a: Tornadus|51\/100\n|-boost|p1a: Dondozo|atk|1\n|\n|-heal|p1a: Dondozo|99\/100|[from] item: Leftovers\n|-status|p1b: Tatsugiri|tox|[from] item: Toxic Orb\n|upkeep\n|turn|2\n|inactive|FloridaParkingLot has 30 seconds left.\n|\n|t:|1700253784\n|-terastallize|p2b: Iron Hands|Grass\n|move|p1a: Dondozo|Protect|p1a: Dondozo\n|-singleturn|p1a: Dondozo|Protect\n|move|p2a: Tornadus|Sunny Day|p2a: Tornadus\n|-weather|SunnyDay\n|move|p2b: Iron Hands|Wild Charge|p1a: Dondozo\n|-activate|p1a: Dondozo|move: Protect\n|\n|-weather|SunnyDay|[upkeep]\n|-heal|p1a: Dondozo|100\/100|[from] item: Leftovers\n|-damage|p1b: Tatsugiri|95\/100 tox|[from] psn\n|upkeep\n|turn|3\n|\n|t:|1700253800\n|switch|p2a: Landorus|Landorus-Therian, L50, M|100\/100\n|-ability|p2a: Landorus|Intimidate|boost\n|-unboost|p1a: Dondozo|atk|1\n|-unboost|p1b: Tatsugiri|atk|1\n|-terastallize|p1a: Dondozo|Grass\n|move|p2b: Iron Hands|Wild Charge|p1a: Dondozo\n|-resisted|p1a: Dondozo\n|-damage|p1a: Dondozo|93\/100\n|-damage|p2b: Iron Hands|99\/100|[from] Recoil\n|move|p1a: Dondozo|Order Up|p2a: Landorus\n|-damage|p2a: Landorus|61\/100\n|-boost|p1a: Dondozo|atk|1\n|\n|-weather|SunnyDay|[upkeep]\n|-heal|p1a: Dondozo|99\/100|[from] item: Leftovers\n|-damage|p1b: Tatsugiri|84\/100 tox|[from] psn\n|upkeep\n|turn|4\n|\n|t:|1700253814\n|move|p2a: Landorus|Fly||[still]\n|-prepare|p2a: Landorus|Fly\n|move|p2b: Iron Hands|Drain Punch|p1a: Dondozo\n|-damage|p1a: Dondozo|87\/100\n|-heal|p2b: Iron Hands|100\/100|[from] drain|[of] p1a: Dondozo\n|move|p1a: Dondozo|Order Up|p2a: Landorus|[miss]\n|-miss|p1a: Dondozo|p2a: Landorus\n|\n|-weather|SunnyDay|[upkeep]\n|-heal|p1a: Dondozo|93\/100|[from] item: Leftovers\n|-damage|p1b: Tatsugiri|67\/100 tox|[from] psn\n|upkeep\n|turn|5\n|\n|t:|1700253826\n|-end|p2b: Iron Hands|Quark Drive|[silent]\n|switch|p2b: Urshifu|Urshifu, L50, M|100\/100\n|move|p1a: Dondozo|Protect|p1a: Dondozo\n|-singleturn|p1a: Dondozo|Protect\n|move|p2a: Landorus|Fly|p1a: Dondozo|[from]lockedmove\n|-activate|p1a: Dondozo|move: Protect\n|\n|-weather|SunnyDay|[upkeep]\n|-heal|p1a: Dondozo|99\/100|[from] item: Leftovers\n|-damage|p1b: Tatsugiri|45\/100 tox|[from] psn\n|upkeep\n|turn|6\n|\n|t:|1700253834\n|move|p2a: Landorus|Fly||[still]\n|-prepare|p2a: Landorus|Fly\n|move|p2b: Urshifu|Wicked Blow|p1a: Dondozo\n|-crit|p1a: Dondozo\n|-damage|p1a: Dondozo|53\/100\n|move|p1a: Dondozo|Tera Blast|p2b: Urshifu|[anim] Tera Blast Grass\n|-damage|p2b: Urshifu|27\/100\n|\n|-weather|none\n|-heal|p1a: Dondozo|59\/100|[from] item: Leftovers\n|-damage|p1b: Tatsugiri|17\/100 tox|[from] psn\n|upkeep\n|turn|7\n|\n|t:|1700253842\n|move|p1a: Dondozo|Protect|p1a: Dondozo\n|-singleturn|p1a: Dondozo|Protect\n|move|p2a: Landorus|Fly|p1a: Dondozo|[from]lockedmove\n|-activate|p1a: Dondozo|move: Protect\n|move|p2b: Urshifu|Wicked Blow|p1a: Dondozo\n|-crit|p1a: Dondozo\n|-damage|p1a: Dondozo|11\/100\n|\n|-heal|p1a: Dondozo|17\/100|[from] item: Leftovers\n|-damage|p1b: Tatsugiri|0 fnt|[from] psn\n|faint|p1b: Tatsugiri\n|upkeep\n|\n|t:|1700253845\n|switch|p1b: Iron Hands|Iron Hands, L50|100\/100\n|turn|8\n|\n|t:|1700253852\n|move|p2b: Urshifu|Detect|p2b: Urshifu\n|-singleturn|p2b: Urshifu|Protect\n|move|p1b: Iron Hands|Fake Out|p2b: Urshifu\n|-activate|p2b: Urshifu|move: Protect\n|move|p2a: Landorus|Fly||[still]\n|-prepare|p2a: Landorus|Fly\n|move|p1a: Dondozo|Order Up|p2b: Urshifu\n|-activate|p2b: Urshifu|move: Protect\n|\n|-heal|p1a: Dondozo|23\/100|[from] item: Leftovers\n|upkeep\n|turn|9\n|\n|t:|1700253869\n|move|p2a: Landorus|Fly|p1b: Iron Hands|[from]lockedmove\n|-damage|p1b: Iron Hands|69\/100\n|move|p2b: Urshifu|Wicked Blow|p1a: Dondozo\n|-crit|p1a: Dondozo\n|-damage|p1a: Dondozo|0 fnt\n|faint|p1a: Dondozo\n|move|p1b: Iron Hands|Drain Punch|p2b: Urshifu\n|-supereffective|p2b: Urshifu\n|-crit|p2b: Urshifu\n|-damage|p2b: Urshifu|0 fnt\n|-heal|p1b: Iron Hands|79\/100|[from] drain|[of] p2b: Urshifu\n|faint|p2b: Urshifu\n|\n|upkeep\n|\n|t:|1700253879\n|switch|p2b: Iron Hands|Iron Hands, L50, tera:Grass|100\/100\n|switch|p1a: Flutter Mane|Flutter Mane, L50|100\/100\n|-enditem|p1a: Flutter Mane|Booster Energy\n|-activate|p1a: Flutter Mane|ability: Protosynthesis|[fromitem]\n|-start|p1a: Flutter Mane|protosynthesisspe\n|turn|10\n|\n|t:|1700253888\n|switch|p2a: Tornadus|Tornadus, L50, M|51\/100\n|move|p2b: Iron Hands|Fake Out|p1b: Iron Hands\n|-damage|p1b: Iron Hands|70\/100\n|move|p1a: Flutter Mane|Moonblast|p2a: Tornadus\n|-damage|p2a: Tornadus|0 fnt\n|faint|p2a: Tornadus\n|cant|p1b: Iron Hands|flinch\n|\n|upkeep\n|\n|t:|1700253894\n|switch|p2a: Landorus|Landorus-Therian, L50, M|61\/100\n|-ability|p2a: Landorus|Intimidate|boost\n|-unboost|p1a: Flutter Mane|atk|1\n|-unboost|p1b: Iron Hands|atk|1\n|turn|11\n|\n|t:|1700253901\n|move|p1a: Flutter Mane|Protect|p1a: Flutter Mane\n|-singleturn|p1a: Flutter Mane|Protect\n|move|p2a: Landorus|Stomping Tantrum|p1b: Iron Hands\n|-supereffective|p1b: Iron Hands\n|-damage|p1b: Iron Hands|21\/100\n|move|p2b: Iron Hands|Heavy Slam|p1a: Flutter Mane\n|-activate|p1a: Flutter Mane|move: Protect\n|move|p1b: Iron Hands|Heavy Slam|p2a: Landorus\n|-damage|p2a: Landorus|30\/100\n|\n|upkeep\n|turn|12\n|l| Slashhappyp\n|\n|t:|1700253919\n|move|p1a: Flutter Mane|Moonblast|p2a: Landorus\n|-damage|p2a: Landorus|0 fnt\n|faint|p2a: Landorus\n|move|p2b: Iron Hands|Heavy Slam|p1a: Flutter Mane\n|-supereffective|p1a: Flutter Mane\n|-damage|p1a: Flutter Mane|0 fnt\n|faint|p1a: Flutter Mane\n|-end|p1a: Flutter Mane|Protosynthesis|[silent]\n|move|p1b: Iron Hands|Drain Punch|p2b: Iron Hands\n|-damage|p2b: Iron Hands|81\/100\n|-heal|p1b: Iron Hands|31\/100|[from] drain|[of] p2b: Iron Hands\n|\n|upkeep\n|turn|13\n|-message|Coopert512 forfeited.\n|\n|win|FloridaParkingLot\n|raw|Coopert512's rating: 1293 &rarr; <strong>1272<\/strong><br \/>(-21 for losing)\n|raw|FloridaParkingLot's rating: 1347 &rarr; <strong>1364<\/strong><br \/>(+17 for winning)\n|l|\u2606Coopert512\n","uploadtime":1700253936,"views":9,"p1id":"coopert512","p2id":"floridaparkinglot","formatid":"gen9vgc2023regulatione","rating":1272,"private":0,"password":""}