{"id":"gen9vgc2023regulatione-1993815887","p1":"draytonp","p2":"tyl8","format":"[Gen 9] VGC 2023 Regulation E","log":"|j|\u2606draytonp\n|j|\u2606tyl8\n|t:|1700360773\n|gametype|doubles\n|player|p1|draytonp|1|1284\n|player|p2|tyl8|dawn|1224\n|teamsize|p1|6\n|teamsize|p2|6\n|gen|9\n|tier|[Gen 9] VGC 2023 Regulation E\n|rated|\n|rule|Species Clause: Limit one of each Pok\u00e9mon\n|rule|Item Clause: Limit one of each item\n|clearpoke\n|poke|p1|Indeedee-F, L50, F|\n|poke|p1|Regieleki, L50|\n|poke|p1|Chi-Yu, L50|\n|poke|p1|Flutter Mane, L50|\n|poke|p1|Tornadus, L50, M|\n|poke|p1|Ogerpon-Wellspring, L50, F|\n|poke|p2|Spectrier, L50|\n|poke|p2|Grimmsnarl, L50, M|\n|poke|p2|Roaring Moon, L50|\n|poke|p2|Ogerpon-Wellspring, L50, F|\n|poke|p2|Heatran, L50, M|\n|poke|p2|Landorus-Therian, L50, M|\n|teampreview|4\n|inactive|Battle timer is ON: inactive players will automatically lose when time's up. (requested by tyl8)\ndraytonp has agreed to open team sheets.\n|\n|t:|1700360805\n|start\n|switch|p1a: Regieleki|Regieleki, L50|100\/100\n|switch|p1b: Chi-Yu|Chi-Yu, L50|100\/100\n|switch|p2a: Grimmsnarl|Grimmsnarl, L50, M, shiny|100\/100\n|switch|p2b: Spectrier|Spectrier, L50|100\/100\n|-ability|p1b: Chi-Yu|Beads of Ruin\n|turn|1\n|\n|t:|1700360828\n|switch|p1a: Indeedee|Indeedee-F, L50, F|100\/100\n|-fieldstart|move: Psychic Terrain|[from] ability: Psychic Surge|[of] p1a: Indeedee\n|-enditem|p1a: Indeedee|Psychic Seed\n|-boost|p1a: Indeedee|spd|1|[from] item: Psychic Seed\n|move|p2b: Spectrier|Protect|p2b: Spectrier\n|-singleturn|p2b: Spectrier|Protect\n|move|p2a: Grimmsnarl|Light Screen|p2a: Grimmsnarl\n|-sidestart|p2: tyl8|move: Light Screen\n|move|p1b: Chi-Yu|Snarl|p2a: Grimmsnarl|[spread] p2a\n|-activate|p2b: Spectrier|move: Protect\n|-resisted|p2a: Grimmsnarl\n|-damage|p2a: Grimmsnarl|95\/100\n|-unboost|p2a: Grimmsnarl|spa|1\n|-damage|p1b: Chi-Yu|90\/100|[from] item: Life Orb\n|\n|upkeep\n|turn|2\n|inactive|draytonp has 30 seconds left.\n|\n|t:|1700360855\n|switch|p1b: Regieleki|Regieleki, L50|100\/100\n|-terastallize|p2b: Spectrier|Fairy\n|-terastallize|p1a: Indeedee|Dragon\n|move|p1a: Indeedee|Follow Me|p1a: Indeedee\n|-singleturn|p1a: Indeedee|move: Follow Me\n|move|p2b: Spectrier|Nasty Plot|p2b: Spectrier\n|-boost|p2b: Spectrier|spa|2\n|move|p2a: Grimmsnarl|Spirit Break|p1a: Indeedee\n|-supereffective|p1a: Indeedee\n|-damage|p1a: Indeedee|38\/100\n|-unboost|p1a: Indeedee|spa|1\n|\n|upkeep\n|turn|3\n|inactive|tyl8 has 30 seconds left.\n|\n|t:|1700360884\n|move|p1a: Indeedee|Helping Hand|p1b: Regieleki\n|-singleturn|p1b: Regieleki|Helping Hand|[of] p1a: Indeedee\n|move|p1b: Regieleki|Thunderbolt|p2b: Spectrier\n|-damage|p2b: Spectrier|28\/100\n|move|p2b: Spectrier|Draining Kiss|p1b: Regieleki\n|-damage|p1b: Regieleki|0 fnt\n|-heal|p2b: Spectrier|89\/100|[from] drain|[of] p1b: Regieleki\n|faint|p1b: Regieleki\n|-ability|p2b: Spectrier|Grim Neigh|boost\n|-boost|p2b: Spectrier|spa|1\n|move|p2a: Grimmsnarl|Spirit Break|p1a: Indeedee\n|-supereffective|p1a: Indeedee\n|-damage|p1a: Indeedee|0 fnt\n|faint|p1a: Indeedee\n|\n|-heal|p2b: Spectrier|95\/100|[from] item: Leftovers\n|upkeep\n|c|\u2606draytonp|gg\n|\n|t:|1700360905\n|switch|p1b: Chi-Yu|Chi-Yu, L50|90\/100\n|switch|p1a: Flutter Mane|Flutter Mane, L50|100\/100\n|-ability|p1b: Chi-Yu|Beads of Ruin\n|turn|4\n|\n|t:|1700360923\n|move|p2b: Spectrier|Protect|p2b: Spectrier\n|-singleturn|p2b: Spectrier|Protect\n|move|p1a: Flutter Mane|Moonblast|p2b: Spectrier\n|-activate|p2b: Spectrier|move: Protect\n|move|p1b: Chi-Yu|Snarl|p2b: Spectrier|[spread] p2a\n|-activate|p2b: Spectrier|move: Protect\n|-resisted|p2a: Grimmsnarl\n|-damage|p2a: Grimmsnarl|90\/100\n|-unboost|p2a: Grimmsnarl|spa|1\n|-damage|p1b: Chi-Yu|80\/100|[from] item: Life Orb\n|move|p2a: Grimmsnarl|Spirit Break|p1a: Flutter Mane\n|-damage|p1a: Flutter Mane|33\/100\n|-unboost|p1a: Flutter Mane|spa|1\n|\n|-heal|p2b: Spectrier|100\/100|[from] item: Leftovers\n|upkeep\n|turn|5\n|\n|t:|1700360948\n|move|p1a: Flutter Mane|Moonblast|p2b: Spectrier\n|-damage|p2b: Spectrier|66\/100\n|-unboost|p2b: Spectrier|spa|1\n|move|p1b: Chi-Yu|Snarl|p2a: Grimmsnarl|[spread] p2a,p2b\n|-resisted|p2a: Grimmsnarl\n|-resisted|p2b: Spectrier\n|-damage|p2a: Grimmsnarl|85\/100\n|-damage|p2b: Spectrier|53\/100\n|-unboost|p2a: Grimmsnarl|spa|1\n|-unboost|p2b: Spectrier|spa|1\n|-damage|p1b: Chi-Yu|70\/100|[from] item: Life Orb\n|move|p2b: Spectrier|Draining Kiss|p1b: Chi-Yu\n|-damage|p1b: Chi-Yu|8\/100\n|-heal|p2b: Spectrier|85\/100|[from] drain|[of] p1b: Chi-Yu\n|move|p2a: Grimmsnarl|Spirit Break|p1a: Flutter Mane\n|-damage|p1a: Flutter Mane|0 fnt\n|faint|p1a: Flutter Mane\n|-end|p1a: Flutter Mane|Protosynthesis|[silent]\n|\n|-heal|p2b: Spectrier|91\/100|[from] item: Leftovers\n|-fieldend|move: Psychic Terrain\n|upkeep\n|turn|6\n|c|\u2606tyl8|Gg\n|\n|t:|1700360971\n|move|p1b: Chi-Yu|Overheat|p2b: Spectrier\n|-damage|p2b: Spectrier|0 fnt\n|-unboost|p1b: Chi-Yu|spa|2\n|faint|p2b: Spectrier\n|-damage|p1b: Chi-Yu|0 fnt|[from] item: Life Orb\n|faint|p1b: Chi-Yu\n|\n|win|tyl8\n|raw|draytonp's rating: 1284 &rarr; <strong>1255<\/strong><br \/>(-29 for losing)\n|raw|tyl8's rating: 1224 &rarr; <strong>1253<\/strong><br \/>(+29 for winning)\n|l|\u2606draytonp\n","uploadtime":1700360982,"views":8,"p1id":"draytonp","p2id":"tyl8","formatid":"gen9vgc2023regulatione","rating":1253,"private":0,"password":""}