{"id":"gen9vgc2023regulatione-1998505305","p1":"Lictab11","p2":"Labbbing","format":"[Gen 9] VGC 2023 Regulation E","log":"|j|\u2606Lictab11\n|j|\u2606Labbbing\n|t:|1700949938\n|gametype|doubles\n|player|p1|Lictab11|1|1477\n|player|p2|Labbbing|sada|1405\n|teamsize|p1|6\n|teamsize|p2|6\n|gen|9\n|tier|[Gen 9] VGC 2023 Regulation E\n|rated|\n|rule|Species Clause: Limit one of each Pok\u00e9mon\n|rule|Item Clause: Limit one of each item\n|clearpoke\n|poke|p1|Indeedee-F, L50, F|\n|poke|p1|Armarouge, L50, M|\n|poke|p1|Torkoal, L50, M|\n|poke|p1|Lilligant-Hisui, L50, F|\n|poke|p1|Cresselia, L50, F|\n|poke|p1|Ursaluna, L50, F|\n|poke|p2|Ogerpon-Cornerstone, L50, F|\n|poke|p2|Ursaluna, L50, M|\n|poke|p2|Cresselia, L50, F|\n|poke|p2|Chien-Pao, L50|\n|poke|p2|Dragonite, L50, M|\n|poke|p2|Flutter Mane, L50|\n|teampreview|4\n|inactive|Battle timer is ON: inactive players will automatically lose when time's up. (requested by Labbbing)\n|\n|t:|1700949964\n|start\n|switch|p1a: Armarouge|Armarouge, L50, M, shiny|100\/100\n|switch|p1b: Indeedee|Indeedee-F, L50, F, shiny|100\/100\n|switch|p2a: Dragonite|Dragonite, L50, M, shiny|100\/100\n|switch|p2b: Chien-Pao|Chien-Pao, L50|100\/100\n|-ability|p2b: Chien-Pao|Sword of Ruin\n|-fieldstart|move: Psychic Terrain|[from] ability: Psychic Surge|[of] p1b: Indeedee\n|turn|1\n|\n|t:|1700949983\n|move|p1b: Indeedee|Follow Me|p1b: Indeedee\n|-singleturn|p1b: Indeedee|move: Follow Me\n|move|p2b: Chien-Pao|Icicle Crash|p1b: Indeedee|[miss]\n|-miss|p2b: Chien-Pao|p1b: Indeedee\n|move|p2a: Dragonite|Ice Spinner|p1b: Indeedee\n|-damage|p1b: Indeedee|59\/100\n|-damage|p2a: Dragonite|84\/100|[from] item: Rocky Helmet|[of] p1b: Indeedee\n|-fieldend|move: Psychic Terrain\n|move|p1a: Armarouge|Trick Room|p1a: Armarouge\n|-fieldstart|move: Trick Room|[of] p1a: Armarouge\n|\n|upkeep\n|turn|2\n|inactive|Lictab11 has 30 seconds left.\n|\n|t:|1700950014\n|-terastallize|p2a: Dragonite|Normal\n|move|p2a: Dragonite|Extreme Speed|p1a: Armarouge\n|-damage|p1a: Armarouge|38\/100\n|move|p1a: Armarouge|Expanding Force|p2a: Dragonite\n|-damage|p2a: Dragonite|47\/100\n|-damage|p1a: Armarouge|28\/100|[from] item: Life Orb\n|move|p1b: Indeedee|Dazzling Gleam|p2a: Dragonite|[spread] p2a,p2b\n|-supereffective|p2b: Chien-Pao\n|-damage|p2a: Dragonite|37\/100\n|-damage|p2b: Chien-Pao|57\/100\n|move|p2b: Chien-Pao|Icicle Crash|p1b: Indeedee\n|-damage|p1b: Indeedee|5\/100\n|\n|upkeep\n|turn|3\n|\n|t:|1700950031\n|move|p1b: Indeedee|Follow Me|p1b: Indeedee\n|-singleturn|p1b: Indeedee|move: Follow Me\n|move|p2a: Dragonite|Extreme Speed|p1b: Indeedee\n|-damage|p1b: Indeedee|0 fnt\n|-damage|p2a: Dragonite|20\/100|[from] item: Rocky Helmet|[of] p1b: Indeedee\n|faint|p1b: Indeedee\n|move|p1a: Armarouge|Armor Cannon|p2a: Dragonite\n|-damage|p2a: Dragonite|0 fnt\n|-unboost|p1a: Armarouge|def|1\n|-unboost|p1a: Armarouge|spd|1\n|faint|p2a: Dragonite\n|-damage|p1a: Armarouge|18\/100|[from] item: Life Orb\n|move|p2b: Chien-Pao|Icicle Crash|p1a: Armarouge\n|-resisted|p1a: Armarouge\n|-damage|p1a: Armarouge|0 fnt\n|faint|p1a: Armarouge\n|\n|upkeep\n|\n|t:|1700950041\n|switch|p1a: Torkoal|Torkoal, L50, M, shiny|100\/100\n|switch|p1b: Ursaluna|Ursaluna, L50, F, shiny|100\/100\n|switch|p2a: Ursaluna|Ursaluna, L50, M, shiny|100\/100\n|-weather|SunnyDay|[from] ability: Drought|[of] p1a: Torkoal\n|turn|4\n|\n|t:|1700950050\n|-terastallize|p1a: Torkoal|Fire\n|move|p2b: Chien-Pao|Sucker Punch|p1a: Torkoal\n|-damage|p1a: Torkoal|67\/100\n|move|p1a: Torkoal|Eruption|p2a: Ursaluna|[spread] p2a,p2b\n|-crit|p2a: Ursaluna\n|-supereffective|p2b: Chien-Pao\n|-damage|p2a: Ursaluna|0 fnt\n|-damage|p2b: Chien-Pao|0 fnt\n|faint|p2a: Ursaluna\n|faint|p2b: Chien-Pao\n|move|p1b: Ursaluna|Facade|p2: Ursaluna|[notarget]\n|-fail|p1b: Ursaluna\n|\n|-weather|SunnyDay|[upkeep]\n|-status|p1b: Ursaluna|brn|[from] item: Flame Orb\n|upkeep\n|\n|t:|1700950055\n|switch|p2b: Ogerpon|Ogerpon-Cornerstone, L50, F|100\/100\n|turn|5\n|\n|t:|1700950069\n|move|p2b: Ogerpon|Spiky Shield|p2b: Ogerpon\n|-singleturn|p2b: Ogerpon|move: Protect\n|move|p1a: Torkoal|Eruption|p2b: Ogerpon\n|-activate|p2b: Ogerpon|move: Protect\n|move|p1b: Ursaluna|Headlong Rush|p2b: Ogerpon\n|-activate|p2b: Ogerpon|move: Protect\n|-damage|p1b: Ursaluna|88\/100 brn|[from] Spiky Shield|[of] p2b: Ogerpon\n|\n|-weather|SunnyDay|[upkeep]\n|-damage|p1b: Ursaluna|82\/100 brn|[from] brn\n|-fieldend|move: Trick Room\n|upkeep\n|turn|6\n|\n|t:|1700950076\n|move|p2b: Ogerpon|Ivy Cudgel|p1a: Torkoal|[anim] Ivy Cudgel Rock\n|-supereffective|p1a: Torkoal\n|-crit|p1a: Torkoal\n|-damage|p1a: Torkoal|0 fnt\n|faint|p1a: Torkoal\n|move|p1b: Ursaluna|Headlong Rush|p2b: Ogerpon\n|-ability|p2b: Ogerpon|Sturdy\n|-damage|p2b: Ogerpon|1\/100\n|-unboost|p1b: Ursaluna|def|1\n|-unboost|p1b: Ursaluna|spd|1\n|\n|-weather|SunnyDay|[upkeep]\n|-damage|p1b: Ursaluna|76\/100 brn|[from] brn\n|upkeep\n|turn|7\n|\n|t:|1700950082\n|move|p2b: Ogerpon|Wood Hammer|p1b: Ursaluna\n|-supereffective|p1b: Ursaluna\n|-damage|p1b: Ursaluna|0 fnt\n|faint|p1b: Ursaluna\n|-damage|p2b: Ogerpon|0 fnt|[from] Recoil\n|faint|p2b: Ogerpon\n|\n|win|Labbbing\n|raw|Lictab11's rating: 1477 &rarr; <strong>1453<\/strong><br \/>(-24 for losing)\n|raw|Labbbing's rating: 1405 &rarr; <strong>1429<\/strong><br \/>(+24 for winning)\n|l|\u2606Lictab11\n","uploadtime":1700950092,"views":10,"p1id":"lictab11","p2id":"labbbing","formatid":"gen9vgc2023regulatione","rating":1429,"private":0,"password":""}