{"id":"gen9vgc2023regulatione-1990188248","p1":"leafyarrow","p2":"1shing1","format":"[Gen 9] VGC 2023 Regulation E","log":"|j|\u2606leafyarrow\n|j|\u26061shing1\n|t:|1699934744\n|gametype|doubles\n|player|p1|leafyarrow|leaf-masters|1317\n|player|p2|1shing1|101|1383\n|teamsize|p1|6\n|teamsize|p2|6\n|gen|9\n|tier|[Gen 9] VGC 2023 Regulation E\n|rated|\n|rule|Species Clause: Limit one of each Pok\u00e9mon\n|rule|Item Clause: Limit one of each item\n|clearpoke\n|poke|p1|Enamorus-Therian, L50, F|\n|poke|p1|Ursaluna, L50, F|\n|poke|p1|Indeedee-F, L50, F|\n|poke|p1|Armarouge, L50, M|\n|poke|p1|Ogerpon-Cornerstone, L50, F|\n|poke|p1|Iron Hands, L50|\n|poke|p2|Ninetales-Alola, L50, F|\n|poke|p2|Indeedee-F, L50, F|\n|poke|p2|Roaring Moon, L50|\n|poke|p2|Milotic, L50, F|\n|poke|p2|Brambleghast, L50, M|\n|poke|p2|Articuno, L50|\n|teampreview|4\nleafyarrow has agreed to open team sheets.\n|inactive|Battle timer is ON: inactive players will automatically lose when time's up. (requested by 1shing1)\n|\n|t:|1699934781\n|start\n|switch|p1a: Iron Hands|Iron Hands, L50|100\/100\n|switch|p1b: Armarouge|Armarouge, L50, M|100\/100\n|switch|p2a: Roaring Moon|Roaring Moon, L50|100\/100\n|switch|p2b: Brambleghast|Brambleghast, L50, M|100\/100\n|-enditem|p2a: Roaring Moon|Booster Energy\n|-activate|p2a: Roaring Moon|ability: Protosynthesis|[fromitem]\n|-start|p2a: Roaring Moon|protosynthesisatk\n|turn|1\n|inactive|leafyarrow has 30 seconds left.\n|inactive|1shing1 has 30 seconds left.\n|\n|t:|1699934811\n|-terastallize|p1b: Armarouge|Grass\n|move|p1a: Iron Hands|Fake Out|p2a: Roaring Moon\n|-damage|p2a: Roaring Moon|79\/100\n|cant|p2a: Roaring Moon|flinch\n|move|p2b: Brambleghast|Strength Sap|p1a: Iron Hands\n|-unboost|p1a: Iron Hands|atk|1\n|move|p1b: Armarouge|Trick Room|p1b: Armarouge\n|-fieldstart|move: Trick Room|[of] p1b: Armarouge\n|\n|upkeep\n|turn|2\n|\n|t:|1699934827\n|-end|p1a: Iron Hands|Quark Drive|[silent]\n|switch|p1a: Indeedee|Indeedee-F, L50, F|100\/100\n|-fieldstart|move: Psychic Terrain|[from] ability: Psychic Surge|[of] p1a: Indeedee\n|-enditem|p1a: Indeedee|Psychic Seed\n|-boost|p1a: Indeedee|spd|1|[from] item: Psychic Seed\n|-terastallize|p2a: Roaring Moon|Flying\n|move|p1b: Armarouge|Expanding Force|p2b: Brambleghast|[spread] p2a,p2b\n|-damage|p2a: Roaring Moon|3\/100\n|-enditem|p2b: Brambleghast|Focus Sash\n|-damage|p2b: Brambleghast|1\/100\n|-damage|p1b: Armarouge|91\/100|[from] item: Life Orb\n|move|p2b: Brambleghast|Strength Sap|p1a: Indeedee\n|-unboost|p1a: Indeedee|atk|1\n|-heal|p2b: Brambleghast|43\/100\n|move|p2a: Roaring Moon|Acrobatics|p1b: Armarouge\n|-supereffective|p1b: Armarouge\n|-damage|p1b: Armarouge|0 fnt\n|faint|p1b: Armarouge\n|\n|upkeep\n|\n|t:|1699934847\n|switch|p1b: Enamorus|Enamorus-Therian, L50, F|100\/100\n|turn|3\n|inactive|1shing1 has 30 seconds left.\n|\n|t:|1699934879\n|switch|p2b: Milotic|Milotic, L50, F|100\/100\n|-end|p2a: Roaring Moon|Protosynthesis|[silent]\n|switch|p2a: Ninetales|Ninetales-Alola, L50, F|100\/100\n|-weather|Snow|[from] ability: Snow Warning|[of] p2a: Ninetales\n|move|p1a: Indeedee|Helping Hand|p1b: Enamorus\n|-singleturn|p1b: Enamorus|Helping Hand|[of] p1a: Indeedee\n|move|p1b: Enamorus|Dazzling Gleam|p2b: Milotic|[spread] p2a,p2b\n|-damage|p2a: Ninetales|11\/100\n|-damage|p2b: Milotic|46\/100\n|-enditem|p2b: Milotic|Sitrus Berry|[eat]\n|-heal|p2b: Milotic|71\/100|[from] item: Sitrus Berry\n|\n|-weather|Snow|[upkeep]\n|upkeep\n|turn|4\n|\n|t:|1699934899\n|switch|p1a: Iron Hands|Iron Hands, L50|100\/100\n|move|p2a: Ninetales|Protect|p2a: Ninetales\n|-singleturn|p2a: Ninetales|Protect\n|move|p1b: Enamorus|Dazzling Gleam|p2b: Milotic|[spread] p2b\n|-activate|p2a: Ninetales|move: Protect\n|-damage|p2b: Milotic|35\/100\n|move|p2b: Milotic|Recover|p2b: Milotic\n|-heal|p2b: Milotic|85\/100\n|\n|-weather|Snow|[upkeep]\n|upkeep\n|turn|5\n|\n|t:|1699934920\n|move|p2a: Ninetales|Protect||[still]\n|-fail|p2a: Ninetales\n|move|p1b: Enamorus|Dazzling Gleam|p2b: Milotic|[spread] p2a,p2b\n|-damage|p2a: Ninetales|0 fnt\n|-damage|p2b: Milotic|47\/100\n|faint|p2a: Ninetales\n|move|p1a: Iron Hands|Wild Charge|p2b: Milotic\n|-supereffective|p2b: Milotic\n|-damage|p2b: Milotic|0 fnt\n|faint|p2b: Milotic\n|-damage|p1a: Iron Hands|90\/100|[from] Recoil\n|\n|-weather|Snow|[upkeep]\n|-fieldend|move: Trick Room\n|upkeep\n|\n|t:|1699934932\n|switch|p2a: Roaring Moon|Roaring Moon, L50, tera:Flying|3\/100\n|switch|p2b: Brambleghast|Brambleghast, L50, M|43\/100\n|turn|6\n|\n|t:|1699934941\n|-end|p1a: Iron Hands|Quark Drive|[silent]\n|switch|p1a: Indeedee|Indeedee-F, L50, F|100\/100\n|move|p2a: Roaring Moon|Acrobatics|p1b: Enamorus\n|-damage|p1b: Enamorus|49\/100\n|move|p2b: Brambleghast|Strength Sap|p1a: Indeedee\n|-unboost|p1a: Indeedee|atk|1\n|-heal|p2b: Brambleghast|84\/100\n|move|p1b: Enamorus|Dazzling Gleam|p2b: Brambleghast|[spread] p2a,p2b\n|-crit|p2b: Brambleghast\n|-damage|p2a: Roaring Moon|0 fnt\n|-damage|p2b: Brambleghast|0 fnt\n|faint|p2a: Roaring Moon\n|-end|p2a: Roaring Moon|Protosynthesis|[silent]\n|faint|p2b: Brambleghast\n|\n|win|leafyarrow\n|raw|leafyarrow's rating: 1317 &rarr; <strong>1341<\/strong><br \/>(+24 for winning)\n|raw|1shing1's rating: 1383 &rarr; <strong>1359<\/strong><br \/>(-24 for losing)\n|l|\u26061shing1\n","uploadtime":1699934956,"views":32,"p1id":"leafyarrow","p2id":"1shing1","formatid":"gen9vgc2023regulatione","rating":1341,"private":0,"password":""}