{"id":"gen9vgc2023regulatione-1991002032","p1":"Kingmunoz","p2":"QueenFluffyShadow","format":"[Gen 9] VGC 2023 Regulation E","log":"|j|\u2606Kingmunoz\n|j|\u2606QueenFluffyShadow\n|t:|1700026066\n|gametype|doubles\n|player|p1|Kingmunoz|norman|1123\n|player|p2|QueenFluffyShadow|bellelba|1083\n|teamsize|p1|6\n|teamsize|p2|6\n|gen|9\n|tier|[Gen 9] VGC 2023 Regulation E\n|rated|\n|rule|Species Clause: Limit one of each Pok\u00e9mon\n|rule|Item Clause: Limit one of each item\n|clearpoke\n|poke|p1|Flutter Mane, L50|\n|poke|p1|Iron Hands, L50|\n|poke|p1|Landorus-Therian, L50, M|\n|poke|p1|Chien-Pao, L50|\n|poke|p1|Kingambit, L50, M|\n|poke|p1|Dragonite, L50, F|\n|poke|p2|Kommo-o, L50, F|\n|poke|p2|Sinistcha, L50|\n|poke|p2|Dondozo, L50, F|\n|poke|p2|Tatsugiri, L50, F|\n|poke|p2|Ogerpon-Wellspring, L50, F|\n|poke|p2|Oricorio-Sensu, L50, F|\n|teampreview|4\nQueenFluffyShadow rejected open team sheets.\n|\n|t:|1700026086\n|start\n|switch|p1a: Kingambit|Kingambit, L50, M, shiny|100\/100\n|switch|p1b: Landorus|Landorus-Therian, L50, M|100\/100\n|switch|p2a: Kommo-o|Kommo-o, L50, F, shiny|100\/100\n|switch|p2b: Oricorio|Oricorio-Sensu, L50, F|100\/100\n|-ability|p1b: Landorus|Intimidate|boost\n|-unboost|p2a: Kommo-o|atk|1\n|-unboost|p2b: Oricorio|atk|1\n|turn|1\n|\n|t:|1700026115\n|move|p1a: Kingambit|Sucker Punch||[still]\n|-fail|p1a: Kingambit\n|move|p1b: Landorus|Stomping Tantrum|p2a: Kommo-o\n|-damage|p2a: Kommo-o|62\/100\n|move|p2a: Kommo-o|Clangorous Soul|p2a: Kommo-o\n|-boost|p2a: Kommo-o|atk|1\n|-boost|p2a: Kommo-o|def|1\n|-boost|p2a: Kommo-o|spa|1\n|-boost|p2a: Kommo-o|spd|1\n|-boost|p2a: Kommo-o|spe|1\n|-damage|p2a: Kommo-o|29\/100\n|-enditem|p2a: Kommo-o|Throat Spray\n|-boost|p2a: Kommo-o|spa|1|[from] item: Throat Spray\n|-activate|p2b: Oricorio|ability: Dancer\n|move|p2b: Oricorio|Clangorous Soul|p2b: Oricorio|[from]ability: Dancer\n|-boost|p2b: Oricorio|atk|1\n|-boost|p2b: Oricorio|def|1\n|-boost|p2b: Oricorio|spa|1\n|-boost|p2b: Oricorio|spd|1\n|-boost|p2b: Oricorio|spe|1\n|-damage|p2b: Oricorio|68\/100\n|move|p2b: Oricorio|Baton Pass|p2b: Oricorio\n|\n|t:|1700026133\n|switch|p2b: Dondozo|Dondozo, L50, F, shiny|100\/100|[from] Baton Pass\n|\n|upkeep\n|turn|2\n|\n|t:|1700026153\n|switch|p2a: Tatsugiri|Tatsugiri, L50, F|100\/100\n|-activate|p2a: Tatsugiri|ability: Commander|[of] p2b: Dondozo\n|-boost|p2b: Dondozo|atk|2\n|-boost|p2b: Dondozo|spa|2\n|-boost|p2b: Dondozo|spe|2\n|-boost|p2b: Dondozo|def|2\n|-boost|p2b: Dondozo|spd|2\n|move|p1a: Kingambit|Sucker Punch||[still]\n|-fail|p1a: Kingambit\n|move|p1b: Landorus|Stomping Tantrum|p2b: Dondozo\n|-crit|p2b: Dondozo\n|-damage|p2b: Dondozo|61\/100\n|move|p2b: Dondozo|Earthquake|p1b: Landorus|[spread] p1a\n|-miss|p2b: Dondozo|p2a: Tatsugiri\n|-immune|p1b: Landorus\n|-supereffective|p1a: Kingambit\n|-damage|p1a: Kingambit|50\/100\n|\n|-heal|p2b: Dondozo|67\/100|[from] item: Leftovers\n|upkeep\n|turn|3\n|\n|t:|1700026175\n|move|p1a: Kingambit|Protect|p1a: Kingambit\n|-singleturn|p1a: Kingambit|Protect\n|move|p1b: Landorus|Stomping Tantrum|p2b: Dondozo\n|-damage|p2b: Dondozo|56\/100\n|move|p2b: Dondozo|Wave Crash|p1b: Landorus\n|-supereffective|p1b: Landorus\n|-damage|p1b: Landorus|0 fnt\n|faint|p1b: Landorus\n|-damage|p2b: Dondozo|35\/100|[from] Recoil\n|\n|-heal|p2b: Dondozo|42\/100|[from] item: Leftovers\n|upkeep\n|\n|t:|1700026186\n|switch|p1b: Flutter Mane|Flutter Mane, L50, shiny|100\/100\n|turn|4\n|\n|t:|1700026191\n|-terastallize|p1b: Flutter Mane|Fairy\n|move|p2b: Dondozo|Protect|p2b: Dondozo\n|-singleturn|p2b: Dondozo|Protect\n|move|p1a: Kingambit|Sucker Punch||[still]\n|-fail|p1a: Kingambit\n|move|p1b: Flutter Mane|Dazzling Gleam|p2a: Tatsugiri|[spread] \n|-miss|p1b: Flutter Mane|p2a: Tatsugiri\n|-activate|p2b: Dondozo|move: Protect\n|\n|-heal|p2b: Dondozo|48\/100|[from] item: Leftovers\n|upkeep\n|turn|5\n|\n|t:|1700026205\n|move|p1a: Kingambit|Sucker Punch|p2b: Dondozo\n|-damage|p2b: Dondozo|34\/100\n|move|p1b: Flutter Mane|Dazzling Gleam|p2b: Dondozo|[spread] p2b\n|-miss|p1b: Flutter Mane|p2a: Tatsugiri\n|-damage|p2b: Dondozo|17\/100\n|move|p2b: Dondozo|Earthquake|p1b: Flutter Mane|[spread] p1a,p1b\n|-miss|p2b: Dondozo|p2a: Tatsugiri\n|-supereffective|p1a: Kingambit\n|-damage|p1a: Kingambit|0 fnt\n|-damage|p1b: Flutter Mane|24\/100\n|faint|p1a: Kingambit\n|\n|-heal|p2b: Dondozo|23\/100|[from] item: Leftovers\n|upkeep\n|\n|t:|1700026217\n|switch|p1a: Iron Hands|Iron Hands, L50, shiny|100\/100\n|turn|6\n|\n|t:|1700026224\n|move|p2b: Dondozo|Protect|p2b: Dondozo\n|-singleturn|p2b: Dondozo|Protect\n|move|p1a: Iron Hands|Fake Out|p2b: Dondozo\n|-activate|p2b: Dondozo|move: Protect\n|move|p1b: Flutter Mane|Dazzling Gleam|p2a: Tatsugiri|[spread] \n|-miss|p1b: Flutter Mane|p2a: Tatsugiri\n|-activate|p2b: Dondozo|move: Protect\n|\n|-heal|p2b: Dondozo|29\/100|[from] item: Leftovers\n|upkeep\n|turn|7\n|\n|t:|1700026245\n|move|p1b: Flutter Mane|Dazzling Gleam|p2b: Dondozo|[spread] p2b\n|-miss|p1b: Flutter Mane|p2a: Tatsugiri\n|-damage|p2b: Dondozo|9\/100\n|move|p2b: Dondozo|Earthquake|p1b: Flutter Mane|[spread] p1a,p1b\n|-miss|p2b: Dondozo|p2a: Tatsugiri\n|-supereffective|p1a: Iron Hands\n|-damage|p1a: Iron Hands|51\/100\n|-damage|p1b: Flutter Mane|0 fnt\n|faint|p1b: Flutter Mane\n|-end|p1b: Flutter Mane|Protosynthesis|[silent]\n|move|p1a: Iron Hands|Wild Charge|p2b: Dondozo\n|-supereffective|p2b: Dondozo\n|-damage|p2b: Dondozo|0 fnt\n|faint|p2b: Dondozo\n|-damage|p1a: Iron Hands|49\/100|[from] Recoil\n|\n|upkeep\n|\n|t:|1700026261\n|switch|p2b: Oricorio|Oricorio-Sensu, L50, F|68\/100\n|turn|8\n|\n|t:|1700026290\n|move|p2a: Tatsugiri|Dragon Pulse|p1a: Iron Hands\n|-damage|p1a: Iron Hands|21\/100\n|move|p2b: Oricorio|Revelation Dance|p1a: Iron Hands\n|-damage|p1a: Iron Hands|0 fnt\n|faint|p1a: Iron Hands\n|-end|p1a: Iron Hands|Quark Drive|[silent]\n|\n|win|QueenFluffyShadow\n|raw|Kingmunoz's rating: 1123 &rarr; <strong>1095<\/strong><br \/>(-28 for losing)\n|raw|QueenFluffyShadow's rating: 1083 &rarr; <strong>1114<\/strong><br \/>(+31 for winning)\n|l|\u2606Kingmunoz\n|c|\u2606QueenFluffyShadow|gg\n","uploadtime":1700026302,"views":43,"p1id":"kingmunoz","p2id":"queenfluffyshadow","formatid":"gen9vgc2023regulatione","rating":1095,"private":0,"password":""}