{"id":"gen9vgc2023regulatione-1995235558","p1":"thrushery2","p2":"InferiorCizy","format":"[Gen 9] VGC 2023 Regulation E","log":"|j|\u2606thrushery2\n|j|\u2606InferiorCizy\n|t:|1700538138\n|gametype|doubles\n|player|p1|thrushery2|hilbert|1107\n|player|p2|InferiorCizy|benga|1117\n|teamsize|p1|6\n|teamsize|p2|6\n|gen|9\n|tier|[Gen 9] VGC 2023 Regulation E\n|rated|\n|rule|Species Clause: Limit one of each Pok\u00e9mon\n|rule|Item Clause: Limit one of each item\n|clearpoke\n|poke|p1|Regieleki, L50|\n|poke|p1|Chi-Yu, L50|\n|poke|p1|Tornadus, L50, M|\n|poke|p1|Indeedee-F, L50, F|\n|poke|p1|Ogerpon-Wellspring, L50, F|\n|poke|p1|Flutter Mane, L50|\n|poke|p2|Urshifu-*, L50, M|\n|poke|p2|Rillaboom, L50, M|\n|poke|p2|Gholdengo, L50|\n|poke|p2|Tornadus, L50, M|\n|poke|p2|Arcanine-Hisui, L50, F|\n|poke|p2|Flutter Mane, L50|\n|teampreview|4\nthrushery2 has agreed to open team sheets.\nInferiorCizy has agreed to open team sheets.\n|\n|t:|1700538242\n|start\n|switch|p1a: Tornadus|Tornadus, L50, M|100\/100\n|switch|p1b: Indeedee|Indeedee-F, L50, F|100\/100\n|switch|p2a: Dig Prime|Tornadus, L50, M|100\/100\n|switch|p2b: nathan|Urshifu-Rapid-Strike, L50, M|100\/100\n|-fieldstart|move: Psychic Terrain|[from] ability: Psychic Surge|[of] p1b: Indeedee\n|-enditem|p1b: Indeedee|Psychic Seed\n|-boost|p1b: Indeedee|spd|1|[from] item: Psychic Seed\n|turn|1\n|\n|t:|1700538294\n|-terastallize|p2b: nathan|Water\n|move|p1a: Tornadus|Tailwind|p1a: Tornadus\n|-sidestart|p1: thrushery2|move: Tailwind\n|move|p2a: Dig Prime|Rain Dance|p2a: Dig Prime\n|-weather|RainDance\n|move|p1b: Indeedee|Psychic|p2b: nathan\n|-damage|p2b: nathan|50\/100\n|move|p2b: nathan|Surging Strikes|p1b: Indeedee\n|-crit|p1b: Indeedee\n|-damage|p1b: Indeedee|54\/100\n|-crit|p1b: Indeedee\n|-damage|p1b: Indeedee|9\/100\n|-crit|p1b: Indeedee\n|-damage|p1b: Indeedee|0 fnt\n|faint|p1b: Indeedee\n|-hitcount|p1: Indeedee|3\n|\n|-weather|RainDance|[upkeep]\n|upkeep\n|\n|t:|1700538308\n|switch|p1b: Regieleki|Regieleki, L50|100\/100\n|turn|2\n|\n|t:|1700538342\n|-terastallize|p1b: Regieleki|Ice\n|move|p2b: nathan|Detect|p2b: nathan\n|-singleturn|p2b: nathan|Protect\n|move|p1b: Regieleki|Tera Blast|p2a: Dig Prime|[anim] Tera Blast Ice\n|-supereffective|p2a: Dig Prime\n|-damage|p2a: Dig Prime|20\/100\n|move|p1a: Tornadus|Bleakwind Storm|p2b: nathan|[spread] p2a\n|-activate|p2b: nathan|move: Protect\n|-damage|p2a: Dig Prime|0 fnt\n|faint|p2a: Dig Prime\n|\n|-weather|RainDance|[upkeep]\n|upkeep\n|\n|t:|1700538360\n|switch|p2a: Boomer|Rillaboom, L50, M|100\/100\n|-fieldstart|move: Grassy Terrain|[from] ability: Grassy Surge|[of] p2a: Boomer\n|turn|3\n|\n|t:|1700538381\n|move|p1a: Tornadus|Protect|p1a: Tornadus\n|-singleturn|p1a: Tornadus|Protect\n|move|p1b: Regieleki|Protect|p1b: Regieleki\n|-singleturn|p1b: Regieleki|Protect\n|move|p2a: Boomer|Fake Out|p1b: Regieleki\n|-activate|p1b: Regieleki|move: Protect\n|move|p2b: nathan|Surging Strikes|p1a: Tornadus\n|-crit|p1a: Tornadus\n|-damage|p1a: Tornadus|45\/100\n|-crit|p1a: Tornadus\n|-damage|p1a: Tornadus|0 fnt\n|faint|p1a: Tornadus\n|-hitcount|p1: Tornadus|2\n|\n|-weather|RainDance|[upkeep]\n|-heal|p2b: nathan|56\/100|[from] Grassy Terrain\n|upkeep\n|\n|t:|1700538388\n|switch|p1a: Chi-Yu|Chi-Yu, L50|100\/100\n|-ability|p1a: Chi-Yu|Beads of Ruin\n|turn|4\n|\n|t:|1700538419\n|move|p1b: Regieleki|Protect||[still]\n|-fail|p1b: Regieleki\n|move|p2b: nathan|Aqua Jet|p1b: Regieleki\n|-damage|p1b: Regieleki|0 fnt\n|faint|p1b: Regieleki\n|move|p2a: Boomer|Grassy Glide|p1a: Chi-Yu\n|-resisted|p1a: Chi-Yu\n|-damage|p1a: Chi-Yu|68\/100\n|move|p1a: Chi-Yu|Overheat|p2a: Boomer\n|-supereffective|p2a: Boomer\n|-damage|p2a: Boomer|16\/100\n|-unboost|p1a: Chi-Yu|spa|2\n|-damage|p1a: Chi-Yu|58\/100|[from] item: Life Orb\n|\n|-weather|RainDance|[upkeep]\n|-heal|p1a: Chi-Yu|64\/100|[from] Grassy Terrain\n|-heal|p2b: nathan|61\/100|[from] Grassy Terrain\n|-heal|p2a: Boomer|22\/100|[from] Grassy Terrain\n|-sideend|p1: thrushery2|move: Tailwind\n|upkeep\n|turn|5\n|\n|t:|1700538459\n|move|p2b: nathan|Aqua Jet|p1a: Chi-Yu\n|-supereffective|p1a: Chi-Yu\n|-damage|p1a: Chi-Yu|0 fnt\n|faint|p1a: Chi-Yu\n|\n|win|InferiorCizy\n|raw|thrushery2's rating: 1107 &rarr; <strong>1083<\/strong><br \/>(-24 for losing)\n|raw|InferiorCizy's rating: 1117 &rarr; <strong>1141<\/strong><br \/>(+24 for winning)\n","uploadtime":1700538463,"views":11,"p1id":"thrushery2","p2id":"inferiorcizy","formatid":"gen9vgc2023regulatione","rating":1083,"private":0,"password":""}