{"id":"gen9vgc2023regulatione-1990235407","p1":"Xeko03","p2":"bway","format":"[Gen 9] VGC 2023 Regulation E","log":"|j|\u2606Xeko03\n|j|\u2606bway\n|t:|1699941932\n|gametype|doubles\n|player|p1|Xeko03|265|1201\n|player|p2|bway|266|1139\n|teamsize|p1|6\n|teamsize|p2|6\n|gen|9\n|tier|[Gen 9] VGC 2023 Regulation E\n|rated|\n|rule|Species Clause: Limit one of each Pok\u00e9mon\n|rule|Item Clause: Limit one of each item\n|clearpoke\n|poke|p1|Azumarill, L50, M|\n|poke|p1|Golem-Alola, L50, M|\n|poke|p1|Sinistcha-Masterpiece, L50|\n|poke|p1|Torkoal, L50, F|\n|poke|p1|Lilligant-Hisui, L50, F|\n|poke|p1|Mimikyu, L50, F|\n|poke|p2|Piplup, L50, M|\n|poke|p2|Farigiraf, L50, F|\n|poke|p2|Sinistcha, L50|\n|poke|p2|Iron Hands, L50|\n|poke|p2|Ogerpon-Hearthflame, L50, F|\n|poke|p2|Landorus-Therian, L50, M|\n|teampreview|4\n|inactive|Battle timer is ON: inactive players will automatically lose when time's up. (requested by Xeko03)\nbway rejected open team sheets.\n|inactive|Xeko03 has 60 seconds left.\n|\n|t:|1699941965\n|start\n|switch|p1a: Lilligant|Lilligant-Hisui, L50, F|100\/100\n|switch|p1b: Torkoal|Torkoal, L50, F|100\/100\n|switch|p2a: Farigiraf|Farigiraf, L50, F|100\/100\n|switch|p2b: Piplup|Piplup, L50, M|100\/100\n|-weather|SunnyDay|[from] ability: Drought|[of] p1b: Torkoal\n|turn|1\n|\n|t:|1699941983\n|-terastallize|p1b: Torkoal|Fire\n|move|p2a: Farigiraf|Protect|p2a: Farigiraf\n|-singleturn|p2a: Farigiraf|Protect\n|move|p1a: Lilligant|After You|p1b: Torkoal\n|-activate|p1b: Torkoal|move: After You\n|move|p1b: Torkoal|Eruption|p2a: Farigiraf|[spread] p2b\n|-activate|p2a: Farigiraf|move: Protect\n|-resisted|p2b: Piplup\n|-damage|p2b: Piplup|18\/100\n|-enditem|p2b: Piplup|Petaya Berry|[eat]\n|-boost|p2b: Piplup|spa|1|[from] item: Petaya Berry\n|move|p2b: Piplup|Yawn|p1a: Lilligant\n|-start|p1a: Lilligant|move: Yawn|[of] p2b: Piplup\n|\n|-weather|SunnyDay|[upkeep]\n|upkeep\n|turn|2\n|inactive|Xeko03 has 30 seconds left.\n|inactive|bway has 30 seconds left.\n|inactive|Xeko03 has 20 seconds left.\n|inactive|bway has 20 seconds left.\n|\n|t:|1699942019\n|switch|p1a: Sinistcha|Sinistcha-Masterpiece, L50|100\/100\n|switch|p2a: Iron Hands|Iron Hands, L50|100\/100\n|switch|p1b: Azumarill|Azumarill, L50, M|100\/100\n|move|p2b: Piplup|Protect||[still]\n|-fail|p2b: Piplup\n|\n|-weather|SunnyDay|[upkeep]\n|upkeep\n|turn|3\n|inactive|bway has 30 seconds left.\n|\n|t:|1699942048\n|-end|p2a: Iron Hands|Quark Drive|[silent]\n|switch|p2a: Landorus|Landorus-Therian, L50, M|100\/100\n|-ability|p2a: Landorus|Intimidate|boost\n|-unboost|p1a: Sinistcha|atk|1\n|-unboost|p1b: Azumarill|atk|1\n|switch|p2b: Farigiraf|Farigiraf, L50, F|100\/100\n|move|p1a: Sinistcha|Matcha Gotcha|p2b: Farigiraf|[spread] p2a,p2b\n|-damage|p2a: Landorus|51\/100\n|-damage|p2b: Farigiraf|60\/100\n|move|p1b: Azumarill|Play Rough|p2a: Landorus\n|-damage|p2a: Landorus|4\/100\n|-unboost|p2a: Landorus|atk|1\n|\n|-weather|SunnyDay|[upkeep]\n|upkeep\n|turn|4\n|inactive|Xeko03 has 30 seconds left.\n|inactive|Xeko03 has 20 seconds left.\n|\n|t:|1699942086\n|switch|p1b: Torkoal|Torkoal, L50, F, tera:Fire|100\/100\n|move|p2a: Landorus|U-turn|p1a: Sinistcha\n|-damage|p1a: Sinistcha|81\/100\n|\n|t:|1699942094\n|switch|p2a: Iron Hands|Iron Hands, L50|100\/100|[from] U-turn\n|move|p1a: Sinistcha|Trick Room|p1a: Sinistcha\n|-fieldstart|move: Trick Room|[of] p1a: Sinistcha\n|move|p2b: Farigiraf|Trick Room|p2b: Farigiraf\n|-fieldend|move: Trick Room\n|\n|-weather|SunnyDay|[upkeep]\n|upkeep\n|turn|5\n|\n|t:|1699942118\n|switch|p1a: Lilligant|Lilligant-Hisui, L50, F|100\/100\n|move|p1b: Torkoal|Protect|p1b: Torkoal\n|-singleturn|p1b: Torkoal|Protect\n|move|p2b: Farigiraf|Psychic|p1b: Torkoal\n|-activate|p1b: Torkoal|move: Protect\n|move|p2a: Iron Hands|Wild Charge|p1b: Torkoal\n|-activate|p1b: Torkoal|move: Protect\n|\n|-weather|none\n|upkeep\n|turn|6\n|\n|t:|1699942137\n|-terastallize|p2a: Iron Hands|Fire\n|move|p2b: Farigiraf|Protect|p2b: Farigiraf\n|-singleturn|p2b: Farigiraf|Protect\n|move|p1a: Lilligant|After You|p1b: Torkoal\n|-activate|p1b: Torkoal|move: After You\n|move|p1b: Torkoal|Eruption|p2b: Farigiraf|[spread] p2a\n|-activate|p2b: Farigiraf|move: Protect\n|-resisted|p2a: Iron Hands\n|-damage|p2a: Iron Hands|79\/100\n|move|p2a: Iron Hands|Drain Punch|p1b: Torkoal\n|-damage|p1b: Torkoal|57\/100\n|-heal|p2a: Iron Hands|93\/100|[from] drain|[of] p1b: Torkoal\n|\n|upkeep\n|turn|7\n|inactive|Xeko03 has 30 seconds left.\n|\n|t:|1699942167\n|move|p1a: Lilligant|Leaf Blade|p2b: Farigiraf\n|-damage|p2b: Farigiraf|15\/100\n|move|p2a: Iron Hands|Drain Punch|p1b: Torkoal\n|-damage|p1b: Torkoal|17\/100\n|-heal|p2a: Iron Hands|100\/100|[from] drain|[of] p1b: Torkoal\n|move|p1b: Torkoal|Flamethrower|p2b: Farigiraf\n|-damage|p2b: Farigiraf|0 fnt\n|faint|p2b: Farigiraf\n|\n|upkeep\n|\n|t:|1699942185\n|switch|p2b: Landorus|Landorus-Therian, L50, M|4\/100\n|-ability|p2b: Landorus|Intimidate|boost\n|-unboost|p1a: Lilligant|atk|1\n|-unboost|p1b: Torkoal|atk|1\n|turn|8\n|\n|t:|1699942195\n|move|p1b: Torkoal|Protect|p1b: Torkoal\n|-singleturn|p1b: Torkoal|Protect\n|move|p2b: Landorus|Rock Slide|p1b: Torkoal|[spread] p1a\n|-activate|p1b: Torkoal|move: Protect\n|-resisted|p1a: Lilligant\n|-damage|p1a: Lilligant|81\/100\n|move|p1a: Lilligant|Leaf Blade|p2b: Landorus\n|-damage|p2b: Landorus|0 fnt\n|faint|p2b: Landorus\n|move|p2a: Iron Hands|Drain Punch|p1a: Lilligant\n|-damage|p1a: Lilligant|7\/100\n|\n|upkeep\n|\n|t:|1699942207\n|switch|p2b: Piplup|Piplup, L50, M|18\/100\n|turn|9\n|\n|t:|1699942224\n|move|p1a: Lilligant|Protect|p1a: Lilligant\n|-singleturn|p1a: Lilligant|Protect\n|move|p2b: Piplup|Protect|p2b: Piplup\n|-singleturn|p2b: Piplup|Protect\n|move|p2a: Iron Hands|Drain Punch|p1b: Torkoal\n|-damage|p1b: Torkoal|0 fnt\n|faint|p1b: Torkoal\n|\n|upkeep\n|\n|t:|1699942236\n|switch|p1b: Sinistcha|Sinistcha-Masterpiece, L50|81\/100\n|-heal|p1a: Lilligant|32\/100|[from] ability: Hospitality|[of] p1b: Sinistcha\n|turn|10\n|\n|t:|1699942255\n|move|p1a: Lilligant|Leaf Blade|p2b: Piplup\n|-supereffective|p2b: Piplup\n|-damage|p2b: Piplup|0 fnt\n|faint|p2b: Piplup\n|move|p1b: Sinistcha|Strength Sap|p2a: Iron Hands\n|-unboost|p2a: Iron Hands|atk|1\n|-heal|p1b: Sinistcha|100\/100\n|move|p2a: Iron Hands|Drain Punch|p1a: Lilligant\n|-damage|p1a: Lilligant|0 fnt\n|faint|p1a: Lilligant\n|\n|upkeep\n|\n|t:|1699942268\n|switch|p1a: Azumarill|Azumarill, L50, M|100\/100\n|turn|11\n|\n|t:|1699942278\n|move|p1b: Sinistcha|Strength Sap|p2a: Iron Hands\n|-unboost|p2a: Iron Hands|atk|1\n|move|p1a: Azumarill|Liquidation|p2a: Iron Hands\n|-supereffective|p2a: Iron Hands\n|-damage|p2a: Iron Hands|27\/100\n|-unboost|p2a: Iron Hands|def|1\n|move|p2a: Iron Hands|Wild Charge|p1a: Azumarill\n|-supereffective|p1a: Azumarill\n|-enditem|p1a: Azumarill|Wacan Berry|[eat]\n|-enditem|p1a: Azumarill|Wacan Berry|[weaken]\n|-damage|p1a: Azumarill|72\/100\n|-damage|p2a: Iron Hands|20\/100|[from] Recoil\n|\n|upkeep\n|turn|12\n|\n|t:|1699942295\n|move|p1b: Sinistcha|Giga Drain|p2a: Iron Hands\n|-resisted|p2a: Iron Hands\n|-damage|p2a: Iron Hands|8\/100\n|move|p2a: Iron Hands|Wild Charge|p1a: Azumarill\n|-supereffective|p1a: Azumarill\n|-damage|p1a: Azumarill|13\/100\n|-damage|p2a: Iron Hands|0 fnt|[from] Recoil\n|faint|p2a: Iron Hands\n|-end|p2a: Iron Hands|Quark Drive|[silent]\n|\n|win|Xeko03\n|raw|Xeko03's rating: 1201 &rarr; <strong>1222<\/strong><br \/>(+21 for winning)\n|raw|bway's rating: 1139 &rarr; <strong>1118<\/strong><br \/>(-21 for losing)\n","uploadtime":1699942299,"views":11,"p1id":"xeko03","p2id":"bway","formatid":"gen9vgc2023regulatione","rating":1118,"private":0,"password":""}