{"id":"gen9vgc2023regulatione-1994177215","p1":"McCraleb","p2":"Bha_123","format":"[Gen 9] VGC 2023 Regulation E","log":"|j|\u2606McCraleb\n|j|\u2606Bha_123\n|t:|1700415693\n|gametype|doubles\n|player|p1|McCraleb|koga|1000\n|player|p2|Bha_123|juggler|1072\n|teamsize|p1|6\n|teamsize|p2|6\n|gen|9\n|tier|[Gen 9] VGC 2023 Regulation E\n|rated|\n|rule|Species Clause: Limit one of each Pok\u00e9mon\n|rule|Item Clause: Limit one of each item\n|clearpoke\n|poke|p1|Maushold-Four, L50|\n|poke|p1|Sudowoodo, L50, F|\n|poke|p1|Indeedee-F, L50, F|\n|poke|p1|Arcanine, L50, M|\n|poke|p1|Aipom, L50, F|\n|poke|p1|Slowbro-Galar, L50, M|\n|poke|p2|Houndstone, L50, F|\n|poke|p2|Tyranitar, L50, M|\n|poke|p2|Roaring Moon, L50|\n|poke|p2|Ogerpon-Wellspring, L50, F|\n|poke|p2|Gholdengo, L50|\n|poke|p2|Landorus-Therian, L50, M|\n|teampreview|4\n|inactive|Battle timer is ON: inactive players will automatically lose when time's up. (requested by McCraleb)\n|inactive|McCraleb has 60 seconds left.\n|inactive|Bha_123 has 60 seconds left.\n|inactive|Bha_123 has 30 seconds left.\n|\n|t:|1700415759\n|start\n|switch|p1a: Aipom|Aipom, L50, F, shiny|100\/100\n|switch|p1b: Arcanine|Arcanine, L50, M|100\/100\n|switch|p2a: Houndstone|Houndstone, L50, F|100\/100\n|switch|p2b: Tyranitar|Tyranitar, L50, M|100\/100\n|-weather|Sandstorm|[from] ability: Sand Stream|[of] p2b: Tyranitar\n|turn|1\n|inactive|McCraleb has 30 seconds left.\n|inactive|McCraleb has 20 seconds left.\n|\n|t:|1700415797\n|-terastallize|p1b: Arcanine|Grass\n|move|p1a: Aipom|Beat Up|p1b: Arcanine\n|-damage|p1b: Arcanine|97\/100\n|-ability|p1b: Arcanine|Justified|boost\n|-boost|p1b: Arcanine|atk|1\n|-damage|p1b: Arcanine|94\/100\n|-ability|p1b: Arcanine|Justified|boost\n|-boost|p1b: Arcanine|atk|1\n|-crit|p1b: Arcanine\n|-damage|p1b: Arcanine|91\/100\n|-ability|p1b: Arcanine|Justified|boost\n|-boost|p1b: Arcanine|atk|1\n|-damage|p1b: Arcanine|87\/100\n|-ability|p1b: Arcanine|Justified|boost\n|-boost|p1b: Arcanine|atk|1\n|-hitcount|p1b: Arcanine|4\n|move|p2a: Houndstone|Howl|p2a: Houndstone|[spread] p2a,p2b\n|-boost|p2a: Houndstone|atk|1\n|-boost|p2b: Tyranitar|atk|1\n|move|p1b: Arcanine|Flame Charge|p2a: Houndstone\n|-damage|p2a: Houndstone|45\/100\n|-boost|p1b: Arcanine|spe|1\n|-enditem|p2a: Houndstone|Sitrus Berry|[eat]\n|-heal|p2a: Houndstone|70\/100|[from] item: Sitrus Berry\n|move|p2b: Tyranitar|High Horsepower|p1b: Arcanine\n|-resisted|p1b: Arcanine\n|-damage|p1b: Arcanine|54\/100\n|\n|-weather|Sandstorm|[upkeep]\n|-damage|p1b: Arcanine|48\/100|[from] Sandstorm\n|-damage|p1a: Aipom|94\/100|[from] Sandstorm\n|upkeep\n|turn|2\n|inactive|McCraleb has 30 seconds left.\n|inactive|Bha_123 has 30 seconds left.\n|inactive|Bha_123 has 20 seconds left.\n|inactive|Bha_123 has 15 seconds left.\n|inactive|Bha_123 has 10 seconds left.\n|inactiveoff|Battle timer is now OFF.\n|\n|t:|1700415848\n|switch|p1a: Indeedee|Indeedee-F, L50, F, shiny|100\/100\n|-fieldstart|move: Psychic Terrain|[from] ability: Psychic Surge|[of] p1a: Indeedee\n|move|p1b: Arcanine|Protect|p1b: Arcanine\n|-singleturn|p1b: Arcanine|Protect\n|move|p2a: Houndstone|Will-O-Wisp|p1b: Arcanine\n|-activate|p1b: Arcanine|move: Protect\n|move|p2b: Tyranitar|Rock Slide|p1a: Indeedee|[spread] p1a\n|-activate|p1b: Arcanine|move: Protect\n|-damage|p1a: Indeedee|28\/100\n|\n|-weather|Sandstorm|[upkeep]\n|-damage|p1b: Arcanine|42\/100|[from] Sandstorm\n|-damage|p1a: Indeedee|21\/100|[from] Sandstorm\n|upkeep\n|turn|3\n|\n|t:|1700415881\n|move|p1a: Indeedee|Follow Me|p1a: Indeedee\n|-singleturn|p1a: Indeedee|move: Follow Me\n|move|p1b: Arcanine|Close Combat|p2b: Tyranitar\n|-supereffective|p2b: Tyranitar\n|-damage|p2b: Tyranitar|0 fnt\n|-unboost|p1b: Arcanine|def|1\n|-unboost|p1b: Arcanine|spd|1\n|faint|p2b: Tyranitar\n|move|p2a: Houndstone|Will-O-Wisp|p1a: Indeedee\n|-status|p1a: Indeedee|brn\n|\n|-weather|Sandstorm|[upkeep]\n|-damage|p1b: Arcanine|36\/100|[from] Sandstorm\n|-damage|p1a: Indeedee|15\/100 brn|[from] Sandstorm\n|-damage|p1a: Indeedee|9\/100 brn|[from] brn\n|upkeep\n|\n|t:|1700415898\n|switch|p2b: Landorus|Landorus-Therian, L50, M|100\/100\n|-ability|p2b: Landorus|Intimidate|boost\n|-unboost|p1a: Indeedee|atk|1\n|-fail|p1b: Arcanine|unboost|[from] item: Clear Amulet|[of] p1b: Arcanine\n|turn|4\n|\n|t:|1700415928\n|move|p1a: Indeedee|Follow Me|p1a: Indeedee\n|-singleturn|p1a: Indeedee|move: Follow Me\n|move|p1b: Arcanine|Flame Charge|p2a: Houndstone\n|-damage|p2a: Houndstone|12\/100\n|-boost|p1b: Arcanine|spe|1\n|move|p2a: Houndstone|Will-O-Wisp|p1a: Indeedee\n|-fail|p1a: Indeedee|brn\n|move|p2b: Landorus|U-turn|p1a: Indeedee\n|-supereffective|p1a: Indeedee\n|-damage|p1a: Indeedee|0 fnt\n|-damage|p2b: Landorus|84\/100|[from] item: Rocky Helmet|[of] p1a: Indeedee\n|faint|p1a: Indeedee\n|\n|t:|1700415964\n|switch|p2b: Ogerpon|Ogerpon-Wellspring, L50, F|100\/100|[from] U-turn\n|\n|-weather|Sandstorm|[upkeep]\n|-damage|p1b: Arcanine|30\/100|[from] Sandstorm\n|-damage|p2b: Ogerpon|95\/100|[from] Sandstorm\n|upkeep\n|\n|t:|1700415970\n|switch|p1a: Aipom|Aipom, L50, F, shiny|94\/100\n|turn|5\n|\n|t:|1700415992\n|move|p1b: Arcanine|Close Combat|p2b: Ogerpon\n|-damage|p2b: Ogerpon|0 fnt\n|-unboost|p1b: Arcanine|def|1\n|-unboost|p1b: Arcanine|spd|1\n|faint|p2b: Ogerpon\n|move|p1a: Aipom|Knock Off|p2a: Houndstone\n|-supereffective|p2a: Houndstone\n|-damage|p2a: Houndstone|0 fnt\n|faint|p2a: Houndstone\n|\n|-weather|none\n|upkeep\n|-message|Bha_123 forfeited.\n|\n|win|McCraleb\n|raw|McCraleb's rating: 1000 &rarr; <strong>1048<\/strong><br \/>(+48 for winning)\n|raw|Bha_123's rating: 1072 &rarr; <strong>1047<\/strong><br \/>(-25 for losing)\n|l|\u2606Bha_123\n","uploadtime":1700416096,"views":5,"p1id":"mccraleb","p2id":"bha123","formatid":"gen9vgc2023regulatione","rating":1047,"private":0,"password":""}