{"id":"gen9vgc2023regulatione-1992118206","p1":"Tulifrumi","p2":"takua1495","format":"[Gen 9] VGC 2023 Regulation E","log":"|j|\u2606Tulifrumi\n|j|\u2606takua1495\n|t:|1700156578\n|gametype|doubles\n|player|p1|Tulifrumi|fisherman-gen4|1104\n|player|p2|takua1495|benga|1174\n|teamsize|p1|6\n|teamsize|p2|6\n|gen|9\n|tier|[Gen 9] VGC 2023 Regulation E\n|rated|\n|rule|Species Clause: Limit one of each Pok\u00e9mon\n|rule|Item Clause: Limit one of each item\n|clearpoke\n|poke|p1|Garganacl, L50, F|\n|poke|p1|Gholdengo, L50|\n|poke|p1|Basculin, L50, M|\n|poke|p1|Amoonguss, L50, F|\n|poke|p1|Bisharp, L50, F|\n|poke|p1|Lokix, L50, M|\n|poke|p2|Chandelure, L50, F|\n|poke|p2|Clefairy, L50, F|\n|poke|p2|Rillaboom, L50, F|\n|poke|p2|Ogerpon-Wellspring, L50, F|\n|poke|p2|Landorus-Therian, L50, M|\n|poke|p2|Empoleon, L50, M|\n|teampreview|4\n|c|\u2606Tulifrumi|I will be trying a new team. If you could give me your opinion after the match would be cool\ntakua1495 has agreed to open team sheets.\n|\n|t:|1700156609\n|start\n|switch|p1a: Garganacl|Garganacl, L50, F|100\/100\n|switch|p1b: Gholdengo|Gholdengo, L50|100\/100\n|switch|p2a: Chandelure|Chandelure, L50, F, shiny|100\/100\n|switch|p2b: Clefairy|Clefairy, L50, F|100\/100\n|turn|1\n|c|\u2606takua1495|yeah definitely\n|\n|t:|1700156630\n|-terastallize|p2a: Chandelure|Grass\n|-terastallize|p1a: Garganacl|Normal\n|move|p2b: Clefairy|Follow Me|p2b: Clefairy\n|-singleturn|p2b: Clefairy|move: Follow Me\n|move|p1b: Gholdengo|Shadow Ball|p2b: Clefairy\n|-damage|p2b: Clefairy|59\/100\n|move|p2a: Chandelure|Flamethrower|p1b: Gholdengo\n|-supereffective|p1b: Gholdengo\n|-crit|p1b: Gholdengo\n|-damage|p1b: Gholdengo|0 fnt\n|faint|p1b: Gholdengo\n|move|p1a: Garganacl|Explosion|p2a: Chandelure|[spread] p2a,p2b\n|-damage|p2a: Chandelure|0 fnt\n|-damage|p2b: Clefairy|0 fnt\n|faint|p1a: Garganacl\n|faint|p2a: Chandelure\n|faint|p2b: Clefairy\n|\n|upkeep\n|\n|t:|1700156647\n|switch|p1b: Bisharp|Bisharp, L50, F|100\/100\n|switch|p2a: Landorus|Landorus-Therian, L50, M|100\/100\n|switch|p2b: Ogerpon|Ogerpon-Wellspring, L50, F|100\/100\n|switch|p1a: Amoonguss|Amoonguss, L50, F|100\/100\n|-ability|p2a: Landorus|Intimidate|boost\n|-unboost|p1a: Amoonguss|atk|1\n|-unboost|p1b: Bisharp|atk|1\n|-ability|p1b: Bisharp|Defiant|boost\n|-boost|p1b: Bisharp|atk|2\n|turn|2\n|\n|t:|1700156670\n|move|p2a: Landorus|Stomping Tantrum|p1b: Bisharp\n|-supereffective|p1b: Bisharp\n|-damage|p1b: Bisharp|1\/100\n|move|p2b: Ogerpon|Ivy Cudgel|p1b: Bisharp|[anim] Ivy Cudgel Water\n|-crit|p1b: Bisharp\n|-damage|p1b: Bisharp|0 fnt\n|faint|p1b: Bisharp\n|move|p1a: Amoonguss|Spore|p2b: Ogerpon\n|-immune|p2b: Ogerpon\n|\n|upkeep\n|turn|3\n|\n|t:|1700156682\n|move|p2a: Landorus|Stomping Tantrum|p1a: Amoonguss\n|-damage|p1a: Amoonguss|57\/100\n|-status|p2a: Landorus|slp|[from] ability: Effect Spore|[of] p1a: Amoonguss\n|move|p2b: Ogerpon|Ivy Cudgel|p1a: Amoonguss|[anim] Ivy Cudgel Water\n|-resisted|p1a: Amoonguss\n|-damage|p1a: Amoonguss|29\/100\n|move|p1a: Amoonguss|Sludge Bomb|p2a: Landorus\n|-resisted|p2a: Landorus\n|-damage|p2a: Landorus|84\/100 slp\n|\n|-heal|p1a: Amoonguss|34\/100|[from] item: Black Sludge\n|upkeep\n|turn|4\n|\n|t:|1700156698\n|cant|p2a: Landorus|slp\n|move|p2b: Ogerpon|Ivy Cudgel|p1a: Amoonguss|[anim] Ivy Cudgel Water\n|-resisted|p1a: Amoonguss\n|-damage|p1a: Amoonguss|7\/100\n|move|p1a: Amoonguss|Sludge Bomb|p2b: Ogerpon\n|-supereffective|p2b: Ogerpon\n|-damage|p2b: Ogerpon|49\/100\n|-status|p2b: Ogerpon|psn\n|\n|-heal|p1a: Amoonguss|13\/100|[from] item: Black Sludge\n|-damage|p2b: Ogerpon|37\/100 psn|[from] psn\n|upkeep\n|turn|5\n|\n|t:|1700156712\n|cant|p2a: Landorus|slp\n|move|p2b: Ogerpon|Ivy Cudgel|p1a: Amoonguss|[anim] Ivy Cudgel Water\n|-resisted|p1a: Amoonguss\n|-damage|p1a: Amoonguss|0 fnt\n|faint|p1a: Amoonguss\n|\n|win|takua1495\n|raw|Tulifrumi's rating: 1104 &rarr; <strong>1084<\/strong><br \/>(-20 for losing)\n|raw|takua1495's rating: 1174 &rarr; <strong>1194<\/strong><br \/>(+20 for winning)\n|c|\u2606Tulifrumi|gg\n|c|\u2606takua1495|gg\n|c|\u2606takua1495|so I didn't get to see what the goldango and bisharp could do\n|c|\u2606takua1495|what kind of sets did they had?\n","uploadtime":1700156794,"views":14,"p1id":"tulifrumi","p2id":"takua1495","formatid":"gen9vgc2023regulatione","rating":1084,"private":0,"password":""}