{"id":"gen9vgc2023regulatione-1992307697","p1":"SonOfABisharp01","p2":"randy.zhang2023","format":"[Gen 9] VGC 2023 Regulation E","log":"|j|\u2606SonOfABisharp01\n|j|\u2606randy.zhang2023\n|t:|1700173095\n|gametype|doubles\n|player|p1|SonOfABisharp01|2|1568\n|player|p2|randy.zhang2023|169|1657\n|teamsize|p1|6\n|teamsize|p2|6\n|gen|9\n|tier|[Gen 9] VGC 2023 Regulation E\n|rated|\n|rule|Species Clause: Limit one of each Pok\u00e9mon\n|rule|Item Clause: Limit one of each item\n|clearpoke\n|poke|p1|Tornadus, L50, M|\n|poke|p1|Arcanine-Hisui, L50, F|\n|poke|p1|Urshifu-*, L50, M|\n|poke|p1|Amoonguss, L50, M|\n|poke|p1|Iron Hands, L50|\n|poke|p1|Gholdengo, L50|\n|poke|p2|Ursaluna, L50, M|\n|poke|p2|Rotom-Mow, L50|\n|poke|p2|Indeedee-F, L50, F|\n|poke|p2|Ogerpon-Hearthflame, L50, F|\n|poke|p2|Torkoal, L50, F|\n|poke|p2|Gyarados, L50, M|\n|teampreview|4\n|j| gooberguest\nSonOfABisharp01 has agreed to open team sheets.\n|inactive|Battle timer is ON: inactive players will automatically lose when time's up. (requested by SonOfABisharp01)\n|inactive|randy.zhang2023 has 60 seconds left.\n|\n|t:|1700173148\n|start\n|switch|p1a: Arcanine|Arcanine-Hisui, L50, F|100\/100\n|switch|p1b: Urshifu|Urshifu-Rapid-Strike, L50, M|100\/100\n|switch|p2a: Indeedee|Indeedee-F, L50, F|100\/100\n|switch|p2b: Ogerpon|Ogerpon-Hearthflame, L50, F|100\/100\n|-ability|p1a: Arcanine|Intimidate|boost\n|-unboost|p2a: Indeedee|atk|1\n|-unboost|p2b: Ogerpon|atk|1\n|-ability|p2b: Ogerpon|Mold Breaker\n|-fieldstart|move: Psychic Terrain|[from] ability: Psychic Surge|[of] p2a: Indeedee\n|turn|1\n|\n|t:|1700173164\n|move|p2b: Ogerpon|Follow Me|p2b: Ogerpon\n|-singleturn|p2b: Ogerpon|move: Follow Me\n|move|p1b: Urshifu|U-turn|p2b: Ogerpon\n|-damage|p2b: Ogerpon|75\/100\n|\n|t:|1700173168\n|switch|p1b: Amoonguss|Amoonguss, L50, M|100\/100|[from] U-turn\n|move|p1a: Arcanine|Rock Slide|p2a: Indeedee|[spread] p2a,p2b\n|-supereffective|p2b: Ogerpon\n|-damage|p2a: Indeedee|37\/100\n|-damage|p2b: Ogerpon|0 fnt\n|faint|p2b: Ogerpon\n|move|p2a: Indeedee|Trick Room|p2a: Indeedee\n|-fieldstart|move: Trick Room|[of] p2a: Indeedee\n|\n|upkeep\n|\n|t:|1700173178\n|switch|p2b: Ursaluna|Ursaluna, L50, M|100\/100\n|turn|2\n|\n|t:|1700173193\n|switch|p1a: Urshifu|Urshifu-Rapid-Strike, L50, M|100\/100\n|move|p2b: Ursaluna|Protect|p2b: Ursaluna\n|-singleturn|p2b: Ursaluna|Protect\n|move|p1b: Amoonguss|Spore|p2b: Ursaluna\n|-activate|p2b: Ursaluna|move: Protect\n|move|p2a: Indeedee|Psyshock|p1b: Amoonguss\n|-supereffective|p1b: Amoonguss\n|-damage|p1b: Amoonguss|30\/100\n|\n|-status|p2b: Ursaluna|brn|[from] item: Flame Orb\n|upkeep\n|turn|3\n|\n|t:|1700173218\n|switch|p1a: Arcanine|Arcanine-Hisui, L50, F|100\/100\n|-ability|p1a: Arcanine|Intimidate|boost\n|-unboost|p2a: Indeedee|atk|1\n|-unboost|p2b: Ursaluna|atk|1\n|move|p1b: Amoonguss|Spore|p2a: Indeedee\n|-status|p2a: Indeedee|slp|[from] move: Spore\n|cant|p2a: Indeedee|slp\n|move|p2b: Ursaluna|Facade|p1a: Arcanine\n|-resisted|p1a: Arcanine\n|-damage|p1a: Arcanine|54\/100\n|\n|-damage|p2b: Ursaluna|95\/100 brn|[from] brn\n|upkeep\n|turn|4\n|inactive|SonOfABisharp01 has 30 seconds left.\n|\n|t:|1700173243\n|move|p1b: Amoonguss|Rage Powder|p1b: Amoonguss\n|-singleturn|p1b: Amoonguss|move: Rage Powder\n|cant|p2a: Indeedee|slp\n|move|p2b: Ursaluna|Earthquake|p1b: Amoonguss|[spread] p2a,p1a,p1b\n|-supereffective|p1a: Arcanine\n|-damage|p2a: Indeedee|0 fnt\n|-damage|p1a: Arcanine|0 fnt\n|-damage|p1b: Amoonguss|0 fnt\n|faint|p2a: Indeedee\n|faint|p1a: Arcanine\n|faint|p1b: Amoonguss\n|\n|-damage|p2b: Ursaluna|89\/100 brn|[from] brn\n|upkeep\n|\n|t:|1700173254\n|switch|p1b: Tornadus|Tornadus, L50, M|100\/100\n|switch|p2a: Rotom|Rotom-Mow, L50|100\/100\n|switch|p1a: Urshifu|Urshifu-Rapid-Strike, L50, M|100\/100\n|turn|5\n|inactive|randy.zhang2023 has 30 seconds left.\n|\n|t:|1700173280\n|-terastallize|p2b: Ursaluna|Fairy\n|-terastallize|p1b: Tornadus|Ghost\n|move|p2b: Ursaluna|Facade|p1b: Tornadus\n|-immune|p1b: Tornadus\n|move|p2a: Rotom|Discharge|p1b: Tornadus|[spread] p2b,p1a,p1b\n|-supereffective|p1a: Urshifu\n|-crit|p1b: Tornadus\n|-damage|p2b: Ursaluna|44\/100 brn\n|-damage|p1a: Urshifu|0 fnt\n|-damage|p1b: Tornadus|17\/100\n|faint|p1a: Urshifu\n|move|p1b: Tornadus|Bleakwind Storm|p2a: Rotom|[spread] p2a\n|-miss|p1b: Tornadus|p2b: Ursaluna\n|-crit|p2a: Rotom\n|-damage|p2a: Rotom|43\/100\n|\n|-damage|p2b: Ursaluna|38\/100 brn|[from] brn\n|-fieldend|move: Trick Room\n|-fieldend|move: Psychic Terrain\n|upkeep\n|turn|6\n|inactive|randy.zhang2023 has 30 seconds left.\n|\n|t:|1700173305\n|move|p2b: Ursaluna|Protect|p2b: Ursaluna\n|-singleturn|p2b: Ursaluna|Protect\n|move|p1b: Tornadus|Bleakwind Storm|p2a: Rotom|[spread] p2a\n|-activate|p2b: Ursaluna|move: Protect\n|-damage|p2a: Rotom|4\/100\n|move|p2a: Rotom|Discharge|p1b: Tornadus|[spread] p1b\n|-activate|p2b: Ursaluna|move: Protect\n|-damage|p1b: Tornadus|0 fnt\n|faint|p1b: Tornadus\n|\n|win|randy.zhang2023\n|raw|SonOfABisharp01's rating: 1568 &rarr; <strong>1553<\/strong><br \/>(-15 for losing)\n|raw|randy.zhang2023's rating: 1657 &rarr; <strong>1672<\/strong><br \/>(+15 for winning)\n|l|\u2606SonOfABisharp01\n","uploadtime":1700173321,"views":18,"p1id":"sonofabisharp01","p2id":"randyzhang2023","formatid":"gen9vgc2023regulatione","rating":1553,"private":0,"password":""}