{"id":"gen9vgc2023regulatione-1990565602","p1":"TheBeast251","p2":"intark","format":"[Gen 9] VGC 2023 Regulation E","log":"|j|\u2606TheBeast251\n|j|\u2606intark\n|t:|1699981908\n|gametype|doubles\n|player|p1|TheBeast251|flannery|1249\n|player|p2|intark|artist|1322\n|teamsize|p1|6\n|teamsize|p2|6\n|gen|9\n|tier|[Gen 9] VGC 2023 Regulation E\n|rated|\n|rule|Species Clause: Limit one of each Pok\u00e9mon\n|rule|Item Clause: Limit one of each item\n|clearpoke\n|poke|p1|Dondozo, L50, F|\n|poke|p1|Tatsugiri-Stretchy, L50, F|\n|poke|p1|Heatran, L50, F|\n|poke|p1|Lycanroc, L50, F|\n|poke|p1|Tyranitar, L50, F|\n|poke|p1|Sylveon, L50, F|\n|poke|p2|Hydreigon, L50, M|\n|poke|p2|Tornadus, L50, M|\n|poke|p2|Gholdengo, L50|\n|poke|p2|Arcanine-Hisui, L50, F|\n|poke|p2|Rillaboom, L50, F|\n|poke|p2|Urshifu-*, L50, F|\n|teampreview|4\nintark has agreed to open team sheets.\n|inactive|Battle timer is ON: inactive players will automatically lose when time's up. (requested by TheBeast251)\n|c|\u2606TheBeast251|nah I don't fw tourney rules\n|c|\u2606TheBeast251|just pick ur 4\n|c|\u2606intark|lol ok\n|inactive|intark has 60 seconds left.\n|c|\u2606TheBeast251|I'm practicing this team before I hit ranked ladder\n|c|\u2606TheBeast251|no open team sheets in ranked\n|c|\u2606TheBeast251|no crutches for this guy\n|inactive|intark has 30 seconds left.\n|\n|t:|1699981981\n|start\n|switch|p1a: Lycanroc|Lycanroc, L50, F|100\/100\n|switch|p1b: Tyranitar|Tyranitar, L50, F|100\/100\n|switch|p2a: Arcanine|Arcanine-Hisui, L50, F|100\/100\n|switch|p2b: Urshifu|Urshifu-Rapid-Strike, L50, F|100\/100\n|-ability|p2a: Arcanine|Intimidate|boost\n|-unboost|p1a: Lycanroc|atk|1\n|-unboost|p1b: Tyranitar|atk|1\n|-weather|Sandstorm|[from] ability: Sand Stream|[of] p1b: Tyranitar\n|turn|1\n|inactive|TheBeast251 has 30 seconds left.\n|inactive|intark has 30 seconds left.\n|\n|t:|1699982012\n|switch|p2a: Rillaboom|Rillaboom, L50, F|100\/100\n|-fieldstart|move: Grassy Terrain|[from] ability: Grassy Surge|[of] p2a: Rillaboom\n|-terastallize|p2b: Urshifu|Water\n|-terastallize|p1b: Tyranitar|Flying\n|move|p1a: Lycanroc|Bulldoze|p2b: Urshifu|[spread] p2a,p2b\n|-immune|p1b: Tyranitar\n|-resisted|p2a: Rillaboom\n|-damage|p2a: Rillaboom|98\/100\n|-damage|p2b: Urshifu|94\/100\n|-unboost|p2a: Rillaboom|spe|1\n|-unboost|p2b: Urshifu|spe|1\n|move|p2b: Urshifu|Surging Strikes|p1b: Tyranitar\n|-crit|p1b: Tyranitar\n|-damage|p1b: Tyranitar|75\/100\n|-crit|p1b: Tyranitar\n|-damage|p1b: Tyranitar|49\/100\n|-crit|p1b: Tyranitar\n|-damage|p1b: Tyranitar|22\/100\n|-hitcount|p1b: Tyranitar|3\n|move|p1b: Tyranitar|Tera Blast|p2b: Urshifu|[anim] Tera Blast Flying\n|-damage|p2b: Urshifu|50\/100\n|\n|-weather|Sandstorm|[upkeep]\n|-damage|p2b: Urshifu|44\/100|[from] Sandstorm\n|-damage|p1b: Tyranitar|16\/100|[from] Sandstorm\n|-damage|p2a: Rillaboom|92\/100|[from] Sandstorm\n|-heal|p2b: Urshifu|50\/100|[from] Grassy Terrain\n|-heal|p2a: Rillaboom|98\/100|[from] Grassy Terrain\n|upkeep\n|turn|2\n|inactive|TheBeast251 has 30 seconds left.\n|inactive|intark has 30 seconds left.\n|\n|t:|1699982045\n|move|p2a: Rillaboom|Fake Out|p1b: Tyranitar\n|-damage|p1b: Tyranitar|3\/100\n|move|p1a: Lycanroc|Bulldoze|p2b: Urshifu|[spread] p2a,p2b\n|-immune|p1b: Tyranitar\n|-resisted|p2a: Rillaboom\n|-damage|p2a: Rillaboom|96\/100\n|-damage|p2b: Urshifu|44\/100\n|-unboost|p2a: Rillaboom|spe|1\n|-unboost|p2b: Urshifu|spe|1\n|cant|p1b: Tyranitar|flinch\n|move|p2b: Urshifu|Surging Strikes|p1a: Lycanroc\n|-supereffective|p1a: Lycanroc\n|-crit|p1a: Lycanroc\n|-damage|p1a: Lycanroc|8\/100\n|-supereffective|p1a: Lycanroc\n|-crit|p1a: Lycanroc\n|-damage|p1a: Lycanroc|0 fnt\n|faint|p1a: Lycanroc\n|-hitcount|p1: Lycanroc|2\n|\n|-weather|Sandstorm|[upkeep]\n|-damage|p1b: Tyranitar|0 fnt|[from] Sandstorm\n|-damage|p2b: Urshifu|38\/100|[from] Sandstorm\n|-damage|p2a: Rillaboom|90\/100|[from] Sandstorm\n|faint|p1b: Tyranitar\n|-heal|p2b: Urshifu|44\/100|[from] Grassy Terrain\n|-heal|p2a: Rillaboom|96\/100|[from] Grassy Terrain\n|upkeep\n|c|\u2606TheBeast251|pls\n|c|\u2606TheBeast251|nOOOO\n|c|\u2606TheBeast251|the buffet\n|c|\u2606intark|lol\n|\n|t:|1699982066\n|switch|p1a: Dondozo|Dondozo, L50, F|100\/100\n|switch|p1b: Tatsugiri|Tatsugiri-Stretchy, L50, F|100\/100\n|-activate|p1b: Tatsugiri|ability: Commander|[of] p1a: Dondozo\n|-boost|p1a: Dondozo|atk|2\n|-boost|p1a: Dondozo|spa|2\n|-boost|p1a: Dondozo|spe|2\n|-boost|p1a: Dondozo|def|2\n|-boost|p1a: Dondozo|spd|2\n|turn|3\n|inactive|intark has 30 seconds left.\n|c|\u2606TheBeast251|the ttar was faster\n|inactive|intark has 20 seconds left.\n|c|\u2606TheBeast251|if the buffet didn't happen I could've outsped\n|\n|t:|1699982105\n|switch|p2b: Arcanine|Arcanine-Hisui, L50, F|100\/100\n|-ability|p2b: Arcanine|Intimidate|boost\n|-fail|p1a: Dondozo|unboost|Attack|[from] ability: Oblivious|[of] p1a: Dondozo\n|-unboost|p1b: Tatsugiri|atk|1\n|move|p1a: Dondozo|Rock Slide|p2a: Rillaboom|[spread] p2a\n|-miss|p1a: Dondozo|p2b: Arcanine\n|-damage|p2a: Rillaboom|66\/100\n|cant|p2a: Rillaboom|flinch\n|\n|-weather|Sandstorm|[upkeep]\n|-damage|p1b: Tatsugiri|94\/100|[from] Sandstorm\n|-damage|p1a: Dondozo|94\/100|[from] Sandstorm\n|-damage|p2a: Rillaboom|60\/100|[from] Sandstorm\n|-heal|p1b: Tatsugiri|100\/100|[from] Grassy Terrain\n|-heal|p1a: Dondozo|100\/100|[from] Grassy Terrain\n|-heal|p2a: Rillaboom|66\/100|[from] Grassy Terrain\n|upkeep\n|turn|4\n|c|\u2606TheBeast251|to one shot rilla\n|c|\u2606TheBeast251|cus my ttar is banded\n|inactive|intark has 30 seconds left.\n|\n|t:|1699982134\n|switch|p2b: Urshifu|Urshifu-Rapid-Strike, L50, F, tera:Water|44\/100\n|move|p2a: Rillaboom|Grassy Glide|p1a: Dondozo\n|-supereffective|p1a: Dondozo\n|-damage|p1a: Dondozo|74\/100\n|move|p1a: Dondozo|Earthquake|p2b: Urshifu|[spread] p2a,p2b\n|-miss|p1a: Dondozo|p1b: Tatsugiri\n|-resisted|p2a: Rillaboom\n|-damage|p2a: Rillaboom|56\/100\n|-damage|p2b: Urshifu|22\/100\n|\n|-weather|Sandstorm|[upkeep]\n|-damage|p2b: Urshifu|16\/100|[from] Sandstorm\n|-damage|p1b: Tatsugiri|94\/100|[from] Sandstorm\n|-damage|p1a: Dondozo|68\/100|[from] Sandstorm\n|-damage|p2a: Rillaboom|50\/100|[from] Sandstorm\n|-heal|p2b: Urshifu|22\/100|[from] Grassy Terrain\n|-heal|p1b: Tatsugiri|100\/100|[from] Grassy Terrain\n|-heal|p1a: Dondozo|74\/100|[from] Grassy Terrain\n|-heal|p2a: Rillaboom|56\/100|[from] Grassy Terrain\n|upkeep\n|turn|5\n|c|\u2606TheBeast251|ah u master baiter\n|inactive|intark has 30 seconds left.\n|\n|t:|1699982161\n|switch|p2a: Hydreigon|Hydreigon, L50, M|100\/100\n|move|p2b: Urshifu|Surging Strikes|p1a: Dondozo\n|-resisted|p1a: Dondozo\n|-crit|p1a: Dondozo\n|-damage|p1a: Dondozo|63\/100\n|-resisted|p1a: Dondozo\n|-crit|p1a: Dondozo\n|-damage|p1a: Dondozo|53\/100\n|-resisted|p1a: Dondozo\n|-crit|p1a: Dondozo\n|-damage|p1a: Dondozo|43\/100\n|-hitcount|p1a: Dondozo|3\n|move|p1a: Dondozo|Rock Slide|p2a: Hydreigon|[spread] p2a,p2b\n|-damage|p2a: Hydreigon|60\/100\n|-damage|p2b: Urshifu|0 fnt\n|faint|p2b: Urshifu\n|\n|-weather|none\n|-heal|p1a: Dondozo|49\/100|[from] Grassy Terrain\n|-fieldend|move: Grassy Terrain\n|upkeep\n|\n|t:|1699982177\n|switch|p2b: Rillaboom|Rillaboom, L50, F|56\/100\n|-fieldstart|move: Grassy Terrain|[from] ability: Grassy Surge|[of] p2b: Rillaboom\n|turn|6\n|\n|t:|1699982188\n|move|p2b: Rillaboom|Fake Out|p1a: Dondozo\n|-damage|p1a: Dondozo|44\/100\n|cant|p1a: Dondozo|flinch\n|move|p2a: Hydreigon|Dark Pulse|p1a: Dondozo\n|-damage|p1a: Dondozo|13\/100\n|-enditem|p1a: Dondozo|Figy Berry|[eat]\n|-heal|p1a: Dondozo|46\/100|[from] item: Figy Berry\n|-damage|p2a: Hydreigon|50\/100|[from] item: Life Orb\n|\n|-heal|p1a: Dondozo|52\/100|[from] Grassy Terrain\n|-heal|p2b: Rillaboom|61\/100|[from] Grassy Terrain\n|upkeep\n|turn|7\n|\n|t:|1699982220\n|move|p2a: Hydreigon|Protect|p2a: Hydreigon\n|-singleturn|p2a: Hydreigon|Protect\n|move|p1a: Dondozo|Wave Crash|p2a: Hydreigon\n|-activate|p2a: Hydreigon|move: Protect\n|move|p2b: Rillaboom|Wood Hammer|p1a: Dondozo\n|-supereffective|p1a: Dondozo\n|-damage|p1a: Dondozo|0 fnt\n|faint|p1a: Dondozo\n|-damage|p2b: Rillaboom|43\/100|[from] Recoil\n|\n|-heal|p2b: Rillaboom|48\/100|[from] Grassy Terrain\n|upkeep\n|turn|8\n|c|\u2606TheBeast251|imagine if this kills\n|inactive|intark has 30 seconds left.\n|\n|t:|1699982245\n|switch|p2a: Arcanine|Arcanine-Hisui, L50, F|100\/100\n|-ability|p2a: Arcanine|Intimidate|boost\n|-unboost|p1b: Tatsugiri|atk|1\n|move|p1b: Tatsugiri|Icy Wind|p2b: Rillaboom|[spread] p2a,p2b\n|-resisted|p2a: Arcanine\n|-crit|p2a: Arcanine\n|-supereffective|p2b: Rillaboom\n|-damage|p2a: Arcanine|90\/100\n|-damage|p2b: Rillaboom|29\/100\n|-unboost|p2a: Arcanine|spe|1\n|-unboost|p2b: Rillaboom|spe|1\n|move|p2b: Rillaboom|Wood Hammer|p1b: Tatsugiri\n|-damage|p1b: Tatsugiri|0 fnt\n|faint|p1b: Tatsugiri\n|-damage|p2b: Rillaboom|5\/100|[from] Recoil\n|\n|win|intark\n|raw|TheBeast251's rating: 1249 &rarr; <strong>1229<\/strong><br \/>(-20 for losing)\n|raw|intark's rating: 1322 &rarr; <strong>1338<\/strong><br \/>(+16 for winning)\n|c|\u2606intark|gg\n|c|\u2606TheBeast251|womp womp\n|c|\u2606TheBeast251|gg\n|l|\u2606TheBeast251\n","uploadtime":1699982330,"views":36,"p1id":"thebeast251","p2id":"intark","formatid":"gen9vgc2023regulatione","rating":1229,"private":0,"password":""}