{"id":"gen9vgc2023regulatione-1998774139","p1":"PhantomOrionVgc","p2":"masakiwan","format":"[Gen 9] VGC 2023 Regulation E","log":"|j|\u2606PhantomOrionVgc\n|j|\u2606masakiwan\n|t:|1700988023\n|gametype|doubles\n|player|p1|PhantomOrionVgc|caitlin-masters|1414\n|player|p2|masakiwan|169|1492\n|teamsize|p1|6\n|teamsize|p2|6\n|gen|9\n|tier|[Gen 9] VGC 2023 Regulation E\n|rated|\n|rule|Species Clause: Limit one of each Pok\u00e9mon\n|rule|Item Clause: Limit one of each item\n|clearpoke\n|poke|p1|Dragonite, L50, M|\n|poke|p1|Chien-Pao, L50|\n|poke|p1|Iron Hands, L50|\n|poke|p1|Amoonguss, L50, M|\n|poke|p1|Iron Moth, L50|\n|poke|p1|Kingambit, L50, M|\n|poke|p2|Tornadus, L50, M|\n|poke|p2|Urshifu-*, L50, M|\n|poke|p2|Arcanine-Hisui, L50, M|\n|poke|p2|Chien-Pao, L50|\n|poke|p2|Rillaboom, L50, F|\n|poke|p2|Gholdengo, L50|\n|teampreview|4\n|j| 74zlfh\n|inactive|Battle timer is ON: inactive players will automatically lose when time's up. (requested by masakiwan)\n|\n|t:|1700988048\n|start\n|switch|p1a: Kingambit|Kingambit, L50, M|100\/100\n|switch|p1b: Chien-Pao|Chien-Pao, L50|100\/100\n|switch|p2a: Tornadus|Tornadus, L50, M|100\/100\n|switch|p2b: Urshifu|Urshifu-Rapid-Strike, L50, M|100\/100\n|-ability|p1b: Chien-Pao|Sword of Ruin\n|turn|1\n|\n|t:|1700988060\n|switch|p1a: Amoonguss|Amoonguss, L50, M|100\/100\n|move|p2a: Tornadus|Tailwind|p2a: Tornadus\n|-sidestart|p2: masakiwan|move: Tailwind\n|move|p2b: Urshifu|Surging Strikes|p1b: Chien-Pao\n|-crit|p1b: Chien-Pao\n|-damage|p1b: Chien-Pao|67\/100\n|-crit|p1b: Chien-Pao\n|-damage|p1b: Chien-Pao|33\/100\n|-crit|p1b: Chien-Pao\n|-damage|p1b: Chien-Pao|0 fnt\n|faint|p1b: Chien-Pao\n|-hitcount|p1: Chien-Pao|3\n|\n|upkeep\n|\n|t:|1700988070\n|switch|p1b: Kingambit|Kingambit, L50, M|100\/100\n|turn|2\n|inactive|PhantomOrionVgc has 30 seconds left.\n|\n|t:|1700988104\n|switch|p1b: Iron Moth|Iron Moth, L50|100\/100\n|-enditem|p1b: Iron Moth|Booster Energy\n|-activate|p1b: Iron Moth|ability: Quark Drive|[fromitem]\n|-start|p1b: Iron Moth|quarkdrivespe\n|move|p2b: Urshifu|Close Combat|p1b: Iron Moth\n|-resisted|p1b: Iron Moth\n|-damage|p1b: Iron Moth|56\/100\n|-unboost|p2b: Urshifu|def|1\n|-unboost|p2b: Urshifu|spd|1\n|move|p2a: Tornadus|Bleakwind Storm|p1a: Amoonguss|[spread] p1a,p1b\n|-supereffective|p1a: Amoonguss\n|-damage|p1a: Amoonguss|41\/100\n|-damage|p1b: Iron Moth|22\/100\n|-unboost|p1a: Amoonguss|spe|1\n|move|p1a: Amoonguss|Spore|p2b: Urshifu\n|-status|p2b: Urshifu|slp|[from] move: Spore\n|\n|upkeep\n|turn|3\n|inactive|PhantomOrionVgc has 30 seconds left.\n|\n|t:|1700988138\n|-terastallize|p1a: Amoonguss|Water\n|move|p1b: Iron Moth|Protect|p1b: Iron Moth\n|-singleturn|p1b: Iron Moth|Protect\n|cant|p2b: Urshifu|slp\n|move|p2a: Tornadus|Bleakwind Storm|p1a: Amoonguss|[spread] p1a\n|-activate|p1b: Iron Moth|move: Protect\n|-damage|p1a: Amoonguss|9\/100\n|move|p1a: Amoonguss|Spore|p2a: Tornadus\n|-status|p2a: Tornadus|slp|[from] move: Spore\n|\n|upkeep\n|turn|4\n|\n|t:|1700988150\n|cant|p2b: Urshifu|slp\n|move|p1b: Iron Moth|Energy Ball|p2b: Urshifu\n|-supereffective|p2b: Urshifu\n|-damage|p2b: Urshifu|0 fnt\n|faint|p2b: Urshifu\n|cant|p2a: Tornadus|slp\n|move|p1a: Amoonguss|Pollen Puff|p1b: Iron Moth\n|-heal|p1b: Iron Moth|72\/100\n|\n|-sideend|p2: masakiwan|move: Tailwind\n|upkeep\n|\n|t:|1700988156\n|switch|p2b: Arcanine|Arcanine-Hisui, L50, M|100\/100\n|-ability|p2b: Arcanine|Intimidate|boost\n|-unboost|p1a: Amoonguss|atk|1\n|-unboost|p1b: Iron Moth|atk|1\n|turn|5\n|inactive|PhantomOrionVgc has 30 seconds left.\n|\n|t:|1700988189\n|switch|p1a: Kingambit|Kingambit, L50, M|100\/100\n|-curestatus|p2a: Tornadus|slp|[msg]\n|move|p2a: Tornadus|Tailwind|p2a: Tornadus\n|-sidestart|p2: masakiwan|move: Tailwind\n|move|p1b: Iron Moth|Fiery Dance|p2a: Tornadus\n|-damage|p2a: Tornadus|66\/100\n|-boost|p1b: Iron Moth|spa|1\n|move|p2b: Arcanine|Rock Slide|p1a: Kingambit|[spread] p1a\n|-miss|p2b: Arcanine|p1b: Iron Moth\n|-resisted|p1a: Kingambit\n|-damage|p1a: Kingambit|83\/100\n|\n|upkeep\n|turn|6\n|\n|t:|1700988210\n|switch|p2a: Chien-Pao|Chien-Pao, L50|100\/100\n|-ability|p2a: Chien-Pao|Sword of Ruin\n|move|p1b: Iron Moth|Protect|p1b: Iron Moth\n|-singleturn|p1b: Iron Moth|Protect\n|move|p2b: Arcanine|Rock Slide|p1b: Iron Moth|[spread] p1a\n|-activate|p1b: Iron Moth|move: Protect\n|-resisted|p1a: Kingambit\n|-damage|p1a: Kingambit|61\/100\n|move|p1a: Kingambit|Kowtow Cleave|p2b: Arcanine\n|-damage|p2b: Arcanine|25\/100\n|\n|upkeep\n|turn|7\n|\n|t:|1700988225\n|move|p1a: Kingambit|Sucker Punch|p2b: Arcanine\n|-damage|p2b: Arcanine|0 fnt\n|faint|p2b: Arcanine\n|move|p2a: Chien-Pao|Sacred Sword|p1a: Kingambit\n|-supereffective|p1a: Kingambit\n|-damage|p1a: Kingambit|0 fnt\n|faint|p1a: Kingambit\n|move|p1b: Iron Moth|Fiery Dance|p2a: Chien-Pao\n|-supereffective|p2a: Chien-Pao\n|-enditem|p2a: Chien-Pao|Focus Sash\n|-damage|p2a: Chien-Pao|1\/100\n|\n|upkeep\n|\n|t:|1700988232\n|switch|p2b: Tornadus|Tornadus, L50, M|66\/100\n|switch|p1a: Amoonguss|Amoonguss, L50, M, tera:Water|42\/100\n|turn|8\n|\n|t:|1700988245\n|move|p1a: Amoonguss|Rage Powder|p1a: Amoonguss\n|-singleturn|p1a: Amoonguss|move: Rage Powder\n|move|p2a: Chien-Pao|Icicle Crash|p1a: Amoonguss\n|-resisted|p1a: Amoonguss\n|-damage|p1a: Amoonguss|18\/100\n|move|p1b: Iron Moth|Dazzling Gleam|p2a: Chien-Pao|[spread] p2a,p2b\n|-supereffective|p2a: Chien-Pao\n|-damage|p2a: Chien-Pao|0 fnt\n|-damage|p2b: Tornadus|37\/100\n|faint|p2a: Chien-Pao\n|move|p2b: Tornadus|Bleakwind Storm|p1b: Iron Moth|[spread] p1a,p1b\n|-damage|p1a: Amoonguss|0 fnt\n|-damage|p1b: Iron Moth|39\/100\n|faint|p1a: Amoonguss\n|\n|-sideend|p2: masakiwan|move: Tailwind\n|upkeep\n|turn|9\n|\n|t:|1700988261\n|move|p1b: Iron Moth|Fiery Dance|p2b: Tornadus\n|-crit|p2b: Tornadus\n|-damage|p2b: Tornadus|0 fnt\n|faint|p2b: Tornadus\n|\n|win|PhantomOrionVgc\n|raw|PhantomOrionVgc's rating: 1414 &rarr; <strong>1438<\/strong><br \/>(+24 for winning)\n|raw|masakiwan's rating: 1492 &rarr; <strong>1468<\/strong><br \/>(-24 for losing)\n|l|\u2606masakiwan\n","uploadtime":1700988265,"views":1,"p1id":"phantomorionvgc","p2id":"masakiwan","formatid":"gen9vgc2023regulatione","rating":1438,"private":0,"password":""}