{"id":"gen9vgc2023regulatione-1994230789","p1":"UabbaLabbaDabDab","p2":"Telefante12","format":"[Gen 9] VGC 2023 Regulation E","log":"|j|\u2606UabbaLabbaDabDab\n|j|\u2606Telefante12\n|t:|1700421415\n|gametype|doubles\n|player|p1|UabbaLabbaDabDab|silver|1493\n|player|p2|Telefante12|drayden|1542\n|teamsize|p1|6\n|teamsize|p2|6\n|gen|9\n|tier|[Gen 9] VGC 2023 Regulation E\n|rated|\n|rule|Species Clause: Limit one of each Pok\u00e9mon\n|rule|Item Clause: Limit one of each item\n|clearpoke\n|poke|p1|Torkoal, L50, F|\n|poke|p1|Lilligant-Hisui, L50, F|\n|poke|p1|Indeedee-F, L50, F|\n|poke|p1|Armarouge, L50, M|\n|poke|p1|Urshifu-*, L50, F|\n|poke|p1|Flutter Mane, L50|\n|poke|p2|Gholdengo, L50|\n|poke|p2|Arcanine-Hisui, L50, M|\n|poke|p2|Farigiraf, L50, M|\n|poke|p2|Ursaluna-Bloodmoon, L50, M|\n|poke|p2|Amoonguss, L50, M|\n|poke|p2|Iron Hands, L50|\n|teampreview|4\nUabbaLabbaDabDab has agreed to open team sheets.\n|\n|t:|1700421475\n|start\n|switch|p1a: Lilligant|Lilligant-Hisui, L50, F|100\/100\n|switch|p1b: Torkoal|Torkoal, L50, F|100\/100\n|switch|p2a: Gholdengo|Gholdengo, L50|100\/100\n|switch|p2b: Amoonguss|Amoonguss, L50, M|100\/100\n|-weather|SunnyDay|[from] ability: Drought|[of] p1b: Torkoal\n|turn|1\n|\n|t:|1700421513\n|switch|p2b: Arcanine|Arcanine-Hisui, L50, M|100\/100\n|-ability|p2b: Arcanine|Intimidate|boost\n|-unboost|p1a: Lilligant|atk|1\n|-unboost|p1b: Torkoal|atk|1\n|-terastallize|p2a: Gholdengo|Dragon\n|move|p1b: Torkoal|Protect|p1b: Torkoal\n|-singleturn|p1b: Torkoal|Protect\n|move|p1a: Lilligant|Solar Blade||[still]\n|-prepare|p1a: Lilligant|Solar Blade\n|-anim|p1a: Lilligant|Solar Blade|p2b: Arcanine\n|-damage|p2b: Arcanine|56\/100\n|move|p2a: Gholdengo|Shadow Ball|p1b: Torkoal\n|-activate|p1b: Torkoal|move: Protect\n|\n|-weather|SunnyDay|[upkeep]\n|upkeep\n|turn|2\n|\n|t:|1700421582\n|switch|p1a: Indeedee|Indeedee-F, L50, F|100\/100\n|-fieldstart|move: Psychic Terrain|[from] ability: Psychic Surge|[of] p1a: Indeedee\n|switch|p2b: Amoonguss|Amoonguss, L50, M|100\/100\n|move|p2a: Gholdengo|Shadow Ball|p1b: Torkoal\n|-damage|p1b: Torkoal|51\/100\n|-unboost|p1b: Torkoal|spd|1\n|move|p1b: Torkoal|Earth Power|p2b: Amoonguss\n|-damage|p2b: Amoonguss|79\/100\n|\n|-weather|SunnyDay|[upkeep]\n|upkeep\n|turn|3\n|\n|t:|1700421606\n|move|p2a: Gholdengo|Nasty Plot|p2a: Gholdengo\n|-boost|p2a: Gholdengo|spa|2\n|move|p2b: Amoonguss|Spore|p1b: Torkoal\n|-status|p1b: Torkoal|slp|[from] move: Spore\n|cant|p1b: Torkoal|slp\n|move|p1a: Indeedee|Trick Room|p1a: Indeedee\n|-fieldstart|move: Trick Room|[of] p1a: Indeedee\n|\n|-weather|SunnyDay|[upkeep]\n|upkeep\n|turn|4\n|\n|t:|1700421664\n|cant|p1b: Torkoal|slp\n|move|p2b: Amoonguss|Pollen Puff|p1a: Indeedee\n|-supereffective|p1a: Indeedee\n|-damage|p1a: Indeedee|62\/100\n|move|p1a: Indeedee|Psychic|p2b: Amoonguss\n|-supereffective|p2b: Amoonguss\n|-damage|p2b: Amoonguss|16\/100\n|move|p2a: Gholdengo|Shadow Ball|p1b: Torkoal\n|-damage|p1b: Torkoal|0 fnt\n|faint|p1b: Torkoal\n|\n|-weather|SunnyDay|[upkeep]\n|upkeep\n|\n|t:|1700421679\n|switch|p1b: Armarouge|Armarouge, L50, M|100\/100\n|turn|5\n|\n|t:|1700421692\n|switch|p2b: Arcanine|Arcanine-Hisui, L50, M|56\/100\n|-ability|p2b: Arcanine|Intimidate|boost\n|-unboost|p1a: Indeedee|atk|1\n|-unboost|p1b: Armarouge|atk|1\n|-terastallize|p1b: Armarouge|Grass\n|move|p1a: Indeedee|Helping Hand|p1b: Armarouge\n|-singleturn|p1b: Armarouge|Helping Hand|[of] p1a: Indeedee\n|move|p2a: Gholdengo|Protect|p2a: Gholdengo\n|-singleturn|p2a: Gholdengo|Protect\n|move|p1b: Armarouge|Expanding Force|p2a: Gholdengo|[spread] p2b\n|-activate|p2a: Gholdengo|move: Protect\n|-damage|p2b: Arcanine|0 fnt\n|faint|p2b: Arcanine\n|-damage|p1b: Armarouge|91\/100|[from] item: Life Orb\n|\n|-weather|none\n|upkeep\n|\n|t:|1700421715\n|switch|p2b: Ursaluna|Ursaluna-Bloodmoon, L50, M|100\/100\n|turn|6\n|\n|t:|1700421732\n|move|p1a: Indeedee|Follow Me|p1a: Indeedee\n|-singleturn|p1a: Indeedee|move: Follow Me\n|move|p2b: Ursaluna|Hyper Voice|p1b: Armarouge|[spread] p1a,p1b\n|-damage|p1a: Indeedee|11\/100\n|-damage|p1b: Armarouge|39\/100\n|-enditem|p1a: Indeedee|Sitrus Berry|[eat]\n|-heal|p1a: Indeedee|36\/100|[from] item: Sitrus Berry\n|-damage|p2b: Ursaluna|91\/100|[from] item: Life Orb\n|move|p1b: Armarouge|Expanding Force|p2b: Ursaluna|[spread] p2a,p2b\n|-damage|p2a: Gholdengo|27\/100\n|-damage|p2b: Ursaluna|6\/100\n|-damage|p1b: Armarouge|29\/100|[from] item: Life Orb\n|move|p2a: Gholdengo|Make It Rain|p1a: Indeedee|[spread] p1a,p1b\n|-damage|p1a: Indeedee|0 fnt\n|-damage|p1b: Armarouge|0 fnt\n|-unboost|p2a: Gholdengo|spa|1\n|faint|p1a: Indeedee\n|faint|p1b: Armarouge\n|\n|-heal|p2a: Gholdengo|33\/100|[from] item: Leftovers\n|-fieldend|move: Psychic Terrain\n|upkeep\n|-message|UabbaLabbaDabDab forfeited.\n|\n|win|Telefante12\n|raw|UabbaLabbaDabDab's rating: 1493 &rarr; <strong>1476<\/strong><br \/>(-17 for losing)\n|raw|Telefante12's rating: 1542 &rarr; <strong>1559<\/strong><br \/>(+17 for winning)\n|l|\u2606UabbaLabbaDabDab\n|l|\u2606Telefante12\n|j|\u2606Telefante12\n|player|p2|Telefante12|drayden\n","uploadtime":1700421818,"views":19,"p1id":"uabbalabbadabdab","p2id":"telefante12","formatid":"gen9vgc2023regulatione","rating":1476,"private":0,"password":""}