{"id":"gen9vgc2023regulatione-1996002596","p1":"Dr Scoob","p2":"romanisonfire","format":"[Gen 9] VGC 2023 Regulation E","log":"|j|\u2606Dr Scoob\n|j|\u2606romanisonfire\n|t:|1700627812\n|gametype|doubles\n|player|p1|Dr Scoob|169|1323\n|player|p2|romanisonfire|bede-masters|1323\n|teamsize|p1|6\n|teamsize|p2|6\n|gen|9\n|tier|[Gen 9] VGC 2023 Regulation E\n|rated|\n|rule|Species Clause: Limit one of each Pok\u00e9mon\n|rule|Item Clause: Limit one of each item\n|clearpoke\n|poke|p1|Tornadus, L50, M|\n|poke|p1|Flutter Mane, L50|\n|poke|p1|Ogerpon-Wellspring, L50, F|\n|poke|p1|Annihilape, L50, F|\n|poke|p1|Amoonguss, L50, F|\n|poke|p1|Iron Hands, L50|\n|poke|p2|Cresselia, L50, F|\n|poke|p2|Torkoal, L50, M|\n|poke|p2|Roaring Moon, L50|\n|poke|p2|Ninetales-Alola, L50, M|\n|poke|p2|Dachsbun, L50, M|\n|poke|p2|Iron Hands, L50|\n|teampreview|4\n|\n|t:|1700627881\n|start\n|switch|p1a: Blow Man|Tornadus, L50, M|100\/100\n|switch|p1b: Matt 4:19|Ogerpon-Wellspring, L50, F|100\/100\n|switch|p2a: Roaring Moon|Roaring Moon, L50|100\/100\n|switch|p2b: Ninetales|Ninetales-Alola, L50, M, shiny|100\/100\n|-weather|Snow|[from] ability: Snow Warning|[of] p2b: Ninetales\n|-enditem|p2a: Roaring Moon|Booster Energy\n|-activate|p2a: Roaring Moon|ability: Protosynthesis|[fromitem]\n|-start|p2a: Roaring Moon|protosynthesisatk\n|turn|1\n|\n|t:|1700627912\n|-terastallize|p1b: Matt 4:19|Water\n|detailschange|p1b: Matt 4:19|Ogerpon-Wellspring-Tera, L50, F, tera:Water\n|-ability|p1b: Matt 4:19|Embody Aspect (Wellspring)|boost\n|-boost|p1b: Matt 4:19|spd|1\n|move|p1a: Blow Man|Rain Dance|p1a: Blow Man\n|-weather|RainDance\n|move|p2a: Roaring Moon|Acrobatics|p1b: Matt 4:19\n|-damage|p1b: Matt 4:19|40\/100\n|move|p1b: Matt 4:19|Ivy Cudgel|p2b: Ninetales|[anim] Ivy Cudgel Water\n|-damage|p2b: Ninetales|0 fnt\n|faint|p2b: Ninetales\n|\n|-weather|RainDance|[upkeep]\n|upkeep\n|\n|t:|1700627934\n|switch|p2b: Iron Hands|Iron Hands, L50|100\/100\n|turn|2\n|\n|t:|1700627958\n|switch|p1b: Psilocybin|Amoonguss, L50, F|100\/100\n|move|p1a: Blow Man|Tailwind|p1a: Blow Man\n|-sidestart|p1: Dr Scoob|move: Tailwind\n|move|p2a: Roaring Moon|Knock Off|p1a: Blow Man\n|-damage|p1a: Blow Man|14\/100\n|-enditem|p1a: Blow Man|Covert Cloak|[from] move: Knock Off|[of] p2a: Roaring Moon\n|move|p2b: Iron Hands|Wild Charge|p1b: Psilocybin\n|-resisted|p1b: Psilocybin\n|-damage|p1b: Psilocybin|76\/100\n|-damage|p2b: Iron Hands|84\/100|[from] item: Rocky Helmet|[of] p1b: Psilocybin\n|-damage|p2b: Iron Hands|79\/100|[from] Recoil\n|\n|-weather|RainDance|[upkeep]\n|upkeep\n|turn|3\n|\n|t:|1700627980\n|move|p1a: Blow Man|Bleakwind Storm|p2a: Roaring Moon|[spread] p2a,p2b\n|-damage|p2a: Roaring Moon|64\/100\n|-damage|p2b: Iron Hands|56\/100\n|-unboost|p2a: Roaring Moon|spe|1\n|-unboost|p2b: Iron Hands|spe|1\n|move|p2a: Roaring Moon|Acrobatics|p1b: Psilocybin\n|-supereffective|p1b: Psilocybin\n|-damage|p1b: Psilocybin|0 fnt\n|-damage|p2a: Roaring Moon|47\/100|[from] item: Rocky Helmet|[of] p1b: Psilocybin\n|faint|p1b: Psilocybin\n|move|p2b: Iron Hands|Wild Charge|p1a: Blow Man\n|-supereffective|p1a: Blow Man\n|-damage|p1a: Blow Man|0 fnt\n|faint|p1a: Blow Man\n|-damage|p2b: Iron Hands|53\/100|[from] Recoil\n|\n|-weather|RainDance|[upkeep]\n|upkeep\n|\n|t:|1700627993\n|switch|p1a: Matt 4:19|Ogerpon-Wellspring-Tera, L50, F, tera:Water|40\/100\n|switch|p1b: Monkey Business|Annihilape, L50, F|100\/100\n|-ability|p1a: Matt 4:19|Embody Aspect (Wellspring)|boost\n|-boost|p1a: Matt 4:19|spd|1\n|turn|4\n|\n|t:|1700628012\n|-end|p2b: Iron Hands|Quark Drive|[silent]\n|switch|p2b: Cresselia|Cresselia, L50, F, shiny|100\/100\n|move|p2a: Roaring Moon|Protect|p2a: Roaring Moon\n|-singleturn|p2a: Roaring Moon|Protect\n|move|p1a: Matt 4:19|Ivy Cudgel|p2b: Cresselia|[anim] Ivy Cudgel Water\n|-damage|p2b: Cresselia|39\/100\n|move|p1b: Monkey Business|Drain Punch|p2a: Roaring Moon\n|-activate|p2a: Roaring Moon|move: Protect\n|\n|-weather|RainDance|[upkeep]\n|upkeep\n|turn|5\n|\n|t:|1700628057\n|-end|p2a: Roaring Moon|Protosynthesis|[silent]\n|switch|p2a: Iron Hands|Iron Hands, L50|53\/100\n|move|p1a: Matt 4:19|Ivy Cudgel|p2b: Cresselia|[anim] Ivy Cudgel Water\n|-damage|p2b: Cresselia|0 fnt\n|faint|p2b: Cresselia\n|move|p1b: Monkey Business|Drain Punch|p2a: Iron Hands\n|-damage|p2a: Iron Hands|32\/100\n|\n|-weather|none\n|-sideend|p1: Dr Scoob|move: Tailwind\n|upkeep\n|\n|t:|1700628067\n|switch|p2b: Roaring Moon|Roaring Moon, L50|47\/100\n|turn|6\n|\n|t:|1700628088\n|-terastallize|p2b: Roaring Moon|Flying\n|move|p2a: Iron Hands|Fake Out|p1a: Matt 4:19\n|-damage|p1a: Matt 4:19|20\/100\n|move|p2b: Roaring Moon|Acrobatics|p1b: Monkey Business\n|-supereffective|p1b: Monkey Business\n|-damage|p1b: Monkey Business|0 fnt\n|faint|p1b: Monkey Business\n|cant|p1a: Matt 4:19|flinch\n|\n|upkeep\n|turn|7\n|-message|Dr Scoob forfeited.\n|\n|win|romanisonfire\n|raw|Dr Scoob's rating: 1323 &rarr; <strong>1303<\/strong><br \/>(-20 for losing)\n|raw|romanisonfire's rating: 1323 &rarr; <strong>1343<\/strong><br \/>(+20 for winning)\n|l|\u2606Dr Scoob\n","uploadtime":1700628111,"views":0,"p1id":"drscoob","p2id":"romanisonfire","formatid":"gen9vgc2023regulatione","rating":1303,"private":0,"password":""}