{"id":"gen9vgc2023regulatione-1990270554","p1":"sabre332","p2":"5Sscreen","format":"[Gen 9] VGC 2023 Regulation E","log":"|j|\u203dsabre332\n|j|\u26065Sscreen\n|t:|1699948236\n|gametype|doubles\n|player|p1|sabre332|2|1181\n|player|p2|5Sscreen|pokekid|1085\n|teamsize|p1|6\n|teamsize|p2|6\n|gen|9\n|tier|[Gen 9] VGC 2023 Regulation E\n|rated|\n|rule|Species Clause: Limit one of each Pok\u00e9mon\n|rule|Item Clause: Limit one of each item\n|clearpoke\n|poke|p1|Muk, L50, F|\n|poke|p1|Ursaluna, L50, F|\n|poke|p1|Sinistcha-Masterpiece, L50|\n|poke|p1|Cresselia, L50, F|\n|poke|p1|Torkoal, L50, M|\n|poke|p1|Iron Hands, L50|\n|poke|p2|Annihilape, L50, F|\n|poke|p2|Sinistcha, L50|\n|poke|p2|Grimmsnarl, L50, M|\n|poke|p2|Landorus-Therian, L50, M|\n|poke|p2|Bellibolt, L50, M|\n|poke|p2|Corviknight, L50, M|\n|teampreview|4\n|\n|t:|1699948277\n|start\n|switch|p1a: Muk|Muk, L50, F|100\/100\n|switch|p1b: Cresselia|Cresselia, L50, F|100\/100\n|switch|p2a: Grimmsnarl|Grimmsnarl, L50, M, shiny|100\/100\n|switch|p2b: Bellibolt|Bellibolt, L50, M, shiny|100\/100\n|turn|1\n|\n|t:|1699948302\n|move|p2a: Grimmsnarl|Reflect|p2a: Grimmsnarl\n|-sidestart|p2: 5Sscreen|Reflect\n|move|p1a: Muk|Curse|p1a: Muk\n|-unboost|p1a: Muk|spe|1\n|-boost|p1a: Muk|atk|1\n|-boost|p1a: Muk|def|1\n|move|p2b: Bellibolt|Thunderbolt|p1a: Muk\n|-damage|p1a: Muk|71\/100\n|move|p1b: Cresselia|Trick Room|p1b: Cresselia\n|-fieldstart|move: Trick Room|[of] p1b: Cresselia\n|\n|-heal|p1a: Muk|77\/100|[from] item: Black Sludge\n|upkeep\n|turn|2\n|\n|t:|1699948326\n|move|p2a: Grimmsnarl|Parting Shot|p1a: Muk\n|-unboost|p1a: Muk|atk|1\n|-unboost|p1a: Muk|spa|1\n|\n|t:|1699948332\n|switch|p2a: Annihilape|Annihilape, L50, F|100\/100|[from] Parting Shot\n|move|p1a: Muk|Curse|p1a: Muk\n|-unboost|p1a: Muk|spe|1\n|-boost|p1a: Muk|atk|1\n|-boost|p1a: Muk|def|1\n|move|p2b: Bellibolt|Acid Spray|p1b: Cresselia\n|-damage|p1b: Cresselia|93\/100\n|-unboost|p1b: Cresselia|spd|2\n|move|p1b: Cresselia|Lunar Blessing|p1b: Cresselia|[spread] p1a,p1b\n|-heal|p1a: Muk|100\/100\n|-heal|p1b: Cresselia|100\/100\n|\n|upkeep\n|turn|3\n|\n|t:|1699948367\n|move|p1a: Muk|Curse|p1a: Muk\n|-unboost|p1a: Muk|spe|1\n|-boost|p1a: Muk|atk|1\n|-boost|p1a: Muk|def|1\n|move|p2b: Bellibolt|Thunderbolt|p1b: Cresselia\n|-damage|p1b: Cresselia|54\/100\n|move|p1b: Cresselia|Dazzling Gleam|p2a: Annihilape|[spread] p2a,p2b\n|-supereffective|p2a: Annihilape\n|-damage|p2a: Annihilape|82\/100\n|-damage|p2b: Bellibolt|94\/100\n|-start|p2b: Bellibolt|Charge|Dazzling Gleam|[from] ability: Electromorphosis\n|move|p2a: Annihilape|Bulk Up|p2a: Annihilape\n|-boost|p2a: Annihilape|atk|1\n|-boost|p2a: Annihilape|def|1\n|\n|-heal|p2a: Annihilape|88\/100|[from] item: Leftovers\n|upkeep\n|turn|4\n|\n|t:|1699948391\n|move|p1b: Cresselia|Helping Hand|p1a: Muk\n|-singleturn|p1a: Muk|Helping Hand|[of] p1b: Cresselia\n|move|p1a: Muk|Poison Jab|p2a: Annihilape\n|-resisted|p2a: Annihilape\n|-damage|p2a: Annihilape|63\/100\n|-status|p2a: Annihilape|psn\n|move|p2b: Bellibolt|Acid Spray|p1a: Muk\n|-resisted|p1a: Muk\n|-damage|p1a: Muk|96\/100\n|-unboost|p1a: Muk|spd|2\n|move|p2a: Annihilape|Bulk Up|p2a: Annihilape\n|-boost|p2a: Annihilape|atk|1\n|-boost|p2a: Annihilape|def|1\n|\n|-heal|p1a: Muk|100\/100|[from] item: Black Sludge\n|-heal|p2a: Annihilape|69\/100 psn|[from] item: Leftovers\n|-damage|p2a: Annihilape|57\/100 psn|[from] psn\n|upkeep\n|turn|5\n|\n|t:|1699948428\n|switch|p2b: Sinistcha|Sinistcha, L50|100\/100\n|-heal|p2a: Annihilape|82\/100 psn|[from] ability: Hospitality|[of] p2b: Sinistcha\n|-terastallize|p2a: Annihilape|Fire\n|move|p1a: Muk|Shadow Sneak|p2a: Annihilape\n|-damage|p2a: Annihilape|73\/100 psn\n|move|p1b: Cresselia|Dazzling Gleam|p2a: Annihilape|[spread] p2a,p2b\n|-resisted|p2a: Annihilape\n|-damage|p2a: Annihilape|68\/100 psn\n|-damage|p2b: Sinistcha|89\/100\n|move|p2a: Annihilape|Rage Fist|p1a: Muk\n|-damage|p1a: Muk|6\/100\n|\n|-heal|p1a: Muk|12\/100|[from] item: Black Sludge\n|-heal|p2a: Annihilape|75\/100 psn|[from] item: Leftovers\n|-damage|p2a: Annihilape|62\/100 psn|[from] psn\n|-fieldend|move: Trick Room\n|upkeep\n|turn|6\n|\n|t:|1699948465\n|move|p1a: Muk|Shadow Sneak|p2b: Sinistcha\n|-supereffective|p2b: Sinistcha\n|-damage|p2b: Sinistcha|59\/100\n|move|p2a: Annihilape|Rage Fist|p1b: Cresselia\n|-supereffective|p1b: Cresselia\n|-damage|p1b: Cresselia|0 fnt\n|faint|p1b: Cresselia\n|move|p2b: Sinistcha|Matcha Gotcha|p1a: Muk\n|-resisted|p1a: Muk\n|-damage|p1a: Muk|0 fnt\n|-heal|p2b: Sinistcha|66\/100|[from] drain|[of] p1a: Muk\n|faint|p1a: Muk\n|\n|-heal|p2a: Annihilape|68\/100 psn|[from] item: Leftovers\n|-damage|p2a: Annihilape|56\/100 psn|[from] psn\n|upkeep\n|\n|t:|1699948471\n|switch|p1b: Sinistcha|Sinistcha-Masterpiece, L50|100\/100\n|switch|p1a: Torkoal|Torkoal, L50, M|100\/100\n|-weather|SunnyDay|[from] ability: Drought|[of] p1a: Torkoal\n|turn|7\n|\n|t:|1699948490\n|switch|p2b: Bellibolt|Bellibolt, L50, M, shiny|94\/100\n|-terastallize|p1a: Torkoal|Fire\n|move|p2a: Annihilape|Drain Punch|p1a: Torkoal\n|-damage|p1a: Torkoal|49\/100\n|-heal|p2a: Annihilape|78\/100 psn|[from] drain|[of] p1a: Torkoal\n|move|p1a: Torkoal|Eruption|p2b: Bellibolt|[spread] p2a,p2b\n|-resisted|p2a: Annihilape\n|-damage|p2a: Annihilape|54\/100 psn\n|-damage|p2b: Bellibolt|61\/100\n|-start|p2b: Bellibolt|Charge|Eruption|[from] ability: Electromorphosis\n|move|p1b: Sinistcha|Trick Room|p1b: Sinistcha\n|-fieldstart|move: Trick Room|[of] p1b: Sinistcha\n|\n|-weather|SunnyDay|[upkeep]\n|-heal|p2a: Annihilape|61\/100 psn|[from] item: Leftovers\n|-damage|p2a: Annihilape|48\/100 psn|[from] psn\n|upkeep\n|turn|8\n|\n|t:|1699948520\n|switch|p2a: Grimmsnarl|Grimmsnarl, L50, M, shiny|100\/100\n|move|p1b: Sinistcha|Rage Powder|p1b: Sinistcha\n|-singleturn|p1b: Sinistcha|move: Rage Powder\n|move|p1a: Torkoal|Earth Power|p2a: Grimmsnarl\n|-damage|p2a: Grimmsnarl|77\/100\n|move|p2b: Bellibolt|Thunderbolt|p1b: Sinistcha\n|-resisted|p1b: Sinistcha\n|-damage|p1b: Sinistcha|57\/100\n|-end|p2b: Bellibolt|Charge|[silent]\n|\n|-weather|SunnyDay|[upkeep]\n|-sideend|p2: 5Sscreen|Reflect\n|upkeep\n|turn|9\n|\n|t:|1699948536\n|move|p1b: Sinistcha|Rage Powder|p1b: Sinistcha\n|-singleturn|p1b: Sinistcha|move: Rage Powder\n|move|p2a: Grimmsnarl|Light Screen|p2a: Grimmsnarl\n|-sidestart|p2: 5Sscreen|move: Light Screen\n|move|p1a: Torkoal|Heat Wave|p2a: Grimmsnarl|[spread] p2a,p2b\n|-damage|p2a: Grimmsnarl|34\/100\n|-damage|p2b: Bellibolt|33\/100\n|-start|p2b: Bellibolt|Charge|Heat Wave|[from] ability: Electromorphosis\n|move|p2b: Bellibolt|Parabolic Charge|p1a: Torkoal|[spread] p2a,p1a,p1b\n|-resisted|p1b: Sinistcha\n|-damage|p2a: Grimmsnarl|13\/100\n|-heal|p2b: Bellibolt|43\/100|[from] drain|[of] p2a: Grimmsnarl\n|-damage|p1a: Torkoal|0 fnt\n|-heal|p2b: Bellibolt|63\/100|[from] drain|[of] p1a: Torkoal\n|-damage|p1b: Sinistcha|36\/100\n|-heal|p2b: Bellibolt|71\/100|[from] drain|[of] p1b: Sinistcha\n|faint|p1a: Torkoal\n|-end|p2b: Bellibolt|Charge|[silent]\n|\n|-weather|SunnyDay|[upkeep]\n|upkeep\n|turn|10\n|-message|sabre332 forfeited.\n|\n|win|5Sscreen\n|raw|sabre332's rating: 1181 &rarr; <strong>1149<\/strong><br \/>(-32 for losing)\n|raw|5Sscreen's rating: 1085 &rarr; <strong>1120<\/strong><br \/>(+35 for winning)\n|l|\u203dsabre332\n","uploadtime":1699948556,"views":25,"p1id":"sabre332","p2id":"5sscreen","formatid":"gen9vgc2023regulatione","rating":1120,"private":0,"password":""}