{"id":"gen9vgc2023regulatione-1991714850","p1":"docilellama","p2":"ShadowTriad Lazer","format":"[Gen 9] VGC 2023 Regulation E","log":"|j|\u2606docilellama\n|j|\u2606ShadowTriad Lazer\n|t:|1700106042\n|gametype|doubles\n|player|p1|docilellama|170|1087\n|player|p2|ShadowTriad Lazer|shadowtriad|1147\n|teamsize|p1|6\n|teamsize|p2|6\n|gen|9\n|tier|[Gen 9] VGC 2023 Regulation E\n|rated|\n|rule|Species Clause: Limit one of each Pok\u00e9mon\n|rule|Item Clause: Limit one of each item\n|clearpoke\n|poke|p1|Sneasler, L50, F|\n|poke|p1|Indeedee-F, L50, F|\n|poke|p1|Armarouge, L50, F|\n|poke|p1|Urshifu-*, L50, M|\n|poke|p1|Chien-Pao, L50|\n|poke|p1|Tornadus, L50, M|\n|poke|p2|Sneasler, L50, F|\n|poke|p2|Weavile, L50, M|\n|poke|p2|Sneasel, L50, M|\n|poke|p2|Espeon, L50, F|\n|poke|p2|Chandelure, L50, M|\n|poke|p2|Milotic, L50, F|\n|teampreview|4\n|\n|t:|1700106094\n|start\n|switch|p1a: Armarouge|Armarouge, L50, F|100\/100\n|switch|p1b: Urshifu|Urshifu-Rapid-Strike, L50, M|100\/100\n|switch|p2a: Weavile|Weavile, L50, M|100\/100\n|switch|p2b: Chandelure|Chandelure, L50, M|100\/100\n|-ability|p2a: Weavile|Pressure\n|turn|1\n|\n|t:|1700106135\n|switch|p2a: Milotic|Milotic, L50, F|100\/100\n|move|p2b: Chandelure|Will-O-Wisp|p1b: Urshifu\n|-status|p1b: Urshifu|brn\n|move|p1b: Urshifu|U-turn|p1a: Armarouge\n|-damage|p1a: Armarouge|86\/100\n|-ability|p1a: Armarouge|Weak Armor|boost\n|-unboost|p1a: Armarouge|def|1\n|-boost|p1a: Armarouge|spe|2\n|\n|t:|1700106145\n|switch|p1b: Indeedee|Indeedee-F, L50, F|100\/100|[from] U-turn\n|-fieldstart|move: Psychic Terrain|[from] ability: Psychic Surge|[of] p1b: Indeedee\n|move|p1a: Armarouge|Armor Cannon|p2a: Milotic\n|-resisted|p2a: Milotic\n|-damage|p2a: Milotic|79\/100\n|-unboost|p1a: Armarouge|def|1\n|-unboost|p1a: Armarouge|spd|1\n|\n|upkeep\n|turn|2\n|\n|t:|1700106172\n|switch|p2b: Weavile|Weavile, L50, M|100\/100\n|-ability|p2b: Weavile|Pressure\n|move|p1b: Indeedee|Follow Me|p1b: Indeedee\n|-singleturn|p1b: Indeedee|move: Follow Me\n|move|p1a: Armarouge|Expanding Force|p2b: Weavile|[spread] p2a\n|-immune|p2b: Weavile\n|-damage|p2a: Milotic|43\/100\n|move|p2a: Milotic|Haze|p2a: Milotic\n|-clearallboost\n|\n|upkeep\n|turn|3\n|\n|t:|1700106204\n|-terastallize|p2b: Weavile|Dark\n|move|p1b: Indeedee|Protect|p1b: Indeedee\n|-singleturn|p1b: Indeedee|Protect\n|move|p2b: Weavile|Lash Out|p1a: Armarouge\n|-supereffective|p1a: Armarouge\n|-damage|p1a: Armarouge|0 fnt\n|faint|p1a: Armarouge\n|move|p2a: Milotic|Recover|p2a: Milotic\n|-heal|p2a: Milotic|93\/100\n|\n|upkeep\n|\n|t:|1700106219\n|switch|p1a: Sneasler|Sneasler, L50, F|100\/100\n|-enditem|p1a: Sneasler|Psychic Seed\n|-boost|p1a: Sneasler|spd|1|[from] item: Psychic Seed\n|turn|4\n|\n|t:|1700106241\n|-terastallize|p1a: Sneasler|Rock\n|move|p2b: Weavile|Protect|p2b: Weavile\n|-singleturn|p2b: Weavile|Protect\n|move|p1b: Indeedee|Follow Me|p1b: Indeedee\n|-singleturn|p1b: Indeedee|move: Follow Me\n|move|p1a: Sneasler|Rock Slide|p2a: Milotic|[spread] p2a\n|-activate|p2b: Weavile|move: Protect\n|-damage|p2a: Milotic|68\/100\n|-enditem|p2a: Milotic|Kee Berry|[eat]\n|-boost|p2a: Milotic|def|1|[from] item: Kee Berry\n|move|p2a: Milotic|Icy Wind|p1b: Indeedee|[spread] p1a\n|-miss|p2a: Milotic|p1b: Indeedee\n|-crit|p1a: Sneasler\n|-damage|p1a: Sneasler|81\/100\n|-unboost|p1a: Sneasler|spe|1\n|\n|upkeep\n|turn|5\n|\n|t:|1700106272\n|move|p1b: Indeedee|Follow Me|p1b: Indeedee\n|-singleturn|p1b: Indeedee|move: Follow Me\n|move|p1a: Sneasler|Close Combat|p2b: Weavile\n|-supereffective|p2b: Weavile\n|-damage|p2b: Weavile|0 fnt\n|-unboost|p1a: Sneasler|def|1\n|-unboost|p1a: Sneasler|spd|1\n|faint|p2b: Weavile\n|move|p2a: Milotic|Chilling Water|p1b: Indeedee\n|-damage|p1b: Indeedee|83\/100\n|-unboost|p1b: Indeedee|atk|1\n|\n|-fieldend|move: Psychic Terrain\n|upkeep\n|\n|t:|1700106286\n|switch|p2b: Sneasler|Sneasler, L50, F|100\/100\n|-ability|p2b: Sneasler|Pressure\n|turn|6\n|\n|t:|1700106324\n|move|p2b: Sneasler|Protect|p2b: Sneasler\n|-singleturn|p2b: Sneasler|Protect\n|move|p1a: Sneasler|Rock Slide|p2b: Sneasler|[spread] p2a\n|-activate|p2b: Sneasler|move: Protect\n|-damage|p2a: Milotic|51\/100\n|move|p1b: Indeedee|Psyshock|p2b: Sneasler\n|-activate|p2b: Sneasler|move: Protect\n|move|p2a: Milotic|Chilling Water|p1a: Sneasler\n|-supereffective|p1a: Sneasler\n|-damage|p1a: Sneasler|30\/100\n|-unboost|p1a: Sneasler|atk|1\n|\n|upkeep\n|turn|7\n|\n|t:|1700106367\n|switch|p2b: Chandelure|Chandelure, L50, M|100\/100\n|move|p1a: Sneasler|Protect|p1a: Sneasler\n|-singleturn|p1a: Sneasler|Protect\n|move|p1b: Indeedee|Psyshock|p2b: Chandelure\n|-crit|p2b: Chandelure\n|-damage|p2b: Chandelure|38\/100\n|move|p2a: Milotic|Chilling Water|p1a: Sneasler\n|-activate|p1a: Sneasler|move: Protect\n|\n|upkeep\n|turn|8\n|\n|t:|1700106392\n|move|p1b: Indeedee|Follow Me|p1b: Indeedee\n|-singleturn|p1b: Indeedee|move: Follow Me\n|move|p1a: Sneasler|Rock Slide|p2b: Chandelure|[spread] p2a,p2b\n|-supereffective|p2b: Chandelure\n|-damage|p2a: Milotic|40\/100\n|-damage|p2b: Chandelure|0 fnt\n|faint|p2b: Chandelure\n|move|p2a: Milotic|Chilling Water|p1b: Indeedee\n|-damage|p1b: Indeedee|67\/100\n|-unboost|p1b: Indeedee|atk|1\n|\n|upkeep\n|\n|t:|1700106402\n|switch|p2b: Sneasler|Sneasler, L50, F|100\/100\n|-ability|p2b: Sneasler|Pressure\n|turn|9\n|\n|t:|1700106436\n|move|p2b: Sneasler|Protect|p2b: Sneasler\n|-singleturn|p2b: Sneasler|Protect\n|move|p1b: Indeedee|Follow Me|p1b: Indeedee\n|-singleturn|p1b: Indeedee|move: Follow Me\n|move|p1a: Sneasler|Rock Slide|p2a: Milotic|[spread] p2a\n|-activate|p2b: Sneasler|move: Protect\n|-damage|p2a: Milotic|29\/100\n|move|p2a: Milotic|Chilling Water|p1b: Indeedee\n|-damage|p1b: Indeedee|52\/100\n|-unboost|p1b: Indeedee|atk|1\n|\n|upkeep\n|turn|10\n|\n|t:|1700106464\n|move|p1b: Indeedee|Follow Me|p1b: Indeedee\n|-singleturn|p1b: Indeedee|move: Follow Me\n|move|p1a: Sneasler|Dire Claw|p2a: Milotic\n|-damage|p2a: Milotic|11\/100\n|move|p2b: Sneasler|Close Combat|p1b: Indeedee\n|-damage|p1b: Indeedee|0 fnt\n|-unboost|p2b: Sneasler|def|1\n|-unboost|p2b: Sneasler|spd|1\n|-damage|p2b: Sneasler|84\/100|[from] item: Rocky Helmet|[of] p1b: Indeedee\n|faint|p1b: Indeedee\n|move|p2a: Milotic|Recover|p2a: Milotic\n|-heal|p2a: Milotic|61\/100\n|\n|upkeep\n|\n|t:|1700106476\n|switch|p1b: Urshifu|Urshifu-Rapid-Strike, L50, M|100\/100 brn\n|turn|11\n|\n|t:|1700106504\n|move|p1a: Sneasler|Protect|p1a: Sneasler\n|-singleturn|p1a: Sneasler|Protect\n|move|p1b: Urshifu|Surging Strikes|p2b: Sneasler\n|-crit|p2b: Sneasler\n|-damage|p2b: Sneasler|57\/100\n|-crit|p2b: Sneasler\n|-damage|p2b: Sneasler|29\/100\n|-crit|p2b: Sneasler\n|-damage|p2b: Sneasler|3\/100\n|-hitcount|p2b: Sneasler|3\n|move|p2b: Sneasler|Close Combat|p1a: Sneasler\n|-activate|p1a: Sneasler|move: Protect\n|move|p2a: Milotic|Chilling Water|p1b: Urshifu\n|-resisted|p1b: Urshifu\n|-damage|p1b: Urshifu|89\/100 brn\n|-unboost|p1b: Urshifu|atk|1\n|\n|-damage|p1b: Urshifu|83\/100 brn|[from] brn\n|upkeep\n|turn|12\n|\n|t:|1700106529\n|move|p1a: Sneasler|Rock Slide|p2b: Sneasler|[spread] p2a,p2b\n|-resisted|p2b: Sneasler\n|-damage|p2a: Milotic|50\/100\n|-damage|p2b: Sneasler|0 fnt\n|faint|p2b: Sneasler\n|move|p1b: Urshifu|Surging Strikes|p2a: Milotic\n|-resisted|p2a: Milotic\n|-crit|p2a: Milotic\n|-damage|p2a: Milotic|47\/100\n|-resisted|p2a: Milotic\n|-crit|p2a: Milotic\n|-damage|p2a: Milotic|43\/100\n|-resisted|p2a: Milotic\n|-crit|p2a: Milotic\n|-damage|p2a: Milotic|39\/100\n|-hitcount|p2a: Milotic|3\n|move|p2a: Milotic|Chilling Water|p1a: Sneasler\n|-supereffective|p1a: Sneasler\n|-damage|p1a: Sneasler|0 fnt\n|faint|p1a: Sneasler\n|\n|-damage|p1b: Urshifu|77\/100 brn|[from] brn\n|upkeep\n|turn|13\n|\n|t:|1700106546\n|move|p1b: Urshifu|Surging Strikes|p2a: Milotic\n|-resisted|p2a: Milotic\n|-crit|p2a: Milotic\n|-damage|p2a: Milotic|35\/100\n|-resisted|p2a: Milotic\n|-crit|p2a: Milotic\n|-damage|p2a: Milotic|31\/100\n|-resisted|p2a: Milotic\n|-crit|p2a: Milotic\n|-damage|p2a: Milotic|26\/100\n|-hitcount|p2a: Milotic|3\n|move|p2a: Milotic|Recover|p2a: Milotic\n|-heal|p2a: Milotic|76\/100\n|\n|-damage|p1b: Urshifu|71\/100 brn|[from] brn\n|upkeep\n|turn|14\n|-message|docilellama forfeited.\n|\n|win|ShadowTriad Lazer\n|raw|docilellama's rating: 1087 &rarr; <strong>1068<\/strong><br \/>(-19 for losing)\n|raw|ShadowTriad Lazer's rating: 1147 &rarr; <strong>1168<\/strong><br \/>(+21 for winning)\n|l|\u2606docilellama\n","uploadtime":1700106563,"views":19,"p1id":"docilellama","p2id":"shadowtriadlazer","formatid":"gen9vgc2023regulatione","rating":1068,"private":0,"password":""}