{"id":"gen9vgc2023regulatione-1995306393","p1":"spyr0technic","p2":"bruh1969","format":"[Gen 9] VGC 2023 Regulation E","log":"|j|\u2606spyr0technic\n|j|\u2606bruh1969\n|t:|1700550661\n|gametype|doubles\n|player|p1|spyr0technic|brycen|1307\n|player|p2|bruh1969|harlequin|1232\n|teamsize|p1|6\n|teamsize|p2|6\n|gen|9\n|tier|[Gen 9] VGC 2023 Regulation E\n|rated|\n|rule|Species Clause: Limit one of each Pok\u00e9mon\n|rule|Item Clause: Limit one of each item\n|clearpoke\n|poke|p1|Tornadus, L50, M|\n|poke|p1|Enamorus, L50, F|\n|poke|p1|Ting-Lu, L50|\n|poke|p1|Arcanine-Hisui, L50, M|\n|poke|p1|Urshifu-*, L50, M|\n|poke|p1|Amoonguss, L50, F|\n|poke|p2|Iron Moth, L50|\n|poke|p2|Flutter Mane, L50|\n|poke|p2|Iron Hands, L50|\n|poke|p2|Landorus-Therian, L50, M|\n|poke|p2|Weezing, L50, F|\n|poke|p2|Ogerpon-Wellspring, L50, F|\n|teampreview|4\n|inactive|Battle timer is ON: inactive players will automatically lose when time's up. (requested by spyr0technic)\n|inactive|spyr0technic has 60 seconds left.\n|inactive|bruh1969 has 60 seconds left.\nbruh1969 rejected open team sheets.\n|\n|t:|1700550698\n|start\n|switch|p1a: Tornadus|Tornadus, L50, M|100\/100\n|switch|p1b: Enamorus|Enamorus, L50, F|100\/100\n|switch|p2a: Weezing|Weezing, L50, F|100\/100\n|switch|p2b: Landorus|Landorus-Therian, L50, M|100\/100\n|-ability|p2a: Weezing|Neutralizing Gas\n|-block|p2b: Landorus|item: Ability Shield\n|-ability|p2b: Landorus|Intimidate|boost\n|-unboost|p1a: Tornadus|atk|1\n|-unboost|p1b: Enamorus|atk|1\n|turn|1\n|inactive|spyr0technic has 30 seconds left.\n|inactive|spyr0technic has 20 seconds left.\n|\n|t:|1700550735\n|switch|p1b: Ting-Lu|Ting-Lu, L50|100\/100\n|move|p1a: Tornadus|Taunt|p2a: Weezing\n|-start|p2a: Weezing|move: Taunt\n|move|p2b: Landorus|Rock Slide|p1a: Tornadus|[spread] p1a,p1b\n|-supereffective|p1a: Tornadus\n|-resisted|p1b: Ting-Lu\n|-damage|p1a: Tornadus|33\/100\n|-damage|p1b: Ting-Lu|96\/100\n|move|p2a: Weezing|Sludge Bomb|p1b: Ting-Lu\n|-resisted|p1b: Ting-Lu\n|-damage|p1b: Ting-Lu|87\/100\n|-status|p1b: Ting-Lu|psn\n|\n|-heal|p1b: Ting-Lu|93\/100 psn|[from] item: Leftovers\n|-damage|p1b: Ting-Lu|81\/100 psn|[from] psn\n|upkeep\n|turn|2\n|inactive|bruh1969 has 30 seconds left.\n|inactive|bruh1969 has 20 seconds left.\n|\n|t:|1700550774\n|switch|p2b: Flutter Mane|Flutter Mane, L50|100\/100\n|-terastallize|p2a: Weezing|Flying\n|move|p1a: Tornadus|Tailwind|p1a: Tornadus\n|-sidestart|p1: spyr0technic|move: Tailwind\n|move|p1b: Ting-Lu|Earthquake|p2a: Weezing|[spread] p2b\n|-immune|p1a: Tornadus\n|-immune|p2a: Weezing\n|-damage|p2b: Flutter Mane|67\/100\n|move|p2a: Weezing|Sludge Bomb|p1a: Tornadus\n|-damage|p1a: Tornadus|0 fnt\n|faint|p1a: Tornadus\n|\n|-heal|p1b: Ting-Lu|87\/100 psn|[from] item: Leftovers\n|-damage|p1b: Ting-Lu|75\/100 psn|[from] psn\n|upkeep\n|\n|t:|1700550788\n|switch|p1a: Enamorus|Enamorus, L50, F|100\/100\n|turn|3\n|\n|t:|1700550801\n|move|p1a: Enamorus|Iron Head|p2b: Flutter Mane\n|-supereffective|p2b: Flutter Mane\n|-damage|p2b: Flutter Mane|7\/100\n|move|p2b: Flutter Mane|Draining Kiss|p1b: Ting-Lu\n|-supereffective|p1b: Ting-Lu\n|-damage|p1b: Ting-Lu|41\/100 psn\n|-heal|p2b: Flutter Mane|49\/100|[from] drain|[of] p1b: Ting-Lu\n|move|p1b: Ting-Lu|Ruination|p2a: Weezing\n|-damage|p2a: Weezing|50\/100\n|-enditem|p2a: Weezing|Sitrus Berry|[eat]\n|-heal|p2a: Weezing|75\/100|[from] item: Sitrus Berry\n|move|p2a: Weezing|Sludge Bomb|p1a: Enamorus\n|-supereffective|p1a: Enamorus\n|-damage|p1a: Enamorus|57\/100\n|\n|-heal|p1b: Ting-Lu|47\/100 psn|[from] item: Leftovers\n|-damage|p1b: Ting-Lu|34\/100 psn|[from] psn\n|-end|p2a: Weezing|move: Taunt\n|upkeep\n|turn|4\n|inactive|spyr0technic has 30 seconds left.\n|\n|t:|1700550832\n|-end|p2b: Flutter Mane|Protosynthesis|[silent]\n|switch|p2b: Landorus|Landorus-Therian, L50, M|100\/100\n|-ability|p2b: Landorus|Intimidate|boost\n|-unboost|p1a: Enamorus|atk|1\n|-unboost|p1b: Ting-Lu|atk|1\n|move|p1a: Enamorus|Zen Headbutt|p2a: Weezing\n|-damage|p2a: Weezing|63\/100\n|move|p1b: Ting-Lu|Throat Chop|p2b: Landorus\n|-damage|p2b: Landorus|79\/100\n|-start|p2b: Landorus|Throat Chop|[silent]\n|move|p2a: Weezing|Will-O-Wisp|p1a: Enamorus\n|-status|p1a: Enamorus|brn\n|\n|-heal|p1b: Ting-Lu|41\/100 psn|[from] item: Leftovers\n|-damage|p1b: Ting-Lu|28\/100 psn|[from] psn\n|-damage|p1a: Enamorus|50\/100 brn|[from] brn\n|upkeep\n|turn|5\n|\n|t:|1700550856\n|move|p1a: Enamorus|Play Rough|p2a: Weezing\n|-damage|p2a: Weezing|53\/100\n|move|p2b: Landorus|Stomping Tantrum|p1b: Ting-Lu\n|-damage|p1b: Ting-Lu|10\/100 psn\n|move|p1b: Ting-Lu|Ruination|p2b: Landorus\n|-damage|p2b: Landorus|40\/100\n|move|p2a: Weezing|Sludge Bomb|p1a: Enamorus\n|-supereffective|p1a: Enamorus\n|-damage|p1a: Enamorus|0 fnt\n|faint|p1a: Enamorus\n|\n|-heal|p1b: Ting-Lu|16\/100 psn|[from] item: Leftovers\n|-damage|p1b: Ting-Lu|4\/100 psn|[from] psn\n|-end|p2b: Landorus|Throat Chop|[silent]\n|-sideend|p1: spyr0technic|move: Tailwind\n|upkeep\n|\n|t:|1700550860\n|switch|p1a: Arcanine|Arcanine-Hisui, L50, M|100\/100\n|turn|6\n|inactive|spyr0technic has 30 seconds left.\n|\n|t:|1700550894\n|move|p2b: Landorus|Protect|p2b: Landorus\n|-singleturn|p2b: Landorus|Protect\n|move|p2a: Weezing|Protect|p2a: Weezing\n|-singleturn|p2a: Weezing|Protect\n|move|p1a: Arcanine|Rock Slide|p2a: Weezing|[spread] \n|-activate|p2a: Weezing|move: Protect\n|-activate|p2b: Landorus|move: Protect\n|move|p1b: Ting-Lu|Throat Chop|p2b: Landorus\n|-activate|p2b: Landorus|move: Protect\n|\n|-heal|p1b: Ting-Lu|10\/100 psn|[from] item: Leftovers\n|-damage|p1b: Ting-Lu|0 fnt|[from] psn\n|faint|p1b: Ting-Lu\n|upkeep\n|turn|7\n|inactive|bruh1969 has 30 seconds left.\n|inactive|bruh1969 has 20 seconds left.\n|inactive|bruh1969 has 15 seconds left.\n|\n|t:|1700550937\n|switch|p2b: Iron Moth|Iron Moth, L50|100\/100\n|-enditem|p2b: Iron Moth|Booster Energy\n|-activate|p2b: Iron Moth|ability: Quark Drive|[fromitem]\n|-start|p2b: Iron Moth|quarkdrivespe\n|move|p1a: Arcanine|Rock Slide|p2a: Weezing|[spread] p2a\n|-miss|p1a: Arcanine|p2b: Iron Moth\n|-supereffective|p2a: Weezing\n|-damage|p2a: Weezing|0 fnt\n|faint|p2a: Weezing\n|-end|p2a: Weezing|ability: Neutralizing Gas\n|-ability|p1a: Arcanine|Intimidate|boost\n|-unboost|p2b: Iron Moth|atk|1\n|\n|upkeep\n|\n|t:|1700550950\n|switch|p2a: Landorus|Landorus-Therian, L50, M|40\/100\n|-ability|p2a: Landorus|Intimidate|boost\n|-unboost|p1a: Arcanine|atk|1\n|turn|8\n|\n|t:|1700550958\n|move|p2b: Iron Moth|Acid Spray|p1a: Arcanine\n|-resisted|p1a: Arcanine\n|-crit|p1a: Arcanine\n|-damage|p1a: Arcanine|80\/100\n|-unboost|p1a: Arcanine|spd|2\n|move|p2a: Landorus|Stomping Tantrum|p1a: Arcanine\n|-supereffective|p1a: Arcanine\n|-damage|p1a: Arcanine|0 fnt\n|faint|p1a: Arcanine\n|\n|win|bruh1969\n|raw|spyr0technic's rating: 1307 &rarr; <strong>1283<\/strong><br \/>(-24 for losing)\n|raw|bruh1969's rating: 1232 &rarr; <strong>1262<\/strong><br \/>(+30 for winning)\n|l|\u2606spyr0technic\n","uploadtime":1700550993,"views":3,"p1id":"spyr0technic","p2id":"bruh1969","formatid":"gen9vgc2023regulatione","rating":1262,"private":0,"password":""}