{"id":"gen9vgc2023regulatione-1993158495","p1":"N4N0vgc","p2":"RotovicVGC","format":"[Gen 9] VGC 2023 Regulation E","log":"|j|\u2606N4N0vgc\n|j|\u2606RotovicVGC\n|n|\u2606N4N0vgc|n4n0vgc\n|n|\u2606RotovicVGC|rotovicvgc\n|html|View the match progress at <a href=\"\/game-bestof3-gen9vgc2023regulatione-1993158494\">game-bestof3-gen9vgc2023regulatione-1993158494<\/a>\n|t:|1700271863\n|gametype|doubles\n|player|p1|N4N0vgc|guzma|\n|player|p2|RotovicVGC|170|\n|teamsize|p1|6\n|teamsize|p2|6\n|gen|9\n|tier|[Gen 9] VGC 2023 Regulation E\n|rule|Species Clause: Limit one of each Pok\u00e9mon\n|rule|Item Clause: Limit one of each item\n|clearpoke\n|poke|p1|Tornadus, L50, M|\n|poke|p1|Arcanine-Hisui, L50, M|\n|poke|p1|Rillaboom, L50, M|\n|poke|p1|Flutter Mane, L50|\n|poke|p1|Urshifu-*, L50, M|\n|poke|p1|Chien-Pao, L50|\n|poke|p2|Tornadus, L50, M|\n|poke|p2|Urshifu-*, L50, M|\n|poke|p2|Chien-Pao, L50|\n|poke|p2|Arcanine-Hisui, L50, F|\n|poke|p2|Rillaboom, L50, F|\n|poke|p2|Flutter Mane, L50|\n|teampreview|4\nN4N0vgc has agreed to open team sheets.\nRotovicVGC has agreed to open team sheets.\n|showteam|p1|Tornadus||RockyHelmet|Prankster|BleakwindStorm,Taunt,Tailwind,RainDance|||M|||50|,,,,,Ghost]Arcanine-Hisui||ChoiceBand|Intimidate|ExtremeSpeed,FlareBlitz,RockSlide,TeraBlast|||M|||50|,,,,,Fairy]Rillaboom||AssaultVest|GrassySurge|FakeOut,WoodHammer,GrassyGlide,Uturn|||M|||50|,,,,,Fire]Flutter Mane||BoosterEnergy|Protosynthesis|Moonblast,DazzlingGleam,ShadowBall,Protect||||||50|,,,,,Fairy]Urshifu-Rapid-Strike||MysticWater|UnseenFist|Detect,SurgingStrikes,CloseCombat,AquaJet|||M|||50|,,,,,Water]Chien-Pao||FocusSash|SwordofRuin|SuckerPunch,IcicleCrash,SacredSword,Protect||||||50|,,,,,Ghost\n|showteam|p2|Tornadus||RockyHelmet|Prankster|BleakwindStorm,Tailwind,Taunt,RainDance|||M|||50|,,,,,Ghost]Urshifu-Rapid-Strike||ChoiceScarf|UnseenFist|SurgingStrikes,CloseCombat,Uturn,AquaJet|||M|||50|,,,,,Water]Chien-Pao||FocusSash|SwordofRuin|SuckerPunch,IcicleCrash,Protect,SacredSword||||||50|,,,,,Ghost]Arcanine-Hisui||ChoiceBand|Intimidate|ExtremeSpeed,FlareBlitz,RockSlide,TeraBlast|||F|||50|,,,,,Fairy]Rillaboom||AssaultVest|GrassySurge|FakeOut,GrassyGlide,Uturn,WoodHammer|||F|||50|,,,,,Poison]Flutter Mane||BoosterEnergy|Protosynthesis|DazzlingGleam,ShadowBall,Moonblast,Protect||||||50|,,,,,Fairy\n|c|\u2606N4N0vgc|Glhf\n|inactive|Battle timer is ON: inactive players will automatically lose when time's up. (requested by N4N0vgc)\n|c|\u2606RotovicVGC|Glhf\n|inactive|N4N0vgc has 60 seconds left.\n|inactive|RotovicVGC has 60 seconds left.\n|inactive|N4N0vgc has 30 seconds left.\n|\n|t:|1700271964\n|start\n|switch|p1a: Lakitu|Tornadus, L50, M, shiny|100\/100\n|switch|p1b: George|Arcanine-Hisui, L50, M, shiny|100\/100\n|switch|p2a: Tornadus|Tornadus, L50, M|100\/100\n|switch|p2b: Urshifu|Urshifu-Rapid-Strike, L50, M|100\/100\n|-ability|p1b: George|Intimidate|boost\n|-unboost|p2a: Tornadus|atk|1\n|-unboost|p2b: Urshifu|atk|1\n|turn|1\n|inactive|RotovicVGC has 30 seconds left.\n|j| Tampico11\n|inactive|RotovicVGC has 20 seconds left.\n|inactive|RotovicVGC has 15 seconds left.\n|c|\u2606N4N0vgc|TampiGOAT\n|inactive|RotovicVGC has 10 seconds left.\n|\n|t:|1700272010\n|-terastallize|p2b: Urshifu|Water\n|-terastallize|p1b: George|Fairy\n|move|p2b: Urshifu|Surging Strikes|p1b: George\n|-crit|p1b: George\n|-damage|p1b: George|66\/100\n|-crit|p1b: George\n|-damage|p1b: George|35\/100\n|-crit|p1b: George\n|-damage|p1b: George|0 fnt\n|faint|p1b: George\n|-hitcount|p1: George|3\n|move|p1a: Lakitu|Bleakwind Storm|p2a: Tornadus|[spread] p2a,p2b\n|-damage|p2a: Tornadus|63\/100\n|-damage|p2b: Urshifu|56\/100\n|-unboost|p2a: Tornadus|spe|1\n|move|p2a: Tornadus|Bleakwind Storm|p1a: Lakitu\n|-damage|p1a: Lakitu|64\/100\n|-unboost|p1a: Lakitu|spe|1\n|\n|upkeep\n|\n|t:|1700272024\n|switch|p1b: Funky Kong|Rillaboom, L50, M|100\/100\n|-fieldstart|move: Grassy Terrain|[from] ability: Grassy Surge|[of] p1b: Funky Kong\n|turn|2\n|\n|t:|1700272042\n|switch|p2b: Rillaboom|Rillaboom, L50, F|100\/100\n|move|p1a: Lakitu|Tailwind|p1a: Lakitu\n|-sidestart|p1: N4N0vgc|move: Tailwind\n|move|p2a: Tornadus|Tailwind|p2a: Tornadus\n|-sidestart|p2: RotovicVGC|move: Tailwind\n|move|p1b: Funky Kong|Wood Hammer|p2b: Rillaboom\n|-resisted|p2b: Rillaboom\n|-damage|p2b: Rillaboom|67\/100\n|-damage|p1b: Funky Kong|89\/100|[from] Recoil\n|\n|-heal|p2b: Rillaboom|73\/100|[from] Grassy Terrain\n|-heal|p1b: Funky Kong|95\/100|[from] Grassy Terrain\n|upkeep\n|turn|3\n|\n|t:|1700272060\n|move|p2b: Rillaboom|Fake Out|p1b: Funky Kong\n|-damage|p1b: Funky Kong|83\/100\n|cant|p1b: Funky Kong|flinch\n|move|p1a: Lakitu|Bleakwind Storm|p2a: Tornadus|[spread] p2a,p2b\n|-supereffective|p2b: Rillaboom\n|-damage|p2a: Tornadus|30\/100\n|-damage|p2b: Rillaboom|32\/100\n|move|p2a: Tornadus|Bleakwind Storm|p1a: Lakitu|[spread] p1a,p1b\n|-supereffective|p1b: Funky Kong\n|-damage|p1a: Lakitu|37\/100\n|-damage|p1b: Funky Kong|41\/100\n|-unboost|p1a: Lakitu|spe|1\n|\n|-heal|p2b: Rillaboom|38\/100|[from] Grassy Terrain\n|-heal|p1b: Funky Kong|47\/100|[from] Grassy Terrain\n|upkeep\n|turn|4\n|inactive|RotovicVGC has 30 seconds left.\n|inactive|RotovicVGC has 20 seconds left.\n|inactive|RotovicVGC has 15 seconds left.\n|inactive|RotovicVGC has 10 seconds left.\n|\n|t:|1700272107\n|move|p2b: Rillaboom|Grassy Glide|p1b: Funky Kong\n|-resisted|p1b: Funky Kong\n|-damage|p1b: Funky Kong|32\/100\n|move|p1b: Funky Kong|Wood Hammer|p2a: Tornadus\n|-resisted|p2a: Tornadus\n|-damage|p2a: Tornadus|0 fnt\n|-damage|p1b: Funky Kong|15\/100|[from] item: Rocky Helmet|[of] p2a: Tornadus\n|faint|p2a: Tornadus\n|-damage|p1b: Funky Kong|6\/100|[from] Recoil\n|move|p1a: Lakitu|Bleakwind Storm|p2b: Rillaboom\n|-supereffective|p2b: Rillaboom\n|-damage|p2b: Rillaboom|0 fnt\n|faint|p2b: Rillaboom\n|\n|-heal|p1b: Funky Kong|12\/100|[from] Grassy Terrain\n|upkeep\n|\n|t:|1700272131\n|switch|p2a: Urshifu|Urshifu-Rapid-Strike, L50, M, tera:Water|56\/100\n|switch|p2b: Chien-Pao|Chien-Pao, L50|100\/100\n|-ability|p2b: Chien-Pao|Sword of Ruin\n|turn|5\n|\n|t:|1700272151\n|switch|p1b: Cari\u00f1OSO|Urshifu-Rapid-Strike, L50, M|100\/100\n|move|p2b: Chien-Pao|Sucker Punch||[still]\n|-fail|p2b: Chien-Pao\n|move|p1a: Lakitu|Tailwind||[still]\n|-fail|p1a: Lakitu\n|move|p2a: Urshifu|Surging Strikes|p1a: Lakitu\n|-crit|p1a: Lakitu\n|-damage|p1a: Lakitu|0 fnt\n|-damage|p2a: Urshifu|40\/100|[from] item: Rocky Helmet|[of] p1a: Lakitu\n|faint|p1a: Lakitu\n|-hitcount|p1: Lakitu|1\n|\n|-heal|p2a: Urshifu|45\/100|[from] Grassy Terrain\n|-sideend|p2: RotovicVGC|move: Tailwind\n|-sideend|p1: N4N0vgc|move: Tailwind\n|upkeep\n|l| Tampico11\n|\n|t:|1700272155\n|switch|p1a: Funky Kong|Rillaboom, L50, M|12\/100\n|turn|6\n|inactive|RotovicVGC has 30 seconds left.\n|inactive|RotovicVGC has 20 seconds left.\n|inactive|RotovicVGC has 15 seconds left.\n|inactive|RotovicVGC has 10 seconds left.\n|j| Tampico11\n|\n|t:|1700272202\n|move|p2b: Chien-Pao|Protect|p2b: Chien-Pao\n|-singleturn|p2b: Chien-Pao|Protect\n|move|p1a: Funky Kong|Fake Out|p2b: Chien-Pao\n|-activate|p2b: Chien-Pao|move: Protect\n|move|p2a: Urshifu|Surging Strikes|p1a: Funky Kong\n|-resisted|p1a: Funky Kong\n|-crit|p1a: Funky Kong\n|-damage|p1a: Funky Kong|0 fnt\n|faint|p1a: Funky Kong\n|-hitcount|p1: Funky Kong|1\n|move|p1b: Cari\u00f1OSO|Surging Strikes|p2b: Chien-Pao\n|-crit|p2b: Chien-Pao\n|-damage|p2b: Chien-Pao|63\/100\n|-crit|p2b: Chien-Pao\n|-damage|p2b: Chien-Pao|26\/100\n|-crit|p2b: Chien-Pao\n|-damage|p2b: Chien-Pao|0 fnt\n|faint|p2b: Chien-Pao\n|-hitcount|p2: Chien-Pao|3\n|\n|-heal|p2a: Urshifu|51\/100|[from] Grassy Terrain\n|-fieldend|move: Grassy Terrain\n|upkeep\n|turn|7\n|\n|t:|1700272217\n|move|p2a: Urshifu|Surging Strikes|p1b: Cari\u00f1OSO\n|-resisted|p1b: Cari\u00f1OSO\n|-crit|p1b: Cari\u00f1OSO\n|-damage|p1b: Cari\u00f1OSO|88\/100\n|-resisted|p1b: Cari\u00f1OSO\n|-crit|p1b: Cari\u00f1OSO\n|-damage|p1b: Cari\u00f1OSO|75\/100\n|-resisted|p1b: Cari\u00f1OSO\n|-crit|p1b: Cari\u00f1OSO\n|-damage|p1b: Cari\u00f1OSO|61\/100\n|-hitcount|p1b: Cari\u00f1OSO|3\n|move|p1b: Cari\u00f1OSO|Close Combat|p2a: Urshifu\n|-damage|p2a: Urshifu|0 fnt\n|-unboost|p1b: Cari\u00f1OSO|def|1\n|-unboost|p1b: Cari\u00f1OSO|spd|1\n|faint|p2a: Urshifu\n|\n|win|N4N0vgc\n|c|&|\/uhtml prompt-rotovicvgc,RotovicVGC is ready for game 2!\n|c|&|\/uhtml prompt-n4n0vgc,N4N0vgc is ready for game 2!\nBoth players are ready! Starting next match!\n|l|\u2606N4N0vgc\n","uploadtime":1700272524,"views":8,"p1id":"n4n0vgc","p2id":"rotovicvgc","formatid":"gen9vgc2023regulatione","rating":0,"private":0,"password":""}