{"id":"gen9vgc2023regulatione-1988797569","p1":"Alienatedfob1","p2":"TreTrainer5252","format":"[Gen 9] VGC 2023 Regulation E","log":"|j|\u2606Alienatedfob1\n|j|\u2606TreTrainer5252\n|t:|1699764579\n|gametype|doubles\n|player|p1|Alienatedfob1|riley|1183\n|player|p2|TreTrainer5252|169|1211\n|teamsize|p1|6\n|teamsize|p2|6\n|gen|9\n|tier|[Gen 9] VGC 2023 Regulation E\n|rated|\n|rule|Species Clause: Limit one of each Pok\u00e9mon\n|rule|Item Clause: Limit one of each item\n|clearpoke\n|poke|p1|Flutter Mane, L50|\n|poke|p1|Ogerpon-Hearthflame, L50, F|\n|poke|p1|Iron Hands, L50|\n|poke|p1|Tornadus, L50, M|\n|poke|p1|Urshifu-*, L50, F|\n|poke|p1|Rillaboom, L50, M|\n|poke|p2|Wo-Chien, L50|\n|poke|p2|Cresselia, L50, F|\n|poke|p2|Arcanine-Hisui, L50, M|\n|poke|p2|Baxcalibur, L50, F|\n|poke|p2|Iron Hands, L50|\n|poke|p2|Rillaboom, L50, M|\n|teampreview|4\n|\n|t:|1699764626\n|start\n|switch|p1a: Flutter Mane|Flutter Mane, L50|100\/100\n|switch|p1b: Urshifu|Urshifu-Rapid-Strike, L50, F|100\/100\n|switch|p2a: Wo-Chien|Wo-Chien, L50|100\/100\n|switch|p2b: Arcanine|Arcanine-Hisui, L50, M, shiny|100\/100\n|-ability|p2b: Arcanine|Intimidate|boost\n|-unboost|p1a: Flutter Mane|atk|1\n|-unboost|p1b: Urshifu|atk|1\n|-ability|p2a: Wo-Chien|Tablets of Ruin\n|turn|1\n|\n|t:|1699764653\n|switch|p2b: Cresselia|Cresselia, L50, F|100\/100\n|-terastallize|p1a: Flutter Mane|Fairy\n|-terastallize|p2a: Wo-Chien|Poison\n|move|p1b: Urshifu|Surging Strikes|p2b: Cresselia\n|-crit|p2b: Cresselia\n|-damage|p2b: Cresselia|92\/100\n|-crit|p2b: Cresselia\n|-damage|p2b: Cresselia|82\/100\n|-crit|p2b: Cresselia\n|-damage|p2b: Cresselia|73\/100\n|-hitcount|p2b: Cresselia|3\n|move|p1a: Flutter Mane|Moonblast|p2a: Wo-Chien\n|-resisted|p2a: Wo-Chien\n|-damage|p2a: Wo-Chien|69\/100\n|-unboost|p2a: Wo-Chien|spa|1\n|move|p2a: Wo-Chien|Leech Seed|p1a: Flutter Mane\n|-start|p1a: Flutter Mane|move: Leech Seed\n|\n|-heal|p2a: Wo-Chien|74\/100|[from] item: Leftovers\n|-damage|p1a: Flutter Mane|88\/100|[from] Leech Seed|[of] p2a: Wo-Chien\n|-heal|p2a: Wo-Chien|83\/100|[silent]\n|upkeep\n|turn|2\n|\n|t:|1699764680\n|-end|p1a: Flutter Mane|Protosynthesis|[silent]\n|switch|p1a: Rillaboom|Rillaboom, L50, M|100\/100\n|-fieldstart|move: Grassy Terrain|[from] ability: Grassy Surge|[of] p1a: Rillaboom\n|switch|p2b: Arcanine|Arcanine-Hisui, L50, M, shiny|100\/100\n|-ability|p2b: Arcanine|Intimidate|boost\n|-unboost|p1a: Rillaboom|atk|1\n|-unboost|p1b: Urshifu|atk|1\n|move|p1b: Urshifu|Surging Strikes|p2a: Wo-Chien\n|-crit|p2a: Wo-Chien\n|-damage|p2a: Wo-Chien|70\/100\n|-crit|p2a: Wo-Chien\n|-damage|p2a: Wo-Chien|59\/100\n|-crit|p2a: Wo-Chien\n|-damage|p2a: Wo-Chien|49\/100\n|-hitcount|p2a: Wo-Chien|3\n|move|p2a: Wo-Chien|Leech Seed|p1b: Urshifu\n|-start|p1b: Urshifu|move: Leech Seed\n|\n|-heal|p2a: Wo-Chien|55\/100|[from] Grassy Terrain\n|-heal|p2a: Wo-Chien|61\/100|[from] item: Leftovers\n|-damage|p1b: Urshifu|88\/100|[from] Leech Seed|[of] p2a: Wo-Chien\n|-heal|p2a: Wo-Chien|72\/100|[silent]\n|upkeep\n|turn|3\n|\n|t:|1699764705\n|switch|p1b: Flutter Mane|Flutter Mane, L50, tera:Fairy|88\/100\n|switch|p2b: Cresselia|Cresselia, L50, F|73\/100\n|move|p2a: Wo-Chien|Protect|p2a: Wo-Chien\n|-singleturn|p2a: Wo-Chien|Protect\n|move|p1a: Rillaboom|Fake Out|p2b: Cresselia\n|-damage|p2b: Cresselia|68\/100\n|\n|-heal|p1b: Flutter Mane|94\/100|[from] Grassy Terrain\n|-heal|p2a: Wo-Chien|77\/100|[from] Grassy Terrain\n|-heal|p2a: Wo-Chien|83\/100|[from] item: Leftovers\n|upkeep\n|turn|4\n|\n|t:|1699764728\n|move|p1b: Flutter Mane|Shadow Ball|p2b: Cresselia\n|-supereffective|p2b: Cresselia\n|-damage|p2b: Cresselia|0 fnt\n|faint|p2b: Cresselia\n|move|p1a: Rillaboom|High Horsepower|p2a: Wo-Chien\n|-supereffective|p2a: Wo-Chien\n|-damage|p2a: Wo-Chien|57\/100\n|move|p2a: Wo-Chien|Leech Seed|p1b: Flutter Mane\n|-start|p1b: Flutter Mane|move: Leech Seed\n|\n|-heal|p1b: Flutter Mane|100\/100|[from] Grassy Terrain\n|-heal|p2a: Wo-Chien|63\/100|[from] Grassy Terrain\n|-heal|p2a: Wo-Chien|69\/100|[from] item: Leftovers\n|-damage|p1b: Flutter Mane|88\/100|[from] Leech Seed|[of] p2a: Wo-Chien\n|-heal|p2a: Wo-Chien|77\/100|[silent]\n|upkeep\n|\n|t:|1699764742\n|switch|p2b: Baxcalibur|Baxcalibur, L50, F|100\/100\n|turn|5\n|\n|t:|1699764775\n|-end|p1b: Flutter Mane|Protosynthesis|[silent]\n|switch|p1b: Iron Hands|Iron Hands, L50|100\/100\n|switch|p2b: Arcanine|Arcanine-Hisui, L50, M, shiny|100\/100\n|-ability|p2b: Arcanine|Intimidate|boost\n|-unboost|p1a: Rillaboom|atk|1\n|-unboost|p1b: Iron Hands|atk|1\n|move|p1a: Rillaboom|High Horsepower|p2a: Wo-Chien\n|-supereffective|p2a: Wo-Chien\n|-damage|p2a: Wo-Chien|59\/100\n|move|p2a: Wo-Chien|Ruination|p1b: Iron Hands\n|-damage|p1b: Iron Hands|51\/100\n|\n|-heal|p2a: Wo-Chien|65\/100|[from] Grassy Terrain\n|-heal|p2a: Wo-Chien|71\/100|[from] item: Leftovers\n|-heal|p1b: Iron Hands|57\/100|[from] Grassy Terrain\n|upkeep\n|turn|6\n|\n|t:|1699764808\n|switch|p1a: Urshifu|Urshifu-Rapid-Strike, L50, F|88\/100\n|switch|p2b: Baxcalibur|Baxcalibur, L50, F|100\/100\n|move|p1b: Iron Hands|Fake Out|p2b: Baxcalibur\n|-damage|p2b: Baxcalibur|92\/100\n|move|p2a: Wo-Chien|Leech Seed|p1b: Iron Hands|[miss]\n|-miss|p2a: Wo-Chien|p1b: Iron Hands\n|\n|-heal|p1a: Urshifu|94\/100|[from] Grassy Terrain\n|-heal|p2b: Baxcalibur|98\/100|[from] Grassy Terrain\n|-heal|p2a: Wo-Chien|76\/100|[from] Grassy Terrain\n|-heal|p2a: Wo-Chien|82\/100|[from] item: Leftovers\n|-heal|p1b: Iron Hands|63\/100|[from] Grassy Terrain\n|-fieldend|move: Grassy Terrain\n|upkeep\n|turn|7\n|\n|t:|1699764826\n|switch|p2b: Arcanine|Arcanine-Hisui, L50, M, shiny|100\/100\n|-ability|p2b: Arcanine|Intimidate|boost\n|-unboost|p1a: Urshifu|atk|1\n|-unboost|p1b: Iron Hands|atk|1\n|move|p1a: Urshifu|Surging Strikes|p2a: Wo-Chien\n|-crit|p2a: Wo-Chien\n|-damage|p2a: Wo-Chien|71\/100\n|-crit|p2a: Wo-Chien\n|-damage|p2a: Wo-Chien|60\/100\n|-crit|p2a: Wo-Chien\n|-damage|p2a: Wo-Chien|49\/100\n|-hitcount|p2a: Wo-Chien|3\n|move|p2a: Wo-Chien|Leech Seed|p1a: Urshifu|[miss]\n|-miss|p2a: Wo-Chien|p1a: Urshifu\n|move|p1b: Iron Hands|Drain Punch|p2b: Arcanine\n|-supereffective|p2b: Arcanine\n|-damage|p2b: Arcanine|60\/100\n|-heal|p1b: Iron Hands|77\/100|[from] drain|[of] p2b: Arcanine\n|\n|-heal|p2a: Wo-Chien|55\/100|[from] item: Leftovers\n|upkeep\n|turn|8\n|inactive|Battle timer is ON: inactive players will automatically lose when time's up. (requested by TreTrainer5252)\n|\n|t:|1699764848\n|-end|p1b: Iron Hands|Quark Drive|[silent]\n|switch|p1b: Rillaboom|Rillaboom, L50, M|100\/100\n|-fieldstart|move: Grassy Terrain|[from] ability: Grassy Surge|[of] p1b: Rillaboom\n|move|p1a: Urshifu|Surging Strikes|p2b: Arcanine\n|-supereffective|p2b: Arcanine\n|-crit|p2b: Arcanine\n|-damage|p2b: Arcanine|0 fnt\n|faint|p2b: Arcanine\n|-hitcount|p2: Arcanine|1\n|move|p2a: Wo-Chien|Leech Seed|p1a: Urshifu\n|-start|p1a: Urshifu|move: Leech Seed\n|\n|-heal|p1a: Urshifu|99\/100|[from] Grassy Terrain\n|-heal|p2a: Wo-Chien|61\/100|[from] Grassy Terrain\n|-heal|p2a: Wo-Chien|66\/100|[from] item: Leftovers\n|-damage|p1a: Urshifu|88\/100|[from] Leech Seed|[of] p2a: Wo-Chien\n|-heal|p2a: Wo-Chien|77\/100|[silent]\n|upkeep\n|\n|t:|1699764854\n|switch|p2b: Baxcalibur|Baxcalibur, L50, F|98\/100\n|turn|9\n|\n|t:|1699764871\n|switch|p1a: Iron Hands|Iron Hands, L50|77\/100\n|move|p2b: Baxcalibur|Protect|p2b: Baxcalibur\n|-singleturn|p2b: Baxcalibur|Protect\n|move|p1b: Rillaboom|Fake Out|p2a: Wo-Chien\n|-damage|p2a: Wo-Chien|70\/100\n|cant|p2a: Wo-Chien|flinch\n|\n|-heal|p2b: Baxcalibur|100\/100|[from] Grassy Terrain\n|-heal|p2a: Wo-Chien|76\/100|[from] Grassy Terrain\n|-heal|p2a: Wo-Chien|82\/100|[from] item: Leftovers\n|-heal|p1a: Iron Hands|83\/100|[from] Grassy Terrain\n|upkeep\n|turn|10\n|\n|t:|1699764889\n|move|p2b: Baxcalibur|Protect||[still]\n|-fail|p2b: Baxcalibur\n|move|p1a: Iron Hands|Fake Out|p2b: Baxcalibur\n|-damage|p2b: Baxcalibur|90\/100\n|move|p1b: Rillaboom|High Horsepower|p2a: Wo-Chien|[miss]\n|-miss|p1b: Rillaboom|p2a: Wo-Chien\n|move|p2a: Wo-Chien|Ruination|p1b: Rillaboom\n|-damage|p1b: Rillaboom|51\/100\n|\n|-heal|p1b: Rillaboom|57\/100|[from] Grassy Terrain\n|-heal|p2b: Baxcalibur|96\/100|[from] Grassy Terrain\n|-heal|p2a: Wo-Chien|87\/100|[from] Grassy Terrain\n|-heal|p2a: Wo-Chien|93\/100|[from] item: Leftovers\n|-heal|p1a: Iron Hands|89\/100|[from] Grassy Terrain\n|upkeep\n|turn|11\n|\n|t:|1699764910\n|move|p2b: Baxcalibur|Ice Shard|p1b: Rillaboom\n|-supereffective|p1b: Rillaboom\n|-damage|p1b: Rillaboom|15\/100\n|move|p1b: Rillaboom|High Horsepower|p2a: Wo-Chien\n|-supereffective|p2a: Wo-Chien\n|-damage|p2a: Wo-Chien|58\/100\n|move|p2a: Wo-Chien|Leech Seed|p1a: Iron Hands\n|-start|p1a: Iron Hands|move: Leech Seed\n|move|p1a: Iron Hands|Drain Punch|p2b: Baxcalibur\n|-supereffective|p2b: Baxcalibur\n|-damage|p2b: Baxcalibur|31\/100\n|-heal|p1a: Iron Hands|100\/100|[from] drain|[of] p2b: Baxcalibur\n|\n|-heal|p1b: Rillaboom|21\/100|[from] Grassy Terrain\n|-heal|p2b: Baxcalibur|36\/100|[from] Grassy Terrain\n|-heal|p2a: Wo-Chien|63\/100|[from] Grassy Terrain\n|-heal|p2a: Wo-Chien|69\/100|[from] item: Leftovers\n|-damage|p1a: Iron Hands|88\/100|[from] Leech Seed|[of] p2a: Wo-Chien\n|-heal|p2a: Wo-Chien|86\/100|[silent]\n|upkeep\n|turn|12\n|\n|t:|1699764928\n|switch|p1b: Urshifu|Urshifu-Rapid-Strike, L50, F|88\/100\n|move|p2b: Baxcalibur|Ice Shard|p1b: Urshifu\n|-resisted|p1b: Urshifu\n|-damage|p1b: Urshifu|78\/100\n|move|p2a: Wo-Chien|Ruination|p1a: Iron Hands|[miss]\n|-miss|p2a: Wo-Chien|p1a: Iron Hands\n|move|p1a: Iron Hands|Drain Punch|p2b: Baxcalibur\n|-supereffective|p2b: Baxcalibur\n|-damage|p2b: Baxcalibur|0 fnt\n|-heal|p1a: Iron Hands|100\/100|[from] drain|[of] p2b: Baxcalibur\n|faint|p2b: Baxcalibur\n|\n|-heal|p1b: Urshifu|83\/100|[from] Grassy Terrain\n|-heal|p2a: Wo-Chien|92\/100|[from] Grassy Terrain\n|-heal|p2a: Wo-Chien|97\/100|[from] item: Leftovers\n|-damage|p1a: Iron Hands|88\/100|[from] Leech Seed|[of] p2a: Wo-Chien\n|-heal|p2a: Wo-Chien|100\/100|[silent]\n|-fieldend|move: Grassy Terrain\n|upkeep\n|turn|13\n|\n|t:|1699764951\n|-end|p1a: Iron Hands|Quark Drive|[silent]\n|switch|p1a: Rillaboom|Rillaboom, L50, M|21\/100\n|-fieldstart|move: Grassy Terrain|[from] ability: Grassy Surge|[of] p1a: Rillaboom\n|move|p1b: Urshifu|Surging Strikes|p2a: Wo-Chien\n|-crit|p2a: Wo-Chien\n|-damage|p2a: Wo-Chien|91\/100\n|-crit|p2a: Wo-Chien\n|-damage|p2a: Wo-Chien|81\/100\n|-crit|p2a: Wo-Chien\n|-damage|p2a: Wo-Chien|69\/100\n|-hitcount|p2a: Wo-Chien|3\n|move|p2a: Wo-Chien|Leech Seed|p1b: Urshifu\n|-start|p1b: Urshifu|move: Leech Seed\n|\n|-heal|p1b: Urshifu|89\/100|[from] Grassy Terrain\n|-heal|p1a: Rillaboom|27\/100|[from] Grassy Terrain\n|-heal|p2a: Wo-Chien|75\/100|[from] Grassy Terrain\n|-heal|p2a: Wo-Chien|81\/100|[from] item: Leftovers\n|-damage|p1b: Urshifu|77\/100|[from] Leech Seed|[of] p2a: Wo-Chien\n|-heal|p2a: Wo-Chien|92\/100|[silent]\n|upkeep\n|turn|14\n|inactive|TreTrainer5252 has 30 seconds left.\n|inactive|TreTrainer5252 has 20 seconds left.\n|inactive|TreTrainer5252 has 15 seconds left.\n|\n|t:|1699764995\n|switch|p1b: Flutter Mane|Flutter Mane, L50, tera:Fairy|88\/100\n|move|p1a: Rillaboom|Fake Out|p2a: Wo-Chien\n|-damage|p2a: Wo-Chien|84\/100\n|cant|p2a: Wo-Chien|flinch\n|\n|-heal|p1b: Flutter Mane|94\/100|[from] Grassy Terrain\n|-heal|p1a: Rillaboom|32\/100|[from] Grassy Terrain\n|-heal|p2a: Wo-Chien|90\/100|[from] Grassy Terrain\n|-heal|p2a: Wo-Chien|95\/100|[from] item: Leftovers\n|upkeep\n|turn|15\n|\n|t:|1699765009\n|switch|p1a: Iron Hands|Iron Hands, L50|88\/100\n|move|p1b: Flutter Mane|Shadow Ball|p2a: Wo-Chien\n|-damage|p2a: Wo-Chien|49\/100\n|move|p2a: Wo-Chien|Pollen Puff|p1a: Iron Hands\n|-resisted|p1a: Iron Hands\n|-damage|p1a: Iron Hands|84\/100\n|\n|-heal|p1b: Flutter Mane|100\/100|[from] Grassy Terrain\n|-heal|p2a: Wo-Chien|55\/100|[from] Grassy Terrain\n|-heal|p2a: Wo-Chien|61\/100|[from] item: Leftovers\n|-heal|p1a: Iron Hands|90\/100|[from] Grassy Terrain\n|upkeep\n|turn|16\n|\n|t:|1699765027\n|move|p1a: Iron Hands|Fake Out|p2a: Wo-Chien\n|-damage|p2a: Wo-Chien|52\/100\n|move|p1b: Flutter Mane|Shadow Ball|p2a: Wo-Chien\n|-damage|p2a: Wo-Chien|4\/100\n|cant|p2a: Wo-Chien|flinch\n|\n|-heal|p2a: Wo-Chien|10\/100|[from] Grassy Terrain\n|-heal|p2a: Wo-Chien|16\/100|[from] item: Leftovers\n|-heal|p1a: Iron Hands|96\/100|[from] Grassy Terrain\n|upkeep\n|turn|17\n|\n|t:|1699765039\n|-end|p1a: Iron Hands|Quark Drive|[silent]\n|switch|p1a: Rillaboom|Rillaboom, L50, M|32\/100\n|move|p1b: Flutter Mane|Shadow Ball|p2a: Wo-Chien\n|-damage|p2a: Wo-Chien|0 fnt\n|faint|p2a: Wo-Chien\n|\n|win|Alienatedfob1\n|raw|Alienatedfob1's rating: 1183 &rarr; <strong>1210<\/strong><br \/>(+27 for winning)\n|raw|TreTrainer5252's rating: 1211 &rarr; <strong>1184<\/strong><br \/>(-27 for losing)\n|c|\u2606Alienatedfob1|gg\n","uploadtime":1699765053,"views":12,"p1id":"alienatedfob1","p2id":"tretrainer5252","formatid":"gen9vgc2023regulatione","rating":1184,"private":0,"password":""}