{"id":"gen9vgc2023regulatione-1995498281","p1":"Burnam","p2":"Astr0Striden","format":"[Gen 9] VGC 2023 Regulation E","log":"|j|\u2606Burnam\n|j|\u2606Astr0Striden\n|t:|1700577280\n|gametype|doubles\n|player|p1|Burnam|wattson|1090\n|player|p2|Astr0Striden|102|1055\n|teamsize|p1|6\n|teamsize|p2|6\n|gen|9\n|tier|[Gen 9] VGC 2023 Regulation E\n|rated|\n|rule|Species Clause: Limit one of each Pok\u00e9mon\n|rule|Item Clause: Limit one of each item\n|clearpoke\n|poke|p1|Rillaboom, L50, M|\n|poke|p1|Regieleki, L50|\n|poke|p1|Ogerpon-Hearthflame, L50, F|\n|poke|p1|Flutter Mane, L50|\n|poke|p1|Urshifu-*, L50, M|\n|poke|p1|Landorus-Therian, L50, M|\n|poke|p2|Ceruledge, L50, F|\n|poke|p2|Sinistcha, L50|\n|poke|p2|Dondozo, L50, F|\n|poke|p2|Tatsugiri, L50, F|\n|poke|p2|Iron Hands, L50|\n|poke|p2|Landorus-Therian, L50, M|\n|teampreview|4\n|inactive|Battle timer is ON: inactive players will automatically lose when time's up. (requested by Burnam)\n|\n|t:|1700577311\n|start\n|switch|p1a: Rillaboom|Rillaboom, L50, M|100\/100\n|switch|p1b: Flutter Mane|Flutter Mane, L50|100\/100\n|switch|p2a: Ceruledge|Ceruledge, L50, F, shiny|100\/100\n|switch|p2b: Sinistcha|Sinistcha, L50|100\/100\n|-fieldstart|move: Grassy Terrain|[from] ability: Grassy Surge|[of] p1a: Rillaboom\n|-enditem|p1b: Flutter Mane|Booster Energy\n|-activate|p1b: Flutter Mane|ability: Protosynthesis|[fromitem]\n|-start|p1b: Flutter Mane|protosynthesisspe\n|turn|1\n|inactive|Astr0Striden has 30 seconds left.\n|\n|t:|1700577338\n|move|p2b: Sinistcha|Rage Powder|p2b: Sinistcha\n|-singleturn|p2b: Sinistcha|move: Rage Powder\n|move|p2a: Ceruledge|Shadow Sneak|p1b: Flutter Mane\n|-supereffective|p1b: Flutter Mane\n|-damage|p1b: Flutter Mane|17\/100\n|move|p1b: Flutter Mane|Shadow Ball|p2b: Sinistcha\n|-supereffective|p2b: Sinistcha\n|-damage|p2b: Sinistcha|3\/100\n|move|p1a: Rillaboom|Knock Off|p2a: Ceruledge\n|-supereffective|p2a: Ceruledge\n|-damage|p2a: Ceruledge|12\/100\n|-enditem|p2a: Ceruledge|Clear Amulet|[from] move: Knock Off|[of] p1a: Rillaboom\n|\n|-heal|p1b: Flutter Mane|24\/100|[from] Grassy Terrain\n|-heal|p2a: Ceruledge|18\/100|[from] Grassy Terrain\n|-heal|p2b: Sinistcha|9\/100|[from] Grassy Terrain\n|upkeep\n|turn|2\n|\n|t:|1700577359\n|switch|p2b: Tatsugiri|Tatsugiri, L50, F|100\/100\n|move|p1b: Flutter Mane|Protect|p1b: Flutter Mane\n|-singleturn|p1b: Flutter Mane|Protect\n|move|p1a: Rillaboom|Knock Off|p2b: Tatsugiri\n|-damage|p2b: Tatsugiri|38\/100\n|-enditem|p2b: Tatsugiri|Choice Specs|[from] move: Knock Off|[of] p1a: Rillaboom\n|move|p2a: Ceruledge|Bitter Blade|p1a: Rillaboom\n|-supereffective|p1a: Rillaboom\n|-damage|p1a: Rillaboom|0 fnt\n|-heal|p2a: Ceruledge|77\/100|[from] drain|[of] p1a: Rillaboom\n|faint|p1a: Rillaboom\n|\n|-heal|p1b: Flutter Mane|30\/100|[from] Grassy Terrain\n|-heal|p2a: Ceruledge|83\/100|[from] Grassy Terrain\n|-heal|p2b: Tatsugiri|43\/100|[from] Grassy Terrain\n|upkeep\n|\n|t:|1700577374\n|switch|p1a: Regieleki|Regieleki, L50|100\/100\n|turn|3\n|\n|t:|1700577389\n|move|p2a: Ceruledge|Shadow Sneak|p1b: Flutter Mane\n|-supereffective|p1b: Flutter Mane\n|-damage|p1b: Flutter Mane|0 fnt\n|faint|p1b: Flutter Mane\n|-end|p1b: Flutter Mane|Protosynthesis|[silent]\n|move|p1a: Regieleki|Thunderbolt|p2a: Ceruledge\n|-damage|p2a: Ceruledge|8\/100\n|-damage|p1a: Regieleki|91\/100|[from] item: Life Orb\n|move|p2b: Tatsugiri|Draco Meteor|p1a: Regieleki|[miss]\n|-miss|p2b: Tatsugiri|p1a: Regieleki\n|\n|-heal|p1a: Regieleki|97\/100|[from] Grassy Terrain\n|-heal|p2a: Ceruledge|14\/100|[from] Grassy Terrain\n|-heal|p2b: Tatsugiri|49\/100|[from] Grassy Terrain\n|upkeep\n|\n|t:|1700577400\n|switch|p1b: Landorus|Landorus-Therian, L50, M|100\/100\n|-ability|p1b: Landorus|Intimidate|boost\n|-unboost|p2a: Ceruledge|atk|1\n|-unboost|p2b: Tatsugiri|atk|1\n|turn|4\n|\n|t:|1700577412\n|switch|p2b: Sinistcha|Sinistcha, L50|9\/100\n|-heal|p2a: Ceruledge|38\/100|[from] ability: Hospitality|[of] p2b: Sinistcha\n|move|p2a: Ceruledge|Protect|p2a: Ceruledge\n|-singleturn|p2a: Ceruledge|Protect\n|move|p1a: Regieleki|Thunderbolt|p2b: Sinistcha\n|-resisted|p2b: Sinistcha\n|-damage|p2b: Sinistcha|0 fnt\n|faint|p2b: Sinistcha\n|-damage|p1a: Regieleki|87\/100|[from] item: Life Orb\n|move|p1b: Landorus|Stomping Tantrum|p2a: Ceruledge\n|-activate|p2a: Ceruledge|move: Protect\n|\n|-heal|p1a: Regieleki|93\/100|[from] Grassy Terrain\n|-heal|p2a: Ceruledge|44\/100|[from] Grassy Terrain\n|upkeep\n|\n|t:|1700577421\n|switch|p2b: Tatsugiri|Tatsugiri, L50, F|49\/100\n|turn|5\n|\n|t:|1700577432\n|switch|p2a: Dondozo|Dondozo, L50, F, shiny|100\/100\n|-activate|p2b: Tatsugiri|ability: Commander|[of] p2a: Dondozo\n|-boost|p2a: Dondozo|atk|2\n|-boost|p2a: Dondozo|spa|2\n|-boost|p2a: Dondozo|spe|2\n|-boost|p2a: Dondozo|def|2\n|-boost|p2a: Dondozo|spd|2\n|move|p1a: Regieleki|Thunderbolt|p2b: Tatsugiri|[miss]\n|-miss|p1a: Regieleki|p2b: Tatsugiri\n|move|p1b: Landorus|Stomping Tantrum|p2a: Dondozo\n|-damage|p2a: Dondozo|86\/100\n|\n|-heal|p1a: Regieleki|99\/100|[from] Grassy Terrain\n|-heal|p2b: Tatsugiri|54\/100|[from] Grassy Terrain\n|-heal|p2a: Dondozo|92\/100|[from] Grassy Terrain\n|-heal|p2a: Dondozo|99\/100|[from] item: Leftovers\n|-fieldend|move: Grassy Terrain\n|upkeep\n|turn|6\n|inactive|Burnam has 30 seconds left.\n|inactive|Burnam has 20 seconds left.\n|inactive|Burnam has 15 seconds left.\n|\n|t:|1700577472\n|-terastallize|p1b: Landorus|Flying\n|-terastallize|p2a: Dondozo|Ground\n|move|p1a: Regieleki|Thunderbolt|p2a: Dondozo\n|-immune|p2a: Dondozo\n|move|p1b: Landorus|Stone Edge|p2a: Dondozo\n|-resisted|p2a: Dondozo\n|-damage|p2a: Dondozo|93\/100\n|move|p2a: Dondozo|Earthquake|p1b: Landorus|[spread] p1a\n|-miss|p2a: Dondozo|p2b: Tatsugiri\n|-immune|p1b: Landorus\n|-supereffective|p1a: Regieleki\n|-damage|p1a: Regieleki|0 fnt\n|faint|p1a: Regieleki\n|\n|-heal|p2a: Dondozo|99\/100|[from] item: Leftovers\n|upkeep\n|turn|7\n|\n|t:|1700577487\n|move|p1b: Landorus|Tera Blast|p2a: Dondozo|[anim] Tera Blast Flying\n|-damage|p2a: Dondozo|81\/100\n|move|p2a: Dondozo|Wave Crash|p1b: Landorus\n|-damage|p1b: Landorus|0 fnt\n|faint|p1b: Landorus\n|-damage|p2a: Dondozo|60\/100|[from] Recoil\n|\n|win|Astr0Striden\n|raw|Burnam's rating: 1090 &rarr; <strong>1064<\/strong><br \/>(-26 for losing)\n|raw|Astr0Striden's rating: 1055 &rarr; <strong>1090<\/strong><br \/>(+35 for winning)\n|l|\u2606Burnam\n","uploadtime":1700577493,"views":21,"p1id":"burnam","p2id":"astr0striden","formatid":"gen9vgc2023regulatione","rating":1064,"private":0,"password":""}