{"id":"gen9vgc2023regulatione-1994776077","p1":"Birds106","p2":"Borgan117","format":"[Gen 9] VGC 2023 Regulation E","log":"|j|\u2606Birds106\n|j|\u2606Borgan117\n|t:|1700491635\n|gametype|doubles\n|player|p1|Birds106|lucas-gen4pt|1012\n|player|p2|Borgan117|plasmagrunt-gen5bw|1040\n|teamsize|p1|6\n|teamsize|p2|6\n|gen|9\n|tier|[Gen 9] VGC 2023 Regulation E\n|rated|\n|rule|Species Clause: Limit one of each Pok\u00e9mon\n|rule|Item Clause: Limit one of each item\n|clearpoke\n|poke|p1|Landorus, L50, M|\n|poke|p1|Pelipper, L50, F|\n|poke|p1|Ogerpon-Wellspring, L50, F|\n|poke|p1|Dragonite, L50, F|\n|poke|p1|Urshifu-*, L50, F|\n|poke|p1|Gholdengo, L50|\n|poke|p2|Torkoal, L50, F|\n|poke|p2|Bruxish, L50, M|\n|poke|p2|Maushold, L50|\n|poke|p2|Ursaluna, L50, F|\n|poke|p2|Cresselia, L50, F|\n|poke|p2|Baxcalibur, L50, M|\n|teampreview|4\n|\n|t:|1700491670\n|start\n|switch|p1a: Landorus|Landorus, L50, M|100\/100\n|switch|p1b: Pelipper|Pelipper, L50, F|100\/100\n|switch|p2a: Cresselia|Cresselia, L50, F|100\/100\n|switch|p2b: Maushold|Maushold, L50|100\/100\n|-weather|RainDance|[from] ability: Drizzle|[of] p1b: Pelipper\n|turn|1\n|\n|t:|1700491698\n|move|p1a: Landorus|Sandsear Storm|p2b: Maushold|[spread] p2b\n|-immune|p2a: Cresselia|[from] ability: Levitate\n|-damage|p2b: Maushold|17\/100\n|move|p2b: Maushold|Taunt|p1a: Landorus\n|-start|p1a: Landorus|move: Taunt\n|move|p1b: Pelipper|Hurricane|p2a: Cresselia\n|-damage|p2a: Cresselia|78\/100\n|-start|p2a: Cresselia|confusion\n|-activate|p2a: Cresselia|confusion\n|-damage|p2a: Cresselia|74\/100|[from] confusion\n|\n|-weather|RainDance|[upkeep]\n|upkeep\n|turn|2\n|\n|t:|1700491741\n|move|p1a: Landorus|Sludge Bomb|p2a: Cresselia\n|-damage|p2a: Cresselia|54\/100\n|move|p2b: Maushold|Population Bomb|p1b: Pelipper\n|-damage|p1b: Pelipper|92\/100\n|-damage|p1b: Pelipper|83\/100\n|-damage|p1b: Pelipper|73\/100\n|-damage|p1b: Pelipper|63\/100\n|-damage|p1b: Pelipper|54\/100\n|-damage|p1b: Pelipper|44\/100\n|-damage|p1b: Pelipper|35\/100\n|-damage|p1b: Pelipper|24\/100\n|-damage|p1b: Pelipper|15\/100\n|-damage|p1b: Pelipper|5\/100\n|-hitcount|p1b: Pelipper|10\n|move|p1b: Pelipper|Weather Ball|p2b: Maushold\n|-damage|p2b: Maushold|0 fnt\n|faint|p2b: Maushold\n|-activate|p2a: Cresselia|confusion\n|move|p2a: Cresselia|Trick Room|p2a: Cresselia\n|-fieldstart|move: Trick Room|[of] p2a: Cresselia\n|\n|-weather|RainDance|[upkeep]\n|upkeep\n|\n|t:|1700491763\n|switch|p2b: Torkoal|Torkoal, L50, F|100\/100\n|-weather|SunnyDay|[from] ability: Drought|[of] p2b: Torkoal\n|turn|3\n|\n|t:|1700491782\n|switch|p2a: Bruxish|Bruxish, L50, M|100\/100\n|move|p2b: Torkoal|Protect|p2b: Torkoal\n|-singleturn|p2b: Torkoal|Protect\n|move|p1b: Pelipper|Weather Ball|p2a: Bruxish\n|-resisted|p2a: Bruxish\n|-damage|p2a: Bruxish|71\/100\n|move|p1a: Landorus|Sandsear Storm|p2a: Bruxish|[spread] \n|-activate|p2b: Torkoal|move: Protect\n|-miss|p1a: Landorus|p2a: Bruxish\n|\n|-weather|SunnyDay|[upkeep]\n|upkeep\n|turn|4\n|\n|t:|1700491804\n|switch|p1b: Dragonite|Dragonite, L50, F|100\/100\n|move|p2a: Bruxish|Aqua Jet|p2b: Torkoal\n|-supereffective|p2b: Torkoal\n|-damage|p2b: Torkoal|87\/100\n|-enditem|p2b: Torkoal|Weakness Policy\n|-boost|p2b: Torkoal|atk|2|[from] item: Weakness Policy\n|-boost|p2b: Torkoal|spa|2|[from] item: Weakness Policy\n|move|p2b: Torkoal|Eruption|p1b: Dragonite|[spread] p1a,p1b\n|-resisted|p1b: Dragonite\n|-damage|p1a: Landorus|0 fnt\n|-damage|p1b: Dragonite|83\/100\n|faint|p1a: Landorus\n|\n|-weather|SunnyDay|[upkeep]\n|upkeep\n|\n|t:|1700491815\n|switch|p1a: Ogerpon|Ogerpon-Wellspring, L50, F|100\/100\n|turn|5\n|\n|t:|1700491825\n|move|p2b: Torkoal|Protect|p2b: Torkoal\n|-singleturn|p2b: Torkoal|Protect\n|move|p1b: Dragonite|Extreme Speed||[still]\n|cant|p2a: Bruxish|ability: Dazzling|Extreme Speed|[of] p1b: Dragonite\n|move|p2a: Bruxish|Psychic Fangs|p1b: Dragonite\n|-damage|p1b: Dragonite|46\/100\n|move|p1a: Ogerpon|Ivy Cudgel|p2b: Torkoal|[anim] Ivy Cudgel Water\n|-activate|p2b: Torkoal|move: Protect\n|\n|-weather|SunnyDay|[upkeep]\n|upkeep\n|turn|6\n|\n|t:|1700491852\n|move|p2b: Torkoal|Eruption|p1a: Ogerpon|[spread] p1a,p1b\n|-resisted|p1b: Dragonite\n|-damage|p1a: Ogerpon|0 fnt\n|-damage|p1b: Dragonite|11\/100\n|faint|p1a: Ogerpon\n|move|p2a: Bruxish|Psychic Fangs|p1b: Dragonite\n|-damage|p1b: Dragonite|0 fnt\n|faint|p1b: Dragonite\n|\n|-weather|SunnyDay|[upkeep]\n|-fieldend|move: Trick Room\n|upkeep\n|-message|Birds106 forfeited.\n|\n|win|Borgan117\n|raw|Birds106's rating: 1012 &rarr; <strong>1001<\/strong><br \/>(-11 for losing)\n|raw|Borgan117's rating: 1040 &rarr; <strong>1071<\/strong><br \/>(+31 for winning)\n|l|\u2606Birds106\n","uploadtime":1700491924,"views":2,"p1id":"birds106","p2id":"borgan117","formatid":"gen9vgc2023regulatione","rating":1001,"private":0,"password":""}