{"id":"gen9vgc2023regulatione-1988010582","p1":"Rox_Roxanne","p2":"Xikirito","format":"[Gen 9] VGC 2023 Regulation E","log":"|j|\u2606Rox_Roxanne\n|j|\u2606Xikirito\n|t:|1699658837\n|gametype|doubles\n|player|p1|Rox_Roxanne|hilda|1096\n|player|p2|Xikirito|volkner|1048\n|teamsize|p1|6\n|teamsize|p2|6\n|gen|9\n|tier|[Gen 9] VGC 2023 Regulation E\n|rated|\n|rule|Species Clause: Limit one of each Pok\u00e9mon\n|rule|Item Clause: Limit one of each item\n|clearpoke\n|poke|p1|Landorus-Therian, L50, M|\n|poke|p1|Roaring Moon, L50|\n|poke|p1|Indeedee-F, L50, F|\n|poke|p1|Urshifu-*, L50, M|\n|poke|p1|Flutter Mane, L50|\n|poke|p1|Armarouge, L50, M|\n|poke|p2|Chi-Yu, L50|\n|poke|p2|Iron Hands, L50|\n|poke|p2|Landorus-Therian, L50, M|\n|poke|p2|Dusclops, L50, F|\n|poke|p2|Ogerpon-Wellspring, L50, F|\n|poke|p2|Ursaluna-Bloodmoon, L50, M|\n|teampreview|4\nRox_Roxanne has agreed to open team sheets.\n|\n|t:|1699658845\n|start\n|switch|p1a: Landorus|Landorus-Therian, L50, M|100\/100\n|switch|p1b: Roaring Moon|Roaring Moon, L50|100\/100\n|switch|p2a: Chi-Yu|Chi-Yu, L50|100\/100\n|switch|p2b: Iron Hands|Iron Hands, L50|100\/100\n|-ability|p1a: Landorus|Intimidate|boost\n|-unboost|p2a: Chi-Yu|atk|1\n|-unboost|p2b: Iron Hands|atk|1\n|-ability|p2a: Chi-Yu|Beads of Ruin\n|-enditem|p1b: Roaring Moon|Booster Energy\n|-activate|p1b: Roaring Moon|ability: Protosynthesis|[fromitem]\n|-start|p1b: Roaring Moon|protosynthesisatk\n|turn|1\n|\n|t:|1699658873\n|move|p1b: Roaring Moon|Protect|p1b: Roaring Moon\n|-singleturn|p1b: Roaring Moon|Protect\n|move|p2b: Iron Hands|Fake Out|p1a: Landorus\n|-damage|p1a: Landorus|88\/100\n|cant|p1a: Landorus|flinch\n|move|p2a: Chi-Yu|Dark Pulse|p1b: Roaring Moon\n|-activate|p1b: Roaring Moon|move: Protect\n|\n|upkeep\n|turn|2\n|\n|t:|1699658886\n|-terastallize|p1b: Roaring Moon|Flying\n|move|p1b: Roaring Moon|Acrobatics|p2b: Iron Hands\n|-damage|p2b: Iron Hands|49\/100\n|move|p1a: Landorus|Earthquake|p2a: Chi-Yu|[spread] p2a,p2b\n|-immune|p1b: Roaring Moon\n|-supereffective|p2a: Chi-Yu\n|-supereffective|p2b: Iron Hands\n|-damage|p2a: Chi-Yu|0 fnt\n|-damage|p2b: Iron Hands|0 fnt\n|faint|p2a: Chi-Yu\n|faint|p2b: Iron Hands\n|-end|p2b: Iron Hands|Quark Drive|[silent]\n|\n|upkeep\n|\n|t:|1699658898\n|switch|p2a: Dusclops|Dusclops, L50, F|100\/100\n|switch|p2b: Ursaluna|Ursaluna-Bloodmoon, L50, M|100\/100\n|-item|p1a: Landorus|Heavy-Duty Boots|[from] ability: Frisk|[of] p2a: Dusclops|[identify]\n|turn|3\n|\n|t:|1699658909\n|move|p1b: Roaring Moon|Knock Off|p2a: Dusclops\n|-supereffective|p2a: Dusclops\n|-damage|p2a: Dusclops|18\/100\n|-enditem|p2a: Dusclops|Eviolite|[from] move: Knock Off|[of] p1b: Roaring Moon\n|move|p1a: Landorus|Earthquake|p2a: Dusclops|[spread] p2a,p2b\n|-immune|p1b: Roaring Moon\n|-damage|p2a: Dusclops|0 fnt\n|-damage|p2b: Ursaluna|69\/100\n|faint|p2a: Dusclops\n|move|p2b: Ursaluna|Hyper Voice|p1b: Roaring Moon|[spread] p1a,p1b\n|-crit|p1a: Landorus\n|-damage|p1a: Landorus|18\/100\n|-damage|p1b: Roaring Moon|60\/100\n|\n|upkeep\n|turn|4\n|\n|t:|1699658925\n|-terastallize|p2b: Ursaluna|Normal\n|move|p2b: Ursaluna|Protect|p2b: Ursaluna\n|-singleturn|p2b: Ursaluna|Protect\n|move|p1b: Roaring Moon|Acrobatics|p2b: Ursaluna\n|-activate|p2b: Ursaluna|move: Protect\n|move|p1a: Landorus|Earthquake|p2b: Ursaluna|[spread] \n|-activate|p2b: Ursaluna|move: Protect\n|-immune|p1b: Roaring Moon\n|\n|upkeep\n|turn|5\n|\n|t:|1699658936\n|move|p1b: Roaring Moon|Acrobatics|p2b: Ursaluna\n|-damage|p2b: Ursaluna|13\/100\n|move|p1a: Landorus|Earthquake|p2b: Ursaluna|[spread] p2b\n|-immune|p1b: Roaring Moon\n|-damage|p2b: Ursaluna|0 fnt\n|faint|p2b: Ursaluna\n|\n|win|Rox_Roxanne\n|raw|Rox_Roxanne's rating: 1096 &rarr; <strong>1118<\/strong><br \/>(+22 for winning)\n|raw|Xikirito's rating: 1048 &rarr; <strong>1033<\/strong><br \/>(-15 for losing)\n","uploadtime":1699658945,"views":24,"p1id":"roxroxanne","p2id":"xikirito","formatid":"gen9vgc2023regulatione","rating":1033,"private":0,"password":""}