{"id":"gen9vgc2023regulatione-1988686263","p1":"Treco de Treecko","p2":"vallour","format":"[Gen 9] VGC 2023 Regulation E","log":"|j|\u2606Treco de Treecko\n|j|\u2606vallour\n|t:|1699750559\n|gametype|doubles\n|player|p1|Treco de Treecko|scientist|1278\n|player|p2|vallour|marshal|1224\n|teamsize|p1|6\n|teamsize|p2|6\n|gen|9\n|tier|[Gen 9] VGC 2023 Regulation E\n|rated|\n|rule|Species Clause: Limit one of each Pok\u00e9mon\n|rule|Item Clause: Limit one of each item\n|clearpoke\n|poke|p1|Greninja-*, L50, M|\n|poke|p1|Tornadus, L50, M|\n|poke|p1|Landorus-Therian, L50, M|\n|poke|p1|Iron Hands, L50|\n|poke|p1|Ogerpon-Cornerstone, L50, F|\n|poke|p1|Glimmora, L50, F|\n|poke|p2|Tornadus, L50, M|\n|poke|p2|Chi-Yu, L50|\n|poke|p2|Flutter Mane, L50|\n|poke|p2|Landorus-Therian, L50, M|\n|poke|p2|Ogerpon-Cornerstone, L50, F|\n|poke|p2|Iron Hands, L50|\n|teampreview|4\n|\n|t:|1699750587\n|start\n|switch|p1a: Tornadus|Tornadus, L50, M|100\/100\n|switch|p1b: Greninja|Greninja, L50, M|100\/100\n|switch|p2a: Tornadus|Tornadus, L50, M|100\/100\n|switch|p2b: Chi-Yu|Chi-Yu, L50|100\/100\n|-ability|p2b: Chi-Yu|Beads of Ruin\n|turn|1\n|\n|t:|1699750614\n|-terastallize|p2b: Chi-Yu|Grass\n|move|p1b: Greninja|Endure|p1b: Greninja\n|-singleturn|p1b: Greninja|move: Endure\n|move|p2a: Tornadus|Tailwind|p2a: Tornadus\n|-sidestart|p2: vallour|move: Tailwind\n|move|p2b: Chi-Yu|Dark Pulse|p1b: Greninja\n|-resisted|p1b: Greninja\n|-damage|p1b: Greninja|51\/100\n|move|p1a: Tornadus|Bleakwind Storm|p2b: Chi-Yu|[spread] p2a,p2b\n|-supereffective|p2b: Chi-Yu\n|-damage|p2a: Tornadus|36\/100\n|-damage|p2b: Chi-Yu|42\/100\n|-unboost|p2b: Chi-Yu|spe|1\n|\n|upkeep\n|turn|2\n|\n|t:|1699750649\n|switch|p2b: Flutter Mane|Flutter Mane, L50|100\/100\n|move|p1b: Greninja|Endure||[still]\n|-fail|p1b: Greninja\n|move|p2a: Tornadus|Bleakwind Storm|p1b: Greninja|[spread] p1a,p1b\n|-damage|p1a: Tornadus|64\/100\n|-damage|p1b: Greninja|0 fnt\n|faint|p1b: Greninja\n|move|p1a: Tornadus|Bleakwind Storm|p2b: Flutter Mane|[spread] p2a,p2b\n|-damage|p2a: Tornadus|0 fnt\n|-damage|p2b: Flutter Mane|66\/100\n|-unboost|p2b: Flutter Mane|spe|1\n|faint|p2a: Tornadus\n|\n|upkeep\n|\n|t:|1699750662\n|switch|p1b: Iron Hands|Iron Hands, L50|100\/100\n|switch|p2a: Chi-Yu|Chi-Yu, L50, tera:Grass|42\/100\n|-ability|p2a: Chi-Yu|Beads of Ruin\n|turn|3\n|\n|t:|1699750677\n|move|p2a: Chi-Yu|Protect|p2a: Chi-Yu\n|-singleturn|p2a: Chi-Yu|Protect\n|move|p1b: Iron Hands|Fake Out|p2a: Chi-Yu\n|-activate|p2a: Chi-Yu|move: Protect\n|move|p1a: Tornadus|Tailwind|p1a: Tornadus\n|-sidestart|p1: Treco de Treecko|move: Tailwind\n|move|p2b: Flutter Mane|Dazzling Gleam|p1b: Iron Hands|[spread] p1a,p1b\n|-supereffective|p1b: Iron Hands\n|-damage|p1a: Tornadus|15\/100\n|-damage|p1b: Iron Hands|47\/100\n|\n|upkeep\n|turn|4\n|\n|t:|1699750700\n|move|p1a: Tornadus|Taunt|p2a: Chi-Yu\n|-start|p2a: Chi-Yu|move: Taunt\n|move|p2a: Chi-Yu|Heat Wave|p1b: Iron Hands|[spread] p1b\n|-miss|p2a: Chi-Yu|p1a: Tornadus\n|-damage|p1b: Iron Hands|21\/100\n|-status|p1b: Iron Hands|brn\n|move|p2b: Flutter Mane|Dazzling Gleam|p1b: Iron Hands|[spread] p1a,p1b\n|-supereffective|p1b: Iron Hands\n|-damage|p1a: Tornadus|0 fnt\n|-damage|p1b: Iron Hands|0 fnt\n|faint|p1a: Tornadus\n|faint|p1b: Iron Hands\n|-end|p1b: Iron Hands|Quark Drive|[silent]\n|\n|-sideend|p2: vallour|move: Tailwind\n|upkeep\n|\n|t:|1699750710\n|switch|p1b: Landorus|Landorus-Therian, L50, M|100\/100\n|-ability|p1b: Landorus|Intimidate|boost\n|-unboost|p2a: Chi-Yu|atk|1\n|-unboost|p2b: Flutter Mane|atk|1\n|turn|5\n|inactive|Battle timer is ON: inactive players will automatically lose when time's up. (requested by Treco de Treecko)\n|\n|t:|1699750722\n|-terastallize|p1b: Landorus|Poison\n|move|p1b: Landorus|Earthquake|p2b: Flutter Mane|[spread] p2a,p2b\n|-resisted|p2a: Chi-Yu\n|-damage|p2a: Chi-Yu|12\/100\n|-damage|p2b: Flutter Mane|0 fnt\n|faint|p2b: Flutter Mane\n|-end|p2b: Flutter Mane|Protosynthesis|[silent]\n|move|p2a: Chi-Yu|Dark Pulse|p1b: Landorus\n|-damage|p1b: Landorus|16\/100\n|\n|upkeep\n|\n|t:|1699750731\n|switch|p2b: Landorus|Landorus-Therian, L50, M|100\/100\n|-ability|p2b: Landorus|Intimidate|boost\n|-unboost|p1b: Landorus|atk|1\n|turn|6\n|-message|Treco de Treecko forfeited.\n|\n|win|vallour\n|raw|Treco de Treecko's rating: 1278 &rarr; <strong>1249<\/strong><br \/>(-29 for losing)\n|raw|vallour's rating: 1224 &rarr; <strong>1253<\/strong><br \/>(+29 for winning)\n|l|\u2606Treco de Treecko\n","uploadtime":1699750746,"views":21,"p1id":"trecodetreecko","p2id":"vallour","formatid":"gen9vgc2023regulatione","rating":1249,"private":0,"password":""}