{"id":"gen9vgc2023regulatione-1994550269","p1":"Albertomazzola","p2":"Ludwigxzc","format":"[Gen 9] VGC 2023 Regulation E","log":"|j|\u2606Albertomazzola\n|j|\u2606Ludwigxzc\n|t:|1700458289\n|gametype|doubles\n|player|p1|Albertomazzola|lucas|1480\n|player|p2|Ludwigxzc|bruno-gen2|1466\n|teamsize|p1|6\n|teamsize|p2|6\n|gen|9\n|tier|[Gen 9] VGC 2023 Regulation E\n|rated|\n|rule|Species Clause: Limit one of each Pok\u00e9mon\n|rule|Item Clause: Limit one of each item\n|clearpoke\n|poke|p1|Heatran, L50, M|\n|poke|p1|Iron Hands, L50|\n|poke|p1|Ogerpon-Wellspring, L50, F|\n|poke|p1|Tornadus, L50, M|\n|poke|p1|Urshifu-*, L50, F|\n|poke|p1|Flutter Mane, L50|\n|poke|p2|Ogerpon-Wellspring, L50, F|\n|poke|p2|Arcanine-Hisui, L50, M|\n|poke|p2|Tornadus, L50, M|\n|poke|p2|Iron Hands, L50|\n|poke|p2|Urshifu-*, L50, M|\n|poke|p2|Chi-Yu, L50|\n|teampreview|4\n|inactive|Battle timer is ON: inactive players will automatically lose when time's up. (requested by Ludwigxzc)\n|\n|t:|1700458316\n|start\n|switch|p1a: Iron Hands|Iron Hands, L50, shiny|100\/100\n|switch|p1b: Tornadus|Tornadus, L50, M, shiny|100\/100\n|switch|p2a: Tornadus|Tornadus, L50, M|100\/100\n|switch|p2b: Urshifu|Urshifu-Rapid-Strike, L50, M|100\/100\n|turn|1\n|\n|t:|1700458343\n|move|p2b: Urshifu|Detect|p2b: Urshifu\n|-singleturn|p2b: Urshifu|Protect\n|move|p1b: Tornadus|Sunny Day|p1b: Tornadus\n|-weather|SunnyDay\n|move|p2a: Tornadus|Bleakwind Storm|p1a: Iron Hands|[spread] p1b\n|-miss|p2a: Tornadus|p1a: Iron Hands\n|-damage|p1b: Tornadus|66\/100\n|-unboost|p1b: Tornadus|spe|1\n|move|p1a: Iron Hands|Wild Charge|p2a: Tornadus\n|-supereffective|p2a: Tornadus\n|-damage|p2a: Tornadus|0 fnt\n|faint|p2a: Tornadus\n|-damage|p1a: Iron Hands|82\/100|[from] Recoil\n|\n|-weather|SunnyDay|[upkeep]\n|upkeep\n|\n|t:|1700458357\n|switch|p2a: Iron Hands|Iron Hands, L50|100\/100\n|turn|2\n|\n|t:|1700458380\n|move|p2a: Iron Hands|Fake Out|p1a: Iron Hands\n|-damage|p1a: Iron Hands|73\/100\n|move|p1b: Tornadus|Tailwind|p1b: Tornadus\n|-sidestart|p1: Albertomazzola|move: Tailwind\n|move|p2b: Urshifu|Ice Spinner|p1b: Tornadus\n|-supereffective|p1b: Tornadus\n|-damage|p1b: Tornadus|0 fnt\n|faint|p1b: Tornadus\n|cant|p1a: Iron Hands|flinch\n|\n|-weather|SunnyDay|[upkeep]\n|upkeep\n|\n|t:|1700458398\n|switch|p1b: Urshifu|Urshifu, L50, F|100\/100\n|turn|3\n|\n|t:|1700458415\n|-terastallize|p1b: Urshifu|Poison\n|move|p2b: Urshifu|Detect|p2b: Urshifu\n|-singleturn|p2b: Urshifu|Protect\n|move|p1b: Urshifu|Sucker Punch||[still]\n|-fail|p1b: Urshifu\n|move|p1a: Iron Hands|Wild Charge|p2b: Urshifu\n|-activate|p2b: Urshifu|move: Protect\n|move|p2a: Iron Hands|Drain Punch|p1a: Iron Hands\n|-damage|p1a: Iron Hands|47\/100\n|\n|-weather|SunnyDay|[upkeep]\n|upkeep\n|turn|4\n|\n|t:|1700458439\n|switch|p2b: Ogerpon|Ogerpon-Wellspring, L50, F|100\/100\n|move|p1b: Urshifu|Wicked Blow|p2a: Iron Hands\n|-resisted|p2a: Iron Hands\n|-crit|p2a: Iron Hands\n|-damage|p2a: Iron Hands|77\/100\n|move|p1a: Iron Hands|Wild Charge|p2b: Ogerpon\n|-damage|p2b: Ogerpon|41\/100\n|-damage|p1a: Iron Hands|37\/100|[from] Recoil\n|move|p2a: Iron Hands|Drain Punch|p1a: Iron Hands\n|-damage|p1a: Iron Hands|10\/100\n|-heal|p2a: Iron Hands|92\/100|[from] drain|[of] p1a: Iron Hands\n|\n|-weather|SunnyDay|[upkeep]\n|upkeep\n|turn|5\n|inactive|Albertomazzola has 30 seconds left.\n|inactive|Ludwigxzc has 30 seconds left.\n|j| meowmeowjoe\n|inactive|Ludwigxzc has 20 seconds left.\n|inactive|Ludwigxzc has 15 seconds left.\n|\n|t:|1700458480\n|-end|p2a: Iron Hands|Quark Drive|[silent]\n|switch|p2a: Urshifu|Urshifu-Rapid-Strike, L50, M|100\/100\n|move|p1b: Urshifu|Wicked Blow|p2b: Ogerpon\n|-crit|p2b: Ogerpon\n|-damage|p2b: Ogerpon|0 fnt\n|faint|p2b: Ogerpon\n|move|p1a: Iron Hands|Drain Punch|p2a: Urshifu\n|-damage|p2a: Urshifu|56\/100\n|-heal|p1a: Iron Hands|25\/100|[from] drain|[of] p2a: Urshifu\n|\n|-weather|none\n|-sideend|p1: Albertomazzola|move: Tailwind\n|upkeep\n|\n|t:|1700458491\n|switch|p2b: Iron Hands|Iron Hands, L50|92\/100\n|turn|6\n|inactive|Albertomazzola has 30 seconds left.\n|\n|t:|1700458519\n|switch|p1b: Ogerpon|Ogerpon-Wellspring, L50, F|100\/100\n|move|p2b: Iron Hands|Fake Out|p1a: Iron Hands\n|-damage|p1a: Iron Hands|14\/100\n|move|p2a: Urshifu|Surging Strikes|p1b: Ogerpon\n|-immune|p1b: Ogerpon|[from] ability: Water Absorb\n|cant|p1a: Iron Hands|flinch\n|\n|upkeep\n|turn|7\n|inactive|Albertomazzola has 30 seconds left.\n|inactive|Ludwigxzc has 30 seconds left.\n|inactive|Ludwigxzc has 20 seconds left.\n|inactive|Ludwigxzc has 15 seconds left.\n|\n|t:|1700458560\n|move|p2a: Urshifu|Detect|p2a: Urshifu\n|-singleturn|p2a: Urshifu|Protect\n|move|p1b: Ogerpon|Horn Leech|p2a: Urshifu\n|-activate|p2a: Urshifu|move: Protect\n|move|p2b: Iron Hands|Drain Punch|p1a: Iron Hands\n|-damage|p1a: Iron Hands|0 fnt\n|-heal|p2b: Iron Hands|99\/100|[from] drain|[of] p1a: Iron Hands\n|faint|p1a: Iron Hands\n|-end|p1a: Iron Hands|Quark Drive|[silent]\n|\n|upkeep\n|\n|t:|1700458572\n|switch|p1a: Urshifu|Urshifu, L50, F, tera:Poison|100\/100\n|turn|8\n|inactive|Ludwigxzc has 30 seconds left.\n|inactive|Albertomazzola has 30 seconds left.\n|\n|t:|1700458604\n|move|p2a: Urshifu|Detect||[still]\n|-fail|p2a: Urshifu\n|move|p1b: Ogerpon|Swords Dance|p1b: Ogerpon\n|-boost|p1b: Ogerpon|atk|2\n|move|p1a: Urshifu|Wicked Blow|p2b: Iron Hands\n|-resisted|p2b: Iron Hands\n|-crit|p2b: Iron Hands\n|-damage|p2b: Iron Hands|76\/100\n|move|p2b: Iron Hands|Drain Punch|p1b: Ogerpon\n|-damage|p1b: Ogerpon|42\/100\n|-heal|p2b: Iron Hands|94\/100|[from] drain|[of] p1b: Ogerpon\n|\n|upkeep\n|turn|9\n|\n|t:|1700458629\n|move|p1b: Ogerpon|Horn Leech|p2b: Iron Hands\n|-damage|p2b: Iron Hands|23\/100\n|-heal|p1b: Ogerpon|99\/100|[from] drain|[of] p2b: Iron Hands\n|move|p2a: Urshifu|Ice Spinner|p1b: Ogerpon\n|-damage|p1b: Ogerpon|57\/100\n|move|p1a: Urshifu|Wicked Blow|p2a: Urshifu\n|-resisted|p2a: Urshifu\n|-crit|p2a: Urshifu\n|-damage|p2a: Urshifu|21\/100\n|move|p2b: Iron Hands|Drain Punch|p1b: Ogerpon\n|-damage|p1b: Ogerpon|3\/100\n|-heal|p2b: Iron Hands|40\/100|[from] drain|[of] p1b: Ogerpon\n|\n|upkeep\n|turn|10\n|inactive|Ludwigxzc has 30 seconds left.\n|inactive|Ludwigxzc has 20 seconds left.\n|inactive|Ludwigxzc has 15 seconds left.\n|\n|t:|1700458672\n|move|p1b: Ogerpon|Horn Leech|p2b: Iron Hands\n|-damage|p2b: Iron Hands|0 fnt\n|-heal|p1b: Ogerpon|35\/100|[from] drain|[of] p2b: Iron Hands\n|faint|p2b: Iron Hands\n|-end|p2b: Iron Hands|Quark Drive|[silent]\n|move|p1a: Urshifu|Wicked Blow|p2a: Urshifu\n|-resisted|p2a: Urshifu\n|-crit|p2a: Urshifu\n|-damage|p2a: Urshifu|0 fnt\n|faint|p2a: Urshifu\n|\n|win|Albertomazzola\n|raw|Albertomazzola's rating: 1480 &rarr; <strong>1499<\/strong><br \/>(+19 for winning)\n|raw|Ludwigxzc's rating: 1466 &rarr; <strong>1447<\/strong><br \/>(-19 for losing)\n|l|\u2606Ludwigxzc\n|l|\u2606Albertomazzola\n","uploadtime":1700458797,"views":9,"p1id":"albertomazzola","p2id":"ludwigxzc","formatid":"gen9vgc2023regulatione","rating":1447,"private":0,"password":""}