{"id":"gen9vgc2023regulatione-1999074630","p1":"Probandoteammvp","p2":"NotRubyVGC","format":"[Gen 9] VGC 2023 Regulation E","log":"|j|\u2606Probandoteammvp\n|j|\u2606NotRubyVGC\n|t:|1701030436\n|gametype|doubles\n|player|p1|Probandoteammvp|riley|1577\n|player|p2|NotRubyVGC|266|1524\n|teamsize|p1|6\n|teamsize|p2|6\n|gen|9\n|tier|[Gen 9] VGC 2023 Regulation E\n|rated|\n|rule|Species Clause: Limit one of each Pok\u00e9mon\n|rule|Item Clause: Limit one of each item\n|clearpoke\n|poke|p1|Dragonite, L50, M|\n|poke|p1|Flamigo, L50, M|\n|poke|p1|Flutter Mane, L50|\n|poke|p1|Tauros-Paldea-Aqua, L50, M|\n|poke|p1|Cryogonal, L50|\n|poke|p1|Salazzle, L50, F|\n|poke|p2|Salamence, L50, F|\n|poke|p2|Ogerpon-Wellspring, L50, F|\n|poke|p2|Heatran, L50, M|\n|poke|p2|Rillaboom, L50, F|\n|poke|p2|Flutter Mane, L50|\n|poke|p2|Kingambit, L50, M|\n|teampreview|4\nNotRubyVGC has agreed to open team sheets.\n|inactive|Battle timer is ON: inactive players will automatically lose when time's up. (requested by Probandoteammvp)\n|inactive|NotRubyVGC has 60 seconds left.\n|\n|t:|1701030500\n|start\n|switch|p1a: Dragonite|Dragonite, L50, M, shiny|100\/100\n|switch|p1b: Salazzle|Salazzle, L50, F, shiny|100\/100\n|switch|p2a: Kingambit|Kingambit, L50, M|100\/100\n|switch|p2b: Flutter Mane|Flutter Mane, L50|100\/100\n|-item|p1b: Salazzle|Air Balloon\n|turn|1\n|inactive|NotRubyVGC has 30 seconds left.\n|\n|t:|1701030533\n|-terastallize|p2a: Kingambit|Poison\n|move|p2b: Flutter Mane|Moonblast|p1a: Dragonite\n|-supereffective|p1a: Dragonite\n|-damage|p1a: Dragonite|32\/100\n|-enditem|p1a: Dragonite|Weakness Policy\n|-boost|p1a: Dragonite|atk|2|[from] item: Weakness Policy\n|-boost|p1a: Dragonite|spa|2|[from] item: Weakness Policy\n|move|p1b: Salazzle|Will-O-Wisp|p2a: Kingambit\n|-status|p2a: Kingambit|brn\n|move|p1a: Dragonite|Dragon Dance|p1a: Dragonite\n|-boost|p1a: Dragonite|atk|1\n|-boost|p1a: Dragonite|spe|1\n|move|p2a: Kingambit|Swords Dance|p2a: Kingambit\n|-boost|p2a: Kingambit|atk|2\n|\n|-damage|p2a: Kingambit|95\/100 brn|[from] brn\n|upkeep\n|turn|2\n|inactive|Probandoteammvp has 30 seconds left.\n|inactive|Probandoteammvp has 20 seconds left.\n|\n|t:|1701030572\n|switch|p1b: Flamigo|Flamigo, L50, M, shiny|100\/100\n|-copyboost|p1b: Flamigo|p1a: Dragonite|[from] ability: Costar\n|move|p2a: Kingambit|Sucker Punch|p1a: Dragonite\n|-damage|p1a: Dragonite|0 fnt\n|faint|p1a: Dragonite\n|move|p2b: Flutter Mane|Moonblast|p1b: Flamigo\n|-supereffective|p1b: Flamigo\n|-crit|p1b: Flamigo\n|-enditem|p1b: Flamigo|Focus Sash\n|-damage|p1b: Flamigo|1\/100\n|\n|-damage|p2a: Kingambit|89\/100 brn|[from] brn\n|upkeep\n|\n|t:|1701030582\n|switch|p1a: Salazzle|Salazzle, L50, F, shiny|100\/100\n|-item|p1a: Salazzle|Air Balloon\n|turn|3\n|\n|t:|1701030599\n|-end|p2b: Flutter Mane|Protosynthesis|[silent]\n|switch|p2b: Salamence|Salamence, L50, F|100\/100\n|-ability|p2b: Salamence|Intimidate|boost\n|-fail|p1a: Salazzle|unboost|Attack|[from] ability: Oblivious|[of] p1a: Salazzle\n|-unboost|p1b: Flamigo|atk|1\n|move|p2a: Kingambit|Protect|p2a: Kingambit\n|-singleturn|p2a: Kingambit|Protect\n|move|p1a: Salazzle|Fake Out|p2a: Kingambit\n|-activate|p2a: Kingambit|move: Protect\n|move|p1b: Flamigo|Aerial Ace|p2b: Salamence\n|-damage|p2b: Salamence|31\/100\n|-damage|p1b: Flamigo|0 fnt|[from] item: Rocky Helmet|[of] p2b: Salamence\n|faint|p1b: Flamigo\n|\n|-damage|p2a: Kingambit|83\/100 brn|[from] brn\n|upkeep\n|\n|t:|1701030608\n|switch|p1b: Flutter Mane|Flutter Mane, L50, shiny|100\/100\n|-enditem|p1b: Flutter Mane|Booster Energy\n|-activate|p1b: Flutter Mane|ability: Protosynthesis|[fromitem]\n|-start|p1b: Flutter Mane|protosynthesisspe\n|turn|4\n|\n|t:|1701030633\n|switch|p2b: Heatran|Heatran, L50, M|100\/100\n|move|p2a: Kingambit|Sucker Punch|p1b: Flutter Mane\n|-damage|p1b: Flutter Mane|27\/100\n|move|p1b: Flutter Mane|Shadow Ball|p2a: Kingambit\n|-damage|p2a: Kingambit|50\/100 brn\n|-unboost|p2a: Kingambit|spd|1\n|-ability|p2a: Kingambit|Defiant|boost\n|-boost|p2a: Kingambit|atk|2\n|move|p1a: Salazzle|Sludge Bomb|p2b: Heatran\n|-immune|p2b: Heatran\n|\n|-damage|p2a: Kingambit|44\/100 brn|[from] brn\n|upkeep\n|turn|5\n|-message|Probandoteammvp forfeited.\n|\n|win|NotRubyVGC\n|raw|Probandoteammvp's rating: 1577 &rarr; <strong>1554<\/strong><br \/>(-23 for losing)\n|raw|NotRubyVGC's rating: 1524 &rarr; <strong>1547<\/strong><br \/>(+23 for winning)\n|l|\u2606Probandoteammvp\n","uploadtime":1701030650,"views":3,"p1id":"probandoteammvp","p2id":"notrubyvgc","formatid":"gen9vgc2023regulatione","rating":1547,"private":0,"password":""}