{"id":"gen9vgc2023regulatione-1998514399","p1":"Felpbutnotcooler","p2":"ceriii","format":"[Gen 9] VGC 2023 Regulation E","log":"|j|\u2606Felpbutnotcooler\n|j|\u2606ceriii\n|t:|1700950984\n|gametype|doubles\n|player|p1|Felpbutnotcooler|veteranf|1149\n|player|p2|ceriii|mars|1185\n|teamsize|p1|6\n|teamsize|p2|6\n|gen|9\n|tier|[Gen 9] VGC 2023 Regulation E\n|rated|\n|rule|Species Clause: Limit one of each Pok\u00e9mon\n|rule|Item Clause: Limit one of each item\n|clearpoke\n|poke|p1|Ninetales-Alola, L50, F|\n|poke|p1|Annihilape, L50, M|\n|poke|p1|Heatran, L50, F|\n|poke|p1|Sinistcha-Masterpiece, L50|\n|poke|p1|Palafin, L50, F|\n|poke|p1|Sneasler, L50, M|\n|poke|p2|Annihilape, L50, F|\n|poke|p2|Talonflame, L50, F|\n|poke|p2|Dondozo, L50, M|\n|poke|p2|Tatsugiri, L50, F|\n|poke|p2|Glimmora, L50, F|\n|poke|p2|Rillaboom, L50, F|\n|teampreview|4\nFelpbutnotcooler rejected open team sheets.\n|\n|t:|1700951037\n|start\n|switch|p1a: Ninetales|Ninetales-Alola, L50, F|100\/100\n|switch|p1b: Annihilape|Annihilape, L50, M|100\/100\n|switch|p2a: Glimmora|Glimmora, L50, F|100\/100\n|switch|p2b: Talonflame|Talonflame, L50, F|100\/100\n|-weather|Snow|[from] ability: Snow Warning|[of] p1a: Ninetales\n|turn|1\n|inactive|Battle timer is ON: inactive players will automatically lose when time's up. (requested by ceriii)\n|\n|t:|1700951056\n|move|p1a: Ninetales|Protect|p1a: Ninetales\n|-singleturn|p1a: Ninetales|Protect\n|move|p2b: Talonflame|Will-O-Wisp|p1b: Annihilape\n|-status|p1b: Annihilape|brn\n|move|p1b: Annihilape|Bulk Up|p1b: Annihilape\n|-boost|p1b: Annihilape|atk|1\n|-boost|p1b: Annihilape|def|1\n|move|p2a: Glimmora|Sludge Bomb|p1a: Ninetales\n|-activate|p1a: Ninetales|move: Protect\n|\n|-weather|Snow|[upkeep]\n|-damage|p1b: Annihilape|94\/100 brn|[from] brn\n|upkeep\n|turn|2\n|\n|t:|1700951078\n|switch|p1a: Heatran|Heatran, L50, F|100\/100\n|move|p2b: Talonflame|Dual Wingbeat|p2a: Glimmora\n|-resisted|p2a: Glimmora\n|-damage|p2a: Glimmora|94\/100\n|-activate|p2a: Glimmora|ability: Toxic Debris\n|-sidestart|p1: Felpbutnotcooler|move: Toxic Spikes\n|-resisted|p2a: Glimmora\n|-damage|p2a: Glimmora|88\/100\n|-activate|p2a: Glimmora|ability: Toxic Debris\n|-sidestart|p1: Felpbutnotcooler|move: Toxic Spikes\n|-hitcount|p2a: Glimmora|2\n|move|p1b: Annihilape|Bulk Up|p1b: Annihilape\n|-boost|p1b: Annihilape|atk|1\n|-boost|p1b: Annihilape|def|1\n|move|p2a: Glimmora|Sludge Bomb|p1a: Heatran\n|-immune|p1a: Heatran\n|\n|-weather|Snow|[upkeep]\n|-heal|p1b: Annihilape|100\/100 brn|[from] item: Leftovers\n|-damage|p1b: Annihilape|94\/100 brn|[from] brn\n|upkeep\n|turn|3\n|inactive|Felpbutnotcooler has 30 seconds left.\n|inactive|ceriii has 30 seconds left.\n|inactive|ceriii has 20 seconds left.\n|\n|t:|1700951113\n|move|p2b: Talonflame|Tailwind|p2b: Talonflame\n|-sidestart|p2: ceriii|move: Tailwind\n|move|p2a: Glimmora|Power Gem|p1a: Heatran\n|-damage|p1a: Heatran|60\/100\n|move|p1b: Annihilape|Bulk Up|p1b: Annihilape\n|-boost|p1b: Annihilape|atk|1\n|-boost|p1b: Annihilape|def|1\n|move|p1a: Heatran|Flash Cannon|p2a: Glimmora\n|-supereffective|p2a: Glimmora\n|-damage|p2a: Glimmora|19\/100\n|\n|-weather|Snow|[upkeep]\n|-heal|p1b: Annihilape|100\/100 brn|[from] item: Leftovers\n|-damage|p1b: Annihilape|94\/100 brn|[from] brn\n|upkeep\n|turn|4\n|\n|t:|1700951129\n|move|p1b: Annihilape|Protect|p1b: Annihilape\n|-singleturn|p1b: Annihilape|Protect\n|move|p2b: Talonflame|Bulk Up|p2b: Talonflame\n|-boost|p2b: Talonflame|atk|1\n|-boost|p2b: Talonflame|def|1\n|move|p2a: Glimmora|Power Gem|p1a: Heatran\n|-damage|p1a: Heatran|19\/100\n|move|p1a: Heatran|Flash Cannon|p2a: Glimmora\n|-supereffective|p2a: Glimmora\n|-damage|p2a: Glimmora|0 fnt\n|faint|p2a: Glimmora\n|\n|-weather|Snow|[upkeep]\n|-heal|p1b: Annihilape|100\/100 brn|[from] item: Leftovers\n|-damage|p1b: Annihilape|94\/100 brn|[from] brn\n|upkeep\n|\n|t:|1700951141\n|switch|p2a: Dondozo|Dondozo, L50, M|100\/100\n|turn|5\n|\n|t:|1700951156\n|switch|p2b: Tatsugiri|Tatsugiri, L50, F|100\/100\n|-activate|p2b: Tatsugiri|ability: Commander|[of] p2a: Dondozo\n|-boost|p2a: Dondozo|atk|2\n|-boost|p2a: Dondozo|spa|2\n|-boost|p2a: Dondozo|spe|2\n|-boost|p2a: Dondozo|def|2\n|-boost|p2a: Dondozo|spd|2\n|move|p2a: Dondozo|Order Up|p1a: Heatran\n|-resisted|p1a: Heatran\n|-damage|p1a: Heatran|0 fnt\n|faint|p1a: Heatran\n|-boost|p2a: Dondozo|atk|1\n|move|p1b: Annihilape|Rage Fist|p2b: Tatsugiri|[miss]\n|-miss|p1b: Annihilape|p2b: Tatsugiri\n|\n|-weather|none\n|-heal|p1b: Annihilape|100\/100 brn|[from] item: Leftovers\n|-damage|p1b: Annihilape|94\/100 brn|[from] brn\n|upkeep\n|\n|t:|1700951163\n|switch|p1a: Sinistcha|Sinistcha-Masterpiece, L50|100\/100\n|-status|p1a: Sinistcha|tox\n|-heal|p1b: Annihilape|100\/100 brn|[from] ability: Hospitality|[of] p1a: Sinistcha\n|turn|6\n|\n|t:|1700951181\n|move|p2a: Dondozo|Order Up|p1a: Sinistcha\n|-damage|p1a: Sinistcha|42\/100 tox\n|-boost|p2a: Dondozo|atk|1\n|move|p1b: Annihilape|Drain Punch|p2a: Dondozo\n|-damage|p2a: Dondozo|96\/100\n|move|p1a: Sinistcha|Strength Sap|p2a: Dondozo\n|-unboost|p2a: Dondozo|atk|1\n|-heal|p1a: Sinistcha|100\/100 tox\n|\n|-heal|p2a: Dondozo|100\/100|[from] item: Leftovers\n|-damage|p1a: Sinistcha|94\/100 tox|[from] psn\n|-damage|p1b: Annihilape|94\/100 brn|[from] brn\n|-sideend|p2: ceriii|move: Tailwind\n|upkeep\n|turn|7\n|\n|t:|1700951201\n|-terastallize|p2a: Dondozo|Dragon\n|move|p2a: Dondozo|Order Up|p1a: Sinistcha\n|-damage|p1a: Sinistcha|8\/100 tox\n|-enditem|p1a: Sinistcha|Aguav Berry|[eat]\n|-heal|p1a: Sinistcha|42\/100 tox|[from] item: Aguav Berry\n|-boost|p2a: Dondozo|atk|1\n|move|p1b: Annihilape|Bulk Up|p1b: Annihilape\n|-boost|p1b: Annihilape|atk|1\n|-boost|p1b: Annihilape|def|1\n|move|p1a: Sinistcha|Strength Sap|p2a: Dondozo\n|-unboost|p2a: Dondozo|atk|1\n|-heal|p1a: Sinistcha|100\/100 tox\n|\n|-heal|p1b: Annihilape|100\/100 brn|[from] item: Leftovers\n|-damage|p1a: Sinistcha|88\/100 tox|[from] psn\n|-damage|p1b: Annihilape|94\/100 brn|[from] brn\n|upkeep\n|turn|8\n|\n|t:|1700951219\n|move|p2a: Dondozo|Order Up|p1a: Sinistcha\n|-damage|p1a: Sinistcha|6\/100 tox\n|-boost|p2a: Dondozo|atk|1\n|move|p1b: Annihilape|Bulk Up|p1b: Annihilape\n|-boost|p1b: Annihilape|atk|1\n|-boost|p1b: Annihilape|def|1\n|move|p1a: Sinistcha|Strength Sap|p2a: Dondozo\n|-unboost|p2a: Dondozo|atk|1\n|-heal|p1a: Sinistcha|100\/100 tox\n|\n|-heal|p1b: Annihilape|100\/100 brn|[from] item: Leftovers\n|-damage|p1a: Sinistcha|82\/100 tox|[from] psn\n|-damage|p1b: Annihilape|94\/100 brn|[from] brn\n|upkeep\n|turn|9\n|\n|t:|1700951234\n|move|p2a: Dondozo|Order Up|p1a: Sinistcha\n|-damage|p1a: Sinistcha|0 fnt\n|faint|p1a: Sinistcha\n|-boost|p2a: Dondozo|atk|1\n|move|p1b: Annihilape|Bulk Up|p1b: Annihilape\n|-boost|p1b: Annihilape|atk|1\n|-boost|p1b: Annihilape|def|1\n|\n|-heal|p1b: Annihilape|100\/100 brn|[from] item: Leftovers\n|-damage|p1b: Annihilape|94\/100 brn|[from] brn\n|upkeep\n|\n|t:|1700951242\n|switch|p1a: Ninetales|Ninetales-Alola, L50, F|100\/100\n|-status|p1a: Ninetales|tox\n|-weather|Snow|[from] ability: Snow Warning|[of] p1a: Ninetales\n|turn|10\n|\n|t:|1700951249\n|move|p1a: Ninetales|Aurora Veil|p1a: Ninetales\n|-sidestart|p1: Felpbutnotcooler|move: Aurora Veil\n|move|p1b: Annihilape|Drain Punch|p2a: Dondozo\n|-damage|p2a: Dondozo|95\/100\n|-heal|p1b: Annihilape|98\/100 brn|[from] drain|[of] p2a: Dondozo\n|move|p2a: Dondozo|Earthquake|p1b: Annihilape|[spread] p1a,p1b\n|-miss|p2a: Dondozo|p2b: Tatsugiri\n|-damage|p1a: Ninetales|51\/100 tox\n|-damage|p1b: Annihilape|52\/100 brn\n|\n|-weather|Snow|[upkeep]\n|-heal|p2a: Dondozo|100\/100|[from] item: Leftovers\n|-heal|p1b: Annihilape|58\/100 brn|[from] item: Leftovers\n|-damage|p1a: Ninetales|45\/100 tox|[from] psn\n|-damage|p1b: Annihilape|52\/100 brn|[from] brn\n|upkeep\n|turn|11\n|\n|t:|1700951264\n|move|p1a: Ninetales|Blizzard|p2b: Tatsugiri|[spread] p2a\n|-miss|p1a: Ninetales|p2b: Tatsugiri\n|-supereffective|p2a: Dondozo\n|-damage|p2a: Dondozo|74\/100\n|move|p1b: Annihilape|Drain Punch|p2a: Dondozo\n|-damage|p2a: Dondozo|69\/100\n|-heal|p1b: Annihilape|56\/100 brn|[from] drain|[of] p2a: Dondozo\n|move|p2a: Dondozo|Earthquake|p1a: Ninetales|[spread] p1a,p1b\n|-miss|p2a: Dondozo|p2b: Tatsugiri\n|-crit|p1b: Annihilape\n|-damage|p1a: Ninetales|0 fnt\n|-damage|p1b: Annihilape|0 fnt\n|faint|p1a: Ninetales\n|faint|p1b: Annihilape\n|\n|win|ceriii\n|raw|Felpbutnotcooler's rating: 1149 &rarr; <strong>1127<\/strong><br \/>(-22 for losing)\n|raw|ceriii's rating: 1185 &rarr; <strong>1207<\/strong><br \/>(+22 for winning)\n|c|\u2606ceriii|gg\n|l|\u2606Felpbutnotcooler\n","uploadtime":1700951306,"views":2,"p1id":"felpbutnotcooler","p2id":"ceriii","formatid":"gen9vgc2023regulatione","rating":1127,"private":0,"password":""}