{"id":"gen9vgc2023regulatione-1998591705","p1":"JeremryGaming","p2":"AvianRoseline","format":"[Gen 9] VGC 2023 Regulation E","log":"|j|\u2606JeremryGaming\n|j|\u2606AvianRoseline\n|t:|1700960309\n|gametype|doubles\n|player|p1|JeremryGaming|1|1000\n|player|p2|AvianRoseline|cynthia-gen4|1056\n|teamsize|p1|6\n|teamsize|p2|6\n|gen|9\n|tier|[Gen 9] VGC 2023 Regulation E\n|rated|\n|rule|Species Clause: Limit one of each Pok\u00e9mon\n|rule|Item Clause: Limit one of each item\n|clearpoke\n|poke|p1|Ogerpon-Hearthflame, L50, F|\n|poke|p1|Landorus-Therian, L50, M|\n|poke|p1|Iron Hands, L50|\n|poke|p1|Tornadus, L50, M|\n|poke|p1|Chien-Pao, L50|\n|poke|p1|Ursaluna, L50, M|\n|poke|p2|Okidogi, L50, M|\n|poke|p2|Armarouge, L50, F|\n|poke|p2|Indeedee-F, L50, F|\n|poke|p2|Espathra, L50, F|\n|poke|p2|Landorus-Therian, L50, M|\n|poke|p2|Dragapult, L50, M|\n|teampreview|4\n|\n|t:|1700960327\n|start\n|switch|p1a: Tornadus|Tornadus, L50, M|100\/100\n|switch|p1b: Iron Hands|Iron Hands, L50|100\/100\n|switch|p2a: Cactus|Okidogi, L50, M|100\/100\n|switch|p2b: Grillby|Armarouge, L50, F|100\/100\n|turn|1\n|\n|t:|1700960354\n|-terastallize|p2a: Cactus|Dark\n|move|p1b: Iron Hands|Fake Out|p2b: Grillby\n|-damage|p2b: Grillby|83\/100\n|-ability|p2b: Grillby|Weak Armor|boost\n|-unboost|p2b: Grillby|def|1\n|-boost|p2b: Grillby|spe|2\n|move|p1a: Tornadus|Tailwind|p1a: Tornadus\n|-sidestart|p1: JeremryGaming|move: Tailwind\n|cant|p2b: Grillby|flinch\n|move|p2a: Cactus|Knock Off|p1b: Iron Hands\n|-resisted|p1b: Iron Hands\n|-damage|p1b: Iron Hands|84\/100\n|-status|p1b: Iron Hands|tox|[from] ability: Toxic Chain|[of] p2a: Cactus\n|-enditem|p1b: Iron Hands|Leftovers|[from] move: Knock Off|[of] p2a: Cactus\n|\n|-damage|p2a: Cactus|88\/100|[from] item: Black Sludge\n|-damage|p1b: Iron Hands|78\/100 tox|[from] psn\n|upkeep\n|turn|2\n|\n|t:|1700960402\n|switch|p1a: Ogerpon|Ogerpon-Hearthflame, L50, F|100\/100\n|-ability|p1a: Ogerpon|Mold Breaker\n|move|p2b: Grillby|Ally Switch|p2b: Grillby\n|swap|p2b: Grillby|0|[from] move: Ally Switch\n|move|p1b: Iron Hands|Drain Punch|p2a: Grillby\n|-resisted|p2a: Grillby\n|-damage|p2a: Grillby|48\/100\n|-heal|p1b: Iron Hands|89\/100 tox|[from] drain|[of] p2a: Grillby\n|-ability|p2a: Grillby|Weak Armor|boost\n|-unboost|p2a: Grillby|def|1\n|-boost|p2a: Grillby|spe|2\n|move|p2b: Cactus|Bulk Up|p2b: Cactus\n|-boost|p2b: Cactus|atk|1\n|-boost|p2b: Cactus|def|1\n|\n|-damage|p2b: Cactus|75\/100|[from] item: Black Sludge\n|-damage|p1b: Iron Hands|76\/100 tox|[from] psn\n|upkeep\n|turn|3\n|\n|t:|1700960428\n|move|p1a: Ogerpon|Spiky Shield|p1a: Ogerpon\n|-singleturn|p1a: Ogerpon|move: Protect\n|move|p2a: Grillby|Disable|p1b: Iron Hands\n|-start|p1b: Iron Hands|Disable|Drain Punch\n|move|p1b: Iron Hands|Volt Switch|p2a: Grillby\n|-damage|p2a: Grillby|30\/100\n|\n|t:|1700960440\n|-end|p1b: Iron Hands|Quark Drive|[silent]\n|switch|p1b: Ursaluna|Ursaluna, L50, M|100\/100|[from] Volt Switch\n|move|p2b: Cactus|Bulk Up|p2b: Cactus\n|-boost|p2b: Cactus|atk|1\n|-boost|p2b: Cactus|def|1\n|\n|-damage|p2b: Cactus|63\/100|[from] item: Black Sludge\n|-status|p1b: Ursaluna|brn|[from] item: Flame Orb\n|upkeep\n|turn|4\n|\n|t:|1700960460\n|move|p2a: Grillby|Disable||[still]\n|-fail|p2a: Grillby\n|move|p1a: Ogerpon|Swords Dance|p1a: Ogerpon\n|-boost|p1a: Ogerpon|atk|2\n|move|p1b: Ursaluna|Facade|p2b: Cactus\n|-damage|p2b: Cactus|13\/100\n|move|p2b: Cactus|Knock Off|p1b: Ursaluna\n|-damage|p1b: Ursaluna|25\/100 brn\n|-enditem|p1b: Ursaluna|Flame Orb|[from] move: Knock Off|[of] p2b: Cactus\n|\n|-damage|p2b: Cactus|0 fnt|[from] item: Black Sludge\n|faint|p2b: Cactus\n|-damage|p1b: Ursaluna|19\/100 brn|[from] brn\n|-sideend|p1: JeremryGaming|move: Tailwind\n|upkeep\n|\n|t:|1700960479\n|switch|p2b: indeed. e.|Indeedee-F, L50, F, shiny|100\/100\n|-fieldstart|move: Psychic Terrain|[from] ability: Psychic Surge|[of] p2b: indeed. e.\n|turn|5\n|\n|t:|1700960493\n|switch|p1b: Tornadus|Tornadus, L50, M|100\/100\n|move|p2b: indeed. e.|Helping Hand|p2a: Grillby\n|-singleturn|p2a: Grillby|Helping Hand|[of] p2b: indeed. e.\n|move|p2a: Grillby|Expanding Force|p1b: Tornadus|[spread] p1a,p1b\n|-damage|p1a: Ogerpon|11\/100\n|-damage|p1b: Tornadus|16\/100\n|move|p1a: Ogerpon|Ivy Cudgel|p2a: Grillby|[anim] Ivy Cudgel Fire\n|-resisted|p2a: Grillby\n|-damage|p2a: Grillby|0 fnt\n|faint|p2a: Grillby\n|\n|upkeep\n|\n|t:|1700960507\n|switch|p2a: Chonkers|Espathra, L50, F|100\/100\n|turn|6\n|\n|t:|1700960526\n|move|p2b: indeed. e.|Follow Me|p2b: indeed. e.\n|-singleturn|p2b: indeed. e.|move: Follow Me\n|move|p1b: Tornadus|Tailwind|p1b: Tornadus\n|-sidestart|p1: JeremryGaming|move: Tailwind\n|move|p1a: Ogerpon|Ivy Cudgel|p2b: indeed. e.|[anim] Ivy Cudgel Fire\n|-damage|p2b: indeed. e.|0 fnt\n|faint|p2b: indeed. e.\n|move|p2a: Chonkers|Dazzling Gleam|p1a: Ogerpon|[spread] p1a,p1b\n|-resisted|p1a: Ogerpon\n|-crit|p1b: Tornadus\n|-damage|p1a: Ogerpon|2\/100\n|-damage|p1b: Tornadus|0 fnt\n|faint|p1b: Tornadus\n|\n|upkeep\n|\n|t:|1700960537\n|switch|p1b: Ursaluna|Ursaluna, L50, M|19\/100 brn\n|turn|7\n|\n|t:|1700960548\n|-terastallize|p1a: Ogerpon|Fire\n|detailschange|p1a: Ogerpon|Ogerpon-Hearthflame-Tera, L50, F, tera:Fire\n|-ability|p1a: Ogerpon|Embody Aspect (Hearthflame)|boost\n|-boost|p1a: Ogerpon|atk|1\n|-ability|p2a: Chonkers|Opportunist|boost\n|-boost|p2a: Chonkers|atk|1\n|move|p1a: Ogerpon|Ivy Cudgel|p2a: Chonkers|[anim] Ivy Cudgel Fire\n|-damage|p2a: Chonkers|0 fnt\n|faint|p2a: Chonkers\n|\n|win|JeremryGaming\n|raw|JeremryGaming's rating: 1000 &rarr; <strong>1046<\/strong><br \/>(+46 for winning)\n|raw|AvianRoseline's rating: 1056 &rarr; <strong>1035<\/strong><br \/>(-21 for losing)\n|l|\u2606JeremryGaming\n","uploadtime":1700960559,"views":4,"p1id":"jeremrygaming","p2id":"avianroseline","formatid":"gen9vgc2023regulatione","rating":1035,"private":0,"password":""}