{"id":"gen9vgc2023regulatione-1999861266","p1":"tiiibbs","p2":"testlab12","format":"[Gen 9] VGC 2023 Regulation E","log":"|j|\u2606tiiibbs\n|j|\u2606testlab12\n|n|\u2606tiiibbs|tiiibbs\n|n|\u2606testlab12|testlab12\n|html|View the match progress at <a href=\"\/game-bestof3-gen9vgc2023regulatione-1999852923\">game-bestof3-gen9vgc2023regulatione-1999852923<\/a>\n|t:|1701123759\n|gametype|doubles\n|player|p1|tiiibbs|clay|\n|player|p2|testlab12|ghetsis|\n|teamsize|p1|6\n|teamsize|p2|6\n|gen|9\n|tier|[Gen 9] VGC 2023 Regulation E\n|rule|Species Clause: Limit one of each Pok\u00e9mon\n|rule|Item Clause: Limit one of each item\n|clearpoke\n|poke|p1|Urshifu-*, L50, F|\n|poke|p1|Rillaboom, L50, M|\n|poke|p1|Hawlucha, L50, F|\n|poke|p1|Zapdos, L50|\n|poke|p1|Tinkaton, L50, F|\n|poke|p1|Persian-Alola, L50, F|\n|poke|p2|Iron Hands, L50|\n|poke|p2|Ogerpon, L50, F|\n|poke|p2|Arcanine-Hisui, L50, F|\n|poke|p2|Krookodile, L50, F|\n|poke|p2|Clefairy, L50, F|\n|poke|p2|Bruxish, L50, M|\n|teampreview|4\ntestlab12 has agreed to open team sheets.\ntiiibbs has agreed to open team sheets.\n|showteam|p1|Urshifu-Rapid-Strike||ClearAmulet|UnseenFist|SurgingStrikes,TeraBlast,BulkUp,Protect|||F|||50|,,,,,Fairy]Rillaboom||OccaBerry|GrassySurge|FakeOut,GrassyGlide,StompingTantrum,Uturn|||M|||50|,,,,,Dragon]Hawlucha||GrassySeed|Unburden|Acrobatics,CloseCombat,Protect,SwordsDance|||F|||50|,,,,,Flying]Zapdos||CovertCloak|Static|Hurricane,Thunderbolt,Tailwind,VoltSwitch||||||50|,,,,,Electric]Tinkaton||RedCard|MoldBreaker|FakeOut,PlayRough,Encore,ThunderWave|||F|||50|,,,,,Fairy]Persian-Alola||ChoiceScarf|FurCoat|FakeOut,PartingShot,Switcheroo,FoulPlay|||F|||50|,,,,,Dark\n|showteam|p2|Iron Hands||BoosterEnergy|QuarkDrive|DrainPunch,ThunderPunch,FakeOut,SwordsDance||||||50|,,,,,Fighting]Ogerpon||RazorClaw|Defiant|IvyCudgel,StompingTantrum,KnockOff,SpikyShield|||F|||50|,,,,,Grass]Arcanine-Hisui||ChoiceScarf|Intimidate|ExtremeSpeed,FlareBlitz,RockSlide,TeraBlast|||F|||50|,,,,,Fairy]Krookodile||AssaultVest|Intimidate|HighHorsepower,KnockOff,CloseCombat,RockSlide|||F|||50|,,,,,Ground]Clefairy||Eviolite|FriendGuard|HealPulse,HelpingHand,FollowMe,Protect|||F|||50|,,,,,Fairy]Bruxish||SitrusBerry|Dazzling|WaveCrash,PsychicFangs,Taunt,Protect|||M|||50|,,,,,Water\n|\n|t:|1701123867\n|start\n|switch|p1a: Zapdos|Zapdos, L50|100\/100\n|switch|p1b: Persian|Persian-Alola, L50, F|100\/100\n|switch|p2a: Ogerpon|Ogerpon, L50, F|100\/100\n|switch|p2b: Arcanine|Arcanine-Hisui, L50, F|100\/100\n|-ability|p2b: Arcanine|Intimidate|boost\n|-unboost|p1a: Zapdos|atk|1\n|-unboost|p1b: Persian|atk|1\n|turn|1\n|\n|t:|1701123898\n|switch|p2a: Bruxish|Bruxish, L50, M|100\/100\n|move|p1b: Persian|Parting Shot|p2b: Arcanine\n|-unboost|p2b: Arcanine|atk|1\n|-unboost|p2b: Arcanine|spa|1\n|\n|t:|1701123903\n|switch|p1b: Urshifu|Urshifu-Rapid-Strike, L50, F|100\/100|[from] Parting Shot\n|move|p2b: Arcanine|Rock Slide|p1b: Urshifu|[spread] p1a,p1b\n|-supereffective|p1a: Zapdos\n|-resisted|p1b: Urshifu\n|-damage|p1a: Zapdos|67\/100\n|-damage|p1b: Urshifu|92\/100\n|move|p1a: Zapdos|Hurricane|p2a: Bruxish|[miss]\n|-miss|p1a: Zapdos|p2a: Bruxish\n|\n|upkeep\n|turn|2\n|\n|t:|1701123939\n|-terastallize|p1b: Urshifu|Fairy\n|move|p2b: Arcanine|Rock Slide|p1a: Zapdos|[spread] p1a\n|-miss|p2b: Arcanine|p1b: Urshifu\n|-supereffective|p1a: Zapdos\n|-damage|p1a: Zapdos|36\/100\n|move|p1b: Urshifu|Bulk Up|p1b: Urshifu\n|-boost|p1b: Urshifu|atk|1\n|-boost|p1b: Urshifu|def|1\n|move|p1a: Zapdos|Volt Switch|p2b: Arcanine\n|-damage|p2b: Arcanine|63\/100\n|\n|t:|1701123962\n|switch|p1a: Persian|Persian-Alola, L50, F|100\/100|[from] Volt Switch\n|move|p2a: Bruxish|Psychic Fangs|p1b: Urshifu\n|-damage|p1b: Urshifu|71\/100\n|\n|upkeep\n|turn|3\n|\n|t:|1701123977\n|switch|p2b: Krookodile|Krookodile, L50, F|100\/100\n|-ability|p2b: Krookodile|Intimidate|boost\n|-unboost|p1a: Persian|atk|1\n|-fail|p1b: Urshifu|unboost|[from] item: Clear Amulet|[of] p1b: Urshifu\n|move|p1a: Persian|Foul Play|p2a: Bruxish\n|-supereffective|p2a: Bruxish\n|-damage|p2a: Bruxish|17\/100\n|-enditem|p2a: Bruxish|Sitrus Berry|[eat]\n|-heal|p2a: Bruxish|42\/100|[from] item: Sitrus Berry\n|move|p1b: Urshifu|Surging Strikes|p2b: Krookodile\n|-supereffective|p2b: Krookodile\n|-crit|p2b: Krookodile\n|-damage|p2b: Krookodile|28\/100\n|-supereffective|p2b: Krookodile\n|-crit|p2b: Krookodile\n|-damage|p2b: Krookodile|0 fnt\n|faint|p2b: Krookodile\n|-hitcount|p2: Krookodile|2\n|move|p2a: Bruxish|Taunt|p1b: Urshifu\n|-start|p1b: Urshifu|move: Taunt\n|\n|upkeep\n|\n|t:|1701123990\n|switch|p2b: Ogerpon|Ogerpon, L50, F|100\/100\n|turn|4\n|\n|t:|1701124038\n|-terastallize|p2b: Ogerpon|Grass\n|detailschange|p2b: Ogerpon|Ogerpon-Teal-Tera, L50, F, tera:Grass\n|-ability|p2b: Ogerpon|Embody Aspect (Teal)|boost\n|-boost|p2b: Ogerpon|spe|1\n|move|p2a: Bruxish|Protect|p2a: Bruxish\n|-singleturn|p2a: Bruxish|Protect\n|move|p1a: Persian|Foul Play|p2b: Ogerpon\n|-damage|p2b: Ogerpon|39\/100\n|move|p2b: Ogerpon|Ivy Cudgel|p1b: Urshifu\n|-crit|p1b: Urshifu\n|-damage|p1b: Urshifu|0 fnt\n|faint|p1b: Urshifu\n|\n|upkeep\n|\n|t:|1701124048\n|switch|p1b: Zapdos|Zapdos, L50|36\/100\n|turn|5\n|\n|t:|1701124098\n|move|p2b: Ogerpon|Spiky Shield|p2b: Ogerpon\n|-singleturn|p2b: Ogerpon|move: Protect\n|move|p1a: Persian|Foul Play|p2b: Ogerpon\n|-activate|p2b: Ogerpon|move: Protect\n|-damage|p1a: Persian|88\/100|[from] Spiky Shield|[of] p2b: Ogerpon\n|move|p1b: Zapdos|Thunderbolt|p2a: Bruxish\n|-supereffective|p2a: Bruxish\n|-damage|p2a: Bruxish|0 fnt\n|faint|p2a: Bruxish\n|\n|upkeep\n|\n|t:|1701124108\n|switch|p2a: Arcanine|Arcanine-Hisui, L50, F|63\/100\n|-ability|p2a: Arcanine|Intimidate|boost\n|-unboost|p1a: Persian|atk|1\n|-unboost|p1b: Zapdos|atk|1\n|turn|6\n|\n|t:|1701124155\n|move|p1a: Persian|Foul Play|p2b: Ogerpon\n|-damage|p2b: Ogerpon|0 fnt\n|faint|p2b: Ogerpon\n|move|p2a: Arcanine|Rock Slide|p1a: Persian|[spread] p1b\n|-miss|p2a: Arcanine|p1a: Persian\n|-supereffective|p1b: Zapdos\n|-damage|p1b: Zapdos|0 fnt\n|faint|p1b: Zapdos\n|\n|upkeep\n|\n|t:|1701124162\n|switch|p1b: Tinkaton|Tinkaton, L50, F|100\/100\n|-ability|p1b: Tinkaton|Mold Breaker\n|turn|7\n|\n|t:|1701124168\n|move|p1b: Tinkaton|Fake Out|p2a: Arcanine\n|-resisted|p2a: Arcanine\n|-damage|p2a: Arcanine|59\/100\n|move|p1a: Persian|Foul Play|p2a: Arcanine\n|-damage|p2a: Arcanine|1\/100\n|cant|p2a: Arcanine|flinch\n|\n|upkeep\n|turn|8\n|c|\u2606testlab12|damn gg\n|\n|t:|1701124177\n|move|p1a: Persian|Foul Play|p2a: Arcanine\n|-damage|p2a: Arcanine|0 fnt\n|faint|p2a: Arcanine\n|\n|win|tiiibbs\n|c|\u2606tiiibbs|gg\n|c|\u2606tiiibbs|wp\n|l|\u2606testlab12\n","uploadtime":1701124185,"views":8,"p1id":"tiiibbs","p2id":"testlab12","formatid":"gen9vgc2023regulatione","rating":0,"private":0,"password":""}