{"id":"gen9vgc2023regulatione-1993492102","p1":"GB Five","p2":"mtshushushu","format":"[Gen 9] VGC 2023 Regulation E","log":"|j|\u2606GB Five\n|j|\u2606mtshushushu\n|t:|1700324331\n|gametype|doubles\n|player|p1|GB Five|265|1649\n|player|p2|mtshushushu|265|1569\n|teamsize|p1|6\n|teamsize|p2|6\n|gen|9\n|tier|[Gen 9] VGC 2023 Regulation E\n|rated|\n|rule|Species Clause: Limit one of each Pok\u00e9mon\n|rule|Item Clause: Limit one of each item\n|clearpoke\n|poke|p1|Weezing, L50, M|\n|poke|p1|Urshifu-*, L50, M|\n|poke|p1|Tornadus, L50, M|\n|poke|p1|Lucario, L50, M|\n|poke|p1|Farigiraf, L50, M|\n|poke|p1|Roaring Moon, L50|\n|poke|p2|Ninetales-Alola, L50, M|\n|poke|p2|Dondozo, L50, F|\n|poke|p2|Tatsugiri, L50, M|\n|poke|p2|Iron Bundle, L50|\n|poke|p2|Ogerpon-Hearthflame, L50, F|\n|poke|p2|Rillaboom, L50, F|\n|teampreview|4\n|inactive|Battle timer is ON: inactive players will automatically lose when time's up. (requested by mtshushushu)\n|\n|t:|1700324390\n|start\n|switch|p1a: \u8d1d\u8d1d\u8d1d\u8d1d\u8d1d\u8d1d\u8d1d\u8d1d|Weezing, L50, M|100\/100\n|switch|p1b: \u9006\u98ce\u56fd\u8db3\uff01\u9006\u98ce\u56fd\u8db3\uff01|Roaring Moon, L50|100\/100\n|switch|p2a: Iron Bundle|Iron Bundle, L50|100\/100\n|switch|p2b: Ogerpon|Ogerpon-Hearthflame, L50, F|100\/100\n|-ability|p1a: \u8d1d\u8d1d\u8d1d\u8d1d\u8d1d\u8d1d\u8d1d\u8d1d|Neutralizing Gas\n|-enditem|p2a: Iron Bundle|Booster Energy\n|-activate|p2a: Iron Bundle|ability: Quark Drive|[fromitem]\n|-start|p2a: Iron Bundle|quarkdrivespe\n|-enditem|p1b: \u9006\u98ce\u56fd\u8db3\uff01\u9006\u98ce\u56fd\u8db3\uff01|Booster Energy\n|-activate|p1b: \u9006\u98ce\u56fd\u8db3\uff01\u9006\u98ce\u56fd\u8db3\uff01|ability: Protosynthesis|[fromitem]\n|-start|p1b: \u9006\u98ce\u56fd\u8db3\uff01\u9006\u98ce\u56fd\u8db3\uff01|protosynthesisspe\n|turn|1\n|\n|t:|1700324413\n|-terastallize|p2b: Ogerpon|Fire\n|detailschange|p2b: Ogerpon|Ogerpon-Hearthflame-Tera, L50, F, tera:Fire\n|move|p2a: Iron Bundle|Icy Wind|p1b: \u9006\u98ce\u56fd\u8db3\uff01\u9006\u98ce\u56fd\u8db3\uff01|[spread] p1a,p1b\n|-supereffective|p1b: \u9006\u98ce\u56fd\u8db3\uff01\u9006\u98ce\u56fd\u8db3\uff01\n|-damage|p1a: \u8d1d\u8d1d\u8d1d\u8d1d\u8d1d\u8d1d\u8d1d\u8d1d|70\/100\n|-damage|p1b: \u9006\u98ce\u56fd\u8db3\uff01\u9006\u98ce\u56fd\u8db3\uff01|66\/100\n|-unboost|p1a: \u8d1d\u8d1d\u8d1d\u8d1d\u8d1d\u8d1d\u8d1d\u8d1d|spe|1\n|-unboost|p1b: \u9006\u98ce\u56fd\u8db3\uff01\u9006\u98ce\u56fd\u8db3\uff01|spe|1\n|move|p1b: \u9006\u98ce\u56fd\u8db3\uff01\u9006\u98ce\u56fd\u8db3\uff01|Tailwind|p1b: \u9006\u98ce\u56fd\u8db3\uff01\u9006\u98ce\u56fd\u8db3\uff01\n|-sidestart|p1: GB Five|move: Tailwind\n|move|p1a: \u8d1d\u8d1d\u8d1d\u8d1d\u8d1d\u8d1d\u8d1d\u8d1d|Gunk Shot|p2b: Ogerpon\n|-damage|p2b: Ogerpon|33\/100\n|move|p2b: Ogerpon|Ivy Cudgel|p1a: \u8d1d\u8d1d\u8d1d\u8d1d\u8d1d\u8d1d\u8d1d\u8d1d|[anim] Ivy Cudgel Fire\n|-crit|p1a: \u8d1d\u8d1d\u8d1d\u8d1d\u8d1d\u8d1d\u8d1d\u8d1d\n|-damage|p1a: \u8d1d\u8d1d\u8d1d\u8d1d\u8d1d\u8d1d\u8d1d\u8d1d|0 fnt\n|faint|p1a: \u8d1d\u8d1d\u8d1d\u8d1d\u8d1d\u8d1d\u8d1d\u8d1d\n|-end|p1a: \u8d1d\u8d1d\u8d1d\u8d1d\u8d1d\u8d1d\u8d1d\u8d1d|ability: Neutralizing Gas\n|-ability|p2b: Ogerpon|Embody Aspect (Hearthflame)|boost\n|-boost|p2b: Ogerpon|atk|1\n|\n|upkeep\n|j| znbr\n|l| znbr\n|\n|t:|1700324433\n|switch|p1a: \u3053\u308c\u308f\u9752\u6625\u3060\uff01|Urshifu, L50, M|100\/100\n|turn|2\n|\n|t:|1700324450\n|-end|p2a: Iron Bundle|Quark Drive|[silent]\n|switch|p2a: Rillaboom|Rillaboom, L50, F|100\/100\n|-fieldstart|move: Grassy Terrain|[from] ability: Grassy Surge|[of] p2a: Rillaboom\n|-terastallize|p1a: \u3053\u308c\u308f\u9752\u6625\u3060\uff01|Dark\n|move|p2b: Ogerpon|Grassy Glide|p1a: \u3053\u308c\u308f\u9752\u6625\u3060\uff01\n|-damage|p1a: \u3053\u308c\u308f\u9752\u6625\u3060\uff01|33\/100\n|move|p1b: \u9006\u98ce\u56fd\u8db3\uff01\u9006\u98ce\u56fd\u8db3\uff01|Knock Off|p2b: Ogerpon\n|-damage|p2b: Ogerpon|0 fnt\n|faint|p2b: Ogerpon\n|move|p1a: \u3053\u308c\u308f\u9752\u6625\u3060\uff01|Wicked Blow|p2a: Rillaboom\n|-crit|p2a: Rillaboom\n|-damage|p2a: Rillaboom|0 fnt\n|faint|p2a: Rillaboom\n|\n|-heal|p1b: \u9006\u98ce\u56fd\u8db3\uff01\u9006\u98ce\u56fd\u8db3\uff01|72\/100|[from] Grassy Terrain\n|-heal|p1a: \u3053\u308c\u308f\u9752\u6625\u3060\uff01|39\/100|[from] Grassy Terrain\n|upkeep\n|\n|t:|1700324466\n|switch|p2b: Ninetales|Ninetales-Alola, L50, M|100\/100\n|switch|p2a: Iron Bundle|Iron Bundle, L50|100\/100\n|-weather|Snow|[from] ability: Snow Warning|[of] p2b: Ninetales\n|turn|3\n|inactive|GB Five has 30 seconds left.\n|\n|t:|1700324491\n|move|p1b: \u9006\u98ce\u56fd\u8db3\uff01\u9006\u98ce\u56fd\u8db3\uff01|Knock Off|p2a: Iron Bundle\n|-damage|p2a: Iron Bundle|75\/100\n|move|p1a: \u3053\u308c\u308f\u9752\u6625\u3060\uff01|Wicked Blow|p2a: Iron Bundle\n|-crit|p2a: Iron Bundle\n|-damage|p2a: Iron Bundle|0 fnt\n|faint|p2a: Iron Bundle\n|-end|p2a: Iron Bundle|Quark Drive|[silent]\n|move|p2b: Ninetales|Dazzling Gleam|p1a: \u3053\u308c\u308f\u9752\u6625\u3060\uff01|[spread] p1a,p1b\n|-supereffective|p1a: \u3053\u308c\u308f\u9752\u6625\u3060\uff01\n|-supereffective|p1b: \u9006\u98ce\u56fd\u8db3\uff01\u9006\u98ce\u56fd\u8db3\uff01\n|-damage|p1a: \u3053\u308c\u308f\u9752\u6625\u3060\uff01|0 fnt\n|-damage|p1b: \u9006\u98ce\u56fd\u8db3\uff01\u9006\u98ce\u56fd\u8db3\uff01|4\/100\n|faint|p1a: \u3053\u308c\u308f\u9752\u6625\u3060\uff01\n|\n|-weather|Snow|[upkeep]\n|-heal|p1b: \u9006\u98ce\u56fd\u8db3\uff01\u9006\u98ce\u56fd\u8db3\uff01|10\/100|[from] Grassy Terrain\n|upkeep\n|\n|t:|1700324506\n|switch|p1a: \u559c\u6b22\u6253\u5148\u5236\uff1f|Farigiraf, L50, M|100\/100\n|turn|4\n|\n|t:|1700324511\n|move|p1b: \u9006\u98ce\u56fd\u8db3\uff01\u9006\u98ce\u56fd\u8db3\uff01|Protect|p1b: \u9006\u98ce\u56fd\u8db3\uff01\u9006\u98ce\u56fd\u8db3\uff01\n|-singleturn|p1b: \u9006\u98ce\u56fd\u8db3\uff01\u9006\u98ce\u56fd\u8db3\uff01|Protect\n|move|p1a: \u559c\u6b22\u6253\u5148\u5236\uff1f|Psychic|p2b: Ninetales\n|-damage|p2b: Ninetales|57\/100\n|move|p2b: Ninetales|Blizzard|p1b: \u9006\u98ce\u56fd\u8db3\uff01\u9006\u98ce\u56fd\u8db3\uff01|[spread] p1a\n|-activate|p1b: \u9006\u98ce\u56fd\u8db3\uff01\u9006\u98ce\u56fd\u8db3\uff01|move: Protect\n|-damage|p1a: \u559c\u6b22\u6253\u5148\u5236\uff1f|75\/100\n|\n|-weather|Snow|[upkeep]\n|-heal|p1b: \u9006\u98ce\u56fd\u8db3\uff01\u9006\u98ce\u56fd\u8db3\uff01|16\/100|[from] Grassy Terrain\n|-heal|p1a: \u559c\u6b22\u6253\u5148\u5236\uff1f|81\/100|[from] Grassy Terrain\n|-heal|p2b: Ninetales|63\/100|[from] Grassy Terrain\n|-sideend|p1: GB Five|move: Tailwind\n|upkeep\n|turn|5\n|-message|mtshushushu forfeited.\n|\n|win|GB Five\n|raw|GB Five's rating: 1649 &rarr; <strong>1664<\/strong><br \/>(+15 for winning)\n|raw|mtshushushu's rating: 1569 &rarr; <strong>1554<\/strong><br \/>(-15 for losing)\n|l|\u2606mtshushushu\n","uploadtime":1700324534,"views":7,"p1id":"gbfive","p2id":"mtshushushu","formatid":"gen9vgc2023regulatione","rating":1554,"private":0,"password":""}