{"id":"gen9vgc2023regulatione-1988716547","p1":"spork2000","p2":"E.Bluemage","format":"[Gen 9] VGC 2023 Regulation E","log":"|j|\u2606spork2000\n|j|\u2606E.Bluemage\n|n|\u2606spork2000|spork2000\n|n|\u2606E.Bluemage|ebluemage\n|html|View the match progress at <a href=\"\/game-bestof3-gen9vgc2023regulatione-1988714331\">game-bestof3-gen9vgc2023regulatione-1988714331<\/a>\n|t:|1699754211\n|gametype|doubles\n|player|p1|spork2000|170|\n|player|p2|E.Bluemage|gentleman-gen4dp|\n|teamsize|p1|6\n|teamsize|p2|6\n|gen|9\n|tier|[Gen 9] VGC 2023 Regulation E\n|rule|Species Clause: Limit one of each Pok\u00e9mon\n|rule|Item Clause: Limit one of each item\n|clearpoke\n|poke|p1|Jumpluff, L50, F|\n|poke|p1|Ninetales, L50, F|\n|poke|p1|Flutter Mane, L50|\n|poke|p1|Thundurus, L50, M|\n|poke|p1|Ogerpon-Hearthflame, L50, F|\n|poke|p1|Great Tusk, L50|\n|poke|p2|Ninetales, L50, M|\n|poke|p2|Farigiraf, L50, M|\n|poke|p2|Typhlosion-Hisui, L50, F|\n|poke|p2|Lilligant-Hisui, L50, F|\n|poke|p2|Flutter Mane, L50|\n|poke|p2|Ursaluna, L50, M|\n|teampreview|4\n|inactive|Battle timer is ON: inactive players will automatically lose when time's up. (requested by E.Bluemage)\nspork2000 has agreed to open team sheets.\n|j| Bardemis\nE.Bluemage has agreed to open team sheets.\n|showteam|p1|Jumpluff||WideLens|Chlorophyll|SleepPowder,Protect,Encore,Tailwind|||F|||50|,,,,,Ghost]Ninetales||ChoiceSpecs|Drought|Overheat,EnergyBall,HeatWave,Extrasensory|||F|||50|,,,,,Fire]Flutter Mane||LifeOrb|Protosynthesis|Substitute,DazzlingGleam,Protect,ShadowBall||||||50|,,,,,Fairy]Thundurus||FocusSash|Prankster|SunnyDay,ThunderWave,Thunderbolt,Uturn|||M|||50|,,,,,Ghost]Ogerpon-Hearthflame||HearthflameMask|MoldBreaker|FollowMe,IvyCudgel,KnockOff,SpikyShield|||F|||50|,,,,,Fire]Great Tusk||ChoiceScarf|Protosynthesis|HeadlongRush,CloseCombat,IceSpinner,StoneEdge||||||50|,,,,,Ground\n|showteam|p2|Ninetales||HeatRock|Drought|SolarBeam,Protect,Flamethrower,NastyPlot|||M|||50|,,,,,Grass]Farigiraf||SitrusBerry|ArmorTail|Imprison,HyperVoice,HelpingHand,Psychic|||M|||50|,,,,,Fairy]Typhlosion-Hisui||Charcoal|Blaze|Eruption,InfernalParade,WillOWisp,Protect|||F|||50|,,,,,Fire]Lilligant-Hisui||ExpertBelt|Chlorophyll|SolarBlade,AxeKick,IceSpinner,SleepPowder|||F|||50|,,,,,Fighting]Flutter Mane||LifeOrb|Protosynthesis|Thunderbolt,ShadowBall,Psyshock,Moonblast||||||50|,,,,,Fairy]Ursaluna||AssaultVest|Guts|Earthquake,Facade,CloseCombat,GunkShot|||M|||50|,,,,,Ghost\n|inactive|spork2000 has 30 seconds left.\n|inactive|spork2000 has 20 seconds left.\n|inactive|spork2000 has 15 seconds left.\n|inactive|spork2000 has 10 seconds left.\n|j| olmecssb\n|\n|t:|1699754288\n|start\n|switch|p1a: Fluffball|Jumpluff, L50, F|100\/100\n|switch|p1b: Nine Tails|Ninetales, L50, F|100\/100\n|switch|p2a: Skipmore|Lilligant-Hisui, L50, F|100\/100\n|switch|p2b: Amaterasu|Ninetales, L50, M|100\/100\n|-weather|SunnyDay|[from] ability: Drought|[of] p2b: Amaterasu\n|turn|1\n|\n|t:|1699754305\n|move|p1a: Fluffball|Tailwind|p1a: Fluffball\n|-sidestart|p1: spork2000|move: Tailwind\n|move|p1b: Nine Tails|Overheat|p2a: Skipmore\n|-supereffective|p2a: Skipmore\n|-damage|p2a: Skipmore|0 fnt\n|-unboost|p1b: Nine Tails|spa|2\n|faint|p2a: Skipmore\n|move|p2b: Amaterasu|Nasty Plot|p2b: Amaterasu\n|-boost|p2b: Amaterasu|spa|2\n|\n|-weather|SunnyDay|[upkeep]\n|upkeep\n|\n|t:|1699754322\n|switch|p2a: Shinki|Typhlosion-Hisui, L50, F|100\/100\n|turn|2\n|\n|t:|1699754336\n|-terastallize|p2a: Shinki|Fire\n|move|p1a: Fluffball|Encore|p2b: Amaterasu\n|-start|p2b: Amaterasu|Encore\n|move|p1b: Nine Tails|Overheat|p2a: Shinki\n|-resisted|p2a: Shinki\n|-damage|p2a: Shinki|60\/100\n|-unboost|p1b: Nine Tails|spa|2\n|move|p2b: Amaterasu|Nasty Plot|p2b: Amaterasu\n|-boost|p2b: Amaterasu|spa|2\n|move|p2a: Shinki|Eruption|p1b: Nine Tails|[spread] p1a,p1b\n|-supereffective|p1a: Fluffball\n|-resisted|p1b: Nine Tails\n|-damage|p1a: Fluffball|0 fnt\n|-damage|p1b: Nine Tails|54\/100\n|faint|p1a: Fluffball\n|\n|-weather|SunnyDay|[upkeep]\n|upkeep\n|\n|t:|1699754351\n|switch|p1a: Misdrevus Grandma|Flutter Mane, L50|100\/100\n|-activate|p1a: Misdrevus Grandma|ability: Protosynthesis\n|-start|p1a: Misdrevus Grandma|protosynthesisspe\n|turn|3\n|\n|t:|1699754360\n|switch|p1b: Fire Shrek|Ogerpon-Hearthflame, L50, F|100\/100\n|-ability|p1b: Fire Shrek|Mold Breaker\n|switch|p2b: Mima|Flutter Mane, L50|100\/100\n|-activate|p2b: Mima|ability: Protosynthesis\n|-start|p2b: Mima|protosynthesisspe\n|move|p2a: Shinki|Protect|p2a: Shinki\n|-singleturn|p2a: Shinki|Protect\n|move|p1a: Misdrevus Grandma|Shadow Ball|p2a: Shinki\n|-activate|p2a: Shinki|move: Protect\n|\n|-weather|SunnyDay|[upkeep]\n|upkeep\n|turn|4\n|inactive|E.Bluemage has 30 seconds left.\n|\n|t:|1699754386\n|-end|p2b: Mima|Protosynthesis|[silent]\n|switch|p2b: Amaterasu|Ninetales, L50, M|100\/100\n|move|p2a: Shinki|Protect||[still]\n|-fail|p2a: Shinki\n|move|p1a: Misdrevus Grandma|Substitute|p1a: Misdrevus Grandma\n|-start|p1a: Misdrevus Grandma|Substitute\n|-damage|p1a: Misdrevus Grandma|76\/100\n|move|p1b: Fire Shrek|Knock Off|p2a: Shinki\n|-damage|p2a: Shinki|0 fnt\n|-enditem|p2a: Shinki|Charcoal|[from] move: Knock Off|[of] p1b: Fire Shrek\n|faint|p2a: Shinki\n|\n|-weather|SunnyDay|[upkeep]\n|-sideend|p1: spork2000|move: Tailwind\n|upkeep\n|\n|t:|1699754398\n|switch|p2a: Mima|Flutter Mane, L50|100\/100\n|-activate|p2a: Mima|ability: Protosynthesis\n|-start|p2a: Mima|protosynthesisspe\n|turn|5\n|\n|t:|1699754415\n|move|p1b: Fire Shrek|Follow Me|p1b: Fire Shrek\n|-singleturn|p1b: Fire Shrek|move: Follow Me\n|move|p1a: Misdrevus Grandma|Shadow Ball|p2a: Mima\n|-supereffective|p2a: Mima\n|-damage|p2a: Mima|0 fnt\n|faint|p2a: Mima\n|-end|p2a: Mima|Protosynthesis|[silent]\n|-damage|p1a: Misdrevus Grandma|66\/100|[from] item: Life Orb\n|move|p2b: Amaterasu|Flamethrower|p1b: Fire Shrek\n|-damage|p1b: Fire Shrek|36\/100\n|\n|-weather|SunnyDay|[upkeep]\n|upkeep\n|turn|6\n|\n|t:|1699754433\n|move|p1a: Misdrevus Grandma|Shadow Ball|p2b: Amaterasu\n|-damage|p2b: Amaterasu|27\/100\n|-damage|p1a: Misdrevus Grandma|56\/100|[from] item: Life Orb\n|move|p1b: Fire Shrek|Knock Off|p2b: Amaterasu\n|-damage|p2b: Amaterasu|0 fnt\n|-enditem|p2b: Amaterasu|Heat Rock|[from] move: Knock Off|[of] p1b: Fire Shrek\n|faint|p2b: Amaterasu\n|\n|win|spork2000\n|l|\u2606E.Bluemage\n|l| Bardemis\n|l|\u2606spork2000\n","uploadtime":1699754503,"views":21,"p1id":"spork2000","p2id":"ebluemage","formatid":"gen9vgc2023regulatione","rating":0,"private":0,"password":""}