{"id":"gen9vgc2023regulatione-1989361518","p1":"GrovePlaysGames","p2":"PokeKidMax","format":"[Gen 9] VGC 2023 Regulation E","log":"|j|\u2606GrovePlaysGames\n|j|\u2606PokeKidMax\n|n|\u2606GrovePlaysGames|groveplaysgames\n|n|\u2606PokeKidMax|pokekidmax\n|html|View the match progress at <a href=\"\/game-bestof3-gen9vgc2023regulatione-1989358651\">game-bestof3-gen9vgc2023regulatione-1989358651<\/a>\n|t:|1699840758\n|gametype|doubles\n|player|p1|GrovePlaysGames|hilda|\n|player|p2|PokeKidMax|1|\n|teamsize|p1|6\n|teamsize|p2|6\n|gen|9\n|tier|[Gen 9] VGC 2023 Regulation E\n|rule|Species Clause: Limit one of each Pok\u00e9mon\n|rule|Item Clause: Limit one of each item\n|clearpoke\n|poke|p1|Kingambit, L50, F|\n|poke|p1|Torkoal, L50, M|\n|poke|p1|Indeedee-F, L50, F|\n|poke|p1|Armarouge, L50, F|\n|poke|p1|Lilligant-Hisui, L50, F|\n|poke|p1|Arcanine-Hisui, L50, F|\n|poke|p2|Annihilape, L50, M|\n|poke|p2|Maushold, L50|\n|poke|p2|Dondozo, L50, F|\n|poke|p2|Tatsugiri, L50, F|\n|poke|p2|Pelipper, L50, F|\n|poke|p2|Palafin, L50, M|\n|teampreview|4\n|inactive|Battle timer is ON: inactive players will automatically lose when time's up. (requested by GrovePlaysGames)\n|inactiveoff|Battle timer is now OFF.\nPokeKidMax has agreed to open team sheets.\n|\n|t:|1699840809\n|start\n|switch|p1a: Played|Indeedee-F, L50, F|100\/100\n|switch|p1b: Haven't|Torkoal, L50, M|100\/100\n|switch|p2a: Pelipper|Pelipper, L50, F|100\/100\n|switch|p2b: Dondozo|Dondozo, L50, F|100\/100\n|-weather|RainDance|[from] ability: Drizzle|[of] p2a: Pelipper\n|-fieldstart|move: Psychic Terrain|[from] ability: Psychic Surge|[of] p1a: Played\n|-enditem|p1a: Played|Psychic Seed\n|-boost|p1a: Played|spd|1|[from] item: Psychic Seed\n|-weather|SunnyDay|[from] ability: Drought|[of] p1b: Haven't\n|turn|1\n|c|\u2606GrovePlaysGames|oop\n|j| Yawnchamp\n|\n|t:|1699840843\n|switch|p2a: Palafin|Palafin, L50, M|100\/100\n|move|p2b: Dondozo|Protect|p2b: Dondozo\n|-singleturn|p2b: Dondozo|Protect\n|move|p1b: Haven't|Earth Power|p2b: Dondozo\n|-activate|p2b: Dondozo|move: Protect\n|move|p1a: Played|Trick Room|p1a: Played\n|-fieldstart|move: Trick Room|[of] p1a: Played\n|\n|-weather|SunnyDay|[upkeep]\n|upkeep\n|turn|2\n|c|\u2606PokeKidMax|Oh hi yawn\n|c| Yawnchamp|hi !\n|c|\u2606GrovePlaysGames|hi hi\n|\n|t:|1699840867\n|switch|p1b: Teal|Armarouge, L50, F|100\/100\n|detailschange|p2a: Palafin|Palafin-Hero, L50, M\n|switch|p2a: Pelipper|Pelipper, L50, F|100\/100\n|-weather|RainDance|[from] ability: Drizzle|[of] p2a: Pelipper\n|move|p1a: Played|Follow Me|p1a: Played\n|-singleturn|p1a: Played|move: Follow Me\n|move|p2b: Dondozo|Wave Crash|p1a: Played\n|-damage|p1a: Played|29\/100\n|-damage|p2b: Dondozo|82\/100|[from] Recoil\n|\n|-weather|RainDance|[upkeep]\n|upkeep\n|turn|3\n|\n|t:|1699840892\n|switch|p1a: Haven't|Torkoal, L50, M|100\/100\n|-weather|SunnyDay|[from] ability: Drought|[of] p1a: Haven't\n|-terastallize|p1b: Teal|Grass\n|move|p2b: Dondozo|Protect|p2b: Dondozo\n|-singleturn|p2b: Dondozo|Protect\n|move|p2a: Pelipper|Protect|p2a: Pelipper\n|-singleturn|p2a: Pelipper|Protect\n|move|p1b: Teal|Energy Ball|p2b: Dondozo\n|-activate|p2b: Dondozo|move: Protect\n|\n|-weather|SunnyDay|[upkeep]\n|upkeep\n|turn|4\n|\n|t:|1699840968\n|switch|p2b: Tatsugiri|Tatsugiri, L50, F|100\/100\n|switch|p2a: Palafin|Palafin-Hero, L50, M|100\/100\n|-activate|p2a: Palafin|ability: Zero to Hero\n|move|p1a: Haven't|Eruption|p2b: Tatsugiri|[spread] p2a,p2b\n|-resisted|p2a: Palafin\n|-resisted|p2b: Tatsugiri\n|-damage|p2a: Palafin|52\/100\n|-damage|p2b: Tatsugiri|68\/100\n|move|p1b: Teal|Expanding Force|p2b: Tatsugiri|[spread] p2a,p2b\n|-damage|p2a: Palafin|0 fnt\n|-damage|p2b: Tatsugiri|0 fnt\n|faint|p2a: Palafin\n|faint|p2b: Tatsugiri\n|-damage|p1b: Teal|91\/100|[from] item: Life Orb\n|\n|-weather|SunnyDay|[upkeep]\n|upkeep\n|c|\u2606GrovePlaysGames|DAMN\n|\n|t:|1699840981\n|switch|p2a: Dondozo|Dondozo, L50, F|82\/100\n|switch|p2b: Pelipper|Pelipper, L50, F|100\/100\n|-weather|RainDance|[from] ability: Drizzle|[of] p2b: Pelipper\n|turn|5\n|\n|t:|1699840998\n|switch|p1a: Played|Indeedee-F, L50, F|29\/100\n|-terastallize|p2a: Dondozo|Steel\n|move|p1b: Teal|Energy Ball|p2a: Dondozo\n|-resisted|p2a: Dondozo\n|-damage|p2a: Dondozo|54\/100\n|-damage|p1b: Teal|81\/100|[from] item: Life Orb\n|move|p2a: Dondozo|Wave Crash|p1a: Played\n|-damage|p1a: Played|0 fnt\n|faint|p1a: Played\n|-damage|p2a: Dondozo|46\/100|[from] Recoil\n|move|p2b: Pelipper|Hurricane|p1b: Teal\n|-supereffective|p1b: Teal\n|-damage|p1b: Teal|0 fnt\n|faint|p1b: Teal\n|\n|-weather|RainDance|[upkeep]\n|-fieldend|move: Trick Room\n|-fieldend|move: Psychic Terrain\n|upkeep\n|\n|t:|1699841016\n|switch|p1a: Haven't|Torkoal, L50, M|100\/100\n|switch|p1b: Mask|Lilligant-Hisui, L50, F|100\/100\n|-weather|SunnyDay|[from] ability: Drought|[of] p1a: Haven't\n|turn|6\n|\n|t:|1699841045\n|move|p1b: Mask|Solar Blade||[still]\n|-prepare|p1b: Mask|Solar Blade\n|-anim|p1b: Mask|Solar Blade|p2b: Pelipper\n|-damage|p2b: Pelipper|32\/100\n|move|p2b: Pelipper|Hurricane|p1b: Mask\n|-supereffective|p1b: Mask\n|-enditem|p1b: Mask|Focus Sash\n|-damage|p1b: Mask|1\/100\n|move|p2a: Dondozo|Rest|p2a: Dondozo\n|-status|p2a: Dondozo|slp|[from] move: Rest\n|-enditem|p2a: Dondozo|Lum Berry|[eat]\n|-curestatus|p2a: Dondozo|slp|[msg]\n|-heal|p2a: Dondozo|100\/100|[silent]\n|move|p1a: Haven't|Eruption|p2b: Pelipper|[spread] p2a,p2b\n|-supereffective|p2a: Dondozo\n|-resisted|p2b: Pelipper\n|-damage|p2a: Dondozo|0 fnt\n|-damage|p2b: Pelipper|0 fnt\n|faint|p2a: Dondozo\n|faint|p2b: Pelipper\n|\n|win|GrovePlaysGames\n|inactive|GrovePlaysGames has 50 seconds to confirm battle start!\n|inactive|PokeKidMax has 50 seconds to confirm battle start!\n|c|&|\/uhtml prompt-pokekidmax,PokeKidMax is ready for game 3!\n|c|\u2606GrovePlaysGames|sheeesh\n|c|\u2606GrovePlaysGames|ggs\n|l|\u2606PokeKidMax\n|inactive|GrovePlaysGames has 40 seconds to confirm battle start!\n|c|&|\/uhtml prompt-groveplaysgames,GrovePlaysGames is ready for game 3!\nBoth players are ready! Starting next match!\n|l| Yawnchamp\n","uploadtime":1699841075,"views":32,"p1id":"groveplaysgames","p2id":"pokekidmax","formatid":"gen9vgc2023regulatione","rating":0,"private":0,"password":""}