{"id":"gen9vgc2023regulatione-1991013942","p1":"darasda","p2":"edboiVGC","format":"[Gen 9] VGC 2023 Regulation E","log":"|j|\u2606darasda\n|j|\u2606edboiVGC\n|t:|1700028077\n|gametype|doubles\n|player|p1|darasda|lucas|1339\n|player|p2|edboiVGC|guitarist|1294\n|teamsize|p1|6\n|teamsize|p2|6\n|gen|9\n|tier|[Gen 9] VGC 2023 Regulation E\n|rated|\n|rule|Species Clause: Limit one of each Pok\u00e9mon\n|rule|Item Clause: Limit one of each item\n|clearpoke\n|poke|p1|Moltres-Galar, L50|\n|poke|p1|Arcanine-Hisui, L50, F|\n|poke|p1|Munkidori, L50, M|\n|poke|p1|Sinistcha, L50|\n|poke|p1|Grimmsnarl, L50, M|\n|poke|p1|Milotic, L50, M|\n|poke|p2|Tornadus, L50, M|\n|poke|p2|Urshifu-*, L50, F|\n|poke|p2|Landorus-Therian, L50, M|\n|poke|p2|Ogerpon, L50, F|\n|poke|p2|Indeedee-F, L50, F|\n|poke|p2|Armarouge, L50, F|\n|teampreview|4\nedboiVGC has agreed to open team sheets.\n|c|\u2606darasda|glhf\ndarasda rejected open team sheets.\n|\n|t:|1700028119\n|start\n|switch|p1a: Milotic|Milotic, L50, M|100\/100\n|switch|p1b: Grimmsnarl|Grimmsnarl, L50, M|100\/100\n|switch|p2a: Landorus|Landorus-Therian, L50, M|100\/100\n|switch|p2b: Ogerpon|Ogerpon, L50, F|100\/100\n|-ability|p2a: Landorus|Intimidate|boost\n|-unboost|p1a: Milotic|atk|1\n|-ability|p1a: Milotic|Competitive|boost\n|-boost|p1a: Milotic|spa|2\n|-unboost|p1b: Grimmsnarl|atk|1\n|turn|1\n|inactive|Battle timer is ON: inactive players will automatically lose when time's up. (requested by darasda)\n|\n|t:|1700028137\n|-terastallize|p2b: Ogerpon|Grass\n|detailschange|p2b: Ogerpon|Ogerpon-Teal-Tera, L50, F, tera:Grass\n|-ability|p2b: Ogerpon|Embody Aspect (Teal)|boost\n|-boost|p2b: Ogerpon|spe|1\n|move|p1b: Grimmsnarl|Reflect|p1b: Grimmsnarl\n|-sidestart|p1: darasda|Reflect\n|move|p2b: Ogerpon|Ivy Cudgel|p1a: Milotic\n|-supereffective|p1a: Milotic\n|-crit|p1a: Milotic\n|-damage|p1a: Milotic|0 fnt\n|faint|p1a: Milotic\n|move|p2a: Landorus|U-turn|p1b: Grimmsnarl\n|-damage|p1b: Grimmsnarl|75\/100\n|\n|t:|1700028155\n|switch|p2a: Urshifu|Urshifu-Rapid-Strike, L50, F|100\/100|[from] U-turn\n|\n|upkeep\n|\n|t:|1700028159\n|switch|p1a: Moltres|Moltres-Galar, L50|100\/100\n|turn|2\n|inactive|darasda has 30 seconds left.\n|inactive|darasda has 20 seconds left.\n|\n|t:|1700028195\n|switch|p2b: Landorus|Landorus-Therian, L50, M|100\/100\n|-ability|p2b: Landorus|Intimidate|boost\n|-unboost|p1a: Moltres|atk|1\n|-unboost|p1b: Grimmsnarl|atk|1\n|switch|p2a: Indeedee|Indeedee-F, L50, F|100\/100\n|-fieldstart|move: Psychic Terrain|[from] ability: Psychic Surge|[of] p2a: Indeedee\n|move|p1a: Moltres|Nasty Plot|p1a: Moltres\n|-boost|p1a: Moltres|spa|2\n|move|p1b: Grimmsnarl|Low Kick|p2a: Indeedee\n|-damage|p2a: Indeedee|93\/100\n|\n|upkeep\n|turn|3\n|\n|t:|1700028216\n|move|p2a: Indeedee|Helping Hand|p2b: Landorus\n|-singleturn|p2b: Landorus|Helping Hand|[of] p2a: Indeedee\n|move|p2b: Landorus|Rock Slide|p1a: Moltres|[spread] p1a,p1b\n|-supereffective|p1a: Moltres\n|-damage|p1a: Moltres|33\/100\n|-damage|p1b: Grimmsnarl|43\/100\n|-ability|p1a: Moltres|Berserk|boost\n|-boost|p1a: Moltres|spa|1\n|-enditem|p1a: Moltres|Sitrus Berry|[eat]\n|-heal|p1a: Moltres|58\/100|[from] item: Sitrus Berry\n|move|p1a: Moltres|Nasty Plot|p1a: Moltres\n|-boost|p1a: Moltres|spa|2\n|cant|p1b: Grimmsnarl|flinch\n|\n|upkeep\n|turn|4\n|\n|t:|1700028232\n|switch|p1b: Sinistcha|Sinistcha, L50|100\/100\n|-heal|p1a: Moltres|83\/100|[from] ability: Hospitality|[of] p1b: Sinistcha\n|-terastallize|p1a: Moltres|Poison\n|move|p2a: Indeedee|Helping Hand|p2b: Landorus\n|-singleturn|p2b: Landorus|Helping Hand|[of] p2a: Indeedee\n|move|p2b: Landorus|Rock Slide|p1a: Moltres|[spread] p1a,p1b\n|-damage|p1a: Moltres|50\/100\n|-damage|p1b: Sinistcha|72\/100\n|-ability|p1a: Moltres|Berserk|boost\n|-boost|p1a: Moltres|spa|1\n|move|p1a: Moltres|Fiery Wrath|p2b: Landorus|[spread] p2a,p2b\n|-supereffective|p2a: Indeedee\n|-damage|p2a: Indeedee|0 fnt\n|-damage|p2b: Landorus|0 fnt\n|faint|p2a: Indeedee\n|faint|p2b: Landorus\n|\n|upkeep\n|\n|t:|1700028251\n|switch|p2b: Ogerpon|Ogerpon-Teal-Tera, L50, F, tera:Grass|100\/100\n|switch|p2a: Urshifu|Urshifu-Rapid-Strike, L50, F|100\/100\n|-ability|p2b: Ogerpon|Embody Aspect (Teal)|boost\n|-boost|p2b: Ogerpon|spe|1\n|turn|5\n|\n|t:|1700028270\n|move|p2b: Ogerpon|Stomping Tantrum|p1a: Moltres\n|-supereffective|p1a: Moltres\n|-damage|p1a: Moltres|21\/100\n|move|p2a: Urshifu|Surging Strikes|p1a: Moltres\n|-crit|p1a: Moltres\n|-damage|p1a: Moltres|0 fnt\n|faint|p1a: Moltres\n|-hitcount|p1: Moltres|1\n|move|p1b: Sinistcha|Trick Room|p1b: Sinistcha\n|-fieldstart|move: Trick Room|[of] p1b: Sinistcha\n|\n|upkeep\n|c|\u2606darasda|gg\n|-message|darasda forfeited.\n|\n|win|edboiVGC\n|raw|darasda's rating: 1339 &rarr; <strong>1316<\/strong><br \/>(-23 for losing)\n|raw|edboiVGC's rating: 1294 &rarr; <strong>1322<\/strong><br \/>(+28 for winning)\n|c|\u2606edboiVGC|Gg\n|l|\u2606edboiVGC\n","uploadtime":1700028291,"views":12,"p1id":"darasda","p2id":"edboivgc","formatid":"gen9vgc2023regulatione","rating":1316,"private":0,"password":""}