{"id":"gen9vgc2023regulatione-1993782110","p1":"legonene","p2":"Stryke Out","format":"[Gen 9] VGC 2023 Regulation E","log":"|j|\u2606legonene\n|j|\u2606Stryke Out\n|t:|1700356595\n|gametype|doubles\n|player|p1|legonene|chili|\n|player|p2|Stryke Out|266|\n|teamsize|p1|6\n|teamsize|p2|6\n|gen|9\n|tier|[Gen 9] VGC 2023 Regulation E\n|rule|Species Clause: Limit one of each Pok\u00e9mon\n|rule|Item Clause: Limit one of each item\n|clearpoke\n|poke|p1|Shroodle, L50, F|\n|poke|p1|Kingambit, L50, F|\n|poke|p1|Ogerpon-Wellspring, L50, F|\n|poke|p1|Gothitelle, L50, M|\n|poke|p1|Donphan, L50, F|\n|poke|p1|Dragapult, L50, F|\n|poke|p2|Ting-Lu, L50|\n|poke|p2|Lurantis, L50, M|\n|poke|p2|Clefable, L50, M|\n|poke|p2|Basculegion, L50, M|\n|poke|p2|Kilowattrel, L50, F|\n|poke|p2|Salazzle, L50, F|\n|teampreview|4\n|c|\u2606legonene|glhf\n|c|\u2606Stryke Out|u2\n|c|\u2606Stryke Out|oh did you only set up idividual games?\n|c|\u2606legonene|did i?\n|c|\u2606legonene|thought i did 3\n|c|\u2606Stryke Out|yeah i guess it glitched haha\n|c|\u2606Stryke Out|i'll open 2 more challenges\n|c|\u2606legonene|g1\nlegonene rejected open team sheets.\n|\n|t:|1700356759\n|start\n|switch|p1a: Shroodle|Shroodle, L50, F|100\/100\n|switch|p1b: Ogerpon|Ogerpon-Wellspring, L50, F|100\/100\n|switch|p2a: Ting-Lu|Ting-Lu, L50|100\/100\n|switch|p2b: Salazzle|Salazzle, L50, F|100\/100\n|-ability|p2a: Ting-Lu|Vessel of Ruin\n|turn|1\n|\n|t:|1700356836\n|-terastallize|p2a: Ting-Lu|Steel\n|move|p1b: Ogerpon|Spiky Shield|p1b: Ogerpon\n|-singleturn|p1b: Ogerpon|move: Protect\n|move|p2b: Salazzle|Fake Out|p1b: Ogerpon\n|-activate|p1b: Ogerpon|move: Protect\n|-damage|p2b: Salazzle|88\/100|[from] Spiky Shield|[of] p1b: Ogerpon\n|move|p1a: Shroodle|Swords Dance|p1a: Shroodle\n|-boost|p1a: Shroodle|atk|2\n|move|p2a: Ting-Lu|Heavy Slam|p1a: Shroodle\n|-damage|p1a: Shroodle|21\/100\n|\n|upkeep\n|turn|2\n|\n|t:|1700356853\n|-terastallize|p1b: Ogerpon|Water\n|detailschange|p1b: Ogerpon|Ogerpon-Wellspring-Tera, L50, F, tera:Water\n|-ability|p1b: Ogerpon|Embody Aspect (Wellspring)|boost\n|-boost|p1b: Ogerpon|spd|1\n|move|p1a: Shroodle|Encore|p2b: Salazzle\n|-start|p2b: Salazzle|Encore\n|move|p2b: Salazzle|Fake Out||[still]\n|-hint|Fake Out only works on your first turn out.\n|-fail|p2b: Salazzle\n|move|p1b: Ogerpon|Ivy Cudgel|p2a: Ting-Lu|[anim] Ivy Cudgel Water\n|-damage|p2a: Ting-Lu|55\/100\n|move|p2a: Ting-Lu|Throat Chop|p1b: Ogerpon\n|-damage|p1b: Ogerpon|50\/100\n|-start|p1b: Ogerpon|Throat Chop|[silent]\n|\n|upkeep\n|turn|3\n|\n|t:|1700356877\n|switch|p2b: Clefable|Clefable, L50, M, shiny|100\/100\n|move|p1a: Shroodle|Baton Pass|p1a: Shroodle\n|\n|t:|1700356885\n|switch|p1a: Dragapult|Dragapult, L50, F|100\/100|[from] Baton Pass\n|move|p1b: Ogerpon|Ivy Cudgel|p2a: Ting-Lu|[anim] Ivy Cudgel Water\n|-damage|p2a: Ting-Lu|10\/100\n|move|p2a: Ting-Lu|Throat Chop|p1a: Dragapult\n|-supereffective|p1a: Dragapult\n|-damage|p1a: Dragapult|0 fnt\n|faint|p1a: Dragapult\n|\n|-end|p1b: Ogerpon|Throat Chop|[silent]\n|upkeep\n|\n|t:|1700356892\n|switch|p1a: Kingambit|Kingambit, L50, F|100\/100\n|-activate|p1a: Kingambit|ability: Supreme Overlord\n|-start|p1a: Kingambit|fallen1|[silent]\n|turn|4\n|\n|t:|1700356900\n|move|p2b: Clefable|Follow Me|p2b: Clefable\n|-singleturn|p2b: Clefable|move: Follow Me\n|move|p1b: Ogerpon|Ivy Cudgel|p2b: Clefable|[anim] Ivy Cudgel Water\n|-crit|p2b: Clefable\n|-damage|p2b: Clefable|3\/100\n|move|p2a: Ting-Lu|Body Press|p1a: Kingambit\n|-supereffective|p1a: Kingambit\n|-damage|p1a: Kingambit|1\/100\n|move|p1a: Kingambit|Iron Head|p2b: Clefable\n|-supereffective|p2b: Clefable\n|-crit|p2b: Clefable\n|-damage|p2b: Clefable|0 fnt\n|-damage|p1a: Kingambit|0 fnt|[from] item: Rocky Helmet|[of] p2b: Clefable\n|faint|p2b: Clefable\n|faint|p1a: Kingambit\n|-end|p1a: Kingambit|fallen1|[silent]\n|\n|upkeep\n|\n|t:|1700356914\n|switch|p2b: Salazzle|Salazzle, L50, F|88\/100\n|switch|p1a: Shroodle|Shroodle, L50, F|21\/100\n|turn|5\n|\n|t:|1700356936\n|move|p1b: Ogerpon|Spiky Shield|p1b: Ogerpon\n|-singleturn|p1b: Ogerpon|move: Protect\n|move|p2a: Ting-Lu|Protect|p2a: Ting-Lu\n|-singleturn|p2a: Ting-Lu|Protect\n|move|p1a: Shroodle|Sunny Day|p1a: Shroodle\n|-weather|SunnyDay\n|move|p2b: Salazzle|Flamethrower|p1a: Shroodle\n|-damage|p1a: Shroodle|0 fnt\n|faint|p1a: Shroodle\n|\n|-weather|SunnyDay|[upkeep]\n|upkeep\n|turn|6\n|\n|t:|1700356951\n|move|p2b: Salazzle|Encore|p1b: Ogerpon\n|-start|p1b: Ogerpon|Encore\n|move|p1b: Ogerpon|Spiky Shield|p1b: Ogerpon\n|-singleturn|p1b: Ogerpon|move: Protect\n|move|p2a: Ting-Lu|Throat Chop|p1b: Ogerpon\n|-activate|p1b: Ogerpon|move: Protect\n|-damage|p2a: Ting-Lu|0 fnt|[from] Spiky Shield|[of] p1b: Ogerpon\n|faint|p2a: Ting-Lu\n|\n|-weather|SunnyDay|[upkeep]\n|upkeep\n|\n|t:|1700356955\n|switch|p2a: Lurantis|Lurantis, L50, M|100\/100\n|turn|7\n|\n|t:|1700356960\n|move|p1b: Ogerpon|Spiky Shield||[still]\n|-fail|p1b: Ogerpon\n|move|p2b: Salazzle|Will-O-Wisp|p1b: Ogerpon|[miss]\n|-miss|p2b: Salazzle|p1b: Ogerpon\n|move|p2a: Lurantis|Leaf Storm|p1b: Ogerpon\n|-supereffective|p1b: Ogerpon\n|-crit|p1b: Ogerpon\n|-damage|p1b: Ogerpon|0 fnt\n|-boost|p2a: Lurantis|spa|2\n|faint|p1b: Ogerpon\n|\n|win|Stryke Out\n|c|\u2606legonene|gg\n|c|\u2606Stryke Out|gg\n","uploadtime":1700356967,"views":54,"p1id":"legonene","p2id":"strykeout","formatid":"gen9vgc2023regulatione","rating":0,"private":0,"password":""}