{"id":"gen9vgc2023regulatione-1998285653","p1":"BrawlPapi","p2":"Jippt351","format":"[Gen 9] VGC 2023 Regulation E","log":"|j|\u203dBrawlPapi\n|j|\u2606Jippt351\n|t:|1700924744\n|gametype|doubles\n|player|p1|BrawlPapi|1|1218\n|player|p2|Jippt351|102|1128\n|teamsize|p1|6\n|teamsize|p2|6\n|gen|9\n|tier|[Gen 9] VGC 2023 Regulation E\n|rated|\n|rule|Species Clause: Limit one of each Pok\u00e9mon\n|rule|Item Clause: Limit one of each item\n|clearpoke\n|poke|p1|Ogerpon-Wellspring, L50, F|\n|poke|p1|Ursaluna-Bloodmoon, L50, M|\n|poke|p1|Kingambit, L50, F|\n|poke|p1|Iron Hands, L50|\n|poke|p1|Sinistcha, L50|\n|poke|p1|Dusclops, L50, M|\n|poke|p2|Armarouge, L50, M|\n|poke|p2|Indeedee-F, L50, F|\n|poke|p2|Torkoal, L50, M|\n|poke|p2|Weezing-Galar, L50, F|\n|poke|p2|Flutter Mane, L50|\n|poke|p2|Gallade, L50, M|\n|teampreview|4\n|inactive|Battle timer is ON: inactive players will automatically lose when time's up. (requested by BrawlPapi)\n|inactive|Jippt351 also wants the timer to be on.\n|\n|t:|1700924760\n|start\n|switch|p1a: Kingambit|Kingambit, L50, F|100\/100\n|switch|p1b: Dusclops|Dusclops, L50, M|100\/100\n|switch|p2a: Armarouge|Armarouge, L50, M|100\/100\n|switch|p2b: Indeedee|Indeedee-F, L50, F|100\/100\n|-fieldstart|move: Psychic Terrain|[from] ability: Psychic Surge|[of] p2b: Indeedee\n|-item|p2a: Armarouge|Life Orb|[from] ability: Frisk|[of] p1b: Dusclops|[identify]\n|-item|p2b: Indeedee|Ability Shield|[from] ability: Frisk|[of] p1b: Dusclops|[identify]\n|turn|1\n|inactive|BrawlPapi has 30 seconds left.\n|inactive|BrawlPapi has 20 seconds left.\n|\n|t:|1700924799\n|move|p2b: Indeedee|Follow Me|p2b: Indeedee\n|-singleturn|p2b: Indeedee|move: Follow Me\n|move|p2a: Armarouge|Expanding Force|p1a: Kingambit|[spread] p1b\n|-immune|p1a: Kingambit\n|-crit|p1b: Dusclops\n|-damage|p1b: Dusclops|29\/100\n|-damage|p2a: Armarouge|91\/100|[from] item: Life Orb\n|move|p1a: Kingambit|Swords Dance|p1a: Kingambit\n|-boost|p1a: Kingambit|atk|2\n|move|p1b: Dusclops|Trick Room|p1b: Dusclops\n|-fieldstart|move: Trick Room|[of] p1b: Dusclops\n|\n|upkeep\n|turn|2\n|l|\u2606Jippt351\n|inactive|Jippt351 disconnected and has a minute to reconnect!\n|player|p2|\n|inactive|Jippt351 has 30 seconds left.\n|j|\u2606Jippt351\n|inactive|Jippt351 reconnected and has 30 seconds left.\n|player|p2|Jippt351|102\n|inactive|Jippt351 has 20 seconds left.\n|inactive|Jippt351 has 15 seconds left.\n|\n|t:|1700924843\n|-terastallize|p1a: Kingambit|Dark\n|move|p1b: Dusclops|Pain Split|p2b: Indeedee\n|-sethp|p2b: Indeedee|62\/100|[from] move: Pain Split|[silent]\n|-sethp|p1b: Dusclops|75\/100|[from] move: Pain Split\n|move|p1a: Kingambit|Kowtow Cleave|p2a: Armarouge\n|-supereffective|p2a: Armarouge\n|-damage|p2a: Armarouge|0 fnt\n|faint|p2a: Armarouge\n|move|p2b: Indeedee|Dazzling Gleam|p1b: Dusclops|[spread] p1a,p1b\n|-supereffective|p1a: Kingambit\n|-damage|p1a: Kingambit|73\/100\n|-damage|p1b: Dusclops|67\/100\n|\n|upkeep\n|\n|t:|1700924854\n|switch|p2a: Torkoal|Torkoal, L50, M|100\/100\n|-weather|SunnyDay|[from] ability: Drought|[of] p2a: Torkoal\n|turn|3\n|\n|t:|1700924871\n|-terastallize|p2a: Torkoal|Fire\n|move|p2b: Indeedee|Follow Me|p2b: Indeedee\n|-singleturn|p2b: Indeedee|move: Follow Me\n|move|p1a: Kingambit|Sucker Punch||[still]\n|-fail|p1a: Kingambit\n|move|p2a: Torkoal|Eruption|p1a: Kingambit|[spread] p1a,p1b\n|-damage|p1a: Kingambit|0 fnt\n|-damage|p1b: Dusclops|5\/100\n|faint|p1a: Kingambit\n|move|p1b: Dusclops|Brick Break|p2b: Indeedee\n|-damage|p2b: Indeedee|48\/100\n|\n|-weather|SunnyDay|[upkeep]\n|upkeep\n|\n|t:|1700924886\n|switch|p1a: Ursaluna|Ursaluna-Bloodmoon, L50, M|100\/100\n|turn|4\n|\n|t:|1700924895\n|move|p1a: Ursaluna|Protect|p1a: Ursaluna\n|-singleturn|p1a: Ursaluna|Protect\n|move|p2a: Torkoal|Eruption|p1b: Dusclops|[spread] p1b\n|-activate|p1a: Ursaluna|move: Protect\n|-damage|p1b: Dusclops|0 fnt\n|faint|p1b: Dusclops\n|move|p2b: Indeedee|Dazzling Gleam|p1a: Ursaluna\n|-activate|p1a: Ursaluna|move: Protect\n|\n|-weather|SunnyDay|[upkeep]\n|upkeep\n|\n|t:|1700924905\n|switch|p1b: Iron Hands|Iron Hands, L50|100\/100\n|turn|5\n|\n|t:|1700924919\n|move|p1b: Iron Hands|Fake Out|p2a: Torkoal\n|-activate|p2a: Torkoal|move: Psychic Terrain\n|move|p2a: Torkoal|Eruption|p1a: Ursaluna|[spread] p1a,p1b\n|-damage|p1a: Ursaluna|0 fnt\n|-damage|p1b: Iron Hands|35\/100\n|faint|p1a: Ursaluna\n|move|p2b: Indeedee|Dazzling Gleam|p1b: Iron Hands\n|-supereffective|p1b: Iron Hands\n|-crit|p1b: Iron Hands\n|-damage|p1b: Iron Hands|5\/100\n|\n|-weather|SunnyDay|[upkeep]\n|-fieldend|move: Trick Room\n|-fieldend|move: Psychic Terrain\n|upkeep\n|turn|6\n|\n|t:|1700924933\n|move|p2b: Indeedee|Follow Me|p2b: Indeedee\n|-singleturn|p2b: Indeedee|move: Follow Me\n|move|p1b: Iron Hands|Drain Punch|p2b: Indeedee\n|-damage|p2b: Indeedee|6\/100\n|-heal|p1b: Iron Hands|20\/100|[from] drain|[of] p2b: Indeedee\n|move|p2a: Torkoal|Eruption|p1b: Iron Hands\n|-damage|p1b: Iron Hands|0 fnt\n|faint|p1b: Iron Hands\n|-end|p1b: Iron Hands|Quark Drive|[silent]\n|\n|win|Jippt351\n|raw|BrawlPapi's rating: 1218 &rarr; <strong>1187<\/strong><br \/>(-31 for losing)\n|raw|Jippt351's rating: 1128 &rarr; <strong>1159<\/strong><br \/>(+31 for winning)\n|l|\u203dBrawlPapi\n","uploadtime":1700924943,"views":5,"p1id":"brawlpapi","p2id":"jippt351","formatid":"gen9vgc2023regulatione","rating":1159,"private":0,"password":""}