{"id":"gen9vgc2023regulatione-1990012842","p1":"Mr.Shibatku","p2":"AleZana","format":"[Gen 9] VGC 2023 Regulation E","log":"|j|\u2606Mr.Shibatku\n|j|\u2606AleZana\n|t:|1699915326\n|gametype|doubles\n|player|p1|Mr.Shibatku|byron|1251\n|player|p2|AleZana|2|1198\n|teamsize|p1|6\n|teamsize|p2|6\n|gen|9\n|tier|[Gen 9] VGC 2023 Regulation E\n|rated|\n|rule|Species Clause: Limit one of each Pok\u00e9mon\n|rule|Item Clause: Limit one of each item\n|clearpoke\n|poke|p1|Gholdengo, L50|\n|poke|p1|Iron Hands, L50|\n|poke|p1|Amoonguss, L50, F|\n|poke|p1|Iron Bundle, L50|\n|poke|p1|Pelipper, L50, M|\n|poke|p1|Salamence, L50, M|\n|poke|p2|Hydreigon, L50, M|\n|poke|p2|Sinistcha, L50|\n|poke|p2|Regieleki, L50|\n|poke|p2|Dragonite, L50, M|\n|poke|p2|Palafin, L50, F|\n|poke|p2|Arcanine-Hisui, L50, M|\n|teampreview|4\n|inactive|Battle timer is ON: inactive players will automatically lose when time's up. (requested by AleZana)\n|\n|t:|1699915396\n|start\n|switch|p1a: Mr. Phister|Gholdengo, L50|100\/100\n|switch|p1b: HighKneeCan|Iron Hands, L50, shiny|100\/100\n|switch|p2a: Regieleki|Regieleki, L50|100\/100\n|switch|p2b: Hydreigon|Hydreigon, L50, M|100\/100\n|turn|1\n|inactive|Mr.Shibatku has 30 seconds left.\n|inactive|AleZana has 30 seconds left.\n|inactive|Mr.Shibatku has 20 seconds left.\n|inactive|Mr.Shibatku has 15 seconds left.\n|\n|t:|1699915436\n|move|p2a: Regieleki|Protect|p2a: Regieleki\n|-singleturn|p2a: Regieleki|Protect\n|move|p2b: Hydreigon|Protect|p2b: Hydreigon\n|-singleturn|p2b: Hydreigon|Protect\n|move|p1b: HighKneeCan|Fake Out|p2b: Hydreigon\n|-activate|p2b: Hydreigon|move: Protect\n|move|p1a: Mr. Phister|Nasty Plot|p1a: Mr. Phister\n|-boost|p1a: Mr. Phister|spa|2\n|\n|upkeep\n|turn|2\n|inactive|Mr.Shibatku has 30 seconds left.\n|inactive|AleZana has 30 seconds left.\n|inactive|Mr.Shibatku has 20 seconds left.\n|inactive|AleZana has 20 seconds left.\n|inactive|Mr.Shibatku has 15 seconds left.\n|inactive|AleZana has 15 seconds left.\n|inactive|AleZana has 10 seconds left.\n|inactive|AleZana has 5 seconds left.\n|\n|t:|1699915487\n|move|p2a: Regieleki|Thunder Cage|p1a: Mr. Phister\n|-damage|p1a: Mr. Phister|56\/100\n|-activate|p1a: Mr. Phister|move: Thunder Cage|[of] p2a: Regieleki\n|move|p2b: Hydreigon|Snarl|p1a: Mr. Phister|[spread] p1a,p1b\n|-supereffective|p1a: Mr. Phister\n|-resisted|p1b: HighKneeCan\n|-damage|p1a: Mr. Phister|15\/100\n|-damage|p1b: HighKneeCan|95\/100\n|-unboost|p1a: Mr. Phister|spa|1\n|-unboost|p1b: HighKneeCan|spa|1\n|move|p1a: Mr. Phister|Make It Rain|p2b: Hydreigon|[spread] p2a,p2b\n|-resisted|p2a: Regieleki\n|-damage|p2a: Regieleki|35\/100\n|-damage|p2b: Hydreigon|27\/100\n|-unboost|p1a: Mr. Phister|spa|1\n|move|p1b: HighKneeCan|Drain Punch|p2b: Hydreigon\n|-supereffective|p2b: Hydreigon\n|-damage|p2b: Hydreigon|0 fnt\n|-heal|p1b: HighKneeCan|100\/100|[from] drain|[of] p2b: Hydreigon\n|faint|p2b: Hydreigon\n|\n|-heal|p1a: Mr. Phister|21\/100|[from] item: Leftovers\n|-damage|p1a: Mr. Phister|9\/100|[from] move: Thunder Cage|[partiallytrapped]\n|upkeep\n|\n|t:|1699915509\n|switch|p2b: Dragonite|Dragonite, L50, M|100\/100\n|turn|3\n|inactive|AleZana has 30 seconds left.\n|inactive|Mr.Shibatku has 30 seconds left.\n|\n|t:|1699915546\n|switch|p1a: Dope|Amoonguss, L50, F, shiny|100\/100\n|move|p2a: Regieleki|Electroweb|p1a: Dope|[spread] p1a,p1b\n|-resisted|p1a: Dope\n|-resisted|p1b: HighKneeCan\n|-damage|p1a: Dope|89\/100\n|-damage|p1b: HighKneeCan|94\/100\n|-unboost|p1a: Dope|spe|1\n|-unboost|p1b: HighKneeCan|spe|1\n|move|p2b: Dragonite|Stomping Tantrum|p1b: HighKneeCan\n|-supereffective|p1b: HighKneeCan\n|-damage|p1b: HighKneeCan|28\/100\n|move|p1b: HighKneeCan|Heavy Slam|p2a: Regieleki\n|-resisted|p2a: Regieleki\n|-damage|p2a: Regieleki|12\/100\n|\n|upkeep\n|turn|4\n|inactive|Mr.Shibatku has 30 seconds left.\n|inactive|AleZana has 30 seconds left.\n|\n|t:|1699915572\n|switch|p2a: Sinistcha|Sinistcha, L50|100\/100\n|move|p1a: Dope|Rage Powder|p1a: Dope\n|-singleturn|p1a: Dope|move: Rage Powder\n|move|p2b: Dragonite|Stomping Tantrum|p1a: Dope\n|-damage|p1a: Dope|58\/100\n|move|p1b: HighKneeCan|Wild Charge|p2b: Dragonite\n|-damage|p2b: Dragonite|38\/100\n|-damage|p1b: HighKneeCan|18\/100|[from] Recoil\n|\n|upkeep\n|turn|5\n|inactive|Mr.Shibatku has 30 seconds left.\n|inactive|AleZana has 30 seconds left.\n|inactive|Mr.Shibatku has 20 seconds left.\n|inactive|Mr.Shibatku has 15 seconds left.\n|\n|t:|1699915615\n|switch|p2b: Regieleki|Regieleki, L50|12\/100\n|-end|p1b: HighKneeCan|Quark Drive|[silent]\n|switch|p1b: PkmnHntrJ|Salamence, L50, M, shiny|100\/100\n|-ability|p1b: PkmnHntrJ|Intimidate|boost\n|-unboost|p2a: Sinistcha|atk|1\n|-unboost|p2b: Regieleki|atk|1\n|move|p2a: Sinistcha|Rage Powder|p2a: Sinistcha\n|-singleturn|p2a: Sinistcha|move: Rage Powder\n|move|p1a: Dope|Pollen Puff|p2a: Sinistcha\n|-damage|p2a: Sinistcha|79\/100\n|\n|upkeep\n|turn|6\n|inactive|Mr.Shibatku has 30 seconds left.\n|inactive|AleZana has 30 seconds left.\n|inactive|AleZana has 20 seconds left.\n|inactive|Mr.Shibatku has 20 seconds left.\n|inactive|AleZana has 15 seconds left.\n|\n|t:|1699915657\n|-terastallize|p1b: PkmnHntrJ|Flying\n|-terastallize|p2a: Sinistcha|Fire\n|move|p1a: Dope|Rage Powder|p1a: Dope\n|-singleturn|p1a: Dope|move: Rage Powder\n|move|p2b: Regieleki|Electroweb|p1b: PkmnHntrJ|[spread] p1a,p1b\n|-resisted|p1a: Dope\n|-supereffective|p1b: PkmnHntrJ\n|-damage|p1a: Dope|48\/100\n|-damage|p1b: PkmnHntrJ|40\/100\n|-unboost|p1a: Dope|spe|1\n|-unboost|p1b: PkmnHntrJ|spe|1\n|-enditem|p1a: Dope|Sitrus Berry|[eat]\n|-heal|p1a: Dope|73\/100|[from] item: Sitrus Berry\n|move|p1b: PkmnHntrJ|Hurricane|p2a: Sinistcha\n|-damage|p2a: Sinistcha|3\/100\n|move|p2a: Sinistcha|Matcha Gotcha|p1b: PkmnHntrJ|[spread] p1a,p1b\n|-resisted|p1a: Dope\n|-resisted|p1b: PkmnHntrJ\n|-damage|p1a: Dope|66\/100\n|-heal|p2a: Sinistcha|9\/100|[from] drain|[of] p1a: Dope\n|-damage|p1b: PkmnHntrJ|23\/100\n|-heal|p2a: Sinistcha|19\/100|[from] drain|[of] p1b: PkmnHntrJ\n|\n|upkeep\n|turn|7\n|inactive|Mr.Shibatku has 30 seconds left.\n|inactive|AleZana has 30 seconds left.\n|inactive|Mr.Shibatku has 20 seconds left.\n|inactive|AleZana has 20 seconds left.\n|\n|t:|1699915697\n|switch|p1b: Mr. Phister|Gholdengo, L50|9\/100\n|move|p2b: Regieleki|Electroweb|p1a: Dope|[spread] p1a\n|-miss|p2b: Regieleki|p1b: Mr. Phister\n|-resisted|p1a: Dope\n|-damage|p1a: Dope|56\/100\n|-unboost|p1a: Dope|spe|1\n|move|p2a: Sinistcha|Shadow Ball|p1a: Dope\n|-damage|p1a: Dope|17\/100\n|move|p1a: Dope|Spore|p2b: Regieleki\n|-status|p2b: Regieleki|slp|[from] move: Spore\n|\n|-heal|p1b: Mr. Phister|15\/100|[from] item: Leftovers\n|upkeep\n|turn|8\n|inactive|Mr.Shibatku has 30 seconds left.\n|inactive|AleZana has 30 seconds left.\n|\n|t:|1699915728\n|cant|p2b: Regieleki|slp\n|move|p1b: Mr. Phister|Make It Rain|p2a: Sinistcha|[spread] p2a,p2b\n|-resisted|p2a: Sinistcha\n|-resisted|p2b: Regieleki\n|-damage|p2a: Sinistcha|0 fnt\n|-damage|p2b: Regieleki|0 fnt\n|-unboost|p1b: Mr. Phister|spa|1\n|faint|p2a: Sinistcha\n|faint|p2b: Regieleki\n|move|p1a: Dope|Spore|p2: Sinistcha|[notarget]\n|-fail|p1a: Dope\n|\n|-heal|p1b: Mr. Phister|21\/100|[from] item: Leftovers\n|upkeep\n|\n|t:|1699915736\n|switch|p2b: Dragonite|Dragonite, L50, M|38\/100\n|turn|9\n|\n|t:|1699915760\n|move|p2b: Dragonite|Rock Slide|p1a: Dope|[spread] p1b\n|-miss|p2b: Dragonite|p1a: Dope\n|-resisted|p1b: Mr. Phister\n|-damage|p1b: Mr. Phister|6\/100\n|cant|p1b: Mr. Phister|flinch\n|move|p1a: Dope|Spore|p2b: Dragonite\n|-status|p2b: Dragonite|slp|[from] move: Spore\n|\n|-heal|p1b: Mr. Phister|12\/100|[from] item: Leftovers\n|upkeep\n|turn|10\n|\n|t:|1699915780\n|switch|p1b: PkmnHntrJ|Salamence, L50, M, shiny, tera:Flying|23\/100\n|-ability|p1b: PkmnHntrJ|Intimidate|boost\n|-fail|p2b: Dragonite|unboost|Attack|[from] ability: Inner Focus|[of] p2b: Dragonite\n|cant|p2b: Dragonite|slp\n|move|p1a: Dope|Pollen Puff|p1b: PkmnHntrJ\n|-heal|p1b: PkmnHntrJ|73\/100\n|\n|upkeep\n|turn|11\n|\n|t:|1699915794\n|move|p1a: Dope|Rage Powder|p1a: Dope\n|-singleturn|p1a: Dope|move: Rage Powder\n|move|p1b: PkmnHntrJ|Draco Meteor|p2b: Dragonite\n|-supereffective|p2b: Dragonite\n|-damage|p2b: Dragonite|0 fnt\n|-unboost|p1b: PkmnHntrJ|spa|2\n|faint|p2b: Dragonite\n|\n|win|Mr.Shibatku\n|raw|Mr.Shibatku's rating: 1251 &rarr; <strong>1272<\/strong><br \/>(+21 for winning)\n|raw|AleZana's rating: 1198 &rarr; <strong>1177<\/strong><br \/>(-21 for losing)\n|l|\u2606AleZana\n","uploadtime":1699915808,"views":12,"p1id":"mrshibatku","p2id":"alezana","formatid":"gen9vgc2023regulatione","rating":1177,"private":0,"password":""}