{"id":"gen9vgc2023regulatione-1989810450","p1":"DeAndreRicketts","p2":"HellfireMissile","format":"[Gen 9] VGC 2023 Regulation E","log":"|j|\u203dDeAndreRicketts\n|j|\u2606HellfireMissile\n|t:|1699897646\n|gametype|doubles\n|player|p1|DeAndreRicketts|2|1373\n|player|p2|HellfireMissile|supernerd|1384\n|teamsize|p1|6\n|teamsize|p2|6\n|gen|9\n|tier|[Gen 9] VGC 2023 Regulation E\n|rated|\n|rule|Species Clause: Limit one of each Pok\u00e9mon\n|rule|Item Clause: Limit one of each item\n|clearpoke\n|poke|p1|Armarouge, L50, M|\n|poke|p1|Torkoal, L50, F|\n|poke|p1|Indeedee-F, L50, F|\n|poke|p1|Ursaluna, L50, F|\n|poke|p1|Lilligant-Hisui, L50, F|\n|poke|p1|Garganacl, L50, M|\n|poke|p2|Zapdos, L50|\n|poke|p2|Goodra-Hisui, L50, F|\n|poke|p2|Pelipper, L50, F|\n|poke|p2|Basculegion, L50, M|\n|poke|p2|Moltres-Galar, L50|\n|poke|p2|Landorus-Therian, L50, M|\n|teampreview|4\n|c|\u2606HellfireMissile|glhf\n|inactive|Battle timer is ON: inactive players will automatically lose when time's up. (requested by HellfireMissile)\n|\n|t:|1699897692\n|start\n|switch|p1a: Indeedee|Indeedee-F, L50, F|100\/100\n|switch|p1b: Armarouge|Armarouge, L50, M|100\/100\n|switch|p2a: Mr. Jowls|Pelipper, L50, F|100\/100\n|switch|p2b: HellBird|Moltres-Galar, L50|100\/100\n|-fieldstart|move: Psychic Terrain|[from] ability: Psychic Surge|[of] p1a: Indeedee\n|-enditem|p1a: Indeedee|Psychic Seed\n|-boost|p1a: Indeedee|spd|1|[from] item: Psychic Seed\n|-weather|RainDance|[from] ability: Drizzle|[of] p2a: Mr. Jowls\n|turn|1\n|inactive|DeAndreRicketts has 30 seconds left.\n|inactive|HellfireMissile has 30 seconds left.\n|\n|t:|1699897724\n|switch|p1a: Torkoal|Torkoal, L50, F|100\/100\n|-weather|SunnyDay|[from] ability: Drought|[of] p1a: Torkoal\n|-terastallize|p2b: HellBird|Dark\n|move|p2b: HellBird|Dark Pulse|p1a: Torkoal\n|-damage|p1a: Torkoal|0 fnt\n|faint|p1a: Torkoal\n|move|p2a: Mr. Jowls|Weather Ball|p1b: Armarouge\n|-start|p1b: Armarouge|ability: Flash Fire\n|move|p1b: Armarouge|Trick Room|p1b: Armarouge\n|-fieldstart|move: Trick Room|[of] p1b: Armarouge\n|\n|-weather|SunnyDay|[upkeep]\n|upkeep\n|\n|t:|1699897745\n|switch|p1a: Lilligant|Lilligant-Hisui, L50, F|100\/100\n|turn|2\n|\n|t:|1699897767\n|switch|p2a: Snailien|Goodra-Hisui, L50, F|100\/100\n|move|p1b: Armarouge|Expanding Force|p2b: HellBird|[spread] p2a\n|-immune|p2b: HellBird\n|-resisted|p2a: Snailien\n|-damage|p2a: Snailien|73\/100\n|move|p2b: HellBird|Dark Pulse|p1b: Armarouge\n|-supereffective|p1b: Armarouge\n|-damage|p1b: Armarouge|0 fnt\n|faint|p1b: Armarouge\n|move|p1a: Lilligant|Sleep Powder|p2b: HellBird\n|-status|p2b: HellBird|slp|[from] move: Sleep Powder\n|\n|-weather|SunnyDay|[upkeep]\n|-heal|p2a: Snailien|80\/100|[from] item: Leftovers\n|upkeep\n|\n|t:|1699897781\n|switch|p1b: Indeedee|Indeedee-F, L50, F|100\/100\n|turn|3\n|inactive|DeAndreRicketts has 30 seconds left.\n|\n|t:|1699897809\n|move|p1b: Indeedee|Follow Me|p1b: Indeedee\n|-singleturn|p1b: Indeedee|move: Follow Me\n|move|p2a: Snailien|Heavy Slam|p1b: Indeedee\n|-damage|p1b: Indeedee|46\/100\n|cant|p2b: HellBird|slp\n|move|p1a: Lilligant|Close Combat|p2b: HellBird\n|-supereffective|p2b: HellBird\n|-damage|p2b: HellBird|12\/100 slp\n|-unboost|p1a: Lilligant|def|1\n|-unboost|p1a: Lilligant|spd|1\n|-ability|p2b: HellBird|Berserk|boost\n|-boost|p2b: HellBird|spa|1\n|\n|-weather|SunnyDay|[upkeep]\n|-heal|p2a: Snailien|86\/100|[from] item: Leftovers\n|upkeep\n|turn|4\n|inactive|DeAndreRicketts has 30 seconds left.\n|inactive|DeAndreRicketts has 20 seconds left.\n|\n|t:|1699897845\n|move|p2a: Snailien|Heavy Slam|p1a: Lilligant\n|-damage|p1a: Lilligant|19\/100\n|move|p1b: Indeedee|Dazzling Gleam|p2b: HellBird|[spread] p2a,p2b\n|-supereffective|p2b: HellBird\n|-damage|p2a: Snailien|76\/100\n|-damage|p2b: HellBird|0 fnt\n|faint|p2b: HellBird\n|move|p1a: Lilligant|Close Combat|p2a: Snailien\n|-supereffective|p2a: Snailien\n|-damage|p2a: Snailien|15\/100\n|-unboost|p1a: Lilligant|def|1\n|-unboost|p1a: Lilligant|spd|1\n|\n|-weather|SunnyDay|[upkeep]\n|-heal|p2a: Snailien|21\/100|[from] item: Leftovers\n|upkeep\n|\n|t:|1699897859\n|switch|p2b: Mr. Jowls|Pelipper, L50, F|100\/100\n|-weather|RainDance|[from] ability: Drizzle|[of] p2b: Mr. Jowls\n|turn|5\n|inactive|DeAndreRicketts has 30 seconds left.\n|\n|t:|1699897893\n|move|p2a: Snailien|Heavy Slam|p1a: Lilligant\n|-damage|p1a: Lilligant|0 fnt\n|faint|p1a: Lilligant\n|move|p2b: Mr. Jowls|Hurricane|p1b: Indeedee\n|-damage|p1b: Indeedee|15\/100\n|-start|p1b: Indeedee|confusion\n|-activate|p1b: Indeedee|confusion\n|-damage|p1b: Indeedee|8\/100|[from] confusion\n|\n|-weather|RainDance|[upkeep]\n|-heal|p2a: Snailien|28\/100|[from] item: Leftovers\n|-fieldend|move: Trick Room\n|-fieldend|move: Psychic Terrain\n|upkeep\n|turn|6\n|c|\u2606HellfireMissile|gg\n|\n|t:|1699897908\n|-activate|p1b: Indeedee|confusion\n|-damage|p1b: Indeedee|1\/100|[from] confusion\n|move|p2b: Mr. Jowls|Weather Ball|p1b: Indeedee\n|-crit|p1b: Indeedee\n|-damage|p1b: Indeedee|0 fnt\n|faint|p1b: Indeedee\n|\n|win|HellfireMissile\n|raw|DeAndreRicketts's rating: 1373 &rarr; <strong>1354<\/strong><br \/>(-19 for losing)\n|raw|HellfireMissile's rating: 1384 &rarr; <strong>1403<\/strong><br \/>(+19 for winning)\n|l|\u2606HellfireMissile\n","uploadtime":1699897927,"views":7,"p1id":"deandrericketts","p2id":"hellfiremissile","formatid":"gen9vgc2023regulatione","rating":1354,"private":0,"password":""}