{"id":"gen9vgc2023regulatione-1999024109","p1":"Jakepaulyt","p2":"sayfiasfhxcjzknc","format":"[Gen 9] VGC 2023 Regulation E","log":"|j|\u2606Jakepaulyt\n|j|\u2606sayfiasfhxcjzknc\n|t:|1701025022\n|gametype|doubles\n|player|p1|Jakepaulyt|teamrocket|\n|player|p2|sayfiasfhxcjzknc|169|\n|teamsize|p1|6\n|teamsize|p2|6\n|gen|9\n|tier|[Gen 9] VGC 2023 Regulation E\n|rule|Species Clause: Limit one of each Pok\u00e9mon\n|rule|Item Clause: Limit one of each item\n|clearpoke\n|poke|p1|Sableye, L50, F|\n|poke|p1|Sylveon, L50, F|\n|poke|p1|Conkeldurr, L50, M|\n|poke|p1|Sinistcha, L50|\n|poke|p1|Gyarados, L50, M|\n|poke|p1|Roaring Moon, L50|\n|poke|p2|Ninetales-Alola, L50, M|\n|poke|p2|Iron Bundle, L50|\n|poke|p2|Armarouge, L50, F|\n|poke|p2|Indeedee-F, L50, F|\n|poke|p2|Sneasler, L50, M|\n|poke|p2|Mamoswine, L50, M|\n|teampreview|4\n|inactive|Battle timer is ON: inactive players will automatically lose when time's up. (requested by Jakepaulyt)\n|inactiveoff|Battle timer is now OFF.\n|\n|t:|1701025040\n|start\n|switch|p1a: Mako|Sableye, L50, F|100\/100\n|switch|p1b: Nonon|Sylveon, L50, F, shiny|100\/100\n|switch|p2a: Santa Claus|Iron Bundle, L50|100\/100\n|switch|p2b: Grinch|Armarouge, L50, F|100\/100\n|-enditem|p2a: Santa Claus|Booster Energy\n|-activate|p2a: Santa Claus|ability: Quark Drive|[fromitem]\n|-start|p2a: Santa Claus|quarkdrivespe\n|turn|1\n|\n|t:|1701025057\n|-terastallize|p2b: Grinch|Psychic\n|-terastallize|p1b: Nonon|Fairy\n|move|p1a: Mako|Light Screen|p1a: Mako\n|-sidestart|p1: Jakepaulyt|move: Light Screen\n|move|p2a: Santa Claus|U-turn|p2b: Grinch\n|-supereffective|p2b: Grinch\n|-damage|p2b: Grinch|76\/100\n|-ability|p2b: Grinch|Weak Armor|boost\n|-unboost|p2b: Grinch|def|1\n|-boost|p2b: Grinch|spe|2\n|-enditem|p2b: Grinch|Weakness Policy\n|-boost|p2b: Grinch|atk|2|[from] item: Weakness Policy\n|-boost|p2b: Grinch|spa|2|[from] item: Weakness Policy\n|\n|t:|1701025067\n|-end|p2a: Santa Claus|Quark Drive|[silent]\n|switch|p2a: Cindy Lou|Indeedee-F, L50, F|100\/100|[from] U-turn\n|-fieldstart|move: Psychic Terrain|[from] ability: Psychic Surge|[of] p2a: Cindy Lou\n|move|p2b: Grinch|Expanding Force|p1b: Nonon|[spread] p1b\n|-immune|p1a: Mako\n|-damage|p1b: Nonon|12\/100\n|move|p1b: Nonon|Hyper Voice|p2a: Cindy Lou|[spread] p2a,p2b\n|-crit|p2b: Grinch\n|-damage|p2a: Cindy Lou|44\/100\n|-damage|p2b: Grinch|0 fnt\n|faint|p2b: Grinch\n|-enditem|p1b: Nonon|Throat Spray\n|-boost|p1b: Nonon|spa|1|[from] item: Throat Spray\n|\n|upkeep\n|\n|t:|1701025089\n|switch|p2b: Santa Claus|Iron Bundle, L50|100\/100\n|turn|2\n|\n|t:|1701025109\n|move|p1a: Mako|Encore|p1b: Nonon\n|-start|p1b: Nonon|Encore\n|move|p1b: Nonon|Hyper Voice|p2a: Cindy Lou|[spread] p2a,p2b\n|-damage|p2a: Cindy Lou|0 fnt\n|-damage|p2b: Santa Claus|0 fnt\n|faint|p2a: Cindy Lou\n|faint|p2b: Santa Claus\n|-end|p2b: Santa Claus|Quark Drive|[silent]\n|\n|upkeep\n|\n|t:|1701025119\n|switch|p2a: Scrooge|Sneasler, L50, M|100\/100\n|-enditem|p2a: Scrooge|Psychic Seed\n|-boost|p2a: Scrooge|spd|1|[from] item: Psychic Seed\n|turn|3\n|\n|t:|1701025143\n|switch|p1a: Satsuki|Sinistcha, L50, shiny|100\/100\n|-heal|p1b: Nonon|37\/100|[from] ability: Hospitality|[of] p1a: Satsuki\n|switch|p1b: Ryuko|Roaring Moon, L50, shiny|100\/100\n|-enditem|p1b: Ryuko|Booster Energy\n|-activate|p1b: Ryuko|ability: Protosynthesis|[fromitem]\n|-start|p1b: Ryuko|protosynthesisatk\n|move|p2a: Scrooge|Dire Claw|p1b: Ryuko\n|-damage|p1b: Ryuko|39\/100\n|\n|upkeep\n|turn|4\n|\n|t:|1701025172\n|move|p1b: Ryuko|Protect|p1b: Ryuko\n|-singleturn|p1b: Ryuko|Protect\n|move|p2a: Scrooge|Dire Claw|p1b: Ryuko\n|-activate|p1b: Ryuko|move: Protect\n|move|p1a: Satsuki|Trick Room|p1a: Satsuki\n|-fieldstart|move: Trick Room|[of] p1a: Satsuki\n|\n|upkeep\n|turn|5\n|\n|t:|1701025185\n|move|p1a: Satsuki|Shadow Ball|p2a: Scrooge\n|-damage|p2a: Scrooge|58\/100\n|move|p1b: Ryuko|Acrobatics|p2a: Scrooge\n|-supereffective|p2a: Scrooge\n|-damage|p2a: Scrooge|0 fnt\n|faint|p2a: Scrooge\n|\n|win|Jakepaulyt\n","uploadtime":1701025196,"views":11,"p1id":"jakepaulyt","p2id":"sayfiasfhxcjzknc","formatid":"gen9vgc2023regulatione","rating":0,"private":0,"password":""}