{"id":"gen9vgc2023regulatione-1989417557","p1":"testing122023G","p2":"caZISA","format":"[Gen 9] VGC 2023 Regulation E","log":"|j|\u2606testing122023G\n|j|\u2606caZISA\n|t:|1699847598\n|gametype|doubles\n|player|p1|testing122023G|1|1633\n|player|p2|caZISA|red|1606\n|teamsize|p1|6\n|teamsize|p2|6\n|gen|9\n|tier|[Gen 9] VGC 2023 Regulation E\n|rated|\n|rule|Species Clause: Limit one of each Pok\u00e9mon\n|rule|Item Clause: Limit one of each item\n|clearpoke\n|poke|p1|Ninetales, L50, M|\n|poke|p1|Lilligant-Hisui, L50, F|\n|poke|p1|Ogerpon-Hearthflame, L50, F|\n|poke|p1|Roaring Moon, L50|\n|poke|p1|Flutter Mane, L50|\n|poke|p1|Iron Hands, L50|\n|poke|p2|Landorus-Therian, L50, M|\n|poke|p2|Ogerpon-Hearthflame, L50, F|\n|poke|p2|Iron Hands, L50|\n|poke|p2|Dondozo, L50, F|\n|poke|p2|Tatsugiri, L50, F|\n|poke|p2|Ninetales-Alola, L50, F|\n|teampreview|4\n|inactive|Battle timer is ON: inactive players will automatically lose when time's up. (requested by testing122023G)\n|j| previouslynamed\n|j| thomas shelby 1\n|inactive|caZISA has 60 seconds left.\n|\n|t:|1699847633\n|start\n|switch|p1a: Lilligant|Lilligant-Hisui, L50, F|100\/100\n|switch|p1b: Iron Hands|Iron Hands, L50|100\/100\n|switch|p2a: Ogerpon|Ogerpon-Hearthflame, L50, F|100\/100\n|switch|p2b: Dondozo|Dondozo, L50, F|100\/100\n|-ability|p2a: Ogerpon|Mold Breaker\n|turn|1\n|\n|t:|1699847640\n|move|p2a: Ogerpon|Spiky Shield|p2a: Ogerpon\n|-singleturn|p2a: Ogerpon|move: Protect\n|move|p2b: Dondozo|Protect|p2b: Dondozo\n|-singleturn|p2b: Dondozo|Protect\n|move|p1b: Iron Hands|Fake Out|p2a: Ogerpon\n|-activate|p2a: Ogerpon|move: Protect\n|-damage|p1b: Iron Hands|88\/100|[from] Spiky Shield|[of] p2a: Ogerpon\n|move|p1a: Lilligant|Sleep Powder|p2b: Dondozo\n|-activate|p2b: Dondozo|move: Protect\n|\n|upkeep\n|turn|2\n|\n|t:|1699847654\n|switch|p2b: Tails|Ninetales-Alola, L50, F|100\/100\n|-weather|Snow|[from] ability: Snow Warning|[of] p2b: Tails\n|move|p1a: Lilligant|Protect|p1a: Lilligant\n|-singleturn|p1a: Lilligant|Protect\n|move|p2a: Ogerpon|Ivy Cudgel|p1a: Lilligant\n|-activate|p1a: Lilligant|move: Protect\n|move|p1b: Iron Hands|Drain Punch|p2a: Ogerpon\n|-damage|p2a: Ogerpon|42\/100\n|-heal|p1b: Iron Hands|100\/100|[from] drain|[of] p2a: Ogerpon\n|\n|-weather|Snow|[upkeep]\n|upkeep\n|turn|3\n|\n|t:|1699847671\n|-end|p1b: Iron Hands|Quark Drive|[silent]\n|switch|p1b: Ninetales|Ninetales, L50, M, shiny|100\/100\n|-weather|SunnyDay|[from] ability: Drought|[of] p1b: Ninetales\n|move|p2a: Ogerpon|Follow Me|p2a: Ogerpon\n|-singleturn|p2a: Ogerpon|move: Follow Me\n|move|p1a: Lilligant|Close Combat|p2a: Ogerpon\n|-damage|p2a: Ogerpon|0 fnt\n|-unboost|p1a: Lilligant|def|1\n|-unboost|p1a: Lilligant|spd|1\n|faint|p2a: Ogerpon\n|move|p2b: Tails|Moonblast|p1a: Lilligant\n|-supereffective|p1a: Lilligant\n|-enditem|p1a: Lilligant|Focus Sash\n|-damage|p1a: Lilligant|1\/100\n|\n|-weather|SunnyDay|[upkeep]\n|upkeep\n|j| youngtakajln\n|\n|t:|1699847679\n|switch|p2a: Dondozo|Dondozo, L50, F|100\/100\n|turn|4\n|l| youngtakajln\n|\n|t:|1699847690\n|switch|p1b: Iron Hands|Iron Hands, L50|100\/100\n|switch|p2a: Tatsugiri|Tatsugiri, L50, F|100\/100\n|move|p1a: Lilligant|Protect|p1a: Lilligant\n|-singleturn|p1a: Lilligant|Protect\n|move|p2b: Tails|Moonblast|p1a: Lilligant\n|-activate|p1a: Lilligant|move: Protect\n|\n|-weather|SunnyDay|[upkeep]\n|upkeep\n|turn|5\n|j| PcistaMasterRace\n|\n|t:|1699847710\n|switch|p1a: Ninetales|Ninetales, L50, M, shiny|100\/100\n|move|p2b: Tails|Protect|p2b: Tails\n|-singleturn|p2b: Tails|Protect\n|move|p2a: Tatsugiri|Protect|p2a: Tatsugiri\n|-singleturn|p2a: Tatsugiri|Protect\n|move|p1b: Iron Hands|Heavy Slam|p2b: Tails\n|-activate|p2b: Tails|move: Protect\n|\n|-weather|SunnyDay|[upkeep]\n|upkeep\n|turn|6\n|inactive|caZISA has 30 seconds left.\n|\n|t:|1699847736\n|switch|p2a: Dondozo|Dondozo, L50, F|100\/100\n|move|p2b: Tails|Moonblast|p1b: Iron Hands\n|-supereffective|p1b: Iron Hands\n|-damage|p1b: Iron Hands|68\/100\n|move|p1a: Ninetales|Heat Wave|p2a: Dondozo|[spread] p2a,p2b\n|-resisted|p2a: Dondozo\n|-supereffective|p2b: Tails\n|-damage|p2a: Dondozo|68\/100\n|-damage|p2b: Tails|0 fnt\n|faint|p2b: Tails\n|move|p1b: Iron Hands|Heavy Slam|p2a: Dondozo\n|-resisted|p2a: Dondozo\n|-damage|p2a: Dondozo|62\/100\n|\n|-weather|SunnyDay|[upkeep]\n|-heal|p2a: Dondozo|68\/100|[from] item: Leftovers\n|upkeep\n|\n|t:|1699847740\n|switch|p2b: Tatsugiri|Tatsugiri, L50, F|100\/100\n|-activate|p2b: Tatsugiri|ability: Commander|[of] p2a: Dondozo\n|-boost|p2a: Dondozo|atk|2\n|-boost|p2a: Dondozo|spa|2\n|-boost|p2a: Dondozo|spe|2\n|-boost|p2a: Dondozo|def|2\n|-boost|p2a: Dondozo|spd|2\n|turn|7\n|\n|t:|1699847754\n|switch|p1a: Flutter Mane|Flutter Mane, L50|100\/100\n|-activate|p1a: Flutter Mane|ability: Protosynthesis\n|-start|p1a: Flutter Mane|protosynthesisspe\n|-terastallize|p2a: Dondozo|Dragon\n|move|p2a: Dondozo|Earthquake|p1a: Flutter Mane|[spread] p1a,p1b\n|-miss|p2a: Dondozo|p2b: Tatsugiri\n|-supereffective|p1b: Iron Hands\n|-crit|p1b: Iron Hands\n|-damage|p1a: Flutter Mane|6\/100\n|-damage|p1b: Iron Hands|0 fnt\n|faint|p1b: Iron Hands\n|-end|p1b: Iron Hands|Quark Drive|[silent]\n|\n|-weather|none\n|-end|p1a: Flutter Mane|Protosynthesis\n|-heal|p2a: Dondozo|74\/100|[from] item: Leftovers\n|upkeep\n|\n|t:|1699847760\n|switch|p1b: Ninetales|Ninetales, L50, M, shiny|100\/100\n|-weather|SunnyDay|[from] ability: Drought|[of] p1b: Ninetales\n|-activate|p1a: Flutter Mane|ability: Protosynthesis\n|-start|p1a: Flutter Mane|protosynthesisspe\n|turn|8\n|\n|t:|1699847767\n|switch|p1b: Lilligant|Lilligant-Hisui, L50, F|1\/100\n|-terastallize|p1a: Flutter Mane|Fairy\n|move|p2a: Dondozo|Protect|p2a: Dondozo\n|-singleturn|p2a: Dondozo|Protect\n|move|p1a: Flutter Mane|Moonblast|p2a: Dondozo\n|-activate|p2a: Dondozo|move: Protect\n|\n|-weather|SunnyDay|[upkeep]\n|-heal|p2a: Dondozo|80\/100|[from] item: Leftovers\n|upkeep\n|turn|9\n|\n|t:|1699847772\n|move|p1b: Lilligant|Sleep Powder|p2a: Dondozo\n|-status|p2a: Dondozo|slp|[from] move: Sleep Powder\n|move|p1a: Flutter Mane|Moonblast|p2a: Dondozo\n|-supereffective|p2a: Dondozo\n|-damage|p2a: Dondozo|0 fnt\n|faint|p2a: Dondozo\n|-damage|p1a: Flutter Mane|0 fnt|[from] item: Life Orb\n|faint|p1a: Flutter Mane\n|-end|p1a: Flutter Mane|Protosynthesis|[silent]\n|\n|-weather|SunnyDay|[upkeep]\n|upkeep\n|\n|t:|1699847775\n|switch|p1a: Ninetales|Ninetales, L50, M, shiny|100\/100\n|turn|10\n|\n|t:|1699847778\n|move|p1b: Lilligant|Solar Blade||[still]\n|-prepare|p1b: Lilligant|Solar Blade\n|-anim|p1b: Lilligant|Solar Blade|p2b: Tatsugiri\n|-damage|p2b: Tatsugiri|9\/100\n|move|p1a: Ninetales|Solar Beam||[still]\n|-prepare|p1a: Ninetales|Solar Beam\n|-anim|p1a: Ninetales|Solar Beam|p2b: Tatsugiri\n|-damage|p2b: Tatsugiri|0 fnt\n|faint|p2b: Tatsugiri\n|\n|win|testing122023G\n|raw|testing122023G's rating: 1633 &rarr; <strong>1651<\/strong><br \/>(+18 for winning)\n|raw|caZISA's rating: 1606 &rarr; <strong>1588<\/strong><br \/>(-18 for losing)\n|l|\u2606caZISA\n|l|\u2606testing122023G\n|l| previouslynamed\n|l| thomas shelby 1\n","uploadtime":1699848097,"views":14,"p1id":"testing122023g","p2id":"cazisa","formatid":"gen9vgc2023regulatione","rating":1588,"private":0,"password":""}