{"id":"gen9vgc2023regulatione-1996588931","p1":"Daniel1018","p2":"SCRUMPTIOUSBREAD","format":"[Gen 9] VGC 2023 Regulation E","log":"|j|\u2606Daniel1018\n|j|\u2606SCRUMPTIOUSBREAD\n|n|\u2606Daniel1018|daniel1018\n|n|\u2606SCRUMPTIOUSBREAD|scrumptiousbread\n|html|View the match progress at <a href=\"\/game-bestof3-gen9vgc2023regulatione-1996586035\">game-bestof3-gen9vgc2023regulatione-1996586035<\/a>\n|t:|1700697698\n|gametype|doubles\n|player|p1|Daniel1018|volo-ginkgo|\n|player|p2|SCRUMPTIOUSBREAD|lance|\n|teamsize|p1|6\n|teamsize|p2|6\n|gen|9\n|tier|[Gen 9] VGC 2023 Regulation E\n|rule|Species Clause: Limit one of each Pok\u00e9mon\n|rule|Item Clause: Limit one of each item\n|clearpoke\n|poke|p1|Cresselia, L50, F|\n|poke|p1|Ursaluna-Bloodmoon, L50, M|\n|poke|p1|Iron Hands, L50|\n|poke|p1|Rabsca, L50, M|\n|poke|p1|Decidueye-Hisui, L50, M|\n|poke|p1|Slowbro, L50, M|\n|poke|p2|Electrode-Hisui, L50|\n|poke|p2|Espathra, L50, M|\n|poke|p2|Raichu, L50, M|\n|poke|p2|Ogerpon-Wellspring, L50, F|\n|poke|p2|Cetitan, L50, M|\n|poke|p2|Corviknight, L50, M|\n|teampreview|4\n|inactive|Battle timer is ON: inactive players will automatically lose when time's up. (requested by Daniel1018)\nDaniel1018 rejected open team sheets.\n|inactive|Daniel1018 has 60 seconds left.\n|\n|t:|1700697752\n|start\n|switch|p1a: Artemis|Cresselia, L50, F, shiny|100\/100\n|switch|p1b: Mor'du|Ursaluna-Bloodmoon, L50, M|100\/100\n|switch|p2a: Gregnade|Electrode-Hisui, L50, shiny|100\/100\n|switch|p2b: Gorochu|Raichu, L50, M, shiny|100\/100\n|turn|1\n|inactive|SCRUMPTIOUSBREAD has 30 seconds left.\n|inactive|SCRUMPTIOUSBREAD has 20 seconds left.\n|inactive|SCRUMPTIOUSBREAD has 15 seconds left.\n|inactive|SCRUMPTIOUSBREAD has 10 seconds left.\n|\n|t:|1700697801\n|-terastallize|p2b: Gorochu|Ice\n|move|p1b: Mor'du|Protect|p1b: Mor'du\n|-singleturn|p1b: Mor'du|Protect\n|move|p2a: Gregnade|Discharge|p1b: Mor'du|[spread] p1a\n|-activate|p1b: Mor'du|move: Protect\n|-ability|p2b: Gorochu|Lightning Rod|boost\n|-boost|p2b: Gorochu|spa|1\n|-damage|p1a: Artemis|83\/100\n|-status|p1a: Artemis|par\n|move|p2b: Gorochu|Tera Blast|p1b: Mor'du|[anim] Tera Blast Ice\n|-activate|p1b: Mor'du|move: Protect\n|cant|p1a: Artemis|par\n|\n|upkeep\n|turn|2\n|\n|t:|1700697826\n|move|p1a: Artemis|Ally Switch|p1a: Artemis\n|swap|p1a: Artemis|1|[from] move: Ally Switch\n|move|p2a: Gregnade|Discharge|p1b: Artemis|[spread] p1b\n|-ability|p2b: Gorochu|Lightning Rod|boost\n|-boost|p2b: Gorochu|spa|1\n|-immune|p1a: Mor'du\n|-damage|p1b: Artemis|64\/100 par\n|move|p2b: Gorochu|Tera Blast|p1b: Artemis|[anim] Tera Blast Ice\n|-damage|p1b: Artemis|34\/100 par\n|move|p1a: Mor'du|Blood Moon|p2b: Gorochu\n|-damage|p2b: Gorochu|15\/100\n|-enditem|p2b: Gorochu|Eject Button\n|\n|t:|1700697845\n|switch|p2b: Claymore|Corviknight, L50, M, shiny|100\/100\n|-ability|p2b: Claymore|Unnerve\n|\n|upkeep\n|turn|3\n|\n|t:|1700697866\n|switch|p2a: Gorochu|Raichu, L50, M, shiny, tera:Ice|15\/100\n|move|p1a: Mor'du|Protect|p1a: Mor'du\n|-singleturn|p1a: Mor'du|Protect\n|move|p2b: Claymore|Iron Defense|p2b: Claymore\n|-boost|p2b: Claymore|def|2\n|move|p1b: Artemis|Trick Room|p1b: Artemis\n|-fieldstart|move: Trick Room|[of] p1b: Artemis\n|\n|upkeep\n|turn|4\n|\n|t:|1700697882\n|move|p2a: Gorochu|Fake Out|p1a: Mor'du\n|-damage|p1a: Mor'du|95\/100\n|cant|p1b: Artemis|par\n|move|p2b: Claymore|Body Press|p1a: Mor'du\n|-supereffective|p1a: Mor'du\n|-damage|p1a: Mor'du|41\/100\n|cant|p1a: Mor'du|flinch\n|\n|-heal|p1a: Mor'du|47\/100|[from] item: Leftovers\n|upkeep\n|turn|5\n|inactive|Daniel1018 has 30 seconds left.\n|inactive|SCRUMPTIOUSBREAD has 30 seconds left.\n|\n|t:|1700697910\n|move|p1b: Artemis|Lunar Blessing|p1b: Artemis|[spread] p1a,p1b\n|-heal|p1a: Mor'du|72\/100\n|-heal|p1b: Artemis|60\/100 par\n|-curestatus|p1b: Artemis|par|[msg]\n|move|p2b: Claymore|Roost||[still]\n|-fail|p2b: Claymore|heal\n|move|p1a: Mor'du|Blood Moon|p2b: Claymore\n|-resisted|p2b: Claymore\n|-damage|p2b: Claymore|71\/100\n|move|p2a: Gorochu|Tera Blast|p1a: Mor'du|[anim] Tera Blast Ice\n|-supereffective|p1a: Mor'du\n|-damage|p1a: Mor'du|6\/100\n|\n|-heal|p2b: Claymore|77\/100|[from] item: Leftovers\n|-heal|p1a: Mor'du|12\/100|[from] item: Leftovers\n|upkeep\n|turn|6\n|\n|t:|1700697930\n|move|p1a: Mor'du|Protect|p1a: Mor'du\n|-singleturn|p1a: Mor'du|Protect\n|move|p2b: Claymore|Iron Defense|p2b: Claymore\n|-boost|p2b: Claymore|def|2\n|move|p1b: Artemis|Dazzling Gleam|p2b: Claymore|[spread] p2a,p2b\n|-resisted|p2b: Claymore\n|-damage|p2a: Gorochu|2\/100\n|-damage|p2b: Claymore|73\/100\n|move|p2a: Gorochu|Tera Blast|p1b: Artemis|[anim] Tera Blast Ice\n|-damage|p1b: Artemis|45\/100\n|\n|-heal|p2b: Claymore|79\/100|[from] item: Leftovers\n|-heal|p1a: Mor'du|18\/100|[from] item: Leftovers\n|upkeep\n|turn|7\n|inactive|Daniel1018 has 30 seconds left.\n|\n|t:|1700697964\n|move|p1b: Artemis|Ally Switch|p1b: Artemis\n|swap|p1b: Artemis|0|[from] move: Ally Switch\n|move|p2b: Claymore|Body Press|p1a: Artemis\n|-resisted|p1a: Artemis\n|-damage|p1a: Artemis|26\/100\n|-damage|p2b: Claymore|62\/100|[from] item: Rocky Helmet|[of] p1a: Artemis\n|move|p1b: Mor'du|Earth Power|p2b: Claymore\n|-immune|p2b: Claymore\n|move|p2a: Gorochu|Tera Blast|p1a: Artemis|[anim] Tera Blast Ice\n|-damage|p1a: Artemis|11\/100\n|\n|-heal|p2b: Claymore|68\/100|[from] item: Leftovers\n|-heal|p1b: Mor'du|24\/100|[from] item: Leftovers\n|-fieldend|move: Trick Room\n|upkeep\n|turn|8\n|\n|t:|1700697985\n|move|p1b: Mor'du|Protect|p1b: Mor'du\n|-singleturn|p1b: Mor'du|Protect\n|move|p2a: Gorochu|Tera Blast|p1a: Artemis|[anim] Tera Blast Ice\n|-damage|p1a: Artemis|0 fnt\n|faint|p1a: Artemis\n|move|p2b: Claymore|Body Press|p1b: Mor'du\n|-activate|p1b: Mor'du|move: Protect\n|\n|-heal|p1b: Mor'du|30\/100|[from] item: Leftovers\n|-heal|p2b: Claymore|74\/100|[from] item: Leftovers\n|upkeep\n|\n|t:|1700698004\n|switch|p1a: Khepri|Rabsca, L50, M, shiny|100\/100\n|turn|9\n|\n|t:|1700698017\n|move|p2a: Gorochu|Thunderbolt|p1a: Khepri\n|-damage|p1a: Khepri|68\/100\n|move|p1b: Mor'du|Moonblast|p2a: Gorochu\n|-damage|p2a: Gorochu|0 fnt\n|faint|p2a: Gorochu\n|move|p2b: Claymore|Body Press|p1b: Mor'du\n|-supereffective|p1b: Mor'du\n|-damage|p1b: Mor'du|0 fnt\n|faint|p1b: Mor'du\n|move|p1a: Khepri|Trick Room|p1a: Khepri\n|-fieldstart|move: Trick Room|[of] p1a: Khepri\n|\n|-heal|p2b: Claymore|80\/100|[from] item: Leftovers\n|upkeep\n|inactive|SCRUMPTIOUSBREAD has 30 seconds left.\n|\n|t:|1700698044\n|switch|p1b: Susuano-O|Decidueye-Hisui, L50, M, shiny|100\/100\n|switch|p2a: Gregnade|Electrode-Hisui, L50, shiny|100\/100\n|turn|10\n|\n|t:|1700698066\n|move|p1a: Khepri|Revival Blessing|p1a: Khepri\n|inactive|Daniel1018 has 30 seconds left.\n|\n|t:|1700698094\n|-heal|p1: Mor'du|50\/100|[from] move: Revival Blessing\n|move|p2b: Claymore|Roost|p2b: Claymore\n|-heal|p2b: Claymore|100\/100\n|-singleturn|p2b: Claymore|move: Roost\n|move|p1b: Susuano-O|Triple Arrows|p2b: Claymore\n|-supereffective|p2b: Claymore\n|-damage|p2b: Claymore|73\/100\n|move|p2a: Gregnade|Tera Blast|p1a: Khepri\n|-damage|p1a: Khepri|33\/100\n|\n|-heal|p2b: Claymore|79\/100|[from] item: Leftovers\n|upkeep\n|turn|11\n|\n|t:|1700698116\n|-terastallize|p1b: Susuano-O|Dragon\n|move|p1a: Khepri|Bug Buzz|p2a: Gregnade\n|-supereffective|p2a: Gregnade\n|-damage|p2a: Gregnade|0 fnt\n|faint|p2a: Gregnade\n|move|p2b: Claymore|Body Press|p1b: Susuano-O\n|-damage|p1b: Susuano-O|41\/100\n|move|p1b: Susuano-O|Triple Arrows|p2b: Claymore\n|-damage|p2b: Claymore|65\/100\n|\n|-heal|p2b: Claymore|71\/100|[from] item: Leftovers\n|upkeep\n|\n|t:|1700698128\n|switch|p2a: Muffin|Ogerpon-Wellspring, L50, F|100\/100\n|turn|12\n|\n|t:|1700698139\n|move|p2a: Muffin|Spiky Shield|p2a: Muffin\n|-singleturn|p2a: Muffin|move: Protect\n|move|p1a: Khepri|Bug Buzz|p2a: Muffin\n|-activate|p2a: Muffin|move: Protect\n|move|p2b: Claymore|Body Press|p1b: Susuano-O\n|-damage|p1b: Susuano-O|0 fnt\n|faint|p1b: Susuano-O\n|\n|-heal|p2b: Claymore|77\/100|[from] item: Leftovers\n|upkeep\n|\n|t:|1700698147\n|switch|p1b: Mor'du|Ursaluna-Bloodmoon, L50, M|50\/100\n|turn|13\n|\n|t:|1700698166\n|move|p1a: Khepri|Bug Buzz|p2a: Muffin\n|-supereffective|p2a: Muffin\n|-crit|p2a: Muffin\n|-damage|p2a: Muffin|0 fnt\n|faint|p2a: Muffin\n|move|p2b: Claymore|Body Press|p1b: Mor'du\n|-supereffective|p1b: Mor'du\n|-damage|p1b: Mor'du|0 fnt\n|faint|p1b: Mor'du\n|\n|-heal|p2b: Claymore|83\/100|[from] item: Leftovers\n|-fieldend|move: Trick Room\n|upkeep\n|turn|14\n|\n|t:|1700698179\n|move|p2b: Claymore|Body Press|p1a: Khepri\n|-resisted|p1a: Khepri\n|-damage|p1a: Khepri|17\/100\n|move|p1a: Khepri|Shadow Ball|p2b: Claymore\n|-damage|p2b: Claymore|62\/100\n|\n|-heal|p2b: Claymore|68\/100|[from] item: Leftovers\n|upkeep\n|turn|15\n|\n|t:|1700698188\n|move|p2b: Claymore|Body Press|p1a: Khepri\n|-resisted|p1a: Khepri\n|-damage|p1a: Khepri|2\/100\n|move|p1a: Khepri|Shadow Ball|p2b: Claymore\n|-crit|p2b: Claymore\n|-damage|p2b: Claymore|35\/100\n|\n|-heal|p2b: Claymore|41\/100|[from] item: Leftovers\n|upkeep\n|turn|16\n|\n|t:|1700698197\n|move|p2b: Claymore|Body Press|p1a: Khepri\n|-resisted|p1a: Khepri\n|-damage|p1a: Khepri|0 fnt\n|faint|p1a: Khepri\n|\n|win|SCRUMPTIOUSBREAD\n","uploadtime":1700698280,"views":19,"p1id":"daniel1018","p2id":"scrumptiousbread","formatid":"gen9vgc2023regulatione","rating":0,"private":0,"password":""}