{"id":"gen9vgc2023regulatione-1992321210","p1":"Priest_of_Talos","p2":"DoctorCaliente","format":"[Gen 9] VGC 2023 Regulation E","log":"|j|\u2606Priest_of_Talos\n|j|\u2606DoctorCaliente\n|n|\u2606Priest_of_Talos|priestoftalos\n|n|\u2606DoctorCaliente|doctorcaliente\n|html|View the match progress at <a href=\"\/game-bestof3-gen9vgc2023regulatione-1992317824\">game-bestof3-gen9vgc2023regulatione-1992317824<\/a>\n|t:|1700174452\n|gametype|doubles\n|player|p1|Priest_of_Talos|265|\n|player|p2|DoctorCaliente|170|\n|teamsize|p1|6\n|teamsize|p2|6\n|gen|9\n|tier|[Gen 9] VGC 2023 Regulation E\n|rule|Species Clause: Limit one of each Pok\u00e9mon\n|rule|Item Clause: Limit one of each item\n|clearpoke\n|poke|p1|Annihilape, L50, F|\n|poke|p1|Dragonite, L50, F|\n|poke|p1|Scream Tail, L50|\n|poke|p1|Iron Moth, L50|\n|poke|p1|Chien-Pao, L50|\n|poke|p1|Tinkaton, L50, F|\n|poke|p2|Ogerpon-Hearthflame, L50, F|\n|poke|p2|Grimmsnarl, L50, M|\n|poke|p2|Thundurus, L50, M|\n|poke|p2|Spectrier, L50|\n|poke|p2|Tyranitar, L50, M|\n|poke|p2|Scizor, L50, M|\n|teampreview|4\nDoctorCaliente has agreed to open team sheets.\nPriest_of_Talos has agreed to open team sheets.\n|showteam|p1|Annihilape||Leftovers|Defiant|BulkUp,DrainPunch,RageFist,Protect|||F|||50|,,,,,Dark]Dragonite||ChoiceBand|InnerFocus|ExtremeSpeed,AerialAce,StompingTantrum,IronHead|||F|||50|,,,,,Normal]Scream Tail||BoosterEnergy|Protosynthesis|Reflect,ThunderWave,DazzlingGleam,Protect||||||50|,,,,,Dark]Iron Moth||LumBerry|QuarkDrive|EnergyBall,Overheat,SludgeWave,Protect||||||50|,,,,,Grass]Chien-Pao||FocusSash|SwordofRuin|IceSpinner,BrickBreak,SuckerPunch,Protect||||||50|,,,,,Ghost]Tinkaton||SitrusBerry|MoldBreaker|FakeOut,GigatonHammer,PlayRough,Protect|||F|||50|,,,,,Water\n|showteam|p2|Ogerpon-Hearthflame||HearthflameMask|MoldBreaker|IvyCudgel,HornLeech,Superpower,SpikyShield|||F|||50|,,,,,Fire]Grimmsnarl||LightClay|Prankster|FakeOut,SpiritBreak,LightScreen,Reflect|||M|||50|,,,,,Ghost]Thundurus||CovertCloak|Prankster|WildboltStorm,FlashCannon,Taunt,ThunderWave|||M|||50|,,,,,Steel]Spectrier||ChoiceScarf|GrimNeigh|DarkPulse,ShadowBall,Psychic,TeraBlast||||||50|,,,,,Fairy]Tyranitar||WeaknessPolicy|SandStream|Protect,RockSlide,IronHead,HighHorsepower|||M|||50|,,,,,Rock]Scizor||LifeOrb|Technician|BulletPunch,XScissor,CloseCombat,Protect|||M|||50|,,,,,Water\n|\n|t:|1700174520\n|start\n|switch|p1a: Gwimmsnawl|Scream Tail, L50|100\/100\n|switch|p1b: moke kill|Annihilape, L50, F|100\/100\n|switch|p2a: Bonkzilla|Tyranitar, L50, M|100\/100\n|switch|p2b: Bonksnarl|Grimmsnarl, L50, M|100\/100\n|-weather|Sandstorm|[from] ability: Sand Stream|[of] p2a: Bonkzilla\n|-enditem|p1a: Gwimmsnawl|Booster Energy\n|-activate|p1a: Gwimmsnawl|ability: Protosynthesis|[fromitem]\n|-start|p1a: Gwimmsnawl|protosynthesisspe\n|turn|1\n|\n|t:|1700174545\n|-terastallize|p2a: Bonkzilla|Rock\n|move|p1a: Gwimmsnawl|Protect|p1a: Gwimmsnawl\n|-singleturn|p1a: Gwimmsnawl|Protect\n|move|p2b: Bonksnarl|Reflect|p2b: Bonksnarl\n|-sidestart|p2: DoctorCaliente|Reflect\n|move|p1b: moke kill|Bulk Up|p1b: moke kill\n|-boost|p1b: moke kill|atk|1\n|-boost|p1b: moke kill|def|1\n|move|p2a: Bonkzilla|Rock Slide|p1a: Gwimmsnawl|[spread] p1b\n|-activate|p1a: Gwimmsnawl|move: Protect\n|-resisted|p1b: moke kill\n|-damage|p1b: moke kill|87\/100\n|\n|-weather|Sandstorm|[upkeep]\n|-damage|p1a: Gwimmsnawl|95\/100|[from] Sandstorm\n|-damage|p1b: moke kill|81\/100|[from] Sandstorm\n|-damage|p2b: Bonksnarl|95\/100|[from] Sandstorm\n|-heal|p1b: moke kill|87\/100|[from] item: Leftovers\n|upkeep\n|turn|2\n|\n|t:|1700174569\n|move|p1a: Gwimmsnawl|Reflect|p1a: Gwimmsnawl\n|-sidestart|p1: Priest_of_Talos|Reflect\n|move|p1b: moke kill|Bulk Up|p1b: moke kill\n|-boost|p1b: moke kill|atk|1\n|-boost|p1b: moke kill|def|1\n|move|p2a: Bonkzilla|Iron Head|p1a: Gwimmsnawl\n|-supereffective|p1a: Gwimmsnawl\n|-damage|p1a: Gwimmsnawl|63\/100\n|move|p2b: Bonksnarl|Spirit Break|p1b: moke kill\n|-supereffective|p1b: moke kill\n|-crit|p1b: moke kill\n|-damage|p1b: moke kill|0 fnt\n|faint|p1b: moke kill\n|\n|-weather|Sandstorm|[upkeep]\n|-damage|p1a: Gwimmsnawl|57\/100|[from] Sandstorm\n|-damage|p2b: Bonksnarl|89\/100|[from] Sandstorm\n|upkeep\n|\n|t:|1700174584\n|switch|p1b: beebooboobop|Iron Moth, L50|100\/100\n|turn|3\n|\n|t:|1700174623\n|switch|p2b: Scibonk|Scizor, L50, M|100\/100\n|-terastallize|p1b: beebooboobop|Grass\n|move|p1a: Gwimmsnawl|Thunder Wave|p2a: Bonkzilla\n|-status|p2a: Bonkzilla|par\n|move|p1b: beebooboobop|Energy Ball|p2a: Bonkzilla\n|-supereffective|p2a: Bonkzilla\n|-damage|p2a: Bonkzilla|44\/100 par\n|-enditem|p2a: Bonkzilla|Weakness Policy\n|-boost|p2a: Bonkzilla|atk|2|[from] item: Weakness Policy\n|-boost|p2a: Bonkzilla|spa|2|[from] item: Weakness Policy\n|move|p2a: Bonkzilla|Rock Slide|p1b: beebooboobop|[spread] p1a,p1b\n|-damage|p1a: Gwimmsnawl|20\/100\n|-damage|p1b: beebooboobop|0 fnt\n|faint|p1b: beebooboobop\n|-end|p1b: beebooboobop|Quark Drive|[silent]\n|\n|-weather|Sandstorm|[upkeep]\n|-damage|p1a: Gwimmsnawl|14\/100|[from] Sandstorm\n|upkeep\n|\n|t:|1700174636\n|switch|p1b: Johnny Cage|Dragonite, L50, F|100\/100\n|turn|4\n|\n|t:|1700174670\n|move|p2b: Scibonk|Bullet Punch|p1a: Gwimmsnawl\n|-supereffective|p1a: Gwimmsnawl\n|-damage|p1a: Gwimmsnawl|0 fnt\n|faint|p1a: Gwimmsnawl\n|-end|p1a: Gwimmsnawl|Protosynthesis|[silent]\n|-damage|p2b: Scibonk|91\/100|[from] item: Life Orb\n|move|p1b: Johnny Cage|Stomping Tantrum|p2a: Bonkzilla\n|-supereffective|p2a: Bonkzilla\n|-damage|p2a: Bonkzilla|0 fnt\n|faint|p2a: Bonkzilla\n|\n|-weather|Sandstorm|[upkeep]\n|-damage|p1b: Johnny Cage|94\/100|[from] Sandstorm\n|upkeep\n|\n|t:|1700174680\n|switch|p2a: Cumdurus|Thundurus, L50, M|100\/100\n|turn|5\n|\n|t:|1700174686\n|move|p2b: Scibonk|Bullet Punch|p1b: Johnny Cage\n|-damage|p1b: Johnny Cage|66\/100\n|-damage|p2b: Scibonk|81\/100|[from] item: Life Orb\n|move|p2a: Cumdurus|Flash Cannon|p1b: Johnny Cage\n|-damage|p1b: Johnny Cage|40\/100\n|move|p1b: Johnny Cage|Stomping Tantrum|p2b: Scibonk\n|-damage|p2b: Scibonk|49\/100\n|\n|-weather|none\n|upkeep\n|turn|6\n|\n|t:|1700174696\n|move|p2b: Scibonk|Bullet Punch|p1b: Johnny Cage\n|-damage|p1b: Johnny Cage|12\/100\n|-damage|p2b: Scibonk|39\/100|[from] item: Life Orb\n|move|p2a: Cumdurus|Flash Cannon|p1b: Johnny Cage\n|-damage|p1b: Johnny Cage|0 fnt\n|faint|p1b: Johnny Cage\n|\n|win|DoctorCaliente\n","uploadtime":1700174700,"views":28,"p1id":"priestoftalos","p2id":"doctorcaliente","formatid":"gen9vgc2023regulatione","rating":0,"private":0,"password":""}