{"id":"gen9vgc2023regulatione-1989165262","p1":"Profily","p2":"LorVGC","format":"[Gen 9] VGC 2023 Regulation E","log":"|j|\u2606Profily\n|j|\u2606LorVGC\n|t:|1699819119\n|gametype|doubles\n|player|p1|Profily|hilbert|1565\n|player|p2|LorVGC|265|1732\n|teamsize|p1|6\n|teamsize|p2|6\n|gen|9\n|tier|[Gen 9] VGC 2023 Regulation E\n|rated|\n|rule|Species Clause: Limit one of each Pok\u00e9mon\n|rule|Item Clause: Limit one of each item\n|clearpoke\n|poke|p1|Spinarak, L50, M|\n|poke|p1|Tatsugiri-Droopy, L50, M|\n|poke|p1|Lurantis, L50, F|\n|poke|p1|Heatran, L50, M|\n|poke|p1|Armarouge, L50, M|\n|poke|p1|Farigiraf, L50, M|\n|poke|p2|Goodra-Hisui, L50, F|\n|poke|p2|Grimmsnarl, L50, M|\n|poke|p2|Flutter Mane, L50|\n|poke|p2|Chi-Yu, L50|\n|poke|p2|Landorus-Therian, L50, M|\n|poke|p2|Amoonguss, L50, M|\n|teampreview|4\n|inactive|Battle timer is ON: inactive players will automatically lose when time's up. (requested by Profily)\n|inactive|LorVGC has 60 seconds left.\n|\n|t:|1699819159\n|start\n|switch|p1a: Armarouge|Armarouge, L50, M|100\/100\n|switch|p1b: Lurantis|Lurantis, L50, F|100\/100\n|switch|p2a: Grimmsnarl|Grimmsnarl, L50, M|100\/100\n|switch|p2b: Goodra|Goodra-Hisui, L50, F|100\/100\n|turn|1\n|\n|t:|1699819176\n|move|p2a: Grimmsnarl|Light Screen|p2a: Grimmsnarl\n|-sidestart|p2: LorVGC|move: Light Screen\n|move|p2b: Goodra|Acid Armor|p2b: Goodra\n|-boost|p2b: Goodra|def|2\n|move|p1a: Armarouge|Heat Wave|p2a: Grimmsnarl|[spread] p2a\n|-miss|p1a: Armarouge|p2b: Goodra\n|-damage|p2a: Grimmsnarl|75\/100\n|move|p1b: Lurantis|Superpower|p2b: Goodra\n|-supereffective|p2b: Goodra\n|-damage|p2b: Goodra|73\/100\n|-boost|p1b: Lurantis|atk|1\n|-boost|p1b: Lurantis|def|1\n|\n|-heal|p2b: Goodra|78\/100|[from] item: Leftovers\n|upkeep\n|turn|2\n|inactive|LorVGC has 30 seconds left.\n|\n|t:|1699819202\n|move|p2a: Grimmsnarl|Reflect|p2a: Grimmsnarl\n|-sidestart|p2: LorVGC|Reflect\n|move|p2b: Goodra|Body Press|p1b: Lurantis\n|-crit|p1b: Lurantis\n|-damage|p1b: Lurantis|15\/100\n|move|p1b: Lurantis|Superpower|p2a: Grimmsnarl\n|-damage|p2a: Grimmsnarl|41\/100\n|-boost|p1b: Lurantis|atk|1\n|-boost|p1b: Lurantis|def|1\n|move|p1a: Armarouge|Trick Room|p1a: Armarouge\n|-fieldstart|move: Trick Room|[of] p1a: Armarouge\n|\n|-heal|p2b: Goodra|84\/100|[from] item: Leftovers\n|upkeep\n|turn|3\n|\n|t:|1699819223\n|move|p1b: Lurantis|Superpower|p2b: Goodra\n|-supereffective|p2b: Goodra\n|-damage|p2b: Goodra|47\/100\n|-boost|p1b: Lurantis|atk|1\n|-boost|p1b: Lurantis|def|1\n|move|p1a: Armarouge|Heat Wave|p2b: Goodra|[spread] p2a,p2b\n|-damage|p2a: Grimmsnarl|15\/100\n|-damage|p2b: Goodra|30\/100\n|move|p2a: Grimmsnarl|Spirit Break|p1b: Lurantis\n|-damage|p1b: Lurantis|1\/100\n|-boost|p1b: Lurantis|spa|1\n|move|p2b: Goodra|Body Press|p1b: Lurantis\n|-damage|p1b: Lurantis|0 fnt\n|faint|p1b: Lurantis\n|\n|-heal|p2b: Goodra|35\/100|[from] item: Leftovers\n|upkeep\n|\n|t:|1699819227\n|switch|p1b: Farigiraf|Farigiraf, L50, M|100\/100\n|turn|4\n|\n|t:|1699819245\n|move|p2b: Goodra|Protect|p2b: Goodra\n|-singleturn|p2b: Goodra|Protect\n|move|p1b: Farigiraf|Hyper Voice|p2b: Goodra|[spread] p2a\n|-activate|p2b: Goodra|move: Protect\n|-damage|p2a: Grimmsnarl|0 fnt\n|faint|p2a: Grimmsnarl\n|move|p1a: Armarouge|Heat Wave|p2b: Goodra\n|-activate|p2b: Goodra|move: Protect\n|\n|-heal|p2b: Goodra|41\/100|[from] item: Leftovers\n|upkeep\n|\n|t:|1699819254\n|switch|p2a: Amoonguss|Amoonguss, L50, M|100\/100\n|turn|5\n|\n|t:|1699819266\n|-terastallize|p2a: Amoonguss|Water\n|move|p2a: Amoonguss|Pollen Puff|p2b: Goodra\n|-heal|p2b: Goodra|91\/100\n|move|p1b: Farigiraf|Psychic|p2a: Amoonguss\n|-damage|p2a: Amoonguss|73\/100\n|move|p1a: Armarouge|Heat Wave|p2b: Goodra|[spread] p2a,p2b\n|-resisted|p2a: Amoonguss\n|-damage|p2a: Amoonguss|60\/100\n|-damage|p2b: Goodra|73\/100\n|-status|p2b: Goodra|brn\n|move|p2b: Goodra|Body Press|p1b: Farigiraf\n|-damage|p1b: Farigiraf|74\/100\n|\n|-heal|p2b: Goodra|78\/100 brn|[from] item: Leftovers\n|-damage|p2b: Goodra|73\/100 brn|[from] brn\n|upkeep\n|turn|6\n|\n|t:|1699819289\n|move|p2a: Amoonguss|Spore|p1a: Armarouge\n|-activate|p1a: Armarouge|item: Safety Goggles|Spore\n|move|p1b: Farigiraf|Hyper Voice|p2a: Amoonguss|[spread] p2a,p2b\n|-resisted|p2b: Goodra\n|-damage|p2a: Amoonguss|37\/100\n|-damage|p2b: Goodra|64\/100 brn\n|-enditem|p2a: Amoonguss|Sitrus Berry|[eat]\n|-heal|p2a: Amoonguss|62\/100|[from] item: Sitrus Berry\n|move|p1a: Armarouge|Heat Wave|p2a: Amoonguss|[spread] p2a,p2b\n|-resisted|p2a: Amoonguss\n|-damage|p2a: Amoonguss|51\/100\n|-damage|p2b: Goodra|45\/100 brn\n|move|p2b: Goodra|Acid Armor|p2b: Goodra\n|-boost|p2b: Goodra|def|2\n|\n|-heal|p2b: Goodra|51\/100 brn|[from] item: Leftovers\n|-damage|p2b: Goodra|45\/100 brn|[from] brn\n|-fieldend|move: Trick Room\n|upkeep\n|turn|7\n|\n|t:|1699819310\n|move|p2b: Goodra|Protect|p2b: Goodra\n|-singleturn|p2b: Goodra|Protect\n|move|p1a: Armarouge|Heat Wave|p2b: Goodra|[spread] p2a\n|-activate|p2b: Goodra|move: Protect\n|-resisted|p2a: Amoonguss\n|-damage|p2a: Amoonguss|38\/100\n|move|p1b: Farigiraf|Nasty Plot|p1b: Farigiraf\n|-boost|p1b: Farigiraf|spa|2\n|move|p2a: Amoonguss|Spore|p1b: Farigiraf\n|-status|p1b: Farigiraf|slp|[from] move: Spore\n|\n|-heal|p2b: Goodra|51\/100 brn|[from] item: Leftovers\n|-damage|p2b: Goodra|45\/100 brn|[from] brn\n|upkeep\n|turn|8\n|j| sprocke123\n|\n|t:|1699819323\n|move|p2b: Goodra|Acid Armor|p2b: Goodra\n|-boost|p2b: Goodra|def|2\n|move|p1a: Armarouge|Tera Blast|p2a: Amoonguss\n|-damage|p2a: Amoonguss|19\/100\n|cant|p1b: Farigiraf|slp\n|move|p2a: Amoonguss|Pollen Puff|p2b: Goodra\n|-heal|p2b: Goodra|95\/100 brn\n|\n|-heal|p2b: Goodra|100\/100 brn|[from] item: Leftovers\n|-damage|p2b: Goodra|95\/100 brn|[from] brn\n|-sideend|p2: LorVGC|move: Light Screen\n|upkeep\n|turn|9\n|l| sprocke123\n|\n|t:|1699819343\n|move|p2b: Goodra|Body Press|p1b: Farigiraf\n|-damage|p1b: Farigiraf|17\/100 slp\n|move|p1a: Armarouge|Heat Wave|p2a: Amoonguss|[spread] p2a,p2b\n|-resisted|p2a: Amoonguss\n|-damage|p2a: Amoonguss|0 fnt\n|-damage|p2b: Goodra|67\/100 brn\n|faint|p2a: Amoonguss\n|cant|p1b: Farigiraf|slp\n|\n|-heal|p2b: Goodra|73\/100 brn|[from] item: Leftovers\n|-damage|p2b: Goodra|67\/100 brn|[from] brn\n|-sideend|p2: LorVGC|Reflect\n|upkeep\n|\n|t:|1699819350\n|switch|p2a: Chi-Yu|Chi-Yu, L50|100\/100\n|-ability|p2a: Chi-Yu|Beads of Ruin\n|turn|10\n|\n|t:|1699819362\n|-terastallize|p1a: Armarouge|Fairy\n|move|p2a: Chi-Yu|Dark Pulse|p1a: Armarouge\n|-resisted|p1a: Armarouge\n|-damage|p1a: Armarouge|68\/100\n|move|p2b: Goodra|Body Press|p1b: Farigiraf\n|-damage|p1b: Farigiraf|0 fnt\n|faint|p1b: Farigiraf\n|move|p1a: Armarouge|Tera Blast|p2a: Chi-Yu|[anim] Tera Blast Fairy\n|-damage|p2a: Chi-Yu|43\/100\n|\n|-heal|p2b: Goodra|73\/100 brn|[from] item: Leftovers\n|-damage|p2b: Goodra|67\/100 brn|[from] brn\n|upkeep\n|\n|t:|1699819365\n|switch|p1b: Heatran|Heatran, L50, M|100\/100\n|turn|11\n|inactive|LorVGC has 30 seconds left.\n|\n|t:|1699819391\n|move|p1b: Heatran|Heat Wave|p2b: Goodra|[spread] p2b\n|-miss|p1b: Heatran|p2a: Chi-Yu\n|-damage|p2b: Goodra|38\/100 brn\n|move|p2a: Chi-Yu|Dark Pulse|p1b: Heatran\n|-damage|p1b: Heatran|27\/100\n|move|p2b: Goodra|Heavy Slam|p1a: Armarouge\n|-supereffective|p1a: Armarouge\n|-damage|p1a: Armarouge|41\/100\n|move|p1a: Armarouge|Heat Wave|p2b: Goodra|[spread] p2b\n|-miss|p1a: Armarouge|p2a: Chi-Yu\n|-damage|p2b: Goodra|4\/100 brn\n|\n|-heal|p2b: Goodra|10\/100 brn|[from] item: Leftovers\n|-damage|p2b: Goodra|4\/100 brn|[from] brn\n|upkeep\n|turn|12\n|inactive|LorVGC has 30 seconds left.\n|inactive|LorVGC has 20 seconds left.\n|inactive|LorVGC has 15 seconds left.\n|\n|t:|1699819436\n|move|p1b: Heatran|Heat Wave|p2b: Goodra|[spread] p2a,p2b\n|-resisted|p2a: Chi-Yu\n|-damage|p2a: Chi-Yu|24\/100\n|-damage|p2b: Goodra|0 fnt\n|faint|p2b: Goodra\n|move|p2a: Chi-Yu|Dark Pulse|p1b: Heatran\n|-damage|p1b: Heatran|0 fnt\n|faint|p1b: Heatran\n|move|p1a: Armarouge|Tera Blast|p2a: Chi-Yu|[anim] Tera Blast Fairy\n|-damage|p2a: Chi-Yu|0 fnt\n|faint|p2a: Chi-Yu\n|\n|win|Profily\n|raw|Profily's rating: 1565 &rarr; <strong>1594<\/strong><br \/>(+29 for winning)\n|raw|LorVGC's rating: 1732 &rarr; <strong>1703<\/strong><br \/>(-29 for losing)\n|l|\u2606LorVGC\n|c|\u2606Profily|Fun Fact: My Heatran's Nature is Naive\n","uploadtime":1699819440,"views":20,"p1id":"profily","p2id":"lorvgc","formatid":"gen9vgc2023regulatione","rating":1594,"private":0,"password":""}