{"id":"gen9vgc2023regulatione-1997019780","p1":"Bruno Emerson","p2":"woodlandpkmn","format":"[Gen 9] VGC 2023 Regulation E","log":"|j|\u2606Bruno Emerson\n|j|\u2606woodlandpkmn\n|t:|1700756357\n|gametype|doubles\n|player|p1|Bruno Emerson|265|1102\n|player|p2|woodlandpkmn|ruinmaniac|1202\n|teamsize|p1|6\n|teamsize|p2|6\n|gen|9\n|tier|[Gen 9] VGC 2023 Regulation E\n|rated|\n|rule|Species Clause: Limit one of each Pok\u00e9mon\n|rule|Item Clause: Limit one of each item\n|clearpoke\n|poke|p1|Arcanine-Hisui, L50, M|\n|poke|p1|Rillaboom, L50, M|\n|poke|p1|Gyarados, L50, M|\n|poke|p1|Gholdengo, L50|\n|poke|p1|Zoroark-Hisui, L50, F|\n|poke|p1|Volbeat, L50, M|\n|poke|p2|Grimmsnarl, L50, M|\n|poke|p2|Sinistcha, L50|\n|poke|p2|Moltres-Galar, L50|\n|poke|p2|Goodra-Hisui, L50, M|\n|poke|p2|Landorus-Therian, L50, M|\n|poke|p2|Cresselia, L50, F|\n|teampreview|4\n|inactive|Battle timer is ON: inactive players will automatically lose when time's up. (requested by woodlandpkmn)\n|inactive|Bruno Emerson has 60 seconds left.\n|\n|t:|1700756400\n|start\n|switch|p1a: Rillaboom|Rillaboom, L50, M|100\/100\n|switch|p1b: Arcanine|Arcanine-Hisui, L50, M|100\/100\n|switch|p2a: Grimmsnarl|Grimmsnarl, L50, M, shiny|100\/100\n|switch|p2b: Moltres|Moltres-Galar, L50, shiny|100\/100\n|-fieldstart|move: Grassy Terrain|[from] ability: Grassy Surge|[of] p1a: Rillaboom\n|turn|1\n|inactive|woodlandpkmn has 30 seconds left.\n|inactive|woodlandpkmn has 20 seconds left.\n|\n|t:|1700756439\n|move|p2b: Moltres|Protect|p2b: Moltres\n|-singleturn|p2b: Moltres|Protect\n|move|p1a: Rillaboom|Fake Out|p2b: Moltres\n|-activate|p2b: Moltres|move: Protect\n|move|p2a: Grimmsnarl|Light Screen|p2a: Grimmsnarl\n|-sidestart|p2: woodlandpkmn|move: Light Screen\n|move|p1b: Arcanine|Hyper Voice|p2a: Grimmsnarl|[spread] p2a\n|-activate|p2b: Moltres|move: Protect\n|-damage|p2a: Grimmsnarl|82\/100\n|-enditem|p1b: Arcanine|Throat Spray\n|-boost|p1b: Arcanine|spa|1|[from] item: Throat Spray\n|\n|-heal|p2a: Grimmsnarl|88\/100|[from] Grassy Terrain\n|upkeep\n|turn|2\n|\n|t:|1700756457\n|move|p2a: Grimmsnarl|Reflect|p2a: Grimmsnarl\n|-sidestart|p2: woodlandpkmn|Reflect\n|move|p1b: Arcanine|Icy Wind|p2a: Grimmsnarl|[spread] p2a,p2b\n|-supereffective|p2b: Moltres\n|-damage|p2a: Grimmsnarl|76\/100\n|-damage|p2b: Moltres|80\/100\n|-unboost|p2a: Grimmsnarl|spe|1\n|-unboost|p2b: Moltres|spe|1\n|move|p1a: Rillaboom|U-turn|p2a: Grimmsnarl\n|-damage|p2a: Grimmsnarl|58\/100\n|\n|t:|1700756466\n|switch|p1a: Arcanine|Arcanine-Hisui, L50, M|100\/100|[from] U-turn\n|-ability|p1a: Arcanine|Intimidate|boost\n|-unboost|p2a: Grimmsnarl|atk|1\n|-unboost|p2b: Moltres|atk|1\n|move|p2b: Moltres|Nasty Plot|p2b: Moltres\n|-boost|p2b: Moltres|spa|2\n|\n|-heal|p2a: Grimmsnarl|64\/100|[from] Grassy Terrain\n|upkeep\n|turn|3\n|\n|t:|1700756491\n|switch|p2a: Landorus|Landorus-Therian, L50, M|100\/100\n|-ability|p2a: Landorus|Intimidate|boost\n|-unboost|p1a: Arcanine|atk|1\n|-unboost|p1b: Arcanine|atk|1\n|-terastallize|p1b: Arcanine|Normal\n|-terastallize|p2b: Moltres|Poison\n|move|p1b: Arcanine|Hyper Voice|p2a: Landorus|[spread] p2a,p2b\n|-damage|p2a: Landorus|41\/100\n|-damage|p2b: Moltres|42\/100\n|-ability|p2b: Moltres|Berserk|boost\n|-boost|p2b: Moltres|spa|1\n|-enditem|p2b: Moltres|Sitrus Berry|[eat]\n|-heal|p2b: Moltres|67\/100|[from] item: Sitrus Berry\n|move|p1a: Arcanine|Rock Slide|p2b: Moltres|[spread] p2a,p2b\n|-damage|p2a: Landorus|21\/100\n|-damage|p2b: Moltres|50\/100\n|-ability|p2b: Moltres|Berserk|boost\n|-boost|p2b: Moltres|spa|1\n|move|p2b: Moltres|Fiery Wrath|p1b: Arcanine|[spread] p1a,p1b\n|-damage|p1a: Arcanine|0 fnt\n|-damage|p1b: Arcanine|0 fnt\n|replace|p1b: Zoroark|Zoroark-Hisui, L50, F\n|-end|p1b: Zoroark|Illusion\n|faint|p1a: Arcanine\n|faint|p1b: Zoroark\n|\n|-heal|p2b: Moltres|57\/100|[from] Grassy Terrain\n|upkeep\n|\n|t:|1700756514\n|switch|p1b: Gyarados|Gyarados, L50, M|100\/100\n|switch|p1a: Rillaboom|Rillaboom, L50, M|100\/100\n|turn|4\n|\n|t:|1700756535\n|switch|p2a: Goodra|Goodra-Hisui, L50, M|100\/100\n|move|p2b: Moltres|Protect|p2b: Moltres\n|-singleturn|p2b: Moltres|Protect\n|move|p1a: Rillaboom|Fake Out|p2b: Moltres\n|-activate|p2b: Moltres|move: Protect\n|move|p1b: Gyarados|Dragon Dance|p1b: Gyarados\n|-boost|p1b: Gyarados|atk|1\n|-boost|p1b: Gyarados|spe|1\n|\n|-heal|p2b: Moltres|63\/100|[from] Grassy Terrain\n|upkeep\n|turn|5\n|\n|t:|1700756554\n|move|p1b: Gyarados|Earthquake|p2a: Goodra|[spread] p1a,p2a,p2b\n|-resisted|p1a: Rillaboom\n|-supereffective|p2a: Goodra\n|-supereffective|p2b: Moltres\n|-damage|p1a: Rillaboom|89\/100\n|-damage|p2a: Goodra|76\/100\n|-damage|p2b: Moltres|31\/100\n|-ability|p2b: Moltres|Berserk|boost\n|-boost|p2b: Moltres|spa|1\n|-damage|p1b: Gyarados|90\/100|[from] item: Life Orb\n|move|p1a: Rillaboom|High Horsepower|p2b: Moltres\n|-supereffective|p2b: Moltres\n|-damage|p2b: Moltres|0 fnt\n|faint|p2b: Moltres\n|move|p2a: Goodra|Acid Armor|p2a: Goodra\n|-boost|p2a: Goodra|def|2\n|\n|-heal|p1a: Rillaboom|95\/100|[from] Grassy Terrain\n|-heal|p2a: Goodra|82\/100|[from] Grassy Terrain\n|-fieldend|move: Grassy Terrain\n|upkeep\n|\n|t:|1700756566\n|switch|p2b: Landorus|Landorus-Therian, L50, M|21\/100\n|-ability|p2b: Landorus|Intimidate|boost\n|-unboost|p1a: Rillaboom|atk|1\n|-unboost|p1b: Gyarados|atk|1\n|turn|6\n|\n|t:|1700756581\n|switch|p2b: Grimmsnarl|Grimmsnarl, L50, M, shiny|64\/100\n|move|p1b: Gyarados|Waterfall|p2b: Grimmsnarl\n|-damage|p2b: Grimmsnarl|24\/100\n|-damage|p1b: Gyarados|80\/100|[from] item: Life Orb\n|move|p1a: Rillaboom|High Horsepower|p2a: Goodra\n|-supereffective|p2a: Goodra\n|-damage|p2a: Goodra|73\/100\n|-damage|p1a: Rillaboom|79\/100|[from] item: Rocky Helmet|[of] p2a: Goodra\n|move|p2a: Goodra|Life Dew|p2a: Goodra|[spread] p2a,p2b\n|-heal|p2a: Goodra|98\/100\n|-heal|p2b: Grimmsnarl|50\/100\n|\n|upkeep\n|turn|7\n|\n|t:|1700756604\n|move|p2b: Grimmsnarl|Fake Out|p1b: Gyarados\n|-damage|p1b: Gyarados|66\/100\n|cant|p1b: Gyarados|flinch\n|move|p1a: Rillaboom|High Horsepower|p2a: Goodra\n|-supereffective|p2a: Goodra\n|-damage|p2a: Goodra|87\/100\n|-damage|p1a: Rillaboom|62\/100|[from] item: Rocky Helmet|[of] p2a: Goodra\n|move|p2a: Goodra|Acid Armor|p2a: Goodra\n|-boost|p2a: Goodra|def|2\n|\n|upkeep\n|turn|8\n|\n|t:|1700756620\n|switch|p2b: Landorus|Landorus-Therian, L50, M|21\/100\n|-ability|p2b: Landorus|Intimidate|boost\n|-unboost|p1a: Rillaboom|atk|1\n|-unboost|p1b: Gyarados|atk|1\n|move|p1b: Gyarados|Dragon Dance|p1b: Gyarados\n|-boost|p1b: Gyarados|atk|1\n|-boost|p1b: Gyarados|spe|1\n|move|p1a: Rillaboom|Grassy Glide|p2b: Landorus\n|-damage|p2b: Landorus|10\/100\n|move|p2a: Goodra|Life Dew|p2a: Goodra|[spread] p2a,p2b\n|-heal|p2a: Goodra|100\/100\n|-heal|p2b: Landorus|35\/100\n|\n|-sideend|p2: woodlandpkmn|move: Light Screen\n|upkeep\n|turn|9\n|\n|t:|1700756644\n|move|p1b: Gyarados|Waterfall|p2b: Landorus\n|-supereffective|p2b: Landorus\n|-damage|p2b: Landorus|0 fnt\n|faint|p2b: Landorus\n|-ability|p1b: Gyarados|Moxie|boost\n|-boost|p1b: Gyarados|atk|1\n|-damage|p1b: Gyarados|56\/100|[from] item: Life Orb\n|move|p1a: Rillaboom|Grassy Glide|p2a: Goodra\n|-resisted|p2a: Goodra\n|-damage|p2a: Goodra|99\/100\n|-damage|p1a: Rillaboom|46\/100|[from] item: Rocky Helmet|[of] p2a: Goodra\n|move|p2a: Goodra|Body Press|p1b: Gyarados\n|-resisted|p1b: Gyarados\n|-damage|p1b: Gyarados|5\/100\n|\n|-sideend|p2: woodlandpkmn|Reflect\n|upkeep\n|\n|t:|1700756658\n|switch|p2b: Grimmsnarl|Grimmsnarl, L50, M, shiny|50\/100\n|turn|10\n|\n|t:|1700756667\n|move|p2b: Grimmsnarl|Fake Out|p1b: Gyarados\n|-damage|p1b: Gyarados|0 fnt\n|faint|p1b: Gyarados\n|move|p1a: Rillaboom|High Horsepower|p2a: Goodra\n|-supereffective|p2a: Goodra\n|-damage|p2a: Goodra|91\/100\n|-damage|p1a: Rillaboom|29\/100|[from] item: Rocky Helmet|[of] p2a: Goodra\n|move|p2a: Goodra|Body Press|p1a: Rillaboom\n|-damage|p1a: Rillaboom|0 fnt\n|faint|p1a: Rillaboom\n|\n|win|woodlandpkmn\n|raw|Bruno Emerson's rating: 1102 &rarr; <strong>1084<\/strong><br \/>(-18 for losing)\n|raw|woodlandpkmn's rating: 1202 &rarr; <strong>1220<\/strong><br \/>(+18 for winning)\n|l|\u2606Bruno Emerson\n","uploadtime":1700756681,"views":1,"p1id":"brunoemerson","p2id":"woodlandpkmn","formatid":"gen9vgc2023regulatione","rating":1084,"private":0,"password":""}