{"id":"gen9vgc2023regulatione-1994212113","p1":"MikeVc","p2":"PunkRockObstagoon","format":"[Gen 9] VGC 2023 Regulation E","log":"|j|\u2606MikeVc\n|j|\u2606PunkRockObstagoon\n|t:|1700419464\n|gametype|doubles\n|player|p1|MikeVc|gambler|1293\n|player|p2|PunkRockObstagoon|hilbert|1311\n|teamsize|p1|6\n|teamsize|p2|6\n|gen|9\n|tier|[Gen 9] VGC 2023 Regulation E\n|rated|\n|rule|Species Clause: Limit one of each Pok\u00e9mon\n|rule|Item Clause: Limit one of each item\n|clearpoke\n|poke|p1|Dragapult, L50, M|\n|poke|p1|Chien-Pao, L50|\n|poke|p1|Farigiraf, L50, M|\n|poke|p1|Milotic, L50, F|\n|poke|p1|Rillaboom, L50, F|\n|poke|p1|Iron Hands, L50|\n|poke|p2|Spinarak, L50, M|\n|poke|p2|Tatsugiri-Droopy, L50, M|\n|poke|p2|Garchomp, L50, F|\n|poke|p2|Lurantis, L50, F|\n|poke|p2|Farigiraf, L50, F|\n|poke|p2|Armarouge, L50, M|\n|teampreview|4\n|inactive|Battle timer is ON: inactive players will automatically lose when time's up. (requested by PunkRockObstagoon)\n|inactive|MikeVc has 60 seconds left.\n|inactive|MikeVc has 30 seconds left.\n|inactive|MikeVc has 20 seconds left.\n|inactive|MikeVc has 15 seconds left.\n|inactive|MikeVc has 10 seconds left.\n|inactive|MikeVc has 5 seconds left.\n|\n|t:|1700419554\n|start\n|switch|p1a: Dragapult|Dragapult, L50, M|100\/100\n|switch|p1b: Chien-Pao|Chien-Pao, L50|100\/100\n|switch|p2a: Farigiraf|Farigiraf, L50, F|100\/100\n|switch|p2b: Garchomp|Garchomp, L50, F|100\/100\n|-ability|p1b: Chien-Pao|Sword of Ruin\n|turn|1\n|inactive|MikeVc has 30 seconds left.\n|inactive|MikeVc has 20 seconds left.\n|inactive|MikeVc has 15 seconds left.\n|\n|t:|1700419596\n|-terastallize|p1a: Dragapult|Ghost\n|move|p1a: Dragapult|Dragon Darts|p2b: Garchomp\n|-supereffective|p2b: Garchomp\n|-damage|p2b: Garchomp|17\/100\n|-anim|p1a: Dragapult|Dragon Darts|p2a: Farigiraf\n|-damage|p2a: Farigiraf|46\/100\n|-damage|p1a: Dragapult|91\/100|[from] item: Life Orb\n|move|p2b: Garchomp|Dragon Claw|p1a: Dragapult\n|-damage|p1a: Dragapult|10\/100\n|move|p1b: Chien-Pao|Ice Spinner|p2b: Garchomp\n|-supereffective|p2b: Garchomp\n|-damage|p2b: Garchomp|0 fnt\n|-damage|p1b: Chien-Pao|88\/100|[from] ability: Rough Skin|[of] p2b: Garchomp\n|faint|p2b: Garchomp\n|move|p2a: Farigiraf|Trick Room|p2a: Farigiraf\n|-fieldstart|move: Trick Room|[of] p2a: Farigiraf\n|\n|upkeep\n|\n|t:|1700419604\n|switch|p2b: Lurantis|Lurantis, L50, F|100\/100\n|turn|2\n|inactive|MikeVc has 30 seconds left.\n|inactive|MikeVc has 20 seconds left.\n|inactive|MikeVc has 15 seconds left.\n|inactive|MikeVc has 10 seconds left.\n|\n|t:|1700419652\n|switch|p1b: Farigiraf|Farigiraf, L50, M, shiny|100\/100\n|move|p1a: Dragapult|Protect|p1a: Dragapult\n|-singleturn|p1a: Dragapult|Protect\n|move|p2b: Lurantis|Superpower|p1b: Farigiraf\n|-damage|p1b: Farigiraf|59\/100\n|-boost|p2b: Lurantis|atk|1\n|-boost|p2b: Lurantis|def|1\n|-damage|p2b: Lurantis|84\/100|[from] item: Rocky Helmet|[of] p1b: Farigiraf\n|move|p2a: Farigiraf|Psychic|p1a: Dragapult\n|-activate|p1a: Dragapult|move: Protect\n|\n|upkeep\n|turn|3\n|inactive|MikeVc has 30 seconds left.\n|\n|t:|1700419679\n|switch|p1a: Milotic|Milotic, L50, F|100\/100\n|move|p1b: Farigiraf|Ally Switch|p1b: Farigiraf\n|swap|p1b: Farigiraf|0|[from] move: Ally Switch\n|move|p2b: Lurantis|Superpower|p1b: Milotic\n|-damage|p1b: Milotic|56\/100\n|-boost|p2b: Lurantis|atk|1\n|-boost|p2b: Lurantis|def|1\n|move|p2a: Farigiraf|Hyper Voice|p1a: Farigiraf|[spread] p1a,p1b\n|-damage|p1a: Farigiraf|28\/100\n|-damage|p1b: Milotic|32\/100\n|\n|-heal|p1b: Milotic|38\/100|[from] item: Leftovers\n|upkeep\n|turn|4\n|\n|t:|1700419703\n|move|p2b: Lurantis|Leaf Blade|p1b: Milotic\n|-supereffective|p1b: Milotic\n|-damage|p1b: Milotic|0 fnt\n|faint|p1b: Milotic\n|move|p2a: Farigiraf|Hyper Voice|p1a: Farigiraf\n|-damage|p1a: Farigiraf|0 fnt\n|faint|p1a: Farigiraf\n|\n|upkeep\n|\n|t:|1700419712\n|switch|p1a: Chien-Pao|Chien-Pao, L50|88\/100\n|switch|p1b: Dragapult|Dragapult, L50, M, tera:Ghost|10\/100\n|-ability|p1a: Chien-Pao|Sword of Ruin\n|turn|5\n|\n|t:|1700419720\n|switch|p2a: Spinarak|Spinarak, L50, M, shiny|100\/100\n|move|p1a: Chien-Pao|Protect|p1a: Chien-Pao\n|-singleturn|p1a: Chien-Pao|Protect\n|move|p1b: Dragapult|Protect|p1b: Dragapult\n|-singleturn|p1b: Dragapult|Protect\n|move|p2b: Lurantis|Superpower|p1a: Chien-Pao\n|-activate|p1a: Chien-Pao|move: Protect\n|\n|-fieldend|move: Trick Room\n|upkeep\n|turn|6\n|\n|t:|1700419737\n|-terastallize|p2a: Spinarak|Steel\n|move|p2a: Spinarak|Rage Powder|p2a: Spinarak\n|-singleturn|p2a: Spinarak|move: Rage Powder\n|move|p1b: Dragapult|Dragon Darts|p2a: Spinarak\n|-resisted|p2a: Spinarak\n|-damage|p2a: Spinarak|80\/100\n|-anim|p1b: Dragapult|Dragon Darts|p2a: Spinarak\n|-resisted|p2a: Spinarak\n|-damage|p2a: Spinarak|59\/100\n|-damage|p1b: Dragapult|0 fnt|[from] item: Life Orb\n|faint|p1b: Dragapult\n|move|p1a: Chien-Pao|Ice Spinner|p2a: Spinarak\n|-resisted|p2a: Spinarak\n|-damage|p2a: Spinarak|35\/100\n|move|p2b: Lurantis|Superpower|p1a: Chien-Pao\n|-supereffective|p1a: Chien-Pao\n|-damage|p1a: Chien-Pao|0 fnt\n|-boost|p2b: Lurantis|atk|1\n|-boost|p2b: Lurantis|def|1\n|faint|p1a: Chien-Pao\n|\n|win|PunkRockObstagoon\n|raw|MikeVc's rating: 1293 &rarr; <strong>1269<\/strong><br \/>(-24 for losing)\n|raw|PunkRockObstagoon's rating: 1311 &rarr; <strong>1330<\/strong><br \/>(+19 for winning)\n","uploadtime":1700419752,"views":3,"p1id":"mikevc","p2id":"punkrockobstagoon","formatid":"gen9vgc2023regulatione","rating":1269,"private":0,"password":""}