{"id":"gen9vgc2023regulatione-1995550842","p1":"friesejung","p2":"jelly jars test","format":"[Gen 9] VGC 2023 Regulation E","log":"|j|\u2606friesejung\n|j|\u203djelly jars test\n|t:|1700582086\n|gametype|doubles\n|player|p1|friesejung|102|1183\n|player|p2|jelly jars test|266|1158\n|teamsize|p1|6\n|teamsize|p2|6\n|gen|9\n|tier|[Gen 9] VGC 2023 Regulation E\n|rated|\n|rule|Species Clause: Limit one of each Pok\u00e9mon\n|rule|Item Clause: Limit one of each item\n|clearpoke\n|poke|p1|Roaring Moon, L50|\n|poke|p1|Tornadus, L50, M|\n|poke|p1|Landorus-Therian, L50, M|\n|poke|p1|Flutter Mane, L50|\n|poke|p1|Iron Hands, L50|\n|poke|p1|Ogerpon-Hearthflame, L50, F|\n|poke|p2|Dondozo, L50, M|\n|poke|p2|Tatsugiri, L50, F|\n|poke|p2|Scream Tail, L50|\n|poke|p2|Sinistcha, L50|\n|poke|p2|Ogerpon-Hearthflame, L50, F|\n|poke|p2|Cresselia, L50, F|\n|teampreview|4\n|inactive|Battle timer is ON: inactive players will automatically lose when time's up. (requested by jelly jars test)\n|\n|t:|1700582110\n|start\n|switch|p1a: Tornadus|Tornadus, L50, M|100\/100\n|switch|p1b: Flutter Mane|Flutter Mane, L50|100\/100\n|switch|p2a: Scream Tail|Scream Tail, L50|100\/100\n|switch|p2b: Tatsugiri|Tatsugiri, L50, F|100\/100\n|turn|1\n|\n|t:|1700582130\n|move|p2b: Tatsugiri|Protect|p2b: Tatsugiri\n|-singleturn|p2b: Tatsugiri|Protect\n|move|p1a: Tornadus|Sunny Day|p1a: Tornadus\n|-weather|SunnyDay\n|-activate|p2a: Scream Tail|ability: Protosynthesis\n|-start|p2a: Scream Tail|protosynthesisspe\n|-activate|p1b: Flutter Mane|ability: Protosynthesis\n|-start|p1b: Flutter Mane|protosynthesisspa\n|move|p2a: Scream Tail|Perish Song|p2a: Scream Tail\n|-start|p1a: Tornadus|perish3|[silent]\n|-start|p1b: Flutter Mane|perish3|[silent]\n|-start|p2a: Scream Tail|perish3|[silent]\n|-start|p2b: Tatsugiri|perish3|[silent]\n|-fieldactivate|move: Perish Song\n|move|p1b: Flutter Mane|Shadow Ball|p2a: Scream Tail\n|-supereffective|p2a: Scream Tail\n|-damage|p2a: Scream Tail|0 fnt\n|faint|p2a: Scream Tail\n|-end|p2a: Scream Tail|Protosynthesis|[silent]\n|\n|-weather|SunnyDay|[upkeep]\n|-start|p1a: Tornadus|perish3\n|-start|p1b: Flutter Mane|perish3\n|-start|p2b: Tatsugiri|perish3\n|upkeep\n|\n|t:|1700582143\n|switch|p2a: Dondozo|Dondozo, L50, M|100\/100\n|-activate|p2b: Tatsugiri|ability: Commander|[of] p2a: Dondozo\n|-boost|p2a: Dondozo|atk|2\n|-boost|p2a: Dondozo|spa|2\n|-boost|p2a: Dondozo|spe|2\n|-boost|p2a: Dondozo|def|2\n|-boost|p2a: Dondozo|spd|2\n|turn|2\n|\n|t:|1700582154\n|move|p2a: Dondozo|Protect|p2a: Dondozo\n|-singleturn|p2a: Dondozo|Protect\n|move|p1a: Tornadus|Tailwind|p1a: Tornadus\n|-sidestart|p1: friesejung|move: Tailwind\n|move|p1b: Flutter Mane|Shadow Ball|p2a: Dondozo\n|-activate|p2a: Dondozo|move: Protect\n|\n|-weather|SunnyDay|[upkeep]\n|-start|p1a: Tornadus|perish2\n|-start|p1b: Flutter Mane|perish2\n|-start|p2b: Tatsugiri|perish2\n|upkeep\n|turn|3\n|\n|t:|1700582165\n|move|p1b: Flutter Mane|Shadow Ball|p2a: Dondozo\n|-damage|p2a: Dondozo|59\/100\n|-unboost|p2a: Dondozo|spd|1\n|move|p1a: Tornadus|Air Slash|p2a: Dondozo\n|-damage|p2a: Dondozo|32\/100\n|move|p2a: Dondozo|Order Up|p1a: Tornadus\n|-damage|p1a: Tornadus|18\/100\n|-boost|p2a: Dondozo|atk|1\n|\n|-weather|SunnyDay|[upkeep]\n|-heal|p2a: Dondozo|39\/100|[from] item: Leftovers\n|-start|p1a: Tornadus|perish1\n|-start|p1b: Flutter Mane|perish1\n|-start|p2b: Tatsugiri|perish1\n|upkeep\n|turn|4\n|\n|t:|1700582178\n|-end|p1b: Flutter Mane|Protosynthesis|[silent]\n|switch|p1b: Iron Hands|Iron Hands, L50|100\/100\n|move|p2a: Dondozo|Protect|p2a: Dondozo\n|-singleturn|p2a: Dondozo|Protect\n|move|p1a: Tornadus|Leer|p2a: Dondozo|[spread] \n|-miss|p1a: Tornadus|p2b: Tatsugiri\n|-activate|p2a: Dondozo|move: Protect\n|\n|-weather|SunnyDay|[upkeep]\n|-heal|p2a: Dondozo|45\/100|[from] item: Leftovers\n|-start|p1a: Tornadus|perish0\n|-start|p2b: Tatsugiri|perish0\n|faint|p1a: Tornadus\n|faint|p2b: Tatsugiri\n|upkeep\n|\n|t:|1700582191\n|switch|p1a: Flutter Mane|Flutter Mane, L50|100\/100\n|switch|p2b: Sinistcha|Sinistcha, L50|100\/100\n|-activate|p1a: Flutter Mane|ability: Protosynthesis\n|-start|p1a: Flutter Mane|protosynthesisspa\n|-heal|p2a: Dondozo|70\/100|[from] ability: Hospitality|[of] p2b: Sinistcha\n|turn|5\n|\n|t:|1700582207\n|-terastallize|p1a: Flutter Mane|Fairy\n|-terastallize|p2a: Dondozo|Ground\n|move|p1a: Flutter Mane|Shadow Ball|p2b: Sinistcha\n|-supereffective|p2b: Sinistcha\n|-damage|p2b: Sinistcha|0 fnt\n|faint|p2b: Sinistcha\n|move|p1b: Iron Hands|Wild Charge|p2a: Dondozo\n|-immune|p2a: Dondozo\n|move|p2a: Dondozo|Earthquake|p1b: Iron Hands|[spread] p1a,p1b\n|-supereffective|p1b: Iron Hands\n|-damage|p1a: Flutter Mane|0 fnt\n|-damage|p1b: Iron Hands|0 fnt\n|faint|p1a: Flutter Mane\n|-end|p1a: Flutter Mane|Protosynthesis|[silent]\n|faint|p1b: Iron Hands\n|-end|p1b: Iron Hands|Quark Drive|[silent]\n|\n|-weather|none\n|-heal|p2a: Dondozo|76\/100|[from] item: Leftovers\n|-sideend|p1: friesejung|move: Tailwind\n|upkeep\n|\n|t:|1700582216\n|switch|p1a: Ogerpon|Ogerpon-Hearthflame, L50, F|100\/100\n|-ability|p1a: Ogerpon|Mold Breaker\n|turn|6\n|\n|t:|1700582228\n|move|p1a: Ogerpon|Horn Leech|p2a: Dondozo\n|-supereffective|p2a: Dondozo\n|-damage|p2a: Dondozo|47\/100\n|move|p2a: Dondozo|Wave Crash|p1a: Ogerpon\n|-damage|p1a: Ogerpon|0 fnt\n|faint|p1a: Ogerpon\n|-damage|p2a: Dondozo|24\/100|[from] Recoil\n|\n|win|jelly jars test\n|raw|friesejung's rating: 1183 &rarr; <strong>1156<\/strong><br \/>(-27 for losing)\n|raw|jelly jars test's rating: 1158 &rarr; <strong>1185<\/strong><br \/>(+27 for winning)\n","uploadtime":1700582232,"views":8,"p1id":"friesejung","p2id":"jellyjarstest","formatid":"gen9vgc2023regulatione","rating":1156,"private":0,"password":""}