{"id":"gen9vgc2023regulatione-2000316026","p1":"taco_bowl_mx","p2":"ts02942461","format":"[Gen 9] VGC 2023 Regulation E","log":"|j|\u2606taco_bowl_mx\n|j|\u2606ts02942461\n|t:|1701184286\n|gametype|doubles\n|player|p1|taco_bowl_mx|dawn-gen4pt|1330\n|player|p2|ts02942461|266|1351\n|teamsize|p1|6\n|teamsize|p2|6\n|gen|9\n|tier|[Gen 9] VGC 2023 Regulation E\n|rated|\n|rule|Species Clause: Limit one of each Pok\u00e9mon\n|rule|Item Clause: Limit one of each item\n|clearpoke\n|poke|p1|Flutter Mane, L50|\n|poke|p1|Chien-Pao, L50|\n|poke|p1|Iron Hands, L50|\n|poke|p1|Heatran, L50, M|\n|poke|p1|Ogerpon-Wellspring, L50, F|\n|poke|p1|Landorus-Therian, L50, M|\n|poke|p2|Scizor, L50, M|\n|poke|p2|Urshifu-*, L50, M|\n|poke|p2|Gastrodon, L50, M|\n|poke|p2|Fezandipiti, L50, M|\n|poke|p2|Bronzong, L50|\n|poke|p2|Ogerpon-Cornerstone, L50, F|\n|teampreview|4\ntaco_bowl_mx has agreed to open team sheets.\n|inactive|Battle timer is ON: inactive players will automatically lose when time's up. (requested by taco_bowl_mx)\n|\n|t:|1701184319\n|start\n|switch|p1a: Iron Hands|Iron Hands, L50, shiny|100\/100\n|switch|p1b: Heatran|Heatran, L50, M|100\/100\n|switch|p2a: Scizor|Scizor, L50, M|100\/100\n|switch|p2b: Fezandipiti|Fezandipiti, L50, M|100\/100\n|turn|1\n|\n|t:|1701184340\n|move|p2a: Scizor|Protect|p2a: Scizor\n|-singleturn|p2a: Scizor|Protect\n|move|p2b: Fezandipiti|Icy Wind|p1a: Iron Hands|[spread] p1a,p1b\n|-resisted|p1b: Heatran\n|-damage|p1a: Iron Hands|96\/100\n|-damage|p1b: Heatran|99\/100\n|-unboost|p1a: Iron Hands|spe|1\n|-unboost|p1b: Heatran|spe|1\n|move|p1b: Heatran|Flash Cannon|p2b: Fezandipiti\n|-supereffective|p2b: Fezandipiti\n|-damage|p2b: Fezandipiti|36\/100\n|move|p1a: Iron Hands|Heavy Slam|p2b: Fezandipiti\n|-supereffective|p2b: Fezandipiti\n|-damage|p2b: Fezandipiti|0 fnt\n|-damage|p1a: Iron Hands|80\/100|[from] item: Rocky Helmet|[of] p2b: Fezandipiti\n|faint|p2b: Fezandipiti\n|\n|-heal|p1b: Heatran|100\/100|[from] item: Leftovers\n|upkeep\n|\n|t:|1701184359\n|switch|p2b: Gastrodon|Gastrodon, L50, M|100\/100\n|turn|2\n|\n|t:|1701184371\n|-end|p1a: Iron Hands|Quark Drive|[silent]\n|switch|p1a: Landorus|Landorus-Therian, L50, M|100\/100\n|-ability|p1a: Landorus|Intimidate|boost\n|-unboost|p2a: Scizor|atk|1\n|-unboost|p2b: Gastrodon|atk|1\n|move|p1b: Heatran|Protect|p1b: Heatran\n|-singleturn|p1b: Heatran|Protect\n|move|p2a: Scizor|Bug Bite|p1b: Heatran\n|-activate|p1b: Heatran|move: Protect\n|move|p2b: Gastrodon|Earth Power|p1a: Landorus\n|-immune|p1a: Landorus\n|\n|upkeep\n|turn|3\n|\n|t:|1701184394\n|switch|p1b: Ogerpon|Ogerpon-Wellspring, L50, F|100\/100\n|move|p1a: Landorus|Stomping Tantrum|p2a: Scizor\n|-crit|p2a: Scizor\n|-damage|p2a: Scizor|39\/100\n|move|p2a: Scizor|Swords Dance|p2a: Scizor\n|-boost|p2a: Scizor|atk|2\n|move|p2b: Gastrodon|Icy Wind|p1b: Ogerpon|[spread] p1a,p1b\n|-supereffective|p1a: Landorus\n|-damage|p1a: Landorus|62\/100\n|-damage|p1b: Ogerpon|92\/100\n|-unboost|p1a: Landorus|spe|1\n|-unboost|p1b: Ogerpon|spe|1\n|\n|upkeep\n|turn|4\n|\n|t:|1701184415\n|-terastallize|p2b: Gastrodon|Fire\n|move|p1b: Ogerpon|Spiky Shield|p1b: Ogerpon\n|-singleturn|p1b: Ogerpon|move: Protect\n|move|p2a: Scizor|Protect|p2a: Scizor\n|-singleturn|p2a: Scizor|Protect\n|move|p1a: Landorus|Stomping Tantrum|p2a: Scizor\n|-activate|p2a: Scizor|move: Protect\n|move|p2b: Gastrodon|Icy Wind|p1b: Ogerpon|[spread] \n|-activate|p1b: Ogerpon|move: Protect\n|-miss|p2b: Gastrodon|p1a: Landorus\n|\n|upkeep\n|turn|5\n|inactive|taco_bowl_mx has 30 seconds left.\n|\n|t:|1701184442\n|switch|p2b: Bronzong|Bronzong, L50|100\/100\n|move|p1b: Ogerpon|Follow Me|p1b: Ogerpon\n|-singleturn|p1b: Ogerpon|move: Follow Me\n|move|p1a: Landorus|Stomping Tantrum|p2b: Bronzong\n|-immune|p2b: Bronzong|[from] ability: Levitate\n|move|p2a: Scizor|Bug Bite|p1b: Ogerpon\n|-supereffective|p1b: Ogerpon\n|-damage|p1b: Ogerpon|0 fnt\n|faint|p1b: Ogerpon\n|\n|upkeep\n|\n|t:|1701184454\n|switch|p1b: Iron Hands|Iron Hands, L50, shiny|80\/100\n|turn|6\n|\n|t:|1701184481\n|move|p2a: Scizor|Protect|p2a: Scizor\n|-singleturn|p2a: Scizor|Protect\n|move|p1b: Iron Hands|Fake Out|p2b: Bronzong\n|-resisted|p2b: Bronzong\n|-damage|p2b: Bronzong|95\/100\n|move|p1a: Landorus|Stomping Tantrum|p2a: Scizor\n|-activate|p2a: Scizor|move: Protect\n|cant|p2b: Bronzong|flinch\n|\n|-heal|p2b: Bronzong|100\/100|[from] item: Leftovers\n|upkeep\n|turn|7\n|\n|t:|1701184502\n|move|p2a: Scizor|Bullet Punch|p1a: Landorus\n|-damage|p1a: Landorus|6\/100\n|move|p1a: Landorus|Stomping Tantrum|p2a: Scizor\n|-damage|p2a: Scizor|0 fnt\n|faint|p2a: Scizor\n|move|p1b: Iron Hands|Drain Punch|p2b: Bronzong\n|-damage|p2b: Bronzong|62\/100\n|-heal|p1b: Iron Hands|93\/100|[from] drain|[of] p2b: Bronzong\n|move|p2b: Bronzong|Trick Room|p2b: Bronzong\n|-fieldstart|move: Trick Room|[of] p2b: Bronzong\n|\n|-heal|p2b: Bronzong|69\/100|[from] item: Leftovers\n|upkeep\n|\n|t:|1701184507\n|switch|p2a: Gastrodon|Gastrodon, L50, M, tera:Fire|100\/100\n|turn|8\n|inactive|taco_bowl_mx has 30 seconds left.\n|\n|t:|1701184532\n|move|p2b: Bronzong|Night Shade|p1a: Landorus\n|-damage|p1a: Landorus|0 fnt\n|faint|p1a: Landorus\n|move|p2a: Gastrodon|Earth Power|p1b: Iron Hands\n|-supereffective|p1b: Iron Hands\n|-damage|p1b: Iron Hands|59\/100\n|move|p1b: Iron Hands|Drain Punch|p2a: Gastrodon\n|-damage|p2a: Gastrodon|60\/100\n|-heal|p1b: Iron Hands|78\/100|[from] drain|[of] p2a: Gastrodon\n|\n|-heal|p2b: Bronzong|75\/100|[from] item: Leftovers\n|upkeep\n|\n|t:|1701184543\n|switch|p1a: Heatran|Heatran, L50, M|100\/100\n|turn|9\n|\n|t:|1701184553\n|-terastallize|p1a: Heatran|Grass\n|move|p2b: Bronzong|Night Shade|p1a: Heatran\n|-damage|p1a: Heatran|74\/100\n|move|p2a: Gastrodon|Earth Power|p1a: Heatran\n|-resisted|p1a: Heatran\n|-damage|p1a: Heatran|61\/100\n|move|p1b: Iron Hands|Drain Punch|p2b: Bronzong\n|-damage|p2b: Bronzong|39\/100\n|-heal|p1b: Iron Hands|90\/100|[from] drain|[of] p2b: Bronzong\n|move|p1a: Heatran|Earth Power|p2a: Gastrodon\n|-supereffective|p2a: Gastrodon\n|-damage|p2a: Gastrodon|14\/100\n|-enditem|p2a: Gastrodon|Wiki Berry|[eat]\n|-heal|p2a: Gastrodon|47\/100|[from] item: Wiki Berry\n|\n|-heal|p2b: Bronzong|45\/100|[from] item: Leftovers\n|-heal|p1a: Heatran|67\/100|[from] item: Leftovers\n|upkeep\n|turn|10\n|\n|t:|1701184578\n|move|p2b: Bronzong|Night Shade|p1a: Heatran\n|-damage|p1a: Heatran|41\/100\n|move|p2a: Gastrodon|Recover|p2a: Gastrodon\n|-heal|p2a: Gastrodon|97\/100\n|move|p1b: Iron Hands|Drain Punch|p2b: Bronzong\n|-damage|p2b: Bronzong|13\/100\n|-heal|p1b: Iron Hands|100\/100|[from] drain|[of] p2b: Bronzong\n|move|p1a: Heatran|Heat Wave|p2b: Bronzong|[spread] p2a,p2b\n|-resisted|p2a: Gastrodon\n|-supereffective|p2b: Bronzong\n|-damage|p2a: Gastrodon|84\/100\n|-damage|p2b: Bronzong|0 fnt\n|faint|p2b: Bronzong\n|\n|-heal|p1a: Heatran|47\/100|[from] item: Leftovers\n|upkeep\n|turn|11\n|inactive|taco_bowl_mx has 30 seconds left.\n|\n|t:|1701184604\n|move|p1a: Heatran|Protect|p1a: Heatran\n|-singleturn|p1a: Heatran|Protect\n|move|p2a: Gastrodon|Icy Wind|p1a: Heatran|[spread] p1b\n|-activate|p1a: Heatran|move: Protect\n|-damage|p1b: Iron Hands|95\/100\n|-unboost|p1b: Iron Hands|spe|1\n|move|p1b: Iron Hands|Drain Punch|p2a: Gastrodon\n|-damage|p2a: Gastrodon|44\/100\n|-heal|p1b: Iron Hands|100\/100|[from] drain|[of] p2a: Gastrodon\n|\n|-heal|p1a: Heatran|54\/100|[from] item: Leftovers\n|-fieldend|move: Trick Room\n|upkeep\n|turn|12\n|\n|t:|1701184618\n|move|p1a: Heatran|Earth Power|p2a: Gastrodon\n|-supereffective|p2a: Gastrodon\n|-damage|p2a: Gastrodon|0 fnt\n|faint|p2a: Gastrodon\n|\n|win|taco_bowl_mx\n|raw|taco_bowl_mx's rating: 1330 &rarr; <strong>1351<\/strong><br \/>(+21 for winning)\n|raw|ts02942461's rating: 1351 &rarr; <strong>1330<\/strong><br \/>(-21 for losing)\n|l|\u2606ts02942461\n","uploadtime":1701184622,"views":4,"p1id":"tacobowlmx","p2id":"ts02942461","formatid":"gen9vgc2023regulatione","rating":1330,"private":0,"password":""}