{"id":"gen9vgc2023regulatione-1990403828","p1":"pizzakaps","p2":"miguel152","format":"[Gen 9] VGC 2023 Regulation E","log":"|j|\u2606pizzakaps\n|j|\u2606miguel152\n|t:|1699967417\n|gametype|doubles\n|player|p1|pizzakaps|unknown|1005\n|player|p2|miguel152|cynthia-gen4|1032\n|teamsize|p1|6\n|teamsize|p2|6\n|gen|9\n|tier|[Gen 9] VGC 2023 Regulation E\n|rated|\n|rule|Species Clause: Limit one of each Pok\u00e9mon\n|rule|Item Clause: Limit one of each item\n|clearpoke\n|poke|p1|Dondozo, L50, M|\n|poke|p1|Tatsugiri, L50, M|\n|poke|p1|Flamigo, L50, F|\n|poke|p1|Iron Hands, L50|\n|poke|p1|Wigglytuff, L50, M|\n|poke|p1|Indeedee-F, L50, F|\n|poke|p2|Chi-Yu, L50|\n|poke|p2|Torkoal, L50, M|\n|poke|p2|Ogerpon-Hearthflame, L50, F|\n|poke|p2|Flutter Mane, L50|\n|poke|p2|Amoonguss, L50, F|\n|poke|p2|Gyarados, L50, M|\n|teampreview|4\n|\n|t:|1699967436\n|start\n|switch|p1a: b e e|Tatsugiri, L50, M, shiny|100\/100\n|switch|p1b: Wigglytuff|Wigglytuff, L50, M|100\/100\n|switch|p2a: Torkoal|Torkoal, L50, M|100\/100\n|switch|p2b: Chi-Yu|Chi-Yu, L50|100\/100\n|-ability|p2b: Chi-Yu|Beads of Ruin\n|-weather|SunnyDay|[from] ability: Drought|[of] p2a: Torkoal\n|turn|1\n|j|+Corthius\n|\n|t:|1699967457\n|move|p2b: Chi-Yu|Heat Wave|p1a: b e e|[spread] p1a,p1b\n|-resisted|p1a: b e e\n|-damage|p1a: b e e|82\/100\n|-damage|p1b: Wigglytuff|24\/100\n|move|p1a: b e e|Taunt|p2a: Torkoal\n|-start|p2a: Torkoal|move: Taunt\n|move|p1b: Wigglytuff|Perish Song|p1b: Wigglytuff\n|-start|p1a: b e e|perish3|[silent]\n|-start|p1b: Wigglytuff|perish3|[silent]\n|-start|p2a: Torkoal|perish3|[silent]\n|-start|p2b: Chi-Yu|perish3|[silent]\n|-fieldactivate|move: Perish Song\n|move|p2a: Torkoal|Solar Beam||[still]\n|-prepare|p2a: Torkoal|Solar Beam\n|-anim|p2a: Torkoal|Solar Beam|p1a: b e e\n|-damage|p1a: b e e|32\/100\n|\n|-weather|SunnyDay|[upkeep]\n|-start|p2b: Chi-Yu|perish3\n|-start|p1a: b e e|perish3\n|-start|p1b: Wigglytuff|perish3\n|-start|p2a: Torkoal|perish3\n|upkeep\n|turn|2\n|l|+Corthius\n|\n|t:|1699967480\n|switch|p2a: Flutter Mane|Flutter Mane, L50|100\/100\n|-activate|p2a: Flutter Mane|ability: Protosynthesis\n|-start|p2a: Flutter Mane|protosynthesisspa\n|move|p1a: b e e|Protect|p1a: b e e\n|-singleturn|p1a: b e e|Protect\n|move|p1b: Wigglytuff|Protect|p1b: Wigglytuff\n|-singleturn|p1b: Wigglytuff|Protect\n|move|p2b: Chi-Yu|Heat Wave|p1a: b e e|[spread] \n|-activate|p1a: b e e|move: Protect\n|-activate|p1b: Wigglytuff|move: Protect\n|\n|-weather|SunnyDay|[upkeep]\n|-start|p2b: Chi-Yu|perish2\n|-start|p1a: b e e|perish2\n|-start|p1b: Wigglytuff|perish2\n|upkeep\n|turn|3\n|\n|t:|1699967508\n|switch|p1b: Blavingad|Dondozo, L50, M, shiny|100\/100\n|-activate|p1a: b e e|ability: Commander|[of] p1b: Blavingad\n|-boost|p1b: Blavingad|atk|2\n|-boost|p1b: Blavingad|spa|2\n|-boost|p1b: Blavingad|spe|2\n|-boost|p1b: Blavingad|def|2\n|-boost|p1b: Blavingad|spd|2\n|move|p2a: Flutter Mane|Thunderbolt|p1a: b e e|[miss]\n|-miss|p2a: Flutter Mane|p1a: b e e\n|move|p2b: Chi-Yu|Heat Wave|p1b: Blavingad|[spread] p1b\n|-miss|p2b: Chi-Yu|p1a: b e e\n|-resisted|p1b: Blavingad\n|-crit|p1b: Blavingad\n|-damage|p1b: Blavingad|41\/100\n|\n|-weather|SunnyDay|[upkeep]\n|-start|p2b: Chi-Yu|perish1\n|-start|p1a: b e e|perish1\n|upkeep\n|turn|4\n|\n|t:|1699967534\n|switch|p2b: Amoonguss|Amoonguss, L50, F, shiny|100\/100\n|move|p2a: Flutter Mane|Thunderbolt|p1b: Blavingad\n|-supereffective|p1b: Blavingad\n|-damage|p1b: Blavingad|0 fnt\n|faint|p1b: Blavingad\n|\n|-weather|SunnyDay|[upkeep]\n|-start|p1a: b e e|perish0\n|upkeep\n|faint|p1a: b e e\n|\n|t:|1699967542\n|switch|p1a: Wigglytuff|Wigglytuff, L50, M|24\/100\n|switch|p1b: birb?|Flamigo, L50, F, shiny|100\/100\n|-copyboost|p1b: birb?|p1a: Wigglytuff|[from] ability: Costar\n|turn|5\n|\n|t:|1699967573\n|-terastallize|p1b: birb?|Flying\n|move|p1a: Wigglytuff|Helping Hand|p1b: birb?\n|-singleturn|p1b: birb?|Helping Hand|[of] p1a: Wigglytuff\n|move|p2a: Flutter Mane|Thunderbolt|p1b: birb?\n|-supereffective|p1b: birb?\n|-damage|p1b: birb?|0 fnt\n|faint|p1b: birb?\n|move|p2b: Amoonguss|Spore|p1a: Wigglytuff\n|-status|p1a: Wigglytuff|slp|[from] move: Spore\n|\n|-weather|none\n|-end|p2a: Flutter Mane|Protosynthesis\n|upkeep\n|turn|6\n|\n|t:|1699967589\n|move|p2a: Flutter Mane|Thunderbolt|p1a: Wigglytuff\n|-damage|p1a: Wigglytuff|0 fnt\n|faint|p1a: Wigglytuff\n|\n|win|miguel152\n|raw|pizzakaps's rating: 1005 &rarr; <strong>1000<\/strong><br \/>(-5 for losing)\n|raw|miguel152's rating: 1032 &rarr; <strong>1064<\/strong><br \/>(+32 for winning)\n|l|\u2606pizzakaps\n|l|\u2606miguel152\n|j|\u2606miguel152\n|player|p2|miguel152|cynthia-gen4\n","uploadtime":1699967605,"views":22,"p1id":"pizzakaps","p2id":"miguel152","formatid":"gen9vgc2023regulatione","rating":1000,"private":0,"password":""}