{"id":"gen9vgc2023regulatione-1998080481","p1":"Meegee Felgo","p2":"RandumbRaccoon","format":"[Gen 9] VGC 2023 Regulation E","log":"|j|\u2606Meegee Felgo\n|j|\u2606RandumbRaccoon\n|n|\u2606Meegee Felgo|meegeefelgo\n|n|\u2606RandumbRaccoon|randumbraccoon\n|html|View the match progress at <a href=\"\/game-bestof3-gen9vgc2023regulatione-1998080480\">game-bestof3-gen9vgc2023regulatione-1998080480<\/a>\n|t:|1700888116\n|gametype|doubles\n|player|p1|Meegee Felgo|burglar|\n|player|p2|RandumbRaccoon|ingo|\n|teamsize|p1|6\n|teamsize|p2|6\n|gen|9\n|tier|[Gen 9] VGC 2023 Regulation E\n|rule|Species Clause: Limit one of each Pok\u00e9mon\n|rule|Item Clause: Limit one of each item\n|clearpoke\n|poke|p1|Brambleghast, L50, M|\n|poke|p1|Urshifu-*, L50, F|\n|poke|p1|Chi-Yu, L50|\n|poke|p1|Flutter Mane, L50|\n|poke|p1|Gholdengo, L50|\n|poke|p1|Tornadus, L50, M|\n|poke|p2|Chien-Pao, L50|\n|poke|p2|Amoonguss, L50, F|\n|poke|p2|Arcanine-Hisui, L50, M|\n|poke|p2|Flutter Mane, L50|\n|poke|p2|Urshifu-*, L50, M|\n|poke|p2|Tornadus, L50, M|\n|teampreview|4\n|inactive|Battle timer is ON: inactive players will automatically lose when time's up. (requested by RandumbRaccoon)\nMeegee Felgo has agreed to open team sheets.\n|c|\u2606RandumbRaccoon|glhf\nRandumbRaccoon has agreed to open team sheets.\n|showteam|p1|Brambleghast||FocusSash|WindRider|ShadowSneak,Poltergeist,PowerWhip,Protect|||M|||50|,,,,,Ghost]Urshifu-Rapid-Strike||MysticWater|UnseenFist|AquaJet,SurgingStrikes,CloseCombat,Protect|||F|||50|,,,,,Water]Chi-Yu||LifeOrb|BeadsofRuin|Overheat,HeatWave,DarkPulse,Protect||||||50|,,,,,Ghost]Flutter Mane||BoosterEnergy|Protosynthesis|Moonblast,DazzlingGleam,ShadowBall,Protect||||||50|,,,,,Fairy]Gholdengo||ChoiceSpecs|GoodasGold|MakeItRain,ShadowBall,Thunderbolt,Trick||||||50|,,,,,Steel]Tornadus||CovertCloak|Prankster|BleakwindStorm,Taunt,SunnyDay,Tailwind|||M|||50|,,,,,Steel\n|showteam|p2|Chien-Pao||FocusSash|SwordofRuin|Crunch,IceSpinner,SacredSword,LashOut||||||50|,,,,,Ghost]Amoonguss||RockyHelmet|Regenerator|PollenPuff,Spore,RagePowder,SludgeBomb|||F|||50|,,,,,Water]Arcanine-Hisui||ChoiceBand|Intimidate|ExtremeSpeed,HeadSmash,FlareBlitz,RockSlide|||M|||50|,,,,,Normal]Flutter Mane||BoosterEnergy|Protosynthesis|Moonblast,DazzlingGleam,ShadowBall,Protect||||||50|,,,,,Fairy]Urshifu-Rapid-Strike||ChoiceScarf|UnseenFist|SurgingStrikes,CloseCombat,IceSpinner,Uturn|||M|||50|,,,,,Grass]Tornadus||CovertCloak|Prankster|Tailwind,Taunt,BleakwindStorm,HeatWave|||M|||50|,,,,,Flying\n|c|\u2606Meegee Felgo|you too\n|inactive|Meegee Felgo has 30 seconds left.\n|inactive|RandumbRaccoon has 30 seconds left.\n|inactive|Meegee Felgo has 20 seconds left.\n|\n|t:|1700888156\n|start\n|switch|p1a: Tornadus|Tornadus, L50, M|100\/100\n|switch|p1b: Urshifu|Urshifu-Rapid-Strike, L50, F|100\/100\n|switch|p2a: Tornadus|Tornadus, L50, M|100\/100\n|switch|p2b: Urshifu|Urshifu-Rapid-Strike, L50, M|100\/100\n|turn|1\n|\n|t:|1700888172\n|switch|p1b: Brambleghast|Brambleghast, L50, M|100\/100\n|move|p1a: Tornadus|Taunt|p2a: Tornadus\n|-start|p2a: Tornadus|move: Taunt\n|cant|p2a: Tornadus|move: Taunt|Tailwind\n|move|p2b: Urshifu|U-turn|p1b: Brambleghast\n|-damage|p1b: Brambleghast|58\/100\n|\n|t:|1700888180\n|switch|p2b: Arcanine|Arcanine-Hisui, L50, M|100\/100|[from] U-turn\n|-ability|p2b: Arcanine|Intimidate|boost\n|-unboost|p1a: Tornadus|atk|1\n|-unboost|p1b: Brambleghast|atk|1\n|\n|upkeep\n|turn|2\n|\n|t:|1700888196\n|move|p1a: Tornadus|Tailwind|p1a: Tornadus\n|-sidestart|p1: Meegee Felgo|move: Tailwind\n|-ability|p1b: Brambleghast|Wind Rider|boost\n|-boost|p1b: Brambleghast|atk|1\n|move|p1b: Brambleghast|Poltergeist|p2b: Arcanine\n|-activate|p2b: Arcanine|move: Poltergeist|Choice Band\n|-damage|p2b: Arcanine|22\/100\n|move|p2a: Tornadus|Bleakwind Storm|p1a: Tornadus|[spread] p1a\n|-ability|p1b: Brambleghast|Wind Rider|boost\n|-boost|p1b: Brambleghast|atk|1\n|-damage|p1a: Tornadus|46\/100\n|move|p2b: Arcanine|Rock Slide|p1a: Tornadus|[spread] p1a,p1b\n|-supereffective|p1a: Tornadus\n|-damage|p1a: Tornadus|0 fnt\n|-damage|p1b: Brambleghast|0 fnt\n|faint|p1a: Tornadus\n|faint|p1b: Brambleghast\n|\n|upkeep\n|\n|t:|1700888209\n|switch|p1a: Chi-Yu|Chi-Yu, L50|100\/100\n|switch|p1b: Urshifu|Urshifu-Rapid-Strike, L50, F|100\/100\n|-ability|p1a: Chi-Yu|Beads of Ruin\n|turn|3\n|\n|t:|1700888233\n|switch|p2a: Urshifu|Urshifu-Rapid-Strike, L50, M|100\/100\n|switch|p2b: Amoonguss|Amoonguss, L50, F|100\/100\n|move|p1a: Chi-Yu|Dark Pulse|p2b: Amoonguss\n|-damage|p2b: Amoonguss|44\/100\n|-damage|p1a: Chi-Yu|91\/100|[from] item: Life Orb\n|move|p1b: Urshifu|Surging Strikes|p2a: Urshifu\n|-resisted|p2a: Urshifu\n|-crit|p2a: Urshifu\n|-damage|p2a: Urshifu|88\/100\n|-resisted|p2a: Urshifu\n|-crit|p2a: Urshifu\n|-damage|p2a: Urshifu|75\/100\n|-resisted|p2a: Urshifu\n|-crit|p2a: Urshifu\n|-damage|p2a: Urshifu|62\/100\n|-hitcount|p2a: Urshifu|3\n|\n|upkeep\n|turn|4\n|inactive|Meegee Felgo has 30 seconds left.\n|inactive|Meegee Felgo has 20 seconds left.\n|inactive|Meegee Felgo has 15 seconds left.\n|\n|t:|1700888277\n|move|p2b: Amoonguss|Rage Powder|p2b: Amoonguss\n|-singleturn|p2b: Amoonguss|move: Rage Powder\n|move|p1a: Chi-Yu|Dark Pulse|p2b: Amoonguss\n|-damage|p2b: Amoonguss|0 fnt\n|faint|p2b: Amoonguss\n|-damage|p1a: Chi-Yu|81\/100|[from] item: Life Orb\n|move|p1b: Urshifu|Close Combat|p2a: Urshifu\n|-damage|p2a: Urshifu|0 fnt\n|-unboost|p1b: Urshifu|def|1\n|-unboost|p1b: Urshifu|spd|1\n|faint|p2a: Urshifu\n|\n|upkeep\n|\n|t:|1700888285\n|switch|p2a: Tornadus|Tornadus, L50, M|100\/100\n|switch|p2b: Arcanine|Arcanine-Hisui, L50, M|22\/100\n|-ability|p2b: Arcanine|Intimidate|boost\n|-unboost|p1a: Chi-Yu|atk|1\n|-unboost|p1b: Urshifu|atk|1\n|turn|5\n|inactive|RandumbRaccoon has 30 seconds left.\n|\n|t:|1700888314\n|-terastallize|p1a: Chi-Yu|Ghost\n|-terastallize|p2b: Arcanine|Normal\n|move|p1b: Urshifu|Protect|p1b: Urshifu\n|-singleturn|p1b: Urshifu|Protect\n|move|p2b: Arcanine|Extreme Speed|p1a: Chi-Yu\n|-immune|p1a: Chi-Yu\n|move|p1a: Chi-Yu|Dark Pulse|p2b: Arcanine\n|-damage|p2b: Arcanine|0 fnt\n|faint|p2b: Arcanine\n|-damage|p1a: Chi-Yu|71\/100|[from] item: Life Orb\n|move|p2a: Tornadus|Bleakwind Storm|p1a: Chi-Yu|[spread] \n|-activate|p1b: Urshifu|move: Protect\n|-miss|p2a: Tornadus|p1a: Chi-Yu\n|\n|-sideend|p1: Meegee Felgo|move: Tailwind\n|upkeep\n|turn|6\n|\n|t:|1700888332\n|move|p1b: Urshifu|Aqua Jet|p2a: Tornadus\n|-damage|p2a: Tornadus|73\/100\n|move|p1a: Chi-Yu|Dark Pulse|p2a: Tornadus\n|-damage|p2a: Tornadus|0 fnt\n|faint|p2a: Tornadus\n|-damage|p1a: Chi-Yu|61\/100|[from] item: Life Orb\n|\n|win|Meegee Felgo\n|c|&|\/uhtml prompt-randumbraccoon,RandumbRaccoon is ready for game 2!\n|c|&|\/uhtml prompt-meegeefelgo,Meegee Felgo is ready for game 2!\nBoth players are ready! Starting next match!\n","uploadtime":1700888788,"views":7,"p1id":"meegeefelgo","p2id":"randumbraccoon","formatid":"gen9vgc2023regulatione","rating":0,"private":0,"password":""}