{"id":"gen9vgc2023regulatione-1996986912","p1":"Jan VGC","p2":"TeraBlastNormal","format":"[Gen 9] VGC 2023 Regulation E","log":"|j|\u2606Jan VGC\n|j|\u2606TeraBlastNormal\n|t:|1700752837\n|gametype|doubles\n|player|p1|Jan VGC|265|1361\n|player|p2|TeraBlastNormal|101|1421\n|teamsize|p1|6\n|teamsize|p2|6\n|gen|9\n|tier|[Gen 9] VGC 2023 Regulation E\n|rated|\n|rule|Species Clause: Limit one of each Pok\u00e9mon\n|rule|Item Clause: Limit one of each item\n|clearpoke\n|poke|p1|Cresselia, L50, F|\n|poke|p1|Ursaluna-Bloodmoon, L50, M|\n|poke|p1|Iron Hands, L50|\n|poke|p1|Ogerpon-Wellspring, L50, F|\n|poke|p1|Arcanine-Hisui, L50, M|\n|poke|p1|Flutter Mane, L50|\n|poke|p2|Roaring Moon, L50|\n|poke|p2|Flutter Mane, L50|\n|poke|p2|Kingambit, L50, F|\n|poke|p2|Iron Hands, L50|\n|poke|p2|Landorus-Therian, L50, M|\n|poke|p2|Ogerpon-Wellspring, L50, F|\n|teampreview|4\n|inactive|Battle timer is ON: inactive players will automatically lose when time's up. (requested by Jan VGC)\nJan VGC rejected open team sheets.\n|\n|t:|1700752873\n|start\n|switch|p1a: Cresselia|Cresselia, L50, F|100\/100\n|switch|p1b: Iron Hands|Iron Hands, L50|100\/100\n|switch|p2a: Kingambit|Kingambit, L50, F|100\/100\n|switch|p2b: Landorus|Landorus-Therian, L50, M|100\/100\n|-ability|p2b: Landorus|Intimidate|boost\n|-unboost|p1a: Cresselia|atk|1\n|-unboost|p1b: Iron Hands|atk|1\n|turn|1\n|inactive|TeraBlastNormal has 30 seconds left.\n|\n|t:|1700752908\n|switch|p2a: Iron Hands|Iron Hands, L50|100\/100\n|move|p1b: Iron Hands|Fake Out|p2b: Landorus\n|-damage|p2b: Landorus|89\/100\n|cant|p2b: Landorus|flinch\n|move|p1a: Cresselia|Trick Room|p1a: Cresselia\n|-fieldstart|move: Trick Room|[of] p1a: Cresselia\n|\n|upkeep\n|turn|2\n|inactive|TeraBlastNormal has 30 seconds left.\n|\n|t:|1700752937\n|move|p2a: Iron Hands|Drain Punch|p1b: Iron Hands\n|-damage|p1b: Iron Hands|71\/100\n|move|p1b: Iron Hands|Drain Punch|p2a: Iron Hands\n|-damage|p2a: Iron Hands|82\/100\n|-heal|p1b: Iron Hands|80\/100|[from] drain|[of] p2a: Iron Hands\n|move|p1a: Cresselia|Psychic|p2a: Iron Hands\n|-supereffective|p2a: Iron Hands\n|-damage|p2a: Iron Hands|54\/100\n|move|p2b: Landorus|Stomping Tantrum|p1b: Iron Hands\n|-supereffective|p1b: Iron Hands\n|-damage|p1b: Iron Hands|0 fnt\n|faint|p1b: Iron Hands\n|-end|p1b: Iron Hands|Quark Drive|[silent]\n|\n|upkeep\n|\n|t:|1700752950\n|switch|p1b: Ursaluna|Ursaluna-Bloodmoon, L50, M|100\/100\n|turn|3\n|\n|t:|1700752968\n|switch|p2b: Ogerpon|Ogerpon-Wellspring, L50, F|100\/100\n|-terastallize|p1b: Ursaluna|Ghost\n|move|p2a: Iron Hands|Drain Punch|p1b: Ursaluna\n|-immune|p1b: Ursaluna\n|move|p1b: Ursaluna|Earth Power|p2a: Iron Hands\n|-supereffective|p2a: Iron Hands\n|-damage|p2a: Iron Hands|3\/100\n|move|p1a: Cresselia|Psychic|p2a: Iron Hands\n|-supereffective|p2a: Iron Hands\n|-damage|p2a: Iron Hands|0 fnt\n|faint|p2a: Iron Hands\n|-end|p2a: Iron Hands|Quark Drive|[silent]\n|\n|upkeep\n|\n|t:|1700752978\n|switch|p2a: Kingambit|Kingambit, L50, F|100\/100\n|turn|4\n|\n|t:|1700752993\n|-terastallize|p2a: Kingambit|Dark\n|move|p1a: Cresselia|Helping Hand|p1b: Ursaluna\n|-singleturn|p1b: Ursaluna|Helping Hand|[of] p1a: Cresselia\n|move|p2b: Ogerpon|Follow Me|p2b: Ogerpon\n|-singleturn|p2b: Ogerpon|move: Follow Me\n|move|p2a: Kingambit|Kowtow Cleave|p1b: Ursaluna\n|-supereffective|p1b: Ursaluna\n|-damage|p1b: Ursaluna|0 fnt\n|faint|p1b: Ursaluna\n|\n|upkeep\n|\n|t:|1700753002\n|switch|p1b: Ogerpon|Ogerpon-Wellspring, L50, F|100\/100\n|turn|5\n|inactive|TeraBlastNormal has 30 seconds left.\n|\n|t:|1700753032\n|switch|p2b: Landorus|Landorus-Therian, L50, M|89\/100\n|-ability|p2b: Landorus|Intimidate|boost\n|-unboost|p1a: Cresselia|atk|1\n|-unboost|p1b: Ogerpon|atk|1\n|move|p1b: Ogerpon|Spiky Shield|p1b: Ogerpon\n|-singleturn|p1b: Ogerpon|move: Protect\n|move|p2a: Kingambit|Kowtow Cleave|p1a: Cresselia\n|-supereffective|p1a: Cresselia\n|-damage|p1a: Cresselia|4\/100\n|move|p1a: Cresselia|Trick Room|p1a: Cresselia\n|-fieldend|move: Trick Room\n|\n|upkeep\n|turn|6\n|-message|Jan VGC forfeited.\n|\n|win|TeraBlastNormal\n|raw|Jan VGC's rating: 1361 &rarr; <strong>1344<\/strong><br \/>(-17 for losing)\n|raw|TeraBlastNormal's rating: 1421 &rarr; <strong>1438<\/strong><br \/>(+17 for winning)\n|l|\u2606Jan VGC\n|c|\u2606TeraBlastNormal|Gg\n","uploadtime":1700753082,"views":0,"p1id":"janvgc","p2id":"terablastnormal","formatid":"gen9vgc2023regulatione","rating":1344,"private":0,"password":""}