{"id":"gen9vgc2023regulatione-1992879747","p1":"Cyalia12","p2":"ChrissssVIGISI","format":"[Gen 9] VGC 2023 Regulation E","log":"|j|\u2606Cyalia12\n|j|\u2606ChrissssVIGISI\n|n|\u2606Cyalia12|cyalia12\n|n|\u2606ChrissssVIGISI|chrissssvigisi\n|html|View the match progress at <a href=\"\/game-bestof3-gen9vgc2023regulatione-1992879745\">game-bestof3-gen9vgc2023regulatione-1992879745<\/a>\n|t:|1700243376\n|gametype|doubles\n|player|p1|Cyalia12|shadowtriad|\n|player|p2|ChrissssVIGISI|1|\n|teamsize|p1|6\n|teamsize|p2|6\n|gen|9\n|tier|[Gen 9] VGC 2023 Regulation E\n|rule|Species Clause: Limit one of each Pok\u00e9mon\n|rule|Item Clause: Limit one of each item\n|clearpoke\n|poke|p1|Arcanine-Hisui, L50, F|\n|poke|p1|Landorus, L50, M|\n|poke|p1|Roaring Moon, L50|\n|poke|p1|Urshifu-*, L50, M|\n|poke|p1|Flutter Mane, L50|\n|poke|p1|Rillaboom, L50, M|\n|poke|p2|Ogerpon, L50, F|\n|poke|p2|Landorus-Therian, L50, M|\n|poke|p2|Iron Bundle, L50|\n|poke|p2|Gholdengo, L50|\n|poke|p2|Chi-Yu, L50|\n|poke|p2|Iron Hands, L50|\n|teampreview|4\nChrissssVIGISI has agreed to open team sheets.\n|c|\u2606ChrissssVIGISI|Ots\nCyalia12 has agreed to open team sheets.\n|showteam|p1|Arcanine-Hisui||ChoiceBand|Intimidate|RockSlide,FlareBlitz,ExtremeSpeed,TeraBlast|||F|||50|,,,,,Fairy]Landorus||LifeOrb|SheerForce|EarthPower,SludgeBomb,Taunt,Protect|||M|||50|,,,,,Poison]Roaring Moon||BoosterEnergy|Protosynthesis|KnockOff,BreakingSwipe,Tailwind,Protect||||||50|,,,,,Poison]Urshifu-Rapid-Strike||MysticWater|UnseenFist|SurgingStrikes,CloseCombat,AquaJet,Detect|||M|||50|,,,,,Water]Flutter Mane||ChoiceSpecs|Protosynthesis|Moonblast,DazzlingGleam,ShadowBall,IcyWind||||||50|,,,,,Fairy]Rillaboom||AssaultVest|GrassySurge|WoodHammer,HighHorsepower,GrassyGlide,FakeOut|||M|||50|,,,,,Fire\n|showteam|p2|Ogerpon||LifeOrb|Defiant|IvyCudgel,StompingTantrum,Uturn,SpikyShield|||F|||50|,,,,,Grass]Landorus-Therian||ChoiceScarf|Intimidate|Uturn,StompingTantrum,RockSlide,TeraBlast|||M|||50|,,,,,Flying]Iron Bundle||BoosterEnergy|QuarkDrive|FreezeDry,HydroPump,IcyWind,Protect||||||50|,,,,,Steel]Gholdengo||Leftovers|GoodasGold|MakeItRain,ShadowBall,NastyPlot,Protect||||||50|,,,,,Dragon]Chi-Yu||ChoiceSpecs|BeadsofRuin|HeatWave,TeraBlast,DarkPulse,Overheat||||||50|,,,,,Fairy]Iron Hands||AssaultVest|QuarkDrive|WildCharge,DrainPunch,FakeOut,HeavySlam||||||50|,,,,,Water\n|c|\u2606Cyalia12|eccolee\n|\n|t:|1700243482\n|start\n|switch|p1a: Rillaboom|Rillaboom, L50, M|100\/100\n|switch|p1b: Roaring Moon|Roaring Moon, L50|100\/100\n|switch|p2a: Iron Bundle|Iron Bundle, L50|100\/100\n|switch|p2b: Iron Hands|Iron Hands, L50|100\/100\n|-fieldstart|move: Grassy Terrain|[from] ability: Grassy Surge|[of] p1a: Rillaboom\n|-enditem|p2a: Iron Bundle|Booster Energy\n|-activate|p2a: Iron Bundle|ability: Quark Drive|[fromitem]\n|-start|p2a: Iron Bundle|quarkdrivespe\n|-enditem|p1b: Roaring Moon|Booster Energy\n|-activate|p1b: Roaring Moon|ability: Protosynthesis|[fromitem]\n|-start|p1b: Roaring Moon|protosynthesisspe\n|turn|1\n|c|\u2606ChrissssVIGISI|Impossibile vincere\n|\n|t:|1700243501\n|-end|p2b: Iron Hands|Quark Drive|[silent]\n|switch|p2b: Landorus|Landorus-Therian, L50, M|100\/100\n|-ability|p2b: Landorus|Intimidate|boost\n|-unboost|p1a: Rillaboom|atk|1\n|-unboost|p1b: Roaring Moon|atk|1\n|-terastallize|p1b: Roaring Moon|Poison\n|move|p2a: Iron Bundle|Protect|p2a: Iron Bundle\n|-singleturn|p2a: Iron Bundle|Protect\n|move|p1a: Rillaboom|Fake Out|p2a: Iron Bundle\n|-activate|p2a: Iron Bundle|move: Protect\n|move|p1b: Roaring Moon|Tailwind|p1b: Roaring Moon\n|-sidestart|p1: Cyalia12|move: Tailwind\n|\n|upkeep\n|turn|2\n|\n|t:|1700243527\n|-end|p1b: Roaring Moon|Protosynthesis|[silent]\n|switch|p1b: Landorus|Landorus, L50, M|100\/100\n|-end|p2a: Iron Bundle|Quark Drive|[silent]\n|switch|p2a: Gholdengo|Gholdengo, L50|100\/100\n|move|p2b: Landorus|U-turn|p1a: Rillaboom\n|-supereffective|p1a: Rillaboom\n|-damage|p1a: Rillaboom|47\/100\n|\n|t:|1700243538\n|switch|p2b: Iron Hands|Iron Hands, L50|100\/100|[from] U-turn\n|move|p1a: Rillaboom|Wood Hammer|p2a: Gholdengo\n|-resisted|p2a: Gholdengo\n|-damage|p2a: Gholdengo|75\/100\n|-damage|p1a: Rillaboom|39\/100|[from] Recoil\n|\n|-heal|p1a: Rillaboom|45\/100|[from] Grassy Terrain\n|-heal|p2a: Gholdengo|81\/100|[from] Grassy Terrain\n|-heal|p2a: Gholdengo|87\/100|[from] item: Leftovers\n|upkeep\n|turn|3\n|c|\u2606Cyalia12|ah per me si ahaha\n|\n|t:|1700243563\n|switch|p1a: Roaring Moon|Roaring Moon, L50, tera:Poison|100\/100\n|move|p1b: Landorus|Protect|p1b: Landorus\n|-singleturn|p1b: Landorus|Protect\n|move|p2b: Iron Hands|Fake Out|p1b: Landorus\n|-activate|p1b: Landorus|move: Protect\n|move|p2a: Gholdengo|Make It Rain|p1b: Landorus|[spread] p1a\n|-activate|p1b: Landorus|move: Protect\n|-damage|p1a: Roaring Moon|60\/100\n|-unboost|p2a: Gholdengo|spa|1\n|\n|-heal|p1a: Roaring Moon|66\/100|[from] Grassy Terrain\n|-heal|p2a: Gholdengo|92\/100|[from] Grassy Terrain\n|-heal|p2a: Gholdengo|98\/100|[from] item: Leftovers\n|upkeep\n|turn|4\n|c|\u2606Cyalia12|sempre piangere\n|\n|t:|1700243616\n|switch|p2a: Landorus|Landorus-Therian, L50, M|100\/100\n|-ability|p2a: Landorus|Intimidate|boost\n|-unboost|p1a: Roaring Moon|atk|1\n|-unboost|p1b: Landorus|atk|1\n|move|p1a: Roaring Moon|Breaking Swipe|p2b: Iron Hands|[spread] p2a,p2b\n|-damage|p2a: Landorus|84\/100\n|-damage|p2b: Iron Hands|91\/100\n|-unboost|p2a: Landorus|atk|1\n|-unboost|p2b: Iron Hands|atk|1\n|move|p1b: Landorus|Earth Power|p2a: Landorus\n|-immune|p2a: Landorus\n|move|p2b: Iron Hands|Heavy Slam|p1b: Landorus\n|-damage|p1b: Landorus|69\/100\n|\n|-heal|p1a: Roaring Moon|72\/100|[from] Grassy Terrain\n|-heal|p2b: Iron Hands|98\/100|[from] Grassy Terrain\n|-sideend|p1: Cyalia12|move: Tailwind\n|upkeep\n|turn|5\n|\n|t:|1700243646\n|-end|p2b: Iron Hands|Quark Drive|[silent]\n|switch|p2b: Gholdengo|Gholdengo, L50|98\/100\n|move|p2a: Landorus|Rock Slide|p1b: Landorus|[spread] p1a,p1b\n|-damage|p1a: Roaring Moon|57\/100\n|-damage|p1b: Landorus|55\/100\n|move|p1a: Roaring Moon|Knock Off|p2b: Gholdengo\n|-supereffective|p2b: Gholdengo\n|-damage|p2b: Gholdengo|37\/100\n|-enditem|p2b: Gholdengo|Leftovers|[from] move: Knock Off|[of] p1a: Roaring Moon\n|cant|p1b: Landorus|flinch\n|\n|-heal|p1a: Roaring Moon|62\/100|[from] Grassy Terrain\n|-heal|p2b: Gholdengo|43\/100|[from] Grassy Terrain\n|-fieldend|move: Grassy Terrain\n|upkeep\n|turn|6\n|\n|t:|1700243667\n|move|p2a: Landorus|Rock Slide|p1b: Landorus|[spread] p1a,p1b\n|-damage|p1a: Roaring Moon|48\/100\n|-damage|p1b: Landorus|40\/100\n|move|p1a: Roaring Moon|Tailwind|p1a: Roaring Moon\n|-sidestart|p1: Cyalia12|move: Tailwind\n|move|p1b: Landorus|Earth Power|p2b: Gholdengo\n|-supereffective|p2b: Gholdengo\n|-damage|p2b: Gholdengo|0 fnt\n|faint|p2b: Gholdengo\n|\n|upkeep\n|\n|t:|1700243675\n|switch|p2b: Iron Bundle|Iron Bundle, L50|100\/100\n|turn|7\n|\n|t:|1700243689\n|switch|p2a: Iron Hands|Iron Hands, L50|98\/100\n|move|p2b: Iron Bundle|Protect|p2b: Iron Bundle\n|-singleturn|p2b: Iron Bundle|Protect\n|move|p1a: Roaring Moon|Knock Off|p2b: Iron Bundle\n|-activate|p2b: Iron Bundle|move: Protect\n|move|p1b: Landorus|Earth Power|p2b: Iron Bundle\n|-activate|p2b: Iron Bundle|move: Protect\n|\n|upkeep\n|turn|8\n|\n|t:|1700243710\n|move|p1a: Roaring Moon|Protect|p1a: Roaring Moon\n|-singleturn|p1a: Roaring Moon|Protect\n|move|p1b: Landorus|Protect|p1b: Landorus\n|-singleturn|p1b: Landorus|Protect\n|move|p2a: Iron Hands|Fake Out|p1b: Landorus\n|-activate|p1b: Landorus|move: Protect\n|move|p2b: Iron Bundle|Icy Wind|p1a: Roaring Moon|[spread] \n|-activate|p1a: Roaring Moon|move: Protect\n|-activate|p1b: Landorus|move: Protect\n|\n|upkeep\n|turn|9\n|\n|t:|1700243726\n|-end|p2a: Iron Hands|Quark Drive|[silent]\n|switch|p2a: Landorus|Landorus-Therian, L50, M|84\/100\n|-ability|p2a: Landorus|Intimidate|boost\n|-unboost|p1a: Roaring Moon|atk|1\n|-unboost|p1b: Landorus|atk|1\n|move|p2b: Iron Bundle|Protect|p2b: Iron Bundle\n|-singleturn|p2b: Iron Bundle|Protect\n|move|p1a: Roaring Moon|Knock Off|p2b: Iron Bundle\n|-activate|p2b: Iron Bundle|move: Protect\n|move|p1b: Landorus|Earth Power|p2b: Iron Bundle\n|-activate|p2b: Iron Bundle|move: Protect\n|\n|-sideend|p1: Cyalia12|move: Tailwind\n|upkeep\n|turn|10\n|\n|t:|1700243748\n|-end|p1a: Roaring Moon|Protosynthesis|[silent]\n|switch|p1a: Rillaboom|Rillaboom, L50, M|45\/100\n|-fieldstart|move: Grassy Terrain|[from] ability: Grassy Surge|[of] p1a: Rillaboom\n|move|p1b: Landorus|Protect|p1b: Landorus\n|-singleturn|p1b: Landorus|Protect\n|move|p2a: Landorus|Stomping Tantrum|p1a: Rillaboom\n|-resisted|p1a: Rillaboom\n|-damage|p1a: Rillaboom|24\/100\n|move|p2b: Iron Bundle|Icy Wind|p1a: Rillaboom|[spread] p1a\n|-activate|p1b: Landorus|move: Protect\n|-supereffective|p1a: Rillaboom\n|-crit|p1a: Rillaboom\n|-damage|p1a: Rillaboom|0 fnt\n|faint|p1a: Rillaboom\n|\n|upkeep\n|\n|t:|1700243760\n|switch|p1a: Flutter Mane|Flutter Mane, L50|100\/100\n|turn|11\n|\n|t:|1700243778\n|switch|p1b: Roaring Moon|Roaring Moon, L50, tera:Poison|48\/100\n|move|p2a: Landorus|Stomping Tantrum|p1a: Flutter Mane\n|-damage|p1a: Flutter Mane|29\/100\n|move|p2b: Iron Bundle|Icy Wind|p1b: Roaring Moon|[spread] p1a,p1b\n|-damage|p1a: Flutter Mane|12\/100\n|-damage|p1b: Roaring Moon|35\/100\n|-unboost|p1a: Flutter Mane|spe|1\n|-unboost|p1b: Roaring Moon|spe|1\n|move|p1a: Flutter Mane|Icy Wind|p2a: Landorus|[spread] p2a,p2b\n|-supereffective|p2a: Landorus\n|-resisted|p2b: Iron Bundle\n|-damage|p2a: Landorus|0 fnt\n|-damage|p2b: Iron Bundle|93\/100\n|-unboost|p2b: Iron Bundle|spe|1\n|faint|p2a: Landorus\n|\n|-heal|p2b: Iron Bundle|99\/100|[from] Grassy Terrain\n|-heal|p1a: Flutter Mane|17\/100|[from] Grassy Terrain\n|-heal|p1b: Roaring Moon|41\/100|[from] Grassy Terrain\n|upkeep\n|\n|t:|1700243786\n|switch|p2a: Iron Hands|Iron Hands, L50|98\/100\n|turn|12\n|\n|t:|1700243804\n|move|p1b: Roaring Moon|Protect|p1b: Roaring Moon\n|-singleturn|p1b: Roaring Moon|Protect\n|move|p2a: Iron Hands|Fake Out|p1b: Roaring Moon\n|-activate|p1b: Roaring Moon|move: Protect\n|move|p2b: Iron Bundle|Freeze-Dry|p1a: Flutter Mane\n|-damage|p1a: Flutter Mane|0 fnt\n|faint|p1a: Flutter Mane\n|-end|p1a: Flutter Mane|Protosynthesis|[silent]\n|\n|-heal|p2b: Iron Bundle|100\/100|[from] Grassy Terrain\n|-heal|p1b: Roaring Moon|46\/100|[from] Grassy Terrain\n|-heal|p2a: Iron Hands|100\/100|[from] Grassy Terrain\n|upkeep\n|\n|t:|1700243813\n|switch|p1a: Landorus|Landorus, L50, M|40\/100\n|turn|13\n|\n|t:|1700243834\n|-terastallize|p2a: Iron Hands|Water\n|move|p1a: Landorus|Protect|p1a: Landorus\n|-singleturn|p1a: Landorus|Protect\n|move|p2b: Iron Bundle|Icy Wind|p1a: Landorus|[spread] p1b\n|-activate|p1a: Landorus|move: Protect\n|-damage|p1b: Roaring Moon|32\/100\n|-unboost|p1b: Roaring Moon|spe|1\n|move|p1b: Roaring Moon|Tailwind|p1b: Roaring Moon\n|-sidestart|p1: Cyalia12|move: Tailwind\n|move|p2a: Iron Hands|Heavy Slam|p1a: Landorus\n|-activate|p1a: Landorus|move: Protect\n|\n|-heal|p1b: Roaring Moon|38\/100|[from] Grassy Terrain\n|upkeep\n|turn|14\n|\n|t:|1700243858\n|move|p2b: Iron Bundle|Protect|p2b: Iron Bundle\n|-singleturn|p2b: Iron Bundle|Protect\n|move|p1a: Landorus|Sludge Bomb|p2a: Iron Hands\n|-damage|p2a: Iron Hands|75\/100\n|move|p1b: Roaring Moon|Knock Off|p2a: Iron Hands\n|-damage|p2a: Iron Hands|43\/100\n|-enditem|p2a: Iron Hands|Assault Vest|[from] move: Knock Off|[of] p1b: Roaring Moon\n|move|p2a: Iron Hands|Heavy Slam|p1a: Landorus\n|-damage|p1a: Landorus|0 fnt\n|faint|p1a: Landorus\n|\n|-heal|p1b: Roaring Moon|43\/100|[from] Grassy Terrain\n|-heal|p2a: Iron Hands|49\/100|[from] Grassy Terrain\n|-fieldend|move: Grassy Terrain\n|upkeep\n|turn|15\n|\n|t:|1700243875\n|move|p1b: Roaring Moon|Breaking Swipe|p2a: Iron Hands|[spread] p2a,p2b\n|-crit|p2a: Iron Hands\n|-damage|p2a: Iron Hands|26\/100\n|-damage|p2b: Iron Bundle|77\/100\n|-unboost|p2a: Iron Hands|atk|1\n|-unboost|p2b: Iron Bundle|atk|1\n|move|p2b: Iron Bundle|Freeze-Dry|p1b: Roaring Moon\n|-damage|p1b: Roaring Moon|17\/100\n|move|p2a: Iron Hands|Wild Charge|p1b: Roaring Moon\n|-damage|p1b: Roaring Moon|0 fnt\n|faint|p1b: Roaring Moon\n|-end|p1b: Roaring Moon|Protosynthesis|[silent]\n|-damage|p2a: Iron Hands|23\/100|[from] Recoil\n|\n|win|ChrissssVIGISI\n|c|\u2606ChrissssVIGISI|Gg\n|c|&|\/uhtml prompt-chrissssvigisi,ChrissssVIGISI is ready for game 2!\n|inactive|Cyalia12 has 50 seconds to confirm battle start!\n|c|\u2606Cyalia12|gg\n|c|&|\/uhtml prompt-cyalia12,Cyalia12 is ready for game 2!\nBoth players are ready! Starting next match!\n","uploadtime":1700244355,"views":24,"p1id":"cyalia12","p2id":"chrissssvigisi","formatid":"gen9vgc2023regulatione","rating":0,"private":0,"password":""}