{"id":"gen9vgc2023regulatione-1996044539","p1":"fukamiaoi","p2":"jimmyjinx","format":"[Gen 9] VGC 2023 Regulation E","log":"|j|\u2606fukamiaoi\n|j|\u2606jimmyjinx\n|t:|1700634514\n|gametype|doubles\n|player|p1|fukamiaoi|dawn-gen4pt|1075\n|player|p2|jimmyjinx|gentleman-gen4|1007\n|teamsize|p1|6\n|teamsize|p2|6\n|gen|9\n|tier|[Gen 9] VGC 2023 Regulation E\n|rated|\n|rule|Species Clause: Limit one of each Pok\u00e9mon\n|rule|Item Clause: Limit one of each item\n|clearpoke\n|poke|p1|Ogerpon-Wellspring, L50, F|\n|poke|p1|Iron Hands, L50|\n|poke|p1|Weezing, L50, M|\n|poke|p1|Landorus-Therian, L50, M|\n|poke|p1|Chandelure, L50, M|\n|poke|p1|Roaring Moon, L50|\n|poke|p2|Urshifu-*, L50, M|\n|poke|p2|Landorus-Therian, L50, M|\n|poke|p2|Masquerain, L50, M|\n|poke|p2|Abomasnow, L50, F|\n|poke|p2|Cetitan, L50, M|\n|poke|p2|Flutter Mane, L50|\n|teampreview|4\n|inactive|Battle timer is ON: inactive players will automatically lose when time's up. (requested by jimmyjinx)\n|inactive|fukamiaoi has 60 seconds left.\n|inactive|jimmyjinx has 60 seconds left.\n|\n|t:|1700634552\n|start\n|switch|p1a: Weezing|Weezing, L50, M|100\/100\n|switch|p1b: Chandelure|Chandelure, L50, M|100\/100\n|switch|p2a: Abomasnow|Abomasnow, L50, F|100\/100\n|switch|p2b: Masquerain|Masquerain, L50, M|100\/100\n|-ability|p1a: Weezing|Neutralizing Gas\n|turn|1\n|inactive|fukamiaoi has 30 seconds left.\n|\n|t:|1700634585\n|move|p2b: Masquerain|Tailwind|p2b: Masquerain\n|-sidestart|p2: jimmyjinx|move: Tailwind\n|move|p2a: Abomasnow|Blizzard|p1a: Weezing|[spread] p1b\n|-miss|p2a: Abomasnow|p1a: Weezing\n|-resisted|p1b: Chandelure\n|-damage|p1b: Chandelure|73\/100\n|move|p1b: Chandelure|Overheat|p2a: Abomasnow\n|-supereffective|p2a: Abomasnow\n|-crit|p2a: Abomasnow\n|-damage|p2a: Abomasnow|0 fnt\n|-unboost|p1b: Chandelure|spa|2\n|faint|p2a: Abomasnow\n|move|p1a: Weezing|Gunk Shot|p2b: Masquerain|[miss]\n|-miss|p1a: Weezing|p2b: Masquerain\n|\n|upkeep\n|inactive|jimmyjinx has 30 seconds left.\n|inactive|jimmyjinx has 20 seconds left.\n|\n|t:|1700634622\n|switch|p2a: Landorus|Landorus-Therian, L50, M|100\/100\n|turn|2\n|inactive|fukamiaoi has 30 seconds left.\n|\n|t:|1700634649\n|-terastallize|p1b: Chandelure|Grass\n|move|p2a: Landorus|Rock Slide|p1a: Weezing|[spread] p1a\n|-miss|p2a: Landorus|p1b: Chandelure\n|-damage|p1a: Weezing|84\/100\n|move|p2b: Masquerain|Blizzard|p1a: Weezing|[spread] p1a,p1b\n|-supereffective|p1b: Chandelure\n|-damage|p1a: Weezing|63\/100\n|-damage|p1b: Chandelure|20\/100\n|move|p1b: Chandelure|Overheat|p2b: Masquerain\n|-supereffective|p2b: Masquerain\n|-crit|p2b: Masquerain\n|-enditem|p2b: Masquerain|Focus Sash\n|-damage|p2b: Masquerain|1\/100\n|-unboost|p1b: Chandelure|spa|2\n|cant|p1a: Weezing|flinch\n|\n|upkeep\n|turn|3\n|inactive|fukamiaoi has 30 seconds left.\n|\n|t:|1700634678\n|switch|p1b: Iron Hands|Iron Hands, L50|100\/100\n|move|p1a: Weezing|Protect|p1a: Weezing\n|-singleturn|p1a: Weezing|Protect\n|move|p2a: Landorus|Rock Slide|p1a: Weezing|[spread] \n|-activate|p1a: Weezing|move: Protect\n|-miss|p2a: Landorus|p1b: Iron Hands\n|move|p2b: Masquerain|Sticky Web|p1b: Iron Hands\n|-sidestart|p1: fukamiaoi|move: Sticky Web\n|\n|upkeep\n|turn|4\n|\n|t:|1700634697\n|move|p1b: Iron Hands|Fake Out|p2a: Landorus\n|-damage|p2a: Landorus|84\/100\n|cant|p2a: Landorus|flinch\n|move|p2b: Masquerain|Blizzard|p1b: Iron Hands|[spread] p1a,p1b\n|-damage|p1a: Weezing|40\/100\n|-damage|p1b: Iron Hands|91\/100\n|-enditem|p1a: Weezing|Sitrus Berry|[eat]\n|-heal|p1a: Weezing|65\/100|[from] item: Sitrus Berry\n|move|p1a: Weezing|Will-O-Wisp|p2a: Landorus\n|-status|p2a: Landorus|brn\n|\n|-heal|p2a: Landorus|90\/100 brn|[from] item: Leftovers\n|-damage|p2a: Landorus|84\/100 brn|[from] brn\n|-sideend|p2: jimmyjinx|move: Tailwind\n|upkeep\n|turn|5\n|-message|jimmyjinx forfeited.\n|\n|win|fukamiaoi\n|raw|fukamiaoi's rating: 1075 &rarr; <strong>1098<\/strong><br \/>(+23 for winning)\n|raw|jimmyjinx's rating: 1007 &rarr; <strong>1000<\/strong><br \/>(-7 for losing)\n|l|\u2606jimmyjinx\n","uploadtime":1700634737,"views":6,"p1id":"fukamiaoi","p2id":"jimmyjinx","formatid":"gen9vgc2023regulatione","rating":1000,"private":0,"password":""}