{"id":"gen9vgc2023regulatione-1992831265","p1":"Lromy","p2":"Guakamou","format":"[Gen 9] VGC 2023 Regulation E","log":"|j|\u2606Lromy\n|j|\u2606Guakamou\n|n|\u2606Lromy|lromy\n|n|\u2606Guakamou|guakamou\n|html|View the match progress at <a href=\"\/game-bestof3-gen9vgc2023regulatione-1992831264\">game-bestof3-gen9vgc2023regulatione-1992831264<\/a>\n|t:|1700239214\n|gametype|doubles\n|player|p1|Lromy|artist-gen4|\n|player|p2|Guakamou|palmer|\n|teamsize|p1|6\n|teamsize|p2|6\n|gen|9\n|tier|[Gen 9] VGC 2023 Regulation E\n|rule|Species Clause: Limit one of each Pok\u00e9mon\n|rule|Item Clause: Limit one of each item\n|clearpoke\n|poke|p1|Pelipper, L50, M|\n|poke|p1|Urshifu-*, L50, M|\n|poke|p1|Salamence, L50, F|\n|poke|p1|Gholdengo, L50|\n|poke|p1|Iron Hands, L50|\n|poke|p1|Amoonguss, L50, F|\n|poke|p2|Heatran, L50, F|\n|poke|p2|Landorus-Therian, L50, M|\n|poke|p2|Iron Hands, L50|\n|poke|p2|Iron Bundle, L50|\n|poke|p2|Rillaboom, L50, F|\n|poke|p2|Ogerpon-Hearthflame, L50, F|\n|teampreview|4\n|inactive|Battle timer is ON: inactive players will automatically lose when time's up. (requested by Lromy)\nLromy has agreed to open team sheets.\nGuakamou has agreed to open team sheets.\n|showteam|p1|Pelipper||FocusSash|Drizzle|Hurricane,WeatherBall,WideGuard,Protect|||M|||50|,,,,,Ghost]Urshifu-Rapid-Strike||ChoiceScarf|UnseenFist|SurgingStrikes,CloseCombat,AquaJet,Uturn|||M|||50|,,,,,Poison]Salamence||LifeOrb|Intimidate|Hurricane,DracoMeteor,Tailwind,Protect|||F|||50|,,,,,Steel]Gholdengo||SitrusBerry|GoodasGold|MakeItRain,ShadowBall,NastyPlot,Protect||||||50|,,,,,Dragon]Iron Hands||AssaultVest|QuarkDrive|DrainPunch,WildCharge,HeavySlam,FakeOut||||||50|,,,,,Grass]Amoonguss||MentalHerb|Regenerator|PollenPuff,RagePowder,Spore,Protect|||F|||50|,,,,,Water\n|showteam|p2|Heatran||LifeOrb|FlashFire|HeatWave,EarthPower,FlashCannon,Protect|||F|||50|,,,,,Fairy]Landorus-Therian||ChoiceScarf|Intimidate|TeraBlast,Uturn,RockSlide,StompingTantrum|||M|||50|,,,,,Flying]Iron Hands||AssaultVest|QuarkDrive|FakeOut,WildCharge,DrainPunch,HeavySlam||||||50|,,,,,Water]Iron Bundle||BoosterEnergy|QuarkDrive|IcyWind,Encore,FreezeDry,Protect||||||50|,,,,,Ghost]Rillaboom||MiracleSeed|GrassySurge|FakeOut,WoodHammer,Uturn,GrassyGlide|||F|||50|,,,,,Grass]Ogerpon-Hearthflame||HearthflameMask|MoldBreaker|IvyCudgel,GrassyGlide,SwordsDance,SpikyShield|||F|||50|,,,,,Fire\n|c|\u2606Guakamou|gl bro\n|c|\u2606Lromy|Gl frerito\n|inactive|Lromy has 30 seconds left.\n|inactive|Guakamou has 30 seconds left.\n|inactive|Lromy has 20 seconds left.\n|inactive|Guakamou has 20 seconds left.\n|\n|t:|1700239257\n|start\n|switch|p1a: Salamence|Salamence, L50, F|100\/100\n|switch|p1b: Gholdengo|Gholdengo, L50|100\/100\n|switch|p2a: Iron Bundle|Iron Bundle, L50|100\/100\n|switch|p2b: Heatran|Heatran, L50, F|100\/100\n|-ability|p1a: Salamence|Intimidate|boost\n|-unboost|p2a: Iron Bundle|atk|1\n|-unboost|p2b: Heatran|atk|1\n|-enditem|p2a: Iron Bundle|Booster Energy\n|-activate|p2a: Iron Bundle|ability: Quark Drive|[fromitem]\n|-start|p2a: Iron Bundle|quarkdrivespe\n|turn|1\n|\n|t:|1700239278\n|switch|p1b: Pelipper|Pelipper, L50, M|100\/100\n|-weather|RainDance|[from] ability: Drizzle|[of] p1b: Pelipper\n|-terastallize|p1a: Salamence|Steel\n|move|p2a: Iron Bundle|Icy Wind|p1a: Salamence|[spread] p1a,p1b\n|-resisted|p1a: Salamence\n|-damage|p1a: Salamence|89\/100\n|-damage|p1b: Pelipper|71\/100\n|-unboost|p1a: Salamence|spe|1\n|-unboost|p1b: Pelipper|spe|1\n|move|p1a: Salamence|Hurricane|p2a: Iron Bundle\n|-damage|p2a: Iron Bundle|5\/100\n|-damage|p1a: Salamence|79\/100|[from] item: Life Orb\n|move|p2b: Heatran|Heat Wave|p1b: Pelipper|[spread] p1a,p1b\n|-supereffective|p1a: Salamence\n|-resisted|p1b: Pelipper\n|-damage|p1a: Salamence|21\/100\n|-damage|p1b: Pelipper|50\/100\n|-damage|p2b: Heatran|91\/100|[from] item: Life Orb\n|\n|-weather|RainDance|[upkeep]\n|upkeep\n|turn|2\n|inactive|Lromy has 30 seconds left.\n|inactive|Guakamou has 30 seconds left.\n|inactive|Lromy has 20 seconds left.\n|inactive|Guakamou has 20 seconds left.\n|inactive|Guakamou has 15 seconds left.\n|inactive|Guakamou has 10 seconds left.\n|\n|t:|1700239327\n|move|p1b: Pelipper|Protect|p1b: Pelipper\n|-singleturn|p1b: Pelipper|Protect\n|move|p2a: Iron Bundle|Freeze-Dry|p1b: Pelipper\n|-activate|p1b: Pelipper|move: Protect\n|move|p1a: Salamence|Tailwind|p1a: Salamence\n|-sidestart|p1: Lromy|move: Tailwind\n|move|p2b: Heatran|Earth Power|p1a: Salamence\n|-supereffective|p1a: Salamence\n|-damage|p1a: Salamence|0 fnt\n|faint|p1a: Salamence\n|-damage|p2b: Heatran|81\/100|[from] item: Life Orb\n|\n|-weather|RainDance|[upkeep]\n|upkeep\n|\n|t:|1700239341\n|switch|p1a: Iron Hands|Iron Hands, L50|100\/100\n|turn|3\n|\n|t:|1700239360\n|switch|p2b: Iron Hands|Iron Hands, L50|100\/100\n|move|p2a: Iron Bundle|Protect|p2a: Iron Bundle\n|-singleturn|p2a: Iron Bundle|Protect\n|move|p1a: Iron Hands|Fake Out|p2a: Iron Bundle\n|-activate|p2a: Iron Bundle|move: Protect\n|move|p1b: Pelipper|Weather Ball|p2b: Iron Hands\n|-damage|p2b: Iron Hands|63\/100\n|\n|-weather|RainDance|[upkeep]\n|upkeep\n|turn|4\n|\n|t:|1700239381\n|move|p2a: Iron Bundle|Encore|p1a: Iron Hands\n|-start|p1a: Iron Hands|Encore\n|move|p1b: Pelipper|Weather Ball|p2a: Iron Bundle\n|-resisted|p2a: Iron Bundle\n|-damage|p2a: Iron Bundle|0 fnt\n|faint|p2a: Iron Bundle\n|-end|p2a: Iron Bundle|Quark Drive|[silent]\n|move|p1a: Iron Hands|Fake Out||[still]\n|-hint|Fake Out only works on your first turn out.\n|-fail|p1a: Iron Hands\n|move|p2b: Iron Hands|Wild Charge|p1b: Pelipper\n|-supereffective|p1b: Pelipper\n|-damage|p1b: Pelipper|0 fnt\n|faint|p1b: Pelipper\n|-damage|p2b: Iron Hands|56\/100|[from] Recoil\n|\n|-weather|RainDance|[upkeep]\n|upkeep\n|\n|t:|1700239394\n|switch|p2a: Heatran|Heatran, L50, F|81\/100\n|switch|p1b: Gholdengo|Gholdengo, L50|100\/100\n|turn|5\n|inactive|Lromy has 30 seconds left.\n|\n|t:|1700239422\n|move|p1a: Iron Hands|Fake Out||[still]\n|-hint|Fake Out only works on your first turn out.\n|-fail|p1a: Iron Hands\n|move|p1b: Gholdengo|Nasty Plot|p1b: Gholdengo\n|-boost|p1b: Gholdengo|spa|2\n|move|p2a: Heatran|Earth Power|p1b: Gholdengo\n|-supereffective|p1b: Gholdengo\n|-damage|p1b: Gholdengo|6\/100\n|-enditem|p1b: Gholdengo|Sitrus Berry|[eat]\n|-heal|p1b: Gholdengo|31\/100|[from] item: Sitrus Berry\n|-damage|p2a: Heatran|72\/100|[from] item: Life Orb\n|move|p2b: Iron Hands|Drain Punch|p1a: Iron Hands\n|-damage|p1a: Iron Hands|70\/100\n|-heal|p2b: Iron Hands|71\/100|[from] drain|[of] p1a: Iron Hands\n|\n|-weather|none\n|-sideend|p1: Lromy|move: Tailwind\n|upkeep\n|turn|6\n|\n|t:|1700239444\n|move|p1b: Gholdengo|Protect|p1b: Gholdengo\n|-singleturn|p1b: Gholdengo|Protect\n|move|p1a: Iron Hands|Fake Out||[still]\n|-hint|Fake Out only works on your first turn out.\n|-fail|p1a: Iron Hands\n|move|p2a: Heatran|Earth Power|p1a: Iron Hands\n|-supereffective|p1a: Iron Hands\n|-damage|p1a: Iron Hands|22\/100\n|-damage|p2a: Heatran|62\/100|[from] item: Life Orb\n|move|p2b: Iron Hands|Wild Charge|p1b: Gholdengo\n|-activate|p1b: Gholdengo|move: Protect\n|\n|-end|p1a: Iron Hands|Encore\n|upkeep\n|turn|7\n|\n|t:|1700239456\n|move|p1b: Gholdengo|Shadow Ball|p2b: Iron Hands\n|-damage|p2b: Iron Hands|30\/100\n|move|p2a: Heatran|Earth Power|p1a: Iron Hands\n|-supereffective|p1a: Iron Hands\n|-damage|p1a: Iron Hands|0 fnt\n|faint|p1a: Iron Hands\n|-end|p1a: Iron Hands|Quark Drive|[silent]\n|-damage|p2a: Heatran|53\/100|[from] item: Life Orb\n|move|p2b: Iron Hands|Wild Charge|p1b: Gholdengo\n|-damage|p1b: Gholdengo|0 fnt\n|faint|p1b: Gholdengo\n|-damage|p2b: Iron Hands|23\/100|[from] Recoil\n|\n|win|Guakamou\n|c|&|\/uhtml prompt-lromy,Lromy is ready for game 2!\n|inactive|Guakamou has 50 seconds to confirm battle start!\n|c|&|\/uhtml prompt-guakamou,Guakamou is ready for game 2!\nBoth players are ready! Starting next match!\n|l|\u2606Lromy\n|j|\u2606Lromy\n|player|p1|Lromy|artist-gen4\n|l|\u2606Lromy\n|player|p1|\n","uploadtime":1700239914,"views":20,"p1id":"lromy","p2id":"guakamou","formatid":"gen9vgc2023regulatione","rating":0,"private":0,"password":""}