{"id":"gen9vgc2023regulatione-1990719655","p1":"BowB4Bidoof","p2":"MrinalFace","format":"[Gen 9] VGC 2023 Regulation E","log":"|j|\u2606BowB4Bidoof\n|j|\u2606MrinalFace\n|t:|1699994587\n|gametype|doubles\n|player|p1|BowB4Bidoof|1|1087\n|player|p2|MrinalFace|102|1043\n|teamsize|p1|6\n|teamsize|p2|6\n|gen|9\n|tier|[Gen 9] VGC 2023 Regulation E\n|rated|\n|rule|Species Clause: Limit one of each Pok\u00e9mon\n|rule|Item Clause: Limit one of each item\n|clearpoke\n|poke|p1|Gholdengo, L50|\n|poke|p1|Volbeat, L50, M|\n|poke|p1|Ambipom, L50, F|\n|poke|p1|Dipplin, L50, F|\n|poke|p1|Ceruledge, L50, M|\n|poke|p1|Muk-Alola, L50, F|\n|poke|p2|Goodra-Hisui, L50, F|\n|poke|p2|Amoonguss, L50, F|\n|poke|p2|Hatterene, L50, F|\n|poke|p2|Lurantis, L50, F|\n|poke|p2|Bronzong, L50|\n|poke|p2|Rillaboom, L50, F|\n|teampreview|4\n|inactive|Battle timer is ON: inactive players will automatically lose when time's up. (requested by BowB4Bidoof)\n|\n|t:|1699994621\n|start\n|switch|p1a: Not Yo FRIEND|Volbeat, L50, M, shiny|100\/100\n|switch|p1b: HIGH FIVE|Ambipom, L50, F, shiny|100\/100\n|switch|p2a: Lurantis|Lurantis, L50, F|100\/100\n|switch|p2b: Hatterene|Hatterene, L50, F|100\/100\n|turn|1\n|inactive|MrinalFace has 30 seconds left.\n|inactive|MrinalFace has 20 seconds left.\n|\n|t:|1699994661\n|move|p2a: Lurantis|Protect|p2a: Lurantis\n|-singleturn|p2a: Lurantis|Protect\n|move|p1b: HIGH FIVE|Fake Out|p2b: Hatterene\n|-damage|p2b: Hatterene|60\/100\n|-damage|p1b: HIGH FIVE|90\/100|[from] item: Life Orb\n|move|p1a: Not Yo FRIEND|Tail Glow|p1a: Not Yo FRIEND\n|-boost|p1a: Not Yo FRIEND|spa|3\n|cant|p2b: Hatterene|flinch\n|\n|upkeep\n|turn|2\n|inactive|MrinalFace has 30 seconds left.\n|\n|t:|1699994691\n|-terastallize|p2b: Hatterene|Steel\n|move|p1a: Not Yo FRIEND|Tail Glow|p1a: Not Yo FRIEND\n|-boost|p1a: Not Yo FRIEND|spa|3\n|move|p1b: HIGH FIVE|Aerial Ace|p2a: Lurantis\n|-supereffective|p2a: Lurantis\n|-damage|p2a: Lurantis|20\/100\n|-enditem|p2a: Lurantis|Figy Berry|[eat]\n|-heal|p2a: Lurantis|53\/100|[from] item: Figy Berry\n|-damage|p1b: HIGH FIVE|80\/100|[from] item: Life Orb\n|move|p2a: Lurantis|Pollen Puff|p2b: Hatterene\n|-heal|p2b: Hatterene|100\/100\n|move|p2b: Hatterene|Trick Room|p2b: Hatterene\n|-fieldstart|move: Trick Room|[of] p2b: Hatterene\n|\n|upkeep\n|turn|3\n|\n|t:|1699994710\n|move|p2b: Hatterene|Skill Swap|p2a: Lurantis\n|-activate|p2b: Hatterene|move: Skill Swap|||[of] p2a: Lurantis\n|move|p2a: Lurantis|Synthesis|p2a: Lurantis\n|-heal|p2a: Lurantis|100\/100\n|move|p1a: Not Yo FRIEND|Struggle Bug|p2b: Hatterene|[spread] p2a,p2b\n|-supereffective|p2a: Lurantis\n|-resisted|p2b: Hatterene\n|-damage|p2a: Lurantis|59\/100\n|-damage|p2b: Hatterene|88\/100\n|-unboost|p2a: Lurantis|spa|1\n|-boost|p2b: Hatterene|spa|1\n|move|p1b: HIGH FIVE|Aerial Ace|p2b: Hatterene\n|-resisted|p2b: Hatterene\n|-damage|p2b: Hatterene|68\/100\n|-damage|p1b: HIGH FIVE|70\/100|[from] item: Life Orb\n|\n|upkeep\n|turn|4\n|\n|t:|1699994734\n|switch|p2a: Goodra|Goodra-Hisui, L50, F|100\/100\n|switch|p1b: SkyHigh Da-Fence|Dipplin, L50, F, shiny|100\/100\n|move|p1a: Not Yo FRIEND|Protect|p1a: Not Yo FRIEND\n|-singleturn|p1a: Not Yo FRIEND|Protect\n|move|p2b: Hatterene|Skill Swap|p2a: Goodra\n|-activate|p2b: Hatterene|move: Skill Swap|||[of] p2a: Goodra\n|\n|upkeep\n|turn|5\n|inactive|BowB4Bidoof has 30 seconds left.\n|\n|t:|1699994763\n|move|p1b: SkyHigh Da-Fence|Protect|p1b: SkyHigh Da-Fence\n|-singleturn|p1b: SkyHigh Da-Fence|Protect\n|move|p2b: Hatterene|Life Dew||[still]|[spread] p2a,p2b\n|-fail|p2a: Goodra|heal\n|-heal|p2b: Hatterene|93\/100\n|move|p2a: Goodra|Draco Meteor|p1a: Not Yo FRIEND\n|-damage|p1a: Not Yo FRIEND|11\/100\n|-boost|p2a: Goodra|spa|2\n|move|p1a: Not Yo FRIEND|Struggle Bug|p2a: Goodra|[spread] p2a,p2b\n|-resisted|p2a: Goodra\n|-resisted|p2b: Hatterene\n|-crit|p2b: Hatterene\n|-damage|p2a: Goodra|93\/100\n|-damage|p2b: Hatterene|75\/100\n|-boost|p2a: Goodra|spa|1\n|-unboost|p2b: Hatterene|spa|1\n|\n|upkeep\n|turn|6\n|inactive|BowB4Bidoof has 30 seconds left.\n|inactive|BowB4Bidoof has 20 seconds left.\n|inactive|BowB4Bidoof has 15 seconds left.\n|\n|t:|1699994804\n|move|p1a: Not Yo FRIEND|Baton Pass|p1a: Not Yo FRIEND\n|\n|t:|1699994807\n|switch|p1a: Not Your Buddy GUY|Gholdengo, L50, shiny|100\/100|[from] Baton Pass\n|move|p2b: Hatterene|Life Dew|p2b: Hatterene|[spread] p2a,p2b\n|-heal|p2a: Goodra|100\/100\n|-heal|p2b: Hatterene|99\/100\n|move|p1b: SkyHigh Da-Fence|Giga Drain|p2a: Goodra\n|-resisted|p2a: Goodra\n|-damage|p2a: Goodra|97\/100\n|move|p2a: Goodra|Draco Meteor|p1b: SkyHigh Da-Fence\n|-supereffective|p1b: SkyHigh Da-Fence\n|-damage|p1b: SkyHigh Da-Fence|0 fnt\n|-boost|p2a: Goodra|spa|2\n|faint|p1b: SkyHigh Da-Fence\n|\n|-fieldend|move: Trick Room\n|upkeep\n|\n|t:|1699994822\n|switch|p1b: HIGH FIVE|Ambipom, L50, F, shiny|70\/100\n|turn|7\n|\n|t:|1699994845\n|-terastallize|p1a: Not Your Buddy GUY|Steel\n|move|p1b: HIGH FIVE|Fake Out|p2a: Goodra\n|-resisted|p2a: Goodra\n|-damage|p2a: Goodra|79\/100\n|-damage|p1b: HIGH FIVE|60\/100|[from] item: Life Orb\n|move|p1a: Not Your Buddy GUY|Dazzling Gleam|p2b: Hatterene|[spread] p2a,p2b\n|-resisted|p2b: Hatterene\n|-damage|p2a: Goodra|37\/100\n|-damage|p2b: Hatterene|61\/100\n|cant|p2a: Goodra|flinch\n|move|p2b: Hatterene|Trick Room|p2b: Hatterene\n|-fieldstart|move: Trick Room|[of] p2b: Hatterene\n|\n|upkeep\n|turn|8\n|\n|t:|1699994863\n|move|p2b: Hatterene|Life Dew|p2b: Hatterene|[spread] p2a,p2b\n|-heal|p2a: Goodra|62\/100\n|-heal|p2b: Hatterene|86\/100\n|move|p2a: Goodra|Flamethrower|p1a: Not Your Buddy GUY\n|-supereffective|p1a: Not Your Buddy GUY\n|-damage|p1a: Not Your Buddy GUY|0 fnt\n|faint|p1a: Not Your Buddy GUY\n|move|p1b: HIGH FIVE|Double Hit|p2b: Hatterene\n|-resisted|p2b: Hatterene\n|-damage|p2b: Hatterene|71\/100\n|-ability|p2b: Hatterene|Gooey\n|-unboost|p1b: HIGH FIVE|spe|1\n|-resisted|p2b: Hatterene\n|-damage|p2b: Hatterene|54\/100\n|-ability|p2b: Hatterene|Gooey\n|-unboost|p1b: HIGH FIVE|spe|1\n|-hitcount|p2b: Hatterene|2\n|-damage|p1b: HIGH FIVE|50\/100|[from] item: Life Orb\n|\n|upkeep\n|\n|t:|1699994881\n|switch|p1a: Not Yo FRIEND|Volbeat, L50, M, shiny|11\/100\n|turn|9\n|\n|t:|1699994895\n|move|p1a: Not Yo FRIEND|Protect|p1a: Not Yo FRIEND\n|-singleturn|p1a: Not Yo FRIEND|Protect\n|move|p2b: Hatterene|Life Dew|p2b: Hatterene|[spread] p2a,p2b\n|-heal|p2a: Goodra|87\/100\n|-heal|p2b: Hatterene|79\/100\n|move|p2a: Goodra|Draco Meteor|p1b: HIGH FIVE\n|-damage|p1b: HIGH FIVE|0 fnt\n|-boost|p2a: Goodra|spa|1\n|faint|p1b: HIGH FIVE\n|\n|upkeep\n|turn|10\n|inactive|MrinalFace has 30 seconds left.\n|inactive|MrinalFace has 20 seconds left.\n|c|\u2606BowB4Bidoof|Why are all the trick room teams out today? lol\n|inactive|MrinalFace has 15 seconds left.\n|c|\u2606MrinalFace|gg lol\n|inactive|MrinalFace has 10 seconds left.\n|c|\u2606BowB4Bidoof|gg neat team\n|inactive|MrinalFace has 5 seconds left.\n|c|\u2606MrinalFace|ahahaha contrary team this is\n|\n|t:|1699994950\n|move|p2a: Goodra|Flamethrower|p1a: Not Yo FRIEND\n|-supereffective|p1a: Not Yo FRIEND\n|-damage|p1a: Not Yo FRIEND|0 fnt\n|faint|p1a: Not Yo FRIEND\n|\n|win|MrinalFace\n|raw|BowB4Bidoof's rating: 1087 &rarr; <strong>1061<\/strong><br \/>(-26 for losing)\n|raw|MrinalFace's rating: 1043 &rarr; <strong>1081<\/strong><br \/>(+38 for winning)\n|l|\u2606BowB4Bidoof\n","uploadtime":1699994987,"views":8,"p1id":"bowb4bidoof","p2id":"mrinalface","formatid":"gen9vgc2023regulatione","rating":1061,"private":0,"password":""}