{"id":"gen9vgc2023regulatione-1993840460","p1":"wingwingy55","p2":"JORUNNA","format":"[Gen 9] VGC 2023 Regulation E","log":"|j|\u2606wingwingy55\n|j|\u2606JORUNNA\n|t:|1700363847\n|gametype|doubles\n|player|p1|wingwingy55|preschooler|1154\n|player|p2|JORUNNA|pokefanf-gen4|1156\n|teamsize|p1|6\n|teamsize|p2|6\n|gen|9\n|tier|[Gen 9] VGC 2023 Regulation E\n|rated|\n|rule|Species Clause: Limit one of each Pok\u00e9mon\n|rule|Item Clause: Limit one of each item\n|clearpoke\n|poke|p1|Dragapult, L50, M|\n|poke|p1|Arcanine-Hisui, L50, F|\n|poke|p1|Ogerpon, L50, F|\n|poke|p1|Iron Hands, L50|\n|poke|p1|Chien-Pao, L50|\n|poke|p1|Spectrier, L50|\n|poke|p2|Ogerpon-Wellspring, L50, F|\n|poke|p2|Dragapult, L50, M|\n|poke|p2|Urshifu-*, L50, F|\n|poke|p2|Chien-Pao, L50|\n|poke|p2|Tornadus, L50, M|\n|poke|p2|Clefairy, L50, F|\n|teampreview|4\n|inactive|Battle timer is ON: inactive players will automatically lose when time's up. (requested by JORUNNA)\nJORUNNA has agreed to open team sheets.\n|\n|t:|1700363868\n|start\n|switch|p1a: Spectrier|Spectrier, L50|100\/100\n|switch|p1b: Rock Dog|Arcanine-Hisui, L50, F|100\/100\n|switch|p2a: Ogerpon|Ogerpon-Wellspring, L50, F|100\/100\n|switch|p2b: Dragapult|Dragapult, L50, M|100\/100\n|-ability|p1b: Rock Dog|Intimidate|boost\n|-unboost|p2a: Ogerpon|atk|1\n|-fail|p2b: Dragapult|unboost|[from] ability: Clear Body|[of] p2b: Dragapult\n|turn|1\n|l|\u2606wingwingy55\n|inactive|wingwingy55 disconnected and has a minute to reconnect!\n|player|p1|\n|j|\u2606wingwingy55\n|inactive|wingwingy55 reconnected and has 35 seconds left.\n|player|p1|wingwingy55|preschooler\n|inactive|wingwingy55 has 30 seconds left.\n|inactive|wingwingy55 has 20 seconds left.\n|inactive|wingwingy55 has 15 seconds left.\n|\n|t:|1700363912\n|move|p2b: Dragapult|Phantom Force||[still]\n|-prepare|p2b: Dragapult|Phantom Force\n|move|p1a: Spectrier|Nasty Plot|p1a: Spectrier\n|-boost|p1a: Spectrier|spa|2\n|move|p1b: Rock Dog|Rock Slide|p2a: Ogerpon|[spread] p2a\n|-miss|p1b: Rock Dog|p2b: Dragapult\n|-crit|p2a: Ogerpon\n|-damage|p2a: Ogerpon|56\/100\n|cant|p2a: Ogerpon|flinch\n|\n|upkeep\n|turn|2\n|\n|t:|1700363930\n|-terastallize|p1a: Spectrier|Fairy\n|move|p2a: Ogerpon|Follow Me|p2a: Ogerpon\n|-singleturn|p2a: Ogerpon|move: Follow Me\n|move|p2b: Dragapult|Phantom Force|p1a: Spectrier|[from]lockedmove\n|-damage|p1a: Spectrier|5\/100\n|move|p1a: Spectrier|Draining Kiss|p2a: Ogerpon\n|-damage|p2a: Ogerpon|0 fnt\n|-heal|p1a: Spectrier|45\/100|[from] drain|[of] p2a: Ogerpon\n|faint|p2a: Ogerpon\n|-ability|p1a: Spectrier|Grim Neigh|boost\n|-boost|p1a: Spectrier|spa|1\n|move|p1b: Rock Dog|Rock Slide|p2b: Dragapult\n|-damage|p2b: Dragapult|54\/100\n|\n|-heal|p1a: Spectrier|51\/100|[from] item: Leftovers\n|upkeep\n|\n|t:|1700363939\n|switch|p2a: Tornadus|Tornadus, L50, M|100\/100\n|turn|3\n|\n|t:|1700363959\n|switch|p2a: pipppiii!!|Clefairy, L50, F, shiny|100\/100\n|move|p2b: Dragapult|Phantom Force||[still]\n|-prepare|p2b: Dragapult|Phantom Force\n|move|p1a: Spectrier|Draining Kiss|p2b: Dragapult|[miss]\n|-miss|p1a: Spectrier|p2b: Dragapult\n|move|p1b: Rock Dog|Rock Slide|p2a: pipppiii!!|[spread] p2a\n|-miss|p1b: Rock Dog|p2b: Dragapult\n|-damage|p2a: pipppiii!!|71\/100\n|\n|-heal|p1a: Spectrier|57\/100|[from] item: Leftovers\n|upkeep\n|turn|4\n|\n|t:|1700363982\n|move|p2b: Dragapult|Phantom Force|p1a: Spectrier|[from]lockedmove\n|-damage|p1a: Spectrier|0 fnt\n|faint|p1a: Spectrier\n|move|p1b: Rock Dog|Flare Blitz|p2a: pipppiii!!\n|-damage|p2a: pipppiii!!|5\/100\n|-status|p2a: pipppiii!!|brn\n|-damage|p1b: Rock Dog|78\/100|[from] Recoil\n|move|p2a: pipppiii!!|Heal Pulse|p2b: Dragapult\n|-heal|p2b: Dragapult|100\/100\n|\n|-damage|p2a: pipppiii!!|0 fnt|[from] brn\n|faint|p2a: pipppiii!!\n|upkeep\n|\n|t:|1700363990\n|switch|p1a: Dragapult|Dragapult, L50, M, shiny|100\/100\n|switch|p2a: Tornadus|Tornadus, L50, M|100\/100\n|turn|5\n|\n|t:|1700364002\n|move|p2a: Tornadus|Tailwind|p2a: Tornadus\n|-sidestart|p2: JORUNNA|move: Tailwind\n|move|p2b: Dragapult|Phantom Force||[still]\n|-prepare|p2b: Dragapult|Phantom Force\n|move|p1a: Dragapult|Dragon Darts|p2a: Tornadus\n|-damage|p2a: Tornadus|62\/100\n|-anim|p1a: Dragapult|Dragon Darts|p2a: Tornadus\n|-damage|p2a: Tornadus|19\/100\n|-damage|p1a: Dragapult|90\/100|[from] item: Life Orb\n|move|p1b: Rock Dog|Rock Slide|p2b: Dragapult|[spread] p2a\n|-miss|p1b: Rock Dog|p2b: Dragapult\n|-supereffective|p2a: Tornadus\n|-damage|p2a: Tornadus|0 fnt\n|faint|p2a: Tornadus\n|\n|upkeep\n|turn|6\n|\n|t:|1700364017\n|switch|p1a: Ogerpon|Ogerpon, L50, F|100\/100\n|move|p2b: Dragapult|Phantom Force|p1a: Ogerpon|[from]lockedmove\n|-damage|p1a: Ogerpon|19\/100\n|move|p1b: Rock Dog|Flare Blitz|p2b: Dragapult\n|-resisted|p2b: Dragapult\n|-damage|p2b: Dragapult|64\/100\n|-damage|p1b: Rock Dog|67\/100|[from] Recoil\n|\n|upkeep\n|turn|7\n|\n|t:|1700364037\n|move|p1a: Ogerpon|Spiky Shield|p1a: Ogerpon\n|-singleturn|p1a: Ogerpon|move: Protect\n|move|p2b: Dragapult|Phantom Force||[still]\n|-prepare|p2b: Dragapult|Phantom Force\n|move|p1b: Rock Dog|Howl|p1b: Rock Dog|[spread] p1a,p1b\n|-boost|p1a: Ogerpon|atk|1\n|-boost|p1b: Rock Dog|atk|1\n|\n|upkeep\n|turn|8\n|\n|t:|1700364047\n|move|p2b: Dragapult|Phantom Force|p1a: Ogerpon|[from]lockedmove\n|-damage|p1a: Ogerpon|0 fnt\n|faint|p1a: Ogerpon\n|move|p1b: Rock Dog|Rock Slide|p2b: Dragapult|[miss]\n|-miss|p1b: Rock Dog|p2b: Dragapult\n|\n|-sideend|p2: JORUNNA|move: Tailwind\n|upkeep\n|\n|t:|1700364053\n|switch|p1a: Dragapult|Dragapult, L50, M, shiny|90\/100\n|turn|9\n|\n|t:|1700364063\n|move|p2b: Dragapult|Phantom Force||[still]\n|-prepare|p2b: Dragapult|Phantom Force\n|move|p1a: Dragapult|Phantom Force||[still]\n|-prepare|p1a: Dragapult|Phantom Force\n|move|p1b: Rock Dog|Rock Slide|p2b: Dragapult|[miss]\n|-miss|p1b: Rock Dog|p2b: Dragapult\n|\n|upkeep\n|turn|10\n|\n|t:|1700364070\n|move|p2b: Dragapult|Phantom Force|p1a: Dragapult|[from]lockedmove|[miss]\n|-miss|p2b: Dragapult|p1a: Dragapult\n|move|p1a: Dragapult|Phantom Force|p2b: Dragapult|[from]lockedmove\n|-supereffective|p2b: Dragapult\n|-damage|p2b: Dragapult|0 fnt\n|faint|p2b: Dragapult\n|-damage|p1a: Dragapult|80\/100|[from] item: Life Orb\n|\n|win|wingwingy55\n|raw|wingwingy55's rating: 1154 &rarr; <strong>1179<\/strong><br \/>(+25 for winning)\n|raw|JORUNNA's rating: 1156 &rarr; <strong>1131<\/strong><br \/>(-25 for losing)\n|l|\u2606JORUNNA\n","uploadtime":1700364101,"views":17,"p1id":"wingwingy55","p2id":"jorunna","formatid":"gen9vgc2023regulatione","rating":1131,"private":0,"password":""}