{"id":"gen9vgc2023regulatione-1994944006","p1":"jaehaerys_the_old","p2":"taco_bowl_mx","format":"[Gen 9] VGC 2023 Regulation E","log":"|j|\u2606jaehaerys_the_old\n|j|\u2606taco_bowl_mx\n|t:|1700506855\n|gametype|doubles\n|player|p1|jaehaerys_the_old|1|1416\n|player|p2|taco_bowl_mx|dawn-gen4pt|1420\n|teamsize|p1|6\n|teamsize|p2|6\n|gen|9\n|tier|[Gen 9] VGC 2023 Regulation E\n|rated|\n|rule|Species Clause: Limit one of each Pok\u00e9mon\n|rule|Item Clause: Limit one of each item\n|clearpoke\n|poke|p1|Annihilape, L50, F|\n|poke|p1|Amoonguss, L50, M|\n|poke|p1|Tornadus, L50, M|\n|poke|p1|Arcanine-Hisui, L50, M|\n|poke|p1|Iron Hands, L50|\n|poke|p1|Urshifu-*, L50, F|\n|poke|p2|Flutter Mane, L50|\n|poke|p2|Chien-Pao, L50|\n|poke|p2|Iron Hands, L50|\n|poke|p2|Heatran, L50, F|\n|poke|p2|Ogerpon-Wellspring, L50, F|\n|poke|p2|Landorus-Therian, L50, M|\n|teampreview|4\ntaco_bowl_mx has agreed to open team sheets.\n|inactive|Battle timer is ON: inactive players will automatically lose when time's up. (requested by taco_bowl_mx)\n|inactive|jaehaerys_the_old has 60 seconds left.\n|inactive|taco_bowl_mx has 60 seconds left.\n|inactive|jaehaerys_the_old has 30 seconds left.\n|\n|t:|1700506930\n|start\n|switch|p1a: Tornadus|Tornadus, L50, M|100\/100\n|switch|p1b: Urshifu|Urshifu-Rapid-Strike, L50, F|100\/100\n|switch|p2a: Iron Hands|Iron Hands, L50, shiny|100\/100\n|switch|p2b: Flutter Mane|Flutter Mane, L50|100\/100\n|turn|1\n|inactive|jaehaerys_the_old has 30 seconds left.\n|inactive|taco_bowl_mx has 30 seconds left.\n|\n|t:|1700506958\n|move|p1b: Urshifu|Detect|p1b: Urshifu\n|-singleturn|p1b: Urshifu|Protect\n|move|p2a: Iron Hands|Fake Out|p1b: Urshifu\n|-activate|p1b: Urshifu|move: Protect\n|move|p1a: Tornadus|Tailwind|p1a: Tornadus\n|-sidestart|p1: jaehaerys_the_old|move: Tailwind\n|move|p2b: Flutter Mane|Moonblast|p1a: Tornadus\n|-damage|p1a: Tornadus|7\/100\n|\n|upkeep\n|turn|2\n|inactive|jaehaerys_the_old has 30 seconds left.\n|inactive|taco_bowl_mx has 30 seconds left.\n|\n|t:|1700506991\n|-end|p2b: Flutter Mane|Protosynthesis|[silent]\n|switch|p2b: Chien-Pao|Chien-Pao, L50|100\/100\n|-ability|p2b: Chien-Pao|Sword of Ruin\n|-terastallize|p1b: Urshifu|Water\n|move|p1a: Tornadus|Rain Dance|p1a: Tornadus\n|-weather|RainDance\n|move|p1b: Urshifu|Surging Strikes|p2a: Iron Hands\n|-crit|p2a: Iron Hands\n|-damage|p2a: Iron Hands|54\/100\n|-crit|p2a: Iron Hands\n|-damage|p2a: Iron Hands|13\/100\n|-crit|p2a: Iron Hands\n|-damage|p2a: Iron Hands|0 fnt\n|faint|p2a: Iron Hands\n|-end|p2a: Iron Hands|Quark Drive|[silent]\n|-hitcount|p2: Iron Hands|3\n|\n|-weather|RainDance|[upkeep]\n|upkeep\n|\n|t:|1700507005\n|switch|p2a: Flutter Mane|Flutter Mane, L50|100\/100\n|turn|3\n|\n|t:|1700507021\n|move|p1b: Urshifu|Detect|p1b: Urshifu\n|-singleturn|p1b: Urshifu|Protect\n|move|p2b: Chien-Pao|Sucker Punch||[still]\n|-fail|p2b: Chien-Pao\n|move|p1a: Tornadus|Bleakwind Storm|p2b: Chien-Pao|[spread] p2a,p2b\n|-damage|p2a: Flutter Mane|67\/100\n|-damage|p2b: Chien-Pao|43\/100\n|-unboost|p2a: Flutter Mane|spe|1\n|-unboost|p2b: Chien-Pao|spe|1\n|move|p2a: Flutter Mane|Moonblast|p1b: Urshifu\n|-activate|p1b: Urshifu|move: Protect\n|\n|-weather|RainDance|[upkeep]\n|upkeep\n|turn|4\n|\n|t:|1700507043\n|move|p2b: Chien-Pao|Sucker Punch|p1b: Urshifu\n|-damage|p1b: Urshifu|54\/100\n|move|p1a: Tornadus|Bleakwind Storm|p2b: Chien-Pao|[spread] p2a,p2b\n|-damage|p2a: Flutter Mane|29\/100\n|-damage|p2b: Chien-Pao|0 fnt\n|faint|p2b: Chien-Pao\n|move|p1b: Urshifu|Surging Strikes|p2a: Flutter Mane\n|-crit|p2a: Flutter Mane\n|-damage|p2a: Flutter Mane|0 fnt\n|faint|p2a: Flutter Mane\n|-end|p2a: Flutter Mane|Protosynthesis|[silent]\n|-hitcount|p2: Flutter Mane|1\n|\n|-weather|RainDance|[upkeep]\n|-sideend|p1: jaehaerys_the_old|move: Tailwind\n|upkeep\n|\n|t:|1700507056\n|switch|p2b: Heatran|Heatran, L50, F|100\/100\n|turn|5\n|\n|t:|1700507062\n|-terastallize|p2b: Heatran|Grass\n|move|p1a: Tornadus|Bleakwind Storm|p2b: Heatran\n|-supereffective|p2b: Heatran\n|-damage|p2b: Heatran|15\/100\n|move|p1b: Urshifu|Surging Strikes|p2b: Heatran\n|-resisted|p2b: Heatran\n|-crit|p2b: Heatran\n|-damage|p2b: Heatran|0 fnt\n|faint|p2b: Heatran\n|-hitcount|p2: Heatran|1\n|\n|win|jaehaerys_the_old\n|raw|jaehaerys_the_old's rating: 1416 &rarr; <strong>1436<\/strong><br \/>(+20 for winning)\n|raw|taco_bowl_mx's rating: 1420 &rarr; <strong>1400<\/strong><br \/>(-20 for losing)\n|l|\u2606jaehaerys_the_old\n","uploadtime":1700507075,"views":11,"p1id":"jaehaerystheold","p2id":"tacobowlmx","formatid":"gen9vgc2023regulatione","rating":1400,"private":0,"password":""}