{"id":"gen9vgc2023regulatione-2000474275","p1":"17 cats in a coat","p2":"MirkoBF3890","format":"[Gen 9] VGC 2023 Regulation E","log":"|j|\u260617 cats in a coat\n|j|\u2606MirkoBF3890\n|t:|1701197828\n|gametype|doubles\n|player|p1|17 cats in a coat|1|1371\n|player|p2|MirkoBF3890|lucas|1415\n|teamsize|p1|6\n|teamsize|p2|6\n|gen|9\n|tier|[Gen 9] VGC 2023 Regulation E\n|rated|\n|rule|Species Clause: Limit one of each Pok\u00e9mon\n|rule|Item Clause: Limit one of each item\n|clearpoke\n|poke|p1|Chi-Yu, L50|\n|poke|p1|Flutter Mane, L50|\n|poke|p1|Iron Bundle, L50|\n|poke|p1|Masquerain, L50, M|\n|poke|p1|Iron Hands, L50|\n|poke|p1|Milotic, L50, F|\n|poke|p2|Sableye, L50, M|\n|poke|p2|Tornadus, L50, M|\n|poke|p2|Urshifu-*, L50, M|\n|poke|p2|Chi-Yu, L50|\n|poke|p2|Dragonite, L50, F|\n|poke|p2|Flutter Mane, L50|\n|teampreview|4\n|\n|t:|1701197891\n|start\n|switch|p1a: Iron Bundle|Iron Bundle, L50|100\/100\n|switch|p1b: Masquerain|Masquerain, L50, M|100\/100\n|switch|p2a: Sableye|Sableye, L50, M, shiny|100\/100\n|switch|p2b: Flutter Mane|Flutter Mane, L50|100\/100\n|-ability|p1b: Masquerain|Intimidate|boost\n|-unboost|p2a: Sableye|atk|1\n|-unboost|p2b: Flutter Mane|atk|1\n|-enditem|p1a: Iron Bundle|Booster Energy\n|-activate|p1a: Iron Bundle|ability: Quark Drive|[fromitem]\n|-start|p1a: Iron Bundle|quarkdrivespe\n|-enditem|p2b: Flutter Mane|Booster Energy\n|-activate|p2b: Flutter Mane|ability: Protosynthesis|[fromitem]\n|-start|p2b: Flutter Mane|protosynthesisspa\n|turn|1\n|\n|t:|1701197924\n|move|p2a: Sableye|Quash|p1a: Iron Bundle\n|-activate|p1a: Iron Bundle|move: Quash\n|move|p2b: Flutter Mane|Moonblast|p1a: Iron Bundle\n|-damage|p1a: Iron Bundle|0 fnt\n|faint|p1a: Iron Bundle\n|-end|p1a: Iron Bundle|Quark Drive|[silent]\n|move|p1b: Masquerain|Quiver Dance|p1b: Masquerain\n|-boost|p1b: Masquerain|spa|1\n|-boost|p1b: Masquerain|spd|1\n|-boost|p1b: Masquerain|spe|1\n|\n|upkeep\n|\n|t:|1701197936\n|switch|p1a: Iron Hands|Iron Hands, L50|100\/100\n|turn|2\n|\n|t:|1701197982\n|move|p2a: Sableye|Quash|p1b: Masquerain\n|-activate|p1b: Masquerain|move: Quash\n|move|p2b: Flutter Mane|Moonblast|p1a: Iron Hands\n|-supereffective|p1a: Iron Hands\n|-damage|p1a: Iron Hands|25\/100\n|move|p1a: Iron Hands|Heavy Slam|p2b: Flutter Mane\n|-supereffective|p2b: Flutter Mane\n|-damage|p2b: Flutter Mane|0 fnt\n|faint|p2b: Flutter Mane\n|-end|p2b: Flutter Mane|Protosynthesis|[silent]\n|move|p1b: Masquerain|Baton Pass|p1b: Masquerain\n|\n|t:|1701197991\n|switch|p1b: Flutter Mane|Flutter Mane, L50|100\/100|[from] Baton Pass\n|\n|upkeep\n|\n|t:|1701198023\n|switch|p2b: Chi-Yu|Chi-Yu, L50|100\/100\n|-ability|p2b: Chi-Yu|Beads of Ruin\n|turn|3\n|\n|t:|1701198047\n|-terastallize|p2b: Chi-Yu|Ghost\n|-terastallize|p1a: Iron Hands|Water\n|move|p1b: Flutter Mane|Protect|p1b: Flutter Mane\n|-singleturn|p1b: Flutter Mane|Protect\n|move|p2a: Sableye|Quash|p1b: Flutter Mane\n|-activate|p1b: Flutter Mane|move: Protect\n|move|p2b: Chi-Yu|Heat Wave|p1b: Flutter Mane|[spread] p1a\n|-activate|p1b: Flutter Mane|move: Protect\n|-resisted|p1a: Iron Hands\n|-damage|p1a: Iron Hands|5\/100\n|move|p1a: Iron Hands|Drain Punch|p2b: Chi-Yu\n|-immune|p2b: Chi-Yu\n|\n|upkeep\n|turn|4\n|\n|t:|1701198080\n|move|p2a: Sableye|Quash|p1b: Flutter Mane\n|-activate|p1b: Flutter Mane|move: Quash\n|move|p2b: Chi-Yu|Heat Wave|p1a: Iron Hands|[spread] p1a,p1b\n|-resisted|p1a: Iron Hands\n|-damage|p1a: Iron Hands|0 fnt\n|-damage|p1b: Flutter Mane|40\/100\n|faint|p1a: Iron Hands\n|-end|p1a: Iron Hands|Quark Drive|[silent]\n|move|p1b: Flutter Mane|Dazzling Gleam|p2a: Sableye|[spread] p2a,p2b\n|-supereffective|p2a: Sableye\n|-damage|p2a: Sableye|0 fnt\n|-damage|p2b: Chi-Yu|26\/100\n|faint|p2a: Sableye\n|-damage|p1b: Flutter Mane|30\/100|[from] item: Life Orb\n|\n|upkeep\n|\n|t:|1701198091\n|switch|p1a: Masquerain|Masquerain, L50, M|100\/100\n|switch|p2a: Dragonite|Dragonite, L50, F|100\/100\n|-ability|p1a: Masquerain|Intimidate|boost\n|-fail|p2a: Dragonite|unboost|Attack|[from] ability: Inner Focus|[of] p2a: Dragonite\n|-unboost|p2b: Chi-Yu|atk|1\n|turn|5\n|\n|t:|1701198137\n|move|p1a: Masquerain|Helping Hand|p1b: Flutter Mane\n|-singleturn|p1b: Flutter Mane|Helping Hand|[of] p1a: Masquerain\n|move|p1b: Flutter Mane|Dazzling Gleam|p2b: Chi-Yu|[spread] p2a,p2b\n|-supereffective|p2a: Dragonite\n|-damage|p2a: Dragonite|0 fnt\n|-damage|p2b: Chi-Yu|0 fnt\n|faint|p2a: Dragonite\n|faint|p2b: Chi-Yu\n|-damage|p1b: Flutter Mane|21\/100|[from] item: Life Orb\n|\n|win|17 cats in a coat\n|raw|17 cats in a coat's rating: 1371 &rarr; <strong>1394<\/strong><br \/>(+23 for winning)\n|raw|MirkoBF3890's rating: 1415 &rarr; <strong>1392<\/strong><br \/>(-23 for losing)\n|l|\u2606MirkoBF3890\n","uploadtime":1701198152,"views":7,"p1id":"17catsinacoat","p2id":"mirkobf3890","formatid":"gen9vgc2023regulatione","rating":1392,"private":0,"password":""}