{"id":"gen9vgc2023regulatione-1993142089","p1":"Lumii","p2":"blooperlink123","format":"[Gen 9] VGC 2023 Regulation E","log":"|j|\u2606Lumii\n|j|\u2606blooperlink123\n|n|\u2606Lumii|lumii\n|n|\u2606blooperlink123|blooperlink123\n|html|View the match progress at <a href=\"\/game-bestof3-gen9vgc2023regulatione-1993142088\">game-bestof3-gen9vgc2023regulatione-1993142088<\/a>\n|t:|1700269803\n|gametype|doubles\n|player|p1|Lumii|hanbei-conquest|\n|player|p2|blooperlink123|169|\n|teamsize|p1|6\n|teamsize|p2|6\n|gen|9\n|tier|[Gen 9] VGC 2023 Regulation E\n|rule|Species Clause: Limit one of each Pok\u00e9mon\n|rule|Item Clause: Limit one of each item\n|clearpoke\n|poke|p1|Landorus-Therian, L50, M|\n|poke|p1|Tornadus, L50, M|\n|poke|p1|Rillaboom, L50, F|\n|poke|p1|Chien-Pao, L50|\n|poke|p1|Urshifu-*, L50, M|\n|poke|p1|Ogerpon-Hearthflame, L50, F|\n|poke|p2|Glimmora, L50, M|\n|poke|p2|Urshifu-*, L50, F|\n|poke|p2|Thundurus, L50, M|\n|poke|p2|Flutter Mane, L50|\n|poke|p2|Ogerpon-Wellspring, L50, F|\n|poke|p2|Arcanine-Hisui, L50, F|\n|teampreview|4\nLumii has agreed to open team sheets.\nblooperlink123 has agreed to open team sheets.\n|showteam|p1|Landorus-Therian||ChoiceScarf|Intimidate|StompingTantrum,TeraBlast,Uturn,RockSlide|||M|||50|,,,,,Flying]Tornadus||SitrusBerry|Prankster|BleakwindStorm,Tailwind,ScaryFace,Taunt|||M|||50|,,,,,Ghost]Rillaboom||AssaultVest|GrassySurge|GrassyGlide,WoodHammer,Uturn,FakeOut|||F|||50|,,,,,Fire]Chien-Pao||FocusSash|SwordofRuin|IcicleCrash,SuckerPunch,Crunch,Protect||||||50|,,,,,Dark]Urshifu-Rapid-Strike||MysticWater|UnseenFist|SurgingStrikes,AquaJet,CloseCombat,Protect|||M|||50|,,,,,Water]Ogerpon-Hearthflame||HearthflameMask|MoldBreaker|IvyCudgel,GrassyGlide,HornLeech,Protect|||F|||50|,,,,,Fire\n|showteam|p2|Glimmora||AssaultVest|ToxicDebris|SludgeBomb,PowerGem,EnergyBall,EarthPower|||M|||50|,,,,,Grass]Urshifu||FocusSash|UnseenFist|WickedBlow,CloseCombat,SuckerPunch,Detect|||F|||50|,,,,,Dark]Thundurus||WideLens|Prankster|WildboltStorm,Taunt,EerieImpulse,ThunderWave|||M|||50|,,,,,Dark]Flutter Mane||ChoiceSpecs|Protosynthesis|DazzlingGleam,ShadowBall,Moonblast,Psyshock||||||50|,,,,,Fairy]Ogerpon-Wellspring||WellspringMask|WaterAbsorb|IvyCudgel,HornLeech,FollowMe,SpikyShield|||F|||50|,,,,,Water]Arcanine-Hisui||SitrusBerry|Intimidate|FlareBlitz,RockSlide,WillOWisp,ExtremeSpeed|||F|||50|,,,,,Normal\n|j| JazzyAthenian\n|inactive|Battle timer is ON: inactive players will automatically lose when time's up. (requested by Lumii)\n|\n|t:|1700269895\n|start\n|switch|p1a: Rillaboom|Rillaboom, L50, F|100\/100\n|switch|p1b: Ogerpon|Ogerpon-Hearthflame, L50, F|100\/100\n|switch|p2a: Kracko|Thundurus, L50, M|100\/100\n|switch|p2b: Pochita|Arcanine-Hisui, L50, F|100\/100\n|-ability|p1b: Ogerpon|Mold Breaker\n|-ability|p2b: Pochita|Intimidate|boost\n|-unboost|p1a: Rillaboom|atk|1\n|-unboost|p1b: Ogerpon|atk|1\n|-fieldstart|move: Grassy Terrain|[from] ability: Grassy Surge|[of] p1a: Rillaboom\n|turn|1\n|inactive|blooperlink123 has 30 seconds left.\n|inactive|blooperlink123 has 20 seconds left.\n|inactive|blooperlink123 has 15 seconds left.\n|inactive|blooperlink123 has 10 seconds left.\n|\n|t:|1700269944\n|-terastallize|p1b: Ogerpon|Fire\n|detailschange|p1b: Ogerpon|Ogerpon-Hearthflame-Tera, L50, F, tera:Fire\n|-ability|p1b: Ogerpon|Embody Aspect (Hearthflame)|boost\n|-boost|p1b: Ogerpon|atk|1\n|move|p1a: Rillaboom|Fake Out|p2b: Pochita\n|-resisted|p2b: Pochita\n|-damage|p2b: Pochita|95\/100\n|move|p2a: Kracko|Thunder Wave|p1b: Ogerpon\n|-status|p1b: Ogerpon|par\n|cant|p2b: Pochita|flinch\n|move|p1b: Ogerpon|Ivy Cudgel|p2a: Kracko|[anim] Ivy Cudgel Fire\n|-damage|p2a: Kracko|14\/100\n|\n|-heal|p2b: Pochita|100\/100|[from] Grassy Terrain\n|upkeep\n|turn|2\n|\n|t:|1700269970\n|switch|p2a: Glimmora|Glimmora, L50, M, shiny|100\/100\n|switch|p1b: Urshifu|Urshifu-Rapid-Strike, L50, M|100\/100\n|move|p1a: Rillaboom|Grassy Glide|p2a: Glimmora\n|-damage|p2a: Glimmora|75\/100\n|-activate|p2a: Glimmora|ability: Toxic Debris\n|-sidestart|p1: Lumii|move: Toxic Spikes\n|move|p2b: Pochita|Will-O-Wisp|p1a: Rillaboom\n|-status|p1a: Rillaboom|brn\n|\n|-heal|p2a: Glimmora|80\/100|[from] Grassy Terrain\n|-damage|p1a: Rillaboom|95\/100 brn|[from] brn\n|upkeep\n|turn|3\n|inactive|Lumii has 30 seconds left.\n|inactive|blooperlink123 has 30 seconds left.\n|inactive|blooperlink123 has 20 seconds left.\n|\n|t:|1700270005\n|switch|p2b: Kracko|Thundurus, L50, M|14\/100\n|-terastallize|p2a: Glimmora|Grass\n|move|p1b: Urshifu|Surging Strikes|p2b: Kracko\n|-crit|p2b: Kracko\n|-damage|p2b: Kracko|0 fnt\n|faint|p2b: Kracko\n|-hitcount|p2: Kracko|1\n|move|p2a: Glimmora|Energy Ball|p1b: Urshifu\n|-supereffective|p1b: Urshifu\n|-damage|p1b: Urshifu|0 fnt\n|faint|p1b: Urshifu\n|move|p1a: Rillaboom|U-turn|p2a: Glimmora\n|-supereffective|p2a: Glimmora\n|-damage|p2a: Glimmora|63\/100\n|-activate|p2a: Glimmora|ability: Toxic Debris\n|-sidestart|p1: Lumii|move: Toxic Spikes\n|\n|t:|1700270022\n|switch|p1a: Chien-Pao|Chien-Pao, L50|100\/100|[from] U-turn\n|-status|p1a: Chien-Pao|tox\n|-ability|p1a: Chien-Pao|Sword of Ruin\n|\n|-heal|p2a: Glimmora|68\/100|[from] Grassy Terrain\n|-damage|p1a: Chien-Pao|95\/100 tox|[from] psn\n|upkeep\n|\n|t:|1700270041\n|switch|p1b: Ogerpon|Ogerpon-Hearthflame-Tera, L50, F, tera:Fire|100\/100 par\n|switch|p2b: Pochita|Arcanine-Hisui, L50, F|100\/100\n|-ability|p2b: Pochita|Intimidate|boost\n|-unboost|p1a: Chien-Pao|atk|1\n|-unboost|p1b: Ogerpon|atk|1\n|-ability|p1b: Ogerpon|Embody Aspect (Hearthflame)|boost\n|-boost|p1b: Ogerpon|atk|1\n|turn|4\n|inactive|blooperlink123 has 30 seconds left.\n|inactive|Lumii has 30 seconds left.\n|inactive|blooperlink123 has 20 seconds left.\n|inactive|blooperlink123 has 15 seconds left.\n|inactive|blooperlink123 has 10 seconds left.\n|\n|t:|1700270088\n|switch|p2a: Ponyo|Ogerpon-Wellspring, L50, F|100\/100\n|move|p1b: Ogerpon|Protect|p1b: Ogerpon\n|-singleturn|p1b: Ogerpon|Protect\n|move|p1a: Chien-Pao|Crunch|p2b: Pochita\n|-damage|p2b: Pochita|53\/100\n|move|p2b: Pochita|Rock Slide|p1a: Chien-Pao|[spread] \n|-activate|p1b: Ogerpon|move: Protect\n|-miss|p2b: Pochita|p1a: Chien-Pao\n|\n|-heal|p1a: Chien-Pao|100\/100 tox|[from] Grassy Terrain\n|-heal|p2b: Pochita|59\/100|[from] Grassy Terrain\n|-damage|p1a: Chien-Pao|89\/100 tox|[from] psn\n|upkeep\n|turn|5\n|inactive|Lumii has 30 seconds left.\n|inactive|blooperlink123 has 30 seconds left.\n|\n|t:|1700270120\n|move|p1a: Chien-Pao|Sucker Punch|p2b: Pochita\n|-crit|p2b: Pochita\n|-damage|p2b: Pochita|0 fnt\n|faint|p2b: Pochita\n|move|p1b: Ogerpon|Grassy Glide|p2a: Ponyo\n|-damage|p2a: Ponyo|44\/100\n|move|p2a: Ponyo|Ivy Cudgel|p1b: Ogerpon|[anim] Ivy Cudgel Water\n|-supereffective|p1b: Ogerpon\n|-damage|p1b: Ogerpon|0 fnt\n|faint|p1b: Ogerpon\n|\n|-heal|p1a: Chien-Pao|95\/100 tox|[from] Grassy Terrain\n|-heal|p2a: Ponyo|50\/100|[from] Grassy Terrain\n|-damage|p1a: Chien-Pao|77\/100 tox|[from] psn\n|-fieldend|move: Grassy Terrain\n|upkeep\n|\n|t:|1700270129\n|switch|p1b: Rillaboom|Rillaboom, L50, F|95\/100 brn\n|switch|p2b: Glimmora|Glimmora, L50, M, shiny, tera:Grass|68\/100\n|-fieldstart|move: Grassy Terrain|[from] ability: Grassy Surge|[of] p1b: Rillaboom\n|turn|6\n|inactive|blooperlink123 has 30 seconds left.\n|\n|t:|1700270157\n|move|p1b: Rillaboom|Fake Out|p2a: Ponyo\n|-damage|p2a: Ponyo|41\/100\n|cant|p2a: Ponyo|flinch\n|move|p1a: Chien-Pao|Icicle Crash|p2b: Glimmora\n|-supereffective|p2b: Glimmora\n|-damage|p2b: Glimmora|0 fnt\n|faint|p2b: Glimmora\n|\n|-heal|p1a: Chien-Pao|83\/100 tox|[from] Grassy Terrain\n|-heal|p2a: Ponyo|47\/100|[from] Grassy Terrain\n|-heal|p1b: Rillaboom|100\/100 brn|[from] Grassy Terrain\n|-damage|p1a: Chien-Pao|60\/100 tox|[from] psn\n|-damage|p1b: Rillaboom|95\/100 brn|[from] brn\n|upkeep\n|turn|7\n|inactive|blooperlink123 has 30 seconds left.\n|\n|t:|1700270184\n|move|p2a: Ponyo|Spiky Shield|p2a: Ponyo\n|-singleturn|p2a: Ponyo|move: Protect\n|move|p1a: Chien-Pao|Crunch|p2a: Ponyo\n|-activate|p2a: Ponyo|move: Protect\n|-damage|p1a: Chien-Pao|48\/100 tox|[from] Spiky Shield|[of] p2a: Ponyo\n|move|p1b: Rillaboom|Wood Hammer|p2a: Ponyo\n|-activate|p2a: Ponyo|move: Protect\n|-damage|p1b: Rillaboom|83\/100 brn|[from] Spiky Shield|[of] p2a: Ponyo\n|\n|-heal|p1a: Chien-Pao|53\/100 tox|[from] Grassy Terrain\n|-heal|p2a: Ponyo|53\/100|[from] Grassy Terrain\n|-heal|p1b: Rillaboom|88\/100 brn|[from] Grassy Terrain\n|-damage|p1a: Chien-Pao|24\/100 tox|[from] psn\n|-damage|p1b: Rillaboom|83\/100 brn|[from] brn\n|upkeep\n|turn|8\n|inactive|blooperlink123 has 30 seconds left.\n|\n|t:|1700270215\n|move|p1a: Chien-Pao|Crunch|p2a: Ponyo\n|-damage|p2a: Ponyo|16\/100\n|-unboost|p2a: Ponyo|def|1\n|move|p2a: Ponyo|Horn Leech|p1a: Chien-Pao\n|-damage|p1a: Chien-Pao|0 fnt\n|-heal|p2a: Ponyo|26\/100|[from] drain|[of] p1a: Chien-Pao\n|faint|p1a: Chien-Pao\n|move|p1b: Rillaboom|Wood Hammer|p2a: Ponyo\n|-damage|p2a: Ponyo|0 fnt\n|faint|p2a: Ponyo\n|-damage|p1b: Rillaboom|75\/100 brn|[from] Recoil\n|\n|win|Lumii\n|c|&|\/uhtml prompt-blooperlink123,blooperlink123 is ready for game 2!\n|inactive|Lumii has 50 seconds to confirm battle start!\n|c|&|\/uhtml prompt-lumii,Lumii is ready for game 2!\nBoth players are ready! Starting next match!\n|l| JazzyAthenian\n","uploadtime":1700270227,"views":28,"p1id":"lumii","p2id":"blooperlink123","formatid":"gen9vgc2023regulatione","rating":0,"private":0,"password":""}