{"id":"gen9vgc2023regulatione-1997767982","p1":"Sir Aaron07","p2":"psymun09","format":"[Gen 9] VGC 2023 Regulation E","log":"|j|\u2606Sir Aaron07\n|j|\u2606psymun09\n|t:|1700850555\n|gametype|doubles\n|player|p1|Sir Aaron07|furisodegirl-black|1436\n|player|p2|psymun09|shadowtriad|1496\n|teamsize|p1|6\n|teamsize|p2|6\n|gen|9\n|tier|[Gen 9] VGC 2023 Regulation E\n|rated|\n|rule|Species Clause: Limit one of each Pok\u00e9mon\n|rule|Item Clause: Limit one of each item\n|clearpoke\n|poke|p1|Urshifu-*, L50, M|\n|poke|p1|Gholdengo, L50|\n|poke|p1|Ogerpon-Wellspring, L50, F|\n|poke|p1|Iron Hands, L50|\n|poke|p1|Farigiraf, L50, M|\n|poke|p1|Tornadus, L50, M|\n|poke|p2|Annihilape, L50, M|\n|poke|p2|Iron Hands, L50|\n|poke|p2|Ninetales-Alola, L50, M|\n|poke|p2|Sinistcha-Masterpiece, L50|\n|poke|p2|Maushold, L50|\n|poke|p2|Heatran, L50, M|\n|teampreview|4\npsymun09 has agreed to open team sheets.\n|inactive|Battle timer is ON: inactive players will automatically lose when time's up. (requested by psymun09)\nSir Aaron07 has agreed to open team sheets.\n|\n|t:|1700850600\n|start\n|switch|p1a: Scrapper the Great|Iron Hands, L50, shiny|100\/100\n|switch|p1b: Maestro|Tornadus, L50, M|100\/100\n|switch|p2a: Ninetales|Ninetales-Alola, L50, M, shiny|100\/100\n|switch|p2b: Iron Hands|Iron Hands, L50, shiny|100\/100\n|-weather|Snow|[from] ability: Snow Warning|[of] p2a: Ninetales\n|-enditem|p1a: Scrapper the Great|Booster Energy\n|-activate|p1a: Scrapper the Great|ability: Quark Drive|[fromitem]\n|-start|p1a: Scrapper the Great|quarkdriveatk\n|-enditem|p2b: Iron Hands|Booster Energy\n|-activate|p2b: Iron Hands|ability: Quark Drive|[fromitem]\n|-start|p2b: Iron Hands|quarkdriveatk\n|turn|1\n|\n|t:|1700850616\n|move|p1a: Scrapper the Great|Fake Out|p2a: Ninetales\n|-damage|p2a: Ninetales|82\/100\n|move|p2b: Iron Hands|Fake Out|p1b: Maestro\n|-damage|p1b: Maestro|75\/100\n|cant|p1b: Maestro|flinch\n|cant|p2a: Ninetales|flinch\n|\n|-weather|Snow|[upkeep]\n|upkeep\n|turn|2\n|\n|t:|1700850629\n|move|p1b: Maestro|Tailwind|p1b: Maestro\n|-sidestart|p1: Sir Aaron07|move: Tailwind\n|move|p2a: Ninetales|Encore|p1a: Scrapper the Great\n|-start|p1a: Scrapper the Great|Encore\n|move|p1a: Scrapper the Great|Fake Out||[still]\n|-hint|Fake Out only works on your first turn out.\n|-fail|p1a: Scrapper the Great\n|move|p2b: Iron Hands|Wild Charge|p1b: Maestro\n|-supereffective|p1b: Maestro\n|-damage|p1b: Maestro|0 fnt\n|faint|p1b: Maestro\n|-damage|p2b: Iron Hands|86\/100|[from] Recoil\n|\n|-weather|Snow|[upkeep]\n|upkeep\n|\n|t:|1700850648\n|switch|p1b: Gholden Joe|Gholdengo, L50, shiny|100\/100\n|turn|3\n|\n|t:|1700850661\n|-end|p1a: Scrapper the Great|Quark Drive|[silent]\n|switch|p1a: Arch Lorbius|Urshifu, L50, M|100\/100\n|-terastallize|p2a: Ninetales|Water\n|move|p1b: Gholden Joe|Thunderbolt|p2a: Ninetales\n|-supereffective|p2a: Ninetales\n|-damage|p2a: Ninetales|0 fnt\n|faint|p2a: Ninetales\n|move|p2b: Iron Hands|Wild Charge|p1b: Gholden Joe\n|-damage|p1b: Gholden Joe|28\/100\n|-damage|p2b: Iron Hands|72\/100|[from] Recoil\n|\n|-weather|Snow|[upkeep]\n|upkeep\n|\n|t:|1700850672\n|switch|p2a: Annihilape|Annihilape, L50, M, shiny|100\/100\n|turn|4\n|inactive|psymun09 has 30 seconds left.\n|inactive|psymun09 has 20 seconds left.\n|inactive|psymun09 has 15 seconds left.\n|inactive|psymun09 has 10 seconds left.\n|inactive|psymun09 has 5 seconds left.\n|\n|t:|1700850728\n|-terastallize|p1a: Arch Lorbius|Poison\n|move|p1a: Arch Lorbius|Swords Dance|p1a: Arch Lorbius\n|-boost|p1a: Arch Lorbius|atk|2\n|move|p1b: Gholden Joe|Thunderbolt|p2a: Annihilape\n|-damage|p2a: Annihilape|62\/100\n|move|p2a: Annihilape|Drain Punch|p1a: Arch Lorbius\n|-resisted|p1a: Arch Lorbius\n|-crit|p1a: Arch Lorbius\n|-damage|p1a: Arch Lorbius|76\/100\n|-heal|p2a: Annihilape|74\/100|[from] drain|[of] p1a: Arch Lorbius\n|move|p2b: Iron Hands|Drain Punch|p1a: Arch Lorbius\n|-resisted|p1a: Arch Lorbius\n|-damage|p1a: Arch Lorbius|49\/100\n|-heal|p2b: Iron Hands|83\/100|[from] drain|[of] p1a: Arch Lorbius\n|\n|-weather|Snow|[upkeep]\n|-heal|p2a: Annihilape|80\/100|[from] item: Leftovers\n|upkeep\n|turn|5\n|inactive|psymun09 has 30 seconds left.\n|inactive|psymun09 has 20 seconds left.\n|inactive|psymun09 has 15 seconds left.\n|inactive|psymun09 has 10 seconds left.\n|inactive|psymun09 has 5 seconds left.\n|\n|t:|1700850783\n|move|p1a: Arch Lorbius|Detect|p1a: Arch Lorbius\n|-singleturn|p1a: Arch Lorbius|Protect\n|move|p1b: Gholden Joe|Thunderbolt|p2a: Annihilape\n|-damage|p2a: Annihilape|43\/100\n|move|p2a: Annihilape|Drain Punch|p1a: Arch Lorbius\n|-activate|p1a: Arch Lorbius|move: Protect\n|move|p2b: Iron Hands|Drain Punch|p1a: Arch Lorbius\n|-activate|p1a: Arch Lorbius|move: Protect\n|\n|-weather|none\n|-heal|p2a: Annihilape|50\/100|[from] item: Leftovers\n|-sideend|p1: Sir Aaron07|move: Tailwind\n|upkeep\n|turn|6\n|inactive|Sir Aaron07 has 30 seconds left.\n|inactive|psymun09 has 30 seconds left.\n|inactive|psymun09 has 20 seconds left.\n|inactive|psymun09 has 15 seconds left.\n|inactive|psymun09 has 10 seconds left.\n|inactive|Sir Aaron07 has 20 seconds left.\n|inactive|psymun09 has 5 seconds left.\n|inactive|Sir Aaron07 has 15 seconds left.\n|\n|t:|1700850838\n|switch|p1b: Scrapper the Great|Iron Hands, L50, shiny|100\/100\n|move|p1a: Arch Lorbius|Wicked Blow|p2a: Annihilape\n|-crit|p2a: Annihilape\n|-damage|p2a: Annihilape|0 fnt\n|faint|p2a: Annihilape\n|-damage|p1a: Arch Lorbius|40\/100|[from] item: Life Orb\n|move|p2b: Iron Hands|Drain Punch|p1a: Arch Lorbius\n|-resisted|p1a: Arch Lorbius\n|-damage|p1a: Arch Lorbius|11\/100\n|-heal|p2b: Iron Hands|94\/100|[from] drain|[of] p1a: Arch Lorbius\n|\n|upkeep\n|inactive|psymun09 has 30 seconds left.\n|inactive|psymun09 has 20 seconds left.\n|inactive|psymun09 has 15 seconds left.\n|inactive|psymun09 has 10 seconds left.\n|inactive|psymun09 has 5 seconds left.\n|\n|t:|1700850893\n|switch|p2a: Sinistcha|Sinistcha-Masterpiece, L50|100\/100\n|-heal|p2b: Iron Hands|100\/100|[from] ability: Hospitality|[of] p2a: Sinistcha\n|turn|7\n|\n|t:|1700850911\n|move|p1b: Scrapper the Great|Fake Out|p2b: Iron Hands\n|-damage|p2b: Iron Hands|90\/100\n|move|p2a: Sinistcha|Rage Powder|p2a: Sinistcha\n|-singleturn|p2a: Sinistcha|move: Rage Powder\n|move|p1a: Arch Lorbius|Wicked Blow|p2a: Sinistcha\n|-supereffective|p2a: Sinistcha\n|-crit|p2a: Sinistcha\n|-damage|p2a: Sinistcha|0 fnt\n|-damage|p1a: Arch Lorbius|0 fnt|[from] item: Rocky Helmet|[of] p2a: Sinistcha\n|faint|p2a: Sinistcha\n|faint|p1a: Arch Lorbius\n|cant|p2b: Iron Hands|flinch\n|\n|upkeep\n|\n|t:|1700850920\n|switch|p1a: Gholden Joe|Gholdengo, L50, shiny|28\/100\n|turn|8\n|inactive|Sir Aaron07 has 30 seconds left.\n|\n|t:|1700850949\n|move|p1a: Gholden Joe|Trick|p2b: Iron Hands\n|-activate|p1a: Gholden Joe|move: Trick|[of] p2b: Iron Hands\n|-item|p2b: Iron Hands|Choice Specs|[from] move: Trick\n|-enditem|p1a: Gholden Joe|Choice Specs|[silent]|[from] move: Trick\n|move|p1b: Scrapper the Great|Close Combat|p2b: Iron Hands\n|-damage|p2b: Iron Hands|39\/100\n|-unboost|p1b: Scrapper the Great|def|1\n|-unboost|p1b: Scrapper the Great|spd|1\n|move|p2b: Iron Hands|Wild Charge|p1a: Gholden Joe\n|-crit|p1a: Gholden Joe\n|-damage|p1a: Gholden Joe|0 fnt\n|faint|p1a: Gholden Joe\n|-damage|p2b: Iron Hands|33\/100|[from] Recoil\n|\n|upkeep\n|turn|9\n|\n|t:|1700850964\n|move|p1b: Scrapper the Great|Close Combat|p2b: Iron Hands\n|-damage|p2b: Iron Hands|0 fnt\n|-unboost|p1b: Scrapper the Great|def|1\n|-unboost|p1b: Scrapper the Great|spd|1\n|faint|p2b: Iron Hands\n|-end|p2b: Iron Hands|Quark Drive|[silent]\n|\n|win|Sir Aaron07\n|raw|Sir Aaron07's rating: 1436 &rarr; <strong>1459<\/strong><br \/>(+23 for winning)\n|raw|psymun09's rating: 1496 &rarr; <strong>1473<\/strong><br \/>(-23 for losing)\n|l|\u2606psymun09\n","uploadtime":1700850975,"views":8,"p1id":"siraaron07","p2id":"psymun09","formatid":"gen9vgc2023regulatione","rating":1459,"private":0,"password":""}