{"id":"gen9vgc2023regulatione-1994347303","p1":"Emirnent","p2":"previouslyunnamed","format":"[Gen 9] VGC 2023 Regulation E","log":"|j|\u2606Emirnent\n|j|\u2606previouslyunnamed\n|t:|1700433646\n|gametype|doubles\n|player|p1|Emirnent|101|1586\n|player|p2|previouslyunnamed|heroine2-conquest|1566\n|teamsize|p1|6\n|teamsize|p2|6\n|gen|9\n|tier|[Gen 9] VGC 2023 Regulation E\n|rated|\n|rule|Species Clause: Limit one of each Pok\u00e9mon\n|rule|Item Clause: Limit one of each item\n|clearpoke\n|poke|p1|Armarouge, L50, M|\n|poke|p1|Ursaluna, L50, M|\n|poke|p1|Torkoal, L50, M|\n|poke|p1|Roaring Moon, L50|\n|poke|p1|Bronzong, L50|\n|poke|p1|Indeedee-F, L50, F|\n|poke|p2|Armarouge, L50, F|\n|poke|p2|Ursaluna, L50, F|\n|poke|p2|Torkoal, L50, F|\n|poke|p2|Roaring Moon, L50|\n|poke|p2|Bronzong, L50|\n|poke|p2|Indeedee-F, L50, F|\n|teampreview|4\n|inactive|Battle timer is ON: inactive players will automatically lose when time's up. (requested by previouslyunnamed)\n|c|\u2606Emirnent|lol\n|c|\u2606previouslyunnamed|why everytime lol\n|c|\u2606previouslyunnamed|btw\n|j| thomas shelby 1\n|inactive|Emirnent has 60 seconds left.\n|inactive|previouslyunnamed has 60 seconds left.\n|c| thomas shelby 1|fight\n|c| thomas shelby 1|low ladder\n|c|\u2606previouslyunnamed|ursuluna 60hp, 188 atk, 100 def, 156 spd plus relaxed nature\n|inactive|Emirnent has 30 seconds left.\n|inactive|previouslyunnamed has 30 seconds left.\n|c|\u2606Emirnent|nah just 252\n|inactive|Emirnent has 20 seconds left.\n|c|\u2606Emirnent|you want kos\n|c|\u2606previouslyunnamed|na\n|inactive|Emirnent has 15 seconds left.\n|\n|t:|1700433726\n|start\n|switch|p1a: The Boss|Armarouge, L50, M|100\/100\n|switch|p1b: Big Boss|Roaring Moon, L50|100\/100\n|switch|p2a: The Boss|Armarouge, L50, F|100\/100\n|switch|p2b: Big Boss|Roaring Moon, L50|100\/100\n|-enditem|p2b: Big Boss|Booster Energy\n|-activate|p2b: Big Boss|ability: Protosynthesis|[fromitem]\n|-start|p2b: Big Boss|protosynthesisspe\n|-enditem|p1b: Big Boss|Booster Energy\n|-activate|p1b: Big Boss|ability: Protosynthesis|[fromitem]\n|-start|p1b: Big Boss|protosynthesisspe\n|turn|1\n|c| thomas shelby 1|is provgc rental teams?\n|inactive|Emirnent has 30 seconds left.\n|inactive|previouslyunnamed has 30 seconds left.\n|inactive|previouslyunnamed has 20 seconds left.\n|c|\u2606Emirnent|a lot of poeple steal teams yes\n|inactive|previouslyunnamed has 15 seconds left.\n|inactive|previouslyunnamed has 10 seconds left.\n|inactive|previouslyunnamed has 5 seconds left.\n|\n|t:|1700433779\n|move|p1a: The Boss|Endure|p1a: The Boss\n|-singleturn|p1a: The Boss|move: Endure\n|move|p2b: Big Boss|Breaking Swipe|p1b: Big Boss|[spread] p1a,p1b\n|-supereffective|p1b: Big Boss\n|-crit|p1b: Big Boss\n|-damage|p1a: The Boss|74\/100\n|-damage|p1b: Big Boss|21\/100\n|-unboost|p1a: The Boss|atk|1\n|-unboost|p1b: Big Boss|atk|1\n|-ability|p1a: The Boss|Weak Armor|boost\n|-unboost|p1a: The Boss|def|1\n|-boost|p1a: The Boss|spe|2\n|move|p1b: Big Boss|Tailwind|p1b: Big Boss\n|-sidestart|p1: Emirnent|move: Tailwind\n|move|p2a: The Boss|Expanding Force|p1a: The Boss\n|-resisted|p1a: The Boss\n|-damage|p1a: The Boss|48\/100\n|\n|upkeep\n|turn|2\n|c|\u2606Emirnent|its about predicting the metagame and playing correct\n|inactive|Emirnent has 30 seconds left.\n|c|\u2606previouslyunnamed|but i dont\n|inactive|Emirnent has 20 seconds left.\n|inactive|Emirnent has 15 seconds left.\n|inactive|Emirnent has 10 seconds left.\n|inactive|Emirnent has 5 seconds left.\n|\n|t:|1700433831\n|move|p2a: The Boss|Endure|p2a: The Boss\n|-singleturn|p2a: The Boss|move: Endure\n|move|p1a: The Boss|Stored Power|p2a: The Boss\n|-resisted|p2a: The Boss\n|-damage|p2a: The Boss|81\/100\n|move|p1b: Big Boss|U-turn|p1a: The Boss\n|-damage|p1a: The Boss|22\/100\n|-ability|p1a: The Boss|Weak Armor|boost\n|-unboost|p1a: The Boss|def|1\n|-boost|p1a: The Boss|spe|2\n|\n|t:|1700433844\n|-end|p1b: Big Boss|Protosynthesis|[silent]\n|switch|p1b: Gio Jr.|Indeedee-F, L50, F|100\/100|[from] U-turn\n|-fieldstart|move: Psychic Terrain|[from] ability: Psychic Surge|[of] p1b: Gio Jr.\n|move|p2b: Big Boss|Tailwind|p2b: Big Boss\n|-sidestart|p2: previouslyunnamed|move: Tailwind\n|\n|upkeep\n|turn|3\n|inactive|Emirnent has 30 seconds left.\n|inactive|previouslyunnamed has 30 seconds left.\n|c| thomas shelby 1|where stole this team\u00a1\n|c| thomas shelby 1|?\n|inactive|Emirnent has 20 seconds left.\n|c|\u2606previouslyunnamed|my bum\n|inactive|Emirnent has 15 seconds left.\n|inactive|Emirnent has 10 seconds left.\n|\n|t:|1700433893\n|switch|p2a: Gio Jr.|Indeedee-F, L50, F|100\/100\n|move|p1b: Gio Jr.|Helping Hand|p1a: The Boss\n|-singleturn|p1a: The Boss|Helping Hand|[of] p1b: Gio Jr.\n|move|p1a: The Boss|Stored Power|p2a: Gio Jr.\n|-resisted|p2a: Gio Jr.\n|-damage|p2a: Gio Jr.|52\/100\n|move|p2b: Big Boss|Breaking Swipe|p1b: Gio Jr.|[spread] p1a,p1b\n|-damage|p1a: The Boss|0 fnt\n|-damage|p1b: Gio Jr.|80\/100\n|-unboost|p1b: Gio Jr.|atk|1\n|faint|p1a: The Boss\n|\n|upkeep\n|j| Captain Hegemon\n|\n|t:|1700433897\n|switch|p1a: Big Boss|Roaring Moon, L50|21\/100\n|turn|4\n|c|\u2606previouslyunnamed|wanna call?\n|\n|t:|1700433909\n|move|p2a: Gio Jr.|Follow Me|p2a: Gio Jr.\n|-singleturn|p2a: Gio Jr.|move: Follow Me\n|move|p2b: Big Boss|Breaking Swipe|p1a: Big Boss|[spread] p1a,p1b\n|-supereffective|p1a: Big Boss\n|-damage|p1a: Big Boss|0 fnt\n|-damage|p1b: Gio Jr.|59\/100\n|-unboost|p1b: Gio Jr.|atk|1\n|faint|p1a: Big Boss\n|-end|p1a: Big Boss|Protosynthesis|[silent]\n|move|p1b: Gio Jr.|Trick Room|p1b: Gio Jr.\n|-fieldstart|move: Trick Room|[of] p1b: Gio Jr.\n|\n|-sideend|p1: Emirnent|move: Tailwind\n|upkeep\n|c|\u2606Emirnent|im going off in half an hour\n|\n|t:|1700433917\n|switch|p1a: Carinhoso|Ursaluna, L50, M|100\/100\n|turn|5\n|c|\u2606previouslyunnamed|k\n|\n|t:|1700433936\n|move|p2a: Gio Jr.|Follow Me|p2a: Gio Jr.\n|-singleturn|p2a: Gio Jr.|move: Follow Me\n|move|p1a: Carinhoso|Earthquake|p2a: Gio Jr.|[spread] p1b,p2a,p2b\n|-damage|p1b: Gio Jr.|15\/100\n|-damage|p2a: Gio Jr.|12\/100\n|-damage|p2b: Big Boss|44\/100\n|move|p1b: Gio Jr.|Dazzling Gleam|p2a: Gio Jr.|[spread] p2a,p2b\n|-supereffective|p2b: Big Boss\n|-damage|p2a: Gio Jr.|0 fnt\n|-damage|p2b: Big Boss|0 fnt\n|faint|p2a: Gio Jr.\n|faint|p2b: Big Boss\n|-end|p2b: Big Boss|Protosynthesis|[silent]\n|\n|-sideend|p2: previouslyunnamed|move: Tailwind\n|-status|p1a: Carinhoso|brn|[from] item: Flame Orb\n|upkeep\n|\n|t:|1700433945\n|switch|p2a: The Boss|Armarouge, L50, F|81\/100\n|switch|p2b: RJ|Torkoal, L50, F|100\/100\n|-weather|SunnyDay|[from] ability: Drought|[of] p2b: RJ\n|turn|6\n|c|\u2606Emirnent|gg\n|c|\u2606previouslyunnamed|gg\n|\n|t:|1700433963\n|-terastallize|p2b: RJ|Fire\n|move|p1b: Gio Jr.|Follow Me|p1b: Gio Jr.\n|-singleturn|p1b: Gio Jr.|move: Follow Me\n|move|p2b: RJ|Eruption|p1b: Gio Jr.|[spread] p1a,p1b\n|-damage|p1a: Carinhoso|0 fnt\n|-damage|p1b: Gio Jr.|0 fnt\n|faint|p1a: Carinhoso\n|faint|p1b: Gio Jr.\n|\n|win|previouslyunnamed\n|raw|Emirnent's rating: 1586 &rarr; <strong>1565<\/strong><br \/>(-21 for losing)\n|raw|previouslyunnamed's rating: 1566 &rarr; <strong>1587<\/strong><br \/>(+21 for winning)\n|l|\u2606Emirnent\n|c| thomas shelby 1|gg negro\n","uploadtime":1700433975,"views":6,"p1id":"emirnent","p2id":"previouslyunnamed","formatid":"gen9vgc2023regulatione","rating":1565,"private":0,"password":""}