{"id":"gen9vgc2023regulatione-1992325044","p1":"SlowHomie","p2":"WickedCheeseTouch","format":"[Gen 9] VGC 2023 Regulation E","log":"|j|\u2606SlowHomie\n|j|\u2606WickedCheeseTouch\n|t:|1700174844\n|gametype|doubles\n|player|p1|SlowHomie|unknown|\n|player|p2|WickedCheeseTouch|lucas|\n|teamsize|p1|6\n|teamsize|p2|6\n|gen|9\n|tier|[Gen 9] VGC 2023 Regulation E\n|rated|Tournament battle\n|rule|Species Clause: Limit one of each Pok\u00e9mon\n|rule|Item Clause: Limit one of each item\n|clearpoke\n|poke|p1|Torkoal, L50, M|\n|poke|p1|Rillaboom, L50, F|\n|poke|p1|Ogerpon-Cornerstone, L50, F|\n|poke|p1|Flutter Mane, L50|\n|poke|p1|Zapdos-Galar, L50|\n|poke|p1|Farigiraf, L50, M|\n|poke|p2|Brambleghast, L50, M|\n|poke|p2|Tornadus, L50, M|\n|poke|p2|Dondozo, L50, M|\n|poke|p2|Tatsugiri, L50, M|\n|poke|p2|Flutter Mane, L50|\n|poke|p2|Urshifu-*, L50, M|\n|teampreview|4\n|showteam|p1|Torkoal||Charcoal|Drought|Eruption,HeatWave,EarthPower,Protect|||M|||50|,,,,,Fire]Rillaboom||MiracleSeed|GrassySurge|GrassyGlide,WoodHammer,HighHorsepower,FakeOut|||F|||50|,,,,,Grass]Ogerpon-Cornerstone||CornerstoneMask|Sturdy|IvyCudgel,PowerWhip,FollowMe,SpikyShield|||F|||50|,,,,,Rock]Flutter Mane||ChoiceSpecs|Protosynthesis|DazzlingGleam,Moonblast,ShadowBall,TrickRoom||||||50|,,,,,Fairy]Zapdos-Galar||ChoiceScarf|Defiant|BraveBird,CloseCombat,Uturn,KnockOff||||||50|,,,,,Flying]Farigiraf||SitrusBerry|ArmorTail|DazzlingGleam,Psychic,NastyPlot,TrickRoom|||M|||50|,,,,,Fairy\n|showteam|p2|Brambleghast||FocusSash|WindRider|Poltergeist,SeedBomb,ShadowSneak,Protect|||M|||50|,,,,,Ghost]Tornadus||CovertCloak|Prankster|Tailwind,BleakwindStorm,Taunt,Protect|||M|||50|,,,,,Ghost]Dondozo||Leftovers|Unaware|OrderUp,Earthquake,Substitute,Protect|||M|||50|,,,,,Dragon]Tatsugiri||AbilityShield|Commander|DracoMeteor,MuddyWater,Taunt,Protect|||M|||50|,,,,,Steel]Flutter Mane||BoosterEnergy|Protosynthesis|Moonblast,ShadowBall,DazzlingGleam,Protect||||||50|,,,,,Fairy]Urshifu||LifeOrb|UnseenFist|WickedBlow,SuckerPunch,CloseCombat,Protect|||M|||50|,,,,,Poison\n|j| ale cog\n|l|\u2606WickedCheeseTouch\n|player|p2|\n|j|\u2606WickedCheeseTouch\n|player|p2|WickedCheeseTouch|lucas\n|j| Plopy14\n|\n|t:|1700174900\n|start\n|switch|p1a: Rockstar|Ogerpon-Cornerstone, L50, F|100\/100\n|switch|p1b: Fig|Farigiraf, L50, M, shiny|100\/100\n|switch|p2a: Urshifu|Urshifu, L50, M|100\/100\n|switch|p2b: Dondozo|Dondozo, L50, M, shiny|100\/100\n|turn|1\n|j| A Johto Journey\n|j| fyfyyalt1\n|\n|t:|1700174930\n|switch|p2a: Tatsugiri|Tatsugiri, L50, M|100\/100\n|-activate|p2a: Tatsugiri|ability: Commander|[of] p2b: Dondozo\n|-boost|p2b: Dondozo|atk|2\n|-boost|p2b: Dondozo|spa|2\n|-boost|p2b: Dondozo|spe|2\n|-boost|p2b: Dondozo|def|2\n|-boost|p2b: Dondozo|spd|2\n|-terastallize|p1b: Fig|Fairy\n|-terastallize|p2b: Dondozo|Dragon\n|move|p1a: Rockstar|Ivy Cudgel|p2b: Dondozo|[anim] Ivy Cudgel Rock\n|-damage|p2b: Dondozo|83\/100\n|move|p2b: Dondozo|Order Up|p1a: Rockstar\n|-damage|p1a: Rockstar|33\/100\n|-boost|p2b: Dondozo|atk|1\n|move|p1b: Fig|Trick Room|p1b: Fig\n|-fieldstart|move: Trick Room|[of] p1b: Fig\n|\n|-heal|p2b: Dondozo|89\/100|[from] item: Leftovers\n|upkeep\n|turn|2\n|\n|t:|1700174949\n|move|p1b: Fig|Dazzling Gleam|p2a: Tatsugiri|[spread] p2b\n|-miss|p1b: Fig|p2a: Tatsugiri\n|-supereffective|p2b: Dondozo\n|-damage|p2b: Dondozo|69\/100\n|move|p2b: Dondozo|Earthquake|p1b: Fig|[spread] p1a,p1b\n|-miss|p2b: Dondozo|p2a: Tatsugiri\n|-damage|p1a: Rockstar|0 fnt\n|-damage|p1b: Fig|55\/100\n|faint|p1a: Rockstar\n|\n|-heal|p2b: Dondozo|75\/100|[from] item: Leftovers\n|upkeep\n|\n|t:|1700174951\n|switch|p1a: Willa Gorilla|Rillaboom, L50, F, shiny|100\/100\n|-fieldstart|move: Grassy Terrain|[from] ability: Grassy Surge|[of] p1a: Willa Gorilla\n|turn|3\n|\n|t:|1700174959\n|move|p2b: Dondozo|Protect|p2b: Dondozo\n|-singleturn|p2b: Dondozo|Protect\n|move|p1b: Fig|Dazzling Gleam|p2b: Dondozo|[spread] \n|-miss|p1b: Fig|p2a: Tatsugiri\n|-activate|p2b: Dondozo|move: Protect\n|move|p1a: Willa Gorilla|Wood Hammer|p2b: Dondozo\n|-activate|p2b: Dondozo|move: Protect\n|\n|-heal|p1b: Fig|62\/100|[from] Grassy Terrain\n|-heal|p2b: Dondozo|82\/100|[from] Grassy Terrain\n|-heal|p2b: Dondozo|88\/100|[from] item: Leftovers\n|upkeep\n|turn|4\n|j| USELESSTEAMS\n|l| USELESSTEAMS\n|\n|t:|1700174988\n|move|p1b: Fig|Dazzling Gleam|p2a: Tatsugiri|[spread] p2b\n|-miss|p1b: Fig|p2a: Tatsugiri\n|-supereffective|p2b: Dondozo\n|-damage|p2b: Dondozo|67\/100\n|move|p1a: Willa Gorilla|Wood Hammer|p2b: Dondozo\n|-resisted|p2b: Dondozo\n|-damage|p2b: Dondozo|54\/100\n|-damage|p1a: Willa Gorilla|95\/100|[from] Recoil\n|move|p2b: Dondozo|Substitute|p2b: Dondozo\n|-start|p2b: Dondozo|Substitute\n|-damage|p2b: Dondozo|29\/100\n|\n|-heal|p1b: Fig|68\/100|[from] Grassy Terrain\n|-heal|p1a: Willa Gorilla|100\/100|[from] Grassy Terrain\n|-heal|p2b: Dondozo|35\/100|[from] Grassy Terrain\n|-heal|p2b: Dondozo|42\/100|[from] item: Leftovers\n|upkeep\n|turn|5\n|j| Tempest brute\n|\n|t:|1700175003\n|move|p2b: Dondozo|Protect|p2b: Dondozo\n|-singleturn|p2b: Dondozo|Protect\n|move|p1a: Willa Gorilla|Grassy Glide|p2b: Dondozo\n|-activate|p2b: Dondozo|move: Protect\n|move|p1b: Fig|Dazzling Gleam|p2a: Tatsugiri|[spread] \n|-miss|p1b: Fig|p2a: Tatsugiri\n|-activate|p2b: Dondozo|move: Protect\n|\n|-heal|p1b: Fig|74\/100|[from] Grassy Terrain\n|-heal|p2b: Dondozo|48\/100|[from] Grassy Terrain\n|-heal|p2b: Dondozo|54\/100|[from] item: Leftovers\n|-fieldend|move: Trick Room\n|upkeep\n|turn|6\n|\n|t:|1700175015\n|move|p1a: Willa Gorilla|Grassy Glide|p2b: Dondozo\n|-resisted|p2b: Dondozo\n|-activate|p2b: Dondozo|move: Substitute|[damage]\n|move|p2b: Dondozo|Order Up|p1a: Willa Gorilla\n|-damage|p1a: Willa Gorilla|36\/100\n|-boost|p2b: Dondozo|atk|1\n|move|p1b: Fig|Trick Room|p1b: Fig\n|-fieldstart|move: Trick Room|[of] p1b: Fig\n|\n|-heal|p1b: Fig|80\/100|[from] Grassy Terrain\n|-heal|p1a: Willa Gorilla|42\/100|[from] Grassy Terrain\n|-heal|p2b: Dondozo|60\/100|[from] Grassy Terrain\n|-heal|p2b: Dondozo|67\/100|[from] item: Leftovers\n|upkeep\n|turn|7\n|n| A Johto Journey|ajohtojourney\n|\n|t:|1700175022\n|move|p2b: Dondozo|Protect|p2b: Dondozo\n|-singleturn|p2b: Dondozo|Protect\n|move|p1b: Fig|Dazzling Gleam|p2b: Dondozo|[spread] \n|-miss|p1b: Fig|p2a: Tatsugiri\n|-activate|p2b: Dondozo|move: Protect\n|move|p1a: Willa Gorilla|Wood Hammer|p2b: Dondozo\n|-activate|p2b: Dondozo|move: Protect\n|\n|-heal|p1b: Fig|87\/100|[from] Grassy Terrain\n|-heal|p1a: Willa Gorilla|48\/100|[from] Grassy Terrain\n|-heal|p2b: Dondozo|73\/100|[from] Grassy Terrain\n|-heal|p2b: Dondozo|79\/100|[from] item: Leftovers\n|-fieldend|move: Grassy Terrain\n|upkeep\n|turn|8\n|l| A Johto Journey\n|\n|t:|1700175046\n|move|p1b: Fig|Dazzling Gleam|p2a: Tatsugiri|[spread] p2b\n|-miss|p1b: Fig|p2a: Tatsugiri\n|-supereffective|p2b: Dondozo\n|-end|p2b: Dondozo|Substitute\n|move|p1a: Willa Gorilla|Wood Hammer|p2b: Dondozo\n|-resisted|p2b: Dondozo\n|-damage|p2b: Dondozo|67\/100\n|-damage|p1a: Willa Gorilla|43\/100|[from] Recoil\n|move|p2b: Dondozo|Earthquake|p1a: Willa Gorilla|[spread] p1a,p1b\n|-miss|p2b: Dondozo|p2a: Tatsugiri\n|-resisted|p1a: Willa Gorilla\n|-damage|p1a: Willa Gorilla|17\/100\n|-damage|p1b: Fig|36\/100\n|-enditem|p1b: Fig|Sitrus Berry|[eat]\n|-heal|p1b: Fig|61\/100|[from] item: Sitrus Berry\n|\n|-heal|p2b: Dondozo|73\/100|[from] item: Leftovers\n|upkeep\n|turn|9\n|\n|t:|1700175057\n|move|p2b: Dondozo|Protect|p2b: Dondozo\n|-singleturn|p2b: Dondozo|Protect\n|move|p1b: Fig|Dazzling Gleam|p2a: Tatsugiri|[spread] \n|-miss|p1b: Fig|p2a: Tatsugiri\n|-activate|p2b: Dondozo|move: Protect\n|move|p1a: Willa Gorilla|High Horsepower|p2b: Dondozo\n|-activate|p2b: Dondozo|move: Protect\n|\n|-heal|p2b: Dondozo|80\/100|[from] item: Leftovers\n|upkeep\n|turn|10\n|\n|t:|1700175095\n|move|p1b: Fig|Dazzling Gleam|p2a: Tatsugiri|[spread] p2b\n|-miss|p1b: Fig|p2a: Tatsugiri\n|-supereffective|p2b: Dondozo\n|-damage|p2b: Dondozo|59\/100\n|move|p1a: Willa Gorilla|Wood Hammer|p2b: Dondozo\n|-resisted|p2b: Dondozo\n|-damage|p2b: Dondozo|49\/100\n|-damage|p1a: Willa Gorilla|13\/100|[from] Recoil\n|move|p2b: Dondozo|Substitute|p2b: Dondozo\n|-start|p2b: Dondozo|Substitute\n|-damage|p2b: Dondozo|24\/100\n|\n|-heal|p2b: Dondozo|30\/100|[from] item: Leftovers\n|-fieldend|move: Trick Room\n|upkeep\n|turn|11\n|\n|t:|1700175102\n|switch|p1a: Yurtle the Turtle|Torkoal, L50, M, shiny|100\/100\n|-weather|SunnyDay|[from] ability: Drought|[of] p1a: Yurtle the Turtle\n|move|p2b: Dondozo|Earthquake|p1a: Yurtle the Turtle|[spread] p1a,p1b\n|-miss|p2b: Dondozo|p2a: Tatsugiri\n|-supereffective|p1a: Yurtle the Turtle\n|-damage|p1a: Yurtle the Turtle|18\/100\n|-damage|p1b: Fig|14\/100\n|move|p1b: Fig|Trick Room|p1b: Fig\n|-fieldstart|move: Trick Room|[of] p1b: Fig\n|\n|-weather|SunnyDay|[upkeep]\n|-heal|p2b: Dondozo|36\/100|[from] item: Leftovers\n|upkeep\n|turn|12\n|\n|t:|1700175109\n|move|p2b: Dondozo|Protect|p2b: Dondozo\n|-singleturn|p2b: Dondozo|Protect\n|move|p1a: Yurtle the Turtle|Earth Power|p2b: Dondozo\n|-activate|p2b: Dondozo|move: Protect\n|move|p1b: Fig|Dazzling Gleam|p2b: Dondozo|[spread] \n|-miss|p1b: Fig|p2a: Tatsugiri\n|-activate|p2b: Dondozo|move: Protect\n|\n|-weather|SunnyDay|[upkeep]\n|-heal|p2b: Dondozo|43\/100|[from] item: Leftovers\n|upkeep\n|turn|13\n|\n|t:|1700175113\n|move|p1a: Yurtle the Turtle|Earth Power|p2b: Dondozo\n|-activate|p2b: Dondozo|move: Substitute|[damage]\n|move|p1b: Fig|Dazzling Gleam|p2a: Tatsugiri|[spread] p2b\n|-miss|p1b: Fig|p2a: Tatsugiri\n|-supereffective|p2b: Dondozo\n|-end|p2b: Dondozo|Substitute\n|move|p2b: Dondozo|Earthquake|p1b: Fig|[spread] p1a,p1b\n|-miss|p2b: Dondozo|p2a: Tatsugiri\n|-supereffective|p1a: Yurtle the Turtle\n|-damage|p1a: Yurtle the Turtle|0 fnt\n|-damage|p1b: Fig|0 fnt\n|faint|p1a: Yurtle the Turtle\n|faint|p1b: Fig\n|\n|-weather|SunnyDay|[upkeep]\n|-heal|p2b: Dondozo|49\/100|[from] item: Leftovers\n|upkeep\n|c|\u2606SlowHomie|ggs\n|c|\u2606WickedCheeseTouch|gg\n|-message|SlowHomie forfeited.\n|\n|win|WickedCheeseTouch\n|n|\u2606SlowHomie|slowhomie\n|n| ale cog|alecog\n|n|\u2606WickedCheeseTouch|wickedcheesetouch\n|n| Plopy14|plopy14\n|n| fyfyyalt1|fyfyyalt1\n|n| Tempest brute|tempestbrute\n|l|\u2606SlowHomie\n","uploadtime":1700175125,"views":26,"p1id":"slowhomie","p2id":"wickedcheesetouch","formatid":"gen9vgc2023regulatione","rating":0,"private":0,"password":""}