{"id":"gen9vgc2023regulatione-2000069440","p1":"pundeh_1001","p2":"BonleyVGC","format":"[Gen 9] VGC 2023 Regulation E","log":"|j|\u2606pundeh_1001\n|j|\u2606BonleyVGC\n|t:|1701149201\n|gametype|doubles\n|player|p1|pundeh_1001|cynthia-gen4|1276\n|player|p2|BonleyVGC|dancer|1186\n|teamsize|p1|6\n|teamsize|p2|6\n|gen|9\n|tier|[Gen 9] VGC 2023 Regulation E\n|rated|\n|rule|Species Clause: Limit one of each Pok\u00e9mon\n|rule|Item Clause: Limit one of each item\n|clearpoke\n|poke|p1|Dusclops, L50, M|\n|poke|p1|Ursaluna-Bloodmoon, L50, M|\n|poke|p1|Ogerpon-Wellspring, L50, F|\n|poke|p1|Chi-Yu, L50|\n|poke|p1|Iron Hands, L50|\n|poke|p1|Landorus-Therian, L50, M|\n|poke|p2|Ogerpon-Cornerstone, L50, F|\n|poke|p2|Heatran, L50, F|\n|poke|p2|Tornadus, L50, M|\n|poke|p2|Landorus-Therian, L50, M|\n|poke|p2|Tyranitar, L50, F|\n|poke|p2|Gastrodon, L50, F|\n|teampreview|4\n|inactive|Battle timer is ON: inactive players will automatically lose when time's up. (requested by pundeh_1001)\npundeh_1001 has agreed to open team sheets.\n|\n|t:|1701149239\n|start\n|switch|p1a: Iron Hands|Iron Hands, L50|100\/100\n|switch|p1b: Ogerpon|Ogerpon-Wellspring, L50, F|100\/100\n|switch|p2a: Tyranitar|Tyranitar, L50, F|100\/100\n|switch|p2b: Tornadus|Tornadus, L50, M|100\/100\n|-weather|Sandstorm|[from] ability: Sand Stream|[of] p2a: Tyranitar\n|turn|1\n|inactive|pundeh_1001 has 30 seconds left.\n|inactive|BonleyVGC has 30 seconds left.\n|\n|t:|1701149272\n|-terastallize|p2a: Tyranitar|Ghost\n|move|p2b: Tornadus|Air Slash|p1b: Ogerpon|[miss]\n|-miss|p2b: Tornadus|p1b: Ogerpon\n|move|p1b: Ogerpon|Ivy Cudgel|p2b: Tornadus|[anim] Ivy Cudgel Water\n|-damage|p2b: Tornadus|17\/100\n|move|p2a: Tyranitar|Earthquake|p1a: Iron Hands|[spread] p1a,p1b\n|-immune|p2b: Tornadus\n|-supereffective|p1a: Iron Hands\n|-resisted|p1b: Ogerpon\n|-damage|p1a: Iron Hands|70\/100\n|-damage|p1b: Ogerpon|89\/100\n|move|p1a: Iron Hands|Drain Punch|p2a: Tyranitar\n|-immune|p2a: Tyranitar\n|\n|-weather|Sandstorm|[upkeep]\n|-damage|p1b: Ogerpon|83\/100|[from] Sandstorm\n|-damage|p2a: Tyranitar|95\/100|[from] Sandstorm\n|-damage|p1a: Iron Hands|64\/100|[from] Sandstorm\n|upkeep\n|turn|2\n|\n|t:|1701149296\n|move|p1b: Ogerpon|Spiky Shield|p1b: Ogerpon\n|-singleturn|p1b: Ogerpon|move: Protect\n|move|p2b: Tornadus|Air Slash|p1b: Ogerpon\n|-activate|p1b: Ogerpon|move: Protect\n|move|p2a: Tyranitar|Earthquake|p1b: Ogerpon|[spread] p1a\n|-activate|p1b: Ogerpon|move: Protect\n|-immune|p2b: Tornadus\n|-supereffective|p1a: Iron Hands\n|-damage|p1a: Iron Hands|34\/100\n|move|p1a: Iron Hands|Wild Charge|p2b: Tornadus\n|-supereffective|p2b: Tornadus\n|-damage|p2b: Tornadus|0 fnt\n|faint|p2b: Tornadus\n|-damage|p1a: Iron Hands|32\/100|[from] Recoil\n|\n|-weather|Sandstorm|[upkeep]\n|-damage|p1b: Ogerpon|77\/100|[from] Sandstorm\n|-damage|p2a: Tyranitar|89\/100|[from] Sandstorm\n|-damage|p1a: Iron Hands|26\/100|[from] Sandstorm\n|upkeep\n|\n|t:|1701149317\n|switch|p2b: Ogerpon|Ogerpon-Cornerstone, L50, F|100\/100\n|turn|3\n|\n|t:|1701149325\n|move|p2b: Ogerpon|Spiky Shield|p2b: Ogerpon\n|-singleturn|p2b: Ogerpon|move: Protect\n|move|p1b: Ogerpon|Follow Me|p1b: Ogerpon\n|-singleturn|p1b: Ogerpon|move: Follow Me\n|move|p2a: Tyranitar|Earthquake|p1b: Ogerpon|[spread] p1a,p1b\n|-activate|p2b: Ogerpon|move: Protect\n|-supereffective|p1a: Iron Hands\n|-resisted|p1b: Ogerpon\n|-damage|p1a: Iron Hands|0 fnt\n|-damage|p1b: Ogerpon|67\/100\n|faint|p1a: Iron Hands\n|-end|p1a: Iron Hands|Quark Drive|[silent]\n|\n|-weather|Sandstorm|[upkeep]\n|-damage|p1b: Ogerpon|61\/100|[from] Sandstorm\n|-damage|p2a: Tyranitar|83\/100|[from] Sandstorm\n|upkeep\n|\n|t:|1701149329\n|switch|p1a: Dusclops|Dusclops, L50, M|100\/100\n|-ability|p1a: Dusclops|Pressure\n|turn|4\n|\n|t:|1701149346\n|move|p1b: Ogerpon|Spiky Shield|p1b: Ogerpon\n|-singleturn|p1b: Ogerpon|move: Protect\n|move|p2b: Ogerpon|Swords Dance|p2b: Ogerpon\n|-boost|p2b: Ogerpon|atk|2\n|move|p2a: Tyranitar|Knock Off|p1a: Dusclops\n|-supereffective|p1a: Dusclops\n|-crit|p1a: Dusclops\n|-damage|p1a: Dusclops|27\/100\n|-enditem|p1a: Dusclops|Eviolite|[from] move: Knock Off|[of] p2a: Tyranitar\n|move|p1a: Dusclops|Trick Room|p1a: Dusclops\n|-fieldstart|move: Trick Room|[of] p1a: Dusclops\n|\n|-weather|Sandstorm|[upkeep]\n|-damage|p1a: Dusclops|21\/100|[from] Sandstorm\n|-damage|p2a: Tyranitar|77\/100|[from] Sandstorm\n|-damage|p1b: Ogerpon|55\/100|[from] Sandstorm\n|upkeep\n|turn|5\n|\n|t:|1701149369\n|move|p2b: Ogerpon|Spiky Shield|p2b: Ogerpon\n|-singleturn|p2b: Ogerpon|move: Protect\n|move|p1a: Dusclops|Will-O-Wisp|p2b: Ogerpon\n|-activate|p2b: Ogerpon|move: Protect\n|move|p2a: Tyranitar|Rock Slide|p1a: Dusclops|[spread] p1a,p1b\n|-damage|p1a: Dusclops|0 fnt\n|-damage|p1b: Ogerpon|32\/100\n|faint|p1a: Dusclops\n|move|p1b: Ogerpon|Ivy Cudgel|p2b: Ogerpon|[anim] Ivy Cudgel Water\n|-activate|p2b: Ogerpon|move: Protect\n|\n|-weather|none\n|upkeep\n|\n|t:|1701149373\n|switch|p1a: Ursaluna|Ursaluna-Bloodmoon, L50, M|100\/100\n|turn|6\n|inactive|BonleyVGC has 30 seconds left.\n|\n|t:|1701149402\n|-terastallize|p1a: Ursaluna|Normal\n|move|p1b: Ogerpon|Follow Me|p1b: Ogerpon\n|-singleturn|p1b: Ogerpon|move: Follow Me\n|move|p1a: Ursaluna|Hyper Voice|p2b: Ogerpon|[spread] p2a,p2b\n|-resisted|p2b: Ogerpon\n|-damage|p2a: Tyranitar|42\/100\n|-damage|p2b: Ogerpon|71\/100\n|move|p2a: Tyranitar|Rock Slide|p1b: Ogerpon|[spread] p1a\n|-miss|p2a: Tyranitar|p1b: Ogerpon\n|-damage|p1a: Ursaluna|83\/100\n|move|p2b: Ogerpon|Ivy Cudgel|p1b: Ogerpon|[anim] Ivy Cudgel Rock\n|-damage|p1b: Ogerpon|0 fnt\n|faint|p1b: Ogerpon\n|\n|upkeep\n|turn|7\n|\n|t:|1701149427\n|switch|p2a: Heatran|Heatran, L50, F|100\/100\n|move|p2b: Ogerpon|Spiky Shield|p2b: Ogerpon\n|-singleturn|p2b: Ogerpon|move: Protect\n|move|p1a: Ursaluna|Earth Power|p2b: Ogerpon\n|-activate|p2b: Ogerpon|move: Protect\n|\n|upkeep\n|turn|8\n|\n|t:|1701149441\n|switch|p2a: Tyranitar|Tyranitar, L50, F, tera:Ghost|42\/100\n|-weather|Sandstorm|[from] ability: Sand Stream|[of] p2a: Tyranitar\n|move|p1a: Ursaluna|Earth Power|p2b: Ogerpon\n|-damage|p2b: Ogerpon|36\/100\n|move|p2b: Ogerpon|Ivy Cudgel|p1a: Ursaluna|[anim] Ivy Cudgel Rock\n|-crit|p1a: Ursaluna\n|-damage|p1a: Ursaluna|0 fnt\n|faint|p1a: Ursaluna\n|\n|win|BonleyVGC\n|raw|pundeh_1001's rating: 1276 &rarr; <strong>1245<\/strong><br \/>(-31 for losing)\n|raw|BonleyVGC's rating: 1186 &rarr; <strong>1217<\/strong><br \/>(+31 for winning)\n|l|\u2606pundeh_1001\n","uploadtime":1701149593,"views":35,"p1id":"pundeh1001","p2id":"bonleyvgc","formatid":"gen9vgc2023regulatione","rating":1217,"private":0,"password":""}