{"id":"gen9vgc2023regulatione-1993994880","p1":"zhz2021","p2":"McSpheal VGC","format":"[Gen 9] VGC 2023 Regulation E","log":"|j|\u2606zhz2021\n|j|\u2606McSpheal VGC\n|t:|1700390172\n|gametype|doubles\n|player|p1|zhz2021|marley|1581\n|player|p2|McSpheal VGC|caitlin|1476\n|teamsize|p1|6\n|teamsize|p2|6\n|gen|9\n|tier|[Gen 9] VGC 2023 Regulation E\n|rated|\n|rule|Species Clause: Limit one of each Pok\u00e9mon\n|rule|Item Clause: Limit one of each item\n|clearpoke\n|poke|p1|Roaring Moon, L50|\n|poke|p1|Weezing-Galar, L50, M|\n|poke|p1|Flutter Mane, L50|\n|poke|p1|Iron Hands, L50|\n|poke|p1|Landorus-Therian, L50, M|\n|poke|p1|Sinistcha-Masterpiece, L50|\n|poke|p2|Chandelure, L50, M|\n|poke|p2|Milotic, L50, M|\n|poke|p2|Sinistcha-Masterpiece, L50|\n|poke|p2|Ogerpon-Wellspring, L50, F|\n|poke|p2|Flutter Mane, L50|\n|poke|p2|Iron Hands, L50|\n|teampreview|4\n|inactive|Battle timer is ON: inactive players will automatically lose when time's up. (requested by zhz2021)\n|\n|t:|1700390220\n|start\n|switch|p1a: Roaring Moon|Roaring Moon, L50|100\/100\n|switch|p1b: Iron Hands|Iron Hands, L50|100\/100\n|switch|p2a: Iron Hands|Iron Hands, L50|100\/100\n|switch|p2b: LAMP|Chandelure, L50, M|100\/100\n|-enditem|p1a: Roaring Moon|Booster Energy\n|-activate|p1a: Roaring Moon|ability: Protosynthesis|[fromitem]\n|-start|p1a: Roaring Moon|protosynthesisspe\n|turn|1\n|\n|t:|1700390240\n|-terastallize|p1a: Roaring Moon|Ghost\n|move|p2a: Iron Hands|Fake Out|p1a: Roaring Moon\n|-immune|p1a: Roaring Moon\n|move|p1a: Roaring Moon|Knock Off|p2b: LAMP\n|-supereffective|p2b: LAMP\n|-damage|p2b: LAMP|3\/100\n|-enditem|p2b: LAMP|Sitrus Berry|[from] move: Knock Off|[of] p1a: Roaring Moon\n|move|p1b: Iron Hands|Wild Charge|p2b: LAMP\n|-damage|p2b: LAMP|0 fnt\n|faint|p2b: LAMP\n|-damage|p1b: Iron Hands|99\/100|[from] Recoil\n|\n|upkeep\n|\n|t:|1700390257\n|switch|p2b: Flutter Mane|Flutter Mane, L50|100\/100\n|turn|2\n|\n|t:|1700390268\n|-terastallize|p2b: Flutter Mane|Fairy\n|move|p1a: Roaring Moon|Tailwind|p1a: Roaring Moon\n|-sidestart|p1: zhz2021|move: Tailwind\n|move|p1b: Iron Hands|Heavy Slam|p2b: Flutter Mane\n|-supereffective|p2b: Flutter Mane\n|-damage|p2b: Flutter Mane|0 fnt\n|faint|p2b: Flutter Mane\n|-end|p2b: Flutter Mane|Protosynthesis|[silent]\n|move|p2a: Iron Hands|Wild Charge|p1a: Roaring Moon\n|-crit|p1a: Roaring Moon\n|-damage|p1a: Roaring Moon|0 fnt\n|faint|p1a: Roaring Moon\n|-end|p1a: Roaring Moon|Protosynthesis|[silent]\n|-damage|p2a: Iron Hands|81\/100|[from] Recoil\n|\n|upkeep\n|\n|t:|1700390279\n|switch|p1a: Landorus|Landorus-Therian, L50, M|100\/100\n|switch|p2b: Ponyo|Ogerpon-Wellspring, L50, F|100\/100\n|-ability|p1a: Landorus|Intimidate|boost\n|-unboost|p2a: Iron Hands|atk|1\n|-unboost|p2b: Ponyo|atk|1\n|turn|3\n|\n|t:|1700390290\n|move|p1a: Landorus|Stomping Tantrum|p2a: Iron Hands\n|-supereffective|p2a: Iron Hands\n|-damage|p2a: Iron Hands|13\/100\n|move|p1b: Iron Hands|Wild Charge|p2a: Iron Hands\n|-resisted|p2a: Iron Hands\n|-damage|p2a: Iron Hands|0 fnt\n|faint|p2a: Iron Hands\n|-end|p2a: Iron Hands|Quark Drive|[silent]\n|-damage|p1b: Iron Hands|97\/100|[from] Recoil\n|move|p2b: Ponyo|Ivy Cudgel|p1a: Landorus|[anim] Ivy Cudgel Water\n|-supereffective|p1a: Landorus\n|-damage|p1a: Landorus|23\/100\n|\n|upkeep\n|turn|4\n|\n|t:|1700390309\n|move|p2b: Ponyo|Spiky Shield|p2b: Ponyo\n|-singleturn|p2b: Ponyo|move: Protect\n|move|p1a: Landorus|U-turn|p2b: Ponyo\n|-activate|p2b: Ponyo|move: Protect\n|-damage|p1a: Landorus|11\/100|[from] Spiky Shield|[of] p2b: Ponyo\n|move|p1b: Iron Hands|Wild Charge|p2b: Ponyo\n|-activate|p2b: Ponyo|move: Protect\n|-damage|p1b: Iron Hands|85\/100|[from] Spiky Shield|[of] p2b: Ponyo\n|\n|upkeep\n|turn|5\n|\n|t:|1700390321\n|move|p2b: Ponyo|Spiky Shield||[still]\n|-fail|p2b: Ponyo\n|move|p1a: Landorus|U-turn|p2b: Ponyo\n|-supereffective|p2b: Ponyo\n|-damage|p2b: Ponyo|49\/100\n|\n|t:|1700390324\n|switch|p1a: Sinistcha|Sinistcha-Masterpiece, L50|100\/100|[from] U-turn\n|-heal|p1b: Iron Hands|100\/100|[from] ability: Hospitality|[of] p1a: Sinistcha\n|move|p1b: Iron Hands|Wild Charge|p2b: Ponyo\n|-damage|p2b: Ponyo|9\/100\n|-damage|p1b: Iron Hands|93\/100|[from] Recoil\n|\n|-sideend|p1: zhz2021|move: Tailwind\n|upkeep\n|turn|6\n|\n|t:|1700390333\n|-end|p1b: Iron Hands|Quark Drive|[silent]\n|switch|p1b: Landorus|Landorus-Therian, L50, M|11\/100\n|-ability|p1b: Landorus|Intimidate|boost\n|-unboost|p2b: Ponyo|atk|1\n|move|p2b: Ponyo|Ivy Cudgel|p1b: Landorus|[anim] Ivy Cudgel Water\n|-supereffective|p1b: Landorus\n|-crit|p1b: Landorus\n|-damage|p1b: Landorus|0 fnt\n|faint|p1b: Landorus\n|move|p1a: Sinistcha|Matcha Gotcha|p2b: Ponyo\n|-damage|p2b: Ponyo|0 fnt\n|faint|p2b: Ponyo\n|\n|win|zhz2021\n|raw|zhz2021's rating: 1581 &rarr; <strong>1595<\/strong><br \/>(+14 for winning)\n|raw|McSpheal VGC's rating: 1476 &rarr; <strong>1462<\/strong><br \/>(-14 for losing)\n|l|\u2606McSpheal VGC\n","uploadtime":1700390356,"views":11,"p1id":"zhz2021","p2id":"mcsphealvgc","formatid":"gen9vgc2023regulatione","rating":1462,"private":0,"password":""}