{"id":"gen9vgc2023regulatione-1998526599","p1":"Bananana1 4","p2":"EnigmaticEevee","format":"[Gen 9] VGC 2023 Regulation E","log":"|j|\u2606Bananana1 4\n|j|\u2606EnigmaticEevee\n|t:|1700952396\n|gametype|doubles\n|player|p1|Bananana1 4|102|1056\n|player|p2|EnigmaticEevee|cynthia|1126\n|teamsize|p1|6\n|teamsize|p2|6\n|gen|9\n|tier|[Gen 9] VGC 2023 Regulation E\n|rated|\n|rule|Species Clause: Limit one of each Pok\u00e9mon\n|rule|Item Clause: Limit one of each item\n|clearpoke\n|poke|p1|Volcarona, L50, M|\n|poke|p1|Sinistcha-Masterpiece, L50|\n|poke|p1|Ninetales-Alola, L50, F|\n|poke|p1|Iron Hands, L50|\n|poke|p1|Kingambit, L50, F|\n|poke|p1|Landorus-Therian, L50, M|\n|poke|p2|Sinistcha-Masterpiece, L50|\n|poke|p2|Iron Valiant, L50|\n|poke|p2|Tornadus, L50, M|\n|poke|p2|Chi-Yu, L50|\n|poke|p2|Dragonite, L50, M|\n|poke|p2|Chien-Pao, L50|\n|teampreview|4\n|\n|t:|1700952424\n|start\n|switch|p1a: Ninetales|Ninetales-Alola, L50, F|100\/100\n|switch|p1b: Volcarona|Volcarona, L50, M|100\/100\n|switch|p2a: Sinistcha|Sinistcha-Masterpiece, L50|100\/100\n|switch|p2b: Tornadus|Tornadus, L50, M|100\/100\n|-weather|Snow|[from] ability: Snow Warning|[of] p1a: Ninetales\n|turn|1\n|\n|t:|1700952471\n|-terastallize|p2a: Sinistcha|Rock\n|move|p2b: Tornadus|Taunt|p1a: Ninetales\n|-start|p1a: Ninetales|move: Taunt\n|move|p1a: Ninetales|Icy Wind|p2b: Tornadus|[spread] p2a,p2b\n|-supereffective|p2b: Tornadus\n|-crit|p2b: Tornadus\n|-damage|p2a: Sinistcha|84\/100\n|-damage|p2b: Tornadus|50\/100\n|-unboost|p2a: Sinistcha|spe|1\n|move|p1b: Volcarona|Quiver Dance|p1b: Volcarona\n|-boost|p1b: Volcarona|spa|1\n|-boost|p1b: Volcarona|spd|1\n|-boost|p1b: Volcarona|spe|1\n|move|p2a: Sinistcha|Tera Blast|p1b: Volcarona|[anim] Tera Blast Rock\n|-supereffective|p1b: Volcarona\n|-damage|p1b: Volcarona|0 fnt\n|faint|p1b: Volcarona\n|-damage|p2a: Sinistcha|74\/100|[from] item: Life Orb\n|\n|-weather|Snow|[upkeep]\n|upkeep\n|\n|t:|1700952493\n|switch|p1b: Kingambit|Kingambit, L50, F|100\/100\n|turn|2\n|\n|t:|1700952513\n|switch|p2b: Chi-Yu|Chi-Yu, L50|100\/100\n|-ability|p2b: Chi-Yu|Beads of Ruin\n|move|p1a: Ninetales|Icy Wind|p2b: Chi-Yu|[spread] p2a,p2b\n|-resisted|p2b: Chi-Yu\n|-damage|p2a: Sinistcha|50\/100\n|-damage|p2b: Chi-Yu|94\/100\n|-unboost|p2a: Sinistcha|spe|1\n|-unboost|p2b: Chi-Yu|spe|1\n|move|p2a: Sinistcha|Tera Blast|p1a: Ninetales|[anim] Tera Blast Rock\n|-supereffective|p1a: Ninetales\n|-damage|p1a: Ninetales|0 fnt\n|faint|p1a: Ninetales\n|-damage|p2a: Sinistcha|40\/100|[from] item: Life Orb\n|move|p1b: Kingambit|Swords Dance|p1b: Kingambit\n|-boost|p1b: Kingambit|atk|2\n|\n|-weather|Snow|[upkeep]\n|upkeep\n|\n|t:|1700952525\n|switch|p1a: Sinistcha|Sinistcha-Masterpiece, L50|100\/100\n|turn|3\n|\n|t:|1700952542\n|switch|p2a: Iron Valiant|Iron Valiant, L50|100\/100\n|-enditem|p2a: Iron Valiant|Booster Energy\n|-activate|p2a: Iron Valiant|ability: Quark Drive|[fromitem]\n|-start|p2a: Iron Valiant|quarkdrivespe\n|-terastallize|p1a: Sinistcha|Water\n|move|p1b: Kingambit|Protect|p1b: Kingambit\n|-singleturn|p1b: Kingambit|Protect\n|move|p2b: Chi-Yu|Heat Wave|p1a: Sinistcha|[spread] p1a\n|-activate|p1b: Kingambit|move: Protect\n|-resisted|p1a: Sinistcha\n|-damage|p1a: Sinistcha|74\/100\n|move|p1a: Sinistcha|Calm Mind|p1a: Sinistcha\n|-boost|p1a: Sinistcha|spa|1\n|-boost|p1a: Sinistcha|spd|1\n|\n|-weather|Snow|[upkeep]\n|upkeep\n|turn|4\n|\n|t:|1700952568\n|move|p2a: Iron Valiant|Vacuum Wave|p1b: Kingambit\n|-supereffective|p1b: Kingambit\n|-damage|p1b: Kingambit|0 fnt\n|faint|p1b: Kingambit\n|move|p2b: Chi-Yu|Heat Wave|p1a: Sinistcha\n|-resisted|p1a: Sinistcha\n|-damage|p1a: Sinistcha|50\/100\n|move|p1a: Sinistcha|Matcha Gotcha|p2b: Chi-Yu|[spread] p2a,p2b\n|-resisted|p2b: Chi-Yu\n|-damage|p2a: Iron Valiant|16\/100\n|-heal|p1a: Sinistcha|85\/100|[from] drain|[of] p2a: Iron Valiant\n|-damage|p2b: Chi-Yu|72\/100\n|-heal|p1a: Sinistcha|93\/100|[from] drain|[of] p2b: Chi-Yu\n|\n|-weather|Snow|[upkeep]\n|upkeep\n|turn|5\n|\n|t:|1700952587\n|switch|p2b: Sinistcha|Sinistcha-Masterpiece, L50, tera:Rock|40\/100\n|move|p2a: Iron Valiant|Wide Guard|p2a: Iron Valiant\n|-singleturn|p2a: Iron Valiant|Wide Guard\n|move|p1a: Sinistcha|Matcha Gotcha|p2a: Iron Valiant|[spread] \n|-activate|p2a: Iron Valiant|move: Wide Guard\n|-activate|p2b: Sinistcha|move: Wide Guard\n|\n|-weather|none\n|upkeep\n|turn|6\n|\n|t:|1700952601\n|-end|p2a: Iron Valiant|Quark Drive|[silent]\n|switch|p2a: Tornadus|Tornadus, L50, M|50\/100\n|move|p2b: Sinistcha|Matcha Gotcha|p1a: Sinistcha|[miss]\n|-miss|p2b: Sinistcha|p1a: Sinistcha\n|move|p1a: Sinistcha|Matcha Gotcha|p2a: Tornadus|[spread] p2a,p2b\n|-resisted|p2a: Tornadus\n|-supereffective|p2b: Sinistcha\n|-damage|p2a: Tornadus|26\/100\n|-heal|p1a: Sinistcha|100\/100|[from] drain|[of] p2a: Tornadus\n|-damage|p2b: Sinistcha|0 fnt\n|faint|p2b: Sinistcha\n|\n|upkeep\n|\n|t:|1700952615\n|switch|p2b: Iron Valiant|Iron Valiant, L50|16\/100\n|turn|7\n|\n|t:|1700952628\n|move|p2b: Iron Valiant|Wide Guard|p2b: Iron Valiant\n|-singleturn|p2b: Iron Valiant|Wide Guard\n|move|p2a: Tornadus|Bleakwind Storm|p1a: Sinistcha\n|-damage|p1a: Sinistcha|68\/100\n|move|p1a: Sinistcha|Strength Sap|p2b: Iron Valiant\n|-unboost|p2b: Iron Valiant|atk|1\n|-heal|p1a: Sinistcha|100\/100\n|\n|upkeep\n|turn|8\n|\n|t:|1700952639\n|move|p2b: Iron Valiant|Wide Guard|p2b: Iron Valiant\n|-singleturn|p2b: Iron Valiant|Wide Guard\n|move|p2a: Tornadus|Taunt|p1a: Sinistcha\n|-start|p1a: Sinistcha|move: Taunt\n|move|p1a: Sinistcha|Matcha Gotcha|p2a: Tornadus|[spread] \n|-activate|p2a: Tornadus|move: Wide Guard\n|-activate|p2b: Iron Valiant|move: Wide Guard\n|\n|upkeep\n|turn|9\n|\n|t:|1700952655\n|move|p2b: Iron Valiant|Wide Guard|p2b: Iron Valiant\n|-singleturn|p2b: Iron Valiant|Wide Guard\n|move|p2a: Tornadus|Bleakwind Storm|p1a: Sinistcha\n|-damage|p1a: Sinistcha|65\/100\n|move|p1a: Sinistcha|Matcha Gotcha|p2a: Tornadus|[spread] \n|-activate|p2a: Tornadus|move: Wide Guard\n|-activate|p2b: Iron Valiant|move: Wide Guard\n|\n|upkeep\n|turn|10\n|\n|t:|1700952666\n|move|p2b: Iron Valiant|Wide Guard|p2b: Iron Valiant\n|-singleturn|p2b: Iron Valiant|Wide Guard\n|move|p2a: Tornadus|Bleakwind Storm|p1a: Sinistcha|[miss]\n|-miss|p2a: Tornadus|p1a: Sinistcha\n|move|p1a: Sinistcha|Matcha Gotcha|p2b: Iron Valiant|[spread] \n|-activate|p2a: Tornadus|move: Wide Guard\n|-activate|p2b: Iron Valiant|move: Wide Guard\n|\n|-end|p1a: Sinistcha|move: Taunt\n|upkeep\n|turn|11\n|\n|t:|1700952679\n|move|p2b: Iron Valiant|Wide Guard|p2b: Iron Valiant\n|-singleturn|p2b: Iron Valiant|Wide Guard\n|move|p2a: Tornadus|Taunt|p1a: Sinistcha\n|-start|p1a: Sinistcha|move: Taunt\n|cant|p1a: Sinistcha|move: Taunt|Strength Sap\n|\n|upkeep\n|turn|12\n|\n|t:|1700952689\n|move|p2b: Iron Valiant|Wide Guard|p2b: Iron Valiant\n|-singleturn|p2b: Iron Valiant|Wide Guard\n|move|p2a: Tornadus|Bleakwind Storm|p1a: Sinistcha|[miss]\n|-miss|p2a: Tornadus|p1a: Sinistcha\n|move|p1a: Sinistcha|Matcha Gotcha|p2a: Tornadus|[spread] \n|-activate|p2a: Tornadus|move: Wide Guard\n|-activate|p2b: Iron Valiant|move: Wide Guard\n|\n|upkeep\n|turn|13\n|\n|t:|1700952701\n|move|p2b: Iron Valiant|Wide Guard|p2b: Iron Valiant\n|-singleturn|p2b: Iron Valiant|Wide Guard\n|move|p2a: Tornadus|Bleakwind Storm|p1a: Sinistcha|[miss]\n|-miss|p2a: Tornadus|p1a: Sinistcha\n|move|p1a: Sinistcha|Matcha Gotcha|p2b: Iron Valiant|[spread] \n|-activate|p2a: Tornadus|move: Wide Guard\n|-activate|p2b: Iron Valiant|move: Wide Guard\n|\n|-end|p1a: Sinistcha|move: Taunt\n|upkeep\n|turn|14\n|\n|t:|1700952714\n|move|p2b: Iron Valiant|Wide Guard|p2b: Iron Valiant\n|-singleturn|p2b: Iron Valiant|Wide Guard\n|move|p2a: Tornadus|Taunt|p1a: Sinistcha\n|-start|p1a: Sinistcha|move: Taunt\n|move|p1a: Sinistcha|Matcha Gotcha|p2a: Tornadus|[spread] \n|-activate|p2a: Tornadus|move: Wide Guard\n|-activate|p2b: Iron Valiant|move: Wide Guard\n|\n|upkeep\n|turn|15\n|inactive|Battle timer is ON: inactive players will automatically lose when time's up. (requested by Bananana1 4)\n|\n|t:|1700952728\n|move|p2b: Iron Valiant|Wide Guard|p2b: Iron Valiant\n|-singleturn|p2b: Iron Valiant|Wide Guard\n|move|p2a: Tornadus|Bleakwind Storm|p1a: Sinistcha\n|-damage|p1a: Sinistcha|33\/100\n|move|p1a: Sinistcha|Matcha Gotcha|p2a: Tornadus|[spread] \n|-activate|p2a: Tornadus|move: Wide Guard\n|-activate|p2b: Iron Valiant|move: Wide Guard\n|\n|upkeep\n|turn|16\n|\n|t:|1700952739\n|move|p2b: Iron Valiant|Wide Guard|p2b: Iron Valiant\n|-singleturn|p2b: Iron Valiant|Wide Guard\n|move|p2a: Tornadus|Bleakwind Storm|p1a: Sinistcha\n|-damage|p1a: Sinistcha|2\/100\n|move|p1a: Sinistcha|Matcha Gotcha|p2b: Iron Valiant|[spread] \n|-activate|p2a: Tornadus|move: Wide Guard\n|-activate|p2b: Iron Valiant|move: Wide Guard\n|\n|-end|p1a: Sinistcha|move: Taunt\n|upkeep\n|turn|17\n|\n|t:|1700952751\n|switch|p2a: Chi-Yu|Chi-Yu, L50|72\/100\n|-ability|p2a: Chi-Yu|Beads of Ruin\n|move|p2b: Iron Valiant|Vacuum Wave|p1a: Sinistcha\n|-damage|p1a: Sinistcha|0 fnt\n|faint|p1a: Sinistcha\n|\n|win|EnigmaticEevee\n|raw|Bananana1 4's rating: 1056 &rarr; <strong>1041<\/strong><br \/>(-15 for losing)\n|raw|EnigmaticEevee's rating: 1126 &rarr; <strong>1146<\/strong><br \/>(+20 for winning)\n|c|\u2606EnigmaticEevee|gg\n","uploadtime":1700952760,"views":15,"p1id":"bananana14","p2id":"enigmaticeevee","formatid":"gen9vgc2023regulatione","rating":1041,"private":0,"password":""}