{"id":"gen9vgc2023regulatione-1995225957","p1":"GinGearity","p2":"Toni88","format":"[Gen 9] VGC 2023 Regulation E","log":"|j|\u2606GinGearity\n|j|\u2606Toni88\n|t:|1700536906\n|gametype|doubles\n|player|p1|GinGearity|marshal|1183\n|player|p2|Toni88|2|1074\n|teamsize|p1|6\n|teamsize|p2|6\n|gen|9\n|tier|[Gen 9] VGC 2023 Regulation E\n|rated|\n|rule|Species Clause: Limit one of each Pok\u00e9mon\n|rule|Item Clause: Limit one of each item\n|clearpoke\n|poke|p1|Falinks, L50|\n|poke|p1|Indeedee-F, L50, F|\n|poke|p1|Armarouge, L50, M|\n|poke|p1|Dragapult, L50, M|\n|poke|p1|Ursaluna, L50, F|\n|poke|p1|Hatterene, L50, F|\n|poke|p2|Lurantis, L50, F|\n|poke|p2|Pelipper, L50, M|\n|poke|p2|Gholdengo, L50|\n|poke|p2|Empoleon, L50, M|\n|poke|p2|Clodsire, L50, M|\n|poke|p2|Rotom-Wash, L50|\n|teampreview|4\n|inactive|Battle timer is ON: inactive players will automatically lose when time's up. (requested by GinGearity)\n|\n|t:|1700536944\n|start\n|switch|p1a: Corazon|Armarouge, L50, M|100\/100\n|switch|p1b: Maestra|Dragapult, L50, M|100\/100\n|switch|p2a: Ghogengal|Gholdengo, L50|100\/100\n|switch|p2b: WashingMachine|Rotom-Wash, L50, shiny|100\/100\n|turn|1\n|\n|t:|1700536968\n|-terastallize|p1a: Corazon|Psychic\n|move|p1b: Maestra|U-turn|p1a: Corazon\n|-supereffective|p1a: Corazon\n|-damage|p1a: Corazon|67\/100\n|-ability|p1a: Corazon|Weak Armor|boost\n|-unboost|p1a: Corazon|def|1\n|-boost|p1a: Corazon|spe|2\n|-enditem|p1a: Corazon|Weakness Policy\n|-boost|p1a: Corazon|atk|2|[from] item: Weakness Policy\n|-boost|p1a: Corazon|spa|2|[from] item: Weakness Policy\n|\n|t:|1700536977\n|switch|p1b: Mucama|Indeedee-F, L50, F|100\/100|[from] U-turn\n|-fieldstart|move: Psychic Terrain|[from] ability: Psychic Surge|[of] p1b: Mucama\n|move|p1a: Corazon|Expanding Force|p2b: WashingMachine|[spread] p2a,p2b\n|-resisted|p2a: Ghogengal\n|-damage|p2a: Ghogengal|3\/100\n|-damage|p2b: WashingMachine|0 fnt\n|faint|p2b: WashingMachine\n|move|p2a: Ghogengal|Shadow Ball|p1a: Corazon\n|-supereffective|p1a: Corazon\n|-damage|p1a: Corazon|0 fnt\n|faint|p1a: Corazon\n|\n|upkeep\n|j| mymommyeatsmyfries\n|\n|t:|1700536991\n|switch|p2b: Mint|Lurantis, L50, F, shiny|100\/100\n|switch|p1a: La Bruja|Hatterene, L50, F|100\/100\n|turn|2\n|\n|t:|1700537006\n|move|p1b: Mucama|Follow Me|p1b: Mucama\n|-singleturn|p1b: Mucama|move: Follow Me\n|move|p2a: Ghogengal|Shadow Ball|p1b: Mucama\n|-immune|p1b: Mucama\n|move|p2b: Mint|Leaf Storm|p1b: Mucama\n|-damage|p1b: Mucama|70\/100\n|-boost|p2b: Mint|spa|2\n|move|p1a: La Bruja|Trick Room|p1a: La Bruja\n|-fieldstart|move: Trick Room|[of] p1a: La Bruja\n|\n|upkeep\n|turn|3\n|\n|t:|1700537030\n|move|p1b: Mucama|Follow Me|p1b: Mucama\n|-singleturn|p1b: Mucama|move: Follow Me\n|move|p1a: La Bruja|Dazzling Gleam|p2a: Ghogengal|[spread] p2a,p2b\n|-resisted|p2a: Ghogengal\n|-damage|p2a: Ghogengal|0 fnt\n|-damage|p2b: Mint|66\/100\n|faint|p2a: Ghogengal\n|move|p2b: Mint|Leech Life|p1b: Mucama\n|-supereffective|p1b: Mucama\n|-damage|p1b: Mucama|19\/100\n|-heal|p2b: Mint|93\/100|[from] drain|[of] p1b: Mucama\n|-damage|p2b: Mint|76\/100|[from] item: Rocky Helmet|[of] p1b: Mucama\n|\n|-heal|p2b: Mint|82\/100|[from] item: Leftovers\n|upkeep\n|\n|t:|1700537042\n|switch|p2a: CLUB PENGUIN|Empoleon, L50, M|100\/100\n|turn|4\n|\n|t:|1700537056\n|move|p1b: Mucama|Helping Hand|p1a: La Bruja\n|-singleturn|p1a: La Bruja|Helping Hand|[of] p1b: Mucama\n|move|p1a: La Bruja|Mystical Fire|p2b: Mint\n|-supereffective|p2b: Mint\n|-damage|p2b: Mint|0 fnt\n|faint|p2b: Mint\n|move|p2a: CLUB PENGUIN|Flash Cannon|p1a: La Bruja\n|-supereffective|p1a: La Bruja\n|-damage|p1a: La Bruja|5\/100\n|\n|upkeep\n|turn|5\n|\n|t:|1700537071\n|move|p1b: Mucama|Helping Hand|p1a: La Bruja\n|-singleturn|p1a: La Bruja|Helping Hand|[of] p1b: Mucama\n|move|p2a: CLUB PENGUIN|Vacuum Wave|p1a: La Bruja\n|-activate|p1a: La Bruja|move: Psychic Terrain\n|move|p1a: La Bruja|Psychic|p2a: CLUB PENGUIN\n|-resisted|p2a: CLUB PENGUIN\n|-damage|p2a: CLUB PENGUIN|65\/100\n|-unboost|p2a: CLUB PENGUIN|spd|1\n|-ability|p2a: CLUB PENGUIN|Competitive|boost\n|-boost|p2a: CLUB PENGUIN|spa|2\n|\n|-fieldend|move: Psychic Terrain\n|upkeep\n|turn|6\n|\n|t:|1700537094\n|move|p2a: CLUB PENGUIN|Vacuum Wave|p1a: La Bruja\n|-resisted|p1a: La Bruja\n|-damage|p1a: La Bruja|0 fnt\n|faint|p1a: La Bruja\n|move|p1b: Mucama|Dazzling Gleam|p2a: CLUB PENGUIN\n|-resisted|p2a: CLUB PENGUIN\n|-damage|p2a: CLUB PENGUIN|55\/100\n|\n|-fieldend|move: Trick Room\n|upkeep\n|\n|t:|1700537101\n|switch|p1a: Maestra|Dragapult, L50, M|100\/100\n|turn|7\n|\n|t:|1700537118\n|move|p1b: Mucama|Helping Hand|p1a: Maestra\n|-singleturn|p1a: Maestra|Helping Hand|[of] p1b: Mucama\n|move|p1a: Maestra|Shadow Ball|p2a: CLUB PENGUIN\n|-damage|p2a: CLUB PENGUIN|0 fnt\n|faint|p2a: CLUB PENGUIN\n|\n|win|GinGearity\n|raw|GinGearity's rating: 1183 &rarr; <strong>1198<\/strong><br \/>(+15 for winning)\n|raw|Toni88's rating: 1038 &rarr; <strong>1028<\/strong><br \/>(-10 for losing)\n","uploadtime":1700537128,"views":11,"p1id":"gingearity","p2id":"toni88","formatid":"gen9vgc2023regulatione","rating":1028,"private":0,"password":""}