{"id":"gen9vgc2023regulatione-1992988816","p1":"Pr1ncip3","p2":"yerawizardpikachu","format":"[Gen 9] VGC 2023 Regulation E","log":"|j|\u2606Pr1ncip3\n|j|\u2606yerawizardpikachu\n|t:|1700253143\n|gametype|doubles\n|player|p1|Pr1ncip3|266|1143\n|player|p2|yerawizardpikachu|265|1160\n|teamsize|p1|6\n|teamsize|p2|6\n|gen|9\n|tier|[Gen 9] VGC 2023 Regulation E\n|rated|\n|rule|Species Clause: Limit one of each Pok\u00e9mon\n|rule|Item Clause: Limit one of each item\n|clearpoke\n|poke|p1|Heatran, L50, M|\n|poke|p1|Ninetales-Alola, L50, F|\n|poke|p1|Sinistcha, L50|\n|poke|p1|Gyarados, L50, F|\n|poke|p1|Ursaluna-Bloodmoon, L50, M|\n|poke|p1|Iron Hands, L50|\n|poke|p2|Gholdengo, L50|\n|poke|p2|Rillaboom, L50, M|\n|poke|p2|Ninetales-Alola, L50, M|\n|poke|p2|Ogerpon-Hearthflame, L50, F|\n|poke|p2|Iron Bundle, L50|\n|poke|p2|Salamence, L50, F|\n|teampreview|4\n|inactive|Battle timer is ON: inactive players will automatically lose when time's up. (requested by yerawizardpikachu)\n|inactive|yerawizardpikachu has 60 seconds left.\n|\n|t:|1700253191\n|start\n|switch|p1a: Sinistcha|Sinistcha, L50|100\/100\n|switch|p1b: Iron Hands|Iron Hands, L50|100\/100\n|switch|p2a: Rillaboom|Rillaboom, L50, M|100\/100\n|switch|p2b: Iron Bundle|Iron Bundle, L50|100\/100\n|-fieldstart|move: Grassy Terrain|[from] ability: Grassy Surge|[of] p2a: Rillaboom\n|-enditem|p2a: Rillaboom|Grassy Seed\n|-boost|p2a: Rillaboom|def|1|[from] item: Grassy Seed\n|-enditem|p2b: Iron Bundle|Booster Energy\n|-activate|p2b: Iron Bundle|ability: Quark Drive|[fromitem]\n|-start|p2b: Iron Bundle|quarkdrivespe\n|turn|1\n|inactive|Pr1ncip3 has 30 seconds left.\n|inactive|yerawizardpikachu has 30 seconds left.\n|inactive|Pr1ncip3 has 20 seconds left.\n|inactive|Pr1ncip3 has 15 seconds left.\n|\n|t:|1700253232\n|-end|p2b: Iron Bundle|Quark Drive|[silent]\n|switch|p2b: Gholdengo|Gholdengo, L50|100\/100\n|switch|p1a: Heatran|Heatran, L50, M|100\/100\n|move|p1b: Iron Hands|Fake Out|p2a: Rillaboom\n|-crit|p2a: Rillaboom\n|-damage|p2a: Rillaboom|78\/100\n|cant|p2a: Rillaboom|flinch\n|\n|-heal|p2a: Rillaboom|84\/100|[from] Grassy Terrain\n|upkeep\n|turn|2\n|inactive|Pr1ncip3 has 30 seconds left.\n|inactive|yerawizardpikachu has 30 seconds left.\n|inactive|yerawizardpikachu has 20 seconds left.\n|inactive|yerawizardpikachu has 15 seconds left.\n|inactive|yerawizardpikachu has 10 seconds left.\n|inactive|yerawizardpikachu has 5 seconds left.\n|\n|t:|1700253284\n|switch|p2b: Ogerpon|Ogerpon-Hearthflame, L50, F|100\/100\n|-ability|p2b: Ogerpon|Mold Breaker\n|-terastallize|p2a: Rillaboom|Fire\n|move|p2a: Rillaboom|Swords Dance|p2a: Rillaboom\n|-boost|p2a: Rillaboom|atk|2\n|move|p1a: Heatran|Heat Wave|p2b: Ogerpon|[spread] p2a,p2b\n|-resisted|p2a: Rillaboom\n|-damage|p2a: Rillaboom|61\/100\n|-damage|p2b: Ogerpon|45\/100\n|-damage|p1a: Heatran|91\/100|[from] item: Life Orb\n|move|p1b: Iron Hands|Wild Charge|p2b: Ogerpon\n|-resisted|p2b: Ogerpon\n|-crit|p2b: Ogerpon\n|-damage|p2b: Ogerpon|10\/100\n|-damage|p1b: Iron Hands|94\/100|[from] Recoil\n|\n|-heal|p2b: Ogerpon|16\/100|[from] Grassy Terrain\n|-heal|p2a: Rillaboom|67\/100|[from] Grassy Terrain\n|-heal|p1a: Heatran|97\/100|[from] Grassy Terrain\n|-heal|p1b: Iron Hands|99\/100|[from] Grassy Terrain\n|upkeep\n|turn|3\n|inactive|Pr1ncip3 has 30 seconds left.\n|\n|t:|1700253313\n|-terastallize|p1a: Heatran|Grass\n|move|p2b: Ogerpon|Spiky Shield|p2b: Ogerpon\n|-singleturn|p2b: Ogerpon|move: Protect\n|move|p2a: Rillaboom|High Horsepower|p1a: Heatran\n|-resisted|p1a: Heatran\n|-damage|p1a: Heatran|73\/100\n|move|p1a: Heatran|Earth Power|p2a: Rillaboom\n|-supereffective|p2a: Rillaboom\n|-damage|p2a: Rillaboom|0 fnt\n|faint|p2a: Rillaboom\n|-damage|p1a: Heatran|63\/100|[from] item: Life Orb\n|move|p1b: Iron Hands|Drain Punch|p2b: Ogerpon\n|-activate|p2b: Ogerpon|move: Protect\n|-damage|p1b: Iron Hands|88\/100|[from] Spiky Shield|[of] p2b: Ogerpon\n|\n|-heal|p2b: Ogerpon|22\/100|[from] Grassy Terrain\n|-heal|p1a: Heatran|69\/100|[from] Grassy Terrain\n|-heal|p1b: Iron Hands|94\/100|[from] Grassy Terrain\n|upkeep\n|inactive|yerawizardpikachu has 30 seconds left.\n|\n|t:|1700253342\n|switch|p2a: Gholdengo|Gholdengo, L50|100\/100\n|turn|4\n|\n|t:|1700253358\n|-end|p1b: Iron Hands|Quark Drive|[silent]\n|switch|p1b: Sinistcha|Sinistcha, L50|100\/100\n|-heal|p1a: Heatran|94\/100|[from] ability: Hospitality|[of] p1b: Sinistcha\n|move|p2b: Ogerpon|Follow Me|p2b: Ogerpon\n|-singleturn|p2b: Ogerpon|move: Follow Me\n|move|p2a: Gholdengo|Nasty Plot|p2a: Gholdengo\n|-boost|p2a: Gholdengo|spa|2\n|move|p1a: Heatran|Heat Wave|p2a: Gholdengo|[spread] p2a\n|-miss|p1a: Heatran|p2b: Ogerpon\n|-supereffective|p2a: Gholdengo\n|-damage|p2a: Gholdengo|7\/100\n|-damage|p1a: Heatran|84\/100|[from] item: Life Orb\n|\n|-heal|p2b: Ogerpon|28\/100|[from] Grassy Terrain\n|-heal|p2a: Gholdengo|14\/100|[from] Grassy Terrain\n|-heal|p2a: Gholdengo|20\/100|[from] item: Leftovers\n|-heal|p1a: Heatran|90\/100|[from] Grassy Terrain\n|upkeep\n|turn|5\n|inactive|yerawizardpikachu has 30 seconds left.\n|\n|t:|1700253387\n|move|p2b: Ogerpon|Ivy Cudgel|p1b: Sinistcha|[anim] Ivy Cudgel Fire\n|-supereffective|p1b: Sinistcha\n|-damage|p1b: Sinistcha|15\/100\n|-enditem|p1b: Sinistcha|Sitrus Berry|[eat]\n|-heal|p1b: Sinistcha|40\/100|[from] item: Sitrus Berry\n|move|p2a: Gholdengo|Shadow Ball|p1a: Heatran\n|-damage|p1a: Heatran|28\/100\n|-unboost|p1a: Heatran|spd|1\n|move|p1a: Heatran|Heat Wave|p2b: Ogerpon|[spread] p2a,p2b\n|-supereffective|p2a: Gholdengo\n|-damage|p2a: Gholdengo|0 fnt\n|-damage|p2b: Ogerpon|0 fnt\n|faint|p2a: Gholdengo\n|faint|p2b: Ogerpon\n|-damage|p1a: Heatran|19\/100|[from] item: Life Orb\n|move|p1b: Sinistcha|Trick Room|p1b: Sinistcha\n|-fieldstart|move: Trick Room|[of] p1b: Sinistcha\n|\n|-heal|p1b: Sinistcha|46\/100|[from] Grassy Terrain\n|-heal|p1a: Heatran|25\/100|[from] Grassy Terrain\n|-fieldend|move: Grassy Terrain\n|upkeep\n|-message|yerawizardpikachu forfeited.\n|\n|win|Pr1ncip3\n|raw|Pr1ncip3's rating: 1143 &rarr; <strong>1169<\/strong><br \/>(+26 for winning)\n|raw|yerawizardpikachu's rating: 1160 &rarr; <strong>1134<\/strong><br \/>(-26 for losing)\n|l|\u2606yerawizardpikachu\n","uploadtime":1700253410,"views":13,"p1id":"pr1ncip3","p2id":"yerawizardpikachu","formatid":"gen9vgc2023regulatione","rating":1134,"private":0,"password":""}