{"id":"gen9vgc2023regulatione-1988085642","p1":"Gyaramax2020","p2":"Welder Watt","format":"[Gen 9] VGC 2023 Regulation E","log":"|j|\u2606Gyaramax2020\n|j|\u2606Welder Watt\n|t:|1699667755\n|gametype|doubles\n|player|p1|Gyaramax2020|lance|\n|player|p2|Welder Watt|pokemoncenterlady|\n|teamsize|p1|6\n|teamsize|p2|6\n|gen|9\n|tier|[Gen 9] VGC 2023 Regulation E\n|rule|Species Clause: Limit one of each Pok\u00e9mon\n|rule|Item Clause: Limit one of each item\n|clearpoke\n|poke|p1|Heatran, L50, M|\n|poke|p1|Clefairy, L50, F|\n|poke|p1|Sinistcha-Masterpiece, L50|\n|poke|p1|Iron Hands, L50|\n|poke|p1|Ursaluna-Bloodmoon, L50, M|\n|poke|p1|Landorus-Therian, L50, M|\n|poke|p2|Magneton, L50|\n|poke|p2|Landorus-Therian, L50, M|\n|poke|p2|Iron Hands, L50|\n|poke|p2|Clefable, L50, F|\n|poke|p2|Hatterene, L50, F|\n|poke|p2|Ogerpon-Hearthflame, L50, F|\n|teampreview|4\nGyaramax2020 has agreed to open team sheets.\nWelder Watt has agreed to open team sheets.\n|showteam|p1|Heatran||ChoiceSpecs|FlashFire|HeatWave,EarthPower,FlashCannon,TeraBlast|||M|||50|,,,,,Grass]Clefairy||Eviolite|FriendGuard|FollowMe,HealPulse,Protect,HelpingHand|||F|||50|,,,,,Fire]Sinistcha-Masterpiece||MentalHerb|Hospitality|MatchaGotcha,RagePowder,StrengthSap,TrickRoom||||||50|,,,,,Water]Iron Hands||AssaultVest|QuarkDrive|FakeOut,WildCharge,DrainPunch,HeavySlam||||||50|,,,,,Fighting]Ursaluna-Bloodmoon||Leftovers|MindsEye|BloodMoon,EarthPower,CalmMind,VacuumWave|||M|||50|,,,,,Normal]Landorus-Therian||ChoiceScarf|Intimidate|TeraBlast,StompingTantrum,RockSlide,Uturn|||M|||50|,,,,,Flying\n|showteam|p2|Magneton||CustapBerry|Sturdy|Thunderbolt,SteelBeam,Protect,Endure||||||50|,,,,,Ghost]Landorus-Therian||ChoiceScarf|Intimidate|Earthquake,TeraBlast,RockSlide,Uturn|||M|||50|,,,,,Flying]Iron Hands||AssaultVest|QuarkDrive|WildCharge,DrainPunch,HeavySlam,FakeOut||||||50|,,,,,Grass]Clefable||Leftovers|Unaware|Moonblast,HelpingHand,FollowMe,Protect|||F|||50|,,,,,Dragon]Hatterene||CovertCloak|MagicBounce|DazzlingGleam,Psychic,MysticalFire,TrickRoom|||F|||50|,,,,,Fire]Ogerpon-Hearthflame||HearthflameMask|MoldBreaker|IvyCudgel,WoodHammer,KnockOff,SpikyShield|||F|||50|,,,,,Fire\n|\n|t:|1699667787\n|start\n|switch|p1a: Landorus|Landorus-Therian, L50, M, shiny|100\/100\n|switch|p1b: Clefairy|Clefairy, L50, F, shiny|100\/100\n|switch|p2a: Iron Hands|Iron Hands, L50|100\/100\n|switch|p2b: Hatterene|Hatterene, L50, F|100\/100\n|-ability|p1a: Landorus|Intimidate|boost\n|-unboost|p2a: Iron Hands|atk|1\n|-unboost|p2b: Hatterene|atk|1\n|turn|1\n|\n|t:|1699667813\n|move|p1b: Clefairy|Follow Me|p1b: Clefairy\n|-singleturn|p1b: Clefairy|move: Follow Me\n|move|p1a: Landorus|Rock Slide|p2a: Iron Hands|[spread] p2a,p2b\n|-resisted|p2a: Iron Hands\n|-damage|p2a: Iron Hands|93\/100\n|-damage|p2b: Hatterene|76\/100\n|move|p2a: Iron Hands|Heavy Slam|p1b: Clefairy\n|-supereffective|p1b: Clefairy\n|-damage|p1b: Clefairy|29\/100\n|move|p2b: Hatterene|Trick Room|p2b: Hatterene\n|-fieldstart|move: Trick Room|[of] p2b: Hatterene\n|\n|upkeep\n|turn|2\n|\n|t:|1699667835\n|switch|p1a: Ursaluna|Ursaluna-Bloodmoon, L50, M|100\/100\n|move|p1b: Clefairy|Protect|p1b: Clefairy\n|-singleturn|p1b: Clefairy|Protect\n|move|p2b: Hatterene|Dazzling Gleam|p1b: Clefairy|[spread] p1a\n|-activate|p1b: Clefairy|move: Protect\n|-damage|p1a: Ursaluna|70\/100\n|move|p2a: Iron Hands|Heavy Slam|p1a: Ursaluna\n|-crit|p1a: Ursaluna\n|-damage|p1a: Ursaluna|57\/100\n|\n|-heal|p1a: Ursaluna|63\/100|[from] item: Leftovers\n|upkeep\n|turn|3\n|\n|t:|1699667875\n|switch|p1a: Landorus|Landorus-Therian, L50, M, shiny|100\/100\n|-ability|p1a: Landorus|Intimidate|boost\n|-unboost|p2a: Iron Hands|atk|1\n|-unboost|p2b: Hatterene|atk|1\n|-terastallize|p2a: Iron Hands|Grass\n|move|p1b: Clefairy|Follow Me|p1b: Clefairy\n|-singleturn|p1b: Clefairy|move: Follow Me\n|move|p2b: Hatterene|Psychic|p1b: Clefairy\n|-damage|p1b: Clefairy|0 fnt\n|faint|p1b: Clefairy\n|move|p2a: Iron Hands|Drain Punch|p1a: Landorus\n|-resisted|p1a: Landorus\n|-damage|p1a: Landorus|88\/100\n|-heal|p2a: Iron Hands|98\/100|[from] drain|[of] p1a: Landorus\n|\n|upkeep\n|\n|t:|1699667895\n|switch|p1b: Ursaluna|Ursaluna-Bloodmoon, L50, M|63\/100\n|turn|4\n|\n|t:|1699667925\n|-end|p2a: Iron Hands|Quark Drive|[silent]\n|switch|p2a: Clefable|Clefable, L50, F, shiny|100\/100\n|-terastallize|p1a: Landorus|Flying\n|move|p2b: Hatterene|Mystical Fire|p1b: Ursaluna\n|-damage|p1b: Ursaluna|32\/100\n|-unboost|p1b: Ursaluna|spa|1\n|move|p1b: Ursaluna|Blood Moon|p2b: Hatterene\n|-damage|p2b: Hatterene|16\/100\n|move|p1a: Landorus|Tera Blast|p2a: Clefable|[anim] Tera Blast Flying\n|-damage|p2a: Clefable|57\/100\n|\n|-heal|p1b: Ursaluna|38\/100|[from] item: Leftovers\n|-heal|p2a: Clefable|63\/100|[from] item: Leftovers\n|upkeep\n|turn|5\n|\n|t:|1699667955\n|move|p2a: Clefable|Helping Hand|p2b: Hatterene\n|-singleturn|p2b: Hatterene|Helping Hand|[of] p2a: Clefable\n|move|p1b: Ursaluna|Vacuum Wave|p2a: Clefable\n|-resisted|p2a: Clefable\n|-damage|p2a: Clefable|55\/100\n|move|p2b: Hatterene|Dazzling Gleam|p1a: Landorus|[spread] p1a,p1b\n|-damage|p1a: Landorus|18\/100\n|-damage|p1b: Ursaluna|0 fnt\n|faint|p1b: Ursaluna\n|move|p1a: Landorus|Tera Blast|p2b: Hatterene|[anim] Tera Blast Flying\n|-damage|p2b: Hatterene|0 fnt\n|faint|p2b: Hatterene\n|\n|-heal|p2a: Clefable|61\/100|[from] item: Leftovers\n|-fieldend|move: Trick Room\n|upkeep\n|\n|t:|1699667970\n|switch|p1b: Sinistcha|Sinistcha-Masterpiece, L50, shiny|100\/100\n|switch|p2b: Landorus|Landorus-Therian, L50, M|100\/100\n|-ability|p2b: Landorus|Intimidate|boost\n|-unboost|p1a: Landorus|atk|1\n|-unboost|p1b: Sinistcha|atk|1\n|-heal|p1a: Landorus|43\/100|[from] ability: Hospitality|[of] p1b: Sinistcha\n|turn|6\n|\n|t:|1699667990\n|move|p2a: Clefable|Follow Me|p2a: Clefable\n|-singleturn|p2a: Clefable|move: Follow Me\n|move|p1a: Landorus|Tera Blast|p2a: Clefable|[anim] Tera Blast Flying\n|-damage|p2a: Clefable|12\/100\n|move|p2b: Landorus|Rock Slide|p1a: Landorus|[spread] p1a,p1b\n|-supereffective|p1a: Landorus\n|-damage|p1a: Landorus|0 fnt\n|-damage|p1b: Sinistcha|84\/100\n|faint|p1a: Landorus\n|move|p1b: Sinistcha|Matcha Gotcha|p2b: Landorus|[spread] p2a\n|-miss|p1b: Sinistcha|p2b: Landorus\n|-damage|p2a: Clefable|0 fnt\n|-heal|p1b: Sinistcha|91\/100|[from] drain|[of] p2a: Clefable\n|faint|p2a: Clefable\n|\n|upkeep\n|\n|t:|1699668003\n|switch|p2a: Iron Hands|Iron Hands, L50, tera:Grass|98\/100\n|turn|7\n|\n|t:|1699668013\n|move|p2b: Landorus|Rock Slide|p1b: Sinistcha\n|-damage|p1b: Sinistcha|68\/100\n|move|p1b: Sinistcha|Strength Sap|p2b: Landorus\n|-unboost|p2b: Landorus|atk|1\n|-heal|p1b: Sinistcha|100\/100\n|move|p2a: Iron Hands|Heavy Slam|p1b: Sinistcha\n|-damage|p1b: Sinistcha|61\/100\n|\n|upkeep\n|turn|8\n|\n|t:|1699668031\n|move|p2b: Landorus|Rock Slide|p1b: Sinistcha\n|-damage|p1b: Sinistcha|46\/100\n|cant|p1b: Sinistcha|flinch\n|move|p2a: Iron Hands|Heavy Slam|p1b: Sinistcha\n|-damage|p1b: Sinistcha|10\/100\n|\n|upkeep\n|turn|9\n|c|\u2606Gyaramax2020|Gg\n|c|\u2606Welder Watt|ggwp\n|\n|t:|1699668055\n|move|p2b: Landorus|Rock Slide|p1b: Sinistcha\n|-damage|p1b: Sinistcha|0 fnt\n|faint|p1b: Sinistcha\n|\n|win|Welder Watt\n","uploadtime":1699668066,"views":20,"p1id":"gyaramax2020","p2id":"welderwatt","formatid":"gen9vgc2023regulatione","rating":0,"private":0,"password":""}