{"id":"gen9vgc2023regulatione-1993104157","p1":"AceTrainerNite","p2":"The N7 Monk","format":"[Gen 9] VGC 2023 Regulation E","log":"|j|\u2606AceTrainerNite\n|j|\u2606The N7 Monk\n|t:|1700265215\n|gametype|doubles\n|player|p1|AceTrainerNite|acetrainer-gen4dp|1126\n|player|p2|The N7 Monk|acetrainer-gen4dp|1151\n|teamsize|p1|6\n|teamsize|p2|6\n|gen|9\n|tier|[Gen 9] VGC 2023 Regulation E\n|rated|\n|rule|Species Clause: Limit one of each Pok\u00e9mon\n|rule|Item Clause: Limit one of each item\n|clearpoke\n|poke|p1|Snorlax, L50, M|\n|poke|p1|Gholdengo, L50|\n|poke|p1|Iron Hands, L50|\n|poke|p1|Sinistcha, L50|\n|poke|p1|Salamence, L50, F|\n|poke|p1|Thundurus, L50, M|\n|poke|p2|Clawitzer, L50, F|\n|poke|p2|Farigiraf, L50, M|\n|poke|p2|Kommo-o, L50, F|\n|poke|p2|Ursaluna-Bloodmoon, L50, M|\n|poke|p2|Vikavolt, L50, F|\n|poke|p2|Copperajah, L50, F|\n|teampreview|4\nAceTrainerNite has agreed to open team sheets.\n|\n|t:|1700265277\n|start\n|switch|p1a: Snorlax|Snorlax, L50, M|100\/100\n|switch|p1b: Gholdengo|Gholdengo, L50|100\/100\n|switch|p2a: Farigiraf|Farigiraf, L50, M|100\/100\n|switch|p2b: Copperajah|Copperajah, L50, F|100\/100\n|turn|1\n|inactive|Battle timer is ON: inactive players will automatically lose when time's up. (requested by AceTrainerNite)\n|\n|t:|1700265299\n|move|p1b: Gholdengo|Shadow Ball|p2b: Copperajah\n|-damage|p2b: Copperajah|59\/100\n|move|p1a: Snorlax|Belly Drum|p1a: Snorlax\n|-damage|p1a: Snorlax|50\/100\n|-setboost|p1a: Snorlax|atk|6|[from] move: Belly Drum\n|-enditem|p1a: Snorlax|Sitrus Berry|[eat]\n|-heal|p1a: Snorlax|75\/100|[from] item: Sitrus Berry\n|move|p2b: Copperajah|Curse|p2b: Copperajah\n|-unboost|p2b: Copperajah|spe|1\n|-boost|p2b: Copperajah|atk|1\n|-boost|p2b: Copperajah|def|1\n|move|p2a: Farigiraf|Trick Room|p2a: Farigiraf\n|-fieldstart|move: Trick Room|[of] p2a: Farigiraf\n|\n|upkeep\n|turn|2\n|inactive|AceTrainerNite has 30 seconds left.\n|\n|t:|1700265328\n|switch|p1b: Sinistcha|Sinistcha, L50|100\/100\n|-heal|p1a: Snorlax|100\/100|[from] ability: Hospitality|[of] p1b: Sinistcha\n|-terastallize|p1a: Snorlax|Grass\n|move|p2b: Copperajah|Brick Break|p1a: Snorlax\n|-crit|p1a: Snorlax\n|-damage|p1a: Snorlax|20\/100\n|-damage|p2b: Copperajah|49\/100|[from] item: Life Orb\n|move|p1a: Snorlax|Facade|p2a: Farigiraf\n|-damage|p2a: Farigiraf|0 fnt\n|faint|p2a: Farigiraf\n|\n|upkeep\n|\n|t:|1700265342\n|switch|p2a: Clawitzer|Clawitzer, L50, F|100\/100\n|turn|3\n|\n|t:|1700265352\n|move|p1b: Sinistcha|Rage Powder|p1b: Sinistcha\n|-singleturn|p1b: Sinistcha|move: Rage Powder\n|move|p2b: Copperajah|Iron Head|p1b: Sinistcha\n|-damage|p1b: Sinistcha|0 fnt\n|-damage|p2b: Copperajah|32\/100|[from] item: Rocky Helmet|[of] p1b: Sinistcha\n|faint|p1b: Sinistcha\n|move|p1a: Snorlax|High Horsepower|p2b: Copperajah\n|-supereffective|p2b: Copperajah\n|-damage|p2b: Copperajah|0 fnt\n|faint|p2b: Copperajah\n|move|p2a: Clawitzer|Heal Pulse|p2: Copperajah|[notarget]\n|-fail|p2a: Clawitzer\n|\n|upkeep\n|\n|t:|1700265366\n|switch|p2b: Kommo-o|Kommo-o, L50, F|100\/100\n|switch|p1b: Iron Hands|Iron Hands, L50|100\/100\n|turn|4\n|\n|t:|1700265382\n|-terastallize|p2a: Clawitzer|Dragon\n|move|p1b: Iron Hands|Fake Out|p2a: Clawitzer\n|-damage|p2a: Clawitzer|84\/100\n|move|p1a: Snorlax|Facade|p2b: Kommo-o\n|-damage|p2b: Kommo-o|3\/100\n|move|p2b: Kommo-o|Clangorous Soul||[still]\n|-fail|p2b: Kommo-o\n|cant|p2a: Clawitzer|flinch\n|\n|upkeep\n|turn|5\n|-message|The N7 Monk forfeited.\n|\n|win|AceTrainerNite\n|raw|AceTrainerNite's rating: 1126 &rarr; <strong>1153<\/strong><br \/>(+27 for winning)\n|raw|The N7 Monk's rating: 1151 &rarr; <strong>1124<\/strong><br \/>(-27 for losing)\n|l|\u2606The N7 Monk\n|c|\u2606AceTrainerNite|gg\n","uploadtime":1700265399,"views":10,"p1id":"acetrainernite","p2id":"then7monk","formatid":"gen9vgc2023regulatione","rating":1124,"private":0,"password":""}