{"id":"gen9vgc2023regulatione-1990645422","p1":"Syd2J","p2":"AlreadyConfused","format":"[Gen 9] VGC 2023 Regulation E","log":"|j|\u2606Syd2J\n|j|\u2606AlreadyConfused\n|t:|1699988354\n|gametype|doubles\n|player|p1|Syd2J|265|1354\n|player|p2|AlreadyConfused|gentleman-gen4|1417\n|teamsize|p1|6\n|teamsize|p2|6\n|gen|9\n|tier|[Gen 9] VGC 2023 Regulation E\n|rated|\n|rule|Species Clause: Limit one of each Pok\u00e9mon\n|rule|Item Clause: Limit one of each item\n|clearpoke\n|poke|p1|Flutter Mane, L50|\n|poke|p1|Gholdengo, L50|\n|poke|p1|Ogerpon-Wellspring, L50, F|\n|poke|p1|Tornadus, L50, M|\n|poke|p1|Zapdos-Galar, L50|\n|poke|p1|Arcanine-Hisui, L50, F|\n|poke|p2|Roaring Moon, L50|\n|poke|p2|Iron Hands, L50|\n|poke|p2|Amoonguss, L50, M|\n|poke|p2|Milotic, L50, F|\n|poke|p2|Arcanine-Hisui, L50, M|\n|poke|p2|Flutter Mane, L50|\n|teampreview|4\n|inactive|Battle timer is ON: inactive players will automatically lose when time's up. (requested by Syd2J)\nSyd2J has agreed to open team sheets.\n|inactive|AlreadyConfused has 60 seconds left.\n|\n|t:|1699988394\n|start\n|switch|p1a: Gholdengo|Gholdengo, L50|100\/100\n|switch|p1b: Ogerpon|Ogerpon-Wellspring, L50, F|100\/100\n|switch|p2a: Iron Hands|Iron Hands, L50|100\/100\n|switch|p2b: Roaring Moon|Roaring Moon, L50|100\/100\n|-enditem|p2b: Roaring Moon|Booster Energy\n|-activate|p2b: Roaring Moon|ability: Protosynthesis|[fromitem]\n|-start|p2b: Roaring Moon|protosynthesisspe\n|turn|1\n|inactive|Syd2J has 30 seconds left.\n|\n|t:|1699988427\n|move|p1b: Ogerpon|Spiky Shield|p1b: Ogerpon\n|-singleturn|p1b: Ogerpon|move: Protect\n|move|p2b: Roaring Moon|Acrobatics|p1b: Ogerpon\n|-activate|p1b: Ogerpon|move: Protect\n|-damage|p2b: Roaring Moon|88\/100|[from] Spiky Shield|[of] p1b: Ogerpon\n|move|p1a: Gholdengo|Nasty Plot|p1a: Gholdengo\n|-boost|p1a: Gholdengo|spa|2\n|move|p2a: Iron Hands|Drain Punch|p1b: Ogerpon\n|-activate|p1b: Ogerpon|move: Protect\n|-damage|p2a: Iron Hands|88\/100|[from] Spiky Shield|[of] p1b: Ogerpon\n|\n|upkeep\n|turn|2\n|\n|t:|1699988451\n|move|p2b: Roaring Moon|Knock Off|p1a: Gholdengo\n|-supereffective|p1a: Gholdengo\n|-damage|p1a: Gholdengo|0 fnt\n|-enditem|p1a: Gholdengo|Metal Coat|[from] move: Knock Off|[of] p2b: Roaring Moon\n|faint|p1a: Gholdengo\n|move|p1b: Ogerpon|Ivy Cudgel|p2a: Iron Hands|[anim] Ivy Cudgel Water\n|-crit|p2a: Iron Hands\n|-damage|p2a: Iron Hands|32\/100\n|move|p2a: Iron Hands|Drain Punch|p1b: Ogerpon\n|-damage|p1b: Ogerpon|49\/100\n|-heal|p2a: Iron Hands|50\/100|[from] drain|[of] p1b: Ogerpon\n|\n|upkeep\n|\n|t:|1699988455\n|switch|p1a: Tornadus|Tornadus, L50, M|100\/100\n|turn|3\n|\n|t:|1699988471\n|move|p2b: Roaring Moon|Acrobatics|p1b: Ogerpon\n|-supereffective|p1b: Ogerpon\n|-damage|p1b: Ogerpon|0 fnt\n|faint|p1b: Ogerpon\n|move|p1a: Tornadus|Focus Blast|p2b: Roaring Moon\n|-supereffective|p2b: Roaring Moon\n|-damage|p2b: Roaring Moon|20\/100\n|-unboost|p2b: Roaring Moon|spd|1\n|move|p2a: Iron Hands|Drain Punch|p1a: Tornadus\n|-resisted|p1a: Tornadus\n|-damage|p1a: Tornadus|72\/100\n|-heal|p2a: Iron Hands|60\/100|[from] drain|[of] p1a: Tornadus\n|\n|upkeep\n|\n|t:|1699988475\n|switch|p1b: Zapdos|Zapdos-Galar, L50, shiny|100\/100\n|turn|4\n|\n|t:|1699988486\n|-terastallize|p1b: Zapdos|Steel\n|move|p2b: Roaring Moon|Knock Off|p1b: Zapdos\n|-damage|p1b: Zapdos|36\/100\n|-enditem|p1b: Zapdos|Adrenaline Orb|[from] move: Knock Off|[of] p2b: Roaring Moon\n|move|p1a: Tornadus|Bleakwind Storm|p2b: Roaring Moon|[spread] p2a,p2b\n|-damage|p2a: Iron Hands|37\/100\n|-damage|p2b: Roaring Moon|0 fnt\n|faint|p2b: Roaring Moon\n|-end|p2b: Roaring Moon|Protosynthesis|[silent]\n|move|p1b: Zapdos|Substitute|p1b: Zapdos\n|-start|p1b: Zapdos|Substitute\n|-damage|p1b: Zapdos|11\/100\n|move|p2a: Iron Hands|Wild Charge|p1b: Zapdos\n|-end|p1b: Zapdos|Substitute\n|-damage|p2a: Iron Hands|33\/100|[from] Recoil|[of] p1b: Zapdos\n|\n|upkeep\n|\n|t:|1699988501\n|switch|p2b: Flutter Mane|Flutter Mane, L50|100\/100\n|turn|5\n|\n|t:|1699988518\n|move|p1b: Zapdos|Detect|p1b: Zapdos\n|-singleturn|p1b: Zapdos|Protect\n|move|p1a: Tornadus|Tailwind|p1a: Tornadus\n|-sidestart|p1: Syd2J|move: Tailwind\n|move|p2b: Flutter Mane|Moonblast|p1a: Tornadus\n|-damage|p1a: Tornadus|2\/100\n|move|p2a: Iron Hands|Drain Punch|p1b: Zapdos\n|-activate|p1b: Zapdos|move: Protect\n|\n|upkeep\n|turn|6\n|\n|t:|1699988534\n|move|p1a: Tornadus|Bleakwind Storm|p2b: Flutter Mane|[spread] p2a,p2b\n|-damage|p2a: Iron Hands|12\/100\n|-damage|p2b: Flutter Mane|58\/100\n|-unboost|p2a: Iron Hands|spe|1\n|-unboost|p2b: Flutter Mane|spe|1\n|move|p1b: Zapdos|Brave Bird|p2b: Flutter Mane\n|-damage|p2b: Flutter Mane|0 fnt\n|faint|p2b: Flutter Mane\n|-end|p2b: Flutter Mane|Protosynthesis|[silent]\n|-damage|p1b: Zapdos|0 fnt|[from] Recoil\n|faint|p1b: Zapdos\n|move|p2a: Iron Hands|Drain Punch|p1a: Tornadus\n|-resisted|p1a: Tornadus\n|-crit|p1a: Tornadus\n|-damage|p1a: Tornadus|0 fnt\n|-heal|p2a: Iron Hands|13\/100|[from] drain|[of] p1a: Tornadus\n|faint|p1a: Tornadus\n|\n|win|AlreadyConfused\n|raw|Syd2J's rating: 1354 &rarr; <strong>1338<\/strong><br \/>(-16 for losing)\n|raw|AlreadyConfused's rating: 1417 &rarr; <strong>1433<\/strong><br \/>(+16 for winning)\n","uploadtime":1699988539,"views":11,"p1id":"syd2j","p2id":"alreadyconfused","formatid":"gen9vgc2023regulatione","rating":1338,"private":0,"password":""}