{"id":"gen9vgc2023regulatione-1988026023","p1":"Josuee_29","p2":"doggybears","format":"[Gen 9] VGC 2023 Regulation E","log":"|j|\u2606Josuee_29\n|j|\u2606doggybears\n|t:|1699660609\n|gametype|doubles\n|player|p1|Josuee_29|lucas|1155\n|player|p2|doggybears|janitor|1231\n|teamsize|p1|6\n|teamsize|p2|6\n|gen|9\n|tier|[Gen 9] VGC 2023 Regulation E\n|rated|\n|rule|Species Clause: Limit one of each Pok\u00e9mon\n|rule|Item Clause: Limit one of each item\n|clearpoke\n|poke|p1|Tornadus, L50, M|\n|poke|p1|Iron Hands, L50|\n|poke|p1|Rillaboom, L50, M|\n|poke|p1|Flutter Mane, L50|\n|poke|p1|Ogerpon-Hearthflame, L50, F|\n|poke|p1|Heatran, L50, F|\n|poke|p2|Chien-Pao, L50|\n|poke|p2|Rillaboom, L50, M|\n|poke|p2|Arcanine-Hisui, L50, F|\n|poke|p2|Tornadus, L50, M|\n|poke|p2|Urshifu-*, L50, M|\n|poke|p2|Flutter Mane, L50|\n|teampreview|4\ndoggybears has agreed to open team sheets.\n|inactive|Battle timer is ON: inactive players will automatically lose when time's up. (requested by doggybears)\n|\n|t:|1699660668\n|start\n|switch|p1a: Iron Hands|Iron Hands, L50|100\/100\n|switch|p1b: Ogerpon|Ogerpon-Hearthflame, L50, F|100\/100\n|switch|p2a: Tornadus|Tornadus, L50, M|100\/100\n|switch|p2b: Urshifu|Urshifu-Rapid-Strike, L50, M|100\/100\n|-ability|p1b: Ogerpon|Mold Breaker\n|turn|1\n|inactive|Josuee_29 has 30 seconds left.\n|inactive|doggybears has 30 seconds left.\n|inactive|Josuee_29 has 20 seconds left.\n|inactive|Josuee_29 has 15 seconds left.\n|\n|t:|1699660709\n|-terastallize|p2a: Tornadus|Ghost\n|move|p2b: Urshifu|Protect|p2b: Urshifu\n|-singleturn|p2b: Urshifu|Protect\n|move|p2a: Tornadus|Rain Dance|p2a: Tornadus\n|-weather|RainDance\n|move|p1b: Ogerpon|Horn Leech|p2b: Urshifu\n|-activate|p2b: Urshifu|move: Protect\n|move|p1a: Iron Hands|Wild Charge|p2a: Tornadus\n|-crit|p2a: Tornadus\n|-damage|p2a: Tornadus|20\/100\n|-damage|p1a: Iron Hands|84\/100|[from] item: Rocky Helmet|[of] p2a: Tornadus\n|-damage|p1a: Iron Hands|68\/100|[from] Recoil\n|\n|-weather|RainDance|[upkeep]\n|-heal|p1a: Iron Hands|74\/100|[from] item: Leftovers\n|upkeep\n|turn|2\n|inactive|Josuee_29 has 30 seconds left.\n|inactive|Josuee_29 has 20 seconds left.\n|inactive|Josuee_29 has 15 seconds left.\n|inactive|Josuee_29 has 10 seconds left.\n|inactive|Josuee_29 has 5 seconds left.\n|\n|t:|1699660764\n|move|p2a: Tornadus|Tailwind|p2a: Tornadus\n|-sidestart|p2: doggybears|move: Tailwind\n|move|p2b: Urshifu|Surging Strikes|p1a: Iron Hands\n|-crit|p1a: Iron Hands\n|-damage|p1a: Iron Hands|48\/100\n|-crit|p1a: Iron Hands\n|-damage|p1a: Iron Hands|18\/100\n|-crit|p1a: Iron Hands\n|-damage|p1a: Iron Hands|0 fnt\n|faint|p1a: Iron Hands\n|-end|p1a: Iron Hands|Quark Drive|[silent]\n|-hitcount|p1: Iron Hands|3\n|move|p1b: Ogerpon|Ivy Cudgel|p2b: Urshifu\n|-resisted|p2b: Urshifu\n|-damage|p2b: Urshifu|87\/100\n|\n|-weather|RainDance|[upkeep]\n|upkeep\n|inactive|Josuee_29 has 30 seconds left.\n|\n|t:|1699660794\n|switch|p1a: Heatran|Heatran, L50, F, shiny|100\/100\n|turn|3\n|inactive|Josuee_29 has 30 seconds left.\n|\n|t:|1699660828\n|move|p2a: Tornadus|Bleakwind Storm|p1a: Heatran|[spread] p1a,p1b\n|-resisted|p1a: Heatran\n|-supereffective|p1b: Ogerpon\n|-damage|p1a: Heatran|90\/100\n|-damage|p1b: Ogerpon|22\/100\n|-unboost|p1a: Heatran|spe|1\n|move|p2b: Urshifu|Surging Strikes|p1b: Ogerpon\n|-crit|p1b: Ogerpon\n|-damage|p1b: Ogerpon|0 fnt\n|faint|p1b: Ogerpon\n|-hitcount|p1: Ogerpon|1\n|move|p1a: Heatran|Earth Power|p2a: Tornadus\n|-damage|p2a: Tornadus|0 fnt\n|faint|p2a: Tornadus\n|\n|-weather|RainDance|[upkeep]\n|upkeep\n|\n|t:|1699660845\n|switch|p1b: Flutter Mane|Flutter Mane, L50, shiny|100\/100\n|switch|p2a: Arcanine|Arcanine-Hisui, L50, F|100\/100\n|-ability|p2a: Arcanine|Intimidate|boost\n|-unboost|p1a: Heatran|atk|1\n|-unboost|p1b: Flutter Mane|atk|1\n|turn|4\n|\n|t:|1699660869\n|-terastallize|p1a: Heatran|Fairy\n|move|p2b: Urshifu|Surging Strikes|p1b: Flutter Mane\n|-crit|p1b: Flutter Mane\n|-damage|p1b: Flutter Mane|32\/100\n|-crit|p1b: Flutter Mane\n|-damage|p1b: Flutter Mane|0 fnt\n|faint|p1b: Flutter Mane\n|-end|p1b: Flutter Mane|Protosynthesis|[silent]\n|-hitcount|p1: Flutter Mane|2\n|move|p2a: Arcanine|Rock Slide|p1a: Heatran\n|-damage|p1a: Heatran|33\/100\n|move|p1a: Heatran|Tera Blast|p2b: Urshifu|[anim] Tera Blast Fairy\n|-supereffective|p2b: Urshifu\n|-damage|p2b: Urshifu|0 fnt\n|faint|p2b: Urshifu\n|\n|-weather|RainDance|[upkeep]\n|upkeep\n|\n|t:|1699660882\n|switch|p2b: Chien-Pao|Chien-Pao, L50|100\/100\n|-ability|p2b: Chien-Pao|Sword of Ruin\n|turn|5\n|\n|t:|1699660892\n|move|p2b: Chien-Pao|Icicle Crash|p1a: Heatran\n|-damage|p1a: Heatran|0 fnt\n|faint|p1a: Heatran\n|\n|win|doggybears\n|raw|Josuee_29's rating: 1155 &rarr; <strong>1135<\/strong><br \/>(-20 for losing)\n|raw|doggybears's rating: 1231 &rarr; <strong>1251<\/strong><br \/>(+20 for winning)\n","uploadtime":1699660899,"views":130,"p1id":"josuee29","p2id":"doggybears","formatid":"gen9vgc2023regulatione","rating":1135,"private":0,"password":""}