{"id":"gen9vgc2023regulatione-1999266041","p1":"BowDog!","p2":"mochipupusa","format":"[Gen 9] VGC 2023 Regulation E","log":"|j|\u2606BowDog!\n|j|\u2606mochipupusa\n|n|\u2606BowDog!|bowdog\n|n|\u2606mochipupusa|mochipupusa\n|html|View the match progress at <a href=\"\/game-bestof3-gen9vgc2023regulatione-1999262566\">game-bestof3-gen9vgc2023regulatione-1999262566<\/a>\n|t:|1701052663\n|gametype|doubles\n|player|p1|BowDog!|winona|\n|player|p2|mochipupusa|collector|\n|teamsize|p1|6\n|teamsize|p2|6\n|gen|9\n|tier|[Gen 9] VGC 2023 Regulation E\n|rule|Species Clause: Limit one of each Pok\u00e9mon\n|rule|Item Clause: Limit one of each item\n|clearpoke\n|poke|p1|Tornadus, L50, M|\n|poke|p1|Urshifu-*, L50, M|\n|poke|p1|Chi-Yu, L50|\n|poke|p1|Flutter Mane, L50|\n|poke|p1|Arcanine-Hisui, L50, F|\n|poke|p1|Rillaboom, L50, M|\n|poke|p2|Roaring Moon, L50|\n|poke|p2|Milotic, L50, M|\n|poke|p2|Landorus-Therian, L50, M|\n|poke|p2|Flutter Mane, L50|\n|poke|p2|Iron Hands, L50|\n|poke|p2|Ogerpon-Hearthflame, L50, F|\n|teampreview|4\nmochipupusa has agreed to open team sheets.\nBowDog! has agreed to open team sheets.\n|showteam|p1|Tornadus||SitrusBerry|Prankster|BleakwindStorm,RainDance,Protect,Tailwind|||M|||50|,,,,,Ghost]Urshifu-Rapid-Strike||FocusSash|UnseenFist|CloseCombat,SurgingStrikes,AquaJet,Protect|||M|||50|,,,,,Water]Chi-Yu||ChoiceSpecs|BeadsofRuin|HeatWave,Snarl,DarkPulse,Overheat||||||50|,,,,,Ghost]Flutter Mane||BoosterEnergy|Protosynthesis|ShadowBall,DazzlingGleam,IcyWind,Protect||||||50|,,,,,Fairy]Arcanine-Hisui||ChoiceBand|Intimidate|FlareBlitz,RockSlide,ExtremeSpeed,HeadSmash|||F|||50|,,,,,Normal]Rillaboom||AssaultVest|GrassySurge|GrassyGlide,HighHorsepower,Uturn,FakeOut|||M|||50|,,,,,Fire\n|showteam|p2|Roaring Moon||BoosterEnergy|Protosynthesis|BreakingSwipe,KnockOff,Tailwind,Protect||||||50|,,,,,Poison]Milotic||SitrusBerry|Competitive|Scald,IcyWind,Haze,Protect|||M|||50|,,,,,Dragon]Landorus-Therian||ChoiceScarf|Intimidate|StompingTantrum,Uturn,RockSlide,TeraBlast|||M|||50|,,,,,Flying]Flutter Mane||FairyFeather|Protosynthesis|ShadowBall,Moonblast,DazzlingGleam,Protect||||||50|,,,,,Fairy]Iron Hands||AssaultVest|QuarkDrive|FakeOut,WildCharge,DrainPunch,HeavySlam||||||50|,,,,,Water]Ogerpon-Hearthflame||HearthflameMask|MoldBreaker|IvyCudgel,WoodHammer,FollowMe,SpikyShield|||F|||50|,,,,,Fire\n|inactive|Battle timer is ON: inactive players will automatically lose when time's up. (requested by BowDog!)\n|inactive|BowDog! has 60 seconds left.\n|inactive|mochipupusa has 60 seconds left.\n|\n|t:|1701052714\n|start\n|switch|p1a: Josh|Tornadus, L50, M|100\/100\n|switch|p1b: Mochi|Urshifu-Rapid-Strike, L50, M|100\/100\n|switch|p2a: Roaring Moon|Roaring Moon, L50|100\/100\n|switch|p2b: Iron Hands|Iron Hands, L50, shiny|100\/100\n|-enditem|p2a: Roaring Moon|Booster Energy\n|-activate|p2a: Roaring Moon|ability: Protosynthesis|[fromitem]\n|-start|p2a: Roaring Moon|protosynthesisatk\n|turn|1\n|inactive|BowDog! has 30 seconds left.\n|inactive|mochipupusa has 30 seconds left.\n|inactive|BowDog! has 20 seconds left.\n|inactive|BowDog! has 15 seconds left.\n|inactive|BowDog! has 10 seconds left.\n|inactive|BowDog! has 5 seconds left.\n|\n|t:|1701052768\n|switch|p1b: Akro Jr.|Arcanine-Hisui, L50, F|100\/100\n|-ability|p1b: Akro Jr.|Intimidate|boost\n|-unboost|p2a: Roaring Moon|atk|1\n|-unboost|p2b: Iron Hands|atk|1\n|-end|p2b: Iron Hands|Quark Drive|[silent]\n|switch|p2b: Landorus|Landorus-Therian, L50, M|100\/100\n|-ability|p2b: Landorus|Intimidate|boost\n|-unboost|p1a: Josh|atk|1\n|-unboost|p1b: Akro Jr.|atk|1\n|-terastallize|p1a: Josh|Ghost\n|move|p1a: Josh|Tailwind|p1a: Josh\n|-sidestart|p1: BowDog!|move: Tailwind\n|move|p2a: Roaring Moon|Breaking Swipe|p1a: Josh|[spread] p1a,p1b\n|-damage|p1a: Josh|74\/100\n|-damage|p1b: Akro Jr.|78\/100\n|-unboost|p1a: Josh|atk|1\n|-unboost|p1b: Akro Jr.|atk|1\n|\n|upkeep\n|turn|2\n|c|\u2606mochipupusa|these names\n|inactive|BowDog! has 30 seconds left.\n|inactive|mochipupusa has 30 seconds left.\n|inactive|BowDog! has 20 seconds left.\n|inactive|mochipupusa has 20 seconds left.\n|inactive|BowDog! has 15 seconds left.\n|\n|t:|1701052812\n|switch|p1b: Mochi|Urshifu-Rapid-Strike, L50, M|100\/100\n|move|p1a: Josh|Rain Dance|p1a: Josh\n|-weather|RainDance\n|move|p2b: Landorus|Stomping Tantrum|p1b: Mochi\n|-damage|p1b: Mochi|57\/100\n|move|p2a: Roaring Moon|Knock Off|p1a: Josh\n|-supereffective|p1a: Josh\n|-damage|p1a: Josh|0 fnt\n|-enditem|p1a: Josh|Sitrus Berry|[from] move: Knock Off|[of] p2a: Roaring Moon\n|faint|p1a: Josh\n|\n|-weather|RainDance|[upkeep]\n|upkeep\n|inactive|BowDog! has 30 seconds left.\n|\n|t:|1701052843\n|switch|p1a: BowDog!|Flutter Mane, L50|100\/100\n|-enditem|p1a: BowDog!|Booster Energy\n|-activate|p1a: BowDog!|ability: Protosynthesis|[fromitem]\n|-start|p1a: BowDog!|protosynthesisspe\n|turn|3\n|\n|t:|1701052864\n|move|p1a: BowDog!|Dazzling Gleam|p2b: Landorus|[spread] p2a,p2b\n|-supereffective|p2a: Roaring Moon\n|-damage|p2a: Roaring Moon|0 fnt\n|-damage|p2b: Landorus|65\/100\n|faint|p2a: Roaring Moon\n|-end|p2a: Roaring Moon|Protosynthesis|[silent]\n|move|p1b: Mochi|Surging Strikes|p2b: Landorus\n|-supereffective|p2b: Landorus\n|-crit|p2b: Landorus\n|-damage|p2b: Landorus|0 fnt\n|faint|p2b: Landorus\n|-hitcount|p2: Landorus|1\n|\n|-weather|RainDance|[upkeep]\n|upkeep\n|c|\u2606BowDog!|lol\n|\n|t:|1701052871\n|switch|p2a: Iron Hands|Iron Hands, L50, shiny|100\/100\n|switch|p2b: Milotic|Milotic, L50, M|100\/100\n|turn|4\n|inactive|BowDog! has 30 seconds left.\n|\n|t:|1701052902\n|move|p1a: BowDog!|Protect|p1a: BowDog!\n|-singleturn|p1a: BowDog!|Protect\n|move|p1b: Mochi|Protect|p1b: Mochi\n|-singleturn|p1b: Mochi|Protect\n|move|p2a: Iron Hands|Fake Out|p1b: Mochi\n|-activate|p1b: Mochi|move: Protect\n|move|p2b: Milotic|Icy Wind|p1b: Mochi|[spread] \n|-activate|p1a: BowDog!|move: Protect\n|-activate|p1b: Mochi|move: Protect\n|\n|-weather|RainDance|[upkeep]\n|-sideend|p1: BowDog!|move: Tailwind\n|upkeep\n|turn|5\n|inactive|BowDog! has 30 seconds left.\n|inactive|BowDog! has 20 seconds left.\n|inactive|BowDog! has 15 seconds left.\n|inactive|BowDog! has 10 seconds left.\n|\n|t:|1701052951\n|-terastallize|p2a: Iron Hands|Water\n|move|p1a: BowDog!|Dazzling Gleam|p2a: Iron Hands|[spread] p2a,p2b\n|-damage|p2a: Iron Hands|85\/100\n|-damage|p2b: Milotic|79\/100\n|move|p1b: Mochi|Surging Strikes|p2a: Iron Hands\n|-resisted|p2a: Iron Hands\n|-crit|p2a: Iron Hands\n|-damage|p2a: Iron Hands|73\/100\n|-resisted|p2a: Iron Hands\n|-crit|p2a: Iron Hands\n|-damage|p2a: Iron Hands|63\/100\n|-resisted|p2a: Iron Hands\n|-crit|p2a: Iron Hands\n|-damage|p2a: Iron Hands|52\/100\n|-hitcount|p2a: Iron Hands|3\n|move|p2b: Milotic|Scald|p1b: Mochi\n|-resisted|p1b: Mochi\n|-damage|p1b: Mochi|21\/100\n|move|p2a: Iron Hands|Heavy Slam|p1a: BowDog!\n|-supereffective|p1a: BowDog!\n|-damage|p1a: BowDog!|0 fnt\n|faint|p1a: BowDog!\n|-end|p1a: BowDog!|Protosynthesis|[silent]\n|\n|-weather|RainDance|[upkeep]\n|upkeep\n|\n|t:|1701052969\n|switch|p1a: Akro Jr.|Arcanine-Hisui, L50, F|78\/100\n|-ability|p1a: Akro Jr.|Intimidate|boost\n|-unboost|p2a: Iron Hands|atk|1\n|-unboost|p2b: Milotic|atk|1\n|-ability|p2b: Milotic|Competitive|boost\n|-boost|p2b: Milotic|spa|2\n|turn|6\n|inactive|BowDog! has 30 seconds left.\n|\n|t:|1701053002\n|move|p1b: Mochi|Close Combat|p2b: Milotic\n|-damage|p2b: Milotic|16\/100\n|-unboost|p1b: Mochi|def|1\n|-unboost|p1b: Mochi|spd|1\n|-enditem|p2b: Milotic|Sitrus Berry|[eat]\n|-heal|p2b: Milotic|40\/100|[from] item: Sitrus Berry\n|move|p1a: Akro Jr.|Flare Blitz|p2a: Iron Hands\n|-resisted|p2a: Iron Hands\n|-damage|p2a: Iron Hands|37\/100\n|-damage|p1a: Akro Jr.|72\/100|[from] Recoil\n|move|p2b: Milotic|Scald|p1b: Mochi\n|-resisted|p1b: Mochi\n|-damage|p1b: Mochi|0 fnt\n|faint|p1b: Mochi\n|move|p2a: Iron Hands|Drain Punch|p1a: Akro Jr.\n|-supereffective|p1a: Akro Jr.\n|-damage|p1a: Akro Jr.|15\/100\n|-heal|p2a: Iron Hands|59\/100|[from] drain|[of] p1a: Akro Jr.\n|\n|-weather|none\n|upkeep\n|turn|7\n|c|\u2606BowDog!|gg!\n|\n|t:|1701053025\n|move|p1a: Akro Jr.|Flare Blitz|p2b: Milotic\n|-resisted|p2b: Milotic\n|-damage|p2b: Milotic|0 fnt\n|faint|p2b: Milotic\n|-damage|p1a: Akro Jr.|1\/100|[from] Recoil\n|move|p2a: Iron Hands|Drain Punch|p1a: Akro Jr.\n|-supereffective|p1a: Akro Jr.\n|-damage|p1a: Akro Jr.|0 fnt\n|-heal|p2a: Iron Hands|60\/100|[from] drain|[of] p1a: Akro Jr.\n|faint|p1a: Akro Jr.\n|\n|win|mochipupusa\n|c|\u2606mochipupusa|gg\n","uploadtime":1701053040,"views":7,"p1id":"bowdog","p2id":"mochipupusa","formatid":"gen9vgc2023regulatione","rating":0,"private":0,"password":""}