{"id":"gen9vgc2023regulatione-1991854035","p1":"Vienna Vaporeons","p2":"Gnazzo1","format":"[Gen 9] VGC 2023 Regulation E","log":"|j|\u2606Vienna Vaporeons\n|j|\u2606Gnazzo1\n|t:|1700128839\n|gametype|doubles\n|player|p1|Vienna Vaporeons|2|1446\n|player|p2|Gnazzo1|265|1401\n|teamsize|p1|6\n|teamsize|p2|6\n|gen|9\n|tier|[Gen 9] VGC 2023 Regulation E\n|rated|\n|rule|Species Clause: Limit one of each Pok\u00e9mon\n|rule|Item Clause: Limit one of each item\n|clearpoke\n|poke|p1|Tornadus, L50, M|\n|poke|p1|Heatran, L50, F|\n|poke|p1|Flutter Mane, L50|\n|poke|p1|Urshifu-*, L50, M|\n|poke|p1|Rillaboom, L50, M|\n|poke|p1|Landorus-Therian, L50, M|\n|poke|p2|Empoleon, L50, M|\n|poke|p2|Landorus-Therian, L50, M|\n|poke|p2|Weezing, L50, M|\n|poke|p2|Ogerpon-Wellspring, L50, F|\n|poke|p2|Iron Hands, L50|\n|poke|p2|Flutter Mane, L50|\n|teampreview|4\nVienna Vaporeons has agreed to open team sheets.\n|\n|t:|1700128863\n|start\n|switch|p1a: Tornadus|Tornadus, L50, M|100\/100\n|switch|p1b: Heatran|Heatran, L50, F|100\/100\n|switch|p2a: Weezing|Weezing, L50, M|100\/100\n|switch|p2b: Flutter Mane|Flutter Mane, L50|100\/100\n|-ability|p2a: Weezing|Neutralizing Gas\n|-enditem|p2b: Flutter Mane|Booster Energy\n|-activate|p2b: Flutter Mane|ability: Protosynthesis|[fromitem]\n|-start|p2b: Flutter Mane|protosynthesisspe\n|turn|1\n|\n|t:|1700128884\n|move|p2a: Weezing|Protect|p2a: Weezing\n|-singleturn|p2a: Weezing|Protect\n|move|p2b: Flutter Mane|Moonblast|p1a: Tornadus\n|-damage|p1a: Tornadus|49\/100\n|move|p1a: Tornadus|Tailwind|p1a: Tornadus\n|-sidestart|p1: Vienna Vaporeons|move: Tailwind\n|move|p1b: Heatran|Flash Cannon|p2b: Flutter Mane\n|-supereffective|p2b: Flutter Mane\n|-damage|p2b: Flutter Mane|15\/100\n|\n|upkeep\n|turn|2\n|\n|t:|1700128905\n|switch|p1a: Rillaboom|Rillaboom, L50, M|100\/100\n|move|p2b: Flutter Mane|Moonblast|p1a: Rillaboom\n|-damage|p1a: Rillaboom|67\/100\n|move|p1b: Heatran|Earth Power|p2a: Weezing\n|-supereffective|p2a: Weezing\n|-damage|p2a: Weezing|9\/100\n|-unboost|p2a: Weezing|spd|1\n|move|p2a: Weezing|Sludge Bomb|p1a: Rillaboom\n|-supereffective|p1a: Rillaboom\n|-crit|p1a: Rillaboom\n|-damage|p1a: Rillaboom|12\/100\n|\n|-heal|p2a: Weezing|15\/100|[from] item: Black Sludge\n|upkeep\n|turn|3\n|\n|t:|1700128936\n|switch|p1a: Tornadus|Tornadus, L50, M|49\/100\n|move|p2a: Weezing|Protect|p2a: Weezing\n|-singleturn|p2a: Weezing|Protect\n|move|p2b: Flutter Mane|Shadow Ball|p1a: Tornadus\n|-damage|p1a: Tornadus|7\/100\n|move|p1b: Heatran|Earth Power|p2a: Weezing\n|-activate|p2a: Weezing|move: Protect\n|\n|-heal|p2a: Weezing|21\/100|[from] item: Black Sludge\n|upkeep\n|turn|4\n|\n|t:|1700128960\n|move|p2b: Flutter Mane|Dazzling Gleam|p1a: Tornadus|[spread] p1a,p1b\n|-resisted|p1b: Heatran\n|-damage|p1a: Tornadus|0 fnt\n|-damage|p1b: Heatran|94\/100\n|faint|p1a: Tornadus\n|move|p1b: Heatran|Flash Cannon|p2b: Flutter Mane\n|-supereffective|p2b: Flutter Mane\n|-damage|p2b: Flutter Mane|0 fnt\n|faint|p2b: Flutter Mane\n|-end|p2b: Flutter Mane|Protosynthesis|[silent]\n|move|p2a: Weezing|Taunt|p1b: Heatran\n|-start|p1b: Heatran|move: Taunt\n|\n|-heal|p1b: Heatran|99\/100|[from] item: Leftovers\n|-heal|p2a: Weezing|26\/100|[from] item: Black Sludge\n|-sideend|p1: Vienna Vaporeons|move: Tailwind\n|upkeep\n|\n|t:|1700128973\n|switch|p2b: Ogerpon|Ogerpon-Wellspring, L50, F|100\/100\n|switch|p1a: Flutter Mane|Flutter Mane, L50|100\/100\n|turn|5\n|\n|t:|1700128987\n|-terastallize|p2b: Ogerpon|Water\n|detailschange|p2b: Ogerpon|Ogerpon-Wellspring-Tera, L50, F, tera:Water\n|-terastallize|p1b: Heatran|Fairy\n|move|p1a: Flutter Mane|Moonblast|p2b: Ogerpon\n|-damage|p2b: Ogerpon|14\/100\n|move|p2b: Ogerpon|Ivy Cudgel|p1a: Flutter Mane|[anim] Ivy Cudgel Water\n|-damage|p1a: Flutter Mane|0 fnt\n|faint|p1a: Flutter Mane\n|-end|p1a: Flutter Mane|Protosynthesis|[silent]\n|move|p2a: Weezing|Will-O-Wisp|p1b: Heatran|[miss]\n|-miss|p2a: Weezing|p1b: Heatran\n|move|p1b: Heatran|Earth Power|p2a: Weezing\n|-supereffective|p2a: Weezing\n|-damage|p2a: Weezing|0 fnt\n|faint|p2a: Weezing\n|-end|p2a: Weezing|ability: Neutralizing Gas\n|-ability|p2b: Ogerpon|Embody Aspect (Wellspring)|boost\n|-boost|p2b: Ogerpon|spd|1\n|\n|-heal|p1b: Heatran|100\/100|[from] item: Leftovers\n|upkeep\n|\n|t:|1700129004\n|switch|p1a: Rillaboom|Rillaboom, L50, M|12\/100\n|switch|p2a: Empoleon|Empoleon, L50, M|100\/100\n|-fieldstart|move: Grassy Terrain|[from] ability: Grassy Surge|[of] p1a: Rillaboom\n|turn|6\n|\n|t:|1700129019\n|move|p1a: Rillaboom|Fake Out|p2a: Empoleon\n|-resisted|p2a: Empoleon\n|-damage|p2a: Empoleon|95\/100\n|move|p2b: Ogerpon|Ivy Cudgel|p1b: Heatran|[anim] Ivy Cudgel Water\n|-damage|p1b: Heatran|30\/100\n|move|p1b: Heatran|Earth Power|p2a: Empoleon\n|-supereffective|p2a: Empoleon\n|-damage|p2a: Empoleon|37\/100\n|-enditem|p2a: Empoleon|Sitrus Berry|[eat]\n|-heal|p2a: Empoleon|61\/100|[from] item: Sitrus Berry\n|cant|p2a: Empoleon|flinch\n|\n|-heal|p2b: Ogerpon|19\/100|[from] Grassy Terrain\n|-heal|p1a: Rillaboom|18\/100|[from] Grassy Terrain\n|-heal|p1b: Heatran|36\/100|[from] Grassy Terrain\n|-heal|p1b: Heatran|42\/100|[from] item: Leftovers\n|-heal|p2a: Empoleon|67\/100|[from] Grassy Terrain\n|upkeep\n|turn|7\n|\n|t:|1700129038\n|move|p2b: Ogerpon|Follow Me|p2b: Ogerpon\n|-singleturn|p2b: Ogerpon|move: Follow Me\n|move|p1a: Rillaboom|Grassy Glide|p2b: Ogerpon\n|-supereffective|p2b: Ogerpon\n|-damage|p2b: Ogerpon|0 fnt\n|faint|p2b: Ogerpon\n|move|p1b: Heatran|Earth Power|p2a: Empoleon\n|-supereffective|p2a: Empoleon\n|-damage|p2a: Empoleon|5\/100\n|move|p2a: Empoleon|Flash Cannon|p1b: Heatran\n|-supereffective|p1b: Heatran\n|-damage|p1b: Heatran|0 fnt\n|faint|p1b: Heatran\n|\n|-heal|p1a: Rillaboom|24\/100|[from] Grassy Terrain\n|-heal|p2a: Empoleon|11\/100|[from] Grassy Terrain\n|upkeep\n|turn|8\n|\n|t:|1700129052\n|move|p1a: Rillaboom|Grassy Glide|p2a: Empoleon\n|-damage|p2a: Empoleon|0 fnt\n|faint|p2a: Empoleon\n|\n|win|Vienna Vaporeons\n|raw|Vienna Vaporeons's rating: 1446 &rarr; <strong>1463<\/strong><br \/>(+17 for winning)\n|raw|Gnazzo1's rating: 1401 &rarr; <strong>1384<\/strong><br \/>(-17 for losing)\n","uploadtime":1700129060,"views":30,"p1id":"viennavaporeons","p2id":"gnazzo1","formatid":"gen9vgc2023regulatione","rating":1384,"private":0,"password":""}