{"id":"gen9vgc2023regulatione-2000472312","p1":"Blocklax","p2":"EdwinVGC","format":"[Gen 9] VGC 2023 Regulation E","log":"|j|\u2606Blocklax\n|j|\u2606EdwinVGC\n|n|\u2606Blocklax|blocklax\n|n|\u2606EdwinVGC|edwinvgc\n|html|View the match progress at <a href=\"\/game-bestof3-gen9vgc2023regulatione-2000469446\">game-bestof3-gen9vgc2023regulatione-2000469446<\/a>\n|t:|1701197665\n|gametype|doubles\n|player|p1|Blocklax|hiker-gen4|\n|player|p2|EdwinVGC|170|\n|teamsize|p1|6\n|teamsize|p2|6\n|gen|9\n|tier|[Gen 9] VGC 2023 Regulation E\n|rule|Species Clause: Limit one of each Pok\u00e9mon\n|rule|Item Clause: Limit one of each item\n|clearpoke\n|poke|p1|Tornadus, L50, M|\n|poke|p1|Landorus-Therian, L50, M|\n|poke|p1|Brambleghast, L50, M|\n|poke|p1|Urshifu-*, L50, F|\n|poke|p1|Heatran, L50, F|\n|poke|p1|Gholdengo, L50|\n|poke|p2|Pelipper, L50, M|\n|poke|p2|Gholdengo, L50|\n|poke|p2|Urshifu-*, L50, M|\n|poke|p2|Amoonguss, L50, F|\n|poke|p2|Farigiraf, L50, F|\n|poke|p2|Iron Hands, L50|\n|teampreview|4\nEdwinVGC has agreed to open team sheets.\n|inactive|Battle timer is ON: inactive players will automatically lose when time's up. (requested by Blocklax)\nBlocklax has agreed to open team sheets.\n|showteam|p1|Tornadus||MentalHerb|Prankster|Tailwind,BleakwindStorm,Taunt,RainDance|||M|||50|,,,,,Ghost]Landorus-Therian||ChoiceBand|Intimidate|TeraBlast,StompingTantrum,RockSlide,Uturn|||M|||50|,,,,,Flying]Brambleghast||FocusSash|WindRider|PowerWhip,ShadowSneak,StrengthSap,Protect|||M|||50|,,,,,Ghost]Urshifu-Rapid-Strike||MysticWater|UnseenFist|SurgingStrikes,CloseCombat,AquaJet,Detect|||F|||50|,,,,,Water]Heatran||LifeOrb|FlashFire|HeatWave,TeraBlast,Substitute,Protect|||F|||50|,,,,,Grass]Gholdengo||ChoiceSpecs|GoodasGold|MakeItRain,ShadowBall,Thunderbolt,SteelBeam||||||50|,,,,,Steel\n|showteam|p2|Pelipper||FocusSash|Drizzle|Hurricane,Tailwind,WideGuard,WeatherBall|||M|||50|,,,,,Steel]Gholdengo||Leftovers|GoodasGold|MakeItRain,NastyPlot,ShadowBall,Protect||||||50|,,,,,Steel]Urshifu-Rapid-Strike||MysticWater|UnseenFist|SurgingStrikes,AquaJet,Detect,CloseCombat|||M|||50|,,,,,Water]Amoonguss||RockyHelmet|Regenerator|Spore,RagePowder,PollenPuff,Protect|||F|||50|,,,,,Water]Farigiraf||SitrusBerry|ArmorTail|Psyshock,DazzlingGleam,HelpingHand,TrickRoom|||F|||50|,,,,,Fairy]Iron Hands||AssaultVest|QuarkDrive|DrainPunch,WildCharge,FakeOut,HeavySlam||||||50|,,,,,Fire\n|\n|t:|1701197685\n|start\n|switch|p1a: Urshifu|Urshifu-Rapid-Strike, L50, F|100\/100\n|switch|p1b: Tornadus|Tornadus, L50, M|100\/100\n|switch|p2a: Gholdengo|Gholdengo, L50|100\/100\n|switch|p2b: Iron Hands|Iron Hands, L50|100\/100\n|turn|1\n|\n|t:|1701197705\n|-terastallize|p1b: Tornadus|Ghost\n|-terastallize|p2a: Gholdengo|Steel\n|move|p2b: Iron Hands|Fake Out|p1a: Urshifu\n|-damage|p1a: Urshifu|86\/100\n|move|p1b: Tornadus|Rain Dance|p1b: Tornadus\n|-weather|RainDance\n|cant|p1a: Urshifu|flinch\n|move|p2a: Gholdengo|Make It Rain|p1b: Tornadus|[spread] p1a,p1b\n|-resisted|p1a: Urshifu\n|-damage|p1a: Urshifu|38\/100\n|-damage|p1b: Tornadus|23\/100\n|-unboost|p2a: Gholdengo|spa|1\n|\n|-weather|RainDance|[upkeep]\n|upkeep\n|turn|2\n|\n|t:|1701197728\n|switch|p2a: Amoonguss|Amoonguss, L50, F|100\/100\n|move|p1a: Urshifu|Surging Strikes|p2b: Iron Hands\n|-crit|p2b: Iron Hands\n|-damage|p2b: Iron Hands|74\/100\n|-crit|p2b: Iron Hands\n|-damage|p2b: Iron Hands|51\/100\n|-crit|p2b: Iron Hands\n|-damage|p2b: Iron Hands|26\/100\n|-hitcount|p2b: Iron Hands|3\n|move|p1b: Tornadus|Bleakwind Storm|p2b: Iron Hands|[spread] p2a,p2b\n|-supereffective|p2a: Amoonguss\n|-damage|p2a: Amoonguss|37\/100\n|-damage|p2b: Iron Hands|9\/100\n|move|p2b: Iron Hands|Wild Charge|p1a: Urshifu\n|-supereffective|p1a: Urshifu\n|-damage|p1a: Urshifu|0 fnt\n|faint|p1a: Urshifu\n|-damage|p2b: Iron Hands|1\/100|[from] Recoil\n|\n|-weather|RainDance|[upkeep]\n|upkeep\n|\n|t:|1701197746\n|switch|p1a: Brambleghast|Brambleghast, L50, M|100\/100\n|turn|3\n|\n|t:|1701197770\n|-end|p2b: Iron Hands|Quark Drive|[silent]\n|switch|p2b: Gholdengo|Gholdengo, L50, tera:Steel|100\/100\n|move|p1a: Brambleghast|Shadow Sneak|p2b: Gholdengo\n|-damage|p2b: Gholdengo|82\/100\n|move|p1b: Tornadus|Bleakwind Storm|p2b: Gholdengo|[spread] p2a,p2b\n|-supereffective|p2a: Amoonguss\n|-resisted|p2b: Gholdengo\n|-damage|p2a: Amoonguss|0 fnt\n|-damage|p2b: Gholdengo|68\/100\n|-unboost|p2b: Gholdengo|spe|1\n|faint|p2a: Amoonguss\n|\n|-weather|RainDance|[upkeep]\n|-heal|p2b: Gholdengo|74\/100|[from] item: Leftovers\n|upkeep\n|\n|t:|1701197783\n|switch|p2a: Urshifu|Urshifu-Rapid-Strike, L50, M|100\/100\n|turn|4\n|\n|t:|1701197796\n|move|p1b: Tornadus|Tailwind|p1b: Tornadus\n|-sidestart|p1: Blocklax|move: Tailwind\n|-ability|p1a: Brambleghast|Wind Rider|boost\n|-boost|p1a: Brambleghast|atk|1\n|move|p1a: Brambleghast|Power Whip|p2a: Urshifu|[miss]\n|-miss|p1a: Brambleghast|p2a: Urshifu\n|move|p2a: Urshifu|Surging Strikes|p1a: Brambleghast\n|-resisted|p1a: Brambleghast\n|-crit|p1a: Brambleghast\n|-damage|p1a: Brambleghast|68\/100\n|-resisted|p1a: Brambleghast\n|-crit|p1a: Brambleghast\n|-damage|p1a: Brambleghast|38\/100\n|-resisted|p1a: Brambleghast\n|-crit|p1a: Brambleghast\n|-damage|p1a: Brambleghast|4\/100\n|-hitcount|p1a: Brambleghast|3\n|move|p2b: Gholdengo|Make It Rain|p1a: Brambleghast|[spread] p1a,p1b\n|-damage|p1a: Brambleghast|0 fnt\n|-damage|p1b: Tornadus|0 fnt\n|-unboost|p2b: Gholdengo|spa|1\n|faint|p1a: Brambleghast\n|faint|p1b: Tornadus\n|\n|-weather|RainDance|[upkeep]\n|-heal|p2b: Gholdengo|80\/100|[from] item: Leftovers\n|upkeep\n|\n|t:|1701197802\n|switch|p1b: Gholdengo|Gholdengo, L50|100\/100\n|turn|5\n|\n|t:|1701197822\n|move|p1b: Gholdengo|Thunderbolt|p2a: Urshifu\n|-supereffective|p2a: Urshifu\n|-damage|p2a: Urshifu|0 fnt\n|faint|p2a: Urshifu\n|move|p2b: Gholdengo|Shadow Ball|p1b: Gholdengo\n|-supereffective|p1b: Gholdengo\n|-damage|p1b: Gholdengo|31\/100\n|\n|-weather|none\n|-heal|p2b: Gholdengo|86\/100|[from] item: Leftovers\n|upkeep\n|\n|t:|1701197830\n|switch|p2a: Iron Hands|Iron Hands, L50|1\/100\n|turn|6\n|\n|t:|1701197839\n|move|p1b: Gholdengo|Thunderbolt|p2b: Gholdengo\n|-damage|p2b: Gholdengo|40\/100\n|move|p2a: Iron Hands|Wild Charge|p1b: Gholdengo\n|-damage|p1b: Gholdengo|0 fnt\n|faint|p1b: Gholdengo\n|-damage|p2a: Iron Hands|0 fnt|[from] Recoil\n|faint|p2a: Iron Hands\n|-end|p2a: Iron Hands|Quark Drive|[silent]\n|\n|win|EdwinVGC\n|l|\u2606Blocklax\n|c|\u2606EdwinVGC|ggs\n","uploadtime":1701197894,"views":5,"p1id":"blocklax","p2id":"edwinvgc","formatid":"gen9vgc2023regulatione","rating":0,"private":0,"password":""}