{"id":"gen9vgc2023regulatione-1994621216","p1":"Felip_Obi","p2":"Nonnowiskey","format":"[Gen 9] VGC 2023 Regulation E","log":"|j|\u2606Felip_Obi\n|j|\u2606Nonnowiskey\n|t:|1700470762\n|gametype|doubles\n|player|p1|Felip_Obi|hilbert|1345\n|player|p2|Nonnowiskey|li|1357\n|teamsize|p1|6\n|teamsize|p2|6\n|gen|9\n|tier|[Gen 9] VGC 2023 Regulation E\n|rated|\n|rule|Species Clause: Limit one of each Pok\u00e9mon\n|rule|Item Clause: Limit one of each item\n|clearpoke\n|poke|p1|Clefable, L50, M|\n|poke|p1|Murkrow, L50, F|\n|poke|p1|Quaquaval, L50, M|\n|poke|p1|Gholdengo, L50|\n|poke|p1|Dragonite, L50, M|\n|poke|p1|Regidrago, L50|\n|poke|p2|Empoleon, L50, M|\n|poke|p2|Dragonite, L50, M|\n|poke|p2|Ninetales-Alola, L50, M|\n|poke|p2|Regieleki, L50|\n|poke|p2|Landorus-Therian, L50, M|\n|poke|p2|Ogerpon-Hearthflame, L50, F|\n|teampreview|4\n|inactive|Battle timer is ON: inactive players will automatically lose when time's up. (requested by Nonnowiskey)\nNonnowiskey has agreed to open team sheets.\n|inactive|Felip_Obi has 60 seconds left.\n|\n|t:|1700470795\n|start\n|switch|p1a: Gholdengo|Gholdengo, L50|100\/100\n|switch|p1b: Clefable|Clefable, L50, M|100\/100\n|switch|p2a: Empoleon|Empoleon, L50, M|100\/100\n|switch|p2b: Ninetales|Ninetales-Alola, L50, M, shiny|100\/100\n|-weather|Snow|[from] ability: Snow Warning|[of] p2b: Ninetales\n|turn|1\n|\n|t:|1700470817\n|move|p1b: Clefable|Protect|p1b: Clefable\n|-singleturn|p1b: Clefable|Protect\n|move|p2b: Ninetales|Aurora Veil|p2b: Ninetales\n|-sidestart|p2: Nonnowiskey|move: Aurora Veil\n|move|p1a: Gholdengo|Make It Rain|p2a: Empoleon|[spread] p2a,p2b\n|-resisted|p2a: Empoleon\n|-supereffective|p2b: Ninetales\n|-damage|p2a: Empoleon|93\/100\n|-damage|p2b: Ninetales|0 fnt\n|-unboost|p1a: Gholdengo|spa|1\n|faint|p2b: Ninetales\n|move|p2a: Empoleon|Yawn|p1b: Clefable\n|-activate|p1b: Clefable|move: Protect\n|\n|-weather|Snow|[upkeep]\n|upkeep\n|\n|t:|1700470829\n|switch|p2b: Dragonite|Dragonite, L50, M|100\/100\n|turn|2\n|\n|t:|1700470849\n|move|p1b: Clefable|Follow Me|p1b: Clefable\n|-singleturn|p1b: Clefable|move: Follow Me\n|move|p1a: Gholdengo|Nasty Plot|p1a: Gholdengo\n|-boost|p1a: Gholdengo|spa|2\n|move|p2b: Dragonite|Stomping Tantrum|p1b: Clefable\n|-damage|p1b: Clefable|76\/100\n|move|p2a: Empoleon|Flash Cannon|p1b: Clefable\n|-supereffective|p1b: Clefable\n|-damage|p1b: Clefable|19\/100\n|\n|-weather|Snow|[upkeep]\n|upkeep\n|turn|3\n|inactive|Nonnowiskey has 30 seconds left.\n|\n|t:|1700470881\n|move|p1b: Clefable|Follow Me|p1b: Clefable\n|-singleturn|p1b: Clefable|move: Follow Me\n|move|p1a: Gholdengo|Shadow Ball|p2b: Dragonite\n|-damage|p2b: Dragonite|87\/100\n|-unboost|p2b: Dragonite|spd|1\n|move|p2b: Dragonite|Stomping Tantrum|p1b: Clefable\n|-damage|p1b: Clefable|0 fnt\n|faint|p1b: Clefable\n|move|p2a: Empoleon|Flash Cannon|p1a: Gholdengo\n|-resisted|p1a: Gholdengo\n|-damage|p1a: Gholdengo|83\/100\n|\n|-weather|Snow|[upkeep]\n|-heal|p1a: Gholdengo|88\/100|[from] item: Leftovers\n|upkeep\n|\n|t:|1700470901\n|switch|p1b: Regidrago|Regidrago, L50|100\/100\n|turn|4\n|\n|t:|1700470914\n|move|p2a: Empoleon|Helping Hand|p2b: Dragonite\n|-singleturn|p2b: Dragonite|Helping Hand|[of] p2a: Empoleon\n|move|p1a: Gholdengo|Make It Rain|p2a: Empoleon|[spread] p2a,p2b\n|-resisted|p2a: Empoleon\n|-damage|p2a: Empoleon|81\/100\n|-damage|p2b: Dragonite|41\/100\n|-unboost|p1a: Gholdengo|spa|1\n|move|p2b: Dragonite|Ice Spinner|p1b: Regidrago\n|-supereffective|p1b: Regidrago\n|-damage|p1b: Regidrago|4\/100\n|move|p1b: Regidrago|Dragon Pulse|p2b: Dragonite\n|-supereffective|p2b: Dragonite\n|-damage|p2b: Dragonite|0 fnt\n|faint|p2b: Dragonite\n|\n|-weather|Snow|[upkeep]\n|-heal|p1a: Gholdengo|94\/100|[from] item: Leftovers\n|upkeep\n|\n|t:|1700470929\n|switch|p2b: Landorus|Landorus-Therian, L50, M|100\/100\n|-ability|p2b: Landorus|Intimidate|boost\n|-unboost|p1a: Gholdengo|atk|1\n|-unboost|p1b: Regidrago|atk|1\n|turn|5\n|inactive|Nonnowiskey has 30 seconds left.\n|\n|t:|1700470958\n|move|p1a: Gholdengo|Protect|p1a: Gholdengo\n|-singleturn|p1a: Gholdengo|Protect\n|move|p2b: Landorus|Stomping Tantrum|p1a: Gholdengo\n|-activate|p1a: Gholdengo|move: Protect\n|move|p1b: Regidrago|Dragon Pulse|p2b: Landorus\n|-damage|p2b: Landorus|36\/100\n|move|p2a: Empoleon|Flash Cannon|p1b: Regidrago\n|-damage|p1b: Regidrago|0 fnt\n|faint|p1b: Regidrago\n|\n|-weather|none\n|-heal|p1a: Gholdengo|99\/100|[from] item: Leftovers\n|upkeep\n|\n|t:|1700470973\n|switch|p1b: Dragonite|Dragonite, L50, M|100\/100\n|turn|6\n|\n|t:|1700470988\n|-terastallize|p1a: Gholdengo|Dragon\n|move|p2b: Landorus|Stomping Tantrum|p1a: Gholdengo\n|-damage|p1a: Gholdengo|58\/100\n|move|p1a: Gholdengo|Nasty Plot|p1a: Gholdengo\n|-boost|p1a: Gholdengo|spa|2\n|move|p1b: Dragonite|Ice Spinner|p2b: Landorus\n|-supereffective|p2b: Landorus\n|-damage|p2b: Landorus|0 fnt\n|faint|p2b: Landorus\n|move|p2a: Empoleon|Yawn|p1b: Dragonite\n|-start|p1b: Dragonite|move: Yawn|[of] p2a: Empoleon\n|\n|-heal|p1a: Gholdengo|64\/100|[from] item: Leftovers\n|upkeep\n|turn|7\n|-message|Nonnowiskey forfeited.\n|\n|win|Felip_Obi\n|raw|Felip_Obi's rating: 1345 &rarr; <strong>1366<\/strong><br \/>(+21 for winning)\n|raw|Nonnowiskey's rating: 1357 &rarr; <strong>1336<\/strong><br \/>(-21 for losing)\n|l|\u2606Nonnowiskey\n","uploadtime":1700471011,"views":2,"p1id":"felipobi","p2id":"nonnowiskey","formatid":"gen9vgc2023regulatione","rating":1336,"private":0,"password":""}