{"id":"gen9vgc2023regulatione-2000229447","p1":"ajackson325","p2":"Vugatti","format":"[Gen 9] VGC 2023 Regulation E","log":"|j|\u2606ajackson325\n|j|\u2606Vugatti\n|t:|1701175055\n|gametype|doubles\n|player|p1|ajackson325|2|1359\n|player|p2|Vugatti|alec-anime|1403\n|teamsize|p1|6\n|teamsize|p2|6\n|gen|9\n|tier|[Gen 9] VGC 2023 Regulation E\n|rated|\n|rule|Species Clause: Limit one of each Pok\u00e9mon\n|rule|Item Clause: Limit one of each item\n|clearpoke\n|poke|p1|Roaring Moon, L50|\n|poke|p1|Politoed, L50, F|\n|poke|p1|Heatran, L50, F|\n|poke|p1|Rillaboom, L50, M|\n|poke|p1|Thundurus-Therian, L50, M|\n|poke|p1|Gastrodon, L50, M|\n|poke|p2|Urshifu-*, L50, F|\n|poke|p2|Flutter Mane, L50|\n|poke|p2|Brambleghast, L50, F|\n|poke|p2|Chi-Yu, L50|\n|poke|p2|Tornadus, L50, M|\n|poke|p2|Gholdengo, L50|\n|teampreview|4\n|inactive|Battle timer is ON: inactive players will automatically lose when time's up. (requested by Vugatti)\n|inactive|ajackson325 has 60 seconds left.\n|inactive|Vugatti has 60 seconds left.\n|inactive|Vugatti has 30 seconds left.\n|\n|t:|1701175120\n|start\n|switch|p1a: Heatran|Heatran, L50, F, shiny|100\/100\n|switch|p1b: Roaring Moon|Roaring Moon, L50, shiny|100\/100\n|switch|p2a: Tornadus|Tornadus, L50, M|100\/100\n|switch|p2b: Flutter Mane|Flutter Mane, L50|100\/100\n|-enditem|p2b: Flutter Mane|Booster Energy\n|-activate|p2b: Flutter Mane|ability: Protosynthesis|[fromitem]\n|-start|p2b: Flutter Mane|protosynthesisspa\n|-enditem|p1b: Roaring Moon|Booster Energy\n|-activate|p1b: Roaring Moon|ability: Protosynthesis|[fromitem]\n|-start|p1b: Roaring Moon|protosynthesisspe\n|turn|1\n|inactive|ajackson325 has 30 seconds left.\n|inactive|Vugatti has 30 seconds left.\n|inactive|ajackson325 has 20 seconds left.\n|inactive|Vugatti has 20 seconds left.\n|inactive|ajackson325 has 15 seconds left.\n|\n|t:|1701175161\n|-terastallize|p1b: Roaring Moon|Poison\n|move|p2b: Flutter Mane|Protect|p2b: Flutter Mane\n|-singleturn|p2b: Flutter Mane|Protect\n|move|p2a: Tornadus|Tailwind|p2a: Tornadus\n|-sidestart|p2: Vugatti|move: Tailwind\n|move|p1b: Roaring Moon|Tailwind|p1b: Roaring Moon\n|-sidestart|p1: ajackson325|move: Tailwind\n|move|p1a: Heatran|Flash Cannon|p2b: Flutter Mane\n|-activate|p2b: Flutter Mane|move: Protect\n|\n|upkeep\n|turn|2\n|inactive|Vugatti has 30 seconds left.\n|inactive|Vugatti has 20 seconds left.\n|\n|t:|1701175199\n|move|p1b: Roaring Moon|Knock Off|p2a: Tornadus\n|-damage|p2a: Tornadus|41\/100\n|-enditem|p2a: Tornadus|Covert Cloak|[from] move: Knock Off|[of] p1b: Roaring Moon\n|move|p2b: Flutter Mane|Shadow Ball|p1b: Roaring Moon\n|-damage|p1b: Roaring Moon|52\/100\n|move|p2a: Tornadus|Bleakwind Storm|p1a: Heatran|[spread] p1a,p1b\n|-resisted|p1a: Heatran\n|-damage|p1a: Heatran|92\/100\n|-damage|p1b: Roaring Moon|29\/100\n|move|p1a: Heatran|Flash Cannon|p2b: Flutter Mane\n|-supereffective|p2b: Flutter Mane\n|-damage|p2b: Flutter Mane|0 fnt\n|faint|p2b: Flutter Mane\n|-end|p2b: Flutter Mane|Protosynthesis|[silent]\n|\n|upkeep\n|inactive|Vugatti has 30 seconds left.\n|\n|t:|1701175227\n|switch|p2b: Urshifu|Urshifu-Rapid-Strike, L50, F|100\/100\n|turn|3\n|inactive|ajackson325 has 30 seconds left.\n|\n|t:|1701175252\n|move|p1b: Roaring Moon|Knock Off|p2a: Tornadus\n|-damage|p2a: Tornadus|7\/100\n|move|p2a: Tornadus|Bleakwind Storm|p1b: Roaring Moon|[spread] p1a,p1b\n|-resisted|p1a: Heatran\n|-damage|p1a: Heatran|83\/100\n|-damage|p1b: Roaring Moon|3\/100\n|move|p2b: Urshifu|Close Combat|p1a: Heatran\n|-supereffective|p1a: Heatran\n|-damage|p1a: Heatran|0 fnt\n|-unboost|p2b: Urshifu|def|1\n|-unboost|p2b: Urshifu|spd|1\n|faint|p1a: Heatran\n|\n|upkeep\n|\n|t:|1701175258\n|switch|p1a: Thundurus|Thundurus-Therian, L50, M, shiny|100\/100\n|turn|4\n|\n|t:|1701175282\n|switch|p2a: Brambleghast|Brambleghast, L50, F|100\/100\n|-ability|p2a: Brambleghast|Wind Rider|boost\n|-boost|p2a: Brambleghast|atk|1\n|move|p2b: Urshifu|Aqua Jet|p1b: Roaring Moon\n|-damage|p1b: Roaring Moon|0 fnt\n|faint|p1b: Roaring Moon\n|-end|p1b: Roaring Moon|Protosynthesis|[silent]\n|move|p1a: Thundurus|Wildbolt Storm|p2b: Urshifu|[spread] p2b\n|-ability|p2a: Brambleghast|Wind Rider|boost\n|-boost|p2a: Brambleghast|atk|1\n|-supereffective|p2b: Urshifu\n|-damage|p2b: Urshifu|0 fnt\n|faint|p2b: Urshifu\n|\n|-sideend|p2: Vugatti|move: Tailwind\n|-sideend|p1: ajackson325|move: Tailwind\n|upkeep\n|\n|t:|1701175292\n|switch|p1b: Politoed|Politoed, L50, F, shiny|100\/100\n|switch|p2b: Tornadus|Tornadus, L50, M|7\/100\n|-weather|RainDance|[from] ability: Drizzle|[of] p1b: Politoed\n|turn|5\n|\n|t:|1701175303\n|move|p2b: Tornadus|Tailwind|p2b: Tornadus\n|-sidestart|p2: Vugatti|move: Tailwind\n|-ability|p2a: Brambleghast|Wind Rider|boost\n|-boost|p2a: Brambleghast|atk|1\n|move|p2a: Brambleghast|Poltergeist|p1a: Thundurus\n|-activate|p1a: Thundurus|move: Poltergeist|Choice Specs\n|-damage|p1a: Thundurus|0 fnt\n|faint|p1a: Thundurus\n|move|p1b: Politoed|Icy Wind|p2a: Brambleghast|[spread] p2b\n|-ability|p2a: Brambleghast|Wind Rider|boost\n|-boost|p2a: Brambleghast|atk|1\n|-supereffective|p2b: Tornadus\n|-damage|p2b: Tornadus|0 fnt\n|faint|p2b: Tornadus\n|\n|-weather|RainDance|[upkeep]\n|upkeep\n|turn|6\n|c|\u2606ajackson325|gg\n|-message|ajackson325 forfeited.\n|\n|win|Vugatti\n|raw|ajackson325's rating: 1359 &rarr; <strong>1342<\/strong><br \/>(-17 for losing)\n|raw|Vugatti's rating: 1403 &rarr; <strong>1420<\/strong><br \/>(+17 for winning)\n|l|\u2606ajackson325\n","uploadtime":1701175326,"views":8,"p1id":"ajackson325","p2id":"vugatti","formatid":"gen9vgc2023regulatione","rating":1342,"private":0,"password":""}