{"id":"gen9vgc2023regulatione-1988763480","p1":"luzonvgc","p2":"GonzaTH","format":"[Gen 9] VGC 2023 Regulation E","log":"|j|\u2606luzonvgc\n|j|\u2606GonzaTH\n|n|\u2606luzonvgc|luzonvgc\n|n|\u2606GonzaTH|gonzath\n|html|View the match progress at <a href=\"\/game-bestof3-gen9vgc2023regulatione-1988763479\">game-bestof3-gen9vgc2023regulatione-1988763479<\/a>\n|t:|1699760023\n|gametype|doubles\n|player|p1|luzonvgc|lisia|\n|player|p2|GonzaTH|2|\n|teamsize|p1|6\n|teamsize|p2|6\n|gen|9\n|tier|[Gen 9] VGC 2023 Regulation E\n|rule|Species Clause: Limit one of each Pok\u00e9mon\n|rule|Item Clause: Limit one of each item\n|clearpoke\n|poke|p1|Dusclops, L50, M|\n|poke|p1|Ogerpon-Cornerstone, L50, F|\n|poke|p1|Chi-Yu, L50|\n|poke|p1|Iron Hands, L50|\n|poke|p1|Landorus-Therian, L50, M|\n|poke|p1|Ursaluna-Bloodmoon, L50, M|\n|poke|p2|Urshifu-*, L50, M|\n|poke|p2|Rillaboom, L50, F|\n|poke|p2|Farigiraf, L50, M|\n|poke|p2|Chien-Pao, L50|\n|poke|p2|Heatran, L50, F|\n|poke|p2|Dragonite, L50, F|\n|teampreview|4\nGonzaTH has agreed to open team sheets.\nluzonvgc has agreed to open team sheets.\n|showteam|p1|Dusclops||Eviolite|Pressure|NightShade,WillOWisp,PainSplit,TrickRoom|||M|||50|,,,,,Dark]Ogerpon-Cornerstone||CornerstoneMask|Sturdy|SpikyShield,IvyCudgel,PowerWhip,FollowMe|||F|||50|,,,,,Rock]Chi-Yu||FocusSash|BeadsofRuin|Protect,DarkPulse,Snarl,Overheat||||||50|,,,,,Ghost]Iron Hands||AssaultVest|QuarkDrive|FakeOut,DrainPunch,WildCharge,HeavySlam||||||50|,,,,,Water]Landorus-Therian||ChoiceScarf|Intimidate|RockSlide,StompingTantrum,TeraBlast,Uturn|||M|||50|,,,,,Flying]Ursaluna-Bloodmoon||LifeOrb|MindsEye|HyperVoice,BloodMoon,EarthPower,Protect|||M|||50|,,,,,Normal\n|showteam|p2|Urshifu-Rapid-Strike||ChoiceScarf|UnseenFist|SurgingStrikes,AquaJet,CloseCombat,Uturn|||M|||50|,,,,,Poison]Rillaboom||MiracleSeed|GrassySurge|WoodHammer,GrassyGlide,FakeOut,Protect|||F|||50|,,,,,Grass]Farigiraf||SitrusBerry|ArmorTail|DazzlingGleam,Psychic,HelpingHand,TrickRoom|||M|||50|,,,,,Fairy]Chien-Pao||FocusSash|SwordofRuin|IcicleCrash,SuckerPunch,Haze,Protect||||||50|,,,,,Ghost]Heatran||AssaultVest|FlashFire|HeatWave,FlashCannon,EarthPower,MagmaStorm|||F|||50|,,,,,Grass]Dragonite||ChoiceBand|InnerFocus|ExtremeSpeed,StompingTantrum,AerialAce,Outrage|||F|||50|,,,,,Normal\n|\n|t:|1699760059\n|start\n|switch|p1a: Dusclops|Dusclops, L50, M, shiny|100\/100\n|switch|p1b: Ogerpon|Ogerpon-Cornerstone, L50, F|100\/100\n|switch|p2a: Farigiraf|Farigiraf, L50, M|100\/100\n|switch|p2b: Urshifu|Urshifu-Rapid-Strike, L50, M|100\/100\n|-ability|p1a: Dusclops|Pressure\n|turn|1\n|\n|t:|1699760073\n|move|p2b: Urshifu|U-turn|p1b: Ogerpon\n|-supereffective|p1b: Ogerpon\n|-damage|p1b: Ogerpon|38\/100\n|\n|t:|1699760076\n|switch|p2b: Heatran|Heatran, L50, F|100\/100|[from] U-turn\n|move|p1b: Ogerpon|Power Whip|p2b: Heatran\n|-resisted|p2b: Heatran\n|-damage|p2b: Heatran|86\/100\n|move|p2a: Farigiraf|Psychic|p1b: Ogerpon\n|-damage|p1b: Ogerpon|0 fnt\n|faint|p1b: Ogerpon\n|move|p1a: Dusclops|Trick Room|p1a: Dusclops\n|-fieldstart|move: Trick Room|[of] p1a: Dusclops\n|\n|upkeep\n|\n|t:|1699760085\n|switch|p1b: Ursaluna|Ursaluna-Bloodmoon, L50, M|100\/100\n|turn|2\n|\n|t:|1699760110\n|-terastallize|p1b: Ursaluna|Normal\n|-terastallize|p2b: Heatran|Grass\n|move|p1a: Dusclops|Night Shade|p2b: Heatran\n|-damage|p2b: Heatran|60\/100\n|move|p1b: Ursaluna|Blood Moon|p2a: Farigiraf\n|-damage|p2a: Farigiraf|0 fnt\n|faint|p2a: Farigiraf\n|-damage|p1b: Ursaluna|91\/100|[from] item: Life Orb\n|move|p2b: Heatran|Magma Storm|p1a: Dusclops|[miss]\n|-miss|p2b: Heatran|p1a: Dusclops\n|\n|upkeep\n|\n|t:|1699760126\n|switch|p2a: Rillaboom|Rillaboom, L50, F|100\/100\n|-fieldstart|move: Grassy Terrain|[from] ability: Grassy Surge|[of] p2a: Rillaboom\n|turn|3\n|\n|t:|1699760140\n|move|p1b: Ursaluna|Protect|p1b: Ursaluna\n|-singleturn|p1b: Ursaluna|Protect\n|move|p2a: Rillaboom|Protect|p2a: Rillaboom\n|-singleturn|p2a: Rillaboom|Protect\n|move|p1a: Dusclops|Will-O-Wisp|p2a: Rillaboom\n|-activate|p2a: Rillaboom|move: Protect\n|move|p2b: Heatran|Magma Storm|p1a: Dusclops|[miss]\n|-miss|p2b: Heatran|p1a: Dusclops\n|\n|-heal|p1b: Ursaluna|97\/100|[from] Grassy Terrain\n|-heal|p2b: Heatran|67\/100|[from] Grassy Terrain\n|upkeep\n|turn|4\n|\n|t:|1699760165\n|move|p1a: Dusclops|Will-O-Wisp|p2a: Rillaboom|[miss]\n|-miss|p1a: Dusclops|p2a: Rillaboom\n|move|p1b: Ursaluna|Blood Moon|p2b: Heatran\n|-damage|p2b: Heatran|0 fnt\n|faint|p2b: Heatran\n|-damage|p1b: Ursaluna|87\/100|[from] item: Life Orb\n|move|p2a: Rillaboom|Wood Hammer|p1b: Ursaluna\n|-damage|p1b: Ursaluna|20\/100\n|-damage|p2a: Rillaboom|79\/100|[from] Recoil\n|\n|-heal|p1b: Ursaluna|26\/100|[from] Grassy Terrain\n|-heal|p2a: Rillaboom|84\/100|[from] Grassy Terrain\n|upkeep\n|\n|t:|1699760175\n|switch|p2b: Urshifu|Urshifu-Rapid-Strike, L50, M|100\/100\n|turn|5\n|\n|t:|1699760189\n|switch|p1a: Landorus|Landorus-Therian, L50, M|100\/100\n|-ability|p1a: Landorus|Intimidate|boost\n|-unboost|p2a: Rillaboom|atk|1\n|-unboost|p2b: Urshifu|atk|1\n|move|p2a: Rillaboom|Protect|p2a: Rillaboom\n|-singleturn|p2a: Rillaboom|Protect\n|move|p1b: Ursaluna|Earth Power|p2b: Urshifu\n|-damage|p2b: Urshifu|7\/100\n|-unboost|p2b: Urshifu|spd|1\n|-damage|p1b: Ursaluna|16\/100|[from] item: Life Orb\n|move|p2b: Urshifu|Surging Strikes|p1a: Landorus\n|-supereffective|p1a: Landorus\n|-crit|p1a: Landorus\n|-damage|p1a: Landorus|56\/100\n|-supereffective|p1a: Landorus\n|-crit|p1a: Landorus\n|-damage|p1a: Landorus|10\/100\n|-supereffective|p1a: Landorus\n|-crit|p1a: Landorus\n|-damage|p1a: Landorus|0 fnt\n|faint|p1a: Landorus\n|-hitcount|p1: Landorus|3\n|\n|-heal|p1b: Ursaluna|22\/100|[from] Grassy Terrain\n|-heal|p2a: Rillaboom|90\/100|[from] Grassy Terrain\n|-heal|p2b: Urshifu|13\/100|[from] Grassy Terrain\n|-fieldend|move: Trick Room\n|upkeep\n|\n|t:|1699760203\n|switch|p1a: Dusclops|Dusclops, L50, M, shiny|100\/100\n|-ability|p1a: Dusclops|Pressure\n|turn|6\n|\n|t:|1699760217\n|move|p2b: Urshifu|Surging Strikes|p1b: Ursaluna\n|-crit|p1b: Ursaluna\n|-damage|p1b: Ursaluna|5\/100\n|-crit|p1b: Ursaluna\n|-damage|p1b: Ursaluna|0 fnt\n|faint|p1b: Ursaluna\n|-hitcount|p1: Ursaluna|2\n|move|p2a: Rillaboom|Wood Hammer|p1a: Dusclops\n|-damage|p1a: Dusclops|67\/100\n|-damage|p2a: Rillaboom|82\/100|[from] Recoil\n|move|p1a: Dusclops|Night Shade|p2b: Urshifu\n|-damage|p2b: Urshifu|0 fnt\n|faint|p2b: Urshifu\n|\n|-heal|p2a: Rillaboom|88\/100|[from] Grassy Terrain\n|-heal|p1a: Dusclops|73\/100|[from] Grassy Terrain\n|upkeep\n|turn|7\n|\n|t:|1699760234\n|move|p2a: Rillaboom|Wood Hammer|p1a: Dusclops\n|-damage|p1a: Dusclops|40\/100\n|-damage|p2a: Rillaboom|80\/100|[from] Recoil\n|move|p1a: Dusclops|Will-O-Wisp|p2a: Rillaboom|[miss]\n|-miss|p1a: Dusclops|p2a: Rillaboom\n|\n|-heal|p2a: Rillaboom|86\/100|[from] Grassy Terrain\n|-heal|p1a: Dusclops|46\/100|[from] Grassy Terrain\n|-fieldend|move: Grassy Terrain\n|upkeep\n|turn|8\n|\n|t:|1699760248\n|move|p2a: Rillaboom|Wood Hammer|p1a: Dusclops\n|-damage|p1a: Dusclops|21\/100\n|-damage|p2a: Rillaboom|80\/100|[from] Recoil\n|move|p1a: Dusclops|Pain Split|p2a: Rillaboom\n|-sethp|p2a: Rillaboom|48\/100|[from] move: Pain Split|[silent]\n|-sethp|p1a: Dusclops|66\/100|[from] move: Pain Split\n|\n|upkeep\n|turn|9\n|\n|t:|1699760258\n|move|p2a: Rillaboom|Wood Hammer|p1a: Dusclops\n|-damage|p1a: Dusclops|40\/100\n|-damage|p2a: Rillaboom|41\/100|[from] Recoil\n|move|p1a: Dusclops|Trick Room|p1a: Dusclops\n|-fieldstart|move: Trick Room|[of] p1a: Dusclops\n|\n|upkeep\n|turn|10\n|\n|t:|1699760266\n|move|p2a: Rillaboom|Protect|p2a: Rillaboom\n|-singleturn|p2a: Rillaboom|Protect\n|move|p1a: Dusclops|Will-O-Wisp|p2a: Rillaboom\n|-activate|p2a: Rillaboom|move: Protect\n|\n|upkeep\n|turn|11\n|\n|t:|1699760275\n|move|p1a: Dusclops|Will-O-Wisp|p2a: Rillaboom\n|-status|p2a: Rillaboom|brn\n|move|p2a: Rillaboom|Wood Hammer|p1a: Dusclops\n|-damage|p1a: Dusclops|28\/100\n|-damage|p2a: Rillaboom|39\/100 brn|[from] Recoil\n|\n|-damage|p2a: Rillaboom|33\/100 brn|[from] brn\n|upkeep\n|turn|12\n|\n|t:|1699760289\n|move|p1a: Dusclops|Pain Split|p2a: Rillaboom\n|-sethp|p2a: Rillaboom|26\/100 brn|[from] move: Pain Split|[silent]\n|-sethp|p1a: Dusclops|37\/100|[from] move: Pain Split\n|move|p2a: Rillaboom|Wood Hammer|p1a: Dusclops\n|-damage|p1a: Dusclops|24\/100\n|-damage|p2a: Rillaboom|23\/100 brn|[from] Recoil\n|\n|-damage|p2a: Rillaboom|18\/100 brn|[from] brn\n|upkeep\n|turn|13\n|\n|t:|1699760297\n|move|p2a: Rillaboom|Protect|p2a: Rillaboom\n|-singleturn|p2a: Rillaboom|Protect\n|move|p1a: Dusclops|Night Shade|p2a: Rillaboom\n|-activate|p2a: Rillaboom|move: Protect\n|\n|-damage|p2a: Rillaboom|12\/100 brn|[from] brn\n|-fieldend|move: Trick Room\n|upkeep\n|turn|14\n|\n|t:|1699760303\n|move|p2a: Rillaboom|Wood Hammer|p1a: Dusclops\n|-damage|p1a: Dusclops|11\/100\n|-damage|p2a: Rillaboom|8\/100 brn|[from] Recoil\n|move|p1a: Dusclops|Night Shade|p2a: Rillaboom\n|-damage|p2a: Rillaboom|0 fnt\n|faint|p2a: Rillaboom\n|\n|win|luzonvgc\n|c|&|\/uhtml prompt-gonzath,GonzaTH is ready for game 2!\n|c|&|\/uhtml prompt-luzonvgc,luzonvgc is ready for game 2!\nBoth players are ready! Starting next match!\n","uploadtime":1699761158,"views":11,"p1id":"luzonvgc","p2id":"gonzath","formatid":"gen9vgc2023regulatione","rating":0,"private":0,"password":""}