{"id":"gen9vgc2023regulatione-1994393804","p1":"SoCalSalamence","p2":"WickedCheeseTouch","format":"[Gen 9] VGC 2023 Regulation E","log":"|j|\u2606SoCalSalamence\n|j|\u2606WickedCheeseTouch\n|n|\u2606SoCalSalamence|socalsalamence\n|n|\u2606WickedCheeseTouch|wickedcheesetouch\n|html|View the match progress at <a href=\"\/game-bestof3-gen9vgc2023regulatione-1994389974\">game-bestof3-gen9vgc2023regulatione-1994389974<\/a>\n|t:|1700438855\n|gametype|doubles\n|player|p1|SoCalSalamence|brycenman|\n|player|p2|WickedCheeseTouch|lucas|\n|teamsize|p1|6\n|teamsize|p2|6\n|gen|9\n|tier|[Gen 9] VGC 2023 Regulation E\n|rated|Tournament battle\n|rule|Species Clause: Limit one of each Pok\u00e9mon\n|rule|Item Clause: Limit one of each item\n|clearpoke\n|poke|p1|Farigiraf, L50, M|\n|poke|p1|Dragonite, L50, M|\n|poke|p1|Chien-Pao, L50|\n|poke|p1|Ogerpon-Cornerstone, L50, F|\n|poke|p1|Ursaluna-Bloodmoon, L50, M|\n|poke|p1|Flutter Mane, L50|\n|poke|p2|Dondozo, L50, M|\n|poke|p2|Tatsugiri, L50, M|\n|poke|p2|Rillaboom, L50, M|\n|poke|p2|Flutter Mane, L50|\n|poke|p2|Tornadus, L50, M|\n|poke|p2|Landorus-Therian, L50, M|\n|teampreview|4\n|showteam|p1|Farigiraf||SafetyGoggles|ArmorTail|Psyshock,Uproar,HelpingHand,TrickRoom|||M|||50|,,,,,Fire]Dragonite||ChoiceBand|InnerFocus|ExtremeSpeed,Outrage,StompingTantrum,ThunderPunch|||M|||50|,,,,,Normal]Chien-Pao||FocusSash|SwordofRuin|SacredSword,IceSpinner,SuckerPunch,Protect||||||50|,,,,,Ghost]Ogerpon-Cornerstone||CornerstoneMask|Sturdy|IvyCudgel,PowerWhip,FollowMe,SpikyShield|||F|||50|,,,,,Rock]Ursaluna-Bloodmoon||LifeOrb|MindsEye|HyperVoice,EarthPower,BloodMoon,Protect|||M|||50|,,,,,Normal]Flutter Mane||BoosterEnergy|Protosynthesis|Moonblast,DazzlingGleam,ShadowBall,Protect||||||50|,,,,,Fairy\n|showteam|p2|Dondozo||Leftovers|Oblivious|WaveCrash,OrderUp,Substitute,Protect|||M|||50|,,,,,Dragon]Tatsugiri||SafetyGoggles|Commander|MuddyWater,DracoMeteor,IcyWind,Protect|||M|||50|,,,,,Fairy]Rillaboom||MiracleSeed|GrassySurge|GrassyGlide,WoodHammer,FakeOut,Protect|||M|||50|,,,,,Grass]Flutter Mane||ChoiceSpecs|Protosynthesis|DazzlingGleam,Moonblast,ShadowBall,MysticalFire||||||50|,,,,,Fairy]Tornadus||FocusSash|Prankster|BleakwindStorm,Tailwind,Taunt,Protect|||M|||50|,,,,,Ghost]Landorus-Therian||ChoiceScarf|Intimidate|StompingTantrum,TeraBlast,RockSlide,Uturn|||M|||50|,,,,,Flying\n|inactive|Battle timer is ON: inactive players will automatically lose when time's up. (requested by SoCalSalamence)\n|\n|t:|1700438872\n|start\n|switch|p1a: Ogerpon|Ogerpon-Cornerstone, L50, F|100\/100\n|switch|p1b: Chien-Pao|Chien-Pao, L50|100\/100\n|switch|p2a: Rillaboom|Rillaboom, L50, M, shiny|100\/100\n|switch|p2b: Flutter Mane|Flutter Mane, L50, shiny|100\/100\n|-ability|p1b: Chien-Pao|Sword of Ruin\n|-fieldstart|move: Grassy Terrain|[from] ability: Grassy Surge|[of] p2a: Rillaboom\n|turn|1\n|\n|t:|1700438886\n|-terastallize|p2b: Flutter Mane|Fairy\n|move|p1b: Chien-Pao|Protect|p1b: Chien-Pao\n|-singleturn|p1b: Chien-Pao|Protect\n|move|p1a: Ogerpon|Spiky Shield|p1a: Ogerpon\n|-singleturn|p1a: Ogerpon|move: Protect\n|move|p2a: Rillaboom|Grassy Glide|p1b: Chien-Pao\n|-activate|p1b: Chien-Pao|move: Protect\n|move|p2b: Flutter Mane|Dazzling Gleam|p1a: Ogerpon|[spread] \n|-activate|p1a: Ogerpon|move: Protect\n|-activate|p1b: Chien-Pao|move: Protect\n|\n|upkeep\n|turn|2\n|inactive|SoCalSalamence has 30 seconds left.\n|\n|t:|1700438911\n|move|p1a: Ogerpon|Follow Me|p1a: Ogerpon\n|-singleturn|p1a: Ogerpon|move: Follow Me\n|move|p2a: Rillaboom|Grassy Glide|p1a: Ogerpon\n|-damage|p1a: Ogerpon|31\/100\n|move|p2b: Flutter Mane|Dazzling Gleam|p1b: Chien-Pao|[spread] p1a,p1b\n|-supereffective|p1b: Chien-Pao\n|-damage|p1a: Ogerpon|0 fnt\n|-enditem|p1b: Chien-Pao|Focus Sash\n|-damage|p1b: Chien-Pao|1\/100\n|faint|p1a: Ogerpon\n|move|p1b: Chien-Pao|Ice Spinner|p2a: Rillaboom\n|-supereffective|p2a: Rillaboom\n|-damage|p2a: Rillaboom|0 fnt\n|-fieldend|move: Grassy Terrain\n|faint|p2a: Rillaboom\n|\n|upkeep\n|\n|t:|1700438925\n|switch|p1a: Dragonite|Dragonite, L50, M|100\/100\n|switch|p2a: Dondozo|Dondozo, L50, M, shiny|100\/100\n|turn|3\n|\n|t:|1700438946\n|-end|p2b: Flutter Mane|Protosynthesis|[silent]\n|switch|p2b: Tatsugiri|Tatsugiri, L50, M, shiny|100\/100\n|-activate|p2b: Tatsugiri|ability: Commander|[of] p2a: Dondozo\n|-boost|p2a: Dondozo|atk|2\n|-boost|p2a: Dondozo|spa|2\n|-boost|p2a: Dondozo|spe|2\n|-boost|p2a: Dondozo|def|2\n|-boost|p2a: Dondozo|spd|2\n|-terastallize|p1a: Dragonite|Normal\n|move|p1b: Chien-Pao|Protect|p1b: Chien-Pao\n|-singleturn|p1b: Chien-Pao|Protect\n|move|p1a: Dragonite|Extreme Speed|p2b: Tatsugiri|[miss]\n|-miss|p1a: Dragonite|p2b: Tatsugiri\n|move|p2a: Dondozo|Order Up|p1b: Chien-Pao\n|-activate|p1b: Chien-Pao|move: Protect\n|\n|upkeep\n|turn|4\n|\n|t:|1700438956\n|move|p1a: Dragonite|Extreme Speed|p2a: Dondozo\n|-damage|p2a: Dondozo|68\/100\n|move|p2a: Dondozo|Order Up|p1b: Chien-Pao\n|-damage|p1b: Chien-Pao|0 fnt\n|faint|p1b: Chien-Pao\n|-boost|p2a: Dondozo|atk|1\n|\n|-heal|p2a: Dondozo|74\/100|[from] item: Leftovers\n|upkeep\n|\n|t:|1700438961\n|switch|p1b: Flutter Mane|Flutter Mane, L50|100\/100\n|-enditem|p1b: Flutter Mane|Booster Energy\n|-activate|p1b: Flutter Mane|ability: Protosynthesis|[fromitem]\n|-start|p1b: Flutter Mane|protosynthesisspe\n|turn|5\n|\n|t:|1700438972\n|move|p1b: Flutter Mane|Protect|p1b: Flutter Mane\n|-singleturn|p1b: Flutter Mane|Protect\n|move|p2a: Dondozo|Protect|p2a: Dondozo\n|-singleturn|p2a: Dondozo|Protect\n|move|p1a: Dragonite|Extreme Speed|p2a: Dondozo\n|-activate|p2a: Dondozo|move: Protect\n|\n|-heal|p2a: Dondozo|80\/100|[from] item: Leftovers\n|upkeep\n|turn|6\n|\n|t:|1700438979\n|move|p1a: Dragonite|Extreme Speed|p2a: Dondozo\n|-damage|p2a: Dondozo|55\/100\n|move|p1b: Flutter Mane|Moonblast|p2a: Dondozo\n|-damage|p2a: Dondozo|33\/100\n|-unboost|p2a: Dondozo|spa|1\n|move|p2a: Dondozo|Wave Crash|p1a: Dragonite\n|-damage|p1a: Dragonite|0 fnt\n|faint|p1a: Dragonite\n|-damage|p2a: Dondozo|6\/100|[from] Recoil\n|\n|-heal|p2a: Dondozo|12\/100|[from] item: Leftovers\n|upkeep\n|turn|7\n|\n|t:|1700438995\n|move|p2a: Dondozo|Protect|p2a: Dondozo\n|-singleturn|p2a: Dondozo|Protect\n|move|p1b: Flutter Mane|Moonblast|p2a: Dondozo\n|-activate|p2a: Dondozo|move: Protect\n|\n|-heal|p2a: Dondozo|18\/100|[from] item: Leftovers\n|upkeep\n|turn|8\n|\n|t:|1700439000\n|move|p2a: Dondozo|Protect|p2a: Dondozo\n|-singleturn|p2a: Dondozo|Protect\n|move|p1b: Flutter Mane|Moonblast|p2a: Dondozo\n|-activate|p2a: Dondozo|move: Protect\n|\n|-heal|p2a: Dondozo|24\/100|[from] item: Leftovers\n|upkeep\n|turn|9\n|\n|t:|1700439006\n|move|p1b: Flutter Mane|Moonblast|p2a: Dondozo\n|-damage|p2a: Dondozo|0 fnt\n|faint|p2a: Dondozo\n|\n|upkeep\n|\n|t:|1700439009\n|switch|p2a: Flutter Mane|Flutter Mane, L50, shiny, tera:Fairy|100\/100\n|turn|10\n|\n|t:|1700439018\n|move|p1b: Flutter Mane|Moonblast|p2a: Flutter Mane\n|-damage|p2a: Flutter Mane|54\/100\n|move|p2a: Flutter Mane|Shadow Ball|p1b: Flutter Mane\n|-supereffective|p1b: Flutter Mane\n|-damage|p1b: Flutter Mane|0 fnt\n|faint|p1b: Flutter Mane\n|-end|p1b: Flutter Mane|Protosynthesis|[silent]\n|\n|win|WickedCheeseTouch\n|l|\u2606WickedCheeseTouch\n","uploadtime":1700439065,"views":16,"p1id":"socalsalamence","p2id":"wickedcheesetouch","formatid":"gen9vgc2023regulatione","rating":0,"private":0,"password":""}