{"id":"gen9vgc2023regulatione-1999117466","p1":"PritzShow","p2":"Cosmickyle13","format":"[Gen 9] VGC 2023 Regulation E","log":"|j|\u2606PritzShow\n|j|\u2606Cosmickyle13\n|n|\u2606PritzShow|pritzshow\n|n|\u2606Cosmickyle13|cosmickyle13\n|html|View the match progress at <a href=\"\/game-bestof3-gen9vgc2023regulatione-1999115079\">game-bestof3-gen9vgc2023regulatione-1999115079<\/a>\n|t:|1701034997\n|gametype|doubles\n|player|p1|PritzShow|fisherman-gen4|\n|player|p2|Cosmickyle13|169|\n|teamsize|p1|6\n|teamsize|p2|6\n|gen|9\n|tier|[Gen 9] VGC 2023 Regulation E\n|rule|Species Clause: Limit one of each Pok\u00e9mon\n|rule|Item Clause: Limit one of each item\n|clearpoke\n|poke|p1|Arcanine, L50, F|\n|poke|p1|Ting-Lu, L50|\n|poke|p1|Zapdos, L50|\n|poke|p1|Vivillon, L50, M|\n|poke|p1|Revavroom, L50, M|\n|poke|p1|Scream Tail, L50|\n|poke|p2|Flutter Mane, L50|\n|poke|p2|Glastrier, L50|\n|poke|p2|Iron Hands, L50|\n|poke|p2|Ogerpon, L50, F|\n|poke|p2|Iron Moth, L50|\n|poke|p2|Iron Treads, L50|\n|teampreview|4\n|inactive|Battle timer is ON: inactive players will automatically lose when time's up. (requested by PritzShow)\n|inactive|Cosmickyle13 also wants the timer to be on.\n|inactive|PritzShow has 60 seconds left.\n|\n|t:|1701035038\n|start\n|switch|p1a: Arcanine|Arcanine, L50, F|100\/100\n|switch|p1b: Scream Tail|Scream Tail, L50|100\/100\n|switch|p2a: Flutter Mane|Flutter Mane, L50|100\/100\n|switch|p2b: Iron Treads|Iron Treads, L50|100\/100\n|-ability|p1a: Arcanine|Intimidate|boost\n|-unboost|p2a: Flutter Mane|atk|1\n|-unboost|p2b: Iron Treads|atk|1\n|-enditem|p1b: Scream Tail|Booster Energy\n|-activate|p1b: Scream Tail|ability: Protosynthesis|[fromitem]\n|-start|p1b: Scream Tail|protosynthesisspe\n|-enditem|p2b: Iron Treads|Booster Energy\n|-activate|p2b: Iron Treads|ability: Quark Drive|[fromitem]\n|-start|p2b: Iron Treads|quarkdrivespe\n|turn|1\n|\n|t:|1701035058\n|move|p1b: Scream Tail|Dazzling Gleam|p2b: Iron Treads|[spread] p2a,p2b\n|-resisted|p2b: Iron Treads\n|-crit|p2b: Iron Treads\n|-damage|p2a: Flutter Mane|87\/100\n|-damage|p2b: Iron Treads|86\/100\n|move|p2b: Iron Treads|High Horsepower|p1a: Arcanine\n|-supereffective|p1a: Arcanine\n|-enditem|p1a: Arcanine|Shuca Berry|[eat]\n|-enditem|p1a: Arcanine|Shuca Berry|[weaken]\n|-damage|p1a: Arcanine|65\/100\n|move|p1a: Arcanine|Flare Blitz|p2a: Flutter Mane\n|-damage|p2a: Flutter Mane|0 fnt\n|faint|p2a: Flutter Mane\n|-end|p2a: Flutter Mane|Protosynthesis|[silent]\n|-damage|p1a: Arcanine|42\/100|[from] Recoil\n|\n|upkeep\n|\n|t:|1701035072\n|switch|p2a: Iron Hands|Iron Hands, L50|100\/100\n|turn|2\n|\n|t:|1701035087\n|-terastallize|p2a: Iron Hands|Fairy\n|move|p1b: Scream Tail|Disable|p2b: Iron Treads\n|-start|p2b: Iron Treads|Disable|High Horsepower\n|cant|p2b: Iron Treads|Disable|High Horsepower\n|move|p1a: Arcanine|Will-O-Wisp|p2a: Iron Hands\n|-status|p2a: Iron Hands|brn\n|move|p2a: Iron Hands|Play Rough|p1b: Scream Tail\n|-damage|p1b: Scream Tail|78\/100\n|\n|-damage|p2a: Iron Hands|94\/100 brn|[from] brn\n|upkeep\n|turn|3\n|\n|t:|1701035111\n|move|p1b: Scream Tail|Protect|p1b: Scream Tail\n|-singleturn|p1b: Scream Tail|Protect\n|move|p2b: Iron Treads|Rock Slide|p1b: Scream Tail|[spread] p1a\n|-activate|p1b: Scream Tail|move: Protect\n|-supereffective|p1a: Arcanine\n|-damage|p1a: Arcanine|13\/100\n|cant|p1a: Arcanine|flinch\n|move|p2a: Iron Hands|Belly Drum|p2a: Iron Hands\n|-damage|p2a: Iron Hands|45\/100 brn\n|-setboost|p2a: Iron Hands|atk|6|[from] move: Belly Drum\n|-enditem|p2a: Iron Hands|Sitrus Berry|[eat]\n|-heal|p2a: Iron Hands|69\/100 brn|[from] item: Sitrus Berry\n|\n|-damage|p2a: Iron Hands|63\/100 brn|[from] brn\n|upkeep\n|turn|4\n|\n|t:|1701035125\n|move|p1b: Scream Tail|Encore|p2a: Iron Hands\n|-start|p2a: Iron Hands|Encore\n|move|p2b: Iron Treads|Iron Head|p1b: Scream Tail\n|-supereffective|p1b: Scream Tail\n|-damage|p1b: Scream Tail|35\/100\n|move|p1a: Arcanine|Flare Blitz|p2b: Iron Treads\n|-supereffective|p2b: Iron Treads\n|-damage|p2b: Iron Treads|0 fnt\n|faint|p2b: Iron Treads\n|-end|p2b: Iron Treads|Quark Drive|[silent]\n|-damage|p1a: Arcanine|0 fnt|[from] Recoil\n|faint|p1a: Arcanine\n|move|p2a: Iron Hands|Belly Drum||[still]\n|-fail|p2a: Iron Hands\n|\n|-damage|p2a: Iron Hands|57\/100 brn|[from] brn\n|upkeep\n|\n|t:|1701035144\n|switch|p2b: Ogerpon|Ogerpon, L50, F|100\/100\n|switch|p1a: Ting-Lu|Ting-Lu, L50|100\/100\n|-ability|p1a: Ting-Lu|Vessel of Ruin\n|turn|5\n|\n|t:|1701035157\n|-terastallize|p1a: Ting-Lu|Fairy\n|move|p1b: Scream Tail|Protect|p1b: Scream Tail\n|-singleturn|p1b: Scream Tail|Protect\n|move|p2b: Ogerpon|Horn Leech|p1a: Ting-Lu\n|-damage|p1a: Ting-Lu|83\/100\n|move|p1a: Ting-Lu|Earthquake|p2a: Iron Hands|[spread] p2a,p2b\n|-activate|p1b: Scream Tail|move: Protect\n|-resisted|p2b: Ogerpon\n|-damage|p2a: Iron Hands|33\/100 brn\n|-damage|p2b: Ogerpon|80\/100\n|move|p2a: Iron Hands|Belly Drum||[still]\n|-fail|p2a: Iron Hands\n|\n|-damage|p2a: Iron Hands|27\/100 brn|[from] brn\n|upkeep\n|turn|6\n|\n|t:|1701035172\n|move|p1b: Scream Tail|Disable|p2b: Ogerpon\n|-start|p2b: Ogerpon|Disable|Horn Leech\n|cant|p2b: Ogerpon|Disable|Horn Leech\n|move|p1a: Ting-Lu|Rock Slide|p2a: Iron Hands|[spread] p2a,p2b\n|-damage|p2a: Iron Hands|15\/100 brn\n|-damage|p2b: Ogerpon|57\/100\n|move|p2a: Iron Hands|Belly Drum||[still]\n|-fail|p2a: Iron Hands\n|\n|-damage|p2a: Iron Hands|9\/100 brn|[from] brn\n|-end|p2a: Iron Hands|Encore\n|upkeep\n|turn|7\n|\n|t:|1701035191\n|move|p1b: Scream Tail|Protect|p1b: Scream Tail\n|-singleturn|p1b: Scream Tail|Protect\n|move|p2b: Ogerpon|Follow Me|p2b: Ogerpon\n|-singleturn|p2b: Ogerpon|move: Follow Me\n|move|p1a: Ting-Lu|Earthquake|p2a: Iron Hands|[spread] p2a,p2b\n|-activate|p1b: Scream Tail|move: Protect\n|-resisted|p2b: Ogerpon\n|-damage|p2a: Iron Hands|0 fnt\n|-damage|p2b: Ogerpon|36\/100\n|faint|p2a: Iron Hands\n|-end|p2a: Iron Hands|Quark Drive|[silent]\n|\n|upkeep\n|turn|8\n|\n|t:|1701035201\n|move|p2b: Ogerpon|Spiky Shield|p2b: Ogerpon\n|-singleturn|p2b: Ogerpon|move: Protect\n|move|p1b: Scream Tail|Dazzling Gleam|p2b: Ogerpon\n|-activate|p2b: Ogerpon|move: Protect\n|move|p1a: Ting-Lu|Rock Slide|p2b: Ogerpon\n|-activate|p2b: Ogerpon|move: Protect\n|\n|upkeep\n|turn|9\n|\n|t:|1701035205\n|move|p2b: Ogerpon|Spiky Shield|p2b: Ogerpon\n|-singleturn|p2b: Ogerpon|move: Protect\n|move|p1b: Scream Tail|Encore|p2b: Ogerpon\n|-activate|p2b: Ogerpon|move: Protect\n|move|p1a: Ting-Lu|Rock Slide|p2b: Ogerpon\n|-activate|p2b: Ogerpon|move: Protect\n|\n|-end|p2b: Ogerpon|Disable\n|upkeep\n|turn|10\n|\n|t:|1701035210\n|move|p1b: Scream Tail|Encore|p2b: Ogerpon\n|-start|p2b: Ogerpon|Encore\n|move|p2b: Ogerpon|Spiky Shield||[still]\n|-fail|p2b: Ogerpon\n|move|p1a: Ting-Lu|Rock Slide|p2b: Ogerpon\n|-damage|p2b: Ogerpon|5\/100\n|\n|upkeep\n|turn|11\n|\n|t:|1701035217\n|move|p2b: Ogerpon|Spiky Shield|p2b: Ogerpon\n|-singleturn|p2b: Ogerpon|move: Protect\n|move|p1b: Scream Tail|Dazzling Gleam|p2b: Ogerpon\n|-activate|p2b: Ogerpon|move: Protect\n|move|p1a: Ting-Lu|Rock Slide|p2b: Ogerpon\n|-activate|p2b: Ogerpon|move: Protect\n|\n|upkeep\n|turn|12\n|\n|t:|1701035220\n|move|p2b: Ogerpon|Spiky Shield|p2b: Ogerpon\n|-singleturn|p2b: Ogerpon|move: Protect\n|move|p1b: Scream Tail|Dazzling Gleam|p2b: Ogerpon\n|-activate|p2b: Ogerpon|move: Protect\n|move|p1a: Ting-Lu|Rock Slide|p2b: Ogerpon\n|-activate|p2b: Ogerpon|move: Protect\n|\n|-end|p2b: Ogerpon|Encore\n|upkeep\n|turn|13\n|\n|t:|1701035225\n|move|p1b: Scream Tail|Dazzling Gleam|p2b: Ogerpon\n|-damage|p2b: Ogerpon|0 fnt\n|faint|p2b: Ogerpon\n|\n|win|PritzShow\n|c|&|\/uhtml prompt-pritzshow,PritzShow is ready for game 3!\n|inactive|Cosmickyle13 has 50 seconds to confirm battle start!\n|c|&|\/uhtml prompt-cosmickyle13,Cosmickyle13 is ready for game 3!\nBoth players are ready! Starting next match!\n","uploadtime":1701035659,"views":7,"p1id":"pritzshow","p2id":"cosmickyle13","formatid":"gen9vgc2023regulatione","rating":0,"private":0,"password":""}