{"id":"gen9vgc2023regulatione-1994709734","p1":"tobberoch","p2":"BlindMagneton","format":"[Gen 9] VGC 2023 Regulation E","log":"|j|\u2606tobberoch\n|j|\u2606BlindMagneton\n|t:|1700484170\n|gametype|doubles\n|player|p1|tobberoch|chuck|1520\n|player|p2|BlindMagneton|wattson|1468\n|teamsize|p1|6\n|teamsize|p2|6\n|gen|9\n|tier|[Gen 9] VGC 2023 Regulation E\n|rated|\n|rule|Species Clause: Limit one of each Pok\u00e9mon\n|rule|Item Clause: Limit one of each item\n|clearpoke\n|poke|p1|Tornadus, L50, M|\n|poke|p1|Urshifu-*, L50, F|\n|poke|p1|Flutter Mane, L50|\n|poke|p1|Arcanine-Hisui, L50, F|\n|poke|p1|Rillaboom, L50, M|\n|poke|p1|Regidrago, L50|\n|poke|p2|Mandibuzz, L50, F|\n|poke|p2|Abomasnow, L50, F|\n|poke|p2|Roaring Moon, L50|\n|poke|p2|Brambleghast, L50, M|\n|poke|p2|Garganacl, L50, F|\n|poke|p2|Chien-Pao, L50|\n|teampreview|4\n|inactive|Battle timer is ON: inactive players will automatically lose when time's up. (requested by tobberoch)\n|inactive|BlindMagneton has 60 seconds left.\n|\n|t:|1700484228\n|start\n|switch|p1a: Tornadus|Tornadus, L50, M|100\/100\n|switch|p1b: Arcanine|Arcanine-Hisui, L50, F|100\/100\n|switch|p2a: Mandibuzz|Mandibuzz, L50, F|100\/100\n|switch|p2b: Abomasnow|Abomasnow, L50, F|100\/100\n|-ability|p1b: Arcanine|Intimidate|boost\n|-unboost|p2a: Mandibuzz|atk|1\n|-unboost|p2b: Abomasnow|atk|1\n|-weather|Snow|[from] ability: Snow Warning|[of] p2b: Abomasnow\n|turn|1\n|\n|t:|1700484247\n|move|p1a: Tornadus|Tailwind|p1a: Tornadus\n|-sidestart|p1: tobberoch|move: Tailwind\n|move|p2b: Abomasnow|Ice Shard|p2a: Mandibuzz\n|-supereffective|p2a: Mandibuzz\n|-damage|p2a: Mandibuzz|84\/100\n|-ability|p2a: Mandibuzz|Weak Armor|boost\n|-unboost|p2a: Mandibuzz|def|1\n|-boost|p2a: Mandibuzz|spe|2\n|-enditem|p2a: Mandibuzz|Weakness Policy\n|-boost|p2a: Mandibuzz|atk|2|[from] item: Weakness Policy\n|-boost|p2a: Mandibuzz|spa|2|[from] item: Weakness Policy\n|move|p2a: Mandibuzz|Bone Rush|p1b: Arcanine\n|-supereffective|p1b: Arcanine\n|-damage|p1b: Arcanine|58\/100\n|-supereffective|p1b: Arcanine\n|-damage|p1b: Arcanine|13\/100\n|-supereffective|p1b: Arcanine\n|-damage|p1b: Arcanine|0 fnt\n|faint|p1b: Arcanine\n|-hitcount|p1: Arcanine|3\n|\n|-weather|Snow|[upkeep]\n|upkeep\n|\n|t:|1700484263\n|switch|p1b: Regidrago|Regidrago, L50|100\/100\n|turn|2\n|inactive|tobberoch has 30 seconds left.\n|inactive|tobberoch has 20 seconds left.\n|inactive|tobberoch has 15 seconds left.\n|\n|t:|1700484303\n|move|p2b: Abomasnow|Ice Shard|p2a: Mandibuzz\n|-supereffective|p2a: Mandibuzz\n|-damage|p2a: Mandibuzz|62\/100\n|-ability|p2a: Mandibuzz|Weak Armor|boost\n|-unboost|p2a: Mandibuzz|def|1\n|-boost|p2a: Mandibuzz|spe|2\n|move|p2a: Mandibuzz|Lash Out|p1b: Regidrago\n|-damage|p1b: Regidrago|10\/100\n|move|p1a: Tornadus|Bleakwind Storm|p2b: Abomasnow|[spread] p2a,p2b\n|-supereffective|p2b: Abomasnow\n|-damage|p2a: Mandibuzz|28\/100\n|-damage|p2b: Abomasnow|23\/100\n|move|p1b: Regidrago|Dragon Energy|p2a: Mandibuzz|[spread] p2a,p2b\n|-damage|p2a: Mandibuzz|19\/100\n|-damage|p2b: Abomasnow|12\/100\n|\n|-weather|Snow|[upkeep]\n|upkeep\n|turn|3\n|inactive|BlindMagneton has 30 seconds left.\n|\n|t:|1700484332\n|move|p1b: Regidrago|Protect|p1b: Regidrago\n|-singleturn|p1b: Regidrago|Protect\n|move|p2b: Abomasnow|Ice Shard|p1b: Regidrago\n|-activate|p1b: Regidrago|move: Protect\n|move|p2a: Mandibuzz|Acrobatics|p1a: Tornadus\n|-damage|p1a: Tornadus|43\/100\n|move|p1a: Tornadus|Bleakwind Storm|p2b: Abomasnow|[spread] p2a,p2b\n|-supereffective|p2b: Abomasnow\n|-damage|p2a: Mandibuzz|0 fnt\n|-damage|p2b: Abomasnow|0 fnt\n|faint|p2a: Mandibuzz\n|faint|p2b: Abomasnow\n|\n|-weather|Snow|[upkeep]\n|upkeep\n|\n|t:|1700484342\n|switch|p2a: Garganacl|Garganacl, L50, F|100\/100\n|switch|p2b: Brambleghast|Brambleghast, L50, M|100\/100\n|turn|4\n|inactive|tobberoch has 30 seconds left.\n|inactive|tobberoch has 20 seconds left.\n|inactive|tobberoch has 15 seconds left.\n|inactive|tobberoch has 10 seconds left.\n|\n|t:|1700484389\n|move|p1a: Tornadus|Rain Dance|p1a: Tornadus\n|-weather|RainDance\n|move|p2b: Brambleghast|Shadow Sneak|p1b: Regidrago\n|-damage|p1b: Regidrago|0 fnt\n|faint|p1b: Regidrago\n|move|p2a: Garganacl|Salt Cure|p1a: Tornadus\n|-supereffective|p1a: Tornadus\n|-damage|p1a: Tornadus|16\/100\n|\n|-weather|RainDance|[upkeep]\n|-sideend|p1: tobberoch|move: Tailwind\n|upkeep\n|\n|t:|1700484395\n|switch|p1b: Urshifu|Urshifu-Rapid-Strike, L50, F|100\/100\n|turn|5\n|inactive|BlindMagneton has 30 seconds left.\n|\n|t:|1700484424\n|-terastallize|p1b: Urshifu|Water\n|-terastallize|p2a: Garganacl|Grass\n|move|p1a: Tornadus|Scary Face|p2b: Brambleghast\n|-unboost|p2b: Brambleghast|spe|2\n|move|p2b: Brambleghast|Shadow Sneak|p1a: Tornadus\n|-damage|p1a: Tornadus|1\/100\n|move|p1b: Urshifu|Surging Strikes|p2a: Garganacl\n|-resisted|p2a: Garganacl\n|-crit|p2a: Garganacl\n|-damage|p2a: Garganacl|82\/100\n|-resisted|p2a: Garganacl\n|-crit|p2a: Garganacl\n|-damage|p2a: Garganacl|66\/100\n|-resisted|p2a: Garganacl\n|-crit|p2a: Garganacl\n|-damage|p2a: Garganacl|46\/100\n|-hitcount|p2a: Garganacl|3\n|move|p2a: Garganacl|Salt Cure|p1b: Urshifu\n|-damage|p1b: Urshifu|88\/100\n|-start|p1b: Urshifu|Salt Cure\n|\n|-weather|RainDance|[upkeep]\n|-heal|p2a: Garganacl|52\/100|[from] item: Leftovers\n|-damage|p1b: Urshifu|63\/100|[from] Salt Cure\n|upkeep\n|turn|6\n|\n|t:|1700484441\n|move|p2b: Brambleghast|Shadow Sneak|p1a: Tornadus\n|-damage|p1a: Tornadus|0 fnt\n|faint|p1a: Tornadus\n|move|p1b: Urshifu|Surging Strikes|p2b: Brambleghast\n|-resisted|p2b: Brambleghast\n|-crit|p2b: Brambleghast\n|-damage|p2b: Brambleghast|75\/100\n|-damage|p1b: Urshifu|47\/100|[from] item: Rocky Helmet|[of] p2b: Brambleghast\n|-resisted|p2b: Brambleghast\n|-crit|p2b: Brambleghast\n|-damage|p2b: Brambleghast|50\/100\n|-damage|p1b: Urshifu|30\/100|[from] item: Rocky Helmet|[of] p2b: Brambleghast\n|-resisted|p2b: Brambleghast\n|-crit|p2b: Brambleghast\n|-damage|p2b: Brambleghast|26\/100\n|-damage|p1b: Urshifu|14\/100|[from] item: Rocky Helmet|[of] p2b: Brambleghast\n|-hitcount|p2b: Brambleghast|3\n|move|p2a: Garganacl|Recover|p2a: Garganacl\n|-heal|p2a: Garganacl|100\/100\n|\n|-weather|RainDance|[upkeep]\n|-damage|p1b: Urshifu|0 fnt|[from] Salt Cure\n|faint|p1b: Urshifu\n|\n|win|BlindMagneton\n|upkeep\n|raw|tobberoch's rating: 1520 &rarr; <strong>1497<\/strong><br \/>(-23 for losing)\n|raw|BlindMagneton's rating: 1468 &rarr; <strong>1491<\/strong><br \/>(+23 for winning)\n|l|\u2606tobberoch\n","uploadtime":1700484461,"views":8,"p1id":"tobberoch","p2id":"blindmagneton","formatid":"gen9vgc2023regulatione","rating":1491,"private":0,"password":""}