{"id":"gen9vgc2023regulatione-1996500294","p1":"slimejrlegit","p2":"notatworkfs","format":"[Gen 9] VGC 2023 Regulation E","log":"|j|\u2606slimejrlegit\n|j|\u2606notatworkfs\n|t:|1700688065\n|gametype|doubles\n|player|p1|slimejrlegit|170|1271\n|player|p2|notatworkfs|265|1243\n|teamsize|p1|6\n|teamsize|p2|6\n|gen|9\n|tier|[Gen 9] VGC 2023 Regulation E\n|rated|\n|rule|Species Clause: Limit one of each Pok\u00e9mon\n|rule|Item Clause: Limit one of each item\n|clearpoke\n|poke|p1|Ceruledge, L50, M|\n|poke|p1|Brute Bonnet, L50|\n|poke|p1|Dondozo, L50, M|\n|poke|p1|Enamorus, L50, F|\n|poke|p1|Tatsugiri, L50, M|\n|poke|p1|Regieleki, L50|\n|poke|p2|Gholdengo, L50|\n|poke|p2|Thundurus, L50, M|\n|poke|p2|Landorus-Therian, L50, M|\n|poke|p2|Roaring Moon, L50|\n|poke|p2|Milotic, L50, F|\n|poke|p2|Iron Hands, L50|\n|teampreview|4\n|\n|t:|1700688092\n|start\n|switch|p1a: Regieleki|Regieleki, L50|100\/100\n|switch|p1b: BOZO|Dondozo, L50, M, shiny|100\/100\n|switch|p2a: Landorus|Landorus-Therian, L50, M|100\/100\n|switch|p2b: Gholdengo|Gholdengo, L50|100\/100\n|-ability|p2a: Landorus|Intimidate|boost\n|-unboost|p1a: Regieleki|atk|1\n|-unboost|p1b: BOZO|atk|1\n|turn|1\n|\n|t:|1700688115\n|switch|p1b: Enamorus|Enamorus, L50, F|100\/100\n|move|p1a: Regieleki|Eerie Impulse|p1b: Enamorus\n|-boost|p1b: Enamorus|spa|2\n|move|p2a: Landorus|U-turn|p1b: Enamorus\n|-resisted|p1b: Enamorus\n|-damage|p1b: Enamorus|90\/100\n|inactive|Battle timer is ON: inactive players will automatically lose when time's up. (requested by slimejrlegit)\n|\n|t:|1700688124\n|switch|p2a: Iron Hands|Iron Hands, L50, shiny|100\/100|[from] U-turn\n|move|p2b: Gholdengo|Nasty Plot|p2b: Gholdengo\n|-boost|p2b: Gholdengo|spa|2\n|\n|upkeep\n|turn|2\n|inactive|slimejrlegit has 30 seconds left.\n|\n|t:|1700688151\n|move|p1b: Enamorus|Protect|p1b: Enamorus\n|-singleturn|p1b: Enamorus|Protect\n|move|p2a: Iron Hands|Fake Out|p1b: Enamorus\n|-activate|p1b: Enamorus|move: Protect\n|move|p1a: Regieleki|Electroweb|p2b: Gholdengo|[spread] p2a,p2b\n|-resisted|p2a: Iron Hands\n|-damage|p2a: Iron Hands|93\/100\n|-damage|p2b: Gholdengo|73\/100\n|-unboost|p2a: Iron Hands|spe|1\n|-unboost|p2b: Gholdengo|spe|1\n|move|p2b: Gholdengo|Make It Rain|p1b: Enamorus|[spread] p1a\n|-activate|p1b: Enamorus|move: Protect\n|-resisted|p1a: Regieleki\n|-damage|p1a: Regieleki|22\/100\n|-unboost|p2b: Gholdengo|spa|1\n|\n|-heal|p2b: Gholdengo|79\/100|[from] item: Leftovers\n|upkeep\n|turn|3\n|inactive|slimejrlegit has 30 seconds left.\n|inactive|slimejrlegit has 20 seconds left.\n|\n|t:|1700688188\n|-terastallize|p1b: Enamorus|Steel\n|move|p1a: Regieleki|Eerie Impulse|p1b: Enamorus\n|-boost|p1b: Enamorus|spa|2\n|move|p1b: Enamorus|Earth Power|p2b: Gholdengo\n|-supereffective|p2b: Gholdengo\n|-damage|p2b: Gholdengo|0 fnt\n|faint|p2b: Gholdengo\n|-damage|p1b: Enamorus|80\/100|[from] item: Life Orb\n|move|p2a: Iron Hands|Heavy Slam|p1b: Enamorus\n|-resisted|p1b: Enamorus\n|-damage|p1b: Enamorus|45\/100\n|\n|upkeep\n|\n|t:|1700688203\n|switch|p2b: Landorus|Landorus-Therian, L50, M|100\/100\n|-ability|p2b: Landorus|Intimidate|boost\n|-unboost|p1a: Regieleki|atk|1\n|-boost|p1b: Enamorus|atk|1\n|turn|4\n|\n|t:|1700688216\n|switch|p1a: Tatsugiri|Tatsugiri, L50, M|100\/100\n|move|p1b: Enamorus|Protect|p1b: Enamorus\n|-singleturn|p1b: Enamorus|Protect\n|move|p2b: Landorus|Stomping Tantrum|p1b: Enamorus\n|-activate|p1b: Enamorus|move: Protect\n|move|p2a: Iron Hands|Drain Punch|p1a: Tatsugiri\n|-damage|p1a: Tatsugiri|23\/100\n|-heal|p2a: Iron Hands|100\/100|[from] drain|[of] p1a: Tatsugiri\n|\n|upkeep\n|turn|5\n|\n|t:|1700688232\n|switch|p1a: BOZO|Dondozo, L50, M, shiny|100\/100\n|move|p2b: Landorus|Stomping Tantrum|p1b: Enamorus\n|-supereffective|p1b: Enamorus\n|-damage|p1b: Enamorus|0 fnt\n|faint|p1b: Enamorus\n|move|p2a: Iron Hands|Wild Charge|p1a: BOZO\n|-supereffective|p1a: BOZO\n|-damage|p1a: BOZO|44\/100\n|-damage|p2a: Iron Hands|85\/100|[from] Recoil\n|\n|-heal|p1a: BOZO|51\/100|[from] item: Leftovers\n|upkeep\n|\n|t:|1700688238\n|switch|p1b: Tatsugiri|Tatsugiri, L50, M|23\/100\n|-activate|p1b: Tatsugiri|ability: Commander|[of] p1a: BOZO\n|-boost|p1a: BOZO|atk|2\n|-boost|p1a: BOZO|spa|2\n|-boost|p1a: BOZO|spe|2\n|-boost|p1a: BOZO|def|2\n|-boost|p1a: BOZO|spd|2\n|turn|6\n|inactive|notatworkfs has 30 seconds left.\n|inactive|notatworkfs has 20 seconds left.\n|\n|t:|1700688275\n|switch|p2b: Milotic|Milotic, L50, F|100\/100\n|move|p1a: BOZO|Earthquake|p2a: Iron Hands|[spread] p2a,p2b\n|-miss|p1a: BOZO|p1b: Tatsugiri\n|-supereffective|p2a: Iron Hands\n|-damage|p2a: Iron Hands|31\/100\n|-damage|p2b: Milotic|66\/100\n|move|p2a: Iron Hands|Wild Charge|p1a: BOZO\n|-supereffective|p1a: BOZO\n|-damage|p1a: BOZO|22\/100\n|-damage|p2a: Iron Hands|23\/100|[from] Recoil\n|\n|-heal|p1a: BOZO|28\/100|[from] item: Leftovers\n|upkeep\n|turn|7\n|\n|t:|1700688296\n|-end|p2a: Iron Hands|Quark Drive|[silent]\n|switch|p2a: Landorus|Landorus-Therian, L50, M|100\/100\n|-ability|p2a: Landorus|Intimidate|boost\n|-unboost|p1a: BOZO|atk|1\n|-unboost|p1b: Tatsugiri|atk|1\n|move|p1a: BOZO|Protect|p1a: BOZO\n|-singleturn|p1a: BOZO|Protect\n|move|p2b: Milotic|Draining Kiss|p1a: BOZO\n|-activate|p1a: BOZO|move: Protect\n|\n|-heal|p1a: BOZO|34\/100|[from] item: Leftovers\n|upkeep\n|turn|8\n|\n|t:|1700688310\n|move|p2a: Landorus|U-turn|p1a: BOZO\n|-damage|p1a: BOZO|25\/100\n|\n|t:|1700688313\n|switch|p2a: Iron Hands|Iron Hands, L50, shiny|23\/100|[from] U-turn\n|move|p1a: BOZO|Liquidation|p2a: Iron Hands\n|-damage|p2a: Iron Hands|0 fnt\n|faint|p2a: Iron Hands\n|-end|p2a: Iron Hands|Quark Drive|[silent]\n|move|p2b: Milotic|Draining Kiss|p1a: BOZO\n|-damage|p1a: BOZO|20\/100\n|-heal|p2b: Milotic|71\/100|[from] drain|[of] p1a: BOZO\n|\n|-heal|p1a: BOZO|26\/100|[from] item: Leftovers\n|upkeep\n|\n|t:|1700688324\n|switch|p2a: Landorus|Landorus-Therian, L50, M|100\/100\n|-ability|p2a: Landorus|Intimidate|boost\n|-unboost|p1a: BOZO|atk|1\n|-unboost|p1b: Tatsugiri|atk|1\n|turn|9\n|\n|t:|1700688339\n|move|p1a: BOZO|Protect|p1a: BOZO\n|-singleturn|p1a: BOZO|Protect\n|move|p2a: Landorus|Stomping Tantrum|p1a: BOZO\n|-activate|p1a: BOZO|move: Protect\n|move|p2b: Milotic|Draining Kiss|p1a: BOZO\n|-activate|p1a: BOZO|move: Protect\n|\n|-heal|p1a: BOZO|32\/100|[from] item: Leftovers\n|upkeep\n|turn|10\n|\n|t:|1700688361\n|-terastallize|p2b: Milotic|Fairy\n|move|p2a: Landorus|Stomping Tantrum|p1a: BOZO\n|-damage|p1a: BOZO|17\/100\n|move|p1a: BOZO|Liquidation|p2a: Landorus\n|-supereffective|p2a: Landorus\n|-damage|p2a: Landorus|16\/100\n|move|p2b: Milotic|Draining Kiss|p1a: BOZO\n|-damage|p1a: BOZO|8\/100\n|-heal|p2b: Milotic|80\/100|[from] drain|[of] p1a: BOZO\n|\n|-heal|p1a: BOZO|14\/100|[from] item: Leftovers\n|upkeep\n|turn|11\n|inactive|slimejrlegit has 30 seconds left.\n|\n|t:|1700688388\n|move|p1a: BOZO|Protect|p1a: BOZO\n|-singleturn|p1a: BOZO|Protect\n|move|p2a: Landorus|Stomping Tantrum|p1a: BOZO\n|-activate|p1a: BOZO|move: Protect\n|move|p2b: Milotic|Draining Kiss|p1a: BOZO\n|-activate|p1a: BOZO|move: Protect\n|\n|-heal|p1a: BOZO|20\/100|[from] item: Leftovers\n|upkeep\n|turn|12\n|\n|t:|1700688402\n|move|p2a: Landorus|Stomping Tantrum|p1a: BOZO\n|-damage|p1a: BOZO|6\/100\n|move|p1a: BOZO|Order Up|p2a: Landorus\n|-damage|p2a: Landorus|0 fnt\n|faint|p2a: Landorus\n|-boost|p1a: BOZO|atk|1\n|move|p2b: Milotic|Draining Kiss|p1a: BOZO\n|-damage|p1a: BOZO|0 fnt\n|-heal|p2b: Milotic|86\/100|[from] drain|[of] p1a: BOZO\n|faint|p1a: BOZO\n|\n|upkeep\n|\n|t:|1700688406\n|switch|p1a: Regieleki|Regieleki, L50|22\/100\n|turn|13\n|\n|t:|1700688422\n|move|p1a: Regieleki|Thunderbolt|p2b: Milotic\n|-damage|p2b: Milotic|44\/100\n|move|p1b: Tatsugiri|Hydro Pump|p2b: Milotic\n|-damage|p2b: Milotic|8\/100\n|move|p2b: Milotic|Icy Wind|p1b: Tatsugiri|[spread] p1a,p1b\n|-damage|p1a: Regieleki|5\/100\n|-damage|p1b: Tatsugiri|10\/100\n|-unboost|p1a: Regieleki|spe|1\n|-unboost|p1b: Tatsugiri|spe|1\n|\n|upkeep\n|turn|14\n|c|\u2606slimejrlegit|Icy wind on the fastest Mon in the game\n|c|\u2606slimejrlegit|you have balls\n|inactive|slimejrlegit has 30 seconds left.\n|\n|t:|1700688448\n|move|p2b: Milotic|Protect|p2b: Milotic\n|-singleturn|p2b: Milotic|Protect\n|move|p1a: Regieleki|Thunderbolt|p2b: Milotic\n|-activate|p2b: Milotic|move: Protect\n|move|p1b: Tatsugiri|Hydro Pump|p2b: Milotic\n|-activate|p2b: Milotic|move: Protect\n|\n|upkeep\n|turn|15\n|\n|t:|1700688457\n|move|p1a: Regieleki|Thunderbolt|p2b: Milotic\n|-damage|p2b: Milotic|0 fnt\n|faint|p2b: Milotic\n|\n|win|slimejrlegit\n|raw|slimejrlegit's rating: 1271 &rarr; <strong>1294<\/strong><br \/>(+23 for winning)\n|raw|notatworkfs's rating: 1243 &rarr; <strong>1220<\/strong><br \/>(-23 for losing)\n|l|\u2606notatworkfs\n","uploadtime":1700688476,"views":2,"p1id":"slimejrlegit","p2id":"notatworkfs","formatid":"gen9vgc2023regulatione","rating":1220,"private":0,"password":""}