{"id":"gen9vgc2023regulatione-1995163660","p1":"binasProsta","p2":"suffyrin","format":"[Gen 9] VGC 2023 Regulation E","log":"|j|\u2606binasProsta\n|j|\u2606suffyrin\n|n|\u2606binasProsta|binasprosta\n|n|\u2606suffyrin|suffyrin\n|html|View the match progress at <a href=\"\/game-bestof3-gen9vgc2023regulatione-1995157846\">game-bestof3-gen9vgc2023regulatione-1995157846<\/a>\n|t:|1700529696\n|gametype|doubles\n|player|p1|binasProsta|hilbert|\n|player|p2|suffyrin|169|\n|teamsize|p1|6\n|teamsize|p2|6\n|gen|9\n|tier|[Gen 9] VGC 2023 Regulation E\n|rule|Species Clause: Limit one of each Pok\u00e9mon\n|rule|Item Clause: Limit one of each item\n|clearpoke\n|poke|p1|Ninetales-Alola, L50, F|\n|poke|p1|Iron Bundle, L50|\n|poke|p1|Iron Hands, L50|\n|poke|p1|Heatran, L50, M|\n|poke|p1|Landorus-Therian, L50, M|\n|poke|p1|Amoonguss, L50, F|\n|poke|p2|Ogerpon-Wellspring, L50, F|\n|poke|p2|Heatran, L50, F|\n|poke|p2|Chien-Pao, L50|\n|poke|p2|Amoonguss, L50, M|\n|poke|p2|Landorus-Therian, L50, M|\n|poke|p2|Iron Hands, L50|\n|teampreview|4\n|inactive|Battle timer is ON: inactive players will automatically lose when time's up. (requested by binasProsta)\n|c|\u2606binasProsta|wp g1\nbinasProsta has agreed to open team sheets.\nsuffyrin has agreed to open team sheets.\n|showteam|p1|Ninetales-Alola||LightClay|SnowWarning|AuroraVeil,IcyWind,Moonblast,Protect|||F|||50|,,,,,Water]Iron Bundle||BoosterEnergy|QuarkDrive|Blizzard,FreezeDry,HydroPump,Protect||||||50|,,,,,Ghost]Iron Hands||AssaultVest|QuarkDrive|FakeOut,WildCharge,HeavySlam,DrainPunch||||||50|,,,,,Grass]Heatran||LifeOrb|FlashFire|FlashCannon,HeatWave,EarthPower,Protect|||M|||50|,,,,,Fairy]Landorus-Therian||ChoiceScarf|Intimidate|StompingTantrum,TeraBlast,Uturn,RockSlide|||M|||50|,,,,,Flying]Amoonguss||RockyHelmet|Regenerator|Spore,RagePowder,PollenPuff,Protect|||F|||50|,,,,,Water\n|showteam|p2|Ogerpon-Wellspring||WellspringMask|WaterAbsorb|IvyCudgel,HornLeech,SpikyShield,FollowMe|||F|||50|,,,,,Water]Heatran||LifeOrb|FlashFire|HeatWave,EarthPower,Protect,FlashCannon|||F|||50|,,,,,Fairy]Chien-Pao||FocusSash|SwordofRuin|IceSpinner,Protect,LashOut,SuckerPunch||||||50|,,,,,Ghost]Amoonguss||SitrusBerry|Regenerator|Spore,RagePowder,Protect,PollenPuff|||M|||50|,,,,,Water]Landorus-Therian||ChoiceScarf|Intimidate|StompingTantrum,RockSlide,Uturn,TeraBlast|||M|||50|,,,,,Flying]Iron Hands||AssaultVest|QuarkDrive|WildCharge,VoltSwitch,DrainPunch,FakeOut||||||50|,,,,,Fire\n|\n|t:|1700529716\n|start\n|switch|p1a: Ninetales|Ninetales-Alola, L50, F|100\/100\n|switch|p1b: Iron Bundle|Iron Bundle, L50, shiny|100\/100\n|switch|p2a: Heatran|Heatran, L50, F|100\/100\n|switch|p2b: Iron Hands|Iron Hands, L50|100\/100\n|-weather|Snow|[from] ability: Snow Warning|[of] p1a: Ninetales\n|-enditem|p1b: Iron Bundle|Booster Energy\n|-activate|p1b: Iron Bundle|ability: Quark Drive|[fromitem]\n|-start|p1b: Iron Bundle|quarkdrivespa\n|turn|1\n|\n|t:|1700529733\n|move|p1b: Iron Bundle|Protect|p1b: Iron Bundle\n|-singleturn|p1b: Iron Bundle|Protect\n|move|p1a: Ninetales|Protect|p1a: Ninetales\n|-singleturn|p1a: Ninetales|Protect\n|move|p2a: Heatran|Protect|p2a: Heatran\n|-singleturn|p2a: Heatran|Protect\n|move|p2b: Iron Hands|Fake Out|p1a: Ninetales\n|-activate|p1a: Ninetales|move: Protect\n|\n|-weather|Snow|[upkeep]\n|upkeep\n|turn|2\n|\n|t:|1700529755\n|switch|p2a: Amoonguss|Amoonguss, L50, M|100\/100\n|move|p1b: Iron Bundle|Hydro Pump|p2a: Amoonguss\n|-resisted|p2a: Amoonguss\n|-damage|p2a: Amoonguss|65\/100\n|move|p1a: Ninetales|Aurora Veil|p1a: Ninetales\n|-sidestart|p1: binasProsta|move: Aurora Veil\n|move|p2b: Iron Hands|Drain Punch|p1b: Iron Bundle\n|-supereffective|p1b: Iron Bundle\n|-damage|p1b: Iron Bundle|63\/100\n|\n|-weather|Snow|[upkeep]\n|upkeep\n|turn|3\n|inactive|suffyrin has 30 seconds left.\n|\n|t:|1700529786\n|switch|p2a: Heatran|Heatran, L50, F|100\/100\n|move|p1b: Iron Bundle|Protect|p1b: Iron Bundle\n|-singleturn|p1b: Iron Bundle|Protect\n|move|p1a: Ninetales|Moonblast|p2b: Iron Hands\n|-supereffective|p2b: Iron Hands\n|-damage|p2b: Iron Hands|72\/100\n|-unboost|p2b: Iron Hands|spa|1\n|move|p2b: Iron Hands|Wild Charge|p1b: Iron Bundle\n|-activate|p1b: Iron Bundle|move: Protect\n|\n|-weather|Snow|[upkeep]\n|upkeep\n|turn|4\n|\n|t:|1700529799\n|move|p2a: Heatran|Protect|p2a: Heatran\n|-singleturn|p2a: Heatran|Protect\n|move|p1b: Iron Bundle|Hydro Pump|p2b: Iron Hands\n|-damage|p2b: Iron Hands|36\/100\n|move|p1a: Ninetales|Moonblast|p2b: Iron Hands\n|-supereffective|p2b: Iron Hands\n|-damage|p2b: Iron Hands|10\/100\n|move|p2b: Iron Hands|Wild Charge|p1b: Iron Bundle\n|-supereffective|p1b: Iron Bundle\n|-damage|p1b: Iron Bundle|16\/100\n|-damage|p2b: Iron Hands|3\/100|[from] Recoil\n|\n|-weather|Snow|[upkeep]\n|upkeep\n|turn|5\n|inactive|suffyrin has 30 seconds left.\n|inactive|suffyrin has 20 seconds left.\n|inactive|suffyrin has 15 seconds left.\n|inactive|suffyrin has 10 seconds left.\n|inactive|suffyrin has 5 seconds left.\n|inactiveoff|Battle timer is now OFF.\n|\n|t:|1700529852\n|move|p1b: Iron Bundle|Protect|p1b: Iron Bundle\n|-singleturn|p1b: Iron Bundle|Protect\n|move|p2a: Heatran|Protect||[still]\n|-fail|p2a: Heatran\n|move|p1a: Ninetales|Moonblast|p2b: Iron Hands\n|-supereffective|p2b: Iron Hands\n|-damage|p2b: Iron Hands|0 fnt\n|faint|p2b: Iron Hands\n|-end|p2b: Iron Hands|Quark Drive|[silent]\n|\n|-weather|none\n|upkeep\n|\n|t:|1700529858\n|switch|p2b: Landorus|Landorus-Therian, L50, M|100\/100\n|-ability|p2b: Landorus|Intimidate|boost\n|-unboost|p1a: Ninetales|atk|1\n|-unboost|p1b: Iron Bundle|atk|1\n|turn|6\n|\n|t:|1700529886\n|-end|p1b: Iron Bundle|Quark Drive|[silent]\n|switch|p1b: Landorus|Landorus-Therian, L50, M|100\/100\n|-ability|p1b: Landorus|Intimidate|boost\n|-unboost|p2a: Heatran|atk|1\n|-unboost|p2b: Landorus|atk|1\n|-terastallize|p2b: Landorus|Flying\n|move|p2b: Landorus|Rock Slide|p1b: Landorus|[spread] p1a,p1b\n|-supereffective|p1a: Ninetales\n|-damage|p1a: Ninetales|78\/100\n|-damage|p1b: Landorus|91\/100\n|cant|p1a: Ninetales|flinch\n|move|p2a: Heatran|Heat Wave|p1a: Ninetales|[spread] p1a,p1b\n|-supereffective|p1a: Ninetales\n|-damage|p1a: Ninetales|9\/100\n|-damage|p1b: Landorus|52\/100\n|-status|p1a: Ninetales|brn\n|-damage|p2a: Heatran|91\/100|[from] item: Life Orb\n|\n|-damage|p1a: Ninetales|3\/100 brn|[from] brn\n|upkeep\n|turn|7\n|\n|t:|1700529902\n|switch|p2a: Amoonguss|Amoonguss, L50, M|98\/100\n|move|p2b: Landorus|Rock Slide|p1a: Ninetales|[spread] p1a\n|-miss|p2b: Landorus|p1b: Landorus\n|-supereffective|p1a: Ninetales\n|-damage|p1a: Ninetales|0 fnt\n|faint|p1a: Ninetales\n|move|p1b: Landorus|Stomping Tantrum|p2a: Amoonguss\n|-damage|p2a: Amoonguss|68\/100\n|\n|upkeep\n|\n|t:|1700529906\n|switch|p1a: Iron Bundle|Iron Bundle, L50, shiny|16\/100\n|turn|8\n|\n|t:|1700529957\n|move|p2b: Landorus|Rock Slide|p1b: Landorus|[spread] p1a\n|-miss|p2b: Landorus|p1b: Landorus\n|-supereffective|p1a: Iron Bundle\n|-damage|p1a: Iron Bundle|0 fnt\n|faint|p1a: Iron Bundle\n|-end|p1a: Iron Bundle|Quark Drive|[silent]\n|move|p1b: Landorus|Stomping Tantrum|p2a: Amoonguss\n|-damage|p2a: Amoonguss|36\/100\n|-enditem|p2a: Amoonguss|Sitrus Berry|[eat]\n|-heal|p2a: Amoonguss|61\/100|[from] item: Sitrus Berry\n|move|p2a: Amoonguss|Spore|p1b: Landorus\n|-status|p1b: Landorus|slp|[from] move: Spore\n|\n|upkeep\n|\n|t:|1700529962\n|switch|p1a: Amoonguss|Amoonguss, L50, F|100\/100\n|turn|9\n|c|\u2606binasProsta|podia dar miss no bundle\n|c|\u2606binasProsta|hahahaha\n|\n|t:|1700529998\n|switch|p2b: Heatran|Heatran, L50, F|91\/100\n|cant|p1b: Landorus|slp\n|move|p1a: Amoonguss|Spore|p2b: Heatran\n|-status|p2b: Heatran|slp|[from] move: Spore\n|move|p2a: Amoonguss|Pollen Puff|p1a: Amoonguss\n|-damage|p1a: Amoonguss|90\/100\n|\n|-sideend|p1: binasProsta|move: Aurora Veil\n|upkeep\n|turn|10\n|\n|t:|1700530008\n|switch|p2a: Landorus|Landorus-Therian, L50, M, tera:Flying|100\/100\n|-ability|p2a: Landorus|Intimidate|boost\n|-unboost|p1a: Amoonguss|atk|1\n|-unboost|p1b: Landorus|atk|1\n|cant|p2b: Heatran|slp\n|-curestatus|p1b: Landorus|slp|[msg]\n|move|p1b: Landorus|Stomping Tantrum|p2b: Heatran\n|-supereffective|p2b: Heatran\n|-damage|p2b: Heatran|0 fnt\n|faint|p2b: Heatran\n|move|p1a: Amoonguss|Pollen Puff|p1b: Landorus\n|-heal|p1b: Landorus|100\/100\n|\n|upkeep\n|\n|t:|1700530016\n|switch|p2b: Amoonguss|Amoonguss, L50, M|94\/100\n|turn|11\n|\n|t:|1700530023\n|move|p2a: Landorus|Tera Blast|p1a: Amoonguss|[anim] Tera Blast Flying\n|-supereffective|p1a: Amoonguss\n|-damage|p1a: Amoonguss|0 fnt\n|faint|p1a: Amoonguss\n|move|p1b: Landorus|Stomping Tantrum|p2a: Landorus\n|-immune|p2a: Landorus\n|move|p2b: Amoonguss|Spore|p1b: Landorus\n|-status|p1b: Landorus|slp|[from] move: Spore\n|\n|upkeep\n|turn|12\n|-message|binasProsta forfeited.\n|\n|win|suffyrin\n|c|&|\/uhtml prompt-binasprosta,binasProsta is ready for game 3!\n|c|&|\/uhtml prompt-suffyrin,suffyrin is ready for game 3!\nBoth players are ready! Starting next match!\n|l|\u2606binasProsta\n","uploadtime":1700530686,"views":18,"p1id":"binasprosta","p2id":"suffyrin","formatid":"gen9vgc2023regulatione","rating":0,"private":0,"password":""}