{"id":"gen9vgc2023regulatione-1993310779","p1":"IcyCat7","p2":"BlindMagneton","format":"[Gen 9] VGC 2023 Regulation E","log":"|j|\u203dIcyCat7\n|j|\u2606BlindMagneton\n|t:|1700295601\n|gametype|doubles\n|player|p1|IcyCat7|iono|1398\n|player|p2|BlindMagneton|wattson|1428\n|teamsize|p1|6\n|teamsize|p2|6\n|gen|9\n|tier|[Gen 9] VGC 2023 Regulation E\n|rated|\n|rule|Species Clause: Limit one of each Pok\u00e9mon\n|rule|Item Clause: Limit one of each item\n|clearpoke\n|poke|p1|Gholdengo, L50|\n|poke|p1|Iron Hands, L50|\n|poke|p1|Amoonguss, L50, M|\n|poke|p1|Iron Bundle, L50|\n|poke|p1|Pelipper, L50, M|\n|poke|p1|Salamence, L50, F|\n|poke|p2|Mandibuzz, L50, F|\n|poke|p2|Ninetales-Alola, L50, F|\n|poke|p2|Magnezone, L50|\n|poke|p2|Flamigo, L50, F|\n|poke|p2|Farigiraf, L50, M|\n|poke|p2|Annihilape, L50, M|\n|teampreview|4\n|inactive|Battle timer is ON: inactive players will automatically lose when time's up. (requested by IcyCat7)\n|inactive|IcyCat7 has 60 seconds left.\n|inactive|BlindMagneton has 60 seconds left.\n|\n|t:|1700295656\n|start\n|switch|p1a: Gholdengo|Gholdengo, L50|100\/100\n|switch|p1b: Amoonguss|Amoonguss, L50, M|100\/100\n|switch|p2a: Mandibuzz|Mandibuzz, L50, F|100\/100\n|switch|p2b: Ninetales|Ninetales-Alola, L50, F|100\/100\n|-weather|Snow|[from] ability: Snow Warning|[of] p2b: Ninetales\n|turn|1\n|\n|t:|1700295672\n|switch|p1b: Pelipper|Pelipper, L50, M|100\/100\n|-weather|RainDance|[from] ability: Drizzle|[of] p1b: Pelipper\n|move|p2b: Ninetales|Ice Shard|p2a: Mandibuzz\n|-supereffective|p2a: Mandibuzz\n|-damage|p2a: Mandibuzz|83\/100\n|-ability|p2a: Mandibuzz|Weak Armor|boost\n|-unboost|p2a: Mandibuzz|def|1\n|-boost|p2a: Mandibuzz|spe|2\n|-enditem|p2a: Mandibuzz|Weakness Policy\n|-boost|p2a: Mandibuzz|atk|2|[from] item: Weakness Policy\n|-boost|p2a: Mandibuzz|spa|2|[from] item: Weakness Policy\n|move|p2a: Mandibuzz|Lash Out|p1a: Gholdengo\n|-supereffective|p1a: Gholdengo\n|-damage|p1a: Gholdengo|0 fnt\n|faint|p1a: Gholdengo\n|\n|-weather|RainDance|[upkeep]\n|upkeep\n|\n|t:|1700295690\n|switch|p1a: Salamence|Salamence, L50, F|100\/100\n|-ability|p1a: Salamence|Intimidate|boost\n|-unboost|p2a: Mandibuzz|atk|1\n|-unboost|p2b: Ninetales|atk|1\n|turn|2\n|inactive|BlindMagneton has 30 seconds left.\n|inactive|BlindMagneton has 20 seconds left.\n|inactive|BlindMagneton has 15 seconds left.\n|inactive|BlindMagneton has 10 seconds left.\n|\n|t:|1700295736\n|switch|p2b: Flamigo|Flamigo, L50, F|100\/100\n|-copyboost|p2b: Flamigo|p2a: Mandibuzz|[from] ability: Costar\n|-terastallize|p1a: Salamence|Flying\n|move|p2a: Mandibuzz|Protect|p2a: Mandibuzz\n|-singleturn|p2a: Mandibuzz|Protect\n|move|p1a: Salamence|Hurricane|p2a: Mandibuzz\n|-activate|p2a: Mandibuzz|move: Protect\n|move|p1b: Pelipper|Hurricane|p2b: Flamigo\n|-supereffective|p2b: Flamigo\n|-damage|p2b: Flamigo|0 fnt\n|faint|p2b: Flamigo\n|\n|-weather|RainDance|[upkeep]\n|upkeep\n|\n|t:|1700295750\n|switch|p2b: Ninetales|Ninetales-Alola, L50, F|100\/100\n|-weather|Snow|[from] ability: Snow Warning|[of] p2b: Ninetales\n|turn|3\n|inactive|IcyCat7 has 30 seconds left.\n|\n|t:|1700295778\n|move|p2a: Mandibuzz|Acrobatics|p1b: Pelipper\n|-damage|p1b: Pelipper|25\/100\n|move|p1a: Salamence|Hurricane|p2b: Ninetales\n|-damage|p2b: Ninetales|25\/100\n|-start|p2b: Ninetales|confusion\n|-activate|p2b: Ninetales|confusion\n|-damage|p2b: Ninetales|15\/100|[from] confusion\n|move|p1b: Pelipper|Weather Ball|p2a: Mandibuzz\n|-supereffective|p2a: Mandibuzz\n|-damage|p2a: Mandibuzz|29\/100\n|\n|-weather|Snow|[upkeep]\n|upkeep\n|turn|4\n|inactive|BlindMagneton has 30 seconds left.\n|inactive|BlindMagneton has 20 seconds left.\n|inactive|BlindMagneton has 15 seconds left.\n|\n|t:|1700295819\n|move|p1b: Pelipper|Protect|p1b: Pelipper\n|-singleturn|p1b: Pelipper|Protect\n|move|p2a: Mandibuzz|Acrobatics|p1b: Pelipper\n|-activate|p1b: Pelipper|move: Protect\n|move|p1a: Salamence|Hurricane|p2a: Mandibuzz\n|-damage|p2a: Mandibuzz|0 fnt\n|faint|p2a: Mandibuzz\n|-activate|p2b: Ninetales|confusion\n|move|p2b: Ninetales|Aurora Veil|p2b: Ninetales\n|-sidestart|p2: BlindMagneton|move: Aurora Veil\n|\n|-weather|Snow|[upkeep]\n|upkeep\n|\n|t:|1700295827\n|switch|p2a: Magnezone|Magnezone, L50|100\/100\n|turn|5\n|inactive|BlindMagneton has 30 seconds left.\n|inactive|BlindMagneton has 20 seconds left.\n|inactive|BlindMagneton has 15 seconds left.\n|inactive|BlindMagneton has 10 seconds left.\n|\n|t:|1700295876\n|switch|p1a: Amoonguss|Amoonguss, L50, M|100\/100\n|-activate|p2b: Ninetales|confusion\n|-damage|p2b: Ninetales|5\/100|[from] confusion\n|move|p1b: Pelipper|Weather Ball|p2a: Magnezone\n|-resisted|p2a: Magnezone\n|-damage|p2a: Magnezone|89\/100\n|move|p2a: Magnezone|Discharge|p1b: Pelipper|[spread] p2b,p1a,p1b\n|-resisted|p1a: Amoonguss\n|-supereffective|p1b: Pelipper\n|-damage|p2b: Ninetales|0 fnt\n|-damage|p1a: Amoonguss|75\/100\n|-damage|p1b: Pelipper|0 fnt\n|-status|p1a: Amoonguss|par\n|faint|p2b: Ninetales\n|faint|p1b: Pelipper\n|\n|-weather|Snow|[upkeep]\n|upkeep\n|\n|t:|1700295893\n|switch|p1b: Salamence|Salamence, L50, F, tera:Flying|100\/100\n|-ability|p1b: Salamence|Intimidate|boost\n|-unboost|p2a: Magnezone|atk|1\n|turn|6\n|\n|t:|1700295908\n|move|p1a: Amoonguss|Rage Powder|p1a: Amoonguss\n|-singleturn|p1a: Amoonguss|move: Rage Powder\n|move|p1b: Salamence|Air Slash|p2a: Magnezone\n|-resisted|p2a: Magnezone\n|-damage|p2a: Magnezone|78\/100\n|move|p2a: Magnezone|Discharge|p1b: Salamence|[spread] p1a,p1b\n|-resisted|p1a: Amoonguss\n|-crit|p1a: Amoonguss\n|-supereffective|p1b: Salamence\n|-damage|p1a: Amoonguss|37\/100 par\n|-damage|p1b: Salamence|0 fnt\n|-enditem|p1a: Amoonguss|Sitrus Berry|[eat]\n|-heal|p1a: Amoonguss|62\/100 par|[from] item: Sitrus Berry\n|faint|p1b: Salamence\n|\n|-weather|Snow|[upkeep]\n|upkeep\n|turn|7\n|-message|IcyCat7 forfeited.\n|\n|win|BlindMagneton\n|raw|IcyCat7's rating: 1398 &rarr; <strong>1380<\/strong><br \/>(-18 for losing)\n|raw|BlindMagneton's rating: 1428 &rarr; <strong>1446<\/strong><br \/>(+18 for winning)\n|l|\u203dIcyCat7\n","uploadtime":1700295923,"views":10,"p1id":"icycat7","p2id":"blindmagneton","formatid":"gen9vgc2023regulatione","rating":1380,"private":0,"password":""}