{"id":"gen9vgc2023regulatione-1991010172","p1":"m0mentum19","p2":"Kzrkiroz","format":"[Gen 9] VGC 2023 Regulation E","log":"|j|\u2606m0mentum19\n|j|\u2606Kzrkiroz\n|t:|1700027423\n|gametype|doubles\n|player|p1|m0mentum19|102|1036\n|player|p2|Kzrkiroz|lance|1108\n|teamsize|p1|6\n|teamsize|p2|6\n|gen|9\n|tier|[Gen 9] VGC 2023 Regulation E\n|rated|\n|rule|Species Clause: Limit one of each Pok\u00e9mon\n|rule|Item Clause: Limit one of each item\n|clearpoke\n|poke|p1|Farigiraf, L50, M|\n|poke|p1|Iron Hands, L50|\n|poke|p1|Flutter Mane, L50|\n|poke|p1|Roaring Moon, L50|\n|poke|p1|Chi-Yu, L50|\n|poke|p1|Ursaluna-Bloodmoon, L50, M|\n|poke|p2|Flutter Mane, L50|\n|poke|p2|Tornadus, L50, M|\n|poke|p2|Rillaboom, L50, F|\n|poke|p2|Garganacl, L50, F|\n|poke|p2|Arcanine-Hisui, L50, F|\n|poke|p2|Chien-Pao, L50|\n|teampreview|4\n|inactive|Battle timer is ON: inactive players will automatically lose when time's up. (requested by m0mentum19)\n|\n|t:|1700027444\n|start\n|switch|p1a: Farigiraf|Farigiraf, L50, M|100\/100\n|switch|p1b: Ursaluna|Ursaluna-Bloodmoon, L50, M|100\/100\n|switch|p2a: Rillaboom|Rillaboom, L50, F|100\/100\n|switch|p2b: Tornadus|Tornadus, L50, M|100\/100\n|-fieldstart|move: Grassy Terrain|[from] ability: Grassy Surge|[of] p2a: Rillaboom\n|turn|1\n|\n|t:|1700027466\n|move|p2b: Tornadus|Bleakwind Storm|p1b: Ursaluna|[spread] p1b\n|-miss|p2b: Tornadus|p1a: Farigiraf\n|-damage|p1b: Ursaluna|67\/100\n|move|p2a: Rillaboom|Wood Hammer|p1a: Farigiraf\n|-damage|p1a: Farigiraf|8\/100\n|-damage|p2a: Rillaboom|84\/100|[from] item: Rocky Helmet|[of] p1a: Farigiraf\n|-damage|p2a: Rillaboom|51\/100|[from] Recoil\n|move|p1b: Ursaluna|Moonblast|p2a: Rillaboom\n|-crit|p2a: Rillaboom\n|-damage|p2a: Rillaboom|0 fnt\n|faint|p2a: Rillaboom\n|-damage|p1b: Ursaluna|57\/100|[from] item: Life Orb\n|move|p1a: Farigiraf|Trick Room|p1a: Farigiraf\n|-fieldstart|move: Trick Room|[of] p1a: Farigiraf\n|\n|-heal|p1a: Farigiraf|14\/100|[from] Grassy Terrain\n|-heal|p1b: Ursaluna|63\/100|[from] Grassy Terrain\n|upkeep\n|\n|t:|1700027473\n|switch|p2a: Garganacl|Garganacl, L50, F|100\/100\n|turn|2\n|inactive|m0mentum19 has 30 seconds left.\n|\n|t:|1700027502\n|-terastallize|p2a: Garganacl|Ghost\n|move|p2a: Garganacl|Salt Cure|p1b: Ursaluna\n|-resisted|p1b: Ursaluna\n|-damage|p1b: Ursaluna|59\/100\n|-start|p1b: Ursaluna|Salt Cure\n|move|p1b: Ursaluna|Blood Moon|p2b: Tornadus\n|-damage|p2b: Tornadus|20\/100\n|-damage|p1b: Ursaluna|49\/100|[from] item: Life Orb\n|move|p1a: Farigiraf|Psychic|p2a: Garganacl\n|-damage|p2a: Garganacl|69\/100\n|move|p2b: Tornadus|Bleakwind Storm|p1b: Ursaluna|[spread] p1a,p1b\n|-damage|p1a: Farigiraf|0 fnt\n|-damage|p1b: Ursaluna|12\/100\n|faint|p1a: Farigiraf\n|\n|-heal|p2a: Garganacl|74\/100|[from] Grassy Terrain\n|-heal|p1b: Ursaluna|18\/100|[from] Grassy Terrain\n|-damage|p1b: Ursaluna|5\/100|[from] Salt Cure\n|upkeep\n|\n|t:|1700027525\n|switch|p1a: Iron Hands|Iron Hands, L50|100\/100\n|turn|3\n|\n|t:|1700027538\n|move|p2a: Garganacl|Protect|p2a: Garganacl\n|-singleturn|p2a: Garganacl|Protect\n|move|p1a: Iron Hands|Fake Out|p2b: Tornadus\n|-damage|p2b: Tornadus|0 fnt\n|-damage|p1a: Iron Hands|84\/100|[from] item: Rocky Helmet|[of] p2b: Tornadus\n|faint|p2b: Tornadus\n|move|p1b: Ursaluna|Focus Blast|p2a: Garganacl\n|-activate|p2a: Garganacl|move: Protect\n|\n|-heal|p2a: Garganacl|80\/100|[from] Grassy Terrain\n|-heal|p1a: Iron Hands|90\/100|[from] Grassy Terrain\n|-heal|p1b: Ursaluna|11\/100|[from] Grassy Terrain\n|-damage|p1b: Ursaluna|0 fnt|[from] Salt Cure\n|faint|p1b: Ursaluna\n|upkeep\n|\n|t:|1700027554\n|switch|p1b: Chi-Yu|Chi-Yu, L50|100\/100\n|switch|p2b: Arcanine|Arcanine-Hisui, L50, F|100\/100\n|-ability|p2b: Arcanine|Intimidate|boost\n|-unboost|p1a: Iron Hands|atk|1\n|-unboost|p1b: Chi-Yu|atk|1\n|-ability|p1b: Chi-Yu|Beads of Ruin\n|turn|4\n|\n|t:|1700027578\n|move|p2b: Arcanine|Extreme Speed|p1b: Chi-Yu\n|-damage|p1b: Chi-Yu|42\/100\n|move|p2a: Garganacl|Salt Cure|p1b: Chi-Yu\n|-supereffective|p1b: Chi-Yu\n|-damage|p1b: Chi-Yu|0 fnt\n|faint|p1b: Chi-Yu\n|move|p1a: Iron Hands|Close Combat|p2b: Arcanine\n|-supereffective|p2b: Arcanine\n|-damage|p2b: Arcanine|0 fnt\n|-unboost|p1a: Iron Hands|def|1\n|-unboost|p1a: Iron Hands|spd|1\n|faint|p2b: Arcanine\n|\n|-heal|p2a: Garganacl|86\/100|[from] Grassy Terrain\n|-heal|p1a: Iron Hands|96\/100|[from] Grassy Terrain\n|upkeep\n|turn|5\n|\n|t:|1700027600\n|move|p2a: Garganacl|Iron Defense|p2a: Garganacl\n|-boost|p2a: Garganacl|def|2\n|move|p1a: Iron Hands|Thunder Punch|p2a: Garganacl\n|-damage|p2a: Garganacl|75\/100\n|\n|-heal|p2a: Garganacl|81\/100|[from] Grassy Terrain\n|-heal|p1a: Iron Hands|100\/100|[from] Grassy Terrain\n|-fieldend|move: Trick Room\n|-fieldend|move: Grassy Terrain\n|upkeep\n|turn|6\n|\n|t:|1700027611\n|move|p1a: Iron Hands|Thunder Punch|p2a: Garganacl\n|-damage|p2a: Garganacl|71\/100\n|move|p2a: Garganacl|Salt Cure|p1a: Iron Hands\n|-resisted|p1a: Iron Hands\n|-damage|p1a: Iron Hands|94\/100\n|-start|p1a: Iron Hands|Salt Cure\n|\n|-damage|p1a: Iron Hands|82\/100|[from] Salt Cure\n|upkeep\n|turn|7\n|\n|t:|1700027620\n|move|p2a: Garganacl|Protect|p2a: Garganacl\n|-singleturn|p2a: Garganacl|Protect\n|move|p1a: Iron Hands|Thunder Punch|p2a: Garganacl\n|-activate|p2a: Garganacl|move: Protect\n|\n|-damage|p1a: Iron Hands|69\/100|[from] Salt Cure\n|upkeep\n|turn|8\n|\n|t:|1700027629\n|move|p1a: Iron Hands|Thunder Punch|p2a: Garganacl\n|-damage|p2a: Garganacl|60\/100\n|move|p2a: Garganacl|Iron Defense|p2a: Garganacl\n|-boost|p2a: Garganacl|def|2\n|\n|-damage|p1a: Iron Hands|57\/100|[from] Salt Cure\n|upkeep\n|turn|9\n|\n|t:|1700027639\n|move|p2a: Garganacl|Protect|p2a: Garganacl\n|-singleturn|p2a: Garganacl|Protect\n|move|p1a: Iron Hands|Thunder Punch|p2a: Garganacl\n|-activate|p2a: Garganacl|move: Protect\n|\n|-damage|p1a: Iron Hands|45\/100|[from] Salt Cure\n|upkeep\n|turn|10\n|\n|t:|1700027647\n|move|p1a: Iron Hands|Thunder Punch|p2a: Garganacl\n|-damage|p2a: Garganacl|51\/100\n|move|p2a: Garganacl|Recover|p2a: Garganacl\n|-heal|p2a: Garganacl|100\/100\n|\n|-damage|p1a: Iron Hands|33\/100|[from] Salt Cure\n|upkeep\n|turn|11\n|-message|m0mentum19 forfeited.\n|\n|win|Kzrkiroz\n|raw|m0mentum19's rating: 1036 &rarr; <strong>1024<\/strong><br \/>(-12 for losing)\n|raw|Kzrkiroz's rating: 1108 &rarr; <strong>1128<\/strong><br \/>(+20 for winning)\n|l|\u2606m0mentum19\n","uploadtime":1700027666,"views":9,"p1id":"m0mentum19","p2id":"kzrkiroz","formatid":"gen9vgc2023regulatione","rating":1024,"private":0,"password":""}