{"id":"gen9vgc2023regulatione-1998514071","p1":"bobdahbuilder","p2":"Echofire","format":"[Gen 9] VGC 2023 Regulation E","log":"|j|\u2606bobdahbuilder\n|j|\u2606Echofire\n|t:|1700950944\n|gametype|doubles\n|player|p1|bobdahbuilder|rocketgrunt|1320\n|player|p2|Echofire|skyla|1365\n|teamsize|p1|6\n|teamsize|p2|6\n|gen|9\n|tier|[Gen 9] VGC 2023 Regulation E\n|rated|\n|rule|Species Clause: Limit one of each Pok\u00e9mon\n|rule|Item Clause: Limit one of each item\n|clearpoke\n|poke|p1|Grafaiai, L50, M|\n|poke|p1|Rillaboom, L50, F|\n|poke|p1|Flutter Mane, L50|\n|poke|p1|Chi-Yu, L50|\n|poke|p1|Milotic, L50, M|\n|poke|p1|Landorus, L50, M|\n|poke|p2|Farigiraf, L50, F|\n|poke|p2|Ursaluna-Bloodmoon, L50, M|\n|poke|p2|Amoonguss, L50, M|\n|poke|p2|Indeedee-F, L50, F|\n|poke|p2|Iron Hands, L50|\n|poke|p2|Armarouge, L50, F|\n|teampreview|4\n|inactive|Battle timer is ON: inactive players will automatically lose when time's up. (requested by Echofire)\n|\n|t:|1700950989\n|start\n|switch|p1a: Landorus|Landorus, L50, M|100\/100\n|switch|p1b: Grafaiai|Grafaiai, L50, M|100\/100\n|switch|p2a: Farigiraf|Farigiraf, L50, F|100\/100\n|switch|p2b: Iron Hands|Iron Hands, L50|100\/100\n|turn|1\n|\n|t:|1700951010\n|move|p2b: Iron Hands|Fake Out|p1a: Landorus\n|-damage|p1a: Landorus|82\/100\n|move|p1b: Grafaiai|Acid Spray|p2a: Farigiraf\n|-damage|p2a: Farigiraf|87\/100\n|-unboost|p2a: Farigiraf|spd|2\n|cant|p1a: Landorus|flinch\n|move|p2a: Farigiraf|Trick Room|p2a: Farigiraf\n|-fieldstart|move: Trick Room|[of] p2a: Farigiraf\n|\n|upkeep\n|turn|2\n|\n|t:|1700951023\n|move|p1b: Grafaiai|Copycat|p1b: Grafaiai\n|move|p1b: Grafaiai|Trick Room|p1b: Grafaiai|[from]move: Copycat\n|-fieldend|move: Trick Room\n|move|p1a: Landorus|Sandsear Storm|p2b: Iron Hands|[spread] p2b\n|-miss|p1a: Landorus|p2a: Farigiraf\n|-supereffective|p2b: Iron Hands\n|-damage|p2b: Iron Hands|19\/100\n|move|p2a: Farigiraf|Psychic|p1b: Grafaiai\n|-supereffective|p1b: Grafaiai\n|-enditem|p1b: Grafaiai|Focus Sash\n|-damage|p1b: Grafaiai|1\/100\n|move|p2b: Iron Hands|Heavy Slam|p1a: Landorus\n|-damage|p1a: Landorus|29\/100\n|\n|upkeep\n|turn|3\n|\n|t:|1700951047\n|move|p1b: Grafaiai|Acid Spray|p2a: Farigiraf\n|-damage|p2a: Farigiraf|60\/100\n|-unboost|p2a: Farigiraf|spd|2\n|move|p1a: Landorus|Sandsear Storm|p2b: Iron Hands|[spread] p2a\n|-miss|p1a: Landorus|p2b: Iron Hands\n|-crit|p2a: Farigiraf\n|-damage|p2a: Farigiraf|0 fnt\n|faint|p2a: Farigiraf\n|move|p2b: Iron Hands|Heavy Slam|p1a: Landorus\n|-damage|p1a: Landorus|0 fnt\n|faint|p1a: Landorus\n|\n|upkeep\n|\n|t:|1700951064\n|switch|p1a: Flutter Mane|Flutter Mane, L50|100\/100\n|switch|p2a: Amoonguss|Amoonguss, L50, M, shiny|100\/100\n|-enditem|p1a: Flutter Mane|Booster Energy\n|-activate|p1a: Flutter Mane|ability: Protosynthesis|[fromitem]\n|-start|p1a: Flutter Mane|protosynthesisspa\n|turn|4\n|inactive|Echofire has 30 seconds left.\n|\n|t:|1700951092\n|-terastallize|p1a: Flutter Mane|Grass\n|move|p1b: Grafaiai|Acid Spray|p2a: Amoonguss\n|-damage|p2a: Amoonguss|91\/100\n|-unboost|p2a: Amoonguss|spd|2\n|move|p1a: Flutter Mane|Shadow Ball|p2a: Amoonguss\n|-crit|p2a: Amoonguss\n|-damage|p2a: Amoonguss|0 fnt\n|faint|p2a: Amoonguss\n|move|p2b: Iron Hands|Heavy Slam|p1a: Flutter Mane\n|-damage|p1a: Flutter Mane|27\/100\n|\n|upkeep\n|\n|t:|1700951108\n|switch|p2a: Ursaluna|Ursaluna-Bloodmoon, L50, M|100\/100\n|turn|5\n|\n|t:|1700951119\n|move|p2a: Ursaluna|Protect|p2a: Ursaluna\n|-singleturn|p2a: Ursaluna|Protect\n|move|p1b: Grafaiai|Acid Spray|p2a: Ursaluna\n|-activate|p2a: Ursaluna|move: Protect\n|move|p1a: Flutter Mane|Dazzling Gleam|p2b: Iron Hands|[spread] p2b\n|-activate|p2a: Ursaluna|move: Protect\n|-supereffective|p2b: Iron Hands\n|-damage|p2b: Iron Hands|0 fnt\n|faint|p2b: Iron Hands\n|-end|p2b: Iron Hands|Quark Drive|[silent]\n|\n|upkeep\n|turn|6\n|\n|t:|1700951136\n|move|p1b: Grafaiai|Acid Spray|p2a: Ursaluna\n|-resisted|p2a: Ursaluna\n|-crit|p2a: Ursaluna\n|-damage|p2a: Ursaluna|91\/100\n|-unboost|p2a: Ursaluna|spd|2\n|move|p1a: Flutter Mane|Dazzling Gleam|p2a: Ursaluna\n|-damage|p2a: Ursaluna|0 fnt\n|faint|p2a: Ursaluna\n|\n|win|bobdahbuilder\n|raw|bobdahbuilder's rating: 1320 &rarr; <strong>1343<\/strong><br \/>(+23 for winning)\n|raw|Echofire's rating: 1365 &rarr; <strong>1342<\/strong><br \/>(-23 for losing)\n|l|\u2606Echofire\n|l|\u2606bobdahbuilder\n|j|\u2606bobdahbuilder\n|player|p1|bobdahbuilder|rocketgrunt\n|l|\u2606bobdahbuilder\n|player|p1|\n|j|\u2606bobdahbuilder\n|player|p1|bobdahbuilder|rocketgrunt\n","uploadtime":1700952120,"views":19,"p1id":"bobdahbuilder","p2id":"echofire","formatid":"gen9vgc2023regulatione","rating":1342,"private":0,"password":""}