{"id":"gen9vgc2023regulatione-1993907399","p1":"Nebulash.dedede","p2":"mythikz","format":"[Gen 9] VGC 2023 Regulation E","log":"|j|\u2606Nebulash.dedede\n|j|\u2606mythikz\n|t:|1700373429\n|gametype|doubles\n|player|p1|Nebulash.dedede|1|1322\n|player|p2|mythikz|n|1235\n|teamsize|p1|6\n|teamsize|p2|6\n|gen|9\n|tier|[Gen 9] VGC 2023 Regulation E\n|rated|\n|rule|Species Clause: Limit one of each Pok\u00e9mon\n|rule|Item Clause: Limit one of each item\n|clearpoke\n|poke|p1|Tinkaton, L50, F|\n|poke|p1|Regidrago, L50|\n|poke|p1|Landorus-Therian, L50, M|\n|poke|p1|Sinistcha, L50|\n|poke|p1|Arcanine-Hisui, L50, M|\n|poke|p1|Tornadus, L50, M|\n|poke|p2|Baxcalibur, L50, M|\n|poke|p2|Ogerpon, L50, F|\n|poke|p2|Iron Hands, L50|\n|poke|p2|Ninetales-Alola, L50, M|\n|poke|p2|Gyarados, L50, F|\n|poke|p2|Heatran, L50, M|\n|teampreview|4\nNebulash.dedede has agreed to open team sheets.\n|\n|t:|1700373475\n|start\n|switch|p1a: Tinkaton|Tinkaton, L50, F|100\/100\n|switch|p1b: Tornadus|Tornadus, L50, M|100\/100\n|switch|p2a: Baxcalibur|Baxcalibur, L50, M|100\/100\n|switch|p2b: Iron Hands|Iron Hands, L50|100\/100\n|turn|1\n|\n|t:|1700373492\n|move|p1a: Tinkaton|Fake Out|p2b: Iron Hands\n|-damage|p2b: Iron Hands|93\/100\n|cant|p2b: Iron Hands|flinch\n|move|p1b: Tornadus|Tailwind|p1b: Tornadus\n|-sidestart|p1: Nebulash.dedede|move: Tailwind\n|move|p2a: Baxcalibur|Swords Dance|p2a: Baxcalibur\n|-boost|p2a: Baxcalibur|atk|2\n|\n|upkeep\n|turn|2\n|\n|t:|1700373524\n|-terastallize|p2a: Baxcalibur|Water\n|move|p1b: Tornadus|Swagger|p1a: Tinkaton|[miss]\n|-miss|p1b: Tornadus|p1a: Tinkaton\n|move|p1a: Tinkaton|Gigaton Hammer|p2a: Baxcalibur\n|-resisted|p2a: Baxcalibur\n|-damage|p2a: Baxcalibur|75\/100\n|move|p2a: Baxcalibur|Scale Shot|p1b: Tornadus|[miss]\n|-miss|p2a: Baxcalibur|p1b: Tornadus\n|move|p2b: Iron Hands|Volt Switch|p1a: Tinkaton\n|-damage|p1a: Tinkaton|91\/100\n|\n|t:|1700373536\n|-end|p2b: Iron Hands|Quark Drive|[silent]\n|switch|p2b: Heatran|Heatran, L50, M|100\/100|[from] Volt Switch\n|\n|upkeep\n|turn|3\n|\n|t:|1700373568\n|move|p1b: Tornadus|Swagger|p2b: Heatran\n|-boost|p2b: Heatran|atk|2\n|-start|p2b: Heatran|confusion\n|move|p1a: Tinkaton|Knock Off|p2a: Baxcalibur\n|-damage|p2a: Baxcalibur|53\/100\n|-enditem|p2a: Baxcalibur|Loaded Dice|[from] move: Knock Off|[of] p1a: Tinkaton\n|move|p2a: Baxcalibur|Scale Shot|p1b: Tornadus\n|-damage|p1b: Tornadus|69\/100\n|-crit|p1b: Tornadus\n|-damage|p1b: Tornadus|18\/100\n|-hitcount|p1b: Tornadus|2\n|-unboost|p2a: Baxcalibur|def|1\n|-boost|p2a: Baxcalibur|spe|1\n|-activate|p2b: Heatran|confusion\n|move|p2b: Heatran|Magma Storm|p1a: Tinkaton\n|-supereffective|p1a: Tinkaton\n|-damage|p1a: Tinkaton|10\/100\n|-activate|p1a: Tinkaton|move: Magma Storm|[of] p2b: Heatran\n|\n|-damage|p1a: Tinkaton|0 fnt|[from] move: Magma Storm|[partiallytrapped]\n|faint|p1a: Tinkaton\n|upkeep\n|\n|t:|1700373593\n|switch|p1a: Landorus|Landorus-Therian, L50, M|100\/100\n|-ability|p1a: Landorus|Intimidate|boost\n|-unboost|p2a: Baxcalibur|atk|1\n|-unboost|p2b: Heatran|atk|1\n|turn|4\n|\n|t:|1700373623\n|move|p1b: Tornadus|Tailwind||[still]\n|-fail|p1b: Tornadus\n|move|p1a: Landorus|Stomping Tantrum|p2a: Baxcalibur\n|-crit|p2a: Baxcalibur\n|-damage|p2a: Baxcalibur|0 fnt\n|faint|p2a: Baxcalibur\n|-activate|p2b: Heatran|confusion\n|move|p2b: Heatran|Flash Cannon|p1b: Tornadus\n|-damage|p1b: Tornadus|0 fnt\n|faint|p1b: Tornadus\n|\n|-sideend|p1: Nebulash.dedede|move: Tailwind\n|upkeep\n|c|\u2606Nebulash.dedede|spoilers for how the rest of this battle is gonna go but i forgot to tera types\n|\n|t:|1700373636\n|switch|p2a: Ogerpon|Ogerpon, L50, F|100\/100\n|switch|p1b: Sinistcha|Sinistcha, L50|100\/100\n|turn|5\n|\n|t:|1700373658\n|move|p1b: Sinistcha|Rage Powder|p1b: Sinistcha\n|-singleturn|p1b: Sinistcha|move: Rage Powder\n|move|p1a: Landorus|Stomping Tantrum|p2b: Heatran\n|-supereffective|p2b: Heatran\n|-damage|p2b: Heatran|0 fnt\n|faint|p2b: Heatran\n|move|p2a: Ogerpon|Ivy Cudgel|p1a: Landorus\n|-crit|p1a: Landorus\n|-damage|p1a: Landorus|3\/100\n|-damage|p2a: Ogerpon|91\/100|[from] item: Life Orb\n|\n|upkeep\n|\n|t:|1700373667\n|switch|p2b: Iron Hands|Iron Hands, L50|93\/100\n|turn|6\n|\n|t:|1700373691\n|-terastallize|p1a: Landorus|Ground\n|move|p2b: Iron Hands|Fake Out|p1a: Landorus\n|-damage|p1a: Landorus|0 fnt\n|faint|p1a: Landorus\n|move|p2a: Ogerpon|U-turn|p1b: Sinistcha\n|-damage|p1b: Sinistcha|73\/100\n|-damage|p2a: Ogerpon|74\/100|[from] item: Rocky Helmet|[of] p1b: Sinistcha\n|-damage|p2a: Ogerpon|65\/100|[from] item: Life Orb\n|move|p1b: Sinistcha|Matcha Gotcha|p2a: Ogerpon|[spread] p2a,p2b\n|-resisted|p2a: Ogerpon\n|-damage|p2a: Ogerpon|50\/100\n|-heal|p1b: Sinistcha|79\/100|[from] drain|[of] p2a: Ogerpon\n|-damage|p2b: Iron Hands|79\/100\n|-heal|p1b: Sinistcha|90\/100|[from] drain|[of] p2b: Iron Hands\n|\n|upkeep\n|turn|7\n|\n|t:|1700373713\n|move|p2a: Ogerpon|Ivy Cudgel|p1b: Sinistcha\n|-resisted|p1b: Sinistcha\n|-damage|p1b: Sinistcha|63\/100\n|-damage|p2a: Ogerpon|41\/100|[from] item: Life Orb\n|move|p1b: Sinistcha|Matcha Gotcha|p2b: Iron Hands|[spread] p2a,p2b\n|-resisted|p2a: Ogerpon\n|-damage|p2a: Ogerpon|27\/100\n|-heal|p1b: Sinistcha|70\/100|[from] drain|[of] p2a: Ogerpon\n|-damage|p2b: Iron Hands|64\/100\n|-heal|p1b: Sinistcha|80\/100|[from] drain|[of] p2b: Iron Hands\n|-status|p2a: Ogerpon|brn\n|move|p2b: Iron Hands|Wild Charge|p1b: Sinistcha\n|-resisted|p1b: Sinistcha\n|-damage|p1b: Sinistcha|59\/100\n|-damage|p2b: Iron Hands|48\/100|[from] item: Rocky Helmet|[of] p1b: Sinistcha\n|-damage|p2b: Iron Hands|44\/100|[from] Recoil\n|\n|-damage|p2a: Ogerpon|22\/100 brn|[from] brn\n|upkeep\n|turn|8\n|\n|t:|1700373733\n|move|p2a: Ogerpon|Ivy Cudgel|p1b: Sinistcha\n|-resisted|p1b: Sinistcha\n|-damage|p1b: Sinistcha|44\/100\n|-damage|p2a: Ogerpon|12\/100 brn|[from] item: Life Orb\n|move|p1b: Sinistcha|Matcha Gotcha|p2a: Ogerpon|[spread] p2a,p2b\n|-resisted|p2a: Ogerpon\n|-damage|p2a: Ogerpon|0 fnt\n|-heal|p1b: Sinistcha|50\/100|[from] drain|[of] p2a: Ogerpon\n|-damage|p2b: Iron Hands|30\/100\n|-heal|p1b: Sinistcha|60\/100|[from] drain|[of] p2b: Iron Hands\n|faint|p2a: Ogerpon\n|move|p2b: Iron Hands|Wild Charge|p1b: Sinistcha\n|-resisted|p1b: Sinistcha\n|-damage|p1b: Sinistcha|39\/100\n|-damage|p2b: Iron Hands|13\/100|[from] item: Rocky Helmet|[of] p1b: Sinistcha\n|-damage|p2b: Iron Hands|10\/100|[from] Recoil\n|\n|upkeep\n|turn|9\n|c|\u2606Nebulash.dedede|am i about to get this scuffed win\n|c|\u2606mythikz|omg\n|\n|t:|1700373749\n|move|p1b: Sinistcha|Shadow Ball|p2b: Iron Hands\n|-damage|p2b: Iron Hands|0 fnt\n|faint|p2b: Iron Hands\n|-end|p2b: Iron Hands|Quark Drive|[silent]\n|\n|win|Nebulash.dedede\n|raw|Nebulash.dedede's rating: 1322 &rarr; <strong>1337<\/strong><br \/>(+15 for winning)\n|raw|mythikz's rating: 1235 &rarr; <strong>1216<\/strong><br \/>(-19 for losing)\n|c|\u2606Nebulash.dedede|zamn\n|c|\u2606Nebulash.dedede|well gg\n|c|\u2606mythikz|:(\n","uploadtime":1700373766,"views":8,"p1id":"nebulashdedede","p2id":"mythikz","formatid":"gen9vgc2023regulatione","rating":1216,"private":0,"password":""}