{"id":"gen9vgc2023regulatione-1991289919","p1":"Sayan37","p2":"Krjzk","format":"[Gen 9] VGC 2023 Regulation E","log":"|j|\u2606Sayan37\n|j|\u2606Krjzk\n|t:|1700064691\n|gametype|doubles\n|player|p1|Sayan37|1|1115\n|player|p2|Krjzk|lance|1049\n|teamsize|p1|6\n|teamsize|p2|6\n|gen|9\n|tier|[Gen 9] VGC 2023 Regulation E\n|rated|\n|rule|Species Clause: Limit one of each Pok\u00e9mon\n|rule|Item Clause: Limit one of each item\n|clearpoke\n|poke|p1|Landorus-Therian, L50, M|\n|poke|p1|Tornadus, L50, M|\n|poke|p1|Rillaboom, L50, M|\n|poke|p1|Chien-Pao, L50|\n|poke|p1|Urshifu-*, L50, F|\n|poke|p1|Ogerpon-Hearthflame, L50, F|\n|poke|p2|Flutter Mane, L50|\n|poke|p2|Tornadus, L50, M|\n|poke|p2|Rillaboom, L50, M|\n|poke|p2|Garganacl, L50, F|\n|poke|p2|Arcanine-Hisui, L50, F|\n|poke|p2|Chien-Pao, L50|\n|teampreview|4\n|\n|t:|1700064710\n|start\n|switch|p1a: Rillaboom|Rillaboom, L50, M|100\/100\n|switch|p1b: Ogerpon|Ogerpon-Hearthflame, L50, F|100\/100\n|switch|p2a: Tornadus|Tornadus, L50, M|100\/100\n|switch|p2b: Garganacl|Garganacl, L50, F|100\/100\n|-ability|p1b: Ogerpon|Mold Breaker\n|-fieldstart|move: Grassy Terrain|[from] ability: Grassy Surge|[of] p1a: Rillaboom\n|turn|1\n|\n|t:|1700064743\n|-terastallize|p1b: Ogerpon|Fire\n|detailschange|p1b: Ogerpon|Ogerpon-Hearthflame-Tera, L50, F, tera:Fire\n|-ability|p1b: Ogerpon|Embody Aspect (Hearthflame)|boost\n|-boost|p1b: Ogerpon|atk|1\n|-terastallize|p2b: Garganacl|Ghost\n|move|p1a: Rillaboom|Fake Out|p2a: Tornadus\n|-crit|p2a: Tornadus\n|-damage|p2a: Tornadus|74\/100\n|-damage|p1a: Rillaboom|84\/100|[from] item: Rocky Helmet|[of] p2a: Tornadus\n|move|p1b: Ogerpon|Grassy Glide|p2b: Garganacl\n|-damage|p2b: Garganacl|51\/100\n|cant|p2a: Tornadus|flinch\n|move|p2b: Garganacl|Iron Defense|p2b: Garganacl\n|-boost|p2b: Garganacl|def|2\n|\n|-heal|p1a: Rillaboom|90\/100|[from] Grassy Terrain\n|-heal|p2b: Garganacl|57\/100|[from] Grassy Terrain\n|upkeep\n|turn|2\n|\n|t:|1700064784\n|switch|p1a: Landorus|Landorus-Therian, L50, M|100\/100\n|-ability|p1a: Landorus|Intimidate|boost\n|-unboost|p2a: Tornadus|atk|1\n|-unboost|p2b: Garganacl|atk|1\n|move|p2b: Garganacl|Protect|p2b: Garganacl\n|-singleturn|p2b: Garganacl|Protect\n|move|p2a: Tornadus|Tailwind|p2a: Tornadus\n|-sidestart|p2: Krjzk|move: Tailwind\n|move|p1b: Ogerpon|Ivy Cudgel|p2b: Garganacl|[anim] Ivy Cudgel Fire\n|-activate|p2b: Garganacl|move: Protect\n|\n|-heal|p2b: Garganacl|63\/100|[from] Grassy Terrain\n|upkeep\n|turn|3\n|\n|t:|1700064812\n|move|p2a: Tornadus|Bleakwind Storm|p1a: Landorus|[spread] p1a,p1b\n|-damage|p1a: Landorus|61\/100\n|-damage|p1b: Ogerpon|61\/100\n|-unboost|p1a: Landorus|spe|1\n|move|p1b: Ogerpon|Ivy Cudgel|p2b: Garganacl|[anim] Ivy Cudgel Fire\n|-damage|p2b: Garganacl|17\/100\n|-enditem|p2b: Garganacl|Sitrus Berry|[eat]\n|-heal|p2b: Garganacl|42\/100|[from] item: Sitrus Berry\n|move|p1a: Landorus|Rock Slide|p2a: Tornadus|[spread] p2a,p2b\n|-supereffective|p2a: Tornadus\n|-damage|p2a: Tornadus|19\/100\n|-damage|p2b: Garganacl|35\/100\n|cant|p2b: Garganacl|flinch\n|\n|-heal|p1b: Ogerpon|67\/100|[from] Grassy Terrain\n|-heal|p2b: Garganacl|41\/100|[from] Grassy Terrain\n|upkeep\n|turn|4\n|\n|t:|1700064836\n|move|p2b: Garganacl|Protect|p2b: Garganacl\n|-singleturn|p2b: Garganacl|Protect\n|move|p2a: Tornadus|Bleakwind Storm|p1b: Ogerpon|[spread] p1a,p1b\n|-damage|p1a: Landorus|19\/100\n|-damage|p1b: Ogerpon|28\/100\n|move|p1b: Ogerpon|Horn Leech|p2b: Garganacl\n|-activate|p2b: Garganacl|move: Protect\n|move|p1a: Landorus|Rock Slide|p2a: Tornadus|[spread] p2a\n|-activate|p2b: Garganacl|move: Protect\n|-supereffective|p2a: Tornadus\n|-damage|p2a: Tornadus|0 fnt\n|faint|p2a: Tornadus\n|\n|-heal|p1b: Ogerpon|34\/100|[from] Grassy Terrain\n|-heal|p2b: Garganacl|46\/100|[from] Grassy Terrain\n|upkeep\n|\n|t:|1700064846\n|switch|p2a: Arcanine|Arcanine-Hisui, L50, F|100\/100\n|-ability|p2a: Arcanine|Intimidate|boost\n|-unboost|p1a: Landorus|atk|1\n|-unboost|p1b: Ogerpon|atk|1\n|turn|5\n|\n|t:|1700064861\n|move|p2a: Arcanine|Rock Slide|p1a: Landorus|[spread] p1a,p1b\n|-supereffective|p1b: Ogerpon\n|-damage|p1a: Landorus|0 fnt\n|-damage|p1b: Ogerpon|0 fnt\n|faint|p1a: Landorus\n|faint|p1b: Ogerpon\n|move|p2b: Garganacl|Recover|p2b: Garganacl\n|-heal|p2b: Garganacl|97\/100\n|\n|-heal|p2b: Garganacl|100\/100|[from] Grassy Terrain\n|-sideend|p2: Krjzk|move: Tailwind\n|-fieldend|move: Grassy Terrain\n|upkeep\n|\n|t:|1700064872\n|switch|p1b: Urshifu|Urshifu-Rapid-Strike, L50, F|100\/100\n|switch|p1a: Rillaboom|Rillaboom, L50, M|90\/100\n|-fieldstart|move: Grassy Terrain|[from] ability: Grassy Surge|[of] p1a: Rillaboom\n|turn|6\n|\n|t:|1700064883\n|switch|p2a: Rillaboom|Rillaboom, L50, M|100\/100\n|move|p1b: Urshifu|Surging Strikes|p2a: Rillaboom\n|-resisted|p2a: Rillaboom\n|-crit|p2a: Rillaboom\n|-damage|p2a: Rillaboom|87\/100\n|-resisted|p2a: Rillaboom\n|-crit|p2a: Rillaboom\n|-damage|p2a: Rillaboom|75\/100\n|-resisted|p2a: Rillaboom\n|-crit|p2a: Rillaboom\n|-damage|p2a: Rillaboom|64\/100\n|-hitcount|p2a: Rillaboom|3\n|move|p1a: Rillaboom|Wood Hammer|p2b: Garganacl\n|-damage|p2b: Garganacl|70\/100\n|-damage|p1a: Rillaboom|80\/100|[from] Recoil\n|move|p2b: Garganacl|Salt Cure|p1b: Urshifu\n|-resisted|p1b: Urshifu\n|-damage|p1b: Urshifu|96\/100\n|-start|p1b: Urshifu|Salt Cure\n|\n|-heal|p1b: Urshifu|100\/100|[from] Grassy Terrain\n|-heal|p1a: Rillaboom|86\/100|[from] Grassy Terrain\n|-heal|p2a: Rillaboom|70\/100|[from] Grassy Terrain\n|-heal|p2b: Garganacl|75\/100|[from] Grassy Terrain\n|-damage|p1b: Urshifu|76\/100|[from] Salt Cure\n|upkeep\n|turn|7\n|\n|t:|1700064928\n|move|p2a: Rillaboom|Grassy Glide|p1b: Urshifu\n|-supereffective|p1b: Urshifu\n|-damage|p1b: Urshifu|3\/100\n|move|p1b: Urshifu|Close Combat|p2a: Rillaboom\n|-damage|p2a: Rillaboom|12\/100\n|-unboost|p1b: Urshifu|def|1\n|-unboost|p1b: Urshifu|spd|1\n|move|p1a: Rillaboom|U-turn|p2a: Rillaboom\n|-supereffective|p2a: Rillaboom\n|-damage|p2a: Rillaboom|0 fnt\n|faint|p2a: Rillaboom\n|move|p2b: Garganacl|Recover|p2b: Garganacl\n|-heal|p2b: Garganacl|100\/100\n|\n|-heal|p1b: Urshifu|9\/100|[from] Grassy Terrain\n|-heal|p1a: Rillaboom|91\/100|[from] Grassy Terrain\n|-damage|p1b: Urshifu|0 fnt|[from] Salt Cure\n|faint|p1b: Urshifu\n|upkeep\n|\n|t:|1700064935\n|switch|p2a: Arcanine|Arcanine-Hisui, L50, F|100\/100\n|-ability|p2a: Arcanine|Intimidate|boost\n|-unboost|p1a: Rillaboom|atk|1\n|turn|8\n|\n|t:|1700064953\n|move|p1a: Rillaboom|Fake Out||[still]\n|-hint|Fake Out only works on your first turn out.\n|-fail|p1a: Rillaboom\n|move|p2a: Arcanine|Flare Blitz|p1a: Rillaboom\n|-supereffective|p1a: Rillaboom\n|-damage|p1a: Rillaboom|0 fnt\n|faint|p1a: Rillaboom\n|-damage|p2a: Arcanine|64\/100|[from] Recoil\n|\n|win|Krjzk\n|raw|Sayan37's rating: 1115 &rarr; <strong>1085<\/strong><br \/>(-30 for losing)\n|raw|Krjzk's rating: 1049 &rarr; <strong>1088<\/strong><br \/>(+39 for winning)\n|l|\u2606Sayan37\n","uploadtime":1700064964,"views":8,"p1id":"sayan37","p2id":"krjzk","formatid":"gen9vgc2023regulatione","rating":1085,"private":0,"password":""}