{"id":"gen9vgc2023regulatione-1989152669","p1":"Mortipherus","p2":"Bbbbeeees","format":"[Gen 9] VGC 2023 Regulation E","log":"|j|\u2606Mortipherus\n|j|\u2606Bbbbeeees\n|t:|1699817829\n|gametype|doubles\n|player|p1|Mortipherus|biker-gen4|1149\n|player|p2|Bbbbeeees|2|1047\n|teamsize|p1|6\n|teamsize|p2|6\n|gen|9\n|tier|[Gen 9] VGC 2023 Regulation E\n|rated|\n|rule|Species Clause: Limit one of each Pok\u00e9mon\n|rule|Item Clause: Limit one of each item\n|clearpoke\n|poke|p1|Revavroom, L50, M|\n|poke|p1|Landorus-Therian, L50, M|\n|poke|p1|Iron Hands, L50|\n|poke|p1|Flutter Mane, L50|\n|poke|p1|Arcanine-Hisui, L50, M|\n|poke|p1|Ogerpon-Wellspring, L50, F|\n|poke|p2|Ogerpon-Wellspring, L50, F|\n|poke|p2|Ninetales-Alola, L50, F|\n|poke|p2|Milotic, L50, F|\n|poke|p2|Sinistcha, L50|\n|poke|p2|Snorlax, L50, F|\n|poke|p2|Okidogi, L50, M|\n|teampreview|4\nBbbbeeees has agreed to open team sheets.\n|inactive|Battle timer is ON: inactive players will automatically lose when time's up. (requested by Mortipherus)\n|\n|t:|1699817872\n|start\n|switch|p1a: Revavroom|Revavroom, L50, M, shiny|100\/100\n|switch|p1b: Iron Hands|Iron Hands, L50|100\/100\n|switch|p2a: Milotic|Milotic, L50, F|100\/100\n|switch|p2b: Snorlax|Snorlax, L50, F|100\/100\n|turn|1\n|inactive|Bbbbeeees has 30 seconds left.\n|\n|t:|1699817898\n|move|p1b: Iron Hands|Fake Out|p2b: Snorlax\n|-crit|p2b: Snorlax\n|-damage|p2b: Snorlax|83\/100\n|move|p1a: Revavroom|Shift Gear|p1a: Revavroom\n|-boost|p1a: Revavroom|spe|2\n|-boost|p1a: Revavroom|atk|1\n|move|p2a: Milotic|Icy Wind|p1b: Iron Hands|[spread] p1a,p1b\n|-resisted|p1a: Revavroom\n|-damage|p1a: Revavroom|93\/100\n|-damage|p1b: Iron Hands|95\/100\n|-unboost|p1b: Iron Hands|spe|1\n|cant|p2b: Snorlax|flinch\n|\n|upkeep\n|turn|2\n|\n|t:|1699817917\n|move|p1a: Revavroom|Poison Jab|p2a: Milotic\n|-damage|p2a: Milotic|43\/100\n|move|p2a: Milotic|Life Dew|p2a: Milotic|[spread] p2a,p2b\n|-heal|p2a: Milotic|68\/100\n|-heal|p2b: Snorlax|100\/100\n|move|p2b: Snorlax|Belly Drum|p2b: Snorlax\n|-damage|p2b: Snorlax|50\/100\n|-setboost|p2b: Snorlax|atk|6|[from] move: Belly Drum\n|-enditem|p2b: Snorlax|Sitrus Berry|[eat]\n|-heal|p2b: Snorlax|75\/100|[from] item: Sitrus Berry\n|move|p1b: Iron Hands|Drain Punch|p2b: Snorlax\n|-supereffective|p2b: Snorlax\n|-crit|p2b: Snorlax\n|-damage|p2b: Snorlax|0 fnt\n|-heal|p1b: Iron Hands|100\/100|[from] drain|[of] p2b: Snorlax\n|faint|p2b: Snorlax\n|\n|upkeep\n|\n|t:|1699817934\n|switch|p2b: Ogerpon|Ogerpon-Wellspring, L50, F|100\/100\n|turn|3\n|\n|t:|1699817949\n|-terastallize|p2b: Ogerpon|Water\n|detailschange|p2b: Ogerpon|Ogerpon-Wellspring-Tera, L50, F, tera:Water\n|-ability|p2b: Ogerpon|Embody Aspect (Wellspring)|boost\n|-boost|p2b: Ogerpon|spd|1\n|move|p1a: Revavroom|Poison Jab|p2b: Ogerpon\n|-damage|p2b: Ogerpon|33\/100\n|-status|p2b: Ogerpon|psn\n|move|p2b: Ogerpon|Ivy Cudgel|p1a: Revavroom\n|-damage|p1a: Revavroom|10\/100\n|move|p2a: Milotic|Scald|p1b: Iron Hands\n|-damage|p1b: Iron Hands|82\/100\n|move|p1b: Iron Hands|Wild Charge|p2a: Milotic\n|-supereffective|p2a: Milotic\n|-damage|p2a: Milotic|0 fnt\n|faint|p2a: Milotic\n|-damage|p1b: Iron Hands|68\/100|[from] Recoil\n|\n|-damage|p2b: Ogerpon|21\/100 psn|[from] psn\n|upkeep\n|\n|t:|1699817963\n|switch|p2a: Ninetales|Ninetales-Alola, L50, F|100\/100\n|-weather|Snow|[from] ability: Snow Warning|[of] p2a: Ninetales\n|turn|4\n|\n|t:|1699817982\n|move|p1a: Revavroom|Poison Jab|p2b: Ogerpon\n|-damage|p2b: Ogerpon|0 fnt\n|faint|p2b: Ogerpon\n|move|p2a: Ninetales|Aurora Veil|p2a: Ninetales\n|-sidestart|p2: Bbbbeeees|move: Aurora Veil\n|move|p1b: Iron Hands|Heavy Slam|p2a: Ninetales\n|-supereffective|p2a: Ninetales\n|-damage|p2a: Ninetales|7\/100\n|\n|-weather|Snow|[upkeep]\n|upkeep\n|turn|5\n|-message|Bbbbeeees forfeited.\n|\n|win|Mortipherus\n|raw|Mortipherus's rating: 1149 &rarr; <strong>1167<\/strong><br \/>(+18 for winning)\n|raw|Bbbbeeees's rating: 1047 &rarr; <strong>1035<\/strong><br \/>(-12 for losing)\n|l|\u2606Bbbbeeees\n","uploadtime":1699818009,"views":17,"p1id":"mortipherus","p2id":"bbbbeeees","formatid":"gen9vgc2023regulatione","rating":1035,"private":0,"password":""}