{"id":"gen9vgc2023regulatione-1995721367","p1":"intark","p2":"Kehorie","format":"[Gen 9] VGC 2023 Regulation E","log":"|j|\u2606intark\n|j|\u2606Kehorie\n|t:|1700597000\n|gametype|doubles\n|player|p1|intark|artist|1319\n|player|p2|Kehorie|caitlin|1377\n|teamsize|p1|6\n|teamsize|p2|6\n|gen|9\n|tier|[Gen 9] VGC 2023 Regulation E\n|rated|\n|rule|Species Clause: Limit one of each Pok\u00e9mon\n|rule|Item Clause: Limit one of each item\n|clearpoke\n|poke|p1|Hydreigon, L50, F|\n|poke|p1|Tornadus, L50, M|\n|poke|p1|Gholdengo, L50|\n|poke|p1|Arcanine-Hisui, L50, M|\n|poke|p1|Rillaboom, L50, F|\n|poke|p1|Urshifu-*, L50, M|\n|poke|p2|Rillaboom, L50, M|\n|poke|p2|Regieleki, L50|\n|poke|p2|Urshifu-*, L50, M|\n|poke|p2|Torkoal, L50, M|\n|poke|p2|Chi-Yu, L50|\n|poke|p2|Flutter Mane, L50|\n|teampreview|4\nintark has agreed to open team sheets.\n|inactive|Battle timer is ON: inactive players will automatically lose when time's up. (requested by intark)\n|inactive|intark has 60 seconds left.\n|inactive|intark has 30 seconds left.\n|inactive|intark has 20 seconds left.\n|\n|t:|1700597086\n|start\n|switch|p1a: Hydreigon|Hydreigon, L50, F|100\/100\n|switch|p1b: Arcanine|Arcanine-Hisui, L50, M|100\/100\n|switch|p2a: Regieleki|Regieleki, L50, shiny|100\/100\n|switch|p2b: Torkoal|Torkoal, L50, M, shiny|100\/100\n|-ability|p1b: Arcanine|Intimidate|boost\n|-unboost|p2a: Regieleki|atk|1\n|-unboost|p2b: Torkoal|atk|1\n|-weather|SunnyDay|[from] ability: Drought|[of] p2b: Torkoal\n|turn|1\n|inactive|intark has 30 seconds left.\n|\n|t:|1700597117\n|move|p2a: Regieleki|Electroweb|p1a: Hydreigon|[spread] p1a,p1b\n|-resisted|p1a: Hydreigon\n|-damage|p1a: Hydreigon|79\/100\n|-damage|p1b: Arcanine|53\/100\n|-unboost|p1a: Hydreigon|spe|1\n|-unboost|p1b: Arcanine|spe|1\n|move|p1a: Hydreigon|Dark Pulse|p2b: Torkoal\n|-damage|p2b: Torkoal|39\/100\n|-enditem|p2b: Torkoal|Sitrus Berry|[eat]\n|-heal|p2b: Torkoal|64\/100|[from] item: Sitrus Berry\n|-damage|p1a: Hydreigon|70\/100|[from] item: Life Orb\n|move|p1b: Arcanine|Rock Slide|p2b: Torkoal|[spread] p2a\n|-miss|p1b: Arcanine|p2b: Torkoal\n|-damage|p2a: Regieleki|11\/100\n|move|p2b: Torkoal|Earth Power|p1b: Arcanine\n|-supereffective|p1b: Arcanine\n|-damage|p1b: Arcanine|0 fnt\n|faint|p1b: Arcanine\n|\n|-weather|SunnyDay|[upkeep]\n|upkeep\n|\n|t:|1700597141\n|switch|p1b: Rillaboom|Rillaboom, L50, F|100\/100\n|-fieldstart|move: Grassy Terrain|[from] ability: Grassy Surge|[of] p1b: Rillaboom\n|turn|2\n|inactive|intark has 30 seconds left.\n|\n|t:|1700597167\n|switch|p2a: Flutter Mane|Flutter Mane, L50, shiny|100\/100\n|-activate|p2a: Flutter Mane|ability: Protosynthesis\n|-start|p2a: Flutter Mane|protosynthesisspe\n|move|p1b: Rillaboom|Grassy Glide|p2a: Flutter Mane\n|-damage|p2a: Flutter Mane|27\/100\n|move|p1a: Hydreigon|Draco Meteor|p2b: Torkoal\n|-damage|p2b: Torkoal|0 fnt\n|-unboost|p1a: Hydreigon|spa|2\n|faint|p2b: Torkoal\n|-damage|p1a: Hydreigon|60\/100|[from] item: Life Orb\n|\n|-weather|SunnyDay|[upkeep]\n|-heal|p2a: Flutter Mane|33\/100|[from] Grassy Terrain\n|upkeep\n|\n|t:|1700597184\n|switch|p2b: Hext|Urshifu, L50, M|100\/100\n|turn|3\n|inactive|intark has 30 seconds left.\n|inactive|intark has 20 seconds left.\n|inactive|intark has 15 seconds left.\n|inactive|intark has 10 seconds left.\n|inactive|intark has 5 seconds left.\n|\n|t:|1700597235\n|switch|p1a: Urshifu|Urshifu-Rapid-Strike, L50, M|100\/100\n|-terastallize|p2b: Hext|Dark\n|-terastallize|p1b: Rillaboom|Fire\n|move|p2a: Flutter Mane|Dazzling Gleam|p1b: Rillaboom|[spread] p1a,p1b\n|-supereffective|p1a: Urshifu\n|-resisted|p1b: Rillaboom\n|-damage|p1a: Urshifu|10\/100\n|-damage|p1b: Rillaboom|87\/100\n|move|p2b: Hext|Wicked Blow|p1b: Rillaboom\n|-crit|p1b: Rillaboom\n|-damage|p1b: Rillaboom|8\/100\n|move|p1b: Rillaboom|Wood Hammer|p2b: Hext\n|-damage|p2b: Hext|25\/100\n|-damage|p1b: Rillaboom|0 fnt|[from] Recoil\n|faint|p1b: Rillaboom\n|\n|-weather|SunnyDay|[upkeep]\n|-heal|p2a: Flutter Mane|39\/100|[from] Grassy Terrain\n|-heal|p1a: Urshifu|16\/100|[from] Grassy Terrain\n|-heal|p2b: Hext|32\/100|[from] Grassy Terrain\n|upkeep\n|\n|t:|1700597254\n|switch|p1b: Hydreigon|Hydreigon, L50, F|60\/100\n|turn|4\n|inactive|intark has 30 seconds left.\n|inactive|intark has 20 seconds left.\n|inactive|intark has 15 seconds left.\n|\n|t:|1700597299\n|move|p1b: Hydreigon|Protect|p1b: Hydreigon\n|-singleturn|p1b: Hydreigon|Protect\n|move|p2a: Flutter Mane|Dazzling Gleam|p1a: Urshifu|[spread] p1a\n|-activate|p1b: Hydreigon|move: Protect\n|-supereffective|p1a: Urshifu\n|-damage|p1a: Urshifu|0 fnt\n|faint|p1a: Urshifu\n|move|p2b: Hext|Wicked Blow|p1b: Hydreigon\n|-resisted|p1b: Hydreigon\n|-crit|p1b: Hydreigon\n|-damage|p1b: Hydreigon|8\/100\n|\n|-weather|SunnyDay|[upkeep]\n|-heal|p2a: Flutter Mane|45\/100|[from] Grassy Terrain\n|-heal|p2b: Hext|38\/100|[from] Grassy Terrain\n|upkeep\n|turn|5\n|-message|intark forfeited.\n|\n|win|Kehorie\n|raw|intark's rating: 1319 &rarr; <strong>1302<\/strong><br \/>(-17 for losing)\n|raw|Kehorie's rating: 1377 &rarr; <strong>1394<\/strong><br \/>(+17 for winning)\n","uploadtime":1700597314,"views":10,"p1id":"intark","p2id":"kehorie","formatid":"gen9vgc2023regulatione","rating":1302,"private":0,"password":""}