{"id":"gen9vgc2023regulatione-1994546503","p1":"BER125","p2":"JohanDK","format":"[Gen 9] VGC 2023 Regulation E","log":"|j|\u2606BER125\n|j|\u2606JohanDK\n|t:|1700457686\n|gametype|doubles\n|player|p1|BER125|linebacker|1390\n|player|p2|JohanDK|nate|1402\n|teamsize|p1|6\n|teamsize|p2|6\n|gen|9\n|tier|[Gen 9] VGC 2023 Regulation E\n|rated|\n|rule|Species Clause: Limit one of each Pok\u00e9mon\n|rule|Item Clause: Limit one of each item\n|clearpoke\n|poke|p1|Cresselia, L50, F|\n|poke|p1|Ursaluna, L50, F|\n|poke|p1|Urshifu-*, L50, F|\n|poke|p1|Torkoal, L50, F|\n|poke|p1|Chien-Pao, L50|\n|poke|p1|Rotom-Wash, L50|\n|poke|p2|Kommo-o, L50, M|\n|poke|p2|Tyranitar, L50, F|\n|poke|p2|Rillaboom, L50, F|\n|poke|p2|Flutter Mane, L50|\n|poke|p2|Arcanine-Hisui, L50, F|\n|poke|p2|Iron Bundle, L50|\n|teampreview|4\n|inactive|Battle timer is ON: inactive players will automatically lose when time's up. (requested by BER125)\n|\n|t:|1700457712\n|start\n|switch|p1a: Chien-Pao|Chien-Pao, L50|100\/100\n|switch|p1b: Rotom|Rotom-Wash, L50, shiny|100\/100\n|switch|p2a: Tyranitar|Tyranitar, L50, F|100\/100\n|switch|p2b: Arcanine|Arcanine-Hisui, L50, F|100\/100\n|-ability|p1a: Chien-Pao|Sword of Ruin\n|-ability|p2b: Arcanine|Intimidate|boost\n|-unboost|p1a: Chien-Pao|atk|1\n|-unboost|p1b: Rotom|atk|1\n|-weather|Sandstorm|[from] ability: Sand Stream|[of] p2a: Tyranitar\n|turn|1\n|\n|t:|1700457734\n|switch|p2a: Kommo-o|Kommo-o, L50, M|100\/100\n|move|p1a: Chien-Pao|Protect|p1a: Chien-Pao\n|-singleturn|p1a: Chien-Pao|Protect\n|move|p2b: Arcanine|Rock Slide|p1b: Rotom|[spread] p1b\n|-activate|p1a: Chien-Pao|move: Protect\n|-damage|p1b: Rotom|77\/100\n|move|p1b: Rotom|Will-O-Wisp|p2a: Kommo-o\n|-status|p2a: Kommo-o|brn\n|\n|-weather|Sandstorm|[upkeep]\n|-damage|p1a: Chien-Pao|95\/100|[from] Sandstorm\n|-damage|p2a: Kommo-o|94\/100 brn|[from] Sandstorm\n|-damage|p1b: Rotom|71\/100|[from] Sandstorm\n|-heal|p2a: Kommo-o|100\/100 brn|[from] item: Leftovers\n|-damage|p2a: Kommo-o|94\/100 brn|[from] brn\n|upkeep\n|turn|2\n|inactive|BER125 has 30 seconds left.\n|inactive|BER125 has 20 seconds left.\n|\n|t:|1700457771\n|-terastallize|p2b: Arcanine|Water\n|move|p1a: Chien-Pao|Crunch|p2a: Kommo-o\n|-resisted|p2a: Kommo-o\n|-damage|p2a: Kommo-o|82\/100 brn\n|move|p2b: Arcanine|Rock Slide|p1b: Rotom|[spread] p1a,p1b\n|-supereffective|p1a: Chien-Pao\n|-damage|p1a: Chien-Pao|33\/100\n|-damage|p1b: Rotom|50\/100\n|-enditem|p1b: Rotom|Sitrus Berry|[eat]\n|-heal|p1b: Rotom|74\/100|[from] item: Sitrus Berry\n|move|p2a: Kommo-o|Iron Defense|p2a: Kommo-o\n|-boost|p2a: Kommo-o|def|2\n|cant|p1b: Rotom|flinch\n|\n|-weather|Sandstorm|[upkeep]\n|-damage|p1a: Chien-Pao|27\/100|[from] Sandstorm\n|-damage|p2b: Arcanine|94\/100|[from] Sandstorm\n|-damage|p2a: Kommo-o|76\/100 brn|[from] Sandstorm\n|-damage|p1b: Rotom|69\/100|[from] Sandstorm\n|-heal|p2a: Kommo-o|82\/100 brn|[from] item: Leftovers\n|-damage|p2a: Kommo-o|76\/100 brn|[from] brn\n|upkeep\n|turn|3\n|inactive|BER125 has 30 seconds left.\n|\n|t:|1700457802\n|move|p1a: Chien-Pao|Ice Spinner|p2a: Kommo-o\n|-supereffective|p2a: Kommo-o\n|-damage|p2a: Kommo-o|52\/100 brn\n|move|p2b: Arcanine|Rock Slide|p1a: Chien-Pao|[spread] p1a,p1b\n|-supereffective|p1a: Chien-Pao\n|-crit|p1a: Chien-Pao\n|-damage|p1a: Chien-Pao|0 fnt\n|-damage|p1b: Rotom|45\/100\n|faint|p1a: Chien-Pao\n|move|p2a: Kommo-o|Body Press|p1b: Rotom\n|-damage|p1b: Rotom|15\/100\n|cant|p1b: Rotom|flinch\n|\n|-weather|Sandstorm|[upkeep]\n|-damage|p2b: Arcanine|88\/100|[from] Sandstorm\n|-damage|p2a: Kommo-o|46\/100 brn|[from] Sandstorm\n|-damage|p1b: Rotom|9\/100|[from] Sandstorm\n|-heal|p2a: Kommo-o|52\/100 brn|[from] item: Leftovers\n|-damage|p2a: Kommo-o|46\/100 brn|[from] brn\n|upkeep\n|\n|t:|1700457817\n|switch|p1a: Cresselia|Cresselia, L50, F, shiny|100\/100\n|turn|4\n|\n|t:|1700457830\n|switch|p2a: Rillaboom|Rillaboom, L50, F|100\/100\n|-fieldstart|move: Grassy Terrain|[from] ability: Grassy Surge|[of] p2a: Rillaboom\n|move|p1b: Rotom|Protect|p1b: Rotom\n|-singleturn|p1b: Rotom|Protect\n|move|p2b: Arcanine|Rock Slide|p1a: Cresselia|[spread] p1a\n|-activate|p1b: Rotom|move: Protect\n|-damage|p1a: Cresselia|87\/100\n|move|p1a: Cresselia|Trick Room|p1a: Cresselia\n|-fieldstart|move: Trick Room|[of] p1a: Cresselia\n|\n|-weather|Sandstorm|[upkeep]\n|-damage|p1a: Cresselia|81\/100|[from] Sandstorm\n|-damage|p1b: Rotom|3\/100|[from] Sandstorm\n|-damage|p2a: Rillaboom|95\/100|[from] Sandstorm\n|-damage|p2b: Arcanine|82\/100|[from] Sandstorm\n|-heal|p2a: Rillaboom|100\/100|[from] Grassy Terrain\n|-heal|p2b: Arcanine|88\/100|[from] Grassy Terrain\n|upkeep\n|turn|5\n|\n|t:|1700457851\n|move|p1a: Cresselia|Ally Switch|p1a: Cresselia\n|swap|p1a: Cresselia|1|[from] move: Ally Switch\n|move|p2a: Rillaboom|Grassy Glide|p1b: Cresselia\n|-crit|p1b: Cresselia\n|-damage|p1b: Cresselia|40\/100\n|move|p1a: Rotom|Will-O-Wisp|p2a: Rillaboom\n|-status|p2a: Rillaboom|brn\n|move|p2b: Arcanine|Howl|p2b: Arcanine|[spread] p2a,p2b\n|-boost|p2a: Rillaboom|atk|1\n|-boost|p2b: Arcanine|atk|1\n|\n|-weather|none\n|-heal|p2b: Arcanine|94\/100|[from] Grassy Terrain\n|-damage|p2a: Rillaboom|95\/100 brn|[from] brn\n|upkeep\n|turn|6\n|j| meowmeowjoe\n|\n|t:|1700457870\n|move|p2a: Rillaboom|Grassy Glide|p1a: Rotom\n|-supereffective|p1a: Rotom\n|-damage|p1a: Rotom|0 fnt\n|faint|p1a: Rotom\n|move|p1b: Cresselia|Lunar Blessing|p1b: Cresselia\n|-heal|p1b: Cresselia|65\/100\n|move|p2b: Arcanine|Rock Slide|p1b: Cresselia\n|-damage|p1b: Cresselia|38\/100\n|\n|-heal|p2a: Rillaboom|100\/100 brn|[from] Grassy Terrain\n|-heal|p2b: Arcanine|100\/100|[from] Grassy Terrain\n|-damage|p2a: Rillaboom|95\/100 brn|[from] brn\n|upkeep\n|\n|t:|1700457882\n|switch|p1a: Ursaluna|Ursaluna, L50, F|100\/100\n|turn|7\n|inactive|BER125 has 30 seconds left.\n|\n|t:|1700457917\n|switch|p2b: Kommo-o|Kommo-o, L50, M|46\/100 brn\n|-terastallize|p1a: Ursaluna|Ghost\n|move|p2a: Rillaboom|Grassy Glide|p1b: Cresselia\n|-damage|p1b: Cresselia|18\/100\n|move|p1a: Ursaluna|Swords Dance|p1a: Ursaluna\n|-boost|p1a: Ursaluna|atk|2\n|move|p1b: Cresselia|Lunar Blessing|p1b: Cresselia|[spread] p1a,p1b\n|-heal|p1b: Cresselia|43\/100\n|\n|-heal|p2b: Kommo-o|52\/100 brn|[from] Grassy Terrain\n|-heal|p2b: Kommo-o|58\/100 brn|[from] item: Leftovers\n|-heal|p2a: Rillaboom|100\/100 brn|[from] Grassy Terrain\n|-damage|p2b: Kommo-o|52\/100 brn|[from] brn\n|-damage|p2a: Rillaboom|95\/100 brn|[from] brn\n|-status|p1a: Ursaluna|brn|[from] item: Flame Orb\n|upkeep\n|turn|8\n|inactive|BER125 has 30 seconds left.\n|inactive|JohanDK has 30 seconds left.\n|\n|t:|1700457947\n|move|p1a: Ursaluna|Facade|p2a: Rillaboom\n|-damage|p2a: Rillaboom|0 fnt\n|faint|p2a: Rillaboom\n|move|p1b: Cresselia|Lunar Blessing|p1b: Cresselia|[spread] p1a,p1b\n|-curestatus|p1a: Ursaluna|brn|[msg]\n|-heal|p1b: Cresselia|68\/100\n|move|p2b: Kommo-o|Iron Defense|p2b: Kommo-o\n|-boost|p2b: Kommo-o|def|2\n|\n|-heal|p2b: Kommo-o|58\/100 brn|[from] Grassy Terrain\n|-heal|p2b: Kommo-o|64\/100 brn|[from] item: Leftovers\n|-damage|p2b: Kommo-o|58\/100 brn|[from] brn\n|-fieldend|move: Trick Room\n|-fieldend|move: Grassy Terrain\n|-status|p1a: Ursaluna|brn|[from] item: Flame Orb\n|upkeep\n|\n|t:|1700457965\n|switch|p2a: Tyranitar|Tyranitar, L50, F|100\/100\n|-weather|Sandstorm|[from] ability: Sand Stream|[of] p2a: Tyranitar\n|turn|9\n|\n|t:|1700457985\n|switch|p2b: Arcanine|Arcanine-Hisui, L50, F, tera:Water|100\/100\n|-ability|p2b: Arcanine|Intimidate|boost\n|-unboost|p1a: Ursaluna|atk|1\n|-unboost|p1b: Cresselia|atk|1\n|move|p1b: Cresselia|Helping Hand|p1a: Ursaluna\n|-singleturn|p1a: Ursaluna|Helping Hand|[of] p1b: Cresselia\n|move|p2a: Tyranitar|Knock Off|p1b: Cresselia\n|-supereffective|p1b: Cresselia\n|-damage|p1b: Cresselia|2\/100\n|-enditem|p1b: Cresselia|Covert Cloak|[from] move: Knock Off|[of] p2a: Tyranitar\n|move|p1a: Ursaluna|Earthquake|p2a: Tyranitar|[spread] p2a,p2b\n|-immune|p1b: Cresselia|[from] ability: Levitate\n|-supereffective|p2a: Tyranitar\n|-damage|p2a: Tyranitar|0 fnt\n|-damage|p2b: Arcanine|0 fnt\n|faint|p2a: Tyranitar\n|faint|p2b: Arcanine\n|\n|-weather|Sandstorm|[upkeep]\n|-damage|p1b: Cresselia|0 fnt|[from] Sandstorm\n|-damage|p1a: Ursaluna|95\/100 brn|[from] Sandstorm\n|faint|p1b: Cresselia\n|-damage|p1a: Ursaluna|89\/100 brn|[from] brn\n|upkeep\n|\n|t:|1700458008\n|switch|p2b: Kommo-o|Kommo-o, L50, M|58\/100 brn\n|turn|10\n|\n|t:|1700458014\n|move|p2b: Kommo-o|Iron Defense|p2b: Kommo-o\n|-boost|p2b: Kommo-o|def|2\n|move|p1a: Ursaluna|Earthquake|p2b: Kommo-o\n|-damage|p2b: Kommo-o|17\/100 brn\n|\n|-weather|Sandstorm|[upkeep]\n|-damage|p2b: Kommo-o|11\/100 brn|[from] Sandstorm\n|-damage|p1a: Ursaluna|83\/100 brn|[from] Sandstorm\n|-heal|p2b: Kommo-o|17\/100 brn|[from] item: Leftovers\n|-damage|p2b: Kommo-o|11\/100 brn|[from] brn\n|-damage|p1a: Ursaluna|77\/100 brn|[from] brn\n|upkeep\n|turn|11\n|\n|t:|1700458027\n|move|p2b: Kommo-o|Protect|p2b: Kommo-o\n|-singleturn|p2b: Kommo-o|Protect\n|move|p1a: Ursaluna|Earthquake|p2b: Kommo-o\n|-activate|p2b: Kommo-o|move: Protect\n|\n|-weather|Sandstorm|[upkeep]\n|-damage|p2b: Kommo-o|5\/100 brn|[from] Sandstorm\n|-damage|p1a: Ursaluna|71\/100 brn|[from] Sandstorm\n|-heal|p2b: Kommo-o|11\/100 brn|[from] item: Leftovers\n|-damage|p2b: Kommo-o|5\/100 brn|[from] brn\n|-damage|p1a: Ursaluna|65\/100 brn|[from] brn\n|upkeep\n|turn|12\n|\n|t:|1700458040\n|move|p1a: Ursaluna|Protect|p1a: Ursaluna\n|-singleturn|p1a: Ursaluna|Protect\n|move|p2b: Kommo-o|Iron Head|p1a: Ursaluna\n|-activate|p1a: Ursaluna|move: Protect\n|\n|-weather|Sandstorm|[upkeep]\n|-damage|p2b: Kommo-o|0 fnt|[from] Sandstorm\n|-damage|p1a: Ursaluna|59\/100 brn|[from] Sandstorm\n|faint|p2b: Kommo-o\n|\n|win|BER125\n|upkeep\n|raw|BER125's rating: 1390 &rarr; <strong>1411<\/strong><br \/>(+21 for winning)\n|raw|JohanDK's rating: 1402 &rarr; <strong>1381<\/strong><br \/>(-21 for losing)\n","uploadtime":1700458050,"views":7,"p1id":"ber125","p2id":"johandk","formatid":"gen9vgc2023regulatione","rating":1381,"private":0,"password":""}