{"id":"gen9vgc2023regulatione-1993091184","p1":"Beastyshadow13","p2":"number86","format":"[Gen 9] VGC 2023 Regulation E","log":"|j|\u2606Beastyshadow13\n|j|\u2606number86\n|t:|1700263703\n|gametype|doubles\n|player|p1|Beastyshadow13|veteran|1372\n|player|p2|number86|170|1394\n|teamsize|p1|6\n|teamsize|p2|6\n|gen|9\n|tier|[Gen 9] VGC 2023 Regulation E\n|rated|\n|rule|Species Clause: Limit one of each Pok\u00e9mon\n|rule|Item Clause: Limit one of each item\n|clearpoke\n|poke|p1|Tinkaton, L50, F|\n|poke|p1|Rillaboom, L50, M|\n|poke|p1|Sneasler, L50, M|\n|poke|p1|Grafaiai, L50, F|\n|poke|p1|Articuno-Galar, L50|\n|poke|p1|Chien-Pao, L50|\n|poke|p2|Milotic, L50, F|\n|poke|p2|Ninetales-Alola, L50, M|\n|poke|p2|Heatran, L50, F|\n|poke|p2|Landorus-Therian, L50, M|\n|poke|p2|Iron Hands, L50|\n|poke|p2|Amoonguss, L50, M|\n|teampreview|4\n|\n|t:|1700263750\n|start\n|switch|p1a: Tinkaton|Tinkaton, L50, F|100\/100\n|switch|p1b: Grafaiai|Grafaiai, L50, F|100\/100\n|switch|p2a: Iron Hands|Iron Hands, L50|100\/100\n|switch|p2b: Milotic|Milotic, L50, F|100\/100\n|turn|1\n|\n|t:|1700263764\n|move|p1a: Tinkaton|Protect|p1a: Tinkaton\n|-singleturn|p1a: Tinkaton|Protect\n|move|p2a: Iron Hands|Fake Out|p1b: Grafaiai\n|-crit|p1b: Grafaiai\n|-damage|p1b: Grafaiai|66\/100\n|cant|p1b: Grafaiai|flinch\n|move|p2b: Milotic|Icy Wind|p1b: Grafaiai|[spread] p1b\n|-activate|p1a: Tinkaton|move: Protect\n|-damage|p1b: Grafaiai|55\/100\n|-unboost|p1b: Grafaiai|spe|1\n|\n|upkeep\n|turn|2\n|\n|t:|1700263793\n|-terastallize|p1a: Tinkaton|Steel\n|move|p1b: Grafaiai|Swagger|p1a: Tinkaton\n|-boost|p1a: Tinkaton|atk|2\n|-immune|p1a: Tinkaton|confusion|[from] ability: Own Tempo\n|move|p1a: Tinkaton|Gigaton Hammer|p2a: Iron Hands\n|-resisted|p2a: Iron Hands\n|-crit|p2a: Iron Hands\n|-damage|p2a: Iron Hands|0 fnt\n|faint|p2a: Iron Hands\n|-end|p2a: Iron Hands|Quark Drive|[silent]\n|move|p2b: Milotic|Icy Wind|p1b: Grafaiai|[spread] p1a,p1b\n|-resisted|p1a: Tinkaton\n|-damage|p1a: Tinkaton|95\/100\n|-damage|p1b: Grafaiai|45\/100\n|-unboost|p1a: Tinkaton|spe|1\n|-unboost|p1b: Grafaiai|spe|1\n|\n|upkeep\n|\n|t:|1700263814\n|switch|p2a: Heatran|Heatran, L50, F|100\/100\n|turn|3\n|\n|t:|1700263819\n|move|p1a: Tinkaton|Protect|p1a: Tinkaton\n|-singleturn|p1a: Tinkaton|Protect\n|move|p1b: Grafaiai|Parting Shot|p2a: Heatran\n|-unboost|p2a: Heatran|atk|1\n|-unboost|p2a: Heatran|spa|1\n|\n|t:|1700263824\n|switch|p1b: Articuno|Articuno-Galar, L50|100\/100|[from] Parting Shot\n|move|p2a: Heatran|Heat Wave|p1b: Articuno|[spread] p1b\n|-activate|p1a: Tinkaton|move: Protect\n|-damage|p1b: Articuno|76\/100\n|-status|p1b: Articuno|brn\n|move|p2b: Milotic|Scald|p1a: Tinkaton\n|-activate|p1a: Tinkaton|move: Protect\n|\n|-damage|p1b: Articuno|70\/100 brn|[from] brn\n|upkeep\n|turn|4\n|\n|t:|1700263843\n|switch|p2a: Ninetales|Ninetales-Alola, L50, M|100\/100\n|-weather|Snow|[from] ability: Snow Warning|[of] p2a: Ninetales\n|move|p1b: Articuno|Tailwind|p1b: Articuno\n|-sidestart|p1: Beastyshadow13|move: Tailwind\n|move|p1a: Tinkaton|Gigaton Hammer|p2b: Milotic\n|-resisted|p2b: Milotic\n|-damage|p2b: Milotic|5\/100\n|-enditem|p2b: Milotic|Sitrus Berry|[eat]\n|-heal|p2b: Milotic|29\/100|[from] item: Sitrus Berry\n|move|p2b: Milotic|Scald|p1a: Tinkaton\n|-damage|p1a: Tinkaton|56\/100\n|\n|-weather|Snow|[upkeep]\n|-damage|p1b: Articuno|64\/100 brn|[from] brn\n|upkeep\n|turn|5\n|\n|t:|1700263871\n|-terastallize|p2a: Ninetales|Ghost\n|move|p1b: Articuno|Freezing Glare|p2a: Ninetales\n|-damage|p2a: Ninetales|54\/100\n|move|p1a: Tinkaton|Play Rough|p2a: Ninetales\n|-damage|p2a: Ninetales|0 fnt\n|faint|p2a: Ninetales\n|move|p2b: Milotic|Scald|p1a: Tinkaton\n|-damage|p1a: Tinkaton|19\/100\n|-status|p1a: Tinkaton|brn\n|\n|-weather|Snow|[upkeep]\n|-damage|p1b: Articuno|58\/100 brn|[from] brn\n|-damage|p1a: Tinkaton|12\/100 brn|[from] brn\n|upkeep\n|\n|t:|1700263886\n|switch|p2a: Heatran|Heatran, L50, F|100\/100\n|turn|6\n|\n|t:|1700263897\n|move|p1b: Articuno|Freezing Glare|p2b: Milotic\n|-damage|p2b: Milotic|0 fnt\n|faint|p2b: Milotic\n|move|p1a: Tinkaton|Knock Off|p2a: Heatran\n|-damage|p2a: Heatran|79\/100\n|-enditem|p2a: Heatran|Leftovers|[from] move: Knock Off|[of] p1a: Tinkaton\n|move|p2a: Heatran|Heat Wave|p1a: Tinkaton|[spread] p1a,p1b\n|-supereffective|p1a: Tinkaton\n|-damage|p1a: Tinkaton|0 fnt\n|-damage|p1b: Articuno|20\/100 brn\n|faint|p1a: Tinkaton\n|\n|-weather|Snow|[upkeep]\n|-damage|p1b: Articuno|14\/100 brn|[from] brn\n|upkeep\n|\n|t:|1700263911\n|switch|p1a: Chien-Pao|Chien-Pao, L50|100\/100\n|-ability|p1a: Chien-Pao|Sword of Ruin\n|turn|7\n|\n|t:|1700263917\n|move|p1b: Articuno|Protect|p1b: Articuno\n|-singleturn|p1b: Articuno|Protect\n|move|p1a: Chien-Pao|Crunch|p2a: Heatran\n|-damage|p2a: Heatran|26\/100\n|-damage|p1a: Chien-Pao|91\/100|[from] item: Life Orb\n|move|p2a: Heatran|Heat Wave|p1a: Chien-Pao|[spread] p1a\n|-activate|p1b: Articuno|move: Protect\n|-supereffective|p1a: Chien-Pao\n|-damage|p1a: Chien-Pao|0 fnt\n|faint|p1a: Chien-Pao\n|\n|-weather|Snow|[upkeep]\n|-damage|p1b: Articuno|8\/100 brn|[from] brn\n|-sideend|p1: Beastyshadow13|move: Tailwind\n|upkeep\n|\n|t:|1700263922\n|switch|p1a: Grafaiai|Grafaiai, L50, F|45\/100\n|turn|8\n|\n|t:|1700263947\n|move|p2a: Heatran|Protect|p2a: Heatran\n|-singleturn|p2a: Heatran|Protect\n|move|p1b: Articuno|Freezing Glare|p2a: Heatran\n|-activate|p2a: Heatran|move: Protect\n|move|p1a: Grafaiai|Knock Off|p2a: Heatran\n|-activate|p2a: Heatran|move: Protect\n|\n|-weather|none\n|-damage|p1b: Articuno|2\/100 brn|[from] brn\n|upkeep\n|turn|9\n|\n|t:|1700263960\n|move|p1b: Articuno|Freezing Glare|p2a: Heatran\n|-resisted|p2a: Heatran\n|-damage|p2a: Heatran|6\/100\n|move|p1a: Grafaiai|Knock Off|p2a: Heatran\n|-damage|p2a: Heatran|0 fnt\n|faint|p2a: Heatran\n|\n|win|Beastyshadow13\n|raw|Beastyshadow13's rating: 1372 &rarr; <strong>1393<\/strong><br \/>(+21 for winning)\n|raw|number86's rating: 1394 &rarr; <strong>1373<\/strong><br \/>(-21 for losing)\n|l|\u2606number86\n","uploadtime":1700263978,"views":12,"p1id":"beastyshadow13","p2id":"number86","formatid":"gen9vgc2023regulatione","rating":1373,"private":0,"password":""}