{"id":"gen9vgc2023regulatione-1988657679","p1":"Vengeful potato","p2":"Bolsa_25","format":"[Gen 9] VGC 2023 Regulation E","log":"|j|\u2606Vengeful potato\n|j|\u2606Bolsa_25\n|t:|1699747102\n|gametype|doubles\n|player|p1|Vengeful potato|swimmer|1469\n|player|p2|Bolsa_25|liza|1402\n|teamsize|p1|6\n|teamsize|p2|6\n|gen|9\n|tier|[Gen 9] VGC 2023 Regulation E\n|rated|\n|rule|Species Clause: Limit one of each Pok\u00e9mon\n|rule|Item Clause: Limit one of each item\n|clearpoke\n|poke|p1|Articuno-Galar, L50|\n|poke|p1|Maushold, L50|\n|poke|p1|Urshifu-*, L50, F|\n|poke|p1|Rillaboom, L50, M|\n|poke|p1|Heatran, L50, F|\n|poke|p1|Regidrago, L50|\n|poke|p2|Weezing, L50, F|\n|poke|p2|Iron Hands, L50|\n|poke|p2|Ogerpon-Wellspring, L50, F|\n|poke|p2|Flutter Mane, L50|\n|poke|p2|Landorus-Therian, L50, M|\n|poke|p2|Roaring Moon, L50|\n|teampreview|4\n|\n|t:|1699747158\n|start\n|switch|p1a: The Rizzler\ud83d\ude31\ud83d\udcaf\ud83d\udde3\ufe0f|Articuno-Galar, L50, shiny|100\/100\n|switch|p1b: Despereaux|Maushold, L50, shiny|100\/100\n|switch|p2a: Weezing|Weezing, L50, F|100\/100\n|switch|p2b: Iron Hands|Iron Hands, L50|100\/100\n|-ability|p2a: Weezing|Neutralizing Gas\n|turn|1\n|\n|t:|1699747167\n|move|p2b: Iron Hands|Fake Out|p1a: The Rizzler\ud83d\ude31\ud83d\udcaf\ud83d\udde3\ufe0f\n|-damage|p1a: The Rizzler\ud83d\ude31\ud83d\udcaf\ud83d\udde3\ufe0f|86\/100\n|move|p1b: Despereaux|Taunt|p2a: Weezing\n|-start|p2a: Weezing|move: Taunt\n|move|p1a: The Rizzler\ud83d\ude31\ud83d\udcaf\ud83d\udde3\ufe0f|Tailwind|p1a: The Rizzler\ud83d\ude31\ud83d\udcaf\ud83d\udde3\ufe0f\n|-sidestart|p1: Vengeful potato|move: Tailwind\n|cant|p2a: Weezing|move: Taunt|Will-O-Wisp\n|\n|upkeep\n|turn|2\n|\n|t:|1699747183\n|move|p1b: Despereaux|Super Fang|p2a: Weezing\n|-damage|p2a: Weezing|50\/100\n|-enditem|p2a: Weezing|Sitrus Berry|[eat]\n|-heal|p2a: Weezing|75\/100|[from] item: Sitrus Berry\n|move|p1a: The Rizzler\ud83d\ude31\ud83d\udcaf\ud83d\udde3\ufe0f|Freezing Glare|p2b: Iron Hands\n|-supereffective|p2b: Iron Hands\n|-damage|p2b: Iron Hands|50\/100\n|move|p2a: Weezing|Sludge Bomb|p1a: The Rizzler\ud83d\ude31\ud83d\udcaf\ud83d\udde3\ufe0f\n|-damage|p1a: The Rizzler\ud83d\ude31\ud83d\udcaf\ud83d\udde3\ufe0f|63\/100\n|move|p2b: Iron Hands|Drain Punch|p1b: Despereaux\n|-supereffective|p1b: Despereaux\n|-damage|p1b: Despereaux|20\/100\n|-heal|p2b: Iron Hands|80\/100|[from] drain|[of] p1b: Despereaux\n|-damage|p2b: Iron Hands|64\/100|[from] item: Rocky Helmet|[of] p1b: Despereaux\n|\n|upkeep\n|turn|3\n|\n|t:|1699747199\n|-end|p2b: Iron Hands|Quark Drive|[silent]\n|switch|p2b: Roaring Moon|Roaring Moon, L50|100\/100\n|-enditem|p2b: Roaring Moon|Booster Energy\n|-activate|p2b: Roaring Moon|ability: Protosynthesis|[fromitem]\n|-start|p2b: Roaring Moon|protosynthesisspe\n|move|p1b: Despereaux|Super Fang|p2b: Roaring Moon\n|-damage|p2b: Roaring Moon|50\/100\n|move|p1a: The Rizzler\ud83d\ude31\ud83d\udcaf\ud83d\udde3\ufe0f|Freezing Glare|p2b: Roaring Moon\n|-immune|p2b: Roaring Moon\n|move|p2a: Weezing|Sludge Bomb|p1b: Despereaux\n|-damage|p1b: Despereaux|0 fnt\n|faint|p1b: Despereaux\n|\n|-end|p2a: Weezing|move: Taunt\n|upkeep\n|\n|t:|1699747208\n|switch|p1b: THE DRAGON BALL\ud83e\udd76|Regidrago, L50, shiny|100\/100\n|turn|4\n|\n|t:|1699747230\n|-end|p2a: Weezing|ability: Neutralizing Gas\n|switch|p2a: Flutter Mane|Flutter Mane, L50|100\/100\n|move|p2b: Roaring Moon|Protect|p2b: Roaring Moon\n|-singleturn|p2b: Roaring Moon|Protect\n|move|p1b: THE DRAGON BALL\ud83e\udd76|Dragon Energy|p2a: Flutter Mane|[spread] \n|-activate|p2b: Roaring Moon|move: Protect\n|-immune|p2a: Flutter Mane\n|move|p1a: The Rizzler\ud83d\ude31\ud83d\udcaf\ud83d\udde3\ufe0f|Trick Room|p1a: The Rizzler\ud83d\ude31\ud83d\udcaf\ud83d\udde3\ufe0f\n|-fieldstart|move: Trick Room|[of] p1a: The Rizzler\ud83d\ude31\ud83d\udcaf\ud83d\udde3\ufe0f\n|\n|-sideend|p1: Vengeful potato|move: Tailwind\n|upkeep\n|turn|5\n|\n|t:|1699747248\n|-end|p2b: Roaring Moon|Protosynthesis|[silent]\n|switch|p2b: Weezing|Weezing, L50, F|75\/100\n|-ability|p2b: Weezing|Neutralizing Gas\n|move|p1b: THE DRAGON BALL\ud83e\udd76|Dragon Energy|p2b: Weezing|[spread] p2b\n|-immune|p2a: Flutter Mane\n|-damage|p2b: Weezing|2\/100\n|move|p1a: The Rizzler\ud83d\ude31\ud83d\udcaf\ud83d\udde3\ufe0f|Air Slash|p2a: Flutter Mane\n|-damage|p2a: Flutter Mane|64\/100\n|cant|p2a: Flutter Mane|flinch\n|\n|upkeep\n|turn|6\n|\n|t:|1699747266\n|move|p2b: Weezing|Protect|p2b: Weezing\n|-singleturn|p2b: Weezing|Protect\n|move|p1b: THE DRAGON BALL\ud83e\udd76|Earth Power|p2a: Flutter Mane\n|-damage|p2a: Flutter Mane|33\/100\n|move|p1a: The Rizzler\ud83d\ude31\ud83d\udcaf\ud83d\udde3\ufe0f|Freezing Glare|p2a: Flutter Mane\n|-damage|p2a: Flutter Mane|0 fnt\n|faint|p2a: Flutter Mane\n|-end|p2a: Flutter Mane|Protosynthesis|[silent]\n|\n|upkeep\n|-message|Bolsa_25 forfeited.\n|\n|win|Vengeful potato\n|raw|Vengeful potato's rating: 1469 &rarr; <strong>1485<\/strong><br \/>(+16 for winning)\n|raw|Bolsa_25's rating: 1402 &rarr; <strong>1386<\/strong><br \/>(-16 for losing)\n|l|\u2606Bolsa_25\n","uploadtime":1699747294,"views":11,"p1id":"vengefulpotato","p2id":"bolsa25","formatid":"gen9vgc2023regulatione","rating":1386,"private":0,"password":""}