{"id":"gen9vgc2023regulatione-1994509462","p1":"Jdaboy1337","p2":"mrbean 865","format":"[Gen 9] VGC 2023 Regulation E","log":"|j|\u2606Jdaboy1337\n|j|\u2606mrbean 865\n|t:|1700452430\n|gametype|doubles\n|player|p1|Jdaboy1337|fisherman-gen4|1401\n|player|p2|mrbean 865|102|1487\n|teamsize|p1|6\n|teamsize|p2|6\n|gen|9\n|tier|[Gen 9] VGC 2023 Regulation E\n|rated|\n|rule|Species Clause: Limit one of each Pok\u00e9mon\n|rule|Item Clause: Limit one of each item\n|clearpoke\n|poke|p1|Roaring Moon, L50|\n|poke|p1|Weezing, L50, F|\n|poke|p1|Iron Hands, L50|\n|poke|p1|Iron Valiant, L50|\n|poke|p1|Ogerpon-Wellspring, L50, F|\n|poke|p1|Landorus-Therian, L50, M|\n|poke|p2|Ting-Lu, L50|\n|poke|p2|Moltres, L50|\n|poke|p2|Regieleki, L50|\n|poke|p2|Landorus-Therian, L50, M|\n|poke|p2|Rillaboom, L50, M|\n|poke|p2|Iron Valiant, L50|\n|teampreview|4\n|inactive|Battle timer is ON: inactive players will automatically lose when time's up. (requested by Jdaboy1337)\n|inactive|Jdaboy1337 has 60 seconds left.\n|inactive|mrbean 865 has 60 seconds left.\n|\n|t:|1700452482\n|start\n|switch|p1a: Weezing|Weezing, L50, F|100\/100\n|switch|p1b: Landorus|Landorus-Therian, L50, M|100\/100\n|switch|p2a: Moltres|Moltres, L50|100\/100\n|switch|p2b: Regieleki|Regieleki, L50|100\/100\n|-ability|p1a: Weezing|Neutralizing Gas\n|-block|p1b: Landorus|item: Ability Shield\n|-ability|p1b: Landorus|Intimidate|boost\n|-unboost|p2a: Moltres|atk|1\n|-unboost|p2b: Regieleki|atk|1\n|turn|1\n|\n|t:|1700452509\n|-terastallize|p2a: Moltres|Fairy\n|move|p2b: Regieleki|Volt Switch|p1a: Weezing\n|-damage|p1a: Weezing|58\/100\n|\n|t:|1700452520\n|switch|p2b: Landorus|Landorus-Therian, L50, M|100\/100|[from] Volt Switch\n|move|p1b: Landorus|Rock Slide|p2a: Moltres|[spread] p2a\n|-miss|p1b: Landorus|p2b: Landorus\n|-damage|p2a: Moltres|84\/100\n|move|p2a: Moltres|Will-O-Wisp|p1b: Landorus|[miss]\n|-miss|p2a: Moltres|p1b: Landorus\n|move|p1a: Weezing|Will-O-Wisp|p2b: Landorus\n|-status|p2b: Landorus|brn\n|\n|-damage|p2b: Landorus|94\/100 brn|[from] brn\n|upkeep\n|turn|2\n|\n|t:|1700452540\n|move|p1b: Landorus|Protect|p1b: Landorus\n|-singleturn|p1b: Landorus|Protect\n|move|p2b: Landorus|Stomping Tantrum|p1a: Weezing\n|-supereffective|p1a: Weezing\n|-damage|p1a: Weezing|3\/100\n|-enditem|p1a: Weezing|Sitrus Berry|[eat]\n|-heal|p1a: Weezing|28\/100|[from] item: Sitrus Berry\n|move|p2a: Moltres|Flamethrower|p1a: Weezing\n|-damage|p1a: Weezing|0 fnt\n|faint|p1a: Weezing\n|-end|p1a: Weezing|ability: Neutralizing Gas\n|-ability|p2b: Landorus|Intimidate|boost\n|-unboost|p1b: Landorus|atk|1\n|\n|-damage|p2b: Landorus|88\/100 brn|[from] brn\n|upkeep\n|\n|t:|1700452555\n|switch|p1a: Roaring Moon|Roaring Moon, L50|100\/100\n|-enditem|p1a: Roaring Moon|Booster Energy\n|-activate|p1a: Roaring Moon|ability: Protosynthesis|[fromitem]\n|-start|p1a: Roaring Moon|protosynthesisspe\n|turn|3\n|\n|t:|1700452567\n|switch|p2b: Rillaboom|Rillaboom, L50, M|100\/100\n|-fieldstart|move: Grassy Terrain|[from] ability: Grassy Surge|[of] p2b: Rillaboom\n|move|p1a: Roaring Moon|Tailwind|p1a: Roaring Moon\n|-sidestart|p1: Jdaboy1337|move: Tailwind\n|move|p1b: Landorus|Rock Slide|p2b: Rillaboom|[spread] p2b\n|-miss|p1b: Landorus|p2a: Moltres\n|-damage|p2b: Rillaboom|89\/100\n|move|p2a: Moltres|Will-O-Wisp|p1a: Roaring Moon|[miss]\n|-miss|p2a: Moltres|p1a: Roaring Moon\n|\n|-heal|p2a: Moltres|90\/100|[from] Grassy Terrain\n|-heal|p2b: Rillaboom|95\/100|[from] Grassy Terrain\n|upkeep\n|turn|4\n|\n|t:|1700452585\n|switch|p1b: Iron Hands|Iron Hands, L50|100\/100\n|move|p1a: Roaring Moon|Protect|p1a: Roaring Moon\n|-singleturn|p1a: Roaring Moon|Protect\n|move|p2b: Rillaboom|Fake Out|p1a: Roaring Moon\n|-activate|p1a: Roaring Moon|move: Protect\n|move|p2a: Moltres|Will-O-Wisp|p1b: Iron Hands\n|-status|p1b: Iron Hands|brn\n|\n|-heal|p2a: Moltres|96\/100|[from] Grassy Terrain\n|-heal|p2b: Rillaboom|100\/100|[from] Grassy Terrain\n|-damage|p1b: Iron Hands|94\/100 brn|[from] brn\n|upkeep\n|turn|5\n|\n|t:|1700452607\n|switch|p2a: Regieleki|Regieleki, L50|100\/100\n|move|p1a: Roaring Moon|Acrobatics|p2b: Rillaboom\n|-supereffective|p2b: Rillaboom\n|-damage|p2b: Rillaboom|36\/100\n|move|p1b: Iron Hands|Heavy Slam|p2a: Regieleki\n|-resisted|p2a: Regieleki\n|-damage|p2a: Regieleki|91\/100\n|move|p2b: Rillaboom|Wood Hammer|p1b: Iron Hands\n|-damage|p1b: Iron Hands|40\/100 brn\n|-damage|p2b: Rillaboom|14\/100|[from] Recoil\n|\n|-heal|p2a: Regieleki|97\/100|[from] Grassy Terrain\n|-heal|p1b: Iron Hands|46\/100 brn|[from] Grassy Terrain\n|-heal|p2b: Rillaboom|20\/100|[from] Grassy Terrain\n|-damage|p1b: Iron Hands|40\/100 brn|[from] brn\n|upkeep\n|turn|6\n|\n|t:|1700452627\n|switch|p2b: Landorus|Landorus-Therian, L50, M|88\/100 brn\n|-ability|p2b: Landorus|Intimidate|boost\n|-unboost|p1a: Roaring Moon|atk|1\n|-unboost|p1b: Iron Hands|atk|1\n|move|p1a: Roaring Moon|Knock Off|p2a: Regieleki\n|-crit|p2a: Regieleki\n|-damage|p2a: Regieleki|0 fnt\n|-enditem|p2a: Regieleki|Choice Scarf|[from] move: Knock Off|[of] p1a: Roaring Moon\n|faint|p2a: Regieleki\n|move|p1b: Iron Hands|Drain Punch|p2b: Landorus\n|-resisted|p2b: Landorus\n|-damage|p2b: Landorus|80\/100 brn\n|-heal|p1b: Iron Hands|42\/100 brn|[from] drain|[of] p2b: Landorus\n|\n|-heal|p1b: Iron Hands|49\/100 brn|[from] Grassy Terrain\n|-damage|p2b: Landorus|74\/100 brn|[from] brn\n|-damage|p1b: Iron Hands|42\/100 brn|[from] brn\n|-sideend|p1: Jdaboy1337|move: Tailwind\n|upkeep\n|\n|t:|1700452650\n|switch|p2a: Moltres|Moltres, L50, tera:Fairy|96\/100\n|turn|7\n|\n|t:|1700452659\n|-end|p1b: Iron Hands|Quark Drive|[silent]\n|switch|p1b: Landorus|Landorus-Therian, L50, M|100\/100\n|-ability|p1b: Landorus|Intimidate|boost\n|-unboost|p2a: Moltres|atk|1\n|-unboost|p2b: Landorus|atk|1\n|move|p1a: Roaring Moon|Tailwind|p1a: Roaring Moon\n|-sidestart|p1: Jdaboy1337|move: Tailwind\n|move|p2b: Landorus|Stomping Tantrum|p1b: Landorus\n|-immune|p1b: Landorus\n|move|p2a: Moltres|Will-O-Wisp|p1a: Roaring Moon|[miss]\n|-miss|p2a: Moltres|p1a: Roaring Moon\n|\n|-heal|p2a: Moltres|100\/100|[from] Grassy Terrain\n|-damage|p2b: Landorus|68\/100 brn|[from] brn\n|-fieldend|move: Grassy Terrain\n|upkeep\n|turn|8\n|\n|t:|1700452676\n|-end|p1a: Roaring Moon|Protosynthesis|[silent]\n|switch|p1a: Iron Hands|Iron Hands, L50|42\/100 brn\n|move|p1b: Landorus|Protect|p1b: Landorus\n|-singleturn|p1b: Landorus|Protect\n|move|p2a: Moltres|Protect|p2a: Moltres\n|-singleturn|p2a: Moltres|Protect\n|move|p2b: Landorus|Stomping Tantrum|p1a: Iron Hands\n|-supereffective|p1a: Iron Hands\n|-damage|p1a: Iron Hands|0 fnt\n|faint|p1a: Iron Hands\n|-end|p1a: Iron Hands|Quark Drive|[silent]\n|\n|-damage|p2b: Landorus|62\/100 brn|[from] brn\n|upkeep\n|\n|t:|1700452679\n|switch|p1a: Roaring Moon|Roaring Moon, L50|100\/100\n|turn|9\n|\n|t:|1700452691\n|-terastallize|p1a: Roaring Moon|Flying\n|move|p1a: Roaring Moon|Acrobatics|p2a: Moltres\n|-damage|p2a: Moltres|52\/100\n|move|p1b: Landorus|Stomping Tantrum|p2a: Moltres\n|-damage|p2a: Moltres|18\/100\n|-enditem|p2a: Moltres|Aguav Berry|[eat]\n|-heal|p2a: Moltres|52\/100|[from] item: Aguav Berry\n|move|p2b: Landorus|Stomping Tantrum|p1a: Roaring Moon\n|-immune|p1a: Roaring Moon\n|move|p2a: Moltres|Will-O-Wisp|p1a: Roaring Moon\n|-status|p1a: Roaring Moon|brn\n|\n|-damage|p1a: Roaring Moon|94\/100 brn|[from] brn\n|-damage|p2b: Landorus|56\/100 brn|[from] brn\n|upkeep\n|turn|10\n|\n|t:|1700452709\n|switch|p2b: Rillaboom|Rillaboom, L50, M|20\/100\n|-fieldstart|move: Grassy Terrain|[from] ability: Grassy Surge|[of] p2b: Rillaboom\n|move|p2a: Moltres|Protect|p2a: Moltres\n|-singleturn|p2a: Moltres|Protect\n|move|p1a: Roaring Moon|Acrobatics|p2b: Rillaboom\n|-supereffective|p2b: Rillaboom\n|-damage|p2b: Rillaboom|0 fnt\n|faint|p2b: Rillaboom\n|move|p1b: Landorus|Stomping Tantrum|p2a: Moltres\n|-activate|p2a: Moltres|move: Protect\n|\n|-heal|p2a: Moltres|57\/100|[from] Grassy Terrain\n|-damage|p1a: Roaring Moon|88\/100 brn|[from] brn\n|-sideend|p1: Jdaboy1337|move: Tailwind\n|upkeep\n|\n|t:|1700452723\n|switch|p2b: Landorus|Landorus-Therian, L50, M|56\/100 brn\n|-ability|p2b: Landorus|Intimidate|boost\n|-unboost|p1a: Roaring Moon|atk|1\n|-unboost|p1b: Landorus|atk|1\n|turn|11\n|\n|t:|1700452733\n|move|p1a: Roaring Moon|Knock Off|p2b: Landorus\n|-damage|p2b: Landorus|36\/100 brn\n|-enditem|p2b: Landorus|Choice Band|[from] move: Knock Off|[of] p1a: Roaring Moon\n|move|p2b: Landorus|Rock Slide|p1a: Roaring Moon|[spread] p1a,p1b\n|-supereffective|p1a: Roaring Moon\n|-damage|p1a: Roaring Moon|63\/100 brn\n|-damage|p1b: Landorus|88\/100\n|move|p1b: Landorus|Stomping Tantrum|p2a: Moltres\n|-damage|p2a: Moltres|33\/100\n|move|p2a: Moltres|Will-O-Wisp|p1b: Landorus\n|-status|p1b: Landorus|brn\n|\n|-heal|p2a: Moltres|39\/100|[from] Grassy Terrain\n|-damage|p1a: Roaring Moon|57\/100 brn|[from] brn\n|-damage|p2b: Landorus|30\/100 brn|[from] brn\n|-damage|p1b: Landorus|82\/100 brn|[from] brn\n|upkeep\n|turn|12\n|\n|t:|1700452751\n|move|p2a: Moltres|Protect|p2a: Moltres\n|-singleturn|p2a: Moltres|Protect\n|move|p1a: Roaring Moon|Acrobatics|p2b: Landorus\n|-damage|p2b: Landorus|10\/100 brn\n|move|p1b: Landorus|Stomping Tantrum|p2a: Moltres\n|-activate|p2a: Moltres|move: Protect\n|move|p2b: Landorus|Rock Slide|p1b: Landorus|[spread] p1a,p1b\n|-supereffective|p1a: Roaring Moon\n|-damage|p1a: Roaring Moon|33\/100 brn\n|-damage|p1b: Landorus|70\/100 brn\n|\n|-heal|p2a: Moltres|45\/100|[from] Grassy Terrain\n|-damage|p1a: Roaring Moon|27\/100 brn|[from] brn\n|-damage|p1b: Landorus|64\/100 brn|[from] brn\n|-damage|p2b: Landorus|4\/100 brn|[from] brn\n|upkeep\n|turn|13\n|\n|t:|1700452774\n|move|p1a: Roaring Moon|Acrobatics|p2a: Moltres\n|-damage|p2a: Moltres|28\/100\n|move|p1b: Landorus|Stomping Tantrum|p2a: Moltres\n|-damage|p2a: Moltres|17\/100\n|move|p2b: Landorus|Rock Slide|p1b: Landorus|[spread] p1a,p1b\n|-supereffective|p1a: Roaring Moon\n|-crit|p1a: Roaring Moon\n|-damage|p1a: Roaring Moon|0 fnt\n|-damage|p1b: Landorus|53\/100 brn\n|faint|p1a: Roaring Moon\n|-end|p1a: Roaring Moon|Protosynthesis|[silent]\n|move|p2a: Moltres|Flamethrower|p1b: Landorus\n|-damage|p1b: Landorus|0 fnt\n|faint|p1b: Landorus\n|\n|win|mrbean 865\n|raw|Jdaboy1337's rating: 1401 &rarr; <strong>1386<\/strong><br \/>(-15 for losing)\n|raw|mrbean 865's rating: 1487 &rarr; <strong>1502<\/strong><br \/>(+15 for winning)\n|l|\u2606Jdaboy1337\n","uploadtime":1700452887,"views":9,"p1id":"jdaboy1337","p2id":"mrbean865","formatid":"gen9vgc2023regulatione","rating":1386,"private":0,"password":""}