{"id":"gen9vgc2023regulatione-1992616441","p1":"Zap-n-Tap","p2":"karodran","format":"[Gen 9] VGC 2023 Regulation E","log":"|j|\u2606Zap-n-Tap\n|j|\u2606karodran\n|t:|1700215301\n|gametype|doubles\n|player|p1|Zap-n-Tap|scientist-gen4dp|1399\n|player|p2|karodran|101|1304\n|teamsize|p1|6\n|teamsize|p2|6\n|gen|9\n|tier|[Gen 9] VGC 2023 Regulation E\n|rated|\n|rule|Species Clause: Limit one of each Pok\u00e9mon\n|rule|Item Clause: Limit one of each item\n|clearpoke\n|poke|p1|Regieleki, L50|\n|poke|p1|Ninetales-Alola, L50, F|\n|poke|p1|Enamorus-Therian, L50, F|\n|poke|p1|Kingambit, L50, F|\n|poke|p1|Armarouge, L50, M|\n|poke|p1|Farigiraf, L50, M|\n|poke|p2|Chien-Pao, L50|\n|poke|p2|Flutter Mane, L50|\n|poke|p2|Urshifu-*, L50, M|\n|poke|p2|Iron Hands, L50|\n|poke|p2|Tornadus, L50, M|\n|poke|p2|Ogerpon-Wellspring, L50, F|\n|teampreview|4\n|inactive|Battle timer is ON: inactive players will automatically lose when time's up. (requested by karodran)\nkarodran has agreed to open team sheets.\n|inactive|Zap-n-Tap has 60 seconds left.\n|\n|t:|1700215333\n|start\n|switch|p1a: Bzzt|Regieleki, L50|100\/100\n|switch|p1b: Brrr|Ninetales-Alola, L50, F|100\/100\n|switch|p2a: Tornadus|Tornadus, L50, M|100\/100\n|switch|p2b: Urshifu|Urshifu-Rapid-Strike, L50, M|100\/100\n|-weather|Snow|[from] ability: Snow Warning|[of] p1b: Brrr\n|turn|1\n|\n|t:|1700215352\n|-terastallize|p2b: Urshifu|Water\n|move|p2a: Tornadus|Tailwind|p2a: Tornadus\n|-sidestart|p2: karodran|move: Tailwind\n|move|p2b: Urshifu|Surging Strikes|p1a: Bzzt\n|-crit|p1a: Bzzt\n|-damage|p1a: Bzzt|34\/100\n|-crit|p1a: Bzzt\n|-damage|p1a: Bzzt|0 fnt\n|faint|p1a: Bzzt\n|-hitcount|p1: Bzzt|2\n|move|p1b: Brrr|Aurora Veil|p1b: Brrr\n|-sidestart|p1: Zap-n-Tap|move: Aurora Veil\n|\n|-weather|Snow|[upkeep]\n|upkeep\n|\n|t:|1700215362\n|switch|p1a: Giraffe|Farigiraf, L50, M, shiny|100\/100\n|turn|2\n|\n|t:|1700215368\n|move|p2a: Tornadus|Rain Dance|p2a: Tornadus\n|-weather|RainDance\n|move|p2b: Urshifu|Surging Strikes|p1a: Giraffe\n|-crit|p1a: Giraffe\n|-damage|p1a: Giraffe|58\/100\n|-damage|p2b: Urshifu|84\/100|[from] item: Rocky Helmet|[of] p1a: Giraffe\n|-crit|p1a: Giraffe\n|-damage|p1a: Giraffe|10\/100\n|-damage|p2b: Urshifu|68\/100|[from] item: Rocky Helmet|[of] p1a: Giraffe\n|-crit|p1a: Giraffe\n|-damage|p1a: Giraffe|0 fnt\n|-damage|p2b: Urshifu|51\/100|[from] item: Rocky Helmet|[of] p1a: Giraffe\n|faint|p1a: Giraffe\n|-hitcount|p1: Giraffe|3\n|move|p1b: Brrr|Disable|p2b: Urshifu\n|-start|p2b: Urshifu|Disable|Surging Strikes\n|\n|-weather|RainDance|[upkeep]\n|upkeep\n|\n|t:|1700215373\n|switch|p1a: Gambit|Kingambit, L50, F, shiny|100\/100\n|turn|3\n|\n|t:|1700215385\n|switch|p2b: Iron Hands|Iron Hands, L50|100\/100\n|move|p2a: Tornadus|Bleakwind Storm|p1a: Gambit|[spread] p1a,p1b\n|-resisted|p1a: Gambit\n|-damage|p1a: Gambit|87\/100\n|-damage|p1b: Brrr|75\/100\n|-unboost|p1a: Gambit|spe|1\n|-ability|p1a: Gambit|Defiant|boost\n|-boost|p1a: Gambit|atk|2\n|-unboost|p1b: Brrr|spe|1\n|move|p1b: Brrr|Blizzard|p2b: Iron Hands|[spread] p2a,p2b\n|-supereffective|p2a: Tornadus\n|-damage|p2a: Tornadus|30\/100\n|-damage|p2b: Iron Hands|86\/100\n|move|p1a: Gambit|Swords Dance|p1a: Gambit\n|-boost|p1a: Gambit|atk|2\n|\n|-weather|RainDance|[upkeep]\n|upkeep\n|turn|4\n|\n|t:|1700215400\n|move|p1b: Brrr|Protect|p1b: Brrr\n|-singleturn|p1b: Brrr|Protect\n|move|p1a: Gambit|Protect|p1a: Gambit\n|-singleturn|p1a: Gambit|Protect\n|move|p2a: Tornadus|Bleakwind Storm|p1a: Gambit|[spread] \n|-activate|p1a: Gambit|move: Protect\n|-activate|p1b: Brrr|move: Protect\n|move|p2b: Iron Hands|Drain Punch|p1a: Gambit\n|-activate|p1a: Gambit|move: Protect\n|\n|-weather|RainDance|[upkeep]\n|-sideend|p2: karodran|move: Tailwind\n|upkeep\n|turn|5\n|\n|t:|1700215422\n|move|p2a: Tornadus|Tailwind|p2a: Tornadus\n|-sidestart|p2: karodran|move: Tailwind\n|move|p2b: Iron Hands|Drain Punch|p1a: Gambit\n|-supereffective|p1a: Gambit\n|-damage|p1a: Gambit|23\/100\n|-heal|p2b: Iron Hands|100\/100|[from] drain|[of] p1a: Gambit\n|-enditem|p1a: Gambit|Sitrus Berry|[eat]\n|-heal|p1a: Gambit|48\/100|[from] item: Sitrus Berry\n|move|p1b: Brrr|Disable|p2b: Iron Hands\n|-start|p2b: Iron Hands|Disable|Drain Punch\n|move|p1a: Gambit|Swords Dance|p1a: Gambit\n|-boost|p1a: Gambit|atk|2\n|\n|-weather|RainDance|[upkeep]\n|upkeep\n|turn|6\n|\n|t:|1700215447\n|-end|p2b: Iron Hands|Quark Drive|[silent]\n|switch|p2b: Ogerpon|Ogerpon-Wellspring, L50, F|100\/100\n|move|p1a: Gambit|Sucker Punch|p2a: Tornadus\n|-damage|p2a: Tornadus|0 fnt\n|faint|p2a: Tornadus\n|move|p1b: Brrr|Blizzard|p2b: Ogerpon\n|-crit|p2b: Ogerpon\n|-damage|p2b: Ogerpon|46\/100\n|\n|-weather|none\n|upkeep\n|\n|t:|1700215452\n|switch|p2a: Iron Hands|Iron Hands, L50|100\/100\n|turn|7\n|\n|t:|1700215462\n|move|p1b: Brrr|Protect|p1b: Brrr\n|-singleturn|p1b: Brrr|Protect\n|move|p1a: Gambit|Protect|p1a: Gambit\n|-singleturn|p1a: Gambit|Protect\n|move|p2b: Ogerpon|Follow Me|p2b: Ogerpon\n|-singleturn|p2b: Ogerpon|move: Follow Me\n|move|p2a: Iron Hands|Drain Punch|p1a: Gambit\n|-activate|p1a: Gambit|move: Protect\n|\n|upkeep\n|turn|8\n|inactive|karodran has 30 seconds left.\n|\n|t:|1700215488\n|-terastallize|p1a: Gambit|Fairy\n|move|p2b: Ogerpon|Follow Me|p2b: Ogerpon\n|-singleturn|p2b: Ogerpon|move: Follow Me\n|move|p2a: Iron Hands|Drain Punch|p1a: Gambit\n|-resisted|p1a: Gambit\n|-damage|p1a: Gambit|40\/100\n|move|p1b: Brrr|Blizzard|p2a: Iron Hands|[spread] p2a,p2b\n|-damage|p2a: Iron Hands|85\/100\n|-damage|p2b: Ogerpon|19\/100\n|-status|p2b: Ogerpon|frz\n|move|p1a: Gambit|Kowtow Cleave|p2b: Ogerpon\n|-damage|p2b: Ogerpon|0 fnt\n|faint|p2b: Ogerpon\n|\n|-sideend|p2: karodran|move: Tailwind\n|-sideend|p1: Zap-n-Tap|move: Aurora Veil\n|upkeep\n|\n|t:|1700215494\n|switch|p2b: Urshifu|Urshifu-Rapid-Strike, L50, M, tera:Water|51\/100\n|turn|9\n|\n|t:|1700215504\n|move|p1a: Gambit|Sucker Punch|p2b: Urshifu\n|-damage|p2b: Urshifu|0 fnt\n|faint|p2b: Urshifu\n|move|p1b: Brrr|Disable|p2a: Iron Hands\n|-start|p2a: Iron Hands|Disable|Drain Punch\n|move|p2a: Iron Hands|Heavy Slam|p1a: Gambit\n|-supereffective|p1a: Gambit\n|-damage|p1a: Gambit|5\/100\n|\n|upkeep\n|turn|10\n|\n|t:|1700215514\n|move|p1a: Gambit|Protect|p1a: Gambit\n|-singleturn|p1a: Gambit|Protect\n|move|p1b: Brrr|Blizzard|p2a: Iron Hands\n|-damage|p2a: Iron Hands|66\/100\n|move|p2a: Iron Hands|Heavy Slam|p1a: Gambit\n|-activate|p1a: Gambit|move: Protect\n|\n|upkeep\n|turn|11\n|\n|t:|1700215522\n|move|p1a: Gambit|Sucker Punch|p2a: Iron Hands\n|-resisted|p2a: Iron Hands\n|-damage|p2a: Iron Hands|22\/100\n|move|p1b: Brrr|Blizzard|p2a: Iron Hands\n|-damage|p2a: Iron Hands|2\/100\n|move|p2a: Iron Hands|Heavy Slam|p1a: Gambit\n|-supereffective|p1a: Gambit\n|-damage|p1a: Gambit|0 fnt\n|faint|p1a: Gambit\n|\n|upkeep\n|turn|12\n|\n|t:|1700215525\n|move|p1b: Brrr|Blizzard|p2a: Iron Hands\n|-damage|p2a: Iron Hands|0 fnt\n|faint|p2a: Iron Hands\n|-end|p2a: Iron Hands|Quark Drive|[silent]\n|\n|win|Zap-n-Tap\n|raw|Zap-n-Tap's rating: 1399 &rarr; <strong>1415<\/strong><br \/>(+16 for winning)\n|raw|karodran's rating: 1320 &rarr; <strong>1304<\/strong><br \/>(-16 for losing)\n|l|\u2606karodran\n","uploadtime":1700215541,"views":16,"p1id":"zapntap","p2id":"karodran","formatid":"gen9vgc2023regulatione","rating":1304,"private":0,"password":""}