{"id":"gen9vgc2023regulatione-1991343185","p1":"trainerrodpractice","p2":"ZeMoose","format":"[Gen 9] VGC 2023 Regulation E","log":"|j|\u2606trainerrodpractice\n|j|\u2606ZeMoose\n|n|\u2606trainerrodpractice|trainerrodpractice\n|n|\u2606ZeMoose|zemoose\n|html|View the match progress at <a href=\"\/game-bestof3-gen9vgc2023regulatione-1991343184\">game-bestof3-gen9vgc2023regulatione-1991343184<\/a>\n|t:|1700069238\n|gametype|doubles\n|player|p1|trainerrodpractice|101|\n|player|p2|ZeMoose|workerice|\n|teamsize|p1|6\n|teamsize|p2|6\n|gen|9\n|tier|[Gen 9] VGC 2023 Regulation E\n|rated|Tournament battle\n|rule|Species Clause: Limit one of each Pok\u00e9mon\n|rule|Item Clause: Limit one of each item\n|clearpoke\n|poke|p1|Roaring Moon, L50|\n|poke|p1|Empoleon, L50, F|\n|poke|p1|Ogerpon-Hearthflame, L50, F|\n|poke|p1|Landorus-Therian, L50, M|\n|poke|p1|Flutter Mane, L50|\n|poke|p1|Iron Hands, L50|\n|poke|p2|Basculegion, L50, M|\n|poke|p2|Tornadus, L50, M|\n|poke|p2|Ogerpon-Wellspring, L50, F|\n|poke|p2|Palossand, L50, F|\n|poke|p2|Barraskewda, L50, F|\n|poke|p2|Politoed, L50, M|\n|teampreview|4\n|showteam|p1|Roaring Moon||BoosterEnergy|Protosynthesis|KnockOff,Acrobatics,Protect,Tailwind||||||50|,,,,,Flying]Empoleon||SitrusBerry|Competitive|FlashCannon,IcyWind,Protect,Yawn|||F|||50|,,,,,Fairy]Ogerpon-Hearthflame||HearthflameMask|MoldBreaker|IvyCudgel,HornLeech,SpikyShield,SwordsDance|||F|||50|,,,,,Fire]Landorus-Therian||ChoiceScarf|Intimidate|StompingTantrum,RockSlide,TeraBlast,Uturn|||M|||50|,,,,,Flying]Flutter Mane||ChoiceSpecs|Protosynthesis|DazzlingGleam,Moonblast,ShadowBall,Thunderbolt||||||50|,,,,,Fairy]Iron Hands||AssaultVest|QuarkDrive|DrainPunch,WildCharge,FakeOut,HeavySlam||||||50|,,,,,Water\n|showteam|p2|Basculegion||ChoiceScarf|SwiftSwim|HeadSmash,WaveCrash,PsychicFangs,LastRespects|||M|||50|,,,,,Normal]Tornadus||MentalHerb|Prankster|RainDance,BleakwindStorm,Tailwind,Taunt|||M|||50|,,,,,Steel]Ogerpon-Wellspring||WellspringMask|WaterAbsorb|IvyCudgel,HornLeech,SpikyShield,FollowMe|||F|||50|,,,,,Water]Palossand||SitrusBerry|WaterCompaction|EnergyBall,Psychic,Protect,ShoreUp|||F|||50|,,,,,Fairy]Barraskewda||RazorClaw|SwiftSwim|DrillRun,Waterfall,ThroatChop,Protect|||F|||50|,,,,,Ground]Politoed||Leftovers|Drizzle|Surf,Haze,Protect,EarthPower|||M|||50|,,,,,Dragon\n|inactive|Battle timer is ON: inactive players will automatically lose when time's up. (requested by trainerrodpractice)\n|inactive|trainerrodpractice has 60 seconds left.\n|\n|t:|1700069299\n|start\n|switch|p1a: Roaring Moon|Roaring Moon, L50|100\/100\n|switch|p1b: Iron Hands|Iron Hands, L50|100\/100\n|switch|p2a: Politoed|Politoed, L50, M|100\/100\n|switch|p2b: Basculegion|Basculegion, L50, M|100\/100\n|-weather|RainDance|[from] ability: Drizzle|[of] p2a: Politoed\n|-enditem|p1a: Roaring Moon|Booster Energy\n|-activate|p1a: Roaring Moon|ability: Protosynthesis|[fromitem]\n|-start|p1a: Roaring Moon|protosynthesisspe\n|turn|1\n|inactive|trainerrodpractice has 30 seconds left.\n|inactive|ZeMoose has 30 seconds left.\n|\n|t:|1700069332\n|switch|p2b: Palossand|Palossand, L50, F, shiny|100\/100\n|-terastallize|p1b: Iron Hands|Water\n|move|p1a: Roaring Moon|Tailwind|p1a: Roaring Moon\n|-sidestart|p1: trainerrodpractice|move: Tailwind\n|move|p1b: Iron Hands|Wild Charge|p2b: Palossand\n|-immune|p2b: Palossand\n|move|p2a: Politoed|Earth Power|p1b: Iron Hands\n|-damage|p1b: Iron Hands|89\/100\n|-unboost|p1b: Iron Hands|spd|1\n|\n|-weather|RainDance|[upkeep]\n|upkeep\n|turn|2\n|inactive|trainerrodpractice has 30 seconds left.\n|inactive|trainerrodpractice has 20 seconds left.\n|inactive|trainerrodpractice has 15 seconds left.\n|\n|t:|1700069375\n|switch|p2a: Ogerpon|Ogerpon-Wellspring, L50, F|100\/100\n|-terastallize|p2b: Palossand|Fairy\n|move|p1a: Roaring Moon|Acrobatics|p2a: Ogerpon\n|-supereffective|p2a: Ogerpon\n|-damage|p2a: Ogerpon|15\/100\n|move|p1b: Iron Hands|Wild Charge|p2a: Ogerpon\n|-damage|p2a: Ogerpon|0 fnt\n|faint|p2a: Ogerpon\n|-damage|p1b: Iron Hands|87\/100|[from] Recoil\n|move|p2b: Palossand|Energy Ball|p1b: Iron Hands\n|-supereffective|p1b: Iron Hands\n|-damage|p1b: Iron Hands|52\/100\n|-unboost|p1b: Iron Hands|spd|1\n|\n|-weather|RainDance|[upkeep]\n|upkeep\n|j|%Therazer456\n|\n|t:|1700069393\n|switch|p2a: Politoed|Politoed, L50, M|100\/100\n|turn|3\n|\n|t:|1700069417\n|-end|p1b: Iron Hands|Quark Drive|[silent]\n|switch|p1b: Flutter Mane|Flutter Mane, L50|100\/100\n|move|p2a: Politoed|Protect|p2a: Politoed\n|-singleturn|p2a: Politoed|Protect\n|move|p1a: Roaring Moon|Knock Off|p2b: Palossand\n|-resisted|p2b: Palossand\n|-damage|p2b: Palossand|85\/100\n|-enditem|p2b: Palossand|Sitrus Berry|[from] move: Knock Off|[of] p1a: Roaring Moon\n|move|p2b: Palossand|Energy Ball|p1b: Flutter Mane\n|-damage|p1b: Flutter Mane|81\/100\n|\n|-weather|RainDance|[upkeep]\n|upkeep\n|turn|4\n|\n|t:|1700069439\n|move|p1a: Roaring Moon|Acrobatics|p2a: Politoed\n|-damage|p2a: Politoed|57\/100\n|move|p1b: Flutter Mane|Thunderbolt|p2a: Politoed\n|-supereffective|p2a: Politoed\n|-damage|p2a: Politoed|0 fnt\n|faint|p2a: Politoed\n|move|p2b: Palossand|Shore Up|p2b: Palossand\n|-heal|p2b: Palossand|100\/100\n|\n|-weather|RainDance|[upkeep]\n|-sideend|p1: trainerrodpractice|move: Tailwind\n|upkeep\n|\n|t:|1700069448\n|switch|p2a: Basculegion|Basculegion, L50, M|100\/100\n|turn|5\n|inactive|ZeMoose has 30 seconds left.\n|\n|t:|1700069475\n|-end|p1b: Flutter Mane|Protosynthesis|[silent]\n|switch|p1b: Landorus|Landorus-Therian, L50, M|100\/100\n|-ability|p1b: Landorus|Intimidate|boost\n|-unboost|p2a: Basculegion|atk|1\n|-unboost|p2b: Palossand|atk|1\n|move|p1a: Roaring Moon|Protect|p1a: Roaring Moon\n|-singleturn|p1a: Roaring Moon|Protect\n|move|p2a: Basculegion|Wave Crash|p1a: Roaring Moon\n|-activate|p1a: Roaring Moon|move: Protect\n|move|p2b: Palossand|Psychic|p1b: Landorus\n|-damage|p1b: Landorus|72\/100\n|\n|-weather|none\n|upkeep\n|turn|6\n|l|%Therazer456\n|inactive|ZeMoose has 30 seconds left.\n|\n|t:|1700069500\n|move|p1a: Roaring Moon|Tailwind|p1a: Roaring Moon\n|-sidestart|p1: trainerrodpractice|move: Tailwind\n|move|p1b: Landorus|Rock Slide|p2b: Palossand|[spread] p2a,p2b\n|-damage|p2a: Basculegion|71\/100\n|-damage|p2b: Palossand|87\/100\n|move|p2a: Basculegion|Wave Crash|p1b: Landorus\n|-supereffective|p1b: Landorus\n|-damage|p1b: Landorus|0 fnt\n|faint|p1b: Landorus\n|-damage|p2a: Basculegion|51\/100|[from] Recoil\n|move|p2b: Palossand|Psychic|p1a: Roaring Moon\n|-immune|p1a: Roaring Moon\n|\n|upkeep\n|\n|t:|1700069510\n|switch|p1b: Flutter Mane|Flutter Mane, L50|81\/100\n|turn|7\n|\n|t:|1700069524\n|move|p1a: Roaring Moon|Knock Off|p2a: Basculegion\n|-supereffective|p2a: Basculegion\n|-damage|p2a: Basculegion|0 fnt\n|-enditem|p2a: Basculegion|Choice Scarf|[from] move: Knock Off|[of] p1a: Roaring Moon\n|faint|p2a: Basculegion\n|move|p1b: Flutter Mane|Moonblast|p2b: Palossand\n|-damage|p2b: Palossand|11\/100\n|-unboost|p2b: Palossand|spa|1\n|move|p2b: Palossand|Energy Ball|p1b: Flutter Mane\n|-damage|p1b: Flutter Mane|67\/100\n|\n|upkeep\n|turn|8\n|-message|ZeMoose forfeited.\n|\n|win|trainerrodpractice\n|l|\u2606ZeMoose\n|c|&|\/uhtml prompt-zemoose,ZeMoose is ready for game 2!\n","uploadtime":1700069544,"views":15,"p1id":"trainerrodpractice","p2id":"zemoose","formatid":"gen9vgc2023regulatione","rating":0,"private":0,"password":""}