{"id":"gen9vgc2023regulatione-1991953565","p1":"aquartertwo","p2":"fairylilipad","format":"[Gen 9] VGC 2023 Regulation E","log":"|j|\u2606aquartertwo\n|j|\u2606fairylilipad\n|n|\u2606aquartertwo|aquartertwo\n|n|\u2606fairylilipad|fairylilipad\n|html|View the match progress at <a href=\"\/game-bestof3-gen9vgc2023regulatione-1991953564\">game-bestof3-gen9vgc2023regulatione-1991953564<\/a>\n|t:|1700142041\n|gametype|doubles\n|player|p1|aquartertwo|clerk|\n|player|p2|fairylilipad|guitarist|\n|teamsize|p1|6\n|teamsize|p2|6\n|gen|9\n|tier|[Gen 9] VGC 2023 Regulation E\n|rule|Species Clause: Limit one of each Pok\u00e9mon\n|rule|Item Clause: Limit one of each item\n|clearpoke\n|poke|p1|Tornadus, L50, M|\n|poke|p1|Flutter Mane, L50|\n|poke|p1|Regidrago, L50|\n|poke|p1|Heatran, L50, M|\n|poke|p1|Urshifu-*, L50, M|\n|poke|p1|Farigiraf, L50, M|\n|poke|p2|Gholdengo, L50|\n|poke|p2|Iron Hands, L50|\n|poke|p2|Amoonguss, L50, M|\n|poke|p2|Iron Bundle, L50|\n|poke|p2|Pelipper, L50, F|\n|poke|p2|Salamence, L50, F|\n|teampreview|4\nfairylilipad has agreed to open team sheets.\naquartertwo has agreed to open team sheets.\n|showteam|p1|Tornadus||FocusSash|Prankster|BleakwindStorm,Tailwind,SunnyDay,Protect|||M|||50|,,,,,Ghost]Flutter Mane||BoosterEnergy|Protosynthesis|DazzlingGleam,ShadowBall,Substitute,Protect||||||50|,,,,,Water]Regidrago||DragonFang|DragonsMaw|DragonEnergy,DracoMeteor,EarthPower,Protect||||||50|,,,,,Poison]Heatran||LifeOrb|FlashFire|HeatWave,FlashCannon,EarthPower,Protect|||M|||50|,,,,,Fairy]Urshifu||ChoiceScarf|UnseenFist|WickedBlow,SuckerPunch,CloseCombat,IronHead|||M|||50|,,,,,Dark]Farigiraf||RockyHelmet|ArmorTail|Psychic,DazzlingGleam,TrickRoom,Imprison|||M|||50|,,,,,Fairy\n|showteam|p2|Gholdengo||Leftovers|GoodasGold|MakeItRain,NastyPlot,ShadowBall,Protect||||||50|,,,,,Dragon]Iron Hands||AssaultVest|QuarkDrive|FakeOut,HeavySlam,WildCharge,DrainPunch||||||50|,,,,,Water]Amoonguss||SitrusBerry|Regenerator|Spore,RagePowder,PollenPuff,Protect|||M|||50|,,,,,Water]Iron Bundle||BoosterEnergy|QuarkDrive|IcyWind,FreezeDry,HydroPump,Protect||||||50|,,,,,Ghost]Pelipper||FocusSash|Drizzle|Hurricane,WeatherBall,Protect,WideGuard|||F|||50|,,,,,Flying]Salamence||ChoiceScarf|Intimidate|Hurricane,DracoMeteor,Tailwind,AirSlash|||F|||50|,,,,,Flying\n|\n|t:|1700142132\n|start\n|switch|p1a: Tornadus|Tornadus, L50, M|100\/100\n|switch|p1b: Heatran|Heatran, L50, M|100\/100\n|switch|p2a: Amoonguss|Amoonguss, L50, M|100\/100\n|switch|p2b: Iron Bundle|Iron Bundle, L50|100\/100\n|-enditem|p2b: Iron Bundle|Booster Energy\n|-activate|p2b: Iron Bundle|ability: Quark Drive|[fromitem]\n|-start|p2b: Iron Bundle|quarkdrivespe\n|turn|1\n|\n|t:|1700142185\n|-terastallize|p2a: Amoonguss|Water\n|move|p1b: Heatran|Protect|p1b: Heatran\n|-singleturn|p1b: Heatran|Protect\n|move|p2b: Iron Bundle|Freeze-Dry|p1a: Tornadus\n|-supereffective|p1a: Tornadus\n|-damage|p1a: Tornadus|19\/100\n|move|p1a: Tornadus|Bleakwind Storm|p2b: Iron Bundle|[spread] p2a,p2b\n|-damage|p2a: Amoonguss|62\/100\n|-damage|p2b: Iron Bundle|43\/100\n|move|p2a: Amoonguss|Spore|p1b: Heatran\n|-activate|p1b: Heatran|move: Protect\n|\n|upkeep\n|turn|2\n|\n|t:|1700142218\n|switch|p2a: Iron Hands|Iron Hands, L50|100\/100\n|move|p1a: Tornadus|Tailwind|p1a: Tornadus\n|-sidestart|p1: aquartertwo|move: Tailwind\n|move|p2b: Iron Bundle|Hydro Pump|p1b: Heatran|[miss]\n|-miss|p2b: Iron Bundle|p1b: Heatran\n|move|p1b: Heatran|Earth Power|p2b: Iron Bundle\n|-damage|p2b: Iron Bundle|0 fnt\n|faint|p2b: Iron Bundle\n|-end|p2b: Iron Bundle|Quark Drive|[silent]\n|-damage|p1b: Heatran|91\/100|[from] item: Life Orb\n|\n|upkeep\n|\n|t:|1700142231\n|switch|p2b: Amoonguss|Amoonguss, L50, M, tera:Water|95\/100\n|turn|3\n|\n|t:|1700142273\n|-terastallize|p1a: Tornadus|Ghost\n|move|p1b: Heatran|Protect|p1b: Heatran\n|-singleturn|p1b: Heatran|Protect\n|move|p2a: Iron Hands|Fake Out|p1b: Heatran\n|-activate|p1b: Heatran|move: Protect\n|move|p1a: Tornadus|Bleakwind Storm|p2a: Iron Hands|[spread] p2b\n|-miss|p1a: Tornadus|p2a: Iron Hands\n|-damage|p2b: Amoonguss|61\/100\n|-unboost|p2b: Amoonguss|spe|1\n|move|p2b: Amoonguss|Spore|p1a: Tornadus\n|-status|p1a: Tornadus|slp|[from] move: Spore\n|\n|upkeep\n|turn|4\n|\n|t:|1700142314\n|switch|p1a: Flutter Mane|Flutter Mane, L50|100\/100\n|-enditem|p1a: Flutter Mane|Booster Energy\n|-activate|p1a: Flutter Mane|ability: Protosynthesis|[fromitem]\n|-start|p1a: Flutter Mane|protosynthesisspa\n|move|p1b: Heatran|Earth Power|p2a: Iron Hands\n|-supereffective|p2a: Iron Hands\n|-damage|p2a: Iron Hands|50\/100\n|-damage|p1b: Heatran|82\/100|[from] item: Life Orb\n|move|p2a: Iron Hands|Drain Punch|p1b: Heatran\n|-supereffective|p1b: Heatran\n|-damage|p1b: Heatran|0 fnt\n|-heal|p2a: Iron Hands|78\/100|[from] drain|[of] p1b: Heatran\n|faint|p1b: Heatran\n|move|p2b: Amoonguss|Spore|p1a: Flutter Mane\n|-status|p1a: Flutter Mane|slp|[from] move: Spore\n|\n|upkeep\n|\n|t:|1700142329\n|switch|p1b: Regidrago|Regidrago, L50|100\/100\n|turn|5\n|\n|t:|1700142342\n|-end|p2a: Iron Hands|Quark Drive|[silent]\n|switch|p2a: Gholdengo|Gholdengo, L50|100\/100\n|cant|p1a: Flutter Mane|slp\n|move|p1b: Regidrago|Dragon Energy|p2b: Amoonguss|[spread] p2a,p2b\n|-resisted|p2a: Gholdengo\n|-damage|p2a: Gholdengo|46\/100\n|-damage|p2b: Amoonguss|0 fnt\n|faint|p2b: Amoonguss\n|\n|-heal|p2a: Gholdengo|52\/100|[from] item: Leftovers\n|-sideend|p1: aquartertwo|move: Tailwind\n|upkeep\n|\n|t:|1700142352\n|switch|p2b: Iron Hands|Iron Hands, L50|78\/100\n|turn|6\n|\n|t:|1700142369\n|move|p1b: Regidrago|Protect|p1b: Regidrago\n|-singleturn|p1b: Regidrago|Protect\n|move|p2b: Iron Hands|Fake Out|p1b: Regidrago\n|-activate|p1b: Regidrago|move: Protect\n|cant|p1a: Flutter Mane|slp\n|move|p2a: Gholdengo|Nasty Plot|p2a: Gholdengo\n|-boost|p2a: Gholdengo|spa|2\n|\n|-heal|p2a: Gholdengo|58\/100|[from] item: Leftovers\n|upkeep\n|turn|7\n|\n|t:|1700142410\n|cant|p1a: Flutter Mane|slp\n|move|p1b: Regidrago|Earth Power|p2a: Gholdengo\n|-supereffective|p2a: Gholdengo\n|-damage|p2a: Gholdengo|0 fnt\n|faint|p2a: Gholdengo\n|move|p2b: Iron Hands|Drain Punch|p1b: Regidrago\n|-damage|p1b: Regidrago|54\/100\n|-heal|p2b: Iron Hands|100\/100|[from] drain|[of] p1b: Regidrago\n|\n|upkeep\n|turn|8\n|\n|t:|1700142428\n|move|p1b: Regidrago|Protect|p1b: Regidrago\n|-singleturn|p1b: Regidrago|Protect\n|-curestatus|p1a: Flutter Mane|slp|[msg]\n|move|p1a: Flutter Mane|Dazzling Gleam|p2b: Iron Hands\n|-supereffective|p2b: Iron Hands\n|-damage|p2b: Iron Hands|43\/100\n|move|p2b: Iron Hands|Drain Punch|p1b: Regidrago\n|-activate|p1b: Regidrago|move: Protect\n|\n|upkeep\n|turn|9\n|\n|t:|1700142474\n|move|p1a: Flutter Mane|Dazzling Gleam|p2b: Iron Hands\n|-supereffective|p2b: Iron Hands\n|-damage|p2b: Iron Hands|0 fnt\n|faint|p2b: Iron Hands\n|-end|p2b: Iron Hands|Quark Drive|[silent]\n|\n|win|aquartertwo\n|c|&|\/uhtml prompt-fairylilipad,fairylilipad is ready for game 2!\n|inactive|aquartertwo has 50 seconds to confirm battle start!\n|c|&|\/uhtml prompt-aquartertwo,aquartertwo is ready for game 2!\nBoth players are ready! Starting next match!\n|l|\u2606fairylilipad\n","uploadtime":1700142985,"views":26,"p1id":"aquartertwo","p2id":"fairylilipad","formatid":"gen9vgc2023regulatione","rating":0,"private":0,"password":""}