{"id":"gen9vgc2023regulatione-1992954058","p1":"Sir peepsalot","p2":"CrabbyTwins","format":"[Gen 9] VGC 2023 Regulation E","log":"|j|\u2606Sir peepsalot\n|j|\u2606CrabbyTwins\n|t:|1700249914\n|gametype|doubles\n|player|p1|Sir peepsalot|plasmagrunt|1420\n|player|p2|CrabbyTwins|doubleteam|1350\n|teamsize|p1|6\n|teamsize|p2|6\n|gen|9\n|tier|[Gen 9] VGC 2023 Regulation E\n|rated|\n|rule|Species Clause: Limit one of each Pok\u00e9mon\n|rule|Item Clause: Limit one of each item\n|clearpoke\n|poke|p1|Ogerpon-Hearthflame, L50, F|\n|poke|p1|Torkoal, L50, M|\n|poke|p1|Espathra, L50, M|\n|poke|p1|Indeedee-F, L50, F|\n|poke|p1|Garganacl, L50, M|\n|poke|p1|Lilligant, L50, F|\n|poke|p2|Scizor, L50, M|\n|poke|p2|Oranguru, L50, F|\n|poke|p2|Ursaluna, L50, F|\n|poke|p2|Arboliva, L50, F|\n|poke|p2|Torkoal, L50, M|\n|poke|p2|Dachsbun, L50, M|\n|teampreview|4\n|\n|t:|1700249939\n|start\n|switch|p1a: Torkoal|Torkoal, L50, M|100\/100\n|switch|p1b: Ogerpon|Ogerpon-Hearthflame, L50, F|100\/100\n|switch|p2a: Oranguru|Oranguru, L50, F|100\/100\n|switch|p2b: Ursaluna|Ursaluna, L50, F|100\/100\n|-ability|p1b: Ogerpon|Mold Breaker\n|-weather|SunnyDay|[from] ability: Drought|[of] p1a: Torkoal\n|turn|1\n|inactive|Battle timer is ON: inactive players will automatically lose when time's up. (requested by Sir peepsalot)\n|\n|t:|1700249969\n|switch|p2a: Dachsbun|Dachsbun, L50, M|100\/100\n|move|p1b: Ogerpon|Ivy Cudgel|p2a: Dachsbun|[anim] Ivy Cudgel Fire\n|-damage|p2a: Dachsbun|35\/100\n|move|p2b: Ursaluna|Facade|p1b: Ogerpon\n|-damage|p1b: Ogerpon|44\/100\n|move|p1a: Torkoal|Eruption|p2b: Ursaluna|[spread] p2b\n|-ability|p2a: Dachsbun|Well-Baked Body|boost\n|-boost|p2a: Dachsbun|def|2\n|-damage|p2b: Ursaluna|36\/100\n|\n|-weather|SunnyDay|[upkeep]\n|-heal|p2a: Dachsbun|41\/100|[from] item: Leftovers\n|-status|p2b: Ursaluna|brn|[from] item: Flame Orb\n|upkeep\n|turn|2\n|inactive|CrabbyTwins has 30 seconds left.\n|c|\u2606CrabbyTwins|is ivy cudgel only fire after tera?\n|inactive|CrabbyTwins has 20 seconds left.\n|inactive|CrabbyTwins has 15 seconds left.\n|\n|t:|1700250013\n|switch|p1a: Indeedee|Indeedee-F, L50, F|100\/100\n|-fieldstart|move: Psychic Terrain|[from] ability: Psychic Surge|[of] p1a: Indeedee\n|-enditem|p1a: Indeedee|Psychic Seed\n|-boost|p1a: Indeedee|spd|1|[from] item: Psychic Seed\n|move|p2a: Dachsbun|Protect|p2a: Dachsbun\n|-singleturn|p2a: Dachsbun|Protect\n|move|p1b: Ogerpon|Horn Leech|p2b: Ursaluna\n|-supereffective|p2b: Ursaluna\n|-damage|p2b: Ursaluna|0 fnt\n|-heal|p1b: Ogerpon|71\/100|[from] drain|[of] p2b: Ursaluna\n|faint|p2b: Ursaluna\n|\n|-weather|SunnyDay|[upkeep]\n|-heal|p2a: Dachsbun|47\/100|[from] item: Leftovers\n|upkeep\n|\n|t:|1700250030\n|switch|p2b: Oranguru|Oranguru, L50, F|100\/100\n|turn|3\n|\n|t:|1700250035\n|move|p1b: Ogerpon|Ivy Cudgel|p2b: Oranguru|[anim] Ivy Cudgel Fire\n|-damage|p2b: Oranguru|11\/100\n|move|p2a: Dachsbun|Wish|p2a: Dachsbun\n|move|p1a: Indeedee|Psychic|p2a: Dachsbun\n|-damage|p2a: Dachsbun|0 fnt\n|faint|p2a: Dachsbun\n|move|p2b: Oranguru|Trick Room|p2b: Oranguru\n|-fieldstart|move: Trick Room|[of] p2b: Oranguru\n|\n|-weather|SunnyDay|[upkeep]\n|upkeep\n|\n|t:|1700250043\n|switch|p2a: Arboliva|Arboliva, L50, F|100\/100\n|turn|4\n|\n|t:|1700250062\n|-terastallize|p2a: Arboliva|Fire\n|move|p1a: Indeedee|Follow Me|p1a: Indeedee\n|-singleturn|p1a: Indeedee|move: Follow Me\n|move|p2a: Arboliva|Earth Power|p1a: Indeedee\n|-damage|p1a: Indeedee|77\/100\n|move|p2b: Oranguru|Instruct|p1a: Indeedee\n|-singleturn|p1a: Indeedee|move: Instruct|[of] p2b: Oranguru\n|move|p1a: Indeedee|Follow Me||[still]\n|-fail|p1a: Indeedee\n|move|p1b: Ogerpon|Ivy Cudgel|p2b: Oranguru|[anim] Ivy Cudgel Fire\n|-crit|p2b: Oranguru\n|-damage|p2b: Oranguru|0 fnt\n|faint|p2b: Oranguru\n|\n|-weather|SunnyDay|[upkeep]\n|upkeep\n|turn|5\n|\n|t:|1700250077\n|move|p1a: Indeedee|Follow Me|p1a: Indeedee\n|-singleturn|p1a: Indeedee|move: Follow Me\n|move|p2a: Arboliva|Hyper Voice|p1a: Indeedee|[spread] p1a,p1b\n|-damage|p1a: Indeedee|55\/100\n|-damage|p1b: Ogerpon|26\/100\n|move|p1b: Ogerpon|Stomping Tantrum|p2a: Arboliva\n|-supereffective|p2a: Arboliva\n|-damage|p2a: Arboliva|43\/100\n|-enditem|p2a: Arboliva|Sitrus Berry|[eat]\n|-heal|p2a: Arboliva|68\/100|[from] item: Sitrus Berry\n|\n|-weather|SunnyDay|[upkeep]\n|-item|p2a: Arboliva|Sitrus Berry|[from] ability: Harvest\n|upkeep\n|turn|6\n|\n|t:|1700250089\n|move|p1b: Ogerpon|Spiky Shield|p1b: Ogerpon\n|-singleturn|p1b: Ogerpon|move: Protect\n|move|p2a: Arboliva|Hyper Voice|p1a: Indeedee|[spread] p1a\n|-activate|p1b: Ogerpon|move: Protect\n|-damage|p1a: Indeedee|30\/100\n|move|p1a: Indeedee|Psychic|p2a: Arboliva\n|-damage|p2a: Arboliva|35\/100\n|-enditem|p2a: Arboliva|Sitrus Berry|[eat]\n|-heal|p2a: Arboliva|60\/100|[from] item: Sitrus Berry\n|\n|-weather|SunnyDay|[upkeep]\n|-fieldend|move: Psychic Terrain\n|-item|p2a: Arboliva|Sitrus Berry|[from] ability: Harvest\n|upkeep\n|turn|7\n|\n|t:|1700250101\n|switch|p1b: Garganacl|Garganacl, L50, M|100\/100\n|move|p2a: Arboliva|Hyper Voice|p1b: Garganacl|[spread] p1a,p1b\n|-resisted|p1b: Garganacl\n|-damage|p1a: Indeedee|7\/100\n|-damage|p1b: Garganacl|89\/100\n|move|p1a: Indeedee|Psychic|p2a: Arboliva\n|-damage|p2a: Arboliva|34\/100\n|-enditem|p2a: Arboliva|Sitrus Berry|[eat]\n|-heal|p2a: Arboliva|59\/100|[from] item: Sitrus Berry\n|\n|-weather|SunnyDay|[upkeep]\n|-heal|p1b: Garganacl|95\/100|[from] item: Leftovers\n|-fieldend|move: Trick Room\n|-item|p2a: Arboliva|Sitrus Berry|[from] ability: Harvest\n|upkeep\n|turn|8\n|\n|t:|1700250116\n|move|p1a: Indeedee|Follow Me|p1a: Indeedee\n|-singleturn|p1a: Indeedee|move: Follow Me\n|move|p1b: Garganacl|Salt Cure|p2a: Arboliva\n|-supereffective|p2a: Arboliva\n|-damage|p2a: Arboliva|32\/100\n|-start|p2a: Arboliva|Salt Cure\n|-enditem|p2a: Arboliva|Sitrus Berry|[eat]\n|-heal|p2a: Arboliva|57\/100|[from] item: Sitrus Berry\n|move|p2a: Arboliva|Giga Drain|p1a: Indeedee\n|-crit|p1a: Indeedee\n|-damage|p1a: Indeedee|0 fnt\n|-heal|p2a: Arboliva|60\/100|[from] drain|[of] p1a: Indeedee\n|faint|p1a: Indeedee\n|\n|-weather|none\n|-heal|p1b: Garganacl|100\/100|[from] item: Leftovers\n|-damage|p2a: Arboliva|48\/100|[from] Salt Cure\n|-item|p2a: Arboliva|Sitrus Berry|[from] ability: Harvest\n|upkeep\n|-enditem|p2a: Arboliva|Sitrus Berry|[eat]\n|-heal|p2a: Arboliva|72\/100|[from] item: Sitrus Berry\n|\n|t:|1700250125\n|switch|p1a: Ogerpon|Ogerpon-Hearthflame, L50, F|26\/100\n|-ability|p1a: Ogerpon|Mold Breaker\n|turn|9\n|\n|t:|1700250137\n|-terastallize|p1a: Ogerpon|Fire\n|detailschange|p1a: Ogerpon|Ogerpon-Hearthflame-Tera, L50, F, tera:Fire\n|-ability|p1a: Ogerpon|Embody Aspect (Hearthflame)|boost\n|-boost|p1a: Ogerpon|atk|1\n|move|p1a: Ogerpon|Stomping Tantrum|p2a: Arboliva\n|-supereffective|p2a: Arboliva\n|-damage|p2a: Arboliva|0 fnt\n|faint|p2a: Arboliva\n|\n|win|Sir peepsalot\n|raw|Sir peepsalot's rating: 1420 &rarr; <strong>1436<\/strong><br \/>(+16 for winning)\n|raw|CrabbyTwins's rating: 1350 &rarr; <strong>1334<\/strong><br \/>(-16 for losing)\n|l|\u2606Sir peepsalot\n|c|\u2606CrabbyTwins|!dt ivy cudgel\n|raw|<ul class=\"utilichart\"><li class=\"result\"><span class=\"col movenamecol\"><a href=\"https:\/\/dex.pokemonshowdown.com\/moves\/ivycudgel\">Ivy Cudgel<\/a><\/span> <span class=\"col typecol\"><img src=\"\/\/play.pokemonshowdown.com\/sprites\/types\/Grass.png\" alt=\"Grass\" width=\"32\" height=\"14\"><img src=\"\/\/play.pokemonshowdown.com\/sprites\/categories\/Physical.png\" alt=\"Physical\" width=\"32\" height=\"14\"><\/span> <span class=\"col labelcol\"><em>Power<\/em><br>100<\/span> <span class=\"col widelabelcol\"><em>Accuracy<\/em><br>100%<\/span> <span class=\"col pplabelcol\"><em>PP<\/em><br>16<\/span> <span class=\"col movedesccol\">High critical hit ratio. Type depends on user's form.<\/span> <\/li><li style=\"clear:both\"><\/li><\/ul>\n|raw|<font size=\"1\"><font color=\"#686868\">Priority:<\/font> 0&nbsp;|&ThickSpace;<font color=\"#686868\">Gen:<\/font> 9&nbsp;|&ThickSpace;<font color=\"#686868\">Z-Power:<\/font> 180&nbsp;|&ThickSpace;<font color=\"#686868\">Dynamax Power:<\/font> 130&nbsp;|&ThickSpace;<font color=\"#686868\">Target:<\/font> One Adjacent Pok\u00e9mon<\/font>\n\n","uploadtime":1700250206,"views":18,"p1id":"sirpeepsalot","p2id":"crabbytwins","formatid":"gen9vgc2023regulatione","rating":1334,"private":0,"password":""}