{"id":"gen9vgc2023regulatione-1998977823","p1":"Sarko_pkmn","p2":"roval2","format":"[Gen 9] VGC 2023 Regulation E","log":"|j|\u2606Sarko_pkmn\n|j|\u2606roval2\n|t:|1701020009\n|gametype|doubles\n|player|p1|Sarko_pkmn|ghetsis-gen5bw|1085\n|player|p2|roval2|2|1094\n|teamsize|p1|6\n|teamsize|p2|6\n|gen|9\n|tier|[Gen 9] VGC 2023 Regulation E\n|rated|\n|rule|Species Clause: Limit one of each Pok\u00e9mon\n|rule|Item Clause: Limit one of each item\n|clearpoke\n|poke|p1|Copperajah, L50, F|\n|poke|p1|Sinistcha, L50|\n|poke|p1|Farigiraf, L50, F|\n|poke|p1|Dondozo, L50, F|\n|poke|p1|Grimmsnarl, L50, M|\n|poke|p1|Heatran, L50, F|\n|poke|p2|Slaking, L50, F|\n|poke|p2|Weezing, L50, M|\n|poke|p2|Landorus-Therian, L50, M|\n|poke|p2|Drifblim, L50, M|\n|poke|p2|Iron Hands, L50|\n|poke|p2|Flutter Mane, L50|\n|teampreview|4\n|\n|t:|1701020050\n|start\n|switch|p1a: Copperajah|Copperajah, L50, F, shiny|100\/100\n|switch|p1b: Grimmsnarl|Grimmsnarl, L50, M|100\/100\n|switch|p2a: Slaking|Slaking, L50, F|100\/100\n|switch|p2b: Weezing|Weezing, L50, M|100\/100\n|-ability|p2b: Weezing|Neutralizing Gas\n|turn|1\n|inactive|Battle timer is ON: inactive players will automatically lose when time's up. (requested by roval2)\n|l|\u2606roval2\n|inactive|roval2 disconnected and has a minute to reconnect!\n|player|p2|\n|j|\u2606roval2\n|inactive|roval2 reconnected and has 80 seconds left.\n|player|p2|roval2|2\n|\n|t:|1701020069\n|move|p2a: Slaking|Bulk Up|p2a: Slaking\n|-boost|p2a: Slaking|atk|1\n|-boost|p2a: Slaking|def|1\n|move|p2b: Weezing|Will-O-Wisp|p1a: Copperajah\n|-status|p1a: Copperajah|brn\n|move|p1b: Grimmsnarl|Reflect|p1b: Grimmsnarl\n|-sidestart|p1: Sarko_pkmn|Reflect\n|move|p1a: Copperajah|Iron Head|p2a: Slaking\n|-damage|p2a: Slaking|84\/100\n|-damage|p1a: Copperajah|91\/100 brn|[from] item: Life Orb\n|\n|-damage|p1a: Copperajah|85\/100 brn|[from] brn\n|upkeep\n|turn|2\n|inactive|Sarko_pkmn has 30 seconds left.\n|l|\u2606roval2\n|inactive|roval2 disconnected and has a minute to reconnect!\n|player|p2|\n|inactive|Sarko_pkmn has 20 seconds left.\n|\n|t:|1701020106\n|move|p2a: Slaking|Bulk Up|p2a: Slaking\n|-boost|p2a: Slaking|atk|1\n|-boost|p2a: Slaking|def|1\n|move|p2b: Weezing|Taunt|p1b: Grimmsnarl\n|-start|p1b: Grimmsnarl|move: Taunt\n|cant|p1b: Grimmsnarl|move: Taunt|Parting Shot\n|move|p1a: Copperajah|Iron Head|p2a: Slaking\n|-damage|p2a: Slaking|71\/100\n|-damage|p1a: Copperajah|75\/100 brn|[from] item: Life Orb\n|\n|-damage|p1a: Copperajah|69\/100 brn|[from] brn\n|upkeep\n|turn|3\n|j|\u2606roval2\n|inactive|roval2 reconnected and has 55 seconds left.\n|player|p2|roval2|2\n|inactive|Sarko_pkmn has 30 seconds left.\n|\n|t:|1701020132\n|switch|p1b: Dondozo|Dondozo, L50, F|100\/100\n|move|p2a: Slaking|Drain Punch|p1a: Copperajah\n|-supereffective|p1a: Copperajah\n|-damage|p1a: Copperajah|0 fnt\n|-heal|p2a: Slaking|100\/100|[from] drain|[of] p1a: Copperajah\n|faint|p1a: Copperajah\n|move|p2b: Weezing|Gunk Shot|p1b: Dondozo\n|-damage|p1b: Dondozo|83\/100\n|\n|-heal|p1b: Dondozo|90\/100|[from] item: Leftovers\n|upkeep\n|\n|t:|1701020150\n|switch|p1a: Sinistcha|Sinistcha, L50|100\/100\n|turn|4\n|\n|t:|1701020162\n|move|p2a: Slaking|Shadow Claw|p1a: Sinistcha\n|-supereffective|p1a: Sinistcha\n|-damage|p1a: Sinistcha|39\/100\n|-enditem|p1a: Sinistcha|Sitrus Berry|[eat]\n|-heal|p1a: Sinistcha|63\/100|[from] item: Sitrus Berry\n|move|p2b: Weezing|Taunt|p1b: Dondozo\n|-start|p1b: Dondozo|move: Taunt\n|move|p1b: Dondozo|Wave Crash|p2b: Weezing\n|-damage|p2b: Weezing|53\/100\n|-damage|p1b: Dondozo|79\/100|[from] Recoil\n|move|p1a: Sinistcha|Trick Room|p1a: Sinistcha\n|-fieldstart|move: Trick Room|[of] p1a: Sinistcha\n|\n|-heal|p1b: Dondozo|85\/100|[from] item: Leftovers\n|upkeep\n|turn|5\n|inactive|roval2 has 30 seconds left.\n|\n|t:|1701020196\n|move|p2b: Weezing|Protect|p2b: Weezing\n|-singleturn|p2b: Weezing|Protect\n|move|p1b: Dondozo|Wave Crash|p2b: Weezing\n|-activate|p2b: Weezing|move: Protect\n|move|p1a: Sinistcha|Life Dew|p1a: Sinistcha|[spread] p1a,p1b\n|-heal|p1a: Sinistcha|88\/100\n|-heal|p1b: Dondozo|100\/100\n|move|p2a: Slaking|Shadow Claw|p1a: Sinistcha\n|-supereffective|p1a: Sinistcha\n|-damage|p1a: Sinistcha|22\/100\n|\n|upkeep\n|turn|6\n|inactive|Sarko_pkmn has 30 seconds left.\n|inactive|roval2 has 30 seconds left.\n|inactive|roval2 has 20 seconds left.\n|inactive|roval2 has 15 seconds left.\n|\n|t:|1701020241\n|switch|p1a: Grimmsnarl|Grimmsnarl, L50, M|100\/100\n|move|p1b: Dondozo|Earthquake|p2b: Weezing|[spread] p1a,p2a,p2b\n|-supereffective|p2b: Weezing\n|-damage|p1a: Grimmsnarl|85\/100\n|-damage|p2a: Slaking|91\/100\n|-damage|p2b: Weezing|15\/100\n|-enditem|p2b: Weezing|Sitrus Berry|[eat]\n|-heal|p2b: Weezing|40\/100|[from] item: Sitrus Berry\n|move|p2b: Weezing|Will-O-Wisp|p1b: Dondozo\n|-status|p1b: Dondozo|brn\n|move|p2a: Slaking|Shadow Claw|p1a: Grimmsnarl\n|-resisted|p1a: Grimmsnarl\n|-damage|p1a: Grimmsnarl|65\/100\n|\n|-damage|p1b: Dondozo|94\/100 brn|[from] brn\n|-end|p1b: Dondozo|move: Taunt\n|upkeep\n|turn|7\n|inactive|Sarko_pkmn has 30 seconds left.\n|inactive|roval2 has 30 seconds left.\n|inactive|roval2 has 20 seconds left.\n|inactive|roval2 has 15 seconds left.\n|\n|t:|1701020284\n|move|p2b: Weezing|Protect|p2b: Weezing\n|-singleturn|p2b: Weezing|Protect\n|move|p1b: Dondozo|Wave Crash|p2b: Weezing\n|-activate|p2b: Weezing|move: Protect\n|move|p1a: Grimmsnarl|Parting Shot|p2a: Slaking\n|-unboost|p2a: Slaking|atk|1\n|-unboost|p2a: Slaking|spa|1\n|\n|t:|1701020292\n|switch|p1a: Sinistcha|Sinistcha, L50|22\/100|[from] Parting Shot\n|move|p2a: Slaking|Drain Punch|p1b: Dondozo\n|-damage|p1b: Dondozo|75\/100 brn\n|-heal|p2a: Slaking|100\/100|[from] drain|[of] p1b: Dondozo\n|\n|-heal|p1b: Dondozo|81\/100 brn|[from] item: Leftovers\n|-damage|p1b: Dondozo|75\/100 brn|[from] brn\n|upkeep\n|turn|8\n|\n|t:|1701020314\n|move|p2b: Weezing|Protect||[still]\n|-fail|p2b: Weezing\n|move|p1b: Dondozo|Wave Crash|p2b: Weezing\n|-damage|p2b: Weezing|15\/100\n|-damage|p1b: Dondozo|69\/100 brn|[from] Recoil\n|move|p1a: Sinistcha|Life Dew|p1a: Sinistcha|[spread] p1a,p1b\n|-heal|p1a: Sinistcha|47\/100\n|-heal|p1b: Dondozo|94\/100 brn\n|move|p2a: Slaking|Play Rough|p1a: Sinistcha\n|-damage|p1a: Sinistcha|19\/100\n|\n|-heal|p1b: Dondozo|100\/100 brn|[from] item: Leftovers\n|-damage|p1b: Dondozo|94\/100 brn|[from] brn\n|-sideend|p1: Sarko_pkmn|Reflect\n|-fieldend|move: Trick Room\n|upkeep\n|turn|9\n|inactive|Sarko_pkmn has 30 seconds left.\n|inactive|roval2 has 30 seconds left.\n|\n|t:|1701020347\n|move|p2a: Slaking|Play Rough|p1a: Sinistcha\n|-damage|p1a: Sinistcha|0 fnt\n|faint|p1a: Sinistcha\n|move|p2b: Weezing|Gunk Shot|p1b: Dondozo\n|-damage|p1b: Dondozo|71\/100 brn\n|move|p1b: Dondozo|Earthquake|p2a: Slaking|[spread] p2a,p2b\n|-supereffective|p2b: Weezing\n|-damage|p2a: Slaking|96\/100\n|-damage|p2b: Weezing|0 fnt\n|faint|p2b: Weezing\n|-end|p2b: Weezing|ability: Neutralizing Gas\n|\n|-heal|p1b: Dondozo|77\/100 brn|[from] item: Leftovers\n|-damage|p1b: Dondozo|71\/100 brn|[from] brn\n|upkeep\n|\n|t:|1701020359\n|switch|p2b: Drifblim|Drifblim, L50, M|100\/100\n|switch|p1a: Grimmsnarl|Grimmsnarl, L50, M|65\/100\n|turn|10\n|inactive|roval2 has 30 seconds left.\n|\n|t:|1701020388\n|-terastallize|p2a: Slaking|Fairy\n|move|p1a: Grimmsnarl|Light Screen|p1a: Grimmsnarl\n|-sidestart|p1: Sarko_pkmn|move: Light Screen\n|move|p2b: Drifblim|Tailwind|p2b: Drifblim\n|-sidestart|p2: roval2|move: Tailwind\n|cant|p2a: Slaking|ability: Truant\n|move|p1b: Dondozo|Wave Crash|p2a: Slaking\n|-damage|p2a: Slaking|73\/100\n|-damage|p1b: Dondozo|64\/100 brn|[from] Recoil\n|\n|-heal|p1b: Dondozo|70\/100 brn|[from] item: Leftovers\n|-damage|p1b: Dondozo|64\/100 brn|[from] brn\n|-status|p2b: Drifblim|brn|[from] item: Flame Orb\n|upkeep\n|turn|11\n|inactive|Sarko_pkmn has 30 seconds left.\n|\n|t:|1701020420\n|-terastallize|p1a: Grimmsnarl|Steel\n|move|p1a: Grimmsnarl|Reflect|p1a: Grimmsnarl\n|-sidestart|p1: Sarko_pkmn|Reflect\n|move|p2b: Drifblim|Shadow Ball|p1b: Dondozo\n|-damage|p1b: Dondozo|38\/100 brn\n|move|p2a: Slaking|Drain Punch|p1b: Dondozo\n|-damage|p1b: Dondozo|25\/100 brn\n|-heal|p2a: Slaking|80\/100|[from] drain|[of] p1b: Dondozo\n|move|p1b: Dondozo|Wave Crash|p2a: Slaking\n|-damage|p2a: Slaking|56\/100\n|-damage|p1b: Dondozo|18\/100 brn|[from] Recoil\n|\n|-heal|p1b: Dondozo|24\/100 brn|[from] item: Leftovers\n|-damage|p2b: Drifblim|94\/100 brn|[from] brn\n|-damage|p1b: Dondozo|18\/100 brn|[from] brn\n|upkeep\n|turn|12\n|inactive|Sarko_pkmn has 30 seconds left.\n|\n|t:|1701020448\n|move|p1b: Dondozo|Protect|p1b: Dondozo\n|-singleturn|p1b: Dondozo|Protect\n|move|p2b: Drifblim|Shadow Ball|p1b: Dondozo\n|-activate|p1b: Dondozo|move: Protect\n|cant|p2a: Slaking|ability: Truant\n|move|p1a: Grimmsnarl|Spirit Break|p2a: Slaking\n|-damage|p2a: Slaking|43\/100\n|\n|-heal|p1b: Dondozo|24\/100 brn|[from] item: Leftovers\n|-damage|p2b: Drifblim|88\/100 brn|[from] brn\n|-damage|p1b: Dondozo|18\/100 brn|[from] brn\n|upkeep\n|turn|13\n|c|\u2606roval2|Tontos\n|inactive|roval2 has 30 seconds left.\n|\n|t:|1701020474\n|move|p2b: Drifblim|Shadow Ball|p1b: Dondozo\n|-damage|p1b: Dondozo|0 fnt\n|faint|p1b: Dondozo\n|move|p2a: Slaking|Drain Punch|p1a: Grimmsnarl\n|-supereffective|p1a: Grimmsnarl\n|-damage|p1a: Grimmsnarl|0 fnt\n|-heal|p2a: Slaking|72\/100|[from] drain|[of] p1a: Grimmsnarl\n|faint|p1a: Grimmsnarl\n|\n|win|roval2\n|raw|Sarko_pkmn's rating: 1085 &rarr; <strong>1063<\/strong><br \/>(-22 for losing)\n|raw|roval2's rating: 1094 &rarr; <strong>1119<\/strong><br \/>(+25 for winning)\n|l|\u2606Sarko_pkmn\n","uploadtime":1701020487,"views":3,"p1id":"sarkopkmn","p2id":"roval2","formatid":"gen9vgc2023regulatione","rating":1063,"private":0,"password":""}