{"id":"gen9vgc2023regulatione-1995787772","p1":"Lord Fu3coco","p2":"sm_zem","format":"[Gen 9] VGC 2023 Regulation E","log":"|j|\u2606Lord Fu3coco\n|j|\u2606sm_zem\n|t:|1700603175\n|gametype|doubles\n|player|p1|Lord Fu3coco|volo|1145\n|player|p2|sm_zem|102|1091\n|teamsize|p1|6\n|teamsize|p2|6\n|gen|9\n|tier|[Gen 9] VGC 2023 Regulation E\n|rated|\n|rule|Species Clause: Limit one of each Pok\u00e9mon\n|rule|Item Clause: Limit one of each item\n|clearpoke\n|poke|p1|Chi-Yu, L50|\n|poke|p1|Dipplin, L50, M|\n|poke|p1|Iron Bundle, L50|\n|poke|p1|Farigiraf, L50, F|\n|poke|p1|Iron Hands, L50|\n|poke|p1|Landorus-Therian, L50, M|\n|poke|p2|Heatran, L50, F|\n|poke|p2|Arcanine-Hisui, L50, F|\n|poke|p2|Iron Hands, L50|\n|poke|p2|Ogerpon-Wellspring, L50, F|\n|poke|p2|Flutter Mane, L50|\n|poke|p2|Tornadus, L50, M|\n|teampreview|4\n|inactive|Battle timer is ON: inactive players will automatically lose when time's up. (requested by Lord Fu3coco)\n|inactive|Lord Fu3coco has 60 seconds left.\n|inactive|sm_zem has 60 seconds left.\n|\n|t:|1700603218\n|start\n|switch|p1a: Iron Hands|Iron Hands, L50|100\/100\n|switch|p1b: Chi-Yu|Chi-Yu, L50|100\/100\n|switch|p2a: Tornadus|Tornadus, L50, M|100\/100\n|switch|p2b: Ogerpon|Ogerpon-Wellspring, L50, F|100\/100\n|-ability|p1b: Chi-Yu|Beads of Ruin\n|turn|1\n|\n|t:|1700603233\n|move|p2b: Ogerpon|Spiky Shield|p2b: Ogerpon\n|-singleturn|p2b: Ogerpon|move: Protect\n|move|p1a: Iron Hands|Fake Out|p2b: Ogerpon\n|-activate|p2b: Ogerpon|move: Protect\n|-damage|p1a: Iron Hands|88\/100|[from] Spiky Shield|[of] p2b: Ogerpon\n|move|p2a: Tornadus|Tailwind|p2a: Tornadus\n|-sidestart|p2: sm_zem|move: Tailwind\n|move|p1b: Chi-Yu|Overheat|p2b: Ogerpon\n|-activate|p2b: Ogerpon|move: Protect\n|\n|upkeep\n|turn|2\n|inactive|sm_zem has 30 seconds left.\n|\n|t:|1700603267\n|move|p2a: Tornadus|Protect|p2a: Tornadus\n|-singleturn|p2a: Tornadus|Protect\n|move|p2b: Ogerpon|Ivy Cudgel|p1b: Chi-Yu|[anim] Ivy Cudgel Water\n|-supereffective|p1b: Chi-Yu\n|-enditem|p1b: Chi-Yu|Focus Sash\n|-damage|p1b: Chi-Yu|1\/100\n|move|p1b: Chi-Yu|Overheat|p2b: Ogerpon|[miss]\n|-miss|p1b: Chi-Yu|p2b: Ogerpon\n|move|p1a: Iron Hands|Wild Charge|p2a: Tornadus\n|-activate|p2a: Tornadus|move: Protect\n|\n|upkeep\n|turn|3\n|\n|t:|1700603285\n|switch|p1b: Dipplin|Dipplin, L50, M|100\/100\n|-ability|p1b: Dipplin|Supersweet Syrup\n|-ability|p1b: Dipplin|Supersweet Syrup|boost\n|-unboost|p2a: Tornadus|evasion|1\n|-unboost|p2b: Ogerpon|evasion|1\n|move|p2b: Ogerpon|Spiky Shield|p2b: Ogerpon\n|-singleturn|p2b: Ogerpon|move: Protect\n|move|p2a: Tornadus|Bleakwind Storm|p1b: Dipplin|[spread] p1a,p1b\n|-supereffective|p1b: Dipplin\n|-damage|p1a: Iron Hands|67\/100\n|-damage|p1b: Dipplin|52\/100\n|-unboost|p1a: Iron Hands|spe|1\n|-unboost|p1b: Dipplin|spe|1\n|move|p1a: Iron Hands|Wild Charge|p2a: Tornadus\n|-supereffective|p2a: Tornadus\n|-damage|p2a: Tornadus|0 fnt\n|-damage|p1a: Iron Hands|51\/100|[from] item: Rocky Helmet|[of] p2a: Tornadus\n|faint|p2a: Tornadus\n|-damage|p1a: Iron Hands|33\/100|[from] Recoil\n|\n|upkeep\n|\n|t:|1700603307\n|switch|p2a: Arcanine|Arcanine-Hisui, L50, F|100\/100\n|-ability|p2a: Arcanine|Intimidate|boost\n|-unboost|p1a: Iron Hands|atk|1\n|-unboost|p1b: Dipplin|atk|1\n|turn|4\n|\n|t:|1700603317\n|move|p2a: Arcanine|Rock Slide|p1b: Dipplin|[spread] p1a,p1b\n|-resisted|p1a: Iron Hands\n|-damage|p1a: Iron Hands|20\/100\n|-damage|p1b: Dipplin|29\/100\n|move|p2b: Ogerpon|Ivy Cudgel|p1a: Iron Hands|[anim] Ivy Cudgel Water\n|-damage|p1a: Iron Hands|0 fnt\n|faint|p1a: Iron Hands\n|-end|p1a: Iron Hands|Quark Drive|[silent]\n|move|p1b: Dipplin|Pollen Puff|p1: Iron Hands|[notarget]\n|-fail|p1b: Dipplin\n|\n|-sideend|p2: sm_zem|move: Tailwind\n|upkeep\n|\n|t:|1700603326\n|switch|p1a: Landorus|Landorus-Therian, L50, M|100\/100\n|-ability|p1a: Landorus|Intimidate|boost\n|-unboost|p2a: Arcanine|atk|1\n|-unboost|p2b: Ogerpon|atk|1\n|turn|5\n|\n|t:|1700603350\n|switch|p2a: Flutter Mane|Flutter Mane, L50|100\/100\n|-terastallize|p1a: Landorus|Rock\n|move|p2b: Ogerpon|Spiky Shield|p2b: Ogerpon\n|-singleturn|p2b: Ogerpon|move: Protect\n|move|p1a: Landorus|Rock Slide|p2a: Flutter Mane|[spread] p2a\n|-activate|p2b: Ogerpon|move: Protect\n|-damage|p2a: Flutter Mane|47\/100\n|move|p1b: Dipplin|Syrup Bomb|p2b: Ogerpon\n|-activate|p2b: Ogerpon|move: Protect\n|\n|upkeep\n|turn|6\n|inactive|sm_zem has 30 seconds left.\n|\n|t:|1700603379\n|-terastallize|p2b: Ogerpon|Water\n|detailschange|p2b: Ogerpon|Ogerpon-Wellspring-Tera, L50, F, tera:Water\n|-ability|p2b: Ogerpon|Embody Aspect (Wellspring)|boost\n|-boost|p2b: Ogerpon|spd|1\n|move|p1a: Landorus|Rock Slide|p2b: Ogerpon|[spread] p2a,p2b\n|-damage|p2a: Flutter Mane|0 fnt\n|-damage|p2b: Ogerpon|71\/100\n|faint|p2a: Flutter Mane\n|-end|p2a: Flutter Mane|Protosynthesis|[silent]\n|move|p2b: Ogerpon|Ivy Cudgel|p1a: Landorus|[anim] Ivy Cudgel Water\n|-supereffective|p1a: Landorus\n|-damage|p1a: Landorus|0 fnt\n|faint|p1a: Landorus\n|move|p1b: Dipplin|Syrup Bomb|p2b: Ogerpon\n|-supereffective|p2b: Ogerpon\n|-damage|p2b: Ogerpon|35\/100\n|-start|p2b: Ogerpon|Syrup Bomb\n|\n|-unboost|p2b: Ogerpon|spe|1\n|upkeep\n|\n|t:|1700603399\n|switch|p2a: Arcanine|Arcanine-Hisui, L50, F|100\/100\n|switch|p1a: Chi-Yu|Chi-Yu, L50|1\/100\n|-ability|p1a: Chi-Yu|Beads of Ruin\n|-ability|p2a: Arcanine|Intimidate|boost\n|-unboost|p1a: Chi-Yu|atk|1\n|-unboost|p1b: Dipplin|atk|1\n|turn|7\n|inactive|sm_zem has 30 seconds left.\n|inactive|sm_zem has 20 seconds left.\n|\n|t:|1700603437\n|move|p1a: Chi-Yu|Protect|p1a: Chi-Yu\n|-singleturn|p1a: Chi-Yu|Protect\n|move|p2b: Ogerpon|Spiky Shield|p2b: Ogerpon\n|-singleturn|p2b: Ogerpon|move: Protect\n|move|p2a: Arcanine|Rock Slide|p1b: Dipplin|[spread] p1b\n|-activate|p1a: Chi-Yu|move: Protect\n|-damage|p1b: Dipplin|6\/100\n|move|p1b: Dipplin|Syrup Bomb|p2a: Arcanine\n|-damage|p2a: Arcanine|52\/100\n|-start|p2a: Arcanine|Syrup Bomb\n|\n|-unboost|p2a: Arcanine|spe|1\n|-unboost|p2b: Ogerpon|spe|1\n|upkeep\n|turn|8\n|inactive|Lord Fu3coco has 30 seconds left.\n|inactive|sm_zem has 30 seconds left.\n|\n|t:|1700603466\n|move|p2b: Ogerpon|Spiky Shield||[still]\n|-fail|p2b: Ogerpon\n|move|p1b: Dipplin|Protect|p1b: Dipplin\n|-singleturn|p1b: Dipplin|Protect\n|move|p1a: Chi-Yu|Dark Pulse|p2b: Ogerpon\n|-damage|p2b: Ogerpon|0 fnt\n|faint|p2b: Ogerpon\n|move|p2a: Arcanine|Rock Slide|p1b: Dipplin|[spread] p1a\n|-activate|p1b: Dipplin|move: Protect\n|-supereffective|p1a: Chi-Yu\n|-damage|p1a: Chi-Yu|0 fnt\n|faint|p1a: Chi-Yu\n|\n|-unboost|p2a: Arcanine|spe|1\n|upkeep\n|turn|9\n|\n|t:|1700603483\n|move|p2a: Arcanine|Rock Slide|p1b: Dipplin\n|-damage|p1b: Dipplin|0 fnt\n|faint|p1b: Dipplin\n|\n|win|sm_zem\n|raw|Lord Fu3coco's rating: 1145 &rarr; <strong>1116<\/strong><br \/>(-29 for losing)\n|raw|sm_zem's rating: 1091 &rarr; <strong>1121<\/strong><br \/>(+30 for winning)\n|l|\u2606Lord Fu3coco\n","uploadtime":1700603494,"views":0,"p1id":"lordfu3coco","p2id":"smzem","formatid":"gen9vgc2023regulatione","rating":1116,"private":0,"password":""}