{"id":"gen9vgc2023regulatione-1999070636","p1":"SouthCroydonSaurs","p2":"Bitt 24","format":"[Gen 9] VGC 2023 Regulation E","log":"|j|\u2606SouthCroydonSaurs\n|j|\u2606Bitt 24\n|n|\u2606SouthCroydonSaurs|southcroydonsaurs\n|n|\u2606Bitt 24|bitt24\n|html|View the match progress at <a href=\"\/game-bestof3-gen9vgc2023regulatione-1999063767\">game-bestof3-gen9vgc2023regulatione-1999063767<\/a>\n|t:|1701030009\n|gametype|doubles\n|player|p1|SouthCroydonSaurs|265|\n|player|p2|Bitt 24|101|\n|teamsize|p1|6\n|teamsize|p2|6\n|gen|9\n|tier|[Gen 9] VGC 2023 Regulation E\n|rule|Species Clause: Limit one of each Pok\u00e9mon\n|rule|Item Clause: Limit one of each item\n|clearpoke\n|poke|p1|Electrode-Hisui, L50|\n|poke|p1|Iron Jugulis, L50|\n|poke|p1|Gholdengo, L50|\n|poke|p1|Iron Moth, L50|\n|poke|p1|Politoed, L50, M|\n|poke|p1|Overqwil, L50, M|\n|poke|p2|Mudsdale, L50, M|\n|poke|p2|Cresselia, L50, F|\n|poke|p2|Sneasel, L50, F|\n|poke|p2|Gyarados, L50, M|\n|poke|p2|Rotom-Mow, L50|\n|poke|p2|Florges-Yellow, L50, F|\n|teampreview|4\n|j| Fmaster94\n|j| IlVentodOricorio\n|c|\u2606SouthCroydonSaurs|glhf :)\n|j| Memebasedgod\n|j| Jay Jingles\n|l| Jay Jingles\n|c|\u2606Bitt 24|U2\n|\n|t:|1701030127\n|start\n|switch|p1a: Electrode|Electrode-Hisui, L50|100\/100\n|switch|p1b: Iron Moth|Iron Moth, L50|100\/100\n|switch|p2a: Sneasel|Sneasel, L50, F|100\/100\n|switch|p2b: Gyarados|Gyarados, L50, M|100\/100\n|-item|p1b: Iron Moth|Air Balloon\n|-ability|p2b: Gyarados|Intimidate|boost\n|-unboost|p1a: Electrode|atk|1\n|-unboost|p1b: Iron Moth|atk|1\n|turn|1\n|j| Jay Jingles\n|\n|t:|1701030154\n|move|p1b: Iron Moth|Protect|p1b: Iron Moth\n|-singleturn|p1b: Iron Moth|Protect\n|move|p2b: Gyarados|Protect|p2b: Gyarados\n|-singleturn|p2b: Gyarados|Protect\n|move|p1a: Electrode|Thunderbolt|p2b: Gyarados\n|-activate|p2b: Gyarados|move: Protect\n|move|p2a: Sneasel|Ice Punch|p1a: Electrode\n|-supereffective|p1a: Electrode\n|-damage|p1a: Electrode|16\/100\n|\n|upkeep\n|turn|2\n|\n|t:|1701030211\n|switch|p2b: Mudsdale|Mudsdale, L50, M|100\/100\n|move|p1a: Electrode|Chloroblast|p2a: Sneasel\n|-damage|p2a: Sneasel|13\/100\n|-damage|p1a: Electrode|0 fnt|[from] Recoil\n|faint|p1a: Electrode\n|move|p2a: Sneasel|Ice Punch|p1b: Iron Moth\n|-resisted|p1b: Iron Moth\n|-damage|p1b: Iron Moth|77\/100\n|-enditem|p1b: Iron Moth|Air Balloon\n|move|p1b: Iron Moth|Acid Spray|p2b: Mudsdale\n|-resisted|p2b: Mudsdale\n|-damage|p2b: Mudsdale|93\/100\n|-unboost|p2b: Mudsdale|spd|2\n|\n|upkeep\n|\n|t:|1701030227\n|switch|p1a: Iron Jugulis|Iron Jugulis, L50|100\/100\n|-enditem|p1a: Iron Jugulis|Booster Energy\n|-activate|p1a: Iron Jugulis|ability: Quark Drive|[fromitem]\n|-start|p1a: Iron Jugulis|quarkdrivespe\n|turn|3\n|\n|t:|1701030239\n|switch|p2b: Gyarados|Gyarados, L50, M|100\/100\n|-ability|p2b: Gyarados|Intimidate|boost\n|-unboost|p1a: Iron Jugulis|atk|1\n|-unboost|p1b: Iron Moth|atk|1\n|-terastallize|p1b: Iron Moth|Grass\n|move|p1a: Iron Jugulis|Flamethrower|p2a: Sneasel\n|-supereffective|p2a: Sneasel\n|-damage|p2a: Sneasel|0 fnt\n|faint|p2a: Sneasel\n|move|p1b: Iron Moth|Energy Ball|p2b: Gyarados\n|-damage|p2b: Gyarados|55\/100\n|\n|upkeep\n|\n|t:|1701030270\n|switch|p2a: Rotom|Rotom-Mow, L50|100\/100\n|turn|4\n|\n|t:|1701030290\n|-terastallize|p2a: Rotom|Electric\n|move|p2b: Gyarados|Protect|p2b: Gyarados\n|-singleturn|p2b: Gyarados|Protect\n|move|p1a: Iron Jugulis|Tailwind|p1a: Iron Jugulis\n|-sidestart|p1: SouthCroydonSaurs|move: Tailwind\n|move|p1b: Iron Moth|Fiery Dance|p2a: Rotom\n|-damage|p2a: Rotom|54\/100\n|-boost|p1b: Iron Moth|spa|1\n|move|p2a: Rotom|Light Screen|p2a: Rotom\n|-sidestart|p2: Bitt 24|move: Light Screen\n|\n|upkeep\n|turn|5\n|j| TheFriending\n|\n|t:|1701030319\n|move|p1a: Iron Jugulis|Knock Off|p2a: Rotom\n|-damage|p2a: Rotom|35\/100\n|-enditem|p2a: Rotom|Sitrus Berry|[from] move: Knock Off|[of] p1a: Iron Jugulis\n|move|p1b: Iron Moth|Fiery Dance|p2a: Rotom\n|-damage|p2a: Rotom|0 fnt\n|faint|p2a: Rotom\n|move|p2b: Gyarados|Tera Blast|p1b: Iron Moth\n|-damage|p1b: Iron Moth|67\/100\n|\n|upkeep\n|\n|t:|1701030325\n|switch|p2a: Mudsdale|Mudsdale, L50, M|93\/100\n|turn|6\n|\n|t:|1701030354\n|move|p1a: Iron Jugulis|Air Slash|p2b: Gyarados\n|-damage|p2b: Gyarados|35\/100\n|move|p1b: Iron Moth|Energy Ball|p2b: Gyarados\n|-damage|p2b: Gyarados|0 fnt\n|faint|p2b: Gyarados\n|move|p2a: Mudsdale|Rock Slide|p1a: Iron Jugulis|[spread] p1a,p1b\n|-supereffective|p1a: Iron Jugulis\n|-damage|p1a: Iron Jugulis|65\/100\n|-damage|p1b: Iron Moth|36\/100\n|\n|upkeep\n|turn|7\n|\n|t:|1701030374\n|move|p1a: Iron Jugulis|Knock Off|p2a: Mudsdale\n|-damage|p2a: Mudsdale|77\/100\n|-enditem|p2a: Mudsdale|Assault Vest|[from] move: Knock Off|[of] p1a: Iron Jugulis\n|move|p1b: Iron Moth|Energy Ball|p2a: Mudsdale\n|-supereffective|p2a: Mudsdale\n|-crit|p2a: Mudsdale\n|-damage|p2a: Mudsdale|0 fnt\n|faint|p2a: Mudsdale\n|\n|win|SouthCroydonSaurs\n|c|\u2606Bitt 24|Gg\n|c| Memebasedgod|gg\n|c|\u2606SouthCroydonSaurs|gg\n|l|\u2606Bitt 24\n|l| Memebasedgod\n|l| TheFriending\n|l| IlVentodOricorio\n","uploadtime":1701030453,"views":10,"p1id":"southcroydonsaurs","p2id":"bitt24","formatid":"gen9vgc2023regulatione","rating":0,"private":0,"password":""}