{"id":"gen9vgc2023regulatione-1990758381","p1":"CaptainLatios","p2":"Psymun09","format":"[Gen 9] VGC 2023 Regulation E","log":"|j|\u2606CaptainLatios\n|j|\u2606Psymun09\n|t:|1699998076\n|gametype|doubles\n|player|p1|CaptainLatios|caitlin-masters|1350\n|player|p2|Psymun09|265|1412\n|teamsize|p1|6\n|teamsize|p2|6\n|gen|9\n|tier|[Gen 9] VGC 2023 Regulation E\n|rated|\n|rule|Species Clause: Limit one of each Pok\u00e9mon\n|rule|Item Clause: Limit one of each item\n|clearpoke\n|poke|p1|Ogerpon-Wellspring, L50, F|\n|poke|p1|Landorus-Therian, L50, M|\n|poke|p1|Ursaluna-Bloodmoon, L50, M|\n|poke|p1|Farigiraf, L50, F|\n|poke|p1|Chi-Yu, L50|\n|poke|p1|Iron Hands, L50|\n|poke|p2|Annihilape, L50, M|\n|poke|p2|Iron Hands, L50|\n|poke|p2|Ninetales-Alola, L50, M|\n|poke|p2|Sinistcha-Masterpiece, L50|\n|poke|p2|Maushold, L50|\n|poke|p2|Heatran, L50, M|\n|teampreview|4\n|inactive|Battle timer is ON: inactive players will automatically lose when time's up. (requested by Psymun09)\nPsymun09 has agreed to open team sheets.\n|\n|t:|1699998105\n|start\n|switch|p1a: Iron Hands|Iron Hands, L50|100\/100\n|switch|p1b: Chi-Yu|Chi-Yu, L50|100\/100\n|switch|p2a: Annihilape|Annihilape, L50, M, shiny|100\/100\n|switch|p2b: Maushold|Maushold, L50|100\/100\n|-ability|p1b: Chi-Yu|Beads of Ruin\n|turn|1\n|inactive|Psymun09 has 30 seconds left.\n|inactive|Psymun09 has 20 seconds left.\n|\n|t:|1699998141\n|-terastallize|p2a: Annihilape|Fire\n|move|p2b: Maushold|Protect|p2b: Maushold\n|-singleturn|p2b: Maushold|Protect\n|move|p1a: Iron Hands|Fake Out|p2b: Maushold\n|-activate|p2b: Maushold|move: Protect\n|move|p1b: Chi-Yu|Overheat|p2b: Maushold\n|-activate|p2b: Maushold|move: Protect\n|move|p2a: Annihilape|Drain Punch|p1b: Chi-Yu\n|-supereffective|p1b: Chi-Yu\n|-enditem|p1b: Chi-Yu|Focus Sash\n|-damage|p1b: Chi-Yu|1\/100\n|\n|upkeep\n|turn|2\n|\n|t:|1699998161\n|move|p2b: Maushold|Beat Up|p2a: Annihilape\n|-damage|p2a: Annihilape|98\/100\n|-damage|p2a: Annihilape|96\/100\n|-damage|p2a: Annihilape|94\/100\n|-damage|p2a: Annihilape|92\/100\n|-hitcount|p2a: Annihilape|4\n|move|p1b: Chi-Yu|Dark Pulse|p2a: Annihilape\n|-damage|p2a: Annihilape|55\/100\n|cant|p2a: Annihilape|flinch\n|move|p1a: Iron Hands|Drain Punch|p2b: Maushold\n|-supereffective|p2b: Maushold\n|-crit|p2b: Maushold\n|-damage|p2b: Maushold|0 fnt\n|faint|p2b: Maushold\n|\n|-heal|p2a: Annihilape|61\/100|[from] item: Leftovers\n|upkeep\n|\n|t:|1699998175\n|switch|p2b: Iron Hands|Iron Hands, L50, shiny|100\/100\n|-enditem|p2b: Iron Hands|Booster Energy\n|-activate|p2b: Iron Hands|ability: Quark Drive|[fromitem]\n|-start|p2b: Iron Hands|quarkdriveatk\n|turn|3\n|\n|t:|1699998187\n|-end|p1a: Iron Hands|Quark Drive|[silent]\n|switch|p1a: Farigiraf|Farigiraf, L50, F|100\/100\n|move|p2b: Iron Hands|Fake Out||[still]\n|cant|p1a: Farigiraf|ability: Armor Tail|Fake Out|[of] p2b: Iron Hands\n|move|p1b: Chi-Yu|Dark Pulse|p2a: Annihilape\n|-damage|p2a: Annihilape|16\/100\n|move|p2a: Annihilape|Rage Fist|p1a: Farigiraf\n|-immune|p1a: Farigiraf\n|\n|-heal|p2a: Annihilape|22\/100|[from] item: Leftovers\n|upkeep\n|turn|4\n|\n|t:|1699998212\n|move|p2a: Annihilape|Protect|p2a: Annihilape\n|-singleturn|p2a: Annihilape|Protect\n|move|p1b: Chi-Yu|Dark Pulse|p2a: Annihilape\n|-activate|p2a: Annihilape|move: Protect\n|move|p1a: Farigiraf|Psychic|p2b: Iron Hands\n|-supereffective|p2b: Iron Hands\n|-damage|p2b: Iron Hands|23\/100\n|move|p2b: Iron Hands|Drain Punch|p1b: Chi-Yu\n|-supereffective|p1b: Chi-Yu\n|-damage|p1b: Chi-Yu|0 fnt\n|-heal|p2b: Iron Hands|23\/100|[from] drain|[of] p1b: Chi-Yu\n|faint|p1b: Chi-Yu\n|\n|-heal|p2a: Annihilape|28\/100|[from] item: Leftovers\n|upkeep\n|\n|t:|1699998224\n|switch|p1b: Iron Hands|Iron Hands, L50|100\/100\n|turn|5\n|\n|t:|1699998240\n|switch|p2a: Sinistcha|Sinistcha-Masterpiece, L50|100\/100\n|-heal|p2b: Iron Hands|48\/100|[from] ability: Hospitality|[of] p2a: Sinistcha\n|move|p1b: Iron Hands|Fake Out|p2a: Sinistcha\n|-immune|p2a: Sinistcha\n|move|p1a: Farigiraf|Psychic|p2b: Iron Hands\n|-supereffective|p2b: Iron Hands\n|-damage|p2b: Iron Hands|0 fnt\n|faint|p2b: Iron Hands\n|-end|p2b: Iron Hands|Quark Drive|[silent]\n|\n|upkeep\n|\n|t:|1699998248\n|switch|p2b: Annihilape|Annihilape, L50, M, shiny, tera:Fire|28\/100\n|turn|6\n|inactive|CaptainLatios has 30 seconds left.\n|\n|t:|1699998273\n|-end|p1b: Iron Hands|Quark Drive|[silent]\n|switch|p1b: Ursaluna|Ursaluna-Bloodmoon, L50, M|100\/100\n|move|p2a: Sinistcha|Rage Powder|p2a: Sinistcha\n|-singleturn|p2a: Sinistcha|move: Rage Powder\n|move|p2b: Annihilape|Drain Punch|p1a: Farigiraf\n|-damage|p1a: Farigiraf|71\/100\n|-heal|p2b: Annihilape|44\/100|[from] drain|[of] p1a: Farigiraf\n|move|p1a: Farigiraf|Trick Room|p1a: Farigiraf\n|-fieldstart|move: Trick Room|[of] p1a: Farigiraf\n|\n|-heal|p2b: Annihilape|50\/100|[from] item: Leftovers\n|upkeep\n|turn|7\n|inactive|CaptainLatios has 30 seconds left.\n|\n|t:|1699998303\n|switch|p1a: Iron Hands|Iron Hands, L50|100\/100\n|-terastallize|p1b: Ursaluna|Normal\n|move|p2b: Annihilape|Protect|p2b: Annihilape\n|-singleturn|p2b: Annihilape|Protect\n|move|p1b: Ursaluna|Hyper Voice|p2b: Annihilape|[spread] p2a\n|-activate|p2b: Annihilape|move: Protect\n|-damage|p2a: Sinistcha|50\/100\n|-enditem|p1b: Ursaluna|Throat Spray\n|-boost|p1b: Ursaluna|spa|1|[from] item: Throat Spray\n|move|p2a: Sinistcha|Trick Room|p2a: Sinistcha\n|-fieldend|move: Trick Room\n|\n|-heal|p2b: Annihilape|57\/100|[from] item: Leftovers\n|upkeep\n|turn|8\n|inactive|CaptainLatios has 30 seconds left.\n|inactive|Psymun09 has 30 seconds left.\n|inactive|CaptainLatios has 20 seconds left.\n|inactive|Psymun09 has 20 seconds left.\n|\n|t:|1699998341\n|move|p2b: Annihilape|Protect|p2b: Annihilape\n|-singleturn|p2b: Annihilape|Protect\n|move|p1a: Iron Hands|Fake Out|p2b: Annihilape\n|-activate|p2b: Annihilape|move: Protect\n|move|p2a: Sinistcha|Matcha Gotcha|p1a: Iron Hands|[spread] p1a,p1b\n|-damage|p1a: Iron Hands|88\/100\n|-heal|p2a: Sinistcha|58\/100|[from] drain|[of] p1a: Iron Hands\n|-damage|p1b: Ursaluna|77\/100\n|-heal|p2a: Sinistcha|73\/100|[from] drain|[of] p1b: Ursaluna\n|move|p1b: Ursaluna|Hyper Voice|p2b: Annihilape|[spread] p2a\n|-activate|p2b: Annihilape|move: Protect\n|-damage|p2a: Sinistcha|0 fnt\n|faint|p2a: Sinistcha\n|\n|-heal|p2b: Annihilape|63\/100|[from] item: Leftovers\n|upkeep\n|turn|9\n|inactive|CaptainLatios has 30 seconds left.\n|\n|t:|1699998368\n|move|p2b: Annihilape|Drain Punch|p1b: Ursaluna\n|-supereffective|p1b: Ursaluna\n|-damage|p1b: Ursaluna|27\/100\n|-heal|p2b: Annihilape|89\/100|[from] drain|[of] p1b: Ursaluna\n|move|p1a: Iron Hands|Wild Charge|p2b: Annihilape\n|-damage|p2b: Annihilape|43\/100\n|-damage|p1a: Iron Hands|78\/100|[from] Recoil\n|move|p1b: Ursaluna|Earth Power|p2b: Annihilape\n|-supereffective|p2b: Annihilape\n|-damage|p2b: Annihilape|0 fnt\n|faint|p2b: Annihilape\n|\n|win|CaptainLatios\n|raw|CaptainLatios's rating: 1350 &rarr; <strong>1374<\/strong><br \/>(+24 for winning)\n|raw|Psymun09's rating: 1412 &rarr; <strong>1388<\/strong><br \/>(-24 for losing)\n|l|\u2606Psymun09\n","uploadtime":1699998455,"views":9,"p1id":"captainlatios","p2id":"psymun09","formatid":"gen9vgc2023regulatione","rating":1374,"private":0,"password":""}