{"id":"gen9vgc2023regulatione-1998921903","p1":"MurphyTheMut","p2":"waynecow46","format":"[Gen 9] VGC 2023 Regulation E","log":"|j|\u2606MurphyTheMut\n|j|\u2606waynecow46\n|t:|1701013397\n|gametype|doubles\n|player|p1|MurphyTheMut|roughneck-gen4|1376\n|player|p2|waynecow46|265|1492\n|teamsize|p1|6\n|teamsize|p2|6\n|gen|9\n|tier|[Gen 9] VGC 2023 Regulation E\n|rated|\n|rule|Species Clause: Limit one of each Pok\u00e9mon\n|rule|Item Clause: Limit one of each item\n|clearpoke\n|poke|p1|Ursaluna-Bloodmoon, L50, M|\n|poke|p1|Rillaboom, L50, F|\n|poke|p1|Dusclops, L50, M|\n|poke|p1|Kommo-o, L50, M|\n|poke|p1|Gyarados, L50, M|\n|poke|p1|Heatran, L50, F|\n|poke|p2|Armarouge, L50, M|\n|poke|p2|Indeedee-F, L50, F|\n|poke|p2|Urshifu-*, L50, F|\n|poke|p2|Flutter Mane, L50|\n|poke|p2|Iron Bundle, L50|\n|poke|p2|Ursaluna, L50, M|\n|teampreview|4\nwaynecow46 has agreed to open team sheets.\n|inactive|Battle timer is ON: inactive players will automatically lose when time's up. (requested by waynecow46)\n|inactive|MurphyTheMut has 60 seconds left.\n|inactive|waynecow46 has 60 seconds left.\n|inactive|MurphyTheMut has 30 seconds left.\n|inactive|waynecow46 has 30 seconds left.\n|inactive|waynecow46 has 20 seconds left.\n|inactive|waynecow46 has 15 seconds left.\n|\n|t:|1701013477\n|start\n|switch|p1a: Dusclops|Dusclops, L50, M|100\/100\n|switch|p1b: Rillaboom|Rillaboom, L50, F|100\/100\n|switch|p2a: Flutter Mane|Flutter Mane, L50|100\/100\n|switch|p2b: Urshifu|Urshifu, L50, F|100\/100\n|-fieldstart|move: Grassy Terrain|[from] ability: Grassy Surge|[of] p1b: Rillaboom\n|-ability|p1a: Dusclops|Pressure\n|turn|1\n|inactive|MurphyTheMut has 30 seconds left.\n|inactive|MurphyTheMut has 20 seconds left.\n|\n|t:|1701013512\n|move|p1b: Rillaboom|Fake Out|p2b: Urshifu\n|-damage|p2b: Urshifu|86\/100\n|cant|p2b: Urshifu|flinch\n|move|p2a: Flutter Mane|Moonblast|p1b: Rillaboom\n|-damage|p1b: Rillaboom|44\/100\n|-unboost|p1b: Rillaboom|spa|1\n|move|p1a: Dusclops|Trick Room|p1a: Dusclops\n|-fieldstart|move: Trick Room|[of] p1a: Dusclops\n|\n|-heal|p1b: Rillaboom|50\/100|[from] Grassy Terrain\n|-heal|p2b: Urshifu|92\/100|[from] Grassy Terrain\n|upkeep\n|turn|2\n|inactive|MurphyTheMut has 30 seconds left.\n|inactive|MurphyTheMut has 20 seconds left.\n|inactive|MurphyTheMut has 15 seconds left.\n|inactive|MurphyTheMut has 10 seconds left.\n|\n|t:|1701013558\n|switch|p1b: Ursaluna|Ursaluna-Bloodmoon, L50, M|100\/100\n|-end|p2a: Flutter Mane|Protosynthesis|[silent]\n|switch|p2a: Armarouge|Armarouge, L50, M|100\/100\n|switch|p2b: Indeedee|Indeedee-F, L50, F|100\/100\n|-fieldstart|move: Psychic Terrain|[from] ability: Psychic Surge|[of] p2b: Indeedee\n|move|p1a: Dusclops|Brick Break|p1b: Ursaluna\n|-supereffective|p1b: Ursaluna\n|-damage|p1b: Ursaluna|81\/100\n|-enditem|p1b: Ursaluna|Weakness Policy\n|-boost|p1b: Ursaluna|atk|2|[from] item: Weakness Policy\n|-boost|p1b: Ursaluna|spa|2|[from] item: Weakness Policy\n|\n|upkeep\n|turn|3\n|inactive|MurphyTheMut has 30 seconds left.\n|\n|t:|1701013589\n|switch|p1a: Rillaboom|Rillaboom, L50, F|50\/100\n|-fieldstart|move: Grassy Terrain|[from] ability: Grassy Surge|[of] p1a: Rillaboom\n|-terastallize|p1b: Ursaluna|Normal\n|move|p2a: Armarouge|Wide Guard|p2a: Armarouge\n|-singleturn|p2a: Armarouge|Wide Guard\n|move|p1b: Ursaluna|Hyper Voice|p2b: Indeedee|[spread] \n|-activate|p2a: Armarouge|move: Wide Guard\n|-activate|p2b: Indeedee|move: Wide Guard\n|move|p2b: Indeedee|Trick Room|p2b: Indeedee\n|-fieldend|move: Trick Room\n|\n|-heal|p1a: Rillaboom|56\/100|[from] Grassy Terrain\n|-heal|p1b: Ursaluna|87\/100|[from] Grassy Terrain\n|upkeep\n|turn|4\n|inactive|MurphyTheMut has 30 seconds left.\n|inactive|waynecow46 has 30 seconds left.\n|\n|t:|1701013618\n|switch|p2a: Flutter Mane|Flutter Mane, L50|100\/100\n|move|p1a: Rillaboom|Fake Out|p2b: Indeedee\n|-crit|p2b: Indeedee\n|-damage|p2b: Indeedee|78\/100\n|-damage|p1a: Rillaboom|39\/100|[from] item: Rocky Helmet|[of] p2b: Indeedee\n|cant|p2b: Indeedee|flinch\n|move|p1b: Ursaluna|Blood Moon|p2a: Flutter Mane\n|-damage|p2a: Flutter Mane|0 fnt\n|faint|p2a: Flutter Mane\n|-end|p2a: Flutter Mane|Protosynthesis|[silent]\n|\n|-heal|p2b: Indeedee|85\/100|[from] Grassy Terrain\n|-heal|p1a: Rillaboom|45\/100|[from] Grassy Terrain\n|-heal|p1b: Ursaluna|93\/100|[from] Grassy Terrain\n|upkeep\n|\n|t:|1701013633\n|switch|p2a: Urshifu|Urshifu, L50, F|92\/100\n|turn|5\n|inactive|MurphyTheMut has 30 seconds left.\n|inactive|MurphyTheMut has 20 seconds left.\n|\n|t:|1701013670\n|move|p2b: Indeedee|Helping Hand|p2a: Urshifu\n|-singleturn|p2a: Urshifu|Helping Hand|[of] p2b: Indeedee\n|move|p2a: Urshifu|Wicked Blow|p1b: Ursaluna\n|-crit|p1b: Ursaluna\n|-damage|p1b: Ursaluna|24\/100\n|move|p1a: Rillaboom|Knock Off|p2b: Indeedee\n|-supereffective|p2b: Indeedee\n|-damage|p2b: Indeedee|17\/100\n|-damage|p1a: Rillaboom|29\/100|[from] item: Rocky Helmet|[of] p2b: Indeedee\n|-enditem|p2b: Indeedee|Rocky Helmet|[from] move: Knock Off|[of] p1a: Rillaboom\n|move|p1b: Ursaluna|Hyper Voice|p2b: Indeedee|[spread] p2a,p2b\n|-damage|p2a: Urshifu|0 fnt\n|-damage|p2b: Indeedee|0 fnt\n|faint|p2a: Urshifu\n|faint|p2b: Indeedee\n|\n|-heal|p1a: Rillaboom|34\/100|[from] Grassy Terrain\n|-heal|p1b: Ursaluna|30\/100|[from] Grassy Terrain\n|upkeep\n|-message|waynecow46 forfeited.\n|\n|win|MurphyTheMut\n|raw|MurphyTheMut's rating: 1376 &rarr; <strong>1402<\/strong><br \/>(+26 for winning)\n|raw|waynecow46's rating: 1492 &rarr; <strong>1466<\/strong><br \/>(-26 for losing)\n|l|\u2606waynecow46\n|c|\u2606MurphyTheMut|gg\n","uploadtime":1701013810,"views":16,"p1id":"murphythemut","p2id":"waynecow46","formatid":"gen9vgc2023regulatione","rating":1402,"private":0,"password":""}