{"id":"gen9vgc2023regulatione-1995147367","p1":"liljointadventures","p2":"messi-05","format":"[Gen 9] VGC 2023 Regulation E","log":"|j|\u2606liljointadventures\n|j|\u2606messi-05\n|t:|1700527855\n|gametype|doubles\n|player|p1|liljointadventures|101|1263\n|player|p2|messi-05|266|1237\n|teamsize|p1|6\n|teamsize|p2|6\n|gen|9\n|tier|[Gen 9] VGC 2023 Regulation E\n|rated|\n|rule|Species Clause: Limit one of each Pok\u00e9mon\n|rule|Item Clause: Limit one of each item\n|clearpoke\n|poke|p1|Tyranitar, L50, M|\n|poke|p1|Iron Hands, L50|\n|poke|p1|Salamence, L50, F|\n|poke|p1|Empoleon, L50, F|\n|poke|p1|Grimmsnarl, L50, M|\n|poke|p1|Armarouge, L50, F|\n|poke|p2|Ogerpon-Hearthflame, L50, F|\n|poke|p2|Urshifu-*, L50, F|\n|poke|p2|Tornadus, L50, M|\n|poke|p2|Landorus-Therian, L50, M|\n|poke|p2|Flutter Mane, L50|\n|poke|p2|Kingambit, L50, M|\n|teampreview|4\n|inactive|Battle timer is ON: inactive players will automatically lose when time's up. (requested by messi-05)\n|inactive|liljointadventures has 60 seconds left.\n|inactive|messi-05 has 60 seconds left.\n|inactive|liljointadventures has 30 seconds left.\nmessi-05 rejected open team sheets.\n|inactive|liljointadventures has 20 seconds left.\n|inactive|liljointadventures has 15 seconds left.\n|inactive|liljointadventures has 10 seconds left.\n|\n|t:|1700527939\n|start\n|switch|p1a: Empoleon|Empoleon, L50, F|100\/100\n|switch|p1b: Grimmsnarl|Grimmsnarl, L50, M|100\/100\n|switch|p2a: Tornadus|Tornadus, L50, M|100\/100\n|switch|p2b: Landorus|Landorus-Therian, L50, M|100\/100\n|-ability|p2b: Landorus|Intimidate|boost\n|-unboost|p1a: Empoleon|atk|1\n|-ability|p1a: Empoleon|Competitive|boost\n|-boost|p1a: Empoleon|spa|2\n|-unboost|p1b: Grimmsnarl|atk|1\n|turn|1\n|inactive|liljointadventures has 30 seconds left.\n|inactive|messi-05 has 30 seconds left.\n|inactive|liljointadventures has 20 seconds left.\n|inactive|messi-05 has 20 seconds left.\n|\n|t:|1700527978\n|-terastallize|p2b: Landorus|Flying\n|move|p2a: Tornadus|Tailwind|p2a: Tornadus\n|-sidestart|p2: messi-05|move: Tailwind\n|move|p1b: Grimmsnarl|Reflect|p1b: Grimmsnarl\n|-sidestart|p1: liljointadventures|Reflect\n|move|p2b: Landorus|Stomping Tantrum|p1a: Empoleon\n|-supereffective|p1a: Empoleon\n|-damage|p1a: Empoleon|43\/100\n|move|p1a: Empoleon|Hydro Pump|p2b: Landorus\n|-crit|p2b: Landorus\n|-damage|p2b: Landorus|0 fnt\n|faint|p2b: Landorus\n|\n|upkeep\n|\n|t:|1700527990\n|switch|p2b: Urshifu|Urshifu-Rapid-Strike, L50, F|100\/100\n|turn|2\n|inactive|liljointadventures has 30 seconds left.\n|\n|t:|1700528015\n|switch|p1a: Iron Hands|Iron Hands, L50|100\/100\n|move|p2a: Tornadus|Bleakwind Storm|p1a: Iron Hands|[spread] p1a,p1b\n|-crit|p1a: Iron Hands\n|-damage|p1a: Iron Hands|72\/100\n|-damage|p1b: Grimmsnarl|68\/100\n|-unboost|p1b: Grimmsnarl|spe|1\n|move|p2b: Urshifu|Surging Strikes|p1a: Iron Hands\n|-crit|p1a: Iron Hands\n|-damage|p1a: Iron Hands|57\/100\n|-crit|p1a: Iron Hands\n|-damage|p1a: Iron Hands|42\/100\n|-crit|p1a: Iron Hands\n|-damage|p1a: Iron Hands|26\/100\n|-hitcount|p1a: Iron Hands|3\n|move|p1b: Grimmsnarl|Spirit Break|p2b: Urshifu\n|-supereffective|p2b: Urshifu\n|-damage|p2b: Urshifu|58\/100\n|-unboost|p2b: Urshifu|spa|1\n|\n|upkeep\n|turn|3\n|inactive|liljointadventures has 30 seconds left.\n|inactive|messi-05 has 30 seconds left.\n|inactive|liljointadventures has 20 seconds left.\n|\n|t:|1700528051\n|move|p2a: Tornadus|Bleakwind Storm|p1b: Grimmsnarl|[spread] p1a,p1b\n|-damage|p1a: Iron Hands|8\/100\n|-damage|p1b: Grimmsnarl|38\/100\n|-unboost|p1a: Iron Hands|spe|1\n|move|p2b: Urshifu|Surging Strikes|p1b: Grimmsnarl\n|-crit|p1b: Grimmsnarl\n|-damage|p1b: Grimmsnarl|12\/100\n|-crit|p1b: Grimmsnarl\n|-damage|p1b: Grimmsnarl|0 fnt\n|faint|p1b: Grimmsnarl\n|-hitcount|p1: Grimmsnarl|2\n|move|p1a: Iron Hands|Wild Charge|p2b: Urshifu\n|-supereffective|p2b: Urshifu\n|-damage|p2b: Urshifu|0 fnt\n|faint|p2b: Urshifu\n|-damage|p1a: Iron Hands|0 fnt|[from] Recoil\n|faint|p1a: Iron Hands\n|-end|p1a: Iron Hands|Quark Drive|[silent]\n|\n|upkeep\n|\n|t:|1700528069\n|switch|p2b: Flutter Mane|Flutter Mane, L50|100\/100\n|switch|p1b: Empoleon|Empoleon, L50, F|43\/100\n|switch|p1a: Tyranitar|Tyranitar, L50, M|100\/100\n|-weather|Sandstorm|[from] ability: Sand Stream|[of] p1a: Tyranitar\n|turn|4\n|\n|t:|1700528091\n|-terastallize|p1b: Empoleon|Fire\n|move|p2b: Flutter Mane|Dazzling Gleam|p1b: Empoleon|[spread] p1a,p1b\n|-supereffective|p1a: Tyranitar\n|-resisted|p1b: Empoleon\n|-damage|p1a: Tyranitar|53\/100\n|-damage|p1b: Empoleon|22\/100\n|-enditem|p1a: Tyranitar|Weakness Policy\n|-boost|p1a: Tyranitar|atk|2|[from] item: Weakness Policy\n|-boost|p1a: Tyranitar|spa|2|[from] item: Weakness Policy\n|-enditem|p1b: Empoleon|Iapapa Berry|[eat]\n|-heal|p1b: Empoleon|55\/100|[from] item: Iapapa Berry\n|move|p2a: Tornadus|Bleakwind Storm|p1b: Empoleon|[spread] p1a\n|-miss|p2a: Tornadus|p1b: Empoleon\n|-resisted|p1a: Tyranitar\n|-damage|p1a: Tyranitar|44\/100\n|move|p1a: Tyranitar|Rock Slide|p2b: Flutter Mane|[spread] p2a\n|-miss|p1a: Tyranitar|p2b: Flutter Mane\n|-supereffective|p2a: Tornadus\n|-damage|p2a: Tornadus|0 fnt\n|faint|p2a: Tornadus\n|move|p1b: Empoleon|Flash Cannon|p2b: Flutter Mane\n|-supereffective|p2b: Flutter Mane\n|-damage|p2b: Flutter Mane|20\/100\n|-unboost|p2b: Flutter Mane|spd|1\n|\n|-weather|Sandstorm|[upkeep]\n|-damage|p2b: Flutter Mane|14\/100|[from] Sandstorm\n|-damage|p1b: Empoleon|49\/100|[from] Sandstorm\n|-sideend|p2: messi-05|move: Tailwind\n|upkeep\n|turn|5\n|-message|messi-05 forfeited.\n|\n|win|liljointadventures\n|raw|liljointadventures's rating: 1263 &rarr; <strong>1286<\/strong><br \/>(+23 for winning)\n|raw|messi-05's rating: 1237 &rarr; <strong>1214<\/strong><br \/>(-23 for losing)\n|l|\u2606messi-05\n","uploadtime":1700528221,"views":5,"p1id":"liljointadventures","p2id":"messi05","formatid":"gen9vgc2023regulatione","rating":1214,"private":0,"password":""}