{"id":"gen9vgc2023regulatione-1996468141","p1":"FuriouzGold","p2":"Neb5","format":"[Gen 9] VGC 2023 Regulation E","log":"|j|\u2606FuriouzGold\n|j|\u2606Neb5\n|n|\u2606FuriouzGold|furiouzgold\n|n|\u2606Neb5|neb5\n|html|View the match progress at <a href=\"\/game-bestof3-gen9vgc2023regulatione-1996468140\">game-bestof3-gen9vgc2023regulatione-1996468140<\/a>\n|t:|1700684924\n|gametype|doubles\n|player|p1|FuriouzGold|nemona-s|\n|player|p2|Neb5|170|\n|teamsize|p1|6\n|teamsize|p2|6\n|gen|9\n|tier|[Gen 9] VGC 2023 Regulation E\n|rule|Species Clause: Limit one of each Pok\u00e9mon\n|rule|Item Clause: Limit one of each item\n|clearpoke\n|poke|p1|Kommo-o, L50, F|\n|poke|p1|Clefairy, L50, M|\n|poke|p1|Sinistcha, L50|\n|poke|p1|Tauros-Paldea-Aqua, L50, M|\n|poke|p1|Lucario, L50, M|\n|poke|p1|Charizard, L50, F|\n|poke|p2|Thundurus-Therian, L50, M|\n|poke|p2|Illumise, L50, F|\n|poke|p2|Greninja-*, L50, M|\n|poke|p2|Mismagius, L50, M|\n|poke|p2|Urshifu-*, L50, M|\n|poke|p2|Gardevoir, L50, M|\n|teampreview|4\n|inactive|Battle timer is ON: inactive players will automatically lose when time's up. (requested by FuriouzGold)\n|inactiveoff|Battle timer is now OFF.\n|c|\u2606Neb5|g1\n|c|\u2606Neb5|glhf\n|c|\u2606FuriouzGold|u2\n|c|\u2606Neb5|posted my paste\n|c|\u2606FuriouzGold|sam ehere\n|\n|t:|1700685014\n|start\n|switch|p1a: Kommo-o|Kommo-o, L50, F|100\/100\n|switch|p1b: Clefairy|Clefairy, L50, M|100\/100\n|switch|p2a: Illumise|Illumise, L50, F, shiny|100\/100\n|switch|p2b: Gardevoir|Gardevoir, L50, M, shiny|100\/100\n|turn|1\n|\n|t:|1700685047\n|-terastallize|p1a: Kommo-o|Fairy\n|move|p1b: Clefairy|Follow Me|p1b: Clefairy\n|-singleturn|p1b: Clefairy|move: Follow Me\n|move|p2a: Illumise|Thunder Wave|p1b: Clefairy|[miss]\n|-miss|p2a: Illumise|p1b: Clefairy\n|move|p1a: Kommo-o|Clangorous Soul|p1a: Kommo-o\n|-boost|p1a: Kommo-o|atk|1\n|-boost|p1a: Kommo-o|def|1\n|-boost|p1a: Kommo-o|spa|1\n|-boost|p1a: Kommo-o|spd|1\n|-boost|p1a: Kommo-o|spe|1\n|-damage|p1a: Kommo-o|68\/100\n|-enditem|p1a: Kommo-o|Throat Spray\n|-boost|p1a: Kommo-o|spa|1|[from] item: Throat Spray\n|move|p2b: Gardevoir|Icy Wind|p1a: Kommo-o|[spread] p1a,p1b\n|-damage|p1a: Kommo-o|60\/100\n|-damage|p1b: Clefairy|90\/100\n|-unboost|p1a: Kommo-o|spe|1\n|-unboost|p1b: Clefairy|spe|1\n|\n|upkeep\n|turn|2\n|\n|t:|1700685111\n|switch|p1b: Sinistcha|Sinistcha, L50|100\/100\n|-heal|p1a: Kommo-o|85\/100|[from] ability: Hospitality|[of] p1b: Sinistcha\n|move|p2b: Gardevoir|Protect|p2b: Gardevoir\n|-singleturn|p2b: Gardevoir|Protect\n|move|p2a: Illumise|Encore|p1a: Kommo-o\n|-start|p1a: Kommo-o|Encore\n|move|p1a: Kommo-o|Clangorous Soul|p1a: Kommo-o\n|-boost|p1a: Kommo-o|atk|1\n|-boost|p1a: Kommo-o|def|1\n|-boost|p1a: Kommo-o|spa|1\n|-boost|p1a: Kommo-o|spd|1\n|-boost|p1a: Kommo-o|spe|1\n|-damage|p1a: Kommo-o|52\/100\n|\n|upkeep\n|turn|3\n|\n|t:|1700685155\n|switch|p1b: Clefairy|Clefairy, L50, M|90\/100\n|move|p2a: Illumise|Thunder Wave|p1a: Kommo-o\n|-status|p1a: Kommo-o|par\n|move|p2b: Gardevoir|Icy Wind|p1a: Kommo-o|[spread] p1a,p1b\n|-damage|p1a: Kommo-o|46\/100 par\n|-damage|p1b: Clefairy|80\/100\n|-unboost|p1a: Kommo-o|spe|1\n|-unboost|p1b: Clefairy|spe|1\n|move|p1a: Kommo-o|Clangorous Soul|p1a: Kommo-o\n|-boost|p1a: Kommo-o|atk|1\n|-boost|p1a: Kommo-o|def|1\n|-boost|p1a: Kommo-o|spa|1\n|-boost|p1a: Kommo-o|spd|1\n|-boost|p1a: Kommo-o|spe|1\n|-damage|p1a: Kommo-o|13\/100 par\n|\n|upkeep\n|turn|4\n|\n|t:|1700685206\n|switch|p1b: Sinistcha|Sinistcha, L50|100\/100\n|-heal|p1a: Kommo-o|38\/100 par|[from] ability: Hospitality|[of] p1b: Sinistcha\n|move|p2a: Illumise|Rain Dance|p2a: Illumise\n|-weather|RainDance\n|move|p2b: Gardevoir|Icy Wind|p1a: Kommo-o|[spread] p1a,p1b\n|-supereffective|p1b: Sinistcha\n|-damage|p1a: Kommo-o|32\/100 par\n|-damage|p1b: Sinistcha|76\/100\n|-unboost|p1a: Kommo-o|spe|1\n|-unboost|p1b: Sinistcha|spe|1\n|move|p1a: Kommo-o|Clangorous Soul||[still]\n|-fail|p1a: Kommo-o\n|\n|-weather|RainDance|[upkeep]\n|-end|p1a: Kommo-o|Encore\n|upkeep\n|turn|5\n|\n|t:|1700685221\n|move|p1a: Kommo-o|Protect|p1a: Kommo-o\n|-singleturn|p1a: Kommo-o|Protect\n|move|p2a: Illumise|Encore|p1a: Kommo-o\n|-activate|p1a: Kommo-o|move: Protect\n|move|p2b: Gardevoir|Icy Wind|p1b: Sinistcha|[spread] p1b\n|-activate|p1a: Kommo-o|move: Protect\n|-supereffective|p1b: Sinistcha\n|-damage|p1b: Sinistcha|49\/100\n|-unboost|p1b: Sinistcha|spe|1\n|move|p1b: Sinistcha|Trick Room|p1b: Sinistcha\n|-fieldstart|move: Trick Room|[of] p1b: Sinistcha\n|\n|-weather|RainDance|[upkeep]\n|upkeep\n|turn|6\n|\n|t:|1700685250\n|move|p1b: Sinistcha|Rage Powder|p1b: Sinistcha\n|-singleturn|p1b: Sinistcha|move: Rage Powder\n|move|p2a: Illumise|Encore|p1b: Sinistcha\n|-start|p1b: Sinistcha|Encore\n|-enditem|p1b: Sinistcha|Mental Herb\n|-end|p1b: Sinistcha|Encore\n|move|p1a: Kommo-o|Tera Blast|p2b: Gardevoir|[anim] Tera Blast Fairy\n|-damage|p2b: Gardevoir|0 fnt\n|faint|p2b: Gardevoir\n|\n|-weather|RainDance|[upkeep]\n|upkeep\n|\n|t:|1700685275\n|switch|p2b: Thundurus|Thundurus-Therian, L50, M|100\/100\n|turn|7\n|\n|t:|1700685287\n|move|p1b: Sinistcha|Rage Powder|p1b: Sinistcha\n|-singleturn|p1b: Sinistcha|move: Rage Powder\n|move|p2a: Illumise|Fake Tears|p1b: Sinistcha\n|-unboost|p1b: Sinistcha|spd|2\n|move|p1a: Kommo-o|Clanging Scales|p2b: Thundurus|[spread] p2a,p2b\n|-damage|p2a: Illumise|0 fnt\n|-damage|p2b: Thundurus|0 fnt\n|faint|p2a: Illumise\n|faint|p2b: Thundurus\n|-unboost|p1a: Kommo-o|def|1\n|\n|-weather|RainDance|[upkeep]\n|upkeep\n|\n|t:|1700685293\n|switch|p2b: Urshifu|Urshifu-Rapid-Strike, L50, M|100\/100\n|turn|8\n|c|\u2606Neb5|rip\n|\n|t:|1700685311\n|move|p2b: Urshifu|Protect|p2b: Urshifu\n|-singleturn|p2b: Urshifu|Protect\n|move|p1b: Sinistcha|Rage Powder|p1b: Sinistcha\n|-singleturn|p1b: Sinistcha|move: Rage Powder\n|move|p1a: Kommo-o|Tera Blast|p2b: Urshifu|[anim] Tera Blast Fairy\n|-activate|p2b: Urshifu|move: Protect\n|\n|-weather|RainDance|[upkeep]\n|upkeep\n|turn|9\n|c|\u2606Neb5|didint see TR go up\n|\n|t:|1700685320\n|-terastallize|p2b: Urshifu|Water\n|move|p1b: Sinistcha|Rage Powder|p1b: Sinistcha\n|-singleturn|p1b: Sinistcha|move: Rage Powder\n|move|p1a: Kommo-o|Tera Blast|p2b: Urshifu|[anim] Tera Blast Fairy\n|-damage|p2b: Urshifu|0 fnt\n|faint|p2b: Urshifu\n|\n|win|FuriouzGold\n|c|&|\/uhtml prompt-neb5,Neb5 is ready for game 2!\n|c|\u2606Neb5|gg\n|c|\u2606FuriouzGold|damn\n|c|\u2606FuriouzGold|gg\n|c|&|\/uhtml prompt-furiouzgold,FuriouzGold is ready for game 2!\nBoth players are ready! Starting next match!\n","uploadtime":1700685943,"views":4,"p1id":"furiouzgold","p2id":"neb5","formatid":"gen9vgc2023regulatione","rating":0,"private":0,"password":""}