{"id":"gen9vgc2023regulatione-1994096342","p1":"90-Year-Old","p2":"Mushyyyy","format":"[Gen 9] VGC 2023 Regulation E","log":"|j|\u260690-Year-Old\n|j|\u2606Mushyyyy\n|t:|1700406342\n|gametype|doubles\n|player|p1|90-Year-Old|acetrainerf-gen6|1553\n|player|p2|Mushyyyy|battlegirl-gen4|1564\n|teamsize|p1|6\n|teamsize|p2|6\n|gen|9\n|tier|[Gen 9] VGC 2023 Regulation E\n|rated|\n|rule|Species Clause: Limit one of each Pok\u00e9mon\n|rule|Item Clause: Limit one of each item\n|clearpoke\n|poke|p1|Tornadus, L50, M|\n|poke|p1|Urshifu-*, L50, F|\n|poke|p1|Gholdengo, L50|\n|poke|p1|Maushold-Four, L50|\n|poke|p1|Cresselia, L50, F|\n|poke|p1|Ursaluna, L50, F|\n|poke|p2|Hydreigon, L50, F|\n|poke|p2|Gholdengo, L50|\n|poke|p2|Ninetales-Alola, L50, F|\n|poke|p2|Iron Hands, L50|\n|poke|p2|Amoonguss, L50, M|\n|poke|p2|Arcanine-Hisui, L50, F|\n|teampreview|4\n|inactive|Battle timer is ON: inactive players will automatically lose when time's up. (requested by Mushyyyy)\n|inactive|90-Year-Old also wants the timer to be on.\n|inactive|90-Year-Old has 60 seconds left.\n|inactive|Mushyyyy has 60 seconds left.\n|j| El Gringo 10.000\n|\n|t:|1700406391\n|start\n|switch|p1a: Magnetman|Gholdengo, L50|100\/100\n|switch|p1b: Ursaluna|Ursaluna, L50, F|100\/100\n|switch|p2a: Hydreigon|Hydreigon, L50, F|100\/100\n|switch|p2b: Gholdengo|Gholdengo, L50|100\/100\n|turn|1\n|inactive|Mushyyyy has 30 seconds left.\n|\n|t:|1700406420\n|-terastallize|p1a: Magnetman|Steel\n|move|p2b: Gholdengo|Protect|p2b: Gholdengo\n|-singleturn|p2b: Gholdengo|Protect\n|move|p1b: Ursaluna|Protect|p1b: Ursaluna\n|-singleturn|p1b: Ursaluna|Protect\n|move|p2a: Hydreigon|Draco Meteor|p1b: Ursaluna\n|-activate|p1b: Ursaluna|move: Protect\n|move|p1a: Magnetman|Make It Rain|p2a: Hydreigon|[spread] p2a\n|-activate|p2b: Gholdengo|move: Protect\n|-damage|p2a: Hydreigon|0 fnt\n|-unboost|p1a: Magnetman|spa|1\n|faint|p2a: Hydreigon\n|\n|-status|p1b: Ursaluna|brn|[from] item: Flame Orb\n|upkeep\n|\n|t:|1700406433\n|switch|p2a: Iron Hands|Iron Hands, L50|100\/100\n|turn|2\n|\n|t:|1700406452\n|switch|p1a: Tornadus|Tornadus, L50, M|100\/100\n|move|p2a: Iron Hands|Fake Out|p1b: Ursaluna\n|-damage|p1b: Ursaluna|90\/100 brn\n|move|p2b: Gholdengo|Nasty Plot|p2b: Gholdengo\n|-boost|p2b: Gholdengo|spa|2\n|cant|p1b: Ursaluna|flinch\n|\n|-damage|p1b: Ursaluna|84\/100 brn|[from] brn\n|upkeep\n|turn|3\n|\n|t:|1700406474\n|move|p2b: Gholdengo|Protect|p2b: Gholdengo\n|-singleturn|p2b: Gholdengo|Protect\n|move|p1a: Tornadus|Tailwind|p1a: Tornadus\n|-sidestart|p1: 90-Year-Old|move: Tailwind\n|move|p1b: Ursaluna|Earthquake|p2a: Iron Hands|[spread] p2a\n|-activate|p2b: Gholdengo|move: Protect\n|-immune|p1a: Tornadus\n|-supereffective|p2a: Iron Hands\n|-damage|p2a: Iron Hands|34\/100\n|move|p2a: Iron Hands|Wild Charge|p1a: Tornadus\n|-supereffective|p1a: Tornadus\n|-damage|p1a: Tornadus|0 fnt\n|faint|p1a: Tornadus\n|-damage|p2a: Iron Hands|16\/100|[from] Recoil\n|\n|-damage|p1b: Ursaluna|78\/100 brn|[from] brn\n|upkeep\n|j| hdwyszrj\n|\n|t:|1700406488\n|switch|p1a: Urshifu|Urshifu, L50, F|100\/100\n|turn|4\n|l| hdwyszrj\n|\n|t:|1700406497\n|-end|p2a: Iron Hands|Quark Drive|[silent]\n|switch|p2a: Amoonguss|Amoonguss, L50, M|100\/100\n|-terastallize|p2b: Gholdengo|Dragon\n|move|p1a: Urshifu|Protect|p1a: Urshifu\n|-singleturn|p1a: Urshifu|Protect\n|move|p1b: Ursaluna|Earthquake|p2a: Amoonguss|[spread] p2a,p2b\n|-activate|p1a: Urshifu|move: Protect\n|-crit|p2a: Amoonguss\n|-damage|p2a: Amoonguss|31\/100\n|-damage|p2b: Gholdengo|57\/100\n|-enditem|p2a: Amoonguss|Sitrus Berry|[eat]\n|-heal|p2a: Amoonguss|56\/100|[from] item: Sitrus Berry\n|move|p2b: Gholdengo|Make It Rain|p1b: Ursaluna|[spread] p1b\n|-activate|p1a: Urshifu|move: Protect\n|-damage|p1b: Ursaluna|0 fnt\n|-unboost|p2b: Gholdengo|spa|1\n|faint|p1b: Ursaluna\n|\n|-heal|p2b: Gholdengo|63\/100|[from] item: Leftovers\n|upkeep\n|\n|t:|1700406505\n|switch|p1b: Magnetman|Gholdengo, L50, tera:Steel|100\/100\n|turn|5\n|inactive|Mushyyyy has 30 seconds left.\n|\n|t:|1700406531\n|switch|p2b: Iron Hands|Iron Hands, L50|16\/100\n|move|p2a: Amoonguss|Protect|p2a: Amoonguss\n|-singleturn|p2a: Amoonguss|Protect\n|move|p1a: Urshifu|Wicked Blow|p2b: Iron Hands\n|-resisted|p2b: Iron Hands\n|-crit|p2b: Iron Hands\n|-damage|p2b: Iron Hands|0 fnt\n|faint|p2b: Iron Hands\n|-end|p2b: Iron Hands|Quark Drive|[silent]\n|move|p1b: Magnetman|Make It Rain|p2a: Amoonguss\n|-activate|p2a: Amoonguss|move: Protect\n|\n|upkeep\n|\n|t:|1700406541\n|switch|p2b: Gholdengo|Gholdengo, L50, tera:Dragon|63\/100\n|turn|6\n|-message|Mushyyyy forfeited.\n|\n|win|90-Year-Old\n|raw|90-Year-Old's rating: 1553 &rarr; <strong>1574<\/strong><br \/>(+21 for winning)\n|raw|Mushyyyy's rating: 1564 &rarr; <strong>1543<\/strong><br \/>(-21 for losing)\n|l|\u2606Mushyyyy\n","uploadtime":1700406548,"views":6,"p1id":"90yearold","p2id":"mushyyyy","formatid":"gen9vgc2023regulatione","rating":1543,"private":0,"password":""}