{"id":"gen9vgc2023regulatione-1990025184","p1":"FuriouzGold","p2":"sleepzey","format":"[Gen 9] VGC 2023 Regulation E","log":"|j|\u2606FuriouzGold\n|j|\u2606sleepzey\n|n|\u2606FuriouzGold|furiouzgold\n|n|\u2606sleepzey|sleepzey\n|html|View the match progress at <a href=\"\/game-bestof3-gen9vgc2023regulatione-1990025183\">game-bestof3-gen9vgc2023regulatione-1990025183<\/a>\n|t:|1699916575\n|gametype|doubles\n|player|p1|FuriouzGold|nemona-s|\n|player|p2|sleepzey|265|\n|teamsize|p1|6\n|teamsize|p2|6\n|gen|9\n|tier|[Gen 9] VGC 2023 Regulation E\n|rule|Species Clause: Limit one of each Pok\u00e9mon\n|rule|Item Clause: Limit one of each item\n|clearpoke\n|poke|p1|Kommo-o, L50, M|\n|poke|p1|Clefairy, L50, M|\n|poke|p1|Sinistcha, L50|\n|poke|p1|Tauros-Paldea-Aqua, L50, M|\n|poke|p1|Lucario, L50, M|\n|poke|p1|Charizard, L50, M|\n|poke|p2|Chi-Yu, L50|\n|poke|p2|Gholdengo, L50|\n|poke|p2|Gliscor, L50, M|\n|poke|p2|Maushold, L50|\n|poke|p2|Meowscarada, L50, F|\n|poke|p2|Lycanroc-Midnight, L50, F|\n|teampreview|4\n|inactive|Battle timer is ON: inactive players will automatically lose when time's up. (requested by FuriouzGold)\n|inactiveoff|Battle timer is now OFF.\n|j| RucolaLuca\n|c|\u2606FuriouzGold|I hope you don't mind a friend of mine spectating\n|c|\u2606FuriouzGold|G1\n|c|\u2606sleepzey|no problem\n|c|\u2606sleepzey|also dont mind battle timer being on.\n|\n|t:|1699916716\n|start\n|switch|p1a: Kommo-o|Kommo-o, L50, M|100\/100\n|switch|p1b: Clefairy|Clefairy, L50, M|100\/100\n|switch|p2a: Gliscor|Gliscor, L50, M|100\/100\n|switch|p2b: Gholdengo|Gholdengo, L50, shiny|100\/100\n|turn|1\n|c|\u2606FuriouzGold|glhf!\n|j| AeroFlames\n|\n|t:|1699916753\n|move|p1b: Clefairy|Follow Me|p1b: Clefairy\n|-singleturn|p1b: Clefairy|move: Follow Me\n|move|p2a: Gliscor|Tailwind|p2a: Gliscor\n|-sidestart|p2: sleepzey|move: Tailwind\n|move|p2b: Gholdengo|Nasty Plot|p2b: Gholdengo\n|-boost|p2b: Gholdengo|spa|2\n|move|p1a: Kommo-o|Clangorous Soul|p1a: Kommo-o\n|-boost|p1a: Kommo-o|atk|1\n|-boost|p1a: Kommo-o|def|1\n|-boost|p1a: Kommo-o|spa|1\n|-boost|p1a: Kommo-o|spd|1\n|-boost|p1a: Kommo-o|spe|1\n|-damage|p1a: Kommo-o|68\/100\n|-enditem|p1a: Kommo-o|Throat Spray\n|-boost|p1a: Kommo-o|spa|1|[from] item: Throat Spray\n|\n|-status|p2a: Gliscor|tox|[from] item: Toxic Orb\n|upkeep\n|turn|2\n|\n|t:|1699916783\n|-terastallize|p1a: Kommo-o|Steel\n|move|p1b: Clefairy|Helping Hand|p1a: Kommo-o\n|-singleturn|p1a: Kommo-o|Helping Hand|[of] p1b: Clefairy\n|move|p2a: Gliscor|High Horsepower|p1a: Kommo-o\n|-supereffective|p1a: Kommo-o\n|-damage|p1a: Kommo-o|36\/100\n|move|p2b: Gholdengo|Make It Rain|p1b: Clefairy|[spread] p1a,p1b\n|-resisted|p1a: Kommo-o\n|-supereffective|p1b: Clefairy\n|-damage|p1a: Kommo-o|12\/100\n|-damage|p1b: Clefairy|0 fnt\n|-unboost|p2b: Gholdengo|spa|1\n|faint|p1b: Clefairy\n|move|p1a: Kommo-o|Clanging Scales|p2b: Gholdengo|[spread] p2a,p2b\n|-resisted|p2b: Gholdengo\n|-damage|p2a: Gliscor|0 fnt\n|-damage|p2b: Gholdengo|39\/100\n|faint|p2a: Gliscor\n|-unboost|p1a: Kommo-o|def|1\n|\n|-heal|p2b: Gholdengo|46\/100|[from] item: Leftovers\n|upkeep\n|c|\u2606sleepzey|glhf!\n|\n|t:|1699916823\n|switch|p2a: Chi-Yu|Chi-Yu, L50|100\/100\n|switch|p1b: Sinistcha|Sinistcha, L50|100\/100\n|-ability|p2a: Chi-Yu|Beads of Ruin\n|-heal|p1a: Kommo-o|37\/100|[from] ability: Hospitality|[of] p1b: Sinistcha\n|turn|3\n|\n|t:|1699916857\n|move|p1a: Kommo-o|Protect|p1a: Kommo-o\n|-singleturn|p1a: Kommo-o|Protect\n|move|p2a: Chi-Yu|Heat Wave|p1a: Kommo-o|[spread] p1b\n|-activate|p1a: Kommo-o|move: Protect\n|-supereffective|p1b: Sinistcha\n|-crit|p1b: Sinistcha\n|-damage|p1b: Sinistcha|0 fnt\n|faint|p1b: Sinistcha\n|move|p2b: Gholdengo|Nasty Plot|p2b: Gholdengo\n|-boost|p2b: Gholdengo|spa|2\n|\n|-heal|p2b: Gholdengo|52\/100|[from] item: Leftovers\n|upkeep\n|\n|t:|1699916868\n|switch|p1b: Tauros|Tauros-Paldea-Aqua, L50, M|100\/100\n|-ability|p1b: Tauros|Intimidate|boost\n|-unboost|p2a: Chi-Yu|atk|1\n|-unboost|p2b: Gholdengo|atk|1\n|turn|4\n|\n|t:|1699916914\n|switch|p2a: Lycanroc|Lycanroc-Midnight, L50, F, shiny|100\/100\n|move|p2b: Gholdengo|Protect|p2b: Gholdengo\n|-singleturn|p2b: Gholdengo|Protect\n|move|p1a: Kommo-o|Protect||[still]\n|-fail|p1a: Kommo-o\n|move|p1b: Tauros|Close Combat|p2a: Lycanroc\n|-supereffective|p2a: Lycanroc\n|-damage|p2a: Lycanroc|0 fnt\n|-unboost|p1b: Tauros|def|1\n|-unboost|p1b: Tauros|spd|1\n|faint|p2a: Lycanroc\n|\n|-heal|p2b: Gholdengo|58\/100|[from] item: Leftovers\n|-sideend|p2: sleepzey|move: Tailwind\n|upkeep\n|\n|t:|1699916930\n|switch|p2a: Chi-Yu|Chi-Yu, L50|100\/100\n|-ability|p2a: Chi-Yu|Beads of Ruin\n|turn|5\n|\n|t:|1699916950\n|-terastallize|p2a: Chi-Yu|Fairy\n|move|p1b: Tauros|Close Combat|p2a: Chi-Yu\n|-resisted|p2a: Chi-Yu\n|-damage|p2a: Chi-Yu|50\/100\n|-unboost|p1b: Tauros|def|1\n|-unboost|p1b: Tauros|spd|1\n|move|p1a: Kommo-o|Clanging Scales|p2a: Chi-Yu|[spread] p2b\n|-immune|p2a: Chi-Yu\n|-resisted|p2b: Gholdengo\n|-damage|p2b: Gholdengo|4\/100\n|-unboost|p1a: Kommo-o|def|1\n|move|p2a: Chi-Yu|Tera Blast|p1b: Tauros|[anim] Tera Blast Fairy\n|-supereffective|p1b: Tauros\n|-crit|p1b: Tauros\n|-damage|p1b: Tauros|0 fnt\n|faint|p1b: Tauros\n|move|p2b: Gholdengo|Make It Rain|p1a: Kommo-o\n|-resisted|p1a: Kommo-o\n|-damage|p1a: Kommo-o|0 fnt\n|-unboost|p2b: Gholdengo|spa|1\n|faint|p1a: Kommo-o\n|\n|win|sleepzey\n|inactive|FuriouzGold has 50 seconds to confirm battle start!\n|inactive|sleepzey has 50 seconds to confirm battle start!\n|c|&|\/uhtml prompt-furiouzgold,FuriouzGold is ready for game 2!\n|inactive|sleepzey has 40 seconds to confirm battle start!\n|c|\u2606FuriouzGold|gg\n|inactive|sleepzey has 30 seconds to confirm battle start!\n|c|\u2606sleepzey|gg wow\n|c|\u2606sleepzey|how to confirm\n|inactive|sleepzey has 20 seconds to confirm battle start!\n|inactive|sleepzey has 10 seconds to confirm battle start!\n|l|\u2606sleepzey\n|c| AeroFlames|click next battle\n|j|\u2606sleepzey\n|player|p2|sleepzey|265\nBoth players are ready! Starting next match!\n|l| RucolaLuca\n|j| RucolaLuca\n|l| RucolaLuca\n|l|\u2606sleepzey\n|player|p2|\n|l|\u2606FuriouzGold\n|j|\u2606FuriouzGold\n|player|p1|FuriouzGold|nemona-s\n","uploadtime":1699917268,"views":34,"p1id":"furiouzgold","p2id":"sleepzey","formatid":"gen9vgc2023regulatione","rating":0,"private":0,"password":""}