{"id":"gen9vgc2023regulatione-1991293237","p1":"ToxicGummybear","p2":"Krjzk","format":"[Gen 9] VGC 2023 Regulation E","log":"|j|\u2606ToxicGummybear\n|j|\u2606Krjzk\n|t:|1700064972\n|gametype|doubles\n|player|p1|ToxicGummybear|youngster-gen4dp|1140\n|player|p2|Krjzk|lance|1088\n|teamsize|p1|6\n|teamsize|p2|6\n|gen|9\n|tier|[Gen 9] VGC 2023 Regulation E\n|rated|\n|rule|Species Clause: Limit one of each Pok\u00e9mon\n|rule|Item Clause: Limit one of each item\n|clearpoke\n|poke|p1|Ogerpon-Hearthflame, L50, F|\n|poke|p1|Grimmsnarl, L50, M|\n|poke|p1|Arcanine, L50, F|\n|poke|p1|Chien-Pao, L50|\n|poke|p1|Zoroark-Hisui, L50, M|\n|poke|p1|Weezing, L50, F|\n|poke|p2|Flutter Mane, L50|\n|poke|p2|Tornadus, L50, M|\n|poke|p2|Rillaboom, L50, M|\n|poke|p2|Garganacl, L50, F|\n|poke|p2|Arcanine-Hisui, L50, F|\n|poke|p2|Chien-Pao, L50|\n|teampreview|4\n|\n|t:|1700065034\n|start\n|switch|p1a: Arcanine|Arcanine, L50, F|100\/100\n|switch|p1b: Chien-Pao|Chien-Pao, L50|100\/100\n|switch|p2a: Tornadus|Tornadus, L50, M|100\/100\n|switch|p2b: Garganacl|Garganacl, L50, F|100\/100\n|-ability|p1b: Chien-Pao|Sword of Ruin\n|-ability|p1a: Arcanine|Intimidate|boost\n|-unboost|p2a: Tornadus|atk|1\n|-unboost|p2b: Garganacl|atk|1\n|turn|1\n|\n|t:|1700065059\n|switch|p2a: Arcanine|Arcanine-Hisui, L50, F|100\/100\n|-ability|p2a: Arcanine|Intimidate|boost\n|-unboost|p1a: Arcanine|atk|1\n|-unboost|p1b: Chien-Pao|atk|1\n|-terastallize|p2b: Garganacl|Ghost\n|move|p1b: Chien-Pao|Ice Spinner|p2a: Arcanine\n|-resisted|p2a: Arcanine\n|-damage|p2a: Arcanine|76\/100\n|move|p1a: Arcanine|Will-O-Wisp|p2b: Garganacl\n|-immune|p2b: Garganacl|[from] ability: Purifying Salt\n|move|p2b: Garganacl|Salt Cure|p1b: Chien-Pao\n|-supereffective|p1b: Chien-Pao\n|-damage|p1b: Chien-Pao|73\/100\n|-start|p1b: Chien-Pao|Salt Cure\n|\n|-damage|p1b: Chien-Pao|61\/100|[from] Salt Cure\n|upkeep\n|turn|2\n|\n|t:|1700065102\n|switch|p1b: Chien-Pao|Chien-Pao, L50|100\/100\n|switch|p2a: Tornadus|Tornadus, L50, M|100\/100\n|switch|p1a: Grimmsnarl|Grimmsnarl, L50, M|100\/100\n|move|p2b: Garganacl|Iron Defense|p2b: Garganacl\n|-boost|p2b: Garganacl|def|2\n|\n|upkeep\n|turn|3\n|\n|t:|1700065120\n|move|p2b: Garganacl|Protect|p2b: Garganacl\n|-singleturn|p2b: Garganacl|Protect\n|move|p1a: Grimmsnarl|Fake Out|p2a: Tornadus\n|-damage|p2a: Tornadus|83\/100\n|-damage|p1a: Grimmsnarl|84\/100|[from] item: Rocky Helmet|[of] p2a: Tornadus\n|cant|p2a: Tornadus|flinch\n|move|p1b: Chien-Pao|Shadow Ball|p2b: Garganacl\n|-activate|p2b: Garganacl|move: Protect\n|\n|upkeep\n|turn|4\n|\n|t:|1700065136\n|move|p2a: Tornadus|Tailwind|p2a: Tornadus\n|-sidestart|p2: Krjzk|move: Tailwind\n|move|p1a: Grimmsnarl|Reflect|p1a: Grimmsnarl\n|-sidestart|p1: ToxicGummybear|Reflect\n|move|p1b: Chien-Pao|Shadow Ball|p2b: Garganacl\n|-supereffective|p2b: Garganacl\n|-damage|p2b: Garganacl|59\/100\n|move|p2b: Garganacl|Salt Cure|p1b: Chien-Pao\n|-damage|p1b: Chien-Pao|88\/100\n|-start|p1b: Chien-Pao|Salt Cure\n|replace|p1b: Zoroark|Zoroark-Hisui, L50, M\n|-end|p1b: Zoroark|Illusion\n|\n|-damage|p1b: Zoroark|76\/100|[from] Salt Cure\n|upkeep\n|turn|5\n|\n|t:|1700065163\n|switch|p1b: Arcanine|Arcanine, L50, F|100\/100\n|-ability|p1b: Arcanine|Intimidate|boost\n|-unboost|p2a: Tornadus|atk|1\n|-unboost|p2b: Garganacl|atk|1\n|move|p2b: Garganacl|Protect|p2b: Garganacl\n|-singleturn|p2b: Garganacl|Protect\n|move|p2a: Tornadus|Bleakwind Storm|p1b: Arcanine|[spread] p1a\n|-miss|p2a: Tornadus|p1b: Arcanine\n|-damage|p1a: Grimmsnarl|52\/100\n|move|p1a: Grimmsnarl|Spirit Break|p2a: Tornadus\n|-damage|p2a: Tornadus|39\/100\n|-unboost|p2a: Tornadus|spa|1\n|-damage|p1a: Grimmsnarl|35\/100|[from] item: Rocky Helmet|[of] p2a: Tornadus\n|\n|upkeep\n|turn|6\n|\n|t:|1700065195\n|switch|p2a: Arcanine|Arcanine-Hisui, L50, F|76\/100\n|-ability|p2a: Arcanine|Intimidate|boost\n|-unboost|p1a: Grimmsnarl|atk|1\n|-unboost|p1b: Arcanine|atk|1\n|move|p1b: Arcanine|Howl|p1b: Arcanine|[spread] p1a,p1b\n|-boost|p1a: Grimmsnarl|atk|1\n|-boost|p1b: Arcanine|atk|1\n|move|p2b: Garganacl|Salt Cure|p1a: Grimmsnarl\n|-damage|p1a: Grimmsnarl|30\/100\n|-start|p1a: Grimmsnarl|Salt Cure\n|move|p1a: Grimmsnarl|Spirit Break|p2a: Arcanine\n|-resisted|p2a: Arcanine\n|-damage|p2a: Arcanine|55\/100\n|-unboost|p2a: Arcanine|spa|1\n|\n|-damage|p1a: Grimmsnarl|18\/100|[from] Salt Cure\n|upkeep\n|turn|7\n|\n|t:|1700065236\n|switch|p1b: Chien-Pao|Chien-Pao, L50|76\/100\n|move|p1a: Grimmsnarl|Thunder Wave|p2a: Arcanine\n|-status|p2a: Arcanine|par\n|move|p2a: Arcanine|Rock Slide|p1b: Chien-Pao|[spread] p1a,p1b\n|-damage|p1a: Grimmsnarl|0 fnt\n|-damage|p1b: Chien-Pao|19\/100\n|replace|p1b: Zoroark|Zoroark-Hisui, L50, M\n|-end|p1b: Zoroark|Illusion\n|faint|p1a: Grimmsnarl\n|move|p2b: Garganacl|Recover|p2b: Garganacl\n|-heal|p2b: Garganacl|100\/100\n|\n|-sideend|p2: Krjzk|move: Tailwind\n|upkeep\n|\n|t:|1700065252\n|switch|p1a: Chien-Pao|Chien-Pao, L50|61\/100\n|-ability|p1a: Chien-Pao|Sword of Ruin\n|turn|8\n|\n|t:|1700065269\n|move|p2b: Garganacl|Protect|p2b: Garganacl\n|-singleturn|p2b: Garganacl|Protect\n|move|p1a: Chien-Pao|Sacred Sword|p2a: Arcanine\n|-supereffective|p2a: Arcanine\n|-damage|p2a: Arcanine|0 fnt\n|faint|p2a: Arcanine\n|move|p1b: Zoroark|Shadow Ball|p2b: Garganacl\n|-activate|p2b: Garganacl|move: Protect\n|\n|-sideend|p1: ToxicGummybear|Reflect\n|upkeep\n|\n|t:|1700065277\n|switch|p2a: Tornadus|Tornadus, L50, M|39\/100\n|turn|9\n|\n|t:|1700065288\n|move|p2a: Tornadus|Tailwind|p2a: Tornadus\n|-sidestart|p2: Krjzk|move: Tailwind\n|move|p1a: Chien-Pao|Ice Spinner|p2a: Tornadus\n|-supereffective|p2a: Tornadus\n|-damage|p2a: Tornadus|0 fnt\n|-damage|p1a: Chien-Pao|45\/100|[from] item: Rocky Helmet|[of] p2a: Tornadus\n|faint|p2a: Tornadus\n|move|p1b: Zoroark|Shadow Ball|p2b: Garganacl\n|-supereffective|p2b: Garganacl\n|-damage|p2b: Garganacl|60\/100\n|move|p2b: Garganacl|Salt Cure|p1b: Zoroark\n|-damage|p1b: Zoroark|0 fnt\n|faint|p1b: Zoroark\n|\n|upkeep\n|\n|t:|1700065300\n|switch|p1b: Arcanine|Arcanine, L50, F|100\/100\n|switch|p2a: Rillaboom|Rillaboom, L50, M|100\/100\n|-fieldstart|move: Grassy Terrain|[from] ability: Grassy Surge|[of] p2a: Rillaboom\n|-ability|p1b: Arcanine|Intimidate|boost\n|-unboost|p2a: Rillaboom|atk|1\n|-unboost|p2b: Garganacl|atk|1\n|turn|10\n|\n|t:|1700065320\n|-terastallize|p1a: Chien-Pao|Ghost\n|move|p2a: Rillaboom|Grassy Glide|p1a: Chien-Pao\n|-damage|p1a: Chien-Pao|6\/100\n|move|p1a: Chien-Pao|Tera Blast|p2b: Garganacl|[anim] Tera Blast Ghost\n|-supereffective|p2b: Garganacl\n|-damage|p2b: Garganacl|39\/100\n|-enditem|p2b: Garganacl|Sitrus Berry|[eat]\n|-heal|p2b: Garganacl|63\/100|[from] item: Sitrus Berry\n|move|p1b: Arcanine|Will-O-Wisp|p2a: Rillaboom\n|-status|p2a: Rillaboom|brn\n|move|p2b: Garganacl|Salt Cure|p1b: Arcanine\n|-supereffective|p1b: Arcanine\n|-damage|p1b: Arcanine|84\/100\n|-start|p1b: Arcanine|Salt Cure\n|\n|-heal|p1a: Chien-Pao|12\/100|[from] Grassy Terrain\n|-heal|p1b: Arcanine|90\/100|[from] Grassy Terrain\n|-heal|p1b: Arcanine|96\/100|[from] item: Leftovers\n|-heal|p2b: Garganacl|69\/100|[from] Grassy Terrain\n|-damage|p2a: Rillaboom|95\/100 brn|[from] brn\n|-damage|p1b: Arcanine|84\/100|[from] Salt Cure\n|upkeep\n|turn|11\n|\n|t:|1700065350\n|move|p2a: Rillaboom|Grassy Glide|p1a: Chien-Pao\n|-damage|p1a: Chien-Pao|0 fnt\n|faint|p1a: Chien-Pao\n|move|p1b: Arcanine|Flare Blitz|p2b: Garganacl\n|-damage|p2b: Garganacl|50\/100\n|-damage|p1b: Arcanine|77\/100|[from] Recoil\n|move|p2b: Garganacl|Recover|p2b: Garganacl\n|-heal|p2b: Garganacl|100\/100\n|\n|-heal|p2a: Rillaboom|100\/100 brn|[from] Grassy Terrain\n|-heal|p1b: Arcanine|83\/100|[from] Grassy Terrain\n|-heal|p1b: Arcanine|89\/100|[from] item: Leftovers\n|-damage|p2a: Rillaboom|95\/100 brn|[from] brn\n|-damage|p1b: Arcanine|76\/100|[from] Salt Cure\n|upkeep\n|turn|12\n|-message|ToxicGummybear forfeited.\n|\n|win|Krjzk\n|raw|ToxicGummybear's rating: 1140 &rarr; <strong>1111<\/strong><br \/>(-29 for losing)\n|raw|Krjzk's rating: 1088 &rarr; <strong>1119<\/strong><br \/>(+31 for winning)\n|l|\u2606ToxicGummybear\n","uploadtime":1700065366,"views":8,"p1id":"toxicgummybear","p2id":"krjzk","formatid":"gen9vgc2023regulatione","rating":1111,"private":0,"password":""}