{"id":"gen9vgc2023regulatione-2000013898","p1":"septicjewel67","p2":"Przzy","format":"[Gen 9] VGC 2023 Regulation E","log":"|j|\u2606septicjewel67\n|j|\u2606Przzy\n|n|\u2606septicjewel67|septicjewel67\n|n|\u2606Przzy|przzy\n|html|View the match progress at <a href=\"\/game-bestof3-gen9vgc2023regulatione-2000010829\">game-bestof3-gen9vgc2023regulatione-2000010829<\/a>\n|t:|1701141248\n|gametype|doubles\n|player|p1|septicjewel67|2|\n|player|p2|Przzy|fisherman-gen4|\n|teamsize|p1|6\n|teamsize|p2|6\n|gen|9\n|tier|[Gen 9] VGC 2023 Regulation E\n|rule|Species Clause: Limit one of each Pok\u00e9mon\n|rule|Item Clause: Limit one of each item\n|clearpoke\n|poke|p1|Iron Hands, L50|\n|poke|p1|Murkrow, L50, M|\n|poke|p1|Amoonguss, L50, M|\n|poke|p1|Arcanine-Hisui, L50, F|\n|poke|p1|Basculegion, L50, M|\n|poke|p1|Wo-Chien, L50|\n|poke|p2|Farigiraf, L50, M|\n|poke|p2|Talonflame, L50, M|\n|poke|p2|Brambleghast, L50, F|\n|poke|p2|Gholdengo, L50|\n|poke|p2|Chi-Yu, L50|\n|poke|p2|Iron Treads, L50|\n|teampreview|4\nPrzzy has agreed to open team sheets.\nsepticjewel67 has agreed to open team sheets.\n|showteam|p1|Iron Hands||AssaultVest|QuarkDrive|WildCharge,FakeOut,DrainPunch,HeavySlam||||||50|,,,,,Grass]Murkrow||Eviolite|Prankster|Tailwind,Quash,FoulPlay,Taunt|||M|||50|,,,,,Ghost]Amoonguss||SitrusBerry|Regenerator|Spore,Protect,PollenPuff,RagePowder|||M|||50|,,,,,Water]Arcanine-Hisui||ChoiceBand|Intimidate|TeraBlast,ExtremeSpeed,FlareBlitz,RockSlide|||F|||50|,,,,,Water]Basculegion||LifeOrb|Adaptability|LastRespects,Protect,WaveCrash,TeraBlast|||M|||50|,,,,,Fire]Wo-Chien||Leftovers|TabletsofRuin|LeechSeed,GigaDrain,Protect,DarkPulse||||||50|,,,,,Dark\n|showteam|p2|Farigiraf||SitrusBerry|ArmorTail|NastyPlot,TrickRoom,Imprison,DazzlingGleam|||M|||50|,,,,,Fairy]Talonflame||SharpBeak|GaleWings|Tailwind,BraveBird,Taunt,WillOWisp|||M|||50|,,,,,Ghost]Brambleghast||FocusSash|WindRider|ShadowSneak,Poltergeist,PowerWhip,StrengthSap|||F|||50|,,,,,Ghost]Gholdengo||ChoiceScarf|GoodasGold|MakeItRain,DazzlingGleam,Thunderbolt,ShadowBall||||||50|,,,,,Fairy]Chi-Yu||ChoiceSpecs|BeadsofRuin|HeatWave,Overheat,Snarl,DarkPulse||||||50|,,,,,Ghost]Iron Treads||BoosterEnergy|QuarkDrive|Earthquake,IronHead,IceSpinner,Protect||||||50|,,,,,Ground\n|j| Priest_of_Talos\n|\n|t:|1701141317\n|start\n|switch|p1a: Iron Hands|Iron Hands, L50|100\/100\n|switch|p1b: Murkrow|Murkrow, L50, M|100\/100\n|switch|p2a: BIG FIHS!|Chi-Yu, L50|100\/100\n|switch|p2b: WOOOOOOOOO!|Talonflame, L50, M|100\/100\n|-ability|p2a: BIG FIHS!|Beads of Ruin\n|turn|1\n|\n|t:|1701141364\n|switch|p2b: HALT!|Farigiraf, L50, M|100\/100\n|move|p1a: Iron Hands|Fake Out||[still]\n|cant|p2b: HALT!|ability: Armor Tail|Fake Out|[of] p1a: Iron Hands\n|move|p1b: Murkrow|Taunt||[still]\n|cant|p2b: HALT!|ability: Armor Tail|Taunt|[of] p1b: Murkrow\n|move|p2a: BIG FIHS!|Overheat|p1a: Iron Hands\n|-crit|p1a: Iron Hands\n|-damage|p1a: Iron Hands|0 fnt\n|-unboost|p2a: BIG FIHS!|spa|2\n|faint|p1a: Iron Hands\n|-end|p1a: Iron Hands|Quark Drive|[silent]\n|\n|upkeep\n|\n|t:|1701141376\n|switch|p1a: Basculegion|Basculegion, L50, M|100\/100\n|turn|2\n|\n|t:|1701141435\n|switch|p2a: him.|Brambleghast, L50, F|100\/100\n|move|p1b: Murkrow|Foul Play|p2b: HALT!\n|-supereffective|p2b: HALT!\n|-damage|p2b: HALT!|71\/100\n|move|p1a: Basculegion|Wave Crash|p2a: him.\n|-resisted|p2a: him.\n|-damage|p2a: him.|4\/100\n|-damage|p1a: Basculegion|82\/100|[from] Recoil\n|-damage|p1a: Basculegion|72\/100|[from] item: Life Orb\n|move|p2b: HALT!|Trick Room|p2b: HALT!\n|-fieldstart|move: Trick Room|[of] p2b: HALT!\n|\n|upkeep\n|turn|3\n|\n|t:|1701141487\n|move|p1a: Basculegion|Protect|p1a: Basculegion\n|-singleturn|p1a: Basculegion|Protect\n|move|p2b: HALT!|Nasty Plot|p2b: HALT!\n|-boost|p2b: HALT!|spa|2\n|move|p1b: Murkrow|Foul Play|p2a: him.\n|-supereffective|p2a: him.\n|-damage|p2a: him.|0 fnt\n|faint|p2a: him.\n|\n|upkeep\n|\n|t:|1701141500\n|switch|p2a: WOOOOOOOOO!|Talonflame, L50, M|100\/100\n|turn|4\n|\n|t:|1701141509\n|-terastallize|p2b: HALT!|Fairy\n|move|p2a: WOOOOOOOOO!|Brave Bird|p1a: Basculegion\n|-damage|p1a: Basculegion|4\/100\n|-damage|p2a: WOOOOOOOOO!|67\/100|[from] Recoil\n|move|p2b: HALT!|Nasty Plot|p2b: HALT!\n|-boost|p2b: HALT!|spa|2\n|move|p1a: Basculegion|Wave Crash|p2b: HALT!\n|-damage|p2b: HALT!|0 fnt\n|faint|p2b: HALT!\n|-damage|p1a: Basculegion|0 fnt|[from] Recoil\n|faint|p1a: Basculegion\n|move|p1b: Murkrow|Foul Play|p2a: WOOOOOOOOO!\n|-damage|p2a: WOOOOOOOOO!|8\/100\n|\n|upkeep\n|\n|t:|1701141524\n|switch|p2b: BIG FIHS!|Chi-Yu, L50|100\/100\n|switch|p1a: Arcanine|Arcanine-Hisui, L50, F, shiny|100\/100\n|-ability|p1a: Arcanine|Intimidate|boost\n|-unboost|p2a: WOOOOOOOOO!|atk|1\n|-unboost|p2b: BIG FIHS!|atk|1\n|-ability|p2b: BIG FIHS!|Beads of Ruin\n|turn|5\n|\n|t:|1701141560\n|move|p1b: Murkrow|Foul Play|p2b: BIG FIHS!\n|-resisted|p2b: BIG FIHS!\n|-damage|p2b: BIG FIHS!|90\/100\n|move|p1a: Arcanine|Rock Slide|p2a: WOOOOOOOOO!|[spread] p2a,p2b\n|-supereffective|p2a: WOOOOOOOOO!\n|-supereffective|p2b: BIG FIHS!\n|-damage|p2a: WOOOOOOOOO!|0 fnt\n|-damage|p2b: BIG FIHS!|0 fnt\n|faint|p2a: WOOOOOOOOO!\n|faint|p2b: BIG FIHS!\n|\n|win|septicjewel67\n","uploadtime":1701141570,"views":10,"p1id":"septicjewel67","p2id":"przzy","formatid":"gen9vgc2023regulatione","rating":0,"private":0,"password":""}