{"id":"gen9vgc2023regulatione-1997635910","p1":"Donler","p2":"Bandroke","format":"[Gen 9] VGC 2023 Regulation E","log":"|j|\u2606Donler\n|j|\u2606Bandroke\n|t:|1700835829\n|gametype|doubles\n|player|p1|Donler|1|\n|player|p2|Bandroke|ethan|\n|teamsize|p1|6\n|teamsize|p2|6\n|gen|9\n|tier|[Gen 9] VGC 2023 Regulation E\n|rule|Species Clause: Limit one of each Pok\u00e9mon\n|rule|Item Clause: Limit one of each item\n|clearpoke\n|poke|p1|Kingambit, L50, F|\n|poke|p1|Sinistcha-Masterpiece, L50|\n|poke|p1|Landorus-Therian, L50, M|\n|poke|p1|Iron Hands, L50|\n|poke|p1|Meowscarada, L50, F|\n|poke|p1|Kommo-o, L50, M|\n|poke|p2|Toxapex, L50, M|\n|poke|p2|Glimmora, L50, F|\n|poke|p2|Ting-Lu, L50|\n|poke|p2|Chansey, L50, F|\n|poke|p2|Arcanine, L50, M|\n|poke|p2|Gothitelle, L50, M|\n|teampreview|4\n|\n|t:|1700835868\n|start\n|switch|p1a: Arthur|Kingambit, L50, F|100\/100\n|switch|p1b: Chai|Sinistcha-Masterpiece, L50|100\/100\n|switch|p2a: Glimmora|Glimmora, L50, F|100\/100\n|switch|p2b: Ting-Lu|Ting-Lu, L50|100\/100\n|-ability|p2b: Ting-Lu|Vessel of Ruin\n|turn|1\n|\n|t:|1700835891\n|move|p1a: Arthur|Protect|p1a: Arthur\n|-singleturn|p1a: Arthur|Protect\n|move|p2a: Glimmora|Mortal Spin|p1a: Arthur|[spread] p1b\n|-activate|p1a: Arthur|move: Protect\n|-damage|p1b: Chai|97\/100\n|-status|p1b: Chai|psn\n|-damage|p2a: Glimmora|84\/100|[from] item: Rocky Helmet|[of] p1b: Chai\n|move|p1b: Chai|Matcha Gotcha|p2b: Ting-Lu|[spread] p2a,p2b\n|-supereffective|p2b: Ting-Lu\n|-damage|p2a: Glimmora|65\/100\n|-heal|p1b: Chai|100\/100 psn|[from] drain|[of] p2a: Glimmora\n|-damage|p2b: Ting-Lu|78\/100\n|move|p2b: Ting-Lu|Whirlwind|p1b: Chai\n|drag|p1b: Rawr XD|Kommo-o, L50, M|100\/100\n|\n|-heal|p2b: Ting-Lu|84\/100|[from] item: Leftovers\n|upkeep\n|turn|2\n|\n|t:|1700835918\n|move|p2a: Glimmora|Toxic Spikes|p1b: Rawr XD\n|-sidestart|p1: Donler|move: Toxic Spikes\n|move|p1b: Rawr XD|Iron Defense|p1b: Rawr XD\n|-boost|p1b: Rawr XD|def|2\n|move|p1a: Arthur|Swords Dance|p1a: Arthur\n|-boost|p1a: Arthur|atk|2\n|move|p2b: Ting-Lu|Spikes|p1b: Rawr XD\n|-sidestart|p1: Donler|Spikes\n|\n|-heal|p2b: Ting-Lu|90\/100|[from] item: Leftovers\n|upkeep\n|turn|3\n|\n|t:|1700835936\n|move|p2a: Glimmora|Mortal Spin|p1a: Arthur|[spread] p1b\n|-immune|p1a: Arthur\n|-damage|p1b: Rawr XD|99\/100\n|-status|p1b: Rawr XD|psn\n|move|p1b: Rawr XD|Body Press|p2b: Ting-Lu\n|-supereffective|p2b: Ting-Lu\n|-damage|p2b: Ting-Lu|0 fnt\n|faint|p2b: Ting-Lu\n|move|p1a: Arthur|Kowtow Cleave|p2a: Glimmora\n|-damage|p2a: Glimmora|0 fnt\n|-activate|p2a: Glimmora|ability: Toxic Debris\n|-sidestart|p1: Donler|move: Toxic Spikes\n|faint|p2a: Glimmora\n|\n|-heal|p1b: Rawr XD|100\/100 psn|[from] item: Leftovers\n|-damage|p1b: Rawr XD|88\/100 psn|[from] psn\n|upkeep\n|\n|t:|1700835958\n|switch|p2a: Toxapex|Toxapex, L50, M|100\/100\n|switch|p2b: Chansey|Chansey, L50, F|100\/100\n|turn|4\n|\n|t:|1700835977\n|-terastallize|p1a: Arthur|Dark\n|-terastallize|p2a: Toxapex|Fairy\n|move|p1b: Rawr XD|Body Press|p2a: Toxapex\n|-resisted|p2a: Toxapex\n|-damage|p2a: Toxapex|77\/100\n|-damage|p1b: Rawr XD|72\/100 psn|[from] item: Rocky Helmet|[of] p2a: Toxapex\n|move|p1a: Arthur|Kowtow Cleave|p2a: Toxapex\n|-resisted|p2a: Toxapex\n|-damage|p2a: Toxapex|24\/100\n|-damage|p1a: Arthur|84\/100|[from] item: Rocky Helmet|[of] p2a: Toxapex\n|move|p2b: Chansey|Thunderbolt|p1b: Rawr XD\n|-resisted|p1b: Rawr XD\n|-damage|p1b: Rawr XD|68\/100 psn\n|move|p2a: Toxapex|Haze|p2a: Toxapex\n|-clearallboost\n|\n|-heal|p1b: Rawr XD|74\/100 psn|[from] item: Leftovers\n|-damage|p1b: Rawr XD|62\/100 psn|[from] psn\n|upkeep\n|turn|5\n|\n|t:|1700836006\n|move|p1b: Rawr XD|Body Press|p2b: Chansey\n|-supereffective|p2b: Chansey\n|-damage|p2b: Chansey|44\/100\n|move|p1a: Arthur|Kowtow Cleave|p2a: Toxapex\n|-resisted|p2a: Toxapex\n|-damage|p2a: Toxapex|1\/100\n|-damage|p1a: Arthur|68\/100|[from] item: Rocky Helmet|[of] p2a: Toxapex\n|move|p2b: Chansey|Seismic Toss|p1a: Arthur\n|-damage|p1a: Arthur|43\/100\n|move|p2a: Toxapex|Recover|p2a: Toxapex\n|-heal|p2a: Toxapex|51\/100\n|\n|-heal|p1b: Rawr XD|68\/100 psn|[from] item: Leftovers\n|-damage|p1b: Rawr XD|56\/100 psn|[from] psn\n|upkeep\n|turn|6\n|\n|t:|1700836026\n|move|p1b: Rawr XD|Iron Head|p2a: Toxapex\n|-supereffective|p2a: Toxapex\n|-damage|p2a: Toxapex|25\/100\n|-damage|p1b: Rawr XD|40\/100 psn|[from] item: Rocky Helmet|[of] p2a: Toxapex\n|move|p1a: Arthur|Kowtow Cleave|p2a: Toxapex\n|-resisted|p2a: Toxapex\n|-damage|p2a: Toxapex|0 fnt\n|-damage|p1a: Arthur|27\/100|[from] item: Rocky Helmet|[of] p2a: Toxapex\n|faint|p2a: Toxapex\n|move|p2b: Chansey|Soft-Boiled|p2b: Chansey\n|-heal|p2b: Chansey|95\/100\n|\n|-heal|p1b: Rawr XD|46\/100 psn|[from] item: Leftovers\n|-damage|p1b: Rawr XD|33\/100 psn|[from] psn\n|upkeep\n|turn|7\n|\n|t:|1700836044\n|move|p1b: Rawr XD|Body Press|p2b: Chansey\n|-supereffective|p2b: Chansey\n|-damage|p2b: Chansey|42\/100\n|move|p1a: Arthur|Kowtow Cleave|p2b: Chansey\n|-damage|p2b: Chansey|0 fnt\n|faint|p2b: Chansey\n|\n|win|Donler\n","uploadtime":1700836053,"views":4,"p1id":"donler","p2id":"bandroke","formatid":"gen9vgc2023regulatione","rating":0,"private":0,"password":""}