{"id":"gen9vgc2023regulatione-1992840549","p1":"Conchoboar3","p2":"Granby","format":"[Gen 9] VGC 2023 Regulation E","log":"|j|\u2606Conchoboar3\n|j|\u2606Granby\n|t:|1700239999\n|gametype|doubles\n|player|p1|Conchoboar3|266|1302\n|player|p2|Granby|169|1230\n|teamsize|p1|6\n|teamsize|p2|6\n|gen|9\n|tier|[Gen 9] VGC 2023 Regulation E\n|rated|\n|rule|Species Clause: Limit one of each Pok\u00e9mon\n|rule|Item Clause: Limit one of each item\n|clearpoke\n|poke|p1|Mamoswine, L50, M|\n|poke|p1|Iron Hands, L50|\n|poke|p1|Grimmsnarl, L50, M|\n|poke|p1|Flutter Mane, L50|\n|poke|p1|Heatran, L50, F|\n|poke|p1|Sinistcha, L50|\n|poke|p2|Chi-Yu, L50|\n|poke|p2|Flutter Mane, L50|\n|poke|p2|Torkoal, L50, M|\n|poke|p2|Tornadus, L50, M|\n|poke|p2|Urshifu-*, L50, F|\n|poke|p2|Iron Bundle, L50|\n|teampreview|4\n|\n|t:|1700240040\n|start\n|switch|p1a: Grimmsnarl|Grimmsnarl, L50, M|100\/100\n|switch|p1b: Iron Hands|Iron Hands, L50|100\/100\n|switch|p2a: Urshifu|Urshifu-Rapid-Strike, L50, F|100\/100\n|switch|p2b: Tornadus|Tornadus, L50, M|100\/100\n|turn|1\n|inactive|Battle timer is ON: inactive players will automatically lose when time's up. (requested by Granby)\n|\n|t:|1700240065\n|-terastallize|p2a: Urshifu|Grass\n|move|p2b: Tornadus|Rain Dance|p2b: Tornadus\n|-weather|RainDance\n|move|p1a: Grimmsnarl|Light Screen|p1a: Grimmsnarl\n|-sidestart|p1: Conchoboar3|move: Light Screen\n|move|p2a: Urshifu|Surging Strikes|p1b: Iron Hands\n|-crit|p1b: Iron Hands\n|-damage|p1b: Iron Hands|73\/100\n|-crit|p1b: Iron Hands\n|-damage|p1b: Iron Hands|45\/100\n|-crit|p1b: Iron Hands\n|-damage|p1b: Iron Hands|17\/100\n|-hitcount|p1b: Iron Hands|3\n|move|p1b: Iron Hands|Thunder Punch|p2a: Urshifu\n|-resisted|p2a: Urshifu\n|-damage|p2a: Urshifu|76\/100\n|\n|-weather|RainDance|[upkeep]\n|upkeep\n|turn|2\n|inactive|Granby has 30 seconds left.\n|\n|t:|1700240098\n|move|p2b: Tornadus|Tailwind|p2b: Tornadus\n|-sidestart|p2: Granby|move: Tailwind\n|move|p2a: Urshifu|Surging Strikes|p1b: Iron Hands\n|-crit|p1b: Iron Hands\n|-damage|p1b: Iron Hands|0 fnt\n|faint|p1b: Iron Hands\n|-end|p1b: Iron Hands|Quark Drive|[silent]\n|-hitcount|p1: Iron Hands|1\n|move|p1a: Grimmsnarl|Spirit Break|p2a: Urshifu\n|-damage|p2a: Urshifu|45\/100\n|-unboost|p2a: Urshifu|spa|1\n|\n|-weather|RainDance|[upkeep]\n|upkeep\n|\n|t:|1700240102\n|switch|p1b: Sinistcha|Sinistcha, L50|100\/100\n|turn|3\n|inactive|Granby has 30 seconds left.\n|\n|t:|1700240127\n|move|p1a: Grimmsnarl|Parting Shot|p2b: Tornadus\n|-unboost|p2b: Tornadus|atk|1\n|-unboost|p2b: Tornadus|spa|1\n|\n|t:|1700240131\n|switch|p1a: Heatran|Heatran, L50, F|100\/100|[from] Parting Shot\n|move|p2a: Urshifu|Surging Strikes|p1a: Heatran\n|-supereffective|p1a: Heatran\n|-crit|p1a: Heatran\n|-damage|p1a: Heatran|38\/100\n|-supereffective|p1a: Heatran\n|-crit|p1a: Heatran\n|-damage|p1a: Heatran|0 fnt\n|faint|p1a: Heatran\n|-hitcount|p1: Heatran|2\n|move|p2b: Tornadus|Bleakwind Storm|p1b: Sinistcha\n|-supereffective|p1b: Sinistcha\n|-damage|p1b: Sinistcha|58\/100\n|-unboost|p1b: Sinistcha|spe|1\n|move|p1b: Sinistcha|Trick Room|p1b: Sinistcha\n|-fieldstart|move: Trick Room|[of] p1b: Sinistcha\n|\n|-weather|RainDance|[upkeep]\n|upkeep\n|\n|t:|1700240136\n|switch|p1a: Grimmsnarl|Grimmsnarl, L50, M|100\/100\n|turn|4\n|\n|t:|1700240157\n|move|p2a: Urshifu|Aqua Jet|p1a: Grimmsnarl\n|-damage|p1a: Grimmsnarl|68\/100\n|move|p1b: Sinistcha|Matcha Gotcha|p2b: Tornadus|[spread] p2a,p2b\n|-resisted|p2a: Urshifu\n|-resisted|p2b: Tornadus\n|-damage|p2a: Urshifu|24\/100\n|-heal|p1b: Sinistcha|68\/100|[from] drain|[of] p2a: Urshifu\n|-damage|p2b: Tornadus|90\/100\n|-heal|p1b: Sinistcha|74\/100|[from] drain|[of] p2b: Tornadus\n|move|p1a: Grimmsnarl|Spirit Break|p2b: Tornadus\n|-damage|p2b: Tornadus|54\/100\n|move|p2b: Tornadus|Bleakwind Storm|p1b: Sinistcha|[spread] p1a,p1b\n|-supereffective|p1b: Sinistcha\n|-damage|p1a: Grimmsnarl|52\/100\n|-damage|p1b: Sinistcha|42\/100\n|-unboost|p1a: Grimmsnarl|spe|1\n|-enditem|p1b: Sinistcha|Sitrus Berry|[eat]\n|-heal|p1b: Sinistcha|67\/100|[from] item: Sitrus Berry\n|\n|-weather|RainDance|[upkeep]\n|upkeep\n|turn|5\n|inactive|Granby has 30 seconds left.\n|\n|t:|1700240191\n|move|p2b: Tornadus|Taunt|p1b: Sinistcha\n|-start|p1b: Sinistcha|move: Taunt\n|move|p1a: Grimmsnarl|Spirit Break|p2a: Urshifu\n|-damage|p2a: Urshifu|0 fnt\n|faint|p2a: Urshifu\n|move|p1b: Sinistcha|Matcha Gotcha|p2b: Tornadus|[miss]\n|-miss|p1b: Sinistcha|p2b: Tornadus\n|\n|-weather|none\n|-sideend|p2: Granby|move: Tailwind\n|upkeep\n|\n|t:|1700240213\n|switch|p2a: Iron Bundle|Iron Bundle, L50|100\/100\n|-enditem|p2a: Iron Bundle|Booster Energy\n|-activate|p2a: Iron Bundle|ability: Quark Drive|[fromitem]\n|-start|p2a: Iron Bundle|quarkdrivespe\n|turn|6\n|\n|t:|1700240234\n|move|p1a: Grimmsnarl|Spirit Break|p2a: Iron Bundle\n|-damage|p2a: Iron Bundle|64\/100\n|-unboost|p2a: Iron Bundle|spa|1\n|move|p1b: Sinistcha|Matcha Gotcha|p2a: Iron Bundle|[spread] p2a,p2b\n|-supereffective|p2a: Iron Bundle\n|-resisted|p2b: Tornadus\n|-damage|p2a: Iron Bundle|0 fnt\n|-heal|p1b: Sinistcha|90\/100|[from] drain|[of] p2a: Iron Bundle\n|-damage|p2b: Tornadus|44\/100\n|-heal|p1b: Sinistcha|96\/100|[from] drain|[of] p2b: Tornadus\n|faint|p2a: Iron Bundle\n|-end|p2a: Iron Bundle|Quark Drive|[silent]\n|move|p2b: Tornadus|Bleakwind Storm|p1b: Sinistcha|[spread] p1a,p1b\n|-supereffective|p1b: Sinistcha\n|-damage|p1a: Grimmsnarl|37\/100\n|-damage|p1b: Sinistcha|68\/100\n|-unboost|p1a: Grimmsnarl|spe|1\n|\n|upkeep\n|\n|t:|1700240254\n|switch|p2a: Flutter Mane|Flutter Mane, L50|100\/100\n|turn|7\n|\n|t:|1700240267\n|-terastallize|p1b: Sinistcha|Water\n|move|p1a: Grimmsnarl|Spirit Break|p2a: Flutter Mane\n|-damage|p2a: Flutter Mane|31\/100\n|-unboost|p2a: Flutter Mane|spa|1\n|move|p1b: Sinistcha|Shadow Ball|p2a: Flutter Mane\n|-supereffective|p2a: Flutter Mane\n|-damage|p2a: Flutter Mane|0 fnt\n|faint|p2a: Flutter Mane\n|-end|p2a: Flutter Mane|Protosynthesis|[silent]\n|move|p2b: Tornadus|Bleakwind Storm|p1a: Grimmsnarl|[spread] p1a\n|-miss|p2b: Tornadus|p1b: Sinistcha\n|-damage|p1a: Grimmsnarl|22\/100\n|\n|-end|p1b: Sinistcha|move: Taunt\n|-fieldend|move: Trick Room\n|upkeep\n|turn|8\n|\n|t:|1700240287\n|move|p2b: Tornadus|Bleakwind Storm|p1a: Grimmsnarl|[spread] p1a,p1b\n|-damage|p1a: Grimmsnarl|6\/100\n|-damage|p1b: Sinistcha|54\/100\n|move|p1b: Sinistcha|Shadow Ball|p2b: Tornadus\n|-damage|p2b: Tornadus|17\/100\n|move|p1a: Grimmsnarl|Spirit Break|p2b: Tornadus\n|-damage|p2b: Tornadus|0 fnt\n|faint|p2b: Tornadus\n|\n|win|Conchoboar3\n|raw|Conchoboar3's rating: 1302 &rarr; <strong>1318<\/strong><br \/>(+16 for winning)\n|raw|Granby's rating: 1230 &rarr; <strong>1210<\/strong><br \/>(-20 for losing)\n|l|\u2606Granby\n","uploadtime":1700240306,"views":15,"p1id":"conchoboar3","p2id":"granby","formatid":"gen9vgc2023regulatione","rating":1210,"private":0,"password":""}