{"id":"gen9vgc2023regulatione-1992568406","p1":"Zap-n-Tap","p2":"That_Leek","format":"[Gen 9] VGC 2023 Regulation E","log":"|j|\u2606Zap-n-Tap\n|j|\u2606That_Leek\n|t:|1700207344\n|gametype|doubles\n|player|p1|Zap-n-Tap|scientist-gen4dp|1485\n|player|p2|That_Leek|blue|1561\n|teamsize|p1|6\n|teamsize|p2|6\n|gen|9\n|tier|[Gen 9] VGC 2023 Regulation E\n|rated|\n|rule|Species Clause: Limit one of each Pok\u00e9mon\n|rule|Item Clause: Limit one of each item\n|clearpoke\n|poke|p1|Regieleki, L50|\n|poke|p1|Ninetales-Alola, L50, F|\n|poke|p1|Enamorus-Therian, L50, F|\n|poke|p1|Kingambit, L50, F|\n|poke|p1|Armarouge, L50, F|\n|poke|p1|Farigiraf, L50, M|\n|poke|p2|Gholdengo, L50|\n|poke|p2|Ogerpon-Wellspring, L50, F|\n|poke|p2|Arcanine-Hisui, L50, M|\n|poke|p2|Chien-Pao, L50|\n|poke|p2|Scream Tail, L50|\n|poke|p2|Dragonite, L50, F|\n|teampreview|4\nThat_Leek has agreed to open team sheets.\nZap-n-Tap has agreed to open team sheets.\n|inactive|Battle timer is ON: inactive players will automatically lose when time's up. (requested by Zap-n-Tap)\n|inactive|Zap-n-Tap has 60 seconds left.\n|inactive|Zap-n-Tap has 30 seconds left.\n|inactive|Zap-n-Tap has 20 seconds left.\n|inactive|Zap-n-Tap has 15 seconds left.\n|\n|t:|1700207479\n|start\n|switch|p1a: Bzzt|Regieleki, L50|100\/100\n|switch|p1b: Gambit|Kingambit, L50, F, shiny|100\/100\n|switch|p2a: Gholdengo|Gholdengo, L50|100\/100\n|switch|p2b: Scream Tail|Scream Tail, L50|100\/100\n|-enditem|p2b: Scream Tail|Booster Energy\n|-activate|p2b: Scream Tail|ability: Protosynthesis|[fromitem]\n|-start|p2b: Scream Tail|protosynthesisspe\n|turn|1\n|inactive|Zap-n-Tap has 30 seconds left.\n|inactive|That_Leek has 30 seconds left.\n|inactive|Zap-n-Tap has 20 seconds left.\n|inactive|That_Leek has 20 seconds left.\n|inactive|Zap-n-Tap has 15 seconds left.\n|inactive|That_Leek has 15 seconds left.\n|inactive|That_Leek has 10 seconds left.\n|inactive|That_Leek has 5 seconds left.\n|\n|t:|1700207530\n|move|p1b: Gambit|Protect|p1b: Gambit\n|-singleturn|p1b: Gambit|Protect\n|move|p2b: Scream Tail|Play Rough|p1a: Bzzt\n|-damage|p1a: Bzzt|62\/100\n|move|p1a: Bzzt|Electroweb|p2a: Gholdengo|[spread] p2b\n|-miss|p1a: Bzzt|p2a: Gholdengo\n|-damage|p2b: Scream Tail|82\/100\n|-unboost|p2b: Scream Tail|spe|1\n|move|p2a: Gholdengo|Nasty Plot|p2a: Gholdengo\n|-boost|p2a: Gholdengo|spa|2\n|\n|upkeep\n|turn|2\n|inactive|Zap-n-Tap has 30 seconds left.\n|inactive|Zap-n-Tap has 20 seconds left.\n|\n|t:|1700207567\n|-terastallize|p1b: Gambit|Fire\n|move|p1a: Bzzt|Electroweb|p2b: Scream Tail|[spread] p2a,p2b\n|-damage|p2a: Gholdengo|74\/100\n|-damage|p2b: Scream Tail|63\/100\n|-unboost|p2a: Gholdengo|spe|1\n|-unboost|p2b: Scream Tail|spe|1\n|move|p2b: Scream Tail|Thunder Wave|p1b: Gambit\n|-status|p1b: Gambit|par\n|move|p2a: Gholdengo|Nasty Plot|p2a: Gholdengo\n|-boost|p2a: Gholdengo|spa|2\n|move|p1b: Gambit|Kowtow Cleave|p2b: Scream Tail\n|-damage|p2b: Scream Tail|28\/100\n|\n|upkeep\n|turn|3\n|\n|t:|1700207591\n|move|p1b: Gambit|Sucker Punch|p2a: Gholdengo\n|-supereffective|p2a: Gholdengo\n|-damage|p2a: Gholdengo|7\/100\n|-enditem|p2a: Gholdengo|Sitrus Berry|[eat]\n|-heal|p2a: Gholdengo|32\/100|[from] item: Sitrus Berry\n|move|p1a: Bzzt|Thunderbolt|p2a: Gholdengo\n|-damage|p2a: Gholdengo|0 fnt\n|faint|p2a: Gholdengo\n|move|p2b: Scream Tail|Disable|p1b: Gambit\n|-start|p1b: Gambit|Disable|Sucker Punch\n|\n|upkeep\n|\n|t:|1700207600\n|switch|p2a: Ogerpon|Ogerpon-Wellspring, L50, F|100\/100\n|turn|4\n|c|\u2606That_Leek|I could've protected\n|\n|t:|1700207614\n|move|p1b: Gambit|Protect|p1b: Gambit\n|-singleturn|p1b: Gambit|Protect\n|move|p1a: Bzzt|Electroweb|p2a: Ogerpon|[spread] p2a,p2b\n|-damage|p2a: Ogerpon|74\/100\n|-damage|p2b: Scream Tail|9\/100\n|-unboost|p2a: Ogerpon|spe|1\n|-unboost|p2b: Scream Tail|spe|1\n|move|p2b: Scream Tail|Howl|p2b: Scream Tail|[spread] p2a,p2b\n|-boost|p2a: Ogerpon|atk|1\n|-boost|p2b: Scream Tail|atk|1\n|move|p2a: Ogerpon|Horn Leech|p1a: Bzzt\n|-damage|p1a: Bzzt|0 fnt\n|-heal|p2a: Ogerpon|99\/100|[from] drain|[of] p1a: Bzzt\n|faint|p1a: Bzzt\n|\n|upkeep\n|c|\u2606That_Leek|I'm so mad\n|c|\u2606Zap-n-Tap|I have been that person\n|c|\u2606Zap-n-Tap|and I am as sorry as I can be considering\n|c|\u2606That_Leek|cause I would've done that normalley\n|inactive|Zap-n-Tap has 30 seconds left.\n|\n|t:|1700207640\n|switch|p1a: Giraffe|Farigiraf, L50, M, shiny|100\/100\n|turn|5\n|\n|t:|1700207656\n|-terastallize|p2a: Ogerpon|Water\n|detailschange|p2a: Ogerpon|Ogerpon-Wellspring-Tera, L50, F, tera:Water\n|-ability|p2a: Ogerpon|Embody Aspect (Wellspring)|boost\n|-boost|p2a: Ogerpon|spd|1\n|move|p2b: Scream Tail|Howl|p2b: Scream Tail|[spread] p2a,p2b\n|-boost|p2a: Ogerpon|atk|1\n|-boost|p2b: Scream Tail|atk|1\n|move|p2a: Ogerpon|Ivy Cudgel|p1b: Gambit|[anim] Ivy Cudgel Water\n|-supereffective|p1b: Gambit\n|-damage|p1b: Gambit|0 fnt\n|faint|p1b: Gambit\n|move|p1a: Giraffe|Trick Room|p1a: Giraffe\n|-fieldstart|move: Trick Room|[of] p1a: Giraffe\n|\n|upkeep\n|\n|t:|1700207667\n|switch|p1b: Turtella|Enamorus-Therian, L50, F|100\/100\n|turn|6\n|inactive|Zap-n-Tap has 30 seconds left.\n|inactive|That_Leek has 30 seconds left.\n|inactive|That_Leek has 20 seconds left.\n|\n|t:|1700207703\n|move|p1a: Giraffe|Helping Hand|p1b: Turtella\n|-singleturn|p1b: Turtella|Helping Hand|[of] p1a: Giraffe\n|move|p2a: Ogerpon|Spiky Shield|p2a: Ogerpon\n|-singleturn|p2a: Ogerpon|move: Protect\n|move|p1b: Turtella|Moonblast|p2a: Ogerpon\n|-activate|p2a: Ogerpon|move: Protect\n|move|p2b: Scream Tail|Disable|p1b: Turtella\n|-start|p1b: Turtella|Disable|Moonblast\n|\n|upkeep\n|turn|7\n|\n|t:|1700207718\n|move|p1a: Giraffe|Helping Hand|p1b: Turtella\n|-singleturn|p1b: Turtella|Helping Hand|[of] p1a: Giraffe\n|move|p1b: Turtella|Dazzling Gleam|p2b: Scream Tail|[spread] p2a,p2b\n|-damage|p2a: Ogerpon|66\/100\n|-damage|p2b: Scream Tail|0 fnt\n|faint|p2b: Scream Tail\n|-end|p2b: Scream Tail|Protosynthesis|[silent]\n|move|p2a: Ogerpon|Ivy Cudgel|p1a: Giraffe|[anim] Ivy Cudgel Water\n|-damage|p1a: Giraffe|0 fnt\n|faint|p1a: Giraffe\n|\n|upkeep\n|\n|t:|1700207726\n|switch|p2b: Chien-Pao|Chien-Pao, L50|100\/100\n|-ability|p2b: Chien-Pao|Sword of Ruin\n|turn|8\n|\n|t:|1700207731\n|move|p1b: Turtella|Dazzling Gleam|p2b: Chien-Pao|[spread] p2a,p2b\n|-supereffective|p2b: Chien-Pao\n|-damage|p2a: Ogerpon|44\/100\n|-enditem|p2b: Chien-Pao|Focus Sash\n|-damage|p2b: Chien-Pao|1\/100\n|move|p2a: Ogerpon|Ivy Cudgel|p1b: Turtella|[anim] Ivy Cudgel Water\n|-damage|p1b: Turtella|0 fnt\n|faint|p1b: Turtella\n|\n|win|That_Leek\n|raw|Zap-n-Tap's rating: 1485 &rarr; <strong>1469<\/strong><br \/>(-16 for losing)\n|raw|That_Leek's rating: 1561 &rarr; <strong>1577<\/strong><br \/>(+16 for winning)\n|c|\u2606Zap-n-Tap|ggs\n|c|\u2606That_Leek|gg\n","uploadtime":1700207740,"views":14,"p1id":"zapntap","p2id":"thatleek","formatid":"gen9vgc2023regulatione","rating":1469,"private":0,"password":""}