{"id":"gen9vgc2023regulatione-1990640199","p1":"hysaaron","p2":"tunker","format":"[Gen 9] VGC 2023 Regulation E","log":"|j|\u2606hysaaron\n|j|\u2606tunker\n|t:|1699987929\n|gametype|doubles\n|player|p1|hysaaron|170|1170\n|player|p2|tunker|265|1101\n|teamsize|p1|6\n|teamsize|p2|6\n|gen|9\n|tier|[Gen 9] VGC 2023 Regulation E\n|rated|\n|rule|Species Clause: Limit one of each Pok\u00e9mon\n|rule|Item Clause: Limit one of each item\n|clearpoke\n|poke|p1|Ninetales-Alola, L50, F|\n|poke|p1|Baxcalibur, L50, M|\n|poke|p1|Flutter Mane, L50|\n|poke|p1|Landorus-Therian, L50, M|\n|poke|p1|Ogerpon-Wellspring, L50, F|\n|poke|p1|Heatran, L50, F|\n|poke|p2|Sinistcha, L50|\n|poke|p2|Chien-Pao, L50|\n|poke|p2|Flutter Mane, L50|\n|poke|p2|Snorlax, L50, F|\n|poke|p2|Chansey, L50, F|\n|poke|p2|Ursaluna-Bloodmoon, L50, M|\n|teampreview|4\n|inactive|Battle timer is ON: inactive players will automatically lose when time's up. (requested by hysaaron)\n|inactive|hysaaron has 60 seconds left.\n|\n|t:|1699987984\n|start\n|switch|p1a: Ninetales|Ninetales-Alola, L50, F, shiny|100\/100\n|switch|p1b: Baxcalibur|Baxcalibur, L50, M, shiny|100\/100\n|switch|p2a: Flutter Mane|Flutter Mane, L50|100\/100\n|switch|p2b: Snorlax|Snorlax, L50, F|100\/100\n|-weather|Snow|[from] ability: Snow Warning|[of] p1a: Ninetales\n|-enditem|p2a: Flutter Mane|Booster Energy\n|-activate|p2a: Flutter Mane|ability: Protosynthesis|[fromitem]\n|-start|p2a: Flutter Mane|protosynthesisspe\n|turn|1\n|inactive|hysaaron has 30 seconds left.\n|inactive|tunker has 30 seconds left.\n|\n|t:|1699988015\n|-terastallize|p1b: Baxcalibur|Fire\n|move|p2b: Snorlax|Protect|p2b: Snorlax\n|-singleturn|p2b: Snorlax|Protect\n|move|p1a: Ninetales|Aurora Veil|p1a: Ninetales\n|-sidestart|p1: hysaaron|move: Aurora Veil\n|move|p1b: Baxcalibur|Swords Dance|p1b: Baxcalibur\n|-boost|p1b: Baxcalibur|atk|2\n|move|p2a: Flutter Mane|Trick Room|p2a: Flutter Mane\n|-fieldstart|move: Trick Room|[of] p2a: Flutter Mane\n|\n|-weather|Snow|[upkeep]\n|upkeep\n|turn|2\n|inactive|hysaaron has 30 seconds left.\n|inactive|hysaaron has 20 seconds left.\n|\n|t:|1699988051\n|switch|p1a: Heatran|Heatran, L50, F, shiny|100\/100\n|move|p2b: Snorlax|Belly Drum|p2b: Snorlax\n|-damage|p2b: Snorlax|50\/100\n|-setboost|p2b: Snorlax|atk|6|[from] move: Belly Drum\n|-enditem|p2b: Snorlax|Sitrus Berry|[eat]\n|-heal|p2b: Snorlax|75\/100|[from] item: Sitrus Berry\n|move|p1b: Baxcalibur|Icicle Spear|p2b: Snorlax\n|-damage|p2b: Snorlax|62\/100\n|-crit|p2b: Snorlax\n|-damage|p2b: Snorlax|42\/100\n|-damage|p2b: Snorlax|30\/100\n|-damage|p2b: Snorlax|19\/100\n|-hitcount|p2b: Snorlax|4\n|move|p2a: Flutter Mane|Moonblast|p1b: Baxcalibur\n|-resisted|p1b: Baxcalibur\n|-damage|p1b: Baxcalibur|82\/100\n|-unboost|p1b: Baxcalibur|spa|1\n|\n|-weather|Snow|[upkeep]\n|-heal|p1b: Baxcalibur|89\/100|[from] ability: Ice Body\n|upkeep\n|turn|3\n|inactive|hysaaron has 30 seconds left.\n|inactive|tunker has 30 seconds left.\n|inactive|hysaaron has 20 seconds left.\n|inactive|hysaaron has 15 seconds left.\n|inactive|hysaaron has 10 seconds left.\n|\n|t:|1699988099\n|-end|p2a: Flutter Mane|Protosynthesis|[silent]\n|switch|p2a: Sinistcha|Sinistcha, L50|100\/100\n|-heal|p2b: Snorlax|44\/100|[from] ability: Hospitality|[of] p2a: Sinistcha\n|move|p1a: Heatran|Protect|p1a: Heatran\n|-singleturn|p1a: Heatran|Protect\n|move|p2b: Snorlax|High Horsepower|p1a: Heatran\n|-activate|p1a: Heatran|move: Protect\n|move|p1b: Baxcalibur|Icicle Spear|p2a: Sinistcha\n|-supereffective|p2a: Sinistcha\n|-damage|p2a: Sinistcha|48\/100\n|-supereffective|p2a: Sinistcha\n|-damage|p2a: Sinistcha|0 fnt\n|faint|p2a: Sinistcha\n|-hitcount|p2: Sinistcha|2\n|\n|-weather|Snow|[upkeep]\n|-heal|p1b: Baxcalibur|95\/100|[from] ability: Ice Body\n|upkeep\n|\n|t:|1699988121\n|switch|p2a: Chien-Pao|Chien-Pao, L50|100\/100\n|-ability|p2a: Chien-Pao|Sword of Ruin\n|turn|4\n|\n|t:|1699988141\n|move|p1b: Baxcalibur|Protect|p1b: Baxcalibur\n|-singleturn|p1b: Baxcalibur|Protect\n|move|p2a: Chien-Pao|Protect|p2a: Chien-Pao\n|-singleturn|p2a: Chien-Pao|Protect\n|move|p2b: Snorlax|High Horsepower|p1a: Heatran\n|-supereffective|p1a: Heatran\n|-damage|p1a: Heatran|0 fnt\n|faint|p1a: Heatran\n|\n|-weather|Snow|[upkeep]\n|-heal|p1b: Baxcalibur|100\/100|[from] ability: Ice Body\n|upkeep\n|\n|t:|1699988156\n|switch|p1a: Ogerpon|Ogerpon-Wellspring, L50, F|100\/100\n|turn|5\n|\n|t:|1699988179\n|move|p1a: Ogerpon|Follow Me|p1a: Ogerpon\n|-singleturn|p1a: Ogerpon|move: Follow Me\n|move|p2b: Snorlax|Facade|p1a: Ogerpon\n|-damage|p1a: Ogerpon|0 fnt\n|faint|p1a: Ogerpon\n|move|p1b: Baxcalibur|Icicle Spear|p2b: Snorlax\n|-damage|p2b: Snorlax|26\/100\n|-damage|p2b: Snorlax|10\/100\n|-damage|p2b: Snorlax|0 fnt\n|faint|p2b: Snorlax\n|-hitcount|p2: Snorlax|3\n|move|p2a: Chien-Pao|Sacred Sword|p1b: Baxcalibur\n|-damage|p1b: Baxcalibur|71\/100\n|\n|-weather|none\n|-fieldend|move: Trick Room\n|upkeep\n|\n|t:|1699988196\n|switch|p1a: Ninetales|Ninetales-Alola, L50, F, shiny|100\/100\n|switch|p2b: Flutter Mane|Flutter Mane, L50|100\/100\n|-weather|Snow|[from] ability: Snow Warning|[of] p1a: Ninetales\n|turn|6\n|inactive|tunker has 30 seconds left.\n|\n|t:|1699988226\n|-terastallize|p2a: Chien-Pao|Dark\n|move|p1b: Baxcalibur|Protect|p1b: Baxcalibur\n|-singleturn|p1b: Baxcalibur|Protect\n|move|p2a: Chien-Pao|Sucker Punch||[still]\n|-fail|p2a: Chien-Pao\n|move|p2b: Flutter Mane|Shadow Ball|p1b: Baxcalibur\n|-activate|p1b: Baxcalibur|move: Protect\n|move|p1a: Ninetales|Icy Wind|p2b: Flutter Mane|[spread] p2a,p2b\n|-damage|p2a: Chien-Pao|80\/100\n|-damage|p2b: Flutter Mane|87\/100\n|-unboost|p2a: Chien-Pao|spe|1\n|-unboost|p2b: Flutter Mane|spe|1\n|\n|-weather|Snow|[upkeep]\n|-heal|p1b: Baxcalibur|77\/100|[from] ability: Ice Body\n|upkeep\n|turn|7\n|\n|t:|1699988249\n|move|p2a: Chien-Pao|Sucker Punch|p1b: Baxcalibur\n|-damage|p1b: Baxcalibur|31\/100\n|move|p1a: Ninetales|Moonblast|p2a: Chien-Pao\n|-supereffective|p2a: Chien-Pao\n|-damage|p2a: Chien-Pao|0 fnt\n|faint|p2a: Chien-Pao\n|move|p1b: Baxcalibur|Icicle Spear|p2b: Flutter Mane\n|-damage|p2b: Flutter Mane|13\/100\n|-damage|p2b: Flutter Mane|0 fnt\n|faint|p2b: Flutter Mane\n|-end|p2b: Flutter Mane|Protosynthesis|[silent]\n|-hitcount|p2: Flutter Mane|2\n|\n|win|hysaaron\n|raw|hysaaron's rating: 1170 &rarr; <strong>1190<\/strong><br \/>(+20 for winning)\n|raw|tunker's rating: 1101 &rarr; <strong>1081<\/strong><br \/>(-20 for losing)\n|l|\u2606tunker\n","uploadtime":1699988265,"views":7,"p1id":"hysaaron","p2id":"tunker","formatid":"gen9vgc2023regulatione","rating":1081,"private":0,"password":""}