{"id":"gen9vgc2023regulatione-1996685559","p1":"LaRedPanda","p2":"dhaup4","format":"[Gen 9] VGC 2023 Regulation E","log":"|j|\u2606LaRedPanda\n|j|\u2606dhaup4\n|t:|1700709551\n|gametype|doubles\n|player|p1|LaRedPanda|roxie|1194\n|player|p2|dhaup4|1|1184\n|teamsize|p1|6\n|teamsize|p2|6\n|gen|9\n|tier|[Gen 9] VGC 2023 Regulation E\n|rated|\n|rule|Species Clause: Limit one of each Pok\u00e9mon\n|rule|Item Clause: Limit one of each item\n|clearpoke\n|poke|p1|Armarouge, L50, F|\n|poke|p1|Farigiraf, L50, M|\n|poke|p1|Indeedee-F, L50, F|\n|poke|p1|Annihilape, L50, F|\n|poke|p1|Sinistcha, L50|\n|poke|p1|Mienshao, L50, F|\n|poke|p2|Annihilape, L50, F|\n|poke|p2|Maushold, L50|\n|poke|p2|Grimmsnarl, L50, M|\n|poke|p2|Sinistcha-Masterpiece, L50|\n|poke|p2|Spectrier, L50|\n|poke|p2|Glimmora, L50, M|\n|teampreview|4\n|\n|t:|1700709564\n|start\n|switch|p1a: Farigiraf|Farigiraf, L50, M|100\/100\n|switch|p1b: Armarouge|Armarouge, L50, F|100\/100\n|switch|p2a: Spectrier|Spectrier, L50|100\/100\n|switch|p2b: Glimmora|Glimmora, L50, M|100\/100\n|turn|1\n|\n|t:|1700709614\n|move|p2b: Glimmora|Acid Spray|p1a: Farigiraf\n|-damage|p1a: Farigiraf|83\/100\n|move|p2a: Spectrier|Dark Pulse|p1a: Farigiraf\n|-supereffective|p1a: Farigiraf\n|-damage|p1a: Farigiraf|18\/100\n|move|p1a: Farigiraf|Beat Up|p1b: Armarouge\n|-supereffective|p1b: Armarouge\n|-damage|p1b: Armarouge|96\/100\n|-ability|p1b: Armarouge|Weak Armor|boost\n|-unboost|p1b: Armarouge|def|1\n|-boost|p1b: Armarouge|spe|2\n|-enditem|p1b: Armarouge|Weakness Policy\n|-boost|p1b: Armarouge|atk|2|[from] item: Weakness Policy\n|-boost|p1b: Armarouge|spa|2|[from] item: Weakness Policy\n|-supereffective|p1b: Armarouge\n|-damage|p1b: Armarouge|91\/100\n|-ability|p1b: Armarouge|Weak Armor|boost\n|-unboost|p1b: Armarouge|def|1\n|-boost|p1b: Armarouge|spe|2\n|-supereffective|p1b: Armarouge\n|-damage|p1b: Armarouge|84\/100\n|-ability|p1b: Armarouge|Weak Armor|boost\n|-unboost|p1b: Armarouge|def|1\n|-boost|p1b: Armarouge|spe|2\n|-supereffective|p1b: Armarouge\n|-damage|p1b: Armarouge|72\/100\n|-ability|p1b: Armarouge|Weak Armor|boost\n|-unboost|p1b: Armarouge|def|1\n|-hitcount|p1b: Armarouge|4\n|move|p1b: Armarouge|Stored Power|p2b: Glimmora\n|-supereffective|p2b: Glimmora\n|-damage|p2b: Glimmora|0 fnt\n|faint|p2b: Glimmora\n|\n|upkeep\n|\n|t:|1700709644\n|switch|p2b: Maushold|Maushold, L50|100\/100\n|turn|2\n|\n|t:|1700709657\n|switch|p1a: Sinistcha|Sinistcha, L50|100\/100\n|-heal|p1b: Armarouge|97\/100|[from] ability: Hospitality|[of] p1a: Sinistcha\n|-terastallize|p2a: Spectrier|Ghost\n|move|p1b: Armarouge|Stored Power|p2a: Spectrier\n|-enditem|p2a: Spectrier|Focus Sash\n|-damage|p2a: Spectrier|1\/100\n|move|p2a: Spectrier|Shadow Ball|p1b: Armarouge\n|-supereffective|p1b: Armarouge\n|-damage|p1b: Armarouge|0 fnt\n|faint|p1b: Armarouge\n|-ability|p2a: Spectrier|Grim Neigh|boost\n|-boost|p2a: Spectrier|spa|1\n|move|p2b: Maushold|Beat Up|p1a: Sinistcha\n|-supereffective|p1a: Sinistcha\n|-damage|p1a: Sinistcha|97\/100\n|-supereffective|p1a: Sinistcha\n|-damage|p1a: Sinistcha|94\/100\n|-supereffective|p1a: Sinistcha\n|-damage|p1a: Sinistcha|89\/100\n|-hitcount|p1a: Sinistcha|3\n|\n|upkeep\n|\n|t:|1700709679\n|switch|p1b: Mienshao|Mienshao, L50, F|100\/100\n|turn|3\n|\n|t:|1700709699\n|-terastallize|p1a: Sinistcha|Water\n|move|p2b: Maushold|Follow Me|p2b: Maushold\n|-singleturn|p2b: Maushold|move: Follow Me\n|move|p2a: Spectrier|Draining Kiss|p1b: Mienshao\n|-supereffective|p1b: Mienshao\n|-damage|p1b: Mienshao|2\/100\n|-heal|p2a: Spectrier|60\/100|[from] drain|[of] p1b: Mienshao\n|move|p1b: Mienshao|Close Combat|p2b: Maushold\n|-supereffective|p2b: Maushold\n|-damage|p2b: Maushold|0 fnt\n|-unboost|p1b: Mienshao|def|1\n|-unboost|p1b: Mienshao|spd|1\n|-damage|p1b: Mienshao|0 fnt|[from] item: Rocky Helmet|[of] p2b: Maushold\n|faint|p2b: Maushold\n|faint|p1b: Mienshao\n|move|p1a: Sinistcha|Matcha Gotcha|p2a: Spectrier\n|-damage|p2a: Spectrier|23\/100\n|-heal|p1a: Sinistcha|100\/100|[from] drain|[of] p2a: Spectrier\n|\n|upkeep\n|\n|t:|1700709717\n|switch|p1b: Farigiraf|Farigiraf, L50, M|18\/100\n|switch|p2b: Annihilape|Annihilape, L50, F|100\/100\n|turn|4\n|\n|t:|1700709735\n|move|p1a: Sinistcha|Protect|p1a: Sinistcha\n|-singleturn|p1a: Sinistcha|Protect\n|move|p2a: Spectrier|Shadow Ball|p1a: Sinistcha\n|-activate|p1a: Sinistcha|move: Protect\n|move|p2b: Annihilape|Bulk Up|p2b: Annihilape\n|-boost|p2b: Annihilape|atk|1\n|-boost|p2b: Annihilape|def|1\n|move|p1b: Farigiraf|Trick Room|p1b: Farigiraf\n|-fieldstart|move: Trick Room|[of] p1b: Farigiraf\n|\n|upkeep\n|turn|5\n|\n|t:|1700709751\n|move|p2a: Spectrier|Protect|p2a: Spectrier\n|-singleturn|p2a: Spectrier|Protect\n|move|p1b: Farigiraf|Psychic|p2b: Annihilape\n|-supereffective|p2b: Annihilape\n|-damage|p2b: Annihilape|47\/100\n|move|p1a: Sinistcha|Matcha Gotcha|p2b: Annihilape|[spread] p2b\n|-activate|p2a: Spectrier|move: Protect\n|-damage|p2b: Annihilape|32\/100\n|move|p2b: Annihilape|Drain Punch|p1b: Farigiraf\n|-damage|p1b: Farigiraf|0 fnt\n|-heal|p2b: Annihilape|41\/100|[from] drain|[of] p1b: Farigiraf\n|faint|p1b: Farigiraf\n|\n|-heal|p2b: Annihilape|47\/100|[from] item: Leftovers\n|upkeep\n|turn|6\n|\n|t:|1700709776\n|move|p1a: Sinistcha|Matcha Gotcha|p2b: Annihilape|[spread] p2a,p2b\n|-crit|p2a: Spectrier\n|-damage|p2a: Spectrier|0 fnt\n|-damage|p2b: Annihilape|31\/100\n|-status|p2b: Annihilape|brn\n|faint|p2a: Spectrier\n|move|p2b: Annihilape|Rage Fist|p1a: Sinistcha\n|-crit|p1a: Sinistcha\n|-damage|p1a: Sinistcha|38\/100\n|-enditem|p1a: Sinistcha|Sitrus Berry|[eat]\n|-heal|p1a: Sinistcha|63\/100|[from] item: Sitrus Berry\n|\n|-heal|p2b: Annihilape|37\/100 brn|[from] item: Leftovers\n|-damage|p2b: Annihilape|31\/100 brn|[from] brn\n|upkeep\n|turn|7\n|\n|t:|1700709791\n|move|p2b: Annihilape|Protect|p2b: Annihilape\n|-singleturn|p2b: Annihilape|Protect\n|move|p1a: Sinistcha|Matcha Gotcha|p2b: Annihilape\n|-activate|p2b: Annihilape|move: Protect\n|\n|-heal|p2b: Annihilape|37\/100 brn|[from] item: Leftovers\n|-damage|p2b: Annihilape|31\/100 brn|[from] brn\n|upkeep\n|turn|8\n|\n|t:|1700709803\n|move|p1a: Sinistcha|Matcha Gotcha|p2b: Annihilape\n|-damage|p2b: Annihilape|9\/100 brn\n|-heal|p1a: Sinistcha|77\/100|[from] drain|[of] p2b: Annihilape\n|move|p2b: Annihilape|Drain Punch|p1a: Sinistcha\n|-damage|p1a: Sinistcha|58\/100\n|-heal|p2b: Annihilape|17\/100 brn|[from] drain|[of] p1a: Sinistcha\n|\n|-heal|p2b: Annihilape|23\/100 brn|[from] item: Leftovers\n|-damage|p2b: Annihilape|17\/100 brn|[from] brn\n|-fieldend|move: Trick Room\n|upkeep\n|turn|9\n|\n|t:|1700709823\n|move|p2b: Annihilape|Drain Punch|p1a: Sinistcha\n|-damage|p1a: Sinistcha|43\/100\n|-heal|p2b: Annihilape|23\/100 brn|[from] drain|[of] p1a: Sinistcha\n|move|p1a: Sinistcha|Matcha Gotcha|p2b: Annihilape\n|-damage|p2b: Annihilape|2\/100 brn\n|-heal|p1a: Sinistcha|56\/100|[from] drain|[of] p2b: Annihilape\n|\n|-heal|p2b: Annihilape|8\/100 brn|[from] item: Leftovers\n|-damage|p2b: Annihilape|2\/100 brn|[from] brn\n|upkeep\n|turn|10\n|\n|t:|1700709837\n|move|p2b: Annihilape|Rage Fist|p1a: Sinistcha\n|-damage|p1a: Sinistcha|0 fnt\n|faint|p1a: Sinistcha\n|\n|win|dhaup4\n|raw|LaRedPanda's rating: 1194 &rarr; <strong>1168<\/strong><br \/>(-26 for losing)\n|raw|dhaup4's rating: 1184 &rarr; <strong>1210<\/strong><br \/>(+26 for winning)\n","uploadtime":1700709859,"views":17,"p1id":"laredpanda","p2id":"dhaup4","formatid":"gen9vgc2023regulatione","rating":1168,"private":0,"password":""}