{"id":"gen9vgc2023regulatione-1992502578","p1":"Shneakster","p2":"kakdaddy","format":"[Gen 9] VGC 2023 Regulation E","log":"|j|\u2606Shneakster\n|j|\u2606kakdaddy\n|t:|1700195948\n|gametype|doubles\n|player|p1|Shneakster|bianca|1158\n|player|p2|kakdaddy|266|1153\n|teamsize|p1|6\n|teamsize|p2|6\n|gen|9\n|tier|[Gen 9] VGC 2023 Regulation E\n|rated|\n|rule|Species Clause: Limit one of each Pok\u00e9mon\n|rule|Item Clause: Limit one of each item\n|clearpoke\n|poke|p1|Dusclops, L50, M|\n|poke|p1|Rillaboom, L50, M|\n|poke|p1|Hariyama, L50, M|\n|poke|p1|Ursaluna-Bloodmoon, L50, M|\n|poke|p1|Iron Hands, L50|\n|poke|p1|Zapdos, L50|\n|poke|p2|Kingambit, L50, M|\n|poke|p2|Ogerpon-Hearthflame, L50, F|\n|poke|p2|Tornadus, L50, M|\n|poke|p2|Flutter Mane, L50|\n|poke|p2|Urshifu-*, L50, F|\n|poke|p2|Landorus-Therian, L50, M|\n|teampreview|4\n|inactive|Battle timer is ON: inactive players will automatically lose when time's up. (requested by Shneakster)\n|c|\u2606kakdaddy|oh\n|c|\u2606kakdaddy|exciting\n|\n|t:|1700195969\n|start\n|switch|p1a: CLOPS|Dusclops, L50, M, shiny|100\/100\n|switch|p1b: Sumo Hands|Hariyama, L50, M, shiny|100\/100\n|switch|p2a: Landorus|Landorus-Therian, L50, M|100\/100\n|switch|p2b: Flutter Mane|Flutter Mane, L50|100\/100\n|-ability|p2a: Landorus|Intimidate|boost\n|-unboost|p1a: CLOPS|atk|1\n|-unboost|p1b: Sumo Hands|atk|1\n|-item|p2a: Landorus|Choice Scarf|[from] ability: Frisk|[of] p1a: CLOPS|[identify]\n|-item|p2b: Flutter Mane|Booster Energy|[from] ability: Frisk|[of] p1a: CLOPS|[identify]\n|-enditem|p2b: Flutter Mane|Booster Energy\n|-activate|p2b: Flutter Mane|ability: Protosynthesis|[fromitem]\n|-start|p2b: Flutter Mane|protosynthesisspe\n|turn|1\n|\n|t:|1700195987\n|-terastallize|p1b: Sumo Hands|Steel\n|move|p1b: Sumo Hands|Fake Out|p2a: Landorus\n|-crit|p2a: Landorus\n|-damage|p2a: Landorus|74\/100\n|move|p2b: Flutter Mane|Icy Wind|p1b: Sumo Hands|[spread] p1a,p1b\n|-resisted|p1b: Sumo Hands\n|-crit|p1b: Sumo Hands\n|-damage|p1a: CLOPS|92\/100\n|-damage|p1b: Sumo Hands|91\/100\n|-unboost|p1a: CLOPS|spe|1\n|-unboost|p1b: Sumo Hands|spe|1\n|cant|p2a: Landorus|flinch\n|move|p1a: CLOPS|Trick Room|p1a: CLOPS\n|-fieldstart|move: Trick Room|[of] p1a: CLOPS\n|\n|-status|p1b: Sumo Hands|brn|[from] item: Flame Orb\n|upkeep\n|turn|2\n|\n|t:|1700196008\n|-terastallize|p2a: Landorus|Flying\n|move|p1b: Sumo Hands|Bullet Punch|p2b: Flutter Mane\n|-supereffective|p2b: Flutter Mane\n|-damage|p2b: Flutter Mane|31\/100\n|move|p1a: CLOPS|Will-O-Wisp|p2a: Landorus\n|-status|p2a: Landorus|brn\n|move|p2a: Landorus|Stomping Tantrum|p1b: Sumo Hands\n|-supereffective|p1b: Sumo Hands\n|-damage|p1b: Sumo Hands|0 fnt\n|faint|p1b: Sumo Hands\n|move|p2b: Flutter Mane|Trick Room|p2b: Flutter Mane\n|-fieldend|move: Trick Room\n|\n|-damage|p2a: Landorus|69\/100 brn|[from] brn\n|upkeep\n|\n|t:|1700196023\n|switch|p1b: Zapdos|Zapdos, L50|100\/100\n|turn|3\n|\n|t:|1700196029\n|move|p2b: Flutter Mane|Icy Wind|p1b: Zapdos|[spread] p1a,p1b\n|-supereffective|p1b: Zapdos\n|-damage|p1a: CLOPS|83\/100\n|-damage|p1b: Zapdos|68\/100\n|-unboost|p1a: CLOPS|spe|1\n|-unboost|p1b: Zapdos|spe|1\n|move|p2a: Landorus|Stomping Tantrum|p1a: CLOPS\n|-damage|p1a: CLOPS|73\/100\n|move|p1b: Zapdos|Discharge|p2b: Flutter Mane|[spread] p1a,p2a,p2b\n|-supereffective|p2a: Landorus\n|-damage|p1a: CLOPS|56\/100\n|-damage|p2a: Landorus|0 fnt\n|-damage|p2b: Flutter Mane|3\/100\n|-status|p1a: CLOPS|par\n|faint|p2a: Landorus\n|move|p1a: CLOPS|Trick Room|p1a: CLOPS\n|-fieldstart|move: Trick Room|[of] p1a: CLOPS\n|\n|upkeep\n|\n|t:|1700196038\n|switch|p2a: Tornadus|Tornadus, L50, M|100\/100\n|turn|4\n|\n|t:|1700196051\n|move|p1a: CLOPS|Night Shade|p2a: Tornadus\n|-damage|p2a: Tornadus|73\/100\n|move|p1b: Zapdos|Discharge|p2b: Flutter Mane|[spread] p1a,p2a,p2b\n|-supereffective|p2a: Tornadus\n|-damage|p1a: CLOPS|38\/100 par\n|-damage|p2a: Tornadus|4\/100\n|-damage|p2b: Flutter Mane|0 fnt\n|-enditem|p2a: Tornadus|Sitrus Berry|[eat]\n|-heal|p2a: Tornadus|29\/100|[from] item: Sitrus Berry\n|faint|p2b: Flutter Mane\n|-end|p2b: Flutter Mane|Protosynthesis|[silent]\n|move|p2a: Tornadus|Bleakwind Storm|p1a: CLOPS|[spread] p1b\n|-miss|p2a: Tornadus|p1a: CLOPS\n|-resisted|p1b: Zapdos\n|-damage|p1b: Zapdos|45\/100\n|\n|upkeep\n|\n|t:|1700196063\n|switch|p2b: Urshifu|Urshifu-Rapid-Strike, L50, F|100\/100\n|turn|5\n|\n|t:|1700196073\n|move|p2b: Urshifu|Protect|p2b: Urshifu\n|-singleturn|p2b: Urshifu|Protect\n|move|p2a: Tornadus|Rain Dance|p2a: Tornadus\n|-weather|RainDance\n|cant|p1a: CLOPS|par\n|move|p1b: Zapdos|Discharge|p2a: Tornadus|[spread] p1a,p2a\n|-activate|p2b: Urshifu|move: Protect\n|-supereffective|p2a: Tornadus\n|-damage|p1a: CLOPS|19\/100 par\n|-damage|p2a: Tornadus|0 fnt\n|faint|p2a: Tornadus\n|\n|-weather|RainDance|[upkeep]\n|upkeep\n|turn|6\n|\n|t:|1700196097\n|move|p2b: Urshifu|Aqua Jet|p1b: Zapdos\n|-damage|p1b: Zapdos|10\/100\n|-enditem|p1b: Zapdos|Kee Berry|[eat]\n|-boost|p1b: Zapdos|def|1|[from] item: Kee Berry\n|move|p1a: CLOPS|Will-O-Wisp|p2b: Urshifu|[miss]\n|-miss|p1a: CLOPS|p2b: Urshifu\n|move|p1b: Zapdos|Roost|p1b: Zapdos\n|-heal|p1b: Zapdos|60\/100\n|-singleturn|p1b: Zapdos|move: Roost\n|\n|-weather|RainDance|[upkeep]\n|upkeep\n|turn|7\n|\n|t:|1700196115\n|move|p2b: Urshifu|Protect|p2b: Urshifu\n|-singleturn|p2b: Urshifu|Protect\n|cant|p1a: CLOPS|par\n|move|p1b: Zapdos|Roost|p1b: Zapdos\n|-heal|p1b: Zapdos|100\/100\n|-singleturn|p1b: Zapdos|move: Roost\n|\n|-weather|RainDance|[upkeep]\n|-fieldend|move: Trick Room\n|upkeep\n|turn|8\n|\n|t:|1700196130\n|move|p2b: Urshifu|Surging Strikes|p1b: Zapdos\n|-crit|p1b: Zapdos\n|-damage|p1b: Zapdos|66\/100\n|-status|p2b: Urshifu|par|[from] ability: Static|[of] p1b: Zapdos\n|-crit|p1b: Zapdos\n|-damage|p1b: Zapdos|32\/100\n|-crit|p1b: Zapdos\n|-damage|p1b: Zapdos|0 fnt\n|faint|p1b: Zapdos\n|-hitcount|p1: Zapdos|3\n|move|p1a: CLOPS|Will-O-Wisp||[still]\n|-fail|p1a: CLOPS\n|\n|-weather|RainDance|[upkeep]\n|upkeep\n|\n|t:|1700196143\n|switch|p1b: \ud83c\udd71\ufe0fUrsaluna|Ursaluna-Bloodmoon, L50, M|100\/100\n|turn|9\n|\n|t:|1700196152\n|move|p2b: Urshifu|Aqua Jet|p1a: CLOPS\n|-damage|p1a: CLOPS|0 fnt\n|faint|p1a: CLOPS\n|move|p1b: \ud83c\udd71\ufe0fUrsaluna|Blood Moon|p2b: Urshifu\n|-enditem|p2b: Urshifu|Focus Sash\n|-damage|p2b: Urshifu|1\/100 par\n|\n|-weather|none\n|upkeep\n|turn|10\n|\n|t:|1700196163\n|move|p1b: \ud83c\udd71\ufe0fUrsaluna|Vacuum Wave|p2b: Urshifu\n|-damage|p2b: Urshifu|0 fnt\n|faint|p2b: Urshifu\n|\n|win|Shneakster\n|raw|Shneakster's rating: 1158 &rarr; <strong>1183<\/strong><br \/>(+25 for winning)\n|raw|kakdaddy's rating: 1153 &rarr; <strong>1128<\/strong><br \/>(-25 for losing)\n","uploadtime":1700196169,"views":15,"p1id":"shneakster","p2id":"kakdaddy","formatid":"gen9vgc2023regulatione","rating":1128,"private":0,"password":""}