{"id":"gen9vgc2023regulatione-1999835136","p1":"Tiger58","p2":"Gastrogid","format":"[Gen 9] VGC 2023 Regulation E","log":"|j|\u2606Tiger58\n|j|\u2606Gastrogid\n|t:|1701121167\n|gametype|doubles\n|player|p1|Tiger58|101|1291\n|player|p2|Gastrogid|pokemaniac|1253\n|teamsize|p1|6\n|teamsize|p2|6\n|gen|9\n|tier|[Gen 9] VGC 2023 Regulation E\n|rated|\n|rule|Species Clause: Limit one of each Pok\u00e9mon\n|rule|Item Clause: Limit one of each item\n|clearpoke\n|poke|p1|Luxray, L50, M|\n|poke|p1|Sinistcha, L50|\n|poke|p1|Cresselia, L50, F|\n|poke|p1|Garganacl, L50, M|\n|poke|p1|Palafin, L50, M|\n|poke|p1|Scizor, L50, M|\n|poke|p2|Iron Hands, L50|\n|poke|p2|Salamence, L50, F|\n|poke|p2|Arcanine-Hisui, L50, F|\n|poke|p2|Gholdengo, L50|\n|poke|p2|Kommo-o, L50, M|\n|poke|p2|Indeedee-F, L50, F|\n|teampreview|4\nGastrogid has agreed to open team sheets.\n|inactive|Battle timer is ON: inactive players will automatically lose when time's up. (requested by Gastrogid)\nTiger58 has agreed to open team sheets.\n|inactive|Tiger58 has 30 seconds left.\n|inactive|Gastrogid has 30 seconds left.\n|inactive|Tiger58 has 20 seconds left.\n|inactive|Gastrogid has 20 seconds left.\n|inactive|Tiger58 has 15 seconds left.\n|inactive|Gastrogid has 15 seconds left.\n|inactive|Tiger58 has 10 seconds left.\n|inactive|Gastrogid has 10 seconds left.\n|inactive|Tiger58 has 5 seconds left.\n|inactive|Gastrogid has 5 seconds left.\n|\n|t:|1701121237\n|start\n|switch|p1a: Luxray|Luxray, L50, M|100\/100\n|switch|p1b: Palafin|Palafin, L50, M|100\/100\n|switch|p2a: Indeedee|Indeedee-F, L50, F|100\/100\n|switch|p2b: Kommo-o|Kommo-o, L50, M|100\/100\n|-fieldstart|move: Psychic Terrain|[from] ability: Psychic Surge|[of] p2a: Indeedee\n|-enditem|p2a: Indeedee|Psychic Seed\n|-boost|p2a: Indeedee|spd|1|[from] item: Psychic Seed\n|-ability|p1a: Luxray|Intimidate|boost\n|-unboost|p2a: Indeedee|atk|1\n|-unboost|p2b: Kommo-o|atk|1\n|turn|1\n|inactive|Tiger58 has 30 seconds left.\n|inactive|Gastrogid has 30 seconds left.\n|inactive|Gastrogid has 20 seconds left.\n|inactive|Gastrogid has 15 seconds left.\n|\n|t:|1701121282\n|move|p1b: Palafin|Flip Turn|p2a: Indeedee\n|-damage|p2a: Indeedee|76\/100\n|\n|t:|1701121286\n|detailschange|p1b: Palafin|Palafin-Hero, L50, M\n|switch|p1b: Cresselia|Cresselia, L50, F|100\/100|[from] Flip Turn\n|move|p2b: Kommo-o|Clangorous Soul|p2b: Kommo-o\n|-boost|p2b: Kommo-o|atk|1\n|-boost|p2b: Kommo-o|def|1\n|-boost|p2b: Kommo-o|spa|1\n|-boost|p2b: Kommo-o|spd|1\n|-boost|p2b: Kommo-o|spe|1\n|-damage|p2b: Kommo-o|68\/100\n|-enditem|p2b: Kommo-o|Throat Spray\n|-boost|p2b: Kommo-o|spa|1|[from] item: Throat Spray\n|move|p2a: Indeedee|Heal Pulse|p2b: Kommo-o\n|-heal|p2b: Kommo-o|100\/100\n|move|p1a: Luxray|Snarl|p2a: Indeedee|[spread] p2a,p2b\n|-supereffective|p2a: Indeedee\n|-resisted|p2b: Kommo-o\n|-damage|p2a: Indeedee|65\/100\n|-damage|p2b: Kommo-o|97\/100\n|-unboost|p2a: Indeedee|spa|1\n|-unboost|p2b: Kommo-o|spa|1\n|\n|upkeep\n|turn|2\n|inactive|Gastrogid has 30 seconds left.\n|inactive|Gastrogid has 20 seconds left.\n|inactive|Gastrogid has 15 seconds left.\n|inactive|Gastrogid has 10 seconds left.\n|inactive|Gastrogid has 5 seconds left.\n|\n|t:|1701121338\n|-terastallize|p2b: Kommo-o|Steel\n|move|p2b: Kommo-o|Clanging Scales|p1b: Cresselia|[spread] p1a,p1b\n|-damage|p1a: Luxray|52\/100\n|-damage|p1b: Cresselia|72\/100\n|-unboost|p2b: Kommo-o|def|1\n|move|p1b: Cresselia|Icy Wind|p2a: Indeedee|[spread] p2a,p2b\n|-resisted|p2b: Kommo-o\n|-damage|p2a: Indeedee|60\/100\n|-damage|p2b: Kommo-o|95\/100\n|-unboost|p2a: Indeedee|spe|1\n|-unboost|p2b: Kommo-o|spe|1\n|move|p1a: Luxray|Thunder Wave|p2b: Kommo-o\n|-status|p2b: Kommo-o|par\n|move|p2a: Indeedee|Trick Room|p2a: Indeedee\n|-fieldstart|move: Trick Room|[of] p2a: Indeedee\n|\n|upkeep\n|turn|3\n|inactive|Gastrogid has 30 seconds left.\n|\n|t:|1701121370\n|switch|p2a: Iron Hands|Iron Hands, L50|100\/100\n|move|p2b: Kommo-o|Flash Cannon|p1b: Cresselia\n|-damage|p1b: Cresselia|41\/100\n|move|p1a: Luxray|Snarl|p2a: Iron Hands|[spread] p2a,p2b\n|-resisted|p2a: Iron Hands\n|-damage|p2a: Iron Hands|98\/100\n|-damage|p2b: Kommo-o|87\/100 par\n|-unboost|p2a: Iron Hands|spa|1\n|-unboost|p2b: Kommo-o|spa|1\n|move|p1b: Cresselia|Lunar Blessing|p1b: Cresselia|[spread] p1a,p1b\n|-heal|p1a: Luxray|78\/100\n|-heal|p1b: Cresselia|66\/100\n|\n|upkeep\n|turn|4\n|\n|t:|1701121393\n|move|p2b: Kommo-o|Clangorous Soul|p2b: Kommo-o\n|-boost|p2b: Kommo-o|atk|1\n|-boost|p2b: Kommo-o|def|1\n|-boost|p2b: Kommo-o|spa|1\n|-boost|p2b: Kommo-o|spd|1\n|-boost|p2b: Kommo-o|spe|1\n|-damage|p2b: Kommo-o|55\/100 par\n|move|p2a: Iron Hands|Heavy Slam|p1b: Cresselia\n|-damage|p1b: Cresselia|35\/100\n|move|p1a: Luxray|Volt Switch|p2b: Kommo-o\n|-damage|p2b: Kommo-o|41\/100 par\n|\n|t:|1701121407\n|switch|p1a: Garganacl|Garganacl, L50, M|100\/100|[from] Volt Switch\n|move|p1b: Cresselia|Lunar Blessing|p1b: Cresselia|[spread] p1a,p1b\n|-heal|p1b: Cresselia|60\/100\n|\n|upkeep\n|turn|5\n|inactive|Gastrogid has 30 seconds left.\n|inactive|Gastrogid has 20 seconds left.\n|\n|t:|1701121443\n|-terastallize|p1a: Garganacl|Ghost\n|move|p1a: Garganacl|Salt Cure|p2b: Kommo-o\n|-resisted|p2b: Kommo-o\n|-damage|p2b: Kommo-o|38\/100 par\n|-start|p2b: Kommo-o|Salt Cure\n|move|p2a: Iron Hands|Heavy Slam|p1b: Cresselia\n|-damage|p1b: Cresselia|30\/100\n|move|p2b: Kommo-o|Clanging Scales|p1b: Cresselia|[spread] p1a,p1b\n|-damage|p1a: Garganacl|61\/100\n|-damage|p1b: Cresselia|0 fnt\n|faint|p1b: Cresselia\n|-enditem|p1a: Garganacl|Maranga Berry|[eat]\n|-boost|p1a: Garganacl|spd|1|[from] item: Maranga Berry\n|-unboost|p2b: Kommo-o|def|1\n|\n|-damage|p2b: Kommo-o|13\/100 par|[from] Salt Cure\n|-fieldend|move: Psychic Terrain\n|upkeep\n|\n|t:|1701121460\n|switch|p1b: Luxray|Luxray, L50, M|78\/100\n|-ability|p1b: Luxray|Intimidate|boost\n|-unboost|p2a: Iron Hands|atk|1\n|-unboost|p2b: Kommo-o|atk|1\n|turn|6\n|\n|t:|1701121476\n|move|p1a: Garganacl|Body Press|p2b: Kommo-o\n|-supereffective|p2b: Kommo-o\n|-damage|p2b: Kommo-o|0 fnt\n|faint|p2b: Kommo-o\n|move|p2a: Iron Hands|Drain Punch|p1b: Luxray\n|-damage|p1b: Luxray|45\/100\n|-heal|p2a: Iron Hands|100\/100|[from] drain|[of] p1b: Luxray\n|-damage|p2a: Iron Hands|84\/100|[from] item: Rocky Helmet|[of] p1b: Luxray\n|move|p1b: Luxray|Volt Switch|p2a: Iron Hands\n|-resisted|p2a: Iron Hands\n|-damage|p2a: Iron Hands|78\/100\n|\n|t:|1701121483\n|switch|p1b: Palafin|Palafin-Hero, L50, M|100\/100|[from] Volt Switch\n|-activate|p1b: Palafin|ability: Zero to Hero\n|\n|-fieldend|move: Trick Room\n|upkeep\n|inactive|Gastrogid has 30 seconds left.\n|\n|t:|1701121509\n|switch|p2b: Salamence|Salamence, L50, F|100\/100\n|-ability|p2b: Salamence|Intimidate|boost\n|-unboost|p1a: Garganacl|atk|1\n|-unboost|p1b: Palafin|atk|1\n|turn|7\n|\n|t:|1701121523\n|switch|p1b: Luxray|Luxray, L50, M|45\/100\n|-ability|p1b: Luxray|Intimidate|boost\n|-unboost|p2a: Iron Hands|atk|1\n|-unboost|p2b: Salamence|atk|1\n|-end|p2a: Iron Hands|Quark Drive|[silent]\n|switch|p2a: Indeedee|Indeedee-F, L50, F|60\/100\n|-fieldstart|move: Psychic Terrain|[from] ability: Psychic Surge|[of] p2a: Indeedee\n|move|p2b: Salamence|Air Slash|p1a: Garganacl\n|-damage|p1a: Garganacl|46\/100\n|cant|p1a: Garganacl|flinch\n|\n|upkeep\n|turn|8\n|\n|t:|1701121546\n|move|p2a: Indeedee|Follow Me|p2a: Indeedee\n|-singleturn|p2a: Indeedee|move: Follow Me\n|move|p2b: Salamence|Draco Meteor|p1b: Luxray\n|-damage|p1b: Luxray|1\/100\n|-unboost|p2b: Salamence|spa|2\n|move|p1b: Luxray|Snarl|p2b: Salamence|[spread] p2a,p2b\n|-supereffective|p2a: Indeedee\n|-damage|p2a: Indeedee|41\/100\n|-damage|p2b: Salamence|90\/100\n|-unboost|p2a: Indeedee|spa|1\n|-unboost|p2b: Salamence|spa|1\n|move|p1a: Garganacl|Recover|p1a: Garganacl\n|-heal|p1a: Garganacl|97\/100\n|\n|upkeep\n|turn|9\n|inactive|Tiger58 has 30 seconds left.\n|inactive|Gastrogid has 30 seconds left.\n|\n|t:|1701121581\n|move|p2b: Salamence|Tailwind|p2b: Salamence\n|-sidestart|p2: Gastrogid|move: Tailwind\n|move|p2a: Indeedee|Dazzling Gleam|p1b: Luxray|[spread] p1a,p1b\n|-damage|p1a: Garganacl|93\/100\n|-damage|p1b: Luxray|0 fnt\n|faint|p1b: Luxray\n|move|p1a: Garganacl|Iron Defense|p1a: Garganacl\n|-boost|p1a: Garganacl|def|2\n|\n|upkeep\n|\n|t:|1701121588\n|switch|p1b: Palafin|Palafin-Hero, L50, M|100\/100\n|turn|10\n|\n|t:|1701121603\n|switch|p2b: Iron Hands|Iron Hands, L50|78\/100\n|move|p2a: Indeedee|Heal Pulse|p2b: Iron Hands\n|-heal|p2b: Iron Hands|100\/100\n|move|p1b: Palafin|Wave Crash|p2a: Indeedee\n|-damage|p2a: Indeedee|0 fnt\n|faint|p2a: Indeedee\n|-damage|p1b: Palafin|87\/100|[from] Recoil\n|move|p1a: Garganacl|Salt Cure|p2b: Iron Hands\n|-resisted|p2b: Iron Hands\n|-damage|p2b: Iron Hands|98\/100\n|-start|p2b: Iron Hands|Salt Cure\n|\n|-damage|p2b: Iron Hands|85\/100|[from] Salt Cure\n|upkeep\n|\n|t:|1701121618\n|switch|p2a: Salamence|Salamence, L50, F|90\/100\n|-ability|p2a: Salamence|Intimidate|boost\n|-unboost|p1a: Garganacl|atk|1\n|-unboost|p1b: Palafin|atk|1\n|turn|11\n|\n|t:|1701121641\n|move|p1b: Palafin|Protect|p1b: Palafin\n|-singleturn|p1b: Palafin|Protect\n|move|p2a: Salamence|Air Slash|p1a: Garganacl\n|-damage|p1a: Garganacl|78\/100\n|move|p2b: Iron Hands|Heavy Slam|p1a: Garganacl\n|-damage|p1a: Garganacl|72\/100\n|move|p1a: Garganacl|Salt Cure|p2a: Salamence\n|-supereffective|p2a: Salamence\n|-damage|p2a: Salamence|73\/100\n|-start|p2a: Salamence|Salt Cure\n|\n|-damage|p2a: Salamence|61\/100|[from] Salt Cure\n|-damage|p2b: Iron Hands|73\/100|[from] Salt Cure\n|-fieldend|move: Psychic Terrain\n|upkeep\n|turn|12\n|inactive|Gastrogid has 30 seconds left.\n|\n|t:|1701121672\n|move|p2a: Salamence|Air Slash|p1b: Palafin\n|-damage|p1b: Palafin|49\/100\n|move|p1b: Palafin|Wave Crash|p2a: Salamence\n|-resisted|p2a: Salamence\n|-damage|p2a: Salamence|29\/100\n|-damage|p1b: Palafin|32\/100|[from] item: Rocky Helmet|[of] p2a: Salamence\n|-damage|p1b: Palafin|21\/100|[from] Recoil\n|move|p2b: Iron Hands|Wild Charge|p1b: Palafin\n|-supereffective|p1b: Palafin\n|-damage|p1b: Palafin|0 fnt\n|faint|p1b: Palafin\n|-damage|p2b: Iron Hands|69\/100|[from] Recoil\n|move|p1a: Garganacl|Salt Cure|p2a: Salamence\n|-supereffective|p2a: Salamence\n|-damage|p2a: Salamence|10\/100\n|\n|-damage|p2a: Salamence|0 fnt|[from] Salt Cure\n|faint|p2a: Salamence\n|-damage|p2b: Iron Hands|56\/100|[from] Salt Cure\n|-sideend|p2: Gastrogid|move: Tailwind\n|upkeep\n|turn|13\n|inactive|Gastrogid has 30 seconds left this turn.\n|inactive|Gastrogid has 20 seconds left.\n|inactive|Gastrogid has 15 seconds left.\n|inactive|Gastrogid has 10 seconds left.\n|n|!Gastrogid|gastrogid\n|inactive|Gastrogid has 5 seconds left.\n|\n|t:|1701121700\n|move|p2b: Iron Hands|Wild Charge|p1a: Garganacl\n|-damage|p1a: Garganacl|52\/100\n|-damage|p2b: Iron Hands|52\/100|[from] Recoil\n|move|p1a: Garganacl|Body Press|p2b: Iron Hands\n|-damage|p2b: Iron Hands|22\/100\n|\n|-damage|p2b: Iron Hands|9\/100|[from] Salt Cure\n|upkeep\n|turn|14\n|inactive|Gastrogid has 5 seconds left this turn.\n|-message|Gastrogid lost due to inactivity.\n|\n|win|Tiger58\n|raw|Tiger58's rating: 1291 &rarr; <strong>1313<\/strong><br \/>(+22 for winning)\n|raw|Gastrogid's rating: 1253 &rarr; <strong>1231<\/strong><br \/>(-22 for losing)\n","uploadtime":1701121697,"views":1,"p1id":"tiger58","p2id":"gastrogid","formatid":"gen9vgc2023regulatione","rating":1231,"private":0,"password":""}