{"id":"gen9vgc2023regulatione-1994010523","p1":"electricboogaloo12","p2":"Emirnent","format":"[Gen 9] VGC 2023 Regulation E","log":"|j|\u203delectricboogaloo12\n|j|\u2606Emirnent\n|t:|1700393039\n|gametype|doubles\n|player|p1|electricboogaloo12|cynthia|1579\n|player|p2|Emirnent|2|1845\n|teamsize|p1|6\n|teamsize|p2|6\n|gen|9\n|tier|[Gen 9] VGC 2023 Regulation E\n|rated|\n|rule|Species Clause: Limit one of each Pok\u00e9mon\n|rule|Item Clause: Limit one of each item\n|clearpoke\n|poke|p1|Gastrodon, L50, F|\n|poke|p1|Grimmsnarl, L50, M|\n|poke|p1|Articuno-Galar, L50|\n|poke|p1|Great Tusk, L50|\n|poke|p1|Heatran, L50, M|\n|poke|p1|Infernape, L50, F|\n|poke|p2|Staraptor, L50, M|\n|poke|p2|Urshifu-*, L50, M|\n|poke|p2|Farigiraf, L50, F|\n|poke|p2|Ursaluna, L50, M|\n|poke|p2|Torkoal, L50, F|\n|poke|p2|Scream Tail, L50|\n|teampreview|4\n|inactive|Battle timer is ON: inactive players will automatically lose when time's up. (requested by electricboogaloo12)\n|inactive|electricboogaloo12 has 60 seconds left.\n|inactive|Emirnent has 60 seconds left.\n|\n|t:|1700393091\n|start\n|switch|p1a: Infernape|Infernape, L50, F|100\/100\n|switch|p1b: Heatran|Heatran, L50, M|100\/100\n|switch|p2a: Staraptor|Staraptor, L50, M|100\/100\n|switch|p2b: Urshifu|Urshifu, L50, M|100\/100\n|-ability|p2a: Staraptor|Intimidate|boost\n|-unboost|p1a: Infernape|atk|1\n|-unboost|p1b: Heatran|atk|1\n|turn|1\n|j| E10TEST\n|inactive|electricboogaloo12 has 30 seconds left.\n|inactive|Emirnent has 30 seconds left.\n|\n|t:|1700393122\n|switch|p2b: Farigiraf|Farigiraf, L50, F|100\/100\n|move|p1a: Infernape|Fake Out||[still]\n|cant|p2b: Farigiraf|ability: Armor Tail|Fake Out|[of] p1a: Infernape\n|move|p2a: Staraptor|Final Gambit|p1b: Heatran\n|-damage|p1b: Heatran|0 fnt\n|faint|p2a: Staraptor\n|faint|p1b: Heatran\n|\n|upkeep\n|\n|t:|1700393132\n|switch|p2a: Urshifu|Urshifu, L50, M|100\/100\n|switch|p1b: Great Tusk|Great Tusk, L50|100\/100\n|-enditem|p1b: Great Tusk|Booster Energy\n|-activate|p1b: Great Tusk|ability: Protosynthesis|[fromitem]\n|-start|p1b: Great Tusk|protosynthesisatk\n|turn|2\n|\n|t:|1700393150\n|switch|p1a: Gastrodon|Gastrodon, L50, F, shiny|100\/100\n|-terastallize|p1b: Great Tusk|Steel\n|move|p2a: Urshifu|Close Combat|p1a: Gastrodon\n|-damage|p1a: Gastrodon|36\/100\n|-unboost|p2a: Urshifu|def|1\n|-unboost|p2a: Urshifu|spd|1\n|-enditem|p1a: Gastrodon|Sitrus Berry|[eat]\n|-heal|p1a: Gastrodon|61\/100|[from] item: Sitrus Berry\n|move|p1b: Great Tusk|Close Combat|p2a: Urshifu\n|-supereffective|p2a: Urshifu\n|-enditem|p2a: Urshifu|Focus Sash\n|-damage|p2a: Urshifu|1\/100\n|-unboost|p1b: Great Tusk|def|1\n|-unboost|p1b: Great Tusk|spd|1\n|move|p2b: Farigiraf|Trick Room|p2b: Farigiraf\n|-fieldstart|move: Trick Room|[of] p2b: Farigiraf\n|\n|upkeep\n|turn|3\n|\n|t:|1700393173\n|move|p2a: Urshifu|Sucker Punch|p1b: Great Tusk\n|-damage|p1b: Great Tusk|58\/100\n|move|p1a: Gastrodon|Earth Power|p2a: Urshifu\n|-damage|p2a: Urshifu|0 fnt\n|faint|p2a: Urshifu\n|move|p2b: Farigiraf|Psychic|p1b: Great Tusk\n|-resisted|p1b: Great Tusk\n|-damage|p1b: Great Tusk|25\/100\n|move|p1b: Great Tusk|Close Combat|p2b: Farigiraf\n|-damage|p2b: Farigiraf|19\/100\n|-unboost|p1b: Great Tusk|def|1\n|-unboost|p1b: Great Tusk|spd|1\n|-enditem|p2b: Farigiraf|Sitrus Berry|[eat]\n|-heal|p2b: Farigiraf|44\/100|[from] item: Sitrus Berry\n|\n|upkeep\n|\n|t:|1700393177\n|switch|p2a: Ursaluna|Ursaluna, L50, M|100\/100\n|turn|4\n|\n|t:|1700393193\n|-terastallize|p2a: Ursaluna|Ghost\n|move|p2b: Farigiraf|Protect|p2b: Farigiraf\n|-singleturn|p2b: Farigiraf|Protect\n|move|p1b: Great Tusk|Protect|p1b: Great Tusk\n|-singleturn|p1b: Great Tusk|Protect\n|move|p2a: Ursaluna|Earthquake|p1a: Gastrodon|[spread] p1a\n|-activate|p2b: Farigiraf|move: Protect\n|-activate|p1b: Great Tusk|move: Protect\n|-damage|p1a: Gastrodon|18\/100\n|move|p1a: Gastrodon|Yawn|p2b: Farigiraf\n|-activate|p2b: Farigiraf|move: Protect\n|\n|-status|p2a: Ursaluna|brn|[from] item: Flame Orb\n|upkeep\n|turn|5\n|\n|t:|1700393209\n|move|p2a: Ursaluna|Facade|p1a: Gastrodon\n|-damage|p1a: Gastrodon|0 fnt\n|faint|p1a: Gastrodon\n|move|p2b: Farigiraf|Psychic|p1b: Great Tusk\n|-resisted|p1b: Great Tusk\n|-damage|p1b: Great Tusk|0 fnt\n|faint|p1b: Great Tusk\n|-end|p1b: Great Tusk|Protosynthesis|[silent]\n|\n|-damage|p2a: Ursaluna|95\/100 brn|[from] brn\n|upkeep\n|\n|t:|1700393212\n|switch|p1b: Infernape|Infernape, L50, F|100\/100\n|turn|6\n|\n|t:|1700393222\n|move|p2a: Ursaluna|Facade|p1b: Infernape\n|-damage|p1b: Infernape|0 fnt\n|faint|p1b: Infernape\n|\n|win|Emirnent\n|raw|electricboogaloo12's rating: 1579 &rarr; <strong>1572<\/strong><br \/>(-7 for losing)\n|raw|Emirnent's rating: 1845 &rarr; <strong>1852<\/strong><br \/>(+7 for winning)\n|l|\u2606Emirnent\n|l|\u203delectricboogaloo12\n","uploadtime":1700393315,"views":11,"p1id":"electricboogaloo12","p2id":"emirnent","formatid":"gen9vgc2023regulatione","rating":1572,"private":0,"password":""}