{"id":"gen9vgc2023regulatione-1997655878","p1":"xingshen","p2":"Yenyn","format":"[Gen 9] VGC 2023 Regulation E","log":"|j|\u2606xingshen\n|j|\u2606Yenyn\n|t:|1700838234\n|gametype|doubles\n|player|p1|xingshen|169|1136\n|player|p2|Yenyn|karen|1069\n|teamsize|p1|6\n|teamsize|p2|6\n|gen|9\n|tier|[Gen 9] VGC 2023 Regulation E\n|rated|\n|rule|Species Clause: Limit one of each Pok\u00e9mon\n|rule|Item Clause: Limit one of each item\n|clearpoke\n|poke|p1|Roaring Moon, L50|\n|poke|p1|Chi-Yu, L50|\n|poke|p1|Ogerpon-Hearthflame, L50, F|\n|poke|p1|Tornadus, L50, M|\n|poke|p1|Flutter Mane, L50|\n|poke|p1|Scovillain, L50, M|\n|poke|p2|Tornadus, L50, M|\n|poke|p2|Ogerpon-Hearthflame, L50, F|\n|poke|p2|Urshifu-*, L50, F|\n|poke|p2|Flutter Mane, L50|\n|poke|p2|Roaring Moon, L50|\n|poke|p2|Gholdengo, L50|\n|teampreview|4\n|inactive|Battle timer is ON: inactive players will automatically lose when time's up. (requested by Yenyn)\n|\n|t:|1700838272\n|start\n|switch|p1a: Tornadus|Tornadus, L50, M|100\/100\n|switch|p1b: Scovillain|Scovillain, L50, M|100\/100\n|switch|p2a: Fujin|Tornadus, L50, M, shiny|100\/100\n|switch|p2b: Miss Honeynuts|Urshifu-Rapid-Strike, L50, F|100\/100\n|turn|1\n|inactive|xingshen has 30 seconds left.\n|\n|t:|1700838298\n|move|p2a: Fujin|Tailwind|p2a: Fujin\n|-sidestart|p2: Yenyn|move: Tailwind\n|move|p1a: Tornadus|Tailwind|p1a: Tornadus\n|-sidestart|p1: xingshen|move: Tailwind\n|move|p2b: Miss Honeynuts|U-turn|p1b: Scovillain\n|-damage|p1b: Scovillain|52\/100\n|\n|t:|1700838307\n|switch|p2b: Typhoomerang|Roaring Moon, L50, shiny|100\/100|[from] U-turn\n|-enditem|p2b: Typhoomerang|Booster Energy\n|-activate|p2b: Typhoomerang|ability: Protosynthesis|[fromitem]\n|-start|p2b: Typhoomerang|protosynthesisspe\n|move|p1b: Scovillain|Will-O-Wisp|p2b: Typhoomerang\n|-status|p2b: Typhoomerang|brn\n|\n|-damage|p2b: Typhoomerang|95\/100 brn|[from] brn\n|upkeep\n|turn|2\n|\n|t:|1700838332\n|switch|p1a: Roaring Moon|Roaring Moon, L50|100\/100\n|-enditem|p1a: Roaring Moon|Booster Energy\n|-activate|p1a: Roaring Moon|ability: Protosynthesis|[fromitem]\n|-start|p1a: Roaring Moon|protosynthesisspe\n|move|p2b: Typhoomerang|Protect|p2b: Typhoomerang\n|-singleturn|p2b: Typhoomerang|Protect\n|move|p1b: Scovillain|Rage Powder|p1b: Scovillain\n|-singleturn|p1b: Scovillain|move: Rage Powder\n|move|p2a: Fujin|Bleakwind Storm|p1a: Roaring Moon|[spread] \n|-miss|p2a: Fujin|p1a: Roaring Moon\n|-miss|p2a: Fujin|p1b: Scovillain\n|\n|-damage|p2b: Typhoomerang|89\/100 brn|[from] brn\n|upkeep\n|turn|3\n|inactive|xingshen has 30 seconds left.\n|inactive|xingshen has 20 seconds left.\n|\n|t:|1700838372\n|switch|p1b: Tornadus|Tornadus, L50, M|100\/100\n|-terastallize|p1a: Roaring Moon|Flying\n|move|p1a: Roaring Moon|Rock Slide|p2b: Typhoomerang|[spread] p2a,p2b\n|-supereffective|p2a: Fujin\n|-crit|p2a: Fujin\n|-damage|p2a: Fujin|5\/100\n|-damage|p2b: Typhoomerang|63\/100 brn\n|cant|p2b: Typhoomerang|flinch\n|move|p2a: Fujin|Bleakwind Storm|p1b: Tornadus|[spread] p1a,p1b\n|-damage|p1a: Roaring Moon|64\/100\n|-damage|p1b: Tornadus|54\/100\n|\n|-damage|p2b: Typhoomerang|57\/100 brn|[from] brn\n|upkeep\n|turn|4\n|inactive|xingshen has 30 seconds left.\n|inactive|Yenyn has 30 seconds left.\n|\n|t:|1700838399\n|move|p2b: Typhoomerang|Protect|p2b: Typhoomerang\n|-singleturn|p2b: Typhoomerang|Protect\n|move|p2a: Fujin|Sunny Day|p2a: Fujin\n|-weather|SunnyDay\n|move|p1a: Roaring Moon|Rock Slide|p2a: Fujin|[spread] p2a\n|-activate|p2b: Typhoomerang|move: Protect\n|-supereffective|p2a: Fujin\n|-damage|p2a: Fujin|0 fnt\n|faint|p2a: Fujin\n|move|p1b: Tornadus|Bleakwind Storm|p2b: Typhoomerang\n|-activate|p2b: Typhoomerang|move: Protect\n|\n|-weather|SunnyDay|[upkeep]\n|-damage|p2b: Typhoomerang|51\/100 brn|[from] brn\n|-sideend|p2: Yenyn|move: Tailwind\n|-sideend|p1: xingshen|move: Tailwind\n|upkeep\n|\n|t:|1700838415\n|switch|p2a: Lucy|Flutter Mane, L50, shiny|100\/100\n|-activate|p2a: Lucy|ability: Protosynthesis\n|-start|p2a: Lucy|protosynthesisspe\n|turn|5\n|\n|t:|1700838430\n|move|p1a: Roaring Moon|Protect|p1a: Roaring Moon\n|-singleturn|p1a: Roaring Moon|Protect\n|move|p1b: Tornadus|Tailwind|p1b: Tornadus\n|-sidestart|p1: xingshen|move: Tailwind\n|move|p2a: Lucy|Dazzling Gleam|p1a: Roaring Moon|[spread] p1b\n|-activate|p1a: Roaring Moon|move: Protect\n|-damage|p1b: Tornadus|14\/100\n|move|p2b: Typhoomerang|Breaking Swipe|p1a: Roaring Moon|[spread] p1b\n|-activate|p1a: Roaring Moon|move: Protect\n|-damage|p1b: Tornadus|0 fnt\n|faint|p1b: Tornadus\n|\n|-weather|SunnyDay|[upkeep]\n|-damage|p2b: Typhoomerang|45\/100 brn|[from] brn\n|upkeep\n|\n|t:|1700838450\n|switch|p1b: Scovillain|Scovillain, L50, M|52\/100\n|turn|6\n|\n|t:|1700838463\n|move|p1b: Scovillain|Rage Powder|p1b: Scovillain\n|-singleturn|p1b: Scovillain|move: Rage Powder\n|move|p1a: Roaring Moon|Acrobatics|p2a: Lucy\n|-enditem|p2a: Lucy|Focus Sash\n|-damage|p2a: Lucy|1\/100\n|move|p2a: Lucy|Icy Wind|p1b: Scovillain|[spread] p1a,p1b\n|-supereffective|p1a: Roaring Moon\n|-damage|p1a: Roaring Moon|37\/100\n|-damage|p1b: Scovillain|31\/100\n|-unboost|p1a: Roaring Moon|spe|1\n|-unboost|p1b: Scovillain|spe|1\n|move|p2b: Typhoomerang|Acrobatics|p1b: Scovillain\n|-supereffective|p1b: Scovillain\n|-damage|p1b: Scovillain|0 fnt\n|faint|p1b: Scovillain\n|\n|-weather|SunnyDay|[upkeep]\n|-damage|p2b: Typhoomerang|39\/100 brn|[from] brn\n|upkeep\n|\n|t:|1700838482\n|switch|p1b: Chi-Yu|Chi-Yu, L50|100\/100\n|-ability|p1b: Chi-Yu|Beads of Ruin\n|turn|7\n|\n|t:|1700838495\n|-terastallize|p2a: Lucy|Fairy\n|move|p1a: Roaring Moon|Protect|p1a: Roaring Moon\n|-singleturn|p1a: Roaring Moon|Protect\n|move|p1b: Chi-Yu|Heat Wave|p2b: Typhoomerang|[spread] p2a\n|-miss|p1b: Chi-Yu|p2b: Typhoomerang\n|-damage|p2a: Lucy|0 fnt\n|faint|p2a: Lucy\n|-end|p2a: Lucy|Protosynthesis|[silent]\n|move|p2b: Typhoomerang|Acrobatics|p1b: Chi-Yu\n|-damage|p1b: Chi-Yu|66\/100\n|\n|-weather|SunnyDay|[upkeep]\n|-damage|p2b: Typhoomerang|33\/100 brn|[from] brn\n|upkeep\n|\n|t:|1700838510\n|switch|p2a: Miss Honeynuts|Urshifu-Rapid-Strike, L50, F|100\/100\n|turn|8\n|\n|t:|1700838531\n|move|p1a: Roaring Moon|Acrobatics|p2a: Miss Honeynuts\n|-supereffective|p2a: Miss Honeynuts\n|-damage|p2a: Miss Honeynuts|0 fnt\n|faint|p2a: Miss Honeynuts\n|move|p1b: Chi-Yu|Heat Wave|p2b: Typhoomerang\n|-resisted|p2b: Typhoomerang\n|-damage|p2b: Typhoomerang|0 fnt\n|faint|p2b: Typhoomerang\n|-end|p2b: Typhoomerang|Protosynthesis|[silent]\n|\n|win|xingshen\n|raw|xingshen's rating: 1136 &rarr; <strong>1156<\/strong><br \/>(+20 for winning)\n|raw|Yenyn's rating: 1069 &rarr; <strong>1053<\/strong><br \/>(-16 for losing)\n|l|\u2606Yenyn\n","uploadtime":1700838546,"views":3,"p1id":"xingshen","p2id":"yenyn","formatid":"gen9vgc2023regulatione","rating":1053,"private":0,"password":""}