{"id":"gen9vgc2023regulatione-2000252353","p1":"clovehitch","p2":"Jmmochko","format":"[Gen 9] VGC 2023 Regulation E","log":"|j|\u2606clovehitch\n|j|\u2606Jmmochko\n|n|\u2606clovehitch|clovehitch\n|n|\u2606Jmmochko|jmmochko\n|html|View the match progress at <a href=\"\/game-bestof3-gen9vgc2023regulatione-2000252352\">game-bestof3-gen9vgc2023regulatione-2000252352<\/a>\n|t:|1701177786\n|gametype|doubles\n|player|p1|clovehitch|iris-gen5bw2|\n|player|p2|Jmmochko|266|\n|teamsize|p1|6\n|teamsize|p2|6\n|gen|9\n|tier|[Gen 9] VGC 2023 Regulation E\n|rated|Tournament battle\n|rule|Species Clause: Limit one of each Pok\u00e9mon\n|rule|Item Clause: Limit one of each item\n|clearpoke\n|poke|p1|Indeedee-F, L50, F|\n|poke|p1|Armarouge, L50, F|\n|poke|p1|Torkoal, L50, M|\n|poke|p1|Iron Hands, L50|\n|poke|p1|Gallade, L50, M|\n|poke|p1|Ogerpon-Cornerstone, L50, F|\n|poke|p2|Ogerpon-Hearthflame, L50, F|\n|poke|p2|Chien-Pao, L50|\n|poke|p2|Urshifu-*, L50, M|\n|poke|p2|Gholdengo, L50|\n|poke|p2|Rillaboom, L50, F|\n|poke|p2|Roaring Moon, L50|\n|teampreview|4\n|showteam|p1|Indeedee-F||PsychicSeed|PsychicSurge|DazzlingGleam,HelpingHand,FollowMe,TrickRoom|||F|||50|,,,,,Fire]Armarouge||LifeOrb|FlashFire|ExpandingForce,ArmorCannon,TrickRoom,Protect|||F|||50|,,,,,Grass]Torkoal||Charcoal|Drought|Eruption,EarthPower,Yawn,Protect|||M|||50|,,,,,Fire]Iron Hands||BoosterEnergy|QuarkDrive|FakeOut,CloseCombat,WildCharge,IcePunch||||||50|,,,,,Grass]Gallade||ClearAmulet|Sharpness|SacredSword,PsychoCut,TrickRoom,Protect|||M|||50|,,,,,Fire]Ogerpon-Cornerstone||CornerstoneMask|Sturdy|WoodHammer,IvyCudgel,FollowMe,SpikyShield|||F|||50|,,,,,Rock\n|showteam|p2|Ogerpon-Hearthflame||HearthflameMask|MoldBreaker|GrassyGlide,IvyCudgel,FollowMe,SpikyShield|||F|||50|,,,,,Fire]Chien-Pao||FocusSash|SwordofRuin|IcicleCrash,SuckerPunch,SacredSword,Protect||||||50|,,,,,Ghost]Urshifu-Rapid-Strike||MysticWater|UnseenFist|SurgingStrikes,CloseCombat,AquaJet,Protect|||M|||50|,,,,,Water]Gholdengo||ChoiceSpecs|GoodasGold|MakeItRain,ShadowBall,Trick,Thunderbolt||||||50|,,,,,Steel]Rillaboom||AssaultVest|GrassySurge|WoodHammer,HighHorsepower,FakeOut,Uturn|||F|||50|,,,,,Fire]Roaring Moon||BoosterEnergy|Protosynthesis|KnockOff,Acrobatics,Tailwind,Protect||||||50|,,,,,Flying\n|c|\u2606Jmmochko|glhf\n|inactive|Battle timer is ON: inactive players will automatically lose when time's up. (requested by Jmmochko)\n|c|\u2606clovehitch|u2!\n|j| bloodcurseuk\n|\n|t:|1701177843\n|start\n|switch|p1a: Indeedee|Indeedee-F, L50, F|100\/100\n|switch|p1b: Celuredge|Gallade, L50, M|100\/100\n|switch|p2a: Urshifu|Urshifu-Rapid-Strike, L50, M|100\/100\n|switch|p2b: Gholdengo|Gholdengo, L50|100\/100\n|-fieldstart|move: Psychic Terrain|[from] ability: Psychic Surge|[of] p1a: Indeedee\n|-enditem|p1a: Indeedee|Psychic Seed\n|-boost|p1a: Indeedee|spd|1|[from] item: Psychic Seed\n|turn|1\n|inactive|Jmmochko has 30 seconds left.\n|inactive|Jmmochko has 20 seconds left.\n|\n|t:|1701177879\n|-terastallize|p2a: Urshifu|Water\n|move|p1a: Indeedee|Follow Me|p1a: Indeedee\n|-singleturn|p1a: Indeedee|move: Follow Me\n|move|p2a: Urshifu|Surging Strikes|p1a: Indeedee\n|-crit|p1a: Indeedee\n|-damage|p1a: Indeedee|67\/100\n|-crit|p1a: Indeedee\n|-damage|p1a: Indeedee|34\/100\n|-crit|p1a: Indeedee\n|-damage|p1a: Indeedee|2\/100\n|-hitcount|p1a: Indeedee|3\n|move|p2b: Gholdengo|Shadow Ball|p1a: Indeedee\n|-immune|p1a: Indeedee\n|move|p1b: Celuredge|Trick Room|p1b: Celuredge\n|-fieldstart|move: Trick Room|[of] p1b: Celuredge\n|\n|upkeep\n|turn|2\n|j| white hot pepper\n|inactive|clovehitch has 30 seconds left.\n|\n|t:|1701177904\n|switch|p2b: Rillaboom|Rillaboom, L50, F|100\/100\n|-fieldstart|move: Grassy Terrain|[from] ability: Grassy Surge|[of] p2b: Rillaboom\n|move|p1a: Indeedee|Helping Hand|p1b: Celuredge\n|-singleturn|p1b: Celuredge|Helping Hand|[of] p1a: Indeedee\n|move|p2a: Urshifu|Aqua Jet|p1a: Indeedee\n|-damage|p1a: Indeedee|0 fnt\n|faint|p1a: Indeedee\n|move|p1b: Celuredge|Psycho Cut|p2b: Rillaboom\n|-damage|p2b: Rillaboom|24\/100\n|\n|-heal|p2b: Rillaboom|29\/100|[from] Grassy Terrain\n|upkeep\n|\n|t:|1701177910\n|switch|p1a: Torkoal|Torkoal, L50, M|100\/100\n|-weather|SunnyDay|[from] ability: Drought|[of] p1a: Torkoal\n|turn|3\n|j| eppendorf1.5\n|\n|t:|1701177925\n|move|p2b: Rillaboom|Fake Out|p1a: Torkoal\n|-damage|p1a: Torkoal|88\/100\n|cant|p1a: Torkoal|flinch\n|move|p1b: Celuredge|Psycho Cut|p2a: Urshifu\n|-damage|p2a: Urshifu|47\/100\n|move|p2a: Urshifu|Surging Strikes|p1a: Torkoal\n|-supereffective|p1a: Torkoal\n|-crit|p1a: Torkoal\n|-damage|p1a: Torkoal|65\/100\n|-supereffective|p1a: Torkoal\n|-crit|p1a: Torkoal\n|-damage|p1a: Torkoal|43\/100\n|-supereffective|p1a: Torkoal\n|-crit|p1a: Torkoal\n|-damage|p1a: Torkoal|16\/100\n|-hitcount|p1a: Torkoal|3\n|\n|-weather|SunnyDay|[upkeep]\n|-heal|p1a: Torkoal|22\/100|[from] Grassy Terrain\n|-heal|p2b: Rillaboom|35\/100|[from] Grassy Terrain\n|-heal|p2a: Urshifu|53\/100|[from] Grassy Terrain\n|upkeep\n|turn|4\n|\n|t:|1701177942\n|move|p1a: Torkoal|Protect|p1a: Torkoal\n|-singleturn|p1a: Torkoal|Protect\n|move|p2a: Urshifu|Protect|p2a: Urshifu\n|-singleturn|p2a: Urshifu|Protect\n|move|p1b: Celuredge|Sacred Sword|p2b: Rillaboom\n|-damage|p2b: Rillaboom|0 fnt\n|faint|p2b: Rillaboom\n|\n|-weather|SunnyDay|[upkeep]\n|-heal|p1a: Torkoal|28\/100|[from] Grassy Terrain\n|-heal|p2a: Urshifu|59\/100|[from] Grassy Terrain\n|upkeep\n|\n|t:|1701177954\n|switch|p2b: Ogerpon|Ogerpon-Hearthflame, L50, F|100\/100\n|-ability|p2b: Ogerpon|Mold Breaker\n|turn|5\n|\n|t:|1701177969\n|move|p2b: Ogerpon|Grassy Glide|p1a: Torkoal\n|-resisted|p1a: Torkoal\n|-damage|p1a: Torkoal|12\/100\n|move|p2a: Urshifu|Aqua Jet|p1a: Torkoal\n|-supereffective|p1a: Torkoal\n|-damage|p1a: Torkoal|0 fnt\n|faint|p1a: Torkoal\n|move|p1b: Celuredge|Psycho Cut|p2a: Urshifu\n|-damage|p2a: Urshifu|2\/100\n|\n|-weather|SunnyDay|[upkeep]\n|-heal|p2a: Urshifu|8\/100|[from] Grassy Terrain\n|-fieldend|move: Trick Room\n|upkeep\n|\n|t:|1701177978\n|switch|p1a: Armarouge|Armarouge, L50, F|100\/100\n|turn|6\n|\n|t:|1701177990\n|-terastallize|p1a: Armarouge|Grass\n|move|p2a: Urshifu|Surging Strikes|p1a: Armarouge\n|-resisted|p1a: Armarouge\n|-crit|p1a: Armarouge\n|-damage|p1a: Armarouge|94\/100\n|-resisted|p1a: Armarouge\n|-crit|p1a: Armarouge\n|-damage|p1a: Armarouge|87\/100\n|-resisted|p1a: Armarouge\n|-crit|p1a: Armarouge\n|-damage|p1a: Armarouge|80\/100\n|-hitcount|p1a: Armarouge|3\n|move|p2b: Ogerpon|Ivy Cudgel|p1b: Celuredge|[anim] Ivy Cudgel Fire\n|-crit|p1b: Celuredge\n|-damage|p1b: Celuredge|0 fnt\n|faint|p1b: Celuredge\n|move|p1a: Armarouge|Trick Room|p1a: Armarouge\n|-fieldstart|move: Trick Room|[of] p1a: Armarouge\n|\n|-weather|SunnyDay|[upkeep]\n|-heal|p1a: Armarouge|86\/100|[from] Grassy Terrain\n|-heal|p2a: Urshifu|14\/100|[from] Grassy Terrain\n|-fieldend|move: Grassy Terrain\n|upkeep\n|turn|7\n|\n|t:|1701178006\n|move|p1a: Armarouge|Armor Cannon|p2b: Ogerpon\n|-damage|p2b: Ogerpon|0 fnt\n|-unboost|p1a: Armarouge|def|1\n|-unboost|p1a: Armarouge|spd|1\n|faint|p2b: Ogerpon\n|-damage|p1a: Armarouge|77\/100|[from] item: Life Orb\n|move|p2a: Urshifu|Close Combat|p1a: Armarouge\n|-damage|p1a: Armarouge|0 fnt\n|-unboost|p2a: Urshifu|def|1\n|-unboost|p2a: Urshifu|spd|1\n|faint|p1a: Armarouge\n|\n|win|Jmmochko\n|c|&|\/uhtml prompt-jmmochko,Jmmochko is ready for game 2!\n|c|\u2606clovehitch|that crit hurted\n|inactive|clovehitch has 50 seconds to confirm battle start!\n","uploadtime":1701178019,"views":2,"p1id":"clovehitch","p2id":"jmmochko","formatid":"gen9vgc2023regulatione","rating":0,"private":0,"password":""}