{"id":"gen9vgc2023regulatione-1996092407","p1":"EricShin Phils","p2":"A00571084","format":"[Gen 9] VGC 2023 Regulation E","log":"|j|\u2606EricShin Phils\n|j|\u2606A00571084\n|t:|1700642834\n|gametype|doubles\n|player|p1|EricShin Phils|shadowtriad|1479\n|player|p2|A00571084|101|1497\n|teamsize|p1|6\n|teamsize|p2|6\n|gen|9\n|tier|[Gen 9] VGC 2023 Regulation E\n|rated|\n|rule|Species Clause: Limit one of each Pok\u00e9mon\n|rule|Item Clause: Limit one of each item\n|clearpoke\n|poke|p1|Arcanine-Hisui, L50, F|\n|poke|p1|Iron Hands, L50|\n|poke|p1|Tornadus, L50, M|\n|poke|p1|Regieleki, L50|\n|poke|p1|Flutter Mane, L50|\n|poke|p1|Ogerpon-Wellspring, L50, F|\n|poke|p2|Ninetales-Alola, L50, M|\n|poke|p2|Moltres-Galar, L50|\n|poke|p2|Sinistcha, L50|\n|poke|p2|Arcanine-Hisui, L50, F|\n|poke|p2|Urshifu-*, L50, F|\n|poke|p2|Munkidori, L50, M|\n|teampreview|4\n|inactive|Battle timer is ON: inactive players will automatically lose when time's up. (requested by EricShin Phils)\n|inactive|EricShin Phils has 60 seconds left.\n|inactive|A00571084 has 60 seconds left.\n|l|\u2606EricShin Phils\n|inactive|EricShin Phils disconnected and has a minute to reconnect!\n|player|p1|\n|\n|t:|1700642887\n|start\n|switch|p1a: Flutter Mane|Flutter Mane, L50|100\/100\n|switch|p1b: Tornadus|Tornadus, L50, M, shiny|100\/100\n|switch|p2a: Munkidori|Munkidori, L50, M|100\/100\n|switch|p2b: Moltres|Moltres-Galar, L50|100\/100\n|turn|1\n|j|\u2606EricShin Phils\n|inactive|EricShin Phils reconnected and has 55 seconds left.\n|player|p1|EricShin Phils|shadowtriad\n|\n|t:|1700642909\n|-terastallize|p2b: Moltres|Steel\n|move|p1b: Tornadus|Tailwind|p1b: Tornadus\n|-sidestart|p1: EricShin Phils|move: Tailwind\n|move|p1a: Flutter Mane|Moonblast|p2b: Moltres\n|-resisted|p2b: Moltres\n|-damage|p2b: Moltres|73\/100\n|move|p2a: Munkidori|Parting Shot|p1a: Flutter Mane\n|-unboost|p1a: Flutter Mane|atk|1\n|-unboost|p1a: Flutter Mane|spa|1\n|\n|t:|1700642920\n|switch|p2a: Arcanine|Arcanine-Hisui, L50, F|100\/100|[from] Parting Shot\n|-ability|p2a: Arcanine|Intimidate|boost\n|-unboost|p1a: Flutter Mane|atk|1\n|-unboost|p1b: Tornadus|atk|1\n|move|p2b: Moltres|Nasty Plot|p2b: Moltres\n|-boost|p2b: Moltres|spa|2\n|\n|upkeep\n|turn|2\n|\n|t:|1700642935\n|-end|p1a: Flutter Mane|Protosynthesis|[silent]\n|switch|p1a: Arcanine|Arcanine-Hisui, L50, F|100\/100\n|-ability|p1a: Arcanine|Intimidate|boost\n|-unboost|p2a: Arcanine|atk|1\n|-unboost|p2b: Moltres|atk|1\n|move|p1b: Tornadus|Bleakwind Storm|p2b: Moltres|[spread] p2a\n|-miss|p1b: Tornadus|p2b: Moltres\n|-resisted|p2a: Arcanine\n|-damage|p2a: Arcanine|81\/100\n|move|p2a: Arcanine|Rock Slide|p1b: Tornadus|[spread] p1a,p1b\n|-supereffective|p1a: Arcanine\n|-supereffective|p1b: Tornadus\n|-damage|p1a: Arcanine|63\/100\n|-damage|p1b: Tornadus|62\/100\n|move|p2b: Moltres|Fiery Wrath|p1a: Arcanine|[spread] p1a,p1b\n|-crit|p1b: Tornadus\n|-damage|p1a: Arcanine|0 fnt\n|-damage|p1b: Tornadus|0 fnt\n|faint|p1a: Arcanine\n|faint|p1b: Tornadus\n|\n|upkeep\n|\n|t:|1700642944\n|switch|p1b: Regieleki|Regieleki, L50|100\/100\n|switch|p1a: Flutter Mane|Flutter Mane, L50|100\/100\n|turn|3\n|inactive|A00571084 has 30 seconds left.\n|\n|t:|1700642970\n|switch|p2b: Sinistcha|Sinistcha, L50|100\/100\n|-heal|p2a: Arcanine|100\/100|[from] ability: Hospitality|[of] p2b: Sinistcha\n|move|p2a: Arcanine|Protect|p2a: Arcanine\n|-singleturn|p2a: Arcanine|Protect\n|move|p1b: Regieleki|Thunderbolt|p2a: Arcanine\n|-activate|p2a: Arcanine|move: Protect\n|move|p1a: Flutter Mane|Shadow Ball|p2b: Sinistcha\n|-supereffective|p2b: Sinistcha\n|-damage|p2b: Sinistcha|0 fnt\n|faint|p2b: Sinistcha\n|\n|upkeep\n|\n|t:|1700642985\n|switch|p2b: Munkidori|Munkidori, L50, M|100\/100\n|turn|4\n|\n|t:|1700642997\n|move|p1b: Regieleki|Protect|p1b: Regieleki\n|-singleturn|p1b: Regieleki|Protect\n|move|p2b: Munkidori|Fake Out|p1b: Regieleki\n|-activate|p1b: Regieleki|move: Protect\n|move|p1a: Flutter Mane|Shadow Ball|p2b: Munkidori\n|-supereffective|p2b: Munkidori\n|-enditem|p2b: Munkidori|Focus Sash\n|-damage|p2b: Munkidori|1\/100\n|move|p2a: Arcanine|Flare Blitz|p1a: Flutter Mane\n|-damage|p1a: Flutter Mane|42\/100\n|-damage|p2a: Arcanine|85\/100|[from] Recoil\n|\n|-sideend|p1: EricShin Phils|move: Tailwind\n|upkeep\n|turn|5\n|inactive|A00571084 has 30 seconds left.\n|inactive|A00571084 has 20 seconds left.\n|inactive|A00571084 has 15 seconds left.\n|inactive|A00571084 has 10 seconds left.\n|inactive|A00571084 has 5 seconds left.\n|c|\u2606EricShin Phils|M8\n|\n|t:|1700643049\n|switch|p2b: Moltres|Moltres-Galar, L50, tera:Steel|73\/100\n|move|p1b: Regieleki|Electroweb|p2a: Arcanine|[spread] p2a,p2b\n|-damage|p2a: Arcanine|62\/100\n|-damage|p2b: Moltres|56\/100\n|-unboost|p2a: Arcanine|spe|1\n|-unboost|p2b: Moltres|spe|1\n|move|p1a: Flutter Mane|Shadow Ball|p2a: Arcanine\n|-damage|p2a: Arcanine|0 fnt\n|faint|p2a: Arcanine\n|\n|upkeep\n|c|\u2606EricShin Phils|Cmon\n|\n|t:|1700643053\n|switch|p2a: Munkidori|Munkidori, L50, M|1\/100\n|turn|6\n|-message|A00571084 forfeited.\n|\n|win|EricShin Phils\n|raw|EricShin Phils's rating: 1479 &rarr; <strong>1500<\/strong><br \/>(+21 for winning)\n|raw|A00571084's rating: 1497 &rarr; <strong>1476<\/strong><br \/>(-21 for losing)\n|l|\u2606A00571084\n|l|\u2606EricShin Phils\n|j|\u2606EricShin Phils\n|player|p1|EricShin Phils|shadowtriad\n","uploadtime":1700643360,"views":2,"p1id":"ericshinphils","p2id":"a00571084","formatid":"gen9vgc2023regulatione","rating":1476,"private":0,"password":""}