{"id":"gen9vgc2023regulatione-1996240317","p1":"Gimbo","p2":"Alowmein","format":"[Gen 9] VGC 2023 Regulation E","log":"|j|\u2606Gimbo\n|j|\u2606Alowmein\n|t:|1700662939\n|gametype|doubles\n|player|p1|Gimbo|1|1068\n|player|p2|Alowmein|doctor|1065\n|teamsize|p1|6\n|teamsize|p2|6\n|gen|9\n|tier|[Gen 9] VGC 2023 Regulation E\n|rated|\n|rule|Species Clause: Limit one of each Pok\u00e9mon\n|rule|Item Clause: Limit one of each item\n|clearpoke\n|poke|p1|Ogerpon-Wellspring, L50, F|\n|poke|p1|Tornadus, L50, M|\n|poke|p1|Flutter Mane, L50|\n|poke|p1|Ting-Lu, L50|\n|poke|p1|Torterra, L50, M|\n|poke|p1|Salazzle, L50, F|\n|poke|p2|Roaring Moon, L50|\n|poke|p2|Urshifu-*, L50, M|\n|poke|p2|Grimmsnarl, L50, M|\n|poke|p2|Ogerpon-Wellspring, L50, F|\n|poke|p2|Chi-Yu, L50|\n|poke|p2|Ursaluna-Bloodmoon, L50, M|\n|teampreview|4\n|inactive|Battle timer is ON: inactive players will automatically lose when time's up. (requested by Gimbo)\n|inactive|Alowmein has 60 seconds left.\n|inactive|Alowmein has 30 seconds left.\n|inactive|Alowmein has 20 seconds left.\n|\n|t:|1700663017\n|start\n|switch|p1a: Flutter Mane|Flutter Mane, L50|100\/100\n|switch|p1b: Salazzle|Salazzle, L50, F|100\/100\n|switch|p2a: Grimmsnarl|Grimmsnarl, L50, M|100\/100\n|switch|p2b: Roaring Moon|Roaring Moon, L50|100\/100\n|-enditem|p2b: Roaring Moon|Booster Energy\n|-activate|p2b: Roaring Moon|ability: Protosynthesis|[fromitem]\n|-start|p2b: Roaring Moon|protosynthesisatk\n|turn|1\n|\n|t:|1700663039\n|move|p1b: Salazzle|Fake Out|p2b: Roaring Moon\n|-damage|p2b: Roaring Moon|93\/100\n|move|p2a: Grimmsnarl|Light Screen|p2a: Grimmsnarl\n|-sidestart|p2: Alowmein|move: Light Screen\n|move|p1a: Flutter Mane|Dazzling Gleam|p2b: Roaring Moon|[spread] p2a,p2b\n|-supereffective|p2a: Grimmsnarl\n|-supereffective|p2b: Roaring Moon\n|-damage|p2a: Grimmsnarl|46\/100\n|-damage|p2b: Roaring Moon|0 fnt\n|faint|p2b: Roaring Moon\n|-end|p2b: Roaring Moon|Protosynthesis|[silent]\n|-damage|p1a: Flutter Mane|90\/100|[from] item: Life Orb\n|\n|upkeep\n|\n|t:|1700663056\n|switch|p2b: Chi-Yu|Chi-Yu, L50|100\/100\n|-ability|p2b: Chi-Yu|Beads of Ruin\n|turn|2\n|inactive|Gimbo has 30 seconds left.\n|\n|t:|1700663081\n|switch|p1b: Ting-Lu|Ting-Lu, L50|100\/100\n|-ability|p1b: Ting-Lu|Vessel of Ruin\n|move|p1a: Flutter Mane|Protect|p1a: Flutter Mane\n|-singleturn|p1a: Flutter Mane|Protect\n|move|p2a: Grimmsnarl|Parting Shot|p1a: Flutter Mane\n|-activate|p1a: Flutter Mane|move: Protect\n|move|p2b: Chi-Yu|Overheat|p1a: Flutter Mane\n|-activate|p1a: Flutter Mane|move: Protect\n|\n|upkeep\n|turn|3\n|inactive|Gimbo has 30 seconds left.\n|\n|t:|1700663111\n|switch|p2b: Ursaluna|Ursaluna-Bloodmoon, L50, M|100\/100\n|move|p2a: Grimmsnarl|Parting Shot|p1b: Ting-Lu\n|-hint|Since gen 7, Dark is immune to Prankster moves.\n|-immune|p1b: Ting-Lu\n|move|p1a: Flutter Mane|Icy Wind|p2a: Grimmsnarl|[spread] p2a,p2b\n|-crit|p2a: Grimmsnarl\n|-supereffective|p2b: Ursaluna\n|-damage|p2a: Grimmsnarl|26\/100\n|-damage|p2b: Ursaluna|79\/100\n|-unboost|p2a: Grimmsnarl|spe|1\n|-unboost|p2b: Ursaluna|spe|1\n|-damage|p1a: Flutter Mane|80\/100|[from] item: Life Orb\n|move|p1b: Ting-Lu|Body Press|p2b: Ursaluna\n|-supereffective|p2b: Ursaluna\n|-damage|p2b: Ursaluna|38\/100\n|\n|upkeep\n|turn|4\n|\n|t:|1700663136\n|-terastallize|p2b: Ursaluna|Normal\n|move|p1a: Flutter Mane|Dazzling Gleam|p2b: Ursaluna|[spread] p2a,p2b\n|-supereffective|p2a: Grimmsnarl\n|-crit|p2b: Ursaluna\n|-damage|p2a: Grimmsnarl|0 fnt\n|-damage|p2b: Ursaluna|0 fnt\n|faint|p2a: Grimmsnarl\n|faint|p2b: Ursaluna\n|-damage|p1a: Flutter Mane|70\/100|[from] item: Life Orb\n|move|p1b: Ting-Lu|Body Press|p2: Grimmsnarl|[notarget]\n|-fail|p1b: Ting-Lu\n|\n|upkeep\n|\n|t:|1700663160\n|switch|p2b: Chi-Yu|Chi-Yu, L50|100\/100\n|-ability|p2b: Chi-Yu|Beads of Ruin\n|turn|5\n|-message|Alowmein forfeited.\n|\n|win|Gimbo\n|raw|Gimbo's rating: 1068 &rarr; <strong>1098<\/strong><br \/>(+30 for winning)\n|raw|Alowmein's rating: 1065 &rarr; <strong>1045<\/strong><br \/>(-20 for losing)\n|l|\u2606Alowmein\n","uploadtime":1700663191,"views":7,"p1id":"gimbo","p2id":"alowmein","formatid":"gen9vgc2023regulatione","rating":1045,"private":0,"password":""}