{"id":"gen9vgc2023regulatione-1990426382","p1":"varanoluano","p2":"epicvolta","format":"[Gen 9] VGC 2023 Regulation E","log":"|j|\u2606varanoluano\n|j|\u2606epicvolta\n|t:|1699969790\n|gametype|doubles\n|player|p1|varanoluano|clown|1126\n|player|p2|epicvolta|psychic-gen4|1239\n|teamsize|p1|6\n|teamsize|p2|6\n|gen|9\n|tier|[Gen 9] VGC 2023 Regulation E\n|rated|\n|rule|Species Clause: Limit one of each Pok\u00e9mon\n|rule|Item Clause: Limit one of each item\n|clearpoke\n|poke|p1|Roaring Moon, L50|\n|poke|p1|Torkoal, L50, F|\n|poke|p1|Enamorus-Therian, L50, F|\n|poke|p1|Baxcalibur, L50, F|\n|poke|p1|Regieleki, L50|\n|poke|p1|Sinistcha, L50|\n|poke|p2|Chien-Pao, L50|\n|poke|p2|Chi-Yu, L50|\n|poke|p2|Tornadus, L50, M|\n|poke|p2|Gholdengo, L50|\n|poke|p2|Ogerpon, L50, F|\n|poke|p2|Breloom, L50, F|\n|teampreview|4\n|inactive|Battle timer is ON: inactive players will automatically lose when time's up. (requested by varanoluano)\n|\n|t:|1699969811\n|start\n|switch|p1a: Torkoal|Torkoal, L50, F|100\/100\n|switch|p1b: Roaring Moon|Roaring Moon, L50|100\/100\n|switch|p2a: Tornadus|Tornadus, L50, M|100\/100\n|switch|p2b: Ogerpon|Ogerpon, L50, F|100\/100\n|-weather|SunnyDay|[from] ability: Drought|[of] p1a: Torkoal\n|-activate|p1b: Roaring Moon|ability: Protosynthesis\n|-start|p1b: Roaring Moon|protosynthesisspe\n|turn|1\n|inactive|epicvolta has 30 seconds left.\n|inactive|epicvolta has 20 seconds left.\n|\n|t:|1699969846\n|move|p1b: Roaring Moon|Protect|p1b: Roaring Moon\n|-singleturn|p1b: Roaring Moon|Protect\n|move|p2a: Tornadus|Tailwind|p2a: Tornadus\n|-sidestart|p2: epicvolta|move: Tailwind\n|move|p2b: Ogerpon|Brick Break|p1a: Torkoal\n|-damage|p1a: Torkoal|71\/100\n|-damage|p2b: Ogerpon|91\/100|[from] item: Life Orb\n|move|p1a: Torkoal|Heavy Slam|p2a: Tornadus\n|-damage|p2a: Tornadus|90\/100\n|-damage|p1a: Torkoal|62\/100|[from] item: Life Orb\n|\n|-weather|SunnyDay|[upkeep]\n|upkeep\n|turn|2\n|\n|t:|1699969867\n|move|p1a: Torkoal|Helping Hand|p1b: Roaring Moon\n|-singleturn|p1b: Roaring Moon|Helping Hand|[of] p1a: Torkoal\n|move|p2b: Ogerpon|Ivy Cudgel|p1b: Roaring Moon\n|-resisted|p1b: Roaring Moon\n|-damage|p1b: Roaring Moon|57\/100\n|-damage|p2b: Ogerpon|81\/100|[from] item: Life Orb\n|move|p1b: Roaring Moon|Knock Off|p2b: Ogerpon\n|-damage|p2b: Ogerpon|0 fnt\n|-enditem|p2b: Ogerpon|Life Orb|[from] move: Knock Off|[of] p1b: Roaring Moon\n|faint|p2b: Ogerpon\n|move|p2a: Tornadus|Bleakwind Storm|p1b: Roaring Moon|[spread] p1b\n|-miss|p2a: Tornadus|p1a: Torkoal\n|-damage|p1b: Roaring Moon|28\/100\n|\n|-weather|SunnyDay|[upkeep]\n|upkeep\n|\n|t:|1699969883\n|switch|p2b: Chi-Yu|Chi-Yu, L50|100\/100\n|-ability|p2b: Chi-Yu|Beads of Ruin\n|turn|3\n|\n|t:|1699969899\n|move|p2b: Chi-Yu|Heat Wave|p1b: Roaring Moon|[spread] p1a,p1b\n|-resisted|p1a: Torkoal\n|-resisted|p1b: Roaring Moon\n|-damage|p1a: Torkoal|0 fnt\n|-damage|p1b: Roaring Moon|0 fnt\n|faint|p1a: Torkoal\n|faint|p1b: Roaring Moon\n|-end|p1b: Roaring Moon|Protosynthesis|[silent]\n|move|p2a: Tornadus|Bleakwind Storm|p1: Torkoal|[notarget]\n|-fail|p2a: Tornadus\n|\n|-weather|SunnyDay|[upkeep]\n|upkeep\n|\n|t:|1699969904\n|switch|p1b: Sinistcha|Sinistcha, L50|100\/100\n|switch|p1a: Enamorus|Enamorus-Therian, L50, F|100\/100\n|turn|4\n|\n|t:|1699969918\n|move|p1b: Sinistcha|Protect|p1b: Sinistcha\n|-singleturn|p1b: Sinistcha|Protect\n|move|p2b: Chi-Yu|Heat Wave|p1b: Sinistcha|[spread] p1a\n|-activate|p1b: Sinistcha|move: Protect\n|-damage|p1a: Enamorus|0 fnt\n|faint|p1a: Enamorus\n|move|p2a: Tornadus|Bleakwind Storm|p1b: Sinistcha\n|-activate|p1b: Sinistcha|move: Protect\n|\n|-weather|SunnyDay|[upkeep]\n|-sideend|p2: epicvolta|move: Tailwind\n|upkeep\n|turn|5\n|\n|t:|1699969932\n|-terastallize|p1b: Sinistcha|Dark\n|move|p2b: Chi-Yu|Heat Wave|p1b: Sinistcha\n|-damage|p1b: Sinistcha|0 fnt\n|faint|p1b: Sinistcha\n|\n|win|epicvolta\n|raw|varanoluano's rating: 1126 &rarr; <strong>1109<\/strong><br \/>(-17 for losing)\n|raw|epicvolta's rating: 1239 &rarr; <strong>1256<\/strong><br \/>(+17 for winning)\n|l|\u2606varanoluano\n","uploadtime":1699969950,"views":7,"p1id":"varanoluano","p2id":"epicvolta","formatid":"gen9vgc2023regulatione","rating":1109,"private":0,"password":""}