{"id":"gen9vgc2023regulatione-1988374155","p1":"Vengeful potato","p2":"Thateamtesta","format":"[Gen 9] VGC 2023 Regulation E","log":"|j|\u2606Vengeful potato\n|j|\u2606Thateamtesta\n|t:|1699715586\n|gametype|doubles\n|player|p1|Vengeful potato|swimmer|1272\n|player|p2|Thateamtesta|169|1336\n|teamsize|p1|6\n|teamsize|p2|6\n|gen|9\n|tier|[Gen 9] VGC 2023 Regulation E\n|rated|\n|rule|Species Clause: Limit one of each Pok\u00e9mon\n|rule|Item Clause: Limit one of each item\n|clearpoke\n|poke|p1|Articuno-Galar, L50|\n|poke|p1|Maushold, L50|\n|poke|p1|Heatran, L50, F|\n|poke|p1|Decidueye-Hisui, L50, M|\n|poke|p1|Basculegion-F, L50, F|\n|poke|p1|Kommo-o, L50, M|\n|poke|p2|Ogerpon-Wellspring, L50, F|\n|poke|p2|Arcanine-Hisui, L50, M|\n|poke|p2|Regieleki, L50|\n|poke|p2|Flutter Mane, L50|\n|poke|p2|Kingambit, L50, F|\n|poke|p2|Rillaboom, L50, F|\n|teampreview|4\n|\n|t:|1699715608\n|start\n|switch|p1a: Articuno|Articuno-Galar, L50, shiny|100\/100\n|switch|p1b: Maushold|Maushold, L50, shiny|100\/100\n|switch|p2a: Regieleki|Regieleki, L50|100\/100\n|switch|p2b: Arcanine|Arcanine-Hisui, L50, M|100\/100\n|-ability|p2b: Arcanine|Intimidate|boost\n|-unboost|p1a: Articuno|atk|1\n|-ability|p1a: Articuno|Competitive|boost\n|-boost|p1a: Articuno|spa|2\n|-unboost|p1b: Maushold|atk|1\n|turn|1\n|\n|t:|1699715641\n|move|p2a: Regieleki|Electroweb|p1b: Maushold|[spread] p1a,p1b\n|-supereffective|p1a: Articuno\n|-damage|p1a: Articuno|65\/100\n|-damage|p1b: Maushold|68\/100\n|-unboost|p1b: Maushold|spe|1\n|-damage|p2a: Regieleki|91\/100|[from] item: Life Orb\n|move|p2b: Arcanine|Flare Blitz|p1a: Articuno\n|-damage|p1a: Articuno|28\/100\n|-damage|p2b: Arcanine|88\/100|[from] Recoil\n|move|p1b: Maushold|Super Fang|p2a: Regieleki\n|-damage|p2a: Regieleki|46\/100\n|move|p1a: Articuno|Trick Room|p1a: Articuno\n|-fieldstart|move: Trick Room|[of] p1a: Articuno\n|\n|upkeep\n|turn|2\n|\n|t:|1699715666\n|move|p2a: Regieleki|Protect|p2a: Regieleki\n|-singleturn|p2a: Regieleki|Protect\n|move|p1b: Maushold|Follow Me|p1b: Maushold\n|-singleturn|p1b: Maushold|move: Follow Me\n|move|p2b: Arcanine|Extreme Speed|p1b: Maushold\n|-damage|p1b: Maushold|44\/100\n|-damage|p2b: Arcanine|72\/100|[from] item: Rocky Helmet|[of] p1b: Maushold\n|move|p1a: Articuno|Freezing Glare|p2b: Arcanine\n|-damage|p2b: Arcanine|0 fnt\n|faint|p2b: Arcanine\n|\n|upkeep\n|\n|t:|1699715675\n|switch|p2b: Ogerpon|Ogerpon-Wellspring, L50, F|100\/100\n|turn|3\n|\n|t:|1699715696\n|move|p2b: Ogerpon|Spiky Shield|p2b: Ogerpon\n|-singleturn|p2b: Ogerpon|move: Protect\n|move|p2a: Regieleki|Protect||[still]\n|-fail|p2a: Regieleki\n|move|p1b: Maushold|Super Fang|p2b: Ogerpon\n|-activate|p2b: Ogerpon|move: Protect\n|-damage|p1b: Maushold|32\/100|[from] Spiky Shield|[of] p2b: Ogerpon\n|move|p1a: Articuno|Freezing Glare|p2a: Regieleki\n|-damage|p2a: Regieleki|0 fnt\n|faint|p2a: Regieleki\n|\n|upkeep\n|\n|t:|1699715705\n|switch|p2a: Flutter Mane|Flutter Mane, L50|100\/100\n|-enditem|p2a: Flutter Mane|Booster Energy\n|-activate|p2a: Flutter Mane|ability: Protosynthesis|[fromitem]\n|-start|p2a: Flutter Mane|protosynthesisspa\n|turn|4\n|\n|t:|1699715718\n|-terastallize|p2b: Ogerpon|Water\n|detailschange|p2b: Ogerpon|Ogerpon-Wellspring-Tera, L50, F, tera:Water\n|-ability|p2b: Ogerpon|Embody Aspect (Wellspring)|boost\n|-boost|p2b: Ogerpon|spd|1\n|move|p2b: Ogerpon|Follow Me|p2b: Ogerpon\n|-singleturn|p2b: Ogerpon|move: Follow Me\n|move|p1b: Maushold|Super Fang|p2b: Ogerpon|[miss]\n|-miss|p1b: Maushold|p2b: Ogerpon\n|move|p1a: Articuno|Freezing Glare|p2b: Ogerpon\n|-damage|p2b: Ogerpon|35\/100\n|move|p2a: Flutter Mane|Dazzling Gleam|p1a: Articuno|[spread] p1a,p1b\n|-damage|p1a: Articuno|0 fnt\n|-damage|p1b: Maushold|0 fnt\n|faint|p1a: Articuno\n|faint|p1b: Maushold\n|\n|upkeep\n|\n|t:|1699715731\n|switch|p1a: Decidueye|Decidueye-Hisui, L50, M, shiny|100\/100\n|switch|p1b: Heatran|Heatran, L50, F, shiny|100\/100\n|turn|5\n|\n|t:|1699715741\n|move|p2b: Ogerpon|Spiky Shield|p2b: Ogerpon\n|-singleturn|p2b: Ogerpon|move: Protect\n|move|p2a: Flutter Mane|Protect|p2a: Flutter Mane\n|-singleturn|p2a: Flutter Mane|Protect\n|move|p1a: Decidueye|Bullet Seed|p2b: Ogerpon\n|-activate|p2b: Ogerpon|move: Protect\n|move|p1b: Heatran|Flash Cannon|p2a: Flutter Mane\n|-activate|p2a: Flutter Mane|move: Protect\n|\n|-fieldend|move: Trick Room\n|upkeep\n|turn|6\n|\n|t:|1699715756\n|-terastallize|p1a: Decidueye|Fire\n|move|p1b: Heatran|Protect|p1b: Heatran\n|-singleturn|p1b: Heatran|Protect\n|move|p2a: Flutter Mane|Dazzling Gleam|p1b: Heatran|[spread] p1a\n|-activate|p1b: Heatran|move: Protect\n|-resisted|p1a: Decidueye\n|-damage|p1a: Decidueye|79\/100\n|move|p2b: Ogerpon|Ivy Cudgel|p1b: Heatran\n|-activate|p1b: Heatran|move: Protect\n|move|p1a: Decidueye|Bullet Seed|p2b: Ogerpon\n|-supereffective|p2b: Ogerpon\n|-damage|p2b: Ogerpon|9\/100\n|-supereffective|p2b: Ogerpon\n|-damage|p2b: Ogerpon|0 fnt\n|faint|p2b: Ogerpon\n|-hitcount|p2: Ogerpon|2\n|\n|upkeep\n|turn|7\n|c|\u2606Thateamtesta|Niche\n|-message|Thateamtesta forfeited.\n|\n|win|Vengeful potato\n|raw|Vengeful potato's rating: 1272 &rarr; <strong>1302<\/strong><br \/>(+30 for winning)\n|raw|Thateamtesta's rating: 1336 &rarr; <strong>1312<\/strong><br \/>(-24 for losing)\n|l|\u2606Thateamtesta\n","uploadtime":1699715782,"views":11,"p1id":"vengefulpotato","p2id":"thateamtesta","formatid":"gen9vgc2023regulatione","rating":1302,"private":0,"password":""}