{"id":"gen9vgc2023regulatione-1988495600","p1":"Specs Hex Pex","p2":"Frost0627","format":"[Gen 9] VGC 2023 Regulation E","log":"|j|\u2606Specs Hex Pex\n|j|\u2606Frost0627\n|t:|1699729100\n|gametype|doubles\n|player|p1|Specs Hex Pex|lady|\n|player|p2|Frost0627|ingo|\n|teamsize|p1|6\n|teamsize|p2|6\n|gen|9\n|tier|[Gen 9] VGC 2023 Regulation E\n|rule|Species Clause: Limit one of each Pok\u00e9mon\n|rule|Item Clause: Limit one of each item\n|clearpoke\n|poke|p1|Indeedee-F, L50, F|\n|poke|p1|Kommo-o, L50, F|\n|poke|p1|Azumarill, L50, F|\n|poke|p1|Armarouge, L50, F|\n|poke|p1|Qwilfish-Hisui, L50, F|\n|poke|p1|Sneasel, L50, M|\n|poke|p2|Dipplin, L50, M|\n|poke|p2|Farigiraf, L50, F|\n|poke|p2|Ogerpon-Hearthflame, L50, F|\n|poke|p2|Samurott-Hisui, L50, M|\n|poke|p2|Garchomp, L50, F|\n|poke|p2|Scizor, L50, M|\n|teampreview|4\n|c|\u2606Specs Hex Pex|gl hf\n|c|\u2606Frost0627|glhf\nFrost0627 has agreed to open team sheets.\n|c|\u2606Frost0627|Do I send my pokepaste for open team sheets?\n|c|\u2606Specs Hex Pex|I don't think we do open sheets\n|c|\u2606Specs Hex Pex|Not sure though\n|c|\u2606Frost0627|Ok\n|\n|t:|1699729191\n|start\n|switch|p1a: Sneasel|Sneasel, L50, M|100\/100\n|switch|p1b: Kommo-o|Kommo-o, L50, F|100\/100\n|switch|p2a: Farigiraf|Farigiraf, L50, F, shiny|100\/100\n|switch|p2b: Samurott|Samurott-Hisui, L50, M|100\/100\n|turn|1\n|\n|t:|1699729212\n|-terastallize|p2a: Farigiraf|Fairy\n|move|p2b: Samurott|Detect|p2b: Samurott\n|-singleturn|p2b: Samurott|Protect\n|move|p1b: Kommo-o|Protect|p1b: Kommo-o\n|-singleturn|p1b: Kommo-o|Protect\n|move|p1a: Sneasel|Knock Off|p2a: Farigiraf\n|-resisted|p2a: Farigiraf\n|-damage|p2a: Farigiraf|78\/100\n|-enditem|p2a: Farigiraf|Sitrus Berry|[from] move: Knock Off|[of] p1a: Sneasel\n|move|p2a: Farigiraf|Tera Blast|p1b: Kommo-o|[anim] Tera Blast Fairy\n|-activate|p1b: Kommo-o|move: Protect\n|\n|upkeep\n|turn|2\n|\n|t:|1699729242\n|-terastallize|p1b: Kommo-o|Steel\n|move|p1a: Sneasel|Icicle Crash|p2a: Farigiraf\n|-damage|p2a: Farigiraf|40\/100\n|move|p2b: Samurott|Ceaseless Edge|p1b: Kommo-o\n|-damage|p1b: Kommo-o|59\/100\n|-sidestart|p1: Specs Hex Pex|Spikes\n|move|p1b: Kommo-o|Drain Punch|p2b: Samurott\n|-supereffective|p2b: Samurott\n|-damage|p2b: Samurott|9\/100\n|-heal|p1b: Kommo-o|100\/100|[from] drain|[of] p2b: Samurott\n|move|p2a: Farigiraf|Tera Blast|p1b: Kommo-o|[anim] Tera Blast Fairy\n|-resisted|p1b: Kommo-o\n|-damage|p1b: Kommo-o|82\/100\n|\n|upkeep\n|turn|3\n|\n|t:|1699729286\n|move|p1a: Sneasel|Icicle Crash|p2a: Farigiraf\n|-damage|p2a: Farigiraf|0 fnt\n|faint|p2a: Farigiraf\n|move|p2b: Samurott|Ceaseless Edge|p1b: Kommo-o\n|-damage|p1b: Kommo-o|44\/100\n|-sidestart|p1: Specs Hex Pex|Spikes\n|move|p1b: Kommo-o|Clangorous Soul|p1b: Kommo-o\n|-boost|p1b: Kommo-o|atk|1\n|-boost|p1b: Kommo-o|def|1\n|-boost|p1b: Kommo-o|spa|1\n|-boost|p1b: Kommo-o|spd|1\n|-boost|p1b: Kommo-o|spe|1\n|-damage|p1b: Kommo-o|11\/100\n|\n|upkeep\n|\n|t:|1699729300\n|switch|p2a: Scizor|Scizor, L50, M|100\/100\n|turn|4\n|\n|t:|1699729311\n|move|p1b: Kommo-o|Protect|p1b: Kommo-o\n|-singleturn|p1b: Kommo-o|Protect\n|move|p2b: Samurott|Detect|p2b: Samurott\n|-singleturn|p2b: Samurott|Protect\n|move|p2a: Scizor|Bullet Punch|p1b: Kommo-o\n|-activate|p1b: Kommo-o|move: Protect\n|move|p1a: Sneasel|Knock Off|p2b: Samurott\n|-activate|p2b: Samurott|move: Protect\n|\n|upkeep\n|turn|5\n|\n|t:|1699729329\n|switch|p2b: Dipplin|Dipplin, L50, M|100\/100\n|-ability|p2b: Dipplin|Supersweet Syrup\n|-ability|p2b: Dipplin|Supersweet Syrup|boost\n|-unboost|p1a: Sneasel|evasion|1\n|-unboost|p1b: Kommo-o|evasion|1\n|move|p2a: Scizor|Bullet Punch|p1b: Kommo-o\n|-resisted|p1b: Kommo-o\n|-damage|p1b: Kommo-o|0 fnt\n|faint|p1b: Kommo-o\n|-damage|p2a: Scizor|91\/100|[from] item: Life Orb\n|move|p1a: Sneasel|Knock Off|p2b: Dipplin\n|-crit|p2b: Dipplin\n|-damage|p2b: Dipplin|39\/100\n|-enditem|p2b: Dipplin|Leftovers|[from] move: Knock Off|[of] p1a: Sneasel\n|\n|upkeep\n|\n|t:|1699729345\n|switch|p1b: Indeedee|Indeedee-F, L50, F|100\/100\n|-damage|p1b: Indeedee|84\/100|[from] Spikes\n|-fieldstart|move: Psychic Terrain|[from] ability: Psychic Surge|[of] p1b: Indeedee\n|turn|6\n|\n|t:|1699729370\n|move|p1b: Indeedee|Follow Me|p1b: Indeedee\n|-singleturn|p1b: Indeedee|move: Follow Me\n|move|p2a: Scizor|Bullet Punch|p1b: Indeedee\n|-activate|p1b: Indeedee|move: Psychic Terrain\n|move|p1a: Sneasel|Icicle Crash|p2b: Dipplin\n|-supereffective|p2b: Dipplin\n|-damage|p2b: Dipplin|0 fnt\n|faint|p2b: Dipplin\n|\n|-heal|p1b: Indeedee|90\/100|[from] item: Leftovers\n|upkeep\n|\n|t:|1699729380\n|switch|p2b: Samurott|Samurott-Hisui, L50, M|9\/100\n|turn|7\n|\n|t:|1699729394\n|switch|p1b: Azumarill|Azumarill, L50, F|100\/100\n|-damage|p1b: Azumarill|84\/100|[from] Spikes\n|move|p2a: Scizor|Bullet Punch|p1a: Sneasel\n|-activate|p1a: Sneasel|move: Psychic Terrain\n|move|p1a: Sneasel|Knock Off|p2b: Samurott\n|-resisted|p2b: Samurott\n|-damage|p2b: Samurott|0 fnt\n|-enditem|p2b: Samurott|Focus Sash|[from] move: Knock Off|[of] p1a: Sneasel\n|faint|p2b: Samurott\n|\n|upkeep\n|turn|8\n|\n|t:|1699729417\n|move|p1a: Sneasel|Helping Hand|p1b: Azumarill\n|-singleturn|p1b: Azumarill|Helping Hand|[of] p1a: Sneasel\n|move|p2a: Scizor|U-turn|p1a: Sneasel\n|-supereffective|p1a: Sneasel\n|-enditem|p1a: Sneasel|Focus Sash\n|-damage|p1a: Sneasel|1\/100\n|-damage|p2a: Scizor|81\/100|[from] item: Life Orb\n|move|p1b: Azumarill|Liquidation|p2a: Scizor\n|-damage|p2a: Scizor|3\/100\n|\n|upkeep\n|turn|9\n|\n|t:|1699729436\n|move|p2a: Scizor|Protect|p2a: Scizor\n|-singleturn|p2a: Scizor|Protect\n|move|p1a: Sneasel|Knock Off|p2a: Scizor\n|-activate|p2a: Scizor|move: Protect\n|move|p1b: Azumarill|Liquidation|p2a: Scizor\n|-activate|p2a: Scizor|move: Protect\n|\n|upkeep\n|turn|10\n|\n|t:|1699729445\n|move|p1a: Sneasel|Knock Off|p2a: Scizor\n|-damage|p2a: Scizor|0 fnt\n|-enditem|p2a: Scizor|Life Orb|[from] move: Knock Off|[of] p1a: Sneasel\n|faint|p2a: Scizor\n|\n|win|Specs Hex Pex\n|c|\u2606Frost0627|gg\n|c|\u2606Specs Hex Pex|gg\n|l|\u2606Specs Hex Pex\n|j|\u2606Specs Hex Pex\n|player|p1|Specs Hex Pex|lady\n","uploadtime":1699729459,"views":29,"p1id":"specshexpex","p2id":"frost0627","formatid":"gen9vgc2023regulatione","rating":0,"private":0,"password":""}