{"id":"gen9vgc2023regulatione-1996516147","p1":"previouslyunnamed","p2":"Emirnent","format":"[Gen 9] VGC 2023 Regulation E","log":"|j|\u2606previouslyunnamed\n|j|\u2606Emirnent\n|n|\u2606previouslyunnamed|previouslyunnamed\n|n|\u2606Emirnent|emirnent\n|html|View the match progress at <a href=\"\/game-bestof3-gen9vgc2023regulatione-1996510979\">game-bestof3-gen9vgc2023regulatione-1996510979<\/a>\n|t:|1700689671\n|gametype|doubles\n|player|p1|previouslyunnamed|ash|\n|player|p2|Emirnent|101|\n|teamsize|p1|6\n|teamsize|p2|6\n|gen|9\n|tier|[Gen 9] VGC 2023 Regulation E\n|rule|Species Clause: Limit one of each Pok\u00e9mon\n|rule|Item Clause: Limit one of each item\n|clearpoke\n|poke|p1|Staraptor, L50, M|\n|poke|p1|Torkoal, L50, M|\n|poke|p1|Scream Tail, L50|\n|poke|p1|Farigiraf, L50, F|\n|poke|p1|Urshifu-*, L50, F|\n|poke|p1|Ursaluna, L50, F|\n|poke|p2|Amoonguss, L50, M|\n|poke|p2|Heatran, L50, M|\n|poke|p2|Landorus-Therian, L50, M|\n|poke|p2|Iron Hands, L50|\n|poke|p2|Roaring Moon, L50|\n|poke|p2|Flutter Mane, L50|\n|teampreview|4\n|inactive|Battle timer is ON: inactive players will automatically lose when time's up. (requested by previouslyunnamed)\n|inactive|previouslyunnamed has 60 seconds left.\n|\n|t:|1700689712\n|start\n|switch|p1a: Staraptor|Staraptor, L50, M|100\/100\n|switch|p1b: Urshifu|Urshifu, L50, F|100\/100\n|switch|p2a: Roaring Moon|Roaring Moon, L50|100\/100\n|switch|p2b: Amoonguss|Amoonguss, L50, M|100\/100\n|-ability|p1a: Staraptor|Intimidate|boost\n|-unboost|p2a: Roaring Moon|atk|1\n|-unboost|p2b: Amoonguss|atk|1\n|-enditem|p2a: Roaring Moon|Booster Energy\n|-activate|p2a: Roaring Moon|ability: Protosynthesis|[fromitem]\n|-start|p2a: Roaring Moon|protosynthesisspe\n|turn|1\n|inactive|previouslyunnamed has 30 seconds left.\n|inactive|Emirnent has 30 seconds left.\n|inactive|previouslyunnamed has 20 seconds left.\n|\n|t:|1700689748\n|move|p2b: Amoonguss|Rage Powder|p2b: Amoonguss\n|-singleturn|p2b: Amoonguss|move: Rage Powder\n|move|p1a: Staraptor|Brave Bird|p2b: Amoonguss\n|-supereffective|p2b: Amoonguss\n|-crit|p2b: Amoonguss\n|-damage|p2b: Amoonguss|0 fnt\n|-damage|p1a: Staraptor|84\/100|[from] item: Rocky Helmet|[of] p2b: Amoonguss\n|faint|p2b: Amoonguss\n|-damage|p1a: Staraptor|46\/100|[from] Recoil\n|move|p2a: Roaring Moon|Knock Off|p1a: Staraptor\n|-damage|p1a: Staraptor|7\/100\n|-enditem|p1a: Staraptor|Choice Scarf|[from] move: Knock Off|[of] p2a: Roaring Moon\n|move|p1b: Urshifu|Wicked Blow|p2a: Roaring Moon\n|-resisted|p2a: Roaring Moon\n|-crit|p2a: Roaring Moon\n|-damage|p2a: Roaring Moon|69\/100\n|\n|upkeep\n|\n|t:|1700689762\n|switch|p2b: Heatran|Heatran, L50, M|100\/100\n|turn|2\n|\n|t:|1700689786\n|-terastallize|p2b: Heatran|Fairy\n|move|p1b: Urshifu|Protect|p1b: Urshifu\n|-singleturn|p1b: Urshifu|Protect\n|move|p2a: Roaring Moon|Knock Off|p1a: Staraptor\n|-damage|p1a: Staraptor|0 fnt\n|faint|p1a: Staraptor\n|move|p2b: Heatran|Substitute|p2b: Heatran\n|-start|p2b: Heatran|Substitute\n|-damage|p2b: Heatran|76\/100\n|\n|-heal|p2b: Heatran|82\/100|[from] item: Leftovers\n|upkeep\n|\n|t:|1700689796\n|switch|p1a: Scream Tail|Scream Tail, L50|100\/100\n|turn|3\n|\n|t:|1700689803\n|move|p2a: Roaring Moon|Acrobatics|p1b: Urshifu\n|-supereffective|p1b: Urshifu\n|-crit|p1b: Urshifu\n|-enditem|p1b: Urshifu|Focus Sash\n|-damage|p1b: Urshifu|1\/100\n|move|p1b: Urshifu|Close Combat|p2a: Roaring Moon\n|-supereffective|p2a: Roaring Moon\n|-damage|p2a: Roaring Moon|0 fnt\n|-unboost|p1b: Urshifu|def|1\n|-unboost|p1b: Urshifu|spd|1\n|faint|p2a: Roaring Moon\n|-end|p2a: Roaring Moon|Protosynthesis|[silent]\n|move|p1a: Scream Tail|Encore|p2b: Heatran\n|-start|p2b: Heatran|Encore\n|move|p2b: Heatran|Substitute|p2b: Heatran\n|-fail|p2b: Heatran|move: Substitute\n|\n|-heal|p2b: Heatran|88\/100|[from] item: Leftovers\n|upkeep\n|\n|t:|1700689813\n|switch|p2a: Landorus|Landorus-Therian, L50, M|100\/100\n|-ability|p2a: Landorus|Intimidate|boost\n|-unboost|p1a: Scream Tail|atk|1\n|-unboost|p1b: Urshifu|atk|1\n|turn|4\n|\n|t:|1700689825\n|move|p1b: Urshifu|Sucker Punch|p2a: Landorus\n|-damage|p2a: Landorus|69\/100\n|move|p2a: Landorus|Rock Slide|p1a: Scream Tail|[spread] p1a,p1b\n|-resisted|p1b: Urshifu\n|-damage|p1a: Scream Tail|84\/100\n|-damage|p1b: Urshifu|0 fnt\n|faint|p1b: Urshifu\n|move|p1a: Scream Tail|Dazzling Gleam|p2a: Landorus|[spread] p2a,p2b\n|-activate|p2b: Heatran|move: Substitute|[damage]\n|-damage|p2a: Landorus|51\/100\n|move|p2b: Heatran|Substitute|p2b: Heatran\n|-fail|p2b: Heatran|move: Substitute\n|\n|-heal|p2b: Heatran|94\/100|[from] item: Leftovers\n|upkeep\n|\n|t:|1700689837\n|switch|p1b: Ursaluna|Ursaluna, L50, F, shiny|100\/100\n|turn|5\n|\n|t:|1700689845\n|move|p2a: Landorus|Rock Slide|p1b: Ursaluna|[spread] p1a,p1b\n|-resisted|p1b: Ursaluna\n|-damage|p1a: Scream Tail|67\/100\n|-damage|p1b: Ursaluna|94\/100\n|move|p1a: Scream Tail|Dazzling Gleam|p2b: Heatran|[spread] p2a,p2b\n|-end|p2b: Heatran|Substitute\n|-damage|p2a: Landorus|34\/100\n|move|p2b: Heatran|Substitute|p2b: Heatran\n|-start|p2b: Heatran|Substitute\n|-damage|p2b: Heatran|69\/100\n|move|p1b: Ursaluna|Facade|p2a: Landorus\n|-damage|p2a: Landorus|0 fnt\n|faint|p2a: Landorus\n|\n|-heal|p2b: Heatran|75\/100|[from] item: Leftovers\n|-end|p2b: Heatran|Encore\n|-status|p1b: Ursaluna|brn|[from] item: Flame Orb\n|upkeep\n|turn|6\n|\n|t:|1700689859\n|move|p1a: Scream Tail|Encore|p2b: Heatran\n|-start|p2b: Heatran|Encore\n|move|p2b: Heatran|Substitute|p2b: Heatran\n|-fail|p2b: Heatran|move: Substitute\n|move|p1b: Ursaluna|Facade|p2b: Heatran\n|-end|p2b: Heatran|Substitute\n|\n|-heal|p2b: Heatran|81\/100|[from] item: Leftovers\n|-damage|p1b: Ursaluna|88\/100 brn|[from] brn\n|upkeep\n|turn|7\n|\n|t:|1700689869\n|move|p1a: Scream Tail|Dazzling Gleam|p2b: Heatran\n|-damage|p2b: Heatran|64\/100\n|move|p2b: Heatran|Substitute|p2b: Heatran\n|-start|p2b: Heatran|Substitute\n|-damage|p2b: Heatran|39\/100\n|move|p1b: Ursaluna|Facade|p2b: Heatran\n|-end|p2b: Heatran|Substitute\n|\n|-heal|p2b: Heatran|45\/100|[from] item: Leftovers\n|-damage|p1b: Ursaluna|82\/100 brn|[from] brn\n|upkeep\n|turn|8\n|inactive|previouslyunnamed has 30 seconds left.\n|inactive|Emirnent has 30 seconds left.\n|\n|t:|1700689901\n|move|p1a: Scream Tail|Dazzling Gleam|p2b: Heatran\n|-damage|p2b: Heatran|27\/100\n|move|p2b: Heatran|Substitute|p2b: Heatran\n|-start|p2b: Heatran|Substitute\n|-damage|p2b: Heatran|3\/100\n|move|p1b: Ursaluna|Facade|p2b: Heatran\n|-end|p2b: Heatran|Substitute\n|\n|-heal|p2b: Heatran|9\/100|[from] item: Leftovers\n|-damage|p1b: Ursaluna|76\/100 brn|[from] brn\n|-end|p2b: Heatran|Encore\n|upkeep\n|turn|9\n|\n|t:|1700689915\n|move|p1a: Scream Tail|Dazzling Gleam|p2b: Heatran\n|-damage|p2b: Heatran|0 fnt\n|faint|p2b: Heatran\n|\n|win|previouslyunnamed\n","uploadtime":1700689941,"views":10,"p1id":"previouslyunnamed","p2id":"emirnent","formatid":"gen9vgc2023regulatione","rating":0,"private":0,"password":""}