{"id":"gen9vgc2023regulatione-1992231294","p1":"Kappigi","p2":"TestJay","format":"[Gen 9] VGC 2023 Regulation E","log":"|j|\u2606Kappigi\n|j|\u2606TestJay\n|t:|1700165988\n|gametype|doubles\n|player|p1|Kappigi|acetrainersnow|1286\n|player|p2|TestJay|pokemonranger-gen4|1316\n|teamsize|p1|6\n|teamsize|p2|6\n|gen|9\n|tier|[Gen 9] VGC 2023 Regulation E\n|rated|\n|rule|Species Clause: Limit one of each Pok\u00e9mon\n|rule|Item Clause: Limit one of each item\n|clearpoke\n|poke|p1|Staraptor, L50, M|\n|poke|p1|Urshifu-*, L50, F|\n|poke|p1|Farigiraf, L50, F|\n|poke|p1|Scream Tail, L50|\n|poke|p1|Ursaluna, L50, M|\n|poke|p1|Torkoal, L50, F|\n|poke|p2|Dusclops, L50, M|\n|poke|p2|Ursaluna-Bloodmoon, L50, M|\n|poke|p2|Kommo-o, L50, F|\n|poke|p2|Landorus-Therian, L50, M|\n|poke|p2|Iron Hands, L50|\n|poke|p2|Sinistcha-Masterpiece, L50|\n|teampreview|4\n|c|\u2606TestJay|gl hf\n|inactive|Battle timer is ON: inactive players will automatically lose when time's up. (requested by Kappigi)\n|inactive|TestJay also wants the timer to be on.\n|\n|t:|1700166013\n|start\n|switch|p1a: Staraptor|Staraptor, L50, M|100\/100\n|switch|p1b: Urshifu|Urshifu, L50, F|100\/100\n|switch|p2a: Kommo-o|Kommo-o, L50, F|100\/100\n|switch|p2b: Landorus|Landorus-Therian, L50, M|100\/100\n|-ability|p2b: Landorus|Intimidate|boost\n|-unboost|p1a: Staraptor|atk|1\n|-unboost|p1b: Urshifu|atk|1\n|-ability|p1a: Staraptor|Intimidate|boost\n|-unboost|p2a: Kommo-o|atk|1\n|-unboost|p2b: Landorus|atk|1\n|turn|1\n|\n|t:|1700166030\n|move|p1b: Urshifu|Detect|p1b: Urshifu\n|-singleturn|p1b: Urshifu|Protect\n|move|p2a: Kommo-o|Protect|p2a: Kommo-o\n|-singleturn|p2a: Kommo-o|Protect\n|move|p2b: Landorus|Rock Slide|p1b: Urshifu|[spread] p1a\n|-activate|p1b: Urshifu|move: Protect\n|-supereffective|p1a: Staraptor\n|-damage|p1a: Staraptor|62\/100\n|cant|p1a: Staraptor|flinch\n|\n|upkeep\n|turn|2\n|inactive|Kappigi has 30 seconds left.\n|\n|t:|1700166064\n|move|p2b: Landorus|Rock Slide|p1a: Staraptor|[spread] p1a,p1b\n|-supereffective|p1a: Staraptor\n|-resisted|p1b: Urshifu\n|-damage|p1a: Staraptor|23\/100\n|-damage|p1b: Urshifu|94\/100\n|cant|p1a: Staraptor|flinch\n|cant|p1b: Urshifu|flinch\n|move|p2a: Kommo-o|Clangorous Soul|p2a: Kommo-o\n|-boost|p2a: Kommo-o|atk|1\n|-boost|p2a: Kommo-o|def|1\n|-boost|p2a: Kommo-o|spa|1\n|-boost|p2a: Kommo-o|spd|1\n|-boost|p2a: Kommo-o|spe|1\n|-damage|p2a: Kommo-o|68\/100\n|-enditem|p2a: Kommo-o|Throat Spray\n|-boost|p2a: Kommo-o|spa|1|[from] item: Throat Spray\n|\n|upkeep\n|turn|3\n|c|\u2606TestJay|ooof, sorry about the double flinch\n|\n|t:|1700166087\n|switch|p2b: Sinistcha|Sinistcha-Masterpiece, L50|100\/100\n|-heal|p2a: Kommo-o|93\/100|[from] ability: Hospitality|[of] p2b: Sinistcha\n|move|p1a: Staraptor|Brave Bird|p2a: Kommo-o\n|-supereffective|p2a: Kommo-o\n|-damage|p2a: Kommo-o|52\/100\n|-damage|p1a: Staraptor|10\/100|[from] Recoil\n|move|p2a: Kommo-o|Clanging Scales|p1b: Urshifu|[spread] p1a,p1b\n|-damage|p1a: Staraptor|0 fnt\n|-damage|p1b: Urshifu|0 fnt\n|faint|p1a: Staraptor\n|faint|p1b: Urshifu\n|-unboost|p2a: Kommo-o|def|1\n|\n|upkeep\n|\n|t:|1700166099\n|switch|p1a: Farigiraf|Farigiraf, L50, F|100\/100\n|switch|p1b: Ursaluna|Ursaluna, L50, M|100\/100\n|turn|4\n|\n|t:|1700166111\n|switch|p2b: Landorus|Landorus-Therian, L50, M|100\/100\n|-ability|p2b: Landorus|Intimidate|boost\n|-unboost|p1a: Farigiraf|atk|1\n|-unboost|p1b: Ursaluna|atk|1\n|-terastallize|p2a: Kommo-o|Steel\n|-terastallize|p1a: Farigiraf|Fairy\n|move|p1b: Ursaluna|Protect|p1b: Ursaluna\n|-singleturn|p1b: Ursaluna|Protect\n|move|p2a: Kommo-o|Flash Cannon|p1a: Farigiraf\n|-supereffective|p1a: Farigiraf\n|-damage|p1a: Farigiraf|0 fnt\n|faint|p1a: Farigiraf\n|\n|-status|p1b: Ursaluna|brn|[from] item: Flame Orb\n|upkeep\n|turn|5\n|-message|Kappigi forfeited.\n|\n|win|TestJay\n|raw|Kappigi's rating: 1286 &rarr; <strong>1263<\/strong><br \/>(-23 for losing)\n|raw|TestJay's rating: 1316 &rarr; <strong>1334<\/strong><br \/>(+18 for winning)\n|l|\u2606Kappigi\n","uploadtime":1700166130,"views":16,"p1id":"kappigi","p2id":"testjay","formatid":"gen9vgc2023regulatione","rating":1263,"private":0,"password":""}