{"id":"gen9vgc2023regulatione-1989095690","p1":"ToastedArt","p2":"Granny Pie","format":"[Gen 9] VGC 2023 Regulation E","log":"|j|\u2606ToastedArt\n|j|\u2606Granny Pie\n|n|\u2606ToastedArt|toastedart\n|n|\u2606Granny Pie|grannypie\n|html|View the match progress at <a href=\"\/game-bestof3-gen9vgc2023regulatione-1989093908\">game-bestof3-gen9vgc2023regulatione-1989093908<\/a>\n|t:|1699811669\n|gametype|doubles\n|player|p1|ToastedArt|iris|\n|player|p2|Granny Pie|zinnia|\n|teamsize|p1|6\n|teamsize|p2|6\n|gen|9\n|tier|[Gen 9] VGC 2023 Regulation E\n|rule|Species Clause: Limit one of each Pok\u00e9mon\n|rule|Item Clause: Limit one of each item\n|clearpoke\n|poke|p1|Weezing, L50, F|\n|poke|p1|Landorus-Therian, L50, M|\n|poke|p1|Ogerpon, L50, F|\n|poke|p1|Roaring Moon, L50|\n|poke|p1|Gholdengo, L50|\n|poke|p1|Iron Hands, L50|\n|poke|p2|Armarouge, L50, M|\n|poke|p2|Indeedee-F, L50, F|\n|poke|p2|Torkoal, L50, M|\n|poke|p2|Ursaluna-Bloodmoon, L50, M|\n|poke|p2|Cresselia, L50, F|\n|poke|p2|Sinistcha, L50|\n|teampreview|4\nToastedArt has agreed to open team sheets.\nGranny Pie has agreed to open team sheets.\n|showteam|p1|Weezing||SitrusBerry|NeutralizingGas|GunkShot,WillOWisp,Taunt,Protect|||F|||50|,,,,,Grass]Landorus-Therian||AbilityShield|Intimidate|StompingTantrum,TeraBlast,Uturn,RockSlide|||M|||50|,,,,,Flying]Ogerpon||RazorClaw|Defiant|IvyCudgel,SpikyShield,StompingTantrum,SwordsDance|||F|||50|,,,,,Grass]Roaring Moon||BoosterEnergy|Protosynthesis|KnockOff,BreakingSwipe,Tailwind,Protect||||||50|,,,,,Poison]Gholdengo||LifeOrb|GoodasGold|MakeItRain,ShadowBall,NastyPlot,Protect||||||50|,,,,,Water]Iron Hands||AssaultVest|QuarkDrive|WildCharge,DrainPunch,HeavySlam,FakeOut||||||50|,,,,,Fire\n|showteam|p2|Armarouge||LifeOrb|FlashFire|ExpandingForce,ArmorCannon,WideGuard,TrickRoom|||M|||50|,,,,,Psychic]Indeedee-F||PsychicSeed|PsychicSurge|Psychic,FollowMe,TrickRoom,HelpingHand|||F|||50|,,,,,Fairy]Torkoal||ChoiceSpecs|Drought|Eruption,HeatWave,EarthPower,SolarBeam|||M|||50|,,,,,Fire]Ursaluna-Bloodmoon||ThroatSpray|MindsEye|BloodMoon,EarthPower,HyperVoice,Moonlight|||M|||50|,,,,,Normal]Cresselia||MentalHerb|Levitate|AllySwitch,TrickRoom,LunarBlessing,Moonblast|||F|||50|,,,,,Dark]Sinistcha||RockyHelmet|Hospitality|MatchaGotcha,Hex,RagePowder,StrengthSap||||||50|,,,,,Grass\n|\n|t:|1699811702\n|start\n|switch|p1a: Weezing|Weezing, L50, F|100\/100\n|switch|p1b: Gholdengo|Gholdengo, L50|100\/100\n|switch|p2a: Indeedee|Indeedee-F, L50, F|100\/100\n|switch|p2b: Armarouge|Armarouge, L50, M|100\/100\n|-ability|p1a: Weezing|Neutralizing Gas\n|turn|1\n|\n|t:|1699811720\n|-terastallize|p1b: Gholdengo|Water\n|move|p2a: Indeedee|Follow Me|p2a: Indeedee\n|-singleturn|p2a: Indeedee|move: Follow Me\n|move|p1b: Gholdengo|Nasty Plot|p1b: Gholdengo\n|-boost|p1b: Gholdengo|spa|2\n|move|p1a: Weezing|Taunt|p2a: Indeedee\n|-start|p2a: Indeedee|move: Taunt\n|move|p2b: Armarouge|Trick Room|p2b: Armarouge\n|-fieldstart|move: Trick Room|[of] p2b: Armarouge\n|\n|upkeep\n|turn|2\n|\n|t:|1699811734\n|move|p1a: Weezing|Protect|p1a: Weezing\n|-singleturn|p1a: Weezing|Protect\n|move|p2b: Armarouge|Expanding Force|p1a: Weezing\n|-activate|p1a: Weezing|move: Protect\n|move|p2a: Indeedee|Psychic|p1b: Gholdengo\n|-damage|p1b: Gholdengo|71\/100\n|move|p1b: Gholdengo|Shadow Ball|p2b: Armarouge\n|-supereffective|p2b: Armarouge\n|-damage|p2b: Armarouge|0 fnt\n|faint|p2b: Armarouge\n|-damage|p1b: Gholdengo|61\/100|[from] item: Life Orb\n|\n|upkeep\n|\n|t:|1699811744\n|switch|p2b: Ursaluna|Ursaluna-Bloodmoon, L50, M|100\/100\n|turn|3\n|c|\u2606ToastedArt|nice expanding force\n|\n|t:|1699811759\n|-end|p1a: Weezing|ability: Neutralizing Gas\n|-fieldstart|move: Psychic Terrain|[from] ability: Psychic Surge|[of] p2a: Indeedee\n|-enditem|p2a: Indeedee|Psychic Seed\n|-boost|p2a: Indeedee|spd|1|[from] item: Psychic Seed\n|switch|p1a: Iron Hands|Iron Hands, L50|100\/100\n|-terastallize|p2b: Ursaluna|Normal\n|move|p1b: Gholdengo|Protect|p1b: Gholdengo\n|-singleturn|p1b: Gholdengo|Protect\n|move|p2b: Ursaluna|Hyper Voice|p1a: Iron Hands|[spread] p1a\n|-activate|p1b: Gholdengo|move: Protect\n|-damage|p1a: Iron Hands|74\/100\n|-enditem|p2b: Ursaluna|Throat Spray\n|-boost|p2b: Ursaluna|spa|1|[from] item: Throat Spray\n|move|p2a: Indeedee|Psychic|p1a: Iron Hands\n|-supereffective|p1a: Iron Hands\n|-damage|p1a: Iron Hands|38\/100\n|\n|upkeep\n|turn|4\n|\n|t:|1699811782\n|move|p2b: Ursaluna|Hyper Voice|p1b: Gholdengo|[spread] p1a,p1b\n|-damage|p1a: Iron Hands|0 fnt\n|-damage|p1b: Gholdengo|0 fnt\n|faint|p1a: Iron Hands\n|-end|p1a: Iron Hands|Quark Drive|[silent]\n|faint|p1b: Gholdengo\n|move|p2a: Indeedee|Psychic|p1: Iron Hands|[notarget]\n|-fail|p2a: Indeedee\n|\n|-end|p2a: Indeedee|move: Taunt\n|upkeep\n|\n|t:|1699811790\n|switch|p1a: Thomas Jefferson|Landorus-Therian, L50, M|100\/100\n|switch|p1b: Weezing|Weezing, L50, F|100\/100\n|-ability|p1b: Weezing|Neutralizing Gas\n|-block|p1a: Thomas Jefferson|item: Ability Shield\n|-ability|p1a: Thomas Jefferson|Intimidate|boost\n|-unboost|p2a: Indeedee|atk|1\n|-unboost|p2b: Ursaluna|atk|1\n|turn|5\n|\n|t:|1699811811\n|move|p2b: Ursaluna|Blood Moon|p1a: Thomas Jefferson\n|-damage|p1a: Thomas Jefferson|0 fnt\n|faint|p1a: Thomas Jefferson\n|move|p1b: Weezing|Gunk Shot|p2b: Ursaluna\n|-damage|p2b: Ursaluna|73\/100\n|move|p2a: Indeedee|Psychic|p1b: Weezing\n|-supereffective|p1b: Weezing\n|-damage|p1b: Weezing|6\/100\n|-enditem|p1b: Weezing|Sitrus Berry|[eat]\n|-heal|p1b: Weezing|31\/100|[from] item: Sitrus Berry\n|\n|-fieldend|move: Trick Room\n|upkeep\n|turn|6\n|-message|ToastedArt forfeited.\n|\n|win|Granny Pie\n|l|\u2606ToastedArt\n","uploadtime":1699811820,"views":7,"p1id":"toastedart","p2id":"grannypie","formatid":"gen9vgc2023regulatione","rating":0,"private":0,"password":""}