{"id":"gen9vgc2023regulatione-1993134595","p1":"girasolia","p2":"extracute","format":"[Gen 9] VGC 2023 Regulation E","log":"|j|\u2606girasolia\n|j|\u2606extracute\n|t:|1700268852\n|gametype|doubles\n|player|p1|girasolia|dawn-gen4pt|1503\n|player|p2|extracute|1|1498\n|teamsize|p1|6\n|teamsize|p2|6\n|gen|9\n|tier|[Gen 9] VGC 2023 Regulation E\n|rated|\n|rule|Species Clause: Limit one of each Pok\u00e9mon\n|rule|Item Clause: Limit one of each item\n|clearpoke\n|poke|p1|Ursaluna, L50, F|\n|poke|p1|Cresselia, L50, F|\n|poke|p1|Chien-Pao, L50|\n|poke|p1|Flutter Mane, L50|\n|poke|p1|Arcanine-Hisui, L50, F|\n|poke|p1|Roaring Moon, L50|\n|poke|p2|Sneasler, L50, M|\n|poke|p2|Indeedee-F, L50, F|\n|poke|p2|Armarouge, L50, M|\n|poke|p2|Urshifu-*, L50, M|\n|poke|p2|Chien-Pao, L50|\n|poke|p2|Tornadus, L50, M|\n|teampreview|4\n|inactive|Battle timer is ON: inactive players will automatically lose when time's up. (requested by girasolia)\n|\n|t:|1700268879\n|start\n|switch|p1a: Flutter Mane|Flutter Mane, L50|100\/100\n|switch|p1b: Roaring Moon|Roaring Moon, L50|100\/100\n|switch|p2a: Urshifu|Urshifu-Rapid-Strike, L50, M|100\/100\n|switch|p2b: Chien-Pao|Chien-Pao, L50|100\/100\n|-ability|p2b: Chien-Pao|Sword of Ruin\n|-enditem|p1b: Roaring Moon|Booster Energy\n|-activate|p1b: Roaring Moon|ability: Protosynthesis|[fromitem]\n|-start|p1b: Roaring Moon|protosynthesisspe\n|turn|1\n|\n|t:|1700268902\n|-terastallize|p1b: Roaring Moon|Poison\n|-terastallize|p2a: Urshifu|Water\n|move|p1b: Roaring Moon|Breaking Swipe|p2b: Chien-Pao|[spread] p2a,p2b\n|-damage|p2a: Urshifu|73\/100\n|-damage|p2b: Chien-Pao|68\/100\n|-unboost|p2a: Urshifu|atk|1\n|-unboost|p2b: Chien-Pao|atk|1\n|move|p2a: Urshifu|Surging Strikes|p1a: Flutter Mane\n|-crit|p1a: Flutter Mane\n|-damage|p1a: Flutter Mane|41\/100\n|-crit|p1a: Flutter Mane\n|-damage|p1a: Flutter Mane|0 fnt\n|faint|p1a: Flutter Mane\n|-end|p1a: Flutter Mane|Protosynthesis|[silent]\n|-hitcount|p1: Flutter Mane|2\n|move|p2b: Chien-Pao|Icicle Crash|p1b: Roaring Moon\n|-damage|p1b: Roaring Moon|41\/100\n|-damage|p2b: Chien-Pao|58\/100|[from] item: Life Orb\n|\n|upkeep\n|inactive|girasolia has 30 seconds left.\n|\n|t:|1700268930\n|switch|p1a: Arcanine|Arcanine-Hisui, L50, F|100\/100\n|-ability|p1a: Arcanine|Intimidate|boost\n|-unboost|p2a: Urshifu|atk|1\n|-unboost|p2b: Chien-Pao|atk|1\n|turn|2\n|\n|t:|1700268943\n|switch|p2b: Indeedee|Indeedee-F, L50, F|100\/100\n|-fieldstart|move: Psychic Terrain|[from] ability: Psychic Surge|[of] p2b: Indeedee\n|move|p1b: Roaring Moon|Knock Off|p2a: Urshifu\n|-damage|p2a: Urshifu|25\/100\n|-enditem|p2a: Urshifu|Choice Scarf|[from] move: Knock Off|[of] p1b: Roaring Moon\n|move|p2a: Urshifu|Surging Strikes|p1a: Arcanine\n|-supereffective|p1a: Arcanine\n|-crit|p1a: Arcanine\n|-damage|p1a: Arcanine|0 fnt\n|faint|p1a: Arcanine\n|-hitcount|p1: Arcanine|1\n|\n|upkeep\n|\n|t:|1700268957\n|switch|p1a: Chien-Pao|Chien-Pao, L50|100\/100\n|-ability|p1a: Chien-Pao|Sword of Ruin\n|turn|3\n|inactive|extracute has 30 seconds left.\n|inactive|extracute has 20 seconds left.\n|\n|t:|1700268996\n|move|p2b: Indeedee|Protect|p2b: Indeedee\n|-singleturn|p2b: Indeedee|Protect\n|move|p1b: Roaring Moon|Breaking Swipe|p2b: Indeedee|[spread] p2a\n|-activate|p2b: Indeedee|move: Protect\n|-damage|p2a: Urshifu|0 fnt\n|faint|p2a: Urshifu\n|move|p1a: Chien-Pao|Ice Spinner|p2b: Indeedee\n|-activate|p2b: Indeedee|move: Protect\n|\n|upkeep\n|\n|t:|1700269015\n|switch|p2a: Armarouge|Armarouge, L50, M|100\/100\n|turn|4\n|\n|t:|1700269037\n|move|p1b: Roaring Moon|Protect|p1b: Roaring Moon\n|-singleturn|p1b: Roaring Moon|Protect\n|move|p2b: Indeedee|Follow Me|p2b: Indeedee\n|-singleturn|p2b: Indeedee|move: Follow Me\n|move|p1a: Chien-Pao|Ice Spinner|p2b: Indeedee\n|-damage|p2b: Indeedee|31\/100\n|-damage|p1a: Chien-Pao|84\/100|[from] item: Rocky Helmet|[of] p2b: Indeedee\n|-fieldend|move: Psychic Terrain\n|move|p2a: Armarouge|Armor Cannon|p1a: Chien-Pao\n|-supereffective|p1a: Chien-Pao\n|-damage|p1a: Chien-Pao|0 fnt\n|-unboost|p2a: Armarouge|def|1\n|-unboost|p2a: Armarouge|spd|1\n|faint|p1a: Chien-Pao\n|\n|upkeep\n|turn|5\n|\n|t:|1700269060\n|move|p2b: Indeedee|Helping Hand|p2a: Armarouge\n|-singleturn|p2a: Armarouge|Helping Hand|[of] p2b: Indeedee\n|move|p1b: Roaring Moon|Knock Off|p2a: Armarouge\n|-supereffective|p2a: Armarouge\n|-enditem|p2a: Armarouge|Focus Sash\n|-damage|p2a: Armarouge|1\/100\n|-ability|p2a: Armarouge|Weak Armor|boost\n|-unboost|p2a: Armarouge|def|1\n|-boost|p2a: Armarouge|spe|2\n|move|p2a: Armarouge|Expanding Force|p1b: Roaring Moon\n|-supereffective|p1b: Roaring Moon\n|-damage|p1b: Roaring Moon|0 fnt\n|faint|p1b: Roaring Moon\n|-end|p1b: Roaring Moon|Protosynthesis|[silent]\n|\n|win|extracute\n|raw|girasolia's rating: 1503 &rarr; <strong>1483<\/strong><br \/>(-20 for losing)\n|raw|extracute's rating: 1498 &rarr; <strong>1518<\/strong><br \/>(+20 for winning)\n|l|\u2606girasolia\n","uploadtime":1700269079,"views":16,"p1id":"girasolia","p2id":"extracute","formatid":"gen9vgc2023regulatione","rating":1483,"private":0,"password":""}