{"id":"gen9vgc2023regulatione-1989533434","p1":"PomegranateSparkle","p2":"actuallysherk","format":"[Gen 9] VGC 2023 Regulation E","log":"|j|\u2606PomegranateSparkle\n|j|\u2606actuallysherk\n|t:|1699867034\n|gametype|doubles\n|player|p1|PomegranateSparkle|sage|1240\n|player|p2|actuallysherk|2|1264\n|teamsize|p1|6\n|teamsize|p2|6\n|gen|9\n|tier|[Gen 9] VGC 2023 Regulation E\n|rated|\n|rule|Species Clause: Limit one of each Pok\u00e9mon\n|rule|Item Clause: Limit one of each item\n|clearpoke\n|poke|p1|Annihilape, L50, F|\n|poke|p1|Arcanine-Hisui, L50, M|\n|poke|p1|Iron Bundle, L50|\n|poke|p1|Ogerpon-Wellspring, L50, F|\n|poke|p1|Rillaboom, L50, M|\n|poke|p1|Gholdengo, L50|\n|poke|p2|Dondozo, L50, F|\n|poke|p2|Tatsugiri, L50, F|\n|poke|p2|Ninetales-Alola, L50, F|\n|poke|p2|Glimmora, L50, F|\n|poke|p2|Ogerpon-Hearthflame, L50, F|\n|poke|p2|Iron Hands, L50|\n|teampreview|4\n|inactive|Battle timer is ON: inactive players will automatically lose when time's up. (requested by actuallysherk)\n|j| bawodaxialai\n|inactive|PomegranateSparkle has 60 seconds left.\n|\n|t:|1699867080\n|start\n|switch|p1a: Iron Bundle|Iron Bundle, L50|100\/100\n|switch|p1b: Gholdengo|Gholdengo, L50|100\/100\n|switch|p2a: Ninetales|Ninetales-Alola, L50, F|100\/100\n|switch|p2b: Glimmora|Glimmora, L50, F|100\/100\n|-weather|Snow|[from] ability: Snow Warning|[of] p2a: Ninetales\n|-enditem|p1a: Iron Bundle|Booster Energy\n|-activate|p1a: Iron Bundle|ability: Quark Drive|[fromitem]\n|-start|p1a: Iron Bundle|quarkdrivespe\n|turn|1\n|\n|t:|1699867103\n|move|p1a: Iron Bundle|Icy Wind|p2b: Glimmora|[spread] p2a,p2b\n|-resisted|p2a: Ninetales\n|-damage|p2a: Ninetales|90\/100\n|-damage|p2b: Glimmora|78\/100\n|-unboost|p2a: Ninetales|spe|1\n|-unboost|p2b: Glimmora|spe|1\n|move|p2a: Ninetales|Aurora Veil|p2a: Ninetales\n|-sidestart|p2: actuallysherk|move: Aurora Veil\n|move|p1b: Gholdengo|Make It Rain|p2b: Glimmora|[spread] p2a,p2b\n|-supereffective|p2a: Ninetales\n|-supereffective|p2b: Glimmora\n|-damage|p2a: Ninetales|0 fnt\n|-damage|p2b: Glimmora|0 fnt\n|-unboost|p1b: Gholdengo|spa|1\n|faint|p2a: Ninetales\n|faint|p2b: Glimmora\n|\n|-weather|Snow|[upkeep]\n|upkeep\n|\n|t:|1699867118\n|switch|p2a: Ogerpon|Ogerpon-Hearthflame, L50, F|100\/100\n|switch|p2b: Iron Hands|Iron Hands, L50|100\/100\n|-ability|p2a: Ogerpon|Mold Breaker\n|turn|2\n|\n|t:|1699867140\n|-terastallize|p2a: Ogerpon|Fire\n|detailschange|p2a: Ogerpon|Ogerpon-Hearthflame-Tera, L50, F, tera:Fire\n|-ability|p2a: Ogerpon|Embody Aspect (Hearthflame)|boost\n|-boost|p2a: Ogerpon|atk|1\n|-terastallize|p1b: Gholdengo|Dragon\n|move|p1a: Iron Bundle|Protect|p1a: Iron Bundle\n|-singleturn|p1a: Iron Bundle|Protect\n|move|p2b: Iron Hands|Fake Out|p1a: Iron Bundle\n|-activate|p1a: Iron Bundle|move: Protect\n|move|p2a: Ogerpon|Ivy Cudgel|p1b: Gholdengo\n|-resisted|p1b: Gholdengo\n|-damage|p1b: Gholdengo|43\/100\n|move|p1b: Gholdengo|Nasty Plot|p1b: Gholdengo\n|-boost|p1b: Gholdengo|spa|2\n|\n|-weather|Snow|[upkeep]\n|-heal|p1b: Gholdengo|49\/100|[from] item: Leftovers\n|upkeep\n|turn|3\n|inactive|PomegranateSparkle has 30 seconds left.\n|\n|t:|1699867166\n|move|p2a: Ogerpon|Spiky Shield|p2a: Ogerpon\n|-singleturn|p2a: Ogerpon|move: Protect\n|move|p1b: Gholdengo|Protect|p1b: Gholdengo\n|-singleturn|p1b: Gholdengo|Protect\n|move|p1a: Iron Bundle|Encore|p2b: Iron Hands\n|-start|p2b: Iron Hands|Encore\n|move|p2b: Iron Hands|Fake Out||[still]\n|-hint|Fake Out only works on your first turn out.\n|-fail|p2b: Iron Hands\n|\n|-weather|Snow|[upkeep]\n|-heal|p1b: Gholdengo|56\/100|[from] item: Leftovers\n|upkeep\n|turn|4\n|\n|t:|1699867187\n|move|p2b: Iron Hands|Fake Out||[still]\n|-hint|Fake Out only works on your first turn out.\n|-fail|p2b: Iron Hands\n|move|p1a: Iron Bundle|Icy Wind|p2b: Iron Hands|[spread] p2a,p2b\n|-resisted|p2a: Ogerpon\n|-damage|p2a: Ogerpon|95\/100\n|-damage|p2b: Iron Hands|94\/100\n|-unboost|p2a: Ogerpon|spe|1\n|-unboost|p2b: Iron Hands|spe|1\n|move|p1b: Gholdengo|Shadow Ball|p2a: Ogerpon\n|-damage|p2a: Ogerpon|49\/100\n|move|p2a: Ogerpon|Ivy Cudgel|p1b: Gholdengo\n|-resisted|p1b: Gholdengo\n|-damage|p1b: Gholdengo|7\/100\n|\n|-weather|Snow|[upkeep]\n|-heal|p1b: Gholdengo|14\/100|[from] item: Leftovers\n|upkeep\n|turn|5\n|inactive|PomegranateSparkle has 30 seconds left.\n|\n|t:|1699867215\n|move|p2b: Iron Hands|Fake Out||[still]\n|-hint|Fake Out only works on your first turn out.\n|-fail|p2b: Iron Hands\n|move|p1a: Iron Bundle|Icy Wind|p2a: Ogerpon|[spread] p2a,p2b\n|-resisted|p2a: Ogerpon\n|-damage|p2a: Ogerpon|43\/100\n|-damage|p2b: Iron Hands|87\/100\n|-unboost|p2a: Ogerpon|spe|1\n|-unboost|p2b: Iron Hands|spe|1\n|move|p1b: Gholdengo|Shadow Ball|p2a: Ogerpon\n|-damage|p2a: Ogerpon|0 fnt\n|faint|p2a: Ogerpon\n|\n|-weather|none\n|-heal|p1b: Gholdengo|20\/100|[from] item: Leftovers\n|-end|p2b: Iron Hands|Encore\n|upkeep\n|turn|6\n|-message|actuallysherk forfeited.\n|\n|win|PomegranateSparkle\n|raw|PomegranateSparkle's rating: 1240 &rarr; <strong>1267<\/strong><br \/>(+27 for winning)\n|raw|actuallysherk's rating: 1264 &rarr; <strong>1237<\/strong><br \/>(-27 for losing)\n|l|\u2606actuallysherk\n|n| wochaoruoda|bawodaxialai\n|l| wochaoruoda\n","uploadtime":1699867339,"views":26,"p1id":"pomegranatesparkle","p2id":"actuallysherk","formatid":"gen9vgc2023regulatione","rating":1237,"private":0,"password":""}