{"id":"gen9vgc2023regulatione-1998944000","p1":"ihave_0idea","p2":"meesterkrebs","format":"[Gen 9] VGC 2023 Regulation E","log":"|j|\u2606ihave_0idea\n|j|\u2606meesterkrebs\n|t:|1701016087\n|gametype|doubles\n|player|p1|ihave_0idea|veteran|1198\n|player|p2|meesterkrebs|steven|1264\n|teamsize|p1|6\n|teamsize|p2|6\n|gen|9\n|tier|[Gen 9] VGC 2023 Regulation E\n|rated|\n|rule|Species Clause: Limit one of each Pok\u00e9mon\n|rule|Item Clause: Limit one of each item\n|clearpoke\n|poke|p1|Tornadus, L50, M|\n|poke|p1|Iron Hands, L50|\n|poke|p1|Urshifu-*, L50, M|\n|poke|p1|Flutter Mane, L50|\n|poke|p1|Landorus-Therian, L50, M|\n|poke|p1|Kingambit, L50, M|\n|poke|p2|Urshifu-*, L50, M|\n|poke|p2|Gholdengo, L50|\n|poke|p2|Arcanine, L50, F|\n|poke|p2|Rillaboom, L50, M|\n|poke|p2|Sableye, L50, F|\n|poke|p2|Iron Bundle, L50|\n|teampreview|4\nihave_0idea has agreed to open team sheets.\n|\n|t:|1701016148\n|start\n|switch|p1a: genie|Tornadus, L50, M|100\/100\n|switch|p1b: Shifu|Urshifu-Rapid-Strike, L50, M|100\/100\n|switch|p2a: Urshifu|Urshifu-Rapid-Strike, L50, M|100\/100\n|switch|p2b: Sableye|Sableye, L50, F|100\/100\n|turn|1\n|\n|t:|1701016175\n|-terastallize|p2a: Urshifu|Water\n|move|p1a: genie|Taunt|p2b: Sableye\n|-hint|Since gen 7, Dark is immune to Prankster moves.\n|-immune|p2b: Sableye\n|move|p2b: Sableye|Will-O-Wisp|p1b: Shifu\n|-status|p1b: Shifu|brn\n|move|p1b: Shifu|U-turn|p2a: Urshifu\n|-damage|p2a: Urshifu|89\/100\n|\n|t:|1701016186\n|switch|p1b: Flutter Mane|Flutter Mane, L50|100\/100|[from] U-turn\n|move|p2a: Urshifu|Surging Strikes|p1b: Flutter Mane\n|-crit|p1b: Flutter Mane\n|-damage|p1b: Flutter Mane|47\/100\n|-crit|p1b: Flutter Mane\n|-damage|p1b: Flutter Mane|0 fnt\n|faint|p1b: Flutter Mane\n|-end|p1b: Flutter Mane|Protosynthesis|[silent]\n|-hitcount|p1: Flutter Mane|2\n|\n|upkeep\n|\n|t:|1701016197\n|switch|p1b: KING|Kingambit, L50, M, shiny|100\/100\n|turn|2\n|\n|t:|1701016206\n|-terastallize|p1b: KING|Fairy\n|move|p1a: genie|Tailwind|p1a: genie\n|-sidestart|p1: ihave_0idea|move: Tailwind\n|move|p2b: Sableye|Encore|p1a: genie\n|-start|p1a: genie|Encore\n|move|p1b: KING|Tera Blast|p2b: Sableye|[anim] Tera Blast Fairy\n|-supereffective|p2b: Sableye\n|-enditem|p2b: Sableye|Roseli Berry|[eat]\n|-enditem|p2b: Sableye|Roseli Berry|[weaken]\n|-damage|p2b: Sableye|31\/100\n|move|p2a: Urshifu|Surging Strikes|p1b: KING\n|-crit|p1b: KING\n|-damage|p1b: KING|75\/100\n|-crit|p1b: KING\n|-damage|p1b: KING|51\/100\n|-crit|p1b: KING\n|-damage|p1b: KING|27\/100\n|-hitcount|p1b: KING|3\n|\n|upkeep\n|turn|3\n|\n|t:|1701016297\n|switch|p1a: Shifu|Urshifu-Rapid-Strike, L50, M|100\/100 brn\n|move|p1b: KING|Sucker Punch|p2a: Urshifu\n|-damage|p2a: Urshifu|46\/100\n|move|p2b: Sableye|Will-O-Wisp|p1b: KING\n|-status|p1b: KING|brn\n|move|p2a: Urshifu|Surging Strikes|p1b: KING\n|-crit|p1b: KING\n|-damage|p1b: KING|3\/100 brn\n|-crit|p1b: KING\n|-damage|p1b: KING|0 fnt\n|faint|p1b: KING\n|-hitcount|p1: KING|2\n|\n|-damage|p1a: Shifu|94\/100 brn|[from] brn\n|upkeep\n|\n|t:|1701016312\n|switch|p1b: genie|Tornadus, L50, M|100\/100\n|turn|4\n|\n|t:|1701016349\n|move|p2b: Sableye|Will-O-Wisp|p1b: genie\n|-status|p1b: genie|brn\n|move|p1a: Shifu|Surging Strikes|p2b: Sableye\n|-crit|p2b: Sableye\n|-damage|p2b: Sableye|16\/100\n|-crit|p2b: Sableye\n|-damage|p2b: Sableye|0 fnt\n|faint|p2b: Sableye\n|-hitcount|p2: Sableye|2\n|move|p1b: genie|Bleakwind Storm|p2a: Urshifu\n|-damage|p2a: Urshifu|0 fnt\n|faint|p2a: Urshifu\n|\n|-damage|p1a: Shifu|88\/100 brn|[from] brn\n|-damage|p1b: genie|95\/100 brn|[from] brn\n|upkeep\n|\n|t:|1701016363\n|switch|p2a: Iron Bundle|Iron Bundle, L50|100\/100\n|switch|p2b: Rillaboom|Rillaboom, L50, M|100\/100\n|-fieldstart|move: Grassy Terrain|[from] ability: Grassy Surge|[of] p2b: Rillaboom\n|-enditem|p2a: Iron Bundle|Booster Energy\n|-activate|p2a: Iron Bundle|ability: Quark Drive|[fromitem]\n|-start|p2a: Iron Bundle|quarkdrivespe\n|turn|5\n|\n|t:|1701016406\n|move|p1b: genie|Rain Dance|p1b: genie\n|-weather|RainDance\n|move|p1a: Shifu|Surging Strikes|p2b: Rillaboom\n|-resisted|p2b: Rillaboom\n|-crit|p2b: Rillaboom\n|-damage|p2b: Rillaboom|93\/100\n|-resisted|p2b: Rillaboom\n|-crit|p2b: Rillaboom\n|-damage|p2b: Rillaboom|86\/100\n|-resisted|p2b: Rillaboom\n|-crit|p2b: Rillaboom\n|-damage|p2b: Rillaboom|78\/100\n|-hitcount|p2b: Rillaboom|3\n|move|p2a: Iron Bundle|Freeze-Dry|p1b: genie\n|-supereffective|p1b: genie\n|-damage|p1b: genie|9\/100 brn\n|move|p2b: Rillaboom|Wood Hammer|p1b: genie\n|-resisted|p1b: genie\n|-damage|p1b: genie|0 fnt\n|faint|p1b: genie\n|-damage|p2b: Rillaboom|76\/100|[from] Recoil\n|\n|-weather|RainDance|[upkeep]\n|-heal|p1a: Shifu|94\/100 brn|[from] Grassy Terrain\n|-heal|p2b: Rillaboom|82\/100|[from] Grassy Terrain\n|-damage|p1a: Shifu|88\/100 brn|[from] brn\n|-sideend|p1: ihave_0idea|move: Tailwind\n|upkeep\n|turn|6\n|-message|ihave_0idea forfeited.\n|\n|win|meesterkrebs\n|raw|ihave_0idea's rating: 1198 &rarr; <strong>1178<\/strong><br \/>(-20 for losing)\n|raw|meesterkrebs's rating: 1264 &rarr; <strong>1284<\/strong><br \/>(+20 for winning)\n|l|\u2606ihave_0idea\n","uploadtime":1701016433,"views":22,"p1id":"ihave0idea","p2id":"meesterkrebs","formatid":"gen9vgc2023regulatione","rating":1178,"private":0,"password":""}