{"id":"gen9vgc2023regulatione-2000672327","p1":"poggodemon","p2":"AJay_13","format":"[Gen 9] VGC 2023 Regulation E","log":"|j|\u2606poggodemon\n|j|\u2606AJay_13\n|t:|1701217117\n|gametype|doubles\n|player|p1|poggodemon|brycenman|1309\n|player|p2|AJay_13|n|1290\n|teamsize|p1|6\n|teamsize|p2|6\n|gen|9\n|tier|[Gen 9] VGC 2023 Regulation E\n|rated|\n|rule|Species Clause: Limit one of each Pok\u00e9mon\n|rule|Item Clause: Limit one of each item\n|clearpoke\n|poke|p1|Slither Wing, L50|\n|poke|p1|Palafin, L50, F|\n|poke|p1|Landorus-Therian, L50, M|\n|poke|p1|Tornadus, L50, M|\n|poke|p1|Rillaboom, L50, F|\n|poke|p1|Chien-Pao, L50|\n|poke|p2|Iron Hands, L50|\n|poke|p2|Sinistcha, L50|\n|poke|p2|Arcanine-Hisui, L50, F|\n|poke|p2|Moltres-Galar, L50|\n|poke|p2|Iron Bundle, L50|\n|poke|p2|Ninetales-Alola, L50, M|\n|teampreview|4\n|\n|t:|1701217151\n|start\n|switch|p1a: Tornadus|Tornadus, L50, M|100\/100\n|switch|p1b: NIFALAP|Palafin, L50, F, shiny|100\/100\n|switch|p2a: Under the Tree|Iron Bundle, L50|100\/100\n|switch|p2b: Snowing!!!!!|Ninetales-Alola, L50, M|100\/100\n|-weather|Snow|[from] ability: Snow Warning|[of] p2b: Snowing!!!!!\n|-enditem|p2a: Under the Tree|Booster Energy\n|-activate|p2a: Under the Tree|ability: Quark Drive|[fromitem]\n|-start|p2a: Under the Tree|quarkdrivespe\n|turn|1\n|inactive|Battle timer is ON: inactive players will automatically lose when time's up. (requested by AJay_13)\n|\n|t:|1701217187\n|detailschange|p1b: NIFALAP|Palafin-Hero, L50, F, shiny\n|switch|p1b: Chien-Pao|Chien-Pao, L50|100\/100\n|-ability|p1b: Chien-Pao|Sword of Ruin\n|move|p1a: Tornadus|Rain Dance|p1a: Tornadus\n|-weather|RainDance\n|move|p2a: Under the Tree|Freeze-Dry|p1a: Tornadus\n|-supereffective|p1a: Tornadus\n|-damage|p1a: Tornadus|12\/100\n|move|p2b: Snowing!!!!!|Moonblast|p1b: Chien-Pao\n|-supereffective|p1b: Chien-Pao\n|-damage|p1b: Chien-Pao|15\/100\n|-unboost|p1b: Chien-Pao|spa|1\n|\n|-weather|RainDance|[upkeep]\n|upkeep\n|turn|2\n|inactive|poggodemon has 30 seconds left.\n|inactive|poggodemon has 20 seconds left.\n|inactive|poggodemon has 15 seconds left.\n|\n|t:|1701217227\n|switch|p2b: Cuddly Dog|Arcanine-Hisui, L50, F|100\/100\n|-ability|p2b: Cuddly Dog|Intimidate|boost\n|-unboost|p1a: Tornadus|atk|1\n|-unboost|p1b: Chien-Pao|atk|1\n|move|p1b: Chien-Pao|Sucker Punch|p2a: Under the Tree\n|-damage|p2a: Under the Tree|63\/100\n|move|p1a: Tornadus|Tailwind|p1a: Tornadus\n|-sidestart|p1: poggodemon|move: Tailwind\n|move|p2a: Under the Tree|Icy Wind|p1a: Tornadus|[spread] p1a,p1b\n|-supereffective|p1a: Tornadus\n|-resisted|p1b: Chien-Pao\n|-damage|p1a: Tornadus|0 fnt\n|-damage|p1b: Chien-Pao|0 fnt\n|faint|p1a: Tornadus\n|faint|p1b: Chien-Pao\n|\n|-weather|RainDance|[upkeep]\n|upkeep\n|\n|t:|1701217238\n|switch|p1b: NIFALAP|Palafin-Hero, L50, F, shiny|100\/100\n|switch|p1a: Slither Wing|Slither Wing, L50, shiny|100\/100\n|-activate|p1b: NIFALAP|ability: Zero to Hero\n|-enditem|p1a: Slither Wing|Booster Energy\n|-activate|p1a: Slither Wing|ability: Protosynthesis|[fromitem]\n|-start|p1a: Slither Wing|protosynthesisatk\n|turn|3\n|inactive|poggodemon has 30 seconds left.\n|\n|t:|1701217265\n|switch|p2b: Snowing!!!!!|Ninetales-Alola, L50, M|100\/100\n|-weather|Snow|[from] ability: Snow Warning|[of] p2b: Snowing!!!!!\n|-terastallize|p1b: NIFALAP|Water\n|-terastallize|p2a: Under the Tree|Ghost\n|move|p1a: Slither Wing|First Impression|p2a: Under the Tree\n|-resisted|p2a: Under the Tree\n|-damage|p2a: Under the Tree|23\/100\n|move|p1b: NIFALAP|Jet Punch|p2b: Snowing!!!!!\n|-damage|p2b: Snowing!!!!!|28\/100\n|move|p2a: Under the Tree|Freeze-Dry|p1b: NIFALAP\n|-supereffective|p1b: NIFALAP\n|-damage|p1b: NIFALAP|32\/100\n|\n|-weather|Snow|[upkeep]\n|upkeep\n|turn|4\n|inactive|poggodemon has 30 seconds left.\n|\n|t:|1701217298\n|move|p2a: Under the Tree|Protect|p2a: Under the Tree\n|-singleturn|p2a: Under the Tree|Protect\n|move|p2b: Snowing!!!!!|Protect|p2b: Snowing!!!!!\n|-singleturn|p2b: Snowing!!!!!|Protect\n|move|p1b: NIFALAP|Jet Punch|p2a: Under the Tree\n|-activate|p2a: Under the Tree|move: Protect\n|move|p1a: Slither Wing|Wild Charge|p2b: Snowing!!!!!\n|-activate|p2b: Snowing!!!!!|move: Protect\n|\n|-weather|Snow|[upkeep]\n|upkeep\n|turn|5\n|inactive|AJay_13 has 30 seconds left.\n|\n|t:|1701217324\n|switch|p2b: Cuddly Dog|Arcanine-Hisui, L50, F|100\/100\n|-ability|p2b: Cuddly Dog|Intimidate|boost\n|-unboost|p1a: Slither Wing|atk|1\n|-unboost|p1b: NIFALAP|atk|1\n|move|p1b: NIFALAP|Jet Punch|p2a: Under the Tree\n|-damage|p2a: Under the Tree|0 fnt\n|faint|p2a: Under the Tree\n|-end|p2a: Under the Tree|Quark Drive|[silent]\n|move|p1a: Slither Wing|Wild Charge|p2b: Cuddly Dog\n|-damage|p2b: Cuddly Dog|63\/100\n|-damage|p1a: Slither Wing|90\/100|[from] Recoil\n|\n|-weather|Snow|[upkeep]\n|-sideend|p1: poggodemon|move: Tailwind\n|upkeep\n|\n|t:|1701217338\n|switch|p2a: Snowing!!!!!|Ninetales-Alola, L50, M|28\/100\n|turn|6\n|\n|t:|1701217349\n|move|p2b: Cuddly Dog|Extreme Speed|p1b: NIFALAP\n|-damage|p1b: NIFALAP|0 fnt\n|faint|p1b: NIFALAP\n|move|p2a: Snowing!!!!!|Aurora Veil|p2a: Snowing!!!!!\n|-sidestart|p2: AJay_13|move: Aurora Veil\n|move|p1a: Slither Wing|Close Combat|p2b: Cuddly Dog\n|-supereffective|p2b: Cuddly Dog\n|-damage|p2b: Cuddly Dog|0 fnt\n|-unboost|p1a: Slither Wing|def|1\n|-unboost|p1a: Slither Wing|spd|1\n|faint|p2b: Cuddly Dog\n|\n|-weather|Snow|[upkeep]\n|upkeep\n|\n|t:|1701217360\n|switch|p2b: Sanitized|Iron Hands, L50|100\/100\n|turn|7\n|\n|t:|1701217367\n|move|p2a: Snowing!!!!!|Moonblast|p1a: Slither Wing\n|-supereffective|p1a: Slither Wing\n|-damage|p1a: Slither Wing|7\/100\n|-unboost|p1a: Slither Wing|spa|1\n|move|p1a: Slither Wing|Wild Charge|p2a: Snowing!!!!!\n|-damage|p2a: Snowing!!!!!|11\/100\n|-damage|p1a: Slither Wing|2\/100|[from] Recoil\n|move|p2b: Sanitized|Swords Dance|p2b: Sanitized\n|-boost|p2b: Sanitized|atk|2\n|\n|-weather|none\n|upkeep\n|turn|8\n|-message|poggodemon forfeited.\n|\n|win|AJay_13\n|raw|poggodemon's rating: 1309 &rarr; <strong>1288<\/strong><br \/>(-21 for losing)\n|raw|AJay_13's rating: 1290 &rarr; <strong>1316<\/strong><br \/>(+26 for winning)\n|l|\u2606poggodemon\n","uploadtime":1701217381,"views":1,"p1id":"poggodemon","p2id":"ajay13","formatid":"gen9vgc2023regulatione","rating":1288,"private":0,"password":""}