{"id":"gen9vgc2023regulatione-1994382062","p1":"TakinaVGC","p2":"Pink_SSB","format":"[Gen 9] VGC 2023 Regulation E","log":"|j|\u2606TakinaVGC\n|j|\u2606Pink_SSB\n|n|\u2606TakinaVGC|takinavgc\n|n|\u2606Pink_SSB|pinkssb\n|html|View the match progress at <a href=\"\/game-bestof3-gen9vgc2023regulatione-1994382061\">game-bestof3-gen9vgc2023regulatione-1994382061<\/a>\n|t:|1700437502\n|gametype|doubles\n|player|p1|TakinaVGC|cynthia|\n|player|p2|Pink_SSB|1|\n|teamsize|p1|6\n|teamsize|p2|6\n|gen|9\n|tier|[Gen 9] VGC 2023 Regulation E\n|rule|Species Clause: Limit one of each Pok\u00e9mon\n|rule|Item Clause: Limit one of each item\n|clearpoke\n|poke|p1|Arcanine-Hisui, L50, M|\n|poke|p1|Tornadus, L50, M|\n|poke|p1|Urshifu-*, L50, M|\n|poke|p1|Rillaboom, L50, F|\n|poke|p1|Regidrago, L50|\n|poke|p1|Scizor, L50, M|\n|poke|p2|Eiscue, L50, F|\n|poke|p2|Iron Hands, L50|\n|poke|p2|Sinistcha, L50|\n|poke|p2|Landorus-Therian, L50, M|\n|poke|p2|Heatran, L50, F|\n|poke|p2|Flutter Mane, L50|\n|teampreview|4\nTakinaVGC has agreed to open team sheets.\n|j| CrystalDialga\n|inactive|Battle timer is ON: inactive players will automatically lose when time's up. (requested by Pink_SSB)\n|j| Van. Volcanucks\n|inactive|TakinaVGC has 60 seconds left.\n|\n|t:|1700437587\n|start\n|switch|p1a: Regidrago|Regidrago, L50|100\/100\n|switch|p1b: Tornadus|Tornadus, L50, M|100\/100\n|switch|p2a: Uncle Lando|Landorus-Therian, L50, M|100\/100\n|switch|p2b: Tera-Ass|Heatran, L50, F|100\/100\n|-ability|p2a: Uncle Lando|Intimidate|boost\n|-unboost|p1a: Regidrago|atk|1\n|-unboost|p1b: Tornadus|atk|1\n|turn|1\n|inactive|Pink_SSB has 30 seconds left.\n|\n|t:|1700437615\n|move|p2a: Uncle Lando|Stomping Tantrum|p1a: Regidrago\n|-damage|p1a: Regidrago|51\/100\n|move|p1b: Tornadus|Bleakwind Storm|p2b: Tera-Ass|[spread] p2a\n|-miss|p1b: Tornadus|p2b: Tera-Ass\n|-damage|p2a: Uncle Lando|48\/100\n|-unboost|p2a: Uncle Lando|spe|1\n|move|p1a: Regidrago|Earth Power|p2b: Tera-Ass\n|-supereffective|p2b: Tera-Ass\n|-damage|p2b: Tera-Ass|4\/100\n|move|p2b: Tera-Ass|Earth Power|p1a: Regidrago\n|-damage|p1a: Regidrago|15\/100\n|-unboost|p1a: Regidrago|spd|1\n|\n|-heal|p2b: Tera-Ass|10\/100|[from] item: Leftovers\n|upkeep\n|turn|2\n|inactive|TakinaVGC has 30 seconds left.\n|inactive|Pink_SSB has 30 seconds left.\n|\n|t:|1700437647\n|switch|p2a: Brian's Sippy Cup|Sinistcha, L50|100\/100\n|-heal|p2b: Tera-Ass|34\/100|[from] ability: Hospitality|[of] p2a: Brian's Sippy Cup\n|move|p2b: Tera-Ass|Protect|p2b: Tera-Ass\n|-singleturn|p2b: Tera-Ass|Protect\n|move|p1b: Tornadus|Tailwind|p1b: Tornadus\n|-sidestart|p1: TakinaVGC|move: Tailwind\n|move|p1a: Regidrago|Draco Meteor|p2a: Brian's Sippy Cup|[miss]\n|-miss|p1a: Regidrago|p2a: Brian's Sippy Cup\n|\n|-heal|p2b: Tera-Ass|40\/100|[from] item: Leftovers\n|upkeep\n|turn|3\n|inactive|TakinaVGC has 30 seconds left.\n|inactive|Pink_SSB has 30 seconds left.\n|\n|t:|1700437673\n|move|p2a: Brian's Sippy Cup|Rage Powder|p2a: Brian's Sippy Cup\n|-singleturn|p2a: Brian's Sippy Cup|move: Rage Powder\n|move|p1b: Tornadus|Bleakwind Storm|p2a: Brian's Sippy Cup|[spread] p2a,p2b\n|-supereffective|p2a: Brian's Sippy Cup\n|-resisted|p2b: Tera-Ass\n|-damage|p2a: Brian's Sippy Cup|0 fnt\n|-damage|p2b: Tera-Ass|21\/100\n|faint|p2a: Brian's Sippy Cup\n|move|p1a: Regidrago|Draco Meteor|p2b: Tera-Ass\n|-resisted|p2b: Tera-Ass\n|-damage|p2b: Tera-Ass|0 fnt\n|-unboost|p1a: Regidrago|spa|2\n|faint|p2b: Tera-Ass\n|\n|upkeep\n|\n|t:|1700437683\n|switch|p2b: Brian Hands|Iron Hands, L50|100\/100\n|switch|p2a: Uncle Lando|Landorus-Therian, L50, M|48\/100\n|-ability|p2a: Uncle Lando|Intimidate|boost\n|-unboost|p1a: Regidrago|atk|1\n|-unboost|p1b: Tornadus|atk|1\n|turn|4\n|\n|t:|1700437703\n|move|p1b: Tornadus|Protect|p1b: Tornadus\n|-singleturn|p1b: Tornadus|Protect\n|move|p1a: Regidrago|Earth Power|p2b: Brian Hands\n|-supereffective|p2b: Brian Hands\n|-damage|p2b: Brian Hands|83\/100\n|move|p2a: Uncle Lando|Stomping Tantrum|p1a: Regidrago\n|-damage|p1a: Regidrago|0 fnt\n|faint|p1a: Regidrago\n|move|p2b: Brian Hands|Wild Charge|p1b: Tornadus\n|-activate|p1b: Tornadus|move: Protect\n|\n|upkeep\n|j| AC Wesley\n|inactive|TakinaVGC has 30 seconds left.\n|\n|t:|1700437734\n|switch|p1a: Rillaboom|Rillaboom, L50, F|100\/100\n|-fieldstart|move: Grassy Terrain|[from] ability: Grassy Surge|[of] p1a: Rillaboom\n|turn|5\n|\n|t:|1700437753\n|-terastallize|p1b: Tornadus|Dragon\n|move|p1a: Rillaboom|Fake Out|p2a: Uncle Lando\n|-damage|p2a: Uncle Lando|35\/100\n|move|p1b: Tornadus|Bleakwind Storm|p2b: Brian Hands|[spread] p2a\n|-miss|p1b: Tornadus|p2b: Brian Hands\n|-damage|p2a: Uncle Lando|0 fnt\n|faint|p2a: Uncle Lando\n|move|p2b: Brian Hands|Drain Punch|p1a: Rillaboom\n|-damage|p1a: Rillaboom|62\/100\n|-heal|p2b: Brian Hands|99\/100|[from] drain|[of] p1a: Rillaboom\n|\n|-heal|p1a: Rillaboom|68\/100|[from] Grassy Terrain\n|-heal|p2b: Brian Hands|100\/100|[from] Grassy Terrain\n|-sideend|p1: TakinaVGC|move: Tailwind\n|upkeep\n|turn|6\n|\n|t:|1700437764\n|move|p1b: Tornadus|Bleakwind Storm|p2b: Brian Hands|[miss]\n|-miss|p1b: Tornadus|p2b: Brian Hands\n|move|p1a: Rillaboom|High Horsepower|p2b: Brian Hands\n|-supereffective|p2b: Brian Hands\n|-damage|p2b: Brian Hands|57\/100\n|move|p2b: Brian Hands|Drain Punch|p1b: Tornadus\n|-damage|p1b: Tornadus|59\/100\n|-heal|p2b: Brian Hands|73\/100|[from] drain|[of] p1b: Tornadus\n|\n|-heal|p1b: Tornadus|64\/100|[from] Grassy Terrain\n|-heal|p1a: Rillaboom|74\/100|[from] Grassy Terrain\n|-heal|p2b: Brian Hands|79\/100|[from] Grassy Terrain\n|upkeep\n|turn|7\n|\n|t:|1700437777\n|move|p1b: Tornadus|Bleakwind Storm|p2b: Brian Hands\n|-damage|p2b: Brian Hands|48\/100\n|move|p1a: Rillaboom|High Horsepower|p2b: Brian Hands\n|-supereffective|p2b: Brian Hands\n|-damage|p2b: Brian Hands|2\/100\n|move|p2b: Brian Hands|Drain Punch|p1a: Rillaboom\n|-damage|p1a: Rillaboom|36\/100\n|-heal|p2b: Brian Hands|17\/100|[from] drain|[of] p1a: Rillaboom\n|\n|-heal|p1b: Tornadus|70\/100|[from] Grassy Terrain\n|-heal|p1a: Rillaboom|42\/100|[from] Grassy Terrain\n|-heal|p2b: Brian Hands|23\/100|[from] Grassy Terrain\n|upkeep\n|turn|8\n|\n|t:|1700437793\n|-terastallize|p2b: Brian Hands|Water\n|move|p1b: Tornadus|Bleakwind Storm|p2b: Brian Hands\n|-damage|p2b: Brian Hands|0 fnt\n|faint|p2b: Brian Hands\n|-end|p2b: Brian Hands|Quark Drive|[silent]\n|\n|win|TakinaVGC\n|c|&|\/uhtml prompt-pinkssb,Pink_SSB is ready for game 2!\n|inactive|TakinaVGC has 50 seconds to confirm battle start!\n|inactive|TakinaVGC has 40 seconds to confirm battle start!\n|l| AC Wesley\n|inactive|TakinaVGC has 30 seconds to confirm battle start!\n|inactive|TakinaVGC has 20 seconds to confirm battle start!\n","uploadtime":1700437805,"views":12,"p1id":"takinavgc","p2id":"pinkssb","formatid":"gen9vgc2023regulatione","rating":0,"private":0,"password":""}