{"id":"gen9vgc2023regulatione-1989690812","p1":"slowtle","p2":"Wenbanyalv","format":"[Gen 9] VGC 2023 Regulation E","log":"|j|\u2606slowtle\n|j|\u2606Wenbanyalv\n|t:|1699887230\n|gametype|doubles\n|player|p1|slowtle|scientist-gen4dp|1147\n|player|p2|Wenbanyalv|170|1166\n|teamsize|p1|6\n|teamsize|p2|6\n|gen|9\n|tier|[Gen 9] VGC 2023 Regulation E\n|rated|\n|rule|Species Clause: Limit one of each Pok\u00e9mon\n|rule|Item Clause: Limit one of each item\n|clearpoke\n|poke|p1|Grimmsnarl, L50, M|\n|poke|p1|Gholdengo, L50|\n|poke|p1|Sinistcha-Masterpiece, L50|\n|poke|p1|Urshifu-*, L50, F|\n|poke|p1|Goodra-Hisui, L50, F|\n|poke|p1|Landorus-Therian, L50, M|\n|poke|p2|Landorus, L50, M|\n|poke|p2|Ninetales-Alola, L50, M|\n|poke|p2|Flutter Mane, L50|\n|poke|p2|Tornadus, L50, M|\n|poke|p2|Ogerpon-Hearthflame, L50, F|\n|poke|p2|Urshifu-*, L50, M|\n|teampreview|4\n|\n|t:|1699887298\n|start\n|switch|p1a: Gimmy|Grimmsnarl, L50, M, shiny|100\/100\n|switch|p1b: Anana|Gholdengo, L50|100\/100\n|switch|p2a: Urshifu|Urshifu, L50, M|100\/100\n|switch|p2b: Ninetales|Ninetales-Alola, L50, M|100\/100\n|-weather|Snow|[from] ability: Snow Warning|[of] p2b: Ninetales\n|turn|1\n|l|\u2606Wenbanyalv\n|player|p2|\n|\n|t:|1699887343\n|-terastallize|p2a: Urshifu|Ghost\n|-terastallize|p1b: Anana|Water\n|move|p1a: Gimmy|Light Screen|p1a: Gimmy\n|-sidestart|p1: slowtle|move: Light Screen\n|move|p2b: Ninetales|Aurora Veil|p2b: Ninetales\n|-sidestart|p2: Wenbanyalv|move: Aurora Veil\n|move|p2a: Urshifu|Wicked Blow|p1b: Anana\n|-crit|p1b: Anana\n|-damage|p1b: Anana|20\/100\n|move|p1b: Anana|Make It Rain|p2a: Urshifu|[spread] p2a,p2b\n|-supereffective|p2b: Ninetales\n|-damage|p2a: Urshifu|56\/100\n|-enditem|p2b: Ninetales|Focus Sash\n|-damage|p2b: Ninetales|1\/100\n|-unboost|p1b: Anana|spa|1\n|\n|-weather|Snow|[upkeep]\n|-heal|p1b: Anana|25\/100|[from] item: Leftovers\n|upkeep\n|turn|2\n|j|\u2606Wenbanyalv\n|player|p2|Wenbanyalv|170\n|\n|t:|1699887386\n|move|p2b: Ninetales|Freeze-Dry|p1a: Gimmy\n|-damage|p1a: Gimmy|82\/100\n|move|p2a: Urshifu|Wicked Blow|p1b: Anana\n|-crit|p1b: Anana\n|-damage|p1b: Anana|0 fnt\n|faint|p1b: Anana\n|move|p1a: Gimmy|Spirit Break|p2a: Urshifu\n|-damage|p2a: Urshifu|35\/100\n|-unboost|p2a: Urshifu|spa|1\n|\n|-weather|Snow|[upkeep]\n|upkeep\n|inactive|Battle timer is ON: inactive players will automatically lose when time's up. (requested by Wenbanyalv)\n|\n|t:|1699887410\n|switch|p1b: Urmeao|Urshifu-Rapid-Strike, L50, F|100\/100\n|turn|3\n|\n|t:|1699887422\n|move|p1a: Gimmy|Thunder Wave|p2a: Urshifu|[miss]\n|-miss|p1a: Gimmy|p2a: Urshifu\n|move|p2b: Ninetales|Freeze-Dry|p1b: Urmeao\n|-supereffective|p1b: Urmeao\n|-damage|p1b: Urmeao|52\/100\n|-status|p1b: Urmeao|frz\n|move|p2a: Urshifu|Wicked Blow|p1b: Urmeao\n|-resisted|p1b: Urmeao\n|-crit|p1b: Urmeao\n|-damage|p1b: Urmeao|9\/100 frz\n|-curestatus|p1b: Urmeao|frz|[msg]\n|move|p1b: Urmeao|Surging Strikes|p2a: Urshifu\n|-crit|p2a: Urshifu\n|-damage|p2a: Urshifu|14\/100\n|-crit|p2a: Urshifu\n|-damage|p2a: Urshifu|0 fnt\n|faint|p2a: Urshifu\n|-hitcount|p2: Urshifu|2\n|\n|-weather|Snow|[upkeep]\n|upkeep\n|\n|t:|1699887442\n|switch|p2a: Flutter Mane|Flutter Mane, L50|100\/100\n|turn|4\n|\n|t:|1699887464\n|move|p1b: Urmeao|Protect|p1b: Urmeao\n|-singleturn|p1b: Urmeao|Protect\n|move|p2b: Ninetales|Freeze-Dry|p1a: Gimmy\n|-damage|p1a: Gimmy|63\/100\n|move|p2a: Flutter Mane|Dazzling Gleam|p1b: Urmeao|[spread] p1a\n|-activate|p1b: Urmeao|move: Protect\n|-supereffective|p1a: Gimmy\n|-damage|p1a: Gimmy|15\/100\n|move|p1a: Gimmy|Spirit Break|p2b: Ninetales\n|-damage|p2b: Ninetales|0 fnt\n|faint|p2b: Ninetales\n|\n|-weather|Snow|[upkeep]\n|upkeep\n|\n|t:|1699887479\n|switch|p2b: Landorus|Landorus, L50, M|100\/100\n|turn|5\n|\n|t:|1699887496\n|move|p1a: Gimmy|Thunder Wave|p2a: Flutter Mane\n|-status|p2a: Flutter Mane|par\n|move|p2b: Landorus|Sludge Bomb|p1b: Urmeao\n|-damage|p1b: Urmeao|0 fnt\n|faint|p1b: Urmeao\n|move|p2a: Flutter Mane|Dazzling Gleam|p1a: Gimmy\n|-supereffective|p1a: Gimmy\n|-damage|p1a: Gimmy|0 fnt\n|faint|p1a: Gimmy\n|\n|-weather|none\n|-sideend|p2: Wenbanyalv|move: Aurora Veil\n|upkeep\n|inactive|slowtle has 30 seconds left.\n|\n|t:|1699887530\n|switch|p1b: Cactus|Landorus-Therian, L50, M, shiny|100\/100\n|-ability|p1b: Cactus|Intimidate|boost\n|-unboost|p2a: Flutter Mane|atk|1\n|-unboost|p2b: Landorus|atk|1\n|turn|6\n|\n|t:|1699887546\n|move|p1b: Cactus|Rock Slide|p2b: Landorus|[spread] p2a,p2b\n|-damage|p2a: Flutter Mane|67\/100 par\n|-damage|p2b: Landorus|74\/100\n|move|p2b: Landorus|Sludge Bomb|p1b: Cactus\n|-resisted|p1b: Cactus\n|-damage|p1b: Cactus|82\/100\n|cant|p2a: Flutter Mane|flinch\n|\n|upkeep\n|turn|7\n|\n|t:|1699887566\n|move|p1b: Cactus|Rock Slide|p2a: Flutter Mane|[spread] p2a,p2b\n|-crit|p2b: Landorus\n|-damage|p2a: Flutter Mane|33\/100 par\n|-damage|p2b: Landorus|31\/100\n|cant|p2b: Landorus|flinch\n|cant|p2a: Flutter Mane|par\n|\n|upkeep\n|turn|8\n|\n|t:|1699887583\n|move|p2b: Landorus|Protect|p2b: Landorus\n|-singleturn|p2b: Landorus|Protect\n|move|p1b: Cactus|Rock Slide|p2b: Landorus|[spread] p2a\n|-activate|p2b: Landorus|move: Protect\n|-damage|p2a: Flutter Mane|0 fnt\n|faint|p2a: Flutter Mane\n|-end|p2a: Flutter Mane|Protosynthesis|[silent]\n|\n|-sideend|p1: slowtle|move: Light Screen\n|upkeep\n|turn|9\n|-message|Wenbanyalv forfeited.\n|\n|win|slowtle\n|raw|slowtle's rating: 1147 &rarr; <strong>1173<\/strong><br \/>(+26 for winning)\n|raw|Wenbanyalv's rating: 1166 &rarr; <strong>1140<\/strong><br \/>(-26 for losing)\n|l|\u2606Wenbanyalv\n","uploadtime":1699887625,"views":34,"p1id":"slowtle","p2id":"wenbanyalv","formatid":"gen9vgc2023regulatione","rating":1140,"private":0,"password":""}