{"id":"gen9vgc2023regulatione-1998430414","p1":"XMarcosPr710","p2":"Tukitiko","format":"[Gen 9] VGC 2023 Regulation E","log":"|j|\u2606XMarcosPr710\n|j|\u2606Tukitiko\n|n|\u2606XMarcosPr710|xmarcospr710\n|n|\u2606Tukitiko|tukitiko\n|html|View the match progress at <a href=\"\/game-bestof3-gen9vgc2023regulatione-1998425455\">game-bestof3-gen9vgc2023regulatione-1998425455<\/a>\n|t:|1700941455\n|gametype|doubles\n|player|p1|XMarcosPr710|iris-gen5bw2|\n|player|p2|Tukitiko|lusamine-nihilego|\n|teamsize|p1|6\n|teamsize|p2|6\n|gen|9\n|tier|[Gen 9] VGC 2023 Regulation E\n|rule|Species Clause: Limit one of each Pok\u00e9mon\n|rule|Item Clause: Limit one of each item\n|clearpoke\n|poke|p1|Iron Hands, L50|\n|poke|p1|Iron Bundle, L50|\n|poke|p1|Cresselia, L50, F|\n|poke|p1|Ursaluna, L50, F|\n|poke|p1|Urshifu-*, L50, M|\n|poke|p1|Landorus-Therian, L50, M|\n|poke|p2|Kingambit, L50, M|\n|poke|p2|Heatran, L50, M|\n|poke|p2|Rillaboom, L50, M|\n|poke|p2|Ogerpon-Wellspring, L50, F|\n|poke|p2|Sneasler, L50, M|\n|poke|p2|Sinistcha-Masterpiece, L50|\n|teampreview|4\n|inactive|Battle timer is ON: inactive players will automatically lose when time's up. (requested by Tukitiko)\n|j| Piriko.\n|j| Oghmagod\n|j| fifier\n|c| Oghmagod|Apuren que me hago viejo\n|j| N0mbreP\n|j| FdePerro28\n|j| antoniokakarotto\n|inactive|XMarcosPr710 has 60 seconds left.\n|c| FdePerro28|yo con trickroom en la mochila\n|c| antoniokakarotto|final round\n|\n|t:|1700941494\n|start\n|switch|p1a: Cresselia|Cresselia, L50, F, shiny|100\/100\n|switch|p1b: Ursaluna|Ursaluna, L50, F|100\/100\n|switch|p2a: Rey Gamb\u00f3n|Kingambit, L50, M|100\/100\n|switch|p2b: Estefano|Rillaboom, L50, M|100\/100\n|-fieldstart|move: Grassy Terrain|[from] ability: Grassy Surge|[of] p2b: Estefano\n|turn|1\n|c| fifier|marcos pierde\n|c| fifier|grande tuki leyendo\n|c| FdePerro28|se viene\n|inactive|Tukitiko has 30 seconds left.\n|\n|t:|1700941523\n|-terastallize|p2a: Rey Gamb\u00f3n|Ghost\n|move|p1b: Ursaluna|Protect|p1b: Ursaluna\n|-singleturn|p1b: Ursaluna|Protect\n|move|p2b: Estefano|Fake Out|p1a: Cresselia\n|-damage|p1a: Cresselia|91\/100\n|move|p2a: Rey Gamb\u00f3n|Swords Dance|p2a: Rey Gamb\u00f3n\n|-boost|p2a: Rey Gamb\u00f3n|atk|2\n|cant|p1a: Cresselia|flinch\n|\n|-status|p1b: Ursaluna|brn|[from] item: Flame Orb\n|upkeep\n|turn|2\n|c| fifier|tuki quita el timer xd\n|c| antoniokakarotto|tremendo primer turno\n|inactiveoff|Battle timer is now OFF.\n|c|\u2606XMarcosPr710|Yes\n|c| FdePerro28|que buen turno\n|c|\u2606XMarcosPr710|Ya perd\u00ed de hecho\n|c| N0mbreP|el perro cobarde?\n|c|\u2606Tukitiko|lo bueno del trick room es q es algo predecible xd\n|\n|t:|1700941568\n|move|p1a: Cresselia|Ally Switch|p1a: Cresselia\n|swap|p1a: Cresselia|1|[from] move: Ally Switch\n|move|p2b: Estefano|Wood Hammer|p1b: Cresselia\n|-damage|p1b: Cresselia|46\/100\n|-damage|p2b: Estefano|84\/100|[from] Recoil\n|move|p2a: Rey Gamb\u00f3n|Kowtow Cleave|p1a: Ursaluna\n|-damage|p1a: Ursaluna|2\/100 brn\n|-damage|p2a: Rey Gamb\u00f3n|91\/100|[from] item: Life Orb\n|move|p1a: Ursaluna|Facade|p2b: Estefano\n|-damage|p2b: Estefano|0 fnt\n|faint|p2b: Estefano\n|\n|-heal|p2a: Rey Gamb\u00f3n|97\/100|[from] Grassy Terrain\n|-heal|p1a: Ursaluna|8\/100 brn|[from] Grassy Terrain\n|-damage|p1a: Ursaluna|2\/100 brn|[from] brn\n|upkeep\n|c| FdePerro28|chau creselia nos vemos\n|c| fifier|ALA\n|\n|t:|1700941578\n|switch|p2b: Mandy|Ogerpon-Wellspring, L50, F|100\/100\n|turn|3\n|c| FdePerro28|noooo 100000IQ\n|\n|t:|1700941598\n|move|p2b: Mandy|Ivy Cudgel|p1a: Ursaluna|[anim] Ivy Cudgel Water\n|-supereffective|p1a: Ursaluna\n|-damage|p1a: Ursaluna|0 fnt\n|faint|p1a: Ursaluna\n|move|p1b: Cresselia|Lunar Blessing|p1b: Cresselia\n|-heal|p1b: Cresselia|71\/100\n|move|p2a: Rey Gamb\u00f3n|Kowtow Cleave|p1b: Cresselia\n|-supereffective|p1b: Cresselia\n|-damage|p1b: Cresselia|0 fnt\n|faint|p1b: Cresselia\n|-damage|p2a: Rey Gamb\u00f3n|87\/100|[from] item: Life Orb\n|\n|-heal|p2a: Rey Gamb\u00f3n|93\/100|[from] Grassy Terrain\n|upkeep\n|\n|t:|1700941601\n|switch|p1b: Urshifu|Urshifu, L50, M|100\/100\n|switch|p1a: Landorus|Landorus-Therian, L50, M|100\/100\n|-ability|p1a: Landorus|Intimidate|boost\n|-unboost|p2a: Rey Gamb\u00f3n|atk|1\n|-ability|p2a: Rey Gamb\u00f3n|Defiant|boost\n|-boost|p2a: Rey Gamb\u00f3n|atk|2\n|-unboost|p2b: Mandy|atk|1\n|turn|4\n|c|\u2606Tukitiko|ally switch gid\n|c|\u2606XMarcosPr710|En efecto\n|c|\u2606XMarcosPr710|Perd\u00ed\n|c| antoniokakarotto|no TR?\n|c|\u2606XMarcosPr710|Ggs\n|c|\u2606Tukitiko|XDDDD\n|c|\u2606XMarcosPr710|Aunque tirase tr va \u00faltimo\n|c|\u2606XMarcosPr710|XD\n|c|\u2606Tukitiko|Yo con la percepcion del vgc totalmente alterada\n|\n|t:|1700941636\n|move|p1a: Landorus|Protect|p1a: Landorus\n|-singleturn|p1a: Landorus|Protect\n|move|p2b: Mandy|Follow Me|p2b: Mandy\n|-singleturn|p2b: Mandy|move: Follow Me\n|move|p1b: Urshifu|Wicked Blow|p2b: Mandy\n|-crit|p2b: Mandy\n|-damage|p2b: Mandy|0 fnt\n|faint|p2b: Mandy\n|-damage|p1b: Urshifu|91\/100|[from] item: Life Orb\n|move|p2a: Rey Gamb\u00f3n|Kowtow Cleave|p1b: Urshifu\n|-resisted|p1b: Urshifu\n|-damage|p1b: Urshifu|52\/100\n|-damage|p2a: Rey Gamb\u00f3n|83\/100|[from] item: Life Orb\n|\n|-heal|p1b: Urshifu|57\/100|[from] Grassy Terrain\n|-heal|p2a: Rey Gamb\u00f3n|89\/100|[from] Grassy Terrain\n|upkeep\n|c| FdePerro28|*Yo con la mufa en la mochila*\n|c| fifier|alv\n|\n|t:|1700941643\n|switch|p2b: Sinistcha|Sinistcha-Masterpiece, L50|100\/100\n|-heal|p2a: Rey Gamb\u00f3n|100\/100|[from] ability: Hospitality|[of] p2b: Sinistcha\n|turn|5\n|c| fifier|kowtwo cleave?\n|c| FdePerro28|opa\n|c| fifier|ostia\n|c| fifier|marcos\n|c| fifier|ganaste\n|c| fifier|xD\n|\n|t:|1700941667\n|move|p1a: Landorus|Protect||[still]\n|-fail|p1a: Landorus\n|move|p2b: Sinistcha|Rage Powder|p2b: Sinistcha\n|-singleturn|p2b: Sinistcha|move: Rage Powder\n|move|p1b: Urshifu|Wicked Blow|p2b: Sinistcha\n|-supereffective|p2b: Sinistcha\n|-crit|p2b: Sinistcha\n|-damage|p2b: Sinistcha|0 fnt\n|faint|p2b: Sinistcha\n|-damage|p1b: Urshifu|48\/100|[from] item: Life Orb\n|move|p2a: Rey Gamb\u00f3n|Iron Head|p1b: Urshifu\n|-crit|p1b: Urshifu\n|-damage|p1b: Urshifu|0 fnt\n|faint|p1b: Urshifu\n|-damage|p2a: Rey Gamb\u00f3n|91\/100|[from] item: Life Orb\n|\n|-heal|p2a: Rey Gamb\u00f3n|97\/100|[from] Grassy Terrain\n|-fieldend|move: Grassy Terrain\n|upkeep\n|turn|6\n|c|\u2606Tukitiko|perry el ornitotyler\n|c| FdePerro28|remontadi\u00f1a de marcos\n|c| antoniokakarotto|remontada a lo madrid?\n|c|\u2606XMarcosPr710|Ggs\n|c| fifier|a pues no\n|c| fifier|gg\n|c|\u2606XMarcosPr710|Cre\u00eda que tiraba sucker\n|c| fifier|terremoto\n|c|\u2606XMarcosPr710|Porq me mata al lando\n|c| N0mbreP|Terremoto\n|c| Oghmagod|Pero marcos que haces\n|c|\u2606XMarcosPr710|Pero como es un cabeza de termo\n|c| N0mbreP|Terremoto\n|c| N0mbreP|Terremoto\n|c| N0mbreP|Terremoto\n|c|\u2606Tukitiko|esos dos sacrificios no fueron en vano\n|\n|t:|1700941700\n|-terastallize|p1a: Landorus|Flying\n|move|p1a: Landorus|Tera Blast|p2a: Rey Gamb\u00f3n|[anim] Tera Blast Flying\n|-damage|p2a: Rey Gamb\u00f3n|48\/100\n|move|p2a: Rey Gamb\u00f3n|Kowtow Cleave|p1a: Landorus\n|-damage|p1a: Landorus|0 fnt\n|faint|p1a: Landorus\n|-damage|p2a: Rey Gamb\u00f3n|39\/100|[from] item: Life Orb\n|\n|win|Tukitiko\n|c| fifier|a wtf el kingambit no tiene protect???\/\n|c| FdePerro28|terremotea\n|c| antoniokakarotto|gg\n|l| antoniokakarotto\n|c|\u2606XMarcosPr710|Que asco los 3 combates a la vez\n|c|\u2606Tukitiko|Te pasa por no usar terremogo\n|c|\u2606XMarcosPr710|\ud83d\uddff\ud83d\uddff\n|l| Oghmagod\n|c| fifier|landorus tiene protect, tera blast, stomping y u-turn\n|c| fifier|stomping tantrum\n|l|\u2606Tukitiko\n|l| fifier\n|j|\u2606Tukitiko\n|player|p2|Tukitiko|lusamine-nihilego\n","uploadtime":1700941787,"views":2,"p1id":"xmarcospr710","p2id":"tukitiko","formatid":"gen9vgc2023regulatione","rating":0,"private":0,"password":""}