{"id":"gen9vgc2023regulatione-1998520118","p1":"Gerardo20","p2":"newusernovice","format":"[Gen 9] VGC 2023 Regulation E","log":"|j|\u2606Gerardo20\n|j|\u2606newusernovice\n|t:|1700951641\n|gametype|doubles\n|player|p1|Gerardo20|giovanni|1342\n|player|p2|newusernovice|brawly|1397\n|teamsize|p1|6\n|teamsize|p2|6\n|gen|9\n|tier|[Gen 9] VGC 2023 Regulation E\n|rated|\n|rule|Species Clause: Limit one of each Pok\u00e9mon\n|rule|Item Clause: Limit one of each item\n|clearpoke\n|poke|p1|Dragonite, L50, M|\n|poke|p1|Chien-Pao, L50|\n|poke|p1|Arcanine-Hisui, L50, F|\n|poke|p1|Urshifu-*, L50, M|\n|poke|p1|Rillaboom, L50, F|\n|poke|p1|Tornadus, L50, M|\n|poke|p2|Regieleki, L50|\n|poke|p2|Indeedee-F, L50, F|\n|poke|p2|Flutter Mane, L50|\n|poke|p2|Chi-Yu, L50|\n|poke|p2|Tornadus, L50, M|\n|poke|p2|Ogerpon-Wellspring, L50, F|\n|teampreview|4\n|inactive|Battle timer is ON: inactive players will automatically lose when time's up. (requested by newusernovice)\n|inactive|Gerardo20 has 60 seconds left.\n|inactive|newusernovice has 60 seconds left.\n|\n|t:|1700951692\n|start\n|switch|p1a: Dragonite|Dragonite, L50, M|100\/100\n|switch|p1b: Chien-Pao|Chien-Pao, L50|100\/100\n|switch|p2a: Flutter Mane|Flutter Mane, L50|100\/100\n|switch|p2b: Chi-Yu|Chi-Yu, L50|100\/100\n|-ability|p1b: Chien-Pao|Sword of Ruin\n|-ability|p2b: Chi-Yu|Beads of Ruin\n|turn|1\n|\n|t:|1700951707\n|-terastallize|p1a: Dragonite|Normal\n|move|p2b: Chi-Yu|Protect|p2b: Chi-Yu\n|-singleturn|p2b: Chi-Yu|Protect\n|move|p1a: Dragonite|Extreme Speed|p2b: Chi-Yu\n|-activate|p2b: Chi-Yu|move: Protect\n|move|p1b: Chien-Pao|Icicle Crash|p2a: Flutter Mane\n|-enditem|p2a: Flutter Mane|Focus Sash\n|-damage|p2a: Flutter Mane|1\/100\n|move|p2a: Flutter Mane|Dazzling Gleam|p1a: Dragonite|[spread] p1a,p1b\n|-supereffective|p1b: Chien-Pao\n|-damage|p1a: Dragonite|54\/100\n|-enditem|p1b: Chien-Pao|Focus Sash\n|-damage|p1b: Chien-Pao|1\/100\n|\n|upkeep\n|turn|2\n|inactive|newusernovice has 30 seconds left.\n|\n|t:|1700951732\n|-end|p2a: Flutter Mane|Protosynthesis|[silent]\n|switch|p2a: Indeedee|Indeedee-F, L50, F|100\/100\n|-fieldstart|move: Psychic Terrain|[from] ability: Psychic Surge|[of] p2a: Indeedee\n|-terastallize|p2b: Chi-Yu|Fire\n|move|p1a: Dragonite|Extreme Speed|p2b: Chi-Yu\n|-activate|p2b: Chi-Yu|move: Psychic Terrain\n|move|p1b: Chien-Pao|Icicle Crash|p2a: Indeedee\n|-crit|p2a: Indeedee\n|-damage|p2a: Indeedee|17\/100\n|-enditem|p2a: Indeedee|Sitrus Berry|[eat]\n|-heal|p2a: Indeedee|42\/100|[from] item: Sitrus Berry\n|move|p2b: Chi-Yu|Heat Wave|p1b: Chien-Pao|[spread] p1a,p1b\n|-supereffective|p1b: Chien-Pao\n|-damage|p1a: Dragonite|0 fnt\n|-damage|p1b: Chien-Pao|0 fnt\n|faint|p1a: Dragonite\n|faint|p1b: Chien-Pao\n|-damage|p2b: Chi-Yu|91\/100|[from] item: Life Orb\n|\n|upkeep\n|\n|t:|1700951745\n|switch|p1b: Rillaboom|Rillaboom, L50, F|100\/100\n|switch|p1a: Arcanine|Arcanine-Hisui, L50, F|100\/100\n|-ability|p1a: Arcanine|Intimidate|boost\n|-unboost|p2a: Indeedee|atk|1\n|-unboost|p2b: Chi-Yu|atk|1\n|-fieldstart|move: Grassy Terrain|[from] ability: Grassy Surge|[of] p1b: Rillaboom\n|turn|3\n|inactive|newusernovice has 30 seconds left.\n|inactive|Gerardo20 has 30 seconds left.\n|\n|t:|1700951788\n|switch|p2a: Ogerpon|Ogerpon-Wellspring, L50, F|100\/100\n|move|p2b: Chi-Yu|Protect|p2b: Chi-Yu\n|-singleturn|p2b: Chi-Yu|Protect\n|move|p1b: Rillaboom|Fake Out|p2b: Chi-Yu\n|-activate|p2b: Chi-Yu|move: Protect\n|move|p1a: Arcanine|Rock Slide|p2a: Ogerpon|[spread] p2a\n|-activate|p2b: Chi-Yu|move: Protect\n|-damage|p2a: Ogerpon|71\/100\n|\n|-heal|p2b: Chi-Yu|97\/100|[from] Grassy Terrain\n|-heal|p2a: Ogerpon|77\/100|[from] Grassy Terrain\n|upkeep\n|turn|4\n|\n|t:|1700951808\n|switch|p2a: Indeedee|Indeedee-F, L50, F|42\/100\n|-fieldstart|move: Psychic Terrain|[from] ability: Psychic Surge|[of] p2a: Indeedee\n|move|p1a: Arcanine|Extreme Speed|p2b: Chi-Yu\n|-activate|p2b: Chi-Yu|move: Psychic Terrain\n|move|p2b: Chi-Yu|Overheat|p1b: Rillaboom\n|-supereffective|p1b: Rillaboom\n|-damage|p1b: Rillaboom|0 fnt\n|-unboost|p2b: Chi-Yu|spa|2\n|faint|p1b: Rillaboom\n|-damage|p2b: Chi-Yu|87\/100|[from] item: Life Orb\n|\n|upkeep\n|turn|5\n|\n|t:|1700951825\n|switch|p2b: Ogerpon|Ogerpon-Wellspring, L50, F|77\/100\n|move|p2a: Indeedee|Protect|p2a: Indeedee\n|-singleturn|p2a: Indeedee|Protect\n|move|p1a: Arcanine|Rock Slide|p2b: Ogerpon|[spread] p2b\n|-activate|p2a: Indeedee|move: Protect\n|-damage|p2b: Ogerpon|48\/100\n|\n|upkeep\n|turn|6\n|\n|t:|1700951835\n|move|p2a: Indeedee|Follow Me|p2a: Indeedee\n|-singleturn|p2a: Indeedee|move: Follow Me\n|move|p2b: Ogerpon|Ivy Cudgel|p1a: Arcanine|[anim] Ivy Cudgel Water\n|-supereffective|p1a: Arcanine\n|-damage|p1a: Arcanine|0 fnt\n|faint|p1a: Arcanine\n|\n|win|newusernovice\n|raw|Gerardo20's rating: 1342 &rarr; <strong>1325<\/strong><br \/>(-17 for losing)\n|raw|newusernovice's rating: 1397 &rarr; <strong>1414<\/strong><br \/>(+17 for winning)\n|l|\u2606Gerardo20\n","uploadtime":1700951869,"views":4,"p1id":"gerardo20","p2id":"newusernovice","formatid":"gen9vgc2023regulatione","rating":1325,"private":0,"password":""}