{"id":"gen9vgc2023regulatione-1999859772","p1":"The Carkol Rider","p2":"MyDressUpDeerling","format":"[Gen 9] VGC 2023 Regulation E","log":"|j|\u2606The Carkol Rider\n|j|\u2606MyDressUpDeerling\n|n|\u2606The Carkol Rider|thecarkolrider\n|n|\u2606MyDressUpDeerling|mydressupdeerling\n|html|View the match progress at <a href=\"\/game-bestof3-gen9vgc2023regulatione-1999853509\">game-bestof3-gen9vgc2023regulatione-1999853509<\/a>\n|t:|1701123603\n|gametype|doubles\n|player|p1|The Carkol Rider|grimsley|\n|player|p2|MyDressUpDeerling|carmine-festival|\n|teamsize|p1|6\n|teamsize|p2|6\n|gen|9\n|tier|[Gen 9] VGC 2023 Regulation E\n|rule|Species Clause: Limit one of each Pok\u00e9mon\n|rule|Item Clause: Limit one of each item\n|clearpoke\n|poke|p1|Chien-Pao, L50|\n|poke|p1|Dragonite, L50, F|\n|poke|p1|Tornadus, L50, M|\n|poke|p1|Ogerpon-Wellspring, L50, F|\n|poke|p1|Coalossal, L50, M|\n|poke|p1|Poltchageist, L50|\n|poke|p2|Landorus-Therian, L50, M|\n|poke|p2|Farigiraf, L50, F|\n|poke|p2|Ogerpon, L50, F|\n|poke|p2|Thundurus-Therian, L50, M|\n|poke|p2|Urshifu-*, L50, M|\n|poke|p2|Basculin-White-Striped, L50, M|\n|teampreview|4\nMyDressUpDeerling rejected open team sheets.\n|c|\u2606MyDressUpDeerling|glhf\n|c|\u2606The Carkol Rider|glhf\n|\n|t:|1701123661\n|start\n|switch|p1a: Chien-Pao|Chien-Pao, L50|100\/100\n|switch|p1b: Ogerpon|Ogerpon-Wellspring, L50, F|100\/100\n|switch|p2a: Thundurus|Thundurus-Therian, L50, M|100\/100\n|switch|p2b: Farigiraf|Farigiraf, L50, F|100\/100\n|-ability|p1a: Chien-Pao|Sword of Ruin\n|turn|1\n|\n|t:|1701123689\n|move|p1a: Chien-Pao|Ice Spinner|p2b: Farigiraf\n|-crit|p2b: Farigiraf\n|-damage|p2b: Farigiraf|34\/100\n|-enditem|p2b: Farigiraf|Sitrus Berry|[eat]\n|-heal|p2b: Farigiraf|59\/100|[from] item: Sitrus Berry\n|move|p1b: Ogerpon|Ivy Cudgel|p2b: Farigiraf|[anim] Ivy Cudgel Water\n|-damage|p2b: Farigiraf|8\/100\n|move|p2a: Thundurus|Wildbolt Storm|p1a: Chien-Pao|[spread] p1a\n|-miss|p2a: Thundurus|p1b: Ogerpon\n|-damage|p1a: Chien-Pao|20\/100\n|move|p2b: Farigiraf|Trick Room|p2b: Farigiraf\n|-fieldstart|move: Trick Room|[of] p2b: Farigiraf\n|\n|upkeep\n|turn|2\n|\n|t:|1701123705\n|move|p1a: Chien-Pao|Protect|p1a: Chien-Pao\n|-singleturn|p1a: Chien-Pao|Protect\n|move|p2b: Farigiraf|Dazzling Gleam|p1a: Chien-Pao|[spread] p1b\n|-activate|p1a: Chien-Pao|move: Protect\n|-damage|p1b: Ogerpon|84\/100\n|move|p2a: Thundurus|Thunderbolt|p1b: Ogerpon\n|-damage|p1b: Ogerpon|27\/100\n|move|p1b: Ogerpon|Ivy Cudgel|p2b: Farigiraf|[anim] Ivy Cudgel Water\n|-damage|p2b: Farigiraf|0 fnt\n|faint|p2b: Farigiraf\n|\n|upkeep\n|\n|t:|1701123726\n|switch|p2b: Landorus|Landorus-Therian, L50, M|100\/100\n|-ability|p2b: Landorus|Intimidate|boost\n|-unboost|p1a: Chien-Pao|atk|1\n|-unboost|p1b: Ogerpon|atk|1\n|turn|3\n|\n|t:|1701123741\n|switch|p2b: Urshifu|Urshifu, L50, M|100\/100\n|switch|p1b: Dragonite|Dragonite, L50, F|100\/100\n|move|p1a: Chien-Pao|Protect||[still]\n|-fail|p1a: Chien-Pao\n|move|p2a: Thundurus|Wildbolt Storm|p1b: Dragonite|[spread] p1b\n|-miss|p2a: Thundurus|p1a: Chien-Pao\n|-damage|p1b: Dragonite|86\/100\n|\n|upkeep\n|turn|4\n|\n|t:|1701123775\n|switch|p1a: Tornadus|Tornadus, L50, M|100\/100\n|-terastallize|p1b: Dragonite|Fairy\n|move|p2b: Urshifu|Protect|p2b: Urshifu\n|-singleturn|p2b: Urshifu|Protect\n|move|p1b: Dragonite|Hurricane|p2b: Urshifu\n|-activate|p2b: Urshifu|move: Protect\n|move|p2a: Thundurus|Thunderbolt|p1b: Dragonite\n|-damage|p1b: Dragonite|46\/100\n|\n|upkeep\n|turn|5\n|\n|t:|1701123803\n|switch|p2b: Landorus|Landorus-Therian, L50, M|100\/100\n|-ability|p2b: Landorus|Intimidate|boost\n|-unboost|p1a: Tornadus|atk|1\n|-ability|p1a: Tornadus|Defiant|boost\n|-boost|p1a: Tornadus|atk|2\n|-enditem|p1a: Tornadus|Adrenaline Orb\n|-boost|p1a: Tornadus|spe|1|[from] item: Adrenaline Orb\n|-unboost|p1b: Dragonite|atk|1\n|move|p1b: Dragonite|Hurricane|p2b: Landorus\n|-damage|p2b: Landorus|52\/100\n|-start|p2b: Landorus|confusion\n|move|p2a: Thundurus|Thunderbolt|p1a: Tornadus\n|-supereffective|p1a: Tornadus\n|-damage|p1a: Tornadus|0 fnt\n|faint|p1a: Tornadus\n|\n|-fieldend|move: Trick Room\n|upkeep\n|\n|t:|1701123818\n|switch|p1a: Ogerpon|Ogerpon-Wellspring, L50, F|27\/100\n|turn|6\n|\n|t:|1701123835\n|switch|p1b: Chien-Pao|Chien-Pao, L50|20\/100\n|-ability|p1b: Chien-Pao|Sword of Ruin\n|move|p1a: Ogerpon|Ivy Cudgel|p2a: Thundurus|[anim] Ivy Cudgel Water\n|-crit|p2a: Thundurus\n|-damage|p2a: Thundurus|0 fnt\n|faint|p2a: Thundurus\n|-activate|p2b: Landorus|confusion\n|move|p2b: Landorus|Earthquake|p1b: Chien-Pao|[spread] p1a,p1b\n|-resisted|p1a: Ogerpon\n|-crit|p1a: Ogerpon\n|-damage|p1a: Ogerpon|0 fnt\n|-damage|p1b: Chien-Pao|0 fnt\n|faint|p1a: Ogerpon\n|faint|p1b: Chien-Pao\n|\n|upkeep\n|\n|t:|1701123847\n|switch|p1b: Dragonite|Dragonite, L50, F, tera:Fairy|46\/100\n|switch|p2a: Urshifu|Urshifu, L50, M|100\/100\n|turn|7\n|\n|t:|1701123857\n|move|p2a: Urshifu|Wicked Blow|p1b: Dragonite\n|-resisted|p1b: Dragonite\n|-crit|p1b: Dragonite\n|-damage|p1b: Dragonite|16\/100\n|-activate|p2b: Landorus|confusion\n|-damage|p2b: Landorus|34\/100|[from] confusion\n|move|p1b: Dragonite|Hurricane|p2a: Urshifu\n|-supereffective|p2a: Urshifu\n|-enditem|p2a: Urshifu|Focus Sash\n|-damage|p2a: Urshifu|1\/100\n|\n|upkeep\n|turn|8\n|\n|t:|1701123874\n|move|p1b: Dragonite|Aqua Jet|p2b: Landorus\n|-supereffective|p2b: Landorus\n|-damage|p2b: Landorus|0 fnt\n|faint|p2b: Landorus\n|move|p2a: Urshifu|Wicked Blow|p1b: Dragonite\n|-resisted|p1b: Dragonite\n|-crit|p1b: Dragonite\n|-damage|p1b: Dragonite|0 fnt\n|faint|p1b: Dragonite\n|\n|win|MyDressUpDeerling\n|c|\u2606The Carkol Rider|gg\n|c|\u2606MyDressUpDeerling|ggs\n","uploadtime":1701123882,"views":21,"p1id":"thecarkolrider","p2id":"mydressupdeerling","formatid":"gen9vgc2023regulatione","rating":0,"private":0,"password":""}