{"id":"gen9vgc2023regulatione-1993613902","p1":"Tinfoilbot65","p2":"DPanther8760","format":"[Gen 9] VGC 2023 Regulation E","log":"|j|\u2606Tinfoilbot65\n|j|\u2606DPanther8760\n|t:|1700337609\n|gametype|doubles\n|player|p1|Tinfoilbot65|unknown|1000\n|player|p2|DPanther8760|265|1065\n|teamsize|p1|6\n|teamsize|p2|6\n|gen|9\n|tier|[Gen 9] VGC 2023 Regulation E\n|rated|\n|rule|Species Clause: Limit one of each Pok\u00e9mon\n|rule|Item Clause: Limit one of each item\n|clearpoke\n|poke|p1|Golem-Alola, L50, M|\n|poke|p1|Rabsca, L50, M|\n|poke|p1|Iron Hands, L50|\n|poke|p1|Dondozo, L50, F|\n|poke|p1|Sinistcha-Masterpiece, L50|\n|poke|p1|Maushold-Four, L50|\n|poke|p2|Sinistcha-Masterpiece, L50|\n|poke|p2|Ursaluna, L50, F|\n|poke|p2|Landorus-Therian, L50, M|\n|poke|p2|Basculegion, L50, M|\n|poke|p2|Dusclops, L50, M|\n|poke|p2|Urshifu-*, L50, F|\n|teampreview|4\n|inactive|Battle timer is ON: inactive players will automatically lose when time's up. (requested by DPanther8760)\n|\n|t:|1700337624\n|start\n|switch|p1a: Electric Buildup|Golem-Alola, L50, M, shiny|100\/100\n|switch|p1b: Mr. Ludwig|Rabsca, L50, M|100\/100\n|switch|p2a: Moon Pie|Ursaluna, L50, F, shiny|100\/100\n|switch|p2b: Strangely good|Dusclops, L50, M|100\/100\n|-ability|p2b: Strangely good|Pressure\n|turn|1\n|\n|t:|1700337646\n|move|p2a: Moon Pie|Protect|p2a: Moon Pie\n|-singleturn|p2a: Moon Pie|Protect\n|move|p1a: Electric Buildup|Explosion|p2b: Strangely good|[spread] p2b\n|-activate|p2a: Moon Pie|move: Protect\n|-activate|p1b: Mr. Ludwig|ability: Telepathy\n|-damage|p2b: Strangely good|37\/100\n|faint|p1a: Electric Buildup\n|move|p1b: Mr. Ludwig|Revival Blessing|p1b: Mr. Ludwig\n|-enditem|p1b: Mr. Ludwig|Leppa Berry|[eat]\n|-activate|p1b: Mr. Ludwig|item: Leppa Berry|Revival Blessing|[consumed]\n|\n|t:|1700337658\n|-heal|p1: Electric Buildup|50\/100|[from] move: Revival Blessing\n|switch|p1a: Electric Buildup|Golem-Alola, L50, M, shiny|50\/100\n|move|p2b: Strangely good|Trick Room|p2b: Strangely good\n|-fieldstart|move: Trick Room|[of] p2b: Strangely good\n|\n|-status|p2a: Moon Pie|brn|[from] item: Flame Orb\n|upkeep\n|turn|2\n|\n|t:|1700337677\n|move|p2b: Strangely good|Will-O-Wisp|p1a: Electric Buildup\n|-status|p1a: Electric Buildup|brn\n|move|p1b: Mr. Ludwig|Revival Blessing||[still]\n|-fail|p1b: Mr. Ludwig\n|move|p2a: Moon Pie|Facade|p1b: Mr. Ludwig\n|-damage|p1b: Mr. Ludwig|0 fnt\n|faint|p1b: Mr. Ludwig\n|move|p1a: Electric Buildup|Explosion|p2a: Moon Pie|[spread] p2b\n|-immune|p2a: Moon Pie\n|-damage|p2b: Strangely good|2\/100\n|faint|p1a: Electric Buildup\n|\n|-damage|p2a: Moon Pie|95\/100 brn|[from] brn\n|upkeep\n|\n|t:|1700337687\n|switch|p1b: The Fake Dragon|Dondozo, L50, F|100\/100\n|switch|p1a: Iron Fists|Iron Hands, L50|100\/100\n|turn|3\n|\n|t:|1700337703\n|move|p1a: Iron Fists|Fake Out|p2a: Moon Pie\n|-damage|p2a: Moon Pie|82\/100 brn\n|move|p2b: Strangely good|Will-O-Wisp|p1b: The Fake Dragon\n|-status|p1b: The Fake Dragon|brn\n|move|p1b: The Fake Dragon|Soak|p2a: Moon Pie\n|-start|p2a: Moon Pie|typechange|Water\n|cant|p2a: Moon Pie|flinch\n|\n|-damage|p1b: The Fake Dragon|94\/100 brn|[from] brn\n|-damage|p2a: Moon Pie|76\/100 brn|[from] brn\n|upkeep\n|turn|4\n|\n|t:|1700337725\n|move|p2b: Strangely good|Will-O-Wisp|p1a: Iron Fists\n|-status|p1a: Iron Fists|brn\n|move|p1b: The Fake Dragon|Wave Crash|p2b: Strangely good\n|-damage|p2b: Strangely good|0 fnt\n|faint|p2b: Strangely good\n|-damage|p1b: The Fake Dragon|94\/100 brn|[from] Recoil\n|move|p2a: Moon Pie|Earthquake|p1a: Iron Fists|[spread] p1a,p1b\n|-supereffective|p1a: Iron Fists\n|-damage|p1a: Iron Fists|38\/100 brn\n|-damage|p1b: The Fake Dragon|72\/100 brn\n|-enditem|p1a: Iron Fists|Sitrus Berry|[eat]\n|-heal|p1a: Iron Fists|63\/100 brn|[from] item: Sitrus Berry\n|move|p1a: Iron Fists|Wild Charge|p2a: Moon Pie\n|-supereffective|p2a: Moon Pie\n|-damage|p2a: Moon Pie|40\/100 brn\n|-damage|p1a: Iron Fists|55\/100 brn|[from] Recoil\n|\n|-heal|p1b: The Fake Dragon|79\/100 brn|[from] item: Leftovers\n|-damage|p1b: The Fake Dragon|72\/100 brn|[from] brn\n|-damage|p2a: Moon Pie|34\/100 brn|[from] brn\n|-damage|p1a: Iron Fists|48\/100 brn|[from] brn\n|upkeep\n|\n|t:|1700337735\n|switch|p2b: Annoying healer|Sinistcha-Masterpiece, L50, shiny|100\/100\n|-heal|p2a: Moon Pie|59\/100 brn|[from] ability: Hospitality|[of] p2b: Annoying healer\n|turn|5\n|inactive|Tinfoilbot65 has 30 seconds left.\n|\n|t:|1700337760\n|-terastallize|p1b: The Fake Dragon|Grass\n|move|p1b: The Fake Dragon|Soak|p2b: Annoying healer\n|-start|p2b: Annoying healer|typechange|Water\n|move|p2a: Moon Pie|Facade|p1a: Iron Fists\n|-damage|p1a: Iron Fists|0 fnt\n|faint|p1a: Iron Fists\n|-end|p1a: Iron Fists|Quark Drive|[silent]\n|move|p2b: Annoying healer|Matcha Gotcha|p1b: The Fake Dragon\n|-resisted|p1b: The Fake Dragon\n|-damage|p1b: The Fake Dragon|61\/100 brn\n|\n|-heal|p1b: The Fake Dragon|67\/100 brn|[from] item: Leftovers\n|-damage|p1b: The Fake Dragon|61\/100 brn|[from] brn\n|-damage|p2a: Moon Pie|53\/100 brn|[from] brn\n|-fieldend|move: Trick Room\n|upkeep\n|turn|6\n|\n|t:|1700337782\n|move|p1b: The Fake Dragon|Protect|p1b: The Fake Dragon\n|-singleturn|p1b: The Fake Dragon|Protect\n|move|p2b: Annoying healer|Life Dew||[still]|[spread] p2a,p2b\n|-heal|p2a: Moon Pie|78\/100 brn\n|-fail|p2b: Annoying healer|heal\n|move|p2a: Moon Pie|Facade|p1b: The Fake Dragon\n|-activate|p1b: The Fake Dragon|move: Protect\n|\n|-heal|p1b: The Fake Dragon|67\/100 brn|[from] item: Leftovers\n|-damage|p2a: Moon Pie|72\/100 brn|[from] brn\n|-damage|p1b: The Fake Dragon|61\/100 brn|[from] brn\n|upkeep\n|turn|7\n|c|\u2606Tinfoilbot65|so uh\n|c|\u2606Tinfoilbot65|i guess\n|c|\u2606Tinfoilbot65|you win\n|-message|Tinfoilbot65 forfeited.\n|\n|win|DPanther8760\n|raw|Tinfoilbot65's rating: 1000 &rarr; <strong>1000<\/strong><br \/>(+0 for losing)\n|raw|DPanther8760's rating: 1065 &rarr; <strong>1090<\/strong><br \/>(+25 for winning)\n","uploadtime":1700337802,"views":7,"p1id":"tinfoilbot65","p2id":"dpanther8760","formatid":"gen9vgc2023regulatione","rating":1000,"private":0,"password":""}