{"id":"gen9vgc2023regulatione-1988371958","p1":"p-funky","p2":"Miky4208","format":"[Gen 9] VGC 2023 Regulation E","log":"|j|\u2606p-funky\n|j|\u2606Miky4208\n|t:|1699715312\n|gametype|doubles\n|player|p1|p-funky|koga-gen1rb|1056\n|player|p2|Miky4208|170|1118\n|teamsize|p1|6\n|teamsize|p2|6\n|gen|9\n|tier|[Gen 9] VGC 2023 Regulation E\n|rated|\n|rule|Species Clause: Limit one of each Pok\u00e9mon\n|rule|Item Clause: Limit one of each item\n|clearpoke\n|poke|p1|Slither Wing, L50|\n|poke|p1|Volbeat, L50, M|\n|poke|p1|Volcarona, L50, F|\n|poke|p1|Kleavor, L50, F|\n|poke|p1|Vikavolt, L50, F|\n|poke|p1|Rabsca, L50, M|\n|poke|p2|Gholdengo, L50|\n|poke|p2|Iron Hands, L50|\n|poke|p2|Amoonguss, L50, M|\n|poke|p2|Iron Bundle, L50|\n|poke|p2|Pelipper, L50, F|\n|poke|p2|Salamence, L50, M|\n|teampreview|4\nMiky4208 has agreed to open team sheets.\n|inactive|Battle timer is ON: inactive players will automatically lose when time's up. (requested by Miky4208)\n|\n|t:|1699715385\n|start\n|switch|p1a: Rabsca|Rabsca, L50, M|100\/100\n|switch|p1b: Kleavor|Kleavor, L50, F|100\/100\n|switch|p2a: Iron Hands|Iron Hands, L50|100\/100\n|switch|p2b: Iron Bundle|Iron Bundle, L50|100\/100\n|-enditem|p2b: Iron Bundle|Booster Energy\n|-activate|p2b: Iron Bundle|ability: Quark Drive|[fromitem]\n|-start|p2b: Iron Bundle|quarkdrivespe\n|turn|1\n|inactive|Miky4208 has 30 seconds left.\n|\n|t:|1699715412\n|move|p1b: Kleavor|Protect|p1b: Kleavor\n|-singleturn|p1b: Kleavor|Protect\n|move|p1a: Rabsca|Protect|p1a: Rabsca\n|-singleturn|p1a: Rabsca|Protect\n|move|p2a: Iron Hands|Fake Out|p1a: Rabsca\n|-activate|p1a: Rabsca|move: Protect\n|move|p2b: Iron Bundle|Freeze-Dry|p1b: Kleavor\n|-activate|p1b: Kleavor|move: Protect\n|\n|upkeep\n|turn|2\n|inactive|p-funky has 30 seconds left.\n|inactive|Miky4208 has 30 seconds left.\n|inactive|Miky4208 has 20 seconds left.\n|\n|t:|1699715452\n|move|p2b: Iron Bundle|Freeze-Dry|p1b: Kleavor\n|-damage|p1b: Kleavor|61\/100\n|-status|p1b: Kleavor|frz\n|cant|p1b: Kleavor|frz\n|move|p2a: Iron Hands|Drain Punch|p1b: Kleavor\n|-crit|p1b: Kleavor\n|-damage|p1b: Kleavor|3\/100 frz\n|move|p1a: Rabsca|Trick Room|p1a: Rabsca\n|-fieldstart|move: Trick Room|[of] p1a: Rabsca\n|\n|upkeep\n|turn|3\n|inactive|Miky4208 has 30 seconds left.\n|\n|t:|1699715481\n|-end|p2b: Iron Bundle|Quark Drive|[silent]\n|switch|p2b: Pelipper|Pelipper, L50, F|100\/100\n|-weather|RainDance|[from] ability: Drizzle|[of] p2b: Pelipper\n|move|p1a: Rabsca|Protect|p1a: Rabsca\n|-singleturn|p1a: Rabsca|Protect\n|move|p2a: Iron Hands|Drain Punch|p1b: Kleavor\n|-damage|p1b: Kleavor|0 fnt\n|faint|p1b: Kleavor\n|\n|-weather|RainDance|[upkeep]\n|upkeep\n|\n|t:|1699715497\n|switch|p1b: Vikavolt|Vikavolt, L50, F|100\/100\n|turn|4\n|inactive|Miky4208 has 30 seconds left.\n|\n|t:|1699715523\n|move|p2b: Pelipper|Protect|p2b: Pelipper\n|-singleturn|p2b: Pelipper|Protect\n|move|p1b: Vikavolt|Thunderbolt|p2b: Pelipper\n|-activate|p2b: Pelipper|move: Protect\n|move|p1a: Rabsca|Revival Blessing|p1a: Rabsca\n|\n|t:|1699715534\n|-heal|p1: Kleavor|50\/100|[from] move: Revival Blessing\n|move|p2a: Iron Hands|Wild Charge|p1b: Vikavolt\n|-resisted|p1b: Vikavolt\n|-damage|p1b: Vikavolt|71\/100\n|-damage|p2a: Iron Hands|95\/100|[from] Recoil\n|\n|-weather|RainDance|[upkeep]\n|upkeep\n|turn|5\n|\n|t:|1699715558\n|-end|p2a: Iron Hands|Quark Drive|[silent]\n|switch|p2a: Iron Bundle|Iron Bundle, L50|100\/100\n|move|p1b: Vikavolt|Thunderbolt|p2b: Pelipper\n|-supereffective|p2b: Pelipper\n|-enditem|p2b: Pelipper|Focus Sash\n|-damage|p2b: Pelipper|1\/100\n|-damage|p1b: Vikavolt|61\/100|[from] item: Life Orb\n|move|p1a: Rabsca|Psychic|p2a: Iron Bundle\n|-damage|p2a: Iron Bundle|52\/100\n|-unboost|p2a: Iron Bundle|spd|1\n|move|p2b: Pelipper|Hurricane|p1b: Vikavolt\n|-damage|p1b: Vikavolt|20\/100\n|\n|-weather|RainDance|[upkeep]\n|upkeep\n|turn|6\n|inactive|Miky4208 has 30 seconds left.\n|\n|t:|1699715591\n|switch|p2b: Iron Hands|Iron Hands, L50|95\/100\n|move|p2a: Iron Bundle|Protect|p2a: Iron Bundle\n|-singleturn|p2a: Iron Bundle|Protect\n|move|p1b: Vikavolt|Thunderbolt|p2a: Iron Bundle\n|-activate|p2a: Iron Bundle|move: Protect\n|move|p1a: Rabsca|Psychic|p2b: Iron Hands\n|-supereffective|p2b: Iron Hands\n|-damage|p2b: Iron Hands|54\/100\n|\n|-weather|RainDance|[upkeep]\n|-fieldend|move: Trick Room\n|upkeep\n|turn|7\n|inactive|p-funky has 30 seconds left.\n|\n|t:|1699715634\n|move|p1a: Rabsca|Protect|p1a: Rabsca\n|-singleturn|p1a: Rabsca|Protect\n|move|p1b: Vikavolt|Protect|p1b: Vikavolt\n|-singleturn|p1b: Vikavolt|Protect\n|move|p2b: Iron Hands|Fake Out|p1a: Rabsca\n|-activate|p1a: Rabsca|move: Protect\n|move|p2a: Iron Bundle|Icy Wind|p1a: Rabsca|[spread] \n|-activate|p1a: Rabsca|move: Protect\n|-activate|p1b: Vikavolt|move: Protect\n|\n|-weather|none\n|upkeep\n|turn|8\n|inactive|p-funky has 30 seconds left.\n|inactive|Miky4208 has 30 seconds left.\n|inactive|Miky4208 has 20 seconds left.\n|inactive|p-funky has 20 seconds left.\n|inactive|Miky4208 has 15 seconds left.\n|inactive|Miky4208 has 10 seconds left.\n|\n|t:|1699715689\n|switch|p1b: Slither Wing|Slither Wing, L50|100\/100\n|move|p2a: Iron Bundle|Freeze-Dry|p1a: Rabsca\n|-damage|p1a: Rabsca|72\/100\n|move|p2b: Iron Hands|Wild Charge|p1a: Rabsca\n|-damage|p1a: Rabsca|27\/100\n|-damage|p2b: Iron Hands|45\/100|[from] Recoil\n|move|p1a: Rabsca|Trick Room|p1a: Rabsca\n|-fieldstart|move: Trick Room|[of] p1a: Rabsca\n|\n|upkeep\n|turn|9\n|\n|t:|1699715708\n|-end|p2b: Iron Hands|Quark Drive|[silent]\n|switch|p2b: Pelipper|Pelipper, L50, F|1\/100\n|-weather|RainDance|[from] ability: Drizzle|[of] p2b: Pelipper\n|move|p2a: Iron Bundle|Protect|p2a: Iron Bundle\n|-singleturn|p2a: Iron Bundle|Protect\n|move|p1a: Rabsca|Psychic|p2b: Pelipper\n|-damage|p2b: Pelipper|0 fnt\n|faint|p2b: Pelipper\n|move|p1b: Slither Wing|Close Combat|p2a: Iron Bundle\n|-activate|p2a: Iron Bundle|move: Protect\n|\n|-weather|RainDance|[upkeep]\n|upkeep\n|\n|t:|1699715721\n|switch|p2b: Iron Hands|Iron Hands, L50|45\/100\n|turn|10\n|inactive|p-funky has 30 seconds left.\n|inactive|Miky4208 has 30 seconds left.\n|\n|t:|1699715755\n|move|p2b: Iron Hands|Fake Out|p1b: Slither Wing\n|-damage|p1b: Slither Wing|85\/100\n|move|p1a: Rabsca|Psychic|p2b: Iron Hands\n|-supereffective|p2b: Iron Hands\n|-damage|p2b: Iron Hands|10\/100\n|-unboost|p2b: Iron Hands|spd|1\n|cant|p1b: Slither Wing|flinch\n|move|p2a: Iron Bundle|Freeze-Dry|p1a: Rabsca\n|-damage|p1a: Rabsca|2\/100\n|-enditem|p1a: Rabsca|Figy Berry|[eat]\n|-heal|p1a: Rabsca|35\/100|[from] item: Figy Berry\n|\n|-weather|RainDance|[upkeep]\n|upkeep\n|turn|11\n|inactive|Miky4208 has 30 seconds left.\n|\n|t:|1699715781\n|move|p2a: Iron Bundle|Protect|p2a: Iron Bundle\n|-singleturn|p2a: Iron Bundle|Protect\n|move|p1a: Rabsca|Psychic|p2b: Iron Hands\n|-supereffective|p2b: Iron Hands\n|-damage|p2b: Iron Hands|0 fnt\n|faint|p2b: Iron Hands\n|-end|p2b: Iron Hands|Quark Drive|[silent]\n|move|p1b: Slither Wing|Close Combat|p2a: Iron Bundle\n|-activate|p2a: Iron Bundle|move: Protect\n|\n|-weather|RainDance|[upkeep]\n|upkeep\n|\n|t:|1699715785\n|switch|p2b: Salamence|Salamence, L50, M|100\/100\n|-ability|p2b: Salamence|Intimidate|boost\n|-unboost|p1a: Rabsca|atk|1\n|-unboost|p1b: Slither Wing|atk|1\n|turn|12\n|\n|t:|1699715809\n|move|p1a: Rabsca|Protect|p1a: Rabsca\n|-singleturn|p1a: Rabsca|Protect\n|move|p1b: Slither Wing|Close Combat|p2a: Iron Bundle\n|-supereffective|p2a: Iron Bundle\n|-damage|p2a: Iron Bundle|0 fnt\n|-unboost|p1b: Slither Wing|def|1\n|-unboost|p1b: Slither Wing|spd|1\n|faint|p2a: Iron Bundle\n|-end|p2a: Iron Bundle|Quark Drive|[silent]\n|move|p2b: Salamence|Hurricane|p1b: Slither Wing\n|-supereffective|p1b: Slither Wing\n|-damage|p1b: Slither Wing|0 fnt\n|faint|p1b: Slither Wing\n|-end|p1b: Slither Wing|Protosynthesis|[silent]\n|\n|-weather|RainDance|[upkeep]\n|-fieldend|move: Trick Room\n|upkeep\n|inactive|p-funky has 30 seconds left.\n|\n|t:|1699715835\n|switch|p1b: Kleavor|Kleavor, L50, F|50\/100\n|turn|13\n|\n|t:|1699715855\n|-terastallize|p2b: Salamence|Flying\n|-terastallize|p1b: Kleavor|Ice\n|move|p1a: Rabsca|Protect|p1a: Rabsca\n|-singleturn|p1a: Rabsca|Protect\n|move|p2b: Salamence|Hurricane|p1b: Kleavor\n|-damage|p1b: Kleavor|0 fnt\n|faint|p1b: Kleavor\n|\n|-weather|none\n|upkeep\n|\n|t:|1699715864\n|switch|p1b: Vikavolt|Vikavolt, L50, F|20\/100\n|turn|14\n|c|\u2606p-funky|gg\n|\n|t:|1699715880\n|move|p2b: Salamence|Hurricane|p1b: Vikavolt|[miss]\n|-miss|p2b: Salamence|p1b: Vikavolt\n|move|p1b: Vikavolt|Thunderbolt|p2b: Salamence\n|-supereffective|p2b: Salamence\n|-damage|p2b: Salamence|0 fnt\n|faint|p2b: Salamence\n|-damage|p1b: Vikavolt|10\/100|[from] item: Life Orb\n|\n|win|p-funky\n|raw|p-funky's rating: 1056 &rarr; <strong>1093<\/strong><br \/>(+37 for winning)\n|raw|Miky4208's rating: 1118 &rarr; <strong>1089<\/strong><br \/>(-29 for losing)\n","uploadtime":1699715891,"views":15,"p1id":"pfunky","p2id":"miky4208","formatid":"gen9vgc2023regulatione","rating":1089,"private":0,"password":""}