{"id":"gen9vgc2023regulatione-1989727560","p1":"Ayresbrun","p2":"Jman1297","format":"[Gen 9] VGC 2023 Regulation E","log":"|j|\u2606Ayresbrun\n|j|\u2606Jman1297\n|t:|1699890574\n|gametype|doubles\n|player|p1|Ayresbrun|266|1171\n|player|p2|Jman1297|ghetsis-gen5bw|1094\n|teamsize|p1|6\n|teamsize|p2|6\n|gen|9\n|tier|[Gen 9] VGC 2023 Regulation E\n|rated|\n|rule|Species Clause: Limit one of each Pok\u00e9mon\n|rule|Item Clause: Limit one of each item\n|clearpoke\n|poke|p1|Flutter Mane, L50|\n|poke|p1|Tornadus, L50, M|\n|poke|p1|Heatran, L50, M|\n|poke|p1|Rillaboom, L50, F|\n|poke|p1|Arcanine, L50, F|\n|poke|p1|Hydreigon, L50, M|\n|poke|p2|Zapdos-Galar, L50|\n|poke|p2|Amoonguss, L50, M|\n|poke|p2|Wyrdeer, L50, M|\n|poke|p2|Urshifu-*, L50, M|\n|poke|p2|Volcarona, L50, F|\n|poke|p2|Gholdengo, L50|\n|teampreview|4\nAyresbrun has agreed to open team sheets.\n|inactive|Battle timer is ON: inactive players will automatically lose when time's up. (requested by Jman1297)\n|inactive|Ayresbrun has 60 seconds left.\n|\n|t:|1699890681\n|start\n|switch|p1a: Arcanine|Arcanine, L50, F|100\/100\n|switch|p1b: Tornadus|Tornadus, L50, M|100\/100\n|switch|p2a: Zapdos|Zapdos-Galar, L50|100\/100\n|switch|p2b: Wyrdeer|Wyrdeer, L50, M, shiny|100\/100\n|-ability|p1a: Arcanine|Intimidate|boost\n|-unboost|p2a: Zapdos|atk|1\n|-ability|p2a: Zapdos|Defiant|boost\n|-boost|p2a: Zapdos|atk|2\n|-unboost|p2b: Wyrdeer|atk|1\n|-ability|p2b: Wyrdeer|Intimidate|boost\n|-unboost|p1a: Arcanine|atk|1\n|-unboost|p1b: Tornadus|atk|1\n|turn|1\n|inactive|Jman1297 has 30 seconds left.\n|inactive|Jman1297 has 20 seconds left.\n|inactive|Jman1297 has 15 seconds left.\n|inactive|Jman1297 has 10 seconds left.\n|inactive|Jman1297 has 5 seconds left.\n|\n|t:|1699890736\n|move|p1b: Tornadus|Tailwind|p1b: Tornadus\n|-sidestart|p1: Ayresbrun|move: Tailwind\n|move|p2a: Zapdos|Stomping Tantrum|p1a: Arcanine\n|-supereffective|p1a: Arcanine\n|-damage|p1a: Arcanine|23\/100\n|-enditem|p1a: Arcanine|Sitrus Berry|[eat]\n|-heal|p1a: Arcanine|48\/100|[from] item: Sitrus Berry\n|move|p1a: Arcanine|Will-O-Wisp|p2a: Zapdos\n|-status|p2a: Zapdos|brn\n|move|p2b: Wyrdeer|Trick Room|p2b: Wyrdeer\n|-fieldstart|move: Trick Room|[of] p2b: Wyrdeer\n|\n|-damage|p2a: Zapdos|95\/100 brn|[from] brn\n|upkeep\n|turn|2\n|inactive|Jman1297 has 30 seconds left.\n|inactive|Jman1297 has 20 seconds left.\n|inactive|Jman1297 has 15 seconds left.\n|\n|t:|1699890779\n|move|p1a: Arcanine|Extreme Speed|p2a: Zapdos\n|-damage|p2a: Zapdos|75\/100 brn\n|move|p2b: Wyrdeer|Calm Mind|p2b: Wyrdeer\n|-boost|p2b: Wyrdeer|spa|1\n|-boost|p2b: Wyrdeer|spd|1\n|move|p2a: Zapdos|Stomping Tantrum|p1a: Arcanine\n|-supereffective|p1a: Arcanine\n|-damage|p1a: Arcanine|12\/100\n|move|p1b: Tornadus|Bleakwind Storm|p2a: Zapdos|[spread] p2a,p2b\n|-supereffective|p2a: Zapdos\n|-damage|p2a: Zapdos|0 fnt\n|-damage|p2b: Wyrdeer|78\/100\n|faint|p2a: Zapdos\n|\n|upkeep\n|\n|t:|1699890792\n|switch|p2a: Amoonguss|Amoonguss, L50, M, shiny|100\/100\n|turn|3\n|inactive|Ayresbrun has 30 seconds left.\n|\n|t:|1699890818\n|switch|p1b: Rillaboom|Rillaboom, L50, F|100\/100\n|-fieldstart|move: Grassy Terrain|[from] ability: Grassy Surge|[of] p1b: Rillaboom\n|move|p1a: Arcanine|Protect|p1a: Arcanine\n|-singleturn|p1a: Arcanine|Protect\n|move|p2a: Amoonguss|Spore|p1b: Rillaboom\n|-immune|p1b: Rillaboom\n|move|p2b: Wyrdeer|Calm Mind|p2b: Wyrdeer\n|-boost|p2b: Wyrdeer|spa|1\n|-boost|p2b: Wyrdeer|spd|1\n|\n|-heal|p2b: Wyrdeer|84\/100|[from] Grassy Terrain\n|-heal|p1a: Arcanine|18\/100|[from] Grassy Terrain\n|upkeep\n|turn|4\n|inactive|Ayresbrun has 30 seconds left.\n|\n|t:|1699890844\n|-terastallize|p1a: Arcanine|Grass\n|move|p1b: Rillaboom|Fake Out|p2b: Wyrdeer\n|-damage|p2b: Wyrdeer|73\/100\n|move|p2a: Amoonguss|Pollen Puff|p1b: Rillaboom\n|-supereffective|p1b: Rillaboom\n|-damage|p1b: Rillaboom|71\/100\n|cant|p2b: Wyrdeer|flinch\n|move|p1a: Arcanine|Flare Blitz|p2a: Amoonguss\n|-supereffective|p2a: Amoonguss\n|-damage|p2a: Amoonguss|44\/100\n|-damage|p1a: Arcanine|2\/100|[from] item: Rocky Helmet|[of] p2a: Amoonguss\n|-damage|p1a: Arcanine|0 fnt|[from] Recoil\n|faint|p1a: Arcanine\n|\n|-heal|p2a: Amoonguss|50\/100|[from] Grassy Terrain\n|-heal|p2b: Wyrdeer|80\/100|[from] Grassy Terrain\n|-heal|p1b: Rillaboom|76\/100|[from] Grassy Terrain\n|-sideend|p1: Ayresbrun|move: Tailwind\n|upkeep\n|\n|t:|1699890867\n|switch|p1a: Heatran|Heatran, L50, M|100\/100\n|turn|5\n|\n|t:|1699890884\n|switch|p1b: Tornadus|Tornadus, L50, M|100\/100\n|move|p2a: Amoonguss|Pollen Puff|p2b: Wyrdeer\n|-heal|p2b: Wyrdeer|100\/100\n|move|p2b: Wyrdeer|Skill Swap|p1a: Heatran\n|-activate|p2b: Wyrdeer|move: Skill Swap|Flash Fire|Intimidate|[of] p1a: Heatran\n|-ability|p1a: Heatran|Intimidate|boost\n|-unboost|p2a: Amoonguss|atk|1\n|-unboost|p2b: Wyrdeer|atk|1\n|move|p1a: Heatran|Heat Wave|p2a: Amoonguss|[spread] p2a\n|-start|p2b: Wyrdeer|ability: Flash Fire\n|-supereffective|p2a: Amoonguss\n|-damage|p2a: Amoonguss|0 fnt\n|faint|p2a: Amoonguss\n|-damage|p1a: Heatran|91\/100|[from] item: Life Orb\n|\n|-heal|p1a: Heatran|97\/100|[from] Grassy Terrain\n|-fieldend|move: Trick Room\n|upkeep\n|\n|t:|1699890900\n|switch|p2a: Urshifu|Urshifu-Rapid-Strike, L50, M|100\/100\n|turn|6\n|inactive|Jman1297 has 30 seconds left.\n|\n|t:|1699890926\n|move|p2a: Urshifu|Detect|p2a: Urshifu\n|-singleturn|p2a: Urshifu|Protect\n|move|p1b: Tornadus|Sunny Day|p1b: Tornadus\n|-weather|SunnyDay\n|move|p1a: Heatran|Flash Cannon|p2a: Urshifu\n|-activate|p2a: Urshifu|move: Protect\n|move|p2b: Wyrdeer|Calm Mind|p2b: Wyrdeer\n|-boost|p2b: Wyrdeer|spa|1\n|-boost|p2b: Wyrdeer|spd|1\n|\n|-weather|SunnyDay|[upkeep]\n|-heal|p1a: Heatran|100\/100|[from] Grassy Terrain\n|upkeep\n|turn|7\n|\n|t:|1699890945\n|move|p2a: Urshifu|Surging Strikes|p1a: Heatran\n|-supereffective|p1a: Heatran\n|-crit|p1a: Heatran\n|-damage|p1a: Heatran|85\/100\n|-supereffective|p1a: Heatran\n|-crit|p1a: Heatran\n|-damage|p1a: Heatran|69\/100\n|-supereffective|p1a: Heatran\n|-crit|p1a: Heatran\n|-damage|p1a: Heatran|53\/100\n|-hitcount|p1a: Heatran|3\n|move|p1b: Tornadus|Grass Knot|p2a: Urshifu\n|-supereffective|p2a: Urshifu\n|-damage|p2a: Urshifu|8\/100\n|move|p1a: Heatran|Heat Wave|p2b: Wyrdeer|[spread] p2a\n|-immune|p2b: Wyrdeer|[from] ability: Flash Fire\n|-resisted|p2a: Urshifu\n|-damage|p2a: Urshifu|0 fnt\n|faint|p2a: Urshifu\n|-damage|p1a: Heatran|43\/100|[from] item: Life Orb\n|move|p2b: Wyrdeer|Stored Power|p1b: Tornadus\n|-crit|p1b: Tornadus\n|-damage|p1b: Tornadus|0 fnt\n|faint|p1b: Tornadus\n|\n|-weather|SunnyDay|[upkeep]\n|-heal|p1a: Heatran|49\/100|[from] Grassy Terrain\n|-fieldend|move: Grassy Terrain\n|upkeep\n|\n|t:|1699890966\n|switch|p1b: Rillaboom|Rillaboom, L50, F|76\/100\n|-fieldstart|move: Grassy Terrain|[from] ability: Grassy Surge|[of] p1b: Rillaboom\n|turn|8\n|\n|t:|1699890980\n|move|p1b: Rillaboom|Fake Out|p2b: Wyrdeer\n|-damage|p2b: Wyrdeer|90\/100\n|move|p1a: Heatran|Heat Wave|p2b: Wyrdeer\n|-immune|p2b: Wyrdeer|[from] ability: Flash Fire\n|cant|p2b: Wyrdeer|flinch\n|\n|-weather|SunnyDay|[upkeep]\n|-heal|p1b: Rillaboom|82\/100|[from] Grassy Terrain\n|-heal|p1a: Heatran|56\/100|[from] Grassy Terrain\n|-heal|p2b: Wyrdeer|96\/100|[from] Grassy Terrain\n|upkeep\n|turn|9\n|\n|t:|1699890999\n|-terastallize|p2b: Wyrdeer|Poison\n|move|p1b: Rillaboom|Wood Hammer|p2b: Wyrdeer\n|-resisted|p2b: Wyrdeer\n|-damage|p2b: Wyrdeer|64\/100\n|-damage|p1b: Rillaboom|72\/100|[from] Recoil\n|move|p1a: Heatran|Flash Cannon|p2b: Wyrdeer\n|-damage|p2b: Wyrdeer|40\/100\n|-enditem|p2b: Wyrdeer|Sitrus Berry|[eat]\n|-heal|p2b: Wyrdeer|64\/100|[from] item: Sitrus Berry\n|-damage|p1a: Heatran|46\/100|[from] item: Life Orb\n|move|p2b: Wyrdeer|Stored Power|p1b: Rillaboom\n|-damage|p1b: Rillaboom|0 fnt\n|faint|p1b: Rillaboom\n|\n|-weather|SunnyDay|[upkeep]\n|-heal|p1a: Heatran|52\/100|[from] Grassy Terrain\n|-heal|p2b: Wyrdeer|70\/100|[from] Grassy Terrain\n|upkeep\n|turn|10\n|\n|t:|1699891016\n|move|p1a: Heatran|Earth Power|p2b: Wyrdeer\n|-supereffective|p2b: Wyrdeer\n|-damage|p2b: Wyrdeer|37\/100\n|-damage|p1a: Heatran|42\/100|[from] item: Life Orb\n|move|p2b: Wyrdeer|Stored Power|p1a: Heatran\n|-resisted|p1a: Heatran\n|-damage|p1a: Heatran|0 fnt\n|faint|p1a: Heatran\n|\n|win|Jman1297\n|raw|Ayresbrun's rating: 1171 &rarr; <strong>1141<\/strong><br \/>(-30 for losing)\n|raw|Jman1297's rating: 1094 &rarr; <strong>1126<\/strong><br \/>(+32 for winning)\n","uploadtime":1699891025,"views":10,"p1id":"ayresbrun","p2id":"jman1297","formatid":"gen9vgc2023regulatione","rating":1126,"private":0,"password":""}