{"id":"gen9vgc2023regulatione-1996979991","p1":"Ychao","p2":"huikoo","format":"[Gen 9] VGC 2023 Regulation E","log":"|j|\u2606Ychao\n|j|\u2606huikoo\n|t:|1700752082\n|gametype|doubles\n|player|p1|Ychao|265|\n|player|p2|huikoo|ninjaboy|\n|teamsize|p1|6\n|teamsize|p2|6\n|gen|9\n|tier|[Gen 9] VGC 2023 Regulation E\n|rule|Species Clause: Limit one of each Pok\u00e9mon\n|rule|Item Clause: Limit one of each item\n|clearpoke\n|poke|p1|Iron Bundle, L50|\n|poke|p1|Abomasnow, L50, F|\n|poke|p1|Pelipper, L50, M|\n|poke|p1|Florges, L50, F|\n|poke|p1|Luxray, L50, M|\n|poke|p1|Maushold-Four, L50|\n|poke|p2|Dondozo, L50, M|\n|poke|p2|Hippowdon, L50, M|\n|poke|p2|Clawitzer, L50, F|\n|poke|p2|Weezing-Galar, L50, F|\n|poke|p2|Iron Bundle, L50|\n|poke|p2|Abomasnow, L50, M|\n|teampreview|4\n|\n|t:|1700752168\n|start\n|switch|p1a: Iron Bundle|Iron Bundle, L50|100\/100\n|switch|p1b: Florges|Florges, L50, F|100\/100\n|switch|p2a: Weezing|Weezing-Galar, L50, F, shiny|100\/100\n|switch|p2b: Dondozo|Dondozo, L50, M, shiny|100\/100\n|-ability|p2a: Weezing|Neutralizing Gas\n|-enditem|p1a: Iron Bundle|Booster Energy\n|-activate|p1a: Iron Bundle|ability: Quark Drive|[fromitem]\n|-start|p1a: Iron Bundle|quarkdrivespe\n|turn|1\n|\n|t:|1700752191\n|-terastallize|p1b: Florges|Ground\n|move|p2b: Dondozo|Protect|p2b: Dondozo\n|-singleturn|p2b: Dondozo|Protect\n|move|p1a: Iron Bundle|Freeze-Dry|p2b: Dondozo\n|-activate|p2b: Dondozo|move: Protect\n|move|p2a: Weezing|Toxic Spikes|p1b: Florges\n|-sidestart|p1: Ychao|move: Toxic Spikes\n|move|p1b: Florges|Tera Blast|p2a: Weezing|[anim] Tera Blast Ground\n|-supereffective|p2a: Weezing\n|-damage|p2a: Weezing|0 fnt\n|faint|p2a: Weezing\n|-end|p2a: Weezing|ability: Neutralizing Gas\n|\n|upkeep\n|\n|t:|1700752208\n|switch|p2a: Abomasnow|Abomasnow, L50, M, shiny|100\/100\n|-weather|Snow|[from] ability: Snow Warning|[of] p2a: Abomasnow\n|turn|2\n|\n|t:|1700752228\n|switch|p2b: Iron Bundle|Iron Bundle, L50, shiny|100\/100\n|-enditem|p2b: Iron Bundle|Booster Energy\n|-activate|p2b: Iron Bundle|ability: Quark Drive|[fromitem]\n|-start|p2b: Iron Bundle|quarkdrivespe\n|move|p1a: Iron Bundle|Freeze-Dry|p2b: Iron Bundle\n|-damage|p2b: Iron Bundle|23\/100\n|move|p1b: Florges|Tera Blast|p2b: Iron Bundle|[anim] Tera Blast Ground\n|-damage|p2b: Iron Bundle|0 fnt\n|faint|p2b: Iron Bundle\n|-end|p2b: Iron Bundle|Quark Drive|[silent]\n|move|p2a: Abomasnow|Aurora Veil|p2a: Abomasnow\n|-sidestart|p2: huikoo|move: Aurora Veil\n|\n|-weather|Snow|[upkeep]\n|upkeep\n|\n|t:|1700752243\n|switch|p2b: Dondozo|Dondozo, L50, M, shiny|100\/100\n|turn|3\n|\n|t:|1700752268\n|move|p2b: Dondozo|Protect|p2b: Dondozo\n|-singleturn|p2b: Dondozo|Protect\n|move|p1a: Iron Bundle|Blizzard|p2b: Dondozo|[spread] p2a\n|-activate|p2b: Dondozo|move: Protect\n|-damage|p2a: Abomasnow|77\/100\n|move|p1b: Florges|Tera Blast|p2b: Dondozo|[anim] Tera Blast Ground\n|-activate|p2b: Dondozo|move: Protect\n|move|p2a: Abomasnow|Leech Seed|p1a: Iron Bundle\n|-start|p1a: Iron Bundle|move: Leech Seed\n|\n|-weather|Snow|[upkeep]\n|-damage|p1a: Iron Bundle|89\/100|[from] Leech Seed|[of] p2a: Abomasnow\n|-heal|p2a: Abomasnow|85\/100|[silent]\n|upkeep\n|turn|4\n|\n|t:|1700752292\n|move|p1a: Iron Bundle|Freeze-Dry|p2b: Dondozo\n|-supereffective|p2b: Dondozo\n|-damage|p2b: Dondozo|66\/100\n|move|p1b: Florges|Tera Blast|p2b: Dondozo|[anim] Tera Blast Ground\n|-damage|p2b: Dondozo|39\/100\n|move|p2a: Abomasnow|Leech Seed|p1b: Florges\n|-start|p1b: Florges|move: Leech Seed\n|move|p2b: Dondozo|Yawn|p1a: Iron Bundle\n|-start|p1a: Iron Bundle|move: Yawn|[of] p2b: Dondozo\n|\n|-weather|Snow|[upkeep]\n|-heal|p2b: Dondozo|45\/100|[from] item: Leftovers\n|-damage|p1a: Iron Bundle|77\/100|[from] Leech Seed|[of] p2a: Abomasnow\n|-heal|p2a: Abomasnow|94\/100|[silent]\n|-damage|p1b: Florges|88\/100|[from] Leech Seed|[of] p2a: Abomasnow\n|-heal|p2a: Abomasnow|100\/100|[silent]\n|upkeep\n|turn|5\n|\n|t:|1700752334\n|switch|p1b: Abomasnow|Abomasnow, L50, F|100\/100\n|-status|p1b: Abomasnow|psn\n|move|p1a: Iron Bundle|Blizzard|p2a: Abomasnow|[spread] p2a,p2b\n|-resisted|p2b: Dondozo\n|-damage|p2a: Abomasnow|78\/100\n|-damage|p2b: Dondozo|35\/100\n|move|p2a: Abomasnow|Sheer Cold|p1a: Iron Bundle\n|-immune|p1a: Iron Bundle|[ohko]\n|move|p2b: Dondozo|Yawn||[still]\n|-fail|p2b: Dondozo\n|\n|-weather|Snow|[upkeep]\n|-heal|p2b: Dondozo|41\/100|[from] item: Leftovers\n|-damage|p1a: Iron Bundle|65\/100|[from] Leech Seed|[of] p2a: Abomasnow\n|-heal|p2a: Abomasnow|86\/100|[silent]\n|-damage|p1b: Abomasnow|88\/100 psn|[from] psn\n|-end|p1a: Iron Bundle|move: Yawn|[silent]\n|-status|p1a: Iron Bundle|slp\n|upkeep\n|turn|6\n|\n|t:|1700752383\n|cant|p1a: Iron Bundle|slp\n|move|p2a: Abomasnow|Sheer Cold|p1a: Iron Bundle\n|-immune|p1a: Iron Bundle|[ohko]\n|move|p1b: Abomasnow|Leaf Storm|p2b: Dondozo\n|-supereffective|p2b: Dondozo\n|-damage|p2b: Dondozo|0 fnt\n|-unboost|p1b: Abomasnow|spa|2\n|faint|p2b: Dondozo\n|\n|-weather|none\n|-damage|p1a: Iron Bundle|53\/100 slp|[from] Leech Seed|[of] p2a: Abomasnow\n|-heal|p2a: Abomasnow|95\/100|[silent]\n|-damage|p1b: Abomasnow|76\/100 psn|[from] psn\n|upkeep\n|turn|7\n|-message|huikoo forfeited.\n|\n|win|Ychao\n|l|\u2606huikoo\n","uploadtime":1700752401,"views":4,"p1id":"ychao","p2id":"huikoo","formatid":"gen9vgc2023regulatione","rating":0,"private":0,"password":""}