{"id":"gen9vgc2023regulatione-1994755577","p1":"Vengeful potato","p2":"Emirnent","format":"[Gen 9] VGC 2023 Regulation E","log":"|j|\u2606Vengeful potato\n|j|\u2606Emirnent\n|t:|1700489528\n|gametype|doubles\n|player|p1|Vengeful potato|swimmer|1569\n|player|p2|Emirnent|265|1672\n|teamsize|p1|6\n|teamsize|p2|6\n|gen|9\n|tier|[Gen 9] VGC 2023 Regulation E\n|rated|\n|rule|Species Clause: Limit one of each Pok\u00e9mon\n|rule|Item Clause: Limit one of each item\n|clearpoke\n|poke|p1|Articuno-Galar, L50|\n|poke|p1|Maushold, L50|\n|poke|p1|Azumarill, L50, F|\n|poke|p1|Hydreigon, L50, M|\n|poke|p1|Gholdengo, L50|\n|poke|p1|Slither Wing, L50|\n|poke|p2|Chi-Yu, L50|\n|poke|p2|Iron Hands, L50|\n|poke|p2|Farigiraf, L50, M|\n|poke|p2|Iron Bundle, L50|\n|poke|p2|Landorus-Therian, L50, M|\n|poke|p2|Ursaluna, L50, F|\n|teampreview|4\n|inactive|Battle timer is ON: inactive players will automatically lose when time's up. (requested by Emirnent)\n|\n|t:|1700489593\n|start\n|switch|p1a: The Rizzler\ud83d\ude31\ud83d\udcaf\ud83d\udde3\ufe0f|Articuno-Galar, L50, shiny|100\/100\n|switch|p1b: Despereaux|Maushold, L50, shiny|100\/100\n|switch|p2a: Lucho|Chi-Yu, L50|100\/100\n|switch|p2b: Jean|Iron Bundle, L50|100\/100\n|-ability|p2a: Lucho|Beads of Ruin\n|-enditem|p2b: Jean|Booster Energy\n|-activate|p2b: Jean|ability: Quark Drive|[fromitem]\n|-start|p2b: Jean|quarkdrivespe\n|turn|1\n|j| Zmlt\n|inactive|Vengeful potato has 30 seconds left.\n|inactive|Vengeful potato has 20 seconds left.\n|inactive|Vengeful potato has 15 seconds left.\n|inactive|Vengeful potato has 10 seconds left.\n|inactive|Vengeful potato has 5 seconds left.\n|\n|t:|1700489648\n|move|p1b: Despereaux|Follow Me|p1b: Despereaux\n|-singleturn|p1b: Despereaux|move: Follow Me\n|move|p2b: Jean|Icy Wind|p1a: The Rizzler\ud83d\ude31\ud83d\udcaf\ud83d\udde3\ufe0f|[spread] p1a,p1b\n|-supereffective|p1a: The Rizzler\ud83d\ude31\ud83d\udcaf\ud83d\udde3\ufe0f\n|-damage|p1a: The Rizzler\ud83d\ude31\ud83d\udcaf\ud83d\udde3\ufe0f|68\/100\n|-damage|p1b: Despereaux|77\/100\n|-unboost|p1b: Despereaux|spe|1\n|move|p2a: Lucho|Heat Wave|p1b: Despereaux|[spread] p1a,p1b\n|-damage|p1a: The Rizzler\ud83d\ude31\ud83d\udcaf\ud83d\udde3\ufe0f|21\/100\n|-damage|p1b: Despereaux|0 fnt\n|faint|p1b: Despereaux\n|move|p1a: The Rizzler\ud83d\ude31\ud83d\udcaf\ud83d\udde3\ufe0f|Trick Room|p1a: The Rizzler\ud83d\ude31\ud83d\udcaf\ud83d\udde3\ufe0f\n|-fieldstart|move: Trick Room|[of] p1a: The Rizzler\ud83d\ude31\ud83d\udcaf\ud83d\udde3\ufe0f\n|\n|upkeep\n|\n|t:|1700489652\n|switch|p1b: Pikachu?|Azumarill, L50, F, shiny|100\/100\n|turn|2\n|\n|t:|1700489670\n|move|p1b: Pikachu?|Play Rough|p2a: Lucho\n|-damage|p2a: Lucho|2\/100\n|move|p1a: The Rizzler\ud83d\ude31\ud83d\udcaf\ud83d\udde3\ufe0f|Freezing Glare|p2b: Jean\n|-damage|p2b: Jean|0 fnt\n|faint|p2b: Jean\n|-end|p2b: Jean|Quark Drive|[silent]\n|move|p2a: Lucho|Heat Wave|p1a: The Rizzler\ud83d\ude31\ud83d\udcaf\ud83d\udde3\ufe0f|[spread] p1a,p1b\n|-resisted|p1b: Pikachu?\n|-damage|p1a: The Rizzler\ud83d\ude31\ud83d\udcaf\ud83d\udde3\ufe0f|0 fnt\n|-damage|p1b: Pikachu?|53\/100\n|faint|p1a: The Rizzler\ud83d\ude31\ud83d\udcaf\ud83d\udde3\ufe0f\n|\n|upkeep\n|\n|t:|1700489679\n|switch|p1a: Killer Moth|Slither Wing, L50|100\/100\n|switch|p2b: Davidness|Iron Hands, L50|100\/100\n|-enditem|p1a: Killer Moth|Booster Energy\n|-activate|p1a: Killer Moth|ability: Protosynthesis|[fromitem]\n|-start|p1a: Killer Moth|protosynthesisatk\n|turn|3\n|\n|t:|1700489692\n|switch|p2a: Perron|Landorus-Therian, L50, M|100\/100\n|-ability|p2a: Perron|Intimidate|boost\n|-unboost|p1a: Killer Moth|atk|1\n|-fail|p1b: Pikachu?|unboost|[from] item: Clear Amulet|[of] p1b: Pikachu?\n|-terastallize|p2b: Davidness|Fire\n|move|p1b: Pikachu?|Protect|p1b: Pikachu?\n|-singleturn|p1b: Pikachu?|Protect\n|move|p2b: Davidness|Wild Charge|p1b: Pikachu?\n|-activate|p1b: Pikachu?|move: Protect\n|move|p1a: Killer Moth|Leech Life|p2a: Perron\n|-resisted|p2a: Perron\n|-damage|p2a: Perron|75\/100\n|\n|upkeep\n|turn|4\n|\n|t:|1700489713\n|-end|p2b: Davidness|Quark Drive|[silent]\n|switch|p2b: Lucho|Chi-Yu, L50|2\/100\n|-ability|p2b: Lucho|Beads of Ruin\n|-terastallize|p1b: Pikachu?|Fire\n|move|p1b: Pikachu?|Ice Spinner|p2a: Perron\n|-supereffective|p2a: Perron\n|-damage|p2a: Perron|0 fnt\n|faint|p2a: Perron\n|move|p1a: Killer Moth|High Horsepower|p2b: Lucho\n|-supereffective|p2b: Lucho\n|-damage|p2b: Lucho|0 fnt\n|faint|p2b: Lucho\n|\n|upkeep\n|\n|t:|1700489723\n|switch|p2b: Davidness|Iron Hands, L50, tera:Fire|100\/100\n|turn|5\n|\n|t:|1700489729\n|move|p1b: Pikachu?|Protect|p1b: Pikachu?\n|-singleturn|p1b: Pikachu?|Protect\n|move|p2b: Davidness|Fake Out|p1b: Pikachu?\n|-activate|p1b: Pikachu?|move: Protect\n|move|p1a: Killer Moth|High Horsepower|p2b: Davidness\n|-supereffective|p2b: Davidness\n|-damage|p2b: Davidness|50\/100\n|\n|-fieldend|move: Trick Room\n|upkeep\n|turn|6\n|\n|t:|1700489735\n|move|p1a: Killer Moth|High Horsepower|p2b: Davidness\n|-supereffective|p2b: Davidness\n|-damage|p2b: Davidness|6\/100\n|move|p1b: Pikachu?|Liquidation|p2b: Davidness\n|-supereffective|p2b: Davidness\n|-damage|p2b: Davidness|0 fnt\n|faint|p2b: Davidness\n|-end|p2b: Davidness|Quark Drive|[silent]\n|\n|win|Vengeful potato\n|raw|Vengeful potato's rating: 1569 &rarr; <strong>1595<\/strong><br \/>(+26 for winning)\n|raw|Emirnent's rating: 1672 &rarr; <strong>1646<\/strong><br \/>(-26 for losing)\n|l|\u2606Emirnent\n|c|\u2606Vengeful potato|Gg\n","uploadtime":1700489741,"views":3,"p1id":"vengefulpotato","p2id":"emirnent","formatid":"gen9vgc2023regulatione","rating":1595,"private":0,"password":""}