{"id":"gen9vgc2023regulatione-1998337078","p1":"celopro","p2":"nsjjsjzbzhxh","format":"[Gen 9] VGC 2023 Regulation E","log":"|j|\u2606celopro\n|j|\u2606nsjjsjzbzhxh\n|t:|1700931003\n|gametype|doubles\n|player|p1|celopro|169|1065\n|player|p2|nsjjsjzbzhxh|2|1026\n|teamsize|p1|6\n|teamsize|p2|6\n|gen|9\n|tier|[Gen 9] VGC 2023 Regulation E\n|rated|\n|rule|Species Clause: Limit one of each Pok\u00e9mon\n|rule|Item Clause: Limit one of each item\n|clearpoke\n|poke|p1|Indeedee-F, L50, F|\n|poke|p1|Armarouge, L50, M|\n|poke|p1|Oranguru, L50, F|\n|poke|p1|Maushold, L50|\n|poke|p1|Torkoal, L50, M|\n|poke|p1|Lilligant-Hisui, L50, F|\n|poke|p2|Volcarona, L50, M|\n|poke|p2|Sinistcha-Masterpiece, L50|\n|poke|p2|Iron Hands, L50|\n|poke|p2|Oricorio-Pom-Pom, L50, M|\n|poke|p2|Murkrow, L50, M|\n|poke|p2|Kommo-o, L50, M|\n|teampreview|4\n|inactive|Battle timer is ON: inactive players will automatically lose when time's up. (requested by nsjjsjzbzhxh)\n|inactive|celopro has 60 seconds left.\n|inactive|nsjjsjzbzhxh has 60 seconds left.\n|\n|t:|1700931038\n|start\n|switch|p1a: Indeedee|Indeedee-F, L50, F|100\/100\n|switch|p1b: Armarouge|Armarouge, L50, M|100\/100\n|switch|p2a: Oricorio|Oricorio-Pom-Pom, L50, M|100\/100\n|switch|p2b: Kommo-o|Kommo-o, L50, M|100\/100\n|-fieldstart|move: Psychic Terrain|[from] ability: Psychic Surge|[of] p1a: Indeedee\n|turn|1\n|\n|t:|1700931055\n|move|p2b: Kommo-o|Clangorous Soul|p2b: Kommo-o\n|-boost|p2b: Kommo-o|atk|1\n|-boost|p2b: Kommo-o|def|1\n|-boost|p2b: Kommo-o|spa|1\n|-boost|p2b: Kommo-o|spd|1\n|-boost|p2b: Kommo-o|spe|1\n|-damage|p2b: Kommo-o|68\/100\n|-enditem|p2b: Kommo-o|Throat Spray\n|-boost|p2b: Kommo-o|spa|1|[from] item: Throat Spray\n|-activate|p2a: Oricorio|ability: Dancer\n|move|p2a: Oricorio|Clangorous Soul|p2a: Oricorio|[from]ability: Dancer\n|-boost|p2a: Oricorio|atk|1\n|-boost|p2a: Oricorio|def|1\n|-boost|p2a: Oricorio|spa|1\n|-boost|p2a: Oricorio|spd|1\n|-boost|p2a: Oricorio|spe|1\n|-damage|p2a: Oricorio|68\/100\n|move|p2a: Oricorio|Quiver Dance|p2a: Oricorio\n|-boost|p2a: Oricorio|spa|1\n|-boost|p2a: Oricorio|spd|1\n|-boost|p2a: Oricorio|spe|1\n|move|p1a: Indeedee|Dazzling Gleam|p2a: Oricorio|[spread] p2a,p2b\n|-supereffective|p2b: Kommo-o\n|-damage|p2a: Oricorio|58\/100\n|-damage|p2b: Kommo-o|28\/100\n|move|p1b: Armarouge|Trick Room|p1b: Armarouge\n|-fieldstart|move: Trick Room|[of] p1b: Armarouge\n|\n|-heal|p2a: Oricorio|64\/100|[from] item: Leftovers\n|upkeep\n|turn|2\n|inactive|celopro has 30 seconds left.\n|inactive|nsjjsjzbzhxh has 30 seconds left.\n|inactive|celopro has 20 seconds left.\n|inactive|nsjjsjzbzhxh has 20 seconds left.\n|inactive|nsjjsjzbzhxh has 15 seconds left.\n|inactive|nsjjsjzbzhxh has 10 seconds left.\n|\n|t:|1700931102\n|move|p1a: Indeedee|Helping Hand|p1b: Armarouge\n|-singleturn|p1b: Armarouge|Helping Hand|[of] p1a: Indeedee\n|move|p1b: Armarouge|Expanding Force|p2b: Kommo-o|[spread] p2a,p2b\n|-supereffective|p2b: Kommo-o\n|-damage|p2a: Oricorio|0 fnt\n|-damage|p2b: Kommo-o|0 fnt\n|faint|p2a: Oricorio\n|faint|p2b: Kommo-o\n|\n|upkeep\n|\n|t:|1700931108\n|switch|p2a: Murkrow|Murkrow, L50, M|100\/100\n|switch|p2b: Sinistcha|Sinistcha-Masterpiece, L50|100\/100\n|turn|3\n|\n|t:|1700931122\n|move|p2b: Sinistcha|Scald|p1b: Armarouge\n|-supereffective|p1b: Armarouge\n|-damage|p1b: Armarouge|48\/100\n|-enditem|p1b: Armarouge|Weakness Policy\n|-boost|p1b: Armarouge|atk|2|[from] item: Weakness Policy\n|-boost|p1b: Armarouge|spa|2|[from] item: Weakness Policy\n|move|p1a: Indeedee|Dazzling Gleam|p2a: Murkrow|[spread] p2a,p2b\n|-supereffective|p2a: Murkrow\n|-crit|p2a: Murkrow\n|-damage|p2a: Murkrow|63\/100\n|-damage|p2b: Sinistcha|88\/100\n|move|p1b: Armarouge|Armor Cannon|p2b: Sinistcha\n|-supereffective|p2b: Sinistcha\n|-damage|p2b: Sinistcha|0 fnt\n|-unboost|p1b: Armarouge|def|1\n|-unboost|p1b: Armarouge|spd|1\n|faint|p2b: Sinistcha\n|move|p2a: Murkrow|Foul Play|p1b: Armarouge\n|-supereffective|p1b: Armarouge\n|-damage|p1b: Armarouge|0 fnt\n|faint|p1b: Armarouge\n|\n|upkeep\n|inactive|celopro has 30 seconds left.\n|inactive|celopro has 20 seconds left.\n|inactive|celopro has 15 seconds left.\n|inactive|celopro has 10 seconds left.\n|inactive|celopro has 5 seconds left.\n|\n|t:|1700931177\n|switch|p1b: Torkoal|Torkoal, L50, M|100\/100\n|-weather|SunnyDay|[from] ability: Drought|[of] p1b: Torkoal\n|turn|4\n|\n|t:|1700931192\n|switch|p1b: Oranguru|Oranguru, L50, F|100\/100\n|move|p1a: Indeedee|Dazzling Gleam|p2a: Murkrow\n|-supereffective|p2a: Murkrow\n|-damage|p2a: Murkrow|35\/100\n|move|p2a: Murkrow|Foul Play|p1a: Indeedee\n|-supereffective|p1a: Indeedee\n|-damage|p1a: Indeedee|60\/100\n|\n|-weather|SunnyDay|[upkeep]\n|upkeep\n|turn|5\n|inactive|nsjjsjzbzhxh has 30 seconds left.\n|inactive|nsjjsjzbzhxh has 20 seconds left.\n|inactive|nsjjsjzbzhxh has 15 seconds left.\n|inactive|nsjjsjzbzhxh has 10 seconds left.\n|inactive|nsjjsjzbzhxh has 5 seconds left.\n|\n|t:|1700931247\n|move|p1b: Oranguru|Instruct|p1a: Indeedee\n|-singleturn|p1a: Indeedee|move: Instruct|[of] p1b: Oranguru\n|move|p1a: Indeedee|Dazzling Gleam|p2a: Murkrow\n|-supereffective|p2a: Murkrow\n|-damage|p2a: Murkrow|2\/100\n|move|p1a: Indeedee|Dazzling Gleam|p2a: Murkrow\n|-supereffective|p2a: Murkrow\n|-damage|p2a: Murkrow|0 fnt\n|faint|p2a: Murkrow\n|\n|win|celopro\n|raw|celopro's rating: 1065 &rarr; <strong>1092<\/strong><br \/>(+27 for winning)\n|raw|nsjjsjzbzhxh's rating: 1026 &rarr; <strong>1014<\/strong><br \/>(-12 for losing)\n","uploadtime":1700931259,"views":11,"p1id":"celopro","p2id":"nsjjsjzbzhxh","formatid":"gen9vgc2023regulatione","rating":1014,"private":0,"password":""}