{"id":"gen9vgc2023regulatione-1997835108","p1":"Ipeximus","p2":"Edward2066","format":"[Gen 9] VGC 2023 Regulation E","log":"|j|\u2606Ipeximus\n|j|\u2606Edward2066\n|t:|1700857861\n|gametype|doubles\n|player|p1|Ipeximus|1|1140\n|player|p2|Edward2066|gambler|1119\n|teamsize|p1|6\n|teamsize|p2|6\n|gen|9\n|tier|[Gen 9] VGC 2023 Regulation E\n|rated|\n|rule|Species Clause: Limit one of each Pok\u00e9mon\n|rule|Item Clause: Limit one of each item\n|clearpoke\n|poke|p1|Gholdengo, L50|\n|poke|p1|Arcanine-Hisui, L50, M|\n|poke|p1|Rillaboom, L50, M|\n|poke|p1|Iron Hands, L50|\n|poke|p1|Tornadus, L50, M|\n|poke|p1|Urshifu-*, L50, F|\n|poke|p2|Iron Hands, L50|\n|poke|p2|Grimmsnarl, L50, M|\n|poke|p2|Rillaboom, L50, M|\n|poke|p2|Urshifu-*, L50, F|\n|poke|p2|Flutter Mane, L50|\n|poke|p2|Tornadus, L50, M|\n|teampreview|4\n|\n|t:|1700857891\n|start\n|switch|p1a: Gholdengo|Gholdengo, L50|100\/100\n|switch|p1b: Iron Hands|Iron Hands, L50|100\/100\n|switch|p2a: Tornadus|Tornadus, L50, M, shiny|100\/100\n|switch|p2b: Rillaboom|Rillaboom, L50, M, shiny|100\/100\n|-fieldstart|move: Grassy Terrain|[from] ability: Grassy Surge|[of] p2b: Rillaboom\n|turn|1\n|\n|t:|1700857924\n|-terastallize|p2b: Rillaboom|Grass\n|-terastallize|p1b: Iron Hands|Grass\n|move|p1a: Gholdengo|Protect|p1a: Gholdengo\n|-singleturn|p1a: Gholdengo|Protect\n|move|p1b: Iron Hands|Fake Out|p2b: Rillaboom\n|-damage|p2b: Rillaboom|84\/100\n|move|p2a: Tornadus|Tailwind|p2a: Tornadus\n|-sidestart|p2: Edward2066|move: Tailwind\n|cant|p2b: Rillaboom|flinch\n|\n|-heal|p2b: Rillaboom|90\/100|[from] Grassy Terrain\n|upkeep\n|turn|2\n|\n|t:|1700857945\n|switch|p1a: Arcanine|Arcanine-Hisui, L50, M|100\/100\n|-ability|p1a: Arcanine|Intimidate|boost\n|-unboost|p2a: Tornadus|atk|1\n|-unboost|p2b: Rillaboom|atk|1\n|move|p2a: Tornadus|Protect|p2a: Tornadus\n|-singleturn|p2a: Tornadus|Protect\n|move|p2b: Rillaboom|Wood Hammer|p1a: Arcanine\n|-damage|p1a: Arcanine|0 fnt\n|faint|p1a: Arcanine\n|-damage|p2b: Rillaboom|57\/100|[from] Recoil\n|move|p1b: Iron Hands|Wild Charge|p2a: Tornadus\n|-activate|p2a: Tornadus|move: Protect\n|\n|-heal|p2b: Rillaboom|62\/100|[from] Grassy Terrain\n|upkeep\n|\n|t:|1700857960\n|switch|p1a: Tornadus|Tornadus, L50, M|100\/100\n|turn|3\n|\n|t:|1700857974\n|switch|p2a: Flutter Mane|Flutter Mane, L50|100\/100\n|move|p1a: Tornadus|Tailwind|p1a: Tornadus\n|-sidestart|p1: Ipeximus|move: Tailwind\n|move|p2b: Rillaboom|Wood Hammer|p1a: Tornadus\n|-resisted|p1a: Tornadus\n|-damage|p1a: Tornadus|53\/100\n|-damage|p2b: Rillaboom|46\/100|[from] Recoil\n|move|p1b: Iron Hands|Wild Charge|p2a: Flutter Mane\n|-damage|p2a: Flutter Mane|0 fnt\n|faint|p2a: Flutter Mane\n|-end|p2a: Flutter Mane|Protosynthesis|[silent]\n|-damage|p1b: Iron Hands|87\/100|[from] Recoil\n|\n|-heal|p2b: Rillaboom|51\/100|[from] Grassy Terrain\n|-heal|p1b: Iron Hands|93\/100|[from] Grassy Terrain\n|upkeep\n|\n|t:|1700857984\n|switch|p2a: Iron Hands|Iron Hands, L50|100\/100\n|turn|4\n|\n|t:|1700858006\n|switch|p1a: Gholdengo|Gholdengo, L50|100\/100\n|move|p2b: Rillaboom|Protect|p2b: Rillaboom\n|-singleturn|p2b: Rillaboom|Protect\n|move|p1b: Iron Hands|Drain Punch|p2b: Rillaboom\n|-activate|p2b: Rillaboom|move: Protect\n|move|p2a: Iron Hands|Ice Punch|p1b: Iron Hands\n|-supereffective|p1b: Iron Hands\n|-damage|p1b: Iron Hands|49\/100\n|\n|-heal|p2b: Rillaboom|57\/100|[from] Grassy Terrain\n|-heal|p1b: Iron Hands|55\/100|[from] Grassy Terrain\n|-sideend|p2: Edward2066|move: Tailwind\n|upkeep\n|turn|5\n|\n|t:|1700858026\n|move|p1a: Gholdengo|Shadow Ball|p2a: Iron Hands\n|-damage|p2a: Iron Hands|69\/100\n|-damage|p1a: Gholdengo|91\/100|[from] item: Life Orb\n|move|p2b: Rillaboom|Wood Hammer|p1a: Gholdengo\n|-resisted|p1a: Gholdengo\n|-damage|p1a: Gholdengo|51\/100\n|-damage|p2b: Rillaboom|43\/100|[from] Recoil\n|move|p1b: Iron Hands|Drain Punch|p2a: Iron Hands\n|-damage|p2a: Iron Hands|43\/100\n|-heal|p1b: Iron Hands|69\/100|[from] drain|[of] p2a: Iron Hands\n|move|p2a: Iron Hands|Ice Punch|p1b: Iron Hands\n|-supereffective|p1b: Iron Hands\n|-damage|p1b: Iron Hands|28\/100\n|\n|-heal|p1a: Gholdengo|57\/100|[from] Grassy Terrain\n|-heal|p2b: Rillaboom|48\/100|[from] Grassy Terrain\n|-heal|p1b: Iron Hands|34\/100|[from] Grassy Terrain\n|-heal|p2a: Iron Hands|49\/100|[from] Grassy Terrain\n|-fieldend|move: Grassy Terrain\n|upkeep\n|turn|6\n|\n|t:|1700858059\n|switch|p2b: Tornadus|Tornadus, L50, M, shiny|100\/100\n|move|p1a: Gholdengo|Make It Rain|p2b: Tornadus|[spread] p2a,p2b\n|-resisted|p2a: Iron Hands\n|-damage|p2a: Iron Hands|33\/100\n|-damage|p2b: Tornadus|52\/100\n|-unboost|p1a: Gholdengo|spa|1\n|-damage|p1a: Gholdengo|48\/100|[from] item: Life Orb\n|move|p1b: Iron Hands|Drain Punch|p2a: Iron Hands\n|-damage|p2a: Iron Hands|6\/100\n|-heal|p1b: Iron Hands|49\/100|[from] drain|[of] p2a: Iron Hands\n|move|p2a: Iron Hands|Ice Punch|p1b: Iron Hands\n|-supereffective|p1b: Iron Hands\n|-damage|p1b: Iron Hands|4\/100\n|\n|-sideend|p1: Ipeximus|move: Tailwind\n|upkeep\n|turn|7\n|\n|t:|1700858093\n|move|p2b: Tornadus|Tailwind|p2b: Tornadus\n|-sidestart|p2: Edward2066|move: Tailwind\n|move|p2a: Iron Hands|Ice Punch|p1b: Iron Hands\n|-supereffective|p1b: Iron Hands\n|-damage|p1b: Iron Hands|0 fnt\n|faint|p1b: Iron Hands\n|-end|p1b: Iron Hands|Quark Drive|[silent]\n|move|p1a: Gholdengo|Make It Rain|p2a: Iron Hands|[spread] p2a,p2b\n|-resisted|p2a: Iron Hands\n|-damage|p2a: Iron Hands|0 fnt\n|-damage|p2b: Tornadus|25\/100\n|-unboost|p1a: Gholdengo|spa|1\n|-enditem|p2b: Tornadus|Sitrus Berry|[eat]\n|-heal|p2b: Tornadus|49\/100|[from] item: Sitrus Berry\n|faint|p2a: Iron Hands\n|-end|p2a: Iron Hands|Quark Drive|[silent]\n|-damage|p1a: Gholdengo|38\/100|[from] item: Life Orb\n|\n|upkeep\n|\n|t:|1700858108\n|switch|p1b: Tornadus|Tornadus, L50, M|53\/100\n|switch|p2a: Rillaboom|Rillaboom, L50, M, shiny, tera:Grass|48\/100\n|-fieldstart|move: Grassy Terrain|[from] ability: Grassy Surge|[of] p2a: Rillaboom\n|turn|8\n|\n|t:|1700858120\n|move|p1a: Gholdengo|Protect|p1a: Gholdengo\n|-singleturn|p1a: Gholdengo|Protect\n|move|p2a: Rillaboom|Grassy Glide|p1a: Gholdengo\n|-activate|p1a: Gholdengo|move: Protect\n|move|p2b: Tornadus|Bleakwind Storm|p1b: Tornadus|[spread] \n|-activate|p1a: Gholdengo|move: Protect\n|-miss|p2b: Tornadus|p1b: Tornadus\n|move|p1b: Tornadus|Bleakwind Storm|p2b: Tornadus|[spread] p2a\n|-miss|p1b: Tornadus|p2b: Tornadus\n|-supereffective|p2a: Rillaboom\n|-damage|p2a: Rillaboom|0 fnt\n|faint|p2a: Rillaboom\n|\n|-heal|p1a: Gholdengo|44\/100|[from] Grassy Terrain\n|upkeep\n|turn|9\n|\n|t:|1700858149\n|move|p1b: Tornadus|Taunt|p2b: Tornadus\n|-start|p2b: Tornadus|move: Taunt\n|move|p2b: Tornadus|Bleakwind Storm|p1a: Gholdengo|[spread] p1b\n|-miss|p2b: Tornadus|p1a: Gholdengo\n|-damage|p1b: Tornadus|22\/100\n|move|p1a: Gholdengo|Shadow Ball|p2b: Tornadus\n|-damage|p2b: Tornadus|31\/100\n|-damage|p1a: Gholdengo|34\/100|[from] item: Life Orb\n|\n|-heal|p1a: Gholdengo|40\/100|[from] Grassy Terrain\n|upkeep\n|turn|10\n|\n|t:|1700858168\n|move|p2b: Tornadus|Bleakwind Storm|p1a: Gholdengo|[spread] p1a,p1b\n|-resisted|p1a: Gholdengo\n|-damage|p1a: Gholdengo|26\/100\n|-damage|p1b: Tornadus|0 fnt\n|faint|p1b: Tornadus\n|move|p1a: Gholdengo|Nasty Plot|p1a: Gholdengo\n|-boost|p1a: Gholdengo|spa|2\n|\n|-heal|p1a: Gholdengo|33\/100|[from] Grassy Terrain\n|-sideend|p2: Edward2066|move: Tailwind\n|upkeep\n|turn|11\n|\n|t:|1700858177\n|move|p2b: Tornadus|Bleakwind Storm|p1a: Gholdengo\n|-resisted|p1a: Gholdengo\n|-damage|p1a: Gholdengo|13\/100\n|-unboost|p1a: Gholdengo|spe|1\n|move|p1a: Gholdengo|Make It Rain|p2b: Tornadus\n|-damage|p2b: Tornadus|0 fnt\n|-unboost|p1a: Gholdengo|spa|1\n|faint|p2b: Tornadus\n|-damage|p1a: Gholdengo|3\/100|[from] item: Life Orb\n|\n|win|Ipeximus\n|raw|Ipeximus's rating: 1140 &rarr; <strong>1163<\/strong><br \/>(+23 for winning)\n|raw|Edward2066's rating: 1119 &rarr; <strong>1096<\/strong><br \/>(-23 for losing)\n|l|\u2606Edward2066\n|c|\u2606Ipeximus|GG\n","uploadtime":1700858196,"views":7,"p1id":"ipeximus","p2id":"edward2066","formatid":"gen9vgc2023regulatione","rating":1096,"private":0,"password":""}