{"id":"gen9vgc2023regulatione-1992743693","p1":"Paper_Scribe","p2":"XtellyX","format":"[Gen 9] VGC 2023 Regulation E","log":"|j|\u2606Paper_Scribe\n|j|\u2606XtellyX\n|t:|1700231370\n|gametype|doubles\n|player|p1|Paper_Scribe|hilda|1063\n|player|p2|XtellyX|giovanni|1083\n|teamsize|p1|6\n|teamsize|p2|6\n|gen|9\n|tier|[Gen 9] VGC 2023 Regulation E\n|rated|\n|rule|Species Clause: Limit one of each Pok\u00e9mon\n|rule|Item Clause: Limit one of each item\n|clearpoke\n|poke|p1|Kingambit, L50, F|\n|poke|p1|Pelipper, L50, F|\n|poke|p1|Arcanine-Hisui, L50, M|\n|poke|p1|Gliscor, L50, F|\n|poke|p1|Ursaluna-Bloodmoon, L50, M|\n|poke|p1|Sinistcha, L50|\n|poke|p2|Regidrago, L50|\n|poke|p2|Heatran, L50, F|\n|poke|p2|Chien-Pao, L50|\n|poke|p2|Gyarados, L50, F|\n|poke|p2|Clefairy, L50, F|\n|poke|p2|Grimmsnarl, L50, M|\n|teampreview|4\n|inactive|Battle timer is ON: inactive players will automatically lose when time's up. (requested by XtellyX)\n|inactive|Paper_Scribe also wants the timer to be on.\n|inactive|Paper_Scribe has 60 seconds left.\n|\n|t:|1700231421\n|start\n|switch|p1a: Pelipper|Pelipper, L50, F|100\/100\n|switch|p1b: Arcanine|Arcanine-Hisui, L50, M|100\/100\n|switch|p2a: Grimmsnarl|Grimmsnarl, L50, M, shiny|100\/100\n|switch|p2b: Chien-Pao|Chien-Pao, L50|100\/100\n|-ability|p2b: Chien-Pao|Sword of Ruin\n|-ability|p1b: Arcanine|Intimidate|boost\n|-unboost|p2a: Grimmsnarl|atk|1\n|-unboost|p2b: Chien-Pao|atk|1\n|-weather|RainDance|[from] ability: Drizzle|[of] p1a: Pelipper\n|turn|1\n|\n|t:|1700231441\n|switch|p2b: Gyarados|Gyarados, L50, F, shiny|100\/100\n|-ability|p2b: Gyarados|Intimidate|boost\n|-unboost|p1a: Pelipper|atk|1\n|-unboost|p1b: Arcanine|atk|1\n|move|p2a: Grimmsnarl|Fake Out|p1b: Arcanine\n|-resisted|p1b: Arcanine\n|-damage|p1b: Arcanine|96\/100\n|cant|p1b: Arcanine|flinch\n|move|p1a: Pelipper|Tailwind|p1a: Pelipper\n|-sidestart|p1: Paper_Scribe|move: Tailwind\n|\n|-weather|RainDance|[upkeep]\n|upkeep\n|turn|2\n|\n|t:|1700231459\n|-terastallize|p1b: Arcanine|Normal\n|move|p2a: Grimmsnarl|Light Screen|p2a: Grimmsnarl\n|-sidestart|p2: XtellyX|move: Light Screen\n|move|p1b: Arcanine|Will-O-Wisp|p2b: Gyarados\n|-status|p2b: Gyarados|brn\n|move|p1a: Pelipper|Icy Wind|p2b: Gyarados|[spread] p2a,p2b\n|-damage|p2a: Grimmsnarl|96\/100\n|-damage|p2b: Gyarados|94\/100 brn\n|-unboost|p2a: Grimmsnarl|spe|1\n|-unboost|p2b: Gyarados|spe|1\n|move|p2b: Gyarados|Waterfall|p1b: Arcanine\n|-damage|p1b: Arcanine|55\/100\n|\n|-weather|RainDance|[upkeep]\n|-damage|p2b: Gyarados|88\/100 brn|[from] brn\n|upkeep\n|turn|3\n|inactive|XtellyX has 30 seconds left.\n|\n|t:|1700231487\n|move|p2a: Grimmsnarl|Reflect|p2a: Grimmsnarl\n|-sidestart|p2: XtellyX|Reflect\n|move|p1b: Arcanine|Will-O-Wisp|p2a: Grimmsnarl\n|-status|p2a: Grimmsnarl|brn\n|move|p1a: Pelipper|Hurricane|p2a: Grimmsnarl\n|-damage|p2a: Grimmsnarl|77\/100 brn\n|move|p2b: Gyarados|Waterfall|p1b: Arcanine\n|-damage|p1b: Arcanine|13\/100\n|\n|-weather|RainDance|[upkeep]\n|-damage|p2b: Gyarados|82\/100 brn|[from] brn\n|-damage|p2a: Grimmsnarl|71\/100 brn|[from] brn\n|upkeep\n|turn|4\n|\n|t:|1700231508\n|switch|p1b: Kingambit|Kingambit, L50, F|100\/100\n|move|p2a: Grimmsnarl|Parting Shot|p1b: Kingambit\n|-hint|Since gen 7, Dark is immune to Prankster moves.\n|-immune|p1b: Kingambit\n|move|p1a: Pelipper|Hurricane|p2a: Grimmsnarl\n|-damage|p2a: Grimmsnarl|50\/100 brn\n|move|p2b: Gyarados|Waterfall|p1b: Kingambit\n|-damage|p1b: Kingambit|72\/100\n|\n|-weather|RainDance|[upkeep]\n|-damage|p2b: Gyarados|76\/100 brn|[from] brn\n|-damage|p2a: Grimmsnarl|45\/100 brn|[from] brn\n|-sideend|p1: Paper_Scribe|move: Tailwind\n|upkeep\n|turn|5\n|\n|t:|1700231530\n|move|p2b: Gyarados|Protect|p2b: Gyarados\n|-singleturn|p2b: Gyarados|Protect\n|move|p2a: Grimmsnarl|Parting Shot|p1a: Pelipper\n|-unboost|p1a: Pelipper|atk|1\n|-unboost|p1a: Pelipper|spa|1\n|\n|t:|1700231542\n|switch|p2a: Chien-Pao|Chien-Pao, L50|100\/100|[from] Parting Shot\n|-ability|p2a: Chien-Pao|Sword of Ruin\n|move|p1b: Kingambit|Iron Head|p2a: Chien-Pao\n|-supereffective|p2a: Chien-Pao\n|-damage|p2a: Chien-Pao|18\/100\n|move|p1a: Pelipper|Tailwind|p1a: Pelipper\n|-sidestart|p1: Paper_Scribe|move: Tailwind\n|\n|-weather|none\n|-damage|p2b: Gyarados|70\/100 brn|[from] brn\n|upkeep\n|turn|6\n|\n|t:|1700231562\n|switch|p1a: Arcanine|Arcanine-Hisui, L50, M, tera:Normal|13\/100\n|-ability|p1a: Arcanine|Intimidate|boost\n|-unboost|p2a: Chien-Pao|atk|1\n|-unboost|p2b: Gyarados|atk|1\n|switch|p2b: Grimmsnarl|Grimmsnarl, L50, M, shiny|45\/100 brn\n|move|p1b: Kingambit|Iron Head|p2a: Chien-Pao\n|-supereffective|p2a: Chien-Pao\n|-damage|p2a: Chien-Pao|0 fnt\n|faint|p2a: Chien-Pao\n|\n|-damage|p2b: Grimmsnarl|39\/100 brn|[from] brn\n|upkeep\n|\n|t:|1700231576\n|switch|p2a: Gyarados|Gyarados, L50, F, shiny|70\/100 brn\n|-ability|p2a: Gyarados|Intimidate|boost\n|-unboost|p1a: Arcanine|atk|1\n|-unboost|p1b: Kingambit|atk|1\n|-ability|p1b: Kingambit|Defiant|boost\n|-boost|p1b: Kingambit|atk|2\n|turn|7\n|inactive|XtellyX has 30 seconds left.\n|\n|t:|1700231601\n|move|p2b: Grimmsnarl|Fake Out|p1b: Kingambit\n|-resisted|p1b: Kingambit\n|-damage|p1b: Kingambit|70\/100\n|move|p1a: Arcanine|Howl|p1a: Arcanine|[spread] p1a,p1b\n|-boost|p1a: Arcanine|atk|1\n|-boost|p1b: Kingambit|atk|1\n|cant|p1b: Kingambit|flinch\n|move|p2a: Gyarados|Waterfall|p1a: Arcanine\n|-damage|p1a: Arcanine|0 fnt\n|faint|p1a: Arcanine\n|\n|-damage|p2a: Gyarados|64\/100 brn|[from] brn\n|-damage|p2b: Grimmsnarl|33\/100 brn|[from] brn\n|upkeep\n|\n|t:|1700231615\n|switch|p1a: Pelipper|Pelipper, L50, F|100\/100\n|-weather|RainDance|[from] ability: Drizzle|[of] p1a: Pelipper\n|turn|8\n|\n|t:|1700231635\n|move|p2b: Grimmsnarl|Parting Shot|p1a: Pelipper\n|-unboost|p1a: Pelipper|atk|1\n|-unboost|p1a: Pelipper|spa|1\n|\n|t:|1700231638\n|switch|p2b: Regidrago|Regidrago, L50, shiny|100\/100|[from] Parting Shot\n|move|p1b: Kingambit|Kowtow Cleave|p2a: Gyarados\n|-damage|p2a: Gyarados|0 fnt\n|-damage|p1b: Kingambit|54\/100|[from] item: Rocky Helmet|[of] p2a: Gyarados\n|faint|p2a: Gyarados\n|move|p1a: Pelipper|Hurricane|p2b: Regidrago\n|-damage|p2b: Regidrago|85\/100\n|\n|-weather|RainDance|[upkeep]\n|-sideend|p1: Paper_Scribe|move: Tailwind\n|upkeep\n|\n|t:|1700231640\n|switch|p2a: Grimmsnarl|Grimmsnarl, L50, M, shiny|33\/100 brn\n|turn|9\n|\n|t:|1700231657\n|move|p2a: Grimmsnarl|Fake Out|p1b: Kingambit\n|-resisted|p1b: Kingambit\n|-damage|p1b: Kingambit|51\/100\n|move|p2b: Regidrago|Dragon Energy|p1a: Pelipper|[spread] p1a,p1b\n|-resisted|p1b: Kingambit\n|-damage|p1a: Pelipper|12\/100\n|-damage|p1b: Kingambit|29\/100\n|-damage|p2b: Regidrago|75\/100|[from] item: Life Orb\n|cant|p1b: Kingambit|flinch\n|move|p1a: Pelipper|Tailwind|p1a: Pelipper\n|-sidestart|p1: Paper_Scribe|move: Tailwind\n|\n|-weather|RainDance|[upkeep]\n|-damage|p2a: Grimmsnarl|27\/100 brn|[from] brn\n|-sideend|p2: XtellyX|move: Light Screen\n|upkeep\n|turn|10\n|\n|t:|1700231673\n|move|p2b: Regidrago|Protect|p2b: Regidrago\n|-singleturn|p2b: Regidrago|Protect\n|move|p2a: Grimmsnarl|Light Screen|p2a: Grimmsnarl\n|-sidestart|p2: XtellyX|move: Light Screen\n|move|p1b: Kingambit|Kowtow Cleave|p2b: Regidrago\n|-activate|p2b: Regidrago|move: Protect\n|move|p1a: Pelipper|Hurricane|p2b: Regidrago\n|-activate|p2b: Regidrago|move: Protect\n|\n|-weather|RainDance|[upkeep]\n|-damage|p2a: Grimmsnarl|21\/100 brn|[from] brn\n|-sideend|p2: XtellyX|Reflect\n|upkeep\n|turn|11\n|\n|t:|1700231680\n|move|p2a: Grimmsnarl|Reflect|p2a: Grimmsnarl\n|-sidestart|p2: XtellyX|Reflect\n|move|p1b: Kingambit|Kowtow Cleave|p2b: Regidrago\n|-damage|p2b: Regidrago|15\/100\n|move|p1a: Pelipper|Roost|p1a: Pelipper\n|-heal|p1a: Pelipper|62\/100\n|-singleturn|p1a: Pelipper|move: Roost\n|move|p2b: Regidrago|Dragon Energy|p1a: Pelipper|[spread] p1a,p1b\n|-resisted|p1b: Kingambit\n|-damage|p1a: Pelipper|48\/100\n|-damage|p1b: Kingambit|25\/100\n|-damage|p2b: Regidrago|5\/100|[from] item: Life Orb\n|\n|-weather|RainDance|[upkeep]\n|-damage|p2a: Grimmsnarl|15\/100 brn|[from] brn\n|upkeep\n|turn|12\n|-message|XtellyX forfeited.\n|\n|win|Paper_Scribe\n|raw|Paper_Scribe's rating: 1063 &rarr; <strong>1095<\/strong><br \/>(+32 for winning)\n|raw|XtellyX's rating: 1083 &rarr; <strong>1059<\/strong><br \/>(-24 for losing)\n|l|\u2606XtellyX\n","uploadtime":1700231696,"views":19,"p1id":"paperscribe","p2id":"xtellyx","formatid":"gen9vgc2023regulatione","rating":1059,"private":0,"password":""}