{"id":"gen9vgc2023regulatione-1990285767","p1":"Deadhead Omega","p2":"JayoticNL","format":"[Gen 9] VGC 2023 Regulation E","log":"|j|\u2606Deadhead Omega\n|j|\u2606JayoticNL\n|t:|1699950812\n|gametype|doubles\n|player|p1|Deadhead Omega|benga|1529\n|player|p2|JayoticNL|emmet|1602\n|teamsize|p1|6\n|teamsize|p2|6\n|gen|9\n|tier|[Gen 9] VGC 2023 Regulation E\n|rated|\n|rule|Species Clause: Limit one of each Pok\u00e9mon\n|rule|Item Clause: Limit one of each item\n|clearpoke\n|poke|p1|Landorus-Therian, L50, M|\n|poke|p1|Ogerpon-Wellspring, L50, F|\n|poke|p1|Iron Hands, L50|\n|poke|p1|Roaring Moon, L50|\n|poke|p1|Weezing, L50, F|\n|poke|p1|Flutter Mane, L50|\n|poke|p2|Iron Hands, L50|\n|poke|p2|Cresselia, L50, F|\n|poke|p2|Ursaluna, L50, M|\n|poke|p2|Enamorus-Therian, L50, F|\n|poke|p2|Skeledirge, L50, F|\n|poke|p2|Ogerpon-Wellspring, L50, F|\n|teampreview|4\n|\n|t:|1699950844\n|start\n|switch|p1a: Roaring Moon|Roaring Moon, L50|100\/100\n|switch|p1b: Weezing|Weezing, L50, F|100\/100\n|switch|p2a: Ogerpon|Ogerpon-Wellspring, L50, F|100\/100\n|switch|p2b: Skeledirge|Skeledirge, L50, F|100\/100\n|-ability|p1b: Weezing|Neutralizing Gas\n|-enditem|p1a: Roaring Moon|Booster Energy\n|-activate|p1a: Roaring Moon|ability: Protosynthesis|[fromitem]\n|-start|p1a: Roaring Moon|protosynthesisspe\n|turn|1\n|\n|t:|1699950870\n|-terastallize|p2b: Skeledirge|Fairy\n|move|p1a: Roaring Moon|Knock Off|p2b: Skeledirge\n|-resisted|p2b: Skeledirge\n|-damage|p2b: Skeledirge|76\/100\n|-enditem|p2b: Skeledirge|Safety Goggles|[from] move: Knock Off|[of] p1a: Roaring Moon\n|move|p2a: Ogerpon|Ivy Cudgel|p1b: Weezing\n|-damage|p1b: Weezing|57\/100\n|move|p1b: Weezing|Sludge Bomb|p2a: Ogerpon\n|-supereffective|p2a: Ogerpon\n|-damage|p2a: Ogerpon|48\/100\n|move|p2b: Skeledirge|Yawn|p1a: Roaring Moon\n|-start|p1a: Roaring Moon|move: Yawn|[of] p2b: Skeledirge\n|\n|upkeep\n|turn|2\n|\n|t:|1699950908\n|-end|p1a: Roaring Moon|Protosynthesis|[silent]\n|switch|p1a: Ogerpon|Ogerpon-Wellspring, L50, F|100\/100\n|switch|p2a: Cresselia|Cresselia, L50, F|100\/100\n|move|p1b: Weezing|Sludge Bomb|p2b: Skeledirge\n|-supereffective|p2b: Skeledirge\n|-damage|p2b: Skeledirge|25\/100\n|-status|p2b: Skeledirge|psn\n|move|p2b: Skeledirge|Torch Song|p1b: Weezing\n|-damage|p1b: Weezing|12\/100\n|-boost|p2b: Skeledirge|spa|1\n|-enditem|p1b: Weezing|Sitrus Berry|[eat]\n|-heal|p1b: Weezing|37\/100|[from] item: Sitrus Berry\n|\n|-damage|p2b: Skeledirge|13\/100 psn|[from] psn\n|upkeep\n|turn|3\n|j| Yagamoth\n|\n|t:|1699950958\n|move|p2b: Skeledirge|Protect|p2b: Skeledirge\n|-singleturn|p2b: Skeledirge|Protect\n|move|p1a: Ogerpon|Swords Dance|p1a: Ogerpon\n|-boost|p1a: Ogerpon|atk|2\n|move|p1b: Weezing|Taunt|p2a: Cresselia\n|-start|p2a: Cresselia|move: Taunt\n|-enditem|p2a: Cresselia|Mental Herb\n|-end|p2a: Cresselia|move: Taunt\n|move|p2a: Cresselia|Trick Room|p2a: Cresselia\n|-fieldstart|move: Trick Room|[of] p2a: Cresselia\n|\n|-damage|p2b: Skeledirge|1\/100 psn|[from] psn\n|upkeep\n|turn|4\n|\n|t:|1699950978\n|move|p1a: Ogerpon|Spiky Shield|p1a: Ogerpon\n|-singleturn|p1a: Ogerpon|move: Protect\n|move|p2b: Skeledirge|Torch Song|p1b: Weezing\n|-damage|p1b: Weezing|0 fnt\n|-boost|p2b: Skeledirge|spa|1\n|faint|p1b: Weezing\n|-end|p1b: Weezing|ability: Neutralizing Gas\n|move|p2a: Cresselia|Lunar Blessing|p2a: Cresselia|[spread] p2a,p2b\n|-heal|p2b: Skeledirge|26\/100 psn\n|-curestatus|p2b: Skeledirge|psn|[msg]\n|\n|upkeep\n|\n|t:|1699950994\n|switch|p1b: Iron Hands|Iron Hands, L50|100\/100\n|turn|5\n|j| wudiace\n|\n|t:|1699951009\n|-terastallize|p1a: Ogerpon|Water\n|detailschange|p1a: Ogerpon|Ogerpon-Wellspring-Tera, L50, F, tera:Water\n|-ability|p1a: Ogerpon|Embody Aspect (Wellspring)|boost\n|-boost|p1a: Ogerpon|spd|1\n|move|p2b: Skeledirge|Protect|p2b: Skeledirge\n|-singleturn|p2b: Skeledirge|Protect\n|move|p1b: Iron Hands|Heavy Slam|p2b: Skeledirge\n|-activate|p2b: Skeledirge|move: Protect\n|move|p2a: Cresselia|Lunar Blessing|p2a: Cresselia|[spread] p2a,p2b\n|-heal|p2b: Skeledirge|51\/100\n|move|p1a: Ogerpon|Ivy Cudgel|p2a: Cresselia\n|-damage|p2a: Cresselia|14\/100\n|\n|upkeep\n|turn|6\n|\n|t:|1699951034\n|switch|p2a: Ogerpon|Ogerpon-Wellspring, L50, F|48\/100\n|move|p2b: Skeledirge|Shadow Ball|p1a: Ogerpon\n|-crit|p1a: Ogerpon\n|-damage|p1a: Ogerpon|0 fnt\n|faint|p1a: Ogerpon\n|move|p1b: Iron Hands|Heavy Slam|p2b: Skeledirge\n|-supereffective|p2b: Skeledirge\n|-damage|p2b: Skeledirge|24\/100\n|\n|upkeep\n|\n|t:|1699951043\n|switch|p1a: Roaring Moon|Roaring Moon, L50|100\/100\n|turn|7\n|\n|t:|1699951055\n|move|p1a: Roaring Moon|Protect|p1a: Roaring Moon\n|-singleturn|p1a: Roaring Moon|Protect\n|move|p2a: Ogerpon|Follow Me|p2a: Ogerpon\n|-singleturn|p2a: Ogerpon|move: Follow Me\n|move|p2b: Skeledirge|Yawn|p1b: Iron Hands\n|-start|p1b: Iron Hands|move: Yawn|[of] p2b: Skeledirge\n|move|p1b: Iron Hands|Wild Charge|p2a: Ogerpon\n|-damage|p2a: Ogerpon|0 fnt\n|faint|p2a: Ogerpon\n|-damage|p1b: Iron Hands|91\/100|[from] Recoil\n|\n|-fieldend|move: Trick Room\n|upkeep\n|\n|t:|1699951064\n|switch|p2a: Iron Hands|Iron Hands, L50|100\/100\n|turn|8\n|\n|t:|1699951084\n|move|p2b: Skeledirge|Protect|p2b: Skeledirge\n|-singleturn|p2b: Skeledirge|Protect\n|move|p1a: Roaring Moon|Acrobatics|p2b: Skeledirge\n|-activate|p2b: Skeledirge|move: Protect\n|move|p1b: Iron Hands|Wild Charge|p2b: Skeledirge\n|-activate|p2b: Skeledirge|move: Protect\n|move|p2a: Iron Hands|Drain Punch|p1a: Roaring Moon\n|-supereffective|p1a: Roaring Moon\n|-damage|p1a: Roaring Moon|0 fnt\n|faint|p1a: Roaring Moon\n|-end|p1a: Roaring Moon|Protosynthesis|[silent]\n|\n|-end|p1b: Iron Hands|move: Yawn|[silent]\n|-status|p1b: Iron Hands|slp\n|upkeep\n|turn|9\n|-message|Deadhead Omega forfeited.\n|\n|win|JayoticNL\n|raw|Deadhead Omega's rating: 1529 &rarr; <strong>1513<\/strong><br \/>(-16 for losing)\n|raw|JayoticNL's rating: 1602 &rarr; <strong>1618<\/strong><br \/>(+16 for winning)\n|l|\u2606Deadhead Omega\n","uploadtime":1699951223,"views":20,"p1id":"deadheadomega","p2id":"jayoticnl","formatid":"gen9vgc2023regulatione","rating":1513,"private":0,"password":""}