{"id":"gen9vgc2023regulatione-1994544129","p1":"newbucket","p2":"PhantomOrionVgc","format":"[Gen 9] VGC 2023 Regulation E","log":"|j|\u2606newbucket\n|j|\u2606PhantomOrionVgc\n|t:|1700457316\n|gametype|doubles\n|player|p1|newbucket|li|1244\n|player|p2|PhantomOrionVgc|caitlin-masters|1301\n|teamsize|p1|6\n|teamsize|p2|6\n|gen|9\n|tier|[Gen 9] VGC 2023 Regulation E\n|rated|\n|rule|Species Clause: Limit one of each Pok\u00e9mon\n|rule|Item Clause: Limit one of each item\n|clearpoke\n|poke|p1|Spectrier, L50|\n|poke|p1|Rillaboom, L50, F|\n|poke|p1|Arcanine-Hisui, L50, M|\n|poke|p1|Grimmsnarl, L50, M|\n|poke|p1|Ogerpon-Wellspring, L50, F|\n|poke|p1|Kommo-o, L50, M|\n|poke|p2|Farigiraf, L50, M|\n|poke|p2|Baxcalibur, L50, M|\n|poke|p2|Ninetales-Alola, L50, F|\n|poke|p2|Heatran, L50, F|\n|poke|p2|Weezing-Galar, L50, M|\n|poke|p2|Iron Hands, L50|\n|teampreview|4\n|inactive|Battle timer is ON: inactive players will automatically lose when time's up. (requested by newbucket)\nPhantomOrionVgc has agreed to open team sheets.\n|inactive|newbucket has 60 seconds left.\n|inactive|PhantomOrionVgc has 60 seconds left.\n|inactive|newbucket has 30 seconds left.\n|\n|t:|1700457384\n|start\n|switch|p1a: Grimmsnarl|Grimmsnarl, L50, M|100\/100\n|switch|p1b: Kommo-o|Kommo-o, L50, M|100\/100\n|switch|p2a: Farigiraf|Farigiraf, L50, M|100\/100\n|switch|p2b: Iron Hands|Iron Hands, L50|100\/100\n|turn|1\n|inactive|newbucket has 30 seconds left.\n|\n|t:|1700457412\n|move|p1b: Kommo-o|Clangorous Soul|p1b: Kommo-o\n|-boost|p1b: Kommo-o|atk|1\n|-boost|p1b: Kommo-o|def|1\n|-boost|p1b: Kommo-o|spa|1\n|-boost|p1b: Kommo-o|spd|1\n|-boost|p1b: Kommo-o|spe|1\n|-damage|p1b: Kommo-o|68\/100\n|move|p1a: Grimmsnarl|Spirit Break|p2b: Iron Hands\n|-supereffective|p2b: Iron Hands\n|-damage|p2b: Iron Hands|63\/100\n|-unboost|p2b: Iron Hands|spa|1\n|move|p2b: Iron Hands|Drain Punch|p1b: Kommo-o\n|-damage|p1b: Kommo-o|41\/100\n|-heal|p2b: Iron Hands|72\/100|[from] drain|[of] p1b: Kommo-o\n|move|p2a: Farigiraf|Trick Room|p2a: Farigiraf\n|-fieldstart|move: Trick Room|[of] p2a: Farigiraf\n|\n|upkeep\n|turn|2\n|inactive|newbucket has 30 seconds left.\n|inactive|PhantomOrionVgc has 30 seconds left.\n|\n|t:|1700457440\n|move|p2a: Farigiraf|Helping Hand|p2b: Iron Hands\n|-singleturn|p2b: Iron Hands|Helping Hand|[of] p2a: Farigiraf\n|move|p1a: Grimmsnarl|Light Screen|p1a: Grimmsnarl\n|-sidestart|p1: newbucket|move: Light Screen\n|move|p2b: Iron Hands|Drain Punch|p1b: Kommo-o\n|-damage|p1b: Kommo-o|4\/100\n|-heal|p2b: Iron Hands|85\/100|[from] drain|[of] p1b: Kommo-o\n|move|p1b: Kommo-o|Drain Punch|p2b: Iron Hands\n|-damage|p2b: Iron Hands|50\/100\n|-heal|p1b: Kommo-o|29\/100|[from] drain|[of] p2b: Iron Hands\n|\n|upkeep\n|turn|3\n|\n|t:|1700457463\n|move|p2a: Farigiraf|Helping Hand|p2b: Iron Hands\n|-singleturn|p2b: Iron Hands|Helping Hand|[of] p2a: Farigiraf\n|move|p1a: Grimmsnarl|Reflect|p1a: Grimmsnarl\n|-sidestart|p1: newbucket|Reflect\n|move|p2b: Iron Hands|Drain Punch|p1a: Grimmsnarl\n|-damage|p1a: Grimmsnarl|57\/100\n|-heal|p2b: Iron Hands|67\/100|[from] drain|[of] p1a: Grimmsnarl\n|move|p1b: Kommo-o|Drain Punch|p2b: Iron Hands\n|-damage|p2b: Iron Hands|35\/100\n|-heal|p1b: Kommo-o|52\/100|[from] drain|[of] p2b: Iron Hands\n|\n|upkeep\n|turn|4\n|\n|t:|1700457479\n|move|p2a: Farigiraf|Helping Hand|p2b: Iron Hands\n|-singleturn|p2b: Iron Hands|Helping Hand|[of] p2a: Farigiraf\n|move|p1a: Grimmsnarl|Parting Shot||[still]\n|cant|p2a: Farigiraf|ability: Armor Tail|Parting Shot|[of] p1a: Grimmsnarl\n|move|p2b: Iron Hands|Drain Punch|p1b: Kommo-o\n|-damage|p1b: Kommo-o|26\/100\n|-heal|p2b: Iron Hands|45\/100|[from] drain|[of] p1b: Kommo-o\n|move|p1b: Kommo-o|Drain Punch|p2b: Iron Hands\n|-damage|p2b: Iron Hands|9\/100\n|-heal|p1b: Kommo-o|51\/100|[from] drain|[of] p2b: Iron Hands\n|\n|upkeep\n|turn|5\n|inactive|newbucket has 30 seconds left.\n|inactive|newbucket has 20 seconds left.\n|\n|t:|1700457515\n|switch|p1a: Arcanine|Arcanine-Hisui, L50, M|100\/100\n|-ability|p1a: Arcanine|Intimidate|boost\n|-unboost|p2a: Farigiraf|atk|1\n|-unboost|p2b: Iron Hands|atk|1\n|move|p2a: Farigiraf|Helping Hand|p2b: Iron Hands\n|-singleturn|p2b: Iron Hands|Helping Hand|[of] p2a: Farigiraf\n|move|p2b: Iron Hands|Drain Punch|p1b: Kommo-o\n|-damage|p1b: Kommo-o|33\/100\n|-heal|p2b: Iron Hands|16\/100|[from] drain|[of] p1b: Kommo-o\n|move|p1b: Kommo-o|Drain Punch|p2b: Iron Hands\n|-damage|p2b: Iron Hands|0 fnt\n|-heal|p1b: Kommo-o|44\/100|[from] drain|[of] p2b: Iron Hands\n|faint|p2b: Iron Hands\n|-end|p2b: Iron Hands|Quark Drive|[silent]\n|\n|-fieldend|move: Trick Room\n|upkeep\n|\n|t:|1700457522\n|switch|p2b: Heatran|Heatran, L50, F|100\/100\n|turn|6\n|inactive|newbucket has 30 seconds left.\n|\n|t:|1700457557\n|-terastallize|p2b: Heatran|Fairy\n|move|p2a: Farigiraf|Helping Hand|p2b: Heatran\n|-singleturn|p2b: Heatran|Helping Hand|[of] p2a: Farigiraf\n|move|p1b: Kommo-o|Protect|p1b: Kommo-o\n|-singleturn|p1b: Kommo-o|Protect\n|move|p1a: Arcanine|Rock Slide|p2a: Farigiraf|[spread] p2a\n|-miss|p1a: Arcanine|p2b: Heatran\n|-damage|p2a: Farigiraf|71\/100\n|move|p2b: Heatran|Earth Power|p1a: Arcanine\n|-supereffective|p1a: Arcanine\n|-damage|p1a: Arcanine|0 fnt\n|faint|p1a: Arcanine\n|\n|upkeep\n|\n|t:|1700457568\n|switch|p1a: Ogerpon|Ogerpon-Wellspring, L50, F|100\/100\n|turn|7\n|\n|t:|1700457578\n|move|p2b: Heatran|Protect|p2b: Heatran\n|-singleturn|p2b: Heatran|Protect\n|move|p1a: Ogerpon|Follow Me|p1a: Ogerpon\n|-singleturn|p1a: Ogerpon|move: Follow Me\n|move|p1b: Kommo-o|Iron Head|p2b: Heatran\n|-activate|p2b: Heatran|move: Protect\n|move|p2a: Farigiraf|Trick Room|p2a: Farigiraf\n|-fieldstart|move: Trick Room|[of] p2a: Farigiraf\n|\n|upkeep\n|turn|8\n|inactive|PhantomOrionVgc has 30 seconds left.\n|\n|t:|1700457609\n|-terastallize|p1a: Ogerpon|Water\n|detailschange|p1a: Ogerpon|Ogerpon-Wellspring-Tera, L50, F, tera:Water\n|-ability|p1a: Ogerpon|Embody Aspect (Wellspring)|boost\n|-boost|p1a: Ogerpon|spd|1\n|move|p2a: Farigiraf|Helping Hand|p2b: Heatran\n|-singleturn|p2b: Heatran|Helping Hand|[of] p2a: Farigiraf\n|move|p2b: Heatran|Magma Storm|p1b: Kommo-o\n|-resisted|p1b: Kommo-o\n|-damage|p1b: Kommo-o|29\/100\n|-activate|p1b: Kommo-o|move: Magma Storm|[of] p2b: Heatran\n|move|p1a: Ogerpon|Ivy Cudgel|p2b: Heatran|[anim] Ivy Cudgel Water\n|-damage|p2b: Heatran|34\/100\n|move|p1b: Kommo-o|Iron Head|p2b: Heatran\n|-supereffective|p2b: Heatran\n|-damage|p2b: Heatran|0 fnt\n|faint|p2b: Heatran\n|\n|-end|p1b: Kommo-o|Magma Storm|[partiallytrapped]|[silent]\n|upkeep\n|\n|t:|1700457622\n|switch|p2b: Baxcalibur|Baxcalibur, L50, M|100\/100\n|turn|9\n|\n|t:|1700457641\n|move|p2a: Farigiraf|Helping Hand|p2b: Baxcalibur\n|-singleturn|p2b: Baxcalibur|Helping Hand|[of] p2a: Farigiraf\n|move|p1a: Ogerpon|Follow Me|p1a: Ogerpon\n|-singleturn|p1a: Ogerpon|move: Follow Me\n|move|p2b: Baxcalibur|Icicle Spear|p1a: Ogerpon\n|-resisted|p1a: Ogerpon\n|-damage|p1a: Ogerpon|94\/100\n|-resisted|p1a: Ogerpon\n|-damage|p1a: Ogerpon|87\/100\n|-resisted|p1a: Ogerpon\n|-damage|p1a: Ogerpon|80\/100\n|-resisted|p1a: Ogerpon\n|-damage|p1a: Ogerpon|74\/100\n|-resisted|p1a: Ogerpon\n|-damage|p1a: Ogerpon|67\/100\n|-hitcount|p1a: Ogerpon|5\n|move|p1b: Kommo-o|Drain Punch|p2b: Baxcalibur\n|-supereffective|p2b: Baxcalibur\n|-damage|p2b: Baxcalibur|0 fnt\n|-heal|p1b: Kommo-o|82\/100|[from] drain|[of] p2b: Baxcalibur\n|faint|p2b: Baxcalibur\n|\n|-sideend|p1: newbucket|move: Light Screen\n|upkeep\n|turn|10\n|c|\u2606newbucket|farig is too passive\n|-message|PhantomOrionVgc forfeited.\n|\n|win|newbucket\n|raw|newbucket's rating: 1244 &rarr; <strong>1273<\/strong><br \/>(+29 for winning)\n|raw|PhantomOrionVgc's rating: 1301 &rarr; <strong>1278<\/strong><br \/>(-23 for losing)\n","uploadtime":1700457654,"views":7,"p1id":"newbucket","p2id":"phantomorionvgc","formatid":"gen9vgc2023regulatione","rating":1273,"private":0,"password":""}