{"id":"gen9vgc2023regulatione-1999862983","p1":"secretstudent","p2":"123rock","format":"[Gen 9] VGC 2023 Regulation E","log":"|j|\u2606secretstudent\n|j|\u2606123rock\n|t:|1701123939\n|gametype|doubles\n|player|p1|secretstudent|beauty|1230\n|player|p2|123rock|2|1166\n|teamsize|p1|6\n|teamsize|p2|6\n|gen|9\n|tier|[Gen 9] VGC 2023 Regulation E\n|rated|\n|rule|Species Clause: Limit one of each Pok\u00e9mon\n|rule|Item Clause: Limit one of each item\n|clearpoke\n|poke|p1|Chien-Pao, L50|\n|poke|p1|Amoonguss, L50, M|\n|poke|p1|Hatterene, L50, F|\n|poke|p1|Gyarados, L50, F|\n|poke|p1|Volcarona, L50, M|\n|poke|p1|Ogerpon, L50, F|\n|poke|p2|Regieleki, L50|\n|poke|p2|Pelipper, L50, M|\n|poke|p2|Palafin, L50, M|\n|poke|p2|Dragapult, L50, M|\n|poke|p2|Farigiraf, L50, M|\n|poke|p2|Urshifu-*, L50, F|\n|teampreview|4\n|inactive|Battle timer is ON: inactive players will automatically lose when time's up. (requested by 123rock)\n123rock rejected open team sheets.\n|inactive|secretstudent has 60 seconds left.\n|\n|t:|1701124002\n|start\n|switch|p1a: Gyarados|Gyarados, L50, F|100\/100\n|switch|p1b: Hatterene|Hatterene, L50, F|100\/100\n|switch|p2a: Pelipper|Pelipper, L50, M|100\/100\n|switch|p2b: Regieleki|Regieleki, L50|100\/100\n|-ability|p1a: Gyarados|Intimidate|boost\n|-unboost|p2a: Pelipper|atk|1\n|-unboost|p2b: Regieleki|atk|1\n|-weather|RainDance|[from] ability: Drizzle|[of] p2a: Pelipper\n|turn|1\n|inactive|123rock has 30 seconds left.\n|\n|t:|1701124031\n|-terastallize|p1a: Gyarados|Ground\n|move|p2b: Regieleki|Thunder|p1b: Hatterene\n|-crit|p1b: Hatterene\n|-damage|p1b: Hatterene|4\/100\n|move|p1a: Gyarados|Waterfall|p2b: Regieleki\n|-damage|p2b: Regieleki|0 fnt\n|faint|p2b: Regieleki\n|move|p2a: Pelipper|Hurricane|p1b: Hatterene\n|-damage|p1b: Hatterene|0 fnt\n|faint|p1b: Hatterene\n|\n|-weather|RainDance|[upkeep]\n|upkeep\n|\n|t:|1701124044\n|switch|p2b: Palafin|Palafin, L50, M|100\/100\n|switch|p1b: Amoonguss|Amoonguss, L50, M|100\/100\n|turn|2\n|inactive|123rock has 30 seconds left.\n|\n|t:|1701124076\n|detailschange|p2b: Palafin|Palafin-Hero, L50, M\n|switch|p2b: Farigiraf|Farigiraf, L50, M|100\/100\n|move|p1a: Gyarados|Protect|p1a: Gyarados\n|-singleturn|p1a: Gyarados|Protect\n|move|p2a: Pelipper|Hurricane|p1a: Gyarados\n|-activate|p1a: Gyarados|move: Protect\n|move|p1b: Amoonguss|Spore|p2b: Farigiraf\n|-status|p2b: Farigiraf|slp|[from] move: Spore\n|\n|-weather|RainDance|[upkeep]\n|upkeep\n|turn|3\n|inactive|secretstudent has 30 seconds left.\n|\n|t:|1701124102\n|move|p1a: Gyarados|Waterfall|p2b: Farigiraf\n|-damage|p2b: Farigiraf|49\/100 slp\n|move|p2a: Pelipper|Hurricane|p1b: Amoonguss\n|-supereffective|p1b: Amoonguss\n|-damage|p1b: Amoonguss|31\/100\n|cant|p2b: Farigiraf|slp\n|move|p1b: Amoonguss|Spore|p2a: Pelipper\n|-status|p2a: Pelipper|slp|[from] move: Spore\n|\n|-weather|RainDance|[upkeep]\n|upkeep\n|turn|4\n|\n|t:|1701124121\n|switch|p1b: Ogerpon|Ogerpon, L50, F|100\/100\n|move|p1a: Gyarados|Waterfall|p2b: Farigiraf\n|-damage|p2b: Farigiraf|0 fnt\n|faint|p2b: Farigiraf\n|cant|p2a: Pelipper|slp\n|\n|-weather|RainDance|[upkeep]\n|upkeep\n|\n|t:|1701124128\n|switch|p2b: Palafin|Palafin-Hero, L50, M|100\/100\n|-activate|p2b: Palafin|ability: Zero to Hero\n|turn|5\n|\n|t:|1701124146\n|-terastallize|p2b: Palafin|Water\n|move|p2b: Palafin|Jet Punch|p1a: Gyarados\n|-supereffective|p1a: Gyarados\n|-damage|p1a: Gyarados|0 fnt\n|faint|p1a: Gyarados\n|move|p1b: Ogerpon|Ivy Cudgel|p2b: Palafin\n|-supereffective|p2b: Palafin\n|-damage|p2b: Palafin|0 fnt\n|faint|p2b: Palafin\n|-damage|p1b: Ogerpon|91\/100|[from] item: Life Orb\n|cant|p2a: Pelipper|slp\n|\n|-weather|RainDance|[upkeep]\n|upkeep\n|\n|t:|1701124151\n|switch|p1a: Amoonguss|Amoonguss, L50, M|65\/100\n|turn|6\n|\n|t:|1701124169\n|move|p1b: Ogerpon|Ivy Cudgel|p2a: Pelipper\n|-damage|p2a: Pelipper|35\/100 slp\n|-damage|p1b: Ogerpon|81\/100|[from] item: Life Orb\n|-curestatus|p2a: Pelipper|slp|[msg]\n|move|p2a: Pelipper|Hurricane|p1b: Ogerpon\n|-supereffective|p1b: Ogerpon\n|-damage|p1b: Ogerpon|0 fnt\n|faint|p1b: Ogerpon\n|move|p1a: Amoonguss|Spore|p2a: Pelipper\n|-status|p2a: Pelipper|slp|[from] move: Spore\n|\n|-weather|RainDance|[upkeep]\n|upkeep\n|turn|7\n|\n|t:|1701124184\n|cant|p2a: Pelipper|slp\n|move|p1a: Amoonguss|Pollen Puff|p2a: Pelipper\n|-resisted|p2a: Pelipper\n|-damage|p2a: Pelipper|25\/100 slp\n|\n|-weather|RainDance|[upkeep]\n|upkeep\n|turn|8\n|\n|t:|1701124192\n|cant|p2a: Pelipper|slp\n|move|p1a: Amoonguss|Pollen Puff|p2a: Pelipper\n|-resisted|p2a: Pelipper\n|-damage|p2a: Pelipper|16\/100 slp\n|\n|-weather|none\n|upkeep\n|turn|9\n|\n|t:|1701124200\n|cant|p2a: Pelipper|slp\n|move|p1a: Amoonguss|Pollen Puff|p2a: Pelipper\n|-resisted|p2a: Pelipper\n|-damage|p2a: Pelipper|7\/100 slp\n|\n|upkeep\n|turn|10\n|\n|t:|1701124208\n|-curestatus|p2a: Pelipper|slp|[msg]\n|move|p2a: Pelipper|Hurricane|p1a: Amoonguss|[miss]\n|-miss|p2a: Pelipper|p1a: Amoonguss\n|move|p1a: Amoonguss|Pollen Puff|p2a: Pelipper\n|-resisted|p2a: Pelipper\n|-damage|p2a: Pelipper|0 fnt\n|faint|p2a: Pelipper\n|\n|win|secretstudent\n|raw|secretstudent's rating: 1230 &rarr; <strong>1250<\/strong><br \/>(+20 for winning)\n|raw|123rock's rating: 1166 &rarr; <strong>1146<\/strong><br \/>(-20 for losing)\n","uploadtime":1701124215,"views":11,"p1id":"secretstudent","p2id":"123rock","formatid":"gen9vgc2023regulatione","rating":1146,"private":0,"password":""}