{"id":"gen9vgc2023regulatione-1999027354","p1":"lukromvgc","p2":"Veiv","format":"[Gen 9] VGC 2023 Regulation E","log":"|j|\u2606lukromvgc\n|j|\u2606Veiv\n|n|\u2606lukromvgc|lukromvgc\n|n|\u2606Veiv|veiv\n|html|View the match progress at <a href=\"\/game-bestof3-gen9vgc2023regulatione-1999023619\">game-bestof3-gen9vgc2023regulatione-1999023619<\/a>\n|t:|1701025375\n|gametype|doubles\n|player|p1|lukromvgc|bellelba|\n|player|p2|Veiv|cynthia-gen4|\n|teamsize|p1|6\n|teamsize|p2|6\n|gen|9\n|tier|[Gen 9] VGC 2023 Regulation E\n|rule|Species Clause: Limit one of each Pok\u00e9mon\n|rule|Item Clause: Limit one of each item\n|clearpoke\n|poke|p1|Lucario, L50, M|\n|poke|p1|Thundurus, L50, M|\n|poke|p1|Gengar, L50, F|\n|poke|p1|Toxicroak, L50, F|\n|poke|p1|Zoroark-Hisui, L50, M|\n|poke|p1|Greninja-*, L50, F|\n|poke|p2|Dondozo, L50, F|\n|poke|p2|Azelf, L50|\n|poke|p2|Charizard, L50, F|\n|poke|p2|Tornadus, L50, M|\n|poke|p2|Luxray, L50, F|\n|poke|p2|Zoroark-Hisui, L50, M|\n|teampreview|4\nVeiv has agreed to open team sheets.\nlukromvgc has agreed to open team sheets.\n|showteam|p1|Lucario||FocusSash|InnerFocus|Protect,BulletPunch,RockSlide,CloseCombat|||M|||50|,,,,,Water]Thundurus||MentalHerb|Prankster|WildboltStorm,ThunderWave,Taunt,EerieImpulse|||M|||50|,,,,,Ghost]Gengar||ChoiceScarf|CursedBody|ShadowBall,SludgeBomb,DazzlingGleam,Thunderbolt|||F|||50|,,,,,Dark]Toxicroak||AssaultVest|PoisonTouch|FakeOut,PoisonJab,DrainPunch,KnockOff|||F|||50|,,,,,Dark]Zoroark-Hisui||ThroatSpray|Illusion|Protect,HyperVoice,BitterMalice,IcyWind|||M|||50|,,,,,Ghost]Greninja||LifeOrb|Protean|HydroPump,TeraBlast,DarkPulse,Protect|||F|||50|,,,,,Ground\n|showteam|p2|Dondozo||Leftovers|Oblivious|Yawn,WaveCrash,Protect,OrderUp|||F|||50|,,,,,Dragon]Azelf||ChoiceBand|Levitate|Uturn,KnockOff,PsychoCut,Trick||||||50|,,,,,Electric]Charizard||LifeOrb|SolarPower|HeatWave,SolarBeam,Earthquake,Protect|||F|||50|,,,,,Dark]Tornadus||MentalHerb|Prankster|SunnyDay,Tailwind,Taunt,AirSlash|||M|||50|,,,,,Steel]Luxray||SitrusBerry|Intimidate|WildCharge,Protect,IceFang,PlayRough|||F|||50|,,,,,Grass]Zoroark-Hisui||FocusSash|Illusion|HyperVoice,ShadowBall,IcyWind,Protect|||M|||50|,,,,,Ghost\n|j| DubiousVGC\n|j| Kxroro\n|\n|t:|1701025663\n|start\n|switch|p1a: Thundurus|Thundurus, L50, M|100\/100\n|switch|p1b: Lucario|Lucario, L50, M|100\/100\n|switch|p2a: Dondozo|Dondozo, L50, F|100\/100\n|switch|p2b: Luxray|Luxray, L50, F|100\/100\n|-ability|p2b: Luxray|Intimidate|boost\n|-unboost|p1a: Thundurus|atk|1\n|-unboost|p1b: Lucario|atk|1\n|turn|1\n|\n|t:|1701025683\n|move|p1b: Lucario|Protect|p1b: Lucario\n|-singleturn|p1b: Lucario|Protect\n|move|p2a: Dondozo|Protect|p2a: Dondozo\n|-singleturn|p2a: Dondozo|Protect\n|move|p1a: Thundurus|Thunder Wave|p2a: Dondozo\n|-activate|p2a: Dondozo|move: Protect\n|move|p2b: Luxray|Ice Fang|p1a: Thundurus\n|-supereffective|p1a: Thundurus\n|-damage|p1a: Thundurus|52\/100\n|\n|upkeep\n|turn|2\n|j| Bamyan\n|l|bamyan\n|j| Flexing Val\n|\n|t:|1701025748\n|-terastallize|p2a: Dondozo|Dragon\n|move|p1b: Lucario|Hyper Voice|p2a: Dondozo|[spread] p2a,p2b\n|-damage|p2a: Dondozo|78\/100\n|-damage|p2b: Luxray|65\/100\n|-enditem|p1b: Lucario|Throat Spray\n|-boost|p1b: Lucario|spa|1|[from] item: Throat Spray\n|move|p1a: Thundurus|Wildbolt Storm|p2a: Dondozo|[spread] p2a,p2b\n|-resisted|p2a: Dondozo\n|-resisted|p2b: Luxray\n|-damage|p2a: Dondozo|68\/100\n|-damage|p2b: Luxray|47\/100\n|-enditem|p2b: Luxray|Sitrus Berry|[eat]\n|-heal|p2b: Luxray|72\/100|[from] item: Sitrus Berry\n|move|p2b: Luxray|Ice Fang|p1a: Thundurus\n|-supereffective|p1a: Thundurus\n|-damage|p1a: Thundurus|7\/100\n|move|p2a: Dondozo|Yawn|p1b: Lucario\n|-start|p1b: Lucario|move: Yawn|[of] p2a: Dondozo\n|\n|-heal|p2a: Dondozo|74\/100|[from] item: Leftovers\n|upkeep\n|turn|3\n|c| Kxroro|il famoso lucario hyper voice\n|\n|t:|1701025788\n|move|p1a: Thundurus|Thunder Wave|p2a: Dondozo|[miss]\n|-miss|p1a: Thundurus|p2a: Dondozo\n|move|p1b: Lucario|Hyper Voice|p2b: Luxray|[spread] p2a,p2b\n|-crit|p2b: Luxray\n|-damage|p2a: Dondozo|41\/100\n|-damage|p2b: Luxray|0 fnt\n|faint|p2b: Luxray\n|move|p2a: Dondozo|Order Up|p1b: Lucario\n|-damage|p1b: Lucario|42\/100\n|replace|p1b: Zoroark|Zoroark-Hisui, L50, M, shiny\n|-end|p1b: Zoroark|Illusion\n|\n|-heal|p2a: Dondozo|47\/100|[from] item: Leftovers\n|-end|p1b: Zoroark|move: Yawn|[silent]\n|-status|p1b: Zoroark|slp\n|upkeep\n|\n|t:|1701025815\n|switch|p2b: Charizard|Charizard, L50, F|100\/100\n|turn|4\n|\n|t:|1701025835\n|cant|p1b: Zoroark|slp\n|move|p1a: Thundurus|Thunder Wave|p2b: Charizard\n|-status|p2b: Charizard|par\n|move|p2b: Charizard|Heat Wave|p1a: Thundurus|[spread] p1a,p1b\n|-damage|p1a: Thundurus|0 fnt\n|-damage|p1b: Zoroark|0 fnt\n|faint|p1a: Thundurus\n|faint|p1b: Zoroark\n|-damage|p2b: Charizard|91\/100 par|[from] item: Life Orb\n|move|p2a: Dondozo|Order Up|p1: Thundurus|[notarget]\n|-fail|p2a: Dondozo\n|\n|-heal|p2a: Dondozo|54\/100|[from] item: Leftovers\n|upkeep\n|\n|t:|1701025841\n|switch|p1b: Lucario|Lucario, L50, M|100\/100\n|switch|p1a: Toxicroak|Toxicroak, L50, F|100\/100\n|turn|5\n|\n|t:|1701025868\n|switch|p2a: Tornadus|Tornadus, L50, M|100\/100\n|move|p1a: Toxicroak|Fake Out|p2a: Tornadus\n|-damage|p2a: Tornadus|83\/100\n|move|p1b: Lucario|Rock Slide|p2b: Charizard|[spread] p2a,p2b\n|-supereffective|p2a: Tornadus\n|-supereffective|p2b: Charizard\n|-damage|p2a: Tornadus|26\/100\n|-damage|p2b: Charizard|0 fnt\n|faint|p2b: Charizard\n|\n|upkeep\n|\n|t:|1701025879\n|switch|p2b: Dondozo|Dondozo, L50, F, tera:Dragon|54\/100\n|turn|6\n|\n|t:|1701025891\n|-terastallize|p1a: Toxicroak|Dark\n|move|p1b: Lucario|Bullet Punch|p2a: Tornadus\n|-damage|p2a: Tornadus|0 fnt\n|faint|p2a: Tornadus\n|move|p1a: Toxicroak|Poison Jab|p2b: Dondozo\n|-damage|p2b: Dondozo|33\/100\n|move|p2b: Dondozo|Order Up|p1b: Lucario\n|-resisted|p1b: Lucario\n|-damage|p1b: Lucario|77\/100\n|\n|-heal|p2b: Dondozo|40\/100|[from] item: Leftovers\n|upkeep\n|turn|7\n|-message|Veiv forfeited.\n|\n|win|lukromvgc\n|c| DubiousVGC|gas\n|l| Flexing Val\n|j| nightcoreee\n|j| HH mEMA\n|l|\u2606Veiv\n","uploadtime":1701025956,"views":6,"p1id":"lukromvgc","p2id":"veiv","formatid":"gen9vgc2023regulatione","rating":0,"private":0,"password":""}