{"id":"gen9vgc2023regulatione-2000141148","p1":"aaooa","p2":"peytania10","format":"[Gen 9] VGC 2023 Regulation E","log":"|j|\u2606aaooa\n|j|\u2606peytania10\n|t:|1701162032\n|gametype|doubles\n|player|p1|aaooa|265|1110\n|player|p2|peytania10|bellelba|1064\n|teamsize|p1|6\n|teamsize|p2|6\n|gen|9\n|tier|[Gen 9] VGC 2023 Regulation E\n|rated|\n|rule|Species Clause: Limit one of each Pok\u00e9mon\n|rule|Item Clause: Limit one of each item\n|clearpoke\n|poke|p1|Weezing-Galar, L50, F|\n|poke|p1|Slaking, L50, F|\n|poke|p1|Koffing, L50, M|\n|poke|p1|Iron Bundle, L50|\n|poke|p1|Toedscruel, L50, F|\n|poke|p1|Flutter Mane, L50|\n|poke|p2|Ogerpon-Hearthflame, L50, F|\n|poke|p2|Flutter Mane, L50|\n|poke|p2|Torkoal, L50, M|\n|poke|p2|Lilligant-Hisui, L50, F|\n|poke|p2|Brute Bonnet, L50|\n|poke|p2|Trevenant, L50, M|\n|teampreview|4\n|\n|t:|1701162095\n|start\n|switch|p1a: Iron Bundle|Iron Bundle, L50|100\/100\n|switch|p1b: Koffing|Koffing, L50, M|100\/100\n|switch|p2a: Lilligant|Lilligant-Hisui, L50, F, shiny|100\/100\n|switch|p2b: Torkoal|Torkoal, L50, M|100\/100\n|-ability|p1b: Koffing|Neutralizing Gas\n|-enditem|p1a: Iron Bundle|Booster Energy\n|-activate|p1a: Iron Bundle|ability: Quark Drive|[fromitem]\n|-start|p1a: Iron Bundle|quarkdrivespa\n|turn|1\n|\n|t:|1701162151\n|-terastallize|p1a: Iron Bundle|Ghost\n|move|p1a: Iron Bundle|Hydro Pump|p2b: Torkoal\n|-supereffective|p2b: Torkoal\n|-damage|p2b: Torkoal|0 fnt\n|faint|p2b: Torkoal\n|move|p2a: Lilligant|Pollen Puff|p1b: Koffing\n|-resisted|p1b: Koffing\n|-crit|p1b: Koffing\n|-damage|p1b: Koffing|91\/100\n|move|p1b: Koffing|Will-O-Wisp|p2a: Lilligant\n|-status|p2a: Lilligant|brn\n|\n|-damage|p2a: Lilligant|94\/100 brn|[from] brn\n|upkeep\n|\n|t:|1701162182\n|switch|p2b: Flutter Mane|Flutter Mane, L50|100\/100\n|turn|2\n|\n|t:|1701162214\n|-end|p1a: Iron Bundle|Quark Drive|[silent]\n|switch|p1a: Slaking|Slaking, L50, F|100\/100\n|move|p2b: Flutter Mane|Shadow Ball|p1b: Koffing\n|-damage|p1b: Koffing|20\/100\n|move|p2a: Lilligant|Pollen Puff|p1a: Slaking\n|-damage|p1a: Slaking|88\/100\n|move|p1b: Koffing|Pain Split|p2a: Lilligant\n|-sethp|p2a: Lilligant|54\/100 brn|[from] move: Pain Split|[silent]\n|-sethp|p1b: Koffing|82\/100|[from] move: Pain Split\n|\n|-damage|p2a: Lilligant|47\/100 brn|[from] brn\n|upkeep\n|turn|3\n|\n|t:|1701162251\n|move|p1b: Koffing|Protect|p1b: Koffing\n|-singleturn|p1b: Koffing|Protect\n|move|p2b: Flutter Mane|Shadow Ball|p1b: Koffing\n|-activate|p1b: Koffing|move: Protect\n|move|p1a: Slaking|Rock Slide|p2b: Flutter Mane|[spread] p2a,p2b\n|-resisted|p2a: Lilligant\n|-damage|p2a: Lilligant|30\/100 brn\n|-damage|p2b: Flutter Mane|54\/100\n|-damage|p1a: Slaking|78\/100|[from] item: Life Orb\n|move|p2a: Lilligant|Pollen Puff|p1b: Koffing\n|-activate|p1b: Koffing|move: Protect\n|\n|-damage|p2a: Lilligant|24\/100 brn|[from] brn\n|upkeep\n|turn|4\n|\n|t:|1701162294\n|switch|p2a: Ogerpon|Ogerpon-Hearthflame, L50, F|100\/100\n|-end|p1b: Koffing|ability: Neutralizing Gas\n|-ability|p2a: Ogerpon|Mold Breaker\n|switch|p1b: Flutter Mane|Flutter Mane, L50|100\/100\n|move|p2b: Flutter Mane|Shadow Ball|p1b: Flutter Mane\n|-supereffective|p1b: Flutter Mane\n|-enditem|p1b: Flutter Mane|Focus Sash\n|-damage|p1b: Flutter Mane|1\/100\n|move|p1a: Slaking|Rock Slide|p2a: Ogerpon|[spread] p2a,p2b\n|-supereffective|p2a: Ogerpon\n|-damage|p2a: Ogerpon|13\/100\n|-damage|p2b: Flutter Mane|10\/100\n|-damage|p1a: Slaking|68\/100|[from] item: Life Orb\n|\n|upkeep\n|turn|5\n|\n|t:|1701162326\n|-end|p1b: Flutter Mane|Protosynthesis|[silent]\n|switch|p1b: Koffing|Koffing, L50, M|82\/100\n|-ability|p1b: Koffing|Neutralizing Gas\n|move|p1a: Slaking|Sucker Punch|p2b: Flutter Mane\n|-damage|p2b: Flutter Mane|0 fnt\n|faint|p2b: Flutter Mane\n|-end|p2b: Flutter Mane|Protosynthesis|[silent]\n|-damage|p1a: Slaking|59\/100|[from] item: Life Orb\n|move|p2a: Ogerpon|Horn Leech|p1a: Slaking\n|-damage|p1a: Slaking|21\/100\n|-heal|p2a: Ogerpon|40\/100|[from] drain|[of] p1a: Slaking\n|\n|upkeep\n|\n|t:|1701162340\n|switch|p2b: Lilligant|Lilligant-Hisui, L50, F, shiny|24\/100 brn\n|turn|6\n|\n|t:|1701162363\n|-terastallize|p2a: Ogerpon|Fire\n|detailschange|p2a: Ogerpon|Ogerpon-Hearthflame-Tera, L50, F, tera:Fire\n|move|p2b: Lilligant|Protect|p2b: Lilligant\n|-singleturn|p2b: Lilligant|Protect\n|move|p1a: Slaking|Sucker Punch|p2a: Ogerpon\n|-damage|p2a: Ogerpon|0 fnt\n|faint|p2a: Ogerpon\n|-damage|p1a: Slaking|12\/100|[from] item: Life Orb\n|move|p1b: Koffing|Stockpile|p1b: Koffing\n|-start|p1b: Koffing|stockpile1\n|-boost|p1b: Koffing|def|1\n|-boost|p1b: Koffing|spd|1\n|\n|-damage|p2b: Lilligant|17\/100 brn|[from] brn\n|upkeep\n|turn|7\n|l|\u2606peytania10\n|player|p2|\n|inactive|Battle timer is ON: inactive players will automatically lose when time's up. (requested by aaooa)\n|inactive|peytania10 has 30 seconds to reconnect!\n|inactive|peytania10 has 20 seconds to reconnect!\n|inactive|peytania10 has 15 seconds to reconnect!\n|inactive|peytania10 has 10 seconds to reconnect!\n|inactive|peytania10 has 5 seconds to reconnect!\n|-message|peytania10 lost due to inactivity.\n|\n|win|aaooa\n|raw|aaooa's rating: 1110 &rarr; <strong>1132<\/strong><br \/>(+22 for winning)\n|raw|peytania10's rating: 1064 &rarr; <strong>1047<\/strong><br \/>(-17 for losing)\n","uploadtime":1701162579,"views":3,"p1id":"aaooa","p2id":"peytania10","formatid":"gen9vgc2023regulatione","rating":1047,"private":0,"password":""}