{"id":"gen9vgc2023regulatione-1996416249","p1":"JaredOtaku","p2":"pepito135","format":"[Gen 9] VGC 2023 Regulation E","log":"|j|\u2606JaredOtaku\n|j|\u2606pepito135\n|t:|1700679913\n|gametype|doubles\n|player|p1|JaredOtaku|266|1106\n|player|p2|pepito135|266|1146\n|teamsize|p1|6\n|teamsize|p2|6\n|gen|9\n|tier|[Gen 9] VGC 2023 Regulation E\n|rated|\n|rule|Species Clause: Limit one of each Pok\u00e9mon\n|rule|Item Clause: Limit one of each item\n|clearpoke\n|poke|p1|Sinistcha, L50|\n|poke|p1|Snorlax, L50, F|\n|poke|p1|Cresselia, L50, F|\n|poke|p1|Landorus-Therian, L50, M|\n|poke|p1|Torkoal, L50, F|\n|poke|p1|Chien-Pao, L50|\n|poke|p2|Flutter Mane, L50|\n|poke|p2|Azelf, L50|\n|poke|p2|Brambleghast, L50, M|\n|poke|p2|Volbeat, L50, M|\n|poke|p2|Arcanine-Hisui, L50, M|\n|poke|p2|Iron Hands, L50|\n|teampreview|4\n|\n|t:|1700679935\n|start\n|switch|p1a: Snorlax|Snorlax, L50, F|100\/100\n|switch|p1b: Cresselia|Cresselia, L50, F|100\/100\n|switch|p2a: Flutter Mane|Flutter Mane, L50|100\/100\n|switch|p2b: Volbeat|Volbeat, L50, M|100\/100\n|turn|1\n|\n|t:|1700679951\n|move|p2b: Volbeat|Taunt|p1a: Snorlax\n|-start|p1a: Snorlax|move: Taunt\n|move|p2a: Flutter Mane|Imprison|p2a: Flutter Mane\n|-start|p2a: Flutter Mane|move: Imprison\n|cant|p1a: Snorlax|move: Taunt|Belly Drum\n|cant|p1b: Cresselia|move: Imprison|Trick Room\n|\n|upkeep\n|turn|2\n|\n|t:|1700680016\n|switch|p1b: Sinistcha|Sinistcha, L50|100\/100\n|switch|p1a: Chien-Pao|Chien-Pao, L50|100\/100\n|-ability|p1a: Chien-Pao|Sword of Ruin\n|move|p2b: Volbeat|Taunt|p1b: Sinistcha\n|-start|p1b: Sinistcha|move: Taunt\n|-enditem|p1b: Sinistcha|Mental Herb\n|-end|p1b: Sinistcha|move: Taunt\n|move|p2a: Flutter Mane|Shadow Ball|p1b: Sinistcha\n|-supereffective|p1b: Sinistcha\n|-damage|p1b: Sinistcha|2\/100\n|\n|upkeep\n|turn|3\n|\n|t:|1700680044\n|switch|p1b: Snorlax|Snorlax, L50, F|100\/100\n|-terastallize|p2a: Flutter Mane|Fairy\n|move|p1a: Chien-Pao|Sucker Punch|p2a: Flutter Mane\n|-resisted|p2a: Flutter Mane\n|-damage|p2a: Flutter Mane|44\/100\n|move|p2a: Flutter Mane|Dazzling Gleam|p1b: Snorlax|[spread] p1a,p1b\n|-supereffective|p1a: Chien-Pao\n|-enditem|p1a: Chien-Pao|Focus Sash\n|-damage|p1a: Chien-Pao|1\/100\n|-damage|p1b: Snorlax|75\/100\n|move|p2b: Volbeat|Lunge|p1a: Chien-Pao\n|-supereffective|p1a: Chien-Pao\n|-damage|p1a: Chien-Pao|0 fnt\n|faint|p1a: Chien-Pao\n|\n|upkeep\n|\n|t:|1700680060\n|switch|p1a: Sinistcha|Sinistcha, L50|2\/100\n|-heal|p1b: Snorlax|99\/100|[from] ability: Hospitality|[of] p1a: Sinistcha\n|turn|4\n|\n|t:|1700680074\n|move|p1b: Snorlax|Protect|p1b: Snorlax\n|-singleturn|p1b: Snorlax|Protect\n|move|p2b: Volbeat|Taunt|p1b: Snorlax\n|-activate|p1b: Snorlax|move: Protect\n|move|p2a: Flutter Mane|Dazzling Gleam|p1b: Snorlax|[spread] p1a\n|-activate|p1b: Snorlax|move: Protect\n|-damage|p1a: Sinistcha|0 fnt\n|faint|p1a: Sinistcha\n|\n|upkeep\n|\n|t:|1700680086\n|switch|p1a: Cresselia|Cresselia, L50, F|100\/100\n|turn|5\n|-message|JaredOtaku forfeited.\n|\n|win|pepito135\n|raw|JaredOtaku's rating: 1106 &rarr; <strong>1084<\/strong><br \/>(-22 for losing)\n|raw|pepito135's rating: 1146 &rarr; <strong>1168<\/strong><br \/>(+22 for winning)\n|l|\u2606JaredOtaku\n","uploadtime":1700680115,"views":4,"p1id":"jaredotaku","p2id":"pepito135","formatid":"gen9vgc2023regulatione","rating":1084,"private":0,"password":""}