{"id":"gen9vgc2023regulatione-1991572824","p1":"Salivadora","p2":"Owebbb","format":"[Gen 9] VGC 2023 Regulation E","log":"|j|\u2606Salivadora\n|j|\u2606Owebbb\n|n|\u2606Salivadora|salivadora\n|n|\u2606Owebbb|owebbb\n|html|View the match progress at <a href=\"\/game-bestof3-gen9vgc2023regulatione-1991572823\">game-bestof3-gen9vgc2023regulatione-1991572823<\/a>\n|t:|1700089756\n|gametype|doubles\n|player|p1|Salivadora|colress|\n|player|p2|Owebbb|1|\n|teamsize|p1|6\n|teamsize|p2|6\n|gen|9\n|tier|[Gen 9] VGC 2023 Regulation E\n|rule|Species Clause: Limit one of each Pok\u00e9mon\n|rule|Item Clause: Limit one of each item\n|clearpoke\n|poke|p1|Iron Hands, L50|\n|poke|p1|Iron Bundle, L50|\n|poke|p1|Moltres-Galar, L50|\n|poke|p1|Klefki, L50, M|\n|poke|p1|Wyrdeer, L50, F|\n|poke|p1|Brambleghast, L50, M|\n|poke|p2|Urshifu-*, L50, F|\n|poke|p2|Heatran, L50, F|\n|poke|p2|Toxtricity, L50, F|\n|poke|p2|Toedscool, L50, F|\n|poke|p2|Zapdos-Galar, L50|\n|poke|p2|Stonjourner, L50, M|\n|teampreview|4\n|c|\u2606Owebbb|https:\/\/pokepast.es\/6d2b098d5f0c361f\n|c|\u2606Salivadora|fuck i forgot my tera sheet\n|c|\u2606Owebbb|if you want to make it rq we can restart the battle when your done\n|c|\u2606Salivadora|hands: Dragon, Bundle: Ghost, Moltres: Poison, Klefki: Ghost, Wyrdeer: fairy, Brambleghast, Grass\n|c|\u2606Owebbb|ok\n|c|\u2606Salivadora|you good with spectators?\n|c|\u2606Owebbb|i dont care\n|j| 42beets\n|c|\u2606Salivadora|alright glhf!\n|j| ML Lacius\n|c|\u2606Owebbb|glhf\n|j| Raikia\n|\n|t:|1700089900\n|start\n|switch|p1a: New Gold|Iron Hands, L50|100\/100\n|switch|p1b: Empire Ants|Iron Bundle, L50|100\/100\n|switch|p2a: Stonjourner|Stonjourner, L50, M|100\/100\n|switch|p2b: Toxtricity|Toxtricity, L50, F|100\/100\n|turn|1\n|j| JabsGR\n|j| TreeDolphin\n|c| Raikia|very openly going to root for sal bc hes also using the colress avatar\n|\n|t:|1700089924\n|move|p1a: New Gold|Fake Out|p2b: Toxtricity\n|-damage|p2b: Toxtricity|81\/100\n|move|p1b: Empire Ants|Icy Wind|p2b: Toxtricity|[spread] p2a,p2b\n|-damage|p2a: Stonjourner|50\/100\n|-damage|p2b: Toxtricity|53\/100\n|-unboost|p2a: Stonjourner|spe|1\n|move|p2b: Toxtricity|Overdrive|p1b: Empire Ants|[spread] p1a,p1b\n|-resisted|p1a: New Gold\n|-supereffective|p1b: Empire Ants\n|-damage|p1a: New Gold|88\/100\n|-enditem|p1b: Empire Ants|Focus Sash\n|-damage|p1b: Empire Ants|1\/100\n|move|p2a: Stonjourner|Rock Slide|p1a: New Gold|[spread] p1a,p1b\n|-resisted|p1a: New Gold\n|-supereffective|p1b: Empire Ants\n|-damage|p1a: New Gold|80\/100\n|-damage|p1b: Empire Ants|0 fnt\n|faint|p1b: Empire Ants\n|-end|p1b: Empire Ants|Quark Drive|[silent]\n|\n|-heal|p2a: Stonjourner|56\/100|[from] item: Leftovers\n|upkeep\n|j| sleepzey\n|j| deathbane98\n|c| sleepzey|im excite dto see stonjourner used\\\n|\n|t:|1700089941\n|switch|p1b: Saturnz Barz|Klefki, L50, M|100\/100\n|turn|2\n|j| Lkynmbr24\n|j| Luckiest Ludicolo\n|\n|t:|1700089956\n|move|p2a: Stonjourner|Protect|p2a: Stonjourner\n|-singleturn|p2a: Stonjourner|Protect\n|move|p1b: Saturnz Barz|Light Screen|p1b: Saturnz Barz\n|-sidestart|p1: Salivadora|move: Light Screen\n|move|p2b: Toxtricity|Overdrive|p1b: Saturnz Barz|[spread] p1a,p1b\n|-resisted|p1a: New Gold\n|-damage|p1a: New Gold|70\/100\n|-damage|p1b: Saturnz Barz|69\/100\n|move|p1a: New Gold|Drain Punch|p2a: Stonjourner\n|-activate|p2a: Stonjourner|move: Protect\n|\n|-heal|p2a: Stonjourner|61\/100|[from] item: Leftovers\n|upkeep\n|turn|3\n|c| deathbane98|That\u2019s weird, why did a poison forg and Stonehenge just attack sam sulek and a penguin\n|j| KeanuVGC\n|\n|t:|1700089979\n|-terastallize|p2b: Toxtricity|Normal\n|move|p2a: Stonjourner|Wide Guard|p2a: Stonjourner\n|-singleturn|p2a: Stonjourner|Wide Guard\n|move|p1b: Saturnz Barz|Dazzling Gleam|p2b: Toxtricity|[spread] \n|-activate|p2a: Stonjourner|move: Wide Guard\n|-activate|p2b: Toxtricity|move: Wide Guard\n|move|p2b: Toxtricity|Boomburst|p1b: Saturnz Barz|[spread] p1a,p1b\n|-activate|p2a: Stonjourner|move: Wide Guard\n|-resisted|p1b: Saturnz Barz\n|-damage|p1a: New Gold|39\/100\n|-damage|p1b: Saturnz Barz|39\/100\n|move|p1a: New Gold|Drain Punch|p2a: Stonjourner\n|-supereffective|p2a: Stonjourner\n|-damage|p2a: Stonjourner|17\/100\n|-heal|p1a: New Gold|59\/100|[from] drain|[of] p2a: Stonjourner\n|\n|-heal|p2a: Stonjourner|23\/100|[from] item: Leftovers\n|upkeep\n|turn|4\n|c| KeanuVGC|\u2026\n|\n|t:|1700090004\n|move|p1b: Saturnz Barz|Thunder Wave|p2b: Toxtricity\n|-status|p2b: Toxtricity|par\n|move|p1a: New Gold|Drain Punch|p2b: Toxtricity\n|-supereffective|p2b: Toxtricity\n|-damage|p2b: Toxtricity|0 fnt\n|-heal|p1a: New Gold|79\/100|[from] drain|[of] p2b: Toxtricity\n|faint|p2b: Toxtricity\n|move|p2a: Stonjourner|Rock Slide|p1b: Saturnz Barz|[spread] p1a,p1b\n|-resisted|p1a: New Gold\n|-resisted|p1b: Saturnz Barz\n|-damage|p1a: New Gold|70\/100\n|-damage|p1b: Saturnz Barz|26\/100\n|\n|-heal|p2a: Stonjourner|29\/100|[from] item: Leftovers\n|upkeep\n|j| Huxley187\n|c| Luckiest Ludicolo|Wide Guard protecting from the teammate's Boomburst is such a cool interaction\n|c|\u2606Salivadora|didnt know that\n|\n|t:|1700090038\n|switch|p2b: Urshifu|Urshifu-Rapid-Strike, L50, F|100\/100\n|turn|5\n|l| TreeDolphin\n|\n|t:|1700090046\n|move|p2b: Urshifu|Aqua Jet|p1b: Saturnz Barz\n|-damage|p1b: Saturnz Barz|0 fnt\n|faint|p1b: Saturnz Barz\n|move|p1a: New Gold|Wild Charge|p2b: Urshifu\n|-supereffective|p2b: Urshifu\n|-damage|p2b: Urshifu|0 fnt\n|faint|p2b: Urshifu\n|-damage|p1a: New Gold|52\/100|[from] Recoil\n|move|p2a: Stonjourner|High Horsepower|p1a: New Gold\n|-supereffective|p1a: New Gold\n|-damage|p1a: New Gold|14\/100\n|\n|-heal|p2a: Stonjourner|34\/100|[from] item: Leftovers\n|upkeep\n|\n|t:|1700090052\n|switch|p2b: Heatran|Heatran, L50, F|100\/100\n|switch|p1b: Feel Good Inc.|Moltres-Galar, L50|100\/100\n|turn|6\n|\n|t:|1700090072\n|-terastallize|p1b: Feel Good Inc.|Poison\n|move|p2a: Stonjourner|Protect|p2a: Stonjourner\n|-singleturn|p2a: Stonjourner|Protect\n|move|p1b: Feel Good Inc.|Nasty Plot|p1b: Feel Good Inc.\n|-boost|p1b: Feel Good Inc.|spa|2\n|move|p2b: Heatran|Heat Wave|p1a: New Gold|[spread] p1a,p1b\n|-damage|p1a: New Gold|0 fnt\n|-damage|p1b: Feel Good Inc.|74\/100\n|faint|p1a: New Gold\n|-end|p1a: New Gold|Quark Drive|[silent]\n|\n|-heal|p2a: Stonjourner|40\/100|[from] item: Leftovers\n|upkeep\n|turn|7\n|j| TreeDolphin\n|l| TreeDolphin\n|\n|t:|1700090089\n|move|p1b: Feel Good Inc.|Fiery Wrath|p2b: Heatran|[spread] p2a,p2b\n|-damage|p2a: Stonjourner|0 fnt\n|-damage|p2b: Heatran|70\/100\n|faint|p2a: Stonjourner\n|move|p2b: Heatran|Heavy Slam|p1b: Feel Good Inc.\n|-damage|p1b: Feel Good Inc.|41\/100\n|-ability|p1b: Feel Good Inc.|Berserk|boost\n|-boost|p1b: Feel Good Inc.|spa|1\n|-enditem|p1b: Feel Good Inc.|Sitrus Berry|[eat]\n|-heal|p1b: Feel Good Inc.|66\/100|[from] item: Sitrus Berry\n|\n|upkeep\n|turn|8\n|\n|t:|1700090116\n|move|p1b: Feel Good Inc.|Fiery Wrath|p2b: Heatran\n|-damage|p2b: Heatran|20\/100\n|cant|p2b: Heatran|flinch\n|\n|upkeep\n|turn|9\n|\n|t:|1700090124\n|move|p1b: Feel Good Inc.|Fiery Wrath|p2b: Heatran\n|-damage|p2b: Heatran|0 fnt\n|faint|p2b: Heatran\n|\n|win|Salivadora\n|c|&|\/uhtml prompt-owebbb,Owebbb is ready for game 2!\n|l| deathbane98\n|c|&|\/uhtml prompt-salivadora,Salivadora is ready for game 2!\nBoth players are ready! Starting next match!\n|l| Huxley187\n|l| KeanuVGC\n|player|p1|Salivadora|colress\n|l| sleepzey\n|l| ML Lacius\n|l| Luckiest Ludicolo\n|l| 42beets\n|l| Raikia\n|l| Lkynmbr24\n|j| Lkynmbr24\n|j| Omega_Jirachi\n|l| Lkynmbr24\n|l| Omega_Jirachi\n|l| JabsGR\n|j| ML Lacius\n|l| ML Lacius\n","uploadtime":1700090624,"views":12,"p1id":"salivadora","p2id":"owebbb","formatid":"gen9vgc2023regulatione","rating":0,"private":0,"password":""}