{"id":"gen9vgc2023regulatione-1994309642","p1":"misterkk","p2":"NekrosM0S","format":"[Gen 9] VGC 2023 Regulation E","log":"|j|\u2606misterkk\n|j|\u2606NekrosM0S\n|t:|1700429616\n|gametype|doubles\n|player|p1|misterkk|266|1327\n|player|p2|NekrosM0S|colress|1222\n|teamsize|p1|6\n|teamsize|p2|6\n|gen|9\n|tier|[Gen 9] VGC 2023 Regulation E\n|rated|\n|rule|Species Clause: Limit one of each Pok\u00e9mon\n|rule|Item Clause: Limit one of each item\n|clearpoke\n|poke|p1|Dusclops, L50, F|\n|poke|p1|Dragalge, L50, F|\n|poke|p1|Ursaluna-Bloodmoon, L50, M|\n|poke|p1|Dragapult, L50, M|\n|poke|p1|Iron Hands, L50|\n|poke|p1|Heatran, L50, M|\n|poke|p2|Iron Moth, L50|\n|poke|p2|Flutter Mane, L50|\n|poke|p2|Iron Hands, L50|\n|poke|p2|Landorus-Therian, L50, M|\n|poke|p2|Ogerpon-Wellspring, L50, F|\n|poke|p2|Gholdengo, L50|\n|teampreview|4\n|inactive|Battle timer is ON: inactive players will automatically lose when time's up. (requested by misterkk)\n|inactive|misterkk has 60 seconds left.\n|inactive|misterkk has 30 seconds left.\n|inactive|misterkk has 20 seconds left.\n|inactive|misterkk has 15 seconds left.\n|\n|t:|1700429701\n|start\n|switch|p1a: Dusclops|Dusclops, L50, F|100\/100\n|switch|p1b: Heatran|Heatran, L50, M|100\/100\n|switch|p2a: Gholdengo|Gholdengo, L50|100\/100\n|switch|p2b: Iron Hands|Iron Hands, L50, shiny|100\/100\n|-ability|p1a: Dusclops|Pressure\n|turn|1\n|\n|t:|1700429719\n|-terastallize|p2a: Gholdengo|Dragon\n|move|p1b: Heatran|Heat Wave|p2b: Iron Hands|[spread] p2b\n|-miss|p1b: Heatran|p2a: Gholdengo\n|-damage|p2b: Iron Hands|83\/100\n|move|p2a: Gholdengo|Nasty Plot|p2a: Gholdengo\n|-boost|p2a: Gholdengo|spa|2\n|move|p2b: Iron Hands|Heavy Slam|p1b: Heatran\n|-resisted|p1b: Heatran\n|-damage|p1b: Heatran|97\/100\n|move|p1a: Dusclops|Trick Room|p1a: Dusclops\n|-fieldstart|move: Trick Room|[of] p1a: Dusclops\n|\n|-heal|p1b: Heatran|100\/100|[from] item: Leftovers\n|upkeep\n|turn|2\n|\n|t:|1700429741\n|-end|p2b: Iron Hands|Quark Drive|[silent]\n|switch|p2b: Landorus|Landorus-Therian, L50, M|100\/100\n|-ability|p2b: Landorus|Intimidate|boost\n|-unboost|p1a: Dusclops|atk|1\n|-unboost|p1b: Heatran|atk|1\n|move|p1a: Dusclops|Will-O-Wisp|p2b: Landorus\n|-status|p2b: Landorus|brn\n|move|p2a: Gholdengo|Make It Rain|p1a: Dusclops|[spread] p1a,p1b\n|-resisted|p1b: Heatran\n|-crit|p1b: Heatran\n|-damage|p1a: Dusclops|45\/100\n|-damage|p1b: Heatran|70\/100\n|-unboost|p2a: Gholdengo|spa|1\n|move|p1b: Heatran|Flash Cannon|p2a: Gholdengo\n|-damage|p2a: Gholdengo|58\/100\n|-unboost|p2a: Gholdengo|spd|1\n|\n|-heal|p2a: Gholdengo|64\/100|[from] item: Leftovers\n|-heal|p1b: Heatran|76\/100|[from] item: Leftovers\n|-damage|p2b: Landorus|94\/100 brn|[from] brn\n|upkeep\n|turn|3\n|inactive|misterkk has 30 seconds left.\n|inactive|NekrosM0S has 30 seconds left.\n|inactive|misterkk has 20 seconds left.\n|\n|t:|1700429779\n|move|p2a: Gholdengo|Protect|p2a: Gholdengo\n|-singleturn|p2a: Gholdengo|Protect\n|move|p1b: Heatran|Protect|p1b: Heatran\n|-singleturn|p1b: Heatran|Protect\n|move|p1a: Dusclops|Night Shade|p2b: Landorus\n|-damage|p2b: Landorus|64\/100 brn\n|move|p2b: Landorus|Stomping Tantrum|p1b: Heatran\n|-activate|p1b: Heatran|move: Protect\n|\n|-heal|p2a: Gholdengo|70\/100|[from] item: Leftovers\n|-heal|p1b: Heatran|82\/100|[from] item: Leftovers\n|-damage|p2b: Landorus|58\/100 brn|[from] brn\n|upkeep\n|turn|4\n|\n|t:|1700429798\n|move|p1a: Dusclops|Night Shade|p2a: Gholdengo\n|-damage|p2a: Gholdengo|42\/100\n|move|p2a: Gholdengo|Nasty Plot|p2a: Gholdengo\n|-boost|p2a: Gholdengo|spa|2\n|move|p1b: Heatran|Flash Cannon|p2a: Gholdengo\n|-damage|p2a: Gholdengo|0 fnt\n|faint|p2a: Gholdengo\n|move|p2b: Landorus|Stomping Tantrum|p1b: Heatran\n|-supereffective|p1b: Heatran\n|-damage|p1b: Heatran|8\/100\n|\n|-heal|p1b: Heatran|14\/100|[from] item: Leftovers\n|-damage|p2b: Landorus|52\/100 brn|[from] brn\n|upkeep\n|\n|t:|1700429811\n|switch|p2a: Iron Hands|Iron Hands, L50, shiny|83\/100\n|turn|5\n|\n|t:|1700429832\n|move|p2a: Iron Hands|Fake Out|p1b: Heatran\n|-resisted|p1b: Heatran\n|-damage|p1b: Heatran|8\/100\n|move|p1a: Dusclops|Will-O-Wisp|p2a: Iron Hands\n|-status|p2a: Iron Hands|brn\n|cant|p1b: Heatran|flinch\n|move|p2b: Landorus|Stomping Tantrum|p1a: Dusclops\n|-damage|p1a: Dusclops|35\/100\n|\n|-heal|p1b: Heatran|14\/100|[from] item: Leftovers\n|-damage|p2a: Iron Hands|77\/100 brn|[from] brn\n|-damage|p2b: Landorus|46\/100 brn|[from] brn\n|-fieldend|move: Trick Room\n|upkeep\n|turn|6\n|\n|t:|1700429859\n|switch|p1b: Ursaluna|Ursaluna-Bloodmoon, L50, M|100\/100\n|move|p2b: Landorus|Stomping Tantrum|p1b: Ursaluna\n|-crit|p1b: Ursaluna\n|-damage|p1b: Ursaluna|79\/100\n|move|p2a: Iron Hands|Wild Charge|p1b: Ursaluna\n|-immune|p1b: Ursaluna\n|move|p1a: Dusclops|Trick Room|p1a: Dusclops\n|-fieldstart|move: Trick Room|[of] p1a: Dusclops\n|\n|-damage|p2a: Iron Hands|71\/100 brn|[from] brn\n|-damage|p2b: Landorus|40\/100 brn|[from] brn\n|upkeep\n|turn|7\n|\n|t:|1700429878\n|switch|p2b: Iron Moth|Iron Moth, L50, shiny|100\/100\n|-enditem|p2b: Iron Moth|Booster Energy\n|-activate|p2b: Iron Moth|ability: Quark Drive|[fromitem]\n|-start|p2b: Iron Moth|quarkdrivespe\n|move|p1a: Dusclops|Night Shade|p2a: Iron Hands\n|-damage|p2a: Iron Hands|49\/100 brn\n|move|p1b: Ursaluna|Earth Power|p2a: Iron Hands\n|-supereffective|p2a: Iron Hands\n|-damage|p2a: Iron Hands|0 fnt\n|faint|p2a: Iron Hands\n|-end|p2a: Iron Hands|Quark Drive|[silent]\n|\n|upkeep\n|\n|t:|1700429887\n|switch|p2a: Landorus|Landorus-Therian, L50, M|40\/100 brn\n|-ability|p2a: Landorus|Intimidate|boost\n|-unboost|p1a: Dusclops|atk|1\n|-unboost|p1b: Ursaluna|atk|1\n|turn|8\n|\n|t:|1700429901\n|move|p1a: Dusclops|Night Shade|p2b: Iron Moth\n|-damage|p2b: Iron Moth|71\/100\n|move|p1b: Ursaluna|Earth Power|p2b: Iron Moth\n|-supereffective|p2b: Iron Moth\n|-damage|p2b: Iron Moth|0 fnt\n|faint|p2b: Iron Moth\n|-end|p2b: Iron Moth|Quark Drive|[silent]\n|move|p2a: Landorus|Stomping Tantrum|p1b: Ursaluna\n|-damage|p1b: Ursaluna|65\/100\n|\n|-damage|p2a: Landorus|34\/100 brn|[from] brn\n|upkeep\n|turn|9\n|\n|t:|1700429912\n|move|p1a: Dusclops|Night Shade|p2a: Landorus\n|-damage|p2a: Landorus|4\/100 brn\n|move|p1b: Ursaluna|Blood Moon|p2a: Landorus\n|-damage|p2a: Landorus|0 fnt\n|faint|p2a: Landorus\n|\n|win|misterkk\n|raw|misterkk's rating: 1327 &rarr; <strong>1341<\/strong><br \/>(+14 for winning)\n|raw|NekrosM0S's rating: 1222 &rarr; <strong>1204<\/strong><br \/>(-18 for losing)\n|c|\u2606NekrosM0S|gg\n|l|\u2606misterkk\n","uploadtime":1700429922,"views":4,"p1id":"misterkk","p2id":"nekrosm0s","formatid":"gen9vgc2023regulatione","rating":1204,"private":0,"password":""}