{"id":"gen9vgc2023regulatione-1991050983","p1":"Tempest brute","p2":"TonyPajamas15","format":"[Gen 9] VGC 2023 Regulation E","log":"|j|\u2606Tempest brute\n|j|\u2606TonyPajamas15\n|t:|1700034833\n|gametype|doubles\n|player|p1|Tempest brute|veteran|1662\n|player|p2|TonyPajamas15|acetrainer-gen4dp|1707\n|teamsize|p1|6\n|teamsize|p2|6\n|gen|9\n|tier|[Gen 9] VGC 2023 Regulation E\n|rated|\n|rule|Species Clause: Limit one of each Pok\u00e9mon\n|rule|Item Clause: Limit one of each item\n|clearpoke\n|poke|p1|Iron Valiant, L50|\n|poke|p1|Ting-Lu, L50|\n|poke|p1|Ogerpon-Hearthflame, L50, F|\n|poke|p1|Rotom-Wash, L50|\n|poke|p1|Gholdengo, L50|\n|poke|p1|Dragonite, L50, M|\n|poke|p2|Orthworm, L50, F|\n|poke|p2|Dragonite, L50, M|\n|poke|p2|Flutter Mane, L50|\n|poke|p2|Iron Bundle, L50|\n|poke|p2|Amoonguss, L50, M|\n|poke|p2|Pelipper, L50, M|\n|teampreview|4\nTonyPajamas15 has agreed to open team sheets.\n|j| 5Sscreen\n|\n|t:|1700034893\n|start\n|switch|p1a: Klefki Lu|Ting-Lu, L50|100\/100\n|switch|p1b: Iron Valiant|Iron Valiant, L50|100\/100\n|switch|p2a: Pelipper|Pelipper, L50, M, shiny|100\/100\n|switch|p2b: Wormy \ud83d\ude00|Orthworm, L50, F|100\/100\n|-weather|RainDance|[from] ability: Drizzle|[of] p2a: Pelipper\n|-ability|p1a: Klefki Lu|Vessel of Ruin\n|-enditem|p1b: Iron Valiant|Booster Energy\n|-activate|p1b: Iron Valiant|ability: Quark Drive|[fromitem]\n|-start|p1b: Iron Valiant|quarkdrivespe\n|turn|1\n|\n|t:|1700034910\n|move|p1b: Iron Valiant|Spirit Break|p2a: Pelipper\n|-damage|p2a: Pelipper|70\/100\n|-unboost|p2a: Pelipper|spa|1\n|move|p2b: Wormy \ud83d\ude00|Shed Tail|p2b: Wormy \ud83d\ude00\n|-start|p2b: Wormy \ud83d\ude00|Substitute|[from] move: Shed Tail\n|-damage|p2b: Wormy \ud83d\ude00|50\/100\n|-enditem|p2b: Wormy \ud83d\ude00|Sitrus Berry|[eat]\n|-heal|p2b: Wormy \ud83d\ude00|75\/100|[from] item: Sitrus Berry\n|\n|t:|1700034919\n|switch|p2b: Jimmy Brooks|Dragonite, L50, M, shiny|100\/100|[from] Shed Tail\n|move|p2a: Pelipper|Hurricane|p1b: Iron Valiant\n|-supereffective|p1b: Iron Valiant\n|-damage|p1b: Iron Valiant|52\/100\n|-start|p1b: Iron Valiant|confusion\n|move|p1a: Klefki Lu|Throat Chop|p2a: Pelipper\n|-damage|p2a: Pelipper|39\/100\n|-start|p2a: Pelipper|Throat Chop|[silent]\n|\n|-weather|RainDance|[upkeep]\n|upkeep\n|turn|2\n|\n|t:|1700034933\n|switch|p2a: Wormy \ud83d\ude00|Orthworm, L50, F|75\/100\n|-activate|p1b: Iron Valiant|confusion\n|-damage|p1b: Iron Valiant|41\/100|[from] confusion\n|move|p2b: Jimmy Brooks|Dragon Dance|p2b: Jimmy Brooks\n|-boost|p2b: Jimmy Brooks|atk|1\n|-boost|p2b: Jimmy Brooks|spe|1\n|move|p1a: Klefki Lu|Whirlwind|p2b: Jimmy Brooks\n|drag|p2b: Pelipper|Pelipper, L50, M, shiny|39\/100\n|\n|-weather|RainDance|[upkeep]\n|upkeep\n|turn|3\n|\n|t:|1700034949\n|-end|p1b: Iron Valiant|confusion\n|move|p1b: Iron Valiant|Spirit Break|p2b: Pelipper\n|-damage|p2b: Pelipper|6\/100\n|-unboost|p2b: Pelipper|spa|1\n|move|p2a: Wormy \ud83d\ude00|Body Press|p1a: Klefki Lu\n|-supereffective|p1a: Klefki Lu\n|-damage|p1a: Klefki Lu|77\/100\n|move|p2b: Pelipper|Hurricane|p1b: Iron Valiant\n|-supereffective|p1b: Iron Valiant\n|-damage|p1b: Iron Valiant|0 fnt\n|faint|p1b: Iron Valiant\n|-end|p1b: Iron Valiant|Quark Drive|[silent]\n|move|p1a: Klefki Lu|Whirlwind|p2a: Wormy \ud83d\ude00\n|drag|p2a: Jimmy Brooks|Dragonite, L50, M, shiny|100\/100\n|\n|-weather|RainDance|[upkeep]\n|-heal|p1a: Klefki Lu|83\/100|[from] item: Leftovers\n|upkeep\n|\n|t:|1700034954\n|switch|p1b: Mimi \"Incen\" Rotom|Rotom-Wash, L50|100\/100\n|turn|4\n|\n|t:|1700034982\n|move|p1a: Klefki Lu|Protect|p1a: Klefki Lu\n|-singleturn|p1a: Klefki Lu|Protect\n|move|p2a: Jimmy Brooks|Extreme Speed|p1b: Mimi \"Incen\" Rotom\n|-damage|p1b: Mimi \"Incen\" Rotom|74\/100\n|move|p1b: Mimi \"Incen\" Rotom|Will-O-Wisp|p2a: Jimmy Brooks\n|-status|p2a: Jimmy Brooks|brn\n|-enditem|p2a: Jimmy Brooks|Lum Berry|[eat]\n|-curestatus|p2a: Jimmy Brooks|brn|[msg]\n|move|p2b: Pelipper|Weather Ball|p1a: Klefki Lu\n|-activate|p1a: Klefki Lu|move: Protect\n|\n|-weather|RainDance|[upkeep]\n|-heal|p1a: Klefki Lu|89\/100|[from] item: Leftovers\n|upkeep\n|turn|5\n|\n|t:|1700034993\n|switch|p2a: Wormy \ud83d\ude00|Orthworm, L50, F|75\/100\n|switch|p1a: Gholdengo|Gholdengo, L50|100\/100\n|move|p1b: Mimi \"Incen\" Rotom|Will-O-Wisp|p2a: Wormy \ud83d\ude00\n|-status|p2a: Wormy \ud83d\ude00|brn\n|move|p2b: Pelipper|Weather Ball|p1a: Gholdengo\n|-damage|p1a: Gholdengo|75\/100\n|\n|-weather|none\n|-damage|p2a: Wormy \ud83d\ude00|69\/100 brn|[from] brn\n|upkeep\n|turn|6\n|\n|t:|1700035013\n|move|p1b: Mimi \"Incen\" Rotom|Thunderbolt|p2a: Wormy \ud83d\ude00\n|-damage|p2a: Wormy \ud83d\ude00|32\/100 brn\n|move|p1a: Gholdengo|Shadow Ball|p2b: Pelipper\n|-damage|p2b: Pelipper|0 fnt\n|faint|p2b: Pelipper\n|move|p2a: Wormy \ud83d\ude00|Shed Tail|p2a: Wormy \ud83d\ude00\n|-fail|p2a: Wormy \ud83d\ude00|move: Shed Tail|[weak]\n|\n|-damage|p2a: Wormy \ud83d\ude00|25\/100 brn|[from] brn\n|upkeep\n|\n|t:|1700035020\n|switch|p2b: Jimmy Brooks|Dragonite, L50, M, shiny|100\/100\n|turn|7\n|\n|t:|1700035025\n|move|p2a: Wormy \ud83d\ude00|Helping Hand|p2b: Jimmy Brooks\n|-singleturn|p2b: Jimmy Brooks|Helping Hand|[of] p2a: Wormy \ud83d\ude00\n|move|p1b: Mimi \"Incen\" Rotom|Will-O-Wisp|p2b: Jimmy Brooks|[miss]\n|-miss|p1b: Mimi \"Incen\" Rotom|p2b: Jimmy Brooks\n|move|p1a: Gholdengo|Shadow Ball|p2a: Wormy \ud83d\ude00\n|-damage|p2a: Wormy \ud83d\ude00|0 fnt\n|faint|p2a: Wormy \ud83d\ude00\n|move|p2b: Jimmy Brooks|Earthquake|p1b: Mimi \"Incen\" Rotom|[spread] p1a\n|-immune|p1b: Mimi \"Incen\" Rotom|[from] ability: Levitate\n|-supereffective|p1a: Gholdengo\n|-damage|p1a: Gholdengo|0 fnt\n|faint|p1a: Gholdengo\n|\n|upkeep\n|\n|t:|1700035033\n|switch|p1a: Klefki Lu|Ting-Lu, L50|89\/100\n|switch|p2a: Flutter Mane|Flutter Mane, L50|100\/100\n|-ability|p1a: Klefki Lu|Vessel of Ruin\n|-enditem|p2a: Flutter Mane|Booster Energy\n|-activate|p2a: Flutter Mane|ability: Protosynthesis|[fromitem]\n|-start|p2a: Flutter Mane|protosynthesisspa\n|turn|8\n|\n|t:|1700035055\n|-terastallize|p1a: Klefki Lu|Poison\n|move|p2b: Jimmy Brooks|Extreme Speed|p1b: Mimi \"Incen\" Rotom\n|-damage|p1b: Mimi \"Incen\" Rotom|49\/100\n|-enditem|p1b: Mimi \"Incen\" Rotom|Sitrus Berry|[eat]\n|-heal|p1b: Mimi \"Incen\" Rotom|74\/100|[from] item: Sitrus Berry\n|move|p2a: Flutter Mane|Dazzling Gleam|p1a: Klefki Lu|[spread] p1a,p1b\n|-resisted|p1a: Klefki Lu\n|-damage|p1a: Klefki Lu|78\/100\n|-damage|p1b: Mimi \"Incen\" Rotom|41\/100\n|move|p1b: Mimi \"Incen\" Rotom|Will-O-Wisp|p2b: Jimmy Brooks\n|-status|p2b: Jimmy Brooks|brn\n|move|p1a: Klefki Lu|Throat Chop|p2a: Flutter Mane\n|-damage|p2a: Flutter Mane|30\/100\n|-start|p2a: Flutter Mane|Throat Chop|[silent]\n|\n|-heal|p1a: Klefki Lu|84\/100|[from] item: Leftovers\n|-damage|p2b: Jimmy Brooks|94\/100 brn|[from] brn\n|upkeep\n|turn|9\n|\n|t:|1700035078\n|move|p2a: Flutter Mane|Moonblast|p1b: Mimi \"Incen\" Rotom\n|-damage|p1b: Mimi \"Incen\" Rotom|0 fnt\n|faint|p1b: Mimi \"Incen\" Rotom\n|move|p2b: Jimmy Brooks|Dragon Dance|p2b: Jimmy Brooks\n|-boost|p2b: Jimmy Brooks|atk|1\n|-boost|p2b: Jimmy Brooks|spe|1\n|move|p1a: Klefki Lu|Throat Chop|p2a: Flutter Mane\n|-damage|p2a: Flutter Mane|0 fnt\n|faint|p2a: Flutter Mane\n|-end|p2a: Flutter Mane|Protosynthesis|[silent]\n|\n|-heal|p1a: Klefki Lu|90\/100|[from] item: Leftovers\n|-damage|p2b: Jimmy Brooks|88\/100 brn|[from] brn\n|upkeep\n|turn|10\n|\n|t:|1700035085\n|move|p2b: Jimmy Brooks|Dragon Dance|p2b: Jimmy Brooks\n|-boost|p2b: Jimmy Brooks|atk|1\n|-boost|p2b: Jimmy Brooks|spe|1\n|move|p1a: Klefki Lu|Throat Chop|p2b: Jimmy Brooks\n|-damage|p2b: Jimmy Brooks|60\/100 brn\n|-start|p2b: Jimmy Brooks|Throat Chop|[silent]\n|\n|-heal|p1a: Klefki Lu|96\/100|[from] item: Leftovers\n|-damage|p2b: Jimmy Brooks|54\/100 brn|[from] brn\n|upkeep\n|turn|11\n|\n|t:|1700035090\n|move|p1a: Klefki Lu|Protect|p1a: Klefki Lu\n|-singleturn|p1a: Klefki Lu|Protect\n|move|p2b: Jimmy Brooks|Earthquake|p1a: Klefki Lu\n|-activate|p1a: Klefki Lu|move: Protect\n|\n|-heal|p1a: Klefki Lu|100\/100|[from] item: Leftovers\n|-damage|p2b: Jimmy Brooks|48\/100 brn|[from] brn\n|-end|p2b: Jimmy Brooks|Throat Chop|[silent]\n|upkeep\n|turn|12\n|\n|t:|1700035093\n|move|p2b: Jimmy Brooks|Earthquake|p1a: Klefki Lu\n|-supereffective|p1a: Klefki Lu\n|-damage|p1a: Klefki Lu|63\/100\n|move|p1a: Klefki Lu|Throat Chop|p2b: Jimmy Brooks\n|-damage|p2b: Jimmy Brooks|22\/100 brn\n|-start|p2b: Jimmy Brooks|Throat Chop|[silent]\n|\n|-heal|p1a: Klefki Lu|69\/100|[from] item: Leftovers\n|-damage|p2b: Jimmy Brooks|16\/100 brn|[from] brn\n|upkeep\n|turn|13\n|\n|t:|1700035100\n|move|p1a: Klefki Lu|Protect|p1a: Klefki Lu\n|-singleturn|p1a: Klefki Lu|Protect\n|move|p2b: Jimmy Brooks|Dragon Dance|p2b: Jimmy Brooks\n|-boost|p2b: Jimmy Brooks|atk|1\n|-boost|p2b: Jimmy Brooks|spe|1\n|\n|-heal|p1a: Klefki Lu|76\/100|[from] item: Leftovers\n|-damage|p2b: Jimmy Brooks|10\/100 brn|[from] brn\n|-end|p2b: Jimmy Brooks|Throat Chop|[silent]\n|upkeep\n|turn|14\n|\n|t:|1700035106\n|move|p2b: Jimmy Brooks|Earthquake|p1a: Klefki Lu\n|-supereffective|p1a: Klefki Lu\n|-damage|p1a: Klefki Lu|28\/100\n|move|p1a: Klefki Lu|Throat Chop|p2b: Jimmy Brooks\n|-damage|p2b: Jimmy Brooks|0 fnt\n|faint|p2b: Jimmy Brooks\n|\n|win|Tempest brute\n|raw|Tempest brute's rating: 1662 &rarr; <strong>1685<\/strong><br \/>(+23 for winning)\n|raw|TonyPajamas15's rating: 1707 &rarr; <strong>1684<\/strong><br \/>(-23 for losing)\n|l|\u2606TonyPajamas15\n|l|\u2606Tempest brute\n","uploadtime":1700035127,"views":23,"p1id":"tempestbrute","p2id":"tonypajamas15","formatid":"gen9vgc2023regulatione","rating":1684,"private":0,"password":""}