{"id":"gen9vgc2023regulatione-1998804000","p1":"weirdnomad","p2":"Test4Sum","format":"[Gen 9] VGC 2023 Regulation E","log":"|j|\u203dweirdnomad\n|j|\u2606Test4Sum\n|t:|1700994308\n|gametype|doubles\n|player|p1|weirdnomad|hiker-gen4|1103\n|player|p2|Test4Sum|265|1173\n|teamsize|p1|6\n|teamsize|p2|6\n|gen|9\n|tier|[Gen 9] VGC 2023 Regulation E\n|rated|\n|rule|Species Clause: Limit one of each Pok\u00e9mon\n|rule|Item Clause: Limit one of each item\n|clearpoke\n|poke|p1|Great Tusk, L50|\n|poke|p1|Skeledirge, L50, F|\n|poke|p1|Hydreigon, L50, F|\n|poke|p1|Zapdos, L50|\n|poke|p1|Toxapex, L50, F|\n|poke|p1|Scizor, L50, F|\n|poke|p2|Gholdengo, L50|\n|poke|p2|Goodra-Hisui, L50, M|\n|poke|p2|Perrserker, L50, F|\n|poke|p2|Snorlax, L50, F|\n|poke|p2|Mimikyu, L50, F|\n|poke|p2|Indeedee-F, L50, F|\n|teampreview|4\n|\n|t:|1700994351\n|start\n|switch|p1a: Skeledirge|Skeledirge, L50, F|100\/100\n|switch|p1b: Scizor|Scizor, L50, F|100\/100\n|switch|p2a: Snorlax|Snorlax, L50, F|100\/100\n|switch|p2b: Mimikyu|Mimikyu, L50, F|100\/100\n|turn|1\n|\n|t:|1700994370\n|-terastallize|p2a: Snorlax|Fire\n|move|p1a: Skeledirge|Will-O-Wisp|p2b: Mimikyu\n|-status|p2b: Mimikyu|brn\n|move|p1b: Scizor|Swords Dance|p1b: Scizor\n|-boost|p1b: Scizor|atk|2\n|move|p2a: Snorlax|Belly Drum|p2a: Snorlax\n|-damage|p2a: Snorlax|50\/100\n|-setboost|p2a: Snorlax|atk|6|[from] move: Belly Drum\n|-enditem|p2a: Snorlax|Figy Berry|[eat]\n|-heal|p2a: Snorlax|84\/100|[from] item: Figy Berry\n|move|p2b: Mimikyu|Trick Room|p2b: Mimikyu\n|-fieldstart|move: Trick Room|[of] p2b: Mimikyu\n|\n|-damage|p2b: Mimikyu|94\/100 brn|[from] brn\n|upkeep\n|turn|2\n|\n|t:|1700994402\n|move|p1b: Scizor|Protect|p1b: Scizor\n|-singleturn|p1b: Scizor|Protect\n|move|p2a: Snorlax|Earthquake|p1b: Scizor|[spread] p2b,p1a\n|-activate|p1b: Scizor|move: Protect\n|-supereffective|p1a: Skeledirge\n|-activate|p2b: Mimikyu|ability: Disguise\n|-damage|p2b: Mimikyu|94\/100 brn\n|-damage|p1a: Skeledirge|66\/100\n|detailschange|p2b: Mimikyu|Mimikyu-Busted, L50, F\n|-damage|p2b: Mimikyu|82\/100 brn|[from] pokemon: Mimikyu-Busted\n|move|p2b: Mimikyu|Rain Dance|p2b: Mimikyu\n|-weather|RainDance\n|move|p1a: Skeledirge|Hex|p2b: Mimikyu\n|-supereffective|p2b: Mimikyu\n|-damage|p2b: Mimikyu|0 fnt\n|faint|p2b: Mimikyu\n|\n|-weather|RainDance|[upkeep]\n|upkeep\n|\n|t:|1700994430\n|switch|p2b: Perrserker|Perrserker, L50, F|100\/100\n|turn|3\n|\n|t:|1700994446\n|move|p2b: Perrserker|Fake Out|p1b: Scizor\n|-resisted|p1b: Scizor\n|-damage|p1b: Scizor|97\/100\n|move|p2a: Snorlax|Body Slam|p1b: Scizor\n|-resisted|p1b: Scizor\n|-damage|p1b: Scizor|44\/100\n|-status|p1b: Scizor|par\n|move|p1a: Skeledirge|Slack Off|p1a: Skeledirge\n|-heal|p1a: Skeledirge|100\/100\n|cant|p1b: Scizor|flinch\n|\n|-weather|RainDance|[upkeep]\n|upkeep\n|turn|4\n|\n|t:|1700994468\n|move|p1b: Scizor|Protect|p1b: Scizor\n|-singleturn|p1b: Scizor|Protect\n|move|p2a: Snorlax|Body Slam|p1b: Scizor\n|-activate|p1b: Scizor|move: Protect\n|move|p2b: Perrserker|Iron Head|p1a: Skeledirge\n|-resisted|p1a: Skeledirge\n|-damage|p1a: Skeledirge|79\/100\n|-damage|p2b: Perrserker|84\/100|[from] item: Rocky Helmet|[of] p1a: Skeledirge\n|move|p1a: Skeledirge|Will-O-Wisp|p2b: Perrserker\n|-status|p2b: Perrserker|brn\n|\n|-weather|RainDance|[upkeep]\n|-damage|p2b: Perrserker|78\/100 brn|[from] brn\n|upkeep\n|turn|5\n|\n|t:|1700994500\n|move|p1b: Scizor|Bullet Punch|p2a: Snorlax\n|-resisted|p2a: Snorlax\n|-damage|p2a: Snorlax|62\/100\n|move|p2a: Snorlax|Earthquake|p1a: Skeledirge|[spread] p2b,p1a,p1b\n|-supereffective|p2b: Perrserker\n|-supereffective|p1a: Skeledirge\n|-damage|p2b: Perrserker|0 fnt\n|-damage|p1a: Skeledirge|41\/100\n|-damage|p1b: Scizor|0 fnt\n|faint|p2b: Perrserker\n|faint|p1b: Scizor\n|move|p1a: Skeledirge|Torch Song|p2a: Snorlax\n|-resisted|p2a: Snorlax\n|-damage|p2a: Snorlax|58\/100\n|-boost|p1a: Skeledirge|spa|1\n|\n|-weather|RainDance|[upkeep]\n|-fieldend|move: Trick Room\n|upkeep\n|\n|t:|1700994520\n|switch|p1b: Zapdos|Zapdos, L50, shiny|100\/100\n|switch|p2b: Gholdengo|Gholdengo, L50|100\/100\n|turn|6\n|\n|t:|1700994546\n|-terastallize|p1a: Skeledirge|Dragon\n|move|p2b: Gholdengo|Shadow Ball|p1a: Skeledirge\n|-damage|p1a: Skeledirge|12\/100\n|move|p1b: Zapdos|Discharge|p2a: Snorlax|[spread] p1a,p2a,p2b\n|-resisted|p1a: Skeledirge\n|-damage|p1a: Skeledirge|4\/100\n|-damage|p2a: Snorlax|41\/100\n|-damage|p2b: Gholdengo|73\/100\n|move|p1a: Skeledirge|Slack Off|p1a: Skeledirge\n|-heal|p1a: Skeledirge|55\/100\n|move|p2a: Snorlax|Body Slam|p1b: Zapdos\n|-damage|p1b: Zapdos|0 fnt\n|faint|p1b: Zapdos\n|\n|-weather|none\n|upkeep\n|\n|t:|1700994564\n|switch|p1b: Great Tusk|Great Tusk, L50|100\/100\n|turn|7\n|\n|t:|1700994586\n|move|p2a: Snorlax|Protect|p2a: Snorlax\n|-singleturn|p2a: Snorlax|Protect\n|move|p2b: Gholdengo|Shadow Ball|p1b: Great Tusk\n|-damage|p1b: Great Tusk|73\/100\n|move|p1b: Great Tusk|Earthquake|p2b: Gholdengo|[spread] p1a,p2b\n|-activate|p2a: Snorlax|move: Protect\n|-supereffective|p2b: Gholdengo\n|-damage|p1a: Skeledirge|28\/100\n|-damage|p2b: Gholdengo|0 fnt\n|faint|p2b: Gholdengo\n|move|p1a: Skeledirge|Slack Off|p1a: Skeledirge\n|-heal|p1a: Skeledirge|79\/100\n|\n|upkeep\n|turn|8\n|-message|Test4Sum forfeited.\n|\n|win|weirdnomad\n|raw|weirdnomad's rating: 1103 &rarr; <strong>1133<\/strong><br \/>(+30 for winning)\n|raw|Test4Sum's rating: 1173 &rarr; <strong>1143<\/strong><br \/>(-30 for losing)\n|l|\u2606Test4Sum\n","uploadtime":1700994605,"views":5,"p1id":"weirdnomad","p2id":"test4sum","formatid":"gen9vgc2023regulatione","rating":1133,"private":0,"password":""}