{"id":"gen9vgc2023regulatione-1999394746","p1":"AJgaming2009","p2":"dr.gamer12","format":"[Gen 9] VGC 2023 Regulation E","log":"|j|\u2606AJgaming2009\n|j|\u2606dr.gamer12\n|t:|1701073097\n|gametype|doubles\n|player|p1|AJgaming2009|lucas|1000\n|player|p2|dr.gamer12|lady|1000\n|teamsize|p1|6\n|teamsize|p2|6\n|gen|9\n|tier|[Gen 9] VGC 2023 Regulation E\n|rated|\n|rule|Species Clause: Limit one of each Pok\u00e9mon\n|rule|Item Clause: Limit one of each item\n|clearpoke\n|poke|p1|Dragapult, L50, F|\n|poke|p1|Iron Valiant, L50|\n|poke|p1|Pincurchin, L50, F|\n|poke|p1|Grimmsnarl, L50, M|\n|poke|p1|Iron Treads, L50|\n|poke|p1|Clefairy, L50, M|\n|poke|p2|Talonflame, L50, F|\n|poke|p2|Coalossal, L50, M|\n|poke|p2|Sinistcha-Masterpiece, L50|\n|poke|p2|Baxcalibur, L50, M|\n|poke|p2|Ursaluna-Bloodmoon, L50, M|\n|poke|p2|Barraskewda, L50, F|\n|teampreview|4\n|inactive|Battle timer is ON: inactive players will automatically lose when time's up. (requested by AJgaming2009)\ndr.gamer12 rejected open team sheets.\n|\n|t:|1701073122\n|start\n|switch|p1a: Iron Treads|Iron Treads, L50|100\/100\n|switch|p1b: Pincurchin|Pincurchin, L50, F|100\/100\n|switch|p2a: Talonflame|Talonflame, L50, F|100\/100\n|switch|p2b: Coalossal|Coalossal, L50, M|100\/100\n|-fieldstart|move: Electric Terrain|[from] ability: Electric Surge|[of] p1b: Pincurchin\n|-activate|p1a: Iron Treads|ability: Quark Drive\n|-start|p1a: Iron Treads|quarkdrivespe\n|turn|1\n|\n|t:|1701073141\n|-terastallize|p2b: Coalossal|Grass\n|move|p1a: Iron Treads|Stealth Rock|p2b: Coalossal\n|-sidestart|p2: dr.gamer12|move: Stealth Rock\n|move|p2a: Talonflame|Ember|p2b: Coalossal\n|-supereffective|p2b: Coalossal\n|-damage|p2b: Coalossal|84\/100\n|-ability|p2b: Coalossal|Steam Engine|boost\n|-boost|p2b: Coalossal|spe|6\n|-enditem|p2b: Coalossal|Weakness Policy\n|-boost|p2b: Coalossal|atk|2|[from] item: Weakness Policy\n|-boost|p2b: Coalossal|spa|2|[from] item: Weakness Policy\n|move|p2b: Coalossal|Earth Power|p1b: Pincurchin\n|-supereffective|p1b: Pincurchin\n|-damage|p1b: Pincurchin|0 fnt\n|faint|p1b: Pincurchin\n|\n|upkeep\n|\n|t:|1701073157\n|switch|p1b: Grimmsnarl|Grimmsnarl, L50, M|100\/100\n|turn|2\n|\n|t:|1701073182\n|move|p1b: Grimmsnarl|Reflect|p1b: Grimmsnarl\n|-sidestart|p1: AJgaming2009|Reflect\n|move|p2b: Coalossal|Earth Power|p1a: Iron Treads\n|-supereffective|p1a: Iron Treads\n|-damage|p1a: Iron Treads|0 fnt\n|faint|p1a: Iron Treads\n|-end|p1a: Iron Treads|Quark Drive|[silent]\n|move|p2a: Talonflame|Tailwind|p2a: Talonflame\n|-sidestart|p2: dr.gamer12|move: Tailwind\n|\n|upkeep\n|\n|t:|1701073192\n|switch|p1a: Dragapult|Dragapult, L50, F|100\/100\n|turn|3\n|\n|t:|1701073210\n|move|p1b: Grimmsnarl|Light Screen|p1b: Grimmsnarl\n|-sidestart|p1: AJgaming2009|move: Light Screen\n|move|p2b: Coalossal|Earth Power|p1a: Dragapult\n|-damage|p1a: Dragapult|53\/100\n|move|p2a: Talonflame|Brave Bird|p1b: Grimmsnarl\n|-damage|p1b: Grimmsnarl|61\/100\n|-damage|p2a: Talonflame|86\/100|[from] Recoil\n|move|p1a: Dragapult|Substitute|p1a: Dragapult\n|-start|p1a: Dragapult|Substitute\n|-damage|p1a: Dragapult|28\/100\n|\n|-heal|p1a: Dragapult|34\/100|[from] item: Leftovers\n|upkeep\n|turn|4\n|inactive|AJgaming2009 has 30 seconds left.\n|inactive|AJgaming2009 has 20 seconds left.\n|\n|t:|1701073247\n|move|p2b: Coalossal|Protect|p2b: Coalossal\n|-singleturn|p2b: Coalossal|Protect\n|move|p2a: Talonflame|Brave Bird|p1a: Dragapult\n|-end|p1a: Dragapult|Substitute\n|-damage|p2a: Talonflame|78\/100|[from] Recoil|[of] p1a: Dragapult\n|move|p1a: Dragapult|Dragon Dance|p1a: Dragapult\n|-boost|p1a: Dragapult|atk|1\n|-boost|p1a: Dragapult|spe|1\n|move|p1b: Grimmsnarl|Spirit Break|p2b: Coalossal\n|-activate|p2b: Coalossal|move: Protect\n|\n|-heal|p1a: Dragapult|40\/100|[from] item: Leftovers\n|upkeep\n|turn|5\n|inactive|AJgaming2009 has 30 seconds left.\n|inactive|AJgaming2009 has 20 seconds left.\n|inactive|AJgaming2009 has 15 seconds left.\n|\n|t:|1701073292\n|-terastallize|p1a: Dragapult|Dragon\n|move|p2b: Coalossal|Earth Power|p1a: Dragapult\n|-crit|p1a: Dragapult\n|-damage|p1a: Dragapult|0 fnt\n|faint|p1a: Dragapult\n|move|p2a: Talonflame|Brave Bird|p1b: Grimmsnarl\n|-damage|p1b: Grimmsnarl|19\/100\n|-damage|p2a: Talonflame|63\/100|[from] Recoil\n|move|p1b: Grimmsnarl|Spirit Break|p2b: Coalossal\n|-damage|p2b: Coalossal|58\/100\n|-unboost|p2b: Coalossal|spa|1\n|\n|-sideend|p2: dr.gamer12|move: Tailwind\n|upkeep\n|turn|6\n|-message|AJgaming2009 forfeited.\n|\n|win|dr.gamer12\n|raw|AJgaming2009's rating: 1000 &rarr; <strong>1000<\/strong><br \/>(+0 for losing)\n|raw|dr.gamer12's rating: 1000 &rarr; <strong>1040<\/strong><br \/>(+40 for winning)\n|l|\u2606AJgaming2009\n","uploadtime":1701073327,"views":2,"p1id":"ajgaming2009","p2id":"drgamer12","formatid":"gen9vgc2023regulatione","rating":1000,"private":0,"password":""}