{"id":"gen9vgc2023regulatione-1989427969","p1":"Aethelwolf","p2":"Saulinho_P1","format":"[Gen 9] VGC 2023 Regulation E","log":"|j|\u2606Aethelwolf\n|j|\u2606Saulinho_P1\n|t:|1699849008\n|gametype|doubles\n|player|p1|Aethelwolf|101|1426\n|player|p2|Saulinho_P1|will|1435\n|teamsize|p1|6\n|teamsize|p2|6\n|gen|9\n|tier|[Gen 9] VGC 2023 Regulation E\n|rated|\n|rule|Species Clause: Limit one of each Pok\u00e9mon\n|rule|Item Clause: Limit one of each item\n|clearpoke\n|poke|p1|Kommo-o, L50, M|\n|poke|p1|Tyranitar, L50, M|\n|poke|p1|Rillaboom, L50, F|\n|poke|p1|Flutter Mane, L50|\n|poke|p1|Arcanine-Hisui, L50, M|\n|poke|p1|Iron Bundle, L50|\n|poke|p2|Roaring Moon, L50|\n|poke|p2|Arcanine-Hisui, L50, F|\n|poke|p2|Gholdengo, L50|\n|poke|p2|Iron Hands, L50|\n|poke|p2|Landorus, L50, M|\n|poke|p2|Ogerpon-Wellspring, L50, F|\n|teampreview|4\n|inactive|Battle timer is ON: inactive players will automatically lose when time's up. (requested by Saulinho_P1)\nSaulinho_P1 has agreed to open team sheets.\nAethelwolf has agreed to open team sheets.\n|inactive|Saulinho_P1 has 30 seconds left.\n|inactive|Saulinho_P1 has 20 seconds left.\n|inactive|Saulinho_P1 has 15 seconds left.\n|inactive|Saulinho_P1 has 10 seconds left.\n|inactive|Saulinho_P1 has 5 seconds left.\n|\n|t:|1699849124\n|start\n|switch|p1a: Tyranitar|Tyranitar, L50, M|100\/100\n|switch|p1b: Rillaboom|Rillaboom, L50, F|100\/100\n|switch|p2a: Iron Hands|Iron Hands, L50|100\/100\n|switch|p2b: Gholdengo|Gholdengo, L50|100\/100\n|-weather|Sandstorm|[from] ability: Sand Stream|[of] p1a: Tyranitar\n|-fieldstart|move: Grassy Terrain|[from] ability: Grassy Surge|[of] p1b: Rillaboom\n|turn|1\n|\n|t:|1699849141\n|move|p1b: Rillaboom|Fake Out|p2a: Iron Hands\n|-damage|p2a: Iron Hands|89\/100\n|cant|p2a: Iron Hands|flinch\n|move|p2b: Gholdengo|Nasty Plot|p2b: Gholdengo\n|-boost|p2b: Gholdengo|spa|2\n|move|p1a: Tyranitar|Knock Off|p2b: Gholdengo\n|-supereffective|p2b: Gholdengo\n|-damage|p2b: Gholdengo|0 fnt\n|-enditem|p2b: Gholdengo|Leftovers|[from] move: Knock Off|[of] p1a: Tyranitar\n|faint|p2b: Gholdengo\n|\n|-weather|Sandstorm|[upkeep]\n|-damage|p1b: Rillaboom|95\/100|[from] Sandstorm\n|-damage|p2a: Iron Hands|83\/100|[from] Sandstorm\n|-heal|p1b: Rillaboom|100\/100|[from] Grassy Terrain\n|-heal|p2a: Iron Hands|89\/100|[from] Grassy Terrain\n|upkeep\n|\n|t:|1699849165\n|switch|p2b: Arcanine|Arcanine-Hisui, L50, F|100\/100\n|-ability|p2b: Arcanine|Intimidate|boost\n|-unboost|p1a: Tyranitar|atk|1\n|-unboost|p1b: Rillaboom|atk|1\n|turn|2\n|inactive|Aethelwolf has 30 seconds left.\n|inactive|Aethelwolf has 20 seconds left.\n|\n|t:|1699849202\n|switch|p1b: Arcanine|Arcanine-Hisui, L50, M|100\/100\n|-ability|p1b: Arcanine|Intimidate|boost\n|-unboost|p2a: Iron Hands|atk|1\n|-unboost|p2b: Arcanine|atk|1\n|-terastallize|p1a: Tyranitar|Psychic\n|move|p2b: Arcanine|Flare Blitz|p1b: Arcanine\n|-resisted|p1b: Arcanine\n|-damage|p1b: Arcanine|86\/100\n|-damage|p2b: Arcanine|95\/100|[from] Recoil\n|move|p1a: Tyranitar|Tera Blast|p2a: Iron Hands|[anim] Tera Blast Psychic\n|-supereffective|p2a: Iron Hands\n|-damage|p2a: Iron Hands|45\/100\n|move|p2a: Iron Hands|Drain Punch|p1a: Tyranitar\n|-resisted|p1a: Tyranitar\n|-damage|p1a: Tyranitar|88\/100\n|-heal|p2a: Iron Hands|49\/100|[from] drain|[of] p1a: Tyranitar\n|\n|-weather|Sandstorm|[upkeep]\n|-damage|p1a: Tyranitar|82\/100|[from] Sandstorm\n|-damage|p2a: Iron Hands|43\/100|[from] Sandstorm\n|-heal|p1b: Arcanine|92\/100|[from] Grassy Terrain\n|-heal|p2b: Arcanine|100\/100|[from] Grassy Terrain\n|-heal|p1a: Tyranitar|88\/100|[from] Grassy Terrain\n|-heal|p2a: Iron Hands|49\/100|[from] Grassy Terrain\n|upkeep\n|turn|3\n|inactive|Aethelwolf has 30 seconds left.\n|inactive|Saulinho_P1 has 30 seconds left.\n|inactive|Aethelwolf has 20 seconds left.\n|inactive|Saulinho_P1 has 20 seconds left.\n|inactive|Saulinho_P1 has 15 seconds left.\n|inactive|Saulinho_P1 has 10 seconds left.\n|inactive|Saulinho_P1 has 5 seconds left.\n|\n|t:|1699849256\n|switch|p2b: Landorus|Landorus, L50, M|100\/100\n|move|p1b: Arcanine|Rock Slide|p2a: Iron Hands|[spread] p2b\n|-miss|p1b: Arcanine|p2a: Iron Hands\n|-damage|p2b: Landorus|75\/100\n|move|p1a: Tyranitar|Tera Blast|p2a: Iron Hands|[anim] Tera Blast Psychic\n|-supereffective|p2a: Iron Hands\n|-damage|p2a: Iron Hands|4\/100\n|move|p2a: Iron Hands|Drain Punch|p1b: Arcanine\n|-supereffective|p1b: Arcanine\n|-damage|p1b: Arcanine|32\/100\n|-heal|p2a: Iron Hands|30\/100|[from] drain|[of] p1b: Arcanine\n|-enditem|p1b: Arcanine|Sitrus Berry|[eat]\n|-heal|p1b: Arcanine|57\/100|[from] item: Sitrus Berry\n|\n|-weather|Sandstorm|[upkeep]\n|-damage|p1a: Tyranitar|82\/100|[from] Sandstorm\n|-damage|p2a: Iron Hands|24\/100|[from] Sandstorm\n|-heal|p1b: Arcanine|63\/100|[from] Grassy Terrain\n|-heal|p1a: Tyranitar|88\/100|[from] Grassy Terrain\n|-heal|p2a: Iron Hands|30\/100|[from] Grassy Terrain\n|upkeep\n|turn|4\n|inactive|Aethelwolf has 30 seconds left.\n|inactive|Saulinho_P1 has 30 seconds left.\n|inactive|Saulinho_P1 has 20 seconds left.\n|inactive|Saulinho_P1 has 15 seconds left.\n|inactive|Saulinho_P1 has 10 seconds left.\n|\n|t:|1699849303\n|switch|p1b: Rillaboom|Rillaboom, L50, F|100\/100\n|-end|p2a: Iron Hands|Quark Drive|[silent]\n|switch|p2a: Arcanine|Arcanine-Hisui, L50, F|100\/100\n|-ability|p2a: Arcanine|Intimidate|boost\n|-unboost|p1a: Tyranitar|atk|1\n|-unboost|p1b: Rillaboom|atk|1\n|move|p2b: Landorus|Sludge Bomb|p1b: Rillaboom\n|-supereffective|p1b: Rillaboom\n|-damage|p1b: Rillaboom|0 fnt\n|faint|p1b: Rillaboom\n|move|p1a: Tyranitar|Tera Blast|p2a: Arcanine|[anim] Tera Blast Psychic\n|-damage|p2a: Arcanine|81\/100\n|\n|-weather|Sandstorm|[upkeep]\n|-damage|p1a: Tyranitar|82\/100|[from] Sandstorm\n|-heal|p2a: Arcanine|87\/100|[from] Grassy Terrain\n|-heal|p1a: Tyranitar|88\/100|[from] Grassy Terrain\n|upkeep\n|\n|t:|1699849327\n|switch|p1b: Kommo-o|Kommo-o, L50, M|100\/100\n|turn|5\n|inactive|Saulinho_P1 has 30 seconds left.\n|\n|t:|1699849353\n|switch|p1a: Arcanine|Arcanine-Hisui, L50, M|63\/100\n|-ability|p1a: Arcanine|Intimidate|boost\n|-unboost|p2a: Arcanine|atk|1\n|-unboost|p2b: Landorus|atk|1\n|-terastallize|p2a: Arcanine|Fairy\n|move|p2a: Arcanine|Extreme Speed|p1b: Kommo-o\n|-damage|p1b: Kommo-o|82\/100\n|move|p2b: Landorus|Earth Power|p1a: Arcanine\n|-supereffective|p1a: Arcanine\n|-damage|p1a: Arcanine|0 fnt\n|faint|p1a: Arcanine\n|move|p1b: Kommo-o|Iron Defense|p1b: Kommo-o\n|-boost|p1b: Kommo-o|def|2\n|\n|-weather|none\n|-heal|p2a: Arcanine|94\/100|[from] Grassy Terrain\n|-heal|p1b: Kommo-o|88\/100|[from] Grassy Terrain\n|-heal|p1b: Kommo-o|94\/100|[from] item: Leftovers\n|-fieldend|move: Grassy Terrain\n|upkeep\n|\n|t:|1699849370\n|switch|p1a: Tyranitar|Tyranitar, L50, M, tera:Psychic|88\/100\n|-weather|Sandstorm|[from] ability: Sand Stream|[of] p1a: Tyranitar\n|turn|6\n|inactive|Aethelwolf has 30 seconds left.\n|\n|t:|1699849401\n|switch|p2a: Iron Hands|Iron Hands, L50|30\/100\n|move|p2b: Landorus|Earth Power|p1b: Kommo-o\n|-damage|p1b: Kommo-o|28\/100\n|move|p1a: Tyranitar|Tera Blast|p2a: Iron Hands|[anim] Tera Blast Psychic\n|-supereffective|p2a: Iron Hands\n|-damage|p2a: Iron Hands|0 fnt\n|faint|p2a: Iron Hands\n|-end|p2a: Iron Hands|Quark Drive|[silent]\n|move|p1b: Kommo-o|Iron Defense|p1b: Kommo-o\n|-boost|p1b: Kommo-o|def|2\n|\n|-weather|Sandstorm|[upkeep]\n|-damage|p1a: Tyranitar|82\/100|[from] Sandstorm\n|-damage|p1b: Kommo-o|22\/100|[from] Sandstorm\n|-heal|p1b: Kommo-o|28\/100|[from] item: Leftovers\n|upkeep\n|\n|t:|1699849414\n|switch|p2a: Arcanine|Arcanine-Hisui, L50, F, tera:Fairy|94\/100\n|-ability|p2a: Arcanine|Intimidate|boost\n|-unboost|p1a: Tyranitar|atk|1\n|-unboost|p1b: Kommo-o|atk|1\n|turn|7\n|inactive|Aethelwolf has 30 seconds left.\n|\n|t:|1699849446\n|move|p1b: Kommo-o|Protect|p1b: Kommo-o\n|-singleturn|p1b: Kommo-o|Protect\n|move|p2b: Landorus|Earth Power|p1b: Kommo-o\n|-activate|p1b: Kommo-o|move: Protect\n|move|p2a: Arcanine|Flare Blitz|p1a: Tyranitar\n|-damage|p1a: Tyranitar|0 fnt\n|faint|p1a: Tyranitar\n|-damage|p2a: Arcanine|67\/100|[from] Recoil\n|\n|-weather|Sandstorm|[upkeep]\n|-damage|p2a: Arcanine|61\/100|[from] Sandstorm\n|-damage|p1b: Kommo-o|22\/100|[from] Sandstorm\n|-heal|p1b: Kommo-o|28\/100|[from] item: Leftovers\n|upkeep\n|turn|8\n|-message|Aethelwolf forfeited.\n|\n|win|Saulinho_P1\n|raw|Aethelwolf's rating: 1426 &rarr; <strong>1407<\/strong><br \/>(-19 for losing)\n|raw|Saulinho_P1's rating: 1435 &rarr; <strong>1454<\/strong><br \/>(+19 for winning)\n|l|\u2606Aethelwolf\n","uploadtime":1699849465,"views":48,"p1id":"aethelwolf","p2id":"saulinhop1","formatid":"gen9vgc2023regulatione","rating":1407,"private":0,"password":""}