{"id":"gen9vgc2023regulatione-1996697550","p1":"RIKASLOVER","p2":"Shareck","format":"[Gen 9] VGC 2023 Regulation E","log":"|j|\u2606RIKASLOVER\n|j|\u2606Shareck\n|t:|1700711110\n|gametype|doubles\n|player|p1|RIKASLOVER|cynthia-masters|1000\n|player|p2|Shareck|lance|1037\n|teamsize|p1|6\n|teamsize|p2|6\n|gen|9\n|tier|[Gen 9] VGC 2023 Regulation E\n|rated|\n|rule|Species Clause: Limit one of each Pok\u00e9mon\n|rule|Item Clause: Limit one of each item\n|clearpoke\n|poke|p1|Tornadus, L50, M|\n|poke|p1|Arcanine-Hisui, L50, M|\n|poke|p1|Iron Hands, L50|\n|poke|p1|Amoonguss, L50, F|\n|poke|p1|Urshifu-*, L50, F|\n|poke|p1|Ogerpon-Wellspring, L50, F|\n|poke|p2|Baxcalibur, L50, M|\n|poke|p2|Chandelure, L50, M|\n|poke|p2|Ninetales-Alola, L50, M|\n|poke|p2|Gyarados, L50, M|\n|poke|p2|Okidogi, L50, M|\n|poke|p2|Farigiraf, L50, M|\n|teampreview|4\n|j| vegetameanswell\n|inactive|Battle timer is ON: inactive players will automatically lose when time's up. (requested by RIKASLOVER)\n|\n|t:|1700711145\n|start\n|switch|p1a: Iron Hands|Iron Hands, L50|100\/100\n|switch|p1b: Arcanine|Arcanine-Hisui, L50, M|100\/100\n|switch|p2a: Ninetales|Ninetales-Alola, L50, M|100\/100\n|switch|p2b: Farigiraf|Farigiraf, L50, M|100\/100\n|-weather|Snow|[from] ability: Snow Warning|[of] p2a: Ninetales\n|-ability|p1b: Arcanine|Intimidate|boost\n|-unboost|p2a: Ninetales|atk|1\n|-unboost|p2b: Farigiraf|atk|1\n|turn|1\n|\n|t:|1700711163\n|move|p2a: Ninetales|Aurora Veil|p2a: Ninetales\n|-sidestart|p2: Shareck|move: Aurora Veil\n|move|p1b: Arcanine|Head Smash|p2b: Farigiraf\n|-damage|p2b: Farigiraf|51\/100\n|-damage|p1b: Arcanine|69\/100|[from] Recoil\n|move|p1a: Iron Hands|Heavy Slam|p2a: Ninetales\n|-supereffective|p2a: Ninetales\n|-damage|p2a: Ninetales|0 fnt\n|faint|p2a: Ninetales\n|move|p2b: Farigiraf|Trick Room|p2b: Farigiraf\n|-fieldstart|move: Trick Room|[of] p2b: Farigiraf\n|\n|-weather|Snow|[upkeep]\n|upkeep\n|\n|t:|1700711177\n|switch|p2a: Okidogi|Okidogi, L50, M|100\/100\n|turn|2\n|\n|t:|1700711186\n|switch|p1b: Tornadus|Tornadus, L50, M|100\/100\n|move|p2b: Farigiraf|Psychic|p1b: Tornadus\n|-damage|p1b: Tornadus|66\/100\n|move|p1a: Iron Hands|Wild Charge|p2a: Okidogi\n|-damage|p2a: Okidogi|72\/100\n|-damage|p1a: Iron Hands|95\/100|[from] Recoil\n|move|p2a: Okidogi|Bulk Up|p2a: Okidogi\n|-boost|p2a: Okidogi|atk|1\n|-boost|p2a: Okidogi|def|1\n|\n|-weather|Snow|[upkeep]\n|-heal|p2a: Okidogi|78\/100|[from] item: Leftovers\n|upkeep\n|turn|3\n|inactive|Shareck has 30 seconds left.\n|\n|t:|1700711212\n|move|p1a: Iron Hands|Wild Charge|p2b: Farigiraf\n|-damage|p2b: Farigiraf|26\/100\n|-damage|p1a: Iron Hands|89\/100|[from] Recoil\n|move|p2b: Farigiraf|Psychic|p1a: Iron Hands\n|-supereffective|p1a: Iron Hands\n|-damage|p1a: Iron Hands|54\/100\n|-unboost|p1a: Iron Hands|spd|1\n|move|p2a: Okidogi|Drain Punch|p1a: Iron Hands\n|-damage|p1a: Iron Hands|16\/100\n|-heal|p2a: Okidogi|100\/100|[from] drain|[of] p1a: Iron Hands\n|move|p1b: Tornadus|Bleakwind Storm|p2b: Farigiraf|[spread] p2a,p2b\n|-supereffective|p2a: Okidogi\n|-damage|p2a: Okidogi|45\/100\n|-damage|p2b: Farigiraf|1\/100\n|-unboost|p2a: Okidogi|spe|1\n|\n|-weather|Snow|[upkeep]\n|-heal|p2a: Okidogi|51\/100|[from] item: Leftovers\n|upkeep\n|turn|4\n|inactive|Shareck has 30 seconds left.\n|\n|t:|1700711241\n|-terastallize|p2a: Okidogi|Dark\n|move|p2a: Okidogi|Knock Off|p1b: Tornadus\n|-damage|p1b: Tornadus|0 fnt\n|-damage|p2a: Okidogi|34\/100|[from] item: Rocky Helmet|[of] p1b: Tornadus\n|-enditem|p1b: Tornadus|Rocky Helmet|[from] move: Knock Off|[of] p2a: Okidogi\n|faint|p1b: Tornadus\n|move|p2b: Farigiraf|Psychic|p1a: Iron Hands\n|-supereffective|p1a: Iron Hands\n|-damage|p1a: Iron Hands|0 fnt\n|faint|p1a: Iron Hands\n|-end|p1a: Iron Hands|Quark Drive|[silent]\n|\n|-weather|Snow|[upkeep]\n|-heal|p2a: Okidogi|40\/100|[from] item: Leftovers\n|upkeep\n|\n|t:|1700711253\n|switch|p1a: Urshifu|Urshifu, L50, F|100\/100\n|switch|p1b: Arcanine|Arcanine-Hisui, L50, M|69\/100\n|-ability|p1b: Arcanine|Intimidate|boost\n|-ability|p2a: Okidogi|Guard Dog|boost\n|-boost|p2a: Okidogi|atk|1\n|-unboost|p2b: Farigiraf|atk|1\n|turn|5\n|\n|t:|1700711270\n|-terastallize|p1b: Arcanine|Fairy\n|move|p1a: Urshifu|Detect|p1a: Urshifu\n|-singleturn|p1a: Urshifu|Protect\n|move|p2a: Okidogi|Drain Punch|p1a: Urshifu\n|-activate|p1a: Urshifu|move: Protect\n|move|p2b: Farigiraf|Psychic|p1b: Arcanine\n|-damage|p1b: Arcanine|30\/100\n|move|p1b: Arcanine|Rock Slide|p2a: Okidogi|[spread] p2a,p2b\n|-damage|p2a: Okidogi|26\/100\n|-damage|p2b: Farigiraf|0 fnt\n|faint|p2b: Farigiraf\n|\n|-weather|none\n|-heal|p2a: Okidogi|32\/100|[from] item: Leftovers\n|-fieldend|move: Trick Room\n|upkeep\n|\n|t:|1700711288\n|switch|p2b: Baxcalibur|Baxcalibur, L50, M|100\/100\n|turn|6\n|\n|t:|1700711310\n|move|p1a: Urshifu|Wicked Blow|p2a: Okidogi\n|-resisted|p2a: Okidogi\n|-crit|p2a: Okidogi\n|-damage|p2a: Okidogi|6\/100\n|move|p1b: Arcanine|Rock Slide|p2b: Baxcalibur|[spread] p2a,p2b\n|-supereffective|p2b: Baxcalibur\n|-damage|p2a: Okidogi|0 fnt\n|-damage|p2b: Baxcalibur|53\/100\n|faint|p2a: Okidogi\n|move|p2b: Baxcalibur|Dragon Dance|p2b: Baxcalibur\n|-boost|p2b: Baxcalibur|atk|1\n|-boost|p2b: Baxcalibur|spe|1\n|\n|upkeep\n|turn|7\n|\n|t:|1700711329\n|move|p1a: Urshifu|Sucker Punch|p2b: Baxcalibur\n|-damage|p2b: Baxcalibur|27\/100\n|move|p2b: Baxcalibur|Scale Shot|p1a: Urshifu\n|-damage|p1a: Urshifu|75\/100\n|-damage|p1a: Urshifu|50\/100\n|-damage|p1a: Urshifu|28\/100\n|-damage|p1a: Urshifu|5\/100\n|-hitcount|p1a: Urshifu|4\n|-unboost|p2b: Baxcalibur|def|1\n|-boost|p2b: Baxcalibur|spe|1\n|move|p1b: Arcanine|Rock Slide|p2b: Baxcalibur\n|-supereffective|p2b: Baxcalibur\n|-damage|p2b: Baxcalibur|0 fnt\n|faint|p2b: Baxcalibur\n|\n|win|RIKASLOVER\n|raw|RIKASLOVER's rating: 1000 &rarr; <strong>1044<\/strong><br \/>(+44 for winning)\n|raw|Shareck's rating: 1037 &rarr; <strong>1020<\/strong><br \/>(-17 for losing)\n|l| vegetameanswell\n","uploadtime":1700711345,"views":6,"p1id":"rikaslover","p2id":"shareck","formatid":"gen9vgc2023regulatione","rating":1020,"private":0,"password":""}