{"id":"gen9vgc2023regulatione-2000578138","p1":"Pigster003","p2":"l1nkleonhart","format":"[Gen 9] VGC 2023 Regulation E","log":"|j|\u2606Pigster003\n|j|\u2606l1nkleonhart\n|t:|1701207054\n|gametype|doubles\n|player|p1|Pigster003|101|1100\n|player|p2|l1nkleonhart|pokemonbreeder-gen4|1000\n|teamsize|p1|6\n|teamsize|p2|6\n|gen|9\n|tier|[Gen 9] VGC 2023 Regulation E\n|rated|\n|rule|Species Clause: Limit one of each Pok\u00e9mon\n|rule|Item Clause: Limit one of each item\n|clearpoke\n|poke|p1|Slaking, L50, M|\n|poke|p1|Grafaiai, L50, M|\n|poke|p1|Amoonguss, L50, M|\n|poke|p1|Flutter Mane, L50|\n|poke|p1|Arcanine, L50, M|\n|poke|p1|Dragonite, L50, M|\n|poke|p2|Samurott-Hisui, L50, M|\n|poke|p2|Gholdengo, L50|\n|poke|p2|Ceruledge, L50, M|\n|poke|p2|Rillaboom, L50, F|\n|poke|p2|Great Tusk, L50|\n|poke|p2|Landorus-Therian, L50, M|\n|teampreview|4\nPigster003 rejected open team sheets.\n|inactive|Battle timer is ON: inactive players will automatically lose when time's up. (requested by Pigster003)\n|\n|t:|1701207071\n|start\n|switch|p1a: Slaking|Slaking, L50, M|100\/100\n|switch|p1b: Grafaiai|Grafaiai, L50, M|100\/100\n|switch|p2a: Landorus|Landorus-Therian, L50, M|100\/100\n|switch|p2b: Ceruledge|Ceruledge, L50, M|100\/100\n|-ability|p2a: Landorus|Intimidate|boost\n|-fail|p1a: Slaking|unboost|[from] item: Clear Amulet|[of] p1a: Slaking\n|-unboost|p1b: Grafaiai|atk|1\n|turn|1\n|inactive|Pigster003 has 30 seconds left.\n|inactive|Pigster003 has 20 seconds left.\n|\n|t:|1701207108\n|move|p1a: Slaking|Sucker Punch||[still]\n|-fail|p1a: Slaking\n|move|p1b: Grafaiai|Doodle|p2a: Landorus\n|-endability|p1a: Slaking|Truant|[from] move: Doodle\n|-ability|p1a: Slaking|Intimidate|boost\n|-unboost|p2a: Landorus|atk|1\n|-unboost|p2b: Ceruledge|atk|1\n|-ability|p1a: Slaking|Intimidate|[from] move: Doodle\n|-endability|p1b: Grafaiai|Prankster|[from] move: Doodle\n|-ability|p1b: Grafaiai|Intimidate|boost\n|-unboost|p2a: Landorus|atk|1\n|-unboost|p2b: Ceruledge|atk|1\n|-ability|p1b: Grafaiai|Intimidate|[from] move: Doodle\n|move|p2a: Landorus|U-turn|p1b: Grafaiai\n|-resisted|p1b: Grafaiai\n|-damage|p1b: Grafaiai|90\/100\n|\n|t:|1701207127\n|switch|p2a: Great Tusk|Great Tusk, L50|100\/100|[from] U-turn\n|-enditem|p2a: Great Tusk|Booster Energy\n|-activate|p2a: Great Tusk|ability: Protosynthesis|[fromitem]\n|-start|p2a: Great Tusk|protosynthesisdef\n|move|p2b: Ceruledge|Swords Dance|p2b: Ceruledge\n|-boost|p2b: Ceruledge|atk|2\n|\n|upkeep\n|turn|2\n|\n|t:|1701207145\n|-terastallize|p2a: Great Tusk|Poison\n|move|p1a: Slaking|Facade|p2a: Great Tusk\n|-damage|p2a: Great Tusk|79\/100\n|move|p1b: Grafaiai|Parting Shot|p2b: Ceruledge\n|-unboost|p2b: Ceruledge|atk|1\n|-unboost|p2b: Ceruledge|spa|1\n|\n|t:|1701207159\n|switch|p1b: Arcanine|Arcanine, L50, M|100\/100|[from] Parting Shot\n|-ability|p1b: Arcanine|Intimidate|boost\n|-unboost|p2a: Great Tusk|atk|1\n|-unboost|p2b: Ceruledge|atk|1\n|move|p2a: Great Tusk|Bulk Up|p2a: Great Tusk\n|-boost|p2a: Great Tusk|atk|1\n|-boost|p2a: Great Tusk|def|1\n|move|p2b: Ceruledge|Swords Dance|p2b: Ceruledge\n|-boost|p2b: Ceruledge|atk|2\n|\n|upkeep\n|turn|3\n|\n|t:|1701207179\n|move|p1a: Slaking|Bulk Up|p1a: Slaking\n|-boost|p1a: Slaking|atk|1\n|-boost|p1a: Slaking|def|1\n|move|p2a: Great Tusk|High Horsepower|p1b: Arcanine\n|-supereffective|p1b: Arcanine\n|-damage|p1b: Arcanine|33\/100\n|-enditem|p1b: Arcanine|Sitrus Berry|[eat]\n|-heal|p1b: Arcanine|58\/100|[from] item: Sitrus Berry\n|move|p2b: Ceruledge|Bitter Blade|p1a: Slaking\n|-damage|p1a: Slaking|77\/100\n|move|p1b: Arcanine|Will-O-Wisp|p2b: Ceruledge\n|-immune|p2b: Ceruledge\n|\n|upkeep\n|turn|4\n|inactive|Pigster003 has 30 seconds left.\n|inactive|Pigster003 has 20 seconds left.\n|inactive|Pigster003 has 15 seconds left.\n|inactive|Pigster003 has 10 seconds left.\n|\n|t:|1701207228\n|move|p1a: Slaking|Bulk Up|p1a: Slaking\n|-boost|p1a: Slaking|atk|1\n|-boost|p1a: Slaking|def|1\n|move|p2a: Great Tusk|High Horsepower|p1b: Arcanine\n|-supereffective|p1b: Arcanine\n|-damage|p1b: Arcanine|0 fnt\n|faint|p1b: Arcanine\n|move|p2b: Ceruledge|Swords Dance|p2b: Ceruledge\n|-boost|p2b: Ceruledge|atk|2\n|\n|upkeep\n|\n|t:|1701207240\n|switch|p1b: Grafaiai|Grafaiai, L50, M|90\/100\n|turn|5\n|\n|t:|1701207259\n|move|p1a: Slaking|Sucker Punch||[still]\n|-fail|p1a: Slaking\n|move|p1b: Grafaiai|Parting Shot|p2b: Ceruledge\n|-unboost|p2b: Ceruledge|atk|1\n|-unboost|p2b: Ceruledge|spa|1\n|\n|t:|1701207263\n|switch|p1b: Flutter Mane|Flutter Mane, L50|100\/100|[from] Parting Shot\n|-enditem|p1b: Flutter Mane|Booster Energy\n|-activate|p1b: Flutter Mane|ability: Protosynthesis|[fromitem]\n|-start|p1b: Flutter Mane|protosynthesisspe\n|move|p2a: Great Tusk|High Horsepower|p1b: Flutter Mane\n|-damage|p1b: Flutter Mane|18\/100\n|move|p2b: Ceruledge|Swords Dance|p2b: Ceruledge\n|-boost|p2b: Ceruledge|atk|2\n|\n|upkeep\n|turn|6\n|inactive|l1nkleonhart has 30 seconds left.\n|inactive|l1nkleonhart has 20 seconds left.\n|\n|t:|1701207300\n|-terastallize|p1b: Flutter Mane|Fairy\n|move|p1b: Flutter Mane|Moonblast|p2b: Ceruledge\n|-resisted|p2b: Ceruledge\n|-damage|p2b: Ceruledge|60\/100\n|move|p1a: Slaking|Facade|p2a: Great Tusk\n|-damage|p2a: Great Tusk|53\/100\n|move|p2a: Great Tusk|High Horsepower|p1b: Flutter Mane|[miss]\n|-miss|p2a: Great Tusk|p1b: Flutter Mane\n|move|p2b: Ceruledge|Bitter Blade|p1a: Slaking\n|-damage|p1a: Slaking|34\/100\n|-heal|p2b: Ceruledge|95\/100|[from] drain|[of] p1a: Slaking\n|\n|upkeep\n|turn|7\n|inactive|Pigster003 has 30 seconds left.\n|\n|t:|1701207326\n|move|p1a: Slaking|Sucker Punch|p2b: Ceruledge\n|-supereffective|p2b: Ceruledge\n|-damage|p2b: Ceruledge|0 fnt\n|faint|p2b: Ceruledge\n|move|p1b: Flutter Mane|Shadow Ball|p2a: Great Tusk\n|-damage|p2a: Great Tusk|0 fnt\n|faint|p2a: Great Tusk\n|-end|p2a: Great Tusk|Protosynthesis|[silent]\n|\n|upkeep\n|\n|t:|1701207335\n|switch|p2a: Samurott|Samurott-Hisui, L50, M, shiny|100\/100\n|switch|p2b: Landorus|Landorus-Therian, L50, M|100\/100\n|-ability|p2b: Landorus|Intimidate|boost\n|-fail|p1a: Slaking|unboost|[from] item: Clear Amulet|[of] p1a: Slaking\n|-unboost|p1b: Flutter Mane|atk|1\n|turn|8\n|\n|t:|1701207358\n|move|p2a: Samurott|Sucker Punch|p1a: Slaking\n|-damage|p1a: Slaking|17\/100\n|move|p1b: Flutter Mane|Moonblast|p2b: Landorus\n|-damage|p2b: Landorus|9\/100\n|move|p1a: Slaking|Drain Punch|p2a: Samurott\n|-supereffective|p2a: Samurott\n|-damage|p2a: Samurott|0 fnt\n|-heal|p1a: Slaking|54\/100|[from] drain|[of] p2a: Samurott\n|faint|p2a: Samurott\n|move|p2b: Landorus|Rock Slide|p1b: Flutter Mane|[spread] p1a,p1b\n|-damage|p1a: Slaking|46\/100\n|-damage|p1b: Flutter Mane|0 fnt\n|faint|p1b: Flutter Mane\n|-end|p1b: Flutter Mane|Protosynthesis|[silent]\n|\n|upkeep\n|c|\u2606Pigster003|u fucking suckl\n|c|\u2606l1nkleonhart|GGs\n|\n|t:|1701207374\n|switch|p1b: Grafaiai|Grafaiai, L50, M|90\/100\n|turn|9\n|c|\u2606Pigster003|jk\n|c|\u2606Pigster003|thats wasnt me\n|c|\u2606Pigster003|im sorry\n|c|\u2606Pigster003|that was my little brother\n|c|\u2606Pigster003|elliot\n|inactive|Pigster003 has 30 seconds left.\n|inactive|l1nkleonhart has 30 seconds left.\n|c|\u2606Pigster003|im sorry\n|\n|t:|1701207404\n|move|p1b: Grafaiai|Parting Shot|p2b: Landorus\n|-unboost|p2b: Landorus|atk|1\n|-unboost|p2b: Landorus|spa|1\n|move|p1a: Slaking|Facade|p2b: Landorus\n|-damage|p2b: Landorus|0 fnt\n|faint|p2b: Landorus\n|\n|win|Pigster003\n|raw|Pigster003's rating: 1100 &rarr; <strong>1118<\/strong><br \/>(+18 for winning)\n|raw|l1nkleonhart's rating: 1000 &rarr; <strong>1000<\/strong><br \/>(+0 for losing)\n","uploadtime":1701207374,"views":0,"p1id":"pigster003","p2id":"l1nkleonhart","formatid":"gen9vgc2023regulatione","rating":1000,"private":0,"password":""}