{"id":"gen9vgc2023regulatione-1997738173","p1":"Pistone75","p2":"Masoon","format":"[Gen 9] VGC 2023 Regulation E","log":"|j|\u2606Pistone75\n|j|\u2606Masoon\n|t:|1700847402\n|gametype|doubles\n|player|p1|Pistone75|1|1188\n|player|p2|Masoon|lusamine-nihilego|1167\n|teamsize|p1|6\n|teamsize|p2|6\n|gen|9\n|tier|[Gen 9] VGC 2023 Regulation E\n|rated|\n|rule|Species Clause: Limit one of each Pok\u00e9mon\n|rule|Item Clause: Limit one of each item\n|clearpoke\n|poke|p1|Iron Moth, L50|\n|poke|p1|Tornadus, L50, M|\n|poke|p1|Urshifu-*, L50, M|\n|poke|p1|Ogerpon-Wellspring, L50, F|\n|poke|p1|Kingambit, L50, M|\n|poke|p1|Flutter Mane, L50|\n|poke|p2|Sylveon, L50, F|\n|poke|p2|Gastrodon-East, L50, F|\n|poke|p2|Amoonguss, L50, F|\n|poke|p2|Palafin, L50, M|\n|poke|p2|Iron Hands, L50|\n|poke|p2|Chi-Yu, L50|\n|teampreview|4\nMasoon rejected open team sheets.\n|\n|t:|1700847429\n|start\n|switch|p1a: Tornadus|Tornadus, L50, M|100\/100\n|switch|p1b: Flutter Mane|Flutter Mane, L50|100\/100\n|switch|p2a: Eclaire|Sylveon, L50, F|100\/100\n|switch|p2b: Palafin|Palafin, L50, M|100\/100\n|turn|1\n|\n|t:|1700847449\n|move|p1b: Flutter Mane|Shadow Ball|p2a: Eclaire\n|-damage|p2a: Eclaire|70\/100\n|-unboost|p2a: Eclaire|spd|1\n|move|p1a: Tornadus|Bleakwind Storm|p2b: Palafin|[spread] p2a,p2b\n|-damage|p2a: Eclaire|36\/100\n|-damage|p2b: Palafin|50\/100\n|move|p2b: Palafin|Liquidation|p1b: Flutter Mane\n|-enditem|p1b: Flutter Mane|Focus Sash\n|-damage|p1b: Flutter Mane|1\/100\n|-damage|p2b: Palafin|40\/100|[from] item: Life Orb\n|move|p2a: Eclaire|Hyper Voice|p1a: Tornadus|[spread] p1a,p1b\n|-crit|p1a: Tornadus\n|-damage|p1a: Tornadus|27\/100\n|-damage|p1b: Flutter Mane|0 fnt\n|faint|p1b: Flutter Mane\n|-end|p1b: Flutter Mane|Protosynthesis|[silent]\n|-enditem|p2a: Eclaire|Throat Spray\n|-boost|p2a: Eclaire|spa|1|[from] item: Throat Spray\n|\n|upkeep\n|\n|t:|1700847463\n|switch|p1b: Ogerpon|Ogerpon-Wellspring, L50, F|100\/100\n|turn|2\n|\n|t:|1700847478\n|detailschange|p2b: Palafin|Palafin-Hero, L50, M\n|switch|p2b: Gastrodon|Gastrodon-East, L50, F|100\/100\n|move|p1a: Tornadus|Rain Dance|p1a: Tornadus\n|-weather|RainDance\n|move|p1b: Ogerpon|Ivy Cudgel|p2b: Gastrodon|[anim] Ivy Cudgel Water\n|-activate|p2b: Gastrodon|ability: Storm Drain\n|-ability|p2b: Gastrodon|Storm Drain|boost\n|-boost|p2b: Gastrodon|spa|1\n|move|p2a: Eclaire|Hyper Voice|p1a: Tornadus|[spread] p1a,p1b\n|-damage|p1a: Tornadus|0 fnt\n|-damage|p1b: Ogerpon|39\/100\n|faint|p1a: Tornadus\n|\n|-weather|RainDance|[upkeep]\n|upkeep\n|\n|t:|1700847482\n|switch|p1a: Iron Moth|Iron Moth, L50|100\/100\n|-enditem|p1a: Iron Moth|Booster Energy\n|-activate|p1a: Iron Moth|ability: Quark Drive|[fromitem]\n|-start|p1a: Iron Moth|quarkdrivespa\n|turn|3\n|\n|t:|1700847508\n|-terastallize|p1a: Iron Moth|Flying\n|move|p1a: Iron Moth|Hurricane|p2a: Eclaire\n|-damage|p2a: Eclaire|0 fnt\n|faint|p2a: Eclaire\n|move|p1b: Ogerpon|Horn Leech|p2b: Gastrodon\n|-supereffective|p2b: Gastrodon\n|-damage|p2b: Gastrodon|0 fnt\n|-heal|p1b: Ogerpon|100\/100|[from] drain|[of] p2b: Gastrodon\n|faint|p2b: Gastrodon\n|\n|-weather|RainDance|[upkeep]\n|upkeep\n|\n|t:|1700847514\n|switch|p2a: Iron Hands|Iron Hands, L50|100\/100\n|switch|p2b: Palafin|Palafin-Hero, L50, M|40\/100\n|-activate|p2b: Palafin|ability: Zero to Hero\n|turn|4\n|\n|t:|1700847538\n|move|p1a: Iron Moth|Protect|p1a: Iron Moth\n|-singleturn|p1a: Iron Moth|Protect\n|move|p1b: Ogerpon|Spiky Shield|p1b: Ogerpon\n|-singleturn|p1b: Ogerpon|move: Protect\n|move|p2a: Iron Hands|Fake Out|p1a: Iron Moth\n|-activate|p1a: Iron Moth|move: Protect\n|move|p2b: Palafin|Ice Punch|p1a: Iron Moth\n|-activate|p1a: Iron Moth|move: Protect\n|\n|-weather|RainDance|[upkeep]\n|upkeep\n|turn|5\n|\n|t:|1700847559\n|move|p2b: Palafin|Protect|p2b: Palafin\n|-singleturn|p2b: Palafin|Protect\n|move|p1a: Iron Moth|Hurricane|p2b: Palafin\n|-activate|p2b: Palafin|move: Protect\n|move|p1b: Ogerpon|Ivy Cudgel|p2a: Iron Hands|[anim] Ivy Cudgel Water\n|-damage|p2a: Iron Hands|45\/100\n|move|p2a: Iron Hands|Wild Charge|p1b: Ogerpon\n|-damage|p1b: Ogerpon|33\/100\n|-damage|p2a: Iron Hands|34\/100|[from] Recoil\n|\n|-weather|RainDance|[upkeep]\n|upkeep\n|turn|6\n|\n|t:|1700847580\n|move|p1b: Ogerpon|Follow Me|p1b: Ogerpon\n|-singleturn|p1b: Ogerpon|move: Follow Me\n|move|p1a: Iron Moth|Hurricane|p2b: Palafin\n|-damage|p2b: Palafin|0 fnt\n|faint|p2b: Palafin\n|move|p2a: Iron Hands|Drain Punch|p1b: Ogerpon\n|-damage|p1b: Ogerpon|0 fnt\n|-heal|p2a: Iron Hands|45\/100|[from] drain|[of] p1b: Ogerpon\n|faint|p1b: Ogerpon\n|\n|-weather|none\n|upkeep\n|turn|7\n|\n|t:|1700847594\n|move|p1a: Iron Moth|Fiery Dance|p2a: Iron Hands\n|-damage|p2a: Iron Hands|15\/100\n|move|p2a: Iron Hands|Wild Charge|p1a: Iron Moth\n|-supereffective|p1a: Iron Moth\n|-damage|p1a: Iron Moth|0 fnt\n|faint|p1a: Iron Moth\n|-end|p1a: Iron Moth|Quark Drive|[silent]\n|-damage|p2a: Iron Hands|0 fnt|[from] Recoil\n|faint|p2a: Iron Hands\n|-end|p2a: Iron Hands|Quark Drive|[silent]\n|\n|win|Masoon\n|raw|Pistone75's rating: 1188 &rarr; <strong>1161<\/strong><br \/>(-27 for losing)\n|raw|Masoon's rating: 1167 &rarr; <strong>1194<\/strong><br \/>(+27 for winning)\n|l|\u2606Pistone75\n","uploadtime":1700847606,"views":8,"p1id":"pistone75","p2id":"masoon","formatid":"gen9vgc2023regulatione","rating":1161,"private":0,"password":""}