{"id":"gen9vgc2023regulatione-1998937834","p1":"Arnaenaed \u223e","p2":"AgenteDino","format":"[Gen 9] VGC 2023 Regulation E","log":"|j|\u2606Arnaenaed \u223e\n|j|\u2606AgenteDino\n|t:|1701015340\n|gametype|doubles\n|player|p1|Arnaenaed \u223e|clay|\n|player|p2|AgenteDino|guitarist-gen4|\n|teamsize|p1|6\n|teamsize|p2|6\n|gen|9\n|tier|[Gen 9] VGC 2023 Regulation E\n|rule|Species Clause: Limit one of each Pok\u00e9mon\n|rule|Item Clause: Limit one of each item\n|clearpoke\n|poke|p1|Chien-Pao, L50|\n|poke|p1|Ogerpon, L50, F|\n|poke|p1|Sinistcha, L50|\n|poke|p1|Conkeldurr, L50, M|\n|poke|p1|Heatran, L50, M|\n|poke|p1|Gholdengo, L50|\n|poke|p2|Tornadus, L50, M|\n|poke|p2|Urshifu-*, L50, M|\n|poke|p2|Chien-Pao, L50|\n|poke|p2|Dragonite, L50, M|\n|poke|p2|Iron Hands, L50|\n|poke|p2|Flutter Mane, L50|\n|teampreview|4\n|\n|t:|1701015367\n|start\n|switch|p1a: Ogerpon|Ogerpon, L50, F|100\/100\n|switch|p1b: Heatran|Heatran, L50, M|100\/100\n|switch|p2a: Tornadus|Tornadus, L50, M|100\/100\n|switch|p2b: Dragonite|Dragonite, L50, M|100\/100\n|turn|1\n|\n|t:|1701015405\n|move|p2a: Tornadus|Tailwind|p2a: Tornadus\n|-sidestart|p2: AgenteDino|move: Tailwind\n|move|p2b: Dragonite|Outrage|p1a: Ogerpon\n|-damage|p1a: Ogerpon|4\/100\n|move|p1a: Ogerpon|U-turn|p2b: Dragonite\n|-resisted|p2b: Dragonite\n|-damage|p2b: Dragonite|88\/100\n|\n|t:|1701015412\n|switch|p1a: Conkeldurr|Conkeldurr, L50, M|100\/100|[from] U-turn\n|move|p1b: Heatran|Flash Cannon|p2b: Dragonite\n|-damage|p2b: Dragonite|28\/100\n|-unboost|p2b: Dragonite|spd|1\n|-damage|p1b: Heatran|91\/100|[from] item: Life Orb\n|\n|-status|p1a: Conkeldurr|brn|[from] item: Flame Orb\n|upkeep\n|turn|2\n|\n|t:|1701015431\n|move|p1a: Conkeldurr|Wide Guard|p1a: Conkeldurr\n|-singleturn|p1a: Conkeldurr|Wide Guard\n|move|p2a: Tornadus|Bleakwind Storm|p1a: Conkeldurr|[spread] \n|-activate|p1a: Conkeldurr|move: Wide Guard\n|-activate|p1b: Heatran|move: Wide Guard\n|move|p2b: Dragonite|Outrage|p1a: Conkeldurr|[from]lockedmove\n|-crit|p1a: Conkeldurr\n|-damage|p1a: Conkeldurr|0 fnt\n|faint|p1a: Conkeldurr\n|move|p1b: Heatran|Heat Wave|p2a: Tornadus|[spread] p2a,p2b\n|-resisted|p2b: Dragonite\n|-damage|p2a: Tornadus|41\/100\n|-damage|p2b: Dragonite|0 fnt\n|-status|p2a: Tornadus|brn\n|-enditem|p2a: Tornadus|Sitrus Berry|[eat]\n|-heal|p2a: Tornadus|66\/100 brn|[from] item: Sitrus Berry\n|faint|p2b: Dragonite\n|-damage|p1b: Heatran|81\/100|[from] item: Life Orb\n|\n|-damage|p2a: Tornadus|60\/100 brn|[from] brn\n|upkeep\n|\n|t:|1701015463\n|switch|p2b: Urshifu|Urshifu-Rapid-Strike, L50, M|100\/100\n|switch|p1a: Ogerpon|Ogerpon, L50, F|4\/100\n|turn|3\n|\n|t:|1701015535\n|-terastallize|p2b: Urshifu|Water\n|-terastallize|p1b: Heatran|Fairy\n|move|p2a: Tornadus|Rain Dance|p2a: Tornadus\n|-weather|RainDance\n|move|p2b: Urshifu|Aqua Jet|p1a: Ogerpon\n|-resisted|p1a: Ogerpon\n|-damage|p1a: Ogerpon|0 fnt\n|faint|p1a: Ogerpon\n|move|p1b: Heatran|Flash Cannon|p2a: Tornadus\n|-damage|p2a: Tornadus|0 fnt\n|faint|p2a: Tornadus\n|-damage|p1b: Heatran|72\/100|[from] item: Life Orb\n|\n|-weather|RainDance|[upkeep]\n|upkeep\n|\n|t:|1701015548\n|switch|p2a: Chien-Pao|Chien-Pao, L50|100\/100\n|switch|p1a: Sinistcha|Sinistcha, L50|100\/100\n|-ability|p2a: Chien-Pao|Sword of Ruin\n|-heal|p1b: Heatran|96\/100|[from] ability: Hospitality|[of] p1a: Sinistcha\n|turn|4\n|\n|t:|1701015587\n|move|p2a: Chien-Pao|Ice Spinner|p1a: Sinistcha\n|-supereffective|p1a: Sinistcha\n|-damage|p1a: Sinistcha|8\/100\n|move|p2b: Urshifu|Surging Strikes|p1a: Sinistcha\n|-resisted|p1a: Sinistcha\n|-crit|p1a: Sinistcha\n|-damage|p1a: Sinistcha|0 fnt\n|faint|p1a: Sinistcha\n|-hitcount|p1: Sinistcha|1\n|move|p1b: Heatran|Flash Cannon|p2a: Chien-Pao\n|-supereffective|p2a: Chien-Pao\n|-enditem|p2a: Chien-Pao|Focus Sash\n|-damage|p2a: Chien-Pao|1\/100\n|-damage|p1b: Heatran|87\/100|[from] item: Life Orb\n|\n|-weather|RainDance|[upkeep]\n|-sideend|p2: AgenteDino|move: Tailwind\n|upkeep\n|turn|5\n|\n|t:|1701015602\n|move|p2a: Chien-Pao|Ice Spinner|p1b: Heatran\n|-damage|p1b: Heatran|38\/100\n|move|p2b: Urshifu|Surging Strikes|p1b: Heatran\n|-crit|p1b: Heatran\n|-damage|p1b: Heatran|0 fnt\n|faint|p1b: Heatran\n|-hitcount|p1: Heatran|1\n|\n|win|AgenteDino\n|l|\u2606Arnaenaed \u223e\n|l|\u2606AgenteDino\n|j|\u2606AgenteDino\n|player|p2|AgenteDino|guitarist-gen4\n","uploadtime":1701016016,"views":3,"p1id":"arnaenaed","p2id":"agentedino","formatid":"gen9vgc2023regulatione","rating":0,"private":0,"password":""}