{"id":"gen9vgc2023regulatione-1987977207","p1":"Spo0kyMelon","p2":"YouTube Kbob332","format":"[Gen 9] VGC 2023 Regulation E","log":"|j|\u2606Spo0kyMelon\n|j|\u2606YouTube Kbob332\n|t:|1699655169\n|gametype|doubles\n|player|p1|Spo0kyMelon|bugcatcher-gen4dp|1292\n|player|p2|YouTube Kbob332|fisherman-gen4|1328\n|teamsize|p1|6\n|teamsize|p2|6\n|gen|9\n|tier|[Gen 9] VGC 2023 Regulation E\n|rated|\n|rule|Species Clause: Limit one of each Pok\u00e9mon\n|rule|Item Clause: Limit one of each item\n|clearpoke\n|poke|p1|Roaring Moon, L50|\n|poke|p1|Tinkaton, L50, F|\n|poke|p1|Gyarados, L50, F|\n|poke|p1|Armarouge, L50, F|\n|poke|p1|Clodsire, L50, F|\n|poke|p1|Arboliva, L50, M|\n|poke|p2|Sinistcha-Masterpiece, L50|\n|poke|p2|Kommo-o, L50, M|\n|poke|p2|Clefairy, L50, F|\n|poke|p2|Snorlax, L50, M|\n|poke|p2|Farigiraf, L50, M|\n|poke|p2|Landorus-Therian, L50, M|\n|teampreview|4\n|inactive|Battle timer is ON: inactive players will automatically lose when time's up. (requested by YouTube Kbob332)\n|inactive|YouTube Kbob332 has 60 seconds left.\n|\n|t:|1699655212\n|start\n|switch|p1a: Roaring Moon|Roaring Moon, L50|100\/100\n|switch|p1b: Tinkaton|Tinkaton, L50, F|100\/100\n|switch|p2a: Snorlax|Snorlax, L50, M|100\/100\n|switch|p2b: Farigiraf|Farigiraf, L50, M|100\/100\n|-enditem|p1a: Roaring Moon|Booster Energy\n|-activate|p1a: Roaring Moon|ability: Protosynthesis|[fromitem]\n|-start|p1a: Roaring Moon|protosynthesisspe\n|turn|1\n|\n|t:|1699655228\n|move|p1a: Roaring Moon|Knock Off|p2b: Farigiraf\n|-supereffective|p2b: Farigiraf\n|-damage|p2b: Farigiraf|0 fnt\n|-enditem|p2b: Farigiraf|Mental Herb|[from] move: Knock Off|[of] p1a: Roaring Moon\n|faint|p2b: Farigiraf\n|move|p1b: Tinkaton|Gigaton Hammer|p2a: Snorlax\n|-damage|p2a: Snorlax|36\/100\n|-enditem|p2a: Snorlax|Sitrus Berry|[eat]\n|-heal|p2a: Snorlax|61\/100|[from] item: Sitrus Berry\n|move|p2a: Snorlax|Belly Drum|p2a: Snorlax\n|-damage|p2a: Snorlax|11\/100\n|-setboost|p2a: Snorlax|atk|6|[from] move: Belly Drum\n|\n|upkeep\n|\n|t:|1699655243\n|switch|p2b: Clefairy|Clefairy, L50, F, shiny|100\/100\n|turn|2\n|\n|t:|1699655254\n|move|p2a: Snorlax|Protect|p2a: Snorlax\n|-singleturn|p2a: Snorlax|Protect\n|move|p1a: Roaring Moon|Breaking Swipe|p2b: Clefairy|[spread] \n|-activate|p2a: Snorlax|move: Protect\n|-immune|p2b: Clefairy\n|move|p1b: Tinkaton|Play Rough|p2a: Snorlax\n|-activate|p2a: Snorlax|move: Protect\n|move|p2b: Clefairy|Chilling Water|p1a: Roaring Moon\n|-resisted|p1a: Roaring Moon\n|-damage|p1a: Roaring Moon|97\/100\n|-unboost|p1a: Roaring Moon|atk|1\n|\n|upkeep\n|turn|3\n|inactive|YouTube Kbob332 has 30 seconds left.\n|\n|t:|1699655279\n|move|p1a: Roaring Moon|Breaking Swipe|p2b: Clefairy|[spread] p2a\n|-immune|p2b: Clefairy\n|-damage|p2a: Snorlax|2\/100\n|-unboost|p2a: Snorlax|atk|1\n|move|p1b: Tinkaton|Gigaton Hammer|p2b: Clefairy\n|-supereffective|p2b: Clefairy\n|-damage|p2b: Clefairy|0 fnt\n|faint|p2b: Clefairy\n|move|p2a: Snorlax|Facade|p1a: Roaring Moon\n|-damage|p1a: Roaring Moon|7\/100\n|\n|upkeep\n|\n|t:|1699655281\n|switch|p2b: Landorus|Landorus-Therian, L50, M|100\/100\n|-ability|p2b: Landorus|Intimidate|boost\n|-unboost|p1a: Roaring Moon|atk|1\n|-fail|p1b: Tinkaton|unboost|Attack|[from] ability: Own Tempo|[of] p1b: Tinkaton\n|turn|4\n|inactive|Spo0kyMelon has 30 seconds left.\n|inactive|YouTube Kbob332 has 30 seconds left.\n|\n|t:|1699655310\n|move|p2a: Snorlax|Protect|p2a: Snorlax\n|-singleturn|p2a: Snorlax|Protect\n|move|p1a: Roaring Moon|Breaking Swipe|p2b: Landorus|[spread] p2b\n|-activate|p2a: Snorlax|move: Protect\n|-damage|p2b: Landorus|88\/100\n|-unboost|p2b: Landorus|atk|1\n|move|p2b: Landorus|Rock Slide|p1a: Roaring Moon|[spread] p1a,p1b\n|-resisted|p1b: Tinkaton\n|-damage|p1a: Roaring Moon|0 fnt\n|-damage|p1b: Tinkaton|92\/100\n|faint|p1a: Roaring Moon\n|-end|p1a: Roaring Moon|Protosynthesis|[silent]\n|cant|p1b: Tinkaton|flinch\n|\n|upkeep\n|\n|t:|1699655327\n|switch|p1a: Gyarados|Gyarados, L50, F|100\/100\n|-ability|p1a: Gyarados|Intimidate|boost\n|-unboost|p2a: Snorlax|atk|1\n|-unboost|p2b: Landorus|atk|1\n|turn|5\n|inactive|Spo0kyMelon has 30 seconds left.\n|\n|t:|1699655355\n|switch|p1a: Clodsire|Clodsire, L50, F|100\/100\n|move|p2b: Landorus|Rock Slide|p1b: Tinkaton|[spread] p1a,p1b\n|-resisted|p1a: Clodsire\n|-resisted|p1b: Tinkaton\n|-damage|p1a: Clodsire|96\/100\n|-damage|p1b: Tinkaton|86\/100\n|move|p1b: Tinkaton|Play Rough|p2a: Snorlax\n|-damage|p2a: Snorlax|0 fnt\n|faint|p2a: Snorlax\n|\n|-heal|p1a: Clodsire|100\/100|[from] item: Leftovers\n|upkeep\n|turn|6\n|c|\u2606YouTube Kbob332|Gg nerd\n|\n|t:|1699655374\n|move|p2b: Landorus|Rock Slide|p1b: Tinkaton|[spread] p1a,p1b\n|-resisted|p1a: Clodsire\n|-resisted|p1b: Tinkaton\n|-damage|p1a: Clodsire|96\/100\n|-damage|p1b: Tinkaton|80\/100\n|cant|p1b: Tinkaton|flinch\n|move|p1a: Clodsire|Toxic|p2b: Landorus\n|-status|p2b: Landorus|tox\n|\n|-heal|p1a: Clodsire|100\/100|[from] item: Leftovers\n|-damage|p2b: Landorus|82\/100 tox|[from] psn\n|upkeep\n|turn|7\n|c|\u2606YouTube Kbob332|go touch grass\n|-message|YouTube Kbob332 forfeited.\n|\n|win|Spo0kyMelon\n|raw|Spo0kyMelon's rating: 1292 &rarr; <strong>1320<\/strong><br \/>(+28 for winning)\n|raw|YouTube Kbob332's rating: 1328 &rarr; <strong>1306<\/strong><br \/>(-22 for losing)\n|l|\u2606YouTube Kbob332\n","uploadtime":1699655391,"views":30,"p1id":"spo0kymelon","p2id":"youtubekbob332","formatid":"gen9vgc2023regulatione","rating":1306,"private":0,"password":""}