{"id":"gen9vgc2023regulatione-1999380642","p1":"fukamiaoi","p2":"BigD777","format":"[Gen 9] VGC 2023 Regulation E","log":"|j|\u2606fukamiaoi\n|j|\u2606BigD777\n|t:|1701070489\n|gametype|doubles\n|player|p1|fukamiaoi|dawn-gen4pt|1100\n|player|p2|BigD777|170|1031\n|teamsize|p1|6\n|teamsize|p2|6\n|gen|9\n|tier|[Gen 9] VGC 2023 Regulation E\n|rated|\n|rule|Species Clause: Limit one of each Pok\u00e9mon\n|rule|Item Clause: Limit one of each item\n|clearpoke\n|poke|p1|Gholdengo, L50|\n|poke|p1|Golem, L50, F|\n|poke|p1|Cresselia, L50, F|\n|poke|p1|Iron Hands, L50|\n|poke|p1|Crawdaunt, L50, F|\n|poke|p1|Dragonite, L50, F|\n|poke|p2|Hydreigon, L50, M|\n|poke|p2|Clefairy, L50, F|\n|poke|p2|Gengar, L50, M|\n|poke|p2|Muk-Alola, L50, F|\n|poke|p2|Cloyster, L50, F|\n|poke|p2|Volcarona, L50, F|\n|teampreview|4\n|\n|t:|1701070520\n|start\n|switch|p1a: Cresselia|Cresselia, L50, F|100\/100\n|switch|p1b: Gholdengo|Gholdengo, L50|100\/100\n|switch|p2a: Da bussy|Cloyster, L50, F, shiny|100\/100\n|switch|p2b: Blood|Volcarona, L50, F, shiny|100\/100\n|turn|1\n|\n|t:|1701070548\n|switch|p1b: Dragonite|Dragonite, L50, F|100\/100\n|move|p2b: Blood|Flamethrower|p1b: Dragonite\n|-resisted|p1b: Dragonite\n|-damage|p1b: Dragonite|84\/100\n|-damage|p2b: Blood|91\/100|[from] item: Life Orb\n|move|p2a: Da bussy|Icicle Spear|p1a: Cresselia\n|-damage|p1a: Cresselia|95\/100\n|-damage|p1a: Cresselia|88\/100\n|-damage|p1a: Cresselia|81\/100\n|-damage|p1a: Cresselia|74\/100\n|-damage|p1a: Cresselia|67\/100\n|-hitcount|p1a: Cresselia|5\n|move|p1a: Cresselia|Trick Room|p1a: Cresselia\n|-fieldstart|move: Trick Room|[of] p1a: Cresselia\n|\n|upkeep\n|turn|2\n|\n|t:|1701070580\n|move|p2a: Da bussy|Icicle Spear|p1b: Dragonite\n|-supereffective|p1b: Dragonite\n|-damage|p1b: Dragonite|50\/100\n|-supereffective|p1b: Dragonite\n|-damage|p1b: Dragonite|17\/100\n|-supereffective|p1b: Dragonite\n|-damage|p1b: Dragonite|0 fnt\n|faint|p1b: Dragonite\n|-hitcount|p1: Dragonite|3\n|move|p1a: Cresselia|Lunar Blessing|p1a: Cresselia\n|-heal|p1a: Cresselia|92\/100\n|move|p2b: Blood|Air Slash|p1a: Cresselia|[miss]\n|-miss|p2b: Blood|p1a: Cresselia\n|\n|upkeep\n|\n|t:|1701070599\n|switch|p1b: Iron Hands|Iron Hands, L50|100\/100\n|turn|3\n|\n|t:|1701070627\n|move|p2a: Da bussy|Protect|p2a: Da bussy\n|-singleturn|p2a: Da bussy|Protect\n|move|p1b: Iron Hands|Fake Out|p2a: Da bussy\n|-activate|p2a: Da bussy|move: Protect\n|move|p1a: Cresselia|Moonblast|p2a: Da bussy\n|-activate|p2a: Da bussy|move: Protect\n|move|p2b: Blood|Quiver Dance|p2b: Blood\n|-boost|p2b: Blood|spa|1\n|-boost|p2b: Blood|spd|1\n|-boost|p2b: Blood|spe|1\n|\n|upkeep\n|turn|4\n|\n|t:|1701070654\n|move|p1b: Iron Hands|Play Rough|p2b: Blood\n|-resisted|p2b: Blood\n|-crit|p2b: Blood\n|-damage|p2b: Blood|46\/100\n|move|p2a: Da bussy|Icicle Spear|p1b: Iron Hands\n|-damage|p1b: Iron Hands|94\/100\n|-damage|p1b: Iron Hands|88\/100\n|-damage|p1b: Iron Hands|82\/100\n|-damage|p1b: Iron Hands|76\/100\n|-damage|p1b: Iron Hands|70\/100\n|-hitcount|p1b: Iron Hands|5\n|move|p1a: Cresselia|Moonblast|p2b: Blood\n|-resisted|p2b: Blood\n|-damage|p2b: Blood|37\/100\n|move|p2b: Blood|Flamethrower|p1b: Iron Hands\n|-damage|p1b: Iron Hands|12\/100\n|-damage|p2b: Blood|27\/100|[from] item: Life Orb\n|\n|upkeep\n|turn|5\n|\n|t:|1701070686\n|move|p2a: Da bussy|Ice Shard|p1b: Iron Hands\n|-damage|p1b: Iron Hands|2\/100\n|move|p1b: Iron Hands|Drain Punch|p2b: Blood\n|-resisted|p2b: Blood\n|-damage|p2b: Blood|0 fnt\n|-heal|p1b: Iron Hands|11\/100|[from] drain|[of] p2b: Blood\n|faint|p2b: Blood\n|move|p1a: Cresselia|Lunar Blessing|p1a: Cresselia|[spread] p1a,p1b\n|-heal|p1a: Cresselia|100\/100\n|-heal|p1b: Iron Hands|36\/100\n|\n|-fieldend|move: Trick Room\n|upkeep\n|\n|t:|1701070701\n|switch|p2b: Rod Wave|Gengar, L50, M, shiny|100\/100\n|turn|6\n|\n|t:|1701070727\n|-end|p1b: Iron Hands|Quark Drive|[silent]\n|switch|p1b: Gholdengo|Gholdengo, L50|100\/100\n|move|p2b: Rod Wave|Shadow Ball|p1a: Cresselia\n|-supereffective|p1a: Cresselia\n|-damage|p1a: Cresselia|43\/100\n|move|p1a: Cresselia|Moonblast|p2a: Da bussy\n|-damage|p2a: Da bussy|60\/100\n|move|p2a: Da bussy|Icicle Spear|p1b: Gholdengo\n|-resisted|p1b: Gholdengo\n|-damage|p1b: Gholdengo|95\/100\n|-resisted|p1b: Gholdengo\n|-damage|p1b: Gholdengo|90\/100\n|-resisted|p1b: Gholdengo\n|-damage|p1b: Gholdengo|86\/100\n|-resisted|p1b: Gholdengo\n|-damage|p1b: Gholdengo|81\/100\n|-resisted|p1b: Gholdengo\n|-damage|p1b: Gholdengo|76\/100\n|-hitcount|p1b: Gholdengo|5\n|\n|-heal|p2a: Da bussy|66\/100|[from] item: Leftovers\n|upkeep\n|turn|7\n|\n|t:|1701070757\n|-terastallize|p1b: Gholdengo|Steel\n|move|p2b: Rod Wave|Shadow Ball|p1b: Gholdengo\n|-damage|p1b: Gholdengo|34\/100\n|move|p1b: Gholdengo|Make It Rain|p2b: Rod Wave|[spread] p2a,p2b\n|-damage|p2a: Da bussy|0 fnt\n|-enditem|p2b: Rod Wave|Focus Sash\n|-damage|p2b: Rod Wave|1\/100\n|-unboost|p1b: Gholdengo|spa|1\n|faint|p2a: Da bussy\n|move|p1a: Cresselia|Lunar Blessing|p1a: Cresselia|[spread] p1a\n|-immune|p1b: Gholdengo|[from] ability: Good as Gold\n|-heal|p1a: Cresselia|67\/100\n|\n|upkeep\n|\n|t:|1701070775\n|switch|p2a: Randy|Hydreigon, L50, M, shiny|100\/100\n|turn|8\n|\n|t:|1701070800\n|move|p2b: Rod Wave|Shadow Ball|p1b: Gholdengo\n|-damage|p1b: Gholdengo|0 fnt\n|faint|p1b: Gholdengo\n|move|p2a: Randy|Dark Pulse|p1a: Cresselia\n|-supereffective|p1a: Cresselia\n|-damage|p1a: Cresselia|12\/100\n|cant|p1a: Cresselia|flinch\n|\n|upkeep\n|\n|t:|1701070808\n|switch|p1b: Iron Hands|Iron Hands, L50|36\/100\n|turn|9\n|\n|t:|1701070823\n|move|p1b: Iron Hands|Fake Out|p2a: Randy\n|-damage|p2a: Randy|81\/100\n|move|p2b: Rod Wave|Shadow Ball|p1a: Cresselia\n|-supereffective|p1a: Cresselia\n|-damage|p1a: Cresselia|0 fnt\n|faint|p1a: Cresselia\n|cant|p2a: Randy|flinch\n|\n|upkeep\n|turn|10\n|\n|t:|1701070840\n|move|p2b: Rod Wave|Shadow Ball|p1b: Iron Hands\n|-damage|p1b: Iron Hands|12\/100\n|move|p2a: Randy|Draco Meteor|p1b: Iron Hands|[miss]\n|-miss|p2a: Randy|p1b: Iron Hands\n|move|p1b: Iron Hands|Play Rough|p2a: Randy\n|-supereffective|p2a: Randy\n|-enditem|p2a: Randy|Roseli Berry|[eat]\n|-enditem|p2a: Randy|Roseli Berry|[weaken]\n|-damage|p2a: Randy|2\/100\n|\n|upkeep\n|turn|11\n|-message|fukamiaoi forfeited.\n|\n|win|BigD777\n|raw|fukamiaoi's rating: 1100 &rarr; <strong>1070<\/strong><br \/>(-30 for losing)\n|raw|BigD777's rating: 1031 &rarr; <strong>1073<\/strong><br \/>(+42 for winning)\n|l|\u2606BigD777\n","uploadtime":1701070880,"views":3,"p1id":"fukamiaoi","p2id":"bigd777","formatid":"gen9vgc2023regulatione","rating":1070,"private":0,"password":""}