{"id":"gen9vgc2023regulatione-1996099618","p1":"Jo-C2019!","p2":"hjgklm3k","format":"[Gen 9] VGC 2023 Regulation E","log":"|j|\u2606Jo-C2019!\n|j|\u2606hjgklm3k\n|t:|1700644004\n|gametype|doubles\n|player|p1|Jo-C2019!|2|1371\n|player|p2|hjgklm3k|169|1374\n|teamsize|p1|6\n|teamsize|p2|6\n|gen|9\n|tier|[Gen 9] VGC 2023 Regulation E\n|rated|\n|rule|Species Clause: Limit one of each Pok\u00e9mon\n|rule|Item Clause: Limit one of each item\n|clearpoke\n|poke|p1|Gholdengo, L50|\n|poke|p1|Iron Hands, L50|\n|poke|p1|Amoonguss, L50, F|\n|poke|p1|Iron Bundle, L50|\n|poke|p1|Pelipper, L50, M|\n|poke|p1|Salamence, L50, M|\n|poke|p2|Flutter Mane, L50|\n|poke|p2|Chi-Yu, L50|\n|poke|p2|Ogerpon, L50, F|\n|poke|p2|Roaring Moon, L50|\n|poke|p2|Clefairy, L50, M|\n|poke|p2|Urshifu-*, L50, F|\n|teampreview|4\n|l|\u2606Jo-C2019!\n|player|p1|\n|j|\u2606Jo-C2019!\n|player|p1|Jo-C2019!|2\n|\n|t:|1700644142\n|start\n|switch|p1a: Iron Hands|Iron Hands, L50|100\/100\n|switch|p1b: Gholdengo|Gholdengo, L50|100\/100\n|switch|p2a: Roaring Moon|Roaring Moon, L50|100\/100\n|switch|p2b: Chi-Yu|Chi-Yu, L50|100\/100\n|-ability|p2b: Chi-Yu|Beads of Ruin\n|-enditem|p2a: Roaring Moon|Booster Energy\n|-activate|p2a: Roaring Moon|ability: Protosynthesis|[fromitem]\n|-start|p2a: Roaring Moon|protosynthesisspe\n|turn|1\n|\n|t:|1700644202\n|-terastallize|p2b: Chi-Yu|Ghost\n|-terastallize|p1a: Iron Hands|Water\n|move|p1b: Gholdengo|Protect|p1b: Gholdengo\n|-singleturn|p1b: Gholdengo|Protect\n|move|p2a: Roaring Moon|Knock Off|p1b: Gholdengo\n|-activate|p1b: Gholdengo|move: Protect\n|move|p2b: Chi-Yu|Overheat|p1a: Iron Hands|[miss]\n|-miss|p2b: Chi-Yu|p1a: Iron Hands\n|move|p1a: Iron Hands|Drain Punch|p2b: Chi-Yu\n|-immune|p2b: Chi-Yu\n|\n|upkeep\n|turn|2\n|l|\u2606Jo-C2019!\n|player|p1|\n|j|\u2606Jo-C2019!\n|player|p1|Jo-C2019!|2\n|\n|t:|1700644272\n|switch|p1b: Pelipper|Pelipper, L50, M|100\/100\n|-weather|RainDance|[from] ability: Drizzle|[of] p1b: Pelipper\n|move|p2a: Roaring Moon|Tailwind|p2a: Roaring Moon\n|-sidestart|p2: hjgklm3k|move: Tailwind\n|move|p2b: Chi-Yu|Overheat|p1b: Pelipper\n|-resisted|p1b: Pelipper\n|-crit|p1b: Pelipper\n|-damage|p1b: Pelipper|41\/100\n|-unboost|p2b: Chi-Yu|spa|2\n|move|p1a: Iron Hands|Drain Punch|p2a: Roaring Moon\n|-supereffective|p2a: Roaring Moon\n|-damage|p2a: Roaring Moon|0 fnt\n|faint|p2a: Roaring Moon\n|-end|p2a: Roaring Moon|Protosynthesis|[silent]\n|\n|-weather|RainDance|[upkeep]\n|upkeep\n|\n|t:|1700644310\n|switch|p2a: Ogerpon|Ogerpon, L50, F|100\/100\n|turn|3\n|\n|t:|1700644342\n|switch|p2b: Urshifu|Urshifu-Rapid-Strike, L50, F|100\/100\n|-end|p1a: Iron Hands|Quark Drive|[silent]\n|switch|p1a: Salamence|Salamence, L50, M|100\/100\n|-ability|p1a: Salamence|Intimidate|boost\n|-unboost|p2a: Ogerpon|atk|1\n|-ability|p2a: Ogerpon|Defiant|boost\n|-boost|p2a: Ogerpon|atk|2\n|-unboost|p2b: Urshifu|atk|1\n|move|p2a: Ogerpon|Ivy Cudgel|p1b: Pelipper\n|-crit|p1b: Pelipper\n|-damage|p1b: Pelipper|0 fnt\n|faint|p1b: Pelipper\n|-damage|p2a: Ogerpon|91\/100|[from] item: Life Orb\n|\n|-weather|RainDance|[upkeep]\n|upkeep\n|\n|t:|1700644358\n|switch|p1b: Iron Hands|Iron Hands, L50, tera:Water|100\/100\n|turn|4\n|\n|t:|1700644372\n|switch|p2b: Chi-Yu|Chi-Yu, L50, tera:Ghost|100\/100\n|-ability|p2b: Chi-Yu|Beads of Ruin\n|move|p2a: Ogerpon|Spiky Shield|p2a: Ogerpon\n|-singleturn|p2a: Ogerpon|move: Protect\n|move|p1b: Iron Hands|Fake Out|p2b: Chi-Yu\n|-immune|p2b: Chi-Yu\n|move|p1a: Salamence|Hurricane|p2b: Chi-Yu\n|-damage|p2b: Chi-Yu|40\/100\n|\n|-weather|RainDance|[upkeep]\n|upkeep\n|turn|5\n|\n|t:|1700644384\n|move|p2b: Chi-Yu|Dark Pulse|p1b: Iron Hands\n|-crit|p1b: Iron Hands\n|-damage|p1b: Iron Hands|48\/100\n|move|p2a: Ogerpon|Play Rough|p1a: Salamence\n|-supereffective|p1a: Salamence\n|-damage|p1a: Salamence|0 fnt\n|faint|p1a: Salamence\n|-damage|p2a: Ogerpon|81\/100|[from] item: Life Orb\n|move|p1b: Iron Hands|Wild Charge|p2b: Chi-Yu\n|-damage|p2b: Chi-Yu|0 fnt\n|faint|p2b: Chi-Yu\n|-damage|p1b: Iron Hands|42\/100|[from] Recoil\n|\n|-weather|RainDance|[upkeep]\n|-sideend|p2: hjgklm3k|move: Tailwind\n|upkeep\n|\n|t:|1700644395\n|switch|p1a: Gholdengo|Gholdengo, L50|100\/100\n|switch|p2b: Urshifu|Urshifu-Rapid-Strike, L50, F|100\/100\n|turn|6\n|\n|t:|1700644411\n|move|p2a: Ogerpon|Ivy Cudgel|p1b: Iron Hands\n|-supereffective|p1b: Iron Hands\n|-damage|p1b: Iron Hands|0 fnt\n|faint|p1b: Iron Hands\n|-end|p1b: Iron Hands|Quark Drive|[silent]\n|-damage|p2a: Ogerpon|71\/100|[from] item: Life Orb\n|move|p2b: Urshifu|Surging Strikes|p1a: Gholdengo\n|-crit|p1a: Gholdengo\n|-damage|p1a: Gholdengo|63\/100\n|-crit|p1a: Gholdengo\n|-damage|p1a: Gholdengo|25\/100\n|-crit|p1a: Gholdengo\n|-damage|p1a: Gholdengo|0 fnt\n|faint|p1a: Gholdengo\n|-hitcount|p1: Gholdengo|3\n|\n|win|hjgklm3k\n|raw|Jo-C2019!'s rating: 1371 &rarr; <strong>1351<\/strong><br \/>(-20 for losing)\n|raw|hjgklm3k's rating: 1374 &rarr; <strong>1394<\/strong><br \/>(+20 for winning)\n","uploadtime":1700644415,"views":3,"p1id":"joc2019","p2id":"hjgklm3k","formatid":"gen9vgc2023regulatione","rating":1351,"private":0,"password":""}