{"id":"gen9vgc2023regulatione-1996245103","p1":"shadowgamer13","p2":"brunikolas","format":"[Gen 9] VGC 2023 Regulation E","log":"|j|\u2606shadowgamer13\n|j|\u2606brunikolas\n|t:|1700663446\n|gametype|doubles\n|player|p1|shadowgamer13|larry|1000\n|player|p2|brunikolas|170|1024\n|teamsize|p1|6\n|teamsize|p2|6\n|gen|9\n|tier|[Gen 9] VGC 2023 Regulation E\n|rated|\n|rule|Species Clause: Limit one of each Pok\u00e9mon\n|rule|Item Clause: Limit one of each item\n|clearpoke\n|poke|p1|Ogerpon-Wellspring, L50, F|\n|poke|p1|Regieleki, L50|\n|poke|p1|Indeedee-F, L50, F|\n|poke|p1|Tornadus, L50, M|\n|poke|p1|Chi-Yu, L50|\n|poke|p1|Flutter Mane, L50|\n|poke|p2|Slaking, L50, F|\n|poke|p2|Weezing-Galar, L50, M|\n|poke|p2|Zoroark-Hisui, L50, F|\n|poke|p2|Iron Hands, L50|\n|poke|p2|Flutter Mane, L50|\n|poke|p2|Roaring Moon, L50|\n|teampreview|4\nbrunikolas rejected open team sheets.\n|\n|t:|1700663487\n|start\n|switch|p1a: Indeedee|Indeedee-F, L50, F|100\/100\n|switch|p1b: Regieleki|Regieleki, L50|100\/100\n|switch|p2a: Slaking|Slaking, L50, F|100\/100\n|switch|p2b: Weezing|Weezing-Galar, L50, M|100\/100\n|-ability|p2b: Weezing|Neutralizing Gas\n|turn|1\n|\n|t:|1700663518\n|move|p1a: Indeedee|Helping Hand|p1b: Regieleki\n|-singleturn|p1b: Regieleki|Helping Hand|[of] p1a: Indeedee\n|move|p1b: Regieleki|Electroweb|p2b: Weezing|[spread] p2a,p2b\n|-damage|p2a: Slaking|63\/100\n|-damage|p2b: Weezing|62\/100\n|-unboost|p2a: Slaking|spe|1\n|-unboost|p2b: Weezing|spe|1\n|move|p2a: Slaking|Giga Impact|p1a: Indeedee|[miss]\n|-miss|p2a: Slaking|p1a: Indeedee\n|move|p2b: Weezing|Dazzling Gleam|p1a: Indeedee|[spread] p1a,p1b\n|-damage|p1a: Indeedee|81\/100\n|-damage|p1b: Regieleki|64\/100\n|\n|-heal|p2b: Weezing|68\/100|[from] item: Leftovers\n|upkeep\n|turn|2\n|\n|t:|1700663552\n|move|p1a: Indeedee|Helping Hand|p1b: Regieleki\n|-singleturn|p1b: Regieleki|Helping Hand|[of] p1a: Indeedee\n|move|p1b: Regieleki|Thunderbolt|p2a: Slaking\n|-damage|p2a: Slaking|0 fnt\n|faint|p2a: Slaking\n|move|p2b: Weezing|Dazzling Gleam|p1b: Regieleki|[spread] p1a,p1b\n|-damage|p1a: Indeedee|62\/100\n|-damage|p1b: Regieleki|31\/100\n|\n|-heal|p2b: Weezing|74\/100|[from] item: Leftovers\n|upkeep\n|\n|t:|1700663568\n|switch|p2a: Roaring Moon|Roaring Moon, L50|100\/100\n|-enditem|p2a: Roaring Moon|Booster Energy\n|-activate|p2a: Roaring Moon|ability: Protosynthesis|[fromitem]\n|-start|p2a: Roaring Moon|protosynthesisspe\n|turn|3\n|\n|t:|1700663592\n|move|p1a: Indeedee|Helping Hand|p1b: Regieleki\n|-singleturn|p1b: Regieleki|Helping Hand|[of] p1a: Indeedee\n|move|p1b: Regieleki|Electroweb|p2a: Roaring Moon|[spread] p2a,p2b\n|-resisted|p2a: Roaring Moon\n|-crit|p2b: Weezing\n|-damage|p2a: Roaring Moon|86\/100\n|-damage|p2b: Weezing|14\/100\n|-unboost|p2a: Roaring Moon|spe|1\n|-unboost|p2b: Weezing|spe|1\n|move|p2a: Roaring Moon|Knock Off|p1b: Regieleki\n|-damage|p1b: Regieleki|0 fnt\n|-enditem|p1b: Regieleki|Magnet|[from] move: Knock Off|[of] p2a: Roaring Moon\n|faint|p1b: Regieleki\n|move|p2b: Weezing|Dazzling Gleam|p1a: Indeedee\n|-damage|p1a: Indeedee|38\/100\n|\n|-heal|p2b: Weezing|20\/100|[from] item: Leftovers\n|upkeep\n|\n|t:|1700663605\n|switch|p1b: Flutter Mane|Flutter Mane, L50|100\/100\n|turn|4\n|\n|t:|1700663622\n|-terastallize|p2a: Roaring Moon|Poison\n|move|p1a: Indeedee|Helping Hand|p1b: Flutter Mane\n|-singleturn|p1b: Flutter Mane|Helping Hand|[of] p1a: Indeedee\n|move|p1b: Flutter Mane|Dazzling Gleam|p2b: Weezing|[spread] p2a,p2b\n|-resisted|p2a: Roaring Moon\n|-resisted|p2b: Weezing\n|-crit|p2b: Weezing\n|-damage|p2a: Roaring Moon|66\/100\n|-damage|p2b: Weezing|0 fnt\n|faint|p2b: Weezing\n|-end|p2b: Weezing|ability: Neutralizing Gas\n|-fieldstart|move: Psychic Terrain|[from] ability: Psychic Surge|[of] p1a: Indeedee\n|-enditem|p1a: Indeedee|Psychic Seed\n|-boost|p1a: Indeedee|spd|1|[from] item: Psychic Seed\n|move|p2a: Roaring Moon|Tailwind|p2a: Roaring Moon\n|-sidestart|p2: brunikolas|move: Tailwind\n|\n|upkeep\n|\n|t:|1700663635\n|switch|p2b: Iron Hands|Iron Hands, L50|100\/100\n|turn|5\n|\n|t:|1700663663\n|move|p2a: Roaring Moon|Acrobatics|p1a: Indeedee\n|-damage|p1a: Indeedee|0 fnt\n|faint|p1a: Indeedee\n|move|p1b: Flutter Mane|Moonblast|p2b: Iron Hands\n|-supereffective|p2b: Iron Hands\n|-damage|p2b: Iron Hands|38\/100\n|move|p2b: Iron Hands|Wild Charge|p1b: Flutter Mane\n|-enditem|p1b: Flutter Mane|Focus Sash\n|-damage|p1b: Flutter Mane|1\/100\n|-damage|p2b: Iron Hands|25\/100|[from] Recoil\n|\n|upkeep\n|\n|t:|1700663668\n|switch|p1a: Ogerpon|Ogerpon-Wellspring, L50, F|100\/100\n|turn|6\n|\n|t:|1700663696\n|move|p2a: Roaring Moon|Acrobatics|p1a: Ogerpon\n|-supereffective|p1a: Ogerpon\n|-damage|p1a: Ogerpon|0 fnt\n|faint|p1a: Ogerpon\n|move|p1b: Flutter Mane|Moonblast|p2b: Iron Hands\n|-supereffective|p2b: Iron Hands\n|-damage|p2b: Iron Hands|0 fnt\n|faint|p2b: Iron Hands\n|-end|p2b: Iron Hands|Quark Drive|[silent]\n|\n|upkeep\n|turn|7\n|\n|t:|1700663705\n|move|p2a: Roaring Moon|Acrobatics|p1b: Flutter Mane\n|-damage|p1b: Flutter Mane|0 fnt\n|faint|p1b: Flutter Mane\n|-end|p1b: Flutter Mane|Protosynthesis|[silent]\n|\n|win|brunikolas\n|raw|shadowgamer13's rating: 1000 &rarr; <strong>1000<\/strong><br \/>(+0 for losing)\n|raw|brunikolas's rating: 1024 &rarr; <strong>1058<\/strong><br \/>(+34 for winning)\n|l|\u2606shadowgamer13\n","uploadtime":1700663719,"views":9,"p1id":"shadowgamer13","p2id":"brunikolas","formatid":"gen9vgc2023regulatione","rating":1000,"private":0,"password":""}