{"id":"gen9vgc2023regulatione-1990517063","p1":"fdsafdasfd","p2":"Piedpiperofkarl","format":"[Gen 9] VGC 2023 Regulation E","log":"|j|\u2606fdsafdasfd\n|j|\u2606Piedpiperofkarl\n|t:|1699977951\n|gametype|doubles\n|player|p1|fdsafdasfd|beauty|1000\n|player|p2|Piedpiperofkarl|steven|1045\n|teamsize|p1|6\n|teamsize|p2|6\n|gen|9\n|tier|[Gen 9] VGC 2023 Regulation E\n|rated|\n|rule|Species Clause: Limit one of each Pok\u00e9mon\n|rule|Item Clause: Limit one of each item\n|clearpoke\n|poke|p1|Chien-Pao, L50|\n|poke|p1|Amoonguss, L50, M|\n|poke|p1|Hatterene, L50, F|\n|poke|p1|Gyarados, L50, M|\n|poke|p1|Volcarona, L50, M|\n|poke|p1|Ogerpon, L50, F|\n|poke|p2|Gholdengo, L50|\n|poke|p2|Jumpluff, L50, F|\n|poke|p2|Indeedee-F, L50, F|\n|poke|p2|Azelf, L50|\n|poke|p2|Ceruledge, L50, M|\n|poke|p2|Clefairy, L50, F|\n|teampreview|4\n|inactive|Battle timer is ON: inactive players will automatically lose when time's up. (requested by Piedpiperofkarl)\n|inactive|fdsafdasfd has 60 seconds left.\n|inactive|fdsafdasfd has 30 seconds left.\n|\n|t:|1699978049\n|start\n|switch|p1a: Hatterene|Hatterene, L50, F|100\/100\n|switch|p1b: Amoonguss|Amoonguss, L50, M|100\/100\n|switch|p2a: Jumpluff|Jumpluff, L50, F|100\/100\n|switch|p2b: Ceruledge|Ceruledge, L50, M, shiny|100\/100\n|turn|1\n|inactive|Piedpiperofkarl has 30 seconds left.\n|inactive|Piedpiperofkarl has 20 seconds left.\n|\n|t:|1699978084\n|move|p2a: Jumpluff|Fling|p2b: Ceruledge\n|-supereffective|p2b: Ceruledge\n|-damage|p2b: Ceruledge|97\/100\n|-boost|p2b: Ceruledge|spe|1|[from] item: Salac Berry\n|-ability|p2b: Ceruledge|Weak Armor|boost\n|-unboost|p2b: Ceruledge|def|1\n|-boost|p2b: Ceruledge|spe|2\n|-enditem|p2b: Ceruledge|Weakness Policy\n|-boost|p2b: Ceruledge|atk|2|[from] item: Weakness Policy\n|-boost|p2b: Ceruledge|spa|2|[from] item: Weakness Policy\n|-enditem|p2a: Jumpluff|Salac Berry|[from] move: Fling\n|move|p2b: Ceruledge|Poltergeist|p1a: Hatterene\n|-activate|p1a: Hatterene|move: Poltergeist|Covert Cloak\n|-supereffective|p1a: Hatterene\n|-damage|p1a: Hatterene|0 fnt\n|faint|p1a: Hatterene\n|move|p1b: Amoonguss|Spore|p2b: Ceruledge\n|-status|p2b: Ceruledge|slp|[from] move: Spore\n|\n|upkeep\n|inactive|fdsafdasfd has 30 seconds left.\n|\n|t:|1699978117\n|switch|p1a: Chien-Pao|Chien-Pao, L50|100\/100\n|-ability|p1a: Chien-Pao|Sword of Ruin\n|turn|2\n|\n|t:|1699978132\n|move|p1b: Amoonguss|Rage Powder|p1b: Amoonguss\n|-singleturn|p1b: Amoonguss|move: Rage Powder\n|move|p1a: Chien-Pao|Sucker Punch|p2b: Ceruledge\n|-supereffective|p2b: Ceruledge\n|-damage|p2b: Ceruledge|0 fnt\n|faint|p2b: Ceruledge\n|move|p2a: Jumpluff|Memento|p1a: Chien-Pao\n|-unboost|p1a: Chien-Pao|atk|2\n|-unboost|p1a: Chien-Pao|spa|2\n|faint|p2a: Jumpluff\n|\n|upkeep\n|\n|t:|1699978141\n|switch|p2a: Clefairy|Clefairy, L50, F|100\/100\n|switch|p2b: Azelf|Azelf, L50|100\/100\n|turn|3\n|\n|t:|1699978154\n|switch|p1a: Ogerpon|Ogerpon, L50, F|100\/100\n|move|p2b: Azelf|Protect|p2b: Azelf\n|-singleturn|p2b: Azelf|Protect\n|move|p2a: Clefairy|Icy Wind|p1a: Ogerpon|[spread] p1b\n|-miss|p2a: Clefairy|p1a: Ogerpon\n|-supereffective|p1b: Amoonguss\n|-damage|p1b: Amoonguss|90\/100\n|-unboost|p1b: Amoonguss|spe|1\n|move|p1b: Amoonguss|Spore|p2b: Azelf\n|-activate|p2b: Azelf|move: Protect\n|\n|upkeep\n|turn|4\n|\n|t:|1699978176\n|move|p1a: Ogerpon|Spiky Shield|p1a: Ogerpon\n|-singleturn|p1a: Ogerpon|move: Protect\n|move|p2a: Clefairy|Follow Me|p2a: Clefairy\n|-singleturn|p2a: Clefairy|move: Follow Me\n|move|p2b: Azelf|Zen Headbutt|p1a: Ogerpon\n|-activate|p1a: Ogerpon|move: Protect\n|-damage|p2b: Azelf|89\/100|[from] Spiky Shield|[of] p1a: Ogerpon\n|move|p1b: Amoonguss|Spore|p2a: Clefairy\n|-status|p2a: Clefairy|slp|[from] move: Spore\n|\n|upkeep\n|turn|5\n|inactive|fdsafdasfd has 30 seconds left.\n|\n|t:|1699978206\n|-terastallize|p2b: Azelf|Normal\n|cant|p2a: Clefairy|slp\n|move|p2b: Azelf|Explosion|p1a: Ogerpon|[spread] p2a,p1a,p1b\n|-enditem|p2b: Azelf|Normal Gem|[from] gem\n|-crit|p1b: Amoonguss\n|-damage|p2a: Clefairy|0 fnt\n|-damage|p1a: Ogerpon|0 fnt\n|-damage|p1b: Amoonguss|0 fnt\n|faint|p2b: Azelf\n|faint|p2a: Clefairy\n|faint|p1a: Ogerpon\n|faint|p1b: Amoonguss\n|\n|win|fdsafdasfd\n|raw|fdsafdasfd's rating: 1000 &rarr; <strong>1045<\/strong><br \/>(+45 for winning)\n|raw|Piedpiperofkarl's rating: 1045 &rarr; <strong>1026<\/strong><br \/>(-19 for losing)\n|c|\u2606Piedpiperofkarl|Gg\n|l|\u2606Piedpiperofkarl\n","uploadtime":1699978258,"views":12,"p1id":"fdsafdasfd","p2id":"piedpiperofkarl","formatid":"gen9vgc2023regulatione","rating":1026,"private":0,"password":""}