{"id":"gen9vgc2023regulatione-1989874072","p1":"Kid Kommy","p2":"Originalcojo","format":"[Gen 9] VGC 2023 Regulation E","log":"|j|\u2606Kid Kommy\n|j|\u2606Originalcojo\n|t:|1699902916\n|gametype|doubles\n|player|p1|Kid Kommy|backpackerf|1390\n|player|p2|Originalcojo|265|1437\n|teamsize|p1|6\n|teamsize|p2|6\n|gen|9\n|tier|[Gen 9] VGC 2023 Regulation E\n|rated|\n|rule|Species Clause: Limit one of each Pok\u00e9mon\n|rule|Item Clause: Limit one of each item\n|clearpoke\n|poke|p1|Landorus-Therian, L50, M|\n|poke|p1|Scizor, L50, F|\n|poke|p1|Regidrago, L50|\n|poke|p1|Tornadus, L50, M|\n|poke|p1|Milotic, L50, F|\n|poke|p1|Iron Hands, L50|\n|poke|p2|Iron Hands, L50|\n|poke|p2|Arcanine-Hisui, L50, M|\n|poke|p2|Moltres-Galar, L50|\n|poke|p2|Clefairy, L50, F|\n|poke|p2|Sinistcha, L50|\n|poke|p2|Palafin, L50, M|\n|teampreview|4\n|inactive|Battle timer is ON: inactive players will automatically lose when time's up. (requested by Kid Kommy)\n|j| QueenFluffyShadow\n|inactive|Kid Kommy has 60 seconds left.\n|inactive|Originalcojo has 60 seconds left.\n|\n|t:|1699902966\n|start\n|switch|p1a: Tornadus|Tornadus, L50, M|100\/100\n|switch|p1b: Landorus|Landorus-Therian, L50, M|100\/100\n|switch|p2a: Iron Hands|Iron Hands, L50|100\/100\n|switch|p2b: Moltres|Moltres-Galar, L50, shiny|100\/100\n|-ability|p1b: Landorus|Intimidate|boost\n|-unboost|p2a: Iron Hands|atk|1\n|-unboost|p2b: Moltres|atk|1\n|turn|1\n|inactive|Kid Kommy has 30 seconds left.\n|\n|t:|1699902996\n|move|p2a: Iron Hands|Fake Out|p1b: Landorus\n|-damage|p1b: Landorus|87\/100\n|cant|p1b: Landorus|flinch\n|move|p1a: Tornadus|Bleakwind Storm|p2a: Iron Hands|[spread] p2a,p2b\n|-damage|p2a: Iron Hands|78\/100\n|-damage|p2b: Moltres|70\/100\n|-unboost|p2b: Moltres|spe|1\n|move|p2b: Moltres|Nasty Plot|p2b: Moltres\n|-boost|p2b: Moltres|spa|2\n|\n|upkeep\n|turn|2\n|\n|t:|1699903012\n|-end|p2a: Iron Hands|Quark Drive|[silent]\n|switch|p2a: Sinistcha|Sinistcha, L50|100\/100\n|-heal|p2b: Moltres|95\/100|[from] ability: Hospitality|[of] p2a: Sinistcha\n|-terastallize|p2b: Moltres|Dark\n|move|p1b: Landorus|Rock Slide|p2b: Moltres|[spread] p2a,p2b\n|-damage|p2a: Sinistcha|80\/100\n|-damage|p2b: Moltres|72\/100\n|move|p1a: Tornadus|Bleakwind Storm|p2a: Sinistcha|[spread] p2a\n|-miss|p1a: Tornadus|p2b: Moltres\n|-supereffective|p2a: Sinistcha\n|-damage|p2a: Sinistcha|11\/100\n|cant|p2b: Moltres|flinch\n|\n|upkeep\n|turn|3\n|\n|t:|1699903030\n|switch|p2a: Clefairy|Clefairy, L50, F|100\/100\n|move|p1b: Landorus|Rock Slide|p2b: Moltres|[spread] p2a,p2b\n|-damage|p2a: Clefairy|81\/100\n|-damage|p2b: Moltres|54\/100\n|move|p1a: Tornadus|Bleakwind Storm|p2b: Moltres|[spread] p2a,p2b\n|-damage|p2a: Clefairy|49\/100\n|-damage|p2b: Moltres|34\/100\n|-ability|p2b: Moltres|Berserk|boost\n|-boost|p2b: Moltres|spa|1\n|-enditem|p2b: Moltres|Sitrus Berry|[eat]\n|-heal|p2b: Moltres|59\/100|[from] item: Sitrus Berry\n|cant|p2b: Moltres|flinch\n|\n|upkeep\n|turn|4\n|\n|t:|1699903046\n|move|p2b: Moltres|Protect|p2b: Moltres\n|-singleturn|p2b: Moltres|Protect\n|move|p1b: Landorus|Rock Slide|p2a: Clefairy|[spread] p2a\n|-activate|p2b: Moltres|move: Protect\n|-damage|p2a: Clefairy|32\/100\n|move|p1a: Tornadus|Bleakwind Storm|p2b: Moltres|[spread] p2a\n|-activate|p2b: Moltres|move: Protect\n|-damage|p2a: Clefairy|1\/100\n|-unboost|p2a: Clefairy|spe|1\n|move|p2a: Clefairy|Icy Wind|p1a: Tornadus|[spread] p1a,p1b\n|-supereffective|p1a: Tornadus\n|-supereffective|p1b: Landorus\n|-damage|p1a: Tornadus|88\/100\n|-damage|p1b: Landorus|53\/100\n|-unboost|p1a: Tornadus|spe|1\n|-unboost|p1b: Landorus|spe|1\n|\n|upkeep\n|turn|5\n|c|\u2606Originalcojo|gg\n|\n|t:|1699903070\n|switch|p2a: Sinistcha|Sinistcha, L50|11\/100\n|-heal|p2b: Moltres|84\/100|[from] ability: Hospitality|[of] p2a: Sinistcha\n|move|p1b: Landorus|Rock Slide|p2a: Sinistcha|[spread] p2a,p2b\n|-damage|p2a: Sinistcha|0 fnt\n|-damage|p2b: Moltres|60\/100\n|faint|p2a: Sinistcha\n|move|p1a: Tornadus|Bleakwind Storm|p2b: Moltres\n|-damage|p2b: Moltres|24\/100\n|-unboost|p2b: Moltres|spe|1\n|-ability|p2b: Moltres|Berserk|boost\n|-boost|p2b: Moltres|spa|1\n|cant|p2b: Moltres|flinch\n|\n|upkeep\n|c|\u2606Originalcojo|that hax\n|c| QueenFluffyShadow|brutal flinches fr\n|c|\u2606Originalcojo|wtf\n|\n|t:|1699903088\n|switch|p2a: Iron Hands|Iron Hands, L50|78\/100\n|turn|6\n|\n|t:|1699903103\n|switch|p1b: Scizor|Scizor, L50, F|100\/100\n|move|p2a: Iron Hands|Fake Out|p1a: Tornadus\n|-damage|p1a: Tornadus|73\/100\n|cant|p1a: Tornadus|flinch\n|move|p2b: Moltres|Fiery Wrath|p1a: Tornadus|[spread] p1a,p1b\n|-damage|p1a: Tornadus|0 fnt\n|-damage|p1b: Scizor|0 fnt\n|faint|p1a: Tornadus\n|faint|p1b: Scizor\n|\n|upkeep\n|\n|t:|1699903115\n|switch|p1a: Landorus|Landorus-Therian, L50, M|53\/100\n|switch|p1b: Regidrago|Regidrago, L50|100\/100\n|-ability|p1a: Landorus|Intimidate|boost\n|-unboost|p2a: Iron Hands|atk|1\n|-unboost|p2b: Moltres|atk|1\n|turn|7\n|\n|t:|1699903132\n|-end|p2a: Iron Hands|Quark Drive|[silent]\n|switch|p2a: Clefairy|Clefairy, L50, F|1\/100\n|-terastallize|p1a: Landorus|Flying\n|move|p2b: Moltres|Protect|p2b: Moltres\n|-singleturn|p2b: Moltres|Protect\n|move|p1a: Landorus|Tera Blast|p2b: Moltres|[anim] Tera Blast Flying\n|-activate|p2b: Moltres|move: Protect\n|move|p1b: Regidrago|Dragon Energy|p2b: Moltres|[spread] \n|-activate|p2b: Moltres|move: Protect\n|-immune|p2a: Clefairy\n|\n|upkeep\n|turn|8\n|\n|t:|1699903156\n|switch|p2b: Iron Hands|Iron Hands, L50|78\/100\n|move|p1a: Landorus|Tera Blast|p2b: Iron Hands|[anim] Tera Blast Flying\n|-damage|p2b: Iron Hands|46\/100\n|move|p1b: Regidrago|Dragon Energy|p2b: Iron Hands|[spread] p2b\n|-immune|p2a: Clefairy\n|-damage|p2b: Iron Hands|0 fnt\n|faint|p2b: Iron Hands\n|-end|p2b: Iron Hands|Quark Drive|[silent]\n|move|p2a: Clefairy|Icy Wind|p1a: Landorus|[spread] p1a,p1b\n|-supereffective|p1a: Landorus\n|-supereffective|p1b: Regidrago\n|-damage|p1a: Landorus|37\/100\n|-damage|p1b: Regidrago|86\/100\n|-unboost|p1a: Landorus|spe|1\n|-unboost|p1b: Regidrago|spe|1\n|\n|upkeep\n|\n|t:|1699903169\n|switch|p2b: Moltres|Moltres-Galar, L50, shiny, tera:Dark|24\/100\n|turn|9\n|\n|t:|1699903179\n|move|p2a: Clefairy|Helping Hand|p2b: Moltres\n|-singleturn|p2b: Moltres|Helping Hand|[of] p2a: Clefairy\n|move|p1a: Landorus|Tera Blast|p2b: Moltres|[anim] Tera Blast Flying\n|-damage|p2b: Moltres|0 fnt\n|faint|p2b: Moltres\n|move|p1b: Regidrago|Tera Blast|p2a: Clefairy\n|-damage|p2a: Clefairy|0 fnt\n|faint|p2a: Clefairy\n|\n|win|Kid Kommy\n|raw|Kid Kommy's rating: 1390 &rarr; <strong>1413<\/strong><br \/>(+23 for winning)\n|raw|Originalcojo's rating: 1437 &rarr; <strong>1414<\/strong><br \/>(-23 for losing)\n|l| QueenFluffyShadow\n|l|\u2606Originalcojo\n","uploadtime":1699903224,"views":13,"p1id":"kidkommy","p2id":"originalcojo","formatid":"gen9vgc2023regulatione","rating":1413,"private":0,"password":""}