{"id":"gen9vgc2023regulatione-1996957979","p1":"texastrill713","p2":"shsjsgxhd","format":"[Gen 9] VGC 2023 Regulation E","log":"|j|\u2606texastrill713\n|j|\u2606shsjsgxhd\n|t:|1700749597\n|gametype|doubles\n|player|p1|texastrill713|lucas-gen4pt|1240\n|player|p2|shsjsgxhd|2|1144\n|teamsize|p1|6\n|teamsize|p2|6\n|gen|9\n|tier|[Gen 9] VGC 2023 Regulation E\n|rated|\n|rule|Species Clause: Limit one of each Pok\u00e9mon\n|rule|Item Clause: Limit one of each item\n|clearpoke\n|poke|p1|Tyranitar, L50, M|\n|poke|p1|Houndstone, L50, M|\n|poke|p1|Corviknight, L50, M|\n|poke|p1|Rillaboom, L50, F|\n|poke|p1|Heatran, L50, F|\n|poke|p1|Flutter Mane, L50|\n|poke|p2|Toedscruel, L50, M|\n|poke|p2|Typhlosion-Hisui, L50, F|\n|poke|p2|Samurott-Hisui, L50, F|\n|poke|p2|Weezing-Galar, L50, F|\n|poke|p2|Gothitelle, L50, M|\n|poke|p2|Barraskewda, L50, M|\n|teampreview|4\n|inactive|Battle timer is ON: inactive players will automatically lose when time's up. (requested by shsjsgxhd)\n|\n|t:|1700749636\n|start\n|switch|p1a: Heatran|Heatran, L50, F|100\/100\n|switch|p1b: Rillaboom|Rillaboom, L50, F|100\/100\n|switch|p2a: Weezing|Weezing-Galar, L50, F, shiny|100\/100\n|switch|p2b: Typhlosion|Typhlosion-Hisui, L50, F, shiny|100\/100\n|-ability|p2a: Weezing|Neutralizing Gas\n|turn|1\n|\n|t:|1700749659\n|-terastallize|p2b: Typhlosion|Fire\n|-terastallize|p1b: Rillaboom|Water\n|move|p1b: Rillaboom|Fake Out|p2a: Weezing\n|-damage|p2a: Weezing|86\/100\n|move|p2b: Typhlosion|Eruption|p1b: Rillaboom|[spread] p1a,p1b\n|-resisted|p1b: Rillaboom\n|-damage|p1a: Heatran|35\/100\n|-damage|p1b: Rillaboom|72\/100\n|move|p1a: Heatran|Earth Power|p2b: Typhlosion\n|-supereffective|p2b: Typhlosion\n|-damage|p2b: Typhlosion|21\/100\n|cant|p2a: Weezing|flinch\n|\n|-heal|p1a: Heatran|41\/100|[from] item: Leftovers\n|-heal|p2a: Weezing|92\/100|[from] item: Black Sludge\n|upkeep\n|turn|2\n|inactive|texastrill713 has 30 seconds left.\n|\n|t:|1700749693\n|switch|p2b: Samurott|Samurott-Hisui, L50, F, shiny|100\/100\n|move|p1a: Heatran|Protect|p1a: Heatran\n|-singleturn|p1a: Heatran|Protect\n|move|p1b: Rillaboom|High Horsepower|p2b: Samurott|[miss]\n|-miss|p1b: Rillaboom|p2b: Samurott\n|move|p2a: Weezing|Dazzling Gleam|p1a: Heatran|[spread] p1b\n|-activate|p1a: Heatran|move: Protect\n|-damage|p1b: Rillaboom|52\/100\n|\n|-heal|p1a: Heatran|47\/100|[from] item: Leftovers\n|-heal|p2a: Weezing|98\/100|[from] item: Black Sludge\n|upkeep\n|turn|3\n|\n|t:|1700749717\n|switch|p1a: Houndstone|Houndstone, L50, M|100\/100\n|move|p1b: Rillaboom|Grassy Glide|p2b: Samurott\n|-supereffective|p2b: Samurott\n|-damage|p2b: Samurott|37\/100\n|move|p2b: Samurott|Drill Run|p1a: Houndstone\n|-damage|p1a: Houndstone|78\/100\n|move|p2a: Weezing|Sludge Bomb|p1b: Rillaboom\n|-damage|p1b: Rillaboom|23\/100\n|\n|-heal|p2a: Weezing|100\/100|[from] item: Black Sludge\n|upkeep\n|turn|4\n|inactive|texastrill713 has 30 seconds left.\n|\n|t:|1700749747\n|move|p2b: Samurott|Sucker Punch|p1a: Houndstone\n|-supereffective|p1a: Houndstone\n|-damage|p1a: Houndstone|21\/100\n|move|p1a: Houndstone|Snarl|p2a: Weezing|[spread] p2a,p2b\n|-resisted|p2a: Weezing\n|-resisted|p2b: Samurott\n|-damage|p2a: Weezing|97\/100\n|-damage|p2b: Samurott|34\/100\n|-unboost|p2a: Weezing|spa|1\n|-unboost|p2b: Samurott|spa|1\n|move|p1b: Rillaboom|Grassy Glide|p2b: Samurott\n|-supereffective|p2b: Samurott\n|-damage|p2b: Samurott|0 fnt\n|faint|p2b: Samurott\n|move|p2a: Weezing|Dazzling Gleam|p1a: Houndstone|[spread] p1a,p1b\n|-damage|p1a: Houndstone|2\/100\n|-damage|p1b: Rillaboom|11\/100\n|\n|-heal|p2a: Weezing|100\/100|[from] item: Black Sludge\n|upkeep\n|\n|t:|1700749766\n|switch|p2b: Barraskewda|Barraskewda, L50, M|100\/100\n|turn|5\n|\n|t:|1700749787\n|move|p2b: Barraskewda|Flip Turn|p1b: Rillaboom\n|-resisted|p1b: Rillaboom\n|-damage|p1b: Rillaboom|0 fnt\n|faint|p1b: Rillaboom\n|\n|t:|1700749792\n|switch|p2b: Typhlosion|Typhlosion-Hisui, L50, F, shiny, tera:Fire|21\/100|[from] Flip Turn\n|move|p1a: Houndstone|Howl|p1a: Houndstone\n|-boost|p1a: Houndstone|atk|1\n|move|p2a: Weezing|Dazzling Gleam|p1a: Houndstone\n|-damage|p1a: Houndstone|0 fnt\n|faint|p1a: Houndstone\n|\n|upkeep\n|\n|t:|1700749806\n|switch|p1a: Heatran|Heatran, L50, F|47\/100\n|switch|p1b: Flutter Mane|Flutter Mane, L50|100\/100\n|turn|6\n|\n|t:|1700749830\n|move|p2b: Typhlosion|Shadow Ball|p1b: Flutter Mane\n|-supereffective|p1b: Flutter Mane\n|-damage|p1b: Flutter Mane|11\/100\n|move|p1b: Flutter Mane|Moonblast|p2a: Weezing\n|-resisted|p2a: Weezing\n|-damage|p2a: Weezing|53\/100\n|move|p1a: Heatran|Earth Power|p2b: Typhlosion\n|-supereffective|p2b: Typhlosion\n|-damage|p2b: Typhlosion|0 fnt\n|faint|p2b: Typhlosion\n|move|p2a: Weezing|Sludge Bomb|p1b: Flutter Mane\n|-damage|p1b: Flutter Mane|0 fnt\n|faint|p1b: Flutter Mane\n|-end|p1b: Flutter Mane|Protosynthesis|[silent]\n|\n|-heal|p1a: Heatran|54\/100|[from] item: Leftovers\n|-heal|p2a: Weezing|59\/100|[from] item: Black Sludge\n|upkeep\n|\n|t:|1700749848\n|switch|p2b: Barraskewda|Barraskewda, L50, M|100\/100\n|turn|7\n|c|\u2606texastrill713|Omg\n|c|\u2606texastrill713|Fuk y'all\n|\n|t:|1700749860\n|move|p2b: Barraskewda|Drill Run|p1a: Heatran\n|-supereffective|p1a: Heatran\n|-damage|p1a: Heatran|0 fnt\n|faint|p1a: Heatran\n|\n|win|shsjsgxhd\n|raw|texastrill713's rating: 1240 &rarr; <strong>1208<\/strong><br \/>(-32 for losing)\n|raw|shsjsgxhd's rating: 1144 &rarr; <strong>1176<\/strong><br \/>(+32 for winning)\n","uploadtime":1700749855,"views":1,"p1id":"texastrill713","p2id":"shsjsgxhd","formatid":"gen9vgc2023regulatione","rating":1176,"private":0,"password":""}