{"id":"gen9vgc2023regulatione-1995786457","p1":"battlerealm","p2":"Piccius","format":"[Gen 9] VGC 2023 Regulation E","log":"|j|\u2606battlerealm\n|j|\u2606Piccius\n|t:|1700603049\n|gametype|doubles\n|player|p1|battlerealm|emmet|1470\n|player|p2|Piccius|2|1469\n|teamsize|p1|6\n|teamsize|p2|6\n|gen|9\n|tier|[Gen 9] VGC 2023 Regulation E\n|rated|\n|rule|Species Clause: Limit one of each Pok\u00e9mon\n|rule|Item Clause: Limit one of each item\n|clearpoke\n|poke|p1|Regieleki, L50|\n|poke|p1|Indeedee-F, L50, F|\n|poke|p1|Flutter Mane, L50|\n|poke|p1|Chi-Yu, L50|\n|poke|p1|Tornadus, L50, M|\n|poke|p1|Ogerpon-Wellspring, L50, F|\n|poke|p2|Chi-Yu, L50|\n|poke|p2|Kingambit, L50, F|\n|poke|p2|Flutter Mane, L50|\n|poke|p2|Rillaboom, L50, M|\n|poke|p2|Farigiraf, L50, M|\n|poke|p2|Urshifu-*, L50, M|\n|teampreview|4\n|\n|t:|1700603081\n|start\n|switch|p1a: Chi-Yu|Chi-Yu, L50|100\/100\n|switch|p1b: Regieleki|Regieleki, L50|100\/100\n|switch|p2a: Chi-Yu|Chi-Yu, L50|100\/100\n|switch|p2b: Flutter Mane|Flutter Mane, L50|100\/100\n|-ability|p2a: Chi-Yu|Beads of Ruin\n|-ability|p1a: Chi-Yu|Beads of Ruin\n|-enditem|p2b: Flutter Mane|Booster Energy\n|-activate|p2b: Flutter Mane|ability: Protosynthesis|[fromitem]\n|-start|p2b: Flutter Mane|protosynthesisspe\n|turn|1\n|\n|t:|1700603103\n|-terastallize|p2a: Chi-Yu|Ghost\n|move|p1a: Chi-Yu|Protect|p1a: Chi-Yu\n|-singleturn|p1a: Chi-Yu|Protect\n|move|p2b: Flutter Mane|Icy Wind|p1a: Chi-Yu|[spread] p1b\n|-activate|p1a: Chi-Yu|move: Protect\n|-damage|p1b: Regieleki|73\/100\n|-unboost|p1b: Regieleki|spe|1\n|move|p2a: Chi-Yu|Snarl|p1b: Regieleki|[spread] p1b\n|-activate|p1a: Chi-Yu|move: Protect\n|-damage|p1b: Regieleki|6\/100\n|-unboost|p1b: Regieleki|spa|1\n|move|p1b: Regieleki|Electroweb|p2b: Flutter Mane|[spread] p2a,p2b\n|-damage|p2a: Chi-Yu|80\/100\n|-damage|p2b: Flutter Mane|80\/100\n|-unboost|p2a: Chi-Yu|spe|1\n|-unboost|p2b: Flutter Mane|spe|1\n|\n|upkeep\n|turn|2\n|\n|t:|1700603143\n|switch|p2a: Urshifu|Urshifu-Rapid-Strike, L50, M|100\/100\n|-terastallize|p1a: Chi-Yu|Fire\n|move|p1b: Regieleki|Protect|p1b: Regieleki\n|-singleturn|p1b: Regieleki|Protect\n|move|p2b: Flutter Mane|Icy Wind|p1a: Chi-Yu|[spread] p1a\n|-activate|p1b: Regieleki|move: Protect\n|-resisted|p1a: Chi-Yu\n|-damage|p1a: Chi-Yu|94\/100\n|-unboost|p1a: Chi-Yu|spe|1\n|move|p1a: Chi-Yu|Heat Wave|p2b: Flutter Mane|[spread] p2a,p2b\n|-resisted|p2a: Urshifu\n|-crit|p2a: Urshifu\n|-damage|p2a: Urshifu|26\/100\n|-damage|p2b: Flutter Mane|5\/100\n|-damage|p1a: Chi-Yu|84\/100|[from] item: Life Orb\n|\n|upkeep\n|turn|3\n|\n|t:|1700603173\n|switch|p1b: Flutter Mane|Flutter Mane, L50|100\/100\n|switch|p1a: Indeedee|Indeedee-F, L50, F|100\/100\n|-fieldstart|move: Psychic Terrain|[from] ability: Psychic Surge|[of] p1a: Indeedee\n|-enditem|p1a: Indeedee|Psychic Seed\n|-boost|p1a: Indeedee|spd|1|[from] item: Psychic Seed\n|move|p2b: Flutter Mane|Icy Wind|p1b: Flutter Mane|[spread] p1a,p1b\n|-damage|p1a: Indeedee|91\/100\n|-damage|p1b: Flutter Mane|87\/100\n|-unboost|p1a: Indeedee|spe|1\n|-unboost|p1b: Flutter Mane|spe|1\n|move|p2a: Urshifu|Surging Strikes|p1a: Indeedee\n|-crit|p1a: Indeedee\n|-damage|p1a: Indeedee|68\/100\n|-crit|p1a: Indeedee\n|-damage|p1a: Indeedee|42\/100\n|-crit|p1a: Indeedee\n|-damage|p1a: Indeedee|18\/100\n|-hitcount|p1a: Indeedee|3\n|\n|upkeep\n|turn|4\n|\n|t:|1700603212\n|move|p1a: Indeedee|Protect|p1a: Indeedee\n|-singleturn|p1a: Indeedee|Protect\n|move|p2b: Flutter Mane|Dazzling Gleam|p1a: Indeedee|[spread] p1b\n|-activate|p1a: Indeedee|move: Protect\n|-damage|p1b: Flutter Mane|55\/100\n|move|p2a: Urshifu|Surging Strikes|p1b: Flutter Mane\n|-crit|p1b: Flutter Mane\n|-damage|p1b: Flutter Mane|1\/100\n|-crit|p1b: Flutter Mane\n|-damage|p1b: Flutter Mane|0 fnt\n|faint|p1b: Flutter Mane\n|-end|p1b: Flutter Mane|Protosynthesis|[silent]\n|-hitcount|p1: Flutter Mane|2\n|\n|upkeep\n|\n|t:|1700603223\n|switch|p1b: Regieleki|Regieleki, L50|6\/100\n|turn|5\n|\n|t:|1700603238\n|-end|p2b: Flutter Mane|Protosynthesis|[silent]\n|switch|p2b: Rillaboom|Rillaboom, L50, M|100\/100\n|-fieldstart|move: Grassy Terrain|[from] ability: Grassy Surge|[of] p2b: Rillaboom\n|move|p1a: Indeedee|Helping Hand|p1b: Regieleki\n|-singleturn|p1b: Regieleki|Helping Hand|[of] p1a: Indeedee\n|move|p2a: Urshifu|Aqua Jet|p1b: Regieleki\n|-damage|p1b: Regieleki|0 fnt\n|faint|p1b: Regieleki\n|\n|-heal|p2a: Urshifu|32\/100|[from] Grassy Terrain\n|-heal|p1a: Indeedee|24\/100|[from] Grassy Terrain\n|upkeep\n|\n|t:|1700603249\n|switch|p1b: Chi-Yu|Chi-Yu, L50, tera:Fire|84\/100\n|-ability|p1b: Chi-Yu|Beads of Ruin\n|turn|6\n|-message|battlerealm forfeited.\n|\n|win|Piccius\n|raw|battlerealm's rating: 1470 &rarr; <strong>1450<\/strong><br \/>(-20 for losing)\n|raw|Piccius's rating: 1469 &rarr; <strong>1489<\/strong><br \/>(+20 for winning)\n|l|\u2606battlerealm\n","uploadtime":1700603261,"views":1,"p1id":"battlerealm","p2id":"piccius","formatid":"gen9vgc2023regulatione","rating":1450,"private":0,"password":""}