{"id":"gen9vgc2023regulatione-2000179271","p1":"xingshen","p2":"vueshutdown","format":"[Gen 9] VGC 2023 Regulation E","log":"|j|\u2606xingshen\n|j|\u2606vueshutdown\n|t:|1701168106\n|gametype|doubles\n|player|p1|xingshen|101|1342\n|player|p2|vueshutdown|benga|1323\n|teamsize|p1|6\n|teamsize|p2|6\n|gen|9\n|tier|[Gen 9] VGC 2023 Regulation E\n|rated|\n|rule|Species Clause: Limit one of each Pok\u00e9mon\n|rule|Item Clause: Limit one of each item\n|clearpoke\n|poke|p1|Indeedee-F, L50, F|\n|poke|p1|Sneasler, L50, M|\n|poke|p1|Salamence, L50, M|\n|poke|p1|Gholdengo, L50|\n|poke|p1|Ogerpon-Wellspring, L50, F|\n|poke|p1|Urshifu-*, L50, F|\n|poke|p2|Ogerpon-Hearthflame, L50, F|\n|poke|p2|Tornadus, L50, M|\n|poke|p2|Urshifu-*, L50, F|\n|poke|p2|Iron Hands, L50|\n|poke|p2|Cresselia, L50, F|\n|poke|p2|Flutter Mane, L50|\n|teampreview|4\n|\n|t:|1701168155\n|start\n|switch|p1a: Indeedee|Indeedee-F, L50, F|100\/100\n|switch|p1b: Sneasler|Sneasler, L50, M|100\/100\n|switch|p2a: Tornadus|Tornadus, L50, M|100\/100\n|switch|p2b: Iron Hands|Iron Hands, L50|100\/100\n|-fieldstart|move: Psychic Terrain|[from] ability: Psychic Surge|[of] p1a: Indeedee\n|-enditem|p1b: Sneasler|Psychic Seed\n|-boost|p1b: Sneasler|spd|1|[from] item: Psychic Seed\n|turn|1\n|inactive|Battle timer is ON: inactive players will automatically lose when time's up. (requested by xingshen)\n|inactive|vueshutdown has 60 seconds left.\n|inactive|xingshen has 60 seconds left.\n|inactive|vueshutdown has 30 seconds left.\n|\n|t:|1701168230\n|-terastallize|p1b: Sneasler|Flying\n|-terastallize|p2a: Tornadus|Ground\n|move|p1a: Indeedee|Helping Hand|p1b: Sneasler\n|-singleturn|p1b: Sneasler|Helping Hand|[of] p1a: Indeedee\n|move|p1b: Sneasler|Acrobatics|p2a: Tornadus\n|-enditem|p2a: Tornadus|Focus Sash\n|-damage|p2a: Tornadus|1\/100\n|move|p2a: Tornadus|Tera Blast|p1b: Sneasler|[anim] Tera Blast Ground\n|-immune|p1b: Sneasler\n|move|p2b: Iron Hands|Wild Charge|p1b: Sneasler\n|-supereffective|p1b: Sneasler\n|-damage|p1b: Sneasler|0 fnt\n|faint|p1b: Sneasler\n|-damage|p2b: Iron Hands|82\/100|[from] Recoil\n|\n|upkeep\n|\n|t:|1701168251\n|switch|p1b: Salamence|Salamence, L50, M|100\/100\n|-ability|p1b: Salamence|Intimidate|boost\n|-unboost|p2a: Tornadus|atk|1\n|-unboost|p2b: Iron Hands|atk|1\n|turn|2\n|inactive|vueshutdown has 30 seconds left.\n|inactive|vueshutdown has 20 seconds left.\n|inactive|vueshutdown has 15 seconds left.\n|inactive|vueshutdown has 10 seconds left.\n|\n|t:|1701168299\n|move|p1a: Indeedee|Follow Me|p1a: Indeedee\n|-singleturn|p1a: Indeedee|move: Follow Me\n|move|p2a: Tornadus|Taunt|p1a: Indeedee\n|-activate|p1a: Indeedee|move: Psychic Terrain\n|move|p1b: Salamence|Tailwind|p1b: Salamence\n|-sidestart|p1: xingshen|move: Tailwind\n|move|p2b: Iron Hands|Wild Charge|p1a: Indeedee\n|-damage|p1a: Indeedee|68\/100\n|-damage|p2b: Iron Hands|76\/100|[from] Recoil\n|\n|upkeep\n|turn|3\n|\n|t:|1701168323\n|move|p1a: Indeedee|Follow Me|p1a: Indeedee\n|-singleturn|p1a: Indeedee|move: Follow Me\n|move|p2a: Tornadus|Tailwind|p2a: Tornadus\n|-sidestart|p2: vueshutdown|move: Tailwind\n|move|p1b: Salamence|Air Slash|p2a: Tornadus\n|-damage|p2a: Tornadus|0 fnt\n|faint|p2a: Tornadus\n|move|p2b: Iron Hands|Wild Charge|p1a: Indeedee\n|-damage|p1a: Indeedee|38\/100\n|-damage|p2b: Iron Hands|70\/100|[from] Recoil\n|\n|upkeep\n|\n|t:|1701168341\n|switch|p2a: Flutter Mane|Flutter Mane, L50|100\/100\n|-enditem|p2a: Flutter Mane|Booster Energy\n|-activate|p2a: Flutter Mane|ability: Protosynthesis|[fromitem]\n|-start|p2a: Flutter Mane|protosynthesisspe\n|turn|4\n|\n|t:|1701168355\n|switch|p1b: Gholdengo|Gholdengo, L50|100\/100\n|move|p1a: Indeedee|Follow Me|p1a: Indeedee\n|-singleturn|p1a: Indeedee|move: Follow Me\n|move|p2a: Flutter Mane|Dazzling Gleam|p1a: Indeedee|[spread] p1a,p1b\n|-resisted|p1b: Gholdengo\n|-damage|p1a: Indeedee|9\/100\n|-damage|p1b: Gholdengo|83\/100\n|-enditem|p1a: Indeedee|Aguav Berry|[eat]\n|-heal|p1a: Indeedee|42\/100|[from] item: Aguav Berry\n|move|p2b: Iron Hands|Wild Charge|p1a: Indeedee\n|-damage|p1a: Indeedee|13\/100\n|-damage|p2b: Iron Hands|64\/100|[from] Recoil\n|\n|-heal|p1b: Gholdengo|89\/100|[from] item: Leftovers\n|upkeep\n|turn|5\n|inactive|vueshutdown has 30 seconds left.\n|\n|t:|1701168382\n|move|p2a: Flutter Mane|Protect|p2a: Flutter Mane\n|-singleturn|p2a: Flutter Mane|Protect\n|move|p1a: Indeedee|Follow Me|p1a: Indeedee\n|-singleturn|p1a: Indeedee|move: Follow Me\n|move|p1b: Gholdengo|Nasty Plot|p1b: Gholdengo\n|-boost|p1b: Gholdengo|spa|2\n|move|p2b: Iron Hands|Wild Charge|p1a: Indeedee\n|-damage|p1a: Indeedee|0 fnt\n|faint|p1a: Indeedee\n|-damage|p2b: Iron Hands|62\/100|[from] Recoil\n|\n|-heal|p1b: Gholdengo|95\/100|[from] item: Leftovers\n|-sideend|p1: xingshen|move: Tailwind\n|-fieldend|move: Psychic Terrain\n|upkeep\n|\n|t:|1701168398\n|switch|p1a: Salamence|Salamence, L50, M|100\/100\n|-ability|p1a: Salamence|Intimidate|boost\n|-unboost|p2a: Flutter Mane|atk|1\n|-unboost|p2b: Iron Hands|atk|1\n|turn|6\n|inactive|vueshutdown has 30 seconds left.\n|inactive|vueshutdown has 20 seconds left.\n|\n|t:|1701168433\n|move|p1b: Gholdengo|Protect|p1b: Gholdengo\n|-singleturn|p1b: Gholdengo|Protect\n|move|p2a: Flutter Mane|Shadow Ball|p1b: Gholdengo\n|-activate|p1b: Gholdengo|move: Protect\n|move|p2b: Iron Hands|Wild Charge|p1b: Gholdengo\n|-activate|p1b: Gholdengo|move: Protect\n|move|p1a: Salamence|Tailwind|p1a: Salamence\n|-sidestart|p1: xingshen|move: Tailwind\n|\n|-heal|p1b: Gholdengo|100\/100|[from] item: Leftovers\n|-sideend|p2: vueshutdown|move: Tailwind\n|upkeep\n|turn|7\n|inactive|vueshutdown has 30 seconds left.\n|\n|t:|1701168460\n|move|p2a: Flutter Mane|Protect|p2a: Flutter Mane\n|-singleturn|p2a: Flutter Mane|Protect\n|move|p1a: Salamence|Air Slash|p2b: Iron Hands\n|-damage|p2b: Iron Hands|42\/100\n|move|p1b: Gholdengo|Make It Rain|p2a: Flutter Mane|[spread] p2b\n|-activate|p2a: Flutter Mane|move: Protect\n|-resisted|p2b: Iron Hands\n|-damage|p2b: Iron Hands|14\/100\n|-unboost|p1b: Gholdengo|spa|1\n|cant|p2b: Iron Hands|flinch\n|\n|upkeep\n|turn|8\n|\n|t:|1701168481\n|move|p1a: Salamence|Air Slash|p2b: Iron Hands\n|-damage|p2b: Iron Hands|0 fnt\n|faint|p2b: Iron Hands\n|-end|p2b: Iron Hands|Quark Drive|[silent]\n|move|p1b: Gholdengo|Make It Rain|p2a: Flutter Mane\n|-supereffective|p2a: Flutter Mane\n|-damage|p2a: Flutter Mane|0 fnt\n|-unboost|p1b: Gholdengo|spa|1\n|faint|p2a: Flutter Mane\n|-end|p2a: Flutter Mane|Protosynthesis|[silent]\n|\n|upkeep\n|-message|vueshutdown forfeited.\n|\n|win|xingshen\n|raw|xingshen's rating: 1342 &rarr; <strong>1361<\/strong><br \/>(+19 for winning)\n|raw|vueshutdown's rating: 1323 &rarr; <strong>1304<\/strong><br \/>(-19 for losing)\n|l|\u2606vueshutdown\n","uploadtime":1701168499,"views":3,"p1id":"xingshen","p2id":"vueshutdown","formatid":"gen9vgc2023regulatione","rating":1304,"private":0,"password":""}