{"id":"gen9vgc2023regulatione-1991383149","p1":"els32307","p2":"MrRedBeard24","format":"[Gen 9] VGC 2023 Regulation E","log":"|j|\u2606els32307\n|j|\u2606MrRedBeard24\n|t:|1700072533\n|gametype|doubles\n|player|p1|els32307|101|1089\n|player|p2|MrRedBeard24|1|1159\n|teamsize|p1|6\n|teamsize|p2|6\n|gen|9\n|tier|[Gen 9] VGC 2023 Regulation E\n|rated|\n|rule|Species Clause: Limit one of each Pok\u00e9mon\n|rule|Item Clause: Limit one of each item\n|clearpoke\n|poke|p1|Thundurus, L50, M|\n|poke|p1|Pelipper, L50, M|\n|poke|p1|Beartic, L50, M|\n|poke|p1|Landorus, L50, M|\n|poke|p1|Iron Jugulis, L50|\n|poke|p1|Urshifu-*, L50, F|\n|poke|p2|Dragonite, L50, F|\n|poke|p2|Arcanine, L50, F|\n|poke|p2|Gyarados, L50, F|\n|poke|p2|Raichu, L50, M|\n|poke|p2|Zapdos, L50|\n|poke|p2|Gengar, L50, M|\n|teampreview|4\n|\n|t:|1700072579\n|start\n|switch|p1a: Pelipper|Pelipper, L50, M|100\/100\n|switch|p1b: Thundurus|Thundurus, L50, M|100\/100\n|switch|p2a: Raichu|Raichu, L50, M|100\/100\n|switch|p2b: Dragonite|Dragonite, L50, F|100\/100\n|-weather|RainDance|[from] ability: Drizzle|[of] p1a: Pelipper\n|turn|1\n|\n|t:|1700072609\n|-terastallize|p2b: Dragonite|Normal\n|move|p2a: Raichu|Fake Out|p1b: Thundurus\n|-damage|p1b: Thundurus|89\/100\n|move|p2b: Dragonite|Extreme Speed|p1a: Pelipper\n|-damage|p1a: Pelipper|42\/100\n|move|p1b: Thundurus|Wildbolt Storm|p2b: Dragonite|[spread] p2b\n|-ability|p2a: Raichu|Lightning Rod|boost\n|-boost|p2a: Raichu|spa|1\n|-damage|p2b: Dragonite|60\/100\n|move|p1a: Pelipper|Hurricane|p2b: Dragonite\n|-damage|p2b: Dragonite|9\/100\n|\n|-weather|RainDance|[upkeep]\n|upkeep\n|turn|2\n|\n|t:|1700072639\n|switch|p1a: Landorus|Landorus, L50, M|100\/100\n|move|p2a: Raichu|Helping Hand|p2b: Dragonite\n|-singleturn|p2b: Dragonite|Helping Hand|[of] p2a: Raichu\n|move|p2b: Dragonite|Extreme Speed|p1b: Thundurus\n|-damage|p1b: Thundurus|0 fnt\n|faint|p1b: Thundurus\n|\n|-weather|RainDance|[upkeep]\n|upkeep\n|\n|t:|1700072648\n|switch|p1b: Pelipper|Pelipper, L50, M|42\/100\n|turn|3\n|\n|t:|1700072662\n|move|p2b: Dragonite|Extreme Speed|p1a: Landorus\n|-damage|p1a: Landorus|30\/100\n|move|p2a: Raichu|Volt Switch|p1b: Pelipper\n|-supereffective|p1b: Pelipper\n|-damage|p1b: Pelipper|0 fnt\n|faint|p1b: Pelipper\n|\n|t:|1700072673\n|switch|p2a: Gyarados|Gyarados, L50, F, shiny|100\/100|[from] Volt Switch\n|-ability|p2a: Gyarados|Intimidate|boost\n|-unboost|p1a: Landorus|atk|1\n|move|p1a: Landorus|Sandsear Storm|p2a: Gyarados|[spread] p2b\n|-immune|p2a: Gyarados\n|-damage|p2b: Dragonite|0 fnt\n|faint|p2b: Dragonite\n|\n|-weather|RainDance|[upkeep]\n|upkeep\n|\n|t:|1700072687\n|switch|p2b: Arcanine|Arcanine, L50, F, shiny|100\/100\n|switch|p1b: Urshifu|Urshifu-Rapid-Strike, L50, F|100\/100\n|-ability|p2b: Arcanine|Intimidate|boost\n|-unboost|p1a: Landorus|atk|1\n|-unboost|p1b: Urshifu|atk|1\n|turn|4\n|\n|t:|1700072722\n|move|p2b: Arcanine|Extreme Speed|p1b: Urshifu\n|-damage|p1b: Urshifu|78\/100\n|move|p1a: Landorus|Sandsear Storm|p2a: Gyarados|[spread] p2b\n|-immune|p2a: Gyarados\n|-supereffective|p2b: Arcanine\n|-damage|p2b: Arcanine|11\/100\n|move|p1b: Urshifu|Surging Strikes|p2a: Gyarados\n|-resisted|p2a: Gyarados\n|-crit|p2a: Gyarados\n|-damage|p2a: Gyarados|75\/100\n|-resisted|p2a: Gyarados\n|-crit|p2a: Gyarados\n|-damage|p2a: Gyarados|49\/100\n|-resisted|p2a: Gyarados\n|-crit|p2a: Gyarados\n|-damage|p2a: Gyarados|23\/100\n|-hitcount|p2a: Gyarados|3\n|move|p2a: Gyarados|Crunch|p1a: Landorus\n|-damage|p1a: Landorus|0 fnt\n|faint|p1a: Landorus\n|-damage|p2a: Gyarados|14\/100|[from] item: Life Orb\n|\n|-weather|RainDance|[upkeep]\n|upkeep\n|turn|5\n|\n|t:|1700072753\n|move|p2a: Gyarados|Protect|p2a: Gyarados\n|-singleturn|p2a: Gyarados|Protect\n|move|p2b: Arcanine|Extreme Speed|p1b: Urshifu\n|-damage|p1b: Urshifu|57\/100\n|move|p1b: Urshifu|Surging Strikes|p2a: Gyarados\n|-resisted|p2a: Gyarados\n|-crit|p2a: Gyarados\n|-damage|p2a: Gyarados|0 fnt\n|faint|p2a: Gyarados\n|-hitcount|p2: Gyarados|1\n|\n|-weather|RainDance|[upkeep]\n|upkeep\n|\n|t:|1700072766\n|switch|p2a: Raichu|Raichu, L50, M|100\/100\n|turn|6\n|\n|t:|1700072777\n|-terastallize|p1b: Urshifu|Fighting\n|move|p2a: Raichu|Fake Out|p1b: Urshifu\n|-damage|p1b: Urshifu|49\/100\n|cant|p1b: Urshifu|flinch\n|move|p2b: Arcanine|Play Rough|p1b: Urshifu\n|-supereffective|p1b: Urshifu\n|-damage|p1b: Urshifu|0 fnt\n|faint|p1b: Urshifu\n|\n|win|MrRedBeard24\n|raw|els32307's rating: 1089 &rarr; <strong>1070<\/strong><br \/>(-19 for losing)\n|raw|MrRedBeard24's rating: 1159 &rarr; <strong>1179<\/strong><br \/>(+20 for winning)\n|l|\u2606els32307\n","uploadtime":1700072791,"views":16,"p1id":"els32307","p2id":"mrredbeard24","formatid":"gen9vgc2023regulatione","rating":1070,"private":0,"password":""}