{"id":"gen9vgc2023regulatione-1994834381","p1":"Th3Edd","p2":"pokeveteran04","format":"[Gen 9] VGC 2023 Regulation E","log":"|j|\u2606Th3Edd\n|j|\u2606pokeveteran04\n|t:|1700497092\n|gametype|doubles\n|player|p1|Th3Edd|chuck|1567\n|player|p2|pokeveteran04|red|1646\n|teamsize|p1|6\n|teamsize|p2|6\n|gen|9\n|tier|[Gen 9] VGC 2023 Regulation E\n|rated|\n|rule|Species Clause: Limit one of each Pok\u00e9mon\n|rule|Item Clause: Limit one of each item\n|clearpoke\n|poke|p1|Dusclops, L50, F|\n|poke|p1|Ursaluna, L50, M|\n|poke|p1|Flutter Mane, L50|\n|poke|p1|Heatran, L50, M|\n|poke|p1|Iron Hands, L50|\n|poke|p1|Urshifu-*, L50, F|\n|poke|p2|Tornadus, L50, M|\n|poke|p2|Amoonguss, L50, F|\n|poke|p2|Thundurus-Therian, L50, M|\n|poke|p2|Urshifu-*, L50, F|\n|poke|p2|Arcanine-Hisui, L50, M|\n|poke|p2|Ogerpon-Wellspring, L50, F|\n|teampreview|4\n|\n|t:|1700497152\n|start\n|switch|p1a: Dusclops|Dusclops, L50, F, shiny|100\/100\n|switch|p1b: Iron Hands|Iron Hands, L50|100\/100\n|switch|p2a: Tornadus|Tornadus, L50, M|100\/100\n|switch|p2b: Urshifu|Urshifu-Rapid-Strike, L50, F|100\/100\n|-ability|p1a: Dusclops|Pressure\n|turn|1\n|\n|t:|1700497198\n|switch|p2a: Amoonguss|Amoonguss, L50, F|100\/100\n|-terastallize|p1a: Dusclops|Dark\n|move|p1b: Iron Hands|Fake Out|p2b: Urshifu\n|-crit|p2b: Urshifu\n|-damage|p2b: Urshifu|80\/100\n|cant|p2b: Urshifu|flinch\n|move|p1a: Dusclops|Trick Room|p1a: Dusclops\n|-fieldstart|move: Trick Room|[of] p1a: Dusclops\n|\n|upkeep\n|turn|2\n|\n|t:|1700497217\n|switch|p1a: Ursaluna|Ursaluna, L50, M|100\/100\n|move|p2b: Urshifu|Protect|p2b: Urshifu\n|-singleturn|p2b: Urshifu|Protect\n|move|p2a: Amoonguss|Spore|p1b: Iron Hands\n|-status|p1b: Iron Hands|slp|[from] move: Spore\n|cant|p1b: Iron Hands|slp\n|\n|-status|p1a: Ursaluna|brn|[from] item: Flame Orb\n|upkeep\n|turn|3\n|\n|t:|1700497239\n|move|p2a: Amoonguss|Rage Powder|p2a: Amoonguss\n|-singleturn|p2a: Amoonguss|move: Rage Powder\n|move|p1a: Ursaluna|Facade|p2a: Amoonguss\n|-damage|p2a: Amoonguss|0 fnt\n|faint|p2a: Amoonguss\n|-curestatus|p1b: Iron Hands|slp|[msg]\n|move|p1b: Iron Hands|Wild Charge|p2b: Urshifu\n|-supereffective|p2b: Urshifu\n|-damage|p2b: Urshifu|0 fnt\n|faint|p2b: Urshifu\n|-damage|p1b: Iron Hands|85\/100|[from] Recoil\n|\n|-damage|p1a: Ursaluna|95\/100 brn|[from] brn\n|upkeep\n|\n|t:|1700497247\n|switch|p2a: Ogerpon|Ogerpon-Wellspring, L50, F|100\/100\n|switch|p2b: Tornadus|Tornadus, L50, M|100\/100\n|turn|4\n|\n|t:|1700497261\n|-terastallize|p2a: Ogerpon|Water\n|detailschange|p2a: Ogerpon|Ogerpon-Wellspring-Tera, L50, F, tera:Water\n|-ability|p2a: Ogerpon|Embody Aspect (Wellspring)|boost\n|-boost|p2a: Ogerpon|spd|1\n|move|p2b: Tornadus|Protect|p2b: Tornadus\n|-singleturn|p2b: Tornadus|Protect\n|move|p1a: Ursaluna|Facade|p2a: Ogerpon\n|-damage|p2a: Ogerpon|0 fnt\n|faint|p2a: Ogerpon\n|move|p1b: Iron Hands|Wild Charge|p2b: Tornadus\n|-activate|p2b: Tornadus|move: Protect\n|\n|-damage|p1a: Ursaluna|89\/100 brn|[from] brn\n|upkeep\n|turn|5\n|-message|pokeveteran04 forfeited.\n|\n|win|Th3Edd\n|raw|Th3Edd's rating: 1567 &rarr; <strong>1591<\/strong><br \/>(+24 for winning)\n|raw|pokeveteran04's rating: 1646 &rarr; <strong>1622<\/strong><br \/>(-24 for losing)\n|l|\u2606pokeveteran04\n","uploadtime":1700497286,"views":1,"p1id":"th3edd","p2id":"pokeveteran04","formatid":"gen9vgc2023regulatione","rating":1591,"private":0,"password":""}