{"id":"gen9vgc2023regulatione-1993559463","p1":"Love Korra","p2":"DutchVanDerLynde","format":"[Gen 9] VGC 2023 Regulation E","log":"|j|\u2606Love Korra\n|j|\u2606DutchVanDerLynde\n|t:|1700331721\n|gametype|doubles\n|player|p1|Love Korra|skierf|1346\n|player|p2|DutchVanDerLynde|gentleman-gen4|1419\n|teamsize|p1|6\n|teamsize|p2|6\n|gen|9\n|tier|[Gen 9] VGC 2023 Regulation E\n|rated|\n|rule|Species Clause: Limit one of each Pok\u00e9mon\n|rule|Item Clause: Limit one of each item\n|clearpoke\n|poke|p1|Gothitelle, L50, F|\n|poke|p1|Regieleki, L50|\n|poke|p1|Urshifu-*, L50, M|\n|poke|p1|Arcanine-Hisui, L50, F|\n|poke|p1|Amoonguss, L50, M|\n|poke|p1|Scream Tail, L50|\n|poke|p2|Ogerpon-Hearthflame, L50, F|\n|poke|p2|Iron Hands, L50|\n|poke|p2|Dondozo, L50, M|\n|poke|p2|Tatsugiri, L50, M|\n|poke|p2|Zapdos-Galar, L50|\n|poke|p2|Krookodile, L50, M|\n|teampreview|4\n|\n|t:|1700331747\n|start\n|switch|p1a: Gothitelle|Gothitelle, L50, F|100\/100\n|switch|p1b: Scream Tail|Scream Tail, L50, shiny|100\/100\n|switch|p2a: Krookodile|Krookodile, L50, M|100\/100\n|switch|p2b: Ogerpon|Ogerpon-Hearthflame, L50, F|100\/100\n|-ability|p2b: Ogerpon|Mold Breaker\n|-ability|p2a: Krookodile|Intimidate|boost\n|-unboost|p1a: Gothitelle|atk|1\n|-unboost|p1b: Scream Tail|atk|1\n|-enditem|p1b: Scream Tail|Booster Energy\n|-activate|p1b: Scream Tail|ability: Protosynthesis|[fromitem]\n|-start|p1b: Scream Tail|protosynthesisspe\n|turn|1\n|inactive|Battle timer is ON: inactive players will automatically lose when time's up. (requested by DutchVanDerLynde)\n|\n|t:|1700331764\n|move|p1b: Scream Tail|Protect|p1b: Scream Tail\n|-singleturn|p1b: Scream Tail|Protect\n|move|p2b: Ogerpon|Spiky Shield|p2b: Ogerpon\n|-singleturn|p2b: Ogerpon|move: Protect\n|move|p1a: Gothitelle|Protect|p1a: Gothitelle\n|-singleturn|p1a: Gothitelle|Protect\n|move|p2a: Krookodile|Taunt|p1b: Scream Tail\n|-activate|p1b: Scream Tail|move: Protect\n|\n|upkeep\n|turn|2\n|inactive|Love Korra has 30 seconds left.\n|\n|t:|1700331790\n|move|p1b: Scream Tail|Encore|p2b: Ogerpon\n|-start|p2b: Ogerpon|Encore\n|move|p2b: Ogerpon|Spiky Shield||[still]\n|-fail|p2b: Ogerpon\n|move|p2a: Krookodile|Taunt|p1b: Scream Tail\n|-start|p1b: Scream Tail|move: Taunt\n|move|p1a: Gothitelle|Psychic|p2b: Ogerpon\n|-damage|p2b: Ogerpon|63\/100\n|\n|upkeep\n|turn|3\n|\n|t:|1700331802\n|-end|p1b: Scream Tail|Protosynthesis|[silent]\n|switch|p1b: Urshifu|Urshifu-Rapid-Strike, L50, M|100\/100\n|move|p2b: Ogerpon|Spiky Shield|p2b: Ogerpon\n|-singleturn|p2b: Ogerpon|move: Protect\n|move|p1a: Gothitelle|Protect|p1a: Gothitelle\n|-singleturn|p1a: Gothitelle|Protect\n|move|p2a: Krookodile|Crunch|p1a: Gothitelle\n|-activate|p1a: Gothitelle|move: Protect\n|\n|upkeep\n|turn|4\n|\n|t:|1700331815\n|-terastallize|p2a: Krookodile|Water\n|move|p1a: Gothitelle|Helping Hand|p1b: Urshifu\n|-singleturn|p1b: Urshifu|Helping Hand|[of] p1a: Gothitelle\n|move|p2b: Ogerpon|Spiky Shield|p2b: Ogerpon\n|-singleturn|p2b: Ogerpon|move: Protect\n|move|p1b: Urshifu|Surging Strikes|p2b: Ogerpon\n|-crit|p2b: Ogerpon\n|-damage|p2b: Ogerpon|20\/100\n|-crit|p2b: Ogerpon\n|-damage|p2b: Ogerpon|0 fnt\n|faint|p2b: Ogerpon\n|-hitcount|p2: Ogerpon|2\n|move|p2a: Krookodile|Crunch|p1a: Gothitelle\n|-supereffective|p1a: Gothitelle\n|-damage|p1a: Gothitelle|32\/100\n|-enditem|p1a: Gothitelle|Sitrus Berry|[eat]\n|-heal|p1a: Gothitelle|56\/100|[from] item: Sitrus Berry\n|\n|upkeep\n|\n|t:|1700331830\n|switch|p2b: Tatsugiri|Tatsugiri, L50, M|100\/100\n|turn|5\n|\n|t:|1700331840\n|switch|p1b: Scream Tail|Scream Tail, L50, shiny|100\/100\n|move|p1a: Gothitelle|Protect|p1a: Gothitelle\n|-singleturn|p1a: Gothitelle|Protect\n|move|p2a: Krookodile|Crunch|p1a: Gothitelle\n|-activate|p1a: Gothitelle|move: Protect\n|move|p2b: Tatsugiri|Draco Meteor|p1b: Scream Tail\n|-immune|p1b: Scream Tail\n|\n|upkeep\n|turn|6\n|\n|t:|1700331860\n|-terastallize|p1a: Gothitelle|Water\n|move|p1b: Scream Tail|Disable|p2a: Krookodile\n|-start|p2a: Krookodile|Disable|Crunch\n|cant|p2a: Krookodile|Disable|Crunch\n|move|p2b: Tatsugiri|Draco Meteor|p1a: Gothitelle|[miss]\n|-miss|p2b: Tatsugiri|p1a: Gothitelle\n|move|p1a: Gothitelle|Psychic|p2b: Tatsugiri\n|-damage|p2b: Tatsugiri|67\/100\n|\n|upkeep\n|turn|7\n|c|\u2606DutchVanDerLynde|fucking bitch ass\n|-message|DutchVanDerLynde forfeited.\n|\n|win|Love Korra\n|raw|Love Korra's rating: 1346 &rarr; <strong>1370<\/strong><br \/>(+24 for winning)\n|raw|DutchVanDerLynde's rating: 1419 &rarr; <strong>1395<\/strong><br \/>(-24 for losing)\n|l|\u2606DutchVanDerLynde\n","uploadtime":1700331870,"views":7,"p1id":"lovekorra","p2id":"dutchvanderlynde","formatid":"gen9vgc2023regulatione","rating":1370,"private":0,"password":""}