{"id":"gen9vgc2023regulatione-1989124026","p1":"Kiddslatt","p2":"D0xie","format":"[Gen 9] VGC 2023 Regulation E","log":"|j|\u2606Kiddslatt\n|j|\u2606D0xie\n|t:|1699814809\n|gametype|doubles\n|player|p1|Kiddslatt|266|1199\n|player|p2|D0xie|flannery|1161\n|teamsize|p1|6\n|teamsize|p2|6\n|gen|9\n|tier|[Gen 9] VGC 2023 Regulation E\n|rated|\n|rule|Species Clause: Limit one of each Pok\u00e9mon\n|rule|Item Clause: Limit one of each item\n|clearpoke\n|poke|p1|Iron Bundle, L50|\n|poke|p1|Rillaboom, L50, F|\n|poke|p1|Heatran, L50, F|\n|poke|p1|Ogerpon-Hearthflame, L50, F|\n|poke|p1|Tornadus, L50, M|\n|poke|p1|Urshifu-*, L50, M|\n|poke|p2|Indeedee, L50, M|\n|poke|p2|Armarouge, L50, F|\n|poke|p2|Dondozo, L50, F|\n|poke|p2|Tatsugiri, L50, F|\n|poke|p2|Ursaluna-Bloodmoon, L50, M|\n|poke|p2|Sinistcha, L50|\n|teampreview|4\n|inactive|Battle timer is ON: inactive players will automatically lose when time's up. (requested by Kiddslatt)\nD0xie rejected open team sheets.\n|inactive|Kiddslatt has 60 seconds left.\n|\n|t:|1699814845\n|start\n|switch|p1a: Ogerpon|Ogerpon-Hearthflame, L50, F|100\/100\n|switch|p1b: Rillaboom|Rillaboom, L50, F|100\/100\n|switch|p2a: Tatsugiri|Tatsugiri, L50, F|100\/100\n|switch|p2b: Ursaluna|Ursaluna-Bloodmoon, L50, M|100\/100\n|-ability|p1a: Ogerpon|Mold Breaker\n|-fieldstart|move: Grassy Terrain|[from] ability: Grassy Surge|[of] p1b: Rillaboom\n|turn|1\n|\n|t:|1699814868\n|move|p2b: Ursaluna|Protect|p2b: Ursaluna\n|-singleturn|p2b: Ursaluna|Protect\n|move|p1a: Ogerpon|Grassy Glide|p2b: Ursaluna\n|-activate|p2b: Ursaluna|move: Protect\n|move|p1b: Rillaboom|Grassy Glide|p2a: Tatsugiri\n|-damage|p2a: Tatsugiri|22\/100\n|move|p2a: Tatsugiri|Icy Wind|p1a: Ogerpon|[spread] p1a,p1b\n|-supereffective|p1b: Rillaboom\n|-damage|p1a: Ogerpon|84\/100\n|-damage|p1b: Rillaboom|79\/100\n|-unboost|p1a: Ogerpon|spe|1\n|-unboost|p1b: Rillaboom|spe|1\n|\n|-heal|p2a: Tatsugiri|28\/100|[from] Grassy Terrain\n|-heal|p1a: Ogerpon|90\/100|[from] Grassy Terrain\n|-heal|p1b: Rillaboom|85\/100|[from] Grassy Terrain\n|-status|p2a: Tatsugiri|tox|[from] item: Toxic Orb\n|upkeep\n|turn|2\n|\n|t:|1699814890\n|switch|p2b: Dondozo|Dondozo, L50, F|100\/100\n|-activate|p2a: Tatsugiri|ability: Commander|[of] p2b: Dondozo\n|-boost|p2b: Dondozo|atk|2\n|-boost|p2b: Dondozo|spa|2\n|-boost|p2b: Dondozo|spe|2\n|-boost|p2b: Dondozo|def|2\n|-boost|p2b: Dondozo|spd|2\n|move|p1b: Rillaboom|Grassy Glide|p2b: Dondozo\n|-supereffective|p2b: Dondozo\n|-damage|p2b: Dondozo|83\/100\n|move|p1a: Ogerpon|Horn Leech|p2b: Dondozo\n|-supereffective|p2b: Dondozo\n|-damage|p2b: Dondozo|52\/100\n|-heal|p1a: Ogerpon|100\/100|[from] drain|[of] p2b: Dondozo\n|\n|-heal|p2a: Tatsugiri|33\/100 tox|[from] Grassy Terrain\n|-heal|p2b: Dondozo|58\/100|[from] Grassy Terrain\n|-heal|p2b: Dondozo|65\/100|[from] item: Leftovers\n|-heal|p1b: Rillaboom|91\/100|[from] Grassy Terrain\n|-damage|p2a: Tatsugiri|28\/100 tox|[from] psn\n|upkeep\n|turn|3\n|\n|t:|1699814907\n|move|p2b: Dondozo|Protect|p2b: Dondozo\n|-singleturn|p2b: Dondozo|Protect\n|move|p1a: Ogerpon|Spiky Shield|p1a: Ogerpon\n|-singleturn|p1a: Ogerpon|move: Protect\n|move|p1b: Rillaboom|U-turn|p2b: Dondozo\n|-activate|p2b: Dondozo|move: Protect\n|\n|-heal|p2a: Tatsugiri|33\/100 tox|[from] Grassy Terrain\n|-heal|p2b: Dondozo|71\/100|[from] Grassy Terrain\n|-heal|p2b: Dondozo|77\/100|[from] item: Leftovers\n|-heal|p1b: Rillaboom|97\/100|[from] Grassy Terrain\n|-damage|p2a: Tatsugiri|22\/100 tox|[from] psn\n|upkeep\n|turn|4\n|\n|t:|1699814922\n|move|p2b: Dondozo|Liquidation|p1a: Ogerpon\n|-damage|p1a: Ogerpon|20\/100\n|move|p1a: Ogerpon|Horn Leech|p2b: Dondozo\n|-supereffective|p2b: Dondozo\n|-damage|p2b: Dondozo|47\/100\n|-heal|p1a: Ogerpon|45\/100|[from] drain|[of] p2b: Dondozo\n|move|p1b: Rillaboom|U-turn|p2b: Dondozo\n|-damage|p2b: Dondozo|40\/100\n|\n|t:|1699814931\n|switch|p1b: Iron Bundle|Iron Bundle, L50|100\/100|[from] U-turn\n|\n|-heal|p2a: Tatsugiri|28\/100 tox|[from] Grassy Terrain\n|-heal|p2b: Dondozo|47\/100|[from] Grassy Terrain\n|-heal|p2b: Dondozo|53\/100|[from] item: Leftovers\n|-heal|p1a: Ogerpon|50\/100|[from] Grassy Terrain\n|-damage|p2a: Tatsugiri|11\/100 tox|[from] psn\n|upkeep\n|turn|5\n|\n|t:|1699814941\n|move|p2b: Dondozo|Protect|p2b: Dondozo\n|-singleturn|p2b: Dondozo|Protect\n|move|p1b: Iron Bundle|Freeze-Dry|p2b: Dondozo\n|-activate|p2b: Dondozo|move: Protect\n|move|p1a: Ogerpon|Horn Leech|p2b: Dondozo\n|-activate|p2b: Dondozo|move: Protect\n|\n|-heal|p2a: Tatsugiri|17\/100 tox|[from] Grassy Terrain\n|-heal|p2b: Dondozo|59\/100|[from] Grassy Terrain\n|-heal|p2b: Dondozo|65\/100|[from] item: Leftovers\n|-heal|p1a: Ogerpon|56\/100|[from] Grassy Terrain\n|-damage|p2a: Tatsugiri|0 fnt|[from] psn\n|faint|p2a: Tatsugiri\n|-fieldend|move: Grassy Terrain\n|upkeep\n|\n|t:|1699814944\n|switch|p2a: Indeedee|Indeedee, L50, M|100\/100\n|-fieldstart|move: Psychic Terrain|[from] ability: Psychic Surge|[of] p2a: Indeedee\n|turn|6\n|\n|t:|1699814951\n|move|p2a: Indeedee|After You|p2b: Dondozo\n|-activate|p2b: Dondozo|move: After You\n|move|p2b: Dondozo|Body Press|p1b: Iron Bundle\n|-supereffective|p1b: Iron Bundle\n|-enditem|p1b: Iron Bundle|Focus Sash\n|-damage|p1b: Iron Bundle|1\/100\n|move|p1b: Iron Bundle|Encore|p2b: Dondozo\n|-start|p2b: Dondozo|Encore\n|move|p1a: Ogerpon|Horn Leech|p2a: Indeedee\n|-damage|p2a: Indeedee|0 fnt\n|-heal|p1a: Ogerpon|99\/100|[from] drain|[of] p2a: Indeedee\n|faint|p2a: Indeedee\n|\n|-heal|p2b: Dondozo|72\/100|[from] item: Leftovers\n|upkeep\n|\n|t:|1699814956\n|switch|p2a: Ursaluna|Ursaluna-Bloodmoon, L50, M|100\/100\n|turn|7\n|\n|t:|1699814970\n|switch|p1a: Rillaboom|Rillaboom, L50, F|97\/100\n|-fieldstart|move: Grassy Terrain|[from] ability: Grassy Surge|[of] p1a: Rillaboom\n|-terastallize|p2a: Ursaluna|Normal\n|move|p1b: Iron Bundle|Freeze-Dry|p2b: Dondozo\n|-supereffective|p2b: Dondozo\n|-damage|p2b: Dondozo|36\/100\n|move|p2b: Dondozo|Body Press|p1a: Rillaboom\n|-damage|p1a: Rillaboom|42\/100\n|move|p2a: Ursaluna|Hyper Voice|p1a: Rillaboom|[spread] p1a,p1b\n|-damage|p1a: Rillaboom|4\/100\n|-damage|p1b: Iron Bundle|0 fnt\n|faint|p1b: Iron Bundle\n|-end|p1b: Iron Bundle|Quark Drive|[silent]\n|-enditem|p2a: Ursaluna|Throat Spray\n|-boost|p2a: Ursaluna|spa|1|[from] item: Throat Spray\n|\n|-heal|p2b: Dondozo|43\/100|[from] Grassy Terrain\n|-heal|p2b: Dondozo|49\/100|[from] item: Leftovers\n|-heal|p1a: Rillaboom|10\/100|[from] Grassy Terrain\n|upkeep\n|\n|t:|1699814980\n|switch|p1b: Ogerpon|Ogerpon-Hearthflame, L50, F|99\/100\n|-ability|p1b: Ogerpon|Mold Breaker\n|turn|8\n|\n|t:|1699814990\n|move|p1b: Ogerpon|Grassy Glide|p2b: Dondozo\n|-supereffective|p2b: Dondozo\n|-damage|p2b: Dondozo|27\/100\n|move|p1a: Rillaboom|Grassy Glide|p2b: Dondozo\n|-supereffective|p2b: Dondozo\n|-damage|p2b: Dondozo|8\/100\n|move|p2b: Dondozo|Body Press|p1b: Ogerpon\n|-damage|p1b: Ogerpon|31\/100\n|move|p2a: Ursaluna|Hyper Voice|p1b: Ogerpon|[spread] p1a,p1b\n|-damage|p1a: Rillaboom|0 fnt\n|-damage|p1b: Ogerpon|0 fnt\n|faint|p1a: Rillaboom\n|faint|p1b: Ogerpon\n|\n|-heal|p2b: Dondozo|15\/100|[from] Grassy Terrain\n|-heal|p2b: Dondozo|21\/100|[from] item: Leftovers\n|upkeep\n|\n|t:|1699814995\n|switch|p1b: Heatran|Heatran, L50, F|100\/100\n|turn|9\n|inactive|Kiddslatt has 30 seconds left.\n|\n|t:|1699815024\n|-terastallize|p1b: Heatran|Grass\n|move|p2b: Dondozo|Body Press|p1b: Heatran\n|-damage|p1b: Heatran|50\/100\n|move|p1b: Heatran|Flamethrower|p2a: Ursaluna\n|-damage|p2a: Ursaluna|45\/100\n|move|p2a: Ursaluna|Blood Moon|p1b: Heatran\n|-damage|p1b: Heatran|0 fnt\n|faint|p1b: Heatran\n|\n|win|D0xie\n|raw|Kiddslatt's rating: 1199 &rarr; <strong>1171<\/strong><br \/>(-28 for losing)\n|raw|D0xie's rating: 1161 &rarr; <strong>1189<\/strong><br \/>(+28 for winning)\n|l|\u2606Kiddslatt\n","uploadtime":1699815044,"views":21,"p1id":"kiddslatt","p2id":"d0xie","formatid":"gen9vgc2023regulatione","rating":1171,"private":0,"password":""}