{"id":"gen9vgc2023regulatione-1991519386","p1":"Nervoneo","p2":"TeraBlastNormal","format":"[Gen 9] VGC 2023 Regulation E","log":"|j|\u2606Nervoneo\n|j|\u2606TeraBlastNormal\n|t:|1700084406\n|gametype|doubles\n|player|p1|Nervoneo|101|1127\n|player|p2|TeraBlastNormal|169|1218\n|teamsize|p1|6\n|teamsize|p2|6\n|gen|9\n|tier|[Gen 9] VGC 2023 Regulation E\n|rated|\n|rule|Species Clause: Limit one of each Pok\u00e9mon\n|rule|Item Clause: Limit one of each item\n|clearpoke\n|poke|p1|Clodsire, L50, M|\n|poke|p1|Dipplin, L50, M|\n|poke|p1|Iron Bundle, L50|\n|poke|p1|Tauros-Paldea-Blaze, L50, M|\n|poke|p1|Landorus-Therian, L50, M|\n|poke|p1|Farigiraf, L50, M|\n|poke|p2|Amoonguss, L50, F|\n|poke|p2|Kingambit, L50, M|\n|poke|p2|Dragonite, L50, M|\n|poke|p2|Chien-Pao, L50|\n|poke|p2|Urshifu-*, L50, M|\n|poke|p2|Ogerpon-Hearthflame, L50, F|\n|teampreview|4\nTeraBlastNormal rejected open team sheets.\n|\n|t:|1700084437\n|start\n|switch|p1a: Iron Bundle|Iron Bundle, L50|100\/100\n|switch|p1b: Clodsire|Clodsire, L50, M|100\/100\n|switch|p2a: Ogerpon|Ogerpon-Hearthflame, L50, F|100\/100\n|switch|p2b: Kingambit|Kingambit, L50, M|100\/100\n|-ability|p2a: Ogerpon|Mold Breaker\n|-enditem|p1a: Iron Bundle|Booster Energy\n|-activate|p1a: Iron Bundle|ability: Quark Drive|[fromitem]\n|-start|p1a: Iron Bundle|quarkdrivespe\n|turn|1\n|\n|t:|1700084466\n|move|p1a: Iron Bundle|Freeze-Dry|p2a: Ogerpon\n|-damage|p2a: Ogerpon|68\/100\n|move|p2a: Ogerpon|Horn Leech|p1b: Clodsire\n|-damage|p1b: Clodsire|55\/100\n|-heal|p2a: Ogerpon|96\/100|[from] drain|[of] p1b: Clodsire\n|move|p2b: Kingambit|Swords Dance|p2b: Kingambit\n|-boost|p2b: Kingambit|atk|2\n|move|p1b: Clodsire|Yawn|p2b: Kingambit\n|-start|p2b: Kingambit|move: Yawn|[of] p1b: Clodsire\n|\n|upkeep\n|turn|2\n|\n|t:|1700084493\n|switch|p1b: Tauros|Tauros-Paldea-Blaze, L50, M|100\/100\n|-ability|p1b: Tauros|Intimidate|boost\n|-unboost|p2a: Ogerpon|atk|1\n|-unboost|p2b: Kingambit|atk|1\n|-ability|p2b: Kingambit|Defiant|boost\n|-boost|p2b: Kingambit|atk|2\n|move|p2b: Kingambit|Sucker Punch||[still]\n|-fail|p2b: Kingambit\n|move|p1a: Iron Bundle|Encore|p2b: Kingambit\n|-start|p2b: Kingambit|Encore\n|move|p2a: Ogerpon|Horn Leech|p1a: Iron Bundle\n|-supereffective|p1a: Iron Bundle\n|-damage|p1a: Iron Bundle|27\/100\n|-heal|p2a: Ogerpon|100\/100|[from] drain|[of] p1a: Iron Bundle\n|\n|-end|p2b: Kingambit|move: Yawn|[silent]\n|-status|p2b: Kingambit|slp\n|upkeep\n|turn|3\n|\n|t:|1700084543\n|-end|p1a: Iron Bundle|Quark Drive|[silent]\n|switch|p1a: Clodsire|Clodsire, L50, M|55\/100\n|cant|p2b: Kingambit|slp\n|move|p1b: Tauros|Raging Bull|p2a: Ogerpon\n|-damage|p2a: Ogerpon|56\/100\n|move|p2a: Ogerpon|Ivy Cudgel|p1a: Clodsire|[anim] Ivy Cudgel Fire\n|-damage|p1a: Clodsire|14\/100\n|-enditem|p1a: Clodsire|Mago Berry|[eat]\n|-heal|p1a: Clodsire|47\/100|[from] item: Mago Berry\n|\n|upkeep\n|turn|4\n|\n|t:|1700084566\n|move|p1a: Clodsire|Helping Hand|p1b: Tauros\n|-singleturn|p1b: Tauros|Helping Hand|[of] p1a: Clodsire\n|-curestatus|p2b: Kingambit|slp|[msg]\n|move|p2b: Kingambit|Sucker Punch|p1b: Tauros\n|-resisted|p1b: Tauros\n|-damage|p1b: Tauros|34\/100\n|move|p1b: Tauros|Raging Bull|p2b: Kingambit\n|-supereffective|p2b: Kingambit\n|-damage|p2b: Kingambit|7\/100\n|move|p2a: Ogerpon|Horn Leech|p1a: Clodsire\n|-damage|p1a: Clodsire|15\/100\n|-heal|p2a: Ogerpon|75\/100|[from] drain|[of] p1a: Clodsire\n|\n|upkeep\n|turn|5\n|\n|t:|1700084592\n|move|p2b: Kingambit|Sucker Punch|p1b: Tauros\n|-resisted|p1b: Tauros\n|-damage|p1b: Tauros|0 fnt\n|faint|p1b: Tauros\n|move|p2a: Ogerpon|Horn Leech|p1a: Clodsire\n|-damage|p1a: Clodsire|0 fnt\n|-heal|p2a: Ogerpon|84\/100|[from] drain|[of] p1a: Clodsire\n|faint|p1a: Clodsire\n|\n|-end|p2b: Kingambit|Encore\n|upkeep\n|\n|t:|1700084598\n|switch|p1b: Iron Bundle|Iron Bundle, L50|27\/100\n|switch|p1a: Dipplin|Dipplin, L50, M|100\/100\n|-ability|p1a: Dipplin|Supersweet Syrup\n|-ability|p1a: Dipplin|Supersweet Syrup|boost\n|-unboost|p2a: Ogerpon|evasion|1\n|-unboost|p2b: Kingambit|evasion|1\n|-ability|p2b: Kingambit|Defiant|boost\n|-boost|p2b: Kingambit|atk|2\n|turn|6\n|\n|t:|1700084627\n|move|p2b: Kingambit|Protect|p2b: Kingambit\n|-singleturn|p2b: Kingambit|Protect\n|move|p1b: Iron Bundle|Encore|p2b: Kingambit\n|-activate|p2b: Kingambit|move: Protect\n|move|p2a: Ogerpon|Horn Leech|p1b: Iron Bundle\n|-supereffective|p1b: Iron Bundle\n|-damage|p1b: Iron Bundle|0 fnt\n|-heal|p2a: Ogerpon|94\/100|[from] drain|[of] p1b: Iron Bundle\n|faint|p1b: Iron Bundle\n|-end|p1b: Iron Bundle|Quark Drive|[silent]\n|move|p1a: Dipplin|Draco Meteor|p2a: Ogerpon\n|-damage|p2a: Ogerpon|39\/100\n|-unboost|p1a: Dipplin|spa|2\n|\n|upkeep\n|turn|7\n|c|\u2606Nervoneo|gg\n|c|\u2606TeraBlastNormal|gg\n|\n|t:|1700084646\n|move|p2b: Kingambit|Sucker Punch|p1a: Dipplin\n|-damage|p1a: Dipplin|0 fnt\n|faint|p1a: Dipplin\n|\n|win|TeraBlastNormal\n|raw|Nervoneo's rating: 1100 &rarr; <strong>1083<\/strong><br \/>(-17 for losing)\n|raw|TeraBlastNormal's rating: 1218 &rarr; <strong>1235<\/strong><br \/>(+17 for winning)\n|l|\u2606Nervoneo\n","uploadtime":1700084770,"views":26,"p1id":"nervoneo","p2id":"terablastnormal","formatid":"gen9vgc2023regulatione","rating":1083,"private":0,"password":""}