{"id":"gen9vgc2023regulatione-1997996079","p1":"TREY_NJVGC","p2":"SW0RD458","format":"[Gen 9] VGC 2023 Regulation E","log":"|j|\u2606TREY_NJVGC\n|j|\u2606SW0RD458\n|t:|1700876802\n|gametype|doubles\n|player|p1|TREY_NJVGC|bede-leader|1065\n|player|p2|SW0RD458|riley|1026\n|teamsize|p1|6\n|teamsize|p2|6\n|gen|9\n|tier|[Gen 9] VGC 2023 Regulation E\n|rated|\n|rule|Species Clause: Limit one of each Pok\u00e9mon\n|rule|Item Clause: Limit one of each item\n|clearpoke\n|poke|p1|Urshifu-*, L50, F|\n|poke|p1|Politoed, L50, M|\n|poke|p1|Ludicolo, L50, F|\n|poke|p1|Thundurus-Therian, L50, M|\n|poke|p1|Tornadus, L50, M|\n|poke|p1|Sinistcha, L50|\n|poke|p2|Tornadus, L50, M|\n|poke|p2|Urshifu-*, L50, M|\n|poke|p2|Iron Hands, L50|\n|poke|p2|Chien-Pao, L50|\n|poke|p2|Gholdengo, L50|\n|poke|p2|Chi-Yu, L50|\n|teampreview|4\n|\n|t:|1700876849\n|start\n|switch|p1a: Thundurus|Thundurus-Therian, L50, M|100\/100\n|switch|p1b: Politoed|Politoed, L50, M|100\/100\n|switch|p2a: Zephyroth|Tornadus, L50, M|100\/100\n|switch|p2b: Joltstomp|Iron Hands, L50|100\/100\n|-weather|RainDance|[from] ability: Drizzle|[of] p1b: Politoed\n|turn|1\n|\n|t:|1700876886\n|switch|p1a: Tornadus|Tornadus, L50, M|100\/100\n|move|p2b: Joltstomp|Fake Out|p1a: Tornadus\n|-damage|p1a: Tornadus|74\/100\n|move|p2a: Zephyroth|Tailwind|p2a: Zephyroth\n|-sidestart|p2: SW0RD458|move: Tailwind\n|move|p1b: Politoed|Chilling Water|p2b: Joltstomp\n|-damage|p2b: Joltstomp|86\/100\n|-unboost|p2b: Joltstomp|atk|1\n|\n|-weather|RainDance|[upkeep]\n|upkeep\n|turn|2\n|\n|t:|1700876913\n|move|p2a: Zephyroth|Taunt|p1a: Tornadus\n|-start|p1a: Tornadus|move: Taunt\n|cant|p1a: Tornadus|move: Taunt|Tailwind\n|move|p2b: Joltstomp|Volt Switch|p1b: Politoed\n|-supereffective|p1b: Politoed\n|-damage|p1b: Politoed|81\/100\n|\n|t:|1700876920\n|-end|p2b: Joltstomp|Quark Drive|[silent]\n|switch|p2b: Spectregeist|Gholdengo, L50|100\/100|[from] Volt Switch\n|move|p1b: Politoed|Chilling Water|p2b: Spectregeist\n|-damage|p2b: Spectregeist|69\/100\n|-unboost|p2b: Spectregeist|atk|1\n|\n|-weather|RainDance|[upkeep]\n|-heal|p2b: Spectregeist|75\/100|[from] item: Leftovers\n|upkeep\n|turn|3\n|\n|t:|1700876941\n|switch|p1b: Thundurus|Thundurus-Therian, L50, M|100\/100\n|move|p2a: Zephyroth|Bleakwind Storm|p1a: Tornadus|[spread] p1a,p1b\n|-resisted|p1b: Thundurus\n|-damage|p1a: Tornadus|17\/100\n|-damage|p1b: Thundurus|76\/100\n|move|p2b: Spectregeist|Make It Rain|p1a: Tornadus|[spread] p1a,p1b\n|-resisted|p1b: Thundurus\n|-damage|p1a: Tornadus|0 fnt\n|-damage|p1b: Thundurus|43\/100\n|-unboost|p2b: Spectregeist|spa|1\n|faint|p1a: Tornadus\n|\n|-weather|RainDance|[upkeep]\n|-heal|p2b: Spectregeist|82\/100|[from] item: Leftovers\n|upkeep\n|\n|t:|1700876964\n|switch|p1a: Urshifu|Urshifu-Rapid-Strike, L50, F|100\/100\n|turn|4\n|\n|t:|1700876997\n|switch|p2b: Joltstomp|Iron Hands, L50|86\/100\n|-terastallize|p1b: Thundurus|Steel\n|move|p1a: Urshifu|Detect|p1a: Urshifu\n|-singleturn|p1a: Urshifu|Protect\n|move|p2a: Zephyroth|Bleakwind Storm|p1a: Urshifu|[spread] p1b\n|-activate|p1a: Urshifu|move: Protect\n|-resisted|p1b: Thundurus\n|-damage|p1b: Thundurus|15\/100\n|move|p1b: Thundurus|Wildbolt Storm|p2a: Zephyroth|[spread] p2a,p2b\n|-supereffective|p2a: Zephyroth\n|-resisted|p2b: Joltstomp\n|-damage|p2a: Zephyroth|0 fnt\n|-damage|p2b: Joltstomp|66\/100\n|faint|p2a: Zephyroth\n|\n|-weather|RainDance|[upkeep]\n|-sideend|p2: SW0RD458|move: Tailwind\n|upkeep\n|\n|t:|1700877016\n|switch|p2a: Spectregeist|Gholdengo, L50|82\/100\n|turn|5\n|\n|t:|1700877031\n|move|p1b: Thundurus|Wildbolt Storm|p2b: Joltstomp|[spread] p2a,p2b\n|-resisted|p2b: Joltstomp\n|-damage|p2a: Spectregeist|8\/100\n|-damage|p2b: Joltstomp|48\/100\n|move|p2a: Spectregeist|Make It Rain|p1b: Thundurus|[spread] p1a,p1b\n|-resisted|p1a: Urshifu\n|-resisted|p1b: Thundurus\n|-damage|p1a: Urshifu|72\/100\n|-damage|p1b: Thundurus|0 fnt\n|-unboost|p2a: Spectregeist|spa|1\n|faint|p1b: Thundurus\n|move|p1a: Urshifu|Surging Strikes|p2a: Spectregeist\n|-crit|p2a: Spectregeist\n|-damage|p2a: Spectregeist|0 fnt\n|faint|p2a: Spectregeist\n|-hitcount|p2: Spectregeist|1\n|move|p2b: Joltstomp|Thunder Punch|p1a: Urshifu\n|-supereffective|p1a: Urshifu\n|-damage|p1a: Urshifu|0 fnt\n|faint|p1a: Urshifu\n|\n|-weather|none\n|upkeep\n|\n|t:|1700877049\n|switch|p1b: Politoed|Politoed, L50, M|81\/100\n|switch|p2a: Obsidian|Chi-Yu, L50|100\/100\n|-ability|p2a: Obsidian|Beads of Ruin\n|-weather|RainDance|[from] ability: Drizzle|[of] p1b: Politoed\n|turn|6\n|c|\u2606TREY_NJVGC|gg\n|\n|t:|1700877079\n|-terastallize|p2a: Obsidian|Fire\n|move|p2a: Obsidian|Overheat|p1b: Politoed\n|-resisted|p1b: Politoed\n|-damage|p1b: Politoed|48\/100\n|-unboost|p2a: Obsidian|spa|2\n|-enditem|p1b: Politoed|Sitrus Berry|[eat]\n|-heal|p1b: Politoed|73\/100|[from] item: Sitrus Berry\n|move|p1b: Politoed|Perish Song|p1b: Politoed\n|-start|p1b: Politoed|perish3|[silent]\n|-start|p2a: Obsidian|perish3|[silent]\n|-start|p2b: Joltstomp|perish3|[silent]\n|-fieldactivate|move: Perish Song\n|move|p2b: Joltstomp|Thunder Punch|p1b: Politoed\n|-supereffective|p1b: Politoed\n|-damage|p1b: Politoed|0 fnt\n|faint|p1b: Politoed\n|\n|win|SW0RD458\n|raw|TREY_NJVGC's rating: 1065 &rarr; <strong>1043<\/strong><br \/>(-22 for losing)\n|raw|SW0RD458's rating: 1026 &rarr; <strong>1066<\/strong><br \/>(+40 for winning)\n","uploadtime":1700877083,"views":4,"p1id":"treynjvgc","p2id":"sw0rd458","formatid":"gen9vgc2023regulatione","rating":1043,"private":0,"password":""}