{"id":"gen9vgc2023regulatione-1988172459","p1":"It\u2019sJustKen VGC","p2":"Iluminador","format":"[Gen 9] VGC 2023 Regulation E","log":"|j|\u2606It\u2019sJustKen VGC\n|j|\u2606Iluminador\n|t:|1699679280\n|gametype|doubles\n|player|p1|It\u2019sJustKen VGC|turo|1205\n|player|p2|Iluminador|265|1281\n|teamsize|p1|6\n|teamsize|p2|6\n|gen|9\n|tier|[Gen 9] VGC 2023 Regulation E\n|rated|\n|rule|Species Clause: Limit one of each Pok\u00e9mon\n|rule|Item Clause: Limit one of each item\n|clearpoke\n|poke|p1|Ting-Lu, L50|\n|poke|p1|Palafin, L50, F|\n|poke|p1|Pelipper, L50, F|\n|poke|p1|Flutter Mane, L50|\n|poke|p1|Ogerpon-Hearthflame, L50, F|\n|poke|p1|Dragonite, L50, M|\n|poke|p2|Toxicroak, L50, F|\n|poke|p2|Uxie, L50|\n|poke|p2|Heatran, L50, M|\n|poke|p2|Bronzong, L50|\n|poke|p2|Spiritomb, L50, F|\n|poke|p2|Pachirisu, L50, M|\n|teampreview|4\n|inactive|Battle timer is ON: inactive players will automatically lose when time's up. (requested by It\u2019sJustKen VGC)\n|\n|t:|1699679304\n|start\n|switch|p1a: Palafin|Palafin, L50, F|100\/100\n|switch|p1b: Ting-Lu|Ting-Lu, L50|100\/100\n|switch|p2a: Toxicroak|Toxicroak, L50, F|100\/100\n|switch|p2b: Spiritomb|Spiritomb, L50, F|100\/100\n|-ability|p1b: Ting-Lu|Vessel of Ruin\n|turn|1\n|\n|t:|1699679319\n|detailschange|p1a: Palafin|Palafin-Hero, L50, F\n|switch|p1a: Dragonite|Dragonite, L50, M|100\/100\n|move|p2a: Toxicroak|Bulk Up|p2a: Toxicroak\n|-boost|p2a: Toxicroak|atk|1\n|-boost|p2a: Toxicroak|def|1\n|move|p1b: Ting-Lu|Stomping Tantrum|p2a: Toxicroak\n|-supereffective|p2a: Toxicroak\n|-damage|p2a: Toxicroak|40\/100\n|move|p2b: Spiritomb|Trick Room|p2b: Spiritomb\n|-fieldstart|move: Trick Room|[of] p2b: Spiritomb\n|\n|-heal|p2a: Toxicroak|46\/100|[from] item: Leftovers\n|upkeep\n|turn|2\n|inactive|It\u2019sJustKen VGC has 30 seconds left.\n|\n|t:|1699679345\n|move|p2b: Spiritomb|Nasty Plot|p2b: Spiritomb\n|-boost|p2b: Spiritomb|spa|2\n|move|p1b: Ting-Lu|Earthquake|p2a: Toxicroak|[spread] p2a,p2b\n|-immune|p1a: Dragonite\n|-supereffective|p2a: Toxicroak\n|-damage|p2a: Toxicroak|0 fnt\n|-damage|p2b: Spiritomb|64\/100\n|faint|p2a: Toxicroak\n|move|p1a: Dragonite|Outrage|p2b: Spiritomb\n|-damage|p2b: Spiritomb|0 fnt\n|faint|p2b: Spiritomb\n|\n|upkeep\n|\n|t:|1699679353\n|switch|p2b: Bronzong|Bronzong, L50|100\/100\n|switch|p2a: Heatran|Heatran, L50, M|100\/100\n|turn|3\n|\n|t:|1699679367\n|-terastallize|p2a: Heatran|Grass\n|move|p2b: Bronzong|Psychic|p1a: Dragonite\n|-damage|p1a: Dragonite|56\/100\n|move|p1b: Ting-Lu|Stomping Tantrum|p2b: Bronzong\n|-immune|p2b: Bronzong|[from] ability: Levitate\n|move|p2a: Heatran|Heat Wave|p1b: Ting-Lu|[spread] p1a,p1b\n|-resisted|p1a: Dragonite\n|-damage|p1a: Dragonite|36\/100\n|-damage|p1b: Ting-Lu|85\/100\n|move|p1a: Dragonite|Outrage|p2a: Heatran|[from]lockedmove\n|-damage|p2a: Heatran|7\/100\n|-start|p1a: Dragonite|confusion|[fatigue]\n|\n|upkeep\n|turn|4\n|\n|t:|1699679389\n|switch|p1a: Ogerpon|Ogerpon-Hearthflame, L50, F|100\/100\n|-ability|p1a: Ogerpon|Mold Breaker\n|move|p2a: Heatran|Protect|p2a: Heatran\n|-singleturn|p2a: Heatran|Protect\n|move|p2b: Bronzong|Psychic|p1a: Ogerpon\n|-damage|p1a: Ogerpon|52\/100\n|move|p1b: Ting-Lu|Ruination|p2b: Bronzong\n|-damage|p2b: Bronzong|50\/100\n|\n|upkeep\n|turn|5\n|\n|t:|1699679403\n|move|p1a: Ogerpon|Spiky Shield|p1a: Ogerpon\n|-singleturn|p1a: Ogerpon|move: Protect\n|move|p2b: Bronzong|Psychic|p1a: Ogerpon\n|-activate|p1a: Ogerpon|move: Protect\n|move|p1b: Ting-Lu|Stomping Tantrum|p2a: Heatran\n|-resisted|p2a: Heatran\n|-damage|p2a: Heatran|0 fnt\n|faint|p2a: Heatran\n|\n|-fieldend|move: Trick Room\n|upkeep\n|turn|6\n|\n|t:|1699679410\n|switch|p1b: Dragonite|Dragonite, L50, M|36\/100\n|-terastallize|p1a: Ogerpon|Fire\n|detailschange|p1a: Ogerpon|Ogerpon-Hearthflame-Tera, L50, F, tera:Fire\n|-ability|p1a: Ogerpon|Embody Aspect (Hearthflame)|boost\n|-boost|p1a: Ogerpon|atk|1\n|move|p1a: Ogerpon|Ivy Cudgel|p2b: Bronzong\n|-supereffective|p2b: Bronzong\n|-damage|p2b: Bronzong|0 fnt\n|faint|p2b: Bronzong\n|\n|win|It\u2019sJustKen VGC\n|raw|It\u2019sJustKen VGC's rating: 1205 &rarr; <strong>1234<\/strong><br \/>(+29 for winning)\n|raw|Iluminador's rating: 1256 &rarr; <strong>1227<\/strong><br \/>(-29 for losing)\n|l|\u2606Iluminador\n|l|\u2606It\u2019sJustKen VGC\n|j|\u2606It\u2019sJustKen VGC\n|player|p1|It\u2019sJustKen VGC|turo\n","uploadtime":1699679420,"views":12,"p1id":"itsjustkenvgc","p2id":"iluminador","formatid":"gen9vgc2023regulatione","rating":1227,"private":0,"password":""}