{"id":"gen9vgc2023regulatione-1993483372","p1":"NotRaisin","p2":"SporeCloud","format":"[Gen 9] VGC 2023 Regulation E","log":"|j|\u2606NotRaisin\n|j|\u2606SporeCloud\n|t:|1700323341\n|gametype|doubles\n|player|p1|NotRaisin|2|\n|player|p2|SporeCloud|169|\n|teamsize|p1|6\n|teamsize|p2|6\n|gen|9\n|tier|[Gen 9] VGC 2023 Regulation E\n|rule|Species Clause: Limit one of each Pok\u00e9mon\n|rule|Item Clause: Limit one of each item\n|clearpoke\n|poke|p1|Kommo-o, L50, M|\n|poke|p1|Espeon, L50, F|\n|poke|p1|Tornadus, L50, M|\n|poke|p1|Iron Hands, L50|\n|poke|p1|Arcanine-Hisui, L50, M|\n|poke|p1|Sinistcha-Masterpiece, L50|\n|poke|p2|Rillaboom, L50, M|\n|poke|p2|Sneasler, L50, F|\n|poke|p2|Tornadus, L50, M|\n|poke|p2|Farigiraf, L50, M|\n|poke|p2|Arcanine-Hisui, L50, M|\n|poke|p2|Flutter Mane, L50|\n|teampreview|4\nSporeCloud has agreed to open team sheets.\nNotRaisin has agreed to open team sheets.\n|showteam|p1|Kommo-o||ClearAmulet|Overcoat|DrainPunch,ClangorousSoul,Protect,IronHead|||M|||50|,,,,,Steel]Espeon||AguavBerry|MagicBounce|DrainingKiss,PsychUp,StoredPower,Protect|||F|||50|,,,,,Fairy]Tornadus||KingsRock|Prankster|BleakwindStorm,Taunt,Tailwind,Fling|||M|||50|,,,,,Ghost]Iron Hands||AssaultVest|QuarkDrive|WildCharge,VoltSwitch,DrainPunch,FakeOut||||||50|,,,,,Water]Arcanine-Hisui||ChoiceBand|Intimidate|ExtremeSpeed,FlareBlitz,RockSlide,HeadSmash|||M|||50|,,,,,Normal]Sinistcha-Masterpiece||SitrusBerry|Hospitality|LifeDew,RagePowder,Protect,MatchaGotcha||||||50|,,,,,Water\n|showteam|p2|Rillaboom||AssaultVest|GrassySurge|FakeOut,HighHorsepower,WoodHammer,GrassyGlide|||M|||50|,,,,,Fire]Sneasler||GrassySeed|Unburden|DireClaw,CloseCombat,Acrobatics,Protect|||F|||50|,,,,,Flying]Tornadus||CovertCloak|Prankster|BleakwindStorm,Taunt,Tailwind,Protect|||M|||50|,,,,,Ground]Farigiraf||RockyHelmet|ArmorTail|Psychic,DazzlingGleam,HelpingHand,Protect|||M|||50|,,,,,Steel]Arcanine-Hisui||ChoiceBand|Intimidate|FlareBlitz,RockSlide,ExtremeSpeed,PsychicFangs|||M|||50|,,,,,Normal]Flutter Mane||BoosterEnergy|Protosynthesis|ShadowBall,Moonblast,IcyWind,Protect||||||50|,,,,,Fairy\n|j| William_L2\n|c|\u2606NotRaisin|ok i thought\n|c| William_L2|yo\n|c|\u2606NotRaisin|this was the wolfey team\n|c|\u2606NotRaisin|for a sec\n|c|\u2606SporeCloud|its not\n|c|\u2606NotRaisin|could've fooled me\n|c|\u2606NotRaisin|did fool me\n|c|\u2606NotRaisin|:skull:\n|c|\u2606SporeCloud|I've been doing a vgc draft with some mates\n|c|\u2606SporeCloud|picked rillaboom and sneasler before the wolfey upload\n|c|\u2606SporeCloud|and I likey\n|c|\u2606NotRaisin|nicey\n|\n|t:|1700323464\n|start\n|switch|p1a: Kiss me Fatboy!|Iron Hands, L50|100\/100\n|switch|p1b: GOOD DOG|Arcanine-Hisui, L50, M|100\/100\n|switch|p2a: Tornadus|Tornadus, L50, M|100\/100\n|switch|p2b: Flutter Mane|Flutter Mane, L50|100\/100\n|-ability|p1b: GOOD DOG|Intimidate|boost\n|-unboost|p2a: Tornadus|atk|1\n|-unboost|p2b: Flutter Mane|atk|1\n|-enditem|p2b: Flutter Mane|Booster Energy\n|-activate|p2b: Flutter Mane|ability: Protosynthesis|[fromitem]\n|-start|p2b: Flutter Mane|protosynthesisspa\n|turn|1\n|c| William_L2|THE DOG\n|c|\u2606NotRaisin|does he miss\n|c|\u2606NotRaisin|3\/5 head smashes\n|c|\u2606NotRaisin|again\n|c| William_L2|of course\n|c|\u2606NotRaisin|we will see\n|\n|t:|1700323490\n|move|p2a: Tornadus|Protect|p2a: Tornadus\n|-singleturn|p2a: Tornadus|Protect\n|move|p2b: Flutter Mane|Protect|p2b: Flutter Mane\n|-singleturn|p2b: Flutter Mane|Protect\n|move|p1a: Kiss me Fatboy!|Fake Out|p2a: Tornadus\n|-activate|p2a: Tornadus|move: Protect\n|move|p1b: GOOD DOG|Rock Slide|p2b: Flutter Mane|[spread] \n|-activate|p2a: Tornadus|move: Protect\n|-activate|p2b: Flutter Mane|move: Protect\n|\n|upkeep\n|turn|2\n|\n|t:|1700323523\n|-end|p2b: Flutter Mane|Protosynthesis|[silent]\n|switch|p2b: Rillaboom|Rillaboom, L50, M|100\/100\n|-fieldstart|move: Grassy Terrain|[from] ability: Grassy Surge|[of] p2b: Rillaboom\n|move|p2a: Tornadus|Tailwind|p2a: Tornadus\n|-sidestart|p2: SporeCloud|move: Tailwind\n|move|p1b: GOOD DOG|Rock Slide|p2b: Rillaboom|[spread] p2a,p2b\n|-supereffective|p2a: Tornadus\n|-crit|p2a: Tornadus\n|-damage|p2a: Tornadus|0 fnt\n|-damage|p2b: Rillaboom|63\/100\n|faint|p2a: Tornadus\n|move|p1a: Kiss me Fatboy!|Wild Charge|p2b: Rillaboom\n|-resisted|p2b: Rillaboom\n|-damage|p2b: Rillaboom|39\/100\n|-damage|p1a: Kiss me Fatboy!|95\/100|[from] Recoil\n|\n|-heal|p2b: Rillaboom|45\/100|[from] Grassy Terrain\n|-heal|p1a: Kiss me Fatboy!|100\/100|[from] Grassy Terrain\n|upkeep\n|\n|t:|1700323534\n|switch|p2a: Piss Baby|Sneasler, L50, F, shiny|100\/100\n|-enditem|p2a: Piss Baby|Grassy Seed\n|-boost|p2a: Piss Baby|def|1|[from] item: Grassy Seed\n|turn|3\n|\n|t:|1700323577\n|-end|p1a: Kiss me Fatboy!|Quark Drive|[silent]\n|switch|p1a: Big Slammin'|Kommo-o, L50, M|100\/100\n|move|p2a: Piss Baby|Dire Claw|p1b: GOOD DOG\n|-resisted|p1b: GOOD DOG\n|-damage|p1b: GOOD DOG|73\/100\n|move|p2b: Rillaboom|High Horsepower|p1a: Big Slammin'\n|-damage|p1a: Big Slammin'|76\/100\n|move|p1b: GOOD DOG|Rock Slide|p2b: Rillaboom|[spread] p2a,p2b\n|-resisted|p2a: Piss Baby\n|-crit|p2a: Piss Baby\n|-damage|p2a: Piss Baby|42\/100\n|-damage|p2b: Rillaboom|3\/100\n|\n|-heal|p2a: Piss Baby|48\/100|[from] Grassy Terrain\n|-heal|p2b: Rillaboom|9\/100|[from] Grassy Terrain\n|-heal|p1b: GOOD DOG|79\/100|[from] Grassy Terrain\n|-heal|p1a: Big Slammin'|82\/100|[from] Grassy Terrain\n|upkeep\n|turn|4\n|c|\u2606SporeCloud|not the play I thought you'd do\n|c|\u2606SporeCloud|hm\n|c|\u2606NotRaisin|see i thought you thought i'd do that play\n|\n|t:|1700323642\n|switch|p1b: Average Tea Drinkr|Sinistcha-Masterpiece, L50|100\/100\n|-heal|p1a: Big Slammin'|100\/100|[from] ability: Hospitality|[of] p1b: Average Tea Drinkr\n|move|p2a: Piss Baby|Close Combat|p1b: Average Tea Drinkr\n|-immune|p1b: Average Tea Drinkr\n|move|p2b: Rillaboom|High Horsepower|p1a: Big Slammin'\n|-damage|p1a: Big Slammin'|76\/100\n|move|p1a: Big Slammin'|Clangorous Soul|p1a: Big Slammin'\n|-boost|p1a: Big Slammin'|atk|1\n|-boost|p1a: Big Slammin'|def|1\n|-boost|p1a: Big Slammin'|spa|1\n|-boost|p1a: Big Slammin'|spd|1\n|-boost|p1a: Big Slammin'|spe|1\n|-damage|p1a: Big Slammin'|43\/100\n|\n|-heal|p2a: Piss Baby|53\/100|[from] Grassy Terrain\n|-heal|p2b: Rillaboom|15\/100|[from] Grassy Terrain\n|-heal|p1a: Big Slammin'|49\/100|[from] Grassy Terrain\n|upkeep\n|turn|5\n|\n|t:|1700323668\n|move|p2a: Piss Baby|Protect|p2a: Piss Baby\n|-singleturn|p2a: Piss Baby|Protect\n|move|p1a: Big Slammin'|Protect|p1a: Big Slammin'\n|-singleturn|p1a: Big Slammin'|Protect\n|move|p2b: Rillaboom|Grassy Glide|p1a: Big Slammin'\n|-activate|p1a: Big Slammin'|move: Protect\n|move|p1b: Average Tea Drinkr|Life Dew||[still]|[spread] p1a,p1b\n|-heal|p1a: Big Slammin'|75\/100\n|-fail|p1b: Average Tea Drinkr|heal\n|\n|-heal|p2a: Piss Baby|59\/100|[from] Grassy Terrain\n|-heal|p2b: Rillaboom|21\/100|[from] Grassy Terrain\n|-heal|p1a: Big Slammin'|81\/100|[from] Grassy Terrain\n|-sideend|p2: SporeCloud|move: Tailwind\n|upkeep\n|turn|6\n|\n|t:|1700323695\n|move|p1b: Average Tea Drinkr|Rage Powder|p1b: Average Tea Drinkr\n|-singleturn|p1b: Average Tea Drinkr|move: Rage Powder\n|move|p2a: Piss Baby|Close Combat|p1b: Average Tea Drinkr\n|-immune|p1b: Average Tea Drinkr\n|move|p1a: Big Slammin'|Iron Head|p2a: Piss Baby\n|-damage|p2a: Piss Baby|18\/100\n|move|p2b: Rillaboom|High Horsepower|p1a: Big Slammin'\n|-crit|p1a: Big Slammin'\n|-damage|p1a: Big Slammin'|43\/100\n|\n|-heal|p2a: Piss Baby|24\/100|[from] Grassy Terrain\n|-heal|p1a: Big Slammin'|49\/100|[from] Grassy Terrain\n|-heal|p2b: Rillaboom|27\/100|[from] Grassy Terrain\n|-fieldend|move: Grassy Terrain\n|upkeep\n|turn|7\n|\n|t:|1700323718\n|switch|p2b: Flutter Mane|Flutter Mane, L50|100\/100\n|-terastallize|p2a: Piss Baby|Flying\n|move|p1b: Average Tea Drinkr|Rage Powder|p1b: Average Tea Drinkr\n|-singleturn|p1b: Average Tea Drinkr|move: Rage Powder\n|move|p2a: Piss Baby|Acrobatics|p1b: Average Tea Drinkr\n|-supereffective|p1b: Average Tea Drinkr\n|-damage|p1b: Average Tea Drinkr|0 fnt\n|faint|p1b: Average Tea Drinkr\n|move|p1a: Big Slammin'|Drain Punch|p2b: Flutter Mane\n|-immune|p2b: Flutter Mane\n|\n|upkeep\n|\n|t:|1700323727\n|switch|p1b: GOOD DOG|Arcanine-Hisui, L50, M|79\/100\n|-ability|p1b: GOOD DOG|Intimidate|boost\n|-unboost|p2a: Piss Baby|atk|1\n|-unboost|p2b: Flutter Mane|atk|1\n|turn|8\n|\n|t:|1700323743\n|-terastallize|p1a: Big Slammin'|Steel\n|move|p2a: Piss Baby|Protect|p2a: Piss Baby\n|-singleturn|p2a: Piss Baby|Protect\n|move|p2b: Flutter Mane|Icy Wind|p1b: GOOD DOG|[spread] p1b\n|-miss|p2b: Flutter Mane|p1a: Big Slammin'\n|-resisted|p1b: GOOD DOG\n|-damage|p1b: GOOD DOG|70\/100\n|-unboost|p1b: GOOD DOG|spe|1\n|move|p1a: Big Slammin'|Drain Punch|p2a: Piss Baby\n|-activate|p2a: Piss Baby|move: Protect\n|move|p1b: GOOD DOG|Flare Blitz|p2b: Flutter Mane\n|-damage|p2b: Flutter Mane|0 fnt\n|faint|p2b: Flutter Mane\n|-end|p2b: Flutter Mane|Protosynthesis|[silent]\n|-damage|p1b: GOOD DOG|46\/100|[from] Recoil\n|\n|upkeep\n|\n|t:|1700323756\n|switch|p2b: Rillaboom|Rillaboom, L50, M|27\/100\n|-fieldstart|move: Grassy Terrain|[from] ability: Grassy Surge|[of] p2b: Rillaboom\n|turn|9\n|\n|t:|1700323778\n|switch|p1b: Kiss me Fatboy!|Iron Hands, L50|100\/100\n|move|p1a: Big Slammin'|Protect|p1a: Big Slammin'\n|-singleturn|p1a: Big Slammin'|Protect\n|move|p2b: Rillaboom|Fake Out|p1b: Kiss me Fatboy!\n|-damage|p1b: Kiss me Fatboy!|91\/100\n|move|p2a: Piss Baby|Close Combat|p1a: Big Slammin'\n|-activate|p1a: Big Slammin'|move: Protect\n|\n|-heal|p1a: Big Slammin'|55\/100|[from] Grassy Terrain\n|-heal|p2b: Rillaboom|33\/100|[from] Grassy Terrain\n|-heal|p1b: Kiss me Fatboy!|98\/100|[from] Grassy Terrain\n|upkeep\n|turn|10\n|\n|t:|1700323798\n|move|p1b: Kiss me Fatboy!|Fake Out|p2a: Piss Baby\n|-damage|p2a: Piss Baby|6\/100\n|cant|p2a: Piss Baby|flinch\n|move|p1a: Big Slammin'|Drain Punch|p2b: Rillaboom\n|-damage|p2b: Rillaboom|0 fnt\n|-heal|p1a: Big Slammin'|74\/100|[from] drain|[of] p2b: Rillaboom\n|faint|p2b: Rillaboom\n|\n|-heal|p1a: Big Slammin'|80\/100|[from] Grassy Terrain\n|-heal|p1b: Kiss me Fatboy!|100\/100|[from] Grassy Terrain\n|upkeep\n|turn|11\n|c|\u2606SporeCloud|I do not win here\n|c|\u2606NotRaisin|grassy seed mattered\n|\n|t:|1700323833\n|move|p2a: Piss Baby|Close Combat|p1a: Big Slammin'\n|-supereffective|p1a: Big Slammin'\n|-damage|p1a: Big Slammin'|26\/100\n|-unboost|p2a: Piss Baby|def|1\n|-unboost|p2a: Piss Baby|spd|1\n|move|p1a: Big Slammin'|Drain Punch|p2a: Piss Baby\n|-resisted|p2a: Piss Baby\n|-damage|p2a: Piss Baby|0 fnt\n|-heal|p1a: Big Slammin'|29\/100|[from] drain|[of] p2a: Piss Baby\n|faint|p2a: Piss Baby\n|\n|win|NotRaisin\n|c|\u2606NotRaisin|gg tho\n|c|\u2606NotRaisin|i should play more vgc but\n|c|\u2606NotRaisin|it would reveal my playstyle\n|c|\u2606NotRaisin|:eyes:\n|c|\u2606SporeCloud|you already revealed it tbh\n|c|\u2606NotRaisin|inb4 \"stupid\"\n|c|\u2606SporeCloud|nah it's like\n|c|\u2606SporeCloud|I could see the plays you needed to make\n|c|\u2606SporeCloud|and then you just didn't make them\n|c|\u2606SporeCloud|so I stopped thinking\n|c|\u2606SporeCloud|forgot about rage powder\n|c| William_L2|secret way to beat nahum\n|c|\u2606SporeCloud|and lost from there\n|c|\u2606NotRaisin|vod review?\n|c|\u2606NotRaisin|in vc?\n|c|\u2606SporeCloud|nah not worth\n|c|\u2606NotRaisin|wanna hear\n|c|\u2606NotRaisin|oh ok\n|c|\u2606SporeCloud|gg anyhow\n|c|\u2606NotRaisin|well gg\n|c|\u2606SporeCloud|now I prepare for next format (I already know what it is)\n|c|\u2606NotRaisin|ah\n|c|\u2606NotRaisin|insider information\n|c|\u2606NotRaisin|gg...\n","uploadtime":1700324035,"views":33,"p1id":"notraisin","p2id":"sporecloud","formatid":"gen9vgc2023regulatione","rating":0,"private":0,"password":""}