{"id":"gen9vgc2023regulatione-1998725044","p1":"tealpens4","p2":"kei01","format":"[Gen 9] VGC 2023 Regulation E","log":"|j|\u2606tealpens4\n|j|\u203dkei01\n|t:|1700978379\n|gametype|doubles\n|player|p1|tealpens4|169|1190\n|player|p2|kei01|cynthia-gen4|1234\n|teamsize|p1|6\n|teamsize|p2|6\n|gen|9\n|tier|[Gen 9] VGC 2023 Regulation E\n|rated|\n|rule|Species Clause: Limit one of each Pok\u00e9mon\n|rule|Item Clause: Limit one of each item\n|clearpoke\n|poke|p1|Tornadus, L50, M|\n|poke|p1|Politoed, L50, F|\n|poke|p1|Rillaboom, L50, F|\n|poke|p1|Arcanine-Hisui, L50, F|\n|poke|p1|Chien-Pao, L50|\n|poke|p1|Urshifu-*, L50, M|\n|poke|p2|Roaring Moon, L50|\n|poke|p2|Amoonguss, L50, M|\n|poke|p2|Iron Hands, L50|\n|poke|p2|Arcanine-Hisui, L50, M|\n|poke|p2|Flutter Mane, L50|\n|poke|p2|Dondozo, L50, M|\n|teampreview|4\n|\n|t:|1700978412\n|start\n|switch|p1a: Arcanine|Arcanine-Hisui, L50, F|100\/100\n|switch|p1b: Chien-Pao|Chien-Pao, L50|100\/100\n|switch|p2a: Iron Hands|Iron Hands, L50|100\/100\n|switch|p2b: Dondozo|Dondozo, L50, M|100\/100\n|-ability|p1b: Chien-Pao|Sword of Ruin\n|-ability|p1a: Arcanine|Intimidate|boost\n|-unboost|p2a: Iron Hands|atk|1\n|-fail|p2b: Dondozo|unboost|Attack|[from] ability: Oblivious|[of] p2b: Dondozo\n|turn|1\n|\n|t:|1700978486\n|-terastallize|p1a: Arcanine|Fairy\n|move|p1b: Chien-Pao|Sacred Sword|p2b: Dondozo\n|-damage|p2b: Dondozo|72\/100\n|move|p1a: Arcanine|Tera Blast|p2a: Iron Hands|[anim] Tera Blast Fairy\n|-supereffective|p2a: Iron Hands\n|-damage|p2a: Iron Hands|3\/100\n|move|p2a: Iron Hands|Heavy Slam|p1b: Chien-Pao\n|-supereffective|p1b: Chien-Pao\n|-damage|p1b: Chien-Pao|59\/100\n|move|p2b: Dondozo|Wave Crash|p1a: Arcanine\n|-damage|p1a: Arcanine|22\/100\n|-damage|p2b: Dondozo|53\/100|[from] Recoil\n|\n|upkeep\n|turn|2\n|\n|t:|1700978522\n|switch|p1a: Politoed|Politoed, L50, F|100\/100\n|-weather|RainDance|[from] ability: Drizzle|[of] p1a: Politoed\n|-end|p2a: Iron Hands|Quark Drive|[silent]\n|switch|p2a: Arcanine|Arcanine-Hisui, L50, M|100\/100\n|-ability|p2a: Arcanine|Intimidate|boost\n|-unboost|p1a: Politoed|atk|1\n|-unboost|p1b: Chien-Pao|atk|1\n|move|p1b: Chien-Pao|Sacred Sword|p2a: Arcanine\n|-supereffective|p2a: Arcanine\n|-damage|p2a: Arcanine|27\/100\n|move|p2b: Dondozo|Wave Crash|p1b: Chien-Pao\n|-damage|p1b: Chien-Pao|0 fnt\n|faint|p1b: Chien-Pao\n|-damage|p2b: Dondozo|41\/100|[from] Recoil\n|\n|-weather|RainDance|[upkeep]\n|upkeep\n|\n|t:|1700978536\n|switch|p1b: Tornadus|Tornadus, L50, M|100\/100\n|turn|3\n|\n|t:|1700978563\n|switch|p2a: Iron Hands|Iron Hands, L50|3\/100\n|move|p1b: Tornadus|Bleakwind Storm|p2a: Iron Hands|[spread] p2a,p2b\n|-damage|p2a: Iron Hands|0 fnt\n|-damage|p2b: Dondozo|11\/100\n|-unboost|p2b: Dondozo|spe|1\n|faint|p2a: Iron Hands\n|-end|p2a: Iron Hands|Quark Drive|[silent]\n|move|p1a: Politoed|Muddy Water|p2b: Dondozo\n|-resisted|p2b: Dondozo\n|-damage|p2b: Dondozo|0 fnt\n|faint|p2b: Dondozo\n|\n|-weather|RainDance|[upkeep]\n|upkeep\n|c|\u2606tealpens4|=O\n|\n|t:|1700978575\n|switch|p2a: Arcanine|Arcanine-Hisui, L50, M|27\/100\n|switch|p2b: Flutter Mane|Flutter Mane, L50|100\/100\n|-ability|p2a: Arcanine|Intimidate|boost\n|-unboost|p1a: Politoed|atk|1\n|-unboost|p1b: Tornadus|atk|1\n|turn|4\n|\n|t:|1700978586\n|move|p2a: Arcanine|Extreme Speed|p1b: Tornadus\n|-damage|p1b: Tornadus|43\/100\n|move|p1b: Tornadus|Tailwind|p1b: Tornadus\n|-sidestart|p1: tealpens4|move: Tailwind\n|move|p1a: Politoed|Muddy Water|p2b: Flutter Mane|[spread] p2a,p2b\n|-supereffective|p2a: Arcanine\n|-damage|p2a: Arcanine|0 fnt\n|-damage|p2b: Flutter Mane|63\/100\n|-unboost|p2b: Flutter Mane|accuracy|1\n|faint|p2a: Arcanine\n|move|p2b: Flutter Mane|Dazzling Gleam|p1a: Politoed|[spread] p1a,p1b\n|-crit|p1a: Politoed\n|-damage|p1a: Politoed|46\/100\n|-damage|p1b: Tornadus|0 fnt\n|-enditem|p1a: Politoed|Sitrus Berry|[eat]\n|-heal|p1a: Politoed|71\/100|[from] item: Sitrus Berry\n|faint|p1b: Tornadus\n|\n|-weather|RainDance|[upkeep]\n|upkeep\n|\n|t:|1700978598\n|switch|p1b: Arcanine|Arcanine-Hisui, L50, F, tera:Fairy|22\/100\n|-ability|p1b: Arcanine|Intimidate|boost\n|-unboost|p2b: Flutter Mane|atk|1\n|turn|5\n|\n|t:|1700978619\n|-terastallize|p2b: Flutter Mane|Fairy\n|move|p1b: Arcanine|Tera Blast|p2b: Flutter Mane|[anim] Tera Blast Fairy\n|-damage|p2b: Flutter Mane|0 fnt\n|faint|p2b: Flutter Mane\n|-end|p2b: Flutter Mane|Protosynthesis|[silent]\n|\n|win|tealpens4\n|raw|tealpens4's rating: 1190 &rarr; <strong>1218<\/strong><br \/>(+28 for winning)\n|raw|kei01's rating: 1234 &rarr; <strong>1206<\/strong><br \/>(-28 for losing)\n|c|\u2606tealpens4|lol\n|l|\u203dkei01\n","uploadtime":1700978634,"views":16,"p1id":"tealpens4","p2id":"kei01","formatid":"gen9vgc2023regulatione","rating":1206,"private":0,"password":""}