{"id":"gen9vgc2023regulatione-1993541036","p1":"Bolsa_25","p2":"lgh925","format":"[Gen 9] VGC 2023 Regulation E","log":"|j|\u2606Bolsa_25\n|j|\u2606lgh925\n|t:|1700329713\n|gametype|doubles\n|player|p1|Bolsa_25|tate|1473\n|player|p2|lgh925|dawn|1467\n|teamsize|p1|6\n|teamsize|p2|6\n|gen|9\n|tier|[Gen 9] VGC 2023 Regulation E\n|rated|\n|rule|Species Clause: Limit one of each Pok\u00e9mon\n|rule|Item Clause: Limit one of each item\n|clearpoke\n|poke|p1|Grimmsnarl, L50, M|\n|poke|p1|Annihilape, L50, M|\n|poke|p1|Heatran, L50, M|\n|poke|p1|Scizor, L50, F|\n|poke|p1|Rillaboom, L50, M|\n|poke|p1|Ogerpon-Wellspring, L50, F|\n|poke|p2|Weezing, L50, F|\n|poke|p2|Landorus-Therian, L50, M|\n|poke|p2|Iron Hands, L50|\n|poke|p2|Flutter Mane, L50|\n|poke|p2|Kommo-o, L50, M|\n|poke|p2|Roaring Moon, L50|\n|teampreview|4\n|\n|t:|1700329737\n|start\n|switch|p1a: Grimmsnarl|Grimmsnarl, L50, M|100\/100\n|switch|p1b: Heatran|Heatran, L50, M|100\/100\n|switch|p2a: Roaring Moon|Roaring Moon, L50|100\/100\n|switch|p2b: Weezing|Weezing, L50, F|100\/100\n|-ability|p2b: Weezing|Neutralizing Gas\n|-enditem|p2a: Roaring Moon|Booster Energy\n|-activate|p2a: Roaring Moon|ability: Protosynthesis|[fromitem]\n|-start|p2a: Roaring Moon|protosynthesisspe\n|turn|1\n|\n|t:|1700329748\n|-terastallize|p2a: Roaring Moon|Poison\n|move|p2a: Roaring Moon|Knock Off|p1b: Heatran\n|-crit|p1b: Heatran\n|-damage|p1b: Heatran|41\/100\n|-enditem|p1b: Heatran|Life Orb|[from] move: Knock Off|[of] p2a: Roaring Moon\n|move|p1b: Heatran|Earth Power|p2b: Weezing\n|-supereffective|p2b: Weezing\n|-damage|p2b: Weezing|11\/100\n|-enditem|p2b: Weezing|Sitrus Berry|[eat]\n|-heal|p2b: Weezing|36\/100|[from] item: Sitrus Berry\n|move|p1a: Grimmsnarl|Parting Shot|p2a: Roaring Moon\n|-unboost|p2a: Roaring Moon|atk|1\n|-unboost|p2a: Roaring Moon|spa|1\n|\n|t:|1700329760\n|switch|p1a: Scizor|Scizor, L50, F|100\/100|[from] Parting Shot\n|move|p2b: Weezing|Taunt|p1a: Scizor\n|-start|p1a: Scizor|move: Taunt\n|\n|upkeep\n|turn|2\n|\n|t:|1700329791\n|move|p1a: Scizor|Bullet Punch|p2a: Roaring Moon\n|-damage|p2a: Roaring Moon|76\/100\n|move|p2a: Roaring Moon|Knock Off|p1a: Scizor\n|-damage|p1a: Scizor|66\/100\n|-enditem|p1a: Scizor|Clear Amulet|[from] move: Knock Off|[of] p2a: Roaring Moon\n|move|p1b: Heatran|Earth Power|p2a: Roaring Moon\n|-supereffective|p2a: Roaring Moon\n|-damage|p2a: Roaring Moon|22\/100\n|move|p2b: Weezing|Will-O-Wisp|p1a: Scizor\n|-status|p1a: Scizor|brn\n|\n|-damage|p1a: Scizor|60\/100 brn|[from] brn\n|upkeep\n|turn|3\n|\n|t:|1700329806\n|-end|p2a: Roaring Moon|Protosynthesis|[silent]\n|switch|p2a: Landorus|Landorus-Therian, L50, M|100\/100\n|-ability|p2a: Landorus|Intimidate|boost\n|-unboost|p1a: Scizor|atk|1\n|-unboost|p1b: Heatran|atk|1\n|move|p2b: Weezing|Protect|p2b: Weezing\n|-singleturn|p2b: Weezing|Protect\n|move|p1a: Scizor|Bullet Punch|p2a: Landorus\n|-damage|p2a: Landorus|93\/100\n|move|p1b: Heatran|Heat Wave|p2a: Landorus|[spread] p2a\n|-activate|p2b: Weezing|move: Protect\n|-damage|p2a: Landorus|50\/100\n|\n|-damage|p1a: Scizor|54\/100 brn|[from] brn\n|-end|p1a: Scizor|move: Taunt\n|upkeep\n|turn|4\n|\n|t:|1700329821\n|move|p1b: Heatran|Protect|p1b: Heatran\n|-singleturn|p1b: Heatran|Protect\n|move|p2a: Landorus|Stomping Tantrum|p1b: Heatran\n|-activate|p1b: Heatran|move: Protect\n|move|p1a: Scizor|Dual Wingbeat|p2a: Landorus\n|-damage|p2a: Landorus|45\/100\n|-damage|p2a: Landorus|40\/100\n|-hitcount|p2a: Landorus|2\n|move|p2b: Weezing|Taunt|p1a: Scizor\n|-start|p1a: Scizor|move: Taunt\n|\n|-damage|p1a: Scizor|47\/100 brn|[from] brn\n|upkeep\n|turn|5\n|\n|t:|1700329835\n|switch|p1b: Ogerpon|Ogerpon-Wellspring, L50, F|100\/100\n|move|p1a: Scizor|Bullet Punch|p2a: Landorus\n|-damage|p2a: Landorus|33\/100\n|move|p2a: Landorus|Stomping Tantrum|p1b: Ogerpon\n|-resisted|p1b: Ogerpon\n|-damage|p1b: Ogerpon|79\/100\n|move|p2b: Weezing|Taunt|p1b: Ogerpon\n|-start|p1b: Ogerpon|move: Taunt\n|\n|-damage|p1a: Scizor|41\/100 brn|[from] brn\n|upkeep\n|turn|6\n|\n|t:|1700329852\n|switch|p1a: Grimmsnarl|Grimmsnarl, L50, M|100\/100\n|move|p2a: Landorus|Protect|p2a: Landorus\n|-singleturn|p2a: Landorus|Protect\n|move|p1b: Ogerpon|Ivy Cudgel|p2b: Weezing|[anim] Ivy Cudgel Water\n|-damage|p2b: Weezing|2\/100\n|move|p2b: Weezing|Will-O-Wisp|p1b: Ogerpon\n|-status|p1b: Ogerpon|brn\n|\n|-damage|p1b: Ogerpon|73\/100 brn|[from] brn\n|upkeep\n|turn|7\n|\n|t:|1700329869\n|switch|p2a: Roaring Moon|Roaring Moon, L50, tera:Poison|22\/100\n|move|p1b: Ogerpon|Ivy Cudgel|p2a: Roaring Moon|[anim] Ivy Cudgel Water\n|-crit|p2a: Roaring Moon\n|-damage|p2a: Roaring Moon|0 fnt\n|faint|p2a: Roaring Moon\n|-end|p2a: Roaring Moon|Protosynthesis|[silent]\n|move|p1a: Grimmsnarl|Spirit Break|p2b: Weezing\n|-resisted|p2b: Weezing\n|-damage|p2b: Weezing|0 fnt\n|faint|p2b: Weezing\n|-end|p2b: Weezing|ability: Neutralizing Gas\n|\n|-damage|p1b: Ogerpon|67\/100 brn|[from] brn\n|-end|p1b: Ogerpon|move: Taunt\n|upkeep\n|\n|t:|1700329872\n|switch|p2a: Landorus|Landorus-Therian, L50, M|33\/100\n|switch|p2b: Kommo-o|Kommo-o, L50, M|100\/100\n|-ability|p2a: Landorus|Intimidate|boost\n|-unboost|p1a: Grimmsnarl|atk|1\n|-unboost|p1b: Ogerpon|atk|1\n|turn|8\n|\n|t:|1700329888\n|move|p1a: Grimmsnarl|Reflect|p1a: Grimmsnarl\n|-sidestart|p1: Bolsa_25|Reflect\n|move|p1b: Ogerpon|Ivy Cudgel|p2a: Landorus|[anim] Ivy Cudgel Water\n|-supereffective|p2a: Landorus\n|-damage|p2a: Landorus|3\/100\n|move|p2a: Landorus|Rock Slide|p1a: Grimmsnarl|[spread] p1a,p1b\n|-crit|p1a: Grimmsnarl\n|-damage|p1a: Grimmsnarl|68\/100\n|-damage|p1b: Ogerpon|50\/100 brn\n|move|p2b: Kommo-o|Iron Defense|p2b: Kommo-o\n|-boost|p2b: Kommo-o|def|2\n|\n|-damage|p1b: Ogerpon|44\/100 brn|[from] brn\n|upkeep\n|turn|9\n|\n|t:|1700329904\n|-terastallize|p1a: Grimmsnarl|Fairy\n|move|p2a: Landorus|Protect|p2a: Landorus\n|-singleturn|p2a: Landorus|Protect\n|move|p1b: Ogerpon|Ivy Cudgel|p2a: Landorus|[anim] Ivy Cudgel Water\n|-activate|p2a: Landorus|move: Protect\n|move|p2b: Kommo-o|Body Press|p1a: Grimmsnarl\n|-resisted|p1a: Grimmsnarl\n|-damage|p1a: Grimmsnarl|42\/100\n|move|p1a: Grimmsnarl|Spirit Break|p2b: Kommo-o\n|-supereffective|p2b: Kommo-o\n|-damage|p2b: Kommo-o|65\/100\n|-unboost|p2b: Kommo-o|spa|1\n|\n|-heal|p2b: Kommo-o|71\/100|[from] item: Leftovers\n|-damage|p1b: Ogerpon|38\/100 brn|[from] brn\n|upkeep\n|turn|10\n|\n|t:|1700329919\n|move|p1b: Ogerpon|Ivy Cudgel|p2a: Landorus|[anim] Ivy Cudgel Water\n|-supereffective|p2a: Landorus\n|-damage|p2a: Landorus|0 fnt\n|faint|p2a: Landorus\n|move|p2b: Kommo-o|Iron Head|p1a: Grimmsnarl\n|-supereffective|p1a: Grimmsnarl\n|-damage|p1a: Grimmsnarl|14\/100\n|cant|p1a: Grimmsnarl|flinch\n|\n|-heal|p2b: Kommo-o|77\/100|[from] item: Leftovers\n|-damage|p1b: Ogerpon|32\/100 brn|[from] brn\n|upkeep\n|turn|11\n|\n|t:|1700329930\n|move|p1b: Ogerpon|Swords Dance|p1b: Ogerpon\n|-boost|p1b: Ogerpon|atk|2\n|move|p2b: Kommo-o|Iron Defense|p2b: Kommo-o\n|-boost|p2b: Kommo-o|def|2\n|move|p1a: Grimmsnarl|Spirit Break|p2b: Kommo-o\n|-supereffective|p2b: Kommo-o\n|-damage|p2b: Kommo-o|47\/100\n|-unboost|p2b: Kommo-o|spa|1\n|\n|-heal|p2b: Kommo-o|53\/100|[from] item: Leftovers\n|-damage|p1b: Ogerpon|26\/100 brn|[from] brn\n|upkeep\n|turn|12\n|\n|t:|1700329938\n|move|p2b: Kommo-o|Protect|p2b: Kommo-o\n|-singleturn|p2b: Kommo-o|Protect\n|move|p1a: Grimmsnarl|Parting Shot|p2b: Kommo-o\n|-activate|p2b: Kommo-o|move: Protect\n|move|p1b: Ogerpon|Ivy Cudgel|p2b: Kommo-o|[anim] Ivy Cudgel Water\n|-activate|p2b: Kommo-o|move: Protect\n|\n|-heal|p2b: Kommo-o|59\/100|[from] item: Leftovers\n|-damage|p1b: Ogerpon|20\/100 brn|[from] brn\n|upkeep\n|turn|13\n|\n|t:|1700329944\n|move|p1b: Ogerpon|Ivy Cudgel|p2b: Kommo-o|[anim] Ivy Cudgel Water\n|-resisted|p2b: Kommo-o\n|-damage|p2b: Kommo-o|54\/100\n|move|p2b: Kommo-o|Iron Head|p1a: Grimmsnarl\n|-supereffective|p1a: Grimmsnarl\n|-damage|p1a: Grimmsnarl|0 fnt\n|faint|p1a: Grimmsnarl\n|\n|-heal|p2b: Kommo-o|60\/100|[from] item: Leftovers\n|-damage|p1b: Ogerpon|14\/100 brn|[from] brn\n|upkeep\n|\n|t:|1700329947\n|switch|p1a: Heatran|Heatran, L50, M|41\/100\n|turn|14\n|\n|t:|1700329954\n|move|p2b: Kommo-o|Protect|p2b: Kommo-o\n|-singleturn|p2b: Kommo-o|Protect\n|move|p1b: Ogerpon|Swords Dance|p1b: Ogerpon\n|-boost|p1b: Ogerpon|atk|2\n|move|p1a: Heatran|Flash Cannon|p2b: Kommo-o\n|-activate|p2b: Kommo-o|move: Protect\n|\n|-heal|p2b: Kommo-o|66\/100|[from] item: Leftovers\n|-damage|p1b: Ogerpon|8\/100 brn|[from] brn\n|upkeep\n|turn|15\n|\n|t:|1700329958\n|move|p1a: Heatran|Protect|p1a: Heatran\n|-singleturn|p1a: Heatran|Protect\n|move|p1b: Ogerpon|Swords Dance|p1b: Ogerpon\n|-boost|p1b: Ogerpon|atk|2\n|move|p2b: Kommo-o|Body Press|p1a: Heatran\n|-activate|p1a: Heatran|move: Protect\n|\n|-heal|p2b: Kommo-o|72\/100|[from] item: Leftovers\n|-damage|p1b: Ogerpon|2\/100 brn|[from] brn\n|-sideend|p1: Bolsa_25|Reflect\n|upkeep\n|turn|16\n|\n|t:|1700329968\n|move|p2b: Kommo-o|Protect|p2b: Kommo-o\n|-singleturn|p2b: Kommo-o|Protect\n|move|p1b: Ogerpon|Ivy Cudgel|p2b: Kommo-o|[anim] Ivy Cudgel Water\n|-activate|p2b: Kommo-o|move: Protect\n|move|p1a: Heatran|Flash Cannon|p2b: Kommo-o\n|-activate|p2b: Kommo-o|move: Protect\n|\n|-heal|p2b: Kommo-o|79\/100|[from] item: Leftovers\n|-damage|p1b: Ogerpon|0 fnt|[from] brn\n|faint|p1b: Ogerpon\n|upkeep\n|\n|t:|1700329969\n|switch|p1b: Scizor|Scizor, L50, F|41\/100 brn\n|turn|17\n|\n|t:|1700329974\n|move|p1a: Heatran|Flash Cannon|p2b: Kommo-o\n|-damage|p2b: Kommo-o|42\/100\n|move|p2b: Kommo-o|Body Press|p1a: Heatran\n|-supereffective|p1a: Heatran\n|-damage|p1a: Heatran|0 fnt\n|faint|p1a: Heatran\n|move|p1b: Scizor|Dual Wingbeat|p2b: Kommo-o\n|-supereffective|p2b: Kommo-o\n|-damage|p2b: Kommo-o|37\/100\n|-supereffective|p2b: Kommo-o\n|-damage|p2b: Kommo-o|32\/100\n|-hitcount|p2b: Kommo-o|2\n|\n|-heal|p2b: Kommo-o|38\/100|[from] item: Leftovers\n|-damage|p1b: Scizor|35\/100 brn|[from] brn\n|upkeep\n|turn|18\n|-message|Bolsa_25 forfeited.\n|\n|win|lgh925\n|raw|Bolsa_25's rating: 1473 &rarr; <strong>1453<\/strong><br \/>(-20 for losing)\n|raw|lgh925's rating: 1467 &rarr; <strong>1487<\/strong><br \/>(+20 for winning)\n|l|\u2606Bolsa_25\n|c|\u2606lgh925|gg\n|l|\u2606lgh925\n|j| lgh139\n","uploadtime":1700330753,"views":13,"p1id":"bolsa25","p2id":"lgh925","formatid":"gen9vgc2023regulatione","rating":1453,"private":0,"password":""}