{"id":"gen9vgc2023regulatione-2000460162","p1":"VGC_Jecht","p2":"meesterkrebs","format":"[Gen 9] VGC 2023 Regulation E","log":"|j|\u2606VGC_Jecht\n|j|\u2606meesterkrebs\n|t:|1701196668\n|gametype|doubles\n|player|p1|VGC_Jecht|2|1226\n|player|p2|meesterkrebs|steven|1259\n|teamsize|p1|6\n|teamsize|p2|6\n|gen|9\n|tier|[Gen 9] VGC 2023 Regulation E\n|rated|\n|rule|Species Clause: Limit one of each Pok\u00e9mon\n|rule|Item Clause: Limit one of each item\n|clearpoke\n|poke|p1|Ursaluna-Bloodmoon, L50, M|\n|poke|p1|Dusclops, L50, F|\n|poke|p1|Glastrier, L50|\n|poke|p1|Armarouge, L50, F|\n|poke|p1|Indeedee-F, L50, F|\n|poke|p1|Amoonguss, L50, F|\n|poke|p2|Urshifu-*, L50, M|\n|poke|p2|Gholdengo, L50|\n|poke|p2|Tauros-Paldea-Blaze, L50, M|\n|poke|p2|Rillaboom, L50, M|\n|poke|p2|Sableye, L50, M|\n|poke|p2|Iron Bundle, L50|\n|teampreview|4\n|inactive|Battle timer is ON: inactive players will automatically lose when time's up. (requested by VGC_Jecht)\n|inactive|VGC_Jecht has 60 seconds left.\n|inactive|meesterkrebs has 60 seconds left.\nVGC_Jecht has agreed to open team sheets.\n|inactive|meesterkrebs has 30 seconds left.\n|inactive|meesterkrebs has 20 seconds left.\n|inactive|meesterkrebs has 15 seconds left.\n|inactive|meesterkrebs has 10 seconds left.\n|\n|t:|1701196753\n|start\n|switch|p1a: Indeedee|Indeedee-F, L50, F|100\/100\n|switch|p1b: Dusclops|Dusclops, L50, F|100\/100\n|switch|p2a: Sableye|Sableye, L50, M|100\/100\n|switch|p2b: Urshifu|Urshifu-Rapid-Strike, L50, M|100\/100\n|-fieldstart|move: Psychic Terrain|[from] ability: Psychic Surge|[of] p1a: Indeedee\n|-item|p2a: Sableye|Roseli Berry|[from] ability: Frisk|[of] p1b: Dusclops|[identify]\n|-item|p2b: Urshifu|Mystic Water|[from] ability: Frisk|[of] p1b: Dusclops|[identify]\n|turn|1\n|inactive|meesterkrebs has 30 seconds left.\n|\n|t:|1701196783\n|switch|p2b: Rillaboom|Rillaboom, L50, M|100\/100\n|-fieldstart|move: Grassy Terrain|[from] ability: Grassy Surge|[of] p2b: Rillaboom\n|move|p1a: Indeedee|Follow Me|p1a: Indeedee\n|-singleturn|p1a: Indeedee|move: Follow Me\n|move|p2a: Sableye|Disable|p1a: Indeedee\n|-start|p1a: Indeedee|Disable|Follow Me\n|move|p1b: Dusclops|Trick Room|p1b: Dusclops\n|-fieldstart|move: Trick Room|[of] p1b: Dusclops\n|\n|upkeep\n|turn|2\n|inactive|meesterkrebs has 30 seconds left.\n|\n|t:|1701196816\n|switch|p1a: Armarouge|Armarouge, L50, F|100\/100\n|move|p2a: Sableye|Encore|p1b: Dusclops\n|-start|p1b: Dusclops|Encore\n|move|p1b: Dusclops|Trick Room|p1b: Dusclops\n|-fieldend|move: Trick Room\n|move|p2b: Rillaboom|Wood Hammer|p1a: Armarouge\n|-resisted|p1a: Armarouge\n|-damage|p1a: Armarouge|59\/100\n|-damage|p2b: Rillaboom|88\/100|[from] Recoil\n|\n|-heal|p2b: Rillaboom|94\/100|[from] Grassy Terrain\n|-heal|p1a: Armarouge|64\/100|[from] Grassy Terrain\n|upkeep\n|turn|3\n|inactive|meesterkrebs has 30 seconds left.\n|inactive|meesterkrebs has 20 seconds left.\n|inactive|meesterkrebs has 15 seconds left.\n|\n|t:|1701196857\n|switch|p1b: Indeedee|Indeedee-F, L50, F|100\/100\n|-fieldstart|move: Psychic Terrain|[from] ability: Psychic Surge|[of] p1b: Indeedee\n|move|p2a: Sableye|Skill Swap|p1a: Armarouge\n|-activate|p1a: Armarouge|move: Psychic Terrain\n|move|p2b: Rillaboom|Wood Hammer|p1b: Indeedee\n|-damage|p1b: Indeedee|5\/100\n|-damage|p2b: Rillaboom|67\/100|[from] Recoil\n|-enditem|p1b: Indeedee|Eject Button\n|\n|t:|1701196869\n|switch|p1b: Ursaluna|Ursaluna-Bloodmoon, L50, M|100\/100\n|move|p1a: Armarouge|Trick Room|p1a: Armarouge\n|-fieldstart|move: Trick Room|[of] p1a: Armarouge\n|\n|upkeep\n|turn|4\n|inactive|meesterkrebs has 30 seconds left.\n|\n|t:|1701196895\n|switch|p1a: Dusclops|Dusclops, L50, F|100\/100\n|-item|p2a: Sableye|Roseli Berry|[from] ability: Frisk|[of] p1a: Dusclops|[identify]\n|-item|p2b: Rillaboom|Assault Vest|[from] ability: Frisk|[of] p1a: Dusclops|[identify]\n|switch|p2b: Urshifu|Urshifu-Rapid-Strike, L50, M|100\/100\n|-terastallize|p1b: Ursaluna|Normal\n|move|p2a: Sableye|Encore|p1a: Dusclops\n|-activate|p1a: Dusclops|move: Psychic Terrain\n|move|p1b: Ursaluna|Hyper Voice|p2b: Urshifu|[spread] p2a,p2b\n|-damage|p2a: Sableye|42\/100\n|-damage|p2b: Urshifu|48\/100\n|-enditem|p1b: Ursaluna|Throat Spray\n|-boost|p1b: Ursaluna|spa|1|[from] item: Throat Spray\n|\n|upkeep\n|turn|5\n|inactive|meesterkrebs has 30 seconds left.\n|\n|t:|1701196925\n|move|p2b: Urshifu|Detect|p2b: Urshifu\n|-singleturn|p2b: Urshifu|Protect\n|move|p2a: Sableye|Encore|p1b: Ursaluna\n|-activate|p1b: Ursaluna|move: Psychic Terrain\n|move|p1a: Dusclops|Will-O-Wisp|p2b: Urshifu\n|-activate|p2b: Urshifu|move: Protect\n|move|p1b: Ursaluna|Hyper Voice|p2a: Sableye|[spread] p2a\n|-activate|p2b: Urshifu|move: Protect\n|-damage|p2a: Sableye|0 fnt\n|faint|p2a: Sableye\n|\n|upkeep\n|\n|t:|1701196944\n|switch|p2a: Rillaboom|Rillaboom, L50, M|67\/100\n|-fieldstart|move: Grassy Terrain|[from] ability: Grassy Surge|[of] p2a: Rillaboom\n|turn|6\n|inactive|meesterkrebs has 30 seconds left.\n|inactive|meesterkrebs has 20 seconds left.\n|\n|t:|1701196979\n|switch|p1a: Indeedee|Indeedee-F, L50, F|5\/100\n|-fieldstart|move: Psychic Terrain|[from] ability: Psychic Surge|[of] p1a: Indeedee\n|switch|p2b: Iron Bundle|Iron Bundle, L50|100\/100\n|-enditem|p2b: Iron Bundle|Booster Energy\n|-activate|p2b: Iron Bundle|ability: Quark Drive|[fromitem]\n|-start|p2b: Iron Bundle|quarkdrivespe\n|move|p1b: Ursaluna|Hyper Voice|p2a: Rillaboom|[spread] p2a,p2b\n|-damage|p2a: Rillaboom|4\/100\n|-damage|p2b: Iron Bundle|0 fnt\n|faint|p2b: Iron Bundle\n|-end|p2b: Iron Bundle|Quark Drive|[silent]\n|move|p2a: Rillaboom|Wood Hammer|p1b: Ursaluna\n|-damage|p1b: Ursaluna|58\/100\n|-damage|p2a: Rillaboom|0 fnt|[from] Recoil\n|faint|p2a: Rillaboom\n|\n|upkeep\n|\n|t:|1701196997\n|switch|p2b: Urshifu|Urshifu-Rapid-Strike, L50, M|48\/100\n|turn|7\n|\n|t:|1701197003\n|move|p2b: Urshifu|Detect|p2b: Urshifu\n|-singleturn|p2b: Urshifu|Protect\n|move|p1a: Indeedee|Follow Me|p1a: Indeedee\n|-singleturn|p1a: Indeedee|move: Follow Me\n|move|p1b: Ursaluna|Blood Moon|p2b: Urshifu\n|-activate|p2b: Urshifu|move: Protect\n|\n|-fieldend|move: Trick Room\n|upkeep\n|turn|8\n|\n|t:|1701197016\n|-terastallize|p2b: Urshifu|Water\n|move|p1a: Indeedee|Follow Me|p1a: Indeedee\n|-singleturn|p1a: Indeedee|move: Follow Me\n|move|p2b: Urshifu|Surging Strikes|p1a: Indeedee\n|-crit|p1a: Indeedee\n|-damage|p1a: Indeedee|0 fnt\n|faint|p1a: Indeedee\n|-hitcount|p1: Indeedee|1\n|move|p1b: Ursaluna|Hyper Voice|p2b: Urshifu\n|-damage|p2b: Urshifu|0 fnt\n|faint|p2b: Urshifu\n|\n|win|VGC_Jecht\n|raw|VGC_Jecht's rating: 1226 &rarr; <strong>1253<\/strong><br \/>(+27 for winning)\n|raw|meesterkrebs's rating: 1259 &rarr; <strong>1232<\/strong><br \/>(-27 for losing)\n|l|\u2606meesterkrebs\n","uploadtime":1701197045,"views":6,"p1id":"vgcjecht","p2id":"meesterkrebs","formatid":"gen9vgc2023regulatione","rating":1232,"private":0,"password":""}