{"id":"gen9vgc2023regulatione-1996386511","p1":"Aizen94","p2":"KevtroGameplays","format":"[Gen 9] VGC 2023 Regulation E","log":"|j|\u2606Aizen94\n|j|\u2606KevtroGameplays\n|t:|1700677124\n|gametype|doubles\n|player|p1|Aizen94|lucas|1324\n|player|p2|KevtroGameplays|shadowtriad|1375\n|teamsize|p1|6\n|teamsize|p2|6\n|gen|9\n|tier|[Gen 9] VGC 2023 Regulation E\n|rated|\n|rule|Species Clause: Limit one of each Pok\u00e9mon\n|rule|Item Clause: Limit one of each item\n|clearpoke\n|poke|p1|Flutter Mane, L50|\n|poke|p1|Tornadus, L50, M|\n|poke|p1|Arcanine-Hisui, L50, M|\n|poke|p1|Iron Hands, L50|\n|poke|p1|Urshifu-*, L50, M|\n|poke|p1|Amoonguss, L50, F|\n|poke|p2|Salamence, L50, M|\n|poke|p2|Regieleki, L50|\n|poke|p2|Iron Hands, L50|\n|poke|p2|Amoonguss, L50, F|\n|poke|p2|Urshifu-*, L50, F|\n|poke|p2|Arcanine-Hisui, L50, F|\n|teampreview|4\n|l|\u2606Aizen94\n|player|p1|\n|inactive|Battle timer is ON: inactive players will automatically lose when time's up. (requested by KevtroGameplays)\n|j|\u2606Aizen94\n|inactive|Aizen94 reconnected and has 90 seconds left.\n|player|p1|Aizen94|lucas\n|inactive|Aizen94 has 60 seconds left.\n|\n|t:|1700677200\n|start\n|switch|p1a: Tornadus|Tornadus, L50, M|100\/100\n|switch|p1b: Flutter Mane|Flutter Mane, L50|100\/100\n|switch|p2a: Regieleki|Regieleki, L50|100\/100\n|switch|p2b: Arcanine|Arcanine-Hisui, L50, F|100\/100\n|-ability|p2b: Arcanine|Intimidate|boost\n|-unboost|p1a: Tornadus|atk|1\n|-unboost|p1b: Flutter Mane|atk|1\n|-enditem|p1b: Flutter Mane|Booster Energy\n|-activate|p1b: Flutter Mane|ability: Protosynthesis|[fromitem]\n|-start|p1b: Flutter Mane|protosynthesisspa\n|turn|1\n|\n|t:|1700677219\n|-terastallize|p2a: Regieleki|Electric\n|move|p1b: Flutter Mane|Protect|p1b: Flutter Mane\n|-singleturn|p1b: Flutter Mane|Protect\n|move|p1a: Tornadus|Tailwind|p1a: Tornadus\n|-sidestart|p1: Aizen94|move: Tailwind\n|move|p2a: Regieleki|Electroweb|p1a: Tornadus|[spread] p1a\n|-activate|p1b: Flutter Mane|move: Protect\n|-supereffective|p1a: Tornadus\n|-damage|p1a: Tornadus|0 fnt\n|faint|p1a: Tornadus\n|move|p2b: Arcanine|Rock Slide|p1b: Flutter Mane\n|-activate|p1b: Flutter Mane|move: Protect\n|\n|upkeep\n|\n|t:|1700677235\n|switch|p1a: Iron Hands|Iron Hands, L50|100\/100\n|turn|2\n|\n|t:|1700677241\n|switch|p2b: Salamence|Salamence, L50, M|100\/100\n|-ability|p2b: Salamence|Intimidate|boost\n|-unboost|p1a: Iron Hands|atk|1\n|-unboost|p1b: Flutter Mane|atk|1\n|move|p2a: Regieleki|Protect|p2a: Regieleki\n|-singleturn|p2a: Regieleki|Protect\n|move|p1a: Iron Hands|Fake Out|p2b: Salamence\n|-damage|p2b: Salamence|88\/100\n|move|p1b: Flutter Mane|Moonblast|p2a: Regieleki\n|-activate|p2a: Regieleki|move: Protect\n|\n|upkeep\n|turn|3\n|\n|t:|1700677263\n|switch|p2a: Amoonguss|Amoonguss, L50, F|100\/100\n|switch|p2b: Arcanine|Arcanine-Hisui, L50, F|100\/100\n|-ability|p2b: Arcanine|Intimidate|boost\n|-unboost|p1a: Iron Hands|atk|1\n|-unboost|p1b: Flutter Mane|atk|1\n|move|p1b: Flutter Mane|Moonblast|p2b: Arcanine\n|-resisted|p2b: Arcanine\n|-damage|p2b: Arcanine|62\/100\n|-unboost|p2b: Arcanine|spa|1\n|move|p1a: Iron Hands|Drain Punch|p2a: Amoonguss\n|-resisted|p2a: Amoonguss\n|-damage|p2a: Amoonguss|92\/100\n|\n|upkeep\n|turn|4\n|\n|t:|1700677287\n|-end|p1a: Iron Hands|Quark Drive|[silent]\n|switch|p1a: Arcanine|Arcanine-Hisui, L50, M|100\/100\n|-ability|p1a: Arcanine|Intimidate|boost\n|-unboost|p2a: Amoonguss|atk|1\n|-unboost|p2b: Arcanine|atk|1\n|move|p1b: Flutter Mane|Protect|p1b: Flutter Mane\n|-singleturn|p1b: Flutter Mane|Protect\n|move|p2b: Arcanine|Crunch|p1b: Flutter Mane\n|-activate|p1b: Flutter Mane|move: Protect\n|move|p2a: Amoonguss|Spore|p1a: Arcanine\n|-status|p1a: Arcanine|slp|[from] move: Spore\n|\n|-sideend|p1: Aizen94|move: Tailwind\n|upkeep\n|turn|5\n|\n|t:|1700677310\n|switch|p2b: Salamence|Salamence, L50, M|88\/100\n|-ability|p2b: Salamence|Intimidate|boost\n|-unboost|p1a: Arcanine|atk|1\n|-unboost|p1b: Flutter Mane|atk|1\n|move|p1b: Flutter Mane|Shadow Ball|p2b: Salamence\n|-damage|p2b: Salamence|32\/100\n|cant|p1a: Arcanine|slp\n|move|p2a: Amoonguss|Spore|p1b: Flutter Mane\n|-status|p1b: Flutter Mane|slp|[from] move: Spore\n|\n|upkeep\n|turn|6\n|\n|t:|1700677328\n|switch|p2a: Regieleki|Regieleki, L50, tera:Electric|100\/100\n|cant|p1b: Flutter Mane|slp\n|move|p2b: Salamence|Dragon Dance|p2b: Salamence\n|-boost|p2b: Salamence|atk|1\n|-boost|p2b: Salamence|spe|1\n|-curestatus|p1a: Arcanine|slp|[msg]\n|move|p1a: Arcanine|Rock Slide|p2a: Regieleki|[spread] p2a,p2b\n|-supereffective|p2b: Salamence\n|-damage|p2a: Regieleki|50\/100\n|-damage|p2b: Salamence|0 fnt\n|faint|p2b: Salamence\n|\n|upkeep\n|\n|t:|1700677341\n|switch|p2b: Arcanine|Arcanine-Hisui, L50, F|62\/100\n|-ability|p2b: Arcanine|Intimidate|boost\n|-unboost|p1a: Arcanine|atk|1\n|-unboost|p1b: Flutter Mane|atk|1\n|turn|7\n|\n|t:|1700677348\n|switch|p1a: Iron Hands|Iron Hands, L50|100\/100\n|cant|p1b: Flutter Mane|slp\n|move|p2a: Regieleki|Electroweb|p1a: Iron Hands|[spread] p1a,p1b\n|-resisted|p1a: Iron Hands\n|-damage|p1a: Iron Hands|90\/100\n|-damage|p1b: Flutter Mane|65\/100 slp\n|-unboost|p1a: Iron Hands|spe|1\n|-unboost|p1b: Flutter Mane|spe|1\n|move|p2b: Arcanine|Rock Slide|p1b: Flutter Mane|[spread] p1a,p1b\n|-resisted|p1a: Iron Hands\n|-crit|p1b: Flutter Mane\n|-damage|p1a: Iron Hands|74\/100\n|-damage|p1b: Flutter Mane|0 fnt\n|faint|p1b: Flutter Mane\n|-end|p1b: Flutter Mane|Protosynthesis|[silent]\n|\n|upkeep\n|\n|t:|1700677364\n|switch|p1b: Arcanine|Arcanine-Hisui, L50, M|100\/100\n|-ability|p1b: Arcanine|Intimidate|boost\n|-unboost|p2a: Regieleki|atk|1\n|-unboost|p2b: Arcanine|atk|1\n|turn|8\n|\n|t:|1700677378\n|switch|p2b: Amoonguss|Amoonguss, L50, F|100\/100\n|move|p2a: Regieleki|Protect|p2a: Regieleki\n|-singleturn|p2a: Regieleki|Protect\n|move|p1b: Arcanine|Extreme Speed|p2a: Regieleki\n|-activate|p2a: Regieleki|move: Protect\n|move|p1a: Iron Hands|Drain Punch|p2b: Amoonguss\n|-resisted|p2b: Amoonguss\n|-damage|p2b: Amoonguss|81\/100\n|-heal|p1a: Iron Hands|83\/100|[from] drain|[of] p2b: Amoonguss\n|\n|upkeep\n|turn|9\n|inactive|Aizen94 has 30 seconds left.\n|\n|t:|1700677407\n|switch|p2a: Arcanine|Arcanine-Hisui, L50, F|62\/100\n|-ability|p2a: Arcanine|Intimidate|boost\n|-unboost|p1a: Iron Hands|atk|1\n|-unboost|p1b: Arcanine|atk|1\n|move|p1b: Arcanine|Extreme Speed|p2b: Amoonguss\n|-damage|p2b: Amoonguss|58\/100\n|move|p2b: Amoonguss|Spore|p1b: Arcanine\n|-status|p1b: Arcanine|slp|[from] move: Spore\n|move|p1a: Iron Hands|Drain Punch|p2a: Arcanine\n|-supereffective|p2a: Arcanine\n|-damage|p2a: Arcanine|0 fnt\n|-heal|p1a: Iron Hands|100\/100|[from] drain|[of] p2a: Arcanine\n|faint|p2a: Arcanine\n|\n|upkeep\n|\n|t:|1700677421\n|switch|p2a: Regieleki|Regieleki, L50, tera:Electric|50\/100\n|turn|10\n|\n|t:|1700677435\n|-terastallize|p1a: Iron Hands|Grass\n|cant|p1b: Arcanine|slp\n|move|p2a: Regieleki|Thunderbolt|p1b: Arcanine\n|-damage|p1b: Arcanine|0 fnt\n|faint|p1b: Arcanine\n|move|p2b: Amoonguss|Spore|p1a: Iron Hands\n|-immune|p1a: Iron Hands\n|move|p1a: Iron Hands|Drain Punch|p2a: Regieleki\n|-damage|p2a: Regieleki|0 fnt\n|faint|p2a: Regieleki\n|\n|upkeep\n|turn|11\n|c|\u2606Aizen94|Gg\n|\n|t:|1700677458\n|move|p2b: Amoonguss|Pollen Puff|p1a: Iron Hands\n|-supereffective|p1a: Iron Hands\n|-crit|p1a: Iron Hands\n|-damage|p1a: Iron Hands|73\/100\n|move|p1a: Iron Hands|Wild Charge|p2b: Amoonguss\n|-resisted|p2b: Amoonguss\n|-damage|p2b: Amoonguss|45\/100\n|-enditem|p2b: Amoonguss|Sitrus Berry|[eat]\n|-heal|p2b: Amoonguss|69\/100|[from] item: Sitrus Berry\n|-damage|p1a: Iron Hands|70\/100|[from] Recoil\n|\n|upkeep\n|turn|12\n|\n|t:|1700677469\n|move|p2b: Amoonguss|Pollen Puff|p1a: Iron Hands\n|-supereffective|p1a: Iron Hands\n|-damage|p1a: Iron Hands|49\/100\n|move|p1a: Iron Hands|Drain Punch|p2b: Amoonguss\n|-resisted|p2b: Amoonguss\n|-damage|p2b: Amoonguss|58\/100\n|-heal|p1a: Iron Hands|54\/100|[from] drain|[of] p2b: Amoonguss\n|\n|upkeep\n|turn|13\n|\n|t:|1700677482\n|move|p2b: Amoonguss|Pollen Puff|p1a: Iron Hands\n|-supereffective|p1a: Iron Hands\n|-damage|p1a: Iron Hands|35\/100\n|move|p1a: Iron Hands|Drain Punch|p2b: Amoonguss\n|-resisted|p2b: Amoonguss\n|-damage|p2b: Amoonguss|48\/100\n|-heal|p1a: Iron Hands|40\/100|[from] drain|[of] p2b: Amoonguss\n|\n|upkeep\n|turn|14\n|\n|t:|1700677492\n|move|p2b: Amoonguss|Pollen Puff|p1a: Iron Hands\n|-supereffective|p1a: Iron Hands\n|-damage|p1a: Iron Hands|20\/100\n|move|p1a: Iron Hands|Drain Punch|p2b: Amoonguss\n|-resisted|p2b: Amoonguss\n|-damage|p2b: Amoonguss|36\/100\n|-heal|p1a: Iron Hands|26\/100|[from] drain|[of] p2b: Amoonguss\n|\n|upkeep\n|turn|15\n|\n|t:|1700677502\n|move|p2b: Amoonguss|Pollen Puff|p1a: Iron Hands\n|-supereffective|p1a: Iron Hands\n|-damage|p1a: Iron Hands|7\/100\n|move|p1a: Iron Hands|Drain Punch|p2b: Amoonguss\n|-resisted|p2b: Amoonguss\n|-damage|p2b: Amoonguss|25\/100\n|-heal|p1a: Iron Hands|12\/100|[from] drain|[of] p2b: Amoonguss\n|\n|upkeep\n|turn|16\n|\n|t:|1700677520\n|move|p2b: Amoonguss|Pollen Puff|p1a: Iron Hands\n|-supereffective|p1a: Iron Hands\n|-damage|p1a: Iron Hands|0 fnt\n|faint|p1a: Iron Hands\n|-end|p1a: Iron Hands|Quark Drive|[silent]\n|\n|win|KevtroGameplays\n|raw|Aizen94's rating: 1324 &rarr; <strong>1307<\/strong><br \/>(-17 for losing)\n|raw|KevtroGameplays's rating: 1375 &rarr; <strong>1392<\/strong><br \/>(+17 for winning)\n","uploadtime":1700677527,"views":7,"p1id":"aizen94","p2id":"kevtrogameplays","formatid":"gen9vgc2023regulatione","rating":1307,"private":0,"password":""}