{"id":"gen9vgc2023regulatione-1999178009","p1":"unlimitedtaco","p2":"SeemsLogical","format":"[Gen 9] VGC 2023 Regulation E","log":"|j|\u2606unlimitedtaco\n|j|\u2606SeemsLogical\n|t:|1701041888\n|gametype|doubles\n|player|p1|unlimitedtaco|170|\n|player|p2|SeemsLogical|unknown|\n|teamsize|p1|6\n|teamsize|p2|6\n|gen|9\n|tier|[Gen 9] VGC 2023 Regulation E\n|rule|Species Clause: Limit one of each Pok\u00e9mon\n|rule|Item Clause: Limit one of each item\n|clearpoke\n|poke|p1|Tornadus, L50, M|\n|poke|p1|Gardevoir, L50, F|\n|poke|p1|Garchomp, L50, M|\n|poke|p1|Muk-Alola, L50, F|\n|poke|p1|Mienshao, L50, M|\n|poke|p1|Frosmoth, L50, F|\n|poke|p2|Cresselia, L50, F|\n|poke|p2|Ursaluna, L50, M|\n|poke|p2|Moltres-Galar, L50|\n|poke|p2|Kingambit, L50, M|\n|poke|p2|Clefairy, L50, M|\n|poke|p2|Haxorus, L50, M|\n|teampreview|4\n|c|\u2606SeemsLogical|glhf\n|j| Storm149\n|j| taytayla\n|\n|t:|1701042006\n|start\n|switch|p1a: Tornadus|Tornadus, L50, M|100\/100\n|switch|p1b: Frosmoth|Frosmoth, L50, F|100\/100\n|switch|p2a: TJ Perkins|Cresselia, L50, F|100\/100\n|switch|p2b: Will Ospreay|Moltres-Galar, L50|100\/100\n|turn|1\n|\n|t:|1701042020\n|move|p1a: Tornadus|Snowscape|p1a: Tornadus\n|-weather|Snow\n|move|p2b: Will Ospreay|Fiery Wrath|p1b: Frosmoth|[spread] p1a,p1b\n|-damage|p1a: Tornadus|56\/100\n|-damage|p1b: Frosmoth|84\/100\n|move|p1b: Frosmoth|Blizzard|p2a: TJ Perkins|[spread] p2a,p2b\n|-supereffective|p2b: Will Ospreay\n|-damage|p2a: TJ Perkins|69\/100\n|-damage|p2b: Will Ospreay|30\/100\n|-enditem|p2b: Will Ospreay|Weakness Policy\n|-boost|p2b: Will Ospreay|atk|2|[from] item: Weakness Policy\n|-boost|p2b: Will Ospreay|spa|2|[from] item: Weakness Policy\n|-ability|p2b: Will Ospreay|Berserk|boost\n|-boost|p2b: Will Ospreay|spa|1\n|move|p2a: TJ Perkins|Trick Room|p2a: TJ Perkins\n|-fieldstart|move: Trick Room|[of] p2a: TJ Perkins\n|\n|-weather|Snow|[upkeep]\n|-heal|p1b: Frosmoth|90\/100|[from] item: Leftovers\n|upkeep\n|turn|2\n|\n|t:|1701042051\n|move|p2b: Will Ospreay|Protect|p2b: Will Ospreay\n|-singleturn|p2b: Will Ospreay|Protect\n|move|p2a: TJ Perkins|Lunar Blessing|p2a: TJ Perkins|[spread] p2a,p2b\n|-heal|p2a: TJ Perkins|94\/100\n|-heal|p2b: Will Ospreay|55\/100\n|move|p1b: Frosmoth|Blizzard|p2a: TJ Perkins|[spread] p2a\n|-activate|p2b: Will Ospreay|move: Protect\n|-damage|p2a: TJ Perkins|66\/100\n|move|p1a: Tornadus|Bleakwind Storm|p2a: TJ Perkins|[spread] p2a\n|-activate|p2b: Will Ospreay|move: Protect\n|-damage|p2a: TJ Perkins|42\/100\n|\n|-weather|Snow|[upkeep]\n|-heal|p1b: Frosmoth|97\/100|[from] item: Leftovers\n|upkeep\n|turn|3\n|\n|t:|1701042072\n|move|p2a: TJ Perkins|Lunar Blessing|p2a: TJ Perkins|[spread] p2a,p2b\n|-heal|p2a: TJ Perkins|67\/100\n|-heal|p2b: Will Ospreay|80\/100\n|move|p1b: Frosmoth|Blizzard|p2b: Will Ospreay|[spread] p2a,p2b\n|-supereffective|p2b: Will Ospreay\n|-damage|p2a: TJ Perkins|38\/100\n|-damage|p2b: Will Ospreay|7\/100\n|-ability|p2b: Will Ospreay|Berserk|boost\n|-boost|p2b: Will Ospreay|spa|1\n|move|p2b: Will Ospreay|Air Slash|p1b: Frosmoth\n|-supereffective|p1b: Frosmoth\n|-damage|p1b: Frosmoth|0 fnt\n|faint|p1b: Frosmoth\n|move|p1a: Tornadus|Bleakwind Storm|p2b: Will Ospreay|[spread] p2a\n|-miss|p1a: Tornadus|p2b: Will Ospreay\n|-damage|p2a: TJ Perkins|12\/100\n|\n|-weather|Snow|[upkeep]\n|upkeep\n|\n|t:|1701042092\n|switch|p1b: Muk|Muk-Alola, L50, F|100\/100\n|turn|4\n|\n|t:|1701042127\n|move|p1a: Tornadus|Protect|p1a: Tornadus\n|-singleturn|p1a: Tornadus|Protect\n|move|p2b: Will Ospreay|Protect|p2b: Will Ospreay\n|-singleturn|p2b: Will Ospreay|Protect\n|move|p1b: Muk|Knock Off|p2a: TJ Perkins\n|-supereffective|p2a: TJ Perkins\n|-damage|p2a: TJ Perkins|0 fnt\n|-enditem|p2a: TJ Perkins|Mental Herb|[from] move: Knock Off|[of] p1b: Muk\n|faint|p2a: TJ Perkins\n|\n|-weather|Snow|[upkeep]\n|upkeep\n|\n|t:|1701042136\n|switch|p2a: Jeff Cobb|Ursaluna, L50, M|100\/100\n|turn|5\n|\n|t:|1701042154\n|move|p2a: Jeff Cobb|Earthquake|p1b: Muk|[spread] p1b\n|-immune|p2b: Will Ospreay\n|-immune|p1a: Tornadus\n|-supereffective|p1b: Muk\n|-damage|p1b: Muk|22\/100\n|move|p1b: Muk|Knock Off|p2b: Will Ospreay\n|-resisted|p2b: Will Ospreay\n|-damage|p2b: Will Ospreay|0 fnt\n|faint|p2b: Will Ospreay\n|move|p1a: Tornadus|Weather Ball|p2a: Jeff Cobb\n|-supereffective|p2a: Jeff Cobb\n|-damage|p2a: Jeff Cobb|32\/100\n|\n|-weather|none\n|-heal|p1b: Muk|28\/100|[from] item: Black Sludge\n|-fieldend|move: Trick Room\n|-status|p2a: Jeff Cobb|brn|[from] item: Flame Orb\n|upkeep\n|\n|t:|1701042164\n|switch|p2b: Great O-Khan|Kingambit, L50, M|100\/100\n|-activate|p2b: Great O-Khan|ability: Supreme Overlord\n|-start|p2b: Great O-Khan|fallen2|[silent]\n|turn|6\n|j| espurridan\n|\n|t:|1701042191\n|move|p1b: Muk|Protect|p1b: Muk\n|-singleturn|p1b: Muk|Protect\n|move|p2a: Jeff Cobb|Protect|p2a: Jeff Cobb\n|-singleturn|p2a: Jeff Cobb|Protect\n|move|p2b: Great O-Khan|Sucker Punch|p1a: Tornadus\n|-damage|p1a: Tornadus|0 fnt\n|faint|p1a: Tornadus\n|\n|-heal|p1b: Muk|34\/100|[from] item: Black Sludge\n|-damage|p2a: Jeff Cobb|26\/100 brn|[from] brn\n|upkeep\n|\n|t:|1701042201\n|switch|p1a: Garchomp|Garchomp, L50, M|100\/100\n|turn|7\n|\n|t:|1701042233\n|-terastallize|p2b: Great O-Khan|Flying\n|move|p1b: Muk|Protect||[still]\n|-fail|p1b: Muk\n|move|p1a: Garchomp|Earthquake|p2a: Jeff Cobb|[spread] p1b,p2a\n|-immune|p2b: Great O-Khan\n|-supereffective|p1b: Muk\n|-damage|p1b: Muk|0 fnt\n|-damage|p2a: Jeff Cobb|0 fnt\n|faint|p1b: Muk\n|faint|p2a: Jeff Cobb\n|move|p2b: Great O-Khan|Kowtow Cleave|p1a: Garchomp\n|-damage|p1a: Garchomp|34\/100\n|-damage|p2b: Great O-Khan|88\/100|[from] ability: Rough Skin|[of] p1a: Garchomp\n|-damage|p2b: Great O-Khan|72\/100|[from] item: Rocky Helmet|[of] p1a: Garchomp\n|\n|upkeep\n|turn|8\n|\n|t:|1701042275\n|-terastallize|p1a: Garchomp|Fire\n|move|p2b: Great O-Khan|Sucker Punch|p1a: Garchomp\n|-damage|p1a: Garchomp|0 fnt\n|-damage|p2b: Great O-Khan|59\/100|[from] ability: Rough Skin|[of] p1a: Garchomp\n|-damage|p2b: Great O-Khan|43\/100|[from] item: Rocky Helmet|[of] p1a: Garchomp\n|faint|p1a: Garchomp\n|\n|win|SeemsLogical\n|c|\u2606SeemsLogical|gg\n|l|\u2606unlimitedtaco\n|l| espurridan\n|l| Storm149\n|j| Storm149\n","uploadtime":1701042290,"views":14,"p1id":"unlimitedtaco","p2id":"seemslogical","formatid":"gen9vgc2023regulatione","rating":0,"private":0,"password":""}