{"id":"gen9vgc2023regulatione-1995316032","p1":"averagerandbats","p2":"biei525","format":"[Gen 9] VGC 2023 Regulation E","log":"|j|\u2606averagerandbats\n|j|\u2606biei525\n|t:|1700552394\n|gametype|doubles\n|player|p1|averagerandbats|janitor|1386\n|player|p2|biei525|lillie-z|1469\n|teamsize|p1|6\n|teamsize|p2|6\n|gen|9\n|tier|[Gen 9] VGC 2023 Regulation E\n|rated|\n|rule|Species Clause: Limit one of each Pok\u00e9mon\n|rule|Item Clause: Limit one of each item\n|clearpoke\n|poke|p1|Zapdos, L50|\n|poke|p1|Arcanine-Hisui, L50, F|\n|poke|p1|Urshifu-*, L50, F|\n|poke|p1|Rillaboom, L50, M|\n|poke|p1|Gholdengo, L50|\n|poke|p1|Ogerpon-Wellspring, L50, F|\n|poke|p2|Pelipper, L50, F|\n|poke|p2|Sylveon, L50, F|\n|poke|p2|Torkoal, L50, F|\n|poke|p2|Oranguru, L50, F|\n|poke|p2|Sableye, L50, M|\n|poke|p2|Lurantis, L50, F|\n|teampreview|4\n|inactive|Battle timer is ON: inactive players will automatically lose when time's up. (requested by biei525)\n|\n|t:|1700552423\n|start\n|switch|p1a: Arcanine|Arcanine-Hisui, L50, F|100\/100\n|switch|p1b: Rillaboom|Rillaboom, L50, M, shiny|100\/100\n|switch|p2a: Sableye|Sableye, L50, M|100\/100\n|switch|p2b: Sylveon|Sylveon, L50, F|100\/100\n|-ability|p1a: Arcanine|Intimidate|boost\n|-unboost|p2a: Sableye|atk|1\n|-unboost|p2b: Sylveon|atk|1\n|-fieldstart|move: Grassy Terrain|[from] ability: Grassy Surge|[of] p1b: Rillaboom\n|turn|1\n|\n|t:|1700552447\n|-terastallize|p1a: Arcanine|Fairy\n|move|p2a: Sableye|Fake Out|p1b: Rillaboom\n|-damage|p1b: Rillaboom|96\/100\n|cant|p1b: Rillaboom|flinch\n|move|p1a: Arcanine|Tera Blast|p2a: Sableye|[anim] Tera Blast Fairy\n|-supereffective|p2a: Sableye\n|-enditem|p2a: Sableye|Focus Sash\n|-damage|p2a: Sableye|1\/100\n|move|p2b: Sylveon|Hyper Voice|p1b: Rillaboom|[spread] p1a,p1b\n|-damage|p1a: Arcanine|59\/100\n|-damage|p1b: Rillaboom|63\/100\n|-enditem|p2b: Sylveon|Throat Spray\n|-boost|p2b: Sylveon|spa|1|[from] item: Throat Spray\n|\n|-heal|p1a: Arcanine|65\/100|[from] Grassy Terrain\n|-heal|p1b: Rillaboom|69\/100|[from] Grassy Terrain\n|-heal|p2a: Sableye|7\/100|[from] Grassy Terrain\n|upkeep\n|turn|2\n|\n|t:|1700552472\n|switch|p1a: Gholdengo|Gholdengo, L50|100\/100\n|move|p1b: Rillaboom|Grassy Glide|p2a: Sableye\n|-damage|p2a: Sableye|0 fnt\n|faint|p2a: Sableye\n|move|p2b: Sylveon|Quick Attack|p1a: Gholdengo\n|-resisted|p1a: Gholdengo\n|-damage|p1a: Gholdengo|97\/100\n|\n|-heal|p1a: Gholdengo|100\/100|[from] Grassy Terrain\n|-heal|p1b: Rillaboom|75\/100|[from] Grassy Terrain\n|upkeep\n|\n|t:|1700552475\n|switch|p2a: Oranguru|Oranguru, L50, F|100\/100\n|turn|3\n|\n|t:|1700552492\n|switch|p1b: Arcanine|Arcanine-Hisui, L50, F, tera:Fairy|65\/100\n|-ability|p1b: Arcanine|Intimidate|boost\n|-fail|p2a: Oranguru|unboost|Attack|[from] ability: Inner Focus|[of] p2a: Oranguru\n|-unboost|p2b: Sylveon|atk|1\n|-terastallize|p2b: Sylveon|Fire\n|move|p1a: Gholdengo|Nasty Plot|p1a: Gholdengo\n|-boost|p1a: Gholdengo|spa|2\n|move|p2b: Sylveon|Tera Blast|p1a: Gholdengo|[anim] Tera Blast Fire\n|-supereffective|p1a: Gholdengo\n|-damage|p1a: Gholdengo|0 fnt\n|faint|p1a: Gholdengo\n|move|p2a: Oranguru|Trick Room|p2a: Oranguru\n|-fieldstart|move: Trick Room|[of] p2a: Oranguru\n|\n|-heal|p1b: Arcanine|71\/100|[from] Grassy Terrain\n|upkeep\n|c|\u2606averagerandbats|ok\n|\n|t:|1700552510\n|switch|p1a: Rillaboom|Rillaboom, L50, M, shiny|75\/100\n|turn|4\n|inactive|biei525 has 30 seconds left.\n|\n|t:|1700552542\n|move|p1a: Rillaboom|Fake Out|p2b: Sylveon\n|-damage|p2b: Sylveon|82\/100\n|move|p2a: Oranguru|Foul Play|p1a: Rillaboom\n|-damage|p1a: Rillaboom|43\/100\n|cant|p2b: Sylveon|flinch\n|move|p1b: Arcanine|Rock Slide|p2b: Sylveon|[spread] p2a,p2b\n|-supereffective|p2b: Sylveon\n|-damage|p2a: Oranguru|66\/100\n|-damage|p2b: Sylveon|0 fnt\n|faint|p2b: Sylveon\n|\n|-heal|p2a: Oranguru|73\/100|[from] Grassy Terrain\n|-heal|p1a: Rillaboom|49\/100|[from] Grassy Terrain\n|-heal|p1b: Arcanine|77\/100|[from] Grassy Terrain\n|upkeep\n|\n|t:|1700552544\n|switch|p2b: Lurantis|Lurantis, L50, F|100\/100\n|turn|5\n|c|\u2606biei525|\uff1f\n|\n|t:|1700552567\n|switch|p1a: Zapdos|Zapdos, L50|100\/100\n|move|p2b: Lurantis|Superpower|p1a: Zapdos\n|-resisted|p1a: Zapdos\n|-damage|p1a: Zapdos|88\/100\n|-boost|p2b: Lurantis|atk|1\n|-boost|p2b: Lurantis|def|1\n|-damage|p2b: Lurantis|84\/100|[from] item: Rocky Helmet|[of] p1a: Zapdos\n|move|p2a: Oranguru|Instruct|p2b: Lurantis\n|-singleturn|p2b: Lurantis|move: Instruct|[of] p2a: Oranguru\n|move|p2b: Lurantis|Superpower|p1a: Zapdos\n|-resisted|p1a: Zapdos\n|-damage|p1a: Zapdos|69\/100\n|-boost|p2b: Lurantis|atk|1\n|-boost|p2b: Lurantis|def|1\n|-damage|p2b: Lurantis|68\/100|[from] item: Rocky Helmet|[of] p1a: Zapdos\n|-status|p2b: Lurantis|par|[from] ability: Static|[of] p1a: Zapdos\n|move|p1b: Arcanine|Rock Slide|p2b: Lurantis|[spread] p2a,p2b\n|-damage|p2a: Oranguru|36\/100\n|-damage|p2b: Lurantis|46\/100 par\n|\n|-heal|p2b: Lurantis|52\/100 par|[from] Grassy Terrain\n|-heal|p2a: Oranguru|42\/100|[from] Grassy Terrain\n|-heal|p1b: Arcanine|83\/100|[from] Grassy Terrain\n|-fieldend|move: Grassy Terrain\n|upkeep\n|turn|6\n|inactive|averagerandbats has 30 seconds left.\n|\n|t:|1700552595\n|move|p2b: Lurantis|Knock Off|p1a: Zapdos\n|-damage|p1a: Zapdos|30\/100\n|-damage|p2b: Lurantis|36\/100 par|[from] item: Rocky Helmet|[of] p1a: Zapdos\n|-enditem|p1a: Zapdos|Rocky Helmet|[from] move: Knock Off|[of] p2b: Lurantis\n|move|p2a: Oranguru|Instruct|p2b: Lurantis\n|-singleturn|p2b: Lurantis|move: Instruct|[of] p2a: Oranguru\n|move|p2b: Lurantis|Knock Off|p1a: Zapdos\n|-damage|p1a: Zapdos|5\/100\n|move|p1a: Zapdos|Hurricane|p2b: Lurantis\n|-supereffective|p2b: Lurantis\n|-damage|p2b: Lurantis|0 fnt\n|faint|p2b: Lurantis\n|move|p1b: Arcanine|Rock Slide|p2a: Oranguru\n|-damage|p2a: Oranguru|0 fnt\n|faint|p2a: Oranguru\n|\n|win|averagerandbats\n|raw|averagerandbats's rating: 1386 &rarr; <strong>1411<\/strong><br \/>(+25 for winning)\n|raw|biei525's rating: 1469 &rarr; <strong>1444<\/strong><br \/>(-25 for losing)\n|l|\u2606biei525\n|c|\u2606averagerandbats|gg\n","uploadtime":1700552623,"views":2,"p1id":"averagerandbats","p2id":"biei525","formatid":"gen9vgc2023regulatione","rating":1411,"private":0,"password":""}