{"id":"gen9vgc2023regulatione-1990249878","p1":"lyyzxl4","p2":"qz231114","format":"[Gen 9] VGC 2023 Regulation E","log":"|j|\u2606lyyzxl4\n|j|\u2606qz231114\n|t:|1699944512\n|gametype|doubles\n|player|p1|lyyzxl4|swimmerf|1098\n|player|p2|qz231114|102|1000\n|teamsize|p1|6\n|teamsize|p2|6\n|gen|9\n|tier|[Gen 9] VGC 2023 Regulation E\n|rated|\n|rule|Species Clause: Limit one of each Pok\u00e9mon\n|rule|Item Clause: Limit one of each item\n|clearpoke\n|poke|p1|Dondozo, L50, M|\n|poke|p1|Tatsugiri, L50, M|\n|poke|p1|Iron Hands, L50|\n|poke|p1|Amoonguss, L50, M|\n|poke|p1|Drifblim, L50, F|\n|poke|p1|Clefairy, L50, F|\n|poke|p2|Tornadus, L50, M|\n|poke|p2|Volcarona, L50, M|\n|poke|p2|Basculegion, L50, M|\n|poke|p2|Ludicolo, L50, M|\n|poke|p2|Scizor, L50, F|\n|poke|p2|Flutter Mane, L50|\n|teampreview|4\n|inactive|Battle timer is ON: inactive players will automatically lose when time's up. (requested by lyyzxl4)\n|\n|t:|1699944525\n|start\n|switch|p1a: Clefairy|Clefairy, L50, F|100\/100\n|switch|p1b: Drifblim|Drifblim, L50, F|100\/100\n|switch|p2a: Tornadus|Tornadus, L50, M|100\/100\n|switch|p2b: Basculegion|Basculegion, L50, M|100\/100\n|turn|1\n|\n|t:|1699944546\n|move|p1a: Clefairy|Follow Me|p1a: Clefairy\n|-singleturn|p1a: Clefairy|move: Follow Me\n|move|p2a: Tornadus|Rain Dance|p2a: Tornadus\n|-weather|RainDance\n|move|p2b: Basculegion|Wave Crash|p1a: Clefairy\n|-damage|p1a: Clefairy|0 fnt\n|faint|p1a: Clefairy\n|-damage|p2b: Basculegion|73\/100|[from] Recoil\n|move|p1b: Drifblim|Minimize|p1b: Drifblim\n|-boost|p1b: Drifblim|evasion|2\n|\n|-weather|RainDance|[upkeep]\n|upkeep\n|\n|t:|1699944561\n|switch|p1a: Tatsugiri|Tatsugiri, L50, M|100\/100\n|turn|2\n|\n|t:|1699944572\n|move|p2b: Basculegion|Wave Crash|p1b: Drifblim\n|-damage|p1b: Drifblim|0 fnt\n|faint|p1b: Drifblim\n|-damage|p2b: Basculegion|36\/100|[from] Recoil\n|move|p1a: Tatsugiri|Muddy Water|p2a: Tornadus|[spread] p2a,p2b\n|-resisted|p2b: Basculegion\n|-crit|p2b: Basculegion\n|-damage|p2a: Tornadus|46\/100\n|-damage|p2b: Basculegion|0 fnt\n|faint|p2b: Basculegion\n|move|p2a: Tornadus|Bleakwind Storm|p1a: Tatsugiri\n|-damage|p1a: Tatsugiri|28\/100\n|\n|-weather|RainDance|[upkeep]\n|upkeep\n|\n|t:|1699944586\n|switch|p1b: Dondozo|Dondozo, L50, M|100\/100\n|switch|p2b: Volcarona|Volcarona, L50, M|100\/100\n|-activate|p1a: Tatsugiri|ability: Commander|[of] p1b: Dondozo\n|-boost|p1b: Dondozo|atk|2\n|-boost|p1b: Dondozo|spa|2\n|-boost|p1b: Dondozo|spe|2\n|-boost|p1b: Dondozo|def|2\n|-boost|p1b: Dondozo|spd|2\n|turn|3\n|\n|t:|1699944598\n|-terastallize|p2b: Volcarona|Water\n|move|p2a: Tornadus|Tailwind|p2a: Tornadus\n|-sidestart|p2: qz231114|move: Tailwind\n|move|p2b: Volcarona|Quiver Dance|p2b: Volcarona\n|-boost|p2b: Volcarona|spa|1\n|-boost|p2b: Volcarona|spd|1\n|-boost|p2b: Volcarona|spe|1\n|move|p1b: Dondozo|Wave Crash|p2b: Volcarona\n|-resisted|p2b: Volcarona\n|-damage|p2b: Volcarona|38\/100\n|-damage|p1b: Dondozo|84\/100|[from] item: Rocky Helmet|[of] p2b: Volcarona\n|-damage|p1b: Dondozo|68\/100|[from] Recoil\n|\n|-weather|RainDance|[upkeep]\n|-heal|p1b: Dondozo|74\/100|[from] item: Leftovers\n|upkeep\n|turn|4\n|\n|t:|1699944616\n|move|p1b: Dondozo|Protect|p1b: Dondozo\n|-singleturn|p1b: Dondozo|Protect\n|move|p2b: Volcarona|Giga Drain|p1b: Dondozo\n|-activate|p1b: Dondozo|move: Protect\n|move|p2a: Tornadus|Bleakwind Storm|p1b: Dondozo|[spread] \n|-miss|p2a: Tornadus|p1a: Tatsugiri\n|-activate|p1b: Dondozo|move: Protect\n|\n|-weather|RainDance|[upkeep]\n|-heal|p1b: Dondozo|80\/100|[from] item: Leftovers\n|upkeep\n|turn|5\n|\n|t:|1699944635\n|-terastallize|p1b: Dondozo|Grass\n|move|p2b: Volcarona|Giga Drain|p1b: Dondozo\n|-resisted|p1b: Dondozo\n|-damage|p1b: Dondozo|75\/100\n|-heal|p2b: Volcarona|42\/100|[from] drain|[of] p1b: Dondozo\n|move|p2a: Tornadus|Bleakwind Storm|p1b: Dondozo|[spread] p1b\n|-miss|p2a: Tornadus|p1a: Tatsugiri\n|-supereffective|p1b: Dondozo\n|-damage|p1b: Dondozo|36\/100\n|move|p1b: Dondozo|Order Up|p2a: Tornadus\n|-damage|p2a: Tornadus|0 fnt\n|faint|p2a: Tornadus\n|-boost|p1b: Dondozo|atk|1\n|\n|-weather|RainDance|[upkeep]\n|-heal|p1b: Dondozo|42\/100|[from] item: Leftovers\n|upkeep\n|\n|t:|1699944640\n|switch|p2a: Flutter Mane|Flutter Mane, L50|100\/100\n|turn|6\n|\n|t:|1699944655\n|move|p1b: Dondozo|Protect|p1b: Dondozo\n|-singleturn|p1b: Dondozo|Protect\n|move|p2a: Flutter Mane|Moonblast|p1b: Dondozo\n|-activate|p1b: Dondozo|move: Protect\n|move|p2b: Volcarona|Quiver Dance|p2b: Volcarona\n|-boost|p2b: Volcarona|spa|1\n|-boost|p2b: Volcarona|spd|1\n|-boost|p2b: Volcarona|spe|1\n|\n|-weather|RainDance|[upkeep]\n|-heal|p1b: Dondozo|48\/100|[from] item: Leftovers\n|-sideend|p2: qz231114|move: Tailwind\n|upkeep\n|turn|7\n|\n|t:|1699944669\n|move|p2b: Volcarona|Hurricane|p1b: Dondozo\n|-supereffective|p1b: Dondozo\n|-damage|p1b: Dondozo|17\/100\n|move|p2a: Flutter Mane|Moonblast|p1b: Dondozo\n|-damage|p1b: Dondozo|0 fnt\n|faint|p1b: Dondozo\n|\n|-weather|RainDance|[upkeep]\n|upkeep\n|turn|8\n|\n|t:|1699944684\n|move|p2b: Volcarona|Giga Drain|p1a: Tatsugiri\n|-damage|p1a: Tatsugiri|0 fnt\n|-heal|p2b: Volcarona|52\/100|[from] drain|[of] p1a: Tatsugiri\n|faint|p1a: Tatsugiri\n|\n|win|qz231114\n|raw|lyyzxl4's rating: 1098 &rarr; <strong>1067<\/strong><br \/>(-31 for losing)\n|raw|qz231114's rating: 1000 &rarr; <strong>1051<\/strong><br \/>(+51 for winning)\n|l|\u2606lyyzxl4\n","uploadtime":1699944691,"views":12,"p1id":"lyyzxl4","p2id":"qz231114","formatid":"gen9vgc2023regulatione","rating":1051,"private":0,"password":""}