{"id":"gen9vgc2023regulatione-1995056004","p1":"Buff FlutterMane","p2":"Chaizen Hirussa","format":"[Gen 9] VGC 2023 Regulation E","log":"|j|\u2606Buff FlutterMane\n|j|\u2606Chaizen Hirussa\n|t:|1700517793\n|gametype|doubles\n|player|p1|Buff FlutterMane|turo|1456\n|player|p2|Chaizen Hirussa|bugcatcher-gen4dp|1390\n|teamsize|p1|6\n|teamsize|p2|6\n|gen|9\n|tier|[Gen 9] VGC 2023 Regulation E\n|rated|\n|rule|Species Clause: Limit one of each Pok\u00e9mon\n|rule|Item Clause: Limit one of each item\n|clearpoke\n|poke|p1|Urshifu-*, L50, M|\n|poke|p1|Gholdengo, L50|\n|poke|p1|Tornadus, L50, M|\n|poke|p1|Arcanine-Hisui, L50, M|\n|poke|p1|Iron Hands, L50|\n|poke|p1|Rillaboom, L50, M|\n|poke|p2|Zapdos-Galar, L50|\n|poke|p2|Tornadus, L50, M|\n|poke|p2|Flutter Mane, L50|\n|poke|p2|Arcanine-Hisui, L50, M|\n|poke|p2|Rillaboom, L50, F|\n|poke|p2|Scizor, L50, M|\n|teampreview|4\n|inactive|Battle timer is ON: inactive players will automatically lose when time's up. (requested by Buff FlutterMane)\n|inactive|Buff FlutterMane has 60 seconds left.\n|inactive|Chaizen Hirussa has 60 seconds left.\n|\n|t:|1700517841\n|start\n|switch|p1a: Genie|Tornadus, L50, M, shiny|100\/100\n|switch|p1b: One Piece|Gholdengo, L50, shiny|100\/100\n|switch|p2a: Rillaboom|Rillaboom, L50, F|100\/100\n|switch|p2b: Tornadus|Tornadus, L50, M|100\/100\n|-fieldstart|move: Grassy Terrain|[from] ability: Grassy Surge|[of] p2a: Rillaboom\n|turn|1\n|\n|t:|1700517856\n|switch|p1a: Hiusi|Arcanine-Hisui, L50, M, shiny|100\/100\n|-ability|p1a: Hiusi|Intimidate|boost\n|-unboost|p2a: Rillaboom|atk|1\n|-unboost|p2b: Tornadus|atk|1\n|-terastallize|p1b: One Piece|Steel\n|move|p2b: Tornadus|Tailwind|p2b: Tornadus\n|-sidestart|p2: Chaizen Hirussa|move: Tailwind\n|move|p2a: Rillaboom|High Horsepower|p1b: One Piece\n|-supereffective|p1b: One Piece\n|-damage|p1b: One Piece|54\/100\n|move|p1b: One Piece|Make It Rain|p2b: Tornadus|[spread] p2a,p2b\n|-damage|p2a: Rillaboom|0 fnt\n|-damage|p2b: Tornadus|0 fnt\n|-unboost|p1b: One Piece|spa|1\n|faint|p2a: Rillaboom\n|faint|p2b: Tornadus\n|\n|-heal|p1b: One Piece|60\/100|[from] Grassy Terrain\n|upkeep\n|\n|t:|1700517877\n|switch|p2b: Arcanine|Arcanine-Hisui, L50, M|100\/100\n|switch|p2a: Zapdos|Zapdos-Galar, L50|100\/100\n|-enditem|p2a: Zapdos|Grassy Seed\n|-boost|p2a: Zapdos|def|1|[from] item: Grassy Seed\n|-ability|p2b: Arcanine|Intimidate|boost\n|-unboost|p1a: Hiusi|atk|1\n|-unboost|p1b: One Piece|atk|1\n|turn|2\n|inactive|Chaizen Hirussa has 30 seconds left.\n|\n|t:|1700517907\n|switch|p1b: AI Hariyama|Iron Hands, L50, shiny|100\/100\n|move|p2a: Zapdos|Thunderous Kick|p1b: AI Hariyama\n|-damage|p1b: AI Hariyama|70\/100\n|-unboost|p1b: AI Hariyama|def|1\n|move|p2b: Arcanine|Rock Slide|p1b: AI Hariyama|[spread] p1a,p1b\n|-supereffective|p1a: Hiusi\n|-resisted|p1b: AI Hariyama\n|-damage|p1a: Hiusi|9\/100\n|-damage|p1b: AI Hariyama|49\/100\n|-damage|p2b: Arcanine|90\/100|[from] item: Life Orb\n|move|p1a: Hiusi|Head Smash|p2b: Arcanine\n|-supereffective|p2b: Arcanine\n|-damage|p2b: Arcanine|0 fnt\n|faint|p2b: Arcanine\n|-damage|p1a: Hiusi|0 fnt|[from] Recoil\n|faint|p1a: Hiusi\n|\n|-heal|p1b: AI Hariyama|55\/100|[from] Grassy Terrain\n|upkeep\n|\n|t:|1700517924\n|switch|p1a: Genie|Tornadus, L50, M, shiny|100\/100\n|turn|3\n|\n|t:|1700517933\n|move|p2a: Zapdos|Detect|p2a: Zapdos\n|-singleturn|p2a: Zapdos|Protect\n|move|p1b: AI Hariyama|Fake Out|p2a: Zapdos\n|-activate|p2a: Zapdos|move: Protect\n|move|p1a: Genie|Bleakwind Storm|p2a: Zapdos\n|-activate|p2a: Zapdos|move: Protect\n|\n|-heal|p1b: AI Hariyama|61\/100|[from] Grassy Terrain\n|upkeep\n|turn|4\n|\n|t:|1700517955\n|-terastallize|p2a: Zapdos|Electric\n|move|p1a: Genie|Tailwind|p1a: Genie\n|-sidestart|p1: Buff FlutterMane|move: Tailwind\n|move|p2a: Zapdos|Acrobatics|p1b: AI Hariyama\n|-damage|p1b: AI Hariyama|14\/100\n|move|p1b: AI Hariyama|Volt Switch|p2a: Zapdos\n|-resisted|p2a: Zapdos\n|-damage|p2a: Zapdos|95\/100\n|\n|t:|1700517961\n|-end|p1b: AI Hariyama|Quark Drive|[silent]\n|switch|p1b: One Piece|Gholdengo, L50, shiny, tera:Steel|60\/100|[from] Volt Switch\n|\n|-heal|p2a: Zapdos|100\/100|[from] Grassy Terrain\n|-heal|p1b: One Piece|66\/100|[from] Grassy Terrain\n|-sideend|p2: Chaizen Hirussa|move: Tailwind\n|upkeep\n|turn|5\n|\n|t:|1700517972\n|move|p1a: Genie|Bleakwind Storm|p2a: Zapdos\n|-resisted|p2a: Zapdos\n|-damage|p2a: Zapdos|80\/100\n|-unboost|p2a: Zapdos|spe|1\n|-ability|p2a: Zapdos|Defiant|boost\n|-boost|p2a: Zapdos|atk|2\n|move|p1b: One Piece|Shadow Ball|p2a: Zapdos\n|-damage|p2a: Zapdos|21\/100\n|move|p2a: Zapdos|Thunderous Kick|p1b: One Piece\n|-supereffective|p1b: One Piece\n|-damage|p1b: One Piece|0 fnt\n|faint|p1b: One Piece\n|\n|-heal|p2a: Zapdos|27\/100|[from] Grassy Terrain\n|-fieldend|move: Grassy Terrain\n|upkeep\n|\n|t:|1700517981\n|switch|p1b: AI Hariyama|Iron Hands, L50, shiny|14\/100\n|turn|6\n|\n|t:|1700518002\n|move|p2a: Zapdos|Detect|p2a: Zapdos\n|-singleturn|p2a: Zapdos|Protect\n|move|p1a: Genie|Bleakwind Storm|p2a: Zapdos\n|-activate|p2a: Zapdos|move: Protect\n|move|p1b: AI Hariyama|Drain Punch|p2a: Zapdos\n|-activate|p2a: Zapdos|move: Protect\n|\n|upkeep\n|turn|7\n|\n|t:|1700518012\n|move|p1a: Genie|Bleakwind Storm|p2a: Zapdos\n|-resisted|p2a: Zapdos\n|-damage|p2a: Zapdos|7\/100\n|move|p1b: AI Hariyama|Drain Punch|p2a: Zapdos\n|-damage|p2a: Zapdos|0 fnt\n|-heal|p1b: AI Hariyama|17\/100|[from] drain|[of] p2a: Zapdos\n|faint|p2a: Zapdos\n|\n|win|Buff FlutterMane\n|raw|Buff FlutterMane's rating: 1456 &rarr; <strong>1472<\/strong><br \/>(+16 for winning)\n|raw|Chaizen Hirussa's rating: 1390 &rarr; <strong>1374<\/strong><br \/>(-16 for losing)\n|l|\u2606Chaizen Hirussa\n|l|\u2606Buff FlutterMane\n|j|\u2606Buff FlutterMane\n|player|p1|Buff FlutterMane|turo\n","uploadtime":1700518149,"views":3,"p1id":"bufffluttermane","p2id":"chaizenhirussa","formatid":"gen9vgc2023regulatione","rating":1374,"private":0,"password":""}