{"id":"gen9vgc2023regulatione-1989412690","p1":"Tutkan","p2":"totolaw","format":"[Gen 9] VGC 2023 Regulation E","log":"|j|\u2606Tutkan\n|j|\u2606totolaw\n|t:|1699846963\n|gametype|doubles\n|player|p1|Tutkan|170|1329\n|player|p2|totolaw|170|1370\n|teamsize|p1|6\n|teamsize|p2|6\n|gen|9\n|tier|[Gen 9] VGC 2023 Regulation E\n|rated|\n|rule|Species Clause: Limit one of each Pok\u00e9mon\n|rule|Item Clause: Limit one of each item\n|clearpoke\n|poke|p1|Heatran, L50, M|\n|poke|p1|Chien-Pao, L50|\n|poke|p1|Dragonite, L50, M|\n|poke|p1|Urshifu-*, L50, M|\n|poke|p1|Flutter Mane, L50|\n|poke|p1|Tornadus, L50, M|\n|poke|p2|Dondozo, L50, M|\n|poke|p2|Tatsugiri, L50, M|\n|poke|p2|Flutter Mane, L50|\n|poke|p2|Glimmora, L50, F|\n|poke|p2|Rillaboom, L50, M|\n|poke|p2|Landorus-Therian, L50, M|\n|teampreview|4\n|\n|t:|1699847010\n|start\n|switch|p1a: Dragonite|Dragonite, L50, M|100\/100\n|switch|p1b: Chien-Pao|Chien-Pao, L50|100\/100\n|switch|p2a: Landorus|Landorus-Therian, L50, M|100\/100\n|switch|p2b: Dondozo|Dondozo, L50, M|100\/100\n|-ability|p2a: Landorus|Intimidate|boost\n|-fail|p1a: Dragonite|unboost|Attack|[from] ability: Inner Focus|[of] p1a: Dragonite\n|-unboost|p1b: Chien-Pao|atk|1\n|-ability|p1b: Chien-Pao|Sword of Ruin\n|turn|1\n|\n|t:|1699847035\n|-terastallize|p1a: Dragonite|Normal\n|move|p2b: Dondozo|Protect|p2b: Dondozo\n|-singleturn|p2b: Dondozo|Protect\n|move|p1a: Dragonite|Extreme Speed|p2a: Landorus\n|-damage|p2a: Landorus|0 fnt\n|faint|p2a: Landorus\n|move|p1b: Chien-Pao|Sucker Punch||[still]\n|-fail|p1b: Chien-Pao\n|\n|upkeep\n|\n|t:|1699847043\n|switch|p2a: Glimmora|Glimmora, L50, F|100\/100\n|turn|2\n|\n|t:|1699847072\n|switch|p1b: Urshifu|Urshifu-Rapid-Strike, L50, M|100\/100\n|move|p1a: Dragonite|Extreme Speed|p2b: Dondozo\n|-damage|p2b: Dondozo|53\/100\n|move|p2a: Glimmora|Mortal Spin|p1b: Urshifu|[spread] p1a,p1b\n|-damage|p1a: Dragonite|96\/100\n|-damage|p1b: Urshifu|96\/100\n|-status|p1a: Dragonite|psn\n|-status|p1b: Urshifu|psn\n|move|p2b: Dondozo|Order Up|p1a: Dragonite\n|-damage|p1a: Dragonite|73\/100 psn\n|\n|-heal|p2b: Dondozo|59\/100|[from] item: Leftovers\n|-damage|p1b: Urshifu|83\/100 psn|[from] psn\n|-damage|p1a: Dragonite|61\/100 psn|[from] psn\n|upkeep\n|turn|3\n|\n|t:|1699847108\n|switch|p2a: Tatsugiri|Tatsugiri, L50, M|100\/100\n|-activate|p2a: Tatsugiri|ability: Commander|[of] p2b: Dondozo\n|-boost|p2b: Dondozo|atk|2\n|-boost|p2b: Dondozo|spa|2\n|-boost|p2b: Dondozo|spe|2\n|-boost|p2b: Dondozo|def|2\n|-boost|p2b: Dondozo|spd|2\n|move|p1a: Dragonite|Extreme Speed|p2b: Dondozo\n|-damage|p2b: Dondozo|32\/100\n|move|p1b: Urshifu|Surging Strikes|p2a: Tatsugiri|[miss]\n|-miss|p1b: Urshifu|p2a: Tatsugiri\n|move|p2b: Dondozo|Order Up|p1b: Urshifu\n|-damage|p1b: Urshifu|40\/100 psn\n|-boost|p2b: Dondozo|atk|1\n|\n|-heal|p2b: Dondozo|39\/100|[from] item: Leftovers\n|-damage|p1b: Urshifu|28\/100 psn|[from] psn\n|-damage|p1a: Dragonite|49\/100 psn|[from] psn\n|upkeep\n|turn|4\n|\n|t:|1699847134\n|move|p1a: Dragonite|Extreme Speed|p2b: Dondozo\n|-damage|p2b: Dondozo|12\/100\n|move|p1b: Urshifu|Surging Strikes|p2b: Dondozo\n|-resisted|p2b: Dondozo\n|-crit|p2b: Dondozo\n|-damage|p2b: Dondozo|4\/100\n|-resisted|p2b: Dondozo\n|-crit|p2b: Dondozo\n|-damage|p2b: Dondozo|0 fnt\n|faint|p2b: Dondozo\n|-hitcount|p2: Dondozo|2\n|\n|-damage|p1b: Urshifu|16\/100 psn|[from] psn\n|-damage|p1a: Dragonite|36\/100 psn|[from] psn\n|upkeep\n|\n|t:|1699847145\n|switch|p2b: Glimmora|Glimmora, L50, F|100\/100\n|turn|5\n|-message|totolaw forfeited.\n|\n|win|Tutkan\n|raw|Tutkan's rating: 1329 &rarr; <strong>1351<\/strong><br \/>(+22 for winning)\n|raw|totolaw's rating: 1370 &rarr; <strong>1348<\/strong><br \/>(-22 for losing)\n|l|\u2606totolaw\n","uploadtime":1699847158,"views":10,"p1id":"tutkan","p2id":"totolaw","formatid":"gen9vgc2023regulatione","rating":1348,"private":0,"password":""}