{"id":"gen9vgc2023regulatione-2000476782","p1":"Pumitaa","p2":"Nehehkhara666","format":"[Gen 9] VGC 2023 Regulation E","log":"|j|\u2606Pumitaa\n|j|\u2606Nehehkhara666\n|n|\u2606Pumitaa|pumitaa\n|n|\u2606Nehehkhara666|nehehkhara666\n|html|View the match progress at <a href=\"\/game-bestof3-gen9vgc2023regulatione-2000471531\">game-bestof3-gen9vgc2023regulatione-2000471531<\/a>\n|t:|1701198042\n|gametype|doubles\n|player|p1|Pumitaa|backpacker|\n|player|p2|Nehehkhara666|koga|\n|teamsize|p1|6\n|teamsize|p2|6\n|gen|9\n|tier|[Gen 9] VGC 2023 Regulation E\n|rule|Species Clause: Limit one of each Pok\u00e9mon\n|rule|Item Clause: Limit one of each item\n|clearpoke\n|poke|p1|Lilligant-Hisui, L50, F|\n|poke|p1|Torkoal, L50, M|\n|poke|p1|Indeedee-F, L50, F|\n|poke|p1|Armarouge, L50, M|\n|poke|p1|Iron Hands, L50|\n|poke|p1|Dragonite, L50, F|\n|poke|p2|Crabominable, L50, F|\n|poke|p2|Ninetales-Alola, L50, F|\n|poke|p2|Indeedee-F, L50, F|\n|poke|p2|Cetitan, L50, F|\n|poke|p2|Sinistcha-Masterpiece, L50|\n|poke|p2|Beartic, L50, F|\n|teampreview|4\nPumitaa has agreed to open team sheets.\nNehehkhara666 has agreed to open team sheets.\n|showteam|p1|Lilligant-Hisui||FocusSash|Chlorophyll|CloseCombat,SolarBlade,AfterYou,SleepPowder|||F|||50|,,,,,Fighting]Torkoal||ChoiceSpecs|Drought|Eruption,HeatWave,SolarBeam,EarthPower|||M|||50|,,,,,Fire]Indeedee-F||RockyHelmet|PsychicSurge|DazzlingGleam,FollowMe,HelpingHand,TrickRoom|||F|||50|,,,,,Water]Armarouge||LifeOrb|FlashFire|ExpandingForce,HeatWave,AuraSphere,TrickRoom|||M|||50|,,,,,Grass]Iron Hands||AssaultVest|QuarkDrive|DrainPunch,FakeOut,WildCharge,HeavySlam||||||50|,,,,,Fighting]Dragonite||ChoiceBand|InnerFocus|ExtremeSpeed,Outrage,StompingTantrum,AerialAce|||F|||50|,,,,,Normal\n|showteam|p2|Crabominable||CovertCloak|AngerPoint|IceHammer,DrainPunch,Protect,Crabhammer|||F|||50|,,,,,Water]Ninetales-Alola||LightClay|SnowWarning|AuroraVeil,DazzlingGleam,Protect,Blizzard|||F|||50|,,,,,Fairy]Indeedee-F||EjectButton|PsychicSurge|FollowMe,HelpingHand,Psychic,Protect|||F|||50|,,,,,Steel]Cetitan||SitrusBerry|ThickFat|IceSpinner,BellyDrum,IceShard,HighHorsepower|||F|||50|,,,,,Fighting]Sinistcha-Masterpiece||Leftovers|Hospitality|TrickRoom,MatchaGotcha,RagePowder,StrengthSap||||||50|,,,,,Fire]Beartic||FocusSash|SlushRush|CloseCombat,FrostBreath,Protect,IcicleCrash|||F|||50|,,,,,Dragon\n|\n|t:|1701198082\n|start\n|switch|p1a: La Furry|Indeedee-F, L50, F|100\/100\n|switch|p1b: El Papudo|Armarouge, L50, M, shiny|100\/100\n|switch|p2a: Cetitan|Cetitan, L50, F|100\/100\n|switch|p2b: Ninetales|Ninetales-Alola, L50, F|100\/100\n|-weather|Snow|[from] ability: Snow Warning|[of] p2b: Ninetales\n|-fieldstart|move: Psychic Terrain|[from] ability: Psychic Surge|[of] p1a: La Furry\n|turn|1\n|\n|t:|1701198105\n|move|p2b: Ninetales|Aurora Veil|p2b: Ninetales\n|-sidestart|p2: Nehehkhara666|move: Aurora Veil\n|move|p1b: El Papudo|Heat Wave|p2b: Ninetales|[spread] p2a,p2b\n|-supereffective|p2a: Cetitan\n|-supereffective|p2b: Ninetales\n|-damage|p2a: Cetitan|68\/100\n|-damage|p2b: Ninetales|23\/100\n|-status|p2b: Ninetales|brn\n|-damage|p1b: El Papudo|91\/100|[from] item: Life Orb\n|move|p2a: Cetitan|Ice Spinner|p1a: La Furry\n|-damage|p1a: La Furry|68\/100\n|-damage|p2a: Cetitan|51\/100|[from] item: Rocky Helmet|[of] p1a: La Furry\n|-fieldend|move: Psychic Terrain\n|move|p1a: La Furry|Trick Room|p1a: La Furry\n|-fieldstart|move: Trick Room|[of] p1a: La Furry\n|\n|-weather|Snow|[upkeep]\n|-damage|p2b: Ninetales|17\/100 brn|[from] brn\n|upkeep\n|turn|2\n|\n|t:|1701198132\n|switch|p2b: Crabominable|Crabominable, L50, F|100\/100\n|move|p1a: La Furry|Helping Hand|p1b: El Papudo\n|-singleturn|p1b: El Papudo|Helping Hand|[of] p1a: La Furry\n|move|p2a: Cetitan|High Horsepower|p1b: El Papudo\n|-supereffective|p1b: El Papudo\n|-damage|p1b: El Papudo|32\/100\n|move|p1b: El Papudo|Expanding Force|p2a: Cetitan\n|-damage|p2a: Cetitan|0 fnt\n|faint|p2a: Cetitan\n|-damage|p1b: El Papudo|22\/100|[from] item: Life Orb\n|\n|-weather|Snow|[upkeep]\n|upkeep\n|\n|t:|1701198144\n|switch|p2a: Beartic|Beartic, L50, F|100\/100\n|turn|3\n|\n|t:|1701198162\n|-terastallize|p2b: Crabominable|Water\n|move|p1a: La Furry|Follow Me|p1a: La Furry\n|-singleturn|p1a: La Furry|move: Follow Me\n|move|p2b: Crabominable|Ice Hammer|p1a: La Furry|[miss]\n|-miss|p2b: Crabominable|p1a: La Furry\n|move|p1b: El Papudo|Heat Wave|p2a: Beartic|[spread] p2a,p2b\n|-supereffective|p2a: Beartic\n|-resisted|p2b: Crabominable\n|-damage|p2a: Beartic|14\/100\n|-damage|p2b: Crabominable|85\/100\n|-damage|p1b: El Papudo|12\/100|[from] item: Life Orb\n|move|p2a: Beartic|Frost Breath|p1a: La Furry\n|-crit|p1a: La Furry\n|-damage|p1a: La Furry|47\/100\n|\n|-weather|Snow|[upkeep]\n|upkeep\n|turn|4\n|\n|t:|1701198181\n|move|p2a: Beartic|Protect|p2a: Beartic\n|-singleturn|p2a: Beartic|Protect\n|move|p1a: La Furry|Follow Me|p1a: La Furry\n|-singleturn|p1a: La Furry|move: Follow Me\n|move|p2b: Crabominable|Ice Hammer|p1a: La Furry\n|-damage|p1a: La Furry|1\/100\n|-unboost|p2b: Crabominable|spe|1\n|-damage|p2b: Crabominable|68\/100|[from] item: Rocky Helmet|[of] p1a: La Furry\n|move|p1b: El Papudo|Heat Wave|p2b: Crabominable|[spread] p2b\n|-activate|p2a: Beartic|move: Protect\n|-resisted|p2b: Crabominable\n|-damage|p2b: Crabominable|54\/100\n|-damage|p1b: El Papudo|2\/100|[from] item: Life Orb\n|\n|-weather|Snow|[upkeep]\n|upkeep\n|turn|5\n|\n|t:|1701198219\n|move|p1a: La Furry|Follow Me|p1a: La Furry\n|-singleturn|p1a: La Furry|move: Follow Me\n|move|p2b: Crabominable|Drain Punch|p1a: La Furry\n|-damage|p1a: La Furry|0 fnt\n|-heal|p2b: Crabominable|54\/100|[from] drain|[of] p1a: La Furry\n|-damage|p2b: Crabominable|38\/100|[from] item: Rocky Helmet|[of] p1a: La Furry\n|faint|p1a: La Furry\n|move|p1b: El Papudo|Heat Wave|p2b: Crabominable|[spread] p2a,p2b\n|-supereffective|p2a: Beartic\n|-resisted|p2b: Crabominable\n|-damage|p2a: Beartic|0 fnt\n|-damage|p2b: Crabominable|23\/100\n|faint|p2a: Beartic\n|-damage|p1b: El Papudo|0 fnt|[from] item: Life Orb\n|faint|p1b: El Papudo\n|\n|-weather|none\n|-fieldend|move: Trick Room\n|upkeep\n|\n|t:|1701198234\n|switch|p2a: Ninetales|Ninetales-Alola, L50, F|17\/100 brn\n|switch|p1b: TortugaNinja|Torkoal, L50, M|100\/100\n|switch|p1a: Parrigas|Iron Hands, L50|100\/100\n|-weather|Snow|[from] ability: Snow Warning|[of] p2a: Ninetales\n|-weather|SunnyDay|[from] ability: Drought|[of] p1b: TortugaNinja\n|turn|6\n|\n|t:|1701198251\n|-terastallize|p1b: TortugaNinja|Fire\n|move|p1a: Parrigas|Fake Out|p2b: Crabominable\n|-damage|p2b: Crabominable|12\/100\n|move|p2a: Ninetales|Dazzling Gleam|p1b: TortugaNinja|[spread] p1a,p1b\n|-supereffective|p1a: Parrigas\n|-resisted|p1b: TortugaNinja\n|-damage|p1a: Parrigas|79\/100\n|-damage|p1b: TortugaNinja|86\/100\n|move|p2b: Crabominable|Crabhammer|p1b: TortugaNinja\n|-supereffective|p1b: TortugaNinja\n|-damage|p1b: TortugaNinja|51\/100\n|move|p1b: TortugaNinja|Eruption|p2b: Crabominable|[spread] p2a,p2b\n|-supereffective|p2a: Ninetales\n|-resisted|p2b: Crabominable\n|-crit|p2b: Crabominable\n|-damage|p2a: Ninetales|0 fnt\n|-damage|p2b: Crabominable|0 fnt\n|faint|p2a: Ninetales\n|faint|p2b: Crabominable\n|\n|win|Pumitaa\n|c|\u2606Nehehkhara666|gg\n|c|\u2606Pumitaa|gg\n","uploadtime":1701198326,"views":0,"p1id":"pumitaa","p2id":"nehehkhara666","formatid":"gen9vgc2023regulatione","rating":0,"private":0,"password":""}