{"id":"gen9vgc2023regulatione-1989091398","p1":"ToastedArt","p2":"Granny Pie","format":"[Gen 9] VGC 2023 Regulation E","log":"|j|\u2606ToastedArt\n|j|\u2606Granny Pie\n|n|\u2606ToastedArt|toastedart\n|n|\u2606Granny Pie|grannypie\n|html|View the match progress at <a href=\"\/game-bestof3-gen9vgc2023regulatione-1989088003\">game-bestof3-gen9vgc2023regulatione-1989088003<\/a>\n|t:|1699811203\n|gametype|doubles\n|player|p1|ToastedArt|iris|\n|player|p2|Granny Pie|zinnia|\n|teamsize|p1|6\n|teamsize|p2|6\n|gen|9\n|tier|[Gen 9] VGC 2023 Regulation E\n|rule|Species Clause: Limit one of each Pok\u00e9mon\n|rule|Item Clause: Limit one of each item\n|clearpoke\n|poke|p1|Weezing, L50, F|\n|poke|p1|Landorus-Therian, L50, M|\n|poke|p1|Ogerpon, L50, F|\n|poke|p1|Roaring Moon, L50|\n|poke|p1|Gholdengo, L50|\n|poke|p1|Iron Hands, L50|\n|poke|p2|Dondozo, L50, M|\n|poke|p2|Tatsugiri, L50, M|\n|poke|p2|Iron Bundle, L50|\n|poke|p2|Cresselia, L50, F|\n|poke|p2|Regieleki, L50|\n|poke|p2|Ogerpon-Hearthflame, L50, F|\n|teampreview|4\nToastedArt has agreed to open team sheets.\nGranny Pie has agreed to open team sheets.\n|showteam|p1|Weezing||SitrusBerry|NeutralizingGas|GunkShot,WillOWisp,Taunt,Protect|||F|||50|,,,,,Grass]Landorus-Therian||AbilityShield|Intimidate|StompingTantrum,TeraBlast,Uturn,RockSlide|||M|||50|,,,,,Flying]Ogerpon||RazorClaw|Defiant|IvyCudgel,SpikyShield,StompingTantrum,SwordsDance|||F|||50|,,,,,Grass]Roaring Moon||BoosterEnergy|Protosynthesis|KnockOff,BreakingSwipe,Tailwind,Protect||||||50|,,,,,Poison]Gholdengo||LifeOrb|GoodasGold|MakeItRain,ShadowBall,NastyPlot,Protect||||||50|,,,,,Water]Iron Hands||AssaultVest|QuarkDrive|WildCharge,DrainPunch,HeavySlam,FakeOut||||||50|,,,,,Fire\n|showteam|p2|Dondozo||Leftovers|Unaware|WaveCrash,OrderUp,Rest,Protect|||M|||50|,,,,,Dragon]Tatsugiri||ToxicOrb|Commander|DracoMeteor,MuddyWater,Protect,IcyWind|||M|||50|,,,,,Dragon]Iron Bundle||BoosterEnergy|QuarkDrive|FreezeDry,FlipTurn,Taunt,Protect||||||50|,,,,,Ghost]Cresselia||MentalHerb|Levitate|Psychic,LunarBlessing,AllySwitch,HelpingHand|||F|||50|,,,,,Fairy]Regieleki||FocusSash|Transistor|Electroweb,Thunderbolt,TeraBlast,Protect||||||50|,,,,,Ice]Ogerpon-Hearthflame||HearthflameMask|MoldBreaker|IvyCudgel,HornLeech,SwordsDance,SpikyShield|||F|||50|,,,,,Fire\n|\n|t:|1699811255\n|start\n|switch|p1a: Ogerpon|Ogerpon, L50, F|100\/100\n|switch|p1b: Roaring Moon|Roaring Moon, L50|100\/100\n|switch|p2a: I'm Dead Bro \ud83d\udc80|Tatsugiri, L50, M|100\/100\n|switch|p2b: Iron Santa|Iron Bundle, L50|100\/100\n|-enditem|p2b: Iron Santa|Booster Energy\n|-activate|p2b: Iron Santa|ability: Quark Drive|[fromitem]\n|-start|p2b: Iron Santa|quarkdrivespe\n|-enditem|p1b: Roaring Moon|Booster Energy\n|-activate|p1b: Roaring Moon|ability: Protosynthesis|[fromitem]\n|-start|p1b: Roaring Moon|protosynthesisspe\n|turn|1\n|\n|t:|1699811287\n|-terastallize|p1a: Ogerpon|Grass\n|detailschange|p1a: Ogerpon|Ogerpon-Teal-Tera, L50, F, tera:Grass\n|-ability|p1a: Ogerpon|Embody Aspect (Teal)|boost\n|-boost|p1a: Ogerpon|spe|1\n|move|p2b: Iron Santa|Freeze-Dry|p1a: Ogerpon\n|-supereffective|p1a: Ogerpon\n|-damage|p1a: Ogerpon|34\/100\n|move|p1b: Roaring Moon|Tailwind|p1b: Roaring Moon\n|-sidestart|p1: ToastedArt|move: Tailwind\n|move|p1a: Ogerpon|Ivy Cudgel|p2b: Iron Santa\n|-supereffective|p2b: Iron Santa\n|-crit|p2b: Iron Santa\n|-damage|p2b: Iron Santa|0 fnt\n|faint|p2b: Iron Santa\n|-end|p2b: Iron Santa|Quark Drive|[silent]\n|move|p2a: I'm Dead Bro \ud83d\udc80|Icy Wind|p1b: Roaring Moon|[spread] p1a,p1b\n|-supereffective|p1a: Ogerpon\n|-supereffective|p1b: Roaring Moon\n|-crit|p1b: Roaring Moon\n|-damage|p1a: Ogerpon|5\/100\n|-damage|p1b: Roaring Moon|61\/100\n|-unboost|p1a: Ogerpon|spe|1\n|-unboost|p1b: Roaring Moon|spe|1\n|\n|-status|p2a: I'm Dead Bro \ud83d\udc80|tox|[from] item: Toxic Orb\n|upkeep\n|\n|t:|1699811307\n|switch|p2b: #RIPBozo|Dondozo, L50, M|100\/100\n|-activate|p2a: I'm Dead Bro \ud83d\udc80|ability: Commander|[of] p2b: #RIPBozo\n|-boost|p2b: #RIPBozo|atk|2\n|-boost|p2b: #RIPBozo|spa|2\n|-boost|p2b: #RIPBozo|spe|2\n|-boost|p2b: #RIPBozo|def|2\n|-boost|p2b: #RIPBozo|spd|2\n|turn|2\n|\n|t:|1699811318\n|-end|p1b: Roaring Moon|Protosynthesis|[silent]\n|switch|p1b: Weezing|Weezing, L50, F|100\/100\n|-ability|p1b: Weezing|Neutralizing Gas\n|-terastallize|p2b: #RIPBozo|Dragon\n|move|p1a: Ogerpon|Ivy Cudgel|p2b: #RIPBozo\n|-resisted|p2b: #RIPBozo\n|-crit|p2b: #RIPBozo\n|-damage|p2b: #RIPBozo|66\/100\n|move|p2b: #RIPBozo|Order Up|p1a: Ogerpon\n|-damage|p1a: Ogerpon|0 fnt\n|faint|p1a: Ogerpon\n|-boost|p2b: #RIPBozo|atk|1\n|\n|-heal|p2b: #RIPBozo|72\/100|[from] item: Leftovers\n|-damage|p2a: I'm Dead Bro \ud83d\udc80|95\/100 tox|[from] psn\n|upkeep\n|\n|t:|1699811332\n|switch|p1a: Iron Hands|Iron Hands, L50|100\/100\n|turn|3\n|\n|t:|1699811349\n|move|p2b: #RIPBozo|Protect|p2b: #RIPBozo\n|-singleturn|p2b: #RIPBozo|Protect\n|move|p1a: Iron Hands|Wild Charge|p2b: #RIPBozo\n|-activate|p2b: #RIPBozo|move: Protect\n|move|p1b: Weezing|Will-O-Wisp|p2b: #RIPBozo\n|-activate|p2b: #RIPBozo|move: Protect\n|\n|-heal|p2b: #RIPBozo|78\/100|[from] item: Leftovers\n|-damage|p2a: I'm Dead Bro \ud83d\udc80|84\/100 tox|[from] psn\n|upkeep\n|turn|4\n|\n|t:|1699811378\n|move|p1a: Iron Hands|Drain Punch|p2b: #RIPBozo\n|-damage|p2b: #RIPBozo|63\/100\n|move|p2b: #RIPBozo|Wave Crash|p1b: Weezing\n|-damage|p1b: Weezing|2\/100\n|-enditem|p1b: Weezing|Sitrus Berry|[eat]\n|-heal|p1b: Weezing|27\/100|[from] item: Sitrus Berry\n|-damage|p2b: #RIPBozo|39\/100|[from] Recoil\n|move|p1b: Weezing|Taunt|p2b: #RIPBozo\n|-start|p2b: #RIPBozo|move: Taunt\n|\n|-heal|p2b: #RIPBozo|45\/100|[from] item: Leftovers\n|-damage|p2a: I'm Dead Bro \ud83d\udc80|67\/100 tox|[from] psn\n|-sideend|p1: ToastedArt|move: Tailwind\n|upkeep\n|turn|5\n|c|\u2606Granny Pie|He lived it's over\n|\n|t:|1699811404\n|-end|p1b: Weezing|ability: Neutralizing Gas\n|switch|p1b: Roaring Moon|Roaring Moon, L50|61\/100\n|move|p2b: #RIPBozo|Order Up|p1b: Roaring Moon\n|-supereffective|p1b: Roaring Moon\n|-damage|p1b: Roaring Moon|0 fnt\n|faint|p1b: Roaring Moon\n|-end|p1b: Roaring Moon|Protosynthesis|[silent]\n|-boost|p2b: #RIPBozo|atk|1\n|move|p1a: Iron Hands|Drain Punch|p2b: #RIPBozo\n|-damage|p2b: #RIPBozo|31\/100\n|\n|-heal|p2b: #RIPBozo|37\/100|[from] item: Leftovers\n|-damage|p2a: I'm Dead Bro \ud83d\udc80|45\/100 tox|[from] psn\n|upkeep\n|\n|t:|1699811416\n|switch|p1b: Weezing|Weezing, L50, F|27\/100\n|-ability|p1b: Weezing|Neutralizing Gas\n|turn|6\n|\n|t:|1699811431\n|move|p2b: #RIPBozo|Order Up|p1b: Weezing\n|-damage|p1b: Weezing|0 fnt\n|faint|p1b: Weezing\n|-end|p1b: Weezing|ability: Neutralizing Gas\n|-boost|p2b: #RIPBozo|atk|1\n|move|p1a: Iron Hands|Drain Punch|p2b: #RIPBozo\n|-damage|p2b: #RIPBozo|24\/100\n|\n|-heal|p2b: #RIPBozo|30\/100|[from] item: Leftovers\n|-damage|p2a: I'm Dead Bro \ud83d\udc80|17\/100 tox|[from] psn\n|upkeep\n|turn|7\n|\n|t:|1699811444\n|move|p2b: #RIPBozo|Order Up|p1a: Iron Hands\n|-damage|p1a: Iron Hands|11\/100\n|-boost|p2b: #RIPBozo|atk|1\n|move|p1a: Iron Hands|Drain Punch|p2b: #RIPBozo\n|-damage|p2b: #RIPBozo|14\/100\n|-heal|p1a: Iron Hands|19\/100|[from] drain|[of] p2b: #RIPBozo\n|\n|-heal|p2b: #RIPBozo|20\/100|[from] item: Leftovers\n|-damage|p2a: I'm Dead Bro \ud83d\udc80|0 fnt|[from] psn\n|faint|p2a: I'm Dead Bro \ud83d\udc80\n|-end|p2b: #RIPBozo|move: Taunt\n|upkeep\n|\n|t:|1699811447\n|switch|p2a: Moon Duck|Cresselia, L50, F|100\/100\n|turn|8\n|-message|ToastedArt forfeited.\n|\n|win|Granny Pie\n|l|\u2606ToastedArt\n","uploadtime":1699811453,"views":7,"p1id":"toastedart","p2id":"grannypie","formatid":"gen9vgc2023regulatione","rating":0,"private":0,"password":""}