{"id":"gen9vgc2023regulatione-1988421300","p1":"Prf.Anu","p2":"Shakeyshocks","format":"[Gen 9] VGC 2023 Regulation E","log":"|j|\u2606Prf.Anu\n|j|\u2606Shakeyshocks\n|t:|1699721127\n|gametype|doubles\n|player|p1|Prf.Anu|unknown|1056\n|player|p2|Shakeyshocks|170|1056\n|teamsize|p1|6\n|teamsize|p2|6\n|gen|9\n|tier|[Gen 9] VGC 2023 Regulation E\n|rated|\n|rule|Species Clause: Limit one of each Pok\u00e9mon\n|rule|Item Clause: Limit one of each item\n|clearpoke\n|poke|p1|Tornadus, L50, M|\n|poke|p1|Indeedee-F, L50, F|\n|poke|p1|Chi-Yu, L50|\n|poke|p1|Flutter Mane, L50|\n|poke|p1|Iron Hands, L50|\n|poke|p1|Chien-Pao, L50|\n|poke|p2|Golem-Alola, L50, F|\n|poke|p2|Ninetales-Alola, L50, M|\n|poke|p2|Empoleon, L50, F|\n|poke|p2|Flamigo, L50, F|\n|poke|p2|Ursaluna, L50, M|\n|poke|p2|Cetitan, L50, M|\n|teampreview|4\n|inactive|Battle timer is ON: inactive players will automatically lose when time's up. (requested by Prf.Anu)\n|inactive|Shakeyshocks has 60 seconds left.\nPrf.Anu rejected open team sheets.\n|\n|t:|1699721165\n|start\n|switch|p1a: Tornadus|Tornadus, L50, M, shiny|100\/100\n|switch|p1b: Indeedee|Indeedee-F, L50, F, shiny|100\/100\n|switch|p2a: Ninetales|Ninetales-Alola, L50, M|100\/100\n|switch|p2b: Empoleon|Empoleon, L50, F|100\/100\n|-weather|Snow|[from] ability: Snow Warning|[of] p2a: Ninetales\n|-fieldstart|move: Psychic Terrain|[from] ability: Psychic Surge|[of] p1b: Indeedee\n|turn|1\n|\n|t:|1699721182\n|-terastallize|p1a: Tornadus|Ground\n|move|p1b: Indeedee|Follow Me|p1b: Indeedee\n|-singleturn|p1b: Indeedee|move: Follow Me\n|move|p1a: Tornadus|Sunny Day|p1a: Tornadus\n|-weather|SunnyDay\n|move|p2a: Ninetales|Aurora Veil||[still]\n|-fail|p2a: Ninetales\n|move|p2b: Empoleon|Blizzard|p1b: Indeedee|[spread] p1b\n|-miss|p2b: Empoleon|p1a: Tornadus\n|-damage|p1b: Indeedee|73\/100\n|\n|-weather|SunnyDay|[upkeep]\n|-heal|p1b: Indeedee|79\/100|[from] item: Leftovers\n|upkeep\n|turn|2\n|inactive|Shakeyshocks has 30 seconds left.\n|\n|t:|1699721214\n|move|p1a: Tornadus|Tailwind|p1a: Tornadus\n|-sidestart|p1: Prf.Anu|move: Tailwind\n|move|p1b: Indeedee|Hyper Voice|p2b: Empoleon|[spread] p2a,p2b\n|-resisted|p2b: Empoleon\n|-damage|p2a: Ninetales|74\/100\n|-damage|p2b: Empoleon|93\/100\n|move|p2a: Ninetales|Encore|p1a: Tornadus\n|-start|p1a: Tornadus|Encore\n|move|p2b: Empoleon|Blizzard|p1b: Indeedee|[spread] p1a\n|-miss|p2b: Empoleon|p1b: Indeedee\n|-supereffective|p1a: Tornadus\n|-damage|p1a: Tornadus|23\/100\n|\n|-weather|SunnyDay|[upkeep]\n|-heal|p1b: Indeedee|85\/100|[from] item: Leftovers\n|upkeep\n|turn|3\n|inactive|Shakeyshocks has 30 seconds left.\n|\n|t:|1699721244\n|switch|p1a: Chien-Pao|Chien-Pao, L50|100\/100\n|-ability|p1a: Chien-Pao|Sword of Ruin\n|switch|p2a: Cetitan|Cetitan, L50, M|100\/100\n|move|p1b: Indeedee|Hyper Voice|p2b: Empoleon|[spread] p2a,p2b\n|-resisted|p2b: Empoleon\n|-damage|p2a: Cetitan|78\/100\n|-damage|p2b: Empoleon|84\/100\n|move|p2b: Empoleon|Blizzard|p1a: Chien-Pao|[spread] \n|-miss|p2b: Empoleon|p1a: Chien-Pao\n|-miss|p2b: Empoleon|p1b: Indeedee\n|\n|-weather|SunnyDay|[upkeep]\n|-heal|p1b: Indeedee|91\/100|[from] item: Leftovers\n|upkeep\n|turn|4\n|inactive|Prf.Anu has 30 seconds left.\n|inactive|Shakeyshocks has 30 seconds left.\n|inactive|Prf.Anu has 20 seconds left.\n|inactive|Prf.Anu has 15 seconds left.\n|\n|t:|1699721288\n|switch|p2a: Ninetales|Ninetales-Alola, L50, M|74\/100\n|-weather|Snow|[from] ability: Snow Warning|[of] p2a: Ninetales\n|move|p1a: Chien-Pao|Ice Spinner|p2b: Empoleon\n|-resisted|p2b: Empoleon\n|-damage|p2b: Empoleon|69\/100\n|-fieldend|move: Psychic Terrain\n|move|p1b: Indeedee|Hyper Voice|p2b: Empoleon|[spread] p2a,p2b\n|-resisted|p2b: Empoleon\n|-damage|p2a: Ninetales|44\/100\n|-damage|p2b: Empoleon|61\/100\n|move|p2b: Empoleon|Flash Cannon|p1a: Chien-Pao\n|-supereffective|p1a: Chien-Pao\n|-crit|p1a: Chien-Pao\n|-damage|p1a: Chien-Pao|0 fnt\n|faint|p1a: Chien-Pao\n|\n|-weather|Snow|[upkeep]\n|-heal|p1b: Indeedee|97\/100|[from] item: Leftovers\n|upkeep\n|\n|t:|1699721303\n|switch|p1a: Tornadus|Tornadus, L50, M, shiny, tera:Ground|23\/100\n|turn|5\n|\n|t:|1699721321\n|move|p1a: Tornadus|Sunny Day|p1a: Tornadus\n|-weather|SunnyDay\n|move|p1b: Indeedee|Hyper Voice|p2a: Ninetales|[spread] p2a,p2b\n|-resisted|p2b: Empoleon\n|-damage|p2a: Ninetales|17\/100\n|-damage|p2b: Empoleon|52\/100\n|move|p2a: Ninetales|Encore|p1a: Tornadus\n|-start|p1a: Tornadus|Encore\n|move|p2b: Empoleon|Blizzard|p1b: Indeedee|[spread] p1a,p1b\n|-supereffective|p1a: Tornadus\n|-damage|p1a: Tornadus|0 fnt\n|-damage|p1b: Indeedee|70\/100\n|faint|p1a: Tornadus\n|\n|-weather|SunnyDay|[upkeep]\n|-heal|p1b: Indeedee|76\/100|[from] item: Leftovers\n|-sideend|p1: Prf.Anu|move: Tailwind\n|upkeep\n|\n|t:|1699721333\n|switch|p1a: Chi-Yu|Chi-Yu, L50|100\/100\n|-ability|p1a: Chi-Yu|Beads of Ruin\n|turn|6\n|inactive|Shakeyshocks has 30 seconds left.\n|\n|t:|1699721363\n|switch|p2a: Cetitan|Cetitan, L50, M|78\/100\n|-terastallize|p2b: Empoleon|Water\n|move|p1b: Indeedee|Follow Me|p1b: Indeedee\n|-singleturn|p1b: Indeedee|move: Follow Me\n|move|p1a: Chi-Yu|Heat Wave|p2a: Cetitan|[spread] p2a,p2b\n|-supereffective|p2a: Cetitan\n|-resisted|p2b: Empoleon\n|-damage|p2a: Cetitan|5\/100\n|-damage|p2b: Empoleon|24\/100\n|-enditem|p2a: Cetitan|Sitrus Berry|[eat]\n|-heal|p2a: Cetitan|29\/100|[from] item: Sitrus Berry\n|move|p2b: Empoleon|Hydro Pump|p1b: Indeedee\n|-damage|p1b: Indeedee|33\/100\n|\n|-weather|SunnyDay|[upkeep]\n|-heal|p1b: Indeedee|39\/100|[from] item: Leftovers\n|upkeep\n|turn|7\n|inactive|Shakeyshocks has 30 seconds left.\n|inactive|Shakeyshocks has 20 seconds left.\n|inactive|Shakeyshocks has 15 seconds left.\n|\n|t:|1699721406\n|move|p1a: Chi-Yu|Heat Wave|p2b: Empoleon|[spread] p2a,p2b\n|-supereffective|p2a: Cetitan\n|-resisted|p2b: Empoleon\n|-damage|p2a: Cetitan|0 fnt\n|-damage|p2b: Empoleon|0 fnt\n|faint|p2a: Cetitan\n|faint|p2b: Empoleon\n|move|p1b: Indeedee|Hyper Voice|p2: Cetitan|[notarget]\n|-fail|p1b: Indeedee\n|\n|-weather|SunnyDay|[upkeep]\n|-heal|p1b: Indeedee|45\/100|[from] item: Leftovers\n|upkeep\n|\n|t:|1699721418\n|switch|p2a: Ninetales|Ninetales-Alola, L50, M|17\/100\n|switch|p2b: Flamigo|Flamigo, L50, F|100\/100\n|-weather|Snow|[from] ability: Snow Warning|[of] p2a: Ninetales\n|-copyboost|p2b: Flamigo|p2a: Ninetales|[from] ability: Costar\n|turn|8\n|\n|t:|1699721439\n|move|p1b: Indeedee|Follow Me|p1b: Indeedee\n|-singleturn|p1b: Indeedee|move: Follow Me\n|move|p2a: Ninetales|Aurora Veil|p2a: Ninetales\n|-sidestart|p2: Shakeyshocks|move: Aurora Veil\n|move|p2b: Flamigo|Close Combat|p1b: Indeedee\n|-damage|p1b: Indeedee|0 fnt\n|-unboost|p2b: Flamigo|def|1\n|-unboost|p2b: Flamigo|spd|1\n|faint|p1b: Indeedee\n|-damage|p2b: Flamigo|91\/100|[from] item: Life Orb\n|move|p1a: Chi-Yu|Heat Wave|p2a: Ninetales|[spread] p2a,p2b\n|-supereffective|p2a: Ninetales\n|-damage|p2a: Ninetales|0 fnt\n|-damage|p2b: Flamigo|12\/100\n|faint|p2a: Ninetales\n|\n|-weather|Snow|[upkeep]\n|upkeep\n|turn|9\n|\n|t:|1699721458\n|move|p2b: Flamigo|Close Combat|p1a: Chi-Yu\n|-supereffective|p1a: Chi-Yu\n|-enditem|p1a: Chi-Yu|Focus Sash\n|-damage|p1a: Chi-Yu|1\/100\n|-unboost|p2b: Flamigo|def|1\n|-unboost|p2b: Flamigo|spd|1\n|-damage|p2b: Flamigo|2\/100|[from] item: Life Orb\n|move|p1a: Chi-Yu|Psychic|p2b: Flamigo\n|-supereffective|p2b: Flamigo\n|-damage|p2b: Flamigo|0 fnt\n|faint|p2b: Flamigo\n|\n|win|Prf.Anu\n|raw|Prf.Anu's rating: 1056 &rarr; <strong>1088<\/strong><br \/>(+32 for winning)\n|raw|Shakeyshocks's rating: 1056 &rarr; <strong>1038<\/strong><br \/>(-18 for losing)\n|l|\u2606Shakeyshocks\n","uploadtime":1699721731,"views":12,"p1id":"prfanu","p2id":"shakeyshocks","formatid":"gen9vgc2023regulatione","rating":1038,"private":0,"password":""}