{"id":"gen9vgc2023regulatione-1987992095","p1":"Brunikolas","p2":"vox_fantasma","format":"[Gen 9] VGC 2023 Regulation E","log":"|j|\u2606Brunikolas\n|j|\u2606vox_fantasma\n|t:|1699656775\n|gametype|doubles\n|player|p1|Brunikolas|101|1117\n|player|p2|vox_fantasma|yellow|1175\n|teamsize|p1|6\n|teamsize|p2|6\n|gen|9\n|tier|[Gen 9] VGC 2023 Regulation E\n|rated|\n|rule|Species Clause: Limit one of each Pok\u00e9mon\n|rule|Item Clause: Limit one of each item\n|clearpoke\n|poke|p1|Farigiraf, L50, F|\n|poke|p1|Landorus-Therian, L50, M|\n|poke|p1|Tornadus, L50, M|\n|poke|p1|Chien-Pao, L50|\n|poke|p1|Iron Hands, L50|\n|poke|p1|Urshifu-*, L50, M|\n|poke|p2|Lurantis, L50, M|\n|poke|p2|Ditto, L50|\n|poke|p2|Talonflame, L50, F|\n|poke|p2|Gholdengo, L50|\n|poke|p2|Gyarados, L50, F|\n|poke|p2|Pikachu, L50, M|\n|teampreview|4\n|c|\u2606vox_fantasma|glhf\n|inactive|Battle timer is ON: inactive players will automatically lose when time's up. (requested by vox_fantasma)\n|inactive|Brunikolas has 60 seconds left.\n|\n|t:|1699656833\n|start\n|switch|p1a: Iron Hands|Iron Hands, L50|100\/100\n|switch|p1b: Chien-Pao|Chien-Pao, L50|100\/100\n|switch|p2a: Talonflame|Talonflame, L50, F|100\/100\n|switch|p2b: Gyarados|Gyarados, L50, F|100\/100\n|-ability|p1b: Chien-Pao|Sword of Ruin\n|turn|1\n|inactive|Brunikolas has 30 seconds left.\n|\n|t:|1699656862\n|switch|p1b: Farigiraf|Farigiraf, L50, F|100\/100\n|move|p2b: Gyarados|Protect|p2b: Gyarados\n|-singleturn|p2b: Gyarados|Protect\n|move|p1a: Iron Hands|Fake Out|p2a: Talonflame\n|-damage|p2a: Talonflame|78\/100\n|move|p2a: Talonflame|Tailwind|p2a: Talonflame\n|-sidestart|p2: vox_fantasma|move: Tailwind\n|\n|upkeep\n|turn|2\n|inactive|Brunikolas has 30 seconds left.\n|inactive|vox_fantasma has 30 seconds left.\n|inactive|Brunikolas has 20 seconds left.\n|inactive|Brunikolas has 15 seconds left.\n|\n|t:|1699656905\n|-terastallize|p2b: Gyarados|Ground\n|move|p2a: Talonflame|Will-O-Wisp|p1a: Iron Hands\n|-status|p1a: Iron Hands|brn\n|move|p2b: Gyarados|Earthquake|p1a: Iron Hands|[spread] p1a,p1b\n|-immune|p2a: Talonflame\n|-supereffective|p1a: Iron Hands\n|-damage|p1a: Iron Hands|53\/100 brn\n|-damage|p1b: Farigiraf|71\/100\n|move|p1a: Iron Hands|Ice Punch|p2b: Gyarados\n|-supereffective|p2b: Gyarados\n|-damage|p2b: Gyarados|60\/100\n|move|p1b: Farigiraf|Trick Room|p1b: Farigiraf\n|-fieldstart|move: Trick Room|[of] p1b: Farigiraf\n|\n|-damage|p1a: Iron Hands|47\/100 brn|[from] brn\n|upkeep\n|turn|3\n|inactive|Brunikolas has 30 seconds left.\n|inactive|Brunikolas has 20 seconds left.\n|inactive|Brunikolas has 15 seconds left.\n|\n|t:|1699656946\n|move|p1a: Iron Hands|Wild Charge|p2a: Talonflame\n|-supereffective|p2a: Talonflame\n|-damage|p2a: Talonflame|0 fnt\n|faint|p2a: Talonflame\n|-damage|p1a: Iron Hands|35\/100 brn|[from] Recoil\n|move|p1b: Farigiraf|Tera Blast|p2b: Gyarados\n|-damage|p2b: Gyarados|27\/100\n|move|p2b: Gyarados|Earthquake|p1a: Iron Hands|[spread] p1a,p1b\n|-supereffective|p1a: Iron Hands\n|-crit|p1b: Farigiraf\n|-damage|p1a: Iron Hands|0 fnt\n|-damage|p1b: Farigiraf|30\/100\n|faint|p1a: Iron Hands\n|-end|p1a: Iron Hands|Quark Drive|[silent]\n|-ability|p2b: Gyarados|Moxie|boost\n|-boost|p2b: Gyarados|atk|1\n|\n|upkeep\n|inactive|vox_fantasma has 30 seconds left.\n|inactive|vox_fantasma has 20 seconds left.\n|\n|t:|1699656982\n|switch|p1a: Urshifu|Urshifu-Rapid-Strike, L50, M|100\/100\n|switch|p2a: Lurantis|Lurantis, L50, M|100\/100\n|turn|4\n|inactive|Brunikolas has 30 seconds left.\n|\n|t:|1699657012\n|switch|p2b: Gholdengo|Gholdengo, L50|100\/100\n|-item|p2b: Gholdengo|Air Balloon\n|-terastallize|p1a: Urshifu|Poison\n|move|p1b: Farigiraf|Ally Switch|p1b: Farigiraf\n|swap|p1b: Farigiraf|0|[from] move: Ally Switch\n|move|p2a: Lurantis|Superpower|p1b: Urshifu\n|-resisted|p1b: Urshifu\n|-damage|p1b: Urshifu|81\/100\n|-boost|p2a: Lurantis|atk|1\n|-boost|p2a: Lurantis|def|1\n|move|p1b: Urshifu|Surging Strikes|p2a: Lurantis\n|-resisted|p2a: Lurantis\n|-crit|p2a: Lurantis\n|-damage|p2a: Lurantis|88\/100\n|-resisted|p2a: Lurantis\n|-crit|p2a: Lurantis\n|-damage|p2a: Lurantis|73\/100\n|-resisted|p2a: Lurantis\n|-crit|p2a: Lurantis\n|-damage|p2a: Lurantis|59\/100\n|-hitcount|p2a: Lurantis|3\n|\n|-sideend|p2: vox_fantasma|move: Tailwind\n|upkeep\n|turn|5\n|inactive|Brunikolas has 30 seconds left.\n|inactive|vox_fantasma has 30 seconds left.\n|inactive|vox_fantasma has 20 seconds left.\n|\n|t:|1699657048\n|move|p2a: Lurantis|Leech Life|p1a: Farigiraf\n|-supereffective|p1a: Farigiraf\n|-crit|p1a: Farigiraf\n|-damage|p1a: Farigiraf|0 fnt\n|-heal|p2a: Lurantis|78\/100|[from] drain|[of] p1a: Farigiraf\n|faint|p1a: Farigiraf\n|move|p1b: Urshifu|Surging Strikes|p2b: Gholdengo\n|-crit|p2b: Gholdengo\n|-damage|p2b: Gholdengo|72\/100\n|-enditem|p2b: Gholdengo|Air Balloon\n|-crit|p2b: Gholdengo\n|-damage|p2b: Gholdengo|48\/100\n|-crit|p2b: Gholdengo\n|-damage|p2b: Gholdengo|22\/100\n|-hitcount|p2b: Gholdengo|3\n|move|p2b: Gholdengo|Make It Rain|p1b: Urshifu\n|-damage|p1b: Urshifu|0 fnt\n|-unboost|p2b: Gholdengo|spa|1\n|faint|p1b: Urshifu\n|\n|upkeep\n|\n|t:|1699657068\n|switch|p1b: Chien-Pao|Chien-Pao, L50|100\/100\n|-ability|p1b: Chien-Pao|Sword of Ruin\n|turn|6\n|\n|t:|1699657076\n|move|p1b: Chien-Pao|Protect|p1b: Chien-Pao\n|-singleturn|p1b: Chien-Pao|Protect\n|move|p2a: Lurantis|Superpower|p1b: Chien-Pao\n|-activate|p1b: Chien-Pao|move: Protect\n|move|p2b: Gholdengo|Make It Rain|p1b: Chien-Pao\n|-activate|p1b: Chien-Pao|move: Protect\n|\n|-fieldend|move: Trick Room\n|upkeep\n|turn|7\n|c|\u2606vox_fantasma|ggwp\n|\n|t:|1699657097\n|move|p1b: Chien-Pao|Crunch|p2b: Gholdengo\n|-supereffective|p2b: Gholdengo\n|-damage|p2b: Gholdengo|0 fnt\n|faint|p2b: Gholdengo\n|-damage|p1b: Chien-Pao|91\/100|[from] item: Life Orb\n|move|p2a: Lurantis|Superpower|p1b: Chien-Pao\n|-supereffective|p1b: Chien-Pao\n|-damage|p1b: Chien-Pao|0 fnt\n|-boost|p2a: Lurantis|atk|1\n|-boost|p2a: Lurantis|def|1\n|faint|p1b: Chien-Pao\n|\n|win|vox_fantasma\n|raw|Brunikolas's rating: 1117 &rarr; <strong>1096<\/strong><br \/>(-21 for losing)\n|raw|vox_fantasma's rating: 1175 &rarr; <strong>1196<\/strong><br \/>(+21 for winning)\n|c|\u2606Brunikolas|yes\n","uploadtime":1699657109,"views":20,"p1id":"brunikolas","p2id":"voxfantasma","formatid":"gen9vgc2023regulatione","rating":1096,"private":0,"password":""}