{"id":"gen9vgc2023regulatione-1995721223","p1":"VeeGey","p2":"fuffacco","format":"[Gen 9] VGC 2023 Regulation E","log":"|j|\u2606VeeGey\n|j|\u2606fuffacco\n|t:|1700596987\n|gametype|doubles\n|player|p1|VeeGey|crasherwake|1060\n|player|p2|fuffacco|roughneck|1164\n|teamsize|p1|6\n|teamsize|p2|6\n|gen|9\n|tier|[Gen 9] VGC 2023 Regulation E\n|rated|\n|rule|Species Clause: Limit one of each Pok\u00e9mon\n|rule|Item Clause: Limit one of each item\n|clearpoke\n|poke|p1|Meowscarada, L50, F|\n|poke|p1|Tauros-Paldea-Blaze, L50, M|\n|poke|p1|Corviknight, L50, F|\n|poke|p1|Stantler, L50, M|\n|poke|p1|Urshifu-*, L50, F|\n|poke|p1|Inteleon, L50, M|\n|poke|p2|Flutter Mane, L50|\n|poke|p2|Regieleki, L50|\n|poke|p2|Ogerpon-Wellspring, L50, F|\n|poke|p2|Chi-Yu, L50|\n|poke|p2|Tornadus, L50, M|\n|poke|p2|Indeedee-F, L50, F|\n|teampreview|4\n|inactive|Battle timer is ON: inactive players will automatically lose when time's up. (requested by VeeGey)\n|inactive|fuffacco has 60 seconds left.\n|\n|t:|1700597019\n|start\n|switch|p1a: Corviknight|Corviknight, L50, F|100\/100\n|switch|p1b: Stantler|Stantler, L50, M|100\/100\n|switch|p2a: Regieleki|Regieleki, L50, shiny|100\/100\n|switch|p2b: Flutter Mane|Flutter Mane, L50, shiny|100\/100\n|-ability|p1b: Stantler|Intimidate|boost\n|-unboost|p2a: Regieleki|atk|1\n|-unboost|p2b: Flutter Mane|atk|1\n|-ability|p1a: Corviknight|Pressure\n|turn|1\n|\n|t:|1700597035\n|-terastallize|p1a: Corviknight|Ground\n|move|p2a: Regieleki|Thunderbolt|p1b: Stantler\n|-damage|p1b: Stantler|57\/100\n|-status|p1b: Stantler|par\n|move|p2b: Flutter Mane|Moonblast|p1b: Stantler\n|-damage|p1b: Stantler|23\/100 par\n|-unboost|p1b: Stantler|spa|1\n|move|p1a: Corviknight|Iron Defense|p1a: Corviknight\n|-boost|p1a: Corviknight|def|2\n|move|p1b: Stantler|Thunder Wave|p2b: Flutter Mane\n|-status|p2b: Flutter Mane|par\n|\n|upkeep\n|turn|2\n|inactive|VeeGey has 30 seconds left.\n|inactive|VeeGey has 20 seconds left.\n|\n|t:|1700597070\n|-terastallize|p2a: Regieleki|Ice\n|move|p2a: Regieleki|Tera Blast|p1a: Corviknight|[anim] Tera Blast Ice\n|-supereffective|p1a: Corviknight\n|-damage|p1a: Corviknight|23\/100\n|cant|p2b: Flutter Mane|par\n|move|p1a: Corviknight|Body Press|p2a: Regieleki\n|-supereffective|p2a: Regieleki\n|-damage|p2a: Regieleki|0 fnt\n|faint|p2a: Regieleki\n|move|p1b: Stantler|Psyshield Bash|p2b: Flutter Mane\n|-damage|p2b: Flutter Mane|63\/100 par\n|-boost|p1b: Stantler|def|1\n|\n|-heal|p1a: Corviknight|29\/100|[from] item: Leftovers\n|upkeep\n|\n|t:|1700597082\n|switch|p2a: Tornadus|Tornadus, L50, M|100\/100\n|turn|3\n|\n|t:|1700597089\n|move|p2a: Tornadus|Sunny Day|p2a: Tornadus\n|-weather|SunnyDay\n|-activate|p2b: Flutter Mane|ability: Protosynthesis\n|-start|p2b: Flutter Mane|protosynthesisspe\n|move|p2b: Flutter Mane|Dazzling Gleam|p1a: Corviknight|[spread] p1a,p1b\n|-damage|p1a: Corviknight|0 fnt\n|-damage|p1b: Stantler|3\/100 par\n|faint|p1a: Corviknight\n|move|p1b: Stantler|Thunder Wave|p2a: Tornadus\n|-status|p2a: Tornadus|par\n|\n|-weather|SunnyDay|[upkeep]\n|upkeep\n|\n|t:|1700597104\n|switch|p1a: Urshifu|Urshifu, L50, F|100\/100\n|turn|4\n|\n|t:|1700597111\n|cant|p1b: Stantler|par\n|move|p1a: Urshifu|Sucker Punch|p2b: Flutter Mane\n|-damage|p2b: Flutter Mane|0 fnt\n|faint|p2b: Flutter Mane\n|-end|p2b: Flutter Mane|Protosynthesis|[silent]\n|cant|p2a: Tornadus|par\n|\n|-weather|SunnyDay|[upkeep]\n|upkeep\n|\n|t:|1700597120\n|switch|p2b: Chi-Yu|Chi-Yu, L50|100\/100\n|-ability|p2b: Chi-Yu|Beads of Ruin\n|turn|5\n|\n|t:|1700597129\n|move|p2a: Tornadus|Tailwind|p2a: Tornadus\n|-sidestart|p2: fuffacco|move: Tailwind\n|move|p2b: Chi-Yu|Heat Wave|p1a: Urshifu|[spread] p1a,p1b\n|-damage|p1a: Urshifu|26\/100\n|-damage|p1b: Stantler|0 fnt\n|faint|p1b: Stantler\n|-damage|p2b: Chi-Yu|91\/100|[from] item: Life Orb\n|move|p1a: Urshifu|Drain Punch|p2b: Chi-Yu\n|-supereffective|p2b: Chi-Yu\n|-damage|p2b: Chi-Yu|0 fnt\n|-heal|p1a: Urshifu|60\/100|[from] drain|[of] p2b: Chi-Yu\n|faint|p2b: Chi-Yu\n|\n|-weather|SunnyDay|[upkeep]\n|upkeep\n|\n|t:|1700597139\n|switch|p1b: Inteleon|Inteleon, L50, M|100\/100\n|turn|6\n|\n|t:|1700597146\n|move|p1a: Urshifu|Sucker Punch|p2a: Tornadus\n|-damage|p2a: Tornadus|56\/100 par\n|-damage|p1a: Urshifu|43\/100|[from] item: Rocky Helmet|[of] p2a: Tornadus\n|move|p1b: Inteleon|Ice Beam|p2a: Tornadus\n|-supereffective|p2a: Tornadus\n|-damage|p2a: Tornadus|0 fnt\n|faint|p2a: Tornadus\n|\n|win|VeeGey\n|raw|VeeGey's rating: 1060 &rarr; <strong>1100<\/strong><br \/>(+40 for winning)\n|raw|fuffacco's rating: 1164 &rarr; <strong>1132<\/strong><br \/>(-32 for losing)\n|l|\u2606fuffacco\n","uploadtime":1700597156,"views":0,"p1id":"veegey","p2id":"fuffacco","formatid":"gen9vgc2023regulatione","rating":1100,"private":0,"password":""}