{"id":"gen9vgc2023regulatione-1987950686","p1":"zanethrillseek","p2":"Lordry222","format":"[Gen 9] VGC 2023 Regulation E","log":"|j|\u2606zanethrillseek\n|j|\u2606Lordry222\n|t:|1699652350\n|gametype|doubles\n|player|p1|zanethrillseek|hilbert-wonderlauncher|1220\n|player|p2|Lordry222|steven|1202\n|teamsize|p1|6\n|teamsize|p2|6\n|gen|9\n|tier|[Gen 9] VGC 2023 Regulation E\n|rated|\n|rule|Species Clause: Limit one of each Pok\u00e9mon\n|rule|Item Clause: Limit one of each item\n|clearpoke\n|poke|p1|Tornadus, L50, M|\n|poke|p1|Chien-Pao, L50|\n|poke|p1|Rillaboom, L50, M|\n|poke|p1|Arcanine-Hisui, L50, F|\n|poke|p1|Flutter Mane, L50|\n|poke|p1|Urshifu-*, L50, M|\n|poke|p2|Moltres-Galar, L50|\n|poke|p2|Sinistcha-Masterpiece, L50|\n|poke|p2|Iron Hands, L50|\n|poke|p2|Ninetales-Alola, L50, F|\n|poke|p2|Landorus-Therian, L50, M|\n|poke|p2|Heatran, L50, M|\n|teampreview|4\n|\n|t:|1699652391\n|start\n|switch|p1a: Tornadus|Tornadus, L50, M|100\/100\n|switch|p1b: Urshifu|Urshifu-Rapid-Strike, L50, M|100\/100\n|switch|p2a: Landorus|Landorus-Therian, L50, M|100\/100\n|switch|p2b: Moltres|Moltres-Galar, L50|100\/100\n|-ability|p2a: Landorus|Intimidate|boost\n|-unboost|p1a: Tornadus|atk|1\n|-unboost|p1b: Urshifu|atk|1\n|turn|1\n|inactive|Battle timer is ON: inactive players will automatically lose when time's up. (requested by zanethrillseek)\n|\n|t:|1699652447\n|switch|p2b: Sinistcha|Sinistcha-Masterpiece, L50|100\/100\n|-terastallize|p1b: Urshifu|Water\n|move|p1a: Tornadus|Taunt|p2b: Sinistcha\n|-start|p2b: Sinistcha|move: Taunt\n|move|p2a: Landorus|U-turn|p1b: Urshifu\n|-damage|p1b: Urshifu|71\/100\n|\n|t:|1699652457\n|switch|p2a: Iron Hands|Iron Hands, L50, shiny|100\/100|[from] U-turn\n|move|p1b: Urshifu|Surging Strikes|p2a: Iron Hands\n|-crit|p2a: Iron Hands\n|-damage|p2a: Iron Hands|78\/100\n|-crit|p2a: Iron Hands\n|-damage|p2a: Iron Hands|55\/100\n|-crit|p2a: Iron Hands\n|-damage|p2a: Iron Hands|30\/100\n|-hitcount|p2a: Iron Hands|3\n|\n|-heal|p2a: Iron Hands|36\/100|[from] item: Leftovers\n|upkeep\n|turn|2\n|inactive|zanethrillseek has 30 seconds left.\n|inactive|Lordry222 has 30 seconds left.\n|inactive|Lordry222 has 20 seconds left.\n|inactive|Lordry222 has 15 seconds left.\n|\n|t:|1699652499\n|-end|p2a: Iron Hands|Quark Drive|[silent]\n|switch|p2a: Moltres|Moltres-Galar, L50|100\/100\n|-terastallize|p2b: Sinistcha|Water\n|move|p1a: Tornadus|Rain Dance|p1a: Tornadus\n|-weather|RainDance\n|move|p1b: Urshifu|Surging Strikes|p2b: Sinistcha\n|-resisted|p2b: Sinistcha\n|-crit|p2b: Sinistcha\n|-damage|p2b: Sinistcha|77\/100\n|-damage|p1b: Urshifu|54\/100|[from] item: Rocky Helmet|[of] p2b: Sinistcha\n|-resisted|p2b: Sinistcha\n|-crit|p2b: Sinistcha\n|-damage|p2b: Sinistcha|54\/100\n|-damage|p1b: Urshifu|38\/100|[from] item: Rocky Helmet|[of] p2b: Sinistcha\n|-resisted|p2b: Sinistcha\n|-crit|p2b: Sinistcha\n|-damage|p2b: Sinistcha|33\/100\n|-damage|p1b: Urshifu|22\/100|[from] item: Rocky Helmet|[of] p2b: Sinistcha\n|-hitcount|p2b: Sinistcha|3\n|move|p2b: Sinistcha|Matcha Gotcha|p1b: Urshifu|[spread] p1b\n|-miss|p2b: Sinistcha|p1a: Tornadus\n|-supereffective|p1b: Urshifu\n|-damage|p1b: Urshifu|0 fnt\n|-heal|p2b: Sinistcha|44\/100|[from] drain|[of] p1b: Urshifu\n|faint|p1b: Urshifu\n|\n|-weather|RainDance|[upkeep]\n|upkeep\n|\n|t:|1699652522\n|switch|p1b: Flutter Mane|Flutter Mane, L50|100\/100\n|-enditem|p1b: Flutter Mane|Booster Energy\n|-activate|p1b: Flutter Mane|ability: Protosynthesis|[fromitem]\n|-start|p1b: Flutter Mane|protosynthesisspa\n|turn|3\n|\n|t:|1699652542\n|move|p2a: Moltres|Protect|p2a: Moltres\n|-singleturn|p2a: Moltres|Protect\n|move|p1b: Flutter Mane|Dazzling Gleam|p2b: Sinistcha|[spread] p2b\n|-activate|p2a: Moltres|move: Protect\n|-damage|p2b: Sinistcha|3\/100\n|move|p1a: Tornadus|Bleakwind Storm|p2b: Sinistcha|[spread] p2b\n|-activate|p2a: Moltres|move: Protect\n|-damage|p2b: Sinistcha|0 fnt\n|faint|p2b: Sinistcha\n|\n|-weather|RainDance|[upkeep]\n|upkeep\n|\n|t:|1699652556\n|switch|p2b: Landorus|Landorus-Therian, L50, M|100\/100\n|-ability|p2b: Landorus|Intimidate|boost\n|-unboost|p1a: Tornadus|atk|1\n|-unboost|p1b: Flutter Mane|atk|1\n|turn|4\n|\n|t:|1699652580\n|switch|p1a: Arcanine|Arcanine-Hisui, L50, F|100\/100\n|-ability|p1a: Arcanine|Intimidate|boost\n|-unboost|p2a: Moltres|atk|1\n|-unboost|p2b: Landorus|atk|1\n|move|p2b: Landorus|Rock Slide|p1a: Arcanine|[spread] p1a,p1b\n|-supereffective|p1a: Arcanine\n|-damage|p1a: Arcanine|71\/100\n|-damage|p1b: Flutter Mane|74\/100\n|move|p1b: Flutter Mane|Moonblast|p2a: Moltres\n|-supereffective|p2a: Moltres\n|-damage|p2a: Moltres|0 fnt\n|faint|p2a: Moltres\n|\n|-weather|RainDance|[upkeep]\n|upkeep\n|\n|t:|1699652595\n|switch|p2a: Iron Hands|Iron Hands, L50, shiny|36\/100\n|turn|5\n|inactive|zanethrillseek has 30 seconds left.\n|\n|t:|1699652625\n|move|p2b: Landorus|Rock Slide|p1a: Arcanine|[spread] p1a,p1b\n|-supereffective|p1a: Arcanine\n|-damage|p1a: Arcanine|43\/100\n|-damage|p1b: Flutter Mane|48\/100\n|move|p1b: Flutter Mane|Dazzling Gleam|p2b: Landorus|[spread] p2a,p2b\n|-supereffective|p2a: Iron Hands\n|-damage|p2a: Iron Hands|0 fnt\n|-damage|p2b: Landorus|48\/100\n|faint|p2a: Iron Hands\n|-end|p2a: Iron Hands|Quark Drive|[silent]\n|cant|p1a: Arcanine|flinch\n|\n|-weather|RainDance|[upkeep]\n|upkeep\n|turn|6\n|inactive|zanethrillseek has 30 seconds left.\n|\n|t:|1699652651\n|move|p1a: Arcanine|Extreme Speed|p2b: Landorus\n|-damage|p2b: Landorus|0 fnt\n|faint|p2b: Landorus\n|\n|win|zanethrillseek\n|raw|zanethrillseek's rating: 1220 &rarr; <strong>1244<\/strong><br \/>(+24 for winning)\n|raw|Lordry222's rating: 1202 &rarr; <strong>1178<\/strong><br \/>(-24 for losing)\n|l|\u2606Lordry222\n","uploadtime":1699652667,"views":12,"p1id":"zanethrillseek","p2id":"lordry222","formatid":"gen9vgc2023regulatione","rating":1178,"private":0,"password":""}