{"id":"gen9vgc2023regulatione-1998752823","p1":"Jungle211","p2":"Dskee614","format":"[Gen 9] VGC 2023 Regulation E","log":"|j|\u2606Jungle211\n|j|\u2606Dskee614\n|t:|1700983595\n|gametype|doubles\n|player|p1|Jungle211|burglar|1261\n|player|p2|Dskee614|lance|1160\n|teamsize|p1|6\n|teamsize|p2|6\n|gen|9\n|tier|[Gen 9] VGC 2023 Regulation E\n|rated|\n|rule|Species Clause: Limit one of each Pok\u00e9mon\n|rule|Item Clause: Limit one of each item\n|clearpoke\n|poke|p1|Rillaboom, L50, M|\n|poke|p1|Moltres-Galar, L50|\n|poke|p1|Empoleon, L50, M|\n|poke|p1|Volcarona, L50, F|\n|poke|p1|Landorus-Therian, L50, M|\n|poke|p1|Regieleki, L50|\n|poke|p2|Lilligant-Hisui, L50, F|\n|poke|p2|Ursaluna-Bloodmoon, L50, M|\n|poke|p2|Dusclops, L50, M|\n|poke|p2|Indeedee-F, L50, F|\n|poke|p2|Torkoal, L50, F|\n|poke|p2|Armarouge, L50, M|\n|teampreview|4\n|inactive|Battle timer is ON: inactive players will automatically lose when time's up. (requested by Dskee614)\n|inactive|Jungle211 has 60 seconds left.\n|inactive|Jungle211 has 30 seconds left.\n|inactive|Jungle211 has 20 seconds left.\n|\n|t:|1700983666\n|start\n|switch|p1a: Regieleki|Regieleki, L50|100\/100\n|switch|p1b: Moltres|Moltres-Galar, L50|100\/100\n|switch|p2a: Lilligant|Lilligant-Hisui, L50, F, shiny|100\/100\n|switch|p2b: Indeedee|Indeedee-F, L50, F, shiny|100\/100\n|-fieldstart|move: Psychic Terrain|[from] ability: Psychic Surge|[of] p2b: Indeedee\n|turn|1\n|inactive|Dskee614 has 30 seconds left.\n|inactive|Dskee614 has 20 seconds left.\n|inactive|Dskee614 has 15 seconds left.\n|inactive|Dskee614 has 10 seconds left.\n|\n|t:|1700983712\n|switch|p2b: Torkoal|Torkoal, L50, F, shiny|100\/100\n|-weather|SunnyDay|[from] ability: Drought|[of] p2b: Torkoal\n|move|p2a: Lilligant|Sleep Powder|p1b: Moltres|[miss]\n|-miss|p2a: Lilligant|p1b: Moltres\n|move|p1a: Regieleki|Volt Switch|p2b: Torkoal\n|-damage|p2b: Torkoal|20\/100\n|\n|t:|1700983728\n|switch|p1a: Rillaboom|Rillaboom, L50, M|100\/100|[from] Volt Switch\n|-fieldstart|move: Grassy Terrain|[from] ability: Grassy Surge|[of] p1a: Rillaboom\n|move|p1b: Moltres|Fiery Wrath|p2b: Torkoal|[spread] p2a,p2b\n|-resisted|p2a: Lilligant\n|-damage|p2a: Lilligant|79\/100\n|-damage|p2b: Torkoal|0 fnt\n|faint|p2b: Torkoal\n|\n|-weather|SunnyDay|[upkeep]\n|-heal|p2a: Lilligant|85\/100|[from] Grassy Terrain\n|upkeep\n|\n|t:|1700983737\n|switch|p2b: Indeedee|Indeedee-F, L50, F, shiny|100\/100\n|-fieldstart|move: Psychic Terrain|[from] ability: Psychic Surge|[of] p2b: Indeedee\n|turn|2\n|\n|t:|1700983767\n|move|p2a: Lilligant|Close Combat|p1b: Moltres\n|-damage|p1b: Moltres|40\/100\n|-unboost|p2a: Lilligant|def|1\n|-unboost|p2a: Lilligant|spd|1\n|-ability|p1b: Moltres|Berserk|boost\n|-boost|p1b: Moltres|spa|1\n|-enditem|p1b: Moltres|Sitrus Berry|[eat]\n|-heal|p1b: Moltres|65\/100|[from] item: Sitrus Berry\n|move|p1b: Moltres|Fiery Wrath|p2b: Indeedee|[spread] p2a,p2b\n|-resisted|p2a: Lilligant\n|-supereffective|p2b: Indeedee\n|-damage|p2a: Lilligant|38\/100\n|-damage|p2b: Indeedee|29\/100\n|-enditem|p2b: Indeedee|Red Card|[of] p1b: Moltres\n|drag|p1b: Regieleki|Regieleki, L50|100\/100\n|move|p1a: Rillaboom|U-turn|p2a: Lilligant\n|-damage|p2a: Lilligant|0 fnt\n|faint|p2a: Lilligant\n|\n|t:|1700983785\n|switch|p1a: Moltres|Moltres-Galar, L50|65\/100|[from] U-turn\n|cant|p2b: Indeedee|flinch\n|\n|-weather|SunnyDay|[upkeep]\n|upkeep\n|\n|t:|1700983788\n|switch|p2a: Ursaluna|Ursaluna-Bloodmoon, L50, M|100\/100\n|turn|3\n|inactive|Dskee614 has 30 seconds left.\n|inactive|Dskee614 has 20 seconds left.\n|\n|t:|1700983828\n|-terastallize|p2a: Ursaluna|Dragon\n|move|p2b: Indeedee|Helping Hand|p2a: Ursaluna\n|-singleturn|p2a: Ursaluna|Helping Hand|[of] p2b: Indeedee\n|move|p1b: Regieleki|Volt Switch|p2b: Indeedee\n|-damage|p2b: Indeedee|0 fnt\n|faint|p2b: Indeedee\n|\n|t:|1700983841\n|switch|p1b: Rillaboom|Rillaboom, L50, M|100\/100|[from] Volt Switch\n|-fieldstart|move: Grassy Terrain|[from] ability: Grassy Surge|[of] p1b: Rillaboom\n|move|p1a: Moltres|Fiery Wrath|p2a: Ursaluna\n|-damage|p2a: Ursaluna|71\/100\n|move|p2a: Ursaluna|Hyper Voice|p1b: Rillaboom|[spread] p1a,p1b\n|-damage|p1a: Moltres|27\/100\n|-damage|p1b: Rillaboom|69\/100\n|-ability|p1a: Moltres|Berserk|boost\n|-boost|p1a: Moltres|spa|1\n|-enditem|p2a: Ursaluna|Throat Spray\n|-boost|p2a: Ursaluna|spa|1|[from] item: Throat Spray\n|\n|-weather|SunnyDay|[upkeep]\n|-heal|p1b: Rillaboom|75\/100|[from] Grassy Terrain\n|-heal|p2a: Ursaluna|77\/100|[from] Grassy Terrain\n|upkeep\n|turn|4\n|inactive|Jungle211 has 30 seconds left.\n|inactive|Jungle211 has 20 seconds left.\n|\n|t:|1700983878\n|move|p2a: Ursaluna|Protect|p2a: Ursaluna\n|-singleturn|p2a: Ursaluna|Protect\n|move|p1b: Rillaboom|Fake Out|p2a: Ursaluna\n|-activate|p2a: Ursaluna|move: Protect\n|move|p1a: Moltres|Fiery Wrath|p2a: Ursaluna\n|-activate|p2a: Ursaluna|move: Protect\n|\n|-weather|SunnyDay|[upkeep]\n|-heal|p1b: Rillaboom|81\/100|[from] Grassy Terrain\n|-heal|p2a: Ursaluna|83\/100|[from] Grassy Terrain\n|upkeep\n|turn|5\n|\n|t:|1700983888\n|move|p1a: Moltres|Fiery Wrath|p2a: Ursaluna\n|-damage|p2a: Ursaluna|41\/100\n|move|p1b: Rillaboom|Wood Hammer|p2a: Ursaluna\n|-resisted|p2a: Ursaluna\n|-damage|p2a: Ursaluna|13\/100\n|-damage|p1b: Rillaboom|70\/100|[from] Recoil\n|move|p2a: Ursaluna|Hyper Voice|p1b: Rillaboom|[spread] p1a,p1b\n|-damage|p1a: Moltres|0 fnt\n|-damage|p1b: Rillaboom|37\/100\n|faint|p1a: Moltres\n|\n|-weather|none\n|-heal|p1b: Rillaboom|43\/100|[from] Grassy Terrain\n|-heal|p2a: Ursaluna|19\/100|[from] Grassy Terrain\n|upkeep\n|\n|t:|1700983896\n|switch|p1a: Regieleki|Regieleki, L50|100\/100\n|turn|6\n|\n|t:|1700983904\n|-terastallize|p1a: Regieleki|Ice\n|move|p2a: Ursaluna|Protect|p2a: Ursaluna\n|-singleturn|p2a: Ursaluna|Protect\n|move|p1b: Rillaboom|Grassy Glide|p2a: Ursaluna\n|-activate|p2a: Ursaluna|move: Protect\n|move|p1a: Regieleki|Tera Blast|p2a: Ursaluna|[anim] Tera Blast Ice\n|-activate|p2a: Ursaluna|move: Protect\n|\n|-heal|p1b: Rillaboom|49\/100|[from] Grassy Terrain\n|-heal|p2a: Ursaluna|25\/100|[from] Grassy Terrain\n|upkeep\n|turn|7\n|\n|t:|1700983919\n|move|p1b: Rillaboom|Grassy Glide|p2a: Ursaluna\n|-resisted|p2a: Ursaluna\n|-damage|p2a: Ursaluna|11\/100\n|move|p1a: Regieleki|Tera Blast|p2a: Ursaluna|[anim] Tera Blast Ice\n|-supereffective|p2a: Ursaluna\n|-damage|p2a: Ursaluna|0 fnt\n|faint|p2a: Ursaluna\n|\n|win|Jungle211\n|raw|Jungle211's rating: 1261 &rarr; <strong>1279<\/strong><br \/>(+18 for winning)\n|raw|Dskee614's rating: 1160 &rarr; <strong>1142<\/strong><br \/>(-18 for losing)\n|l|\u2606Dskee614\n","uploadtime":1700983930,"views":19,"p1id":"jungle211","p2id":"dskee614","formatid":"gen9vgc2023regulatione","rating":1142,"private":0,"password":""}