{"id":"gen9vgc2023regulatione-1991727450","p1":"Denon1200","p2":"ShadowTriad Lazer","format":"[Gen 9] VGC 2023 Regulation E","log":"|j|\u2606Denon1200\n|j|\u2606ShadowTriad Lazer\n|t:|1700107657\n|gametype|doubles\n|player|p1|Denon1200|skier|1253\n|player|p2|ShadowTriad Lazer|shadowtriad|1153\n|teamsize|p1|6\n|teamsize|p2|6\n|gen|9\n|tier|[Gen 9] VGC 2023 Regulation E\n|rated|\n|rule|Species Clause: Limit one of each Pok\u00e9mon\n|rule|Item Clause: Limit one of each item\n|clearpoke\n|poke|p1|Tornadus, L50, M|\n|poke|p1|Great Tusk, L50|\n|poke|p1|Heatran, L50, M|\n|poke|p1|Garganacl, L50, F|\n|poke|p1|Amoonguss, L50, F|\n|poke|p1|Iron Hands, L50|\n|poke|p2|Sneasler, L50, F|\n|poke|p2|Weavile, L50, M|\n|poke|p2|Sneasel, L50, M|\n|poke|p2|Espeon, L50, F|\n|poke|p2|Chandelure, L50, F|\n|poke|p2|Milotic, L50, F|\n|teampreview|4\n|\n|t:|1700107705\n|start\n|switch|p1a: Tornadus|Tornadus, L50, M|100\/100\n|switch|p1b: Garganacl|Garganacl, L50, F|100\/100\n|switch|p2a: Chandelure|Chandelure, L50, F|100\/100\n|switch|p2b: Sneasel|Sneasel, L50, M|100\/100\n|turn|1\n|\n|t:|1700107725\n|switch|p2a: Milotic|Milotic, L50, F|100\/100\n|-terastallize|p2b: Sneasel|Ice\n|move|p2b: Sneasel|Ice Shard|p1a: Tornadus\n|-supereffective|p1a: Tornadus\n|-damage|p1a: Tornadus|42\/100\n|move|p1a: Tornadus|Bleakwind Storm|p2a: Milotic|[spread] p2a,p2b\n|-damage|p2a: Milotic|80\/100\n|-damage|p2b: Sneasel|42\/100\n|move|p1b: Garganacl|Salt Cure|p2b: Sneasel\n|-supereffective|p2b: Sneasel\n|-damage|p2b: Sneasel|0 fnt\n|faint|p2b: Sneasel\n|\n|upkeep\n|\n|t:|1700107748\n|switch|p2b: Chandelure|Chandelure, L50, F|100\/100\n|turn|2\n|\n|t:|1700107764\n|move|p1a: Tornadus|Sunny Day|p1a: Tornadus\n|-weather|SunnyDay\n|move|p2b: Chandelure|Trick|p1b: Garganacl\n|-activate|p2b: Chandelure|move: Trick|[of] p1b: Garganacl\n|-item|p1b: Garganacl|Choice Scarf|[from] move: Trick\n|-item|p2b: Chandelure|Leftovers|[from] move: Trick\n|move|p2a: Milotic|Icy Wind|p1b: Garganacl|[spread] p1a,p1b\n|-supereffective|p1a: Tornadus\n|-damage|p1a: Tornadus|19\/100\n|-damage|p1b: Garganacl|93\/100\n|-unboost|p1b: Garganacl|spe|1\n|move|p1b: Garganacl|Salt Cure|p2b: Chandelure\n|-supereffective|p2b: Chandelure\n|-damage|p2b: Chandelure|59\/100\n|-start|p2b: Chandelure|Salt Cure\n|\n|-weather|SunnyDay|[upkeep]\n|-heal|p2b: Chandelure|65\/100|[from] item: Leftovers\n|-damage|p2b: Chandelure|53\/100|[from] Salt Cure\n|upkeep\n|turn|3\n|\n|t:|1700107783\n|switch|p2b: Espeon|Espeon, L50, F|100\/100\n|move|p1a: Tornadus|Tailwind|p1a: Tornadus\n|-sidestart|p1: Denon1200|move: Tailwind\n|move|p1b: Garganacl|Salt Cure|p2a: Milotic\n|-damage|p2a: Milotic|68\/100\n|-start|p2a: Milotic|Salt Cure\n|-enditem|p2a: Milotic|Kee Berry|[eat]\n|-boost|p2a: Milotic|def|1|[from] item: Kee Berry\n|move|p2a: Milotic|Icy Wind|p1b: Garganacl|[spread] p1a,p1b\n|-supereffective|p1a: Tornadus\n|-damage|p1a: Tornadus|0 fnt\n|-damage|p1b: Garganacl|86\/100\n|-unboost|p1b: Garganacl|spe|1\n|faint|p1a: Tornadus\n|\n|-weather|SunnyDay|[upkeep]\n|-damage|p2a: Milotic|43\/100|[from] Salt Cure\n|upkeep\n|\n|t:|1700107795\n|switch|p1a: Iron Hands|Iron Hands, L50, shiny|100\/100\n|turn|4\n|\n|t:|1700107809\n|move|p2b: Espeon|Protect|p2b: Espeon\n|-singleturn|p2b: Espeon|Protect\n|move|p1a: Iron Hands|Fake Out|p2b: Espeon\n|-activate|p2b: Espeon|move: Protect\n|move|p2a: Milotic|Chilling Water|p1a: Iron Hands\n|-damage|p1a: Iron Hands|96\/100\n|-unboost|p1a: Iron Hands|atk|1\n|move|p1b: Garganacl|Salt Cure|p2b: Espeon\n|-activate|p2b: Espeon|move: Protect\n|\n|-weather|SunnyDay|[upkeep]\n|-damage|p2a: Milotic|18\/100|[from] Salt Cure\n|upkeep\n|turn|5\n|\n|t:|1700107833\n|-terastallize|p1a: Iron Hands|Grass\n|move|p2b: Espeon|Psychic|p1a: Iron Hands\n|-damage|p1a: Iron Hands|68\/100\n|move|p2a: Milotic|Recover|p2a: Milotic\n|-heal|p2a: Milotic|68\/100\n|move|p1a: Iron Hands|Wild Charge|p2b: Espeon\n|-damage|p2b: Espeon|38\/100\n|-damage|p1a: Iron Hands|60\/100|[from] Recoil\n|move|p1b: Garganacl|Salt Cure|p2a: Milotic\n|-damage|p2a: Milotic|60\/100\n|\n|-weather|SunnyDay|[upkeep]\n|-damage|p2a: Milotic|36\/100|[from] Salt Cure\n|upkeep\n|turn|6\n|\n|t:|1700107851\n|switch|p2a: Chandelure|Chandelure, L50, F|53\/100\n|move|p2b: Espeon|Protect|p2b: Espeon\n|-singleturn|p2b: Espeon|Protect\n|move|p1a: Iron Hands|Wild Charge|p2a: Chandelure\n|-damage|p2a: Chandelure|1\/100\n|-damage|p1a: Iron Hands|53\/100|[from] Recoil\n|move|p1b: Garganacl|Salt Cure|p2b: Espeon\n|-activate|p2b: Espeon|move: Protect\n|\n|-weather|none\n|-heal|p2a: Chandelure|7\/100|[from] item: Leftovers\n|-sideend|p1: Denon1200|move: Tailwind\n|upkeep\n|turn|7\n|\n|t:|1700107880\n|move|p2b: Espeon|Psychic|p1b: Garganacl\n|-damage|p1b: Garganacl|49\/100\n|move|p2a: Chandelure|Overheat|p1a: Iron Hands\n|-supereffective|p1a: Iron Hands\n|-damage|p1a: Iron Hands|0 fnt\n|-unboost|p2a: Chandelure|spa|2\n|faint|p1a: Iron Hands\n|-end|p1a: Iron Hands|Quark Drive|[silent]\n|move|p1b: Garganacl|Salt Cure|p2a: Chandelure\n|-supereffective|p2a: Chandelure\n|-damage|p2a: Chandelure|0 fnt\n|faint|p2a: Chandelure\n|\n|upkeep\n|\n|t:|1700107893\n|switch|p2a: Milotic|Milotic, L50, F|36\/100\n|switch|p1a: Great Tusk|Great Tusk, L50, shiny|100\/100\n|turn|8\n|\n|t:|1700107912\n|move|p2b: Espeon|Psychic|p1a: Great Tusk\n|-supereffective|p1a: Great Tusk\n|-damage|p1a: Great Tusk|0 fnt\n|faint|p1a: Great Tusk\n|-end|p1a: Great Tusk|Protosynthesis|[silent]\n|move|p2a: Milotic|Icy Wind|p1b: Garganacl\n|-damage|p1b: Garganacl|39\/100\n|-unboost|p1b: Garganacl|spe|1\n|move|p1b: Garganacl|Salt Cure|p2b: Espeon\n|-damage|p2b: Espeon|10\/100\n|-start|p2b: Espeon|Salt Cure\n|\n|-damage|p2b: Espeon|0 fnt|[from] Salt Cure\n|faint|p2b: Espeon\n|upkeep\n|turn|9\n|\n|t:|1700107930\n|move|p2a: Milotic|Chilling Water|p1b: Garganacl\n|-supereffective|p1b: Garganacl\n|-damage|p1b: Garganacl|10\/100\n|-unboost|p1b: Garganacl|atk|1\n|move|p1b: Garganacl|Salt Cure|p2a: Milotic\n|-damage|p2a: Milotic|28\/100\n|-start|p2a: Milotic|Salt Cure\n|\n|-damage|p2a: Milotic|3\/100|[from] Salt Cure\n|upkeep\n|turn|10\n|\n|t:|1700107939\n|move|p2a: Milotic|Chilling Water|p1b: Garganacl\n|-supereffective|p1b: Garganacl\n|-damage|p1b: Garganacl|0 fnt\n|faint|p1b: Garganacl\n|\n|win|ShadowTriad Lazer\n|raw|Denon1200's rating: 1253 &rarr; <strong>1221<\/strong><br \/>(-32 for losing)\n|raw|ShadowTriad Lazer's rating: 1153 &rarr; <strong>1185<\/strong><br \/>(+32 for winning)\n|l|\u2606Denon1200\n|c|\u2606ShadowTriad Lazer|GG\n","uploadtime":1700107986,"views":18,"p1id":"denon1200","p2id":"shadowtriadlazer","formatid":"gen9vgc2023regulatione","rating":1185,"private":0,"password":""}