{"id":"gen9vgc2023regulatione-1994156186","p1":"Fireboule","p2":"kerzz49","format":"[Gen 9] VGC 2023 Regulation E","log":"|j|\u2606Fireboule\n|j|\u2606kerzz49\n|n|\u2606Fireboule|fireboule\n|n|\u2606kerzz49|kerzz49\n|html|View the match progress at <a href=\"\/game-bestof3-gen9vgc2023regulatione-1994146565\">game-bestof3-gen9vgc2023regulatione-1994146565<\/a>\n|t:|1700413394\n|gametype|doubles\n|player|p1|Fireboule|rocketgruntf|\n|player|p2|kerzz49|cilan|\n|teamsize|p1|6\n|teamsize|p2|6\n|gen|9\n|tier|[Gen 9] VGC 2023 Regulation E\n|rule|Species Clause: Limit one of each Pok\u00e9mon\n|rule|Item Clause: Limit one of each item\n|clearpoke\n|poke|p1|Urshifu-*, L50, M|\n|poke|p1|Tornadus, L50, M|\n|poke|p1|Regidrago, L50|\n|poke|p1|Rillaboom, L50, F|\n|poke|p1|Arcanine-Hisui, L50, M|\n|poke|p1|Gholdengo, L50|\n|poke|p2|Goodra-Hisui, L50, F|\n|poke|p2|Grimmsnarl, L50, M|\n|poke|p2|Flutter Mane, L50|\n|poke|p2|Ogerpon-Wellspring, L50, F|\n|poke|p2|Arcanine-Hisui, L50, F|\n|poke|p2|Chien-Pao, L50|\n|teampreview|4\nkerzz49 has agreed to open team sheets.\nFireboule has agreed to open team sheets.\n|showteam|p1|Urshifu-Rapid-Strike||ChoiceScarf|UnseenFist|SurgingStrikes,CloseCombat,AquaJet,Uturn|||M|||50|,,,,,Poison]Tornadus||RockyHelmet|Prankster|BleakwindStorm,RainDance,Tailwind,Protect|||M|||50|,,,,,Ghost]Regidrago||DragonFang|DragonsMaw|DragonEnergy,DracoMeteor,EarthPower,Protect||||||50|,,,,,Steel]Rillaboom||AssaultVest|GrassySurge|FakeOut,WoodHammer,HighHorsepower,GrassyGlide|||F|||50|,,,,,Grass]Arcanine-Hisui||SitrusBerry|Intimidate|FlareBlitz,ExtremeSpeed,RockSlide,WillOWisp|||M|||50|,,,,,Water]Gholdengo||MetalCoat|GoodasGold|MakeItRain,ShadowBall,NastyPlot,Protect||||||50|,,,,,Dragon\n|showteam|p2|Goodra-Hisui||Leftovers|ShellArmor|HeavySlam,BodyPress,Shelter,Protect|||F|||50|,,,,,Fairy]Grimmsnarl||LightClay|Prankster|Reflect,LightScreen,PartingShot,SpiritBreak|||M|||50|,,,,,Poison]Flutter Mane||ChoiceSpecs|Protosynthesis|Moonblast,ShadowBall,DazzlingGleam,Thunderbolt||||||50|,,,,,Fairy]Ogerpon-Wellspring||WellspringMask|WaterAbsorb|IvyCudgel,HornLeech,FollowMe,SpikyShield|||F|||50|,,,,,Water]Arcanine-Hisui||SitrusBerry|Intimidate|FlareBlitz,RockSlide,WillOWisp,Protect|||F|||50|,,,,,Grass]Chien-Pao||FocusSash|SwordofRuin|IcicleCrash,SuckerPunch,SacredSword,Protect||||||50|,,,,,Ghost\n|\n|t:|1700413445\n|start\n|switch|p1a: Hotlinebling|Gholdengo, L50|100\/100\n|switch|p1b: Over|Rillaboom, L50, F|100\/100\n|switch|p2a: Grimmsnarl|Grimmsnarl, L50, M|100\/100\n|switch|p2b: Ogerpon|Ogerpon-Wellspring, L50, F|100\/100\n|-fieldstart|move: Grassy Terrain|[from] ability: Grassy Surge|[of] p1b: Over\n|turn|1\n|\n|t:|1700413481\n|move|p2b: Ogerpon|Ivy Cudgel|p1a: Hotlinebling|[anim] Ivy Cudgel Water\n|-crit|p1a: Hotlinebling\n|-damage|p1a: Hotlinebling|14\/100\n|move|p1a: Hotlinebling|Make It Rain|p2b: Ogerpon|[spread] p2a,p2b\n|-supereffective|p2a: Grimmsnarl\n|-resisted|p2b: Ogerpon\n|-damage|p2a: Grimmsnarl|0 fnt\n|-damage|p2b: Ogerpon|72\/100\n|-unboost|p1a: Hotlinebling|spa|1\n|faint|p2a: Grimmsnarl\n|move|p1b: Over|High Horsepower|p2b: Ogerpon\n|-resisted|p2b: Ogerpon\n|-damage|p2b: Ogerpon|55\/100\n|\n|-heal|p2b: Ogerpon|61\/100|[from] Grassy Terrain\n|-heal|p1a: Hotlinebling|20\/100|[from] Grassy Terrain\n|upkeep\n|\n|t:|1700413505\n|switch|p2a: Goodra|Goodra-Hisui, L50, F, shiny|100\/100\n|turn|2\n|\n|t:|1700413532\n|move|p1a: Hotlinebling|Protect|p1a: Hotlinebling\n|-singleturn|p1a: Hotlinebling|Protect\n|move|p2b: Ogerpon|Follow Me|p2b: Ogerpon\n|-singleturn|p2b: Ogerpon|move: Follow Me\n|move|p1b: Over|High Horsepower|p2b: Ogerpon\n|-resisted|p2b: Ogerpon\n|-damage|p2b: Ogerpon|43\/100\n|move|p2a: Goodra|Shelter|p2a: Goodra\n|-boost|p2a: Goodra|def|2\n|\n|-heal|p2b: Ogerpon|49\/100|[from] Grassy Terrain\n|-heal|p1a: Hotlinebling|26\/100|[from] Grassy Terrain\n|upkeep\n|turn|3\n|\n|t:|1700413564\n|switch|p1a: God's Plan|Tornadus, L50, M|100\/100\n|move|p2b: Ogerpon|Horn Leech|p1a: God's Plan\n|-resisted|p1a: God's Plan\n|-damage|p1a: God's Plan|78\/100\n|-heal|p2b: Ogerpon|60\/100|[from] drain|[of] p1a: God's Plan\n|-damage|p2b: Ogerpon|43\/100|[from] item: Rocky Helmet|[of] p1a: God's Plan\n|move|p1b: Over|Wood Hammer|p2b: Ogerpon\n|-damage|p2b: Ogerpon|0 fnt\n|faint|p2b: Ogerpon\n|-damage|p1b: Over|88\/100|[from] Recoil\n|move|p2a: Goodra|Body Press|p1b: Over\n|-damage|p1b: Over|37\/100\n|\n|-heal|p1b: Over|43\/100|[from] Grassy Terrain\n|upkeep\n|\n|t:|1700413574\n|switch|p2b: Arcanine|Arcanine-Hisui, L50, F|100\/100\n|-ability|p2b: Arcanine|Intimidate|boost\n|-unboost|p1a: God's Plan|atk|1\n|-unboost|p1b: Over|atk|1\n|turn|4\n|\n|t:|1700413664\n|move|p2b: Arcanine|Protect|p2b: Arcanine\n|-singleturn|p2b: Arcanine|Protect\n|move|p1a: God's Plan|Tailwind|p1a: God's Plan\n|-sidestart|p1: Fireboule|move: Tailwind\n|move|p1b: Over|High Horsepower|p2b: Arcanine\n|-activate|p2b: Arcanine|move: Protect\n|move|p2a: Goodra|Body Press|p1b: Over\n|-crit|p1b: Over\n|-damage|p1b: Over|0 fnt\n|faint|p1b: Over\n|\n|upkeep\n|\n|t:|1700413675\n|switch|p1b: SICKO MODE|Regidrago, L50|100\/100\n|turn|5\n|\n|t:|1700413734\n|-terastallize|p2b: Arcanine|Grass\n|move|p2a: Goodra|Protect|p2a: Goodra\n|-singleturn|p2a: Goodra|Protect\n|move|p1a: God's Plan|Bleakwind Storm|p2b: Arcanine|[spread] \n|-activate|p2a: Goodra|move: Protect\n|-miss|p1a: God's Plan|p2b: Arcanine\n|move|p1b: SICKO MODE|Dragon Energy|p2b: Arcanine|[spread] p2b\n|-activate|p2a: Goodra|move: Protect\n|-damage|p2b: Arcanine|0 fnt\n|faint|p2b: Arcanine\n|\n|-fieldend|move: Grassy Terrain\n|upkeep\n|turn|6\n|\n|t:|1700413751\n|move|p1a: God's Plan|Bleakwind Storm|p2a: Goodra\n|-resisted|p2a: Goodra\n|-damage|p2a: Goodra|87\/100\n|move|p1b: SICKO MODE|Dragon Energy|p2a: Goodra\n|-damage|p2a: Goodra|2\/100\n|move|p2a: Goodra|Body Press|p1b: SICKO MODE\n|-damage|p1b: SICKO MODE|45\/100\n|\n|-heal|p2a: Goodra|8\/100|[from] item: Leftovers\n|upkeep\n|turn|7\n|\n|t:|1700413762\n|move|p1a: God's Plan|Bleakwind Storm|p2a: Goodra\n|-resisted|p2a: Goodra\n|-damage|p2a: Goodra|0 fnt\n|faint|p2a: Goodra\n|\n|win|Fireboule\n|c|\u2606kerzz49|gg\n|c|\u2606Fireboule|gg\n|c|\u2606kerzz49|ou veux refaire un autre ?\n|c|\u2606Fireboule|jolie bo\n|c|\u2606Fireboule|non je vais dormir mais si d'autre jour t'es chaud tu me dis\n|c|\u2606kerzz49|oui haha\n|c|\u2606kerzz49|okok ! sympa ou rejoue aussi regidraco\n|c|\u2606kerzz49|bouldemamout\n|c|\u2606kerzz49|nar met \u00e7a alors !!\n|c|\u2606Fireboule|je vais changer de team semaine pro je pense\n|c|\u2606kerzz49|ouais je vois\n|c|\u2606Fireboule|aller narmet\n|c|\u2606kerzz49|bonne nuit !!\n|l|\u2606kerzz49\n","uploadtime":1700414176,"views":10,"p1id":"fireboule","p2id":"kerzz49","formatid":"gen9vgc2023regulatione","rating":0,"private":0,"password":""}