{"id":"gen9vgc2023regulatione-1989754065","p1":"MtDrumr","p2":"DeAndreRicketts","format":"[Gen 9] VGC 2023 Regulation E","log":"|j|\u2606MtDrumr\n|j|\u203dDeAndreRicketts\n|t:|1699892885\n|gametype|doubles\n|player|p1|MtDrumr|169|1363\n|player|p2|DeAndreRicketts|2|1352\n|teamsize|p1|6\n|teamsize|p2|6\n|gen|9\n|tier|[Gen 9] VGC 2023 Regulation E\n|rated|\n|rule|Species Clause: Limit one of each Pok\u00e9mon\n|rule|Item Clause: Limit one of each item\n|clearpoke\n|poke|p1|Torkoal, L50, M|\n|poke|p1|Scream Tail, L50|\n|poke|p1|Annihilape, L50, M|\n|poke|p1|Iron Hands, L50|\n|poke|p1|Ursaluna, L50, M|\n|poke|p1|Ogerpon-Wellspring, L50, F|\n|poke|p2|Armarouge, L50, F|\n|poke|p2|Torkoal, L50, M|\n|poke|p2|Indeedee-F, L50, F|\n|poke|p2|Ursaluna, L50, F|\n|poke|p2|Lilligant-Hisui, L50, F|\n|poke|p2|Garganacl, L50, M|\n|teampreview|4\n|\n|t:|1699892929\n|start\n|switch|p1a: Ogerpon|Ogerpon-Wellspring, L50, F|100\/100\n|switch|p1b: Annihilape|Annihilape, L50, M|100\/100\n|switch|p2a: Indeedee|Indeedee-F, L50, F|100\/100\n|switch|p2b: Armarouge|Armarouge, L50, F|100\/100\n|-fieldstart|move: Psychic Terrain|[from] ability: Psychic Surge|[of] p2a: Indeedee\n|-enditem|p2a: Indeedee|Psychic Seed\n|-boost|p2a: Indeedee|spd|1|[from] item: Psychic Seed\n|turn|1\n|\n|t:|1699892947\n|switch|p2a: Torkoal|Torkoal, L50, M|100\/100\n|-weather|SunnyDay|[from] ability: Drought|[of] p2a: Torkoal\n|-terastallize|p1a: Ogerpon|Water\n|detailschange|p1a: Ogerpon|Ogerpon-Wellspring-Tera, L50, F, tera:Water\n|-ability|p1a: Ogerpon|Embody Aspect (Wellspring)|boost\n|-boost|p1a: Ogerpon|spd|1\n|-terastallize|p2b: Armarouge|Grass\n|move|p1b: Annihilape|Final Gambit|p2b: Armarouge\n|-damage|p2b: Armarouge|0 fnt\n|faint|p1b: Annihilape\n|faint|p2b: Armarouge\n|move|p1a: Ogerpon|Ivy Cudgel|p2a: Torkoal\n|-supereffective|p2a: Torkoal\n|-damage|p2a: Torkoal|46\/100\n|\n|-weather|SunnyDay|[upkeep]\n|upkeep\n|\n|t:|1699892969\n|switch|p1b: Iron Hands|Iron Hands, L50|100\/100\n|switch|p2b: Lilligant|Lilligant-Hisui, L50, F|100\/100\n|turn|2\n|\n|t:|1699892995\n|move|p2b: Lilligant|Sleep Powder|p1a: Ogerpon\n|-status|p1a: Ogerpon|slp|[from] move: Sleep Powder\n|cant|p1a: Ogerpon|slp\n|move|p1b: Iron Hands|Ice Punch|p2b: Lilligant\n|-supereffective|p2b: Lilligant\n|-damage|p2b: Lilligant|19\/100\n|move|p2a: Torkoal|Eruption|p1b: Iron Hands|[spread] p1a,p1b\n|-resisted|p1a: Ogerpon\n|-damage|p1a: Ogerpon|88\/100 slp\n|-damage|p1b: Iron Hands|76\/100\n|\n|-weather|SunnyDay|[upkeep]\n|upkeep\n|turn|3\n|\n|t:|1699893018\n|move|p2b: Lilligant|Sleep Powder|p1b: Iron Hands\n|-status|p1b: Iron Hands|slp|[from] move: Sleep Powder\n|cant|p1a: Ogerpon|slp\n|cant|p1b: Iron Hands|slp\n|move|p2a: Torkoal|Earth Power|p1b: Iron Hands\n|-supereffective|p1b: Iron Hands\n|-damage|p1b: Iron Hands|45\/100 slp\n|\n|-weather|SunnyDay|[upkeep]\n|upkeep\n|turn|4\n|\n|t:|1699893052\n|move|p2b: Lilligant|Close Combat|p1a: Ogerpon\n|-damage|p1a: Ogerpon|48\/100 slp\n|-unboost|p2b: Lilligant|def|1\n|-unboost|p2b: Lilligant|spd|1\n|cant|p1a: Ogerpon|slp\n|cant|p1b: Iron Hands|slp\n|move|p2a: Torkoal|Eruption|p1b: Iron Hands|[spread] p1a,p1b\n|-resisted|p1a: Ogerpon\n|-damage|p1a: Ogerpon|36\/100 slp\n|-damage|p1b: Iron Hands|21\/100 slp\n|\n|-weather|SunnyDay|[upkeep]\n|upkeep\n|turn|5\n|\n|t:|1699893080\n|move|p2b: Lilligant|Close Combat|p1a: Ogerpon\n|-damage|p1a: Ogerpon|0 fnt\n|-unboost|p2b: Lilligant|def|1\n|-unboost|p2b: Lilligant|spd|1\n|faint|p1a: Ogerpon\n|cant|p1b: Iron Hands|slp\n|move|p2a: Torkoal|Eruption|p1b: Iron Hands\n|-crit|p1b: Iron Hands\n|-damage|p1b: Iron Hands|0 fnt\n|faint|p1b: Iron Hands\n|-end|p1b: Iron Hands|Quark Drive|[silent]\n|\n|-weather|none\n|-fieldend|move: Psychic Terrain\n|upkeep\n|c|\u2606MtDrumr|Bruh\n|\n|t:|1699893097\n|switch|p1b: Ursaluna|Ursaluna, L50, M|100\/100\n|turn|6\n|\n|t:|1699893108\n|move|p1b: Ursaluna|Protect|p1b: Ursaluna\n|-singleturn|p1b: Ursaluna|Protect\n|move|p2b: Lilligant|Sleep Powder|p1b: Ursaluna\n|-activate|p1b: Ursaluna|move: Protect\n|move|p2a: Torkoal|Eruption|p1b: Ursaluna\n|-activate|p1b: Ursaluna|move: Protect\n|\n|-status|p1b: Ursaluna|brn|[from] item: Flame Orb\n|upkeep\n|turn|7\n|\n|t:|1699893129\n|move|p2b: Lilligant|Close Combat|p1b: Ursaluna\n|-supereffective|p1b: Ursaluna\n|-damage|p1b: Ursaluna|39\/100 brn\n|-unboost|p2b: Lilligant|def|1\n|-unboost|p2b: Lilligant|spd|1\n|move|p1b: Ursaluna|Facade|p2b: Lilligant\n|-crit|p2b: Lilligant\n|-damage|p2b: Lilligant|0 fnt\n|faint|p2b: Lilligant\n|move|p2a: Torkoal|Eruption|p1b: Ursaluna\n|-damage|p1b: Ursaluna|7\/100 brn\n|\n|-damage|p1b: Ursaluna|1\/100 brn|[from] brn\n|upkeep\n|\n|t:|1699893142\n|switch|p2b: Indeedee|Indeedee-F, L50, F|100\/100\n|-fieldstart|move: Psychic Terrain|[from] ability: Psychic Surge|[of] p2b: Indeedee\n|turn|8\n|\n|t:|1699893153\n|move|p2a: Torkoal|Protect|p2a: Torkoal\n|-singleturn|p2a: Torkoal|Protect\n|move|p2b: Indeedee|Follow Me|p2b: Indeedee\n|-singleturn|p2b: Indeedee|move: Follow Me\n|move|p1b: Ursaluna|Facade|p2b: Indeedee\n|-damage|p2b: Indeedee|0 fnt\n|faint|p2b: Indeedee\n|\n|-damage|p1b: Ursaluna|0 fnt|[from] brn\n|faint|p1b: Ursaluna\n|\n|win|DeAndreRicketts\n|upkeep\n|raw|MtDrumr's rating: 1363 &rarr; <strong>1342<\/strong><br \/>(-21 for losing)\n|raw|DeAndreRicketts's rating: 1352 &rarr; <strong>1373<\/strong><br \/>(+21 for winning)\n","uploadtime":1699893166,"views":9,"p1id":"mtdrumr","p2id":"deandrericketts","formatid":"gen9vgc2023regulatione","rating":1342,"private":0,"password":""}