{"id":"gen9vgc2023regulatione-1989677697","p1":"CalmRosie","p2":"DJGrooves213","format":"[Gen 9] VGC 2023 Regulation E","log":"|j|\u2606CalmRosie\n|j|\u2606DJGrooves213\n|n|\u2606CalmRosie|calmrosie\n|n|\u2606DJGrooves213|djgrooves213\n|html|View the match progress at <a href=\"\/game-bestof3-gen9vgc2023regulatione-1989677696\">game-bestof3-gen9vgc2023regulatione-1989677696<\/a>\n|t:|1699885996\n|gametype|doubles\n|player|p1|CalmRosie|aromalady|\n|player|p2|DJGrooves213|roark|\n|teamsize|p1|6\n|teamsize|p2|6\n|gen|9\n|tier|[Gen 9] VGC 2023 Regulation E\n|rule|Species Clause: Limit one of each Pok\u00e9mon\n|rule|Item Clause: Limit one of each item\n|clearpoke\n|poke|p1|Tornadus, L50, M|\n|poke|p1|Mamoswine, L50, F|\n|poke|p1|Flutter Mane, L50|\n|poke|p1|Ogerpon-Hearthflame, L50, F|\n|poke|p1|Chi-Yu, L50|\n|poke|p1|Urshifu-*, L50, F|\n|poke|p2|Gliscor, L50, M|\n|poke|p2|Ting-Lu, L50|\n|poke|p2|Wo-Chien, L50|\n|poke|p2|Cresselia, L50, F|\n|poke|p2|Glimmora, L50, F|\n|poke|p2|Clefable, L50, M|\n|teampreview|4\nCalmRosie has agreed to open team sheets.\nDJGrooves213 has agreed to open team sheets.\n|showteam|p1|Tornadus||CovertCloak|Prankster|SunnyDay,BleakwindStorm,WeatherBall,Tailwind|||M|||50|,,,,,Dark]Mamoswine||LoadedDice|Oblivious|IceShard,IcicleSpear,HighHorsepower,Protect|||F|||50|,,,,,Fire]Flutter Mane||FairyFeather|Protosynthesis|DazzlingGleam,Moonblast,ShadowBall,Protect||||||50|,,,,,Fairy]Ogerpon-Hearthflame||HearthflameMask|MoldBreaker|IvyCudgel,HornLeech,SwordsDance,SpikyShield|||F|||50|,,,,,Fire]Chi-Yu||ChoiceSpecs|BeadsofRuin|Overheat,HeatWave,DarkPulse,Psychic||||||50|,,,,,Ghost]Urshifu||FocusSash|UnseenFist|WickedBlow,SuckerPunch,CloseCombat,Detect|||F|||50|,,,,,Dark\n|showteam|p2|Gliscor||ToxicOrb|PoisonHeal|Protect,Counter,KnockOff,Earthquake|||M|||50|,,,,,Poison]Ting-Lu||Leftovers|VesselofRuin|StealthRock,HeavySlam,Ruination,Protect||||||50|,,,,,Poison]Wo-Chien||SitrusBerry|TabletsofRuin|FoulPlay,LeechSeed,Protect,PollenPuff||||||50|,,,,,Fairy]Cresselia||RockyHelmet|Levitate|AllySwitch,LunarBlessing,DazzlingGleam,Protect|||F|||50|,,,,,Fairy]Glimmora||FocusSash|ToxicDebris|MortalSpin,Spikes,SpikyShield,EarthPower|||F|||50|,,,,,Rock]Clefable||LifeOrb|MagicGuard|CalmMind,DazzlingGleam,Moonlight,Flamethrower|||M|||50|,,,,,Steel\n|\n|t:|1699886039\n|start\n|switch|p1a: Fish|Chi-Yu, L50|100\/100\n|switch|p1b: Missy|Flutter Mane, L50, shiny|100\/100\n|switch|p2a: Gliscor|Gliscor, L50, M, shiny|100\/100\n|switch|p2b: Glimmora|Glimmora, L50, F|100\/100\n|-ability|p1a: Fish|Beads of Ruin\n|turn|1\n|\n|t:|1699886055\n|-terastallize|p1a: Fish|Ghost\n|move|p2a: Gliscor|Protect|p2a: Gliscor\n|-singleturn|p2a: Gliscor|Protect\n|move|p1b: Missy|Dazzling Gleam|p2b: Glimmora|[spread] p2b\n|-activate|p2a: Gliscor|move: Protect\n|-resisted|p2b: Glimmora\n|-damage|p2b: Glimmora|67\/100\n|move|p2b: Glimmora|Earth Power|p1a: Fish\n|-damage|p1a: Fish|65\/100\n|move|p1a: Fish|Heat Wave|p2a: Gliscor|[spread] p2b\n|-activate|p2a: Gliscor|move: Protect\n|-resisted|p2b: Glimmora\n|-damage|p2b: Glimmora|16\/100\n|\n|-status|p2a: Gliscor|tox|[from] item: Toxic Orb\n|upkeep\n|turn|2\n|\n|t:|1699886087\n|move|p1b: Missy|Dazzling Gleam|p2a: Gliscor|[spread] p2a,p2b\n|-resisted|p2b: Glimmora\n|-damage|p2a: Gliscor|52\/100 tox\n|-damage|p2b: Glimmora|0 fnt\n|faint|p2b: Glimmora\n|move|p1a: Fish|Heat Wave|p2a: Gliscor\n|-damage|p2a: Gliscor|0 fnt\n|faint|p2a: Gliscor\n|\n|upkeep\n|\n|t:|1699886095\n|switch|p2b: Ting-Lu|Ting-Lu, L50|100\/100\n|switch|p2a: Cresselia|Cresselia, L50, F, shiny|100\/100\n|-ability|p2b: Ting-Lu|Vessel of Ruin\n|turn|3\n|\n|t:|1699886112\n|-terastallize|p2b: Ting-Lu|Poison\n|move|p2a: Cresselia|Protect|p2a: Cresselia\n|-singleturn|p2a: Cresselia|Protect\n|move|p1b: Missy|Dazzling Gleam|p2a: Cresselia|[spread] p2b\n|-activate|p2a: Cresselia|move: Protect\n|-resisted|p2b: Ting-Lu\n|-damage|p2b: Ting-Lu|90\/100\n|move|p1a: Fish|Heat Wave|p2a: Cresselia|[spread] p2b\n|-activate|p2a: Cresselia|move: Protect\n|-damage|p2b: Ting-Lu|56\/100\n|move|p2b: Ting-Lu|Heavy Slam|p1b: Missy\n|-supereffective|p1b: Missy\n|-damage|p1b: Missy|13\/100\n|\n|-heal|p2b: Ting-Lu|62\/100|[from] item: Leftovers\n|upkeep\n|turn|4\n|\n|t:|1699886148\n|move|p1b: Missy|Shadow Ball|p2a: Cresselia\n|-supereffective|p2a: Cresselia\n|-damage|p2a: Cresselia|53\/100\n|move|p1a: Fish|Heat Wave|p2a: Cresselia|[spread] p2a\n|-miss|p1a: Fish|p2b: Ting-Lu\n|-damage|p2a: Cresselia|14\/100\n|move|p2a: Cresselia|Lunar Blessing|p2a: Cresselia|[spread] p2a,p2b\n|-heal|p2a: Cresselia|39\/100\n|-heal|p2b: Ting-Lu|87\/100\n|move|p2b: Ting-Lu|Ruination|p1a: Fish|[miss]\n|-miss|p2b: Ting-Lu|p1a: Fish\n|\n|-heal|p2b: Ting-Lu|93\/100|[from] item: Leftovers\n|upkeep\n|turn|5\n|\n|t:|1699886164\n|move|p2a: Cresselia|Protect|p2a: Cresselia\n|-singleturn|p2a: Cresselia|Protect\n|move|p1b: Missy|Shadow Ball|p2a: Cresselia\n|-activate|p2a: Cresselia|move: Protect\n|move|p1a: Fish|Heat Wave|p2b: Ting-Lu|[spread] p2b\n|-activate|p2a: Cresselia|move: Protect\n|-damage|p2b: Ting-Lu|56\/100\n|move|p2b: Ting-Lu|Heavy Slam|p1b: Missy\n|-supereffective|p1b: Missy\n|-damage|p1b: Missy|0 fnt\n|faint|p1b: Missy\n|-end|p1b: Missy|Protosynthesis|[silent]\n|\n|-heal|p2b: Ting-Lu|62\/100|[from] item: Leftovers\n|upkeep\n|\n|t:|1699886178\n|switch|p1b: Mamo|Mamoswine, L50, F, shiny|100\/100\n|turn|6\n|\n|t:|1699886190\n|move|p1a: Fish|Heat Wave|p2a: Cresselia|[spread] p2a,p2b\n|-damage|p2a: Cresselia|1\/100\n|-damage|p2b: Ting-Lu|25\/100\n|move|p2a: Cresselia|Lunar Blessing|p2a: Cresselia|[spread] p2a,p2b\n|-heal|p2a: Cresselia|26\/100\n|-heal|p2b: Ting-Lu|50\/100\n|move|p1b: Mamo|Icicle Spear|p2a: Cresselia\n|-damage|p2a: Cresselia|17\/100\n|-damage|p2a: Cresselia|9\/100\n|-damage|p2a: Cresselia|0 fnt\n|faint|p2a: Cresselia\n|-hitcount|p2: Cresselia|3\n|move|p2b: Ting-Lu|Heavy Slam|p1b: Mamo\n|-supereffective|p1b: Mamo\n|-damage|p1b: Mamo|72\/100\n|\n|-heal|p2b: Ting-Lu|56\/100|[from] item: Leftovers\n|upkeep\n|turn|7\n|\n|t:|1699886207\n|move|p2b: Ting-Lu|Protect|p2b: Ting-Lu\n|-singleturn|p2b: Ting-Lu|Protect\n|move|p1a: Fish|Heat Wave|p2b: Ting-Lu\n|-activate|p2b: Ting-Lu|move: Protect\n|move|p1b: Mamo|High Horsepower|p2b: Ting-Lu\n|-activate|p2b: Ting-Lu|move: Protect\n|\n|-heal|p2b: Ting-Lu|62\/100|[from] item: Leftovers\n|upkeep\n|turn|8\n|\n|t:|1699886217\n|move|p1a: Fish|Heat Wave|p2b: Ting-Lu\n|-damage|p2b: Ting-Lu|16\/100\n|move|p1b: Mamo|High Horsepower|p2b: Ting-Lu\n|-supereffective|p2b: Ting-Lu\n|-damage|p2b: Ting-Lu|0 fnt\n|faint|p2b: Ting-Lu\n|\n|win|CalmRosie\n|c|&|\/uhtml prompt-djgrooves213,DJGrooves213 is ready for game 2!\n|inactive|CalmRosie has 50 seconds to confirm battle start!\n|c|\u2606DJGrooves213|Ggwp\n|c|&|\/uhtml prompt-calmrosie,CalmRosie is ready for game 2!\nBoth players are ready! Starting next match!\n|l|\u2606DJGrooves213\n","uploadtime":1699886552,"views":42,"p1id":"calmrosie","p2id":"djgrooves213","formatid":"gen9vgc2023regulatione","rating":0,"private":0,"password":""}