{"id":"gen9vgc2023regulatione-1988085720","p1":"Leon1das","p2":"Yuri","format":"[Gen 9] VGC 2023 Regulation E","log":"|j|\u2606Leon1das\n|j|\u2606Yuri\n|n|\u2606Leon1das|leon1das\n|n|\u2606Yuri|yuri\n|html|View the match progress at <a href=\"\/game-bestof3-gen9vgc2023regulatione-1988085719\">game-bestof3-gen9vgc2023regulatione-1988085719<\/a>\n|t:|1699667763\n|gametype|doubles\n|player|p1|Leon1das|170|\n|player|p2|Yuri|galacticgrunt|\n|teamsize|p1|6\n|teamsize|p2|6\n|gen|9\n|tier|[Gen 9] VGC 2023 Regulation E\n|rule|Species Clause: Limit one of each Pok\u00e9mon\n|rule|Item Clause: Limit one of each item\n|clearpoke\n|poke|p1|Cresselia, L50, F|\n|poke|p1|Ursaluna-Bloodmoon, L50, M|\n|poke|p1|Iron Hands, L50|\n|poke|p1|Ogerpon-Wellspring, L50, F|\n|poke|p1|Arcanine-Hisui, L50, M|\n|poke|p1|Flutter Mane, L50|\n|poke|p2|Tornadus, L50, M|\n|poke|p2|Arcanine-Hisui, L50, M|\n|poke|p2|Iron Hands, L50|\n|poke|p2|Gholdengo, L50|\n|poke|p2|Urshifu-*, L50, M|\n|poke|p2|Ogerpon-Wellspring, L50, F|\n|teampreview|4\nLeon1das has agreed to open team sheets.\nYuri has agreed to open team sheets.\n|showteam|p1|Cresselia||MentalHerb|Levitate|Psychic,HelpingHand,LunarBlessing,TrickRoom|||F|||50|,,,,,Fire]Ursaluna-Bloodmoon||ThroatSpray|MindsEye|BloodMoon,EarthPower,HyperVoice,Protect|||M|||50|,,,,,Grass]Iron Hands||AssaultVest|QuarkDrive|FakeOut,DrainPunch,WildCharge,HeavySlam||||||50|,,,,,Fire]Ogerpon-Wellspring||WellspringMask|WaterAbsorb|IvyCudgel,FollowMe,HornLeech,SpikyShield|||F|||50|,,,,,Water]Arcanine-Hisui||SitrusBerry|Intimidate|RockSlide,FlareBlitz,ExtremeSpeed,Protect|||M|||50|,,,,,Grass]Flutter Mane||BoosterEnergy|Protosynthesis|Moonblast,ShadowBall,DazzlingGleam,Protect||||||50|,,,,,Fairy\n|showteam|p2|Tornadus||CovertCloak|Prankster|BleakwindStorm,Tailwind,Taunt,RainDance|||M|||50|,,,,,Dragon]Arcanine-Hisui||ChoiceBand|Intimidate|FlareBlitz,RockSlide,ExtremeSpeed,TeraBlast|||M|||50|,,,,,Fairy]Iron Hands||AssaultVest|QuarkDrive|WildCharge,DrainPunch,HeavySlam,FakeOut||||||50|,,,,,Grass]Gholdengo||Leftovers|GoodasGold|MakeItRain,ShadowBall,NastyPlot,Protect||||||50|,,,,,Dragon]Urshifu-Rapid-Strike||ChoiceScarf|UnseenFist|SurgingStrikes,CloseCombat,AquaJet,Uturn|||M|||50|,,,,,Water]Ogerpon-Wellspring||WellspringMask|WaterAbsorb|IvyCudgel,PowerWhip,FollowMe,SpikyShield|||F|||50|,,,,,Water\n|j| lucasarreguy\n|j| Rebornsan93\n|j| DorititosKiller\n|c| lucasarreguy|podem come\u00e7ar\n|j| lainshy\n|\n|t:|1699667864\n|start\n|switch|p1a: Melanie|Flutter Mane, L50|100\/100\n|switch|p1b: Hachiko|Arcanine-Hisui, L50, M|100\/100\n|switch|p2a: Urshifu|Urshifu-Rapid-Strike, L50, M|100\/100\n|switch|p2b: Iron Hands|Iron Hands, L50|100\/100\n|-ability|p1b: Hachiko|Intimidate|boost\n|-unboost|p2a: Urshifu|atk|1\n|-unboost|p2b: Iron Hands|atk|1\n|-enditem|p1a: Melanie|Booster Energy\n|-activate|p1a: Melanie|ability: Protosynthesis|[fromitem]\n|-start|p1a: Melanie|protosynthesisspa\n|turn|1\n|\n|t:|1699667911\n|switch|p2a: Arcanine|Arcanine-Hisui, L50, M|100\/100\n|-ability|p2a: Arcanine|Intimidate|boost\n|-unboost|p1a: Melanie|atk|1\n|-unboost|p1b: Hachiko|atk|1\n|move|p1b: Hachiko|Protect|p1b: Hachiko\n|-singleturn|p1b: Hachiko|Protect\n|move|p1a: Melanie|Moonblast|p2a: Arcanine\n|-resisted|p2a: Arcanine\n|-damage|p2a: Arcanine|68\/100\n|move|p2b: Iron Hands|Heavy Slam|p1a: Melanie\n|-supereffective|p1a: Melanie\n|-damage|p1a: Melanie|20\/100\n|\n|upkeep\n|turn|2\n|\n|t:|1699667948\n|move|p1a: Melanie|Moonblast|p2b: Iron Hands\n|-supereffective|p2b: Iron Hands\n|-damage|p2b: Iron Hands|32\/100\n|-unboost|p2b: Iron Hands|spa|1\n|move|p2a: Arcanine|Rock Slide|p1b: Hachiko|[spread] p1a,p1b\n|-supereffective|p1b: Hachiko\n|-damage|p1a: Melanie|0 fnt\n|-damage|p1b: Hachiko|4\/100\n|-enditem|p1b: Hachiko|Sitrus Berry|[eat]\n|-heal|p1b: Hachiko|29\/100|[from] item: Sitrus Berry\n|faint|p1a: Melanie\n|-end|p1a: Melanie|Protosynthesis|[silent]\n|cant|p1b: Hachiko|flinch\n|move|p2b: Iron Hands|Drain Punch|p1b: Hachiko\n|-supereffective|p1b: Hachiko\n|-damage|p1b: Hachiko|0 fnt\n|-heal|p2b: Iron Hands|44\/100|[from] drain|[of] p1b: Hachiko\n|faint|p1b: Hachiko\n|\n|upkeep\n|\n|t:|1699667972\n|switch|p1a: Lana del Rey|Ogerpon-Wellspring, L50, F|100\/100\n|switch|p1b: La Ursa Luna|Ursaluna-Bloodmoon, L50, M|100\/100\n|turn|3\n|\n|t:|1699668066\n|-terastallize|p2b: Iron Hands|Grass\n|move|p1a: Lana del Rey|Follow Me|p1a: Lana del Rey\n|-singleturn|p1a: Lana del Rey|move: Follow Me\n|move|p2a: Arcanine|Rock Slide|p1b: La Ursa Luna|[spread] p1a,p1b\n|-resisted|p1b: La Ursa Luna\n|-damage|p1a: Lana del Rey|52\/100\n|-damage|p1b: La Ursa Luna|87\/100\n|move|p1b: La Ursa Luna|Blood Moon|p2a: Arcanine\n|-resisted|p2a: Arcanine\n|-damage|p2a: Arcanine|27\/100\n|move|p2b: Iron Hands|Drain Punch|p1a: Lana del Rey\n|-damage|p1a: Lana del Rey|22\/100\n|-heal|p2b: Iron Hands|57\/100|[from] drain|[of] p1a: Lana del Rey\n|\n|upkeep\n|turn|4\n|\n|t:|1699668091\n|-terastallize|p1b: La Ursa Luna|Grass\n|move|p1a: Lana del Rey|Spiky Shield|p1a: Lana del Rey\n|-singleturn|p1a: Lana del Rey|move: Protect\n|move|p2a: Arcanine|Rock Slide|p1b: La Ursa Luna|[spread] p1b\n|-activate|p1a: Lana del Rey|move: Protect\n|-damage|p1b: La Ursa Luna|55\/100\n|move|p1b: La Ursa Luna|Earth Power|p2a: Arcanine\n|-supereffective|p2a: Arcanine\n|-damage|p2a: Arcanine|0 fnt\n|faint|p2a: Arcanine\n|move|p2b: Iron Hands|Drain Punch|p1b: La Ursa Luna\n|-damage|p1b: La Ursa Luna|34\/100\n|-heal|p2b: Iron Hands|66\/100|[from] drain|[of] p1b: La Ursa Luna\n|\n|upkeep\n|\n|t:|1699668120\n|switch|p2a: Gholdengo|Gholdengo, L50|100\/100\n|turn|5\n|\n|t:|1699668199\n|move|p1a: Lana del Rey|Spiky Shield||[still]\n|-fail|p1a: Lana del Rey\n|move|p2a: Gholdengo|Make It Rain|p1a: Lana del Rey|[spread] p1a,p1b\n|-resisted|p1a: Lana del Rey\n|-damage|p1a: Lana del Rey|1\/100\n|-damage|p1b: La Ursa Luna|0 fnt\n|-unboost|p2a: Gholdengo|spa|1\n|faint|p1b: La Ursa Luna\n|move|p2b: Iron Hands|Drain Punch|p1a: Lana del Rey\n|-damage|p1a: Lana del Rey|0 fnt\n|-heal|p2b: Iron Hands|66\/100|[from] drain|[of] p1a: Lana del Rey\n|faint|p1a: Lana del Rey\n|\n|win|Yuri\n|c|&|\/uhtml prompt-leon1das,Leon1das is ready for game 2!\n|c|&|\/uhtml prompt-leon1das,Leon1das is ready for game 2!\n|inactive|Yuri has 50 seconds to confirm battle start!\n|c|&|\/uhtml prompt-yuri,Yuri is ready for game 2!\nBoth players are ready! Starting next match!\n|c| DorititosKiller|joksssss\n","uploadtime":1699668220,"views":18,"p1id":"leon1das","p2id":"yuri","formatid":"gen9vgc2023regulatione","rating":0,"private":0,"password":""}