{"id":"gen9vgc2023regulatione-1995231233","p1":"Thermidor","p2":"Daniel1132","format":"[Gen 9] VGC 2023 Regulation E","log":"|j|\u2606Thermidor\n|j|\u2606Daniel1132\n|t:|1700537582\n|gametype|doubles\n|player|p1|Thermidor|ingo|1131\n|player|p2|Daniel1132|wattson|1092\n|teamsize|p1|6\n|teamsize|p2|6\n|gen|9\n|tier|[Gen 9] VGC 2023 Regulation E\n|rated|\n|rule|Species Clause: Limit one of each Pok\u00e9mon\n|rule|Item Clause: Limit one of each item\n|clearpoke\n|poke|p1|Kommo-o, L50, M|\n|poke|p1|Gastrodon, L50, M|\n|poke|p1|Sinistcha-Masterpiece, L50|\n|poke|p1|Scizor, L50, M|\n|poke|p1|Iron Thorns, L50|\n|poke|p1|Pelipper, L50, M|\n|poke|p2|Tornadus, L50, M|\n|poke|p2|Urshifu-*, L50, F|\n|poke|p2|Flutter Mane, L50|\n|poke|p2|Chien-Pao, L50|\n|poke|p2|Rillaboom, L50, M|\n|poke|p2|Arcanine-Hisui, L50, M|\n|teampreview|4\n|inactive|Battle timer is ON: inactive players will automatically lose when time's up. (requested by Thermidor)\n|inactive|Daniel1132 has 60 seconds left.\n|\n|t:|1700537631\n|start\n|switch|p1a: Iron Thorns|Iron Thorns, L50|100\/100\n|switch|p1b: Scizor|Scizor, L50, M|100\/100\n|switch|p2a: Tornadus|Tornadus, L50, M|100\/100\n|switch|p2b: Chien-Pao|Chien-Pao, L50|100\/100\n|-ability|p2b: Chien-Pao|Sword of Ruin\n|turn|1\n|inactive|Thermidor has 30 seconds left.\n|inactive|Thermidor has 20 seconds left.\n|\n|t:|1700537669\n|-terastallize|p1a: Iron Thorns|Fairy\n|move|p2b: Chien-Pao|Protect|p2b: Chien-Pao\n|-singleturn|p2b: Chien-Pao|Protect\n|move|p2a: Tornadus|Tailwind|p2a: Tornadus\n|-sidestart|p2: Daniel1132|move: Tailwind\n|move|p1a: Iron Thorns|Wild Charge|p2a: Tornadus\n|-supereffective|p2a: Tornadus\n|-damage|p2a: Tornadus|0 fnt\n|-damage|p1a: Iron Thorns|84\/100|[from] item: Rocky Helmet|[of] p2a: Tornadus\n|faint|p2a: Tornadus\n|-damage|p1a: Iron Thorns|59\/100|[from] Recoil\n|move|p1b: Scizor|Close Combat|p2b: Chien-Pao\n|-activate|p2b: Chien-Pao|move: Protect\n|\n|upkeep\n|\n|t:|1700537682\n|switch|p2a: Arcanine|Arcanine-Hisui, L50, M|100\/100\n|-ability|p2a: Arcanine|Intimidate|boost\n|-unboost|p1a: Iron Thorns|atk|1\n|-fail|p1b: Scizor|unboost|[from] item: Clear Amulet|[of] p1b: Scizor\n|turn|2\n|inactive|Thermidor has 30 seconds left.\n|inactive|Daniel1132 has 30 seconds left.\n|inactive|Daniel1132 has 20 seconds left.\n|inactive|Daniel1132 has 15 seconds left.\n|\n|t:|1700537726\n|-end|p1a: Iron Thorns|Quark Drive|[silent]\n|switch|p1a: Pelipper|Pelipper, L50, M|100\/100\n|-weather|RainDance|[from] ability: Drizzle|[of] p1a: Pelipper\n|move|p1b: Scizor|Protect|p1b: Scizor\n|-singleturn|p1b: Scizor|Protect\n|move|p2b: Chien-Pao|Icicle Crash|p1a: Pelipper\n|-damage|p1a: Pelipper|39\/100\n|move|p2a: Arcanine|Flare Blitz|p1b: Scizor\n|-activate|p1b: Scizor|move: Protect\n|\n|-weather|RainDance|[upkeep]\n|upkeep\n|turn|3\n|inactive|Thermidor has 30 seconds left.\n|inactive|Daniel1132 has 30 seconds left.\n|inactive|Thermidor has 20 seconds left.\n|inactive|Daniel1132 has 20 seconds left.\n|\n|t:|1700537763\n|move|p2b: Chien-Pao|Icicle Crash|p1a: Pelipper\n|-damage|p1a: Pelipper|0 fnt\n|faint|p1a: Pelipper\n|move|p2a: Arcanine|Flare Blitz|p1b: Scizor\n|-supereffective|p1b: Scizor\n|-damage|p1b: Scizor|0 fnt\n|faint|p1b: Scizor\n|-damage|p2a: Arcanine|72\/100|[from] Recoil\n|\n|-weather|RainDance|[upkeep]\n|upkeep\n|\n|t:|1700537772\n|switch|p1a: Iron Thorns|Iron Thorns, L50, tera:Fairy|59\/100\n|switch|p1b: Kommo-o|Kommo-o, L50, M|100\/100\n|turn|4\n|inactive|Daniel1132 has 30 seconds left.\n|\n|t:|1700537797\n|switch|p2a: Flutter Mane|Flutter Mane, L50|100\/100\n|-enditem|p2a: Flutter Mane|Booster Energy\n|-activate|p2a: Flutter Mane|ability: Protosynthesis|[fromitem]\n|-start|p2a: Flutter Mane|protosynthesisspe\n|move|p2b: Chien-Pao|Protect|p2b: Chien-Pao\n|-singleturn|p2b: Chien-Pao|Protect\n|move|p1b: Kommo-o|Protect|p1b: Kommo-o\n|-singleturn|p1b: Kommo-o|Protect\n|move|p1a: Iron Thorns|Rock Slide|p2a: Flutter Mane|[spread] p2a\n|-activate|p2b: Chien-Pao|move: Protect\n|-damage|p2a: Flutter Mane|0 fnt\n|faint|p2a: Flutter Mane\n|-end|p2a: Flutter Mane|Protosynthesis|[silent]\n|\n|-weather|RainDance|[upkeep]\n|-sideend|p2: Daniel1132|move: Tailwind\n|upkeep\n|\n|t:|1700537810\n|switch|p2a: Arcanine|Arcanine-Hisui, L50, M|72\/100\n|-ability|p2a: Arcanine|Intimidate|boost\n|-unboost|p1a: Iron Thorns|atk|1\n|-unboost|p1b: Kommo-o|atk|1\n|turn|5\n|\n|t:|1700537824\n|move|p1b: Kommo-o|Protect||[still]\n|-fail|p1b: Kommo-o\n|move|p2a: Arcanine|Extreme Speed|p1a: Iron Thorns\n|-damage|p1a: Iron Thorns|18\/100\n|move|p2b: Chien-Pao|Icicle Crash|p1b: Kommo-o\n|-supereffective|p1b: Kommo-o\n|-damage|p1b: Kommo-o|0 fnt\n|faint|p1b: Kommo-o\n|move|p1a: Iron Thorns|Rock Slide|p2b: Chien-Pao|[spread] p2a,p2b\n|-supereffective|p2a: Arcanine\n|-supereffective|p2b: Chien-Pao\n|-damage|p2a: Arcanine|4\/100\n|-damage|p2b: Chien-Pao|42\/100\n|\n|-weather|RainDance|[upkeep]\n|upkeep\n|turn|6\n|\n|t:|1700537837\n|move|p2a: Arcanine|Extreme Speed|p1a: Iron Thorns\n|-damage|p1a: Iron Thorns|0 fnt\n|faint|p1a: Iron Thorns\n|-end|p1a: Iron Thorns|Quark Drive|[silent]\n|\n|win|Daniel1132\n|raw|Thermidor's rating: 1131 &rarr; <strong>1103<\/strong><br \/>(-28 for losing)\n|raw|Daniel1132's rating: 1092 &rarr; <strong>1121<\/strong><br \/>(+29 for winning)\n|l|\u2606Thermidor\n","uploadtime":1700537847,"views":5,"p1id":"thermidor","p2id":"daniel1132","formatid":"gen9vgc2023regulatione","rating":1103,"private":0,"password":""}