{"id":"gen9vgc2023regulatione-1990214189","p1":"Ratamon","p2":"belac121","format":"[Gen 9] VGC 2023 Regulation E","log":"|j|\u2606Ratamon\n|j|\u2606belac121\n|t:|1699938458\n|gametype|doubles\n|player|p1|Ratamon|pokemonranger-gen4|\n|player|p2|belac121|clemont|\n|teamsize|p1|6\n|teamsize|p2|6\n|gen|9\n|tier|[Gen 9] VGC 2023 Regulation E\n|rated|Tournament battle\n|rule|Species Clause: Limit one of each Pok\u00e9mon\n|rule|Item Clause: Limit one of each item\n|clearpoke\n|poke|p1|Pelipper, L50, M|\n|poke|p1|Urshifu-*, L50, M|\n|poke|p1|Rillaboom, L50, M|\n|poke|p1|Chien-Pao, L50|\n|poke|p1|Gholdengo, L50|\n|poke|p1|Iron Hands, L50|\n|poke|p2|Tornadus, L50, M|\n|poke|p2|Regidrago, L50|\n|poke|p2|Rotom-Heat, L50|\n|poke|p2|Rillaboom, L50, F|\n|poke|p2|Urshifu-*, L50, M|\n|poke|p2|Gholdengo, L50|\n|teampreview|4\n|showteam|p1|Pelipper||RockyHelmet|Drizzle|WeatherBall,Hurricane,WideGuard,Protect|||M|||50|,,,,,Ghost]Urshifu-Rapid-Strike||ChoiceScarf|UnseenFist|SurgingStrikes,CloseCombat,AquaJet,Uturn|||M|||50|,,,,,Water]Rillaboom||MiracleSeed|GrassySurge|GrassyGlide,WoodHammer,Protect,FakeOut|||M|||50|,,,,,Grass]Chien-Pao||FocusSash|SwordofRuin|IcicleCrash,SuckerPunch,LashOut,Protect||||||50|,,,,,Ghost]Gholdengo||Leftovers|GoodasGold|MakeItRain,ShadowBall,NastyPlot,Protect||||||50|,,,,,Dragon]Iron Hands||AssaultVest|QuarkDrive|WildCharge,DrainPunch,HeavySlam,FakeOut||||||50|,,,,,Grass\n|showteam|p2|Tornadus||RockyHelmet|Prankster|BleakwindStorm,Tailwind,RainDance,Protect|||M|||50|,,,,,Ghost]Regidrago||DragonFang|DragonsMaw|DragonEnergy,DracoMeteor,EarthPower,Protect||||||50|,,,,,Steel]Rotom-Heat||SitrusBerry|Levitate|Overheat,VoltSwitch,WillOWisp,Thunderbolt||||||50|,,,,,Grass]Rillaboom||AssaultVest|GrassySurge|FakeOut,GrassyGlide,HighHorsepower,WoodHammer|||F|||50|,,,,,Fire]Urshifu-Rapid-Strike||ChoiceScarf|UnseenFist|SurgingStrikes,CloseCombat,AquaJet,Uturn|||M|||50|,,,,,Water]Gholdengo||MetalCoat|GoodasGold|MakeItRain,ShadowBall,NastyPlot,Protect||||||50|,,,,,Dragon\n|\n|t:|1699938482\n|start\n|switch|p1a: Urshifu|Urshifu-Rapid-Strike, L50, M|100\/100\n|switch|p1b: Chien-Pao|Chien-Pao, L50|100\/100\n|switch|p2a: Tornadus|Tornadus, L50, M, shiny|100\/100\n|switch|p2b: Rotom|Rotom-Heat, L50|100\/100\n|-ability|p1b: Chien-Pao|Sword of Ruin\n|turn|1\n|\n|t:|1699938500\n|switch|p1b: Pelipper|Pelipper, L50, M|100\/100\n|-weather|RainDance|[from] ability: Drizzle|[of] p1b: Pelipper\n|-terastallize|p1a: Urshifu|Water\n|move|p2a: Tornadus|Tailwind|p2a: Tornadus\n|-sidestart|p2: belac121|move: Tailwind\n|move|p2b: Rotom|Volt Switch|p1a: Urshifu\n|-supereffective|p1a: Urshifu\n|-damage|p1a: Urshifu|31\/100\n|\n|t:|1699938512\n|switch|p2b: Rillaboom|Rillaboom, L50, F, shiny|100\/100|[from] Volt Switch\n|-fieldstart|move: Grassy Terrain|[from] ability: Grassy Surge|[of] p2b: Rillaboom\n|move|p1a: Urshifu|Surging Strikes|p2a: Tornadus\n|-crit|p2a: Tornadus\n|-damage|p2a: Tornadus|49\/100\n|-damage|p1a: Urshifu|14\/100|[from] item: Rocky Helmet|[of] p2a: Tornadus\n|-crit|p2a: Tornadus\n|-damage|p2a: Tornadus|0 fnt\n|-damage|p1a: Urshifu|0 fnt|[from] item: Rocky Helmet|[of] p2a: Tornadus\n|faint|p2a: Tornadus\n|faint|p1a: Urshifu\n|-hitcount|p2: Tornadus|2\n|\n|-weather|RainDance|[upkeep]\n|upkeep\n|\n|t:|1699938527\n|switch|p2a: Rotom|Rotom-Heat, L50|100\/100\n|switch|p1a: Chien-Pao|Chien-Pao, L50|100\/100\n|-ability|p1a: Chien-Pao|Sword of Ruin\n|turn|2\n|j| Flarefox_7\n|\n|t:|1699938542\n|switch|p1b: Iron Hands|Iron Hands, L50|100\/100\n|move|p1a: Chien-Pao|Protect|p1a: Chien-Pao\n|-singleturn|p1a: Chien-Pao|Protect\n|move|p2b: Rillaboom|Fake Out|p1a: Chien-Pao\n|-activate|p1a: Chien-Pao|move: Protect\n|move|p2a: Rotom|Thunderbolt|p1b: Iron Hands\n|-resisted|p1b: Iron Hands\n|-damage|p1b: Iron Hands|91\/100\n|\n|-weather|RainDance|[upkeep]\n|-heal|p1b: Iron Hands|97\/100|[from] Grassy Terrain\n|upkeep\n|turn|3\n|\n|t:|1699938574\n|-terastallize|p2b: Rillaboom|Fire\n|move|p1b: Iron Hands|Fake Out|p2a: Rotom\n|-damage|p2a: Rotom|76\/100\n|cant|p2a: Rotom|flinch\n|move|p2b: Rillaboom|Wood Hammer|p1a: Chien-Pao\n|-enditem|p1a: Chien-Pao|Focus Sash\n|-damage|p1a: Chien-Pao|1\/100\n|-damage|p2b: Rillaboom|76\/100|[from] Recoil\n|move|p1a: Chien-Pao|Icicle Crash|p2b: Rillaboom\n|-resisted|p2b: Rillaboom\n|-damage|p2b: Rillaboom|45\/100\n|\n|-weather|RainDance|[upkeep]\n|-heal|p2b: Rillaboom|51\/100|[from] Grassy Terrain\n|-heal|p1a: Chien-Pao|7\/100|[from] Grassy Terrain\n|-heal|p1b: Iron Hands|100\/100|[from] Grassy Terrain\n|upkeep\n|turn|4\n|\n|t:|1699938614\n|move|p1a: Chien-Pao|Protect|p1a: Chien-Pao\n|-singleturn|p1a: Chien-Pao|Protect\n|move|p2b: Rillaboom|Grassy Glide|p1a: Chien-Pao\n|-activate|p1a: Chien-Pao|move: Protect\n|move|p2a: Rotom|Will-O-Wisp|p1b: Iron Hands\n|-status|p1b: Iron Hands|brn\n|move|p1b: Iron Hands|Drain Punch|p2a: Rotom\n|-damage|p2a: Rotom|40\/100\n|-enditem|p2a: Rotom|Sitrus Berry|[eat]\n|-heal|p2a: Rotom|65\/100|[from] item: Sitrus Berry\n|\n|-weather|RainDance|[upkeep]\n|-heal|p2b: Rillaboom|57\/100|[from] Grassy Terrain\n|-heal|p1a: Chien-Pao|13\/100|[from] Grassy Terrain\n|-damage|p1b: Iron Hands|94\/100 brn|[from] brn\n|-sideend|p2: belac121|move: Tailwind\n|upkeep\n|turn|5\n|\n|t:|1699938651\n|switch|p1a: Pelipper|Pelipper, L50, M|100\/100\n|move|p2b: Rillaboom|Grassy Glide|p1a: Pelipper\n|-damage|p1a: Pelipper|61\/100\n|-damage|p2b: Rillaboom|40\/100|[from] item: Rocky Helmet|[of] p1a: Pelipper\n|move|p2a: Rotom|Thunderbolt|p1a: Pelipper\n|-supereffective|p1a: Pelipper\n|-damage|p1a: Pelipper|0 fnt\n|faint|p1a: Pelipper\n|move|p1b: Iron Hands|Drain Punch|p2a: Rotom\n|-damage|p2a: Rotom|37\/100\n|-heal|p1b: Iron Hands|100\/100 brn|[from] drain|[of] p2a: Rotom\n|\n|-weather|none\n|-heal|p2b: Rillaboom|46\/100|[from] Grassy Terrain\n|-damage|p1b: Iron Hands|94\/100 brn|[from] brn\n|-fieldend|move: Grassy Terrain\n|upkeep\n|\n|t:|1699938663\n|switch|p1a: Chien-Pao|Chien-Pao, L50|13\/100\n|-ability|p1a: Chien-Pao|Sword of Ruin\n|turn|6\n|\n|t:|1699938686\n|switch|p2b: Regidrago|Regidrago, L50, shiny|100\/100\n|move|p1a: Chien-Pao|Lash Out|p2a: Rotom\n|-damage|p2a: Rotom|0 fnt\n|faint|p2a: Rotom\n|move|p1b: Iron Hands|Drain Punch|p2b: Regidrago\n|-damage|p2b: Regidrago|70\/100\n|-heal|p1b: Iron Hands|100\/100 brn|[from] drain|[of] p2b: Regidrago\n|\n|-damage|p1b: Iron Hands|94\/100 brn|[from] brn\n|upkeep\n|\n|t:|1699938691\n|switch|p2a: Rillaboom|Rillaboom, L50, F, shiny, tera:Fire|46\/100\n|-fieldstart|move: Grassy Terrain|[from] ability: Grassy Surge|[of] p2a: Rillaboom\n|turn|7\n|\n|t:|1699938702\n|move|p1a: Chien-Pao|Protect|p1a: Chien-Pao\n|-singleturn|p1a: Chien-Pao|Protect\n|move|p2a: Rillaboom|Fake Out|p1a: Chien-Pao\n|-activate|p1a: Chien-Pao|move: Protect\n|move|p2b: Regidrago|Earth Power|p1b: Iron Hands\n|-supereffective|p1b: Iron Hands\n|-damage|p1b: Iron Hands|67\/100 brn\n|move|p1b: Iron Hands|Drain Punch|p2b: Regidrago\n|-damage|p2b: Regidrago|39\/100\n|-heal|p1b: Iron Hands|85\/100 brn|[from] drain|[of] p2b: Regidrago\n|\n|-heal|p1a: Chien-Pao|19\/100|[from] Grassy Terrain\n|-heal|p2b: Regidrago|45\/100|[from] Grassy Terrain\n|-heal|p2a: Rillaboom|52\/100|[from] Grassy Terrain\n|-heal|p1b: Iron Hands|91\/100 brn|[from] Grassy Terrain\n|-damage|p1b: Iron Hands|85\/100 brn|[from] brn\n|upkeep\n|turn|8\n|\n|t:|1699938720\n|move|p1a: Chien-Pao|Sucker Punch|p2a: Rillaboom\n|-damage|p2a: Rillaboom|0 fnt\n|faint|p2a: Rillaboom\n|move|p2b: Regidrago|Draco Meteor|p1b: Iron Hands\n|-damage|p1b: Iron Hands|28\/100 brn\n|-unboost|p2b: Regidrago|spa|2\n|move|p1b: Iron Hands|Drain Punch|p2b: Regidrago\n|-damage|p2b: Regidrago|14\/100\n|-heal|p1b: Iron Hands|46\/100 brn|[from] drain|[of] p2b: Regidrago\n|\n|-heal|p1a: Chien-Pao|24\/100|[from] Grassy Terrain\n|-heal|p2b: Regidrago|20\/100|[from] Grassy Terrain\n|-heal|p1b: Iron Hands|52\/100 brn|[from] Grassy Terrain\n|-damage|p1b: Iron Hands|46\/100 brn|[from] brn\n|upkeep\n|turn|9\n|c|\u2606belac121|gg\n|\n|t:|1699938736\n|move|p1a: Chien-Pao|Lash Out|p2b: Regidrago\n|-damage|p2b: Regidrago|0 fnt\n|faint|p2b: Regidrago\n|\n|win|Ratamon\n|n|\u2606Ratamon|ratamon\n|n|\u2606belac121|belac121\n|n| Flarefox_7|flarefox7\n|c|\u2606Ratamon|gg\n","uploadtime":1699938742,"views":14,"p1id":"ratamon","p2id":"belac121","formatid":"gen9vgc2023regulatione","rating":0,"private":0,"password":""}