{"id":"gen9vgc2023regulatione-1989724716","p1":"hysaaron","p2":"JstPlntWhGmn","format":"[Gen 9] VGC 2023 Regulation E","log":"|j|\u2606hysaaron\n|j|\u2606JstPlntWhGmn\n|t:|1699890320\n|gametype|doubles\n|player|p1|hysaaron|1|1120\n|player|p2|JstPlntWhGmn|cynthia|1086\n|teamsize|p1|6\n|teamsize|p2|6\n|gen|9\n|tier|[Gen 9] VGC 2023 Regulation E\n|rated|\n|rule|Species Clause: Limit one of each Pok\u00e9mon\n|rule|Item Clause: Limit one of each item\n|clearpoke\n|poke|p1|Ninetales-Alola, L50, F|\n|poke|p1|Baxcalibur, L50, M|\n|poke|p1|Flutter Mane, L50|\n|poke|p1|Landorus-Therian, L50, M|\n|poke|p1|Ogerpon-Wellspring, L50, F|\n|poke|p1|Heatran, L50, M|\n|poke|p2|Politoed, L50, M|\n|poke|p2|Flutter Mane, L50|\n|poke|p2|Urshifu-*, L50, F|\n|poke|p2|Amoonguss, L50, F|\n|poke|p2|Gothitelle, L50, M|\n|poke|p2|Arcanine, L50, F|\n|teampreview|4\n|inactive|Battle timer is ON: inactive players will automatically lose when time's up. (requested by JstPlntWhGmn)\n|inactive|JstPlntWhGmn has 60 seconds left.\n|\n|t:|1699890353\n|start\n|switch|p1a: Ogerpon|Ogerpon-Wellspring, L50, F|100\/100\n|switch|p1b: Flutter Mane|Flutter Mane, L50, shiny|100\/100\n|switch|p2a: Politoed|Politoed, L50, M|100\/100\n|switch|p2b: Gothitelle|Gothitelle, L50, M|100\/100\n|-weather|RainDance|[from] ability: Drizzle|[of] p2a: Politoed\n|-enditem|p1b: Flutter Mane|Booster Energy\n|-activate|p1b: Flutter Mane|ability: Protosynthesis|[fromitem]\n|-start|p1b: Flutter Mane|protosynthesisspe\n|turn|1\n|\n|t:|1699890369\n|-terastallize|p2b: Gothitelle|Steel\n|move|p1a: Ogerpon|Spiky Shield|p1a: Ogerpon\n|-singleturn|p1a: Ogerpon|move: Protect\n|move|p2b: Gothitelle|Fake Out|p1a: Ogerpon\n|-activate|p1a: Ogerpon|move: Protect\n|-damage|p2b: Gothitelle|88\/100|[from] Spiky Shield|[of] p1a: Ogerpon\n|move|p1b: Flutter Mane|Calm Mind|p1b: Flutter Mane\n|-boost|p1b: Flutter Mane|spa|1\n|-boost|p1b: Flutter Mane|spd|1\n|move|p2a: Politoed|Perish Song|p2a: Politoed\n|-start|p1a: Ogerpon|perish3|[silent]\n|-start|p1b: Flutter Mane|perish3|[silent]\n|-start|p2a: Politoed|perish3|[silent]\n|-start|p2b: Gothitelle|perish3|[silent]\n|-fieldactivate|move: Perish Song\n|\n|-weather|RainDance|[upkeep]\n|-heal|p2b: Gothitelle|94\/100|[from] item: Leftovers\n|-start|p1b: Flutter Mane|perish3\n|-start|p1a: Ogerpon|perish3\n|-start|p2b: Gothitelle|perish3\n|-start|p2a: Politoed|perish3\n|upkeep\n|turn|2\n|inactive|hysaaron has 30 seconds left.\n|inactive|hysaaron has 20 seconds left.\n|inactive|hysaaron has 15 seconds left.\n|\n|t:|1699890414\n|move|p2b: Gothitelle|Protect|p2b: Gothitelle\n|-singleturn|p2b: Gothitelle|Protect\n|move|p1b: Flutter Mane|Shadow Ball|p2b: Gothitelle\n|-activate|p2b: Gothitelle|move: Protect\n|move|p1a: Ogerpon|Ivy Cudgel|p2a: Politoed\n|-resisted|p2a: Politoed\n|-crit|p2a: Politoed\n|-damage|p2a: Politoed|39\/100\n|move|p2a: Politoed|Icy Wind|p1b: Flutter Mane|[spread] p1a,p1b\n|-damage|p1a: Ogerpon|92\/100\n|-damage|p1b: Flutter Mane|94\/100\n|-unboost|p1a: Ogerpon|spe|1\n|-unboost|p1b: Flutter Mane|spe|1\n|\n|-weather|RainDance|[upkeep]\n|-heal|p2b: Gothitelle|100\/100|[from] item: Leftovers\n|-start|p1b: Flutter Mane|perish2\n|-start|p2b: Gothitelle|perish2\n|-start|p1a: Ogerpon|perish2\n|-start|p2a: Politoed|perish2\n|upkeep\n|turn|3\n|inactive|hysaaron has 30 seconds left.\n|inactive|hysaaron has 20 seconds left.\n|inactive|hysaaron has 15 seconds left.\n|\n|t:|1699890455\n|move|p1b: Flutter Mane|Dazzling Gleam|p2a: Politoed|[spread] p2a,p2b\n|-resisted|p2b: Gothitelle\n|-damage|p2a: Politoed|4\/100\n|-damage|p2b: Gothitelle|81\/100\n|-enditem|p2a: Politoed|Iapapa Berry|[eat]\n|-heal|p2a: Politoed|38\/100|[from] item: Iapapa Berry\n|move|p2b: Gothitelle|Substitute|p2b: Gothitelle\n|-start|p2b: Gothitelle|Substitute\n|-damage|p2b: Gothitelle|57\/100\n|move|p1a: Ogerpon|Ivy Cudgel|p2a: Politoed\n|-resisted|p2a: Politoed\n|-damage|p2a: Politoed|0 fnt\n|faint|p2a: Politoed\n|\n|-weather|RainDance|[upkeep]\n|-heal|p2b: Gothitelle|63\/100|[from] item: Leftovers\n|-start|p1b: Flutter Mane|perish1\n|-start|p2b: Gothitelle|perish1\n|-start|p1a: Ogerpon|perish1\n|upkeep\n|inactive|JstPlntWhGmn has 30 seconds left.\n|inactive|JstPlntWhGmn has 20 seconds left.\n|inactive|JstPlntWhGmn has 15 seconds left.\n|\n|t:|1699890497\n|switch|p2a: Flutter Mane|Flutter Mane, L50, shiny|100\/100\n|-enditem|p2a: Flutter Mane|Booster Energy\n|-activate|p2a: Flutter Mane|ability: Protosynthesis|[fromitem]\n|-start|p2a: Flutter Mane|protosynthesisspe\n|turn|4\n|inactive|hysaaron has 30 seconds left.\n|\n|t:|1699890528\n|-end|p1b: Flutter Mane|Protosynthesis|[silent]\n|switch|p1b: Heatran|Heatran, L50, M, shiny|100\/100\n|switch|p2b: Urshifu|Urshifu-Rapid-Strike, L50, F|100\/100\n|move|p2a: Flutter Mane|Protect|p2a: Flutter Mane\n|-singleturn|p2a: Flutter Mane|Protect\n|move|p1a: Ogerpon|Horn Leech|p2a: Flutter Mane\n|-activate|p2a: Flutter Mane|move: Protect\n|\n|-weather|RainDance|[upkeep]\n|-start|p1a: Ogerpon|perish0\n|faint|p1a: Ogerpon\n|upkeep\n|\n|t:|1699890542\n|switch|p1a: Landorus|Landorus-Therian, L50, M, shiny|100\/100\n|-ability|p1a: Landorus|Intimidate|boost\n|-unboost|p2a: Flutter Mane|atk|1\n|-unboost|p2b: Urshifu|atk|1\n|turn|5\n|inactive|hysaaron has 30 seconds left.\n|inactive|hysaaron has 20 seconds left.\n|inactive|hysaaron has 15 seconds left.\n|inactive|hysaaron has 10 seconds left.\n|inactive|JstPlntWhGmn has 30 seconds left.\n|\n|t:|1699890593\n|-terastallize|p1a: Landorus|Flying\n|move|p2a: Flutter Mane|Shadow Ball|p1b: Heatran\n|-damage|p1b: Heatran|59\/100\n|-unboost|p1b: Heatran|spd|1\n|move|p1a: Landorus|Tera Blast|p2b: Urshifu|[anim] Tera Blast Flying\n|-supereffective|p2b: Urshifu\n|-enditem|p2b: Urshifu|Focus Sash\n|-damage|p2b: Urshifu|1\/100\n|move|p2b: Urshifu|Surging Strikes|p1a: Landorus\n|-crit|p1a: Landorus\n|-damage|p1a: Landorus|65\/100\n|-crit|p1a: Landorus\n|-damage|p1a: Landorus|29\/100\n|-crit|p1a: Landorus\n|-damage|p1a: Landorus|0 fnt\n|faint|p1a: Landorus\n|-hitcount|p1: Landorus|3\n|move|p1b: Heatran|Flash Cannon|p2a: Flutter Mane\n|-supereffective|p2a: Flutter Mane\n|-damage|p2a: Flutter Mane|0 fnt\n|faint|p2a: Flutter Mane\n|-end|p2a: Flutter Mane|Protosynthesis|[silent]\n|-damage|p1b: Heatran|50\/100|[from] item: Life Orb\n|\n|-weather|none\n|upkeep\n|\n|t:|1699890618\n|switch|p2a: Gothitelle|Gothitelle, L50, M, tera:Steel|63\/100\n|switch|p1a: Flutter Mane|Flutter Mane, L50, shiny|94\/100\n|turn|6\n|\n|t:|1699890637\n|move|p2b: Urshifu|Aqua Jet|p1b: Heatran\n|-supereffective|p1b: Heatran\n|-damage|p1b: Heatran|26\/100\n|move|p1a: Flutter Mane|Dazzling Gleam|p2a: Gothitelle|[spread] p2a,p2b\n|-resisted|p2a: Gothitelle\n|-supereffective|p2b: Urshifu\n|-damage|p2a: Gothitelle|50\/100\n|-damage|p2b: Urshifu|0 fnt\n|faint|p2b: Urshifu\n|move|p2a: Gothitelle|Psychic|p1a: Flutter Mane\n|-damage|p1a: Flutter Mane|66\/100\n|move|p1b: Heatran|Heat Wave|p2a: Gothitelle\n|-supereffective|p2a: Gothitelle\n|-damage|p2a: Gothitelle|0 fnt\n|faint|p2a: Gothitelle\n|-damage|p1b: Heatran|17\/100|[from] item: Life Orb\n|\n|win|hysaaron\n|raw|hysaaron's rating: 1120 &rarr; <strong>1143<\/strong><br \/>(+23 for winning)\n|raw|JstPlntWhGmn's rating: 1086 &rarr; <strong>1065<\/strong><br \/>(-21 for losing)\n|l|\u2606JstPlntWhGmn\n","uploadtime":1699890657,"views":7,"p1id":"hysaaron","p2id":"jstplntwhgmn","formatid":"gen9vgc2023regulatione","rating":1065,"private":0,"password":""}