{"id":"gen9vgc2023regulatione-1996618691","p1":"i5i","p2":"akdoggo","format":"[Gen 9] VGC 2023 Regulation E","log":"|j|\u2606i5i\n|j|\u2606akdoggo\n|t:|1700701302\n|gametype|doubles\n|player|p1|i5i|n|1193\n|player|p2|akdoggo|rosa|1083\n|teamsize|p1|6\n|teamsize|p2|6\n|gen|9\n|tier|[Gen 9] VGC 2023 Regulation E\n|rated|\n|rule|Species Clause: Limit one of each Pok\u00e9mon\n|rule|Item Clause: Limit one of each item\n|clearpoke\n|poke|p1|Ogerpon-Hearthflame, L50, F|\n|poke|p1|Chien-Pao, L50|\n|poke|p1|Lilligant-Hisui, L50, F|\n|poke|p1|Roaring Moon, L50|\n|poke|p1|Flutter Mane, L50|\n|poke|p1|Torkoal, L50, F|\n|poke|p2|Tornadus, L50, M|\n|poke|p2|Flutter Mane, L50|\n|poke|p2|Chi-Yu, L50|\n|poke|p2|Ogerpon-Wellspring, L50, F|\n|poke|p2|Landorus-Therian, L50, M|\n|poke|p2|Iron Hands, L50|\n|teampreview|4\n|inactive|Battle timer is ON: inactive players will automatically lose when time's up. (requested by akdoggo)\n|inactive|i5i also wants the timer to be on.\n|\n|t:|1700701328\n|start\n|switch|p1a: Flutter Mane|Flutter Mane, L50|100\/100\n|switch|p1b: Torkoal|Torkoal, L50, F|100\/100\n|switch|p2a: weather man|Tornadus, L50, M|100\/100\n|switch|p2b: Kat|Landorus-Therian, L50, M|100\/100\n|-ability|p2b: Kat|Intimidate|boost\n|-unboost|p1a: Flutter Mane|atk|1\n|-unboost|p1b: Torkoal|atk|1\n|-weather|SunnyDay|[from] ability: Drought|[of] p1b: Torkoal\n|-activate|p1a: Flutter Mane|ability: Protosynthesis\n|-start|p1a: Flutter Mane|protosynthesisspa\n|turn|1\n|inactive|akdoggo has 30 seconds left.\n|\n|t:|1700701356\n|move|p2a: weather man|Tailwind|p2a: weather man\n|-sidestart|p2: akdoggo|move: Tailwind\n|move|p2b: Kat|Rock Slide|p1b: Torkoal|[spread] p1a,p1b\n|-supereffective|p1b: Torkoal\n|-damage|p1a: Flutter Mane|53\/100\n|-damage|p1b: Torkoal|69\/100\n|cant|p1b: Torkoal|flinch\n|move|p1a: Flutter Mane|Trick Room|p1a: Flutter Mane\n|-fieldstart|move: Trick Room|[of] p1a: Flutter Mane\n|\n|-weather|SunnyDay|[upkeep]\n|-heal|p1b: Torkoal|75\/100|[from] item: Leftovers\n|upkeep\n|turn|2\n|inactive|akdoggo has 30 seconds left.\n|\n|t:|1700701383\n|switch|p2b: Brian Hands|Iron Hands, L50|100\/100\n|move|p1b: Torkoal|Eruption|p2b: Brian Hands|[spread] p2a,p2b\n|-damage|p2a: weather man|50\/100\n|-damage|p2b: Brian Hands|73\/100\n|move|p1a: Flutter Mane|Dazzling Gleam|p2a: weather man|[spread] p2a,p2b\n|-supereffective|p2b: Brian Hands\n|-damage|p2a: weather man|5\/100\n|-damage|p2b: Brian Hands|29\/100\n|move|p2a: weather man|Bleakwind Storm|p1a: Flutter Mane|[spread] p1b\n|-miss|p2a: weather man|p1a: Flutter Mane\n|-damage|p1b: Torkoal|20\/100\n|\n|-weather|SunnyDay|[upkeep]\n|-heal|p1b: Torkoal|26\/100|[from] item: Leftovers\n|upkeep\n|turn|3\n|inactive|akdoggo has 30 seconds left.\n|\n|t:|1700701412\n|switch|p2a: Kat|Landorus-Therian, L50, M|100\/100\n|-ability|p2a: Kat|Intimidate|boost\n|-unboost|p1a: Flutter Mane|atk|1\n|-unboost|p1b: Torkoal|atk|1\n|move|p1b: Torkoal|Heat Wave|p2b: Brian Hands|[spread] p2a,p2b\n|-damage|p2a: Kat|41\/100\n|-damage|p2b: Brian Hands|6\/100\n|move|p2b: Brian Hands|Heavy Slam|p1a: Flutter Mane\n|-supereffective|p1a: Flutter Mane\n|-damage|p1a: Flutter Mane|0 fnt\n|faint|p1a: Flutter Mane\n|-end|p1a: Flutter Mane|Protosynthesis|[silent]\n|\n|-weather|SunnyDay|[upkeep]\n|-heal|p1b: Torkoal|33\/100|[from] item: Leftovers\n|upkeep\n|\n|t:|1700701423\n|switch|p1a: Ogerpon|Ogerpon-Hearthflame, L50, F|100\/100\n|-ability|p1a: Ogerpon|Mold Breaker\n|turn|4\n|\n|t:|1700701443\n|move|p1a: Ogerpon|Spiky Shield|p1a: Ogerpon\n|-singleturn|p1a: Ogerpon|move: Protect\n|move|p1b: Torkoal|Heat Wave|p2a: Kat|[spread] p2a,p2b\n|-damage|p2a: Kat|0 fnt\n|-damage|p2b: Brian Hands|0 fnt\n|faint|p2a: Kat\n|faint|p2b: Brian Hands\n|-end|p2b: Brian Hands|Quark Drive|[silent]\n|\n|-weather|SunnyDay|[upkeep]\n|-heal|p1b: Torkoal|39\/100|[from] item: Leftovers\n|-sideend|p2: akdoggo|move: Tailwind\n|upkeep\n|\n|t:|1700701458\n|switch|p2b: :D|Chi-Yu, L50|100\/100\n|switch|p2a: weather man|Tornadus, L50, M|5\/100\n|-ability|p2b: :D|Beads of Ruin\n|turn|5\n|\n|t:|1700701478\n|-terastallize|p2b: :D|Fire\n|move|p2a: weather man|Tailwind|p2a: weather man\n|-sidestart|p2: akdoggo|move: Tailwind\n|move|p1b: Torkoal|Heat Wave|p2a: weather man|[spread] p2b\n|-miss|p1b: Torkoal|p2a: weather man\n|-resisted|p2b: :D\n|-damage|p2b: :D|75\/100\n|move|p1a: Ogerpon|Stomping Tantrum|p2b: :D\n|-supereffective|p2b: :D\n|-damage|p2b: :D|0 fnt\n|faint|p2b: :D\n|\n|-weather|none\n|-heal|p1b: Torkoal|45\/100|[from] item: Leftovers\n|-fieldend|move: Trick Room\n|upkeep\n|turn|6\n|\n|t:|1700701494\n|move|p2a: weather man|Bleakwind Storm|p1b: Torkoal|[spread] p1a,p1b\n|-supereffective|p1a: Ogerpon\n|-damage|p1a: Ogerpon|18\/100\n|-damage|p1b: Torkoal|0 fnt\n|faint|p1b: Torkoal\n|move|p1a: Ogerpon|Ivy Cudgel|p2a: weather man|[anim] Ivy Cudgel Fire\n|-damage|p2a: weather man|0 fnt\n|faint|p2a: weather man\n|\n|win|i5i\n|raw|i5i's rating: 1193 &rarr; <strong>1210<\/strong><br \/>(+17 for winning)\n|raw|akdoggo's rating: 1083 &rarr; <strong>1067<\/strong><br \/>(-16 for losing)\n|c|\u2606i5i|i never thought my team would work with trick room\n|l|\u2606akdoggo\n","uploadtime":1700702087,"views":3,"p1id":"i5i","p2id":"akdoggo","formatid":"gen9vgc2023regulatione","rating":1067,"private":0,"password":""}