{"id":"gen9vgc2023regulatione-1990197609","p1":"CharlienoB","p2":"rickncock","format":"[Gen 9] VGC 2023 Regulation E","log":"|j|\u2606CharlienoB\n|j|\u2606rickncock\n|t:|1699936015\n|gametype|doubles\n|player|p1|CharlienoB|265|1117\n|player|p2|rickncock|iris-gen5bw2|1031\n|teamsize|p1|6\n|teamsize|p2|6\n|gen|9\n|tier|[Gen 9] VGC 2023 Regulation E\n|rated|\n|rule|Species Clause: Limit one of each Pok\u00e9mon\n|rule|Item Clause: Limit one of each item\n|clearpoke\n|poke|p1|Murkrow, L50, M|\n|poke|p1|Arcanine-Hisui, L50, M|\n|poke|p1|Amoonguss, L50, M|\n|poke|p1|Iron Bundle, L50|\n|poke|p1|Gholdengo, L50|\n|poke|p1|Iron Hands, L50|\n|poke|p2|Torkoal, L50, M|\n|poke|p2|Lilligant-Hisui, L50, F|\n|poke|p2|Flutter Mane, L50|\n|poke|p2|Indeedee-F, L50, F|\n|poke|p2|Ogerpon-Hearthflame, L50, F|\n|poke|p2|Armarouge, L50, M|\n|teampreview|4\n|\n|t:|1699936039\n|start\n|switch|p1a: Murkrow|Murkrow, L50, M|100\/100\n|switch|p1b: Gholdengo|Gholdengo, L50|100\/100\n|switch|p2a: Flutter Mane|Flutter Mane, L50|100\/100\n|switch|p2b: Lilligant|Lilligant-Hisui, L50, F|100\/100\n|-enditem|p2a: Flutter Mane|Booster Energy\n|-activate|p2a: Flutter Mane|ability: Protosynthesis|[fromitem]\n|-start|p2a: Flutter Mane|protosynthesisspe\n|turn|1\n|inactive|Battle timer is ON: inactive players will automatically lose when time's up. (requested by rickncock)\n|\n|t:|1699936059\n|move|p1b: Gholdengo|Protect|p1b: Gholdengo\n|-singleturn|p1b: Gholdengo|Protect\n|move|p1a: Murkrow|Taunt|p2b: Lilligant\n|-start|p2b: Lilligant|move: Taunt\n|move|p2a: Flutter Mane|Shadow Ball|p1b: Gholdengo\n|-activate|p1b: Gholdengo|move: Protect\n|move|p2b: Lilligant|Close Combat|p1a: Murkrow\n|-damage|p1a: Murkrow|43\/100\n|-unboost|p2b: Lilligant|def|1\n|-unboost|p2b: Lilligant|spd|1\n|\n|upkeep\n|turn|2\n|\n|t:|1699936082\n|move|p1a: Murkrow|Tailwind|p1a: Murkrow\n|-sidestart|p1: CharlienoB|move: Tailwind\n|move|p2a: Flutter Mane|Shadow Ball|p1b: Gholdengo\n|-supereffective|p1b: Gholdengo\n|-damage|p1b: Gholdengo|29\/100\n|move|p1b: Gholdengo|Shadow Ball|p2a: Flutter Mane\n|-supereffective|p2a: Flutter Mane\n|-damage|p2a: Flutter Mane|27\/100\n|move|p2b: Lilligant|Close Combat|p1a: Murkrow\n|-damage|p1a: Murkrow|0 fnt\n|-unboost|p2b: Lilligant|def|1\n|-unboost|p2b: Lilligant|spd|1\n|faint|p1a: Murkrow\n|\n|-heal|p1b: Gholdengo|36\/100|[from] item: Leftovers\n|upkeep\n|\n|t:|1699936101\n|switch|p1a: Iron Bundle|Iron Bundle, L50|100\/100\n|-enditem|p1a: Iron Bundle|Booster Energy\n|-activate|p1a: Iron Bundle|ability: Quark Drive|[fromitem]\n|-start|p1a: Iron Bundle|quarkdrivespe\n|turn|3\n|\n|t:|1699936119\n|move|p1b: Gholdengo|Protect|p1b: Gholdengo\n|-singleturn|p1b: Gholdengo|Protect\n|move|p1a: Iron Bundle|Icy Wind|p2b: Lilligant|[spread] p2a,p2b\n|-supereffective|p2b: Lilligant\n|-damage|p2a: Flutter Mane|7\/100\n|-enditem|p2b: Lilligant|Focus Sash\n|-damage|p2b: Lilligant|1\/100\n|-unboost|p2a: Flutter Mane|spe|1\n|-unboost|p2b: Lilligant|spe|1\n|move|p2a: Flutter Mane|Shadow Ball|p1b: Gholdengo\n|-activate|p1b: Gholdengo|move: Protect\n|move|p2b: Lilligant|Close Combat|p1a: Iron Bundle\n|-supereffective|p1a: Iron Bundle\n|-damage|p1a: Iron Bundle|5\/100\n|-unboost|p2b: Lilligant|def|1\n|-unboost|p2b: Lilligant|spd|1\n|\n|-heal|p1b: Gholdengo|42\/100|[from] item: Leftovers\n|-end|p2b: Lilligant|move: Taunt\n|upkeep\n|turn|4\n|inactive|CharlienoB has 30 seconds left.\n|inactive|rickncock has 30 seconds left.\n|\n|t:|1699936146\n|move|p1a: Iron Bundle|Icy Wind|p2b: Lilligant|[spread] p2a,p2b\n|-supereffective|p2b: Lilligant\n|-damage|p2a: Flutter Mane|0 fnt\n|-damage|p2b: Lilligant|0 fnt\n|faint|p2a: Flutter Mane\n|-end|p2a: Flutter Mane|Protosynthesis|[silent]\n|faint|p2b: Lilligant\n|move|p1b: Gholdengo|Nasty Plot|p1b: Gholdengo\n|-boost|p1b: Gholdengo|spa|2\n|\n|-heal|p1b: Gholdengo|48\/100|[from] item: Leftovers\n|upkeep\n|\n|t:|1699936150\n|switch|p2a: Indeedee|Indeedee-F, L50, F|100\/100\n|switch|p2b: Armarouge|Armarouge, L50, M|100\/100\n|-fieldstart|move: Psychic Terrain|[from] ability: Psychic Surge|[of] p2a: Indeedee\n|turn|5\n|\n|t:|1699936169\n|move|p2a: Indeedee|Follow Me|p2a: Indeedee\n|-singleturn|p2a: Indeedee|move: Follow Me\n|move|p1a: Iron Bundle|Icy Wind|p2a: Indeedee|[spread] p2a,p2b\n|-resisted|p2b: Armarouge\n|-damage|p2a: Indeedee|83\/100\n|-damage|p2b: Armarouge|91\/100\n|-unboost|p2a: Indeedee|spe|1\n|-unboost|p2b: Armarouge|spe|1\n|move|p1b: Gholdengo|Make It Rain|p2a: Indeedee|[spread] p2a,p2b\n|-resisted|p2b: Armarouge\n|-damage|p2a: Indeedee|7\/100\n|-damage|p2b: Armarouge|47\/100\n|-unboost|p1b: Gholdengo|spa|1\n|move|p2b: Armarouge|Trick Room|p2b: Armarouge\n|-fieldstart|move: Trick Room|[of] p2b: Armarouge\n|\n|-heal|p1b: Gholdengo|54\/100|[from] item: Leftovers\n|-sideend|p1: CharlienoB|move: Tailwind\n|upkeep\n|turn|6\n|inactive|CharlienoB has 30 seconds left.\n|\n|t:|1699936197\n|move|p2a: Indeedee|Helping Hand|p2b: Armarouge\n|-singleturn|p2b: Armarouge|Helping Hand|[of] p2a: Indeedee\n|move|p1b: Gholdengo|Protect|p1b: Gholdengo\n|-singleturn|p1b: Gholdengo|Protect\n|move|p2b: Armarouge|Expanding Force|p1a: Iron Bundle|[spread] p1a\n|-activate|p1b: Gholdengo|move: Protect\n|-damage|p1a: Iron Bundle|0 fnt\n|faint|p1a: Iron Bundle\n|-end|p1a: Iron Bundle|Quark Drive|[silent]\n|-damage|p2b: Armarouge|37\/100|[from] item: Life Orb\n|\n|-heal|p1b: Gholdengo|60\/100|[from] item: Leftovers\n|upkeep\n|\n|t:|1699936211\n|switch|p1a: Iron Hands|Iron Hands, L50|100\/100\n|turn|7\n|inactive|rickncock has 30 seconds left.\n|inactive|rickncock has 20 seconds left.\n|\n|t:|1699936248\n|-terastallize|p1b: Gholdengo|Dragon\n|move|p2a: Indeedee|Follow Me|p2a: Indeedee\n|-singleturn|p2a: Indeedee|move: Follow Me\n|move|p2b: Armarouge|Heat Wave|p1a: Iron Hands|[spread] p1b\n|-miss|p2b: Armarouge|p1a: Iron Hands\n|-resisted|p1b: Gholdengo\n|-damage|p1b: Gholdengo|38\/100\n|-damage|p2b: Armarouge|27\/100|[from] item: Life Orb\n|move|p1a: Iron Hands|Drain Punch|p2a: Indeedee\n|-damage|p2a: Indeedee|0 fnt\n|-damage|p1a: Iron Hands|84\/100|[from] item: Rocky Helmet|[of] p2a: Indeedee\n|faint|p2a: Indeedee\n|move|p1b: Gholdengo|Make It Rain|p2b: Armarouge\n|-resisted|p2b: Armarouge\n|-damage|p2b: Armarouge|0 fnt\n|-unboost|p1b: Gholdengo|spa|1\n|faint|p2b: Armarouge\n|\n|win|CharlienoB\n|raw|CharlienoB's rating: 1117 &rarr; <strong>1136<\/strong><br \/>(+19 for winning)\n|raw|rickncock's rating: 1031 &rarr; <strong>1020<\/strong><br \/>(-11 for losing)\n|l|\u2606rickncock\n","uploadtime":1699936280,"views":16,"p1id":"charlienob","p2id":"rickncock","formatid":"gen9vgc2023regulatione","rating":1020,"private":0,"password":""}