{"id":"gen9vgc2023regulatione-2000413537","p1":"helio787","p2":"bibellykelly","format":"[Gen 9] VGC 2023 Regulation E","log":"|j|\u2606helio787\n|j|\u2606bibellykelly\n|t:|1701192743\n|gametype|doubles\n|player|p1|helio787|170|1063\n|player|p2|bibellykelly|265|1000\n|teamsize|p1|6\n|teamsize|p2|6\n|gen|9\n|tier|[Gen 9] VGC 2023 Regulation E\n|rated|\n|rule|Species Clause: Limit one of each Pok\u00e9mon\n|rule|Item Clause: Limit one of each item\n|clearpoke\n|poke|p1|Arcanine-Hisui, L50, M|\n|poke|p1|Gholdengo, L50|\n|poke|p1|Chien-Pao, L50|\n|poke|p1|Tornadus, L50, M|\n|poke|p1|Gastrodon, L50, F|\n|poke|p1|Rillaboom, L50, M|\n|poke|p2|Urshifu-*, L50, M|\n|poke|p2|Arbok, L50, F|\n|poke|p2|Arcanine-Hisui, L50, F|\n|poke|p2|Amoonguss, L50, M|\n|poke|p2|Chien-Pao, L50|\n|poke|p2|Chi-Yu, L50|\n|teampreview|4\n|\n|t:|1701192765\n|start\n|switch|p1a: Gholdengo|Gholdengo, L50|100\/100\n|switch|p1b: Gastrodon|Gastrodon, L50, F|100\/100\n|switch|p2a: Arbok|Arbok, L50, F|100\/100\n|switch|p2b: Arcanine|Arcanine-Hisui, L50, F|100\/100\n|-ability|p2b: Arcanine|Intimidate|boost\n|-unboost|p1a: Gholdengo|atk|1\n|-unboost|p1b: Gastrodon|atk|1\n|-ability|p2a: Arbok|Intimidate|boost\n|-unboost|p1a: Gholdengo|atk|1\n|-unboost|p1b: Gastrodon|atk|1\n|turn|1\n|\n|t:|1701192787\n|-terastallize|p2b: Arcanine|Fairy\n|move|p1a: Gholdengo|Protect|p1a: Gholdengo\n|-singleturn|p1a: Gholdengo|Protect\n|move|p2b: Arcanine|Extreme Speed|p1b: Gastrodon\n|-damage|p1b: Gastrodon|71\/100\n|-damage|p2b: Arcanine|90\/100|[from] item: Life Orb\n|move|p2a: Arbok|Knock Off|p1a: Gholdengo\n|-activate|p1a: Gholdengo|move: Protect\n|move|p1b: Gastrodon|Earth Power|p2b: Arcanine\n|-damage|p2b: Arcanine|53\/100\n|\n|-heal|p1b: Gastrodon|77\/100|[from] item: Leftovers\n|upkeep\n|turn|2\n|\n|t:|1701192818\n|switch|p1a: Rillaboom|Rillaboom, L50, M|100\/100\n|-fieldstart|move: Grassy Terrain|[from] ability: Grassy Surge|[of] p1a: Rillaboom\n|switch|p2b: Chien-Pao|Chien-Pao, L50|100\/100\n|-ability|p2b: Chien-Pao|Sword of Ruin\n|move|p2a: Arbok|Knock Off|p1a: Rillaboom\n|-damage|p1a: Rillaboom|64\/100\n|-enditem|p1a: Rillaboom|Life Orb|[from] move: Knock Off|[of] p2a: Arbok\n|move|p1b: Gastrodon|Earth Power|p2a: Arbok\n|-supereffective|p2a: Arbok\n|-damage|p2a: Arbok|1\/100\n|\n|-heal|p2a: Arbok|7\/100|[from] Grassy Terrain\n|-heal|p1a: Rillaboom|70\/100|[from] Grassy Terrain\n|-heal|p1b: Gastrodon|83\/100|[from] Grassy Terrain\n|-heal|p1b: Gastrodon|89\/100|[from] item: Leftovers\n|upkeep\n|turn|3\n|\n|t:|1701192844\n|move|p1a: Rillaboom|Fake Out|p2b: Chien-Pao\n|-damage|p2b: Chien-Pao|80\/100\n|cant|p2b: Chien-Pao|flinch\n|move|p2a: Arbok|Scale Shot|p1b: Gastrodon\n|-damage|p1b: Gastrodon|79\/100\n|-damage|p1b: Gastrodon|71\/100\n|-damage|p1b: Gastrodon|62\/100\n|-damage|p1b: Gastrodon|53\/100\n|-damage|p1b: Gastrodon|43\/100\n|-hitcount|p1b: Gastrodon|5\n|-unboost|p2a: Arbok|def|1\n|-boost|p2a: Arbok|spe|1\n|move|p1b: Gastrodon|Earth Power|p2a: Arbok\n|-supereffective|p2a: Arbok\n|-damage|p2a: Arbok|0 fnt\n|faint|p2a: Arbok\n|\n|-heal|p2b: Chien-Pao|86\/100|[from] Grassy Terrain\n|-heal|p1a: Rillaboom|76\/100|[from] Grassy Terrain\n|-heal|p1b: Gastrodon|49\/100|[from] Grassy Terrain\n|-heal|p1b: Gastrodon|55\/100|[from] item: Leftovers\n|upkeep\n|\n|t:|1701192866\n|switch|p2a: Arcanine|Arcanine-Hisui, L50, F, tera:Fairy|53\/100\n|-ability|p2a: Arcanine|Intimidate|boost\n|-unboost|p1a: Rillaboom|atk|1\n|-unboost|p1b: Gastrodon|atk|1\n|turn|4\n|\n|t:|1701192893\n|move|p1a: Rillaboom|Grassy Glide|p2a: Arcanine\n|-damage|p2a: Arcanine|15\/100\n|move|p2b: Chien-Pao|Sacred Sword|p1b: Gastrodon\n|-damage|p1b: Gastrodon|12\/100\n|move|p2a: Arcanine|Flare Blitz|p1a: Rillaboom\n|-supereffective|p1a: Rillaboom\n|-damage|p1a: Rillaboom|0 fnt\n|faint|p1a: Rillaboom\n|-damage|p2a: Arcanine|0 fnt|[from] Recoil\n|faint|p2a: Arcanine\n|move|p1b: Gastrodon|Hydro Pump|p2b: Chien-Pao\n|-damage|p2b: Chien-Pao|17\/100\n|\n|-heal|p2b: Chien-Pao|23\/100|[from] Grassy Terrain\n|-heal|p1b: Gastrodon|17\/100|[from] Grassy Terrain\n|-heal|p1b: Gastrodon|23\/100|[from] item: Leftovers\n|upkeep\n|\n|t:|1701192913\n|switch|p2a: Amoonguss|Amoonguss, L50, M|100\/100\n|switch|p1a: Gholdengo|Gholdengo, L50|100\/100\n|turn|5\n|\n|t:|1701192939\n|-terastallize|p1a: Gholdengo|Steel\n|move|p1a: Gholdengo|Trick|p2a: Amoonguss\n|-activate|p1a: Gholdengo|move: Trick|[of] p2a: Amoonguss\n|-item|p2a: Amoonguss|Choice Scarf|[from] move: Trick\n|-item|p1a: Gholdengo|Leftovers|[from] move: Trick\n|move|p2b: Chien-Pao|Sacred Sword|p1b: Gastrodon\n|-damage|p1b: Gastrodon|0 fnt\n|faint|p1b: Gastrodon\n|move|p2a: Amoonguss|Spore|p1a: Gholdengo\n|-immune|p1a: Gholdengo|[from] ability: Good as Gold\n|\n|-heal|p2b: Chien-Pao|29\/100|[from] Grassy Terrain\n|upkeep\n|\n|t:|1701192953\n|switch|p1b: Chien-Pao|Chien-Pao, L50|100\/100\n|-ability|p1b: Chien-Pao|Sword of Ruin\n|turn|6\n|\n|t:|1701192963\n|move|p1b: Chien-Pao|Ice Spinner|p2a: Amoonguss\n|-supereffective|p2a: Amoonguss\n|-crit|p2a: Amoonguss\n|-damage|p2a: Amoonguss|0 fnt\n|-fieldend|move: Grassy Terrain\n|faint|p2a: Amoonguss\n|move|p2b: Chien-Pao|Sacred Sword|p1a: Gholdengo\n|-supereffective|p1a: Gholdengo\n|-damage|p1a: Gholdengo|6\/100\n|move|p1a: Gholdengo|Make It Rain|p2b: Chien-Pao\n|-supereffective|p2b: Chien-Pao\n|-crit|p2b: Chien-Pao\n|-damage|p2b: Chien-Pao|0 fnt\n|-unboost|p1a: Gholdengo|spa|1\n|faint|p2b: Chien-Pao\n|\n|win|helio787\n|raw|helio787's rating: 1063 &rarr; <strong>1088<\/strong><br \/>(+25 for winning)\n|raw|bibellykelly's rating: 1000 &rarr; <strong>1000<\/strong><br \/>(+0 for losing)\n|l|\u2606bibellykelly\n","uploadtime":1701192980,"views":5,"p1id":"helio787","p2id":"bibellykelly","formatid":"gen9vgc2023regulatione","rating":1000,"private":0,"password":""}