{"id":"gen9vgc2023regulatione-1999270065","p1":"Kagy123","p2":"Storm149","format":"[Gen 9] VGC 2023 Regulation E","log":"|j|\u2606Kagy123\n|j|\u2606Storm149\n|t:|1701053163\n|gametype|doubles\n|player|p1|Kagy123|1|\n|player|p2|Storm149|1|\n|teamsize|p1|6\n|teamsize|p2|6\n|gen|9\n|tier|[Gen 9] VGC 2023 Regulation E\n|rule|Species Clause: Limit one of each Pok\u00e9mon\n|rule|Item Clause: Limit one of each item\n|clearpoke\n|poke|p1|Dondozo, L50, F|\n|poke|p1|Tatsugiri, L50, M|\n|poke|p1|Oricorio-Pom-Pom, L50, M|\n|poke|p1|Roaring Moon, L50|\n|poke|p1|Infernape, L50, F|\n|poke|p1|Gengar, L50, M|\n|poke|p2|Hatterene, L50, F|\n|poke|p2|Glastrier, L50|\n|poke|p2|Ursaluna-Bloodmoon, L50, M|\n|poke|p2|Foongus, L50, M|\n|poke|p2|Slowbro-Galar, L50, M|\n|poke|p2|Fezandipiti, L50, M|\n|teampreview|4\nStorm149 rejected open team sheets.\n|c|\u2606Storm149|g1\n|c|\u2606Storm149|glhf\n|c|\u2606Kagy123|glhf\n|\n|t:|1701053254\n|start\n|switch|p1a: Mr. Hands|Infernape, L50, F|100\/100\n|switch|p1b: Jenjar|Gengar, L50, M|100\/100\n|switch|p2a: Dark Magician Girl|Hatterene, L50, F|100\/100\n|switch|p2b: Ursaluna|Ursaluna-Bloodmoon, L50, M|100\/100\n|turn|1\n|j| Katefromhighschool\n|j| espurridan\n|\n|t:|1701053347\n|-terastallize|p2a: Dark Magician Girl|Water\n|move|p1a: Mr. Hands|Fake Out|p2b: Ursaluna\n|-damage|p2b: Ursaluna|91\/100\n|move|p1b: Jenjar|Taunt|p2a: Dark Magician Girl\n|move|p2a: Dark Magician Girl|Taunt|p1b: Jenjar|[from]ability: Magic Bounce\n|-start|p1b: Jenjar|move: Taunt\n|cant|p2b: Ursaluna|flinch\n|move|p2a: Dark Magician Girl|Psychic|p1b: Jenjar\n|-supereffective|p1b: Jenjar\n|-damage|p1b: Jenjar|0 fnt\n|faint|p1b: Jenjar\n|\n|upkeep\n|\n|t:|1701053360\n|switch|p1b: Don Cheadle|Dondozo, L50, F|100\/100\n|turn|2\n|\n|t:|1701053379\n|move|p1b: Don Cheadle|Protect|p1b: Don Cheadle\n|-singleturn|p1b: Don Cheadle|Protect\n|move|p1a: Mr. Hands|Fire Punch|p2b: Ursaluna\n|-damage|p2b: Ursaluna|65\/100\n|move|p2b: Ursaluna|Hyper Voice|p1b: Don Cheadle|[spread] p1a\n|-activate|p1b: Don Cheadle|move: Protect\n|-damage|p1a: Mr. Hands|69\/100\n|-enditem|p2b: Ursaluna|Throat Spray\n|-boost|p2b: Ursaluna|spa|1|[from] item: Throat Spray\n|move|p2a: Dark Magician Girl|Trick Room|p2a: Dark Magician Girl\n|-fieldstart|move: Trick Room|[of] p2a: Dark Magician Girl\n|\n|upkeep\n|turn|3\n|\n|t:|1701053414\n|move|p2a: Dark Magician Girl|Psychic|p1a: Mr. Hands\n|-supereffective|p1a: Mr. Hands\n|-damage|p1a: Mr. Hands|0 fnt\n|faint|p1a: Mr. Hands\n|move|p2b: Ursaluna|Blood Moon|p1b: Don Cheadle\n|-damage|p1b: Don Cheadle|22\/100\n|move|p1b: Don Cheadle|Wave Crash|p2b: Ursaluna\n|-supereffective|p2b: Ursaluna\n|-damage|p2b: Ursaluna|0 fnt\n|faint|p2b: Ursaluna\n|-damage|p1b: Don Cheadle|4\/100|[from] Recoil\n|\n|-heal|p1b: Don Cheadle|10\/100|[from] item: Leftovers\n|upkeep\n|\n|t:|1701053426\n|switch|p2b: Glastrier|Glastrier, L50|100\/100\n|switch|p1a: Cheeto|Tatsugiri, L50, M|100\/100\n|-activate|p1a: Cheeto|ability: Commander|[of] p1b: Don Cheadle\n|-boost|p1b: Don Cheadle|atk|2\n|-boost|p1b: Don Cheadle|spa|2\n|-boost|p1b: Don Cheadle|spe|2\n|-boost|p1b: Don Cheadle|def|2\n|-boost|p1b: Don Cheadle|spd|2\n|turn|4\n|\n|t:|1701053440\n|move|p2a: Dark Magician Girl|Dazzling Gleam|p1b: Don Cheadle|[spread] p1b\n|-miss|p2a: Dark Magician Girl|p1a: Cheeto\n|-damage|p1b: Don Cheadle|0 fnt\n|faint|p1b: Don Cheadle\n|move|p2b: Glastrier|High Horsepower|p1a: Cheeto\n|-damage|p1a: Cheeto|4\/100\n|-damage|p2b: Glastrier|91\/100|[from] item: Life Orb\n|\n|upkeep\n|turn|5\n|\n|t:|1701053453\n|move|p2a: Dark Magician Girl|Dazzling Gleam|p1a: Cheeto\n|-supereffective|p1a: Cheeto\n|-damage|p1a: Cheeto|0 fnt\n|faint|p1a: Cheeto\n|\n|win|Storm149\n|c|\u2606Storm149|gg\n","uploadtime":1701053460,"views":20,"p1id":"kagy123","p2id":"storm149","formatid":"gen9vgc2023regulatione","rating":0,"private":0,"password":""}