{"id":"gen9vgc2023regulatione-1988218929","p1":"cl123","p2":"Jman1297","format":"[Gen 9] VGC 2023 Regulation E","log":"|j|\u2606cl123\n|j|\u2606Jman1297\n|t:|1699687667\n|gametype|doubles\n|player|p1|cl123|102|1291\n|player|p2|Jman1297|ghetsis-gen5bw|1198\n|teamsize|p1|6\n|teamsize|p2|6\n|gen|9\n|tier|[Gen 9] VGC 2023 Regulation E\n|rated|\n|rule|Species Clause: Limit one of each Pok\u00e9mon\n|rule|Item Clause: Limit one of each item\n|clearpoke\n|poke|p1|Chien-Pao, L50|\n|poke|p1|Gothitelle, L50, F|\n|poke|p1|Chi-Yu, L50|\n|poke|p1|Kommo-o, L50, F|\n|poke|p1|Dragonite, L50, F|\n|poke|p1|Munkidori, L50, M|\n|poke|p2|Zapdos-Galar, L50|\n|poke|p2|Indeedee-F, L50, F|\n|poke|p2|Wyrdeer, L50, M|\n|poke|p2|Iron Bundle, L50|\n|poke|p2|Fezandipiti, L50, M|\n|poke|p2|Ursaluna-Bloodmoon, L50, M|\n|teampreview|4\n|\n|t:|1699687736\n|start\n|switch|p1a: Munkidori|Munkidori, L50, M|100\/100\n|switch|p1b: Chi-Yu|Chi-Yu, L50|100\/100\n|switch|p2a: Iron Bundle|Iron Bundle, L50|100\/100\n|switch|p2b: Indeedee|Indeedee-F, L50, F, shiny|100\/100\n|-item|p2a: Iron Bundle|Booster Energy|[from] ability: Frisk|[of] p1a: Munkidori|[identify]\n|-item|p2b: Indeedee|Rocky Helmet|[from] ability: Frisk|[of] p1a: Munkidori|[identify]\n|-ability|p1b: Chi-Yu|Beads of Ruin\n|-fieldstart|move: Psychic Terrain|[from] ability: Psychic Surge|[of] p2b: Indeedee\n|-enditem|p2a: Iron Bundle|Booster Energy\n|-activate|p2a: Iron Bundle|ability: Quark Drive|[fromitem]\n|-start|p2a: Iron Bundle|quarkdrivespe\n|turn|1\n|\n|t:|1699687806\n|switch|p2b: Zapdos|Zapdos-Galar, L50|100\/100\n|-terastallize|p1b: Chi-Yu|Dark\n|move|p2a: Iron Bundle|Icy Wind|p1b: Chi-Yu|[spread] p1a,p1b\n|-damage|p1a: Munkidori|67\/100\n|-damage|p1b: Chi-Yu|81\/100\n|-unboost|p1b: Chi-Yu|spe|1\n|move|p1a: Munkidori|Psychic|p2a: Iron Bundle\n|-damage|p2a: Iron Bundle|0 fnt\n|faint|p2a: Iron Bundle\n|-end|p2a: Iron Bundle|Quark Drive|[silent]\n|move|p1b: Chi-Yu|Heat Wave|p2b: Zapdos\n|-damage|p2b: Zapdos|30\/100\n|\n|upkeep\n|\n|t:|1699687823\n|switch|p2a: Wyrdeer|Wyrdeer, L50, M, shiny|100\/100\n|-ability|p2a: Wyrdeer|Intimidate|boost\n|-unboost|p1a: Munkidori|atk|1\n|-unboost|p1b: Chi-Yu|atk|1\n|turn|2\n|\n|t:|1699687850\n|-terastallize|p2b: Zapdos|Steel\n|move|p2b: Zapdos|Thunderous Kick|p1b: Chi-Yu\n|-supereffective|p1b: Chi-Yu\n|-crit|p1b: Chi-Yu\n|-damage|p1b: Chi-Yu|0 fnt\n|faint|p1b: Chi-Yu\n|move|p1a: Munkidori|Psychic|p2b: Zapdos\n|-resisted|p2b: Zapdos\n|-damage|p2b: Zapdos|0 fnt\n|faint|p2b: Zapdos\n|move|p2a: Wyrdeer|Skill Swap|p1a: Munkidori\n|-activate|p2a: Wyrdeer|move: Skill Swap|Frisk|Intimidate|[of] p1a: Munkidori\n|-item|p1a: Munkidori|Covert Cloak|[from] ability: Frisk|[of] p2a: Wyrdeer|[identify]\n|-ability|p1a: Munkidori|Intimidate|boost\n|-unboost|p2a: Wyrdeer|atk|1\n|\n|upkeep\n|\n|t:|1699687873\n|switch|p2b: Indeedee|Indeedee-F, L50, F, shiny|100\/100\n|switch|p1b: Dragonite|Dragonite, L50, F|100\/100\n|turn|3\n|\n|t:|1699687895\n|move|p1a: Munkidori|Psychic|p2b: Indeedee\n|-resisted|p2b: Indeedee\n|-damage|p2b: Indeedee|70\/100\n|move|p2b: Indeedee|Psyshock|p1a: Munkidori\n|-damage|p1a: Munkidori|15\/100\n|move|p1b: Dragonite|Outrage|p2b: Indeedee\n|-damage|p2b: Indeedee|0 fnt\n|-damage|p1b: Dragonite|84\/100|[from] item: Rocky Helmet|[of] p2b: Indeedee\n|faint|p2b: Indeedee\n|move|p2a: Wyrdeer|Trick Room|p2a: Wyrdeer\n|-fieldstart|move: Trick Room|[of] p2a: Wyrdeer\n|\n|upkeep\n|turn|4\n|\n|t:|1699687915\n|move|p2a: Wyrdeer|Psyshield Bash|p1a: Munkidori\n|-damage|p1a: Munkidori|0 fnt\n|-boost|p2a: Wyrdeer|def|1\n|faint|p1a: Munkidori\n|move|p1b: Dragonite|Outrage|p2a: Wyrdeer|[from]lockedmove\n|-damage|p2a: Wyrdeer|43\/100\n|-start|p1b: Dragonite|confusion|[fatigue]\n|\n|upkeep\n|\n|t:|1699687923\n|switch|p1a: Chien-Pao|Chien-Pao, L50|100\/100\n|-ability|p1a: Chien-Pao|Sword of Ruin\n|turn|5\n|\n|t:|1699687933\n|move|p1a: Chien-Pao|Sucker Punch|p2a: Wyrdeer\n|-activate|p2a: Wyrdeer|move: Psychic Terrain\n|move|p2a: Wyrdeer|Psyshield Bash|p1b: Dragonite\n|-damage|p1b: Dragonite|61\/100\n|-boost|p2a: Wyrdeer|def|1\n|-activate|p1b: Dragonite|confusion\n|move|p1b: Dragonite|Outrage|p2a: Wyrdeer\n|-damage|p2a: Wyrdeer|0 fnt\n|faint|p2a: Wyrdeer\n|\n|win|cl123\n|raw|cl123's rating: 1291 &rarr; <strong>1309<\/strong><br \/>(+18 for winning)\n|raw|Jman1297's rating: 1198 &rarr; <strong>1180<\/strong><br \/>(-18 for losing)\n|l|\u2606Jman1297\n","uploadtime":1699687948,"views":27,"p1id":"cl123","p2id":"jman1297","formatid":"gen9vgc2023regulatione","rating":1180,"private":0,"password":""}