{"id":"gen9vgc2023regulatione-1994733548","p1":"Slashhappyp","p2":"Lu__thewriter","format":"[Gen 9] VGC 2023 Regulation E","log":"|j|\u2606Slashhappyp\n|j|\u2606Lu__thewriter\n|t:|1700487090\n|gametype|doubles\n|player|p1|Slashhappyp|102|1345\n|player|p2|Lu__thewriter|266|1390\n|teamsize|p1|6\n|teamsize|p2|6\n|gen|9\n|tier|[Gen 9] VGC 2023 Regulation E\n|rated|\n|rule|Species Clause: Limit one of each Pok\u00e9mon\n|rule|Item Clause: Limit one of each item\n|clearpoke\n|poke|p1|Dusknoir, L50, M|\n|poke|p1|Torkoal, L50, M|\n|poke|p1|Chi-Yu, L50|\n|poke|p1|Ursaluna, L50, F|\n|poke|p1|Flutter Mane, L50|\n|poke|p1|Lilligant, L50, F|\n|poke|p2|Urshifu-*, L50, M|\n|poke|p2|Tornadus, L50, M|\n|poke|p2|Chien-Pao, L50|\n|poke|p2|Flutter Mane, L50|\n|poke|p2|Amoonguss, L50, F|\n|poke|p2|Dragonite, L50, M|\n|teampreview|4\n|inactive|Battle timer is ON: inactive players will automatically lose when time's up. (requested by Lu__thewriter)\n|\n|t:|1700487115\n|start\n|switch|p1a: Dusknoir|Dusknoir, L50, M, shiny|100\/100\n|switch|p1b: Chi-Yu|Chi-Yu, L50|100\/100\n|switch|p2a: Tornadus|Tornadus, L50, M|100\/100\n|switch|p2b: Urshifu|Urshifu-Rapid-Strike, L50, M|100\/100\n|-ability|p1b: Chi-Yu|Beads of Ruin\n|-item|p2a: Tornadus|Covert Cloak|[from] ability: Frisk|[of] p1a: Dusknoir|[identify]\n|-item|p2b: Urshifu|Choice Scarf|[from] ability: Frisk|[of] p1a: Dusknoir|[identify]\n|turn|1\n|\n|t:|1700487138\n|-terastallize|p1b: Chi-Yu|Grass\n|move|p2a: Tornadus|Tailwind|p2a: Tornadus\n|-sidestart|p2: Lu__thewriter|move: Tailwind\n|move|p2b: Urshifu|Surging Strikes|p1b: Chi-Yu\n|-resisted|p1b: Chi-Yu\n|-crit|p1b: Chi-Yu\n|-damage|p1b: Chi-Yu|84\/100\n|-resisted|p1b: Chi-Yu\n|-crit|p1b: Chi-Yu\n|-damage|p1b: Chi-Yu|67\/100\n|-resisted|p1b: Chi-Yu\n|-crit|p1b: Chi-Yu\n|-damage|p1b: Chi-Yu|50\/100\n|-hitcount|p1b: Chi-Yu|3\n|move|p1b: Chi-Yu|Tera Blast|p2b: Urshifu|[anim] Tera Blast Grass\n|-supereffective|p2b: Urshifu\n|-damage|p2b: Urshifu|0 fnt\n|faint|p2b: Urshifu\n|move|p1a: Dusknoir|Trick Room|p1a: Dusknoir\n|-fieldstart|move: Trick Room|[of] p1a: Dusknoir\n|\n|upkeep\n|\n|t:|1700487160\n|switch|p2b: Amoonguss|Amoonguss, L50, F|100\/100\n|turn|2\n|\n|t:|1700487177\n|switch|p1b: Ursaluna|Ursaluna, L50, F|100\/100\n|-terastallize|p2a: Tornadus|Flying\n|move|p1a: Dusknoir|Protect|p1a: Dusknoir\n|-singleturn|p1a: Dusknoir|Protect\n|move|p2b: Amoonguss|Rage Powder|p2b: Amoonguss\n|-singleturn|p2b: Amoonguss|move: Rage Powder\n|move|p2a: Tornadus|Bleakwind Storm|p1b: Ursaluna|[spread] p1b\n|-activate|p1a: Dusknoir|move: Protect\n|-damage|p1b: Ursaluna|57\/100\n|-unboost|p1b: Ursaluna|spe|1\n|\n|-status|p1b: Ursaluna|brn|[from] item: Flame Orb\n|upkeep\n|turn|3\n|inactive|Slashhappyp has 30 seconds left.\n|inactive|Lu__thewriter has 30 seconds left.\n|\n|t:|1700487210\n|move|p2b: Amoonguss|Rage Powder|p2b: Amoonguss\n|-singleturn|p2b: Amoonguss|move: Rage Powder\n|move|p1b: Ursaluna|Facade|p2b: Amoonguss\n|-damage|p2b: Amoonguss|0 fnt\n|faint|p2b: Amoonguss\n|move|p1a: Dusknoir|Phantom Force||[still]\n|-prepare|p1a: Dusknoir|Phantom Force\n|move|p2a: Tornadus|Bleakwind Storm|p1a: Dusknoir|[spread] p1b\n|-miss|p2a: Tornadus|p1a: Dusknoir\n|-damage|p1b: Ursaluna|15\/100 brn\n|-unboost|p1b: Ursaluna|spe|1\n|\n|-damage|p1b: Ursaluna|9\/100 brn|[from] brn\n|upkeep\n|\n|t:|1700487224\n|switch|p2b: Flutter Mane|Flutter Mane, L50|100\/100\n|-enditem|p2b: Flutter Mane|Booster Energy\n|-activate|p2b: Flutter Mane|ability: Protosynthesis|[fromitem]\n|-start|p2b: Flutter Mane|protosynthesisspa\n|turn|4\n|\n|t:|1700487233\n|move|p2a: Tornadus|Protect|p2a: Tornadus\n|-singleturn|p2a: Tornadus|Protect\n|move|p2b: Flutter Mane|Protect|p2b: Flutter Mane\n|-singleturn|p2b: Flutter Mane|Protect\n|move|p1b: Ursaluna|Facade|p2a: Tornadus\n|-activate|p2a: Tornadus|move: Protect\n|move|p1a: Dusknoir|Phantom Force|p2a: Tornadus|[from]lockedmove\n|-activate|p2a: Tornadus|move: Phantom Force|[broken]\n|-damage|p2a: Tornadus|47\/100\n|\n|-damage|p1b: Ursaluna|3\/100 brn|[from] brn\n|-sideend|p2: Lu__thewriter|move: Tailwind\n|upkeep\n|turn|5\n|inactive|Slashhappyp has 30 seconds left.\n|\n|t:|1700487264\n|move|p1b: Ursaluna|Play Rough|p2b: Flutter Mane\n|-damage|p2b: Flutter Mane|12\/100\n|-unboost|p2b: Flutter Mane|atk|1\n|move|p2a: Tornadus|Bleakwind Storm|p1a: Dusknoir|[spread] p1a,p1b\n|-damage|p1a: Dusknoir|58\/100\n|-damage|p1b: Ursaluna|0 fnt\n|-unboost|p1a: Dusknoir|spe|1\n|faint|p1b: Ursaluna\n|move|p2b: Flutter Mane|Dazzling Gleam|p1a: Dusknoir\n|-damage|p1a: Dusknoir|11\/100\n|move|p1a: Dusknoir|Trick Room|p1a: Dusknoir\n|-fieldend|move: Trick Room\n|\n|upkeep\n|inactive|Slashhappyp has 30 seconds left.\n|inactive|Slashhappyp has 20 seconds left.\n|inactive|Slashhappyp has 15 seconds left.\n|\n|t:|1700487307\n|switch|p1b: Torkoal|Torkoal, L50, M, shiny|100\/100\n|-weather|SunnyDay|[from] ability: Drought|[of] p1b: Torkoal\n|turn|6\n|\n|t:|1700487329\n|move|p2b: Flutter Mane|Moonblast|p1b: Torkoal\n|-resisted|p1b: Torkoal\n|-damage|p1b: Torkoal|56\/100\n|move|p2a: Tornadus|Bleakwind Storm|p1a: Dusknoir|[spread] p1a,p1b\n|-damage|p1a: Dusknoir|0 fnt\n|-damage|p1b: Torkoal|0 fnt\n|faint|p1a: Dusknoir\n|faint|p1b: Torkoal\n|\n|-weather|SunnyDay|[upkeep]\n|upkeep\n|\n|t:|1700487337\n|switch|p1b: Chi-Yu|Chi-Yu, L50, tera:Grass|50\/100\n|-ability|p1b: Chi-Yu|Beads of Ruin\n|turn|7\n|\n|t:|1700487349\n|move|p2b: Flutter Mane|Moonblast|p1b: Chi-Yu\n|-damage|p1b: Chi-Yu|0 fnt\n|faint|p1b: Chi-Yu\n|\n|win|Lu__thewriter\n|raw|Slashhappyp's rating: 1345 &rarr; <strong>1328<\/strong><br \/>(-17 for losing)\n|raw|Lu__thewriter's rating: 1390 &rarr; <strong>1407<\/strong><br \/>(+17 for winning)\n|l|\u2606Slashhappyp\n","uploadtime":1700487358,"views":1,"p1id":"slashhappyp","p2id":"luthewriter","formatid":"gen9vgc2023regulatione","rating":1328,"private":0,"password":""}