{"id":"gen9vgc2023regulatione-1992977027","p1":"GSGPhysical","p2":"TheRedRaion","format":"[Gen 9] VGC 2023 Regulation E","log":"|j|\u2606GSGPhysical\n|j|\u2606TheRedRaion\n|t:|1700252031\n|gametype|doubles\n|player|p1|GSGPhysical|266|1231\n|player|p2|TheRedRaion|scientist|1150\n|teamsize|p1|6\n|teamsize|p2|6\n|gen|9\n|tier|[Gen 9] VGC 2023 Regulation E\n|rated|\n|rule|Species Clause: Limit one of each Pok\u00e9mon\n|rule|Item Clause: Limit one of each item\n|clearpoke\n|poke|p1|Ogerpon-Cornerstone, L50, F|\n|poke|p1|Landorus-Therian, L50, M|\n|poke|p1|Sinistcha-Masterpiece, L50|\n|poke|p1|Houndstone, L50, F|\n|poke|p1|Tyranitar, L50, F|\n|poke|p1|Heatran, L50, F|\n|poke|p2|Volcarona, L50, M|\n|poke|p2|Ninetales-Alola, L50, F|\n|poke|p2|Rillaboom, L50, M|\n|poke|p2|Roaring Moon, L50|\n|poke|p2|Sinistcha, L50|\n|poke|p2|Regieleki, L50|\n|teampreview|4\n|inactive|Battle timer is ON: inactive players will automatically lose when time's up. (requested by GSGPhysical)\nGSGPhysical rejected open team sheets.\n|\n|t:|1700252056\n|start\n|switch|p1a: Tyranitar|Tyranitar, L50, F|100\/100\n|switch|p1b: Houndstone|Houndstone, L50, F|100\/100\n|switch|p2a: Regieleki|Regieleki, L50|100\/100\n|switch|p2b: Rillaboom|Rillaboom, L50, M|100\/100\n|-fieldstart|move: Grassy Terrain|[from] ability: Grassy Surge|[of] p2b: Rillaboom\n|-weather|Sandstorm|[from] ability: Sand Stream|[of] p1a: Tyranitar\n|turn|1\n|\n|t:|1700252078\n|switch|p2b: Ninetales|Ninetales-Alola, L50, F|100\/100\n|-weather|Snow|[from] ability: Snow Warning|[of] p2b: Ninetales\n|-terastallize|p2a: Regieleki|Ice\n|move|p1a: Tyranitar|Protect|p1a: Tyranitar\n|-singleturn|p1a: Tyranitar|Protect\n|move|p2a: Regieleki|Tera Blast|p1a: Tyranitar|[anim] Tera Blast Ice\n|-activate|p1a: Tyranitar|move: Protect\n|move|p1b: Houndstone|Will-O-Wisp|p2b: Ninetales\n|-status|p2b: Ninetales|brn\n|\n|-weather|Snow|[upkeep]\n|-damage|p2b: Ninetales|94\/100 brn|[from] brn\n|upkeep\n|turn|2\n|\n|t:|1700252102\n|move|p1b: Houndstone|Ally Switch|p1b: Houndstone\n|swap|p1b: Houndstone|0|[from] move: Ally Switch\n|move|p2a: Regieleki|Tera Blast|p1a: Houndstone|[anim] Tera Blast Ice\n|-damage|p1a: Houndstone|69\/100\n|move|p2b: Ninetales|Aurora Veil|p2b: Ninetales\n|-sidestart|p2: TheRedRaion|move: Aurora Veil\n|move|p1b: Tyranitar|Rock Slide|p2b: Ninetales|[spread] p2b\n|-miss|p1b: Tyranitar|p2a: Regieleki\n|-supereffective|p2b: Ninetales\n|-damage|p2b: Ninetales|51\/100 brn\n|\n|-weather|Snow|[upkeep]\n|-heal|p2b: Ninetales|57\/100 brn|[from] Grassy Terrain\n|-heal|p1a: Houndstone|75\/100|[from] Grassy Terrain\n|-damage|p2b: Ninetales|51\/100 brn|[from] brn\n|upkeep\n|turn|3\n|\n|t:|1700252122\n|switch|p1b: Heatran|Heatran, L50, F|100\/100\n|move|p1a: Houndstone|Protect||[still]\n|-fail|p1a: Houndstone\n|move|p2a: Regieleki|Tera Blast|p1b: Heatran|[anim] Tera Blast Ice\n|-resisted|p1b: Heatran\n|-damage|p1b: Heatran|95\/100\n|move|p2b: Ninetales|Blizzard|p1a: Houndstone|[spread] p1a,p1b\n|-resisted|p1b: Heatran\n|-damage|p1a: Houndstone|52\/100\n|-damage|p1b: Heatran|91\/100\n|\n|-weather|Snow|[upkeep]\n|-heal|p2b: Ninetales|57\/100 brn|[from] Grassy Terrain\n|-heal|p1b: Heatran|97\/100|[from] Grassy Terrain\n|-heal|p1a: Houndstone|59\/100|[from] Grassy Terrain\n|-damage|p2b: Ninetales|51\/100 brn|[from] brn\n|upkeep\n|turn|4\n|\n|t:|1700252142\n|switch|p2b: Roaring Moon|Roaring Moon, L50|100\/100\n|-enditem|p2b: Roaring Moon|Booster Energy\n|-activate|p2b: Roaring Moon|ability: Protosynthesis|[fromitem]\n|-start|p2b: Roaring Moon|protosynthesisatk\n|switch|p1b: Tyranitar|Tyranitar, L50, F|100\/100\n|-weather|Sandstorm|[from] ability: Sand Stream|[of] p1b: Tyranitar\n|move|p2a: Regieleki|Electroweb|p1a: Houndstone|[spread] p1a,p1b\n|-damage|p1a: Houndstone|38\/100\n|-damage|p1b: Tyranitar|83\/100\n|-unboost|p1a: Houndstone|spe|1\n|move|p1a: Houndstone|Will-O-Wisp|p2a: Regieleki\n|-status|p2a: Regieleki|brn\n|\n|-weather|Sandstorm|[upkeep]\n|-damage|p2a: Regieleki|95\/100 brn|[from] Sandstorm\n|-damage|p2b: Roaring Moon|94\/100|[from] Sandstorm\n|-heal|p2a: Regieleki|100\/100 brn|[from] Grassy Terrain\n|-heal|p2b: Roaring Moon|100\/100|[from] Grassy Terrain\n|-heal|p1a: Houndstone|45\/100|[from] Grassy Terrain\n|-heal|p1b: Tyranitar|90\/100|[from] Grassy Terrain\n|-damage|p2a: Regieleki|95\/100 brn|[from] brn\n|upkeep\n|turn|5\n|inactive|GSGPhysical has 30 seconds left.\n|\n|t:|1700252174\n|switch|p2a: Ninetales|Ninetales-Alola, L50, F|51\/100 brn\n|-weather|Snow|[from] ability: Snow Warning|[of] p2a: Ninetales\n|move|p2b: Roaring Moon|Dragon Dance|p2b: Roaring Moon\n|-boost|p2b: Roaring Moon|atk|1\n|-boost|p2b: Roaring Moon|spe|1\n|move|p1b: Tyranitar|Rock Slide|p2a: Ninetales|[spread] p2a,p2b\n|-supereffective|p2a: Ninetales\n|-damage|p2a: Ninetales|7\/100 brn\n|-damage|p2b: Roaring Moon|78\/100\n|move|p1a: Houndstone|Will-O-Wisp|p2b: Roaring Moon\n|-status|p2b: Roaring Moon|brn\n|\n|-weather|Snow|[upkeep]\n|-heal|p2b: Roaring Moon|84\/100 brn|[from] Grassy Terrain\n|-heal|p2a: Ninetales|13\/100 brn|[from] Grassy Terrain\n|-heal|p1b: Tyranitar|96\/100|[from] Grassy Terrain\n|-heal|p1a: Houndstone|51\/100|[from] Grassy Terrain\n|-damage|p2b: Roaring Moon|78\/100 brn|[from] brn\n|-damage|p2a: Ninetales|7\/100 brn|[from] brn\n|-fieldend|move: Grassy Terrain\n|upkeep\n|turn|6\n|inactive|GSGPhysical has 30 seconds left.\n|\n|t:|1700252207\n|switch|p1b: Heatran|Heatran, L50, F|97\/100\n|move|p1a: Houndstone|Protect|p1a: Houndstone\n|-singleturn|p1a: Houndstone|Protect\n|move|p2b: Roaring Moon|Throat Chop|p1a: Houndstone\n|-activate|p1a: Houndstone|move: Protect\n|move|p2a: Ninetales|Blizzard|p1b: Heatran|[spread] p1b\n|-activate|p1a: Houndstone|move: Protect\n|-resisted|p1b: Heatran\n|-damage|p1b: Heatran|92\/100\n|\n|-weather|Snow|[upkeep]\n|-damage|p2b: Roaring Moon|72\/100 brn|[from] brn\n|-damage|p2a: Ninetales|1\/100 brn|[from] brn\n|upkeep\n|turn|7\n|\n|t:|1700252224\n|switch|p2a: Rillaboom|Rillaboom, L50, M|100\/100\n|-fieldstart|move: Grassy Terrain|[from] ability: Grassy Surge|[of] p2a: Rillaboom\n|switch|p1a: Tyranitar|Tyranitar, L50, F|96\/100\n|-weather|Sandstorm|[from] ability: Sand Stream|[of] p1a: Tyranitar\n|move|p2b: Roaring Moon|Throat Chop|p1a: Tyranitar\n|-resisted|p1a: Tyranitar\n|-damage|p1a: Tyranitar|77\/100\n|-start|p1a: Tyranitar|Throat Chop|[silent]\n|move|p1b: Heatran|Heat Wave|p2a: Rillaboom|[spread] p2a,p2b\n|-supereffective|p2a: Rillaboom\n|-resisted|p2b: Roaring Moon\n|-damage|p2a: Rillaboom|64\/100\n|-damage|p2b: Roaring Moon|62\/100 brn\n|\n|-weather|Sandstorm|[upkeep]\n|-damage|p2b: Roaring Moon|56\/100 brn|[from] Sandstorm\n|-damage|p2a: Rillaboom|58\/100|[from] Sandstorm\n|-heal|p2b: Roaring Moon|62\/100 brn|[from] Grassy Terrain\n|-heal|p2a: Rillaboom|64\/100|[from] Grassy Terrain\n|-heal|p1a: Tyranitar|83\/100|[from] Grassy Terrain\n|-heal|p1b: Heatran|98\/100|[from] Grassy Terrain\n|-damage|p2b: Roaring Moon|56\/100 brn|[from] brn\n|upkeep\n|turn|8\n|inactive|GSGPhysical has 30 seconds left.\n|inactive|TheRedRaion has 30 seconds left.\n|inactive|GSGPhysical has 20 seconds left.\n|\n|t:|1700252262\n|switch|p1a: Houndstone|Houndstone, L50, F|51\/100\n|move|p2b: Roaring Moon|Acrobatics|p1b: Heatran\n|-resisted|p1b: Heatran\n|-damage|p1b: Heatran|83\/100\n|move|p2a: Rillaboom|Brick Break|p1b: Heatran\n|-supereffective|p1b: Heatran\n|-damage|p1b: Heatran|35\/100\n|move|p1b: Heatran|Heat Wave|p2a: Rillaboom|[spread] p2a,p2b\n|-supereffective|p2a: Rillaboom\n|-resisted|p2b: Roaring Moon\n|-damage|p2a: Rillaboom|25\/100\n|-damage|p2b: Roaring Moon|45\/100 brn\n|\n|-weather|Sandstorm|[upkeep]\n|-damage|p2b: Roaring Moon|39\/100 brn|[from] Sandstorm\n|-damage|p2a: Rillaboom|19\/100|[from] Sandstorm\n|-heal|p2b: Roaring Moon|45\/100 brn|[from] Grassy Terrain\n|-heal|p1a: Houndstone|57\/100|[from] Grassy Terrain\n|-heal|p2a: Rillaboom|25\/100|[from] Grassy Terrain\n|-heal|p1b: Heatran|41\/100|[from] Grassy Terrain\n|-damage|p2b: Roaring Moon|39\/100 brn|[from] brn\n|upkeep\n|turn|9\n|\n|t:|1700252285\n|switch|p2a: Ninetales|Ninetales-Alola, L50, F|1\/100 brn\n|-weather|Snow|[from] ability: Snow Warning|[of] p2a: Ninetales\n|move|p2b: Roaring Moon|Throat Chop|p1a: Houndstone\n|-supereffective|p1a: Houndstone\n|-damage|p1a: Houndstone|0 fnt\n|faint|p1a: Houndstone\n|move|p1b: Heatran|Heat Wave|p2a: Ninetales|[spread] p2a,p2b\n|-supereffective|p2a: Ninetales\n|-resisted|p2b: Roaring Moon\n|-damage|p2a: Ninetales|0 fnt\n|-damage|p2b: Roaring Moon|28\/100 brn\n|faint|p2a: Ninetales\n|\n|-weather|Snow|[upkeep]\n|-heal|p2b: Roaring Moon|34\/100 brn|[from] Grassy Terrain\n|-heal|p1b: Heatran|47\/100|[from] Grassy Terrain\n|-damage|p2b: Roaring Moon|28\/100 brn|[from] brn\n|-sideend|p2: TheRedRaion|move: Aurora Veil\n|upkeep\n|\n|t:|1700252294\n|switch|p2a: Regieleki|Regieleki, L50, tera:Ice|95\/100 brn\n|switch|p1a: Tyranitar|Tyranitar, L50, F|83\/100\n|-weather|Sandstorm|[from] ability: Sand Stream|[of] p1a: Tyranitar\n|turn|10\n|\n|t:|1700252304\n|move|p1a: Tyranitar|Protect|p1a: Tyranitar\n|-singleturn|p1a: Tyranitar|Protect\n|move|p2a: Regieleki|Tera Blast|p1a: Tyranitar|[anim] Tera Blast Ice\n|-activate|p1a: Tyranitar|move: Protect\n|move|p2b: Roaring Moon|Throat Chop|p1b: Heatran\n|-damage|p1b: Heatran|12\/100\n|-start|p1b: Heatran|Throat Chop|[silent]\n|move|p1b: Heatran|Heat Wave|p2b: Roaring Moon|[spread] p2a,p2b\n|-supereffective|p2a: Regieleki\n|-resisted|p2b: Roaring Moon\n|-crit|p2b: Roaring Moon\n|-damage|p2a: Regieleki|0 fnt\n|-damage|p2b: Roaring Moon|4\/100 brn\n|faint|p2a: Regieleki\n|\n|-weather|Sandstorm|[upkeep]\n|-damage|p2b: Roaring Moon|0 fnt|[from] Sandstorm\n|faint|p2b: Roaring Moon\n|-end|p2b: Roaring Moon|Protosynthesis|[silent]\n|-heal|p1a: Tyranitar|90\/100|[from] Grassy Terrain\n|-heal|p1b: Heatran|18\/100|[from] Grassy Terrain\n|upkeep\n|\n|t:|1700252308\n|switch|p2b: Rillaboom|Rillaboom, L50, M|25\/100\n|turn|11\n|c|\u2606GSGPhysical|gg\n|\n|t:|1700252330\n|move|p2b: Rillaboom|Brick Break|p1b: Heatran\n|-supereffective|p1b: Heatran\n|-damage|p1b: Heatran|0 fnt\n|faint|p1b: Heatran\n|move|p1a: Tyranitar|Knock Off|p2b: Rillaboom\n|-damage|p2b: Rillaboom|0 fnt\n|-enditem|p2b: Rillaboom|Assault Vest|[from] move: Knock Off|[of] p1a: Tyranitar\n|faint|p2b: Rillaboom\n|\n|win|GSGPhysical\n|raw|GSGPhysical's rating: 1231 &rarr; <strong>1250<\/strong><br \/>(+19 for winning)\n|raw|TheRedRaion's rating: 1150 &rarr; <strong>1131<\/strong><br \/>(-19 for losing)\n|l|\u2606TheRedRaion\n","uploadtime":1700252342,"views":22,"p1id":"gsgphysical","p2id":"theredraion","formatid":"gen9vgc2023regulatione","rating":1131,"private":0,"password":""}