{"id":"gen9vgc2023regulatione-1989987074","p1":"atworkyolo13","p2":"localdealerr","format":"[Gen 9] VGC 2023 Regulation E","log":"|j|\u2606atworkyolo13\n|j|\u203dlocaldealerr\n|t:|1699912822\n|gametype|doubles\n|player|p1|atworkyolo13|265|1339\n|player|p2|localdealerr|265|1251\n|teamsize|p1|6\n|teamsize|p2|6\n|gen|9\n|tier|[Gen 9] VGC 2023 Regulation E\n|rated|\n|rule|Species Clause: Limit one of each Pok\u00e9mon\n|rule|Item Clause: Limit one of each item\n|clearpoke\n|poke|p1|Oranguru, L50, F|\n|poke|p1|Arcanine-Hisui, L50, M|\n|poke|p1|Sinistcha-Masterpiece, L50|\n|poke|p1|Iron Hands, L50|\n|poke|p1|Ursaluna-Bloodmoon, L50, M|\n|poke|p1|Moltres-Galar, L50|\n|poke|p2|Moltres-Galar, L50|\n|poke|p2|Arcanine-Hisui, L50, F|\n|poke|p2|Munkidori, L50, M|\n|poke|p2|Sinistcha, L50|\n|poke|p2|Grimmsnarl, L50, M|\n|poke|p2|Milotic, L50, F|\n|teampreview|4\n|inactive|Battle timer is ON: inactive players will automatically lose when time's up. (requested by atworkyolo13)\n|inactive|atworkyolo13 has 60 seconds left.\n|\n|t:|1699912864\n|start\n|switch|p1a: Oranguru|Oranguru, L50, F|100\/100\n|switch|p1b: Ursaluna|Ursaluna-Bloodmoon, L50, M|100\/100\n|switch|p2a: Munkidori|Munkidori, L50, M|100\/100\n|switch|p2b: Grimmsnarl|Grimmsnarl, L50, M|100\/100\n|-item|p1a: Oranguru|Mental Herb|[from] ability: Frisk|[of] p2a: Munkidori|[identify]\n|-item|p1b: Ursaluna|Throat Spray|[from] ability: Frisk|[of] p2a: Munkidori|[identify]\n|turn|1\n|inactive|localdealerr has 30 seconds left.\n|\n|t:|1699912892\n|-terastallize|p1b: Ursaluna|Normal\n|move|p2b: Grimmsnarl|Light Screen|p2b: Grimmsnarl\n|-sidestart|p2: localdealerr|move: Light Screen\n|move|p2a: Munkidori|Sludge Bomb|p1a: Oranguru\n|-damage|p1a: Oranguru|66\/100\n|move|p1b: Ursaluna|Hyper Voice|p2b: Grimmsnarl|[spread] p2a,p2b\n|-damage|p2a: Munkidori|64\/100\n|-damage|p2b: Grimmsnarl|67\/100\n|-enditem|p1b: Ursaluna|Throat Spray\n|-boost|p1b: Ursaluna|spa|1|[from] item: Throat Spray\n|move|p1a: Oranguru|Trick Room|p1a: Oranguru\n|-fieldstart|move: Trick Room|[of] p1a: Oranguru\n|\n|upkeep\n|turn|2\n|inactive|localdealerr has 30 seconds left.\n|\n|t:|1699912917\n|move|p2b: Grimmsnarl|Parting Shot|p1b: Ursaluna\n|-unboost|p1b: Ursaluna|atk|1\n|-unboost|p1b: Ursaluna|spa|1\n|\n|t:|1699912923\n|switch|p2b: Moltres|Moltres-Galar, L50|100\/100|[from] Parting Shot\n|move|p1b: Ursaluna|Hyper Voice|p2a: Munkidori|[spread] p2a,p2b\n|-damage|p2a: Munkidori|27\/100\n|-damage|p2b: Moltres|74\/100\n|move|p1a: Oranguru|Instruct|p1b: Ursaluna\n|-singleturn|p1b: Ursaluna|move: Instruct|[of] p1a: Oranguru\n|move|p1b: Ursaluna|Hyper Voice|p2b: Moltres|[spread] p2a,p2b\n|-damage|p2a: Munkidori|0 fnt\n|-damage|p2b: Moltres|49\/100\n|faint|p2a: Munkidori\n|-ability|p2b: Moltres|Berserk|boost\n|-boost|p2b: Moltres|spa|1\n|-enditem|p2b: Moltres|Sitrus Berry|[eat]\n|-heal|p2b: Moltres|74\/100|[from] item: Sitrus Berry\n|\n|upkeep\n|\n|t:|1699912935\n|switch|p2a: Grimmsnarl|Grimmsnarl, L50, M|67\/100\n|turn|3\n|\n|t:|1699912943\n|move|p2a: Grimmsnarl|Parting Shot|p1b: Ursaluna\n|-unboost|p1b: Ursaluna|atk|1\n|-unboost|p1b: Ursaluna|spa|1\n|\n|t:|1699912945\n|switch|p2a: Sinistcha|Sinistcha, L50|100\/100|[from] Parting Shot\n|-heal|p2b: Moltres|99\/100|[from] ability: Hospitality|[of] p2a: Sinistcha\n|move|p1b: Ursaluna|Blood Moon|p2b: Moltres\n|-damage|p2b: Moltres|68\/100\n|move|p1a: Oranguru|Instruct|p1b: Ursaluna\n|-singleturn|p1b: Ursaluna|move: Instruct|[of] p1a: Oranguru\n|move|p1b: Ursaluna|Blood Moon|p2b: Moltres\n|-damage|p2b: Moltres|31\/100\n|-ability|p2b: Moltres|Berserk|boost\n|-boost|p2b: Moltres|spa|1\n|-hint|Some effects can force a Pokemon to use Blood Moon again in a row.\n|move|p2b: Moltres|Nasty Plot|p2b: Moltres\n|-boost|p2b: Moltres|spa|2\n|\n|upkeep\n|turn|4\n|inactive|atworkyolo13 has 30 seconds left.\n|\n|t:|1699912972\n|move|p2b: Moltres|Protect|p2b: Moltres\n|-singleturn|p2b: Moltres|Protect\n|move|p1b: Ursaluna|Hyper Voice|p2a: Sinistcha|[spread] p2a\n|-activate|p2b: Moltres|move: Protect\n|-damage|p2a: Sinistcha|78\/100\n|move|p1a: Oranguru|Instruct|p1b: Ursaluna\n|-singleturn|p1b: Ursaluna|move: Instruct|[of] p1a: Oranguru\n|move|p1b: Ursaluna|Hyper Voice|p2b: Moltres|[spread] p2a\n|-activate|p2b: Moltres|move: Protect\n|-damage|p2a: Sinistcha|59\/100\n|move|p2a: Sinistcha|Life Dew|p2a: Sinistcha|[spread] p2a,p2b\n|-heal|p2a: Sinistcha|84\/100\n|-heal|p2b: Moltres|56\/100\n|\n|upkeep\n|turn|5\n|\n|t:|1699913001\n|move|p1b: Ursaluna|Blood Moon|p2b: Moltres\n|-damage|p2b: Moltres|23\/100\n|-ability|p2b: Moltres|Berserk|boost\n|-boost|p2b: Moltres|spa|1\n|move|p1a: Oranguru|Instruct|p1b: Ursaluna\n|-singleturn|p1b: Ursaluna|move: Instruct|[of] p1a: Oranguru\n|move|p1b: Ursaluna|Blood Moon|p2b: Moltres\n|-damage|p2b: Moltres|0 fnt\n|faint|p2b: Moltres\n|-hint|Some effects can force a Pokemon to use Blood Moon again in a row.\n|move|p2a: Sinistcha|Life Dew|p2a: Sinistcha\n|-heal|p2a: Sinistcha|100\/100\n|\n|-fieldend|move: Trick Room\n|upkeep\n|\n|t:|1699913011\n|switch|p2b: Grimmsnarl|Grimmsnarl, L50, M|67\/100\n|turn|6\n|\n|t:|1699913018\n|switch|p1b: Moltres|Moltres-Galar, L50|100\/100\n|move|p2a: Sinistcha|Rage Powder|p2a: Sinistcha\n|-singleturn|p2a: Sinistcha|move: Rage Powder\n|move|p2b: Grimmsnarl|Low Kick|p1b: Moltres\n|-damage|p1b: Moltres|80\/100\n|move|p1a: Oranguru|Trick Room|p1a: Oranguru\n|-fieldstart|move: Trick Room|[of] p1a: Oranguru\n|\n|upkeep\n|turn|7\n|-message|localdealerr forfeited.\n|\n|win|atworkyolo13\n|raw|atworkyolo13's rating: 1339 &rarr; <strong>1354<\/strong><br \/>(+15 for winning)\n|raw|localdealerr's rating: 1251 &rarr; <strong>1232<\/strong><br \/>(-19 for losing)\n|l|\u203dlocaldealerr\n","uploadtime":1699913032,"views":15,"p1id":"atworkyolo13","p2id":"localdealerr","formatid":"gen9vgc2023regulatione","rating":1232,"private":0,"password":""}