{"id":"gen9vgc2023regulatione-1995056574","p1":"elprincipote","p2":"PennyPennyPenPen","format":"[Gen 9] VGC 2023 Regulation E","log":"|j|\u2606elprincipote\n|j|\u2606PennyPennyPenPen\n|t:|1700517858\n|gametype|doubles\n|player|p1|elprincipote|2|1066\n|player|p2|PennyPennyPenPen|wattson|1041\n|teamsize|p1|6\n|teamsize|p2|6\n|gen|9\n|tier|[Gen 9] VGC 2023 Regulation E\n|rated|\n|rule|Species Clause: Limit one of each Pok\u00e9mon\n|rule|Item Clause: Limit one of each item\n|clearpoke\n|poke|p1|Landorus-Therian, L50, M|\n|poke|p1|Heatran, L50, M|\n|poke|p1|Flutter Mane, L50|\n|poke|p1|Urshifu-*, L50, M|\n|poke|p1|Amoonguss, L50, F|\n|poke|p1|Iron Hands, L50|\n|poke|p2|Gengar, L50, M|\n|poke|p2|Clefable, L50, F|\n|poke|p2|Snorlax, L50, M|\n|poke|p2|Quagsire, L50, M|\n|poke|p2|Raichu, L50, M|\n|poke|p2|Quilladin, L50, M|\n|teampreview|4\nPennyPennyPenPen rejected open team sheets.\n|inactive|Battle timer is ON: inactive players will automatically lose when time's up. (requested by PennyPennyPenPen)\n|\n|t:|1700517895\n|start\n|switch|p1a: Amoonguss|Amoonguss, L50, F|100\/100\n|switch|p1b: Iron Hands|Iron Hands, L50|100\/100\n|switch|p2a: Christopher|Quagsire, L50, M|100\/100\n|switch|p2b: Marissa|Clefable, L50, F|100\/100\n|turn|1\n|inactive|PennyPennyPenPen has 30 seconds left.\n|\n|t:|1700517925\n|move|p1b: Iron Hands|Fake Out|p2b: Marissa\n|-damage|p2b: Marissa|81\/100\n|cant|p2b: Marissa|flinch\n|move|p2a: Christopher|Ice Beam|p1a: Amoonguss\n|-supereffective|p1a: Amoonguss\n|-damage|p1a: Amoonguss|69\/100\n|move|p1a: Amoonguss|Spore|p2a: Christopher\n|-status|p2a: Christopher|slp|[from] move: Spore\n|\n|upkeep\n|turn|2\n|inactive|PennyPennyPenPen has 30 seconds left.\n|\n|t:|1700517954\n|switch|p1a: Urshifu|Urshifu-Rapid-Strike, L50, M|100\/100\n|move|p2b: Marissa|Zen Headbutt|p1a: Urshifu\n|-supereffective|p1a: Urshifu\n|-damage|p1a: Urshifu|58\/100\n|move|p1b: Iron Hands|Heavy Slam|p2b: Marissa\n|-supereffective|p2b: Marissa\n|-damage|p2b: Marissa|0 fnt\n|faint|p2b: Marissa\n|cant|p2a: Christopher|slp\n|\n|upkeep\n|\n|t:|1700517965\n|switch|p2b: Zachery|Raichu, L50, M|100\/100\n|turn|3\n|\n|t:|1700517990\n|-end|p1b: Iron Hands|Quark Drive|[silent]\n|switch|p1b: Amoonguss|Amoonguss, L50, F|100\/100\n|move|p1a: Urshifu|Close Combat|p2b: Zachery\n|-damage|p2b: Zachery|0 fnt\n|-unboost|p1a: Urshifu|def|1\n|-unboost|p1a: Urshifu|spd|1\n|faint|p2b: Zachery\n|cant|p2a: Christopher|slp\n|\n|upkeep\n|\n|t:|1700518000\n|switch|p2b: Kyle|Gengar, L50, M|100\/100\n|turn|4\n|inactive|PennyPennyPenPen has 30 seconds left.\n|\n|t:|1700518030\n|switch|p1a: Iron Hands|Iron Hands, L50|100\/100\n|move|p2b: Kyle|Dark Pulse|p1a: Iron Hands\n|-resisted|p1a: Iron Hands\n|-damage|p1a: Iron Hands|95\/100\n|-curestatus|p2a: Christopher|slp|[msg]\n|move|p2a: Christopher|Ice Beam|p1b: Amoonguss\n|-supereffective|p1b: Amoonguss\n|-damage|p1b: Amoonguss|72\/100\n|move|p1b: Amoonguss|Spore|p2b: Kyle\n|-status|p2b: Kyle|slp|[from] move: Spore\n|\n|upkeep\n|turn|5\n|inactive|PennyPennyPenPen has 30 seconds left.\n|\n|t:|1700518058\n|move|p1a: Iron Hands|Fake Out|p2a: Christopher\n|-damage|p2a: Christopher|82\/100\n|cant|p2b: Kyle|slp\n|cant|p2a: Christopher|flinch\n|move|p1b: Amoonguss|Spore|p2a: Christopher\n|-status|p2a: Christopher|slp|[from] move: Spore\n|\n|upkeep\n|turn|6\n|\n|t:|1700518072\n|move|p1b: Amoonguss|Rage Powder|p1b: Amoonguss\n|-singleturn|p1b: Amoonguss|move: Rage Powder\n|cant|p2b: Kyle|slp\n|move|p1a: Iron Hands|Wild Charge|p2b: Kyle\n|-damage|p2b: Kyle|21\/100 slp\n|-damage|p1a: Iron Hands|78\/100|[from] item: Rocky Helmet|[of] p2b: Kyle\n|-damage|p1a: Iron Hands|66\/100|[from] Recoil\n|cant|p2a: Christopher|slp\n|\n|upkeep\n|turn|7\n|\n|t:|1700518085\n|move|p1b: Amoonguss|Rage Powder|p1b: Amoonguss\n|-singleturn|p1b: Amoonguss|move: Rage Powder\n|cant|p2b: Kyle|slp\n|move|p1a: Iron Hands|Wild Charge|p2b: Kyle\n|-damage|p2b: Kyle|0 fnt\n|-damage|p1a: Iron Hands|49\/100|[from] item: Rocky Helmet|[of] p2b: Kyle\n|faint|p2b: Kyle\n|-damage|p1a: Iron Hands|46\/100|[from] Recoil\n|cant|p2a: Christopher|slp\n|\n|upkeep\n|turn|8\n|\n|t:|1700518102\n|move|p1a: Iron Hands|Drain Punch|p2a: Christopher\n|-crit|p2a: Christopher\n|-damage|p2a: Christopher|14\/100 slp\n|-heal|p1a: Iron Hands|72\/100|[from] drain|[of] p2a: Christopher\n|-curestatus|p2a: Christopher|slp|[msg]\n|move|p2a: Christopher|Waterfall|p1a: Iron Hands\n|-damage|p1a: Iron Hands|53\/100\n|move|p1b: Amoonguss|Spore|p2a: Christopher\n|-status|p2a: Christopher|slp|[from] move: Spore\n|\n|upkeep\n|turn|9\n|\n|t:|1700518116\n|move|p1b: Amoonguss|Rage Powder|p1b: Amoonguss\n|-singleturn|p1b: Amoonguss|move: Rage Powder\n|move|p1a: Iron Hands|Drain Punch|p2a: Christopher\n|-damage|p2a: Christopher|0 fnt\n|-heal|p1a: Iron Hands|58\/100|[from] drain|[of] p2a: Christopher\n|faint|p2a: Christopher\n|\n|win|elprincipote\n|raw|elprincipote's rating: 1066 &rarr; <strong>1094<\/strong><br \/>(+28 for winning)\n|raw|PennyPennyPenPen's rating: 1041 &rarr; <strong>1026<\/strong><br \/>(-15 for losing)\n|c|\u2606PennyPennyPenPen|Good games man!\n","uploadtime":1700518128,"views":3,"p1id":"elprincipote","p2id":"pennypennypenpen","formatid":"gen9vgc2023regulatione","rating":1026,"private":0,"password":""}