{"id":"gen9vgc2023regulatione-1988865961","p1":"zhaj","p2":"CadeauC","format":"[Gen 9] VGC 2023 Regulation E","log":"|j|\u2606zhaj\n|j|\u2606CadeauC\n|t:|1699776848\n|gametype|doubles\n|player|p1|zhaj|bugsy-gen2|1040\n|player|p2|CadeauC|skyla|1136\n|teamsize|p1|6\n|teamsize|p2|6\n|gen|9\n|tier|[Gen 9] VGC 2023 Regulation E\n|rated|\n|rule|Species Clause: Limit one of each Pok\u00e9mon\n|rule|Item Clause: Limit one of each item\n|clearpoke\n|poke|p1|Ogerpon-Hearthflame, L50, F|\n|poke|p1|Torkoal, L50, M|\n|poke|p1|Leafeon, L50, F|\n|poke|p1|Flutter Mane, L50|\n|poke|p1|Zapdos, L50|\n|poke|p1|Klefki, L50, F|\n|poke|p2|Ninetales-Alola, L50, F|\n|poke|p2|Cetitan, L50, M|\n|poke|p2|Baxcalibur, L50, M|\n|poke|p2|Sinistcha-Masterpiece, L50|\n|poke|p2|Ursaluna-Bloodmoon, L50, M|\n|poke|p2|Ogerpon-Wellspring, L50, F|\n|teampreview|4\n|l|\u2606zhaj\n|player|p1|\n|inactive|Battle timer is ON: inactive players will automatically lose when time's up. (requested by CadeauC)\n|j|\u2606zhaj\n|inactive|zhaj reconnected and has 90 seconds left.\n|player|p1|zhaj|bugsy-gen2\n|\n|t:|1699776896\n|start\n|switch|p1a: Torkoal|Torkoal, L50, M, shiny|100\/100\n|switch|p1b: Ogerpon|Ogerpon-Hearthflame, L50, F|100\/100\n|switch|p2a: Ninetales|Ninetales-Alola, L50, F|100\/100\n|switch|p2b: Cetitan|Cetitan, L50, M, shiny|100\/100\n|-ability|p1b: Ogerpon|Mold Breaker\n|-weather|Snow|[from] ability: Snow Warning|[of] p2a: Ninetales\n|-weather|SunnyDay|[from] ability: Drought|[of] p1a: Torkoal\n|turn|1\n|inactive|CadeauC has 30 seconds left.\n|\n|t:|1699776922\n|switch|p2a: Ogerpon|Ogerpon-Wellspring, L50, F|100\/100\n|-terastallize|p2b: Cetitan|Water\n|move|p1b: Ogerpon|Ivy Cudgel|p2a: Ogerpon\n|-crit|p2a: Ogerpon\n|-damage|p2a: Ogerpon|0 fnt\n|faint|p2a: Ogerpon\n|move|p2b: Cetitan|Belly Drum|p2b: Cetitan\n|-damage|p2b: Cetitan|51\/100\n|-setboost|p2b: Cetitan|atk|6|[from] move: Belly Drum\n|move|p1a: Torkoal|Eruption|p2b: Cetitan\n|-resisted|p2b: Cetitan\n|-damage|p2b: Cetitan|35\/100\n|-enditem|p2b: Cetitan|Sitrus Berry|[eat]\n|-heal|p2b: Cetitan|60\/100|[from] item: Sitrus Berry\n|\n|-weather|SunnyDay|[upkeep]\n|upkeep\n|\n|t:|1699776939\n|switch|p2a: Sinistcha|Sinistcha-Masterpiece, L50|100\/100\n|-heal|p2b: Cetitan|85\/100|[from] ability: Hospitality|[of] p2a: Sinistcha\n|turn|2\n|\n|t:|1699776951\n|switch|p1a: Leafeon|Leafeon, L50, F, shiny|100\/100\n|-terastallize|p1b: Ogerpon|Fire\n|detailschange|p1b: Ogerpon|Ogerpon-Hearthflame-Tera, L50, F, tera:Fire\n|-ability|p1b: Ogerpon|Embody Aspect (Hearthflame)|boost\n|-boost|p1b: Ogerpon|atk|1\n|move|p2a: Sinistcha|Rage Powder|p2a: Sinistcha\n|-singleturn|p2a: Sinistcha|move: Rage Powder\n|move|p1b: Ogerpon|Horn Leech|p2a: Sinistcha\n|-resisted|p2a: Sinistcha\n|-damage|p2a: Sinistcha|63\/100\n|move|p2b: Cetitan|Liquidation|p1b: Ogerpon\n|-supereffective|p1b: Ogerpon\n|-damage|p1b: Ogerpon|0 fnt\n|faint|p1b: Ogerpon\n|\n|-weather|SunnyDay|[upkeep]\n|upkeep\n|\n|t:|1699776967\n|switch|p1b: Torkoal|Torkoal, L50, M, shiny|100\/100\n|turn|3\n|\n|t:|1699776985\n|switch|p2a: Ninetales|Ninetales-Alola, L50, F|100\/100\n|-weather|Snow|[from] ability: Snow Warning|[of] p2a: Ninetales\n|move|p1a: Leafeon|Swords Dance|p1a: Leafeon\n|-boost|p1a: Leafeon|atk|2\n|move|p2b: Cetitan|Liquidation|p1b: Torkoal\n|-supereffective|p1b: Torkoal\n|-damage|p1b: Torkoal|0 fnt\n|faint|p1b: Torkoal\n|\n|-weather|Snow|[upkeep]\n|upkeep\n|\n|t:|1699776991\n|switch|p1b: Klefki|Klefki, L50, F|100\/100\n|turn|4\n|\n|t:|1699777001\n|move|p1b: Klefki|Sunny Day|p1b: Klefki\n|-weather|SunnyDay\n|move|p1a: Leafeon|Solar Blade||[still]\n|-prepare|p1a: Leafeon|Solar Blade\n|-anim|p1a: Leafeon|Solar Blade|p2b: Cetitan\n|-supereffective|p2b: Cetitan\n|-damage|p2b: Cetitan|0 fnt\n|faint|p2b: Cetitan\n|move|p2a: Ninetales|Aurora Veil||[still]\n|-fail|p2a: Ninetales\n|\n|-weather|SunnyDay|[upkeep]\n|upkeep\n|\n|t:|1699777010\n|switch|p2b: Sinistcha|Sinistcha-Masterpiece, L50|63\/100\n|turn|5\n|\n|t:|1699777033\n|move|p1b: Klefki|Thunder Wave|p2b: Sinistcha\n|-status|p2b: Sinistcha|par\n|move|p1a: Leafeon|Solar Blade||[still]\n|-prepare|p1a: Leafeon|Solar Blade\n|-anim|p1a: Leafeon|Solar Blade|p2a: Ninetales\n|-enditem|p2a: Ninetales|Focus Sash\n|-damage|p2a: Ninetales|1\/100\n|move|p2a: Ninetales|Blizzard|p1b: Klefki|[spread] p1b\n|-miss|p2a: Ninetales|p1a: Leafeon\n|-resisted|p1b: Klefki\n|-damage|p1b: Klefki|82\/100\n|move|p2b: Sinistcha|Matcha Gotcha|p1b: Klefki|[spread] p1a,p1b\n|-resisted|p1a: Leafeon\n|-resisted|p1b: Klefki\n|-damage|p1a: Leafeon|75\/100\n|-heal|p2b: Sinistcha|74\/100 par|[from] drain|[of] p1a: Leafeon\n|-damage|p1b: Klefki|67\/100\n|-heal|p2b: Sinistcha|81\/100 par|[from] drain|[of] p1b: Klefki\n|\n|-weather|SunnyDay|[upkeep]\n|upkeep\n|turn|6\n|inactive|CadeauC has 30 seconds left.\n|\n|t:|1699777062\n|move|p1a: Leafeon|Solar Blade||[still]\n|-prepare|p1a: Leafeon|Solar Blade\n|-anim|p1a: Leafeon|Solar Blade|p2b: Sinistcha\n|-resisted|p2b: Sinistcha\n|-damage|p2b: Sinistcha|7\/100 par\n|-enditem|p2b: Sinistcha|Wiki Berry|[eat]\n|-heal|p2b: Sinistcha|40\/100 par|[from] item: Wiki Berry\n|move|p2a: Ninetales|Dazzling Gleam|p1b: Klefki|[spread] p1a,p1b\n|-resisted|p1b: Klefki\n|-damage|p1a: Leafeon|31\/100\n|-damage|p1b: Klefki|55\/100\n|move|p1b: Klefki|Dazzling Gleam|p2b: Sinistcha|[spread] p2a,p2b\n|-damage|p2a: Ninetales|0 fnt\n|-damage|p2b: Sinistcha|20\/100 par\n|faint|p2a: Ninetales\n|cant|p2b: Sinistcha|par\n|\n|-weather|SunnyDay|[upkeep]\n|upkeep\n|turn|7\n|\n|t:|1699777083\n|move|p1a: Leafeon|Solar Blade||[still]\n|-prepare|p1a: Leafeon|Solar Blade\n|-anim|p1a: Leafeon|Solar Blade|p2b: Sinistcha\n|-resisted|p2b: Sinistcha\n|-damage|p2b: Sinistcha|0 fnt\n|faint|p2b: Sinistcha\n|\n|win|zhaj\n|raw|zhaj's rating: 1040 &rarr; <strong>1083<\/strong><br \/>(+43 for winning)\n|raw|CadeauC's rating: 1136 &rarr; <strong>1104<\/strong><br \/>(-32 for losing)\n","uploadtime":1699777091,"views":16,"p1id":"zhaj","p2id":"cadeauc","formatid":"gen9vgc2023regulatione","rating":1083,"private":0,"password":""}