{"id":"gen9vgc2023regulatione-1995219700","p1":"bishmii","p2":"joncon19","format":"[Gen 9] VGC 2023 Regulation E","log":"|j|\u2606bishmii\n|j|\u2606joncon19\n|t:|1700536132\n|gametype|doubles\n|player|p1|bishmii|266|1585\n|player|p2|joncon19|cyrus|1527\n|teamsize|p1|6\n|teamsize|p2|6\n|gen|9\n|tier|[Gen 9] VGC 2023 Regulation E\n|rated|\n|rule|Species Clause: Limit one of each Pok\u00e9mon\n|rule|Item Clause: Limit one of each item\n|clearpoke\n|poke|p1|Chien-Pao, L50|\n|poke|p1|Tornadus, L50, M|\n|poke|p1|Dragapult, L50, F|\n|poke|p1|Flutter Mane, L50|\n|poke|p1|Ogerpon-Wellspring, L50, F|\n|poke|p1|Rillaboom, L50, M|\n|poke|p2|Chi-Yu, L50|\n|poke|p2|Iron Hands, L50|\n|poke|p2|Iron Bundle, L50|\n|poke|p2|Landorus-Therian, L50, M|\n|poke|p2|Ogerpon-Wellspring, L50, F|\n|poke|p2|Dragonite, L50, F|\n|teampreview|4\n|inactive|Battle timer is ON: inactive players will automatically lose when time's up. (requested by joncon19)\n|inactive|bishmii also wants the timer to be on.\n|j| Belzebuthe\n|\n|t:|1700536152\n|start\n|switch|p1a: Tornadus|Tornadus, L50, M|100\/100\n|switch|p1b: Dragapult|Dragapult, L50, F|100\/100\n|switch|p2a: Iron Hands|Iron Hands, L50|100\/100\n|switch|p2b: Iron Bundle|Iron Bundle, L50|100\/100\n|-enditem|p2b: Iron Bundle|Booster Energy\n|-activate|p2b: Iron Bundle|ability: Quark Drive|[fromitem]\n|-start|p2b: Iron Bundle|quarkdrivespe\n|turn|1\n|inactive|joncon19 has 30 seconds left.\n|\n|t:|1700536179\n|-terastallize|p1b: Dragapult|Ghost\n|move|p1a: Tornadus|Tailwind|p1a: Tornadus\n|-sidestart|p1: bishmii|move: Tailwind\n|move|p1b: Dragapult|Tera Blast|p2b: Iron Bundle|[anim] Tera Blast Ghost\n|-damage|p2b: Iron Bundle|9\/100\n|move|p2b: Iron Bundle|Freeze-Dry|p1b: Dragapult\n|-damage|p1b: Dragapult|52\/100\n|move|p2a: Iron Hands|Wild Charge|p1a: Tornadus\n|-supereffective|p1a: Tornadus\n|-damage|p1a: Tornadus|0 fnt\n|faint|p1a: Tornadus\n|-damage|p2a: Iron Hands|85\/100|[from] Recoil\n|\n|upkeep\n|\n|t:|1700536189\n|switch|p1a: Chien-Pao|Chien-Pao, L50|100\/100\n|-ability|p1a: Chien-Pao|Sword of Ruin\n|turn|2\n|\n|t:|1700536206\n|move|p2b: Iron Bundle|Protect|p2b: Iron Bundle\n|-singleturn|p2b: Iron Bundle|Protect\n|move|p1b: Dragapult|Tera Blast|p2a: Iron Hands|[anim] Tera Blast Ghost\n|-damage|p2a: Iron Hands|13\/100\n|move|p1a: Chien-Pao|Ice Spinner|p2a: Iron Hands\n|-damage|p2a: Iron Hands|0 fnt\n|faint|p2a: Iron Hands\n|-end|p2a: Iron Hands|Quark Drive|[silent]\n|\n|upkeep\n|\n|t:|1700536216\n|switch|p2a: Chi-Yu|Chi-Yu, L50|100\/100\n|-ability|p2a: Chi-Yu|Beads of Ruin\n|turn|3\n|j| previouslyunnamed\n|l| previouslyunnamed\n|inactive|bishmii has 30 seconds left.\n|\n|t:|1700536241\n|move|p2a: Chi-Yu|Protect|p2a: Chi-Yu\n|-singleturn|p2a: Chi-Yu|Protect\n|move|p1b: Dragapult|Tera Blast|p2a: Chi-Yu|[anim] Tera Blast Ghost\n|-activate|p2a: Chi-Yu|move: Protect\n|move|p1a: Chien-Pao|Sacred Sword|p2a: Chi-Yu\n|-activate|p2a: Chi-Yu|move: Protect\n|move|p2b: Iron Bundle|Hydro Pump|p1b: Dragapult\n|-damage|p1b: Dragapult|0 fnt\n|faint|p1b: Dragapult\n|\n|upkeep\n|\n|t:|1700536244\n|switch|p1b: Rillaboom|Rillaboom, L50, M|100\/100\n|-fieldstart|move: Grassy Terrain|[from] ability: Grassy Surge|[of] p1b: Rillaboom\n|turn|4\n|inactive|bishmii has 30 seconds left.\n|\n|t:|1700536269\n|move|p2b: Iron Bundle|Protect|p2b: Iron Bundle\n|-singleturn|p2b: Iron Bundle|Protect\n|move|p1a: Chien-Pao|Sacred Sword|p2a: Chi-Yu\n|-supereffective|p2a: Chi-Yu\n|-enditem|p2a: Chi-Yu|Focus Sash\n|-damage|p2a: Chi-Yu|1\/100\n|move|p1b: Rillaboom|Wood Hammer|p2a: Chi-Yu\n|-resisted|p2a: Chi-Yu\n|-damage|p2a: Chi-Yu|0 fnt\n|faint|p2a: Chi-Yu\n|-damage|p1b: Rillaboom|99\/100|[from] Recoil\n|\n|-heal|p2b: Iron Bundle|15\/100|[from] Grassy Terrain\n|-heal|p1b: Rillaboom|100\/100|[from] Grassy Terrain\n|-sideend|p1: bishmii|move: Tailwind\n|upkeep\n|\n|t:|1700536279\n|switch|p2a: Landorus|Landorus-Therian, L50, M|100\/100\n|-ability|p2a: Landorus|Intimidate|boost\n|-unboost|p1a: Chien-Pao|atk|1\n|-unboost|p1b: Rillaboom|atk|1\n|turn|5\n|c|\u2606bishmii|gg\n|\n|t:|1700536295\n|-terastallize|p2a: Landorus|Flying\n|move|p1b: Rillaboom|Grassy Glide|p2b: Iron Bundle\n|-supereffective|p2b: Iron Bundle\n|-damage|p2b: Iron Bundle|0 fnt\n|faint|p2b: Iron Bundle\n|-end|p2b: Iron Bundle|Quark Drive|[silent]\n|move|p2a: Landorus|Tera Blast|p1b: Rillaboom|[anim] Tera Blast Flying\n|-supereffective|p1b: Rillaboom\n|-damage|p1b: Rillaboom|0 fnt\n|faint|p1b: Rillaboom\n|move|p1a: Chien-Pao|Ice Spinner|p2a: Landorus\n|-supereffective|p2a: Landorus\n|-damage|p2a: Landorus|2\/100\n|-fieldend|move: Grassy Terrain\n|\n|upkeep\n|turn|6\n|\n|t:|1700536308\n|move|p1a: Chien-Pao|Sucker Punch|p2a: Landorus\n|-damage|p2a: Landorus|0 fnt\n|faint|p2a: Landorus\n|\n|win|bishmii\n|raw|bishmii's rating: 1585 &rarr; <strong>1602<\/strong><br \/>(+17 for winning)\n|raw|joncon19's rating: 1527 &rarr; <strong>1510<\/strong><br \/>(-17 for losing)\n|l|\u2606bishmii\n|l|\u2606joncon19\n|l| Belzebuthe\n","uploadtime":1700537119,"views":4,"p1id":"bishmii","p2id":"joncon19","formatid":"gen9vgc2023regulatione","rating":1510,"private":0,"password":""}