{"id":"gen9vgc2023regulatione-1993844509","p1":"gilga95","p2":"PacInBlac","format":"[Gen 9] VGC 2023 Regulation E","log":"|j|\u2606gilga95\n|j|\u2606PacInBlac\n|t:|1700364366\n|gametype|doubles\n|player|p1|gilga95|169|\n|player|p2|PacInBlac|volkner|\n|teamsize|p1|6\n|teamsize|p2|6\n|gen|9\n|tier|[Gen 9] VGC 2023 Regulation E\n|rule|Species Clause: Limit one of each Pok\u00e9mon\n|rule|Item Clause: Limit one of each item\n|clearpoke\n|poke|p1|Goodra-Hisui, L50, F|\n|poke|p1|Dragonite, L50, F|\n|poke|p1|Maushold-Four, L50|\n|poke|p1|Bronzong, L50|\n|poke|p1|Rotom-Wash, L50|\n|poke|p1|Volcarona, L50, F|\n|poke|p2|Palafin, L50, M|\n|poke|p2|Pelipper, L50, F|\n|poke|p2|Basculegion, L50, M|\n|poke|p2|Sinistcha, L50|\n|poke|p2|Fezandipiti, L50, M|\n|poke|p2|Garchomp, L50, F|\n|teampreview|4\n|j| fernata\n|\n|t:|1700364387\n|start\n|switch|p1a: Bronzong|Bronzong, L50|100\/100\n|switch|p1b: Rotom|Rotom-Wash, L50|100\/100\n|switch|p2a: Pelipper|Pelipper, L50, F|100\/100\n|switch|p2b: Sinistcha|Sinistcha, L50|100\/100\n|-weather|RainDance|[from] ability: Drizzle|[of] p2a: Pelipper\n|turn|1\n|\n|t:|1700364403\n|switch|p2a: Garchomp|Garchomp, L50, F|100\/100\n|move|p1b: Rotom|Volt Switch|p2a: Garchomp\n|-immune|p2a: Garchomp\n|move|p2b: Sinistcha|Matcha Gotcha|p1b: Rotom|[spread] p1a,p1b\n|-resisted|p1a: Bronzong\n|-supereffective|p1b: Rotom\n|-damage|p1a: Bronzong|90\/100\n|-damage|p1b: Rotom|14\/100\n|move|p1a: Bronzong|Light Screen|p1a: Bronzong\n|-sidestart|p1: gilga95|move: Light Screen\n|\n|-weather|RainDance|[upkeep]\n|upkeep\n|turn|2\n|\n|t:|1700364432\n|move|p1b: Rotom|Volt Switch|p2b: Sinistcha\n|-resisted|p2b: Sinistcha\n|-damage|p2b: Sinistcha|81\/100\n|\n|t:|1700364439\n|switch|p1b: Dragonite|Dragonite, L50, F|100\/100|[from] Volt Switch\n|move|p2a: Garchomp|Swords Dance|p2a: Garchomp\n|-boost|p2a: Garchomp|atk|2\n|move|p2b: Sinistcha|Matcha Gotcha|p1a: Bronzong|[spread] p1a,p1b\n|-resisted|p1a: Bronzong\n|-resisted|p1b: Dragonite\n|-damage|p1a: Bronzong|83\/100\n|-heal|p2b: Sinistcha|85\/100|[from] drain|[of] p1a: Bronzong\n|-damage|p1b: Dragonite|97\/100\n|-heal|p2b: Sinistcha|86\/100|[from] drain|[of] p1b: Dragonite\n|move|p1a: Bronzong|Reflect|p1a: Bronzong\n|-sidestart|p1: gilga95|Reflect\n|\n|-weather|RainDance|[upkeep]\n|upkeep\n|turn|3\n|\n|t:|1700364468\n|-terastallize|p1b: Dragonite|Normal\n|move|p2a: Garchomp|Rock Slide|p1a: Bronzong|[spread] p1a,p1b\n|-resisted|p1a: Bronzong\n|-damage|p1a: Bronzong|72\/100\n|-damage|p1b: Dragonite|69\/100\n|move|p1b: Dragonite|Dragon Dance|p1b: Dragonite\n|-boost|p1b: Dragonite|atk|1\n|-boost|p1b: Dragonite|spe|1\n|move|p2b: Sinistcha|Shadow Ball|p1b: Dragonite\n|-immune|p1b: Dragonite\n|move|p1a: Bronzong|Psyshock|p2a: Garchomp\n|-damage|p2a: Garchomp|77\/100\n|\n|-weather|RainDance|[upkeep]\n|upkeep\n|turn|4\n|\n|t:|1700364485\n|switch|p2b: Pelipper|Pelipper, L50, F|100\/100\n|move|p1b: Dragonite|Earthquake|p2b: Pelipper|[spread] p2a\n|-immune|p1a: Bronzong|[from] ability: Levitate\n|-immune|p2b: Pelipper\n|-damage|p2a: Garchomp|34\/100\n|move|p2a: Garchomp|Earthquake|p1b: Dragonite|[spread] p1b\n|-immune|p2b: Pelipper\n|-immune|p1a: Bronzong|[from] ability: Levitate\n|-damage|p1b: Dragonite|14\/100\n|move|p1a: Bronzong|Psyshock|p2a: Garchomp\n|-damage|p2a: Garchomp|8\/100\n|\n|-weather|RainDance|[upkeep]\n|upkeep\n|turn|5\n|\n|t:|1700364502\n|move|p2a: Garchomp|Protect|p2a: Garchomp\n|-singleturn|p2a: Garchomp|Protect\n|move|p1b: Dragonite|Aerial Ace|p2b: Pelipper\n|-damage|p2b: Pelipper|43\/100\n|move|p2b: Pelipper|Hurricane|p1b: Dragonite\n|-damage|p1b: Dragonite|0 fnt\n|faint|p1b: Dragonite\n|move|p1a: Bronzong|Psyshock|p2a: Garchomp\n|-activate|p2a: Garchomp|move: Protect\n|\n|-weather|RainDance|[upkeep]\n|upkeep\n|\n|t:|1700364512\n|switch|p1b: Rotom|Rotom-Wash, L50|14\/100\n|turn|6\n|\n|t:|1700364530\n|-terastallize|p2b: Pelipper|Ground\n|move|p1b: Rotom|Volt Switch|p2b: Pelipper\n|-immune|p2b: Pelipper\n|move|p2a: Garchomp|Earthquake|p1a: Bronzong|[spread] p2b\n|-immune|p1a: Bronzong|[from] ability: Levitate\n|-immune|p1b: Rotom|[from] ability: Levitate\n|-damage|p2b: Pelipper|0 fnt\n|faint|p2b: Pelipper\n|move|p1a: Bronzong|Psyshock|p2a: Garchomp\n|-crit|p2a: Garchomp\n|-damage|p2a: Garchomp|0 fnt\n|faint|p2a: Garchomp\n|\n|-weather|RainDance|[upkeep]\n|upkeep\n|c|\u2606PacInBlac|worst turn of my career LMAO\n|\n|t:|1700364552\n|switch|p2a: Sinistcha|Sinistcha, L50|86\/100\n|switch|p2b: Basculegion|Basculegion, L50, M|100\/100\n|turn|7\n|\n|t:|1700364560\n|move|p2b: Basculegion|Aqua Jet|p1b: Rotom\n|-resisted|p1b: Rotom\n|-damage|p1b: Rotom|0 fnt\n|faint|p1b: Rotom\n|-damage|p2b: Basculegion|91\/100|[from] item: Life Orb\n|move|p2a: Sinistcha|Shadow Ball|p1a: Bronzong\n|-supereffective|p1a: Bronzong\n|-damage|p1a: Bronzong|30\/100\n|-unboost|p1a: Bronzong|spd|1\n|move|p1a: Bronzong|Psyshock|p2b: Basculegion\n|-damage|p2b: Basculegion|63\/100\n|\n|-weather|RainDance|[upkeep]\n|upkeep\n|\n|t:|1700364564\n|switch|p1b: Maushold|Maushold-Four, L50|100\/100\n|turn|8\n|\n|t:|1700364580\n|move|p2a: Sinistcha|Rage Powder|p2a: Sinistcha\n|-singleturn|p2a: Sinistcha|move: Rage Powder\n|move|p2b: Basculegion|Wave Crash|p1b: Maushold\n|-enditem|p1b: Maushold|Focus Sash\n|-damage|p1b: Maushold|1\/100\n|-damage|p2b: Basculegion|38\/100|[from] Recoil\n|-damage|p2b: Basculegion|29\/100|[from] item: Life Orb\n|move|p1b: Maushold|Bite|p2a: Sinistcha\n|-supereffective|p2a: Sinistcha\n|-damage|p2a: Sinistcha|42\/100\n|-damage|p1b: Maushold|0 fnt|[from] item: Rocky Helmet|[of] p2a: Sinistcha\n|faint|p1b: Maushold\n|move|p1a: Bronzong|Psyshock|p2a: Sinistcha\n|-damage|p2a: Sinistcha|19\/100\n|\n|-weather|none\n|-sideend|p1: gilga95|move: Light Screen\n|upkeep\n|turn|9\n|\n|t:|1700364599\n|move|p2b: Basculegion|Last Respects|p1a: Bronzong\n|-supereffective|p1a: Bronzong\n|-damage|p1a: Bronzong|0 fnt\n|faint|p1a: Bronzong\n|-damage|p2b: Basculegion|19\/100|[from] item: Life Orb\n|\n|win|PacInBlac\n|c|\u2606gilga95|Ggs\n|c|\u2606PacInBlac|ggs\n","uploadtime":1700364612,"views":10,"p1id":"gilga95","p2id":"pacinblac","formatid":"gen9vgc2023regulatione","rating":0,"private":0,"password":""}