{"id":"gen9vgc2023regulatione-1995713302","p1":"opxqo","p2":"WoodieBot","format":"[Gen 9] VGC 2023 Regulation E","log":"|j|\u2606opxqo\n|j|\u2606WoodieBot\n|t:|1700596266\n|gametype|doubles\n|player|p1|opxqo|clair|1188\n|player|p2|WoodieBot|supernerd|1177\n|teamsize|p1|6\n|teamsize|p2|6\n|gen|9\n|tier|[Gen 9] VGC 2023 Regulation E\n|rated|\n|rule|Species Clause: Limit one of each Pok\u00e9mon\n|rule|Item Clause: Limit one of each item\n|clearpoke\n|poke|p1|Sylveon, L50, M|\n|poke|p1|Dragonite, L50, F|\n|poke|p1|Ceruledge, L50, F|\n|poke|p1|Murkrow, L50, M|\n|poke|p1|Hydreigon, L50, F|\n|poke|p1|Garchomp, L50, M|\n|poke|p2|Iron Hands, L50|\n|poke|p2|Ting-Lu, L50|\n|poke|p2|Volcarona, L50, M|\n|poke|p2|Scream Tail, L50|\n|poke|p2|Enamorus-Therian, L50, F|\n|poke|p2|Cresselia, L50, F|\n|teampreview|4\n|inactive|Battle timer is ON: inactive players will automatically lose when time's up. (requested by opxqo)\n|inactive|opxqo has 60 seconds left.\n|inactive|WoodieBot has 60 seconds left.\n|\n|t:|1700596312\n|start\n|switch|p1a: Murkrow|Murkrow, L50, M|100\/100\n|switch|p1b: Hydreigon|Hydreigon, L50, F|100\/100\n|switch|p2a: Scream Tail|Scream Tail, L50|100\/100\n|switch|p2b: Ting-Lu|Ting-Lu, L50|100\/100\n|-ability|p2b: Ting-Lu|Vessel of Ruin\n|-enditem|p2a: Scream Tail|Booster Energy\n|-activate|p2a: Scream Tail|ability: Protosynthesis|[fromitem]\n|-start|p2a: Scream Tail|protosynthesisspe\n|turn|1\n|inactive|WoodieBot has 30 seconds left.\n|\n|t:|1700596338\n|-terastallize|p1b: Hydreigon|Steel\n|move|p1a: Murkrow|Tailwind|p1a: Murkrow\n|-sidestart|p1: opxqo|move: Tailwind\n|move|p1b: Hydreigon|Flash Cannon|p2a: Scream Tail\n|-supereffective|p2a: Scream Tail\n|-damage|p2a: Scream Tail|48\/100\n|-damage|p1b: Hydreigon|91\/100|[from] item: Life Orb\n|move|p2a: Scream Tail|Howl|p2a: Scream Tail|[spread] p2a,p2b\n|-boost|p2a: Scream Tail|atk|1\n|-boost|p2b: Ting-Lu|atk|1\n|move|p2b: Ting-Lu|Heavy Slam|p1b: Hydreigon\n|-resisted|p1b: Hydreigon\n|-damage|p1b: Hydreigon|65\/100\n|\n|upkeep\n|turn|2\n|inactive|WoodieBot has 30 seconds left.\n|\n|t:|1700596364\n|-end|p2a: Scream Tail|Protosynthesis|[silent]\n|switch|p2a: Cresselia|Cresselia, L50, F|100\/100\n|move|p1a: Murkrow|Haze|p1a: Murkrow\n|-clearallboost\n|move|p1b: Hydreigon|Flash Cannon|p2a: Cresselia\n|-damage|p2a: Cresselia|78\/100\n|-damage|p1b: Hydreigon|55\/100|[from] item: Life Orb\n|move|p2b: Ting-Lu|Stomping Tantrum|p1b: Hydreigon\n|-immune|p1b: Hydreigon|[from] ability: Levitate\n|\n|upkeep\n|turn|3\n|\n|t:|1700596388\n|move|p1b: Hydreigon|Dark Pulse|p2a: Cresselia\n|-supereffective|p2a: Cresselia\n|-damage|p2a: Cresselia|29\/100\n|-damage|p1b: Hydreigon|46\/100|[from] item: Life Orb\n|move|p1a: Murkrow|Foul Play|p2b: Ting-Lu\n|-resisted|p2b: Ting-Lu\n|-damage|p2b: Ting-Lu|85\/100\n|move|p2b: Ting-Lu|Lash Out|p1b: Hydreigon\n|-damage|p1b: Hydreigon|6\/100\n|move|p2a: Cresselia|Trick Room|p2a: Cresselia\n|-fieldstart|move: Trick Room|[of] p2a: Cresselia\n|\n|upkeep\n|turn|4\n|\n|t:|1700596410\n|move|p1b: Hydreigon|Protect|p1b: Hydreigon\n|-singleturn|p1b: Hydreigon|Protect\n|move|p2b: Ting-Lu|Heavy Slam|p1a: Murkrow\n|-damage|p1a: Murkrow|59\/100\n|move|p2a: Cresselia|Dazzling Gleam|p1a: Murkrow|[spread] p1a\n|-activate|p1b: Hydreigon|move: Protect\n|-supereffective|p1a: Murkrow\n|-damage|p1a: Murkrow|43\/100\n|move|p1a: Murkrow|Foul Play|p2a: Cresselia\n|-supereffective|p2a: Cresselia\n|-damage|p2a: Cresselia|8\/100\n|\n|-sideend|p1: opxqo|move: Tailwind\n|upkeep\n|turn|5\n|inactive|opxqo has 30 seconds left.\n|\n|t:|1700596442\n|move|p2b: Ting-Lu|Lash Out|p1b: Hydreigon\n|-damage|p1b: Hydreigon|0 fnt\n|faint|p1b: Hydreigon\n|move|p2a: Cresselia|Lunar Blessing|p2a: Cresselia|[spread] p2a,p2b\n|-heal|p2a: Cresselia|33\/100\n|-heal|p2b: Ting-Lu|100\/100\n|move|p1a: Murkrow|Foul Play|p2a: Cresselia\n|-supereffective|p2a: Cresselia\n|-damage|p2a: Cresselia|11\/100\n|\n|upkeep\n|\n|t:|1700596454\n|switch|p1b: Dragonite|Dragonite, L50, F|100\/100\n|turn|6\n|\n|t:|1700596468\n|switch|p2a: Enamorus|Enamorus-Therian, L50, F|100\/100\n|move|p1b: Dragonite|Extreme Speed|p2a: Enamorus\n|-damage|p2a: Enamorus|72\/100\n|move|p2b: Ting-Lu|Lash Out|p1b: Dragonite\n|-damage|p1b: Dragonite|64\/100\n|move|p1a: Murkrow|Foul Play|p2a: Enamorus\n|-resisted|p2a: Enamorus\n|-damage|p2a: Enamorus|58\/100\n|\n|upkeep\n|turn|7\n|\n|t:|1700596488\n|move|p1a: Murkrow|Protect|p1a: Murkrow\n|-singleturn|p1a: Murkrow|Protect\n|move|p2b: Ting-Lu|Heavy Slam|p1a: Murkrow\n|-activate|p1a: Murkrow|move: Protect\n|move|p2a: Enamorus|Springtide Storm|p1a: Murkrow|[spread] p1b\n|-activate|p1a: Murkrow|move: Protect\n|-supereffective|p1b: Dragonite\n|-damage|p1b: Dragonite|9\/100\n|-unboost|p1b: Dragonite|atk|1\n|-damage|p2a: Enamorus|48\/100|[from] item: Life Orb\n|move|p1b: Dragonite|Ice Spinner|p2a: Enamorus\n|-supereffective|p2a: Enamorus\n|-damage|p2a: Enamorus|7\/100\n|\n|-fieldend|move: Trick Room\n|upkeep\n|turn|8\n|inactive|WoodieBot has 30 seconds left.\n|\n|t:|1700596519\n|move|p2a: Enamorus|Protect|p2a: Enamorus\n|-singleturn|p2a: Enamorus|Protect\n|move|p1b: Dragonite|Extreme Speed|p2a: Enamorus\n|-activate|p2a: Enamorus|move: Protect\n|move|p1a: Murkrow|Tailwind|p1a: Murkrow\n|-sidestart|p1: opxqo|move: Tailwind\n|move|p2b: Ting-Lu|Lash Out|p1b: Dragonite\n|-damage|p1b: Dragonite|0 fnt\n|faint|p1b: Dragonite\n|\n|upkeep\n|\n|t:|1700596532\n|switch|p1b: Ceruledge|Ceruledge, L50, F|100\/100\n|turn|9\n|\n|t:|1700596542\n|switch|p2a: Scream Tail|Scream Tail, L50|48\/100\n|move|p1b: Ceruledge|Protect|p1b: Ceruledge\n|-singleturn|p1b: Ceruledge|Protect\n|move|p1a: Murkrow|Foul Play|p2a: Scream Tail\n|-damage|p2a: Scream Tail|34\/100\n|move|p2b: Ting-Lu|Stomping Tantrum|p1b: Ceruledge\n|-activate|p1b: Ceruledge|move: Protect\n|\n|upkeep\n|turn|10\n|\n|t:|1700596561\n|move|p1a: Murkrow|Foul Play|p2b: Ting-Lu\n|-resisted|p2b: Ting-Lu\n|-damage|p2b: Ting-Lu|86\/100\n|move|p1b: Ceruledge|Bulk Up|p1b: Ceruledge\n|-boost|p1b: Ceruledge|atk|1\n|-boost|p1b: Ceruledge|def|1\n|move|p2a: Scream Tail|Encore|p1b: Ceruledge\n|-start|p1b: Ceruledge|Encore\n|move|p2b: Ting-Lu|Stomping Tantrum|p1b: Ceruledge\n|-supereffective|p1b: Ceruledge\n|-damage|p1b: Ceruledge|38\/100\n|\n|-heal|p1b: Ceruledge|44\/100|[from] item: Leftovers\n|upkeep\n|turn|11\n|inactive|opxqo has 30 seconds left.\n|\n|t:|1700596586\n|move|p1a: Murkrow|Foul Play|p2a: Scream Tail\n|-damage|p2a: Scream Tail|20\/100\n|move|p1b: Ceruledge|Bulk Up|p1b: Ceruledge\n|-boost|p1b: Ceruledge|atk|1\n|-boost|p1b: Ceruledge|def|1\n|move|p2a: Scream Tail|Disable|p1b: Ceruledge\n|-start|p1b: Ceruledge|Disable|Bulk Up\n|move|p2b: Ting-Lu|Stomping Tantrum|p1b: Ceruledge\n|-supereffective|p1b: Ceruledge\n|-crit|p1b: Ceruledge\n|-damage|p1b: Ceruledge|0 fnt\n|faint|p1b: Ceruledge\n|\n|-sideend|p1: opxqo|move: Tailwind\n|upkeep\n|turn|12\n|-message|opxqo forfeited.\n|\n|win|WoodieBot\n|raw|opxqo's rating: 1188 &rarr; <strong>1162<\/strong><br \/>(-26 for losing)\n|raw|WoodieBot's rating: 1177 &rarr; <strong>1203<\/strong><br \/>(+26 for winning)\n|l|\u2606opxqo\n","uploadtime":1700596621,"views":9,"p1id":"opxqo","p2id":"woodiebot","formatid":"gen9vgc2023regulatione","rating":1162,"private":0,"password":""}