{"id":"gen9vgc2023regulatione-1990424075","p1":"verylonelysole","p2":"ashzera","format":"[Gen 9] VGC 2023 Regulation E","log":"|j|\u2606verylonelysole\n|j|\u2606ashzera\n|t:|1699969553\n|gametype|doubles\n|player|p1|verylonelysole|bruno|1205\n|player|p2|ashzera|266|1301\n|teamsize|p1|6\n|teamsize|p2|6\n|gen|9\n|tier|[Gen 9] VGC 2023 Regulation E\n|rated|\n|rule|Species Clause: Limit one of each Pok\u00e9mon\n|rule|Item Clause: Limit one of each item\n|clearpoke\n|poke|p1|Scream Tail, L50|\n|poke|p1|Palafin, L50, M|\n|poke|p1|Amoonguss, L50, F|\n|poke|p1|Heatran, L50, F|\n|poke|p1|Iron Hands, L50|\n|poke|p1|Chien-Pao, L50|\n|poke|p2|Ninetales, L50, F|\n|poke|p2|Iron Hands, L50|\n|poke|p2|Urshifu-*, L50, F|\n|poke|p2|Landorus-Therian, L50, M|\n|poke|p2|Ogerpon-Wellspring, L50, F|\n|poke|p2|Flutter Mane, L50|\n|teampreview|4\n|inactive|Battle timer is ON: inactive players will automatically lose when time's up. (requested by ashzera)\n|inactive|verylonelysole has 60 seconds left.\n|inactive|verylonelysole has 30 seconds left.\nashzera has agreed to open team sheets.\n|inactive|verylonelysole has 20 seconds left.\n|inactive|verylonelysole has 15 seconds left.\n|inactive|verylonelysole has 10 seconds left.\n|\n|t:|1699969638\n|start\n|switch|p1a: Amoonguss|Amoonguss, L50, F, shiny|100\/100\n|switch|p1b: Chien-Pao|Chien-Pao, L50|100\/100\n|switch|p2a: Iron Hands|Iron Hands, L50|100\/100\n|switch|p2b: Landorus|Landorus-Therian, L50, M|100\/100\n|-ability|p2b: Landorus|Intimidate|boost\n|-unboost|p1a: Amoonguss|atk|1\n|-unboost|p1b: Chien-Pao|atk|1\n|-ability|p1b: Chien-Pao|Sword of Ruin\n|turn|1\n|inactive|verylonelysole has 30 seconds left.\n|inactive|ashzera has 30 seconds left.\n|inactive|verylonelysole has 20 seconds left.\n|inactive|verylonelysole has 15 seconds left.\n|\n|t:|1699969682\n|switch|p1b: Iron Hands|Iron Hands, L50, shiny|100\/100\n|-terastallize|p2b: Landorus|Flying\n|-terastallize|p1a: Amoonguss|Water\n|move|p2a: Iron Hands|Fake Out|p1b: Iron Hands\n|-damage|p1b: Iron Hands|91\/100\n|move|p2b: Landorus|Tera Blast|p1a: Amoonguss|[anim] Tera Blast Flying\n|-damage|p1a: Amoonguss|50\/100\n|move|p1a: Amoonguss|Spore|p2a: Iron Hands\n|-status|p2a: Iron Hands|slp|[from] move: Spore\n|\n|upkeep\n|turn|2\n|\n|t:|1699969706\n|switch|p2b: Ogerpon|Ogerpon-Wellspring, L50, F|100\/100\n|switch|p1a: Heatran|Heatran, L50, F, shiny|100\/100\n|move|p1b: Iron Hands|Belly Drum|p1b: Iron Hands\n|-damage|p1b: Iron Hands|41\/100\n|-setboost|p1b: Iron Hands|atk|6|[from] move: Belly Drum\n|-enditem|p1b: Iron Hands|Sitrus Berry|[eat]\n|-heal|p1b: Iron Hands|66\/100|[from] item: Sitrus Berry\n|cant|p2a: Iron Hands|slp\n|\n|upkeep\n|turn|3\n|inactive|verylonelysole has 30 seconds left.\n|\n|t:|1699969736\n|move|p2b: Ogerpon|Spiky Shield|p2b: Ogerpon\n|-singleturn|p2b: Ogerpon|move: Protect\n|move|p1b: Iron Hands|Detect|p1b: Iron Hands\n|-singleturn|p1b: Iron Hands|Protect\n|move|p1a: Heatran|Earth Power|p2a: Iron Hands\n|-supereffective|p2a: Iron Hands\n|-damage|p2a: Iron Hands|69\/100 slp\n|-curestatus|p2a: Iron Hands|slp|[msg]\n|move|p2a: Iron Hands|Drain Punch|p1a: Heatran\n|-supereffective|p1a: Heatran\n|-damage|p1a: Heatran|17\/100\n|-heal|p2a: Iron Hands|99\/100|[from] drain|[of] p1a: Heatran\n|-status|p2a: Iron Hands|brn|[from] ability: Flame Body|[of] p1a: Heatran\n|\n|-heal|p1a: Heatran|23\/100|[from] item: Leftovers\n|-damage|p2a: Iron Hands|93\/100 brn|[from] brn\n|upkeep\n|turn|4\n|inactive|verylonelysole has 30 seconds left.\n|inactive|verylonelysole has 20 seconds left.\n|\n|t:|1699969772\n|-end|p2a: Iron Hands|Quark Drive|[silent]\n|switch|p2a: Landorus|Landorus-Therian, L50, M, tera:Flying|100\/100\n|-ability|p2a: Landorus|Intimidate|boost\n|-unboost|p1a: Heatran|atk|1\n|-unboost|p1b: Iron Hands|atk|1\n|move|p2b: Ogerpon|Ivy Cudgel|p1a: Heatran|[anim] Ivy Cudgel Water\n|-supereffective|p1a: Heatran\n|-damage|p1a: Heatran|0 fnt\n|faint|p1a: Heatran\n|move|p1b: Iron Hands|Drain Punch|p2b: Ogerpon\n|-damage|p2b: Ogerpon|0 fnt\n|-heal|p1b: Iron Hands|99\/100|[from] drain|[of] p2b: Ogerpon\n|faint|p2b: Ogerpon\n|\n|upkeep\n|\n|t:|1699969794\n|switch|p2b: Ninetales|Ninetales, L50, F|100\/100\n|switch|p1a: Amoonguss|Amoonguss, L50, F, shiny, tera:Water|50\/100\n|-weather|SunnyDay|[from] ability: Drought|[of] p2b: Ninetales\n|turn|5\n|\n|t:|1699969819\n|move|p1a: Amoonguss|Rage Powder|p1a: Amoonguss\n|-singleturn|p1a: Amoonguss|move: Rage Powder\n|move|p2a: Landorus|U-turn|p1a: Amoonguss\n|-damage|p1a: Amoonguss|26\/100\n|\n|t:|1699969822\n|switch|p2a: Iron Hands|Iron Hands, L50|93\/100 brn|[from] U-turn\n|move|p2b: Ninetales|Energy Ball|p1a: Amoonguss\n|-supereffective|p1a: Amoonguss\n|-damage|p1a: Amoonguss|0 fnt\n|faint|p1a: Amoonguss\n|-damage|p2b: Ninetales|91\/100|[from] item: Life Orb\n|move|p1b: Iron Hands|Drain Punch|p2b: Ninetales\n|-damage|p2b: Ninetales|0 fnt\n|-heal|p1b: Iron Hands|100\/100|[from] drain|[of] p2b: Ninetales\n|faint|p2b: Ninetales\n|\n|-weather|SunnyDay|[upkeep]\n|-damage|p2a: Iron Hands|87\/100 brn|[from] brn\n|upkeep\n|\n|t:|1699969839\n|switch|p2b: Landorus|Landorus-Therian, L50, M, tera:Flying|100\/100\n|switch|p1a: Chien-Pao|Chien-Pao, L50|100\/100\n|-ability|p2b: Landorus|Intimidate|boost\n|-unboost|p1a: Chien-Pao|atk|1\n|-unboost|p1b: Iron Hands|atk|1\n|-ability|p1a: Chien-Pao|Sword of Ruin\n|turn|6\n|\n|t:|1699969857\n|move|p2a: Iron Hands|Fake Out|p1a: Chien-Pao\n|-damage|p1a: Chien-Pao|90\/100\n|move|p2b: Landorus|Tera Blast|p1a: Chien-Pao|[anim] Tera Blast Flying\n|-damage|p1a: Chien-Pao|7\/100\n|cant|p1a: Chien-Pao|flinch\n|move|p1b: Iron Hands|Drain Punch|p2a: Iron Hands\n|-damage|p2a: Iron Hands|0 fnt\n|faint|p2a: Iron Hands\n|-end|p2a: Iron Hands|Quark Drive|[silent]\n|\n|-weather|SunnyDay|[upkeep]\n|upkeep\n|turn|7\n|\n|t:|1699969873\n|move|p2b: Landorus|Tera Blast|p1b: Iron Hands|[anim] Tera Blast Flying\n|-damage|p1b: Iron Hands|51\/100\n|move|p1a: Chien-Pao|Ice Spinner|p2b: Landorus\n|-supereffective|p2b: Landorus\n|-damage|p2b: Landorus|12\/100\n|move|p1b: Iron Hands|Thunder Punch|p2b: Landorus\n|-supereffective|p2b: Landorus\n|-damage|p2b: Landorus|0 fnt\n|faint|p2b: Landorus\n|\n|win|verylonelysole\n|raw|verylonelysole's rating: 1205 &rarr; <strong>1237<\/strong><br \/>(+32 for winning)\n|raw|ashzera's rating: 1301 &rarr; <strong>1276<\/strong><br \/>(-25 for losing)\n|l|\u2606ashzera\n","uploadtime":1699969886,"views":8,"p1id":"verylonelysole","p2id":"ashzera","formatid":"gen9vgc2023regulatione","rating":1237,"private":0,"password":""}