{"id":"gen9vgc2023regulatione-1990975069","p1":"Blackflashzzzzz","p2":"Richie tenenbaum","format":"[Gen 9] VGC 2023 Regulation E","log":"|j|\u2606Blackflashzzzzz\n|j|\u2606Richie tenenbaum\n|t:|1700022031\n|gametype|doubles\n|player|p1|Blackflashzzzzz|266|1247\n|player|p2|Richie tenenbaum|morty|1373\n|teamsize|p1|6\n|teamsize|p2|6\n|gen|9\n|tier|[Gen 9] VGC 2023 Regulation E\n|rated|\n|rule|Species Clause: Limit one of each Pok\u00e9mon\n|rule|Item Clause: Limit one of each item\n|clearpoke\n|poke|p1|Iron Bundle, L50|\n|poke|p1|Ninetales-Alola, L50, F|\n|poke|p1|Indeedee-F, L50, F|\n|poke|p1|Armarouge, L50, M|\n|poke|p1|Baxcalibur, L50, M|\n|poke|p1|Urshifu-*, L50, M|\n|poke|p2|Torkoal, L50, M|\n|poke|p2|Maushold, L50|\n|poke|p2|Bruxish, L50, F|\n|poke|p2|Urshifu-*, L50, M|\n|poke|p2|Cresselia, L50, F|\n|poke|p2|Ursaluna, L50, M|\n|teampreview|4\n|\n|t:|1700022062\n|start\n|switch|p1a: Indeedee|Indeedee-F, L50, F|100\/100\n|switch|p1b: Urshifu|Urshifu, L50, M|100\/100\n|switch|p2a: WHERE\u2019S DAVE?|Maushold, L50|100\/100\n|switch|p2b: Lua|Cresselia, L50, F|100\/100\n|-fieldstart|move: Psychic Terrain|[from] ability: Psychic Surge|[of] p1a: Indeedee\n|turn|1\n|\n|t:|1700022078\n|move|p2a: WHERE\u2019S DAVE?|Population Bomb|p1b: Urshifu\n|-damage|p1b: Urshifu|89\/100\n|-damage|p1b: Urshifu|76\/100\n|-damage|p1b: Urshifu|63\/100\n|-damage|p1b: Urshifu|51\/100\n|-crit|p1b: Urshifu\n|-damage|p1b: Urshifu|33\/100\n|-damage|p1b: Urshifu|21\/100\n|-damage|p1b: Urshifu|9\/100\n|-damage|p1b: Urshifu|0 fnt\n|faint|p1b: Urshifu\n|-hitcount|p1: Urshifu|8\n|move|p1a: Indeedee|Imprison|p1a: Indeedee\n|-start|p1a: Indeedee|move: Imprison\n|move|p2b: Lua|Lunar Blessing||[still]|[spread] \n|-fail|p2b: Lua\n|\n|upkeep\n|\n|t:|1700022085\n|switch|p1b: Ninetales|Ninetales-Alola, L50, F|100\/100\n|-weather|Snow|[from] ability: Snow Warning|[of] p1b: Ninetales\n|turn|2\n|\n|t:|1700022110\n|switch|p2b: Bunson|Torkoal, L50, M|100\/100\n|-weather|SunnyDay|[from] ability: Drought|[of] p2b: Bunson\n|move|p1b: Ninetales|Aurora Veil||[still]\n|-fail|p1b: Ninetales\n|move|p2a: WHERE\u2019S DAVE?|Population Bomb|p1b: Ninetales\n|-damage|p1b: Ninetales|87\/100\n|-damage|p1b: Ninetales|73\/100\n|-damage|p1b: Ninetales|59\/100\n|-damage|p1b: Ninetales|45\/100\n|-damage|p1b: Ninetales|31\/100\n|-damage|p1b: Ninetales|16\/100\n|-damage|p1b: Ninetales|0 fnt\n|faint|p1b: Ninetales\n|-hitcount|p1: Ninetales|7\n|move|p1a: Indeedee|Dazzling Gleam|p2a: WHERE\u2019S DAVE?|[spread] p2a,p2b\n|-resisted|p2b: Bunson\n|-damage|p2a: WHERE\u2019S DAVE?|74\/100\n|-damage|p2b: Bunson|89\/100\n|\n|-weather|SunnyDay|[upkeep]\n|upkeep\n|\n|t:|1700022113\n|switch|p1b: Baxcalibur|Baxcalibur, L50, M|100\/100\n|turn|3\n|\n|t:|1700022136\n|switch|p2b: Lua|Cresselia, L50, F|100\/100\n|move|p1a: Indeedee|Follow Me|p1a: Indeedee\n|-singleturn|p1a: Indeedee|move: Follow Me\n|move|p2a: WHERE\u2019S DAVE?|Population Bomb|p1a: Indeedee\n|-damage|p1a: Indeedee|85\/100\n|-hitcount|p1a: Indeedee|1\n|move|p1b: Baxcalibur|Dragon Dance|p1b: Baxcalibur\n|-boost|p1b: Baxcalibur|atk|1\n|-boost|p1b: Baxcalibur|spe|1\n|\n|-weather|SunnyDay|[upkeep]\n|upkeep\n|turn|4\n|c|\u2606Blackflashzzzzz|How\n|c|\u2606Blackflashzzzzz|Hit 1 time\n|c|\u2606Blackflashzzzzz|Not wide lens?\n|inactive|Battle timer is ON: inactive players will automatically lose when time's up. (requested by Blackflashzzzzz)\n|\n|t:|1700022204\n|move|p1b: Baxcalibur|Icicle Crash|p2a: WHERE\u2019S DAVE?\n|-damage|p2a: WHERE\u2019S DAVE?|0 fnt\n|faint|p2a: WHERE\u2019S DAVE?\n|move|p1a: Indeedee|Dazzling Gleam|p2b: Lua\n|-damage|p2b: Lua|89\/100\n|move|p2b: Lua|Moonblast|p1b: Baxcalibur\n|-supereffective|p1b: Baxcalibur\n|-damage|p1b: Baxcalibur|66\/100\n|\n|-weather|SunnyDay|[upkeep]\n|-heal|p1b: Baxcalibur|72\/100|[from] item: Leftovers\n|upkeep\n|\n|t:|1700022216\n|switch|p2a: Bam|Urshifu, L50, M|100\/100\n|turn|5\n|\n|t:|1700022221\n|-terastallize|p1b: Baxcalibur|Ground\n|move|p2a: Bam|Protect|p2a: Bam\n|-singleturn|p2a: Bam|Protect\n|move|p1b: Baxcalibur|Icicle Crash|p2a: Bam\n|-activate|p2a: Bam|move: Protect\n|move|p1a: Indeedee|Dazzling Gleam|p2b: Lua|[spread] p2b\n|-activate|p2a: Bam|move: Protect\n|-damage|p2b: Lua|79\/100\n|move|p2b: Lua|Moonblast|p1b: Baxcalibur\n|-damage|p1b: Baxcalibur|53\/100\n|-unboost|p1b: Baxcalibur|spa|1\n|\n|-weather|SunnyDay|[upkeep]\n|-heal|p1b: Baxcalibur|59\/100|[from] item: Leftovers\n|-fieldend|move: Psychic Terrain\n|upkeep\n|turn|6\n|\n|t:|1700022246\n|-terastallize|p2a: Bam|Dark\n|move|p1b: Baxcalibur|Icicle Crash|p2a: Bam\n|-damage|p2a: Bam|32\/100\n|move|p1a: Indeedee|Dazzling Gleam|p2a: Bam|[spread] p2a,p2b\n|-supereffective|p2a: Bam\n|-damage|p2a: Bam|0 fnt\n|-damage|p2b: Lua|69\/100\n|faint|p2a: Bam\n|move|p2b: Lua|Lunar Blessing|p2b: Lua\n|-heal|p2b: Lua|94\/100\n|\n|-weather|none\n|-heal|p1b: Baxcalibur|66\/100|[from] item: Leftovers\n|upkeep\n|\n|t:|1700022254\n|switch|p2a: Bunson|Torkoal, L50, M|89\/100\n|-weather|SunnyDay|[from] ability: Drought|[of] p2a: Bunson\n|turn|7\n|\n|t:|1700022262\n|move|p2b: Lua|Helping Hand|p2a: Bunson\n|-singleturn|p2a: Bunson|Helping Hand|[of] p2b: Lua\n|move|p1b: Baxcalibur|High Horsepower|p2a: Bunson\n|-supereffective|p2a: Bunson\n|-damage|p2a: Bunson|0 fnt\n|faint|p2a: Bunson\n|move|p1a: Indeedee|Dazzling Gleam|p2b: Lua\n|-damage|p2b: Lua|82\/100\n|\n|-weather|SunnyDay|[upkeep]\n|-heal|p1b: Baxcalibur|72\/100|[from] item: Leftovers\n|upkeep\n|turn|8\n|-message|Richie tenenbaum forfeited.\n|\n|win|Blackflashzzzzz\n|raw|Blackflashzzzzz's rating: 1247 &rarr; <strong>1281<\/strong><br \/>(+34 for winning)\n|raw|Richie tenenbaum's rating: 1373 &rarr; <strong>1346<\/strong><br \/>(-27 for losing)\n|l|\u2606Richie tenenbaum\n","uploadtime":1700022279,"views":8,"p1id":"blackflashzzzzz","p2id":"richietenenbaum","formatid":"gen9vgc2023regulatione","rating":1281,"private":0,"password":""}