{"id":"gen9vgc2023regulatione-1997727527","p1":"mochipupusa","p2":"Gribbs","format":"[Gen 9] VGC 2023 Regulation E","log":"|j|\u2606mochipupusa\n|j|\u2606Gribbs\n|t:|1700846260\n|gametype|doubles\n|player|p1|mochipupusa|collector|1347\n|player|p2|Gribbs|170|1350\n|teamsize|p1|6\n|teamsize|p2|6\n|gen|9\n|tier|[Gen 9] VGC 2023 Regulation E\n|rated|\n|rule|Species Clause: Limit one of each Pok\u00e9mon\n|rule|Item Clause: Limit one of each item\n|clearpoke\n|poke|p1|Roaring Moon, L50|\n|poke|p1|Milotic, L50, F|\n|poke|p1|Landorus-Therian, L50, M|\n|poke|p1|Flutter Mane, L50|\n|poke|p1|Iron Hands, L50|\n|poke|p1|Ogerpon-Hearthflame, L50, F|\n|poke|p2|Iron Hands, L50|\n|poke|p2|Palafin, L50, M|\n|poke|p2|Arcanine-Hisui, L50, F|\n|poke|p2|Sinistcha, L50|\n|poke|p2|Tornadus, L50, M|\n|poke|p2|Landorus, L50, M|\n|teampreview|4\nmochipupusa has agreed to open team sheets.\n|\n|t:|1700846304\n|start\n|switch|p1a: Landorus|Landorus-Therian, L50, M|100\/100\n|switch|p1b: evs|Iron Hands, L50, shiny|100\/100\n|switch|p2a: Tornadus|Tornadus, L50, M|100\/100\n|switch|p2b: Palafin|Palafin, L50, M|100\/100\n|-ability|p1a: Landorus|Intimidate|boost\n|-unboost|p2a: Tornadus|atk|1\n|-unboost|p2b: Palafin|atk|1\n|turn|1\n|\n|t:|1700846323\n|detailschange|p2b: Palafin|Palafin-Hero, L50, M\n|switch|p2b: Landorus|Landorus, L50, M|100\/100\n|move|p2a: Tornadus|Tailwind|p2a: Tornadus\n|-sidestart|p2: Gribbs|move: Tailwind\n|move|p1a: Landorus|U-turn|p2a: Tornadus\n|-resisted|p2a: Tornadus\n|-damage|p2a: Tornadus|81\/100\n|\n|t:|1700846332\n|switch|p1a: Milotic|Milotic, L50, F|100\/100|[from] U-turn\n|move|p1b: evs|Wild Charge|p2a: Tornadus\n|-supereffective|p2a: Tornadus\n|-damage|p2a: Tornadus|0 fnt\n|faint|p2a: Tornadus\n|-damage|p1b: evs|87\/100|[from] Recoil\n|\n|upkeep\n|\n|t:|1700846340\n|switch|p2a: Iron Hands|Iron Hands, L50|100\/100\n|turn|2\n|\n|t:|1700846371\n|move|p1a: Milotic|Protect|p1a: Milotic\n|-singleturn|p1a: Milotic|Protect\n|move|p2a: Iron Hands|Fake Out|p1a: Milotic\n|-activate|p1a: Milotic|move: Protect\n|move|p2b: Landorus|Sandsear Storm|p1a: Milotic|[spread] p1b\n|-activate|p1a: Milotic|move: Protect\n|-supereffective|p1b: evs\n|-damage|p1b: evs|11\/100\n|move|p1b: evs|Heavy Slam|p2b: Landorus\n|-damage|p2b: Landorus|53\/100\n|\n|upkeep\n|turn|3\n|\n|t:|1700846407\n|-end|p1b: evs|Quark Drive|[silent]\n|switch|p1b: Flutter Mane|Flutter Mane, L50|100\/100\n|-terastallize|p1a: Milotic|Dragon\n|move|p2b: Landorus|Sandsear Storm|p1b: Flutter Mane|[spread] p1a,p1b\n|-damage|p1a: Milotic|55\/100\n|-damage|p1b: Flutter Mane|36\/100\n|move|p2a: Iron Hands|Wild Charge|p1a: Milotic\n|-resisted|p1a: Milotic\n|-damage|p1a: Milotic|28\/100\n|-enditem|p1a: Milotic|Sitrus Berry|[eat]\n|-heal|p1a: Milotic|53\/100|[from] item: Sitrus Berry\n|-damage|p2a: Iron Hands|95\/100|[from] Recoil\n|move|p1a: Milotic|Scald|p2b: Landorus\n|-supereffective|p2b: Landorus\n|-damage|p2b: Landorus|0 fnt\n|faint|p2b: Landorus\n|\n|upkeep\n|\n|t:|1700846419\n|switch|p2b: Palafin|Palafin-Hero, L50, M|100\/100\n|-activate|p2b: Palafin|ability: Zero to Hero\n|turn|4\n|\n|t:|1700846442\n|move|p1b: Flutter Mane|Protect|p1b: Flutter Mane\n|-singleturn|p1b: Flutter Mane|Protect\n|move|p1a: Milotic|Protect|p1a: Milotic\n|-singleturn|p1a: Milotic|Protect\n|move|p2b: Palafin|Jet Punch|p1b: Flutter Mane\n|-activate|p1b: Flutter Mane|move: Protect\n|move|p2a: Iron Hands|Drain Punch|p1a: Milotic\n|-activate|p1a: Milotic|move: Protect\n|\n|-sideend|p2: Gribbs|move: Tailwind\n|upkeep\n|turn|5\n|\n|t:|1700846477\n|switch|p1a: Landorus|Landorus-Therian, L50, M|100\/100\n|-ability|p1a: Landorus|Intimidate|boost\n|-unboost|p2a: Iron Hands|atk|1\n|-unboost|p2b: Palafin|atk|1\n|move|p1b: Flutter Mane|Dazzling Gleam|p2a: Iron Hands|[spread] p2a,p2b\n|-supereffective|p2a: Iron Hands\n|-damage|p2a: Iron Hands|57\/100\n|-damage|p2b: Palafin|63\/100\n|move|p2b: Palafin|Blizzard|p1a: Landorus|[spread] p1b\n|-miss|p2b: Palafin|p1a: Landorus\n|-damage|p1b: Flutter Mane|14\/100\n|move|p2a: Iron Hands|Heavy Slam|p1b: Flutter Mane\n|-supereffective|p1b: Flutter Mane\n|-damage|p1b: Flutter Mane|0 fnt\n|faint|p1b: Flutter Mane\n|-end|p1b: Flutter Mane|Protosynthesis|[silent]\n|\n|upkeep\n|c|\u2606Gribbs|NO WAY\n|c|\u2606Gribbs|cmon bruh\n|\n|t:|1700846494\n|switch|p1b: evs|Iron Hands, L50, shiny|11\/100\n|turn|6\n|c|\u2606Gribbs|so lame\n|\n|t:|1700846521\n|move|p1b: evs|Fake Out|p2b: Palafin\n|-crit|p2b: Palafin\n|-damage|p2b: Palafin|39\/100\n|move|p1a: Landorus|U-turn|p2a: Iron Hands\n|-resisted|p2a: Iron Hands\n|-damage|p2a: Iron Hands|48\/100\n|c|\u2606mochipupusa|blizzard thou\n|\n|t:|1700846532\n|switch|p1a: Milotic|Milotic, L50, F, tera:Dragon|53\/100|[from] U-turn\n|cant|p2b: Palafin|flinch\n|move|p2a: Iron Hands|Heavy Slam|p1a: Milotic\n|-damage|p1a: Milotic|38\/100\n|\n|upkeep\n|turn|7\n|c|\u2606Gribbs|yeah crazy tech\n|c|\u2606Gribbs|shoulda won :\/\n|\n|t:|1700846558\n|-end|p1b: evs|Quark Drive|[silent]\n|switch|p1b: Landorus|Landorus-Therian, L50, M|100\/100\n|-ability|p1b: Landorus|Intimidate|boost\n|-unboost|p2a: Iron Hands|atk|1\n|-unboost|p2b: Palafin|atk|1\n|move|p1a: Milotic|Protect|p1a: Milotic\n|-singleturn|p1a: Milotic|Protect\n|move|p2b: Palafin|Blizzard|p1a: Milotic|[spread] p1b\n|-activate|p1a: Milotic|move: Protect\n|-supereffective|p1b: Landorus\n|-damage|p1b: Landorus|13\/100\n|move|p2a: Iron Hands|Drain Punch|p1a: Milotic\n|-activate|p1a: Milotic|move: Protect\n|\n|upkeep\n|turn|8\n|\n|t:|1700846581\n|move|p1b: Landorus|Stomping Tantrum|p2a: Iron Hands\n|-supereffective|p2a: Iron Hands\n|-damage|p2a: Iron Hands|0 fnt\n|faint|p2a: Iron Hands\n|-end|p2a: Iron Hands|Quark Drive|[silent]\n|move|p2b: Palafin|Blizzard|p1b: Landorus|[spread] p1a\n|-miss|p2b: Palafin|p1b: Landorus\n|-supereffective|p1a: Milotic\n|-damage|p1a: Milotic|8\/100\n|move|p1a: Milotic|Scald|p2b: Palafin\n|-resisted|p2b: Palafin\n|-damage|p2b: Palafin|20\/100\n|\n|upkeep\n|turn|9\n|c|\u2606Gribbs|gg\n|-message|Gribbs forfeited.\n|\n|win|mochipupusa\n|raw|mochipupusa's rating: 1347 &rarr; <strong>1367<\/strong><br \/>(+20 for winning)\n|raw|Gribbs's rating: 1350 &rarr; <strong>1330<\/strong><br \/>(-20 for losing)\n|l|\u2606Gribbs\n|c|\u2606mochipupusa|gg\n","uploadtime":1700846617,"views":2,"p1id":"mochipupusa","p2id":"gribbs","formatid":"gen9vgc2023regulatione","rating":1330,"private":0,"password":""}