{"id":"gen9vgc2023regulatione-1988627351","p1":"ghghfghakjh","p2":"filthytrashgoblin","format":"[Gen 9] VGC 2023 Regulation E","log":"|j|\u2606ghghfghakjh\n|j|\u2606filthytrashgoblin\n|t:|1699743601\n|gametype|doubles\n|player|p1|ghghfghakjh|sabrina|1059\n|player|p2|filthytrashgoblin|ghetsis|1035\n|teamsize|p1|6\n|teamsize|p2|4\n|gen|9\n|tier|[Gen 9] VGC 2023 Regulation E\n|rated|\n|rule|Species Clause: Limit one of each Pok\u00e9mon\n|rule|Item Clause: Limit one of each item\n|clearpoke\n|poke|p1|Regieleki, L50|\n|poke|p1|Urshifu-*, L50, M|\n|poke|p1|Dragonite, L50, F|\n|poke|p1|Iron Bundle, L50|\n|poke|p1|Dusclops, L50, F|\n|poke|p1|Landorus-Therian, L50, M|\n|poke|p2|Urshifu-*, L50, M|\n|poke|p2|Iron Hands, L50|\n|poke|p2|Uxie, L50|\n|poke|p2|Avalugg-Hisui, L50, M|\n|teampreview|4\n|inactive|Battle timer is ON: inactive players will automatically lose when time's up. (requested by filthytrashgoblin)\n|inactive|ghghfghakjh also wants the timer to be on.\nfilthytrashgoblin has agreed to open team sheets.\n|\n|t:|1699743614\n|start\n|switch|p1a: Iron Bundle|Iron Bundle, L50|100\/100\n|switch|p1b: Urshifu|Urshifu, L50, M|100\/100\n|switch|p2a: mmmm|Uxie, L50|100\/100\n|switch|p2b: him|Avalugg-Hisui, L50, M|100\/100\n|-enditem|p1a: Iron Bundle|Booster Energy\n|-activate|p1a: Iron Bundle|ability: Quark Drive|[fromitem]\n|-start|p1a: Iron Bundle|quarkdrivespa\n|turn|1\n|\n|t:|1699743633\n|-terastallize|p1a: Iron Bundle|Water\n|move|p1a: Iron Bundle|Tera Blast|p2b: him|[anim] Tera Blast Water\n|-supereffective|p2b: him\n|-ability|p2b: him|Sturdy\n|-damage|p2b: him|1\/100\n|move|p1b: Urshifu|Wicked Blow|p2a: mmmm\n|-supereffective|p2a: mmmm\n|-crit|p2a: mmmm\n|-damage|p2a: mmmm|0 fnt\n|faint|p2a: mmmm\n|move|p2b: him|Blizzard|p1a: Iron Bundle|[spread] p1a\n|-miss|p2b: him|p1b: Urshifu\n|-resisted|p1a: Iron Bundle\n|-damage|p1a: Iron Bundle|88\/100\n|-status|p1a: Iron Bundle|frz\n|\n|upkeep\n|\n|t:|1699743648\n|switch|p2a: bear|Urshifu-Rapid-Strike, L50, M|100\/100\n|turn|2\n|\n|t:|1699743661\n|cant|p1a: Iron Bundle|frz\n|move|p1b: Urshifu|Wicked Blow|p2b: him\n|-crit|p2b: him\n|-damage|p2b: him|0 fnt\n|faint|p2b: him\n|move|p2a: bear|Trailblaze|p1a: Iron Bundle\n|-supereffective|p1a: Iron Bundle\n|-damage|p1a: Iron Bundle|46\/100 frz\n|-boost|p2a: bear|spe|1\n|\n|upkeep\n|\n|t:|1699743671\n|switch|p2b: BIG BOY|Iron Hands, L50|100\/100\n|-enditem|p2b: BIG BOY|Booster Energy\n|-activate|p2b: BIG BOY|ability: Quark Drive|[fromitem]\n|-start|p2b: BIG BOY|quarkdrivedef\n|turn|3\n|\n|t:|1699743681\n|-terastallize|p2a: bear|Grass\n|move|p2b: BIG BOY|Detect|p2b: BIG BOY\n|-singleturn|p2b: BIG BOY|Protect\n|move|p2a: bear|Trailblaze|p1a: Iron Bundle\n|-supereffective|p1a: Iron Bundle\n|-damage|p1a: Iron Bundle|0 fnt\n|-boost|p2a: bear|spe|1\n|faint|p1a: Iron Bundle\n|-end|p1a: Iron Bundle|Quark Drive|[silent]\n|move|p1b: Urshifu|Wicked Blow|p2a: bear\n|-crit|p2a: bear\n|-damage|p2a: bear|22\/100\n|\n|upkeep\n|\n|t:|1699743693\n|switch|p1a: Landorus|Landorus-Therian, L50, M|100\/100\n|-ability|p1a: Landorus|Intimidate|boost\n|-unboost|p2a: bear|atk|1\n|-unboost|p2b: BIG BOY|atk|1\n|turn|4\n|\n|t:|1699743702\n|move|p2a: bear|Surging Strikes|p1a: Landorus\n|-supereffective|p1a: Landorus\n|-crit|p1a: Landorus\n|-damage|p1a: Landorus|59\/100\n|-supereffective|p1a: Landorus\n|-crit|p1a: Landorus\n|-damage|p1a: Landorus|15\/100\n|-supereffective|p1a: Landorus\n|-crit|p1a: Landorus\n|-damage|p1a: Landorus|0 fnt\n|faint|p1a: Landorus\n|-hitcount|p1: Landorus|3\n|move|p1b: Urshifu|Wicked Blow|p2a: bear\n|-crit|p2a: bear\n|-damage|p2a: bear|0 fnt\n|faint|p2a: bear\n|move|p2b: BIG BOY|Body Press|p1b: Urshifu\n|-supereffective|p1b: Urshifu\n|-crit|p1b: Urshifu\n|-damage|p1b: Urshifu|0 fnt\n|faint|p1b: Urshifu\n|\n|upkeep\n|\n|t:|1699743718\n|switch|p1a: Regieleki|Regieleki, L50|100\/100\n|turn|5\n|\n|t:|1699743725\n|move|p2b: BIG BOY|Detect|p2b: BIG BOY\n|-singleturn|p2b: BIG BOY|Protect\n|move|p1a: Regieleki|Tera Blast|p2b: BIG BOY\n|-activate|p2b: BIG BOY|move: Protect\n|\n|upkeep\n|turn|6\n|\n|t:|1699743733\n|move|p1a: Regieleki|Tera Blast|p2b: BIG BOY\n|-damage|p2b: BIG BOY|76\/100\n|-damage|p1a: Regieleki|91\/100|[from] item: Life Orb\n|move|p2b: BIG BOY|Heavy Slam|p1a: Regieleki\n|-resisted|p1a: Regieleki\n|-damage|p1a: Regieleki|78\/100\n|\n|upkeep\n|turn|7\n|\n|t:|1699743746\n|move|p1a: Regieleki|Thunderbolt|p2b: BIG BOY\n|-resisted|p2b: BIG BOY\n|-damage|p2b: BIG BOY|46\/100\n|-damage|p1a: Regieleki|68\/100|[from] item: Life Orb\n|move|p2b: BIG BOY|Iron Defense|p2b: BIG BOY\n|-boost|p2b: BIG BOY|def|2\n|\n|upkeep\n|turn|8\n|\n|t:|1699743754\n|move|p1a: Regieleki|Thunderbolt|p2b: BIG BOY\n|-resisted|p2b: BIG BOY\n|-damage|p2b: BIG BOY|18\/100\n|-damage|p1a: Regieleki|59\/100|[from] item: Life Orb\n|move|p2b: BIG BOY|Body Press|p1a: Regieleki\n|-damage|p1a: Regieleki|0 fnt\n|faint|p1a: Regieleki\n|\n|win|filthytrashgoblin\n|raw|ghghfghakjh's rating: 1059 &rarr; <strong>1039<\/strong><br \/>(-20 for losing)\n|raw|filthytrashgoblin's rating: 1035 &rarr; <strong>1072<\/strong><br \/>(+37 for winning)\n|l|\u2606ghghfghakjh\n","uploadtime":1699743767,"views":11,"p1id":"ghghfghakjh","p2id":"filthytrashgoblin","formatid":"gen9vgc2023regulatione","rating":1039,"private":0,"password":""}