{"id":"gen9vgc2023regulatione-1993449023","p1":"ArciniusPig","p2":"Fenrirshadow","format":"[Gen 9] VGC 2023 Regulation E","log":"|j|\u2606ArciniusPig\n|j|\u2606Fenrirshadow\n|t:|1700319272\n|gametype|doubles\n|player|p1|ArciniusPig|twins-gen4dp|1296\n|player|p2|Fenrirshadow|acetrainer-gen4dp|1314\n|teamsize|p1|6\n|teamsize|p2|6\n|gen|9\n|tier|[Gen 9] VGC 2023 Regulation E\n|rated|\n|rule|Species Clause: Limit one of each Pok\u00e9mon\n|rule|Item Clause: Limit one of each item\n|clearpoke\n|poke|p1|Tyranitar, L50, M|\n|poke|p1|Houndstone, L50, M|\n|poke|p1|Milotic, L50, M|\n|poke|p1|Sinistcha, L50|\n|poke|p1|Moltres, L50|\n|poke|p1|Munkidori, L50, M|\n|poke|p2|Heatran, L50, M|\n|poke|p2|Kommo-o, L50, M|\n|poke|p2|Amoonguss, L50, M|\n|poke|p2|Grimmsnarl, L50, M|\n|poke|p2|Urshifu-*, L50, M|\n|poke|p2|Flutter Mane, L50|\n|teampreview|4\n|\n|t:|1700319305\n|start\n|switch|p1a: Moltres|Moltres, L50|100\/100\n|switch|p1b: Tyranitar|Tyranitar, L50, M|100\/100\n|switch|p2a: Amoonguss|Amoonguss, L50, M, shiny|100\/100\n|switch|p2b: Flutter Mane|Flutter Mane, L50, shiny|100\/100\n|-weather|Sandstorm|[from] ability: Sand Stream|[of] p1b: Tyranitar\n|-enditem|p2b: Flutter Mane|Booster Energy\n|-activate|p2b: Flutter Mane|ability: Protosynthesis|[fromitem]\n|-start|p2b: Flutter Mane|protosynthesisspe\n|turn|1\n|\n|t:|1700319330\n|switch|p2a: Heatran|Heatran, L50, M|100\/100\n|move|p1b: Tyranitar|Protect|p1b: Tyranitar\n|-singleturn|p1b: Tyranitar|Protect\n|move|p2b: Flutter Mane|Shadow Ball|p1a: Moltres\n|-damage|p1a: Moltres|56\/100\n|-unboost|p1a: Moltres|spd|1\n|move|p1a: Moltres|Air Slash|p2a: Heatran\n|-resisted|p2a: Heatran\n|-damage|p2a: Heatran|84\/100\n|\n|-weather|Sandstorm|[upkeep]\n|-damage|p2b: Flutter Mane|94\/100|[from] Sandstorm\n|-damage|p1a: Moltres|50\/100|[from] Sandstorm\n|upkeep\n|turn|2\n|inactive|Battle timer is ON: inactive players will automatically lose when time's up. (requested by Fenrirshadow)\n|\n|t:|1700319363\n|move|p2a: Heatran|Protect|p2a: Heatran\n|-singleturn|p2a: Heatran|Protect\n|move|p2b: Flutter Mane|Dazzling Gleam|p1a: Moltres|[spread] p1a,p1b\n|-resisted|p1a: Moltres\n|-supereffective|p1b: Tyranitar\n|-damage|p1a: Moltres|25\/100\n|-damage|p1b: Tyranitar|66\/100\n|-enditem|p1a: Moltres|Wiki Berry|[eat]\n|-heal|p1a: Moltres|58\/100|[from] item: Wiki Berry\n|move|p1a: Moltres|Heat Wave|p2b: Flutter Mane|[spread] p2b\n|-activate|p2a: Heatran|move: Protect\n|-damage|p2b: Flutter Mane|59\/100\n|move|p1b: Tyranitar|Stomping Tantrum|p2a: Heatran\n|-activate|p2a: Heatran|move: Protect\n|\n|-weather|Sandstorm|[upkeep]\n|-damage|p2b: Flutter Mane|53\/100|[from] Sandstorm\n|-damage|p1a: Moltres|52\/100|[from] Sandstorm\n|upkeep\n|turn|3\n|inactive|Fenrirshadow has 30 seconds left.\n|\n|t:|1700319389\n|-terastallize|p2a: Heatran|Grass\n|move|p1b: Tyranitar|Protect|p1b: Tyranitar\n|-singleturn|p1b: Tyranitar|Protect\n|move|p2b: Flutter Mane|Shadow Ball|p1a: Moltres\n|-damage|p1a: Moltres|0 fnt\n|faint|p1a: Moltres\n|move|p2a: Heatran|Tera Blast|p1b: Tyranitar|[anim] Tera Blast Grass\n|-activate|p1b: Tyranitar|move: Protect\n|\n|-weather|Sandstorm|[upkeep]\n|-damage|p2b: Flutter Mane|47\/100|[from] Sandstorm\n|-damage|p2a: Heatran|78\/100|[from] Sandstorm\n|upkeep\n|\n|t:|1700319403\n|switch|p1a: Munkidori|Munkidori, L50, M|100\/100\n|turn|4\n|\n|t:|1700319418\n|move|p2b: Flutter Mane|Shadow Ball|p1a: Munkidori\n|-supereffective|p1a: Munkidori\n|-enditem|p1a: Munkidori|Focus Sash\n|-damage|p1a: Munkidori|1\/100\n|move|p1a: Munkidori|Sludge Bomb|p2b: Flutter Mane\n|-damage|p2b: Flutter Mane|0 fnt\n|faint|p2b: Flutter Mane\n|-end|p2b: Flutter Mane|Protosynthesis|[silent]\n|move|p2a: Heatran|Tera Blast|p1b: Tyranitar|[anim] Tera Blast Grass\n|-supereffective|p1b: Tyranitar\n|-damage|p1b: Tyranitar|3\/100\n|-damage|p2a: Heatran|69\/100|[from] item: Life Orb\n|move|p1b: Tyranitar|Crunch|p2a: Heatran\n|-damage|p2a: Heatran|28\/100\n|\n|-weather|Sandstorm|[upkeep]\n|-damage|p1a: Munkidori|0 fnt|[from] Sandstorm\n|-damage|p2a: Heatran|22\/100|[from] Sandstorm\n|faint|p1a: Munkidori\n|upkeep\n|\n|t:|1700319438\n|switch|p2b: Amoonguss|Amoonguss, L50, M, shiny|100\/100\n|switch|p1a: Houndstone|Houndstone, L50, M|100\/100\n|turn|5\n|\n|t:|1700319457\n|-terastallize|p1a: Houndstone|Ghost\n|move|p2a: Heatran|Protect|p2a: Heatran\n|-singleturn|p2a: Heatran|Protect\n|move|p1a: Houndstone|Last Respects|p2b: Amoonguss\n|-damage|p2b: Amoonguss|39\/100\n|move|p1b: Tyranitar|Crunch|p2b: Amoonguss\n|-damage|p2b: Amoonguss|6\/100\n|-unboost|p2b: Amoonguss|def|1\n|-damage|p1b: Tyranitar|0 fnt|[from] item: Rocky Helmet|[of] p2b: Amoonguss\n|faint|p1b: Tyranitar\n|move|p2b: Amoonguss|Spore|p1a: Houndstone\n|-status|p1a: Houndstone|slp|[from] move: Spore\n|\n|-weather|none\n|upkeep\n|turn|6\n|-message|ArciniusPig forfeited.\n|\n|win|Fenrirshadow\n|raw|ArciniusPig's rating: 1296 &rarr; <strong>1272<\/strong><br \/>(-24 for losing)\n|raw|Fenrirshadow's rating: 1314 &rarr; <strong>1333<\/strong><br \/>(+19 for winning)\n|l|\u2606ArciniusPig\n","uploadtime":1700319493,"views":12,"p1id":"arciniuspig","p2id":"fenrirshadow","formatid":"gen9vgc2023regulatione","rating":1272,"private":0,"password":""}