{"id":"gen9vgc2023regulatione-1988538555","p1":"ScarsonaVGC","p2":"Ryugami0","format":"[Gen 9] VGC 2023 Regulation E","log":"|j|\u2606ScarsonaVGC\n|j|\u2606Ryugami0\n|n|\u2606ScarsonaVGC|scarsonavgc\n|n|\u2606Ryugami0|ryugami0\n|html|View the match progress at <a href=\"\/game-bestof3-gen9vgc2023regulatione-1988534761\">game-bestof3-gen9vgc2023regulatione-1988534761<\/a>\n|t:|1699733730\n|gametype|doubles\n|player|p1|ScarsonaVGC|266|\n|player|p2|Ryugami0|brycenman|\n|teamsize|p1|6\n|teamsize|p2|6\n|gen|9\n|tier|[Gen 9] VGC 2023 Regulation E\n|rule|Species Clause: Limit one of each Pok\u00e9mon\n|rule|Item Clause: Limit one of each item\n|clearpoke\n|poke|p1|Ninetales-Alola, L50, M|\n|poke|p1|Glimmora, L50, M|\n|poke|p1|Dondozo, L50, M|\n|poke|p1|Tatsugiri, L50, F|\n|poke|p1|Chien-Pao, L50|\n|poke|p1|Dragonite, L50, F|\n|poke|p2|Tornadus, L50, M|\n|poke|p2|Flutter Mane, L50|\n|poke|p2|Rillaboom, L50, F|\n|poke|p2|Ogerpon-Hearthflame, L50, F|\n|poke|p2|Chien-Pao, L50|\n|poke|p2|Dragonite, L50, F|\n|teampreview|4\n|inactive|Battle timer is ON: inactive players will automatically lose when time's up. (requested by Ryugami0)\nRyugami0 has agreed to open team sheets.\n|inactiveoff|Battle timer is now OFF.\n|c|\u2606Ryugami0|le liste\nScarsonaVGC has agreed to open team sheets.\n|showteam|p1|Ninetales-Alola||LightClay|SnowWarning|FreezeDry,IcyWind,AuroraVeil,Protect|||M|||50|,,,,,Ghost]Glimmora||FocusSash|ToxicDebris|PowerGem,EarthPower,MortalSpin,SpikyShield|||M|||50|,,,,,Grass]Dondozo||Leftovers|Unaware|Earthquake,Protect,OrderUp,Substitute|||M|||50|,,,,,Dragon]Tatsugiri||ChoiceScarf|Commander|DracoMeteor,MuddyWater,IcyWind,DragonPulse|||F|||50|,,,,,Dragon]Chien-Pao||LifeOrb|SwordofRuin|IcicleCrash,SacredSword,SuckerPunch,Protect||||||50|,,,,,Poison]Dragonite||ChoiceBand|Multiscale|ExtremeSpeed,AerialAce,Outrage,Earthquake|||F|||50|,,,,,Normal\n|showteam|p2|Tornadus||CovertCloak|Prankster|BleakwindStorm,SunnyDay,Tailwind,Taunt|||M|||50|,,,,,Dark]Flutter Mane||ChoiceSpecs|Protosynthesis|Moonblast,ShadowBall,DazzlingGleam,EnergyBall||||||50|,,,,,Fairy]Rillaboom||AssaultVest|GrassySurge|HighHorsepower,WoodHammer,GrassyGlide,FakeOut|||F|||50|,,,,,Water]Ogerpon-Hearthflame||HearthflameMask|MoldBreaker|IvyCudgel,SwordsDance,GrassyGlide,SpikyShield|||F|||50|,,,,,Fire]Chien-Pao||FocusSash|SwordofRuin|IcicleCrash,LashOut,SuckerPunch,Protect||||||50|,,,,,Ghost]Dragonite||ChoiceBand|InnerFocus|ExtremeSpeed,Outrage,StompingTantrum,AquaJet|||F|||50|,,,,,Normal\n|c|\u2606ScarsonaVGC|sorry\n|c|\u2606Ryugami0|ty xd\n|\n|t:|1699733825\n|start\n|switch|p1a: Ninetales|Ninetales-Alola, L50, M, shiny|100\/100\n|switch|p1b: Glimmora|Glimmora, L50, M|100\/100\n|switch|p2a: DTP|Tornadus, L50, M|100\/100\n|switch|p2b: FlapFlap|Flutter Mane, L50|100\/100\n|-weather|Snow|[from] ability: Snow Warning|[of] p1a: Ninetales\n|turn|1\n|\n|t:|1699733855\n|-terastallize|p2b: FlapFlap|Fairy\n|move|p2a: DTP|Sunny Day|p2a: DTP\n|-weather|SunnyDay\n|-activate|p2b: FlapFlap|ability: Protosynthesis\n|-start|p2b: FlapFlap|protosynthesisspa\n|move|p1a: Ninetales|Icy Wind|p2a: DTP|[spread] p2a,p2b\n|-supereffective|p2a: DTP\n|-crit|p2a: DTP\n|-damage|p2a: DTP|62\/100\n|-damage|p2b: FlapFlap|89\/100\n|-unboost|p2b: FlapFlap|spe|1\n|move|p1b: Glimmora|Power Gem|p2a: DTP\n|-supereffective|p2a: DTP\n|-damage|p2a: DTP|0 fnt\n|faint|p2a: DTP\n|move|p2b: FlapFlap|Dazzling Gleam|p1a: Ninetales|[spread] p1a,p1b\n|-resisted|p1b: Glimmora\n|-damage|p1a: Ninetales|11\/100\n|-damage|p1b: Glimmora|45\/100\n|\n|-weather|SunnyDay|[upkeep]\n|upkeep\n|\n|t:|1699733869\n|switch|p2a: GetPregnant|Rillaboom, L50, F|100\/100\n|-fieldstart|move: Grassy Terrain|[from] ability: Grassy Surge|[of] p2a: GetPregnant\n|turn|2\n|\n|t:|1699733929\n|move|p1a: Ninetales|Icy Wind|p2a: GetPregnant|[spread] p2a,p2b\n|-supereffective|p2a: GetPregnant\n|-damage|p2a: GetPregnant|85\/100\n|-damage|p2b: FlapFlap|77\/100\n|-unboost|p2a: GetPregnant|spe|1\n|-unboost|p2b: FlapFlap|spe|1\n|move|p1b: Glimmora|Mortal Spin|p2b: FlapFlap|[spread] p2a,p2b\n|-supereffective|p2a: GetPregnant\n|-supereffective|p2b: FlapFlap\n|-damage|p2a: GetPregnant|78\/100\n|-damage|p2b: FlapFlap|67\/100\n|-status|p2a: GetPregnant|psn\n|-status|p2b: FlapFlap|psn\n|move|p2b: FlapFlap|Dazzling Gleam|p1a: Ninetales|[spread] p1a,p1b\n|-resisted|p1b: Glimmora\n|-damage|p1a: Ninetales|0 fnt\n|-damage|p1b: Glimmora|0 fnt\n|faint|p1a: Ninetales\n|faint|p1b: Glimmora\n|move|p2a: GetPregnant|Wood Hammer|p1: Ninetales|[notarget]\n|-fail|p2a: GetPregnant\n|\n|-weather|SunnyDay|[upkeep]\n|-heal|p2b: FlapFlap|74\/100 psn|[from] Grassy Terrain\n|-heal|p2a: GetPregnant|84\/100 psn|[from] Grassy Terrain\n|-damage|p2b: FlapFlap|61\/100 psn|[from] psn\n|-damage|p2a: GetPregnant|72\/100 psn|[from] psn\n|upkeep\n|c|\u2606Ryugami0|sono ritardato\n|\n|t:|1699733950\n|switch|p1a: Chien-Pao|Chien-Pao, L50|100\/100\n|switch|p1b: Dragonite|Dragonite, L50, F|100\/100\n|-ability|p1a: Chien-Pao|Sword of Ruin\n|turn|3\n|c|\u2606Ryugami0|dovevo fare fakeout su ninetales\n|\n|t:|1699733985\n|switch|p2a: Oppa|Chien-Pao, L50|100\/100\n|-ability|p2a: Oppa|Sword of Ruin\n|-terastallize|p1b: Dragonite|Normal\n|move|p1b: Dragonite|Extreme Speed|p2b: FlapFlap\n|-damage|p2b: FlapFlap|0 fnt\n|faint|p2b: FlapFlap\n|-end|p2b: FlapFlap|Protosynthesis|[silent]\n|move|p1a: Chien-Pao|Icicle Crash|p2a: Oppa|[miss]\n|-miss|p1a: Chien-Pao|p2a: Oppa\n|\n|-weather|SunnyDay|[upkeep]\n|upkeep\n|\n|t:|1699733994\n|switch|p2b: GetPregnant|Rillaboom, L50, F|72\/100 psn\n|turn|4\n|\n|t:|1699734034\n|move|p2b: GetPregnant|Fake Out|p1b: Dragonite\n|-damage|p1b: Dragonite|92\/100\n|cant|p1b: Dragonite|flinch\n|move|p1a: Chien-Pao|Sucker Punch||[still]\n|-fail|p1a: Chien-Pao\n|move|p2a: Oppa|Icicle Crash|p1b: Dragonite\n|-damage|p1b: Dragonite|33\/100\n|\n|-weather|SunnyDay|[upkeep]\n|-heal|p2b: GetPregnant|78\/100 psn|[from] Grassy Terrain\n|-heal|p1b: Dragonite|39\/100|[from] Grassy Terrain\n|-damage|p2b: GetPregnant|66\/100 psn|[from] psn\n|upkeep\n|turn|5\n|\n|t:|1699734058\n|move|p1b: Dragonite|Extreme Speed|p2a: Oppa\n|-damage|p2a: Oppa|4\/100\n|move|p1a: Chien-Pao|Sucker Punch|p2b: GetPregnant\n|-damage|p2b: GetPregnant|3\/100 psn\n|-damage|p1a: Chien-Pao|91\/100|[from] item: Life Orb\n|move|p2b: GetPregnant|Grassy Glide|p1b: Dragonite\n|-damage|p1b: Dragonite|0 fnt\n|faint|p1b: Dragonite\n|move|p2a: Oppa|Lash Out|p1a: Chien-Pao\n|-resisted|p1a: Chien-Pao\n|-damage|p1a: Chien-Pao|63\/100\n|\n|-weather|none\n|-heal|p2a: Oppa|10\/100|[from] Grassy Terrain\n|-heal|p1a: Chien-Pao|69\/100|[from] Grassy Terrain\n|-heal|p2b: GetPregnant|9\/100 psn|[from] Grassy Terrain\n|-damage|p2b: GetPregnant|0 fnt|[from] psn\n|faint|p2b: GetPregnant\n|upkeep\n|turn|6\n|\n|t:|1699734089\n|move|p2a: Oppa|Protect|p2a: Oppa\n|-singleturn|p2a: Oppa|Protect\n|move|p1a: Chien-Pao|Sucker Punch||[still]\n|-fail|p1a: Chien-Pao\n|\n|-heal|p2a: Oppa|15\/100|[from] Grassy Terrain\n|-heal|p1a: Chien-Pao|75\/100|[from] Grassy Terrain\n|-fieldend|move: Grassy Terrain\n|upkeep\n|turn|7\n|\n|t:|1699734095\n|move|p2a: Oppa|Sucker Punch|p1a: Chien-Pao\n|-resisted|p1a: Chien-Pao\n|-damage|p1a: Chien-Pao|52\/100\n|move|p1a: Chien-Pao|Sucker Punch||[still]\n|-fail|p1a: Chien-Pao\n|\n|upkeep\n|turn|8\n|\n|t:|1699734107\n|move|p2a: Oppa|Protect|p2a: Oppa\n|-singleturn|p2a: Oppa|Protect\n|move|p1a: Chien-Pao|Protect||[still]\n|-fail|p1a: Chien-Pao\n|\n|upkeep\n|turn|9\n|\n|t:|1699734121\n|move|p2a: Oppa|Icicle Crash|p1a: Chien-Pao\n|-resisted|p1a: Chien-Pao\n|-damage|p1a: Chien-Pao|20\/100\n|move|p1a: Chien-Pao|Sacred Sword|p2a: Oppa\n|-supereffective|p2a: Oppa\n|-damage|p2a: Oppa|0 fnt\n|faint|p2a: Oppa\n|-damage|p1a: Chien-Pao|10\/100|[from] item: Life Orb\n|\n|win|ScarsonaVGC\n|c|&|\/uhtml prompt-ryugami0,Ryugami0 is ready for game 3!\n|inactive|ScarsonaVGC has 49 seconds to confirm battle start!\n|c|&|\/uhtml prompt-scarsonavgc,ScarsonaVGC is ready for game 3!\nBoth players are ready! Starting next match!\n","uploadtime":1699734799,"views":10,"p1id":"scarsonavgc","p2id":"ryugami0","formatid":"gen9vgc2023regulatione","rating":0,"private":0,"password":""}