{"id":"gen9vgc2023regulatione-1992114121","p1":"SaturnCraft","p2":"Conchoboar2","format":"[Gen 9] VGC 2023 Regulation E","log":"|j|\u2606SaturnCraft\n|j|\u2606Conchoboar2\n|t:|1700156246\n|gametype|doubles\n|player|p1|SaturnCraft|ghetsis|1354\n|player|p2|Conchoboar2|101|1279\n|teamsize|p1|6\n|teamsize|p2|6\n|gen|9\n|tier|[Gen 9] VGC 2023 Regulation E\n|rated|\n|rule|Species Clause: Limit one of each Pok\u00e9mon\n|rule|Item Clause: Limit one of each item\n|clearpoke\n|poke|p1|Indeedee-F, L50, F|\n|poke|p1|Urshifu-*, L50, M|\n|poke|p1|Ursaluna-Bloodmoon, L50, M|\n|poke|p1|Tornadus, L50, M|\n|poke|p1|Armarouge, L50, F|\n|poke|p1|Flutter Mane, L50|\n|poke|p2|Mamoswine, L50, M|\n|poke|p2|Iron Hands, L50|\n|poke|p2|Grimmsnarl, L50, M|\n|poke|p2|Flutter Mane, L50|\n|poke|p2|Heatran, L50, F|\n|poke|p2|Sinistcha, L50|\n|teampreview|4\n|\n|t:|1700156282\n|start\n|switch|p1a: Armarouge|Armarouge, L50, F, shiny|100\/100\n|switch|p1b: Indeedee|Indeedee-F, L50, F|100\/100\n|switch|p2a: Grimmsnarl|Grimmsnarl, L50, M|100\/100\n|switch|p2b: Iron Hands|Iron Hands, L50|100\/100\n|-fieldstart|move: Psychic Terrain|[from] ability: Psychic Surge|[of] p1b: Indeedee\n|turn|1\n|\n|t:|1700156297\n|-terastallize|p2b: Iron Hands|Fire\n|move|p1b: Indeedee|Follow Me|p1b: Indeedee\n|-singleturn|p1b: Indeedee|move: Follow Me\n|move|p2a: Grimmsnarl|Light Screen|p2a: Grimmsnarl\n|-sidestart|p2: Conchoboar2|move: Light Screen\n|move|p2b: Iron Hands|Thunder Punch|p1b: Indeedee\n|-damage|p1b: Indeedee|56\/100\n|move|p1a: Armarouge|Expanding Force|p2b: Iron Hands|[spread] p2b\n|-immune|p2a: Grimmsnarl\n|-damage|p2b: Iron Hands|65\/100\n|-damage|p1a: Armarouge|91\/100|[from] item: Life Orb\n|\n|upkeep\n|turn|2\n|\n|t:|1700156310\n|move|p1b: Indeedee|Helping Hand|p1a: Armarouge\n|-singleturn|p1a: Armarouge|Helping Hand|[of] p1b: Indeedee\n|move|p2b: Iron Hands|Thunder Punch|p1b: Indeedee\n|-damage|p1b: Indeedee|13\/100\n|move|p2a: Grimmsnarl|Spirit Break|p1a: Armarouge\n|-resisted|p1a: Armarouge\n|-damage|p1a: Armarouge|75\/100\n|-unboost|p1a: Armarouge|spa|1\n|move|p1a: Armarouge|Armor Cannon|p2a: Grimmsnarl\n|-damage|p2a: Grimmsnarl|34\/100\n|-unboost|p1a: Armarouge|def|1\n|-unboost|p1a: Armarouge|spd|1\n|-damage|p1a: Armarouge|66\/100|[from] item: Life Orb\n|\n|upkeep\n|turn|3\n|\n|t:|1700156321\n|move|p1b: Indeedee|Follow Me|p1b: Indeedee\n|-singleturn|p1b: Indeedee|move: Follow Me\n|move|p2b: Iron Hands|Thunder Punch|p1b: Indeedee\n|-damage|p1b: Indeedee|0 fnt\n|faint|p1b: Indeedee\n|move|p2a: Grimmsnarl|Spirit Break|p1a: Armarouge\n|-resisted|p1a: Armarouge\n|-crit|p1a: Armarouge\n|-damage|p1a: Armarouge|31\/100\n|-unboost|p1a: Armarouge|spa|1\n|move|p1a: Armarouge|Armor Cannon|p2a: Grimmsnarl\n|-damage|p2a: Grimmsnarl|3\/100\n|-unboost|p1a: Armarouge|def|1\n|-unboost|p1a: Armarouge|spd|1\n|-damage|p1a: Armarouge|21\/100|[from] item: Life Orb\n|\n|upkeep\n|\n|t:|1700156325\n|switch|p1b: Urshifu|Urshifu-Rapid-Strike, L50, M|100\/100\n|turn|4\n|\n|t:|1700156335\n|-end|p2b: Iron Hands|Quark Drive|[silent]\n|switch|p2b: Sinistcha|Sinistcha, L50|100\/100\n|-heal|p2a: Grimmsnarl|28\/100|[from] ability: Hospitality|[of] p2b: Sinistcha\n|move|p2a: Grimmsnarl|Reflect|p2a: Grimmsnarl\n|-sidestart|p2: Conchoboar2|Reflect\n|move|p1b: Urshifu|Brick Break|p2a: Grimmsnarl\n|-sideend|p2: Conchoboar2|Reflect\n|-sideend|p2: Conchoboar2|move: Light Screen\n|-damage|p2a: Grimmsnarl|0 fnt\n|faint|p2a: Grimmsnarl\n|move|p1a: Armarouge|Expanding Force|p2b: Sinistcha\n|-damage|p2b: Sinistcha|34\/100\n|-enditem|p2b: Sinistcha|Sitrus Berry|[eat]\n|-heal|p2b: Sinistcha|59\/100|[from] item: Sitrus Berry\n|-damage|p1a: Armarouge|11\/100|[from] item: Life Orb\n|\n|upkeep\n|\n|t:|1700156346\n|switch|p2a: Iron Hands|Iron Hands, L50, tera:Fire|65\/100\n|turn|5\n|\n|t:|1700156354\n|move|p1b: Urshifu|Surging Strikes|p2b: Sinistcha\n|-resisted|p2b: Sinistcha\n|-crit|p2b: Sinistcha\n|-damage|p2b: Sinistcha|49\/100\n|-resisted|p2b: Sinistcha\n|-crit|p2b: Sinistcha\n|-damage|p2b: Sinistcha|37\/100\n|-resisted|p2b: Sinistcha\n|-crit|p2b: Sinistcha\n|-damage|p2b: Sinistcha|28\/100\n|-hitcount|p2b: Sinistcha|3\n|move|p2b: Sinistcha|Matcha Gotcha|p1a: Armarouge|[spread] p1a,p1b\n|-resisted|p1a: Armarouge\n|-supereffective|p1b: Urshifu\n|-damage|p1a: Armarouge|0 fnt\n|-heal|p2b: Sinistcha|33\/100|[from] drain|[of] p1a: Armarouge\n|-damage|p1b: Urshifu|22\/100\n|-heal|p2b: Sinistcha|72\/100|[from] drain|[of] p1b: Urshifu\n|-status|p1b: Urshifu|brn\n|faint|p1a: Armarouge\n|move|p2a: Iron Hands|Thunder Punch|p1b: Urshifu\n|-supereffective|p1b: Urshifu\n|-damage|p1b: Urshifu|0 fnt\n|faint|p1b: Urshifu\n|\n|-fieldend|move: Psychic Terrain\n|upkeep\n|\n|t:|1700156365\n|switch|p1b: Ursaluna|Ursaluna-Bloodmoon, L50, M|100\/100\n|turn|6\n|\n|t:|1700156371\n|-terastallize|p1b: Ursaluna|Normal\n|move|p2b: Sinistcha|Matcha Gotcha|p1b: Ursaluna\n|-damage|p1b: Ursaluna|60\/100\n|-heal|p2b: Sinistcha|97\/100|[from] drain|[of] p1b: Ursaluna\n|move|p2a: Iron Hands|Drain Punch|p1b: Ursaluna\n|-supereffective|p1b: Ursaluna\n|-damage|p1b: Ursaluna|0 fnt\n|-heal|p2a: Iron Hands|94\/100|[from] drain|[of] p1b: Ursaluna\n|faint|p1b: Ursaluna\n|\n|win|Conchoboar2\n|raw|SaturnCraft's rating: 1354 &rarr; <strong>1330<\/strong><br \/>(-24 for losing)\n|raw|Conchoboar2's rating: 1279 &rarr; <strong>1309<\/strong><br \/>(+30 for winning)\n|l|\u2606SaturnCraft\n","uploadtime":1700156381,"views":10,"p1id":"saturncraft","p2id":"conchoboar2","formatid":"gen9vgc2023regulatione","rating":1309,"private":0,"password":""}