{"id":"gen9vgc2023regulatione-1994436279","p1":"cygnusx1018","p2":"Reversery","format":"[Gen 9] VGC 2023 Regulation E","log":"|j|\u2606cygnusx1018\n|j|\u2606Reversery\n|n|\u2606cygnusx1018|cygnusx1018\n|n|\u2606Reversery|reversery\n|html|View the match progress at <a href=\"\/game-bestof3-gen9vgc2023regulatione-1994432674\">game-bestof3-gen9vgc2023regulatione-1994432674<\/a>\n|t:|1700443733\n|gametype|doubles\n|player|p1|cygnusx1018|101|\n|player|p2|Reversery|dawn-gen4pt|\n|teamsize|p1|6\n|teamsize|p2|6\n|gen|9\n|tier|[Gen 9] VGC 2023 Regulation E\n|rule|Species Clause: Limit one of each Pok\u00e9mon\n|rule|Item Clause: Limit one of each item\n|clearpoke\n|poke|p1|Ditto, L50|\n|poke|p1|Gyarados, L50, F|\n|poke|p1|Maushold, L50|\n|poke|p1|Tornadus, L50, M|\n|poke|p1|Chi-Yu, L50|\n|poke|p1|Chien-Pao, L50|\n|poke|p2|Rillaboom, L50, M|\n|poke|p2|Heatran, L50, M|\n|poke|p2|Clefairy, L50, F|\n|poke|p2|Eiscue, L50, M|\n|poke|p2|Tornadus-Therian, L50, M|\n|poke|p2|Houndstone, L50, F|\n|teampreview|4\n|j| SCRUMPTIOUSBREAD\nReversery rejected open team sheets.\n|\n|t:|1700443773\n|start\n|switch|p1a: WEEEEEEE (U)|Tornadus, L50, M|100\/100\n|switch|p1b: Magic Karp|Gyarados, L50, F|100\/100\n|switch|p2a: Cool But Not|Heatran, L50, M|100\/100\n|switch|p2b: Pillow|Clefairy, L50, F|100\/100\n|-ability|p1b: Magic Karp|Intimidate|boost\n|-unboost|p2a: Cool But Not|atk|1\n|-unboost|p2b: Pillow|atk|1\n|-item|p2a: Cool But Not|Air Balloon\n|turn|1\n|inactive|Battle timer is ON: inactive players will automatically lose when time's up. (requested by cygnusx1018)\n|\n|t:|1700443790\n|move|p2a: Cool But Not|Protect|p2a: Cool But Not\n|-singleturn|p2a: Cool But Not|Protect\n|move|p1a: WEEEEEEE (U)|Taunt|p2b: Pillow\n|-start|p2b: Pillow|move: Taunt\n|move|p1b: Magic Karp|Waterfall|p2a: Cool But Not\n|-activate|p2a: Cool But Not|move: Protect\n|cant|p2b: Pillow|move: Taunt|Metronome\n|\n|upkeep\n|turn|2\n|\n|t:|1700443812\n|switch|p2b: Ding Dong|Rillaboom, L50, M|100\/100\n|-fieldstart|move: Grassy Terrain|[from] ability: Grassy Surge|[of] p2b: Ding Dong\n|-terastallize|p2a: Cool But Not|Fairy\n|move|p1a: WEEEEEEE (U)|Bleakwind Storm|p2b: Ding Dong|[spread] p2a,p2b\n|-supereffective|p2b: Ding Dong\n|-damage|p2a: Cool But Not|69\/100\n|-damage|p2b: Ding Dong|7\/100\n|-unboost|p2a: Cool But Not|spe|1\n|-enditem|p2a: Cool But Not|Air Balloon\n|move|p1b: Magic Karp|Ice Fang|p2a: Cool But Not\n|-damage|p2a: Cool But Not|49\/100\n|move|p2a: Cool But Not|Heat Wave|p1a: WEEEEEEE (U)|[spread] p1b\n|-miss|p2a: Cool But Not|p1a: WEEEEEEE (U)\n|-resisted|p1b: Magic Karp\n|-damage|p1b: Magic Karp|88\/100\n|\n|-heal|p2b: Ding Dong|12\/100|[from] Grassy Terrain\n|-heal|p2a: Cool But Not|55\/100|[from] Grassy Terrain\n|upkeep\n|turn|3\n|inactive|cygnusx1018 has 30 seconds left.\n|inactive|Reversery has 30 seconds left.\n|inactive|cygnusx1018 has 20 seconds left.\n|inactive|cygnusx1018 has 15 seconds left.\n|inactive|cygnusx1018 has 10 seconds left.\n|\n|t:|1700443858\n|-terastallize|p1b: Magic Karp|Fire\n|move|p2a: Cool But Not|Protect|p2a: Cool But Not\n|-singleturn|p2a: Cool But Not|Protect\n|move|p1a: WEEEEEEE (U)|Tailwind|p1a: WEEEEEEE (U)\n|-sidestart|p1: cygnusx1018|move: Tailwind\n|move|p2b: Ding Dong|Grassy Glide|p1b: Magic Karp\n|-resisted|p1b: Magic Karp\n|-damage|p1b: Magic Karp|53\/100\n|move|p1b: Magic Karp|Waterfall|p2a: Cool But Not\n|-activate|p2a: Cool But Not|move: Protect\n|\n|-heal|p1b: Magic Karp|59\/100|[from] Grassy Terrain\n|-heal|p2b: Ding Dong|18\/100|[from] Grassy Terrain\n|-heal|p2a: Cool But Not|61\/100|[from] Grassy Terrain\n|upkeep\n|turn|4\n|inactive|cygnusx1018 has 30 seconds left.\n|inactive|Reversery has 30 seconds left.\n|inactive|Reversery has 20 seconds left.\n|inactive|Reversery has 15 seconds left.\n|inactive|Reversery has 10 seconds left.\n|inactive|Reversery has 5 seconds left.\n|\n|t:|1700443908\n|switch|p2b: Pillow|Clefairy, L50, F|100\/100\n|move|p1a: WEEEEEEE (U)|Bleakwind Storm|p2b: Pillow|[spread] p2a,p2b\n|-damage|p2a: Cool But Not|36\/100\n|-damage|p2b: Pillow|68\/100\n|-unboost|p2a: Cool But Not|spe|1\n|move|p1b: Magic Karp|Waterfall|p2a: Cool But Not\n|-damage|p2a: Cool But Not|11\/100\n|move|p2a: Cool But Not|Heat Wave|p1b: Magic Karp|[spread] p1a,p1b\n|-resisted|p1b: Magic Karp\n|-damage|p1a: WEEEEEEE (U)|55\/100\n|-damage|p1b: Magic Karp|45\/100\n|\n|-heal|p1b: Magic Karp|51\/100|[from] Grassy Terrain\n|-heal|p2b: Pillow|75\/100|[from] Grassy Terrain\n|-heal|p2a: Cool But Not|16\/100|[from] Grassy Terrain\n|upkeep\n|turn|5\n|\n|t:|1700443931\n|move|p2a: Cool But Not|Protect|p2a: Cool But Not\n|-singleturn|p2a: Cool But Not|Protect\n|move|p1a: WEEEEEEE (U)|Taunt|p2b: Pillow\n|-start|p2b: Pillow|move: Taunt\n|move|p1b: Magic Karp|Bulldoze|p2b: Pillow|[spread] p2b\n|-activate|p2a: Cool But Not|move: Protect\n|-immune|p1a: WEEEEEEE (U)\n|-damage|p2b: Pillow|68\/100\n|-unboost|p2b: Pillow|spe|1\n|cant|p2b: Pillow|move: Taunt|Life Dew\n|\n|-heal|p1b: Magic Karp|57\/100|[from] Grassy Terrain\n|-heal|p2a: Cool But Not|22\/100|[from] Grassy Terrain\n|-heal|p2b: Pillow|74\/100|[from] Grassy Terrain\n|upkeep\n|turn|6\n|\n|t:|1700443953\n|switch|p2b: Club Penguin|Eiscue, L50, M|100\/100\n|move|p1a: WEEEEEEE (U)|Bleakwind Storm|p2a: Cool But Not|[spread] p2b\n|-miss|p1a: WEEEEEEE (U)|p2a: Cool But Not\n|-damage|p2b: Club Penguin|50\/100\n|-enditem|p2b: Club Penguin|Sitrus Berry|[eat]\n|-heal|p2b: Club Penguin|74\/100|[from] item: Sitrus Berry\n|move|p1b: Magic Karp|Crunch|p2a: Cool But Not\n|-resisted|p2a: Cool But Not\n|-damage|p2a: Cool But Not|12\/100\n|move|p2a: Cool But Not|Earth Power|p1b: Magic Karp\n|-supereffective|p1b: Magic Karp\n|-damage|p1b: Magic Karp|15\/100\n|\n|-heal|p1b: Magic Karp|21\/100|[from] Grassy Terrain\n|-heal|p2b: Club Penguin|80\/100|[from] Grassy Terrain\n|-heal|p2a: Cool But Not|18\/100|[from] Grassy Terrain\n|-sideend|p1: cygnusx1018|move: Tailwind\n|-fieldend|move: Grassy Terrain\n|upkeep\n|turn|7\n|\n|t:|1700443978\n|move|p2a: Cool But Not|Protect|p2a: Cool But Not\n|-singleturn|p2a: Cool But Not|Protect\n|move|p1a: WEEEEEEE (U)|Tailwind|p1a: WEEEEEEE (U)\n|-sidestart|p1: cygnusx1018|move: Tailwind\n|move|p1b: Magic Karp|Waterfall|p2b: Club Penguin\n|-activate|p2b: Club Penguin|ability: Ice Face\n|-damage|p2b: Club Penguin|80\/100\n|detailschange|p2b: Club Penguin|Eiscue-Noice, L50, M\n|move|p2b: Club Penguin|Ice Spinner|p1a: WEEEEEEE (U)\n|-supereffective|p1a: WEEEEEEE (U)\n|-damage|p1a: WEEEEEEE (U)|0 fnt\n|faint|p1a: WEEEEEEE (U)\n|\n|upkeep\n|\n|t:|1700444002\n|switch|p1a: Kung Pao. Chimken|Chien-Pao, L50|100\/100\n|-ability|p1a: Kung Pao. Chimken|Sword of Ruin\n|turn|8\n|\n|t:|1700444017\n|switch|p2b: Pillow|Clefairy, L50, F|74\/100\n|move|p1a: Kung Pao. Chimken|Sacred Sword|p2b: Pillow\n|-resisted|p2b: Pillow\n|-damage|p2b: Pillow|50\/100\n|-damage|p1a: Kung Pao. Chimken|91\/100|[from] item: Life Orb\n|move|p1b: Magic Karp|Waterfall|p2a: Cool But Not\n|-damage|p2a: Cool But Not|0 fnt\n|faint|p2a: Cool But Not\n|\n|upkeep\n|\n|t:|1700444029\n|switch|p2a: Ding Dong|Rillaboom, L50, M|18\/100\n|-fieldstart|move: Grassy Terrain|[from] ability: Grassy Surge|[of] p2a: Ding Dong\n|turn|9\n|\n|t:|1700444042\n|move|p2b: Pillow|Follow Me|p2b: Pillow\n|-singleturn|p2b: Pillow|move: Follow Me\n|move|p1a: Kung Pao. Chimken|Taunt|p2b: Pillow\n|-start|p2b: Pillow|move: Taunt\n|move|p1b: Magic Karp|Ice Fang|p2b: Pillow\n|-crit|p2b: Pillow\n|-damage|p2b: Pillow|15\/100\n|-status|p2b: Pillow|frz\n|move|p2a: Ding Dong|Drain Punch|p1a: Kung Pao. Chimken\n|-supereffective|p1a: Kung Pao. Chimken\n|-damage|p1a: Kung Pao. Chimken|0 fnt\n|-heal|p2a: Ding Dong|60\/100|[from] drain|[of] p1a: Kung Pao. Chimken\n|faint|p1a: Kung Pao. Chimken\n|\n|-heal|p1b: Magic Karp|27\/100|[from] Grassy Terrain\n|-heal|p2a: Ding Dong|66\/100|[from] Grassy Terrain\n|-heal|p2b: Pillow|21\/100 frz|[from] Grassy Terrain\n|upkeep\n|\n|t:|1700444058\n|switch|p1a: Magic Karp 2.0|Chi-Yu, L50|100\/100\n|-ability|p1a: Magic Karp 2.0|Beads of Ruin\n|turn|10\n|\n|t:|1700444074\n|move|p1a: Magic Karp 2.0|Protect|p1a: Magic Karp 2.0\n|-singleturn|p1a: Magic Karp 2.0|Protect\n|move|p1b: Magic Karp|Ice Fang|p2a: Ding Dong\n|-supereffective|p2a: Ding Dong\n|-damage|p2a: Ding Dong|28\/100\n|move|p2a: Ding Dong|Drain Punch|p1a: Magic Karp 2.0\n|-activate|p1a: Magic Karp 2.0|move: Protect\n|cant|p2b: Pillow|frz\n|\n|-heal|p1b: Magic Karp|32\/100|[from] Grassy Terrain\n|-heal|p2a: Ding Dong|34\/100|[from] Grassy Terrain\n|-heal|p2b: Pillow|27\/100 frz|[from] Grassy Terrain\n|-sideend|p1: cygnusx1018|move: Tailwind\n|upkeep\n|turn|11\n|\n|t:|1700444094\n|switch|p2b: Club Penguin|Eiscue-Noice, L50, M|80\/100\n|move|p1a: Magic Karp 2.0|Heat Wave|p2b: Club Penguin|[spread] p2a,p2b\n|-supereffective|p2a: Ding Dong\n|-supereffective|p2b: Club Penguin\n|-damage|p2a: Ding Dong|0 fnt\n|-damage|p2b: Club Penguin|0 fnt\n|faint|p2a: Ding Dong\n|faint|p2b: Club Penguin\n|move|p1b: Magic Karp|Ice Fang|p2: Ding Dong|[notarget]\n|-fail|p1b: Magic Karp\n|\n|-heal|p1b: Magic Karp|38\/100|[from] Grassy Terrain\n|upkeep\n|\n|t:|1700444106\n|switch|p2b: Pillow|Clefairy, L50, F|27\/100 frz\n|turn|12\n|\n|t:|1700444118\n|move|p1a: Magic Karp 2.0|Psychic|p2b: Pillow\n|-damage|p2b: Pillow|0 fnt\n|faint|p2b: Pillow\n|\n|win|cygnusx1018\n","uploadtime":1700444124,"views":8,"p1id":"cygnusx1018","p2id":"reversery","formatid":"gen9vgc2023regulatione","rating":0,"private":0,"password":""}