{"id":"gen9vgc2023regulatione-1993038527","p1":"LilBadWord","p2":"Xyzkun","format":"[Gen 9] VGC 2023 Regulation E","log":"|j|\u2606LilBadWord\n|j|\u2606Xyzkun\n|t:|1700258013\n|gametype|doubles\n|player|p1|LilBadWord|2|1320\n|player|p2|Xyzkun|iris-gen5bw2|1234\n|teamsize|p1|6\n|teamsize|p2|6\n|gen|9\n|tier|[Gen 9] VGC 2023 Regulation E\n|rated|\n|rule|Species Clause: Limit one of each Pok\u00e9mon\n|rule|Item Clause: Limit one of each item\n|clearpoke\n|poke|p1|Iron Hands, L50|\n|poke|p1|Landorus-Therian, L50, M|\n|poke|p1|Heatran, L50, M|\n|poke|p1|Iron Valiant, L50|\n|poke|p1|Chi-Yu, L50|\n|poke|p1|Urshifu-*, L50, M|\n|poke|p2|Iron Hands, L50|\n|poke|p2|Landorus-Therian, L50, M|\n|poke|p2|Flutter Mane, L50|\n|poke|p2|Chien-Pao, L50|\n|poke|p2|Sinistcha, L50|\n|poke|p2|Ogerpon-Hearthflame, L50, F|\n|teampreview|4\n|\n|t:|1700258044\n|start\n|switch|p1a: Landorus|Landorus-Therian, L50, M|100\/100\n|switch|p1b: Iron Valiant|Iron Valiant, L50|100\/100\n|switch|p2a: Landorus|Landorus-Therian, L50, M|100\/100\n|switch|p2b: Iron Hands|Iron Hands, L50|100\/100\n|-ability|p1a: Landorus|Intimidate|boost\n|-unboost|p2a: Landorus|atk|1\n|-unboost|p2b: Iron Hands|atk|1\n|-ability|p2a: Landorus|Intimidate|boost\n|-unboost|p1a: Landorus|atk|1\n|-unboost|p1b: Iron Valiant|atk|1\n|-enditem|p1b: Iron Valiant|Booster Energy\n|-activate|p1b: Iron Valiant|ability: Quark Drive|[fromitem]\n|-start|p1b: Iron Valiant|quarkdrivespa\n|turn|1\n|inactive|Battle timer is ON: inactive players will automatically lose when time's up. (requested by Xyzkun)\n|\n|t:|1700258071\n|switch|p1a: Chi-Yu|Chi-Yu, L50|100\/100\n|-ability|p1a: Chi-Yu|Beads of Ruin\n|-terastallize|p1b: Iron Valiant|Fairy\n|move|p2b: Iron Hands|Fake Out|p1b: Iron Valiant\n|-damage|p1b: Iron Valiant|88\/100\n|move|p2a: Landorus|U-turn|p1b: Iron Valiant\n|-resisted|p1b: Iron Valiant\n|-damage|p1b: Iron Valiant|77\/100\n|\n|t:|1700258084\n|switch|p2a: Flutter Mane|Flutter Mane, L50|100\/100|[from] U-turn\n|cant|p1b: Iron Valiant|flinch\n|\n|upkeep\n|turn|2\n|inactive|Xyzkun has 30 seconds left.\n|inactive|Xyzkun has 20 seconds left.\n|\n|t:|1700258120\n|-terastallize|p2a: Flutter Mane|Steel\n|move|p2a: Flutter Mane|Dazzling Gleam|p1a: Chi-Yu|[spread] p1a,p1b\n|-damage|p1a: Chi-Yu|64\/100\n|-damage|p1b: Iron Valiant|9\/100\n|move|p1b: Iron Valiant|Dazzling Gleam|p2a: Flutter Mane|[spread] p2a,p2b\n|-resisted|p2a: Flutter Mane\n|-supereffective|p2b: Iron Hands\n|-damage|p2a: Flutter Mane|68\/100\n|-damage|p2b: Iron Hands|15\/100\n|move|p1a: Chi-Yu|Snarl|p2a: Flutter Mane|[spread] p2a,p2b\n|-resisted|p2b: Iron Hands\n|-damage|p2a: Flutter Mane|36\/100\n|-damage|p2b: Iron Hands|7\/100\n|-unboost|p2a: Flutter Mane|spa|1\n|-unboost|p2b: Iron Hands|spa|1\n|move|p2b: Iron Hands|Volt Switch|p1b: Iron Valiant\n|-damage|p1b: Iron Valiant|0 fnt\n|faint|p1b: Iron Valiant\n|-end|p1b: Iron Valiant|Quark Drive|[silent]\n|\n|t:|1700258132\n|-end|p2b: Iron Hands|Quark Drive|[silent]\n|switch|p2b: Sinistcha|Sinistcha, L50|100\/100|[from] Volt Switch\n|-heal|p2a: Flutter Mane|61\/100|[from] ability: Hospitality|[of] p2b: Sinistcha\n|\n|-heal|p2a: Flutter Mane|67\/100|[from] item: Leftovers\n|upkeep\n|\n|t:|1700258147\n|switch|p1b: Landorus|Landorus-Therian, L50, M|100\/100\n|-ability|p1b: Landorus|Intimidate|boost\n|-unboost|p2a: Flutter Mane|atk|1\n|-unboost|p2b: Sinistcha|atk|1\n|turn|3\n|\n|t:|1700258163\n|move|p2a: Flutter Mane|Protect|p2a: Flutter Mane\n|-singleturn|p2a: Flutter Mane|Protect\n|move|p1b: Landorus|Stomping Tantrum|p2a: Flutter Mane\n|-activate|p2a: Flutter Mane|move: Protect\n|move|p1a: Chi-Yu|Heat Wave|p2b: Sinistcha|[spread] p2b\n|-activate|p2a: Flutter Mane|move: Protect\n|-supereffective|p2b: Sinistcha\n|-damage|p2b: Sinistcha|0 fnt\n|faint|p2b: Sinistcha\n|\n|-heal|p2a: Flutter Mane|73\/100|[from] item: Leftovers\n|upkeep\n|\n|t:|1700258173\n|switch|p2b: Landorus|Landorus-Therian, L50, M|100\/100\n|-ability|p2b: Landorus|Intimidate|boost\n|-unboost|p1a: Chi-Yu|atk|1\n|-unboost|p1b: Landorus|atk|1\n|turn|4\n|\n|t:|1700258186\n|move|p1b: Landorus|Stomping Tantrum|p2a: Flutter Mane\n|-supereffective|p2a: Flutter Mane\n|-damage|p2a: Flutter Mane|0 fnt\n|faint|p2a: Flutter Mane\n|-end|p2a: Flutter Mane|Protosynthesis|[silent]\n|move|p2b: Landorus|Stomping Tantrum|p1a: Chi-Yu\n|-supereffective|p1a: Chi-Yu\n|-damage|p1a: Chi-Yu|0 fnt\n|faint|p1a: Chi-Yu\n|\n|upkeep\n|\n|t:|1700258195\n|switch|p2a: Iron Hands|Iron Hands, L50|7\/100\n|switch|p1a: Iron Hands|Iron Hands, L50|100\/100\n|turn|5\n|\n|t:|1700258213\n|move|p1a: Iron Hands|Fake Out|p2b: Landorus\n|-damage|p2b: Landorus|82\/100\n|move|p1b: Landorus|Stomping Tantrum|p2a: Iron Hands\n|-supereffective|p2a: Iron Hands\n|-damage|p2a: Iron Hands|0 fnt\n|faint|p2a: Iron Hands\n|-end|p2a: Iron Hands|Quark Drive|[silent]\n|cant|p2b: Landorus|flinch\n|\n|upkeep\n|turn|6\n|\n|t:|1700258234\n|move|p1b: Landorus|Stomping Tantrum|p2b: Landorus\n|-immune|p2b: Landorus\n|move|p2b: Landorus|Stomping Tantrum|p1a: Iron Hands\n|-supereffective|p1a: Iron Hands\n|-damage|p1a: Iron Hands|0 fnt\n|faint|p1a: Iron Hands\n|-end|p1a: Iron Hands|Quark Drive|[silent]\n|\n|upkeep\n|turn|7\n|c|\u2606Xyzkun|Uhhh\n|c|\u2606Xyzkun|Lol\n|\n|t:|1700258249\n|move|p2b: Landorus|Stomping Tantrum|p1b: Landorus\n|-immune|p1b: Landorus\n|move|p1b: Landorus|Stomping Tantrum|p2b: Landorus\n|-immune|p2b: Landorus\n|\n|upkeep\n|turn|8\n|c|\u2606LilBadWord|Lmao\n|c|\u2606Xyzkun|Well this is silly\n|c|\u2606LilBadWord|Tell you what\n|inactive|LilBadWord has 30 seconds left.\n|c|\u2606Xyzkun|There's no tie option is there?\n|c|\u2606LilBadWord|You have more hp\n|c|\u2606Xyzkun|XD\n|c|\u2606LilBadWord|Ggwp\n|inactive|LilBadWord has 20 seconds left.\n|inactive|LilBadWord has 15 seconds left.\n|c|\u2606Xyzkun|Gg wp\n|inactive|LilBadWord has 10 seconds left.\n|inactive|LilBadWord has 5 seconds left.\n|-message|LilBadWord forfeited.\n|\n|win|Xyzkun\n|raw|LilBadWord's rating: 1320 &rarr; <strong>1295<\/strong><br \/>(-25 for losing)\n|raw|Xyzkun's rating: 1234 &rarr; <strong>1265<\/strong><br \/>(+31 for winning)\n|l|\u2606LilBadWord\n|c|\u2606Xyzkun|Gl!\n","uploadtime":1700258397,"views":19,"p1id":"lilbadword","p2id":"xyzkun","formatid":"gen9vgc2023regulatione","rating":1265,"private":0,"password":""}