{"id":"gen9vgc2023regulatione-1998370246","p1":"Wildcard03","p2":"hm cutty flam","format":"[Gen 9] VGC 2023 Regulation E","log":"|j|\u2606Wildcard03\n|j|\u2606hm cutty flam\n|t:|1700934753\n|gametype|doubles\n|player|p1|Wildcard03|102|1000\n|player|p2|hm cutty flam|ghetsis-gen5bw|1055\n|teamsize|p1|6\n|teamsize|p2|6\n|gen|9\n|tier|[Gen 9] VGC 2023 Regulation E\n|rated|\n|rule|Species Clause: Limit one of each Pok\u00e9mon\n|rule|Item Clause: Limit one of each item\n|clearpoke\n|poke|p1|Cresselia, L50, F|\n|poke|p1|Arcanine, L50, M|\n|poke|p1|Kingambit, L50, M|\n|poke|p1|Landorus-Therian, L50, M|\n|poke|p1|Iron Hands, L50|\n|poke|p1|Rillaboom, L50, F|\n|poke|p2|Tornadus, L50, M|\n|poke|p2|Flutter Mane, L50|\n|poke|p2|Rillaboom, L50, F|\n|poke|p2|Iron Bundle, L50|\n|poke|p2|Arcanine-Hisui, L50, M|\n|poke|p2|Dragonite, L50, M|\n|teampreview|4\n|\n|t:|1700934816\n|start\n|switch|p1a: Rillaboom|Rillaboom, L50, F|100\/100\n|switch|p1b: Landorus|Landorus-Therian, L50, M|100\/100\n|switch|p2a: Iron Bundle|Iron Bundle, L50|100\/100\n|switch|p2b: Rillaboom|Rillaboom, L50, F|100\/100\n|-ability|p1b: Landorus|Intimidate|boost\n|-unboost|p2a: Iron Bundle|atk|1\n|-unboost|p2b: Rillaboom|atk|1\n|-fieldstart|move: Grassy Terrain|[from] ability: Grassy Surge|[of] p1a: Rillaboom\n|-enditem|p2a: Iron Bundle|Booster Energy\n|-activate|p2a: Iron Bundle|ability: Quark Drive|[fromitem]\n|-start|p2a: Iron Bundle|quarkdrivespe\n|turn|1\n|inactive|Battle timer is ON: inactive players will automatically lose when time's up. (requested by Wildcard03)\n|inactive|hm cutty flam has 60 seconds left.\n|\n|t:|1700934864\n|-terastallize|p2a: Iron Bundle|Poison\n|move|p1a: Rillaboom|Fake Out|p2a: Iron Bundle\n|-damage|p2a: Iron Bundle|83\/100\n|-damage|p1a: Rillaboom|91\/100|[from] item: Life Orb\n|move|p2b: Rillaboom|Fake Out|p1a: Rillaboom\n|-damage|p1a: Rillaboom|81\/100\n|cant|p2a: Iron Bundle|flinch\n|move|p1b: Landorus|U-turn|p2b: Rillaboom\n|-supereffective|p2b: Rillaboom\n|-damage|p2b: Rillaboom|50\/100\n|\n|t:|1700934882\n|switch|p1b: Kingambit|Kingambit, L50, M, shiny|100\/100|[from] U-turn\n|\n|-heal|p2a: Iron Bundle|89\/100|[from] Grassy Terrain\n|-heal|p1a: Rillaboom|87\/100|[from] Grassy Terrain\n|-heal|p2b: Rillaboom|56\/100|[from] Grassy Terrain\n|upkeep\n|turn|2\n|\n|t:|1700934904\n|move|p1a: Rillaboom|Protect|p1a: Rillaboom\n|-singleturn|p1a: Rillaboom|Protect\n|move|p1b: Kingambit|Sucker Punch|p2b: Rillaboom\n|-damage|p2b: Rillaboom|0 fnt\n|faint|p2b: Rillaboom\n|move|p2a: Iron Bundle|Freeze-Dry|p1a: Rillaboom\n|-activate|p1a: Rillaboom|move: Protect\n|\n|-heal|p2a: Iron Bundle|95\/100|[from] Grassy Terrain\n|-heal|p1a: Rillaboom|92\/100|[from] Grassy Terrain\n|upkeep\n|\n|t:|1700934913\n|switch|p2b: Dragonite|Dragonite, L50, M|100\/100\n|turn|3\n|\n|t:|1700934933\n|switch|p1a: Iron Hands|Iron Hands, L50|100\/100\n|-enditem|p1a: Iron Hands|Booster Energy\n|-activate|p1a: Iron Hands|ability: Quark Drive|[fromitem]\n|-start|p1a: Iron Hands|quarkdriveatk\n|move|p2a: Iron Bundle|Protect|p2a: Iron Bundle\n|-singleturn|p2a: Iron Bundle|Protect\n|move|p1b: Kingambit|Sucker Punch||[still]\n|-fail|p1b: Kingambit\n|move|p2b: Dragonite|Dragon Dance|p2b: Dragonite\n|-boost|p2b: Dragonite|atk|1\n|-boost|p2b: Dragonite|spe|1\n|\n|-heal|p2a: Iron Bundle|100\/100|[from] Grassy Terrain\n|upkeep\n|turn|4\n|\n|t:|1700934957\n|-end|p2a: Iron Bundle|Quark Drive|[silent]\n|switch|p2a: Flutter Mane|Flutter Mane, L50|100\/100\n|move|p1a: Iron Hands|Fake Out|p2b: Dragonite\n|-damage|p2b: Dragonite|89\/100\n|move|p1b: Kingambit|Sucker Punch||[still]\n|-fail|p1b: Kingambit\n|cant|p2b: Dragonite|flinch\n|\n|upkeep\n|turn|5\n|\n|t:|1700934973\n|move|p2a: Flutter Mane|Protect|p2a: Flutter Mane\n|-singleturn|p2a: Flutter Mane|Protect\n|move|p1b: Kingambit|Sucker Punch||[still]\n|-fail|p1b: Kingambit\n|move|p2b: Dragonite|Outrage|p1a: Iron Hands\n|-damage|p1a: Iron Hands|32\/100\n|move|p1a: Iron Hands|Ice Punch|p2b: Dragonite\n|-supereffective|p2b: Dragonite\n|-damage|p2b: Dragonite|0 fnt\n|faint|p2b: Dragonite\n|\n|-heal|p1a: Iron Hands|38\/100|[from] Grassy Terrain\n|-fieldend|move: Grassy Terrain\n|upkeep\n|\n|t:|1700934982\n|switch|p2b: Iron Bundle|Iron Bundle, L50, tera:Poison|100\/100\n|turn|6\n|\n|t:|1700934997\n|move|p1b: Kingambit|Sucker Punch|p2a: Flutter Mane\n|-enditem|p2a: Flutter Mane|Focus Sash\n|-damage|p2a: Flutter Mane|1\/100\n|move|p2b: Iron Bundle|Hydro Pump|p1b: Kingambit\n|-damage|p1b: Kingambit|52\/100\n|move|p2a: Flutter Mane|Dazzling Gleam|p1a: Iron Hands|[spread] p1a,p1b\n|-supereffective|p1a: Iron Hands\n|-damage|p1a: Iron Hands|0 fnt\n|-damage|p1b: Kingambit|17\/100\n|faint|p1a: Iron Hands\n|-end|p1a: Iron Hands|Quark Drive|[silent]\n|\n|upkeep\n|\n|t:|1700935010\n|switch|p1a: Landorus|Landorus-Therian, L50, M|100\/100\n|-ability|p1a: Landorus|Intimidate|boost\n|-unboost|p2a: Flutter Mane|atk|1\n|-unboost|p2b: Iron Bundle|atk|1\n|turn|7\n|\n|t:|1700935023\n|move|p2a: Flutter Mane|Protect|p2a: Flutter Mane\n|-singleturn|p2a: Flutter Mane|Protect\n|move|p1b: Kingambit|Sucker Punch||[still]\n|-fail|p1b: Kingambit\n|move|p2b: Iron Bundle|Freeze-Dry|p1a: Landorus\n|-supereffective|p1a: Landorus\n|-damage|p1a: Landorus|0 fnt\n|faint|p1a: Landorus\n|\n|upkeep\n|-message|Wildcard03 forfeited.\n|\n|win|hm cutty flam\n|raw|Wildcard03's rating: 1000 &rarr; <strong>1000<\/strong><br \/>(+0 for losing)\n|raw|hm cutty flam's rating: 1055 &rarr; <strong>1082<\/strong><br \/>(+27 for winning)\n|l|\u2606Wildcard03\n","uploadtime":1700935050,"views":0,"p1id":"wildcard03","p2id":"hmcuttyflam","formatid":"gen9vgc2023regulatione","rating":1000,"private":0,"password":""}