{"id":"gen9vgc2023regulatione-1988034376","p1":"ButsMcAnuz","p2":"Dany0000","format":"[Gen 9] VGC 2023 Regulation E","log":"|j|\u2606ButsMcAnuz\n|j|\u2606Dany0000\n|t:|1699661583\n|gametype|doubles\n|player|p1|ButsMcAnuz|roughneck|1252\n|player|p2|Dany0000|266|1244\n|teamsize|p1|6\n|teamsize|p2|6\n|gen|9\n|tier|[Gen 9] VGC 2023 Regulation E\n|rated|\n|rule|Species Clause: Limit one of each Pok\u00e9mon\n|rule|Item Clause: Limit one of each item\n|clearpoke\n|poke|p1|Armarouge, L50, M|\n|poke|p1|Ursaluna, L50, M|\n|poke|p1|Ogerpon-Cornerstone, L50, F|\n|poke|p1|Indeedee-F, L50, F|\n|poke|p1|Enamorus-Therian, L50, F|\n|poke|p1|Oranguru, L50, F|\n|poke|p2|Dondozo, L50, F|\n|poke|p2|Tatsugiri-Stretchy, L50, F|\n|poke|p2|Chien-Pao, L50|\n|poke|p2|Zoroark-Hisui, L50, M|\n|poke|p2|Rillaboom, L50, F|\n|poke|p2|Dragonite, L50, F|\n|teampreview|4\n|inactive|Battle timer is ON: inactive players will automatically lose when time's up. (requested by Dany0000)\n|inactive|ButsMcAnuz has 60 seconds left.\n|inactive|Dany0000 has 60 seconds left.\n|inactive|Dany0000 has 30 seconds left.\n|\n|t:|1699661654\n|start\n|switch|p1a: Indeedee|Indeedee-F, L50, F|100\/100\n|switch|p1b: Enamorus|Enamorus-Therian, L50, F|100\/100\n|switch|p2a: Rillaboom|Rillaboom, L50, F|100\/100\n|switch|p2b: Chien-Pao|Chien-Pao, L50|100\/100\n|-fieldstart|move: Grassy Terrain|[from] ability: Grassy Surge|[of] p2a: Rillaboom\n|-fieldstart|move: Psychic Terrain|[from] ability: Psychic Surge|[of] p1a: Indeedee\n|turn|1\n|\n|t:|1699661671\n|-terastallize|p1b: Enamorus|Fairy\n|move|p2a: Rillaboom|Fake Out|p1b: Enamorus\n|-activate|p1b: Enamorus|move: Psychic Terrain\n|move|p2b: Chien-Pao|Hyper Voice|p1b: Enamorus|[spread] p1a,p1b\n|-damage|p1a: Indeedee|68\/100\n|-damage|p1b: Enamorus|68\/100\n|-enditem|p2b: Chien-Pao|Throat Spray\n|-boost|p2b: Chien-Pao|spa|1|[from] item: Throat Spray\n|move|p1b: Enamorus|Moonblast|p2b: Chien-Pao\n|-damage|p2b: Chien-Pao|0 fnt\n|replace|p2b: Zoroark|Zoroark-Hisui, L50, M\n|-end|p2b: Zoroark|Illusion\n|faint|p2b: Zoroark\n|move|p1a: Indeedee|Trick Room|p1a: Indeedee\n|-fieldstart|move: Trick Room|[of] p1a: Indeedee\n|\n|upkeep\n|\n|t:|1699661688\n|switch|p2b: Chien-Pao|Chien-Pao, L50|100\/100\n|-ability|p2b: Chien-Pao|Sword of Ruin\n|turn|2\n|\n|t:|1699661695\n|switch|p2a: Dragonite|Dragonite, L50, F|100\/100\n|move|p2b: Chien-Pao|Protect|p2b: Chien-Pao\n|-singleturn|p2b: Chien-Pao|Protect\n|move|p1a: Indeedee|Follow Me|p1a: Indeedee\n|-singleturn|p1a: Indeedee|move: Follow Me\n|move|p1b: Enamorus|Moonblast|p2b: Chien-Pao\n|-activate|p2b: Chien-Pao|move: Protect\n|\n|upkeep\n|turn|3\n|\n|t:|1699661714\n|switch|p2b: Rillaboom|Rillaboom, L50, F|100\/100\n|-fieldstart|move: Grassy Terrain|[from] ability: Grassy Surge|[of] p2b: Rillaboom\n|-terastallize|p2a: Dragonite|Normal\n|move|p1a: Indeedee|Follow Me|p1a: Indeedee\n|-singleturn|p1a: Indeedee|move: Follow Me\n|move|p2a: Dragonite|Extreme Speed|p1a: Indeedee\n|-damage|p1a: Indeedee|13\/100\n|-damage|p2a: Dragonite|84\/100|[from] item: Rocky Helmet|[of] p1a: Indeedee\n|move|p1b: Enamorus|Moonblast|p2b: Rillaboom\n|-damage|p2b: Rillaboom|0 fnt\n|faint|p2b: Rillaboom\n|\n|-heal|p1b: Enamorus|75\/100|[from] Grassy Terrain\n|-heal|p1a: Indeedee|19\/100|[from] Grassy Terrain\n|-heal|p2a: Dragonite|90\/100|[from] Grassy Terrain\n|upkeep\n|\n|t:|1699661734\n|switch|p2b: Chien-Pao|Chien-Pao, L50|100\/100\n|-ability|p2b: Chien-Pao|Sword of Ruin\n|turn|4\n|\n|t:|1699661744\n|move|p1a: Indeedee|Follow Me|p1a: Indeedee\n|-singleturn|p1a: Indeedee|move: Follow Me\n|move|p2a: Dragonite|Extreme Speed|p1a: Indeedee\n|-damage|p1a: Indeedee|0 fnt\n|-damage|p2a: Dragonite|73\/100|[from] item: Rocky Helmet|[of] p1a: Indeedee\n|faint|p1a: Indeedee\n|move|p1b: Enamorus|Moonblast|p2a: Dragonite\n|-crit|p2a: Dragonite\n|-damage|p2a: Dragonite|0 fnt\n|faint|p2a: Dragonite\n|move|p2b: Chien-Pao|Ice Spinner|p1b: Enamorus\n|-damage|p1b: Enamorus|31\/100\n|-fieldend|move: Grassy Terrain\n|\n|upkeep\n|\n|t:|1699661758\n|switch|p1a: Armarouge|Armarouge, L50, M|100\/100\n|turn|5\n|\n|t:|1699661765\n|move|p2b: Chien-Pao|Protect|p2b: Chien-Pao\n|-singleturn|p2b: Chien-Pao|Protect\n|move|p1b: Enamorus|Moonblast|p2b: Chien-Pao\n|-activate|p2b: Chien-Pao|move: Protect\n|move|p1a: Armarouge|Armor Cannon|p2b: Chien-Pao\n|-activate|p2b: Chien-Pao|move: Protect\n|\n|-fieldend|move: Trick Room\n|upkeep\n|turn|6\n|inactive|Dany0000 has 30 seconds left.\n|\n|t:|1699661798\n|move|p2b: Chien-Pao|Ice Spinner|p1b: Enamorus\n|-damage|p1b: Enamorus|0 fnt\n|faint|p1b: Enamorus\n|move|p1a: Armarouge|Armor Cannon|p2b: Chien-Pao\n|-supereffective|p2b: Chien-Pao\n|-enditem|p2b: Chien-Pao|Focus Sash\n|-damage|p2b: Chien-Pao|1\/100\n|-unboost|p1a: Armarouge|def|1\n|-unboost|p1a: Armarouge|spd|1\n|\n|upkeep\n|\n|t:|1699661805\n|switch|p1b: Ogerpon|Ogerpon-Cornerstone, L50, F|100\/100\n|turn|7\n|\n|t:|1699661814\n|move|p2b: Chien-Pao|Crunch|p1a: Armarouge\n|-supereffective|p1a: Armarouge\n|-damage|p1a: Armarouge|0 fnt\n|faint|p1a: Armarouge\n|move|p1b: Ogerpon|Ivy Cudgel|p2b: Chien-Pao\n|-supereffective|p2b: Chien-Pao\n|-damage|p2b: Chien-Pao|0 fnt\n|faint|p2b: Chien-Pao\n|\n|win|ButsMcAnuz\n|raw|ButsMcAnuz's rating: 1252 &rarr; <strong>1276<\/strong><br \/>(+24 for winning)\n|raw|Dany0000's rating: 1244 &rarr; <strong>1220<\/strong><br \/>(-24 for losing)\n|c|\u2606ButsMcAnuz|Gg\n|l|\u2606Dany0000\n|c|\u2606ButsMcAnuz|:)\n","uploadtime":1699661833,"views":14,"p1id":"butsmcanuz","p2id":"dany0000","formatid":"gen9vgc2023regulatione","rating":1220,"private":0,"password":""}