{"id":"gen9vgc2023regulatione-1998994469","p1":"TortosVGC","p2":"arubato2910","format":"[Gen 9] VGC 2023 Regulation E","log":"|j|\u2606TortosVGC\n|j|\u2606arubato2910\n|n|\u2606TortosVGC|tortosvgc\n|n|\u2606arubato2910|arubato2910\n|html|View the match progress at <a href=\"\/game-bestof3-gen9vgc2023regulatione-1998991382\">game-bestof3-gen9vgc2023regulatione-1998991382<\/a>\n|t:|1701021852\n|gametype|doubles\n|player|p1|TortosVGC|266|\n|player|p2|arubato2910|101|\n|teamsize|p1|6\n|teamsize|p2|6\n|gen|9\n|tier|[Gen 9] VGC 2023 Regulation E\n|rule|Species Clause: Limit one of each Pok\u00e9mon\n|rule|Item Clause: Limit one of each item\n|clearpoke\n|poke|p1|Tornadus, L50, M|\n|poke|p1|Arcanine-Hisui, L50, M|\n|poke|p1|Iron Hands, L50|\n|poke|p1|Gholdengo, L50|\n|poke|p1|Urshifu-*, L50, M|\n|poke|p1|Ogerpon-Wellspring, L50, F|\n|poke|p2|Roaring Moon, L50|\n|poke|p2|Milotic, L50, F|\n|poke|p2|Ogerpon-Hearthflame, L50, F|\n|poke|p2|Iron Hands, L50|\n|poke|p2|Flutter Mane, L50|\n|poke|p2|Landorus-Therian, L50, M|\n|teampreview|4\nTortosVGC has agreed to open team sheets.\n|\n|t:|1701021891\n|start\n|switch|p1a: Tornadus|Tornadus, L50, M, shiny|100\/100\n|switch|p1b: Ogerpon|Ogerpon-Wellspring, L50, F|100\/100\n|switch|p2a: Iron Hands|Iron Hands, L50|100\/100\n|switch|p2b: Milotic|Milotic, L50, F, shiny|100\/100\n|turn|1\n|\n|t:|1701021921\n|switch|p2b: Landorus|Landorus-Therian, L50, M, shiny|100\/100\n|-ability|p2b: Landorus|Intimidate|boost\n|-unboost|p1a: Tornadus|atk|1\n|-unboost|p1b: Ogerpon|atk|1\n|move|p2a: Iron Hands|Fake Out|p1b: Ogerpon\n|-damage|p1b: Ogerpon|86\/100\n|cant|p1b: Ogerpon|flinch\n|move|p1a: Tornadus|Tailwind|p1a: Tornadus\n|-sidestart|p1: TortosVGC|move: Tailwind\n|\n|upkeep\n|turn|2\n|\n|t:|1701021962\n|switch|p1a: Arcanine|Arcanine-Hisui, L50, M, shiny|100\/100\n|-ability|p1a: Arcanine|Intimidate|boost\n|-unboost|p2a: Iron Hands|atk|1\n|-unboost|p2b: Landorus|atk|1\n|-terastallize|p2b: Landorus|Water\n|move|p1b: Ogerpon|Ivy Cudgel|p2b: Landorus|[anim] Ivy Cudgel Water\n|-resisted|p2b: Landorus\n|-damage|p2b: Landorus|80\/100\n|move|p2b: Landorus|U-turn|p1b: Ogerpon\n|-supereffective|p1b: Ogerpon\n|-damage|p1b: Ogerpon|49\/100\n|\n|t:|1701021989\n|switch|p2b: Flutter Mane|Flutter Mane, L50|100\/100|[from] U-turn\n|move|p2a: Iron Hands|Thunder Punch|p1b: Ogerpon\n|-damage|p1b: Ogerpon|26\/100\n|\n|upkeep\n|turn|3\n|\n|t:|1701022006\n|switch|p1b: Gholdengo|Gholdengo, L50|100\/100\n|-end|p2a: Iron Hands|Quark Drive|[silent]\n|switch|p2a: Landorus|Landorus-Therian, L50, M, shiny, tera:Water|80\/100\n|-ability|p2a: Landorus|Intimidate|boost\n|-unboost|p1a: Arcanine|atk|1\n|-unboost|p1b: Gholdengo|atk|1\n|-terastallize|p1a: Arcanine|Fairy\n|move|p2b: Flutter Mane|Protect|p2b: Flutter Mane\n|-singleturn|p2b: Flutter Mane|Protect\n|move|p1a: Arcanine|Tera Blast|p2a: Landorus|[anim] Tera Blast Fairy\n|-damage|p2a: Landorus|34\/100\n|\n|upkeep\n|turn|4\n|\n|t:|1701022053\n|switch|p1a: Ogerpon|Ogerpon-Wellspring, L50, F|26\/100\n|switch|p2a: Iron Hands|Iron Hands, L50|100\/100\n|-end|p2b: Flutter Mane|Protosynthesis|[silent]\n|switch|p2b: Milotic|Milotic, L50, F, shiny|100\/100\n|move|p1b: Gholdengo|Nasty Plot|p1b: Gholdengo\n|-boost|p1b: Gholdengo|spa|2\n|\n|-sideend|p1: TortosVGC|move: Tailwind\n|upkeep\n|turn|5\n|\n|t:|1701022086\n|switch|p2b: Flutter Mane|Flutter Mane, L50|100\/100\n|move|p1a: Ogerpon|Spiky Shield|p1a: Ogerpon\n|-singleturn|p1a: Ogerpon|move: Protect\n|move|p1b: Gholdengo|Protect|p1b: Gholdengo\n|-singleturn|p1b: Gholdengo|Protect\n|move|p2a: Iron Hands|Fake Out|p1a: Ogerpon\n|-activate|p1a: Ogerpon|move: Protect\n|-damage|p2a: Iron Hands|88\/100|[from] Spiky Shield|[of] p1a: Ogerpon\n|\n|upkeep\n|turn|6\n|\n|t:|1701022107\n|move|p2b: Flutter Mane|Protect|p2b: Flutter Mane\n|-singleturn|p2b: Flutter Mane|Protect\n|move|p1a: Ogerpon|Follow Me|p1a: Ogerpon\n|-singleturn|p1a: Ogerpon|move: Follow Me\n|move|p1b: Gholdengo|Make It Rain|p2a: Iron Hands|[spread] p2a\n|-activate|p2b: Flutter Mane|move: Protect\n|-resisted|p2a: Iron Hands\n|-damage|p2a: Iron Hands|67\/100\n|-unboost|p1b: Gholdengo|spa|1\n|move|p2a: Iron Hands|Thunder Punch|p1a: Ogerpon\n|-damage|p1a: Ogerpon|0 fnt\n|faint|p1a: Ogerpon\n|\n|upkeep\n|\n|t:|1701022121\n|switch|p1a: Tornadus|Tornadus, L50, M, shiny|100\/100\n|turn|7\n|\n|t:|1701022142\n|move|p1a: Tornadus|Tailwind|p1a: Tornadus\n|-sidestart|p1: TortosVGC|move: Tailwind\n|move|p1b: Gholdengo|Shadow Ball|p2b: Flutter Mane\n|-supereffective|p2b: Flutter Mane\n|-enditem|p2b: Flutter Mane|Focus Sash\n|-damage|p2b: Flutter Mane|1\/100\n|move|p2b: Flutter Mane|Shadow Ball|p1b: Gholdengo\n|-supereffective|p1b: Gholdengo\n|-damage|p1b: Gholdengo|26\/100\n|move|p2a: Iron Hands|Thunder Punch|p1a: Tornadus\n|-supereffective|p1a: Tornadus\n|-damage|p1a: Tornadus|19\/100\n|\n|-heal|p1b: Gholdengo|32\/100|[from] item: Leftovers\n|upkeep\n|turn|8\n|\n|t:|1701022174\n|move|p2b: Flutter Mane|Protect|p2b: Flutter Mane\n|-singleturn|p2b: Flutter Mane|Protect\n|move|p1a: Tornadus|Bleakwind Storm|p2a: Iron Hands|[spread] p2a\n|-activate|p2b: Flutter Mane|move: Protect\n|-damage|p2a: Iron Hands|52\/100\n|-unboost|p2a: Iron Hands|spe|1\n|move|p1b: Gholdengo|Shadow Ball|p2a: Iron Hands\n|-damage|p2a: Iron Hands|26\/100\n|move|p2a: Iron Hands|Thunder Punch|p1b: Gholdengo\n|-damage|p1b: Gholdengo|1\/100\n|\n|-heal|p1b: Gholdengo|7\/100|[from] item: Leftovers\n|upkeep\n|turn|9\n|\n|t:|1701022201\n|-end|p2b: Flutter Mane|Protosynthesis|[silent]\n|switch|p2b: Milotic|Milotic, L50, F, shiny|100\/100\n|move|p1a: Tornadus|Bleakwind Storm|p2a: Iron Hands|[spread] p2a,p2b\n|-damage|p2a: Iron Hands|11\/100\n|-damage|p2b: Milotic|78\/100\n|-unboost|p2a: Iron Hands|spe|1\n|move|p1b: Gholdengo|Shadow Ball|p2a: Iron Hands\n|-damage|p2a: Iron Hands|0 fnt\n|faint|p2a: Iron Hands\n|-end|p2a: Iron Hands|Quark Drive|[silent]\n|\n|-heal|p1b: Gholdengo|13\/100|[from] item: Leftovers\n|-heal|p2b: Milotic|84\/100|[from] item: Leftovers\n|upkeep\n|\n|t:|1701022213\n|switch|p2a: Flutter Mane|Flutter Mane, L50|1\/100\n|turn|10\n|\n|t:|1701022222\n|switch|p1a: Arcanine|Arcanine-Hisui, L50, M, shiny, tera:Fairy|100\/100\n|-ability|p1a: Arcanine|Intimidate|boost\n|-unboost|p2a: Flutter Mane|atk|1\n|-unboost|p2b: Milotic|atk|1\n|-ability|p2b: Milotic|Competitive|boost\n|-boost|p2b: Milotic|spa|2\n|move|p2a: Flutter Mane|Protect|p2a: Flutter Mane\n|-singleturn|p2a: Flutter Mane|Protect\n|move|p1b: Gholdengo|Make It Rain|p2b: Milotic|[spread] p2b\n|-activate|p2a: Flutter Mane|move: Protect\n|-resisted|p2b: Milotic\n|-damage|p2b: Milotic|60\/100\n|-unboost|p1b: Gholdengo|spa|1\n|move|p2b: Milotic|Scald|p1b: Gholdengo\n|-damage|p1b: Gholdengo|0 fnt\n|faint|p1b: Gholdengo\n|\n|-heal|p2b: Milotic|66\/100|[from] item: Leftovers\n|-sideend|p1: TortosVGC|move: Tailwind\n|upkeep\n|\n|t:|1701022241\n|switch|p1b: Tornadus|Tornadus, L50, M, shiny|19\/100\n|turn|11\n|\n|t:|1701022251\n|-end|p2a: Flutter Mane|Protosynthesis|[silent]\n|switch|p2a: Landorus|Landorus-Therian, L50, M, shiny, tera:Water|34\/100\n|-ability|p2a: Landorus|Intimidate|boost\n|-unboost|p1a: Arcanine|atk|1\n|-unboost|p1b: Tornadus|atk|1\n|move|p1b: Tornadus|Tailwind|p1b: Tornadus\n|-sidestart|p1: TortosVGC|move: Tailwind\n|move|p1a: Arcanine|Rock Slide|p2a: Landorus|[spread] p2a,p2b\n|-damage|p2a: Landorus|2\/100\n|-damage|p2b: Milotic|46\/100\n|move|p2b: Milotic|Scald|p1b: Tornadus\n|-damage|p1b: Tornadus|0 fnt\n|faint|p1b: Tornadus\n|\n|-heal|p2b: Milotic|52\/100|[from] item: Leftovers\n|upkeep\n|turn|12\n|\n|t:|1701022273\n|move|p1a: Arcanine|Rock Slide|p2a: Landorus|[spread] p2a\n|-miss|p1a: Arcanine|p2b: Milotic\n|-damage|p2a: Landorus|0 fnt\n|faint|p2a: Landorus\n|move|p2b: Milotic|Recover|p2b: Milotic\n|-heal|p2b: Milotic|100\/100\n|\n|upkeep\n|\n|t:|1701022283\n|switch|p2a: Flutter Mane|Flutter Mane, L50|1\/100\n|turn|13\n|\n|t:|1701022293\n|move|p2a: Flutter Mane|Protect|p2a: Flutter Mane\n|-singleturn|p2a: Flutter Mane|Protect\n|move|p1a: Arcanine|Rock Slide|p2b: Milotic|[spread] p2b\n|-activate|p2a: Flutter Mane|move: Protect\n|-damage|p2b: Milotic|79\/100\n|move|p2b: Milotic|Coil|p2b: Milotic\n|-boost|p2b: Milotic|atk|1\n|-boost|p2b: Milotic|def|1\n|-boost|p2b: Milotic|accuracy|1\n|\n|-heal|p2b: Milotic|85\/100|[from] item: Leftovers\n|upkeep\n|turn|14\n|\n|t:|1701022310\n|move|p2a: Flutter Mane|Protect|p2a: Flutter Mane\n|-singleturn|p2a: Flutter Mane|Protect\n|move|p1a: Arcanine|Rock Slide|p2b: Milotic|[spread] \n|-activate|p2a: Flutter Mane|move: Protect\n|-miss|p1a: Arcanine|p2b: Milotic\n|move|p2b: Milotic|Scald|p1a: Arcanine\n|-damage|p1a: Arcanine|40\/100\n|\n|-heal|p2b: Milotic|91\/100|[from] item: Leftovers\n|-sideend|p1: TortosVGC|move: Tailwind\n|upkeep\n|turn|15\n|\n|t:|1701022325\n|move|p2a: Flutter Mane|Shadow Ball|p1a: Arcanine\n|-damage|p1a: Arcanine|0 fnt\n|faint|p1a: Arcanine\n|\n|win|arubato2910\n|c|&|\/uhtml prompt-tortosvgc,TortosVGC is ready for game 3!\n|inactive|arubato2910 has 50 seconds to confirm battle start!\n|c|&|\/uhtml prompt-arubato2910,arubato2910 is ready for game 3!\nBoth players are ready! Starting next match!\n|l|\u2606arubato2910\n|l|\u2606TortosVGC\n|j|\u2606arubato2910\n|player|p2|arubato2910|101\n","uploadtime":1701022813,"views":11,"p1id":"tortosvgc","p2id":"arubato2910","formatid":"gen9vgc2023regulatione","rating":0,"private":0,"password":""}