{"id":"gen9vgc2023regulatione-1996793208","p1":"pisspisspoopoo","p2":"RIKASLOVER","format":"[Gen 9] VGC 2023 Regulation E","log":"|j|\u2606pisspisspoopoo\n|j|\u2606RIKASLOVER\n|t:|1700726235\n|gametype|doubles\n|player|p1|pisspisspoopoo|swimmer|1291\n|player|p2|RIKASLOVER|cynthia-masters|1328\n|teamsize|p1|6\n|teamsize|p2|6\n|gen|9\n|tier|[Gen 9] VGC 2023 Regulation E\n|rated|\n|rule|Species Clause: Limit one of each Pok\u00e9mon\n|rule|Item Clause: Limit one of each item\n|clearpoke\n|poke|p1|Dragonite, L50, F|\n|poke|p1|Arcanine-Hisui, L50, F|\n|poke|p1|Tornadus, L50, M|\n|poke|p1|Flutter Mane, L50|\n|poke|p1|Chien-Pao, L50|\n|poke|p1|Urshifu-*, L50, M|\n|poke|p2|Tornadus, L50, M|\n|poke|p2|Arcanine-Hisui, L50, F|\n|poke|p2|Iron Hands, L50|\n|poke|p2|Amoonguss, L50, F|\n|poke|p2|Urshifu-*, L50, F|\n|poke|p2|Ogerpon-Wellspring, L50, F|\n|teampreview|4\n|inactive|Battle timer is ON: inactive players will automatically lose when time's up. (requested by pisspisspoopoo)\n|inactive|pisspisspoopoo has 60 seconds left.\n|\n|t:|1700726271\n|start\n|switch|p1a: Tornadus|Tornadus, L50, M, shiny|100\/100\n|switch|p1b: Arcanine|Arcanine-Hisui, L50, F|100\/100\n|switch|p2a: Arcanine|Arcanine-Hisui, L50, F|100\/100\n|switch|p2b: Tornadus|Tornadus, L50, M|100\/100\n|-ability|p2a: Arcanine|Intimidate|boost\n|-unboost|p1a: Tornadus|atk|1\n|-unboost|p1b: Arcanine|atk|1\n|-ability|p1b: Arcanine|Intimidate|boost\n|-unboost|p2a: Arcanine|atk|1\n|-unboost|p2b: Tornadus|atk|1\n|turn|1\n|\n|t:|1700726288\n|move|p1a: Tornadus|Tailwind|p1a: Tornadus\n|-sidestart|p1: pisspisspoopoo|move: Tailwind\n|move|p2b: Tornadus|Tailwind|p2b: Tornadus\n|-sidestart|p2: RIKASLOVER|move: Tailwind\n|move|p2a: Arcanine|Rock Slide|p1a: Tornadus|[spread] p1a\n|-miss|p2a: Arcanine|p1b: Arcanine\n|-supereffective|p1a: Tornadus\n|-damage|p1a: Tornadus|32\/100\n|move|p1b: Arcanine|Rock Slide|p2a: Arcanine|[spread] p2a,p2b\n|-supereffective|p2a: Arcanine\n|-supereffective|p2b: Tornadus\n|-damage|p2a: Arcanine|60\/100\n|-damage|p2b: Tornadus|52\/100\n|\n|upkeep\n|turn|2\n|\n|t:|1700726309\n|move|p2a: Arcanine|Rock Slide|p1a: Tornadus|[spread] p1a,p1b\n|-supereffective|p1a: Tornadus\n|-supereffective|p1b: Arcanine\n|-damage|p1a: Tornadus|0 fnt\n|-damage|p1b: Arcanine|36\/100\n|-enditem|p1b: Arcanine|Sitrus Berry|[eat]\n|-heal|p1b: Arcanine|60\/100|[from] item: Sitrus Berry\n|faint|p1a: Tornadus\n|move|p1b: Arcanine|Rock Slide|p2a: Arcanine|[spread] p2a,p2b\n|-supereffective|p2a: Arcanine\n|-supereffective|p2b: Tornadus\n|-damage|p2a: Arcanine|21\/100\n|-damage|p2b: Tornadus|6\/100\n|move|p2b: Tornadus|Bleakwind Storm|p1b: Arcanine\n|-resisted|p1b: Arcanine\n|-damage|p1b: Arcanine|29\/100\n|-unboost|p1b: Arcanine|spe|1\n|\n|upkeep\n|\n|t:|1700726327\n|switch|p1a: Flutter Mane|Flutter Mane, L50|100\/100\n|-enditem|p1a: Flutter Mane|Booster Energy\n|-activate|p1a: Flutter Mane|ability: Protosynthesis|[fromitem]\n|-start|p1a: Flutter Mane|protosynthesisspe\n|turn|3\n|\n|t:|1700726347\n|move|p2b: Tornadus|Rain Dance|p2b: Tornadus\n|-weather|RainDance\n|move|p1a: Flutter Mane|Dazzling Gleam|p2b: Tornadus|[spread] p2a,p2b\n|-resisted|p2a: Arcanine\n|-damage|p2a: Arcanine|2\/100\n|-damage|p2b: Tornadus|0 fnt\n|faint|p2b: Tornadus\n|move|p2a: Arcanine|Rock Slide|p1b: Arcanine|[spread] p1b\n|-miss|p2a: Arcanine|p1a: Flutter Mane\n|-supereffective|p1b: Arcanine\n|-damage|p1b: Arcanine|0 fnt\n|faint|p1b: Arcanine\n|\n|-weather|RainDance|[upkeep]\n|upkeep\n|\n|t:|1700726360\n|switch|p1b: Chien-Pao|Chien-Pao, L50|100\/100\n|switch|p2b: Ogerpon|Ogerpon-Wellspring, L50, F|100\/100\n|-ability|p1b: Chien-Pao|Sword of Ruin\n|turn|4\n|\n|t:|1700726374\n|-terastallize|p2b: Ogerpon|Water\n|detailschange|p2b: Ogerpon|Ogerpon-Wellspring-Tera, L50, F, tera:Water\n|-ability|p2b: Ogerpon|Embody Aspect (Wellspring)|boost\n|-boost|p2b: Ogerpon|spd|1\n|move|p1a: Flutter Mane|Dazzling Gleam|p2b: Ogerpon|[spread] p2a,p2b\n|-resisted|p2a: Arcanine\n|-damage|p2a: Arcanine|0 fnt\n|-damage|p2b: Ogerpon|81\/100\n|faint|p2a: Arcanine\n|move|p1b: Chien-Pao|Ice Spinner|p2b: Ogerpon\n|-resisted|p2b: Ogerpon\n|-damage|p2b: Ogerpon|57\/100\n|move|p2b: Ogerpon|Ivy Cudgel|p1a: Flutter Mane|[anim] Ivy Cudgel Water\n|-damage|p1a: Flutter Mane|0 fnt\n|faint|p1a: Flutter Mane\n|-end|p1a: Flutter Mane|Protosynthesis|[silent]\n|\n|-weather|RainDance|[upkeep]\n|-sideend|p2: RIKASLOVER|move: Tailwind\n|-sideend|p1: pisspisspoopoo|move: Tailwind\n|upkeep\n|\n|t:|1700726386\n|switch|p2a: Iron Hands|Iron Hands, L50|100\/100\n|turn|5\n|\n|t:|1700726389\n|move|p2a: Iron Hands|Fake Out|p1b: Chien-Pao\n|-damage|p1b: Chien-Pao|79\/100\n|cant|p1b: Chien-Pao|flinch\n|move|p2b: Ogerpon|Ivy Cudgel|p1b: Chien-Pao|[anim] Ivy Cudgel Water\n|-damage|p1b: Chien-Pao|0 fnt\n|faint|p1b: Chien-Pao\n|\n|win|RIKASLOVER\n|raw|pisspisspoopoo's rating: 1291 &rarr; <strong>1269<\/strong><br \/>(-22 for losing)\n|raw|RIKASLOVER's rating: 1328 &rarr; <strong>1346<\/strong><br \/>(+18 for winning)\n|l|\u2606pisspisspoopoo\n","uploadtime":1700726398,"views":6,"p1id":"pisspisspoopoo","p2id":"rikaslover","formatid":"gen9vgc2023regulatione","rating":1269,"private":0,"password":""}