{"id":"gen9vgc2023regulatione-1994627059","p1":"TonyPajamas16","p2":"tyl8","format":"[Gen 9] VGC 2023 Regulation E","log":"|j|\u2606TonyPajamas16\n|j|\u2606tyl8\n|t:|1700471741\n|gametype|doubles\n|player|p1|TonyPajamas16|psychicf-gen4|1360\n|player|p2|tyl8|dawn|1330\n|teamsize|p1|6\n|teamsize|p2|6\n|gen|9\n|tier|[Gen 9] VGC 2023 Regulation E\n|rated|\n|rule|Species Clause: Limit one of each Pok\u00e9mon\n|rule|Item Clause: Limit one of each item\n|clearpoke\n|poke|p1|Scream Tail, L50|\n|poke|p1|Spectrier, L50|\n|poke|p1|Milotic, L50, F|\n|poke|p1|Ogerpon-Hearthflame, L50, F|\n|poke|p1|Sneasler, L50, M|\n|poke|p1|Rillaboom, L50, F|\n|poke|p2|Gholdengo, L50|\n|poke|p2|Ogerpon-Wellspring, L50, F|\n|poke|p2|Roaring Moon, L50|\n|poke|p2|Iron Hands, L50|\n|poke|p2|Tornadus, L50, M|\n|poke|p2|Arcanine-Hisui, L50, M|\n|teampreview|4\n|inactive|Battle timer is ON: inactive players will automatically lose when time's up. (requested by tyl8)\n|inactive|TonyPajamas16 has 60 seconds left.\n|\n|t:|1700471786\n|start\n|switch|p1a: Ogerpon|Ogerpon-Hearthflame, L50, F|100\/100\n|switch|p1b: Milotic|Milotic, L50, F|100\/100\n|switch|p2a: Ogerpon|Ogerpon-Wellspring, L50, F|100\/100\n|switch|p2b: Gholdengo|Gholdengo, L50|100\/100\n|-ability|p1a: Ogerpon|Mold Breaker\n|turn|1\n|inactive|TonyPajamas16 has 30 seconds left.\n|\n|t:|1700471812\n|-terastallize|p2b: Gholdengo|Dragon\n|-terastallize|p1b: Milotic|Dragon\n|move|p1a: Ogerpon|Ivy Cudgel|p2b: Gholdengo|[anim] Ivy Cudgel Fire\n|-resisted|p2b: Gholdengo\n|-damage|p2b: Gholdengo|73\/100\n|move|p2a: Ogerpon|Wood Hammer|p1b: Milotic\n|-resisted|p1b: Milotic\n|-damage|p1b: Milotic|73\/100\n|-damage|p2a: Ogerpon|90\/100|[from] Recoil\n|move|p2b: Gholdengo|Nasty Plot|p2b: Gholdengo\n|-boost|p2b: Gholdengo|spa|2\n|move|p1b: Milotic|Coil|p1b: Milotic\n|-boost|p1b: Milotic|atk|1\n|-boost|p1b: Milotic|def|1\n|-boost|p1b: Milotic|accuracy|1\n|\n|-heal|p2b: Gholdengo|80\/100|[from] item: Leftovers\n|-heal|p1b: Milotic|79\/100|[from] item: Leftovers\n|upkeep\n|turn|2\n|inactive|TonyPajamas16 has 30 seconds left.\n|inactive|tyl8 has 30 seconds left.\n|inactive|tyl8 has 20 seconds left.\n|\n|t:|1700471849\n|switch|p1a: Rillaboom|Rillaboom, L50, F|100\/100\n|-fieldstart|move: Grassy Terrain|[from] ability: Grassy Surge|[of] p1a: Rillaboom\n|move|p2a: Ogerpon|Spiky Shield|p2a: Ogerpon\n|-singleturn|p2a: Ogerpon|move: Protect\n|move|p2b: Gholdengo|Nasty Plot|p2b: Gholdengo\n|-boost|p2b: Gholdengo|spa|2\n|move|p1b: Milotic|Hypnosis|p2a: Ogerpon\n|-activate|p2a: Ogerpon|move: Protect\n|\n|-heal|p2a: Ogerpon|96\/100|[from] Grassy Terrain\n|-heal|p2b: Gholdengo|86\/100|[from] Grassy Terrain\n|-heal|p2b: Gholdengo|92\/100|[from] item: Leftovers\n|-heal|p1b: Milotic|85\/100|[from] Grassy Terrain\n|-heal|p1b: Milotic|91\/100|[from] item: Leftovers\n|upkeep\n|turn|3\n|inactive|tyl8 has 30 seconds left.\n|\n|t:|1700471880\n|move|p2a: Ogerpon|Spiky Shield||[still]\n|-fail|p2a: Ogerpon\n|move|p1a: Rillaboom|Fake Out|p2b: Gholdengo\n|-damage|p2b: Gholdengo|80\/100\n|cant|p2b: Gholdengo|flinch\n|move|p1b: Milotic|Hypnosis|p2a: Ogerpon\n|-status|p2a: Ogerpon|slp|[from] move: Hypnosis\n|\n|-heal|p2a: Ogerpon|100\/100 slp|[from] Grassy Terrain\n|-heal|p2b: Gholdengo|86\/100|[from] Grassy Terrain\n|-heal|p2b: Gholdengo|92\/100|[from] item: Leftovers\n|-heal|p1b: Milotic|97\/100|[from] Grassy Terrain\n|-heal|p1b: Milotic|100\/100|[from] item: Leftovers\n|upkeep\n|turn|4\n|\n|t:|1700471894\n|cant|p2a: Ogerpon|slp\n|move|p1a: Rillaboom|U-turn|p2a: Ogerpon\n|-supereffective|p2a: Ogerpon\n|-damage|p2a: Ogerpon|48\/100 slp\n|\n|t:|1700471900\n|switch|p1a: Ogerpon|Ogerpon-Hearthflame, L50, F|100\/100|[from] U-turn\n|-ability|p1a: Ogerpon|Mold Breaker\n|move|p2b: Gholdengo|Make It Rain|p1a: Ogerpon|[spread] p1a,p1b\n|-resisted|p1a: Ogerpon\n|-damage|p1a: Ogerpon|15\/100\n|-damage|p1b: Milotic|19\/100\n|-unboost|p2b: Gholdengo|spa|1\n|move|p1b: Milotic|Icy Wind|p2b: Gholdengo|[spread] p2a,p2b\n|-supereffective|p2b: Gholdengo\n|-damage|p2a: Ogerpon|39\/100 slp\n|-damage|p2b: Gholdengo|74\/100\n|-unboost|p2a: Ogerpon|spe|1\n|-unboost|p2b: Gholdengo|spe|1\n|\n|-heal|p1a: Ogerpon|21\/100|[from] Grassy Terrain\n|-heal|p1b: Milotic|25\/100|[from] Grassy Terrain\n|-heal|p1b: Milotic|31\/100|[from] item: Leftovers\n|-heal|p2a: Ogerpon|45\/100 slp|[from] Grassy Terrain\n|-heal|p2b: Gholdengo|81\/100|[from] Grassy Terrain\n|-heal|p2b: Gholdengo|87\/100|[from] item: Leftovers\n|upkeep\n|turn|5\n|inactive|TonyPajamas16 has 30 seconds left.\n|\n|t:|1700471928\n|move|p2b: Gholdengo|Protect|p2b: Gholdengo\n|-singleturn|p2b: Gholdengo|Protect\n|move|p1a: Ogerpon|Wood Hammer|p2b: Gholdengo\n|-activate|p2b: Gholdengo|move: Protect\n|move|p1b: Milotic|Icy Wind|p2a: Ogerpon|[spread] p2a\n|-activate|p2b: Gholdengo|move: Protect\n|-damage|p2a: Ogerpon|36\/100 slp\n|-unboost|p2a: Ogerpon|spe|1\n|-curestatus|p2a: Ogerpon|slp|[msg]\n|move|p2a: Ogerpon|Ivy Cudgel|p1a: Ogerpon|[anim] Ivy Cudgel Water\n|-damage|p1a: Ogerpon|0 fnt\n|faint|p1a: Ogerpon\n|\n|-heal|p1b: Milotic|37\/100|[from] Grassy Terrain\n|-heal|p1b: Milotic|43\/100|[from] item: Leftovers\n|-heal|p2b: Gholdengo|93\/100|[from] Grassy Terrain\n|-heal|p2b: Gholdengo|99\/100|[from] item: Leftovers\n|-heal|p2a: Ogerpon|42\/100|[from] Grassy Terrain\n|upkeep\n|\n|t:|1700471934\n|switch|p1a: Rillaboom|Rillaboom, L50, F|100\/100\n|turn|6\n|\n|t:|1700471951\n|move|p1a: Rillaboom|Fake Out|p2b: Gholdengo\n|-damage|p2b: Gholdengo|88\/100\n|move|p1b: Milotic|Icy Wind|p2b: Gholdengo|[spread] p2a,p2b\n|-supereffective|p2b: Gholdengo\n|-damage|p2a: Ogerpon|32\/100\n|-damage|p2b: Gholdengo|71\/100\n|-unboost|p2a: Ogerpon|spe|1\n|-unboost|p2b: Gholdengo|spe|1\n|move|p2a: Ogerpon|Ivy Cudgel|p1b: Milotic|[anim] Ivy Cudgel Water\n|-resisted|p1b: Milotic\n|-damage|p1b: Milotic|26\/100\n|cant|p2b: Gholdengo|flinch\n|\n|-heal|p1b: Milotic|32\/100|[from] Grassy Terrain\n|-heal|p1b: Milotic|38\/100|[from] item: Leftovers\n|-heal|p2a: Ogerpon|38\/100|[from] Grassy Terrain\n|-heal|p2b: Gholdengo|78\/100|[from] Grassy Terrain\n|-heal|p2b: Gholdengo|84\/100|[from] item: Leftovers\n|-fieldend|move: Grassy Terrain\n|upkeep\n|turn|7\n|\n|t:|1700471972\n|move|p2a: Ogerpon|Spiky Shield|p2a: Ogerpon\n|-singleturn|p2a: Ogerpon|move: Protect\n|move|p1a: Rillaboom|High Horsepower|p2b: Gholdengo\n|-damage|p2b: Gholdengo|57\/100\n|move|p1b: Milotic|Hypnosis|p2a: Ogerpon\n|-activate|p2a: Ogerpon|move: Protect\n|move|p2b: Gholdengo|Make It Rain|p1a: Rillaboom|[spread] p1a,p1b\n|-damage|p1a: Rillaboom|26\/100\n|-damage|p1b: Milotic|0 fnt\n|-unboost|p2b: Gholdengo|spa|1\n|faint|p1b: Milotic\n|\n|-heal|p2b: Gholdengo|63\/100|[from] item: Leftovers\n|upkeep\n|\n|t:|1700471975\n|switch|p1b: Spectrier|Spectrier, L50|100\/100\n|turn|8\n|\n|t:|1700471989\n|move|p2a: Ogerpon|Follow Me|p2a: Ogerpon\n|-singleturn|p2a: Ogerpon|move: Follow Me\n|move|p1b: Spectrier|Draining Kiss|p2a: Ogerpon\n|-damage|p2a: Ogerpon|18\/100\n|move|p1a: Rillaboom|U-turn|p2a: Ogerpon\n|-supereffective|p2a: Ogerpon\n|-damage|p2a: Ogerpon|0 fnt\n|faint|p2a: Ogerpon\n|move|p2b: Gholdengo|Shadow Ball|p1b: Spectrier\n|-supereffective|p1b: Spectrier\n|-damage|p1b: Spectrier|0 fnt\n|faint|p1b: Spectrier\n|\n|-heal|p2b: Gholdengo|69\/100|[from] item: Leftovers\n|upkeep\n|\n|t:|1700471997\n|switch|p2a: Tornadus|Tornadus, L50, M|100\/100\n|turn|9\n|-message|TonyPajamas16 forfeited.\n|\n|win|tyl8\n|raw|TonyPajamas16's rating: 1360 &rarr; <strong>1338<\/strong><br \/>(-22 for losing)\n|raw|tyl8's rating: 1330 &rarr; <strong>1352<\/strong><br \/>(+22 for winning)\n","uploadtime":1700472008,"views":8,"p1id":"tonypajamas16","p2id":"tyl8","formatid":"gen9vgc2023regulatione","rating":1338,"private":0,"password":""}