{"id":"gen9vgc2023regulatione-1994289952","p1":"qmantra","p2":"BowDog!","format":"[Gen 9] VGC 2023 Regulation E","log":"|j|\u2606qmantra\n|j|\u2606BowDog!\n|t:|1700427539\n|gametype|doubles\n|player|p1|qmantra|102|1161\n|player|p2|BowDog!|winona|1171\n|teamsize|p1|6\n|teamsize|p2|6\n|gen|9\n|tier|[Gen 9] VGC 2023 Regulation E\n|rated|\n|rule|Species Clause: Limit one of each Pok\u00e9mon\n|rule|Item Clause: Limit one of each item\n|clearpoke\n|poke|p1|Arcanine-Hisui, L50, M|\n|poke|p1|Chien-Pao, L50|\n|poke|p1|Munkidori, L50, M|\n|poke|p1|Flutter Mane, L50|\n|poke|p1|Braviary, L50, M|\n|poke|p1|Ogerpon-Wellspring, L50, F|\n|poke|p2|Landorus-Therian, L50, M|\n|poke|p2|Tornadus, L50, M|\n|poke|p2|Iron Bundle, L50|\n|poke|p2|Sylveon, L50, F|\n|poke|p2|Ogerpon-Hearthflame, L50, F|\n|poke|p2|Urshifu-*, L50, F|\n|teampreview|4\n|inactive|Battle timer is ON: inactive players will automatically lose when time's up. (requested by qmantra)\nBowDog! has agreed to open team sheets.\n|inactive|BowDog! has 60 seconds left.\n|inactive|BowDog! has 30 seconds left.\n|inactive|BowDog! has 20 seconds left.\nqmantra has agreed to open team sheets.\n|\n|t:|1700427624\n|start\n|switch|p1a: Arcanine|Arcanine-Hisui, L50, M|100\/100\n|switch|p1b: Braviary|Braviary, L50, M|100\/100\n|switch|p2a: Iron Bundle|Iron Bundle, L50|100\/100\n|switch|p2b: Tornadus|Tornadus, L50, M|100\/100\n|-ability|p1a: Arcanine|Intimidate|boost\n|-unboost|p2a: Iron Bundle|atk|1\n|-unboost|p2b: Tornadus|atk|1\n|-enditem|p2a: Iron Bundle|Booster Energy\n|-activate|p2a: Iron Bundle|ability: Quark Drive|[fromitem]\n|-start|p2a: Iron Bundle|quarkdrivespe\n|turn|1\n|inactive|BowDog! has 30 seconds left.\n|\n|t:|1700427658\n|-terastallize|p1b: Braviary|Ghost\n|move|p2b: Tornadus|Tailwind|p2b: Tornadus\n|-sidestart|p2: BowDog!|move: Tailwind\n|move|p2a: Iron Bundle|Freeze-Dry|p1b: Braviary\n|-crit|p1b: Braviary\n|-damage|p1b: Braviary|46\/100\n|move|p1b: Braviary|Tailwind|p1b: Braviary\n|-sidestart|p1: qmantra|move: Tailwind\n|move|p1a: Arcanine|Rock Slide|p2a: Iron Bundle|[spread] p2a,p2b\n|-supereffective|p2a: Iron Bundle\n|-supereffective|p2b: Tornadus\n|-damage|p2a: Iron Bundle|35\/100\n|-damage|p2b: Tornadus|35\/100\n|\n|upkeep\n|turn|2\n|inactive|BowDog! has 30 seconds left.\n|\n|t:|1700427692\n|switch|p1b: Munkidori|Munkidori, L50, M|100\/100\n|-item|p2b: Tornadus|Covert Cloak|[from] ability: Frisk|[of] p1b: Munkidori|[identify]\n|move|p2a: Iron Bundle|Hydro Pump|p1a: Arcanine\n|-supereffective|p1a: Arcanine\n|-damage|p1a: Arcanine|0 fnt\n|faint|p1a: Arcanine\n|move|p2b: Tornadus|Bleakwind Storm|p1b: Munkidori\n|-damage|p1b: Munkidori|34\/100\n|\n|upkeep\n|\n|t:|1700427702\n|switch|p1a: Braviary|Braviary, L50, M, tera:Ghost|46\/100\n|turn|3\n|inactive|BowDog! has 30 seconds left.\n|\n|t:|1700427731\n|move|p1b: Munkidori|Fake Out|p2a: Iron Bundle\n|-damage|p2a: Iron Bundle|26\/100\n|cant|p2a: Iron Bundle|flinch\n|move|p1a: Braviary|Brave Bird|p2a: Iron Bundle\n|-damage|p2a: Iron Bundle|0 fnt\n|faint|p2a: Iron Bundle\n|-end|p2a: Iron Bundle|Quark Drive|[silent]\n|-damage|p1a: Braviary|40\/100|[from] Recoil\n|move|p2b: Tornadus|U-turn|p1b: Munkidori\n|-damage|p1b: Munkidori|17\/100\n|\n|t:|1700427743\n|switch|p2b: Urshifu|Urshifu, L50, F|100\/100|[from] U-turn\n|\n|upkeep\n|\n|t:|1700427746\n|switch|p2a: BowDog!|Sylveon, L50, F|100\/100\n|turn|4\n|inactive|BowDog! has 30 seconds left.\n|\n|t:|1700427773\n|switch|p1a: Ogerpon|Ogerpon-Wellspring, L50, F|100\/100\n|-terastallize|p2a: BowDog!|Steel\n|move|p2b: Urshifu|Sucker Punch||[still]\n|-fail|p2b: Urshifu\n|move|p1b: Munkidori|Sludge Bomb|p2a: BowDog!\n|-immune|p2a: BowDog!\n|move|p2a: BowDog!|Hyper Voice|p1a: Ogerpon|[spread] p1a,p1b\n|-resisted|p1b: Munkidori\n|-damage|p1a: Ogerpon|65\/100\n|-damage|p1b: Munkidori|0 fnt\n|faint|p1b: Munkidori\n|-enditem|p2a: BowDog!|Throat Spray\n|-boost|p2a: BowDog!|spa|1|[from] item: Throat Spray\n|\n|-sideend|p2: BowDog!|move: Tailwind\n|-sideend|p1: qmantra|move: Tailwind\n|upkeep\n|\n|t:|1700427780\n|switch|p1b: Braviary|Braviary, L50, M, tera:Ghost|40\/100\n|turn|5\n|inactive|BowDog! has 30 seconds left.\n|inactive|BowDog! has 20 seconds left.\n|\n|t:|1700427817\n|move|p1b: Braviary|Tailwind|p1b: Braviary\n|-sidestart|p1: qmantra|move: Tailwind\n|move|p1a: Ogerpon|Ivy Cudgel|p2a: BowDog!|[anim] Ivy Cudgel Water\n|-crit|p2a: BowDog!\n|-damage|p2a: BowDog!|9\/100\n|move|p2b: Urshifu|Wicked Blow|p1a: Ogerpon\n|-crit|p1a: Ogerpon\n|-damage|p1a: Ogerpon|12\/100\n|move|p2a: BowDog!|Hyper Voice|p1a: Ogerpon|[spread] p1a,p1b\n|-damage|p1a: Ogerpon|0 fnt\n|-damage|p1b: Braviary|0 fnt\n|faint|p1a: Ogerpon\n|faint|p1b: Braviary\n|\n|win|BowDog!\n|raw|qmantra's rating: 1161 &rarr; <strong>1137<\/strong><br \/>(-24 for losing)\n|raw|BowDog!'s rating: 1171 &rarr; <strong>1195<\/strong><br \/>(+24 for winning)\n","uploadtime":1700427837,"views":6,"p1id":"qmantra","p2id":"bowdog","formatid":"gen9vgc2023regulatione","rating":1137,"private":0,"password":""}