{"id":"gen9vgc2023regulatione-1995986386","p1":"N4N0vgc","p2":"Tampico11","format":"[Gen 9] VGC 2023 Regulation E","log":"|j|\u2606N4N0vgc\n|j|\u2606Tampico11\n|n|\u2606N4N0vgc|n4n0vgc\n|n|\u2606Tampico11|tampico11\n|html|View the match progress at <a href=\"\/game-bestof3-gen9vgc2023regulatione-1995983874\">game-bestof3-gen9vgc2023regulatione-1995983874<\/a>\n|t:|1700625600\n|gametype|doubles\n|player|p1|N4N0vgc|guzma|\n|player|p2|Tampico11|ethan|\n|teamsize|p1|6\n|teamsize|p2|6\n|gen|9\n|tier|[Gen 9] VGC 2023 Regulation E\n|rule|Species Clause: Limit one of each Pok\u00e9mon\n|rule|Item Clause: Limit one of each item\n|clearpoke\n|poke|p1|Tatsugiri, L50, M|\n|poke|p1|Dondozo, L50, M|\n|poke|p1|Iron Hands, L50|\n|poke|p1|Ninetales-Alola, L50, M|\n|poke|p1|Ogerpon-Hearthflame, L50, F|\n|poke|p1|Glimmora, L50, F|\n|poke|p2|Iron Hands, L50|\n|poke|p2|Amoonguss, L50, M|\n|poke|p2|Grimmsnarl, L50, M|\n|poke|p2|Ursaluna-Bloodmoon, L50, M|\n|poke|p2|Annihilape, L50, M|\n|poke|p2|Cresselia, L50, F|\n|teampreview|4\n|j| Fancy Cucudrula\nTampico11 has agreed to open team sheets.\n|j| porygon peo\n|inactive|Battle timer is ON: inactive players will automatically lose when time's up. (requested by Tampico11)\n|j| Tenken11\nN4N0vgc has agreed to open team sheets.\n|showteam|p1|Tatsugiri||ChoiceScarf|Commander|MuddyWater,DracoMeteor,IcyWind,DragonPulse|||M|||50|,,,,,Steel]Dondozo||Leftovers|Unaware|Substitute,Earthquake,OrderUp,Protect|||M|||50|,,,,,Dragon]Iron Hands||AssaultVest|QuarkDrive|FakeOut,DrainPunch,WildCharge,HeavySlam||||||50|,,,,,Fire]Ninetales-Alola||LightClay|SnowWarning|Blizzard,Moonblast,AuroraVeil,Protect|||M|||50|,,,,,Water]Ogerpon-Hearthflame||HearthflameMask|MoldBreaker|IvyCudgel,HornLeech,SwordsDance,SpikyShield|||F|||50|,,,,,Fire]Glimmora||FocusSash|ToxicDebris|MortalSpin,SpikyShield,EarthPower,SludgeBomb|||F|||50|,,,,,Grass\n|showteam|p2|Iron Hands||AssaultVest|QuarkDrive|FakeOut,DrainPunch,WildCharge,HeavySlam||||||50|,,,,,Water]Amoonguss||MentalHerb|Regenerator|PollenPuff,ClearSmog,RagePowder,Spore|||M|||50|,,,,,Fire]Grimmsnarl||CovertCloak|Prankster|SpiritBreak,PartingShot,Reflect,LightScreen|||M|||50|,,,,,Water]Ursaluna-Bloodmoon||SilkScarf|MindsEye|HyperVoice,BloodMoon,EarthPower,Protect|||M|||50|,,,,,Grass]Annihilape||SitrusBerry|Defiant|DrainPunch,RageFist,BulkUp,Protect|||M|||50|,,,,,Fire]Cresselia||SafetyGoggles|Levitate|IceBeam,LunarBlessing,HelpingHand,TrickRoom|||F|||50|,,,,,Fire\n|inactive|N4N0vgc has 30 seconds left.\n|inactive|N4N0vgc has 20 seconds left.\n|inactive|N4N0vgc has 15 seconds left.\n|inactive|N4N0vgc has 10 seconds left.\n|n| Namewontregister|namewontregister\n|inactive|N4N0vgc has 5 seconds left.\n|\n|t:|1700625658\n|start\n|switch|p1a: Kitsune|Ninetales-Alola, L50, M, shiny|100\/100\n|switch|p1b: DozoNET|Dondozo, L50, M|100\/100\n|switch|p2a: Ferropalmas|Iron Hands, L50, shiny|100\/100\n|switch|p2b: Cresselia|Cresselia, L50, F|100\/100\n|-weather|Snow|[from] ability: Snow Warning|[of] p1a: Kitsune\n|turn|1\n|\n|t:|1700625673\n|move|p2a: Ferropalmas|Fake Out|p1b: DozoNET\n|-damage|p1b: DozoNET|91\/100\n|move|p1a: Kitsune|Aurora Veil|p1a: Kitsune\n|-sidestart|p1: N4N0vgc|move: Aurora Veil\n|cant|p1b: DozoNET|flinch\n|move|p2b: Cresselia|Trick Room|p2b: Cresselia\n|-fieldstart|move: Trick Room|[of] p2b: Cresselia\n|\n|-weather|Snow|[upkeep]\n|-heal|p1b: DozoNET|97\/100|[from] item: Leftovers\n|upkeep\n|turn|2\n|inactive|Tampico11 has 30 seconds left.\n|inactive|Tampico11 has 20 seconds left.\n|inactive|Tampico11 has 15 seconds left.\n|inactive|Tampico11 has 10 seconds left.\n|inactive|Tampico11 has 5 seconds left.\n|\n|t:|1700625723\n|switch|p2b: Anestesia|Amoonguss, L50, M, shiny|100\/100\n|move|p1b: DozoNET|Substitute|p1b: DozoNET\n|-start|p1b: DozoNET|Substitute\n|-damage|p1b: DozoNET|72\/100\n|move|p2a: Ferropalmas|Wild Charge|p1b: DozoNET\n|-supereffective|p1b: DozoNET\n|-end|p1b: DozoNET|Substitute\n|-damage|p2a: Ferropalmas|94\/100|[from] Recoil|[of] p1b: DozoNET\n|move|p1a: Kitsune|Blizzard|p2a: Ferropalmas|[spread] p2a,p2b\n|-supereffective|p2b: Anestesia\n|-damage|p2a: Ferropalmas|80\/100\n|-damage|p2b: Anestesia|60\/100\n|\n|-weather|Snow|[upkeep]\n|-heal|p1b: DozoNET|79\/100|[from] item: Leftovers\n|upkeep\n|turn|3\n|l| porygon peo\n|\n|t:|1700625744\n|move|p1b: DozoNET|Protect|p1b: DozoNET\n|-singleturn|p1b: DozoNET|Protect\n|move|p1a: Kitsune|Protect|p1a: Kitsune\n|-singleturn|p1a: Kitsune|Protect\n|move|p2b: Anestesia|Spore|p1b: DozoNET\n|-activate|p1b: DozoNET|move: Protect\n|move|p2a: Ferropalmas|Heavy Slam|p1a: Kitsune\n|-activate|p1a: Kitsune|move: Protect\n|\n|-weather|Snow|[upkeep]\n|-heal|p1b: DozoNET|85\/100|[from] item: Leftovers\n|upkeep\n|turn|4\n|\n|t:|1700625768\n|switch|p1a: OgerBONK|Ogerpon-Hearthflame, L50, F|100\/100\n|-ability|p1a: OgerBONK|Mold Breaker\n|-terastallize|p1b: DozoNET|Dragon\n|move|p2b: Anestesia|Spore|p1b: DozoNET\n|-status|p1b: DozoNET|slp|[from] move: Spore\n|cant|p1b: DozoNET|slp\n|move|p2a: Ferropalmas|Heavy Slam|p1a: OgerBONK\n|-resisted|p1a: OgerBONK\n|-damage|p1a: OgerBONK|84\/100\n|\n|-weather|Snow|[upkeep]\n|-heal|p1b: DozoNET|91\/100 slp|[from] item: Leftovers\n|upkeep\n|turn|5\n|\n|t:|1700625792\n|switch|p2b: Cresselia|Cresselia, L50, F|100\/100\n|-curestatus|p1b: DozoNET|slp|[msg]\n|move|p1b: DozoNET|Order Up|p2b: Cresselia\n|-damage|p2b: Cresselia|79\/100\n|move|p2a: Ferropalmas|Drain Punch|p1a: OgerBONK\n|-damage|p1a: OgerBONK|52\/100\n|-heal|p2a: Ferropalmas|92\/100|[from] drain|[of] p1a: OgerBONK\n|move|p1a: OgerBONK|Swords Dance|p1a: OgerBONK\n|-boost|p1a: OgerBONK|atk|2\n|\n|-weather|none\n|-heal|p1b: DozoNET|97\/100|[from] item: Leftovers\n|-fieldend|move: Trick Room\n|upkeep\n|turn|6\n|\n|t:|1700625813\n|-terastallize|p2b: Cresselia|Fire\n|move|p1a: OgerBONK|Horn Leech|p2a: Ferropalmas\n|-damage|p2a: Ferropalmas|36\/100\n|-heal|p1a: OgerBONK|91\/100|[from] drain|[of] p2a: Ferropalmas\n|move|p2a: Ferropalmas|Drain Punch|p1a: OgerBONK\n|-damage|p1a: OgerBONK|63\/100\n|-heal|p2a: Ferropalmas|46\/100|[from] drain|[of] p1a: OgerBONK\n|move|p1b: DozoNET|Substitute|p1b: DozoNET\n|-start|p1b: DozoNET|Substitute\n|-damage|p1b: DozoNET|72\/100\n|move|p2b: Cresselia|Trick Room|p2b: Cresselia\n|-fieldstart|move: Trick Room|[of] p2b: Cresselia\n|\n|-heal|p1b: DozoNET|79\/100|[from] item: Leftovers\n|upkeep\n|turn|7\n|inactive|Tampico11 has 30 seconds left.\n|\n|t:|1700625839\n|switch|p1a: Comandante|Tatsugiri, L50, M|100\/100\n|-activate|p1a: Comandante|ability: Commander|[of] p1b: DozoNET\n|-boost|p1b: DozoNET|atk|2\n|-boost|p1b: DozoNET|spa|2\n|-boost|p1b: DozoNET|spe|2\n|-boost|p1b: DozoNET|def|2\n|-boost|p1b: DozoNET|spd|2\n|move|p2b: Cresselia|Helping Hand|p2a: Ferropalmas\n|-singleturn|p2a: Ferropalmas|Helping Hand|[of] p2b: Cresselia\n|move|p2a: Ferropalmas|Drain Punch|p1a: Comandante|[miss]\n|-miss|p2a: Ferropalmas|p1a: Comandante\n|move|p1b: DozoNET|Order Up|p2a: Ferropalmas\n|-damage|p2a: Ferropalmas|0 fnt\n|faint|p2a: Ferropalmas\n|-end|p2a: Ferropalmas|Quark Drive|[silent]\n|-boost|p1b: DozoNET|atk|1\n|\n|-heal|p1b: DozoNET|85\/100|[from] item: Leftovers\n|upkeep\n|\n|t:|1700625853\n|switch|p2a: Ursaluna|Ursaluna-Bloodmoon, L50, M|100\/100\n|turn|8\n|\n|t:|1700625870\n|move|p2b: Cresselia|Helping Hand|p2a: Ursaluna\n|-singleturn|p2a: Ursaluna|Helping Hand|[of] p2b: Cresselia\n|move|p2a: Ursaluna|Hyper Voice|p1b: DozoNET|[spread] p1b\n|-miss|p2a: Ursaluna|p1a: Comandante\n|-damage|p1b: DozoNET|64\/100\n|move|p1b: DozoNET|Order Up|p2a: Ursaluna\n|-damage|p2a: Ursaluna|40\/100\n|-boost|p1b: DozoNET|atk|1\n|\n|-heal|p1b: DozoNET|70\/100|[from] item: Leftovers\n|-sideend|p1: N4N0vgc|move: Aurora Veil\n|upkeep\n|turn|9\n|\n|t:|1700625886\n|move|p2a: Ursaluna|Protect|p2a: Ursaluna\n|-singleturn|p2a: Ursaluna|Protect\n|move|p2b: Cresselia|Ice Beam|p1b: DozoNET\n|-supereffective|p1b: DozoNET\n|-activate|p1b: DozoNET|move: Substitute|[damage]\n|move|p1b: DozoNET|Order Up|p2a: Ursaluna\n|-activate|p2a: Ursaluna|move: Protect\n|\n|-heal|p1b: DozoNET|76\/100|[from] item: Leftovers\n|upkeep\n|turn|10\n|\n|t:|1700625899\n|switch|p2a: Anestesia|Amoonguss, L50, M, shiny|93\/100\n|move|p2b: Cresselia|Ice Beam|p1b: DozoNET\n|-supereffective|p1b: DozoNET\n|-end|p1b: DozoNET|Substitute\n|move|p1b: DozoNET|Order Up|p2a: Anestesia\n|-crit|p2a: Anestesia\n|-damage|p2a: Anestesia|0 fnt\n|faint|p2a: Anestesia\n|-boost|p1b: DozoNET|atk|1\n|\n|-heal|p1b: DozoNET|82\/100|[from] item: Leftovers\n|-fieldend|move: Trick Room\n|upkeep\n|c| Tenken11|verga\n|c|\u2606Tampico11|q basura loco XD\n|c|\u2606N4N0vgc|Dozo GANGS\n|c|\u2606Tampico11|el sub fue la welta\n|inactive|Tampico11 has 30 seconds left.\n|\n|t:|1700625925\n|switch|p2a: Ursaluna|Ursaluna-Bloodmoon, L50, M|40\/100\n|turn|11\n|\n|t:|1700625937\n|move|p1b: DozoNET|Order Up|p2b: Cresselia\n|-damage|p2b: Cresselia|11\/100\n|-boost|p1b: DozoNET|atk|1\n|move|p2a: Ursaluna|Blood Moon|p1b: DozoNET\n|-damage|p1b: DozoNET|38\/100\n|move|p2b: Cresselia|Trick Room|p2b: Cresselia\n|-fieldstart|move: Trick Room|[of] p2b: Cresselia\n|\n|-heal|p1b: DozoNET|44\/100|[from] item: Leftovers\n|upkeep\n|turn|12\n|c| Fancy Cucudrula|maldito dozo\n|\n|t:|1700625959\n|move|p1b: DozoNET|Protect|p1b: DozoNET\n|-singleturn|p1b: DozoNET|Protect\n|move|p2a: Ursaluna|Hyper Voice|p1a: Comandante|[spread] \n|-miss|p2a: Ursaluna|p1a: Comandante\n|-activate|p1b: DozoNET|move: Protect\n|move|p2b: Cresselia|Lunar Blessing|p2b: Cresselia|[spread] p2a,p2b\n|-heal|p2a: Ursaluna|65\/100\n|-heal|p2b: Cresselia|36\/100\n|\n|-heal|p1b: DozoNET|50\/100|[from] item: Leftovers\n|upkeep\n|turn|13\n|\n|t:|1700625973\n|move|p2b: Cresselia|Helping Hand|p2a: Ursaluna\n|-singleturn|p2a: Ursaluna|Helping Hand|[of] p2b: Cresselia\n|move|p2a: Ursaluna|Blood Moon|p1b: DozoNET\n|-damage|p1b: DozoNET|0 fnt\n|faint|p1b: DozoNET\n|\n|upkeep\n|\n|t:|1700625976\n|switch|p1b: Kitsune|Ninetales-Alola, L50, M, shiny|100\/100\n|-weather|Snow|[from] ability: Snow Warning|[of] p1b: Kitsune\n|turn|14\n|\n|t:|1700625994\n|move|p2b: Cresselia|Helping Hand|p2a: Ursaluna\n|-singleturn|p2a: Ursaluna|Helping Hand|[of] p2b: Cresselia\n|move|p2a: Ursaluna|Hyper Voice|p1a: Comandante|[spread] p1a,p1b\n|-damage|p1a: Comandante|8\/100\n|-damage|p1b: Kitsune|32\/100\n|move|p1b: Kitsune|Aurora Veil|p1b: Kitsune\n|-sidestart|p1: N4N0vgc|move: Aurora Veil\n|move|p1a: Comandante|Muddy Water|p2a: Ursaluna|[spread] p2a,p2b\n|-supereffective|p2a: Ursaluna\n|-supereffective|p2b: Cresselia\n|-damage|p2a: Ursaluna|1\/100\n|-damage|p2b: Cresselia|3\/100\n|-unboost|p2b: Cresselia|accuracy|1\n|\n|-weather|Snow|[upkeep]\n|upkeep\n|turn|15\n|\n|t:|1700626009\n|move|p1b: Kitsune|Protect|p1b: Kitsune\n|-singleturn|p1b: Kitsune|Protect\n|move|p2a: Ursaluna|Hyper Voice|p1a: Comandante|[spread] p1a\n|-activate|p1b: Kitsune|move: Protect\n|-damage|p1a: Comandante|0 fnt\n|faint|p1a: Comandante\n|move|p2b: Cresselia|Lunar Blessing|p2b: Cresselia|[spread] p2a,p2b\n|-heal|p2a: Ursaluna|26\/100\n|-heal|p2b: Cresselia|28\/100\n|\n|-weather|Snow|[upkeep]\n|-fieldend|move: Trick Room\n|upkeep\n|\n|t:|1700626012\n|switch|p1a: OgerBONK|Ogerpon-Hearthflame, L50, F|63\/100\n|-ability|p1a: OgerBONK|Mold Breaker\n|turn|16\n|\n|t:|1700626030\n|move|p2a: Ursaluna|Protect|p2a: Ursaluna\n|-singleturn|p2a: Ursaluna|Protect\n|move|p1b: Kitsune|Blizzard|p2a: Ursaluna|[spread] p2b\n|-activate|p2a: Ursaluna|move: Protect\n|-resisted|p2b: Cresselia\n|-damage|p2b: Cresselia|22\/100\n|move|p1a: OgerBONK|Ivy Cudgel|p2b: Cresselia|[anim] Ivy Cudgel Fire\n|-resisted|p2b: Cresselia\n|-damage|p2b: Cresselia|5\/100\n|move|p2b: Cresselia|Trick Room|p2b: Cresselia\n|-fieldstart|move: Trick Room|[of] p2b: Cresselia\n|\n|-weather|Snow|[upkeep]\n|upkeep\n|turn|17\n|c| Tenken11|verga x2\n|c| Fancy Cucudrula|se volteo la tortilla'\n|c| Fancy Cucudrula|verga x3\n|inactive|Tampico11 has 30 seconds left.\n|inactive|Tampico11 has 20 seconds left.\n|inactive|Tampico11 has 15 seconds left.\n|inactive|Tampico11 has 10 seconds left.\n|inactive|Tampico11 has 5 seconds left.\n|\n|t:|1700626085\n|move|p2a: Ursaluna|Blood Moon|p1b: Kitsune\n|-damage|p1b: Kitsune|0 fnt\n|faint|p1b: Kitsune\n|move|p2b: Cresselia|Lunar Blessing|p2b: Cresselia|[spread] p2a,p2b\n|-heal|p2a: Ursaluna|51\/100\n|-heal|p2b: Cresselia|30\/100\n|move|p1a: OgerBONK|Horn Leech|p2a: Ursaluna\n|-supereffective|p2a: Ursaluna\n|-damage|p2a: Ursaluna|0 fnt\n|-heal|p1a: OgerBONK|93\/100|[from] drain|[of] p2a: Ursaluna\n|faint|p2a: Ursaluna\n|\n|-weather|Snow|[upkeep]\n|upkeep\n|turn|18\n|\n|t:|1700626100\n|move|p1a: OgerBONK|Spiky Shield|p1a: OgerBONK\n|-singleturn|p1a: OgerBONK|move: Protect\n|move|p2b: Cresselia|Ice Beam|p1a: OgerBONK\n|-activate|p1a: OgerBONK|move: Protect\n|\n|-weather|none\n|upkeep\n|turn|19\n|c| Fancy Cucudrula|verga x4\n|\n|t:|1700626107\n|move|p2b: Cresselia|Lunar Blessing|p2b: Cresselia\n|-heal|p2b: Cresselia|55\/100\n|move|p1a: OgerBONK|Swords Dance|p1a: OgerBONK\n|-boost|p1a: OgerBONK|atk|2\n|\n|upkeep\n|turn|20\n|inactive|Tampico11 has 30 seconds left.\n|c| Tenken11|ohh\n|\n|t:|1700626113\n|move|p2b: Cresselia|Ice Beam|p1a: OgerBONK\n|-damage|p1a: OgerBONK|82\/100\n|move|p1a: OgerBONK|Ivy Cudgel|p2b: Cresselia|[anim] Ivy Cudgel Fire\n|-resisted|p2b: Cresselia\n|-damage|p2b: Cresselia|22\/100\n|\n|-fieldend|move: Trick Room\n|upkeep\n|turn|21\n|inactive|Tampico11 has 30 seconds left this turn.\n|inactive|Tampico11 has 20 seconds left.\n|c| Tenken11|ggs\n|c|\u2606N4N0vgc|vrgx100000\n|inactive|Tampico11 has 15 seconds left.\n|inactive|Tampico11 has 10 seconds left.\n|c|\u2606Tampico11|ya gg\n|inactive|Tampico11 has 5 seconds left.\n|-message|Tampico11 lost due to inactivity.\n|\n|win|N4N0vgc\n|c| Tenken11|buenas\n|c| Fancy Cucudrula|wenas wenas\n|l|\u2606Tampico11\n","uploadtime":1700626188,"views":2,"p1id":"n4n0vgc","p2id":"tampico11","formatid":"gen9vgc2023regulatione","rating":0,"private":0,"password":""}