{"id":"gen9vgc2023regulatione-1989037376","p1":"Ozwald McFly","p2":"yfh515","format":"[Gen 9] VGC 2023 Regulation E","log":"|j|\u2606Ozwald McFly\n|j|\u2606yfh515\n|t:|1699805109\n|gametype|doubles\n|player|p1|Ozwald McFly|birdkeeper-gen4dp|1359\n|player|p2|yfh515|acetrainer-gen4dp|1348\n|teamsize|p1|6\n|teamsize|p2|6\n|gen|9\n|tier|[Gen 9] VGC 2023 Regulation E\n|rated|\n|rule|Species Clause: Limit one of each Pok\u00e9mon\n|rule|Item Clause: Limit one of each item\n|clearpoke\n|poke|p1|Noctowl, L50, F|\n|poke|p1|Sandy Shocks, L50|\n|poke|p1|Espeon, L50, F|\n|poke|p1|Indeedee-F, L50, F|\n|poke|p1|Iron Hands, L50|\n|poke|p1|Decidueye-Hisui, L50, M|\n|poke|p2|Rotom-Heat, L50|\n|poke|p2|Sableye, L50, F|\n|poke|p2|Landorus-Therian, L50, M|\n|poke|p2|Roaring Moon, L50|\n|poke|p2|Flutter Mane, L50|\n|poke|p2|Iron Hands, L50|\n|teampreview|4\n|inactive|Battle timer is ON: inactive players will automatically lose when time's up. (requested by yfh515)\n|\n|t:|1699805128\n|start\n|switch|p1a: Decidueye|Decidueye-Hisui, L50, M, shiny|100\/100\n|switch|p1b: Indeedee|Indeedee-F, L50, F|100\/100\n|switch|p2a: Roaring Moon|Roaring Moon, L50|100\/100\n|switch|p2b: Iron Hands|Iron Hands, L50|100\/100\n|-fieldstart|move: Psychic Terrain|[from] ability: Psychic Surge|[of] p1b: Indeedee\n|-enditem|p2a: Roaring Moon|Booster Energy\n|-activate|p2a: Roaring Moon|ability: Protosynthesis|[fromitem]\n|-start|p2a: Roaring Moon|protosynthesisspe\n|turn|1\n|\n|t:|1699805144\n|-terastallize|p2a: Roaring Moon|Flying\n|move|p1a: Decidueye|Protect|p1a: Decidueye\n|-singleturn|p1a: Decidueye|Protect\n|move|p2a: Roaring Moon|Knock Off|p1b: Indeedee\n|-supereffective|p1b: Indeedee\n|-damage|p1b: Indeedee|0 fnt\n|-enditem|p1b: Indeedee|Sitrus Berry|[from] move: Knock Off|[of] p2a: Roaring Moon\n|faint|p1b: Indeedee\n|move|p2b: Iron Hands|Heavy Slam|p1a: Decidueye\n|-activate|p1a: Decidueye|move: Protect\n|\n|upkeep\n|\n|t:|1699805156\n|switch|p1b: Iron Hands|Iron Hands, L50|100\/100\n|turn|2\n|\n|t:|1699805164\n|switch|p1a: Espeon|Espeon, L50, F|100\/100\n|move|p2a: Roaring Moon|Protect|p2a: Roaring Moon\n|-singleturn|p2a: Roaring Moon|Protect\n|move|p2b: Iron Hands|Drain Punch|p1b: Iron Hands\n|-damage|p1b: Iron Hands|68\/100\n|move|p1b: Iron Hands|Wild Charge|p2a: Roaring Moon\n|-activate|p2a: Roaring Moon|move: Protect\n|\n|upkeep\n|turn|3\n|\n|t:|1699805177\n|-end|p2a: Roaring Moon|Protosynthesis|[silent]\n|switch|p2a: Rotom|Rotom-Heat, L50|100\/100\n|move|p1a: Espeon|Psychic|p2b: Iron Hands\n|-supereffective|p2b: Iron Hands\n|-damage|p2b: Iron Hands|35\/100\n|move|p2b: Iron Hands|Wild Charge|p1a: Espeon\n|-enditem|p1a: Espeon|Focus Sash\n|-damage|p1a: Espeon|1\/100\n|-damage|p2b: Iron Hands|21\/100|[from] Recoil\n|move|p1b: Iron Hands|Wild Charge|p2a: Rotom\n|-resisted|p2a: Rotom\n|-damage|p2a: Rotom|75\/100\n|-damage|p1b: Iron Hands|63\/100|[from] Recoil\n|\n|-heal|p2a: Rotom|81\/100|[from] item: Leftovers\n|upkeep\n|turn|4\n|\n|t:|1699805193\n|move|p1a: Espeon|Detect|p1a: Espeon\n|-singleturn|p1a: Espeon|Protect\n|move|p2a: Rotom|Protect|p2a: Rotom\n|-singleturn|p2a: Rotom|Protect\n|move|p2b: Iron Hands|Drain Punch|p1a: Espeon\n|-activate|p1a: Espeon|move: Protect\n|move|p1b: Iron Hands|Earthquake|p2a: Rotom|[spread] p2b\n|-activate|p1a: Espeon|move: Protect\n|-activate|p2a: Rotom|move: Protect\n|-supereffective|p2b: Iron Hands\n|-damage|p2b: Iron Hands|0 fnt\n|faint|p2b: Iron Hands\n|-end|p2b: Iron Hands|Quark Drive|[silent]\n|\n|-heal|p2a: Rotom|87\/100|[from] item: Leftovers\n|upkeep\n|\n|t:|1699805197\n|switch|p2b: Flutter Mane|Flutter Mane, L50|100\/100\n|turn|5\n|\n|t:|1699805212\n|-terastallize|p1b: Iron Hands|Fire\n|move|p2b: Flutter Mane|Dazzling Gleam|p1a: Espeon|[spread] p1a,p1b\n|-resisted|p1b: Iron Hands\n|-damage|p1a: Espeon|0 fnt\n|-damage|p1b: Iron Hands|50\/100\n|faint|p1a: Espeon\n|move|p2a: Rotom|Nasty Plot|p2a: Rotom\n|-boost|p2a: Rotom|spa|2\n|move|p1b: Iron Hands|Heavy Slam|p2b: Flutter Mane\n|-supereffective|p2b: Flutter Mane\n|-damage|p2b: Flutter Mane|0 fnt\n|faint|p2b: Flutter Mane\n|-end|p2b: Flutter Mane|Protosynthesis|[silent]\n|\n|-heal|p2a: Rotom|93\/100|[from] item: Leftovers\n|-fieldend|move: Psychic Terrain\n|upkeep\n|\n|t:|1699805224\n|switch|p2b: Roaring Moon|Roaring Moon, L50, tera:Flying|100\/100\n|switch|p1a: Decidueye|Decidueye-Hisui, L50, M, shiny|100\/100\n|turn|6\n|\n|t:|1699805240\n|move|p1a: Decidueye|Protect|p1a: Decidueye\n|-singleturn|p1a: Decidueye|Protect\n|move|p2b: Roaring Moon|Knock Off|p1b: Iron Hands\n|-damage|p1b: Iron Hands|14\/100\n|-enditem|p1b: Iron Hands|Assault Vest|[from] move: Knock Off|[of] p2b: Roaring Moon\n|move|p2a: Rotom|Thunderbolt|p1b: Iron Hands\n|-damage|p1b: Iron Hands|0 fnt\n|faint|p1b: Iron Hands\n|-end|p1b: Iron Hands|Quark Drive|[silent]\n|\n|-heal|p2a: Rotom|99\/100|[from] item: Leftovers\n|upkeep\n|turn|7\n|\n|t:|1699805254\n|move|p2b: Roaring Moon|Tailwind|p2b: Roaring Moon\n|-sidestart|p2: yfh515|move: Tailwind\n|move|p2a: Rotom|Overheat|p1a: Decidueye\n|-supereffective|p1a: Decidueye\n|-damage|p1a: Decidueye|0 fnt\n|-unboost|p2a: Rotom|spa|2\n|faint|p1a: Decidueye\n|\n|win|yfh515\n|raw|Ozwald McFly's rating: 1359 &rarr; <strong>1338<\/strong><br \/>(-21 for losing)\n|raw|yfh515's rating: 1348 &rarr; <strong>1369<\/strong><br \/>(+21 for winning)\n","uploadtime":1699805263,"views":9,"p1id":"ozwaldmcfly","p2id":"yfh515","formatid":"gen9vgc2023regulatione","rating":1338,"private":0,"password":""}