{"id":"gen9vgc2023regulatione-1997401641","p1":"Migikikinos","p2":"TeraDedenee","format":"[Gen 9] VGC 2023 Regulation E","log":"|j|\u2606Migikikinos\n|j|\u2606TeraDedenee\n|t:|1700799523\n|gametype|doubles\n|player|p1|Migikikinos|101|1095\n|player|p2|TeraDedenee|266|1154\n|teamsize|p1|6\n|teamsize|p2|6\n|gen|9\n|tier|[Gen 9] VGC 2023 Regulation E\n|rated|\n|rule|Species Clause: Limit one of each Pok\u00e9mon\n|rule|Item Clause: Limit one of each item\n|clearpoke\n|poke|p1|Samurott-Hisui, L50, M|\n|poke|p1|Rillaboom, L50, M|\n|poke|p1|Arcanine-Hisui, L50, F|\n|poke|p1|Flutter Mane, L50|\n|poke|p1|Clefairy, L50, M|\n|poke|p1|Iron Hands, L50|\n|poke|p2|Typhlosion-Hisui, L50, F|\n|poke|p2|Urshifu-*, L50, F|\n|poke|p2|Flutter Mane, L50|\n|poke|p2|Tornadus, L50, M|\n|poke|p2|Indeedee-F, L50, F|\n|poke|p2|Ogerpon-Wellspring, L50, F|\n|teampreview|4\n|\n|t:|1700799585\n|start\n|switch|p1a: Samurott|Samurott-Hisui, L50, M|100\/100\n|switch|p1b: Clefairy|Clefairy, L50, M|100\/100\n|switch|p2a: Flutter Mane|Flutter Mane, L50|100\/100\n|switch|p2b: Typhlosion|Typhlosion-Hisui, L50, F|100\/100\n|-item|p1a: Samurott|Choice Scarf|[from] ability: Frisk|[of] p2b: Typhlosion|[identify]\n|-item|p1b: Clefairy|Eviolite|[from] ability: Frisk|[of] p2b: Typhlosion|[identify]\n|turn|1\n|\n|t:|1700799630\n|switch|p2b: Ogerpon|Ogerpon-Wellspring, L50, F|100\/100\n|-terastallize|p1a: Samurott|Steel\n|move|p1b: Clefairy|Follow Me|p1b: Clefairy\n|-singleturn|p1b: Clefairy|move: Follow Me\n|move|p1a: Samurott|Smart Strike|p2a: Flutter Mane\n|-supereffective|p2a: Flutter Mane\n|-crit|p2a: Flutter Mane\n|-enditem|p2a: Flutter Mane|Focus Sash\n|-damage|p2a: Flutter Mane|1\/100\n|move|p2a: Flutter Mane|Icy Wind|p1a: Samurott|[spread] p1a,p1b\n|-resisted|p1a: Samurott\n|-damage|p1a: Samurott|91\/100\n|-damage|p1b: Clefairy|90\/100\n|-unboost|p1a: Samurott|spe|1\n|-unboost|p1b: Clefairy|spe|1\n|\n|upkeep\n|turn|2\n|\n|t:|1700799662\n|switch|p1a: Rillaboom|Rillaboom, L50, M|100\/100\n|-fieldstart|move: Grassy Terrain|[from] ability: Grassy Surge|[of] p1a: Rillaboom\n|move|p2a: Flutter Mane|Protect|p2a: Flutter Mane\n|-singleturn|p2a: Flutter Mane|Protect\n|move|p2b: Ogerpon|Ivy Cudgel|p1a: Rillaboom|[anim] Ivy Cudgel Water\n|-resisted|p1a: Rillaboom\n|-damage|p1a: Rillaboom|81\/100\n|move|p1b: Clefairy|Dazzling Gleam|p2b: Ogerpon|[spread] p2b\n|-activate|p2a: Flutter Mane|move: Protect\n|-damage|p2b: Ogerpon|86\/100\n|\n|-heal|p2a: Flutter Mane|7\/100|[from] Grassy Terrain\n|-heal|p2b: Ogerpon|92\/100|[from] Grassy Terrain\n|-heal|p1a: Rillaboom|87\/100|[from] Grassy Terrain\n|-heal|p1a: Rillaboom|93\/100|[from] item: Leftovers\n|-heal|p1b: Clefairy|97\/100|[from] Grassy Terrain\n|upkeep\n|turn|3\n|inactive|Battle timer is ON: inactive players will automatically lose when time's up. (requested by TeraDedenee)\n|\n|t:|1700799699\n|-end|p2a: Flutter Mane|Protosynthesis|[silent]\n|switch|p2a: Indeedee|Indeedee-F, L50, F|100\/100\n|-fieldstart|move: Psychic Terrain|[from] ability: Psychic Surge|[of] p2a: Indeedee\n|move|p1a: Rillaboom|Fake Out|p2b: Ogerpon\n|-activate|p2b: Ogerpon|move: Psychic Terrain\n|move|p2b: Ogerpon|Ivy Cudgel|p1b: Clefairy|[anim] Ivy Cudgel Water\n|-crit|p1b: Clefairy\n|-damage|p1b: Clefairy|0 fnt\n|faint|p1b: Clefairy\n|\n|-heal|p1a: Rillaboom|99\/100|[from] item: Leftovers\n|upkeep\n|\n|t:|1700799710\n|switch|p1b: Samurott|Samurott-Hisui, L50, M, tera:Steel|91\/100\n|turn|4\n|inactive|Migikikinos has 30 seconds left.\n|inactive|TeraDedenee has 30 seconds left.\n|inactive|Migikikinos has 20 seconds left.\n|inactive|TeraDedenee has 20 seconds left.\n|\n|t:|1700799746\n|move|p2a: Indeedee|Protect|p2a: Indeedee\n|-singleturn|p2a: Indeedee|Protect\n|move|p1b: Samurott|Knock Off|p2a: Indeedee\n|-activate|p2a: Indeedee|move: Protect\n|move|p2b: Ogerpon|Ivy Cudgel|p1b: Samurott|[anim] Ivy Cudgel Water\n|-damage|p1b: Samurott|11\/100\n|move|p1a: Rillaboom|Drum Beating|p2b: Ogerpon\n|-damage|p2b: Ogerpon|40\/100\n|-unboost|p2b: Ogerpon|spe|1\n|\n|-heal|p1a: Rillaboom|100\/100|[from] item: Leftovers\n|upkeep\n|turn|5\n|inactive|Migikikinos has 30 seconds left.\n|inactive|TeraDedenee has 30 seconds left.\n|inactive|Migikikinos has 20 seconds left.\n|\n|t:|1700799781\n|switch|p1a: Flutter Mane|Flutter Mane, L50|100\/100\n|move|p2a: Indeedee|Follow Me|p2a: Indeedee\n|-singleturn|p2a: Indeedee|move: Follow Me\n|move|p1b: Samurott|Knock Off|p2a: Indeedee\n|-supereffective|p2a: Indeedee\n|-damage|p2a: Indeedee|20\/100\n|-damage|p1b: Samurott|0 fnt|[from] item: Rocky Helmet|[of] p2a: Indeedee\n|faint|p1b: Samurott\n|move|p2b: Ogerpon|Horn Leech|p1a: Flutter Mane\n|-damage|p1a: Flutter Mane|1\/100\n|-heal|p2b: Ogerpon|76\/100|[from] drain|[of] p1a: Flutter Mane\n|\n|upkeep\n|\n|t:|1700799801\n|switch|p1b: Rillaboom|Rillaboom, L50, M|100\/100\n|-fieldstart|move: Grassy Terrain|[from] ability: Grassy Surge|[of] p1b: Rillaboom\n|turn|6\n|inactive|Migikikinos has 30 seconds left.\n|inactive|TeraDedenee has 30 seconds left.\n|inactive|Migikikinos has 20 seconds left.\n|\n|t:|1700799839\n|switch|p2a: Flutter Mane|Flutter Mane, L50|7\/100\n|move|p2b: Ogerpon|Spiky Shield|p2b: Ogerpon\n|-singleturn|p2b: Ogerpon|move: Protect\n|move|p1b: Rillaboom|Grassy Glide|p2a: Flutter Mane\n|-damage|p2a: Flutter Mane|0 fnt\n|faint|p2a: Flutter Mane\n|-end|p2a: Flutter Mane|Protosynthesis|[silent]\n|move|p1a: Flutter Mane|Moonblast|p2b: Ogerpon\n|-activate|p2b: Ogerpon|move: Protect\n|\n|-heal|p1a: Flutter Mane|7\/100|[from] Grassy Terrain\n|-heal|p2b: Ogerpon|82\/100|[from] Grassy Terrain\n|upkeep\n|\n|t:|1700799846\n|switch|p2a: Indeedee|Indeedee-F, L50, F|20\/100\n|-fieldstart|move: Psychic Terrain|[from] ability: Psychic Surge|[of] p2a: Indeedee\n|turn|7\n|\n|t:|1700799870\n|move|p2a: Indeedee|Follow Me|p2a: Indeedee\n|-singleturn|p2a: Indeedee|move: Follow Me\n|move|p1a: Flutter Mane|Moonblast|p2a: Indeedee\n|-damage|p2a: Indeedee|0 fnt\n|faint|p2a: Indeedee\n|move|p2b: Ogerpon|Horn Leech|p1a: Flutter Mane\n|-damage|p1a: Flutter Mane|0 fnt\n|-heal|p2b: Ogerpon|85\/100|[from] drain|[of] p1a: Flutter Mane\n|faint|p1a: Flutter Mane\n|-end|p1a: Flutter Mane|Protosynthesis|[silent]\n|move|p1b: Rillaboom|Drum Beating|p2b: Ogerpon\n|-crit|p2b: Ogerpon\n|-damage|p2b: Ogerpon|15\/100\n|-unboost|p2b: Ogerpon|spe|1\n|\n|upkeep\n|\n|t:|1700799874\n|switch|p2a: Typhlosion|Typhlosion-Hisui, L50, F|100\/100\n|-item|p1b: Rillaboom|Leftovers|[from] ability: Frisk|[of] p2a: Typhlosion|[identify]\n|turn|8\n|\n|t:|1700799884\n|move|p2b: Ogerpon|Follow Me|p2b: Ogerpon\n|-singleturn|p2b: Ogerpon|move: Follow Me\n|move|p2a: Typhlosion|Eruption|p1b: Rillaboom\n|-supereffective|p1b: Rillaboom\n|-damage|p1b: Rillaboom|0 fnt\n|faint|p1b: Rillaboom\n|\n|win|TeraDedenee\n|raw|Migikikinos's rating: 1095 &rarr; <strong>1075<\/strong><br \/>(-20 for losing)\n|raw|TeraDedenee's rating: 1154 &rarr; <strong>1175<\/strong><br \/>(+21 for winning)\n|l|\u2606Migikikinos\n","uploadtime":1700799892,"views":12,"p1id":"migikikinos","p2id":"teradedenee","formatid":"gen9vgc2023regulatione","rating":1075,"private":0,"password":""}