{"id":"gen9vgc2023regulatione-1999059746","p1":"thevoiceswontstop","p2":"donmitchie","format":"[Gen 9] VGC 2023 Regulation E","log":"|j|\u2606thevoiceswontstop\n|j|\u2606donmitchie\n|t:|1701028833\n|gametype|doubles\n|player|p1|thevoiceswontstop|2|\n|player|p2|donmitchie|169|\n|teamsize|p1|6\n|teamsize|p2|6\n|gen|9\n|tier|[Gen 9] VGC 2023 Regulation E\n|rule|Species Clause: Limit one of each Pok\u00e9mon\n|rule|Item Clause: Limit one of each item\n|clearpoke\n|poke|p1|Houndoom, L50, F|\n|poke|p1|Landorus-Therian, L50, M|\n|poke|p1|Hariyama, L50, M|\n|poke|p1|Bronzong, L50|\n|poke|p1|Jumpluff, L50, F|\n|poke|p1|Regidrago, L50|\n|poke|p2|Fletchinder, L50, F|\n|poke|p2|Urshifu-*, L50, F|\n|poke|p2|Amoonguss, L50, F|\n|poke|p2|Orthworm, L50, F|\n|poke|p2|Farigiraf, L50, F|\n|poke|p2|Dragalge, L50, M|\n|teampreview|4\n|inactive|Battle timer is ON: inactive players will automatically lose when time's up. (requested by donmitchie)\n|inactiveoff|Battle timer is now OFF.\n|c|\u2606donmitchie|game 1\n|c|\u2606donmitchie|I sent game 2\n|c|\u2606thevoiceswontstop|this is a bo3\n|c|\u2606donmitchie|ye\n|c|\u2606thevoiceswontstop|no like\n|c|\u2606thevoiceswontstop|its already a bo3\n|c|\u2606donmitchie|ohhh\n|c|\u2606donmitchie|I see\n|c|\u2606donmitchie|https:\/\/pokepast.es\/3694b3959a8a1959\n|c|\u2606donmitchie|tera sheet\n|c|\u2606thevoiceswontstop|shit i forgor\n|c|\u2606thevoiceswontstop|1 sec\n|c|\u2606donmitchie|no worries\n|c|\u2606thevoiceswontstop|https:\/\/pokepast.es\/63f732cab0a405e4\n|c|\u2606thevoiceswontstop|ignore the abilities\n|c|\u2606donmitchie|ty\n|c|\u2606thevoiceswontstop|yeye\n|\n|t:|1701029080\n|start\n|switch|p1a: Bronzong|Bronzong, L50, shiny|100\/100\n|switch|p1b: Jumpluff|Jumpluff, L50, F, shiny|100\/100\n|switch|p2a: Urshifu|Urshifu-Rapid-Strike, L50, F|100\/100\n|switch|p2b: Fletchinder|Fletchinder, L50, F|100\/100\n|turn|1\n|\n|t:|1701029130\n|move|p2b: Fletchinder|Brave Bird|p1b: Jumpluff\n|-supereffective|p1b: Jumpluff\n|-crit|p1b: Jumpluff\n|-enditem|p1b: Jumpluff|Focus Sash\n|-damage|p1b: Jumpluff|1\/100\n|-damage|p2b: Fletchinder|57\/100|[from] Recoil\n|move|p1b: Jumpluff|Sleep Powder|p2a: Urshifu\n|-status|p2a: Urshifu|slp|[from] move: Sleep Powder\n|cant|p2a: Urshifu|slp\n|move|p1a: Bronzong|Reflect|p1a: Bronzong\n|-sidestart|p1: thevoiceswontstop|Reflect\n|\n|upkeep\n|turn|2\n|\n|t:|1701029166\n|switch|p2b: Amoonguss|Amoonguss, L50, F|100\/100\n|move|p1b: Jumpluff|Acrobatics|p2a: Urshifu\n|-supereffective|p2a: Urshifu\n|-damage|p2a: Urshifu|55\/100 slp\n|-curestatus|p2a: Urshifu|slp|[msg]\n|move|p2a: Urshifu|Surging Strikes|p1b: Jumpluff\n|-resisted|p1b: Jumpluff\n|-crit|p1b: Jumpluff\n|-damage|p1b: Jumpluff|0 fnt\n|faint|p1b: Jumpluff\n|-hitcount|p1: Jumpluff|1\n|move|p1a: Bronzong|Psychic|p2b: Amoonguss\n|-supereffective|p2b: Amoonguss\n|-damage|p2b: Amoonguss|57\/100\n|-unboost|p2b: Amoonguss|spd|1\n|\n|upkeep\n|\n|t:|1701029183\n|switch|p1b: Regidrago|Regidrago, L50|100\/100\n|turn|3\n|\n|t:|1701029198\n|switch|p2b: Orthworm|Orthworm, L50, F|100\/100\n|move|p2a: Urshifu|Detect|p2a: Urshifu\n|-singleturn|p2a: Urshifu|Protect\n|move|p1b: Regidrago|Ice Fang|p2b: Orthworm\n|-resisted|p2b: Orthworm\n|-damage|p2b: Orthworm|94\/100\n|move|p1a: Bronzong|Light Screen|p1a: Bronzong\n|-sidestart|p1: thevoiceswontstop|move: Light Screen\n|\n|upkeep\n|turn|4\n|\n|t:|1701029220\n|switch|p2b: Amoonguss|Amoonguss, L50, F|90\/100\n|-terastallize|p2a: Urshifu|Fairy\n|move|p1a: Bronzong|Protect|p1a: Bronzong\n|-singleturn|p1a: Bronzong|Protect\n|move|p2a: Urshifu|Surging Strikes|p1a: Bronzong\n|-crit|p1a: Bronzong\n|-damage|p1a: Bronzong|78\/100\n|-crit|p1a: Bronzong\n|-damage|p1a: Bronzong|55\/100\n|-crit|p1a: Bronzong\n|-damage|p1a: Bronzong|32\/100\n|-hitcount|p1a: Bronzong|3\n|move|p1b: Regidrago|Scale Shot|p2a: Urshifu\n|-immune|p2a: Urshifu\n|\n|-heal|p1a: Bronzong|37\/100|[from] item: Leftovers\n|upkeep\n|turn|5\n|\n|t:|1701029277\n|move|p2a: Urshifu|Surging Strikes|p1a: Bronzong\n|-crit|p1a: Bronzong\n|-damage|p1a: Bronzong|15\/100\n|-crit|p1a: Bronzong\n|-damage|p1a: Bronzong|0 fnt\n|faint|p1a: Bronzong\n|-hitcount|p1: Bronzong|2\n|move|p1b: Regidrago|Dragon Dance|p1b: Regidrago\n|-boost|p1b: Regidrago|atk|1\n|-boost|p1b: Regidrago|spe|1\n|move|p2b: Amoonguss|Spore|p1b: Regidrago\n|-status|p1b: Regidrago|slp|[from] move: Spore\n|\n|-sideend|p1: thevoiceswontstop|Reflect\n|upkeep\n|\n|t:|1701029286\n|switch|p1a: Landorus|Landorus-Therian, L50, M, shiny|100\/100\n|-ability|p1a: Landorus|Intimidate|boost\n|-unboost|p2a: Urshifu|atk|1\n|-unboost|p2b: Amoonguss|atk|1\n|turn|6\n|\n|t:|1701029305\n|move|p2b: Amoonguss|Rage Powder|p2b: Amoonguss\n|-singleturn|p2b: Amoonguss|move: Rage Powder\n|cant|p1b: Regidrago|slp\n|move|p1a: Landorus|Swords Dance|p1a: Landorus\n|-boost|p1a: Landorus|atk|2\n|move|p2a: Urshifu|Close Combat|p1b: Regidrago\n|-damage|p1b: Regidrago|48\/100 slp\n|-unboost|p2a: Urshifu|def|1\n|-unboost|p2a: Urshifu|spd|1\n|\n|upkeep\n|turn|7\n|\n|t:|1701029362\n|-terastallize|p1a: Landorus|Electric\n|move|p2b: Amoonguss|Rage Powder|p2b: Amoonguss\n|-singleturn|p2b: Amoonguss|move: Rage Powder\n|cant|p1b: Regidrago|slp\n|move|p1a: Landorus|Tera Blast|p2b: Amoonguss|[anim] Tera Blast Electric\n|-resisted|p2b: Amoonguss\n|-damage|p2b: Amoonguss|48\/100\n|-damage|p1a: Landorus|91\/100|[from] item: Life Orb\n|move|p2a: Urshifu|Close Combat|p1b: Regidrago\n|-crit|p1b: Regidrago\n|-damage|p1b: Regidrago|0 fnt\n|-unboost|p2a: Urshifu|def|1\n|-unboost|p2a: Urshifu|spd|1\n|faint|p1b: Regidrago\n|\n|-sideend|p1: thevoiceswontstop|move: Light Screen\n|upkeep\n|turn|8\n|c|\u2606thevoiceswontstop|u get 1 turn sleep i get full 3 turns sadchamp\n|\n|t:|1701029384\n|move|p2b: Amoonguss|Rage Powder|p2b: Amoonguss\n|-singleturn|p2b: Amoonguss|move: Rage Powder\n|move|p1a: Landorus|Earthquake|p2a: Urshifu|[spread] p2a,p2b\n|-damage|p2a: Urshifu|0 fnt\n|-damage|p2b: Amoonguss|0 fnt\n|faint|p2a: Urshifu\n|faint|p2b: Amoonguss\n|-damage|p1a: Landorus|81\/100|[from] item: Life Orb\n|\n|upkeep\n|\n|t:|1701029392\n|switch|p2a: Fletchinder|Fletchinder, L50, F|57\/100\n|switch|p2b: Orthworm|Orthworm, L50, F|94\/100\n|turn|9\n|\n|t:|1701029438\n|move|p1a: Landorus|Brick Break|p2b: Orthworm\n|-supereffective|p2b: Orthworm\n|-damage|p2b: Orthworm|13\/100\n|-enditem|p2b: Orthworm|Sitrus Berry|[eat]\n|-heal|p2b: Orthworm|38\/100|[from] item: Sitrus Berry\n|-damage|p1a: Landorus|71\/100|[from] item: Life Orb\n|move|p2a: Fletchinder|Tailwind|p2a: Fletchinder\n|-sidestart|p2: donmitchie|move: Tailwind\n|move|p2b: Orthworm|Iron Defense|p2b: Orthworm\n|-boost|p2b: Orthworm|def|2\n|\n|upkeep\n|turn|10\n|\n|t:|1701029452\n|move|p2a: Fletchinder|Will-O-Wisp|p1a: Landorus|[miss]\n|-miss|p2a: Fletchinder|p1a: Landorus\n|move|p2b: Orthworm|Body Press|p1a: Landorus\n|-damage|p1a: Landorus|0 fnt\n|faint|p1a: Landorus\n|\n|win|donmitchie\n|c|\u2606thevoiceswontstop|ahhh\n|c|\u2606thevoiceswontstop|gg\n|c|\u2606thevoiceswontstop|close\n|c|\u2606donmitchie|gg\n|c|\u2606thevoiceswontstop|wait where tf is the bo3\n","uploadtime":1701029474,"views":9,"p1id":"thevoiceswontstop","p2id":"donmitchie","formatid":"gen9vgc2023regulatione","rating":0,"private":0,"password":""}