{"id":"gen9vgc2023regulatione-1992047020","p1":"Ghostbiker603","p2":"edboiVGC","format":"[Gen 9] VGC 2023 Regulation E","log":"|j|\u2606Ghostbiker603\n|j|\u2606edboiVGC\n|t:|1700150625\n|gametype|doubles\n|player|p1|Ghostbiker603|n|1299\n|player|p2|edboiVGC|guitarist|1290\n|teamsize|p1|6\n|teamsize|p2|6\n|gen|9\n|tier|[Gen 9] VGC 2023 Regulation E\n|rated|\n|rule|Species Clause: Limit one of each Pok\u00e9mon\n|rule|Item Clause: Limit one of each item\n|clearpoke\n|poke|p1|Slowking-Galar, L50, M|\n|poke|p1|Cetitan, L50, M|\n|poke|p1|Sinistcha-Masterpiece, L50|\n|poke|p1|Sylveon, L50, M|\n|poke|p1|Regidrago, L50|\n|poke|p1|Empoleon, L50, M|\n|poke|p2|Tornadus, L50, M|\n|poke|p2|Urshifu-*, L50, F|\n|poke|p2|Landorus-Therian, L50, M|\n|poke|p2|Flutter Mane, L50|\n|poke|p2|Clefairy, L50, F|\n|poke|p2|Gothitelle, L50, F|\n|teampreview|4\n|inactive|Battle timer is ON: inactive players will automatically lose when time's up. (requested by Ghostbiker603)\nedboiVGC has agreed to open team sheets.\n|inactive|edboiVGC has 60 seconds left.\nGhostbiker603 rejected open team sheets.\n|\n|t:|1700150661\n|start\n|switch|p1a: Unhurried Leader|Slowking-Galar, L50, M, shiny|100\/100\n|switch|p1b: Polteageist 2|Sinistcha-Masterpiece, L50, shiny|100\/100\n|switch|p2a: Flutter Mane|Flutter Mane, L50|100\/100\n|switch|p2b: Gothitelle|Gothitelle, L50, F|100\/100\n|-enditem|p2a: Flutter Mane|Booster Energy\n|-activate|p2a: Flutter Mane|ability: Protosynthesis|[fromitem]\n|-start|p2a: Flutter Mane|protosynthesisspe\n|turn|1\n|\n|t:|1700150678\n|move|p2b: Gothitelle|Fake Out|p1a: Unhurried Leader\n|-damage|p1a: Unhurried Leader|96\/100\n|move|p2a: Flutter Mane|Shadow Ball|p1b: Polteageist 2\n|-supereffective|p1b: Polteageist 2\n|-damage|p1b: Polteageist 2|9\/100\n|move|p1b: Polteageist 2|Matcha Gotcha|p2b: Gothitelle|[spread] p2a,p2b\n|-crit|p2b: Gothitelle\n|-damage|p2a: Flutter Mane|81\/100\n|-heal|p1b: Polteageist 2|20\/100|[from] drain|[of] p2a: Flutter Mane\n|-damage|p2b: Gothitelle|67\/100\n|-heal|p1b: Polteageist 2|40\/100|[from] drain|[of] p2b: Gothitelle\n|cant|p1a: Unhurried Leader|flinch\n|\n|upkeep\n|turn|2\n|inactive|edboiVGC has 30 seconds left.\n|\n|t:|1700150709\n|switch|p1b: Tuxedo Penguin|Empoleon, L50, M, shiny|100\/100\n|move|p2a: Flutter Mane|Shadow Ball|p1b: Tuxedo Penguin\n|-damage|p1b: Tuxedo Penguin|67\/100\n|move|p2b: Gothitelle|Psychic|p1a: Unhurried Leader\n|-damage|p1a: Unhurried Leader|72\/100\n|move|p1a: Unhurried Leader|Trick Room|p1a: Unhurried Leader\n|-fieldstart|move: Trick Room|[of] p1a: Unhurried Leader\n|\n|-heal|p1b: Tuxedo Penguin|72\/100|[from] item: Leftovers\n|upkeep\n|turn|3\n|\n|t:|1700150728\n|move|p2a: Flutter Mane|Protect|p2a: Flutter Mane\n|-singleturn|p2a: Flutter Mane|Protect\n|move|p1a: Unhurried Leader|Acid Spray|p2b: Gothitelle\n|-damage|p2b: Gothitelle|54\/100\n|-unboost|p2b: Gothitelle|spd|2\n|move|p1b: Tuxedo Penguin|Flash Cannon|p2a: Flutter Mane\n|-activate|p2a: Flutter Mane|move: Protect\n|move|p2b: Gothitelle|Trick Room|p2b: Gothitelle\n|-fieldend|move: Trick Room\n|\n|-heal|p1b: Tuxedo Penguin|78\/100|[from] item: Leftovers\n|upkeep\n|turn|4\n|inactive|Ghostbiker603 has 30 seconds left.\n|inactive|edboiVGC has 30 seconds left.\n|\n|t:|1700150756\n|move|p2b: Gothitelle|Protect|p2b: Gothitelle\n|-singleturn|p2b: Gothitelle|Protect\n|move|p2a: Flutter Mane|Perish Song|p2a: Flutter Mane\n|-start|p1a: Unhurried Leader|perish3|[silent]\n|-start|p1b: Tuxedo Penguin|perish3|[silent]\n|-start|p2a: Flutter Mane|perish3|[silent]\n|-start|p2b: Gothitelle|perish3|[silent]\n|-fieldactivate|move: Perish Song\n|move|p1b: Tuxedo Penguin|Chilling Water|p2b: Gothitelle\n|-activate|p2b: Gothitelle|move: Protect\n|move|p1a: Unhurried Leader|Trick Room|p1a: Unhurried Leader\n|-fieldstart|move: Trick Room|[of] p1a: Unhurried Leader\n|\n|-heal|p1b: Tuxedo Penguin|84\/100|[from] item: Leftovers\n|-start|p1a: Unhurried Leader|perish3\n|-start|p1b: Tuxedo Penguin|perish3\n|-start|p2b: Gothitelle|perish3\n|-start|p2a: Flutter Mane|perish3\n|upkeep\n|turn|5\n|\n|t:|1700150777\n|-terastallize|p2b: Gothitelle|Water\n|move|p2a: Flutter Mane|Protect|p2a: Flutter Mane\n|-singleturn|p2a: Flutter Mane|Protect\n|move|p1a: Unhurried Leader|Acid Spray|p2a: Flutter Mane\n|-activate|p2a: Flutter Mane|move: Protect\n|move|p1b: Tuxedo Penguin|Chilling Water|p2b: Gothitelle\n|-resisted|p2b: Gothitelle\n|-damage|p2b: Gothitelle|30\/100\n|-unboost|p2b: Gothitelle|atk|1\n|-enditem|p2b: Gothitelle|Sitrus Berry|[eat]\n|-heal|p2b: Gothitelle|55\/100|[from] item: Sitrus Berry\n|move|p2b: Gothitelle|Trick Room|p2b: Gothitelle\n|-fieldend|move: Trick Room\n|\n|-heal|p1b: Tuxedo Penguin|89\/100|[from] item: Leftovers\n|-start|p2a: Flutter Mane|perish2\n|-start|p2b: Gothitelle|perish2\n|-start|p1b: Tuxedo Penguin|perish2\n|-start|p1a: Unhurried Leader|perish2\n|upkeep\n|turn|6\n|inactive|Ghostbiker603 has 30 seconds left.\n|inactive|edboiVGC has 30 seconds left.\n|\n|t:|1700150810\n|move|p2b: Gothitelle|Protect|p2b: Gothitelle\n|-singleturn|p2b: Gothitelle|Protect\n|move|p2a: Flutter Mane|Shadow Ball|p1a: Unhurried Leader\n|-supereffective|p1a: Unhurried Leader\n|-damage|p1a: Unhurried Leader|12\/100\n|move|p1b: Tuxedo Penguin|Flash Cannon|p2b: Gothitelle\n|-activate|p2b: Gothitelle|move: Protect\n|move|p1a: Unhurried Leader|Eerie Spell|p2b: Gothitelle\n|-activate|p2b: Gothitelle|move: Protect\n|\n|-heal|p1b: Tuxedo Penguin|95\/100|[from] item: Leftovers\n|-start|p2a: Flutter Mane|perish1\n|-start|p2b: Gothitelle|perish1\n|-start|p1b: Tuxedo Penguin|perish1\n|-start|p1a: Unhurried Leader|perish1\n|upkeep\n|turn|7\n|inactive|Ghostbiker603 has 30 seconds left.\n|\n|t:|1700150837\n|-end|p2a: Flutter Mane|Protosynthesis|[silent]\n|switch|p2a: Urshifu|Urshifu-Rapid-Strike, L50, F|100\/100\n|switch|p2b: Pok\u00e9 Doll|Clefairy, L50, F, shiny|100\/100\n|move|p1b: Tuxedo Penguin|Flash Cannon|p2b: Pok\u00e9 Doll\n|-supereffective|p2b: Pok\u00e9 Doll\n|-damage|p2b: Pok\u00e9 Doll|30\/100\n|move|p1a: Unhurried Leader|Eerie Spell|p2b: Pok\u00e9 Doll\n|-damage|p2b: Pok\u00e9 Doll|6\/100\n|\n|-heal|p1b: Tuxedo Penguin|100\/100|[from] item: Leftovers\n|-start|p1b: Tuxedo Penguin|perish0\n|-start|p1a: Unhurried Leader|perish0\n|upkeep\n|faint|p1b: Tuxedo Penguin\n|faint|p1a: Unhurried Leader\n|\n|t:|1700150852\n|switch|p1b: Polteageist 2|Sinistcha-Masterpiece, L50, shiny|40\/100\n|switch|p1a: Fairy Dog Thing|Sylveon, L50, M, shiny|100\/100\n|turn|8\n|\n|t:|1700150868\n|move|p2b: Pok\u00e9 Doll|Protect|p2b: Pok\u00e9 Doll\n|-singleturn|p2b: Pok\u00e9 Doll|Protect\n|move|p2a: Urshifu|Substitute|p2a: Urshifu\n|-start|p2a: Urshifu|Substitute\n|-damage|p2a: Urshifu|75\/100\n|move|p1b: Polteageist 2|Matcha Gotcha|p2b: Pok\u00e9 Doll|[spread] p2a\n|-activate|p2b: Pok\u00e9 Doll|move: Protect\n|-supereffective|p2a: Urshifu\n|-end|p2a: Urshifu|Substitute\n|-heal|p1b: Polteageist 2|56\/100|[from] drain|[of] p2a: Urshifu\n|move|p1a: Fairy Dog Thing|Hyper Voice|p2a: Urshifu|[spread] p2a\n|-activate|p2b: Pok\u00e9 Doll|move: Protect\n|-supereffective|p2a: Urshifu\n|-damage|p2a: Urshifu|16\/100\n|-enditem|p1a: Fairy Dog Thing|Throat Spray\n|-boost|p1a: Fairy Dog Thing|spa|1|[from] item: Throat Spray\n|\n|upkeep\n|turn|9\n|inactive|edboiVGC has 30 seconds left.\n|\n|t:|1700150895\n|move|p2b: Pok\u00e9 Doll|Helping Hand|p2a: Urshifu\n|-singleturn|p2a: Urshifu|Helping Hand|[of] p2b: Pok\u00e9 Doll\n|move|p2a: Urshifu|Surging Strikes|p1a: Fairy Dog Thing\n|-crit|p1a: Fairy Dog Thing\n|-damage|p1a: Fairy Dog Thing|74\/100\n|-crit|p1a: Fairy Dog Thing\n|-damage|p1a: Fairy Dog Thing|46\/100\n|-crit|p1a: Fairy Dog Thing\n|-damage|p1a: Fairy Dog Thing|14\/100\n|-hitcount|p1a: Fairy Dog Thing|3\n|-heal|p2a: Urshifu|27\/100|[from] item: Shell Bell|[of] p1a: Fairy Dog Thing\n|move|p1b: Polteageist 2|Matcha Gotcha|p2b: Pok\u00e9 Doll|[spread] p2a,p2b\n|-supereffective|p2a: Urshifu\n|-damage|p2a: Urshifu|0 fnt\n|-heal|p1b: Polteageist 2|74\/100|[from] drain|[of] p2a: Urshifu\n|-damage|p2b: Pok\u00e9 Doll|0 fnt\n|-heal|p1b: Polteageist 2|77\/100|[from] drain|[of] p2b: Pok\u00e9 Doll\n|faint|p2a: Urshifu\n|faint|p2b: Pok\u00e9 Doll\n|move|p1a: Fairy Dog Thing|Hyper Voice|p2: Urshifu|[notarget]\n|-fail|p1a: Fairy Dog Thing\n|\n|upkeep\n|\n|t:|1700150910\n|switch|p2a: Flutter Mane|Flutter Mane, L50|81\/100\n|switch|p2b: Gothitelle|Gothitelle, L50, F, tera:Water|55\/100\n|turn|10\n|\n|t:|1700150922\n|move|p1a: Fairy Dog Thing|Detect|p1a: Fairy Dog Thing\n|-singleturn|p1a: Fairy Dog Thing|Protect\n|move|p2b: Gothitelle|Fake Out|p1a: Fairy Dog Thing\n|-activate|p1a: Fairy Dog Thing|move: Protect\n|move|p2a: Flutter Mane|Shadow Ball|p1b: Polteageist 2\n|-supereffective|p1b: Polteageist 2\n|-damage|p1b: Polteageist 2|0 fnt\n|faint|p1b: Polteageist 2\n|\n|upkeep\n|turn|11\n|\n|t:|1700150936\n|-terastallize|p1a: Fairy Dog Thing|Fire\n|move|p2b: Gothitelle|Protect|p2b: Gothitelle\n|-singleturn|p2b: Gothitelle|Protect\n|move|p2a: Flutter Mane|Moonblast|p1a: Fairy Dog Thing\n|-resisted|p1a: Fairy Dog Thing\n|-damage|p1a: Fairy Dog Thing|0 fnt\n|faint|p1a: Fairy Dog Thing\n|\n|win|edboiVGC\n|raw|Ghostbiker603's rating: 1299 &rarr; <strong>1273<\/strong><br \/>(-26 for losing)\n|raw|edboiVGC's rating: 1290 &rarr; <strong>1316<\/strong><br \/>(+26 for winning)\n","uploadtime":1700150947,"views":21,"p1id":"ghostbiker603","p2id":"edboivgc","formatid":"gen9vgc2023regulatione","rating":1273,"private":0,"password":""}