{"id":"gen9vgc2023regulatione-1990630295","p1":"YisusSob","p2":"galar gal","format":"[Gen 9] VGC 2023 Regulation E","log":"|j|\u2606YisusSob\n|j|\u2606galar gal\n|t:|1699987129\n|gametype|doubles\n|player|p1|YisusSob|backpacker|1094\n|player|p2|galar gal|bianca|1169\n|teamsize|p1|6\n|teamsize|p2|6\n|gen|9\n|tier|[Gen 9] VGC 2023 Regulation E\n|rated|\n|rule|Species Clause: Limit one of each Pok\u00e9mon\n|rule|Item Clause: Limit one of each item\n|clearpoke\n|poke|p1|Gliscor, L50, F|\n|poke|p1|Ogerpon-Wellspring, L50, F|\n|poke|p1|Flutter Mane, L50|\n|poke|p1|Arcanine-Hisui, L50, F|\n|poke|p1|Iron Hands, L50|\n|poke|p1|Sableye, L50, F|\n|poke|p2|Regieleki, L50|\n|poke|p2|Urshifu-*, L50, F|\n|poke|p2|Rillaboom, L50, M|\n|poke|p2|Spectrier, L50|\n|poke|p2|Grimmsnarl, L50, M|\n|poke|p2|Cinderace, L50, F|\n|teampreview|4\n|inactive|Battle timer is ON: inactive players will automatically lose when time's up. (requested by galar gal)\n|inactive|galar gal has 60 seconds left.\n|inactive|galar gal has 30 seconds left.\n|inactive|galar gal has 20 seconds left.\n|inactive|galar gal has 15 seconds left.\n|inactive|galar gal has 10 seconds left.\n|inactive|galar gal has 5 seconds left.\n|\n|t:|1699987216\n|start\n|switch|p1a: Gliscor|Gliscor, L50, F|100\/100\n|switch|p1b: Arcanine|Arcanine-Hisui, L50, F|100\/100\n|switch|p2a: Spectrier|Spectrier, L50|100\/100\n|switch|p2b: Regieleki|Regieleki, L50|100\/100\n|-ability|p1b: Arcanine|Intimidate|boost\n|-unboost|p2a: Spectrier|atk|1\n|-unboost|p2b: Regieleki|atk|1\n|turn|1\n|\n|t:|1699987240\n|move|p2b: Regieleki|Protect|p2b: Regieleki\n|-singleturn|p2b: Regieleki|Protect\n|move|p2a: Spectrier|Will-O-Wisp|p1a: Gliscor\n|-status|p1a: Gliscor|brn\n|move|p1b: Arcanine|Flare Blitz|p2a: Spectrier\n|-damage|p2a: Spectrier|0 fnt\n|faint|p2a: Spectrier\n|-damage|p1b: Arcanine|65\/100|[from] Recoil\n|move|p1a: Gliscor|Swords Dance|p1a: Gliscor\n|-boost|p1a: Gliscor|atk|2\n|\n|-damage|p1a: Gliscor|94\/100 brn|[from] brn\n|upkeep\n|\n|t:|1699987254\n|switch|p2a: Urshifu|Urshifu-Rapid-Strike, L50, F|100\/100\n|turn|2\n|\n|t:|1699987274\n|switch|p1b: Ogerpon|Ogerpon-Wellspring, L50, F|100\/100\n|-terastallize|p2b: Regieleki|Ice\n|move|p2a: Urshifu|Aqua Jet|p1b: Ogerpon\n|-immune|p1b: Ogerpon|[from] ability: Water Absorb\n|move|p2b: Regieleki|Tera Blast|p1a: Gliscor|[anim] Tera Blast Ice\n|-supereffective|p1a: Gliscor\n|-damage|p1a: Gliscor|0 fnt\n|faint|p1a: Gliscor\n|\n|upkeep\n|\n|t:|1699987291\n|switch|p1a: Arcanine|Arcanine-Hisui, L50, F|65\/100\n|-ability|p1a: Arcanine|Intimidate|boost\n|-unboost|p2a: Urshifu|atk|1\n|-unboost|p2b: Regieleki|atk|1\n|turn|3\n|\n|t:|1699987313\n|switch|p1b: Iron Hands|Iron Hands, L50|100\/100\n|-terastallize|p1a: Arcanine|Fairy\n|move|p2a: Urshifu|Detect|p2a: Urshifu\n|-singleturn|p2a: Urshifu|Protect\n|move|p2b: Regieleki|Electroweb|p1a: Arcanine|[spread] p1a,p1b\n|-resisted|p1b: Iron Hands\n|-damage|p1a: Arcanine|36\/100\n|-damage|p1b: Iron Hands|94\/100\n|-unboost|p1a: Arcanine|spe|1\n|-unboost|p1b: Iron Hands|spe|1\n|move|p1a: Arcanine|Tera Blast|p2a: Urshifu|[anim] Tera Blast Fairy\n|-activate|p2a: Urshifu|move: Protect\n|\n|upkeep\n|turn|4\n|inactive|galar gal has 30 seconds left.\n|\n|t:|1699987339\n|switch|p2a: Cinderace|Cinderace, L50, F|100\/100\n|move|p1b: Iron Hands|Fake Out|p2b: Regieleki\n|-damage|p2b: Regieleki|69\/100\n|cant|p2b: Regieleki|flinch\n|move|p1a: Arcanine|Tera Blast|p2a: Cinderace|[anim] Tera Blast Fairy\n|-resisted|p2a: Cinderace\n|-damage|p2a: Cinderace|53\/100\n|\n|upkeep\n|turn|5\n|inactive|galar gal has 30 seconds left.\n|\n|t:|1699987367\n|switch|p1a: Ogerpon|Ogerpon-Wellspring, L50, F|100\/100\n|move|p2b: Regieleki|Thunderbolt|p1a: Ogerpon\n|-damage|p1a: Ogerpon|42\/100\n|-status|p1a: Ogerpon|par\n|move|p2a: Cinderace|Pyro Ball|p1b: Iron Hands\n|-damage|p1b: Iron Hands|55\/100\n|move|p1b: Iron Hands|Drain Punch|p2b: Regieleki\n|-supereffective|p2b: Regieleki\n|-damage|p2b: Regieleki|0 fnt\n|-heal|p1b: Iron Hands|77\/100|[from] drain|[of] p2b: Regieleki\n|faint|p2b: Regieleki\n|\n|upkeep\n|\n|t:|1699987378\n|switch|p2b: Urshifu|Urshifu-Rapid-Strike, L50, F|100\/100\n|turn|6\n|\n|t:|1699987400\n|move|p2a: Cinderace|Pyro Ball|p1a: Ogerpon\n|-damage|p1a: Ogerpon|0 fnt\n|faint|p1a: Ogerpon\n|move|p2b: Urshifu|Surging Strikes|p1b: Iron Hands\n|-crit|p1b: Iron Hands\n|-damage|p1b: Iron Hands|59\/100\n|-crit|p1b: Iron Hands\n|-damage|p1b: Iron Hands|39\/100\n|-crit|p1b: Iron Hands\n|-damage|p1b: Iron Hands|19\/100\n|-hitcount|p1b: Iron Hands|3\n|move|p1b: Iron Hands|Wild Charge|p2b: Urshifu\n|-supereffective|p2b: Urshifu\n|-damage|p2b: Urshifu|0 fnt\n|faint|p2b: Urshifu\n|-damage|p1b: Iron Hands|0 fnt|[from] Recoil\n|faint|p1b: Iron Hands\n|-end|p1b: Iron Hands|Quark Drive|[silent]\n|\n|upkeep\n|\n|t:|1699987418\n|switch|p1a: Arcanine|Arcanine-Hisui, L50, F, tera:Fairy|36\/100\n|-ability|p1a: Arcanine|Intimidate|boost\n|-unboost|p2a: Cinderace|atk|1\n|turn|7\n|\n|t:|1699987440\n|move|p1a: Arcanine|Extreme Speed|p2a: Cinderace\n|-damage|p2a: Cinderace|0 fnt\n|faint|p2a: Cinderace\n|\n|win|YisusSob\n|raw|YisusSob's rating: 1094 &rarr; <strong>1125<\/strong><br \/>(+31 for winning)\n|raw|galar gal's rating: 1169 &rarr; <strong>1139<\/strong><br \/>(-30 for losing)\n|l|\u2606galar gal\n","uploadtime":1699987447,"views":9,"p1id":"yisussob","p2id":"galargal","formatid":"gen9vgc2023regulatione","rating":1125,"private":0,"password":""}