{"id":"gen9vgc2023regulatione-1988130744","p1":"gravitydragon","p2":"RealestYuan","format":"[Gen 9] VGC 2023 Regulation E","log":"|j|\u2606gravitydragon\n|j|\u2606RealestYuan\n|t:|1699673389\n|gametype|doubles\n|player|p1|gravitydragon|shadowtriad|1071\n|player|p2|RealestYuan|101|1000\n|teamsize|p1|6\n|teamsize|p2|6\n|gen|9\n|tier|[Gen 9] VGC 2023 Regulation E\n|rated|\n|rule|Species Clause: Limit one of each Pok\u00e9mon\n|rule|Item Clause: Limit one of each item\n|clearpoke\n|poke|p1|Chien-Pao, L50|\n|poke|p1|Cresselia, L50, F|\n|poke|p1|Heatran, L50, F|\n|poke|p1|Tornadus, L50, M|\n|poke|p1|Urshifu-*, L50, M|\n|poke|p1|Ursaluna, L50, F|\n|poke|p2|Arcanine-Hisui, L50, F|\n|poke|p2|Chien-Pao, L50|\n|poke|p2|Iron Moth, L50|\n|poke|p2|Amoonguss, L50, M|\n|poke|p2|Tornadus, L50, M|\n|poke|p2|Flutter Mane, L50|\n|teampreview|4\n|\n|t:|1699673420\n|start\n|switch|p1a: Tornadus|Tornadus, L50, M|100\/100\n|switch|p1b: Urshifu|Urshifu-Rapid-Strike, L50, M|100\/100\n|switch|p2a: Arcanine|Arcanine-Hisui, L50, F|100\/100\n|switch|p2b: Chien-Pao|Chien-Pao, L50|100\/100\n|-ability|p2b: Chien-Pao|Sword of Ruin\n|-ability|p2a: Arcanine|Intimidate|boost\n|-unboost|p1a: Tornadus|atk|1\n|-unboost|p1b: Urshifu|atk|1\n|turn|1\n|\n|t:|1699673466\n|-terastallize|p2a: Arcanine|Normal\n|move|p2a: Arcanine|Extreme Speed|p1b: Urshifu\n|-damage|p1b: Urshifu|22\/100\n|move|p2b: Chien-Pao|Sacred Sword|p1b: Urshifu\n|-damage|p1b: Urshifu|0 fnt\n|faint|p1b: Urshifu\n|move|p1a: Tornadus|Bleakwind Storm|p2a: Arcanine|[spread] p2a,p2b\n|-damage|p2a: Arcanine|58\/100\n|-damage|p2b: Chien-Pao|51\/100\n|-unboost|p2a: Arcanine|spe|1\n|\n|upkeep\n|\n|t:|1699673486\n|switch|p1b: Cresselia|Cresselia, L50, F, shiny|100\/100\n|turn|2\n|\n|t:|1699673492\n|move|p2a: Arcanine|Extreme Speed|p1a: Tornadus\n|-damage|p1a: Tornadus|21\/100\n|move|p2b: Chien-Pao|Icicle Crash|p1a: Tornadus\n|-supereffective|p1a: Tornadus\n|-damage|p1a: Tornadus|0 fnt\n|faint|p1a: Tornadus\n|move|p1b: Cresselia|Trick Room|p1b: Cresselia\n|-fieldstart|move: Trick Room|[of] p1b: Cresselia\n|\n|upkeep\n|\n|t:|1699673500\n|switch|p1a: Ursaluna|Ursaluna, L50, F, shiny|100\/100\n|turn|3\n|\n|t:|1699673528\n|switch|p2a: Amoonguss|Amoonguss, L50, M|100\/100\n|-terastallize|p1a: Ursaluna|Ghost\n|move|p2b: Chien-Pao|Protect|p2b: Chien-Pao\n|-singleturn|p2b: Chien-Pao|Protect\n|move|p1a: Ursaluna|Earthquake|p2a: Amoonguss|[spread] p2a\n|-activate|p2b: Chien-Pao|move: Protect\n|-immune|p1b: Cresselia|[from] ability: Levitate\n|-damage|p2a: Amoonguss|46\/100\n|move|p1b: Cresselia|Lunar Blessing||[still]|[spread] \n|-fail|p1b: Cresselia\n|\n|-heal|p2a: Amoonguss|52\/100|[from] item: Leftovers\n|-status|p1a: Ursaluna|brn|[from] item: Flame Orb\n|upkeep\n|turn|4\n|\n|t:|1699673566\n|move|p2b: Chien-Pao|Sucker Punch|p1a: Ursaluna\n|-supereffective|p1a: Ursaluna\n|-damage|p1a: Ursaluna|27\/100 brn\n|move|p2a: Amoonguss|Pollen Puff|p2b: Chien-Pao\n|-heal|p2b: Chien-Pao|100\/100\n|move|p1a: Ursaluna|Earthquake|p2a: Amoonguss|[spread] p2a,p2b\n|-immune|p1b: Cresselia|[from] ability: Levitate\n|-damage|p2a: Amoonguss|0 fnt\n|-damage|p2b: Chien-Pao|22\/100\n|faint|p2a: Amoonguss\n|move|p1b: Cresselia|Psychic|p2b: Chien-Pao\n|-immune|p2b: Chien-Pao\n|\n|-damage|p1a: Ursaluna|21\/100 brn|[from] brn\n|upkeep\n|\n|t:|1699673582\n|switch|p2a: Arcanine|Arcanine-Hisui, L50, F, tera:Normal|58\/100\n|-ability|p2a: Arcanine|Intimidate|boost\n|-unboost|p1a: Ursaluna|atk|1\n|-unboost|p1b: Cresselia|atk|1\n|turn|5\n|\n|t:|1699673594\n|move|p1a: Ursaluna|Protect|p1a: Ursaluna\n|-singleturn|p1a: Ursaluna|Protect\n|move|p2b: Chien-Pao|Sucker Punch||[still]\n|-fail|p2b: Chien-Pao\n|move|p1b: Cresselia|Lunar Blessing|p1b: Cresselia|[spread] p1a,p1b\n|-heal|p1a: Ursaluna|46\/100 brn\n|-curestatus|p1a: Ursaluna|brn|[msg]\n|move|p2a: Arcanine|Rock Slide|p1a: Ursaluna|[spread] p1b\n|-activate|p1a: Ursaluna|move: Protect\n|-damage|p1b: Cresselia|70\/100\n|\n|-status|p1a: Ursaluna|brn|[from] item: Flame Orb\n|upkeep\n|turn|6\n|\n|t:|1699673615\n|move|p2b: Chien-Pao|Sucker Punch|p1a: Ursaluna\n|-supereffective|p1a: Ursaluna\n|-crit|p1a: Ursaluna\n|-damage|p1a: Ursaluna|0 fnt\n|faint|p1a: Ursaluna\n|move|p1b: Cresselia|Psychic|p2a: Arcanine\n|-damage|p2a: Arcanine|27\/100\n|move|p2a: Arcanine|Rock Slide|p1b: Cresselia\n|-damage|p1b: Cresselia|30\/100\n|\n|-fieldend|move: Trick Room\n|upkeep\n|turn|7\n|\n|t:|1699673625\n|move|p2b: Chien-Pao|Icicle Crash|p1b: Cresselia\n|-damage|p1b: Cresselia|0 fnt\n|faint|p1b: Cresselia\n|\n|win|RealestYuan\n|raw|gravitydragon's rating: 1071 &rarr; <strong>1046<\/strong><br \/>(-25 for losing)\n|raw|RealestYuan's rating: 1000 &rarr; <strong>1048<\/strong><br \/>(+48 for winning)\n|l|\u2606gravitydragon\n","uploadtime":1699673637,"views":33,"p1id":"gravitydragon","p2id":"realestyuan","formatid":"gen9vgc2023regulatione","rating":1046,"private":0,"password":""}