{"id":"gen9vgc2023regulatione-1993589893","p1":"Kiwisaft","p2":"Isebbi","format":"[Gen 9] VGC 2023 Regulation E","log":"|j|\u2606Kiwisaft\n|j|\u2606Isebbi\n|n|\u2606Kiwisaft|kiwisaft\n|n|\u2606Isebbi|isebbi\n|html|View the match progress at <a href=\"\/game-bestof3-gen9vgc2023regulatione-1993589892\">game-bestof3-gen9vgc2023regulatione-1993589892<\/a>\n|t:|1700335016\n|gametype|doubles\n|player|p1|Kiwisaft|1|\n|player|p2|Isebbi|101|\n|teamsize|p1|6\n|teamsize|p2|6\n|gen|9\n|tier|[Gen 9] VGC 2023 Regulation E\n|rule|Species Clause: Limit one of each Pok\u00e9mon\n|rule|Item Clause: Limit one of each item\n|clearpoke\n|poke|p1|Tornadus, L50, M|\n|poke|p1|Landorus-Therian, L50, M|\n|poke|p1|Flutter Mane, L50|\n|poke|p1|Kingambit, L50, M|\n|poke|p1|Iron Hands, L50|\n|poke|p1|Ogerpon-Hearthflame, L50, F|\n|poke|p2|Landorus-Therian, L50, M|\n|poke|p2|Iron Hands, L50|\n|poke|p2|Flutter Mane, L50|\n|poke|p2|Urshifu-*, L50, M|\n|poke|p2|Ogerpon-Hearthflame, L50, F|\n|poke|p2|Amoonguss, L50, F|\n|teampreview|4\nKiwisaft has agreed to open team sheets.\nIsebbi has agreed to open team sheets.\n|showteam|p1|Tornadus||MentalHerb|Prankster|BleakwindStorm,Taunt,Tailwind,SunnyDay|||M|||50|,,,,,Ghost]Landorus-Therian||ChoiceScarf|Intimidate|StompingTantrum,TeraBlast,RockSlide,Uturn|||M|||50|,,,,,Flying]Flutter Mane||ChoiceSpecs|Protosynthesis|Moonblast,DazzlingGleam,ShadowBall,MysticalFire||||||50|,,,,,Fairy]Kingambit||BlackGlasses|Defiant|KowtowCleave,SuckerPunch,Protect,SwordsDance|||M|||50|,,,,,Dark]Iron Hands||AssaultVest|QuarkDrive|DrainPunch,WildCharge,FakeOut,HeavySlam||||||50|,,,,,Fire]Ogerpon-Hearthflame||HearthflameMask|MoldBreaker|IvyCudgel,HornLeech,SpikyShield,FollowMe|||F|||50|,,,,,Fire\n|showteam|p2|Landorus-Therian||ChoiceScarf|Intimidate|TeraBlast,Uturn,StompingTantrum,RockSlide|||M|||50|,,,,,Flying]Iron Hands||AssaultVest|QuarkDrive|VoltSwitch,DrainPunch,WildCharge,FakeOut||||||50|,,,,,Fire]Flutter Mane||BoosterEnergy|Protosynthesis|Moonblast,ShadowBall,DazzlingGleam,Protect||||||50|,,,,,Fairy]Urshifu-Rapid-Strike||SafetyGoggles|UnseenFist|SurgingStrikes,CloseCombat,AquaJet,Detect|||M|||50|,,,,,Water]Ogerpon-Hearthflame||HearthflameMask|MoldBreaker|IvyCudgel,WoodHammer,SpikyShield,SwordsDance|||F|||50|,,,,,Fire]Amoonguss||IronBall|Regenerator|RagePowder,PollenPuff,Spore,Protect|||F|||50|,,,,,Dragon\n|c|\u2606Kiwisaft|Okay ready?\n|inactive|Battle timer is ON: inactive players will automatically lose when time's up. (requested by Kiwisaft)\n|\n|t:|1700335077\n|start\n|switch|p1a: Tornadus|Tornadus, L50, M|100\/100\n|switch|p1b: Landorus|Landorus-Therian, L50, M|100\/100\n|switch|p2a: Flutter Mane|Flutter Mane, L50|100\/100\n|switch|p2b: Iron Hands|Iron Hands, L50|100\/100\n|-ability|p1b: Landorus|Intimidate|boost\n|-unboost|p2a: Flutter Mane|atk|1\n|-unboost|p2b: Iron Hands|atk|1\n|-enditem|p2a: Flutter Mane|Booster Energy\n|-activate|p2a: Flutter Mane|ability: Protosynthesis|[fromitem]\n|-start|p2a: Flutter Mane|protosynthesisspe\n|turn|1\n|\n|t:|1700335100\n|-terastallize|p2a: Flutter Mane|Fairy\n|move|p2b: Iron Hands|Fake Out|p1b: Landorus\n|-damage|p1b: Landorus|91\/100\n|move|p1a: Tornadus|Tailwind|p1a: Tornadus\n|-sidestart|p1: Kiwisaft|move: Tailwind\n|cant|p1b: Landorus|flinch\n|move|p2a: Flutter Mane|Moonblast|p1a: Tornadus\n|-damage|p1a: Tornadus|21\/100\n|\n|upkeep\n|turn|2\n|\n|t:|1700335120\n|move|p2a: Flutter Mane|Protect|p2a: Flutter Mane\n|-singleturn|p2a: Flutter Mane|Protect\n|move|p1b: Landorus|Stomping Tantrum|p2b: Iron Hands\n|-supereffective|p2b: Iron Hands\n|-damage|p2b: Iron Hands|0 fnt\n|faint|p2b: Iron Hands\n|-end|p2b: Iron Hands|Quark Drive|[silent]\n|move|p1a: Tornadus|Bleakwind Storm|p2a: Flutter Mane\n|-activate|p2a: Flutter Mane|move: Protect\n|\n|upkeep\n|\n|t:|1700335133\n|switch|p2b: Ogerpon|Ogerpon-Hearthflame, L50, F|100\/100\n|-ability|p2b: Ogerpon|Mold Breaker\n|turn|3\n|\n|t:|1700335144\n|switch|p1b: Ogerpon|Ogerpon-Hearthflame, L50, F|100\/100\n|-ability|p1b: Ogerpon|Mold Breaker\n|-end|p2a: Flutter Mane|Protosynthesis|[silent]\n|switch|p2a: Amoonguss|Amoonguss, L50, F|100\/100\n|move|p2b: Ogerpon|Spiky Shield|p2b: Ogerpon\n|-singleturn|p2b: Ogerpon|move: Protect\n|move|p1a: Tornadus|Bleakwind Storm|p2b: Ogerpon|[spread] p2a\n|-activate|p2b: Ogerpon|move: Protect\n|-supereffective|p2a: Amoonguss\n|-damage|p2a: Amoonguss|43\/100\n|\n|upkeep\n|turn|4\n|\n|t:|1700335166\n|switch|p1a: Landorus|Landorus-Therian, L50, M|91\/100\n|-ability|p1a: Landorus|Intimidate|boost\n|-unboost|p2a: Amoonguss|atk|1\n|-unboost|p2b: Ogerpon|atk|1\n|move|p1b: Ogerpon|Spiky Shield|p1b: Ogerpon\n|-singleturn|p1b: Ogerpon|move: Protect\n|move|p2a: Amoonguss|Rage Powder|p2a: Amoonguss\n|-singleturn|p2a: Amoonguss|move: Rage Powder\n|move|p2b: Ogerpon|Ivy Cudgel|p1a: Landorus|[anim] Ivy Cudgel Fire\n|-damage|p1a: Landorus|37\/100\n|\n|-sideend|p1: Kiwisaft|move: Tailwind\n|upkeep\n|turn|5\n|\n|t:|1700335185\n|switch|p2a: Flutter Mane|Flutter Mane, L50, tera:Fairy|100\/100\n|move|p2b: Ogerpon|Spiky Shield|p2b: Ogerpon\n|-singleturn|p2b: Ogerpon|move: Protect\n|move|p1a: Landorus|Rock Slide|p2b: Ogerpon|[spread] p2a\n|-activate|p2b: Ogerpon|move: Protect\n|-damage|p2a: Flutter Mane|53\/100\n|move|p1b: Ogerpon|Ivy Cudgel|p2a: Flutter Mane|[anim] Ivy Cudgel Fire\n|-damage|p2a: Flutter Mane|0 fnt\n|faint|p2a: Flutter Mane\n|-end|p2a: Flutter Mane|Protosynthesis|[silent]\n|\n|upkeep\n|\n|t:|1700335197\n|switch|p2a: Amoonguss|Amoonguss, L50, F|76\/100\n|turn|6\n|\n|t:|1700335209\n|move|p1a: Landorus|Rock Slide|p2b: Ogerpon|[spread] p2a,p2b\n|-supereffective|p2b: Ogerpon\n|-damage|p2a: Amoonguss|60\/100\n|-damage|p2b: Ogerpon|40\/100\n|cant|p2b: Ogerpon|flinch\n|move|p1b: Ogerpon|Ivy Cudgel|p2b: Ogerpon|[anim] Ivy Cudgel Fire\n|-damage|p2b: Ogerpon|0 fnt\n|faint|p2b: Ogerpon\n|cant|p2a: Amoonguss|flinch\n|\n|upkeep\n|turn|7\n|\n|t:|1700335222\n|switch|p1a: Tornadus|Tornadus, L50, M|21\/100\n|-terastallize|p1b: Ogerpon|Fire\n|detailschange|p1b: Ogerpon|Ogerpon-Hearthflame-Tera, L50, F, tera:Fire\n|-ability|p1b: Ogerpon|Embody Aspect (Hearthflame)|boost\n|-boost|p1b: Ogerpon|atk|1\n|move|p2a: Amoonguss|Rage Powder|p2a: Amoonguss\n|-singleturn|p2a: Amoonguss|move: Rage Powder\n|move|p1b: Ogerpon|Ivy Cudgel|p2a: Amoonguss|[anim] Ivy Cudgel Fire\n|-supereffective|p2a: Amoonguss\n|-damage|p2a: Amoonguss|0 fnt\n|faint|p2a: Amoonguss\n|\n|win|Kiwisaft\n|c|&|\/uhtml prompt-kiwisaft,Kiwisaft is ready for game 2!\n|inactive|Isebbi has 50 seconds to confirm battle start!\n|c|&|\/uhtml prompt-isebbi,Isebbi is ready for game 2!\nBoth players are ready! Starting next match!\n|l|\u2606Isebbi\n","uploadtime":1700335247,"views":24,"p1id":"kiwisaft","p2id":"isebbi","formatid":"gen9vgc2023regulatione","rating":0,"private":0,"password":""}