{"id":"gen9vgc2023regulatione-1991607365","p1":"Beardmannn","p2":"torterrnite","format":"[Gen 9] VGC 2023 Regulation E","log":"|j|\u2606Beardmannn\n|j|\u2606torterrnite\n|t:|1700093598\n|gametype|doubles\n|player|p1|Beardmannn|169|1282\n|player|p2|torterrnite|clair|1262\n|teamsize|p1|6\n|teamsize|p2|6\n|gen|9\n|tier|[Gen 9] VGC 2023 Regulation E\n|rated|\n|rule|Species Clause: Limit one of each Pok\u00e9mon\n|rule|Item Clause: Limit one of each item\n|clearpoke\n|poke|p1|Regidrago, L50|\n|poke|p1|Tornadus, L50, M|\n|poke|p1|Arcanine-Hisui, L50, F|\n|poke|p1|Amoonguss, L50, M|\n|poke|p1|Urshifu-*, L50, F|\n|poke|p1|Heatran, L50, F|\n|poke|p2|Regieleki, L50|\n|poke|p2|Farigiraf, L50, F|\n|poke|p2|Chi-Yu, L50|\n|poke|p2|Rillaboom, L50, F|\n|poke|p2|Urshifu-*, L50, F|\n|poke|p2|Flutter Mane, L50|\n|teampreview|4\nBeardmannn rejected open team sheets.\n|inactive|Battle timer is ON: inactive players will automatically lose when time's up. (requested by Beardmannn)\n|\n|t:|1700093637\n|start\n|switch|p1a: Tornadus|Tornadus, L50, M|100\/100\n|switch|p1b: Urshifu|Urshifu-Rapid-Strike, L50, F|100\/100\n|switch|p2a: tcgmaster|Rillaboom, L50, F|100\/100\n|switch|p2b: Flutter Mane|Flutter Mane, L50|100\/100\n|-fieldstart|move: Grassy Terrain|[from] ability: Grassy Surge|[of] p2a: tcgmaster\n|-enditem|p2b: Flutter Mane|Booster Energy\n|-activate|p2b: Flutter Mane|ability: Protosynthesis|[fromitem]\n|-start|p2b: Flutter Mane|protosynthesisspe\n|turn|1\n|\n|t:|1700093658\n|-terastallize|p2b: Flutter Mane|Fairy\n|-terastallize|p1b: Urshifu|Water\n|move|p2a: tcgmaster|Fake Out|p1b: Urshifu\n|-damage|p1b: Urshifu|86\/100\n|move|p1a: Tornadus|Tailwind|p1a: Tornadus\n|-sidestart|p1: Beardmannn|move: Tailwind\n|cant|p1b: Urshifu|flinch\n|move|p2b: Flutter Mane|Dazzling Gleam|p1b: Urshifu|[spread] p1a,p1b\n|-damage|p1a: Tornadus|55\/100\n|-damage|p1b: Urshifu|26\/100\n|\n|-heal|p1b: Urshifu|31\/100|[from] Grassy Terrain\n|upkeep\n|turn|2\n|\n|t:|1700093675\n|move|p1a: Tornadus|Rain Dance|p1a: Tornadus\n|-weather|RainDance\n|move|p2a: tcgmaster|Grassy Glide|p1b: Urshifu\n|-supereffective|p1b: Urshifu\n|-damage|p1b: Urshifu|0 fnt\n|faint|p1b: Urshifu\n|move|p2b: Flutter Mane|Thunderbolt|p1a: Tornadus\n|-supereffective|p1a: Tornadus\n|-damage|p1a: Tornadus|0 fnt\n|faint|p1a: Tornadus\n|\n|-weather|RainDance|[upkeep]\n|upkeep\n|\n|t:|1700093685\n|switch|p1b: Heatran|Heatran, L50, F|100\/100\n|switch|p1a: Regidrago|Regidrago, L50|100\/100\n|turn|3\n|\n|t:|1700093701\n|move|p2b: Flutter Mane|Protect|p2b: Flutter Mane\n|-singleturn|p2b: Flutter Mane|Protect\n|move|p1a: Regidrago|Dragon Energy|p2a: tcgmaster|[spread] p2a\n|-activate|p2b: Flutter Mane|move: Protect\n|-damage|p2a: tcgmaster|20\/100\n|move|p1b: Heatran|Flash Cannon|p2b: Flutter Mane\n|-activate|p2b: Flutter Mane|move: Protect\n|move|p2a: tcgmaster|Stomping Tantrum|p1b: Heatran\n|-supereffective|p1b: Heatran\n|-damage|p1b: Heatran|12\/100\n|\n|-weather|RainDance|[upkeep]\n|-heal|p1b: Heatran|18\/100|[from] Grassy Terrain\n|-heal|p2a: tcgmaster|26\/100|[from] Grassy Terrain\n|upkeep\n|turn|4\n|inactive|torterrnite has 30 seconds left.\n|\n|t:|1700093728\n|-end|p2b: Flutter Mane|Protosynthesis|[silent]\n|switch|p2b: Miniwave|Regieleki, L50|100\/100\n|move|p2a: tcgmaster|Grassy Glide|p1b: Heatran\n|-resisted|p1b: Heatran\n|-damage|p1b: Heatran|10\/100\n|move|p1a: Regidrago|Dragon Energy|p2a: tcgmaster|[spread] p2a,p2b\n|-damage|p2a: tcgmaster|0 fnt\n|-damage|p2b: Miniwave|0 fnt\n|faint|p2a: tcgmaster\n|faint|p2b: Miniwave\n|move|p1b: Heatran|Flash Cannon|p2: tcgmaster|[notarget]\n|-fail|p1b: Heatran\n|\n|-weather|RainDance|[upkeep]\n|-heal|p1b: Heatran|16\/100|[from] Grassy Terrain\n|-sideend|p1: Beardmannn|move: Tailwind\n|upkeep\n|\n|t:|1700093730\n|switch|p2b: Flutter Mane|Flutter Mane, L50, tera:Fairy|100\/100\n|switch|p2a: Toy|Urshifu-Rapid-Strike, L50, F|100\/100\n|turn|5\n|\n|t:|1700093752\n|move|p2a: Toy|Surging Strikes|p1b: Heatran\n|-supereffective|p1b: Heatran\n|-crit|p1b: Heatran\n|-damage|p1b: Heatran|0 fnt\n|faint|p1b: Heatran\n|-hitcount|p1: Heatran|1\n|move|p2b: Flutter Mane|Dazzling Gleam|p1a: Regidrago\n|-supereffective|p1a: Regidrago\n|-crit|p1a: Regidrago\n|-damage|p1a: Regidrago|0 fnt\n|faint|p1a: Regidrago\n|\n|win|torterrnite\n|raw|Beardmannn's rating: 1282 &rarr; <strong>1256<\/strong><br \/>(-26 for losing)\n|raw|torterrnite's rating: 1262 &rarr; <strong>1288<\/strong><br \/>(+26 for winning)\n|l|\u2606Beardmannn\n","uploadtime":1700093771,"views":21,"p1id":"beardmannn","p2id":"torterrnite","formatid":"gen9vgc2023regulatione","rating":1256,"private":0,"password":""}