{"id":"gen9vgc2023regulatione-1989130047","p1":"Granny Pie","p2":"ToastedArt","format":"[Gen 9] VGC 2023 Regulation E","log":"|j|\u2606Granny Pie\n|j|\u2606ToastedArt\n|n|\u2606Granny Pie|grannypie\n|n|\u2606ToastedArt|toastedart\n|html|View the match progress at <a href=\"\/game-bestof3-gen9vgc2023regulatione-1989128413\">game-bestof3-gen9vgc2023regulatione-1989128413<\/a>\n|t:|1699815441\n|gametype|doubles\n|player|p1|Granny Pie|zinnia|\n|player|p2|ToastedArt|iris|\n|teamsize|p1|6\n|teamsize|p2|6\n|gen|9\n|tier|[Gen 9] VGC 2023 Regulation E\n|rule|Species Clause: Limit one of each Pok\u00e9mon\n|rule|Item Clause: Limit one of each item\n|clearpoke\n|poke|p1|Dondozo, L50, M|\n|poke|p1|Tatsugiri, L50, M|\n|poke|p1|Iron Bundle, L50|\n|poke|p1|Cresselia, L50, F|\n|poke|p1|Regieleki, L50|\n|poke|p1|Ogerpon-Hearthflame, L50, F|\n|poke|p2|Weezing, L50, M|\n|poke|p2|Landorus-Therian, L50, M|\n|poke|p2|Ogerpon, L50, F|\n|poke|p2|Roaring Moon, L50|\n|poke|p2|Gholdengo, L50|\n|poke|p2|Iron Hands, L50|\n|teampreview|4\nToastedArt has agreed to open team sheets.\nGranny Pie has agreed to open team sheets.\n|showteam|p1|Dondozo||Leftovers|Unaware|WaveCrash,OrderUp,Rest,Protect|||M|||50|,,,,,Dragon]Tatsugiri||ToxicOrb|Commander|DracoMeteor,MuddyWater,Protect,IcyWind|||M|||50|,,,,,Dragon]Iron Bundle||BoosterEnergy|QuarkDrive|FreezeDry,FlipTurn,Taunt,Protect||||||50|,,,,,Ghost]Cresselia||MentalHerb|Levitate|Psychic,LunarBlessing,AllySwitch,HelpingHand|||F|||50|,,,,,Fairy]Regieleki||FocusSash|Transistor|Electroweb,Thunderbolt,TeraBlast,Protect||||||50|,,,,,Ice]Ogerpon-Hearthflame||HearthflameMask|MoldBreaker|IvyCudgel,HornLeech,SwordsDance,SpikyShield|||F|||50|,,,,,Fire\n|showteam|p2|Weezing||SitrusBerry|NeutralizingGas|GunkShot,WillOWisp,Taunt,Protect|||M|||50|,,,,,Grass]Landorus-Therian||AbilityShield|Intimidate|StompingTantrum,TeraBlast,Uturn,RockSlide|||M|||50|,,,,,Flying]Ogerpon||RazorClaw|Defiant|IvyCudgel,SpikyShield,StompingTantrum,SwordsDance|||F|||50|,,,,,Grass]Roaring Moon||BoosterEnergy|Protosynthesis|KnockOff,BreakingSwipe,Tailwind,Protect||||||50|,,,,,Poison]Gholdengo||LifeOrb|GoodasGold|MakeItRain,ShadowBall,NastyPlot,Protect||||||50|,,,,,Water]Iron Hands||AssaultVest|QuarkDrive|WildCharge,DrainPunch,HeavySlam,FakeOut||||||50|,,,,,Fire\n|\n|t:|1699815481\n|start\n|switch|p1a: #RIPBozo|Dondozo, L50, M|100\/100\n|switch|p1b: I'm Dead Bro \ud83d\udc80|Tatsugiri, L50, M|100\/100\n|switch|p2a: Weezing|Weezing, L50, M|100\/100\n|switch|p2b: Ogerpon|Ogerpon, L50, F|100\/100\n|-ability|p2a: Weezing|Neutralizing Gas\n|turn|1\n|c|\u2606ToastedArt|hehe\n|\n|t:|1699815509\n|-terastallize|p1a: #RIPBozo|Dragon\n|move|p2b: Ogerpon|Spiky Shield|p2b: Ogerpon\n|-singleturn|p2b: Ogerpon|move: Protect\n|move|p1b: I'm Dead Bro \ud83d\udc80|Draco Meteor|p2a: Weezing\n|-damage|p2a: Weezing|31\/100\n|-unboost|p1b: I'm Dead Bro \ud83d\udc80|spa|2\n|-enditem|p2a: Weezing|Sitrus Berry|[eat]\n|-heal|p2a: Weezing|56\/100|[from] item: Sitrus Berry\n|move|p1a: #RIPBozo|Order Up|p2a: Weezing\n|-damage|p2a: Weezing|28\/100\n|move|p2a: Weezing|Will-O-Wisp|p1a: #RIPBozo\n|-status|p1a: #RIPBozo|brn\n|\n|-damage|p1a: #RIPBozo|94\/100 brn|[from] brn\n|-status|p1b: I'm Dead Bro \ud83d\udc80|tox|[from] item: Toxic Orb\n|upkeep\n|turn|2\n|\n|t:|1699815533\n|move|p1b: I'm Dead Bro \ud83d\udc80|Protect|p1b: I'm Dead Bro \ud83d\udc80\n|-singleturn|p1b: I'm Dead Bro \ud83d\udc80|Protect\n|move|p1a: #RIPBozo|Protect|p1a: #RIPBozo\n|-singleturn|p1a: #RIPBozo|Protect\n|move|p2a: Weezing|Protect|p2a: Weezing\n|-singleturn|p2a: Weezing|Protect\n|move|p2b: Ogerpon|Swords Dance|p2b: Ogerpon\n|-boost|p2b: Ogerpon|atk|2\n|\n|-heal|p1a: #RIPBozo|100\/100 brn|[from] item: Leftovers\n|-damage|p1b: I'm Dead Bro \ud83d\udc80|95\/100 tox|[from] psn\n|-damage|p1a: #RIPBozo|94\/100 brn|[from] brn\n|upkeep\n|turn|3\n|\n|t:|1699815555\n|switch|p1b: Regiice|Regieleki, L50|100\/100\n|-terastallize|p2b: Ogerpon|Grass\n|detailschange|p2b: Ogerpon|Ogerpon-Teal-Tera, L50, F, tera:Grass\n|move|p2b: Ogerpon|Ivy Cudgel|p1b: Regiice\n|-enditem|p1b: Regiice|Focus Sash\n|-damage|p1b: Regiice|1\/100\n|move|p1a: #RIPBozo|Wave Crash|p2a: Weezing\n|-damage|p2a: Weezing|9\/100\n|-damage|p1a: #RIPBozo|89\/100 brn|[from] Recoil\n|move|p2a: Weezing|Taunt|p1a: #RIPBozo\n|-start|p1a: #RIPBozo|move: Taunt\n|\n|-heal|p1a: #RIPBozo|96\/100 brn|[from] item: Leftovers\n|-damage|p1a: #RIPBozo|89\/100 brn|[from] brn\n|upkeep\n|turn|4\n|\n|t:|1699815574\n|-end|p2a: Weezing|ability: Neutralizing Gas\n|-ability|p2b: Ogerpon|Embody Aspect (Teal)|boost\n|-boost|p2b: Ogerpon|spe|1\n|switch|p2a: Iron Hands|Iron Hands, L50|100\/100\n|move|p1b: Regiice|Thunderbolt|p2b: Ogerpon\n|-resisted|p2b: Ogerpon\n|-damage|p2b: Ogerpon|73\/100\n|-status|p2b: Ogerpon|par\n|move|p2b: Ogerpon|Ivy Cudgel|p1a: #RIPBozo\n|-resisted|p1a: #RIPBozo\n|-damage|p1a: #RIPBozo|67\/100 brn\n|move|p1a: #RIPBozo|Wave Crash|p2a: Iron Hands\n|-damage|p2a: Iron Hands|81\/100\n|-damage|p1a: #RIPBozo|61\/100 brn|[from] Recoil\n|\n|-heal|p1a: #RIPBozo|67\/100 brn|[from] item: Leftovers\n|-damage|p1a: #RIPBozo|61\/100 brn|[from] brn\n|upkeep\n|turn|5\n|\n|t:|1699815596\n|switch|p1b: I'm Dead Bro \ud83d\udc80|Tatsugiri, L50, M|95\/100 tox\n|-activate|p1b: I'm Dead Bro \ud83d\udc80|ability: Commander|[of] p1a: #RIPBozo\n|-boost|p1a: #RIPBozo|atk|2\n|-boost|p1a: #RIPBozo|spa|2\n|-boost|p1a: #RIPBozo|spe|2\n|-boost|p1a: #RIPBozo|def|2\n|-boost|p1a: #RIPBozo|spd|2\n|move|p2a: Iron Hands|Fake Out|p1b: I'm Dead Bro \ud83d\udc80|[miss]\n|-miss|p2a: Iron Hands|p1b: I'm Dead Bro \ud83d\udc80\n|move|p1a: #RIPBozo|Order Up|p2a: Iron Hands\n|-damage|p2a: Iron Hands|55\/100\n|-boost|p1a: #RIPBozo|atk|1\n|move|p2b: Ogerpon|Ivy Cudgel|p1a: #RIPBozo\n|-resisted|p1a: #RIPBozo\n|-crit|p1a: #RIPBozo\n|-damage|p1a: #RIPBozo|24\/100 brn\n|\n|-heal|p1a: #RIPBozo|31\/100 brn|[from] item: Leftovers\n|-damage|p1b: I'm Dead Bro \ud83d\udc80|84\/100 tox|[from] psn\n|-damage|p1a: #RIPBozo|24\/100 brn|[from] brn\n|upkeep\n|turn|6\n|c|\u2606Granny Pie|Quit crittin me bro\n|c|\u2606ToastedArt|razor claw\n|c|\u2606Granny Pie|Did i ask\n|c|\u2606ToastedArt|damn ok ill stop talking then\n|\n|t:|1699815639\n|-end|p2a: Iron Hands|Quark Drive|[silent]\n|switch|p2a: Weezing|Weezing, L50, M|9\/100\n|-ability|p2a: Weezing|Neutralizing Gas\n|move|p1a: #RIPBozo|Order Up|p2b: Ogerpon\n|-damage|p2b: Ogerpon|31\/100 par\n|-boost|p1a: #RIPBozo|atk|1\n|cant|p2b: Ogerpon|par\n|\n|-heal|p1a: #RIPBozo|31\/100 brn|[from] item: Leftovers\n|-damage|p1b: I'm Dead Bro \ud83d\udc80|67\/100 tox|[from] psn\n|-damage|p1a: #RIPBozo|24\/100 brn|[from] brn\n|-end|p1a: #RIPBozo|move: Taunt\n|upkeep\n|turn|7\n|\n|t:|1699815658\n|move|p1a: #RIPBozo|Rest|p1a: #RIPBozo\n|-status|p1a: #RIPBozo|slp|[from] move: Rest\n|-heal|p1a: #RIPBozo|100\/100 slp|[silent]\n|move|p2b: Ogerpon|Ivy Cudgel|p1a: #RIPBozo\n|-resisted|p1a: #RIPBozo\n|-damage|p1a: #RIPBozo|77\/100 slp\n|move|p2a: Weezing|Taunt|p1a: #RIPBozo\n|-start|p1a: #RIPBozo|move: Taunt\n|\n|-heal|p1a: #RIPBozo|83\/100 slp|[from] item: Leftovers\n|-damage|p1b: I'm Dead Bro \ud83d\udc80|45\/100 tox|[from] psn\n|upkeep\n|turn|8\n|\n|t:|1699815675\n|-end|p2a: Weezing|ability: Neutralizing Gas\n|-ability|p2b: Ogerpon|Embody Aspect (Teal)|boost\n|-boost|p2b: Ogerpon|spe|1\n|switch|p2a: Roaring Moon|Roaring Moon, L50|100\/100\n|-enditem|p2a: Roaring Moon|Booster Energy\n|-activate|p2a: Roaring Moon|ability: Protosynthesis|[fromitem]\n|-start|p2a: Roaring Moon|protosynthesisspe\n|cant|p1a: #RIPBozo|slp\n|move|p2b: Ogerpon|Ivy Cudgel|p1a: #RIPBozo\n|-resisted|p1a: #RIPBozo\n|-crit|p1a: #RIPBozo\n|-damage|p1a: #RIPBozo|51\/100 slp\n|\n|-heal|p1a: #RIPBozo|57\/100 slp|[from] item: Leftovers\n|-damage|p1b: I'm Dead Bro \ud83d\udc80|17\/100 tox|[from] psn\n|upkeep\n|turn|9\n|\n|t:|1699815694\n|move|p2a: Roaring Moon|Breaking Swipe|p1a: #RIPBozo|[spread] p1a\n|-miss|p2a: Roaring Moon|p1b: I'm Dead Bro \ud83d\udc80\n|-supereffective|p1a: #RIPBozo\n|-damage|p1a: #RIPBozo|43\/100 slp\n|-unboost|p1a: #RIPBozo|atk|1\n|cant|p1a: #RIPBozo|slp\n|cant|p2b: Ogerpon|par\n|\n|-heal|p1a: #RIPBozo|49\/100 slp|[from] item: Leftovers\n|-damage|p1b: I'm Dead Bro \ud83d\udc80|0 fnt|[from] psn\n|faint|p1b: I'm Dead Bro \ud83d\udc80\n|upkeep\n|\n|t:|1699815708\n|switch|p1b: Moon Duck|Cresselia, L50, F|100\/100\n|turn|10\n|\n|t:|1699815718\n|move|p2a: Roaring Moon|Knock Off|p1b: Moon Duck\n|-supereffective|p1b: Moon Duck\n|-damage|p1b: Moon Duck|39\/100\n|-enditem|p1b: Moon Duck|Mental Herb|[from] move: Knock Off|[of] p2a: Roaring Moon\n|-curestatus|p1a: #RIPBozo|slp|[msg]\n|move|p1a: #RIPBozo|Order Up|p2b: Ogerpon\n|-damage|p2b: Ogerpon|0 fnt\n|faint|p2b: Ogerpon\n|-boost|p1a: #RIPBozo|atk|1\n|move|p1b: Moon Duck|Lunar Blessing|p1b: Moon Duck|[spread] p1a,p1b\n|-heal|p1a: #RIPBozo|74\/100\n|-heal|p1b: Moon Duck|64\/100\n|\n|-heal|p1a: #RIPBozo|80\/100|[from] item: Leftovers\n|-end|p1a: #RIPBozo|move: Taunt\n|upkeep\n|\n|t:|1699815734\n|switch|p2b: Iron Hands|Iron Hands, L50|55\/100\n|turn|11\n|\n|t:|1699815753\n|move|p2b: Iron Hands|Fake Out|p1b: Moon Duck\n|-damage|p1b: Moon Duck|54\/100\n|move|p2a: Roaring Moon|Knock Off|p1a: #RIPBozo\n|-damage|p1a: #RIPBozo|63\/100\n|-enditem|p1a: #RIPBozo|Leftovers|[from] move: Knock Off|[of] p2a: Roaring Moon\n|move|p1a: #RIPBozo|Order Up|p2a: Roaring Moon\n|-supereffective|p2a: Roaring Moon\n|-damage|p2a: Roaring Moon|0 fnt\n|faint|p2a: Roaring Moon\n|-end|p2a: Roaring Moon|Protosynthesis|[silent]\n|-boost|p1a: #RIPBozo|atk|1\n|cant|p1b: Moon Duck|flinch\n|\n|upkeep\n|\n|t:|1699815764\n|switch|p2a: Weezing|Weezing, L50, M|9\/100\n|-ability|p2a: Weezing|Neutralizing Gas\n|turn|12\n|\n|t:|1699815779\n|move|p1a: #RIPBozo|Order Up|p2b: Iron Hands\n|-damage|p2b: Iron Hands|0 fnt\n|faint|p2b: Iron Hands\n|-end|p2b: Iron Hands|Quark Drive|[silent]\n|-boost|p1a: #RIPBozo|atk|1\n|move|p1b: Moon Duck|Psychic|p2a: Weezing\n|-supereffective|p2a: Weezing\n|-damage|p2a: Weezing|0 fnt\n|faint|p2a: Weezing\n|-end|p2a: Weezing|ability: Neutralizing Gas\n|\n|win|Granny Pie\n|c|&|\/uhtml prompt-toastedart,ToastedArt is ready for game 3!\n","uploadtime":1699815789,"views":13,"p1id":"grannypie","p2id":"toastedart","formatid":"gen9vgc2023regulatione","rating":0,"private":0,"password":""}