{"id":"gen9vgc2023regulatione-1995796639","p1":"TapedCrusader","p2":"HekutaGekkouga","format":"[Gen 9] VGC 2023 Regulation E","log":"|j|\u2606TapedCrusader\n|j|\u2606HekutaGekkouga\n|t:|1700604036\n|gametype|doubles\n|player|p1|TapedCrusader|blue|1419\n|player|p2|HekutaGekkouga|riley|1342\n|teamsize|p1|6\n|teamsize|p2|6\n|gen|9\n|tier|[Gen 9] VGC 2023 Regulation E\n|rated|\n|rule|Species Clause: Limit one of each Pok\u00e9mon\n|rule|Item Clause: Limit one of each item\n|clearpoke\n|poke|p1|Iron Hands, L50|\n|poke|p1|Urshifu-*, L50, M|\n|poke|p1|Tornadus, L50, M|\n|poke|p1|Gholdengo, L50|\n|poke|p1|Arcanine-Hisui, L50, M|\n|poke|p1|Rillaboom, L50, F|\n|poke|p2|Flutter Mane, L50|\n|poke|p2|Landorus-Therian, L50, M|\n|poke|p2|Tornadus, L50, M|\n|poke|p2|Urshifu-*, L50, F|\n|poke|p2|Empoleon, L50, M|\n|poke|p2|Rillaboom, L50, F|\n|teampreview|4\n|inactive|Battle timer is ON: inactive players will automatically lose when time's up. (requested by TapedCrusader)\n|inactive|TapedCrusader has 60 seconds left.\n|\n|t:|1700604071\n|start\n|switch|p1a: Tornadus|Tornadus, L50, M|100\/100\n|switch|p1b: Urshifu|Urshifu-Rapid-Strike, L50, M|100\/100\n|switch|p2a: Urshifu|Urshifu-Rapid-Strike, L50, F|100\/100\n|switch|p2b: Tornadus|Tornadus, L50, M|100\/100\n|turn|1\n|inactive|HekutaGekkouga has 30 seconds left.\n|\n|t:|1700604103\n|switch|p1a: Rillaboom|Rillaboom, L50, F|100\/100\n|-fieldstart|move: Grassy Terrain|[from] ability: Grassy Surge|[of] p1a: Rillaboom\n|switch|p2b: Rillaboom|Rillaboom, L50, F|100\/100\n|-terastallize|p1b: Urshifu|Water\n|move|p1b: Urshifu|Surging Strikes|p2b: Rillaboom\n|-resisted|p2b: Rillaboom\n|-crit|p2b: Rillaboom\n|-damage|p2b: Rillaboom|84\/100\n|-resisted|p2b: Rillaboom\n|-crit|p2b: Rillaboom\n|-damage|p2b: Rillaboom|66\/100\n|-resisted|p2b: Rillaboom\n|-crit|p2b: Rillaboom\n|-damage|p2b: Rillaboom|52\/100\n|-hitcount|p2b: Rillaboom|3\n|move|p2a: Urshifu|Surging Strikes|p1a: Rillaboom\n|-resisted|p1a: Rillaboom\n|-crit|p1a: Rillaboom\n|-damage|p1a: Rillaboom|89\/100\n|-resisted|p1a: Rillaboom\n|-crit|p1a: Rillaboom\n|-damage|p1a: Rillaboom|77\/100\n|-resisted|p1a: Rillaboom\n|-crit|p1a: Rillaboom\n|-damage|p1a: Rillaboom|67\/100\n|-hitcount|p1a: Rillaboom|3\n|\n|-heal|p2b: Rillaboom|58\/100|[from] Grassy Terrain\n|-heal|p1a: Rillaboom|73\/100|[from] Grassy Terrain\n|upkeep\n|turn|2\n|inactive|TapedCrusader has 30 seconds left.\n|inactive|HekutaGekkouga has 30 seconds left.\n|inactive|TapedCrusader has 20 seconds left.\n|inactive|HekutaGekkouga has 20 seconds left.\n|\n|t:|1700604143\n|move|p2b: Rillaboom|Fake Out|p1a: Rillaboom\n|-damage|p1a: Rillaboom|61\/100\n|cant|p1a: Rillaboom|flinch\n|move|p1b: Urshifu|Close Combat|p2b: Rillaboom\n|-damage|p2b: Rillaboom|0 fnt\n|-unboost|p1b: Urshifu|def|1\n|-unboost|p1b: Urshifu|spd|1\n|faint|p2b: Rillaboom\n|move|p2a: Urshifu|Close Combat|p1a: Rillaboom\n|-damage|p1a: Rillaboom|7\/100\n|-unboost|p2a: Urshifu|def|1\n|-unboost|p2a: Urshifu|spd|1\n|\n|-heal|p1a: Rillaboom|13\/100|[from] Grassy Terrain\n|upkeep\n|\n|t:|1700604158\n|switch|p2b: Tornadus|Tornadus, L50, M|100\/100\n|turn|3\n|\n|t:|1700604173\n|switch|p1a: Tornadus|Tornadus, L50, M|100\/100\n|move|p2a: Urshifu|Detect|p2a: Urshifu\n|-singleturn|p2a: Urshifu|Protect\n|move|p1b: Urshifu|Surging Strikes|p2b: Tornadus\n|-crit|p2b: Tornadus\n|-damage|p2b: Tornadus|68\/100\n|-crit|p2b: Tornadus\n|-damage|p2b: Tornadus|33\/100\n|-crit|p2b: Tornadus\n|-damage|p2b: Tornadus|0 fnt\n|faint|p2b: Tornadus\n|-hitcount|p2: Tornadus|3\n|\n|upkeep\n|\n|t:|1700604184\n|switch|p2b: Landorus|Landorus-Therian, L50, M|100\/100\n|-ability|p2b: Landorus|Intimidate|boost\n|-unboost|p1a: Tornadus|atk|1\n|-unboost|p1b: Urshifu|atk|1\n|turn|4\n|\n|t:|1700604203\n|-terastallize|p2b: Landorus|Flying\n|move|p1a: Tornadus|Tailwind|p1a: Tornadus\n|-sidestart|p1: TapedCrusader|move: Tailwind\n|move|p1b: Urshifu|Surging Strikes|p2b: Landorus\n|-crit|p2b: Landorus\n|-damage|p2b: Landorus|62\/100\n|-crit|p2b: Landorus\n|-damage|p2b: Landorus|25\/100\n|-enditem|p2b: Landorus|Sitrus Berry|[eat]\n|-heal|p2b: Landorus|50\/100|[from] item: Sitrus Berry\n|-crit|p2b: Landorus\n|-damage|p2b: Landorus|12\/100\n|-hitcount|p2b: Landorus|3\n|move|p2b: Landorus|Tera Blast|p1b: Urshifu|[anim] Tera Blast Flying\n|-damage|p1b: Urshifu|17\/100\n|move|p2a: Urshifu|Surging Strikes|p1a: Tornadus\n|-crit|p1a: Tornadus\n|-damage|p1a: Tornadus|70\/100\n|-crit|p1a: Tornadus\n|-damage|p1a: Tornadus|45\/100\n|-crit|p1a: Tornadus\n|-damage|p1a: Tornadus|16\/100\n|-hitcount|p1a: Tornadus|3\n|\n|-heal|p1b: Urshifu|23\/100|[from] Grassy Terrain\n|upkeep\n|turn|5\n|inactive|TapedCrusader has 30 seconds left.\n|inactive|HekutaGekkouga has 30 seconds left.\n|inactive|HekutaGekkouga has 20 seconds left.\n|inactive|HekutaGekkouga has 15 seconds left.\n|inactive|HekutaGekkouga has 10 seconds left.\n|\n|t:|1700604252\n|move|p1a: Tornadus|Leer|p2b: Landorus|[spread] p2a,p2b\n|-unboost|p2a: Urshifu|def|1\n|-unboost|p2b: Landorus|def|1\n|move|p1b: Urshifu|Aqua Jet|p2b: Landorus\n|-damage|p2b: Landorus|0 fnt\n|faint|p2b: Landorus\n|move|p2a: Urshifu|Aqua Jet|p1a: Tornadus\n|-damage|p1a: Tornadus|0 fnt\n|faint|p1a: Tornadus\n|\n|-heal|p1b: Urshifu|29\/100|[from] Grassy Terrain\n|-fieldend|move: Grassy Terrain\n|upkeep\n|\n|t:|1700604265\n|switch|p1a: Rillaboom|Rillaboom, L50, F|13\/100\n|-fieldstart|move: Grassy Terrain|[from] ability: Grassy Surge|[of] p1a: Rillaboom\n|turn|6\n|-message|HekutaGekkouga forfeited.\n|\n|win|TapedCrusader\n|raw|TapedCrusader's rating: 1419 &rarr; <strong>1435<\/strong><br \/>(+16 for winning)\n|raw|HekutaGekkouga's rating: 1342 &rarr; <strong>1326<\/strong><br \/>(-16 for losing)\n|l|\u2606HekutaGekkouga\n","uploadtime":1700604355,"views":4,"p1id":"tapedcrusader","p2id":"hekutagekkouga","formatid":"gen9vgc2023regulatione","rating":1326,"private":0,"password":""}