{"id":"gen9vgc2023regulatione-1998303439","p1":"ZUSJ JuiJui","p2":"Kzjrhzkz","format":"[Gen 9] VGC 2023 Regulation E","log":"|j|\u2606ZUSJ JuiJui\n|j|\u2606Kzjrhzkz\n|t:|1700927017\n|gametype|doubles\n|player|p1|ZUSJ JuiJui|gardenia|1070\n|player|p2|Kzjrhzkz|lance|1050\n|teamsize|p1|6\n|teamsize|p2|6\n|gen|9\n|tier|[Gen 9] VGC 2023 Regulation E\n|rated|\n|rule|Species Clause: Limit one of each Pok\u00e9mon\n|rule|Item Clause: Limit one of each item\n|clearpoke\n|poke|p1|Arboliva, L50, F|\n|poke|p1|Sneasler, L50, M|\n|poke|p1|Gastrodon, L50, M|\n|poke|p1|Chi-Yu, L50|\n|poke|p1|Regieleki, L50|\n|poke|p1|Tornadus, L50, M|\n|poke|p2|Flutter Mane, L50|\n|poke|p2|Tornadus, L50, M|\n|poke|p2|Rillaboom, L50, M|\n|poke|p2|Garganacl, L50, F|\n|poke|p2|Arcanine-Hisui, L50, M|\n|poke|p2|Chien-Pao, L50|\n|teampreview|4\n|c|\u2606ZUSJ JuiJui|Glhf\n|n|\u2606Kzjrhzkz|kzjrhzkz\n|c|\u2606Kzjrhzkz|glhf\n|\n|t:|1700927066\n|start\n|switch|p1a: Tornadus|Tornadus, L50, M|100\/100\n|switch|p1b: Regieleki|Regieleki, L50|100\/100\n|switch|p2a: Tornadus|Tornadus, L50, M|100\/100\n|switch|p2b: Garganacl|Garganacl, L50, F|100\/100\n|turn|1\n|\n|t:|1700927085\n|move|p1a: Tornadus|Tailwind|p1a: Tornadus\n|-sidestart|p1: ZUSJ JuiJui|move: Tailwind\n|move|p2a: Tornadus|Taunt|p1a: Tornadus\n|-start|p1a: Tornadus|move: Taunt\n|-enditem|p1a: Tornadus|Mental Herb\n|-end|p1a: Tornadus|move: Taunt\n|move|p1b: Regieleki|Wild Charge|p2a: Tornadus\n|-supereffective|p2a: Tornadus\n|-damage|p2a: Tornadus|0 fnt\n|-damage|p1b: Regieleki|84\/100|[from] item: Rocky Helmet|[of] p2a: Tornadus\n|faint|p2a: Tornadus\n|-damage|p1b: Regieleki|57\/100|[from] Recoil\n|move|p2b: Garganacl|Salt Cure|p1b: Regieleki\n|-damage|p1b: Regieleki|29\/100\n|-start|p1b: Regieleki|Salt Cure\n|\n|-damage|p1b: Regieleki|17\/100|[from] Salt Cure\n|upkeep\n|\n|t:|1700927110\n|switch|p2a: Arcanine|Arcanine-Hisui, L50, M|100\/100\n|-ability|p2a: Arcanine|Intimidate|boost\n|-unboost|p1a: Tornadus|atk|1\n|-unboost|p1b: Regieleki|atk|1\n|turn|2\n|\n|t:|1700927124\n|move|p1a: Tornadus|Protect|p1a: Tornadus\n|-singleturn|p1a: Tornadus|Protect\n|move|p2a: Arcanine|Extreme Speed|p1b: Regieleki\n|-damage|p1b: Regieleki|0 fnt\n|faint|p1b: Regieleki\n|move|p2b: Garganacl|Iron Defense|p2b: Garganacl\n|-boost|p2b: Garganacl|def|2\n|\n|upkeep\n|\n|t:|1700927136\n|switch|p1b: Gastrodon|Gastrodon, L50, M|100\/100\n|turn|3\n|\n|t:|1700927159\n|switch|p2a: Chien-Pao|Chien-Pao, L50|100\/100\n|-ability|p2a: Chien-Pao|Sword of Ruin\n|-terastallize|p2b: Garganacl|Ghost\n|move|p1b: Gastrodon|Protect|p1b: Gastrodon\n|-singleturn|p1b: Gastrodon|Protect\n|move|p1a: Tornadus|Bleakwind Storm|p2a: Chien-Pao|[spread] p2b\n|-miss|p1a: Tornadus|p2a: Chien-Pao\n|-damage|p2b: Garganacl|78\/100\n|-unboost|p2b: Garganacl|spe|1\n|move|p2b: Garganacl|Salt Cure|p1b: Gastrodon\n|-activate|p1b: Gastrodon|move: Protect\n|\n|upkeep\n|turn|4\n|\n|t:|1700927182\n|move|p2a: Chien-Pao|Protect|p2a: Chien-Pao\n|-singleturn|p2a: Chien-Pao|Protect\n|move|p1a: Tornadus|Bleakwind Storm|p2b: Garganacl|[spread] p2b\n|-activate|p2a: Chien-Pao|move: Protect\n|-damage|p2b: Garganacl|54\/100\n|move|p1b: Gastrodon|Yawn|p2a: Chien-Pao\n|-activate|p2a: Chien-Pao|move: Protect\n|move|p2b: Garganacl|Salt Cure|p1a: Tornadus\n|-supereffective|p1a: Tornadus\n|-damage|p1a: Tornadus|59\/100\n|-start|p1a: Tornadus|Salt Cure\n|\n|-damage|p1a: Tornadus|46\/100|[from] Salt Cure\n|-sideend|p1: ZUSJ JuiJui|move: Tailwind\n|upkeep\n|turn|5\n|\n|t:|1700927196\n|move|p2a: Chien-Pao|Ice Spinner|p1b: Gastrodon\n|-damage|p1b: Gastrodon|50\/100\n|move|p1a: Tornadus|Bleakwind Storm|p2b: Garganacl|[spread] p2a\n|-miss|p1a: Tornadus|p2b: Garganacl\n|-damage|p2a: Chien-Pao|42\/100\n|-unboost|p2a: Chien-Pao|spe|1\n|move|p1b: Gastrodon|Yawn|p2a: Chien-Pao\n|-start|p2a: Chien-Pao|move: Yawn|[of] p1b: Gastrodon\n|move|p2b: Garganacl|Recover|p2b: Garganacl\n|-heal|p2b: Garganacl|100\/100\n|\n|-heal|p1b: Gastrodon|56\/100|[from] item: Leftovers\n|-damage|p1a: Tornadus|34\/100|[from] Salt Cure\n|upkeep\n|turn|6\n|\n|t:|1700927212\n|move|p1b: Gastrodon|Protect|p1b: Gastrodon\n|-singleturn|p1b: Gastrodon|Protect\n|move|p1a: Tornadus|Tailwind|p1a: Tornadus\n|-sidestart|p1: ZUSJ JuiJui|move: Tailwind\n|move|p2a: Chien-Pao|Ice Spinner|p1a: Tornadus\n|-supereffective|p1a: Tornadus\n|-damage|p1a: Tornadus|0 fnt\n|faint|p1a: Tornadus\n|move|p2b: Garganacl|Salt Cure|p1b: Gastrodon\n|-activate|p1b: Gastrodon|move: Protect\n|\n|-heal|p1b: Gastrodon|62\/100|[from] item: Leftovers\n|-end|p2a: Chien-Pao|move: Yawn|[silent]\n|-status|p2a: Chien-Pao|slp\n|upkeep\n|\n|t:|1700927216\n|switch|p1a: Sneasler|Sneasler, L50, M|100\/100\n|turn|7\n|\n|t:|1700927232\n|cant|p2a: Chien-Pao|slp\n|move|p1a: Sneasler|Fling|p2b: Garganacl\n|-supereffective|p2b: Garganacl\n|-damage|p2b: Garganacl|56\/100\n|-enditem|p1a: Sneasler|Big Nugget|[from] move: Fling\n|move|p1b: Gastrodon|Earth Power|p2a: Chien-Pao\n|-damage|p2a: Chien-Pao|0 fnt\n|faint|p2a: Chien-Pao\n|move|p2b: Garganacl|Iron Defense|p2b: Garganacl\n|-boost|p2b: Garganacl|def|2\n|\n|-heal|p1b: Gastrodon|67\/100|[from] item: Leftovers\n|upkeep\n|\n|t:|1700927238\n|switch|p2a: Arcanine|Arcanine-Hisui, L50, M|100\/100\n|-ability|p2a: Arcanine|Intimidate|boost\n|-unboost|p1a: Sneasler|atk|1\n|-unboost|p1b: Gastrodon|atk|1\n|turn|8\n|\n|t:|1700927252\n|move|p1a: Sneasler|Protect|p1a: Sneasler\n|-singleturn|p1a: Sneasler|Protect\n|move|p2a: Arcanine|Extreme Speed|p1a: Sneasler\n|-activate|p1a: Sneasler|move: Protect\n|move|p1b: Gastrodon|Earth Power|p2a: Arcanine\n|-supereffective|p2a: Arcanine\n|-damage|p2a: Arcanine|0 fnt\n|faint|p2a: Arcanine\n|move|p2b: Garganacl|Salt Cure|p1b: Gastrodon\n|-resisted|p1b: Gastrodon\n|-damage|p1b: Gastrodon|61\/100\n|-start|p1b: Gastrodon|Salt Cure\n|\n|-heal|p1b: Gastrodon|67\/100|[from] item: Leftovers\n|-damage|p1b: Gastrodon|42\/100|[from] Salt Cure\n|upkeep\n|turn|9\n|\n|t:|1700927274\n|-terastallize|p1b: Gastrodon|Dragon\n|move|p2b: Garganacl|Protect|p2b: Garganacl\n|-singleturn|p2b: Garganacl|Protect\n|move|p1a: Sneasler|Dire Claw|p2b: Garganacl\n|-activate|p2b: Garganacl|move: Protect\n|move|p1b: Gastrodon|Earth Power|p2b: Garganacl\n|-activate|p2b: Garganacl|move: Protect\n|\n|-heal|p1b: Gastrodon|48\/100|[from] item: Leftovers\n|-damage|p1b: Gastrodon|36\/100|[from] Salt Cure\n|-sideend|p1: ZUSJ JuiJui|move: Tailwind\n|upkeep\n|turn|10\n|\n|t:|1700927285\n|move|p1a: Sneasler|Dire Claw|p2b: Garganacl\n|-resisted|p2b: Garganacl\n|-damage|p2b: Garganacl|52\/100\n|move|p1b: Gastrodon|Earth Power|p2b: Garganacl\n|-damage|p2b: Garganacl|33\/100\n|-enditem|p2b: Garganacl|Sitrus Berry|[eat]\n|-heal|p2b: Garganacl|58\/100|[from] item: Sitrus Berry\n|move|p2b: Garganacl|Recover|p2b: Garganacl\n|-heal|p2b: Garganacl|100\/100\n|\n|-heal|p1b: Gastrodon|42\/100|[from] item: Leftovers\n|-damage|p1b: Gastrodon|29\/100|[from] Salt Cure\n|upkeep\n|turn|11\n|\n|t:|1700927301\n|move|p2b: Garganacl|Protect|p2b: Garganacl\n|-singleturn|p2b: Garganacl|Protect\n|move|p1a: Sneasler|Dire Claw|p2b: Garganacl\n|-activate|p2b: Garganacl|move: Protect\n|move|p1b: Gastrodon|Chilling Water|p2b: Garganacl\n|-activate|p2b: Garganacl|move: Protect\n|\n|-heal|p1b: Gastrodon|35\/100|[from] item: Leftovers\n|-damage|p1b: Gastrodon|23\/100|[from] Salt Cure\n|upkeep\n|turn|12\n|\n|t:|1700927308\n|move|p1a: Sneasler|Dire Claw|p2b: Garganacl\n|-resisted|p2b: Garganacl\n|-damage|p2b: Garganacl|97\/100\n|move|p1b: Gastrodon|Chilling Water|p2b: Garganacl\n|-damage|p2b: Garganacl|85\/100\n|-unboost|p2b: Garganacl|atk|1\n|move|p2b: Garganacl|Salt Cure|p1a: Sneasler\n|-resisted|p1a: Sneasler\n|-damage|p1a: Sneasler|92\/100\n|-start|p1a: Sneasler|Salt Cure\n|\n|-heal|p1b: Gastrodon|29\/100|[from] item: Leftovers\n|-damage|p1a: Sneasler|80\/100|[from] Salt Cure\n|-damage|p1b: Gastrodon|17\/100|[from] Salt Cure\n|upkeep\n|turn|13\n|inactive|Battle timer is ON: inactive players will automatically lose when time's up. (requested by Kzjrhzkz)\n|\n|t:|1700927329\n|move|p2b: Garganacl|Protect|p2b: Garganacl\n|-singleturn|p2b: Garganacl|Protect\n|move|p1a: Sneasler|Dire Claw|p2b: Garganacl\n|-activate|p2b: Garganacl|move: Protect\n|move|p1b: Gastrodon|Earth Power|p2b: Garganacl\n|-activate|p2b: Garganacl|move: Protect\n|\n|-heal|p1b: Gastrodon|23\/100|[from] item: Leftovers\n|-damage|p1a: Sneasler|68\/100|[from] Salt Cure\n|-damage|p1b: Gastrodon|10\/100|[from] Salt Cure\n|upkeep\n|turn|14\n|\n|t:|1700927334\n|move|p1a: Sneasler|Dire Claw|p2b: Garganacl\n|-resisted|p2b: Garganacl\n|-damage|p2b: Garganacl|82\/100\n|move|p1b: Gastrodon|Earth Power|p2b: Garganacl\n|-damage|p2b: Garganacl|61\/100\n|move|p2b: Garganacl|Iron Defense|p2b: Garganacl\n|-boost|p2b: Garganacl|def|2\n|\n|-heal|p1b: Gastrodon|16\/100|[from] item: Leftovers\n|-damage|p1a: Sneasler|55\/100|[from] Salt Cure\n|-damage|p1b: Gastrodon|4\/100|[from] Salt Cure\n|upkeep\n|turn|15\n|\n|t:|1700927349\n|move|p2b: Garganacl|Protect|p2b: Garganacl\n|-singleturn|p2b: Garganacl|Protect\n|move|p1a: Sneasler|Dire Claw|p2b: Garganacl\n|-activate|p2b: Garganacl|move: Protect\n|move|p1b: Gastrodon|Earth Power|p2b: Garganacl\n|-activate|p2b: Garganacl|move: Protect\n|\n|-heal|p1b: Gastrodon|10\/100|[from] item: Leftovers\n|-damage|p1a: Sneasler|43\/100|[from] Salt Cure\n|-damage|p1b: Gastrodon|0 fnt|[from] Salt Cure\n|faint|p1b: Gastrodon\n|upkeep\n|turn|16\n|\n|t:|1700927359\n|move|p1a: Sneasler|Dire Claw|p2b: Garganacl\n|-resisted|p2b: Garganacl\n|-damage|p2b: Garganacl|58\/100\n|move|p2b: Garganacl|Recover|p2b: Garganacl\n|-heal|p2b: Garganacl|100\/100\n|\n|-damage|p1a: Sneasler|31\/100|[from] Salt Cure\n|upkeep\n|turn|17\n|\n|t:|1700927368\n|move|p2b: Garganacl|Protect|p2b: Garganacl\n|-singleturn|p2b: Garganacl|Protect\n|move|p1a: Sneasler|Dire Claw|p2b: Garganacl\n|-activate|p2b: Garganacl|move: Protect\n|\n|-damage|p1a: Sneasler|19\/100|[from] Salt Cure\n|upkeep\n|turn|18\n|c|\u2606ZUSJ JuiJui|Oh well ggs\n|\n|t:|1700927380\n|move|p2b: Garganacl|Protect||[still]\n|-fail|p2b: Garganacl\n|move|p1a: Sneasler|Dire Claw|p2b: Garganacl\n|-resisted|p2b: Garganacl\n|-damage|p2b: Garganacl|98\/100\n|\n|-damage|p1a: Sneasler|6\/100|[from] Salt Cure\n|upkeep\n|turn|19\n|c|\u2606Kzjrhzkz|gg\n|\n|t:|1700927387\n|move|p1a: Sneasler|Protect|p1a: Sneasler\n|-singleturn|p1a: Sneasler|Protect\n|move|p2b: Garganacl|Recover|p2b: Garganacl\n|-heal|p2b: Garganacl|100\/100\n|\n|-damage|p1a: Sneasler|0 fnt|[from] Salt Cure\n|faint|p1a: Sneasler\n|\n|win|Kzjrhzkz\n|upkeep\n|raw|ZUSJ JuiJui's rating: 1070 &rarr; <strong>1048<\/strong><br \/>(-22 for losing)\n|raw|Kzjrhzkz's rating: 1050 &rarr; <strong>1084<\/strong><br \/>(+34 for winning)\n","uploadtime":1700927395,"views":4,"p1id":"zusjjuijui","p2id":"kzjrhzkz","formatid":"gen9vgc2023regulatione","rating":1048,"private":0,"password":""}