{"id":"gen9vgc2023regulatione-1988142908","p1":"LasermanZ11","p2":"Monkima","format":"[Gen 9] VGC 2023 Regulation E","log":"|j|\u2606LasermanZ11\n|j|\u2606Monkima\n|n|\u2606LasermanZ11|lasermanz11\n|n|\u2606Monkima|monkima\n|html|View the match progress at <a href=\"\/game-bestof3-gen9vgc2023regulatione-1988142907\">game-bestof3-gen9vgc2023regulatione-1988142907<\/a>\n|t:|1699674994\n|gametype|doubles\n|player|p1|LasermanZ11|ash|\n|player|p2|Monkima|170|\n|teamsize|p1|6\n|teamsize|p2|6\n|gen|9\n|tier|[Gen 9] VGC 2023 Regulation E\n|rated|Tournament battle\n|rule|Species Clause: Limit one of each Pok\u00e9mon\n|rule|Item Clause: Limit one of each item\n|clearpoke\n|poke|p1|Mamoswine, L50, M|\n|poke|p1|Roaring Moon, L50|\n|poke|p1|Heatran, L50, M|\n|poke|p1|Flutter Mane, L50|\n|poke|p1|Rillaboom, L50, M|\n|poke|p1|Gyarados, L50, M|\n|poke|p2|Cresselia, L50, F|\n|poke|p2|Ursaluna-Bloodmoon, L50, M|\n|poke|p2|Iron Hands, L50|\n|poke|p2|Ogerpon-Wellspring, L50, F|\n|poke|p2|Arcanine-Hisui, L50, M|\n|poke|p2|Flutter Mane, L50|\n|teampreview|4\n|showteam|p1|Mamoswine||ExpertBelt|Oblivious|IceShard,HighHorsepower,IcicleCrash,Protect|||M|||50|,,,,,Dragon]Roaring Moon||BoosterEnergy|Protosynthesis|Acrobatics,KnockOff,Protect,Tailwind||||||50|,,,,,Flying]Heatran||LifeOrb|FlashFire|HeatWave,FlashCannon,EarthPower,Protect|||M|||50|,,,,,Fairy]Flutter Mane||ChoiceSpecs|Protosynthesis|ShadowBall,Moonblast,DazzlingGleam,Thunderbolt||||||50|,,,,,Fairy]Rillaboom||AssaultVest|GrassySurge|FakeOut,GrassyGlide,Uturn,DrumBeating|||M|||50|,,,,,Water]Gyarados||SafetyGoggles|Intimidate|Waterfall,Taunt,Protect,ThunderWave|||M|||50|,,,,,Steel\n|showteam|p2|Cresselia||MentalHerb|Levitate|Psychic,HelpingHand,LunarBlessing,TrickRoom|||F|||50|,,,,,Fire]Ursaluna-Bloodmoon||ThroatSpray|MindsEye|BloodMoon,EarthPower,HyperVoice,Protect|||M|||50|,,,,,Grass]Iron Hands||AssaultVest|QuarkDrive|FakeOut,DrainPunch,WildCharge,HeavySlam||||||50|,,,,,Fire]Ogerpon-Wellspring||WellspringMask|WaterAbsorb|IvyCudgel,FollowMe,HornLeech,SpikyShield|||F|||50|,,,,,Water]Arcanine-Hisui||SitrusBerry|Intimidate|RockSlide,FlareBlitz,ExtremeSpeed,Protect|||M|||50|,,,,,Grass]Flutter Mane||BoosterEnergy|Protosynthesis|Moonblast,ShadowBall,DazzlingGleam,Protect||||||50|,,,,,Fairy\n|\n|t:|1699675104\n|start\n|switch|p1a: Gyarados|Gyarados, L50, M|100\/100\n|switch|p1b: Rillaboom|Rillaboom, L50, M|100\/100\n|switch|p2a: Iron Hands|Iron Hands, L50|100\/100\n|switch|p2b: Ogerpon|Ogerpon-Wellspring, L50, F|100\/100\n|-fieldstart|move: Grassy Terrain|[from] ability: Grassy Surge|[of] p1b: Rillaboom\n|-ability|p1a: Gyarados|Intimidate|boost\n|-unboost|p2a: Iron Hands|atk|1\n|-unboost|p2b: Ogerpon|atk|1\n|turn|1\n|\n|t:|1699675139\n|move|p2b: Ogerpon|Spiky Shield|p2b: Ogerpon\n|-singleturn|p2b: Ogerpon|move: Protect\n|move|p1b: Rillaboom|Fake Out|p2a: Iron Hands\n|-damage|p2a: Iron Hands|90\/100\n|move|p1a: Gyarados|Thunder Wave|p2b: Ogerpon\n|-activate|p2b: Ogerpon|move: Protect\n|cant|p2a: Iron Hands|flinch\n|\n|-heal|p2a: Iron Hands|95\/100|[from] Grassy Terrain\n|upkeep\n|turn|2\n|\n|t:|1699675183\n|switch|p2b: Arcanine|Arcanine-Hisui, L50, M|100\/100\n|-ability|p2b: Arcanine|Intimidate|boost\n|-unboost|p1a: Gyarados|atk|1\n|-unboost|p1b: Rillaboom|atk|1\n|move|p1b: Rillaboom|U-turn|p2b: Arcanine\n|-resisted|p2b: Arcanine\n|-damage|p2b: Arcanine|91\/100\n|\n|t:|1699675190\n|switch|p1b: Flutter Mane|Flutter Mane, L50|100\/100|[from] U-turn\n|move|p1a: Gyarados|Thunder Wave|p2b: Arcanine\n|-status|p2b: Arcanine|par\n|move|p2a: Iron Hands|Wild Charge|p1a: Gyarados\n|-supereffective|p1a: Gyarados\n|-damage|p1a: Gyarados|0 fnt\n|faint|p1a: Gyarados\n|-damage|p2a: Iron Hands|74\/100|[from] Recoil\n|\n|-heal|p2a: Iron Hands|80\/100|[from] Grassy Terrain\n|-heal|p2b: Arcanine|97\/100 par|[from] Grassy Terrain\n|upkeep\n|\n|t:|1699675203\n|switch|p1a: Mamoswine|Mamoswine, L50, M|100\/100\n|turn|3\n|\n|t:|1699675225\n|-terastallize|p1a: Mamoswine|Dragon\n|-terastallize|p2b: Arcanine|Grass\n|move|p1b: Flutter Mane|Shadow Ball|p2b: Arcanine\n|-damage|p2b: Arcanine|30\/100 par\n|-enditem|p2b: Arcanine|Sitrus Berry|[eat]\n|-heal|p2b: Arcanine|55\/100 par|[from] item: Sitrus Berry\n|move|p1a: Mamoswine|High Horsepower|p2a: Iron Hands\n|-supereffective|p2a: Iron Hands\n|-damage|p2a: Iron Hands|0 fnt\n|faint|p2a: Iron Hands\n|-end|p2a: Iron Hands|Quark Drive|[silent]\n|move|p2b: Arcanine|Rock Slide|p1b: Flutter Mane|[spread] p1a,p1b\n|-damage|p1a: Mamoswine|71\/100\n|-damage|p1b: Flutter Mane|52\/100\n|\n|-heal|p1b: Flutter Mane|58\/100|[from] Grassy Terrain\n|-heal|p1a: Mamoswine|77\/100|[from] Grassy Terrain\n|-heal|p2b: Arcanine|61\/100 par|[from] Grassy Terrain\n|upkeep\n|j| Luke111192\n|\n|t:|1699675236\n|switch|p2a: Flutter Mane|Flutter Mane, L50|100\/100\n|-enditem|p2a: Flutter Mane|Booster Energy\n|-activate|p2a: Flutter Mane|ability: Protosynthesis|[fromitem]\n|-start|p2a: Flutter Mane|protosynthesisspa\n|turn|4\n|\n|t:|1699675273\n|switch|p2b: Ogerpon|Ogerpon-Wellspring, L50, F|100\/100\n|move|p2a: Flutter Mane|Protect|p2a: Flutter Mane\n|-singleturn|p2a: Flutter Mane|Protect\n|move|p1a: Mamoswine|Ice Shard|p2a: Flutter Mane\n|-activate|p2a: Flutter Mane|move: Protect\n|move|p1b: Flutter Mane|Shadow Ball|p2a: Flutter Mane\n|-activate|p2a: Flutter Mane|move: Protect\n|\n|-heal|p1b: Flutter Mane|64\/100|[from] Grassy Terrain\n|-heal|p1a: Mamoswine|83\/100|[from] Grassy Terrain\n|upkeep\n|turn|5\n|\n|t:|1699675301\n|-end|p1b: Flutter Mane|Protosynthesis|[silent]\n|switch|p1b: Rillaboom|Rillaboom, L50, M|100\/100\n|move|p1a: Mamoswine|Protect|p1a: Mamoswine\n|-singleturn|p1a: Mamoswine|Protect\n|move|p2b: Ogerpon|Follow Me|p2b: Ogerpon\n|-singleturn|p2b: Ogerpon|move: Follow Me\n|move|p2a: Flutter Mane|Dazzling Gleam|p1b: Rillaboom|[spread] p1b\n|-activate|p1a: Mamoswine|move: Protect\n|-damage|p1b: Rillaboom|74\/100\n|\n|-heal|p1a: Mamoswine|89\/100|[from] Grassy Terrain\n|-heal|p1b: Rillaboom|80\/100|[from] Grassy Terrain\n|-fieldend|move: Grassy Terrain\n|upkeep\n|turn|6\n|\n|t:|1699675329\n|move|p2b: Ogerpon|Spiky Shield|p2b: Ogerpon\n|-singleturn|p2b: Ogerpon|move: Protect\n|move|p1a: Mamoswine|Ice Shard|p2a: Flutter Mane\n|-damage|p2a: Flutter Mane|67\/100\n|move|p2a: Flutter Mane|Dazzling Gleam|p1b: Rillaboom|[spread] p1a,p1b\n|-supereffective|p1a: Mamoswine\n|-damage|p1a: Mamoswine|0 fnt\n|-damage|p1b: Rillaboom|49\/100\n|faint|p1a: Mamoswine\n|move|p1b: Rillaboom|Drum Beating|p2a: Flutter Mane\n|-damage|p2a: Flutter Mane|0 fnt\n|faint|p2a: Flutter Mane\n|-end|p2a: Flutter Mane|Protosynthesis|[silent]\n|\n|upkeep\n|\n|t:|1699675341\n|switch|p2a: Arcanine|Arcanine-Hisui, L50, M, tera:Grass|61\/100 par\n|switch|p1a: Flutter Mane|Flutter Mane, L50|64\/100\n|-ability|p2a: Arcanine|Intimidate|boost\n|-unboost|p1a: Flutter Mane|atk|1\n|-unboost|p1b: Rillaboom|atk|1\n|turn|7\n|\n|t:|1699675351\n|move|p1a: Flutter Mane|Dazzling Gleam|p2b: Ogerpon|[spread] p2a,p2b\n|-damage|p2a: Arcanine|14\/100 par\n|-damage|p2b: Ogerpon|57\/100\n|move|p2b: Ogerpon|Ivy Cudgel|p1a: Flutter Mane\n|-damage|p1a: Flutter Mane|0 fnt\n|faint|p1a: Flutter Mane\n|-end|p1a: Flutter Mane|Protosynthesis|[silent]\n|move|p1b: Rillaboom|U-turn|p2a: Arcanine\n|-supereffective|p2a: Arcanine\n|-damage|p2a: Arcanine|0 fnt\n|faint|p2a: Arcanine\n|\n|upkeep\n|turn|8\n|\n|t:|1699675382\n|move|p2b: Ogerpon|Spiky Shield|p2b: Ogerpon\n|-singleturn|p2b: Ogerpon|move: Protect\n|move|p1b: Rillaboom|Drum Beating|p2b: Ogerpon\n|-activate|p2b: Ogerpon|move: Protect\n|\n|upkeep\n|turn|9\n|\n|t:|1699675394\n|move|p2b: Ogerpon|Horn Leech|p1b: Rillaboom\n|-resisted|p1b: Rillaboom\n|-damage|p1b: Rillaboom|29\/100\n|-heal|p2b: Ogerpon|68\/100|[from] drain|[of] p1b: Rillaboom\n|move|p1b: Rillaboom|U-turn|p2b: Ogerpon\n|-supereffective|p2b: Ogerpon\n|-damage|p2b: Ogerpon|30\/100\n|\n|upkeep\n|turn|10\n|\n|t:|1699675402\n|move|p2b: Ogerpon|Horn Leech|p1b: Rillaboom\n|-resisted|p1b: Rillaboom\n|-damage|p1b: Rillaboom|8\/100\n|-heal|p2b: Ogerpon|42\/100|[from] drain|[of] p1b: Rillaboom\n|move|p1b: Rillaboom|Drum Beating|p2b: Ogerpon\n|-damage|p2b: Ogerpon|13\/100\n|-unboost|p2b: Ogerpon|spe|1\n|\n|upkeep\n|turn|11\n|\n|t:|1699675407\n|move|p1b: Rillaboom|Drum Beating|p2b: Ogerpon\n|-damage|p2b: Ogerpon|0 fnt\n|faint|p2b: Ogerpon\n|\n|win|LasermanZ11\n","uploadtime":1699675412,"views":22,"p1id":"lasermanz11","p2id":"monkima","formatid":"gen9vgc2023regulatione","rating":0,"private":0,"password":""}