{"id":"gen9vgc2023regulatione-1994369222","p1":"Pink_SSB","p2":"CrystalDialga","format":"[Gen 9] VGC 2023 Regulation E","log":"|j|\u2606Pink_SSB\n|j|\u2606CrystalDialga\n|n|\u2606Pink_SSB|pinkssb\n|n|\u2606CrystalDialga|crystaldialga\n|html|View the match progress at <a href=\"\/game-bestof3-gen9vgc2023regulatione-1994366923\">game-bestof3-gen9vgc2023regulatione-1994366923<\/a>\n|t:|1700436058\n|gametype|doubles\n|player|p1|Pink_SSB|1|\n|player|p2|CrystalDialga|larry|\n|teamsize|p1|6\n|teamsize|p2|6\n|gen|9\n|tier|[Gen 9] VGC 2023 Regulation E\n|rule|Species Clause: Limit one of each Pok\u00e9mon\n|rule|Item Clause: Limit one of each item\n|clearpoke\n|poke|p1|Eiscue, L50, M|\n|poke|p1|Iron Hands, L50|\n|poke|p1|Sinistcha, L50|\n|poke|p1|Landorus-Therian, L50, M|\n|poke|p1|Heatran, L50, F|\n|poke|p1|Flutter Mane, L50|\n|poke|p2|Dragapult, L50, M|\n|poke|p2|Chien-Pao, L50|\n|poke|p2|Ting-Lu, L50|\n|poke|p2|Rillaboom, L50, M|\n|poke|p2|Dondozo, L50, F|\n|poke|p2|Amoonguss, L50, M|\n|teampreview|4\n|\n|t:|1700436073\n|start\n|switch|p1a: Tera-Ass|Heatran, L50, F|100\/100\n|switch|p1b: Flutter Mane|Flutter Mane, L50|100\/100\n|switch|p2a: Dude from Ice Age|Chien-Pao, L50|100\/100\n|switch|p2b: Donbozo|Dondozo, L50, F|100\/100\n|-ability|p2a: Dude from Ice Age|Sword of Ruin\n|-enditem|p1b: Flutter Mane|Booster Energy\n|-activate|p1b: Flutter Mane|ability: Protosynthesis|[fromitem]\n|-start|p1b: Flutter Mane|protosynthesisspe\n|turn|1\n|\n|t:|1700436097\n|move|p1b: Flutter Mane|Protect|p1b: Flutter Mane\n|-singleturn|p1b: Flutter Mane|Protect\n|move|p2a: Dude from Ice Age|Protect|p2a: Dude from Ice Age\n|-singleturn|p2a: Dude from Ice Age|Protect\n|move|p1a: Tera-Ass|Heat Wave|p2a: Dude from Ice Age|[spread] p2b\n|-activate|p2a: Dude from Ice Age|move: Protect\n|-resisted|p2b: Donbozo\n|-damage|p2b: Donbozo|82\/100\n|move|p2b: Donbozo|Wave Crash|p1b: Flutter Mane\n|-activate|p1b: Flutter Mane|move: Protect\n|\n|-heal|p2b: Donbozo|88\/100|[from] item: Leftovers\n|upkeep\n|turn|2\n|\n|t:|1700436122\n|switch|p2a: \"One more fissure\"|Ting-Lu, L50|100\/100\n|-ability|p2a: \"One more fissure\"|Vessel of Ruin\n|-terastallize|p1a: Tera-Ass|Grass\n|move|p1b: Flutter Mane|Dazzling Gleam|p2a: \"One more fissure\"|[spread] p2a,p2b\n|-supereffective|p2a: \"One more fissure\"\n|-damage|p2a: \"One more fissure\"|79\/100\n|-damage|p2b: Donbozo|65\/100\n|move|p1a: Tera-Ass|Heat Wave|p2a: \"One more fissure\"|[spread] p2a,p2b\n|-resisted|p2b: Donbozo\n|-damage|p2a: \"One more fissure\"|68\/100\n|-damage|p2b: Donbozo|51\/100\n|-status|p2b: Donbozo|brn\n|move|p2b: Donbozo|Heavy Slam|p1b: Flutter Mane\n|-supereffective|p1b: Flutter Mane\n|-damage|p1b: Flutter Mane|37\/100\n|\n|-heal|p2b: Donbozo|57\/100 brn|[from] item: Leftovers\n|-damage|p2b: Donbozo|51\/100 brn|[from] brn\n|upkeep\n|turn|3\n|\n|t:|1700436142\n|-end|p1b: Flutter Mane|Protosynthesis|[silent]\n|switch|p1b: Brian's Sippy Cup|Sinistcha, L50|100\/100\n|-terastallize|p2a: \"One more fissure\"|Poison\n|move|p1a: Tera-Ass|Heat Wave|p2a: \"One more fissure\"|[spread] p2a,p2b\n|-resisted|p2b: Donbozo\n|-damage|p2a: \"One more fissure\"|56\/100\n|-damage|p2b: Donbozo|36\/100 brn\n|move|p2a: \"One more fissure\"|Heavy Slam|p1b: Brian's Sippy Cup\n|-damage|p1b: Brian's Sippy Cup|66\/100\n|-damage|p2a: \"One more fissure\"|39\/100|[from] item: Rocky Helmet|[of] p1b: Brian's Sippy Cup\n|move|p2b: Donbozo|Yawn|p1a: Tera-Ass\n|-start|p1a: Tera-Ass|move: Yawn|[of] p2b: Donbozo\n|\n|-heal|p2b: Donbozo|42\/100 brn|[from] item: Leftovers\n|-damage|p2b: Donbozo|36\/100 brn|[from] brn\n|upkeep\n|turn|4\n|\n|t:|1700436161\n|switch|p1a: Flutter Mane|Flutter Mane, L50|37\/100\n|move|p1b: Brian's Sippy Cup|Matcha Gotcha|p2a: \"One more fissure\"|[spread] p2b\n|-miss|p1b: Brian's Sippy Cup|p2a: \"One more fissure\"\n|-supereffective|p2b: Donbozo\n|-damage|p2b: Donbozo|0 fnt\n|-heal|p1b: Brian's Sippy Cup|92\/100|[from] drain|[of] p2b: Donbozo\n|faint|p2b: Donbozo\n|move|p2a: \"One more fissure\"|Stomping Tantrum|p1a: Flutter Mane\n|-damage|p1a: Flutter Mane|0 fnt\n|faint|p1a: Flutter Mane\n|-end|p1a: Flutter Mane|Protosynthesis|[silent]\n|\n|upkeep\n|\n|t:|1700436173\n|switch|p1a: Eiscue|Eiscue, L50, M|100\/100\n|switch|p2b: Dude from Ice Age|Chien-Pao, L50|100\/100\n|-ability|p2b: Dude from Ice Age|Sword of Ruin\n|turn|5\n|\n|t:|1700436187\n|move|p2b: Dude from Ice Age|Icicle Crash|p1a: Eiscue\n|-activate|p1a: Eiscue|ability: Ice Face\n|-damage|p1a: Eiscue|100\/100\n|detailschange|p1a: Eiscue|Eiscue-Noice, L50, M\n|cant|p1a: Eiscue|flinch\n|move|p2a: \"One more fissure\"|Heavy Slam|p1a: Eiscue\n|-supereffective|p1a: Eiscue\n|-damage|p1a: Eiscue|0 fnt\n|faint|p1a: Eiscue\n|move|p1b: Brian's Sippy Cup|Trick Room|p1b: Brian's Sippy Cup\n|-fieldstart|move: Trick Room|[of] p1b: Brian's Sippy Cup\n|\n|upkeep\n|\n|t:|1700436197\n|switch|p1a: Tera-Ass|Heatran, L50, F, tera:Grass|100\/100\n|turn|6\n|\n|t:|1700436205\n|move|p2b: Dude from Ice Age|Protect|p2b: Dude from Ice Age\n|-singleturn|p2b: Dude from Ice Age|Protect\n|move|p2a: \"One more fissure\"|Ruination|p1a: Tera-Ass\n|-damage|p1a: Tera-Ass|50\/100\n|move|p1b: Brian's Sippy Cup|Matcha Gotcha|p2a: \"One more fissure\"|[spread] p2a\n|-activate|p2b: Dude from Ice Age|move: Protect\n|-resisted|p2a: \"One more fissure\"\n|-damage|p2a: \"One more fissure\"|34\/100\n|-heal|p1b: Brian's Sippy Cup|95\/100|[from] drain|[of] p2a: \"One more fissure\"\n|-status|p2a: \"One more fissure\"|brn\n|move|p1a: Tera-Ass|Heat Wave|p2a: \"One more fissure\"|[spread] p2a\n|-activate|p2b: Dude from Ice Age|move: Protect\n|-damage|p2a: \"One more fissure\"|21\/100 brn\n|\n|-heal|p1a: Tera-Ass|57\/100|[from] item: Leftovers\n|-damage|p2a: \"One more fissure\"|16\/100 brn|[from] brn\n|upkeep\n|turn|7\n|\n|t:|1700436239\n|move|p2b: Dude from Ice Age|Sucker Punch|p1a: Tera-Ass\n|-damage|p1a: Tera-Ass|16\/100\n|move|p2a: \"One more fissure\"|Fissure|p1a: Tera-Ass|[miss]\n|-miss|p2a: \"One more fissure\"|p1a: Tera-Ass\n|move|p1b: Brian's Sippy Cup|Matcha Gotcha|p2a: \"One more fissure\"|[spread] p2a,p2b\n|-resisted|p2a: \"One more fissure\"\n|-damage|p2a: \"One more fissure\"|10\/100 brn\n|-heal|p1b: Brian's Sippy Cup|99\/100|[from] drain|[of] p2a: \"One more fissure\"\n|-damage|p2b: Dude from Ice Age|65\/100\n|-heal|p1b: Brian's Sippy Cup|100\/100|[from] drain|[of] p2b: Dude from Ice Age\n|-status|p2b: Dude from Ice Age|brn\n|move|p1a: Tera-Ass|Heat Wave|p2a: \"One more fissure\"|[spread] p2a,p2b\n|-supereffective|p2b: Dude from Ice Age\n|-crit|p2b: Dude from Ice Age\n|-damage|p2a: \"One more fissure\"|0 fnt\n|-damage|p2b: Dude from Ice Age|0 fnt\n|faint|p2a: \"One more fissure\"\n|faint|p2b: Dude from Ice Age\n|\n|-heal|p1a: Tera-Ass|22\/100|[from] item: Leftovers\n|upkeep\n|\n|t:|1700436247\n|switch|p2a: pookie bear|Dragapult, L50, M|100\/100\n|turn|8\n|\n|t:|1700436262\n|move|p1b: Brian's Sippy Cup|Matcha Gotcha|p2a: pookie bear\n|-resisted|p2a: pookie bear\n|-damage|p2a: pookie bear|71\/100\n|move|p1a: Tera-Ass|Flash Cannon|p2a: pookie bear\n|-damage|p2a: pookie bear|16\/100\n|move|p2a: pookie bear|Dragon Darts|p1a: Tera-Ass\n|-damage|p1a: Tera-Ass|0 fnt\n|-anim|p2a: pookie bear|Dragon Darts|p1b: Brian's Sippy Cup\n|-damage|p1b: Brian's Sippy Cup|63\/100\n|faint|p1a: Tera-Ass\n|\n|upkeep\n|turn|9\n|c|\u2606CrystalDialga|should not have tried to click fissure\n|\n|t:|1700436271\n|move|p1b: Brian's Sippy Cup|Matcha Gotcha|p2a: pookie bear\n|-resisted|p2a: pookie bear\n|-damage|p2a: pookie bear|0 fnt\n|-heal|p1b: Brian's Sippy Cup|70\/100|[from] drain|[of] p2a: pookie bear\n|faint|p2a: pookie bear\n|\n|win|Pink_SSB\n|c|&|\/uhtml prompt-pinkssb,Pink_SSB is ready for game 3!\n|inactive|CrystalDialga has 50 seconds to confirm battle start!\n|c|&|\/uhtml prompt-crystaldialga,CrystalDialga is ready for game 3!\nBoth players are ready! Starting next match!\n|l|\u2606Pink_SSB\n|l|\u2606CrystalDialga\n|j|\u2606Pink_SSB\n|player|p1|Pink_SSB|1\n","uploadtime":1700436280,"views":6,"p1id":"pinkssb","p2id":"crystaldialga","formatid":"gen9vgc2023regulatione","rating":0,"private":0,"password":""}