{"id":"gen9vgc2023regulatione-1999351565","p1":"F3EF0O","p2":"gabtesting","format":"[Gen 9] VGC 2023 Regulation E","log":"|j|\u2606F3EF0O\n|j|\u2606gabtesting\n|t:|1701064992\n|gametype|doubles\n|player|p1|F3EF0O|2|\n|player|p2|gabtesting|169|\n|teamsize|p1|6\n|teamsize|p2|6\n|gen|9\n|tier|[Gen 9] VGC 2023 Regulation E\n|rule|Species Clause: Limit one of each Pok\u00e9mon\n|rule|Item Clause: Limit one of each item\n|clearpoke\n|poke|p1|Jolteon, L50, F|\n|poke|p1|Dudunsparce-*, L50, M|\n|poke|p1|Flamigo, L50, F|\n|poke|p1|Medicham, L50, F|\n|poke|p1|Amoonguss, L50, F|\n|poke|p1|Talonflame, L50, F|\n|poke|p2|Ninetales-Alola, L50, F|\n|poke|p2|Cetitan, L50, M|\n|poke|p2|Baxcalibur, L50, F|\n|poke|p2|Landorus-Therian, L50, M|\n|poke|p2|Heatran, L50, F|\n|poke|p2|Zapdos, L50|\n|teampreview|4\n|inactive|Battle timer is ON: inactive players will automatically lose when time's up. (requested by gabtesting)\n|inactive|F3EF0O also wants the timer to be on.\ngabtesting has agreed to open team sheets.\n|c|\u2606F3EF0O|i wanna try something different\nF3EF0O has agreed to open team sheets.\n|showteam|p1|Jolteon||ChoiceScarf|VoltAbsorb|PinMissile,Thunderbolt,HyperVoice,Discharge|||F|||50|,,,,,Electric]Dudunsparce-Three-Segment||WeaknessPolicy|Rattled|Coil,PoisonJab,Protect,TeraBlast|||M|||50|,,,,,Psychic]Flamigo||AssaultVest|Costar|CloseCombat,BraveBird,ThroatChop,DualWingbeat|||F|||50|,,,,,Flying]Medicham||FocusSash|PurePower|HighJumpKick,BulletPunch,FirePunch,PsychUp|||F|||50|,,,,,Fighting]Amoonguss||RockyHelmet|Regenerator|RagePowder,GigaDrain,Protect,PollenPuff|||F|||50|,,,,,Grass]Talonflame||LifeOrb|FlameBody|Roost,BraveBird,FlareBlitz,Protect|||F|||50|,,,,,Fire\n|showteam|p2|Ninetales-Alola||SitrusBerry|SnowWarning|Blizzard,Moonblast,AuroraVeil,Protect|||F|||50|,,,,,Water]Cetitan||AssaultVest|SlushRush|IcicleCrash,Liquidation,HeavySlam,Superpower|||M|||50|,,,,,Water]Baxcalibur||LoadedDice|IceBody|IcicleSpear,ScaleShot,SwordsDance,Protect|||F|||50|,,,,,Poison]Landorus-Therian||ChoiceScarf|Intimidate|RockSlide,StompingTantrum,TeraBlast,Uturn|||M|||50|,,,,,Flying]Heatran||LifeOrb|FlashFire|HeatWave,TeraBlast,EarthPower,Protect|||F|||50|,,,,,Grass]Zapdos||RockyHelmet|Static|Thunderbolt,Hurricane,Tailwind,Roost||||||50|,,,,,Ghost\n|c|\u2606F3EF0O|just a lil bit tho\n|inactive|gabtesting has 30 seconds left.\n|\n|t:|1701065041\n|start\n|switch|p1a: Jolteon|Jolteon, L50, F|100\/100\n|switch|p1b: Dudunsparce|Dudunsparce-Three-Segment, L50, M, shiny|100\/100\n|switch|p2a: Ninetales|Ninetales-Alola, L50, F|100\/100\n|switch|p2b: Baxcalibur|Baxcalibur, L50, F|100\/100\n|-weather|Snow|[from] ability: Snow Warning|[of] p2a: Ninetales\n|turn|1\n|\n|t:|1701065053\n|-terastallize|p1b: Dudunsparce|Psychic\n|move|p1a: Jolteon|Pin Missile|p1b: Dudunsparce\n|-supereffective|p1b: Dudunsparce\n|-damage|p1b: Dudunsparce|94\/100\n|-ability|p1b: Dudunsparce|Rattled|boost\n|-boost|p1b: Dudunsparce|spe|1\n|-enditem|p1b: Dudunsparce|Weakness Policy\n|-boost|p1b: Dudunsparce|atk|2|[from] item: Weakness Policy\n|-boost|p1b: Dudunsparce|spa|2|[from] item: Weakness Policy\n|-supereffective|p1b: Dudunsparce\n|-damage|p1b: Dudunsparce|86\/100\n|-ability|p1b: Dudunsparce|Rattled|boost\n|-boost|p1b: Dudunsparce|spe|1\n|-hitcount|p1b: Dudunsparce|2\n|move|p1b: Dudunsparce|Coil|p1b: Dudunsparce\n|-boost|p1b: Dudunsparce|atk|1\n|-boost|p1b: Dudunsparce|def|1\n|-boost|p1b: Dudunsparce|accuracy|1\n|move|p2a: Ninetales|Aurora Veil|p2a: Ninetales\n|-sidestart|p2: gabtesting|move: Aurora Veil\n|move|p2b: Baxcalibur|Swords Dance|p2b: Baxcalibur\n|-boost|p2b: Baxcalibur|atk|2\n|\n|-weather|Snow|[upkeep]\n|upkeep\n|turn|2\n|c|\u2606F3EF0O|lets see\n|c|\u2606F3EF0O|will i survive :)\n|c|\u2606F3EF0O|unfortunate pin missle rng\n|c|\u2606F3EF0O|ah well\n|inactive|F3EF0O has 30 seconds left.\n|\n|t:|1701065081\n|switch|p1a: Flamigo|Flamigo, L50, F|100\/100\n|-copyboost|p1a: Flamigo|p1b: Dudunsparce|[from] ability: Costar\n|move|p1b: Dudunsparce|Poison Jab|p2a: Ninetales\n|-supereffective|p2a: Ninetales\n|-damage|p2a: Ninetales|57\/100\n|move|p2a: Ninetales|Blizzard|p1a: Flamigo|[spread] p1a,p1b\n|-supereffective|p1a: Flamigo\n|-damage|p1a: Flamigo|50\/100\n|-damage|p1b: Dudunsparce|68\/100\n|-status|p1a: Flamigo|frz\n|move|p2b: Baxcalibur|Icicle Spear|p1a: Flamigo\n|-supereffective|p1a: Flamigo\n|-damage|p1a: Flamigo|0 fnt\n|faint|p1a: Flamigo\n|-hitcount|p1: Flamigo|1\n|\n|-weather|Snow|[upkeep]\n|upkeep\n|c|\u2606gabtesting|there it is\n|c|\u2606F3EF0O|BRO\n|c|\u2606F3EF0O|STOP FREEZING\n|c|\u2606F3EF0O|ITS NOT OK\n|c|\u2606gabtesting|maybe do loaded dice on jolteon\n|inactive|F3EF0O has 30 seconds left.\n|c|\u2606gabtesting|doesn't really need scarf i feel\n|\n|t:|1701065109\n|switch|p1a: Talonflame|Talonflame, L50, F|100\/100\n|turn|3\n|c|\u2606F3EF0O|ig\n|\n|t:|1701065129\n|-terastallize|p2a: Ninetales|Water\n|move|p1b: Dudunsparce|Poison Jab|p2a: Ninetales\n|-damage|p2a: Ninetales|21\/100\n|-status|p2a: Ninetales|psn\n|-enditem|p2a: Ninetales|Sitrus Berry|[eat]\n|-heal|p2a: Ninetales|45\/100 psn|[from] item: Sitrus Berry\n|move|p2a: Ninetales|Blizzard|p1a: Talonflame|[spread] p1a,p1b\n|-damage|p1a: Talonflame|65\/100\n|-damage|p1b: Dudunsparce|48\/100\n|-status|p1b: Dudunsparce|frz\n|move|p1a: Talonflame|Flare Blitz|p2a: Ninetales\n|-resisted|p2a: Ninetales\n|-damage|p2a: Ninetales|22\/100 psn\n|-damage|p1a: Talonflame|58\/100|[from] Recoil\n|-damage|p1a: Talonflame|48\/100|[from] item: Life Orb\n|move|p2b: Baxcalibur|Scale Shot|p1b: Dudunsparce\n|-damage|p1b: Dudunsparce|29\/100 frz\n|-damage|p1b: Dudunsparce|12\/100 frz\n|-damage|p1b: Dudunsparce|0 fnt\n|faint|p1b: Dudunsparce\n|-hitcount|p1: Dudunsparce|3\n|-unboost|p2b: Baxcalibur|def|1\n|-boost|p2b: Baxcalibur|spe|1\n|\n|-weather|Snow|[upkeep]\n|-damage|p2a: Ninetales|10\/100 psn|[from] psn\n|upkeep\n|c|\u2606F3EF0O|i swear\n|c|\u2606F3EF0O|you have used blizzard 10  times\n|c|\u2606F3EF0O|it froze 9 of those times\n|inactive|F3EF0O has 30 seconds left.\n|c|\u2606F3EF0O|atleast 1 mon\n|\n|t:|1701065159\n|switch|p1b: Jolteon|Jolteon, L50, F|100\/100\n|turn|4\n|\n|t:|1701065170\n|move|p1b: Jolteon|Thunderbolt|p2a: Ninetales\n|-supereffective|p2a: Ninetales\n|-damage|p2a: Ninetales|0 fnt\n|faint|p2a: Ninetales\n|move|p2b: Baxcalibur|Scale Shot|p1a: Talonflame\n|-damage|p1a: Talonflame|13\/100\n|-damage|p1a: Talonflame|0 fnt\n|faint|p1a: Talonflame\n|-hitcount|p1: Talonflame|2\n|-unboost|p2b: Baxcalibur|def|1\n|-boost|p2b: Baxcalibur|spe|1\n|\n|-weather|Snow|[upkeep]\n|upkeep\n|\n|t:|1701065177\n|switch|p2a: Landorus|Landorus-Therian, L50, M|100\/100\n|-ability|p2a: Landorus|Intimidate|boost\n|-unboost|p1b: Jolteon|atk|1\n|turn|5\n|\n|t:|1701065182\n|move|p1b: Jolteon|Thunderbolt|p2b: Baxcalibur\n|-resisted|p2b: Baxcalibur\n|-crit|p2b: Baxcalibur\n|-damage|p2b: Baxcalibur|76\/100\n|move|p2b: Baxcalibur|Icicle Spear|p1b: Jolteon\n|-damage|p1b: Jolteon|63\/100\n|-damage|p1b: Jolteon|22\/100\n|-damage|p1b: Jolteon|0 fnt\n|faint|p1b: Jolteon\n|-hitcount|p1: Jolteon|3\n|\n|win|gabtesting\n|l|\u2606F3EF0O\n","uploadtime":1701065193,"views":10,"p1id":"f3ef0o","p2id":"gabtesting","formatid":"gen9vgc2023regulatione","rating":0,"private":0,"password":""}