{"id":"gen9vgc2023regulatione-1996031014","p1":"Astr0Striden","p2":"luxray2029","format":"[Gen 9] VGC 2023 Regulation E","log":"|j|\u2606Astr0Striden\n|j|\u2606luxray2029\n|t:|1700632180\n|gametype|doubles\n|player|p1|Astr0Striden|265|1162\n|player|p2|luxray2029|266|1160\n|teamsize|p1|6\n|teamsize|p2|6\n|gen|9\n|tier|[Gen 9] VGC 2023 Regulation E\n|rated|\n|rule|Species Clause: Limit one of each Pok\u00e9mon\n|rule|Item Clause: Limit one of each item\n|clearpoke\n|poke|p1|Ceruledge, L50, F|\n|poke|p1|Sinistcha, L50|\n|poke|p1|Dondozo, L50, F|\n|poke|p1|Tatsugiri, L50, M|\n|poke|p1|Iron Hands, L50|\n|poke|p1|Landorus-Therian, L50, M|\n|poke|p2|Cinderace, L50, F|\n|poke|p2|Chien-Pao, L50|\n|poke|p2|Farigiraf, L50, M|\n|poke|p2|Regieleki, L50|\n|poke|p2|Flutter Mane, L50|\n|poke|p2|Rillaboom, L50, F|\n|teampreview|4\n|\n|t:|1700632222\n|start\n|switch|p1a: Ceruledge|Ceruledge, L50, F, shiny|100\/100\n|switch|p1b: Iron Hands|Iron Hands, L50|100\/100\n|switch|p2a: Farigiraf|Farigiraf, L50, M|100\/100\n|switch|p2b: Rillaboom|Rillaboom, L50, F|100\/100\n|-fieldstart|move: Grassy Terrain|[from] ability: Grassy Surge|[of] p2b: Rillaboom\n|turn|1\n|\n|t:|1700632243\n|move|p1a: Ceruledge|Bitter Blade|p2b: Rillaboom\n|-supereffective|p2b: Rillaboom\n|-damage|p2b: Rillaboom|13\/100\n|move|p2b: Rillaboom|Knock Off|p1a: Ceruledge\n|-supereffective|p1a: Ceruledge\n|-damage|p1a: Ceruledge|14\/100\n|-enditem|p1a: Ceruledge|Clear Amulet|[from] move: Knock Off|[of] p2b: Rillaboom\n|move|p2a: Farigiraf|Reflect|p2a: Farigiraf\n|-sidestart|p2: luxray2029|Reflect\n|move|p1b: Iron Hands|Drain Punch|p2a: Farigiraf\n|-damage|p2a: Farigiraf|75\/100\n|\n|-heal|p1a: Ceruledge|20\/100|[from] Grassy Terrain\n|-heal|p2b: Rillaboom|19\/100|[from] Grassy Terrain\n|-heal|p2a: Farigiraf|81\/100|[from] Grassy Terrain\n|upkeep\n|turn|2\n|\n|t:|1700632285\n|move|p1a: Ceruledge|Bitter Blade|p2a: Farigiraf\n|-damage|p2a: Farigiraf|58\/100\n|-heal|p1a: Ceruledge|38\/100|[from] drain|[of] p2a: Farigiraf\n|move|p2b: Rillaboom|U-turn|p1a: Ceruledge\n|-resisted|p1a: Ceruledge\n|-damage|p1a: Ceruledge|29\/100\n|\n|t:|1700632291\n|switch|p2b: Flutter Mane|Flutter Mane, L50|100\/100|[from] U-turn\n|-enditem|p2b: Flutter Mane|Booster Energy\n|-activate|p2b: Flutter Mane|ability: Protosynthesis|[fromitem]\n|-start|p2b: Flutter Mane|protosynthesisspe\n|move|p2a: Farigiraf|Hyper Voice|p1b: Iron Hands|[spread] p1b\n|-immune|p1a: Ceruledge\n|-damage|p1b: Iron Hands|86\/100\n|move|p1b: Iron Hands|Volt Switch|p2b: Flutter Mane\n|-crit|p2b: Flutter Mane\n|-damage|p2b: Flutter Mane|80\/100\n|\n|t:|1700632305\n|-end|p1b: Iron Hands|Quark Drive|[silent]\n|switch|p1b: Dondozo|Dondozo, L50, F, shiny|100\/100|[from] Volt Switch\n|\n|-heal|p2b: Flutter Mane|86\/100|[from] Grassy Terrain\n|-heal|p1a: Ceruledge|35\/100|[from] Grassy Terrain\n|-heal|p2a: Farigiraf|64\/100|[from] Grassy Terrain\n|upkeep\n|turn|3\n|\n|t:|1700632321\n|switch|p1a: Tatsugiri|Tatsugiri, L50, M|100\/100\n|-activate|p1a: Tatsugiri|ability: Commander|[of] p1b: Dondozo\n|-boost|p1b: Dondozo|atk|2\n|-boost|p1b: Dondozo|spa|2\n|-boost|p1b: Dondozo|spe|2\n|-boost|p1b: Dondozo|def|2\n|-boost|p1b: Dondozo|spd|2\n|-terastallize|p2b: Flutter Mane|Fairy\n|move|p2b: Flutter Mane|Calm Mind|p2b: Flutter Mane\n|-boost|p2b: Flutter Mane|spa|1\n|-boost|p2b: Flutter Mane|spd|1\n|move|p1b: Dondozo|Heavy Slam|p2b: Flutter Mane\n|-supereffective|p2b: Flutter Mane\n|-damage|p2b: Flutter Mane|0 fnt\n|faint|p2b: Flutter Mane\n|-end|p2b: Flutter Mane|Protosynthesis|[silent]\n|move|p2a: Farigiraf|Hyper Voice|p1b: Dondozo|[spread] p1b\n|-miss|p2a: Farigiraf|p1a: Tatsugiri\n|-damage|p1b: Dondozo|88\/100\n|\n|-heal|p1b: Dondozo|95\/100|[from] Grassy Terrain\n|-heal|p1b: Dondozo|100\/100|[from] item: Leftovers\n|-heal|p2a: Farigiraf|70\/100|[from] Grassy Terrain\n|upkeep\n|\n|t:|1700632339\n|switch|p2b: Rillaboom|Rillaboom, L50, F|19\/100\n|turn|4\n|\n|t:|1700632344\n|switch|p2a: Regieleki|Regieleki, L50|100\/100\n|move|p1b: Dondozo|Protect|p1b: Dondozo\n|-singleturn|p1b: Dondozo|Protect\n|move|p2b: Rillaboom|Fake Out|p1b: Dondozo\n|-activate|p1b: Dondozo|move: Protect\n|\n|-heal|p2b: Rillaboom|25\/100|[from] Grassy Terrain\n|upkeep\n|turn|5\n|\n|t:|1700632363\n|-terastallize|p1b: Dondozo|Ground\n|move|p2b: Rillaboom|Grassy Glide|p1b: Dondozo\n|-supereffective|p1b: Dondozo\n|-damage|p1b: Dondozo|79\/100\n|move|p2a: Regieleki|Electroweb|p1b: Dondozo|[spread] \n|-miss|p2a: Regieleki|p1a: Tatsugiri\n|-immune|p1b: Dondozo\n|move|p1b: Dondozo|Earthquake|p2a: Regieleki|[spread] p2a,p2b\n|-miss|p1b: Dondozo|p1a: Tatsugiri\n|-supereffective|p2a: Regieleki\n|-resisted|p2b: Rillaboom\n|-damage|p2a: Regieleki|0 fnt\n|-damage|p2b: Rillaboom|12\/100\n|faint|p2a: Regieleki\n|\n|-heal|p2b: Rillaboom|18\/100|[from] Grassy Terrain\n|-heal|p1b: Dondozo|85\/100|[from] Grassy Terrain\n|-heal|p1b: Dondozo|91\/100|[from] item: Leftovers\n|-sideend|p2: luxray2029|Reflect\n|-fieldend|move: Grassy Terrain\n|upkeep\n|c|\u2606luxray2029|gg\n|-message|luxray2029 forfeited.\n|\n|win|Astr0Striden\n|raw|Astr0Striden's rating: 1162 &rarr; <strong>1187<\/strong><br \/>(+25 for winning)\n|raw|luxray2029's rating: 1160 &rarr; <strong>1135<\/strong><br \/>(-25 for losing)\n|l|\u2606luxray2029\n","uploadtime":1700632390,"views":0,"p1id":"astr0striden","p2id":"luxray2029","formatid":"gen9vgc2023regulatione","rating":1135,"private":0,"password":""}