{"id":"gen9vgc2023regulatione-1995800793","p1":"tsuki9669","p2":"secretstudent","format":"[Gen 9] VGC 2023 Regulation E","log":"|j|\u2606tsuki9669\n|j|\u2606secretstudent\n|t:|1700604439\n|gametype|doubles\n|player|p1|tsuki9669|bellelba|1256\n|player|p2|secretstudent|beauty|1190\n|teamsize|p1|6\n|teamsize|p2|6\n|gen|9\n|tier|[Gen 9] VGC 2023 Regulation E\n|rated|\n|rule|Species Clause: Limit one of each Pok\u00e9mon\n|rule|Item Clause: Limit one of each item\n|clearpoke\n|poke|p1|Abomasnow, L50, F|\n|poke|p1|Amoonguss, L50, F|\n|poke|p1|Arcanine-Hisui, L50, M|\n|poke|p1|Azumarill, L50, F|\n|poke|p1|Articuno, L50|\n|poke|p1|Annihilape, L50, F|\n|poke|p2|Chien-Pao, L50|\n|poke|p2|Amoonguss, L50, F|\n|poke|p2|Hatterene, L50, F|\n|poke|p2|Gyarados, L50, M|\n|poke|p2|Volcarona, L50, M|\n|poke|p2|Ogerpon, L50, F|\n|teampreview|4\n|inactive|Battle timer is ON: inactive players will automatically lose when time's up. (requested by tsuki9669)\n|inactive|tsuki9669 has 60 seconds left.\n|inactive|secretstudent has 60 seconds left.\n|\n|t:|1700604485\n|start\n|switch|p1a: Arcanine|Arcanine-Hisui, L50, M|100\/100\n|switch|p1b: Amoonguss|Amoonguss, L50, F|100\/100\n|switch|p2a: Gyarados|Gyarados, L50, M|100\/100\n|switch|p2b: Ogerpon|Ogerpon, L50, F|100\/100\n|-ability|p1a: Arcanine|Intimidate|boost\n|-unboost|p2a: Gyarados|atk|1\n|-unboost|p2b: Ogerpon|atk|1\n|-ability|p2b: Ogerpon|Defiant|boost\n|-boost|p2b: Ogerpon|atk|2\n|-ability|p2a: Gyarados|Intimidate|boost\n|-unboost|p1a: Arcanine|atk|1\n|-unboost|p1b: Amoonguss|atk|1\n|turn|1\n|inactive|secretstudent has 30 seconds left.\n|\n|t:|1700604511\n|switch|p1a: Abomasnow|Abomasnow, L50, F|100\/100\n|-weather|Snow|[from] ability: Snow Warning|[of] p1a: Abomasnow\n|switch|p2a: Hatterene|Hatterene, L50, F|100\/100\n|move|p2b: Ogerpon|Stomping Tantrum|p1a: Abomasnow\n|-resisted|p1a: Abomasnow\n|-damage|p1a: Abomasnow|82\/100\n|-damage|p2b: Ogerpon|91\/100|[from] item: Life Orb\n|move|p1b: Amoonguss|Pollen Puff|p2b: Ogerpon\n|-supereffective|p2b: Ogerpon\n|-damage|p2b: Ogerpon|48\/100\n|\n|-weather|Snow|[upkeep]\n|upkeep\n|turn|2\n|inactive|secretstudent has 30 seconds left.\n|inactive|secretstudent has 20 seconds left.\n|inactive|secretstudent has 15 seconds left.\n|\n|t:|1700604553\n|move|p2b: Ogerpon|Spiky Shield|p2b: Ogerpon\n|-singleturn|p2b: Ogerpon|move: Protect\n|move|p1a: Abomasnow|Aurora Veil|p1a: Abomasnow\n|-sidestart|p1: tsuki9669|move: Aurora Veil\n|move|p1b: Amoonguss|Pollen Puff|p2b: Ogerpon\n|-activate|p2b: Ogerpon|move: Protect\n|move|p2a: Hatterene|Psychic|p1b: Amoonguss\n|-supereffective|p1b: Amoonguss\n|-damage|p1b: Amoonguss|37\/100\n|\n|-weather|Snow|[upkeep]\n|upkeep\n|turn|3\n|inactive|secretstudent has 30 seconds left.\n|\n|t:|1700604586\n|switch|p2b: Gyarados|Gyarados, L50, M|100\/100\n|-ability|p2b: Gyarados|Intimidate|boost\n|-unboost|p1a: Abomasnow|atk|1\n|-unboost|p1b: Amoonguss|atk|1\n|move|p1b: Amoonguss|Protect|p1b: Amoonguss\n|-singleturn|p1b: Amoonguss|Protect\n|move|p1a: Abomasnow|Icy Wind|p2b: Gyarados|[spread] p2a,p2b\n|-damage|p2a: Hatterene|83\/100\n|-damage|p2b: Gyarados|83\/100\n|-unboost|p2b: Gyarados|spe|1\n|move|p2a: Hatterene|Psychic|p1b: Amoonguss\n|-activate|p1b: Amoonguss|move: Protect\n|\n|-weather|Snow|[upkeep]\n|upkeep\n|turn|4\n|\n|t:|1700604606\n|switch|p1b: Arcanine|Arcanine-Hisui, L50, M|100\/100\n|-ability|p1b: Arcanine|Intimidate|boost\n|-unboost|p2a: Hatterene|atk|1\n|-unboost|p2b: Gyarados|atk|1\n|move|p2b: Gyarados|Protect|p2b: Gyarados\n|-singleturn|p2b: Gyarados|Protect\n|move|p1a: Abomasnow|Icy Wind|p2a: Hatterene|[spread] p2a\n|-activate|p2b: Gyarados|move: Protect\n|-damage|p2a: Hatterene|68\/100\n|move|p2a: Hatterene|Trick Room|p2a: Hatterene\n|-fieldstart|move: Trick Room|[of] p2a: Hatterene\n|\n|-weather|Snow|[upkeep]\n|upkeep\n|turn|5\n|\n|t:|1700604623\n|switch|p1a: Annihilape|Annihilape, L50, F|100\/100\n|move|p2a: Hatterene|Psychic|p1a: Annihilape\n|-supereffective|p1a: Annihilape\n|-damage|p1a: Annihilape|39\/100\n|move|p2b: Gyarados|Waterfall|p1b: Arcanine\n|-supereffective|p1b: Arcanine\n|-damage|p1b: Arcanine|11\/100\n|cant|p1b: Arcanine|flinch\n|\n|-weather|none\n|-heal|p1a: Annihilape|45\/100|[from] item: Leftovers\n|upkeep\n|turn|6\n|\n|t:|1700604646\n|switch|p1b: Amoonguss|Amoonguss, L50, F|70\/100\n|move|p1a: Annihilape|Protect|p1a: Annihilape\n|-singleturn|p1a: Annihilape|Protect\n|move|p2a: Hatterene|Dazzling Gleam|p1b: Amoonguss|[spread] p1b\n|-activate|p1a: Annihilape|move: Protect\n|-resisted|p1b: Amoonguss\n|-damage|p1b: Amoonguss|61\/100\n|move|p2b: Gyarados|Waterfall|p1a: Annihilape\n|-activate|p1a: Annihilape|move: Protect\n|\n|-heal|p1a: Annihilape|51\/100|[from] item: Leftovers\n|upkeep\n|turn|7\n|inactive|tsuki9669 has 30 seconds left.\n|\n|t:|1700604676\n|switch|p1b: Arcanine|Arcanine-Hisui, L50, M|11\/100\n|-ability|p1b: Arcanine|Intimidate|boost\n|-unboost|p2a: Hatterene|atk|1\n|-unboost|p2b: Gyarados|atk|1\n|switch|p2b: Ogerpon|Ogerpon, L50, F|48\/100\n|move|p1a: Annihilape|Protect||[still]\n|-fail|p1a: Annihilape\n|move|p2a: Hatterene|Psychic|p1a: Annihilape\n|-supereffective|p1a: Annihilape\n|-damage|p1a: Annihilape|0 fnt\n|faint|p1a: Annihilape\n|\n|upkeep\n|\n|t:|1700604691\n|switch|p1a: Amoonguss|Amoonguss, L50, F|94\/100\n|turn|8\n|\n|t:|1700604709\n|move|p2b: Ogerpon|Spiky Shield|p2b: Ogerpon\n|-singleturn|p2b: Ogerpon|move: Protect\n|move|p1b: Arcanine|Extreme Speed|p2a: Hatterene\n|-damage|p2a: Hatterene|39\/100\n|move|p2a: Hatterene|Psychic|p1a: Amoonguss\n|-supereffective|p1a: Amoonguss\n|-damage|p1a: Amoonguss|29\/100\n|move|p1a: Amoonguss|Pollen Puff|p2a: Hatterene\n|-damage|p2a: Hatterene|19\/100\n|\n|-fieldend|move: Trick Room\n|upkeep\n|turn|9\n|inactive|secretstudent has 30 seconds left.\n|\n|t:|1700604739\n|move|p2b: Ogerpon|Follow Me|p2b: Ogerpon\n|-singleturn|p2b: Ogerpon|move: Follow Me\n|move|p1b: Arcanine|Extreme Speed|p2b: Ogerpon\n|-damage|p2b: Ogerpon|15\/100\n|move|p1a: Amoonguss|Pollen Puff|p2b: Ogerpon\n|-supereffective|p2b: Ogerpon\n|-damage|p2b: Ogerpon|0 fnt\n|faint|p2b: Ogerpon\n|move|p2a: Hatterene|Psychic|p1a: Amoonguss\n|-supereffective|p1a: Amoonguss\n|-damage|p1a: Amoonguss|0 fnt\n|faint|p1a: Amoonguss\n|\n|-sideend|p1: tsuki9669|move: Aurora Veil\n|upkeep\n|\n|t:|1700604753\n|switch|p2b: Gyarados|Gyarados, L50, M|83\/100\n|switch|p1a: Abomasnow|Abomasnow, L50, F|82\/100\n|-ability|p2b: Gyarados|Intimidate|boost\n|-unboost|p1a: Abomasnow|atk|1\n|-unboost|p1b: Arcanine|atk|1\n|-weather|Snow|[from] ability: Snow Warning|[of] p1a: Abomasnow\n|turn|10\n|\n|t:|1700604772\n|move|p1b: Arcanine|Extreme Speed|p2a: Hatterene\n|-damage|p2a: Hatterene|0 fnt\n|faint|p2a: Hatterene\n|move|p2b: Gyarados|Waterfall|p1b: Arcanine\n|-supereffective|p1b: Arcanine\n|-damage|p1b: Arcanine|0 fnt\n|faint|p1b: Arcanine\n|move|p1a: Abomasnow|Aurora Veil|p1a: Abomasnow\n|-sidestart|p1: tsuki9669|move: Aurora Veil\n|\n|-weather|Snow|[upkeep]\n|upkeep\n|\n|t:|1700604777\n|switch|p2a: Amoonguss|Amoonguss, L50, F|100\/100\n|turn|11\n|\n|t:|1700604793\n|move|p2b: Gyarados|Thunder Wave|p1a: Abomasnow\n|-status|p1a: Abomasnow|par\n|move|p2a: Amoonguss|Pollen Puff|p1a: Abomasnow\n|-supereffective|p1a: Abomasnow\n|-damage|p1a: Abomasnow|58\/100 par\n|move|p1a: Abomasnow|Icy Wind|p2b: Gyarados|[spread] p2a,p2b\n|-supereffective|p2a: Amoonguss\n|-damage|p2a: Amoonguss|76\/100\n|-damage|p2b: Gyarados|67\/100\n|-unboost|p2a: Amoonguss|spe|1\n|-unboost|p2b: Gyarados|spe|1\n|\n|-weather|Snow|[upkeep]\n|upkeep\n|turn|12\n|\n|t:|1700604809\n|move|p2b: Gyarados|Waterfall|p1a: Abomasnow\n|-resisted|p1a: Abomasnow\n|-damage|p1a: Abomasnow|46\/100 par\n|move|p1a: Abomasnow|Giga Drain|p2b: Gyarados\n|-damage|p2b: Gyarados|34\/100\n|-heal|p1a: Abomasnow|62\/100 par|[from] drain|[of] p2b: Gyarados\n|-enditem|p2b: Gyarados|Sitrus Berry|[eat]\n|-heal|p2b: Gyarados|59\/100|[from] item: Sitrus Berry\n|move|p2a: Amoonguss|Pollen Puff|p1a: Abomasnow\n|-supereffective|p1a: Abomasnow\n|-damage|p1a: Abomasnow|39\/100 par\n|\n|-weather|Snow|[upkeep]\n|upkeep\n|turn|13\n|-message|tsuki9669 forfeited.\n|\n|win|secretstudent\n|raw|tsuki9669's rating: 1256 &rarr; <strong>1226<\/strong><br \/>(-30 for losing)\n|raw|secretstudent's rating: 1190 &rarr; <strong>1220<\/strong><br \/>(+30 for winning)\n|l|\u2606tsuki9669\n","uploadtime":1700604822,"views":0,"p1id":"tsuki9669","p2id":"secretstudent","formatid":"gen9vgc2023regulatione","rating":1220,"private":0,"password":""}