{"id":"gen9vgc2023regulatione-1997619924","p1":"ChrolloKills","p2":"Orb66623","format":"[Gen 9] VGC 2023 Regulation E","log":"|j|\u2606ChrolloKills\n|j|\u2606Orb66623\n|t:|1700833879\n|gametype|doubles\n|player|p1|ChrolloKills|cyrus|1559\n|player|p2|Orb66623|102|1441\n|teamsize|p1|6\n|teamsize|p2|6\n|gen|9\n|tier|[Gen 9] VGC 2023 Regulation E\n|rated|\n|rule|Species Clause: Limit one of each Pok\u00e9mon\n|rule|Item Clause: Limit one of each item\n|clearpoke\n|poke|p1|Weezing, L50, M|\n|poke|p1|Roaring Moon, L50|\n|poke|p1|Urshifu-*, L50, M|\n|poke|p1|Arcanine-Hisui, L50, M|\n|poke|p1|Brambleghast, L50, F|\n|poke|p1|Gholdengo, L50|\n|poke|p2|Armarouge, L50, F|\n|poke|p2|Indeedee-F, L50, F|\n|poke|p2|Ogerpon-Wellspring, L50, F|\n|poke|p2|Landorus-Therian, L50, M|\n|poke|p2|Torkoal, L50, M|\n|poke|p2|Iron Hands, L50|\n|teampreview|4\nChrolloKills has agreed to open team sheets.\n|inactive|Battle timer is ON: inactive players will automatically lose when time's up. (requested by Orb66623)\n|\n|t:|1700833925\n|start\n|switch|p1a: Arcanine|Arcanine-Hisui, L50, M|100\/100\n|switch|p1b: Roaring Moon|Roaring Moon, L50, shiny|100\/100\n|switch|p2a: Landorus|Landorus-Therian, L50, M|100\/100\n|switch|p2b: Indeedee|Indeedee-F, L50, F|100\/100\n|-ability|p2a: Landorus|Intimidate|boost\n|-unboost|p1a: Arcanine|atk|1\n|-unboost|p1b: Roaring Moon|atk|1\n|-ability|p1a: Arcanine|Intimidate|boost\n|-unboost|p2a: Landorus|atk|1\n|-unboost|p2b: Indeedee|atk|1\n|-fieldstart|move: Psychic Terrain|[from] ability: Psychic Surge|[of] p2b: Indeedee\n|-enditem|p2b: Indeedee|Psychic Seed\n|-boost|p2b: Indeedee|spd|1|[from] item: Psychic Seed\n|-enditem|p1b: Roaring Moon|Booster Energy\n|-activate|p1b: Roaring Moon|ability: Protosynthesis|[fromitem]\n|-start|p1b: Roaring Moon|protosynthesisspe\n|turn|1\n|inactive|Orb66623 has 30 seconds left.\n|inactive|Orb66623 has 20 seconds left.\n|inactive|ChrolloKills has 30 seconds left.\n|inactive|ChrolloKills has 20 seconds left.\n|inactive|ChrolloKills has 15 seconds left.\n|\n|t:|1700833984\n|move|p1b: Roaring Moon|Knock Off|p2a: Landorus\n|-damage|p2a: Landorus|66\/100\n|-enditem|p2a: Landorus|Choice Scarf|[from] move: Knock Off|[of] p1b: Roaring Moon\n|move|p2a: Landorus|U-turn|p1b: Roaring Moon\n|-supereffective|p1b: Roaring Moon\n|-damage|p1b: Roaring Moon|63\/100\n|j| Guido131\n|\n|t:|1700833995\n|switch|p2a: Iron Hands|Iron Hands, L50|100\/100|[from] U-turn\n|move|p1a: Arcanine|Rock Slide|p2a: Iron Hands|[spread] p2a,p2b\n|-resisted|p2a: Iron Hands\n|-damage|p2a: Iron Hands|90\/100\n|-damage|p2b: Indeedee|76\/100\n|move|p2b: Indeedee|Trick Room|p2b: Indeedee\n|-fieldstart|move: Trick Room|[of] p2b: Indeedee\n|\n|upkeep\n|turn|2\n|\n|t:|1700834019\n|switch|p1a: Gholdengo|Gholdengo, L50|100\/100\n|-end|p1b: Roaring Moon|Protosynthesis|[silent]\n|switch|p1b: Brambleghast|Brambleghast, L50, F|100\/100\n|move|p2b: Indeedee|Helping Hand|p2a: Iron Hands\n|-singleturn|p2a: Iron Hands|Helping Hand|[of] p2b: Indeedee\n|move|p2a: Iron Hands|Drain Punch|p1a: Gholdengo\n|-immune|p1a: Gholdengo\n|\n|upkeep\n|turn|3\n|inactive|ChrolloKills has 30 seconds left.\n|inactive|Orb66623 has 30 seconds left.\n|\n|t:|1700834053\n|-terastallize|p1a: Gholdengo|Dragon\n|move|p2b: Indeedee|Follow Me|p2b: Indeedee\n|-singleturn|p2b: Indeedee|move: Follow Me\n|move|p2a: Iron Hands|Earthquake|p1b: Brambleghast|[spread] p2b,p1a,p1b\n|-resisted|p1b: Brambleghast\n|-damage|p2b: Indeedee|49\/100\n|-damage|p1a: Gholdengo|75\/100\n|-damage|p1b: Brambleghast|76\/100\n|move|p1a: Gholdengo|Nasty Plot|p1a: Gholdengo\n|-boost|p1a: Gholdengo|spa|2\n|move|p1b: Brambleghast|Poltergeist||[still]\n|-fail|p1b: Brambleghast\n|\n|upkeep\n|turn|4\n|inactive|Orb66623 has 30 seconds left.\n|\n|t:|1700834078\n|switch|p1b: Roaring Moon|Roaring Moon, L50, shiny|63\/100\n|move|p2b: Indeedee|Follow Me|p2b: Indeedee\n|-singleturn|p2b: Indeedee|move: Follow Me\n|move|p2a: Iron Hands|Drain Punch|p1a: Gholdengo\n|-damage|p1a: Gholdengo|35\/100\n|-heal|p2a: Iron Hands|100\/100|[from] drain|[of] p1a: Gholdengo\n|move|p1a: Gholdengo|Nasty Plot|p1a: Gholdengo\n|-boost|p1a: Gholdengo|spa|2\n|\n|upkeep\n|turn|5\n|inactive|Orb66623 has 30 seconds left.\n|l| Guido131\n|inactive|ChrolloKills has 30 seconds left.\n|\n|t:|1700834122\n|-end|p1b: Roaring Moon|Protosynthesis|[silent]\n|switch|p1b: Brambleghast|Brambleghast, L50, F|76\/100\n|move|p1a: Gholdengo|Protect|p1a: Gholdengo\n|-singleturn|p1a: Gholdengo|Protect\n|move|p2b: Indeedee|Follow Me|p2b: Indeedee\n|-singleturn|p2b: Indeedee|move: Follow Me\n|move|p2a: Iron Hands|Drain Punch|p1b: Brambleghast\n|-immune|p1b: Brambleghast\n|\n|-fieldend|move: Trick Room\n|-fieldend|move: Psychic Terrain\n|upkeep\n|turn|6\n|\n|t:|1700834147\n|move|p2b: Indeedee|Follow Me|p2b: Indeedee\n|-singleturn|p2b: Indeedee|move: Follow Me\n|move|p1b: Brambleghast|Strength Sap|p2b: Indeedee\n|-unboost|p2b: Indeedee|atk|1\n|-heal|p1b: Brambleghast|100\/100\n|move|p1a: Gholdengo|Make It Rain|p2b: Indeedee|[spread] p2a,p2b\n|-resisted|p2a: Iron Hands\n|-damage|p2a: Iron Hands|58\/100\n|-damage|p2b: Indeedee|0 fnt\n|-unboost|p1a: Gholdengo|spa|1\n|faint|p2b: Indeedee\n|move|p2a: Iron Hands|Drain Punch|p1a: Gholdengo\n|-damage|p1a: Gholdengo|0 fnt\n|-heal|p2a: Iron Hands|72\/100|[from] drain|[of] p1a: Gholdengo\n|faint|p1a: Gholdengo\n|\n|upkeep\n|\n|t:|1700834168\n|switch|p1a: Roaring Moon|Roaring Moon, L50, shiny|63\/100\n|switch|p2b: Landorus|Landorus-Therian, L50, M|66\/100\n|-ability|p2b: Landorus|Intimidate|boost\n|-unboost|p1a: Roaring Moon|atk|1\n|-unboost|p1b: Brambleghast|atk|1\n|turn|7\n|inactive|Orb66623 has 30 seconds left.\n|inactive|Orb66623 has 20 seconds left.\n|inactive|ChrolloKills has 30 seconds left.\n|\n|t:|1700834218\n|-terastallize|p2b: Landorus|Flying\n|move|p1a: Roaring Moon|Tailwind|p1a: Roaring Moon\n|-sidestart|p1: ChrolloKills|move: Tailwind\n|-ability|p1b: Brambleghast|Wind Rider|boost\n|-boost|p1b: Brambleghast|atk|1\n|move|p1b: Brambleghast|Seed Bomb|p2b: Landorus\n|-resisted|p2b: Landorus\n|-damage|p2b: Landorus|39\/100\n|move|p2b: Landorus|Tera Blast|p1b: Brambleghast|[anim] Tera Blast Flying\n|-supereffective|p1b: Brambleghast\n|-enditem|p1b: Brambleghast|Focus Sash\n|-damage|p1b: Brambleghast|1\/100\n|move|p2a: Iron Hands|Drain Punch|p1a: Roaring Moon\n|-supereffective|p1a: Roaring Moon\n|-damage|p1a: Roaring Moon|0 fnt\n|-heal|p2a: Iron Hands|98\/100|[from] drain|[of] p1a: Roaring Moon\n|faint|p1a: Roaring Moon\n|-end|p1a: Roaring Moon|Protosynthesis|[silent]\n|\n|upkeep\n|\n|t:|1700834220\n|switch|p1a: Arcanine|Arcanine-Hisui, L50, M|100\/100\n|-ability|p1a: Arcanine|Intimidate|boost\n|-unboost|p2a: Iron Hands|atk|1\n|-unboost|p2b: Landorus|atk|1\n|turn|8\n|inactive|Orb66623 has 30 seconds left.\n|inactive|Orb66623 has 20 seconds left.\n|\n|t:|1700834256\n|-end|p2a: Iron Hands|Quark Drive|[silent]\n|switch|p2a: Torkoal|Torkoal, L50, M|100\/100\n|-weather|SunnyDay|[from] ability: Drought|[of] p2a: Torkoal\n|move|p1b: Brambleghast|Strength Sap|p2a: Torkoal\n|-unboost|p2a: Torkoal|atk|1\n|-heal|p1b: Brambleghast|70\/100\n|move|p1a: Arcanine|Rock Slide|p2b: Landorus|[spread] p2a,p2b\n|-supereffective|p2a: Torkoal\n|-supereffective|p2b: Landorus\n|-damage|p2a: Torkoal|36\/100\n|-damage|p2b: Landorus|0 fnt\n|faint|p2b: Landorus\n|\n|-weather|SunnyDay|[upkeep]\n|upkeep\n|\n|t:|1700834271\n|switch|p2b: Iron Hands|Iron Hands, L50|98\/100\n|turn|9\n|\n|t:|1700834294\n|move|p2a: Torkoal|Protect|p2a: Torkoal\n|-singleturn|p2a: Torkoal|Protect\n|move|p1b: Brambleghast|Strength Sap|p2b: Iron Hands\n|-unboost|p2b: Iron Hands|atk|1\n|-heal|p1b: Brambleghast|100\/100\n|move|p1a: Arcanine|Rock Slide|p2b: Iron Hands|[spread] p2b\n|-activate|p2a: Torkoal|move: Protect\n|-resisted|p2b: Iron Hands\n|-damage|p2b: Iron Hands|83\/100\n|move|p2b: Iron Hands|Earthquake|p1b: Brambleghast|[spread] p1a,p1b\n|-activate|p2a: Torkoal|move: Protect\n|-supereffective|p1a: Arcanine\n|-resisted|p1b: Brambleghast\n|-damage|p1a: Arcanine|11\/100\n|-damage|p1b: Brambleghast|83\/100\n|\n|-weather|SunnyDay|[upkeep]\n|upkeep\n|turn|10\n|inactive|Orb66623 has 30 seconds left.\n|\n|t:|1700834325\n|move|p1b: Brambleghast|Poltergeist|p2a: Torkoal\n|-activate|p2a: Torkoal|move: Poltergeist|Charcoal\n|-damage|p2a: Torkoal|0 fnt\n|faint|p2a: Torkoal\n|move|p1a: Arcanine|Rock Slide|p2b: Iron Hands\n|-resisted|p2b: Iron Hands\n|-damage|p2b: Iron Hands|64\/100\n|move|p2b: Iron Hands|Earthquake|p1b: Brambleghast|[spread] p1a,p1b\n|-supereffective|p1a: Arcanine\n|-resisted|p1b: Brambleghast\n|-damage|p1a: Arcanine|0 fnt\n|-damage|p1b: Brambleghast|68\/100\n|faint|p1a: Arcanine\n|\n|-weather|SunnyDay|[upkeep]\n|-sideend|p1: ChrolloKills|move: Tailwind\n|upkeep\n|turn|11\n|j| Guido131\n|inactive|Orb66623 has 30 seconds left.\n|j| Iron Valiant Sucks\n|inactive|Orb66623 has 20 seconds left.\n|-message|Orb66623 forfeited.\n|\n|win|ChrolloKills\n|raw|ChrolloKills's rating: 1559 &rarr; <strong>1572<\/strong><br \/>(+13 for winning)\n|raw|Orb66623's rating: 1441 &rarr; <strong>1428<\/strong><br \/>(-13 for losing)\n|l|\u2606Orb66623\n|l| Iron Valiant Sucks\n|l| Guido131\n","uploadtime":1700834377,"views":9,"p1id":"chrollokills","p2id":"orb66623","formatid":"gen9vgc2023regulatione","rating":1428,"private":0,"password":""}