{"id":"gen9vgc2023regulatione-1996159393","p1":"Thorlandxl","p2":"gg3g3","format":"[Gen 9] VGC 2023 Regulation E","log":"|j|\u203dThorlandxl\n|j|\u2606gg3g3\n|t:|1700652977\n|gametype|doubles\n|player|p1|Thorlandxl|266|1001\n|player|p2|gg3g3|iris|1070\n|teamsize|p1|6\n|teamsize|p2|6\n|gen|9\n|tier|[Gen 9] VGC 2023 Regulation E\n|rated|\n|rule|Species Clause: Limit one of each Pok\u00e9mon\n|rule|Item Clause: Limit one of each item\n|clearpoke\n|poke|p1|Torterra, L50, F|\n|poke|p1|Ninetales-Alola, L50, M|\n|poke|p1|Garganacl, L50, M|\n|poke|p1|Clefable, L50, F|\n|poke|p1|Mimikyu, L50, M|\n|poke|p1|Slaking, L50, M|\n|poke|p2|Torkoal, L50, F|\n|poke|p2|Ogerpon-Wellspring, L50, F|\n|poke|p2|Chi-Yu, L50|\n|poke|p2|Flutter Mane, L50|\n|poke|p2|Sneasler, L50, M|\n|poke|p2|Grimmsnarl, L50, M|\n|teampreview|4\n|inactive|Battle timer is ON: inactive players will automatically lose when time's up. (requested by gg3g3)\n|inactive|gg3g3 has 60 seconds left.\n|\n|t:|1700653009\n|start\n|switch|p1a: Clefable|Clefable, L50, F, shiny|100\/100\n|switch|p1b: Garganacl|Garganacl, L50, M|100\/100\n|switch|p2a: Chi-Yu|Chi-Yu, L50|100\/100\n|switch|p2b: Grimmsnarl|Grimmsnarl, L50, M|100\/100\n|-ability|p2a: Chi-Yu|Beads of Ruin\n|turn|1\n|\n|t:|1700653033\n|-terastallize|p2a: Chi-Yu|Grass\n|move|p2b: Grimmsnarl|Reflect|p2b: Grimmsnarl\n|-sidestart|p2: gg3g3|Reflect\n|move|p2a: Chi-Yu|Tera Blast|p1b: Garganacl|[anim] Tera Blast Grass\n|-supereffective|p1b: Garganacl\n|-ability|p1b: Garganacl|Sturdy\n|-damage|p1b: Garganacl|1\/100\n|-damage|p2a: Chi-Yu|91\/100|[from] item: Life Orb\n|move|p1a: Clefable|Dazzling Gleam|p2a: Chi-Yu|[spread] p2a,p2b\n|-supereffective|p2b: Grimmsnarl\n|-damage|p2a: Chi-Yu|63\/100\n|-damage|p2b: Grimmsnarl|47\/100\n|-enditem|p2b: Grimmsnarl|Sitrus Berry|[eat]\n|-heal|p2b: Grimmsnarl|72\/100|[from] item: Sitrus Berry\n|move|p1b: Garganacl|Salt Cure|p2a: Chi-Yu\n|-damage|p2a: Chi-Yu|35\/100\n|-start|p2a: Chi-Yu|Salt Cure\n|\n|-damage|p2a: Chi-Yu|23\/100|[from] Salt Cure\n|-status|p1a: Clefable|brn|[from] item: Flame Orb\n|upkeep\n|turn|2\n|inactive|Thorlandxl has 30 seconds left.\n|inactive|gg3g3 has 30 seconds left.\n|\n|t:|1700653066\n|switch|p2a: Sneasler|Sneasler, L50, M|100\/100\n|move|p1b: Garganacl|Protect|p1b: Garganacl\n|-singleturn|p1b: Garganacl|Protect\n|move|p1a: Clefable|Calm Mind|p1a: Clefable\n|-boost|p1a: Clefable|spa|1\n|-boost|p1a: Clefable|spd|1\n|move|p2b: Grimmsnarl|Play Rough|p1b: Garganacl\n|-activate|p1b: Garganacl|move: Protect\n|\n|upkeep\n|turn|3\n|inactive|Thorlandxl has 30 seconds left.\n|\n|t:|1700653097\n|-terastallize|p1a: Clefable|Steel\n|move|p2a: Sneasler|Fake Out|p1a: Clefable\n|-resisted|p1a: Clefable\n|-damage|p1a: Clefable|94\/100 brn\n|cant|p1a: Clefable|flinch\n|move|p2b: Grimmsnarl|Play Rough|p1b: Garganacl\n|-damage|p1b: Garganacl|0 fnt\n|faint|p1b: Garganacl\n|\n|upkeep\n|\n|t:|1700653112\n|switch|p1b: Slaking|Slaking, L50, M|100\/100\n|turn|4\n|\n|t:|1700653129\n|switch|p2a: Torkoal|Torkoal, L50, F|100\/100\n|-weather|SunnyDay|[from] ability: Drought|[of] p2a: Torkoal\n|move|p2b: Grimmsnarl|Light Screen|p2b: Grimmsnarl\n|-sidestart|p2: gg3g3|move: Light Screen\n|move|p1b: Slaking|Giga Impact|p2a: Torkoal\n|-damage|p2a: Torkoal|40\/100\n|-mustrecharge|p1b: Slaking\n|move|p1a: Clefable|Dazzling Gleam|p2a: Torkoal|[spread] p2a,p2b\n|-resisted|p2a: Torkoal\n|-supereffective|p2b: Grimmsnarl\n|-damage|p2a: Torkoal|28\/100\n|-damage|p2b: Grimmsnarl|36\/100\n|\n|-weather|SunnyDay|[upkeep]\n|-heal|p2a: Torkoal|34\/100|[from] item: Leftovers\n|upkeep\n|turn|5\n|\n|t:|1700653149\n|move|p2b: Grimmsnarl|Protect|p2b: Grimmsnarl\n|-singleturn|p2b: Grimmsnarl|Protect\n|cant|p1b: Slaking|recharge\n|move|p1a: Clefable|Dazzling Gleam|p2a: Torkoal|[spread] p2a\n|-activate|p2b: Grimmsnarl|move: Protect\n|-resisted|p2a: Torkoal\n|-damage|p2a: Torkoal|23\/100\n|move|p2a: Torkoal|Eruption|p1b: Slaking|[spread] p1a,p1b\n|-supereffective|p1a: Clefable\n|-damage|p1a: Clefable|72\/100 brn\n|-damage|p1b: Slaking|86\/100\n|\n|-weather|SunnyDay|[upkeep]\n|-heal|p2a: Torkoal|29\/100|[from] item: Leftovers\n|-sideend|p2: gg3g3|Reflect\n|upkeep\n|turn|6\n|inactive|gg3g3 has 30 seconds left.\n|\n|t:|1700653175\n|move|p2a: Torkoal|Protect|p2a: Torkoal\n|-singleturn|p2a: Torkoal|Protect\n|move|p2b: Grimmsnarl|Reflect|p2b: Grimmsnarl\n|-sidestart|p2: gg3g3|Reflect\n|move|p1b: Slaking|Facade|p2a: Torkoal\n|-activate|p2a: Torkoal|move: Protect\n|move|p1a: Clefable|Calm Mind|p1a: Clefable\n|-boost|p1a: Clefable|spa|1\n|-boost|p1a: Clefable|spd|1\n|\n|-weather|SunnyDay|[upkeep]\n|-heal|p2a: Torkoal|36\/100|[from] item: Leftovers\n|upkeep\n|turn|7\n|inactive|gg3g3 has 30 seconds left.\n|\n|t:|1700653203\n|move|p2a: Torkoal|Helping Hand|p2b: Grimmsnarl\n|-singleturn|p2b: Grimmsnarl|Helping Hand|[of] p2a: Torkoal\n|cant|p1b: Slaking|ability: Truant\n|move|p1a: Clefable|Dazzling Gleam|p2b: Grimmsnarl|[spread] p2a,p2b\n|-resisted|p2a: Torkoal\n|-supereffective|p2b: Grimmsnarl\n|-damage|p2a: Torkoal|21\/100\n|-damage|p2b: Grimmsnarl|0 fnt\n|faint|p2b: Grimmsnarl\n|\n|-weather|SunnyDay|[upkeep]\n|-heal|p2a: Torkoal|28\/100|[from] item: Leftovers\n|upkeep\n|\n|t:|1700653216\n|switch|p2b: Chi-Yu|Chi-Yu, L50, tera:Grass|23\/100\n|-ability|p2b: Chi-Yu|Beads of Ruin\n|turn|8\n|\n|t:|1700653234\n|move|p2a: Torkoal|Helping Hand|p2b: Chi-Yu\n|-singleturn|p2b: Chi-Yu|Helping Hand|[of] p2a: Torkoal\n|move|p2b: Chi-Yu|Heat Wave|p1a: Clefable|[spread] p1a,p1b\n|-supereffective|p1a: Clefable\n|-damage|p1a: Clefable|0 fnt\n|-damage|p1b: Slaking|0 fnt\n|faint|p1a: Clefable\n|faint|p1b: Slaking\n|-damage|p2b: Chi-Yu|13\/100|[from] item: Life Orb\n|\n|-weather|none\n|-heal|p2a: Torkoal|34\/100|[from] item: Leftovers\n|-sideend|p2: gg3g3|move: Light Screen\n|upkeep\n|\n|t:|1700653245\n|switch|p1a: Mimikyu|Mimikyu, L50, M|100\/100\n|turn|9\n|\n|t:|1700653257\n|move|p2b: Chi-Yu|Protect|p2b: Chi-Yu\n|-singleturn|p2b: Chi-Yu|Protect\n|move|p1a: Mimikyu|X-Scissor|p2b: Chi-Yu\n|-activate|p2b: Chi-Yu|move: Protect\n|move|p2a: Torkoal|Will-O-Wisp|p1a: Mimikyu|[miss]\n|-miss|p2a: Torkoal|p1a: Mimikyu\n|\n|-heal|p2a: Torkoal|40\/100|[from] item: Leftovers\n|upkeep\n|turn|10\n|\n|t:|1700653275\n|switch|p2b: Sneasler|Sneasler, L50, M|100\/100\n|move|p1a: Mimikyu|Shadow Claw|p2a: Torkoal\n|-damage|p2a: Torkoal|25\/100\n|move|p2a: Torkoal|Will-O-Wisp|p1a: Mimikyu|[miss]\n|-miss|p2a: Torkoal|p1a: Mimikyu\n|\n|-heal|p2a: Torkoal|31\/100|[from] item: Leftovers\n|-sideend|p2: gg3g3|Reflect\n|upkeep\n|turn|11\n|\n|t:|1700653293\n|move|p2a: Torkoal|Helping Hand|p2b: Sneasler\n|-singleturn|p2b: Sneasler|Helping Hand|[of] p2a: Torkoal\n|move|p2b: Sneasler|Dire Claw|p1a: Mimikyu\n|-activate|p1a: Mimikyu|ability: Disguise\n|-damage|p1a: Mimikyu|100\/100\n|-status|p1a: Mimikyu|par\n|detailschange|p1a: Mimikyu|Mimikyu-Busted, L50, M\n|-damage|p1a: Mimikyu|88\/100 par|[from] pokemon: Mimikyu-Busted\n|move|p1a: Mimikyu|Shadow Claw|p2b: Sneasler\n|-damage|p2b: Sneasler|48\/100\n|\n|-heal|p2a: Torkoal|37\/100|[from] item: Leftovers\n|upkeep\n|turn|12\n|\n|t:|1700653311\n|move|p2a: Torkoal|Helping Hand|p2b: Sneasler\n|-singleturn|p2b: Sneasler|Helping Hand|[of] p2a: Torkoal\n|move|p2b: Sneasler|Dire Claw|p1a: Mimikyu\n|-damage|p1a: Mimikyu|0 fnt\n|faint|p1a: Mimikyu\n|\n|win|gg3g3\n|raw|Thorlandxl's rating: 1001 &rarr; <strong>1000<\/strong><br \/>(-1 for losing)\n|raw|gg3g3's rating: 1070 &rarr; <strong>1094<\/strong><br \/>(+24 for winning)\n|l|\u203dThorlandxl\n","uploadtime":1700653329,"views":3,"p1id":"thorlandxl","p2id":"gg3g3","formatid":"gen9vgc2023regulatione","rating":1000,"private":0,"password":""}