{"id":"gen9vgc2023regulatione-1989870836","p1":"RileyBrielle","p2":"airwave15","format":"[Gen 9] VGC 2023 Regulation E","log":"|j|\u2606RileyBrielle\n|j|\u2606airwave15\n|t:|1699902645\n|gametype|doubles\n|player|p1|RileyBrielle|dawn-gen4pt|1020\n|player|p2|airwave15|sabrina|1000\n|teamsize|p1|6\n|teamsize|p2|6\n|gen|9\n|tier|[Gen 9] VGC 2023 Regulation E\n|rated|\n|rule|Species Clause: Limit one of each Pok\u00e9mon\n|rule|Item Clause: Limit one of each item\n|clearpoke\n|poke|p1|Roaring Moon, L50|\n|poke|p1|Landorus-Therian, L50, M|\n|poke|p1|Amoonguss, L50, F|\n|poke|p1|Ogerpon-Wellspring, L50, F|\n|poke|p1|Flutter Mane, L50|\n|poke|p1|Iron Hands, L50|\n|poke|p2|Tinkaton, L50, F|\n|poke|p2|Torkoal, L50, M|\n|poke|p2|Gengar, L50, M|\n|poke|p2|Amoonguss, L50, M|\n|poke|p2|Ursaluna, L50, F|\n|poke|p2|Cresselia, L50, F|\n|teampreview|4\n|\n|t:|1699902683\n|start\n|switch|p1a: Landorus|Landorus-Therian, L50, M|100\/100\n|switch|p1b: Iron Hands|Iron Hands, L50|100\/100\n|switch|p2a: Gengar|Gengar, L50, M|100\/100\n|switch|p2b: Tinkaton|Tinkaton, L50, F|100\/100\n|-ability|p1a: Landorus|Intimidate|boost\n|-unboost|p2a: Gengar|atk|1\n|-unboost|p2b: Tinkaton|atk|1\n|-ability|p2b: Tinkaton|Mold Breaker\n|turn|1\n|\n|t:|1699902706\n|move|p2b: Tinkaton|Fake Out|p1a: Landorus\n|-damage|p1a: Landorus|91\/100\n|move|p1b: Iron Hands|Fake Out|p2b: Tinkaton\n|-resisted|p2b: Tinkaton\n|-damage|p2b: Tinkaton|90\/100\n|cant|p1a: Landorus|flinch\n|move|p2a: Gengar|Trick Room|p2a: Gengar\n|-fieldstart|move: Trick Room|[of] p2a: Gengar\n|\n|upkeep\n|turn|2\n|\n|t:|1699902730\n|switch|p1a: Amoonguss|Amoonguss, L50, F|100\/100\n|switch|p2a: Torkoal|Torkoal, L50, M|100\/100\n|-weather|SunnyDay|[from] ability: Drought|[of] p2a: Torkoal\n|move|p1b: Iron Hands|Drain Punch|p2b: Tinkaton\n|-crit|p2b: Tinkaton\n|-damage|p2b: Tinkaton|17\/100\n|move|p2b: Tinkaton|Gigaton Hammer|p1a: Amoonguss\n|-damage|p1a: Amoonguss|53\/100\n|\n|-weather|SunnyDay|[upkeep]\n|upkeep\n|turn|3\n|\n|t:|1699902753\n|-terastallize|p2a: Torkoal|Fire\n|move|p2b: Tinkaton|Fake Out||[still]\n|-hint|Fake Out only works on your first turn out.\n|-fail|p2b: Tinkaton\n|move|p2a: Torkoal|Eruption|p1b: Iron Hands|[spread] p1a,p1b\n|-supereffective|p1a: Amoonguss\n|-damage|p1a: Amoonguss|0 fnt\n|-damage|p1b: Iron Hands|28\/100\n|faint|p1a: Amoonguss\n|move|p1b: Iron Hands|Drain Punch|p2b: Tinkaton\n|-damage|p2b: Tinkaton|0 fnt\n|-heal|p1b: Iron Hands|35\/100|[from] drain|[of] p2b: Tinkaton\n|faint|p2b: Tinkaton\n|\n|-weather|SunnyDay|[upkeep]\n|upkeep\n|\n|t:|1699902768\n|switch|p1a: Ogerpon|Ogerpon-Wellspring, L50, F|100\/100\n|switch|p2b: Ursaluna|Ursaluna, L50, F|100\/100\n|turn|4\n|\n|t:|1699902787\n|-end|p1b: Iron Hands|Quark Drive|[silent]\n|switch|p1b: Landorus|Landorus-Therian, L50, M|91\/100\n|-ability|p1b: Landorus|Intimidate|boost\n|-unboost|p2a: Torkoal|atk|1\n|-unboost|p2b: Ursaluna|atk|1\n|move|p1a: Ogerpon|Spiky Shield|p1a: Ogerpon\n|-singleturn|p1a: Ogerpon|move: Protect\n|move|p2a: Torkoal|Eruption|p1a: Ogerpon|[spread] p1b\n|-activate|p1a: Ogerpon|move: Protect\n|-damage|p1b: Landorus|0 fnt\n|faint|p1b: Landorus\n|move|p2b: Ursaluna|Headlong Rush|p1a: Ogerpon\n|-activate|p1a: Ogerpon|move: Protect\n|-damage|p2b: Ursaluna|88\/100|[from] Spiky Shield|[of] p1a: Ogerpon\n|\n|-weather|SunnyDay|[upkeep]\n|-status|p2b: Ursaluna|brn|[from] item: Flame Orb\n|upkeep\n|\n|t:|1699902802\n|switch|p1b: Iron Hands|Iron Hands, L50|35\/100\n|turn|5\n|c|\u2606RileyBrielle|you win gg lmao\n|\n|t:|1699902819\n|-terastallize|p1a: Ogerpon|Water\n|detailschange|p1a: Ogerpon|Ogerpon-Wellspring-Tera, L50, F, tera:Water\n|-ability|p1a: Ogerpon|Embody Aspect (Wellspring)|boost\n|-boost|p1a: Ogerpon|spd|1\n|move|p1b: Iron Hands|Fake Out|p2b: Ursaluna\n|-damage|p2b: Ursaluna|77\/100 brn\n|move|p2a: Torkoal|Eruption|p1b: Iron Hands|[spread] p1a,p1b\n|-resisted|p1a: Ogerpon\n|-damage|p1a: Ogerpon|64\/100\n|-damage|p1b: Iron Hands|0 fnt\n|faint|p1b: Iron Hands\n|-end|p1b: Iron Hands|Quark Drive|[silent]\n|cant|p2b: Ursaluna|flinch\n|move|p1a: Ogerpon|Ivy Cudgel|p2a: Torkoal\n|-supereffective|p2a: Torkoal\n|-damage|p2a: Torkoal|46\/100\n|\n|-weather|SunnyDay|[upkeep]\n|-damage|p2b: Ursaluna|71\/100 brn|[from] brn\n|-fieldend|move: Trick Room\n|upkeep\n|turn|6\n|\n|t:|1699902845\n|move|p1a: Ogerpon|Ivy Cudgel|p2a: Torkoal\n|-supereffective|p2a: Torkoal\n|-damage|p2a: Torkoal|0 fnt\n|faint|p2a: Torkoal\n|move|p2b: Ursaluna|Facade|p1a: Ogerpon\n|-damage|p1a: Ogerpon|9\/100\n|\n|-weather|none\n|-damage|p2b: Ursaluna|65\/100 brn|[from] brn\n|upkeep\n|\n|t:|1699902855\n|switch|p2a: Gengar|Gengar, L50, M|100\/100\n|turn|7\n|\n|t:|1699902866\n|move|p2b: Ursaluna|Protect|p2b: Ursaluna\n|-singleturn|p2b: Ursaluna|Protect\n|move|p2a: Gengar|Shadow Ball|p1a: Ogerpon\n|-damage|p1a: Ogerpon|0 fnt\n|faint|p1a: Ogerpon\n|\n|win|airwave15\n|raw|RileyBrielle's rating: 1020 &rarr; <strong>1006<\/strong><br \/>(-14 for losing)\n|raw|airwave15's rating: 1000 &rarr; <strong>1042<\/strong><br \/>(+42 for winning)\n|l|\u2606RileyBrielle\n","uploadtime":1699902882,"views":25,"p1id":"rileybrielle","p2id":"airwave15","formatid":"gen9vgc2023regulatione","rating":1006,"private":0,"password":""}