{"id":"gen9vgc2023regulatione-1996975870","p1":"bloodcurseuk","p2":"GooberChedder445","format":"[Gen 9] VGC 2023 Regulation E","log":"|j|\u2606bloodcurseuk\n|j|\u2606GooberChedder445\n|t:|1700751621\n|gametype|doubles\n|player|p1|bloodcurseuk|sage|\n|player|p2|GooberChedder445|iris|\n|teamsize|p1|6\n|teamsize|p2|6\n|gen|9\n|tier|[Gen 9] VGC 2023 Regulation E\n|rated|Tournament battle\n|rule|Species Clause: Limit one of each Pok\u00e9mon\n|rule|Item Clause: Limit one of each item\n|clearpoke\n|poke|p1|Tyranitar, L50, M|\n|poke|p1|Lycanroc, L50, M|\n|poke|p1|Gastrodon-East, L50, M|\n|poke|p1|Landorus, L50, M|\n|poke|p1|Corviknight, L50, F|\n|poke|p1|Clefable, L50, F|\n|poke|p2|Sinistcha, L50|\n|poke|p2|Landorus-Therian, L50, M|\n|poke|p2|Ursaluna, L50, F|\n|poke|p2|Volcarona, L50, M|\n|poke|p2|Amoonguss, L50, M|\n|poke|p2|Flutter Mane, L50|\n|teampreview|4\n|showteam|p1|Tyranitar||ChoiceScarf|SandStream|RockSlide,Crunch,FirePunch,KnockOff|||M|||50|,,,,,Rock]Lycanroc||ChoiceBand|SandRush|RockSlide,Crunch,IronHead,ZenHeadbutt|||M|||50|,,,,,Rock]Gastrodon-East||Leftovers|StormDrain|EarthPower,IceBeam,HydroPump,Protect|||M|||50|,,,,,Water]Landorus||LifeOrb|SheerForce|SludgeBomb,EarthPower,Extrasensory,Protect|||M|||50|,,,,,Flying]Corviknight||ExpertBelt|MirrorArmor|IronHead,IronDefense,BraveBird,BodyPress|||F|||50|,,,,,Flying]Clefable||CovertCloak|MagicGuard|FollowMe,IcyWind,Protect,HealPulse|||F|||50|,,,,,Fairy\n|showteam|p2|Sinistcha||EjectButton|Hospitality|RagePowder,MatchaGotcha,StunSpore,TrickRoom||||||50|,,,,,Fire]Landorus-Therian||ChoiceScarf|Intimidate|StompingTantrum,TeraBlast,Uturn,RockSlide|||M|||50|,,,,,Flying]Ursaluna||Leftovers|Guts|Earthquake,RockSlide,Protect,SwordsDance|||F|||50|,,,,,Grass]Volcarona||SitrusBerry|FlameBody|HeatWave,BugBuzz,QuiverDance,Protect|||M|||50|,,,,,Water]Amoonguss||RockyHelmet|Regenerator|PollenPuff,Spore,RagePowder,Protect|||M|||50|,,,,,Water]Flutter Mane||BoosterEnergy|Protosynthesis|Moonblast,ShadowBall,DazzlingGleam,Protect||||||50|,,,,,Fairy\n|inactive|Battle timer is ON: inactive players will automatically lose when time's up. (requested by GooberChedder445)\n|j| DarthGlacies\n|c|\u2606bloodcurseuk|gl hf\n|c|\u2606GooberChedder445|glhf\n|\n|t:|1700751652\n|start\n|switch|p1a: Tyranitar|Tyranitar, L50, M|100\/100\n|switch|p1b: Lycanroc|Lycanroc, L50, M, shiny|100\/100\n|switch|p2a: Biscuit|Ursaluna, L50, F, shiny|100\/100\n|switch|p2b: Chaga|Amoonguss, L50, M|100\/100\n|-weather|Sandstorm|[from] ability: Sand Stream|[of] p1a: Tyranitar\n|turn|1\n|\n|t:|1700751668\n|switch|p2b: Xero|Landorus-Therian, L50, M|100\/100\n|-ability|p2b: Xero|Intimidate|boost\n|-unboost|p1a: Tyranitar|atk|1\n|-unboost|p1b: Lycanroc|atk|1\n|move|p1b: Lycanroc|Rock Slide|p2a: Biscuit|[spread] p2a,p2b\n|-resisted|p2a: Biscuit\n|-crit|p2a: Biscuit\n|-crit|p2b: Xero\n|-damage|p2a: Biscuit|76\/100\n|-damage|p2b: Xero|36\/100\n|move|p1a: Tyranitar|Rock Slide|p2a: Biscuit|[spread] p2a,p2b\n|-resisted|p2a: Biscuit\n|-damage|p2a: Biscuit|69\/100\n|-damage|p2b: Xero|18\/100\n|cant|p2a: Biscuit|flinch\n|\n|-weather|Sandstorm|[upkeep]\n|-heal|p2a: Biscuit|75\/100|[from] item: Leftovers\n|upkeep\n|turn|2\n|inactive|GooberChedder445 has 30 seconds left.\n|inactive|GooberChedder445 has 20 seconds left.\n|inactive|GooberChedder445 has 15 seconds left.\n|\n|t:|1700751713\n|switch|p2b: Chai|Sinistcha, L50|100\/100\n|-heal|p2a: Biscuit|99\/100|[from] ability: Hospitality|[of] p2b: Chai\n|move|p1b: Lycanroc|Rock Slide|p2a: Biscuit|[spread] p2a,p2b\n|-resisted|p2a: Biscuit\n|-damage|p2a: Biscuit|89\/100\n|-damage|p2b: Chai|77\/100\n|-enditem|p2b: Chai|Eject Button\n|\n|t:|1700751721\n|switch|p2b: Xero|Landorus-Therian, L50, M|18\/100\n|-ability|p2b: Xero|Intimidate|boost\n|-unboost|p1a: Tyranitar|atk|1\n|-unboost|p1b: Lycanroc|atk|1\n|move|p1a: Tyranitar|Rock Slide|p2b: Xero|[spread] p2a,p2b\n|-resisted|p2a: Biscuit\n|-damage|p2a: Biscuit|83\/100\n|-damage|p2b: Xero|2\/100\n|move|p2a: Biscuit|Swords Dance|p2a: Biscuit\n|-boost|p2a: Biscuit|atk|2\n|\n|-weather|Sandstorm|[upkeep]\n|-heal|p2a: Biscuit|89\/100|[from] item: Leftovers\n|upkeep\n|turn|3\n|\n|t:|1700751739\n|switch|p2b: Chai|Sinistcha, L50|77\/100\n|-heal|p2a: Biscuit|100\/100|[from] ability: Hospitality|[of] p2b: Chai\n|move|p1b: Lycanroc|Rock Slide|p2a: Biscuit|[spread] p2a,p2b\n|-resisted|p2a: Biscuit\n|-damage|p2a: Biscuit|92\/100\n|-damage|p2b: Chai|58\/100\n|move|p1a: Tyranitar|Rock Slide|p2a: Biscuit|[spread] p2a,p2b\n|-resisted|p2a: Biscuit\n|-damage|p2a: Biscuit|87\/100\n|-damage|p2b: Chai|43\/100\n|cant|p2a: Biscuit|flinch\n|\n|-weather|Sandstorm|[upkeep]\n|-damage|p2b: Chai|36\/100|[from] Sandstorm\n|-heal|p2a: Biscuit|93\/100|[from] item: Leftovers\n|upkeep\n|turn|4\n|\n|t:|1700751759\n|switch|p2b: Xero|Landorus-Therian, L50, M|2\/100\n|-ability|p2b: Xero|Intimidate|boost\n|-unboost|p1a: Tyranitar|atk|1\n|-unboost|p1b: Lycanroc|atk|1\n|move|p1b: Lycanroc|Rock Slide|p2a: Biscuit|[spread] p2a,p2b\n|-resisted|p2a: Biscuit\n|-damage|p2a: Biscuit|87\/100\n|-damage|p2b: Xero|0 fnt\n|faint|p2b: Xero\n|move|p1a: Tyranitar|Rock Slide|p2a: Biscuit\n|-resisted|p2a: Biscuit\n|-damage|p2a: Biscuit|82\/100\n|cant|p2a: Biscuit|flinch\n|\n|-weather|Sandstorm|[upkeep]\n|-heal|p2a: Biscuit|88\/100|[from] item: Leftovers\n|upkeep\n|\n|t:|1700751783\n|switch|p2b: Chaga|Amoonguss, L50, M|100\/100\n|turn|5\n|\n|t:|1700751786\n|move|p2b: Chaga|Protect|p2b: Chaga\n|-singleturn|p2b: Chaga|Protect\n|move|p1b: Lycanroc|Rock Slide|p2b: Chaga|[spread] p2a\n|-activate|p2b: Chaga|move: Protect\n|-resisted|p2a: Biscuit\n|-damage|p2a: Biscuit|82\/100\n|move|p1a: Tyranitar|Rock Slide|p2b: Chaga|[spread] p2a\n|-activate|p2b: Chaga|move: Protect\n|-resisted|p2a: Biscuit\n|-damage|p2a: Biscuit|78\/100\n|cant|p2a: Biscuit|flinch\n|\n|-weather|none\n|-heal|p2a: Biscuit|84\/100|[from] item: Leftovers\n|upkeep\n|turn|6\n|inactive|GooberChedder445 has 30 seconds left.\n|inactive|GooberChedder445 has 20 seconds left.\n|\n|t:|1700751823\n|switch|p2b: Chai|Sinistcha, L50|36\/100\n|-heal|p2a: Biscuit|100\/100|[from] ability: Hospitality|[of] p2b: Chai\n|move|p1a: Tyranitar|Rock Slide|p2b: Chai|[spread] p2a,p2b\n|-resisted|p2a: Biscuit\n|-damage|p2a: Biscuit|96\/100\n|-damage|p2b: Chai|25\/100\n|move|p1b: Lycanroc|Rock Slide|p2a: Biscuit|[spread] p2a,p2b\n|-resisted|p2a: Biscuit\n|-damage|p2a: Biscuit|91\/100\n|-damage|p2b: Chai|9\/100\n|move|p2a: Biscuit|Earthquake|p1a: Tyranitar|[spread] p2b,p1a,p1b\n|-resisted|p2b: Chai\n|-supereffective|p1a: Tyranitar\n|-supereffective|p1b: Lycanroc\n|-damage|p2b: Chai|0 fnt\n|-damage|p1a: Tyranitar|0 fnt\n|-damage|p1b: Lycanroc|0 fnt\n|faint|p2b: Chai\n|faint|p1a: Tyranitar\n|faint|p1b: Lycanroc\n|\n|-heal|p2a: Biscuit|97\/100|[from] item: Leftovers\n|upkeep\n|c|\u2606bloodcurseuk|nice!\n|\n|t:|1700751842\n|switch|p1b: Landorus|Landorus, L50, M|100\/100\n|switch|p1a: Corviknight|Corviknight, L50, F|100\/100\n|switch|p2b: Chaga|Amoonguss, L50, M|100\/100\n|turn|7\n|inactive|bloodcurseuk has 30 seconds left.\n|\n|t:|1700751869\n|-terastallize|p2b: Chaga|Water\n|move|p1b: Landorus|Earth Power|p2b: Chaga\n|-damage|p2b: Chaga|34\/100\n|move|p1a: Corviknight|Brave Bird|p2b: Chaga\n|-damage|p2b: Chaga|0 fnt\n|-damage|p1a: Corviknight|84\/100|[from] item: Rocky Helmet|[of] p2b: Chaga\n|faint|p2b: Chaga\n|-damage|p1a: Corviknight|72\/100|[from] Recoil\n|move|p2a: Biscuit|Rock Slide|p1a: Corviknight|[spread] p1b\n|-miss|p2a: Biscuit|p1a: Corviknight\n|-damage|p1b: Landorus|51\/100\n|\n|-heal|p2a: Biscuit|100\/100|[from] item: Leftovers\n|upkeep\n|turn|8\n|\n|t:|1700751894\n|move|p1b: Landorus|Extrasensory|p2a: Biscuit\n|-damage|p2a: Biscuit|65\/100\n|move|p1a: Corviknight|Body Press|p2a: Biscuit\n|-supereffective|p2a: Biscuit\n|-damage|p2a: Biscuit|31\/100\n|move|p2a: Biscuit|Rock Slide|p1a: Corviknight|[spread] p1a,p1b\n|-damage|p1a: Corviknight|38\/100\n|-damage|p1b: Landorus|5\/100\n|\n|-heal|p2a: Biscuit|37\/100|[from] item: Leftovers\n|upkeep\n|turn|9\n|\n|t:|1700751909\n|move|p2a: Biscuit|Protect|p2a: Biscuit\n|-singleturn|p2a: Biscuit|Protect\n|move|p1b: Landorus|Extrasensory|p2a: Biscuit\n|-activate|p2a: Biscuit|move: Protect\n|move|p1a: Corviknight|Body Press|p2a: Biscuit\n|-activate|p2a: Biscuit|move: Protect\n|\n|-heal|p2a: Biscuit|43\/100|[from] item: Leftovers\n|upkeep\n|turn|10\n|\n|t:|1700751921\n|move|p1b: Landorus|Extrasensory|p2a: Biscuit\n|-damage|p2a: Biscuit|8\/100\n|move|p1a: Corviknight|Body Press|p2a: Biscuit\n|-supereffective|p2a: Biscuit\n|-damage|p2a: Biscuit|0 fnt\n|faint|p2a: Biscuit\n|\n|win|bloodcurseuk\n|n|\u2606bloodcurseuk|bloodcurseuk\n|n|\u2606GooberChedder445|gooberchedder445\n|n| DarthGlacies|darthglacies\n|l|\u2606GooberChedder445\n|c|\u2606bloodcurseuk|gg\n|l|\u2606bloodcurseuk\n|j|\u2606GooberChedder445\n|player|p2|GooberChedder445|iris\n","uploadtime":1700752155,"views":7,"p1id":"bloodcurseuk","p2id":"gooberchedder445","formatid":"gen9vgc2023regulatione","rating":0,"private":0,"password":""}