{"id":"gen9vgc2023regulatione-1994941876","p1":"IAmTrap","p2":"HinnaHinna","format":"[Gen 9] VGC 2023 Regulation E","log":"|j|\u2606IAmTrap\n|j|\u2606HinnaHinna\n|t:|1700506666\n|gametype|doubles\n|player|p1|IAmTrap|169|1078\n|player|p2|HinnaHinna|265|1000\n|teamsize|p1|6\n|teamsize|p2|6\n|gen|9\n|tier|[Gen 9] VGC 2023 Regulation E\n|rated|\n|rule|Species Clause: Limit one of each Pok\u00e9mon\n|rule|Item Clause: Limit one of each item\n|clearpoke\n|poke|p1|Drednaw, L50, M|\n|poke|p1|Clefairy, L50, M|\n|poke|p1|Landorus-Therian, L50, M|\n|poke|p1|Chi-Yu, L50|\n|poke|p1|Dipplin, L50, F|\n|poke|p1|Farigiraf, L50, F|\n|poke|p2|Ursaluna, L50, F|\n|poke|p2|Cresselia, L50, F|\n|poke|p2|Iron Hands, L50|\n|poke|p2|Dragonite, L50, M|\n|poke|p2|Flutter Mane, L50|\n|poke|p2|Urshifu-*, L50, M|\n|teampreview|4\n|inactive|Battle timer is ON: inactive players will automatically lose when time's up. (requested by HinnaHinna)\n|inactive|IAmTrap has 60 seconds left.\n|inactive|HinnaHinna has 60 seconds left.\n|\n|t:|1700506729\n|start\n|switch|p1a: Chi-Yu|Chi-Yu, L50|100\/100\n|switch|p1b: Drednaw|Drednaw, L50, M|100\/100\n|switch|p2a: Cresselia|Cresselia, L50, F|100\/100\n|switch|p2b: Iron Hands|Iron Hands, L50|100\/100\n|-ability|p1a: Chi-Yu|Beads of Ruin\n|turn|1\n|\n|t:|1700506740\n|switch|p1a: Farigiraf|Farigiraf, L50, F|100\/100\n|-item|p1a: Farigiraf|Air Balloon\n|-terastallize|p1b: Drednaw|Dark\n|move|p2b: Iron Hands|Fake Out||[still]\n|cant|p1a: Farigiraf|ability: Armor Tail|Fake Out|[of] p2b: Iron Hands\n|move|p1b: Drednaw|Crunch|p2a: Cresselia\n|-supereffective|p2a: Cresselia\n|-damage|p2a: Cresselia|26\/100\n|move|p2a: Cresselia|Trick Room|p2a: Cresselia\n|-fieldstart|move: Trick Room|[of] p2a: Cresselia\n|\n|upkeep\n|turn|2\n|\n|t:|1700506763\n|switch|p1b: Landorus|Landorus-Therian, L50, M|100\/100\n|-ability|p1b: Landorus|Intimidate|boost\n|-unboost|p2a: Cresselia|atk|1\n|-unboost|p2b: Iron Hands|atk|1\n|move|p2b: Iron Hands|Drain Punch|p1b: Landorus\n|-resisted|p1b: Landorus\n|-damage|p1b: Landorus|83\/100\n|move|p1a: Farigiraf|Hyper Voice|p2a: Cresselia|[spread] p2a,p2b\n|-damage|p2a: Cresselia|6\/100\n|-damage|p2b: Iron Hands|83\/100\n|move|p2a: Cresselia|Lunar Blessing|p2a: Cresselia|[spread] p2a,p2b\n|-heal|p2a: Cresselia|31\/100\n|-heal|p2b: Iron Hands|100\/100\n|\n|upkeep\n|turn|3\n|\n|t:|1700506785\n|-end|p2b: Iron Hands|Quark Drive|[silent]\n|switch|p2b: Dragonite|Dragonite, L50, M|100\/100\n|move|p1a: Farigiraf|Dazzling Gleam|p2a: Cresselia|[spread] p2a,p2b\n|-supereffective|p2b: Dragonite\n|-damage|p2a: Cresselia|19\/100\n|-damage|p2b: Dragonite|55\/100\n|move|p2a: Cresselia|Lunar Blessing|p2a: Cresselia|[spread] p2a,p2b\n|-heal|p2a: Cresselia|44\/100\n|-heal|p2b: Dragonite|80\/100\n|move|p1b: Landorus|Taunt|p2a: Cresselia\n|-start|p2a: Cresselia|move: Taunt\n|\n|upkeep\n|turn|4\n|\n|t:|1700506803\n|move|p1a: Farigiraf|Dazzling Gleam|p2b: Dragonite|[spread] p2a,p2b\n|-supereffective|p2b: Dragonite\n|-damage|p2a: Cresselia|30\/100\n|-damage|p2b: Dragonite|36\/100\n|move|p2a: Cresselia|Moonblast|p1b: Landorus\n|-damage|p1b: Landorus|61\/100\n|-unboost|p1b: Landorus|spa|1\n|move|p2b: Dragonite|Ice Spinner|p1b: Landorus\n|-supereffective|p1b: Landorus\n|-damage|p1b: Landorus|0 fnt\n|faint|p1b: Landorus\n|\n|upkeep\n|\n|t:|1700506814\n|switch|p1b: Chi-Yu|Chi-Yu, L50|100\/100\n|-ability|p1b: Chi-Yu|Beads of Ruin\n|turn|5\n|\n|t:|1700506837\n|move|p1a: Farigiraf|Dazzling Gleam|p2b: Dragonite|[spread] p2a,p2b\n|-crit|p2a: Cresselia\n|-supereffective|p2b: Dragonite\n|-damage|p2a: Cresselia|6\/100\n|-damage|p2b: Dragonite|0 fnt\n|faint|p2b: Dragonite\n|move|p2a: Cresselia|Moonblast|p1a: Farigiraf\n|-damage|p1a: Farigiraf|76\/100\n|-enditem|p1a: Farigiraf|Air Balloon\n|move|p1b: Chi-Yu|Snarl|p2a: Cresselia\n|-supereffective|p2a: Cresselia\n|-damage|p2a: Cresselia|0 fnt\n|faint|p2a: Cresselia\n|\n|-fieldend|move: Trick Room\n|upkeep\n|\n|t:|1700506849\n|switch|p2b: Iron Hands|Iron Hands, L50|100\/100\n|switch|p2a: Urshifu|Urshifu, L50, M|100\/100\n|turn|6\n|\n|t:|1700506867\n|move|p1a: Farigiraf|Ally Switch|p1a: Farigiraf\n|swap|p1a: Farigiraf|1|[from] move: Ally Switch\n|move|p1a: Chi-Yu|Psychic|p2b: Iron Hands\n|-supereffective|p2b: Iron Hands\n|-damage|p2b: Iron Hands|54\/100\n|move|p2a: Urshifu|Wicked Blow|p1a: Chi-Yu\n|-resisted|p1a: Chi-Yu\n|-crit|p1a: Chi-Yu\n|-damage|p1a: Chi-Yu|46\/100\n|move|p2b: Iron Hands|Drain Punch|p1b: Farigiraf\n|-damage|p1b: Farigiraf|27\/100\n|-heal|p2b: Iron Hands|76\/100|[from] drain|[of] p1b: Farigiraf\n|\n|upkeep\n|turn|7\n|\n|t:|1700506885\n|move|p2a: Urshifu|Sucker Punch||[still]\n|cant|p1b: Farigiraf|ability: Armor Tail|Sucker Punch|[of] p2a: Urshifu\n|move|p1a: Chi-Yu|Psychic|p2b: Iron Hands\n|-supereffective|p2b: Iron Hands\n|-damage|p2b: Iron Hands|31\/100\n|move|p1b: Farigiraf|Dazzling Gleam|p2a: Urshifu|[spread] p2a,p2b\n|-supereffective|p2a: Urshifu\n|-supereffective|p2b: Iron Hands\n|-enditem|p2a: Urshifu|Focus Sash\n|-damage|p2a: Urshifu|1\/100\n|-damage|p2b: Iron Hands|3\/100\n|move|p2b: Iron Hands|Drain Punch|p1a: Chi-Yu\n|-supereffective|p1a: Chi-Yu\n|-damage|p1a: Chi-Yu|0 fnt\n|-heal|p2b: Iron Hands|15\/100|[from] drain|[of] p1a: Chi-Yu\n|faint|p1a: Chi-Yu\n|\n|upkeep\n|\n|t:|1700506898\n|switch|p1a: Drednaw|Drednaw, L50, M, tera:Dark|100\/100\n|turn|8\n|\n|t:|1700506917\n|move|p1b: Farigiraf|Ally Switch|p1b: Farigiraf\n|swap|p1b: Farigiraf|0|[from] move: Ally Switch\n|move|p2a: Urshifu|Close Combat|p1a: Farigiraf\n|-damage|p1a: Farigiraf|0 fnt\n|-unboost|p2a: Urshifu|def|1\n|-unboost|p2a: Urshifu|spd|1\n|faint|p1a: Farigiraf\n|move|p1b: Drednaw|Crunch|p2b: Iron Hands\n|-resisted|p2b: Iron Hands\n|-damage|p2b: Iron Hands|0 fnt\n|faint|p2b: Iron Hands\n|-end|p2b: Iron Hands|Quark Drive|[silent]\n|\n|upkeep\n|turn|9\n|\n|t:|1700506928\n|move|p2a: Urshifu|Close Combat|p1b: Drednaw\n|-supereffective|p1b: Drednaw\n|-damage|p1b: Drednaw|0 fnt\n|-unboost|p2a: Urshifu|def|1\n|-unboost|p2a: Urshifu|spd|1\n|faint|p1b: Drednaw\n|\n|win|HinnaHinna\n|raw|IAmTrap's rating: 1078 &rarr; <strong>1052<\/strong><br \/>(-26 for losing)\n|raw|HinnaHinna's rating: 1000 &rarr; <strong>1049<\/strong><br \/>(+49 for winning)\n|l|\u2606IAmTrap\n","uploadtime":1700506940,"views":1,"p1id":"iamtrap","p2id":"hinnahinna","formatid":"gen9vgc2023regulatione","rating":1049,"private":0,"password":""}