{"id":"gen9vgc2023regulatione-1998317853","p1":"Fortune Meow","p2":"WestyLiam","format":"[Gen 9] VGC 2023 Regulation E","log":"|j|\u2606Fortune Meow\n|j|\u2606WestyLiam\n|n|\u2606Fortune Meow|fortunemeow\n|n|\u2606WestyLiam|westyliam\n|html|View the match progress at <a href=\"\/game-bestof3-gen9vgc2023regulatione-1998314790\">game-bestof3-gen9vgc2023regulatione-1998314790<\/a>\n|t:|1700928763\n|gametype|doubles\n|player|p1|Fortune Meow|burglar|\n|player|p2|WestyLiam|102|\n|teamsize|p1|6\n|teamsize|p2|6\n|gen|9\n|tier|[Gen 9] VGC 2023 Regulation E\n|rule|Species Clause: Limit one of each Pok\u00e9mon\n|rule|Item Clause: Limit one of each item\n|clearpoke\n|poke|p1|Iron Hands, L50|\n|poke|p1|Sinistcha, L50|\n|poke|p1|Flutter Mane, L50|\n|poke|p1|Weezing, L50, M|\n|poke|p1|Roaring Moon, L50|\n|poke|p1|Spectrier, L50|\n|poke|p2|Heatran, L50, F|\n|poke|p2|Iron Hands, L50|\n|poke|p2|Flutter Mane, L50|\n|poke|p2|Roaring Moon, L50|\n|poke|p2|Amoonguss, L50, M|\n|poke|p2|Landorus-Therian, L50, M|\n|teampreview|4\n|inactive|Battle timer is ON: inactive players will automatically lose when time's up. (requested by WestyLiam)\n|inactive|Fortune Meow also wants the timer to be on.\n|\n|t:|1700928785\n|start\n|switch|p1a: S\u1ee7i|Spectrier, L50|100\/100\n|switch|p1b: b\u00ecnh \u0111\u1eb3ng|Weezing, L50, M|100\/100\n|switch|p2a: Roaring Moon|Roaring Moon, L50|100\/100\n|switch|p2b: Landorus|Landorus-Therian, L50, M|100\/100\n|-ability|p1b: b\u00ecnh \u0111\u1eb3ng|Neutralizing Gas\n|-enditem|p2a: Roaring Moon|Booster Energy\n|-activate|p2a: Roaring Moon|ability: Protosynthesis|[fromitem]\n|-start|p2a: Roaring Moon|protosynthesisatk\n|turn|1\n|inactive|WestyLiam has 30 seconds left.\n|\n|t:|1700928818\n|-terastallize|p1a: S\u1ee7i|Fairy\n|move|p2a: Roaring Moon|Protect|p2a: Roaring Moon\n|-singleturn|p2a: Roaring Moon|Protect\n|move|p1b: b\u00ecnh \u0111\u1eb3ng|Protect|p1b: b\u00ecnh \u0111\u1eb3ng\n|-singleturn|p1b: b\u00ecnh \u0111\u1eb3ng|Protect\n|move|p2b: Landorus|Stomping Tantrum|p1b: b\u00ecnh \u0111\u1eb3ng\n|-activate|p1b: b\u00ecnh \u0111\u1eb3ng|move: Protect\n|move|p1a: S\u1ee7i|Will-O-Wisp|p2b: Landorus\n|-status|p2b: Landorus|brn\n|\n|-damage|p2b: Landorus|95\/100 brn|[from] brn\n|upkeep\n|turn|2\n|\n|t:|1700928840\n|-end|p2a: Roaring Moon|Protosynthesis|[silent]\n|switch|p2a: Amoonguss|Amoonguss, L50, M|100\/100\n|-end|p1b: b\u00ecnh \u0111\u1eb3ng|ability: Neutralizing Gas\n|-ability|p2b: Landorus|Intimidate|boost\n|-unboost|p1a: S\u1ee7i|atk|1\n|-unboost|p1b: b\u00ecnh \u0111\u1eb3ng|atk|1\n|switch|p1b: Knock knock|Roaring Moon, L50|100\/100\n|-enditem|p1b: Knock knock|Booster Energy\n|-activate|p1b: Knock knock|ability: Protosynthesis|[fromitem]\n|-start|p1b: Knock knock|protosynthesisspe\n|move|p2b: Landorus|Stomping Tantrum|p1b: Knock knock\n|-damage|p1b: Knock knock|74\/100\n|move|p1a: S\u1ee7i|Will-O-Wisp|p2a: Amoonguss|[miss]\n|-miss|p1a: S\u1ee7i|p2a: Amoonguss\n|\n|-damage|p2b: Landorus|89\/100 brn|[from] brn\n|upkeep\n|turn|3\n|\n|t:|1700928860\n|switch|p2b: Heatran|Heatran, L50, F|100\/100\n|move|p2a: Amoonguss|Protect|p2a: Amoonguss\n|-singleturn|p2a: Amoonguss|Protect\n|move|p1b: Knock knock|Acrobatics|p2a: Amoonguss\n|-activate|p2a: Amoonguss|move: Protect\n|move|p1a: S\u1ee7i|Taunt|p2a: Amoonguss\n|-activate|p2a: Amoonguss|move: Protect\n|\n|upkeep\n|turn|4\n|\n|t:|1700928886\n|switch|p1a: b\u00ecnh \u0111\u1eb3ng|Weezing, L50, M|100\/100\n|-ability|p1a: b\u00ecnh \u0111\u1eb3ng|Neutralizing Gas\n|switch|p2a: Landorus|Landorus-Therian, L50, M|89\/100 brn\n|-terastallize|p2b: Heatran|Fairy\n|move|p1b: Knock knock|Protect|p1b: Knock knock\n|-singleturn|p1b: Knock knock|Protect\n|move|p2b: Heatran|Heat Wave|p1b: Knock knock|[spread] p1a\n|-activate|p1b: Knock knock|move: Protect\n|-damage|p1a: b\u00ecnh \u0111\u1eb3ng|46\/100\n|-damage|p2b: Heatran|91\/100|[from] item: Life Orb\n|\n|-damage|p2a: Landorus|83\/100 brn|[from] brn\n|upkeep\n|turn|5\n|\n|t:|1700928909\n|move|p1a: b\u00ecnh \u0111\u1eb3ng|Protect|p1a: b\u00ecnh \u0111\u1eb3ng\n|-singleturn|p1a: b\u00ecnh \u0111\u1eb3ng|Protect\n|move|p1b: Knock knock|Acrobatics|p2b: Heatran\n|-damage|p2b: Heatran|54\/100\n|move|p2a: Landorus|U-turn|p1b: Knock knock\n|-supereffective|p1b: Knock knock\n|-damage|p1b: Knock knock|43\/100\n|\n|t:|1700928920\n|switch|p2a: Amoonguss|Amoonguss, L50, M|100\/100|[from] U-turn\n|move|p2b: Heatran|Heat Wave|p1b: Knock knock|[spread] p1b\n|-activate|p1a: b\u00ecnh \u0111\u1eb3ng|move: Protect\n|-resisted|p1b: Knock knock\n|-damage|p1b: Knock knock|18\/100\n|-damage|p2b: Heatran|44\/100|[from] item: Life Orb\n|\n|upkeep\n|turn|6\n|\n|t:|1700928936\n|move|p2a: Amoonguss|Protect|p2a: Amoonguss\n|-singleturn|p2a: Amoonguss|Protect\n|move|p1b: Knock knock|Tailwind|p1b: Knock knock\n|-sidestart|p1: Fortune Meow|move: Tailwind\n|move|p1a: b\u00ecnh \u0111\u1eb3ng|Sludge Bomb|p2b: Heatran\n|-supereffective|p2b: Heatran\n|-damage|p2b: Heatran|0 fnt\n|faint|p2b: Heatran\n|\n|upkeep\n|\n|t:|1700928944\n|switch|p2b: Roaring Moon|Roaring Moon, L50|100\/100\n|turn|7\n|\n|t:|1700928958\n|move|p2a: Amoonguss|Rage Powder|p2a: Amoonguss\n|-singleturn|p2a: Amoonguss|move: Rage Powder\n|move|p1b: Knock knock|Acrobatics|p2a: Amoonguss\n|-supereffective|p2a: Amoonguss\n|-damage|p2a: Amoonguss|49\/100\n|-damage|p1b: Knock knock|2\/100|[from] item: Rocky Helmet|[of] p2a: Amoonguss\n|move|p1a: b\u00ecnh \u0111\u1eb3ng|Will-O-Wisp|p2a: Amoonguss\n|-status|p2a: Amoonguss|brn\n|move|p2b: Roaring Moon|Acrobatics|p1a: b\u00ecnh \u0111\u1eb3ng\n|-damage|p1a: b\u00ecnh \u0111\u1eb3ng|10\/100\n|-enditem|p1a: b\u00ecnh \u0111\u1eb3ng|Aguav Berry|[eat]\n|-heal|p1a: b\u00ecnh \u0111\u1eb3ng|44\/100|[from] item: Aguav Berry\n|\n|-damage|p2a: Amoonguss|43\/100 brn|[from] brn\n|upkeep\n|turn|8\n|\n|t:|1700928973\n|move|p2a: Amoonguss|Rage Powder|p2a: Amoonguss\n|-singleturn|p2a: Amoonguss|move: Rage Powder\n|move|p1b: Knock knock|Acrobatics|p2a: Amoonguss\n|-supereffective|p2a: Amoonguss\n|-damage|p2a: Amoonguss|0 fnt\n|-damage|p1b: Knock knock|0 fnt|[from] item: Rocky Helmet|[of] p2a: Amoonguss\n|faint|p2a: Amoonguss\n|faint|p1b: Knock knock\n|-end|p1b: Knock knock|Protosynthesis|[silent]\n|move|p1a: b\u00ecnh \u0111\u1eb3ng|Will-O-Wisp|p2b: Roaring Moon|[miss]\n|-miss|p1a: b\u00ecnh \u0111\u1eb3ng|p2b: Roaring Moon\n|move|p2b: Roaring Moon|Dragon Dance|p2b: Roaring Moon\n|-boost|p2b: Roaring Moon|atk|1\n|-boost|p2b: Roaring Moon|spe|1\n|\n|upkeep\n|\n|t:|1700928986\n|switch|p1b: S\u1ee7i|Spectrier, L50, tera:Fairy|100\/100\n|switch|p2a: Landorus|Landorus-Therian, L50, M|83\/100 brn\n|turn|9\n|\n|t:|1700928997\n|move|p1b: S\u1ee7i|Hex|p2a: Landorus\n|-damage|p2a: Landorus|8\/100 brn\n|move|p2b: Roaring Moon|Acrobatics|p1b: S\u1ee7i\n|-damage|p1b: S\u1ee7i|26\/100\n|-enditem|p1b: S\u1ee7i|Sitrus Berry|[eat]\n|-heal|p1b: S\u1ee7i|51\/100|[from] item: Sitrus Berry\n|move|p2a: Landorus|Stomping Tantrum|p1a: b\u00ecnh \u0111\u1eb3ng\n|-supereffective|p1a: b\u00ecnh \u0111\u1eb3ng\n|-damage|p1a: b\u00ecnh \u0111\u1eb3ng|6\/100\n|move|p1a: b\u00ecnh \u0111\u1eb3ng|Will-O-Wisp|p2b: Roaring Moon\n|-status|p2b: Roaring Moon|brn\n|\n|-damage|p2b: Roaring Moon|94\/100 brn|[from] brn\n|-damage|p2a: Landorus|2\/100 brn|[from] brn\n|-sideend|p1: Fortune Meow|move: Tailwind\n|upkeep\n|turn|10\n|\n|t:|1700929009\n|move|p1a: b\u00ecnh \u0111\u1eb3ng|Protect|p1a: b\u00ecnh \u0111\u1eb3ng\n|-singleturn|p1a: b\u00ecnh \u0111\u1eb3ng|Protect\n|move|p2b: Roaring Moon|Acrobatics|p1b: S\u1ee7i\n|-damage|p1b: S\u1ee7i|13\/100\n|move|p2a: Landorus|Stomping Tantrum|p1a: b\u00ecnh \u0111\u1eb3ng\n|-activate|p1a: b\u00ecnh \u0111\u1eb3ng|move: Protect\n|move|p1b: S\u1ee7i|Snarl|p2b: Roaring Moon|[spread] p2a,p2b\n|-resisted|p2b: Roaring Moon\n|-damage|p2a: Landorus|0 fnt\n|-damage|p2b: Roaring Moon|88\/100 brn\n|-unboost|p2b: Roaring Moon|spa|1\n|faint|p2a: Landorus\n|\n|-damage|p2b: Roaring Moon|82\/100 brn|[from] brn\n|upkeep\n|turn|11\n|\n|t:|1700929016\n|move|p2b: Roaring Moon|Acrobatics|p1b: S\u1ee7i\n|-damage|p1b: S\u1ee7i|0 fnt\n|faint|p1b: S\u1ee7i\n|move|p1a: b\u00ecnh \u0111\u1eb3ng|Sludge Bomb|p2b: Roaring Moon\n|-crit|p2b: Roaring Moon\n|-damage|p2b: Roaring Moon|44\/100 brn\n|\n|-damage|p2b: Roaring Moon|38\/100 brn|[from] brn\n|upkeep\n|\n|t:|1700929019\n|switch|p1b: B\u00e9|Flutter Mane, L50|100\/100\n|turn|12\n|\n|t:|1700929026\n|move|p2b: Roaring Moon|Acrobatics|p1b: B\u00e9\n|-damage|p1b: B\u00e9|36\/100\n|move|p1b: B\u00e9|Moonblast|p2b: Roaring Moon\n|-supereffective|p2b: Roaring Moon\n|-damage|p2b: Roaring Moon|0 fnt\n|faint|p2b: Roaring Moon\n|-end|p2b: Roaring Moon|Protosynthesis|[silent]\n|\n|win|Fortune Meow\n","uploadtime":1700929119,"views":8,"p1id":"fortunemeow","p2id":"westyliam","formatid":"gen9vgc2023regulatione","rating":0,"private":0,"password":""}