{"id":"gen9vgc2023regulatione-1993524367","p1":"Conchoboar3","p2":"ts02942461","format":"[Gen 9] VGC 2023 Regulation E","log":"|j|\u2606Conchoboar3\n|j|\u2606ts02942461\n|t:|1700327907\n|gametype|doubles\n|player|p1|Conchoboar3|169|1333\n|player|p2|ts02942461|169|1359\n|teamsize|p1|6\n|teamsize|p2|6\n|gen|9\n|tier|[Gen 9] VGC 2023 Regulation E\n|rated|\n|rule|Species Clause: Limit one of each Pok\u00e9mon\n|rule|Item Clause: Limit one of each item\n|clearpoke\n|poke|p1|Mamoswine, L50, M|\n|poke|p1|Iron Hands, L50|\n|poke|p1|Grimmsnarl, L50, M|\n|poke|p1|Flutter Mane, L50|\n|poke|p1|Sinistcha, L50|\n|poke|p1|Arcanine-Hisui, L50, M|\n|poke|p2|Scizor, L50, F|\n|poke|p2|Farigiraf, L50, M|\n|poke|p2|Fezandipiti, L50, M|\n|poke|p2|Urshifu-*, L50, F|\n|poke|p2|Heatran, L50, M|\n|poke|p2|Ogerpon, L50, F|\n|teampreview|4\n|\n|t:|1700327934\n|start\n|switch|p1a: Grimmsnarl|Grimmsnarl, L50, M|100\/100\n|switch|p1b: Komanoto|Arcanine-Hisui, L50, M|100\/100\n|switch|p2a: Fezandipiti|Fezandipiti, L50, M|100\/100\n|switch|p2b: Scizor|Scizor, L50, F|100\/100\n|-ability|p1b: Komanoto|Intimidate|boost\n|-unboost|p2a: Fezandipiti|atk|1\n|-unboost|p2b: Scizor|atk|1\n|turn|1\n|\n|t:|1700327948\n|move|p2b: Scizor|Protect|p2b: Scizor\n|-singleturn|p2b: Scizor|Protect\n|move|p1a: Grimmsnarl|Light Screen|p1a: Grimmsnarl\n|-sidestart|p1: Conchoboar3|move: Light Screen\n|move|p2a: Fezandipiti|Icy Wind|p1a: Grimmsnarl|[spread] p1a,p1b\n|-resisted|p1b: Komanoto\n|-damage|p1a: Grimmsnarl|95\/100\n|-damage|p1b: Komanoto|98\/100\n|-unboost|p1a: Grimmsnarl|spe|1\n|move|p1b: Komanoto|Flare Blitz|p2b: Scizor\n|-activate|p2b: Scizor|move: Protect\n|\n|upkeep\n|turn|2\n|\n|t:|1700327962\n|switch|p2b: Heatran|Heatran, L50, M|100\/100\n|move|p1a: Grimmsnarl|Parting Shot|p2b: Heatran\n|-unboost|p2b: Heatran|atk|1\n|-unboost|p2b: Heatran|spa|1\n|\n|t:|1700327964\n|switch|p1a: Iron Hands|Iron Hands, L50|100\/100|[from] Parting Shot\n|move|p2a: Fezandipiti|Dazzling Gleam|p1b: Komanoto|[spread] p1a,p1b\n|-supereffective|p1a: Iron Hands\n|-resisted|p1b: Komanoto\n|-damage|p1a: Iron Hands|88\/100\n|-damage|p1b: Komanoto|93\/100\n|move|p1b: Komanoto|Howl|p1b: Komanoto|[spread] p1a,p1b\n|-boost|p1a: Iron Hands|atk|1\n|-boost|p1b: Komanoto|atk|1\n|\n|upkeep\n|turn|3\n|\n|t:|1700327988\n|switch|p2b: Farigiraf|Farigiraf, L50, M|100\/100\n|move|p2a: Fezandipiti|Icy Wind|p1a: Iron Hands|[spread] p1a,p1b\n|-resisted|p1b: Komanoto\n|-damage|p1a: Iron Hands|86\/100\n|-damage|p1b: Komanoto|90\/100\n|-unboost|p1a: Iron Hands|spe|1\n|move|p1b: Komanoto|Howl|p1b: Komanoto|[spread] p1a,p1b\n|-boost|p1a: Iron Hands|atk|1\n|-boost|p1b: Komanoto|atk|1\n|move|p1a: Iron Hands|Heavy Slam|p2a: Fezandipiti\n|-supereffective|p2a: Fezandipiti\n|-crit|p2a: Fezandipiti\n|-damage|p2a: Fezandipiti|0 fnt\n|-damage|p1a: Iron Hands|69\/100|[from] item: Rocky Helmet|[of] p2a: Fezandipiti\n|faint|p2a: Fezandipiti\n|\n|upkeep\n|\n|t:|1700328007\n|switch|p2a: Heatran|Heatran, L50, M|100\/100\n|turn|4\n|\n|t:|1700328019\n|move|p2a: Heatran|Protect|p2a: Heatran\n|-singleturn|p2a: Heatran|Protect\n|move|p1b: Komanoto|Flare Blitz|p2b: Farigiraf\n|-crit|p2b: Farigiraf\n|-damage|p2b: Farigiraf|0 fnt\n|faint|p2b: Farigiraf\n|-damage|p1b: Komanoto|51\/100|[from] Recoil\n|move|p1a: Iron Hands|Drain Punch|p2a: Heatran\n|-activate|p2a: Heatran|move: Protect\n|\n|upkeep\n|\n|t:|1700328025\n|switch|p2b: Scizor|Scizor, L50, F|100\/100\n|turn|5\n|\n|t:|1700328033\n|move|p2b: Scizor|Protect|p2b: Scizor\n|-singleturn|p2b: Scizor|Protect\n|move|p1b: Komanoto|Flare Blitz|p2b: Scizor\n|-activate|p2b: Scizor|move: Protect\n|move|p2a: Heatran|Earth Power|p1a: Iron Hands\n|-supereffective|p1a: Iron Hands\n|-damage|p1a: Iron Hands|42\/100\n|-unboost|p1a: Iron Hands|spd|1\n|move|p1a: Iron Hands|Drain Punch|p2a: Heatran\n|-supereffective|p2a: Heatran\n|-damage|p2a: Heatran|0 fnt\n|-heal|p1a: Iron Hands|85\/100|[from] drain|[of] p2a: Heatran\n|faint|p2a: Heatran\n|\n|upkeep\n|turn|6\n|-message|ts02942461 forfeited.\n|\n|win|Conchoboar3\n|raw|Conchoboar3's rating: 1333 &rarr; <strong>1354<\/strong><br \/>(+21 for winning)\n|raw|ts02942461's rating: 1359 &rarr; <strong>1338<\/strong><br \/>(-21 for losing)\n|l|\u2606ts02942461\n","uploadtime":1700328055,"views":7,"p1id":"conchoboar3","p2id":"ts02942461","formatid":"gen9vgc2023regulatione","rating":1338,"private":0,"password":""}