{"id":"gen9vgc2023regulatione-1989253215","p1":"Scalonetapibe","p2":"neverword77","format":"[Gen 9] VGC 2023 Regulation E","log":"|j|\u2606Scalonetapibe\n|j|\u2606neverword77\n|n|\u2606Scalonetapibe|scalonetapibe\n|n|\u2606neverword77|neverword77\n|html|View the match progress at <a href=\"\/game-bestof3-gen9vgc2023regulatione-1989253214\">game-bestof3-gen9vgc2023regulatione-1989253214<\/a>\n|t:|1699828338\n|gametype|doubles\n|player|p1|Scalonetapibe|bruno|\n|player|p2|neverword77|pokemaniac|\n|teamsize|p1|6\n|teamsize|p2|6\n|gen|9\n|tier|[Gen 9] VGC 2023 Regulation E\n|rule|Species Clause: Limit one of each Pok\u00e9mon\n|rule|Item Clause: Limit one of each item\n|clearpoke\n|poke|p1|Gholdengo, L50|\n|poke|p1|Iron Hands, L50|\n|poke|p1|Amoonguss, L50, F|\n|poke|p1|Iron Bundle, L50|\n|poke|p1|Pelipper, L50, F|\n|poke|p1|Salamence, L50, M|\n|poke|p2|Arcanine-Hisui, L50, M|\n|poke|p2|Urshifu-*, L50, M|\n|poke|p2|Iron Hands, L50|\n|poke|p2|Flutter Mane, L50|\n|poke|p2|Tornadus, L50, M|\n|poke|p2|Chien-Pao, L50|\n|teampreview|4\n|inactive|Battle timer is ON: inactive players will automatically lose when time's up. (requested by Scalonetapibe)\n|inactiveoff|Battle timer is now OFF.\nneverword77 has agreed to open team sheets.\nScalonetapibe has agreed to open team sheets.\n|showteam|p1|Gholdengo||Leftovers|GoodasGold|MakeItRain,NastyPlot,ShadowBall,Protect||||||50|,,,,,Dragon]Iron Hands||AssaultVest|QuarkDrive|FakeOut,HeavySlam,WildCharge,DrainPunch||||||50|,,,,,Water]Amoonguss||SitrusBerry|Regenerator|Spore,RagePowder,PollenPuff,Protect|||F|||50|,,,,,Water]Iron Bundle||BoosterEnergy|QuarkDrive|IcyWind,FreezeDry,HydroPump,Protect||||||50|,,,,,Ghost]Pelipper||FocusSash|Drizzle|Hurricane,WeatherBall,Protect,WideGuard|||F|||50|,,,,,Flying]Salamence||ChoiceScarf|Intimidate|Hurricane,DracoMeteor,Tailwind,AirSlash|||M|||50|,,,,,Flying\n|showteam|p2|Arcanine-Hisui||LoadedDice|Intimidate|FlareBlitz,ExtremeSpeed,RockBlast,Protect|||M|||50|,,,,,Grass]Urshifu-Rapid-Strike||MysticWater|UnseenFist|SurgingStrikes,CloseCombat,Protect,AquaJet|||M|||50|,,,,,Water]Iron Hands||AssaultVest|QuarkDrive|FakeOut,HeavySlam,DrainPunch,ThunderPunch||||||50|,,,,,Grass]Flutter Mane||BoosterEnergy|Protosynthesis|DazzlingGleam,Protect,ShadowBall,EnergyBall||||||50|,,,,,Fairy]Tornadus||CovertCloak|Prankster|Taunt,Tailwind,BleakwindStorm,Protect|||M|||50|,,,,,Flying]Chien-Pao||LifeOrb|SwordofRuin|SuckerPunch,SacredSword,IcicleCrash,Protect||||||50|,,,,,Ghost\n|c|\u2606Scalonetapibe|Glhf\n|c|\u2606neverword77|glhf\n|\n|t:|1699828414\n|start\n|switch|p1a: Iron Hands|Iron Hands, L50|100\/100\n|switch|p1b: Iron Bundle|Iron Bundle, L50|100\/100\n|switch|p2a: Iron Hands|Iron Hands, L50|100\/100\n|switch|p2b: Chien-Pao|Chien-Pao, L50|100\/100\n|-ability|p2b: Chien-Pao|Sword of Ruin\n|-enditem|p1b: Iron Bundle|Booster Energy\n|-activate|p1b: Iron Bundle|ability: Quark Drive|[fromitem]\n|-start|p1b: Iron Bundle|quarkdrivespe\n|turn|1\n|\n|t:|1699828449\n|-terastallize|p2b: Chien-Pao|Ghost\n|move|p1b: Iron Bundle|Protect|p1b: Iron Bundle\n|-singleturn|p1b: Iron Bundle|Protect\n|move|p2b: Chien-Pao|Sacred Sword|p1b: Iron Bundle\n|-activate|p1b: Iron Bundle|move: Protect\n|move|p1a: Iron Hands|Wild Charge|p2b: Chien-Pao\n|-damage|p2b: Chien-Pao|20\/100\n|-damage|p1a: Iron Hands|88\/100|[from] Recoil\n|move|p2a: Iron Hands|Thunder Punch|p1b: Iron Bundle\n|-activate|p1b: Iron Bundle|move: Protect\n|\n|upkeep\n|turn|2\n|\n|t:|1699828505\n|-end|p1b: Iron Bundle|Quark Drive|[silent]\n|switch|p1b: Gholdengo|Gholdengo, L50|100\/100\n|move|p2b: Chien-Pao|Protect|p2b: Chien-Pao\n|-singleturn|p2b: Chien-Pao|Protect\n|move|p1a: Iron Hands|Wild Charge|p2b: Chien-Pao\n|-activate|p2b: Chien-Pao|move: Protect\n|move|p2a: Iron Hands|Thunder Punch|p1b: Gholdengo\n|-damage|p1b: Gholdengo|38\/100\n|\n|-heal|p1b: Gholdengo|44\/100|[from] item: Leftovers\n|upkeep\n|turn|3\n|\n|t:|1699828540\n|move|p1b: Gholdengo|Protect|p1b: Gholdengo\n|-singleturn|p1b: Gholdengo|Protect\n|move|p2b: Chien-Pao|Sucker Punch||[still]\n|-fail|p2b: Chien-Pao\n|move|p1a: Iron Hands|Wild Charge|p2b: Chien-Pao\n|-damage|p2b: Chien-Pao|0 fnt\n|faint|p2b: Chien-Pao\n|-damage|p1a: Iron Hands|84\/100|[from] Recoil\n|move|p2a: Iron Hands|Thunder Punch|p1b: Gholdengo\n|-activate|p1b: Gholdengo|move: Protect\n|\n|-heal|p1b: Gholdengo|50\/100|[from] item: Leftovers\n|upkeep\n|\n|t:|1699828559\n|switch|p2b: Flutter Mane|Flutter Mane, L50|100\/100\n|-enditem|p2b: Flutter Mane|Booster Energy\n|-activate|p2b: Flutter Mane|ability: Protosynthesis|[fromitem]\n|-start|p2b: Flutter Mane|protosynthesisspe\n|turn|4\n|\n|t:|1699828569\n|-terastallize|p1a: Iron Hands|Water\n|move|p2b: Flutter Mane|Protect|p2b: Flutter Mane\n|-singleturn|p2b: Flutter Mane|Protect\n|move|p1b: Gholdengo|Shadow Ball|p2a: Iron Hands\n|-damage|p2a: Iron Hands|73\/100\n|move|p1a: Iron Hands|Heavy Slam|p2b: Flutter Mane\n|-activate|p2b: Flutter Mane|move: Protect\n|move|p2a: Iron Hands|Thunder Punch|p1b: Gholdengo\n|-damage|p1b: Gholdengo|3\/100\n|\n|-heal|p1b: Gholdengo|9\/100|[from] item: Leftovers\n|upkeep\n|turn|5\n|\n|t:|1699828591\n|move|p2b: Flutter Mane|Dazzling Gleam|p1a: Iron Hands|[spread] p1a,p1b\n|-resisted|p1b: Gholdengo\n|-damage|p1a: Iron Hands|67\/100\n|-damage|p1b: Gholdengo|0 fnt\n|faint|p1b: Gholdengo\n|move|p1a: Iron Hands|Heavy Slam|p2b: Flutter Mane\n|-supereffective|p2b: Flutter Mane\n|-damage|p2b: Flutter Mane|0 fnt\n|faint|p2b: Flutter Mane\n|-end|p2b: Flutter Mane|Protosynthesis|[silent]\n|move|p2a: Iron Hands|Thunder Punch|p1a: Iron Hands\n|-supereffective|p1a: Iron Hands\n|-damage|p1a: Iron Hands|4\/100\n|\n|upkeep\n|\n|t:|1699828603\n|switch|p2b: Urshifu|Urshifu-Rapid-Strike, L50, M|100\/100\n|switch|p1b: Iron Bundle|Iron Bundle, L50|100\/100\n|turn|6\n|\n|t:|1699828621\n|move|p2b: Urshifu|Aqua Jet|p1a: Iron Hands\n|-resisted|p1a: Iron Hands\n|-damage|p1a: Iron Hands|0 fnt\n|faint|p1a: Iron Hands\n|-end|p1a: Iron Hands|Quark Drive|[silent]\n|move|p1b: Iron Bundle|Freeze-Dry|p2b: Urshifu\n|-supereffective|p2b: Urshifu\n|-damage|p2b: Urshifu|8\/100\n|-status|p2b: Urshifu|frz\n|move|p2a: Iron Hands|Thunder Punch|p1b: Iron Bundle\n|-supereffective|p1b: Iron Bundle\n|-damage|p1b: Iron Bundle|12\/100\n|\n|upkeep\n|\n|t:|1699828624\n|switch|p1a: Salamence|Salamence, L50, M|100\/100\n|-ability|p1a: Salamence|Intimidate|boost\n|-unboost|p2a: Iron Hands|atk|1\n|-unboost|p2b: Urshifu|atk|1\n|turn|7\n|\n|t:|1699828642\n|move|p1a: Salamence|Hurricane|p2a: Iron Hands\n|-crit|p2a: Iron Hands\n|-damage|p2a: Iron Hands|22\/100\n|move|p1b: Iron Bundle|Freeze-Dry|p2b: Urshifu\n|-supereffective|p2b: Urshifu\n|-damage|p2b: Urshifu|0 fnt\n|faint|p2b: Urshifu\n|move|p2a: Iron Hands|Thunder Punch|p1b: Iron Bundle\n|-supereffective|p1b: Iron Bundle\n|-crit|p1b: Iron Bundle\n|-damage|p1b: Iron Bundle|0 fnt\n|faint|p1b: Iron Bundle\n|-end|p1b: Iron Bundle|Quark Drive|[silent]\n|\n|upkeep\n|turn|8\n|\n|t:|1699828659\n|move|p1a: Salamence|Hurricane|p2a: Iron Hands\n|-damage|p2a: Iron Hands|0 fnt\n|faint|p2a: Iron Hands\n|-end|p2a: Iron Hands|Quark Drive|[silent]\n|\n|win|Scalonetapibe\n|c|\u2606neverword77|gg\n|c|&|\/uhtml prompt-scalonetapibe,Scalonetapibe is ready for game 2!\n|c|\u2606neverword77|guardate la repe\n|c|&|\/uhtml prompt-scalonetapibe,Scalonetapibe is ready for game 2!\n|inactive|neverword77 has 50 seconds to confirm battle start!\n|c|&|\/uhtml prompt-scalonetapibe,Scalonetapibe is ready for game 2!\n|c|&|\/uhtml prompt-scalonetapibe,Scalonetapibe is ready for game 2!\n|c|\u2606neverword77|y la subis vos\n|c|&|\/uhtml prompt-neverword77,neverword77 is ready for game 2!\nBoth players are ready! Starting next match!\n","uploadtime":1699829505,"views":31,"p1id":"scalonetapibe","p2id":"neverword77","formatid":"gen9vgc2023regulatione","rating":0,"private":0,"password":""}