{"id":"gen9vgc2023regulatione-1992294150","p1":"DoggoGGO","p2":"Bomphante","format":"[Gen 9] VGC 2023 Regulation E","log":"|j|\u2606DoggoGGO\n|j|\u2606Bomphante\n|t:|1700171778\n|gametype|doubles\n|player|p1|DoggoGGO|pokemonrangerf|1089\n|player|p2|Bomphante|cynthia|1058\n|teamsize|p1|6\n|teamsize|p2|6\n|gen|9\n|tier|[Gen 9] VGC 2023 Regulation E\n|rated|\n|rule|Species Clause: Limit one of each Pok\u00e9mon\n|rule|Item Clause: Limit one of each item\n|clearpoke\n|poke|p1|Thundurus, L50, M|\n|poke|p1|Sinistcha, L50|\n|poke|p1|Avalugg, L50, F|\n|poke|p1|Arcanine, L50, F|\n|poke|p1|Flutter Mane, L50|\n|poke|p1|Quagsire, L50, F|\n|poke|p2|Landorus, L50, M|\n|poke|p2|Iron Hands, L50|\n|poke|p2|Sinistcha, L50|\n|poke|p2|Ninetales-Alola, L50, M|\n|poke|p2|Arcanine-Hisui, L50, M|\n|poke|p2|Clodsire, L50, M|\n|teampreview|4\n|c|\u2606Bomphante|we will see which is the better sire\n|\n|t:|1700171803\n|start\n|switch|p1a: Will Smith|Thundurus, L50, M|100\/100\n|switch|p1b: Table|Avalugg, L50, F|100\/100\n|switch|p2a: Aurora Borealis|Ninetales-Alola, L50, M|100\/100\n|switch|p2b: Clodsire|Clodsire, L50, M|100\/100\n|-weather|Snow|[from] ability: Snow Warning|[of] p2a: Aurora Borealis\n|-item|p2b: Clodsire|Air Balloon\n|turn|1\n|\n|t:|1700171826\n|-terastallize|p2b: Clodsire|Ice\n|move|p1a: Will Smith|Taunt|p2a: Aurora Borealis\n|-start|p2a: Aurora Borealis|move: Taunt\n|cant|p2a: Aurora Borealis|move: Taunt|Aurora Veil\n|move|p1b: Table|Body Press|p2a: Aurora Borealis\n|-damage|p2a: Aurora Borealis|64\/100\n|move|p2b: Clodsire|Yawn|p1b: Table\n|-start|p1b: Table|move: Yawn|[of] p2b: Clodsire\n|\n|-weather|Snow|[upkeep]\n|upkeep\n|turn|2\n|\n|t:|1700171852\n|switch|p1b: Dog :)|Arcanine, L50, F|100\/100\n|-ability|p1b: Dog :)|Intimidate|boost\n|-unboost|p2a: Aurora Borealis|atk|1\n|-unboost|p2b: Clodsire|atk|1\n|switch|p2b: Sinistcha|Sinistcha, L50|100\/100\n|-heal|p2a: Aurora Borealis|89\/100|[from] ability: Hospitality|[of] p2b: Sinistcha\n|move|p1a: Will Smith|Taunt|p2b: Sinistcha\n|-start|p2b: Sinistcha|move: Taunt\n|move|p2a: Aurora Borealis|Icy Wind|p1a: Will Smith|[spread] p1a,p1b\n|-supereffective|p1a: Will Smith\n|-resisted|p1b: Dog :)\n|-damage|p1a: Will Smith|62\/100\n|-damage|p1b: Dog :)|91\/100\n|-unboost|p1a: Will Smith|spe|1\n|-unboost|p1b: Dog :)|spe|1\n|\n|-weather|Snow|[upkeep]\n|upkeep\n|turn|3\n|\n|t:|1700171877\n|move|p2a: Aurora Borealis|Chilling Water|p1b: Dog :)\n|-supereffective|p1b: Dog :)\n|-damage|p1b: Dog :)|56\/100\n|-unboost|p1b: Dog :)|atk|1\n|move|p1a: Will Smith|Volt Switch|p2a: Aurora Borealis\n|-damage|p2a: Aurora Borealis|56\/100\n|\n|t:|1700171884\n|switch|p1a: Table|Avalugg, L50, F|100\/100|[from] Volt Switch\n|move|p1b: Dog :)|Flare Blitz|p2b: Sinistcha\n|-supereffective|p2b: Sinistcha\n|-damage|p2b: Sinistcha|29\/100\n|-damage|p1b: Dog :)|31\/100|[from] Recoil\n|move|p2b: Sinistcha|Matcha Gotcha|p1b: Dog :)|[spread] p1a\n|-miss|p2b: Sinistcha|p1b: Dog :)\n|-damage|p1a: Table|74\/100\n|-heal|p2b: Sinistcha|45\/100|[from] drain|[of] p1a: Table\n|-status|p1a: Table|brn\n|\n|-weather|Snow|[upkeep]\n|-damage|p1a: Table|68\/100 brn|[from] brn\n|-end|p2a: Aurora Borealis|move: Taunt\n|upkeep\n|turn|4\n|\n|t:|1700171929\n|switch|p2b: Arcanine|Arcanine-Hisui, L50, M|100\/100\n|move|p2a: Aurora Borealis|Aurora Veil|p2a: Aurora Borealis\n|-sidestart|p2: Bomphante|move: Aurora Veil\n|move|p1b: Dog :)|Flare Blitz|p2a: Aurora Borealis\n|-supereffective|p2a: Aurora Borealis\n|-damage|p2a: Aurora Borealis|0 fnt\n|faint|p2a: Aurora Borealis\n|-damage|p1b: Dog :)|14\/100|[from] Recoil\n|move|p1a: Table|Ice Spinner|p2b: Arcanine\n|-resisted|p2b: Arcanine\n|-damage|p2b: Arcanine|95\/100\n|\n|-weather|Snow|[upkeep]\n|-damage|p1a: Table|62\/100 brn|[from] brn\n|upkeep\n|\n|t:|1700171938\n|switch|p2a: Sinistcha|Sinistcha, L50|45\/100\n|-heal|p2b: Arcanine|100\/100|[from] ability: Hospitality|[of] p2a: Sinistcha\n|turn|5\n|\n|t:|1700171978\n|-terastallize|p1a: Table|Fighting\n|move|p2b: Arcanine|Head Smash|p1b: Dog :)\n|-supereffective|p1b: Dog :)\n|-damage|p1b: Dog :)|0 fnt\n|faint|p1b: Dog :)\n|move|p2a: Sinistcha|Matcha Gotcha|p1a: Table\n|-damage|p1a: Table|25\/100 brn\n|-heal|p2a: Sinistcha|69\/100|[from] drain|[of] p1a: Table\n|-enditem|p1a: Table|Iapapa Berry|[eat]\n|-heal|p1a: Table|58\/100 brn|[from] item: Iapapa Berry\n|move|p1a: Table|Body Press|p2b: Arcanine\n|-supereffective|p2b: Arcanine\n|-damage|p2b: Arcanine|59\/100\n|\n|-weather|none\n|-damage|p1a: Table|53\/100 brn|[from] brn\n|upkeep\n|\n|t:|1700171983\n|switch|p1b: The Tea Sis|Sinistcha, L50|100\/100\n|-heal|p1a: Table|77\/100 brn|[from] ability: Hospitality|[of] p1b: The Tea Sis\n|turn|6\n|\n|t:|1700172002\n|move|p1b: The Tea Sis|Protect|p1b: The Tea Sis\n|-singleturn|p1b: The Tea Sis|Protect\n|move|p2b: Arcanine|Flare Blitz|p1a: Table\n|-damage|p1a: Table|50\/100 brn\n|move|p2a: Sinistcha|Poltergeist|p1b: The Tea Sis\n|-activate|p1b: The Tea Sis|move: Protect\n|move|p1a: Table|Iron Defense|p1a: Table\n|-boost|p1a: Table|def|2\n|\n|-damage|p1a: Table|44\/100 brn|[from] brn\n|upkeep\n|turn|7\n|\n|t:|1700172018\n|switch|p1b: Will Smith|Thundurus, L50, M|62\/100\n|move|p2b: Arcanine|Protect|p2b: Arcanine\n|-singleturn|p2b: Arcanine|Protect\n|move|p2a: Sinistcha|Matcha Gotcha|p1a: Table|[spread] p1a,p1b\n|-resisted|p1b: Will Smith\n|-damage|p1a: Table|13\/100 brn\n|-heal|p2a: Sinistcha|89\/100|[from] drain|[of] p1a: Table\n|-damage|p1b: Will Smith|48\/100\n|-heal|p2a: Sinistcha|98\/100|[from] drain|[of] p1b: Will Smith\n|move|p1a: Table|Body Press|p2b: Arcanine\n|-activate|p2b: Arcanine|move: Protect\n|\n|-damage|p1a: Table|7\/100 brn|[from] brn\n|upkeep\n|turn|8\n|\n|t:|1700172045\n|move|p1a: Table|Protect|p1a: Table\n|-singleturn|p1a: Table|Protect\n|move|p1b: Will Smith|Eerie Impulse|p2a: Sinistcha\n|-unboost|p2a: Sinistcha|spa|2\n|move|p2b: Arcanine|Flare Blitz|p1b: Will Smith\n|-damage|p1b: Will Smith|0 fnt\n|faint|p1b: Will Smith\n|move|p2a: Sinistcha|Matcha Gotcha|p1a: Table\n|-activate|p1a: Table|move: Protect\n|\n|-damage|p1a: Table|1\/100 brn|[from] brn\n|-sideend|p2: Bomphante|move: Aurora Veil\n|upkeep\n|\n|t:|1700172048\n|switch|p1b: The Tea Sis|Sinistcha, L50|100\/100\n|-heal|p1a: Table|26\/100 brn|[from] ability: Hospitality|[of] p1b: The Tea Sis\n|turn|9\n|\n|t:|1700172065\n|switch|p2a: Clodsire|Clodsire, L50, M, tera:Ice|100\/100\n|-item|p2a: Clodsire|Air Balloon\n|move|p2b: Arcanine|Flare Blitz|p1a: Table\n|-damage|p1a: Table|13\/100 brn\n|move|p1b: The Tea Sis|Hex|p2a: Clodsire\n|-damage|p2a: Clodsire|75\/100\n|-enditem|p2a: Clodsire|Air Balloon\n|move|p1a: Table|Body Press|p2b: Arcanine\n|-supereffective|p2b: Arcanine\n|-damage|p2b: Arcanine|0 fnt\n|faint|p2b: Arcanine\n|\n|-damage|p1a: Table|7\/100 brn|[from] brn\n|upkeep\n|\n|t:|1700172072\n|switch|p2b: Sinistcha|Sinistcha, L50|98\/100\n|-heal|p2a: Clodsire|99\/100|[from] ability: Hospitality|[of] p2b: Sinistcha\n|turn|10\n|\n|t:|1700172092\n|move|p1a: Table|Protect|p1a: Table\n|-singleturn|p1a: Table|Protect\n|move|p1b: The Tea Sis|Hex|p2b: Sinistcha\n|-supereffective|p2b: Sinistcha\n|-damage|p2b: Sinistcha|9\/100\n|move|p2b: Sinistcha|Matcha Gotcha|p1b: The Tea Sis|[spread] p1b\n|-activate|p1a: Table|move: Protect\n|-resisted|p1b: The Tea Sis\n|-damage|p1b: The Tea Sis|87\/100\n|-heal|p2b: Sinistcha|18\/100|[from] drain|[of] p1b: The Tea Sis\n|move|p2a: Clodsire|Yawn|p1b: The Tea Sis\n|-start|p1b: The Tea Sis|move: Yawn|[of] p2a: Clodsire\n|\n|-heal|p1b: The Tea Sis|93\/100|[from] item: Leftovers\n|-damage|p1a: Table|1\/100 brn|[from] brn\n|upkeep\n|turn|11\n|\n|t:|1700172118\n|move|p1b: The Tea Sis|Hex|p2b: Sinistcha\n|-supereffective|p2b: Sinistcha\n|-damage|p2b: Sinistcha|0 fnt\n|faint|p2b: Sinistcha\n|move|p1a: Table|Body Press|p2a: Clodsire\n|-supereffective|p2a: Clodsire\n|-damage|p2a: Clodsire|0 fnt\n|faint|p2a: Clodsire\n|\n|win|DoggoGGO\n|raw|DoggoGGO's rating: 1089 &rarr; <strong>1113<\/strong><br \/>(+24 for winning)\n|raw|Bomphante's rating: 1058 &rarr; <strong>1041<\/strong><br \/>(-17 for losing)\n|c|\u2606Bomphante|o gg\n","uploadtime":1700172129,"views":21,"p1id":"doggoggo","p2id":"bomphante","formatid":"gen9vgc2023regulatione","rating":1041,"private":0,"password":""}