{"id":"gen9vgc2023regulatione-1996338630","p1":"Hrv1105020","p2":"Jarlomen","format":"[Gen 9] VGC 2023 Regulation E","log":"|j|\u2606Hrv1105020\n|j|\u2606Jarlomen\n|t:|1700672589\n|gametype|doubles\n|player|p1|Hrv1105020|volkner|1051\n|player|p2|Jarlomen|102|1102\n|teamsize|p1|6\n|teamsize|p2|6\n|gen|9\n|tier|[Gen 9] VGC 2023 Regulation E\n|rated|\n|rule|Species Clause: Limit one of each Pok\u00e9mon\n|rule|Item Clause: Limit one of each item\n|clearpoke\n|poke|p1|Sawsbuck, L50, F|\n|poke|p1|Rillaboom, L50, F|\n|poke|p1|Goodra-Hisui, L50, F|\n|poke|p1|Arcanine-Hisui, L50, F|\n|poke|p1|Iron Bundle, L50|\n|poke|p1|Thundurus, L50, M|\n|poke|p2|Scizor, L50, M|\n|poke|p2|Arcanine, L50, F|\n|poke|p2|Milotic, L50, F|\n|poke|p2|Sinistcha, L50|\n|poke|p2|Dragapult, L50, M|\n|poke|p2|Sylveon, L50, M|\n|teampreview|4\n|inactive|Battle timer is ON: inactive players will automatically lose when time's up. (requested by Jarlomen)\n|inactive|Jarlomen has 60 seconds left.\n|\n|t:|1700672630\n|start\n|switch|p1a: Rillaboom|Rillaboom, L50, F, shiny|100\/100\n|switch|p1b: Iron Bundle|Iron Bundle, L50, shiny|100\/100\n|switch|p2a: Scizor|Scizor, L50, M|100\/100\n|switch|p2b: Arcanine|Arcanine, L50, F|100\/100\n|-ability|p2b: Arcanine|Intimidate|boost\n|-unboost|p1a: Rillaboom|atk|1\n|-unboost|p1b: Iron Bundle|atk|1\n|-fieldstart|move: Grassy Terrain|[from] ability: Grassy Surge|[of] p1a: Rillaboom\n|-enditem|p1b: Iron Bundle|Booster Energy\n|-activate|p1b: Iron Bundle|ability: Quark Drive|[fromitem]\n|-start|p1b: Iron Bundle|quarkdrivespe\n|turn|1\n|inactive|Hrv1105020 has 30 seconds left.\n|inactive|Jarlomen has 30 seconds left.\n|inactive|Jarlomen has 20 seconds left.\n|inactive|Jarlomen has 15 seconds left.\n|inactive|Jarlomen has 10 seconds left.\n|inactive|Hrv1105020 has 20 seconds left.\n|inactive|Hrv1105020 has 15 seconds left.\n|\n|t:|1700672687\n|move|p1a: Rillaboom|Fake Out|p2a: Scizor\n|-resisted|p2a: Scizor\n|-damage|p2a: Scizor|95\/100\n|move|p2b: Arcanine|Extreme Speed|p1b: Iron Bundle\n|-damage|p1b: Iron Bundle|69\/100\n|cant|p2a: Scizor|flinch\n|move|p1b: Iron Bundle|Hydro Pump|p2b: Arcanine|[miss]\n|-miss|p1b: Iron Bundle|p2b: Arcanine\n|\n|-heal|p1b: Iron Bundle|75\/100|[from] Grassy Terrain\n|-heal|p2a: Scizor|100\/100|[from] Grassy Terrain\n|upkeep\n|turn|2\n|inactive|Hrv1105020 has 30 seconds left.\n|inactive|Hrv1105020 has 20 seconds left.\n|\n|t:|1700672724\n|-terastallize|p1b: Iron Bundle|Steel\n|move|p1b: Iron Bundle|Hydro Pump|p2b: Arcanine\n|-supereffective|p2b: Arcanine\n|-damage|p2b: Arcanine|0 fnt\n|faint|p2b: Arcanine\n|move|p1a: Rillaboom|Knock Off|p2a: Scizor\n|-damage|p2a: Scizor|75\/100\n|-enditem|p2a: Scizor|Clear Amulet|[from] move: Knock Off|[of] p1a: Rillaboom\n|move|p2a: Scizor|Bug Bite|p1b: Iron Bundle\n|-resisted|p1b: Iron Bundle\n|-damage|p1b: Iron Bundle|41\/100\n|\n|-heal|p1b: Iron Bundle|47\/100|[from] Grassy Terrain\n|-heal|p2a: Scizor|81\/100|[from] Grassy Terrain\n|upkeep\n|\n|t:|1700672740\n|switch|p2b: Dragapult|Dragapult, L50, M|100\/100\n|turn|3\n|\n|t:|1700672764\n|-end|p1b: Iron Bundle|Quark Drive|[silent]\n|switch|p1b: Goodra|Goodra-Hisui, L50, F, shiny|100\/100\n|move|p2b: Dragapult|Phantom Force||[still]\n|-prepare|p2b: Dragapult|Phantom Force\n|move|p1a: Rillaboom|Knock Off|p2b: Dragapult|[miss]\n|-miss|p1a: Rillaboom|p2b: Dragapult\n|move|p2a: Scizor|Dual Wingbeat|p1a: Rillaboom\n|-supereffective|p1a: Rillaboom\n|-damage|p1a: Rillaboom|56\/100\n|-supereffective|p1a: Rillaboom\n|-damage|p1a: Rillaboom|13\/100\n|-hitcount|p1a: Rillaboom|2\n|\n|-heal|p1a: Rillaboom|19\/100|[from] Grassy Terrain\n|-heal|p2a: Scizor|87\/100|[from] Grassy Terrain\n|upkeep\n|turn|4\n|\n|t:|1700672786\n|switch|p1a: Iron Bundle|Iron Bundle, L50, shiny, tera:Steel|47\/100\n|move|p2a: Scizor|Bullet Punch|p1a: Iron Bundle\n|-resisted|p1a: Iron Bundle\n|-damage|p1a: Iron Bundle|27\/100\n|move|p2b: Dragapult|Phantom Force|p1b: Goodra|[from]lockedmove\n|-damage|p1b: Goodra|53\/100\n|move|p1b: Goodra|Shelter|p1b: Goodra\n|-boost|p1b: Goodra|def|2\n|\n|-heal|p1a: Iron Bundle|33\/100|[from] Grassy Terrain\n|-heal|p2a: Scizor|93\/100|[from] Grassy Terrain\n|-heal|p1b: Goodra|59\/100|[from] Grassy Terrain\n|-heal|p1b: Goodra|65\/100|[from] item: Leftovers\n|upkeep\n|turn|5\n|inactive|Hrv1105020 has 30 seconds left.\n|inactive|Jarlomen has 30 seconds left.\n|\n|t:|1700672820\n|move|p2a: Scizor|Protect|p2a: Scizor\n|-singleturn|p2a: Scizor|Protect\n|move|p2b: Dragapult|Phantom Force||[still]\n|-prepare|p2b: Dragapult|Phantom Force\n|move|p1a: Iron Bundle|Hydro Pump|p2a: Scizor\n|-activate|p2a: Scizor|move: Protect\n|move|p1b: Goodra|Body Press|p2a: Scizor\n|-activate|p2a: Scizor|move: Protect\n|\n|-heal|p1a: Iron Bundle|39\/100|[from] Grassy Terrain\n|-heal|p2a: Scizor|99\/100|[from] Grassy Terrain\n|-heal|p1b: Goodra|71\/100|[from] Grassy Terrain\n|-heal|p1b: Goodra|77\/100|[from] item: Leftovers\n|-fieldend|move: Grassy Terrain\n|upkeep\n|turn|6\n|inactive|Jarlomen has 30 seconds left.\n|\n|t:|1700672848\n|-end|p1a: Iron Bundle|Quark Drive|[silent]\n|switch|p1a: Sawsbuck|Sawsbuck, L50, F, shiny|100\/100\n|move|p2b: Dragapult|Phantom Force|p1a: Sawsbuck|[from]lockedmove\n|-immune|p1a: Sawsbuck\n|move|p2a: Scizor|Dual Wingbeat|p1b: Goodra\n|-resisted|p1b: Goodra\n|-damage|p1b: Goodra|73\/100\n|-resisted|p1b: Goodra\n|-damage|p1b: Goodra|69\/100\n|-hitcount|p1b: Goodra|2\n|move|p1b: Goodra|Body Press|p2a: Scizor\n|-damage|p2a: Scizor|49\/100\n|\n|-heal|p1b: Goodra|75\/100|[from] item: Leftovers\n|upkeep\n|turn|7\n|inactive|Hrv1105020 has 30 seconds left.\n|\n|t:|1700672880\n|move|p2b: Dragapult|Phantom Force||[still]\n|-prepare|p2b: Dragapult|Phantom Force\n|move|p1a: Sawsbuck|Wild Charge|p2a: Scizor\n|-damage|p2a: Scizor|16\/100\n|-damage|p1a: Sawsbuck|91\/100|[from] Recoil\n|-damage|p1a: Sawsbuck|81\/100|[from] item: Life Orb\n|move|p2a: Scizor|Dual Wingbeat|p1a: Sawsbuck\n|-supereffective|p1a: Sawsbuck\n|-damage|p1a: Sawsbuck|9\/100\n|-supereffective|p1a: Sawsbuck\n|-damage|p1a: Sawsbuck|0 fnt\n|faint|p1a: Sawsbuck\n|-hitcount|p1: Sawsbuck|2\n|move|p1b: Goodra|Shelter|p1b: Goodra\n|-boost|p1b: Goodra|def|2\n|\n|-heal|p1b: Goodra|81\/100|[from] item: Leftovers\n|upkeep\n|\n|t:|1700672901\n|switch|p1a: Rillaboom|Rillaboom, L50, F, shiny|19\/100\n|-fieldstart|move: Grassy Terrain|[from] ability: Grassy Surge|[of] p1a: Rillaboom\n|turn|8\n|\n|t:|1700672910\n|move|p1a: Rillaboom|Fake Out|p2a: Scizor\n|-resisted|p2a: Scizor\n|-damage|p2a: Scizor|9\/100\n|cant|p2a: Scizor|flinch\n|move|p2b: Dragapult|Phantom Force|p1b: Goodra|[from]lockedmove\n|-damage|p1b: Goodra|66\/100\n|move|p1b: Goodra|Heavy Slam|p2b: Dragapult\n|-damage|p2b: Dragapult|40\/100\n|\n|-heal|p2b: Dragapult|46\/100|[from] Grassy Terrain\n|-heal|p1a: Rillaboom|26\/100|[from] Grassy Terrain\n|-heal|p2a: Scizor|15\/100|[from] Grassy Terrain\n|-heal|p1b: Goodra|72\/100|[from] Grassy Terrain\n|-heal|p1b: Goodra|78\/100|[from] item: Leftovers\n|upkeep\n|turn|9\n|inactive|Hrv1105020 has 30 seconds left.\n|\n|t:|1700672939\n|move|p1a: Rillaboom|Grassy Glide|p2a: Scizor\n|-resisted|p2a: Scizor\n|-damage|p2a: Scizor|4\/100\n|move|p2b: Dragapult|Phantom Force||[still]\n|-prepare|p2b: Dragapult|Phantom Force\n|move|p2a: Scizor|Dual Wingbeat|p1a: Rillaboom\n|-supereffective|p1a: Rillaboom\n|-damage|p1a: Rillaboom|0 fnt\n|faint|p1a: Rillaboom\n|-hitcount|p1: Rillaboom|1\n|move|p1b: Goodra|Shelter|p1b: Goodra\n|-boost|p1b: Goodra|def|2\n|\n|-heal|p2a: Scizor|11\/100|[from] Grassy Terrain\n|-heal|p1b: Goodra|83\/100|[from] Grassy Terrain\n|-heal|p1b: Goodra|89\/100|[from] item: Leftovers\n|upkeep\n|\n|t:|1700672955\n|switch|p1a: Iron Bundle|Iron Bundle, L50, shiny, tera:Steel|39\/100\n|turn|10\n|\n|t:|1700672964\n|move|p2a: Scizor|Bullet Punch|p1a: Iron Bundle\n|-resisted|p1a: Iron Bundle\n|-damage|p1a: Iron Bundle|18\/100\n|move|p2b: Dragapult|Phantom Force|p1a: Iron Bundle|[from]lockedmove\n|-damage|p1a: Iron Bundle|0 fnt\n|faint|p1a: Iron Bundle\n|-end|p1a: Iron Bundle|Quark Drive|[silent]\n|move|p1b: Goodra|Body Press|p2a: Scizor\n|-damage|p2a: Scizor|0 fnt\n|faint|p2a: Scizor\n|\n|-heal|p2b: Dragapult|52\/100|[from] Grassy Terrain\n|-heal|p1b: Goodra|95\/100|[from] Grassy Terrain\n|-heal|p1b: Goodra|100\/100|[from] item: Leftovers\n|upkeep\n|\n|t:|1700672977\n|switch|p2a: Sinistcha|Sinistcha, L50|100\/100\n|-heal|p2b: Dragapult|77\/100|[from] ability: Hospitality|[of] p2a: Sinistcha\n|turn|11\n|inactive|Jarlomen has 30 seconds left.\n|\n|t:|1700673005\n|-terastallize|p2b: Dragapult|Ghost\n|move|p2b: Dragapult|Phantom Force||[still]\n|-prepare|p2b: Dragapult|Phantom Force\n|move|p2a: Sinistcha|Matcha Gotcha|p1b: Goodra\n|-resisted|p1b: Goodra\n|-damage|p1b: Goodra|92\/100\n|move|p1b: Goodra|Heavy Slam|p2a: Sinistcha\n|-damage|p2a: Sinistcha|68\/100\n|-damage|p1b: Goodra|76\/100|[from] item: Rocky Helmet|[of] p2a: Sinistcha\n|\n|-heal|p2a: Sinistcha|74\/100|[from] Grassy Terrain\n|-heal|p1b: Goodra|82\/100|[from] Grassy Terrain\n|-heal|p1b: Goodra|88\/100|[from] item: Leftovers\n|upkeep\n|turn|12\n|\n|t:|1700673024\n|move|p2b: Dragapult|Phantom Force|p1b: Goodra|[from]lockedmove\n|-damage|p1b: Goodra|73\/100\n|move|p2a: Sinistcha|Strength Sap|p1b: Goodra\n|-unboost|p1b: Goodra|atk|1\n|-heal|p2a: Sinistcha|100\/100\n|move|p1b: Goodra|Heavy Slam|p2a: Sinistcha\n|-damage|p2a: Sinistcha|76\/100\n|-damage|p1b: Goodra|56\/100|[from] item: Rocky Helmet|[of] p2a: Sinistcha\n|\n|-heal|p2b: Dragapult|83\/100|[from] Grassy Terrain\n|-heal|p2a: Sinistcha|82\/100|[from] Grassy Terrain\n|-heal|p1b: Goodra|62\/100|[from] Grassy Terrain\n|-heal|p1b: Goodra|68\/100|[from] item: Leftovers\n|-fieldend|move: Grassy Terrain\n|upkeep\n|turn|13\n|-message|Hrv1105020 forfeited.\n|\n|win|Jarlomen\n|raw|Hrv1105020's rating: 1051 &rarr; <strong>1036<\/strong><br \/>(-15 for losing)\n|raw|Jarlomen's rating: 1102 &rarr; <strong>1123<\/strong><br \/>(+21 for winning)\n|l|\u2606Hrv1105020\n|c|\u2606Jarlomen|gg\n","uploadtime":1700673060,"views":15,"p1id":"hrv1105020","p2id":"jarlomen","formatid":"gen9vgc2023regulatione","rating":1036,"private":0,"password":""}