{"id":"gen9vgc2023regulatione-1993036908","p1":"poato96","p2":"elijahsusername","format":"[Gen 9] VGC 2023 Regulation E","log":"|j|\u2606poato96\n|j|\u2606elijahsusername\n|t:|1700257845\n|gametype|doubles\n|player|p1|poato96|swimmerf-gen4|1038\n|player|p2|elijahsusername|unknownf|1079\n|teamsize|p1|6\n|teamsize|p2|6\n|gen|9\n|tier|[Gen 9] VGC 2023 Regulation E\n|rated|\n|rule|Species Clause: Limit one of each Pok\u00e9mon\n|rule|Item Clause: Limit one of each item\n|clearpoke\n|poke|p1|Ting-Lu, L50|\n|poke|p1|Vivillon-Fancy, L50, M|\n|poke|p1|Iron Bundle, L50|\n|poke|p1|Ninetales-Alola, L50, M|\n|poke|p1|Annihilape, L50, F|\n|poke|p1|Chien-Pao, L50|\n|poke|p2|Snorlax, L50, M|\n|poke|p2|Sinistcha, L50|\n|poke|p2|Landorus-Therian, L50, M|\n|poke|p2|Iron Hands, L50|\n|poke|p2|Clefairy, L50, M|\n|poke|p2|Kommo-o, L50, F|\n|teampreview|4\n|inactive|Battle timer is ON: inactive players will automatically lose when time's up. (requested by poato96)\nelijahsusername has agreed to open team sheets.\npoato96 rejected open team sheets.\n|\n|t:|1700257868\n|start\n|switch|p1a: bundle of iron|Iron Bundle, L50, shiny|100\/100\n|switch|p1b: nine of tails|Ninetales-Alola, L50, M, shiny|100\/100\n|switch|p2a: Kommo-o|Kommo-o, L50, F|100\/100\n|switch|p2b: Landorus|Landorus-Therian, L50, M|100\/100\n|-ability|p2b: Landorus|Intimidate|boost\n|-unboost|p1a: bundle of iron|atk|1\n|-unboost|p1b: nine of tails|atk|1\n|-weather|Snow|[from] ability: Snow Warning|[of] p1b: nine of tails\n|-enditem|p1a: bundle of iron|Booster Energy\n|-activate|p1a: bundle of iron|ability: Quark Drive|[fromitem]\n|-start|p1a: bundle of iron|quarkdrivespe\n|turn|1\n|\n|t:|1700257893\n|switch|p2b: Iron Hands|Iron Hands, L50|100\/100\n|-terastallize|p1a: bundle of iron|Ghost\n|-terastallize|p2a: Kommo-o|Steel\n|move|p1a: bundle of iron|Blizzard|p2a: Kommo-o|[spread] p2a,p2b\n|-resisted|p2a: Kommo-o\n|-damage|p2a: Kommo-o|81\/100\n|-damage|p2b: Iron Hands|82\/100\n|-status|p2a: Kommo-o|frz\n|move|p1b: nine of tails|Aurora Veil|p1b: nine of tails\n|-sidestart|p1: poato96|move: Aurora Veil\n|cant|p2a: Kommo-o|frz\n|\n|-weather|Snow|[upkeep]\n|upkeep\n|turn|2\n|c|\u2606poato96|WWWW\n|c|\u2606elijahsusername|this si actually so trolling\n|c|\u2606elijahsusername|this is so fucking dumb\n|\n|t:|1700257918\n|move|p1b: nine of tails|Protect|p1b: nine of tails\n|-singleturn|p1b: nine of tails|Protect\n|move|p2b: Iron Hands|Fake Out|p1b: nine of tails\n|-activate|p1b: nine of tails|move: Protect\n|move|p1a: bundle of iron|Blizzard|p2a: Kommo-o|[spread] p2a,p2b\n|-resisted|p2a: Kommo-o\n|-damage|p2a: Kommo-o|61\/100 frz\n|-damage|p2b: Iron Hands|64\/100\n|cant|p2a: Kommo-o|frz\n|\n|-weather|Snow|[upkeep]\n|upkeep\n|turn|3\n|c|\u2606poato96|im known for my  luck\n|\n|t:|1700257930\n|-end|p2b: Iron Hands|Quark Drive|[silent]\n|switch|p2b: Sinistcha|Sinistcha, L50|100\/100\n|-heal|p2a: Kommo-o|86\/100 frz|[from] ability: Hospitality|[of] p2b: Sinistcha\n|move|p1a: bundle of iron|Blizzard|p2a: Kommo-o|[spread] p2a,p2b\n|-resisted|p2a: Kommo-o\n|-supereffective|p2b: Sinistcha\n|-damage|p2a: Kommo-o|66\/100 frz\n|-damage|p2b: Sinistcha|30\/100\n|-status|p2b: Sinistcha|frz\n|move|p1b: nine of tails|Blizzard|p2b: Sinistcha|[spread] p2a,p2b\n|-resisted|p2a: Kommo-o\n|-supereffective|p2b: Sinistcha\n|-crit|p2b: Sinistcha\n|-damage|p2a: Kommo-o|50\/100 frz\n|-damage|p2b: Sinistcha|0 fnt\n|faint|p2b: Sinistcha\n|cant|p2a: Kommo-o|frz\n|\n|-weather|Snow|[upkeep]\n|upkeep\n|c|\u2606poato96|lololol\n|c|\u2606elijahsusername|this is bullshit\n|\n|t:|1700257946\n|switch|p2b: Iron Hands|Iron Hands, L50|64\/100\n|turn|4\n|c|\u2606poato96|ik\n|c|\u2606elijahsusername|this is the worst game of all time\n|\n|t:|1700257955\n|move|p1b: nine of tails|Protect|p1b: nine of tails\n|-singleturn|p1b: nine of tails|Protect\n|move|p2b: Iron Hands|Fake Out|p1b: nine of tails\n|-activate|p1b: nine of tails|move: Protect\n|move|p1a: bundle of iron|Blizzard|p2a: Kommo-o|[spread] p2a,p2b\n|-resisted|p2a: Kommo-o\n|-damage|p2a: Kommo-o|28\/100 frz\n|-damage|p2b: Iron Hands|47\/100\n|-curestatus|p2a: Kommo-o|frz|[msg]\n|move|p2a: Kommo-o|Clangorous Soul||[still]\n|-fail|p2a: Kommo-o\n|\n|-weather|Snow|[upkeep]\n|upkeep\n|turn|5\n|c|\u2606poato96|lol\n|-message|elijahsusername forfeited.\n|\n|win|poato96\n|raw|poato96's rating: 1038 &rarr; <strong>1076<\/strong><br \/>(+38 for winning)\n|raw|elijahsusername's rating: 1079 &rarr; <strong>1055<\/strong><br \/>(-24 for losing)\n|c|\u2606elijahsusername|fuck this\n|c|\u2606poato96|bozo\n|l|\u2606elijahsusername\n","uploadtime":1700257975,"views":14,"p1id":"poato96","p2id":"elijahsusername","formatid":"gen9vgc2023regulatione","rating":1055,"private":0,"password":""}