{"id":"gen9vgc2023regulatione-1998607724","p1":"Ozwald McFly","p2":"Eisenbundel","format":"[Gen 9] VGC 2023 Regulation E","log":"|j|\u2606Ozwald McFly\n|j|\u2606Eisenbundel\n|t:|1700962319\n|gametype|doubles\n|player|p1|Ozwald McFly|birdkeeper-gen4dp|1430\n|player|p2|Eisenbundel|lucas-gen4pt|1386\n|teamsize|p1|6\n|teamsize|p2|6\n|gen|9\n|tier|[Gen 9] VGC 2023 Regulation E\n|rated|\n|rule|Species Clause: Limit one of each Pok\u00e9mon\n|rule|Item Clause: Limit one of each item\n|clearpoke\n|poke|p1|Noctowl, L50, F|\n|poke|p1|Sandy Shocks, L50|\n|poke|p1|Espeon, L50, F|\n|poke|p1|Indeedee-F, L50, F|\n|poke|p1|Iron Hands, L50|\n|poke|p1|Decidueye-Hisui, L50, M|\n|poke|p2|Enamorus, L50, F|\n|poke|p2|Arcanine-Hisui, L50, M|\n|poke|p2|Gholdengo, L50|\n|poke|p2|Chien-Pao, L50|\n|poke|p2|Roaring Moon, L50|\n|poke|p2|Ogerpon-Wellspring, L50, F|\n|teampreview|4\n|\n|t:|1700962394\n|start\n|switch|p1a: Decidueye|Decidueye-Hisui, L50, M, shiny|100\/100\n|switch|p1b: Indeedee|Indeedee-F, L50, F|100\/100\n|switch|p2a: Ogerpon|Ogerpon-Wellspring, L50, F|100\/100\n|switch|p2b: Gholdengo|Gholdengo, L50|100\/100\n|-fieldstart|move: Psychic Terrain|[from] ability: Psychic Surge|[of] p1b: Indeedee\n|turn|1\n|\n|t:|1700962421\n|move|p1a: Decidueye|Protect|p1a: Decidueye\n|-singleturn|p1a: Decidueye|Protect\n|move|p2a: Ogerpon|Follow Me|p2a: Ogerpon\n|-singleturn|p2a: Ogerpon|move: Follow Me\n|move|p2b: Gholdengo|Nasty Plot|p2b: Gholdengo\n|-boost|p2b: Gholdengo|spa|2\n|move|p1b: Indeedee|Trick Room|p1b: Indeedee\n|-fieldstart|move: Trick Room|[of] p1b: Indeedee\n|\n|upkeep\n|turn|2\n|\n|t:|1700962440\n|-terastallize|p1a: Decidueye|Fighting\n|move|p1b: Indeedee|Helping Hand|p1a: Decidueye\n|-singleturn|p1a: Decidueye|Helping Hand|[of] p1b: Indeedee\n|move|p2a: Ogerpon|Spiky Shield|p2a: Ogerpon\n|-singleturn|p2a: Ogerpon|move: Protect\n|move|p2b: Gholdengo|Protect|p2b: Gholdengo\n|-singleturn|p2b: Gholdengo|Protect\n|move|p1a: Decidueye|Triple Arrows|p2b: Gholdengo\n|-activate|p2b: Gholdengo|move: Protect\n|\n|upkeep\n|turn|3\n|\n|t:|1700962459\n|move|p1a: Decidueye|Protect|p1a: Decidueye\n|-singleturn|p1a: Decidueye|Protect\n|move|p2a: Ogerpon|Follow Me|p2a: Ogerpon\n|-singleturn|p2a: Ogerpon|move: Follow Me\n|move|p1b: Indeedee|Psyshock|p2a: Ogerpon\n|-damage|p2a: Ogerpon|71\/100\n|move|p2b: Gholdengo|Make It Rain|p1b: Indeedee|[spread] p1b\n|-activate|p1a: Decidueye|move: Protect\n|-damage|p1b: Indeedee|5\/100\n|-unboost|p2b: Gholdengo|spa|1\n|-enditem|p1b: Indeedee|Sitrus Berry|[eat]\n|-heal|p1b: Indeedee|30\/100|[from] item: Sitrus Berry\n|\n|upkeep\n|turn|4\n|\n|t:|1700962477\n|move|p1b: Indeedee|Helping Hand|p1a: Decidueye\n|-singleturn|p1a: Decidueye|Helping Hand|[of] p1b: Indeedee\n|move|p2a: Ogerpon|Spiky Shield|p2a: Ogerpon\n|-singleturn|p2a: Ogerpon|move: Protect\n|move|p2b: Gholdengo|Protect|p2b: Gholdengo\n|-singleturn|p2b: Gholdengo|Protect\n|move|p1a: Decidueye|Triple Arrows|p2b: Gholdengo\n|-activate|p2b: Gholdengo|move: Protect\n|\n|upkeep\n|turn|5\n|\n|t:|1700962492\n|move|p1b: Indeedee|Helping Hand|p1a: Decidueye\n|-singleturn|p1a: Decidueye|Helping Hand|[of] p1b: Indeedee\n|move|p2a: Ogerpon|Follow Me|p2a: Ogerpon\n|-singleturn|p2a: Ogerpon|move: Follow Me\n|move|p1a: Decidueye|Triple Arrows|p2a: Ogerpon\n|-damage|p2a: Ogerpon|0 fnt\n|faint|p2a: Ogerpon\n|move|p2b: Gholdengo|Make It Rain|p1a: Decidueye|[spread] p1a,p1b\n|-damage|p1a: Decidueye|26\/100\n|-damage|p1b: Indeedee|0 fnt\n|-unboost|p2b: Gholdengo|spa|1\n|faint|p1b: Indeedee\n|\n|-fieldend|move: Trick Room\n|-fieldend|move: Psychic Terrain\n|upkeep\n|\n|t:|1700962519\n|switch|p2a: Roaring Moon|Roaring Moon, L50|100\/100\n|switch|p1b: Iron Hands|Iron Hands, L50|100\/100\n|-enditem|p2a: Roaring Moon|Booster Energy\n|-activate|p2a: Roaring Moon|ability: Protosynthesis|[fromitem]\n|-start|p2a: Roaring Moon|protosynthesisspe\n|turn|6\n|\n|t:|1700962537\n|move|p2a: Roaring Moon|Protect|p2a: Roaring Moon\n|-singleturn|p2a: Roaring Moon|Protect\n|move|p1a: Decidueye|Protect|p1a: Decidueye\n|-singleturn|p1a: Decidueye|Protect\n|move|p2b: Gholdengo|Shadow Ball|p1a: Decidueye\n|-activate|p1a: Decidueye|move: Protect\n|move|p1b: Iron Hands|Earthquake|p2a: Roaring Moon|[spread] p2b\n|-activate|p1a: Decidueye|move: Protect\n|-activate|p2a: Roaring Moon|move: Protect\n|-supereffective|p2b: Gholdengo\n|-damage|p2b: Gholdengo|37\/100\n|\n|-heal|p2b: Gholdengo|43\/100|[from] item: Leftovers\n|upkeep\n|turn|7\n|\n|t:|1700962599\n|-terastallize|p2a: Roaring Moon|Poison\n|move|p2b: Gholdengo|Protect|p2b: Gholdengo\n|-singleturn|p2b: Gholdengo|Protect\n|move|p2a: Roaring Moon|Breaking Swipe|p1a: Decidueye|[spread] p1a,p1b\n|-damage|p1a: Decidueye|0 fnt\n|-damage|p1b: Iron Hands|84\/100\n|-unboost|p1b: Iron Hands|atk|1\n|faint|p1a: Decidueye\n|move|p1b: Iron Hands|Drain Punch|p2a: Roaring Moon\n|-resisted|p2a: Roaring Moon\n|-damage|p2a: Roaring Moon|79\/100\n|-heal|p1b: Iron Hands|93\/100|[from] drain|[of] p2a: Roaring Moon\n|\n|-heal|p2b: Gholdengo|49\/100|[from] item: Leftovers\n|upkeep\n|\n|t:|1700962612\n|switch|p1a: Espeon|Espeon, L50, F|100\/100\n|turn|8\n|\n|t:|1700962635\n|move|p2a: Roaring Moon|Knock Off|p1a: Espeon\n|-supereffective|p1a: Espeon\n|-enditem|p1a: Espeon|Focus Sash\n|-damage|p1a: Espeon|1\/100\n|move|p1a: Espeon|Psychic|p2a: Roaring Moon\n|-supereffective|p2a: Roaring Moon\n|-damage|p2a: Roaring Moon|0 fnt\n|faint|p2a: Roaring Moon\n|-end|p2a: Roaring Moon|Protosynthesis|[silent]\n|move|p2b: Gholdengo|Nasty Plot|p2b: Gholdengo\n|-boost|p2b: Gholdengo|spa|2\n|move|p1b: Iron Hands|Wild Charge|p2b: Gholdengo\n|-damage|p2b: Gholdengo|6\/100\n|-damage|p1b: Iron Hands|85\/100|[from] Recoil\n|\n|-heal|p2b: Gholdengo|12\/100|[from] item: Leftovers\n|upkeep\n|\n|t:|1700962643\n|switch|p2a: Chien-Pao|Chien-Pao, L50|100\/100\n|-ability|p2a: Chien-Pao|Sword of Ruin\n|turn|9\n|\n|t:|1700962666\n|move|p1a: Espeon|Detect|p1a: Espeon\n|-singleturn|p1a: Espeon|Protect\n|move|p2a: Chien-Pao|Ice Spinner|p1a: Espeon\n|-activate|p1a: Espeon|move: Protect\n|move|p2b: Gholdengo|Shadow Ball|p1b: Iron Hands\n|-damage|p1b: Iron Hands|39\/100\n|move|p1b: Iron Hands|Wild Charge|p2b: Gholdengo\n|-damage|p2b: Gholdengo|0 fnt\n|faint|p2b: Gholdengo\n|-damage|p1b: Iron Hands|37\/100|[from] Recoil\n|\n|upkeep\n|turn|10\n|\n|t:|1700962684\n|move|p2a: Chien-Pao|Protect|p2a: Chien-Pao\n|-singleturn|p2a: Chien-Pao|Protect\n|move|p1a: Espeon|Dazzling Gleam|p2a: Chien-Pao\n|-activate|p2a: Chien-Pao|move: Protect\n|move|p1b: Iron Hands|Drain Punch|p2a: Chien-Pao\n|-activate|p2a: Chien-Pao|move: Protect\n|\n|upkeep\n|turn|11\n|\n|t:|1700962693\n|move|p2a: Chien-Pao|Ice Spinner|p1b: Iron Hands\n|-damage|p1b: Iron Hands|0 fnt\n|faint|p1b: Iron Hands\n|-end|p1b: Iron Hands|Quark Drive|[silent]\n|move|p1a: Espeon|Dazzling Gleam|p2a: Chien-Pao\n|-supereffective|p2a: Chien-Pao\n|-damage|p2a: Chien-Pao|17\/100\n|\n|upkeep\n|turn|12\n|\n|t:|1700962702\n|move|p1a: Espeon|Detect|p1a: Espeon\n|-singleturn|p1a: Espeon|Protect\n|move|p2a: Chien-Pao|Ice Spinner|p1a: Espeon\n|-activate|p1a: Espeon|move: Protect\n|\n|upkeep\n|turn|13\n|\n|t:|1700962707\n|move|p2a: Chien-Pao|Ice Spinner|p1a: Espeon\n|-damage|p1a: Espeon|0 fnt\n|faint|p1a: Espeon\n|\n|win|Eisenbundel\n|raw|Ozwald McFly's rating: 1430 &rarr; <strong>1407<\/strong><br \/>(-23 for losing)\n|raw|Eisenbundel's rating: 1386 &rarr; <strong>1409<\/strong><br \/>(+23 for winning)\n","uploadtime":1700962717,"views":2,"p1id":"ozwaldmcfly","p2id":"eisenbundel","formatid":"gen9vgc2023regulatione","rating":1407,"private":0,"password":""}