{"id":"gen9vgc2023regulatione-1998318350","p1":"cl123","p2":"ExpiredMayonaize","format":"[Gen 9] VGC 2023 Regulation E","log":"|j|\u2606cl123\n|j|\u2606ExpiredMayonaize\n|t:|1700928821\n|gametype|doubles\n|player|p1|cl123|170|1310\n|player|p2|ExpiredMayonaize|kimonogirl|1241\n|teamsize|p1|6\n|teamsize|p2|6\n|gen|9\n|tier|[Gen 9] VGC 2023 Regulation E\n|rated|\n|rule|Species Clause: Limit one of each Pok\u00e9mon\n|rule|Item Clause: Limit one of each item\n|clearpoke\n|poke|p1|Chien-Pao, L50|\n|poke|p1|Scizor, L50, M|\n|poke|p1|Chi-Yu, L50|\n|poke|p1|Perrserker, L50, M|\n|poke|p1|Dragonite, L50, M|\n|poke|p1|Munkidori, L50, M|\n|poke|p2|Tyranitar, L50, F|\n|poke|p2|Ogerpon-Cornerstone, L50, F|\n|poke|p2|Salamence, L50, F|\n|poke|p2|Arcanine-Hisui, L50, M|\n|poke|p2|Rillaboom, L50, M|\n|poke|p2|Amoonguss, L50, F|\n|teampreview|4\n|inactive|Battle timer is ON: inactive players will automatically lose when time's up. (requested by ExpiredMayonaize)\n|inactive|cl123 has 60 seconds left.\n|\n|t:|1700928903\n|start\n|switch|p1a: Dragonite|Dragonite, L50, M|100\/100\n|switch|p1b: Munkidori|Munkidori, L50, M|100\/100\n|switch|p2a: Arcanine|Arcanine-Hisui, L50, M|100\/100\n|switch|p2b: Ogerpon|Ogerpon-Cornerstone, L50, F|100\/100\n|-item|p2a: Arcanine|Choice Band|[from] ability: Frisk|[of] p1b: Munkidori|[identify]\n|-item|p2b: Ogerpon|Cornerstone Mask|[from] ability: Frisk|[of] p1b: Munkidori|[identify]\n|-ability|p2a: Arcanine|Intimidate|boost\n|-fail|p1a: Dragonite|unboost|Attack|[from] ability: Inner Focus|[of] p1a: Dragonite\n|-unboost|p1b: Munkidori|atk|1\n|turn|1\n|inactive|cl123 has 30 seconds left.\n|inactive|ExpiredMayonaize has 30 seconds left.\n|\n|t:|1700928933\n|move|p1b: Munkidori|Fake Out|p2b: Ogerpon\n|-resisted|p2b: Ogerpon\n|-damage|p2b: Ogerpon|97\/100\n|cant|p2b: Ogerpon|flinch\n|move|p2a: Arcanine|Rock Slide|p1a: Dragonite|[spread] p1a,p1b\n|-supereffective|p1a: Dragonite\n|-damage|p1a: Dragonite|26\/100\n|-damage|p1b: Munkidori|29\/100\n|move|p1a: Dragonite|Stomping Tantrum|p2a: Arcanine\n|-supereffective|p2a: Arcanine\n|-damage|p2a: Arcanine|0 fnt\n|faint|p2a: Arcanine\n|\n|upkeep\n|\n|t:|1700928947\n|switch|p2a: Rillaboom|Rillaboom, L50, M|100\/100\n|-fieldstart|move: Grassy Terrain|[from] ability: Grassy Surge|[of] p2a: Rillaboom\n|turn|2\n|inactive|cl123 has 30 seconds left.\n|\n|t:|1700928975\n|switch|p1a: Scizor|Scizor, L50, M|100\/100\n|move|p2a: Rillaboom|Grassy Glide|p1b: Munkidori\n|-resisted|p1b: Munkidori\n|-damage|p1b: Munkidori|0 fnt\n|faint|p1b: Munkidori\n|move|p2b: Ogerpon|Ivy Cudgel|p1a: Scizor|[anim] Ivy Cudgel Rock\n|-damage|p1a: Scizor|33\/100\n|\n|-heal|p2b: Ogerpon|100\/100|[from] Grassy Terrain\n|-heal|p1a: Scizor|39\/100|[from] Grassy Terrain\n|upkeep\n|inactive|cl123 has 30 seconds left.\n|\n|t:|1700929008\n|switch|p1b: Chi-Yu|Chi-Yu, L50|100\/100\n|-ability|p1b: Chi-Yu|Beads of Ruin\n|turn|3\n|inactive|cl123 has 30 seconds left.\n|\n|t:|1700929034\n|move|p1b: Chi-Yu|Protect|p1b: Chi-Yu\n|-singleturn|p1b: Chi-Yu|Protect\n|move|p2a: Rillaboom|Grassy Glide|p1b: Chi-Yu\n|-activate|p1b: Chi-Yu|move: Protect\n|move|p1a: Scizor|Bullet Punch|p2b: Ogerpon\n|-supereffective|p2b: Ogerpon\n|-ability|p2b: Ogerpon|Sturdy\n|-damage|p2b: Ogerpon|1\/100\n|-damage|p1a: Scizor|29\/100|[from] item: Life Orb\n|move|p2b: Ogerpon|Ivy Cudgel|p1b: Chi-Yu|[anim] Ivy Cudgel Rock\n|-activate|p1b: Chi-Yu|move: Protect\n|\n|-heal|p2b: Ogerpon|7\/100|[from] Grassy Terrain\n|-heal|p1a: Scizor|35\/100|[from] Grassy Terrain\n|upkeep\n|turn|4\n|inactive|cl123 has 30 seconds left.\n|inactive|ExpiredMayonaize has 30 seconds left.\n|\n|t:|1700929066\n|switch|p2b: Salamence|Salamence, L50, F|100\/100\n|-ability|p2b: Salamence|Intimidate|boost\n|-unboost|p1a: Scizor|atk|1\n|-unboost|p1b: Chi-Yu|atk|1\n|move|p2a: Rillaboom|Grassy Glide|p1b: Chi-Yu\n|-resisted|p1b: Chi-Yu\n|-damage|p1b: Chi-Yu|76\/100\n|move|p1a: Scizor|Bullet Punch|p2b: Salamence\n|-damage|p2b: Salamence|62\/100\n|-damage|p1a: Scizor|25\/100|[from] item: Life Orb\n|move|p1b: Chi-Yu|Heat Wave|p2b: Salamence|[spread] p2a,p2b\n|-supereffective|p2a: Rillaboom\n|-resisted|p2b: Salamence\n|-crit|p2b: Salamence\n|-damage|p2a: Rillaboom|0 fnt\n|-damage|p2b: Salamence|16\/100\n|faint|p2a: Rillaboom\n|\n|-heal|p1b: Chi-Yu|82\/100|[from] Grassy Terrain\n|-heal|p1a: Scizor|32\/100|[from] Grassy Terrain\n|upkeep\n|\n|t:|1700929086\n|switch|p2a: Ogerpon|Ogerpon-Cornerstone, L50, F|7\/100\n|turn|5\n|\n|t:|1700929101\n|move|p2a: Ogerpon|Grassy Glide|p1a: Scizor\n|-resisted|p1a: Scizor\n|-damage|p1a: Scizor|19\/100\n|move|p1a: Scizor|Bullet Punch|p2a: Ogerpon\n|-supereffective|p2a: Ogerpon\n|-damage|p2a: Ogerpon|0 fnt\n|faint|p2a: Ogerpon\n|-damage|p1a: Scizor|9\/100|[from] item: Life Orb\n|move|p2b: Salamence|Draco Meteor|p1b: Chi-Yu\n|-damage|p1b: Chi-Yu|24\/100\n|-unboost|p2b: Salamence|spa|2\n|move|p1b: Chi-Yu|Dark Pulse|p2b: Salamence\n|-damage|p2b: Salamence|0 fnt\n|faint|p2b: Salamence\n|\n|win|cl123\n|raw|cl123's rating: 1310 &rarr; <strong>1326<\/strong><br \/>(+16 for winning)\n|raw|ExpiredMayonaize's rating: 1241 &rarr; <strong>1221<\/strong><br \/>(-20 for losing)\n|l|\u2606ExpiredMayonaize\n","uploadtime":1700929121,"views":3,"p1id":"cl123","p2id":"expiredmayonaize","formatid":"gen9vgc2023regulatione","rating":1221,"private":0,"password":""}