{"id":"gen9vgc2023regulatione-1999757644","p1":"whyismynamejeff","p2":"fakexanax","format":"[Gen 9] VGC 2023 Regulation E","log":"|j|\u2606whyismynamejeff\n|j|\u2606fakexanax\n|n|\u2606whyismynamejeff|whyismynamejeff\n|n|\u2606fakexanax|fakexanax\n|html|View the match progress at <a href=\"\/game-bestof3-gen9vgc2023regulatione-1999757643\">game-bestof3-gen9vgc2023regulatione-1999757643<\/a>\n|t:|1701114009\n|gametype|doubles\n|player|p1|whyismynamejeff|colress|\n|player|p2|fakexanax|pokemaniac|\n|teamsize|p1|6\n|teamsize|p2|6\n|gen|9\n|tier|[Gen 9] VGC 2023 Regulation E\n|rated|Tournament battle\n|rule|Species Clause: Limit one of each Pok\u00e9mon\n|rule|Item Clause: Limit one of each item\n|clearpoke\n|poke|p1|Farigiraf, L50, M|\n|poke|p1|Iron Hands, L50|\n|poke|p1|Urshifu-*, L50, F|\n|poke|p1|Chien-Pao, L50|\n|poke|p1|Tornadus, L50, M|\n|poke|p1|Flutter Mane, L50|\n|poke|p2|Chien-Pao, L50|\n|poke|p2|Ogerpon-Hearthflame, L50, F|\n|poke|p2|Tinkaton, L50, F|\n|poke|p2|Rillaboom, L50, F|\n|poke|p2|Thundurus, L50, M|\n|poke|p2|Salamence, L50, F|\n|teampreview|4\n|showteam|p1|Farigiraf||SitrusBerry|ArmorTail|TrickRoom,Imprison,Psychic,DazzlingGleam|||M|||50|,,,,,Fairy]Iron Hands||AssaultVest|QuarkDrive|WildCharge,DrainPunch,HeavySlam,FakeOut||||||50|,,,,,Grass]Urshifu-Rapid-Strike||ChoiceScarf|UnseenFist|SurgingStrikes,AquaJet,CloseCombat,Uturn|||F|||50|,,,,,Water]Chien-Pao||FocusSash|SwordofRuin|SuckerPunch,Crunch,IceSpinner,Protect||||||50|,,,,,Dark]Tornadus||CovertCloak|Prankster|Tailwind,BleakwindStorm,RainDance,Taunt|||M|||50|,,,,,Flying]Flutter Mane||ChoiceSpecs|Protosynthesis|DazzlingGleam,Moonblast,Thunderbolt,ShadowBall||||||50|,,,,,Fairy\n|showteam|p2|Chien-Pao||FocusSash|SwordofRuin|IceSpinner,SuckerPunch,SacredSword,Protect||||||50|,,,,,Ghost]Ogerpon-Hearthflame||HearthflameMask|MoldBreaker|IvyCudgel,HornLeech,SpikyShield,PlayRough|||F|||50|,,,,,Fire]Tinkaton||SitrusBerry|OwnTempo|GigatonHammer,FakeOut,ThunderWave,KnockOff|||F|||50|,,,,,Dragon]Rillaboom||AssaultVest|GrassySurge|WoodHammer,FakeOut,GrassyGlide,HighHorsepower|||F|||50|,,,,,Fire]Thundurus||RockyHelmet|Prankster|Taunt,EerieImpulse,WildboltStorm,ScaryFace|||M|||50|,,,,,Water]Salamence||ChoiceScarf|Intimidate|DracoMeteor,AirSlash,Tailwind,HeatWave|||F|||50|,,,,,Flying\n|\n|t:|1701114037\n|start\n|switch|p1a: Sword Cat|Chien-Pao, L50|100\/100\n|switch|p1b: Sparky Hariyama|Iron Hands, L50, shiny|100\/100\n|switch|p2a: Rillaboom|Rillaboom, L50, F|100\/100\n|switch|p2b: Tinkaton|Tinkaton, L50, F, shiny|100\/100\n|-ability|p1a: Sword Cat|Sword of Ruin\n|-fieldstart|move: Grassy Terrain|[from] ability: Grassy Surge|[of] p2a: Rillaboom\n|turn|1\n|\n|t:|1701114066\n|move|p2a: Rillaboom|Fake Out|p1b: Sparky Hariyama\n|-damage|p1b: Sparky Hariyama|87\/100\n|cant|p1b: Sparky Hariyama|flinch\n|move|p1a: Sword Cat|Ice Spinner|p2a: Rillaboom\n|-supereffective|p2a: Rillaboom\n|-damage|p2a: Rillaboom|7\/100\n|-fieldend|move: Grassy Terrain\n|move|p2b: Tinkaton|Gigaton Hammer|p1a: Sword Cat\n|-supereffective|p1a: Sword Cat\n|-enditem|p1a: Sword Cat|Focus Sash\n|-damage|p1a: Sword Cat|1\/100\n|\n|upkeep\n|turn|2\n|\n|t:|1701114084\n|switch|p2a: Chien-Pao|Chien-Pao, L50|100\/100\n|-ability|p2a: Chien-Pao|Sword of Ruin\n|move|p1a: Sword Cat|Ice Spinner|p2a: Chien-Pao\n|-resisted|p2a: Chien-Pao\n|-damage|p2a: Chien-Pao|70\/100\n|move|p2b: Tinkaton|Knock Off|p1a: Sword Cat\n|-resisted|p1a: Sword Cat\n|-damage|p1a: Sword Cat|0 fnt\n|faint|p1a: Sword Cat\n|move|p1b: Sparky Hariyama|Drain Punch|p2b: Tinkaton\n|-damage|p2b: Tinkaton|44\/100\n|-heal|p1b: Sparky Hariyama|100\/100|[from] drain|[of] p2b: Tinkaton\n|-enditem|p2b: Tinkaton|Sitrus Berry|[eat]\n|-heal|p2b: Tinkaton|69\/100|[from] item: Sitrus Berry\n|\n|upkeep\n|\n|t:|1701114113\n|switch|p1a: Water Bear|Urshifu-Rapid-Strike, L50, F|100\/100\n|turn|3\n|\n|t:|1701114126\n|switch|p2a: Rillaboom|Rillaboom, L50, F|7\/100\n|-fieldstart|move: Grassy Terrain|[from] ability: Grassy Surge|[of] p2a: Rillaboom\n|-terastallize|p2b: Tinkaton|Dragon\n|move|p1a: Water Bear|Close Combat|p2a: Rillaboom\n|-damage|p2a: Rillaboom|0 fnt\n|-unboost|p1a: Water Bear|def|1\n|-unboost|p1a: Water Bear|spd|1\n|faint|p2a: Rillaboom\n|move|p2b: Tinkaton|Thunder Wave|p1a: Water Bear\n|-status|p1a: Water Bear|par\n|move|p1b: Sparky Hariyama|Drain Punch|p2b: Tinkaton\n|-damage|p2b: Tinkaton|23\/100\n|\n|-heal|p2b: Tinkaton|29\/100|[from] Grassy Terrain\n|upkeep\n|\n|t:|1701114134\n|switch|p2a: Ogerpon|Ogerpon-Hearthflame, L50, F|100\/100\n|-ability|p2a: Ogerpon|Mold Breaker\n|turn|4\n|\n|t:|1701114157\n|switch|p1a: Big Girafarig|Farigiraf, L50, M|100\/100\n|move|p2a: Ogerpon|Ivy Cudgel|p1b: Sparky Hariyama|[anim] Ivy Cudgel Fire\n|-damage|p1b: Sparky Hariyama|58\/100\n|move|p2b: Tinkaton|Gigaton Hammer|p1b: Sparky Hariyama\n|-resisted|p1b: Sparky Hariyama\n|-damage|p1b: Sparky Hariyama|38\/100\n|move|p1b: Sparky Hariyama|Heavy Slam|p2a: Ogerpon\n|-resisted|p2a: Ogerpon\n|-damage|p2a: Ogerpon|72\/100\n|\n|-heal|p2a: Ogerpon|78\/100|[from] Grassy Terrain\n|-heal|p2b: Tinkaton|35\/100|[from] Grassy Terrain\n|-heal|p1b: Sparky Hariyama|44\/100|[from] Grassy Terrain\n|upkeep\n|turn|5\n|\n|t:|1701114179\n|move|p2a: Ogerpon|Horn Leech|p1a: Big Girafarig\n|-damage|p1a: Big Girafarig|56\/100\n|-heal|p2a: Ogerpon|100\/100|[from] drain|[of] p1a: Big Girafarig\n|move|p2b: Tinkaton|Knock Off|p1a: Big Girafarig\n|-supereffective|p1a: Big Girafarig\n|-damage|p1a: Big Girafarig|21\/100\n|-enditem|p1a: Big Girafarig|Sitrus Berry|[from] move: Knock Off|[of] p2b: Tinkaton\n|move|p1a: Big Girafarig|Dazzling Gleam|p2a: Ogerpon|[spread] p2a,p2b\n|-resisted|p2a: Ogerpon\n|-crit|p2a: Ogerpon\n|-supereffective|p2b: Tinkaton\n|-damage|p2a: Ogerpon|86\/100\n|-damage|p2b: Tinkaton|3\/100\n|move|p1b: Sparky Hariyama|Drain Punch|p2a: Ogerpon\n|-damage|p2a: Ogerpon|33\/100\n|-heal|p1b: Sparky Hariyama|61\/100|[from] drain|[of] p2a: Ogerpon\n|\n|-heal|p2a: Ogerpon|39\/100|[from] Grassy Terrain\n|-heal|p2b: Tinkaton|10\/100|[from] Grassy Terrain\n|-heal|p1a: Big Girafarig|27\/100|[from] Grassy Terrain\n|-heal|p1b: Sparky Hariyama|67\/100|[from] Grassy Terrain\n|upkeep\n|turn|6\n|\n|t:|1701114203\n|switch|p1a: Water Bear|Urshifu-Rapid-Strike, L50, F|100\/100 par\n|move|p2a: Ogerpon|Ivy Cudgel|p1b: Sparky Hariyama|[anim] Ivy Cudgel Fire\n|-damage|p1b: Sparky Hariyama|28\/100\n|move|p2b: Tinkaton|Gigaton Hammer|p1b: Sparky Hariyama\n|-resisted|p1b: Sparky Hariyama\n|-damage|p1b: Sparky Hariyama|9\/100\n|move|p1b: Sparky Hariyama|Drain Punch|p2a: Ogerpon\n|-damage|p2a: Ogerpon|0 fnt\n|-heal|p1b: Sparky Hariyama|21\/100|[from] drain|[of] p2a: Ogerpon\n|faint|p2a: Ogerpon\n|\n|-heal|p2b: Tinkaton|16\/100|[from] Grassy Terrain\n|-heal|p1b: Sparky Hariyama|27\/100|[from] Grassy Terrain\n|upkeep\n|\n|t:|1701114209\n|switch|p2a: Chien-Pao|Chien-Pao, L50|70\/100\n|-ability|p2a: Chien-Pao|Sword of Ruin\n|turn|7\n|\n|t:|1701114223\n|move|p2a: Chien-Pao|Sacred Sword|p1b: Sparky Hariyama\n|-damage|p1b: Sparky Hariyama|0 fnt\n|faint|p1b: Sparky Hariyama\n|-end|p1b: Sparky Hariyama|Quark Drive|[silent]\n|move|p2b: Tinkaton|Knock Off|p1a: Water Bear\n|-resisted|p1a: Water Bear\n|-damage|p1a: Water Bear|86\/100 par\n|-enditem|p1a: Water Bear|Choice Scarf|[from] move: Knock Off|[of] p2b: Tinkaton\n|move|p1a: Water Bear|Close Combat|p2a: Chien-Pao\n|-supereffective|p2a: Chien-Pao\n|-damage|p2a: Chien-Pao|0 fnt\n|-unboost|p1a: Water Bear|def|1\n|-unboost|p1a: Water Bear|spd|1\n|faint|p2a: Chien-Pao\n|\n|-heal|p2b: Tinkaton|22\/100|[from] Grassy Terrain\n|-heal|p1a: Water Bear|92\/100 par|[from] Grassy Terrain\n|-fieldend|move: Grassy Terrain\n|upkeep\n|c|\u2606whyismynamejeff|thanks\n|\n|t:|1701114240\n|switch|p1b: Big Girafarig|Farigiraf, L50, M|27\/100\n|turn|8\n|\n|t:|1701114251\n|move|p2b: Tinkaton|Gigaton Hammer|p1b: Big Girafarig\n|-damage|p1b: Big Girafarig|0 fnt\n|faint|p1b: Big Girafarig\n|cant|p1a: Water Bear|par\n|\n|upkeep\n|turn|9\n|\n|t:|1701114259\n|-terastallize|p1a: Water Bear|Water\n|move|p2b: Tinkaton|Knock Off|p1a: Water Bear\n|-damage|p1a: Water Bear|70\/100 par\n|move|p1a: Water Bear|Surging Strikes|p2b: Tinkaton\n|-resisted|p2b: Tinkaton\n|-crit|p2b: Tinkaton\n|-damage|p2b: Tinkaton|8\/100\n|-resisted|p2b: Tinkaton\n|-crit|p2b: Tinkaton\n|-damage|p2b: Tinkaton|0 fnt\n|faint|p2b: Tinkaton\n|-hitcount|p2: Tinkaton|2\n|\n|win|whyismynamejeff\n|c|&|\/uhtml prompt-fakexanax,fakexanax is ready for game 2!\n|inactive|whyismynamejeff has 50 seconds to confirm battle start!\n|inactive|whyismynamejeff has 40 seconds to confirm battle start!\n|c|&|\/uhtml prompt-whyismynamejeff,whyismynamejeff is ready for game 2!\nBoth players are ready! Starting next match!\n","uploadtime":1701114272,"views":9,"p1id":"whyismynamejeff","p2id":"fakexanax","formatid":"gen9vgc2023regulatione","rating":0,"private":0,"password":""}