{"id":"gen9vgc2023regulatione-1998615436","p1":"kjjfshkg","p2":"TurboKaiSM64","format":"[Gen 9] VGC 2023 Regulation E","log":"|j|\u2606kjjfshkg\n|j|\u2606TurboKaiSM64\n|t:|1700963269\n|gametype|doubles\n|player|p1|kjjfshkg|170|1000\n|player|p2|TurboKaiSM64|266|1089\n|teamsize|p1|6\n|teamsize|p2|6\n|gen|9\n|tier|[Gen 9] VGC 2023 Regulation E\n|rated|\n|rule|Species Clause: Limit one of each Pok\u00e9mon\n|rule|Item Clause: Limit one of each item\n|clearpoke\n|poke|p1|Ninetales-Alola, L50, M|\n|poke|p1|Glaceon, L50, M|\n|poke|p1|Frosmoth, L50, M|\n|poke|p1|Baxcalibur, L50, M|\n|poke|p1|Chien-Pao, L50|\n|poke|p1|Iron Bundle, L50|\n|poke|p2|Inteleon, L50, F|\n|poke|p2|Gothitelle, L50, F|\n|poke|p2|Sinistcha-Masterpiece, L50|\n|poke|p2|Flutter Mane, L50|\n|poke|p2|Regieleki, L50|\n|poke|p2|Scream Tail, L50|\n|teampreview|4\n|inactive|Battle timer is ON: inactive players will automatically lose when time's up. (requested by kjjfshkg)\n|\n|t:|1700963321\n|start\n|switch|p1a: Ninetales|Ninetales-Alola, L50, M|100\/100\n|switch|p1b: Iron Bundle|Iron Bundle, L50|100\/100\n|switch|p2a: Inteleon|Inteleon, L50, F|100\/100\n|switch|p2b: Regieleki|Regieleki, L50|100\/100\n|-weather|Snow|[from] ability: Snow Warning|[of] p1a: Ninetales\n|-enditem|p1b: Iron Bundle|Booster Energy\n|-activate|p1b: Iron Bundle|ability: Quark Drive|[fromitem]\n|-start|p1b: Iron Bundle|quarkdrivespe\n|turn|1\n|inactive|TurboKaiSM64 has 30 seconds left.\n|\n|t:|1700963348\n|move|p1b: Iron Bundle|Protect|p1b: Iron Bundle\n|-singleturn|p1b: Iron Bundle|Protect\n|move|p2a: Inteleon|Soak|p1a: Ninetales\n|-start|p1a: Ninetales|typechange|Water\n|move|p2b: Regieleki|Thunder Cage|p1b: Iron Bundle\n|-activate|p1b: Iron Bundle|move: Protect\n|move|p1a: Ninetales|Icy Wind|p2b: Regieleki|[spread] p2a,p2b\n|-resisted|p2a: Inteleon\n|-damage|p2a: Inteleon|95\/100\n|-damage|p2b: Regieleki|84\/100\n|-unboost|p2a: Inteleon|spe|1\n|-unboost|p2b: Regieleki|spe|1\n|\n|-weather|Snow|[upkeep]\n|upkeep\n|turn|2\n|inactive|kjjfshkg has 30 seconds left.\n|\n|t:|1700963375\n|-terastallize|p1b: Iron Bundle|Ice\n|move|p1a: Ninetales|Protect|p1a: Ninetales\n|-singleturn|p1a: Ninetales|Protect\n|move|p1b: Iron Bundle|Blizzard|p2b: Regieleki|[spread] p2a,p2b\n|-resisted|p2a: Inteleon\n|-crit|p2b: Regieleki\n|-damage|p2a: Inteleon|54\/100\n|-damage|p2b: Regieleki|0 fnt\n|faint|p2b: Regieleki\n|move|p2a: Inteleon|Soak|p1b: Iron Bundle\n|-fail|p1b: Iron Bundle\n|\n|-weather|Snow|[upkeep]\n|upkeep\n|\n|t:|1700963394\n|switch|p2b: Scream Tail|Scream Tail, L50|100\/100\n|-enditem|p2b: Scream Tail|Booster Energy\n|-activate|p2b: Scream Tail|ability: Protosynthesis|[fromitem]\n|-start|p2b: Scream Tail|protosynthesisspe\n|turn|3\n|l|\u2606TurboKaiSM64\n|inactive|TurboKaiSM64 disconnected and has a minute to reconnect!\n|player|p2|\n|j|\u2606TurboKaiSM64\n|inactive|TurboKaiSM64 reconnected and has 35 seconds left.\n|player|p2|TurboKaiSM64|266\n|inactive|TurboKaiSM64 has 30 seconds left.\n|\n|t:|1700963424\n|switch|p2a: Gothitelle|Gothitelle, L50, F|100\/100\n|move|p1b: Iron Bundle|Freeze-Dry|p2a: Gothitelle\n|-damage|p2a: Gothitelle|62\/100\n|move|p2b: Scream Tail|Perish Song|p2b: Scream Tail\n|-start|p1a: Ninetales|perish3|[silent]\n|-start|p1b: Iron Bundle|perish3|[silent]\n|-start|p2a: Gothitelle|perish3|[silent]\n|-start|p2b: Scream Tail|perish3|[silent]\n|-fieldactivate|move: Perish Song\n|move|p1a: Ninetales|Aurora Veil|p1a: Ninetales\n|-sidestart|p1: kjjfshkg|move: Aurora Veil\n|\n|-weather|Snow|[upkeep]\n|-start|p1b: Iron Bundle|perish3\n|-start|p2b: Scream Tail|perish3\n|-start|p1a: Ninetales|perish3\n|-start|p2a: Gothitelle|perish3\n|upkeep\n|turn|4\n|inactive|kjjfshkg has 30 seconds left.\n|inactive|TurboKaiSM64 has 30 seconds left.\n|inactive|TurboKaiSM64 has 20 seconds left.\n|\n|t:|1700963460\n|move|p2a: Gothitelle|Fake Out|p1b: Iron Bundle\n|-damage|p1b: Iron Bundle|97\/100\n|cant|p1b: Iron Bundle|flinch\n|move|p2b: Scream Tail|Disable|p1b: Iron Bundle\n|-start|p1b: Iron Bundle|Disable|Freeze-Dry\n|move|p1a: Ninetales|Moonblast|p2b: Scream Tail\n|-damage|p2b: Scream Tail|88\/100\n|-unboost|p2b: Scream Tail|spa|1\n|\n|-weather|Snow|[upkeep]\n|-start|p1b: Iron Bundle|perish2\n|-start|p2b: Scream Tail|perish2\n|-start|p1a: Ninetales|perish2\n|-start|p2a: Gothitelle|perish2\n|upkeep\n|turn|5\n|inactive|kjjfshkg has 30 seconds left.\n|\n|t:|1700963486\n|move|p2b: Scream Tail|Protect|p2b: Scream Tail\n|-singleturn|p2b: Scream Tail|Protect\n|move|p2a: Gothitelle|Protect|p2a: Gothitelle\n|-singleturn|p2a: Gothitelle|Protect\n|move|p1b: Iron Bundle|Blizzard|p2a: Gothitelle|[spread] \n|-activate|p2a: Gothitelle|move: Protect\n|-activate|p2b: Scream Tail|move: Protect\n|move|p1a: Ninetales|Moonblast|p2a: Gothitelle\n|-activate|p2a: Gothitelle|move: Protect\n|\n|-weather|none\n|-start|p1b: Iron Bundle|perish1\n|-start|p2b: Scream Tail|perish1\n|-start|p1a: Ninetales|perish1\n|-start|p2a: Gothitelle|perish1\n|upkeep\n|turn|6\n|\n|t:|1700963509\n|-end|p2b: Scream Tail|Protosynthesis|[silent]\n|switch|p2b: Inteleon|Inteleon, L50, F|54\/100\n|move|p1b: Iron Bundle|Blizzard|p2a: Gothitelle|[spread] p2b\n|-miss|p1b: Iron Bundle|p2a: Gothitelle\n|-resisted|p2b: Inteleon\n|-damage|p2b: Inteleon|15\/100\n|move|p1a: Ninetales|Moonblast|p2a: Gothitelle\n|-damage|p2a: Gothitelle|49\/100\n|move|p2a: Gothitelle|Heal Pulse|p2b: Inteleon\n|-heal|p2b: Inteleon|65\/100\n|\n|-start|p1b: Iron Bundle|perish0\n|-start|p1a: Ninetales|perish0\n|-start|p2a: Gothitelle|perish0\n|faint|p1b: Iron Bundle\n|-end|p1b: Iron Bundle|Quark Drive|[silent]\n|faint|p1a: Ninetales\n|faint|p2a: Gothitelle\n|upkeep\n|\n|t:|1700963526\n|switch|p1b: Frosmoth|Frosmoth, L50, M|100\/100\n|switch|p1a: Baxcalibur|Baxcalibur, L50, M|100\/100\n|switch|p2a: Scream Tail|Scream Tail, L50|88\/100\n|turn|7\n|inactive|TurboKaiSM64 has 30 seconds left.\n|inactive|TurboKaiSM64 has 20 seconds left.\n|inactive|TurboKaiSM64 has 15 seconds left.\n|inactive|TurboKaiSM64 has 10 seconds left.\n|\n|t:|1700963574\n|move|p2a: Scream Tail|Protect|p2a: Scream Tail\n|-singleturn|p2a: Scream Tail|Protect\n|move|p2b: Inteleon|Scald|p1a: Baxcalibur\n|-resisted|p1a: Baxcalibur\n|-damage|p1a: Baxcalibur|88\/100\n|move|p1a: Baxcalibur|Dragon Dance|p1a: Baxcalibur\n|-boost|p1a: Baxcalibur|atk|1\n|-boost|p1a: Baxcalibur|spe|1\n|move|p1b: Frosmoth|Quiver Dance|p1b: Frosmoth\n|-boost|p1b: Frosmoth|spa|1\n|-boost|p1b: Frosmoth|spd|1\n|-boost|p1b: Frosmoth|spe|1\n|\n|upkeep\n|turn|8\n|inactive|TurboKaiSM64 has 30 seconds left.\n|inactive|TurboKaiSM64 has 20 seconds left.\n|\n|t:|1700963609\n|-terastallize|p2a: Scream Tail|Steel\n|move|p1a: Baxcalibur|Ice Shard|p2a: Scream Tail\n|-resisted|p2a: Scream Tail\n|-damage|p2a: Scream Tail|70\/100\n|-damage|p1a: Baxcalibur|78\/100|[from] item: Life Orb\n|move|p2b: Inteleon|Scald|p1a: Baxcalibur\n|-resisted|p1a: Baxcalibur\n|-damage|p1a: Baxcalibur|66\/100\n|-status|p1a: Baxcalibur|brn\n|move|p1b: Frosmoth|Quiver Dance|p1b: Frosmoth\n|-boost|p1b: Frosmoth|spa|1\n|-boost|p1b: Frosmoth|spd|1\n|-boost|p1b: Frosmoth|spe|1\n|move|p2a: Scream Tail|Perish Song|p2a: Scream Tail\n|-start|p1a: Baxcalibur|perish3|[silent]\n|-start|p1b: Frosmoth|perish3|[silent]\n|-start|p2a: Scream Tail|perish3|[silent]\n|-start|p2b: Inteleon|perish3|[silent]\n|-fieldactivate|move: Perish Song\n|\n|-damage|p1a: Baxcalibur|60\/100 brn|[from] brn\n|-start|p2b: Inteleon|perish3\n|-start|p1b: Frosmoth|perish3\n|-start|p1a: Baxcalibur|perish3\n|-start|p2a: Scream Tail|perish3\n|upkeep\n|turn|9\n|inactive|kjjfshkg has 30 seconds left.\n|inactive|TurboKaiSM64 has 30 seconds left.\n|inactive|kjjfshkg has 20 seconds left.\n|\n|t:|1700963646\n|move|p2a: Scream Tail|Protect|p2a: Scream Tail\n|-singleturn|p2a: Scream Tail|Protect\n|move|p2b: Inteleon|Scald|p1a: Baxcalibur\n|-resisted|p1a: Baxcalibur\n|-damage|p1a: Baxcalibur|48\/100 brn\n|move|p1b: Frosmoth|Tera Blast|p2b: Inteleon\n|-damage|p2b: Inteleon|0 fnt\n|faint|p2b: Inteleon\n|move|p1a: Baxcalibur|Glaive Rush|p2a: Scream Tail\n|-activate|p2a: Scream Tail|move: Protect\n|\n|-damage|p1a: Baxcalibur|42\/100 brn|[from] brn\n|-start|p1b: Frosmoth|perish2\n|-start|p1a: Baxcalibur|perish2\n|-start|p2a: Scream Tail|perish2\n|upkeep\n|turn|10\n|inactive|TurboKaiSM64 has 30 seconds left.\n|inactive|TurboKaiSM64 has 20 seconds left.\n|inactive|TurboKaiSM64 has 15 seconds left.\n|inactive|TurboKaiSM64 has 10 seconds left.\n|inactive|TurboKaiSM64 has 5 seconds left.\n|\n|t:|1700963698\n|move|p1b: Frosmoth|Blizzard|p2a: Scream Tail\n|-resisted|p2a: Scream Tail\n|-crit|p2a: Scream Tail\n|-damage|p2a: Scream Tail|13\/100\n|move|p1a: Baxcalibur|Glaive Rush|p2a: Scream Tail\n|-resisted|p2a: Scream Tail\n|-damage|p2a: Scream Tail|0 fnt\n|-singlemove|p1a: Baxcalibur|Glaive Rush|[silent]\n|faint|p2a: Scream Tail\n|-end|p2a: Scream Tail|Protosynthesis|[silent]\n|-damage|p1a: Baxcalibur|32\/100 brn|[from] item: Life Orb\n|\n|win|kjjfshkg\n|raw|kjjfshkg's rating: 1040 &rarr; <strong>1079<\/strong><br \/>(+39 for winning)\n|raw|TurboKaiSM64's rating: 1089 &rarr; <strong>1062<\/strong><br \/>(-27 for losing)\n|l|\u2606kjjfshkg\n","uploadtime":1700963709,"views":1,"p1id":"kjjfshkg","p2id":"turbokaism64","formatid":"gen9vgc2023regulatione","rating":1062,"private":0,"password":""}