{"id":"gen9vgc2023regulatione-2000413971","p1":"kirbach","p2":"Nintedaddio","format":"[Gen 9] VGC 2023 Regulation E","log":"|j|\u2606kirbach\n|j|\u2606Nintedaddio\n|t:|1701192780\n|gametype|doubles\n|player|p1|kirbach|nurse|1147\n|player|p2|Nintedaddio|pokefan-gen4|1071\n|teamsize|p1|6\n|teamsize|p2|6\n|gen|9\n|tier|[Gen 9] VGC 2023 Regulation E\n|rated|\n|rule|Species Clause: Limit one of each Pok\u00e9mon\n|rule|Item Clause: Limit one of each item\n|clearpoke\n|poke|p1|Tyranitar, L50, F|\n|poke|p1|Sinistcha, L50|\n|poke|p1|Rillaboom, L50, F|\n|poke|p1|Arcanine-Hisui, L50, M|\n|poke|p1|Regidrago, L50|\n|poke|p1|Grimmsnarl, L50, M|\n|poke|p2|Goodra-Hisui, L50, M|\n|poke|p2|Ninetales-Alola, L50, M|\n|poke|p2|Abomasnow, L50, M|\n|poke|p2|Cresselia, L50, F|\n|poke|p2|Iron Hands, L50|\n|poke|p2|Landorus-Therian, L50, M|\n|teampreview|4\n|inactive|Battle timer is ON: inactive players will automatically lose when time's up. (requested by kirbach)\n|inactive|Nintedaddio has 60 seconds left.\n|\n|t:|1701192825\n|start\n|switch|p1a: Rillaboom|Rillaboom, L50, F|100\/100\n|switch|p1b: Grimmsnarl|Grimmsnarl, L50, M|100\/100\n|switch|p2a: Landorus|Landorus-Therian, L50, M|100\/100\n|switch|p2b: Cresselia|Cresselia, L50, F, shiny|100\/100\n|-ability|p2a: Landorus|Intimidate|boost\n|-unboost|p1a: Rillaboom|atk|1\n|-unboost|p1b: Grimmsnarl|atk|1\n|-fieldstart|move: Grassy Terrain|[from] ability: Grassy Surge|[of] p1a: Rillaboom\n|turn|1\n|\n|t:|1701192846\n|move|p1a: Rillaboom|Fake Out|p2a: Landorus\n|-damage|p2a: Landorus|90\/100\n|move|p1b: Grimmsnarl|Parting Shot|p2a: Landorus\n|-unboost|p2a: Landorus|atk|1\n|-unboost|p2a: Landorus|spa|1\n|\n|t:|1701192851\n|switch|p1b: Tyranitar|Tyranitar, L50, F|100\/100|[from] Parting Shot\n|-weather|Sandstorm|[from] ability: Sand Stream|[of] p1b: Tyranitar\n|cant|p2a: Landorus|flinch\n|move|p2b: Cresselia|Trick Room|p2b: Cresselia\n|-fieldstart|move: Trick Room|[of] p2b: Cresselia\n|\n|-weather|Sandstorm|[upkeep]\n|-damage|p2b: Cresselia|94\/100|[from] Sandstorm\n|-damage|p1a: Rillaboom|95\/100|[from] Sandstorm\n|-heal|p1a: Rillaboom|100\/100|[from] Grassy Terrain\n|upkeep\n|turn|2\n|\n|t:|1701192874\n|move|p1a: Rillaboom|Grassy Glide|p2a: Landorus\n|-damage|p2a: Landorus|60\/100\n|move|p2b: Cresselia|Dazzling Gleam|p1b: Tyranitar|[spread] p1a,p1b\n|-supereffective|p1b: Tyranitar\n|-damage|p1a: Rillaboom|90\/100\n|-damage|p1b: Tyranitar|87\/100\n|move|p1b: Tyranitar|Knock Off|p2a: Landorus\n|-damage|p2a: Landorus|2\/100\n|-enditem|p2a: Landorus|Choice Scarf|[from] move: Knock Off|[of] p1b: Tyranitar\n|move|p2a: Landorus|U-turn|p1b: Tyranitar\n|-supereffective|p1b: Tyranitar\n|-damage|p1b: Tyranitar|50\/100\n|c|\u2606kirbach|Damn so Close xD\n|\n|t:|1701192888\n|switch|p2a: Abomasnow|Abomasnow, L50, M|100\/100|[from] U-turn\n|-weather|Snow|[from] ability: Snow Warning|[of] p2a: Abomasnow\n|\n|-weather|Snow|[upkeep]\n|-heal|p1b: Tyranitar|57\/100|[from] Grassy Terrain\n|-heal|p1a: Rillaboom|96\/100|[from] Grassy Terrain\n|upkeep\n|turn|3\n|\n|t:|1701192909\n|switch|p1a: Grimmsnarl|Grimmsnarl, L50, M|100\/100\n|move|p2b: Cresselia|Helping Hand|p2a: Abomasnow\n|-singleturn|p2a: Abomasnow|Helping Hand|[of] p2b: Cresselia\n|move|p1b: Tyranitar|Protect|p1b: Tyranitar\n|-singleturn|p1b: Tyranitar|Protect\n|move|p2a: Abomasnow|Giga Drain|p1b: Tyranitar\n|-activate|p1b: Tyranitar|move: Protect\n|\n|-weather|Snow|[upkeep]\n|-heal|p1b: Tyranitar|63\/100|[from] Grassy Terrain\n|upkeep\n|turn|4\n|inactive|Nintedaddio has 30 seconds left.\n|\n|t:|1701192944\n|switch|p1b: Rillaboom|Rillaboom, L50, F|96\/100\n|move|p1a: Grimmsnarl|Light Screen|p1a: Grimmsnarl\n|-sidestart|p1: kirbach|move: Light Screen\n|move|p2a: Abomasnow|Aurora Veil|p2a: Abomasnow\n|-sidestart|p2: Nintedaddio|move: Aurora Veil\n|move|p2b: Cresselia|Dazzling Gleam|p1b: Rillaboom|[spread] p1a,p1b\n|-supereffective|p1a: Grimmsnarl\n|-damage|p1a: Grimmsnarl|83\/100\n|-damage|p1b: Rillaboom|89\/100\n|\n|-weather|Snow|[upkeep]\n|-heal|p1a: Grimmsnarl|89\/100|[from] Grassy Terrain\n|-heal|p1b: Rillaboom|95\/100|[from] Grassy Terrain\n|upkeep\n|turn|5\n|inactive|Nintedaddio has 30 seconds left.\n|inactive|Nintedaddio has 20 seconds left.\n|\n|t:|1701192981\n|move|p1a: Grimmsnarl|Parting Shot|p2a: Abomasnow\n|-unboost|p2a: Abomasnow|atk|1\n|-unboost|p2a: Abomasnow|spa|1\n|\n|t:|1701192983\n|switch|p1a: Tyranitar|Tyranitar, L50, F|63\/100|[from] Parting Shot\n|-weather|Sandstorm|[from] ability: Sand Stream|[of] p1a: Tyranitar\n|move|p2a: Abomasnow|Aurora Veil||[still]\n|-fail|p2a: Abomasnow\n|move|p2b: Cresselia|Dazzling Gleam|p1a: Tyranitar|[spread] p1a,p1b\n|-supereffective|p1a: Tyranitar\n|-damage|p1a: Tyranitar|52\/100\n|-damage|p1b: Rillaboom|88\/100\n|move|p1b: Rillaboom|U-turn|p2a: Abomasnow\n|-supereffective|p2a: Abomasnow\n|-damage|p2a: Abomasnow|60\/100\n|\n|t:|1701192992\n|switch|p1b: Sinistcha|Sinistcha, L50|100\/100|[from] U-turn\n|-heal|p1a: Tyranitar|77\/100|[from] ability: Hospitality|[of] p1b: Sinistcha\n|\n|-weather|Sandstorm|[upkeep]\n|-damage|p2a: Abomasnow|55\/100|[from] Sandstorm\n|-damage|p1b: Sinistcha|94\/100|[from] Sandstorm\n|-damage|p2b: Cresselia|88\/100|[from] Sandstorm\n|-heal|p2a: Abomasnow|60\/100|[from] Grassy Terrain\n|-heal|p2a: Abomasnow|66\/100|[from] item: Leftovers\n|-heal|p1b: Sinistcha|100\/100|[from] Grassy Terrain\n|-heal|p1a: Tyranitar|83\/100|[from] Grassy Terrain\n|-fieldend|move: Trick Room\n|-fieldend|move: Grassy Terrain\n|upkeep\n|turn|6\n|inactive|Nintedaddio has 30 seconds left.\n|\n|t:|1701193021\n|-terastallize|p1a: Tyranitar|Rock\n|move|p2a: Abomasnow|Protect|p2a: Abomasnow\n|-singleturn|p2a: Abomasnow|Protect\n|move|p1a: Tyranitar|Rock Slide|p2a: Abomasnow|[spread] p2b\n|-activate|p2a: Abomasnow|move: Protect\n|-damage|p2b: Cresselia|72\/100\n|move|p2b: Cresselia|Trick Room|p2b: Cresselia\n|-fieldstart|move: Trick Room|[of] p2b: Cresselia\n|move|p1b: Sinistcha|Trick Room|p1b: Sinistcha\n|-fieldend|move: Trick Room\n|\n|-weather|Sandstorm|[upkeep]\n|-damage|p2b: Cresselia|66\/100|[from] Sandstorm\n|-damage|p1b: Sinistcha|94\/100|[from] Sandstorm\n|-damage|p2a: Abomasnow|60\/100|[from] Sandstorm\n|-heal|p1b: Sinistcha|100\/100|[from] item: Leftovers\n|-heal|p2a: Abomasnow|66\/100|[from] item: Leftovers\n|upkeep\n|turn|7\n|\n|t:|1701193044\n|switch|p1b: Grimmsnarl|Grimmsnarl, L50, M|89\/100\n|-terastallize|p2a: Abomasnow|Grass\n|move|p2b: Cresselia|Helping Hand|p2a: Abomasnow\n|-singleturn|p2a: Abomasnow|Helping Hand|[of] p2b: Cresselia\n|move|p1a: Tyranitar|Dragon Dance|p1a: Tyranitar\n|-boost|p1a: Tyranitar|atk|1\n|-boost|p1a: Tyranitar|spe|1\n|move|p2a: Abomasnow|Giga Drain|p1a: Tyranitar\n|-supereffective|p1a: Tyranitar\n|-damage|p1a: Tyranitar|41\/100\n|-heal|p2a: Abomasnow|86\/100|[from] drain|[of] p1a: Tyranitar\n|\n|-weather|Sandstorm|[upkeep]\n|-damage|p2b: Cresselia|60\/100|[from] Sandstorm\n|-damage|p1b: Grimmsnarl|83\/100|[from] Sandstorm\n|-damage|p2a: Abomasnow|80\/100|[from] Sandstorm\n|-heal|p2a: Abomasnow|86\/100|[from] item: Leftovers\n|upkeep\n|turn|8\n|\n|t:|1701193066\n|switch|p2a: Iron Hands|Iron Hands, L50|100\/100\n|-enditem|p2a: Iron Hands|Booster Energy\n|-activate|p2a: Iron Hands|ability: Quark Drive|[fromitem]\n|-start|p2a: Iron Hands|quarkdriveatk\n|move|p1b: Grimmsnarl|Parting Shot|p2a: Iron Hands\n|-unboost|p2a: Iron Hands|atk|1\n|-unboost|p2a: Iron Hands|spa|1\n|\n|t:|1701193071\n|switch|p1b: Sinistcha|Sinistcha, L50|100\/100|[from] Parting Shot\n|-heal|p1a: Tyranitar|66\/100|[from] ability: Hospitality|[of] p1b: Sinistcha\n|move|p1a: Tyranitar|Knock Off|p2b: Cresselia\n|-supereffective|p2b: Cresselia\n|-damage|p2b: Cresselia|0 fnt\n|-enditem|p2b: Cresselia|Mental Herb|[from] move: Knock Off|[of] p1a: Tyranitar\n|faint|p2b: Cresselia\n|\n|-weather|Sandstorm|[upkeep]\n|-damage|p1b: Sinistcha|94\/100|[from] Sandstorm\n|-damage|p2a: Iron Hands|94\/100|[from] Sandstorm\n|-heal|p1b: Sinistcha|100\/100|[from] item: Leftovers\n|-sideend|p1: kirbach|move: Light Screen\n|-sideend|p2: Nintedaddio|move: Aurora Veil\n|upkeep\n|\n|t:|1701193085\n|switch|p2b: Abomasnow|Abomasnow, L50, M, tera:Grass|86\/100\n|-weather|Snow|[from] ability: Snow Warning|[of] p2b: Abomasnow\n|turn|9\n|\n|t:|1701193101\n|move|p1a: Tyranitar|Protect|p1a: Tyranitar\n|-singleturn|p1a: Tyranitar|Protect\n|move|p2a: Iron Hands|Fake Out|p1a: Tyranitar\n|-activate|p1a: Tyranitar|move: Protect\n|move|p1b: Sinistcha|Matcha Gotcha|p2a: Iron Hands|[spread] p2a\n|-miss|p1b: Sinistcha|p2b: Abomasnow\n|-damage|p2a: Iron Hands|69\/100\n|move|p2b: Abomasnow|Aurora Veil|p2b: Abomasnow\n|-sidestart|p2: Nintedaddio|move: Aurora Veil\n|\n|-weather|Snow|[upkeep]\n|-heal|p2b: Abomasnow|92\/100|[from] item: Leftovers\n|upkeep\n|turn|10\n|\n|t:|1701193123\n|move|p1b: Sinistcha|Rage Powder|p1b: Sinistcha\n|-singleturn|p1b: Sinistcha|move: Rage Powder\n|move|p1a: Tyranitar|Knock Off|p2a: Iron Hands\n|-resisted|p2a: Iron Hands\n|-damage|p2a: Iron Hands|59\/100\n|move|p2b: Abomasnow|Icy Wind|p1a: Tyranitar|[spread] p1a,p1b\n|-supereffective|p1b: Sinistcha\n|-damage|p1a: Tyranitar|47\/100\n|-damage|p1b: Sinistcha|60\/100\n|-unboost|p1b: Sinistcha|spe|1\n|move|p2a: Iron Hands|Drain Punch|p1b: Sinistcha\n|-immune|p1b: Sinistcha\n|\n|-weather|Snow|[upkeep]\n|-heal|p2b: Abomasnow|98\/100|[from] item: Leftovers\n|-heal|p1b: Sinistcha|66\/100|[from] item: Leftovers\n|upkeep\n|turn|11\n|\n|t:|1701193141\n|move|p1b: Sinistcha|Rage Powder|p1b: Sinistcha\n|-singleturn|p1b: Sinistcha|move: Rage Powder\n|move|p1a: Tyranitar|Knock Off|p2b: Abomasnow\n|-damage|p2b: Abomasnow|33\/100\n|-enditem|p2b: Abomasnow|Leftovers|[from] move: Knock Off|[of] p1a: Tyranitar\n|move|p2b: Abomasnow|Icy Wind|p1b: Sinistcha|[spread] p1a,p1b\n|-supereffective|p1b: Sinistcha\n|-damage|p1a: Tyranitar|28\/100\n|-damage|p1b: Sinistcha|31\/100\n|-unboost|p1b: Sinistcha|spe|1\n|move|p2a: Iron Hands|Wild Charge|p1b: Sinistcha\n|-resisted|p1b: Sinistcha\n|-damage|p1b: Sinistcha|13\/100\n|-damage|p2a: Iron Hands|56\/100|[from] Recoil\n|\n|-weather|Snow|[upkeep]\n|-heal|p1b: Sinistcha|19\/100|[from] item: Leftovers\n|upkeep\n|turn|12\n|inactive|Nintedaddio has 30 seconds left.\n|\n|t:|1701193169\n|switch|p1b: Rillaboom|Rillaboom, L50, F|88\/100\n|-fieldstart|move: Grassy Terrain|[from] ability: Grassy Surge|[of] p1b: Rillaboom\n|move|p1a: Tyranitar|Protect|p1a: Tyranitar\n|-singleturn|p1a: Tyranitar|Protect\n|move|p2b: Abomasnow|Icy Wind|p1a: Tyranitar|[spread] p1b\n|-activate|p1a: Tyranitar|move: Protect\n|-supereffective|p1b: Rillaboom\n|-damage|p1b: Rillaboom|54\/100\n|-unboost|p1b: Rillaboom|spe|1\n|move|p2a: Iron Hands|Drain Punch|p1a: Tyranitar\n|-activate|p1a: Tyranitar|move: Protect\n|\n|-weather|Snow|[upkeep]\n|-heal|p1a: Tyranitar|34\/100|[from] Grassy Terrain\n|-heal|p1b: Rillaboom|60\/100|[from] Grassy Terrain\n|-heal|p2b: Abomasnow|39\/100|[from] Grassy Terrain\n|-heal|p2a: Iron Hands|62\/100|[from] Grassy Terrain\n|upkeep\n|turn|13\n|inactive|Nintedaddio has 30 seconds left.\n|\n|t:|1701193198\n|move|p1b: Rillaboom|Fake Out|p2a: Iron Hands\n|-damage|p2a: Iron Hands|56\/100\n|move|p1a: Tyranitar|Rock Slide|p2a: Iron Hands|[spread] p2a,p2b\n|-resisted|p2a: Iron Hands\n|-damage|p2a: Iron Hands|45\/100\n|-damage|p2b: Abomasnow|0 fnt\n|faint|p2b: Abomasnow\n|cant|p2a: Iron Hands|flinch\n|\n|-weather|none\n|-heal|p1a: Tyranitar|40\/100|[from] Grassy Terrain\n|-heal|p1b: Rillaboom|66\/100|[from] Grassy Terrain\n|-heal|p2a: Iron Hands|51\/100|[from] Grassy Terrain\n|-sideend|p2: Nintedaddio|move: Aurora Veil\n|upkeep\n|\n|t:|1701193211\n|switch|p2b: Landorus|Landorus-Therian, L50, M|2\/100\n|-ability|p2b: Landorus|Intimidate|boost\n|-fail|p1a: Tyranitar|unboost|[from] item: Clear Amulet|[of] p1a: Tyranitar\n|-unboost|p1b: Rillaboom|atk|1\n|turn|14\n|\n|t:|1701193235\n|move|p1a: Tyranitar|Protect|p1a: Tyranitar\n|-singleturn|p1a: Tyranitar|Protect\n|move|p1b: Rillaboom|Grassy Glide|p2b: Landorus\n|-damage|p2b: Landorus|0 fnt\n|faint|p2b: Landorus\n|move|p2a: Iron Hands|Drain Punch|p1a: Tyranitar\n|-activate|p1a: Tyranitar|move: Protect\n|\n|-heal|p1a: Tyranitar|47\/100|[from] Grassy Terrain\n|-heal|p1b: Rillaboom|71\/100|[from] Grassy Terrain\n|-heal|p2a: Iron Hands|57\/100|[from] Grassy Terrain\n|upkeep\n|turn|15\n|\n|t:|1701193249\n|switch|p1a: Grimmsnarl|Grimmsnarl, L50, M|83\/100\n|move|p1b: Rillaboom|High Horsepower|p2a: Iron Hands\n|-supereffective|p2a: Iron Hands\n|-damage|p2a: Iron Hands|32\/100\n|move|p2a: Iron Hands|Drain Punch|p1a: Grimmsnarl\n|-damage|p1a: Grimmsnarl|38\/100\n|-heal|p2a: Iron Hands|49\/100|[from] drain|[of] p1a: Grimmsnarl\n|\n|-heal|p1b: Rillaboom|77\/100|[from] Grassy Terrain\n|-heal|p1a: Grimmsnarl|44\/100|[from] Grassy Terrain\n|-heal|p2a: Iron Hands|55\/100|[from] Grassy Terrain\n|upkeep\n|turn|16\n|\n|t:|1701193261\n|move|p1a: Grimmsnarl|Parting Shot|p2a: Iron Hands\n|-unboost|p2a: Iron Hands|atk|1\n|-unboost|p2a: Iron Hands|spa|1\n|\n|t:|1701193265\n|switch|p1a: Sinistcha|Sinistcha, L50|19\/100|[from] Parting Shot\n|-heal|p1b: Rillaboom|100\/100|[from] ability: Hospitality|[of] p1a: Sinistcha\n|move|p1b: Rillaboom|U-turn|p2a: Iron Hands\n|-resisted|p2a: Iron Hands\n|-damage|p2a: Iron Hands|51\/100\n|\n|t:|1701193270\n|switch|p1b: Grimmsnarl|Grimmsnarl, L50, M|44\/100|[from] U-turn\n|move|p2a: Iron Hands|Drain Punch|p1b: Grimmsnarl\n|-damage|p1b: Grimmsnarl|10\/100\n|-heal|p2a: Iron Hands|64\/100|[from] drain|[of] p1b: Grimmsnarl\n|\n|-heal|p1b: Grimmsnarl|16\/100|[from] Grassy Terrain\n|-heal|p1a: Sinistcha|25\/100|[from] Grassy Terrain\n|-heal|p1a: Sinistcha|31\/100|[from] item: Leftovers\n|-heal|p2a: Iron Hands|70\/100|[from] Grassy Terrain\n|-fieldend|move: Grassy Terrain\n|upkeep\n|turn|17\n|\n|t:|1701193288\n|move|p1b: Grimmsnarl|Parting Shot|p2a: Iron Hands\n|-unboost|p2a: Iron Hands|atk|1\n|-unboost|p2a: Iron Hands|spa|1\n|\n|t:|1701193289\n|switch|p1b: Rillaboom|Rillaboom, L50, F|100\/100|[from] Parting Shot\n|-fieldstart|move: Grassy Terrain|[from] ability: Grassy Surge|[of] p1b: Rillaboom\n|move|p1a: Sinistcha|Life Dew||[still]|[spread] p1a,p1b\n|-heal|p1a: Sinistcha|57\/100\n|-fail|p1b: Rillaboom|heal\n|move|p2a: Iron Hands|Wild Charge|p1a: Sinistcha\n|-resisted|p1a: Sinistcha\n|-damage|p1a: Sinistcha|44\/100\n|-damage|p2a: Iron Hands|68\/100|[from] Recoil\n|\n|-heal|p1a: Sinistcha|50\/100|[from] Grassy Terrain\n|-heal|p1a: Sinistcha|57\/100|[from] item: Leftovers\n|-heal|p2a: Iron Hands|74\/100|[from] Grassy Terrain\n|upkeep\n|turn|18\n|inactive|Nintedaddio has 30 seconds left.\n|-message|Nintedaddio forfeited.\n|\n|win|kirbach\n|raw|kirbach's rating: 1147 &rarr; <strong>1167<\/strong><br \/>(+20 for winning)\n|raw|Nintedaddio's rating: 1071 &rarr; <strong>1055<\/strong><br \/>(-16 for losing)\n|l|\u2606Nintedaddio\n","uploadtime":1701193681,"views":2,"p1id":"kirbach","p2id":"nintedaddio","formatid":"gen9vgc2023regulatione","rating":1055,"private":0,"password":""}