{"id":"gen9vgc2023regulatione-1996332939","p1":"bromzzxzz","p2":"haamgamer07","format":"[Gen 9] VGC 2023 Regulation E","log":"|j|\u2606bromzzxzz\n|j|\u2606haamgamer07\n|t:|1700672041\n|gametype|doubles\n|player|p1|bromzzxzz|volkner|1134\n|player|p2|haamgamer07|170|1237\n|teamsize|p1|6\n|teamsize|p2|6\n|gen|9\n|tier|[Gen 9] VGC 2023 Regulation E\n|rated|\n|rule|Species Clause: Limit one of each Pok\u00e9mon\n|rule|Item Clause: Limit one of each item\n|clearpoke\n|poke|p1|Sinistcha-Masterpiece, L50|\n|poke|p1|Iron Hands, L50|\n|poke|p1|Flutter Mane, L50|\n|poke|p1|Azumarill, L50, F|\n|poke|p1|Ogerpon-Hearthflame, L50, F|\n|poke|p1|Ursaluna, L50, M|\n|poke|p2|Flutter Mane, L50|\n|poke|p2|Iron Hands, L50|\n|poke|p2|Ogerpon-Hearthflame, L50, F|\n|poke|p2|Cresselia, L50, F|\n|poke|p2|Ursaluna, L50, M|\n|poke|p2|Empoleon, L50, M|\n|teampreview|4\n|c|\u2606bromzzxzz|glhf\n|inactive|Battle timer is ON: inactive players will automatically lose when time's up. (requested by haamgamer07)\n|inactive|haamgamer07 has 60 seconds left.\nbromzzxzz has agreed to open team sheets.\n|inactive|haamgamer07 has 30 seconds left.\n|inactive|haamgamer07 has 20 seconds left.\n|\n|t:|1700672126\n|start\n|switch|p1a: Iron Hands|Iron Hands, L50|100\/100\n|switch|p1b: Sinistcha|Sinistcha-Masterpiece, L50|100\/100\n|switch|p2a: Iron Hands|Iron Hands, L50|100\/100\n|switch|p2b: Ogerpon|Ogerpon-Hearthflame, L50, F|100\/100\n|-ability|p2b: Ogerpon|Mold Breaker\n|turn|1\n|inactive|haamgamer07 has 30 seconds left.\n|\n|t:|1700672154\n|-end|p2a: Iron Hands|Quark Drive|[silent]\n|switch|p2a: Ursaluna|Ursaluna, L50, M|100\/100\n|-end|p1a: Iron Hands|Quark Drive|[silent]\n|switch|p1a: Ursaluna|Ursaluna, L50, M|100\/100\n|-terastallize|p1b: Sinistcha|Fire\n|move|p2b: Ogerpon|Ivy Cudgel|p1a: Ursaluna|[anim] Ivy Cudgel Fire\n|-crit|p1a: Ursaluna\n|-damage|p1a: Ursaluna|30\/100\n|move|p1b: Sinistcha|Trick Room|p1b: Sinistcha\n|-fieldstart|move: Trick Room|[of] p1b: Sinistcha\n|\n|-status|p2a: Ursaluna|brn|[from] item: Flame Orb\n|-status|p1a: Ursaluna|brn|[from] item: Flame Orb\n|upkeep\n|turn|2\n|inactive|haamgamer07 has 30 seconds left.\n|inactive|haamgamer07 has 20 seconds left.\n|\n|t:|1700672189\n|move|p1b: Sinistcha|Rage Powder|p1b: Sinistcha\n|-singleturn|p1b: Sinistcha|move: Rage Powder\n|move|p2b: Ogerpon|Follow Me|p2b: Ogerpon\n|-singleturn|p2b: Ogerpon|move: Follow Me\n|move|p1a: Ursaluna|Facade|p2b: Ogerpon\n|-damage|p2b: Ogerpon|0 fnt\n|faint|p2b: Ogerpon\n|move|p2a: Ursaluna|Facade|p1b: Sinistcha\n|-damage|p1b: Sinistcha|0 fnt\n|faint|p1b: Sinistcha\n|\n|-damage|p2a: Ursaluna|94\/100 brn|[from] brn\n|-damage|p1a: Ursaluna|24\/100 brn|[from] brn\n|upkeep\n|\n|t:|1700672205\n|switch|p1b: Iron Hands|Iron Hands, L50|100\/100\n|switch|p2b: Iron Hands|Iron Hands, L50|100\/100\n|turn|3\n|\n|t:|1700672228\n|-terastallize|p2b: Iron Hands|Grass\n|move|p1a: Ursaluna|Protect|p1a: Ursaluna\n|-singleturn|p1a: Ursaluna|Protect\n|move|p2a: Ursaluna|Protect|p2a: Ursaluna\n|-singleturn|p2a: Ursaluna|Protect\n|move|p1b: Iron Hands|Drain Punch|p2a: Ursaluna\n|-activate|p2a: Ursaluna|move: Protect\n|move|p2b: Iron Hands|Drain Punch|p1a: Ursaluna\n|-activate|p1a: Ursaluna|move: Protect\n|\n|-damage|p2a: Ursaluna|88\/100 brn|[from] brn\n|-damage|p1a: Ursaluna|18\/100 brn|[from] brn\n|upkeep\n|turn|4\n|\n|t:|1700672248\n|-end|p2b: Iron Hands|Quark Drive|[silent]\n|switch|p2b: Cresselia|Cresselia, L50, F|100\/100\n|move|p2a: Ursaluna|Earthquake|p1a: Ursaluna|[spread] p1a,p1b\n|-immune|p2b: Cresselia|[from] ability: Levitate\n|-supereffective|p1b: Iron Hands\n|-damage|p1a: Ursaluna|0 fnt\n|-damage|p1b: Iron Hands|17\/100\n|faint|p1a: Ursaluna\n|move|p1b: Iron Hands|Drain Punch|p2a: Ursaluna\n|-supereffective|p2a: Ursaluna\n|-damage|p2a: Ursaluna|15\/100 brn\n|-heal|p1b: Iron Hands|48\/100|[from] drain|[of] p2a: Ursaluna\n|\n|-damage|p2a: Ursaluna|9\/100 brn|[from] brn\n|upkeep\n|\n|t:|1700672253\n|switch|p1a: Azumarill|Azumarill, L50, F|100\/100\n|turn|5\n|inactive|bromzzxzz has 30 seconds left.\n|\n|t:|1700672278\n|move|p2a: Ursaluna|Protect|p2a: Ursaluna\n|-singleturn|p2a: Ursaluna|Protect\n|move|p1a: Azumarill|Waterfall|p2a: Ursaluna\n|-activate|p2a: Ursaluna|move: Protect\n|move|p1b: Iron Hands|Wild Charge|p2b: Cresselia\n|-damage|p2b: Cresselia|70\/100\n|-damage|p1b: Iron Hands|41\/100|[from] Recoil\n|move|p2b: Cresselia|Lunar Blessing|p2b: Cresselia|[spread] p2a,p2b\n|-heal|p2a: Ursaluna|34\/100 brn\n|-curestatus|p2a: Ursaluna|brn|[msg]\n|-heal|p2b: Cresselia|95\/100\n|\n|-fieldend|move: Trick Room\n|-status|p2a: Ursaluna|brn|[from] item: Flame Orb\n|upkeep\n|turn|6\n|inactive|haamgamer07 has 30 seconds left.\n|\n|t:|1700672309\n|switch|p2a: Iron Hands|Iron Hands, L50, tera:Grass|100\/100\n|move|p2b: Cresselia|Psychic|p1b: Iron Hands\n|-supereffective|p1b: Iron Hands\n|-damage|p1b: Iron Hands|13\/100\n|move|p1b: Iron Hands|Drain Punch|p2a: Iron Hands\n|-damage|p2a: Iron Hands|74\/100\n|-heal|p1b: Iron Hands|26\/100|[from] drain|[of] p2a: Iron Hands\n|move|p1a: Azumarill|Waterfall|p2b: Cresselia\n|-damage|p2b: Cresselia|66\/100\n|\n|upkeep\n|turn|7\n|-message|bromzzxzz forfeited.\n|\n|win|haamgamer07\n|raw|bromzzxzz's rating: 1134 &rarr; <strong>1116<\/strong><br \/>(-18 for losing)\n|raw|haamgamer07's rating: 1237 &rarr; <strong>1255<\/strong><br \/>(+18 for winning)\n|l|\u2606bromzzxzz\n","uploadtime":1700672560,"views":0,"p1id":"bromzzxzz","p2id":"haamgamer07","formatid":"gen9vgc2023regulatione","rating":1116,"private":0,"password":""}