{"id":"gen9vgc2023regulatione-1994355509","p1":"Kilowattrel Fan","p2":"Osprey11","format":"[Gen 9] VGC 2023 Regulation E","log":"|j|\u2606Kilowattrel Fan\n|j|\u2606Osprey11\n|n|\u2606Kilowattrel Fan|kilowattrelfan\n|n|\u2606Osprey11|osprey11\n|html|View the match progress at <a href=\"\/game-bestof3-gen9vgc2023regulatione-1994355508\">game-bestof3-gen9vgc2023regulatione-1994355508<\/a>\n|t:|1700434526\n|gametype|doubles\n|player|p1|Kilowattrel Fan|riley|\n|player|p2|Osprey11|101|\n|teamsize|p1|6\n|teamsize|p2|6\n|gen|9\n|tier|[Gen 9] VGC 2023 Regulation E\n|rule|Species Clause: Limit one of each Pok\u00e9mon\n|rule|Item Clause: Limit one of each item\n|clearpoke\n|poke|p1|Torkoal, L50, M|\n|poke|p1|Lilligant-Hisui, L50, F|\n|poke|p1|Flutter Mane, L50|\n|poke|p1|Landorus-Therian, L50, M|\n|poke|p1|Kingambit, L50, M|\n|poke|p1|Iron Hands, L50|\n|poke|p2|Moltres-Galar, L50|\n|poke|p2|Sinistcha, L50|\n|poke|p2|Iron Hands, L50|\n|poke|p2|Ogerpon-Wellspring, L50, F|\n|poke|p2|Arcanine-Hisui, L50, M|\n|poke|p2|Tornadus, L50, M|\n|teampreview|4\nKilowattrel Fan has agreed to open team sheets.\nOsprey11 has agreed to open team sheets.\n|showteam|p1|Torkoal||Charcoal|Drought|Eruption,Flamethrower,EarthPower,Protect|||M|||50|,,,,,Fire]Lilligant-Hisui||FocusSash|Chlorophyll|CloseCombat,SolarBlade,AfterYou,Protect|||F|||50|,,,,,Ghost]Flutter Mane||ChoiceSpecs|Protosynthesis|Moonblast,DazzlingGleam,ShadowBall,PowerGem||||||50|,,,,,Fairy]Landorus-Therian||ChoiceScarf|Intimidate|StompingTantrum,Uturn,RockSlide,TeraBlast|||M|||50|,,,,,Flying]Kingambit||BlackGlasses|Defiant|SuckerPunch,KowtowCleave,IronHead,Protect|||M|||50|,,,,,Fairy]Iron Hands||AssaultVest|QuarkDrive|DrainPunch,WildCharge,FakeOut,HeavySlam||||||50|,,,,,Water\n|showteam|p2|Moltres-Galar||Leftovers|Berserk|NastyPlot,Protect,FieryWrath,AirSlash||||||50|,,,,,Poison]Sinistcha||MentalHerb|Hospitality|TrickRoom,LifeDew,RagePowder,StrengthSap||||||50|,,,,,Water]Iron Hands||AssaultVest|QuarkDrive|FakeOut,WildCharge,DrainPunch,HeavySlam||||||50|,,,,,Fire]Ogerpon-Wellspring||WellspringMask|WaterAbsorb|SpikyShield,IvyCudgel,HornLeech,FollowMe|||F|||50|,,,,,Water]Arcanine-Hisui||SitrusBerry|Intimidate|FlareBlitz,WillOWisp,Snarl,RockSlide|||M|||50|,,,,,Grass]Tornadus||CovertCloak|Prankster|Tailwind,RainDance,BleakwindStorm,IcyWind|||M|||50|,,,,,Dark\n|\n|t:|1700434599\n|start\n|switch|p1a: Broken Mon|Flutter Mane, L50|100\/100\n|switch|p1b: Brian|Iron Hands, L50|100\/100\n|switch|p2a: Iron Hands|Iron Hands, L50|100\/100\n|switch|p2b: Arcanine|Arcanine-Hisui, L50, M|100\/100\n|-ability|p2b: Arcanine|Intimidate|boost\n|-unboost|p1a: Broken Mon|atk|1\n|-unboost|p1b: Brian|atk|1\n|turn|1\n|\n|t:|1700434689\n|-end|p1b: Brian|Quark Drive|[silent]\n|switch|p1b: Angry Cat|Landorus-Therian, L50, M|100\/100\n|-ability|p1b: Angry Cat|Intimidate|boost\n|-unboost|p2a: Iron Hands|atk|1\n|-unboost|p2b: Arcanine|atk|1\n|-terastallize|p2a: Iron Hands|Fire\n|move|p1a: Broken Mon|Shadow Ball|p2b: Arcanine\n|-damage|p2b: Arcanine|40\/100\n|-unboost|p2b: Arcanine|spd|1\n|-enditem|p2b: Arcanine|Sitrus Berry|[eat]\n|-heal|p2b: Arcanine|64\/100|[from] item: Sitrus Berry\n|move|p2b: Arcanine|Will-O-Wisp|p1b: Angry Cat\n|-status|p1b: Angry Cat|brn\n|move|p2a: Iron Hands|Heavy Slam|p1a: Broken Mon\n|-supereffective|p1a: Broken Mon\n|-damage|p1a: Broken Mon|0 fnt\n|faint|p1a: Broken Mon\n|-end|p1a: Broken Mon|Protosynthesis|[silent]\n|\n|-damage|p1b: Angry Cat|94\/100 brn|[from] brn\n|upkeep\n|\n|t:|1700434717\n|switch|p1a: Brian|Iron Hands, L50|100\/100\n|turn|2\n|\n|t:|1700434759\n|switch|p2b: Tornadus|Tornadus, L50, M|100\/100\n|-end|p2a: Iron Hands|Quark Drive|[silent]\n|switch|p2a: Ogerpon|Ogerpon-Wellspring, L50, F|100\/100\n|move|p1b: Angry Cat|Stomping Tantrum|p2b: Tornadus\n|-immune|p2b: Tornadus\n|move|p1a: Brian|Drain Punch|p2b: Tornadus\n|-resisted|p2b: Tornadus\n|-damage|p2b: Tornadus|79\/100\n|\n|-damage|p1b: Angry Cat|88\/100 brn|[from] brn\n|upkeep\n|turn|3\n|\n|t:|1700434790\n|switch|p1b: Supreme Overlord|Kingambit, L50, M|100\/100\n|move|p2b: Tornadus|Rain Dance|p2b: Tornadus\n|-weather|RainDance\n|move|p2a: Ogerpon|Ivy Cudgel|p1b: Supreme Overlord|[anim] Ivy Cudgel Water\n|-crit|p1b: Supreme Overlord\n|-damage|p1b: Supreme Overlord|15\/100\n|move|p1a: Brian|Wild Charge|p2b: Tornadus\n|-supereffective|p2b: Tornadus\n|-damage|p2b: Tornadus|0 fnt\n|faint|p2b: Tornadus\n|-damage|p1a: Brian|85\/100|[from] Recoil\n|\n|-weather|RainDance|[upkeep]\n|upkeep\n|\n|t:|1700434812\n|switch|p2b: Iron Hands|Iron Hands, L50, tera:Fire|100\/100\n|turn|4\n|l|\u2606Kilowattrel Fan\n|player|p1|\n|j|\u2606Kilowattrel Fan\n|player|p1|Kilowattrel Fan|riley\n|\n|t:|1700434932\n|-end|p1a: Brian|Quark Drive|[silent]\n|switch|p1a: Angry Cat|Landorus-Therian, L50, M|88\/100 brn\n|-ability|p1a: Angry Cat|Intimidate|boost\n|-unboost|p2a: Ogerpon|atk|1\n|-unboost|p2b: Iron Hands|atk|1\n|move|p2b: Iron Hands|Fake Out|p1b: Supreme Overlord\n|-resisted|p1b: Supreme Overlord\n|-damage|p1b: Supreme Overlord|11\/100\n|move|p2a: Ogerpon|Ivy Cudgel|p1a: Angry Cat|[anim] Ivy Cudgel Water\n|-supereffective|p1a: Angry Cat\n|-damage|p1a: Angry Cat|0 fnt\n|faint|p1a: Angry Cat\n|cant|p1b: Supreme Overlord|flinch\n|\n|-weather|RainDance|[upkeep]\n|upkeep\n|\n|t:|1700434943\n|switch|p1a: Brian|Iron Hands, L50|85\/100\n|turn|5\n|\n|t:|1700434960\n|move|p2a: Ogerpon|Spiky Shield|p2a: Ogerpon\n|-singleturn|p2a: Ogerpon|move: Protect\n|move|p1a: Brian|Fake Out|p2a: Ogerpon\n|-activate|p2a: Ogerpon|move: Protect\n|-damage|p1a: Brian|73\/100|[from] Spiky Shield|[of] p2a: Ogerpon\n|move|p2b: Iron Hands|Wild Charge|p1b: Supreme Overlord\n|-damage|p1b: Supreme Overlord|0 fnt\n|faint|p1b: Supreme Overlord\n|-damage|p2b: Iron Hands|98\/100|[from] Recoil\n|\n|-weather|RainDance|[upkeep]\n|upkeep\n|turn|6\n|\n|t:|1700434981\n|switch|p2a: Arcanine|Arcanine-Hisui, L50, M|64\/100\n|-ability|p2a: Arcanine|Intimidate|boost\n|-unboost|p1a: Brian|atk|1\n|move|p2b: Iron Hands|Drain Punch|p1a: Brian\n|-crit|p1a: Brian\n|-damage|p1a: Brian|26\/100\n|-heal|p2b: Iron Hands|100\/100|[from] drain|[of] p1a: Brian\n|move|p1a: Brian|Wild Charge|p2a: Arcanine\n|-damage|p2a: Arcanine|36\/100\n|-damage|p1a: Brian|20\/100|[from] Recoil\n|\n|-weather|RainDance|[upkeep]\n|upkeep\n|turn|7\n|\n|t:|1700434996\n|-terastallize|p1a: Brian|Water\n|move|p2a: Arcanine|Flare Blitz|p1a: Brian\n|-resisted|p1a: Brian\n|-damage|p1a: Brian|13\/100\n|-damage|p2a: Arcanine|33\/100|[from] Recoil\n|move|p2b: Iron Hands|Drain Punch|p1a: Brian\n|-damage|p1a: Brian|0 fnt\n|faint|p1a: Brian\n|-end|p1a: Brian|Quark Drive|[silent]\n|\n|win|Osprey11\n|c|&|\/uhtml prompt-osprey11,Osprey11 is ready for game 2!\n|inactive|Kilowattrel Fan has 50 seconds to confirm battle start!\n|inactive|Kilowattrel Fan has 40 seconds to confirm battle start!\n|inactive|Kilowattrel Fan has 30 seconds to confirm battle start!\n|c|&|\/uhtml prompt-osprey11,Osprey11 is ready for game 2!\n|inactive|Kilowattrel Fan has 20 seconds to confirm battle start!\n|inactive|Kilowattrel Fan has 10 seconds to confirm battle start!\nBoth players are ready! Starting next match!\n","uploadtime":1700435001,"views":6,"p1id":"kilowattrelfan","p2id":"osprey11","formatid":"gen9vgc2023regulatione","rating":0,"private":0,"password":""}