{"id":"gen9vgc2023regulatione-1999465973","p1":"wayne7715","p2":"TeatNesIdea","format":"[Gen 9] VGC 2023 Regulation E","log":"|j|\u2606wayne7715\n|j|\u2606TeatNesIdea\n|t:|1701084828\n|gametype|doubles\n|player|p1|wayne7715|benga|1331\n|player|p2|TeatNesIdea|swimmerf-gen4|1410\n|teamsize|p1|6\n|teamsize|p2|6\n|gen|9\n|tier|[Gen 9] VGC 2023 Regulation E\n|rated|\n|rule|Species Clause: Limit one of each Pok\u00e9mon\n|rule|Item Clause: Limit one of each item\n|clearpoke\n|poke|p1|Weezing, L50, M|\n|poke|p1|Roaring Moon, L50|\n|poke|p1|Iron Hands, L50|\n|poke|p1|Ogerpon-Wellspring, L50, F|\n|poke|p1|Flutter Mane, L50|\n|poke|p1|Landorus-Therian, L50, M|\n|poke|p2|Tornadus, L50, M|\n|poke|p2|Urshifu-*, L50, M|\n|poke|p2|Gholdengo, L50|\n|poke|p2|Arcanine-Hisui, L50, M|\n|poke|p2|Rillaboom, L50, F|\n|poke|p2|Flutter Mane, L50|\n|teampreview|4\n|inactive|Battle timer is ON: inactive players will automatically lose when time's up. (requested by wayne7715)\n|inactive|TeatNesIdea has 60 seconds left.\n|\n|t:|1701084862\n|start\n|switch|p1a: Weezing|Weezing, L50, M|100\/100\n|switch|p1b: Roaring Moon|Roaring Moon, L50|100\/100\n|switch|p2a: Flutter Mane|Flutter Mane, L50|100\/100\n|switch|p2b: Gholdengo|Gholdengo, L50|100\/100\n|-ability|p1a: Weezing|Neutralizing Gas\n|-enditem|p1b: Roaring Moon|Booster Energy\n|-activate|p1b: Roaring Moon|ability: Protosynthesis|[fromitem]\n|-start|p1b: Roaring Moon|protosynthesisspe\n|-enditem|p2a: Flutter Mane|Booster Energy\n|-activate|p2a: Flutter Mane|ability: Protosynthesis|[fromitem]\n|-start|p2a: Flutter Mane|protosynthesisspe\n|turn|1\n|j| vsNOMEKOPvs\n|\n|t:|1701084881\n|-terastallize|p1b: Roaring Moon|Poison\n|-terastallize|p2b: Gholdengo|Steel\n|move|p1b: Roaring Moon|Knock Off|p2b: Gholdengo\n|-damage|p2b: Gholdengo|45\/100\n|-enditem|p2b: Gholdengo|Choice Specs|[from] move: Knock Off|[of] p1b: Roaring Moon\n|move|p2a: Flutter Mane|Icy Wind|p1b: Roaring Moon|[spread] p1a,p1b\n|-damage|p1a: Weezing|85\/100\n|-damage|p1b: Roaring Moon|87\/100\n|-unboost|p1a: Weezing|spe|1\n|-unboost|p1b: Roaring Moon|spe|1\n|move|p2b: Gholdengo|Make It Rain|p1a: Weezing|[spread] p1a,p1b\n|-crit|p1b: Roaring Moon\n|-damage|p1a: Weezing|22\/100\n|-damage|p1b: Roaring Moon|0 fnt\n|-unboost|p2b: Gholdengo|spa|1\n|-enditem|p1a: Weezing|Sitrus Berry|[eat]\n|-heal|p1a: Weezing|46\/100|[from] item: Sitrus Berry\n|faint|p1b: Roaring Moon\n|-end|p1b: Roaring Moon|Protosynthesis|[silent]\n|move|p1a: Weezing|Gunk Shot|p2a: Flutter Mane\n|-crit|p2a: Flutter Mane\n|-damage|p2a: Flutter Mane|10\/100\n|-status|p2a: Flutter Mane|psn\n|\n|-damage|p2a: Flutter Mane|0 fnt|[from] psn\n|faint|p2a: Flutter Mane\n|-end|p2a: Flutter Mane|Protosynthesis|[silent]\n|upkeep\n|inactive|wayne7715 has 30 seconds left.\n|l| vsNOMEKOPvs\n|\n|t:|1701084913\n|switch|p1b: Iron Hands|Iron Hands, L50|100\/100\n|switch|p2a: Urshifu|Urshifu-Rapid-Strike, L50, M|100\/100\n|turn|2\n|\n|t:|1701084930\n|move|p1a: Weezing|Protect|p1a: Weezing\n|-singleturn|p1a: Weezing|Protect\n|move|p2b: Gholdengo|Make It Rain|p1b: Iron Hands|[spread] p1b\n|-activate|p1a: Weezing|move: Protect\n|-resisted|p1b: Iron Hands\n|-damage|p1b: Iron Hands|91\/100\n|-unboost|p2b: Gholdengo|spa|1\n|move|p2a: Urshifu|Surging Strikes|p1b: Iron Hands\n|-crit|p1b: Iron Hands\n|-damage|p1b: Iron Hands|75\/100\n|-crit|p1b: Iron Hands\n|-damage|p1b: Iron Hands|56\/100\n|-crit|p1b: Iron Hands\n|-damage|p1b: Iron Hands|39\/100\n|-hitcount|p1b: Iron Hands|3\n|move|p1b: Iron Hands|Drain Punch|p2b: Gholdengo\n|-supereffective|p2b: Gholdengo\n|-damage|p2b: Gholdengo|0 fnt\n|-heal|p1b: Iron Hands|56\/100|[from] drain|[of] p2b: Gholdengo\n|faint|p2b: Gholdengo\n|\n|upkeep\n|\n|t:|1701084944\n|switch|p2b: Rillaboom|Rillaboom, L50, F|100\/100\n|turn|3\n|\n|t:|1701084964\n|-end|p1b: Iron Hands|Quark Drive|[silent]\n|switch|p1b: Ogerpon|Ogerpon-Wellspring, L50, F|100\/100\n|move|p2b: Rillaboom|Fake Out|p1b: Ogerpon\n|-crit|p1b: Ogerpon\n|-damage|p1b: Ogerpon|74\/100\n|move|p2a: Urshifu|Surging Strikes|p1a: Weezing\n|-crit|p1a: Weezing\n|-damage|p1a: Weezing|25\/100\n|-crit|p1a: Weezing\n|-damage|p1a: Weezing|5\/100\n|-crit|p1a: Weezing\n|-damage|p1a: Weezing|0 fnt\n|faint|p1a: Weezing\n|-end|p1a: Weezing|ability: Neutralizing Gas\n|-fieldstart|move: Grassy Terrain|[from] ability: Grassy Surge|[of] p2b: Rillaboom\n|-hitcount|p1: Weezing|3\n|\n|-heal|p1b: Ogerpon|79\/100|[from] Grassy Terrain\n|upkeep\n|\n|t:|1701084982\n|switch|p1a: Iron Hands|Iron Hands, L50|56\/100\n|turn|4\n|\n|t:|1701084997\n|move|p1a: Iron Hands|Fake Out|p2a: Urshifu\n|-damage|p2a: Urshifu|84\/100\n|move|p1b: Ogerpon|Horn Leech|p2a: Urshifu\n|-supereffective|p2a: Urshifu\n|-damage|p2a: Urshifu|0 fnt\n|-heal|p1b: Ogerpon|100\/100|[from] drain|[of] p2a: Urshifu\n|faint|p2a: Urshifu\n|move|p2b: Rillaboom|Wood Hammer|p1b: Ogerpon\n|-damage|p1b: Ogerpon|0 fnt\n|faint|p1b: Ogerpon\n|-damage|p2b: Rillaboom|75\/100|[from] Recoil\n|\n|-heal|p2b: Rillaboom|81\/100|[from] Grassy Terrain\n|-heal|p1a: Iron Hands|62\/100|[from] Grassy Terrain\n|upkeep\n|turn|5\n|\n|t:|1701085015\n|move|p2b: Rillaboom|Wood Hammer|p1a: Iron Hands\n|-damage|p1a: Iron Hands|7\/100\n|-damage|p2b: Rillaboom|59\/100|[from] Recoil\n|move|p1a: Iron Hands|Drain Punch|p2b: Rillaboom\n|-damage|p2b: Rillaboom|21\/100\n|-heal|p1a: Iron Hands|23\/100|[from] drain|[of] p2b: Rillaboom\n|\n|-heal|p2b: Rillaboom|27\/100|[from] Grassy Terrain\n|-heal|p1a: Iron Hands|29\/100|[from] Grassy Terrain\n|upkeep\n|turn|6\n|inactive|wayne7715 has 30 seconds left.\n|c|\u2606TeatNesIdea|gg\n|inactive|wayne7715 has 20 seconds left.\n|inactive|wayne7715 has 15 seconds left.\n|inactive|wayne7715 has 10 seconds left.\n|l|\u2606wayne7715\n|inactive|wayne7715 disconnected and has a minute to reconnect!\n|player|p1|\n|inactive|wayne7715 has 5 seconds left.\n|-message|wayne7715 lost due to inactivity.\n|\n|win|TeatNesIdea\n|raw|wayne7715's rating: 1331 &rarr; <strong>1315<\/strong><br \/>(-16 for losing)\n|raw|TeatNesIdea's rating: 1410 &rarr; <strong>1426<\/strong><br \/>(+16 for winning)\n","uploadtime":1701085148,"views":39,"p1id":"wayne7715","p2id":"teatnesidea","formatid":"gen9vgc2023regulatione","rating":1315,"private":0,"password":""}