{"id":"gen9vgc2023regulatione-1995225261","p1":"Mr.J1234","p2":"F3athers","format":"[Gen 9] VGC 2023 Regulation E","log":"|j|\u2606Mr.J1234\n|j|\u2606F3athers\n|t:|1700536817\n|gametype|doubles\n|player|p1|Mr.J1234|1|\n|player|p2|F3athers|hoopster|\n|teamsize|p1|6\n|teamsize|p2|6\n|gen|9\n|tier|[Gen 9] VGC 2023 Regulation E\n|rule|Species Clause: Limit one of each Pok\u00e9mon\n|rule|Item Clause: Limit one of each item\n|clearpoke\n|poke|p1|Indeedee, L50, M|\n|poke|p1|Landorus, L50, M|\n|poke|p1|Iron Bundle, L50|\n|poke|p1|Drifblim, L50, M|\n|poke|p1|Rotom-Heat, L50|\n|poke|p1|Dondozo, L50, M|\n|poke|p2|Fezandipiti, L50, M|\n|poke|p2|Skeledirge, L50, F|\n|poke|p2|Oranguru, L50, M|\n|poke|p2|Ogerpon-Wellspring, L50, F|\n|poke|p2|Kilowattrel, L50, M|\n|poke|p2|Iron Treads, L50|\n|teampreview|4\n|c|\u2606F3athers|we can just do 3 separate matches ig\n|c|\u2606Mr.J1234|ye\nMr.J1234 rejected open team sheets.\n|c|\u2606F3athers|here let me just send the invite for all 3 matches now\n|j| ruwisc\n|c|\u2606F3athers|alr glhf\n|c|\u2606Mr.J1234|mhm\n|j| tommy.jdw\n|\n|t:|1700537040\n|start\n|switch|p1a: Indeedee|Indeedee, L50, M|100\/100\n|switch|p1b: Drifblim|Drifblim, L50, M|100\/100\n|switch|p2a: Fezandipiti|Fezandipiti, L50, M|100\/100\n|switch|p2b: Iron Treads|Iron Treads, L50|100\/100\n|-fieldstart|move: Psychic Terrain|[from] ability: Psychic Surge|[of] p1a: Indeedee\n|-enditem|p1b: Drifblim|Psychic Seed\n|-boost|p1b: Drifblim|spd|1|[from] item: Psychic Seed\n|-enditem|p2b: Iron Treads|Booster Energy\n|-activate|p2b: Iron Treads|ability: Quark Drive|[fromitem]\n|-start|p2b: Iron Treads|quarkdrivespe\n|turn|1\n|\n|t:|1700537089\n|move|p1b: Drifblim|Tailwind|p1b: Drifblim\n|-sidestart|p1: Mr.J1234|move: Tailwind\n|move|p1a: Indeedee|Psyshock|p2a: Fezandipiti\n|-supereffective|p2a: Fezandipiti\n|-damage|p2a: Fezandipiti|0 fnt\n|faint|p2a: Fezandipiti\n|move|p2b: Iron Treads|Rock Slide|p1a: Indeedee|[spread] p1a,p1b\n|-supereffective|p1b: Drifblim\n|-damage|p1a: Indeedee|66\/100\n|-damage|p1b: Drifblim|56\/100\n|\n|upkeep\n|\n|t:|1700537127\n|switch|p2a: Kilowattrel|Kilowattrel, L50, M|100\/100\n|turn|2\n|\n|t:|1700537140\n|move|p1b: Drifblim|Destiny Bond|p1b: Drifblim\n|-singlemove|p1b: Drifblim|Destiny Bond\n|move|p1a: Indeedee|Psyshock|p2a: Kilowattrel\n|-crit|p2a: Kilowattrel\n|-damage|p2a: Kilowattrel|0 fnt\n|faint|p2a: Kilowattrel\n|move|p2b: Iron Treads|Rock Slide|p1a: Indeedee|[spread] p1a,p1b\n|-supereffective|p1b: Drifblim\n|-damage|p1a: Indeedee|31\/100\n|-damage|p1b: Drifblim|16\/100\n|\n|upkeep\n|j| Oddball_Otter\n|\n|t:|1700537151\n|switch|p2a: Ogerpon|Ogerpon-Wellspring, L50, F|100\/100\n|turn|3\n|c| ruwisc|damn, Indeedee stronk\n|\n|t:|1700537195\n|move|p2a: Ogerpon|Spiky Shield|p2a: Ogerpon\n|-singleturn|p2a: Ogerpon|move: Protect\n|move|p1b: Drifblim|Strength Sap|p2b: Iron Treads\n|-unboost|p2b: Iron Treads|atk|1\n|-heal|p1b: Drifblim|77\/100\n|move|p1a: Indeedee|Psyshock|p2a: Ogerpon\n|-activate|p2a: Ogerpon|move: Protect\n|move|p2b: Iron Treads|Ice Spinner|p1a: Indeedee\n|-damage|p1a: Indeedee|0 fnt\n|-fieldend|move: Psychic Terrain\n|faint|p1a: Indeedee\n|\n|upkeep\n|\n|t:|1700537213\n|switch|p1a: Landorus|Landorus, L50, M|100\/100\n|turn|4\n|\n|t:|1700537281\n|-terastallize|p1a: Landorus|Flying\n|-terastallize|p2a: Ogerpon|Water\n|detailschange|p2a: Ogerpon|Ogerpon-Wellspring-Tera, L50, F, tera:Water\n|-ability|p2a: Ogerpon|Embody Aspect (Wellspring)|boost\n|-boost|p2a: Ogerpon|spd|1\n|move|p2b: Iron Treads|Protect|p2b: Iron Treads\n|-singleturn|p2b: Iron Treads|Protect\n|move|p1b: Drifblim|Strength Sap|p2b: Iron Treads\n|-activate|p2b: Iron Treads|move: Protect\n|move|p1a: Landorus|Tera Blast|p2a: Ogerpon|[anim] Tera Blast Flying\n|-damage|p2a: Ogerpon|10\/100\n|move|p2a: Ogerpon|Ivy Cudgel|p1a: Landorus|[anim] Ivy Cudgel Water\n|-damage|p1a: Landorus|14\/100\n|\n|-sideend|p1: Mr.J1234|move: Tailwind\n|upkeep\n|turn|5\n|\n|t:|1700537315\n|switch|p1a: Iron Bundle|Iron Bundle, L50|100\/100\n|-enditem|p1a: Iron Bundle|Booster Energy\n|-activate|p1a: Iron Bundle|ability: Quark Drive|[fromitem]\n|-start|p1a: Iron Bundle|quarkdrivespe\n|move|p1b: Drifblim|Tailwind|p1b: Drifblim\n|-sidestart|p1: Mr.J1234|move: Tailwind\n|move|p2b: Iron Treads|Rock Slide|p1a: Iron Bundle|[spread] p1a,p1b\n|-supereffective|p1a: Iron Bundle\n|-supereffective|p1b: Drifblim\n|-damage|p1a: Iron Bundle|79\/100\n|-damage|p1b: Drifblim|46\/100\n|move|p2a: Ogerpon|Ivy Cudgel|p1b: Drifblim|[anim] Ivy Cudgel Water\n|-damage|p1b: Drifblim|0 fnt\n|faint|p1b: Drifblim\n|\n|upkeep\n|\n|t:|1700537326\n|switch|p1b: Landorus|Landorus, L50, M, tera:Flying|14\/100\n|turn|6\n|\n|t:|1700537356\n|move|p2a: Ogerpon|Spiky Shield|p2a: Ogerpon\n|-singleturn|p2a: Ogerpon|move: Protect\n|move|p1a: Iron Bundle|Icy Wind|p2b: Iron Treads|[spread] \n|-activate|p2a: Ogerpon|move: Protect\n|-miss|p1a: Iron Bundle|p2b: Iron Treads\n|move|p1b: Landorus|Earthquake|p2b: Iron Treads|[spread] p1a,p2b\n|-activate|p2a: Ogerpon|move: Protect\n|-supereffective|p2b: Iron Treads\n|-damage|p1a: Iron Bundle|26\/100\n|-damage|p2b: Iron Treads|7\/100\n|move|p2b: Iron Treads|Rock Slide|p1b: Landorus|[spread] p1b\n|-miss|p2b: Iron Treads|p1a: Iron Bundle\n|-supereffective|p1b: Landorus\n|-damage|p1b: Landorus|0 fnt\n|faint|p1b: Landorus\n|\n|upkeep\n|turn|7\n|c|\u2606Mr.J1234|whoops\n|j| thedukeoftacos\n|j| tclrkpkmn\n|\n|t:|1700537426\n|move|p1a: Iron Bundle|Icy Wind|p2a: Ogerpon|[spread] p2a,p2b\n|-resisted|p2a: Ogerpon\n|-damage|p2a: Ogerpon|4\/100\n|-damage|p2b: Iron Treads|0 fnt\n|-unboost|p2a: Ogerpon|spe|1\n|faint|p2b: Iron Treads\n|-end|p2b: Iron Treads|Quark Drive|[silent]\n|move|p2a: Ogerpon|Ivy Cudgel|p1a: Iron Bundle|[anim] Ivy Cudgel Water\n|-resisted|p1a: Iron Bundle\n|-crit|p1a: Iron Bundle\n|-damage|p1a: Iron Bundle|0 fnt\n|faint|p1a: Iron Bundle\n|-end|p1a: Iron Bundle|Quark Drive|[silent]\n|\n|win|F3athers\n|c|\u2606F3athers|gg\n|c|\u2606Mr.J1234|gg\n|l| tclrkpkmn\n|l| ruwisc\n|l| tommy.jdw\n|l| thedukeoftacos\n","uploadtime":1700538032,"views":31,"p1id":"mrj1234","p2id":"f3athers","formatid":"gen9vgc2023regulatione","rating":0,"private":0,"password":""}