{"id":"gen9vgc2023regulatione-1993425166","p1":"hysaaron","p2":"Gleisbett","format":"[Gen 9] VGC 2023 Regulation E","log":"|j|\u2606hysaaron\n|j|\u2606Gleisbett\n|t:|1700316220\n|gametype|doubles\n|player|p1|hysaaron|169|1187\n|player|p2|Gleisbett|266|1258\n|teamsize|p1|6\n|teamsize|p2|6\n|gen|9\n|tier|[Gen 9] VGC 2023 Regulation E\n|rated|\n|rule|Species Clause: Limit one of each Pok\u00e9mon\n|rule|Item Clause: Limit one of each item\n|clearpoke\n|poke|p1|Tornadus, L50, M|\n|poke|p1|Gholdengo, L50|\n|poke|p1|Rillaboom, L50, M|\n|poke|p1|Iron Hands, L50|\n|poke|p1|Landorus-Therian, L50, M|\n|poke|p1|Farigiraf, L50, M|\n|poke|p2|Arcanine-Hisui, L50, F|\n|poke|p2|Tornadus, L50, M|\n|poke|p2|Flutter Mane, L50|\n|poke|p2|Rillaboom, L50, F|\n|poke|p2|Chi-Yu, L50|\n|poke|p2|Ogerpon-Wellspring, L50, F|\n|teampreview|4\n|inactive|Battle timer is ON: inactive players will automatically lose when time's up. (requested by hysaaron)\n|inactive|hysaaron has 60 seconds left.\n|inactive|Gleisbett has 60 seconds left.\n|inactive|Gleisbett has 30 seconds left.\n|\n|t:|1700316290\n|start\n|switch|p1a: Tornadus|Tornadus, L50, M, shiny|100\/100\n|switch|p1b: Iron Hands|Iron Hands, L50, shiny|100\/100\n|switch|p2a: Arcanine|Arcanine-Hisui, L50, F|100\/100\n|switch|p2b: Tornadus|Tornadus, L50, M|100\/100\n|-ability|p2a: Arcanine|Intimidate|boost\n|-unboost|p1a: Tornadus|atk|1\n|-unboost|p1b: Iron Hands|atk|1\n|turn|1\n|inactive|hysaaron has 30 seconds left.\n|\n|t:|1700316320\n|switch|p2a: Flutter Mane|Flutter Mane, L50|100\/100\n|-end|p1b: Iron Hands|Quark Drive|[silent]\n|switch|p1b: Landorus|Landorus-Therian, L50, M, shiny|100\/100\n|-ability|p1b: Landorus|Intimidate|boost\n|-unboost|p2a: Flutter Mane|atk|1\n|-unboost|p2b: Tornadus|atk|1\n|move|p1a: Tornadus|Tailwind|p1a: Tornadus\n|-sidestart|p1: hysaaron|move: Tailwind\n|move|p2b: Tornadus|Tailwind|p2b: Tornadus\n|-sidestart|p2: Gleisbett|move: Tailwind\n|\n|upkeep\n|turn|2\n|inactive|hysaaron has 30 seconds left.\n|inactive|hysaaron has 20 seconds left.\n|\n|t:|1700316357\n|move|p2b: Tornadus|Sunny Day|p2b: Tornadus\n|-weather|SunnyDay\n|-activate|p2a: Flutter Mane|ability: Protosynthesis\n|-start|p2a: Flutter Mane|protosynthesisspe\n|move|p2a: Flutter Mane|Icy Wind|p1b: Landorus|[spread] p1a,p1b\n|-supereffective|p1a: Tornadus\n|-supereffective|p1b: Landorus\n|-damage|p1a: Tornadus|46\/100\n|-damage|p1b: Landorus|0 fnt\n|faint|p1b: Landorus\n|move|p1a: Tornadus|Bleakwind Storm|p2b: Tornadus|[spread] p2a,p2b\n|-damage|p2a: Flutter Mane|67\/100\n|-damage|p2b: Tornadus|76\/100\n|\n|-weather|SunnyDay|[upkeep]\n|upkeep\n|\n|t:|1700316370\n|switch|p1b: Gholdengo|Gholdengo, L50, shiny|100\/100\n|turn|3\n|\n|t:|1700316385\n|-end|p2a: Flutter Mane|Protosynthesis|[silent]\n|switch|p2a: Arcanine|Arcanine-Hisui, L50, F|100\/100\n|-ability|p2a: Arcanine|Intimidate|boost\n|-unboost|p1a: Tornadus|atk|1\n|-unboost|p1b: Gholdengo|atk|1\n|switch|p2b: Ogerpon|Ogerpon-Wellspring, L50, F|100\/100\n|move|p1a: Tornadus|Rain Dance|p1a: Tornadus\n|-weather|RainDance\n|move|p1b: Gholdengo|Make It Rain|p2b: Ogerpon|[spread] p2a,p2b\n|-resisted|p2b: Ogerpon\n|-damage|p2a: Arcanine|33\/100\n|-damage|p2b: Ogerpon|71\/100\n|-unboost|p1b: Gholdengo|spa|1\n|\n|-weather|RainDance|[upkeep]\n|upkeep\n|turn|4\n|inactive|hysaaron has 30 seconds left.\n|inactive|hysaaron has 20 seconds left.\n|inactive|hysaaron has 15 seconds left.\n|inactive|hysaaron has 10 seconds left.\n|\n|t:|1700316432\n|move|p1b: Gholdengo|Protect|p1b: Gholdengo\n|-singleturn|p1b: Gholdengo|Protect\n|move|p1a: Tornadus|Bleakwind Storm|p2a: Arcanine|[spread] p2a,p2b\n|-resisted|p2a: Arcanine\n|-supereffective|p2b: Ogerpon\n|-damage|p2a: Arcanine|12\/100\n|-damage|p2b: Ogerpon|0 fnt\n|faint|p2b: Ogerpon\n|move|p2a: Arcanine|Rock Slide|p1b: Gholdengo|[spread] p1a\n|-activate|p1b: Gholdengo|move: Protect\n|-supereffective|p1a: Tornadus\n|-damage|p1a: Tornadus|0 fnt\n|faint|p1a: Tornadus\n|\n|-weather|RainDance|[upkeep]\n|-sideend|p2: Gleisbett|move: Tailwind\n|-sideend|p1: hysaaron|move: Tailwind\n|upkeep\n|\n|t:|1700316447\n|switch|p1a: Iron Hands|Iron Hands, L50, shiny|100\/100\n|switch|p2b: Flutter Mane|Flutter Mane, L50|67\/100\n|turn|5\n|inactive|Gleisbett has 30 seconds left.\n|inactive|Gleisbett has 20 seconds left.\n|inactive|Gleisbett has 15 seconds left.\n|inactive|Gleisbett has 10 seconds left.\n|inactive|Gleisbett has 5 seconds left.\n|\n|t:|1700316502\n|move|p1a: Iron Hands|Fake Out|p2a: Arcanine\n|-resisted|p2a: Arcanine\n|-damage|p2a: Arcanine|3\/100\n|move|p2b: Flutter Mane|Moonblast|p1a: Iron Hands\n|-supereffective|p1a: Iron Hands\n|-damage|p1a: Iron Hands|23\/100\n|cant|p2a: Arcanine|flinch\n|move|p1b: Gholdengo|Make It Rain|p2b: Flutter Mane|[spread] p2a,p2b\n|-supereffective|p2b: Flutter Mane\n|-damage|p2a: Arcanine|0 fnt\n|-damage|p2b: Flutter Mane|0 fnt\n|-unboost|p1b: Gholdengo|spa|1\n|faint|p2a: Arcanine\n|faint|p2b: Flutter Mane\n|-end|p2b: Flutter Mane|Protosynthesis|[silent]\n|\n|-weather|RainDance|[upkeep]\n|upkeep\n|inactive|Gleisbett has 30 seconds left.\n|inactive|Gleisbett has 20 seconds left.\n|inactive|Gleisbett has 15 seconds left.\n|inactive|Gleisbett has 10 seconds left.\n|inactive|Gleisbett has 5 seconds left.\n|\n|t:|1700316557\n|switch|p2a: Tornadus|Tornadus, L50, M|76\/100\n|turn|6\n|inactive|Gleisbett has 30 seconds left.\n|l|\u2606Gleisbett\n|inactive|Gleisbett disconnected and has a minute to reconnect!\n|player|p2|\n|inactive|Gleisbett has 20 seconds left.\n|inactive|Gleisbett has 15 seconds left.\n|inactive|Gleisbett has 10 seconds left.\n|inactive|Gleisbett has 5 seconds left.\n|-message|Gleisbett lost due to inactivity.\n|\n|win|hysaaron\n|raw|hysaaron's rating: 1187 &rarr; <strong>1217<\/strong><br \/>(+30 for winning)\n|raw|Gleisbett's rating: 1258 &rarr; <strong>1228<\/strong><br \/>(-30 for losing)\n","uploadtime":1700316616,"views":6,"p1id":"hysaaron","p2id":"gleisbett","formatid":"gen9vgc2023regulatione","rating":1217,"private":0,"password":""}