{"id":"gen9vgc2023regulatione-2000575474","p1":"HiRakkun","p2":"A silly team","format":"[Gen 9] VGC 2023 Regulation E","log":"|j|\u2606HiRakkun\n|j|\u2606A silly team\n|t:|1701206800\n|gametype|doubles\n|player|p1|HiRakkun|102|1602\n|player|p2|A silly team|swimmer-gen4|1661\n|teamsize|p1|6\n|teamsize|p2|6\n|gen|9\n|tier|[Gen 9] VGC 2023 Regulation E\n|rated|\n|rule|Species Clause: Limit one of each Pok\u00e9mon\n|rule|Item Clause: Limit one of each item\n|clearpoke\n|poke|p1|Iron Hands, L50|\n|poke|p1|Mimikyu, L50, F|\n|poke|p1|Okidogi, L50, M|\n|poke|p1|Great Tusk, L50|\n|poke|p1|Sinistcha, L50|\n|poke|p1|Azumarill, L50, F|\n|poke|p2|Chesnaught, L50, F|\n|poke|p2|Rillaboom, L50, F|\n|poke|p2|Farigiraf, L50, M|\n|poke|p2|Clefairy, L50, F|\n|poke|p2|Arcanine-Hisui, L50, M|\n|poke|p2|Clodsire, L50, F|\n|teampreview|4\n|inactive|Battle timer is ON: inactive players will automatically lose when time's up. (requested by A silly team)\n|\n|t:|1701206821\n|start\n|switch|p1a: Mimikyu|Mimikyu, L50, F, shiny|100\/100\n|switch|p1b: Iron Hands|Iron Hands, L50, shiny|100\/100\n|switch|p2a: Chesnaught|Chesnaught, L50, F|100\/100\n|switch|p2b: Rillaboom|Rillaboom, L50, F|100\/100\n|-fieldstart|move: Grassy Terrain|[from] ability: Grassy Surge|[of] p2b: Rillaboom\n|turn|1\n|\n|t:|1701206835\n|-terastallize|p1b: Iron Hands|Ghost\n|move|p2b: Rillaboom|Fake Out|p1b: Iron Hands\n|-immune|p1b: Iron Hands\n|move|p2a: Chesnaught|Belly Drum|p2a: Chesnaught\n|-damage|p2a: Chesnaught|50\/100\n|-setboost|p2a: Chesnaught|atk|6|[from] move: Belly Drum\n|-enditem|p2a: Chesnaught|Sitrus Berry|[eat]\n|-heal|p2a: Chesnaught|75\/100|[from] item: Sitrus Berry\n|move|p1b: Iron Hands|Belly Drum|p1b: Iron Hands\n|-damage|p1b: Iron Hands|51\/100\n|-setboost|p1b: Iron Hands|atk|6|[from] move: Belly Drum\n|move|p1a: Mimikyu|Trick Room|p1a: Mimikyu\n|-fieldstart|move: Trick Room|[of] p1a: Mimikyu\n|\n|-heal|p1b: Iron Hands|57\/100|[from] Grassy Terrain\n|-heal|p2a: Chesnaught|81\/100|[from] Grassy Terrain\n|upkeep\n|turn|2\n|\n|t:|1701206859\n|switch|p2b: Clefairy|Clefairy, L50, F|100\/100\n|move|p2a: Chesnaught|Spiky Shield|p2a: Chesnaught\n|-singleturn|p2a: Chesnaught|move: Protect\n|move|p1b: Iron Hands|Drain Punch|p2a: Chesnaught\n|-activate|p2a: Chesnaught|move: Protect\n|-damage|p1b: Iron Hands|45\/100|[from] Spiky Shield|[of] p2a: Chesnaught\n|-enditem|p1b: Iron Hands|Sitrus Berry|[eat]\n|-heal|p1b: Iron Hands|69\/100|[from] item: Sitrus Berry\n|move|p1a: Mimikyu|Will-O-Wisp|p2b: Clefairy|[miss]\n|-miss|p1a: Mimikyu|p2b: Clefairy\n|\n|-heal|p1b: Iron Hands|76\/100|[from] Grassy Terrain\n|-heal|p2a: Chesnaught|88\/100|[from] Grassy Terrain\n|upkeep\n|turn|3\n|\n|t:|1701206883\n|switch|p1a: Okidogi|Okidogi, L50, M|100\/100\n|move|p2b: Clefairy|Helping Hand|p2a: Chesnaught\n|-singleturn|p2a: Chesnaught|Helping Hand|[of] p2b: Clefairy\n|move|p2a: Chesnaught|Grassy Glide|p1b: Iron Hands\n|-damage|p1b: Iron Hands|0 fnt\n|faint|p1b: Iron Hands\n|-end|p1b: Iron Hands|Quark Drive|[silent]\n|\n|-heal|p2a: Chesnaught|94\/100|[from] Grassy Terrain\n|upkeep\n|\n|t:|1701206892\n|switch|p1b: Sinistcha|Sinistcha, L50|100\/100\n|turn|4\n|\n|t:|1701206908\n|move|p2b: Clefairy|Follow Me|p2b: Clefairy\n|-singleturn|p2b: Clefairy|move: Follow Me\n|move|p2a: Chesnaught|Grassy Glide|p1b: Sinistcha\n|-resisted|p1b: Sinistcha\n|-damage|p1b: Sinistcha|31\/100\n|move|p1b: Sinistcha|Shadow Ball|p2b: Clefairy\n|-damage|p2b: Clefairy|67\/100\n|move|p1a: Okidogi|Poison Jab|p2b: Clefairy\n|-supereffective|p2b: Clefairy\n|-crit|p2b: Clefairy\n|-damage|p2b: Clefairy|0 fnt\n|faint|p2b: Clefairy\n|\n|-heal|p1b: Sinistcha|37\/100|[from] Grassy Terrain\n|-heal|p2a: Chesnaught|99\/100|[from] Grassy Terrain\n|upkeep\n|\n|t:|1701206930\n|switch|p2b: Arcanine|Arcanine-Hisui, L50, M|100\/100\n|-ability|p2b: Arcanine|Intimidate|boost\n|-ability|p1a: Okidogi|Guard Dog|boost\n|-boost|p1a: Okidogi|atk|1\n|-unboost|p1b: Sinistcha|atk|1\n|turn|5\n|j| gooberguest\n|inactive|A silly team has 30 seconds left.\n|\n|t:|1701206964\n|switch|p1b: Mimikyu|Mimikyu, L50, F, shiny|100\/100\n|-terastallize|p2a: Chesnaught|Steel\n|move|p1a: Okidogi|Close Combat|p2b: Arcanine\n|-supereffective|p2b: Arcanine\n|-damage|p2b: Arcanine|0 fnt\n|-unboost|p1a: Okidogi|def|1\n|-unboost|p1a: Okidogi|spd|1\n|faint|p2b: Arcanine\n|move|p2a: Chesnaught|Drain Punch|p1a: Okidogi\n|-resisted|p1a: Okidogi\n|-damage|p1a: Okidogi|10\/100\n|-heal|p2a: Chesnaught|100\/100|[from] drain|[of] p1a: Okidogi\n|\n|-heal|p1a: Okidogi|16\/100|[from] Grassy Terrain\n|-fieldend|move: Trick Room\n|-fieldend|move: Grassy Terrain\n|upkeep\n|\n|t:|1701206982\n|switch|p2b: Rillaboom|Rillaboom, L50, F|100\/100\n|-fieldstart|move: Grassy Terrain|[from] ability: Grassy Surge|[of] p2b: Rillaboom\n|turn|6\n|\n|t:|1701206988\n|move|p2a: Chesnaught|Spiky Shield|p2a: Chesnaught\n|-singleturn|p2a: Chesnaught|move: Protect\n|move|p1a: Okidogi|Protect|p1a: Okidogi\n|-singleturn|p1a: Okidogi|Protect\n|move|p2b: Rillaboom|Grassy Glide|p1a: Okidogi\n|-activate|p1a: Okidogi|move: Protect\n|move|p1b: Mimikyu|Will-O-Wisp|p2a: Chesnaught\n|-activate|p2a: Chesnaught|move: Protect\n|\n|-heal|p1a: Okidogi|22\/100|[from] Grassy Terrain\n|upkeep\n|turn|7\n|inactive|HiRakkun has 30 seconds left.\n|\n|t:|1701207014\n|move|p2a: Chesnaught|Grassy Glide|p1a: Okidogi\n|-resisted|p1a: Okidogi\n|-damage|p1a: Okidogi|0 fnt\n|faint|p1a: Okidogi\n|move|p1b: Mimikyu|Misty Terrain|p1b: Mimikyu\n|-fieldstart|move: Misty Terrain\n|move|p2b: Rillaboom|Knock Off|p1b: Mimikyu\n|-activate|p1b: Mimikyu|ability: Disguise\n|-damage|p1b: Mimikyu|100\/100\n|-enditem|p1b: Mimikyu|Mental Herb|[from] move: Knock Off|[of] p2b: Rillaboom\n|detailschange|p1b: Mimikyu|Mimikyu-Busted, L50, F, shiny\n|-damage|p1b: Mimikyu|88\/100|[from] pokemon: Mimikyu-Busted\n|\n|upkeep\n|\n|t:|1701207022\n|switch|p1a: Sinistcha|Sinistcha, L50|37\/100\n|-heal|p1b: Mimikyu|100\/100|[from] ability: Hospitality|[of] p1a: Sinistcha\n|turn|8\n|\n|t:|1701207037\n|move|p1b: Mimikyu|Will-O-Wisp|p2a: Chesnaught\n|-activate|p2a: Chesnaught|move: Misty Terrain\n|move|p2a: Chesnaught|Grassy Glide|p1b: Mimikyu\n|-damage|p1b: Mimikyu|0 fnt\n|faint|p1b: Mimikyu\n|move|p2b: Rillaboom|Knock Off|p1a: Sinistcha\n|-supereffective|p1a: Sinistcha\n|-damage|p1a: Sinistcha|0 fnt\n|-enditem|p1a: Sinistcha|Weakness Policy|[from] move: Knock Off|[of] p2b: Rillaboom\n|faint|p1a: Sinistcha\n|\n|win|A silly team\n|raw|HiRakkun's rating: 1602 &rarr; <strong>1585<\/strong><br \/>(-17 for losing)\n|raw|A silly team's rating: 1661 &rarr; <strong>1678<\/strong><br \/>(+17 for winning)\n|l|\u2606HiRakkun\n","uploadtime":1701207055,"views":13,"p1id":"hirakkun","p2id":"asillyteam","formatid":"gen9vgc2023regulatione","rating":1585,"private":0,"password":""}