{"id":"gen9vgc2023regulatione-1995294615","p1":"Postitobrien","p2":"kbzn_","format":"[Gen 9] VGC 2023 Regulation E","log":"|j|\u2606Postitobrien\n|j|\u2606kbzn_\n|t:|1700548525\n|gametype|doubles\n|player|p1|Postitobrien|101|1336\n|player|p2|kbzn_|170|1312\n|teamsize|p1|6\n|teamsize|p2|6\n|gen|9\n|tier|[Gen 9] VGC 2023 Regulation E\n|rated|\n|rule|Species Clause: Limit one of each Pok\u00e9mon\n|rule|Item Clause: Limit one of each item\n|clearpoke\n|poke|p1|Farigiraf, L50, M|\n|poke|p1|Arcanine-Hisui, L50, F|\n|poke|p1|Trevenant, L50, M|\n|poke|p1|Urshifu-*, L50, M|\n|poke|p1|Ursaluna-Bloodmoon, L50, M|\n|poke|p1|Ogerpon-Wellspring, L50, F|\n|poke|p2|Iron Bundle, L50|\n|poke|p2|Arcanine-Hisui, L50, M|\n|poke|p2|Kingambit, L50, M|\n|poke|p2|Gholdengo, L50|\n|poke|p2|Iron Hands, L50|\n|poke|p2|Ogerpon-Wellspring, L50, F|\n|teampreview|4\nPostitobrien has agreed to open team sheets.\n|inactive|Battle timer is ON: inactive players will automatically lose when time's up. (requested by Postitobrien)\n|\n|t:|1700548601\n|start\n|switch|p1a: Farigiraf|Farigiraf, L50, M|100\/100\n|switch|p1b: Urshifu|Urshifu, L50, M|100\/100\n|switch|p2a: Iron Bundle|Iron Bundle, L50|100\/100\n|switch|p2b: Ogerpon|Ogerpon-Wellspring, L50, F|100\/100\n|-enditem|p2a: Iron Bundle|Booster Energy\n|-activate|p2a: Iron Bundle|ability: Quark Drive|[fromitem]\n|-start|p2a: Iron Bundle|quarkdrivespe\n|turn|1\n|inactive|Postitobrien has 30 seconds left.\n|inactive|kbzn_ has 30 seconds left.\n|inactive|Postitobrien has 20 seconds left.\n|inactive|kbzn_ has 20 seconds left.\n|\n|t:|1700548641\n|move|p1b: Urshifu|Sucker Punch|p2a: Iron Bundle\n|-damage|p2a: Iron Bundle|56\/100\n|move|p2a: Iron Bundle|Freeze-Dry|p1a: Farigiraf\n|-damage|p1a: Farigiraf|62\/100\n|move|p2b: Ogerpon|Knock Off|p1a: Farigiraf\n|-supereffective|p1a: Farigiraf\n|-damage|p1a: Farigiraf|0 fnt\n|-enditem|p1a: Farigiraf|Life Orb|[from] move: Knock Off|[of] p2b: Ogerpon\n|faint|p1a: Farigiraf\n|\n|upkeep\n|\n|t:|1700548651\n|switch|p1a: Trevenant|Trevenant, L50, M|100\/100\n|turn|2\n|\n|t:|1700548664\n|move|p2b: Ogerpon|Spiky Shield|p2b: Ogerpon\n|-singleturn|p2b: Ogerpon|move: Protect\n|move|p1b: Urshifu|Sucker Punch|p2a: Iron Bundle\n|-damage|p2a: Iron Bundle|8\/100\n|move|p2a: Iron Bundle|Icy Wind|p1a: Trevenant|[spread] p1a,p1b\n|-supereffective|p1a: Trevenant\n|-damage|p1a: Trevenant|63\/100\n|-damage|p1b: Urshifu|68\/100\n|-unboost|p1a: Trevenant|spe|1\n|-unboost|p1b: Urshifu|spe|1\n|move|p1a: Trevenant|Trick Room|p1a: Trevenant\n|-fieldstart|move: Trick Room|[of] p1a: Trevenant\n|\n|upkeep\n|turn|3\n|inactive|Postitobrien has 30 seconds left.\n|\n|t:|1700548692\n|move|p1b: Urshifu|Sucker Punch|p2b: Ogerpon\n|-damage|p2b: Ogerpon|62\/100\n|move|p1a: Trevenant|Horn Leech|p2a: Iron Bundle\n|-supereffective|p2a: Iron Bundle\n|-damage|p2a: Iron Bundle|0 fnt\n|-heal|p1a: Trevenant|66\/100|[from] drain|[of] p2a: Iron Bundle\n|faint|p2a: Iron Bundle\n|-end|p2a: Iron Bundle|Quark Drive|[silent]\n|move|p2b: Ogerpon|Ivy Cudgel|p1b: Urshifu|[anim] Ivy Cudgel Water\n|-damage|p1b: Urshifu|12\/100\n|\n|upkeep\n|\n|t:|1700548707\n|switch|p2a: Kingambit|Kingambit, L50, M, shiny|100\/100\n|turn|4\n|\n|t:|1700548723\n|-terastallize|p1a: Trevenant|Dragon\n|move|p2b: Ogerpon|Follow Me|p2b: Ogerpon\n|-singleturn|p2b: Ogerpon|move: Follow Me\n|move|p1b: Urshifu|Sucker Punch||[still]\n|-fail|p1b: Urshifu\n|move|p1a: Trevenant|Will-O-Wisp|p2b: Ogerpon\n|-status|p2b: Ogerpon|brn\n|move|p2a: Kingambit|Swords Dance|p2a: Kingambit\n|-boost|p2a: Kingambit|atk|2\n|\n|-damage|p2b: Ogerpon|56\/100 brn|[from] brn\n|upkeep\n|turn|5\n|inactive|kbzn_ has 30 seconds left.\n|inactive|kbzn_ has 20 seconds left.\n|\n|t:|1700548760\n|switch|p1b: Ursaluna|Ursaluna-Bloodmoon, L50, M|100\/100\n|-terastallize|p2a: Kingambit|Fire\n|move|p1a: Trevenant|Will-O-Wisp|p2a: Kingambit\n|-immune|p2a: Kingambit\n|move|p2a: Kingambit|Swords Dance|p2a: Kingambit\n|-boost|p2a: Kingambit|atk|2\n|move|p2b: Ogerpon|Ivy Cudgel|p1b: Ursaluna|[anim] Ivy Cudgel Water\n|-supereffective|p1b: Ursaluna\n|-damage|p1b: Ursaluna|60\/100\n|\n|-damage|p2b: Ogerpon|50\/100 brn|[from] brn\n|upkeep\n|turn|6\n|inactive|Postitobrien has 30 seconds left.\n|\n|t:|1700548789\n|move|p2b: Ogerpon|Follow Me|p2b: Ogerpon\n|-singleturn|p2b: Ogerpon|move: Follow Me\n|move|p1a: Trevenant|Leech Seed|p2b: Ogerpon\n|-immune|p2b: Ogerpon\n|move|p2a: Kingambit|Swords Dance|p2a: Kingambit\n|-boost|p2a: Kingambit|atk|2\n|move|p1b: Ursaluna|Hyper Voice|p2b: Ogerpon|[spread] p2a,p2b\n|-damage|p2a: Kingambit|59\/100\n|-damage|p2b: Ogerpon|14\/100 brn\n|-enditem|p1b: Ursaluna|Throat Spray\n|-boost|p1b: Ursaluna|spa|1|[from] item: Throat Spray\n|\n|-damage|p2b: Ogerpon|9\/100 brn|[from] brn\n|-fieldend|move: Trick Room\n|upkeep\n|turn|7\n|inactive|Postitobrien has 30 seconds left.\n|inactive|kbzn_ has 30 seconds left.\n|\n|t:|1700548822\n|switch|p1a: Urshifu|Urshifu, L50, M|12\/100\n|move|p1b: Ursaluna|Protect|p1b: Ursaluna\n|-singleturn|p1b: Ursaluna|Protect\n|move|p2b: Ogerpon|Knock Off|p1a: Urshifu\n|-resisted|p1a: Urshifu\n|-damage|p1a: Urshifu|8\/100\n|-enditem|p1a: Urshifu|Choice Scarf|[from] move: Knock Off|[of] p2b: Ogerpon\n|move|p2a: Kingambit|Kowtow Cleave|p1b: Ursaluna\n|-activate|p1b: Ursaluna|move: Protect\n|\n|-damage|p2b: Ogerpon|3\/100 brn|[from] brn\n|upkeep\n|turn|8\n|inactive|Postitobrien has 30 seconds left.\n|inactive|Postitobrien has 20 seconds left.\n|\n|t:|1700548861\n|switch|p1b: Trevenant|Trevenant, L50, M, tera:Dragon|66\/100\n|move|p2b: Ogerpon|Follow Me|p2b: Ogerpon\n|-singleturn|p2b: Ogerpon|move: Follow Me\n|move|p2a: Kingambit|Sucker Punch||[still]\n|-fail|p2a: Kingambit\n|move|p1a: Urshifu|Wicked Blow|p2b: Ogerpon\n|-crit|p2b: Ogerpon\n|-damage|p2b: Ogerpon|0 fnt\n|faint|p2b: Ogerpon\n|\n|upkeep\n|\n|t:|1700548873\n|switch|p2b: Arcanine|Arcanine-Hisui, L50, M|100\/100\n|-ability|p2b: Arcanine|Intimidate|boost\n|-unboost|p1a: Urshifu|atk|1\n|-unboost|p1b: Trevenant|atk|1\n|turn|9\n|\n|t:|1700548898\n|switch|p1b: Ursaluna|Ursaluna-Bloodmoon, L50, M|60\/100\n|move|p2b: Arcanine|Extreme Speed|p1a: Urshifu\n|-damage|p1a: Urshifu|0 fnt\n|faint|p1a: Urshifu\n|move|p2a: Kingambit|Kowtow Cleave|p1b: Ursaluna\n|-damage|p1b: Ursaluna|0 fnt\n|faint|p1b: Ursaluna\n|\n|upkeep\n|-message|Postitobrien forfeited.\n|\n|win|kbzn_\n|raw|Postitobrien's rating: 1336 &rarr; <strong>1315<\/strong><br \/>(-21 for losing)\n|raw|kbzn_'s rating: 1312 &rarr; <strong>1333<\/strong><br \/>(+21 for winning)\n|l|\u2606Postitobrien\n","uploadtime":1700548922,"views":3,"p1id":"postitobrien","p2id":"kbzn","formatid":"gen9vgc2023regulatione","rating":1315,"private":0,"password":""}