{"id":"gen9vgc2023regulatione-1991377931","p1":"brwnrbw","p2":"SamuelWizard","format":"[Gen 9] VGC 2023 Regulation E","log":"|j|\u2606brwnrbw\n|j|\u2606SamuelWizard\n|t:|1700072105\n|gametype|doubles\n|player|p1|brwnrbw|dawn|1000\n|player|p2|SamuelWizard|169|1019\n|teamsize|p1|6\n|teamsize|p2|6\n|gen|9\n|tier|[Gen 9] VGC 2023 Regulation E\n|rated|\n|rule|Species Clause: Limit one of each Pok\u00e9mon\n|rule|Item Clause: Limit one of each item\n|clearpoke\n|poke|p1|Slaking, L50, M|\n|poke|p1|Weezing, L50, M|\n|poke|p1|Tornadus, L50, M|\n|poke|p1|Dragapult, L50, M|\n|poke|p1|Kingambit, L50, F|\n|poke|p1|Ogerpon-Hearthflame, L50, F|\n|poke|p2|Ogerpon, L50, F|\n|poke|p2|Chien-Pao, L50|\n|poke|p2|Iron Hands, L50|\n|poke|p2|Gholdengo, L50|\n|poke|p2|Iron Bundle, L50|\n|poke|p2|Gliscor, L50, M|\n|teampreview|4\nSamuelWizard has agreed to open team sheets.\n|inactive|Battle timer is ON: inactive players will automatically lose when time's up. (requested by brwnrbw)\n|\n|t:|1700072147\n|start\n|switch|p1a: Tornadus|Tornadus, L50, M|100\/100\n|switch|p1b: Ogerpon|Ogerpon-Hearthflame, L50, F|100\/100\n|switch|p2a: Iron Hands|Iron Hands, L50|100\/100\n|switch|p2b: Gliscor|Gliscor, L50, M|100\/100\n|-ability|p1b: Ogerpon|Mold Breaker\n|turn|1\n|\n|t:|1700072164\n|move|p1b: Ogerpon|Spiky Shield|p1b: Ogerpon\n|-singleturn|p1b: Ogerpon|move: Protect\n|move|p1a: Tornadus|Taunt|p2b: Gliscor\n|-start|p2b: Gliscor|move: Taunt\n|cant|p2b: Gliscor|move: Taunt|Tailwind\n|move|p2a: Iron Hands|Wild Charge|p1a: Tornadus\n|-supereffective|p1a: Tornadus\n|-damage|p1a: Tornadus|0 fnt\n|faint|p1a: Tornadus\n|-damage|p2a: Iron Hands|83\/100|[from] Recoil\n|\n|-status|p2b: Gliscor|tox|[from] item: Toxic Orb\n|upkeep\n|\n|t:|1700072173\n|switch|p1a: Weezing|Weezing, L50, M, shiny|100\/100\n|-ability|p1a: Weezing|Neutralizing Gas\n|turn|2\n|\n|t:|1700072197\n|-terastallize|p1a: Weezing|Dragon\n|move|p1b: Ogerpon|Focus Energy|p1b: Ogerpon\n|-start|p1b: Ogerpon|move: Focus Energy\n|move|p2b: Gliscor|Poison Jab|p1b: Ogerpon\n|-supereffective|p1b: Ogerpon\n|-damage|p1b: Ogerpon|52\/100\n|move|p1a: Weezing|Will-O-Wisp|p2a: Iron Hands\n|-status|p2a: Iron Hands|brn\n|move|p2a: Iron Hands|Drain Punch|p1b: Ogerpon\n|-damage|p1b: Ogerpon|30\/100\n|-heal|p2a: Iron Hands|91\/100 brn|[from] drain|[of] p1b: Ogerpon\n|\n|-damage|p2b: Gliscor|94\/100 tox|[from] psn\n|-damage|p2a: Iron Hands|84\/100 brn|[from] brn\n|upkeep\n|turn|3\n|c|\u2606SamuelWizard|PAUSE\n|inactive|SamuelWizard has 30 seconds left.\n|inactive|SamuelWizard has 20 seconds left.\n|inactive|SamuelWizard has 15 seconds left.\n|inactive|SamuelWizard has 10 seconds left.\n|inactive|SamuelWizard has 5 seconds left.\n|\n|t:|1700072249\n|move|p1b: Ogerpon|Spiky Shield|p1b: Ogerpon\n|-singleturn|p1b: Ogerpon|move: Protect\n|move|p2b: Gliscor|High Horsepower|p1a: Weezing\n|-damage|p1a: Weezing|68\/100\n|move|p1a: Weezing|Sludge Bomb|p2b: Gliscor\n|-resisted|p2b: Gliscor\n|-damage|p2b: Gliscor|74\/100 tox\n|move|p2a: Iron Hands|Heavy Slam|p1b: Ogerpon\n|-activate|p1b: Ogerpon|move: Protect\n|-damage|p2a: Iron Hands|72\/100 brn|[from] Spiky Shield|[of] p1b: Ogerpon\n|\n|-heal|p1a: Weezing|74\/100|[from] item: Leftovers\n|-damage|p2b: Gliscor|62\/100 tox|[from] psn\n|-damage|p2a: Iron Hands|66\/100 brn|[from] brn\n|-end|p2b: Gliscor|move: Taunt\n|upkeep\n|turn|4\n|inactive|SamuelWizard has 30 seconds left.\n|\n|t:|1700072279\n|-end|p2a: Iron Hands|Quark Drive|[silent]\n|switch|p2a: Chien-Pao|Chien-Pao, L50|100\/100\n|move|p1b: Ogerpon|Ivy Cudgel|p2b: Gliscor|[anim] Ivy Cudgel Fire\n|-crit|p2b: Gliscor\n|-damage|p2b: Gliscor|0 fnt\n|faint|p2b: Gliscor\n|move|p1a: Weezing|Sludge Bomb|p2a: Chien-Pao\n|-damage|p2a: Chien-Pao|60\/100\n|-status|p2a: Chien-Pao|psn\n|\n|-heal|p1a: Weezing|80\/100|[from] item: Leftovers\n|-damage|p2a: Chien-Pao|48\/100 psn|[from] psn\n|upkeep\n|\n|t:|1700072289\n|switch|p2b: Iron Bundle|Iron Bundle, L50|100\/100\n|-enditem|p2b: Iron Bundle|Booster Energy\n|-activate|p2b: Iron Bundle|ability: Quark Drive|[fromitem]\n|-start|p2b: Iron Bundle|quarkdrivespe\n|turn|5\n|\n|t:|1700072302\n|move|p2b: Iron Bundle|Freeze-Dry|p1b: Ogerpon\n|-damage|p1b: Ogerpon|0 fnt\n|faint|p1b: Ogerpon\n|move|p2a: Chien-Pao|Ice Spinner|p1a: Weezing\n|-supereffective|p1a: Weezing\n|-damage|p1a: Weezing|19\/100\n|move|p1a: Weezing|Sludge Bomb|p2a: Chien-Pao\n|-damage|p2a: Chien-Pao|0 fnt\n|faint|p2a: Chien-Pao\n|\n|-heal|p1a: Weezing|25\/100|[from] item: Leftovers\n|upkeep\n|c|\u2606SamuelWizard|Weezing is a fat fuck\n|\n|t:|1700072318\n|switch|p2a: Iron Hands|Iron Hands, L50|66\/100 brn\n|switch|p1b: Slaking|Slaking, L50, M, shiny|100\/100\n|turn|6\n|\n|t:|1700072341\n|-terastallize|p2b: Iron Bundle|Ghost\n|move|p1a: Weezing|Protect|p1a: Weezing\n|-singleturn|p1a: Weezing|Protect\n|move|p2b: Iron Bundle|Freeze-Dry|p1a: Weezing\n|-activate|p1a: Weezing|move: Protect\n|move|p1b: Slaking|High Horsepower|p2a: Iron Hands\n|-supereffective|p2a: Iron Hands\n|-damage|p2a: Iron Hands|16\/100 brn\n|move|p2a: Iron Hands|Drain Punch|p1b: Slaking\n|-supereffective|p1b: Slaking\n|-crit|p1b: Slaking\n|-damage|p1b: Slaking|58\/100\n|-heal|p2a: Iron Hands|36\/100 brn|[from] drain|[of] p1b: Slaking\n|\n|-heal|p1a: Weezing|30\/100|[from] item: Leftovers\n|-damage|p2a: Iron Hands|30\/100 brn|[from] brn\n|upkeep\n|turn|7\n|\n|t:|1700072362\n|move|p1a: Weezing|Protect|p1a: Weezing\n|-singleturn|p1a: Weezing|Protect\n|move|p2b: Iron Bundle|Freeze-Dry|p1a: Weezing\n|-activate|p1a: Weezing|move: Protect\n|move|p1b: Slaking|High Horsepower|p2a: Iron Hands\n|-supereffective|p2a: Iron Hands\n|-damage|p2a: Iron Hands|0 fnt\n|faint|p2a: Iron Hands\n|-end|p2a: Iron Hands|Quark Drive|[silent]\n|\n|-heal|p1a: Weezing|36\/100|[from] item: Leftovers\n|upkeep\n|turn|8\n|c|\u2606SamuelWizard|\ud83d\udc80\ud83d\udc80\ud83d\udc80\n|\n|t:|1700072378\n|move|p2b: Iron Bundle|Freeze-Dry|p1b: Slaking\n|-damage|p1b: Slaking|40\/100\n|move|p1b: Slaking|Heavy Slam|p2b: Iron Bundle\n|-damage|p2b: Iron Bundle|38\/100\n|move|p1a: Weezing|Sludge Bomb|p2b: Iron Bundle\n|-resisted|p2b: Iron Bundle\n|-crit|p2b: Iron Bundle\n|-damage|p2b: Iron Bundle|0 fnt\n|faint|p2b: Iron Bundle\n|-end|p2b: Iron Bundle|Quark Drive|[silent]\n|\n|win|brwnrbw\n|raw|brwnrbw's rating: 1000 &rarr; <strong>1042<\/strong><br \/>(+42 for winning)\n|raw|SamuelWizard's rating: 1019 &rarr; <strong>1005<\/strong><br \/>(-14 for losing)\n","uploadtime":1700072318,"views":7,"p1id":"brwnrbw","p2id":"samuelwizard","formatid":"gen9vgc2023regulatione","rating":1005,"private":0,"password":""}