{"id":"gen9vgc2023regulatione-1993880098","p1":"RawCharles","p2":"KimiTheWeeb","format":"[Gen 9] VGC 2023 Regulation E","log":"|j|\u2606RawCharles\n|j|\u2606KimiTheWeeb\n|t:|1700369249\n|gametype|doubles\n|player|p1|RawCharles|janitor|1336\n|player|p2|KimiTheWeeb|maid|1375\n|teamsize|p1|6\n|teamsize|p2|6\n|gen|9\n|tier|[Gen 9] VGC 2023 Regulation E\n|rated|\n|rule|Species Clause: Limit one of each Pok\u00e9mon\n|rule|Item Clause: Limit one of each item\n|clearpoke\n|poke|p1|Dondozo, L50, M|\n|poke|p1|Tatsugiri, L50, F|\n|poke|p1|Scream Tail, L50|\n|poke|p1|Flamigo, L50, F|\n|poke|p1|Flutter Mane, L50|\n|poke|p1|Chi-Yu, L50|\n|poke|p2|Landorus-Therian, L50, M|\n|poke|p2|Ogerpon, L50, F|\n|poke|p2|Iron Hands, L50|\n|poke|p2|Fezandipiti, L50, M|\n|poke|p2|Clefairy, L50, F|\n|poke|p2|Heatran, L50, F|\n|teampreview|4\n|inactive|Battle timer is ON: inactive players will automatically lose when time's up. (requested by RawCharles)\n|\n|t:|1700369276\n|start\n|switch|p1a: Tatsugiri|Tatsugiri, L50, F|100\/100\n|switch|p1b: Scream Tail|Scream Tail, L50|100\/100\n|switch|p2a: Clefairy|Clefairy, L50, F|100\/100\n|switch|p2b: Ogerpon|Ogerpon, L50, F|100\/100\n|turn|1\n|\n|t:|1700369288\n|move|p2a: Clefairy|Follow Me|p2a: Clefairy\n|-singleturn|p2a: Clefairy|move: Follow Me\n|move|p1b: Scream Tail|Perish Song|p1b: Scream Tail\n|-start|p1a: Tatsugiri|perish3|[silent]\n|-start|p1b: Scream Tail|perish3|[silent]\n|-start|p2a: Clefairy|perish3|[silent]\n|-start|p2b: Ogerpon|perish3|[silent]\n|-fieldactivate|move: Perish Song\n|move|p2b: Ogerpon|Swords Dance|p2b: Ogerpon\n|-boost|p2b: Ogerpon|atk|2\n|move|p1a: Tatsugiri|Taunt|p2a: Clefairy\n|-start|p2a: Clefairy|move: Taunt\n|\n|-start|p1b: Scream Tail|perish3\n|-start|p2b: Ogerpon|perish3\n|-start|p1a: Tatsugiri|perish3\n|-start|p2a: Clefairy|perish3\n|upkeep\n|turn|2\n|inactive|RawCharles has 30 seconds left.\n|inactive|RawCharles has 20 seconds left.\n|inactive|KimiTheWeeb has 30 seconds left.\n|inactive|RawCharles has 15 seconds left.\n|inactive|RawCharles has 10 seconds left.\n|\n|t:|1700369334\n|switch|p2a: Fezandipiti|Fezandipiti, L50, M|100\/100\n|move|p1a: Tatsugiri|Protect|p1a: Tatsugiri\n|-singleturn|p1a: Tatsugiri|Protect\n|move|p1b: Scream Tail|Dazzling Gleam|p2a: Fezandipiti|[spread] p2a,p2b\n|-resisted|p2a: Fezandipiti\n|-damage|p2a: Fezandipiti|94\/100\n|-damage|p2b: Ogerpon|84\/100\n|move|p2b: Ogerpon|Ivy Cudgel|p1b: Scream Tail\n|-damage|p1b: Scream Tail|26\/100\n|\n|-start|p1b: Scream Tail|perish2\n|-start|p2b: Ogerpon|perish2\n|-start|p1a: Tatsugiri|perish2\n|upkeep\n|turn|3\n|\n|t:|1700369358\n|switch|p2b: Iron Hands|Iron Hands, L50|100\/100\n|move|p1b: Scream Tail|Helping Hand|p1a: Tatsugiri\n|-singleturn|p1a: Tatsugiri|Helping Hand|[of] p1b: Scream Tail\n|move|p1a: Tatsugiri|Draco Meteor|p2b: Iron Hands\n|-damage|p2b: Iron Hands|52\/100\n|-unboost|p1a: Tatsugiri|spa|2\n|move|p2a: Fezandipiti|Tailwind|p2a: Fezandipiti\n|-sidestart|p2: KimiTheWeeb|move: Tailwind\n|\n|-start|p1b: Scream Tail|perish1\n|-start|p1a: Tatsugiri|perish1\n|upkeep\n|turn|4\n|\n|t:|1700369378\n|-end|p1b: Scream Tail|Protosynthesis|[silent]\n|switch|p1b: Dondozo|Dondozo, L50, M|100\/100\n|-activate|p1a: Tatsugiri|ability: Commander|[of] p1b: Dondozo\n|-boost|p1b: Dondozo|atk|2\n|-boost|p1b: Dondozo|spa|2\n|-boost|p1b: Dondozo|spe|2\n|-boost|p1b: Dondozo|def|2\n|-boost|p1b: Dondozo|spd|2\n|move|p2a: Fezandipiti|Icy Wind|p1b: Dondozo|[spread] p1b\n|-miss|p2a: Fezandipiti|p1a: Tatsugiri\n|-resisted|p1b: Dondozo\n|-damage|p1b: Dondozo|99\/100\n|-unboost|p1b: Dondozo|spe|1\n|-status|p1b: Dondozo|tox|[from] ability: Toxic Chain|[of] p2a: Fezandipiti\n|move|p2b: Iron Hands|Volt Switch|p1b: Dondozo\n|-supereffective|p1b: Dondozo\n|-damage|p1b: Dondozo|90\/100 tox\n|\n|t:|1700369395\n|-end|p2b: Iron Hands|Quark Drive|[silent]\n|switch|p2b: Ogerpon|Ogerpon, L50, F|84\/100|[from] Volt Switch\n|\n|-heal|p1b: Dondozo|96\/100 tox|[from] item: Leftovers\n|-damage|p1b: Dondozo|90\/100 tox|[from] psn\n|-start|p1a: Tatsugiri|perish0\n|faint|p1a: Tatsugiri\n|upkeep\n|\n|t:|1700369397\n|switch|p1a: Flamigo|Flamigo, L50, F|100\/100\n|-copyboost|p1a: Flamigo|p1b: Dondozo|[from] ability: Costar\n|turn|5\n|\n|t:|1700369419\n|move|p2b: Ogerpon|Spiky Shield|p2b: Ogerpon\n|-singleturn|p2b: Ogerpon|move: Protect\n|move|p1b: Dondozo|Protect|p1b: Dondozo\n|-singleturn|p1b: Dondozo|Protect\n|move|p2a: Fezandipiti|Icy Wind|p1a: Flamigo|[spread] p1a\n|-activate|p1b: Dondozo|move: Protect\n|-supereffective|p1a: Flamigo\n|-damage|p1a: Flamigo|84\/100\n|-unboost|p1a: Flamigo|spe|1\n|move|p1a: Flamigo|Brave Bird|p2b: Ogerpon\n|-activate|p2b: Ogerpon|move: Protect\n|-damage|p1a: Flamigo|72\/100|[from] Spiky Shield|[of] p2b: Ogerpon\n|\n|-heal|p1b: Dondozo|96\/100 tox|[from] item: Leftovers\n|-damage|p1b: Dondozo|83\/100 tox|[from] psn\n|upkeep\n|turn|6\n|\n|t:|1700369443\n|move|p2b: Ogerpon|Play Rough|p1a: Flamigo\n|-supereffective|p1a: Flamigo\n|-damage|p1a: Flamigo|29\/100\n|move|p2a: Fezandipiti|Icy Wind|p1a: Flamigo|[spread] p1a,p1b\n|-supereffective|p1a: Flamigo\n|-resisted|p1b: Dondozo\n|-damage|p1a: Flamigo|12\/100\n|-damage|p1b: Dondozo|82\/100 tox\n|-unboost|p1a: Flamigo|spe|1\n|-unboost|p1b: Dondozo|spe|1\n|move|p1a: Flamigo|Brave Bird|p2b: Ogerpon\n|-supereffective|p2b: Ogerpon\n|-damage|p2b: Ogerpon|0 fnt\n|faint|p2b: Ogerpon\n|-damage|p1a: Flamigo|0 fnt|[from] Recoil\n|faint|p1a: Flamigo\n|move|p1b: Dondozo|Liquidation|p2a: Fezandipiti\n|-damage|p2a: Fezandipiti|33\/100\n|\n|-heal|p1b: Dondozo|88\/100 tox|[from] item: Leftovers\n|-damage|p1b: Dondozo|69\/100 tox|[from] psn\n|-sideend|p2: KimiTheWeeb|move: Tailwind\n|upkeep\n|\n|t:|1700369466\n|switch|p2b: Iron Hands|Iron Hands, L50|52\/100\n|switch|p1a: Scream Tail|Scream Tail, L50|26\/100\n|turn|7\n|\n|t:|1700369482\n|-terastallize|p1b: Dondozo|Dragon\n|move|p1a: Scream Tail|Helping Hand|p1b: Dondozo\n|-singleturn|p1b: Dondozo|Helping Hand|[of] p1a: Scream Tail\n|move|p2a: Fezandipiti|Protect|p2a: Fezandipiti\n|-singleturn|p2a: Fezandipiti|Protect\n|move|p2b: Iron Hands|Fake Out|p1a: Scream Tail\n|-damage|p1a: Scream Tail|14\/100\n|-damage|p2b: Iron Hands|35\/100|[from] item: Rocky Helmet|[of] p1a: Scream Tail\n|move|p1b: Dondozo|Rock Slide|p2a: Fezandipiti|[spread] p2b\n|-activate|p2a: Fezandipiti|move: Protect\n|-resisted|p2b: Iron Hands\n|-damage|p2b: Iron Hands|23\/100\n|\n|-heal|p1b: Dondozo|76\/100 tox|[from] item: Leftovers\n|-damage|p1b: Dondozo|51\/100 tox|[from] psn\n|upkeep\n|turn|8\n|\n|t:|1700369504\n|-end|p2b: Iron Hands|Quark Drive|[silent]\n|switch|p2b: Clefairy|Clefairy, L50, F|100\/100\n|move|p1a: Scream Tail|Helping Hand|p1b: Dondozo\n|-singleturn|p1b: Dondozo|Helping Hand|[of] p1a: Scream Tail\n|move|p2a: Fezandipiti|Dazzling Gleam|p1a: Scream Tail|[spread] p1a,p1b\n|-supereffective|p1b: Dondozo\n|-damage|p1a: Scream Tail|0 fnt\n|-damage|p1b: Dondozo|36\/100 tox\n|faint|p1a: Scream Tail\n|-end|p1a: Scream Tail|Protosynthesis|[silent]\n|move|p1b: Dondozo|Rock Slide|p2b: Clefairy|[spread] p2a,p2b\n|-damage|p2a: Fezandipiti|6\/100\n|-damage|p2b: Clefairy|67\/100\n|\n|-heal|p1b: Dondozo|42\/100 tox|[from] item: Leftovers\n|-damage|p1b: Dondozo|11\/100 tox|[from] psn\n|upkeep\n|turn|9\n|-message|RawCharles forfeited.\n|\n|win|KimiTheWeeb\n|raw|RawCharles's rating: 1336 &rarr; <strong>1318<\/strong><br \/>(-18 for losing)\n|raw|KimiTheWeeb's rating: 1375 &rarr; <strong>1393<\/strong><br \/>(+18 for winning)\n|l|\u2606RawCharles\n","uploadtime":1700369536,"views":9,"p1id":"rawcharles","p2id":"kimitheweeb","formatid":"gen9vgc2023regulatione","rating":1318,"private":0,"password":""}