{"id":"gen9vgc2023regulatione-1989854599","p1":"loreleichichis","p2":"Jippt351","format":"[Gen 9] VGC 2023 Regulation E","log":"|j|\u2606loreleichichis\n|j|\u2606Jippt351\n|t:|1699901295\n|gametype|doubles\n|player|p1|loreleichichis|swimmerf|1079\n|player|p2|Jippt351|2|1132\n|teamsize|p1|6\n|teamsize|p2|6\n|gen|9\n|tier|[Gen 9] VGC 2023 Regulation E\n|rated|\n|rule|Species Clause: Limit one of each Pok\u00e9mon\n|rule|Item Clause: Limit one of each item\n|clearpoke\n|poke|p1|Gliscor, L50, F|\n|poke|p1|Ogerpon-Wellspring, L50, F|\n|poke|p1|Okidogi, L50, M|\n|poke|p1|Empoleon, L50, M|\n|poke|p1|Golem-Alola, L50, F|\n|poke|p1|Ting-Lu, L50|\n|poke|p2|Landorus-Therian, L50, M|\n|poke|p2|Flutter Mane, L50|\n|poke|p2|Weezing, L50, M|\n|poke|p2|Roaring Moon, L50|\n|poke|p2|Iron Hands, L50|\n|poke|p2|Ogerpon-Wellspring, L50, F|\n|teampreview|4\n|inactive|Battle timer is ON: inactive players will automatically lose when time's up. (requested by Jippt351)\nJippt351 has agreed to open team sheets.\n|inactive|loreleichichis has 60 seconds left.\n|\n|t:|1699901331\n|start\n|switch|p1a: Ting-Lu|Ting-Lu, L50|100\/100\n|switch|p1b: Gliscor|Gliscor, L50, F|100\/100\n|switch|p2a: Roaring Moon|Roaring Moon, L50|100\/100\n|switch|p2b: Iron Hands|Iron Hands, L50|100\/100\n|-ability|p1a: Ting-Lu|Vessel of Ruin\n|-enditem|p2a: Roaring Moon|Booster Energy\n|-activate|p2a: Roaring Moon|ability: Protosynthesis|[fromitem]\n|-start|p2a: Roaring Moon|protosynthesisspe\n|turn|1\n|l|\u2606Jippt351\n|inactive|Jippt351 disconnected and has a minute to reconnect!\n|player|p2|\n|j|\u2606Jippt351\n|inactive|Jippt351 reconnected and has 35 seconds left.\n|player|p2|Jippt351|2\n|inactive|loreleichichis has 30 seconds left.\n|inactive|Jippt351 has 30 seconds left.\n|\n|t:|1699901365\n|move|p1a: Ting-Lu|Protect|p1a: Ting-Lu\n|-singleturn|p1a: Ting-Lu|Protect\n|move|p2b: Iron Hands|Fake Out|p1a: Ting-Lu\n|-activate|p1a: Ting-Lu|move: Protect\n|move|p2a: Roaring Moon|Tailwind|p2a: Roaring Moon\n|-sidestart|p2: Jippt351|move: Tailwind\n|move|p1b: Gliscor|Earthquake|p2a: Roaring Moon|[spread] p2a,p2b\n|-activate|p1a: Ting-Lu|move: Protect\n|-supereffective|p2b: Iron Hands\n|-damage|p2a: Roaring Moon|56\/100\n|-damage|p2b: Iron Hands|60\/100\n|\n|-status|p1b: Gliscor|tox|[from] item: Toxic Orb\n|upkeep\n|turn|2\n|\n|t:|1699901390\n|move|p2a: Roaring Moon|Acrobatics|p1b: Gliscor\n|-damage|p1b: Gliscor|64\/100 tox\n|move|p1b: Gliscor|Ice Fang|p2a: Roaring Moon\n|-supereffective|p2a: Roaring Moon\n|-damage|p2a: Roaring Moon|12\/100\n|move|p2b: Iron Hands|Drain Punch|p1a: Ting-Lu\n|-supereffective|p1a: Ting-Lu\n|-damage|p1a: Ting-Lu|63\/100\n|-heal|p2b: Iron Hands|80\/100|[from] drain|[of] p1a: Ting-Lu\n|move|p1a: Ting-Lu|Substitute|p1a: Ting-Lu\n|-start|p1a: Ting-Lu|Substitute\n|-damage|p1a: Ting-Lu|38\/100\n|\n|-heal|p1a: Ting-Lu|44\/100|[from] item: Leftovers\n|-heal|p1b: Gliscor|76\/100 tox|[from] ability: Poison Heal\n|upkeep\n|turn|3\n|inactive|loreleichichis has 30 seconds left.\n|\n|t:|1699901422\n|move|p1a: Ting-Lu|Protect|p1a: Ting-Lu\n|-singleturn|p1a: Ting-Lu|Protect\n|move|p2a: Roaring Moon|Acrobatics|p1b: Gliscor\n|-damage|p1b: Gliscor|36\/100 tox\n|move|p1b: Gliscor|Rock Slide|p2a: Roaring Moon|[spread] p2a,p2b\n|-resisted|p2b: Iron Hands\n|-damage|p2a: Roaring Moon|0 fnt\n|-damage|p2b: Iron Hands|75\/100\n|faint|p2a: Roaring Moon\n|-end|p2a: Roaring Moon|Protosynthesis|[silent]\n|move|p2b: Iron Hands|Drain Punch|p1a: Ting-Lu\n|-activate|p1a: Ting-Lu|move: Protect\n|\n|-heal|p1a: Ting-Lu|50\/100|[from] item: Leftovers\n|-heal|p1b: Gliscor|48\/100 tox|[from] ability: Poison Heal\n|upkeep\n|\n|t:|1699901428\n|switch|p2a: Ogerpon|Ogerpon-Wellspring, L50, F|100\/100\n|turn|4\n|l|\u2606Jippt351\n|inactive|Jippt351 disconnected and has a minute to reconnect!\n|player|p2|\n|inactive|loreleichichis has 30 seconds left.\n|\n|t:|1699901457\n|move|p2a: Ogerpon|Ivy Cudgel|p1b: Gliscor\n|-supereffective|p1b: Gliscor\n|-damage|p1b: Gliscor|0 fnt\n|faint|p1b: Gliscor\n|move|p2b: Iron Hands|Drain Punch|p1a: Ting-Lu\n|-supereffective|p1a: Ting-Lu\n|-crit|p1a: Ting-Lu\n|-end|p1a: Ting-Lu|Substitute\n|-heal|p2b: Iron Hands|87\/100|[from] drain|[of] p1a: Ting-Lu\n|move|p1a: Ting-Lu|Ruination|p2a: Ogerpon\n|-damage|p2a: Ogerpon|50\/100\n|\n|-heal|p1a: Ting-Lu|56\/100|[from] item: Leftovers\n|-sideend|p2: Jippt351|move: Tailwind\n|upkeep\n|j|\u2606Jippt351\n|inactive|Jippt351 reconnected.\n|player|p2|Jippt351|2\n|\n|t:|1699901468\n|switch|p1b: Ogerpon|Ogerpon-Wellspring, L50, F|100\/100\n|turn|5\n|inactive|loreleichichis has 30 seconds left.\n|\n|t:|1699901495\n|move|p1b: Ogerpon|Encore|p2b: Iron Hands\n|-start|p2b: Iron Hands|Encore\n|move|p2a: Ogerpon|Ivy Cudgel|p1a: Ting-Lu\n|-supereffective|p1a: Ting-Lu\n|-damage|p1a: Ting-Lu|0 fnt\n|faint|p1a: Ting-Lu\n|move|p2b: Iron Hands|Drain Punch|p1b: Ogerpon\n|-damage|p1b: Ogerpon|52\/100\n|-heal|p2b: Iron Hands|100\/100|[from] drain|[of] p1b: Ogerpon\n|\n|upkeep\n|\n|t:|1699901503\n|switch|p1a: Empoleon|Empoleon, L50, M|100\/100\n|turn|6\n|\n|t:|1699901519\n|-terastallize|p1a: Empoleon|Flying\n|move|p1b: Ogerpon|Follow Me|p1b: Ogerpon\n|-singleturn|p1b: Ogerpon|move: Follow Me\n|move|p2a: Ogerpon|Horn Leech|p1b: Ogerpon\n|-damage|p1b: Ogerpon|7\/100\n|-heal|p2a: Ogerpon|74\/100|[from] drain|[of] p1b: Ogerpon\n|move|p2b: Iron Hands|Drain Punch|p1b: Ogerpon\n|-damage|p1b: Ogerpon|0 fnt\n|faint|p1b: Ogerpon\n|move|p1a: Empoleon|Air Slash|p2a: Ogerpon\n|-supereffective|p2a: Ogerpon\n|-damage|p2a: Ogerpon|3\/100\n|\n|upkeep\n|turn|7\n|\n|t:|1699901535\n|move|p2a: Ogerpon|Ivy Cudgel|p1a: Empoleon\n|-damage|p1a: Empoleon|45\/100\n|move|p2b: Iron Hands|Drain Punch|p1a: Empoleon\n|-resisted|p1a: Empoleon\n|-damage|p1a: Empoleon|22\/100\n|move|p1a: Empoleon|Icy Wind|p2b: Iron Hands|[spread] p2b\n|-miss|p1a: Empoleon|p2a: Ogerpon\n|-damage|p2b: Iron Hands|93\/100\n|-unboost|p2b: Iron Hands|spe|1\n|\n|-end|p2b: Iron Hands|Encore\n|upkeep\n|turn|8\n|l|\u2606Jippt351\n|inactive|Jippt351 disconnected and has a minute to reconnect!\n|player|p2|\n|j|\u2606Jippt351\n|inactive|Jippt351 reconnected and has 35 seconds left.\n|player|p2|Jippt351|2\n|inactive|Jippt351 has 30 seconds left.\n|\n|t:|1699901565\n|move|p2a: Ogerpon|Follow Me|p2a: Ogerpon\n|-singleturn|p2a: Ogerpon|move: Follow Me\n|move|p1a: Empoleon|Icy Wind|p2b: Iron Hands|[spread] p2a,p2b\n|-damage|p2a: Ogerpon|0 fnt\n|-damage|p2b: Iron Hands|85\/100\n|-unboost|p2b: Iron Hands|spe|1\n|faint|p2a: Ogerpon\n|move|p2b: Iron Hands|Wild Charge|p1a: Empoleon\n|-supereffective|p1a: Empoleon\n|-damage|p1a: Empoleon|0 fnt\n|faint|p1a: Empoleon\n|-damage|p2b: Iron Hands|81\/100|[from] Recoil\n|\n|win|Jippt351\n|raw|loreleichichis's rating: 1079 &rarr; <strong>1060<\/strong><br \/>(-19 for losing)\n|raw|Jippt351's rating: 1132 &rarr; <strong>1153<\/strong><br \/>(+21 for winning)\n","uploadtime":1699901576,"views":10,"p1id":"loreleichichis","p2id":"jippt351","formatid":"gen9vgc2023regulatione","rating":1060,"private":0,"password":""}