{"id":"gen9vgc2023regulatione-1987903953","p1":"dozo kid","p2":"Allilain","format":"[Gen 9] VGC 2023 Regulation E","log":"|j|\u2606dozo kid\n|j|\u2606Allilain\n|t:|1699647657\n|gametype|doubles\n|player|p1|dozo kid|raifort|1494\n|player|p2|Allilain|101|1417\n|teamsize|p1|6\n|teamsize|p2|6\n|gen|9\n|tier|[Gen 9] VGC 2023 Regulation E\n|rated|\n|rule|Species Clause: Limit one of each Pok\u00e9mon\n|rule|Item Clause: Limit one of each item\n|clearpoke\n|poke|p1|Dondozo, L50, F|\n|poke|p1|Tatsugiri, L50, M|\n|poke|p1|Scream Tail, L50|\n|poke|p1|Flutter Mane, L50|\n|poke|p1|Ogerpon, L50, F|\n|poke|p1|Iron Hands, L50|\n|poke|p2|Urshifu-*, L50, F|\n|poke|p2|Iron Hands, L50|\n|poke|p2|Sinistcha, L50|\n|poke|p2|Pelipper, L50, F|\n|poke|p2|Farigiraf, L50, F|\n|poke|p2|Iron Valiant, L50|\n|teampreview|4\n|inactive|Battle timer is ON: inactive players will automatically lose when time's up. (requested by dozo kid)\n|inactive|Allilain has 60 seconds left.\n|inactive|Allilain has 30 seconds left.\n|inactive|Allilain has 20 seconds left.\n|inactive|Allilain has 15 seconds left.\n|inactive|Allilain has 10 seconds left.\n|\n|t:|1699647742\n|start\n|switch|p1a: Scream Tail|Scream Tail, L50|100\/100\n|switch|p1b: Iron Hands|Iron Hands, L50|100\/100\n|switch|p2a: Iron Hands|Iron Hands, L50|100\/100\n|switch|p2b: Sinistcha|Sinistcha, L50, shiny|100\/100\n|-enditem|p1a: Scream Tail|Booster Energy\n|-activate|p1a: Scream Tail|ability: Protosynthesis|[fromitem]\n|-start|p1a: Scream Tail|protosynthesisspe\n|turn|1\n|inactive|Allilain has 30 seconds left.\n|\n|t:|1699647777\n|move|p1b: Iron Hands|Fake Out|p2a: Iron Hands\n|-damage|p2a: Iron Hands|90\/100\n|move|p1a: Scream Tail|Perish Song|p1a: Scream Tail\n|-start|p1a: Scream Tail|perish3|[silent]\n|-start|p1b: Iron Hands|perish3|[silent]\n|-start|p2a: Iron Hands|perish3|[silent]\n|-start|p2b: Sinistcha|perish3|[silent]\n|-fieldactivate|move: Perish Song\n|move|p2b: Sinistcha|Shadow Ball|p1a: Scream Tail\n|-supereffective|p1a: Scream Tail\n|-damage|p1a: Scream Tail|54\/100\n|cant|p2a: Iron Hands|flinch\n|\n|-start|p1a: Scream Tail|perish3\n|-start|p1b: Iron Hands|perish3\n|-start|p2b: Sinistcha|perish3\n|-start|p2a: Iron Hands|perish3\n|upkeep\n|turn|2\n|inactive|dozo kid has 30 seconds left.\n|inactive|Allilain has 30 seconds left.\n|inactive|dozo kid has 20 seconds left.\n|inactive|Allilain has 20 seconds left.\n|inactive|Allilain has 15 seconds left.\n|inactive|Allilain has 10 seconds left.\n|\n|t:|1699647824\n|-end|p1b: Iron Hands|Quark Drive|[silent]\n|switch|p1b: Tatsugiri|Tatsugiri, L50, M|100\/100\n|move|p1a: Scream Tail|Perish Song|p1a: Scream Tail\n|-start|p1b: Tatsugiri|perish3|[silent]\n|-fieldactivate|move: Perish Song\n|move|p2b: Sinistcha|Shadow Ball|p1a: Scream Tail\n|-supereffective|p1a: Scream Tail\n|-damage|p1a: Scream Tail|7\/100\n|move|p2a: Iron Hands|Wild Charge|p1a: Scream Tail\n|-damage|p1a: Scream Tail|0 fnt\n|faint|p1a: Scream Tail\n|-end|p1a: Scream Tail|Protosynthesis|[silent]\n|-damage|p2a: Iron Hands|89\/100|[from] Recoil\n|\n|-start|p1b: Tatsugiri|perish3\n|-start|p2b: Sinistcha|perish2\n|-start|p2a: Iron Hands|perish2\n|upkeep\n|\n|t:|1699647833\n|switch|p1a: Dondozo|Dondozo, L50, F|100\/100\n|-activate|p1b: Tatsugiri|ability: Commander|[of] p1a: Dondozo\n|-boost|p1a: Dondozo|atk|2\n|-boost|p1a: Dondozo|spa|2\n|-boost|p1a: Dondozo|spe|2\n|-boost|p1a: Dondozo|def|2\n|-boost|p1a: Dondozo|spd|2\n|turn|3\n|inactive|Allilain has 30 seconds left.\n|\n|t:|1699647859\n|-end|p2a: Iron Hands|Quark Drive|[silent]\n|switch|p2a: Pelipper|Pelipper, L50, F, shiny|100\/100\n|-weather|RainDance|[from] ability: Drizzle|[of] p2a: Pelipper\n|-terastallize|p1a: Dondozo|Dragon\n|move|p1a: Dondozo|Substitute|p1a: Dondozo\n|-start|p1a: Dondozo|Substitute\n|-damage|p1a: Dondozo|75\/100\n|move|p2b: Sinistcha|Trick Room|p2b: Sinistcha\n|-fieldstart|move: Trick Room|[of] p2b: Sinistcha\n|\n|-weather|RainDance|[upkeep]\n|-heal|p1a: Dondozo|82\/100|[from] item: Leftovers\n|-start|p2b: Sinistcha|perish1\n|-start|p1b: Tatsugiri|perish2\n|upkeep\n|turn|4\n|\n|t:|1699647879\n|move|p2b: Sinistcha|Shadow Ball|p1a: Dondozo\n|-activate|p1a: Dondozo|move: Substitute|[damage]\n|move|p2a: Pelipper|Hurricane|p1a: Dondozo\n|-end|p1a: Dondozo|Substitute\n|move|p1a: Dondozo|Order Up|p2b: Sinistcha\n|-damage|p2b: Sinistcha|49\/100\n|-enditem|p2b: Sinistcha|Sitrus Berry|[eat]\n|-heal|p2b: Sinistcha|74\/100|[from] item: Sitrus Berry\n|-boost|p1a: Dondozo|atk|1\n|\n|-weather|RainDance|[upkeep]\n|-heal|p1a: Dondozo|88\/100|[from] item: Leftovers\n|-start|p2b: Sinistcha|perish0\n|-start|p1b: Tatsugiri|perish1\n|faint|p2b: Sinistcha\n|upkeep\n|\n|t:|1699647903\n|switch|p2b: Iron Hands|Iron Hands, L50|89\/100\n|turn|5\n|\n|t:|1699647909\n|move|p1a: Dondozo|Protect|p1a: Dondozo\n|-singleturn|p1a: Dondozo|Protect\n|move|p2b: Iron Hands|Fake Out|p1a: Dondozo\n|-activate|p1a: Dondozo|move: Protect\n|move|p2a: Pelipper|Hurricane|p1a: Dondozo\n|-activate|p1a: Dondozo|move: Protect\n|\n|-weather|RainDance|[upkeep]\n|-heal|p1a: Dondozo|94\/100|[from] item: Leftovers\n|-start|p1b: Tatsugiri|perish0\n|faint|p1b: Tatsugiri\n|upkeep\n|\n|t:|1699647915\n|switch|p1b: Iron Hands|Iron Hands, L50|100\/100\n|turn|6\n|\n|t:|1699647932\n|-end|p2b: Iron Hands|Quark Drive|[silent]\n|switch|p2b: Urshifu|Urshifu-Rapid-Strike, L50, F|100\/100\n|move|p2a: Pelipper|Protect|p2a: Pelipper\n|-singleturn|p2a: Pelipper|Protect\n|move|p1b: Iron Hands|Wild Charge|p2a: Pelipper\n|-activate|p2a: Pelipper|move: Protect\n|move|p1a: Dondozo|Order Up|p2b: Urshifu\n|-damage|p2b: Urshifu|25\/100\n|-boost|p1a: Dondozo|atk|1\n|\n|-weather|RainDance|[upkeep]\n|-heal|p1a: Dondozo|99\/100|[from] item: Leftovers\n|upkeep\n|turn|7\n|-message|Allilain forfeited.\n|\n|win|dozo kid\n|raw|dozo kid's rating: 1494 &rarr; <strong>1510<\/strong><br \/>(+16 for winning)\n|raw|Allilain's rating: 1417 &rarr; <strong>1401<\/strong><br \/>(-16 for losing)\n|l|\u2606Allilain\n","uploadtime":1699647953,"views":21,"p1id":"dozokid","p2id":"allilain","formatid":"gen9vgc2023regulatione","rating":1401,"private":0,"password":""}