{"id":"gen9vgc2023regulatione-1996718367","p1":"RIKASLOVER","p2":"bobbadger82","format":"[Gen 9] VGC 2023 Regulation E","log":"|j|\u2606RIKASLOVER\n|j|\u2606bobbadger82\n|t:|1700713976\n|gametype|doubles\n|player|p1|RIKASLOVER|cynthia-masters|1155\n|player|p2|bobbadger82|2|1190\n|teamsize|p1|6\n|teamsize|p2|6\n|gen|9\n|tier|[Gen 9] VGC 2023 Regulation E\n|rated|\n|rule|Species Clause: Limit one of each Pok\u00e9mon\n|rule|Item Clause: Limit one of each item\n|clearpoke\n|poke|p1|Tornadus, L50, M|\n|poke|p1|Arcanine-Hisui, L50, M|\n|poke|p1|Iron Hands, L50|\n|poke|p1|Amoonguss, L50, M|\n|poke|p1|Urshifu-*, L50, F|\n|poke|p1|Ogerpon-Wellspring, L50, F|\n|poke|p2|Baxcalibur, L50, M|\n|poke|p2|Dragapult, L50, F|\n|poke|p2|Goodra-Hisui, L50, F|\n|poke|p2|Hydreigon, L50, F|\n|poke|p2|Noivern, L50, F|\n|poke|p2|Kommo-o, L50, F|\n|teampreview|4\n|inactive|Battle timer is ON: inactive players will automatically lose when time's up. (requested by RIKASLOVER)\n|\n|t:|1700714006\n|start\n|switch|p1a: Arcanine|Arcanine-Hisui, L50, M|100\/100\n|switch|p1b: Iron Hands|Iron Hands, L50|100\/100\n|switch|p2a: Noivern|Noivern, L50, F|100\/100\n|switch|p2b: Dragapult|Dragapult, L50, F|100\/100\n|-item|p1a: Arcanine|Choice Band|[from] ability: Frisk|[of] p2a: Noivern|[identify]\n|-item|p1b: Iron Hands|Assault Vest|[from] ability: Frisk|[of] p2a: Noivern|[identify]\n|-ability|p1a: Arcanine|Intimidate|boost\n|-unboost|p2a: Noivern|atk|1\n|-unboost|p2b: Dragapult|atk|1\n|turn|1\n|\n|t:|1700714023\n|move|p1b: Iron Hands|Fake Out|p2a: Noivern\n|-damage|p2a: Noivern|83\/100\n|cant|p2a: Noivern|flinch\n|move|p2b: Dragapult|Reflect|p2b: Dragapult\n|-sidestart|p2: bobbadger82|Reflect\n|move|p1a: Arcanine|Rock Slide|p2b: Dragapult|[spread] p2a,p2b\n|-supereffective|p2a: Noivern\n|-damage|p2a: Noivern|20\/100\n|-damage|p2b: Dragapult|72\/100\n|\n|upkeep\n|turn|2\n|\n|t:|1700714036\n|move|p2a: Noivern|Tailwind|p2a: Noivern\n|-sidestart|p2: bobbadger82|move: Tailwind\n|move|p2b: Dragapult|Will-O-Wisp|p1b: Iron Hands\n|-status|p1b: Iron Hands|brn\n|move|p1a: Arcanine|Rock Slide|p2b: Dragapult|[spread] p2a,p2b\n|-supereffective|p2a: Noivern\n|-damage|p2a: Noivern|0 fnt\n|-damage|p2b: Dragapult|40\/100\n|faint|p2a: Noivern\n|move|p1b: Iron Hands|Heavy Slam|p2b: Dragapult\n|-damage|p2b: Dragapult|24\/100\n|\n|-damage|p1b: Iron Hands|95\/100 brn|[from] brn\n|upkeep\n|\n|t:|1700714049\n|switch|p2a: Hydreigon|Hydreigon, L50, F|100\/100\n|turn|3\n|\n|t:|1700714056\n|-terastallize|p2a: Hydreigon|Electric\n|move|p2b: Dragapult|Phantom Force||[still]\n|-prepare|p2b: Dragapult|Phantom Force\n|move|p2a: Hydreigon|Earth Power|p1a: Arcanine\n|-supereffective|p1a: Arcanine\n|-damage|p1a: Arcanine|0 fnt\n|faint|p1a: Arcanine\n|move|p1b: Iron Hands|Drain Punch|p2a: Hydreigon\n|-damage|p2a: Hydreigon|86\/100\n|-heal|p1b: Iron Hands|99\/100 brn|[from] drain|[of] p2a: Hydreigon\n|\n|-damage|p1b: Iron Hands|94\/100 brn|[from] brn\n|upkeep\n|\n|t:|1700714066\n|switch|p1a: Amoonguss|Amoonguss, L50, M|100\/100\n|turn|4\n|\n|t:|1700714077\n|move|p2b: Dragapult|Phantom Force|p1b: Iron Hands|[from]lockedmove\n|-damage|p1b: Iron Hands|78\/100 brn\n|move|p2a: Hydreigon|Heat Wave|p1b: Iron Hands|[spread] p1a,p1b\n|-supereffective|p1a: Amoonguss\n|-crit|p1a: Amoonguss\n|-damage|p1a: Amoonguss|33\/100\n|-damage|p1b: Iron Hands|64\/100 brn\n|-enditem|p1a: Amoonguss|Sitrus Berry|[eat]\n|-heal|p1a: Amoonguss|58\/100|[from] item: Sitrus Berry\n|move|p1b: Iron Hands|Heavy Slam|p2b: Dragapult\n|-damage|p2b: Dragapult|9\/100\n|move|p1a: Amoonguss|Spore|p2a: Hydreigon\n|-status|p2a: Hydreigon|slp|[from] move: Spore\n|\n|-damage|p1b: Iron Hands|58\/100 brn|[from] brn\n|upkeep\n|turn|5\n|\n|t:|1700714099\n|move|p2b: Dragapult|Phantom Force||[still]\n|-prepare|p2b: Dragapult|Phantom Force\n|cant|p2a: Hydreigon|slp\n|move|p1b: Iron Hands|Drain Punch|p2a: Hydreigon\n|-damage|p2a: Hydreigon|70\/100 slp\n|-heal|p1b: Iron Hands|64\/100 brn|[from] drain|[of] p2a: Hydreigon\n|move|p1a: Amoonguss|Pollen Puff|p1b: Iron Hands\n|-heal|p1b: Iron Hands|100\/100 brn\n|\n|-damage|p1b: Iron Hands|95\/100 brn|[from] brn\n|-sideend|p2: bobbadger82|move: Tailwind\n|upkeep\n|turn|6\n|\n|t:|1700714119\n|move|p2b: Dragapult|Phantom Force|p1a: Amoonguss|[from]lockedmove\n|-damage|p1a: Amoonguss|40\/100\n|cant|p2a: Hydreigon|slp\n|move|p1b: Iron Hands|Wild Charge|p2b: Dragapult\n|-resisted|p2b: Dragapult\n|-damage|p2b: Dragapult|0 fnt\n|faint|p2b: Dragapult\n|-damage|p1b: Iron Hands|93\/100 brn|[from] Recoil\n|move|p1a: Amoonguss|Pollen Puff|p2a: Hydreigon\n|-damage|p2a: Hydreigon|54\/100 slp\n|\n|-damage|p1b: Iron Hands|87\/100 brn|[from] brn\n|upkeep\n|\n|t:|1700714132\n|switch|p2b: Baxcalibur|Baxcalibur, L50, M|100\/100\n|turn|7\n|\n|t:|1700714141\n|switch|p1a: Urshifu|Urshifu, L50, F|100\/100\n|-curestatus|p2a: Hydreigon|slp|[msg]\n|move|p2a: Hydreigon|Heat Wave|p1a: Urshifu|[spread] p1a,p1b\n|-damage|p1a: Urshifu|61\/100\n|-damage|p1b: Iron Hands|74\/100 brn\n|move|p2b: Baxcalibur|High Horsepower|p1b: Iron Hands\n|-supereffective|p1b: Iron Hands\n|-damage|p1b: Iron Hands|25\/100 brn\n|move|p1b: Iron Hands|Drain Punch|p2b: Baxcalibur\n|-supereffective|p2b: Baxcalibur\n|-damage|p2b: Baxcalibur|76\/100\n|-heal|p1b: Iron Hands|36\/100 brn|[from] drain|[of] p2b: Baxcalibur\n|\n|-damage|p1b: Iron Hands|30\/100 brn|[from] brn\n|upkeep\n|turn|8\n|inactive|bobbadger82 has 30 seconds left.\n|\n|t:|1700714168\n|-end|p1b: Iron Hands|Quark Drive|[silent]\n|switch|p1b: Amoonguss|Amoonguss, L50, M|73\/100\n|move|p1a: Urshifu|Detect|p1a: Urshifu\n|-singleturn|p1a: Urshifu|Protect\n|move|p2a: Hydreigon|Tera Blast|p1a: Urshifu|[anim] Tera Blast Electric\n|-activate|p1a: Urshifu|move: Protect\n|move|p2b: Baxcalibur|High Horsepower|p1b: Amoonguss\n|-damage|p1b: Amoonguss|41\/100\n|\n|-sideend|p2: bobbadger82|Reflect\n|upkeep\n|turn|9\n|\n|t:|1700714186\n|move|p2b: Baxcalibur|Ice Shard|p1b: Amoonguss\n|-supereffective|p1b: Amoonguss\n|-damage|p1b: Amoonguss|0 fnt\n|faint|p1b: Amoonguss\n|move|p1a: Urshifu|Close Combat|p2b: Baxcalibur\n|-supereffective|p2b: Baxcalibur\n|-damage|p2b: Baxcalibur|0 fnt\n|-unboost|p1a: Urshifu|def|1\n|-unboost|p1a: Urshifu|spd|1\n|faint|p2b: Baxcalibur\n|move|p2a: Hydreigon|Heat Wave|p1a: Urshifu|[miss]\n|-miss|p2a: Hydreigon|p1a: Urshifu\n|\n|upkeep\n|\n|t:|1700714192\n|switch|p1b: Iron Hands|Iron Hands, L50|30\/100 brn\n|turn|10\n|\n|t:|1700714203\n|move|p1b: Iron Hands|Fake Out|p2a: Hydreigon\n|-damage|p2a: Hydreigon|45\/100\n|move|p1a: Urshifu|Wicked Blow|p2a: Hydreigon\n|-crit|p2a: Hydreigon\n|-damage|p2a: Hydreigon|0 fnt\n|faint|p2a: Hydreigon\n|\n|win|RIKASLOVER\n|raw|RIKASLOVER's rating: 1155 &rarr; <strong>1183<\/strong><br \/>(+28 for winning)\n|raw|bobbadger82's rating: 1190 &rarr; <strong>1162<\/strong><br \/>(-28 for losing)\n|l|\u2606bobbadger82\n","uploadtime":1700714229,"views":6,"p1id":"rikaslover","p2id":"bobbadger82","formatid":"gen9vgc2023regulatione","rating":1162,"private":0,"password":""}