{"id":"gen9vgc2023regulatione-1990437213","p1":"Golden Spam","p2":"ClubSandwichBread","format":"[Gen 9] VGC 2023 Regulation E","log":"|j|\u2606Golden Spam\n|j|\u2606ClubSandwichBread\n|t:|1699970887\n|gametype|doubles\n|player|p1|Golden Spam|kimonogirl|1396\n|player|p2|ClubSandwichBread|swimmer-gen4dp|1346\n|teamsize|p1|6\n|teamsize|p2|6\n|gen|9\n|tier|[Gen 9] VGC 2023 Regulation E\n|rated|\n|rule|Species Clause: Limit one of each Pok\u00e9mon\n|rule|Item Clause: Limit one of each item\n|clearpoke\n|poke|p1|Tyranitar, L50, M|\n|poke|p1|Ogerpon-Cornerstone, L50, F|\n|poke|p1|Salamence, L50, M|\n|poke|p1|Arcanine-Hisui, L50, M|\n|poke|p1|Rillaboom, L50, M|\n|poke|p1|Amoonguss, L50, M|\n|poke|p2|Amoonguss, L50, F|\n|poke|p2|Roaring Moon, L50|\n|poke|p2|Tornadus, L50, M|\n|poke|p2|Urshifu-*, L50, M|\n|poke|p2|Arcanine-Hisui, L50, M|\n|poke|p2|Tinkaton, L50, F|\n|teampreview|4\n|inactive|Battle timer is ON: inactive players will automatically lose when time's up. (requested by ClubSandwichBread)\nClubSandwichBread has agreed to open team sheets.\n|inactive|Golden Spam has 60 seconds left.\n|\n|t:|1699970925\n|start\n|switch|p1a: Rillaboom|Rillaboom, L50, M|100\/100\n|switch|p1b: Ogerpon|Ogerpon-Cornerstone, L50, F|100\/100\n|switch|p2a: Tornadus|Tornadus, L50, M|100\/100\n|switch|p2b: Arcanine|Arcanine-Hisui, L50, M|100\/100\n|-ability|p2b: Arcanine|Intimidate|boost\n|-unboost|p1a: Rillaboom|atk|1\n|-unboost|p1b: Ogerpon|atk|1\n|-fieldstart|move: Grassy Terrain|[from] ability: Grassy Surge|[of] p1a: Rillaboom\n|turn|1\n|inactive|Golden Spam has 30 seconds left.\n|inactive|ClubSandwichBread has 30 seconds left.\n|\n|t:|1699970957\n|move|p1a: Rillaboom|Fake Out|p2b: Arcanine\n|-resisted|p2b: Arcanine\n|-damage|p2b: Arcanine|94\/100\n|cant|p2b: Arcanine|flinch\n|move|p2a: Tornadus|Tailwind|p2a: Tornadus\n|-sidestart|p2: ClubSandwichBread|move: Tailwind\n|move|p1b: Ogerpon|Stomping Tantrum|p2b: Arcanine\n|-supereffective|p2b: Arcanine\n|-damage|p2b: Arcanine|5\/100\n|\n|-heal|p2b: Arcanine|11\/100|[from] Grassy Terrain\n|upkeep\n|turn|2\n|\n|t:|1699970980\n|switch|p1a: Arcanine|Arcanine-Hisui, L50, M|100\/100\n|-ability|p1a: Arcanine|Intimidate|boost\n|-unboost|p2a: Tornadus|atk|1\n|-unboost|p2b: Arcanine|atk|1\n|move|p2b: Arcanine|Extreme Speed|p1b: Ogerpon\n|-resisted|p1b: Ogerpon\n|-damage|p1b: Ogerpon|82\/100\n|move|p2a: Tornadus|Rain Dance|p2a: Tornadus\n|-weather|RainDance\n|move|p1b: Ogerpon|Grassy Glide|p2b: Arcanine\n|-damage|p2b: Arcanine|0 fnt\n|faint|p2b: Arcanine\n|\n|-weather|RainDance|[upkeep]\n|-heal|p1b: Ogerpon|88\/100|[from] Grassy Terrain\n|upkeep\n|\n|t:|1699970994\n|switch|p2b: Urshifu|Urshifu-Rapid-Strike, L50, M|100\/100\n|turn|3\n|inactive|Golden Spam has 30 seconds left.\n|\n|t:|1699971027\n|-terastallize|p2b: Urshifu|Water\n|move|p1a: Arcanine|Extreme Speed|p2b: Urshifu\n|-damage|p2b: Urshifu|56\/100\n|move|p1b: Ogerpon|Grassy Glide|p2b: Urshifu\n|-supereffective|p2b: Urshifu\n|-damage|p2b: Urshifu|0 fnt\n|faint|p2b: Urshifu\n|move|p2a: Tornadus|Bleakwind Storm|p1b: Ogerpon|[spread] p1a,p1b\n|-resisted|p1a: Arcanine\n|-damage|p1a: Arcanine|82\/100\n|-damage|p1b: Ogerpon|47\/100\n|-unboost|p1a: Arcanine|spe|1\n|-unboost|p1b: Ogerpon|spe|1\n|\n|-weather|RainDance|[upkeep]\n|-heal|p1b: Ogerpon|53\/100|[from] Grassy Terrain\n|-heal|p1a: Arcanine|88\/100|[from] Grassy Terrain\n|upkeep\n|\n|t:|1699971042\n|switch|p2b: Roaring Moon|Roaring Moon, L50|100\/100\n|-enditem|p2b: Roaring Moon|Booster Energy\n|-activate|p2b: Roaring Moon|ability: Protosynthesis|[fromitem]\n|-start|p2b: Roaring Moon|protosynthesisatk\n|turn|4\n|inactive|Golden Spam has 30 seconds left.\n|inactive|Golden Spam has 20 seconds left.\n|inactive|Golden Spam has 15 seconds left.\n|\n|t:|1699971083\n|switch|p1b: Salamence|Salamence, L50, M|100\/100\n|-ability|p1b: Salamence|Intimidate|boost\n|-unboost|p2a: Tornadus|atk|1\n|-unboost|p2b: Roaring Moon|atk|1\n|-terastallize|p1a: Arcanine|Normal\n|move|p1a: Arcanine|Extreme Speed|p2a: Tornadus\n|-damage|p2a: Tornadus|28\/100\n|move|p2a: Tornadus|Bleakwind Storm|p1b: Salamence|[spread] p1a,p1b\n|-damage|p1a: Arcanine|49\/100\n|-damage|p1b: Salamence|63\/100\n|move|p2b: Roaring Moon|Knock Off|p1a: Arcanine\n|-damage|p1a: Arcanine|0 fnt\n|-enditem|p1a: Arcanine|Choice Band|[from] move: Knock Off|[of] p2b: Roaring Moon\n|faint|p1a: Arcanine\n|\n|-weather|RainDance|[upkeep]\n|-sideend|p2: ClubSandwichBread|move: Tailwind\n|upkeep\n|inactive|Golden Spam has 30 seconds left.\n|\n|t:|1699971110\n|switch|p1a: Rillaboom|Rillaboom, L50, M|100\/100\n|turn|5\n|\n|t:|1699971126\n|move|p2b: Roaring Moon|Protect|p2b: Roaring Moon\n|-singleturn|p2b: Roaring Moon|Protect\n|move|p1a: Rillaboom|Fake Out|p2b: Roaring Moon\n|-activate|p2b: Roaring Moon|move: Protect\n|move|p1b: Salamence|Draco Meteor|p2b: Roaring Moon\n|-activate|p2b: Roaring Moon|move: Protect\n|move|p2a: Tornadus|Bleakwind Storm|p1b: Salamence|[spread] p1a,p1b\n|-supereffective|p1a: Rillaboom\n|-damage|p1a: Rillaboom|29\/100\n|-damage|p1b: Salamence|24\/100\n|\n|-weather|RainDance|[upkeep]\n|-heal|p1a: Rillaboom|35\/100|[from] Grassy Terrain\n|-fieldend|move: Grassy Terrain\n|upkeep\n|turn|6\n|\n|t:|1699971147\n|move|p2a: Tornadus|Tailwind|p2a: Tornadus\n|-sidestart|p2: ClubSandwichBread|move: Tailwind\n|move|p2b: Roaring Moon|Knock Off|p1b: Salamence\n|-damage|p1b: Salamence|0 fnt\n|-enditem|p1b: Salamence|Choice Scarf|[from] move: Knock Off|[of] p2b: Roaring Moon\n|faint|p1b: Salamence\n|move|p1a: Rillaboom|Wood Hammer|p2a: Tornadus\n|-resisted|p2a: Tornadus\n|-damage|p2a: Tornadus|0 fnt\n|faint|p2a: Tornadus\n|-damage|p1a: Rillaboom|27\/100|[from] Recoil\n|\n|-weather|none\n|upkeep\n|\n|t:|1699971160\n|switch|p1b: Ogerpon|Ogerpon-Cornerstone, L50, F|53\/100\n|turn|7\n|\n|t:|1699971174\n|move|p2b: Roaring Moon|Protect|p2b: Roaring Moon\n|-singleturn|p2b: Roaring Moon|Protect\n|move|p1b: Ogerpon|Ivy Cudgel|p2b: Roaring Moon|[anim] Ivy Cudgel Rock\n|-activate|p2b: Roaring Moon|move: Protect\n|move|p1a: Rillaboom|Wood Hammer|p2b: Roaring Moon\n|-activate|p2b: Roaring Moon|move: Protect\n|\n|upkeep\n|turn|8\n|\n|t:|1699971191\n|move|p2b: Roaring Moon|Knock Off|p1b: Ogerpon\n|-damage|p1b: Ogerpon|11\/100\n|move|p1b: Ogerpon|Ivy Cudgel|p2b: Roaring Moon|[anim] Ivy Cudgel Rock\n|-damage|p2b: Roaring Moon|40\/100\n|move|p1a: Rillaboom|Wood Hammer|p2b: Roaring Moon\n|-resisted|p2b: Roaring Moon\n|-damage|p2b: Roaring Moon|2\/100\n|-damage|p1a: Rillaboom|15\/100|[from] Recoil\n|\n|upkeep\n|turn|9\n|\n|t:|1699971208\n|move|p2b: Roaring Moon|Knock Off|p1b: Ogerpon\n|-damage|p1b: Ogerpon|0 fnt\n|faint|p1b: Ogerpon\n|move|p1a: Rillaboom|Wood Hammer|p2b: Roaring Moon\n|-resisted|p2b: Roaring Moon\n|-damage|p2b: Roaring Moon|0 fnt\n|faint|p2b: Roaring Moon\n|-end|p2b: Roaring Moon|Protosynthesis|[silent]\n|-damage|p1a: Rillaboom|14\/100|[from] Recoil\n|\n|win|Golden Spam\n|raw|Golden Spam's rating: 1396 &rarr; <strong>1413<\/strong><br \/>(+17 for winning)\n|raw|ClubSandwichBread's rating: 1346 &rarr; <strong>1329<\/strong><br \/>(-17 for losing)\n","uploadtime":1699971213,"views":9,"p1id":"goldenspam","p2id":"clubsandwichbread","formatid":"gen9vgc2023regulatione","rating":1329,"private":0,"password":""}