{"id":"gen9vgc2023regulatione-1997650362","p1":"mikn233","p2":"keltxu","format":"[Gen 9] VGC 2023 Regulation E","log":"|j|\u2606mikn233\n|j|\u2606keltxu\n|t:|1700837572\n|gametype|doubles\n|player|p1|mikn233|roxie|1314\n|player|p2|keltxu|265|1314\n|teamsize|p1|6\n|teamsize|p2|6\n|gen|9\n|tier|[Gen 9] VGC 2023 Regulation E\n|rated|\n|rule|Species Clause: Limit one of each Pok\u00e9mon\n|rule|Item Clause: Limit one of each item\n|clearpoke\n|poke|p1|Rabsca, L50, F|\n|poke|p1|Regieleki, L50|\n|poke|p1|Golem-Alola, L50, M|\n|poke|p1|Iron Hands, L50|\n|poke|p1|Weezing-Galar, L50, F|\n|poke|p1|Ursaluna-Bloodmoon, L50, M|\n|poke|p2|Iron Bundle, L50|\n|poke|p2|Ninetales-Alola, L50, F|\n|poke|p2|Baxcalibur, L50, F|\n|poke|p2|Chien-Pao, L50|\n|poke|p2|Froslass, L50, F|\n|poke|p2|Glastrier, L50|\n|teampreview|4\n|inactive|Battle timer is ON: inactive players will automatically lose when time's up. (requested by keltxu)\n|inactive|mikn233 has 60 seconds left.\n|inactive|keltxu has 60 seconds left.\n|\n|t:|1700837618\n|start\n|switch|p1a: Rabsca|Rabsca, L50, F|100\/100\n|switch|p1b: Regieleki|Regieleki, L50|100\/100\n|switch|p2a: Froslass|Froslass, L50, F|100\/100\n|switch|p2b: Ninetales|Ninetales-Alola, L50, F|100\/100\n|-weather|Snow|[from] ability: Snow Warning|[of] p2b: Ninetales\n|turn|1\n|\n|t:|1700837633\n|move|p1b: Regieleki|Explosion|p2b: Ninetales|[spread] p2b\n|-activate|p1a: Rabsca|ability: Telepathy\n|-immune|p2a: Froslass\n|-damage|p2b: Ninetales|30\/100\n|faint|p1b: Regieleki\n|move|p2a: Froslass|Taunt|p1a: Rabsca\n|-start|p1a: Rabsca|move: Taunt\n|move|p2b: Ninetales|Aurora Veil|p2b: Ninetales\n|-sidestart|p2: keltxu|move: Aurora Veil\n|cant|p1a: Rabsca|move: Taunt|Trick Room\n|\n|-weather|Snow|[upkeep]\n|upkeep\n|\n|t:|1700837640\n|switch|p1b: Iron Hands|Iron Hands, L50|100\/100\n|turn|2\n|\n|t:|1700837659\n|switch|p1a: Ursaluna|Ursaluna-Bloodmoon, L50, M|100\/100\n|move|p2a: Froslass|Will-O-Wisp|p1b: Iron Hands\n|-status|p1b: Iron Hands|brn\n|move|p2b: Ninetales|Charm|p1b: Iron Hands\n|-unboost|p1b: Iron Hands|atk|2\n|move|p1b: Iron Hands|Heavy Slam|p2a: Froslass\n|-supereffective|p2a: Froslass\n|-damage|p2a: Froslass|85\/100\n|\n|-weather|Snow|[upkeep]\n|-damage|p1b: Iron Hands|94\/100 brn|[from] brn\n|upkeep\n|turn|3\n|\n|t:|1700837684\n|-end|p1b: Iron Hands|Quark Drive|[silent]\n|switch|p1b: Rabsca|Rabsca, L50, F|100\/100\n|move|p2a: Froslass|Disable||[still]\n|-fail|p2a: Froslass\n|move|p2b: Ninetales|Icy Wind|p1a: Ursaluna|[spread] p1a,p1b\n|-supereffective|p1a: Ursaluna\n|-crit|p1b: Rabsca\n|-damage|p1a: Ursaluna|75\/100\n|-damage|p1b: Rabsca|82\/100\n|-unboost|p1a: Ursaluna|spe|1\n|move|p1a: Ursaluna|Blood Moon|p2a: Froslass\n|-damage|p2a: Froslass|0 fnt\n|faint|p2a: Froslass\n|\n|-weather|Snow|[upkeep]\n|upkeep\n|\n|t:|1700837699\n|switch|p2a: Baxcalibur|Baxcalibur, L50, F|100\/100\n|turn|4\n|inactive|mikn233 has 30 seconds left.\n|\n|t:|1700837726\n|-terastallize|p1a: Ursaluna|Normal\n|move|p2b: Ninetales|Moonblast|p1b: Rabsca\n|-damage|p1b: Rabsca|58\/100\n|move|p2a: Baxcalibur|Iron Head|p1b: Rabsca\n|-damage|p1b: Rabsca|31\/100\n|move|p1a: Ursaluna|Hyper Voice|p2a: Baxcalibur|[spread] p2a,p2b\n|-damage|p2a: Baxcalibur|58\/100\n|-damage|p2b: Ninetales|0 fnt\n|faint|p2b: Ninetales\n|move|p1b: Rabsca|Trick Room|p1b: Rabsca\n|-fieldstart|move: Trick Room|[of] p1b: Rabsca\n|\n|-weather|Snow|[upkeep]\n|upkeep\n|\n|t:|1700837739\n|switch|p2b: Glastrier|Glastrier, L50|100\/100\n|turn|5\n|\n|t:|1700837765\n|move|p1a: Ursaluna|Blood Moon|p2b: Glastrier\n|-damage|p2b: Glastrier|50\/100\n|move|p2b: Glastrier|Body Press|p1a: Ursaluna\n|-supereffective|p1a: Ursaluna\n|-damage|p1a: Ursaluna|37\/100\n|move|p1b: Rabsca|Revival Blessing|p1b: Rabsca\n|\n|t:|1700837775\n|-heal|p1: Regieleki|50\/100|[from] move: Revival Blessing\n|move|p2a: Baxcalibur|High Horsepower|p1b: Rabsca\n|-resisted|p1b: Rabsca\n|-damage|p1b: Rabsca|16\/100\n|\n|-weather|none\n|-sideend|p2: keltxu|move: Aurora Veil\n|upkeep\n|turn|6\n|\n|t:|1700837795\n|move|p1a: Ursaluna|Hyper Voice|p2b: Glastrier|[spread] p2a,p2b\n|-damage|p2a: Baxcalibur|4\/100\n|-damage|p2b: Glastrier|17\/100\n|move|p2b: Glastrier|Body Press|p1a: Ursaluna\n|-supereffective|p1a: Ursaluna\n|-damage|p1a: Ursaluna|0 fnt\n|faint|p1a: Ursaluna\n|-ability|p2b: Glastrier|Chilling Neigh|boost\n|-boost|p2b: Glastrier|atk|1\n|move|p1b: Rabsca|Earth Power|p2b: Glastrier\n|-damage|p2b: Glastrier|4\/100\n|move|p2a: Baxcalibur|Iron Head|p1b: Rabsca\n|-damage|p1b: Rabsca|0 fnt\n|faint|p1b: Rabsca\n|\n|upkeep\n|\n|t:|1700837801\n|switch|p1b: Regieleki|Regieleki, L50|50\/100\n|switch|p1a: Iron Hands|Iron Hands, L50|94\/100 brn\n|turn|7\n|inactive|keltxu has 30 seconds left.\n|\n|t:|1700837829\n|move|p1a: Iron Hands|Fake Out|p2a: Baxcalibur\n|-damage|p2a: Baxcalibur|0 fnt\n|faint|p2a: Baxcalibur\n|move|p1b: Regieleki|Extreme Speed|p2b: Glastrier\n|-damage|p2b: Glastrier|0 fnt\n|faint|p2b: Glastrier\n|\n|win|mikn233\n|raw|mikn233's rating: 1314 &rarr; <strong>1334<\/strong><br \/>(+20 for winning)\n|raw|keltxu's rating: 1314 &rarr; <strong>1294<\/strong><br \/>(-20 for losing)\n","uploadtime":1700837841,"views":2,"p1id":"mikn233","p2id":"keltxu","formatid":"gen9vgc2023regulatione","rating":1294,"private":0,"password":""}