{"id":"gen9vgc2023regulatione-2000302217","p1":"Ferxious","p2":"ThatB3anGuy","format":"[Gen 9] VGC 2023 Regulation E","log":"|j|\u2606Ferxious\n|j|\u2606ThatB3anGuy\n|t:|1701182973\n|gametype|doubles\n|player|p1|Ferxious|1|1110\n|player|p2|ThatB3anGuy|265|1032\n|teamsize|p1|6\n|teamsize|p2|6\n|gen|9\n|tier|[Gen 9] VGC 2023 Regulation E\n|rated|\n|rule|Species Clause: Limit one of each Pok\u00e9mon\n|rule|Item Clause: Limit one of each item\n|clearpoke\n|poke|p1|Tauros-Paldea-Blaze, L50, M|\n|poke|p1|Tornadus, L50, M|\n|poke|p1|Iron Bundle, L50|\n|poke|p1|Urshifu-*, L50, F|\n|poke|p1|Farigiraf, L50, F|\n|poke|p1|Iron Hands, L50|\n|poke|p2|Chandelure, L50, M|\n|poke|p2|Heracross, L50, M|\n|poke|p2|Grimmsnarl, L50, M|\n|poke|p2|Salamence, L50, F|\n|poke|p2|Iron Bundle, L50|\n|poke|p2|Ursaluna-Bloodmoon, L50, M|\n|teampreview|4\n|inactive|Battle timer is ON: inactive players will automatically lose when time's up. (requested by Ferxious)\nFerxious rejected open team sheets.\n|\n|t:|1701183015\n|start\n|switch|p1a: Tauros|Tauros-Paldea-Blaze, L50, M|100\/100\n|switch|p1b: Iron Bundle|Iron Bundle, L50|100\/100\n|switch|p2a: Salamence|Salamence, L50, F|100\/100\n|switch|p2b: Grimmsnarl|Grimmsnarl, L50, M|100\/100\n|-ability|p2a: Salamence|Intimidate|boost\n|-unboost|p1a: Tauros|atk|1\n|-unboost|p1b: Iron Bundle|atk|1\n|-ability|p1a: Tauros|Intimidate|boost\n|-unboost|p2a: Salamence|atk|1\n|-unboost|p2b: Grimmsnarl|atk|1\n|-enditem|p1b: Iron Bundle|Booster Energy\n|-activate|p1b: Iron Bundle|ability: Quark Drive|[fromitem]\n|-start|p1b: Iron Bundle|quarkdrivespe\n|turn|1\n|\n|t:|1701183034\n|move|p2b: Grimmsnarl|Fake Out|p1b: Iron Bundle\n|-damage|p1b: Iron Bundle|94\/100\n|cant|p1b: Iron Bundle|flinch\n|move|p2a: Salamence|Tailwind|p2a: Salamence\n|-sidestart|p2: ThatB3anGuy|move: Tailwind\n|move|p1a: Tauros|Will-O-Wisp|p2a: Salamence|[miss]\n|-miss|p1a: Tauros|p2a: Salamence\n|\n|upkeep\n|turn|2\n|\n|t:|1701183051\n|switch|p2a: Chandelure|Chandelure, L50, M|100\/100\n|move|p2b: Grimmsnarl|Parting Shot|p1b: Iron Bundle\n|-unboost|p1b: Iron Bundle|atk|1\n|-unboost|p1b: Iron Bundle|spa|1\n|\n|t:|1701183058\n|switch|p2b: Salamence|Salamence, L50, F|100\/100|[from] Parting Shot\n|-ability|p2b: Salamence|Intimidate|boost\n|-unboost|p1a: Tauros|atk|1\n|-unboost|p1b: Iron Bundle|atk|1\n|move|p1b: Iron Bundle|Encore||[still]\n|-fail|p1b: Iron Bundle\n|move|p1a: Tauros|Will-O-Wisp|p2a: Chandelure\n|-start|p2a: Chandelure|ability: Flash Fire\n|\n|upkeep\n|turn|3\n|\n|t:|1701183082\n|switch|p2b: Grimmsnarl|Grimmsnarl, L50, M|100\/100\n|move|p2a: Chandelure|Energy Ball|p1b: Iron Bundle\n|-supereffective|p1b: Iron Bundle\n|-damage|p1b: Iron Bundle|12\/100\n|move|p1b: Iron Bundle|Icy Wind|p2a: Chandelure|[spread] p2a,p2b\n|-resisted|p2a: Chandelure\n|-damage|p2a: Chandelure|92\/100\n|-damage|p2b: Grimmsnarl|89\/100\n|-unboost|p2a: Chandelure|spe|1\n|-unboost|p2b: Grimmsnarl|spe|1\n|-enditem|p2b: Grimmsnarl|Eject Button\n|\n|t:|1701183093\n|switch|p2b: Salamence|Salamence, L50, F|100\/100\n|-ability|p2b: Salamence|Intimidate|boost\n|-unboost|p1a: Tauros|atk|1\n|-unboost|p1b: Iron Bundle|atk|1\n|move|p1a: Tauros|Will-O-Wisp|p2b: Salamence\n|-status|p2b: Salamence|brn\n|\n|-damage|p2b: Salamence|94\/100 brn|[from] brn\n|upkeep\n|turn|4\n|\n|t:|1701183113\n|-end|p1b: Iron Bundle|Quark Drive|[silent]\n|switch|p1b: Tornadus|Tornadus, L50, M|100\/100\n|move|p1a: Tauros|Protect|p1a: Tauros\n|-singleturn|p1a: Tauros|Protect\n|move|p2b: Salamence|Draco Meteor|p1a: Tauros\n|-activate|p1a: Tauros|move: Protect\n|move|p2a: Chandelure|Energy Ball|p1b: Tornadus\n|-resisted|p1b: Tornadus\n|-damage|p1b: Tornadus|82\/100\n|\n|-damage|p2b: Salamence|88\/100 brn|[from] brn\n|-sideend|p2: ThatB3anGuy|move: Tailwind\n|upkeep\n|turn|5\n|c|\u2606ThatB3anGuy|little does he know\n|c|\u2606ThatB3anGuy|my salemance is built special\n|inactive|Ferxious has 30 seconds left.\n|inactive|Ferxious has 20 seconds left.\n|\n|t:|1701183150\n|switch|p1a: Iron Bundle|Iron Bundle, L50|12\/100\n|-end|p2a: Chandelure|ability: Flash Fire|[silent]\n|switch|p2a: Grimmsnarl|Grimmsnarl, L50, M|89\/100\n|move|p2b: Salamence|Draco Meteor|p1a: Iron Bundle\n|-damage|p1a: Iron Bundle|0 fnt\n|-unboost|p2b: Salamence|spa|2\n|faint|p1a: Iron Bundle\n|-end|p1a: Iron Bundle|Quark Drive|[silent]\n|move|p1b: Tornadus|Bleakwind Storm|p2b: Salamence|[spread] p2a\n|-miss|p1b: Tornadus|p2b: Salamence\n|-damage|p2a: Grimmsnarl|60\/100\n|-unboost|p2a: Grimmsnarl|spe|1\n|\n|-damage|p2b: Salamence|82\/100 brn|[from] brn\n|upkeep\n|\n|t:|1701183165\n|switch|p1a: Tauros|Tauros-Paldea-Blaze, L50, M|100\/100\n|-ability|p1a: Tauros|Intimidate|boost\n|-unboost|p2a: Grimmsnarl|atk|1\n|-unboost|p2b: Salamence|atk|1\n|turn|6\n|\n|t:|1701183175\n|switch|p2b: Chandelure|Chandelure, L50, M|92\/100\n|-terastallize|p1a: Tauros|Fairy\n|move|p2a: Grimmsnarl|Parting Shot|p1a: Tauros\n|-unboost|p1a: Tauros|atk|1\n|-unboost|p1a: Tauros|spa|1\n|\n|t:|1701183181\n|switch|p2a: Salamence|Salamence, L50, F|82\/100 brn|[from] Parting Shot\n|-ability|p2a: Salamence|Intimidate|boost\n|-unboost|p1a: Tauros|atk|1\n|-unboost|p1b: Tornadus|atk|1\n|move|p1a: Tauros|Tera Blast|p2a: Salamence|[anim] Tera Blast Fairy\n|-supereffective|p2a: Salamence\n|-damage|p2a: Salamence|40\/100 brn\n|move|p1b: Tornadus|Bleakwind Storm|p2b: Chandelure|[spread] p2a,p2b\n|-damage|p2a: Salamence|0 fnt\n|-damage|p2b: Chandelure|45\/100\n|-unboost|p2b: Chandelure|spe|1\n|faint|p2a: Salamence\n|\n|upkeep\n|\n|t:|1701183190\n|switch|p2a: Grimmsnarl|Grimmsnarl, L50, M|60\/100\n|turn|7\n|\n|t:|1701183201\n|switch|p1a: Urshifu|Urshifu, L50, F|100\/100\n|-terastallize|p2b: Chandelure|Ice\n|move|p2a: Grimmsnarl|Parting Shot|p1a: Urshifu\n|-hint|Since gen 7, Dark is immune to Prankster moves.\n|-immune|p1a: Urshifu\n|move|p2b: Chandelure|Tera Blast|p1b: Tornadus|[anim] Tera Blast Ice\n|-supereffective|p1b: Tornadus\n|-damage|p1b: Tornadus|0 fnt\n|faint|p1b: Tornadus\n|\n|upkeep\n|\n|t:|1701183211\n|switch|p1b: Tauros|Tauros-Paldea-Blaze, L50, M, tera:Fairy|100\/100\n|-ability|p1b: Tauros|Intimidate|boost\n|-unboost|p2a: Grimmsnarl|atk|1\n|-unboost|p2b: Chandelure|atk|1\n|turn|8\n|\n|t:|1701183225\n|move|p1b: Tauros|Protect|p1b: Tauros\n|-singleturn|p1b: Tauros|Protect\n|move|p2a: Grimmsnarl|Parting Shot|p1b: Tauros\n|-activate|p1b: Tauros|move: Protect\n|move|p2b: Chandelure|Tera Blast|p1a: Urshifu|[anim] Tera Blast Ice\n|-damage|p1a: Urshifu|40\/100\n|move|p1a: Urshifu|Wicked Blow|p2b: Chandelure\n|-crit|p2b: Chandelure\n|-damage|p2b: Chandelure|0 fnt\n|faint|p2b: Chandelure\n|\n|upkeep\n|\n|t:|1701183234\n|switch|p2b: Iron Bundle|Iron Bundle, L50|100\/100\n|-enditem|p2b: Iron Bundle|Booster Energy\n|-activate|p2b: Iron Bundle|ability: Quark Drive|[fromitem]\n|-start|p2b: Iron Bundle|quarkdrivespe\n|turn|9\n|\n|t:|1701183246\n|move|p2b: Iron Bundle|Protect|p2b: Iron Bundle\n|-singleturn|p2b: Iron Bundle|Protect\n|move|p1a: Urshifu|Protect|p1a: Urshifu\n|-singleturn|p1a: Urshifu|Protect\n|move|p2a: Grimmsnarl|Reflect|p2a: Grimmsnarl\n|-sidestart|p2: ThatB3anGuy|Reflect\n|move|p1b: Tauros|Tera Blast|p2a: Grimmsnarl|[anim] Tera Blast Fairy\n|-supereffective|p2a: Grimmsnarl\n|-damage|p2a: Grimmsnarl|16\/100\n|\n|upkeep\n|turn|10\n|inactive|ThatB3anGuy has 30 seconds left.\n|\n|t:|1701183273\n|move|p2a: Grimmsnarl|Parting Shot|p1b: Tauros\n|-unboost|p1b: Tauros|atk|1\n|-unboost|p1b: Tauros|spa|1\n|move|p2b: Iron Bundle|Freeze-Dry|p1a: Urshifu\n|-damage|p1a: Urshifu|0 fnt\n|faint|p1a: Urshifu\n|move|p1b: Tauros|Tera Blast|p2a: Grimmsnarl|[anim] Tera Blast Fairy\n|-supereffective|p2a: Grimmsnarl\n|-damage|p2a: Grimmsnarl|0 fnt\n|faint|p2a: Grimmsnarl\n|\n|upkeep\n|turn|11\n|c|\u2606Ferxious|gg wp\n|\n|t:|1701183293\n|move|p2b: Iron Bundle|Freeze-Dry|p1b: Tauros\n|-damage|p1b: Tauros|47\/100\n|move|p1b: Tauros|Flare Blitz|p2b: Iron Bundle\n|-damage|p2b: Iron Bundle|70\/100\n|-damage|p1b: Tauros|40\/100|[from] Recoil\n|\n|upkeep\n|turn|12\n|c|\u2606ThatB3anGuy|gg\n|\n|t:|1701183312\n|move|p2b: Iron Bundle|Freeze-Dry|p1b: Tauros\n|-damage|p1b: Tauros|0 fnt\n|faint|p1b: Tauros\n|\n|win|ThatB3anGuy\n|raw|Ferxious's rating: 1110 &rarr; <strong>1079<\/strong><br \/>(-31 for losing)\n|raw|ThatB3anGuy's rating: 1032 &rarr; <strong>1075<\/strong><br \/>(+43 for winning)\n","uploadtime":1701183329,"views":18,"p1id":"ferxious","p2id":"thatb3anguy","formatid":"gen9vgc2023regulatione","rating":1075,"private":0,"password":""}