{"id":"gen9vgc2023regulatione-1990947575","p1":"The N7 Monk","p2":"Dan el Soldador","format":"[Gen 9] VGC 2023 Regulation E","log":"|j|\u2606The N7 Monk\n|j|\u2606Dan el Soldador\n|t:|1700018439\n|gametype|doubles\n|player|p1|The N7 Monk|1|1070\n|player|p2|Dan el Soldador|steven|1168\n|teamsize|p1|6\n|teamsize|p2|6\n|gen|9\n|tier|[Gen 9] VGC 2023 Regulation E\n|rated|\n|rule|Species Clause: Limit one of each Pok\u00e9mon\n|rule|Item Clause: Limit one of each item\n|clearpoke\n|poke|p1|Ambipom, L50, M|\n|poke|p1|Garganacl, L50, M|\n|poke|p1|Iron Bundle, L50|\n|poke|p1|Arcanine-Hisui, L50, M|\n|poke|p1|Zoroark-Hisui, L50, F|\n|poke|p1|Munkidori, L50, M|\n|poke|p2|Empoleon, L50, F|\n|poke|p2|Iron Hands, L50|\n|poke|p2|Landorus-Therian, L50, M|\n|poke|p2|Flutter Mane, L50|\n|poke|p2|Farigiraf, L50, F|\n|poke|p2|Ogerpon-Hearthflame, L50, F|\n|teampreview|4\n|\n|t:|1700018471\n|start\n|switch|p1a: Ambipom|Ambipom, L50, M|100\/100\n|switch|p1b: Arcanine|Arcanine-Hisui, L50, M, shiny|100\/100\n|switch|p2a: Landorus|Landorus-Therian, L50, M|100\/100\n|switch|p2b: Flutter Mane|Flutter Mane, L50|100\/100\n|-ability|p2a: Landorus|Intimidate|boost\n|-unboost|p1a: Ambipom|atk|1\n|-fail|p1b: Arcanine|unboost|[from] item: Clear Amulet|[of] p1b: Arcanine\n|-ability|p1b: Arcanine|Intimidate|boost\n|-unboost|p2a: Landorus|atk|1\n|-unboost|p2b: Flutter Mane|atk|1\n|-enditem|p2b: Flutter Mane|Booster Energy\n|-activate|p2b: Flutter Mane|ability: Protosynthesis|[fromitem]\n|-start|p2b: Flutter Mane|protosynthesisspe\n|turn|1\n|\n|t:|1700018493\n|move|p1a: Ambipom|Fake Out|p2a: Landorus\n|-damage|p2a: Landorus|90\/100\n|move|p2b: Flutter Mane|Shadow Ball|p1a: Ambipom\n|-immune|p1a: Ambipom\n|cant|p2a: Landorus|flinch\n|move|p1b: Arcanine|Flare Blitz|p2b: Flutter Mane\n|-damage|p2b: Flutter Mane|0 fnt\n|faint|p2b: Flutter Mane\n|-end|p2b: Flutter Mane|Protosynthesis|[silent]\n|-damage|p1b: Arcanine|75\/100|[from] Recoil\n|\n|upkeep\n|\n|t:|1700018509\n|switch|p2b: Empoleon|Empoleon, L50, F|100\/100\n|turn|2\n|\n|t:|1700018523\n|move|p1b: Arcanine|Protect|p1b: Arcanine\n|-singleturn|p1b: Arcanine|Protect\n|move|p2a: Landorus|Stomping Tantrum|p1b: Arcanine\n|-activate|p1b: Arcanine|move: Protect\n|move|p1a: Ambipom|Fling|p2b: Empoleon\n|-damage|p2b: Empoleon|96\/100\n|-enditem|p1a: Ambipom|King's Rock|[from] move: Fling\n|cant|p2b: Empoleon|flinch\n|\n|-heal|p2b: Empoleon|100\/100|[from] item: Leftovers\n|upkeep\n|turn|3\n|\n|t:|1700018552\n|move|p2a: Landorus|Stomping Tantrum|p1b: Arcanine\n|-supereffective|p1b: Arcanine\n|-damage|p1b: Arcanine|0 fnt\n|faint|p1b: Arcanine\n|move|p1a: Ambipom|Thief|p2a: Landorus\n|-damage|p2a: Landorus|79\/100\n|-enditem|p2a: Landorus|Choice Scarf|[silent]|[from] move: Thief|[of] p1a: Ambipom\n|-item|p1a: Ambipom|Choice Scarf|[from] move: Thief|[of] p2a: Landorus\n|move|p2b: Empoleon|Yawn|p1a: Ambipom\n|-start|p1a: Ambipom|move: Yawn|[of] p2b: Empoleon\n|\n|upkeep\n|\n|t:|1700018561\n|switch|p1b: Garganacl|Garganacl, L50, M|100\/100\n|turn|4\n|\n|t:|1700018585\n|switch|p2a: Farigiraf|Farigiraf, L50, F|100\/100\n|-terastallize|p1b: Garganacl|Ghost\n|move|p2b: Empoleon|Protect|p2b: Empoleon\n|-singleturn|p2b: Empoleon|Protect\n|move|p1a: Ambipom|Fling|p2b: Empoleon\n|-activate|p2b: Empoleon|move: Protect\n|-enditem|p1a: Ambipom|Choice Scarf|[from] move: Fling\n|move|p1b: Garganacl|Salt Cure|p2b: Empoleon\n|-activate|p2b: Empoleon|move: Protect\n|\n|-end|p1a: Ambipom|move: Yawn|[silent]\n|-status|p1a: Ambipom|slp\n|upkeep\n|turn|5\n|\n|t:|1700018603\n|cant|p1a: Ambipom|slp\n|move|p2b: Empoleon|Surf|p1b: Garganacl|[spread] p2a,p1a,p1b\n|-damage|p2a: Farigiraf|74\/100\n|-damage|p1a: Ambipom|64\/100 slp\n|-damage|p1b: Garganacl|81\/100\n|move|p1b: Garganacl|Salt Cure|p2b: Empoleon\n|-resisted|p2b: Empoleon\n|-damage|p2b: Empoleon|96\/100\n|-start|p2b: Empoleon|Salt Cure\n|move|p2a: Farigiraf|Trick Room|p2a: Farigiraf\n|-fieldstart|move: Trick Room|[of] p2a: Farigiraf\n|\n|-heal|p2b: Empoleon|100\/100|[from] item: Leftovers\n|-damage|p2b: Empoleon|76\/100|[from] Salt Cure\n|upkeep\n|turn|6\n|\n|t:|1700018628\n|move|p1b: Garganacl|Body Press|p2b: Empoleon\n|-supereffective|p2b: Empoleon\n|-damage|p2b: Empoleon|29\/100\n|move|p2a: Farigiraf|Psychic|p1b: Garganacl\n|-damage|p1b: Garganacl|49\/100\n|move|p2b: Empoleon|Ice Beam|p1b: Garganacl\n|-damage|p1b: Garganacl|31\/100\n|-curestatus|p1a: Ambipom|slp|[msg]\n|move|p1a: Ambipom|Fling||[still]\n|-fail|p1a: Ambipom\n|\n|-heal|p2b: Empoleon|35\/100|[from] item: Leftovers\n|-damage|p2b: Empoleon|10\/100|[from] Salt Cure\n|upkeep\n|turn|7\n|inactive|Battle timer is ON: inactive players will automatically lose when time's up. (requested by Dan el Soldador)\n|\n|t:|1700018649\n|move|p1b: Garganacl|Wide Guard|p1b: Garganacl\n|-singleturn|p1b: Garganacl|Wide Guard\n|move|p2a: Farigiraf|Psychic|p1b: Garganacl\n|-damage|p1b: Garganacl|0 fnt\n|faint|p1b: Garganacl\n|move|p2b: Empoleon|Surf|p1a: Ambipom|[spread] p2a\n|-activate|p1a: Ambipom|move: Wide Guard\n|-damage|p2a: Farigiraf|47\/100\n|-enditem|p2a: Farigiraf|Sitrus Berry|[eat]\n|-heal|p2a: Farigiraf|72\/100|[from] item: Sitrus Berry\n|move|p1a: Ambipom|Thief|p2a: Farigiraf\n|-supereffective|p2a: Farigiraf\n|-crit|p2a: Farigiraf\n|-damage|p2a: Farigiraf|38\/100\n|\n|-heal|p2b: Empoleon|16\/100|[from] item: Leftovers\n|-damage|p2b: Empoleon|0 fnt|[from] Salt Cure\n|faint|p2b: Empoleon\n|-item|p1a: Ambipom|Sitrus Berry|[from] ability: Pickup\n|upkeep\n|\n|t:|1700018669\n|switch|p1b: Munkidori|Munkidori, L50, M|100\/100\n|switch|p2b: Landorus|Landorus-Therian, L50, M|79\/100\n|-ability|p2b: Landorus|Intimidate|boost\n|-unboost|p1a: Ambipom|atk|1\n|-unboost|p1b: Munkidori|atk|1\n|turn|8\n|\n|t:|1700018685\n|move|p2a: Farigiraf|Psychic|p1b: Munkidori\n|-damage|p1b: Munkidori|52\/100\n|move|p2b: Landorus|Stomping Tantrum|p1a: Ambipom\n|-damage|p1a: Ambipom|8\/100\n|-enditem|p1a: Ambipom|Sitrus Berry|[eat]\n|-heal|p1a: Ambipom|33\/100|[from] item: Sitrus Berry\n|move|p1b: Munkidori|Psychic|p2b: Landorus\n|-damage|p2b: Landorus|19\/100\n|-status|p2b: Landorus|tox|[from] ability: Toxic Chain|[of] p1b: Munkidori\n|move|p1a: Ambipom|Thief|p2a: Farigiraf\n|-supereffective|p2a: Farigiraf\n|-damage|p2a: Farigiraf|27\/100\n|\n|-damage|p2b: Landorus|13\/100 tox|[from] psn\n|upkeep\n|turn|9\n|\n|t:|1700018707\n|move|p2a: Farigiraf|Psychic|p1a: Ambipom\n|-damage|p1a: Ambipom|0 fnt\n|faint|p1a: Ambipom\n|move|p2b: Landorus|Stomping Tantrum|p1b: Munkidori\n|-supereffective|p1b: Munkidori\n|-damage|p1b: Munkidori|0 fnt\n|faint|p1b: Munkidori\n|\n|win|Dan el Soldador\n|raw|The N7 Monk's rating: 1070 &rarr; <strong>1055<\/strong><br \/>(-15 for losing)\n|raw|Dan el Soldador's rating: 1168 &rarr; <strong>1186<\/strong><br \/>(+18 for winning)\n|l|\u2606The N7 Monk\n","uploadtime":1700018728,"views":13,"p1id":"then7monk","p2id":"danelsoldador","formatid":"gen9vgc2023regulatione","rating":1055,"private":0,"password":""}