{"id":"gen9vgc2023regulatione-1994513805","p1":"Jawcks","p2":"Felip_Obi","format":"[Gen 9] VGC 2023 Regulation E","log":"|j|\u2606Jawcks\n|j|\u2606Felip_Obi\n|t:|1700452994\n|gametype|doubles\n|player|p1|Jawcks|pokemonrangerf|1411\n|player|p2|Felip_Obi|hilbert|1324\n|teamsize|p1|6\n|teamsize|p2|6\n|gen|9\n|tier|[Gen 9] VGC 2023 Regulation E\n|rated|\n|rule|Species Clause: Limit one of each Pok\u00e9mon\n|rule|Item Clause: Limit one of each item\n|clearpoke\n|poke|p1|Dragonite, L50, M|\n|poke|p1|Rillaboom, L50, F|\n|poke|p1|Cresselia, L50, F|\n|poke|p1|Heatran, L50, M|\n|poke|p1|Gastrodon-East, L50, M|\n|poke|p1|Ursaluna, L50, M|\n|poke|p2|Clefable, L50, M|\n|poke|p2|Murkrow, L50, F|\n|poke|p2|Quaquaval, L50, M|\n|poke|p2|Gholdengo, L50|\n|poke|p2|Dragonite, L50, M|\n|poke|p2|Regidrago, L50|\n|teampreview|4\n|\n|t:|1700453025\n|start\n|switch|p1a: Cresselia|Cresselia, L50, F, shiny|100\/100\n|switch|p1b: Rillaboom|Rillaboom, L50, F, shiny|100\/100\n|switch|p2a: Regidrago|Regidrago, L50|100\/100\n|switch|p2b: Clefable|Clefable, L50, M|100\/100\n|-fieldstart|move: Grassy Terrain|[from] ability: Grassy Surge|[of] p1b: Rillaboom\n|turn|1\n|inactive|Battle timer is ON: inactive players will automatically lose when time's up. (requested by Felip_Obi)\n|\n|t:|1700453039\n|-terastallize|p2a: Regidrago|Ghost\n|move|p2b: Clefable|Helping Hand|p2a: Regidrago\n|-singleturn|p2a: Regidrago|Helping Hand|[of] p2b: Clefable\n|move|p1b: Rillaboom|Fake Out|p2a: Regidrago\n|-immune|p2a: Regidrago\n|move|p2a: Regidrago|Dragon Energy|p1b: Rillaboom|[spread] p1a,p1b\n|-damage|p1a: Cresselia|0 fnt\n|-damage|p1b: Rillaboom|0 fnt\n|faint|p1a: Cresselia\n|faint|p1b: Rillaboom\n|\n|upkeep\n|\n|t:|1700453049\n|switch|p1a: Ursaluna|Ursaluna, L50, M, shiny|100\/100\n|switch|p1b: Heatran|Heatran, L50, M, shiny|100\/100\n|turn|2\n|\n|t:|1700453071\n|move|p2b: Clefable|Helping Hand|p2a: Regidrago\n|-singleturn|p2a: Regidrago|Helping Hand|[of] p2b: Clefable\n|move|p2a: Regidrago|Dragon Energy|p1a: Ursaluna|[spread] p1a,p1b\n|-resisted|p1b: Heatran\n|-damage|p1a: Ursaluna|0 fnt\n|-damage|p1b: Heatran|26\/100\n|faint|p1a: Ursaluna\n|move|p1b: Heatran|Magma Storm|p2a: Regidrago\n|-damage|p2a: Regidrago|49\/100\n|-activate|p2a: Regidrago|move: Magma Storm|[of] p1b: Heatran\n|\n|-heal|p2a: Regidrago|55\/100|[from] Grassy Terrain\n|-heal|p1b: Heatran|32\/100|[from] Grassy Terrain\n|-heal|p1b: Heatran|39\/100|[from] item: Leftovers\n|-damage|p2a: Regidrago|43\/100|[from] move: Magma Storm|[partiallytrapped]\n|upkeep\n|turn|3\n|\n|t:|1700453088\n|move|p2b: Clefable|Helping Hand|p2a: Regidrago\n|-singleturn|p2a: Regidrago|Helping Hand|[of] p2b: Clefable\n|move|p1b: Heatran|Protect|p1b: Heatran\n|-singleturn|p1b: Heatran|Protect\n|move|p2a: Regidrago|Dragon Energy|p1b: Heatran\n|-activate|p1b: Heatran|move: Protect\n|\n|-heal|p2a: Regidrago|49\/100|[from] Grassy Terrain\n|-heal|p1b: Heatran|45\/100|[from] Grassy Terrain\n|-heal|p1b: Heatran|51\/100|[from] item: Leftovers\n|-damage|p2a: Regidrago|36\/100|[from] move: Magma Storm|[partiallytrapped]\n|upkeep\n|turn|4\n|\n|t:|1700453112\n|move|p2b: Clefable|Helping Hand|p2a: Regidrago\n|-singleturn|p2a: Regidrago|Helping Hand|[of] p2b: Clefable\n|move|p2a: Regidrago|Dragon Energy|p1b: Heatran\n|-resisted|p1b: Heatran\n|-damage|p1b: Heatran|12\/100\n|move|p1b: Heatran|Magma Storm|p2b: Clefable|[miss]\n|-miss|p1b: Heatran|p2b: Clefable\n|\n|-heal|p2a: Regidrago|42\/100|[from] Grassy Terrain\n|-heal|p1b: Heatran|18\/100|[from] Grassy Terrain\n|-heal|p1b: Heatran|24\/100|[from] item: Leftovers\n|-damage|p2a: Regidrago|30\/100|[from] move: Magma Storm|[partiallytrapped]\n|upkeep\n|turn|5\n|\n|t:|1700453129\n|move|p2b: Clefable|Helping Hand|p2a: Regidrago\n|-singleturn|p2a: Regidrago|Helping Hand|[of] p2b: Clefable\n|move|p1b: Heatran|Protect|p1b: Heatran\n|-singleturn|p1b: Heatran|Protect\n|move|p2a: Regidrago|Dragon Energy|p1b: Heatran\n|-activate|p1b: Heatran|move: Protect\n|\n|-heal|p2a: Regidrago|36\/100|[from] Grassy Terrain\n|-heal|p1b: Heatran|30\/100|[from] Grassy Terrain\n|-heal|p1b: Heatran|37\/100|[from] item: Leftovers\n|-damage|p2a: Regidrago|24\/100|[from] move: Magma Storm|[partiallytrapped]\n|-fieldend|move: Grassy Terrain\n|upkeep\n|turn|6\n|\n|t:|1700453151\n|move|p2b: Clefable|Helping Hand|p2a: Regidrago\n|-singleturn|p2a: Regidrago|Helping Hand|[of] p2b: Clefable\n|move|p2a: Regidrago|Dragon Energy|p1b: Heatran\n|-resisted|p1b: Heatran\n|-damage|p1b: Heatran|13\/100\n|move|p1b: Heatran|Magma Storm|p2b: Clefable\n|-damage|p2b: Clefable|60\/100\n|-activate|p2b: Clefable|move: Magma Storm|[of] p1b: Heatran\n|\n|-heal|p1b: Heatran|20\/100|[from] item: Leftovers\n|-end|p2a: Regidrago|Magma Storm|[partiallytrapped]\n|-damage|p2b: Clefable|48\/100|[from] move: Magma Storm|[partiallytrapped]\n|upkeep\n|turn|7\n|-message|Jawcks forfeited.\n|\n|win|Felip_Obi\n|raw|Jawcks's rating: 1411 &rarr; <strong>1386<\/strong><br \/>(-25 for losing)\n|raw|Felip_Obi's rating: 1324 &rarr; <strong>1349<\/strong><br \/>(+25 for winning)\n|l|\u2606Jawcks\n","uploadtime":1700453172,"views":5,"p1id":"jawcks","p2id":"felipobi","formatid":"gen9vgc2023regulatione","rating":1349,"private":0,"password":""}