{"id":"gen9vgc2023regulatione-1993269460","p1":"20181175g","p2":"NotAGuestNoMore1","format":"[Gen 9] VGC 2023 Regulation E","log":"|j|\u260620181175g\n|j|\u2606NotAGuestNoMore1\n|t:|1700287434\n|gametype|doubles\n|player|p1|20181175g|170|1128\n|player|p2|NotAGuestNoMore1|265|1038\n|teamsize|p1|6\n|teamsize|p2|6\n|gen|9\n|tier|[Gen 9] VGC 2023 Regulation E\n|rated|\n|rule|Species Clause: Limit one of each Pok\u00e9mon\n|rule|Item Clause: Limit one of each item\n|clearpoke\n|poke|p1|Glimmora, L50, F|\n|poke|p1|Sylveon, L50, M|\n|poke|p1|Landorus-Therian, L50, M|\n|poke|p1|Gholdengo, L50|\n|poke|p1|Talonflame, L50, F|\n|poke|p1|Chien-Pao, L50|\n|poke|p2|Dudunsparce-*, L50, M|\n|poke|p2|Sinistcha, L50|\n|poke|p2|Roaring Moon, L50|\n|poke|p2|Clefairy, L50, M|\n|poke|p2|Dragapult, L50, F|\n|poke|p2|Tornadus, L50, M|\n|teampreview|4\n|\n|t:|1700287444\n|start\n|switch|p1a: Sylveon|Sylveon, L50, M, shiny|100\/100\n|switch|p1b: Landorus|Landorus-Therian, L50, M|100\/100\n|switch|p2a: Roaring Moon|Roaring Moon, L50|100\/100\n|switch|p2b: Tornadus|Tornadus, L50, M|100\/100\n|-ability|p1b: Landorus|Intimidate|boost\n|-unboost|p2a: Roaring Moon|atk|1\n|-unboost|p2b: Tornadus|atk|1\n|-enditem|p2a: Roaring Moon|Booster Energy\n|-activate|p2a: Roaring Moon|ability: Protosynthesis|[fromitem]\n|-start|p2a: Roaring Moon|protosynthesisspe\n|turn|1\n|inactive|Battle timer is ON: inactive players will automatically lose when time's up. (requested by NotAGuestNoMore1)\n|\n|t:|1700287470\n|-end|p2a: Roaring Moon|Protosynthesis|[silent]\n|switch|p2a: Clefairy|Clefairy, L50, M|100\/100\n|move|p2b: Tornadus|Tailwind|p2b: Tornadus\n|-sidestart|p2: NotAGuestNoMore1|move: Tailwind\n|move|p1b: Landorus|U-turn|p2b: Tornadus\n|-resisted|p2b: Tornadus\n|-damage|p2b: Tornadus|90\/100\n|\n|t:|1700287478\n|switch|p1b: Gholdengo|Gholdengo, L50|100\/100|[from] U-turn\n|move|p1a: Sylveon|Hyper Voice|p2b: Tornadus|[spread] p2a,p2b\n|-damage|p2a: Clefairy|68\/100\n|-damage|p2b: Tornadus|61\/100\n|-enditem|p1a: Sylveon|Throat Spray\n|-boost|p1a: Sylveon|spa|1|[from] item: Throat Spray\n|\n|upkeep\n|turn|2\n|\n|t:|1700287503\n|move|p2a: Clefairy|Protect|p2a: Clefairy\n|-singleturn|p2a: Clefairy|Protect\n|move|p2b: Tornadus|Bleakwind Storm|p1a: Sylveon|[spread] p1a,p1b\n|-resisted|p1b: Gholdengo\n|-damage|p1a: Sylveon|76\/100\n|-damage|p1b: Gholdengo|80\/100\n|-unboost|p1a: Sylveon|spe|1\n|-unboost|p1b: Gholdengo|spe|1\n|move|p1b: Gholdengo|Nasty Plot|p1b: Gholdengo\n|-boost|p1b: Gholdengo|spa|2\n|move|p1a: Sylveon|Hyper Voice|p2a: Clefairy|[spread] p2b\n|-activate|p2a: Clefairy|move: Protect\n|-damage|p2b: Tornadus|16\/100\n|\n|upkeep\n|turn|3\n|\n|t:|1700287520\n|move|p2b: Tornadus|Protect|p2b: Tornadus\n|-singleturn|p2b: Tornadus|Protect\n|move|p2a: Clefairy|Flamethrower|p1b: Gholdengo\n|-supereffective|p1b: Gholdengo\n|-damage|p1b: Gholdengo|46\/100\n|-status|p1b: Gholdengo|brn\n|-enditem|p1b: Gholdengo|Sitrus Berry|[eat]\n|-heal|p1b: Gholdengo|71\/100 brn|[from] item: Sitrus Berry\n|move|p1b: Gholdengo|Make It Rain|p2b: Tornadus|[spread] p2a\n|-activate|p2b: Tornadus|move: Protect\n|-supereffective|p2a: Clefairy\n|-crit|p2a: Clefairy\n|-damage|p2a: Clefairy|0 fnt\n|-unboost|p1b: Gholdengo|spa|1\n|faint|p2a: Clefairy\n|move|p1a: Sylveon|Hyper Voice|p2b: Tornadus\n|-activate|p2b: Tornadus|move: Protect\n|\n|-damage|p1b: Gholdengo|65\/100 brn|[from] brn\n|upkeep\n|\n|t:|1700287537\n|switch|p2a: Roaring Moon|Roaring Moon, L50|100\/100\n|turn|4\n|\n|t:|1700287552\n|-terastallize|p2b: Tornadus|Flying\n|move|p2a: Roaring Moon|Knock Off|p1b: Gholdengo\n|-supereffective|p1b: Gholdengo\n|-damage|p1b: Gholdengo|0 fnt\n|faint|p1b: Gholdengo\n|move|p2b: Tornadus|Bleakwind Storm|p1a: Sylveon|[miss]\n|-miss|p2b: Tornadus|p1a: Sylveon\n|move|p1a: Sylveon|Hyper Voice|p2a: Roaring Moon|[spread] p2a,p2b\n|-supereffective|p2a: Roaring Moon\n|-damage|p2a: Roaring Moon|0 fnt\n|-damage|p2b: Tornadus|0 fnt\n|faint|p2a: Roaring Moon\n|-end|p2a: Roaring Moon|Protosynthesis|[silent]\n|faint|p2b: Tornadus\n|\n|-sideend|p2: NotAGuestNoMore1|move: Tailwind\n|upkeep\n|\n|t:|1700287568\n|switch|p1b: Landorus|Landorus-Therian, L50, M|100\/100\n|switch|p2b: Dragapult|Dragapult, L50, F|100\/100\n|-ability|p1b: Landorus|Intimidate|boost\n|-fail|p2b: Dragapult|unboost|[from] ability: Clear Body|[of] p2b: Dragapult\n|turn|5\n|-message|NotAGuestNoMore1 forfeited.\n|\n|win|20181175g\n|raw|20181175g's rating: 1128 &rarr; <strong>1147<\/strong><br \/>(+19 for winning)\n|raw|NotAGuestNoMore1's rating: 1038 &rarr; <strong>1026<\/strong><br \/>(-12 for losing)\n|l|\u2606NotAGuestNoMore1\n","uploadtime":1700287585,"views":11,"p1id":"20181175g","p2id":"notaguestnomore1","formatid":"gen9vgc2023regulatione","rating":1026,"private":0,"password":""}