{"id":"gen9vgc2023regulatione-1999726718","p1":"rcole7","p2":"jinsouless","format":"[Gen 9] VGC 2023 Regulation E","log":"|j|\u2606rcole7\n|j|\u2606jinsouless\n|t:|1701111315\n|gametype|doubles\n|player|p1|rcole7|169|1124\n|player|p2|jinsouless|elesa|1156\n|teamsize|p1|6\n|teamsize|p2|6\n|gen|9\n|tier|[Gen 9] VGC 2023 Regulation E\n|rated|\n|rule|Species Clause: Limit one of each Pok\u00e9mon\n|rule|Item Clause: Limit one of each item\n|clearpoke\n|poke|p1|Munkidori, L50, M|\n|poke|p1|Grimmsnarl, L50, M|\n|poke|p1|Moltres-Galar, L50|\n|poke|p1|Sinistcha, L50|\n|poke|p1|Milotic, L50, F|\n|poke|p1|Arcanine-Hisui, L50, F|\n|poke|p2|Lilligant-Hisui, L50, F|\n|poke|p2|Torkoal, L50, F|\n|poke|p2|Regidrago, L50|\n|poke|p2|Ursaluna, L50, M|\n|poke|p2|Armarouge, L50, F|\n|poke|p2|Indeedee-F, L50, F|\n|teampreview|4\n|\n|t:|1701111362\n|start\n|switch|p1a: Munkidori|Munkidori, L50, M|100\/100\n|switch|p1b: Grimmsnarl|Grimmsnarl, L50, M|100\/100\n|switch|p2a: Torkoal|Torkoal, L50, F|100\/100\n|switch|p2b: Lilligant|Lilligant-Hisui, L50, F|100\/100\n|-item|p2a: Torkoal|Charcoal|[from] ability: Frisk|[of] p1a: Munkidori|[identify]\n|-item|p2b: Lilligant|Focus Sash|[from] ability: Frisk|[of] p1a: Munkidori|[identify]\n|-weather|SunnyDay|[from] ability: Drought|[of] p2a: Torkoal\n|turn|1\n|inactive|Battle timer is ON: inactive players will automatically lose when time's up. (requested by jinsouless)\n|\n|t:|1701111426\n|switch|p2b: Indeedee|Indeedee-F, L50, F|100\/100\n|-fieldstart|move: Psychic Terrain|[from] ability: Psychic Surge|[of] p2b: Indeedee\n|move|p1a: Munkidori|Fake Out|p2b: Indeedee\n|-activate|p2b: Indeedee|move: Psychic Terrain\n|move|p1b: Grimmsnarl|Light Screen|p1b: Grimmsnarl\n|-sidestart|p1: rcole7|move: Light Screen\n|move|p2a: Torkoal|Eruption|p1b: Grimmsnarl|[spread] p1a,p1b\n|-damage|p1a: Munkidori|34\/100\n|-damage|p1b: Grimmsnarl|46\/100\n|\n|-weather|SunnyDay|[upkeep]\n|upkeep\n|turn|2\n|inactive|jinsouless has 30 seconds left.\n|\n|t:|1701111461\n|-terastallize|p2a: Torkoal|Fire\n|move|p2b: Indeedee|Follow Me|p2b: Indeedee\n|-singleturn|p2b: Indeedee|move: Follow Me\n|move|p1a: Munkidori|Sludge Bomb|p2b: Indeedee\n|-damage|p2b: Indeedee|58\/100\n|move|p1b: Grimmsnarl|Spirit Break|p2b: Indeedee\n|-crit|p2b: Indeedee\n|-damage|p2b: Indeedee|12\/100\n|-unboost|p2b: Indeedee|spa|1\n|-damage|p1b: Grimmsnarl|29\/100|[from] item: Rocky Helmet|[of] p2b: Indeedee\n|move|p2a: Torkoal|Eruption|p1b: Grimmsnarl|[spread] p1a,p1b\n|-damage|p1a: Munkidori|0 fnt\n|-damage|p1b: Grimmsnarl|0 fnt\n|faint|p1a: Munkidori\n|faint|p1b: Grimmsnarl\n|\n|-weather|SunnyDay|[upkeep]\n|upkeep\n|inactive|rcole7 has 30 seconds left.\n|\n|t:|1701111487\n|switch|p1a: Moltres|Moltres-Galar, L50|100\/100\n|switch|p1b: Milotic|Milotic, L50, F|100\/100\n|turn|3\n|inactive|jinsouless has 30 seconds left.\n|\n|t:|1701111516\n|move|p2b: Indeedee|Follow Me|p2b: Indeedee\n|-singleturn|p2b: Indeedee|move: Follow Me\n|move|p1b: Milotic|Hydro Pump|p2b: Indeedee\n|-damage|p2b: Indeedee|0 fnt\n|faint|p2b: Indeedee\n|move|p1a: Moltres|Nasty Plot|p1a: Moltres\n|-boost|p1a: Moltres|spa|2\n|move|p2a: Torkoal|Eruption|p1a: Moltres|[spread] p1a,p1b\n|-resisted|p1b: Milotic\n|-crit|p1b: Milotic\n|-damage|p1a: Moltres|39\/100\n|-damage|p1b: Milotic|33\/100\n|-ability|p1a: Moltres|Berserk|boost\n|-boost|p1a: Moltres|spa|1\n|-enditem|p1a: Moltres|Sitrus Berry|[eat]\n|-heal|p1a: Moltres|64\/100|[from] item: Sitrus Berry\n|\n|-weather|SunnyDay|[upkeep]\n|upkeep\n|\n|t:|1701111534\n|switch|p2b: Regidrago|Regidrago, L50|100\/100\n|turn|4\n|\n|t:|1701111545\n|move|p2a: Torkoal|Protect|p2a: Torkoal\n|-singleturn|p2a: Torkoal|Protect\n|move|p2b: Regidrago|Dragon Energy|p1b: Milotic|[spread] p1a,p1b\n|-damage|p1a: Moltres|25\/100\n|-damage|p1b: Milotic|0 fnt\n|faint|p1b: Milotic\n|-ability|p1a: Moltres|Berserk|boost\n|-boost|p1a: Moltres|spa|1\n|move|p1a: Moltres|Fiery Wrath|p2b: Regidrago|[spread] p2b\n|-activate|p2a: Torkoal|move: Protect\n|-damage|p2b: Regidrago|0 fnt\n|faint|p2b: Regidrago\n|\n|-weather|SunnyDay|[upkeep]\n|upkeep\n|\n|t:|1701111560\n|switch|p2b: Lilligant|Lilligant-Hisui, L50, F|100\/100\n|turn|5\n|\n|t:|1701111578\n|move|p1a: Moltres|Protect|p1a: Moltres\n|-singleturn|p1a: Moltres|Protect\n|move|p2b: Lilligant|After You|p2a: Torkoal\n|-activate|p2a: Torkoal|move: After You\n|move|p2a: Torkoal|Eruption|p1a: Moltres\n|-activate|p1a: Moltres|move: Protect\n|\n|-weather|none\n|-fieldend|move: Psychic Terrain\n|upkeep\n|turn|6\n|\n|t:|1701111599\n|move|p2b: Lilligant|Sleep Powder|p1a: Moltres\n|-status|p1a: Moltres|slp|[from] move: Sleep Powder\n|cant|p1a: Moltres|slp\n|move|p2a: Torkoal|Eruption|p1a: Moltres\n|-damage|p1a: Moltres|0 fnt\n|faint|p1a: Moltres\n|\n|win|jinsouless\n|raw|rcole7's rating: 1124 &rarr; <strong>1101<\/strong><br \/>(-23 for losing)\n|raw|jinsouless's rating: 1156 &rarr; <strong>1179<\/strong><br \/>(+23 for winning)\n","uploadtime":1701111615,"views":16,"p1id":"rcole7","p2id":"jinsouless","formatid":"gen9vgc2023regulatione","rating":1101,"private":0,"password":""}