{"id":"gen9vgc2023regulatione-1995330329","p1":"LoxrenVGC","p2":"u4j","format":"[Gen 9] VGC 2023 Regulation E","log":"|j|\u2606LoxrenVGC\n|j|\u2606u4j\n|t:|1700554816\n|gametype|doubles\n|player|p1|LoxrenVGC|102|1035\n|player|p2|u4j|2|1086\n|teamsize|p1|6\n|teamsize|p2|6\n|gen|9\n|tier|[Gen 9] VGC 2023 Regulation E\n|rated|\n|rule|Species Clause: Limit one of each Pok\u00e9mon\n|rule|Item Clause: Limit one of each item\n|clearpoke\n|poke|p1|Arcanine-Hisui, L50, M|\n|poke|p1|Ogerpon-Wellspring, L50, F|\n|poke|p1|Iron Hands, L50|\n|poke|p1|Dondozo, L50, M|\n|poke|p1|Tornadus, L50, M|\n|poke|p1|Kingambit, L50, M|\n|poke|p2|Rillaboom, L50, M|\n|poke|p2|Chien-Pao, L50|\n|poke|p2|Sneasler, L50, F|\n|poke|p2|Empoleon, L50, F|\n|poke|p2|Landorus-Therian, L50, M|\n|poke|p2|Clefairy, L50, M|\n|teampreview|4\n|inactive|Battle timer is ON: inactive players will automatically lose when time's up. (requested by u4j)\n|inactive|LoxrenVGC has 60 seconds left.\n|inactive|u4j has 60 seconds left.\n|inactive|LoxrenVGC has 30 seconds left.\n|inactive|LoxrenVGC has 20 seconds left.\n|\n|t:|1700554887\n|start\n|switch|p1a: Kingambit|Kingambit, L50, M|100\/100\n|switch|p1b: Ogerpon|Ogerpon-Wellspring, L50, F|100\/100\n|switch|p2a: Rillaboom|Rillaboom, L50, M|100\/100\n|switch|p2b: Chien-Pao|Chien-Pao, L50|100\/100\n|-ability|p2b: Chien-Pao|Sword of Ruin\n|-fieldstart|move: Grassy Terrain|[from] ability: Grassy Surge|[of] p2a: Rillaboom\n|turn|1\n|inactive|LoxrenVGC has 30 seconds left.\n|inactive|u4j has 30 seconds left.\n|inactive|LoxrenVGC has 20 seconds left.\n|inactive|LoxrenVGC has 15 seconds left.\n|inactive|LoxrenVGC has 10 seconds left.\n|inactive|u4j has 20 seconds left.\n|inactive|u4j has 15 seconds left.\n|\n|t:|1700554946\n|-terastallize|p2b: Chien-Pao|Ice\n|-terastallize|p1a: Kingambit|Flying\n|move|p1b: Ogerpon|Spiky Shield|p1b: Ogerpon\n|-singleturn|p1b: Ogerpon|move: Protect\n|move|p2a: Rillaboom|Fake Out|p1a: Kingambit\n|-damage|p1a: Kingambit|85\/100\n|move|p2b: Chien-Pao|Ice Spinner|p1b: Ogerpon\n|-activate|p1b: Ogerpon|move: Protect\n|-damage|p2b: Chien-Pao|88\/100|[from] Spiky Shield|[of] p1b: Ogerpon\n|cant|p1a: Kingambit|flinch\n|\n|-heal|p2b: Chien-Pao|94\/100|[from] Grassy Terrain\n|upkeep\n|turn|2\n|inactive|LoxrenVGC has 30 seconds left.\n|inactive|u4j has 30 seconds left.\n|\n|t:|1700554979\n|switch|p1b: Dondozo|Dondozo, L50, M|100\/100\n|switch|p1a: Iron Hands|Iron Hands, L50|100\/100\n|move|p2b: Chien-Pao|Protect|p2b: Chien-Pao\n|-singleturn|p2b: Chien-Pao|Protect\n|move|p2a: Rillaboom|Grassy Glide|p1b: Dondozo\n|-supereffective|p1b: Dondozo\n|-damage|p1b: Dondozo|25\/100\n|\n|-heal|p2b: Chien-Pao|99\/100|[from] Grassy Terrain\n|-heal|p1b: Dondozo|31\/100|[from] Grassy Terrain\n|-heal|p1b: Dondozo|37\/100|[from] item: Leftovers\n|upkeep\n|turn|3\n|inactive|LoxrenVGC has 30 seconds left.\n|\n|t:|1700555007\n|switch|p2b: Landorus|Landorus-Therian, L50, M|100\/100\n|-ability|p2b: Landorus|Intimidate|boost\n|-unboost|p1a: Iron Hands|atk|1\n|-unboost|p1b: Dondozo|atk|1\n|move|p2a: Rillaboom|Protect|p2a: Rillaboom\n|-singleturn|p2a: Rillaboom|Protect\n|move|p1b: Dondozo|Protect|p1b: Dondozo\n|-singleturn|p1b: Dondozo|Protect\n|move|p1a: Iron Hands|Drain Punch|p2b: Landorus\n|-resisted|p2b: Landorus\n|-damage|p2b: Landorus|84\/100\n|\n|-heal|p1b: Dondozo|43\/100|[from] Grassy Terrain\n|-heal|p1b: Dondozo|49\/100|[from] item: Leftovers\n|upkeep\n|turn|4\n|\n|t:|1700555026\n|-end|p1a: Iron Hands|Quark Drive|[silent]\n|switch|p1a: Ogerpon|Ogerpon-Wellspring, L50, F|100\/100\n|move|p2a: Rillaboom|Grassy Glide|p1b: Dondozo\n|-supereffective|p1b: Dondozo\n|-damage|p1b: Dondozo|0 fnt\n|faint|p1b: Dondozo\n|move|p2b: Landorus|Stomping Tantrum|p1a: Ogerpon\n|-resisted|p1a: Ogerpon\n|-damage|p1a: Ogerpon|73\/100\n|\n|-heal|p1a: Ogerpon|79\/100|[from] Grassy Terrain\n|upkeep\n|\n|t:|1700555038\n|switch|p1b: Iron Hands|Iron Hands, L50|100\/100\n|turn|5\n|\n|t:|1700555054\n|switch|p2b: Empoleon|Empoleon, L50, F|100\/100\n|move|p2a: Rillaboom|Protect|p2a: Rillaboom\n|-singleturn|p2a: Rillaboom|Protect\n|move|p1b: Iron Hands|Fake Out|p2b: Empoleon\n|-resisted|p2b: Empoleon\n|-damage|p2b: Empoleon|91\/100\n|move|p1a: Ogerpon|Swords Dance|p1a: Ogerpon\n|-boost|p1a: Ogerpon|atk|2\n|\n|-heal|p1a: Ogerpon|85\/100|[from] Grassy Terrain\n|-heal|p2b: Empoleon|97\/100|[from] Grassy Terrain\n|-fieldend|move: Grassy Terrain\n|upkeep\n|turn|6\n|inactive|LoxrenVGC has 30 seconds left.\n|inactive|LoxrenVGC has 20 seconds left.\n|inactive|LoxrenVGC has 15 seconds left.\n|inactive|LoxrenVGC has 10 seconds left.\n|\n|t:|1700555100\n|switch|p2a: Landorus|Landorus-Therian, L50, M|84\/100\n|-ability|p2a: Landorus|Intimidate|boost\n|-unboost|p1a: Ogerpon|atk|1\n|-unboost|p1b: Iron Hands|atk|1\n|move|p1a: Ogerpon|Spiky Shield|p1a: Ogerpon\n|-singleturn|p1a: Ogerpon|move: Protect\n|move|p2b: Empoleon|Protect|p2b: Empoleon\n|-singleturn|p2b: Empoleon|Protect\n|move|p1b: Iron Hands|Drain Punch|p2b: Empoleon\n|-activate|p2b: Empoleon|move: Protect\n|\n|upkeep\n|turn|7\n|\n|t:|1700555123\n|switch|p2b: Rillaboom|Rillaboom, L50, M|100\/100\n|-fieldstart|move: Grassy Terrain|[from] ability: Grassy Surge|[of] p2b: Rillaboom\n|-end|p1b: Iron Hands|Quark Drive|[silent]\n|switch|p1b: Kingambit|Kingambit, L50, M, tera:Flying|85\/100\n|move|p2a: Landorus|U-turn|p1a: Ogerpon\n|-supereffective|p1a: Ogerpon\n|-damage|p1a: Ogerpon|10\/100\n|\n|t:|1700555132\n|switch|p2a: Empoleon|Empoleon, L50, F|97\/100|[from] U-turn\n|move|p1a: Ogerpon|Swords Dance|p1a: Ogerpon\n|-boost|p1a: Ogerpon|atk|2\n|\n|-heal|p1a: Ogerpon|16\/100|[from] Grassy Terrain\n|-heal|p2a: Empoleon|100\/100|[from] Grassy Terrain\n|upkeep\n|turn|8\n|inactive|LoxrenVGC has 30 seconds left.\n|\n|t:|1700555165\n|move|p1a: Ogerpon|Spiky Shield|p1a: Ogerpon\n|-singleturn|p1a: Ogerpon|move: Protect\n|move|p2b: Rillaboom|Grassy Glide|p1a: Ogerpon\n|-activate|p1a: Ogerpon|move: Protect\n|-damage|p2b: Rillaboom|88\/100|[from] Spiky Shield|[of] p1a: Ogerpon\n|move|p1b: Kingambit|Sucker Punch||[still]\n|-fail|p1b: Kingambit\n|move|p2a: Empoleon|Yawn|p1b: Kingambit\n|-start|p1b: Kingambit|move: Yawn|[of] p2a: Empoleon\n|\n|-heal|p1a: Ogerpon|22\/100|[from] Grassy Terrain\n|-heal|p2b: Rillaboom|94\/100|[from] Grassy Terrain\n|upkeep\n|turn|9\n|inactive|LoxrenVGC has 30 seconds left.\n|\n|t:|1700555197\n|switch|p1a: Iron Hands|Iron Hands, L50|100\/100\n|move|p2b: Rillaboom|Grassy Glide|p1a: Iron Hands\n|-damage|p1a: Iron Hands|69\/100\n|move|p2a: Empoleon|Hydro Pump|p1b: Kingambit\n|-damage|p1b: Kingambit|36\/100\n|move|p1b: Kingambit|Kowtow Cleave|p2b: Rillaboom\n|-damage|p2b: Rillaboom|37\/100\n|\n|-heal|p2b: Rillaboom|43\/100|[from] Grassy Terrain\n|-heal|p1a: Iron Hands|76\/100|[from] Grassy Terrain\n|-end|p1b: Kingambit|move: Yawn|[silent]\n|-status|p1b: Kingambit|slp\n|upkeep\n|turn|10\n|inactive|LoxrenVGC has 30 seconds left.\n|inactive|u4j has 30 seconds left.\n|\n|t:|1700555230\n|move|p1a: Iron Hands|Fake Out|p2b: Rillaboom\n|-damage|p2b: Rillaboom|28\/100\n|cant|p2b: Rillaboom|flinch\n|move|p2a: Empoleon|Hydro Pump|p1b: Kingambit\n|-damage|p1b: Kingambit|0 fnt\n|faint|p1b: Kingambit\n|\n|-heal|p2b: Rillaboom|34\/100|[from] Grassy Terrain\n|-heal|p1a: Iron Hands|82\/100|[from] Grassy Terrain\n|upkeep\n|\n|t:|1700555239\n|switch|p1b: Ogerpon|Ogerpon-Wellspring, L50, F|22\/100\n|turn|11\n|\n|t:|1700555248\n|switch|p2b: Landorus|Landorus-Therian, L50, M|84\/100\n|-ability|p2b: Landorus|Intimidate|boost\n|-unboost|p1a: Iron Hands|atk|1\n|-unboost|p1b: Ogerpon|atk|1\n|move|p1b: Ogerpon|Spiky Shield|p1b: Ogerpon\n|-singleturn|p1b: Ogerpon|move: Protect\n|move|p2a: Empoleon|Hydro Pump|p1a: Iron Hands\n|-damage|p1a: Iron Hands|50\/100\n|move|p1a: Iron Hands|Drain Punch|p2a: Empoleon\n|-supereffective|p2a: Empoleon\n|-damage|p2a: Empoleon|38\/100\n|-heal|p1a: Iron Hands|71\/100|[from] drain|[of] p2a: Empoleon\n|-enditem|p2a: Empoleon|Sitrus Berry|[eat]\n|-heal|p2a: Empoleon|63\/100|[from] item: Sitrus Berry\n|\n|-heal|p1b: Ogerpon|28\/100|[from] Grassy Terrain\n|-heal|p2a: Empoleon|69\/100|[from] Grassy Terrain\n|-heal|p1a: Iron Hands|78\/100|[from] Grassy Terrain\n|-fieldend|move: Grassy Terrain\n|upkeep\n|turn|12\n|\n|t:|1700555269\n|move|p2b: Landorus|U-turn|p1b: Ogerpon\n|-supereffective|p1b: Ogerpon\n|-damage|p1b: Ogerpon|0 fnt\n|faint|p1b: Ogerpon\n|\n|t:|1700555273\n|switch|p2b: Rillaboom|Rillaboom, L50, M|34\/100|[from] U-turn\n|-fieldstart|move: Grassy Terrain|[from] ability: Grassy Surge|[of] p2b: Rillaboom\n|move|p2a: Empoleon|Yawn|p1a: Iron Hands\n|-start|p1a: Iron Hands|move: Yawn|[of] p2a: Empoleon\n|move|p1a: Iron Hands|Drain Punch|p2a: Empoleon\n|-supereffective|p2a: Empoleon\n|-damage|p2a: Empoleon|0 fnt\n|-heal|p1a: Iron Hands|100\/100|[from] drain|[of] p2a: Empoleon\n|faint|p2a: Empoleon\n|\n|-heal|p2b: Rillaboom|40\/100|[from] Grassy Terrain\n|upkeep\n|\n|t:|1700555278\n|switch|p2a: Chien-Pao|Chien-Pao, L50, tera:Ice|99\/100\n|-ability|p2a: Chien-Pao|Sword of Ruin\n|turn|13\n|-message|LoxrenVGC forfeited.\n|\n|win|u4j\n|raw|LoxrenVGC's rating: 1035 &rarr; <strong>1022<\/strong><br \/>(-13 for losing)\n|raw|u4j's rating: 1086 &rarr; <strong>1109<\/strong><br \/>(+23 for winning)\n|l|\u2606LoxrenVGC\n","uploadtime":1700555295,"views":2,"p1id":"loxrenvgc","p2id":"u4j","formatid":"gen9vgc2023regulatione","rating":1022,"private":0,"password":""}