{"id":"gen9vgc2023regulatione-1998452445","p1":"Spearstorms","p2":"Hinkle54","format":"[Gen 9] VGC 2023 Regulation E","log":"|j|\u2606Spearstorms\n|j|\u2606Hinkle54\n|n|\u2606Spearstorms|spearstorms\n|n|\u2606Hinkle54|hinkle54\n|html|View the match progress at <a href=\"\/game-bestof3-gen9vgc2023regulatione-1998444370\">game-bestof3-gen9vgc2023regulatione-1998444370<\/a>\n|t:|1700943913\n|gametype|doubles\n|player|p1|Spearstorms|169|\n|player|p2|Hinkle54|clown|\n|teamsize|p1|6\n|teamsize|p2|6\n|gen|9\n|tier|[Gen 9] VGC 2023 Regulation E\n|rule|Species Clause: Limit one of each Pok\u00e9mon\n|rule|Item Clause: Limit one of each item\n|clearpoke\n|poke|p1|Rillaboom, L50, M|\n|poke|p1|Urshifu-*, L50, F|\n|poke|p1|Ninetales-Alola, L50, M|\n|poke|p1|Articuno, L50|\n|poke|p1|Regieleki, L50|\n|poke|p1|Ogerpon-Cornerstone, L50, F|\n|poke|p2|Cresselia, L50, F|\n|poke|p2|Ursaluna, L50, M|\n|poke|p2|Empoleon, L50, F|\n|poke|p2|Enamorus-Therian, L50, F|\n|poke|p2|Skeledirge, L50, F|\n|poke|p2|Pawmot, L50, M|\n|teampreview|4\nSpearstorms has agreed to open team sheets.\nHinkle54 has agreed to open team sheets.\n|showteam|p1|Rillaboom||MiracleSeed|GrassySurge|WoodHammer,FakeOut,GrassyGlide,TeraBlast|||M|||50|,,,,,Water]Urshifu-Rapid-Strike||ChoiceBand|UnseenFist|SurgingStrikes,CloseCombat,AquaJet,PoisonJab|||F|||50|,,,,,Water]Ninetales-Alola||FocusSash|SnowWarning|FreezeDry,AuroraVeil,HelpingHand,Moonblast|||M|||50|,,,,,Ghost]Articuno||BrightPowder|SnowCloak|FreezeDry,Blizzard,Roost,Haze||||||50|,,,,,Ice]Regieleki||LifeOrb|Transistor|EerieImpulse,TeraBlast,Thunderbolt,VoltSwitch||||||50|,,,,,Ice]Ogerpon-Cornerstone||CornerstoneMask|Sturdy|IvyCudgel,SpikyShield,HornLeech,Superpower|||F|||50|,,,,,Rock\n|showteam|p2|Cresselia||CovertCloak|Levitate|TrickRoom,AllySwitch,LunarBlessing,Psychic|||F|||50|,,,,,Water]Ursaluna||FlameOrb|Guts|BrickBreak,RockSlide,Protect,HeavySlam|||M|||50|,,,,,Ghost]Empoleon||SitrusBerry|Competitive|IceBeam,FlashCannon,Protect,WaterPledge|||F|||50|,,,,,Grass]Enamorus-Therian||LifeOrb|Overcoat|Protect,DazzlingGleam,EarthPower,MysticalFire|||F|||50|,,,,,Steel]Skeledirge||RockyHelmet|Unaware|TorchSong,HeatWave,Protect,EarthPower|||F|||50|,,,,,Grass]Pawmot||FocusSash|VoltAbsorb|FakeOut,RevivalBlessing,DoubleShock,CloseCombat|||M|||50|,,,,,Electric\n|\n|t:|1700943985\n|start\n|switch|p1a: Ninetales|Ninetales-Alola, L50, M|100\/100\n|switch|p1b: Regieleki|Regieleki, L50|100\/100\n|switch|p2a: Cresselia|Cresselia, L50, F|100\/100\n|switch|p2b: Ursaluna|Ursaluna, L50, M|100\/100\n|-weather|Snow|[from] ability: Snow Warning|[of] p1a: Ninetales\n|turn|1\n|\n|t:|1700944013\n|move|p2b: Ursaluna|Protect|p2b: Ursaluna\n|-singleturn|p2b: Ursaluna|Protect\n|move|p1b: Regieleki|Eerie Impulse|p2a: Cresselia\n|-unboost|p2a: Cresselia|spa|2\n|move|p1a: Ninetales|Aurora Veil|p1a: Ninetales\n|-sidestart|p1: Spearstorms|move: Aurora Veil\n|move|p2a: Cresselia|Trick Room|p2a: Cresselia\n|-fieldstart|move: Trick Room|[of] p2a: Cresselia\n|\n|-weather|Snow|[upkeep]\n|-status|p2b: Ursaluna|brn|[from] item: Flame Orb\n|upkeep\n|turn|2\n|\n|t:|1700944042\n|-terastallize|p2b: Ursaluna|Ghost\n|-terastallize|p1b: Regieleki|Ice\n|move|p2a: Cresselia|Ally Switch|p2a: Cresselia\n|swap|p2a: Cresselia|1|[from] move: Ally Switch\n|move|p2a: Ursaluna|Brick Break|p1b: Regieleki\n|-sideend|p1: Spearstorms|move: Aurora Veil\n|-supereffective|p1b: Regieleki\n|-damage|p1b: Regieleki|0 fnt\n|faint|p1b: Regieleki\n|move|p1a: Ninetales|Freeze-Dry|p2b: Cresselia\n|-damage|p2b: Cresselia|87\/100\n|\n|-weather|Snow|[upkeep]\n|-damage|p2a: Ursaluna|95\/100 brn|[from] brn\n|upkeep\n|\n|t:|1700944053\n|switch|p1b: Ogerpon|Ogerpon-Cornerstone, L50, F|100\/100\n|turn|3\n|\n|t:|1700944075\n|move|p2a: Ursaluna|Rock Slide|p1a: Ninetales|[spread] p1b\n|-miss|p2a: Ursaluna|p1a: Ninetales\n|-damage|p1b: Ogerpon|57\/100\n|move|p2b: Cresselia|Psychic|p1a: Ninetales\n|-damage|p1a: Ninetales|84\/100\n|move|p1a: Ninetales|Moonblast|p2b: Cresselia\n|-damage|p2b: Cresselia|69\/100\n|cant|p1b: Ogerpon|flinch\n|\n|-weather|Snow|[upkeep]\n|-damage|p2a: Ursaluna|89\/100 brn|[from] brn\n|upkeep\n|turn|4\n|\n|t:|1700944093\n|move|p1b: Ogerpon|Spiky Shield|p1b: Ogerpon\n|-singleturn|p1b: Ogerpon|move: Protect\n|move|p2a: Ursaluna|Rock Slide|p1a: Ninetales|[spread] \n|-activate|p1b: Ogerpon|move: Protect\n|-miss|p2a: Ursaluna|p1a: Ninetales\n|move|p2b: Cresselia|Psychic|p1b: Ogerpon\n|-activate|p1b: Ogerpon|move: Protect\n|move|p1a: Ninetales|Moonblast|p2b: Cresselia\n|-damage|p2b: Cresselia|51\/100\n|\n|-weather|Snow|[upkeep]\n|-damage|p2a: Ursaluna|83\/100 brn|[from] brn\n|upkeep\n|turn|5\n|\n|t:|1700944113\n|move|p2a: Ursaluna|Brick Break|p1b: Ogerpon\n|-supereffective|p1b: Ogerpon\n|-damage|p1b: Ogerpon|0 fnt\n|faint|p1b: Ogerpon\n|move|p2b: Cresselia|Lunar Blessing|p2b: Cresselia|[spread] p2a,p2b\n|-heal|p2a: Ursaluna|100\/100 brn\n|-curestatus|p2a: Ursaluna|brn|[msg]\n|-heal|p2b: Cresselia|76\/100\n|move|p1a: Ninetales|Aurora Veil|p1a: Ninetales\n|-sidestart|p1: Spearstorms|move: Aurora Veil\n|\n|-weather|none\n|-fieldend|move: Trick Room\n|-status|p2a: Ursaluna|brn|[from] item: Flame Orb\n|upkeep\n|\n|t:|1700944118\n|switch|p1b: Urshifu|Urshifu-Rapid-Strike, L50, F|100\/100\n|turn|6\n|\n|t:|1700944137\n|move|p1a: Ninetales|Moonblast|p2b: Cresselia\n|-crit|p2b: Cresselia\n|-damage|p2b: Cresselia|48\/100\n|move|p1b: Urshifu|Surging Strikes|p2b: Cresselia\n|-crit|p2b: Cresselia\n|-damage|p2b: Cresselia|25\/100\n|-crit|p2b: Cresselia\n|-damage|p2b: Cresselia|4\/100\n|-crit|p2b: Cresselia\n|-damage|p2b: Cresselia|0 fnt\n|faint|p2b: Cresselia\n|-hitcount|p2: Cresselia|3\n|move|p2a: Ursaluna|Brick Break|p1b: Urshifu\n|-sideend|p1: Spearstorms|move: Aurora Veil\n|-damage|p1b: Urshifu|57\/100\n|\n|-damage|p2a: Ursaluna|95\/100 brn|[from] brn\n|upkeep\n|\n|t:|1700944153\n|switch|p2b: Pawmot|Pawmot, L50, M|100\/100\n|turn|7\n|\n|t:|1700944160\n|move|p2b: Pawmot|Fake Out|p1b: Urshifu\n|-crit|p1b: Urshifu\n|-damage|p1b: Urshifu|35\/100\n|move|p1a: Ninetales|Moonblast|p2b: Pawmot\n|-supereffective|p2b: Pawmot\n|-enditem|p2b: Pawmot|Focus Sash\n|-damage|p2b: Pawmot|1\/100\n|cant|p1b: Urshifu|flinch\n|move|p2a: Ursaluna|Heavy Slam|p1a: Ninetales\n|-supereffective|p1a: Ninetales\n|-crit|p1a: Ninetales\n|-damage|p1a: Ninetales|0 fnt\n|faint|p1a: Ninetales\n|\n|-damage|p2a: Ursaluna|89\/100 brn|[from] brn\n|upkeep\n|turn|8\n|c|\u2606Spearstorms|ggs\n|\n|t:|1700944181\n|move|p2b: Pawmot|Double Shock|p1b: Urshifu\n|-supereffective|p1b: Urshifu\n|-damage|p1b: Urshifu|0 fnt\n|-start|p2b: Pawmot|typechange|???\/Fighting|[from] move: Double Shock\n|faint|p1b: Urshifu\n|\n|win|Hinkle54\n","uploadtime":1700944187,"views":33,"p1id":"spearstorms","p2id":"hinkle54","formatid":"gen9vgc2023regulatione","rating":0,"private":0,"password":""}