{"id":"gen9vgc2023regulatione-1999620986","p1":"WickedCheeseTouch","p2":"Super Melusine","format":"[Gen 9] VGC 2023 Regulation E","log":"|j|\u2606WickedCheeseTouch\n|j|\u2606Super Melusine\n|n|\u2606WickedCheeseTouch|wickedcheesetouch\n|n|\u2606Super Melusine|supermelusine\n|html|View the match progress at <a href=\"\/game-bestof3-gen9vgc2023regulatione-1999615856\">game-bestof3-gen9vgc2023regulatione-1999615856<\/a>\n|t:|1701101934\n|gametype|doubles\n|player|p1|WickedCheeseTouch|lucas|\n|player|p2|Super Melusine|101|\n|teamsize|p1|6\n|teamsize|p2|6\n|gen|9\n|tier|[Gen 9] VGC 2023 Regulation E\n|rated|Tournament battle\n|rule|Species Clause: Limit one of each Pok\u00e9mon\n|rule|Item Clause: Limit one of each item\n|clearpoke\n|poke|p1|Gholdengo, L50|\n|poke|p1|Tornadus, L50, M|\n|poke|p1|Urshifu-*, L50, M|\n|poke|p1|Rillaboom, L50, M|\n|poke|p1|Arcanine-Hisui, L50, M|\n|poke|p1|Flutter Mane, L50|\n|poke|p2|Flutter Mane, L50|\n|poke|p2|Arcanine-Hisui, L50, F|\n|poke|p2|Urshifu-*, L50, M|\n|poke|p2|Ogerpon-Wellspring, L50, F|\n|poke|p2|Cresselia, L50, F|\n|poke|p2|Ursaluna, L50, M|\n|teampreview|4\n|showteam|p1|Gholdengo||ChoiceSpecs|GoodasGold|MakeItRain,ShadowBall,Thunderbolt,Trick||||||50|,,,,,Steel]Tornadus||RockyHelmet|Prankster|BleakwindStorm,Tailwind,RainDance,Protect|||M|||50|,,,,,Steel]Urshifu-Rapid-Strike||SplashPlate|UnseenFist|SurgingStrikes,CloseCombat,AquaJet,Protect|||M|||50|,,,,,Water]Rillaboom||AssaultVest|GrassySurge|FakeOut,WoodHammer,GrassyGlide,Uturn|||M|||50|,,,,,Fire]Arcanine-Hisui||SitrusBerry|Intimidate|FlareBlitz,RockSlide,ExtremeSpeed,WillOWisp|||M|||50|,,,,,Water]Flutter Mane||BoosterEnergy|Protosynthesis|Moonblast,DazzlingGleam,ShadowBall,Protect||||||50|,,,,,Fairy\n|showteam|p2|Flutter Mane||ChoiceSpecs|Protosynthesis|DazzlingGleam,ShadowBall,Moonblast,MysticalFire||||||50|,,,,,Water]Arcanine-Hisui||LifeOrb|Intimidate|FlareBlitz,RockSlide,ExtremeSpeed,Protect|||F|||50|,,,,,Water]Urshifu||FocusSash|UnseenFist|WickedBlow,SuckerPunch,CloseCombat,Protect|||M|||50|,,,,,Dark]Ogerpon-Wellspring||WellspringMask|WaterAbsorb|SpikyShield,IvyCudgel,FollowMe,HornLeech|||F|||50|,,,,,Water]Cresselia||RockyHelmet|Levitate|Moonblast,TrickRoom,AllySwitch,LunarBlessing|||F|||50|,,,,,Fairy]Ursaluna||FlameOrb|Guts|Facade,Earthquake,SwordsDance,Protect|||M|||50|,,,,,Dragon\n|inactive|Battle timer is ON: inactive players will automatically lose when time's up. (requested by Super Melusine)\n|\n|t:|1701101974\n|start\n|switch|p1a: Gholdengo|Gholdengo, L50|100\/100\n|switch|p1b: Tornadus|Tornadus, L50, M, shiny|100\/100\n|switch|p2a: Ogerpon|Ogerpon-Wellspring, L50, F|100\/100\n|switch|p2b: Cresselia|Cresselia, L50, F|100\/100\n|turn|1\n|j| kidturtle\n|inactive|Super Melusine has 30 seconds left.\n|\n|t:|1701102003\n|switch|p1b: Rillaboom|Rillaboom, L50, M, shiny|100\/100\n|-fieldstart|move: Grassy Terrain|[from] ability: Grassy Surge|[of] p1b: Rillaboom\n|move|p2a: Ogerpon|Follow Me|p2a: Ogerpon\n|-singleturn|p2a: Ogerpon|move: Follow Me\n|move|p1a: Gholdengo|Make It Rain|p2b: Cresselia|[spread] p2a,p2b\n|-resisted|p2a: Ogerpon\n|-damage|p2a: Ogerpon|69\/100\n|-damage|p2b: Cresselia|56\/100\n|-unboost|p1a: Gholdengo|spa|1\n|move|p2b: Cresselia|Trick Room|p2b: Cresselia\n|-fieldstart|move: Trick Room|[of] p2b: Cresselia\n|\n|-heal|p2a: Ogerpon|75\/100|[from] Grassy Terrain\n|upkeep\n|turn|2\n|\n|t:|1701102018\n|switch|p1a: Flutter Mane|Flutter Mane, L50, shiny|100\/100\n|-enditem|p1a: Flutter Mane|Booster Energy\n|-activate|p1a: Flutter Mane|ability: Protosynthesis|[fromitem]\n|-start|p1a: Flutter Mane|protosynthesisspa\n|switch|p2a: Arcanine|Arcanine-Hisui, L50, F|100\/100\n|-ability|p2a: Arcanine|Intimidate|boost\n|-unboost|p1a: Flutter Mane|atk|1\n|-unboost|p1b: Rillaboom|atk|1\n|move|p2b: Cresselia|Lunar Blessing|p2b: Cresselia|[spread] p2a,p2b\n|-heal|p2b: Cresselia|81\/100\n|move|p1b: Rillaboom|Wood Hammer|p2a: Arcanine\n|-damage|p2a: Arcanine|44\/100\n|-damage|p1b: Rillaboom|83\/100|[from] Recoil\n|\n|-heal|p2a: Arcanine|50\/100|[from] Grassy Terrain\n|-heal|p1b: Rillaboom|89\/100|[from] Grassy Terrain\n|upkeep\n|turn|3\n|\n|t:|1701102037\n|switch|p2b: Ursaluna|Ursaluna, L50, M|100\/100\n|move|p1a: Flutter Mane|Protect|p1a: Flutter Mane\n|-singleturn|p1a: Flutter Mane|Protect\n|move|p1b: Rillaboom|U-turn|p2b: Ursaluna\n|-damage|p2b: Ursaluna|88\/100\n|\n|t:|1701102043\n|switch|p1b: Tornadus|Tornadus, L50, M, shiny|100\/100|[from] U-turn\n|move|p2a: Arcanine|Flare Blitz|p1b: Tornadus\n|-damage|p1b: Tornadus|31\/100\n|-damage|p2a: Arcanine|34\/100|[from] item: Rocky Helmet|[of] p1b: Tornadus\n|-damage|p2a: Arcanine|11\/100|[from] Recoil\n|-damage|p2a: Arcanine|2\/100|[from] item: Life Orb\n|\n|-heal|p2b: Ursaluna|94\/100|[from] Grassy Terrain\n|-heal|p2a: Arcanine|8\/100|[from] Grassy Terrain\n|-status|p2b: Ursaluna|brn|[from] item: Flame Orb\n|upkeep\n|turn|4\n|\n|t:|1701102063\n|switch|p2a: Cresselia|Cresselia, L50, F|81\/100\n|move|p1b: Tornadus|Rain Dance|p1b: Tornadus\n|-weather|RainDance\n|move|p2b: Ursaluna|Earthquake|p1b: Tornadus|[spread] p1a\n|-immune|p2a: Cresselia|[from] ability: Levitate\n|-immune|p1b: Tornadus\n|-damage|p1a: Flutter Mane|51\/100\n|move|p1a: Flutter Mane|Dazzling Gleam|p2b: Ursaluna|[spread] p2a,p2b\n|-damage|p2a: Cresselia|56\/100\n|-damage|p2b: Ursaluna|57\/100 brn\n|\n|-weather|RainDance|[upkeep]\n|-heal|p2b: Ursaluna|62\/100 brn|[from] Grassy Terrain\n|-heal|p1a: Flutter Mane|57\/100|[from] Grassy Terrain\n|-damage|p2b: Ursaluna|57\/100 brn|[from] brn\n|upkeep\n|turn|5\n|j| L16904\n|\n|t:|1701102085\n|switch|p1b: Gholdengo|Gholdengo, L50|100\/100\n|move|p1a: Flutter Mane|Protect|p1a: Flutter Mane\n|-singleturn|p1a: Flutter Mane|Protect\n|move|p2b: Ursaluna|Swords Dance|p2b: Ursaluna\n|-boost|p2b: Ursaluna|atk|2\n|move|p2a: Cresselia|Lunar Blessing|p2a: Cresselia|[spread] p2a,p2b\n|-heal|p2a: Cresselia|81\/100\n|-heal|p2b: Ursaluna|82\/100 brn\n|-curestatus|p2b: Ursaluna|brn|[msg]\n|\n|-weather|RainDance|[upkeep]\n|-heal|p2b: Ursaluna|87\/100|[from] Grassy Terrain\n|-heal|p1a: Flutter Mane|63\/100|[from] Grassy Terrain\n|-fieldend|move: Trick Room\n|-fieldend|move: Grassy Terrain\n|-status|p2b: Ursaluna|brn|[from] item: Flame Orb\n|upkeep\n|turn|6\n|\n|t:|1701102109\n|-terastallize|p1b: Gholdengo|Steel\n|move|p2a: Cresselia|Ally Switch|p2a: Cresselia\n|swap|p2a: Cresselia|1|[from] move: Ally Switch\n|move|p1a: Flutter Mane|Dazzling Gleam|p2a: Ursaluna|[spread] p2a,p2b\n|-damage|p2a: Ursaluna|51\/100 brn\n|-damage|p2b: Cresselia|56\/100\n|move|p1b: Gholdengo|Make It Rain|p2b: Cresselia|[spread] p2a,p2b\n|-damage|p2a: Ursaluna|0 fnt\n|-damage|p2b: Cresselia|0 fnt\n|-unboost|p1b: Gholdengo|spa|1\n|faint|p2a: Ursaluna\n|faint|p2b: Cresselia\n|\n|-weather|RainDance|[upkeep]\n|upkeep\n|-message|Super Melusine forfeited.\n|\n|win|WickedCheeseTouch\n|l|\u2606Super Melusine\n","uploadtime":1701102122,"views":9,"p1id":"wickedcheesetouch","p2id":"supermelusine","formatid":"gen9vgc2023regulatione","rating":0,"private":0,"password":""}