{"id":"gen9vgc2023regulatione-1990186151","p1":"Rexluser","p2":"Kzrkrzov","format":"[Gen 9] VGC 2023 Regulation E","log":"|j|\u2606Rexluser\n|j|\u2606Kzrkrzov\n|t:|1699934464\n|gametype|doubles\n|player|p1|Rexluser|265|1105\n|player|p2|Kzrkrzov|lance|1166\n|teamsize|p1|6\n|teamsize|p2|6\n|gen|9\n|tier|[Gen 9] VGC 2023 Regulation E\n|rated|\n|rule|Species Clause: Limit one of each Pok\u00e9mon\n|rule|Item Clause: Limit one of each item\n|clearpoke\n|poke|p1|Enamorus, L50, F|\n|poke|p1|Passimian, L50, F|\n|poke|p1|Dugtrio-Alola, L50, F|\n|poke|p1|Tornadus, L50, M|\n|poke|p1|Farigiraf, L50, F|\n|poke|p1|Rillaboom, L50, M|\n|poke|p2|Flutter Mane, L50|\n|poke|p2|Tornadus, L50, M|\n|poke|p2|Rillaboom, L50, M|\n|poke|p2|Garganacl, L50, M|\n|poke|p2|Arcanine-Hisui, L50, M|\n|poke|p2|Chien-Pao, L50|\n|teampreview|4\n|inactive|Battle timer is ON: inactive players will automatically lose when time's up. (requested by Rexluser)\n|\n|t:|1699934480\n|start\n|switch|p1a: Enamorus|Enamorus, L50, F|100\/100\n|switch|p1b: Passimian|Passimian, L50, F|100\/100\n|switch|p2a: Tornadus|Tornadus, L50, M|100\/100\n|switch|p2b: Garganacl|Garganacl, L50, M|100\/100\n|turn|1\n|\n|t:|1699934501\n|-terastallize|p2b: Garganacl|Ghost\n|move|p1b: Passimian|Protect|p1b: Passimian\n|-singleturn|p1b: Passimian|Protect\n|move|p2a: Tornadus|Taunt|p1b: Passimian\n|-activate|p1b: Passimian|move: Protect\n|move|p1a: Enamorus|Misty Explosion|p2a: Tornadus|[spread] p2a,p2b\n|-activate|p1b: Passimian|move: Protect\n|-damage|p2a: Tornadus|56\/100\n|-damage|p2b: Garganacl|67\/100\n|faint|p1a: Enamorus\n|-ability|p1b: Passimian|Contrary|[from] ability: Receiver|[of] p1a: Enamorus\n|move|p2b: Garganacl|Salt Cure|p1b: Passimian\n|-activate|p1b: Passimian|move: Protect\n|\n|upkeep\n|\n|t:|1699934515\n|switch|p1a: Dugtrio|Dugtrio-Alola, L50, F|100\/100\n|turn|2\n|\n|t:|1699934539\n|-terastallize|p1b: Passimian|Fire\n|move|p2a: Tornadus|Tailwind|p2a: Tornadus\n|-sidestart|p2: Kzrkrzov|move: Tailwind\n|move|p1a: Dugtrio|Charm|p1b: Passimian\n|-boost|p1b: Passimian|atk|2\n|move|p2b: Garganacl|Salt Cure|p1b: Passimian\n|-supereffective|p1b: Passimian\n|-damage|p1b: Passimian|68\/100\n|-start|p1b: Passimian|Salt Cure\n|move|p1b: Passimian|Iron Head|p2b: Garganacl\n|-crit|p2b: Garganacl\n|-damage|p2b: Garganacl|15\/100\n|-enditem|p2b: Garganacl|Sitrus Berry|[eat]\n|-heal|p2b: Garganacl|40\/100|[from] item: Sitrus Berry\n|\n|-heal|p1b: Passimian|75\/100|[from] item: Leftovers\n|-damage|p1b: Passimian|62\/100|[from] Salt Cure\n|upkeep\n|turn|3\n|\n|t:|1699934552\n|move|p2b: Garganacl|Protect|p2b: Garganacl\n|-singleturn|p2b: Garganacl|Protect\n|move|p2a: Tornadus|Taunt|p1a: Dugtrio\n|-start|p1a: Dugtrio|move: Taunt\n|cant|p1a: Dugtrio|move: Taunt|Charm\n|move|p1b: Passimian|Iron Head|p2b: Garganacl\n|-activate|p2b: Garganacl|move: Protect\n|\n|-heal|p1b: Passimian|68\/100|[from] item: Leftovers\n|-damage|p1b: Passimian|56\/100|[from] Salt Cure\n|upkeep\n|turn|4\n|\n|t:|1699934561\n|-activate|p1a: Dugtrio|move: Struggle\n|move|p1a: Dugtrio|Struggle|p2b: Garganacl\n|-damage|p2b: Garganacl|33\/100\n|-damage|p1a: Dugtrio|75\/100|[from] recoil\n|move|p2a: Tornadus|Bleakwind Storm|p1a: Dugtrio|[spread] p1b\n|-miss|p2a: Tornadus|p1a: Dugtrio\n|-damage|p1b: Passimian|21\/100\n|move|p1b: Passimian|Iron Head|p2b: Garganacl\n|-damage|p2b: Garganacl|0 fnt\n|faint|p2b: Garganacl\n|\n|-heal|p1b: Passimian|27\/100|[from] item: Leftovers\n|-damage|p1b: Passimian|15\/100|[from] Salt Cure\n|upkeep\n|\n|t:|1699934570\n|switch|p2b: Rillaboom|Rillaboom, L50, M|100\/100\n|-fieldstart|move: Grassy Terrain|[from] ability: Grassy Surge|[of] p2b: Rillaboom\n|turn|5\n|\n|t:|1699934580\n|switch|p1b: Rillaboom|Rillaboom, L50, M|100\/100\n|move|p2b: Rillaboom|Fake Out|p1b: Rillaboom\n|-crit|p1b: Rillaboom\n|-damage|p1b: Rillaboom|81\/100\n|-activate|p1a: Dugtrio|move: Struggle\n|move|p1a: Dugtrio|Struggle|p2a: Tornadus\n|-damage|p2a: Tornadus|44\/100\n|-damage|p1a: Dugtrio|59\/100|[from] item: Rocky Helmet|[of] p2a: Tornadus\n|-damage|p1a: Dugtrio|34\/100|[from] recoil\n|move|p2a: Tornadus|Bleakwind Storm|p1a: Dugtrio|[spread] p1a,p1b\n|-resisted|p1a: Dugtrio\n|-supereffective|p1b: Rillaboom\n|-damage|p1a: Dugtrio|6\/100\n|-damage|p1b: Rillaboom|40\/100\n|\n|-heal|p1a: Dugtrio|12\/100|[from] Grassy Terrain\n|-heal|p1b: Rillaboom|45\/100|[from] Grassy Terrain\n|-end|p1a: Dugtrio|move: Taunt\n|-sideend|p2: Kzrkrzov|move: Tailwind\n|upkeep\n|turn|6\n|\n|t:|1699934591\n|move|p1b: Rillaboom|Fake Out|p2a: Tornadus\n|-damage|p2a: Tornadus|26\/100\n|-damage|p1b: Rillaboom|29\/100|[from] item: Rocky Helmet|[of] p2a: Tornadus\n|move|p2b: Rillaboom|Grassy Glide|p1a: Dugtrio\n|-damage|p1a: Dugtrio|0 fnt\n|-ability|p1a: Dugtrio|Tangling Hair\n|-unboost|p2b: Rillaboom|spe|1\n|faint|p1a: Dugtrio\n|cant|p2a: Tornadus|flinch\n|\n|-heal|p1b: Rillaboom|35\/100|[from] Grassy Terrain\n|upkeep\n|\n|t:|1699934594\n|switch|p1a: Passimian|Passimian, L50, F, tera:Fire|15\/100\n|turn|7\n|\n|t:|1699934601\n|move|p2a: Tornadus|Tailwind|p2a: Tornadus\n|-sidestart|p2: Kzrkrzov|move: Tailwind\n|move|p2b: Rillaboom|Wood Hammer|p1a: Passimian\n|-resisted|p1a: Passimian\n|-damage|p1a: Passimian|0 fnt\n|faint|p1a: Passimian\n|-damage|p2b: Rillaboom|96\/100|[from] Recoil\n|move|p1b: Rillaboom|Drum Beating|p2a: Tornadus\n|-resisted|p2a: Tornadus\n|-damage|p2a: Tornadus|0 fnt\n|faint|p2a: Tornadus\n|\n|-heal|p2b: Rillaboom|100\/100|[from] Grassy Terrain\n|-heal|p1b: Rillaboom|41\/100|[from] Grassy Terrain\n|upkeep\n|\n|t:|1699934604\n|switch|p2a: Chien-Pao|Chien-Pao, L50|100\/100\n|-ability|p2a: Chien-Pao|Sword of Ruin\n|turn|8\n|-message|Rexluser forfeited.\n|\n|win|Kzrkrzov\n|raw|Rexluser's rating: 1105 &rarr; <strong>1084<\/strong><br \/>(-21 for losing)\n|raw|Kzrkrzov's rating: 1166 &rarr; <strong>1187<\/strong><br \/>(+21 for winning)\n|l|\u2606Rexluser\n","uploadtime":1699934610,"views":9,"p1id":"rexluser","p2id":"kzrkrzov","formatid":"gen9vgc2023regulatione","rating":1084,"private":0,"password":""}