{"id":"gen9vgc2023regulatione-1994310122","p1":"Pete8738","p2":"PunkRockObstagoon","format":"[Gen 9] VGC 2023 Regulation E","log":"|j|\u2606Pete8738\n|j|\u2606PunkRockObstagoon\n|t:|1700429668\n|gametype|doubles\n|player|p1|Pete8738|170|1344\n|player|p2|PunkRockObstagoon|hilbert|1390\n|teamsize|p1|6\n|teamsize|p2|6\n|gen|9\n|tier|[Gen 9] VGC 2023 Regulation E\n|rated|\n|rule|Species Clause: Limit one of each Pok\u00e9mon\n|rule|Item Clause: Limit one of each item\n|clearpoke\n|poke|p1|Gholdengo, L50|\n|poke|p1|Amoonguss, L50, M|\n|poke|p1|Roaring Moon, L50|\n|poke|p1|Sinistcha-Masterpiece, L50|\n|poke|p1|Tornadus, L50, M|\n|poke|p1|Iron Bundle, L50|\n|poke|p2|Spinarak, L50, M|\n|poke|p2|Tatsugiri-Droopy, L50, M|\n|poke|p2|Urshifu-*, L50, M|\n|poke|p2|Lurantis, L50, F|\n|poke|p2|Gholdengo, L50|\n|poke|p2|Farigiraf, L50, F|\n|teampreview|4\n|inactive|Battle timer is ON: inactive players will automatically lose when time's up. (requested by PunkRockObstagoon)\n|inactive|Pete8738 also wants the timer to be on.\n|inactive|Pete8738 has 60 seconds left.\n|\n|t:|1700429699\n|start\n|switch|p1a: Roaring Moon|Roaring Moon, L50|100\/100\n|switch|p1b: Sinistcha|Sinistcha-Masterpiece, L50|100\/100\n|switch|p2a: Gholdengo|Gholdengo, L50|100\/100\n|switch|p2b: Farigiraf|Farigiraf, L50, F|100\/100\n|-enditem|p1a: Roaring Moon|Booster Energy\n|-activate|p1a: Roaring Moon|ability: Protosynthesis|[fromitem]\n|-start|p1a: Roaring Moon|protosynthesisatk\n|turn|1\n|inactive|Pete8738 has 30 seconds left.\n|\n|t:|1700429724\n|-terastallize|p1b: Sinistcha|Steel\n|move|p2b: Farigiraf|Protect|p2b: Farigiraf\n|-singleturn|p2b: Farigiraf|Protect\n|move|p1a: Roaring Moon|Knock Off|p2b: Farigiraf\n|-activate|p2b: Farigiraf|move: Protect\n|move|p2a: Gholdengo|Make It Rain|p1a: Roaring Moon|[spread] p1a,p1b\n|-resisted|p1b: Sinistcha\n|-damage|p1a: Roaring Moon|45\/100\n|-damage|p1b: Sinistcha|74\/100\n|-unboost|p2a: Gholdengo|spa|1\n|-enditem|p2a: Gholdengo|Eject Pack\n|\n|t:|1700429733\n|switch|p2a: Lurantis|Lurantis, L50, F|100\/100\n|move|p1b: Sinistcha|Nasty Plot|p1b: Sinistcha\n|-boost|p1b: Sinistcha|spa|2\n|\n|upkeep\n|turn|2\n|\n|t:|1700429743\n|move|p1a: Roaring Moon|Acrobatics|p2a: Lurantis\n|-supereffective|p2a: Lurantis\n|-damage|p2a: Lurantis|0 fnt\n|faint|p2a: Lurantis\n|move|p1b: Sinistcha|Matcha Gotcha|p2b: Farigiraf\n|-damage|p2b: Farigiraf|38\/100\n|-heal|p1b: Sinistcha|100\/100|[from] drain|[of] p2b: Farigiraf\n|move|p2b: Farigiraf|Trick Room|p2b: Farigiraf\n|-fieldstart|move: Trick Room|[of] p2b: Farigiraf\n|\n|upkeep\n|\n|t:|1700429758\n|switch|p2a: Gholdengo|Gholdengo, L50|100\/100\n|turn|3\n|\n|t:|1700429763\n|-terastallize|p2a: Gholdengo|Fighting\n|move|p1a: Roaring Moon|Protect|p1a: Roaring Moon\n|-singleturn|p1a: Roaring Moon|Protect\n|move|p2b: Farigiraf|Hyper Voice|p1b: Sinistcha|[spread] p1b\n|-activate|p1a: Roaring Moon|move: Protect\n|-resisted|p1b: Sinistcha\n|-damage|p1b: Sinistcha|85\/100\n|move|p1b: Sinistcha|Shadow Ball|p2a: Gholdengo\n|-damage|p2a: Gholdengo|38\/100\n|move|p2a: Gholdengo|Tera Blast|p1b: Sinistcha|[anim] Tera Blast Fighting\n|-supereffective|p1b: Sinistcha\n|-damage|p1b: Sinistcha|0 fnt\n|faint|p1b: Sinistcha\n|\n|upkeep\n|\n|t:|1700429778\n|switch|p1b: Gholdengo|Gholdengo, L50|100\/100\n|turn|4\n|\n|t:|1700429788\n|move|p2b: Farigiraf|Hyper Voice|p1a: Roaring Moon|[spread] p1a\n|-immune|p1b: Gholdengo\n|-damage|p1a: Roaring Moon|12\/100\n|move|p2a: Gholdengo|Shadow Ball|p1b: Gholdengo\n|-supereffective|p1b: Gholdengo\n|-damage|p1b: Gholdengo|0 fnt\n|faint|p1b: Gholdengo\n|move|p1a: Roaring Moon|Acrobatics|p2a: Gholdengo\n|-supereffective|p2a: Gholdengo\n|-damage|p2a: Gholdengo|0 fnt\n|faint|p2a: Gholdengo\n|\n|upkeep\n|\n|t:|1700429795\n|switch|p2a: Tatsugiri|Tatsugiri-Droopy, L50, M|100\/100\n|switch|p1b: Iron Bundle|Iron Bundle, L50|100\/100\n|turn|5\n|\n|t:|1700429805\n|move|p2b: Farigiraf|Protect|p2b: Farigiraf\n|-singleturn|p2b: Farigiraf|Protect\n|move|p1a: Roaring Moon|Protect|p1a: Roaring Moon\n|-singleturn|p1a: Roaring Moon|Protect\n|move|p2a: Tatsugiri|Substitute|p2a: Tatsugiri\n|-start|p2a: Tatsugiri|Substitute\n|-damage|p2a: Tatsugiri|76\/100\n|move|p1b: Iron Bundle|Freeze-Dry|p2a: Tatsugiri\n|-supereffective|p2a: Tatsugiri\n|-end|p2a: Tatsugiri|Substitute\n|\n|-heal|p2a: Tatsugiri|82\/100|[from] item: Leftovers\n|upkeep\n|turn|6\n|\n|t:|1700429823\n|move|p2a: Tatsugiri|Protect|p2a: Tatsugiri\n|-singleturn|p2a: Tatsugiri|Protect\n|move|p2b: Farigiraf|Hyper Voice|p1b: Iron Bundle|[spread] p1a,p1b\n|-damage|p1a: Roaring Moon|0 fnt\n|-damage|p1b: Iron Bundle|24\/100\n|faint|p1a: Roaring Moon\n|-end|p1a: Roaring Moon|Protosynthesis|[silent]\n|move|p1b: Iron Bundle|Freeze-Dry|p2a: Tatsugiri\n|-activate|p2a: Tatsugiri|move: Protect\n|\n|-heal|p2a: Tatsugiri|87\/100|[from] item: Leftovers\n|-fieldend|move: Trick Room\n|upkeep\n|turn|7\n|\n|t:|1700429835\n|move|p1b: Iron Bundle|Hydro Pump|p2a: Tatsugiri\n|-activate|p2a: Tatsugiri|ability: Storm Drain\n|-ability|p2a: Tatsugiri|Storm Drain|boost\n|-boost|p2a: Tatsugiri|spa|1\n|move|p2a: Tatsugiri|Substitute|p2a: Tatsugiri\n|-start|p2a: Tatsugiri|Substitute\n|-damage|p2a: Tatsugiri|63\/100\n|move|p2b: Farigiraf|Trick Room|p2b: Farigiraf\n|-fieldstart|move: Trick Room|[of] p2b: Farigiraf\n|\n|-heal|p2a: Tatsugiri|68\/100|[from] item: Leftovers\n|upkeep\n|turn|8\n|-message|Pete8738 forfeited.\n|\n|win|PunkRockObstagoon\n|raw|Pete8738's rating: 1344 &rarr; <strong>1328<\/strong><br \/>(-16 for losing)\n|raw|PunkRockObstagoon's rating: 1406 &rarr; <strong>1422<\/strong><br \/>(+16 for winning)\n|l|\u2606Pete8738\n","uploadtime":1700429847,"views":4,"p1id":"pete8738","p2id":"punkrockobstagoon","formatid":"gen9vgc2023regulatione","rating":1328,"private":0,"password":""}