{"id":"gen9vgc2023regulatione-1995323259","p1":"Crapa3","p2":"PMTrainerMugi","format":"[Gen 9] VGC 2023 Regulation E","log":"|j|\u2606Crapa3\n|j|\u2606PMTrainerMugi\n|t:|1700553641\n|gametype|doubles\n|player|p1|Crapa3|265|1469\n|player|p2|PMTrainerMugi|iris-gen5bw2|1604\n|teamsize|p1|6\n|teamsize|p2|6\n|gen|9\n|tier|[Gen 9] VGC 2023 Regulation E\n|rated|\n|rule|Species Clause: Limit one of each Pok\u00e9mon\n|rule|Item Clause: Limit one of each item\n|clearpoke\n|poke|p1|Dusclops, L50, F|\n|poke|p1|Ursaluna-Bloodmoon, L50, M|\n|poke|p1|Chi-Yu, L50|\n|poke|p1|Volcarona, L50, M|\n|poke|p1|Munkidori, L50, M|\n|poke|p1|Gastrodon, L50, F|\n|poke|p2|Tornadus, L50, M|\n|poke|p2|Rillaboom, L50, M|\n|poke|p2|Flutter Mane, L50|\n|poke|p2|Heatran, L50, F|\n|poke|p2|Arcanine-Hisui, L50, M|\n|poke|p2|Urshifu-*, L50, F|\n|teampreview|4\n|inactive|Battle timer is ON: inactive players will automatically lose when time's up. (requested by Crapa3)\n|\n|t:|1700553685\n|start\n|switch|p1a: Dusclops|Dusclops, L50, F|100\/100\n|switch|p1b: Munkidori|Munkidori, L50, M|100\/100\n|switch|p2a: Tornadus|Tornadus, L50, M, shiny|100\/100\n|switch|p2b: Flutter Mane|Flutter Mane, L50, shiny|100\/100\n|-item|p2a: Tornadus|Mental Herb|[from] ability: Frisk|[of] p1a: Dusclops|[identify]\n|-item|p2b: Flutter Mane|Choice Specs|[from] ability: Frisk|[of] p1a: Dusclops|[identify]\n|turn|1\n|j| meowmeowjoe\n|inactive|Crapa3 has 30 seconds left.\n|\n|t:|1700553711\n|switch|p2a: Rillaboom|Rillaboom, L50, M, shiny|100\/100\n|-fieldstart|move: Grassy Terrain|[from] ability: Grassy Surge|[of] p2a: Rillaboom\n|move|p1b: Munkidori|Fake Out|p2a: Rillaboom\n|-damage|p2a: Rillaboom|94\/100\n|move|p2b: Flutter Mane|Moonblast|p1a: Dusclops\n|-crit|p1a: Dusclops\n|-damage|p1a: Dusclops|45\/100\n|-unboost|p1a: Dusclops|spa|1\n|move|p1a: Dusclops|Trick Room|p1a: Dusclops\n|-fieldstart|move: Trick Room|[of] p1a: Dusclops\n|\n|-heal|p1a: Dusclops|52\/100|[from] Grassy Terrain\n|-heal|p2a: Rillaboom|99\/100|[from] Grassy Terrain\n|upkeep\n|turn|2\n|inactive|PMTrainerMugi has 30 seconds left.\n|\n|t:|1700553738\n|-terastallize|p2b: Flutter Mane|Fairy\n|move|p2a: Rillaboom|Fake Out|p1b: Munkidori\n|-damage|p1b: Munkidori|84\/100\n|move|p1a: Dusclops|Pain Split|p2a: Rillaboom\n|-sethp|p2a: Rillaboom|68\/100|[from] move: Pain Split|[silent]\n|-sethp|p1a: Dusclops|96\/100|[from] move: Pain Split\n|cant|p1b: Munkidori|flinch\n|move|p2b: Flutter Mane|Moonblast|p1a: Dusclops\n|-damage|p1a: Dusclops|40\/100\n|\n|-heal|p1a: Dusclops|46\/100|[from] Grassy Terrain\n|-heal|p1b: Munkidori|90\/100|[from] Grassy Terrain\n|-heal|p2a: Rillaboom|74\/100|[from] Grassy Terrain\n|upkeep\n|turn|3\n|\n|t:|1700553761\n|move|p2a: Rillaboom|Grassy Glide|p1b: Munkidori\n|-resisted|p1b: Munkidori\n|-damage|p1b: Munkidori|67\/100\n|move|p1a: Dusclops|Pain Split|p2b: Flutter Mane\n|-sethp|p2b: Flutter Mane|74\/100|[from] move: Pain Split|[silent]\n|-sethp|p1a: Dusclops|72\/100|[from] move: Pain Split\n|move|p1b: Munkidori|Sludge Bomb|p2b: Flutter Mane\n|-supereffective|p2b: Flutter Mane\n|-damage|p2b: Flutter Mane|0 fnt\n|faint|p2b: Flutter Mane\n|-end|p2b: Flutter Mane|Protosynthesis|[silent]\n|\n|-heal|p1a: Dusclops|78\/100|[from] Grassy Terrain\n|-heal|p1b: Munkidori|73\/100|[from] Grassy Terrain\n|-heal|p2a: Rillaboom|80\/100|[from] Grassy Terrain\n|upkeep\n|inactive|PMTrainerMugi has 30 seconds left.\n|\n|t:|1700553787\n|switch|p2b: Urshifu|Urshifu, L50, F|100\/100\n|turn|4\n|\n|t:|1700553797\n|move|p1a: Dusclops|Will-O-Wisp|p2b: Urshifu\n|-status|p2b: Urshifu|brn\n|move|p1b: Munkidori|Sludge Bomb|p2a: Rillaboom\n|-supereffective|p2a: Rillaboom\n|-damage|p2a: Rillaboom|3\/100\n|move|p2a: Rillaboom|Wood Hammer|p1a: Dusclops\n|-damage|p1a: Dusclops|29\/100\n|-damage|p2a: Rillaboom|0 fnt|[from] Recoil\n|faint|p2a: Rillaboom\n|move|p2b: Urshifu|Wicked Blow|p1a: Dusclops\n|-supereffective|p1a: Dusclops\n|-crit|p1a: Dusclops\n|-damage|p1a: Dusclops|0 fnt\n|faint|p1a: Dusclops\n|\n|-heal|p1b: Munkidori|79\/100|[from] Grassy Terrain\n|-damage|p2b: Urshifu|95\/100 brn|[from] brn\n|upkeep\n|\n|t:|1700553813\n|switch|p1a: Ursaluna|Ursaluna-Bloodmoon, L50, M|100\/100\n|switch|p2a: Tornadus|Tornadus, L50, M, shiny|100\/100\n|turn|5\n|\n|t:|1700553821\n|-terastallize|p1a: Ursaluna|Normal\n|move|p1b: Munkidori|Sludge Bomb|p2b: Urshifu\n|-damage|p2b: Urshifu|17\/100 brn\n|move|p1a: Ursaluna|Hyper Voice|p2a: Tornadus|[spread] p2a,p2b\n|-damage|p2a: Tornadus|36\/100\n|-damage|p2b: Urshifu|0 fnt\n|faint|p2b: Urshifu\n|move|p2a: Tornadus|Bleakwind Storm|p1a: Ursaluna|[spread] p1a\n|-miss|p2a: Tornadus|p1b: Munkidori\n|-damage|p1a: Ursaluna|66\/100\n|-unboost|p1a: Ursaluna|spe|1\n|\n|-heal|p1a: Ursaluna|71\/100|[from] Grassy Terrain\n|-heal|p1b: Munkidori|86\/100|[from] Grassy Terrain\n|-fieldend|move: Trick Room\n|-fieldend|move: Grassy Terrain\n|upkeep\n|turn|6\n|\n|t:|1700553832\n|move|p2a: Tornadus|Bleakwind Storm|p1b: Munkidori|[spread] p1a,p1b\n|-damage|p1a: Ursaluna|35\/100\n|-damage|p1b: Munkidori|47\/100\n|move|p1b: Munkidori|Sludge Bomb|p2a: Tornadus\n|-damage|p2a: Tornadus|0 fnt\n|faint|p2a: Tornadus\n|\n|win|Crapa3\n|raw|Crapa3's rating: 1469 &rarr; <strong>1496<\/strong><br \/>(+27 for winning)\n|raw|PMTrainerMugi's rating: 1604 &rarr; <strong>1577<\/strong><br \/>(-27 for losing)\n|l|\u2606PMTrainerMugi\n|c|\u2606Crapa3|GG\n","uploadtime":1700553868,"views":6,"p1id":"crapa3","p2id":"pmtrainermugi","formatid":"gen9vgc2023regulatione","rating":1496,"private":0,"password":""}