{"id":"gen9vgc2023regulatione-1988760944","p1":"luzonvgc","p2":"GonzaTH","format":"[Gen 9] VGC 2023 Regulation E","log":"|j|\u2606luzonvgc\n|j|\u2606GonzaTH\n|n|\u2606luzonvgc|luzonvgc\n|n|\u2606GonzaTH|gonzath\n|html|View the match progress at <a href=\"\/game-bestof3-gen9vgc2023regulatione-1988758348\">game-bestof3-gen9vgc2023regulatione-1988758348<\/a>\n|t:|1699759700\n|gametype|doubles\n|player|p1|luzonvgc|lisia|\n|player|p2|GonzaTH|2|\n|teamsize|p1|6\n|teamsize|p2|6\n|gen|9\n|tier|[Gen 9] VGC 2023 Regulation E\n|rule|Species Clause: Limit one of each Pok\u00e9mon\n|rule|Item Clause: Limit one of each item\n|clearpoke\n|poke|p1|Dusclops, L50, F|\n|poke|p1|Ogerpon-Cornerstone, L50, F|\n|poke|p1|Chi-Yu, L50|\n|poke|p1|Iron Hands, L50|\n|poke|p1|Landorus-Therian, L50, M|\n|poke|p1|Ursaluna-Bloodmoon, L50, M|\n|poke|p2|Urshifu-*, L50, F|\n|poke|p2|Rillaboom, L50, M|\n|poke|p2|Farigiraf, L50, M|\n|poke|p2|Chien-Pao, L50|\n|poke|p2|Heatran, L50, M|\n|poke|p2|Dragonite, L50, F|\n|teampreview|4\nGonzaTH has agreed to open team sheets.\nluzonvgc has agreed to open team sheets.\n|showteam|p1|Dusclops||Eviolite|Pressure|NightShade,WillOWisp,PainSplit,TrickRoom|||F|||50|,,,,,Dark]Ogerpon-Cornerstone||CornerstoneMask|Sturdy|SpikyShield,IvyCudgel,PowerWhip,FollowMe|||F|||50|,,,,,Rock]Chi-Yu||FocusSash|BeadsofRuin|Protect,DarkPulse,Snarl,Overheat||||||50|,,,,,Ghost]Iron Hands||AssaultVest|QuarkDrive|FakeOut,DrainPunch,WildCharge,HeavySlam||||||50|,,,,,Water]Landorus-Therian||ChoiceScarf|Intimidate|RockSlide,StompingTantrum,TeraBlast,Uturn|||M|||50|,,,,,Flying]Ursaluna-Bloodmoon||LifeOrb|MindsEye|HyperVoice,BloodMoon,EarthPower,Protect|||M|||50|,,,,,Normal\n|showteam|p2|Urshifu-Rapid-Strike||ChoiceScarf|UnseenFist|SurgingStrikes,AquaJet,CloseCombat,Uturn|||F|||50|,,,,,Poison]Rillaboom||MiracleSeed|GrassySurge|WoodHammer,GrassyGlide,FakeOut,Protect|||M|||50|,,,,,Grass]Farigiraf||SitrusBerry|ArmorTail|DazzlingGleam,Psychic,HelpingHand,TrickRoom|||M|||50|,,,,,Fairy]Chien-Pao||FocusSash|SwordofRuin|IcicleCrash,SuckerPunch,Haze,Protect||||||50|,,,,,Ghost]Heatran||AssaultVest|FlashFire|HeatWave,FlashCannon,EarthPower,MagmaStorm|||M|||50|,,,,,Grass]Dragonite||ChoiceBand|InnerFocus|ExtremeSpeed,StompingTantrum,AerialAce,Outrage|||F|||50|,,,,,Normal\n|\n|t:|1699759718\n|start\n|switch|p1a: Ogerpon|Ogerpon-Cornerstone, L50, F|100\/100\n|switch|p1b: Chi-Yu|Chi-Yu, L50|100\/100\n|switch|p2a: Urshifu|Urshifu-Rapid-Strike, L50, F|100\/100\n|switch|p2b: Farigiraf|Farigiraf, L50, M|100\/100\n|-ability|p1b: Chi-Yu|Beads of Ruin\n|turn|1\n|\n|t:|1699759748\n|move|p2b: Farigiraf|Helping Hand|p2a: Urshifu\n|-singleturn|p2a: Urshifu|Helping Hand|[of] p2b: Farigiraf\n|move|p1a: Ogerpon|Follow Me|p1a: Ogerpon\n|-singleturn|p1a: Ogerpon|move: Follow Me\n|move|p2a: Urshifu|Surging Strikes|p1a: Ogerpon\n|-crit|p1a: Ogerpon\n|-damage|p1a: Ogerpon|58\/100\n|-crit|p1a: Ogerpon\n|-damage|p1a: Ogerpon|20\/100\n|-crit|p1a: Ogerpon\n|-damage|p1a: Ogerpon|0 fnt\n|faint|p1a: Ogerpon\n|-hitcount|p1: Ogerpon|3\n|move|p1b: Chi-Yu|Dark Pulse|p2b: Farigiraf\n|-supereffective|p2b: Farigiraf\n|-damage|p2b: Farigiraf|1\/100\n|-enditem|p2b: Farigiraf|Sitrus Berry|[eat]\n|-heal|p2b: Farigiraf|26\/100|[from] item: Sitrus Berry\n|\n|upkeep\n|\n|t:|1699759763\n|switch|p1a: Dusclops|Dusclops, L50, F, shiny|100\/100\n|-ability|p1a: Dusclops|Pressure\n|turn|2\n|\n|t:|1699759792\n|switch|p1b: Iron Hands|Iron Hands, L50|100\/100\n|move|p2a: Urshifu|Surging Strikes|p1b: Iron Hands\n|-crit|p1b: Iron Hands\n|-damage|p1b: Iron Hands|86\/100\n|-crit|p1b: Iron Hands\n|-damage|p1b: Iron Hands|72\/100\n|-crit|p1b: Iron Hands\n|-damage|p1b: Iron Hands|58\/100\n|-hitcount|p1b: Iron Hands|3\n|move|p2b: Farigiraf|Psychic|p1b: Iron Hands\n|-supereffective|p1b: Iron Hands\n|-damage|p1b: Iron Hands|21\/100\n|move|p1a: Dusclops|Trick Room|p1a: Dusclops\n|-fieldstart|move: Trick Room|[of] p1a: Dusclops\n|\n|upkeep\n|turn|3\n|\n|t:|1699759815\n|-terastallize|p1b: Iron Hands|Water\n|move|p1a: Dusclops|Pain Split|p1b: Iron Hands\n|-sethp|p1b: Iron Hands|41\/100|[from] move: Pain Split|[silent]\n|-sethp|p1a: Dusclops|67\/100|[from] move: Pain Split\n|move|p1b: Iron Hands|Drain Punch|p2b: Farigiraf\n|-damage|p2b: Farigiraf|0 fnt\n|-heal|p1b: Iron Hands|53\/100|[from] drain|[of] p2b: Farigiraf\n|faint|p2b: Farigiraf\n|move|p2a: Urshifu|Surging Strikes|p1b: Iron Hands\n|-resisted|p1b: Iron Hands\n|-crit|p1b: Iron Hands\n|-damage|p1b: Iron Hands|45\/100\n|-resisted|p1b: Iron Hands\n|-crit|p1b: Iron Hands\n|-damage|p1b: Iron Hands|38\/100\n|-resisted|p1b: Iron Hands\n|-crit|p1b: Iron Hands\n|-damage|p1b: Iron Hands|31\/100\n|-hitcount|p1b: Iron Hands|3\n|\n|upkeep\n|\n|t:|1699759831\n|switch|p2b: Rillaboom|Rillaboom, L50, M|100\/100\n|-fieldstart|move: Grassy Terrain|[from] ability: Grassy Surge|[of] p2b: Rillaboom\n|turn|4\n|\n|t:|1699759852\n|-end|p1b: Iron Hands|Quark Drive|[silent]\n|switch|p1b: Chi-Yu|Chi-Yu, L50|100\/100\n|-ability|p1b: Chi-Yu|Beads of Ruin\n|move|p2b: Rillaboom|Grassy Glide|p1b: Chi-Yu\n|-resisted|p1b: Chi-Yu\n|-damage|p1b: Chi-Yu|64\/100\n|move|p1a: Dusclops|Will-O-Wisp|p2a: Urshifu\n|-status|p2a: Urshifu|brn\n|move|p2a: Urshifu|Surging Strikes|p1b: Chi-Yu\n|-supereffective|p1b: Chi-Yu\n|-crit|p1b: Chi-Yu\n|-damage|p1b: Chi-Yu|29\/100\n|-supereffective|p1b: Chi-Yu\n|-crit|p1b: Chi-Yu\n|-damage|p1b: Chi-Yu|0 fnt\n|faint|p1b: Chi-Yu\n|-hitcount|p1: Chi-Yu|2\n|\n|-heal|p1a: Dusclops|73\/100|[from] Grassy Terrain\n|-damage|p2a: Urshifu|94\/100 brn|[from] brn\n|upkeep\n|\n|t:|1699759864\n|switch|p1b: Iron Hands|Iron Hands, L50, tera:Water|31\/100\n|turn|5\n|\n|t:|1699759874\n|move|p2b: Rillaboom|Protect|p2b: Rillaboom\n|-singleturn|p2b: Rillaboom|Protect\n|move|p1b: Iron Hands|Fake Out|p2b: Rillaboom\n|-activate|p2b: Rillaboom|move: Protect\n|move|p1a: Dusclops|Will-O-Wisp|p2b: Rillaboom\n|-activate|p2b: Rillaboom|move: Protect\n|move|p2a: Urshifu|Surging Strikes|p1a: Dusclops\n|-crit|p1a: Dusclops\n|-damage|p1a: Dusclops|67\/100\n|-crit|p1a: Dusclops\n|-damage|p1a: Dusclops|62\/100\n|-crit|p1a: Dusclops\n|-damage|p1a: Dusclops|56\/100\n|-hitcount|p1a: Dusclops|3\n|\n|-heal|p1a: Dusclops|62\/100|[from] Grassy Terrain\n|-heal|p1b: Iron Hands|37\/100|[from] Grassy Terrain\n|-heal|p2a: Urshifu|100\/100 brn|[from] Grassy Terrain\n|-damage|p2a: Urshifu|94\/100 brn|[from] brn\n|upkeep\n|turn|6\n|\n|t:|1699759892\n|switch|p2a: Heatran|Heatran, L50, M|100\/100\n|move|p2b: Rillaboom|Grassy Glide|p1b: Iron Hands\n|-supereffective|p1b: Iron Hands\n|-damage|p1b: Iron Hands|0 fnt\n|faint|p1b: Iron Hands\n|-end|p1b: Iron Hands|Quark Drive|[silent]\n|move|p1a: Dusclops|Will-O-Wisp|p2b: Rillaboom\n|-status|p2b: Rillaboom|brn\n|\n|-heal|p1a: Dusclops|69\/100|[from] Grassy Terrain\n|-damage|p2b: Rillaboom|95\/100 brn|[from] brn\n|-fieldend|move: Trick Room\n|upkeep\n|turn|7\n|\n|t:|1699759904\n|-terastallize|p2b: Rillaboom|Grass\n|move|p2a: Heatran|Magma Storm|p1a: Dusclops|[miss]\n|-miss|p2a: Heatran|p1a: Dusclops\n|move|p2b: Rillaboom|Wood Hammer|p1a: Dusclops\n|-damage|p1a: Dusclops|32\/100\n|-damage|p2b: Rillaboom|86\/100 brn|[from] Recoil\n|move|p1a: Dusclops|Pain Split|p2a: Heatran\n|-sethp|p2a: Heatran|63\/100|[from] move: Pain Split|[silent]\n|-sethp|p1a: Dusclops|83\/100|[from] move: Pain Split\n|\n|-heal|p2a: Heatran|69\/100|[from] Grassy Terrain\n|-heal|p2b: Rillaboom|92\/100 brn|[from] Grassy Terrain\n|-heal|p1a: Dusclops|89\/100|[from] Grassy Terrain\n|-damage|p2b: Rillaboom|86\/100 brn|[from] brn\n|upkeep\n|turn|8\n|\n|t:|1699759920\n|switch|p2b: Urshifu|Urshifu-Rapid-Strike, L50, F|94\/100 brn\n|move|p2a: Heatran|Magma Storm|p1a: Dusclops\n|-damage|p1a: Dusclops|60\/100\n|-activate|p1a: Dusclops|move: Magma Storm|[of] p2a: Heatran\n|move|p1a: Dusclops|Trick Room|p1a: Dusclops\n|-fieldstart|move: Trick Room|[of] p1a: Dusclops\n|\n|-heal|p1a: Dusclops|66\/100|[from] Grassy Terrain\n|-heal|p2a: Heatran|75\/100|[from] Grassy Terrain\n|-heal|p2b: Urshifu|100\/100 brn|[from] Grassy Terrain\n|-damage|p2b: Urshifu|94\/100 brn|[from] brn\n|-damage|p1a: Dusclops|54\/100|[from] move: Magma Storm|[partiallytrapped]\n|-fieldend|move: Grassy Terrain\n|upkeep\n|turn|9\n|\n|t:|1699759937\n|move|p1a: Dusclops|Pain Split|p2b: Urshifu\n|-sethp|p2b: Urshifu|69\/100 brn|[from] move: Pain Split|[silent]\n|-sethp|p1a: Dusclops|84\/100|[from] move: Pain Split\n|move|p2a: Heatran|Flash Cannon|p1a: Dusclops\n|-damage|p1a: Dusclops|58\/100\n|move|p2b: Urshifu|Surging Strikes|p1a: Dusclops\n|-crit|p1a: Dusclops\n|-damage|p1a: Dusclops|52\/100\n|-crit|p1a: Dusclops\n|-damage|p1a: Dusclops|46\/100\n|-crit|p1a: Dusclops\n|-damage|p1a: Dusclops|41\/100\n|-hitcount|p1a: Dusclops|3\n|\n|-damage|p2b: Urshifu|63\/100 brn|[from] brn\n|-damage|p1a: Dusclops|28\/100|[from] move: Magma Storm|[partiallytrapped]\n|upkeep\n|turn|10\n|\n|t:|1699759964\n|switch|p2b: Rillaboom|Rillaboom, L50, M, tera:Grass|86\/100 brn\n|-fieldstart|move: Grassy Terrain|[from] ability: Grassy Surge|[of] p2b: Rillaboom\n|move|p1a: Dusclops|Pain Split|p2a: Heatran\n|-sethp|p2a: Heatran|48\/100|[from] move: Pain Split|[silent]\n|-sethp|p1a: Dusclops|64\/100|[from] move: Pain Split\n|move|p2a: Heatran|Flash Cannon|p1a: Dusclops\n|-damage|p1a: Dusclops|37\/100\n|\n|-heal|p1a: Dusclops|43\/100|[from] Grassy Terrain\n|-heal|p2b: Rillaboom|92\/100 brn|[from] Grassy Terrain\n|-heal|p2a: Heatran|54\/100|[from] Grassy Terrain\n|-damage|p2b: Rillaboom|86\/100 brn|[from] brn\n|-damage|p1a: Dusclops|30\/100|[from] move: Magma Storm|[partiallytrapped]\n|upkeep\n|turn|11\n|\n|t:|1699759982\n|move|p1a: Dusclops|Pain Split|p2b: Rillaboom\n|-sethp|p2b: Rillaboom|54\/100 brn|[from] move: Pain Split|[silent]\n|-sethp|p1a: Dusclops|75\/100|[from] move: Pain Split\n|move|p2b: Rillaboom|Wood Hammer|p1a: Dusclops\n|-damage|p1a: Dusclops|40\/100\n|-damage|p2b: Rillaboom|46\/100 brn|[from] Recoil\n|move|p2a: Heatran|Flash Cannon|p1a: Dusclops\n|-damage|p1a: Dusclops|15\/100\n|\n|-heal|p1a: Dusclops|21\/100|[from] Grassy Terrain\n|-heal|p2b: Rillaboom|52\/100 brn|[from] Grassy Terrain\n|-heal|p2a: Heatran|60\/100|[from] Grassy Terrain\n|-damage|p2b: Rillaboom|46\/100 brn|[from] brn\n|-damage|p1a: Dusclops|9\/100|[from] move: Magma Storm|[partiallytrapped]\n|upkeep\n|turn|12\n|\n|t:|1699759999\n|move|p2b: Rillaboom|Grassy Glide|p1a: Dusclops\n|-damage|p1a: Dusclops|0 fnt\n|faint|p1a: Dusclops\n|\n|win|GonzaTH\n|l|\u2606luzonvgc\n","uploadtime":1699761148,"views":14,"p1id":"luzonvgc","p2id":"gonzath","formatid":"gen9vgc2023regulatione","rating":0,"private":0,"password":""}