{"id":"gen9vgc2023regulatione-1988468569","p1":"madbluecatz","p2":"Kjzrhzk","format":"[Gen 9] VGC 2023 Regulation E","log":"|j|\u2606madbluecatz\n|j|\u2606Kjzrhzk\n|t:|1699726185\n|gametype|doubles\n|player|p1|madbluecatz|colress|1025\n|player|p2|Kjzrhzk|lance|1085\n|teamsize|p1|6\n|teamsize|p2|6\n|gen|9\n|tier|[Gen 9] VGC 2023 Regulation E\n|rated|\n|rule|Species Clause: Limit one of each Pok\u00e9mon\n|rule|Item Clause: Limit one of each item\n|clearpoke\n|poke|p1|Gastly, L50, M|\n|poke|p1|Muk-Alola, L50, F|\n|poke|p1|Grimer-Alola, L50, M|\n|poke|p1|Salazzle, L50, F|\n|poke|p1|Salandit, L50, F|\n|poke|p1|Toxapex, L50, F|\n|poke|p2|Flutter Mane, L50|\n|poke|p2|Tornadus, L50, M|\n|poke|p2|Rillaboom, L50, F|\n|poke|p2|Garganacl, L50, F|\n|poke|p2|Arcanine-Hisui, L50, M|\n|poke|p2|Chien-Pao, L50|\n|teampreview|4\n|\n|t:|1699726224\n|start\n|switch|p1a: Gastly|Gastly, L50, M|100\/100\n|switch|p1b: Salandit|Salandit, L50, F|100\/100\n|switch|p2a: Garganacl|Garganacl, L50, F|100\/100\n|switch|p2b: Arcanine|Arcanine-Hisui, L50, M|100\/100\n|-ability|p2b: Arcanine|Intimidate|boost\n|-unboost|p1a: Gastly|atk|1\n|-unboost|p1b: Salandit|atk|1\n|turn|1\n|\n|t:|1699726241\n|move|p1b: Salandit|Fake Out|p2b: Arcanine\n|-resisted|p2b: Arcanine\n|-damage|p2b: Arcanine|99\/100\n|cant|p2b: Arcanine|flinch\n|move|p2a: Garganacl|Iron Defense|p2a: Garganacl\n|-boost|p2a: Garganacl|def|2\n|move|p1a: Gastly|Trick Room|p1a: Gastly\n|-fieldstart|move: Trick Room|[of] p1a: Gastly\n|\n|upkeep\n|turn|2\n|\n|t:|1699726261\n|move|p2a: Garganacl|Salt Cure|p1b: Salandit\n|-supereffective|p1b: Salandit\n|-damage|p1b: Salandit|65\/100\n|-start|p1b: Salandit|Salt Cure\n|move|p1a: Gastly|Curse|p2a: Garganacl\n|-start|p2a: Garganacl|Curse|[of] p1a: Gastly\n|-damage|p1a: Gastly|51\/100\n|move|p1b: Salandit|Toxic Spikes|p2b: Arcanine\n|-sidestart|p2: Kjzrhzk|move: Toxic Spikes\n|move|p2b: Arcanine|Rock Slide|p1b: Salandit|[spread] p1a,p1b\n|-supereffective|p1b: Salandit\n|-damage|p1a: Gastly|0 fnt\n|-damage|p1b: Salandit|0 fnt\n|faint|p1a: Gastly\n|faint|p1b: Salandit\n|\n|-damage|p2a: Garganacl|76\/100|[from] Curse\n|upkeep\n|\n|t:|1699726275\n|switch|p1a: Grimer|Grimer-Alola, L50, M|100\/100\n|switch|p1b: Muk|Muk-Alola, L50, F|100\/100\n|turn|3\n|\n|t:|1699726284\n|move|p1a: Grimer|Minimize|p1a: Grimer\n|-boost|p1a: Grimer|evasion|2\n|move|p1b: Muk|Minimize|p1b: Muk\n|-boost|p1b: Muk|evasion|2\n|move|p2a: Garganacl|Salt Cure|p1b: Muk\n|-damage|p1b: Muk|88\/100\n|-start|p1b: Muk|Salt Cure\n|move|p2b: Arcanine|Rock Slide|p1b: Muk|[spread] p1a,p1b\n|-damage|p1a: Grimer|44\/100\n|-damage|p1b: Muk|55\/100\n|-enditem|p1a: Grimer|Aguav Berry|[eat]\n|-heal|p1a: Grimer|77\/100|[from] item: Aguav Berry\n|\n|-damage|p2a: Garganacl|51\/100|[from] Curse\n|-damage|p1b: Muk|43\/100|[from] Salt Cure\n|upkeep\n|-enditem|p1b: Muk|Sitrus Berry|[eat]\n|-heal|p1b: Muk|67\/100|[from] item: Sitrus Berry\n|turn|4\n|\n|t:|1699726301\n|move|p1a: Grimer|Minimize|p1a: Grimer\n|-boost|p1a: Grimer|evasion|2\n|move|p1b: Muk|Minimize|p1b: Muk\n|-boost|p1b: Muk|evasion|2\n|move|p2a: Garganacl|Salt Cure|p1a: Grimer|[miss]\n|-miss|p2a: Garganacl|p1a: Grimer\n|move|p2b: Arcanine|Rock Slide|p1b: Muk|[spread] p1a\n|-miss|p2b: Arcanine|p1b: Muk\n|-damage|p1a: Grimer|22\/100\n|\n|-damage|p2a: Garganacl|27\/100|[from] Curse\n|-damage|p1b: Muk|55\/100|[from] Salt Cure\n|upkeep\n|-enditem|p2a: Garganacl|Sitrus Berry|[eat]\n|-heal|p2a: Garganacl|51\/100|[from] item: Sitrus Berry\n|turn|5\n|\n|t:|1699726319\n|switch|p2a: Tornadus|Tornadus, L50, M|100\/100\n|move|p1a: Grimer|Recycle|p1a: Grimer\n|-item|p1a: Grimer|Aguav Berry|[from] move: Recycle\n|-enditem|p1a: Grimer|Aguav Berry|[eat]\n|-heal|p1a: Grimer|55\/100|[from] item: Aguav Berry\n|move|p1b: Muk|Recycle|p1b: Muk\n|-item|p1b: Muk|Sitrus Berry|[from] move: Recycle\n|move|p2b: Arcanine|Rock Slide|p1b: Muk|[spread] \n|-miss|p2b: Arcanine|p1a: Grimer\n|-miss|p2b: Arcanine|p1b: Muk\n|\n|-damage|p1b: Muk|43\/100|[from] Salt Cure\n|-fieldend|move: Trick Room\n|upkeep\n|-enditem|p1b: Muk|Sitrus Berry|[eat]\n|-heal|p1b: Muk|67\/100|[from] item: Sitrus Berry\n|turn|6\n|\n|t:|1699726336\n|move|p2b: Arcanine|Rock Slide|p1a: Grimer|[spread] p1a\n|-miss|p2b: Arcanine|p1b: Muk\n|-damage|p1a: Grimer|2\/100\n|move|p2a: Tornadus|Bleakwind Storm|p1a: Grimer|[spread] p1b\n|-miss|p2a: Tornadus|p1a: Grimer\n|-damage|p1b: Muk|40\/100\n|move|p1b: Muk|Minimize|p1b: Muk\n|-boost|p1b: Muk|evasion|2\n|cant|p1a: Grimer|flinch\n|\n|-damage|p1b: Muk|28\/100|[from] Salt Cure\n|upkeep\n|turn|7\n|\n|t:|1699726353\n|move|p2b: Arcanine|Rock Slide|p1a: Grimer|[spread] p1a\n|-miss|p2b: Arcanine|p1b: Muk\n|-damage|p1a: Grimer|0 fnt\n|faint|p1a: Grimer\n|-ability|p1b: Muk|Gluttony|[from] ability: Power of Alchemy|[of] p1a: Grimer\n|move|p2a: Tornadus|Bleakwind Storm|p1b: Muk\n|-damage|p1b: Muk|0 fnt\n|faint|p1b: Muk\n|\n|win|Kjzrhzk\n|raw|madbluecatz's rating: 1025 &rarr; <strong>1014<\/strong><br \/>(-11 for losing)\n|raw|Kjzrhzk's rating: 1085 &rarr; <strong>1108<\/strong><br \/>(+23 for winning)\n","uploadtime":1699726362,"views":10,"p1id":"madbluecatz","p2id":"kjzrhzk","formatid":"gen9vgc2023regulatione","rating":1014,"private":0,"password":""}