{"id":"gen9vgc2023regulatione-1996429722","p1":"FreeJ1nG","p2":"Triple An Axel","format":"[Gen 9] VGC 2023 Regulation E","log":"|j|\u2606FreeJ1nG\n|j|\u2606Triple An Axel\n|t:|1700681207\n|gametype|doubles\n|player|p1|FreeJ1nG|volkner|1288\n|player|p2|Triple An Axel|caitlin|1211\n|teamsize|p1|6\n|teamsize|p2|6\n|gen|9\n|tier|[Gen 9] VGC 2023 Regulation E\n|rated|\n|rule|Species Clause: Limit one of each Pok\u00e9mon\n|rule|Item Clause: Limit one of each item\n|clearpoke\n|poke|p1|Urshifu-*, L50, M|\n|poke|p1|Farigiraf, L50, M|\n|poke|p1|Clefairy, L50, M|\n|poke|p1|Ogerpon-Hearthflame, L50, F|\n|poke|p1|Ursaluna-Bloodmoon, L50, M|\n|poke|p1|Okidogi, L50, M|\n|poke|p2|Ogerpon-Wellspring, L50, F|\n|poke|p2|Amoonguss, L50, M|\n|poke|p2|Tornadus, L50, M|\n|poke|p2|Iron Hands, L50|\n|poke|p2|Politoed, L50, M|\n|poke|p2|Roaring Moon, L50|\n|teampreview|4\n|inactive|Battle timer is ON: inactive players will automatically lose when time's up. (requested by Triple An Axel)\n|inactive|FreeJ1nG has 60 seconds left.\nTriple An Axel rejected open team sheets.\n|\n|t:|1700681256\n|start\n|switch|p1a: Farigiraf|Farigiraf, L50, M|100\/100\n|switch|p1b: Clefairy|Clefairy, L50, M|100\/100\n|switch|p2a: Tornadus|Tornadus, L50, M|100\/100\n|switch|p2b: Politoed|Politoed, L50, M|100\/100\n|-weather|RainDance|[from] ability: Drizzle|[of] p2b: Politoed\n|turn|1\n|\n|t:|1700681273\n|move|p1b: Clefairy|Follow Me|p1b: Clefairy\n|-singleturn|p1b: Clefairy|move: Follow Me\n|move|p2a: Tornadus|Bleakwind Storm|p1a: Farigiraf|[spread] p1a,p1b\n|-damage|p1a: Farigiraf|67\/100\n|-damage|p1b: Clefairy|54\/100\n|-unboost|p1a: Farigiraf|spe|1\n|-unboost|p1b: Clefairy|spe|1\n|move|p2b: Politoed|Muddy Water|p1a: Farigiraf|[spread] p1a,p1b\n|-damage|p1a: Farigiraf|29\/100\n|-damage|p1b: Clefairy|3\/100\n|-enditem|p1a: Farigiraf|Sitrus Berry|[eat]\n|-heal|p1a: Farigiraf|54\/100|[from] item: Sitrus Berry\n|move|p1a: Farigiraf|Trick Room|p1a: Farigiraf\n|-fieldstart|move: Trick Room|[of] p1a: Farigiraf\n|\n|-weather|RainDance|[upkeep]\n|upkeep\n|turn|2\n|\n|t:|1700681288\n|move|p1b: Clefairy|Heal Pulse|p1a: Farigiraf\n|-heal|p1a: Farigiraf|100\/100\n|move|p1a: Farigiraf|Nasty Plot|p1a: Farigiraf\n|-boost|p1a: Farigiraf|spa|2\n|move|p2b: Politoed|Muddy Water|p1b: Clefairy|[spread] p1a,p1b\n|-damage|p1a: Farigiraf|63\/100\n|-damage|p1b: Clefairy|0 fnt\n|faint|p1b: Clefairy\n|move|p2a: Tornadus|Bleakwind Storm|p1a: Farigiraf\n|-damage|p1a: Farigiraf|0 fnt\n|faint|p1a: Farigiraf\n|\n|-weather|RainDance|[upkeep]\n|upkeep\n|\n|t:|1700681302\n|switch|p1b: Ogerpon|Ogerpon-Hearthflame, L50, F|100\/100\n|switch|p1a: Ursaluna|Ursaluna-Bloodmoon, L50, M|100\/100\n|-ability|p1b: Ogerpon|Mold Breaker\n|turn|3\n|inactive|FreeJ1nG has 30 seconds left.\n|inactive|FreeJ1nG has 20 seconds left.\n|\n|t:|1700681338\n|-terastallize|p1a: Ursaluna|Grass\n|move|p1a: Ursaluna|Blood Moon|p2a: Tornadus\n|-damage|p2a: Tornadus|0 fnt\n|faint|p2a: Tornadus\n|-damage|p1a: Ursaluna|91\/100|[from] item: Life Orb\n|move|p2b: Politoed|Muddy Water|p1a: Ursaluna|[spread] p1b\n|-miss|p2b: Politoed|p1a: Ursaluna\n|-damage|p1b: Ogerpon|49\/100\n|move|p1b: Ogerpon|Swords Dance|p1b: Ogerpon\n|-boost|p1b: Ogerpon|atk|2\n|\n|-weather|RainDance|[upkeep]\n|upkeep\n|\n|t:|1700681354\n|switch|p2a: Amoonguss|Amoonguss, L50, M|100\/100\n|turn|4\n|\n|t:|1700681364\n|move|p2a: Amoonguss|Sludge Bomb|p1b: Ogerpon\n|-supereffective|p1b: Ogerpon\n|-damage|p1b: Ogerpon|0 fnt\n|faint|p1b: Ogerpon\n|move|p1a: Ursaluna|Hyper Voice|p2b: Politoed|[spread] p2a,p2b\n|-damage|p2a: Amoonguss|55\/100\n|-damage|p2b: Politoed|53\/100\n|-damage|p1a: Ursaluna|81\/100|[from] item: Life Orb\n|move|p2b: Politoed|Muddy Water|p1a: Ursaluna\n|-resisted|p1a: Ursaluna\n|-damage|p1a: Ursaluna|46\/100\n|\n|-weather|RainDance|[upkeep]\n|-heal|p2a: Amoonguss|61\/100|[from] item: Black Sludge\n|upkeep\n|turn|5\n|-message|FreeJ1nG forfeited.\n|\n|win|Triple An Axel\n|raw|FreeJ1nG's rating: 1288 &rarr; <strong>1258<\/strong><br \/>(-30 for losing)\n|raw|Triple An Axel's rating: 1211 &rarr; <strong>1241<\/strong><br \/>(+30 for winning)\n|l|\u2606FreeJ1nG\n","uploadtime":1700681384,"views":14,"p1id":"freej1ng","p2id":"tripleanaxel","formatid":"gen9vgc2023regulatione","rating":1241,"private":0,"password":""}