{"id":"gen9vgc2023regulatione-1989944454","p1":"MrRedBeard24","p2":"u3g2i","format":"[Gen 9] VGC 2023 Regulation E","log":"|j|\u2606MrRedBeard24\n|j|\u2606u3g2i\n|t:|1699908927\n|gametype|doubles\n|player|p1|MrRedBeard24|102|1104\n|player|p2|u3g2i|266|1163\n|teamsize|p1|6\n|teamsize|p2|6\n|gen|9\n|tier|[Gen 9] VGC 2023 Regulation E\n|rated|\n|rule|Species Clause: Limit one of each Pok\u00e9mon\n|rule|Item Clause: Limit one of each item\n|clearpoke\n|poke|p1|Ursaluna-Bloodmoon, L50, M|\n|poke|p1|Clefairy, L50, F|\n|poke|p1|Farigiraf, L50, M|\n|poke|p1|Ogerpon-Hearthflame, L50, F|\n|poke|p1|Okidogi, L50, M|\n|poke|p1|Urshifu-*, L50, M|\n|poke|p2|Urshifu-*, L50, F|\n|poke|p2|Iron Hands, L50|\n|poke|p2|Tornadus, L50, M|\n|poke|p2|Rillaboom, L50, F|\n|poke|p2|Ogerpon-Cornerstone, L50, F|\n|poke|p2|Heatran, L50, M|\n|teampreview|4\n|\n|t:|1699908959\n|start\n|switch|p1a: Clefairy|Clefairy, L50, F, shiny|100\/100\n|switch|p1b: Farigiraf|Farigiraf, L50, M|100\/100\n|switch|p2a: Tornadus|Tornadus, L50, M|100\/100\n|switch|p2b: Rillaboom|Rillaboom, L50, F|100\/100\n|-fieldstart|move: Grassy Terrain|[from] ability: Grassy Surge|[of] p2b: Rillaboom\n|turn|1\n|\n|t:|1699908981\n|move|p2b: Rillaboom|Fake Out||[still]\n|cant|p1b: Farigiraf|ability: Armor Tail|Fake Out|[of] p2b: Rillaboom\n|move|p1a: Clefairy|Follow Me|p1a: Clefairy\n|-singleturn|p1a: Clefairy|move: Follow Me\n|move|p2a: Tornadus|U-turn|p1a: Clefairy\n|-resisted|p1a: Clefairy\n|-damage|p1a: Clefairy|94\/100\n|\n|t:|1699908995\n|switch|p2a: Urshifu|Urshifu, L50, F|100\/100|[from] U-turn\n|move|p1b: Farigiraf|Trick Room|p1b: Farigiraf\n|-fieldstart|move: Trick Room|[of] p1b: Farigiraf\n|\n|-heal|p1a: Clefairy|100\/100|[from] Grassy Terrain\n|upkeep\n|turn|2\n|\n|t:|1699909012\n|move|p1a: Clefairy|Helping Hand|p1b: Farigiraf\n|-singleturn|p1b: Farigiraf|Helping Hand|[of] p1a: Clefairy\n|move|p1b: Farigiraf|Dazzling Gleam|p2a: Urshifu|[spread] p2a,p2b\n|-supereffective|p2a: Urshifu\n|-damage|p2a: Urshifu|0 fnt\n|-damage|p2b: Rillaboom|71\/100\n|faint|p2a: Urshifu\n|move|p2b: Rillaboom|Wood Hammer|p1a: Clefairy\n|-damage|p1a: Clefairy|19\/100\n|-damage|p2b: Rillaboom|48\/100|[from] Recoil\n|\n|-heal|p1a: Clefairy|25\/100|[from] Grassy Terrain\n|-heal|p2b: Rillaboom|53\/100|[from] Grassy Terrain\n|upkeep\n|\n|t:|1699909032\n|switch|p2a: Tornadus|Tornadus, L50, M|100\/100\n|turn|3\n|\n|t:|1699909052\n|switch|p1b: Ursaluna|Ursaluna-Bloodmoon, L50, M|100\/100\n|move|p1a: Clefairy|Protect|p1a: Clefairy\n|-singleturn|p1a: Clefairy|Protect\n|move|p2b: Rillaboom|Wood Hammer|p1a: Clefairy\n|-activate|p1a: Clefairy|move: Protect\n|move|p2a: Tornadus|U-turn|p1b: Ursaluna\n|-damage|p1b: Ursaluna|91\/100\n|\n|t:|1699909060\n|switch|p2a: Ogerpon|Ogerpon-Cornerstone, L50, F|100\/100|[from] U-turn\n|\n|-heal|p1b: Ursaluna|97\/100|[from] Grassy Terrain\n|-heal|p1a: Clefairy|31\/100|[from] Grassy Terrain\n|-heal|p2b: Rillaboom|59\/100|[from] Grassy Terrain\n|upkeep\n|turn|4\n|\n|t:|1699909085\n|move|p1a: Clefairy|Helping Hand|p1b: Ursaluna\n|-singleturn|p1b: Ursaluna|Helping Hand|[of] p1a: Clefairy\n|move|p2b: Rillaboom|Grassy Glide|p1b: Ursaluna\n|-supereffective|p1b: Ursaluna\n|-damage|p1b: Ursaluna|45\/100\n|move|p1b: Ursaluna|Blood Moon|p2a: Ogerpon\n|-resisted|p2a: Ogerpon\n|-damage|p2a: Ogerpon|6\/100\n|-damage|p1b: Ursaluna|36\/100|[from] item: Life Orb\n|move|p2a: Ogerpon|Power Whip|p1b: Ursaluna\n|-supereffective|p1b: Ursaluna\n|-damage|p1b: Ursaluna|0 fnt\n|faint|p1b: Ursaluna\n|\n|-heal|p1a: Clefairy|37\/100|[from] Grassy Terrain\n|-heal|p2b: Rillaboom|65\/100|[from] Grassy Terrain\n|-heal|p2a: Ogerpon|12\/100|[from] Grassy Terrain\n|upkeep\n|\n|t:|1699909102\n|switch|p1b: Okidogi|Okidogi, L50, M|100\/100\n|turn|5\n|\n|t:|1699909119\n|-terastallize|p1b: Okidogi|Dragon\n|move|p2b: Rillaboom|Protect|p2b: Rillaboom\n|-singleturn|p2b: Rillaboom|Protect\n|move|p2a: Ogerpon|Spiky Shield|p2a: Ogerpon\n|-singleturn|p2a: Ogerpon|move: Protect\n|move|p1a: Clefairy|Follow Me|p1a: Clefairy\n|-singleturn|p1a: Clefairy|move: Follow Me\n|move|p1b: Okidogi|Ice Punch|p2b: Rillaboom\n|-activate|p2b: Rillaboom|move: Protect\n|\n|-heal|p1a: Clefairy|43\/100|[from] Grassy Terrain\n|-heal|p2b: Rillaboom|71\/100|[from] Grassy Terrain\n|-heal|p2a: Ogerpon|18\/100|[from] Grassy Terrain\n|-fieldend|move: Trick Room\n|-fieldend|move: Grassy Terrain\n|upkeep\n|turn|6\n|\n|t:|1699909146\n|-terastallize|p2b: Rillaboom|Fire\n|move|p1a: Clefairy|Follow Me|p1a: Clefairy\n|-singleturn|p1a: Clefairy|move: Follow Me\n|move|p2a: Ogerpon|Ivy Cudgel|p1a: Clefairy\n|-damage|p1a: Clefairy|0 fnt\n|faint|p1a: Clefairy\n|move|p2b: Rillaboom|Wood Hammer|p1b: Okidogi\n|-resisted|p1b: Okidogi\n|-damage|p1b: Okidogi|70\/100\n|-damage|p2b: Rillaboom|61\/100|[from] Recoil\n|move|p1b: Okidogi|Ice Punch|p2b: Rillaboom\n|-resisted|p2b: Rillaboom\n|-damage|p2b: Rillaboom|48\/100\n|\n|upkeep\n|\n|t:|1699909158\n|switch|p1a: Farigiraf|Farigiraf, L50, M|100\/100\n|turn|7\n|\n|t:|1699909172\n|switch|p2b: Tornadus|Tornadus, L50, M|100\/100\n|move|p2a: Ogerpon|Ivy Cudgel|p1b: Okidogi\n|-damage|p1b: Okidogi|17\/100\n|move|p1b: Okidogi|Brick Break|p2a: Ogerpon\n|-supereffective|p2a: Ogerpon\n|-damage|p2a: Ogerpon|0 fnt\n|faint|p2a: Ogerpon\n|move|p1a: Farigiraf|Trick Room|p1a: Farigiraf\n|-fieldstart|move: Trick Room|[of] p1a: Farigiraf\n|\n|upkeep\n|\n|t:|1699909174\n|switch|p2a: Rillaboom|Rillaboom, L50, F, tera:Fire|48\/100\n|-fieldstart|move: Grassy Terrain|[from] ability: Grassy Surge|[of] p2a: Rillaboom\n|turn|8\n|\n|t:|1699909205\n|move|p1a: Farigiraf|Dazzling Gleam|p2b: Tornadus|[spread] p2a,p2b\n|-resisted|p2a: Rillaboom\n|-damage|p2a: Rillaboom|38\/100\n|-damage|p2b: Tornadus|87\/100\n|move|p1b: Okidogi|Ice Punch|p2b: Tornadus\n|-supereffective|p2b: Tornadus\n|-damage|p2b: Tornadus|14\/100\n|-enditem|p2b: Tornadus|Sitrus Berry|[eat]\n|-heal|p2b: Tornadus|39\/100|[from] item: Sitrus Berry\n|move|p2a: Rillaboom|Wood Hammer|p1a: Farigiraf\n|-damage|p1a: Farigiraf|9\/100\n|-enditem|p1a: Farigiraf|Sitrus Berry|[eat]\n|-heal|p1a: Farigiraf|34\/100|[from] item: Sitrus Berry\n|-damage|p2a: Rillaboom|6\/100|[from] Recoil\n|move|p2b: Tornadus|U-turn|p1a: Farigiraf\n|-supereffective|p1a: Farigiraf\n|-damage|p1a: Farigiraf|7\/100\n|\n|-heal|p1a: Farigiraf|13\/100|[from] Grassy Terrain\n|-heal|p1b: Okidogi|24\/100|[from] Grassy Terrain\n|-heal|p2a: Rillaboom|12\/100|[from] Grassy Terrain\n|upkeep\n|turn|9\n|\n|t:|1699909228\n|move|p2a: Rillaboom|Protect|p2a: Rillaboom\n|-singleturn|p2a: Rillaboom|Protect\n|move|p1a: Farigiraf|Dazzling Gleam|p2a: Rillaboom|[spread] p2b\n|-activate|p2a: Rillaboom|move: Protect\n|-damage|p2b: Tornadus|25\/100\n|move|p1b: Okidogi|Ice Punch|p2b: Tornadus\n|-supereffective|p2b: Tornadus\n|-damage|p2b: Tornadus|0 fnt\n|faint|p2b: Tornadus\n|\n|-heal|p1a: Farigiraf|19\/100|[from] Grassy Terrain\n|-heal|p1b: Okidogi|30\/100|[from] Grassy Terrain\n|-heal|p2a: Rillaboom|18\/100|[from] Grassy Terrain\n|upkeep\n|turn|10\n|c|\u2606u3g2i|gg\n|\n|t:|1699909249\n|move|p1a: Farigiraf|Psychic|p2a: Rillaboom\n|-damage|p2a: Rillaboom|0 fnt\n|faint|p2a: Rillaboom\n|\n|win|MrRedBeard24\n|raw|MrRedBeard24's rating: 1104 &rarr; <strong>1133<\/strong><br \/>(+29 for winning)\n|raw|u3g2i's rating: 1163 &rarr; <strong>1134<\/strong><br \/>(-29 for losing)\n|c|\u2606MrRedBeard24|gg\n|l|\u2606u3g2i\n","uploadtime":1699909259,"views":10,"p1id":"mrredbeard24","p2id":"u3g2i","formatid":"gen9vgc2023regulatione","rating":1133,"private":0,"password":""}