{"id":"gen9vgc2023regulatione-1998345077","p1":"Miles_ath","p2":"Bubsest3750","format":"[Gen 9] VGC 2023 Regulation E","log":"|j|\u2606Miles_ath\n|j|\u2606Bubsest3750\n|t:|1700931907\n|gametype|doubles\n|player|p1|Miles_ath|byron|1259\n|player|p2|Bubsest3750|cynthia-gen4|1158\n|teamsize|p1|6\n|teamsize|p2|6\n|gen|9\n|tier|[Gen 9] VGC 2023 Regulation E\n|rated|\n|rule|Species Clause: Limit one of each Pok\u00e9mon\n|rule|Item Clause: Limit one of each item\n|clearpoke\n|poke|p1|Goodra-Hisui, L50, F|\n|poke|p1|Grimmsnarl, L50, M|\n|poke|p1|Munkidori, L50, M|\n|poke|p1|Landorus-Therian, L50, M|\n|poke|p1|Tyranitar, L50, F|\n|poke|p1|Sinistcha, L50|\n|poke|p2|Roaring Moon, L50|\n|poke|p2|Great Tusk, L50|\n|poke|p2|Arcanine-Hisui, L50, M|\n|poke|p2|Empoleon, L50, F|\n|poke|p2|Dragapult, L50, M|\n|poke|p2|Iron Thorns, L50|\n|teampreview|4\nBubsest3750 has agreed to open team sheets.\n|inactive|Battle timer is ON: inactive players will automatically lose when time's up. (requested by Miles_ath)\nMiles_ath rejected open team sheets.\n|\n|t:|1700931939\n|start\n|switch|p1a: Goodra|Goodra-Hisui, L50, F|100\/100\n|switch|p1b: Grimmsnarl|Grimmsnarl, L50, M|100\/100\n|switch|p2a: Roaring Moon|Roaring Moon, L50, shiny|100\/100\n|switch|p2b: Great Tusk|Great Tusk, L50, shiny|100\/100\n|-enditem|p2a: Roaring Moon|Booster Energy\n|-activate|p2a: Roaring Moon|ability: Protosynthesis|[fromitem]\n|-start|p2a: Roaring Moon|protosynthesisspe\n|turn|1\n|inactive|Bubsest3750 has 30 seconds left.\n|\n|t:|1700931969\n|switch|p1a: Sinistcha|Sinistcha, L50|100\/100\n|-terastallize|p2b: Great Tusk|Steel\n|move|p2a: Roaring Moon|Sunny Day|p2a: Roaring Moon\n|-weather|SunnyDay\n|-activate|p2b: Great Tusk|ability: Protosynthesis\n|-start|p2b: Great Tusk|protosynthesisatk\n|move|p2b: Great Tusk|Headlong Rush|p1a: Sinistcha\n|-resisted|p1a: Sinistcha\n|-crit|p1a: Sinistcha\n|-damage|p1a: Sinistcha|11\/100\n|-unboost|p2b: Great Tusk|def|1\n|-unboost|p2b: Great Tusk|spd|1\n|move|p1b: Grimmsnarl|Spirit Break|p2a: Roaring Moon\n|-supereffective|p2a: Roaring Moon\n|-damage|p2a: Roaring Moon|0 fnt\n|faint|p2a: Roaring Moon\n|-end|p2a: Roaring Moon|Protosynthesis|[silent]\n|\n|-weather|SunnyDay|[upkeep]\n|upkeep\n|\n|t:|1700931988\n|switch|p2a: Arcanine|Arcanine-Hisui, L50, M, shiny|100\/100\n|-ability|p2a: Arcanine|Intimidate|boost\n|-unboost|p1a: Sinistcha|atk|1\n|-unboost|p1b: Grimmsnarl|atk|1\n|turn|2\n|\n|t:|1700931997\n|move|p1b: Grimmsnarl|Reflect|p1b: Grimmsnarl\n|-sidestart|p1: Miles_ath|Reflect\n|move|p2b: Great Tusk|Headlong Rush|p1b: Grimmsnarl\n|-damage|p1b: Grimmsnarl|15\/100\n|-unboost|p2b: Great Tusk|def|1\n|-unboost|p2b: Great Tusk|spd|1\n|move|p2a: Arcanine|Flare Blitz|p1a: Sinistcha\n|-supereffective|p1a: Sinistcha\n|-damage|p1a: Sinistcha|0 fnt\n|faint|p1a: Sinistcha\n|-damage|p2a: Arcanine|98\/100|[from] Recoil\n|\n|-weather|SunnyDay|[upkeep]\n|upkeep\n|\n|t:|1700932013\n|switch|p1a: Goodra|Goodra-Hisui, L50, F|100\/100\n|turn|3\n|\n|t:|1700932027\n|move|p1b: Grimmsnarl|Parting Shot|p2a: Arcanine\n|-unboost|p2a: Arcanine|atk|1\n|-unboost|p2a: Arcanine|spa|1\n|\n|t:|1700932029\n|switch|p1b: Munkidori|Munkidori, L50, M|100\/100|[from] Parting Shot\n|move|p2b: Great Tusk|Headlong Rush|p1a: Goodra\n|-supereffective|p1a: Goodra\n|-damage|p1a: Goodra|0 fnt\n|-unboost|p2b: Great Tusk|def|1\n|-unboost|p2b: Great Tusk|spd|1\n|-damage|p2b: Great Tusk|84\/100|[from] item: Rocky Helmet|[of] p1a: Goodra\n|faint|p1a: Goodra\n|move|p2a: Arcanine|Flare Blitz|p1b: Munkidori\n|-damage|p1b: Munkidori|46\/100\n|-damage|p2a: Arcanine|83\/100|[from] Recoil\n|\n|-weather|SunnyDay|[upkeep]\n|upkeep\n|\n|t:|1700932045\n|switch|p1a: Grimmsnarl|Grimmsnarl, L50, M|15\/100\n|turn|4\n|\n|t:|1700932066\n|move|p1b: Munkidori|Fake Out|p2a: Arcanine\n|-resisted|p2a: Arcanine\n|-damage|p2a: Arcanine|79\/100\n|-status|p2a: Arcanine|tox|[from] ability: Toxic Chain|[of] p1b: Munkidori\n|move|p1a: Grimmsnarl|Parting Shot|p2b: Great Tusk\n|-unboost|p2b: Great Tusk|atk|1\n|-unboost|p2b: Great Tusk|spa|1\n|move|p2b: Great Tusk|Headlong Rush|p1b: Munkidori\n|-supereffective|p1b: Munkidori\n|-damage|p1b: Munkidori|0 fnt\n|-unboost|p2b: Great Tusk|def|1\n|-unboost|p2b: Great Tusk|spd|1\n|faint|p1b: Munkidori\n|cant|p2a: Arcanine|flinch\n|\n|-weather|SunnyDay|[upkeep]\n|-damage|p2a: Arcanine|73\/100 tox|[from] psn\n|upkeep\n|turn|5\n|\n|t:|1700932085\n|move|p1a: Grimmsnarl|Parting Shot|p2b: Great Tusk\n|-unboost|p2b: Great Tusk|atk|1\n|-unboost|p2b: Great Tusk|spa|1\n|move|p2b: Great Tusk|Headlong Rush|p1a: Grimmsnarl\n|-damage|p1a: Grimmsnarl|0 fnt\n|-unboost|p2b: Great Tusk|def|1\n|-unboost|p2b: Great Tusk|spd|1\n|faint|p1a: Grimmsnarl\n|\n|win|Bubsest3750\n|raw|Miles_ath's rating: 1259 &rarr; <strong>1227<\/strong><br \/>(-32 for losing)\n|raw|Bubsest3750's rating: 1158 &rarr; <strong>1190<\/strong><br \/>(+32 for winning)\n|l|\u2606Miles_ath\n","uploadtime":1700932100,"views":3,"p1id":"milesath","p2id":"bubsest3750","formatid":"gen9vgc2023regulatione","rating":1190,"private":0,"password":""}