{"id":"gen9vgc2023regulatione-1994432675","p1":"cygnusx1018","p2":"Reversery","format":"[Gen 9] VGC 2023 Regulation E","log":"|j|\u2606cygnusx1018\n|j|\u2606Reversery\n|n|\u2606cygnusx1018|cygnusx1018\n|n|\u2606Reversery|reversery\n|html|View the match progress at <a href=\"\/game-bestof3-gen9vgc2023regulatione-1994432674\">game-bestof3-gen9vgc2023regulatione-1994432674<\/a>\n|t:|1700443328\n|gametype|doubles\n|player|p1|cygnusx1018|101|\n|player|p2|Reversery|dawn-gen4pt|\n|teamsize|p1|6\n|teamsize|p2|6\n|gen|9\n|tier|[Gen 9] VGC 2023 Regulation E\n|rule|Species Clause: Limit one of each Pok\u00e9mon\n|rule|Item Clause: Limit one of each item\n|clearpoke\n|poke|p1|Ditto, L50|\n|poke|p1|Gyarados, L50, F|\n|poke|p1|Maushold, L50|\n|poke|p1|Tornadus, L50, M|\n|poke|p1|Chi-Yu, L50|\n|poke|p1|Chien-Pao, L50|\n|poke|p2|Rillaboom, L50, M|\n|poke|p2|Heatran, L50, M|\n|poke|p2|Clefairy, L50, F|\n|poke|p2|Eiscue, L50, M|\n|poke|p2|Tornadus-Therian, L50, M|\n|poke|p2|Houndstone, L50, F|\n|teampreview|4\ncygnusx1018 rejected open team sheets.\n|inactive|Battle timer is ON: inactive players will automatically lose when time's up. (requested by cygnusx1018)\n|\n|t:|1700443361\n|start\n|switch|p1a: WEEEEEEE (U)|Tornadus, L50, M|100\/100\n|switch|p1b: Magic Karp 2.0|Chi-Yu, L50|100\/100\n|switch|p2a: Cool But Not|Heatran, L50, M|100\/100\n|switch|p2b: Ding Dong|Rillaboom, L50, M|100\/100\n|-ability|p1b: Magic Karp 2.0|Beads of Ruin\n|-fieldstart|move: Grassy Terrain|[from] ability: Grassy Surge|[of] p2b: Ding Dong\n|-item|p2a: Cool But Not|Air Balloon\n|turn|1\n|inactive|Reversery has 30 seconds left.\n|\n|t:|1700443386\n|switch|p2b: Pillow|Clefairy, L50, F|100\/100\n|move|p1a: WEEEEEEE (U)|Tailwind|p1a: WEEEEEEE (U)\n|-sidestart|p1: cygnusx1018|move: Tailwind\n|move|p1b: Magic Karp 2.0|Heat Wave|p2a: Cool But Not|[spread] p2b\n|-start|p2a: Cool But Not|ability: Flash Fire\n|-damage|p2b: Pillow|63\/100\n|-status|p2b: Pillow|brn\n|move|p2a: Cool But Not|Earth Power|p1b: Magic Karp 2.0\n|-supereffective|p1b: Magic Karp 2.0\n|-damage|p1b: Magic Karp 2.0|20\/100\n|\n|-heal|p1b: Magic Karp 2.0|27\/100|[from] Grassy Terrain\n|-heal|p2b: Pillow|69\/100 brn|[from] Grassy Terrain\n|-damage|p2b: Pillow|63\/100 brn|[from] brn\n|upkeep\n|turn|2\n|inactive|Reversery has 30 seconds left.\n|\n|t:|1700443420\n|switch|p1b: Im You But Better|Ditto, L50|100\/100\n|-transform|p1b: Im You But Better|p2a: Cool But Not|[from] ability: Imposter\n|move|p1a: WEEEEEEE (U)|Taunt|p2b: Pillow\n|-start|p2b: Pillow|move: Taunt\n|move|p2a: Cool But Not|Heat Wave|p1b: Im You But Better|[spread] p1a\n|-start|p1b: Im You But Better|ability: Flash Fire\n|-damage|p1a: WEEEEEEE (U)|20\/100\n|-status|p1a: WEEEEEEE (U)|brn\n|cant|p2b: Pillow|move: Taunt|Life Dew\n|\n|-heal|p2b: Pillow|69\/100 brn|[from] Grassy Terrain\n|-damage|p1a: WEEEEEEE (U)|14\/100 brn|[from] brn\n|-damage|p2b: Pillow|63\/100 brn|[from] brn\n|upkeep\n|turn|3\n|j| SCRUMPTIOUSBREAD\n|inactive|cygnusx1018 has 30 seconds left.\n|inactive|Reversery has 30 seconds left.\n|inactive|Reversery has 20 seconds left.\n|\n|t:|1700443455\n|move|p1b: Im You But Better|Earth Power|p2a: Cool But Not\n|-immune|p2a: Cool But Not\n|move|p1a: WEEEEEEE (U)|Bleakwind Storm|p2b: Pillow|[spread] p2a\n|-miss|p1a: WEEEEEEE (U)|p2b: Pillow\n|-resisted|p2a: Cool But Not\n|-damage|p2a: Cool But Not|89\/100\n|-unboost|p2a: Cool But Not|spe|1\n|-enditem|p2a: Cool But Not|Air Balloon\n|move|p2a: Cool But Not|Earth Power|p1b: Im You But Better\n|-supereffective|p1b: Im You But Better\n|-damage|p1b: Im You But Better|0 fnt\n|faint|p1b: Im You But Better\n|-activate|p2b: Pillow|move: Struggle\n|move|p2b: Pillow|Struggle|p1a: WEEEEEEE (U)\n|-crit|p1a: WEEEEEEE (U)\n|-damage|p1a: WEEEEEEE (U)|8\/100 brn\n|-damage|p2b: Pillow|38\/100 brn|[from] recoil\n|\n|-heal|p2a: Cool But Not|95\/100|[from] Grassy Terrain\n|-heal|p2b: Pillow|44\/100 brn|[from] Grassy Terrain\n|-damage|p1a: WEEEEEEE (U)|2\/100 brn|[from] brn\n|-damage|p2b: Pillow|38\/100 brn|[from] brn\n|upkeep\n|\n|t:|1700443476\n|switch|p1b: Magic Karp 2.0|Chi-Yu, L50|27\/100\n|-ability|p1b: Magic Karp 2.0|Beads of Ruin\n|turn|4\n|\n|t:|1700443495\n|move|p1b: Magic Karp 2.0|Dark Pulse|p2a: Cool But Not\n|-damage|p2a: Cool But Not|57\/100\n|move|p1a: WEEEEEEE (U)|Bleakwind Storm|p2a: Cool But Not|[spread] p2b\n|-miss|p1a: WEEEEEEE (U)|p2a: Cool But Not\n|-damage|p2b: Pillow|0 fnt\n|faint|p2b: Pillow\n|move|p2a: Cool But Not|Earth Power|p1b: Magic Karp 2.0\n|-supereffective|p1b: Magic Karp 2.0\n|-damage|p1b: Magic Karp 2.0|0 fnt\n|faint|p1b: Magic Karp 2.0\n|\n|-heal|p2a: Cool But Not|63\/100|[from] Grassy Terrain\n|-damage|p1a: WEEEEEEE (U)|0 fnt|[from] brn\n|faint|p1a: WEEEEEEE (U)\n|-sideend|p1: cygnusx1018|move: Tailwind\n|upkeep\n|\n|t:|1700443519\n|switch|p1a: Kung Pao. Chimken|Chien-Pao, L50|100\/100\n|switch|p2b: Ding Dong|Rillaboom, L50, M|100\/100\n|-ability|p1a: Kung Pao. Chimken|Sword of Ruin\n|turn|5\n|\n|t:|1700443534\n|-terastallize|p1a: Kung Pao. Chimken|Dark\n|move|p1a: Kung Pao. Chimken|Sacred Sword|p2a: Cool But Not\n|-supereffective|p2a: Cool But Not\n|-damage|p2a: Cool But Not|0 fnt\n|faint|p2a: Cool But Not\n|-damage|p1a: Kung Pao. Chimken|91\/100|[from] item: Life Orb\n|move|p2b: Ding Dong|Drain Punch|p1a: Kung Pao. Chimken\n|-supereffective|p1a: Kung Pao. Chimken\n|-damage|p1a: Kung Pao. Chimken|0 fnt\n|faint|p1a: Kung Pao. Chimken\n|\n|win|Reversery\n|inactive|cygnusx1018 has 50 seconds to confirm battle start!\n|inactive|Reversery has 50 seconds to confirm battle start!\n|c|&|\/uhtml prompt-cygnusx1018,cygnusx1018 is ready for game 2!\n|c|&|\/uhtml prompt-reversery,Reversery is ready for game 2!\nBoth players are ready! Starting next match!\n","uploadtime":1700443552,"views":7,"p1id":"cygnusx1018","p2id":"reversery","formatid":"gen9vgc2023regulatione","rating":0,"private":0,"password":""}