{"id":"gen9vgc2023regulatione-1993747583","p1":"King32bit","p2":"JeanRyuPR","format":"[Gen 9] VGC 2023 Regulation E","log":"|j|\u2606King32bit\n|j|\u2606JeanRyuPR\n|t:|1700352474\n|gametype|doubles\n|player|p1|King32bit|lance|\n|player|p2|JeanRyuPR|169|\n|teamsize|p1|6\n|teamsize|p2|6\n|gen|9\n|tier|[Gen 9] VGC 2023 Regulation E\n|rule|Species Clause: Limit one of each Pok\u00e9mon\n|rule|Item Clause: Limit one of each item\n|clearpoke\n|poke|p1|Dondozo, L50, F|\n|poke|p1|Heatran, L50, M|\n|poke|p1|Urshifu-*, L50, F|\n|poke|p1|Salamence, L50, F|\n|poke|p1|Flutter Mane, L50|\n|poke|p1|Rillaboom, L50, F|\n|poke|p2|Roaring Moon, L50|\n|poke|p2|Iron Hands, L50|\n|poke|p2|Ogerpon-Wellspring, L50, F|\n|poke|p2|Heatran, L50, F|\n|poke|p2|Landorus-Therian, L50, M|\n|poke|p2|Tornadus, L50, M|\n|teampreview|4\nJeanRyuPR has agreed to open team sheets.\nKing32bit has agreed to open team sheets.\n|showteam|p1|Dondozo||Leftovers|Oblivious|Protect,HeavySlam,WaveCrash,Yawn|||F|||50|,,,,,Poison]Heatran||SitrusBerry|FlashFire|MagmaStorm,EarthPower,FlashCannon,Protect|||M|||50|,,,,,Grass]Urshifu||FocusSash|UnseenFist|Detect,WickedBlow,SuckerPunch,CloseCombat|||F|||50|,,,,,Dark]Salamence||RockyHelmet|Intimidate|Tailwind,Roost,DracoMeteor,AirSlash|||F|||50|,,,,,Water]Flutter Mane||ChoiceSpecs|Protosynthesis|DazzlingGleam,Moonblast,ShadowBall,PerishSong||||||50|,,,,,Fairy]Rillaboom||AssaultVest|GrassySurge|FakeOut,WoodHammer,GrassyGlide,HighHorsepower|||F|||50|,,,,,Ghost\n|showteam|p2|Roaring Moon||BoosterEnergy|Protosynthesis|KnockOff,Protect,BreakingSwipe,Outrage||||||50|,,,,,Dragon]Iron Hands||AssaultVest|QuarkDrive|DrainPunch,WildCharge,HeavySlam,FakeOut||||||50|,,,,,Water]Ogerpon-Wellspring||WellspringMask|WaterAbsorb|IvyCudgel,SpikyShield,HornLeech,SwordsDance|||F|||50|,,,,,Water]Heatran||ZoomLens|FlashFire|MagmaStorm,EarthPower,FlashCannon,Protect|||F|||50|,,,,,Fire]Landorus-Therian||ChoiceScarf|Intimidate|Uturn,RockSlide,TeraBlast,StompingTantrum|||M|||50|,,,,,Flying]Tornadus||CovertCloak|Prankster|BleakwindStorm,SunnyDay,Taunt,Tailwind|||M|||50|,,,,,Ghost\n|\n|t:|1700352549\n|start\n|switch|p1a: Dondozo|Dondozo, L50, F|100\/100\n|switch|p1b: Rillaboom|Rillaboom, L50, F|100\/100\n|switch|p2a: Tornadus|Tornadus, L50, M|100\/100\n|switch|p2b: Ogerpon|Ogerpon-Wellspring, L50, F|100\/100\n|-fieldstart|move: Grassy Terrain|[from] ability: Grassy Surge|[of] p1b: Rillaboom\n|turn|1\n|\n|t:|1700352578\n|move|p2b: Ogerpon|Spiky Shield|p2b: Ogerpon\n|-singleturn|p2b: Ogerpon|move: Protect\n|move|p1b: Rillaboom|Fake Out|p2a: Tornadus\n|-damage|p2a: Tornadus|80\/100\n|move|p2a: Tornadus|Taunt|p1a: Dondozo\n|-immune|p1a: Dondozo|[from] ability: Oblivious\n|move|p1a: Dondozo|Yawn|p2b: Ogerpon\n|-activate|p2b: Ogerpon|move: Protect\n|\n|upkeep\n|turn|2\n|\n|t:|1700352612\n|move|p1b: Rillaboom|Grassy Glide|p2b: Ogerpon\n|-damage|p2b: Ogerpon|52\/100\n|move|p2a: Tornadus|Bleakwind Storm|p1a: Dondozo|[spread] p1a,p1b\n|-supereffective|p1b: Rillaboom\n|-damage|p1a: Dondozo|67\/100\n|-damage|p1b: Rillaboom|45\/100\n|move|p2b: Ogerpon|Horn Leech|p1a: Dondozo\n|-supereffective|p1a: Dondozo\n|-damage|p1a: Dondozo|0 fnt\n|-heal|p2b: Ogerpon|95\/100|[from] drain|[of] p1a: Dondozo\n|faint|p1a: Dondozo\n|\n|-heal|p2b: Ogerpon|100\/100|[from] Grassy Terrain\n|-heal|p1b: Rillaboom|51\/100|[from] Grassy Terrain\n|upkeep\n|\n|t:|1700352634\n|switch|p1a: Salamence|Salamence, L50, F|100\/100\n|-ability|p1a: Salamence|Intimidate|boost\n|-unboost|p2a: Tornadus|atk|1\n|-unboost|p2b: Ogerpon|atk|1\n|turn|3\n|\n|t:|1700352663\n|switch|p2b: Landorus|Landorus-Therian, L50, M|100\/100\n|-ability|p2b: Landorus|Intimidate|boost\n|-unboost|p1a: Salamence|atk|1\n|-unboost|p1b: Rillaboom|atk|1\n|move|p2a: Tornadus|Taunt|p1a: Salamence\n|-start|p1a: Salamence|move: Taunt\n|move|p1a: Salamence|Draco Meteor|p2b: Landorus\n|-damage|p2b: Landorus|40\/100\n|-unboost|p1a: Salamence|spa|2\n|move|p1b: Rillaboom|Wood Hammer|p2b: Landorus\n|-damage|p2b: Landorus|0 fnt\n|faint|p2b: Landorus\n|-damage|p1b: Rillaboom|40\/100|[from] Recoil\n|\n|-heal|p1b: Rillaboom|45\/100|[from] Grassy Terrain\n|upkeep\n|\n|t:|1700352680\n|switch|p2b: Heatran|Heatran, L50, F|100\/100\n|turn|4\n|\n|t:|1700352706\n|move|p1a: Salamence|Air Slash|p2b: Heatran|[miss]\n|-miss|p1a: Salamence|p2b: Heatran\n|move|p2a: Tornadus|Bleakwind Storm|p1a: Salamence|[spread] p1a\n|-miss|p2a: Tornadus|p1b: Rillaboom\n|-damage|p1a: Salamence|48\/100\n|move|p1b: Rillaboom|Wood Hammer|p2a: Tornadus\n|-resisted|p2a: Tornadus\n|-damage|p2a: Tornadus|40\/100\n|-damage|p1b: Rillaboom|35\/100|[from] Recoil\n|move|p2b: Heatran|Magma Storm|p1a: Salamence\n|-resisted|p1a: Salamence\n|-damage|p1a: Salamence|16\/100\n|-activate|p1a: Salamence|move: Magma Storm|[of] p2b: Heatran\n|\n|-heal|p1b: Rillaboom|41\/100|[from] Grassy Terrain\n|-damage|p1a: Salamence|4\/100|[from] move: Magma Storm|[partiallytrapped]\n|upkeep\n|turn|5\n|\n|t:|1700352736\n|move|p2b: Heatran|Protect|p2b: Heatran\n|-singleturn|p2b: Heatran|Protect\n|move|p2a: Tornadus|Tailwind|p2a: Tornadus\n|-sidestart|p2: JeanRyuPR|move: Tailwind\n|move|p1a: Salamence|Draco Meteor|p2a: Tornadus\n|-damage|p2a: Tornadus|11\/100\n|-unboost|p1a: Salamence|spa|2\n|move|p1b: Rillaboom|High Horsepower|p2b: Heatran\n|-activate|p2b: Heatran|move: Protect\n|\n|-heal|p1b: Rillaboom|46\/100|[from] Grassy Terrain\n|-damage|p1a: Salamence|0 fnt|[from] move: Magma Storm|[partiallytrapped]\n|faint|p1a: Salamence\n|-fieldend|move: Grassy Terrain\n|upkeep\n|\n|t:|1700352750\n|switch|p1a: Heatran|Heatran, L50, M|100\/100\n|turn|6\n|\n|t:|1700352774\n|-terastallize|p1a: Heatran|Grass\n|move|p2a: Tornadus|Bleakwind Storm|p1b: Rillaboom|[spread] p1b\n|-miss|p2a: Tornadus|p1a: Heatran\n|-supereffective|p1b: Rillaboom\n|-damage|p1b: Rillaboom|0 fnt\n|faint|p1b: Rillaboom\n|move|p2b: Heatran|Earth Power|p1a: Heatran\n|-resisted|p1a: Heatran\n|-damage|p1a: Heatran|88\/100\n|move|p1a: Heatran|Magma Storm|p2a: Tornadus|[miss]\n|-miss|p1a: Heatran|p2a: Tornadus\n|\n|upkeep\n|turn|7\n|\n|t:|1700352795\n|move|p2a: Tornadus|Bleakwind Storm|p1a: Heatran\n|-supereffective|p1a: Heatran\n|-damage|p1a: Heatran|3\/100\n|-enditem|p1a: Heatran|Sitrus Berry|[eat]\n|-heal|p1a: Heatran|28\/100|[from] item: Sitrus Berry\n|move|p2b: Heatran|Flash Cannon|p1a: Heatran\n|-damage|p1a: Heatran|0 fnt\n|faint|p1a: Heatran\n|\n|win|JeanRyuPR\n","uploadtime":1700352807,"views":17,"p1id":"king32bit","p2id":"jeanryupr","formatid":"gen9vgc2023regulatione","rating":0,"private":0,"password":""}