{"id":"gen9vgc2023regulatione-1996937010","p1":"krenitos","p2":"Dhsnabba","format":"[Gen 9] VGC 2023 Regulation E","log":"|j|\u2606krenitos\n|j|\u2606Dhsnabba\n|t:|1700747048\n|gametype|doubles\n|player|p1|krenitos|fisherman|1030\n|player|p2|Dhsnabba|ghetsis-gen5bw|1104\n|teamsize|p1|6\n|teamsize|p2|6\n|gen|9\n|tier|[Gen 9] VGC 2023 Regulation E\n|rated|\n|rule|Species Clause: Limit one of each Pok\u00e9mon\n|rule|Item Clause: Limit one of each item\n|clearpoke\n|poke|p1|Flutter Mane, L50|\n|poke|p1|Glimmora, L50, F|\n|poke|p1|Dusclops, L50, F|\n|poke|p1|Ceruledge, L50, F|\n|poke|p1|Gyarados, L50, F|\n|poke|p1|Goodra-Hisui, L50, F|\n|poke|p2|Arcanine-Hisui, L50, M|\n|poke|p2|Gholdengo, L50|\n|poke|p2|Ogerpon, L50, F|\n|poke|p2|Roaring Moon, L50|\n|poke|p2|Thundurus-Therian, L50, M|\n|poke|p2|Urshifu-*, L50, F|\n|teampreview|4\n|inactive|Battle timer is ON: inactive players will automatically lose when time's up. (requested by krenitos)\n|\n|t:|1700747066\n|start\n|switch|p1a: Dusclops|Dusclops, L50, F|100\/100\n|switch|p1b: Glimmora|Glimmora, L50, F, shiny|100\/100\n|switch|p2a: Ogerpon|Ogerpon, L50, F|100\/100\n|switch|p2b: Roaring Moon|Roaring Moon, L50, shiny|100\/100\n|-ability|p1a: Dusclops|Pressure\n|-enditem|p2b: Roaring Moon|Booster Energy\n|-activate|p2b: Roaring Moon|ability: Protosynthesis|[fromitem]\n|-start|p2b: Roaring Moon|protosynthesisspe\n|turn|1\n|\n|t:|1700747079\n|move|p1b: Glimmora|Spiky Shield|p1b: Glimmora\n|-singleturn|p1b: Glimmora|move: Protect\n|move|p2b: Roaring Moon|Knock Off|p1a: Dusclops\n|-supereffective|p1a: Dusclops\n|-damage|p1a: Dusclops|49\/100\n|-enditem|p1a: Dusclops|Eviolite|[from] move: Knock Off|[of] p2b: Roaring Moon\n|move|p2a: Ogerpon|Swords Dance|p2a: Ogerpon\n|-boost|p2a: Ogerpon|atk|2\n|move|p1a: Dusclops|Trick Room|p1a: Dusclops\n|-fieldstart|move: Trick Room|[of] p1a: Dusclops\n|\n|upkeep\n|turn|2\n|\n|t:|1700747096\n|move|p1a: Dusclops|Helping Hand|p1b: Glimmora\n|-singleturn|p1b: Glimmora|Helping Hand|[of] p1a: Dusclops\n|move|p1b: Glimmora|Sludge Bomb|p2a: Ogerpon\n|-supereffective|p2a: Ogerpon\n|-damage|p2a: Ogerpon|0 fnt\n|faint|p2a: Ogerpon\n|move|p2b: Roaring Moon|Knock Off|p1a: Dusclops\n|-supereffective|p1a: Dusclops\n|-damage|p1a: Dusclops|2\/100\n|\n|upkeep\n|\n|t:|1700747103\n|switch|p2a: Gholdengo|Gholdengo, L50, shiny|100\/100\n|turn|3\n|\n|t:|1700747114\n|move|p1a: Dusclops|Night Shade|p2b: Roaring Moon\n|-damage|p2b: Roaring Moon|75\/100\n|move|p1b: Glimmora|Sludge Bomb|p2b: Roaring Moon\n|-damage|p2b: Roaring Moon|29\/100\n|move|p2a: Gholdengo|Nasty Plot|p2a: Gholdengo\n|-boost|p2a: Gholdengo|spa|2\n|move|p2b: Roaring Moon|Breaking Swipe|p1a: Dusclops|[spread] p1a,p1b\n|-damage|p1a: Dusclops|0 fnt\n|-damage|p1b: Glimmora|80\/100\n|-unboost|p1b: Glimmora|atk|1\n|-activate|p1b: Glimmora|ability: Toxic Debris\n|-sidestart|p2: Dhsnabba|move: Toxic Spikes\n|faint|p1a: Dusclops\n|\n|-heal|p1b: Glimmora|85\/100|[from] item: Leftovers\n|upkeep\n|inactive|krenitos has 30 seconds left.\n|inactive|krenitos has 20 seconds left.\n|inactive|krenitos has 15 seconds left.\n|inactive|krenitos has 10 seconds left.\n|inactive|krenitos has 5 seconds left.\n|\n|t:|1700747165\n|switch|p1a: Ceruledge|Ceruledge, L50, F|100\/100\n|turn|4\n|\n|t:|1700747173\n|move|p2a: Gholdengo|Protect|p2a: Gholdengo\n|-singleturn|p2a: Gholdengo|Protect\n|move|p1a: Ceruledge|Poltergeist|p2a: Gholdengo\n|-activate|p2a: Gholdengo|move: Protect\n|move|p1b: Glimmora|Power Gem|p2b: Roaring Moon\n|-damage|p2b: Roaring Moon|0 fnt\n|faint|p2b: Roaring Moon\n|-end|p2b: Roaring Moon|Protosynthesis|[silent]\n|\n|-heal|p1b: Glimmora|91\/100|[from] item: Leftovers\n|upkeep\n|\n|t:|1700747176\n|switch|p2b: Urshifu|Urshifu-Rapid-Strike, L50, F|100\/100\n|-status|p2b: Urshifu|psn\n|turn|5\n|\n|t:|1700747193\n|-terastallize|p2a: Gholdengo|Steel\n|move|p1a: Ceruledge|Poltergeist|p2a: Gholdengo\n|-activate|p2a: Gholdengo|move: Poltergeist|Life Orb\n|-damage|p2a: Gholdengo|36\/100\n|move|p1b: Glimmora|Energy Ball|p2b: Urshifu\n|-supereffective|p2b: Urshifu\n|-damage|p2b: Urshifu|26\/100 psn\n|move|p2a: Gholdengo|Shadow Ball|p1a: Ceruledge\n|-supereffective|p1a: Ceruledge\n|-damage|p1a: Ceruledge|0 fnt\n|faint|p1a: Ceruledge\n|-damage|p2a: Gholdengo|26\/100|[from] item: Life Orb\n|move|p2b: Urshifu|Substitute|p2b: Urshifu\n|-start|p2b: Urshifu|Substitute\n|-damage|p2b: Urshifu|1\/100 psn\n|\n|-heal|p1b: Glimmora|97\/100|[from] item: Leftovers\n|-damage|p2b: Urshifu|0 fnt|[from] psn\n|faint|p2b: Urshifu\n|-fieldend|move: Trick Room\n|upkeep\n|\n|t:|1700747217\n|switch|p1a: Goodra|Goodra-Hisui, L50, F|100\/100\n|turn|6\n|\n|t:|1700747228\n|move|p2a: Gholdengo|Make It Rain|p1b: Glimmora|[spread] p1a,p1b\n|-resisted|p1a: Goodra\n|-supereffective|p1b: Glimmora\n|-damage|p1a: Goodra|38\/100\n|-damage|p1b: Glimmora|0 fnt\n|-unboost|p2a: Gholdengo|spa|1\n|faint|p1b: Glimmora\n|-damage|p2a: Gholdengo|16\/100|[from] item: Life Orb\n|move|p1a: Goodra|Body Press|p2a: Gholdengo\n|-supereffective|p2a: Gholdengo\n|-damage|p2a: Gholdengo|0 fnt\n|faint|p2a: Gholdengo\n|\n|win|krenitos\n|raw|krenitos's rating: 1030 &rarr; <strong>1073<\/strong><br \/>(+43 for winning)\n|raw|Dhsnabba's rating: 1104 &rarr; <strong>1074<\/strong><br \/>(-30 for losing)\n|l|\u2606Dhsnabba\n","uploadtime":1700747245,"views":2,"p1id":"krenitos","p2id":"dhsnabba","formatid":"gen9vgc2023regulatione","rating":1073,"private":0,"password":""}